{"id":"gen8ou-1045353190","p1":"ferromolybdenum","p2":"ScribbleScribble","format":"gen8ou","log":"|j|\u2606ferromolybdenum\n|j|\u2606ScribbleScribble\n|player|p1|ferromolybdenum|1|1432\n|player|p2|ScribbleScribble|parasollady-gen4|1383\n|teamsize|p1|6\n|teamsize|p2|6\n|gametype|singles\n|gen|8\n|tier|[Gen 8] OU\n|rated|\n|clearpoke\n|poke|p1|Hatterene, F|\n|poke|p1|Seismitoad, F|\n|poke|p1|Corviknight, F|\n|poke|p1|Dragapult, M|\n|poke|p1|Aegislash, F|\n|poke|p1|Clefable, M|\n|poke|p2|Cinderace, M|\n|poke|p2|Toxtricity-Low-Key, F|\n|poke|p2|Rotom-Wash|\n|poke|p2|Corviknight, M|\n|poke|p2|Corsola-Galar, F|\n|poke|p2|Crawdaunt, F|\n|rule|Sleep Clause Mod: Limit one foe put to sleep\n|rule|Species Clause: Limit one of each Pok\u00e9mon\n|rule|OHKO Clause: OHKO moves are banned\n|rule|Evasion Moves Clause: Evasion moves are banned\n|rule|Endless Battle Clause: Forcing endless battles is banned\n|rule|HP Percentage Mod: HP is shown in percentages\n|rule|Dynamax Clause: You cannot dynamax\n|teampreview\n|\n|start\n|switch|p1a: Dragapult|Dragapult, M|100\/100\n|switch|p2a: Lobstar|Crawdaunt, F|100\/100\n|turn|1\n|\n|move|p1a: Dragapult|Thunderbolt|p2a: Lobstar\n|-supereffective|p2a: Lobstar\n|-damage|p2a: Lobstar|0 fnt\n|faint|p2a: Lobstar\n|\n|upkeep\n|\n|switch|p2a: Candice|Toxtricity-Low-Key, F|100\/100\n|turn|2\n|\n|switch|p1a: Aegislash|Aegislash, F|100\/100\n|move|p2a: Candice|Overdrive|p1a: Aegislash\n|-damage|p1a: Aegislash|49\/100\n|\n|-heal|p1a: Aegislash|55\/100|[from] item: Leftovers\n|upkeep\n|turn|3\n|\n|move|p2a: Candice|Overdrive|p1a: Aegislash\n|-damage|p1a: Aegislash|6\/100\n|-formechange|p1a: Aegislash|Aegislash-Blade||[from] ability: Stance Change\n|move|p1a: Aegislash|Shadow Ball|p2a: Candice\n|-damage|p2a: Candice|56\/100\n|\n|-heal|p1a: Aegislash|13\/100|[from] item: Leftovers\n|upkeep\n|turn|4\n|\n|switch|p2a: Quarters|Rotom-Wash, shiny|100\/100\n|-formechange|p1a: Aegislash|Aegislash||[from] ability: Stance Change\n|move|p1a: Aegislash|King's Shield||[still]\n|-fail|p1a: Aegislash\n|\n|-heal|p1a: Aegislash|19\/100|[from] item: Leftovers\n|upkeep\n|turn|5\n|\n|switch|p1a: Seismitoad|Seismitoad, F|100\/100\n|move|p2a: Quarters|Will-O-Wisp|p1a: Seismitoad\n|-status|p1a: Seismitoad|brn\n|\n|-damage|p1a: Seismitoad|94\/100 brn|[from] brn\n|upkeep\n|turn|6\n|\n|switch|p2a: Jey|Corviknight, M, shiny|100\/100\n|-ability|p2a: Jey|Pressure\n|move|p1a: Seismitoad|Stealth Rock|p2a: Jey\n|-sidestart|p2: ScribbleScribble|move: Stealth Rock\n|\n|-heal|p1a: Seismitoad|100\/100 brn|[from] item: Leftovers\n|-damage|p1a: Seismitoad|94\/100 brn|[from] brn\n|upkeep\n|turn|7\n|\n|switch|p1a: Dragapult|Dragapult, M|100\/100\n|move|p2a: Jey|Bulk Up|p2a: Jey\n|-boost|p2a: Jey|atk|1\n|-boost|p2a: Jey|def|1\n|\n|upkeep\n|turn|8\n|\n|move|p1a: Dragapult|Shadow Ball|p2a: Jey\n|-damage|p2a: Jey|67\/100\n|move|p2a: Jey|Brave Bird|p1a: Dragapult\n|-crit|p1a: Dragapult\n|-damage|p1a: Dragapult|0 fnt\n|-damage|p2a: Jey|40\/100|[from] Recoil\n|faint|p1a: Dragapult\n|\n|-heal|p2a: Jey|47\/100|[from] item: Leftovers\n|upkeep\n|\n|switch|p1a: Corviknight|Corviknight, F|100\/100\n|-ability|p1a: Corviknight|Pressure\n|turn|9\n|\n|move|p2a: Jey|Taunt|p1a: Corviknight\n|-start|p1a: Corviknight|move: Taunt\n|move|p1a: Corviknight|Body Press|p2a: Jey\n|-damage|p2a: Jey|31\/100\n|\n|-heal|p2a: Jey|37\/100|[from] item: Leftovers\n|upkeep\n|turn|10\n|\n|switch|p1a: Clefable|Clefable, M|100\/100\n|move|p2a: Jey|Roost|p2a: Jey\n|-heal|p2a: Jey|87\/100\n|-singleturn|p2a: Jey|move: Roost\n|\n|-heal|p2a: Jey|93\/100|[from] item: Leftovers\n|upkeep\n|turn|11\n|\n|move|p2a: Jey|Bulk Up|p2a: Jey\n|-boost|p2a: Jey|atk|1\n|-boost|p2a: Jey|def|1\n|move|p1a: Clefable|Thunder Wave|p2a: Jey\n|-status|p2a: Jey|par\n|\n|-heal|p2a: Jey|99\/100 par|[from] item: Leftovers\n|upkeep\n|turn|12\n|\n|move|p1a: Clefable|Wish|p1a: Clefable\n|cant|p2a: Jey|par\n|\n|-heal|p2a: Jey|100\/100 par|[from] item: Leftovers\n|upkeep\n|turn|13\n|\n|switch|p1a: Aegislash|Aegislash, F|19\/100\n|cant|p2a: Jey|par\n|\n|-heal|p1a: Aegislash|80\/100|[from] move: Wish|[wisher] Clefable\n|-heal|p1a: Aegislash|86\/100|[from] item: Leftovers\n|upkeep\n|turn|14\n|\n|-formechange|p1a: Aegislash|Aegislash-Blade||[from] ability: Stance Change\n|move|p1a: Aegislash|Shadow Ball|p2a: Jey\n|-damage|p2a: Jey|75\/100 par\n|cant|p2a: Jey|par\n|\n|-heal|p1a: Aegislash|92\/100|[from] item: Leftovers\n|-heal|p2a: Jey|82\/100 par|[from] item: Leftovers\n|upkeep\n|turn|15\n|\n|move|p1a: Aegislash|Shadow Ball|p2a: Jey\n|-damage|p2a: Jey|56\/100 par\n|cant|p2a: Jey|par\n|\n|-heal|p1a: Aegislash|98\/100|[from] item: Leftovers\n|-heal|p2a: Jey|62\/100 par|[from] item: Leftovers\n|upkeep\n|turn|16\n|\n|move|p1a: Aegislash|Shadow Ball|p2a: Jey\n|-damage|p2a: Jey|38\/100 par\n|move|p2a: Jey|Roost|p2a: Jey\n|-heal|p2a: Jey|88\/100 par\n|-singleturn|p2a: Jey|move: Roost\n|\n|-heal|p1a: Aegislash|100\/100|[from] item: Leftovers\n|-heal|p2a: Jey|94\/100 par|[from] item: Leftovers\n|upkeep\n|turn|17\n|\n|move|p1a: Aegislash|Shadow Ball|p2a: Jey\n|-damage|p2a: Jey|67\/100 par\n|move|p2a: Jey|Bulk Up|p2a: Jey\n|-boost|p2a: Jey|atk|1\n|-boost|p2a: Jey|def|1\n|\n|-heal|p2a: Jey|73\/100 par|[from] item: Leftovers\n|upkeep\n|turn|18\n|\n|move|p1a: Aegislash|Shadow Ball|p2a: Jey\n|-damage|p2a: Jey|47\/100 par\n|-unboost|p2a: Jey|spd|1\n|move|p2a: Jey|Bulk Up|p2a: Jey\n|-boost|p2a: Jey|atk|1\n|-boost|p2a: Jey|def|1\n|\n|-heal|p2a: Jey|53\/100 par|[from] item: Leftovers\n|upkeep\n|turn|19\n|\n|move|p1a: Aegislash|Shadow Ball|p2a: Jey\n|-damage|p2a: Jey|18\/100 par\n|move|p2a: Jey|Roost|p2a: Jey\n|-heal|p2a: Jey|68\/100 par\n|-singleturn|p2a: Jey|move: Roost\n|\n|-heal|p2a: Jey|74\/100 par|[from] item: Leftovers\n|upkeep\n|turn|20\n|\n|move|p1a: Aegislash|Shadow Ball|p2a: Jey\n|-damage|p2a: Jey|36\/100 par\n|cant|p2a: Jey|par\n|\n|-heal|p2a: Jey|42\/100 par|[from] item: Leftovers\n|upkeep\n|turn|21\n|\n|move|p1a: Aegislash|Shadow Ball|p2a: Jey\n|-damage|p2a: Jey|1\/100 par\n|cant|p2a: Jey|par\n|\n|-heal|p2a: Jey|8\/100 par|[from] item: Leftovers\n|upkeep\n|turn|22\n|\n|move|p1a: Aegislash|Shadow Ball|p2a: Jey\n|-damage|p2a: Jey|0 fnt\n|faint|p2a: Jey\n|\n|upkeep\n|\n|switch|p2a: Hacky Sack|Cinderace, M|100\/100\n|turn|23\n|c|\u2606ferromolybdenum|sorry\n|\n|-formechange|p1a: Aegislash|Aegislash||[from] ability: Stance Change\n|move|p1a: Aegislash|King's Shield|p1a: Aegislash\n|-singleturn|p1a: Aegislash|Protect\n|move|p2a: Hacky Sack|Court Change|p2a: Hacky Sack\n|-sideend|p2: ScribbleScribble|Stealth Rock|[silent]\n|-sidestart|p1: ferromolybdenum|Stealth Rock|[silent]\n|-activate|p2a: Hacky Sack|move: Court Change\n|\n|upkeep\n|turn|24\n|c|\u2606ScribbleScribble|happens\n|\n|switch|p1a: Seismitoad|Seismitoad, F|94\/100 brn\n|-damage|p1a: Seismitoad|88\/100 brn|[from] Stealth Rock\n|move|p2a: Hacky Sack|Pyro Ball|p1a: Seismitoad\n|-resisted|p1a: Seismitoad\n|-crit|p1a: Seismitoad\n|-damage|p1a: Seismitoad|59\/100 brn\n|\n|-heal|p1a: Seismitoad|65\/100 brn|[from] item: Leftovers\n|-damage|p1a: Seismitoad|59\/100 brn|[from] brn\n|upkeep\n|turn|25\n|\n|move|p2a: Hacky Sack|U-turn|p1a: Seismitoad\n|-damage|p1a: Seismitoad|42\/100 brn\n|\n|switch|p2a: Quarters|Rotom-Wash, shiny|100\/100|[from]move: U-turn\n|move|p1a: Seismitoad|Stealth Rock|p2a: Quarters\n|-sidestart|p2: ScribbleScribble|move: Stealth Rock\n|\n|-heal|p1a: Seismitoad|48\/100 brn|[from] item: Leftovers\n|-damage|p1a: Seismitoad|42\/100 brn|[from] brn\n|upkeep\n|turn|26\n|\n|move|p2a: Quarters|Trick|p1a: Seismitoad\n|-activate|p2a: Quarters|move: Trick|[of] p1a: Seismitoad\n|-item|p1a: Seismitoad|Choice Scarf|[from] move: Trick\n|-item|p2a: Quarters|Leftovers|[from] move: Trick\n|move|p1a: Seismitoad|Toxic|p2a: Quarters\n|-status|p2a: Quarters|tox\n|\n|-damage|p2a: Quarters|94\/100 tox|[from] psn\n|-damage|p1a: Seismitoad|36\/100 brn|[from] brn\n|upkeep\n|turn|27\n|\n|switch|p2a: Candice|Toxtricity-Low-Key, F|56\/100\n|-damage|p2a: Candice|43\/100|[from] Stealth Rock\n|move|p1a: Seismitoad|Toxic|p2a: Candice\n|-immune|p2a: Candice\n|\n|-damage|p1a: Seismitoad|29\/100 brn|[from] brn\n|upkeep\n|turn|28\n|\n|move|p1a: Seismitoad|Toxic|p2a: Candice\n|-immune|p2a: Candice\n|move|p2a: Candice|Overdrive|p1a: Seismitoad\n|-immune|p1a: Seismitoad\n|\n|-damage|p1a: Seismitoad|23\/100 brn|[from] brn\n|upkeep\n|turn|29\n|\n|move|p1a: Seismitoad|Toxic|p2a: Candice\n|-immune|p2a: Candice\n|move|p2a: Candice|Overdrive|p1a: Seismitoad\n|-immune|p1a: Seismitoad\n|\n|-damage|p1a: Seismitoad|17\/100 brn|[from] brn\n|upkeep\n|turn|30\n|\n|switch|p1a: Clefable|Clefable, M|100\/100\n|move|p2a: Candice|Overdrive|p1a: Clefable\n|-damage|p1a: Clefable|40\/100\n|\n|-heal|p1a: Clefable|46\/100|[from] item: Leftovers\n|upkeep\n|turn|31\n|\n|switch|p1a: Seismitoad|Seismitoad, F|17\/100 brn\n|-damage|p1a: Seismitoad|11\/100 brn|[from] Stealth Rock\n|move|p2a: Candice|Overdrive|p1a: Seismitoad\n|-immune|p1a: Seismitoad\n|\n|-damage|p1a: Seismitoad|5\/100 brn|[from] brn\n|upkeep\n|turn|32\n|\n|switch|p2a: Quarters|Rotom-Wash, shiny|94\/100 tox\n|-damage|p2a: Quarters|82\/100 tox|[from] Stealth Rock\n|move|p1a: Seismitoad|Earthquake|p2a: Quarters\n|-immune|p2a: Quarters|[from] ability: Levitate\n|\n|-heal|p2a: Quarters|88\/100 tox|[from] item: Leftovers\n|-damage|p2a: Quarters|82\/100 tox|[from] psn\n|-damage|p1a: Seismitoad|0 fnt|[from] brn\n|faint|p1a: Seismitoad\n|upkeep\n|\n|switch|p1a: Clefable|Clefable, M|46\/100\n|turn|33\n|\n|move|p2a: Quarters|Hydro Pump|p1a: Clefable\n|-damage|p1a: Clefable|6\/100\n|move|p1a: Clefable|Wish|p1a: Clefable\n|\n|-heal|p2a: Quarters|88\/100 tox|[from] item: Leftovers\n|-heal|p1a: Clefable|12\/100|[from] item: Leftovers\n|-damage|p2a: Quarters|76\/100 tox|[from] psn\n|upkeep\n|turn|34\n|\n|move|p1a: Clefable|Protect|p1a: Clefable\n|-singleturn|p1a: Clefable|Protect\n|move|p2a: Quarters|Volt Switch|p1a: Clefable\n|-activate|p1a: Clefable|move: Protect\n|\n|-heal|p1a: Clefable|62\/100|[from] move: Wish|[wisher] Clefable\n|-heal|p2a: Quarters|82\/100 tox|[from] item: Leftovers\n|-heal|p1a: Clefable|68\/100|[from] item: Leftovers\n|-damage|p2a: Quarters|63\/100 tox|[from] psn\n|upkeep\n|turn|35\n|\n|move|p2a: Quarters|Volt Switch|p1a: Clefable\n|-damage|p1a: Clefable|45\/100\n|\n|switch|p2a: Hacky Sack|Cinderace, M|100\/100|[from]move: Volt Switch\n|move|p1a: Clefable|Wish|p1a: Clefable\n|\n|-heal|p1a: Clefable|52\/100|[from] item: Leftovers\n|upkeep\n|turn|36\n|\n|move|p1a: Clefable|Protect|p1a: Clefable\n|-singleturn|p1a: Clefable|Protect\n|move|p2a: Hacky Sack|Pyro Ball|p1a: Clefable\n|-activate|p1a: Clefable|move: Protect\n|\n|-heal|p1a: Clefable|100\/100|[from] move: Wish|[wisher] Clefable\n|upkeep\n|turn|37\n|\n|move|p2a: Hacky Sack|U-turn|p1a: Clefable\n|-resisted|p1a: Clefable\n|-damage|p1a: Clefable|91\/100\n|\n|switch|p2a: Quarters|Rotom-Wash, shiny|63\/100 tox|[from]move: U-turn\n|-damage|p2a: Quarters|51\/100 tox|[from] Stealth Rock\n|move|p1a: Clefable|Thunder Wave||[still]\n|-fail|p1a: Clefable\n|\n|-heal|p2a: Quarters|57\/100 tox|[from] item: Leftovers\n|-heal|p1a: Clefable|97\/100|[from] item: Leftovers\n|-damage|p2a: Quarters|51\/100 tox|[from] psn\n|upkeep\n|turn|38\n|\n|move|p2a: Quarters|Volt Switch|p1a: Clefable\n|-damage|p1a: Clefable|71\/100\n|\n|switch|p2a: Candice|Toxtricity-Low-Key, F|43\/100|[from]move: Volt Switch\n|-damage|p2a: Candice|31\/100|[from] Stealth Rock\n|move|p1a: Clefable|Wish|p1a: Clefable\n|\n|-heal|p1a: Clefable|77\/100|[from] item: Leftovers\n|upkeep\n|turn|39\n|\n|switch|p1a: Aegislash|Aegislash, F|100\/100\n|-damage|p1a: Aegislash|94\/100|[from] Stealth Rock\n|move|p2a: Candice|Sludge Wave|p1a: Aegislash\n|-immune|p1a: Aegislash\n|\n|-heal|p1a: Aegislash|100\/100|[from] move: Wish|[wisher] Clefable\n|upkeep\n|turn|40\n|\n|switch|p2a: Quarters|Rotom-Wash, shiny|51\/100 tox\n|-damage|p2a: Quarters|38\/100 tox|[from] Stealth Rock\n|-formechange|p1a: Aegislash|Aegislash-Blade||[from] ability: Stance Change\n|move|p1a: Aegislash|Shadow Ball|p2a: Quarters\n|-damage|p2a: Quarters|0 fnt\n|faint|p2a: Quarters\n|\n|upkeep\n|\n|switch|p2a: Hacky Sack|Cinderace, M|100\/100\n|turn|41\n|\n|-formechange|p1a: Aegislash|Aegislash||[from] ability: Stance Change\n|move|p1a: Aegislash|King's Shield|p1a: Aegislash\n|-singleturn|p1a: Aegislash|Protect\n|move|p2a: Hacky Sack|Pyro Ball|p1a: Aegislash\n|-activate|p1a: Aegislash|move: Protect\n|\n|upkeep\n|turn|42\n|\n|switch|p1a: Hatterene|Hatterene, F|100\/100\n|-damage|p1a: Hatterene|88\/100|[from] Stealth Rock\n|move|p2a: Hacky Sack|Pyro Ball|p1a: Hatterene\n|-damage|p1a: Hatterene|40\/100\n|\n|-heal|p1a: Hatterene|46\/100|[from] item: Leftovers\n|upkeep\n|turn|43\n|\n|move|p2a: Hacky Sack|Pyro Ball|p1a: Hatterene\n|-damage|p1a: Hatterene|0 fnt\n|faint|p1a: Hatterene\n|\n|upkeep\n|\n|switch|p1a: Clefable|Clefable, M|77\/100\n|turn|44\n|\n|switch|p2a: Candice|Toxtricity-Low-Key, F|31\/100\n|-damage|p2a: Candice|18\/100|[from] Stealth Rock\n|move|p1a: Clefable|Wish|p1a: Clefable\n|\n|-heal|p1a: Clefable|83\/100|[from] item: Leftovers\n|upkeep\n|turn|45\n|\n|switch|p1a: Aegislash|Aegislash, F|100\/100\n|-damage|p1a: Aegislash|94\/100|[from] Stealth Rock\n|move|p2a: Candice|Overdrive|p1a: Aegislash\n|-damage|p1a: Aegislash|42\/100\n|\n|-heal|p1a: Aegislash|100\/100|[from] move: Wish|[wisher] Clefable\n|upkeep\n|turn|46\n|\n|move|p2a: Candice|Overdrive|p1a: Aegislash\n|-damage|p1a: Aegislash|56\/100\n|-formechange|p1a: Aegislash|Aegislash-Blade||[from] ability: Stance Change\n|move|p1a: Aegislash|Shadow Ball|p2a: Candice\n|-damage|p2a: Candice|0 fnt\n|faint|p2a: Candice\n|\n|-heal|p1a: Aegislash|62\/100|[from] item: Leftovers\n|upkeep\n|\n|switch|p2a: Hacky Sack|Cinderace, M|100\/100\n|turn|47\n|\n|-formechange|p1a: Aegislash|Aegislash||[from] ability: Stance Change\n|move|p1a: Aegislash|King's Shield|p1a: Aegislash\n|-singleturn|p1a: Aegislash|Protect\n|move|p2a: Hacky Sack|Pyro Ball|p1a: Aegislash\n|-activate|p1a: Aegislash|move: Protect\n|\n|-heal|p1a: Aegislash|68\/100|[from] item: Leftovers\n|upkeep\n|turn|48\n|\n|move|p2a: Hacky Sack|Pyro Ball|p1a: Aegislash\n|-supereffective|p1a: Aegislash\n|-damage|p1a: Aegislash|0 fnt\n|faint|p1a: Aegislash\n|\n|upkeep\n|\n|switch|p1a: Clefable|Clefable, M|83\/100\n|turn|49\n|\n|move|p2a: Hacky Sack|U-turn|p1a: Clefable\n|-resisted|p1a: Clefable\n|-damage|p1a: Clefable|72\/100\n|\n|switch|p2a: Australia|Corsola-Galar, F|100\/100|[from]move: U-turn\n|-damage|p2a: Australia|88\/100|[from] Stealth Rock\n|move|p1a: Clefable|Wish|p1a: Clefable\n|\n|-heal|p1a: Clefable|78\/100|[from] item: Leftovers\n|upkeep\n|turn|50\n|\n|move|p1a: Clefable|Thunder Wave|p2a: Australia\n|-status|p2a: Australia|par\n|move|p2a: Australia|Night Shade|p1a: Clefable\n|-damage|p1a: Clefable|53\/100\n|\n|-heal|p1a: Clefable|100\/100|[from] move: Wish|[wisher] Clefable\n|upkeep\n|turn|51\n|\n|move|p1a: Clefable|Moonblast|p2a: Australia\n|-damage|p2a: Australia|65\/100 par\n|move|p2a: Australia|Night Shade|p1a: Clefable\n|-damage|p1a: Clefable|75\/100\n|\n|-heal|p1a: Clefable|81\/100|[from] item: Leftovers\n|upkeep\n|turn|52\n|\n|move|p1a: Clefable|Moonblast|p2a: Australia\n|-damage|p2a: Australia|41\/100 par\n|-start|p1a: Clefable|Disable|Moonblast|[from] ability: Cursed Body|[of] p2a: Australia\n|-unboost|p2a: Australia|spa|1\n|cant|p2a: Australia|par\n|\n|-heal|p1a: Clefable|87\/100|[from] item: Leftovers\n|upkeep\n|turn|53\n|\n|move|p1a: Clefable|Protect|p1a: Clefable\n|-singleturn|p1a: Clefable|Protect\n|cant|p2a: Australia|par\n|\n|-heal|p1a: Clefable|93\/100|[from] item: Leftovers\n|upkeep\n|turn|54\n|\n|move|p1a: Clefable|Wish|p1a: Clefable\n|cant|p2a: Australia|par\n|\n|-heal|p1a: Clefable|99\/100|[from] item: Leftovers\n|upkeep\n|turn|55\n|\n|move|p1a: Clefable|Protect|p1a: Clefable\n|-singleturn|p1a: Clefable|Protect\n|move|p2a: Australia|Strength Sap|p1a: Clefable\n|-activate|p1a: Clefable|move: Protect\n|\n|-heal|p1a: Clefable|100\/100|[from] move: Wish|[wisher] Clefable\n|-end|p1a: Clefable|Disable\n|upkeep\n|turn|56\n|c|\u2606ScribbleScribble|paralysis has not been nice to me\n|\n|move|p1a: Clefable|Moonblast|p2a: Australia\n|-damage|p2a: Australia|19\/100 par\n|cant|p2a: Australia|par\n|\n|upkeep\n|turn|57\n|c|\u2606ferromolybdenum|lol\n|\n|move|p1a: Clefable|Moonblast|p2a: Australia\n|-damage|p2a: Australia|0 fnt\n|-start|p1a: Clefable|Disable|Moonblast|[from] ability: Cursed Body|[of] p2a: Australia\n|faint|p2a: Australia\n|\n|upkeep\n|\n|switch|p2a: Hacky Sack|Cinderace, M|100\/100\n|turn|58\n|\n|move|p1a: Clefable|Protect|p1a: Clefable\n|-singleturn|p1a: Clefable|Protect\n|move|p2a: Hacky Sack|U-turn|p1a: Clefable\n|-activate|p1a: Clefable|move: Protect\n|\n|upkeep\n|turn|59\n|\n|move|p2a: Hacky Sack|High Jump Kick|p1a: Clefable\n|-resisted|p1a: Clefable\n|-damage|p1a: Clefable|82\/100\n|move|p1a: Clefable|Wish|p1a: Clefable\n|\n|-heal|p1a: Clefable|88\/100|[from] item: Leftovers\n|upkeep\n|turn|60\n|\n|move|p2a: Hacky Sack|U-turn|p1a: Clefable\n|-resisted|p1a: Clefable\n|-damage|p1a: Clefable|78\/100\n|move|p1a: Clefable|Thunder Wave|p2a: Hacky Sack\n|-status|p2a: Hacky Sack|par\n|\n|-heal|p1a: Clefable|100\/100|[from] move: Wish|[wisher] Clefable\n|-end|p1a: Clefable|Disable\n|upkeep\n|turn|61\n|\n|move|p2a: Hacky Sack|Pyro Ball|p1a: Clefable|[miss]\n|-miss|p2a: Hacky Sack|p1a: Clefable\n|move|p1a: Clefable|Moonblast|p2a: Hacky Sack\n|-resisted|p2a: Hacky Sack\n|-damage|p2a: Hacky Sack|79\/100 par\n|-unboost|p2a: Hacky Sack|spa|1\n|\n|upkeep\n|turn|62\n|\n|move|p2a: Hacky Sack|High Jump Kick|p1a: Clefable\n|-resisted|p1a: Clefable\n|-damage|p1a: Clefable|82\/100\n|move|p1a: Clefable|Moonblast|p2a: Hacky Sack\n|-resisted|p2a: Hacky Sack\n|-damage|p2a: Hacky Sack|57\/100 par\n|\n|-heal|p1a: Clefable|88\/100|[from] item: Leftovers\n|upkeep\n|turn|63\n|c|\u2606ScribbleScribble|fml\n|c|\u2606ScribbleScribble|gg\n|-message|ScribbleScribble forfeited.\n|\n|win|ferromolybdenum\n|c|\u2606ferromolybdenum|gg\n|l|\u2606ScribbleScribble\n|raw|ferromolybdenum's rating: 1432 &rarr; <strong>1449<\/strong><br \/>(+17 for winning)\n|raw|ScribbleScribble's rating: 1383 &rarr; <strong>1365<\/strong><br \/>(-18 for losing)\n","uploadtime":1578879919,"views":50,"p1id":"ferromolybdenum","p2id":"scribblescribble","formatid":"gen8ou","rating":1365,"private":0,"password":null}