{"id":"gen8uu-1153381653","p1":"Rorschach I","p2":"Eric Jiang234","format":"gen8uu","log":"|j|\u2606Rorschach I\n|j|\u2606Eric Jiang234\n|player|p1|Rorschach I|cynthia|1568\n|player|p2|Eric Jiang234|skier|1556\n|teamsize|p1|6\n|teamsize|p2|6\n|gametype|singles\n|gen|8\n|tier|[Gen 8] UU\n|rated|\n|clearpoke\n|poke|p1|Terrakion|\n|poke|p1|Kyurem|\n|poke|p1|Crawdaunt, F|\n|poke|p1|Jirachi|\n|poke|p1|Rotom-Wash|\n|poke|p1|Mimikyu, F|\n|poke|p2|Lycanroc-Dusk, M|\n|poke|p2|Sharpedo, F|\n|poke|p2|Copperajah, M|\n|poke|p2|Hatterene, F|\n|poke|p2|Runerigus, M|\n|poke|p2|Exploud, M|\n|rule|Sleep Clause Mod: Limit one foe put to sleep\n|rule|Species Clause: Limit one of each Pok\u00e9mon\n|rule|OHKO Clause: OHKO moves are banned\n|rule|Evasion Moves Clause: Evasion moves are banned\n|rule|Endless Battle Clause: Forcing endless battles is banned\n|rule|HP Percentage Mod: HP is shown in percentages\n|rule|Dynamax Clause: You cannot dynamax\n|teampreview\n|inactive|Battle timer is ON: inactive players will automatically lose when time's up. (requested by Eric Jiang234)\n|c|\u2606Eric Jiang234|Glhf\n|inactive|Rorschach I has 120 seconds left.\n|c|\u2606Rorschach I|u2\n|inactive|Eric Jiang234 has 120 seconds left.\n|\n|start\n|switch|p1a: Rotom|Rotom-Wash|100\/100\n|switch|p2a: Sharpedo|Sharpedo, F|100\/100\n|turn|1\n|\n|move|p2a: Sharpedo|Protect|p2a: Sharpedo\n|-singleturn|p2a: Sharpedo|Protect\n|move|p1a: Rotom|Volt Switch|p2a: Sharpedo\n|-activate|p2a: Sharpedo|move: Protect\n|\n|-ability|p2a: Sharpedo|Speed Boost|boost\n|-boost|p2a: Sharpedo|spe|1\n|upkeep\n|turn|2\n|\n|switch|p2a: Runerigus|Runerigus, M|100\/100\n|move|p1a: Rotom|Volt Switch|p2a: Runerigus\n|-immune|p2a: Runerigus\n|\n|upkeep\n|turn|3\n|\n|switch|p2a: Hatterene|Hatterene, F|100\/100\n|move|p1a: Rotom|Nasty Plot|p1a: Rotom\n|-boost|p1a: Rotom|spa|2\n|\n|upkeep\n|turn|4\n|\n|move|p1a: Rotom|Hydro Pump|p2a: Hatterene|[miss]\n|-miss|p1a: Rotom|p2a: Hatterene\n|move|p2a: Hatterene|Trick Room|p2a: Hatterene\n|-fieldstart|move: Trick Room|[of] p2a: Hatterene\n|\n|upkeep\n|turn|5\n|\n|move|p2a: Hatterene|Calm Mind|p2a: Hatterene\n|-boost|p2a: Hatterene|spa|1\n|-boost|p2a: Hatterene|spd|1\n|move|p1a: Rotom|Volt Switch|p2a: Hatterene\n|-damage|p2a: Hatterene|53\/100\n|\n|switch|p1a: Jirachi|Jirachi|100\/100|[from]move: Volt Switch\n|\n|-heal|p2a: Hatterene|59\/100|[from] item: Leftovers\n|upkeep\n|turn|6\n|\n|switch|p2a: Runerigus|Runerigus, M|100\/100\n|move|p1a: Jirachi|Trick|p2a: Runerigus\n|-activate|p1a: Jirachi|move: Trick|[of] p2a: Runerigus\n|-item|p2a: Runerigus|Choice Scarf|[from] move: Trick\n|-item|p1a: Jirachi|Colbur Berry|[from] move: Trick\n|\n|upkeep\n|turn|7\n|\n|move|p2a: Runerigus|Toxic Spikes|p1a: Jirachi\n|-sidestart|p1: Rorschach I|move: Toxic Spikes\n|move|p1a: Jirachi|U-turn|p2a: Runerigus\n|-resisted|p2a: Runerigus\n|-damage|p2a: Runerigus|92\/100\n|-activate|p2a: Runerigus|ability: Wandering Spirit|Serene Grace|Wandering Spirit|[of] p1a: Jirachi\n|\n|switch|p1a: Rotom|Rotom-Wash|100\/100|[from]move: U-turn\n|\n|upkeep\n|turn|8\n|\n|switch|p2a: Exploud|Exploud, M|100\/100\n|move|p1a: Rotom|Nasty Plot|p1a: Rotom\n|-boost|p1a: Rotom|spa|2\n|\n|-fieldend|move: Trick Room\n|upkeep\n|turn|9\n|\n|move|p1a: Rotom|Hydro Pump|p2a: Exploud\n|-damage|p2a: Exploud|0 fnt\n|faint|p2a: Exploud\n|\n|upkeep\n|\n|switch|p2a: Copperajah|Copperajah, M|100\/100\n|turn|10\n|\n|move|p1a: Rotom|Volt Switch|p2a: Copperajah\n|-damage|p2a: Copperajah|32\/100\n|\n|switch|p1a: Kyurem|Kyurem|100\/100|[from]move: Volt Switch\n|-status|p1a: Kyurem|psn\n|-ability|p1a: Kyurem|Pressure\n|move|p2a: Copperajah|Power Whip|p1a: Kyurem\n|-resisted|p1a: Kyurem\n|-damage|p1a: Kyurem|73\/100 psn\n|-damage|p2a: Copperajah|23\/100|[from] item: Life Orb\n|\n|-damage|p1a: Kyurem|61\/100 psn|[from] psn\n|upkeep\n|turn|11\n|\n|move|p1a: Kyurem|Freeze-Dry|p2a: Copperajah\n|-resisted|p2a: Copperajah\n|-damage|p2a: Copperajah|0 fnt\n|faint|p2a: Copperajah\n|\n|-damage|p1a: Kyurem|48\/100 psn|[from] psn\n|upkeep\n|\n|switch|p2a: Sharpedo|Sharpedo, F|100\/100\n|turn|12\n|\n|switch|p1a: Rotom|Rotom-Wash|100\/100\n|move|p2a: Sharpedo|Protect||[still]\n|-fail|p2a: Sharpedo\n|\n|-ability|p2a: Sharpedo|Speed Boost|boost\n|-boost|p2a: Sharpedo|spe|1\n|upkeep\n|turn|13\n|\n|move|p2a: Sharpedo|Flip Turn|p1a: Rotom\n|-resisted|p1a: Rotom\n|-damage|p1a: Rotom|70\/100\n|-damage|p2a: Sharpedo|91\/100|[from] item: Life Orb\n|\n|switch|p2a: Runerigus|Runerigus, M|92\/100|[from]move: Flip Turn\n|move|p1a: Rotom|Discharge|p2a: Runerigus\n|-immune|p2a: Runerigus\n|\n|-heal|p1a: Rotom|76\/100|[from] item: Leftovers\n|upkeep\n|turn|14\n|\n|move|p1a: Rotom|Hydro Pump|p2a: Runerigus\n|-supereffective|p2a: Runerigus\n|-damage|p2a: Runerigus|16\/100\n|move|p2a: Runerigus|Trick Room|p2a: Runerigus\n|-fieldstart|move: Trick Room|[of] p2a: Runerigus\n|\n|-heal|p1a: Rotom|83\/100|[from] item: Leftovers\n|upkeep\n|turn|15\n|\n|switch|p2a: Hatterene|Hatterene, F|59\/100\n|move|p1a: Rotom|Volt Switch|p2a: Hatterene\n|-damage|p2a: Hatterene|25\/100\n|inactive|Rorschach I has 120 seconds left.\n|\n|switch|p1a: Jirachi|Jirachi|100\/100|[from]move: Volt Switch\n|\n|-heal|p2a: Hatterene|31\/100|[from] item: Leftovers\n|upkeep\n|turn|16\n|\n|switch|p2a: Runerigus|Runerigus, M|16\/100\n|move|p1a: Jirachi|Iron Head|p2a: Runerigus\n|-damage|p2a: Runerigus|0 fnt\n|-activate|p2a: Runerigus|ability: Wandering Spirit|Serene Grace|Wandering Spirit|[of] p1a: Jirachi\n|faint|p2a: Runerigus\n|\n|upkeep\n|\n|switch|p2a: Sharpedo|Sharpedo, F|91\/100\n|turn|17\n|\n|move|p2a: Sharpedo|Crunch|p1a: Jirachi\n|-supereffective|p1a: Jirachi\n|-enditem|p1a: Jirachi|Colbur Berry|[eat]\n|-enditem|p1a: Jirachi|Colbur Berry|[weaken]\n|-damage|p1a: Jirachi|49\/100\n|-unboost|p1a: Jirachi|def|1\n|-activate|p1a: Jirachi|ability: Wandering Spirit|Speed Boost|Wandering Spirit|[of] p2a: Sharpedo\n|-damage|p2a: Sharpedo|81\/100|[from] item: Life Orb\n|move|p1a: Jirachi|U-turn|p2a: Sharpedo\n|-supereffective|p2a: Sharpedo\n|-damage|p2a: Sharpedo|0 fnt\n|-activate|p2a: Sharpedo|ability: Wandering Spirit|Speed Boost|Wandering Spirit|[of] p1a: Jirachi\n|faint|p2a: Sharpedo\n|inactive|Rorschach I has 120 seconds left.\n|\n|switch|p1a: Kyurem|Kyurem|48\/100 psn|[from]move: U-turn\n|-ability|p1a: Kyurem|Pressure\n|\n|-damage|p1a: Kyurem|36\/100 psn|[from] psn\n|upkeep\n|\n|switch|p2a: Hatterene|Hatterene, F|31\/100\n|turn|18\n|\n|move|p2a: Hatterene|Draining Kiss|p1a: Kyurem\n|-supereffective|p1a: Kyurem\n|-damage|p1a: Kyurem|0 fnt\n|-heal|p2a: Hatterene|64\/100|[from] drain|[of] p1a: Kyurem\n|faint|p1a: Kyurem\n|\n|-heal|p2a: Hatterene|70\/100|[from] item: Leftovers\n|-fieldend|move: Trick Room\n|upkeep\n|\n|switch|p1a: Jirachi|Jirachi|49\/100\n|turn|19\n|\n|move|p1a: Jirachi|Iron Head|p2a: Hatterene\n|-supereffective|p2a: Hatterene\n|-damage|p2a: Hatterene|9\/100\n|cant|p2a: Hatterene|flinch\n|\n|-heal|p2a: Hatterene|15\/100|[from] item: Leftovers\n|upkeep\n|turn|20\n|\n|move|p1a: Jirachi|Iron Head|p2a: Hatterene\n|-supereffective|p2a: Hatterene\n|-damage|p2a: Hatterene|0 fnt\n|faint|p2a: Hatterene\n|\n|upkeep\n|\n|switch|p2a: Lycanroc|Lycanroc-Dusk, M|100\/100\n|turn|21\n|\n|move|p2a: Lycanroc|Crunch|p1a: Jirachi\n|-supereffective|p1a: Jirachi\n|-damage|p1a: Jirachi|0 fnt\n|faint|p1a: Jirachi\n|\n|upkeep\n|\n|switch|p1a: Terrakion|Terrakion|100\/100\n|-status|p1a: Terrakion|psn\n|turn|22\n|\n|move|p2a: Lycanroc|Crunch|p1a: Terrakion\n|-resisted|p1a: Terrakion\n|-damage|p1a: Terrakion|72\/100 psn\n|-unboost|p1a: Terrakion|def|1\n|-ability|p1a: Terrakion|Justified|boost\n|-boost|p1a: Terrakion|atk|1\n|move|p1a: Terrakion|Close Combat|p2a: Lycanroc\n|-supereffective|p2a: Lycanroc\n|-damage|p2a: Lycanroc|0 fnt\n|-unboost|p1a: Terrakion|def|1\n|-unboost|p1a: Terrakion|spd|1\n|faint|p2a: Lycanroc\n|\n|win|Rorschach I\n|l|\u2606Eric Jiang234\n","uploadtime":1595081001,"views":35,"p1id":"rorschachi","p2id":"ericjiang234","formatid":"gen8uu","rating":0,"private":0,"password":null}