{"id":"gen8ou-1684742027","p1":"Jamario Mariomario","p2":"mowlawner-bot","format":"gen8ou","log":"|html|<div class=\"broadcast-blue\"><strong>[Gen 8] OU is currently suspecting Melmetal! For information on how to participate check out the <a href=\"https:\/\/www.smogon.com\/forums\/threads\/np-ss-ou-suspect-process-round-12-monster-mash.3709234\/\">suspect thread<\/a>.<\/strong><\/div>\n|j|\u2606Jamario Mariomario\n|j|\u2606mowlawner-bot\n|t:|1665669600\n|gametype|singles\n|player|p1|Jamario Mariomario|bugcatcher|1466\n|player|p2|mowlawner-bot|2|1404\n|teamsize|p1|6\n|teamsize|p2|6\n|gen|8\n|tier|[Gen 8] OU\n|rated|\n|rule|Sleep Clause Mod: Limit one foe put to sleep\n|rule|Species Clause: Limit one of each Pok\u00e9mon\n|rule|OHKO Clause: OHKO moves are banned\n|rule|Evasion Items Clause: Evasion items are banned\n|rule|Evasion Moves Clause: Evasion moves are banned\n|rule|Endless Battle Clause: Forcing endless battles is banned\n|rule|HP Percentage Mod: HP is shown in percentages\n|rule|Dynamax Clause: You cannot dynamax\n|clearpoke\n|poke|p1|Volcanion|\n|poke|p1|Corviknight, F|\n|poke|p1|Mamoswine, M|\n|poke|p1|Blissey, F|\n|poke|p1|Rillaboom, M|\n|poke|p1|Hydreigon, F|\n|poke|p2|Seismitoad, F|\n|poke|p2|Rotom-Heat|\n|poke|p2|Corviknight, M|\n|poke|p2|Hatterene, F|\n|poke|p2|Dragapult, M|\n|poke|p2|Hippowdon, F|\n|teampreview\n|inactive|Battle timer is ON: inactive players will automatically lose when time's up. (requested by Jamario Mariomario)\n|\n|t:|1665669613\n|start\n|switch|p1a: Volcanion|Volcanion|100\/100\n|switch|p2a: rotomheat|Rotom-Heat|100\/100\n|turn|1\n|c|\u2606mowlawner-bot|Hello! I am a bot created to test my creator's coding ability. I may do some strange things during this battle. I cannot respond to your messages. Good luck and have fun!\n|inactive|mowlawner-bot also wants the timer to be on.\n|\n|t:|1665669628\n|switch|p1a: Mamoswine|Mamoswine, M|100\/100\n|move|p2a: rotomheat|Volt Switch|p1a: Mamoswine\n|-immune|p1a: Mamoswine\n|\n|upkeep\n|turn|2\n|\n|t:|1665669634\n|switch|p2a: Corviknight|Corviknight, M|100\/100\n|-ability|p2a: Corviknight|Pressure\n|switch|p1a: Blissey|Blissey, F|100\/100\n|\n|upkeep\n|turn|3\n|\n|t:|1665669636\n|move|p2a: Corviknight|U-turn|p1a: Blissey\n|-damage|p1a: Blissey|88\/100\n|\n|t:|1665669637\n|switch|p2a: Hippowdon|Hippowdon, F|100\/100|[from]move: U-turn\n|-weather|Sandstorm|[from] ability: Sand Stream|[of] p2a: Hippowdon\n|move|p1a: Blissey|Teleport|p1a: Blissey\n|\n|t:|1665669640\n|switch|p1a: Volcanion|Volcanion|100\/100|[from]move: Teleport\n|\n|-weather|Sandstorm|[upkeep]\n|-damage|p1a: Volcanion|95\/100|[from] Sandstorm\n|upkeep\n|turn|4\n|\n|t:|1665669646\n|switch|p2a: Seismitoad|Seismitoad, F|100\/100\n|move|p1a: Volcanion|Earth Power|p2a: Seismitoad\n|-damage|p2a: Seismitoad|42\/100\n|\n|-weather|Sandstorm|[upkeep]\n|-damage|p1a: Volcanion|89\/100|[from] Sandstorm\n|upkeep\n|turn|5\n|\n|t:|1665669649\n|switch|p2a: Hatterene|Hatterene, F|100\/100\n|move|p1a: Volcanion|Earth Power|p2a: Hatterene\n|-damage|p2a: Hatterene|72\/100\n|-unboost|p2a: Hatterene|spd|1\n|\n|-weather|Sandstorm|[upkeep]\n|-damage|p1a: Volcanion|83\/100|[from] Sandstorm\n|-damage|p2a: Hatterene|66\/100|[from] Sandstorm\n|upkeep\n|turn|6\n|\n|t:|1665669654\n|move|p1a: Volcanion|Earth Power|p2a: Hatterene\n|-damage|p2a: Hatterene|24\/100\n|move|p2a: Hatterene|Psychic|p1a: Volcanion\n|-damage|p1a: Volcanion|27\/100\n|\n|-weather|Sandstorm|[upkeep]\n|-damage|p1a: Volcanion|21\/100|[from] Sandstorm\n|-damage|p2a: Hatterene|18\/100|[from] Sandstorm\n|upkeep\n|turn|7\n|\n|t:|1665669656\n|switch|p2a: Corviknight|Corviknight, M|100\/100\n|-ability|p2a: Corviknight|Pressure\n|move|p1a: Volcanion|Earth Power|p2a: Corviknight\n|-immune|p2a: Corviknight\n|\n|-weather|none\n|upkeep\n|turn|8\n|\n|t:|1665669659\n|switch|p1a: Corviknight|Corviknight, F|100\/100\n|-ability|p1a: Corviknight|Pressure\n|move|p2a: Corviknight|Defog|p1a: Corviknight\n|-unboost|p1a: Corviknight|evasion|1\n|\n|upkeep\n|turn|9\n|\n|t:|1665669661\n|move|p2a: Corviknight|U-turn|p1a: Corviknight\n|-resisted|p1a: Corviknight\n|-damage|p1a: Corviknight|98\/100\n|-damage|p2a: Corviknight|84\/100|[from] item: Rocky Helmet|[of] p1a: Corviknight\n|\n|t:|1665669662\n|switch|p2a: rotomheat|Rotom-Heat|100\/100|[from]move: U-turn\n|move|p1a: Corviknight|U-turn|p2a: rotomheat\n|-resisted|p2a: rotomheat\n|-damage|p2a: rotomheat|91\/100\n|\n|t:|1665669668\n|switch|p1a: Hydreigon|Hydreigon, F|100\/100|[from]move: U-turn\n|\n|upkeep\n|turn|10\n|\n|t:|1665669671\n|switch|p2a: Hatterene|Hatterene, F|18\/100\n|move|p1a: Hydreigon|Dark Pulse|p2a: Hatterene\n|-damage|p2a: Hatterene|0 fnt\n|faint|p2a: Hatterene\n|-damage|p1a: Hydreigon|91\/100|[from] item: Life Orb\n|\n|upkeep\n|\n|t:|1665669672\n|switch|p2a: Dragapult|Dragapult, M|100\/100\n|turn|11\n|\n|t:|1665669675\n|switch|p1a: Blissey|Blissey, F|88\/100\n|move|p2a: Dragapult|Draco Meteor|p1a: Blissey\n|-damage|p1a: Blissey|55\/100\n|-unboost|p2a: Dragapult|spa|2\n|\n|upkeep\n|turn|12\n|\n|t:|1665669679\n|switch|p2a: Corviknight|Corviknight, M|84\/100\n|-ability|p2a: Corviknight|Pressure\n|move|p1a: Blissey|Soft-Boiled|p1a: Blissey\n|-heal|p1a: Blissey|100\/100\n|\n|-heal|p2a: Corviknight|90\/100|[from] item: Leftovers\n|upkeep\n|turn|13\n|\n|t:|1665669681\n|move|p2a: Corviknight|U-turn|p1a: Blissey\n|-damage|p1a: Blissey|89\/100\n|\n|t:|1665669682\n|switch|p2a: Hippowdon|Hippowdon, F|100\/100|[from]move: U-turn\n|-weather|Sandstorm|[from] ability: Sand Stream|[of] p2a: Hippowdon\n|move|p1a: Blissey|Teleport|p1a: Blissey\n|\n|t:|1665669693\n|switch|p1a: Rillaboom|Rillaboom, M|100\/100|[from]move: Teleport\n|-fieldstart|move: Grassy Terrain|[from] ability: Grassy Surge|[of] p1a: Rillaboom\n|\n|-weather|Sandstorm|[upkeep]\n|-damage|p1a: Rillaboom|94\/100|[from] Sandstorm\n|-heal|p1a: Rillaboom|100\/100|[from] Grassy Terrain\n|upkeep\n|turn|14\n|\n|t:|1665669699\n|switch|p2a: Corviknight|Corviknight, M|90\/100\n|-ability|p2a: Corviknight|Pressure\n|move|p1a: Rillaboom|U-turn|p2a: Corviknight\n|-resisted|p2a: Corviknight\n|-crit|p2a: Corviknight\n|-damage|p2a: Corviknight|81\/100\n|\n|t:|1665669703\n|switch|p1a: Hydreigon|Hydreigon, F|91\/100|[from]move: U-turn\n|\n|-weather|Sandstorm|[upkeep]\n|-damage|p1a: Hydreigon|84\/100|[from] Sandstorm\n|-heal|p2a: Corviknight|87\/100|[from] item: Leftovers\n|upkeep\n|turn|15\n|\n|t:|1665669705\n|move|p1a: Hydreigon|Dark Pulse|p2a: Corviknight\n|-damage|p2a: Corviknight|45\/100\n|-damage|p1a: Hydreigon|75\/100|[from] item: Life Orb\n|move|p2a: Corviknight|U-turn|p1a: Hydreigon\n|-supereffective|p1a: Hydreigon\n|-damage|p1a: Hydreigon|41\/100\n|\n|t:|1665669705\n|switch|p2a: Dragapult|Dragapult, M|100\/100|[from]move: U-turn\n|\n|-weather|Sandstorm|[upkeep]\n|-damage|p2a: Dragapult|95\/100|[from] Sandstorm\n|-damage|p1a: Hydreigon|35\/100|[from] Sandstorm\n|-heal|p2a: Dragapult|100\/100|[from] Grassy Terrain\n|upkeep\n|turn|16\n|\n|t:|1665669714\n|switch|p1a: Corviknight|Corviknight, F|98\/100\n|-ability|p1a: Corviknight|Pressure\n|move|p2a: Dragapult|Draco Meteor|p1a: Corviknight\n|-resisted|p1a: Corviknight\n|-damage|p1a: Corviknight|50\/100\n|-unboost|p2a: Dragapult|spa|2\n|\n|-weather|Sandstorm|[upkeep]\n|-damage|p2a: Dragapult|95\/100|[from] Sandstorm\n|-heal|p2a: Dragapult|100\/100|[from] Grassy Terrain\n|upkeep\n|turn|17\n|\n|t:|1665669716\n|switch|p2a: Corviknight|Corviknight, M|45\/100\n|-ability|p2a: Corviknight|Pressure\n|move|p1a: Corviknight|Roost|p1a: Corviknight\n|-heal|p1a: Corviknight|99\/100\n|-singleturn|p1a: Corviknight|move: Roost\n|\n|-weather|none\n|-heal|p2a: Corviknight|51\/100|[from] item: Leftovers\n|-heal|p1a: Corviknight|100\/100|[from] Grassy Terrain\n|-fieldend|move: Grassy Terrain\n|upkeep\n|turn|18\n|\n|t:|1665669718\n|move|p2a: Corviknight|Roost|p2a: Corviknight\n|-heal|p2a: Corviknight|100\/100\n|-singleturn|p2a: Corviknight|move: Roost\n|move|p1a: Corviknight|U-turn|p2a: Corviknight\n|-resisted|p2a: Corviknight\n|-damage|p2a: Corviknight|96\/100\n|\n|t:|1665669720\n|switch|p1a: Volcanion|Volcanion|21\/100|[from]move: U-turn\n|\n|-heal|p2a: Corviknight|100\/100|[from] item: Leftovers\n|upkeep\n|turn|19\n|\n|t:|1665669722\n|switch|p2a: Dragapult|Dragapult, M|100\/100\n|move|p1a: Volcanion|Fire Blast|p2a: Dragapult\n|-resisted|p2a: Dragapult\n|-damage|p2a: Dragapult|31\/100\n|\n|upkeep\n|turn|20\n|\n|t:|1665669725\n|switch|p1a: Blissey|Blissey, F|89\/100\n|move|p2a: Dragapult|Draco Meteor|p1a: Blissey|[miss]\n|-miss|p2a: Dragapult|p1a: Blissey\n|\n|upkeep\n|turn|21\n|\n|t:|1665669727\n|move|p2a: Dragapult|Draco Meteor|p1a: Blissey\n|-damage|p1a: Blissey|55\/100\n|-unboost|p2a: Dragapult|spa|2\n|move|p1a: Blissey|Teleport|p1a: Blissey\n|\n|t:|1665669731\n|switch|p1a: Mamoswine|Mamoswine, M|100\/100|[from]move: Teleport\n|\n|upkeep\n|turn|22\n|\n|t:|1665669738\n|switch|p2a: rotomheat|Rotom-Heat|91\/100\n|move|p1a: Mamoswine|Stealth Rock|p2a: rotomheat\n|-sidestart|p2: mowlawner-bot|move: Stealth Rock\n|\n|upkeep\n|turn|23\n|\n|t:|1665669744\n|switch|p1a: Blissey|Blissey, F|55\/100\n|move|p2a: rotomheat|Overheat|p1a: Blissey\n|-damage|p1a: Blissey|34\/100\n|-unboost|p2a: rotomheat|spa|2\n|\n|upkeep\n|turn|24\n|\n|t:|1665669747\n|move|p2a: rotomheat|Overheat|p1a: Blissey\n|-damage|p1a: Blissey|24\/100\n|-unboost|p2a: rotomheat|spa|2\n|move|p1a: Blissey|Soft-Boiled|p1a: Blissey\n|-heal|p1a: Blissey|74\/100\n|\n|upkeep\n|turn|25\n|\n|t:|1665669750\n|switch|p2a: Dragapult|Dragapult, M|31\/100\n|-damage|p2a: Dragapult|19\/100|[from] Stealth Rock\n|move|p1a: Blissey|Toxic|p2a: Dragapult\n|-status|p2a: Dragapult|tox\n|\n|-damage|p2a: Dragapult|13\/100 tox|[from] psn\n|upkeep\n|turn|26\n|\n|t:|1665669751\n|move|p2a: Dragapult|U-turn|p1a: Blissey\n|-damage|p1a: Blissey|60\/100\n|\n|t:|1665669752\n|switch|p2a: Corviknight|Corviknight, M|100\/100|[from]move: U-turn\n|-damage|p2a: Corviknight|88\/100|[from] Stealth Rock\n|-ability|p2a: Corviknight|Pressure\n|move|p1a: Blissey|Soft-Boiled|p1a: Blissey\n|-heal|p1a: Blissey|100\/100\n|\n|-heal|p2a: Corviknight|94\/100|[from] item: Leftovers\n|upkeep\n|turn|27\n|\n|t:|1665669754\n|move|p2a: Corviknight|Defog|p1a: Blissey\n|-unboost|p1a: Blissey|evasion|1\n|-sideend|p2: mowlawner-bot|Stealth Rock|[from] move: Defog|[of] p2a: Corviknight\n|move|p1a: Blissey|Teleport|p1a: Blissey\n|\n|t:|1665669755\n|switch|p1a: Volcanion|Volcanion|21\/100|[from]move: Teleport\n|\n|-heal|p2a: Corviknight|100\/100|[from] item: Leftovers\n|upkeep\n|turn|28\n|\n|t:|1665669757\n|switch|p2a: Dragapult|Dragapult, M|13\/100 tox\n|move|p1a: Volcanion|Fire Blast|p2a: Dragapult\n|-resisted|p2a: Dragapult\n|-damage|p2a: Dragapult|0 fnt\n|faint|p2a: Dragapult\n|\n|upkeep\n|\n|t:|1665669758\n|switch|p2a: rotomheat|Rotom-Heat|91\/100\n|turn|29\n|\n|t:|1665669761\n|switch|p1a: Mamoswine|Mamoswine, M|100\/100\n|move|p2a: rotomheat|Volt Switch|p1a: Mamoswine\n|-immune|p1a: Mamoswine\n|\n|upkeep\n|turn|30\n|\n|t:|1665669764\n|switch|p1a: Blissey|Blissey, F|100\/100\n|move|p2a: rotomheat|Volt Switch|p1a: Blissey\n|-damage|p1a: Blissey|88\/100\n|\n|t:|1665669764\n|switch|p2a: Hippowdon|Hippowdon, F|100\/100|[from]move: Volt Switch\n|-weather|Sandstorm|[from] ability: Sand Stream|[of] p2a: Hippowdon\n|\n|-weather|Sandstorm|[upkeep]\n|-damage|p1a: Blissey|82\/100|[from] Sandstorm\n|upkeep\n|turn|31\n|\n|t:|1665669766\n|move|p1a: Blissey|Toxic|p2a: Hippowdon\n|-status|p2a: Hippowdon|tox\n|move|p2a: Hippowdon|Stealth Rock|p1a: Blissey\n|-sidestart|p1: Jamario Mariomario|move: Stealth Rock\n|\n|-weather|Sandstorm|[upkeep]\n|-damage|p1a: Blissey|76\/100|[from] Sandstorm\n|-damage|p2a: Hippowdon|94\/100 tox|[from] psn\n|upkeep\n|turn|32\n|\n|t:|1665669768\n|switch|p2a: Corviknight|Corviknight, M|100\/100\n|-ability|p2a: Corviknight|Pressure\n|move|p1a: Blissey|Teleport|p1a: Blissey\n|\n|t:|1665669770\n|switch|p1a: Corviknight|Corviknight, F|100\/100|[from]move: Teleport\n|-damage|p1a: Corviknight|88\/100|[from] Stealth Rock\n|-ability|p1a: Corviknight|Pressure\n|\n|-weather|Sandstorm|[upkeep]\n|upkeep\n|turn|33\n|\n|t:|1665669772\n|switch|p2a: Hippowdon|Hippowdon, F|94\/100 tox\n|move|p1a: Corviknight|Defog|p2a: Hippowdon\n|-unboost|p2a: Hippowdon|evasion|1\n|-sideend|p1: Jamario Mariomario|Stealth Rock|[from] move: Defog|[of] p1a: Corviknight\n|\n|-weather|Sandstorm|[upkeep]\n|-damage|p2a: Hippowdon|88\/100 tox|[from] psn\n|upkeep\n|turn|34\n|\n|t:|1665669775\n|switch|p2a: rotomheat|Rotom-Heat|91\/100\n|move|p1a: Corviknight|Body Press|p2a: rotomheat\n|-damage|p2a: rotomheat|57\/100\n|\n|-weather|none\n|upkeep\n|turn|35\n|\n|t:|1665669780\n|switch|p1a: Mamoswine|Mamoswine, M|100\/100\n|move|p2a: rotomheat|Overheat|p1a: Mamoswine\n|-supereffective|p1a: Mamoswine\n|-damage|p1a: Mamoswine|14\/100\n|-unboost|p2a: rotomheat|spa|2\n|\n|upkeep\n|turn|36\n|\n|t:|1665669784\n|move|p2a: rotomheat|Overheat|p1a: Mamoswine\n|-supereffective|p1a: Mamoswine\n|-damage|p1a: Mamoswine|0 fnt\n|-unboost|p2a: rotomheat|spa|2\n|faint|p1a: Mamoswine\n|\n|upkeep\n|\n|t:|1665669786\n|switch|p1a: Hydreigon|Hydreigon, F|35\/100\n|turn|37\n|\n|t:|1665669788\n|move|p2a: rotomheat|Overheat|p1a: Hydreigon|[miss]\n|-miss|p2a: rotomheat|p1a: Hydreigon\n|move|p1a: Hydreigon|Roost|p1a: Hydreigon\n|-heal|p1a: Hydreigon|85\/100\n|-singleturn|p1a: Hydreigon|move: Roost\n|\n|upkeep\n|turn|38\n|\n|t:|1665669792\n|move|p2a: rotomheat|Overheat|p1a: Hydreigon\n|-resisted|p1a: Hydreigon\n|-damage|p1a: Hydreigon|75\/100\n|-unboost|p2a: rotomheat|spa|2\n|move|p1a: Hydreigon|Nasty Plot|p1a: Hydreigon\n|-boost|p1a: Hydreigon|spa|2\n|\n|upkeep\n|turn|39\n|\n|t:|1665669794\n|switch|p2a: Hippowdon|Hippowdon, F|88\/100 tox\n|-weather|Sandstorm|[from] ability: Sand Stream|[of] p2a: Hippowdon\n|move|p1a: Hydreigon|Nasty Plot|p1a: Hydreigon\n|-boost|p1a: Hydreigon|spa|2\n|\n|-weather|Sandstorm|[upkeep]\n|-damage|p1a: Hydreigon|69\/100|[from] Sandstorm\n|-damage|p2a: Hippowdon|82\/100 tox|[from] psn\n|upkeep\n|turn|40\n|\n|t:|1665669796\n|move|p1a: Hydreigon|Dark Pulse|p2a: Hippowdon\n|-damage|p2a: Hippowdon|0 fnt\n|faint|p2a: Hippowdon\n|-damage|p1a: Hydreigon|59\/100|[from] item: Life Orb\n|\n|-weather|Sandstorm|[upkeep]\n|-damage|p1a: Hydreigon|53\/100|[from] Sandstorm\n|upkeep\n|\n|t:|1665669796\n|switch|p2a: rotomheat|Rotom-Heat|57\/100\n|turn|41\n|\n|t:|1665669799\n|move|p2a: rotomheat|Overheat|p1a: Hydreigon|[miss]\n|-miss|p2a: rotomheat|p1a: Hydreigon\n|move|p1a: Hydreigon|Roost|p1a: Hydreigon\n|-heal|p1a: Hydreigon|100\/100\n|-singleturn|p1a: Hydreigon|move: Roost\n|\n|-weather|Sandstorm|[upkeep]\n|-damage|p2a: rotomheat|51\/100|[from] Sandstorm\n|-damage|p1a: Hydreigon|94\/100|[from] Sandstorm\n|upkeep\n|turn|42\n|\n|t:|1665669801\n|move|p2a: rotomheat|Overheat|p1a: Hydreigon\n|-resisted|p1a: Hydreigon\n|-damage|p1a: Hydreigon|62\/100\n|-unboost|p2a: rotomheat|spa|2\n|move|p1a: Hydreigon|Dark Pulse|p2a: rotomheat\n|-damage|p2a: rotomheat|0 fnt\n|faint|p2a: rotomheat\n|-damage|p1a: Hydreigon|52\/100|[from] item: Life Orb\n|\n|-weather|Sandstorm|[upkeep]\n|-damage|p1a: Hydreigon|46\/100|[from] Sandstorm\n|upkeep\n|\n|t:|1665669801\n|switch|p2a: Corviknight|Corviknight, M|100\/100\n|-ability|p2a: Corviknight|Pressure\n|turn|43\n|\n|t:|1665669803\n|switch|p2a: Seismitoad|Seismitoad, F|42\/100\n|move|p1a: Hydreigon|Dark Pulse|p2a: Seismitoad\n|-damage|p2a: Seismitoad|0 fnt\n|faint|p2a: Seismitoad\n|-damage|p1a: Hydreigon|36\/100|[from] item: Life Orb\n|\n|-weather|none\n|upkeep\n|\n|t:|1665669803\n|switch|p2a: Corviknight|Corviknight, M|100\/100\n|-ability|p2a: Corviknight|Pressure\n|turn|44\n|\n|t:|1665669805\n|move|p1a: Hydreigon|Dark Pulse|p2a: Corviknight\n|-damage|p2a: Corviknight|0 fnt\n|faint|p2a: Corviknight\n|-damage|p1a: Hydreigon|27\/100|[from] item: Life Orb\n|\n|win|Jamario Mariomario\n|raw|Jamario Mariomario's rating: 1466 &rarr; <strong>1482<\/strong><br \/>(+16 for winning)\n|raw|mowlawner-bot's rating: 1404 &rarr; <strong>1388<\/strong><br \/>(-16 for losing)\n|c|\u2606mowlawner-bot|Thanks for playing against me!\n","uploadtime":1665669807,"views":2,"p1id":"jamariomariomario","p2id":"mowlawnerbot","formatid":"gen8ou","rating":1388,"private":0,"password":null}