{"id":"gen8nationaldex-1445111495","p1":"Hikari-miyako","p2":"Mitymouse11","format":"gen8nationaldex","log":"|j|\u2606Hikari-miyako\n|j|\u2606Mitymouse11\n|t:|1635554549\n|gametype|singles\n|player|p1|Hikari-miyako|ariana|1635\n|player|p2|Mitymouse11|170|1711\n|teamsize|p1|6\n|teamsize|p2|6\n|gen|8\n|tier|[Gen 8] National Dex\n|rated|\n|rule|HP Percentage Mod: HP is shown in percentages\n|rule|Endless Battle Clause: Forcing endless battles is banned\n|rule|OHKO Clause: OHKO moves are banned\n|rule|Evasion Moves Clause: Evasion moves are banned\n|rule|Species Clause: Limit one of each Pok\u00e9mon\n|rule|Dynamax Clause: You cannot dynamax\n|rule|Sleep Clause Mod: Limit one foe put to sleep\n|clearpoke\n|poke|p1|Aegislash, M|\n|poke|p1|Diancie|\n|poke|p1|Thundurus, M|\n|poke|p1|Greninja, M|\n|poke|p1|Bisharp, M|\n|poke|p1|Serperior, M|\n|poke|p2|Pelipper, F|\n|poke|p2|Slowking-Galar, M|\n|poke|p2|Moltres-Galar|\n|poke|p2|Swampert, F|\n|poke|p2|Araquanid, F|\n|poke|p2|Kingdra, M|\n|teampreview\n|\n|t:|1635554557\n|start\n|switch|p1a: Bisharp|Bisharp, M|100\/100\n|switch|p2a: Pelipper|Pelipper, F|100\/100\n|-weather|RainDance|[from] ability: Drizzle|[of] p2a: Pelipper\n|turn|1\n|\n|t:|1635554561\n|move|p1a: Bisharp|Stealth Rock|p2a: Pelipper\n|-sidestart|p2: Mitymouse11|move: Stealth Rock\n|move|p2a: Pelipper|Scald|p1a: Bisharp\n|-damage|p1a: Bisharp|50\/100\n|\n|-weather|RainDance|[upkeep]\n|upkeep\n|turn|2\n|\n|t:|1635554565\n|move|p1a: Bisharp|Knock Off|p2a: Pelipper\n|-damage|p2a: Pelipper|62\/100\n|-enditem|p2a: Pelipper|Damp Rock|[from] move: Knock Off|[of] p1a: Bisharp\n|move|p2a: Pelipper|Scald|p1a: Bisharp\n|-damage|p1a: Bisharp|0 fnt\n|faint|p1a: Bisharp\n|\n|-weather|RainDance|[upkeep]\n|upkeep\n|\n|t:|1635554570\n|switch|p1a: Thundurus|Thundurus, M|100\/100\n|turn|3\n|\n|t:|1635554573\n|switch|p2a: Slowking|Slowking-Galar, M|100\/100\n|move|p1a: Thundurus|Thunderbolt|p2a: Slowking\n|-damage|p2a: Slowking|55\/100\n|-damage|p1a: Thundurus|91\/100|[from] item: Life Orb\n|\n|-weather|RainDance|[upkeep]\n|upkeep\n|turn|4\n|\n|t:|1635554580\n|move|p1a: Thundurus|Thunder Wave|p2a: Slowking\n|-status|p2a: Slowking|par\n|move|p2a: Slowking|Trick Room|p2a: Slowking\n|-fieldstart|move: Trick Room|[of] p2a: Slowking\n|\n|-weather|RainDance|[upkeep]\n|upkeep\n|turn|5\n|\n|t:|1635554585\n|switch|p2a: Swampert|Swampert, F|100\/100\n|-damage|p2a: Swampert|94\/100|[from] Stealth Rock\n|switch|p1a: Aegislash|Aegislash, M|100\/100\n|\n|-weather|RainDance|[upkeep]\n|upkeep\n|turn|6\n|\n|t:|1635554596\n|detailschange|p2a: Swampert|Swampert-Mega, F\n|-mega|p2a: Swampert|Swampert|Swampertite\n|-formechange|p1a: Aegislash|Aegislash-Blade||[from] ability: Stance Change\n|move|p1a: Aegislash|Shadow Ball|p2a: Swampert\n|-damage|p2a: Swampert|49\/100\n|move|p2a: Swampert|Earthquake|p1a: Aegislash\n|-supereffective|p1a: Aegislash\n|-damage|p1a: Aegislash|0 fnt\n|faint|p1a: Aegislash\n|\n|-weather|RainDance|[upkeep]\n|upkeep\n|j| Impreca\n|\n|t:|1635554600\n|switch|p1a: Greninja|Greninja, M|100\/100\n|turn|7\n|j| Gall Sus\n|\n|t:|1635554607\n|move|p1a: Greninja|Dark Pulse|p2a: Swampert\n|-damage|p2a: Swampert|4\/100\n|move|p2a: Swampert|Earthquake|p1a: Greninja\n|-damage|p1a: Greninja|0 fnt\n|faint|p1a: Greninja\n|\n|-weather|RainDance|[upkeep]\n|upkeep\n|\n|t:|1635554614\n|switch|p1a: Thundurus|Thundurus, M|91\/100\n|turn|8\n|\n|t:|1635554617\n|move|p1a: Thundurus|Hidden Power|p2a: Swampert\n|-damage|p2a: Swampert|0 fnt\n|faint|p2a: Swampert\n|-damage|p1a: Thundurus|81\/100|[from] item: Life Orb\n|\n|-weather|none\n|-fieldend|move: Trick Room\n|upkeep\n|\n|t:|1635554622\n|switch|p2a: Slowking|Slowking-Galar, M|88\/100 par\n|turn|9\n|\n|t:|1635554632\n|switch|p1a: Diancie|Diancie|100\/100\n|move|p2a: Slowking|Trick Room|p2a: Slowking\n|-fieldstart|move: Trick Room|[of] p2a: Slowking\n|\n|upkeep\n|turn|10\n|\n|t:|1635554636\n|switch|p2a: Pelipper|Pelipper, F|62\/100\n|-damage|p2a: Pelipper|37\/100|[from] Stealth Rock\n|-weather|RainDance|[from] ability: Drizzle|[of] p2a: Pelipper\n|detailschange|p1a: Diancie|Diancie-Mega\n|-mega|p1a: Diancie|Diancie|Diancite\n|move|p1a: Diancie|Diamond Storm|p2a: Pelipper\n|-supereffective|p2a: Pelipper\n|-damage|p2a: Pelipper|0 fnt\n|faint|p2a: Pelipper\n|\n|-weather|RainDance|[upkeep]\n|upkeep\n|\n|t:|1635554637\n|switch|p2a: Araquanid|Araquanid, F|100\/100\n|-damage|p2a: Araquanid|76\/100|[from] Stealth Rock\n|turn|11\n|\n|t:|1635554646\n|move|p2a: Araquanid|Liquidation|p1a: Diancie\n|-supereffective|p1a: Diancie\n|-damage|p1a: Diancie|0 fnt\n|faint|p1a: Diancie\n|\n|-weather|RainDance|[upkeep]\n|upkeep\n|\n|t:|1635554649\n|switch|p1a: Thundurus|Thundurus, M|81\/100\n|turn|12\n|\n|t:|1635554651\n|move|p1a: Thundurus|Thunder Wave|p2a: Araquanid\n|-status|p2a: Araquanid|par\n|move|p2a: Araquanid|Liquidation|p1a: Thundurus\n|-damage|p1a: Thundurus|0 fnt\n|faint|p1a: Thundurus\n|\n|-weather|RainDance|[upkeep]\n|upkeep\n|\n|t:|1635554653\n|switch|p1a: Serperior|Serperior, M|100\/100\n|turn|13\n|\n|t:|1635554655\n|move|p2a: Araquanid|Liquidation|p1a: Serperior\n|-resisted|p1a: Serperior\n|-damage|p1a: Serperior|6\/100\n|move|p1a: Serperior|Leaf Storm|p2a: Araquanid|[miss]\n|-miss|p1a: Serperior|p2a: Araquanid\n|\n|-weather|RainDance|[upkeep]\n|-fieldend|move: Trick Room\n|upkeep\n|turn|14\n|\n|t:|1635554657\n|move|p1a: Serperior|Leaf Storm|p2a: Araquanid\n|-damage|p2a: Araquanid|35\/100 par\n|-boost|p1a: Serperior|spa|2\n|cant|p2a: Araquanid|par\n|\n|-weather|none\n|upkeep\n|turn|15\n|\n|t:|1635554660\n|move|p1a: Serperior|Leaf Storm|p2a: Araquanid\n|-damage|p2a: Araquanid|0 fnt\n|-boost|p1a: Serperior|spa|2\n|faint|p2a: Araquanid\n|\n|upkeep\n|\n|t:|1635554666\n|switch|p2a: Moltres|Moltres-Galar|100\/100\n|-damage|p2a: Moltres|76\/100|[from] Stealth Rock\n|turn|16\n|\n|t:|1635554671\n|move|p1a: Serperior|Leaf Storm|p2a: Moltres\n|-resisted|p2a: Moltres\n|-damage|p2a: Moltres|5\/100\n|-boost|p1a: Serperior|spa|2\n|-ability|p2a: Moltres|Berserk|boost\n|-boost|p2a: Moltres|spa|1\n|move|p2a: Moltres|Fiery Wrath|p1a: Serperior\n|-damage|p1a: Serperior|0 fnt\n|faint|p1a: Serperior\n|\n|win|Mitymouse11\n|raw|Hikari-miyako's rating: 1657 &rarr; <strong>1640<\/strong><br \/>(-17 for losing)\n|raw|Mitymouse11's rating: 1711 &rarr; <strong>1728<\/strong><br \/>(+17 for winning)\n|l|\u2606Hikari-miyako\n|l| Impreca\n|l|\u2606Mitymouse11\n","uploadtime":1635554719,"views":33,"p1id":"hikarimiyako","p2id":"mitymouse11","formatid":"gen8nationaldex","rating":1640,"private":0,"password":null}