{"id":"gen8battlefactory-1700797204","p1":"Kama Rupastra","p2":"yokobaby","format":"gen8battlefactory","log":"|j|\u2606Kama Rupastra\n|j|\u2606yokobaby\n|t:|1667387002\n|gametype|singles\n|player|p1|Kama Rupastra|elesa-masters|\n|player|p2|yokobaby|cynthia-masters|\n|teamsize|p1|6\n|teamsize|p2|6\n|gen|8\n|tier|[Gen 8] Battle Factory\n|rated|Tournament battle\n|rule|Sleep Clause Mod: Limit one foe put to sleep\n|rule|Species Clause: Limit one of each Pok\u00e9mon\n|rule|OHKO Clause: OHKO moves are banned\n|rule|Evasion Items Clause: Evasion items are banned\n|rule|Evasion Moves Clause: Evasion moves are banned\n|rule|Endless Battle Clause: Forcing endless battles is banned\n|rule|HP Percentage Mod: HP is shown in percentages\n|rule|Dynamax Clause: You cannot dynamax\n|clearpoke\n|poke|p1|Perrserker, F|\n|poke|p1|Whimsicott, M|\n|poke|p1|Ninjask, F|\n|poke|p1|Coalossal, F|\n|poke|p1|Magneton|\n|poke|p1|Qwilfish, M|\n|poke|p2|Shiftry, F|\n|poke|p2|Coalossal, F|\n|poke|p2|Gigalith, F|\n|poke|p2|Haunter, F|\n|poke|p2|Jolteon, M|\n|poke|p2|Quagsire, F|\n|teampreview\n|\n|t:|1667387021\n|start\n|switch|p1a: Qwilfish|Qwilfish, M|334\/334\n|switch|p2a: Gigalith|Gigalith, F|374\/374\n|-ability|p1a: Qwilfish|Intimidate|boost\n|-unboost|p2a: Gigalith|atk|1\n|-weather|Sandstorm|[from] ability: Sand Stream|[of] p2a: Gigalith\n|turn|1\n|inactive|Battle timer is ON: inactive players will automatically lose when time's up. (requested by Kama Rupastra)\n|\n|t:|1667387028\n|move|p1a: Qwilfish|Taunt|p2a: Gigalith\n|-start|p2a: Gigalith|move: Taunt\n|cant|p2a: Gigalith|move: Taunt|Stealth Rock\n|\n|-weather|Sandstorm|[upkeep]\n|-damage|p1a: Qwilfish|314\/334|[from] Sandstorm\n|-heal|p1a: Qwilfish|334\/334|[from] item: Black Sludge\n|upkeep\n|turn|2\n|\n|t:|1667387032\n|move|p1a: Qwilfish|Spikes|p2a: Gigalith\n|-sidestart|p2: yokobaby|Spikes\n|move|p2a: Gigalith|Stone Edge|p1a: Qwilfish|[miss]\n|-miss|p2a: Gigalith|p1a: Qwilfish\n|\n|-weather|Sandstorm|[upkeep]\n|-damage|p1a: Qwilfish|314\/334|[from] Sandstorm\n|-heal|p1a: Qwilfish|334\/334|[from] item: Black Sludge\n|upkeep\n|turn|3\n|j| qianjiu\u7396\u5c3e\n|\n|t:|1667387035\n|move|p1a: Qwilfish|Spikes|p2a: Gigalith\n|-sidestart|p2: yokobaby|Spikes\n|move|p2a: Gigalith|Earthquake|p1a: Qwilfish\n|-supereffective|p1a: Qwilfish\n|-damage|p1a: Qwilfish|188\/334\n|\n|-weather|Sandstorm|[upkeep]\n|-damage|p1a: Qwilfish|168\/334|[from] Sandstorm\n|-heal|p1a: Qwilfish|188\/334|[from] item: Black Sludge\n|-end|p2a: Gigalith|move: Taunt\n|upkeep\n|turn|4\n|\n|t:|1667387040\n|switch|p2a: Coalossal|Coalossal, F|424\/424\n|move|p1a: Qwilfish|Taunt|p2a: Coalossal\n|-start|p2a: Coalossal|move: Taunt\n|\n|-weather|Sandstorm|[upkeep]\n|-damage|p1a: Qwilfish|168\/334|[from] Sandstorm\n|-heal|p1a: Qwilfish|188\/334|[from] item: Black Sludge\n|upkeep\n|turn|5\n|\n|t:|1667387043\n|move|p1a: Qwilfish|Waterfall|p2a: Coalossal\n|-supereffective|p2a: Coalossal\n|-damage|p2a: Coalossal|132\/424\n|move|p2a: Coalossal|Rapid Spin|p1a: Qwilfish\n|-damage|p1a: Qwilfish|151\/334\n|-boost|p2a: Coalossal|spe|1\n|-sideend|p2: yokobaby|Spikes|[from] move: Rapid Spin|[of] p2a: Coalossal\n|\n|-weather|none\n|-heal|p1a: Qwilfish|171\/334|[from] item: Black Sludge\n|upkeep\n|turn|6\n|\n|t:|1667387066\n|switch|p2a: Haunter|Haunter, F|231\/231\n|move|p1a: Qwilfish|Spikes|p2a: Haunter\n|-sidestart|p2: yokobaby|Spikes\n|\n|-heal|p1a: Qwilfish|191\/334|[from] item: Black Sludge\n|upkeep\n|turn|7\n|\n|t:|1667387072\n|move|p2a: Haunter|Shadow Ball|p1a: Qwilfish\n|-damage|p1a: Qwilfish|0 fnt\n|faint|p1a: Qwilfish\n|\n|upkeep\n|\n|t:|1667387093\n|switch|p1a: Coalossal|Coalossal, F|424\/424\n|turn|8\n|j| dawdfrsfe\n|\n|t:|1667387101\n|switch|p2a: Coalossal|Coalossal, F|132\/424\n|move|p1a: Coalossal|Stealth Rock|p2a: Coalossal\n|-sidestart|p2: yokobaby|move: Stealth Rock\n|\n|upkeep\n|turn|9\n|l| dawdfrsfe\n|\n|t:|1667387105\n|move|p2a: Coalossal|Rapid Spin|p1a: Coalossal\n|-resisted|p1a: Coalossal\n|-crit|p1a: Coalossal\n|-damage|p1a: Coalossal|402\/424\n|-boost|p2a: Coalossal|spe|1\n|-sideend|p2: yokobaby|Spikes|[from] move: Rapid Spin|[of] p2a: Coalossal\n|-sideend|p2: yokobaby|Stealth Rock|[from] move: Rapid Spin|[of] p2a: Coalossal\n|move|p1a: Coalossal|Rock Blast|p2a: Coalossal|[miss]\n|-miss|p1a: Coalossal|p2a: Coalossal\n|\n|upkeep\n|turn|10\n|\n|t:|1667387121\n|move|p2a: Coalossal|Spikes|p1a: Coalossal\n|-sidestart|p1: Kama Rupastra|Spikes\n|move|p1a: Coalossal|Rock Blast|p2a: Coalossal|[miss]\n|-miss|p1a: Coalossal|p2a: Coalossal\n|\n|upkeep\n|turn|11\n|\n|t:|1667387124\n|move|p2a: Coalossal|Spikes|p1a: Coalossal\n|-sidestart|p1: Kama Rupastra|Spikes\n|move|p1a: Coalossal|Rapid Spin|p2a: Coalossal\n|-resisted|p2a: Coalossal\n|-damage|p2a: Coalossal|118\/424\n|-boost|p1a: Coalossal|spe|1\n|-sideend|p1: Kama Rupastra|Spikes|[from] move: Rapid Spin|[of] p1a: Coalossal\n|\n|upkeep\n|turn|12\n|\n|t:|1667387126\n|move|p2a: Coalossal|Spikes|p1a: Coalossal\n|-sidestart|p1: Kama Rupastra|Spikes\n|move|p1a: Coalossal|Rock Blast|p2a: Coalossal\n|-supereffective|p2a: Coalossal\n|-damage|p2a: Coalossal|80\/424\n|-supereffective|p2a: Coalossal\n|-damage|p2a: Coalossal|38\/424\n|-supereffective|p2a: Coalossal\n|-crit|p2a: Coalossal\n|-damage|p2a: Coalossal|0 fnt\n|faint|p2a: Coalossal\n|-hitcount|p2: Coalossal|3\n|\n|upkeep\n|\n|t:|1667387133\n|switch|p2a: Gigalith|Gigalith, F|374\/374\n|-weather|Sandstorm|[from] ability: Sand Stream|[of] p2a: Gigalith\n|turn|13\n|\n|t:|1667387145\n|move|p1a: Coalossal|Stealth Rock|p2a: Gigalith\n|-sidestart|p2: yokobaby|move: Stealth Rock\n|move|p2a: Gigalith|Stealth Rock|p1a: Coalossal\n|-sidestart|p1: Kama Rupastra|move: Stealth Rock\n|\n|-weather|Sandstorm|[upkeep]\n|upkeep\n|turn|14\n|\n|t:|1667387149\n|move|p1a: Coalossal|Rapid Spin|p2a: Gigalith\n|-resisted|p2a: Gigalith\n|-damage|p2a: Gigalith|362\/374\n|-boost|p1a: Coalossal|spe|1\n|-sideend|p1: Kama Rupastra|Spikes|[from] move: Rapid Spin|[of] p1a: Coalossal\n|-sideend|p1: Kama Rupastra|Stealth Rock|[from] move: Rapid Spin|[of] p1a: Coalossal\n|move|p2a: Gigalith|Earthquake|p1a: Coalossal\n|-supereffective|p1a: Coalossal\n|-damage|p1a: Coalossal|38\/424\n|\n|-weather|Sandstorm|[upkeep]\n|-heal|p2a: Gigalith|374\/374|[from] item: Leftovers\n|upkeep\n|turn|15\n|\n|t:|1667387152\n|move|p1a: Coalossal|Rock Blast|p2a: Gigalith\n|-damage|p2a: Gigalith|355\/374\n|-damage|p2a: Gigalith|336\/374\n|-damage|p2a: Gigalith|318\/374\n|-hitcount|p2a: Gigalith|3\n|move|p2a: Gigalith|Stealth Rock|p1a: Coalossal\n|-sidestart|p1: Kama Rupastra|move: Stealth Rock\n|\n|-weather|Sandstorm|[upkeep]\n|-heal|p2a: Gigalith|341\/374|[from] item: Leftovers\n|upkeep\n|turn|16\n|\n|t:|1667387157\n|move|p1a: Coalossal|Rapid Spin|p2a: Gigalith\n|-resisted|p2a: Gigalith\n|-damage|p2a: Gigalith|327\/374\n|-boost|p1a: Coalossal|spe|1\n|-sideend|p1: Kama Rupastra|Stealth Rock|[from] move: Rapid Spin|[of] p1a: Coalossal\n|move|p2a: Gigalith|Stealth Rock|p1a: Coalossal\n|-sidestart|p1: Kama Rupastra|move: Stealth Rock\n|\n|-weather|Sandstorm|[upkeep]\n|-heal|p2a: Gigalith|350\/374|[from] item: Leftovers\n|upkeep\n|turn|17\n|\n|t:|1667387167\n|move|p1a: Coalossal|Rock Blast|p2a: Gigalith\n|-damage|p2a: Gigalith|332\/374\n|-damage|p2a: Gigalith|311\/374\n|-damage|p2a: Gigalith|292\/374\n|-damage|p2a: Gigalith|271\/374\n|-damage|p2a: Gigalith|250\/374\n|-hitcount|p2a: Gigalith|5\n|move|p2a: Gigalith|Toxic|p1a: Coalossal\n|-status|p1a: Coalossal|tox\n|\n|-weather|none\n|-heal|p2a: Gigalith|273\/374|[from] item: Leftovers\n|-damage|p1a: Coalossal|12\/424 tox|[from] psn\n|upkeep\n|turn|18\n|\n|t:|1667387178\n|switch|p1a: Whimsicott|Whimsicott, M|324\/324\n|-damage|p1a: Whimsicott|284\/324|[from] Stealth Rock\n|move|p2a: Gigalith|Stealth Rock||[still]\n|-fail|p2a: Gigalith\n|\n|-heal|p1a: Whimsicott|304\/324|[from] item: Leftovers\n|-heal|p2a: Gigalith|296\/374|[from] item: Leftovers\n|upkeep\n|turn|19\n|\n|t:|1667387185\n|switch|p2a: Haunter|Haunter, F|231\/231\n|-damage|p2a: Haunter|203\/231|[from] Stealth Rock\n|move|p1a: Whimsicott|Substitute|p1a: Whimsicott\n|-start|p1a: Whimsicott|Substitute\n|-damage|p1a: Whimsicott|223\/324\n|\n|-heal|p1a: Whimsicott|243\/324|[from] item: Leftovers\n|upkeep\n|turn|20\n|\n|t:|1667387191\n|move|p1a: Whimsicott|Leech Seed|p2a: Haunter\n|-start|p2a: Haunter|move: Leech Seed\n|move|p2a: Haunter|Shadow Ball|p1a: Whimsicott\n|-end|p1a: Whimsicott|Substitute\n|\n|-heal|p1a: Whimsicott|263\/324|[from] item: Leftovers\n|-damage|p2a: Haunter|175\/231|[from] Leech Seed|[of] p1a: Whimsicott\n|-heal|p1a: Whimsicott|291\/324|[silent]\n|upkeep\n|turn|21\n|\n|t:|1667387198\n|switch|p2a: Shiftry|Shiftry, F|383\/383\n|move|p1a: Whimsicott|Substitute|p1a: Whimsicott\n|-start|p1a: Whimsicott|Substitute\n|-damage|p1a: Whimsicott|210\/324\n|\n|-heal|p1a: Whimsicott|230\/324|[from] item: Leftovers\n|upkeep\n|turn|22\n|\n|t:|1667387204\n|move|p1a: Whimsicott|Moonblast|p2a: Shiftry\n|-supereffective|p2a: Shiftry\n|-damage|p2a: Shiftry|131\/383\n|-unboost|p2a: Shiftry|spa|1\n|move|p2a: Shiftry|Knock Off|p1a: Whimsicott\n|-resisted|p1a: Whimsicott\n|-activate|p1a: Whimsicott|move: Substitute|[damage]\n|\n|-heal|p1a: Whimsicott|250\/324|[from] item: Leftovers\n|upkeep\n|turn|23\n|\n|t:|1667387214\n|switch|p2a: Gigalith|Gigalith, F|296\/374\n|-damage|p2a: Gigalith|250\/374|[from] Stealth Rock\n|-weather|Sandstorm|[from] ability: Sand Stream|[of] p2a: Gigalith\n|move|p1a: Whimsicott|Moonblast|p2a: Gigalith\n|-damage|p2a: Gigalith|202\/374\n|-unboost|p2a: Gigalith|spa|1\n|\n|-weather|Sandstorm|[upkeep]\n|-damage|p1a: Whimsicott|230\/324|[from] Sandstorm\n|-heal|p1a: Whimsicott|250\/324|[from] item: Leftovers\n|-heal|p2a: Gigalith|225\/374|[from] item: Leftovers\n|upkeep\n|turn|24\n|\n|t:|1667387220\n|switch|p2a: Shiftry|Shiftry, F|131\/383\n|move|p1a: Whimsicott|Leech Seed|p2a: Shiftry\n|-immune|p2a: Shiftry\n|\n|-weather|Sandstorm|[upkeep]\n|-damage|p1a: Whimsicott|230\/324|[from] Sandstorm\n|-damage|p2a: Shiftry|108\/383|[from] Sandstorm\n|-heal|p1a: Whimsicott|250\/324|[from] item: Leftovers\n|upkeep\n|turn|25\n|\n|t:|1667387225\n|switch|p2a: Haunter|Haunter, F|175\/231\n|-damage|p2a: Haunter|147\/231|[from] Stealth Rock\n|move|p1a: Whimsicott|Moonblast|p2a: Haunter\n|-resisted|p2a: Haunter\n|-damage|p2a: Haunter|73\/231\n|\n|-weather|Sandstorm|[upkeep]\n|-damage|p2a: Haunter|59\/231|[from] Sandstorm\n|-damage|p1a: Whimsicott|230\/324|[from] Sandstorm\n|-heal|p1a: Whimsicott|250\/324|[from] item: Leftovers\n|upkeep\n|turn|26\n|\n|t:|1667387230\n|move|p2a: Haunter|Sludge Bomb|p1a: Whimsicott\n|-supereffective|p1a: Whimsicott\n|-end|p1a: Whimsicott|Substitute\n|move|p1a: Whimsicott|Moonblast|p2a: Haunter\n|-resisted|p2a: Haunter\n|-damage|p2a: Haunter|0 fnt\n|faint|p2a: Haunter\n|\n|-weather|Sandstorm|[upkeep]\n|-damage|p1a: Whimsicott|230\/324|[from] Sandstorm\n|-heal|p1a: Whimsicott|250\/324|[from] item: Leftovers\n|upkeep\n|\n|t:|1667387234\n|switch|p2a: Jolteon|Jolteon, M|271\/271\n|turn|27\n|\n|t:|1667387240\n|move|p1a: Whimsicott|Leech Seed|p2a: Jolteon\n|-start|p2a: Jolteon|move: Leech Seed\n|move|p2a: Jolteon|Shadow Ball|p1a: Whimsicott\n|-damage|p1a: Whimsicott|138\/324\n|\n|-weather|none\n|-heal|p1a: Whimsicott|158\/324|[from] item: Leftovers\n|-damage|p2a: Jolteon|238\/271|[from] Leech Seed|[of] p1a: Whimsicott\n|-heal|p1a: Whimsicott|191\/324|[silent]\n|upkeep\n|turn|28\n|\n|t:|1667387251\n|move|p1a: Whimsicott|Substitute|p1a: Whimsicott\n|-start|p1a: Whimsicott|Substitute\n|-damage|p1a: Whimsicott|110\/324\n|move|p2a: Jolteon|Volt Switch|p1a: Whimsicott\n|-resisted|p1a: Whimsicott\n|-activate|p1a: Whimsicott|move: Substitute|[damage]\n|\n|t:|1667387256\n|switch|p2a: Gigalith|Gigalith, F|225\/374\n|-damage|p2a: Gigalith|179\/374|[from] Stealth Rock\n|-weather|Sandstorm|[from] ability: Sand Stream|[of] p2a: Gigalith\n|\n|-weather|Sandstorm|[upkeep]\n|-damage|p1a: Whimsicott|90\/324|[from] Sandstorm\n|-heal|p1a: Whimsicott|110\/324|[from] item: Leftovers\n|-heal|p2a: Gigalith|202\/374|[from] item: Leftovers\n|upkeep\n|turn|29\n|\n|t:|1667387264\n|move|p1a: Whimsicott|Leech Seed|p2a: Gigalith\n|-start|p2a: Gigalith|move: Leech Seed\n|move|p2a: Gigalith|Stone Edge|p1a: Whimsicott|[miss]\n|-miss|p2a: Gigalith|p1a: Whimsicott\n|\n|-weather|Sandstorm|[upkeep]\n|-damage|p1a: Whimsicott|90\/324|[from] Sandstorm\n|-heal|p1a: Whimsicott|110\/324|[from] item: Leftovers\n|-heal|p2a: Gigalith|225\/374|[from] item: Leftovers\n|-damage|p2a: Gigalith|179\/374|[from] Leech Seed|[of] p1a: Whimsicott\n|-heal|p1a: Whimsicott|156\/324|[silent]\n|upkeep\n|turn|30\n|\n|t:|1667387271\n|switch|p2a: Jolteon|Jolteon, M|238\/271\n|move|p1a: Whimsicott|Moonblast|p2a: Jolteon\n|-damage|p2a: Jolteon|150\/271\n|\n|-weather|Sandstorm|[upkeep]\n|-damage|p2a: Jolteon|134\/271|[from] Sandstorm\n|-damage|p1a: Whimsicott|136\/324|[from] Sandstorm\n|-heal|p1a: Whimsicott|156\/324|[from] item: Leftovers\n|upkeep\n|turn|31\n|\n|t:|1667387276\n|move|p1a: Whimsicott|Leech Seed|p2a: Jolteon\n|-start|p2a: Jolteon|move: Leech Seed\n|move|p2a: Jolteon|Shadow Ball|p1a: Whimsicott\n|-end|p1a: Whimsicott|Substitute\n|\n|-weather|Sandstorm|[upkeep]\n|-damage|p2a: Jolteon|118\/271|[from] Sandstorm\n|-damage|p1a: Whimsicott|136\/324|[from] Sandstorm\n|-heal|p1a: Whimsicott|156\/324|[from] item: Leftovers\n|-damage|p2a: Jolteon|85\/271|[from] Leech Seed|[of] p1a: Whimsicott\n|-heal|p1a: Whimsicott|189\/324|[silent]\n|upkeep\n|turn|32\n|\n|t:|1667387283\n|move|p1a: Whimsicott|Substitute|p1a: Whimsicott\n|-start|p1a: Whimsicott|Substitute\n|-damage|p1a: Whimsicott|108\/324\n|move|p2a: Jolteon|Shadow Ball|p1a: Whimsicott\n|-end|p1a: Whimsicott|Substitute\n|\n|-weather|none\n|-heal|p1a: Whimsicott|128\/324|[from] item: Leftovers\n|-damage|p2a: Jolteon|52\/271|[from] Leech Seed|[of] p1a: Whimsicott\n|-heal|p1a: Whimsicott|161\/324|[silent]\n|upkeep\n|turn|33\n|\n|t:|1667387290\n|move|p1a: Whimsicott|Substitute|p1a: Whimsicott\n|-start|p1a: Whimsicott|Substitute\n|-damage|p1a: Whimsicott|80\/324\n|move|p2a: Jolteon|Shadow Ball|p1a: Whimsicott\n|-end|p1a: Whimsicott|Substitute\n|\n|-heal|p1a: Whimsicott|100\/324|[from] item: Leftovers\n|-damage|p2a: Jolteon|19\/271|[from] Leech Seed|[of] p1a: Whimsicott\n|-heal|p1a: Whimsicott|133\/324|[silent]\n|upkeep\n|turn|34\n|j| abingzxcvb\n|\n|t:|1667387297\n|move|p1a: Whimsicott|Substitute|p1a: Whimsicott\n|-start|p1a: Whimsicott|Substitute\n|-damage|p1a: Whimsicott|52\/324\n|move|p2a: Jolteon|Shadow Ball|p1a: Whimsicott\n|-end|p1a: Whimsicott|Substitute\n|\n|-heal|p1a: Whimsicott|72\/324|[from] item: Leftovers\n|-damage|p2a: Jolteon|0 fnt|[from] Leech Seed|[of] p1a: Whimsicott\n|-heal|p1a: Whimsicott|91\/324|[silent]\n|faint|p2a: Jolteon\n|upkeep\n|\n|t:|1667387302\n|switch|p2a: Gigalith|Gigalith, F|179\/374\n|-damage|p2a: Gigalith|133\/374|[from] Stealth Rock\n|-weather|Sandstorm|[from] ability: Sand Stream|[of] p2a: Gigalith\n|turn|35\n|\n|t:|1667387308\n|move|p1a: Whimsicott|Leech Seed|p2a: Gigalith\n|-start|p2a: Gigalith|move: Leech Seed\n|move|p2a: Gigalith|Stone Edge|p1a: Whimsicott\n|-damage|p1a: Whimsicott|0 fnt\n|faint|p1a: Whimsicott\n|\n|-weather|Sandstorm|[upkeep]\n|-heal|p2a: Gigalith|156\/374|[from] item: Leftovers\n|upkeep\n|\n|t:|1667387317\n|switch|p1a: Coalossal|Coalossal, F|12\/424 tox\n|turn|36\n|\n|t:|1667387328\n|move|p1a: Coalossal|Rapid Spin|p2a: Gigalith\n|-resisted|p2a: Gigalith\n|-damage|p2a: Gigalith|143\/374\n|-boost|p1a: Coalossal|spe|1\n|-sideend|p1: Kama Rupastra|Stealth Rock|[from] move: Rapid Spin|[of] p1a: Coalossal\n|move|p2a: Gigalith|Earthquake|p1a: Coalossal\n|-supereffective|p1a: Coalossal\n|-damage|p1a: Coalossal|0 fnt\n|faint|p1a: Coalossal\n|\n|-weather|Sandstorm|[upkeep]\n|-heal|p2a: Gigalith|166\/374|[from] item: Leftovers\n|upkeep\n|\n|t:|1667387334\n|switch|p1a: Perrserker|Perrserker, F|281\/281\n|turn|37\n|\n|t:|1667387338\n|switch|p2a: Quagsire|Quagsire, F|394\/394\n|-damage|p2a: Quagsire|370\/394|[from] Stealth Rock\n|move|p1a: Perrserker|Iron Head|p2a: Quagsire\n|-resisted|p2a: Quagsire\n|-damage|p2a: Quagsire|239\/394\n|\n|-weather|Sandstorm|[upkeep]\n|-heal|p2a: Quagsire|263\/394|[from] item: Leftovers\n|upkeep\n|turn|38\n|\n|t:|1667387341\n|switch|p1a: Ninjask|Ninjask, F|301\/301\n|move|p2a: Quagsire|Recover|p2a: Quagsire\n|-heal|p2a: Quagsire|394\/394\n|\n|-weather|Sandstorm|[upkeep]\n|-damage|p1a: Ninjask|283\/301|[from] Sandstorm\n|upkeep\n|turn|39\n|\n|t:|1667387346\n|move|p1a: Ninjask|Swords Dance|p1a: Ninjask\n|-boost|p1a: Ninjask|atk|2\n|move|p2a: Quagsire|Toxic|p1a: Ninjask\n|-status|p1a: Ninjask|tox\n|\n|-weather|none\n|-damage|p1a: Ninjask|265\/301 tox|[from] psn\n|-ability|p1a: Ninjask|Speed Boost|boost\n|-boost|p1a: Ninjask|spe|1\n|upkeep\n|turn|40\n|\n|t:|1667387348\n|move|p1a: Ninjask|Dual Wingbeat|p2a: Quagsire\n|-damage|p2a: Quagsire|346\/394\n|-damage|p2a: Quagsire|295\/394\n|-hitcount|p2a: Quagsire|2\n|move|p2a: Quagsire|Scald|p1a: Ninjask\n|-damage|p1a: Ninjask|165\/301 tox\n|\n|-heal|p2a: Quagsire|319\/394|[from] item: Leftovers\n|-damage|p1a: Ninjask|129\/301 tox|[from] psn\n|-ability|p1a: Ninjask|Speed Boost|boost\n|-boost|p1a: Ninjask|spe|1\n|upkeep\n|turn|41\n|\n|t:|1667387351\n|move|p1a: Ninjask|Dual Wingbeat|p2a: Quagsire\n|-damage|p2a: Quagsire|274\/394\n|-damage|p2a: Quagsire|225\/394\n|-hitcount|p2a: Quagsire|2\n|move|p2a: Quagsire|Recover|p2a: Quagsire\n|-heal|p2a: Quagsire|394\/394\n|\n|-damage|p1a: Ninjask|75\/301 tox|[from] psn\n|-ability|p1a: Ninjask|Speed Boost|boost\n|-boost|p1a: Ninjask|spe|1\n|upkeep\n|turn|42\n|\n|t:|1667387353\n|move|p1a: Ninjask|Dual Wingbeat|p2a: Quagsire\n|-damage|p2a: Quagsire|346\/394\n|-damage|p2a: Quagsire|300\/394\n|-hitcount|p2a: Quagsire|2\n|move|p2a: Quagsire|Scald|p1a: Ninjask\n|-crit|p1a: Ninjask\n|-damage|p1a: Ninjask|0 fnt\n|faint|p1a: Ninjask\n|\n|-heal|p2a: Quagsire|324\/394|[from] item: Leftovers\n|upkeep\n|\n|t:|1667387356\n|switch|p1a: Perrserker|Perrserker, F|281\/281\n|turn|43\n|\n|t:|1667387359\n|move|p1a: Perrserker|Seed Bomb|p2a: Quagsire\n|-supereffective|p2a: Quagsire\n|-damage|p2a: Quagsire|0 fnt\n|faint|p2a: Quagsire\n|\n|upkeep\n|\n|t:|1667387362\n|switch|p2a: Shiftry|Shiftry, F|108\/383\n|turn|44\n|\n|t:|1667387369\n|move|p2a: Shiftry|Synthesis|p2a: Shiftry\n|-heal|p2a: Shiftry|299\/383\n|move|p1a: Perrserker|Seed Bomb|p2a: Shiftry\n|-resisted|p2a: Shiftry\n|-damage|p2a: Shiftry|222\/383\n|\n|upkeep\n|turn|45\n|\n|t:|1667387373\n|switch|p1a: Magneton|Magneton|241\/241\n|move|p2a: Shiftry|Synthesis|p2a: Shiftry\n|-heal|p2a: Shiftry|383\/383\n|\n|upkeep\n|turn|46\n|\n|t:|1667387376\n|move|p2a: Shiftry|Knock Off|p1a: Magneton\n|-damage|p1a: Magneton|130\/241\n|-enditem|p1a: Magneton|Choice Specs|[from] move: Knock Off|[of] p2a: Shiftry\n|move|p1a: Magneton|Flash Cannon|p2a: Shiftry\n|-damage|p2a: Shiftry|110\/383\n|\n|upkeep\n|turn|47\n|\n|t:|1667387384\n|switch|p2a: Gigalith|Gigalith, F|166\/374\n|-damage|p2a: Gigalith|120\/374|[from] Stealth Rock\n|-weather|Sandstorm|[from] ability: Sand Stream|[of] p2a: Gigalith\n|move|p1a: Magneton|Flash Cannon|p2a: Gigalith\n|-supereffective|p2a: Gigalith\n|-damage|p2a: Gigalith|0 fnt\n|faint|p2a: Gigalith\n|\n|-weather|Sandstorm|[upkeep]\n|upkeep\n|\n|t:|1667387387\n|switch|p2a: Shiftry|Shiftry, F|110\/383\n|turn|48\n|\n|t:|1667387389\n|move|p2a: Shiftry|Leaf Storm|p1a: Magneton\n|-resisted|p1a: Magneton\n|-damage|p1a: Magneton|36\/241\n|-unboost|p2a: Shiftry|spa|2\n|move|p1a: Magneton|Flash Cannon|p2a: Shiftry\n|-damage|p2a: Shiftry|0 fnt\n|faint|p2a: Shiftry\n|\n|win|Kama Rupastra\n|n|\u2606Kama Rupastra|kamarupastra\n|n|\u2606yokobaby|yokobaby\n|n| qianjiu\u7396\u5c3e|qianjiu\n|n| abingzxcvb|abingzxcvb\n","uploadtime":1667387390,"views":6,"p1id":"kamarupastra","p2id":"yokobaby","formatid":"gen8battlefactory","rating":0,"private":0,"password":null}