{"id":"gen8ubers-1706961001","p1":"Monkey Poxxy","p2":"FritzyHeroes","format":"gen8ubers","log":"|j|\u2606Monkey Poxxy\n|j|\u2606FritzyHeroes\n|t:|1668036598\n|gametype|singles\n|player|p1|Monkey Poxxy|backpacker|1111\n|player|p2|FritzyHeroes|lucas|1274\n|teamsize|p1|6\n|teamsize|p2|6\n|gen|8\n|tier|[Gen 8] Ubers\n|rated|\n|rule|Sleep Clause Mod: Limit one foe put to sleep\n|rule|Species Clause: Limit one of each Pok\u00e9mon\n|rule|OHKO Clause: OHKO moves are banned\n|rule|Evasion Items Clause: Evasion items are banned\n|rule|Evasion Moves Clause: Evasion moves are banned\n|rule|Endless Battle Clause: Forcing endless battles is banned\n|rule|HP Percentage Mod: HP is shown in percentages\n|rule|Dynamax Clause: You cannot dynamax\n|clearpoke\n|poke|p1|Blissey, F|\n|poke|p1|Dracovish|\n|poke|p1|Cinderace, F|\n|poke|p1|Celesteela|\n|poke|p1|Accelgor, M|\n|poke|p1|Calyrex-Shadow|\n|poke|p2|Shuckle, F|\n|poke|p2|Marshadow|\n|poke|p2|Calyrex-Shadow|\n|poke|p2|Eternatus|\n|poke|p2|Necrozma-Dusk-Mane|\n|poke|p2|Yveltal|\n|teampreview\n|inactive|Battle timer is ON: inactive players will automatically lose when time's up. (requested by FritzyHeroes)\n|\n|t:|1668036605\n|start\n|switch|p1a: Accelgor|Accelgor, M|100\/100\n|switch|p2a: Shuckle|Shuckle, F|100\/100\n|turn|1\n|\n|t:|1668036619\n|move|p1a: Accelgor|Knock Off|p2a: Shuckle\n|-damage|p2a: Shuckle|93\/100\n|-enditem|p2a: Shuckle|Mental Herb|[from] move: Knock Off|[of] p1a: Accelgor\n|move|p2a: Shuckle|Encore|p1a: Accelgor\n|-start|p1a: Accelgor|Encore\n|\n|upkeep\n|turn|2\n|\n|t:|1668036636\n|move|p1a: Accelgor|Knock Off|p2a: Shuckle\n|-damage|p2a: Shuckle|87\/100\n|move|p2a: Shuckle|Sticky Web|p1a: Accelgor\n|-sidestart|p1: Monkey Poxxy|move: Sticky Web\n|\n|upkeep\n|turn|3\n|\n|t:|1668036641\n|move|p1a: Accelgor|Knock Off|p2a: Shuckle\n|-crit|p2a: Shuckle\n|-damage|p2a: Shuckle|78\/100\n|move|p2a: Shuckle|Stealth Rock|p1a: Accelgor\n|-sidestart|p1: Monkey Poxxy|move: Stealth Rock\n|\n|upkeep\n|turn|4\n|\n|t:|1668036651\n|move|p1a: Accelgor|Knock Off|p2a: Shuckle\n|-damage|p2a: Shuckle|72\/100\n|move|p2a: Shuckle|Final Gambit|p1a: Accelgor\n|-damage|p1a: Accelgor|52\/100\n|faint|p2a: Shuckle\n|\n|-end|p1a: Accelgor|Encore\n|upkeep\n|\n|t:|1668036665\n|switch|p2a: Eternatus|Eternatus|100\/100\n|-ability|p2a: Eternatus|Pressure\n|turn|5\n|\n|t:|1668036687\n|switch|p1a: Celesteela|Celesteela|100\/100\n|-damage|p1a: Celesteela|88\/100|[from] Stealth Rock\n|move|p2a: Eternatus|Meteor Beam||[still]\n|-prepare|p2a: Eternatus|Meteor Beam\n|-boost|p2a: Eternatus|spa|1\n|-enditem|p2a: Eternatus|Power Herb\n|-anim|p2a: Eternatus|Meteor Beam|p1a: Celesteela\n|-damage|p1a: Celesteela|49\/100\n|\n|-heal|p1a: Celesteela|55\/100|[from] item: Leftovers\n|upkeep\n|turn|6\n|inactive|Monkey Poxxy has 120 seconds left.\n|\n|t:|1668036734\n|move|p1a: Celesteela|Protect|p1a: Celesteela\n|-singleturn|p1a: Celesteela|Protect\n|move|p2a: Eternatus|Flamethrower|p1a: Celesteela\n|-activate|p1a: Celesteela|move: Protect\n|\n|-heal|p1a: Celesteela|61\/100|[from] item: Leftovers\n|upkeep\n|turn|7\n|inactive|Monkey Poxxy has 90 seconds left.\n|\n|t:|1668036750\n|switch|p1a: Blissey|Blissey, F|100\/100\n|-activate|p1a: Blissey|move: Sticky Web\n|-unboost|p1a: Blissey|spe|1\n|-damage|p1a: Blissey|88\/100|[from] Stealth Rock\n|move|p2a: Eternatus|Flamethrower|p1a: Blissey\n|-damage|p1a: Blissey|69\/100\n|\n|upkeep\n|turn|8\n|\n|t:|1668036758\n|move|p2a: Eternatus|Sludge Bomb|p1a: Blissey\n|-damage|p1a: Blissey|42\/100\n|move|p1a: Blissey|Light Screen|p1a: Blissey\n|-sidestart|p1: Monkey Poxxy|move: Light Screen\n|\n|upkeep\n|turn|9\n|\n|t:|1668036763\n|move|p2a: Eternatus|Sludge Bomb|p1a: Blissey\n|-damage|p1a: Blissey|27\/100\n|move|p1a: Blissey|Soft-Boiled|p1a: Blissey\n|-heal|p1a: Blissey|77\/100\n|\n|upkeep\n|turn|10\n|\n|t:|1668036771\n|move|p2a: Eternatus|Sludge Bomb|p1a: Blissey\n|-damage|p1a: Blissey|64\/100\n|move|p1a: Blissey|Reflect|p1a: Blissey\n|-sidestart|p1: Monkey Poxxy|Reflect\n|\n|upkeep\n|turn|11\n|\n|t:|1668036779\n|move|p2a: Eternatus|Sludge Bomb|p1a: Blissey\n|-damage|p1a: Blissey|50\/100\n|-status|p1a: Blissey|psn\n|move|p1a: Blissey|Soft-Boiled|p1a: Blissey\n|-heal|p1a: Blissey|99\/100 psn\n|\n|-damage|p1a: Blissey|87\/100 psn|[from] psn\n|upkeep\n|turn|12\n|\n|t:|1668036787\n|switch|p2a: Necrozma|Necrozma-Dusk-Mane|100\/100\n|switch|p1a: Celesteela|Celesteela|61\/100\n|-damage|p1a: Celesteela|48\/100|[from] Stealth Rock\n|\n|-heal|p1a: Celesteela|55\/100|[from] item: Leftovers\n|upkeep\n|turn|13\n|inactive|Monkey Poxxy has 120 seconds left.\n|\n|t:|1668036798\n|move|p2a: Necrozma|Dragon Dance|p2a: Necrozma\n|-boost|p2a: Necrozma|atk|1\n|-boost|p2a: Necrozma|spe|1\n|move|p1a: Celesteela|Leech Seed|p2a: Necrozma\n|-start|p2a: Necrozma|move: Leech Seed\n|\n|-heal|p1a: Celesteela|61\/100|[from] item: Leftovers\n|-damage|p2a: Necrozma|88\/100|[from] Leech Seed|[of] p1a: Celesteela\n|-heal|p1a: Celesteela|71\/100|[silent]\n|upkeep\n|turn|14\n|\n|t:|1668036805\n|move|p2a: Necrozma|Dragon Dance|p2a: Necrozma\n|-boost|p2a: Necrozma|atk|1\n|-boost|p2a: Necrozma|spe|1\n|move|p1a: Celesteela|Body Slam|p2a: Necrozma\n|-resisted|p2a: Necrozma\n|-damage|p2a: Necrozma|80\/100\n|\n|-heal|p1a: Celesteela|77\/100|[from] item: Leftovers\n|-damage|p2a: Necrozma|68\/100|[from] Leech Seed|[of] p1a: Celesteela\n|-heal|p1a: Celesteela|87\/100|[silent]\n|upkeep\n|turn|15\n|\n|t:|1668036814\n|move|p2a: Necrozma|Stone Edge|p1a: Celesteela|[miss]\n|-miss|p2a: Necrozma|p1a: Celesteela\n|move|p1a: Celesteela|Body Slam|p2a: Necrozma\n|-resisted|p2a: Necrozma\n|-damage|p2a: Necrozma|59\/100\n|\n|-heal|p1a: Celesteela|93\/100|[from] item: Leftovers\n|-damage|p2a: Necrozma|47\/100|[from] Leech Seed|[of] p1a: Celesteela\n|-heal|p1a: Celesteela|100\/100|[silent]\n|-sideend|p1: Monkey Poxxy|move: Light Screen\n|upkeep\n|turn|16\n|inactive|Monkey Poxxy has 120 seconds left.\n|\n|t:|1668036852\n|move|p2a: Necrozma|Stone Edge|p1a: Celesteela\n|-damage|p1a: Celesteela|64\/100\n|move|p1a: Celesteela|Body Slam|p2a: Necrozma\n|-resisted|p2a: Necrozma\n|-damage|p2a: Necrozma|38\/100\n|-status|p2a: Necrozma|par\n|\n|-heal|p1a: Celesteela|70\/100|[from] item: Leftovers\n|-damage|p2a: Necrozma|26\/100 par|[from] Leech Seed|[of] p1a: Celesteela\n|-heal|p1a: Celesteela|81\/100|[silent]\n|upkeep\n|turn|17\n|inactive|Monkey Poxxy has 90 seconds left.\n|\n|t:|1668036886\n|cant|p2a: Necrozma|par\n|move|p1a: Celesteela|Zen Headbutt|p2a: Necrozma\n|-resisted|p2a: Necrozma\n|-damage|p2a: Necrozma|22\/100 par\n|\n|-heal|p1a: Celesteela|87\/100|[from] item: Leftovers\n|-damage|p2a: Necrozma|10\/100 par|[from] Leech Seed|[of] p1a: Celesteela\n|-heal|p1a: Celesteela|97\/100|[silent]\n|-sideend|p1: Monkey Poxxy|Reflect\n|upkeep\n|turn|18\n|inactive|Monkey Poxxy has 90 seconds left.\n|\n|t:|1668036902\n|move|p1a: Celesteela|Protect|p1a: Celesteela\n|-singleturn|p1a: Celesteela|Protect\n|move|p2a: Necrozma|Stone Edge|p1a: Celesteela\n|-activate|p1a: Celesteela|move: Protect\n|\n|-heal|p1a: Celesteela|100\/100|[from] item: Leftovers\n|-damage|p2a: Necrozma|0 fnt|[from] Leech Seed|[of] p1a: Celesteela\n|faint|p2a: Necrozma\n|upkeep\n|\n|t:|1668036913\n|switch|p2a: Eternatus|Eternatus|100\/100\n|-ability|p2a: Eternatus|Pressure\n|turn|19\n|inactive|Monkey Poxxy has 90 seconds left.\n|\n|t:|1668036926\n|switch|p2a: Marshadow|Marshadow|100\/100\n|move|p1a: Celesteela|Leech Seed|p2a: Marshadow|[miss]\n|-miss|p1a: Celesteela|p2a: Marshadow\n|\n|upkeep\n|turn|20\n|inactive|Monkey Poxxy has 90 seconds left.\n|\n|t:|1668036932\n|move|p2a: Marshadow|Force Palm|p1a: Celesteela\n|-crit|p1a: Celesteela\n|-damage|p1a: Celesteela|33\/100\n|-status|p1a: Celesteela|par\n|move|p1a: Celesteela|Leech Seed|p2a: Marshadow|[miss]\n|-miss|p1a: Celesteela|p2a: Marshadow\n|\n|-heal|p1a: Celesteela|39\/100 par|[from] item: Leftovers\n|upkeep\n|turn|21\n|\n|t:|1668036940\n|move|p1a: Celesteela|Protect|p1a: Celesteela\n|-singleturn|p1a: Celesteela|Protect\n|move|p2a: Marshadow|Spectral Thief|p1a: Celesteela\n|-activate|p1a: Celesteela|move: Protect\n|\n|-heal|p1a: Celesteela|45\/100 par|[from] item: Leftovers\n|upkeep\n|turn|22\n|inactive|Monkey Poxxy has 90 seconds left.\n|inactive|Monkey Poxxy has 60 seconds left.\n|\n|t:|1668036993\n|switch|p1a: Calyrex|Calyrex-Shadow|100\/100\n|-ability|p1a: Calyrex|As One\n|-ability|p1a: Calyrex|Unnerve\n|-activate|p1a: Calyrex|move: Sticky Web\n|-unboost|p1a: Calyrex|spe|1\n|-damage|p1a: Calyrex|88\/100|[from] Stealth Rock\n|move|p2a: Marshadow|Force Palm|p1a: Calyrex\n|-immune|p1a: Calyrex\n|\n|upkeep\n|turn|23\n|inactive|Monkey Poxxy has 60 seconds left.\n|\n|t:|1668037015\n|switch|p1a: Blissey|Blissey, F|87\/100 psn\n|-activate|p1a: Blissey|move: Sticky Web\n|-unboost|p1a: Blissey|spe|1\n|-damage|p1a: Blissey|75\/100 psn|[from] Stealth Rock\n|move|p2a: Marshadow|Shadow Sneak|p1a: Blissey\n|-immune|p1a: Blissey\n|\n|-damage|p1a: Blissey|63\/100 psn|[from] psn\n|upkeep\n|turn|24\n|\n|t:|1668037024\n|move|p2a: Marshadow|Force Palm|p1a: Blissey\n|-supereffective|p1a: Blissey\n|-damage|p1a: Blissey|0 fnt\n|faint|p1a: Blissey\n|\n|upkeep\n|\n|t:|1668037028\n|switch|p1a: Cinderace|Cinderace, F|100\/100\n|turn|25\n|\n|t:|1668037034\n|switch|p2a: Eternatus|Eternatus|100\/100\n|-ability|p2a: Eternatus|Pressure\n|move|p1a: Cinderace|Court Change|p1a: Cinderace\n|-start|p1a: Cinderace|typechange|Normal|[from] ability: Libero\n|-swapsideconditions\n|-activate|p1a: Cinderace|move: Court Change\n|\n|upkeep\n|turn|26\n|inactive|Monkey Poxxy has 60 seconds left.\n|\n|t:|1668037058\n|move|p2a: Eternatus|Sludge Bomb|p1a: Cinderace\n|-damage|p1a: Cinderace|30\/100\n|-status|p1a: Cinderace|psn\n|move|p1a: Cinderace|Super Fang|p2a: Eternatus\n|-damage|p2a: Eternatus|51\/100\n|\n|-damage|p1a: Cinderace|18\/100 psn|[from] psn\n|upkeep\n|turn|27\n|inactive|Monkey Poxxy has 60 seconds left.\n|\n|t:|1668037073\n|switch|p1a: Celesteela|Celesteela|45\/100 par\n|move|p2a: Eternatus|Meteor Beam||[still]\n|-prepare|p2a: Eternatus|Meteor Beam\n|-boost|p2a: Eternatus|spa|1\n|\n|-heal|p1a: Celesteela|51\/100 par|[from] item: Leftovers\n|upkeep\n|turn|28\n|inactive|Monkey Poxxy has 60 seconds left.\n|\n|t:|1668037080\n|move|p1a: Celesteela|Protect|p1a: Celesteela\n|-singleturn|p1a: Celesteela|Protect\n|move|p2a: Eternatus|Meteor Beam|p1a: Celesteela|[from]lockedmove\n|-activate|p1a: Celesteela|move: Protect\n|\n|-heal|p1a: Celesteela|57\/100 par|[from] item: Leftovers\n|upkeep\n|turn|29\n|inactive|Monkey Poxxy has 60 seconds left.\n|\n|t:|1668037095\n|move|p2a: Eternatus|Flamethrower|p1a: Celesteela\n|-supereffective|p1a: Celesteela\n|-damage|p1a: Celesteela|0 fnt\n|faint|p1a: Celesteela\n|\n|upkeep\n|\n|t:|1668037100\n|switch|p1a: Accelgor|Accelgor, M|52\/100\n|turn|30\n|\n|t:|1668037105\n|move|p1a: Accelgor|Toxic Spikes|p2a: Eternatus\n|-sidestart|p2: FritzyHeroes|move: Toxic Spikes\n|move|p2a: Eternatus|Dynamax Cannon|p1a: Accelgor\n|-damage|p1a: Accelgor|0 fnt\n|faint|p1a: Accelgor\n|\n|upkeep\n|inactive|Monkey Poxxy has 60 seconds left.\n|\n|t:|1668037123\n|switch|p1a: Calyrex|Calyrex-Shadow|88\/100\n|-ability|p1a: Calyrex|As One\n|-ability|p1a: Calyrex|Unnerve\n|turn|31\n|\n|t:|1668037135\n|switch|p2a: Yveltal|Yveltal|100\/100\n|-ability|p2a: Yveltal|Dark Aura\n|move|p1a: Calyrex|Draining Kiss|p2a: Yveltal\n|-supereffective|p2a: Yveltal\n|-damage|p2a: Yveltal|70\/100\n|-heal|p1a: Calyrex|100\/100|[from] drain|[of] p2a: Yveltal\n|\n|upkeep\n|turn|32\n|inactive|Monkey Poxxy has 60 seconds left.\n|\n|t:|1668037154\n|switch|p1a: Cinderace|Cinderace, F|18\/100 psn\n|move|p2a: Yveltal|Knock Off|p1a: Cinderace\n|-damage|p1a: Cinderace|0 fnt\n|-enditem|p1a: Cinderace|Heavy-Duty Boots|[from] move: Knock Off|[of] p2a: Yveltal\n|faint|p1a: Cinderace\n|\n|upkeep\n|inactive|Monkey Poxxy has 60 seconds left.\n|\n|t:|1668037160\n|switch|p1a: Dracovish|Dracovish|100\/100\n|turn|33\n|\n|t:|1668037171\n|move|p1a: Dracovish|Fishious Rend|p2a: Yveltal\n|-damage|p2a: Yveltal|0 fnt\n|faint|p2a: Yveltal\n|\n|upkeep\n|\n|t:|1668037177\n|switch|p2a: Eternatus|Eternatus|51\/100\n|-activate|p2a: Eternatus|move: Sticky Web\n|-unboost|p2a: Eternatus|spe|1\n|-damage|p2a: Eternatus|38\/100|[from] Stealth Rock\n|-sideend|p2: FritzyHeroes|move: Toxic Spikes|[of] p2a: Eternatus\n|-ability|p2a: Eternatus|Pressure\n|turn|34\n|\n|t:|1668037185\n|move|p1a: Dracovish|Fishious Rend|p2a: Eternatus\n|-resisted|p2a: Eternatus\n|-damage|p2a: Eternatus|0 fnt\n|faint|p2a: Eternatus\n|\n|upkeep\n|-message|FritzyHeroes forfeited.\n|\n|win|Monkey Poxxy\n|raw|Monkey Poxxy's rating: 1111 &rarr; <strong>1147<\/strong><br \/>(+36 for winning)\n|raw|FritzyHeroes's rating: 1274 &rarr; <strong>1238<\/strong><br \/>(-36 for losing)\n|l|\u2606FritzyHeroes\n|c|\u2606Monkey Poxxy|Nice\n||Ladder isn't responding, score probably updated but might not have (Request timeout).\n","uploadtime":1668037210,"views":4,"p1id":"monkeypoxxy","p2id":"fritzyheroes","formatid":"gen8ubers","rating":1147,"private":0,"password":null}