{"id":"gen8ou-1684668602","p1":"VivaHonduras","p2":"ghostin.jay","format":"gen8ou","log":"|html|<div class=\"broadcast-blue\"><strong>[Gen 8] OU is currently suspecting Melmetal! For information on how to participate check out the <a href=\"https:\/\/www.smogon.com\/forums\/threads\/np-ss-ou-suspect-process-round-12-monster-mash.3709234\/\">suspect thread<\/a>.<\/strong><\/div>\n|j|\u2606VivaHonduras\n|j|\u2606ghostin.jay\n|t:|1665662967\n|gametype|singles\n|player|p1|VivaHonduras|scientist-gen4|1719\n|player|p2|ghostin.jay|pokemonrangerf-gen4|1665\n|teamsize|p1|6\n|teamsize|p2|6\n|gen|8\n|tier|[Gen 8] OU\n|rated|\n|rule|Sleep Clause Mod: Limit one foe put to sleep\n|rule|Species Clause: Limit one of each Pok\u00e9mon\n|rule|OHKO Clause: OHKO moves are banned\n|rule|Evasion Items Clause: Evasion items are banned\n|rule|Evasion Moves Clause: Evasion moves are banned\n|rule|Endless Battle Clause: Forcing endless battles is banned\n|rule|HP Percentage Mod: HP is shown in percentages\n|rule|Dynamax Clause: You cannot dynamax\n|clearpoke\n|poke|p1|Golduck, M|\n|poke|p1|Ferrothorn, M|\n|poke|p1|Pelipper, M|\n|poke|p1|Zapdos|\n|poke|p1|Barraskewda, F|\n|poke|p1|Excadrill, M|\n|poke|p2|Tapu Koko|\n|poke|p2|Garchomp, F|\n|poke|p2|Tornadus-Therian, M|\n|poke|p2|Slowking, F|\n|poke|p2|Dragapult, M|\n|poke|p2|Melmetal|\n|teampreview\n|inactive|Battle timer is ON: inactive players will automatically lose when time's up. (requested by ghostin.jay)\n|inactive|VivaHonduras also wants the timer to be on.\n|inactive|VivaHonduras has 120 seconds left.\n|\n|t:|1665663006\n|start\n|switch|p1a: Pelipper|Pelipper, M|100\/100\n|switch|p2a: Dragapult|Dragapult, M|100\/100\n|-weather|RainDance|[from] ability: Drizzle|[of] p1a: Pelipper\n|turn|1\n|\n|t:|1665663013\n|switch|p1a: Excadrill|Excadrill, M|100\/100\n|-ability|p1a: Excadrill|Mold Breaker\n|move|p2a: Dragapult|Shadow Ball|p1a: Excadrill\n|-damage|p1a: Excadrill|41\/100\n|-unboost|p1a: Excadrill|spd|1\n|\n|-weather|RainDance|[upkeep]\n|-heal|p1a: Excadrill|47\/100|[from] item: Leftovers\n|upkeep\n|turn|2\n|\n|t:|1665663016\n|move|p2a: Dragapult|Shadow Ball|p1a: Excadrill\n|-damage|p1a: Excadrill|0 fnt\n|faint|p1a: Excadrill\n|\n|-weather|RainDance|[upkeep]\n|upkeep\n|\n|t:|1665663020\n|switch|p1a: Barraskewda|Barraskewda, F|100\/100\n|turn|3\n|j| Ran Kob\n|\n|t:|1665663029\n|switch|p2a: Slowking|Slowking, F|100\/100\n|move|p1a: Barraskewda|Flip Turn|p2a: Slowking\n|-resisted|p2a: Slowking\n|-damage|p2a: Slowking|68\/100\n|\n|t:|1665663032\n|switch|p1a: Zapdos|Zapdos|100\/100|[from]move: Flip Turn\n|\n|-weather|RainDance|[upkeep]\n|upkeep\n|turn|4\n|\n|t:|1665663038\n|move|p1a: Zapdos|Hurricane|p2a: Slowking\n|-damage|p2a: Slowking|33\/100\n|move|p2a: Slowking|Future Sight|p1a: Zapdos\n|-start|p2a: Slowking|move: Future Sight\n|\n|-weather|RainDance|[upkeep]\n|upkeep\n|turn|5\n|\n|t:|1665663043\n|switch|p2a: Garchomp|Garchomp, F|100\/100\n|move|p1a: Zapdos|Weather Ball|p2a: Garchomp\n|-damage|p2a: Garchomp|64\/100\n|\n|-weather|RainDance|[upkeep]\n|-heal|p2a: Garchomp|71\/100|[from] item: Leftovers\n|upkeep\n|turn|6\n|\n|t:|1665663045\n|move|p2a: Garchomp|Protect|p2a: Garchomp\n|-singleturn|p2a: Garchomp|Protect\n|move|p1a: Zapdos|Hurricane|p2a: Garchomp\n|-activate|p2a: Garchomp|move: Protect\n|\n|-weather|RainDance|[upkeep]\n|-end|p1a: Zapdos|move: Future Sight\n|-damage|p1a: Zapdos|51\/100\n|-heal|p2a: Garchomp|77\/100|[from] item: Leftovers\n|upkeep\n|turn|7\n|\n|t:|1665663048\n|move|p1a: Zapdos|Hurricane|p2a: Garchomp\n|-damage|p2a: Garchomp|38\/100\n|move|p2a: Garchomp|Toxic|p1a: Zapdos|[miss]\n|-miss|p2a: Garchomp|p1a: Zapdos\n|\n|-weather|RainDance|[upkeep]\n|-heal|p2a: Garchomp|44\/100|[from] item: Leftovers\n|upkeep\n|turn|8\n|\n|t:|1665663054\n|move|p2a: Garchomp|Protect|p2a: Garchomp\n|-singleturn|p2a: Garchomp|Protect\n|move|p1a: Zapdos|Roost|p1a: Zapdos\n|-heal|p1a: Zapdos|100\/100\n|-singleturn|p1a: Zapdos|move: Roost\n|\n|-weather|none\n|-heal|p2a: Garchomp|51\/100|[from] item: Leftovers\n|upkeep\n|turn|9\n|\n|t:|1665663057\n|move|p1a: Zapdos|Hurricane|p2a: Garchomp|[miss]\n|-miss|p1a: Zapdos|p2a: Garchomp\n|move|p2a: Garchomp|Stealth Rock|p1a: Zapdos\n|-sidestart|p1: VivaHonduras|move: Stealth Rock\n|\n|-heal|p2a: Garchomp|57\/100|[from] item: Leftovers\n|upkeep\n|turn|10\n|\n|t:|1665663061\n|switch|p1a: Ferrothorn|Ferrothorn, M|100\/100\n|-damage|p1a: Ferrothorn|94\/100|[from] Stealth Rock\n|move|p2a: Garchomp|Toxic|p1a: Ferrothorn\n|-immune|p1a: Ferrothorn\n|\n|-heal|p2a: Garchomp|63\/100|[from] item: Leftovers\n|upkeep\n|turn|11\n|\n|t:|1665663064\n|switch|p2a: Tornadus|Tornadus-Therian, M|100\/100\n|switch|p1a: Pelipper|Pelipper, M|100\/100\n|-damage|p1a: Pelipper|76\/100|[from] Stealth Rock\n|-weather|RainDance|[from] ability: Drizzle|[of] p1a: Pelipper\n|\n|-weather|RainDance|[upkeep]\n|upkeep\n|turn|12\n|\n|t:|1665663068\n|switch|p1a: Zapdos|Zapdos|100\/100\n|move|p2a: Tornadus|Hurricane|p1a: Zapdos\n|-resisted|p1a: Zapdos\n|-damage|p1a: Zapdos|74\/100\n|\n|-weather|RainDance|[upkeep]\n|upkeep\n|turn|13\n|\n|t:|1665663076\n|move|p2a: Tornadus|Hurricane|p1a: Zapdos\n|-resisted|p1a: Zapdos\n|-damage|p1a: Zapdos|48\/100\n|move|p1a: Zapdos|Thunder|p2a: Tornadus\n|-supereffective|p2a: Tornadus\n|-damage|p2a: Tornadus|0 fnt\n|faint|p2a: Tornadus\n|\n|-weather|RainDance|[upkeep]\n|upkeep\n|\n|t:|1665663078\n|switch|p2a: Dragapult|Dragapult, M|100\/100\n|turn|14\n|\n|t:|1665663084\n|move|p2a: Dragapult|Shadow Ball|p1a: Zapdos\n|-damage|p1a: Zapdos|0 fnt\n|faint|p1a: Zapdos\n|\n|-weather|RainDance|[upkeep]\n|upkeep\n|\n|t:|1665663085\n|switch|p1a: Barraskewda|Barraskewda, F|100\/100\n|-damage|p1a: Barraskewda|88\/100|[from] Stealth Rock\n|turn|15\n|\n|t:|1665663088\n|switch|p2a: Slowking|Slowking, F|66\/100\n|move|p1a: Barraskewda|Crunch|p2a: Slowking\n|-supereffective|p2a: Slowking\n|-damage|p2a: Slowking|0 fnt\n|faint|p2a: Slowking\n|\n|-weather|RainDance|[upkeep]\n|upkeep\n|\n|t:|1665663092\n|switch|p2a: Tapu Koko|Tapu Koko, shiny|100\/100\n|-fieldstart|move: Electric Terrain|[from] ability: Electric Surge|[of] p2a: Tapu Koko\n|turn|16\n|\n|t:|1665663094\n|switch|p1a: Ferrothorn|Ferrothorn, M|94\/100\n|-damage|p1a: Ferrothorn|88\/100|[from] Stealth Rock\n|move|p2a: Tapu Koko|U-turn|p1a: Ferrothorn\n|-damage|p1a: Ferrothorn|65\/100\n|-damage|p2a: Tapu Koko|88\/100|[from] ability: Iron Barbs|[of] p1a: Ferrothorn\n|\n|t:|1665663098\n|switch|p2a: Melmetal|Melmetal|100\/100|[from]move: U-turn\n|\n|-weather|RainDance|[upkeep]\n|upkeep\n|turn|17\n|\n|t:|1665663103\n|move|p2a: Melmetal|Superpower|p1a: Ferrothorn\n|-supereffective|p1a: Ferrothorn\n|-damage|p1a: Ferrothorn|4\/100\n|-unboost|p2a: Melmetal|atk|1\n|-unboost|p2a: Melmetal|def|1\n|-damage|p2a: Melmetal|88\/100|[from] ability: Iron Barbs|[of] p1a: Ferrothorn\n|move|p1a: Ferrothorn|Leech Seed|p2a: Melmetal\n|-start|p2a: Melmetal|move: Leech Seed\n|\n|-weather|RainDance|[upkeep]\n|-heal|p2a: Melmetal|94\/100|[from] item: Leftovers\n|-damage|p2a: Melmetal|82\/100|[from] Leech Seed|[of] p1a: Ferrothorn\n|-heal|p1a: Ferrothorn|20\/100|[silent]\n|upkeep\n|turn|18\n|\n|t:|1665663111\n|switch|p2a: Dragapult|Dragapult, M|100\/100\n|move|p1a: Ferrothorn|Knock Off|p2a: Dragapult\n|-supereffective|p2a: Dragapult\n|-damage|p2a: Dragapult|41\/100\n|-enditem|p2a: Dragapult|Choice Specs|[from] move: Knock Off|[of] p1a: Ferrothorn\n|\n|-weather|none\n|upkeep\n|turn|19\n|\n|t:|1665663116\n|switch|p1a: Pelipper|Pelipper, M|76\/100\n|-damage|p1a: Pelipper|51\/100|[from] Stealth Rock\n|-weather|RainDance|[from] ability: Drizzle|[of] p1a: Pelipper\n|move|p2a: Dragapult|Shadow Ball|p1a: Pelipper\n|-damage|p1a: Pelipper|0 fnt\n|faint|p1a: Pelipper\n|\n|-weather|RainDance|[upkeep]\n|upkeep\n|l| Ran Kob\n|\n|t:|1665663130\n|switch|p1a: Golduck|Golduck, M|100\/100\n|-damage|p1a: Golduck|88\/100|[from] Stealth Rock\n|turn|20\n|\n|t:|1665663133\n|move|p1a: Golduck|Surf|p2a: Dragapult\n|-resisted|p2a: Dragapult\n|-damage|p2a: Dragapult|0 fnt\n|faint|p2a: Dragapult\n|-damage|p1a: Golduck|78\/100|[from] item: Life Orb\n|\n|-weather|RainDance|[upkeep]\n|-fieldend|move: Electric Terrain\n|upkeep\n|\n|t:|1665663143\n|switch|p2a: Garchomp|Garchomp, F|63\/100\n|turn|21\n|\n|t:|1665663144\n|move|p2a: Garchomp|Protect|p2a: Garchomp\n|-singleturn|p2a: Garchomp|Protect\n|move|p1a: Golduck|Calm Mind|p1a: Golduck\n|-boost|p1a: Golduck|spa|1\n|-boost|p1a: Golduck|spd|1\n|\n|-weather|RainDance|[upkeep]\n|-heal|p2a: Garchomp|69\/100|[from] item: Leftovers\n|upkeep\n|turn|22\n|\n|t:|1665663150\n|move|p1a: Golduck|Surf|p2a: Garchomp\n|-damage|p2a: Garchomp|0 fnt\n|faint|p2a: Garchomp\n|-damage|p1a: Golduck|68\/100|[from] item: Life Orb\n|\n|-weather|RainDance|[upkeep]\n|upkeep\n|\n|t:|1665663152\n|switch|p2a: Melmetal|Melmetal|82\/100\n|turn|23\n|\n|t:|1665663156\n|move|p1a: Golduck|Surf|p2a: Melmetal\n|-damage|p2a: Melmetal|0 fnt\n|faint|p2a: Melmetal\n|-damage|p1a: Golduck|58\/100|[from] item: Life Orb\n|\n|-weather|RainDance|[upkeep]\n|upkeep\n|\n|t:|1665663159\n|switch|p2a: Tapu Koko|Tapu Koko, shiny|88\/100\n|-fieldstart|move: Electric Terrain|[from] ability: Electric Surge|[of] p2a: Tapu Koko\n|turn|24\n|\n|t:|1665663161\n|move|p1a: Golduck|Surf|p2a: Tapu Koko\n|-damage|p2a: Tapu Koko|0 fnt\n|faint|p2a: Tapu Koko\n|-damage|p1a: Golduck|48\/100|[from] item: Life Orb\n|\n|win|VivaHonduras\n|raw|VivaHonduras's rating: 1719 &rarr; <strong>1736<\/strong><br \/>(+17 for winning)\n|raw|ghostin.jay's rating: 1665 &rarr; <strong>1648<\/strong><br \/>(-17 for losing)\n","uploadtime":1665663166,"views":18,"p1id":"vivahonduras","p2id":"ghostinjay","formatid":"gen8ou","rating":1648,"private":0,"password":null}