{"id":"gen8camomons-1458825562","p1":"NoTimeNoSpace","p2":"xasahbae","format":"gen8camomons","log":"|j|\u2606NoTimeNoSpace\n|j|\u2606xasahbae\n|inactive|Battle timer is ON: inactive players will automatically lose when time's up.\n|t:|1637584367\n|gametype|singles\n|player|p1|NoTimeNoSpace|gambler|\n|player|p2|xasahbae|lass-gen4dp|\n|teamsize|p1|6\n|teamsize|p2|6\n|gen|8\n|tier|[Gen 8] Camomons\n|rated|Tournament battle\n|rule|Species Clause: Limit one of each Pok\u00e9mon\n|rule|OHKO Clause: OHKO moves are banned\n|rule|Evasion Moves Clause: Evasion moves are banned\n|rule|HP Percentage Mod: HP is shown in percentages\n|rule|Dynamax Clause: You cannot dynamax\n|rule|Sleep Clause Mod: Limit one foe put to sleep\n|rule|Endless Battle Clause: Forcing endless battles is banned\n|clearpoke\n|poke|p1|Corviknight, M|\n|poke|p1|Cinderace, M|\n|poke|p1|Celebi|\n|poke|p1|Gengar, M|\n|poke|p1|Aegislash, F|\n|poke|p1|Goodra, F|\n|poke|p2|Toxapex, M|\n|poke|p2|Skarmory, F|\n|poke|p2|Chansey, F|\n|poke|p2|Avalugg, F|\n|poke|p2|Tangrowth, M|\n|poke|p2|Slowbro, F|\n|teampreview\n|j|*Lady Monita \u2744\n|j| BB-8-NU\n|j| LaylaHearts_gacha\n|\n|t:|1637584377\n|start\n|switch|p1a: Celebi|Celebi|100\/100\n|switch|p2a: Toxapex|Toxapex, M|100\/100\n|-start|p1a: Celebi|typechange|Poison\/Grass|[silent]\n|-start|p2a: Toxapex|typechange|Poison\/Dark|[silent]\n|-start|p1a: Celebi|typechange|Poison\/Grass|[silent]\n|-start|p2a: Toxapex|typechange|Poison\/Dark|[silent]\n|turn|1\n|\n|t:|1637584388\n|move|p1a: Celebi|U-turn|p2a: Toxapex\n|-damage|p2a: Toxapex|88\/100\n|\n|t:|1637584402\n|switch|p1a: Corviknight|Corviknight, M|100\/100|[from]move: U-turn\n|-start|p1a: Corviknight|typechange|Steel\/Flying|[silent]\n|-ability|p1a: Corviknight|Pressure\n|move|p2a: Toxapex|Knock Off|p1a: Corviknight\n|-damage|p1a: Corviknight|84\/100\n|-enditem|p1a: Corviknight|Leftovers|[from] move: Knock Off|[of] p2a: Toxapex\n|\n|-heal|p2a: Toxapex|94\/100|[from] item: Black Sludge\n|upkeep\n|-start|p1a: Corviknight|typechange|Steel\/Flying|[silent]\n|turn|2\n|\n|t:|1637584416\n|switch|p2a: Skarmory|Skarmory, F|100\/100\n|-start|p2a: Skarmory|typechange|Steel\/Flying|[silent]\n|move|p1a: Corviknight|U-turn|p2a: Skarmory\n|-resisted|p2a: Skarmory\n|-damage|p2a: Skarmory|98\/100\n|j| TanishqTrainer\n|\n|t:|1637584428\n|switch|p1a: Cinderace|Cinderace, M|100\/100|[from]move: U-turn\n|-start|p1a: Cinderace|typechange|Bug\/Fire|[silent]\n|\n|-heal|p2a: Skarmory|100\/100|[from] item: Leftovers\n|upkeep\n|-start|p1a: Cinderace|typechange|Bug\/Fire|[silent]\n|turn|3\n|\n|t:|1637584441\n|switch|p2a: Avalugg|Avalugg, F|100\/100\n|-start|p2a: Avalugg|typechange|Ghost\/Fighting|[silent]\n|move|p1a: Cinderace|U-turn|p2a: Avalugg\n|-start|p1a: Cinderace|typechange|Bug|[from] ability: Libero\n|-resisted|p2a: Avalugg\n|-damage|p2a: Avalugg|97\/100\n|j| Gokupichu\n|\n|t:|1637584454\n|switch|p1a: Gengar|Gengar, M|100\/100|[from]move: U-turn\n|-start|p1a: Gengar|typechange|Dark\/Ghost|[silent]\n|\n|-heal|p2a: Avalugg|100\/100|[from] item: Leftovers\n|upkeep\n|-start|p1a: Gengar|typechange|Dark\/Ghost|[silent]\n|-start|p2a: Avalugg|typechange|Ghost\/Fighting|[silent]\n|turn|4\n|j| nounounouuu\n|l| TanishqTrainer\n|\n|t:|1637584464\n|switch|p1a: Celebi|Celebi|100\/100\n|-start|p1a: Celebi|typechange|Poison\/Grass|[silent]\n|switch|p2a: Chansey|Chansey, F|100\/100\n|-start|p2a: Chansey|typechange|Normal|[silent]\n|\n|upkeep\n|-start|p1a: Celebi|typechange|Poison\/Grass|[silent]\n|turn|5\n|\n|t:|1637584470\n|switch|p2a: Toxapex|Toxapex, M|100\/100\n|-start|p2a: Toxapex|typechange|Poison\/Dark|[silent]\n|move|p1a: Celebi|Leech Seed|p2a: Toxapex\n|-start|p2a: Toxapex|move: Leech Seed\n|\n|-damage|p2a: Toxapex|88\/100|[from] Leech Seed|[of] p1a: Celebi\n|upkeep\n|-start|p2a: Toxapex|typechange|Poison\/Dark|[silent]\n|turn|6\n|\n|t:|1637584476\n|move|p1a: Celebi|U-turn|p2a: Toxapex\n|-damage|p2a: Toxapex|76\/100\n|\n|t:|1637584478\n|switch|p1a: Corviknight|Corviknight, M|84\/100|[from]move: U-turn\n|-start|p1a: Corviknight|typechange|Steel\/Flying|[silent]\n|-ability|p1a: Corviknight|Pressure\n|move|p2a: Toxapex|Toxic Spikes|p1a: Corviknight\n|-sidestart|p1: NoTimeNoSpace|move: Toxic Spikes\n|\n|-heal|p2a: Toxapex|83\/100|[from] item: Black Sludge\n|-damage|p2a: Toxapex|70\/100|[from] Leech Seed|[of] p1a: Corviknight\n|-heal|p1a: Corviknight|93\/100|[silent]\n|upkeep\n|-start|p1a: Corviknight|typechange|Steel\/Flying|[silent]\n|turn|7\n|\n|t:|1637584489\n|switch|p2a: Slowbro|Slowbro, F|100\/100\n|-start|p2a: Slowbro|typechange|Water\/Ground|[silent]\n|move|p1a: Corviknight|U-turn|p2a: Slowbro\n|-damage|p2a: Slowbro|87\/100\n|j| folaylosdualockes\n|\n|t:|1637584494\n|switch|p1a: Cinderace|Cinderace, M|100\/100|[from]move: U-turn\n|-start|p1a: Cinderace|typechange|Bug\/Fire|[silent]\n|\n|upkeep\n|-start|p1a: Cinderace|typechange|Bug\/Fire|[silent]\n|-start|p2a: Slowbro|typechange|Water\/Ground|[silent]\n|turn|8\n|l| nounounouuu\n|\n|t:|1637584501\n|move|p1a: Cinderace|U-turn|p2a: Slowbro\n|-start|p1a: Cinderace|typechange|Bug|[from] ability: Libero\n|-damage|p2a: Slowbro|60\/100\n|\n|t:|1637584508\n|switch|p1a: Celebi|Celebi|100\/100|[from]move: U-turn\n|-sideend|p1: NoTimeNoSpace|move: Toxic Spikes|[of] p1a: Celebi\n|-start|p1a: Celebi|typechange|Poison\/Grass|[silent]\n|move|p2a: Slowbro|Scald|p1a: Celebi\n|-resisted|p1a: Celebi\n|-damage|p1a: Celebi|90\/100\n|\n|-heal|p1a: Celebi|97\/100|[from] item: Leftovers\n|upkeep\n|-start|p1a: Celebi|typechange|Poison\/Grass|[silent]\n|turn|9\n|\n|t:|1637584519\n|switch|p2a: Toxapex|Toxapex, M|100\/100\n|-start|p2a: Toxapex|typechange|Poison\/Dark|[silent]\n|move|p1a: Celebi|Leech Seed|p2a: Toxapex\n|-start|p2a: Toxapex|move: Leech Seed\n|\n|-heal|p1a: Celebi|100\/100|[from] item: Leftovers\n|-damage|p2a: Toxapex|88\/100|[from] Leech Seed|[of] p1a: Celebi\n|upkeep\n|-start|p2a: Toxapex|typechange|Poison\/Dark|[silent]\n|turn|10\n|\n|t:|1637584527\n|switch|p2a: Tangrowth|Tangrowth, M|100\/100\n|-start|p2a: Tangrowth|typechange|Grass\/Poison|[silent]\n|move|p1a: Celebi|U-turn|p2a: Tangrowth\n|-damage|p2a: Tangrowth|92\/100\n|-damage|p1a: Celebi|84\/100|[from] item: Rocky Helmet|[of] p2a: Tangrowth\n|j| aveesh\n|\n|t:|1637584533\n|switch|p1a: Goodra|Goodra, F|100\/100|[from]move: U-turn\n|-start|p1a: Goodra|typechange|Water\/Ground|[silent]\n|\n|upkeep\n|-start|p1a: Goodra|typechange|Water\/Ground|[silent]\n|-start|p2a: Tangrowth|typechange|Grass\/Poison|[silent]\n|turn|11\n|\n|t:|1637584543\n|switch|p2a: Slowbro|Slowbro, F|94\/100\n|-start|p2a: Slowbro|typechange|Water\/Ground|[silent]\n|move|p1a: Goodra|Curse|p1a: Goodra\n|-unboost|p1a: Goodra|spe|1\n|-boost|p1a: Goodra|atk|1\n|-boost|p1a: Goodra|def|1\n|\n|upkeep\n|-start|p2a: Slowbro|typechange|Water\/Ground|[silent]\n|turn|12\n|j| oofplshelp\n|\n|t:|1637584553\n|switch|p2a: Avalugg|Avalugg, F|100\/100\n|-start|p2a: Avalugg|typechange|Ghost\/Fighting|[silent]\n|move|p1a: Goodra|Curse|p1a: Goodra\n|-unboost|p1a: Goodra|spe|1\n|-boost|p1a: Goodra|atk|1\n|-boost|p1a: Goodra|def|1\n|\n|upkeep\n|-start|p2a: Avalugg|typechange|Ghost\/Fighting|[silent]\n|turn|13\n|\n|t:|1637584561\n|move|p1a: Goodra|Earthquake|p2a: Avalugg\n|-damage|p2a: Avalugg|73\/100\n|move|p2a: Avalugg|Curse|p1a: Goodra\n|-start|p1a: Goodra|Curse|[of] p2a: Avalugg\n|-damage|p2a: Avalugg|23\/100\n|\n|-heal|p2a: Avalugg|29\/100|[from] item: Leftovers\n|-damage|p1a: Goodra|75\/100|[from] Curse\n|upkeep\n|turn|14\n|\n|t:|1637584570\n|switch|p1a: Gengar|Gengar, M|100\/100\n|-start|p1a: Gengar|typechange|Dark\/Ghost|[silent]\n|move|p2a: Avalugg|Recover|p2a: Avalugg\n|-heal|p2a: Avalugg|79\/100\n|\n|-heal|p2a: Avalugg|85\/100|[from] item: Leftovers\n|upkeep\n|-start|p1a: Gengar|typechange|Dark\/Ghost|[silent]\n|turn|15\n|\n|t:|1637584578\n|switch|p1a: Celebi|Celebi|84\/100\n|-start|p1a: Celebi|typechange|Poison\/Grass|[silent]\n|switch|p2a: Chansey|Chansey, F|100\/100\n|-start|p2a: Chansey|typechange|Normal|[silent]\n|\n|-heal|p1a: Celebi|90\/100|[from] item: Leftovers\n|upkeep\n|-start|p1a: Celebi|typechange|Poison\/Grass|[silent]\n|turn|16\n|\n|t:|1637584582\n|move|p1a: Celebi|Leech Seed|p2a: Chansey\n|-start|p2a: Chansey|move: Leech Seed\n|move|p2a: Chansey|Seismic Toss|p1a: Celebi\n|-damage|p1a: Celebi|65\/100\n|\n|-heal|p1a: Celebi|72\/100|[from] item: Leftovers\n|-damage|p2a: Chansey|88\/100|[from] Leech Seed|[of] p1a: Celebi\n|-heal|p1a: Celebi|91\/100|[silent]\n|upkeep\n|turn|17\n|\n|t:|1637584587\n|switch|p2a: Toxapex|Toxapex, M|100\/100\n|-start|p2a: Toxapex|typechange|Poison\/Dark|[silent]\n|move|p1a: Celebi|U-turn|p2a: Toxapex\n|-damage|p2a: Toxapex|89\/100\n|\n|t:|1637584591\n|switch|p1a: Goodra|Goodra, F|75\/100|[from]move: U-turn\n|-start|p1a: Goodra|typechange|Water\/Ground|[silent]\n|\n|-heal|p1a: Goodra|82\/100|[from] item: Leftovers\n|-heal|p2a: Toxapex|95\/100|[from] item: Black Sludge\n|upkeep\n|-start|p1a: Goodra|typechange|Water\/Ground|[silent]\n|-start|p2a: Toxapex|typechange|Poison\/Dark|[silent]\n|turn|18\n|\n|t:|1637584595\n|move|p1a: Goodra|Curse|p1a: Goodra\n|-unboost|p1a: Goodra|spe|1\n|-boost|p1a: Goodra|atk|1\n|-boost|p1a: Goodra|def|1\n|move|p2a: Toxapex|Knock Off|p1a: Goodra\n|-damage|p1a: Goodra|68\/100\n|-enditem|p1a: Goodra|Leftovers|[from] move: Knock Off|[of] p2a: Toxapex\n|\n|-heal|p2a: Toxapex|100\/100|[from] item: Black Sludge\n|upkeep\n|turn|19\n|\n|t:|1637584600\n|move|p1a: Goodra|Curse|p1a: Goodra\n|-unboost|p1a: Goodra|spe|1\n|-boost|p1a: Goodra|atk|1\n|-boost|p1a: Goodra|def|1\n|move|p2a: Toxapex|Haze|p2a: Toxapex\n|-clearallboost\n|\n|upkeep\n|turn|20\n|\n|t:|1637584606\n|switch|p2a: Skarmory|Skarmory, F|100\/100\n|-start|p2a: Skarmory|typechange|Steel\/Flying|[silent]\n|move|p1a: Goodra|Curse|p1a: Goodra\n|-unboost|p1a: Goodra|spe|1\n|-boost|p1a: Goodra|atk|1\n|-boost|p1a: Goodra|def|1\n|\n|upkeep\n|turn|21\n|\n|t:|1637584611\n|move|p1a: Goodra|Aqua Tail|p2a: Skarmory\n|-damage|p2a: Skarmory|74\/100\n|move|p2a: Skarmory|Whirlwind|p1a: Goodra\n|drag|p1a: Gengar|Gengar, M|100\/100\n|-start|p1a: Gengar|typechange|Dark\/Ghost|[silent]\n|\n|-heal|p2a: Skarmory|80\/100|[from] item: Leftovers\n|upkeep\n|-start|p1a: Gengar|typechange|Dark\/Ghost|[silent]\n|turn|22\n|\n|t:|1637584619\n|switch|p2a: Chansey|Chansey, F|88\/100\n|-start|p2a: Chansey|typechange|Normal|[silent]\n|move|p1a: Gengar|Nasty Plot|p1a: Gengar\n|-boost|p1a: Gengar|spa|2\n|\n|upkeep\n|turn|23\n|\n|t:|1637584633\n|switch|p2a: Toxapex|Toxapex, M|100\/100\n|-start|p2a: Toxapex|typechange|Poison\/Dark|[silent]\n|move|p1a: Gengar|Sludge Bomb|p2a: Toxapex\n|-resisted|p2a: Toxapex\n|-damage|p2a: Toxapex|81\/100\n|\n|-heal|p2a: Toxapex|87\/100|[from] item: Black Sludge\n|upkeep\n|-start|p2a: Toxapex|typechange|Poison\/Dark|[silent]\n|turn|24\n|\n|t:|1637584642\n|switch|p1a: Goodra|Goodra, F|68\/100\n|-start|p1a: Goodra|typechange|Water\/Ground|[silent]\n|move|p2a: Toxapex|Haze|p2a: Toxapex\n|-clearallboost\n|\n|-heal|p2a: Toxapex|94\/100|[from] item: Black Sludge\n|upkeep\n|-start|p1a: Goodra|typechange|Water\/Ground|[silent]\n|turn|25\n|\n|t:|1637584647\n|switch|p2a: Skarmory|Skarmory, F|80\/100\n|-start|p2a: Skarmory|typechange|Steel\/Flying|[silent]\n|move|p1a: Goodra|Aqua Tail|p2a: Skarmory\n|-damage|p2a: Skarmory|63\/100\n|\n|-heal|p2a: Skarmory|69\/100|[from] item: Leftovers\n|upkeep\n|turn|26\n|\n|t:|1637584652\n|move|p1a: Goodra|Aqua Tail|p2a: Skarmory\n|-damage|p2a: Skarmory|52\/100\n|move|p2a: Skarmory|Roost|p2a: Skarmory\n|-heal|p2a: Skarmory|100\/100\n|-singleturn|p2a: Skarmory|move: Roost\n|\n|upkeep\n|turn|27\n|\n|t:|1637584660\n|move|p1a: Goodra|Curse|p1a: Goodra\n|-unboost|p1a: Goodra|spe|1\n|-boost|p1a: Goodra|atk|1\n|-boost|p1a: Goodra|def|1\n|move|p2a: Skarmory|Stealth Rock|p1a: Goodra\n|-sidestart|p1: NoTimeNoSpace|move: Stealth Rock\n|\n|upkeep\n|turn|28\n|\n|t:|1637584663\n|move|p1a: Goodra|Aqua Tail|p2a: Skarmory\n|-crit|p2a: Skarmory\n|-damage|p2a: Skarmory|59\/100\n|move|p2a: Skarmory|Whirlwind|p1a: Goodra\n|drag|p1a: Aegislash|Aegislash, F|100\/100\n|-start|p1a: Aegislash|typechange|Ghost\/Fighting|[silent]\n|-damage|p1a: Aegislash|94\/100|[from] Stealth Rock\n|\n|-heal|p2a: Skarmory|65\/100|[from] item: Leftovers\n|-heal|p1a: Aegislash|100\/100|[from] item: Leftovers\n|upkeep\n|-start|p1a: Aegislash|typechange|Ghost\/Fighting|[silent]\n|turn|29\n|\n|t:|1637584672\n|switch|p2a: Toxapex|Toxapex, M|100\/100\n|-start|p2a: Toxapex|typechange|Poison\/Dark|[silent]\n|-formechange|p1a: Aegislash|Aegislash-Blade||[from] ability: Stance Change\n|move|p1a: Aegislash|Sacred Sword|p2a: Toxapex\n|-damage|p2a: Toxapex|60\/100\n|\n|-heal|p2a: Toxapex|66\/100|[from] item: Black Sludge\n|upkeep\n|-start|p1a: Aegislash|typechange|Ghost\/Fighting|[silent]\n|-start|p2a: Toxapex|typechange|Poison\/Dark|[silent]\n|turn|30\n|\n|t:|1637584677\n|switch|p1a: Corviknight|Corviknight, M|93\/100\n|-start|p1a: Corviknight|typechange|Steel\/Flying|[silent]\n|-damage|p1a: Corviknight|81\/100|[from] Stealth Rock\n|-ability|p1a: Corviknight|Pressure\n|move|p2a: Toxapex|Knock Off|p1a: Corviknight\n|-damage|p1a: Corviknight|70\/100\n|\n|-heal|p2a: Toxapex|73\/100|[from] item: Black Sludge\n|upkeep\n|-start|p1a: Corviknight|typechange|Steel\/Flying|[silent]\n|turn|31\n|j| ii77\n|\n|t:|1637584686\n|switch|p2a: Avalugg|Avalugg, F|85\/100\n|-start|p2a: Avalugg|typechange|Ghost\/Fighting|[silent]\n|move|p1a: Corviknight|Roost|p1a: Corviknight\n|-heal|p1a: Corviknight|100\/100\n|-singleturn|p1a: Corviknight|move: Roost\n|\n|-heal|p2a: Avalugg|91\/100|[from] item: Leftovers\n|upkeep\n|-start|p2a: Avalugg|typechange|Ghost\/Fighting|[silent]\n|turn|32\n|\n|t:|1637584690\n|move|p1a: Corviknight|U-turn|p2a: Avalugg\n|-resisted|p2a: Avalugg\n|-damage|p2a: Avalugg|90\/100\n|\n|t:|1637584695\n|switch|p1a: Celebi|Celebi|91\/100|[from]move: U-turn\n|-start|p1a: Celebi|typechange|Poison\/Grass|[silent]\n|-damage|p1a: Celebi|79\/100|[from] Stealth Rock\n|move|p2a: Avalugg|Curse|p1a: Celebi\n|-start|p1a: Celebi|Curse|[of] p2a: Avalugg\n|-damage|p2a: Avalugg|40\/100\n|\n|-heal|p1a: Celebi|85\/100|[from] item: Leftovers\n|-heal|p2a: Avalugg|46\/100|[from] item: Leftovers\n|-damage|p1a: Celebi|60\/100|[from] Curse\n|upkeep\n|-start|p1a: Celebi|typechange|Poison\/Grass|[silent]\n|turn|33\n|\n|t:|1637584701\n|move|p1a: Celebi|Leech Seed|p2a: Avalugg\n|-start|p2a: Avalugg|move: Leech Seed\n|move|p2a: Avalugg|Recover|p2a: Avalugg\n|-heal|p2a: Avalugg|96\/100\n|\n|-heal|p1a: Celebi|66\/100|[from] item: Leftovers\n|-heal|p2a: Avalugg|100\/100|[from] item: Leftovers\n|-damage|p2a: Avalugg|88\/100|[from] Leech Seed|[of] p1a: Celebi\n|-heal|p1a: Celebi|78\/100|[silent]\n|-damage|p1a: Celebi|53\/100|[from] Curse\n|upkeep\n|turn|34\n|\n|t:|1637584706\n|switch|p2a: Tangrowth|Tangrowth, M|100\/100\n|-start|p2a: Tangrowth|typechange|Grass\/Poison|[silent]\n|move|p1a: Celebi|Toxic|p2a: Tangrowth\n|-immune|p2a: Tangrowth\n|\n|-heal|p1a: Celebi|60\/100|[from] item: Leftovers\n|-damage|p1a: Celebi|35\/100|[from] Curse\n|upkeep\n|-start|p2a: Tangrowth|typechange|Grass\/Poison|[silent]\n|turn|35\n|\n|t:|1637584712\n|move|p1a: Celebi|U-turn|p2a: Tangrowth\n|-damage|p2a: Tangrowth|92\/100\n|-damage|p1a: Celebi|18\/100|[from] item: Rocky Helmet|[of] p2a: Tangrowth\n|\n|t:|1637584715\n|switch|p1a: Cinderace|Cinderace, M|100\/100|[from]move: U-turn\n|-start|p1a: Cinderace|typechange|Bug\/Fire|[silent]\n|move|p2a: Tangrowth|Knock Off|p1a: Cinderace\n|-damage|p1a: Cinderace|70\/100\n|-enditem|p1a: Cinderace|Heavy-Duty Boots|[from] move: Knock Off|[of] p2a: Tangrowth\n|\n|upkeep\n|-start|p1a: Cinderace|typechange|Bug\/Fire|[silent]\n|turn|36\n|\n|t:|1637584721\n|switch|p2a: Avalugg|Avalugg, F|88\/100\n|-start|p2a: Avalugg|typechange|Ghost\/Fighting|[silent]\n|move|p1a: Cinderace|Court Change|p1a: Cinderace\n|-start|p1a: Cinderace|typechange|Normal|[from] ability: Libero\n|-swapsideconditions\n|-activate|p1a: Cinderace|move: Court Change\n|\n|-heal|p2a: Avalugg|94\/100|[from] item: Leftovers\n|upkeep\n|-start|p2a: Avalugg|typechange|Ghost\/Fighting|[silent]\n|turn|37\n|\n|t:|1637584731\n|switch|p1a: Aegislash|Aegislash, F|100\/100\n|-start|p1a: Aegislash|typechange|Ghost\/Fighting|[silent]\n|move|p2a: Avalugg|Rapid Spin|p1a: Aegislash\n|-immune|p1a: Aegislash\n|\n|-heal|p2a: Avalugg|99\/100|[from] item: Leftovers\n|upkeep\n|-start|p1a: Aegislash|typechange|Ghost\/Fighting|[silent]\n|turn|38\n|\n|t:|1637584740\n|switch|p2a: Toxapex|Toxapex, M|100\/100\n|-damage|p2a: Toxapex|88\/100|[from] Stealth Rock\n|-start|p2a: Toxapex|typechange|Poison\/Dark|[silent]\n|move|p1a: Aegislash|Swords Dance|p1a: Aegislash\n|-boost|p1a: Aegislash|atk|2\n|\n|-heal|p2a: Toxapex|94\/100|[from] item: Black Sludge\n|upkeep\n|-start|p2a: Toxapex|typechange|Poison\/Dark|[silent]\n|turn|39\n|j| arnavgupta\n|\n|t:|1637584744\n|-formechange|p1a: Aegislash|Aegislash-Blade||[from] ability: Stance Change\n|move|p1a: Aegislash|Sacred Sword|p2a: Toxapex\n|-damage|p2a: Toxapex|4\/100\n|move|p2a: Toxapex|Haze|p2a: Toxapex\n|-clearallboost\n|\n|-heal|p2a: Toxapex|11\/100|[from] item: Black Sludge\n|upkeep\n|-start|p1a: Aegislash|typechange|Ghost\/Fighting|[silent]\n|turn|40\n|\n|t:|1637584752\n|switch|p2a: Tangrowth|Tangrowth, M|100\/100\n|-start|p2a: Tangrowth|typechange|Grass\/Poison|[silent]\n|-damage|p2a: Tangrowth|88\/100|[from] Stealth Rock\n|move|p1a: Aegislash|Swords Dance|p1a: Aegislash\n|-boost|p1a: Aegislash|atk|2\n|\n|upkeep\n|-start|p2a: Tangrowth|typechange|Grass\/Poison|[silent]\n|turn|41\n|l| Gokupichu\n|\n|t:|1637584759\n|-formechange|p1a: Aegislash|Aegislash||[from] ability: Stance Change\n|move|p1a: Aegislash|King's Shield|p1a: Aegislash\n|-singleturn|p1a: Aegislash|Protect\n|move|p2a: Tangrowth|Leech Seed|p1a: Aegislash\n|-start|p1a: Aegislash|move: Leech Seed\n|\n|-damage|p1a: Aegislash|88\/100|[from] Leech Seed|[of] p2a: Tangrowth\n|-heal|p2a: Tangrowth|98\/100|[silent]\n|upkeep\n|-start|p1a: Aegislash|typechange|Ghost\/Fighting|[silent]\n|turn|42\n|\n|t:|1637584763\n|switch|p1a: Celebi|Celebi|18\/100\n|-start|p1a: Celebi|typechange|Poison\/Grass|[silent]\n|move|p2a: Tangrowth|Knock Off|p1a: Celebi\n|-damage|p1a: Celebi|1\/100\n|-enditem|p1a: Celebi|Leftovers|[from] move: Knock Off|[of] p2a: Tangrowth\n|\n|upkeep\n|-start|p1a: Celebi|typechange|Poison\/Grass|[silent]\n|turn|43\n|\n|t:|1637584771\n|move|p1a: Celebi|U-turn|p2a: Tangrowth\n|-damage|p2a: Tangrowth|89\/100\n|-damage|p1a: Celebi|0 fnt|[from] item: Rocky Helmet|[of] p2a: Tangrowth\n|faint|p1a: Celebi\n|move|p2a: Tangrowth|Sludge Bomb|p1: Celebi|[notarget]\n|-fail|p2a: Tangrowth\n|\n|upkeep\n|\n|t:|1637584777\n|switch|p1a: Gengar|Gengar, M|100\/100\n|-start|p1a: Gengar|typechange|Dark\/Ghost|[silent]\n|-start|p1a: Gengar|typechange|Dark\/Ghost|[silent]\n|turn|44\n|\n|t:|1637584794\n|move|p1a: Gengar|Nasty Plot|p1a: Gengar\n|-boost|p1a: Gengar|spa|2\n|move|p2a: Tangrowth|Knock Off|p1a: Gengar\n|-damage|p1a: Gengar|60\/100\n|-enditem|p1a: Gengar|Focus Sash|[from] move: Knock Off|[of] p2a: Tangrowth\n|\n|upkeep\n|turn|45\n|\n|t:|1637584811\n|switch|p2a: Chansey|Chansey, F|88\/100\n|-start|p2a: Chansey|typechange|Normal|[silent]\n|-damage|p2a: Chansey|76\/100|[from] Stealth Rock\n|move|p1a: Gengar|Nasty Plot|p1a: Gengar\n|-boost|p1a: Gengar|spa|2\n|\n|upkeep\n|turn|46\n|c|\u2606xasahbae|gg\n|c|\u2606NoTimeNoSpace|gg\n|\n|t:|1637584830\n|move|p1a: Gengar|Sludge Bomb|p2a: Chansey\n|-damage|p2a: Chansey|49\/100\n|-status|p2a: Chansey|psn\n|move|p2a: Chansey|Soft-Boiled|p2a: Chansey\n|-heal|p2a: Chansey|99\/100 psn\n|\n|-damage|p2a: Chansey|87\/100 psn|[from] psn\n|upkeep\n|turn|47\n|\n|t:|1637584838\n|move|p1a: Gengar|Nasty Plot|p1a: Gengar\n|-boost|p1a: Gengar|spa|2\n|move|p2a: Chansey|Soft-Boiled|p2a: Chansey\n|-heal|p2a: Chansey|100\/100 psn\n|\n|-damage|p2a: Chansey|88\/100 psn|[from] psn\n|upkeep\n|turn|48\n|\n|t:|1637584843\n|move|p1a: Gengar|Sludge Bomb|p2a: Chansey\n|-damage|p2a: Chansey|52\/100 psn\n|move|p2a: Chansey|Heal Bell|p2a: Chansey\n|-activate|p2a: Chansey|move: Heal Bell\n|-curestatus|p2a: Chansey|psn|[msg]\n|\n|upkeep\n|turn|49\n|\n|t:|1637584847\n|move|p1a: Gengar|Sludge Bomb|p2a: Chansey\n|-crit|p2a: Chansey\n|-damage|p2a: Chansey|0 fnt\n|faint|p2a: Chansey\n|\n|upkeep\n|\n|t:|1637584850\n|switch|p2a: Slowbro|Slowbro, F|100\/100\n|-damage|p2a: Slowbro|94\/100|[from] Stealth Rock\n|-start|p2a: Slowbro|typechange|Water\/Ground|[silent]\n|-start|p2a: Slowbro|typechange|Water\/Ground|[silent]\n|turn|50\n|j| El_Guionjiro\n|\n|t:|1637584853\n|move|p1a: Gengar|Shadow Ball|p2a: Slowbro\n|-damage|p2a: Slowbro|12\/100\n|move|p2a: Slowbro|Scald|p1a: Gengar\n|-damage|p1a: Gengar|18\/100\n|-status|p1a: Gengar|brn\n|-start|p2a: Slowbro|Disable|Scald|[from] ability: Cursed Body|[of] p1a: Gengar\n|\n|-damage|p1a: Gengar|12\/100 brn|[from] brn\n|upkeep\n|turn|51\n|j| AldronianX\n|inactive|xasahbae has 120 seconds left.\n|\n|t:|1637584884\n|move|p1a: Gengar|Shadow Ball|p2a: Slowbro\n|-damage|p2a: Slowbro|0 fnt\n|faint|p2a: Slowbro\n|\n|-damage|p1a: Gengar|6\/100 brn|[from] brn\n|upkeep\n|\n|t:|1637584887\n|switch|p2a: Toxapex|Toxapex, M|44\/100\n|-damage|p2a: Toxapex|31\/100|[from] Stealth Rock\n|-start|p2a: Toxapex|typechange|Poison\/Dark|[silent]\n|-start|p2a: Toxapex|typechange|Poison\/Dark|[silent]\n|turn|52\n|\n|t:|1637584898\n|switch|p2a: Avalugg|Avalugg, F|99\/100\n|-start|p2a: Avalugg|typechange|Ghost\/Fighting|[silent]\n|-damage|p2a: Avalugg|94\/100|[from] Stealth Rock\n|move|p1a: Gengar|Shadow Ball|p2a: Avalugg\n|-supereffective|p2a: Avalugg\n|-damage|p2a: Avalugg|0 fnt\n|faint|p2a: Avalugg\n|\n|-damage|p1a: Gengar|0 fnt|[from] brn\n|faint|p1a: Gengar\n|upkeep\n|\n|t:|1637584912\n|switch|p1a: Cinderace|Cinderace, M|70\/100\n|switch|p2a: Toxapex|Toxapex, M|65\/100\n|-start|p1a: Cinderace|typechange|Bug\/Fire|[silent]\n|-start|p2a: Toxapex|typechange|Poison\/Dark|[silent]\n|-damage|p2a: Toxapex|52\/100|[from] Stealth Rock\n|-start|p1a: Cinderace|typechange|Bug\/Fire|[silent]\n|-start|p2a: Toxapex|typechange|Poison\/Dark|[silent]\n|turn|53\n|\n|t:|1637584920\n|move|p1a: Cinderace|Pyro Ball|p2a: Toxapex\n|-start|p1a: Cinderace|typechange|Fire|[from] ability: Libero\n|-damage|p2a: Toxapex|3\/100\n|move|p2a: Toxapex|Recover|p2a: Toxapex\n|-heal|p2a: Toxapex|53\/100\n|\n|-heal|p2a: Toxapex|60\/100|[from] item: Black Sludge\n|upkeep\n|turn|54\n|\n|t:|1637584927\n|move|p1a: Cinderace|Pyro Ball|p2a: Toxapex\n|-damage|p2a: Toxapex|16\/100\n|move|p2a: Toxapex|Recover|p2a: Toxapex\n|-heal|p2a: Toxapex|66\/100\n|\n|-heal|p2a: Toxapex|73\/100|[from] item: Black Sludge\n|upkeep\n|turn|55\n|\n|t:|1637584933\n|move|p1a: Cinderace|Pyro Ball|p2a: Toxapex|[miss]\n|-miss|p1a: Cinderace|p2a: Toxapex\n|move|p2a: Toxapex|Recover|p2a: Toxapex\n|-heal|p2a: Toxapex|100\/100\n|\n|upkeep\n|turn|56\n|\n|t:|1637584938\n|move|p1a: Cinderace|U-turn|p2a: Toxapex\n|-start|p1a: Cinderace|typechange|Bug|[from] ability: Libero\n|-damage|p2a: Toxapex|73\/100\n|\n|t:|1637584943\n|switch|p1a: Goodra|Goodra, F|68\/100|[from]move: U-turn\n|-start|p1a: Goodra|typechange|Water\/Ground|[silent]\n|move|p2a: Toxapex|Knock Off|p1a: Goodra\n|-damage|p1a: Goodra|52\/100\n|\n|-heal|p2a: Toxapex|79\/100|[from] item: Black Sludge\n|upkeep\n|-start|p1a: Goodra|typechange|Water\/Ground|[silent]\n|turn|57\n|\n|t:|1637584953\n|switch|p2a: Tangrowth|Tangrowth, M|100\/100\n|-damage|p2a: Tangrowth|88\/100|[from] Stealth Rock\n|-start|p2a: Tangrowth|typechange|Grass\/Poison|[silent]\n|move|p1a: Goodra|Earthquake|p2a: Tangrowth\n|-damage|p2a: Tangrowth|69\/100\n|\n|upkeep\n|-start|p2a: Tangrowth|typechange|Grass\/Poison|[silent]\n|turn|58\n|\n|t:|1637584964\n|switch|p1a: Corviknight|Corviknight, M|100\/100\n|-start|p1a: Corviknight|typechange|Steel\/Flying|[silent]\n|-ability|p1a: Corviknight|Pressure\n|move|p2a: Tangrowth|Sludge Bomb|p1a: Corviknight\n|-immune|p1a: Corviknight\n|\n|upkeep\n|-start|p1a: Corviknight|typechange|Steel\/Flying|[silent]\n|turn|59\n|l| LaylaHearts_gacha\n|\n|t:|1637584971\n|move|p1a: Corviknight|Iron Head|p2a: Tangrowth\n|-damage|p2a: Tangrowth|54\/100\n|-damage|p1a: Corviknight|84\/100|[from] item: Rocky Helmet|[of] p2a: Tangrowth\n|move|p2a: Tangrowth|Leech Seed|p1a: Corviknight\n|-start|p1a: Corviknight|move: Leech Seed\n|\n|-damage|p1a: Corviknight|71\/100|[from] Leech Seed|[of] p2a: Tangrowth\n|-heal|p2a: Tangrowth|67\/100|[silent]\n|upkeep\n|turn|60\n|\n|t:|1637584977\n|move|p1a: Corviknight|Iron Head|p2a: Tangrowth\n|-damage|p2a: Tangrowth|50\/100\n|-damage|p1a: Corviknight|55\/100|[from] item: Rocky Helmet|[of] p2a: Tangrowth\n|move|p2a: Tangrowth|Sludge Bomb|p1a: Corviknight\n|-immune|p1a: Corviknight\n|\n|-damage|p1a: Corviknight|42\/100|[from] Leech Seed|[of] p2a: Tangrowth\n|-heal|p2a: Tangrowth|63\/100|[silent]\n|upkeep\n|turn|61\n|\n|t:|1637584986\n|switch|p2a: Skarmory|Skarmory, F|65\/100\n|-damage|p2a: Skarmory|53\/100|[from] Stealth Rock\n|-start|p2a: Skarmory|typechange|Steel\/Flying|[silent]\n|move|p1a: Corviknight|Iron Head|p2a: Skarmory\n|-resisted|p2a: Skarmory\n|-damage|p2a: Skarmory|44\/100\n|\n|-heal|p2a: Skarmory|50\/100|[from] item: Leftovers\n|-damage|p1a: Corviknight|30\/100|[from] Leech Seed|[of] p2a: Skarmory\n|-heal|p2a: Skarmory|65\/100|[silent]\n|upkeep\n|turn|62\n|\n|t:|1637584993\n|move|p2a: Skarmory|Stealth Rock|p1a: Corviknight\n|-sidestart|p1: NoTimeNoSpace|move: Stealth Rock\n|move|p1a: Corviknight|U-turn|p2a: Skarmory\n|-resisted|p2a: Skarmory\n|-damage|p2a: Skarmory|62\/100\n|\n|t:|1637584997\n|switch|p1a: Cinderace|Cinderace, M|70\/100|[from]move: U-turn\n|-start|p1a: Cinderace|typechange|Bug\/Fire|[silent]\n|-damage|p1a: Cinderace|20\/100|[from] Stealth Rock\n|\n|-heal|p2a: Skarmory|68\/100|[from] item: Leftovers\n|upkeep\n|-start|p1a: Cinderace|typechange|Bug\/Fire|[silent]\n|turn|63\n|j| Wushu Cat 22\n|\n|t:|1637585003\n|switch|p2a: Toxapex|Toxapex, M|100\/100\n|-start|p2a: Toxapex|typechange|Poison\/Dark|[silent]\n|-damage|p2a: Toxapex|88\/100|[from] Stealth Rock\n|move|p1a: Cinderace|Pyro Ball|p2a: Toxapex\n|-start|p1a: Cinderace|typechange|Fire|[from] ability: Libero\n|-damage|p2a: Toxapex|41\/100\n|\n|-heal|p2a: Toxapex|47\/100|[from] item: Black Sludge\n|upkeep\n|-start|p2a: Toxapex|typechange|Poison\/Dark|[silent]\n|turn|64\n|\n|t:|1637585017\n|move|p1a: Cinderace|Pyro Ball|p2a: Toxapex\n|-damage|p2a: Toxapex|3\/100\n|move|p2a: Toxapex|Recover|p2a: Toxapex\n|-heal|p2a: Toxapex|53\/100\n|\n|-heal|p2a: Toxapex|60\/100|[from] item: Black Sludge\n|upkeep\n|turn|65\n|\n|t:|1637585021\n|move|p1a: Cinderace|Pyro Ball|p2a: Toxapex\n|-damage|p2a: Toxapex|13\/100\n|move|p2a: Toxapex|Recover|p2a: Toxapex\n|-heal|p2a: Toxapex|63\/100\n|\n|-heal|p2a: Toxapex|69\/100|[from] item: Black Sludge\n|upkeep\n|turn|66\n|\n|t:|1637585025\n|move|p1a: Cinderace|Pyro Ball|p2a: Toxapex\n|-damage|p2a: Toxapex|21\/100\n|move|p2a: Toxapex|Recover|p2a: Toxapex\n|-heal|p2a: Toxapex|71\/100\n|\n|-heal|p2a: Toxapex|77\/100|[from] item: Black Sludge\n|upkeep\n|turn|67\n|c| Wushu Cat 22|whats camomons\n|\n|t:|1637585029\n|move|p1a: Cinderace|Pyro Ball|p2a: Toxapex\n|-damage|p2a: Toxapex|31\/100\n|move|p2a: Toxapex|Recover|p2a: Toxapex\n|-heal|p2a: Toxapex|81\/100\n|\n|-heal|p2a: Toxapex|87\/100|[from] item: Black Sludge\n|upkeep\n|turn|68\n|l| arnavgupta\n|\n|t:|1637585039\n|move|p1a: Cinderace|U-turn|p2a: Toxapex\n|-start|p1a: Cinderace|typechange|Bug|[from] ability: Libero\n|-damage|p2a: Toxapex|59\/100\n|\n|t:|1637585042\n|switch|p1a: Corviknight|Corviknight, M|30\/100|[from]move: U-turn\n|-damage|p1a: Corviknight|17\/100|[from] Stealth Rock\n|-start|p1a: Corviknight|typechange|Steel\/Flying|[silent]\n|-ability|p1a: Corviknight|Pressure\n|move|p2a: Toxapex|Toxic Spikes|p1a: Corviknight\n|-sidestart|p1: NoTimeNoSpace|move: Toxic Spikes\n|\n|-heal|p2a: Toxapex|66\/100|[from] item: Black Sludge\n|upkeep\n|-start|p1a: Corviknight|typechange|Steel\/Flying|[silent]\n|turn|69\n|c|\u2606xasahbae|the pokemon gets its typing based on the types of its first two moves\n|j| arnavgupta\n|c|\u2606xasahbae|slot 1 and 2\n|l| arnavgupta\n|\n|t:|1637585066\n|switch|p2a: Tangrowth|Tangrowth, M|96\/100\n|-damage|p2a: Tangrowth|83\/100|[from] Stealth Rock\n|-start|p2a: Tangrowth|typechange|Grass\/Poison|[silent]\n|move|p1a: Corviknight|Defog|p2a: Tangrowth\n|-unboost|p2a: Tangrowth|evasion|1\n|-sideend|p2: xasahbae|Stealth Rock|[from] move: Defog|[of] p1a: Corviknight\n|-sideend|p1: NoTimeNoSpace|Toxic Spikes|[from] move: Defog|[of] p1a: Corviknight\n|-sideend|p1: NoTimeNoSpace|Stealth Rock|[from] move: Defog|[of] p1a: Corviknight\n|\n|upkeep\n|-start|p2a: Tangrowth|typechange|Grass\/Poison|[silent]\n|turn|70\n|c| Wushu Cat 22|ohhhh\n|\n|t:|1637585078\n|switch|p1a: Cinderace|Cinderace, M|20\/100\n|-start|p1a: Cinderace|typechange|Bug\/Fire|[silent]\n|move|p2a: Tangrowth|Leech Seed|p1a: Cinderace\n|-start|p1a: Cinderace|move: Leech Seed\n|\n|-damage|p1a: Cinderace|8\/100|[from] Leech Seed|[of] p2a: Tangrowth\n|-heal|p2a: Tangrowth|93\/100|[silent]\n|upkeep\n|-start|p1a: Cinderace|typechange|Bug\/Fire|[silent]\n|turn|71\n|\n|t:|1637585084\n|switch|p2a: Toxapex|Toxapex, M|99\/100\n|-start|p2a: Toxapex|typechange|Poison\/Dark|[silent]\n|move|p1a: Cinderace|U-turn|p2a: Toxapex\n|-start|p1a: Cinderace|typechange|Bug|[from] ability: Libero\n|-damage|p2a: Toxapex|73\/100\n|\n|t:|1637585092\n|switch|p1a: Aegislash|Aegislash, F|88\/100|[from]move: U-turn\n|-start|p1a: Aegislash|typechange|Ghost\/Fighting|[silent]\n|\n|-heal|p1a: Aegislash|94\/100|[from] item: Leftovers\n|-heal|p2a: Toxapex|79\/100|[from] item: Black Sludge\n|upkeep\n|-start|p1a: Aegislash|typechange|Ghost\/Fighting|[silent]\n|-start|p2a: Toxapex|typechange|Poison\/Dark|[silent]\n|turn|72\n|j| zokua\n|\n|t:|1637585102\n|switch|p2a: Tangrowth|Tangrowth, M|100\/100\n|-start|p2a: Tangrowth|typechange|Grass\/Poison|[silent]\n|move|p1a: Aegislash|Swords Dance|p1a: Aegislash\n|-boost|p1a: Aegislash|atk|2\n|\n|-heal|p1a: Aegislash|100\/100|[from] item: Leftovers\n|upkeep\n|-start|p2a: Tangrowth|typechange|Grass\/Poison|[silent]\n|turn|73\n|l| zokua\n|\n|t:|1637585107\n|move|p1a: Aegislash|Swords Dance|p1a: Aegislash\n|-boost|p1a: Aegislash|atk|2\n|move|p2a: Tangrowth|Leech Seed|p1a: Aegislash\n|-start|p1a: Aegislash|move: Leech Seed\n|\n|-damage|p1a: Aegislash|88\/100|[from] Leech Seed|[of] p2a: Tangrowth\n|upkeep\n|turn|74\n|\n|t:|1637585111\n|move|p1a: Aegislash|Swords Dance|p1a: Aegislash\n|-boost|p1a: Aegislash|atk|2\n|move|p2a: Tangrowth|Knock Off|p1a: Aegislash\n|-damage|p1a: Aegislash|71\/100\n|-enditem|p1a: Aegislash|Leftovers|[from] move: Knock Off|[of] p2a: Tangrowth\n|\n|-damage|p1a: Aegislash|59\/100|[from] Leech Seed|[of] p2a: Tangrowth\n|upkeep\n|turn|75\n|\n|t:|1637585117\n|-formechange|p1a: Aegislash|Aegislash-Blade||[from] ability: Stance Change\n|move|p1a: Aegislash|Sacred Sword|p2a: Tangrowth\n|-resisted|p2a: Tangrowth\n|-damage|p2a: Tangrowth|43\/100\n|-damage|p1a: Aegislash|42\/100|[from] item: Rocky Helmet|[of] p2a: Tangrowth\n|move|p2a: Tangrowth|Giga Drain|p1a: Aegislash\n|-damage|p1a: Aegislash|0 fnt\n|-heal|p2a: Tangrowth|59\/100|[from] drain|[of] p1a: Aegislash\n|faint|p1a: Aegislash\n|\n|upkeep\n|\n|t:|1637585123\n|switch|p1a: Corviknight|Corviknight, M|17\/100\n|-start|p1a: Corviknight|typechange|Steel\/Flying|[silent]\n|-ability|p1a: Corviknight|Pressure\n|-start|p1a: Corviknight|typechange|Steel\/Flying|[silent]\n|turn|76\n|\n|t:|1637585128\n|move|p1a: Corviknight|Iron Head|p2a: Tangrowth\n|-damage|p2a: Tangrowth|45\/100\n|-damage|p1a: Corviknight|1\/100|[from] item: Rocky Helmet|[of] p2a: Tangrowth\n|move|p2a: Tangrowth|Sludge Bomb|p1a: Corviknight\n|-immune|p1a: Corviknight\n|\n|upkeep\n|turn|77\n|\n|t:|1637585138\n|switch|p2a: Skarmory|Skarmory, F|68\/100\n|-start|p2a: Skarmory|typechange|Steel\/Flying|[silent]\n|move|p1a: Corviknight|Iron Head|p2a: Skarmory\n|-resisted|p2a: Skarmory\n|-damage|p2a: Skarmory|59\/100\n|\n|-heal|p2a: Skarmory|65\/100|[from] item: Leftovers\n|upkeep\n|turn|78\n|\n|t:|1637585147\n|move|p2a: Skarmory|Stealth Rock|p1a: Corviknight\n|-sidestart|p1: NoTimeNoSpace|move: Stealth Rock\n|move|p1a: Corviknight|Iron Head|p2a: Skarmory\n|-resisted|p2a: Skarmory\n|-damage|p2a: Skarmory|56\/100\n|\n|-heal|p2a: Skarmory|62\/100|[from] item: Leftovers\n|upkeep\n|turn|79\n|\n|t:|1637585151\n|move|p2a: Skarmory|Iron Head|p1a: Corviknight\n|-resisted|p1a: Corviknight\n|-damage|p1a: Corviknight|0 fnt\n|faint|p1a: Corviknight\n|\n|-heal|p2a: Skarmory|68\/100|[from] item: Leftovers\n|upkeep\n|\n|t:|1637585153\n|switch|p1a: Cinderace|Cinderace, M|8\/100\n|-damage|p1a: Cinderace|0 fnt|[from] Stealth Rock\n|-start|p1a: Cinderace|typechange|Bug\/Fire|[silent]\n|faint|p1a: Cinderace\n|\n|t:|1637585154\n|switch|p1a: Goodra|Goodra, F|52\/100\n|-start|p1a: Goodra|typechange|Water\/Ground|[silent]\n|-damage|p1a: Goodra|46\/100|[from] Stealth Rock\n|-start|p1a: Goodra|typechange|Water\/Ground|[silent]\n|turn|80\n|j| barracudacaiman\n|\n|t:|1637585166\n|move|p1a: Goodra|Curse|p1a: Goodra\n|-unboost|p1a: Goodra|spe|1\n|-boost|p1a: Goodra|atk|1\n|-boost|p1a: Goodra|def|1\n|move|p2a: Skarmory|Iron Head|p1a: Goodra\n|-resisted|p1a: Goodra\n|-damage|p1a: Goodra|37\/100\n|\n|-heal|p2a: Skarmory|74\/100|[from] item: Leftovers\n|upkeep\n|turn|81\n|\n|t:|1637585176\n|switch|p2a: Tangrowth|Tangrowth, M|78\/100\n|-start|p2a: Tangrowth|typechange|Grass\/Poison|[silent]\n|move|p1a: Goodra|Curse|p1a: Goodra\n|-unboost|p1a: Goodra|spe|1\n|-boost|p1a: Goodra|atk|1\n|-boost|p1a: Goodra|def|1\n|\n|upkeep\n|-start|p2a: Tangrowth|typechange|Grass\/Poison|[silent]\n|turn|82\n|\n|t:|1637585179\n|move|p2a: Tangrowth|Sludge Bomb|p1a: Goodra\n|-resisted|p1a: Goodra\n|-damage|p1a: Goodra|28\/100\n|move|p1a: Goodra|Earthquake|p2a: Tangrowth\n|-damage|p2a: Tangrowth|42\/100\n|\n|upkeep\n|turn|83\n|\n|t:|1637585184\n|move|p2a: Tangrowth|Sludge Bomb|p1a: Goodra\n|-resisted|p1a: Goodra\n|-damage|p1a: Goodra|20\/100\n|-status|p1a: Goodra|psn\n|move|p1a: Goodra|Rest|p1a: Goodra\n|-status|p1a: Goodra|slp|[from] move: Rest\n|-heal|p1a: Goodra|100\/100 slp|[silent]\n|\n|upkeep\n|turn|84\n|\n|t:|1637585192\n|switch|p2a: Toxapex|Toxapex, M|100\/100\n|-start|p2a: Toxapex|typechange|Poison\/Dark|[silent]\n|cant|p1a: Goodra|slp\n|\n|upkeep\n|-start|p2a: Toxapex|typechange|Poison\/Dark|[silent]\n|turn|85\n|l| AldronianX\n|\n|t:|1637585196\n|move|p2a: Toxapex|Haze|p2a: Toxapex\n|-clearallboost\n|cant|p1a: Goodra|slp\n|\n|upkeep\n|turn|86\n|\n|t:|1637585202\n|switch|p2a: Tangrowth|Tangrowth, M|75\/100\n|-start|p2a: Tangrowth|typechange|Grass\/Poison|[silent]\n|-curestatus|p1a: Goodra|slp|[msg]\n|move|p1a: Goodra|Earthquake|p2a: Tangrowth\n|-damage|p2a: Tangrowth|56\/100\n|\n|upkeep\n|-start|p2a: Tangrowth|typechange|Grass\/Poison|[silent]\n|turn|87\n|l| folaylosdualockes\n|\n|t:|1637585211\n|move|p1a: Goodra|Curse|p1a: Goodra\n|-unboost|p1a: Goodra|spe|1\n|-boost|p1a: Goodra|atk|1\n|-boost|p1a: Goodra|def|1\n|move|p2a: Tangrowth|Sludge Bomb|p1a: Goodra\n|-resisted|p1a: Goodra\n|-damage|p1a: Goodra|91\/100\n|\n|upkeep\n|turn|88\n|\n|t:|1637585222\n|move|p1a: Goodra|Earthquake|p2a: Tangrowth\n|-damage|p2a: Tangrowth|27\/100\n|move|p2a: Tangrowth|Sludge Bomb|p1a: Goodra\n|-resisted|p1a: Goodra\n|-damage|p1a: Goodra|83\/100\n|-status|p1a: Goodra|psn\n|\n|-damage|p1a: Goodra|70\/100 psn|[from] psn\n|upkeep\n|turn|89\n|c| aveesh|tie  lol\n|\n|t:|1637585231\n|switch|p2a: Skarmory|Skarmory, F|74\/100\n|-start|p2a: Skarmory|typechange|Steel\/Flying|[silent]\n|move|p1a: Goodra|Aqua Tail|p2a: Skarmory\n|-damage|p2a: Skarmory|47\/100\n|\n|-heal|p2a: Skarmory|53\/100|[from] item: Leftovers\n|-damage|p1a: Goodra|58\/100 psn|[from] psn\n|upkeep\n|turn|90\n|\n|t:|1637585241\n|move|p2a: Skarmory|Iron Head|p1a: Goodra\n|-resisted|p1a: Goodra\n|-damage|p1a: Goodra|49\/100 psn\n|move|p1a: Goodra|Earthquake|p2a: Skarmory\n|-immune|p2a: Skarmory\n|\n|-heal|p2a: Skarmory|59\/100|[from] item: Leftovers\n|-damage|p1a: Goodra|37\/100 psn|[from] psn\n|upkeep\n|turn|91\n|\n|t:|1637585246\n|move|p2a: Skarmory|Iron Head|p1a: Goodra\n|-resisted|p1a: Goodra\n|-damage|p1a: Goodra|29\/100 psn\n|cant|p1a: Goodra|flinch\n|\n|-heal|p2a: Skarmory|65\/100|[from] item: Leftovers\n|-damage|p1a: Goodra|16\/100 psn|[from] psn\n|upkeep\n|turn|92\n|\n|t:|1637585251\n|move|p2a: Skarmory|Iron Head|p1a: Goodra\n|-resisted|p1a: Goodra\n|-damage|p1a: Goodra|8\/100 psn\n|cant|p1a: Goodra|flinch\n|\n|-heal|p2a: Skarmory|71\/100|[from] item: Leftovers\n|-damage|p1a: Goodra|0 fnt|[from] psn\n|faint|p1a: Goodra\n|\n|win|xasahbae\n|upkeep\n|n|\u2606NoTimeNoSpace|notimenospace\n|n|\u2606xasahbae|xasahbae\n|n|*Lady Monita \u2744|ladymonita\n|n| BB-8-NU|bb8nu\n|n| aveesh|aveesh\n|n| oofplshelp|oofplshelp\n|n| ii77|ii77\n|n| El_Guionjiro|elguionjiro\n|n| Wushu Cat 22|wushucat22\n|n| barracudacaiman|barracudacaiman\n|l|*Lady Monita \u2744\n|l| BB-8-NU\n|l|\u2606NoTimeNoSpace\n|c|\u2606xasahbae|gg\n|l|\u2606xasahbae\n|c| oofplshelp|gg\n|l| aveesh\n|l| oofplshelp\n|j| aveesh\n|l| aveesh\n|l| barracudacaiman\n|l| Wushu Cat 22\n","uploadtime":1637586195,"views":11,"p1id":"notimenospace","p2id":"xasahbae","formatid":"gen8camomons","rating":0,"private":0,"password":null}