{"id":"gen8ou-1685573676","p1":"minimax_ai","p2":"MinecraftUprising","format":"gen8ou","log":"|html|<div class=\"broadcast-blue\"><strong>[Gen 8] OU is currently suspecting Melmetal! For information on how to participate check out the <a href=\"https:\/\/www.smogon.com\/forums\/threads\/np-ss-ou-suspect-process-round-12-monster-mash.3709234\/\">suspect thread<\/a>.<\/strong><\/div>\n|j|\u2606minimax_ai\n|j|\u2606MinecraftUprising\n|t:|1665754276\n|gametype|singles\n|player|p1|minimax_ai|lusamine-nihilego|1615\n|player|p2|MinecraftUprising|kahili|1799\n|teamsize|p1|6\n|teamsize|p2|6\n|gen|8\n|tier|[Gen 8] OU\n|rated|\n|rule|Sleep Clause Mod: Limit one foe put to sleep\n|rule|Species Clause: Limit one of each Pok\u00e9mon\n|rule|OHKO Clause: OHKO moves are banned\n|rule|Evasion Items Clause: Evasion items are banned\n|rule|Evasion Moves Clause: Evasion moves are banned\n|rule|Endless Battle Clause: Forcing endless battles is banned\n|rule|HP Percentage Mod: HP is shown in percentages\n|rule|Dynamax Clause: You cannot dynamax\n|clearpoke\n|poke|p1|Rotom-Wash|\n|poke|p1|Weavile, F|\n|poke|p1|Landorus-Therian, M|\n|poke|p1|Heatran, M|\n|poke|p1|Tangrowth, M|\n|poke|p1|Melmetal|\n|poke|p2|Landorus-Therian, M|\n|poke|p2|Rillaboom, M|\n|poke|p2|Heatran, F|\n|poke|p2|Aegislash, F|\n|poke|p2|Hydreigon, M|\n|poke|p2|Dragapult, F|\n|teampreview\n|inactive|Battle timer is ON: inactive players will automatically lose when time's up. (requested by MinecraftUprising)\n|c|\u2606minimax_ai|hf\n|inactive|minimax_ai also wants the timer to be on.\n|\n|t:|1665754287\n|start\n|switch|p1a: landorustherian|Landorus-Therian, M|100\/100\n|switch|p2a: Heatran|Heatran, F|100\/100\n|-ability|p1a: landorustherian|Intimidate|boost\n|-unboost|p2a: Heatran|atk|1\n|turn|1\n|\n|t:|1665754291\n|switch|p2a: Landorus|Landorus-Therian, M|100\/100\n|-ability|p2a: Landorus|Intimidate|boost\n|-unboost|p1a: landorustherian|atk|1\n|move|p1a: landorustherian|Defog|p2a: Landorus\n|-unboost|p2a: Landorus|evasion|1\n|\n|upkeep\n|turn|2\n|\n|t:|1665754293\n|move|p2a: Landorus|Swords Dance|p2a: Landorus\n|-boost|p2a: Landorus|atk|2\n|move|p1a: landorustherian|Toxic|p2a: Landorus\n|-status|p2a: Landorus|tox\n|\n|-damage|p2a: Landorus|95\/100 tox|[from] psn\n|upkeep\n|turn|3\n|\n|t:|1665754299\n|move|p2a: Landorus|Explosion|p1a: landorustherian\n|-damage|p1a: landorustherian|0 fnt\n|faint|p2a: Landorus\n|faint|p1a: landorustherian\n|\n|upkeep\n|\n|t:|1665754304\n|switch|p2a: Heatran|Heatran, F|100\/100\n|switch|p1a: rotomwash|Rotom-Wash|100\/100\n|turn|4\n|\n|t:|1665754306\n|switch|p2a: Hydreigon|Hydreigon, M|100\/100\n|move|p1a: rotomwash|Hydro Pump|p2a: Hydreigon\n|-resisted|p2a: Hydreigon\n|-damage|p2a: Hydreigon|86\/100\n|\n|-heal|p2a: Hydreigon|92\/100|[from] item: Leftovers\n|upkeep\n|turn|5\n|\n|t:|1665754319\n|switch|p1a: Melmetal|Melmetal|100\/100\n|switch|p2a: Heatran|Heatran, F|100\/100\n|\n|upkeep\n|turn|6\n|\n|t:|1665754325\n|switch|p2a: Aegislash|Aegislash, F|100\/100\n|move|p1a: Melmetal|Double Iron Bash|p2a: Aegislash\n|-resisted|p2a: Aegislash\n|-damage|p2a: Aegislash|83\/100\n|-resisted|p2a: Aegislash\n|-damage|p2a: Aegislash|67\/100\n|-hitcount|p2a: Aegislash|2\n|\n|upkeep\n|turn|7\n|\n|t:|1665754332\n|switch|p1a: Tangrowth|Tangrowth, M|100\/100\n|-formechange|p2a: Aegislash|Aegislash-Blade||[from] ability: Stance Change\n|move|p2a: Aegislash|Shadow Ball|p1a: Tangrowth\n|-damage|p1a: Tangrowth|0 fnt\n|faint|p1a: Tangrowth\n|\n|upkeep\n|\n|t:|1665754332\n|switch|p1a: Melmetal|Melmetal|100\/100\n|turn|8\n|j| UwUKingUwU\n|\n|t:|1665754339\n|move|p2a: Aegislash|Shadow Ball|p1a: Melmetal\n|-damage|p1a: Melmetal|58\/100\n|move|p1a: Melmetal|Double Iron Bash|p2a: Aegislash\n|-resisted|p2a: Aegislash\n|-damage|p2a: Aegislash|28\/100\n|-resisted|p2a: Aegislash\n|-damage|p2a: Aegislash|0 fnt\n|faint|p2a: Aegislash\n|-hitcount|p2: Aegislash|2\n|\n|upkeep\n|\n|t:|1665754347\n|switch|p2a: Heatran|Heatran, F|100\/100\n|turn|9\n|\n|t:|1665754348\n|switch|p1a: Heatran|Heatran, M|100\/100\n|-item|p1a: Heatran|Air Balloon\n|move|p2a: Heatran|Magma Storm|p1a: Heatran\n|-start|p1a: Heatran|ability: Flash Fire\n|\n|upkeep\n|turn|10\n|\n|t:|1665754352\n|switch|p2a: Hydreigon|Hydreigon, M|92\/100\n|move|p1a: Heatran|Stealth Rock|p2a: Hydreigon\n|-sidestart|p2: MinecraftUprising|move: Stealth Rock\n|\n|-heal|p2a: Hydreigon|98\/100|[from] item: Leftovers\n|upkeep\n|turn|11\n|\n|t:|1665754354\n|move|p1a: Heatran|Magma Storm|p2a: Hydreigon\n|-resisted|p2a: Hydreigon\n|-damage|p2a: Hydreigon|71\/100\n|-activate|p2a: Hydreigon|move: Magma Storm|[of] p1a: Heatran\n|move|p2a: Hydreigon|Dark Pulse|p1a: Heatran\n|-damage|p1a: Heatran|70\/100\n|-enditem|p1a: Heatran|Air Balloon\n|\n|-heal|p2a: Hydreigon|77\/100|[from] item: Leftovers\n|-damage|p2a: Hydreigon|64\/100|[from] move: Magma Storm|[partiallytrapped]\n|upkeep\n|turn|12\n|\n|t:|1665754360\n|move|p1a: Heatran|Magma Storm|p2a: Hydreigon|[miss]\n|-miss|p1a: Heatran|p2a: Hydreigon\n|move|p2a: Hydreigon|Roost|p2a: Hydreigon\n|-heal|p2a: Hydreigon|100\/100\n|-singleturn|p2a: Hydreigon|move: Roost\n|\n|-damage|p2a: Hydreigon|88\/100|[from] move: Magma Storm|[partiallytrapped]\n|upkeep\n|turn|13\n|\n|t:|1665754362\n|move|p1a: Heatran|Magma Storm|p2a: Hydreigon\n|-resisted|p2a: Hydreigon\n|-damage|p2a: Hydreigon|60\/100\n|move|p2a: Hydreigon|Earth Power|p1a: Heatran\n|-supereffective|p1a: Heatran\n|-damage|p1a: Heatran|0 fnt\n|faint|p1a: Heatran\n|\n|-heal|p2a: Hydreigon|66\/100|[from] item: Leftovers\n|-end|p2a: Hydreigon|Magma Storm|[partiallytrapped]|[silent]\n|upkeep\n|\n|t:|1665754362\n|switch|p1a: Weavile|Weavile, F|100\/100\n|-ability|p1a: Weavile|Pressure\n|turn|14\n|\n|t:|1665754365\n|move|p1a: Weavile|Triple Axel|p2a: Hydreigon\n|-supereffective|p2a: Hydreigon\n|-damage|p2a: Hydreigon|36\/100\n|-supereffective|p2a: Hydreigon\n|-damage|p2a: Hydreigon|0 fnt\n|faint|p2a: Hydreigon\n|-hitcount|p2: Hydreigon|2\n|\n|upkeep\n|\n|t:|1665754369\n|switch|p2a: Heatran|Heatran, F|100\/100\n|-damage|p2a: Heatran|88\/100|[from] Stealth Rock\n|turn|15\n|\n|t:|1665754375\n|switch|p1a: rotomwash|Rotom-Wash|100\/100\n|switch|p2a: Dragapult|Dragapult, F|100\/100\n|-damage|p2a: Dragapult|88\/100|[from] Stealth Rock\n|\n|upkeep\n|turn|16\n|\n|t:|1665754378\n|move|p2a: Dragapult|Dragon Darts|p1a: rotomwash\n|-damage|p1a: rotomwash|60\/100\n|-anim|p2a: Dragapult|Dragon Darts|p1a: rotomwash\n|-damage|p1a: rotomwash|17\/100\n|move|p1a: rotomwash|Thunderbolt|p2a: Dragapult\n|-resisted|p2a: Dragapult\n|-damage|p2a: Dragapult|63\/100\n|\n|-heal|p1a: rotomwash|24\/100|[from] item: Leftovers\n|upkeep\n|turn|17\n|\n|t:|1665754385\n|switch|p2a: Heatran|Heatran, F|88\/100\n|-damage|p2a: Heatran|76\/100|[from] Stealth Rock\n|switch|p1a: Melmetal|Melmetal|58\/100\n|\n|-heal|p2a: Heatran|82\/100|[from] item: Leftovers\n|upkeep\n|turn|18\n|\n|t:|1665754386\n|move|p2a: Heatran|Magma Storm|p1a: Melmetal\n|-supereffective|p1a: Melmetal\n|-damage|p1a: Melmetal|13\/100\n|-activate|p1a: Melmetal|move: Magma Storm|[of] p2a: Heatran\n|move|p1a: Melmetal|Earthquake|p2a: Heatran\n|-supereffective|p2a: Heatran\n|-damage|p2a: Heatran|0 fnt\n|faint|p2a: Heatran\n|\n|-end|p1a: Melmetal|Magma Storm|[partiallytrapped]|[silent]\n|upkeep\n|\n|t:|1665754399\n|switch|p2a: Dragapult|Dragapult, F|63\/100\n|-damage|p2a: Dragapult|51\/100|[from] Stealth Rock\n|turn|19\n|\n|t:|1665754403\n|switch|p1a: Weavile|Weavile, F|100\/100\n|-ability|p1a: Weavile|Pressure\n|move|p2a: Dragapult|Dragon Darts|p1a: Weavile\n|-damage|p1a: Weavile|42\/100\n|-anim|p2a: Dragapult|Dragon Darts|p1a: Weavile\n|-damage|p1a: Weavile|0 fnt\n|faint|p1a: Weavile\n|\n|upkeep\n|\n|t:|1665754403\n|switch|p1a: rotomwash|Rotom-Wash|24\/100\n|turn|20\n|\n|t:|1665754405\n|move|p2a: Dragapult|Dragon Darts|p1a: rotomwash\n|-damage|p1a: rotomwash|0 fnt\n|faint|p1a: rotomwash\n|\n|upkeep\n|\n|t:|1665754405\n|switch|p1a: Melmetal|Melmetal|13\/100\n|turn|21\n|\n|t:|1665754406\n|move|p2a: Dragapult|Dragon Darts|p1a: Melmetal\n|-resisted|p1a: Melmetal\n|-damage|p1a: Melmetal|2\/100\n|-anim|p2a: Dragapult|Dragon Darts|p1a: Melmetal\n|-resisted|p1a: Melmetal\n|-damage|p1a: Melmetal|0 fnt\n|faint|p1a: Melmetal\n|\n|win|MinecraftUprising\n|raw|minimax_ai's rating: 1615 &rarr; <strong>1605<\/strong><br \/>(-10 for losing)\n|raw|MinecraftUprising's rating: 1799 &rarr; <strong>1809<\/strong><br \/>(+10 for winning)\n|c|\u2606minimax_ai|gg\n|l|\u2606minimax_ai\n|l| UwUKingUwU\n||Ladder isn't responding, score probably updated but might not have (Request timeout).\n","uploadtime":1665754408,"views":19,"p1id":"minimaxai","p2id":"minecraftuprising","formatid":"gen8ou","rating":1605,"private":0,"password":null}