{"id":"gen8ou-1681330294","p1":"Not Sarcasm","p2":"Faker100","format":"gen8ou","log":"|j|\u203dNot Sarcasm\n|j|\u2606Faker100\n|t:|1665298859\n|gametype|singles\n|player|p1|Not Sarcasm|265|1704\n|player|p2|Faker100|170|1661\n|teamsize|p1|6\n|teamsize|p2|6\n|gen|8\n|tier|[Gen 8] OU\n|rated|\n|rule|Sleep Clause Mod: Limit one foe put to sleep\n|rule|Species Clause: Limit one of each Pok\u00e9mon\n|rule|OHKO Clause: OHKO moves are banned\n|rule|Evasion Items Clause: Evasion items are banned\n|rule|Evasion Moves Clause: Evasion moves are banned\n|rule|Endless Battle Clause: Forcing endless battles is banned\n|rule|HP Percentage Mod: HP is shown in percentages\n|rule|Dynamax Clause: You cannot dynamax\n|clearpoke\n|poke|p1|Gastrodon, F|\n|poke|p1|Blissey, F|\n|poke|p1|Slowking-Galar, F|\n|poke|p1|Toxapex, F|\n|poke|p1|Clefable, F|\n|poke|p1|Corviknight, F|\n|poke|p2|Mew|\n|poke|p2|Rillaboom, F|\n|poke|p2|Bisharp, F|\n|poke|p2|Hawlucha, M|\n|poke|p2|Cloyster, F|\n|poke|p2|Gengar, M|\n|teampreview\n|inactive|Battle timer is ON: inactive players will automatically lose when time's up. (requested by Not Sarcasm)\n|\n|t:|1665298871\n|start\n|switch|p1a: Toxapex|Toxapex, F|100\/100\n|switch|p2a: Mew|Mew|100\/100\n|turn|1\n|c|\u2606Faker100|:()---------------------:\n|\n|t:|1665298876\n|move|p2a: Mew|Taunt|p1a: Toxapex\n|-start|p1a: Toxapex|move: Taunt\n|move|p1a: Toxapex|Knock Off|p2a: Mew\n|-supereffective|p2a: Mew\n|-damage|p2a: Mew|79\/100\n|-enditem|p2a: Mew|Red Card|[from] move: Knock Off|[of] p1a: Toxapex\n|\n|upkeep\n|turn|2\n|\n|t:|1665298884\n|switch|p1a: Slowking|Slowking-Galar, F|100\/100\n|move|p2a: Mew|Stealth Rock|p1a: Slowking\n|-sidestart|p1: Not Sarcasm|move: Stealth Rock\n|\n|upkeep\n|turn|3\n|\n|t:|1665298889\n|move|p2a: Mew|Spikes|p1a: Slowking\n|-sidestart|p1: Not Sarcasm|Spikes\n|move|p1a: Slowking|Future Sight|p2a: Mew\n|-start|p1a: Slowking|move: Future Sight\n|\n|upkeep\n|turn|4\n|\n|t:|1665298893\n|move|p2a: Mew|Spikes|p1a: Slowking\n|-sidestart|p1: Not Sarcasm|Spikes\n|move|p1a: Slowking|Scald|p2a: Mew\n|-damage|p2a: Mew|55\/100\n|\n|upkeep\n|turn|5\n|\n|t:|1665298898\n|move|p2a: Mew|Spikes|p1a: Slowking\n|-sidestart|p1: Not Sarcasm|Spikes\n|move|p1a: Slowking|Sludge Bomb|p2a: Mew\n|-damage|p2a: Mew|16\/100\n|-status|p2a: Mew|psn\n|-activate|p2a: Mew|ability: Synchronize\n|-immune|p1a: Slowking\n|\n|-end|p2a: Mew|move: Future Sight\n|-resisted|p2a: Mew\n|-damage|p2a: Mew|0 fnt\n|faint|p2a: Mew\n|upkeep\n|\n|t:|1665298908\n|switch|p2a: Gengar|Gengar, M|100\/100\n|turn|6\n|\n|t:|1665298912\n|move|p2a: Gengar|Shadow Ball|p1a: Slowking\n|-supereffective|p1a: Slowking\n|-damage|p1a: Slowking|59\/100\n|move|p1a: Slowking|Future Sight|p2a: Gengar\n|-start|p1a: Slowking|move: Future Sight\n|\n|upkeep\n|turn|7\n|\n|t:|1665298917\n|move|p2a: Gengar|Shadow Ball|p1a: Slowking\n|-supereffective|p1a: Slowking\n|-damage|p1a: Slowking|11\/100\n|-unboost|p1a: Slowking|spd|1\n|move|p1a: Slowking|Scald|p2a: Gengar\n|-damage|p2a: Gengar|53\/100\n|-status|p2a: Gengar|brn\n|-start|p1a: Slowking|Disable|Scald|[from] ability: Cursed Body|[of] p2a: Gengar\n|\n|-damage|p2a: Gengar|47\/100 brn|[from] brn\n|upkeep\n|turn|8\n|\n|t:|1665298928\n|switch|p2a: Bisharp|Bisharp, F|100\/100\n|switch|p1a: Corviknight|Corviknight, F|100\/100\n|-damage|p1a: Corviknight|88\/100|[from] Stealth Rock\n|-ability|p1a: Corviknight|Pressure\n|\n|-end|p2a: Bisharp|move: Future Sight\n|-immune|p2a: Bisharp\n|upkeep\n|turn|9\n|j| normalperson\n|\n|t:|1665298937\n|switch|p2a: Gengar|Gengar, M|47\/100 brn\n|move|p1a: Corviknight|Body Press|p2a: Gengar\n|-immune|p2a: Gengar\n|\n|-damage|p2a: Gengar|41\/100 brn|[from] brn\n|upkeep\n|turn|10\n|\n|t:|1665298944\n|move|p2a: Gengar|Taunt|p1a: Corviknight\n|-start|p1a: Corviknight|move: Taunt\n|cant|p1a: Corviknight|move: Taunt|Defog\n|\n|-damage|p2a: Gengar|35\/100 brn|[from] brn\n|upkeep\n|turn|11\n|\n|t:|1665298950\n|switch|p1a: Blissey|Blissey, F|100\/100\n|move|p2a: Gengar|Destiny Bond|p2a: Gengar\n|-singlemove|p2a: Gengar|Destiny Bond\n|\n|-damage|p2a: Gengar|29\/100 brn|[from] brn\n|upkeep\n|turn|12\n|\n|t:|1665298956\n|move|p2a: Gengar|Taunt|p1a: Blissey\n|-start|p1a: Blissey|move: Taunt\n|cant|p1a: Blissey|move: Taunt|Thunder Wave\n|\n|-damage|p2a: Gengar|23\/100 brn|[from] brn\n|upkeep\n|turn|13\n|\n|t:|1665298962\n|switch|p2a: Rillaboom|Rillaboom, F|100\/100\n|-fieldstart|move: Grassy Terrain|[from] ability: Grassy Surge|[of] p2a: Rillaboom\n|move|p1a: Blissey|Seismic Toss|p2a: Rillaboom\n|-damage|p2a: Rillaboom|71\/100\n|\n|-heal|p2a: Rillaboom|77\/100|[from] Grassy Terrain\n|upkeep\n|turn|14\n|\n|t:|1665298971\n|switch|p1a: Corviknight|Corviknight, F|88\/100\n|-damage|p1a: Corviknight|75\/100|[from] Stealth Rock\n|-ability|p1a: Corviknight|Pressure\n|move|p2a: Rillaboom|U-turn|p1a: Corviknight\n|-resisted|p1a: Corviknight\n|-damage|p1a: Corviknight|69\/100\n|\n|t:|1665298980\n|switch|p2a: Gengar|Gengar, M|23\/100 brn|[from]move: U-turn\n|\n|-heal|p2a: Gengar|29\/100 brn|[from] Grassy Terrain\n|-damage|p2a: Gengar|23\/100 brn|[from] brn\n|upkeep\n|turn|15\n|\n|t:|1665298987\n|move|p2a: Gengar|Taunt|p1a: Corviknight\n|-start|p1a: Corviknight|move: Taunt\n|cant|p1a: Corviknight|move: Taunt|Roost\n|\n|-heal|p2a: Gengar|29\/100 brn|[from] Grassy Terrain\n|-damage|p2a: Gengar|23\/100 brn|[from] brn\n|upkeep\n|turn|16\n|\n|t:|1665298994\n|switch|p2a: Bisharp|Bisharp, F|100\/100\n|switch|p1a: Blissey|Blissey, F|100\/100\n|\n|upkeep\n|turn|17\n|\n|t:|1665299000\n|move|p2a: Bisharp|Swords Dance|p2a: Bisharp\n|-boost|p2a: Bisharp|atk|2\n|move|p1a: Blissey|Thunder Wave|p2a: Bisharp\n|-status|p2a: Bisharp|par\n|\n|-fieldend|move: Grassy Terrain\n|upkeep\n|turn|18\n|j| Still a thing\n|\n|t:|1665299011\n|move|p1a: Blissey|Seismic Toss|p2a: Bisharp\n|-damage|p2a: Bisharp|64\/100 par\n|cant|p2a: Bisharp|par\n|\n|upkeep\n|turn|19\n|\n|t:|1665299017\n|move|p1a: Blissey|Seismic Toss|p2a: Bisharp\n|-damage|p2a: Bisharp|27\/100 par\n|move|p2a: Bisharp|Knock Off|p1a: Blissey\n|-damage|p1a: Blissey|0 fnt\n|-enditem|p1a: Blissey|Heavy-Duty Boots|[from] move: Knock Off|[of] p2a: Bisharp\n|faint|p1a: Blissey\n|-damage|p2a: Bisharp|17\/100 par|[from] item: Life Orb\n|\n|upkeep\n|\n|t:|1665299026\n|switch|p1a: Corviknight|Corviknight, F|69\/100\n|-damage|p1a: Corviknight|57\/100|[from] Stealth Rock\n|-ability|p1a: Corviknight|Pressure\n|turn|20\n|\n|t:|1665299030\n|move|p1a: Corviknight|Defog|p2a: Bisharp\n|-unboost|p2a: Bisharp|evasion|1\n|-ability|p2a: Bisharp|Defiant|boost\n|-boost|p2a: Bisharp|atk|2\n|-sideend|p1: Not Sarcasm|Spikes|[from] move: Defog|[of] p1a: Corviknight\n|-sideend|p1: Not Sarcasm|Stealth Rock|[from] move: Defog|[of] p1a: Corviknight\n|cant|p2a: Bisharp|par\n|\n|upkeep\n|turn|21\n|\n|t:|1665299038\n|cant|p2a: Bisharp|par\n|move|p1a: Corviknight|Body Press|p2a: Bisharp\n|-supereffective|p2a: Bisharp\n|-damage|p2a: Bisharp|0 fnt\n|faint|p2a: Bisharp\n|\n|upkeep\n|c|\u2606Faker100|omg\n|j| Rovecraetove\n|\n|t:|1665299050\n|switch|p2a: Cloyster|Cloyster, F|100\/100\n|turn|22\n|\n|t:|1665299054\n|move|p2a: Cloyster|Shell Smash|p2a: Cloyster\n|-unboost|p2a: Cloyster|def|1\n|-unboost|p2a: Cloyster|spd|1\n|-boost|p2a: Cloyster|atk|2\n|-boost|p2a: Cloyster|spa|2\n|-boost|p2a: Cloyster|spe|2\n|move|p1a: Corviknight|Iron Defense|p1a: Corviknight\n|-boost|p1a: Corviknight|def|2\n|\n|upkeep\n|turn|23\n|\n|t:|1665299061\n|move|p2a: Cloyster|Hydro Pump|p1a: Corviknight|[miss]\n|-miss|p2a: Cloyster|p1a: Corviknight\n|move|p1a: Corviknight|Roost|p1a: Corviknight\n|-heal|p1a: Corviknight|100\/100\n|-singleturn|p1a: Corviknight|move: Roost\n|\n|upkeep\n|turn|24\n|c|\u2606Faker100|fck u man\n|\n|t:|1665299068\n|move|p2a: Cloyster|Hydro Pump|p1a: Corviknight\n|-damage|p1a: Corviknight|36\/100\n|move|p1a: Corviknight|Body Press|p2a: Cloyster\n|-supereffective|p2a: Cloyster\n|-enditem|p2a: Cloyster|Focus Sash\n|-damage|p2a: Cloyster|1\/100\n|\n|upkeep\n|turn|25\n|\n|t:|1665299075\n|move|p2a: Cloyster|Icicle Spear|p1a: Corviknight\n|-damage|p1a: Corviknight|29\/100\n|-damage|p1a: Corviknight|22\/100\n|-damage|p1a: Corviknight|15\/100\n|-damage|p1a: Corviknight|8\/100\n|-damage|p1a: Corviknight|1\/100\n|-hitcount|p1a: Corviknight|5\n|move|p1a: Corviknight|Roost|p1a: Corviknight\n|-heal|p1a: Corviknight|51\/100\n|-singleturn|p1a: Corviknight|move: Roost\n|\n|upkeep\n|turn|26\n|\n|t:|1665299087\n|switch|p1a: Clefable|Clefable, F|100\/100\n|move|p2a: Cloyster|Hydro Pump|p1a: Clefable\n|-damage|p1a: Clefable|71\/100\n|\n|-heal|p1a: Clefable|77\/100|[from] item: Leftovers\n|upkeep\n|turn|27\n|\n|t:|1665299094\n|move|p2a: Cloyster|Icicle Spear|p1a: Clefable\n|-damage|p1a: Clefable|68\/100\n|-damage|p1a: Clefable|60\/100\n|-damage|p1a: Clefable|52\/100\n|-damage|p1a: Clefable|44\/100\n|-damage|p1a: Clefable|36\/100\n|-hitcount|p1a: Clefable|5\n|move|p1a: Clefable|Soft-Boiled|p1a: Clefable\n|-heal|p1a: Clefable|86\/100\n|\n|-heal|p1a: Clefable|92\/100|[from] item: Leftovers\n|upkeep\n|turn|28\n|\n|t:|1665299104\n|move|p2a: Cloyster|Icicle Spear|p1a: Clefable\n|-damage|p1a: Clefable|85\/100\n|-damage|p1a: Clefable|77\/100\n|-damage|p1a: Clefable|69\/100\n|-damage|p1a: Clefable|61\/100\n|-damage|p1a: Clefable|52\/100\n|-hitcount|p1a: Clefable|5\n|move|p1a: Clefable|Moonblast|p2a: Cloyster\n|-damage|p2a: Cloyster|0 fnt\n|faint|p2a: Cloyster\n|\n|-heal|p1a: Clefable|58\/100|[from] item: Leftovers\n|upkeep\n|\n|t:|1665299108\n|switch|p2a: Rillaboom|Rillaboom, F|77\/100\n|-fieldstart|move: Grassy Terrain|[from] ability: Grassy Surge|[of] p2a: Rillaboom\n|turn|29\n|\n|t:|1665299119\n|move|p2a: Rillaboom|U-turn|p1a: Clefable\n|-resisted|p1a: Clefable\n|-damage|p1a: Clefable|43\/100\n|\n|t:|1665299122\n|switch|p2a: Gengar|Gengar, M|23\/100 brn|[from]move: U-turn\n|move|p1a: Clefable|Soft-Boiled|p1a: Clefable\n|-heal|p1a: Clefable|93\/100\n|\n|-heal|p2a: Gengar|29\/100 brn|[from] Grassy Terrain\n|-heal|p1a: Clefable|99\/100|[from] Grassy Terrain\n|-heal|p1a: Clefable|100\/100|[from] item: Leftovers\n|-damage|p2a: Gengar|23\/100 brn|[from] brn\n|upkeep\n|turn|30\n|\n|t:|1665299132\n|switch|p1a: Slowking|Slowking-Galar, F|44\/100\n|move|p2a: Gengar|Shadow Ball|p1a: Slowking\n|-supereffective|p1a: Slowking\n|-damage|p1a: Slowking|0 fnt\n|faint|p1a: Slowking\n|\n|-heal|p2a: Gengar|29\/100 brn|[from] Grassy Terrain\n|-damage|p2a: Gengar|23\/100 brn|[from] brn\n|upkeep\n|\n|t:|1665299147\n|switch|p1a: Toxapex|Toxapex, F|100\/100\n|turn|31\n|\n|t:|1665299150\n|move|p2a: Gengar|Destiny Bond|p2a: Gengar\n|-singlemove|p2a: Gengar|Destiny Bond\n|move|p1a: Toxapex|Knock Off|p2a: Gengar\n|-supereffective|p2a: Gengar\n|-crit|p2a: Gengar\n|-damage|p2a: Gengar|0 fnt\n|-start|p1a: Toxapex|Disable|Knock Off|[from] ability: Cursed Body|[of] p2a: Gengar\n|-enditem|p2a: Gengar|Focus Sash|[from] move: Knock Off|[of] p1a: Toxapex\n|faint|p2a: Gengar\n|-activate|p2a: Gengar|move: Destiny Bond\n|faint|p1a: Toxapex\n|\n|upkeep\n|\n|t:|1665299160\n|switch|p2a: Rillaboom|Rillaboom, F|77\/100\n|switch|p1a: Corviknight|Corviknight, F|51\/100\n|-ability|p1a: Corviknight|Pressure\n|turn|32\n|\n|t:|1665299165\n|move|p2a: Rillaboom|Superpower|p1a: Corviknight\n|-damage|p1a: Corviknight|13\/100\n|-unboost|p2a: Rillaboom|atk|1\n|-unboost|p2a: Rillaboom|def|1\n|move|p1a: Corviknight|Roost|p1a: Corviknight\n|-heal|p1a: Corviknight|63\/100\n|-singleturn|p1a: Corviknight|move: Roost\n|\n|-heal|p2a: Rillaboom|83\/100|[from] Grassy Terrain\n|-heal|p1a: Corviknight|69\/100|[from] Grassy Terrain\n|upkeep\n|turn|33\n|j| laffedtaffed\n|\n|t:|1665299176\n|switch|p2a: Hawlucha|Hawlucha, M|100\/100\n|-enditem|p2a: Hawlucha|Grassy Seed\n|-boost|p2a: Hawlucha|def|1|[from] item: Grassy Seed\n|move|p1a: Corviknight|Iron Defense|p1a: Corviknight\n|-boost|p1a: Corviknight|def|2\n|\n|-fieldend|move: Grassy Terrain\n|upkeep\n|turn|34\n|\n|t:|1665299182\n|move|p2a: Hawlucha|Swords Dance|p2a: Hawlucha\n|-boost|p2a: Hawlucha|atk|2\n|move|p1a: Corviknight|Iron Defense|p1a: Corviknight\n|-boost|p1a: Corviknight|def|2\n|\n|upkeep\n|turn|35\n|\n|t:|1665299187\n|move|p2a: Hawlucha|Swords Dance|p2a: Hawlucha\n|-boost|p2a: Hawlucha|atk|2\n|move|p1a: Corviknight|Iron Defense|p1a: Corviknight\n|-boost|p1a: Corviknight|def|2\n|\n|upkeep\n|turn|36\n|\n|t:|1665299193\n|move|p2a: Hawlucha|Swords Dance|p2a: Hawlucha\n|-boost|p2a: Hawlucha|atk|2\n|move|p1a: Corviknight|Roost|p1a: Corviknight\n|-heal|p1a: Corviknight|100\/100\n|-singleturn|p1a: Corviknight|move: Roost\n|\n|upkeep\n|turn|37\n|\n|t:|1665299199\n|move|p2a: Hawlucha|Close Combat|p1a: Corviknight\n|-damage|p1a: Corviknight|67\/100\n|-unboost|p2a: Hawlucha|def|1\n|-unboost|p2a: Hawlucha|spd|1\n|move|p1a: Corviknight|Roost|p1a: Corviknight\n|-heal|p1a: Corviknight|100\/100\n|-singleturn|p1a: Corviknight|move: Roost\n|\n|upkeep\n|turn|38\n|\n|t:|1665299207\n|move|p2a: Hawlucha|Stone Edge|p1a: Corviknight\n|-damage|p1a: Corviknight|81\/100\n|move|p1a: Corviknight|Roost|p1a: Corviknight\n|-heal|p1a: Corviknight|100\/100\n|-singleturn|p1a: Corviknight|move: Roost\n|\n|upkeep\n|turn|39\n|\n|t:|1665299213\n|move|p2a: Hawlucha|Stone Edge|p1a: Corviknight\n|-damage|p1a: Corviknight|81\/100\n|move|p1a: Corviknight|Roost|p1a: Corviknight\n|-heal|p1a: Corviknight|100\/100\n|-singleturn|p1a: Corviknight|move: Roost\n|\n|upkeep\n|turn|40\n|\n|t:|1665299219\n|move|p2a: Hawlucha|Stone Edge|p1a: Corviknight\n|-crit|p1a: Corviknight\n|-damage|p1a: Corviknight|0 fnt\n|faint|p1a: Corviknight\n|\n|upkeep\n|\n|t:|1665299224\n|switch|p1a: Clefable|Clefable, F|100\/100\n|turn|41\n|\n|t:|1665299226\n|move|p2a: Hawlucha|Acrobatics|p1a: Clefable\n|-damage|p1a: Clefable|65\/100\n|move|p1a: Clefable|Moonblast|p2a: Hawlucha\n|-supereffective|p2a: Hawlucha\n|-damage|p2a: Hawlucha|0 fnt\n|faint|p2a: Hawlucha\n|\n|-heal|p1a: Clefable|71\/100|[from] item: Leftovers\n|upkeep\n|\n|t:|1665299230\n|switch|p2a: Rillaboom|Rillaboom, F|83\/100\n|-fieldstart|move: Grassy Terrain|[from] ability: Grassy Surge|[of] p2a: Rillaboom\n|turn|42\n|\n|t:|1665299237\n|move|p2a: Rillaboom|Wood Hammer|p1a: Clefable\n|-damage|p1a: Clefable|0 fnt\n|faint|p1a: Clefable\n|-damage|p2a: Rillaboom|57\/100|[from] Recoil\n|\n|-heal|p2a: Rillaboom|63\/100|[from] Grassy Terrain\n|upkeep\n|c|\u2606Faker100|KKKKKKKKKKKKKKKKKKKKKKKKKKKKKKKKKKKKKKKKKKKKKKKKKKKKKKKKKKKKKKKKKKKKKKKKKKKKKKKKKKKKKKKKKKKKKKKKKKK\n|c|\u2606Faker100|KKKKKKKKKKKKKKKKKk\n|c|\u2606Faker100|KKKKKKKKKKKKKKKKKKKKKKKKk\n|-message|Not Sarcasm forfeited.\n|\n|win|Faker100\n|raw|Not Sarcasm's rating: 1704 &rarr; <strong>1682<\/strong><br \/>(-22 for losing)\n|raw|Faker100's rating: 1661 &rarr; <strong>1683<\/strong><br \/>(+22 for winning)\n|c|\u2606Faker100|KKKKKKKKKKKKKKKKKKKKKKKKKKKKKKk\n|l|\u203dNot Sarcasm\n|c|\u2606Faker100|KKKKKKKKKKKKKKKKKKKKKKk\n|c|\u2606Faker100|KKKKKKKKKKKKKKKKKKKKKKKK\n","uploadtime":1665299253,"views":7,"p1id":"notsarcasm","p2id":"faker100","formatid":"gen8ou","rating":1682,"private":0,"password":null}