{"id":"gen8randombattle-1677209996","p1":"Supersaiyan6969","p2":"george malone","format":"gen8randombattle","log":"|j|\u2606Supersaiyan6969\n|j|\u2606george malone\n|t:|1664868627\n|gametype|singles\n|player|p1|Supersaiyan6969|102|1940\n|player|p2|george malone|265|1922\n|teamsize|p1|6\n|teamsize|p2|6\n|gen|8\n|tier|[Gen 8] Random Battle\n|rated|\n|rule|Species Clause: Limit one of each Pok\u00e9mon\n|rule|HP Percentage Mod: HP is shown in percentages\n|rule|Sleep Clause Mod: Limit one foe put to sleep\n|\n|t:|1664868627\n|start\n|switch|p1a: Alcremie|Alcremie, L86, F|252\/252\n|switch|p2a: Tsareena|Tsareena, L84, F|258\/258\n|turn|1\n|inactive|Battle timer is ON: inactive players will automatically lose when time's up. (requested by Supersaiyan6969)\n|j| MachiaTrev\n|\n|t:|1664868639\n|move|p2a: Tsareena|Power Whip|p1a: Alcremie|[miss]\n|-miss|p2a: Tsareena|p1a: Alcremie\n|move|p1a: Alcremie|Mystical Fire|p2a: Tsareena\n|-supereffective|p2a: Tsareena\n|-damage|p2a: Tsareena|134\/258\n|-unboost|p2a: Tsareena|spa|1\n|\n|-heal|p2a: Tsareena|150\/258|[from] item: Leftovers\n|upkeep\n|turn|2\n|\n|t:|1664868644\n|switch|p1a: Rayquaza|Rayquaza, L74|277\/277\n|-ability|p1a: Rayquaza|Air Lock\n|move|p2a: Tsareena|Power Whip|p1a: Rayquaza\n|-resisted|p1a: Rayquaza\n|-damage|p1a: Rayquaza|234\/277\n|\n|-heal|p2a: Tsareena|166\/258|[from] item: Leftovers\n|upkeep\n|turn|3\n|\n|t:|1664868652\n|move|p1a: Rayquaza|Dragon Dance|p1a: Rayquaza\n|-boost|p1a: Rayquaza|atk|1\n|-boost|p1a: Rayquaza|spe|1\n|move|p2a: Tsareena|Triple Axel|p1a: Rayquaza\n|-supereffective|p1a: Rayquaza\n|-crit|p1a: Rayquaza\n|-damage|p1a: Rayquaza|118\/277\n|-hitcount|p1a: Rayquaza|1\n|\n|-heal|p2a: Tsareena|182\/258|[from] item: Leftovers\n|upkeep\n|turn|4\n|c|\u2606george malone|god\n|c|\u2606george malone|so fuckin lucky\n|\n|t:|1664868661\n|switch|p2a: Qwilfish|Qwilfish, L84, F|246\/246\n|-ability|p2a: Qwilfish|Intimidate|boost\n|-unboost|p1a: Rayquaza|atk|1\n|move|p1a: Rayquaza|Dragon Ascent|p2a: Qwilfish\n|-damage|p2a: Qwilfish|95\/246\n|-unboost|p1a: Rayquaza|def|1\n|-unboost|p1a: Rayquaza|spd|1\n|\n|-heal|p2a: Qwilfish|110\/246|[from] item: Black Sludge\n|upkeep\n|turn|5\n|c|\u2606george malone|terrible player\n|\n|t:|1664868673\n|switch|p2a: Tsareena|Tsareena, L84, F|182\/258\n|move|p1a: Rayquaza|Earthquake|p2a: Tsareena\n|-resisted|p2a: Tsareena\n|-damage|p2a: Tsareena|148\/258\n|\n|-heal|p2a: Tsareena|164\/258|[from] item: Leftovers\n|upkeep\n|turn|6\n|c|\u2606Supersaiyan6969|Why I have airlock?\n|\n|t:|1664868703\n|switch|p2a: Qwilfish|Qwilfish, L84, F|110\/246\n|-ability|p2a: Qwilfish|Intimidate|boost\n|-unboost|p1a: Rayquaza|atk|1\n|move|p1a: Rayquaza|Dragon Ascent|p2a: Qwilfish\n|-damage|p2a: Qwilfish|19\/246\n|-unboost|p1a: Rayquaza|def|1\n|-unboost|p1a: Rayquaza|spd|1\n|\n|-heal|p2a: Qwilfish|34\/246|[from] item: Black Sludge\n|upkeep\n|turn|7\n|\n|t:|1664868717\n|move|p1a: Rayquaza|Dragon Ascent|p2a: Qwilfish\n|-damage|p2a: Qwilfish|0 fnt\n|-unboost|p1a: Rayquaza|def|1\n|-unboost|p1a: Rayquaza|spd|1\n|faint|p2a: Qwilfish\n|\n|upkeep\n|\n|t:|1664868724\n|switch|p2a: Mew|Mew, L80|291\/291\n|turn|8\n|\n|t:|1664868737\n|switch|p1a: Tsareena|Tsareena, L84, F|258\/258\n|move|p2a: Mew|Dragon Dance|p2a: Mew\n|-boost|p2a: Mew|atk|1\n|-boost|p2a: Mew|spe|1\n|\n|upkeep\n|turn|9\n|\n|t:|1664868751\n|move|p2a: Mew|Dragon Dance|p2a: Mew\n|-boost|p2a: Mew|atk|1\n|-boost|p2a: Mew|spe|1\n|move|p1a: Tsareena|U-turn|p2a: Mew\n|-supereffective|p2a: Mew\n|-damage|p2a: Mew|183\/291\n|\n|t:|1664868760\n|switch|p1a: Rayquaza|Rayquaza, L74|118\/277\n|-ability|p1a: Rayquaza|Air Lock\n|\n|upkeep\n|turn|10\n|\n|t:|1664868772\n|switch|p1a: Sharpedo|Sharpedo, L82, M|249\/249\n|move|p2a: Mew|Psychic Fangs|p1a: Sharpedo\n|-immune|p1a: Sharpedo\n|\n|upkeep\n|turn|11\n|\n|t:|1664868777\n|switch|p1a: Alcremie|Alcremie, L86, F|252\/252\n|move|p2a: Mew|Close Combat|p1a: Alcremie\n|-resisted|p1a: Alcremie\n|-damage|p1a: Alcremie|162\/252\n|-unboost|p2a: Mew|def|1\n|-unboost|p2a: Mew|spd|1\n|\n|-heal|p1a: Alcremie|177\/252|[from] item: Leftovers\n|upkeep\n|turn|12\n|\n|t:|1664868782\n|move|p2a: Mew|Psychic Fangs|p1a: Alcremie\n|-damage|p1a: Alcremie|0 fnt\n|faint|p1a: Alcremie\n|\n|upkeep\n|c|\u2606george malone|expert player alert\n|c|\u2606george malone|supernerd69696\n|\n|t:|1664868791\n|switch|p1a: Tsareena|Tsareena, L84, F|258\/258\n|turn|13\n|\n|t:|1664868794\n|move|p2a: Mew|Flare Blitz|p1a: Tsareena\n|-supereffective|p1a: Tsareena\n|-damage|p1a: Tsareena|0 fnt\n|faint|p1a: Tsareena\n|-damage|p2a: Mew|98\/291|[from] Recoil\n|\n|upkeep\n|c|\u2606george malone|omg ur so gooood\n|c|\u2606george malone|beast player!!\n|c|\u2606Supersaiyan6969|I bet you\u2019re fun at parties\n|c|\u2606george malone|switch switch SWITCH\n|c|\u2606george malone|still die\n|c|\u2606george malone|nice one man\n|c|\u2606george malone|havet not heard THAT one before\n|inactive|Supersaiyan6969 has 120 seconds left.\n|\n|t:|1664868824\n|switch|p1a: Sharpedo|Sharpedo, L82, M|249\/249\n|turn|14\n|c|\u2606george malone|expert commentator alert\n|\n|t:|1664868829\n|move|p1a: Sharpedo|Protect|p1a: Sharpedo\n|-singleturn|p1a: Sharpedo|Protect\n|move|p2a: Mew|Close Combat|p1a: Sharpedo\n|-activate|p1a: Sharpedo|move: Protect\n|\n|-ability|p1a: Sharpedo|Speed Boost|boost\n|-boost|p1a: Sharpedo|spe|1\n|upkeep\n|turn|15\n|\n|t:|1664868835\n|switch|p1a: Rayquaza|Rayquaza, L74|118\/277\n|-ability|p1a: Rayquaza|Air Lock\n|move|p2a: Mew|Close Combat|p1a: Rayquaza\n|-resisted|p1a: Rayquaza\n|-damage|p1a: Rayquaza|28\/277\n|-unboost|p2a: Mew|def|1\n|-unboost|p2a: Mew|spd|1\n|\n|upkeep\n|turn|16\n|\n|t:|1664868839\n|move|p2a: Mew|Psychic Fangs|p1a: Rayquaza\n|-damage|p1a: Rayquaza|0 fnt\n|faint|p1a: Rayquaza\n|\n|upkeep\n|\n|t:|1664868841\n|switch|p1a: Sharpedo|Sharpedo, L82, M|249\/249\n|turn|17\n|c|\u2606george malone|omg\n|c|\u2606george malone|ur going brazy brother\n|\n|t:|1664868846\n|move|p1a: Sharpedo|Protect|p1a: Sharpedo\n|-singleturn|p1a: Sharpedo|Protect\n|move|p2a: Mew|Close Combat|p1a: Sharpedo\n|-activate|p1a: Sharpedo|move: Protect\n|\n|-ability|p1a: Sharpedo|Speed Boost|boost\n|-boost|p1a: Sharpedo|spe|1\n|upkeep\n|turn|18\n|c|\u2606george malone|switch again\n|c|\u2606george malone|suuurely\n|\n|t:|1664868853\n|-start|p1a: Sharpedo|Dynamax|\n|-heal|p1a: Sharpedo|498\/498|[silent]\n|move|p2a: Mew|Close Combat|p1a: Sharpedo\n|-supereffective|p1a: Sharpedo\n|-damage|p1a: Sharpedo|0 fnt\n|-unboost|p2a: Mew|def|1\n|-unboost|p2a: Mew|spd|1\n|faint|p1a: Sharpedo\n|\n|upkeep\n|c|\u2606george malone|oof\n|c|\u2606george malone|as if\n|\n|t:|1664868860\n|switch|p1a: Hitmonchan|Hitmonchan, L86, M|226\/226\n|turn|19\n|c|\u2606george malone|who woulda thought\n|l| MachiaTrev\n|\n|t:|1664868865\n|move|p2a: Mew|Psychic Fangs|p1a: Hitmonchan\n|-supereffective|p1a: Hitmonchan\n|-damage|p1a: Hitmonchan|0 fnt\n|faint|p1a: Hitmonchan\n|\n|upkeep\n|\n|t:|1664868872\n|switch|p1a: Silvally|Silvally-Steel, L84|297\/297\n|turn|20\n|c|\u2606george malone|i bet u suck at pokemon\n|c|\u2606george malone|o wait.\n|\n|t:|1664868880\n|-start|p2a: Mew|Dynamax|\n|-heal|p2a: Mew|196\/582|[silent]\n|move|p2a: Mew|Max Flare|p1a: Silvally\n|-supereffective|p1a: Silvally\n|-damage|p1a: Silvally|0 fnt\n|-weather|SunnyDay\n|faint|p1a: Silvally\n|\n|win|george malone\n|raw|Supersaiyan6969's rating: 1940 &rarr; <strong>1919<\/strong><br \/>(-21 for losing)\n|raw|george malone's rating: 1922 &rarr; <strong>1943<\/strong><br \/>(+21 for winning)\n|c|\u2606george malone|pleasure\n|l|\u2606Supersaiyan6969\n","inputlog":">version 6ac186ac1402e62445919ecb9d92d415187451bf\n>start {\"formatid\":\"gen8randombattle\",\"seed\":[3874,21164,27683,63837],\"rated\":\"Rated battle\"}\n>player p1 {\"name\":\"Supersaiyan6969\",\"avatar\":\"102\",\"rating\":1940,\"seed\":[55742,16949,18402,41914]}\n>player p2 {\"name\":\"george malone\",\"avatar\":\"265\",\"rating\":1922,\"seed\":[52338,17062,18339,52590]}\n>p1 move mysticalfire\n>p2 move powerwhip\n>p1 switch 5\n>p2 move powerwhip\n>p1 move dragondance\n>p2 move tripleaxel\n>chat \u2606george malone|god\n>chat \u2606george malone|so fuckin lucky\n>p1 move dragonascent\n>p2 switch 2\n>chat \u2606george malone|terrible player\n>p1 move earthquake\n>p2 switch 2\n>chat \u2606Supersaiyan6969|Why I have airlock?\n>p1 move dragonascent\n>p2 switch 2\n>p1 move dragonascent\n>p2 move spikes\n>p2 switch 6\n>p1 switch 2\n>p2 move dragondance\n>p1 move uturn\n>p2 move dragondance\n>p1 switch 2\n>p1 switch 4\n>p2 move psychicfangs\n>p1 switch 5\n>p2 move closecombat\n>p1 move dazzlinggleam\n>p2 move psychicfangs\n>chat \u2606george malone|expert player alert\n>chat \u2606george malone|supernerd69696\n>p1 switch 2\n>p1 move uturn\n>p2 move flareblitz\n>chat \u2606george malone|omg ur so gooood\n>chat \u2606george malone|beast player!!\n>chat \u2606Supersaiyan6969|I bet you\u2019re fun at parties \n>chat \u2606george malone|switch switch SWITCH\n>chat \u2606george malone|still die\n>chat \u2606george malone|nice one man\n>chat \u2606george malone|havet not heard THAT one before\n>p1 switch 5\n>chat \u2606george malone|expert commentator alert\n>p1 move protect\n>p2 move closecombat\n>p1 switch 4\n>p2 move closecombat\n>p1 move vcreate\n>p2 move psychicfangs\n>p1 switch 4\n>chat \u2606george malone|omg\n>chat \u2606george malone|ur going brazy brother\n>p1 move protect\n>p2 move closecombat\n>chat \u2606george malone|switch again\n>chat \u2606george malone|suuurely\n>p1 move closecombat dynamax\n>p2 move closecombat\n>chat \u2606george malone|oof\n>chat \u2606george malone|as if\n>p1 switch 3\n>chat \u2606george malone|who woulda thought\n>p1 move throatchop\n>p2 move psychicfangs\n>p1 switch 6\n>chat \u2606george malone|i bet u suck at pokemon\n>chat \u2606george malone|o wait.\n>p1 move multiattack\n>p2 move flareblitz dynamax","uploadtime":1664868887,"views":7,"p1id":"supersaiyan6969","p2id":"georgemalone","formatid":"gen8randombattle","rating":1919,"private":0,"password":null}