{"id":"gen8oublitz-1264179527","p1":"Ladder McLinoone","p2":"IM AT MY LIMIT","format":"gen8oublitz","log":"|inactive|Battle timer is ON: inactive players will automatically lose when time's up.\n|j|\u2606Ladder McLinoone\n|j|\u2606IM AT MY LIMIT\n|t:|1610912725\n|player|p1|Ladder McLinoone|2|\n|player|p2|IM AT MY LIMIT|dawn|\n|teamsize|p1|6\n|teamsize|p2|6\n|gametype|singles\n|gen|8\n|tier|[Gen 8] OU (Blitz)\n|rated|Tournament battle\n|clearpoke\n|poke|p1|Regieleki|\n|poke|p1|Landorus-Therian, M|\n|poke|p1|Magearna|\n|poke|p1|Spectrier|\n|poke|p1|Garchomp, F|\n|poke|p1|Cinderace, F|\n|poke|p2|Jirachi|\n|poke|p2|Clefable, M|\n|poke|p2|Pikachu, F|\n|poke|p2|Garchomp, F|\n|poke|p2|Mandibuzz, F|\n|poke|p2|Blissey, F|\n|rule|Sleep Clause Mod: Limit one foe put to sleep\n|rule|Species Clause: Limit one of each Pok\u00e9mon\n|rule|OHKO Clause: OHKO moves are banned\n|rule|Evasion Moves Clause: Evasion moves are banned\n|rule|Endless Battle Clause: Forcing endless battles is banned\n|rule|HP Percentage Mod: HP is shown in percentages\n|rule|Dynamax Clause: You cannot dynamax\n|rule|Blitz: Super-fast timer\n|teampreview\n|inactive|IM AT MY LIMIT also wants the timer to be on.\n|j| E1992F\n|inactive|IM AT MY LIMIT has 30 seconds left.\n|\n|t:|1610912735\n|start\n|switch|p1a: Regieleki|Regieleki|100\/100\n|switch|p2a: Ash's wet sock|Pikachu, F, shiny|100\/100\n|turn|1\n|\n|t:|1610912739\n|-singleturn|p2a: Ash's wet sock|move: Focus Punch\n|move|p1a: Regieleki|Reflect|p1a: Regieleki\n|-sidestart|p1: Ladder McLinoone|Reflect\n|move|p2a: Ash's wet sock|Focus Punch|p1a: Regieleki\n|-damage|p1a: Regieleki|44\/100\n|\n|upkeep\n|turn|2\n|\n|t:|1610912742\n|move|p1a: Regieleki|Light Screen|p1a: Regieleki\n|-sidestart|p1: Ladder McLinoone|move: Light Screen\n|move|p2a: Ash's wet sock|Knock Off|p1a: Regieleki\n|-damage|p1a: Regieleki|7\/100\n|-enditem|p1a: Regieleki|Light Clay|[from] move: Knock Off|[of] p2a: Ash's wet sock\n|\n|upkeep\n|turn|3\n|\n|t:|1610912743\n|move|p2a: Ash's wet sock|Extreme Speed|p1a: Regieleki\n|-damage|p1a: Regieleki|0 fnt\n|faint|p1a: Regieleki\n|\n|upkeep\n|j| ciux\n|\n|t:|1610912748\n|switch|p1a: Landorus|Landorus-Therian, M|100\/100\n|-ability|p1a: Landorus|Intimidate|boost\n|-unboost|p2a: Ash's wet sock|atk|1\n|turn|4\n|\n|t:|1610912751\n|switch|p2a: Oh|Mandibuzz, F, shiny|100\/100\n|move|p1a: Landorus|Stealth Rock|p2a: Oh\n|-sidestart|p2: IM AT MY LIMIT|move: Stealth Rock\n|\n|upkeep\n|turn|5\n|\n|t:|1610912755\n|move|p1a: Landorus|Swords Dance|p1a: Landorus\n|-boost|p1a: Landorus|atk|2\n|move|p2a: Oh|Roost||[still]\n|-fail|p2a: Oh|heal\n|\n|upkeep\n|turn|6\n|\n|t:|1610912757\n|move|p1a: Landorus|Explosion|p2a: Oh\n|-damage|p2a: Oh|0 fnt\n|faint|p1a: Landorus\n|faint|p2a: Oh\n|\n|upkeep\n|c| ciux|pika \ud83d\ude33\ud83d\ude33\n|inactive|Ladder McLinoone has 10 seconds left.\n|inactive|IM AT MY LIMIT has 10 seconds left.\n|\n|t:|1610912764\n|switch|p1a: Cinderace|Cinderace, F|100\/100\n|switch|p2a: Ash's wet sock|Pikachu, F, shiny|100\/100\n|-damage|p2a: Ash's wet sock|88\/100|[from] Stealth Rock\n|turn|7\n|\n|t:|1610912767\n|move|p2a: Ash's wet sock|Extreme Speed|p1a: Cinderace\n|-damage|p1a: Cinderace|76\/100\n|move|p1a: Cinderace|Sucker Punch||[still]\n|-fail|p1a: Cinderace\n|\n|upkeep\n|turn|8\n|inactive|IM AT MY LIMIT has 10 seconds left.\n|\n|t:|1610912772\n|move|p1a: Cinderace|Sucker Punch|p2a: Ash's wet sock\n|-start|p1a: Cinderace|typechange|Dark|[from] ability: Libero\n|-damage|p2a: Ash's wet sock|0 fnt\n|faint|p2a: Ash's wet sock\n|\n|-sideend|p1: Ladder McLinoone|Reflect\n|upkeep\n|inactive|IM AT MY LIMIT has 10 seconds left.\n|\n|t:|1610912778\n|switch|p2a: African west virus|Garchomp, F|100\/100\n|-damage|p2a: African west virus|94\/100|[from] Stealth Rock\n|turn|9\n|\n|t:|1610912782\n|move|p1a: Cinderace|Zen Headbutt|p2a: African west virus\n|-start|p1a: Cinderace|typechange|Psychic|[from] ability: Libero\n|-damage|p2a: African west virus|70\/100\n|-damage|p1a: Cinderace|64\/100|[from] ability: Rough Skin|[of] p2a: African west virus\n|-damage|p1a: Cinderace|47\/100|[from] item: Rocky Helmet|[of] p2a: African west virus\n|move|p2a: African west virus|Earthquake|p1a: Cinderace\n|-damage|p1a: Cinderace|0 fnt\n|faint|p1a: Cinderace\n|\n|-sideend|p1: Ladder McLinoone|move: Light Screen\n|upkeep\n|\n|t:|1610912785\n|switch|p1a: Garchomp|Garchomp, F|100\/100\n|turn|10\n|\n|t:|1610912787\n|move|p1a: Garchomp|Scale Shot|p2a: African west virus\n|-supereffective|p2a: African west virus\n|-damage|p2a: African west virus|51\/100\n|-supereffective|p2a: African west virus\n|-damage|p2a: African west virus|30\/100\n|-supereffective|p2a: African west virus\n|-damage|p2a: African west virus|11\/100\n|-supereffective|p2a: African west virus\n|-crit|p2a: African west virus\n|-damage|p2a: African west virus|0 fnt\n|-hitcount|p2a: African west virus|4\n|-unboost|p1a: Garchomp|def|1\n|-boost|p1a: Garchomp|spe|1\n|-damage|p1a: Garchomp|91\/100|[from] item: Life Orb\n|faint|p2a: African west virus\n|\n|upkeep\n|inactive|IM AT MY LIMIT has 10 seconds left.\n|\n|t:|1610912792\n|switch|p2a: GUSTAVO FRING|Clefable, M, shiny|100\/100\n|turn|11\n|\n|t:|1610912794\n|switch|p1a: Magearna|Magearna|100\/100\n|move|p2a: GUSTAVO FRING|Moonblast|p1a: Magearna\n|-resisted|p1a: Magearna\n|-damage|p1a: Magearna|72\/100\n|\n|upkeep\n|turn|12\n|\n|t:|1610912797\n|switch|p2a: The RACHI|Jirachi|100\/100\n|-damage|p2a: The RACHI|94\/100|[from] Stealth Rock\n|move|p1a: Magearna|Calm Mind|p1a: Magearna\n|-boost|p1a: Magearna|spa|1\n|-boost|p1a: Magearna|spd|1\n|\n|upkeep\n|turn|13\n|\n|t:|1610912802\n|move|p2a: The RACHI|Trick|p1a: Magearna\n|-activate|p2a: The RACHI|move: Trick|[of] p1a: Magearna\n|-item|p1a: Magearna|Choice Scarf|[from] move: Trick\n|-item|p2a: The RACHI|Weakness Policy|[from] move: Trick\n|move|p1a: Magearna|Shift Gear|p1a: Magearna\n|-boost|p1a: Magearna|spe|2\n|-boost|p1a: Magearna|atk|1\n|\n|upkeep\n|turn|14\n|\n|t:|1610912807\n|switch|p1a: Spectrier|Spectrier|100\/100\n|move|p2a: The RACHI|Iron Head|p1a: Spectrier\n|-damage|p1a: Spectrier|51\/100\n|\n|-heal|p1a: Spectrier|57\/100|[from] item: Leftovers\n|upkeep\n|turn|15\n|\n|t:|1610912812\n|switch|p2a: BOOM|Blissey, F, shiny|100\/100\n|move|p1a: Spectrier|Will-O-Wisp|p2a: BOOM\n|-status|p2a: BOOM|brn\n|\n|-heal|p1a: Spectrier|63\/100|[from] item: Leftovers\n|-damage|p2a: BOOM|94\/100 brn|[from] brn\n|upkeep\n|turn|16\n|\n|t:|1610912815\n|switch|p1a: Garchomp|Garchomp, F|91\/100\n|switch|p2a: GUSTAVO FRING|Clefable, M, shiny|100\/100\n|\n|upkeep\n|turn|17\n|\n|t:|1610912818\n|move|p1a: Garchomp|Earthquake|p2a: GUSTAVO FRING\n|-damage|p2a: GUSTAVO FRING|16\/100\n|-damage|p1a: Garchomp|81\/100|[from] item: Life Orb\n|move|p2a: GUSTAVO FRING|Moonblast|p1a: Garchomp\n|-supereffective|p1a: Garchomp\n|-damage|p1a: Garchomp|0 fnt\n|faint|p1a: Garchomp\n|\n|upkeep\n|\n|t:|1610912820\n|switch|p1a: Spectrier|Spectrier|63\/100\n|turn|18\n|\n|t:|1610912824\n|switch|p2a: BOOM|Blissey, F, shiny|94\/100\n|move|p1a: Spectrier|Hex|p2a: BOOM\n|-immune|p2a: BOOM\n|\n|-heal|p1a: Spectrier|69\/100|[from] item: Leftovers\n|upkeep\n|turn|19\n|\n|t:|1610912828\n|move|p1a: Spectrier|Will-O-Wisp|p2a: BOOM\n|-status|p2a: BOOM|brn\n|move|p2a: BOOM|Thunder Wave|p1a: Spectrier\n|-status|p1a: Spectrier|par\n|\n|-heal|p1a: Spectrier|76\/100 par|[from] item: Leftovers\n|-damage|p2a: BOOM|88\/100 brn|[from] brn\n|upkeep\n|turn|20\n|\n|t:|1610912831\n|switch|p1a: Magearna|Magearna|72\/100\n|move|p2a: BOOM|Wish|p2a: BOOM\n|\n|-damage|p2a: BOOM|82\/100 brn|[from] brn\n|upkeep\n|turn|21\n|\n|t:|1610912835\n|-curestatus|p2a: BOOM|brn|[from] ability: Natural Cure\n|switch|p2a: The RACHI|Jirachi|94\/100\n|-damage|p2a: The RACHI|88\/100|[from] Stealth Rock\n|move|p1a: Magearna|Shift Gear|p1a: Magearna\n|-boost|p1a: Magearna|spe|2\n|-boost|p1a: Magearna|atk|1\n|\n|-heal|p2a: The RACHI|100\/100|[from] move: Wish|[wisher] BOOM\n|upkeep\n|turn|22\n|\n|t:|1610912839\n|move|p1a: Magearna|Shift Gear|p1a: Magearna\n|-boost|p1a: Magearna|spe|2\n|-boost|p1a: Magearna|atk|1\n|move|p2a: The RACHI|Iron Head|p1a: Magearna\n|-damage|p1a: Magearna|36\/100\n|\n|upkeep\n|turn|23\n|\n|t:|1610912841\n|switch|p1a: Spectrier|Spectrier|76\/100 par\n|move|p2a: The RACHI|Iron Head|p1a: Spectrier\n|-damage|p1a: Spectrier|25\/100 par\n|\n|-heal|p1a: Spectrier|31\/100 par|[from] item: Leftovers\n|upkeep\n|turn|24\n|\n|t:|1610912844\n|move|p2a: The RACHI|Iron Head|p1a: Spectrier\n|-damage|p1a: Spectrier|0 fnt\n|faint|p1a: Spectrier\n|\n|upkeep\n|\n|t:|1610912846\n|switch|p1a: Magearna|Magearna|36\/100\n|turn|25\n|\n|t:|1610912848\n|move|p1a: Magearna|Stored Power|p2a: The RACHI\n|-resisted|p2a: The RACHI\n|-damage|p2a: The RACHI|99\/100\n|move|p2a: The RACHI|Iron Head|p1a: Magearna\n|-damage|p1a: Magearna|0 fnt\n|faint|p1a: Magearna\n|\n|win|IM AT MY LIMIT\n|n|\u2606Ladder McLinoone|laddermclinoone\n|n|\u2606IM AT MY LIMIT|imatmylimit\n|n| E1992F|e1992f\n|n| ciux|ciux\n|l|\u2606Ladder McLinoone\n|l| E1992F\n","uploadtime":1610912864,"views":38,"p1id":"laddermclinoone","p2id":"imatmylimit","formatid":"gen8oublitz","rating":0,"private":0,"password":null}