{"id":"gen8nationaldexag-1560479997","p1":"kostya2284k","p2":"Flashybee","format":"gen8nationaldexag","log":"|j|\u2606kostya2284k\n|j|\u2606Flashybee\n|t:|1650828280\n|gametype|singles\n|player|p1|kostya2284k|1|1705\n|player|p2|Flashybee|101|1838\n|teamsize|p1|3\n|teamsize|p2|6\n|gen|8\n|tier|[Gen 8] National Dex AG\n|rated|\n|rule|HP Percentage Mod: HP is shown in percentages\n|rule|Endless Battle Clause: Forcing endless battles is banned\n|clearpoke\n|poke|p1|Polteageist|\n|poke|p1|Arceus-*|\n|poke|p1|Arceus-*|\n|poke|p2|Excadrill, M|\n|poke|p2|Jirachi|\n|poke|p2|Yveltal|\n|poke|p2|Eternatus|\n|poke|p2|Arceus-*|\n|poke|p2|Palkia|\n|teampreview\n|\n|t:|1650828291\n|start\n|switch|p1a: Arceus|Arceus|100\/100\n|switch|p2a: Excadrill|Excadrill, M|100\/100\n|-ability|p2a: Excadrill|Mold Breaker\n|turn|1\n|\n|t:|1650828296\n|move|p2a: Excadrill|Rock Tomb|p1a: Arceus\n|-damage|p1a: Arceus|87\/100\n|-unboost|p1a: Arceus|spe|1\n|move|p1a: Arceus|Swords Dance|p1a: Arceus\n|-boost|p1a: Arceus|atk|2\n|\n|upkeep\n|turn|2\n|\n|t:|1650828303\n|move|p2a: Excadrill|Earthquake|p1a: Arceus\n|-damage|p1a: Arceus|50\/100\n|move|p1a: Arceus|Swords Dance|p1a: Arceus\n|-boost|p1a: Arceus|atk|2\n|\n|upkeep\n|turn|3\n|\n|t:|1650828308\n|move|p2a: Excadrill|Earthquake|p1a: Arceus\n|-damage|p1a: Arceus|14\/100\n|move|p1a: Arceus|Recover|p1a: Arceus\n|-heal|p1a: Arceus|64\/100\n|\n|upkeep\n|turn|4\n|\n|t:|1650828310\n|move|p2a: Excadrill|Earthquake|p1a: Arceus\n|-damage|p1a: Arceus|25\/100\n|move|p1a: Arceus|Recover|p1a: Arceus\n|-heal|p1a: Arceus|75\/100\n|\n|upkeep\n|turn|5\n|\n|t:|1650828313\n|move|p2a: Excadrill|Earthquake|p1a: Arceus\n|-damage|p1a: Arceus|43\/100\n|move|p1a: Arceus|Recover|p1a: Arceus\n|-heal|p1a: Arceus|93\/100\n|\n|upkeep\n|turn|6\n|\n|t:|1650828317\n|move|p2a: Excadrill|Earthquake|p1a: Arceus\n|-damage|p1a: Arceus|55\/100\n|move|p1a: Arceus|Recover|p1a: Arceus\n|-heal|p1a: Arceus|100\/100\n|\n|upkeep\n|turn|7\n|\n|t:|1650828324\n|move|p2a: Excadrill|Earthquake|p1a: Arceus\n|-damage|p1a: Arceus|66\/100\n|move|p1a: Arceus|Earthquake|p2a: Excadrill\n|-supereffective|p2a: Excadrill\n|-enditem|p2a: Excadrill|Focus Sash\n|-damage|p2a: Excadrill|1\/100\n|\n|upkeep\n|turn|8\n|\n|t:|1650828327\n|move|p2a: Excadrill|Earthquake|p1a: Arceus\n|-damage|p1a: Arceus|32\/100\n|move|p1a: Arceus|Recover|p1a: Arceus\n|-heal|p1a: Arceus|82\/100\n|\n|upkeep\n|turn|9\n|\n|t:|1650828329\n|move|p2a: Excadrill|Earthquake|p1a: Arceus\n|-damage|p1a: Arceus|46\/100\n|move|p1a: Arceus|Recover|p1a: Arceus\n|-heal|p1a: Arceus|96\/100\n|\n|upkeep\n|turn|10\n|\n|t:|1650828333\n|move|p2a: Excadrill|Earthquake|p1a: Arceus\n|-crit|p1a: Arceus\n|-damage|p1a: Arceus|39\/100\n|move|p1a: Arceus|Recover|p1a: Arceus\n|-heal|p1a: Arceus|89\/100\n|\n|upkeep\n|turn|11\n|\n|t:|1650828335\n|move|p2a: Excadrill|Earthquake|p1a: Arceus\n|-damage|p1a: Arceus|53\/100\n|move|p1a: Arceus|Recover|p1a: Arceus\n|-heal|p1a: Arceus|100\/100\n|\n|upkeep\n|turn|12\n|\n|t:|1650828338\n|move|p1a: Arceus|Extreme Speed|p2a: Excadrill\n|-resisted|p2a: Excadrill\n|-damage|p2a: Excadrill|0 fnt\n|faint|p2a: Excadrill\n|\n|upkeep\n|\n|t:|1650828344\n|switch|p2a: Jirachi|Jirachi, shiny|100\/100\n|turn|13\n|\n|t:|1650828348\n|move|p1a: Arceus|Extreme Speed|p2a: Jirachi\n|-resisted|p2a: Jirachi\n|-damage|p2a: Jirachi|43\/100\n|move|p2a: Jirachi|Encore|p1a: Arceus\n|-start|p1a: Arceus|Encore\n|\n|upkeep\n|turn|14\n|\n|t:|1650828357\n|-start|p1a: Arceus|Dynamax|\n|-heal|p1a: Arceus|100\/100|[silent]\n|-zpower|p2a: Jirachi\n|move|p2a: Jirachi|Z-Happy Hour|p2a: Jirachi|[anim]Happy Hour\n|-boost|p2a: Jirachi|atk|1|[zeffect]\n|-boost|p2a: Jirachi|def|1|[zeffect]\n|-boost|p2a: Jirachi|spa|1|[zeffect]\n|-boost|p2a: Jirachi|spd|1|[zeffect]\n|-boost|p2a: Jirachi|spe|1|[zeffect]\n|move|p1a: Arceus|Max Quake|p2a: Jirachi\n|-supereffective|p2a: Jirachi\n|-damage|p2a: Jirachi|0 fnt\n|-boost|p1a: Arceus|spd|1\n|faint|p2a: Jirachi\n|\n|upkeep\n|\n|t:|1650828368\n|switch|p2a: Eternatus|Eternatus|100\/100\n|-ability|p2a: Eternatus|Pressure\n|turn|15\n|\n|t:|1650828372\n|move|p2a: Eternatus|Dynamax Cannon|p1a: Arceus\n|-damage|p1a: Arceus|70\/100\n|-damage|p2a: Eternatus|91\/100|[from] item: Life Orb\n|move|p1a: Arceus|Max Quake|p2a: Eternatus\n|-supereffective|p2a: Eternatus\n|-damage|p2a: Eternatus|0 fnt\n|-boost|p1a: Arceus|spd|1\n|faint|p2a: Eternatus\n|\n|upkeep\n|\n|t:|1650828376\n|switch|p2a: Yveltal|Yveltal|100\/100\n|-ability|p2a: Yveltal|Dark Aura\n|turn|16\n|\n|t:|1650828380\n|-start|p2a: Yveltal|Dynamax|\n|-heal|p2a: Yveltal|100\/100|[silent]\n|move|p2a: Yveltal|Max Guard|p2a: Yveltal\n|-singleturn|p2a: Yveltal|Max Guard\n|move|p1a: Arceus|Max Strike|p2a: Yveltal\n|-activate|p2a: Yveltal|move: Max Guard\n|\n|-end|p1a: Arceus|Encore\n|-end|p1a: Arceus|Dynamax\n|-heal|p1a: Arceus|70\/100|[silent]\n|upkeep\n|turn|17\n|\n|t:|1650828388\n|move|p2a: Yveltal|Max Darkness|p1a: Arceus\n|-damage|p1a: Arceus|32\/100\n|-unboost|p1a: Arceus|spd|1\n|-damage|p2a: Yveltal|96\/100|[from] item: Life Orb\n|move|p1a: Arceus|Recover|p1a: Arceus\n|-heal|p1a: Arceus|82\/100\n|\n|upkeep\n|turn|18\n|\n|t:|1650828392\n|move|p1a: Arceus|Extreme Speed|p2a: Yveltal\n|-damage|p2a: Yveltal|39\/100\n|move|p2a: Yveltal|Max Darkness|p1a: Arceus\n|-damage|p1a: Arceus|30\/100\n|-unboost|p1a: Arceus|spd|1\n|-damage|p2a: Yveltal|34\/100|[from] item: Life Orb\n|\n|-end|p2a: Yveltal|Dynamax\n|-heal|p2a: Yveltal|34\/100|[silent]\n|upkeep\n|turn|19\n|\n|t:|1650828398\n|move|p1a: Arceus|Extreme Speed|p2a: Yveltal\n|-damage|p2a: Yveltal|0 fnt\n|faint|p2a: Yveltal\n|\n|upkeep\n|\n|t:|1650828400\n|switch|p2a: Palkia|Palkia|100\/100\n|-ability|p2a: Palkia|Pressure\n|turn|20\n|\n|t:|1650828405\n|move|p1a: Arceus|Extreme Speed|p2a: Palkia\n|-damage|p2a: Palkia|0 fnt\n|faint|p2a: Palkia\n|\n|upkeep\n|-message|Flashybee forfeited.\n|\n|win|kostya2284k\n|raw|kostya2284k's rating: 1705 &rarr; <strong>1732<\/strong><br \/>(+27 for winning)\n|raw|Flashybee's rating: 1838 &rarr; <strong>1811<\/strong><br \/>(-27 for losing)\n|l|\u2606Flashybee\n|c|\u2606kostya2284k|lmao\n||Ladder isn't responding, score probably updated but might not have (Request timeout).\n","uploadtime":1650828426,"views":15,"p1id":"kostya2284k","p2id":"flashybee","formatid":"gen8nationaldexag","rating":1732,"private":0,"password":null}