{"id":"gen8unratedrandombattle-1627504799","p1":"Batataplays","p2":"Alonge","format":"gen8unratedrandombattle","log":"|j|\u2606Batataplays\n|j|\u2606Alonge\n|t:|1659058438\n|gametype|singles\n|player|p1|Batataplays|169|\n|player|p2|Alonge|leaf-masters|\n|teamsize|p1|6\n|teamsize|p2|6\n|gen|8\n|tier|[Gen 8] Unrated Random Battle\n|rule|Species Clause: Limit one of each Pok\u00e9mon\n|rule|HP Percentage Mod: HP is shown in percentages\n|rule|Sleep Clause Mod: Limit one foe put to sleep\n|\n|t:|1659058438\n|start\n|switch|p1a: Eldegoss|Eldegoss, L90, M|254\/254\n|switch|p2a: Escavalier|Escavalier, L84, F|255\/255\n|turn|1\n|inactive|Battle timer is ON: inactive players will automatically lose when time's up. (requested by Alonge)\n|\n|t:|1659058446\n|switch|p1a: Victini|Victini, L78|283\/283\n|move|p2a: Escavalier|Megahorn|p1a: Victini\n|-damage|p1a: Victini|42\/283\n|\n|upkeep\n|turn|2\n|\n|t:|1659058457\n|switch|p2a: Lycanroc|Lycanroc-Midnight, L82, M|274\/274\n|move|p1a: Victini|Blue Flare|p2a: Lycanroc\n|-resisted|p2a: Lycanroc\n|-damage|p2a: Lycanroc|201\/274\n|\n|upkeep\n|turn|3\n|\n|t:|1659058466\n|move|p2a: Lycanroc|Sucker Punch|p1a: Victini\n|-supereffective|p1a: Victini\n|-damage|p1a: Victini|0 fnt\n|faint|p1a: Victini\n|-damage|p2a: Lycanroc|174\/274|[from] item: Life Orb\n|\n|upkeep\n|\n|t:|1659058474\n|switch|p1a: Darmanitan|Darmanitan-Galar, L78, M|292\/292\n|turn|4\n|\n|t:|1659058494\n|move|p1a: Darmanitan|Substitute|p1a: Darmanitan\n|-start|p1a: Darmanitan|Substitute\n|-damage|p1a: Darmanitan|219\/292\n|move|p2a: Lycanroc|Iron Tail|p1a: Darmanitan\n|-supereffective|p1a: Darmanitan\n|-end|p1a: Darmanitan|Substitute\n|-damage|p2a: Lycanroc|147\/274|[from] item: Life Orb\n|\n|upkeep\n|turn|5\n|\n|t:|1659058499\n|move|p1a: Darmanitan|Icicle Crash|p2a: Lycanroc\n|-damage|p2a: Lycanroc|21\/274\n|cant|p2a: Lycanroc|flinch\n|\n|upkeep\n|turn|6\n|\n|t:|1659058503\n|move|p2a: Lycanroc|Sucker Punch||[still]\n|-fail|p2a: Lycanroc\n|move|p1a: Darmanitan|Substitute|p1a: Darmanitan\n|-start|p1a: Darmanitan|Substitute\n|-damage|p1a: Darmanitan|146\/292\n|\n|-formechange|p1a: Darmanitan|Darmanitan-Galar-Zen|\n|upkeep\n|turn|7\n|\n|t:|1659058508\n|move|p2a: Lycanroc|Sucker Punch|p1a: Darmanitan\n|-end|p1a: Darmanitan|Substitute\n|-damage|p2a: Lycanroc|0 fnt|[from] item: Life Orb\n|faint|p2a: Lycanroc\n|move|p1a: Darmanitan|Fire Punch|p2: Lycanroc|[notarget]\n|-fail|p1a: Darmanitan\n|\n|upkeep\n|\n|t:|1659058514\n|switch|p2a: Tapu Koko|Tapu Koko, L78|237\/237\n|-fieldstart|move: Electric Terrain|[from] ability: Electric Surge|[of] p2a: Tapu Koko\n|turn|8\n|\n|t:|1659058529\n|move|p1a: Darmanitan|Icicle Crash|p2a: Tapu Koko\n|-crit|p2a: Tapu Koko\n|-damage|p2a: Tapu Koko|33\/237\n|cant|p2a: Tapu Koko|flinch\n|\n|upkeep\n|turn|9\n|\n|t:|1659058534\n|move|p1a: Darmanitan|Fire Punch|p2a: Tapu Koko\n|-damage|p2a: Tapu Koko|0 fnt\n|faint|p2a: Tapu Koko\n|\n|upkeep\n|\n|t:|1659058538\n|switch|p2a: Porygon2|Porygon2, L82|274\/274\n|-ability|p2a: Porygon2|Download|boost\n|-boost|p2a: Porygon2|spa|1\n|turn|10\n|\n|t:|1659058544\n|-formechange|p1a: Darmanitan|Darmanitan-Galar|[silent]|[from] ability: Zen Mode\n|switch|p1a: Umbreon|Umbreon, L82, F|290\/290\n|move|p2a: Porygon2|Discharge|p1a: Umbreon\n|-damage|p1a: Umbreon|206\/290\n|-status|p1a: Umbreon|par\n|-activate|p1a: Umbreon|ability: Synchronize\n|-status|p2a: Porygon2|par\n|\n|-heal|p1a: Umbreon|224\/290 par|[from] item: Leftovers\n|upkeep\n|turn|11\n|\n|t:|1659058550\n|switch|p2a: Frosmoth|Frosmoth, L82, F|249\/249\n|cant|p1a: Umbreon|par\n|\n|-heal|p1a: Umbreon|242\/290 par|[from] item: Leftovers\n|upkeep\n|turn|12\n|\n|t:|1659058553\n|move|p2a: Frosmoth|Quiver Dance|p2a: Frosmoth\n|-boost|p2a: Frosmoth|spa|1\n|-boost|p2a: Frosmoth|spd|1\n|-boost|p2a: Frosmoth|spe|1\n|move|p1a: Umbreon|Toxic|p2a: Frosmoth\n|-status|p2a: Frosmoth|tox\n|\n|-heal|p1a: Umbreon|260\/290 par|[from] item: Leftovers\n|-damage|p2a: Frosmoth|234\/249 tox|[from] psn\n|-fieldend|move: Electric Terrain\n|upkeep\n|turn|13\n|\n|t:|1659058559\n|move|p1a: Umbreon|Protect|p1a: Umbreon\n|-singleturn|p1a: Umbreon|Protect\n|move|p2a: Frosmoth|Quiver Dance|p2a: Frosmoth\n|-boost|p2a: Frosmoth|spa|1\n|-boost|p2a: Frosmoth|spd|1\n|-boost|p2a: Frosmoth|spe|1\n|\n|-heal|p1a: Umbreon|278\/290 par|[from] item: Leftovers\n|-damage|p2a: Frosmoth|204\/249 tox|[from] psn\n|upkeep\n|turn|14\n|\n|t:|1659058561\n|move|p2a: Frosmoth|Bug Buzz|p1a: Umbreon\n|-supereffective|p1a: Umbreon\n|-damage|p1a: Umbreon|0 fnt\n|faint|p1a: Umbreon\n|\n|-damage|p2a: Frosmoth|159\/249 tox|[from] psn\n|upkeep\n|\n|t:|1659058565\n|switch|p1a: Zapdos|Zapdos, L78|268\/268\n|turn|15\n|\n|t:|1659058567\n|switch|p1a: Darmanitan|Darmanitan-Galar, L78, M|146\/292\n|-start|p2a: Frosmoth|Dynamax|\n|-heal|p2a: Frosmoth|318\/498 tox|[silent]\n|move|p2a: Frosmoth|Max Hailstorm|p1a: Darmanitan\n|-resisted|p1a: Darmanitan\n|-damage|p1a: Darmanitan|0 fnt\n|-weather|Hail\n|faint|p1a: Darmanitan\n|\n|-weather|Hail|[upkeep]\n|-damage|p2a: Frosmoth|258\/498 tox|[from] psn\n|upkeep\n|\n|t:|1659058574\n|switch|p1a: Ludicolo|Ludicolo, L86, F|278\/278\n|turn|16\n|\n|t:|1659058579\n|switch|p1a: Eldegoss|Eldegoss, L90, M|254\/254\n|move|p2a: Frosmoth|Max Flutterby|p1a: Eldegoss\n|-supereffective|p1a: Eldegoss\n|-damage|p1a: Eldegoss|0 fnt\n|faint|p1a: Eldegoss\n|\n|-weather|Hail|[upkeep]\n|-damage|p2a: Frosmoth|183\/498 tox|[from] psn\n|upkeep\n|\n|t:|1659058582\n|switch|p1a: Zapdos|Zapdos, L78|268\/268\n|turn|17\n|\n|t:|1659058591\n|move|p2a: Frosmoth|Max Hailstorm|p1a: Zapdos\n|-supereffective|p1a: Zapdos\n|-damage|p1a: Zapdos|0 fnt\n|faint|p1a: Zapdos\n|\n|-weather|Hail|[upkeep]\n|-damage|p2a: Frosmoth|93\/498 tox|[from] psn\n|upkeep\n|\n|t:|1659058593\n|switch|p1a: Ludicolo|Ludicolo, L86, F|278\/278\n|-end|p2a: Frosmoth|Dynamax\n|-heal|p2a: Frosmoth|47\/249 tox|[silent]\n|turn|18\n|\n|t:|1659058596\n|-start|p1a: Ludicolo|Dynamax|\n|-heal|p1a: Ludicolo|556\/556|[silent]\n|move|p1a: Ludicolo|Max Guard|p1a: Ludicolo\n|-singleturn|p1a: Ludicolo|Max Guard\n|move|p2a: Frosmoth|Bug Buzz|p1a: Ludicolo\n|-activate|p1a: Ludicolo|move: Max Guard\n|\n|-weather|Hail|[upkeep]\n|-damage|p1a: Ludicolo|539\/556|[from] Hail\n|-damage|p2a: Frosmoth|0 fnt|[from] psn\n|faint|p2a: Frosmoth\n|upkeep\n|\n|t:|1659058604\n|switch|p2a: Porygon2|Porygon2, L82|274\/274 par\n|-ability|p2a: Porygon2|Download|boost\n|-boost|p2a: Porygon2|atk|1\n|turn|19\n|\n|t:|1659058608\n|move|p1a: Ludicolo|Max Geyser|p2a: Porygon2\n|-damage|p2a: Porygon2|157\/274 par\n|-weather|RainDance\n|-damage|p1a: Ludicolo|512\/556|[from] item: Life Orb\n|move|p2a: Porygon2|Tri Attack|p1a: Ludicolo\n|-damage|p1a: Ludicolo|433\/556\n|\n|-weather|RainDance|[upkeep]\n|upkeep\n|turn|20\n|\n|t:|1659058611\n|move|p1a: Ludicolo|Max Geyser|p2a: Porygon2\n|-damage|p2a: Porygon2|0 fnt\n|faint|p2a: Porygon2\n|-damage|p1a: Ludicolo|406\/556|[from] item: Life Orb\n|\n|-weather|RainDance|[upkeep]\n|upkeep\n|\n|t:|1659058614\n|switch|p2a: Virizion|Virizion, L82|283\/283\n|-end|p1a: Ludicolo|Dynamax\n|-heal|p1a: Ludicolo|203\/278|[silent]\n|turn|21\n|\n|t:|1659058622\n|move|p1a: Ludicolo|Ice Beam|p2a: Virizion\n|-supereffective|p2a: Virizion\n|-damage|p2a: Virizion|166\/283\n|-damage|p1a: Ludicolo|176\/278|[from] item: Life Orb\n|move|p2a: Virizion|Close Combat|p1a: Ludicolo\n|-crit|p1a: Ludicolo\n|-damage|p1a: Ludicolo|0 fnt\n|-unboost|p2a: Virizion|def|1\n|-unboost|p2a: Virizion|spd|1\n|faint|p1a: Ludicolo\n|\n|win|Alonge\n","inputlog":">version 29034ad6f7484402524aaa050e70615f540fc5ff\n>start {\"formatid\":\"gen8unratedrandombattle\",\"seed\":[45323,35811,43435,50858]}\n>player p1 {\"name\":\"Batataplays\",\"avatar\":\"169\",\"rating\":0,\"seed\":[25693,18948,40494,8636]}\n>player p2 {\"name\":\"Alonge\",\"avatar\":\"leaf-masters\",\"rating\":0,\"seed\":[9243,28184,9306,23909]}\n>p1 switch 3\n>p2 move megahorn\n>p1 move blueflare\n>p2 switch 4\n>p1 move energyball\n>p2 move suckerpunch\n>p1 switch 6\n>p1 move substitute\n>p2 move irontail\n>p1 move iciclecrash\n>p2 move irontail\n>p1 move substitute\n>p2 move suckerpunch\n>p1 move firepunch\n>p2 move suckerpunch\n>p2 switch 5\n>p1 move iciclecrash\n>p2 move voltswitch\n>p1 move firepunch\n>p2 move voltswitch\n>p2 switch 2\n>p1 switch 5\n>p2 move discharge\n>p1 move wish\n>p2 switch 6\n>p1 move toxic\n>p2 move quiverdance\n>p1 move protect\n>p2 move quiverdance\n>p1 move wish\n>p2 move bugbuzz\n>p1 switch 4\n>p1 switch 5\n>p2 move icebeam dynamax\n>p1 switch 2\n>p1 switch 3\n>p2 move bugbuzz dynamax\n>p1 switch 5\n>p1 move discharge\n>p2 move icebeam dynamax\n>p1 switch 3\n>p1 move raindance dynamax\n>p2 move bugbuzz\n>p2 switch 6\n>p1 move hydropump dynamax\n>p2 move triattack\n>p1 move hydropump dynamax\n>p2 move recover\n>p2 switch 3\n>p1 move icebeam\n>p2 move closecombat","uploadtime":1659058625,"views":5,"p1id":"batataplays","p2id":"alonge","formatid":"gen8unratedrandombattle","rating":0,"private":0,"password":null}