{"id":"gen8ou-1699348563","p1":"rooopos","p2":"ZAINE SASSON","format":"gen8ou","log":"|j|\u2606rooopos\n|j|\u2606ZAINE SASSON\n|t:|1667230023\n|gametype|singles\n|player|p1|rooopos|2|1640\n|player|p2|ZAINE SASSON|ethan-masters|1684\n|teamsize|p1|6\n|teamsize|p2|6\n|gen|8\n|tier|[Gen 8] OU\n|rated|\n|rule|Sleep Clause Mod: Limit one foe put to sleep\n|rule|Species Clause: Limit one of each Pok\u00e9mon\n|rule|OHKO Clause: OHKO moves are banned\n|rule|Evasion Items Clause: Evasion items are banned\n|rule|Evasion Moves Clause: Evasion moves are banned\n|rule|Endless Battle Clause: Forcing endless battles is banned\n|rule|HP Percentage Mod: HP is shown in percentages\n|rule|Dynamax Clause: You cannot dynamax\n|clearpoke\n|poke|p1|Dragapult, M|\n|poke|p1|Urshifu-*, F|\n|poke|p1|Tapu Lele|\n|poke|p1|Landorus-Therian, M|\n|poke|p1|Zapdos|\n|poke|p1|Melmetal|\n|poke|p2|Slowking-Galar, F|\n|poke|p2|Landorus-Therian, M|\n|poke|p2|Ferrothorn, M|\n|poke|p2|Dragapult, M|\n|poke|p2|Zapdos-Galar|\n|poke|p2|Rotom-Wash|\n|teampreview\n|inactive|Battle timer is ON: inactive players will automatically lose when time's up. (requested by ZAINE SASSON)\n|\n|t:|1667230050\n|start\n|switch|p1a: Dragapult|Dragapult, M|100\/100\n|switch|p2a: Slowking|Slowking-Galar, F|100\/100\n|turn|1\n|\n|t:|1667230060\n|move|p1a: Dragapult|U-turn|p2a: Slowking\n|-damage|p2a: Slowking|84\/100\n|\n|t:|1667230062\n|switch|p1a: Melmetal|Melmetal|100\/100|[from]move: U-turn\n|move|p2a: Slowking|Ice Beam|p1a: Melmetal\n|-resisted|p1a: Melmetal\n|-damage|p1a: Melmetal|89\/100\n|\n|-heal|p1a: Melmetal|95\/100|[from] item: Leftovers\n|upkeep\n|turn|2\n|\n|t:|1667230069\n|switch|p1a: Zapdos|Zapdos|100\/100\n|switch|p2a: Ferrothorn|Ferrothorn, M|100\/100\n|\n|upkeep\n|turn|3\n|\n|t:|1667230080\n|switch|p2a: Landorus|Landorus-Therian, M|100\/100\n|-ability|p2a: Landorus|Intimidate|boost\n|-unboost|p1a: Zapdos|atk|1\n|move|p1a: Zapdos|Volt Switch|p2a: Landorus\n|-immune|p2a: Landorus\n|\n|upkeep\n|turn|4\n|\n|t:|1667230087\n|move|p1a: Zapdos|Hurricane|p2a: Landorus\n|-damage|p2a: Landorus|59\/100\n|-start|p2a: Landorus|confusion\n|-activate|p2a: Landorus|confusion\n|move|p2a: Landorus|Stealth Rock|p1a: Zapdos\n|-sidestart|p1: rooopos|move: Stealth Rock\n|\n|-heal|p2a: Landorus|65\/100|[from] item: Leftovers\n|upkeep\n|turn|5\n|\n|t:|1667230093\n|move|p1a: Zapdos|Defog|p2a: Landorus\n|-unboost|p2a: Landorus|evasion|1\n|-sideend|p1: rooopos|Stealth Rock|[from] move: Defog|[of] p1a: Zapdos\n|-activate|p2a: Landorus|confusion\n|move|p2a: Landorus|Toxic|p1a: Zapdos\n|-status|p1a: Zapdos|tox\n|\n|-heal|p2a: Landorus|71\/100|[from] item: Leftovers\n|-damage|p1a: Zapdos|94\/100 tox|[from] psn\n|upkeep\n|turn|6\n|\n|t:|1667230098\n|switch|p2a: Rotom|Rotom-Wash|100\/100\n|move|p1a: Zapdos|Hurricane|p2a: Rotom\n|-resisted|p2a: Rotom\n|-damage|p2a: Rotom|75\/100\n|\n|-heal|p2a: Rotom|82\/100|[from] item: Leftovers\n|-damage|p1a: Zapdos|82\/100 tox|[from] psn\n|upkeep\n|turn|7\n|\n|t:|1667230104\n|switch|p1a: Urshifu|Urshifu-Rapid-Strike, F|100\/100\n|switch|p2a: Slowking|Slowking-Galar, F|100\/100\n|\n|upkeep\n|turn|8\n|j| oRinNeGa7V1\n|inactive|ZAINE SASSON has 120 seconds left.\n|\n|t:|1667230137\n|move|p1a: Urshifu|Close Combat|p2a: Slowking\n|-resisted|p2a: Slowking\n|-damage|p2a: Slowking|78\/100\n|-unboost|p1a: Urshifu|def|1\n|-unboost|p1a: Urshifu|spd|1\n|move|p2a: Slowking|Sludge Bomb|p1a: Urshifu\n|-damage|p1a: Urshifu|15\/100\n|-status|p1a: Urshifu|psn\n|\n|-damage|p1a: Urshifu|3\/100 psn|[from] psn\n|upkeep\n|turn|9\n|\n|t:|1667230143\n|move|p1a: Urshifu|Close Combat|p2a: Slowking\n|-resisted|p2a: Slowking\n|-damage|p2a: Slowking|55\/100\n|-unboost|p1a: Urshifu|def|1\n|-unboost|p1a: Urshifu|spd|1\n|move|p2a: Slowking|Future Sight|p1a: Urshifu\n|-start|p2a: Slowking|move: Future Sight\n|\n|-damage|p1a: Urshifu|0 fnt|[from] psn\n|faint|p1a: Urshifu\n|upkeep\n|-message|rooopos forfeited.\n|\n|win|ZAINE SASSON\n|raw|rooopos's rating: 1640 &rarr; <strong>1623<\/strong><br \/>(-17 for losing)\n|raw|ZAINE SASSON's rating: 1684 &rarr; <strong>1701<\/strong><br \/>(+17 for winning)\n|l|\u2606rooopos\n","uploadtime":1667230152,"views":8,"p1id":"rooopos","p2id":"zainesasson","formatid":"gen8ou","rating":1623,"private":0,"password":null}