{"id":"gen8nationaldexmonotype-1552828293","p1":"Grandmaster Haku","p2":"Alu9204","format":"gen8nationaldexmonotype","log":"|j|\u2606Grandmaster Haku\n|j|\u2606Alu9204\n|t:|1649887409\n|gametype|singles\n|player|p1|Grandmaster Haku|bede|1370\n|player|p2|Alu9204|burglar|1447\n|teamsize|p1|6\n|teamsize|p2|6\n|gen|8\n|tier|[Gen 8] National Dex Monotype\n|rated|\n|rule|HP Percentage Mod: HP is shown in percentages\n|rule|Endless Battle Clause: Forcing endless battles is banned\n|rule|Same Type Clause: Pok\u00e9mon in a team must share a type\n|rule|Species Clause: Limit one of each Pok\u00e9mon\n|rule|OHKO Clause: OHKO moves are banned\n|rule|Evasion Moves Clause: Evasion moves are banned\n|rule|Dynamax Clause: You cannot dynamax\n|rule|Sleep Clause Mod: Limit one foe put to sleep\n|clearpoke\n|poke|p1|Gardevoir, F|\n|poke|p1|Victini|\n|poke|p1|Bronzong|\n|poke|p1|Slowbro, M|\n|poke|p1|Slowking-Galar, M|\n|poke|p1|Latios, M|\n|poke|p2|Infernape, F|\n|poke|p2|Terrakion|\n|poke|p2|Kommo-o, F|\n|poke|p2|Toxicroak, F|\n|poke|p2|Breloom, F|\n|poke|p2|Gallade, M|\n|teampreview\n|inactive|Battle timer is ON: inactive players will automatically lose when time's up. (requested by Alu9204)\n|\n|t:|1649887427\n|start\n|switch|p1a: Ace|Victini|100\/100\n|switch|p2a: Infernape|Infernape, F|100\/100\n|turn|1\n|\n|t:|1649887438\n|move|p2a: Infernape|Stealth Rock|p1a: Ace\n|-sidestart|p1: Grandmaster Haku|move: Stealth Rock\n|move|p1a: Ace|Brick Break|p2a: Infernape\n|-damage|p2a: Infernape|65\/100\n|\n|upkeep\n|turn|2\n|\n|t:|1649887447\n|move|p2a: Infernape|Flare Blitz|p1a: Ace\n|-resisted|p1a: Ace\n|-damage|p1a: Ace|73\/100\n|-damage|p2a: Infernape|55\/100|[from] Recoil\n|move|p1a: Ace|Substitute|p1a: Ace\n|-start|p1a: Ace|Substitute\n|-damage|p1a: Ace|48\/100\n|\n|upkeep\n|turn|3\n|\n|t:|1649887454\n|move|p2a: Infernape|Flare Blitz|p1a: Ace\n|-resisted|p1a: Ace\n|-crit|p1a: Ace\n|-end|p1a: Ace|Substitute\n|-damage|p2a: Infernape|45\/100|[from] Recoil|[of] p1a: Ace\n|move|p1a: Ace|Bolt Strike|p2a: Infernape\n|-damage|p2a: Infernape|0 fnt\n|faint|p2a: Infernape\n|\n|upkeep\n|\n|t:|1649887465\n|switch|p2a: Terrakion|Terrakion|100\/100\n|turn|4\n|\n|t:|1649887472\n|switch|p1a: Solomon|Slowbro, M|100\/100\n|move|p2a: Terrakion|Stone Edge|p1a: Solomon|[miss]\n|-miss|p2a: Terrakion|p1a: Solomon\n|\n|upkeep\n|turn|5\n|\n|t:|1649887481\n|switch|p2a: Toxicroak|Toxicroak, F|100\/100\n|move|p1a: Solomon|Future Sight|p2a: Toxicroak\n|-start|p1a: Solomon|move: Future Sight\n|\n|upkeep\n|turn|6\n|\n|t:|1649887490\n|move|p2a: Toxicroak|Gunk Shot|p1a: Solomon\n|-crit|p1a: Solomon\n|-damage|p1a: Solomon|38\/100\n|-status|p1a: Solomon|psn\n|-damage|p2a: Toxicroak|91\/100|[from] item: Life Orb\n|move|p1a: Solomon|Teleport|p1a: Solomon\n|\n|t:|1649887497\n|switch|p1a: Faith|Gardevoir, F, shiny|100\/100|[from]move: Teleport\n|-damage|p1a: Faith|88\/100|[from] Stealth Rock\n|-ability|p1a: Faith|Dry Skin|[from] ability: Trace|[of] p2a: Toxicroak\n|\n|upkeep\n|turn|7\n|\n|t:|1649887510\n|move|p1a: Faith|Protect|p1a: Faith\n|-singleturn|p1a: Faith|Protect\n|move|p2a: Toxicroak|Gunk Shot|p1a: Faith\n|-activate|p1a: Faith|move: Protect\n|\n|-end|p2a: Toxicroak|move: Future Sight\n|-supereffective|p2a: Toxicroak\n|-damage|p2a: Toxicroak|0 fnt\n|faint|p2a: Toxicroak\n|upkeep\n|\n|t:|1649887520\n|switch|p2a: Breloom|Breloom, F|100\/100\n|turn|8\n|\n|t:|1649887531\n|detailschange|p1a: Faith|Gardevoir-Mega, F, shiny\n|-mega|p1a: Faith|Gardevoir|Gardevoirite\n|move|p1a: Faith|Will-O-Wisp|p2a: Breloom\n|-status|p2a: Breloom|brn\n|move|p2a: Breloom|Spore|p1a: Faith\n|-status|p1a: Faith|slp|[from] move: Spore\n|\n|-damage|p2a: Breloom|94\/100 brn|[from] brn\n|upkeep\n|turn|9\n|\n|t:|1649887543\n|cant|p1a: Faith|slp\n|move|p2a: Breloom|Rock Tomb|p1a: Faith\n|-damage|p1a: Faith|69\/100 slp\n|-unboost|p1a: Faith|spe|1\n|\n|-damage|p2a: Breloom|88\/100 brn|[from] brn\n|upkeep\n|turn|10\n|\n|t:|1649887551\n|move|p2a: Breloom|Bullet Seed|p1a: Faith\n|-damage|p1a: Faith|57\/100 slp\n|-damage|p1a: Faith|46\/100 slp\n|-damage|p1a: Faith|35\/100 slp\n|-damage|p1a: Faith|22\/100 slp\n|-hitcount|p1a: Faith|4\n|cant|p1a: Faith|slp\n|\n|-damage|p2a: Breloom|82\/100 brn|[from] brn\n|upkeep\n|turn|11\n|\n|t:|1649887562\n|move|p2a: Breloom|Bullet Seed|p1a: Faith\n|-damage|p1a: Faith|10\/100 slp\n|-damage|p1a: Faith|0 fnt\n|faint|p1a: Faith\n|-hitcount|p1: Faith|2\n|\n|-damage|p2a: Breloom|76\/100 brn|[from] brn\n|upkeep\n|\n|t:|1649887568\n|switch|p1a: Cerebro|Latios, M, shiny|100\/100\n|-damage|p1a: Cerebro|88\/100|[from] Stealth Rock\n|turn|12\n|\n|t:|1649887574\n|move|p1a: Cerebro|Psychic|p2a: Breloom\n|-supereffective|p2a: Breloom\n|-damage|p2a: Breloom|0 fnt\n|faint|p2a: Breloom\n|\n|upkeep\n|\n|t:|1649887582\n|switch|p2a: Terrakion|Terrakion|100\/100\n|turn|13\n|\n|t:|1649887595\n|move|p1a: Cerebro|Psychic|p2a: Terrakion\n|-supereffective|p2a: Terrakion\n|-damage|p2a: Terrakion|0 fnt\n|faint|p2a: Terrakion\n|\n|upkeep\n|\n|t:|1649887600\n|switch|p2a: Kommo-o|Kommo-o, F|100\/100\n|turn|14\n|\n|t:|1649887605\n|move|p1a: Cerebro|Psychic|p2a: Kommo-o\n|-supereffective|p2a: Kommo-o\n|-damage|p2a: Kommo-o|0 fnt\n|faint|p2a: Kommo-o\n|\n|upkeep\n|\n|t:|1649887607\n|switch|p2a: Gallade|Gallade, M|100\/100\n|turn|15\n|\n|t:|1649887629\n|detailschange|p2a: Gallade|Gallade-Mega, M\n|-mega|p2a: Gallade|Gallade|Galladite\n|move|p1a: Cerebro|Psychic|p2a: Gallade\n|-damage|p2a: Gallade|46\/100\n|move|p2a: Gallade|Knock Off|p1a: Cerebro\n|-supereffective|p1a: Cerebro\n|-damage|p1a: Cerebro|0 fnt\n|-enditem|p1a: Cerebro|Choice Scarf|[from] move: Knock Off|[of] p2a: Gallade\n|faint|p1a: Cerebro\n|\n|upkeep\n|\n|t:|1649887641\n|switch|p1a: Solomon|Slowbro, M|71\/100 psn\n|turn|16\n|\n|t:|1649887646\n|move|p2a: Gallade|Knock Off|p1a: Solomon\n|-supereffective|p1a: Solomon\n|-damage|p1a: Solomon|26\/100 psn\n|-enditem|p1a: Solomon|Heavy-Duty Boots|[from] move: Knock Off|[of] p2a: Gallade\n|move|p1a: Solomon|Scald|p2a: Gallade\n|-damage|p2a: Gallade|16\/100\n|\n|-damage|p1a: Solomon|14\/100 psn|[from] psn\n|upkeep\n|turn|17\n|\n|t:|1649887654\n|move|p2a: Gallade|Knock Off|p1a: Solomon\n|-supereffective|p1a: Solomon\n|-damage|p1a: Solomon|0 fnt\n|faint|p1a: Solomon\n|\n|upkeep\n|\n|t:|1649887656\n|switch|p1a: R2D2|Bronzong|100\/100\n|-damage|p1a: R2D2|94\/100|[from] Stealth Rock\n|turn|18\n|\n|t:|1649887663\n|move|p2a: Gallade|Knock Off|p1a: R2D2\n|-supereffective|p1a: R2D2\n|-enditem|p1a: R2D2|Colbur Berry|[eat]\n|-enditem|p1a: R2D2|Colbur Berry|[weaken]\n|-damage|p1a: R2D2|69\/100\n|move|p1a: R2D2|Iron Head|p2a: Gallade\n|-damage|p2a: Gallade|0 fnt\n|faint|p2a: Gallade\n|\n|win|Grandmaster Haku\n|raw|Grandmaster Haku's rating: 1370 &rarr; <strong>1394<\/strong><br \/>(+24 for winning)\n|raw|Alu9204's rating: 1447 &rarr; <strong>1423<\/strong><br \/>(-24 for losing)\n||Ladder isn't responding, score probably updated but might not have (Request timeout).\n|l|\u2606Alu9204\n","uploadtime":1649887745,"views":12,"p1id":"grandmasterhaku","p2id":"alu9204","formatid":"gen8nationaldexmonotype","rating":1394,"private":0,"password":null}