{"id":"gen8ou-1062202187","p1":"cinesamanoteras","p2":"winter lanterns","format":"gen8ou","log":"|j|\u2606cinesamanoteras\n|j|\u2606winter lanterns\n|player|p1|cinesamanoteras|2|1814\n|player|p2|winter lanterns|1|1808\n|teamsize|p1|6\n|teamsize|p2|6\n|gametype|singles\n|gen|8\n|tier|[Gen 8] OU\n|rated|\n|clearpoke\n|poke|p1|Hippowdon, M|\n|poke|p1|Ferrothorn, F|\n|poke|p1|Excadrill, M|\n|poke|p1|Tyranitar, M|\n|poke|p1|Dracovish|\n|poke|p1|Hydreigon, M|\n|poke|p2|Melmetal|\n|poke|p2|Primarina, F|\n|poke|p2|Kyurem-Black|\n|poke|p2|Cinderace, M|\n|poke|p2|Chandelure, M|\n|poke|p2|Kommo-o, F|\n|rule|Sleep Clause Mod: Limit one foe put to sleep\n|rule|Species Clause: Limit one of each Pok\u00e9mon\n|rule|OHKO Clause: OHKO moves are banned\n|rule|Evasion Moves Clause: Evasion moves are banned\n|rule|Endless Battle Clause: Forcing endless battles is banned\n|rule|HP Percentage Mod: HP is shown in percentages\n|rule|Dynamax Clause: You cannot dynamax\n|teampreview\n|\n|start\n|switch|p1a: Dracovish|Dracovish|100\/100\n|switch|p2a: Kommo-o|Kommo-o, F|100\/100\n|turn|1\n|c|\u2606cinesamanoteras|lol\n|c|\u2606cinesamanoteras|first time with new pokes\n|j| ladder4696\n|c|\u2606cinesamanoteras|how its working?\n|\n|move|p1a: Dracovish|Outrage|p2a: Kommo-o\n|-supereffective|p2a: Kommo-o\n|-damage|p2a: Kommo-o|0 fnt\n|faint|p2a: Kommo-o\n|\n|upkeep\n|\n|switch|p2a: Primarina|Primarina, F|100\/100\n|turn|2\n|\n|move|p1a: Dracovish|Outrage|p2a: Primarina|[from]lockedmove\n|-immune|p2a: Primarina\n|-start|p1a: Dracovish|confusion|[fatigue]\n|move|p2a: Primarina|Moonblast|p1a: Dracovish\n|-supereffective|p1a: Dracovish\n|-damage|p1a: Dracovish|0 fnt\n|faint|p1a: Dracovish\n|\n|upkeep\n|\n|switch|p1a: Ferrothorn|Ferrothorn, F|100\/100\n|turn|3\n|c|\u2606winter lanterns|its prtety wild lol\n|\n|switch|p2a: Cinderace|Cinderace, M|100\/100\n|move|p1a: Ferrothorn|Knock Off|p2a: Cinderace\n|-damage|p2a: Cinderace|41\/100\n|-enditem|p2a: Cinderace|Heavy-Duty Boots|[from] move: Knock Off|[of] p1a: Ferrothorn\n|\n|upkeep\n|turn|4\n|\n|switch|p1a: Hippowdon|Hippowdon, M|100\/100\n|-weather|Sandstorm|[from] ability: Sand Stream|[of] p1a: Hippowdon\n|move|p2a: Cinderace|U-turn|p1a: Hippowdon\n|-damage|p1a: Hippowdon|86\/100\n|\n|switch|p2a: Chandelure|Chandelure, M|100\/100|[from]move: U-turn\n|\n|-weather|Sandstorm|[upkeep]\n|-damage|p2a: Chandelure|94\/100|[from] Sandstorm\n|-heal|p1a: Hippowdon|92\/100|[from] item: Leftovers\n|upkeep\n|turn|5\n|j| rhaegal77\n|\n|move|p2a: Chandelure|Energy Ball|p1a: Hippowdon\n|-supereffective|p1a: Hippowdon\n|-damage|p1a: Hippowdon|0 fnt\n|faint|p1a: Hippowdon\n|\n|-weather|Sandstorm|[upkeep]\n|-damage|p2a: Chandelure|88\/100|[from] Sandstorm\n|upkeep\n|j| Relax Im New\n|\n|switch|p1a: Excadrill|Excadrill, M|100\/100\n|turn|6\n|inactive|Battle timer is ON: inactive players will automatically lose when time's up. (requested by cinesamanoteras)\n|c|\u2606winter lanterns|lol i have no drill counter\n|\n|move|p1a: Excadrill|Swords Dance|p1a: Excadrill\n|-boost|p1a: Excadrill|atk|2\n|move|p2a: Chandelure|Energy Ball|p1a: Excadrill\n|-damage|p1a: Excadrill|28\/100\n|\n|-weather|Sandstorm|[upkeep]\n|-damage|p2a: Chandelure|82\/100|[from] Sandstorm\n|upkeep\n|turn|7\n|\n|move|p1a: Excadrill|Earthquake|p2a: Chandelure\n|-supereffective|p2a: Chandelure\n|-damage|p2a: Chandelure|0 fnt\n|-damage|p1a: Excadrill|19\/100|[from] item: Life Orb\n|faint|p2a: Chandelure\n|\n|-weather|Sandstorm|[upkeep]\n|upkeep\n|\n|switch|p2a: Cinderace|Cinderace, M|41\/100\n|turn|8\n|l| rhaegal77\n|\n|switch|p1a: Hydreigon|Hydreigon, M|100\/100\n|switch|p2a: Primarina|Primarina, F|100\/100\n|\n|-weather|none\n|upkeep\n|turn|9\n|\n|switch|p1a: Ferrothorn|Ferrothorn, F|100\/100\n|move|p2a: Primarina|Moonblast|p1a: Ferrothorn\n|-resisted|p1a: Ferrothorn\n|-damage|p1a: Ferrothorn|70\/100\n|-unboost|p1a: Ferrothorn|spa|1\n|\n|upkeep\n|turn|10\n|\n|move|p2a: Primarina|Moonblast|p1a: Ferrothorn\n|-resisted|p1a: Ferrothorn\n|-damage|p1a: Ferrothorn|40\/100\n|move|p1a: Ferrothorn|Knock Off|p2a: Primarina\n|-resisted|p2a: Primarina\n|-damage|p2a: Primarina|69\/100\n|-enditem|p2a: Primarina|Choice Specs|[from] move: Knock Off|[of] p1a: Ferrothorn\n|\n|upkeep\n|turn|11\n|\n|switch|p2a: Cinderace|Cinderace, M|41\/100\n|switch|p1a: Tyranitar|Tyranitar, M|100\/100\n|-weather|Sandstorm|[from] ability: Sand Stream|[of] p1a: Tyranitar\n|\n|-weather|Sandstorm|[upkeep]\n|-damage|p2a: Cinderace|35\/100|[from] Sandstorm\n|upkeep\n|turn|12\n|\n|move|p2a: Cinderace|U-turn|p1a: Tyranitar\n|-supereffective|p1a: Tyranitar\n|-damage|p1a: Tyranitar|57\/100\n|j| rhaegal77\n|\n|switch|p2a: Primarina|Primarina, F|69\/100|[from]move: U-turn\n|move|p1a: Tyranitar|Crunch|p2a: Primarina\n|-resisted|p2a: Primarina\n|-damage|p2a: Primarina|14\/100\n|\n|-weather|Sandstorm|[upkeep]\n|-damage|p2a: Primarina|8\/100|[from] Sandstorm\n|upkeep\n|turn|13\n|\n|move|p2a: Primarina|Moonblast|p1a: Tyranitar\n|-supereffective|p1a: Tyranitar\n|-damage|p1a: Tyranitar|0 fnt\n|faint|p1a: Tyranitar\n|\n|-weather|Sandstorm|[upkeep]\n|-damage|p2a: Primarina|2\/100|[from] Sandstorm\n|upkeep\n|\n|switch|p1a: Excadrill|Excadrill, M|19\/100\n|turn|14\n|\n|move|p1a: Excadrill|Rapid Spin|p2a: Primarina\n|-damage|p2a: Primarina|0 fnt\n|-boost|p1a: Excadrill|spe|1\n|-damage|p1a: Excadrill|9\/100|[from] item: Life Orb\n|faint|p2a: Primarina\n|\n|-weather|Sandstorm|[upkeep]\n|upkeep\n|\n|switch|p2a: Kyurem|Kyurem-Black|100\/100\n|-ability|p2a: Kyurem|Teravolt\n|turn|15\n|\n|move|p1a: Excadrill|Earthquake|p2a: Kyurem\n|-damage|p2a: Kyurem|38\/100\n|-damage|p1a: Excadrill|0 fnt|[from] item: Life Orb\n|faint|p1a: Excadrill\n|move|p2a: Kyurem|Dragon Dance|p2a: Kyurem\n|-boost|p2a: Kyurem|atk|1\n|-boost|p2a: Kyurem|spe|1\n|\n|-weather|none\n|upkeep\n|j| JKongh\n|l| rhaegal77\n|c|\u2606cinesamanoteras|lol\n|c|\u2606cinesamanoteras|i know nothing\n|c|\u2606cinesamanoteras|this guy is dd now\n|c|\u2606cinesamanoteras|LOL\n|\n|switch|p1a: Ferrothorn|Ferrothorn, F|40\/100\n|turn|16\n|c|\u2606winter lanterns|its broken af\n|\n|move|p2a: Kyurem|Freeze Shock||[still]\n|-prepare|p2a: Kyurem|Freeze Shock|p1a: Ferrothorn\n|move|p1a: Ferrothorn|Knock Off|p2a: Kyurem\n|-damage|p2a: Kyurem|3\/100\n|-enditem|p2a: Kyurem|Life Orb|[from] move: Knock Off|[of] p1a: Ferrothorn\n|\n|upkeep\n|turn|17\n|c|\u2606cinesamanoteras|fuck hahahah\n|c|\u2606cinesamanoteras|i should gyro ball\n|\n|move|p2a: Kyurem|Freeze Shock|p1a: Ferrothorn|[from]lockedmove\n|-damage|p1a: Ferrothorn|0 fnt\n|faint|p1a: Ferrothorn\n|\n|upkeep\n|\n|switch|p1a: Hydreigon|Hydreigon, M|100\/100\n|turn|18\n|c|\u2606winter lanterns|oh im supposed to power herb lol\n|\n|move|p2a: Kyurem|Iron Head|p1a: Hydreigon\n|-damage|p1a: Hydreigon|34\/100\n|move|p1a: Hydreigon|Flamethrower|p2a: Kyurem\n|-damage|p2a: Kyurem|0 fnt\n|faint|p2a: Kyurem\n|\n|upkeep\n|\n|switch|p2a: Melmetal|Melmetal|100\/100\n|turn|19\n|l| Relax Im New\n|\n|move|p1a: Hydreigon|Flamethrower|p2a: Melmetal\n|-supereffective|p2a: Melmetal\n|-damage|p2a: Melmetal|0 fnt\n|faint|p2a: Melmetal\n|\n|upkeep\n|\n|switch|p2a: Cinderace|Cinderace, M|35\/100\n|turn|20\n|\n|move|p2a: Cinderace|U-turn|p1a: Hydreigon\n|-supereffective|p1a: Hydreigon\n|-damage|p1a: Hydreigon|0 fnt\n|faint|p1a: Hydreigon\n|\n|win|winter lanterns\n|l|\u2606winter lanterns\n|c|\u2606cinesamanoteras|lol\n|c|\u2606cinesamanoteras|weird\n|l|\u2606cinesamanoteras\n","uploadtime":1581537884,"views":23,"p1id":"cinesamanoteras","p2id":"winterlanterns","formatid":"gen8ou","rating":0,"private":0,"password":null}