{"id":"gen8randombattle-1693416995","p1":"Mr_ihansi","p2":"playeraccount","format":"gen8randombattle","log":"|j|\u2606Mr_ihansi\n|j|\u2606playeraccount\n|t:|1666604109\n|gametype|singles\n|player|p1|Mr_ihansi|170|1316\n|player|p2|playeraccount|266|1277\n|teamsize|p1|6\n|teamsize|p2|6\n|gen|8\n|tier|[Gen 8] Random Battle\n|rated|\n|rule|Species Clause: Limit one of each Pok\u00e9mon\n|rule|HP Percentage Mod: HP is shown in percentages\n|rule|Sleep Clause Mod: Limit one foe put to sleep\n|\n|t:|1666604109\n|start\n|switch|p1a: Terrakion|Terrakion, L78|270\/270\n|switch|p2a: Gothitelle|Gothitelle, L86, M|261\/261\n|turn|1\n|inactive|Battle timer is ON: inactive players will automatically lose when time's up. (requested by Mr_ihansi)\n|n|\u2606Mr_ihansi|mrihansi\n|\n|t:|1666604118\n|move|p1a: Terrakion|Stone Edge|p2a: Gothitelle\n|-damage|p2a: Gothitelle|115\/261\n|-damage|p1a: Terrakion|243\/270|[from] item: Life Orb\n|move|p2a: Gothitelle|Nasty Plot|p2a: Gothitelle\n|-boost|p2a: Gothitelle|spa|2\n|\n|-heal|p2a: Gothitelle|131\/261|[from] item: Leftovers\n|upkeep\n|turn|2\n|\n|t:|1666604121\n|move|p1a: Terrakion|Stone Edge|p2a: Gothitelle|[miss]\n|-miss|p1a: Terrakion|p2a: Gothitelle\n|move|p2a: Gothitelle|Psychic|p1a: Terrakion\n|-supereffective|p1a: Terrakion\n|-damage|p1a: Terrakion|0 fnt\n|faint|p1a: Terrakion\n|\n|-heal|p2a: Gothitelle|147\/261|[from] item: Leftovers\n|upkeep\n|\n|t:|1666604122\n|switch|p1a: Darmanitan|Darmanitan-Galar, L78, F|291\/291\n|turn|3\n|\n|t:|1666604127\n|move|p1a: Darmanitan|U-turn|p2a: Gothitelle\n|-supereffective|p2a: Gothitelle\n|-crit|p2a: Gothitelle\n|-damage|p2a: Gothitelle|0 fnt\n|faint|p2a: Gothitelle\n|\n|t:|1666604127\n|switch|p1a: Machamp|Machamp, L82, F|282\/282\n|\n|-status|p1a: Machamp|brn|[from] item: Flame Orb\n|upkeep\n|inactive|playeraccount has 120 seconds left.\n|\n|t:|1666604163\n|switch|p2a: Gastrodon|Gastrodon, L84, F|324\/324\n|turn|4\n|\n|t:|1666604167\n|move|p1a: Machamp|Close Combat|p2a: Gastrodon\n|-damage|p2a: Gastrodon|72\/324\n|-unboost|p1a: Machamp|def|1\n|-unboost|p1a: Machamp|spd|1\n|move|p2a: Gastrodon|Earthquake|p1a: Machamp\n|-damage|p1a: Machamp|129\/282 brn\n|\n|-heal|p2a: Gastrodon|92\/324|[from] item: Leftovers\n|-damage|p1a: Machamp|112\/282 brn|[from] brn\n|upkeep\n|turn|5\n|inactive|playeraccount has 120 seconds left.\n|\n|t:|1666604183\n|switch|p2a: Snorlax|Snorlax, L82, M|397\/397\n|move|p1a: Machamp|Knock Off|p2a: Snorlax\n|-damage|p2a: Snorlax|250\/397\n|-enditem|p2a: Snorlax|Chesto Berry|[from] move: Knock Off|[of] p1a: Machamp\n|\n|-damage|p1a: Machamp|95\/282 brn|[from] brn\n|upkeep\n|turn|6\n|\n|t:|1666604187\n|move|p1a: Machamp|Close Combat|p2a: Snorlax\n|-supereffective|p2a: Snorlax\n|-damage|p2a: Snorlax|0 fnt\n|-unboost|p1a: Machamp|def|1\n|-unboost|p1a: Machamp|spd|1\n|faint|p2a: Snorlax\n|\n|-damage|p1a: Machamp|78\/282 brn|[from] brn\n|upkeep\n|\n|t:|1666604191\n|switch|p2a: Entei|Entei, L78|307\/307\n|turn|7\n|\n|t:|1666604194\n|switch|p1a: Drampa|Drampa, L86, F|274\/274\n|move|p2a: Entei|Extreme Speed|p1a: Drampa\n|-damage|p1a: Drampa|185\/274\n|\n|-heal|p1a: Drampa|202\/274|[from] item: Leftovers\n|upkeep\n|turn|8\n|\n|t:|1666604217\n|switch|p2a: Gastrodon|Gastrodon, L84, F|92\/324\n|move|p1a: Drampa|Glare|p2a: Gastrodon\n|-status|p2a: Gastrodon|par\n|\n|-heal|p1a: Drampa|219\/274|[from] item: Leftovers\n|-heal|p2a: Gastrodon|112\/324 par|[from] item: Leftovers\n|upkeep\n|turn|9\n|\n|t:|1666604219\n|move|p1a: Drampa|Draco Meteor|p2a: Gastrodon\n|-damage|p2a: Gastrodon|0 fnt\n|-unboost|p1a: Drampa|spa|2\n|faint|p2a: Gastrodon\n|\n|-heal|p1a: Drampa|236\/274|[from] item: Leftovers\n|upkeep\n|\n|t:|1666604225\n|switch|p2a: Regirock|Regirock, L85|275\/275\n|turn|10\n|\n|t:|1666604227\n|switch|p1a: Shuckle|Shuckle, L87, M|177\/177\n|move|p2a: Regirock|Curse|p2a: Regirock\n|-unboost|p2a: Regirock|spe|1\n|-boost|p2a: Regirock|atk|1\n|-boost|p2a: Regirock|def|1\n|\n|upkeep\n|turn|11\n|\n|t:|1666604237\n|move|p2a: Regirock|Rock Slide|p1a: Shuckle\n|-supereffective|p1a: Shuckle\n|-damage|p1a: Shuckle|73\/177\n|move|p1a: Shuckle|Toxic|p2a: Regirock\n|-status|p2a: Regirock|tox\n|\n|-damage|p2a: Regirock|258\/275 tox|[from] psn\n|upkeep\n|turn|12\n|\n|t:|1666604240\n|move|p2a: Regirock|Rock Slide|p1a: Shuckle|[miss]\n|-miss|p2a: Regirock|p1a: Shuckle\n|move|p1a: Shuckle|Sticky Web|p2a: Regirock\n|-sidestart|p2: playeraccount|move: Sticky Web\n|\n|-damage|p2a: Regirock|224\/275 tox|[from] psn\n|upkeep\n|turn|13\n|\n|t:|1666604243\n|move|p2a: Regirock|Rock Slide|p1a: Shuckle\n|-supereffective|p1a: Shuckle\n|-damage|p1a: Shuckle|0 fnt\n|faint|p1a: Shuckle\n|\n|-damage|p2a: Regirock|173\/275 tox|[from] psn\n|upkeep\n|\n|t:|1666604244\n|switch|p1a: Darmanitan|Darmanitan-Galar, L78, F|291\/291\n|turn|14\n|\n|t:|1666604250\n|move|p1a: Darmanitan|Icicle Crash|p2a: Regirock\n|-damage|p2a: Regirock|118\/275 tox\n|move|p2a: Regirock|Rock Slide|p1a: Darmanitan\n|-supereffective|p1a: Darmanitan\n|-damage|p1a: Darmanitan|0 fnt\n|faint|p1a: Darmanitan\n|\n|-damage|p2a: Regirock|50\/275 tox|[from] psn\n|upkeep\n|\n|t:|1666604250\n|switch|p1a: Ribombee|Ribombee, L82, M|233\/233\n|turn|15\n|\n|t:|1666604258\n|move|p1a: Ribombee|Psychic|p2a: Regirock\n|-damage|p2a: Regirock|0 fnt\n|faint|p2a: Regirock\n|\n|upkeep\n|\n|t:|1666604263\n|switch|p2a: Nihilego|Nihilego, L79|302\/302\n|-activate|p2a: Nihilego|move: Sticky Web\n|-unboost|p2a: Nihilego|spe|1\n|turn|16\n|\n|t:|1666604270\n|switch|p1a: Drampa|Drampa, L86, F|236\/274\n|-start|p2a: Nihilego|Dynamax|\n|-heal|p2a: Nihilego|604\/604|[silent]\n|move|p2a: Nihilego|Max Rockfall|p1a: Drampa\n|-damage|p1a: Drampa|104\/274\n|-weather|Sandstorm\n|-ability|p1a: Drampa|Berserk|boost\n|-boost|p1a: Drampa|spa|1\n|\n|-weather|Sandstorm|[upkeep]\n|-damage|p1a: Drampa|87\/274|[from] Sandstorm\n|-heal|p1a: Drampa|104\/274|[from] item: Leftovers\n|upkeep\n|turn|17\n|\n|t:|1666604276\n|move|p2a: Nihilego|Max Overgrowth|p1a: Drampa\n|-resisted|p1a: Drampa\n|-damage|p1a: Drampa|59\/274\n|-fieldstart|move: Grassy Terrain\n|move|p1a: Drampa|Roost|p1a: Drampa\n|-heal|p1a: Drampa|196\/274\n|-singleturn|p1a: Drampa|move: Roost\n|\n|-weather|Sandstorm|[upkeep]\n|-damage|p1a: Drampa|179\/274|[from] Sandstorm\n|-heal|p1a: Drampa|196\/274|[from] Grassy Terrain\n|-heal|p1a: Drampa|213\/274|[from] item: Leftovers\n|upkeep\n|turn|18\n|\n|t:|1666604281\n|move|p2a: Nihilego|Max Rockfall|p1a: Drampa\n|-damage|p1a: Drampa|75\/274\n|-ability|p1a: Drampa|Berserk|boost\n|-boost|p1a: Drampa|spa|1\n|move|p1a: Drampa|Glare|p2a: Nihilego\n|-status|p2a: Nihilego|par\n|\n|-weather|Sandstorm|[upkeep]\n|-damage|p1a: Drampa|58\/274|[from] Sandstorm\n|-heal|p1a: Drampa|75\/274|[from] Grassy Terrain\n|-heal|p1a: Drampa|92\/274|[from] item: Leftovers\n|upkeep\n|-end|p2a: Nihilego|Dynamax\n|-heal|p2a: Nihilego|302\/302 par|[silent]\n|turn|19\n|\n|t:|1666604294\n|move|p1a: Drampa|Roost|p1a: Drampa\n|-heal|p1a: Drampa|229\/274\n|-singleturn|p1a: Drampa|move: Roost\n|cant|p2a: Nihilego|par\n|\n|-weather|Sandstorm|[upkeep]\n|-damage|p1a: Drampa|212\/274|[from] Sandstorm\n|-heal|p1a: Drampa|229\/274|[from] Grassy Terrain\n|-heal|p1a: Drampa|246\/274|[from] item: Leftovers\n|upkeep\n|turn|20\n|\n|t:|1666604298\n|move|p1a: Drampa|Fire Blast|p2a: Nihilego\n|-resisted|p2a: Nihilego\n|-damage|p2a: Nihilego|243\/302 par\n|cant|p2a: Nihilego|par\n|\n|-weather|none\n|-heal|p1a: Drampa|263\/274|[from] Grassy Terrain\n|-heal|p1a: Drampa|274\/274|[from] item: Leftovers\n|-heal|p2a: Nihilego|261\/302 par|[from] Grassy Terrain\n|-heal|p2a: Nihilego|279\/302 par|[from] item: Black Sludge\n|upkeep\n|turn|21\n|\n|t:|1666604309\n|move|p1a: Drampa|Draco Meteor|p2a: Nihilego|[miss]\n|-miss|p1a: Drampa|p2a: Nihilego\n|move|p2a: Nihilego|Power Gem|p1a: Drampa\n|-damage|p1a: Drampa|187\/274\n|\n|-heal|p1a: Drampa|204\/274|[from] Grassy Terrain\n|-heal|p1a: Drampa|221\/274|[from] item: Leftovers\n|-heal|p2a: Nihilego|297\/302 par|[from] Grassy Terrain\n|-heal|p2a: Nihilego|302\/302 par|[from] item: Black Sludge\n|-fieldend|move: Grassy Terrain\n|upkeep\n|turn|22\n|\n|t:|1666604318\n|move|p1a: Drampa|Draco Meteor|p2a: Nihilego\n|-damage|p2a: Nihilego|0 fnt\n|-unboost|p1a: Drampa|spa|2\n|faint|p2a: Nihilego\n|\n|-heal|p1a: Drampa|238\/274|[from] item: Leftovers\n|upkeep\n|\n|t:|1666604322\n|switch|p2a: Entei|Entei, L78|307\/307\n|-activate|p2a: Entei|move: Sticky Web\n|-unboost|p2a: Entei|spe|1\n|turn|23\n|\n|t:|1666604330\n|move|p2a: Entei|Flare Blitz|p1a: Drampa\n|-resisted|p1a: Drampa\n|-damage|p1a: Drampa|148\/274\n|-damage|p2a: Entei|277\/307|[from] Recoil\n|move|p1a: Drampa|Draco Meteor|p2a: Entei\n|-damage|p2a: Entei|66\/307\n|-unboost|p1a: Drampa|spa|2\n|\n|-heal|p1a: Drampa|165\/274|[from] item: Leftovers\n|upkeep\n|turn|24\n|\n|t:|1666604335\n|move|p2a: Entei|Flare Blitz|p1a: Drampa\n|-resisted|p1a: Drampa\n|-damage|p1a: Drampa|74\/274\n|-damage|p2a: Entei|36\/307|[from] Recoil\n|-ability|p1a: Drampa|Berserk|boost\n|-boost|p1a: Drampa|spa|1\n|move|p1a: Drampa|Draco Meteor|p2a: Entei\n|-damage|p2a: Entei|0 fnt\n|-unboost|p1a: Drampa|spa|2\n|faint|p2a: Entei\n|\n|win|Mr_ihansi\n|raw|Mr_ihansi's rating: 1316 &rarr; <strong>1334<\/strong><br \/>(+18 for winning)\n|raw|playeraccount's rating: 1277 &rarr; <strong>1255<\/strong><br \/>(-22 for losing)\n","inputlog":">version 9c5d654b898167f5ae9ca6e9cc2965040adf185e\n>start {\"formatid\":\"gen8randombattle\",\"seed\":[54621,5381,18169,57578],\"rated\":\"Rated battle\"}\n>player p1 {\"name\":\"Mr_ihansi\",\"avatar\":\"170\",\"rating\":1316,\"seed\":[29354,31250,19218,23913]}\n>player p2 {\"name\":\"playeraccount\",\"avatar\":\"266\",\"rating\":1277,\"seed\":[39347,26201,32967,34846]}\n>p1 move stoneedge\n>p2 move nastyplot\n>p1 move stoneedge\n>p2 move psychic\n>p1 switch 2\n>p1 move uturn\n>p2 move psychic\n>p1 switch 3\n>p2 switch 2\n>p1 move closecombat\n>p2 move earthquake\n>p1 move knockoff\n>p2 switch 6\n>p1 move closecombat\n>p2 move rest\n>p2 switch 5\n>p1 switch 5\n>p2 move extremespeed\n>p1 move glare\n>p2 switch 6\n>p1 move dracometeor\n>p2 move recover\n>p2 switch 3\n>p1 switch 4\n>p2 move curse\n>p1 move toxic\n>p2 move rockslide\n>p1 move stickyweb\n>p2 move rockslide\n>p1 move knockoff\n>p2 move rockslide\n>p1 switch 3\n>p1 move iciclecrash\n>p2 move rockslide\n>p1 switch 6\n>p1 move psychic\n>p2 move rockslide\n>p2 switch 4\n>p1 switch 4\n>p2 move powergem dynamax\n>p1 move roost\n>p2 move grassknot dynamax\n>p1 move glare\n>p2 move powergem dynamax\n>p1 move roost\n>p2 move powergem\n>p1 move fireblast\n>p2 move powergem\n>p1 move dracometeor\n>p2 move powergem\n>p1 move dracometeor\n>p2 move powergem\n>p2 switch 6\n>p1 move dracometeor\n>p2 move flareblitz\n>p1 move dracometeor\n>p2 move flareblitz","uploadtime":1666604337,"views":8,"p1id":"mrihansi","p2id":"playeraccount","formatid":"gen8randombattle","rating":1255,"private":0,"password":null}