{"id":"gen8nationaldex-1706968538","p1":"Ohseb","p2":"monstercandy","format":"gen8nationaldex","log":"|j|\u2606Ohseb\n|j|\u2606monstercandy\n|t:|1668037346\n|gametype|singles\n|player|p1|Ohseb|pokemaniac|1498\n|player|p2|monstercandy|gentleman|1426\n|teamsize|p1|6\n|teamsize|p2|6\n|gen|8\n|tier|[Gen 8] National Dex\n|rated|\n|rule|HP Percentage Mod: HP is shown in percentages\n|rule|Endless Battle Clause: Forcing endless battles is banned\n|rule|OHKO Clause: OHKO moves are banned\n|rule|Evasion Moves Clause: Evasion moves are banned\n|rule|Species Clause: Limit one of each Pok\u00e9mon\n|rule|Dynamax Clause: You cannot dynamax\n|rule|Sleep Clause Mod: Limit one foe put to sleep\n|clearpoke\n|poke|p1|Diancie|\n|poke|p1|Celesteela|\n|poke|p1|Rillaboom, M|\n|poke|p1|Kyurem|\n|poke|p1|Zapdos|\n|poke|p1|Landorus-Therian, M|\n|poke|p2|Blissey, F|\n|poke|p2|Clefable, M|\n|poke|p2|Kyurem|\n|poke|p2|Zapdos|\n|poke|p2|Muk-Alola, F|\n|poke|p2|Ferrothorn, F|\n|teampreview\n|inactive|Battle timer is ON: inactive players will automatically lose when time's up. (requested by monstercandy)\n|\n|t:|1668037359\n|start\n|switch|p1a: Celesteela|Celesteela, shiny|100\/100\n|switch|p2a: Zapdos|Zapdos|100\/100\n|turn|1\n|\n|t:|1668037365\n|move|p2a: Zapdos|Heat Wave|p1a: Celesteela\n|-supereffective|p1a: Celesteela\n|-damage|p1a: Celesteela|54\/100\n|move|p1a: Celesteela|Leech Seed|p2a: Zapdos|[miss]\n|-miss|p1a: Celesteela|p2a: Zapdos\n|\n|-heal|p1a: Celesteela|60\/100|[from] item: Leftovers\n|upkeep\n|turn|2\n|\n|t:|1668037372\n|move|p1a: Celesteela|Protect|p1a: Celesteela\n|-singleturn|p1a: Celesteela|Protect\n|move|p2a: Zapdos|Volt Switch|p1a: Celesteela\n|-activate|p1a: Celesteela|move: Protect\n|\n|-heal|p1a: Celesteela|66\/100|[from] item: Leftovers\n|upkeep\n|turn|3\n|\n|t:|1668037381\n|switch|p1a: Landorus|Landorus-Therian, M, shiny|100\/100\n|-ability|p1a: Landorus|Intimidate|boost\n|-unboost|p2a: Zapdos|atk|1\n|move|p2a: Zapdos|Heat Wave|p1a: Landorus\n|-damage|p1a: Landorus|52\/100\n|\n|upkeep\n|turn|4\n|\n|t:|1668037393\n|move|p1a: Landorus|Stone Edge|p2a: Zapdos\n|-supereffective|p2a: Zapdos\n|-damage|p2a: Zapdos|18\/100\n|move|p2a: Zapdos|Heat Wave|p1a: Landorus|[miss]\n|-miss|p2a: Zapdos|p1a: Landorus\n|\n|upkeep\n|turn|5\n|\n|t:|1668037403\n|switch|p2a: Ferrothorn|Ferrothorn, F|100\/100\n|move|p1a: Landorus|Stone Edge|p2a: Ferrothorn\n|-resisted|p2a: Ferrothorn\n|-damage|p2a: Ferrothorn|90\/100\n|\n|-heal|p2a: Ferrothorn|97\/100|[from] item: Leftovers\n|upkeep\n|turn|6\n|inactive|Ohseb has 120 seconds left.\n|\n|t:|1668037449\n|switch|p1a: Rillaboom|Rillaboom, M, shiny|100\/100\n|-fieldstart|move: Grassy Terrain|[from] ability: Grassy Surge|[of] p1a: Rillaboom\n|move|p2a: Ferrothorn|Stealth Rock|p1a: Rillaboom\n|-sidestart|p1: Ohseb|move: Stealth Rock\n|\n|-heal|p2a: Ferrothorn|100\/100|[from] Grassy Terrain\n|upkeep\n|turn|7\n|\n|t:|1668037458\n|switch|p2a: Clefable|Clefable, M|100\/100\n|move|p1a: Rillaboom|Superpower|p2a: Clefable\n|-resisted|p2a: Clefable\n|-damage|p2a: Clefable|61\/100\n|-unboost|p1a: Rillaboom|atk|1\n|-unboost|p1a: Rillaboom|def|1\n|\n|-heal|p2a: Clefable|67\/100|[from] Grassy Terrain\n|-heal|p2a: Clefable|73\/100|[from] item: Leftovers\n|upkeep\n|turn|8\n|\n|t:|1668037476\n|switch|p1a: Diancie|Diancie, shiny|100\/100\n|-damage|p1a: Diancie|88\/100|[from] Stealth Rock\n|move|p2a: Clefable|Knock Off|p1a: Diancie\n|-resisted|p1a: Diancie\n|-damage|p1a: Diancie|81\/100\n|\n|-heal|p1a: Diancie|88\/100|[from] Grassy Terrain\n|-heal|p2a: Clefable|79\/100|[from] Grassy Terrain\n|-heal|p2a: Clefable|85\/100|[from] item: Leftovers\n|upkeep\n|turn|9\n|\n|t:|1668037487\n|detailschange|p1a: Diancie|Diancie-Mega, shiny\n|-mega|p1a: Diancie|Diancie|Diancite\n|move|p1a: Diancie|Diamond Storm|p2a: Clefable\n|-damage|p2a: Clefable|23\/100\n|move|p2a: Clefable|Wish|p2a: Clefable\n|\n|-heal|p1a: Diancie|94\/100|[from] Grassy Terrain\n|-heal|p2a: Clefable|29\/100|[from] Grassy Terrain\n|-heal|p2a: Clefable|35\/100|[from] item: Leftovers\n|upkeep\n|turn|10\n|\n|t:|1668037505\n|move|p2a: Clefable|Protect|p2a: Clefable\n|-singleturn|p2a: Clefable|Protect\n|move|p1a: Diancie|Mystical Fire|p2a: Clefable\n|-activate|p2a: Clefable|move: Protect\n|\n|-heal|p2a: Clefable|85\/100|[from] move: Wish|[wisher] Clefable\n|-heal|p1a: Diancie|99\/100|[from] Grassy Terrain\n|-heal|p2a: Clefable|91\/100|[from] Grassy Terrain\n|-heal|p2a: Clefable|97\/100|[from] item: Leftovers\n|-fieldend|move: Grassy Terrain\n|upkeep\n|turn|11\n|\n|t:|1668037516\n|switch|p2a: Blissey|Blissey, F|100\/100\n|move|p1a: Diancie|Diamond Storm|p2a: Blissey\n|-damage|p2a: Blissey|55\/100\n|-boost|p1a: Diancie|def|2\n|\n|upkeep\n|turn|12\n|\n|t:|1668037524\n|move|p1a: Diancie|Diamond Storm|p2a: Blissey\n|-damage|p2a: Blissey|13\/100\n|move|p2a: Blissey|Soft-Boiled|p2a: Blissey\n|-heal|p2a: Blissey|63\/100\n|\n|upkeep\n|turn|13\n|inactive|Ohseb has 120 seconds left.\n|\n|t:|1668037532\n|switch|p1a: Celesteela|Celesteela, shiny|66\/100\n|-damage|p1a: Celesteela|53\/100|[from] Stealth Rock\n|move|p2a: Blissey|Soft-Boiled|p2a: Blissey\n|-heal|p2a: Blissey|100\/100\n|\n|-heal|p1a: Celesteela|59\/100|[from] item: Leftovers\n|upkeep\n|turn|14\n|\n|t:|1668037539\n|switch|p2a: Zapdos|Zapdos|18\/100\n|move|p1a: Celesteela|Leech Seed|p2a: Zapdos\n|-start|p2a: Zapdos|move: Leech Seed\n|\n|-heal|p1a: Celesteela|65\/100|[from] item: Leftovers\n|-damage|p2a: Zapdos|6\/100|[from] Leech Seed|[of] p1a: Celesteela\n|-heal|p1a: Celesteela|78\/100|[silent]\n|upkeep\n|turn|15\n|\n|t:|1668037550\n|move|p1a: Celesteela|Protect|p1a: Celesteela\n|-singleturn|p1a: Celesteela|Protect\n|move|p2a: Zapdos|Roost|p2a: Zapdos\n|-heal|p2a: Zapdos|56\/100\n|-singleturn|p2a: Zapdos|move: Roost\n|\n|-heal|p1a: Celesteela|84\/100|[from] item: Leftovers\n|-damage|p2a: Zapdos|43\/100|[from] Leech Seed|[of] p1a: Celesteela\n|-heal|p1a: Celesteela|96\/100|[silent]\n|upkeep\n|turn|16\n|\n|t:|1668037559\n|switch|p2a: Ferrothorn|Ferrothorn, F|100\/100\n|move|p1a: Celesteela|Flamethrower|p2a: Ferrothorn\n|-supereffective|p2a: Ferrothorn\n|-damage|p2a: Ferrothorn|23\/100\n|\n|-heal|p1a: Celesteela|100\/100|[from] item: Leftovers\n|-heal|p2a: Ferrothorn|29\/100|[from] item: Leftovers\n|upkeep\n|turn|17\n|\n|t:|1668037570\n|switch|p2a: Blissey|Blissey, F|100\/100\n|move|p1a: Celesteela|Flamethrower|p2a: Blissey\n|-damage|p2a: Blissey|92\/100\n|\n|upkeep\n|turn|18\n|\n|t:|1668037576\n|move|p2a: Blissey|Seismic Toss|p1a: Celesteela\n|-damage|p1a: Celesteela|75\/100\n|move|p1a: Celesteela|Heavy Slam|p2a: Blissey\n|-damage|p2a: Blissey|54\/100\n|\n|-heal|p1a: Celesteela|81\/100|[from] item: Leftovers\n|upkeep\n|turn|19\n|\n|t:|1668037584\n|move|p1a: Celesteela|Protect|p1a: Celesteela\n|-singleturn|p1a: Celesteela|Protect\n|move|p2a: Blissey|Soft-Boiled|p2a: Blissey\n|-heal|p2a: Blissey|100\/100\n|\n|-heal|p1a: Celesteela|87\/100|[from] item: Leftovers\n|upkeep\n|turn|20\n|\n|t:|1668037594\n|switch|p2a: Muk|Muk-Alola, F|100\/100\n|switch|p1a: Diancie|Diancie-Mega, shiny|99\/100\n|-damage|p1a: Diancie|88\/100|[from] Stealth Rock\n|\n|upkeep\n|turn|21\n|\n|t:|1668037601\n|switch|p2a: Blissey|Blissey, F|100\/100\n|move|p1a: Diancie|Earth Power|p2a: Blissey\n|-damage|p2a: Blissey|86\/100\n|\n|upkeep\n|turn|22\n|\n|t:|1668037616\n|switch|p1a: Zapdos|Zapdos, shiny|100\/100\n|move|p2a: Blissey|Seismic Toss|p1a: Zapdos\n|-damage|p1a: Zapdos|74\/100\n|\n|upkeep\n|turn|23\n|\n|t:|1668037622\n|move|p1a: Zapdos|Volt Switch|p2a: Blissey\n|-damage|p2a: Blissey|74\/100\n|\n|t:|1668037625\n|switch|p1a: Landorus|Landorus-Therian, M, shiny|52\/100|[from]move: Volt Switch\n|-damage|p1a: Landorus|40\/100|[from] Stealth Rock\n|-ability|p1a: Landorus|Intimidate|boost\n|-unboost|p2a: Blissey|atk|1\n|move|p2a: Blissey|Toxic|p1a: Landorus\n|-status|p1a: Landorus|tox\n|\n|-damage|p1a: Landorus|34\/100 tox|[from] psn\n|upkeep\n|turn|24\n|\n|t:|1668037645\n|move|p2a: Blissey|Protect|p2a: Blissey\n|-singleturn|p2a: Blissey|Protect\n|move|p1a: Landorus|Defog|p2a: Blissey\n|-activate|p2a: Blissey|move: Protect\n|\n|-damage|p1a: Landorus|22\/100 tox|[from] psn\n|upkeep\n|turn|25\n|\n|t:|1668037661\n|switch|p2a: Clefable|Clefable, M|97\/100\n|move|p1a: Landorus|Defog|p2a: Clefable\n|-unboost|p2a: Clefable|evasion|1\n|-sideend|p1: Ohseb|Stealth Rock|[from] move: Defog|[of] p1a: Landorus\n|\n|-heal|p2a: Clefable|100\/100|[from] item: Leftovers\n|-damage|p1a: Landorus|4\/100 tox|[from] psn\n|upkeep\n|turn|26\n|\n|t:|1668037671\n|switch|p1a: Diancie|Diancie-Mega, shiny|88\/100\n|move|p2a: Clefable|Wish|p2a: Clefable\n|\n|upkeep\n|turn|27\n|\n|t:|1668037687\n|move|p1a: Diancie|Mystical Fire|p2a: Clefable\n|-damage|p2a: Clefable|82\/100\n|-unboost|p2a: Clefable|spa|1\n|move|p2a: Clefable|Moonblast|p1a: Diancie\n|-damage|p1a: Diancie|60\/100\n|\n|-heal|p2a: Clefable|100\/100|[from] move: Wish|[wisher] Clefable\n|upkeep\n|turn|28\n|\n|t:|1668037700\n|switch|p1a: Celesteela|Celesteela, shiny|87\/100\n|move|p2a: Clefable|Wish|p2a: Clefable\n|\n|-heal|p1a: Celesteela|93\/100|[from] item: Leftovers\n|upkeep\n|turn|29\n|\n|t:|1668037705\n|move|p1a: Celesteela|Leech Seed|p2a: Clefable\n|-start|p2a: Clefable|move: Leech Seed\n|move|p2a: Clefable|Knock Off|p1a: Celesteela\n|-damage|p1a: Celesteela|80\/100\n|-enditem|p1a: Celesteela|Leftovers|[from] move: Knock Off|[of] p2a: Clefable\n|\n|-damage|p2a: Clefable|88\/100|[from] Leech Seed|[of] p1a: Celesteela\n|-heal|p1a: Celesteela|92\/100|[silent]\n|upkeep\n|turn|30\n|\n|t:|1668037722\n|switch|p2a: Ferrothorn|Ferrothorn, F|29\/100\n|move|p1a: Celesteela|Flamethrower|p2a: Ferrothorn\n|-supereffective|p2a: Ferrothorn\n|-damage|p2a: Ferrothorn|0 fnt\n|faint|p2a: Ferrothorn\n|-ability|p1a: Celesteela|Beast Boost|boost\n|-boost|p1a: Celesteela|spd|1\n|\n|upkeep\n|\n|t:|1668037733\n|switch|p2a: Blissey|Blissey, F|74\/100\n|turn|31\n|\n|t:|1668037738\n|move|p2a: Blissey|Seismic Toss|p1a: Celesteela\n|-damage|p1a: Celesteela|67\/100\n|move|p1a: Celesteela|Leech Seed|p2a: Blissey\n|-start|p2a: Blissey|move: Leech Seed\n|\n|-damage|p2a: Blissey|61\/100|[from] Leech Seed|[of] p1a: Celesteela\n|-heal|p1a: Celesteela|90\/100|[silent]\n|upkeep\n|turn|32\n|\n|t:|1668037753\n|switch|p2a: Clefable|Clefable, M|88\/100\n|move|p1a: Celesteela|Heavy Slam|p2a: Clefable\n|-supereffective|p2a: Clefable\n|-damage|p2a: Clefable|0 fnt\n|faint|p2a: Clefable\n|-ability|p1a: Celesteela|Beast Boost|boost\n|-boost|p1a: Celesteela|spd|1\n|\n|upkeep\n|\n|t:|1668037761\n|switch|p2a: Zapdos|Zapdos|43\/100\n|turn|33\n|\n|t:|1668037766\n|move|p1a: Celesteela|Leech Seed|p2a: Zapdos\n|-start|p2a: Zapdos|move: Leech Seed\n|move|p2a: Zapdos|Whirlwind|p1a: Celesteela\n|drag|p1a: Diancie|Diancie-Mega, shiny|60\/100\n|\n|-damage|p2a: Zapdos|31\/100|[from] Leech Seed|[of] p1a: Diancie\n|-heal|p1a: Diancie|80\/100|[silent]\n|upkeep\n|turn|34\n|\n|t:|1668037773\n|switch|p2a: Blissey|Blissey, F|61\/100\n|move|p1a: Diancie|Diamond Storm|p2a: Blissey|[miss]\n|-miss|p1a: Diancie|p2a: Blissey\n|\n|upkeep\n|turn|35\n|\n|t:|1668037783\n|move|p1a: Diancie|Moonblast|p2a: Blissey\n|-damage|p2a: Blissey|41\/100\n|move|p2a: Blissey|Soft-Boiled|p2a: Blissey\n|-heal|p2a: Blissey|91\/100\n|\n|upkeep\n|turn|36\n|\n|t:|1668037795\n|switch|p1a: Celesteela|Celesteela, shiny|90\/100\n|move|p2a: Blissey|Seismic Toss|p1a: Celesteela\n|-damage|p1a: Celesteela|64\/100\n|\n|upkeep\n|turn|37\n|\n|t:|1668037806\n|switch|p2a: Zapdos|Zapdos|31\/100\n|move|p1a: Celesteela|Leech Seed|p2a: Zapdos\n|-start|p2a: Zapdos|move: Leech Seed\n|\n|-damage|p2a: Zapdos|18\/100|[from] Leech Seed|[of] p1a: Celesteela\n|-heal|p1a: Celesteela|77\/100|[silent]\n|upkeep\n|turn|38\n|\n|t:|1668037819\n|move|p2a: Zapdos|Roost|p2a: Zapdos\n|-heal|p2a: Zapdos|68\/100\n|-singleturn|p2a: Zapdos|move: Roost\n|move|p1a: Celesteela|Heavy Slam|p2a: Zapdos\n|-resisted|p2a: Zapdos\n|-damage|p2a: Zapdos|47\/100\n|-status|p1a: Celesteela|par|[from] ability: Static|[of] p2a: Zapdos\n|\n|-damage|p2a: Zapdos|35\/100|[from] Leech Seed|[of] p1a: Celesteela\n|-heal|p1a: Celesteela|89\/100 par|[silent]\n|upkeep\n|turn|39\n|\n|t:|1668037837\n|move|p2a: Zapdos|Roost|p2a: Zapdos\n|-heal|p2a: Zapdos|85\/100\n|-singleturn|p2a: Zapdos|move: Roost\n|move|p1a: Celesteela|Flamethrower|p2a: Zapdos\n|-damage|p2a: Zapdos|63\/100\n|\n|-damage|p2a: Zapdos|50\/100|[from] Leech Seed|[of] p1a: Celesteela\n|-heal|p1a: Celesteela|100\/100 par|[silent]\n|upkeep\n|turn|40\n|\n|t:|1668037847\n|move|p2a: Zapdos|Heat Wave|p1a: Celesteela|[miss]\n|-miss|p2a: Zapdos|p1a: Celesteela\n|move|p1a: Celesteela|Flamethrower|p2a: Zapdos\n|-damage|p2a: Zapdos|31\/100\n|\n|-damage|p2a: Zapdos|18\/100|[from] Leech Seed|[of] p1a: Celesteela\n|upkeep\n|turn|41\n|\n|t:|1668037870\n|move|p2a: Zapdos|Roost|p2a: Zapdos\n|-heal|p2a: Zapdos|68\/100\n|-singleturn|p2a: Zapdos|move: Roost\n|move|p1a: Celesteela|Heavy Slam|p2a: Zapdos\n|-resisted|p2a: Zapdos\n|-damage|p2a: Zapdos|46\/100\n|\n|-damage|p2a: Zapdos|33\/100|[from] Leech Seed|[of] p1a: Celesteela\n|upkeep\n|turn|42\n|\n|t:|1668037881\n|move|p2a: Zapdos|Roost|p2a: Zapdos\n|-heal|p2a: Zapdos|83\/100\n|-singleturn|p2a: Zapdos|move: Roost\n|move|p1a: Celesteela|Flamethrower|p2a: Zapdos\n|-damage|p2a: Zapdos|61\/100\n|\n|-damage|p2a: Zapdos|49\/100|[from] Leech Seed|[of] p1a: Celesteela\n|upkeep\n|turn|43\n|inactive|Ohseb has 120 seconds left.\n|\n|t:|1668037903\n|switch|p1a: Diancie|Diancie-Mega, shiny|80\/100\n|move|p2a: Zapdos|Roost|p2a: Zapdos\n|-heal|p2a: Zapdos|99\/100\n|-singleturn|p2a: Zapdos|move: Roost\n|\n|-damage|p2a: Zapdos|86\/100|[from] Leech Seed|[of] p1a: Diancie\n|-heal|p1a: Diancie|99\/100|[silent]\n|upkeep\n|turn|44\n|inactive|Ohseb has 120 seconds left.\n|\n|t:|1668037916\n|switch|p1a: Rillaboom|Rillaboom, M, shiny|100\/100\n|-fieldstart|move: Grassy Terrain|[from] ability: Grassy Surge|[of] p1a: Rillaboom\n|switch|p2a: Blissey|Blissey, F|91\/100\n|\n|-heal|p2a: Blissey|97\/100|[from] Grassy Terrain\n|upkeep\n|turn|45\n|inactive|Ohseb has 120 seconds left.\n|\n|t:|1668037926\n|switch|p2a: Zapdos|Zapdos|86\/100\n|move|p1a: Rillaboom|Knock Off|p2a: Zapdos\n|-damage|p2a: Zapdos|30\/100\n|-enditem|p2a: Zapdos|Heavy-Duty Boots|[from] move: Knock Off|[of] p1a: Rillaboom\n|\n|upkeep\n|turn|46\n|inactive|Ohseb has 120 seconds left.\n|\n|t:|1668037937\n|move|p1a: Rillaboom|Knock Off|p2a: Zapdos\n|-damage|p2a: Zapdos|0 fnt\n|faint|p2a: Zapdos\n|\n|upkeep\n|\n|t:|1668037945\n|switch|p2a: Kyurem|Kyurem|100\/100\n|-ability|p2a: Kyurem|Pressure\n|turn|47\n|\n|t:|1668037955\n|switch|p1a: Celesteela|Celesteela, shiny|100\/100 par\n|move|p2a: Kyurem|Ice Beam|p1a: Celesteela\n|-damage|p1a: Celesteela|67\/100 par\n|\n|upkeep\n|turn|48\n|\n|t:|1668037962\n|switch|p2a: Muk|Muk-Alola, F|100\/100\n|move|p1a: Celesteela|Leech Seed|p2a: Muk\n|-start|p2a: Muk|move: Leech Seed\n|\n|-damage|p2a: Muk|88\/100|[from] Leech Seed|[of] p1a: Celesteela\n|-heal|p1a: Celesteela|80\/100 par|[silent]\n|-fieldend|move: Grassy Terrain\n|upkeep\n|turn|49\n|\n|t:|1668037970\n|switch|p2a: Blissey|Blissey, F|97\/100\n|move|p1a: Celesteela|Protect||[still]\n|-fail|p1a: Celesteela\n|\n|upkeep\n|turn|50\n|\n|t:|1668037977\n|switch|p2a: Muk|Muk-Alola, F|88\/100\n|move|p1a: Celesteela|Leech Seed|p2a: Muk\n|-start|p2a: Muk|move: Leech Seed\n|\n|-heal|p2a: Muk|94\/100|[from] item: Leftovers\n|-damage|p2a: Muk|82\/100|[from] Leech Seed|[of] p1a: Celesteela\n|-heal|p1a: Celesteela|92\/100 par|[silent]\n|upkeep\n|turn|51\n|\n|t:|1668037984\n|switch|p2a: Blissey|Blissey, F|97\/100\n|move|p1a: Celesteela|Heavy Slam|p2a: Blissey\n|-damage|p2a: Blissey|64\/100\n|\n|upkeep\n|turn|52\n|\n|t:|1668037993\n|move|p2a: Blissey|Soft-Boiled|p2a: Blissey\n|-heal|p2a: Blissey|100\/100\n|move|p1a: Celesteela|Heavy Slam|p2a: Blissey\n|-damage|p2a: Blissey|61\/100\n|\n|upkeep\n|turn|53\n|\n|t:|1668037999\n|switch|p1a: Rillaboom|Rillaboom, M, shiny|100\/100\n|-fieldstart|move: Grassy Terrain|[from] ability: Grassy Surge|[of] p1a: Rillaboom\n|move|p2a: Blissey|Soft-Boiled|p2a: Blissey\n|-heal|p2a: Blissey|100\/100\n|\n|upkeep\n|turn|54\n|\n|t:|1668038014\n|move|p2a: Blissey|Protect|p2a: Blissey\n|-singleturn|p2a: Blissey|Protect\n|move|p1a: Rillaboom|Superpower|p2a: Blissey\n|-activate|p2a: Blissey|move: Protect\n|\n|upkeep\n|turn|55\n|\n|t:|1668038020\n|switch|p2a: Muk|Muk-Alola, F|82\/100\n|move|p1a: Rillaboom|Superpower|p2a: Muk\n|-damage|p2a: Muk|10\/100\n|-unboost|p1a: Rillaboom|atk|1\n|-unboost|p1a: Rillaboom|def|1\n|\n|-heal|p2a: Muk|16\/100|[from] Grassy Terrain\n|-heal|p2a: Muk|22\/100|[from] item: Leftovers\n|upkeep\n|turn|56\n|\n|t:|1668038031\n|move|p1a: Rillaboom|Superpower|p2a: Muk\n|-damage|p2a: Muk|0 fnt\n|-unboost|p1a: Rillaboom|atk|1\n|-unboost|p1a: Rillaboom|def|1\n|faint|p2a: Muk\n|\n|upkeep\n|\n|t:|1668038037\n|switch|p2a: Kyurem|Kyurem|100\/100\n|-ability|p2a: Kyurem|Pressure\n|turn|57\n|\n|t:|1668038050\n|switch|p1a: Celesteela|Celesteela, shiny|92\/100 par\n|move|p2a: Kyurem|Ice Beam|p1a: Celesteela\n|-damage|p1a: Celesteela|61\/100 par\n|\n|-fieldend|move: Grassy Terrain\n|upkeep\n|turn|58\n|\n|t:|1668038057\n|move|p2a: Kyurem|Ice Beam|p1a: Celesteela\n|-damage|p1a: Celesteela|29\/100 par\n|move|p1a: Celesteela|Leech Seed|p2a: Kyurem|[miss]\n|-miss|p1a: Celesteela|p2a: Kyurem\n|\n|upkeep\n|turn|59\n|\n|t:|1668038069\n|move|p1a: Celesteela|Protect|p1a: Celesteela\n|-singleturn|p1a: Celesteela|Protect\n|move|p2a: Kyurem|Ice Beam|p1a: Celesteela\n|-activate|p1a: Celesteela|move: Protect\n|\n|upkeep\n|turn|60\n|\n|t:|1668038079\n|switch|p1a: Diancie|Diancie-Mega, shiny|99\/100\n|move|p2a: Kyurem|Ice Beam|p1a: Diancie\n|-damage|p1a: Diancie|36\/100\n|\n|upkeep\n|turn|61\n|inactive|Ohseb has 120 seconds left.\n|\n|t:|1668038116\n|move|p1a: Diancie|Diamond Storm|p2a: Kyurem\n|-supereffective|p2a: Kyurem\n|-crit|p2a: Kyurem\n|-damage|p2a: Kyurem|0 fnt\n|-boost|p1a: Diancie|def|2\n|faint|p2a: Kyurem\n|\n|upkeep\n|\n|t:|1668038122\n|switch|p2a: Blissey|Blissey, F|100\/100\n|turn|62\n|\n|t:|1668038131\n|switch|p1a: Rillaboom|Rillaboom, M, shiny|100\/100\n|-fieldstart|move: Grassy Terrain|[from] ability: Grassy Surge|[of] p1a: Rillaboom\n|move|p2a: Blissey|Seismic Toss|p1a: Rillaboom\n|-damage|p1a: Rillaboom|71\/100\n|\n|-heal|p1a: Rillaboom|77\/100|[from] Grassy Terrain\n|upkeep\n|turn|63\n|\n|t:|1668038140\n|move|p2a: Blissey|Protect|p2a: Blissey\n|-singleturn|p2a: Blissey|Protect\n|move|p1a: Rillaboom|Superpower|p2a: Blissey\n|-activate|p2a: Blissey|move: Protect\n|\n|-heal|p1a: Rillaboom|83\/100|[from] Grassy Terrain\n|upkeep\n|turn|64\n|\n|t:|1668038148\n|move|p2a: Blissey|Protect||[still]\n|-fail|p2a: Blissey\n|move|p1a: Rillaboom|Superpower|p2a: Blissey\n|-supereffective|p2a: Blissey\n|-damage|p2a: Blissey|0 fnt\n|-unboost|p1a: Rillaboom|atk|1\n|-unboost|p1a: Rillaboom|def|1\n|faint|p2a: Blissey\n|\n|win|Ohseb\n|raw|Ohseb's rating: 1498 &rarr; <strong>1514<\/strong><br \/>(+16 for winning)\n|raw|monstercandy's rating: 1426 &rarr; <strong>1410<\/strong><br \/>(-16 for losing)\n|l|\u2606monstercandy\n|c|\u2606Ohseb|Gg\n","uploadtime":1668038165,"views":8,"p1id":"ohseb","p2id":"monstercandy","formatid":"gen8nationaldex","rating":1410,"private":0,"password":null}