{"id":"gen8battlefactory-1667050406","p1":"Mimikyu Stardust","p2":"slowclimbto1","format":"gen8battlefactory","log":"|j|\u2606Mimikyu Stardust\n|j|\u2606slowclimbto1\n|inactive|Battle timer is ON: inactive players will automatically lose when time's up.\n|t:|1663473276\n|gametype|singles\n|player|p1|Mimikyu Stardust|#mimikyustardust|\n|player|p2|slowclimbto1|giovanni|\n|teamsize|p1|6\n|teamsize|p2|6\n|gen|8\n|tier|[Gen 8] Battle Factory\n|rated|Tournament battle\n|rule|Sleep Clause Mod: Limit one foe put to sleep\n|rule|Species Clause: Limit one of each Pok\u00e9mon\n|rule|OHKO Clause: OHKO moves are banned\n|rule|Evasion Items Clause: Evasion items are banned\n|rule|Evasion Moves Clause: Evasion moves are banned\n|rule|Endless Battle Clause: Forcing endless battles is banned\n|rule|HP Percentage Mod: HP is shown in percentages\n|rule|Dynamax Clause: You cannot dynamax\n|clearpoke\n|poke|p1|Krookodile, F|\n|poke|p1|Slowking, M|\n|poke|p1|Crobat, F|\n|poke|p1|Thundurus-Therian, M|\n|poke|p1|Crawdaunt, F|\n|poke|p1|Lycanroc-Dusk, M|\n|poke|p2|Jirachi|\n|poke|p2|Raikou|\n|poke|p2|Slowking, M|\n|poke|p2|Togekiss, M|\n|poke|p2|Thundurus-Therian, M|\n|poke|p2|Jellicent, F|\n|teampreview\n|j|*Lady Monita\n|\n|t:|1663473305\n|start\n|switch|p1a: Krookodile|Krookodile, F|351\/351\n|switch|p2a: Togekiss|Togekiss, M|373\/373\n|-ability|p1a: Krookodile|Intimidate|boost\n|-unboost|p2a: Togekiss|atk|1\n|turn|1\n|\n|t:|1663473316\n|switch|p1a: Crobat|Crobat, F|316\/316\n|move|p2a: Togekiss|Air Slash|p1a: Crobat\n|-damage|p1a: Crobat|196\/316\n|\n|upkeep\n|turn|2\n|\n|t:|1663473332\n|switch|p2a: Jirachi|Jirachi|342\/342\n|move|p1a: Crobat|Roost|p1a: Crobat\n|-heal|p1a: Crobat|316\/316\n|-singleturn|p1a: Crobat|move: Roost\n|\n|upkeep\n|turn|3\n|\n|t:|1663473336\n|move|p2a: Jirachi|U-turn|p1a: Crobat\n|-resisted|p1a: Crobat\n|-damage|p1a: Crobat|298\/316\n|\n|t:|1663473342\n|switch|p2a: Slowking|Slowking, M|393\/393\n|move|p1a: Crobat|U-turn|p2a: Slowking\n|-supereffective|p2a: Slowking\n|-damage|p2a: Slowking|289\/393\n|\n|t:|1663473347\n|switch|p1a: Crawdaunt|Crawdaunt, F|267\/267\n|\n|upkeep\n|turn|4\n|c|\u2606slowclimbto1|i have nothing for your dark types\n|\n|t:|1663473376\n|move|p1a: Crawdaunt|Knock Off|p2a: Slowking\n|-supereffective|p2a: Slowking\n|-enditem|p2a: Slowking|Colbur Berry|[eat]\n|-enditem|p2a: Slowking|Colbur Berry|[weaken]\n|-damage|p2a: Slowking|0 fnt\n|faint|p2a: Slowking\n|\n|upkeep\n|\n|t:|1663473385\n|switch|p2a: Thundurus|Thundurus-Therian, M|299\/299\n|turn|5\n|\n|t:|1663473396\n|switch|p1a: Thundurus|Thundurus-Therian, M|299\/299\n|move|p2a: Thundurus|Knock Off|p1a: Thundurus\n|-damage|p1a: Thundurus|204\/299\n|-enditem|p1a: Thundurus|Heavy-Duty Boots|[from] move: Knock Off|[of] p2a: Thundurus\n|\n|upkeep\n|turn|6\n|\n|t:|1663473407\n|switch|p2a: Jirachi|Jirachi|342\/342\n|move|p1a: Thundurus|Nasty Plot|p1a: Thundurus\n|-boost|p1a: Thundurus|spa|2\n|\n|upkeep\n|turn|7\n|c|\u2606Mimikyu Stardust|yes\n|inactive|slowclimbto1 has 120 seconds left.\n|\n|t:|1663473427\n|move|p2a: Jirachi|Iron Head|p1a: Thundurus\n|-resisted|p1a: Thundurus\n|-damage|p1a: Thundurus|126\/299\n|move|p1a: Thundurus|Thunderbolt|p2a: Jirachi\n|-damage|p2a: Jirachi|15\/342\n|\n|upkeep\n|turn|8\n|\n|t:|1663473437\n|move|p2a: Jirachi|Iron Head|p1a: Thundurus\n|-resisted|p1a: Thundurus\n|-damage|p1a: Thundurus|44\/299\n|move|p1a: Thundurus|Psychic|p2a: Jirachi\n|-resisted|p2a: Jirachi\n|-damage|p2a: Jirachi|0 fnt\n|faint|p2a: Jirachi\n|\n|upkeep\n|\n|t:|1663473449\n|switch|p2a: Raikou|Raikou|321\/321\n|turn|9\n|\n|t:|1663473466\n|move|p2a: Raikou|Scald|p1a: Thundurus\n|-crit|p1a: Thundurus\n|-damage|p1a: Thundurus|0 fnt\n|faint|p1a: Thundurus\n|\n|upkeep\n|\n|t:|1663473468\n|switch|p1a: Krookodile|Krookodile, F|351\/351\n|-ability|p1a: Krookodile|Intimidate|boost\n|-fail|p2a: Raikou|unboost|Attack|[from] ability: Inner Focus|[of] p2a: Raikou\n|turn|10\n|\n|t:|1663473477\n|switch|p2a: Thundurus|Thundurus-Therian, M|299\/299\n|move|p1a: Krookodile|Earthquake|p2a: Thundurus\n|-immune|p2a: Thundurus\n|\n|upkeep\n|turn|11\n|\n|t:|1663473489\n|switch|p1a: Slowking|Slowking, M|393\/393\n|move|p2a: Thundurus|Volt Switch|p1a: Slowking\n|-supereffective|p1a: Slowking\n|-damage|p1a: Slowking|151\/393\n|\n|t:|1663473492\n|switch|p2a: Raikou|Raikou|321\/321\n|\n|upkeep\n|turn|12\n|\n|t:|1663473497\n|switch|p1a: Krookodile|Krookodile, F|351\/351\n|-ability|p1a: Krookodile|Intimidate|boost\n|-fail|p2a: Raikou|unboost|Attack|[from] ability: Inner Focus|[of] p2a: Raikou\n|move|p2a: Raikou|Aura Sphere|p1a: Krookodile\n|-supereffective|p1a: Krookodile\n|-damage|p1a: Krookodile|125\/351\n|\n|-heal|p1a: Krookodile|146\/351|[from] item: Leftovers\n|upkeep\n|turn|13\n|\n|t:|1663473501\n|switch|p1a: Crobat|Crobat, F|298\/316\n|move|p2a: Raikou|Aura Sphere|p1a: Crobat\n|-resisted|p1a: Crobat\n|-damage|p1a: Crobat|271\/316\n|\n|upkeep\n|turn|14\n|\n|t:|1663473511\n|move|p1a: Crobat|U-turn|p2a: Raikou\n|-damage|p2a: Raikou|245\/321\n|\n|t:|1663473513\n|switch|p1a: Krookodile|Krookodile, F|146\/351\n|-ability|p1a: Krookodile|Intimidate|boost\n|-fail|p2a: Raikou|unboost|Attack|[from] ability: Inner Focus|[of] p2a: Raikou\n|move|p2a: Raikou|Scald|p1a: Krookodile\n|-supereffective|p1a: Krookodile\n|-damage|p1a: Krookodile|0 fnt\n|faint|p1a: Krookodile\n|\n|upkeep\n|\n|t:|1663473519\n|switch|p1a: Slowking|Slowking, M|282\/393\n|turn|15\n|\n|t:|1663473522\n|move|p2a: Raikou|Thunderbolt|p1a: Slowking\n|-supereffective|p1a: Slowking\n|-damage|p1a: Slowking|34\/393\n|move|p1a: Slowking|Psychic|p2a: Raikou\n|-damage|p2a: Raikou|140\/321\n|\n|upkeep\n|turn|16\n|\n|t:|1663473526\n|move|p2a: Raikou|Volt Switch|p1a: Slowking\n|-supereffective|p1a: Slowking\n|-damage|p1a: Slowking|0 fnt\n|faint|p1a: Slowking\n|\n|t:|1663473532\n|switch|p2a: Thundurus|Thundurus-Therian, M|299\/299\n|\n|upkeep\n|\n|t:|1663473535\n|switch|p1a: Lycanroc|Lycanroc-Dusk, M|292\/292\n|turn|17\n|\n|t:|1663473542\n|switch|p2a: Jellicent|Jellicent, F|404\/404\n|move|p1a: Lycanroc|Stone Edge|p2a: Jellicent\n|-damage|p2a: Jellicent|127\/404\n|\n|-heal|p2a: Jellicent|152\/404|[from] item: Leftovers\n|upkeep\n|turn|18\n|\n|t:|1663473548\n|move|p1a: Lycanroc|Stone Edge|p2a: Jellicent|[miss]\n|-miss|p1a: Lycanroc|p2a: Jellicent\n|move|p2a: Jellicent|Will-O-Wisp|p1a: Lycanroc\n|-status|p1a: Lycanroc|brn\n|\n|-heal|p2a: Jellicent|177\/404|[from] item: Leftovers\n|-damage|p1a: Lycanroc|274\/292 brn|[from] brn\n|upkeep\n|turn|19\n|\n|t:|1663473551\n|move|p1a: Lycanroc|Stone Edge|p2a: Jellicent\n|-damage|p2a: Jellicent|31\/404\n|move|p2a: Jellicent|Recover|p2a: Jellicent\n|-heal|p2a: Jellicent|233\/404\n|\n|-heal|p2a: Jellicent|258\/404|[from] item: Leftovers\n|-damage|p1a: Lycanroc|256\/292 brn|[from] brn\n|upkeep\n|turn|20\n|\n|t:|1663473556\n|switch|p1a: Crawdaunt|Crawdaunt, F|267\/267\n|move|p2a: Jellicent|Will-O-Wisp|p1a: Crawdaunt\n|-status|p1a: Crawdaunt|brn\n|\n|-heal|p2a: Jellicent|283\/404|[from] item: Leftovers\n|-damage|p1a: Crawdaunt|251\/267 brn|[from] brn\n|upkeep\n|turn|21\n|\n|t:|1663473562\n|move|p1a: Crawdaunt|Knock Off|p2a: Jellicent\n|-supereffective|p2a: Jellicent\n|-damage|p2a: Jellicent|0 fnt\n|-enditem|p2a: Jellicent|Leftovers|[from] move: Knock Off|[of] p1a: Crawdaunt\n|faint|p2a: Jellicent\n|\n|-damage|p1a: Crawdaunt|235\/267 brn|[from] brn\n|upkeep\n|\n|t:|1663473564\n|switch|p2a: Raikou|Raikou|140\/321\n|turn|22\n|\n|t:|1663473567\n|switch|p1a: Crobat|Crobat, F|271\/316\n|move|p2a: Raikou|Volt Switch|p1a: Crobat\n|-supereffective|p1a: Crobat\n|-damage|p1a: Crobat|0 fnt\n|faint|p1a: Crobat\n|\n|t:|1663473571\n|switch|p2a: Thundurus|Thundurus-Therian, M|299\/299\n|\n|upkeep\n|\n|t:|1663473574\n|switch|p1a: Lycanroc|Lycanroc-Dusk, M|256\/292 brn\n|turn|23\n|\n|t:|1663473579\n|move|p1a: Lycanroc|Stone Edge|p2a: Thundurus\n|-supereffective|p2a: Thundurus\n|-damage|p2a: Thundurus|0 fnt\n|faint|p2a: Thundurus\n|\n|-damage|p1a: Lycanroc|238\/292 brn|[from] brn\n|upkeep\n|\n|t:|1663473587\n|switch|p2a: Togekiss|Togekiss, M|373\/373\n|turn|24\n|j|^ETJX\n|j|+Wildfiree \u2764\n|\n|t:|1663473600\n|move|p1a: Lycanroc|Stone Edge|p2a: Togekiss\n|-supereffective|p2a: Togekiss\n|-damage|p2a: Togekiss|136\/373\n|move|p2a: Togekiss|Air Slash|p1a: Lycanroc\n|-resisted|p1a: Lycanroc\n|-crit|p1a: Lycanroc\n|-damage|p1a: Lycanroc|134\/292 brn\n|\n|-damage|p1a: Lycanroc|116\/292 brn|[from] brn\n|upkeep\n|turn|25\n|l|^ETJX\n|\n|t:|1663473604\n|move|p1a: Lycanroc|Stone Edge|p2a: Togekiss\n|-supereffective|p2a: Togekiss\n|-crit|p2a: Togekiss\n|-damage|p2a: Togekiss|0 fnt\n|faint|p2a: Togekiss\n|\n|-damage|p1a: Lycanroc|98\/292 brn|[from] brn\n|upkeep\n|\n|t:|1663473608\n|switch|p2a: Raikou|Raikou|140\/321\n|turn|26\n|\n|t:|1663473611\n|move|p2a: Raikou|Aura Sphere|p1a: Lycanroc\n|-supereffective|p1a: Lycanroc\n|-damage|p1a: Lycanroc|0 fnt\n|faint|p1a: Lycanroc\n|\n|upkeep\n|\n|t:|1663473614\n|switch|p1a: Crawdaunt|Crawdaunt, F|235\/267 brn\n|turn|27\n|\n|t:|1663473624\n|move|p1a: Crawdaunt|Aqua Jet|p2a: Raikou\n|-damage|p2a: Raikou|38\/321\n|move|p2a: Raikou|Thunderbolt|p1a: Crawdaunt\n|-supereffective|p1a: Crawdaunt\n|-damage|p1a: Crawdaunt|0 fnt\n|faint|p1a: Crawdaunt\n|\n|win|slowclimbto1\n|n|\u2606Mimikyu Stardust|mimikyustardust\n|n|\u2606slowclimbto1|slowclimbto1\n|n|*Lady Monita|ladymonita\n|n|+Wildfiree \u2764|wildfiree\n|l|*Lady Monita\n|c|\u2606slowclimbto1|gg\n|l|\u2606Mimikyu Stardust\n|l|+Wildfiree \u2764\n","uploadtime":1663473638,"views":3,"p1id":"mimikyustardust","p2id":"slowclimbto1","formatid":"gen8battlefactory","rating":0,"private":0,"password":null}