{"id":"gen8ou-1685032263","p1":"Ling17","p2":"cows123p","format":"gen8ou","log":"|html|<div class=\"broadcast-blue\"><strong>[Gen 8] OU is currently suspecting Melmetal! For information on how to participate check out the <a href=\"https:\/\/www.smogon.com\/forums\/threads\/np-ss-ou-suspect-process-round-12-monster-mash.3709234\/\">suspect thread<\/a>.<\/strong><\/div>\n|j|\u2606Ling17\n|j|\u2606cows123p\n|t:|1665691263\n|gametype|singles\n|player|p1|Ling17|mars|1458\n|player|p2|cows123p|twins-gen4dp|1543\n|teamsize|p1|6\n|teamsize|p2|6\n|gen|8\n|tier|[Gen 8] OU\n|rated|\n|rule|Sleep Clause Mod: Limit one foe put to sleep\n|rule|Species Clause: Limit one of each Pok\u00e9mon\n|rule|OHKO Clause: OHKO moves are banned\n|rule|Evasion Items Clause: Evasion items are banned\n|rule|Evasion Moves Clause: Evasion moves are banned\n|rule|Endless Battle Clause: Forcing endless battles is banned\n|rule|HP Percentage Mod: HP is shown in percentages\n|rule|Dynamax Clause: You cannot dynamax\n|clearpoke\n|poke|p1|Bisharp, M|\n|poke|p1|Latios, M|\n|poke|p1|Ferrothorn, F|\n|poke|p1|Landorus-Therian, M|\n|poke|p1|Blacephalon|\n|poke|p1|Araquanid, F|\n|poke|p2|Gyarados, M|\n|poke|p2|Heatran, F|\n|poke|p2|Dragapult, M|\n|poke|p2|Corviknight, M|\n|poke|p2|Tapu Lele|\n|poke|p2|Swampert, M|\n|teampreview\n|inactive|Battle timer is ON: inactive players will automatically lose when time's up. (requested by Ling17)\n|inactive|cows123p has 120 seconds left.\n|\n|t:|1665691310\n|start\n|switch|p1a: Ferrothorn|Ferrothorn, F|100\/100\n|switch|p2a: Bomk|Gyarados, M|100\/100\n|turn|1\n|\n|t:|1665691316\n|move|p2a: Bomk|Substitute|p2a: Bomk\n|-start|p2a: Bomk|Substitute\n|-damage|p2a: Bomk|76\/100\n|move|p1a: Ferrothorn|Leech Seed||[still]\n|-fail|p1a: Ferrothorn\n|\n|upkeep\n|turn|2\n|\n|t:|1665691321\n|switch|p1a: Latios|Latios, M|100\/100\n|move|p2a: Bomk|Dragon Dance|p2a: Bomk\n|-boost|p2a: Bomk|atk|1\n|-boost|p2a: Bomk|spe|1\n|\n|upkeep\n|turn|3\n|\n|t:|1665691327\n|move|p2a: Bomk|Bounce||[still]\n|-prepare|p2a: Bomk|Bounce\n|move|p1a: Latios|Thunderbolt|p2a: Bomk|[miss]\n|-miss|p1a: Latios|p2a: Bomk\n|\n|upkeep\n|turn|4\n|\n|t:|1665691332\n|switch|p1a: Ferrothorn|Ferrothorn, F|100\/100\n|move|p2a: Bomk|Bounce|p1a: Ferrothorn|[from]lockedmove\n|-damage|p1a: Ferrothorn|56\/100\n|-status|p1a: Ferrothorn|par\n|-damage|p2a: Bomk|63\/100|[from] ability: Iron Barbs|[of] p1a: Ferrothorn\n|-damage|p2a: Bomk|47\/100|[from] item: Rocky Helmet|[of] p1a: Ferrothorn\n|\n|upkeep\n|turn|5\n|\n|t:|1665691341\n|switch|p1a: Latios|Latios, M|100\/100\n|move|p2a: Bomk|Dragon Dance|p2a: Bomk\n|-boost|p2a: Bomk|atk|1\n|-boost|p2a: Bomk|spe|1\n|\n|upkeep\n|turn|6\n|\n|t:|1665691347\n|move|p2a: Bomk|Bounce||[still]\n|-prepare|p2a: Bomk|Bounce\n|move|p1a: Latios|Thunderbolt|p2a: Bomk|[miss]\n|-miss|p1a: Latios|p2a: Bomk\n|\n|upkeep\n|turn|7\n|\n|t:|1665691351\n|switch|p1a: Ferrothorn|Ferrothorn, F|56\/100 par\n|move|p2a: Bomk|Bounce|p1a: Ferrothorn|[from]lockedmove\n|-damage|p1a: Ferrothorn|0 fnt\n|-damage|p2a: Bomk|34\/100|[from] ability: Iron Barbs|[of] p1a: Ferrothorn\n|-damage|p2a: Bomk|18\/100|[from] item: Rocky Helmet|[of] p1a: Ferrothorn\n|faint|p1a: Ferrothorn\n|-ability|p2a: Bomk|Moxie|boost\n|-boost|p2a: Bomk|atk|1\n|\n|upkeep\n|\n|t:|1665691356\n|switch|p1a: Latios|Latios, M|100\/100\n|turn|8\n|\n|t:|1665691367\n|move|p2a: Bomk|Bounce||[still]\n|-prepare|p2a: Bomk|Bounce\n|move|p1a: Latios|Thunderbolt|p2a: Bomk|[miss]\n|-miss|p1a: Latios|p2a: Bomk\n|\n|upkeep\n|turn|9\n|\n|t:|1665691372\n|move|p2a: Bomk|Bounce|p1a: Latios|[from]lockedmove\n|-damage|p1a: Latios|0 fnt\n|faint|p1a: Latios\n|-ability|p2a: Bomk|Moxie|boost\n|-boost|p2a: Bomk|atk|1\n|\n|upkeep\n|\n|t:|1665691375\n|switch|p1a: Bisharp|Bisharp, M|100\/100\n|turn|10\n|\n|t:|1665691381\n|move|p1a: Bisharp|Sucker Punch|p2a: Bomk\n|-end|p2a: Bomk|Substitute\n|move|p2a: Bomk|Waterfall|p1a: Bisharp\n|-damage|p1a: Bisharp|0 fnt\n|faint|p1a: Bisharp\n|-ability|p2a: Bomk|Moxie|boost\n|-boost|p2a: Bomk|atk|1\n|\n|upkeep\n|\n|t:|1665691390\n|switch|p1a: Landorus|Landorus-Therian, M|100\/100\n|-ability|p1a: Landorus|Intimidate|boost\n|-unboost|p2a: Bomk|atk|1\n|turn|11\n|-message|Ling17 forfeited.\n|\n|win|cows123p\n|raw|Ling17's rating: 1458 &rarr; <strong>1443<\/strong><br \/>(-15 for losing)\n|raw|cows123p's rating: 1543 &rarr; <strong>1558<\/strong><br \/>(+15 for winning)\n|l|\u2606Ling17\n|c|\u2606cows123p|gg\n||Ladder isn't responding, score probably updated but might not have (Request timeout).\n","uploadtime":1665691401,"views":6,"p1id":"ling17","p2id":"cows123p","formatid":"gen8ou","rating":1443,"private":0,"password":null}