{"id":"gen8nationaldex-1564989415","p1":"Alejandwoe","p2":"Batataplays","format":"gen8nationaldex","log":"|j|\u2606Alejandwoe\n|j|\u2606Batataplays\n|inactive|Battle timer is ON: inactive players will automatically lose when time's up.\n|t:|1651364904\n|gametype|singles\n|player|p1|Alejandwoe|preschooler|\n|player|p2|Batataplays|sonia|\n|teamsize|p1|6\n|teamsize|p2|6\n|gen|8\n|tier|[Gen 8] National Dex\n|rated|Tournament battle\n|rule|HP Percentage Mod: HP is shown in percentages\n|rule|Endless Battle Clause: Forcing endless battles is banned\n|rule|OHKO Clause: OHKO moves are banned\n|rule|Evasion Moves Clause: Evasion moves are banned\n|rule|Species Clause: Limit one of each Pok\u00e9mon\n|rule|Dynamax Clause: You cannot dynamax\n|rule|Sleep Clause Mod: Limit one foe put to sleep\n|clearpoke\n|poke|p1|Ninetales-Alola, F|\n|poke|p1|Heatran, M|\n|poke|p1|Corviknight, F|\n|poke|p1|Greninja, M|\n|poke|p1|Rillaboom, F|\n|poke|p1|Swampert, F|\n|poke|p2|Weavile, M|\n|poke|p2|Kartana|\n|poke|p2|Diancie|\n|poke|p2|Tapu Fini|\n|poke|p2|Landorus-Therian, M|\n|poke|p2|Melmetal|\n|teampreview\n|inactive|Alejandwoe also wants the timer to be on.\n|j| gamer but swag\n|c|\u2606Alejandwoe|glhf\n|c|\u2606Batataplays|hf\n|c|\u2606Batataplays|sorry\n|\n|t:|1651364921\n|start\n|switch|p1a: Creek|Swampert, F|100\/100\n|switch|p2a: FORGET IT|Diancie|100\/100\n|turn|1\n|c|\u2606Alejandwoe|no worries! :)\n|\n|t:|1651364926\n|switch|p2a: AVALON|Kartana|100\/100\n|detailschange|p1a: Creek|Swampert-Mega, F\n|-mega|p1a: Creek|Swampert|Swampertite\n|move|p1a: Creek|Liquidation|p2a: AVALON\n|-resisted|p2a: AVALON\n|-damage|p2a: AVALON|74\/100\n|\n|upkeep\n|turn|2\n|\n|t:|1651364929\n|switch|p1a: Klaus|Corviknight, F, shiny|100\/100\n|-ability|p1a: Klaus|Pressure\n|move|p2a: AVALON|Swords Dance|p2a: AVALON\n|-boost|p2a: AVALON|atk|2\n|\n|upkeep\n|turn|3\n|\n|t:|1651364933\n|-zpower|p2a: AVALON\n|move|p2a: AVALON|All-Out Pummeling|p1a: Klaus|[zeffect]\n|-damage|p1a: Klaus|0 fnt\n|faint|p1a: Klaus\n|-ability|p2a: AVALON|Beast Boost|boost\n|-boost|p2a: AVALON|atk|1\n|\n|upkeep\n|\n|t:|1651364936\n|switch|p1a: Paleta|Ninetales-Alola, F, shiny|100\/100\n|-weather|Hail|[from] ability: Snow Warning|[of] p1a: Paleta\n|turn|4\n|\n|t:|1651364952\n|switch|p2a: BLEACH|Melmetal|100\/100\n|move|p1a: Paleta|Blizzard|p2a: BLEACH\n|-resisted|p2a: BLEACH\n|-damage|p2a: BLEACH|87\/100\n|\n|-weather|Hail|[upkeep]\n|-damage|p2a: BLEACH|81\/100|[from] Hail\n|upkeep\n|turn|5\n|\n|t:|1651364954\n|switch|p1a: Creek|Swampert-Mega, F|100\/100\n|move|p2a: BLEACH|Double Iron Bash|p1a: Creek\n|-resisted|p1a: Creek\n|-damage|p1a: Creek|82\/100\n|-resisted|p1a: Creek\n|-damage|p1a: Creek|63\/100\n|-hitcount|p1a: Creek|2\n|\n|-weather|Hail|[upkeep]\n|-damage|p1a: Creek|57\/100|[from] Hail\n|-damage|p2a: BLEACH|75\/100|[from] Hail\n|upkeep\n|turn|6\n|\n|t:|1651364958\n|switch|p2a: AVALON|Kartana|74\/100\n|move|p1a: Creek|High Horsepower|p2a: AVALON|[miss]\n|-miss|p1a: Creek|p2a: AVALON\n|\n|-weather|Hail|[upkeep]\n|-damage|p2a: AVALON|68\/100|[from] Hail\n|-damage|p1a: Creek|51\/100|[from] Hail\n|upkeep\n|turn|7\n|\n|t:|1651364965\n|switch|p1a: Ipala|Heatran, M|100\/100\n|move|p2a: AVALON|Sacred Sword|p1a: Ipala\n|-supereffective|p1a: Ipala\n|-damage|p1a: Ipala|30\/100\n|\n|-weather|Hail|[upkeep]\n|-damage|p2a: AVALON|62\/100|[from] Hail\n|-damage|p1a: Ipala|23\/100|[from] Hail\n|-heal|p1a: Ipala|30\/100|[from] item: Leftovers\n|upkeep\n|turn|8\n|\n|t:|1651364973\n|move|p2a: AVALON|Sacred Sword|p1a: Ipala\n|-supereffective|p1a: Ipala\n|-damage|p1a: Ipala|0 fnt\n|faint|p1a: Ipala\n|-ability|p2a: AVALON|Beast Boost|boost\n|-boost|p2a: AVALON|atk|1\n|\n|-weather|none\n|upkeep\n|\n|t:|1651364974\n|switch|p1a: Paleta|Ninetales-Alola, F, shiny|100\/100\n|-weather|Hail|[from] ability: Snow Warning|[of] p1a: Paleta\n|turn|9\n|\n|t:|1651364989\n|switch|p1a: Clank|Rillaboom, F|100\/100\n|-fieldstart|move: Grassy Terrain|[from] ability: Grassy Surge|[of] p1a: Clank\n|switch|p2a: BLEACH|Melmetal|75\/100\n|\n|-weather|Hail|[upkeep]\n|-damage|p1a: Clank|94\/100|[from] Hail\n|-damage|p2a: BLEACH|69\/100|[from] Hail\n|-heal|p1a: Clank|100\/100|[from] Grassy Terrain\n|-heal|p2a: BLEACH|75\/100|[from] Grassy Terrain\n|upkeep\n|turn|10\n|\n|t:|1651364993\n|switch|p2a: UGLIEST|Landorus-Therian, M|100\/100\n|-ability|p2a: UGLIEST|Intimidate|boost\n|-unboost|p1a: Clank|atk|1\n|move|p1a: Clank|Superpower|p2a: UGLIEST\n|-resisted|p2a: UGLIEST\n|-damage|p2a: UGLIEST|84\/100\n|-unboost|p1a: Clank|atk|1\n|-unboost|p1a: Clank|def|1\n|-damage|p1a: Clank|84\/100|[from] item: Rocky Helmet|[of] p2a: UGLIEST\n|\n|-weather|Hail|[upkeep]\n|-damage|p1a: Clank|78\/100|[from] Hail\n|-damage|p2a: UGLIEST|78\/100|[from] Hail\n|-heal|p1a: Clank|84\/100|[from] Grassy Terrain\n|upkeep\n|turn|11\n|\n|t:|1651364996\n|switch|p1a: Creek|Swampert-Mega, F|51\/100\n|move|p2a: UGLIEST|U-turn|p1a: Creek\n|-damage|p1a: Creek|30\/100\n|\n|t:|1651365001\n|switch|p2a: AVALON|Kartana|62\/100|[from]move: U-turn\n|\n|-weather|Hail|[upkeep]\n|-damage|p2a: AVALON|55\/100|[from] Hail\n|-damage|p1a: Creek|24\/100|[from] Hail\n|-heal|p2a: AVALON|62\/100|[from] Grassy Terrain\n|-heal|p1a: Creek|30\/100|[from] Grassy Terrain\n|upkeep\n|turn|12\n|\n|t:|1651365003\n|move|p2a: AVALON|Leaf Blade|p1a: Creek\n|-supereffective|p1a: Creek\n|-damage|p1a: Creek|0 fnt\n|faint|p1a: Creek\n|-ability|p2a: AVALON|Beast Boost|boost\n|-boost|p2a: AVALON|atk|1\n|\n|-weather|Hail|[upkeep]\n|-damage|p2a: AVALON|55\/100|[from] Hail\n|-heal|p2a: AVALON|62\/100|[from] Grassy Terrain\n|upkeep\n|\n|t:|1651365005\n|switch|p1a: Paleta|Ninetales-Alola, F, shiny|100\/100\n|turn|13\n|\n|t:|1651365008\n|switch|p2a: BLEACH|Melmetal|75\/100\n|move|p1a: Paleta|Blizzard|p2a: BLEACH\n|-resisted|p2a: BLEACH\n|-damage|p2a: BLEACH|62\/100\n|\n|-weather|none\n|-heal|p2a: BLEACH|68\/100|[from] Grassy Terrain\n|-fieldend|move: Grassy Terrain\n|upkeep\n|turn|14\n|\n|t:|1651365011\n|switch|p1a: Clank|Rillaboom, F|84\/100\n|-fieldstart|move: Grassy Terrain|[from] ability: Grassy Surge|[of] p1a: Clank\n|move|p2a: BLEACH|Double Iron Bash|p1a: Clank\n|-damage|p1a: Clank|34\/100\n|-damage|p1a: Clank|0 fnt\n|faint|p1a: Clank\n|-hitcount|p1: Clank|2\n|\n|-heal|p2a: BLEACH|74\/100|[from] Grassy Terrain\n|upkeep\n|\n|t:|1651365013\n|switch|p1a: Noelle|Greninja, M|100\/100\n|turn|15\n|\n|t:|1651365018\n|switch|p2a: 5 GRAND AT 8 TO 1|Tapu Fini|100\/100\n|-fieldstart|move: Misty Terrain|[from] ability: Misty Surge|[of] p2a: 5 GRAND AT 8 TO 1\n|move|p1a: Noelle|Dark Pulse|p2a: 5 GRAND AT 8 TO 1\n|-resisted|p2a: 5 GRAND AT 8 TO 1\n|-damage|p2a: 5 GRAND AT 8 TO 1|84\/100\n|\n|upkeep\n|turn|16\n|\n|t:|1651365021\n|switch|p1a: Paleta|Ninetales-Alola, F, shiny|100\/100\n|-weather|Hail|[from] ability: Snow Warning|[of] p1a: Paleta\n|move|p2a: 5 GRAND AT 8 TO 1|Moonblast|p1a: Paleta\n|-damage|p1a: Paleta|55\/100\n|\n|-weather|Hail|[upkeep]\n|-damage|p2a: 5 GRAND AT 8 TO 1|78\/100|[from] Hail\n|upkeep\n|turn|17\n|\n|t:|1651365024\n|switch|p2a: BLEACH|Melmetal|74\/100\n|move|p1a: Paleta|Freeze-Dry|p2a: BLEACH\n|-resisted|p2a: BLEACH\n|-damage|p2a: BLEACH|64\/100\n|\n|-weather|Hail|[upkeep]\n|-damage|p2a: BLEACH|58\/100|[from] Hail\n|upkeep\n|turn|18\n|\n|t:|1651365026\n|move|p1a: Paleta|Freeze-Dry|p2a: BLEACH\n|-resisted|p2a: BLEACH\n|-damage|p2a: BLEACH|50\/100\n|move|p2a: BLEACH|Double Iron Bash|p1a: Paleta\n|-supereffective|p1a: Paleta\n|-damage|p1a: Paleta|0 fnt\n|faint|p1a: Paleta\n|-hitcount|p1: Paleta|1\n|\n|-weather|Hail|[upkeep]\n|-damage|p2a: BLEACH|44\/100|[from] Hail\n|upkeep\n|\n|t:|1651365028\n|switch|p1a: Noelle|Greninja, M|100\/100\n|turn|19\n|\n|t:|1651365030\n|switch|p2a: 5 GRAND AT 8 TO 1|Tapu Fini|78\/100\n|move|p1a: Noelle|Hydro Pump|p2a: 5 GRAND AT 8 TO 1|[miss]\n|-miss|p1a: Noelle|p2a: 5 GRAND AT 8 TO 1\n|\n|-weather|Hail|[upkeep]\n|-damage|p2a: 5 GRAND AT 8 TO 1|72\/100|[from] Hail\n|-damage|p1a: Noelle|95\/100|[from] Hail\n|-fieldend|Misty Terrain\n|upkeep\n|turn|20\n|\n|t:|1651365033\n|move|p2a: 5 GRAND AT 8 TO 1|Moonblast|p1a: Noelle\n|-supereffective|p1a: Noelle\n|-damage|p1a: Noelle|0 fnt\n|faint|p1a: Noelle\n|\n|win|Batataplays\n|n|\u2606Alejandwoe|alejandwoe\n|n|\u2606Batataplays|batataplays\n|n| gamer but swag|gamerbutswag\n","uploadtime":1651365034,"views":7,"p1id":"alejandwoe","p2id":"batataplays","formatid":"gen8nationaldex","rating":0,"private":0,"password":null}