{"id":"gen8uu-1423266149","p1":"Poiani","p2":"Mutako Z","format":"gen8uu","log":"|j|\u2606Poiani\n|j|\u2606Mutako Z\n|t:|1632514264\n|gametype|singles\n|player|p1|Poiani|266|\n|player|p2|Mutako Z|28|\n|teamsize|p1|6\n|teamsize|p2|6\n|gen|8\n|tier|[Gen 8] UU\n|rule|Sleep Clause Mod: Limit one foe put to sleep\n|rule|Species Clause: Limit one of each Pok\u00e9mon\n|rule|OHKO Clause: OHKO moves are banned\n|rule|Evasion Moves Clause: Evasion moves are banned\n|rule|Endless Battle Clause: Forcing endless battles is banned\n|rule|HP Percentage Mod: HP is shown in percentages\n|rule|Dynamax Clause: You cannot dynamax\n|clearpoke\n|poke|p1|Uxie|\n|poke|p1|Rhyperior, M|\n|poke|p1|Rotom-Heat|\n|poke|p1|Venusaur, M|\n|poke|p1|Salamence, M|\n|poke|p1|Crawdaunt, M|\n|poke|p2|Cresselia, F|\n|poke|p2|Stakataka|\n|poke|p2|Marowak-Alola, M|\n|poke|p2|Hatterene, F|\n|poke|p2|Uxie|\n|poke|p2|Glastrier|\n|teampreview\n|\n|t:|1632514288\n|start\n|switch|p1a: Motor-Taeh|Rotom-Heat|100\/100\n|switch|p2a: Glastrier|Glastrier|100\/100\n|turn|1\n|inactive|Battle timer is ON: inactive players will automatically lose when time's up. (requested by Poiani)\n|\n|t:|1632514294\n|switch|p2a: Uxie|Uxie|100\/100\n|move|p1a: Motor-Taeh|Overheat|p2a: Uxie\n|-damage|p2a: Uxie|62\/100\n|-unboost|p1a: Motor-Taeh|spa|2\n|\n|upkeep\n|turn|2\n|\n|t:|1632514301\n|move|p1a: Motor-Taeh|Volt Switch|p2a: Uxie\n|-damage|p2a: Uxie|52\/100\n|\n|t:|1632514307\n|switch|p1a: Otis|Uxie|100\/100|[from]move: Volt Switch\n|move|p2a: Uxie|Stealth Rock|p1a: Otis\n|-sidestart|p1: Poiani|move: Stealth Rock\n|\n|upkeep\n|turn|3\n|\n|t:|1632514314\n|move|p2a: Uxie|Magic Coat|p2a: Uxie\n|-singleturn|p2a: Uxie|move: Magic Coat\n|move|p1a: Otis|Stealth Rock|p2a: Uxie\n|move|p2a: Uxie|Stealth Rock||[from]Magic Coat|[still]\n|-fail|p2a: Uxie\n|\n|upkeep\n|turn|4\n|\n|t:|1632514321\n|move|p2a: Uxie|Magic Coat|p2a: Uxie\n|-singleturn|p2a: Uxie|move: Magic Coat\n|move|p1a: Otis|Stealth Rock|p2a: Uxie\n|move|p2a: Uxie|Stealth Rock||[from]Magic Coat|[still]\n|-fail|p2a: Uxie\n|\n|upkeep\n|turn|5\n|\n|t:|1632514327\n|move|p2a: Uxie|Magic Coat|p2a: Uxie\n|-singleturn|p2a: Uxie|move: Magic Coat\n|move|p1a: Otis|Stealth Rock|p2a: Uxie\n|move|p2a: Uxie|Stealth Rock||[from]Magic Coat|[still]\n|-fail|p2a: Uxie\n|\n|upkeep\n|turn|6\n|\n|t:|1632514333\n|move|p2a: Uxie|Magic Coat|p2a: Uxie\n|-singleturn|p2a: Uxie|move: Magic Coat\n|move|p1a: Otis|Stealth Rock|p2a: Uxie\n|move|p2a: Uxie|Stealth Rock||[from]Magic Coat|[still]\n|-fail|p2a: Uxie\n|\n|upkeep\n|turn|7\n|\n|t:|1632514341\n|move|p2a: Uxie|Magic Coat|p2a: Uxie\n|-singleturn|p2a: Uxie|move: Magic Coat\n|move|p1a: Otis|Stealth Rock|p2a: Uxie\n|move|p2a: Uxie|Stealth Rock||[from]Magic Coat|[still]\n|-fail|p2a: Uxie\n|\n|upkeep\n|turn|8\n|c|\u2606Poiani|Kamon bro\n|c|\u2606Poiani|Stealth rock for me\n|c|\u2606Poiani|Stealth rock for you\n|\n|t:|1632514362\n|switch|p2a: Hatterene|Hatterene, F|100\/100\n|move|p1a: Otis|Stealth Rock|p2a: Hatterene\n|move|p2a: Hatterene|Stealth Rock||[from]ability: Magic Bounce|[still]\n|-fail|p2a: Hatterene\n|\n|upkeep\n|turn|9\n|c|\u2606Mutako Z|lol\n|c|\u2606Poiani|Lol\n|inactive|Poiani has 270 seconds left.\n|\n|t:|1632514389\n|move|p1a: Otis|Psychic|p2a: Hatterene\n|-resisted|p2a: Hatterene\n|-damage|p2a: Hatterene|87\/100\n|move|p2a: Hatterene|Mystical Fire|p1a: Otis\n|-damage|p1a: Otis|65\/100\n|-unboost|p1a: Otis|spa|1\n|-damage|p2a: Hatterene|78\/100|[from] item: Life Orb\n|\n|upkeep\n|turn|10\n|\n|t:|1632514400\n|move|p1a: Otis|Psychic|p2a: Hatterene\n|-resisted|p2a: Hatterene\n|-damage|p2a: Hatterene|69\/100\n|move|p2a: Hatterene|Mystical Fire|p1a: Otis\n|-damage|p1a: Otis|33\/100\n|-unboost|p1a: Otis|spa|1\n|-damage|p2a: Hatterene|59\/100|[from] item: Life Orb\n|\n|upkeep\n|turn|11\n|\n|t:|1632514409\n|move|p1a: Otis|Psychic|p2a: Hatterene\n|-resisted|p2a: Hatterene\n|-crit|p2a: Hatterene\n|-damage|p2a: Hatterene|39\/100\n|move|p2a: Hatterene|Dazzling Gleam|p1a: Otis\n|-damage|p1a: Otis|0 fnt\n|faint|p1a: Otis\n|-damage|p2a: Hatterene|29\/100|[from] item: Life Orb\n|\n|upkeep\n|\n|t:|1632514418\n|switch|p1a: Jack|Salamence, M|100\/100\n|-damage|p1a: Jack|76\/100|[from] Stealth Rock\n|turn|12\n|\n|t:|1632514422\n|move|p1a: Jack|Shadow Claw|p2a: Hatterene\n|-supereffective|p2a: Hatterene\n|-damage|p2a: Hatterene|0 fnt\n|faint|p2a: Hatterene\n|-ability|p1a: Jack|Moxie|boost\n|-boost|p1a: Jack|atk|1\n|-damage|p1a: Jack|66\/100|[from] item: Life Orb\n|\n|upkeep\n|\n|t:|1632514433\n|switch|p2a: Cresselia|Cresselia, F, shiny|100\/100\n|turn|13\n|\n|t:|1632514446\n|move|p1a: Jack|Outrage|p2a: Cresselia\n|-damage|p2a: Cresselia|14\/100\n|-damage|p1a: Jack|56\/100|[from] item: Life Orb\n|move|p2a: Cresselia|Trick Room|p2a: Cresselia\n|-fieldstart|move: Trick Room|[of] p2a: Cresselia\n|\n|upkeep\n|turn|14\n|\n|t:|1632514454\n|move|p2a: Cresselia|Ice Beam|p1a: Jack\n|-supereffective|p1a: Jack\n|-damage|p1a: Jack|0 fnt\n|faint|p1a: Jack\n|\n|upkeep\n|\n|t:|1632514460\n|switch|p1a: Eustachio|Crawdaunt, M|100\/100\n|-damage|p1a: Eustachio|88\/100|[from] Stealth Rock\n|turn|15\n|\n|t:|1632514465\n|move|p1a: Eustachio|Aqua Jet|p2a: Cresselia\n|-damage|p2a: Cresselia|0 fnt\n|faint|p2a: Cresselia\n|-damage|p1a: Eustachio|78\/100|[from] item: Life Orb\n|\n|upkeep\n|\n|t:|1632514475\n|switch|p2a: Glastrier|Glastrier|100\/100\n|turn|16\n|\n|t:|1632514486\n|switch|p1a: Motor-Taeh|Rotom-Heat|100\/100\n|-damage|p1a: Motor-Taeh|76\/100|[from] Stealth Rock\n|move|p2a: Glastrier|Close Combat|p1a: Motor-Taeh\n|-damage|p1a: Motor-Taeh|6\/100\n|-unboost|p2a: Glastrier|def|1\n|-unboost|p2a: Glastrier|spd|1\n|\n|upkeep\n|turn|17\n|\n|t:|1632514500\n|switch|p1a: Mr.Saur|Venusaur, M|100\/100\n|-damage|p1a: Mr.Saur|88\/100|[from] Stealth Rock\n|move|p2a: Glastrier|Close Combat|p1a: Mr.Saur\n|-resisted|p1a: Mr.Saur\n|-damage|p1a: Mr.Saur|56\/100\n|-unboost|p2a: Glastrier|def|1\n|-unboost|p2a: Glastrier|spd|1\n|\n|-heal|p1a: Mr.Saur|62\/100|[from] item: Black Sludge\n|-fieldend|move: Trick Room\n|upkeep\n|turn|18\n|\n|t:|1632514514\n|switch|p2a: Marowak|Marowak-Alola, M|100\/100\n|move|p1a: Mr.Saur|Sunny Day|p1a: Mr.Saur\n|-weather|SunnyDay\n|\n|-weather|SunnyDay|[upkeep]\n|-heal|p1a: Mr.Saur|68\/100|[from] item: Black Sludge\n|upkeep\n|turn|19\n|\n|t:|1632514525\n|move|p1a: Mr.Saur|Sludge Bomb|p2a: Marowak\n|-resisted|p2a: Marowak\n|-damage|p2a: Marowak|74\/100\n|move|p2a: Marowak|Flare Blitz|p1a: Mr.Saur\n|-supereffective|p1a: Mr.Saur\n|-damage|p1a: Mr.Saur|0 fnt\n|faint|p1a: Mr.Saur\n|-damage|p2a: Marowak|53\/100|[from] Recoil\n|\n|-weather|SunnyDay|[upkeep]\n|upkeep\n|\n|t:|1632514535\n|switch|p1a: Motor-Taeh|Rotom-Heat|6\/100\n|-damage|p1a: Motor-Taeh|0 fnt|[from] Stealth Rock\n|faint|p1a: Motor-Taeh\n|\n|t:|1632514537\n|switch|p1a: Eustachio|Crawdaunt, M|78\/100\n|-damage|p1a: Eustachio|66\/100|[from] Stealth Rock\n|turn|20\n|\n|t:|1632514553\n|move|p1a: Eustachio|Aqua Jet|p2a: Marowak\n|-supereffective|p2a: Marowak\n|-damage|p2a: Marowak|18\/100\n|-damage|p1a: Eustachio|56\/100|[from] item: Life Orb\n|move|p2a: Marowak|Bonemerang|p1a: Eustachio\n|-damage|p1a: Eustachio|25\/100\n|-damage|p1a: Eustachio|0 fnt\n|faint|p1a: Eustachio\n|-hitcount|p1: Eustachio|2\n|\n|-weather|SunnyDay|[upkeep]\n|upkeep\n|\n|t:|1632514561\n|switch|p1a: Sam|Rhyperior, M|100\/100\n|-damage|p1a: Sam|94\/100|[from] Stealth Rock\n|turn|21\n|\n|t:|1632514568\n|move|p2a: Marowak|Bonemerang|p1a: Sam\n|-supereffective|p1a: Sam\n|-damage|p1a: Sam|69\/100\n|-enditem|p1a: Sam|Weakness Policy\n|-boost|p1a: Sam|atk|2|[from] item: Weakness Policy\n|-boost|p1a: Sam|spa|2|[from] item: Weakness Policy\n|-supereffective|p1a: Sam\n|-damage|p1a: Sam|44\/100\n|-hitcount|p1a: Sam|2\n|move|p1a: Sam|Thunder Punch|p2a: Marowak\n|-ability|p2a: Marowak|Lightning Rod|boost\n|-boost|p2a: Marowak|spa|1\n|\n|-weather|SunnyDay|[upkeep]\n|upkeep\n|turn|22\n|c|\u2606Mutako Z|come on\n|\n|t:|1632514582\n|move|p2a: Marowak|Poltergeist||[still]\n|-fail|p2a: Marowak\n|move|p1a: Sam|Earthquake|p2a: Marowak\n|-supereffective|p2a: Marowak\n|-damage|p2a: Marowak|0 fnt\n|faint|p2a: Marowak\n|\n|-weather|none\n|upkeep\n|\n|t:|1632514593\n|switch|p2a: Uxie|Uxie|52\/100\n|turn|23\n|\n|t:|1632514598\n|move|p2a: Uxie|Memento|p1a: Sam\n|-unboost|p1a: Sam|atk|2\n|-unboost|p1a: Sam|spa|2\n|faint|p2a: Uxie\n|move|p1a: Sam|Stone Edge|p2: Uxie|[notarget]\n|-fail|p1a: Sam\n|\n|upkeep\n|\n|t:|1632514605\n|switch|p2a: Glastrier|Glastrier|100\/100\n|turn|24\n|\n|t:|1632514611\n|move|p1a: Sam|Earthquake|p2a: Glastrier\n|-damage|p2a: Glastrier|60\/100\n|move|p2a: Glastrier|Icicle Crash|p1a: Sam\n|-supereffective|p1a: Sam\n|-damage|p1a: Sam|0 fnt\n|faint|p1a: Sam\n|\n|win|Mutako Z\n|c|\u2606Poiani|Remartch again\n","uploadtime":1632514624,"views":13,"p1id":"poiani","p2id":"mutakoz","formatid":"gen8uu","rating":0,"private":0,"password":null}