{"id":"gen8ou-1610136518","p1":"Burger King CEO","p2":"cute pink team","format":"gen8ou","log":"|j|\u2606Burger King CEO\n|j|\u2606cute pink team\n|t:|1656949389\n|gametype|singles\n|player|p1|Burger King CEO|lucas|1675\n|player|p2|cute pink team|misty-gen1|1855\n|teamsize|p1|6\n|teamsize|p2|6\n|gen|8\n|tier|[Gen 8] OU\n|rated|\n|rule|Sleep Clause Mod: Limit one foe put to sleep\n|rule|Species Clause: Limit one of each Pok\u00e9mon\n|rule|OHKO Clause: OHKO moves are banned\n|rule|Evasion Moves Clause: Evasion moves are banned\n|rule|Endless Battle Clause: Forcing endless battles is banned\n|rule|HP Percentage Mod: HP is shown in percentages\n|rule|Dynamax Clause: You cannot dynamax\n|clearpoke\n|poke|p1|Perrserker, F|\n|poke|p1|Rapidash, F|\n|poke|p1|Magnezone|\n|poke|p1|Slowbro, M|\n|poke|p1|Landorus-Therian, M|\n|poke|p1|Hitmonchan, M|\n|poke|p2|Mamoswine, M|\n|poke|p2|Ditto|\n|poke|p2|Corviknight, F|\n|poke|p2|Volcanion|\n|poke|p2|Zapdos|\n|poke|p2|Victini|\n|teampreview\n|\n|t:|1656949407\n|start\n|switch|p1a: Magnezone|Magnezone|100\/100\n|switch|p2a: Zapdos|Zapdos|100\/100\n|turn|1\n|\n|t:|1656949410\n|move|p2a: Zapdos|Heat Wave|p1a: Magnezone\n|-supereffective|p1a: Magnezone\n|-damage|p1a: Magnezone|0 fnt\n|faint|p1a: Magnezone\n|\n|upkeep\n|\n|t:|1656949416\n|switch|p1a: Rapidash|Rapidash, F|100\/100\n|-item|p1a: Rapidash|Air Balloon\n|turn|2\n|\n|t:|1656949420\n|switch|p2a: Ditto|Ditto|100\/100\n|-transform|p2a: Ditto|p1a: Rapidash|[from] ability: Imposter\n|move|p1a: Rapidash|Swords Dance|p1a: Rapidash\n|-boost|p1a: Rapidash|atk|2\n|\n|upkeep\n|turn|3\n|j| killer whale squa\n|j| Ylliera\n|\n|t:|1656949443\n|switch|p2a: Zapdos|Zapdos|100\/100\n|move|p1a: Rapidash|High Horsepower|p2a: Zapdos\n|-immune|p2a: Zapdos\n|\n|upkeep\n|turn|4\n|\n|t:|1656949471\n|switch|p2a: Volcanion|Volcanion|100\/100\n|move|p1a: Rapidash|Flare Blitz|p2a: Volcanion\n|-resisted|p2a: Volcanion\n|-damage|p2a: Volcanion|77\/100\n|-damage|p1a: Rapidash|92\/100|[from] Recoil\n|\n|upkeep\n|turn|5\n|\n|t:|1656949478\n|switch|p2a: Corviknight|Corviknight, F|100\/100\n|-ability|p2a: Corviknight|Pressure\n|move|p1a: Rapidash|High Horsepower|p2a: Corviknight\n|-immune|p2a: Corviknight\n|\n|upkeep\n|turn|6\n|\n|t:|1656949502\n|move|p1a: Rapidash|Flare Blitz|p2a: Corviknight\n|-supereffective|p2a: Corviknight\n|-damage|p2a: Corviknight|0 fnt\n|faint|p2a: Corviknight\n|-damage|p1a: Rapidash|43\/100|[from] Recoil\n|\n|upkeep\n|\n|t:|1656949504\n|switch|p2a: Ditto|Ditto|100\/100\n|-transform|p2a: Ditto|p1a: Rapidash|[from] ability: Imposter\n|turn|7\n|\n|t:|1656949509\n|move|p2a: Ditto|Play Rough|p1a: Rapidash|[miss]\n|-miss|p2a: Ditto|p1a: Rapidash\n|move|p1a: Rapidash|High Horsepower|p2a: Ditto\n|-supereffective|p2a: Ditto\n|-damage|p2a: Ditto|0 fnt\n|faint|p2a: Ditto\n|\n|upkeep\n|\n|t:|1656949517\n|switch|p2a: Zapdos|Zapdos|100\/100\n|turn|8\n|\n|t:|1656949520\n|move|p1a: Rapidash|Flare Blitz|p2a: Zapdos\n|-damage|p2a: Zapdos|0 fnt\n|faint|p2a: Zapdos\n|-damage|p1a: Rapidash|4\/100|[from] Recoil\n|\n|upkeep\n|\n|t:|1656949522\n|switch|p2a: Mamoswine|Mamoswine, M|100\/100\n|turn|9\n|\n|t:|1656949528\n|switch|p1a: Slowbro|Slowbro, M|100\/100\n|move|p2a: Mamoswine|Ice Shard|p1a: Slowbro\n|-resisted|p1a: Slowbro\n|-damage|p1a: Slowbro|94\/100\n|\n|upkeep\n|turn|10\n|\n|t:|1656949530\n|switch|p2a: Victini|Victini|100\/100\n|move|p1a: Slowbro|Teleport|p1a: Slowbro\n|\n|t:|1656949535\n|switch|p1a: Landorus|Landorus-Therian, M|100\/100|[from]move: Teleport\n|-ability|p1a: Landorus|Intimidate|boost\n|-unboost|p2a: Victini|atk|1\n|\n|upkeep\n|turn|11\n|\n|t:|1656949538\n|move|p2a: Victini|Final Gambit|p1a: Landorus\n|-damage|p1a: Landorus|0 fnt\n|faint|p2a: Victini\n|faint|p1a: Landorus\n|\n|upkeep\n|\n|t:|1656949543\n|switch|p2a: Volcanion|Volcanion|77\/100\n|switch|p1a: Hitmonchan|Hitmonchan, M|100\/100\n|turn|12\n|\n|t:|1656949547\n|move|p1a: Hitmonchan|Drain Punch|p2a: Volcanion\n|-damage|p2a: Volcanion|37\/100\n|move|p2a: Volcanion|Steam Eruption|p1a: Hitmonchan\n|-crit|p1a: Hitmonchan\n|-damage|p1a: Hitmonchan|0 fnt\n|faint|p1a: Hitmonchan\n|\n|upkeep\n|\n|t:|1656949555\n|switch|p1a: Slowbro|Slowbro, M|100\/100\n|turn|13\n|\n|t:|1656949559\n|move|p2a: Volcanion|Steam Eruption|p1a: Slowbro\n|-resisted|p1a: Slowbro\n|-damage|p1a: Slowbro|48\/100\n|-status|p1a: Slowbro|brn\n|move|p1a: Slowbro|Future Sight|p2a: Volcanion\n|-start|p1a: Slowbro|move: Future Sight\n|\n|-damage|p1a: Slowbro|42\/100 brn|[from] brn\n|upkeep\n|turn|14\n|\n|t:|1656949562\n|switch|p1a: Rapidash|Rapidash, F|4\/100\n|-item|p1a: Rapidash|Air Balloon\n|move|p2a: Volcanion|Steam Eruption|p1a: Rapidash\n|-supereffective|p1a: Rapidash\n|-damage|p1a: Rapidash|0 fnt\n|-enditem|p1a: Rapidash|Air Balloon\n|faint|p1a: Rapidash\n|\n|upkeep\n|j| qxfn143\n|\n|t:|1656949564\n|switch|p1a: Throthgar|Perrserker, F|100\/100\n|turn|15\n|\n|t:|1656949584\n|move|p2a: Volcanion|Steam Eruption|p1a: Throthgar\n|-damage|p1a: Throthgar|0 fnt\n|faint|p1a: Throthgar\n|\n|-end|p2a: Volcanion|move: Future Sight\n|-damage|p2a: Volcanion|0 fnt\n|faint|p2a: Volcanion\n|upkeep\n|\n|t:|1656949587\n|switch|p2a: Mamoswine|Mamoswine, M|100\/100\n|switch|p1a: Slowbro|Slowbro, M|75\/100 brn\n|turn|16\n|\n|t:|1656949590\n|move|p2a: Mamoswine|Earthquake|p1a: Slowbro\n|-damage|p1a: Slowbro|42\/100 brn\n|move|p1a: Slowbro|Slack Off|p1a: Slowbro\n|-heal|p1a: Slowbro|92\/100 brn\n|\n|-damage|p1a: Slowbro|86\/100 brn|[from] brn\n|upkeep\n|turn|17\n|l| qxfn143\n|\n|t:|1656949594\n|move|p2a: Mamoswine|Earthquake|p1a: Slowbro\n|-damage|p1a: Slowbro|51\/100 brn\n|move|p1a: Slowbro|Scald|p2a: Mamoswine\n|-supereffective|p2a: Mamoswine\n|-damage|p2a: Mamoswine|65\/100\n|\n|-damage|p1a: Slowbro|45\/100 brn|[from] brn\n|upkeep\n|turn|18\n|j| Ran Kob\n|\n|t:|1656949597\n|move|p2a: Mamoswine|Icicle Crash|p1a: Slowbro\n|-resisted|p1a: Slowbro\n|-damage|p1a: Slowbro|31\/100 brn\n|cant|p1a: Slowbro|flinch\n|\n|-damage|p1a: Slowbro|25\/100 brn|[from] brn\n|upkeep\n|turn|19\n|\n|t:|1656949599\n|move|p2a: Mamoswine|Earthquake|p1a: Slowbro\n|-damage|p1a: Slowbro|0 fnt\n|faint|p1a: Slowbro\n|\n|win|cute pink team\n|raw|Burger King CEO's rating: 1675 &rarr; <strong>1665<\/strong><br \/>(-10 for losing)\n|raw|cute pink team's rating: 1855 &rarr; <strong>1865<\/strong><br \/>(+10 for winning)\n|l| Ran Kob\n|l|\u2606cute pink team\n","uploadtime":1656949630,"views":67,"p1id":"burgerkingceo","p2id":"cutepinkteam","formatid":"gen8ou","rating":1665,"private":0,"password":null}