{"id":"gen8randombattle-1563420245","p1":"PedroGreg","p2":"Felipequiron","format":"gen8randombattle","log":"|j|\u2606PedroGreg\n|j|\u2606Felipequiron\n|inactive|Battle timer is ON: inactive players will automatically lose when time's up.\n|t:|1651169958\n|gametype|singles\n|player|p1|PedroGreg|265|\n|player|p2|Felipequiron|lucas|\n|teamsize|p1|6\n|teamsize|p2|6\n|gen|8\n|tier|[Gen 8] Random Battle\n|rated|Tournament battle\n|rule|Species Clause: Limit one of each Pok\u00e9mon\n|rule|HP Percentage Mod: HP is shown in percentages\n|rule|Sleep Clause Mod: Limit one foe put to sleep\n|rule|Inverse Mod: Weaknesses become resistances, while resistances and immunities become weaknesses.\n|rule|Camomons Mod: Pok\u00e9mon have their types set to match their first two moves.\n|\n|t:|1651169958\n|start\n|switch|p1a: Clawitzer|Clawitzer, L84, M|256\/256\n|switch|p2a: Tauros|Tauros, L82, M|257\/257\n|-start|p2a: Tauros|typechange|Dark\/Fighting|[silent]\n|-start|p1a: Clawitzer|typechange|Water\/Fighting|[silent]\n|-start|p1a: Clawitzer|typechange|Water\/Fighting|[silent]\n|-start|p2a: Tauros|typechange|Dark\/Fighting|[silent]\n|turn|1\n|c|\u2606PedroGreg|hf\n|j| Empoleon o\n|\n|t:|1651169972\n|move|p2a: Tauros|Throat Chop|p1a: Clawitzer\n|-supereffective|p1a: Clawitzer\n|-damage|p1a: Clawitzer|0 fnt\n|faint|p1a: Clawitzer\n|\n|upkeep\n|c|\u2606Felipequiron|sorte boa\n|\n|t:|1651169987\n|switch|p1a: Alakazam|Alakazam, L78, F|214\/214\n|-start|p1a: Alakazam|typechange|Fighting\/Psychic|[silent]\n|-start|p1a: Alakazam|typechange|Fighting\/Psychic|[silent]\n|turn|2\n|inactive|Felipequiron has 120 seconds left.\n|\n|t:|1651170021\n|move|p1a: Alakazam|Psychic|p2a: Tauros\n|-damage|p2a: Tauros|93\/257\n|move|p2a: Tauros|Close Combat|p1a: Alakazam\n|-supereffective|p1a: Alakazam\n|-damage|p1a: Alakazam|0 fnt\n|-unboost|p2a: Tauros|def|1\n|-unboost|p2a: Tauros|spd|1\n|faint|p1a: Alakazam\n|-damage|p2a: Tauros|68\/257|[from] item: Life Orb\n|\n|upkeep\n|\n|t:|1651170030\n|switch|p1a: Blissey|Blissey, L83, F|559\/559\n|-start|p1a: Blissey|typechange|Normal\/Psychic|[silent]\n|-start|p1a: Blissey|typechange|Normal\/Psychic|[silent]\n|turn|3\n|c|\u2606Felipequiron|vamo mari cardi\n|\n|t:|1651170040\n|move|p2a: Tauros|Zen Headbutt|p1a: Blissey\n|-supereffective|p1a: Blissey\n|-damage|p1a: Blissey|10\/559\n|move|p1a: Blissey|Seismic Toss|p2a: Tauros\n|-damage|p2a: Tauros|0 fnt\n|faint|p2a: Tauros\n|\n|-heal|p1a: Blissey|44\/559|[from] item: Leftovers\n|upkeep\n|\n|t:|1651170050\n|switch|p2a: Tapu Lele|Tapu Lele, L80|243\/243\n|-start|p2a: Tapu Lele|typechange|Psychic\/Fairy|[silent]\n|-fieldstart|move: Psychic Terrain|[from] ability: Psychic Surge|[of] p2a: Tapu Lele\n|turn|4\n|\n|t:|1651170055\n|move|p2a: Tapu Lele|Shadow Ball|p1a: Blissey\n|-damage|p1a: Blissey|0 fnt\n|faint|p1a: Blissey\n|-damage|p2a: Tapu Lele|219\/243|[from] item: Life Orb\n|\n|upkeep\n|\n|t:|1651170059\n|switch|p1a: Regidrago|Regidrago, L78|440\/440\n|-start|p1a: Regidrago|typechange|Dragon|[silent]\n|turn|5\n|\n|t:|1651170077\n|-start|p1a: Regidrago|Dynamax|\n|-heal|p1a: Regidrago|880\/880|[silent]\n|move|p2a: Tapu Lele|Shadow Ball|p1a: Regidrago\n|-damage|p1a: Regidrago|789\/880\n|-damage|p2a: Tapu Lele|195\/243|[from] item: Life Orb\n|move|p1a: Regidrago|Max Wyrmwind|p2a: Tapu Lele\n|-supereffective|p2a: Tapu Lele\n|-damage|p2a: Tapu Lele|0 fnt\n|faint|p2a: Tapu Lele\n|\n|upkeep\n|\n|t:|1651170085\n|switch|p2a: Kyurem|Kyurem-White, L74|307\/307\n|-start|p2a: Kyurem|typechange|Ice\/Fire|[silent]\n|-ability|p2a: Kyurem|Turboblaze\n|-start|p2a: Kyurem|typechange|Ice\/Fire|[silent]\n|turn|6\n|j| xkldrago\n|\n|t:|1651170093\n|-start|p2a: Kyurem|Dynamax|\n|-heal|p2a: Kyurem|614\/614|[silent]\n|move|p2a: Kyurem|Max Flare|p1a: Regidrago\n|-supereffective|p1a: Regidrago\n|-damage|p1a: Regidrago|405\/880\n|-weather|SunnyDay\n|move|p1a: Regidrago|Max Flare|p2a: Kyurem\n|-damage|p2a: Kyurem|479\/614\n|\n|-weather|SunnyDay|[upkeep]\n|upkeep\n|turn|7\n|\n|t:|1651170103\n|move|p2a: Kyurem|Max Flare|p1a: Regidrago\n|-supereffective|p1a: Regidrago\n|-damage|p1a: Regidrago|0 fnt\n|faint|p1a: Regidrago\n|\n|-weather|SunnyDay|[upkeep]\n|upkeep\n|\n|t:|1651170106\n|switch|p1a: Maractus|Maractus, L94, M|293\/293\n|-start|p1a: Maractus|typechange|Grass|[silent]\n|turn|8\n|\n|t:|1651170111\n|move|p2a: Kyurem|Max Quake|p1a: Maractus\n|-supereffective|p1a: Maractus\n|-damage|p1a: Maractus|59\/293\n|-boost|p2a: Kyurem|spd|1\n|move|p1a: Maractus|Energy Ball|p2a: Kyurem\n|-supereffective|p2a: Kyurem\n|-damage|p2a: Kyurem|299\/614\n|\n|-weather|SunnyDay|[upkeep]\n|-heal|p1a: Maractus|77\/293|[from] item: Leftovers\n|-fieldend|move: Psychic Terrain\n|upkeep\n|-end|p2a: Kyurem|Dynamax\n|-heal|p2a: Kyurem|150\/307|[silent]\n|turn|9\n|\n|t:|1651170115\n|move|p2a: Kyurem|Earth Power|p1a: Maractus\n|-supereffective|p1a: Maractus\n|-damage|p1a: Maractus|0 fnt\n|faint|p1a: Maractus\n|\n|-weather|SunnyDay|[upkeep]\n|upkeep\n|c|\u2606PedroGreg|gg\n|-message|PedroGreg forfeited.\n|\n|win|Felipequiron\n|n|\u2606PedroGreg|pedrogreg\n|n|\u2606Felipequiron|felipequiron\n|n| Empoleon o|empoleono\n|n| xkldrago|xkldrago\n","inputlog":">version b2a2bf97137f7bd2d008c18e2e31ef2dd6a0993b\n>start {\"formatid\":\"gen8randombattle@@@inversemod,camomonsmod\",\"seed\":[28763,24173,53805,5067],\"rated\":\"Tournament battle\"}\n>player p1 {\"name\":\"PedroGreg\",\"avatar\":\"265\",\"rating\":0,\"seed\":[52726,51341,26260,3338]}\n>player p2 {\"name\":\"Felipequiron\",\"avatar\":\"lucas\",\"rating\":0,\"seed\":[34814,42509,25124,34901]}\n>chat \u2606PedroGreg|hf\n>p1 move darkpulse\n>p2 move throatchop\n>chat \u2606Felipequiron|sorte boa\n>p1 switch 5\n>p1 move psychic\n>p2 move closecombat\n>p1 switch 3\n>chat \u2606Felipequiron|vamo mari cardi \n>p1 move seismictoss\n>p2 move zenheadbutt\n>p2 switch 3\n>p1 move toxic\n>p2 move shadowball\n>p1 switch 2\n>p1 move outrage dynamax\n>p2 move shadowball\n>p2 switch 4\n>p1 move firefang dynamax\n>p2 move fusionflare dynamax\n>p1 move dracometeor dynamax\n>p2 move fusionflare dynamax\n>p1 switch 4\n>p1 move energyball\n>p2 move earthpower dynamax\n>p1 move energyball\n>p2 move earthpower\n>chat \u2606PedroGreg|gg\n>forcelose p1","uploadtime":1651170122,"views":10,"p1id":"pedrogreg","p2id":"felipequiron","formatid":"gen8randombattle","rating":0,"private":0,"password":null}