{"id":"gen8vgc2020-1205646884","p1":"bhkg","p2":"Aldeala","format":"gen8vgc2020","log":"|j|\u2606bhkg\n|j|\u2606Aldeala\n|t:|1603118749\n|player|p1|bhkg|2|1477\n|player|p2|Aldeala|swimmerf|1416\n|teamsize|p1|6\n|teamsize|p2|6\n|gametype|doubles\n|gen|8\n|tier|[Gen 8] VGC 2020\n|rated|\n|clearpoke\n|poke|p1|Noivern, L50, F|\n|poke|p1|Mamoswine, L50, M|\n|poke|p1|Chandelure, L50, F|\n|poke|p1|Azumarill, L50, F|\n|poke|p1|Roserade, L50, F|\n|poke|p1|Blissey, L50, F|\n|poke|p2|Unfezant, L50, M|\n|poke|p2|Krookodile, L50, M|\n|poke|p2|Whimsicott, L50, M|\n|poke|p2|Barraskewda, L50, M|\n|poke|p2|Politoed, L50, F|\n|poke|p2|Weezing-Galar, L50, F|\n|rule|Species Clause: Limit one of each Pok\u00e9mon\n|rule|Item Clause: Limit one of each item\n|teampreview|4\n|\n|t:|1603118772\n|start\n|switch|p1a: Blissey|Blissey, L50, F|48\/48\n|switch|p1b: Noivern|Noivern, L50, F|48\/48\n|switch|p2a: Barraskewda|Barraskewda, L50, M|48\/48\n|switch|p2b: Politoed|Politoed, L50, F|48\/48\n|-item|p2a: Barraskewda|Life Orb|[from] ability: Frisk|[of] p1b: Noivern|[identify]\n|-item|p2b: Politoed|Damp Rock|[from] ability: Frisk|[of] p1b: Noivern|[identify]\n|-weather|RainDance|[from] ability: Drizzle|[of] p2b: Politoed\n|turn|1\n|\n|t:|1603118792\n|-start|p1b: Noivern|Dynamax\n|-heal|p1b: Noivern|48\/48|[silent]\n|move|p2a: Barraskewda|Liquidation|p1b: Noivern\n|-resisted|p1b: Noivern\n|-damage|p1b: Noivern|34\/48\n|-unboost|p1b: Noivern|def|1\n|-damage|p2a: Barraskewda|43\/48|[from] item: Life Orb\n|move|p1b: Noivern|Max Wyrmwind|p2a: Barraskewda\n|-damage|p2a: Barraskewda|0 fnt\n|-unboost|p2b: Politoed|atk|1\n|faint|p2a: Barraskewda\n|move|p2b: Politoed|Ice Beam|p1b: Noivern\n|-supereffective|p1b: Noivern\n|-damage|p1b: Noivern|11\/48\n|-status|p1b: Noivern|frz\n|move|p1a: Blissey|Thunder|p2b: Politoed\n|-supereffective|p2b: Politoed\n|-damage|p2b: Politoed|31\/48\n|-status|p2b: Politoed|par\n|\n|-weather|RainDance|[upkeep]\n|upkeep\n|\n|t:|1603118817\n|switch|p2a: Unfezant|Unfezant, L50, M|48\/48\n|turn|2\n|\n|t:|1603118825\n|move|p2a: Unfezant|Protect|p2a: Unfezant\n|-singleturn|p2a: Unfezant|Protect\n|cant|p1b: Noivern|frz\n|move|p1a: Blissey|Thunder|p2a: Unfezant\n|-activate|p2a: Unfezant|move: Protect\n|move|p2b: Politoed|Ice Beam|p1b: Noivern\n|-supereffective|p1b: Noivern\n|-damage|p1b: Noivern|0 fnt\n|faint|p1b: Noivern\n|\n|-weather|RainDance|[upkeep]\n|upkeep\n|\n|t:|1603118850\n|switch|p1b: Mamoswine|Mamoswine, L50, M|48\/48\n|turn|3\n|\n|t:|1603118868\n|switch|p2b: Krookodile|Krookodile, L50, M, shiny|48\/48\n|move|p2a: Unfezant|Night Slash|p2b: Krookodile\n|-resisted|p2b: Krookodile\n|-crit|p2b: Krookodile\n|-damage|p2b: Krookodile|38\/48\n|-setboost|p2b: Krookodile|atk|12|[from] ability: Anger Point\n|move|p1b: Mamoswine|Rock Slide|p2a: Unfezant|[spread] p2a,p2b\n|-supereffective|p2a: Unfezant\n|-resisted|p2b: Krookodile\n|-damage|p2a: Unfezant|21\/48\n|-damage|p2b: Krookodile|31\/48\n|move|p1a: Blissey|Thunder|p2a: Unfezant\n|-supereffective|p2a: Unfezant\n|-damage|p2a: Unfezant|0 fnt\n|faint|p2a: Unfezant\n|\n|-weather|RainDance|[upkeep]\n|upkeep\n|\n|t:|1603118898\n|switch|p2a: Politoed|Politoed, L50, F|31\/48 par\n|turn|4\n|\n|t:|1603118925\n|-start|p2b: Krookodile|Dynamax\n|-heal|p2b: Krookodile|31\/48|[silent]\n|move|p2b: Krookodile|Max Quake|p1b: Mamoswine\n|-damage|p1b: Mamoswine|0 fnt\n|-boost|p2a: Politoed|spd|1\n|-boost|p2b: Krookodile|spd|1\n|faint|p1b: Mamoswine\n|move|p1a: Blissey|Blizzard|p2a: Politoed|[spread] p2a\n|-miss|p1a: Blissey|p2b: Krookodile\n|-resisted|p2a: Politoed\n|-damage|p2a: Politoed|29\/48 par\n|move|p2a: Politoed|Scald|p1a: Blissey\n|-damage|p1a: Blissey|40\/48\n|\n|-weather|RainDance|[upkeep]\n|-heal|p1a: Blissey|43\/48|[from] item: Leftovers\n|upkeep\n|\n|t:|1603118935\n|switch|p1b: Roserade|Roserade, L50, F|48\/48\n|turn|5\n|\n|t:|1603118947\n|move|p1b: Roserade|Protect|p1b: Roserade\n|-singleturn|p1b: Roserade|Protect\n|move|p2b: Krookodile|Max Quake|p1b: Roserade\n|-zbroken|p1b: Roserade\n|-damage|p1b: Roserade|0 fnt\n|-boost|p2a: Politoed|spd|1\n|-boost|p2b: Krookodile|spd|1\n|faint|p1b: Roserade\n|move|p1a: Blissey|Blizzard|p2b: Krookodile|[spread] p2a,p2b\n|-resisted|p2a: Politoed\n|-supereffective|p2b: Krookodile\n|-damage|p2a: Politoed|27\/48 par\n|-damage|p2b: Krookodile|27\/48\n|move|p2a: Politoed|Ice Beam|p1a: Blissey\n|-damage|p1a: Blissey|40\/48\n|-status|p1a: Blissey|frz\n|\n|-weather|RainDance|[upkeep]\n|-heal|p1a: Blissey|42\/48 frz|[from] item: Leftovers\n|upkeep\n|turn|6\n|-message|bhkg forfeited.\n|\n|win|Aldeala\n|l|\u2606bhkg\n|raw|bhkg's rating: 1450 &rarr; <strong>1428<\/strong><br \/>(-22 for losing)\n|raw|Aldeala's rating: 1417 &rarr; <strong>1439<\/strong><br \/>(+22 for winning)\n","uploadtime":1603118969,"views":16,"p1id":"bhkg","p2id":"aldeala","formatid":"gen8vgc2020","rating":1428,"private":0,"password":null}