{"id":"gen8mixandmega-1706873257","p1":"Faygos","p2":"plowdowbow6","format":"gen8mixandmega","log":"|j|\u2606Faygos\n|j|\u2606plowdowbow6\n|inactive|Battle timer is ON: inactive players will automatically lose when time's up.\n|t:|1668028598\n|gametype|singles\n|player|p1|Faygos|265|\n|player|p2|plowdowbow6|youngster-gen4dp|\n|teamsize|p1|6\n|teamsize|p2|6\n|gen|8\n|tier|[Gen 8] Mix and Mega\n|rated|Tournament battle\n|rule|Species Clause: Limit one of each Pok\u00e9mon\n|rule|OHKO Clause: OHKO moves are banned\n|rule|Evasion Moves Clause: Evasion moves are banned\n|rule|Endless Battle Clause: Forcing endless battles is banned\n|rule|Dynamax Clause: You cannot dynamax\n|rule|HP Percentage Mod: HP is shown in percentages\n|rule|Sleep Clause Mod: Limit one foe put to sleep\n|clearpoke\n|poke|p1|Golisopod, F|\n|poke|p1|Solgaleo|\n|poke|p1|Ho-Oh|\n|poke|p1|Zygarde|\n|poke|p1|Mew|\n|poke|p1|Blissey, F|\n|poke|p2|Magearna|\n|poke|p2|Regieleki|\n|poke|p2|Swampert, F|\n|poke|p2|Golisopod, F|\n|poke|p2|Solgaleo|\n|poke|p2|Urshifu-*, M|\n|teampreview\n|c|\u2606plowdowbow6|gl hf :)\n|c|\u2606Faygos|u2\n|\n|t:|1668028615\n|start\n|switch|p1a: Golisopod|Golisopod, F|100\/100\n|switch|p2a: Swampert|Swampert, F|100\/100\n|turn|1\n|\n|t:|1668028628\n|detailschange|p1a: Golisopod|Golisopod, F\n|-mega|p1a: Golisopod|Golisopod|Lucarionite\n|-start|p1a: Golisopod|Lucarionite|[silent]\n|detailschange|p2a: Swampert|Swampert, F\n|-mega|p2a: Swampert|Swampert|Sablenite\n|-start|p2a: Swampert|Sablenite|[silent]\n|move|p1a: Golisopod|Liquidation|p2a: Swampert\n|-damage|p2a: Swampert|66\/100\n|move|p2a: Swampert|Stealth Rock|p1a: Golisopod\n|-sidestart|p1: Faygos|move: Stealth Rock\n|\n|upkeep\n|turn|2\n|\n|t:|1668028634\n|move|p1a: Golisopod|Liquidation|p2a: Swampert\n|-damage|p2a: Swampert|29\/100\n|-unboost|p2a: Swampert|def|1\n|move|p2a: Swampert|Flip Turn|p1a: Golisopod\n|-resisted|p1a: Golisopod\n|-damage|p1a: Golisopod|90\/100\n|\n|t:|1668028637\n|-end|p2a: Swampert|Sablenite|[silent]\n|switch|p2a: Regieleki|Regieleki|100\/100|[from]move: Flip Turn\n|\n|upkeep\n|turn|3\n|\n|t:|1668028641\n|-end|p1a: Golisopod|Lucarionite|[silent]\n|switch|p1a: Mew|Mew|100\/100\n|-damage|p1a: Mew|88\/100|[from] Stealth Rock\n|move|p2a: Regieleki|Volt Switch|p1a: Mew\n|-damage|p1a: Mew|50\/100\n|\n|t:|1668028644\n|switch|p2a: Urshifu|Urshifu, M|100\/100|[from]move: Volt Switch\n|\n|upkeep\n|turn|4\n|\n|t:|1668028648\n|switch|p1a: Zygarde|Zygarde|100\/100\n|-damage|p1a: Zygarde|94\/100|[from] Stealth Rock\n|-ability|p1a: Zygarde|Aura Break\n|move|p2a: Urshifu|Wicked Blow|p1a: Zygarde\n|-crit|p1a: Zygarde\n|-damage|p1a: Zygarde|23\/100\n|-damage|p2a: Urshifu|91\/100|[from] item: Life Orb\n|\n|upkeep\n|turn|5\n|\n|t:|1668028652\n|switch|p2a: Magearna|Magearna|100\/100\n|detailschange|p1a: Zygarde|Zygarde\n|-mega|p1a: Zygarde|Zygarde|Altarianite\n|-start|p1a: Zygarde|Altarianite|[silent]\n|-start|p1a: Zygarde|typechange|Dragon\/Fairy|[silent]\n|move|p1a: Zygarde|Extreme Speed|p2a: Magearna\n|-resisted|p2a: Magearna\n|-damage|p2a: Magearna|84\/100\n|\n|upkeep\n|turn|6\n|\n|t:|1668028656\n|detailschange|p2a: Magearna|Magearna\n|-mega|p2a: Magearna|Magearna|Manectite\n|-ability|p2a: Magearna|Intimidate|boost\n|-unboost|p1a: Zygarde|atk|1\n|-start|p2a: Magearna|Manectite|[silent]\n|move|p1a: Zygarde|Thousand Arrows|p2a: Magearna\n|-supereffective|p2a: Magearna\n|-damage|p2a: Magearna|58\/100\n|move|p2a: Magearna|Volt Switch|p1a: Zygarde\n|-resisted|p1a: Zygarde\n|-damage|p1a: Zygarde|12\/100\n|j| Master of Mirrors\n|\n|t:|1668028662\n|-end|p2a: Magearna|Manectite|[silent]\n|switch|p2a: Regieleki|Regieleki|100\/100|[from]move: Volt Switch\n|\n|upkeep\n|turn|7\n|\n|t:|1668028664\n|-end|p1a: Zygarde|Altarianite|[silent]\n|switch|p1a: Ho-Oh|Ho-Oh|100\/100\n|move|p2a: Regieleki|Extreme Speed|p1a: Ho-Oh\n|-damage|p1a: Ho-Oh|83\/100\n|\n|upkeep\n|turn|8\n|\n|t:|1668028668\n|move|p2a: Regieleki|Wild Charge|p1a: Ho-Oh\n|-supereffective|p1a: Ho-Oh\n|-damage|p1a: Ho-Oh|0 fnt\n|faint|p1a: Ho-Oh\n|-damage|p2a: Regieleki|72\/100|[from] Recoil\n|\n|upkeep\n|\n|t:|1668028671\n|switch|p1a: Solgaleo|Solgaleo|100\/100\n|-damage|p1a: Solgaleo|94\/100|[from] Stealth Rock\n|turn|9\n|\n|t:|1668028677\n|detailschange|p1a: Solgaleo|Solgaleo\n|-mega|p1a: Solgaleo|Solgaleo|Aerodactylite\n|-start|p1a: Solgaleo|Aerodactylite|[silent]\n|move|p2a: Regieleki|Volt Switch|p1a: Solgaleo\n|-damage|p1a: Solgaleo|60\/100\n|\n|t:|1668028681\n|switch|p2a: Magearna|Magearna|58\/100|[from]move: Volt Switch\n|-start|p2a: Magearna|Manectite|[silent]\n|-ability|p2a: Magearna|Intimidate|boost\n|-unboost|p1a: Solgaleo|atk|1\n|move|p1a: Solgaleo|Sunsteel Strike|p2a: Magearna\n|-damage|p2a: Magearna|29\/100\n|\n|upkeep\n|turn|10\n|\n|t:|1668028690\n|move|p1a: Solgaleo|Sunsteel Strike|p2a: Magearna\n|-damage|p2a: Magearna|0 fnt\n|faint|p2a: Magearna\n|\n|upkeep\n|\n|t:|1668028694\n|switch|p2a: Solgaleo|Solgaleo|100\/100\n|turn|11\n|\n|t:|1668028699\n|-end|p1a: Solgaleo|Aerodactylite|[silent]\n|switch|p1a: Blissey|Blissey, F|100\/100\n|-damage|p1a: Blissey|88\/100|[from] Stealth Rock\n|detailschange|p2a: Solgaleo|Solgaleo\n|-mega|p2a: Solgaleo|Solgaleo|Metagrossite\n|-start|p2a: Solgaleo|Metagrossite|[silent]\n|move|p2a: Solgaleo|Flare Blitz|p1a: Blissey\n|-damage|p1a: Blissey|32\/100\n|-damage|p2a: Solgaleo|69\/100|[from] Recoil\n|\n|upkeep\n|turn|12\n|\n|t:|1668028703\n|detailschange|p1a: Blissey|Blissey, F\n|-mega|p1a: Blissey|Blissey|Ampharosite\n|-ability|p1a: Blissey|Mold Breaker\n|-start|p1a: Blissey|Ampharosite|[silent]\n|-start|p1a: Blissey|typechange|Normal\/Dragon|[silent]\n|move|p2a: Solgaleo|Sunsteel Strike|p1a: Blissey\n|-damage|p1a: Blissey|0 fnt\n|faint|p1a: Blissey\n|\n|upkeep\n|\n|t:|1668028707\n|switch|p1a: Mew|Mew|50\/100\n|-damage|p1a: Mew|38\/100|[from] Stealth Rock\n|turn|13\n|\n|t:|1668028714\n|detailschange|p1a: Mew|Mew\n|-mega|p1a: Mew|Mew|Manectite\n|-ability|p1a: Mew|Intimidate|boost\n|-unboost|p2a: Solgaleo|atk|1\n|-start|p1a: Mew|Manectite|[silent]\n|move|p2a: Solgaleo|Sunsteel Strike|p1a: Mew\n|-damage|p1a: Mew|11\/100\n|move|p1a: Mew|Roost|p1a: Mew\n|-heal|p1a: Mew|61\/100\n|-singleturn|p1a: Mew|move: Roost\n|\n|upkeep\n|turn|14\n|\n|t:|1668028723\n|-end|p2a: Solgaleo|Metagrossite|[silent]\n|switch|p2a: Golisopod|Golisopod, F|100\/100\n|move|p1a: Mew|Teleport|p1a: Mew\n|\n|t:|1668028730\n|-end|p1a: Mew|Manectite|[silent]\n|switch|p1a: Zygarde|Zygarde|12\/100|[from]move: Teleport\n|-start|p1a: Zygarde|Altarianite|[silent]\n|-start|p1a: Zygarde|typechange|Dragon\/Fairy|[silent]\n|-damage|p1a: Zygarde|0 fnt|[from] Stealth Rock\n|faint|p1a: Zygarde\n|\n|upkeep\n|\n|t:|1668028733\n|switch|p1a: Golisopod|Golisopod, F|90\/100\n|-start|p1a: Golisopod|Lucarionite|[silent]\n|-damage|p1a: Golisopod|65\/100|[from] Stealth Rock\n|turn|15\n|\n|t:|1668028740\n|detailschange|p2a: Golisopod|Golisopod, F\n|-mega|p2a: Golisopod|Golisopod|Lucarionite\n|-start|p2a: Golisopod|Lucarionite|[silent]\n|move|p1a: Golisopod|Swords Dance|p1a: Golisopod\n|-boost|p1a: Golisopod|atk|2\n|move|p2a: Golisopod|Leech Life|p1a: Golisopod\n|-damage|p1a: Golisopod|7\/100\n|\n|upkeep\n|turn|16\n|\n|t:|1668028744\n|move|p2a: Golisopod|Aqua Jet|p1a: Golisopod\n|-resisted|p1a: Golisopod\n|-damage|p1a: Golisopod|0 fnt\n|faint|p1a: Golisopod\n|\n|upkeep\n|\n|t:|1668028747\n|switch|p1a: Solgaleo|Solgaleo|60\/100\n|-start|p1a: Solgaleo|Aerodactylite|[silent]\n|-damage|p1a: Solgaleo|54\/100|[from] Stealth Rock\n|turn|17\n|\n|t:|1668028753\n|-end|p2a: Golisopod|Lucarionite|[silent]\n|switch|p2a: Swampert|Swampert, F|29\/100\n|-start|p2a: Swampert|Sablenite|[silent]\n|move|p1a: Solgaleo|Wild Charge|p2a: Swampert\n|-immune|p2a: Swampert\n|\n|upkeep\n|turn|18\n|\n|t:|1668028758\n|move|p1a: Solgaleo|Crunch|p2a: Swampert\n|-damage|p2a: Swampert|7\/100\n|move|p2a: Swampert|Flip Turn|p1a: Solgaleo\n|-damage|p1a: Solgaleo|36\/100\n|\n|t:|1668028760\n|-end|p2a: Swampert|Sablenite|[silent]\n|switch|p2a: Solgaleo|Solgaleo|69\/100|[from]move: Flip Turn\n|-start|p2a: Solgaleo|Metagrossite|[silent]\n|\n|upkeep\n|turn|19\n|\n|t:|1668028764\n|move|p2a: Solgaleo|Knock Off|p1a: Solgaleo\n|-supereffective|p1a: Solgaleo\n|-damage|p1a: Solgaleo|0 fnt\n|faint|p1a: Solgaleo\n|\n|upkeep\n|\n|t:|1668028768\n|switch|p1a: Mew|Mew|61\/100\n|-start|p1a: Mew|Manectite|[silent]\n|-damage|p1a: Mew|49\/100|[from] Stealth Rock\n|-ability|p1a: Mew|Intimidate|boost\n|-unboost|p2a: Solgaleo|atk|1\n|turn|20\n|\n|t:|1668028772\n|-end|p2a: Solgaleo|Metagrossite|[silent]\n|switch|p2a: Swampert|Swampert, F|7\/100\n|-start|p2a: Swampert|Sablenite|[silent]\n|move|p1a: Mew|Roost|p1a: Mew\n|-heal|p1a: Mew|99\/100\n|-singleturn|p1a: Mew|move: Roost\n|\n|upkeep\n|turn|21\n|\n|t:|1668028777\n|move|p1a: Mew|Ice Beam|p2a: Swampert\n|-damage|p2a: Swampert|0 fnt\n|faint|p2a: Swampert\n|\n|upkeep\n|\n|t:|1668028780\n|switch|p2a: Urshifu|Urshifu, M|91\/100\n|turn|22\n|\n|t:|1668028783\n|move|p1a: Mew|Ice Beam|p2a: Urshifu\n|-damage|p2a: Urshifu|52\/100\n|move|p2a: Urshifu|Wicked Blow|p1a: Mew\n|-supereffective|p1a: Mew\n|-crit|p1a: Mew\n|-damage|p1a: Mew|0 fnt\n|faint|p1a: Mew\n|-damage|p2a: Urshifu|42\/100|[from] item: Life Orb\n|\n|win|plowdowbow6\n|n|\u2606Faygos|faygos\n|n|\u2606plowdowbow6|plowdowbow6\n|n| Master of Mirrors|masterofmirrors\n|c|\u2606plowdowbow6|gg\n|l| Master of Mirrors\n","uploadtime":1668028797,"views":7,"p1id":"faygos","p2id":"plowdowbow6","formatid":"gen8mixandmega","rating":0,"private":0,"password":null}