{"id":"gen8ubers-1559532568","p1":"TDR","p2":"xasahbae","format":"gen8ubers","log":"|j|\u2606TDR\n|j|\u2606xasahbae\n|inactive|Battle timer is ON: inactive players will automatically lose when time's up.\n|t:|1650698622\n|gametype|singles\n|player|p1|TDR|ethan|\n|player|p2|xasahbae|beauty-gen7|\n|teamsize|p1|6\n|teamsize|p2|6\n|gen|8\n|tier|[Gen 8] Ubers\n|rated|Tournament battle\n|rule|Sleep Clause Mod: Limit one foe put to sleep\n|rule|Species Clause: Limit one of each Pok\u00e9mon\n|rule|OHKO Clause: OHKO moves are banned\n|rule|Evasion Moves Clause: Evasion moves are banned\n|rule|Endless Battle Clause: Forcing endless battles is banned\n|rule|HP Percentage Mod: HP is shown in percentages\n|rule|Dynamax Clause: You cannot dynamax\n|clearpoke\n|poke|p1|Aerodactyl, F|\n|poke|p1|Dracovish|\n|poke|p1|Necrozma-Dusk-Mane|\n|poke|p1|Eternatus|\n|poke|p1|Yveltal|\n|poke|p1|Calyrex-Shadow|\n|poke|p2|Slurpuff, M|\n|poke|p2|Eternatus|\n|poke|p2|Yveltal|\n|poke|p2|Necrozma-Dusk-Mane|\n|poke|p2|Ditto|\n|poke|p2|Calyrex-Shadow|\n|teampreview\n|j| BB-8-NU\n|j|*Lady Monita \u273f\n|j| Elmo Pain\n|j| SHONE\n|j| samlijam\n|j| TGA\n|l| samlijam\n|inactive|TDR has 120 seconds left.\n|\n|t:|1650698654\n|start\n|switch|p1a: Tomi|Aerodactyl, F|100\/100\n|switch|p2a: LE DONNE|Slurpuff, M|100\/100\n|-ability|p1a: Tomi|Pressure\n|turn|1\n|\n|t:|1650698663\n|move|p2a: LE DONNE|Magic Coat|p2a: LE DONNE\n|-singleturn|p2a: LE DONNE|move: Magic Coat\n|move|p1a: Tomi|Rock Tomb|p2a: LE DONNE\n|-damage|p2a: LE DONNE|57\/100\n|-unboost|p2a: LE DONNE|spe|1\n|\n|upkeep\n|turn|2\n|j| Abhk \u516d\n|\n|t:|1650698670\n|move|p2a: LE DONNE|Magic Coat|p2a: LE DONNE\n|-singleturn|p2a: LE DONNE|move: Magic Coat\n|move|p1a: Tomi|Taunt|p2a: LE DONNE\n|move|p2a: LE DONNE|Taunt|p1a: Tomi|[from]Magic Coat\n|-start|p1a: Tomi|move: Taunt\n|\n|upkeep\n|turn|3\n|\n|t:|1650698673\n|move|p1a: Tomi|Rock Tomb|p2a: LE DONNE\n|-damage|p2a: LE DONNE|19\/100\n|-unboost|p2a: LE DONNE|spe|1\n|move|p2a: LE DONNE|Sticky Web|p1a: Tomi\n|-sidestart|p1: TDR|move: Sticky Web\n|\n|upkeep\n|turn|4\n|\n|t:|1650698677\n|move|p1a: Tomi|Rock Tomb|p2a: LE DONNE\n|-damage|p2a: LE DONNE|0 fnt\n|faint|p2a: LE DONNE\n|\n|upkeep\n|j| pw13\n|\n|t:|1650698688\n|switch|p2a: BRUTTO FIGLIO DI|Necrozma-Dusk-Mane|100\/100\n|turn|5\n|\n|t:|1650698698\n|switch|p1a: Vache|Necrozma-Dusk-Mane|100\/100\n|-activate|p1a: Vache|move: Sticky Web\n|-unboost|p1a: Vache|spe|1\n|move|p2a: BRUTTO FIGLIO DI|Sunsteel Strike|p1a: Vache\n|-resisted|p1a: Vache\n|-damage|p1a: Vache|71\/100\n|-damage|p2a: BRUTTO FIGLIO DI|91\/100|[from] item: Life Orb\n|\n|upkeep\n|turn|6\n|\n|t:|1650698705\n|move|p2a: BRUTTO FIGLIO DI|Dragon Dance|p2a: BRUTTO FIGLIO DI\n|-boost|p2a: BRUTTO FIGLIO DI|atk|1\n|-boost|p2a: BRUTTO FIGLIO DI|spe|1\n|move|p1a: Vache|Trick Room|p1a: Vache\n|-fieldstart|move: Trick Room|[of] p1a: Vache\n|\n|upkeep\n|turn|7\n|j| Failbor21\n|\n|t:|1650698711\n|move|p1a: Vache|Swords Dance|p1a: Vache\n|-boost|p1a: Vache|atk|2\n|move|p2a: BRUTTO FIGLIO DI|Earthquake|p1a: Vache\n|-supereffective|p1a: Vache\n|-damage|p1a: Vache|0 fnt\n|faint|p1a: Vache\n|-damage|p2a: BRUTTO FIGLIO DI|81\/100|[from] item: Life Orb\n|\n|upkeep\n|j| Hanauuta\n|\n|t:|1650698718\n|switch|p1a: COPAAAAIN|Dracovish|100\/100\n|-activate|p1a: COPAAAAIN|move: Sticky Web\n|-unboost|p1a: COPAAAAIN|spe|1\n|turn|8\n|\n|t:|1650698723\n|move|p1a: COPAAAAIN|Fishious Rend|p2a: BRUTTO FIGLIO DI\n|-damage|p2a: BRUTTO FIGLIO DI|0 fnt\n|faint|p2a: BRUTTO FIGLIO DI\n|\n|upkeep\n|\n|t:|1650698728\n|switch|p2a: ALIENO|Eternatus|100\/100\n|-ability|p2a: ALIENO|Pressure\n|turn|9\n|j| Cnry\n|\n|t:|1650698734\n|move|p1a: COPAAAAIN|Fishious Rend|p2a: ALIENO\n|-resisted|p2a: ALIENO\n|-damage|p2a: ALIENO|31\/100\n|move|p2a: ALIENO|Dynamax Cannon|p1a: COPAAAAIN\n|-supereffective|p1a: COPAAAAIN\n|-damage|p1a: COPAAAAIN|0 fnt\n|faint|p1a: COPAAAAIN\n|\n|upkeep\n|\n|t:|1650698742\n|switch|p1a: Pomme en croute|Yveltal|100\/100\n|-ability|p1a: Pomme en croute|Dark Aura\n|turn|10\n|\n|t:|1650698747\n|move|p1a: Pomme en croute|Knock Off|p2a: ALIENO\n|-damage|p2a: ALIENO|0 fnt\n|-enditem|p2a: ALIENO|Power Herb|[from] move: Knock Off|[of] p1a: Pomme en croute\n|faint|p2a: ALIENO\n|\n|-fieldend|move: Trick Room\n|upkeep\n|\n|t:|1650698750\n|switch|p2a: APPLAUSI PER FIBRA|Yveltal|100\/100\n|-ability|p2a: APPLAUSI PER FIBRA|Dark Aura\n|turn|11\n|j| baloor\n|\n|t:|1650698756\n|move|p1a: Pomme en croute|Knock Off|p2a: APPLAUSI PER FIBRA\n|-resisted|p2a: APPLAUSI PER FIBRA\n|-damage|p2a: APPLAUSI PER FIBRA|62\/100\n|-enditem|p2a: APPLAUSI PER FIBRA|Metronome|[from] move: Knock Off|[of] p1a: Pomme en croute\n|move|p2a: APPLAUSI PER FIBRA|Oblivion Wing|p1a: Pomme en croute\n|-damage|p1a: Pomme en croute|62\/100\n|-heal|p2a: APPLAUSI PER FIBRA|91\/100|[from] drain|[of] p1a: Pomme en croute\n|\n|upkeep\n|turn|12\n|\n|t:|1650698763\n|switch|p1a: Tomi|Aerodactyl, F|100\/100\n|-ability|p1a: Tomi|Pressure\n|move|p2a: APPLAUSI PER FIBRA|Oblivion Wing|p1a: Tomi\n|-resisted|p1a: Tomi\n|-damage|p1a: Tomi|77\/100\n|-heal|p2a: APPLAUSI PER FIBRA|100\/100|[from] drain|[of] p1a: Tomi\n|\n|upkeep\n|turn|13\n|\n|t:|1650698771\n|move|p1a: Tomi|Tailwind|p1a: Tomi\n|-sidestart|p1: TDR|move: Tailwind\n|move|p2a: APPLAUSI PER FIBRA|Dark Pulse|p1a: Tomi\n|-damage|p1a: Tomi|14\/100\n|\n|upkeep\n|turn|14\n|\n|t:|1650698777\n|move|p2a: APPLAUSI PER FIBRA|Sucker Punch|p1a: Tomi\n|-damage|p1a: Tomi|0 fnt\n|faint|p1a: Tomi\n|\n|upkeep\n|\n|t:|1650698781\n|switch|p1a: Brebis|Eternatus|100\/100\n|-activate|p1a: Brebis|move: Sticky Web\n|-unboost|p1a: Brebis|spe|1\n|-ability|p1a: Brebis|Pressure\n|turn|15\n|j| LustfulLice\n|\n|t:|1650698788\n|move|p1a: Brebis|Meteor Beam||[still]\n|-prepare|p1a: Brebis|Meteor Beam\n|-boost|p1a: Brebis|spa|1\n|-enditem|p1a: Brebis|Power Herb\n|-anim|p1a: Brebis|Meteor Beam|p2a: APPLAUSI PER FIBRA\n|-supereffective|p2a: APPLAUSI PER FIBRA\n|-damage|p2a: APPLAUSI PER FIBRA|0 fnt\n|faint|p2a: APPLAUSI PER FIBRA\n|\n|upkeep\n|l| LustfulLice\n|\n|t:|1650698797\n|switch|p2a: IN ITALIA|Calyrex-Shadow|100\/100\n|-ability|p2a: IN ITALIA|As One\n|-ability|p2a: IN ITALIA|Unnerve\n|turn|16\n|\n|t:|1650698805\n|switch|p1a: Pomme en croute|Yveltal|62\/100\n|-ability|p1a: Pomme en croute|Dark Aura\n|move|p2a: IN ITALIA|Psyshock|p1a: Pomme en croute\n|-immune|p1a: Pomme en croute\n|\n|-sideend|p1: TDR|move: Tailwind\n|upkeep\n|turn|17\n|\n|t:|1650698811\n|move|p2a: IN ITALIA|Nasty Plot|p2a: IN ITALIA\n|-boost|p2a: IN ITALIA|spa|2\n|move|p1a: Pomme en croute|Roost|p1a: Pomme en croute\n|-heal|p1a: Pomme en croute|100\/100\n|-singleturn|p1a: Pomme en croute|move: Roost\n|\n|upkeep\n|turn|18\n|\n|t:|1650698817\n|move|p1a: Pomme en croute|Sucker Punch|p2a: IN ITALIA\n|-supereffective|p2a: IN ITALIA\n|-enditem|p2a: IN ITALIA|Focus Sash\n|-damage|p2a: IN ITALIA|1\/100\n|move|p2a: IN ITALIA|Draining Kiss|p1a: Pomme en croute\n|-supereffective|p1a: Pomme en croute\n|-damage|p1a: Pomme en croute|32\/100\n|-heal|p2a: IN ITALIA|60\/100|[from] drain|[of] p1a: Pomme en croute\n|\n|upkeep\n|turn|19\n|\n|t:|1650698839\n|move|p2a: IN ITALIA|Nasty Plot|p2a: IN ITALIA\n|-boost|p2a: IN ITALIA|spa|2\n|move|p1a: Pomme en croute|Knock Off|p2a: IN ITALIA\n|-supereffective|p2a: IN ITALIA\n|-damage|p2a: IN ITALIA|0 fnt\n|faint|p2a: IN ITALIA\n|\n|upkeep\n|\n|t:|1650698841\n|switch|p2a: BUGIARDO|Ditto|100\/100\n|-transform|p2a: BUGIARDO|p1a: Pomme en croute|[from] ability: Imposter\n|-ability|p2a: BUGIARDO|Dark Aura\n|turn|20\n|\n|t:|1650698845\n|move|p2a: BUGIARDO|Knock Off|p1a: Pomme en croute\n|-resisted|p1a: Pomme en croute\n|-damage|p1a: Pomme en croute|0 fnt\n|-enditem|p1a: Pomme en croute|Black Glasses|[from] move: Knock Off|[of] p2a: BUGIARDO\n|faint|p1a: Pomme en croute\n|\n|upkeep\n|c|\u2606xasahbae|GG\n|\n|t:|1650698849\n|switch|p1a: Brebis|Eternatus|100\/100\n|-activate|p1a: Brebis|move: Sticky Web\n|-unboost|p1a: Brebis|spe|1\n|-ability|p1a: Brebis|Pressure\n|turn|21\n|\n|t:|1650698864\n|move|p2a: BUGIARDO|Knock Off|p1a: Brebis\n|-damage|p1a: Brebis|64\/100\n|move|p1a: Brebis|Dynamax Cannon|p2a: BUGIARDO\n|-damage|p2a: BUGIARDO|28\/100\n|\n|upkeep\n|turn|22\n|\n|t:|1650698870\n|move|p2a: BUGIARDO|Knock Off|p1a: Brebis\n|-damage|p1a: Brebis|28\/100\n|move|p1a: Brebis|Dynamax Cannon|p2a: BUGIARDO\n|-damage|p2a: BUGIARDO|0 fnt\n|faint|p2a: BUGIARDO\n|\n|win|TDR\n|n|\u2606TDR|tdr\n|n|\u2606xasahbae|xasahbae\n|n| BB-8-NU|bb8nu\n|n|*Lady Monita \u273f|ladymonita\n|n| Elmo Pain|elmopain\n|n| SHONE|shone\n|n| TGA|tga\n|n| Abhk \u516d|abhk\n|n| pw13|pw13\n|n| Failbor21|failbor21\n|n| Hanauuta|hanauuta\n|n| Cnry|cnry\n|n| baloor|baloor\n|l|*Lady Monita \u273f\n|c|\u2606TDR|gg\n|l| BB-8-NU\n|l|\u2606xasahbae\n|l| pw13\n|l| Cnry\n|l| SHONE\n|l| Abhk \u516d\n|l| TGA\n|l|\u2606TDR\n|l| Elmo Pain\n|l| Hanauuta\n","uploadtime":1650699059,"views":17,"p1id":"tdr","p2id":"xasahbae","formatid":"gen8ubers","rating":0,"private":0,"password":null}