{"id":"gen8ou-1114617930","p1":"CarlyBae","p2":"Nicaraguense4444","format":"gen8ou","log":"|j|\u2606CarlyBae\n|j|\u2606Nicaraguense4444\n|player|p1|CarlyBae|dawn-gen4pt|1654\n|player|p2|Nicaraguense4444|102|1627\n|teamsize|p1|6\n|teamsize|p2|6\n|gametype|singles\n|gen|8\n|tier|[Gen 8] OU\n|rated|\n|clearpoke\n|poke|p1|Crawdaunt, M|\n|poke|p1|Cinderace, F|\n|poke|p1|Seismitoad, F|\n|poke|p1|Aegislash, M|\n|poke|p1|Corviknight, F|\n|poke|p1|Zeraora|\n|poke|p2|Dracovish|\n|poke|p2|Kyurem|\n|poke|p2|Mew|\n|poke|p2|Grimmsnarl, M|\n|poke|p2|Zeraora|\n|poke|p2|Togekiss, M|\n|rule|Sleep Clause Mod: Limit one foe put to sleep\n|rule|Species Clause: Limit one of each Pok\u00e9mon\n|rule|OHKO Clause: OHKO moves are banned\n|rule|Evasion Moves Clause: Evasion moves are banned\n|rule|Endless Battle Clause: Forcing endless battles is banned\n|rule|HP Percentage Mod: HP is shown in percentages\n|rule|Dynamax Clause: You cannot dynamax\n|teampreview\n|c|\u2606CarlyBae|\/log CarlyBae made this room hidden.\n|inactive|Battle timer is ON: inactive players will automatically lose when time's up. (requested by Nicaraguense4444)\n|\n|start\n|switch|p1a: Aegislash|Aegislash, M|100\/100\n|switch|p2a: Dracovish|Dracovish|100\/100\n|turn|1\n|\n|switch|p1a: Crawdaunt|Crawdaunt, M|100\/100\n|move|p2a: Dracovish|Crunch|p1a: Crawdaunt\n|-resisted|p1a: Crawdaunt\n|-damage|p1a: Crawdaunt|61\/100\n|\n|upkeep\n|turn|2\n|inactive|Nicaraguense4444 has 120 seconds left.\n|\n|switch|p2a: Togekiss|Togekiss, M|100\/100\n|move|p1a: Crawdaunt|Crabhammer|p2a: Togekiss\n|-crit|p2a: Togekiss\n|-damage|p2a: Togekiss|0 fnt\n|faint|p2a: Togekiss\n|\n|upkeep\n|\n|switch|p2a: Zeraora|Zeraora|100\/100\n|turn|3\n|\n|move|p2a: Zeraora|Knock Off|p1a: Crawdaunt\n|-resisted|p1a: Crawdaunt\n|-damage|p1a: Crawdaunt|36\/100\n|-enditem|p1a: Crawdaunt|Choice Band|[from] move: Knock Off|[of] p2a: Zeraora\n|move|p1a: Crawdaunt|Crabhammer|p2a: Zeraora|[miss]\n|-miss|p1a: Crawdaunt|p2a: Zeraora\n|\n|upkeep\n|turn|4\n|inactive|Nicaraguense4444 has 90 seconds left.\n|c|\u2606Nicaraguense4444|You got ro he fucking kidding\n|c|\u2606CarlyBae|?\n|inactive|CarlyBae has 120 seconds left.\n|c|\u2606Nicaraguense4444|Who the fuck sac their fucking mons this early\n|c|\u2606Nicaraguense4444|Are you stupid??\n|inactive|Nicaraguense4444 has 60 seconds left.\n|c|\u2606CarlyBae|the guy who knocks a banded crawdaunt off\n|c|\u2606CarlyBae|lol\n|inactive|Nicaraguense4444 has 30 seconds left.\n|c|\u2606Nicaraguense4444|Exactly, how the fuck would someone expect you would keep in\n|inactive|Nicaraguense4444 has 20 seconds left.\n|c|\u2606Nicaraguense4444|Such an asshole\n|inactive|Nicaraguense4444 has 15 seconds left.\n|\n|move|p1a: Crawdaunt|Aqua Jet|p2a: Zeraora\n|-damage|p2a: Zeraora|58\/100\n|move|p2a: Zeraora|Close Combat|p1a: Crawdaunt\n|-supereffective|p1a: Crawdaunt\n|-damage|p1a: Crawdaunt|0 fnt\n|-unboost|p2a: Zeraora|def|1\n|-unboost|p2a: Zeraora|spd|1\n|faint|p1a: Crawdaunt\n|\n|upkeep\n|inactive|Nicaraguense4444 has 20 seconds left this turn.\n|c|\u2606CarlyBae|what did I do?\n|\n|switch|p1a: Zeraora|Zeraora|100\/100\n|turn|5\n|inactive|Nicaraguense4444 has 30 seconds left this turn.\n|\n|switch|p2a: Mew|Mew|100\/100\n|move|p1a: Zeraora|Knock Off|p2a: Mew\n|-supereffective|p2a: Mew\n|-damage|p2a: Mew|43\/100\n|-enditem|p2a: Mew|Leftovers|[from] move: Knock Off|[of] p1a: Zeraora\n|\n|upkeep\n|turn|6\n|inactive|Nicaraguense4444 has 30 seconds left.\n|\n|switch|p1a: Cinderace|Cinderace, F|100\/100\n|move|p2a: Mew|Will-O-Wisp|p1a: Cinderace\n|-immune|p1a: Cinderace\n|\n|upkeep\n|turn|7\n|inactive|Nicaraguense4444 has 30 seconds left.\n|\n|switch|p2a: Dracovish|Dracovish|100\/100\n|move|p1a: Cinderace|U-turn|p2a: Dracovish\n|-damage|p2a: Dracovish|62\/100\n|inactive|CarlyBae has 90 seconds left.\n|\n|switch|p1a: Zeraora|Zeraora|100\/100|[from]move: U-turn\n|\n|upkeep\n|turn|8\n|inactive|Nicaraguense4444 has 30 seconds left.\n|inactive|Nicaraguense4444 has 20 seconds left.\n|\n|move|p1a: Zeraora|Play Rough|p2a: Dracovish\n|-supereffective|p2a: Dracovish\n|-damage|p2a: Dracovish|0 fnt\n|faint|p2a: Dracovish\n|\n|upkeep\n|inactive|Nicaraguense4444 has 25 seconds left this turn.\n|inactive|Nicaraguense4444 has 20 seconds left.\n|inactive|Nicaraguense4444 has 15 seconds left.\n|\n|switch|p2a: Zeraora|Zeraora|58\/100\n|turn|9\n|inactive|Nicaraguense4444 has 25 seconds left this turn.\n|\n|move|p1a: Zeraora|Play Rough|p2a: Zeraora\n|-damage|p2a: Zeraora|0 fnt\n|faint|p2a: Zeraora\n|\n|upkeep\n|inactive|Nicaraguense4444 has 30 seconds left this turn.\n|inactive|Nicaraguense4444 has 20 seconds left.\n|c|\u2606CarlyBae|why are you sacking everything\n|inactive|Nicaraguense4444 has 15 seconds left.\n|\n|switch|p2a: Grimmsnarl|Grimmsnarl, M|100\/100\n|turn|10\n|inactive|Nicaraguense4444 has 25 seconds left this turn.\n|\n|move|p2a: Grimmsnarl|Reflect|p2a: Grimmsnarl\n|-sidestart|p2: Nicaraguense4444|Reflect\n|move|p1a: Zeraora|Play Rough|p2a: Grimmsnarl\n|-supereffective|p2a: Grimmsnarl\n|-damage|p2a: Grimmsnarl|50\/100\n|\n|upkeep\n|turn|11\n|inactive|Nicaraguense4444 has 30 seconds left.\n|inactive|CarlyBae has 120 seconds left.\n|\n|move|p2a: Grimmsnarl|Sucker Punch|p1a: Zeraora\n|-damage|p1a: Zeraora|49\/100\n|move|p1a: Zeraora|Play Rough|p2a: Grimmsnarl\n|-supereffective|p2a: Grimmsnarl\n|-damage|p2a: Grimmsnarl|2\/100\n|-unboost|p2a: Grimmsnarl|atk|1\n|\n|upkeep\n|turn|12\n|inactive|Nicaraguense4444 has 30 seconds left.\n|inactive|CarlyBae has 120 seconds left.\n|\n|switch|p1a: Corviknight|Corviknight, F|100\/100\n|-ability|p1a: Corviknight|Pressure\n|move|p2a: Grimmsnarl|Light Screen|p2a: Grimmsnarl\n|-sidestart|p2: Nicaraguense4444|move: Light Screen\n|\n|upkeep\n|turn|13\n|inactive|CarlyBae has 120 seconds left.\n|inactive|Nicaraguense4444 has 30 seconds left.\n|\n|switch|p2a: Kyurem|Kyurem|100\/100\n|-ability|p2a: Kyurem|Pressure\n|move|p1a: Corviknight|U-turn|p2a: Kyurem\n|-damage|p2a: Kyurem|87\/100\n|inactive|CarlyBae has 120 seconds left.\n|\n|switch|p1a: Cinderace|Cinderace, F|100\/100|[from]move: U-turn\n|\n|upkeep\n|turn|14\n|inactive|CarlyBae has 120 seconds left.\n|\n|move|p1a: Cinderace|Court Change|p1a: Cinderace\n|-sideend|p2: Nicaraguense4444|Light Screen|[silent]\n|-sidestart|p1: CarlyBae|Light Screen|[silent]\n|-sideend|p2: Nicaraguense4444|Reflect|[silent]\n|-sidestart|p1: CarlyBae|Reflect|[silent]\n|-activate|p1a: Cinderace|move: Court Change\n|move|p2a: Kyurem|Draco Meteor|p1a: Cinderace\n|-damage|p1a: Cinderace|27\/100\n|-unboost|p2a: Kyurem|spa|2\n|\n|upkeep\n|turn|15\n|\n|switch|p1a: Corviknight|Corviknight, F|100\/100\n|-ability|p1a: Corviknight|Pressure\n|move|p2a: Kyurem|Draco Meteor|p1a: Corviknight\n|-resisted|p1a: Corviknight\n|-damage|p1a: Corviknight|86\/100\n|-unboost|p2a: Kyurem|spa|2\n|\n|upkeep\n|turn|16\n|\n|switch|p2a: Grimmsnarl|Grimmsnarl, M|2\/100\n|move|p1a: Corviknight|U-turn|p2a: Grimmsnarl\n|-damage|p2a: Grimmsnarl|0 fnt\n|faint|p2a: Grimmsnarl\n|\n|switch|p1a: Cinderace|Cinderace, F|27\/100|[from]move: U-turn\n|\n|upkeep\n|\n|switch|p2a: Mew|Mew|43\/100\n|turn|17\n|-message|Nicaraguense4444 forfeited.\n|\n|win|CarlyBae\n|l|\u2606Nicaraguense4444\n||Ladder (probably) updated, but score could not be retrieved (Response not received).\n|c|\u2606CarlyBae|\/log CarlyBae made this room public.\n","uploadtime":1589477889,"views":13,"p1id":"carlybae","p2id":"nicaraguense4444","formatid":"gen8ou","rating":0,"private":0,"password":null}