{"id":"gen8ou-1699924286","p1":"cows123p","p2":"minimax_ai","format":"gen8ou","log":"|j|\u2606cows123p\n|j|\u203dminimax_ai\n|t:|1667292008\n|gametype|singles\n|player|p1|cows123p|acetrainercouple|1575\n|player|p2|minimax_ai|266|1584\n|teamsize|p1|6\n|teamsize|p2|6\n|gen|8\n|tier|[Gen 8] OU\n|rated|\n|rule|Sleep Clause Mod: Limit one foe put to sleep\n|rule|Species Clause: Limit one of each Pok\u00e9mon\n|rule|OHKO Clause: OHKO moves are banned\n|rule|Evasion Items Clause: Evasion items are banned\n|rule|Evasion Moves Clause: Evasion moves are banned\n|rule|Endless Battle Clause: Forcing endless battles is banned\n|rule|HP Percentage Mod: HP is shown in percentages\n|rule|Dynamax Clause: You cannot dynamax\n|clearpoke\n|poke|p1|Diggersby, F|\n|poke|p1|Tapu Lele|\n|poke|p1|Ribombee, F|\n|poke|p1|Urshifu-*, M|\n|poke|p1|Heatran, M|\n|poke|p1|Kartana|\n|poke|p2|Rotom-Wash|\n|poke|p2|Weavile, M|\n|poke|p2|Landorus-Therian, M|\n|poke|p2|Heatran, M|\n|poke|p2|Tangrowth, M|\n|poke|p2|Melmetal|\n|teampreview\n|inactive|Battle timer is ON: inactive players will automatically lose when time's up. (requested by minimax_ai)\n|inactive|cows123p has 120 seconds left.\n|inactive|cows123p has 90 seconds left.\n|\n|t:|1667292086\n|start\n|switch|p1a: Ribombee|Ribombee, F|100\/100\n|switch|p2a: Landorus|Landorus-Therian, M|100\/100\n|-ability|p2a: Landorus|Intimidate|boost\n|-unboost|p1a: Ribombee|atk|1\n|turn|1\n|j| Sickmandasbockt\n|j| dsyyyyyy\n|\n|t:|1667292102\n|move|p1a: Ribombee|Sticky Web|p2a: Landorus\n|-sidestart|p2: minimax_ai|move: Sticky Web\n|move|p2a: Landorus|Earthquake|p1a: Ribombee\n|-resisted|p1a: Ribombee\n|-damage|p1a: Ribombee|57\/100\n|\n|upkeep\n|turn|2\n|\n|t:|1667292107\n|move|p1a: Ribombee|Toxic|p2a: Landorus\n|-status|p2a: Landorus|tox\n|move|p2a: Landorus|Defog|p1a: Ribombee\n|-unboost|p1a: Ribombee|evasion|1\n|-sideend|p2: minimax_ai|Sticky Web|[from] move: Defog|[of] p2a: Landorus\n|\n|-damage|p2a: Landorus|94\/100 tox|[from] psn\n|upkeep\n|turn|3\n|l| Sickmandasbockt\n|\n|t:|1667292118\n|move|p1a: Ribombee|Sticky Web|p2a: Landorus\n|-sidestart|p2: minimax_ai|move: Sticky Web\n|move|p2a: Landorus|Earthquake|p1a: Ribombee\n|-resisted|p1a: Ribombee\n|-damage|p1a: Ribombee|12\/100\n|\n|-heal|p2a: Landorus|100\/100 tox|[from] item: Leftovers\n|-damage|p2a: Landorus|88\/100 tox|[from] psn\n|upkeep\n|turn|4\n|l| dsyyyyyy\n|\n|t:|1667292129\n|move|p1a: Ribombee|Moonblast|p2a: Landorus\n|-damage|p2a: Landorus|59\/100 tox\n|move|p2a: Landorus|Defog|p1a: Ribombee\n|-unboost|p1a: Ribombee|evasion|1\n|-sideend|p2: minimax_ai|Sticky Web|[from] move: Defog|[of] p2a: Landorus\n|\n|-heal|p2a: Landorus|65\/100 tox|[from] item: Leftovers\n|-damage|p2a: Landorus|46\/100 tox|[from] psn\n|upkeep\n|turn|5\n|\n|t:|1667292138\n|move|p1a: Ribombee|Sticky Web|p2a: Landorus\n|-sidestart|p2: minimax_ai|move: Sticky Web\n|move|p2a: Landorus|Earthquake|p1a: Ribombee\n|-resisted|p1a: Ribombee\n|-damage|p1a: Ribombee|0 fnt\n|faint|p1a: Ribombee\n|\n|-heal|p2a: Landorus|52\/100 tox|[from] item: Leftovers\n|-damage|p2a: Landorus|28\/100 tox|[from] psn\n|upkeep\n|\n|t:|1667292158\n|switch|p1a: Tapu Lele|Tapu Lele|100\/100\n|-fieldstart|move: Psychic Terrain|[from] ability: Psychic Surge|[of] p1a: Tapu Lele\n|turn|6\n|j| Ran Kob\n|\n|t:|1667292162\n|switch|p2a: Melmetal|Melmetal|100\/100\n|-activate|p2a: Melmetal|move: Sticky Web\n|-unboost|p2a: Melmetal|spe|1\n|move|p1a: Tapu Lele|Moonblast|p2a: Melmetal\n|-resisted|p2a: Melmetal\n|-damage|p2a: Melmetal|79\/100\n|\n|upkeep\n|turn|7\n|\n|t:|1667292171\n|switch|p1a: Urshifu|Urshifu-Rapid-Strike, M|100\/100\n|move|p2a: Melmetal|Double Iron Bash|p1a: Urshifu\n|-resisted|p1a: Urshifu\n|-damage|p1a: Urshifu|80\/100\n|-resisted|p1a: Urshifu\n|-damage|p1a: Urshifu|61\/100\n|-hitcount|p1a: Urshifu|2\n|\n|upkeep\n|turn|8\n|\n|t:|1667292179\n|switch|p2a: Landorus|Landorus-Therian, M|28\/100 tox\n|-ability|p2a: Landorus|Intimidate|boost\n|-unboost|p1a: Urshifu|atk|1\n|move|p1a: Urshifu|U-turn|p2a: Landorus\n|-resisted|p2a: Landorus\n|-damage|p2a: Landorus|16\/100 tox\n|\n|t:|1667292187\n|switch|p1a: Tapu Lele|Tapu Lele|100\/100|[from]move: U-turn\n|\n|-heal|p2a: Landorus|22\/100 tox|[from] item: Leftovers\n|-damage|p2a: Landorus|16\/100 tox|[from] psn\n|upkeep\n|turn|9\n|\n|t:|1667292195\n|move|p1a: Tapu Lele|Moonblast|p2a: Landorus\n|-damage|p2a: Landorus|0 fnt\n|faint|p2a: Landorus\n|\n|upkeep\n|\n|t:|1667292196\n|switch|p2a: Heatran|Heatran, M|100\/100\n|-item|p2a: Heatran|Air Balloon\n|turn|10\n|\n|t:|1667292203\n|move|p1a: Tapu Lele|Moonblast|p2a: Heatran\n|-resisted|p2a: Heatran\n|-damage|p2a: Heatran|83\/100\n|-enditem|p2a: Heatran|Air Balloon\n|move|p2a: Heatran|Magma Storm|p1a: Tapu Lele\n|-damage|p1a: Tapu Lele|40\/100\n|-activate|p1a: Tapu Lele|move: Magma Storm|[of] p2a: Heatran\n|\n|-damage|p1a: Tapu Lele|27\/100|[from] move: Magma Storm|[partiallytrapped]\n|-fieldend|move: Psychic Terrain\n|upkeep\n|turn|11\n|\n|t:|1667292213\n|move|p1a: Tapu Lele|Moonblast|p2a: Heatran\n|-resisted|p2a: Heatran\n|-damage|p2a: Heatran|63\/100\n|move|p2a: Heatran|Earth Power|p1a: Tapu Lele\n|-crit|p1a: Tapu Lele\n|-damage|p1a: Tapu Lele|0 fnt\n|faint|p1a: Tapu Lele\n|\n|upkeep\n|\n|t:|1667292225\n|switch|p1a: Diggersby|Diggersby, F|100\/100\n|turn|12\n|\n|t:|1667292229\n|switch|p2a: Tangrowth|Tangrowth, M|100\/100\n|-activate|p2a: Tangrowth|move: Sticky Web\n|-unboost|p2a: Tangrowth|spe|1\n|move|p1a: Diggersby|Body Slam|p2a: Tangrowth\n|-damage|p2a: Tangrowth|58\/100\n|-damage|p1a: Diggersby|84\/100|[from] item: Rocky Helmet|[of] p2a: Tangrowth\n|\n|upkeep\n|turn|13\n|\n|t:|1667292237\n|switch|p1a: Heatran|Heatran, M|100\/100\n|-item|p1a: Heatran|Air Balloon\n|move|p2a: Tangrowth|Giga Drain|p1a: Heatran\n|-resisted|p1a: Heatran\n|-damage|p1a: Heatran|93\/100\n|-heal|p2a: Tangrowth|61\/100|[from] drain|[of] p1a: Heatran\n|-enditem|p1a: Heatran|Air Balloon\n|\n|upkeep\n|turn|14\n|\n|t:|1667292249\n|switch|p2a: Rotom|Rotom-Wash|100\/100\n|move|p1a: Heatran|Stealth Rock|p2a: Rotom\n|-sidestart|p2: minimax_ai|move: Stealth Rock\n|\n|upkeep\n|turn|15\n|\n|t:|1667292255\n|move|p1a: Heatran|Magma Storm|p2a: Rotom|[miss]\n|-miss|p1a: Heatran|p2a: Rotom\n|move|p2a: Rotom|Thunderbolt|p1a: Heatran\n|-damage|p1a: Heatran|60\/100\n|\n|upkeep\n|turn|16\n|\n|t:|1667292260\n|move|p1a: Heatran|Magma Storm|p2a: Rotom\n|-resisted|p2a: Rotom\n|-damage|p2a: Rotom|71\/100\n|-activate|p2a: Rotom|move: Magma Storm|[of] p1a: Heatran\n|move|p2a: Rotom|Thunderbolt|p1a: Heatran\n|-damage|p1a: Heatran|25\/100\n|\n|-heal|p2a: Rotom|77\/100|[from] item: Leftovers\n|-damage|p2a: Rotom|65\/100|[from] move: Magma Storm|[partiallytrapped]\n|upkeep\n|turn|17\n|\n|t:|1667292271\n|switch|p1a: Diggersby|Diggersby, F|84\/100\n|move|p2a: Rotom|Thunderbolt|p1a: Diggersby\n|-immune|p1a: Diggersby\n|\n|-heal|p2a: Rotom|71\/100|[from] item: Leftovers\n|-end|p2a: Rotom|Magma Storm|[partiallytrapped]|[silent]\n|upkeep\n|turn|18\n|\n|t:|1667292278\n|move|p2a: Rotom|Hydro Pump|p1a: Diggersby\n|-supereffective|p1a: Diggersby\n|-crit|p1a: Diggersby\n|-damage|p1a: Diggersby|0 fnt\n|faint|p1a: Diggersby\n|\n|-heal|p2a: Rotom|77\/100|[from] item: Leftovers\n|upkeep\n|\n|t:|1667292285\n|switch|p1a: Urshifu|Urshifu-Rapid-Strike, M|61\/100\n|turn|19\n|\n|t:|1667292288\n|switch|p2a: Tangrowth|Tangrowth, M|94\/100\n|-activate|p2a: Tangrowth|move: Sticky Web\n|-unboost|p2a: Tangrowth|spe|1\n|-damage|p2a: Tangrowth|82\/100|[from] Stealth Rock\n|move|p1a: Urshifu|Close Combat|p2a: Tangrowth\n|-damage|p2a: Tangrowth|32\/100\n|-unboost|p1a: Urshifu|def|1\n|-unboost|p1a: Urshifu|spd|1\n|-damage|p1a: Urshifu|44\/100|[from] item: Rocky Helmet|[of] p2a: Tangrowth\n|\n|upkeep\n|turn|20\n|\n|t:|1667292298\n|move|p1a: Urshifu|Close Combat|p2a: Tangrowth\n|-damage|p2a: Tangrowth|0 fnt\n|-unboost|p1a: Urshifu|def|1\n|-unboost|p1a: Urshifu|spd|1\n|-damage|p1a: Urshifu|28\/100|[from] item: Rocky Helmet|[of] p2a: Tangrowth\n|faint|p2a: Tangrowth\n|\n|upkeep\n|\n|t:|1667292298\n|switch|p2a: Weavile|Weavile, M|100\/100\n|-activate|p2a: Weavile|move: Sticky Web\n|-unboost|p2a: Weavile|spe|1\n|-damage|p2a: Weavile|76\/100|[from] Stealth Rock\n|-ability|p2a: Weavile|Pressure\n|turn|21\n|\n|t:|1667292313\n|switch|p1a: Heatran|Heatran, M|25\/100\n|move|p2a: Weavile|Ice Shard|p1a: Heatran\n|-resisted|p1a: Heatran\n|-damage|p1a: Heatran|18\/100\n|\n|upkeep\n|turn|22\n|\n|t:|1667292319\n|move|p2a: Weavile|Ice Shard|p1a: Heatran\n|-resisted|p1a: Heatran\n|-damage|p1a: Heatran|10\/100\n|move|p1a: Heatran|Magma Storm|p2a: Weavile\n|-supereffective|p2a: Weavile\n|-damage|p2a: Weavile|0 fnt\n|faint|p2a: Weavile\n|\n|upkeep\n|\n|t:|1667292319\n|switch|p2a: Rotom|Rotom-Wash|77\/100\n|-damage|p2a: Rotom|65\/100|[from] Stealth Rock\n|turn|23\n|\n|t:|1667292328\n|move|p1a: Heatran|Magma Storm|p2a: Rotom\n|-resisted|p2a: Rotom\n|-damage|p2a: Rotom|39\/100\n|-activate|p2a: Rotom|move: Magma Storm|[of] p1a: Heatran\n|move|p2a: Rotom|Thunderbolt|p1a: Heatran\n|-damage|p1a: Heatran|0 fnt\n|faint|p1a: Heatran\n|\n|-heal|p2a: Rotom|45\/100|[from] item: Leftovers\n|-end|p2a: Rotom|Magma Storm|[partiallytrapped]|[silent]\n|upkeep\n|\n|t:|1667292342\n|switch|p1a: Urshifu|Urshifu-Rapid-Strike, M|28\/100\n|turn|24\n|\n|t:|1667292346\n|switch|p2a: Heatran|Heatran, M|63\/100\n|-activate|p2a: Heatran|move: Sticky Web\n|-unboost|p2a: Heatran|spe|1\n|-damage|p2a: Heatran|51\/100|[from] Stealth Rock\n|move|p1a: Urshifu|Close Combat|p2a: Heatran\n|-supereffective|p2a: Heatran\n|-damage|p2a: Heatran|0 fnt\n|-unboost|p1a: Urshifu|def|1\n|-unboost|p1a: Urshifu|spd|1\n|faint|p2a: Heatran\n|\n|upkeep\n|\n|t:|1667292346\n|switch|p2a: Rotom|Rotom-Wash|45\/100\n|-damage|p2a: Rotom|33\/100|[from] Stealth Rock\n|turn|25\n|\n|t:|1667292360\n|move|p1a: Urshifu|Close Combat|p2a: Rotom\n|-damage|p2a: Rotom|0 fnt\n|-unboost|p1a: Urshifu|def|1\n|-unboost|p1a: Urshifu|spd|1\n|faint|p2a: Rotom\n|\n|upkeep\n|\n|t:|1667292360\n|switch|p2a: Melmetal|Melmetal|79\/100\n|-activate|p2a: Melmetal|move: Sticky Web\n|-unboost|p2a: Melmetal|spe|1\n|-damage|p2a: Melmetal|73\/100|[from] Stealth Rock\n|turn|26\n|\n|t:|1667292369\n|move|p1a: Urshifu|Close Combat|p2a: Melmetal\n|-supereffective|p2a: Melmetal\n|-damage|p2a: Melmetal|0 fnt\n|-unboost|p1a: Urshifu|def|1\n|-unboost|p1a: Urshifu|spd|1\n|faint|p2a: Melmetal\n|\n|win|cows123p\n|raw|cows123p's rating: 1575 &rarr; <strong>1596<\/strong><br \/>(+21 for winning)\n|raw|minimax_ai's rating: 1584 &rarr; <strong>1563<\/strong><br \/>(-21 for losing)\n|l|\u203dminimax_ai\n|l| Ran Kob\n|c|\u2606cows123p|gg\n","uploadtime":1667292371,"views":31,"p1id":"cows123p","p2id":"minimaxai","formatid":"gen8ou","rating":1563,"private":0,"password":null}