{"id":"gen8ou-1665632849","p1":"broked on bricks","p2":"baigu3","format":"gen8ou","log":"|j|\u2606broked on bricks\n|j|\u2606baigu3\n|t:|1663325015\n|gametype|singles\n|player|p1|broked on bricks|psychic-gen2|1540\n|player|p2|baigu3|1|1555\n|teamsize|p1|6\n|teamsize|p2|6\n|gen|8\n|tier|[Gen 8] OU\n|rated|\n|rule|Sleep Clause Mod: Limit one foe put to sleep\n|rule|Species Clause: Limit one of each Pok\u00e9mon\n|rule|OHKO Clause: OHKO moves are banned\n|rule|Evasion Items Clause: Evasion items are banned\n|rule|Evasion Moves Clause: Evasion moves are banned\n|rule|Endless Battle Clause: Forcing endless battles is banned\n|rule|HP Percentage Mod: HP is shown in percentages\n|rule|Dynamax Clause: You cannot dynamax\n|clearpoke\n|poke|p1|Pelipper, M|\n|poke|p1|Keldeo-Resolute|\n|poke|p1|Dragapult, M|\n|poke|p1|Tapu Lele|\n|poke|p1|Melmetal|\n|poke|p1|Landorus-Therian, M|\n|poke|p2|Tapu Lele|\n|poke|p2|Porygon-Z|\n|poke|p2|Pelipper, M|\n|poke|p2|Ferrothorn, M|\n|poke|p2|Barraskewda, F|\n|poke|p2|Garchomp, F|\n|teampreview\n|j| Kjtt1\n|inactive|Battle timer is ON: inactive players will automatically lose when time's up. (requested by baigu3)\n|\n|t:|1663325035\n|start\n|switch|p1a: Keldeo|Keldeo-Resolute|100\/100\n|switch|p2a: Tapu Lele|Tapu Lele|100\/100\n|-fieldstart|move: Psychic Terrain|[from] ability: Psychic Surge|[of] p2a: Tapu Lele\n|turn|1\n|\n|t:|1663325041\n|switch|p1a: Landorus|Landorus-Therian, M|100\/100\n|-ability|p1a: Landorus|Intimidate|boost\n|-unboost|p2a: Tapu Lele|atk|1\n|move|p2a: Tapu Lele|Moonblast|p1a: Landorus\n|-damage|p1a: Landorus|57\/100\n|-enditem|p1a: Landorus|Eject Button\n|\n|t:|1663325046\n|switch|p1a: Melmetal|Melmetal|100\/100\n|\n|upkeep\n|turn|2\n|\n|t:|1663325054\n|switch|p2a: Ferrothorn|Ferrothorn, M|100\/100\n|switch|p1a: Pelipper|Pelipper, M|100\/100\n|-weather|RainDance|[from] ability: Drizzle|[of] p1a: Pelipper\n|\n|-weather|RainDance|[upkeep]\n|upkeep\n|turn|3\n|\n|t:|1663325059\n|move|p1a: Pelipper|Hurricane|p2a: Ferrothorn\n|-damage|p2a: Ferrothorn|32\/100\n|-start|p2a: Ferrothorn|confusion\n|-activate|p2a: Ferrothorn|confusion\n|move|p2a: Ferrothorn|Spikes|p1a: Pelipper\n|-sidestart|p1: broked on bricks|Spikes\n|\n|-weather|RainDance|[upkeep]\n|upkeep\n|turn|4\n|\n|t:|1663325073\n|switch|p2a: Pelipper|Pelipper, M|100\/100\n|move|p1a: Pelipper|Hurricane|p2a: Pelipper\n|-damage|p2a: Pelipper|22\/100\n|\n|-weather|RainDance|[upkeep]\n|upkeep\n|turn|5\n|\n|t:|1663325077\n|move|p1a: Pelipper|Hurricane|p2a: Pelipper\n|-damage|p2a: Pelipper|0 fnt\n|faint|p2a: Pelipper\n|\n|-weather|RainDance|[upkeep]\n|-fieldend|move: Psychic Terrain\n|upkeep\n|\n|t:|1663325080\n|switch|p2a: Tapu Lele|Tapu Lele|100\/100\n|-fieldstart|move: Psychic Terrain|[from] ability: Psychic Surge|[of] p2a: Tapu Lele\n|turn|6\n|\n|t:|1663325086\n|switch|p1a: Landorus|Landorus-Therian, M|57\/100\n|-ability|p1a: Landorus|Intimidate|boost\n|-unboost|p2a: Tapu Lele|atk|1\n|move|p2a: Tapu Lele|Moonblast|p1a: Landorus\n|-damage|p1a: Landorus|10\/100\n|-unboost|p1a: Landorus|spa|1\n|\n|-weather|none\n|upkeep\n|turn|7\n|\n|t:|1663325091\n|move|p2a: Tapu Lele|Moonblast|p1a: Landorus\n|-damage|p1a: Landorus|0 fnt\n|faint|p1a: Landorus\n|\n|upkeep\n|\n|t:|1663325099\n|switch|p1a: Pelipper|Pelipper, M|100\/100\n|-weather|RainDance|[from] ability: Drizzle|[of] p1a: Pelipper\n|turn|8\n|\n|t:|1663325103\n|move|p2a: Tapu Lele|Moonblast|p1a: Pelipper\n|-damage|p1a: Pelipper|12\/100\n|move|p1a: Pelipper|Hurricane|p2a: Tapu Lele\n|-damage|p2a: Tapu Lele|23\/100\n|\n|-weather|RainDance|[upkeep]\n|upkeep\n|turn|9\n|\n|t:|1663325108\n|move|p2a: Tapu Lele|Moonblast|p1a: Pelipper\n|-damage|p1a: Pelipper|0 fnt\n|faint|p1a: Pelipper\n|\n|-weather|RainDance|[upkeep]\n|upkeep\n|\n|t:|1663325113\n|switch|p1a: Melmetal|Melmetal|100\/100\n|-damage|p1a: Melmetal|88\/100|[from] Spikes\n|turn|10\n|\n|t:|1663325117\n|switch|p2a: Ferrothorn|Ferrothorn, M|32\/100\n|move|p1a: Melmetal|Earthquake|p2a: Ferrothorn\n|-damage|p2a: Ferrothorn|9\/100\n|\n|-weather|RainDance|[upkeep]\n|-heal|p1a: Melmetal|94\/100|[from] item: Leftovers\n|-fieldend|move: Psychic Terrain\n|upkeep\n|turn|11\n|\n|t:|1663325124\n|move|p1a: Melmetal|Earthquake|p2a: Ferrothorn\n|-damage|p2a: Ferrothorn|0 fnt\n|faint|p2a: Ferrothorn\n|\n|-weather|RainDance|[upkeep]\n|-heal|p1a: Melmetal|99\/100|[from] item: Leftovers\n|upkeep\n|\n|t:|1663325129\n|switch|p2a: Porygon-Z|Porygon-Z|100\/100\n|-ability|p2a: Porygon-Z|Download|boost\n|-boost|p2a: Porygon-Z|spa|1\n|turn|12\n|\n|t:|1663325133\n|move|p1a: Melmetal|Protect|p1a: Melmetal\n|-singleturn|p1a: Melmetal|Protect\n|move|p2a: Porygon-Z|Thunderbolt|p1a: Melmetal\n|-activate|p1a: Melmetal|move: Protect\n|\n|-weather|none\n|-heal|p1a: Melmetal|100\/100|[from] item: Leftovers\n|upkeep\n|turn|13\n|\n|t:|1663325137\n|switch|p1a: Dragapult|Dragapult, M|100\/100\n|-damage|p1a: Dragapult|88\/100|[from] Spikes\n|move|p2a: Porygon-Z|Thunderbolt|p1a: Dragapult\n|-resisted|p1a: Dragapult\n|-damage|p1a: Dragapult|36\/100\n|\n|upkeep\n|turn|14\n|\n|t:|1663325143\n|move|p1a: Dragapult|U-turn|p2a: Porygon-Z\n|-damage|p2a: Porygon-Z|77\/100\n|\n|t:|1663325147\n|switch|p1a: Melmetal|Melmetal|100\/100|[from]move: U-turn\n|-damage|p1a: Melmetal|88\/100|[from] Spikes\n|move|p2a: Porygon-Z|Thunderbolt|p1a: Melmetal\n|-damage|p1a: Melmetal|21\/100\n|-status|p1a: Melmetal|par\n|\n|-heal|p1a: Melmetal|27\/100 par|[from] item: Leftovers\n|upkeep\n|turn|15\n|\n|t:|1663325150\n|cant|p1a: Melmetal|par\n|move|p2a: Porygon-Z|Thunderbolt|p1a: Melmetal\n|-damage|p1a: Melmetal|0 fnt\n|faint|p1a: Melmetal\n|\n|upkeep\n|\n|t:|1663325154\n|switch|p1a: Tapu Lele|Tapu Lele|100\/100\n|-damage|p1a: Tapu Lele|88\/100|[from] Spikes\n|-fieldstart|move: Psychic Terrain|[from] ability: Psychic Surge|[of] p1a: Tapu Lele\n|turn|16\n|c|\u2606broked on bricks|nice play\n|inactive|broked on bricks has 120 seconds left.\n|\n|t:|1663325186\n|move|p1a: Tapu Lele|Psychic|p2a: Porygon-Z\n|-damage|p2a: Porygon-Z|0 fnt\n|faint|p2a: Porygon-Z\n|\n|upkeep\n|\n|t:|1663325201\n|switch|p2a: Garchomp|Garchomp, F|100\/100\n|turn|17\n|\n|t:|1663325205\n|switch|p1a: Keldeo|Keldeo-Resolute|100\/100\n|-damage|p1a: Keldeo|88\/100|[from] Spikes\n|move|p2a: Garchomp|Earthquake|p1a: Keldeo\n|-damage|p1a: Keldeo|26\/100\n|\n|upkeep\n|turn|18\n|\n|t:|1663325220\n|move|p1a: Keldeo|Icy Wind|p2a: Garchomp\n|-supereffective|p2a: Garchomp\n|-damage|p2a: Garchomp|0 fnt\n|faint|p2a: Garchomp\n|\n|upkeep\n|\n|t:|1663325226\n|switch|p2a: Tapu Lele|Tapu Lele|23\/100\n|turn|19\n|\n|t:|1663325228\n|move|p2a: Tapu Lele|Moonblast|p1a: Keldeo\n|-supereffective|p1a: Keldeo\n|-damage|p1a: Keldeo|0 fnt\n|faint|p1a: Keldeo\n|\n|upkeep\n|\n|t:|1663325231\n|switch|p1a: Tapu Lele|Tapu Lele|88\/100\n|-damage|p1a: Tapu Lele|76\/100|[from] Spikes\n|turn|20\n|\n|t:|1663325236\n|move|p1a: Tapu Lele|Moonblast|p2a: Tapu Lele\n|-damage|p2a: Tapu Lele|0 fnt\n|faint|p2a: Tapu Lele\n|\n|-fieldend|move: Psychic Terrain\n|upkeep\n|-message|baigu3 forfeited.\n|\n|win|broked on bricks\n|raw|broked on bricks's rating: 1515 &rarr; <strong>1537<\/strong><br \/>(+22 for winning)\n|raw|baigu3's rating: 1555 &rarr; <strong>1533<\/strong><br \/>(-22 for losing)\n|l|\u2606baigu3\n","uploadtime":1663325246,"views":8,"p1id":"brokedonbricks","p2id":"baigu3","formatid":"gen8ou","rating":1533,"private":0,"password":null}