{"id":"gen8ubers-1488951978","p1":"abyssfz","p2":"Ivyon","format":"gen8ubers","log":"|j|\u2606abyssfz\n|j|\u2606Ivyon\n|t:|1641839967\n|gametype|singles\n|player|p1|abyssfz|steven|1351\n|player|p2|Ivyon|blue|1293\n|teamsize|p1|6\n|teamsize|p2|6\n|gen|8\n|tier|[Gen 8] Ubers\n|rated|\n|rule|Sleep Clause Mod: Limit one foe put to sleep\n|rule|Species Clause: Limit one of each Pok\u00e9mon\n|rule|OHKO Clause: OHKO moves are banned\n|rule|Evasion Moves Clause: Evasion moves are banned\n|rule|Endless Battle Clause: Forcing endless battles is banned\n|rule|HP Percentage Mod: HP is shown in percentages\n|rule|Dynamax Clause: You cannot dynamax\n|clearpoke\n|poke|p1|Yveltal|\n|poke|p1|Eternatus|\n|poke|p1|Ho-Oh|\n|poke|p1|Stakataka|\n|poke|p1|Xerneas-*|\n|poke|p1|Calyrex-Shadow|\n|poke|p2|Sharpedo, M|\n|poke|p2|Shuckle, M|\n|poke|p2|Dragonite, M|\n|poke|p2|Blaziken, M|\n|poke|p2|Cloyster, M|\n|poke|p2|Espeon, M|\n|teampreview\n|inactive|Battle timer is ON: inactive players will automatically lose when time's up. (requested by abyssfz)\n|\n|t:|1641839978\n|start\n|switch|p1a: Ho-Oh|Ho-Oh|100\/100\n|switch|p2a: Sharpedo|Sharpedo, M|100\/100\n|turn|1\n|\n|t:|1641839984\n|move|p2a: Sharpedo|Taunt|p1a: Ho-Oh\n|-start|p1a: Ho-Oh|move: Taunt\n|move|p1a: Ho-Oh|Sacred Fire|p2a: Sharpedo\n|-resisted|p2a: Sharpedo\n|-damage|p2a: Sharpedo|32\/100\n|\n|-ability|p2a: Sharpedo|Speed Boost|boost\n|-boost|p2a: Sharpedo|spe|1\n|upkeep\n|turn|2\n|\n|t:|1641839993\n|move|p2a: Sharpedo|Destiny Bond|p2a: Sharpedo\n|-singlemove|p2a: Sharpedo|Destiny Bond\n|move|p1a: Ho-Oh|Sacred Fire|p2a: Sharpedo\n|-resisted|p2a: Sharpedo\n|-damage|p2a: Sharpedo|0 fnt\n|faint|p2a: Sharpedo\n|-activate|p2a: Sharpedo|move: Destiny Bond\n|faint|p1a: Ho-Oh\n|\n|upkeep\n|\n|t:|1641840005\n|switch|p2a: Shuckle|Shuckle, M, shiny|100\/100\n|switch|p1a: Yveltal|Yveltal|100\/100\n|-ability|p1a: Yveltal|Dark Aura\n|turn|3\n|\n|t:|1641840013\n|move|p1a: Yveltal|Oblivion Wing|p2a: Shuckle\n|-damage|p2a: Shuckle|78\/100\n|move|p2a: Shuckle|Power Split|p1a: Yveltal\n|-activate|p2a: Shuckle|move: Power Split|[of] p1a: Yveltal\n|\n|upkeep\n|turn|4\n|\n|t:|1641840020\n|move|p1a: Yveltal|Knock Off|p2a: Shuckle\n|-damage|p2a: Shuckle|58\/100\n|-damage|p1a: Yveltal|84\/100|[from] item: Rocky Helmet|[of] p2a: Shuckle\n|-enditem|p2a: Shuckle|Rocky Helmet|[from] move: Knock Off|[of] p1a: Yveltal\n|move|p2a: Shuckle|Sticky Web|p1a: Yveltal\n|-sidestart|p1: abyssfz|move: Sticky Web\n|\n|upkeep\n|turn|5\n|\n|t:|1641840028\n|move|p1a: Yveltal|Oblivion Wing|p2a: Shuckle\n|-damage|p2a: Shuckle|46\/100\n|-heal|p1a: Yveltal|90\/100|[from] drain|[of] p2a: Shuckle\n|move|p2a: Shuckle|Encore|p1a: Yveltal\n|-start|p1a: Yveltal|Encore\n|\n|upkeep\n|turn|6\n|\n|t:|1641840037\n|switch|p1a: Xerneas|Xerneas|100\/100\n|-activate|p1a: Xerneas|move: Sticky Web\n|-unboost|p1a: Xerneas|spe|1\n|-ability|p1a: Xerneas|Fairy Aura\n|move|p2a: Shuckle|Stealth Rock|p1a: Xerneas\n|-sidestart|p1: abyssfz|move: Stealth Rock\n|\n|upkeep\n|turn|7\n|\n|t:|1641840045\n|move|p1a: Xerneas|Close Combat|p2a: Shuckle\n|-damage|p2a: Shuckle|24\/100\n|-unboost|p1a: Xerneas|def|1\n|-unboost|p1a: Xerneas|spd|1\n|move|p2a: Shuckle|Encore|p1a: Xerneas\n|-start|p1a: Xerneas|Encore\n|\n|upkeep\n|turn|8\n|\n|t:|1641840054\n|switch|p1a: Yveltal|Yveltal|90\/100\n|-ability|p1a: Yveltal|Dark Aura\n|move|p2a: Shuckle|Power Split|p1a: Yveltal\n|-activate|p2a: Shuckle|move: Power Split|[of] p1a: Yveltal\n|\n|upkeep\n|turn|9\n|\n|t:|1641840064\n|move|p1a: Yveltal|Defog|p2a: Shuckle\n|-unboost|p2a: Shuckle|evasion|1\n|-sideend|p1: abyssfz|Stealth Rock|[from] move: Defog|[of] p1a: Yveltal\n|-sideend|p1: abyssfz|Sticky Web|[from] move: Defog|[of] p1a: Yveltal\n|move|p2a: Shuckle|Encore|p1a: Yveltal\n|-start|p1a: Yveltal|Encore\n|\n|upkeep\n|turn|10\n|\n|t:|1641840072\n|switch|p1a: Eternatus|Eternatus|100\/100\n|-ability|p1a: Eternatus|Pressure\n|switch|p2a: Cloyster|Cloyster, M|100\/100\n|\n|upkeep\n|turn|11\n|\n|t:|1641840085\n|switch|p1a: Stakataka|Stakataka|100\/100\n|move|p2a: Cloyster|Shell Smash|p2a: Cloyster\n|-unboost|p2a: Cloyster|def|1\n|-unboost|p2a: Cloyster|spd|1\n|-boost|p2a: Cloyster|atk|2\n|-boost|p2a: Cloyster|spa|2\n|-boost|p2a: Cloyster|spe|2\n|\n|upkeep\n|turn|12\n|\n|t:|1641840097\n|move|p2a: Cloyster|Liquidation|p1a: Stakataka\n|-supereffective|p1a: Stakataka\n|-damage|p1a: Stakataka|2\/100\n|move|p1a: Stakataka|Gyro Ball|p2a: Cloyster\n|-enditem|p2a: Cloyster|Focus Sash\n|-damage|p2a: Cloyster|1\/100\n|\n|upkeep\n|turn|13\n|\n|t:|1641840105\n|move|p2a: Cloyster|Liquidation|p1a: Stakataka\n|-supereffective|p1a: Stakataka\n|-damage|p1a: Stakataka|0 fnt\n|faint|p1a: Stakataka\n|\n|upkeep\n|\n|t:|1641840109\n|switch|p1a: Yveltal|Yveltal|90\/100\n|-ability|p1a: Yveltal|Dark Aura\n|turn|14\n|\n|t:|1641840116\n|move|p1a: Yveltal|Sucker Punch||[still]\n|-fail|p1a: Yveltal\n|move|p2a: Cloyster|Shell Smash|p2a: Cloyster\n|-unboost|p2a: Cloyster|def|1\n|-unboost|p2a: Cloyster|spd|1\n|-boost|p2a: Cloyster|atk|2\n|-boost|p2a: Cloyster|spa|2\n|-boost|p2a: Cloyster|spe|2\n|\n|upkeep\n|turn|15\n|\n|t:|1641840125\n|move|p1a: Yveltal|Sucker Punch||[still]\n|-fail|p1a: Yveltal\n|move|p2a: Cloyster|Shell Smash|p2a: Cloyster\n|-unboost|p2a: Cloyster|def|1\n|-unboost|p2a: Cloyster|spd|1\n|-boost|p2a: Cloyster|atk|2\n|-boost|p2a: Cloyster|spa|2\n|-boost|p2a: Cloyster|spe|2\n|\n|upkeep\n|turn|16\n|\n|t:|1641840133\n|move|p1a: Yveltal|Sucker Punch||[still]\n|-fail|p1a: Yveltal\n|move|p2a: Cloyster|Shell Smash|p2a: Cloyster\n|-unboost|p2a: Cloyster|def|1\n|-unboost|p2a: Cloyster|spd|1\n|-boost|p2a: Cloyster|atk|0\n|-boost|p2a: Cloyster|spa|0\n|-boost|p2a: Cloyster|spe|0\n|\n|upkeep\n|turn|17\n|\n|t:|1641840140\n|move|p2a: Cloyster|Icicle Spear|p1a: Yveltal\n|-supereffective|p1a: Yveltal\n|-damage|p1a: Yveltal|0 fnt\n|faint|p1a: Yveltal\n|-hitcount|p1: Yveltal|1\n|\n|upkeep\n|c|\u2606abyssfz|omfg\n|\n|t:|1641840147\n|switch|p1a: Calyrex|Calyrex-Shadow|100\/100\n|-ability|p1a: Calyrex|As One\n|-ability|p1a: Calyrex|Unnerve\n|turn|18\n|\n|t:|1641840152\n|move|p2a: Cloyster|Icicle Spear|p1a: Calyrex\n|-damage|p1a: Calyrex|43\/100\n|-damage|p1a: Calyrex|0 fnt\n|faint|p1a: Calyrex\n|-hitcount|p1: Calyrex|2\n|\n|upkeep\n|\n|t:|1641840161\n|switch|p1a: Eternatus|Eternatus|100\/100\n|-ability|p1a: Eternatus|Pressure\n|turn|19\n|\n|t:|1641840165\n|move|p2a: Cloyster|Icicle Spear|p1a: Eternatus\n|-supereffective|p1a: Eternatus\n|-damage|p1a: Eternatus|20\/100\n|-supereffective|p1a: Eternatus\n|-damage|p1a: Eternatus|0 fnt\n|faint|p1a: Eternatus\n|-hitcount|p1: Eternatus|2\n|\n|upkeep\n|-message|abyssfz forfeited.\n|\n|win|Ivyon\n|raw|abyssfz's rating: 1351 &rarr; <strong>1328<\/strong><br \/>(-23 for losing)\n|raw|Ivyon's rating: 1293 &rarr; <strong>1322<\/strong><br \/>(+29 for winning)\n|l|\u2606abyssfz\n|c|\u2606Ivyon|gg\n||Ladder isn't responding, score probably updated but might not have (Request timeout).\n","uploadtime":1641840175,"views":14,"p1id":"abyssfz","p2id":"ivyon","formatid":"gen8ubers","rating":1322,"private":0,"password":null}