{"id":"gen8ou-1148123855","p1":"AlkagenCUintania","p2":"Burnt Bright","format":"gen8ou","log":"|j|\u2606AlkagenCUintania\n|j|\u2606Burnt Bright\n|player|p1|AlkagenCUintania|lucas-gen4pt|1688\n|player|p2|Burnt Bright|101|1593\n|teamsize|p1|6\n|teamsize|p2|6\n|gametype|singles\n|gen|8\n|tier|[Gen 8] OU\n|rated|\n|clearpoke\n|poke|p1|Excadrill, M|\n|poke|p1|Heracross, F|\n|poke|p1|Weavile, F|\n|poke|p1|Mandibuzz, F|\n|poke|p1|Hippowdon, M|\n|poke|p1|Clefable, F|\n|poke|p2|Porygon-Z|\n|poke|p2|Urshifu-*, M|\n|poke|p2|Rotom-Heat|\n|poke|p2|Slowbro, M|\n|poke|p2|Clefable, F|\n|poke|p2|Goodra, M|\n|rule|Sleep Clause Mod: Limit one foe put to sleep\n|rule|Species Clause: Limit one of each Pok\u00e9mon\n|rule|OHKO Clause: OHKO moves are banned\n|rule|Evasion Moves Clause: Evasion moves are banned\n|rule|Endless Battle Clause: Forcing endless battles is banned\n|rule|HP Percentage Mod: HP is shown in percentages\n|rule|Dynamax Clause: You cannot dynamax\n|teampreview\n|l|\u2606AlkagenCUintania\n|player|p1|\n|j|\u2606AlkagenCUintania\n|player|p1|AlkagenCUintania|lucas-gen4pt\n|l|\u2606AlkagenCUintania\n|player|p1|\n|j|\u2606AlkagenCUintania\n|player|p1|AlkagenCUintania|lucas-gen4pt\n|\n|start\n|switch|p1a: Weavile|Weavile, F|100\/100\n|switch|p2a: Clefable|Clefable, F|100\/100\n|-ability|p1a: Weavile|Pressure\n|turn|1\n|\n|switch|p1a: Excadrill|Excadrill, M|100\/100\n|move|p2a: Clefable|Thunder Wave|p1a: Excadrill\n|-immune|p1a: Excadrill\n|\n|upkeep\n|turn|2\n|\n|switch|p1a: Weavile|Weavile, F|100\/100\n|-ability|p1a: Weavile|Pressure\n|switch|p2a: Slowbro|Slowbro, M|100\/100\n|\n|upkeep\n|turn|3\n|\n|switch|p2a: Clefable|Clefable, F|100\/100\n|move|p1a: Weavile|Triple Axel|p2a: Clefable|[miss]\n|-miss|p1a: Weavile|p2a: Clefable\n|\n|upkeep\n|turn|4\n|\n|switch|p1a: Excadrill|Excadrill, M|100\/100\n|move|p2a: Clefable|Moonblast|p1a: Excadrill\n|-resisted|p1a: Excadrill\n|-damage|p1a: Excadrill|81\/100\n|\n|-heal|p1a: Excadrill|87\/100|[from] item: Leftovers\n|upkeep\n|turn|5\n|\n|switch|p2a: Rotom|Rotom-Heat|100\/100\n|move|p1a: Excadrill|Earthquake|p2a: Rotom\n|-immune|p2a: Rotom|[from] ability: Levitate\n|\n|-heal|p1a: Excadrill|93\/100|[from] item: Leftovers\n|upkeep\n|turn|6\n|\n|move|p1a: Excadrill|Rock Slide|p2a: Rotom\n|-supereffective|p2a: Rotom\n|-damage|p2a: Rotom|44\/100\n|cant|p2a: Rotom|flinch\n|\n|-heal|p1a: Excadrill|99\/100|[from] item: Leftovers\n|upkeep\n|turn|7\n|\n|switch|p1a: Weavile|Weavile, F|100\/100\n|-ability|p1a: Weavile|Pressure\n|switch|p2a: Slowbro|Slowbro, M|100\/100\n|\n|upkeep\n|turn|8\n|\n|switch|p2a: Clefable|Clefable, F|100\/100\n|move|p1a: Weavile|Knock Off|p2a: Clefable\n|-resisted|p2a: Clefable\n|-damage|p2a: Clefable|66\/100\n|-enditem|p2a: Clefable|Leftovers|[from] move: Knock Off|[of] p1a: Weavile\n|\n|upkeep\n|turn|9\n|\n|switch|p1a: Excadrill|Excadrill, M|99\/100\n|move|p2a: Clefable|Soft-Boiled|p2a: Clefable\n|-heal|p2a: Clefable|100\/100\n|\n|-heal|p1a: Excadrill|100\/100|[from] item: Leftovers\n|upkeep\n|turn|10\n|\n|switch|p2a: Slowbro|Slowbro, M|100\/100\n|move|p1a: Excadrill|Swords Dance|p1a: Excadrill\n|-boost|p1a: Excadrill|atk|2\n|\n|upkeep\n|turn|11\n|\n|move|p1a: Excadrill|Earthquake|p2a: Slowbro\n|-damage|p2a: Slowbro|34\/100\n|move|p2a: Slowbro|Scald|p1a: Excadrill\n|-supereffective|p1a: Excadrill\n|-damage|p1a: Excadrill|23\/100\n|\n|-heal|p1a: Excadrill|30\/100|[from] item: Leftovers\n|upkeep\n|turn|12\n|\n|switch|p2a: Rotom|Rotom-Heat|44\/100\n|move|p1a: Excadrill|Earthquake|p2a: Rotom\n|-immune|p2a: Rotom|[from] ability: Levitate\n|\n|-heal|p1a: Excadrill|36\/100|[from] item: Leftovers\n|upkeep\n|turn|13\n|\n|switch|p2a: Urshifu|Urshifu, M|100\/100\n|move|p1a: Excadrill|Earthquake|p2a: Urshifu\n|-damage|p2a: Urshifu|0 fnt\n|faint|p2a: Urshifu\n|\n|-heal|p1a: Excadrill|42\/100|[from] item: Leftovers\n|upkeep\n|\n|switch|p2a: Porygon-Z|Porygon-Z|100\/100\n|turn|14\n|\n|switch|p1a: Mandibuzz|Mandibuzz, F|100\/100\n|move|p2a: Porygon-Z|Tri Attack|p1a: Mandibuzz\n|-damage|p1a: Mandibuzz|48\/100\n|\n|upkeep\n|turn|15\n|\n|switch|p1a: Hippowdon|Hippowdon, M|100\/100\n|-weather|Sandstorm|[from] ability: Sand Stream|[of] p1a: Hippowdon\n|move|p2a: Porygon-Z|Tri Attack|p1a: Hippowdon\n|-damage|p1a: Hippowdon|24\/100\n|\n|-weather|Sandstorm|[upkeep]\n|-damage|p2a: Porygon-Z|94\/100|[from] Sandstorm\n|upkeep\n|turn|16\n|\n|switch|p1a: Mandibuzz|Mandibuzz, F|48\/100\n|move|p2a: Porygon-Z|Tri Attack|p1a: Mandibuzz\n|-damage|p1a: Mandibuzz|0 fnt\n|faint|p1a: Mandibuzz\n|\n|-weather|Sandstorm|[upkeep]\n|-damage|p2a: Porygon-Z|88\/100|[from] Sandstorm\n|upkeep\n|\n|switch|p1a: Excadrill|Excadrill, M|42\/100\n|turn|17\n|\n|switch|p2a: Rotom|Rotom-Heat|44\/100\n|move|p1a: Excadrill|Earthquake|p2a: Rotom\n|-immune|p2a: Rotom|[from] ability: Levitate\n|\n|-weather|Sandstorm|[upkeep]\n|-damage|p2a: Rotom|38\/100|[from] Sandstorm\n|-heal|p1a: Excadrill|48\/100|[from] item: Leftovers\n|upkeep\n|turn|18\n|\n|move|p1a: Excadrill|Rock Slide|p2a: Rotom\n|-supereffective|p2a: Rotom\n|-crit|p2a: Rotom\n|-damage|p2a: Rotom|0 fnt\n|faint|p2a: Rotom\n|\n|-weather|Sandstorm|[upkeep]\n|-heal|p1a: Excadrill|54\/100|[from] item: Leftovers\n|upkeep\n|\n|switch|p2a: Slowbro|Slowbro, M|67\/100\n|turn|19\n|\n|switch|p1a: Heracross|Heracross, F|100\/100\n|move|p2a: Slowbro|Scald|p1a: Heracross\n|-crit|p1a: Heracross\n|-damage|p1a: Heracross|50\/100\n|\n|-weather|Sandstorm|[upkeep]\n|-damage|p1a: Heracross|44\/100|[from] Sandstorm\n|-damage|p2a: Slowbro|61\/100|[from] Sandstorm\n|-status|p1a: Heracross|brn|[from] item: Flame Orb\n|upkeep\n|turn|20\n|\n|switch|p2a: Clefable|Clefable, F|100\/100\n|move|p1a: Heracross|Facade|p2a: Clefable\n|-damage|p2a: Clefable|32\/100\n|\n|-weather|Sandstorm|[upkeep]\n|-damage|p1a: Heracross|38\/100 brn|[from] Sandstorm\n|-damage|p1a: Heracross|32\/100 brn|[from] brn\n|upkeep\n|turn|21\n|\n|switch|p2a: Slowbro|Slowbro, M|94\/100\n|move|p1a: Heracross|Facade|p2a: Slowbro\n|-damage|p2a: Slowbro|45\/100\n|-damage|p1a: Heracross|15\/100 brn|[from] item: Rocky Helmet|[of] p2a: Slowbro\n|\n|-weather|Sandstorm|[upkeep]\n|-damage|p1a: Heracross|9\/100 brn|[from] Sandstorm\n|-damage|p2a: Slowbro|39\/100|[from] Sandstorm\n|-damage|p1a: Heracross|3\/100 brn|[from] brn\n|upkeep\n|turn|22\n|\n|move|p1a: Heracross|Facade|p2a: Slowbro\n|-damage|p2a: Slowbro|0 fnt\n|-damage|p1a: Heracross|0 fnt|[from] item: Rocky Helmet|[of] p2a: Slowbro\n|faint|p2a: Slowbro\n|faint|p1a: Heracross\n|\n|-weather|none\n|upkeep\n|\n|switch|p1a: Weavile|Weavile, F|100\/100\n|switch|p2a: Porygon-Z|Porygon-Z|88\/100\n|-ability|p1a: Weavile|Pressure\n|turn|23\n|\n|move|p1a: Weavile|Knock Off|p2a: Porygon-Z\n|-damage|p2a: Porygon-Z|0 fnt\n|-enditem|p2a: Porygon-Z|Choice Specs|[from] move: Knock Off|[of] p1a: Weavile\n|faint|p2a: Porygon-Z\n|\n|upkeep\n|\n|switch|p2a: Clefable|Clefable, F|32\/100\n|turn|24\n|\n|switch|p1a: Excadrill|Excadrill, M|54\/100\n|move|p2a: Clefable|Soft-Boiled|p2a: Clefable\n|-heal|p2a: Clefable|82\/100\n|\n|-heal|p1a: Excadrill|60\/100|[from] item: Leftovers\n|upkeep\n|turn|25\n|-message|Burnt Bright forfeited.\n|\n|win|AlkagenCUintania\n|l|\u2606Burnt Bright\n||Ladder (probably) updated, but score could not be retrieved (Request timeout).\n","uploadtime":1594315517,"views":18,"p1id":"alkagencuintania","p2id":"burntbright","formatid":"gen8ou","rating":0,"private":0,"password":null}