{"id":"gen8ou-1620254877","p1":"dracaufeu shiny","p2":"Cubielubie","format":"gen8ou","log":"|j|\u2606dracaufeu shiny\n|j|\u2606Cubielubie\n|t:|1658189066\n|gametype|singles\n|player|p1|dracaufeu shiny|red|1526\n|player|p2|Cubielubie|lucas|1631\n|teamsize|p1|6\n|teamsize|p2|6\n|gen|8\n|tier|[Gen 8] OU\n|rated|\n|rule|Sleep Clause Mod: Limit one foe put to sleep\n|rule|Species Clause: Limit one of each Pok\u00e9mon\n|rule|OHKO Clause: OHKO moves are banned\n|rule|Evasion Moves Clause: Evasion moves are banned\n|rule|Endless Battle Clause: Forcing endless battles is banned\n|rule|HP Percentage Mod: HP is shown in percentages\n|rule|Dynamax Clause: You cannot dynamax\n|clearpoke\n|poke|p1|Mandibuzz, F|\n|poke|p1|Toxapex, F|\n|poke|p1|Landorus-Therian, M|\n|poke|p1|Melmetal|\n|poke|p1|Zapdos-Galar|\n|poke|p1|Regieleki|\n|poke|p2|Tapu Koko|\n|poke|p2|Hawlucha, M|\n|poke|p2|Victini|\n|poke|p2|Garchomp, M|\n|poke|p2|Melmetal|\n|poke|p2|Volcanion|\n|teampreview\n|\n|t:|1658189074\n|start\n|switch|p1a: Toxapex|Toxapex, F|100\/100\n|switch|p2a: Victini|Victini|100\/100\n|turn|1\n|\n|t:|1658189095\n|switch|p1a: Mandibuzz|Mandibuzz, F|100\/100\n|move|p2a: Victini|Final Gambit|p1a: Mandibuzz\n|-damage|p1a: Mandibuzz|5\/100\n|faint|p2a: Victini\n|\n|upkeep\n|\n|t:|1658189097\n|switch|p2a: Tapu Koko|Tapu Koko|100\/100\n|-fieldstart|move: Electric Terrain|[from] ability: Electric Surge|[of] p2a: Tapu Koko\n|turn|2\n|\n|t:|1658189104\n|switch|p1a: Landorus|Landorus-Therian, M|100\/100\n|-ability|p1a: Landorus|Intimidate|boost\n|-unboost|p2a: Tapu Koko|atk|1\n|move|p2a: Tapu Koko|U-turn|p1a: Landorus\n|-resisted|p1a: Landorus\n|-damage|p1a: Landorus|95\/100\n|\n|t:|1658189111\n|switch|p2a: Garchomp|Garchomp, M|100\/100|[from]move: U-turn\n|\n|-heal|p1a: Landorus|100\/100|[from] item: Leftovers\n|upkeep\n|turn|3\n|\n|t:|1658189114\n|move|p2a: Garchomp|Swords Dance|p2a: Garchomp\n|-boost|p2a: Garchomp|atk|2\n|move|p1a: Landorus|Toxic|p2a: Garchomp|[miss]\n|-miss|p1a: Landorus|p2a: Garchomp\n|\n|upkeep\n|turn|4\n|\n|t:|1658189118\n|move|p2a: Garchomp|Scale Shot|p1a: Landorus\n|-damage|p1a: Landorus|74\/100\n|-damage|p1a: Landorus|48\/100\n|-damage|p1a: Landorus|25\/100\n|-damage|p1a: Landorus|1\/100\n|-hitcount|p1a: Landorus|4\n|-unboost|p2a: Garchomp|def|1\n|-boost|p2a: Garchomp|spe|1\n|move|p1a: Landorus|Toxic|p2a: Garchomp\n|-status|p2a: Garchomp|tox\n|\n|-heal|p1a: Landorus|7\/100|[from] item: Leftovers\n|-damage|p2a: Garchomp|94\/100 tox|[from] psn\n|upkeep\n|turn|5\n|\n|t:|1658189125\n|switch|p1a: Mandibuzz|Mandibuzz, F|5\/100\n|move|p2a: Garchomp|Scale Shot|p1a: Mandibuzz\n|-damage|p1a: Mandibuzz|0 fnt\n|faint|p1a: Mandibuzz\n|-hitcount|p1: Mandibuzz|1\n|-unboost|p2a: Garchomp|def|1\n|-boost|p2a: Garchomp|spe|1\n|\n|-heal|p2a: Garchomp|100\/100 tox|[from] item: Leftovers\n|-damage|p2a: Garchomp|88\/100 tox|[from] psn\n|upkeep\n|\n|t:|1658189128\n|switch|p1a: Landorus|Landorus-Therian, M|7\/100\n|-ability|p1a: Landorus|Intimidate|boost\n|-unboost|p2a: Garchomp|atk|1\n|turn|6\n|\n|t:|1658189131\n|switch|p1a: Toxapex|Toxapex, F|100\/100\n|move|p2a: Garchomp|Earthquake|p1a: Toxapex\n|-supereffective|p1a: Toxapex\n|-damage|p1a: Toxapex|5\/100\n|\n|-heal|p2a: Garchomp|94\/100 tox|[from] item: Leftovers\n|-heal|p1a: Toxapex|11\/100|[from] item: Black Sludge\n|-damage|p2a: Garchomp|76\/100 tox|[from] psn\n|-fieldend|move: Electric Terrain\n|upkeep\n|turn|7\n|\n|t:|1658189133\n|switch|p1a: Landorus|Landorus-Therian, M|7\/100\n|-ability|p1a: Landorus|Intimidate|boost\n|-unboost|p2a: Garchomp|atk|1\n|move|p2a: Garchomp|Scale Shot|p1a: Landorus\n|-damage|p1a: Landorus|0 fnt\n|faint|p1a: Landorus\n|-hitcount|p1: Landorus|1\n|-unboost|p2a: Garchomp|def|1\n|-boost|p2a: Garchomp|spe|1\n|\n|-heal|p2a: Garchomp|82\/100 tox|[from] item: Leftovers\n|-damage|p2a: Garchomp|57\/100 tox|[from] psn\n|upkeep\n|\n|t:|1658189139\n|switch|p1a: Melmetal|Melmetal|100\/100\n|turn|8\n|\n|t:|1658189149\n|switch|p2a: Volcanion|Volcanion|100\/100\n|switch|p1a: Zapdos|Zapdos-Galar|100\/100\n|\n|upkeep\n|turn|9\n|\n|t:|1658189157\n|switch|p2a: Tapu Koko|Tapu Koko|100\/100\n|-fieldstart|move: Electric Terrain|[from] ability: Electric Surge|[of] p2a: Tapu Koko\n|move|p1a: Zapdos|Close Combat|p2a: Tapu Koko\n|-resisted|p2a: Tapu Koko\n|-damage|p2a: Tapu Koko|42\/100\n|-unboost|p1a: Zapdos|def|1\n|-unboost|p1a: Zapdos|spd|1\n|\n|upkeep\n|turn|10\n|\n|t:|1658189161\n|switch|p1a: Melmetal|Melmetal|100\/100\n|move|p2a: Tapu Koko|Volt Switch|p1a: Melmetal\n|-damage|p1a: Melmetal|40\/100\n|inactive|Battle timer is ON: inactive players will automatically lose when time's up. (requested by dracaufeu shiny)\n|\n|t:|1658189180\n|switch|p2a: Volcanion|Volcanion|100\/100|[from]move: Volt Switch\n|\n|upkeep\n|turn|11\n|\n|t:|1658189186\n|move|p2a: Volcanion|Earth Power|p1a: Melmetal\n|-supereffective|p1a: Melmetal\n|-damage|p1a: Melmetal|0 fnt\n|faint|p1a: Melmetal\n|\n|upkeep\n|\n|t:|1658189189\n|switch|p1a: Regieleki|Regieleki|100\/100\n|turn|12\n|\n|t:|1658189191\n|switch|p1a: Zapdos|Zapdos-Galar|100\/100\n|switch|p2a: Garchomp|Garchomp, M|57\/100 tox\n|\n|-heal|p2a: Garchomp|64\/100 tox|[from] item: Leftovers\n|-damage|p2a: Garchomp|57\/100 tox|[from] psn\n|upkeep\n|turn|13\n|\n|t:|1658189196\n|switch|p2a: Melmetal|Melmetal|100\/100\n|move|p1a: Zapdos|Close Combat|p2a: Melmetal\n|-supereffective|p2a: Melmetal\n|-damage|p2a: Melmetal|0 fnt\n|-unboost|p1a: Zapdos|def|1\n|-unboost|p1a: Zapdos|spd|1\n|faint|p2a: Melmetal\n|\n|-fieldend|move: Electric Terrain\n|upkeep\n|\n|t:|1658189202\n|switch|p2a: Tapu Koko|Tapu Koko|42\/100\n|-fieldstart|move: Electric Terrain|[from] ability: Electric Surge|[of] p2a: Tapu Koko\n|turn|14\n|\n|t:|1658189206\n|switch|p1a: Regieleki|Regieleki|100\/100\n|move|p2a: Tapu Koko|Volt Switch|p1a: Regieleki\n|-resisted|p1a: Regieleki\n|-damage|p1a: Regieleki|43\/100\n|\n|t:|1658189208\n|switch|p2a: Garchomp|Garchomp, M|57\/100 tox|[from]move: Volt Switch\n|\n|-heal|p2a: Garchomp|64\/100 tox|[from] item: Leftovers\n|-damage|p2a: Garchomp|57\/100 tox|[from] psn\n|upkeep\n|turn|15\n|\n|t:|1658189218\n|switch|p1a: Zapdos|Zapdos-Galar|100\/100\n|move|p2a: Garchomp|Scale Shot|p1a: Zapdos\n|-damage|p1a: Zapdos|86\/100\n|-damage|p1a: Zapdos|72\/100\n|-damage|p1a: Zapdos|57\/100\n|-damage|p1a: Zapdos|42\/100\n|-damage|p1a: Zapdos|28\/100\n|-hitcount|p1a: Zapdos|5\n|-unboost|p2a: Garchomp|def|1\n|-boost|p2a: Garchomp|spe|1\n|\n|-heal|p2a: Garchomp|64\/100 tox|[from] item: Leftovers\n|-damage|p2a: Garchomp|51\/100 tox|[from] psn\n|upkeep\n|turn|16\n|\n|t:|1658189223\n|switch|p2a: Volcanion|Volcanion|100\/100\n|switch|p1a: Toxapex|Toxapex, F|45\/100\n|\n|-heal|p1a: Toxapex|51\/100|[from] item: Black Sludge\n|upkeep\n|turn|17\n|\n|t:|1658189231\n|move|p2a: Volcanion|Earth Power|p1a: Toxapex\n|-supereffective|p1a: Toxapex\n|-damage|p1a: Toxapex|0 fnt\n|faint|p1a: Toxapex\n|\n|upkeep\n|\n|t:|1658189233\n|switch|p1a: Regieleki|Regieleki|43\/100\n|turn|18\n|\n|t:|1658189237\n|switch|p2a: Garchomp|Garchomp, M|51\/100 tox\n|move|p1a: Regieleki|Thunderbolt|p2a: Garchomp\n|-immune|p2a: Garchomp\n|\n|-heal|p2a: Garchomp|57\/100 tox|[from] item: Leftovers\n|-damage|p2a: Garchomp|51\/100 tox|[from] psn\n|-fieldend|move: Electric Terrain\n|upkeep\n|turn|19\n|\n|t:|1658189243\n|switch|p1a: Zapdos|Zapdos-Galar|28\/100\n|move|p2a: Garchomp|Scale Shot|p1a: Zapdos\n|-damage|p1a: Zapdos|13\/100\n|-damage|p1a: Zapdos|0 fnt\n|faint|p1a: Zapdos\n|-hitcount|p1: Zapdos|2\n|-unboost|p2a: Garchomp|def|1\n|-boost|p2a: Garchomp|spe|1\n|\n|-heal|p2a: Garchomp|57\/100 tox|[from] item: Leftovers\n|-damage|p2a: Garchomp|45\/100 tox|[from] psn\n|upkeep\n|\n|t:|1658189245\n|switch|p1a: Regieleki|Regieleki|43\/100\n|turn|20\n|\n|t:|1658189247\n|move|p1a: Regieleki|Ancient Power|p2a: Garchomp\n|-resisted|p2a: Garchomp\n|-damage|p2a: Garchomp|31\/100 tox\n|move|p2a: Garchomp|Earthquake|p1a: Regieleki\n|-supereffective|p1a: Regieleki\n|-damage|p1a: Regieleki|0 fnt\n|faint|p1a: Regieleki\n|\n|win|Cubielubie\n|raw|dracaufeu shiny's rating: 1526 &rarr; <strong>1511<\/strong><br \/>(-15 for losing)\n|raw|Cubielubie's rating: 1614 &rarr; <strong>1629<\/strong><br \/>(+15 for winning)\n|l|\u2606dracaufeu shiny\n||Ladder isn't responding, score probably updated but might not have (Request timeout).\n","uploadtime":1658189901,"views":9,"p1id":"dracaufeushiny","p2id":"cubielubie","formatid":"gen8ou","rating":1511,"private":0,"password":null}