{"id":"gen8ou-1229233046","p1":"Contorted Lies","p2":"ghostlymisa","format":"gen8ou","log":"|j|\u2606Contorted Lies\n|j|\u2606ghostlymisa\n|t:|1606077878\n|player|p1|Contorted Lies|1|1915\n|player|p2|ghostlymisa|red|1979\n|teamsize|p1|6\n|teamsize|p2|6\n|gametype|singles\n|gen|8\n|tier|[Gen 8] OU\n|rated|\n|clearpoke\n|poke|p1|Cinderace, F|\n|poke|p1|Tyranitar, M|\n|poke|p1|Excadrill, M|\n|poke|p1|Buzzwole|\n|poke|p1|Slowbro, M|\n|poke|p1|Magearna|\n|poke|p2|Tapu Lele|\n|poke|p2|Spectrier|\n|poke|p2|Heatran, M|\n|poke|p2|Mandibuzz, F|\n|poke|p2|Landorus-Therian, M|\n|poke|p2|Magearna-Original|\n|rule|Sleep Clause Mod: Limit one foe put to sleep\n|rule|Species Clause: Limit one of each Pok\u00e9mon\n|rule|OHKO Clause: OHKO moves are banned\n|rule|Evasion Moves Clause: Evasion moves are banned\n|rule|Endless Battle Clause: Forcing endless battles is banned\n|rule|HP Percentage Mod: HP is shown in percentages\n|rule|Dynamax Clause: You cannot dynamax\n|teampreview\n|inactive|Battle timer is ON: inactive players will automatically lose when time's up. (requested by ghostlymisa)\n|j| CrazysConstruction\n|inactive|ghostlymisa has 120 seconds left.\n|\n|t:|1606077910\n|start\n|switch|p1a: Slowbro|Slowbro, M|100\/100\n|switch|p2a: Spectrier|Spectrier|100\/100\n|turn|1\n|\n|t:|1606077917\n|switch|p1a: Magearna|Magearna|100\/100\n|move|p2a: Spectrier|Will-O-Wisp|p1a: Magearna\n|-status|p1a: Magearna|brn\n|\n|-damage|p1a: Magearna|94\/100 brn|[from] brn\n|upkeep\n|turn|2\n|\n|t:|1606077925\n|switch|p2a: Heatran|Heatran, M, shiny|100\/100\n|switch|p1a: Slowbro|Slowbro, M|100\/100\n|\n|upkeep\n|turn|3\n|\n|t:|1606077929\n|switch|p1a: Tyranitar|Tyranitar, M|100\/100\n|-weather|Sandstorm|[from] ability: Sand Stream|[of] p1a: Tyranitar\n|move|p2a: Heatran|Toxic|p1a: Tyranitar\n|-status|p1a: Tyranitar|tox\n|\n|-weather|Sandstorm|[upkeep]\n|-damage|p1a: Tyranitar|94\/100 tox|[from] psn\n|upkeep\n|turn|4\n|\n|t:|1606077933\n|move|p1a: Tyranitar|Stone Edge|p2a: Heatran\n|-damage|p2a: Heatran|21\/100\n|move|p2a: Heatran|Taunt|p1a: Tyranitar\n|-start|p1a: Tyranitar|move: Taunt\n|\n|-weather|Sandstorm|[upkeep]\n|-heal|p2a: Heatran|27\/100|[from] item: Leftovers\n|-damage|p1a: Tyranitar|82\/100 tox|[from] psn\n|upkeep\n|turn|5\n|j| mysticalcheese\n|\n|t:|1606077940\n|switch|p1a: Slowbro|Slowbro, M|100\/100\n|move|p2a: Heatran|Earth Power|p1a: Slowbro\n|-damage|p1a: Slowbro|63\/100\n|\n|-weather|Sandstorm|[upkeep]\n|-damage|p1a: Slowbro|57\/100|[from] Sandstorm\n|-heal|p2a: Heatran|33\/100|[from] item: Leftovers\n|-heal|p1a: Slowbro|63\/100|[from] item: Leftovers\n|upkeep\n|turn|6\n|\n|t:|1606077945\n|move|p2a: Heatran|Toxic|p1a: Slowbro\n|-status|p1a: Slowbro|tox\n|move|p1a: Slowbro|Scald|p2a: Heatran\n|-supereffective|p2a: Heatran\n|-damage|p2a: Heatran|0 fnt\n|faint|p2a: Heatran\n|\n|-weather|Sandstorm|[upkeep]\n|-damage|p1a: Slowbro|57\/100 tox|[from] Sandstorm\n|-heal|p1a: Slowbro|63\/100 tox|[from] item: Leftovers\n|-damage|p1a: Slowbro|57\/100 tox|[from] psn\n|upkeep\n|\n|t:|1606077948\n|switch|p2a: Magearna|Magearna-Original|100\/100\n|turn|7\n|j| blorbb\n|\n|t:|1606077953\n|switch|p2a: Landorus|Landorus-Therian, M, shiny|100\/100\n|-ability|p2a: Landorus|Intimidate|boost\n|-unboost|p1a: Slowbro|atk|1\n|switch|p1a: Magearna|Magearna|94\/100 brn\n|\n|-weather|none\n|-damage|p1a: Magearna|88\/100 brn|[from] brn\n|upkeep\n|turn|8\n|\n|t:|1606077955\n|switch|p1a: Slowbro|Slowbro, M|90\/100 tox\n|move|p2a: Landorus|Earthquake|p1a: Slowbro\n|-damage|p1a: Slowbro|62\/100 tox\n|\n|-heal|p1a: Slowbro|68\/100 tox|[from] item: Leftovers\n|-damage|p1a: Slowbro|62\/100 tox|[from] psn\n|upkeep\n|turn|9\n|j| prorick\n|\n|t:|1606077959\n|move|p2a: Landorus|Knock Off|p1a: Slowbro\n|-supereffective|p1a: Slowbro\n|-damage|p1a: Slowbro|25\/100 tox\n|-enditem|p1a: Slowbro|Leftovers|[from] move: Knock Off|[of] p2a: Landorus\n|move|p1a: Slowbro|Teleport|p1a: Slowbro\n|j| The Unlucky Player\n|j| spy to 300\n|j| cannibal8070\n|\n|t:|1606077967\n|switch|p1a: Buzzwole|Buzzwole|100\/100|[from]move: Teleport\n|\n|upkeep\n|turn|10\n|l| mysticalcheese\n|\n|t:|1606077972\n|move|p2a: Landorus|Stealth Rock|p1a: Buzzwole\n|-sidestart|p1: Contorted Lies|move: Stealth Rock\n|move|p1a: Buzzwole|Bulk Up|p1a: Buzzwole\n|-boost|p1a: Buzzwole|atk|1\n|-boost|p1a: Buzzwole|def|1\n|\n|upkeep\n|turn|11\n|\n|t:|1606077979\n|switch|p2a: Tapu Lele|Tapu Lele, shiny|100\/100\n|-fieldstart|move: Psychic Terrain|[from] ability: Psychic Surge|[of] p2a: Tapu Lele\n|move|p1a: Buzzwole|Drain Punch|p2a: Tapu Lele\n|-resisted|p2a: Tapu Lele\n|-damage|p2a: Tapu Lele|82\/100\n|\n|upkeep\n|turn|12\n|\n|t:|1606077986\n|switch|p1a: Magearna|Magearna|88\/100 brn\n|-damage|p1a: Magearna|82\/100 brn|[from] Stealth Rock\n|move|p2a: Tapu Lele|Moonblast|p1a: Magearna\n|-resisted|p1a: Magearna\n|-damage|p1a: Magearna|67\/100 brn\n|\n|-damage|p1a: Magearna|61\/100 brn|[from] brn\n|upkeep\n|turn|13\n|\n|t:|1606077992\n|switch|p2a: Landorus|Landorus-Therian, M, shiny|100\/100\n|-ability|p2a: Landorus|Intimidate|boost\n|-unboost|p1a: Magearna|atk|1\n|move|p1a: Magearna|Flash Cannon|p2a: Landorus\n|-damage|p2a: Landorus|52\/100\n|\n|-heal|p2a: Landorus|58\/100|[from] item: Leftovers\n|-damage|p1a: Magearna|55\/100 brn|[from] brn\n|upkeep\n|turn|14\n|\n|t:|1606077998\n|switch|p1a: Buzzwole|Buzzwole|100\/100\n|-damage|p1a: Buzzwole|88\/100|[from] Stealth Rock\n|move|p2a: Landorus|U-turn|p1a: Buzzwole\n|-resisted|p1a: Buzzwole\n|-damage|p1a: Buzzwole|81\/100\n|\n|t:|1606078001\n|switch|p2a: Spectrier|Spectrier|100\/100|[from]move: U-turn\n|\n|-heal|p1a: Buzzwole|87\/100|[from] item: Leftovers\n|upkeep\n|turn|15\n|\n|t:|1606078005\n|move|p2a: Spectrier|Hex|p1a: Buzzwole\n|-damage|p1a: Buzzwole|35\/100\n|move|p1a: Buzzwole|Roost|p1a: Buzzwole\n|-heal|p1a: Buzzwole|85\/100\n|-singleturn|p1a: Buzzwole|move: Roost\n|\n|-heal|p1a: Buzzwole|91\/100|[from] item: Leftovers\n|-fieldend|move: Psychic Terrain\n|upkeep\n|turn|16\n|\n|t:|1606078012\n|move|p2a: Spectrier|Hex|p1a: Buzzwole\n|-damage|p1a: Buzzwole|42\/100\n|move|p1a: Buzzwole|Roost|p1a: Buzzwole\n|-heal|p1a: Buzzwole|92\/100\n|-singleturn|p1a: Buzzwole|move: Roost\n|\n|-heal|p1a: Buzzwole|98\/100|[from] item: Leftovers\n|upkeep\n|turn|17\n|j| v00dew\n|\n|t:|1606078017\n|move|p2a: Spectrier|Hex|p1a: Buzzwole\n|-damage|p1a: Buzzwole|50\/100\n|move|p1a: Buzzwole|Roost|p1a: Buzzwole\n|-heal|p1a: Buzzwole|99\/100\n|-singleturn|p1a: Buzzwole|move: Roost\n|\n|-heal|p1a: Buzzwole|100\/100|[from] item: Leftovers\n|upkeep\n|turn|18\n|\n|t:|1606078022\n|switch|p2a: Mandibuzz|Mandibuzz, F, shiny|100\/100\n|move|p1a: Buzzwole|Earthquake|p2a: Mandibuzz\n|-immune|p2a: Mandibuzz\n|\n|upkeep\n|turn|19\n|\n|t:|1606078026\n|switch|p1a: Magearna|Magearna|55\/100 brn\n|-damage|p1a: Magearna|49\/100 brn|[from] Stealth Rock\n|move|p2a: Mandibuzz|U-turn|p1a: Magearna\n|-resisted|p1a: Magearna\n|-damage|p1a: Magearna|46\/100 brn\n|\n|t:|1606078030\n|switch|p2a: Spectrier|Spectrier|100\/100|[from]move: U-turn\n|\n|-damage|p1a: Magearna|40\/100 brn|[from] brn\n|upkeep\n|turn|20\n|\n|t:|1606078034\n|move|p2a: Spectrier|Hex|p1a: Magearna\n|-damage|p1a: Magearna|0 fnt\n|faint|p1a: Magearna\n|-ability|p2a: Spectrier|Grim Neigh|boost\n|-boost|p2a: Spectrier|spa|1\n|\n|upkeep\n|\n|t:|1606078038\n|switch|p1a: Tyranitar|Tyranitar, M|82\/100 tox\n|-damage|p1a: Tyranitar|70\/100 tox|[from] Stealth Rock\n|-weather|Sandstorm|[from] ability: Sand Stream|[of] p1a: Tyranitar\n|turn|21\n|\n|t:|1606078042\n|switch|p2a: Mandibuzz|Mandibuzz, F, shiny|100\/100\n|move|p1a: Tyranitar|Stone Edge|p2a: Mandibuzz|[miss]\n|-miss|p1a: Tyranitar|p2a: Mandibuzz\n|\n|-weather|Sandstorm|[upkeep]\n|-damage|p1a: Tyranitar|64\/100 tox|[from] psn\n|upkeep\n|turn|22\n|\n|t:|1606078048\n|switch|p2a: Landorus|Landorus-Therian, M, shiny|58\/100\n|-ability|p2a: Landorus|Intimidate|boost\n|-unboost|p1a: Tyranitar|atk|1\n|move|p1a: Tyranitar|Stone Edge|p2a: Landorus\n|-damage|p2a: Landorus|14\/100\n|\n|-weather|Sandstorm|[upkeep]\n|-heal|p2a: Landorus|20\/100|[from] item: Leftovers\n|-damage|p1a: Tyranitar|51\/100 tox|[from] psn\n|upkeep\n|turn|23\n|\n|t:|1606078054\n|move|p1a: Tyranitar|Stone Edge|p2a: Landorus\n|-damage|p2a: Landorus|0 fnt\n|faint|p2a: Landorus\n|\n|-weather|Sandstorm|[upkeep]\n|-damage|p1a: Tyranitar|33\/100 tox|[from] psn\n|upkeep\n|\n|t:|1606078063\n|switch|p2a: Magearna|Magearna-Original|100\/100\n|turn|24\n|\n|t:|1606078073\n|switch|p1a: Slowbro|Slowbro, M|58\/100 tox\n|-damage|p1a: Slowbro|45\/100 tox|[from] Stealth Rock\n|move|p2a: Magearna|Shift Gear|p2a: Magearna\n|-boost|p2a: Magearna|spe|2\n|-boost|p2a: Magearna|atk|1\n|\n|-weather|Sandstorm|[upkeep]\n|-damage|p1a: Slowbro|39\/100 tox|[from] Sandstorm\n|-damage|p1a: Slowbro|33\/100 tox|[from] psn\n|upkeep\n|turn|25\n|j| Vessev\n|\n|t:|1606078077\n|move|p2a: Magearna|Calm Mind|p2a: Magearna\n|-boost|p2a: Magearna|spa|1\n|-boost|p2a: Magearna|spd|1\n|move|p1a: Slowbro|Teleport|p1a: Slowbro\n|\n|t:|1606078084\n|switch|p1a: Excadrill|Excadrill, M|100\/100|[from]move: Teleport\n|-damage|p1a: Excadrill|97\/100|[from] Stealth Rock\n|\n|-weather|none\n|-heal|p1a: Excadrill|100\/100|[from] item: Leftovers\n|upkeep\n|turn|26\n|\n|t:|1606078089\n|switch|p2a: Mandibuzz|Mandibuzz, F, shiny|100\/100\n|switch|p1a: Tyranitar|Tyranitar, M|33\/100 tox\n|-damage|p1a: Tyranitar|20\/100 tox|[from] Stealth Rock\n|-weather|Sandstorm|[from] ability: Sand Stream|[of] p1a: Tyranitar\n|\n|-weather|Sandstorm|[upkeep]\n|-damage|p1a: Tyranitar|14\/100 tox|[from] psn\n|upkeep\n|turn|27\n|\n|t:|1606078095\n|switch|p2a: Magearna|Magearna-Original|100\/100\n|move|p1a: Tyranitar|Stone Edge|p2a: Magearna\n|-resisted|p2a: Magearna\n|-damage|p2a: Magearna|65\/100\n|\n|-weather|Sandstorm|[upkeep]\n|-heal|p2a: Magearna|71\/100|[from] item: Leftovers\n|-damage|p1a: Tyranitar|2\/100 tox|[from] psn\n|upkeep\n|turn|28\n|\n|t:|1606078101\n|switch|p1a: Excadrill|Excadrill, M|100\/100\n|-damage|p1a: Excadrill|97\/100|[from] Stealth Rock\n|move|p2a: Magearna|Draining Kiss|p1a: Excadrill\n|-resisted|p1a: Excadrill\n|-damage|p1a: Excadrill|78\/100\n|-heal|p2a: Magearna|85\/100|[from] drain|[of] p1a: Excadrill\n|\n|-weather|Sandstorm|[upkeep]\n|-heal|p1a: Excadrill|84\/100|[from] item: Leftovers\n|-heal|p2a: Magearna|91\/100|[from] item: Leftovers\n|upkeep\n|turn|29\n|\n|t:|1606078104\n|switch|p2a: Mandibuzz|Mandibuzz, F, shiny|100\/100\n|move|p1a: Excadrill|Rapid Spin|p2a: Mandibuzz\n|-damage|p2a: Mandibuzz|88\/100\n|-boost|p1a: Excadrill|spe|1\n|-sideend|p1: Contorted Lies|Stealth Rock|[from] move: Rapid Spin|[of] p1a: Excadrill\n|\n|-weather|Sandstorm|[upkeep]\n|-heal|p1a: Excadrill|91\/100|[from] item: Leftovers\n|upkeep\n|turn|30\n|\n|t:|1606078110\n|switch|p1a: Slowbro|Slowbro, M|66\/100 tox\n|move|p2a: Mandibuzz|Foul Play|p1a: Slowbro\n|-supereffective|p1a: Slowbro\n|-damage|p1a: Slowbro|43\/100 tox\n|\n|-weather|none\n|-damage|p1a: Slowbro|37\/100 tox|[from] psn\n|upkeep\n|turn|31\n|\n|t:|1606078118\n|move|p2a: Mandibuzz|U-turn|p1a: Slowbro\n|-supereffective|p1a: Slowbro\n|-damage|p1a: Slowbro|22\/100 tox\n|\n|t:|1606078122\n|switch|p2a: Spectrier|Spectrier|100\/100|[from]move: U-turn\n|move|p1a: Slowbro|Teleport|p1a: Slowbro\n|\n|t:|1606078129\n|switch|p1a: Cinderace|Cinderace, F|100\/100|[from]move: Teleport\n|\n|upkeep\n|turn|32\n|\n|t:|1606078134\n|switch|p2a: Mandibuzz|Mandibuzz, F, shiny|88\/100\n|move|p1a: Cinderace|Sucker Punch||[still]\n|-fail|p1a: Cinderace\n|\n|upkeep\n|turn|33\n|\n|t:|1606078138\n|switch|p1a: Buzzwole|Buzzwole|100\/100\n|move|p2a: Mandibuzz|Roost|p2a: Mandibuzz\n|-heal|p2a: Mandibuzz|100\/100\n|-singleturn|p2a: Mandibuzz|move: Roost\n|\n|upkeep\n|turn|34\n|\n|t:|1606078146\n|move|p1a: Buzzwole|Bulk Up|p1a: Buzzwole\n|-boost|p1a: Buzzwole|atk|1\n|-boost|p1a: Buzzwole|def|1\n|move|p2a: Mandibuzz|U-turn|p1a: Buzzwole\n|-resisted|p1a: Buzzwole\n|-damage|p1a: Buzzwole|98\/100\n|\n|t:|1606078151\n|switch|p2a: Tapu Lele|Tapu Lele, shiny|82\/100|[from]move: U-turn\n|-fieldstart|move: Psychic Terrain|[from] ability: Psychic Surge|[of] p2a: Tapu Lele\n|\n|-heal|p1a: Buzzwole|100\/100|[from] item: Leftovers\n|upkeep\n|turn|35\n|\n|t:|1606078156\n|switch|p1a: Slowbro|Slowbro, M|56\/100 tox\n|move|p2a: Tapu Lele|Focus Blast|p1a: Slowbro\n|-resisted|p1a: Slowbro\n|-damage|p1a: Slowbro|31\/100 tox\n|\n|-damage|p1a: Slowbro|25\/100 tox|[from] psn\n|upkeep\n|turn|36\n|\n|t:|1606078164\n|switch|p2a: Spectrier|Spectrier|100\/100\n|move|p1a: Slowbro|Slack Off|p1a: Slowbro\n|-heal|p1a: Slowbro|75\/100 tox\n|\n|-damage|p1a: Slowbro|63\/100 tox|[from] psn\n|upkeep\n|turn|37\n|\n|t:|1606078170\n|switch|p1a: Tyranitar|Tyranitar, M|2\/100 tox\n|-weather|Sandstorm|[from] ability: Sand Stream|[of] p1a: Tyranitar\n|move|p2a: Spectrier|Shadow Ball|p1a: Tyranitar\n|-resisted|p1a: Tyranitar\n|-damage|p1a: Tyranitar|0 fnt\n|faint|p1a: Tyranitar\n|-ability|p2a: Spectrier|Grim Neigh|boost\n|-boost|p2a: Spectrier|spa|1\n|\n|-weather|Sandstorm|[upkeep]\n|-damage|p2a: Spectrier|94\/100|[from] Sandstorm\n|upkeep\n|j| Carbink Deoxide\n|\n|t:|1606078173\n|switch|p1a: Excadrill|Excadrill, M|91\/100\n|turn|38\n|\n|t:|1606078177\n|switch|p1a: Cinderace|Cinderace, F|100\/100\n|move|p2a: Spectrier|Shadow Ball|p1a: Cinderace\n|-damage|p1a: Cinderace|0 fnt\n|faint|p1a: Cinderace\n|-ability|p2a: Spectrier|Grim Neigh|boost\n|-boost|p2a: Spectrier|spa|1\n|\n|-weather|Sandstorm|[upkeep]\n|-damage|p2a: Spectrier|88\/100|[from] Sandstorm\n|-fieldend|move: Psychic Terrain\n|upkeep\n|-message|Contorted Lies forfeited.\n|\n|win|ghostlymisa\n|l|\u2606Contorted Lies\n|l| prorick\n|l| CrazysConstruction\n|l| blorbb\n|l| spy to 300\n||Ladder (probably) updated, but score could not be retrieved (Request timeout).\n","uploadtime":1606078189,"views":106,"p1id":"contortedlies","p2id":"ghostlymisa","formatid":"gen8ou","rating":0,"private":0,"password":null}