{"id":"gen8nationaldex-1102762458","p1":"cold.exe","p2":"baby yoda jr","format":"gen8nationaldex","log":"|j|\u2606cold.exe\n|j|\u2606baby yoda jr\n|player|p1|cold.exe|red|1341\n|player|p2|baby yoda jr|blaine|1213\n|teamsize|p1|6\n|teamsize|p2|6\n|gametype|singles\n|gen|8\n|tier|[Gen 8] National Dex\n|rated|\n|html|<div class=\"broadcast-red\"><strong>National Dex is currently suspecting Mega Blastoise! For information on how to participate check out the <a href=\"https:\/\/www.smogon.com\/forums\/threads\/3662033\/\">suspect thread<\/a>.<\/strong><\/div>\n|clearpoke\n|poke|p1|Dragonite, F|\n|poke|p1|Breloom, M|\n|poke|p1|Gyarados, M|\n|poke|p1|Serperior, F|\n|poke|p1|Volcarona, M|\n|poke|p1|Tornadus-Therian, M|\n|poke|p2|Komala, M|\n|poke|p2|Araquanid, F|\n|poke|p2|Bisharp, M|\n|poke|p2|Ditto|\n|poke|p2|Tsareena, F|\n|poke|p2|Hippowdon, F|\n|rule|HP Percentage Mod: HP is shown in percentages\n|rule|Endless Battle Clause: Forcing endless battles is banned\n|rule|OHKO Clause: OHKO moves are banned\n|rule|Evasion Moves Clause: Evasion moves are banned\n|rule|Species Clause: Limit one of each Pok\u00e9mon\n|rule|Dynamax Clause: You cannot dynamax\n|rule|Sleep Clause Mod: Limit one foe put to sleep\n|teampreview\n|inactive|Battle timer is ON: inactive players will automatically lose when time's up. (requested by baby yoda jr)\n|\n|start\n|switch|p1a: Breloom|Breloom, M, shiny|100\/100\n|switch|p2a: Araquanid|Araquanid, F, shiny|100\/100\n|turn|1\n|\n|switch|p2a: Tsareena|Tsareena, F, shiny|100\/100\n|move|p1a: Breloom|Spore|p2a: Tsareena\n|-immune|p2a: Tsareena\n|\n|upkeep\n|turn|2\n|\n|move|p1a: Breloom|Rock Tomb|p2a: Tsareena\n|-damage|p2a: Tsareena|79\/100\n|-unboost|p2a: Tsareena|spe|1\n|move|p2a: Tsareena|Toxic|p1a: Breloom\n|-status|p1a: Breloom|tox\n|\n|-damage|p1a: Breloom|94\/100 tox|[from] psn\n|upkeep\n|turn|3\n|\n|move|p1a: Breloom|Mach Punch||[still]\n|cant|p2a: Tsareena|ability: Queenly Majesty|Mach Punch|[of] p1a: Breloom\n|move|p2a: Tsareena|Trop Kick|p1a: Breloom\n|-resisted|p1a: Breloom\n|-crit|p1a: Breloom\n|-damage|p1a: Breloom|62\/100 tox\n|-unboost|p1a: Breloom|atk|1\n|\n|-damage|p1a: Breloom|50\/100 tox|[from] psn\n|upkeep\n|turn|4\n|\n|move|p1a: Breloom|Rock Tomb|p2a: Tsareena\n|-damage|p2a: Tsareena|62\/100\n|-unboost|p2a: Tsareena|spe|1\n|move|p2a: Tsareena|Trop Kick|p1a: Breloom\n|-resisted|p1a: Breloom\n|-damage|p1a: Breloom|29\/100 tox\n|-unboost|p1a: Breloom|atk|1\n|\n|-damage|p1a: Breloom|11\/100 tox|[from] psn\n|upkeep\n|turn|5\n|\n|switch|p2a: Hippowdon|Hippowdon, F|100\/100\n|-weather|Sandstorm|[from] ability: Sand Stream|[of] p2a: Hippowdon\n|move|p1a: Breloom|Rock Tomb|p2a: Hippowdon\n|-resisted|p2a: Hippowdon\n|-damage|p2a: Hippowdon|98\/100\n|-unboost|p2a: Hippowdon|spe|1\n|\n|-weather|Sandstorm|[upkeep]\n|-damage|p1a: Breloom|5\/100 tox|[from] Sandstorm\n|-damage|p1a: Breloom|0 fnt|[from] psn\n|faint|p1a: Breloom\n|upkeep\n|\n|switch|p1a: Serperior|Serperior, F|100\/100\n|turn|6\n|\n|switch|p2a: Tsareena|Tsareena, F, shiny|62\/100\n|move|p1a: Serperior|Substitute|p1a: Serperior\n|-start|p1a: Serperior|Substitute\n|-damage|p1a: Serperior|76\/100\n|\n|-weather|Sandstorm|[upkeep]\n|-damage|p1a: Serperior|69\/100|[from] Sandstorm\n|-damage|p2a: Tsareena|56\/100|[from] Sandstorm\n|-heal|p1a: Serperior|76\/100|[from] item: Leftovers\n|upkeep\n|turn|7\n|\n|switch|p2a: Hippowdon|Hippowdon, F|98\/100\n|move|p1a: Serperior|Glare|p2a: Hippowdon\n|-status|p2a: Hippowdon|par\n|\n|-weather|Sandstorm|[upkeep]\n|-damage|p1a: Serperior|69\/100|[from] Sandstorm\n|-heal|p1a: Serperior|76\/100|[from] item: Leftovers\n|upkeep\n|turn|8\n|\n|move|p1a: Serperior|Leaf Storm|p2a: Hippowdon\n|-supereffective|p2a: Hippowdon\n|-damage|p2a: Hippowdon|26\/100 par\n|-boost|p1a: Serperior|spa|2\n|move|p2a: Hippowdon|Whirlwind|p1a: Serperior\n|drag|p1a: Volcarona|Volcarona, M|100\/100\n|\n|-weather|Sandstorm|[upkeep]\n|-damage|p1a: Volcarona|94\/100|[from] Sandstorm\n|upkeep\n|turn|9\n|\n|move|p1a: Volcarona|Giga Drain|p2a: Hippowdon\n|-supereffective|p2a: Hippowdon\n|-damage|p2a: Hippowdon|0 fnt\n|-heal|p1a: Volcarona|100\/100|[from] drain|[of] p2a: Hippowdon\n|faint|p2a: Hippowdon\n|\n|-weather|none\n|upkeep\n|\n|switch|p2a: Araquanid|Araquanid, F, shiny|100\/100\n|turn|10\n|\n|switch|p1a: Serperior|Serperior, F|76\/100\n|move|p2a: Araquanid|Liquidation|p1a: Serperior\n|-resisted|p1a: Serperior\n|-damage|p1a: Serperior|43\/100\n|\n|-heal|p1a: Serperior|49\/100|[from] item: Leftovers\n|upkeep\n|turn|11\n|\n|move|p1a: Serperior|Glare|p2a: Araquanid\n|-status|p2a: Araquanid|par\n|cant|p2a: Araquanid|par\n|\n|-heal|p1a: Serperior|55\/100|[from] item: Leftovers\n|upkeep\n|turn|12\n|\n|move|p1a: Serperior|Leaf Storm|p2a: Araquanid\n|-damage|p2a: Araquanid|74\/100 par\n|-boost|p1a: Serperior|spa|2\n|move|p2a: Araquanid|Leech Life|p1a: Serperior\n|-supereffective|p1a: Serperior\n|-damage|p1a: Serperior|0 fnt\n|-heal|p2a: Araquanid|100\/100 par|[from] drain|[of] p1a: Serperior\n|faint|p1a: Serperior\n|\n|upkeep\n|\n|switch|p1a: Tornadus|Tornadus-Therian, M|100\/100\n|turn|13\n|\n|move|p1a: Tornadus|Hurricane|p2a: Araquanid|[miss]\n|-miss|p1a: Tornadus|p2a: Araquanid\n|move|p2a: Araquanid|Liquidation|p1a: Tornadus\n|-damage|p1a: Tornadus|32\/100\n|\n|upkeep\n|turn|14\n|\n|move|p1a: Tornadus|Hurricane|p2a: Araquanid\n|-supereffective|p2a: Araquanid\n|-crit|p2a: Araquanid\n|-damage|p2a: Araquanid|0 fnt\n|faint|p2a: Araquanid\n|\n|upkeep\n|\n|switch|p2a: Ditto|Ditto, shiny|100\/100\n|-transform|p2a: Ditto|p1a: Tornadus|[from] ability: Imposter\n|turn|15\n|\n|move|p2a: Ditto|Hurricane|p1a: Tornadus\n|-damage|p1a: Tornadus|0 fnt\n|faint|p1a: Tornadus\n|\n|upkeep\n|\n|switch|p1a: Dragonite|Dragonite, F|100\/100\n|turn|16\n|\n|switch|p2a: Tsareena|Tsareena, F, shiny|56\/100\n|move|p1a: Dragonite|Dragon Dance|p1a: Dragonite\n|-boost|p1a: Dragonite|atk|1\n|-boost|p1a: Dragonite|spe|1\n|\n|upkeep\n|turn|17\n|\n|move|p1a: Dragonite|Fire Punch|p2a: Tsareena\n|-supereffective|p2a: Tsareena\n|-damage|p2a: Tsareena|0 fnt\n|-damage|p1a: Dragonite|84\/100|[from] item: Rocky Helmet|[of] p2a: Tsareena\n|faint|p2a: Tsareena\n|\n|upkeep\n|\n|switch|p2a: Ditto|Ditto, shiny|100\/100\n|-transform|p2a: Ditto|p1a: Dragonite|[from] ability: Imposter\n|turn|18\n|\n|move|p2a: Ditto|Extreme Speed|p1a: Dragonite\n|-damage|p1a: Dragonite|35\/100\n|move|p1a: Dragonite|Extreme Speed|p2a: Ditto\n|-damage|p2a: Ditto|49\/100\n|\n|upkeep\n|turn|19\n|\n|move|p2a: Ditto|Extreme Speed|p1a: Dragonite\n|-damage|p1a: Dragonite|0 fnt\n|faint|p1a: Dragonite\n|\n|upkeep\n|\n|switch|p1a: Gyarados|Gyarados, M, shiny|100\/100\n|-ability|p1a: Gyarados|Intimidate|boost\n|-immune|p2a: Ditto|[from] ability: Inner Focus\n|turn|20\n|\n|detailschange|p1a: Gyarados|Gyarados-Mega, M, shiny\n|-mega|p1a: Gyarados|Gyarados|Gyaradosite\n|-ability|p1a: Gyarados|Mold Breaker\n|move|p2a: Ditto|Extreme Speed|p1a: Gyarados\n|-damage|p1a: Gyarados|59\/100\n|move|p1a: Gyarados|Crunch|p2a: Ditto\n|-damage|p2a: Ditto|0 fnt\n|faint|p2a: Ditto\n|\n|upkeep\n|\n|switch|p2a: Komala|Komala, M, shiny|100\/100\n|-ability|p2a: Komala|Comatose\n|turn|21\n|\n|move|p1a: Gyarados|Crunch|p2a: Komala\n|-damage|p2a: Komala|5\/100\n|-zpower|p2a: Komala\n|move|p2a: Komala|Z-Sleep Talk|p2a: Komala|[anim]Sleep Talk\n|-start|p2a: Komala|move: Focus Energy|[zeffect]\n|move|p2a: Komala|Breakneck Blitz|p1a: Gyarados|[from]Sleep Talk\n|-crit|p1a: Gyarados\n|-damage|p1a: Gyarados|0 fnt\n|faint|p1a: Gyarados\n|\n|upkeep\n|\n|switch|p1a: Volcarona|Volcarona, M|100\/100\n|turn|22\n|\n|move|p1a: Volcarona|Fiery Dance|p2a: Komala\n|-damage|p2a: Komala|0 fnt\n|-boost|p1a: Volcarona|spa|1\n|faint|p2a: Komala\n|\n|upkeep\n|\n|switch|p2a: Bisharp|Bisharp, M|100\/100\n|turn|23\n|\n|move|p1a: Volcarona|Fiery Dance|p2a: Bisharp\n|-supereffective|p2a: Bisharp\n|-enditem|p2a: Bisharp|Focus Sash\n|-damage|p2a: Bisharp|1\/100\n|move|p2a: Bisharp|Swords Dance|p2a: Bisharp\n|-boost|p2a: Bisharp|atk|2\n|\n|upkeep\n|turn|24\n|\n|move|p2a: Bisharp|Sucker Punch|p1a: Volcarona\n|-damage|p1a: Volcarona|0 fnt\n|faint|p1a: Volcarona\n|\n|win|baby yoda jr\n|l|\u2606cold.exe\n|c|\u2606baby yoda jr|Gg\n","uploadtime":1587760204,"views":1,"p1id":"coldexe","p2id":"babyyodajr","formatid":"gen8nationaldex","rating":0,"private":0,"password":null}