{"id":"gen8nationaldexag-1119230826","p1":"85792195wwww","p2":"willcoxw","format":"gen8nationaldexag","log":"|j|\u260685792195wwww\n|j|\u2606willcoxw\n|player|p1|85792195wwww|lady|1828\n|player|p2|willcoxw|karen|1771\n|teamsize|p1|6\n|teamsize|p2|6\n|gametype|singles\n|gen|8\n|tier|[Gen 8] National Dex AG\n|rated|\n|clearpoke\n|poke|p1|Rayquaza|\n|poke|p1|Zacian-Crowned|\n|poke|p1|Ditto|\n|poke|p1|Kyogre|\n|poke|p1|Zekrom|\n|poke|p1|Arceus-*|\n|poke|p2|Zygarde|\n|poke|p2|Zygarde|\n|poke|p2|Necrozma-Dusk-Mane|\n|poke|p2|Groudon|\n|poke|p2|Eternatus|\n|poke|p2|Yveltal|\n|rule|HP Percentage Mod: HP is shown in percentages\n|rule|Endless Battle Clause: Forcing endless battles is banned\n|teampreview\n|\n|start\n|switch|p1a: Arceus|Arceus-Ground|100\/100\n|switch|p2a: Eternatus|Eternatus|100\/100\n|-ability|p2a: Eternatus|Pressure\n|turn|1\n|\n|move|p2a: Eternatus|Substitute|p2a: Eternatus\n|-start|p2a: Eternatus|Substitute\n|-damage|p2a: Eternatus|76\/100\n|move|p1a: Arceus|Ice Beam|p2a: Eternatus\n|-supereffective|p2a: Eternatus\n|-end|p2a: Eternatus|Substitute\n|\n|-heal|p2a: Eternatus|82\/100|[from] item: Black Sludge\n|upkeep\n|turn|2\n|\n|move|p2a: Eternatus|Toxic Spikes|p1a: Arceus\n|-sidestart|p1: 85792195wwww|move: Toxic Spikes\n|move|p1a: Arceus|Calm Mind|p1a: Arceus\n|-boost|p1a: Arceus|spa|1\n|-boost|p1a: Arceus|spd|1\n|\n|-heal|p2a: Eternatus|88\/100|[from] item: Black Sludge\n|upkeep\n|turn|3\n|\n|move|p2a: Eternatus|Dynamax Cannon|p1a: Arceus\n|-damage|p1a: Arceus|71\/100\n|move|p1a: Arceus|Ice Beam|p2a: Eternatus\n|-supereffective|p2a: Eternatus\n|-damage|p2a: Eternatus|10\/100\n|\n|-heal|p2a: Eternatus|16\/100|[from] item: Black Sludge\n|upkeep\n|turn|4\n|\n|move|p2a: Eternatus|Dynamax Cannon|p1a: Arceus\n|-damage|p1a: Arceus|40\/100\n|move|p1a: Arceus|Judgment|p2a: Eternatus\n|-supereffective|p2a: Eternatus\n|-damage|p2a: Eternatus|0 fnt\n|faint|p2a: Eternatus\n|\n|upkeep\n|\n|switch|p2a: Yveltal|Yveltal|100\/100\n|-ability|p2a: Yveltal|Dark Aura\n|turn|5\n|j| Boi 240\n|\n|switch|p1a: Zacian|Zacian-Crowned|100\/100\n|-ability|p1a: Zacian|Intrepid Sword|boost\n|-boost|p1a: Zacian|atk|1\n|-start|p2a: Yveltal|Dynamax\n|-heal|p2a: Yveltal|100\/100|[silent]\n|move|p2a: Yveltal|Max Darkness|p1a: Zacian\n|-resisted|p1a: Zacian\n|-damage|p1a: Zacian|45\/100\n|-unboost|p1a: Zacian|spd|1\n|-damage|p2a: Yveltal|96\/100|[from] item: Life Orb\n|\n|upkeep\n|turn|6\n|\n|-end|p2a: Yveltal|Dynamax\n|-heal|p2a: Yveltal|96\/100|[silent]\n|switch|p2a: Groudon|Groudon|100\/100\n|detailschange|p2a: Groudon|Groudon-Primal\n|-primal|p2a: Groudon\n|-weather|DesolateLand|[from] ability: Desolate Land|[of] p2a: Groudon\n|move|p1a: Zacian|Behemoth Blade|p2a: Groudon\n|-resisted|p2a: Groudon\n|-damage|p2a: Groudon|76\/100\n|\n|-weather|DesolateLand|[upkeep]\n|upkeep\n|turn|7\n|\n|switch|p1a: Arceus|Arceus-Ground|40\/100\n|-status|p1a: Arceus|psn\n|move|p2a: Groudon|Stealth Rock|p1a: Arceus\n|-sidestart|p1: 85792195wwww|move: Stealth Rock\n|\n|-weather|DesolateLand|[upkeep]\n|-damage|p1a: Arceus|27\/100 psn|[from] psn\n|upkeep\n|turn|8\n|\n|-weather|none\n|switch|p2a: Yveltal|Yveltal|96\/100\n|-ability|p2a: Yveltal|Dark Aura\n|move|p1a: Arceus|Judgment|p2a: Yveltal\n|-immune|p2a: Yveltal\n|\n|-damage|p1a: Arceus|15\/100 psn|[from] psn\n|upkeep\n|turn|9\n|\n|move|p1a: Arceus|Ice Beam|p2a: Yveltal\n|-supereffective|p2a: Yveltal\n|-damage|p2a: Yveltal|42\/100\n|move|p2a: Yveltal|Dark Pulse|p1a: Arceus\n|-damage|p1a: Arceus|0 fnt\n|-damage|p2a: Yveltal|32\/100|[from] item: Life Orb\n|faint|p1a: Arceus\n|\n|upkeep\n|\n|switch|p1a: Rayquaza|Rayquaza|100\/100\n|-damage|p1a: Rayquaza|76\/100|[from] Stealth Rock\n|-ability|p1a: Rayquaza|Air Lock\n|turn|10\n|\n|detailschange|p1a: Rayquaza|Rayquaza-Mega\n|-mega|p1a: Rayquaza|Rayquaza|\n|-weather|DeltaStream|[from] ability: Delta Stream|[of] p1a: Rayquaza\n|move|p1a: Rayquaza|Extreme Speed|p2a: Yveltal\n|-damage|p2a: Yveltal|0 fnt\n|-damage|p1a: Rayquaza|66\/100|[from] item: Life Orb\n|faint|p2a: Yveltal\n|\n|-weather|DeltaStream|[upkeep]\n|upkeep\n|\n|switch|p2a: Zygarde|Zygarde|100\/100\n|turn|11\n|\n|move|p1a: Rayquaza|Dragon Ascent|p2a: Zygarde\n|-damage|p2a: Zygarde|43\/100\n|-unboost|p1a: Rayquaza|def|1\n|-unboost|p1a: Rayquaza|spd|1\n|-damage|p1a: Rayquaza|56\/100|[from] item: Life Orb\n|move|p2a: Zygarde|Glare|p1a: Rayquaza\n|-status|p1a: Rayquaza|par\n|\n|-weather|DeltaStream|[upkeep]\n|-heal|p2a: Zygarde|50\/100|[from] item: Leftovers\n|-activate|p2a: Zygarde|ability: Power Construct\n|detailschange|p2a: Zygarde|Zygarde-Complete\n|-heal|p2a: Zygarde|67\/100|[silent]\n|upkeep\n|turn|12\n|\n|move|p2a: Zygarde|Substitute|p2a: Zygarde\n|-start|p2a: Zygarde|Substitute\n|-damage|p2a: Zygarde|42\/100\n|move|p1a: Rayquaza|Dragon Ascent|p2a: Zygarde\n|-end|p2a: Zygarde|Substitute\n|-unboost|p1a: Rayquaza|def|1\n|-unboost|p1a: Rayquaza|spd|1\n|-damage|p1a: Rayquaza|46\/100 par|[from] item: Life Orb\n|\n|-weather|DeltaStream|[upkeep]\n|-heal|p2a: Zygarde|48\/100|[from] item: Leftovers\n|upkeep\n|turn|13\n|\n|move|p2a: Zygarde|Thousand Arrows|p1a: Rayquaza\n|-crit|p1a: Rayquaza\n|-damage|p1a: Rayquaza|0 fnt\n|faint|p1a: Rayquaza\n|-weather|none\n|\n|-heal|p2a: Zygarde|54\/100|[from] item: Leftovers\n|upkeep\n|\n|switch|p1a: Kyogre|Kyogre|100\/100\n|-status|p1a: Kyogre|psn\n|-damage|p1a: Kyogre|88\/100 psn|[from] Stealth Rock\n|detailschange|p1a: Kyogre|Kyogre-Primal\n|-primal|p1a: Kyogre\n|-weather|PrimordialSea|[from] ability: Primordial Sea|[of] p1a: Kyogre\n|turn|14\n|\n|switch|p2a: Groudon|Groudon-Primal|76\/100\n|-weather|DesolateLand|[from] ability: Desolate Land|[of] p2a: Groudon\n|move|p1a: Kyogre|Ice Beam|p2a: Groudon\n|-damage|p2a: Groudon|34\/100\n|\n|-weather|DesolateLand|[upkeep]\n|-damage|p1a: Kyogre|76\/100 psn|[from] psn\n|upkeep\n|turn|15\n|\n|move|p1a: Kyogre|Ice Beam|p2a: Groudon\n|-damage|p2a: Groudon|0 fnt\n|faint|p2a: Groudon\n|-weather|none\n|\n|-damage|p1a: Kyogre|63\/100 psn|[from] psn\n|upkeep\n|\n|switch|p2a: Zygarde|Zygarde|100\/100\n|turn|16\n|\n|move|p2a: Zygarde|Substitute|p2a: Zygarde\n|-start|p2a: Zygarde|Substitute\n|-damage|p2a: Zygarde|76\/100\n|move|p1a: Kyogre|Ice Beam|p2a: Zygarde\n|-supereffective|p2a: Zygarde\n|-end|p2a: Zygarde|Substitute\n|\n|-heal|p2a: Zygarde|82\/100|[from] item: Leftovers\n|-damage|p1a: Kyogre|51\/100 psn|[from] psn\n|upkeep\n|turn|17\n|\n|move|p2a: Zygarde|Substitute|p2a: Zygarde\n|-start|p2a: Zygarde|Substitute\n|-damage|p2a: Zygarde|57\/100\n|move|p1a: Kyogre|Ice Beam|p2a: Zygarde\n|-supereffective|p2a: Zygarde\n|-end|p2a: Zygarde|Substitute\n|\n|-heal|p2a: Zygarde|63\/100|[from] item: Leftovers\n|-damage|p1a: Kyogre|38\/100 psn|[from] psn\n|upkeep\n|turn|18\n|\n|move|p2a: Zygarde|Substitute|p2a: Zygarde\n|-start|p2a: Zygarde|Substitute\n|-damage|p2a: Zygarde|38\/100\n|move|p1a: Kyogre|Ice Beam|p2a: Zygarde\n|-supereffective|p2a: Zygarde\n|-end|p2a: Zygarde|Substitute\n|\n|-heal|p2a: Zygarde|44\/100|[from] item: Leftovers\n|-damage|p1a: Kyogre|26\/100 psn|[from] psn\n|-activate|p2a: Zygarde|ability: Power Construct\n|detailschange|p2a: Zygarde|Zygarde-Complete\n|-heal|p2a: Zygarde|65\/100|[silent]\n|upkeep\n|turn|19\n|\n|move|p2a: Zygarde|Thousand Arrows|p1a: Kyogre\n|-damage|p1a: Kyogre|0 fnt\n|faint|p1a: Kyogre\n|\n|-heal|p2a: Zygarde|72\/100|[from] item: Leftovers\n|upkeep\n|\n|switch|p1a: Zacian|Zacian-Crowned|45\/100\n|-damage|p1a: Zacian|39\/100|[from] Stealth Rock\n|-ability|p1a: Zacian|Intrepid Sword|boost\n|-boost|p1a: Zacian|atk|1\n|turn|20\n|\n|move|p1a: Zacian|Behemoth Blade|p2a: Zygarde\n|-damage|p2a: Zygarde|14\/100\n|move|p2a: Zygarde|Dragon Dance|p2a: Zygarde\n|-boost|p2a: Zygarde|atk|1\n|-boost|p2a: Zygarde|spe|1\n|\n|-heal|p2a: Zygarde|20\/100|[from] item: Leftovers\n|upkeep\n|turn|21\n|\n|move|p2a: Zygarde|Thousand Arrows|p1a: Zacian\n|-supereffective|p1a: Zacian\n|-damage|p1a: Zacian|0 fnt\n|faint|p1a: Zacian\n|\n|-heal|p2a: Zygarde|26\/100|[from] item: Leftovers\n|upkeep\n|\n|switch|p1a: Ditto|Ditto|100\/100\n|-damage|p1a: Ditto|88\/100|[from] Stealth Rock\n|-status|p1a: Ditto|psn\n|-transform|p1a: Ditto|p2a: Zygarde|[from] ability: Imposter\n|turn|22\n|\n|move|p2a: Zygarde|Thousand Arrows|p1a: Ditto\n|-damage|p1a: Ditto|35\/100 psn\n|move|p1a: Ditto|Dragon Tail|p2a: Zygarde\n|-supereffective|p2a: Zygarde\n|-damage|p2a: Zygarde|0 fnt\n|faint|p2a: Zygarde\n|\n|-damage|p1a: Ditto|22\/100 psn|[from] psn\n|upkeep\n|\n|switch|p2a: Zygarde|Zygarde-Complete|54\/100\n|turn|23\n|\n|move|p2a: Zygarde|Haze|p2a: Zygarde\n|-clearallboost\n|move|p1a: Ditto|Dragon Tail|p2a: Zygarde\n|-supereffective|p2a: Zygarde\n|-damage|p2a: Zygarde|35\/100\n|drag|p2a: Necrozma|Necrozma-Dusk-Mane|100\/100\n|\n|-damage|p1a: Ditto|10\/100 psn|[from] psn\n|upkeep\n|turn|24\n|\n|detailschange|p2a: Necrozma|Necrozma-Ultra\n|-burst|p2a: Necrozma|Necrozma|Ultranecrozium Z\n|move|p2a: Necrozma|Photon Geyser|p1a: Ditto\n|-damage|p1a: Ditto|0 fnt\n|faint|p1a: Ditto\n|\n|upkeep\n|\n|switch|p1a: Zekrom|Zekrom|100\/100\n|-damage|p1a: Zekrom|88\/100|[from] Stealth Rock\n|-status|p1a: Zekrom|psn\n|-ability|p1a: Zekrom|Teravolt\n|turn|25\n|j| Jurand\n|\n|-start|p1a: Zekrom|Dynamax\n|-heal|p1a: Zekrom|88\/100 psn|[silent]\n|-zpower|p2a: Necrozma\n|move|p2a: Necrozma|Light That Burns the Sky|p1a: Zekrom|[zeffect]\n|-damage|p1a: Zekrom|35\/100 psn\n|move|p1a: Zekrom|Max Wyrmwind|p2a: Necrozma\n|-supereffective|p2a: Necrozma\n|-damage|p2a: Necrozma|0 fnt\n|faint|p2a: Necrozma\n|\n|-damage|p1a: Zekrom|29\/100 psn|[from] psn\n|upkeep\n|l| Jurand\n|\n|switch|p2a: Zygarde|Zygarde-Complete|35\/100\n|turn|26\n|\n|move|p1a: Zekrom|Max Wyrmwind|p2a: Zygarde\n|-supereffective|p2a: Zygarde\n|-damage|p2a: Zygarde|0 fnt\n|faint|p2a: Zygarde\n|\n|win|85792195wwww\n|l|\u2606willcoxw\n|raw|85792195wwww's rating: 1828 &rarr; <strong>1843<\/strong><br \/>(+15 for winning)\n|raw|willcoxw's rating: 1741 &rarr; <strong>1726<\/strong><br \/>(-15 for losing)\n","uploadtime":1590146064,"views":21,"p1id":"85792195wwww","p2id":"willcoxw","formatid":"gen8nationaldexag","rating":1726,"private":0,"password":null}