{"id":"gen8ou-1506250430","p1":"Dimensionf","p2":"Igotthegat","format":"gen8ou","log":"|j|\u2606Dimensionf\n|j|\u2606Igotthegat\n|t:|1644263981\n|gametype|singles\n|player|p1|Dimensionf|whitney|1200\n|player|p2|Igotthegat|hilda|1236\n|teamsize|p1|6\n|teamsize|p2|6\n|gen|8\n|tier|[Gen 8] OU\n|rated|\n|rule|Sleep Clause Mod: Limit one foe put to sleep\n|rule|Species Clause: Limit one of each Pok\u00e9mon\n|rule|OHKO Clause: OHKO moves are banned\n|rule|Evasion Moves Clause: Evasion moves are banned\n|rule|Endless Battle Clause: Forcing endless battles is banned\n|rule|HP Percentage Mod: HP is shown in percentages\n|rule|Dynamax Clause: You cannot dynamax\n|clearpoke\n|poke|p1|Magikarp, M|\n|poke|p1|Pelipper, M|\n|poke|p1|Barraskewda, F|\n|poke|p1|Corviknight, M|\n|poke|p1|Uxie|\n|poke|p1|Moltres-Galar|\n|poke|p2|Landorus-Therian, M|\n|poke|p2|Slowking, F|\n|poke|p2|Volcarona, M|\n|poke|p2|Bisharp, F|\n|poke|p2|Kartana|\n|poke|p2|Rotom-Wash|\n|teampreview\n|inactive|Battle timer is ON: inactive players will automatically lose when time's up. (requested by Dimensionf)\n|inactive|Igotthegat also wants the timer to be on.\n|\n|t:|1644263991\n|start\n|switch|p1a: Pelipper|Pelipper, M|100\/100\n|switch|p2a: Rotom|Rotom-Wash|100\/100\n|-weather|RainDance|[from] ability: Drizzle|[of] p1a: Pelipper\n|turn|1\n|\n|t:|1644264006\n|switch|p1a: Get magicarp in OU|Magikarp, M|100\/100\n|move|p2a: Rotom|Volt Switch|p1a: Get magicarp in OU\n|-supereffective|p1a: Get magicarp in OU\n|-damage|p1a: Get magicarp in OU|0 fnt\n|faint|p1a: Get magicarp in OU\n|\n|t:|1644264016\n|switch|p2a: Bisharp|Bisharp, F|100\/100|[from]move: Volt Switch\n|\n|-weather|RainDance|[upkeep]\n|upkeep\n|\n|t:|1644264016\n|switch|p1a: Barraskewda|Barraskewda, F|100\/100\n|turn|2\n|\n|t:|1644264027\n|move|p2a: Bisharp|Sucker Punch|p1a: Barraskewda\n|-crit|p1a: Barraskewda\n|-damage|p1a: Barraskewda|0 fnt\n|faint|p1a: Barraskewda\n|\n|-weather|RainDance|[upkeep]\n|upkeep\n|c|\u2606Dimensionf|Wow\n|\n|t:|1644264048\n|switch|p1a: Corviknight|Corviknight, M|100\/100\n|turn|3\n|\n|t:|1644264056\n|switch|p2a: Slowking|Slowking, F|100\/100\n|move|p1a: Corviknight|Agility|p1a: Corviknight\n|-boost|p1a: Corviknight|spe|2\n|\n|-weather|RainDance|[upkeep]\n|upkeep\n|turn|4\n|\n|t:|1644264071\n|move|p1a: Corviknight|Agility|p1a: Corviknight\n|-boost|p1a: Corviknight|spe|2\n|move|p2a: Slowking|Scald|p1a: Corviknight\n|-damage|p1a: Corviknight|58\/100\n|-status|p1a: Corviknight|brn\n|\n|-weather|RainDance|[upkeep]\n|-heal|p1a: Corviknight|64\/100 brn|[from] item: Leftovers\n|-damage|p1a: Corviknight|58\/100 brn|[from] brn\n|upkeep\n|turn|5\n|\n|t:|1644264084\n|move|p1a: Corviknight|Bulk Up|p1a: Corviknight\n|-boost|p1a: Corviknight|atk|1\n|-boost|p1a: Corviknight|def|1\n|move|p2a: Slowking|Future Sight|p1a: Corviknight\n|-start|p2a: Slowking|move: Future Sight\n|\n|-weather|RainDance|[upkeep]\n|-heal|p1a: Corviknight|64\/100 brn|[from] item: Leftovers\n|-damage|p1a: Corviknight|58\/100 brn|[from] brn\n|upkeep\n|turn|6\n|\n|t:|1644264094\n|move|p1a: Corviknight|Roost|p1a: Corviknight\n|-heal|p1a: Corviknight|100\/100 brn\n|-singleturn|p1a: Corviknight|move: Roost\n|move|p2a: Slowking|Scald|p1a: Corviknight\n|-damage|p1a: Corviknight|60\/100 brn\n|\n|-weather|RainDance|[upkeep]\n|-heal|p1a: Corviknight|67\/100 brn|[from] item: Leftovers\n|-damage|p1a: Corviknight|60\/100 brn|[from] brn\n|upkeep\n|turn|7\n|\n|t:|1644264106\n|move|p1a: Corviknight|Roost|p1a: Corviknight\n|-heal|p1a: Corviknight|100\/100 brn\n|-singleturn|p1a: Corviknight|move: Roost\n|move|p2a: Slowking|Scald|p1a: Corviknight\n|-damage|p1a: Corviknight|62\/100 brn\n|\n|-weather|RainDance|[upkeep]\n|-end|p1a: Corviknight|move: Future Sight\n|-resisted|p1a: Corviknight\n|-damage|p1a: Corviknight|41\/100 brn\n|-heal|p1a: Corviknight|47\/100 brn|[from] item: Leftovers\n|-damage|p1a: Corviknight|41\/100 brn|[from] brn\n|upkeep\n|turn|8\n|\n|t:|1644264120\n|move|p1a: Corviknight|Roost|p1a: Corviknight\n|-heal|p1a: Corviknight|91\/100 brn\n|-singleturn|p1a: Corviknight|move: Roost\n|move|p2a: Slowking|Scald|p1a: Corviknight\n|-damage|p1a: Corviknight|52\/100 brn\n|\n|-weather|none\n|-heal|p1a: Corviknight|59\/100 brn|[from] item: Leftovers\n|-damage|p1a: Corviknight|52\/100 brn|[from] brn\n|upkeep\n|turn|9\n|\n|t:|1644264132\n|move|p1a: Corviknight|Roost|p1a: Corviknight\n|-heal|p1a: Corviknight|100\/100 brn\n|-singleturn|p1a: Corviknight|move: Roost\n|move|p2a: Slowking|Teleport|p2a: Slowking\n|\n|t:|1644264137\n|switch|p2a: Landorus|Landorus-Therian, M|100\/100|[from]move: Teleport\n|-ability|p2a: Landorus|Intimidate|boost\n|-ability|p1a: Corviknight|Mirror Armor\n|-unboost|p2a: Landorus|atk|1\n|\n|-damage|p1a: Corviknight|94\/100 brn|[from] brn\n|upkeep\n|turn|10\n|\n|t:|1644264147\n|move|p1a: Corviknight|Bulk Up|p1a: Corviknight\n|-boost|p1a: Corviknight|atk|1\n|-boost|p1a: Corviknight|def|1\n|move|p2a: Landorus|U-turn|p1a: Corviknight\n|-resisted|p1a: Corviknight\n|-damage|p1a: Corviknight|93\/100 brn\n|\n|t:|1644264154\n|switch|p2a: Volcarona|Volcarona, M|100\/100|[from]move: U-turn\n|\n|-heal|p1a: Corviknight|99\/100 brn|[from] item: Leftovers\n|-damage|p1a: Corviknight|93\/100 brn|[from] brn\n|upkeep\n|turn|11\n|\n|t:|1644264182\n|move|p1a: Corviknight|Power Trip|p2a: Volcarona\n|-damage|p2a: Volcarona|45\/100\n|move|p2a: Volcarona|Fiery Dance|p1a: Corviknight\n|-supereffective|p1a: Corviknight\n|-crit|p1a: Corviknight\n|-damage|p1a: Corviknight|0 fnt\n|-boost|p2a: Volcarona|spa|1\n|faint|p1a: Corviknight\n|\n|upkeep\n|inactive|Dimensionf has 120 seconds left.\n|\n|t:|1644264194\n|switch|p1a: Pelipper|Pelipper, M|100\/100\n|-weather|RainDance|[from] ability: Drizzle|[of] p1a: Pelipper\n|turn|12\n|\n|t:|1644264202\n|switch|p2a: Slowking|Slowking, F|100\/100\n|move|p1a: Pelipper|U-turn|p2a: Slowking\n|-supereffective|p2a: Slowking\n|-damage|p2a: Slowking|88\/100\n|\n|t:|1644264208\n|switch|p1a: Uxie|Uxie|100\/100|[from]move: U-turn\n|\n|-weather|RainDance|[upkeep]\n|-heal|p2a: Slowking|94\/100|[from] item: Leftovers\n|upkeep\n|turn|13\n|\n|t:|1644264217\n|move|p1a: Uxie|Light Screen|p1a: Uxie\n|-sidestart|p1: Dimensionf|move: Light Screen\n|move|p2a: Slowking|Future Sight|p1a: Uxie\n|-start|p2a: Slowking|move: Future Sight\n|\n|-weather|RainDance|[upkeep]\n|-heal|p2a: Slowking|99\/100|[from] item: Leftovers\n|upkeep\n|turn|14\n|\n|t:|1644264225\n|move|p1a: Uxie|Reflect|p1a: Uxie\n|-sidestart|p1: Dimensionf|Reflect\n|move|p2a: Slowking|Teleport|p2a: Slowking\n|\n|t:|1644264230\n|switch|p2a: Rotom|Rotom-Wash|100\/100|[from]move: Teleport\n|\n|-weather|RainDance|[upkeep]\n|upkeep\n|turn|15\n|\n|t:|1644264249\n|move|p2a: Rotom|Defog|p1a: Uxie\n|-unboost|p1a: Uxie|evasion|1\n|-sideend|p1: Dimensionf|Reflect\n|-sideend|p1: Dimensionf|move: Light Screen\n|move|p1a: Uxie|Stealth Rock|p2a: Rotom\n|-sidestart|p2: Igotthegat|move: Stealth Rock\n|\n|-weather|RainDance|[upkeep]\n|-end|p1a: Uxie|move: Future Sight\n|-resisted|p1a: Uxie\n|-damage|p1a: Uxie|86\/100\n|upkeep\n|turn|16\n|\n|t:|1644264264\n|switch|p2a: Volcarona|Volcarona, M|45\/100\n|move|p1a: Uxie|Light Screen|p1a: Uxie\n|-sidestart|p1: Dimensionf|move: Light Screen\n|\n|-weather|RainDance|[upkeep]\n|upkeep\n|turn|17\n|\n|t:|1644264280\n|move|p2a: Volcarona|Quiver Dance|p2a: Volcarona\n|-boost|p2a: Volcarona|spa|1\n|-boost|p2a: Volcarona|spd|1\n|-boost|p2a: Volcarona|spe|1\n|move|p1a: Uxie|Reflect|p1a: Uxie\n|-sidestart|p1: Dimensionf|Reflect\n|\n|-weather|RainDance|[upkeep]\n|upkeep\n|turn|18\n|\n|t:|1644264288\n|move|p2a: Volcarona|Quiver Dance|p2a: Volcarona\n|-boost|p2a: Volcarona|spa|1\n|-boost|p2a: Volcarona|spd|1\n|-boost|p2a: Volcarona|spe|1\n|move|p1a: Uxie|Memento|p2a: Volcarona\n|-unboost|p2a: Volcarona|atk|2\n|-unboost|p2a: Volcarona|spa|2\n|faint|p1a: Uxie\n|\n|-weather|RainDance|[upkeep]\n|upkeep\n|\n|t:|1644264299\n|switch|p1a: Moltres|Moltres-Galar|100\/100\n|turn|19\n|\n|t:|1644264304\n|move|p2a: Volcarona|Bug Buzz|p1a: Moltres\n|-damage|p1a: Moltres|81\/100\n|move|p1a: Moltres|Agility|p1a: Moltres\n|-boost|p1a: Moltres|spe|2\n|\n|-weather|none\n|upkeep\n|turn|20\n|\n|t:|1644264315\n|move|p2a: Volcarona|Bug Buzz|p1a: Moltres\n|-damage|p1a: Moltres|62\/100\n|move|p1a: Moltres|Agility|p1a: Moltres\n|-boost|p1a: Moltres|spe|2\n|\n|upkeep\n|turn|21\n|\n|t:|1644264322\n|move|p1a: Moltres|Air Slash|p2a: Volcarona\n|-supereffective|p2a: Volcarona\n|-damage|p2a: Volcarona|4\/100\n|move|p2a: Volcarona|Bug Buzz|p1a: Moltres\n|-damage|p1a: Moltres|31\/100\n|-ability|p1a: Moltres|Berserk|boost\n|-boost|p1a: Moltres|spa|1\n|\n|upkeep\n|turn|22\n|inactive|Dimensionf has 120 seconds left.\n|\n|t:|1644264374\n|move|p1a: Moltres|Fiery Wrath|p2a: Volcarona\n|-damage|p2a: Volcarona|0 fnt\n|faint|p2a: Volcarona\n|\n|upkeep\n|\n|t:|1644264380\n|switch|p2a: Rotom|Rotom-Wash|100\/100\n|-damage|p2a: Rotom|88\/100|[from] Stealth Rock\n|turn|23\n|\n|t:|1644264389\n|move|p1a: Moltres|Fiery Wrath|p2a: Rotom\n|-damage|p2a: Rotom|21\/100\n|move|p2a: Rotom|Volt Switch|p1a: Moltres\n|-supereffective|p1a: Moltres\n|-damage|p1a: Moltres|11\/100\n|-enditem|p1a: Moltres|Weakness Policy\n|-boost|p1a: Moltres|atk|2|[from] item: Weakness Policy\n|-boost|p1a: Moltres|spa|2|[from] item: Weakness Policy\n|\n|t:|1644264402\n|switch|p2a: Landorus|Landorus-Therian, M|100\/100|[from]move: Volt Switch\n|-damage|p2a: Landorus|88\/100|[from] Stealth Rock\n|-ability|p2a: Landorus|Intimidate|boost\n|-unboost|p1a: Moltres|atk|1\n|\n|-heal|p2a: Landorus|94\/100|[from] item: Leftovers\n|-sideend|p1: Dimensionf|move: Light Screen\n|upkeep\n|turn|24\n|inactive|Dimensionf has 120 seconds left.\n|\n|t:|1644264413\n|move|p1a: Moltres|Fiery Wrath|p2a: Landorus\n|-damage|p2a: Landorus|0 fnt\n|faint|p2a: Landorus\n|\n|-sideend|p1: Dimensionf|Reflect\n|upkeep\n|\n|t:|1644264420\n|switch|p2a: Bisharp|Bisharp, F|100\/100\n|-damage|p2a: Bisharp|95\/100|[from] Stealth Rock\n|turn|25\n|inactive|Dimensionf has 120 seconds left.\n|\n|t:|1644264432\n|move|p2a: Bisharp|Sucker Punch||[still]\n|-fail|p2a: Bisharp\n|move|p1a: Moltres|Nasty Plot|p1a: Moltres\n|-boost|p1a: Moltres|spa|2\n|\n|upkeep\n|turn|26\n|\n|t:|1644264440\n|move|p2a: Bisharp|Sucker Punch||[still]\n|-fail|p2a: Bisharp\n|move|p1a: Moltres|Nasty Plot|p1a: Moltres\n|-boost|p1a: Moltres|spa|1\n|\n|upkeep\n|turn|27\n|\n|t:|1644264450\n|move|p2a: Bisharp|Sucker Punch||[still]\n|-fail|p2a: Bisharp\n|move|p1a: Moltres|Agility|p1a: Moltres\n|-boost|p1a: Moltres|spe|2\n|\n|upkeep\n|turn|28\n|\n|t:|1644264458\n|move|p2a: Bisharp|Sucker Punch||[still]\n|-fail|p2a: Bisharp\n|move|p1a: Moltres|Nasty Plot|p1a: Moltres\n|-boost|p1a: Moltres|spa|0\n|\n|upkeep\n|turn|29\n|\n|t:|1644264466\n|move|p1a: Moltres|Fiery Wrath|p2a: Bisharp\n|-resisted|p2a: Bisharp\n|-damage|p2a: Bisharp|0 fnt\n|faint|p2a: Bisharp\n|\n|upkeep\n|c|\u2606Dimensionf|God\n|\n|t:|1644264474\n|switch|p2a: Slowking|Slowking, F|100\/100\n|-damage|p2a: Slowking|88\/100|[from] Stealth Rock\n|turn|30\n|c|\u2606Dimensionf|Am i\n|c|\u2606Dimensionf|A psychic???\n|inactive|Dimensionf has 120 seconds left.\n|\n|t:|1644264507\n|move|p1a: Moltres|Fiery Wrath|p2a: Slowking\n|-supereffective|p2a: Slowking\n|-damage|p2a: Slowking|0 fnt\n|faint|p2a: Slowking\n|\n|upkeep\n|-message|Igotthegat forfeited.\n|\n|win|Dimensionf\n|raw|Dimensionf's rating: 1200 &rarr; <strong>1228<\/strong><br \/>(+28 for winning)\n|raw|Igotthegat's rating: 1236 &rarr; <strong>1208<\/strong><br \/>(-28 for losing)\n|l|\u2606Igotthegat\n|l|\u2606Dimensionf\n||Ladder isn't responding, score probably updated but might not have (Request timeout).\n|j|\u2606Dimensionf\n|player|p1|Dimensionf|whitney\n","uploadtime":1644264978,"views":12,"p1id":"dimensionf","p2id":"igotthegat","formatid":"gen8ou","rating":1208,"private":0,"password":null}