{"id":"gen8ou-1042713958","p1":"Kenanbeans123","p2":"Igotthegat","format":"gen8ou","log":"|j|\u2606Kenanbeans123\n|j|\u2606Igotthegat\n|player|p1|Kenanbeans123|zinnia|1238\n|player|p2|Igotthegat|170|1245\n|teamsize|p1|6\n|teamsize|p2|6\n|gametype|singles\n|gen|8\n|tier|[Gen 8] OU\n|rated|\n|clearpoke\n|poke|p1|Centiskorch, M|\n|poke|p1|Frosmoth, M|\n|poke|p1|Durant, M|\n|poke|p1|Crustle, F|\n|poke|p1|Shuckle, F|\n|poke|p1|Golisopod, F|\n|poke|p2|Corviknight, M|\n|poke|p2|Xatu, F|\n|poke|p2|Dugtrio, M|\n|poke|p2|Chandelure, F|\n|poke|p2|Mimikyu, F|\n|poke|p2|Seismitoad, M|\n|rule|Sleep Clause Mod: Limit one foe put to sleep\n|rule|Species Clause: Limit one of each Pok\u00e9mon\n|rule|OHKO Clause: OHKO moves are banned\n|rule|Evasion Moves Clause: Evasion moves are banned\n|rule|Endless Battle Clause: Forcing endless battles is banned\n|rule|HP Percentage Mod: HP is shown in percentages\n|rule|Dynamax Clause: You cannot dynamax\n|teampreview\n|\n|start\n|switch|p1a: Shuckle|Shuckle, F|100\/100\n|switch|p2a: Seismitoad|Seismitoad, M|100\/100\n|turn|1\n|\n|switch|p2a: Xatu|Xatu, F|100\/100\n|move|p1a: Shuckle|Encore|p2a: Xatu\n|move|p2a: Xatu|Encore||[from]Magic Bounce|[still]\n|-fail|p2a: Xatu\n|\n|upkeep\n|turn|2\n|\n|switch|p1a: Frosmoth|Frosmoth, M|100\/100\n|move|p2a: Xatu|Psychic|p1a: Frosmoth\n|-damage|p1a: Frosmoth|75\/100\n|\n|upkeep\n|turn|3\n|\n|switch|p2a: Corviknight|Corviknight, M|100\/100\n|-ability|p2a: Corviknight|Pressure\n|move|p1a: Frosmoth|Quiver Dance|p1a: Frosmoth\n|-boost|p1a: Frosmoth|spa|1\n|-boost|p1a: Frosmoth|spd|1\n|-boost|p1a: Frosmoth|spe|1\n|\n|upkeep\n|turn|4\n|\n|move|p1a: Frosmoth|Ice Beam|p2a: Corviknight\n|-damage|p2a: Corviknight|30\/100\n|move|p2a: Corviknight|Body Press|p1a: Frosmoth\n|-damage|p1a: Frosmoth|30\/100\n|\n|upkeep\n|turn|5\n|\n|move|p1a: Frosmoth|Ice Beam|p2a: Corviknight\n|-damage|p2a: Corviknight|0 fnt\n|faint|p2a: Corviknight\n|\n|upkeep\n|\n|switch|p2a: Dugtrio|Dugtrio, M|100\/100\n|turn|6\n|\n|move|p2a: Dugtrio|Sucker Punch|p1a: Frosmoth\n|-damage|p1a: Frosmoth|0 fnt\n|faint|p1a: Frosmoth\n|\n|upkeep\n|\n|switch|p1a: Golisopod|Golisopod, F|100\/100\n|turn|7\n|\n|move|p1a: Golisopod|First Impression|p2a: Dugtrio\n|-enditem|p2a: Dugtrio|Focus Sash\n|-damage|p2a: Dugtrio|1\/100\n|move|p2a: Dugtrio|Stealth Rock|p1a: Golisopod\n|-sidestart|p1: Kenanbeans123|move: Stealth Rock\n|\n|upkeep\n|turn|8\n|\n|switch|p2a: Seismitoad|Seismitoad, M|100\/100\n|move|p1a: Golisopod|First Impression||[still]\n|-fail|p1a: Golisopod\n|-hint|First Impression only works on your first turn out.\n|\n|upkeep\n|turn|9\n|\n|switch|p1a: Shuckle|Shuckle, F|100\/100\n|-damage|p1a: Shuckle|76\/100|[from] Stealth Rock\n|move|p2a: Seismitoad|Toxic|p1a: Shuckle\n|-status|p1a: Shuckle|tox\n|\n|-damage|p1a: Shuckle|70\/100 tox|[from] psn\n|upkeep\n|turn|10\n|\n|switch|p2a: Xatu|Xatu, F|100\/100\n|move|p1a: Shuckle|Sticky Web|p2a: Xatu\n|move|p2a: Xatu|Sticky Web|p1a: Shuckle|[from]Magic Bounce\n|-sidestart|p1: Kenanbeans123|move: Sticky Web\n|\n|-damage|p1a: Shuckle|57\/100 tox|[from] psn\n|upkeep\n|turn|11\n|\n|switch|p1a: Centiskorch|Centiskorch, M|100\/100\n|move|p2a: Xatu|Heat Wave|p1a: Centiskorch\n|-start|p1a: Centiskorch|ability: Flash Fire\n|\n|upkeep\n|turn|12\n|\n|switch|p2a: Dugtrio|Dugtrio, M|1\/100\n|move|p1a: Centiskorch|Coil|p1a: Centiskorch\n|-boost|p1a: Centiskorch|atk|1\n|-boost|p1a: Centiskorch|def|1\n|-boost|p1a: Centiskorch|accuracy|1\n|\n|upkeep\n|turn|13\n|\n|move|p2a: Dugtrio|Memento|p1a: Centiskorch\n|-unboost|p1a: Centiskorch|atk|2\n|-unboost|p1a: Centiskorch|spa|2\n|faint|p2a: Dugtrio\n|move|p1a: Centiskorch|Leech Life|p2: Dugtrio|[notarget]\n|-fail|p1a: Centiskorch\n|\n|upkeep\n|\n|switch|p2a: Chandelure|Chandelure, F|100\/100\n|turn|14\n|\n|-end|p1a: Centiskorch|ability: Flash Fire|[silent]\n|switch|p1a: Shuckle|Shuckle, F|57\/100 tox\n|-activate|p1a: Shuckle|move: Sticky Web\n|-unboost|p1a: Shuckle|spe|1\n|-damage|p1a: Shuckle|33\/100 tox|[from] Stealth Rock\n|move|p2a: Chandelure|Shadow Ball|p1a: Shuckle\n|-damage|p1a: Shuckle|0 fnt\n|faint|p1a: Shuckle\n|\n|upkeep\n|\n|switch|p1a: Golisopod|Golisopod, F|100\/100\n|-damage|p1a: Golisopod|76\/100|[from] Stealth Rock\n|-activate|p1a: Golisopod|move: Sticky Web\n|-unboost|p1a: Golisopod|spe|1\n|turn|15\n|\n|switch|p2a: Seismitoad|Seismitoad, M|100\/100\n|move|p1a: Golisopod|Aqua Jet|p2a: Seismitoad\n|-immune|p2a: Seismitoad|[from] ability: Water Absorb\n|\n|upkeep\n|turn|16\n|\n|switch|p1a: Centiskorch|Centiskorch, M|100\/100\n|move|p2a: Seismitoad|Toxic|p1a: Centiskorch|[miss]\n|-miss|p2a: Seismitoad|p1a: Centiskorch\n|\n|upkeep\n|turn|17\n|\n|switch|p2a: Chandelure|Chandelure, F|100\/100\n|move|p1a: Centiskorch|Coil|p1a: Centiskorch\n|-boost|p1a: Centiskorch|atk|1\n|-boost|p1a: Centiskorch|def|1\n|-boost|p1a: Centiskorch|accuracy|1\n|\n|upkeep\n|turn|18\n|\n|move|p2a: Chandelure|Shadow Ball|p1a: Centiskorch\n|-damage|p1a: Centiskorch|38\/100\n|move|p1a: Centiskorch|Power Whip|p2a: Chandelure\n|-resisted|p2a: Chandelure\n|-damage|p2a: Chandelure|60\/100\n|\n|upkeep\n|turn|19\n|\n|move|p2a: Chandelure|Shadow Ball|p1a: Centiskorch\n|-damage|p1a: Centiskorch|0 fnt\n|faint|p1a: Centiskorch\n|\n|upkeep\n|\n|switch|p1a: Crustle|Crustle, F|100\/100\n|turn|20\n|\n|switch|p2a: Seismitoad|Seismitoad, M|100\/100\n|move|p1a: Crustle|Earthquake|p2a: Seismitoad\n|-damage|p2a: Seismitoad|77\/100\n|\n|-heal|p2a: Seismitoad|83\/100|[from] item: Leftovers\n|upkeep\n|turn|21\n|\n|switch|p1a: Durant|Durant, M|100\/100\n|-activate|p1a: Durant|move: Sticky Web\n|-unboost|p1a: Durant|spe|1\n|-damage|p1a: Durant|88\/100|[from] Stealth Rock\n|move|p2a: Seismitoad|Scald|p1a: Durant\n|-damage|p1a: Durant|28\/100\n|-status|p1a: Durant|brn\n|\n|-heal|p2a: Seismitoad|89\/100|[from] item: Leftovers\n|-damage|p1a: Durant|22\/100 brn|[from] brn\n|upkeep\n|turn|22\n|\n|move|p1a: Durant|Crunch|p2a: Seismitoad\n|-damage|p2a: Seismitoad|69\/100\n|move|p2a: Seismitoad|Scald|p1a: Durant\n|-damage|p1a: Durant|0 fnt\n|faint|p1a: Durant\n|\n|-heal|p2a: Seismitoad|75\/100|[from] item: Leftovers\n|upkeep\n|\n|switch|p1a: Golisopod|Golisopod, F|76\/100\n|-damage|p1a: Golisopod|51\/100|[from] Stealth Rock\n|-activate|p1a: Golisopod|move: Sticky Web\n|-unboost|p1a: Golisopod|spe|1\n|turn|23\n|\n|move|p1a: Golisopod|First Impression|p2a: Seismitoad\n|-damage|p2a: Seismitoad|22\/100\n|move|p2a: Seismitoad|Toxic|p1a: Golisopod\n|-status|p1a: Golisopod|tox\n|\n|-heal|p2a: Seismitoad|28\/100|[from] item: Leftovers\n|-damage|p1a: Golisopod|45\/100 tox|[from] psn\n|-activate|p1a: Golisopod|ability: Emergency Exit\n|upkeep\n|\n|switch|p1a: Crustle|Crustle, F|100\/100\n|turn|24\n|\n|move|p1a: Crustle|Shell Smash|p1a: Crustle\n|-unboost|p1a: Crustle|def|1\n|-unboost|p1a: Crustle|spd|1\n|-boost|p1a: Crustle|atk|2\n|-boost|p1a: Crustle|spa|2\n|-boost|p1a: Crustle|spe|2\n|move|p2a: Seismitoad|Scald|p1a: Crustle\n|-supereffective|p1a: Crustle\n|-damage|p1a: Crustle|4\/100\n|\n|-heal|p2a: Seismitoad|34\/100|[from] item: Leftovers\n|upkeep\n|turn|25\n|\n|move|p1a: Crustle|X-Scissor|p2a: Seismitoad\n|-damage|p2a: Seismitoad|0 fnt\n|faint|p2a: Seismitoad\n|\n|upkeep\n|\n|switch|p2a: Gimikyu|Mimikyu, F, shiny|100\/100\n|turn|26\n|\n|move|p2a: Gimikyu|Shadow Sneak|p1a: Crustle\n|-damage|p1a: Crustle|0 fnt\n|faint|p1a: Crustle\n|\n|upkeep\n|\n|switch|p1a: Golisopod|Golisopod, F|45\/100 tox\n|-damage|p1a: Golisopod|20\/100 tox|[from] Stealth Rock\n|-activate|p1a: Golisopod|move: Sticky Web\n|-unboost|p1a: Golisopod|spe|1\n|turn|27\n|\n|move|p2a: Gimikyu|Shadow Sneak|p1a: Golisopod\n|-damage|p1a: Golisopod|8\/100 tox\n|move|p1a: Golisopod|Aqua Jet|p2a: Gimikyu\n|-activate|p2a: Gimikyu|ability: Disguise\n|-damage|p2a: Gimikyu|100\/100\n|detailschange|p2a: Gimikyu|Mimikyu-Busted, F, shiny\n|-damage|p2a: Gimikyu|88\/100|[from] ability: Disguise|[of] p2a: Gimikyu\n|\n|-damage|p1a: Golisopod|2\/100 tox|[from] psn\n|upkeep\n|turn|28\n|\n|move|p2a: Gimikyu|Shadow Sneak|p1a: Golisopod\n|-damage|p1a: Golisopod|0 fnt\n|faint|p1a: Golisopod\n|\n|win|Igotthegat\n|c|\u2606Igotthegat|gg\n|raw|Kenanbeans123's rating: 1238 &rarr; <strong>1214<\/strong><br \/>(-24 for losing)\n|raw|Igotthegat's rating: 1245 &rarr; <strong>1269<\/strong><br \/>(+24 for winning)\n","uploadtime":1578458438,"views":1,"p1id":"kenanbeans123","p2id":"igotthegat","formatid":"gen8ou","rating":1214,"private":0,"password":null}