{"id":"gen8nationaldex-1678723746","p1":"Thedebatablereaper","p2":"Soul king0","format":"gen8nationaldex","log":"|j|\u2606Thedebatablereaper\n|j|\u2606Soul king0\n|t:|1665017341\n|gametype|singles\n|player|p1|Thedebatablereaper|1|1596\n|player|p2|Soul king0|169|1553\n|teamsize|p1|6\n|teamsize|p2|6\n|gen|8\n|tier|[Gen 8] National Dex\n|rated|\n|rule|HP Percentage Mod: HP is shown in percentages\n|rule|Endless Battle Clause: Forcing endless battles is banned\n|rule|OHKO Clause: OHKO moves are banned\n|rule|Evasion Moves Clause: Evasion moves are banned\n|rule|Species Clause: Limit one of each Pok\u00e9mon\n|rule|Dynamax Clause: You cannot dynamax\n|rule|Sleep Clause Mod: Limit one foe put to sleep\n|clearpoke\n|poke|p1|Pelipper, F|\n|poke|p1|Urshifu-*, M|\n|poke|p1|Charizard, M|\n|poke|p1|Darmanitan, F|\n|poke|p1|Hippowdon, F|\n|poke|p1|Excadrill, F|\n|poke|p2|Lopunny, F|\n|poke|p2|Landorus-Therian, M|\n|poke|p2|Urshifu-*, M|\n|poke|p2|Slowking, M|\n|poke|p2|Zapdos|\n|poke|p2|Weavile, M|\n|teampreview\n|inactive|Battle timer is ON: inactive players will automatically lose when time's up. (requested by Soul king0)\n|\n|t:|1665017360\n|start\n|switch|p1a: Pelipper|Pelipper, F|100\/100\n|switch|p2a: Zapdos|Zapdos|100\/100\n|-weather|RainDance|[from] ability: Drizzle|[of] p1a: Pelipper\n|turn|1\n|\n|t:|1665017366\n|switch|p1a: Hippowdon|Hippowdon, F|100\/100\n|-weather|Sandstorm|[from] ability: Sand Stream|[of] p1a: Hippowdon\n|move|p2a: Zapdos|Hurricane|p1a: Hippowdon\n|-damage|p1a: Hippowdon|58\/100\n|-start|p1a: Hippowdon|confusion\n|\n|-weather|Sandstorm|[upkeep]\n|-damage|p2a: Zapdos|94\/100|[from] Sandstorm\n|-heal|p1a: Hippowdon|64\/100|[from] item: Leftovers\n|upkeep\n|turn|2\n|\n|t:|1665017378\n|move|p2a: Zapdos|Hurricane|p1a: Hippowdon\n|-damage|p1a: Hippowdon|19\/100\n|-activate|p1a: Hippowdon|confusion\n|move|p1a: Hippowdon|Stealth Rock|p2a: Zapdos\n|-sidestart|p2: Soul king0|move: Stealth Rock\n|\n|-weather|Sandstorm|[upkeep]\n|-damage|p2a: Zapdos|88\/100|[from] Sandstorm\n|-heal|p1a: Hippowdon|25\/100|[from] item: Leftovers\n|upkeep\n|turn|3\n|\n|t:|1665017386\n|move|p2a: Zapdos|Heat Wave|p1a: Hippowdon\n|-damage|p1a: Hippowdon|0 fnt\n|faint|p1a: Hippowdon\n|\n|-weather|Sandstorm|[upkeep]\n|-damage|p2a: Zapdos|82\/100|[from] Sandstorm\n|upkeep\n|\n|t:|1665017399\n|switch|p1a: Charizard|Charizard, M|100\/100\n|turn|4\n|\n|t:|1665017407\n|switch|p2a: Slowking|Slowking, M|100\/100\n|move|p1a: Charizard|Weather Ball|p2a: Slowking\n|-damage|p2a: Slowking|75\/100\n|\n|-weather|Sandstorm|[upkeep]\n|-damage|p1a: Charizard|94\/100|[from] Sandstorm\n|-damage|p2a: Slowking|69\/100|[from] Sandstorm\n|upkeep\n|turn|5\n|\n|t:|1665017418\n|detailschange|p1a: Charizard|Charizard-Mega-Y, M\n|-mega|p1a: Charizard|Charizard|Charizardite Y\n|-weather|SunnyDay|[from] ability: Drought|[of] p1a: Charizard\n|move|p1a: Charizard|Solar Beam||[still]\n|-prepare|p1a: Charizard|Solar Beam\n|-anim|p1a: Charizard|Solar Beam|p2a: Slowking\n|-supereffective|p2a: Slowking\n|-damage|p2a: Slowking|0 fnt\n|faint|p2a: Slowking\n|\n|-weather|SunnyDay|[upkeep]\n|upkeep\n|\n|t:|1665017434\n|switch|p2a: Lopunny|Lopunny, F|100\/100\n|-damage|p2a: Lopunny|88\/100|[from] Stealth Rock\n|turn|6\n|\n|t:|1665017439\n|switch|p1a: Urshifu|Urshifu-Rapid-Strike, M|100\/100\n|detailschange|p2a: Lopunny|Lopunny-Mega, F\n|-mega|p2a: Lopunny|Lopunny|Lopunnite\n|move|p2a: Lopunny|Fake Out|p1a: Urshifu\n|-damage|p1a: Urshifu|81\/100\n|\n|-weather|SunnyDay|[upkeep]\n|upkeep\n|turn|7\n|\n|t:|1665017447\n|switch|p2a: Zapdos|Zapdos|82\/100\n|move|p1a: Urshifu|U-turn|p2a: Zapdos\n|-resisted|p2a: Zapdos\n|-damage|p2a: Zapdos|69\/100\n|\n|t:|1665017458\n|switch|p1a: Darmanitan|Darmanitan, F|100\/100|[from]move: U-turn\n|\n|-weather|SunnyDay|[upkeep]\n|upkeep\n|turn|8\n|\n|t:|1665017462\n|move|p1a: Darmanitan|Flare Blitz|p2a: Zapdos\n|-crit|p2a: Zapdos\n|-damage|p2a: Zapdos|0 fnt\n|-status|p1a: Darmanitan|par|[from] ability: Static|[of] p2a: Zapdos\n|faint|p2a: Zapdos\n|-damage|p1a: Darmanitan|76\/100 par|[from] Recoil\n|\n|-weather|SunnyDay|[upkeep]\n|upkeep\n|\n|t:|1665017468\n|switch|p2a: Lopunny|Lopunny-Mega, F|88\/100\n|-damage|p2a: Lopunny|82\/100|[from] Stealth Rock\n|turn|9\n|\n|t:|1665017472\n|move|p2a: Lopunny|Fake Out|p1a: Darmanitan\n|-damage|p1a: Darmanitan|42\/100 par\n|cant|p1a: Darmanitan|flinch\n|\n|-weather|none\n|upkeep\n|turn|10\n|\n|t:|1665017478\n|move|p2a: Lopunny|Return|p1a: Darmanitan\n|-damage|p1a: Darmanitan|0 fnt\n|faint|p1a: Darmanitan\n|\n|upkeep\n|\n|t:|1665017491\n|switch|p1a: Urshifu|Urshifu-Rapid-Strike, M|81\/100\n|turn|11\n|\n|t:|1665017497\n|move|p1a: Urshifu|Surging Strikes|p2a: Lopunny\n|-crit|p2a: Lopunny\n|-damage|p2a: Lopunny|57\/100\n|-crit|p2a: Lopunny\n|-damage|p2a: Lopunny|29\/100\n|-crit|p2a: Lopunny\n|-damage|p2a: Lopunny|2\/100\n|-hitcount|p2a: Lopunny|3\n|move|p2a: Lopunny|Close Combat|p1a: Urshifu\n|-damage|p1a: Urshifu|14\/100\n|-unboost|p2a: Lopunny|def|1\n|-unboost|p2a: Lopunny|spd|1\n|\n|upkeep\n|turn|12\n|\n|t:|1665017507\n|move|p1a: Urshifu|Surging Strikes|p2a: Lopunny\n|-crit|p2a: Lopunny\n|-damage|p2a: Lopunny|0 fnt\n|faint|p2a: Lopunny\n|-hitcount|p2: Lopunny|1\n|\n|upkeep\n|\n|t:|1665017512\n|switch|p2a: Urshifu|Urshifu-Rapid-Strike, M|100\/100\n|-damage|p2a: Urshifu|94\/100|[from] Stealth Rock\n|turn|13\n|\n|t:|1665017521\n|switch|p1a: Excadrill|Excadrill, F|100\/100\n|move|p2a: Urshifu|Surging Strikes|p1a: Excadrill\n|-supereffective|p1a: Excadrill\n|-crit|p1a: Excadrill\n|-damage|p1a: Excadrill|39\/100\n|-supereffective|p1a: Excadrill\n|-crit|p1a: Excadrill\n|-damage|p1a: Excadrill|0 fnt\n|faint|p1a: Excadrill\n|-hitcount|p1: Excadrill|2\n|\n|upkeep\n|\n|t:|1665017530\n|switch|p1a: Pelipper|Pelipper, F|100\/100\n|-weather|RainDance|[from] ability: Drizzle|[of] p1a: Pelipper\n|turn|14\n|\n|t:|1665017536\n|switch|p2a: Landorus|Landorus-Therian, M|100\/100\n|-damage|p2a: Landorus|88\/100|[from] Stealth Rock\n|-ability|p2a: Landorus|Intimidate|boost\n|-unboost|p1a: Pelipper|atk|1\n|move|p1a: Pelipper|Hurricane|p2a: Landorus\n|-damage|p2a: Landorus|0 fnt\n|faint|p2a: Landorus\n|\n|-weather|RainDance|[upkeep]\n|upkeep\n|\n|t:|1665017543\n|switch|p2a: Weavile|Weavile, M|100\/100\n|-ability|p2a: Weavile|Pressure\n|turn|15\n|\n|t:|1665017551\n|switch|p1a: Charizard|Charizard-Mega-Y, M|94\/100\n|-weather|SunnyDay|[from] ability: Drought|[of] p1a: Charizard\n|move|p2a: Weavile|Knock Off|p1a: Charizard\n|-damage|p1a: Charizard|49\/100\n|\n|-weather|SunnyDay|[upkeep]\n|upkeep\n|turn|16\n|\n|t:|1665017559\n|move|p2a: Weavile|Triple Axel|p1a: Charizard\n|-damage|p1a: Charizard|35\/100\n|-damage|p1a: Charizard|7\/100\n|-hitcount|p1a: Charizard|2\n|move|p1a: Charizard|Weather Ball|p2a: Weavile\n|-supereffective|p2a: Weavile\n|-damage|p2a: Weavile|0 fnt\n|faint|p2a: Weavile\n|\n|-weather|SunnyDay|[upkeep]\n|upkeep\n|\n|t:|1665017563\n|switch|p2a: Urshifu|Urshifu-Rapid-Strike, M|94\/100\n|-damage|p2a: Urshifu|88\/100|[from] Stealth Rock\n|turn|17\n|\n|t:|1665017570\n|move|p2a: Urshifu|Thunder Punch|p1a: Charizard\n|-supereffective|p1a: Charizard\n|-damage|p1a: Charizard|0 fnt\n|faint|p1a: Charizard\n|\n|-weather|SunnyDay|[upkeep]\n|upkeep\n|\n|t:|1665017579\n|switch|p1a: Urshifu|Urshifu-Rapid-Strike, M|14\/100\n|turn|18\n|\n|t:|1665017582\n|move|p1a: Urshifu|U-turn|p2a: Urshifu\n|-resisted|p2a: Urshifu\n|-damage|p2a: Urshifu|76\/100\n|\n|t:|1665017584\n|switch|p1a: Pelipper|Pelipper, F|100\/100|[from]move: U-turn\n|-weather|RainDance|[from] ability: Drizzle|[of] p1a: Pelipper\n|move|p2a: Urshifu|Thunder Punch|p1a: Pelipper\n|-supereffective|p1a: Pelipper\n|-damage|p1a: Pelipper|0 fnt\n|faint|p1a: Pelipper\n|\n|-weather|RainDance|[upkeep]\n|upkeep\n|\n|t:|1665017593\n|switch|p1a: Urshifu|Urshifu-Rapid-Strike, M|14\/100\n|turn|19\n|\n|t:|1665017595\n|move|p2a: Urshifu|Thunder Punch|p1a: Urshifu\n|-supereffective|p1a: Urshifu\n|-damage|p1a: Urshifu|0 fnt\n|faint|p1a: Urshifu\n|\n|win|Soul king0\n|raw|Thedebatablereaper's rating: 1596 &rarr; <strong>1574<\/strong><br \/>(-22 for losing)\n|raw|Soul king0's rating: 1553 &rarr; <strong>1575<\/strong><br \/>(+22 for winning)\n|l|\u2606Thedebatablereaper\n","uploadtime":1665017601,"views":4,"p1id":"thedebatablereaper","p2id":"soulking0","formatid":"gen8nationaldex","rating":1574,"private":0,"password":null}