{"id":"gen8ou-1703406263","p1":"seorakeol","p2":"MR. MEZA","format":"gen8ou","log":"|j|\u2606seorakeol\n|j|\u2606MR. MEZA\n|t:|1667659864\n|gametype|singles\n|player|p1|seorakeol|ninjaboy|1650\n|player|p2|MR. MEZA|ethan-masters|1663\n|teamsize|p1|6\n|teamsize|p2|6\n|gen|8\n|tier|[Gen 8] OU\n|rated|\n|rule|Sleep Clause Mod: Limit one foe put to sleep\n|rule|Species Clause: Limit one of each Pok\u00e9mon\n|rule|OHKO Clause: OHKO moves are banned\n|rule|Evasion Items Clause: Evasion items are banned\n|rule|Evasion Moves Clause: Evasion moves are banned\n|rule|Endless Battle Clause: Forcing endless battles is banned\n|rule|HP Percentage Mod: HP is shown in percentages\n|rule|Dynamax Clause: You cannot dynamax\n|clearpoke\n|poke|p1|Rillaboom, M|\n|poke|p1|Tornadus-Therian, M|\n|poke|p1|Blaziken, F|\n|poke|p1|Melmetal|\n|poke|p1|Garchomp, M|\n|poke|p1|Slowbro, F|\n|poke|p2|Pincurchin, M|\n|poke|p2|Slowbro, M|\n|poke|p2|Excadrill, F|\n|poke|p2|Tyranitar, F|\n|poke|p2|Amoonguss, M|\n|poke|p2|Clefable, M|\n|teampreview\n|inactive|Battle timer is ON: inactive players will automatically lose when time's up. (requested by MR. MEZA)\n|j| keeponem\n|\n|t:|1667659889\n|start\n|switch|p1a: Garchomp|Garchomp, M|100\/100\n|switch|p2a: Clefable|Clefable, M|100\/100\n|turn|1\n|\n|t:|1667659896\n|switch|p1a: Melmetal|Melmetal|100\/100\n|move|p2a: Clefable|Trick|p1a: Melmetal\n|-activate|p2a: Clefable|move: Trick|[of] p1a: Melmetal\n|-item|p1a: Melmetal|Sticky Barb|[from] move: Trick\n|-item|p2a: Clefable|Leftovers|[from] move: Trick\n|\n|-damage|p1a: Melmetal|88\/100|[from] item: Sticky Barb\n|upkeep\n|turn|2\n|j| XerneasStan\n|\n|t:|1667659909\n|switch|p2a: Amoonguss|Amoonguss, M|100\/100\n|switch|p1a: Slowbro|Slowbro, F|100\/100\n|\n|upkeep\n|turn|3\n|\n|t:|1667659920\n|move|p2a: Amoonguss|Spore|p1a: Slowbro\n|-status|p1a: Slowbro|slp|[from] move: Spore\n|cant|p1a: Slowbro|slp\n|\n|upkeep\n|turn|4\n|\n|t:|1667659926\n|switch|p2a: Clefable|Clefable, M|100\/100\n|cant|p1a: Slowbro|slp\n|\n|upkeep\n|turn|5\n|l| keeponem\n|\n|t:|1667659932\n|switch|p1a: Melmetal|Melmetal|88\/100\n|move|p2a: Clefable|Stealth Rock|p1a: Melmetal\n|-sidestart|p1: seorakeol|move: Stealth Rock\n|\n|-damage|p1a: Melmetal|75\/100|[from] item: Sticky Barb\n|upkeep\n|turn|6\n|\n|t:|1667659943\n|switch|p2a: Amoonguss|Amoonguss, M|100\/100\n|switch|p1a: Tornadus|Tornadus-Therian, M|100\/100\n|\n|upkeep\n|turn|7\n|\n|t:|1667659962\n|switch|p2a: Slowbro|Slowbro, M|100\/100\n|move|p1a: Tornadus|Defog|p2a: Slowbro\n|-unboost|p2a: Slowbro|evasion|1\n|-sideend|p1: seorakeol|Stealth Rock|[from] move: Defog|[of] p1a: Tornadus\n|\n|upkeep\n|turn|8\n|\n|t:|1667659976\n|move|p1a: Tornadus|Knock Off|p2a: Slowbro\n|-supereffective|p2a: Slowbro\n|-damage|p2a: Slowbro|69\/100\n|-enditem|p2a: Slowbro|Heavy-Duty Boots|[from] move: Knock Off|[of] p1a: Tornadus\n|move|p2a: Slowbro|Trick Room|p2a: Slowbro\n|-fieldstart|move: Trick Room|[of] p2a: Slowbro\n|\n|upkeep\n|turn|9\n|\n|t:|1667659980\n|move|p1a: Tornadus|U-turn|p2a: Slowbro\n|-supereffective|p2a: Slowbro\n|-damage|p2a: Slowbro|46\/100\n|\n|t:|1667659989\n|switch|p1a: Garchomp|Garchomp, M|100\/100|[from]move: U-turn\n|move|p2a: Slowbro|Teleport|p2a: Slowbro\n|\n|t:|1667659998\n|switch|p2a: Tyranitar|Tyranitar, F|100\/100|[from]move: Teleport\n|-weather|Sandstorm|[from] ability: Sand Stream|[of] p2a: Tyranitar\n|\n|-weather|Sandstorm|[upkeep]\n|upkeep\n|turn|10\n|\n|t:|1667660003\n|move|p1a: Garchomp|Protect|p1a: Garchomp\n|-singleturn|p1a: Garchomp|Protect\n|move|p2a: Tyranitar|Ice Punch|p1a: Garchomp\n|-activate|p1a: Garchomp|move: Protect\n|\n|-weather|Sandstorm|[upkeep]\n|upkeep\n|turn|11\n|\n|t:|1667660007\n|switch|p1a: Slowbro|Slowbro, F|100\/100 slp\n|move|p2a: Tyranitar|Ice Punch|p1a: Slowbro\n|-resisted|p1a: Slowbro\n|-damage|p1a: Slowbro|89\/100 slp\n|-damage|p2a: Tyranitar|84\/100|[from] item: Rocky Helmet|[of] p1a: Slowbro\n|\n|-weather|Sandstorm|[upkeep]\n|-damage|p1a: Slowbro|82\/100 slp|[from] Sandstorm\n|upkeep\n|turn|12\n|\n|t:|1667660033\n|switch|p2a: Pincurchin|Pincurchin, M|100\/100\n|-fieldstart|move: Electric Terrain|[from] ability: Electric Surge|[of] p2a: Pincurchin\n|cant|p1a: Slowbro|slp\n|\n|-weather|Sandstorm|[upkeep]\n|-damage|p2a: Pincurchin|94\/100|[from] Sandstorm\n|-damage|p1a: Slowbro|76\/100 slp|[from] Sandstorm\n|-fieldend|move: Trick Room\n|upkeep\n|turn|13\n|\n|t:|1667660043\n|switch|p1a: Garchomp|Garchomp, M|100\/100\n|move|p2a: Pincurchin|Spikes|p1a: Garchomp\n|-sidestart|p1: seorakeol|Spikes\n|\n|-weather|none\n|upkeep\n|turn|14\n|\n|t:|1667660052\n|switch|p2a: Clefable|Clefable, M|100\/100\n|move|p1a: Garchomp|Toxic|p2a: Clefable\n|-status|p2a: Clefable|tox\n|\n|upkeep\n|turn|15\n|\n|t:|1667660059\n|switch|p1a: Tornadus|Tornadus-Therian, M|100\/100\n|move|p2a: Clefable|Moonblast|p1a: Tornadus\n|-damage|p1a: Tornadus|69\/100\n|-unboost|p1a: Tornadus|spa|1\n|\n|upkeep\n|turn|16\n|\n|t:|1667660064\n|move|p1a: Tornadus|Defog|p2a: Clefable\n|-unboost|p2a: Clefable|evasion|1\n|-sideend|p1: seorakeol|Spikes|[from] move: Defog|[of] p1a: Tornadus\n|-fieldend|move: Electric Terrain\n|move|p2a: Clefable|Moonblast|p1a: Tornadus\n|-damage|p1a: Tornadus|37\/100\n|-unboost|p1a: Tornadus|spa|1\n|\n|upkeep\n|turn|17\n|\n|t:|1667660071\n|move|p1a: Tornadus|U-turn|p2a: Clefable\n|-resisted|p2a: Clefable\n|-damage|p2a: Clefable|95\/100 tox\n|\n|t:|1667660082\n|switch|p1a: Rillaboom|Rillaboom, M|100\/100|[from]move: U-turn\n|-fieldstart|move: Grassy Terrain|[from] ability: Grassy Surge|[of] p1a: Rillaboom\n|move|p2a: Clefable|Moonblast|p1a: Rillaboom\n|-damage|p1a: Rillaboom|63\/100\n|\n|-heal|p1a: Rillaboom|69\/100|[from] Grassy Terrain\n|-heal|p1a: Rillaboom|75\/100|[from] item: Leftovers\n|-heal|p2a: Clefable|100\/100 tox|[from] Grassy Terrain\n|upkeep\n|turn|18\n|\n|t:|1667660090\n|switch|p2a: Amoonguss|Amoonguss, M|100\/100\n|move|p1a: Rillaboom|Swords Dance|p1a: Rillaboom\n|-boost|p1a: Rillaboom|atk|2\n|\n|-heal|p1a: Rillaboom|81\/100|[from] Grassy Terrain\n|-heal|p1a: Rillaboom|88\/100|[from] item: Leftovers\n|upkeep\n|turn|19\n|inactive|MR. MEZA has 120 seconds left.\n|\n|t:|1667660125\n|move|p1a: Rillaboom|Knock Off|p2a: Amoonguss\n|-damage|p2a: Amoonguss|45\/100\n|-damage|p1a: Rillaboom|71\/100|[from] item: Rocky Helmet|[of] p2a: Amoonguss\n|-enditem|p2a: Amoonguss|Rocky Helmet|[from] move: Knock Off|[of] p1a: Rillaboom\n|move|p2a: Amoonguss|Foul Play|p1a: Rillaboom\n|-damage|p1a: Rillaboom|5\/100\n|\n|-heal|p1a: Rillaboom|11\/100|[from] Grassy Terrain\n|-heal|p1a: Rillaboom|17\/100|[from] item: Leftovers\n|-heal|p2a: Amoonguss|51\/100|[from] Grassy Terrain\n|upkeep\n|turn|20\n|\n|t:|1667660141\n|switch|p1a: Tornadus|Tornadus-Therian, M|70\/100\n|move|p2a: Amoonguss|Sludge Bomb|p1a: Tornadus\n|-damage|p1a: Tornadus|44\/100\n|\n|-heal|p2a: Amoonguss|57\/100|[from] Grassy Terrain\n|upkeep\n|turn|21\n|\n|t:|1667660151\n|switch|p2a: Clefable|Clefable, M|100\/100 tox\n|move|p1a: Tornadus|Knock Off|p2a: Clefable\n|-resisted|p2a: Clefable\n|-damage|p2a: Clefable|93\/100 tox\n|-enditem|p2a: Clefable|Leftovers|[from] move: Knock Off|[of] p1a: Tornadus\n|\n|-heal|p2a: Clefable|99\/100 tox|[from] Grassy Terrain\n|-fieldend|move: Grassy Terrain\n|upkeep\n|turn|22\n|inactive|MR. MEZA has 120 seconds left.\n|\n|t:|1667660172\n|move|p1a: Tornadus|U-turn|p2a: Clefable\n|-resisted|p2a: Clefable\n|-damage|p2a: Clefable|94\/100 tox\n|\n|t:|1667660184\n|switch|p1a: Slowbro|Slowbro, F|100\/100 slp|[from]move: U-turn\n|move|p2a: Clefable|Moonblast|p1a: Slowbro\n|-damage|p1a: Slowbro|69\/100 slp\n|-unboost|p1a: Slowbro|spa|1\n|\n|upkeep\n|turn|23\n|\n|t:|1667660188\n|move|p2a: Clefable|Stealth Rock|p1a: Slowbro\n|-sidestart|p1: seorakeol|move: Stealth Rock\n|-curestatus|p1a: Slowbro|slp|[msg]\n|move|p1a: Slowbro|Teleport|p1a: Slowbro\n|\n|t:|1667660193\n|switch|p1a: Tornadus|Tornadus-Therian, M|78\/100|[from]move: Teleport\n|\n|upkeep\n|turn|24\n|\n|t:|1667660196\n|move|p1a: Tornadus|Defog|p2a: Clefable\n|-unboost|p2a: Clefable|evasion|1\n|-sideend|p1: seorakeol|Stealth Rock|[from] move: Defog|[of] p1a: Tornadus\n|move|p2a: Clefable|Moonblast|p1a: Tornadus\n|-crit|p1a: Tornadus\n|-damage|p1a: Tornadus|30\/100\n|\n|upkeep\n|turn|25\n|\n|t:|1667660205\n|move|p1a: Tornadus|U-turn|p2a: Clefable\n|-resisted|p2a: Clefable\n|-damage|p2a: Clefable|89\/100 tox\n|\n|t:|1667660207\n|switch|p1a: Blaziken|Blaziken, F|100\/100|[from]move: U-turn\n|move|p2a: Clefable|Stealth Rock|p1a: Blaziken\n|-sidestart|p1: seorakeol|move: Stealth Rock\n|\n|upkeep\n|turn|26\n|\n|t:|1667660220\n|switch|p2a: Slowbro|Slowbro, M|79\/100\n|move|p1a: Blaziken|Swords Dance|p1a: Blaziken\n|-boost|p1a: Blaziken|atk|2\n|\n|-ability|p1a: Blaziken|Speed Boost|boost\n|-boost|p1a: Blaziken|spe|1\n|upkeep\n|turn|27\n|\n|t:|1667660241\n|switch|p1a: Slowbro|Slowbro, F|100\/100\n|-damage|p1a: Slowbro|88\/100|[from] Stealth Rock\n|move|p2a: Slowbro|Trick Room|p2a: Slowbro\n|-fieldstart|move: Trick Room|[of] p2a: Slowbro\n|\n|upkeep\n|turn|28\n|\n|t:|1667660249\n|move|p1a: Slowbro|Toxic|p2a: Slowbro\n|-status|p2a: Slowbro|tox\n|move|p2a: Slowbro|Teleport|p2a: Slowbro\n|\n|t:|1667660254\n|switch|p2a: Tyranitar|Tyranitar, F|84\/100|[from]move: Teleport\n|-weather|Sandstorm|[from] ability: Sand Stream|[of] p2a: Tyranitar\n|\n|-weather|Sandstorm|[upkeep]\n|-damage|p1a: Slowbro|82\/100|[from] Sandstorm\n|upkeep\n|turn|29\n|\n|t:|1667660268\n|switch|p1a: Garchomp|Garchomp, M|100\/100\n|-damage|p1a: Garchomp|94\/100|[from] Stealth Rock\n|move|p2a: Tyranitar|Crunch|p1a: Garchomp\n|-damage|p1a: Garchomp|33\/100\n|-damage|p2a: Tyranitar|72\/100|[from] ability: Rough Skin|[of] p1a: Garchomp\n|\n|-weather|Sandstorm|[upkeep]\n|-heal|p1a: Garchomp|39\/100|[from] item: Leftovers\n|upkeep\n|turn|30\n|\n|t:|1667660276\n|move|p1a: Garchomp|Protect|p1a: Garchomp\n|-singleturn|p1a: Garchomp|Protect\n|move|p2a: Tyranitar|Crunch|p1a: Garchomp\n|-activate|p1a: Garchomp|move: Protect\n|\n|-weather|Sandstorm|[upkeep]\n|-heal|p1a: Garchomp|46\/100|[from] item: Leftovers\n|upkeep\n|turn|31\n|\n|t:|1667660282\n|switch|p1a: Melmetal|Melmetal|75\/100\n|-damage|p1a: Melmetal|69\/100|[from] Stealth Rock\n|move|p2a: Tyranitar|Crunch|p1a: Melmetal\n|-damage|p1a: Melmetal|23\/100\n|\n|-weather|Sandstorm|[upkeep]\n|-fieldend|move: Trick Room\n|-damage|p1a: Melmetal|11\/100|[from] item: Sticky Barb\n|upkeep\n|turn|32\n|\n|t:|1667660290\n|move|p2a: Tyranitar|Crunch|p1a: Melmetal\n|-damage|p1a: Melmetal|0 fnt\n|faint|p1a: Melmetal\n|\n|-weather|none\n|upkeep\n|\n|t:|1667660301\n|switch|p1a: Garchomp|Garchomp, M|46\/100\n|-damage|p1a: Garchomp|39\/100|[from] Stealth Rock\n|turn|33\n|\n|t:|1667660310\n|switch|p2a: Clefable|Clefable, M|89\/100 tox\n|move|p1a: Garchomp|Earthquake|p2a: Clefable\n|-damage|p2a: Clefable|55\/100 tox\n|\n|-heal|p1a: Garchomp|46\/100|[from] item: Leftovers\n|upkeep\n|turn|34\n|\n|t:|1667660318\n|switch|p1a: Slowbro|Slowbro, F|100\/100\n|-damage|p1a: Slowbro|88\/100|[from] Stealth Rock\n|move|p2a: Clefable|Soft-Boiled|p2a: Clefable\n|-heal|p2a: Clefable|100\/100 tox\n|\n|upkeep\n|turn|35\n|\n|t:|1667660326\n|switch|p2a: Tyranitar|Tyranitar, F|72\/100\n|-weather|Sandstorm|[from] ability: Sand Stream|[of] p2a: Tyranitar\n|move|p1a: Slowbro|Future Sight|p2a: Tyranitar\n|-start|p1a: Slowbro|move: Future Sight\n|\n|-weather|Sandstorm|[upkeep]\n|-damage|p1a: Slowbro|82\/100|[from] Sandstorm\n|upkeep\n|turn|36\n|\n|t:|1667660336\n|move|p2a: Tyranitar|Crunch|p1a: Slowbro\n|-supereffective|p1a: Slowbro\n|-damage|p1a: Slowbro|0 fnt\n|-damage|p2a: Tyranitar|55\/100|[from] item: Rocky Helmet|[of] p1a: Slowbro\n|faint|p1a: Slowbro\n|\n|-weather|Sandstorm|[upkeep]\n|upkeep\n|\n|t:|1667660339\n|switch|p1a: Blaziken|Blaziken, F|100\/100\n|-damage|p1a: Blaziken|88\/100|[from] Stealth Rock\n|turn|37\n|\n|t:|1667660357\n|switch|p2a: Slowbro|Slowbro, M|100\/100 tox\n|move|p1a: Blaziken|Close Combat|p2a: Slowbro\n|-resisted|p2a: Slowbro\n|-damage|p2a: Slowbro|75\/100 tox\n|-unboost|p1a: Blaziken|def|1\n|-unboost|p1a: Blaziken|spd|1\n|\n|-weather|Sandstorm|[upkeep]\n|-damage|p1a: Blaziken|82\/100|[from] Sandstorm\n|-damage|p2a: Slowbro|69\/100 tox|[from] Sandstorm\n|-end|p2a: Slowbro|move: Future Sight\n|-resisted|p2a: Slowbro\n|-damage|p2a: Slowbro|54\/100 tox\n|-heal|p1a: Blaziken|88\/100|[from] item: Leftovers\n|-damage|p2a: Slowbro|48\/100 tox|[from] psn\n|-ability|p1a: Blaziken|Speed Boost|boost\n|-boost|p1a: Blaziken|spe|1\n|upkeep\n|turn|38\n|\n|t:|1667660375\n|move|p1a: Blaziken|Close Combat|p2a: Slowbro\n|-resisted|p2a: Slowbro\n|-damage|p2a: Slowbro|21\/100 tox\n|-unboost|p1a: Blaziken|def|1\n|-unboost|p1a: Blaziken|spd|1\n|move|p2a: Slowbro|Trick Room|p2a: Slowbro\n|-fieldstart|move: Trick Room|[of] p2a: Slowbro\n|\n|-weather|Sandstorm|[upkeep]\n|-damage|p2a: Slowbro|15\/100 tox|[from] Sandstorm\n|-damage|p1a: Blaziken|82\/100|[from] Sandstorm\n|-heal|p1a: Blaziken|88\/100|[from] item: Leftovers\n|-damage|p2a: Slowbro|3\/100 tox|[from] psn\n|-ability|p1a: Blaziken|Speed Boost|boost\n|-boost|p1a: Blaziken|spe|1\n|upkeep\n|turn|39\n|\n|t:|1667660383\n|switch|p2a: Clefable|Clefable, M|100\/100 tox\n|move|p1a: Blaziken|Protect||[still]\n|-fail|p1a: Blaziken\n|\n|-weather|none\n|-heal|p1a: Blaziken|94\/100|[from] item: Leftovers\n|-ability|p1a: Blaziken|Speed Boost|boost\n|-boost|p1a: Blaziken|spe|1\n|upkeep\n|turn|40\n|-message|seorakeol forfeited.\n|\n|win|MR. MEZA\n|raw|seorakeol's rating: 1650 &rarr; <strong>1631<\/strong><br \/>(-19 for losing)\n|raw|MR. MEZA's rating: 1663 &rarr; <strong>1682<\/strong><br \/>(+19 for winning)\n|l|\u2606seorakeol\n","uploadtime":1667660398,"views":4,"p1id":"seorakeol","p2id":"mrmeza","formatid":"gen8ou","rating":1631,"private":0,"password":null}