{"id":"gen8ou-1035153315","p1":"Del chef","p2":"Astropokemonworld","format":"gen8ou","log":"|j|\u2606Del chef\n|j|\u2606Astropokemonworld\n|player|p1|Del chef|266|1403\n|player|p2|Astropokemonworld|argenta|1345\n|teamsize|p1|6\n|teamsize|p2|6\n|gametype|singles\n|gen|8\n|tier|[Gen 8] OU\n|rated|\n|rule|Sleep Clause Mod: Limit one foe put to sleep\n|rule|Species Clause: Limit one of each Pok\u00e9mon\n|rule|OHKO Clause: OHKO moves are banned\n|rule|Evasion Moves Clause: Evasion moves are banned\n|rule|Endless Battle Clause: Forcing endless battles is banned\n|rule|HP Percentage Mod: HP is shown in percentages\n|clearpoke\n|poke|p1|Cinderace, M|\n|poke|p1|Mandibuzz, F|\n|poke|p1|Sylveon, F|\n|poke|p1|Ditto|\n|poke|p1|Conkeldurr, F|\n|poke|p1|Rotom-Wash|\n|poke|p2|Excadrill, F|\n|poke|p2|Dragapult, F|\n|poke|p2|Toxapex, M|\n|poke|p2|Corviknight, F|\n|poke|p2|Tyranitar, M|\n|poke|p2|Dracovish|\n|rule|Dynamax Clause: You cannot dynamax\n|teampreview\n|inactive|Battle timer is ON: inactive players will automatically lose when time's up. (requested by Astropokemonworld)\n|\n|start\n|switch|p1a: Cinderace|Cinderace, M|100\/100\n|switch|p2a: Dragapult|Dragapult, F|100\/100\n|turn|1\n|\n|switch|p1a: Sylveon|Sylveon, F|100\/100\n|move|p2a: Dragapult|Draco Meteor|p1a: Sylveon\n|-immune|p1a: Sylveon\n|\n|upkeep\n|turn|2\n|\n|switch|p2a: Toxapex|Toxapex, M|100\/100\n|switch|p1a: Rotom|Rotom-Wash|100\/100\n|\n|upkeep\n|turn|3\n|\n|move|p1a: Rotom|Trick|p2a: Toxapex\n|-activate|p1a: Rotom|move: Trick|[of] p2a: Toxapex\n|-item|p2a: Toxapex|Choice Scarf|[from] move: Trick\n|-item|p1a: Rotom|Rocky Helmet|[from] move: Trick\n|move|p2a: Toxapex|Toxic|p1a: Rotom\n|-status|p1a: Rotom|tox\n|\n|-damage|p1a: Rotom|94\/100 tox|[from] psn\n|upkeep\n|turn|4\n|\n|switch|p2a: Excadrill|Excadrill, F|100\/100\n|-ability|p2a: Excadrill|Mold Breaker\n|move|p1a: Rotom|Volt Switch|p2a: Excadrill\n|-immune|p2a: Excadrill\n|\n|-damage|p1a: Rotom|82\/100 tox|[from] psn\n|upkeep\n|turn|5\n|\n|switch|p2a: Dragapult|Dragapult, F|100\/100\n|switch|p1a: Mandibuzz|Mandibuzz, F|100\/100\n|\n|upkeep\n|turn|6\n|\n|switch|p1a: Sylveon|Sylveon, F|100\/100\n|move|p2a: Dragapult|U-turn|p1a: Sylveon\n|-resisted|p1a: Sylveon\n|-damage|p1a: Sylveon|90\/100\n|\n|switch|p2a: Excadrill|Excadrill, F|100\/100|[from]move: U-turn\n|-ability|p2a: Excadrill|Mold Breaker\n|\n|-heal|p1a: Sylveon|96\/100|[from] item: Leftovers\n|upkeep\n|turn|7\n|\n|switch|p1a: Mandibuzz|Mandibuzz, F|100\/100\n|move|p2a: Excadrill|Swords Dance|p2a: Excadrill\n|-boost|p2a: Excadrill|atk|2\n|\n|upkeep\n|turn|8\n|\n|move|p2a: Excadrill|Rock Tomb|p1a: Mandibuzz\n|-supereffective|p1a: Mandibuzz\n|-damage|p1a: Mandibuzz|55\/100\n|-unboost|p1a: Mandibuzz|spe|1\n|move|p1a: Mandibuzz|U-turn|p2a: Excadrill\n|-resisted|p2a: Excadrill\n|-damage|p2a: Excadrill|93\/100\n|\n|switch|p1a: Conkeldurr|Conkeldurr, F|100\/100|[from]move: U-turn\n|\n|-status|p1a: Conkeldurr|brn|[from] item: Flame Orb\n|upkeep\n|turn|9\n|\n|switch|p2a: Dragapult|Dragapult, F|100\/100\n|move|p1a: Conkeldurr|Payback|p2a: Dragapult\n|-supereffective|p2a: Dragapult\n|-damage|p2a: Dragapult|22\/100\n|\n|-damage|p1a: Conkeldurr|94\/100 brn|[from] brn\n|upkeep\n|turn|10\n|\n|switch|p1a: Sylveon|Sylveon, F|96\/100\n|move|p2a: Dragapult|Draco Meteor|p1a: Sylveon\n|-immune|p1a: Sylveon\n|\n|-heal|p1a: Sylveon|100\/100|[from] item: Leftovers\n|upkeep\n|turn|11\n|\n|move|p2a: Dragapult|Draco Meteor|p1a: Sylveon\n|-immune|p1a: Sylveon\n|move|p1a: Sylveon|Mystical Fire|p2a: Dragapult\n|-resisted|p2a: Dragapult\n|-damage|p2a: Dragapult|9\/100\n|-unboost|p2a: Dragapult|spa|1\n|\n|upkeep\n|turn|12\n|\n|move|p1a: Sylveon|Protect|p1a: Sylveon\n|-singleturn|p1a: Sylveon|Protect\n|move|p2a: Dragapult|Draco Meteor|p1a: Sylveon\n|-activate|p1a: Sylveon|move: Protect\n|\n|upkeep\n|turn|13\n|\n|move|p2a: Dragapult|Draco Meteor|p1a: Sylveon\n|-immune|p1a: Sylveon\n|move|p1a: Sylveon|Wish|p1a: Sylveon\n|\n|upkeep\n|turn|14\n|\n|switch|p2a: Excadrill|Excadrill, F|93\/100\n|-ability|p2a: Excadrill|Mold Breaker\n|switch|p1a: Mandibuzz|Mandibuzz, F|55\/100\n|\n|-heal|p1a: Mandibuzz|100\/100|[from] move: Wish|[wisher] Sylveon\n|upkeep\n|turn|15\n|\n|move|p2a: Excadrill|Swords Dance|p2a: Excadrill\n|-boost|p2a: Excadrill|atk|2\n|move|p1a: Mandibuzz|U-turn|p2a: Excadrill\n|-resisted|p2a: Excadrill\n|-damage|p2a: Excadrill|86\/100\n|\n|switch|p1a: Conkeldurr|Conkeldurr, F|94\/100 brn|[from]move: U-turn\n|\n|-damage|p1a: Conkeldurr|88\/100 brn|[from] brn\n|upkeep\n|turn|16\n|\n|move|p2a: Excadrill|Earthquake|p1a: Conkeldurr\n|-damage|p1a: Conkeldurr|0 fnt\n|faint|p1a: Conkeldurr\n|\n|upkeep\n|\n|switch|p1a: Cinderace|Cinderace, M|100\/100\n|turn|17\n|\n|switch|p2a: Toxapex|Toxapex, M|100\/100\n|move|p1a: Cinderace|U-turn|p2a: Toxapex\n|-resisted|p2a: Toxapex\n|-damage|p2a: Toxapex|93\/100\n|\n|switch|p1a: Rotom|Rotom-Wash|82\/100 tox|[from]move: U-turn\n|\n|-damage|p1a: Rotom|75\/100 tox|[from] psn\n|upkeep\n|turn|18\n|\n|move|p1a: Rotom|Will-O-Wisp|p2a: Toxapex|[miss]\n|-miss|p1a: Rotom|p2a: Toxapex\n|move|p2a: Toxapex|Scald|p1a: Rotom\n|-resisted|p1a: Rotom\n|-damage|p1a: Rotom|67\/100 tox\n|\n|-damage|p1a: Rotom|54\/100 tox|[from] psn\n|upkeep\n|turn|19\n|\n|switch|p2a: Dragapult|Dragapult, F|9\/100\n|move|p1a: Rotom|Volt Switch|p2a: Dragapult\n|-resisted|p2a: Dragapult\n|-damage|p2a: Dragapult|0 fnt\n|faint|p2a: Dragapult\n|\n|switch|p1a: Cinderace|Cinderace, M|100\/100|[from]move: Volt Switch\n|\n|upkeep\n|\n|switch|p2a: Dracovish|Dracovish|100\/100\n|turn|20\n|\n|move|p1a: Cinderace|U-turn|p2a: Dracovish\n|-damage|p2a: Dracovish|74\/100\n|\n|switch|p1a: Ditto|Ditto|100\/100|[from]move: U-turn\n|-transform|p1a: Ditto|p2a: Dracovish|[from] ability: Imposter\n|move|p2a: Dracovish|Fishious Rend|p1a: Ditto\n|-resisted|p1a: Ditto\n|-damage|p1a: Ditto|72\/100\n|\n|upkeep\n|turn|21\n|\n|move|p1a: Ditto|Fishious Rend|p2a: Dracovish\n|-resisted|p2a: Dracovish\n|-damage|p2a: Dracovish|49\/100\n|move|p2a: Dracovish|Fishious Rend|p1a: Ditto\n|-resisted|p1a: Ditto\n|-damage|p1a: Ditto|57\/100\n|\n|upkeep\n|turn|22\n|\n|switch|p2a: Toxapex|Toxapex, M|100\/100\n|move|p1a: Ditto|Fishious Rend|p2a: Toxapex\n|-resisted|p2a: Toxapex\n|-damage|p2a: Toxapex|65\/100\n|\n|upkeep\n|turn|23\n|\n|switch|p1a: Rotom|Rotom-Wash|54\/100 tox\n|switch|p2a: Tyranitar|Tyranitar, M|100\/100\n|-weather|Sandstorm|[from] ability: Sand Stream|[of] p2a: Tyranitar\n|\n|-weather|Sandstorm|[upkeep]\n|-damage|p1a: Rotom|48\/100 tox|[from] Sandstorm\n|-damage|p1a: Rotom|42\/100 tox|[from] psn\n|upkeep\n|turn|24\n|\n|switch|p2a: Toxapex|Toxapex, M|98\/100\n|move|p1a: Rotom|Will-O-Wisp|p2a: Toxapex\n|-status|p2a: Toxapex|brn\n|\n|-weather|Sandstorm|[upkeep]\n|-damage|p1a: Rotom|36\/100 tox|[from] Sandstorm\n|-damage|p2a: Toxapex|92\/100 brn|[from] Sandstorm\n|-damage|p1a: Rotom|23\/100 tox|[from] psn\n|-damage|p2a: Toxapex|86\/100 brn|[from] brn\n|upkeep\n|turn|25\n|\n|switch|p2a: Excadrill|Excadrill, F|86\/100\n|-ability|p2a: Excadrill|Mold Breaker\n|move|p1a: Rotom|Volt Switch|p2a: Excadrill\n|-immune|p2a: Excadrill\n|\n|-weather|Sandstorm|[upkeep]\n|-damage|p1a: Rotom|17\/100 tox|[from] Sandstorm\n|-damage|p1a: Rotom|0 fnt|[from] psn\n|faint|p1a: Rotom\n|upkeep\n|\n|switch|p1a: Ditto|Ditto|57\/100\n|-transform|p1a: Ditto|p2a: Excadrill|[from] ability: Imposter\n|-ability|p1a: Ditto|Mold Breaker\n|turn|26\n|\n|switch|p1a: Cinderace|Cinderace, M|100\/100\n|switch|p2a: Corviknight|Corviknight, F|100\/100\n|-ability|p2a: Corviknight|Pressure\n|\n|-weather|Sandstorm|[upkeep]\n|-damage|p1a: Cinderace|95\/100|[from] Sandstorm\n|upkeep\n|turn|27\n|\n|switch|p2a: Toxapex|Toxapex, M|100\/100 brn\n|move|p1a: Cinderace|U-turn|p2a: Toxapex\n|-resisted|p2a: Toxapex\n|-damage|p2a: Toxapex|93\/100 brn\n|\n|switch|p1a: Ditto|Ditto|57\/100|[from]move: U-turn\n|-transform|p1a: Ditto|p2a: Toxapex|[from] ability: Imposter\n|\n|-weather|none\n|-damage|p2a: Toxapex|87\/100 brn|[from] brn\n|upkeep\n|turn|28\n|\n|move|p2a: Toxapex|Scald|p1a: Ditto\n|-resisted|p1a: Ditto\n|-damage|p1a: Ditto|52\/100\n|move|p1a: Ditto|Recover|p1a: Ditto\n|-heal|p1a: Ditto|100\/100\n|\n|-damage|p2a: Toxapex|81\/100 brn|[from] brn\n|upkeep\n|turn|29\n|\n|move|p2a: Toxapex|Scald|p1a: Ditto\n|-resisted|p1a: Ditto\n|-damage|p1a: Ditto|95\/100\n|move|p1a: Ditto|Recover|p1a: Ditto\n|-heal|p1a: Ditto|100\/100\n|\n|-damage|p2a: Toxapex|75\/100 brn|[from] brn\n|upkeep\n|turn|30\n|\n|move|p1a: Ditto|Recover||[still]\n|-fail|p1a: Ditto|heal\n|move|p2a: Toxapex|Scald|p1a: Ditto\n|-resisted|p1a: Ditto\n|-damage|p1a: Ditto|95\/100\n|\n|-damage|p2a: Toxapex|69\/100 brn|[from] brn\n|upkeep\n|turn|31\n|\n|move|p1a: Ditto|Recover|p1a: Ditto\n|-heal|p1a: Ditto|100\/100\n|move|p2a: Toxapex|Scald|p1a: Ditto\n|-resisted|p1a: Ditto\n|-damage|p1a: Ditto|94\/100\n|-status|p1a: Ditto|brn\n|\n|-damage|p2a: Toxapex|63\/100 brn|[from] brn\n|-damage|p1a: Ditto|88\/100 brn|[from] brn\n|upkeep\n|turn|32\n|\n|switch|p1a: Sylveon|Sylveon, F|100\/100\n|switch|p2a: Dracovish|Dracovish|49\/100\n|\n|upkeep\n|turn|33\n|\n|move|p1a: Sylveon|Protect|p1a: Sylveon\n|-singleturn|p1a: Sylveon|Protect\n|move|p2a: Dracovish|Fishious Rend|p1a: Sylveon\n|-activate|p1a: Sylveon|move: Protect\n|\n|upkeep\n|turn|34\n|\n|switch|p1a: Ditto|Ditto|100\/100 brn\n|-transform|p1a: Ditto|p2a: Dracovish|[from] ability: Imposter\n|move|p2a: Dracovish|Fishious Rend|p1a: Ditto\n|-resisted|p1a: Ditto\n|-damage|p1a: Ditto|71\/100 brn\n|\n|-damage|p1a: Ditto|65\/100 brn|[from] brn\n|upkeep\n|turn|35\n|\n|switch|p2a: Corviknight|Corviknight, F|100\/100\n|-ability|p2a: Corviknight|Pressure\n|move|p1a: Ditto|Psychic Fangs|p2a: Corviknight\n|-resisted|p2a: Corviknight\n|-crit|p2a: Corviknight\n|-damage|p2a: Corviknight|92\/100\n|-damage|p1a: Ditto|49\/100 brn|[from] item: Rocky Helmet|[of] p2a: Corviknight\n|\n|-damage|p1a: Ditto|43\/100 brn|[from] brn\n|upkeep\n|turn|36\n|\n|switch|p1a: Cinderace|Cinderace, M|95\/100\n|move|p2a: Corviknight|U-turn|p1a: Cinderace\n|-resisted|p1a: Cinderace\n|-damage|p1a: Cinderace|83\/100\n|\n|switch|p2a: Tyranitar|Tyranitar, M|100\/100|[from]move: U-turn\n|-weather|Sandstorm|[from] ability: Sand Stream|[of] p2a: Tyranitar\n|\n|-weather|Sandstorm|[upkeep]\n|-damage|p1a: Cinderace|77\/100|[from] Sandstorm\n|upkeep\n|turn|37\n|\n|switch|p2a: Toxapex|Toxapex, M|97\/100 brn\n|move|p1a: Cinderace|High Jump Kick|p2a: Toxapex|[miss]\n|-miss|p1a: Cinderace|p2a: Toxapex\n|-damage|p1a: Cinderace|27\/100|[from] highjumpkick\n|\n|-weather|Sandstorm|[upkeep]\n|-damage|p1a: Cinderace|21\/100|[from] Sandstorm\n|-damage|p2a: Toxapex|91\/100 brn|[from] Sandstorm\n|-damage|p2a: Toxapex|85\/100 brn|[from] brn\n|upkeep\n|turn|38\n|-message|Del chef forfeited.\n|\n|win|Astropokemonworld\n|l|\u2606Del chef\n|l|\u2606Astropokemonworld\n|raw|Del chef's rating: 1403 &rarr; <strong>1380<\/strong><br \/>(-23 for losing)\n|raw|Astropokemonworld's rating: 1345 &rarr; <strong>1369<\/strong><br \/>(+24 for winning)\n|j|\u2606Astropokemonworld\n|player|p2|Astropokemonworld|argenta\n|l|\u2606Astropokemonworld\n|player|p2|\n|j|\u2606Astropokemonworld\n|player|p2|Astropokemonworld|argenta\n","uploadtime":1577221419,"views":16,"p1id":"delchef","p2id":"astropokemonworld","formatid":"gen8ou","rating":1369,"private":0,"password":null}