{"id":"gen8nationaldex-1600151332","p1":"tryhardlegacy","p2":"LECH24","format":"gen8nationaldex","log":"|j|\u2606tryhardlegacy\n|j|\u2606LECH24\n|t:|1655706272\n|gametype|singles\n|player|p1|tryhardlegacy|170|1632\n|player|p2|LECH24|102|1653\n|teamsize|p1|6\n|teamsize|p2|6\n|gen|8\n|tier|[Gen 8] National Dex\n|rated|\n|rule|HP Percentage Mod: HP is shown in percentages\n|rule|Endless Battle Clause: Forcing endless battles is banned\n|rule|OHKO Clause: OHKO moves are banned\n|rule|Evasion Moves Clause: Evasion moves are banned\n|rule|Species Clause: Limit one of each Pok\u00e9mon\n|rule|Dynamax Clause: You cannot dynamax\n|rule|Sleep Clause Mod: Limit one foe put to sleep\n|clearpoke\n|poke|p1|Shuckle, F|\n|poke|p1|Gengar, F|\n|poke|p1|Kommo-o, F|\n|poke|p1|Bisharp, M|\n|poke|p1|Thundurus, M|\n|poke|p1|Rillaboom, F|\n|poke|p2|Weavile, M|\n|poke|p2|Absol, M|\n|poke|p2|Volcarona, M|\n|poke|p2|Gliscor, F|\n|poke|p2|Toxapex, M|\n|poke|p2|Aegislash, M|\n|teampreview\n|inactive|Battle timer is ON: inactive players will automatically lose when time's up. (requested by tryhardlegacy)\n|\n|t:|1655706283\n|start\n|switch|p1a: even|Thundurus, M|100\/100\n|switch|p2a: Absol|Absol, M|100\/100\n|-ability|p2a: Absol|Pressure\n|turn|1\n|\n|t:|1655706292\n|detailschange|p2a: Absol|Absol-Mega, M\n|-mega|p2a: Absol|Absol|Absolite\n|move|p2a: Absol|Knock Off|p1a: even\n|-damage|p1a: even|0 fnt\n|-enditem|p1a: even|Life Orb|[from] move: Knock Off|[of] p2a: Absol\n|faint|p1a: even\n|\n|upkeep\n|\n|t:|1655706305\n|switch|p1a: gayee|Rillaboom, F|100\/100\n|-fieldstart|move: Grassy Terrain|[from] ability: Grassy Surge|[of] p1a: gayee\n|turn|2\n|\n|t:|1655706322\n|switch|p2a: Toxapex|Toxapex, M|100\/100\n|move|p1a: gayee|U-turn|p2a: Toxapex\n|-resisted|p2a: Toxapex\n|-damage|p2a: Toxapex|88\/100\n|\n|t:|1655706329\n|switch|p1a: gay|Kommo-o, F|100\/100|[from]move: U-turn\n|\n|-heal|p2a: Toxapex|94\/100|[from] Grassy Terrain\n|-heal|p2a: Toxapex|100\/100|[from] item: Black Sludge\n|upkeep\n|turn|3\n|\n|t:|1655706334\n|move|p1a: gay|Substitute|p1a: gay\n|-start|p1a: gay|Substitute\n|-damage|p1a: gay|75\/100\n|move|p2a: Toxapex|Poison Jab|p1a: gay\n|-activate|p1a: gay|move: Substitute|[damage]\n|\n|-heal|p1a: gay|82\/100|[from] Grassy Terrain\n|upkeep\n|turn|4\n|\n|t:|1655706350\n|switch|p2a: Volcarona|Volcarona, M|100\/100\n|move|p1a: gay|Belly Drum|p1a: gay\n|-damage|p1a: gay|32\/100\n|-setboost|p1a: gay|atk|6|[from] move: Belly Drum\n|\n|-heal|p1a: gay|38\/100|[from] Grassy Terrain\n|upkeep\n|turn|5\n|\n|t:|1655706354\n|move|p2a: Volcarona|Psychic|p1a: gay\n|-supereffective|p1a: gay\n|-end|p1a: gay|Substitute\n|move|p1a: gay|Drain Punch|p2a: Volcarona\n|-resisted|p2a: Volcarona\n|-damage|p2a: Volcarona|24\/100\n|-heal|p1a: gay|82\/100|[from] drain|[of] p2a: Volcarona\n|\n|-heal|p2a: Volcarona|30\/100|[from] Grassy Terrain\n|-heal|p1a: gay|88\/100|[from] Grassy Terrain\n|upkeep\n|turn|6\n|\n|t:|1655706364\n|move|p2a: Volcarona|Psychic|p1a: gay\n|-supereffective|p1a: gay\n|-damage|p1a: gay|26\/100\n|move|p1a: gay|Drain Punch|p2a: Volcarona\n|-resisted|p2a: Volcarona\n|-damage|p2a: Volcarona|0 fnt\n|-heal|p1a: gay|44\/100|[from] drain|[of] p2a: Volcarona\n|faint|p2a: Volcarona\n|\n|-heal|p1a: gay|50\/100|[from] Grassy Terrain\n|-fieldend|move: Grassy Terrain\n|upkeep\n|\n|t:|1655706367\n|switch|p2a: Weavile|Weavile, M|100\/100\n|-ability|p2a: Weavile|Pressure\n|turn|7\n|\n|t:|1655706373\n|switch|p1a: valorant|Shuckle, F|100\/100\n|move|p2a: Weavile|Ice Shard|p1a: valorant\n|-damage|p1a: valorant|85\/100\n|\n|upkeep\n|turn|8\n|\n|t:|1655706379\n|move|p2a: Weavile|Ice Shard|p1a: valorant\n|-damage|p1a: valorant|69\/100\n|move|p1a: valorant|Sticky Web|p2a: Weavile\n|-sidestart|p2: LECH24|move: Sticky Web\n|\n|upkeep\n|turn|9\n|\n|t:|1655706385\n|switch|p2a: Gliscor|Gliscor, F|100\/100\n|switch|p1a: gay|Kommo-o, F|50\/100\n|\n|-status|p2a: Gliscor|tox|[from] item: Toxic Orb\n|upkeep\n|turn|10\n|\n|t:|1655706391\n|switch|p1a: gayee|Rillaboom, F|100\/100\n|-fieldstart|move: Grassy Terrain|[from] ability: Grassy Surge|[of] p1a: gayee\n|move|p2a: Gliscor|Earthquake|p1a: gayee\n|-resisted|p1a: gayee\n|-damage|p1a: gayee|91\/100\n|\n|-heal|p1a: gayee|97\/100|[from] Grassy Terrain\n|upkeep\n|turn|11\n|j| 7lock\n|\n|t:|1655706396\n|move|p1a: gayee|Wood Hammer|p2a: Gliscor\n|-damage|p2a: Gliscor|0 fnt\n|faint|p2a: Gliscor\n|-damage|p1a: gayee|64\/100|[from] Recoil\n|\n|-heal|p1a: gayee|70\/100|[from] Grassy Terrain\n|upkeep\n|\n|t:|1655706401\n|switch|p2a: Aegislash|Aegislash, M|100\/100\n|-activate|p2a: Aegislash|move: Sticky Web\n|-unboost|p2a: Aegislash|spe|1\n|turn|12\n|\n|t:|1655706404\n|switch|p1a: gay|Kommo-o, F|50\/100\n|-formechange|p2a: Aegislash|Aegislash-Blade||[from] ability: Stance Change\n|move|p2a: Aegislash|Flash Cannon|p1a: gay\n|-damage|p1a: gay|0 fnt\n|faint|p1a: gay\n|\n|upkeep\n|\n|t:|1655706408\n|switch|p1a: pokemon|Bisharp, M|100\/100\n|turn|13\n|\n|t:|1655706411\n|move|p1a: pokemon|Knock Off|p2a: Aegislash\n|-supereffective|p2a: Aegislash\n|-damage|p2a: Aegislash|0 fnt\n|-enditem|p2a: Aegislash|Spell Tag|[from] move: Knock Off|[of] p1a: pokemon\n|faint|p2a: Aegislash\n|\n|upkeep\n|\n|t:|1655706427\n|switch|p2a: Toxapex|Toxapex, M|100\/100\n|-activate|p2a: Toxapex|move: Sticky Web\n|-unboost|p2a: Toxapex|spe|1\n|turn|14\n|\n|t:|1655706435\n|switch|p1a: valorant|Shuckle, F|69\/100\n|move|p2a: Toxapex|Scald|p1a: valorant\n|-supereffective|p1a: valorant\n|-damage|p1a: valorant|50\/100\n|-status|p1a: valorant|brn\n|\n|-heal|p1a: valorant|56\/100 brn|[from] Grassy Terrain\n|-damage|p1a: valorant|50\/100 brn|[from] brn\n|-fieldend|move: Grassy Terrain\n|upkeep\n|turn|15\n|\n|t:|1655706439\n|switch|p2a: Absol|Absol-Mega, M|100\/100\n|-activate|p2a: Absol|move: Sticky Web\n|-unboost|p2a: Absol|spe|1\n|move|p1a: valorant|Final Gambit|p2a: Absol\n|-damage|p2a: Absol|56\/100\n|faint|p1a: valorant\n|\n|upkeep\n|\n|t:|1655706443\n|switch|p1a: pokemon|Bisharp, M|100\/100\n|turn|16\n|\n|t:|1655706448\n|move|p2a: Absol|Close Combat|p1a: pokemon\n|-supereffective|p1a: pokemon\n|-damage|p1a: pokemon|0 fnt\n|-unboost|p2a: Absol|def|1\n|-unboost|p2a: Absol|spd|1\n|faint|p1a: pokemon\n|\n|upkeep\n|\n|t:|1655706458\n|switch|p1a: is|Gengar, F|100\/100\n|turn|17\n|\n|t:|1655706462\n|move|p2a: Absol|Sucker Punch||[still]\n|-fail|p2a: Absol\n|move|p1a: is|Substitute|p1a: is\n|-start|p1a: is|Substitute\n|-damage|p1a: is|76\/100\n|\n|upkeep\n|turn|18\n|\n|t:|1655706468\n|switch|p2a: Weavile|Weavile, M|100\/100\n|-activate|p2a: Weavile|move: Sticky Web\n|-unboost|p2a: Weavile|spe|1\n|-ability|p2a: Weavile|Pressure\n|move|p1a: is|Focus Blast|p2a: Weavile|[miss]\n|-miss|p1a: is|p2a: Weavile\n|\n|upkeep\n|turn|19\n|\n|t:|1655706472\n|move|p2a: Weavile|Ice Shard|p1a: is\n|-end|p1a: is|Substitute\n|move|p1a: is|Focus Blast|p2a: Weavile\n|-supereffective|p2a: Weavile\n|-damage|p2a: Weavile|0 fnt\n|faint|p2a: Weavile\n|\n|upkeep\n|\n|t:|1655706477\n|switch|p2a: Absol|Absol-Mega, M|56\/100\n|-activate|p2a: Absol|move: Sticky Web\n|-unboost|p2a: Absol|spe|1\n|turn|20\n|\n|t:|1655706481\n|move|p1a: is|Substitute|p1a: is\n|-start|p1a: is|Substitute\n|-damage|p1a: is|51\/100\n|move|p2a: Absol|Knock Off|p1a: is\n|-supereffective|p1a: is\n|-end|p1a: is|Substitute\n|\n|upkeep\n|turn|21\n|\n|t:|1655706483\n|move|p1a: is|Substitute|p1a: is\n|-start|p1a: is|Substitute\n|-damage|p1a: is|26\/100\n|move|p2a: Absol|Knock Off|p1a: is\n|-supereffective|p1a: is\n|-end|p1a: is|Substitute\n|\n|upkeep\n|turn|22\n|\n|t:|1655706486\n|move|p2a: Absol|Sucker Punch|p1a: is\n|-supereffective|p1a: is\n|-damage|p1a: is|0 fnt\n|faint|p1a: is\n|\n|upkeep\n|\n|t:|1655706488\n|switch|p1a: gayee|Rillaboom, F|70\/100\n|-fieldstart|move: Grassy Terrain|[from] ability: Grassy Surge|[of] p1a: gayee\n|turn|23\n|\n|t:|1655706491\n|move|p1a: gayee|Wood Hammer|p2a: Absol\n|-damage|p2a: Absol|0 fnt\n|faint|p2a: Absol\n|-damage|p1a: gayee|56\/100|[from] Recoil\n|\n|-heal|p1a: gayee|62\/100|[from] Grassy Terrain\n|upkeep\n|\n|t:|1655706494\n|switch|p2a: Toxapex|Toxapex, M|100\/100\n|-activate|p2a: Toxapex|move: Sticky Web\n|-unboost|p2a: Toxapex|spe|1\n|turn|24\n|\n|t:|1655706496\n|move|p1a: gayee|Wood Hammer|p2a: Toxapex\n|-damage|p2a: Toxapex|27\/100\n|-damage|p1a: gayee|40\/100|[from] Recoil\n|move|p2a: Toxapex|Poison Jab|p1a: gayee\n|-supereffective|p1a: gayee\n|-damage|p1a: gayee|0 fnt\n|faint|p1a: gayee\n|\n|win|LECH24\n|raw|tryhardlegacy's rating: 1632 &rarr; <strong>1613<\/strong><br \/>(-19 for losing)\n|raw|LECH24's rating: 1653 &rarr; <strong>1672<\/strong><br \/>(+19 for winning)\n|c|\u2606LECH24|Gg\n|l|\u2606tryhardlegacy\n","uploadtime":1655706573,"views":8,"p1id":"tryhardlegacy","p2id":"lech24","formatid":"gen8nationaldex","rating":1613,"private":0,"password":null}