{"id":"gen8ou-1578063494","p1":"SKIP THE DRIP","p2":"eromangagaki","format":"gen8ou","log":"|j|\u2606SKIP THE DRIP\n|j|\u2606eromangagaki\n|t:|1652940994\n|gametype|singles\n|player|p1|SKIP THE DRIP|acerola|1713\n|player|p2|eromangagaki|169|1613\n|teamsize|p1|6\n|teamsize|p2|6\n|gen|8\n|tier|[Gen 8] OU\n|rated|\n|rule|Sleep Clause Mod: Limit one foe put to sleep\n|rule|Species Clause: Limit one of each Pok\u00e9mon\n|rule|OHKO Clause: OHKO moves are banned\n|rule|Evasion Moves Clause: Evasion moves are banned\n|rule|Endless Battle Clause: Forcing endless battles is banned\n|rule|HP Percentage Mod: HP is shown in percentages\n|rule|Dynamax Clause: You cannot dynamax\n|clearpoke\n|poke|p1|Skarmory, M|\n|poke|p1|Tapu Bulu|\n|poke|p1|Blissey, F|\n|poke|p1|Toxapex, M|\n|poke|p1|Flygon, M|\n|poke|p1|Pyukumuku, M|\n|poke|p2|Primarina, F|\n|poke|p2|Moltres|\n|poke|p2|Cobalion|\n|poke|p2|Landorus-Therian, M|\n|poke|p2|Tornadus-Therian, M|\n|poke|p2|Kartana|\n|teampreview\n|inactive|Battle timer is ON: inactive players will automatically lose when time's up. (requested by SKIP THE DRIP)\n|\n|t:|1652941006\n|start\n|switch|p1a: Pyukumuku|Pyukumuku, M, shiny|100\/100\n|switch|p2a: Moltres|Moltres|100\/100\n|turn|1\n|\n|t:|1652941016\n|switch|p2a: Kartana|Kartana|100\/100\n|move|p1a: Pyukumuku|Soak|p2a: Kartana\n|-start|p2a: Kartana|typechange|Water\n|\n|upkeep\n|turn|2\n|\n|t:|1652941020\n|switch|p2a: Cobalion|Cobalion|100\/100\n|move|p1a: Pyukumuku|Toxic|p2a: Cobalion\n|-immune|p2a: Cobalion\n|\n|upkeep\n|turn|3\n|\n|t:|1652941030\n|move|p2a: Cobalion|Stealth Rock|p1a: Pyukumuku\n|-sidestart|p1: SKIP THE DRIP|move: Stealth Rock\n|move|p1a: Pyukumuku|Soak|p2a: Cobalion\n|-start|p2a: Cobalion|typechange|Water\n|\n|upkeep\n|turn|4\n|\n|t:|1652941036\n|switch|p2a: Kartana|Kartana|100\/100\n|switch|p1a: Skarmory|Skarmory, M|100\/100\n|-damage|p1a: Skarmory|88\/100|[from] Stealth Rock\n|\n|upkeep\n|turn|5\n|\n|t:|1652941040\n|move|p2a: Kartana|Knock Off|p1a: Skarmory\n|-damage|p1a: Skarmory|68\/100\n|-damage|p2a: Kartana|84\/100|[from] item: Rocky Helmet|[of] p1a: Skarmory\n|-enditem|p1a: Skarmory|Rocky Helmet|[from] move: Knock Off|[of] p2a: Kartana\n|move|p1a: Skarmory|Defog|p2a: Kartana\n|-unboost|p2a: Kartana|evasion|1\n|-sideend|p1: SKIP THE DRIP|Stealth Rock|[from] move: Defog|[of] p1a: Skarmory\n|\n|upkeep\n|turn|6\n|j| a lot of nekos\n|\n|t:|1652941045\n|switch|p2a: Cobalion|Cobalion|100\/100\n|move|p1a: Skarmory|Roost|p1a: Skarmory\n|-heal|p1a: Skarmory|100\/100\n|-singleturn|p1a: Skarmory|move: Roost\n|\n|upkeep\n|turn|7\n|\n|t:|1652941049\n|switch|p2a: Moltres|Moltres|100\/100\n|move|p1a: Skarmory|Body Press|p2a: Moltres\n|-resisted|p2a: Moltres\n|-damage|p2a: Moltres|87\/100\n|\n|upkeep\n|turn|8\n|\n|t:|1652941053\n|switch|p2a: Cobalion|Cobalion|100\/100\n|switch|p1a: Toxapex|Toxapex, M|100\/100\n|\n|upkeep\n|turn|9\n|\n|t:|1652941056\n|switch|p1a: Skarmory|Skarmory, M|100\/100\n|move|p2a: Cobalion|Stealth Rock|p1a: Skarmory\n|-sidestart|p1: SKIP THE DRIP|move: Stealth Rock\n|\n|upkeep\n|turn|10\n|\n|t:|1652941059\n|move|p2a: Cobalion|Swords Dance|p2a: Cobalion\n|-boost|p2a: Cobalion|atk|2\n|move|p1a: Skarmory|Spikes|p2a: Cobalion\n|-sidestart|p2: eromangagaki|Spikes\n|\n|upkeep\n|turn|11\n|\n|t:|1652941063\n|switch|p2a: Moltres|Moltres|87\/100\n|switch|p1a: Pyukumuku|Pyukumuku, M, shiny|100\/100\n|-damage|p1a: Pyukumuku|88\/100|[from] Stealth Rock\n|\n|-heal|p1a: Pyukumuku|94\/100|[from] item: Leftovers\n|upkeep\n|turn|12\n|\n|t:|1652941066\n|switch|p2a: Cobalion|Cobalion|100\/100\n|-damage|p2a: Cobalion|88\/100|[from] Spikes\n|switch|p1a: Blissey|Blissey, F|100\/100\n|-damage|p1a: Blissey|88\/100|[from] Stealth Rock\n|\n|-heal|p2a: Cobalion|94\/100|[from] item: Leftovers\n|-heal|p1a: Blissey|94\/100|[from] item: Leftovers\n|upkeep\n|turn|13\n|\n|t:|1652941069\n|switch|p1a: Toxapex|Toxapex, M|100\/100\n|-damage|p1a: Toxapex|88\/100|[from] Stealth Rock\n|move|p2a: Cobalion|Swords Dance|p2a: Cobalion\n|-boost|p2a: Cobalion|atk|2\n|\n|-heal|p2a: Cobalion|100\/100|[from] item: Leftovers\n|upkeep\n|turn|14\n|\n|t:|1652941072\n|switch|p2a: Moltres|Moltres|87\/100\n|move|p1a: Toxapex|Haze|p1a: Toxapex\n|-clearallboost\n|\n|upkeep\n|turn|15\n|\n|t:|1652941074\n|switch|p1a: Blissey|Blissey, F|94\/100\n|-damage|p1a: Blissey|82\/100|[from] Stealth Rock\n|move|p2a: Moltres|Fire Spin|p1a: Blissey\n|-damage|p1a: Blissey|75\/100\n|-activate|p1a: Blissey|move: Fire Spin|[of] p2a: Moltres\n|\n|-heal|p1a: Blissey|82\/100|[from] item: Leftovers\n|-damage|p1a: Blissey|69\/100|[from] move: Fire Spin|[partiallytrapped]\n|upkeep\n|turn|16\n|\n|t:|1652941078\n|switch|p2a: Kartana|Kartana|84\/100\n|-damage|p2a: Kartana|72\/100|[from] Spikes\n|move|p1a: Blissey|Stealth Rock|p2a: Kartana\n|-sidestart|p2: eromangagaki|move: Stealth Rock\n|\n|-heal|p1a: Blissey|75\/100|[from] item: Leftovers\n|-end|p1a: Blissey|Fire Spin|[partiallytrapped]|[silent]\n|upkeep\n|turn|17\n|\n|t:|1652941083\n|switch|p1a: Skarmory|Skarmory, M|100\/100\n|-damage|p1a: Skarmory|88\/100|[from] Stealth Rock\n|move|p2a: Kartana|Swords Dance|p2a: Kartana\n|-boost|p2a: Kartana|atk|2\n|\n|upkeep\n|turn|18\n|\n|t:|1652941088\n|move|p2a: Kartana|Synthesis|p2a: Kartana\n|-heal|p2a: Kartana|100\/100\n|move|p1a: Skarmory|Body Press|p2a: Kartana\n|-supereffective|p2a: Kartana\n|-damage|p2a: Kartana|49\/100\n|-damage|p1a: Skarmory|72\/100|[from] item: Rocky Helmet|[of] p2a: Kartana\n|\n|upkeep\n|turn|19\n|\n|t:|1652941097\n|move|p2a: Kartana|Synthesis|p2a: Kartana\n|-heal|p2a: Kartana|99\/100\n|move|p1a: Skarmory|Body Press|p2a: Kartana\n|-supereffective|p2a: Kartana\n|-damage|p2a: Kartana|46\/100\n|-damage|p1a: Skarmory|55\/100|[from] item: Rocky Helmet|[of] p2a: Kartana\n|\n|upkeep\n|turn|20\n|\n|t:|1652941101\n|move|p2a: Kartana|Synthesis|p2a: Kartana\n|-heal|p2a: Kartana|96\/100\n|move|p1a: Skarmory|Roost|p1a: Skarmory\n|-heal|p1a: Skarmory|100\/100\n|-singleturn|p1a: Skarmory|move: Roost\n|\n|upkeep\n|turn|21\n|\n|t:|1652941108\n|move|p2a: Kartana|Swords Dance|p2a: Kartana\n|-boost|p2a: Kartana|atk|2\n|move|p1a: Skarmory|Body Press|p2a: Kartana\n|-supereffective|p2a: Kartana\n|-damage|p2a: Kartana|42\/100\n|-damage|p1a: Skarmory|84\/100|[from] item: Rocky Helmet|[of] p2a: Kartana\n|\n|upkeep\n|turn|22\n|\n|t:|1652941112\n|switch|p2a: Moltres|Moltres|87\/100\n|move|p1a: Skarmory|Body Press|p2a: Moltres\n|-resisted|p2a: Moltres\n|-damage|p2a: Moltres|74\/100\n|\n|upkeep\n|turn|23\n|\n|t:|1652941115\n|switch|p1a: Toxapex|Toxapex, M|100\/100\n|-damage|p1a: Toxapex|88\/100|[from] Stealth Rock\n|move|p2a: Moltres|Fire Spin|p1a: Toxapex\n|-resisted|p1a: Toxapex\n|-damage|p1a: Toxapex|81\/100\n|-activate|p1a: Toxapex|move: Fire Spin|[of] p2a: Moltres\n|\n|-damage|p1a: Toxapex|69\/100|[from] move: Fire Spin|[partiallytrapped]\n|upkeep\n|turn|24\n|\n|t:|1652941118\n|move|p2a: Moltres|Scorching Sands|p1a: Toxapex\n|-supereffective|p1a: Toxapex\n|-damage|p1a: Toxapex|32\/100\n|move|p1a: Toxapex|Recover|p1a: Toxapex\n|-heal|p1a: Toxapex|82\/100\n|\n|-damage|p1a: Toxapex|69\/100|[from] move: Fire Spin|[partiallytrapped]\n|upkeep\n|turn|25\n|\n|t:|1652941121\n|move|p2a: Moltres|Scorching Sands|p1a: Toxapex\n|-supereffective|p1a: Toxapex\n|-damage|p1a: Toxapex|36\/100\n|move|p1a: Toxapex|Recover|p1a: Toxapex\n|-heal|p1a: Toxapex|86\/100\n|\n|-damage|p1a: Toxapex|73\/100|[from] move: Fire Spin|[partiallytrapped]\n|upkeep\n|turn|26\n|\n|t:|1652941123\n|move|p2a: Moltres|Scorching Sands|p1a: Toxapex\n|-supereffective|p1a: Toxapex\n|-damage|p1a: Toxapex|37\/100\n|-status|p1a: Toxapex|brn\n|move|p1a: Toxapex|Recover|p1a: Toxapex\n|-heal|p1a: Toxapex|87\/100 brn\n|\n|-damage|p1a: Toxapex|81\/100 brn|[from] brn\n|-damage|p1a: Toxapex|68\/100 brn|[from] move: Fire Spin|[partiallytrapped]\n|upkeep\n|turn|27\n|\n|t:|1652941126\n|move|p2a: Moltres|Hurricane|p1a: Toxapex\n|-damage|p1a: Toxapex|26\/100 brn\n|move|p1a: Toxapex|Recover|p1a: Toxapex\n|-heal|p1a: Toxapex|76\/100 brn\n|\n|-damage|p1a: Toxapex|70\/100 brn|[from] brn\n|-damage|p1a: Toxapex|58\/100 brn|[from] move: Fire Spin|[partiallytrapped]\n|upkeep\n|turn|28\n|\n|t:|1652941131\n|move|p2a: Moltres|Hurricane|p1a: Toxapex|[miss]\n|-miss|p2a: Moltres|p1a: Toxapex\n|move|p1a: Toxapex|Recover|p1a: Toxapex\n|-heal|p1a: Toxapex|100\/100 brn\n|\n|-damage|p1a: Toxapex|94\/100 brn|[from] brn\n|-end|p1a: Toxapex|Fire Spin|[partiallytrapped]\n|upkeep\n|turn|29\n|\n|t:|1652941142\n|switch|p2a: Cobalion|Cobalion|100\/100\n|-damage|p2a: Cobalion|97\/100|[from] Stealth Rock\n|-damage|p2a: Cobalion|85\/100|[from] Spikes\n|move|p1a: Toxapex|Knock Off|p2a: Cobalion\n|-resisted|p2a: Cobalion\n|-damage|p2a: Cobalion|83\/100\n|-ability|p2a: Cobalion|Justified|boost\n|-boost|p2a: Cobalion|atk|1\n|-enditem|p2a: Cobalion|Leftovers|[from] move: Knock Off|[of] p1a: Toxapex\n|\n|-damage|p1a: Toxapex|88\/100 brn|[from] brn\n|upkeep\n|turn|30\n|\n|t:|1652941147\n|move|p2a: Cobalion|Swords Dance|p2a: Cobalion\n|-boost|p2a: Cobalion|atk|2\n|move|p1a: Toxapex|Haze|p1a: Toxapex\n|-clearallboost\n|\n|-damage|p1a: Toxapex|82\/100 brn|[from] brn\n|upkeep\n|turn|31\n|j| Qinno\n|\n|t:|1652941159\n|switch|p2a: Tornadus|Tornadus-Therian, M|100\/100\n|switch|p1a: Pyukumuku|Pyukumuku, M, shiny|94\/100\n|-damage|p1a: Pyukumuku|82\/100|[from] Stealth Rock\n|\n|-heal|p1a: Pyukumuku|88\/100|[from] item: Leftovers\n|upkeep\n|turn|32\n|\n|t:|1652941165\n|move|p2a: Tornadus|U-turn|p1a: Pyukumuku\n|-damage|p1a: Pyukumuku|78\/100\n|\n|t:|1652941168\n|switch|p2a: Cobalion|Cobalion|83\/100|[from]move: U-turn\n|-damage|p2a: Cobalion|70\/100|[from] Spikes\n|-damage|p2a: Cobalion|67\/100|[from] Stealth Rock\n|move|p1a: Pyukumuku|Toxic|p2a: Cobalion\n|-immune|p2a: Cobalion\n|\n|-heal|p1a: Pyukumuku|84\/100|[from] item: Leftovers\n|upkeep\n|turn|33\n|\n|t:|1652941175\n|switch|p2a: Landorus|Landorus-Therian, M|100\/100\n|-damage|p2a: Landorus|88\/100|[from] Stealth Rock\n|-ability|p2a: Landorus|Intimidate|boost\n|-unboost|p1a: Pyukumuku|atk|1\n|move|p1a: Pyukumuku|Soak|p2a: Landorus\n|-start|p2a: Landorus|typechange|Water\n|\n|-heal|p1a: Pyukumuku|90\/100|[from] item: Leftovers\n|upkeep\n|turn|34\n|\n|t:|1652941182\n|move|p2a: Landorus|U-turn|p1a: Pyukumuku\n|-damage|p1a: Pyukumuku|76\/100\n|\n|t:|1652941185\n|switch|p2a: Kartana|Kartana|42\/100|[from]move: U-turn\n|-damage|p2a: Kartana|30\/100|[from] Spikes\n|-damage|p2a: Kartana|23\/100|[from] Stealth Rock\n|move|p1a: Pyukumuku|Recover|p1a: Pyukumuku\n|-heal|p1a: Pyukumuku|100\/100\n|\n|upkeep\n|turn|35\n|\n|t:|1652941197\n|switch|p1a: Toxapex|Toxapex, M|100\/100 brn\n|-damage|p1a: Toxapex|88\/100 brn|[from] Stealth Rock\n|move|p2a: Kartana|Synthesis|p2a: Kartana\n|-heal|p2a: Kartana|73\/100\n|\n|-damage|p1a: Toxapex|82\/100 brn|[from] brn\n|upkeep\n|turn|36\n|\n|t:|1652941206\n|switch|p2a: Landorus|Landorus-Therian, M|88\/100\n|-damage|p2a: Landorus|76\/100|[from] Stealth Rock\n|-ability|p2a: Landorus|Intimidate|boost\n|-unboost|p1a: Toxapex|atk|1\n|move|p1a: Toxapex|Knock Off|p2a: Landorus\n|-damage|p2a: Landorus|71\/100\n|-enditem|p2a: Landorus|Choice Scarf|[from] move: Knock Off|[of] p1a: Toxapex\n|\n|-damage|p1a: Toxapex|75\/100 brn|[from] brn\n|upkeep\n|turn|37\n|\n|t:|1652941212\n|switch|p1a: Skarmory|Skarmory, M|84\/100\n|-damage|p1a: Skarmory|72\/100|[from] Stealth Rock\n|move|p2a: Landorus|Earthquake|p1a: Skarmory\n|-immune|p1a: Skarmory\n|\n|upkeep\n|turn|38\n|\n|t:|1652941220\n|move|p2a: Landorus|U-turn|p1a: Skarmory\n|-resisted|p1a: Skarmory\n|-damage|p1a: Skarmory|68\/100\n|\n|t:|1652941222\n|switch|p2a: Tornadus|Tornadus-Therian, M|100\/100|[from]move: U-turn\n|move|p1a: Skarmory|Spikes|p2a: Tornadus\n|-sidestart|p2: eromangagaki|Spikes\n|\n|upkeep\n|turn|39\n|\n|t:|1652941226\n|switch|p1a: Blissey|Blissey, F|75\/100\n|-damage|p1a: Blissey|63\/100|[from] Stealth Rock\n|move|p2a: Tornadus|Air Slash|p1a: Blissey|[miss]\n|-miss|p2a: Tornadus|p1a: Blissey\n|\n|-heal|p1a: Blissey|69\/100|[from] item: Leftovers\n|upkeep\n|turn|40\n|\n|t:|1652941230\n|move|p2a: Tornadus|Knock Off|p1a: Blissey\n|-damage|p1a: Blissey|50\/100\n|-enditem|p1a: Blissey|Leftovers|[from] move: Knock Off|[of] p2a: Tornadus\n|move|p1a: Blissey|Soft-Boiled|p1a: Blissey\n|-heal|p1a: Blissey|99\/100\n|\n|upkeep\n|turn|41\n|\n|t:|1652941233\n|move|p2a: Tornadus|U-turn|p1a: Blissey\n|-damage|p1a: Blissey|88\/100\n|\n|t:|1652941235\n|switch|p2a: Kartana|Kartana|73\/100|[from]move: U-turn\n|-damage|p2a: Kartana|67\/100|[from] Stealth Rock\n|-damage|p2a: Kartana|51\/100|[from] Spikes\n|move|p1a: Blissey|Seismic Toss|p2a: Kartana\n|-damage|p2a: Kartana|20\/100\n|-damage|p1a: Blissey|71\/100|[from] item: Rocky Helmet|[of] p2a: Kartana\n|\n|upkeep\n|turn|42\n|\n|t:|1652941246\n|switch|p1a: Flygon|Flygon, M, shiny|100\/100\n|-damage|p1a: Flygon|94\/100|[from] Stealth Rock\n|move|p2a: Kartana|Synthesis|p2a: Kartana\n|-heal|p2a: Kartana|70\/100\n|\n|-heal|p1a: Flygon|100\/100|[from] item: Leftovers\n|upkeep\n|turn|43\n|\n|t:|1652941250\n|switch|p2a: Tornadus|Tornadus-Therian, M|100\/100\n|move|p1a: Flygon|Flamethrower|p2a: Tornadus\n|-damage|p2a: Tornadus|85\/100\n|\n|upkeep\n|turn|44\n|\n|t:|1652941264\n|switch|p1a: Blissey|Blissey, F|71\/100\n|-damage|p1a: Blissey|59\/100|[from] Stealth Rock\n|move|p2a: Tornadus|Defog|p1a: Blissey\n|-unboost|p1a: Blissey|evasion|1\n|-sideend|p1: SKIP THE DRIP|Stealth Rock|[from] move: Defog|[of] p2a: Tornadus\n|-sideend|p2: eromangagaki|Spikes|[from] move: Defog|[of] p2a: Tornadus\n|-sideend|p2: eromangagaki|Stealth Rock|[from] move: Defog|[of] p2a: Tornadus\n|\n|upkeep\n|turn|45\n|\n|t:|1652941268\n|move|p2a: Tornadus|U-turn|p1a: Blissey\n|-damage|p1a: Blissey|47\/100\n|\n|t:|1652941271\n|switch|p2a: Kartana|Kartana|70\/100|[from]move: U-turn\n|move|p1a: Blissey|Soft-Boiled|p1a: Blissey\n|-heal|p1a: Blissey|97\/100\n|\n|upkeep\n|turn|46\n|\n|t:|1652941279\n|switch|p1a: Toxapex|Toxapex, M|100\/100 brn\n|move|p2a: Kartana|Swords Dance|p2a: Kartana\n|-boost|p2a: Kartana|atk|2\n|\n|-damage|p1a: Toxapex|94\/100 brn|[from] brn\n|upkeep\n|turn|47\n|\n|t:|1652941284\n|move|p2a: Kartana|Leaf Blade|p1a: Toxapex\n|-damage|p1a: Toxapex|44\/100 brn\n|-damage|p2a: Kartana|53\/100|[from] item: Rocky Helmet|[of] p1a: Toxapex\n|move|p1a: Toxapex|Haze|p1a: Toxapex\n|-clearallboost\n|\n|-damage|p1a: Toxapex|37\/100 brn|[from] brn\n|upkeep\n|turn|48\n|\n|t:|1652941297\n|move|p2a: Kartana|Knock Off|p1a: Toxapex\n|-damage|p1a: Toxapex|18\/100 brn\n|-damage|p2a: Kartana|37\/100|[from] item: Rocky Helmet|[of] p1a: Toxapex\n|-enditem|p1a: Toxapex|Rocky Helmet|[from] move: Knock Off|[of] p2a: Kartana\n|move|p1a: Toxapex|Recover|p1a: Toxapex\n|-heal|p1a: Toxapex|68\/100 brn\n|\n|-damage|p1a: Toxapex|61\/100 brn|[from] brn\n|upkeep\n|turn|49\n|\n|t:|1652941303\n|switch|p2a: Moltres|Moltres|74\/100\n|move|p1a: Toxapex|Knock Off|p2a: Moltres\n|-damage|p2a: Moltres|68\/100\n|-enditem|p2a: Moltres|Heavy-Duty Boots|[from] move: Knock Off|[of] p1a: Toxapex\n|\n|-damage|p1a: Toxapex|55\/100 brn|[from] brn\n|upkeep\n|turn|50\n|\n|t:|1652941310\n|switch|p2a: Cobalion|Cobalion|67\/100\n|switch|p1a: Blissey|Blissey, F|97\/100\n|\n|upkeep\n|turn|51\n|l| Qinno\n|\n|t:|1652941315\n|switch|p1a: Flygon|Flygon, M, shiny|100\/100\n|move|p2a: Cobalion|Iron Head|p1a: Flygon\n|-damage|p1a: Flygon|72\/100\n|\n|-heal|p1a: Flygon|78\/100|[from] item: Leftovers\n|upkeep\n|turn|52\n|\n|t:|1652941319\n|move|p2a: Cobalion|Magnet Rise|p2a: Cobalion\n|-start|p2a: Cobalion|Magnet Rise\n|move|p1a: Flygon|Roost|p1a: Flygon\n|-heal|p1a: Flygon|100\/100\n|-singleturn|p1a: Flygon|move: Roost\n|\n|upkeep\n|turn|53\n|\n|t:|1652941326\n|switch|p2a: Primarina|Primarina, F|100\/100\n|move|p1a: Flygon|Flamethrower|p2a: Primarina\n|-resisted|p2a: Primarina\n|-damage|p2a: Primarina|94\/100\n|\n|upkeep\n|turn|54\n|\n|t:|1652941332\n|switch|p1a: Toxapex|Toxapex, M|88\/100 brn\n|switch|p2a: Cobalion|Cobalion|67\/100\n|\n|-damage|p1a: Toxapex|82\/100 brn|[from] brn\n|upkeep\n|turn|55\n|\n|t:|1652941336\n|switch|p1a: Flygon|Flygon, M, shiny|100\/100\n|move|p2a: Cobalion|Stealth Rock|p1a: Flygon\n|-sidestart|p1: SKIP THE DRIP|move: Stealth Rock\n|\n|upkeep\n|turn|56\n|\n|t:|1652941338\n|move|p2a: Cobalion|Swords Dance|p2a: Cobalion\n|-boost|p2a: Cobalion|atk|2\n|move|p1a: Flygon|Defog|p2a: Cobalion\n|-unboost|p2a: Cobalion|evasion|1\n|-sideend|p1: SKIP THE DRIP|Stealth Rock|[from] move: Defog|[of] p1a: Flygon\n|\n|upkeep\n|turn|57\n|\n|t:|1652941350\n|move|p2a: Cobalion|Iron Head|p1a: Flygon\n|-damage|p1a: Flygon|40\/100\n|cant|p1a: Flygon|flinch\n|\n|-heal|p1a: Flygon|46\/100|[from] item: Leftovers\n|upkeep\n|turn|58\n|\n|t:|1652941355\n|switch|p1a: Skarmory|Skarmory, M|68\/100\n|move|p2a: Cobalion|Iron Head|p1a: Skarmory\n|-resisted|p1a: Skarmory\n|-damage|p1a: Skarmory|55\/100\n|\n|upkeep\n|turn|59\n|\n|t:|1652941359\n|move|p2a: Cobalion|Stealth Rock|p1a: Skarmory\n|-sidestart|p1: SKIP THE DRIP|move: Stealth Rock\n|move|p1a: Skarmory|Roost|p1a: Skarmory\n|-heal|p1a: Skarmory|100\/100\n|-singleturn|p1a: Skarmory|move: Roost\n|\n|upkeep\n|turn|60\n|\n|t:|1652941363\n|switch|p2a: Primarina|Primarina, F|94\/100\n|move|p1a: Skarmory|Defog|p2a: Primarina\n|-unboost|p2a: Primarina|evasion|1\n|-sideend|p1: SKIP THE DRIP|Stealth Rock|[from] move: Defog|[of] p1a: Skarmory\n|\n|upkeep\n|turn|61\n|\n|t:|1652941367\n|switch|p1a: Blissey|Blissey, F|97\/100\n|switch|p2a: Cobalion|Cobalion|67\/100\n|\n|upkeep\n|turn|62\n|\n|t:|1652941370\n|switch|p1a: Skarmory|Skarmory, M|100\/100\n|move|p2a: Cobalion|Iron Head|p1a: Skarmory\n|-resisted|p1a: Skarmory\n|-damage|p1a: Skarmory|93\/100\n|\n|upkeep\n|turn|63\n|\n|t:|1652941373\n|move|p2a: Cobalion|Stealth Rock|p1a: Skarmory\n|-sidestart|p1: SKIP THE DRIP|move: Stealth Rock\n|move|p1a: Skarmory|Spikes|p2a: Cobalion\n|-sidestart|p2: eromangagaki|Spikes\n|\n|upkeep\n|turn|64\n|\n|t:|1652941375\n|switch|p2a: Moltres|Moltres|68\/100\n|move|p1a: Skarmory|Spikes|p2a: Moltres\n|-sidestart|p2: eromangagaki|Spikes\n|\n|upkeep\n|turn|65\n|\n|t:|1652941379\n|switch|p1a: Blissey|Blissey, F|97\/100\n|-damage|p1a: Blissey|84\/100|[from] Stealth Rock\n|move|p2a: Moltres|Fire Spin|p1a: Blissey\n|-damage|p1a: Blissey|79\/100\n|-activate|p1a: Blissey|move: Fire Spin|[of] p2a: Moltres\n|\n|-damage|p1a: Blissey|66\/100|[from] move: Fire Spin|[partiallytrapped]\n|upkeep\n|turn|66\n|\n|t:|1652941382\n|move|p2a: Moltres|Scorching Sands|p1a: Blissey\n|-damage|p1a: Blissey|58\/100\n|move|p1a: Blissey|Stealth Rock|p2a: Moltres\n|-sidestart|p2: eromangagaki|move: Stealth Rock\n|\n|-damage|p1a: Blissey|46\/100|[from] move: Fire Spin|[partiallytrapped]\n|upkeep\n|turn|67\n|\n|t:|1652941386\n|move|p2a: Moltres|Hurricane|p1a: Blissey\n|-damage|p1a: Blissey|27\/100\n|move|p1a: Blissey|Soft-Boiled|p1a: Blissey\n|-heal|p1a: Blissey|77\/100\n|\n|-damage|p1a: Blissey|65\/100|[from] move: Fire Spin|[partiallytrapped]\n|upkeep\n|turn|68\n|\n|t:|1652941400\n|switch|p2a: Tornadus|Tornadus-Therian, M|100\/100\n|move|p1a: Blissey|Soft-Boiled|p1a: Blissey\n|-heal|p1a: Blissey|100\/100\n|\n|-end|p1a: Blissey|Fire Spin|[partiallytrapped]|[silent]\n|upkeep\n|turn|69\n|\n|t:|1652941405\n|move|p2a: Tornadus|U-turn|p1a: Blissey\n|-damage|p1a: Blissey|89\/100\n|\n|t:|1652941407\n|switch|p2a: Cobalion|Cobalion|67\/100|[from]move: U-turn\n|-damage|p2a: Cobalion|50\/100|[from] Spikes\n|-damage|p2a: Cobalion|47\/100|[from] Stealth Rock\n|move|p1a: Blissey|Seismic Toss|p2a: Cobalion\n|-damage|p2a: Cobalion|21\/100\n|\n|upkeep\n|turn|70\n|\n|t:|1652941413\n|switch|p2a: Tornadus|Tornadus-Therian, M|100\/100\n|move|p1a: Blissey|Seismic Toss|p2a: Tornadus\n|-damage|p2a: Tornadus|73\/100\n|\n|upkeep\n|turn|71\n|\n|t:|1652941419\n|move|p2a: Tornadus|Defog|p1a: Blissey\n|-unboost|p1a: Blissey|evasion|1\n|-sideend|p1: SKIP THE DRIP|Stealth Rock|[from] move: Defog|[of] p2a: Tornadus\n|-sideend|p2: eromangagaki|Spikes|[from] move: Defog|[of] p2a: Tornadus\n|-sideend|p2: eromangagaki|Stealth Rock|[from] move: Defog|[of] p2a: Tornadus\n|move|p1a: Blissey|Seismic Toss|p2a: Tornadus\n|-damage|p2a: Tornadus|45\/100\n|\n|upkeep\n|turn|72\n|\n|t:|1652941422\n|move|p2a: Tornadus|U-turn|p1a: Blissey\n|-damage|p1a: Blissey|76\/100\n|\n|t:|1652941425\n|switch|p2a: Kartana|Kartana|37\/100|[from]move: U-turn\n|move|p1a: Blissey|Stealth Rock|p2a: Kartana\n|-sidestart|p2: eromangagaki|move: Stealth Rock\n|\n|upkeep\n|turn|73\n|\n|t:|1652941430\n|switch|p1a: Toxapex|Toxapex, M|100\/100 brn\n|move|p2a: Kartana|Swords Dance|p2a: Kartana\n|-boost|p2a: Kartana|atk|2\n|\n|-damage|p1a: Toxapex|94\/100 brn|[from] brn\n|upkeep\n|turn|74\n|\n|t:|1652941436\n|move|p2a: Kartana|Leaf Blade|p1a: Toxapex\n|-crit|p1a: Toxapex\n|-damage|p1a: Toxapex|9\/100 brn\n|move|p1a: Toxapex|Knock Off|p2a: Kartana\n|-damage|p2a: Kartana|31\/100\n|-damage|p1a: Toxapex|0 fnt|[from] item: Rocky Helmet|[of] p2a: Kartana\n|faint|p1a: Toxapex\n|\n|upkeep\n|\n|t:|1652941439\n|switch|p1a: Skarmory|Skarmory, M|93\/100\n|turn|75\n|\n|t:|1652941444\n|move|p2a: Kartana|Synthesis|p2a: Kartana\n|-heal|p2a: Kartana|81\/100\n|move|p1a: Skarmory|Spikes|p2a: Kartana\n|-sidestart|p2: eromangagaki|Spikes\n|\n|upkeep\n|turn|76\n|\n|t:|1652941450\n|move|p2a: Kartana|Knock Off|p1a: Skarmory\n|-damage|p1a: Skarmory|69\/100\n|move|p1a: Skarmory|Body Press|p2a: Kartana\n|-supereffective|p2a: Kartana\n|-damage|p2a: Kartana|29\/100\n|-damage|p1a: Skarmory|53\/100|[from] item: Rocky Helmet|[of] p2a: Kartana\n|\n|upkeep\n|turn|77\n|\n|t:|1652941453\n|move|p2a: Kartana|Synthesis|p2a: Kartana\n|-heal|p2a: Kartana|79\/100\n|move|p1a: Skarmory|Roost|p1a: Skarmory\n|-heal|p1a: Skarmory|100\/100\n|-singleturn|p1a: Skarmory|move: Roost\n|\n|upkeep\n|turn|78\n|\n|t:|1652941459\n|switch|p2a: Moltres|Moltres|68\/100\n|-damage|p2a: Moltres|18\/100|[from] Stealth Rock\n|move|p1a: Skarmory|Body Press|p2a: Moltres\n|-resisted|p2a: Moltres\n|-damage|p2a: Moltres|4\/100\n|\n|upkeep\n|turn|79\n|\n|t:|1652941466\n|switch|p1a: Pyukumuku|Pyukumuku, M, shiny|100\/100\n|move|p2a: Moltres|Roost|p2a: Moltres\n|-heal|p2a: Moltres|54\/100\n|-singleturn|p2a: Moltres|move: Roost\n|\n|upkeep\n|turn|80\n|\n|t:|1652941472\n|switch|p2a: Kartana|Kartana|79\/100\n|-damage|p2a: Kartana|73\/100|[from] Stealth Rock\n|-damage|p2a: Kartana|60\/100|[from] Spikes\n|move|p1a: Pyukumuku|Toxic|p2a: Kartana\n|-immune|p2a: Kartana\n|\n|upkeep\n|turn|81\n|\n|t:|1652941477\n|switch|p2a: Tornadus|Tornadus-Therian, M|78\/100\n|switch|p1a: Skarmory|Skarmory, M|100\/100\n|\n|upkeep\n|turn|82\n|\n|t:|1652941483\n|switch|p1a: Blissey|Blissey, F|76\/100\n|move|p2a: Tornadus|Defog|p1a: Blissey\n|-unboost|p1a: Blissey|evasion|1\n|-sideend|p2: eromangagaki|Spikes|[from] move: Defog|[of] p2a: Tornadus\n|-sideend|p2: eromangagaki|Stealth Rock|[from] move: Defog|[of] p2a: Tornadus\n|\n|upkeep\n|turn|83\n|inactive|eromangagaki has 120 seconds left.\n|\n|t:|1652941523\n|move|p2a: Tornadus|U-turn|p1a: Blissey\n|-crit|p1a: Blissey\n|-damage|p1a: Blissey|56\/100\n|\n|t:|1652941532\n|switch|p2a: Cobalion|Cobalion|21\/100|[from]move: U-turn\n|move|p1a: Blissey|Stealth Rock|p2a: Cobalion\n|-sidestart|p2: eromangagaki|move: Stealth Rock\n|\n|upkeep\n|turn|84\n|j| joey milktank\n|j| zReptar\n|inactive|eromangagaki has 120 seconds left.\n|\n|t:|1652941556\n|switch|p1a: Skarmory|Skarmory, M|100\/100\n|move|p2a: Cobalion|Iron Head|p1a: Skarmory\n|-resisted|p1a: Skarmory\n|-damage|p1a: Skarmory|93\/100\n|\n|upkeep\n|turn|85\n|inactive|eromangagaki has 120 seconds left.\n|\n|t:|1652941563\n|switch|p2a: Tornadus|Tornadus-Therian, M|100\/100\n|move|p1a: Skarmory|Spikes|p2a: Tornadus\n|-sidestart|p2: eromangagaki|Spikes\n|\n|upkeep\n|turn|86\n|\n|t:|1652941569\n|switch|p1a: Blissey|Blissey, F|56\/100\n|move|p2a: Tornadus|Defog|p1a: Blissey\n|-unboost|p1a: Blissey|evasion|1\n|-sideend|p2: eromangagaki|Spikes|[from] move: Defog|[of] p2a: Tornadus\n|-sideend|p2: eromangagaki|Stealth Rock|[from] move: Defog|[of] p2a: Tornadus\n|\n|upkeep\n|turn|87\n|\n|t:|1652941573\n|move|p2a: Tornadus|U-turn|p1a: Blissey\n|-damage|p1a: Blissey|44\/100\n|c| zReptar|Wtf is this flygon team\n|j| bujajh\n|\n|t:|1652941579\n|switch|p2a: Moltres|Moltres|54\/100|[from]move: U-turn\n|move|p1a: Blissey|Soft-Boiled|p1a: Blissey\n|-heal|p1a: Blissey|94\/100\n|\n|upkeep\n|turn|88\n|\n|t:|1652941584\n|move|p2a: Moltres|Fire Spin|p1a: Blissey\n|-damage|p1a: Blissey|88\/100\n|-activate|p1a: Blissey|move: Fire Spin|[of] p2a: Moltres\n|move|p1a: Blissey|Stealth Rock|p2a: Moltres\n|-sidestart|p2: eromangagaki|move: Stealth Rock\n|\n|-damage|p1a: Blissey|76\/100|[from] move: Fire Spin|[partiallytrapped]\n|upkeep\n|turn|89\n|\n|t:|1652941588\n|move|p2a: Moltres|Hurricane|p1a: Blissey\n|-damage|p1a: Blissey|56\/100\n|-start|p1a: Blissey|confusion\n|-activate|p1a: Blissey|confusion\n|-damage|p1a: Blissey|55\/100|[from] confusion\n|\n|-damage|p1a: Blissey|42\/100|[from] move: Fire Spin|[partiallytrapped]\n|upkeep\n|turn|90\n|\n|t:|1652941592\n|move|p2a: Moltres|Hurricane|p1a: Blissey\n|-damage|p1a: Blissey|24\/100\n|-activate|p1a: Blissey|confusion\n|move|p1a: Blissey|Soft-Boiled|p1a: Blissey\n|-heal|p1a: Blissey|74\/100\n|\n|-damage|p1a: Blissey|62\/100|[from] move: Fire Spin|[partiallytrapped]\n|upkeep\n|turn|91\n|\n|t:|1652941597\n|move|p2a: Moltres|Hurricane|p1a: Blissey\n|-damage|p1a: Blissey|42\/100\n|-activate|p1a: Blissey|confusion\n|move|p1a: Blissey|Seismic Toss|p2a: Moltres\n|-damage|p2a: Moltres|28\/100\n|\n|-damage|p1a: Blissey|29\/100|[from] move: Fire Spin|[partiallytrapped]\n|upkeep\n|turn|92\n|\n|t:|1652941604\n|move|p2a: Moltres|Hurricane|p1a: Blissey\n|-damage|p1a: Blissey|10\/100\n|-end|p1a: Blissey|confusion\n|move|p1a: Blissey|Soft-Boiled|p1a: Blissey\n|-heal|p1a: Blissey|60\/100\n|\n|-end|p1a: Blissey|Fire Spin|[partiallytrapped]\n|upkeep\n|turn|93\n|\n|t:|1652941611\n|move|p2a: Moltres|Roost|p2a: Moltres\n|-heal|p2a: Moltres|78\/100\n|-singleturn|p2a: Moltres|move: Roost\n|move|p1a: Blissey|Soft-Boiled|p1a: Blissey\n|-heal|p1a: Blissey|100\/100\n|\n|upkeep\n|turn|94\n|\n|t:|1652941617\n|switch|p2a: Kartana|Kartana|60\/100\n|-damage|p2a: Kartana|54\/100|[from] Stealth Rock\n|switch|p1a: Pyukumuku|Pyukumuku, M, shiny|100\/100\n|\n|upkeep\n|turn|95\n|\n|t:|1652941624\n|switch|p2a: Tornadus|Tornadus-Therian, M|100\/100\n|switch|p1a: Skarmory|Skarmory, M|93\/100\n|\n|upkeep\n|turn|96\n|\n|t:|1652941630\n|switch|p1a: Blissey|Blissey, F|100\/100\n|move|p2a: Tornadus|Air Slash|p1a: Blissey\n|-damage|p1a: Blissey|90\/100\n|\n|upkeep\n|turn|97\n|\n|t:|1652941637\n|move|p2a: Tornadus|Defog|p1a: Blissey\n|-unboost|p1a: Blissey|evasion|1\n|-sideend|p2: eromangagaki|Stealth Rock|[from] move: Defog|[of] p2a: Tornadus\n|move|p1a: Blissey|Seismic Toss|p2a: Tornadus\n|-damage|p2a: Tornadus|73\/100\n|\n|upkeep\n|turn|98\n|\n|t:|1652941640\n|move|p2a: Tornadus|U-turn|p1a: Blissey\n|-damage|p1a: Blissey|77\/100\n|\n|t:|1652941642\n|switch|p2a: Moltres|Moltres|78\/100|[from]move: U-turn\n|move|p1a: Blissey|Stealth Rock|p2a: Moltres\n|-sidestart|p2: eromangagaki|move: Stealth Rock\n|\n|upkeep\n|turn|99\n|\n|t:|1652941648\n|switch|p1a: Pyukumuku|Pyukumuku, M, shiny|100\/100\n|move|p2a: Moltres|Fire Spin|p1a: Pyukumuku\n|-resisted|p1a: Pyukumuku\n|-damage|p1a: Pyukumuku|93\/100\n|-activate|p1a: Pyukumuku|move: Fire Spin|[of] p2a: Moltres\n|\n|-heal|p1a: Pyukumuku|99\/100|[from] item: Leftovers\n|-damage|p1a: Pyukumuku|87\/100|[from] move: Fire Spin|[partiallytrapped]\n|upkeep\n|turn|100\n|\n|t:|1652941654\n|switch|p2a: Cobalion|Cobalion|21\/100\n|-damage|p2a: Cobalion|18\/100|[from] Stealth Rock\n|move|p1a: Pyukumuku|Soak|p2a: Cobalion\n|-start|p2a: Cobalion|typechange|Water\n|\n|-heal|p1a: Pyukumuku|93\/100|[from] item: Leftovers\n|-end|p1a: Pyukumuku|Fire Spin|[partiallytrapped]|[silent]\n|upkeep\n|turn|101\n|\n|t:|1652941658\n|move|p2a: Cobalion|Stealth Rock|p1a: Pyukumuku\n|-sidestart|p1: SKIP THE DRIP|move: Stealth Rock\n|move|p1a: Pyukumuku|Soak|p2a: Cobalion\n|-fail|p2a: Cobalion\n|\n|-heal|p1a: Pyukumuku|99\/100|[from] item: Leftovers\n|upkeep\n|turn|102\n|\n|t:|1652941660\n|switch|p2a: Kartana|Kartana|54\/100\n|-damage|p2a: Kartana|48\/100|[from] Stealth Rock\n|move|p1a: Pyukumuku|Soak|p2a: Kartana\n|-start|p2a: Kartana|typechange|Water\n|\n|-heal|p1a: Pyukumuku|100\/100|[from] item: Leftovers\n|upkeep\n|turn|103\n|\n|t:|1652941668\n|switch|p2a: Primarina|Primarina, F|94\/100\n|-damage|p2a: Primarina|82\/100|[from] Stealth Rock\n|move|p1a: Pyukumuku|Toxic|p2a: Primarina\n|-status|p2a: Primarina|tox\n|\n|-damage|p2a: Primarina|76\/100 tox|[from] psn\n|upkeep\n|turn|104\n|\n|t:|1652941678\n|switch|p2a: Kartana|Kartana|48\/100\n|-damage|p2a: Kartana|41\/100|[from] Stealth Rock\n|switch|p1a: Tapu Bulu|Tapu Bulu|100\/100\n|-damage|p1a: Tapu Bulu|88\/100|[from] Stealth Rock\n|-fieldstart|move: Grassy Terrain|[from] ability: Grassy Surge|[of] p1a: Tapu Bulu\n|\n|-heal|p2a: Kartana|48\/100|[from] Grassy Terrain\n|-heal|p1a: Tapu Bulu|94\/100|[from] Grassy Terrain\n|-heal|p1a: Tapu Bulu|99\/100|[from] item: Leftovers\n|upkeep\n|turn|105\n|\n|t:|1652941684\n|switch|p2a: Moltres|Moltres|78\/100\n|-damage|p2a: Moltres|28\/100|[from] Stealth Rock\n|switch|p1a: Skarmory|Skarmory, M|93\/100\n|-damage|p1a: Skarmory|81\/100|[from] Stealth Rock\n|\n|upkeep\n|turn|106\n|\n|t:|1652941691\n|switch|p1a: Flygon|Flygon, M, shiny|46\/100\n|-damage|p1a: Flygon|40\/100|[from] Stealth Rock\n|move|p2a: Moltres|Roost|p2a: Moltres\n|-heal|p2a: Moltres|78\/100\n|-singleturn|p2a: Moltres|move: Roost\n|\n|-heal|p2a: Moltres|84\/100|[from] Grassy Terrain\n|-heal|p1a: Flygon|46\/100|[from] item: Leftovers\n|upkeep\n|turn|107\n|\n|t:|1652941702\n|switch|p2a: Primarina|Primarina, F|76\/100 tox\n|-damage|p2a: Primarina|63\/100 tox|[from] Stealth Rock\n|move|p1a: Flygon|Roost|p1a: Flygon\n|-heal|p1a: Flygon|96\/100\n|-singleturn|p1a: Flygon|move: Roost\n|\n|-heal|p1a: Flygon|100\/100|[from] item: Leftovers\n|-heal|p2a: Primarina|69\/100 tox|[from] Grassy Terrain\n|-damage|p2a: Primarina|63\/100 tox|[from] psn\n|upkeep\n|turn|108\n|\n|t:|1652941710\n|switch|p1a: Tapu Bulu|Tapu Bulu|99\/100\n|-damage|p1a: Tapu Bulu|88\/100|[from] Stealth Rock\n|move|p2a: Primarina|Hydro Pump|p1a: Tapu Bulu\n|-resisted|p1a: Tapu Bulu\n|-damage|p1a: Tapu Bulu|56\/100\n|\n|-heal|p1a: Tapu Bulu|62\/100|[from] Grassy Terrain\n|-heal|p1a: Tapu Bulu|68\/100|[from] item: Leftovers\n|-heal|p2a: Primarina|69\/100 tox|[from] Grassy Terrain\n|-damage|p2a: Primarina|57\/100 tox|[from] psn\n|-fieldend|move: Grassy Terrain\n|upkeep\n|turn|109\n|j| Troll 1998\n|\n|t:|1652941720\n|switch|p2a: Landorus|Landorus-Therian, M|71\/100\n|-damage|p2a: Landorus|59\/100|[from] Stealth Rock\n|-ability|p2a: Landorus|Intimidate|boost\n|-unboost|p1a: Tapu Bulu|atk|1\n|move|p1a: Tapu Bulu|Synthesis|p1a: Tapu Bulu\n|-heal|p1a: Tapu Bulu|100\/100\n|\n|upkeep\n|turn|110\n|\n|t:|1652941729\n|switch|p1a: Skarmory|Skarmory, M|81\/100\n|-damage|p1a: Skarmory|69\/100|[from] Stealth Rock\n|move|p2a: Landorus|U-turn|p1a: Skarmory\n|-resisted|p1a: Skarmory\n|-damage|p1a: Skarmory|65\/100\n|\n|t:|1652941734\n|switch|p2a: Primarina|Primarina, F|57\/100 tox|[from]move: U-turn\n|-damage|p2a: Primarina|45\/100 tox|[from] Stealth Rock\n|\n|-damage|p2a: Primarina|39\/100 tox|[from] psn\n|upkeep\n|turn|111\n|\n|t:|1652941741\n|switch|p1a: Tapu Bulu|Tapu Bulu|100\/100\n|-damage|p1a: Tapu Bulu|88\/100|[from] Stealth Rock\n|-fieldstart|move: Grassy Terrain|[from] ability: Grassy Surge|[of] p1a: Tapu Bulu\n|move|p2a: Primarina|Moonblast|p1a: Tapu Bulu\n|-damage|p1a: Tapu Bulu|37\/100\n|\n|-heal|p1a: Tapu Bulu|44\/100|[from] Grassy Terrain\n|-heal|p1a: Tapu Bulu|50\/100|[from] item: Leftovers\n|-heal|p2a: Primarina|45\/100 tox|[from] Grassy Terrain\n|-damage|p2a: Primarina|33\/100 tox|[from] psn\n|upkeep\n|turn|112\n|\n|t:|1652941744\n|move|p1a: Tapu Bulu|Protect|p1a: Tapu Bulu\n|-singleturn|p1a: Tapu Bulu|Protect\n|move|p2a: Primarina|Moonblast|p1a: Tapu Bulu\n|-activate|p1a: Tapu Bulu|move: Protect\n|\n|-heal|p1a: Tapu Bulu|56\/100|[from] Grassy Terrain\n|-heal|p1a: Tapu Bulu|62\/100|[from] item: Leftovers\n|-heal|p2a: Primarina|39\/100 tox|[from] Grassy Terrain\n|-damage|p2a: Primarina|21\/100 tox|[from] psn\n|upkeep\n|turn|113\n|\n|t:|1652941747\n|move|p1a: Tapu Bulu|Synthesis|p1a: Tapu Bulu\n|-heal|p1a: Tapu Bulu|100\/100\n|move|p2a: Primarina|Moonblast|p1a: Tapu Bulu\n|-damage|p1a: Tapu Bulu|48\/100\n|-unboost|p1a: Tapu Bulu|spa|1\n|\n|-heal|p1a: Tapu Bulu|54\/100|[from] Grassy Terrain\n|-heal|p1a: Tapu Bulu|60\/100|[from] item: Leftovers\n|-heal|p2a: Primarina|27\/100 tox|[from] Grassy Terrain\n|-damage|p2a: Primarina|3\/100 tox|[from] psn\n|upkeep\n|turn|114\n|l| Troll 1998\n|\n|t:|1652941758\n|switch|p2a: Tornadus|Tornadus-Therian, M|100\/100\n|move|p1a: Tapu Bulu|Synthesis|p1a: Tapu Bulu\n|-heal|p1a: Tapu Bulu|100\/100\n|\n|upkeep\n|turn|115\n|\n|t:|1652941764\n|move|p2a: Tornadus|Air Slash|p1a: Tapu Bulu\n|-supereffective|p1a: Tapu Bulu\n|-damage|p1a: Tapu Bulu|56\/100\n|move|p1a: Tapu Bulu|Toxic|p2a: Tornadus|[miss]\n|-miss|p1a: Tapu Bulu|p2a: Tornadus\n|\n|-heal|p1a: Tapu Bulu|62\/100|[from] Grassy Terrain\n|-heal|p1a: Tapu Bulu|69\/100|[from] item: Leftovers\n|-fieldend|move: Grassy Terrain\n|upkeep\n|turn|116\n|\n|t:|1652941767\n|move|p1a: Tapu Bulu|Protect|p1a: Tapu Bulu\n|-singleturn|p1a: Tapu Bulu|Protect\n|move|p2a: Tornadus|Air Slash|p1a: Tapu Bulu\n|-activate|p1a: Tapu Bulu|move: Protect\n|\n|-heal|p1a: Tapu Bulu|75\/100|[from] item: Leftovers\n|upkeep\n|turn|117\n|\n|t:|1652941776\n|move|p2a: Tornadus|U-turn|p1a: Tapu Bulu\n|-damage|p1a: Tapu Bulu|61\/100\n|\n|t:|1652941778\n|switch|p2a: Kartana|Kartana|48\/100|[from]move: U-turn\n|-damage|p2a: Kartana|41\/100|[from] Stealth Rock\n|move|p1a: Tapu Bulu|Toxic|p2a: Kartana\n|-immune|p2a: Kartana\n|\n|-heal|p1a: Tapu Bulu|67\/100|[from] item: Leftovers\n|upkeep\n|turn|118\n|\n|t:|1652941787\n|switch|p1a: Skarmory|Skarmory, M|65\/100\n|-damage|p1a: Skarmory|53\/100|[from] Stealth Rock\n|move|p2a: Kartana|Swords Dance|p2a: Kartana\n|-boost|p2a: Kartana|atk|2\n|\n|upkeep\n|turn|119\n|\n|t:|1652941791\n|move|p2a: Kartana|Knock Off|p1a: Skarmory\n|-damage|p1a: Skarmory|26\/100\n|move|p1a: Skarmory|Roost|p1a: Skarmory\n|-heal|p1a: Skarmory|76\/100\n|-singleturn|p1a: Skarmory|move: Roost\n|\n|upkeep\n|turn|120\n|\n|t:|1652941797\n|switch|p2a: Moltres|Moltres|84\/100\n|-damage|p2a: Moltres|34\/100|[from] Stealth Rock\n|move|p1a: Skarmory|Body Press|p2a: Moltres\n|-resisted|p2a: Moltres\n|-damage|p2a: Moltres|20\/100\n|-status|p1a: Skarmory|brn|[from] ability: Flame Body|[of] p2a: Moltres\n|\n|-damage|p1a: Skarmory|70\/100 brn|[from] brn\n|upkeep\n|turn|121\n|\n|t:|1652941801\n|switch|p1a: Blissey|Blissey, F|77\/100\n|-damage|p1a: Blissey|65\/100|[from] Stealth Rock\n|move|p2a: Moltres|Fire Spin|p1a: Blissey|[miss]\n|-miss|p2a: Moltres|p1a: Blissey\n|\n|upkeep\n|turn|122\n|\n|t:|1652941804\n|move|p2a: Moltres|Fire Spin|p1a: Blissey\n|-damage|p1a: Blissey|59\/100\n|-activate|p1a: Blissey|move: Fire Spin|[of] p2a: Moltres\n|move|p1a: Blissey|Heal Bell|p1a: Blissey\n|-activate|p1a: Blissey|move: Heal Bell\n|-curestatus|p1: Skarmory|brn|[msg]\n|\n|-damage|p1a: Blissey|46\/100|[from] move: Fire Spin|[partiallytrapped]\n|upkeep\n|turn|123\n|\n|t:|1652941807\n|move|p2a: Moltres|Roost|p2a: Moltres\n|-heal|p2a: Moltres|70\/100\n|-singleturn|p2a: Moltres|move: Roost\n|move|p1a: Blissey|Soft-Boiled|p1a: Blissey\n|-heal|p1a: Blissey|96\/100\n|\n|-damage|p1a: Blissey|84\/100|[from] move: Fire Spin|[partiallytrapped]\n|upkeep\n|turn|124\n|\n|t:|1652941812\n|move|p2a: Moltres|Scorching Sands|p1a: Blissey\n|-damage|p1a: Blissey|75\/100\n|-status|p1a: Blissey|brn\n|move|p1a: Blissey|Seismic Toss|p2a: Moltres\n|-damage|p2a: Moltres|44\/100\n|\n|-damage|p1a: Blissey|69\/100 brn|[from] brn\n|-damage|p1a: Blissey|57\/100 brn|[from] move: Fire Spin|[partiallytrapped]\n|upkeep\n|turn|125\n|\n|t:|1652941815\n|move|p2a: Moltres|Hurricane|p1a: Blissey|[miss]\n|-miss|p2a: Moltres|p1a: Blissey\n|move|p1a: Blissey|Soft-Boiled|p1a: Blissey\n|-heal|p1a: Blissey|100\/100 brn\n|\n|-damage|p1a: Blissey|94\/100 brn|[from] brn\n|-damage|p1a: Blissey|82\/100 brn|[from] move: Fire Spin|[partiallytrapped]\n|upkeep\n|turn|126\n|\n|t:|1652941817\n|move|p2a: Moltres|Hurricane|p1a: Blissey|[miss]\n|-miss|p2a: Moltres|p1a: Blissey\n|move|p1a: Blissey|Seismic Toss|p2a: Moltres\n|-damage|p2a: Moltres|18\/100\n|\n|-damage|p1a: Blissey|76\/100 brn|[from] brn\n|-end|p1a: Blissey|Fire Spin|[partiallytrapped]\n|upkeep\n|turn|127\n|\n|t:|1652941821\n|-curestatus|p1a: Blissey|brn|[from] ability: Natural Cure\n|switch|p1a: Flygon|Flygon, M, shiny|100\/100\n|-damage|p1a: Flygon|94\/100|[from] Stealth Rock\n|move|p2a: Moltres|Roost|p2a: Moltres\n|-heal|p2a: Moltres|68\/100\n|-singleturn|p2a: Moltres|move: Roost\n|\n|-heal|p1a: Flygon|100\/100|[from] item: Leftovers\n|upkeep\n|turn|128\n|\n|t:|1652941826\n|move|p2a: Moltres|Fire Spin|p1a: Flygon\n|-resisted|p1a: Flygon\n|-damage|p1a: Flygon|94\/100\n|-activate|p1a: Flygon|move: Fire Spin|[of] p2a: Moltres\n|move|p1a: Flygon|Flamethrower|p2a: Moltres\n|-resisted|p2a: Moltres\n|-damage|p2a: Moltres|60\/100\n|\n|-heal|p1a: Flygon|99\/100|[from] item: Leftovers\n|-damage|p1a: Flygon|88\/100|[from] move: Fire Spin|[partiallytrapped]\n|upkeep\n|turn|129\n|\n|t:|1652941829\n|move|p2a: Moltres|Hurricane|p1a: Flygon\n|-damage|p1a: Flygon|44\/100\n|move|p1a: Flygon|Roost|p1a: Flygon\n|-heal|p1a: Flygon|94\/100\n|-singleturn|p1a: Flygon|move: Roost\n|\n|-heal|p1a: Flygon|99\/100|[from] item: Leftovers\n|-damage|p1a: Flygon|88\/100|[from] move: Fire Spin|[partiallytrapped]\n|upkeep\n|turn|130\n|l| a lot of nekos\n|\n|t:|1652941834\n|move|p2a: Moltres|Hurricane|p1a: Flygon|[miss]\n|-miss|p2a: Moltres|p1a: Flygon\n|move|p1a: Flygon|Roost|p1a: Flygon\n|-heal|p1a: Flygon|100\/100\n|-singleturn|p1a: Flygon|move: Roost\n|\n|-damage|p1a: Flygon|88\/100|[from] move: Fire Spin|[partiallytrapped]\n|upkeep\n|turn|131\n|\n|t:|1652941838\n|move|p2a: Moltres|Roost|p2a: Moltres\n|-heal|p2a: Moltres|100\/100\n|-singleturn|p2a: Moltres|move: Roost\n|move|p1a: Flygon|Roost|p1a: Flygon\n|-heal|p1a: Flygon|100\/100\n|-singleturn|p1a: Flygon|move: Roost\n|\n|-damage|p1a: Flygon|88\/100|[from] move: Fire Spin|[partiallytrapped]\n|upkeep\n|turn|132\n|\n|t:|1652941846\n|move|p2a: Moltres|Fire Spin|p1a: Flygon|[miss]\n|-miss|p2a: Moltres|p1a: Flygon\n|move|p1a: Flygon|Roost|p1a: Flygon\n|-heal|p1a: Flygon|100\/100\n|-singleturn|p1a: Flygon|move: Roost\n|\n|-end|p1a: Flygon|Fire Spin|[partiallytrapped]\n|upkeep\n|turn|133\n|\n|t:|1652941852\n|move|p2a: Moltres|Fire Spin|p1a: Flygon\n|-resisted|p1a: Flygon\n|-damage|p1a: Flygon|94\/100\n|-activate|p1a: Flygon|move: Fire Spin|[of] p2a: Moltres\n|move|p1a: Flygon|Flamethrower|p2a: Moltres\n|-resisted|p2a: Moltres\n|-damage|p2a: Moltres|93\/100\n|\n|-heal|p1a: Flygon|99\/100|[from] item: Leftovers\n|-damage|p1a: Flygon|88\/100|[from] move: Fire Spin|[partiallytrapped]\n|upkeep\n|turn|134\n|\n|t:|1652941856\n|move|p2a: Moltres|Hurricane|p1a: Flygon\n|-damage|p1a: Flygon|50\/100\n|-start|p1a: Flygon|confusion\n|-activate|p1a: Flygon|confusion\n|move|p1a: Flygon|Roost|p1a: Flygon\n|-heal|p1a: Flygon|99\/100\n|-singleturn|p1a: Flygon|move: Roost\n|\n|-heal|p1a: Flygon|100\/100|[from] item: Leftovers\n|-damage|p1a: Flygon|88\/100|[from] move: Fire Spin|[partiallytrapped]\n|upkeep\n|turn|135\n|\n|t:|1652941862\n|move|p2a: Moltres|Hurricane|p1a: Flygon\n|-crit|p1a: Flygon\n|-damage|p1a: Flygon|27\/100\n|-activate|p1a: Flygon|confusion\n|move|p1a: Flygon|Flamethrower|p2a: Moltres\n|-resisted|p2a: Moltres\n|-damage|p2a: Moltres|85\/100\n|\n|-heal|p1a: Flygon|33\/100|[from] item: Leftovers\n|-damage|p1a: Flygon|21\/100|[from] move: Fire Spin|[partiallytrapped]\n|upkeep\n|turn|136\n|\n|t:|1652941868\n|move|p2a: Moltres|Hurricane|p1a: Flygon\n|-damage|p1a: Flygon|0 fnt\n|faint|p1a: Flygon\n|\n|upkeep\n|\n|t:|1652941874\n|switch|p1a: Pyukumuku|Pyukumuku, M, shiny|100\/100\n|-damage|p1a: Pyukumuku|88\/100|[from] Stealth Rock\n|turn|137\n|\n|t:|1652941883\n|switch|p2a: Primarina|Primarina, F|3\/100 tox\n|-damage|p2a: Primarina|0 fnt|[from] Stealth Rock\n|faint|p2a: Primarina\n|move|p1a: Pyukumuku|Soak|p2: Primarina|[notarget]\n|-fail|p1a: Pyukumuku\n|\n|-heal|p1a: Pyukumuku|94\/100|[from] item: Leftovers\n|upkeep\n|\n|t:|1652941885\n|switch|p2a: Kartana|Kartana|41\/100\n|-damage|p2a: Kartana|35\/100|[from] Stealth Rock\n|turn|138\n|\n|t:|1652941889\n|switch|p2a: Tornadus|Tornadus-Therian, M|100\/100\n|move|p1a: Pyukumuku|Soak|p2a: Tornadus\n|-start|p2a: Tornadus|typechange|Water\n|\n|-heal|p1a: Pyukumuku|99\/100|[from] item: Leftovers\n|upkeep\n|turn|139\n|\n|t:|1652941899\n|move|p2a: Tornadus|Knock Off|p1a: Pyukumuku\n|-damage|p1a: Pyukumuku|87\/100\n|-enditem|p1a: Pyukumuku|Leftovers|[from] move: Knock Off|[of] p2a: Tornadus\n|move|p1a: Pyukumuku|Toxic|p2a: Tornadus\n|-status|p2a: Tornadus|tox\n|\n|-damage|p2a: Tornadus|94\/100 tox|[from] psn\n|upkeep\n|turn|140\n|\n|t:|1652941903\n|move|p2a: Tornadus|Defog|p1a: Pyukumuku\n|-unboost|p1a: Pyukumuku|evasion|1\n|-sideend|p1: SKIP THE DRIP|Stealth Rock|[from] move: Defog|[of] p2a: Tornadus\n|-sideend|p2: eromangagaki|Stealth Rock|[from] move: Defog|[of] p2a: Tornadus\n|move|p1a: Pyukumuku|Recover|p1a: Pyukumuku\n|-heal|p1a: Pyukumuku|100\/100\n|\n|-damage|p2a: Tornadus|82\/100 tox|[from] psn\n|upkeep\n|turn|141\n|\n|t:|1652941908\n|move|p2a: Tornadus|U-turn|p1a: Pyukumuku\n|-damage|p1a: Pyukumuku|91\/100\n|\n|t:|1652941910\n|switch|p2a: Kartana|Kartana|35\/100|[from]move: U-turn\n|move|p1a: Pyukumuku|Soak|p2a: Kartana\n|-start|p2a: Kartana|typechange|Water\n|\n|upkeep\n|turn|142\n|\n|t:|1652941914\n|switch|p2a: Cobalion|Cobalion|18\/100\n|switch|p1a: Blissey|Blissey, F|76\/100\n|\n|upkeep\n|turn|143\n|\n|t:|1652941918\n|move|p2a: Cobalion|Iron Head|p1a: Blissey\n|-damage|p1a: Blissey|54\/100\n|cant|p1a: Blissey|flinch\n|\n|upkeep\n|turn|144\n|\n|t:|1652941921\n|move|p2a: Cobalion|Swords Dance|p2a: Cobalion\n|-boost|p2a: Cobalion|atk|2\n|move|p1a: Blissey|Soft-Boiled|p1a: Blissey\n|-heal|p1a: Blissey|100\/100\n|\n|upkeep\n|turn|145\n|\n|t:|1652941930\n|move|p2a: Cobalion|Iron Head|p1a: Blissey\n|-damage|p1a: Blissey|58\/100\n|cant|p1a: Blissey|flinch\n|\n|upkeep\n|turn|146\n|\n|t:|1652941933\n|switch|p1a: Skarmory|Skarmory, M|70\/100\n|move|p2a: Cobalion|Swords Dance|p2a: Cobalion\n|-boost|p2a: Cobalion|atk|2\n|\n|upkeep\n|turn|147\n|\n|t:|1652941938\n|move|p2a: Cobalion|Stealth Rock|p1a: Skarmory\n|-sidestart|p1: SKIP THE DRIP|move: Stealth Rock\n|move|p1a: Skarmory|Roost|p1a: Skarmory\n|-heal|p1a: Skarmory|100\/100\n|-singleturn|p1a: Skarmory|move: Roost\n|\n|upkeep\n|turn|148\n|\n|t:|1652941941\n|switch|p2a: Moltres|Moltres|85\/100\n|move|p1a: Skarmory|Defog|p2a: Moltres\n|-unboost|p2a: Moltres|evasion|1\n|-sideend|p1: SKIP THE DRIP|Stealth Rock|[from] move: Defog|[of] p1a: Skarmory\n|\n|upkeep\n|turn|149\n|\n|t:|1652941946\n|switch|p2a: Cobalion|Cobalion|18\/100\n|switch|p1a: Pyukumuku|Pyukumuku, M, shiny|91\/100\n|\n|upkeep\n|turn|150\n|\n|t:|1652941949\n|switch|p1a: Skarmory|Skarmory, M|100\/100\n|move|p2a: Cobalion|Stealth Rock|p1a: Skarmory\n|-sidestart|p1: SKIP THE DRIP|move: Stealth Rock\n|\n|upkeep\n|turn|151\n|\n|t:|1652941952\n|move|p2a: Cobalion|Swords Dance|p2a: Cobalion\n|-boost|p2a: Cobalion|atk|2\n|move|p1a: Skarmory|Spikes|p2a: Cobalion\n|-sidestart|p2: eromangagaki|Spikes\n|\n|upkeep\n|turn|152\n|\n|t:|1652941954\n|move|p2a: Cobalion|Swords Dance|p2a: Cobalion\n|-boost|p2a: Cobalion|atk|2\n|move|p1a: Skarmory|Spikes|p2a: Cobalion\n|-sidestart|p2: eromangagaki|Spikes\n|\n|upkeep\n|turn|153\n|\n|t:|1652941956\n|move|p2a: Cobalion|Iron Head|p1a: Skarmory\n|-resisted|p1a: Skarmory\n|-damage|p1a: Skarmory|80\/100\n|cant|p1a: Skarmory|flinch\n|\n|upkeep\n|turn|154\n|\n|t:|1652941965\n|switch|p2a: Moltres|Moltres|85\/100\n|move|p1a: Skarmory|Roost|p1a: Skarmory\n|-heal|p1a: Skarmory|100\/100\n|-singleturn|p1a: Skarmory|move: Roost\n|\n|upkeep\n|turn|155\n|\n|t:|1652941969\n|switch|p1a: Pyukumuku|Pyukumuku, M, shiny|91\/100\n|-damage|p1a: Pyukumuku|79\/100|[from] Stealth Rock\n|move|p2a: Moltres|Fire Spin|p1a: Pyukumuku\n|-resisted|p1a: Pyukumuku\n|-damage|p1a: Pyukumuku|72\/100\n|-activate|p1a: Pyukumuku|move: Fire Spin|[of] p2a: Moltres\n|\n|-damage|p1a: Pyukumuku|59\/100|[from] move: Fire Spin|[partiallytrapped]\n|upkeep\n|turn|156\n|\n|t:|1652941973\n|move|p2a: Moltres|Hurricane|p1a: Pyukumuku\n|-damage|p1a: Pyukumuku|11\/100\n|-start|p1a: Pyukumuku|confusion\n|-activate|p1a: Pyukumuku|confusion\n|-damage|p1a: Pyukumuku|8\/100|[from] confusion\n|\n|-damage|p1a: Pyukumuku|0 fnt|[from] move: Fire Spin|[partiallytrapped]\n|faint|p1a: Pyukumuku\n|upkeep\n|\n|t:|1652941978\n|switch|p1a: Blissey|Blissey, F|58\/100\n|-damage|p1a: Blissey|46\/100|[from] Stealth Rock\n|turn|157\n|\n|t:|1652941981\n|move|p2a: Moltres|Fire Spin|p1a: Blissey|[miss]\n|-miss|p2a: Moltres|p1a: Blissey\n|move|p1a: Blissey|Soft-Boiled|p1a: Blissey\n|-heal|p1a: Blissey|96\/100\n|\n|upkeep\n|turn|158\n|\n|t:|1652941986\n|move|p2a: Moltres|Fire Spin|p1a: Blissey\n|-damage|p1a: Blissey|90\/100\n|-activate|p1a: Blissey|move: Fire Spin|[of] p2a: Moltres\n|move|p1a: Blissey|Seismic Toss|p2a: Moltres\n|-damage|p2a: Moltres|59\/100\n|\n|-damage|p1a: Blissey|77\/100|[from] move: Fire Spin|[partiallytrapped]\n|upkeep\n|turn|159\n|\n|t:|1652941989\n|move|p2a: Moltres|Scorching Sands|p1a: Blissey\n|-damage|p1a: Blissey|69\/100\n|-status|p1a: Blissey|brn\n|move|p1a: Blissey|Seismic Toss|p2a: Moltres\n|-damage|p2a: Moltres|33\/100\n|\n|-damage|p1a: Blissey|63\/100 brn|[from] brn\n|-damage|p1a: Blissey|51\/100 brn|[from] move: Fire Spin|[partiallytrapped]\n|upkeep\n|turn|160\n|\n|t:|1652941994\n|move|p2a: Moltres|Scorching Sands|p1a: Blissey\n|-damage|p1a: Blissey|43\/100 brn\n|move|p1a: Blissey|Soft-Boiled|p1a: Blissey\n|-heal|p1a: Blissey|93\/100 brn\n|\n|-damage|p1a: Blissey|87\/100 brn|[from] brn\n|-damage|p1a: Blissey|74\/100 brn|[from] move: Fire Spin|[partiallytrapped]\n|upkeep\n|turn|161\n|\n|t:|1652941997\n|move|p2a: Moltres|Roost|p2a: Moltres\n|-heal|p2a: Moltres|83\/100\n|-singleturn|p2a: Moltres|move: Roost\n|move|p1a: Blissey|Seismic Toss|p2a: Moltres\n|-damage|p2a: Moltres|57\/100\n|\n|-damage|p1a: Blissey|68\/100 brn|[from] brn\n|-damage|p1a: Blissey|56\/100 brn|[from] move: Fire Spin|[partiallytrapped]\n|upkeep\n|turn|162\n|\n|t:|1652942001\n|move|p2a: Moltres|Scorching Sands|p1a: Blissey\n|-damage|p1a: Blissey|47\/100 brn\n|move|p1a: Blissey|Soft-Boiled|p1a: Blissey\n|-heal|p1a: Blissey|97\/100 brn\n|\n|-damage|p1a: Blissey|91\/100 brn|[from] brn\n|-end|p1a: Blissey|Fire Spin|[partiallytrapped]\n|upkeep\n|turn|163\n|\n|t:|1652942008\n|-curestatus|p1a: Blissey|brn|[from] ability: Natural Cure\n|switch|p1a: Tapu Bulu|Tapu Bulu|67\/100\n|-damage|p1a: Tapu Bulu|55\/100|[from] Stealth Rock\n|-fieldstart|move: Grassy Terrain|[from] ability: Grassy Surge|[of] p1a: Tapu Bulu\n|move|p2a: Moltres|Fire Spin|p1a: Tapu Bulu\n|-supereffective|p1a: Tapu Bulu\n|-damage|p1a: Tapu Bulu|31\/100\n|-activate|p1a: Tapu Bulu|move: Fire Spin|[of] p2a: Moltres\n|\n|-heal|p1a: Tapu Bulu|37\/100|[from] Grassy Terrain\n|-heal|p1a: Tapu Bulu|44\/100|[from] item: Leftovers\n|-damage|p1a: Tapu Bulu|31\/100|[from] move: Fire Spin|[partiallytrapped]\n|upkeep\n|turn|164\n|inactive|eromangagaki has 120 seconds left.\n|\n|t:|1652942040\n|switch|p2a: Kartana|Kartana|35\/100\n|-damage|p2a: Kartana|19\/100|[from] Spikes\n|move|p1a: Tapu Bulu|Synthesis|p1a: Tapu Bulu\n|-heal|p1a: Tapu Bulu|81\/100\n|\n|-heal|p2a: Kartana|25\/100|[from] Grassy Terrain\n|-heal|p1a: Tapu Bulu|87\/100|[from] Grassy Terrain\n|-heal|p1a: Tapu Bulu|93\/100|[from] item: Leftovers\n|-end|p1a: Tapu Bulu|Fire Spin|[partiallytrapped]|[silent]\n|upkeep\n|turn|165\n|inactive|eromangagaki has 120 seconds left.\n|\n|t:|1652942050\n|switch|p1a: Skarmory|Skarmory, M|100\/100\n|-damage|p1a: Skarmory|88\/100|[from] Stealth Rock\n|move|p2a: Kartana|Swords Dance|p2a: Kartana\n|-boost|p2a: Kartana|atk|2\n|\n|-heal|p2a: Kartana|31\/100|[from] Grassy Terrain\n|upkeep\n|turn|166\n|\n|t:|1652942054\n|move|p2a: Kartana|Knock Off|p1a: Skarmory\n|-damage|p1a: Skarmory|64\/100\n|move|p1a: Skarmory|Body Press|p2a: Kartana\n|-supereffective|p2a: Kartana\n|-damage|p2a: Kartana|0 fnt\n|-damage|p1a: Skarmory|48\/100|[from] item: Rocky Helmet|[of] p2a: Kartana\n|faint|p2a: Kartana\n|\n|upkeep\n|\n|t:|1652942056\n|switch|p2a: Moltres|Moltres|57\/100\n|turn|167\n|\n|t:|1652942065\n|switch|p1a: Blissey|Blissey, F|91\/100\n|-damage|p1a: Blissey|79\/100|[from] Stealth Rock\n|move|p2a: Moltres|Fire Spin|p1a: Blissey\n|-damage|p1a: Blissey|73\/100\n|-activate|p1a: Blissey|move: Fire Spin|[of] p2a: Moltres\n|\n|-heal|p1a: Blissey|79\/100|[from] Grassy Terrain\n|-damage|p1a: Blissey|66\/100|[from] move: Fire Spin|[partiallytrapped]\n|-fieldend|move: Grassy Terrain\n|upkeep\n|turn|168\n|\n|t:|1652942073\n|move|p2a: Moltres|Scorching Sands|p1a: Blissey\n|-damage|p1a: Blissey|58\/100\n|-status|p1a: Blissey|brn\n|move|p1a: Blissey|Stealth Rock|p2a: Moltres\n|-sidestart|p2: eromangagaki|move: Stealth Rock\n|\n|-damage|p1a: Blissey|52\/100 brn|[from] brn\n|-damage|p1a: Blissey|40\/100 brn|[from] move: Fire Spin|[partiallytrapped]\n|upkeep\n|turn|169\n|\n|t:|1652942077\n|move|p2a: Moltres|Scorching Sands|p1a: Blissey\n|-damage|p1a: Blissey|31\/100 brn\n|move|p1a: Blissey|Soft-Boiled|p1a: Blissey\n|-heal|p1a: Blissey|81\/100 brn\n|\n|-damage|p1a: Blissey|75\/100 brn|[from] brn\n|-damage|p1a: Blissey|62\/100 brn|[from] move: Fire Spin|[partiallytrapped]\n|upkeep\n|turn|170\n|\n|t:|1652942083\n|move|p2a: Moltres|Roost|p2a: Moltres\n|-heal|p2a: Moltres|100\/100\n|-singleturn|p2a: Moltres|move: Roost\n|move|p1a: Blissey|Seismic Toss|p2a: Moltres\n|-damage|p2a: Moltres|74\/100\n|\n|-damage|p1a: Blissey|56\/100 brn|[from] brn\n|-damage|p1a: Blissey|43\/100 brn|[from] move: Fire Spin|[partiallytrapped]\n|upkeep\n|turn|171\n|\n|t:|1652942087\n|move|p2a: Moltres|Scorching Sands|p1a: Blissey\n|-damage|p1a: Blissey|36\/100 brn\n|move|p1a: Blissey|Soft-Boiled|p1a: Blissey\n|-heal|p1a: Blissey|86\/100 brn\n|\n|-damage|p1a: Blissey|79\/100 brn|[from] brn\n|-end|p1a: Blissey|Fire Spin|[partiallytrapped]\n|upkeep\n|turn|172\n|\n|t:|1652942093\n|-curestatus|p1a: Blissey|brn|[from] ability: Natural Cure\n|switch|p1a: Tapu Bulu|Tapu Bulu|93\/100\n|-damage|p1a: Tapu Bulu|81\/100|[from] Stealth Rock\n|-fieldstart|move: Grassy Terrain|[from] ability: Grassy Surge|[of] p1a: Tapu Bulu\n|move|p2a: Moltres|Fire Spin|p1a: Tapu Bulu\n|-supereffective|p1a: Tapu Bulu\n|-damage|p1a: Tapu Bulu|56\/100\n|-activate|p1a: Tapu Bulu|move: Fire Spin|[of] p2a: Moltres\n|\n|-heal|p1a: Tapu Bulu|62\/100|[from] Grassy Terrain\n|-heal|p1a: Tapu Bulu|69\/100|[from] item: Leftovers\n|-damage|p1a: Tapu Bulu|56\/100|[from] move: Fire Spin|[partiallytrapped]\n|upkeep\n|turn|173\n|\n|t:|1652942107\n|move|p1a: Tapu Bulu|Protect|p1a: Tapu Bulu\n|-singleturn|p1a: Tapu Bulu|Protect\n|move|p2a: Moltres|Fire Spin|p1a: Tapu Bulu\n|-activate|p1a: Tapu Bulu|move: Protect\n|\n|-heal|p1a: Tapu Bulu|62\/100|[from] Grassy Terrain\n|-heal|p1a: Tapu Bulu|68\/100|[from] item: Leftovers\n|-damage|p1a: Tapu Bulu|56\/100|[from] move: Fire Spin|[partiallytrapped]\n|upkeep\n|turn|174\n|\n|t:|1652942116\n|move|p1a: Tapu Bulu|Protect||[still]\n|-fail|p1a: Tapu Bulu\n|move|p2a: Moltres|Hurricane|p1a: Tapu Bulu\n|-supereffective|p1a: Tapu Bulu\n|-damage|p1a: Tapu Bulu|0 fnt\n|faint|p1a: Tapu Bulu\n|\n|upkeep\n|c|\u2606eromangagaki|Gg\n|-message|SKIP THE DRIP forfeited.\n|\n|win|eromangagaki\n|raw|SKIP THE DRIP's rating: 1713 &rarr; <strong>1687<\/strong><br \/>(-26 for losing)\n|raw|eromangagaki's rating: 1613 &rarr; <strong>1639<\/strong><br \/>(+26 for winning)\n|l|\u2606SKIP THE DRIP\n","uploadtime":1652942135,"views":33,"p1id":"skipthedrip","p2id":"eromangagaki","formatid":"gen8ou","rating":1639,"private":0,"password":null}