{"id":"gen8nationaldexag-1657643261","p1":"Meracx","p2":"myrtille deter","format":"gen8nationaldexag","log":"|j|\u2606Meracx\n|j|\u2606myrtille deter\n|t:|1662484033\n|gametype|singles\n|player|p1|Meracx|thorton|\n|player|p2|myrtille deter|battlegirl|\n|teamsize|p1|6\n|teamsize|p2|6\n|gen|8\n|tier|[Gen 8] National Dex AG\n|rule|HP Percentage Mod: HP is shown in percentages\n|rule|Endless Battle Clause: Forcing endless battles is banned\n|clearpoke\n|poke|p1|Inteleon, M|\n|poke|p1|Sableye, F|\n|poke|p1|Mew|\n|poke|p1|Ursaring, M|\n|poke|p1|Polteageist|\n|poke|p1|Clefable, M|\n|poke|p2|Clefable, M|\n|poke|p2|Celebi|\n|poke|p2|Jirachi|\n|poke|p2|Mew|\n|poke|p2|Azelf|\n|poke|p2|Diancie|\n|teampreview\n|inactive|Battle timer is ON: inactive players will automatically lose when time's up. (requested by myrtille deter)\n|\n|t:|1662484049\n|start\n|switch|p1a: Polteageist|Polteageist|100\/100\n|switch|p2a: Barbapapa|Mew|100\/100\n|turn|1\n|\n|t:|1662484051\n|move|p1a: Polteageist|Metronome|p1a: Polteageist\n|move|p1a: Polteageist|False Swipe|p2a: Barbapapa|[from]move: Metronome\n|-damage|p2a: Barbapapa|94\/100\n|move|p2a: Barbapapa|Metronome|p2a: Barbapapa\n|move|p2a: Barbapapa|Headbutt|p1a: Polteageist|[from]move: Metronome\n|-immune|p1a: Polteageist\n|\n|-heal|p2a: Barbapapa|99\/100|[from] item: Leftovers\n|upkeep\n|turn|2\n|\n|t:|1662484058\n|move|p1a: Polteageist|Metronome|p1a: Polteageist\n|move|p1a: Polteageist|Blaze Kick|p2a: Barbapapa|[from]move: Metronome\n|-damage|p2a: Barbapapa|88\/100\n|move|p2a: Barbapapa|Metronome|p2a: Barbapapa\n|move|p2a: Barbapapa|Fairy Wind|p1a: Polteageist|[from]move: Metronome\n|-damage|p1a: Polteageist|86\/100\n|-start|p2a: Barbapapa|Disable|Metronome|[from] ability: Cursed Body|[of] p1a: Polteageist\n|\n|-heal|p2a: Barbapapa|94\/100|[from] item: Leftovers\n|upkeep\n|turn|3\n|\n|t:|1662484069\n|switch|p2a: Unaware ma gueule|Clefable, M|100\/100\n|move|p1a: Polteageist|Metronome|p1a: Polteageist\n|move|p1a: Polteageist|Present|p2a: Unaware ma gueule|[from]move: Metronome\n|-damage|p2a: Unaware ma gueule|94\/100\n|\n|upkeep\n|turn|4\n|c|\u2606myrtille deter|AH\n|\n|t:|1662484075\n|move|p1a: Polteageist|Metronome|p1a: Polteageist\n|move|p1a: Polteageist|Kinesis|p2a: Unaware ma gueule|[from]move: Metronome\n|-unboost|p2a: Unaware ma gueule|accuracy|1\n|move|p2a: Unaware ma gueule|Metronome|p2a: Unaware ma gueule\n|move|p2a: Unaware ma gueule|Extreme Speed|p1a: Polteageist|[from]move: Metronome\n|-immune|p1a: Polteageist\n|\n|upkeep\n|turn|5\n|\n|t:|1662484082\n|switch|p2a: Princesse Barbie|Diancie|100\/100\n|move|p1a: Polteageist|Metronome|p1a: Polteageist\n|move|p1a: Polteageist|Tri Attack|p2a: Princesse Barbie|[from]move: Metronome\n|-resisted|p2a: Princesse Barbie\n|-damage|p2a: Princesse Barbie|74\/100\n|\n|upkeep\n|turn|6\n|\n|t:|1662484089\n|detailschange|p2a: Princesse Barbie|Diancie-Mega\n|-mega|p2a: Princesse Barbie|Diancie|Diancite\n|move|p2a: Princesse Barbie|Metronome|p2a: Princesse Barbie\n|move|p2a: Princesse Barbie|Eruption|p1a: Polteageist|[from]move: Metronome\n|-damage|p1a: Polteageist|33\/100\n|move|p1a: Polteageist|Metronome|p1a: Polteageist\n|move|p1a: Polteageist|Focus Blast|p2a: Princesse Barbie|[from]move: Metronome\n|-damage|p2a: Princesse Barbie|0 fnt\n|faint|p2a: Princesse Barbie\n|\n|upkeep\n|c|\u2606myrtille deter|QUOI\n|c|\u2606Meracx|Voil\u00e0\n|\n|t:|1662484101\n|switch|p2a: Unaware ma gueule|Clefable, M|94\/100\n|turn|7\n|c|\u2606Meracx|On discute\n|\n|t:|1662484103\n|move|p1a: Polteageist|Metronome|p1a: Polteageist\n|move|p1a: Polteageist|Leer|p2a: Unaware ma gueule|[from]move: Metronome\n|-unboost|p2a: Unaware ma gueule|def|1\n|move|p2a: Unaware ma gueule|Metronome|p2a: Unaware ma gueule\n|move|p2a: Unaware ma gueule|Harden|p2a: Unaware ma gueule|[from]move: Metronome\n|-boost|p2a: Unaware ma gueule|def|1\n|\n|upkeep\n|turn|8\n|c|\u2606myrtille deter|CHUI SCAnDALISE\n|c|\u2606Meracx|Meilleur\n|c|\u2606Meracx|tour\n|c|\u2606Meracx|ever\n|c|\u2606myrtille deter|mais wtf\n|c|\u2606myrtille deter|ce tour\n|\n|t:|1662484115\n|move|p1a: Polteageist|Metronome|p1a: Polteageist\n|move|p1a: Polteageist|Wrap|p2a: Unaware ma gueule|[from]move: Metronome|[miss]\n|-miss|p1a: Polteageist|p2a: Unaware ma gueule\n|move|p2a: Unaware ma gueule|Metronome|p2a: Unaware ma gueule\n|move|p2a: Unaware ma gueule|Head Smash|p1a: Polteageist|[from]move: Metronome\n|-damage|p1a: Polteageist|0 fnt\n|faint|p1a: Polteageist\n|\n|upkeep\n|c|\u2606Meracx|Ah oui gros Unaware\n|\n|t:|1662484132\n|switch|p1a: Sableye|Sableye, F|100\/100\n|turn|9\n|\n|t:|1662484145\n|detailschange|p1a: Sableye|Sableye-Mega, F\n|-mega|p1a: Sableye|Sableye|Sablenite\n|move|p2a: Unaware ma gueule|Metronome|p2a: Unaware ma gueule\n|move|p2a: Unaware ma gueule|Sludge Wave|p1a: Sableye|[from]move: Metronome\n|-resisted|p1a: Sableye\n|-crit|p1a: Sableye\n|-damage|p1a: Sableye|73\/100\n|move|p1a: Sableye|Metronome|p1a: Sableye\n|move|p1a: Sableye|Phantom Force||[from]move: Metronome|[still]\n|-prepare|p1a: Sableye|Phantom Force\n|\n|upkeep\n|turn|10\n|c|\u2606myrtille deter|merde j'ai pas de type normal\n|\n|t:|1662484160\n|move|p2a: Unaware ma gueule|Metronome|p2a: Unaware ma gueule\n|move|p2a: Unaware ma gueule|Ally Switch||[from]move: Metronome|[still]\n|-fail|p2a: Unaware ma gueule\n|move|p1a: Sableye|Phantom Force|p2a: Unaware ma gueule|[from]lockedmove\n|-damage|p2a: Unaware ma gueule|51\/100\n|\n|upkeep\n|turn|11\n|\n|t:|1662484165\n|move|p2a: Unaware ma gueule|Metronome|p2a: Unaware ma gueule\n|move|p2a: Unaware ma gueule|False Swipe|p1a: Sableye|[from]move: Metronome\n|-immune|p1a: Sableye\n|move|p1a: Sableye|Metronome|p1a: Sableye\n|move|p1a: Sableye|Gunk Shot|p2a: Unaware ma gueule|[from]move: Metronome\n|-supereffective|p2a: Unaware ma gueule\n|-damage|p2a: Unaware ma gueule|0 fnt\n|faint|p2a: Unaware ma gueule\n|\n|upkeep\n|c|\u2606Meracx|Yes\n|inactive|myrtille deter has 270 seconds left.\n|\n|t:|1662484215\n|switch|p2a: Barbapapa|Mew|94\/100\n|turn|12\n|\n|t:|1662484221\n|move|p2a: Barbapapa|Metronome|p2a: Barbapapa\n|move|p2a: Barbapapa|Stomp|p1a: Sableye|[from]move: Metronome\n|-immune|p1a: Sableye\n|move|p1a: Sableye|Metronome|p1a: Sableye\n|move|p1a: Sableye|Dark Pulse|p2a: Barbapapa|[from]move: Metronome\n|-supereffective|p2a: Barbapapa\n|-damage|p2a: Barbapapa|49\/100\n|\n|-heal|p2a: Barbapapa|55\/100|[from] item: Leftovers\n|upkeep\n|turn|13\n|inactive|myrtille deter has 270 seconds left.\n|inactive|myrtille deter has 240 seconds left.\n|\n|t:|1662484271\n|move|p2a: Barbapapa|Metronome|p2a: Barbapapa\n|move|p2a: Barbapapa|Shell Smash|p2a: Barbapapa|[from]move: Metronome\n|-unboost|p2a: Barbapapa|def|1\n|-unboost|p2a: Barbapapa|spd|1\n|-boost|p2a: Barbapapa|atk|2\n|-boost|p2a: Barbapapa|spa|2\n|-boost|p2a: Barbapapa|spe|2\n|move|p1a: Sableye|Metronome|p1a: Sableye\n|move|p1a: Sableye|Fire Fang|p2a: Barbapapa|[from]move: Metronome\n|-damage|p2a: Barbapapa|30\/100\n|\n|-heal|p2a: Barbapapa|36\/100|[from] item: Leftovers\n|upkeep\n|turn|14\n|c|\u2606myrtille deter|GO GO GO\n|\n|t:|1662484280\n|move|p2a: Barbapapa|Metronome|p2a: Barbapapa\n|move|p2a: Barbapapa|Scald|p1a: Sableye|[from]move: Metronome\n|-damage|p1a: Sableye|29\/100\n|move|p1a: Sableye|Metronome|p1a: Sableye\n|move|p1a: Sableye|Dazzling Gleam|p2a: Barbapapa|[from]move: Metronome\n|-damage|p2a: Barbapapa|13\/100\n|\n|-heal|p2a: Barbapapa|19\/100|[from] item: Leftovers\n|upkeep\n|turn|15\n|c|\u2606myrtille deter|ALLEZ FAIS UN TROU DANS CE SABLEYE DE MERDE\n|inactive|myrtille deter has 240 seconds left.\n|\n|t:|1662484289\n|move|p2a: Barbapapa|Metronome|p2a: Barbapapa\n|move|p2a: Barbapapa|Supersonic|p1a: Sableye|[from]move: Metronome\n|move|p1a: Sableye|Supersonic|p2a: Barbapapa|[from]ability: Magic Bounce\n|-start|p2a: Barbapapa|confusion\n|move|p1a: Sableye|Metronome|p1a: Sableye\n|move|p1a: Sableye|Slack Off|p1a: Sableye|[from]move: Metronome\n|-heal|p1a: Sableye|79\/100\n|\n|-heal|p2a: Barbapapa|25\/100|[from] item: Leftovers\n|upkeep\n|turn|16\n|c|\u2606myrtille deter|MAIS NAN\n|c|\u2606myrtille deter|MAIS NAAAAAAN\n|c|\u2606Meracx|Oui oui oui\n|\n|t:|1662484301\n|-activate|p2a: Barbapapa|confusion\n|-damage|p2a: Barbapapa|0 fnt|[from] confusion\n|faint|p2a: Barbapapa\n|move|p1a: Sableye|Metronome|p1a: Sableye\n|move|p1a: Sableye|Crunch|p2: Barbapapa|[from]move: Metronome|[notarget]\n|-fail|p1a: Sableye\n|\n|upkeep\n|c|\u2606Meracx|AHAHAHAH\n|\n|t:|1662484307\n|switch|p2a: j'te haxx|Jirachi, shiny|100\/100\n|turn|17\n|\n|t:|1662484309\n|-zpower|p2a: j'te haxx\n|move|p2a: j'te haxx|Z-Metronome|p2a: j'te haxx|[anim]Metronome\n|move|p2a: j'te haxx|Acid Downpour|p1a: Sableye|[from]move: Metronome\n|-resisted|p1a: Sableye\n|-damage|p1a: Sableye|65\/100\n|move|p1a: Sableye|Metronome|p1a: Sableye\n|move|p1a: Sableye|No Retreat|p1a: Sableye|[from]move: Metronome\n|-boost|p1a: Sableye|atk|1\n|-boost|p1a: Sableye|def|1\n|-boost|p1a: Sableye|spa|1\n|-boost|p1a: Sableye|spd|1\n|-boost|p1a: Sableye|spe|1\n|-start|p1a: Sableye|move: No Retreat\n|\n|upkeep\n|turn|18\n|c|\u2606myrtille deter|MAIS NIQUE\n|c|\u2606myrtille deter|MAIS NIIIIIIIIQUE\n|\n|t:|1662484326\n|move|p2a: j'te haxx|Metronome|p2a: j'te haxx\n|move|p2a: j'te haxx|Attack Order|p1a: Sableye|[from]move: Metronome\n|-damage|p1a: Sableye|48\/100\n|move|p1a: Sableye|Metronome|p1a: Sableye\n|move|p1a: Sableye|Earthquake|p2a: j'te haxx|[from]move: Metronome\n|-supereffective|p2a: j'te haxx\n|-damage|p2a: j'te haxx|1\/100\n|\n|upkeep\n|turn|19\n|c|\u2606Meracx|OH\n|\n|t:|1662484334\n|move|p2a: j'te haxx|Metronome|p2a: j'te haxx\n|move|p2a: j'te haxx|Magnet Rise|p2a: j'te haxx|[from]move: Metronome\n|-start|p2a: j'te haxx|Magnet Rise\n|move|p1a: Sableye|Metronome|p1a: Sableye\n|move|p1a: Sableye|Teatime||[from]move: Metronome|[still]\n|-fail|p1a: Sableye\n|\n|upkeep\n|turn|20\n|c|\u2606myrtille deter|MAIS WTF\n|c|\u2606Meracx|MDR\n|c|\u2606myrtille deter|MAIS LE JEU ME TROLLE PUTAIN\n|c|\u2606Meracx|1 tour de retard\n|inactive|myrtille deter has 240 seconds left.\n|inactive|myrtille deter has 210 seconds left.\n|\n|t:|1662484392\n|move|p2a: j'te haxx|Metronome|p2a: j'te haxx\n|move|p2a: j'te haxx|Conversion|p2a: j'te haxx|[from]move: Metronome\n|-start|p2a: j'te haxx|typechange|Normal\n|move|p1a: Sableye|Metronome|p1a: Sableye\n|move|p1a: Sableye|Water Gun|p2a: j'te haxx|[from]move: Metronome\n|-damage|p2a: j'te haxx|0 fnt\n|faint|p2a: j'te haxx\n|\n|upkeep\n|inactive|myrtille deter has 210 seconds left.\n|\n|t:|1662484412\n|switch|p2a: Oui m\u00e9 c\u00e9 rar|Celebi, shiny|100\/100\n|turn|21\n|\n|t:|1662484422\n|move|p2a: Oui m\u00e9 c\u00e9 rar|Metronome|p2a: Oui m\u00e9 c\u00e9 rar\n|move|p2a: Oui m\u00e9 c\u00e9 rar|Horn Attack|p1a: Sableye|[from]move: Metronome\n|-immune|p1a: Sableye\n|move|p1a: Sableye|Metronome|p1a: Sableye\n|move|p1a: Sableye|Anchor Shot|p2a: Oui m\u00e9 c\u00e9 rar|[from]move: Metronome\n|-damage|p2a: Oui m\u00e9 c\u00e9 rar|64\/100\n|-activate|p2a: Oui m\u00e9 c\u00e9 rar|trapped\n|\n|upkeep\n|turn|22\n|inactive|myrtille deter has 210 seconds left.\n|\n|t:|1662484445\n|move|p2a: Oui m\u00e9 c\u00e9 rar|Metronome|p2a: Oui m\u00e9 c\u00e9 rar\n|move|p2a: Oui m\u00e9 c\u00e9 rar|Leafage|p1a: Sableye|[from]move: Metronome\n|-damage|p1a: Sableye|37\/100\n|move|p1a: Sableye|Metronome|p1a: Sableye\n|move|p1a: Sableye|Agility|p1a: Sableye|[from]move: Metronome\n|-boost|p1a: Sableye|spe|2\n|\n|upkeep\n|turn|23\n|c|\u2606Meracx|Le monstre\n|\n|t:|1662484456\n|move|p2a: Oui m\u00e9 c\u00e9 rar|Metronome|p2a: Oui m\u00e9 c\u00e9 rar\n|move|p2a: Oui m\u00e9 c\u00e9 rar|Sucker Punch||[from]move: Metronome|[still]\n|-fail|p2a: Oui m\u00e9 c\u00e9 rar\n|move|p1a: Sableye|Metronome|p1a: Sableye\n|move|p1a: Sableye|Gear Up||[from]move: Metronome|[still]\n|-fail|p1a: Sableye\n|\n|upkeep\n|turn|24\n|\n|t:|1662484461\n|move|p2a: Oui m\u00e9 c\u00e9 rar|Metronome|p2a: Oui m\u00e9 c\u00e9 rar\n|move|p2a: Oui m\u00e9 c\u00e9 rar|Leaf Storm|p1a: Sableye|[from]move: Metronome\n|-damage|p1a: Sableye|0 fnt\n|-unboost|p2a: Oui m\u00e9 c\u00e9 rar|spa|2\n|faint|p1a: Sableye\n|\n|upkeep\n|c|\u2606myrtille deter|le cancer surtout\n|\n|t:|1662484468\n|switch|p1a: Inteleon|Inteleon, M|100\/100\n|turn|25\n|c|\u2606myrtille deter|Faut \u00eatre une sous-race pour jouer M-Tenefix\n|\n|t:|1662484471\n|switch|p2a: Coup de soleil|Azelf, shiny|100\/100\n|move|p1a: Inteleon|Metronome|p1a: Inteleon\n|move|p1a: Inteleon|Fire Spin|p2a: Coup de soleil|[from]move: Metronome\n|-damage|p2a: Coup de soleil|83\/100\n|-activate|p2a: Coup de soleil|move: Fire Spin|[of] p1a: Inteleon\n|\n|-damage|p2a: Coup de soleil|71\/100|[from] move: Fire Spin|[partiallytrapped]\n|upkeep\n|turn|26\n|c|\u2606Meracx|Tu joues Mew Restes en Metronome c'est pire\n|\n|t:|1662484488\n|move|p2a: Coup de soleil|Metronome|p2a: Coup de soleil\n|move|p2a: Coup de soleil|Thunder|p1a: Inteleon|[from]move: Metronome|[miss]\n|-miss|p2a: Coup de soleil|p1a: Inteleon\n|move|p1a: Inteleon|Metronome|p1a: Inteleon\n|move|p1a: Inteleon|Gravity|p1a: Inteleon|[from]move: Metronome\n|-fieldstart|move: Gravity\n|\n|-damage|p2a: Coup de soleil|58\/100|[from] move: Fire Spin|[partiallytrapped]\n|upkeep\n|turn|27\n|inactive|myrtille deter has 240 seconds left.\n|inactive|myrtille deter has 210 seconds left.\n|c|\u2606Meracx|Par contre j'avoue que le timing joue pas en ta faveur sur ce match\n|\n|t:|1662484543\n|move|p2a: Coup de soleil|Metronome|p2a: Coup de soleil\n|move|p2a: Coup de soleil|Trick Room|p2a: Coup de soleil|[from]move: Metronome\n|-fieldstart|move: Trick Room|[of] p2a: Coup de soleil\n|move|p1a: Inteleon|Metronome|p1a: Inteleon\n|move|p1a: Inteleon|Vise Grip|p2a: Coup de soleil|[from]move: Metronome\n|-damage|p2a: Coup de soleil|39\/100\n|\n|-damage|p2a: Coup de soleil|27\/100|[from] move: Fire Spin|[partiallytrapped]\n|upkeep\n|turn|28\n|\n|t:|1662484550\n|move|p1a: Inteleon|Metronome|p1a: Inteleon\n|move|p1a: Inteleon|Hammer Arm|p2a: Coup de soleil|[from]move: Metronome\n|-resisted|p2a: Coup de soleil\n|-crit|p2a: Coup de soleil\n|-damage|p2a: Coup de soleil|0 fnt\n|-unboost|p1a: Inteleon|spe|1\n|faint|p2a: Coup de soleil\n|\n|upkeep\n|\n|t:|1662484554\n|switch|p2a: Oui m\u00e9 c\u00e9 rar|Celebi, shiny|64\/100\n|turn|29\n|c|\u2606Meracx|Gravity Trick Room c'est un truc d'Abd\n|\n|t:|1662484562\n|move|p2a: Oui m\u00e9 c\u00e9 rar|Metronome|p2a: Oui m\u00e9 c\u00e9 rar\n|move|p2a: Oui m\u00e9 c\u00e9 rar|Dream Eater|p1a: Inteleon|[from]move: Metronome\n|-immune|p1a: Inteleon\n|move|p1a: Inteleon|Metronome|p1a: Inteleon\n|move|p1a: Inteleon|Spikes|p2a: Oui m\u00e9 c\u00e9 rar|[from]move: Metronome\n|-sidestart|p2: myrtille deter|Spikes\n|\n|upkeep\n|turn|30\n|c|\u2606myrtille deter|12 m\u00e9tronomes pour tuer 4 Pok\u00e9mon full life allez on y croit\n|\n|t:|1662484571\n|move|p2a: Oui m\u00e9 c\u00e9 rar|Metronome|p2a: Oui m\u00e9 c\u00e9 rar\n|move|p2a: Oui m\u00e9 c\u00e9 rar|Flatter|p1a: Inteleon|[from]move: Metronome\n|-boost|p1a: Inteleon|spa|1\n|-start|p1a: Inteleon|confusion\n|-activate|p1a: Inteleon|confusion\n|move|p1a: Inteleon|Metronome|p1a: Inteleon\n|move|p1a: Inteleon|No Retreat|p1a: Inteleon|[from]move: Metronome\n|-boost|p1a: Inteleon|atk|1\n|-boost|p1a: Inteleon|def|1\n|-boost|p1a: Inteleon|spa|1\n|-boost|p1a: Inteleon|spd|1\n|-boost|p1a: Inteleon|spe|1\n|-start|p1a: Inteleon|move: No Retreat\n|\n|-fieldend|move: Gravity\n|upkeep\n|turn|31\n|c|\u2606Meracx|MDR\n|\n|t:|1662484581\n|move|p2a: Oui m\u00e9 c\u00e9 rar|Metronome|p2a: Oui m\u00e9 c\u00e9 rar\n|move|p2a: Oui m\u00e9 c\u00e9 rar|Earthquake|p1a: Inteleon|[from]move: Metronome\n|-damage|p1a: Inteleon|61\/100\n|-activate|p1a: Inteleon|confusion\n|move|p1a: Inteleon|Metronome|p1a: Inteleon\n|move|p1a: Inteleon|Fury Attack|p2a: Oui m\u00e9 c\u00e9 rar|[from]move: Metronome|[miss]\n|-miss|p1a: Inteleon|p2a: Oui m\u00e9 c\u00e9 rar\n|\n|-fieldend|move: Trick Room\n|upkeep\n|turn|32\n|c|\u2606myrtille deter|Mais juste stop\n|\n|t:|1662484589\n|-activate|p1a: Inteleon|confusion\n|-damage|p1a: Inteleon|44\/100|[from] confusion\n|move|p2a: Oui m\u00e9 c\u00e9 rar|Metronome|p2a: Oui m\u00e9 c\u00e9 rar\n|move|p2a: Oui m\u00e9 c\u00e9 rar|Shore Up|p2a: Oui m\u00e9 c\u00e9 rar|[from]move: Metronome\n|-heal|p2a: Oui m\u00e9 c\u00e9 rar|100\/100\n|\n|upkeep\n|turn|33\n|\n|t:|1662484599\n|-activate|p1a: Inteleon|confusion\n|move|p1a: Inteleon|Metronome|p1a: Inteleon\n|move|p1a: Inteleon|Electroweb|p2a: Oui m\u00e9 c\u00e9 rar|[from]move: Metronome\n|-resisted|p2a: Oui m\u00e9 c\u00e9 rar\n|-crit|p2a: Oui m\u00e9 c\u00e9 rar\n|-damage|p2a: Oui m\u00e9 c\u00e9 rar|56\/100\n|-unboost|p2a: Oui m\u00e9 c\u00e9 rar|spe|1\n|move|p2a: Oui m\u00e9 c\u00e9 rar|Metronome|p2a: Oui m\u00e9 c\u00e9 rar\n|move|p2a: Oui m\u00e9 c\u00e9 rar|Psycho Shift||[from]move: Metronome|[still]\n|-fail|p2a: Oui m\u00e9 c\u00e9 rar\n|\n|upkeep\n|turn|34\n|c|\u2606myrtille deter|8 m\u00e9tronome pour tuer 4 Pok\u00e9 allez Celebi\n|\n|t:|1662484608\n|-end|p1a: Inteleon|confusion\n|move|p1a: Inteleon|Metronome|p1a: Inteleon\n|move|p1a: Inteleon|Sludge Wave|p2a: Oui m\u00e9 c\u00e9 rar|[from]move: Metronome\n|-supereffective|p2a: Oui m\u00e9 c\u00e9 rar\n|-damage|p2a: Oui m\u00e9 c\u00e9 rar|0 fnt\n|faint|p2a: Oui m\u00e9 c\u00e9 rar\n|\n|win|Meracx\n|c|\u2606myrtille deter|aie aie aie Celebi\n|c|\u2606Meracx|Allez hop finale\n|c|\u2606myrtille deter|La belle la belle\n|l|\u2606myrtille deter\n","uploadtime":1662485061,"views":4,"p1id":"meracx","p2id":"myrtilledeter","formatid":"gen8nationaldexag","rating":0,"private":0,"password":null}