{"id":"gen8ou-1692723699","p1":"jianzhang106\u8230\u957f","p2":"LT94JE Allistair","format":"gen8ou","log":"|html|<div class=\"broadcast-blue\"><strong>[Gen 8] OU is currently suspecting Melmetal! For information on how to participate check out the <a href=\"https:\/\/www.smogon.com\/forums\/threads\/np-ss-ou-suspect-process-round-12-monster-mash.3709234\/\">suspect thread<\/a>.<\/strong><\/div>\n|j|\u203djianzhang106\u8230\u957f\n|j|\u2606LT94JE Allistair\n|t:|1666526739\n|gametype|singles\n|player|p1|jianzhang106\u8230\u957f|riley|1604\n|player|p2|LT94JE Allistair|2|1707\n|teamsize|p1|6\n|teamsize|p2|6\n|gen|8\n|tier|[Gen 8] OU\n|rated|\n|rule|Sleep Clause Mod: Limit one foe put to sleep\n|rule|Species Clause: Limit one of each Pok\u00e9mon\n|rule|OHKO Clause: OHKO moves are banned\n|rule|Evasion Items Clause: Evasion items are banned\n|rule|Evasion Moves Clause: Evasion moves are banned\n|rule|Endless Battle Clause: Forcing endless battles is banned\n|rule|HP Percentage Mod: HP is shown in percentages\n|rule|Dynamax Clause: You cannot dynamax\n|clearpoke\n|poke|p1|Garchomp, M|\n|poke|p1|Clefable, F|\n|poke|p1|Corviknight, M|\n|poke|p1|Volcanion|\n|poke|p1|Weavile, F|\n|poke|p1|Landorus-Therian, M|\n|poke|p2|Mew|\n|poke|p2|Slurpuff, F|\n|poke|p2|Vanilluxe, F|\n|poke|p2|Jirachi|\n|poke|p2|Weavile, F|\n|poke|p2|Tapu Bulu|\n|teampreview\n|inactive|Battle timer is ON: inactive players will automatically lose when time's up. (requested by jianzhang106\u8230\u957f)\n|\n|t:|1666526794\n|start\n|switch|p1a: Weavile|Weavile, F|100\/100\n|switch|p2a: Slurpuff|Slurpuff, F|100\/100\n|-ability|p1a: Weavile|Pressure\n|turn|1\n|\n|t:|1666526806\n|move|p1a: Weavile|Icicle Crash|p2a: Slurpuff\n|-damage|p2a: Slurpuff|60\/100\n|cant|p2a: Slurpuff|flinch\n|\n|upkeep\n|turn|2\n|\n|t:|1666526833\n|move|p1a: Weavile|Swords Dance|p1a: Weavile\n|-boost|p1a: Weavile|atk|2\n|move|p2a: Slurpuff|Sticky Web|p1a: Weavile\n|-sidestart|p1: jianzhang106\u8230\u957f|move: Sticky Web\n|\n|upkeep\n|turn|3\n|j| zgiata \u521b\u4e16\u795e\n|\n|t:|1666526844\n|move|p1a: Weavile|Icicle Crash|p2a: Slurpuff|[miss]\n|-miss|p1a: Weavile|p2a: Slurpuff\n|move|p2a: Slurpuff|Misty Explosion|p1a: Weavile\n|-supereffective|p1a: Weavile\n|-damage|p1a: Weavile|17\/100\n|faint|p2a: Slurpuff\n|\n|upkeep\n|inactive|LT94JE Allistair has 120 seconds left.\n|\n|t:|1666526882\n|switch|p2a: Weavile|Weavile, F|100\/100\n|-ability|p2a: Weavile|Pressure\n|turn|4\n|\n|t:|1666526893\n|move|p2a: Weavile|Ice Shard|p1a: Weavile\n|-resisted|p1a: Weavile\n|-damage|p1a: Weavile|0 fnt\n|faint|p1a: Weavile\n|\n|upkeep\n|\n|t:|1666526898\n|switch|p1a: Corviknight|Corviknight, M|100\/100\n|turn|5\n|\n|t:|1666526903\n|move|p2a: Weavile|Taunt|p1a: Corviknight\n|-start|p1a: Corviknight|move: Taunt\n|cant|p1a: Corviknight|move: Taunt|Defog\n|\n|upkeep\n|turn|6\n|\n|t:|1666526909\n|move|p2a: Weavile|Knock Off|p1a: Corviknight\n|-damage|p1a: Corviknight|70\/100\n|-damage|p2a: Weavile|84\/100|[from] item: Rocky Helmet|[of] p1a: Corviknight\n|-enditem|p1a: Corviknight|Rocky Helmet|[from] move: Knock Off|[of] p2a: Weavile\n|move|p1a: Corviknight|Body Press|p2a: Weavile\n|-supereffective|p2a: Weavile\n|-damage|p2a: Weavile|0 fnt\n|faint|p2a: Weavile\n|\n|upkeep\n|inactive|LT94JE Allistair has 120 seconds left.\n|\n|t:|1666526922\n|switch|p2a: Vanilluxe|Vanilluxe, F|100\/100\n|-weather|Hail|[from] ability: Snow Warning|[of] p2a: Vanilluxe\n|turn|7\n|\n|t:|1666526940\n|switch|p1a: Volcanion|Volcanion|100\/100\n|move|p2a: Vanilluxe|Aurora Veil|p2a: Vanilluxe\n|-sidestart|p2: LT94JE Allistair|move: Aurora Veil\n|\n|-weather|Hail|[upkeep]\n|-damage|p1a: Volcanion|94\/100|[from] Hail\n|upkeep\n|turn|8\n|\n|t:|1666526942\n|move|p2a: Vanilluxe|Taunt|p1a: Volcanion\n|-start|p1a: Volcanion|move: Taunt\n|cant|p1a: Volcanion|move: Taunt|Substitute\n|\n|-weather|Hail|[upkeep]\n|-damage|p1a: Volcanion|88\/100|[from] Hail\n|upkeep\n|turn|9\n|j| 0ZorcNECROpHades\n|\n|t:|1666526964\n|move|p2a: Vanilluxe|Explosion|p1a: Volcanion\n|-damage|p1a: Volcanion|25\/100\n|faint|p2a: Vanilluxe\n|move|p1a: Volcanion|Steam Eruption|p2: Vanilluxe|[notarget]\n|-fail|p1a: Volcanion\n|\n|-weather|Hail|[upkeep]\n|-damage|p1a: Volcanion|19\/100|[from] Hail\n|upkeep\n|\n|t:|1666526971\n|switch|p2a: Tapu Bulu|Tapu Bulu|100\/100\n|-fieldstart|move: Grassy Terrain|[from] ability: Grassy Surge|[of] p2a: Tapu Bulu\n|turn|10\n|\n|t:|1666526975\n|move|p2a: Tapu Bulu|Calm Mind|p2a: Tapu Bulu\n|-boost|p2a: Tapu Bulu|spa|1\n|-boost|p2a: Tapu Bulu|spd|1\n|move|p1a: Volcanion|Sludge Bomb|p2a: Tapu Bulu\n|-supereffective|p2a: Tapu Bulu\n|-damage|p2a: Tapu Bulu|43\/100\n|-enditem|p2a: Tapu Bulu|Weakness Policy\n|-boost|p2a: Tapu Bulu|atk|2|[from] item: Weakness Policy\n|-boost|p2a: Tapu Bulu|spa|2|[from] item: Weakness Policy\n|\n|-weather|Hail|[upkeep]\n|-damage|p2a: Tapu Bulu|37\/100|[from] Hail\n|-damage|p1a: Volcanion|13\/100|[from] Hail\n|-heal|p2a: Tapu Bulu|43\/100|[from] Grassy Terrain\n|-heal|p1a: Volcanion|19\/100|[from] Grassy Terrain\n|-end|p1a: Volcanion|move: Taunt\n|upkeep\n|turn|11\n|\n|t:|1666526988\n|move|p2a: Tapu Bulu|Giga Drain|p1a: Volcanion\n|-damage|p1a: Volcanion|0 fnt\n|-heal|p2a: Tapu Bulu|54\/100|[from] drain|[of] p1a: Volcanion\n|faint|p1a: Volcanion\n|\n|-weather|none\n|-heal|p2a: Tapu Bulu|60\/100|[from] Grassy Terrain\n|upkeep\n|\n|t:|1666526999\n|switch|p1a: Clefable|Clefable, F|100\/100\n|-activate|p1a: Clefable|move: Sticky Web\n|-unboost|p1a: Clefable|spe|1\n|turn|12\n|\n|t:|1666527002\n|move|p2a: Tapu Bulu|Calm Mind|p2a: Tapu Bulu\n|-boost|p2a: Tapu Bulu|spa|1\n|-boost|p2a: Tapu Bulu|spd|1\n|move|p1a: Clefable|Calm Mind|p1a: Clefable\n|-boost|p1a: Clefable|spa|1\n|-boost|p1a: Clefable|spd|1\n|\n|-heal|p2a: Tapu Bulu|66\/100|[from] Grassy Terrain\n|upkeep\n|turn|13\n|\n|t:|1666527005\n|move|p2a: Tapu Bulu|Stored Power|p1a: Clefable\n|-damage|p1a: Clefable|73\/100\n|move|p1a: Clefable|Calm Mind|p1a: Clefable\n|-boost|p1a: Clefable|spa|1\n|-boost|p1a: Clefable|spd|1\n|\n|-heal|p2a: Tapu Bulu|72\/100|[from] Grassy Terrain\n|-heal|p1a: Clefable|79\/100|[from] Grassy Terrain\n|-heal|p1a: Clefable|85\/100|[from] item: Leftovers\n|upkeep\n|turn|14\n|\n|t:|1666527008\n|move|p2a: Tapu Bulu|Giga Drain|p1a: Clefable\n|-damage|p1a: Clefable|69\/100\n|-heal|p2a: Tapu Bulu|83\/100|[from] drain|[of] p1a: Clefable\n|move|p1a: Clefable|Calm Mind|p1a: Clefable\n|-boost|p1a: Clefable|spa|1\n|-boost|p1a: Clefable|spd|1\n|\n|-heal|p2a: Tapu Bulu|89\/100|[from] Grassy Terrain\n|-heal|p1a: Clefable|75\/100|[from] Grassy Terrain\n|-heal|p1a: Clefable|81\/100|[from] item: Leftovers\n|-sideend|p2: LT94JE Allistair|move: Aurora Veil\n|-fieldend|move: Grassy Terrain\n|upkeep\n|turn|15\n|\n|t:|1666527012\n|move|p2a: Tapu Bulu|Calm Mind|p2a: Tapu Bulu\n|-boost|p2a: Tapu Bulu|spa|1\n|-boost|p2a: Tapu Bulu|spd|1\n|move|p1a: Clefable|Calm Mind|p1a: Clefable\n|-boost|p1a: Clefable|spa|1\n|-boost|p1a: Clefable|spd|1\n|\n|-heal|p1a: Clefable|87\/100|[from] item: Leftovers\n|upkeep\n|turn|16\n|\n|t:|1666527014\n|move|p2a: Tapu Bulu|Calm Mind|p2a: Tapu Bulu\n|-boost|p2a: Tapu Bulu|spa|1\n|-boost|p2a: Tapu Bulu|spd|1\n|move|p1a: Clefable|Toxic|p2a: Tapu Bulu\n|-status|p2a: Tapu Bulu|tox\n|\n|-heal|p1a: Clefable|94\/100|[from] item: Leftovers\n|-damage|p2a: Tapu Bulu|83\/100 tox|[from] psn\n|upkeep\n|turn|17\n|\n|t:|1666527019\n|move|p2a: Tapu Bulu|Stored Power|p1a: Clefable\n|-damage|p1a: Clefable|71\/100\n|move|p1a: Clefable|Calm Mind|p1a: Clefable\n|-boost|p1a: Clefable|spa|1\n|-boost|p1a: Clefable|spd|1\n|\n|-heal|p1a: Clefable|77\/100|[from] item: Leftovers\n|-damage|p2a: Tapu Bulu|71\/100 tox|[from] psn\n|upkeep\n|turn|18\n|\n|t:|1666527022\n|move|p2a: Tapu Bulu|Stored Power|p1a: Clefable\n|-damage|p1a: Clefable|60\/100\n|move|p1a: Clefable|Calm Mind|p1a: Clefable\n|-boost|p1a: Clefable|spa|1\n|-boost|p1a: Clefable|spd|1\n|\n|-heal|p1a: Clefable|66\/100|[from] item: Leftovers\n|-damage|p2a: Tapu Bulu|53\/100 tox|[from] psn\n|upkeep\n|turn|19\n|\n|t:|1666527024\n|move|p2a: Tapu Bulu|Stored Power|p1a: Clefable\n|-damage|p1a: Clefable|51\/100\n|move|p1a: Clefable|Soft-Boiled|p1a: Clefable\n|-heal|p1a: Clefable|100\/100\n|\n|-damage|p2a: Tapu Bulu|29\/100 tox|[from] psn\n|upkeep\n|turn|20\n|\n|t:|1666527028\n|move|p2a: Tapu Bulu|Stored Power|p1a: Clefable\n|-damage|p1a: Clefable|86\/100\n|move|p1a: Clefable|Moonblast|p2a: Tapu Bulu\n|-damage|p2a: Tapu Bulu|0 fnt\n|faint|p2a: Tapu Bulu\n|\n|-heal|p1a: Clefable|92\/100|[from] item: Leftovers\n|upkeep\n|-message|LT94JE Allistair forfeited.\n|\n|win|jianzhang106\u8230\u957f\n|raw|jianzhang106\u8230\u957f's rating: 1604 &rarr; <strong>1630<\/strong><br \/>(+26 for winning)\n|raw|LT94JE Allistair's rating: 1707 &rarr; <strong>1681<\/strong><br \/>(-26 for losing)\n|l|\u2606LT94JE Allistair\n|l|\u203djianzhang106\u8230\u957f\n|l| zgiata \u521b\u4e16\u795e\n","uploadtime":1666528297,"views":14,"p1id":"jianzhang106","p2id":"lt94jeallistair","formatid":"gen8ou","rating":1630,"private":0,"password":null}