{"id":"gen8nationaldex-1189029273","p1":"kura100","p2":"ArcanineSquad","format":"gen8nationaldex","log":"|j|\u2606kura100\n|j|\u2606ArcanineSquad\n|t:|1600431537\n|player|p1|kura100|lucas|1201\n|player|p2|ArcanineSquad|cynthia-gen4|1272\n|teamsize|p1|6\n|teamsize|p2|6\n|gametype|singles\n|gen|8\n|tier|[Gen 8] National Dex\n|rated|\n|clearpoke\n|poke|p1|Ribombee, M|\n|poke|p1|Bisharp, M|\n|poke|p1|Gengar, M|\n|poke|p1|Charizard, F|\n|poke|p1|Dracozolt|\n|poke|p1|Mamoswine, F|\n|poke|p2|Gallade, M|\n|poke|p2|Magnezone|\n|poke|p2|Dracovish|\n|poke|p2|Ribombee, M|\n|poke|p2|Excadrill, F|\n|poke|p2|Hydreigon, M|\n|rule|HP Percentage Mod: HP is shown in percentages\n|rule|Endless Battle Clause: Forcing endless battles is banned\n|rule|OHKO Clause: OHKO moves are banned\n|rule|Evasion Moves Clause: Evasion moves are banned\n|rule|Species Clause: Limit one of each Pok\u00e9mon\n|rule|Dynamax Clause: You cannot dynamax\n|rule|Sleep Clause Mod: Limit one foe put to sleep\n|teampreview\n|inactive|Battle timer is ON: inactive players will automatically lose when time's up. (requested by ArcanineSquad)\n|\n|t:|1600431549\n|start\n|switch|p1a: Mamoswine|Mamoswine, F|100\/100\n|switch|p2a: Excadrill|Excadrill, F, shiny|100\/100\n|-ability|p2a: Excadrill|Mold Breaker\n|turn|1\n|\n|t:|1600431574\n|switch|p2a: Hydreigon|Hydreigon, M, shiny|100\/100\n|move|p1a: Mamoswine|Earthquake|p2a: Hydreigon\n|-immune|p2a: Hydreigon|[from] ability: Levitate\n|\n|upkeep\n|turn|2\n|\n|t:|1600431587\n|switch|p2a: Excadrill|Excadrill, F, shiny|100\/100\n|-ability|p2a: Excadrill|Mold Breaker\n|move|p1a: Mamoswine|Stealth Rock|p2a: Excadrill\n|-sidestart|p2: ArcanineSquad|move: Stealth Rock\n|\n|upkeep\n|turn|3\n|\n|t:|1600431593\n|move|p2a: Excadrill|Iron Head|p1a: Mamoswine\n|-supereffective|p1a: Mamoswine\n|-enditem|p1a: Mamoswine|Focus Sash\n|-damage|p1a: Mamoswine|1\/100\n|cant|p1a: Mamoswine|flinch\n|\n|upkeep\n|turn|4\n|\n|t:|1600431600\n|switch|p1a: Gengar|Gengar, M|100\/100\n|move|p2a: Excadrill|Rapid Spin|p1a: Gengar\n|-immune|p1a: Gengar\n|\n|upkeep\n|turn|5\n|\n|t:|1600431606\n|-zpower|p1a: Gengar\n|move|p1a: Gengar|Never-Ending Nightmare|p2a: Excadrill|[zeffect]\n|-enditem|p2a: Excadrill|Focus Sash\n|-damage|p2a: Excadrill|1\/100\n|move|p2a: Excadrill|Earthquake|p1a: Gengar\n|-supereffective|p1a: Gengar\n|-damage|p1a: Gengar|0 fnt\n|faint|p1a: Gengar\n|\n|upkeep\n|\n|t:|1600431616\n|switch|p1a: Ribombee|Ribombee, M|100\/100\n|turn|6\n|\n|t:|1600431624\n|move|p1a: Ribombee|Moonblast|p2a: Excadrill\n|-resisted|p2a: Excadrill\n|-damage|p2a: Excadrill|0 fnt\n|faint|p2a: Excadrill\n|\n|upkeep\n|\n|t:|1600431628\n|switch|p2a: Magnezone|Magnezone, shiny|100\/100\n|-damage|p2a: Magnezone|94\/100|[from] Stealth Rock\n|turn|7\n|\n|t:|1600431635\n|move|p1a: Ribombee|Sticky Web|p2a: Magnezone\n|-sidestart|p2: ArcanineSquad|move: Sticky Web\n|move|p2a: Magnezone|Flash Cannon|p1a: Ribombee\n|-supereffective|p1a: Ribombee\n|-enditem|p1a: Ribombee|Focus Sash\n|-damage|p1a: Ribombee|1\/100\n|\n|upkeep\n|turn|8\n|\n|t:|1600431643\n|switch|p1a: Mamoswine|Mamoswine, F|1\/100\n|move|p2a: Magnezone|Flash Cannon|p1a: Mamoswine\n|-supereffective|p1a: Mamoswine\n|-damage|p1a: Mamoswine|0 fnt\n|faint|p1a: Mamoswine\n|\n|upkeep\n|\n|t:|1600431649\n|switch|p1a: Charizard|Charizard, F|100\/100\n|turn|9\n|\n|t:|1600431661\n|switch|p2a: Dracovish|Dracovish, shiny|100\/100\n|-activate|p2a: Dracovish|move: Sticky Web\n|-unboost|p2a: Dracovish|spe|1\n|-damage|p2a: Dracovish|88\/100|[from] Stealth Rock\n|detailschange|p1a: Charizard|Charizard-Mega-Y, F\n|-mega|p1a: Charizard|Charizard|Charizardite Y\n|-weather|SunnyDay|[from] ability: Drought|[of] p1a: Charizard\n|move|p1a: Charizard|Weather Ball|p2a: Dracovish\n|-resisted|p2a: Dracovish\n|-damage|p2a: Dracovish|60\/100\n|\n|-weather|SunnyDay|[upkeep]\n|upkeep\n|turn|10\n|\n|t:|1600431674\n|move|p1a: Charizard|Air Slash|p2a: Dracovish\n|-damage|p2a: Dracovish|7\/100\n|cant|p2a: Dracovish|flinch\n|\n|-weather|SunnyDay|[upkeep]\n|upkeep\n|turn|11\n|\n|t:|1600431680\n|move|p1a: Charizard|Weather Ball|p2a: Dracovish\n|-resisted|p2a: Dracovish\n|-damage|p2a: Dracovish|0 fnt\n|faint|p2a: Dracovish\n|\n|-weather|SunnyDay|[upkeep]\n|upkeep\n|\n|t:|1600431685\n|switch|p2a: Hydreigon|Hydreigon, M, shiny|100\/100\n|-damage|p2a: Hydreigon|88\/100|[from] Stealth Rock\n|turn|12\n|\n|t:|1600431693\n|move|p1a: Charizard|Air Slash|p2a: Hydreigon\n|-damage|p2a: Hydreigon|34\/100\n|-zpower|p2a: Hydreigon\n|move|p2a: Hydreigon|Black Hole Eclipse|p1a: Charizard|[zeffect]\n|-damage|p1a: Charizard|23\/100\n|\n|-weather|SunnyDay|[upkeep]\n|upkeep\n|turn|13\n|\n|t:|1600431704\n|move|p1a: Charizard|Weather Ball|p2a: Hydreigon\n|-resisted|p2a: Hydreigon\n|-damage|p2a: Hydreigon|0 fnt\n|faint|p2a: Hydreigon\n|\n|-weather|none\n|upkeep\n|\n|t:|1600431710\n|switch|p2a: Magnezone|Magnezone, shiny|94\/100\n|-damage|p2a: Magnezone|88\/100|[from] Stealth Rock\n|-activate|p2a: Magnezone|move: Sticky Web\n|-unboost|p2a: Magnezone|spe|1\n|turn|14\n|\n|t:|1600431716\n|switch|p1a: Ribombee|Ribombee, M|1\/100\n|move|p2a: Magnezone|Volt Switch|p1a: Ribombee\n|-damage|p1a: Ribombee|0 fnt\n|faint|p1a: Ribombee\n|\n|t:|1600431731\n|switch|p2a: Ribombee|Ribombee, M, shiny|100\/100|[from]move: Volt Switch\n|-activate|p2a: Ribombee|move: Sticky Web\n|-unboost|p2a: Ribombee|spe|1\n|-damage|p2a: Ribombee|76\/100|[from] Stealth Rock\n|\n|upkeep\n|\n|t:|1600431736\n|switch|p1a: Charizard|Charizard-Mega-Y, F|23\/100\n|-weather|SunnyDay|[from] ability: Drought|[of] p1a: Charizard\n|turn|15\n|\n|t:|1600431741\n|move|p1a: Charizard|Weather Ball|p2a: Ribombee\n|-supereffective|p2a: Ribombee\n|-damage|p2a: Ribombee|0 fnt\n|faint|p2a: Ribombee\n|\n|-weather|SunnyDay|[upkeep]\n|upkeep\n|\n|t:|1600431746\n|switch|p2a: Gallade|Gallade, M, shiny|100\/100\n|-damage|p2a: Gallade|94\/100|[from] Stealth Rock\n|-activate|p2a: Gallade|move: Sticky Web\n|-unboost|p2a: Gallade|spe|1\n|turn|16\n|\n|t:|1600431753\n|detailschange|p2a: Gallade|Gallade-Mega, M, shiny\n|-mega|p2a: Gallade|Gallade|Galladite\n|move|p1a: Charizard|Weather Ball|p2a: Gallade\n|-damage|p2a: Gallade|0 fnt\n|faint|p2a: Gallade\n|\n|-weather|SunnyDay|[upkeep]\n|upkeep\n|\n|t:|1600431759\n|switch|p2a: Magnezone|Magnezone, shiny|88\/100\n|-activate|p2a: Magnezone|move: Sticky Web\n|-unboost|p2a: Magnezone|spe|1\n|-damage|p2a: Magnezone|82\/100|[from] Stealth Rock\n|turn|17\n|c|\u2606ArcanineSquad|Gg\n|\n|t:|1600431766\n|move|p1a: Charizard|Weather Ball|p2a: Magnezone\n|-supereffective|p2a: Magnezone\n|-damage|p2a: Magnezone|0 fnt\n|faint|p2a: Magnezone\n|\n|win|kura100\n|l|\u2606ArcanineSquad\n|raw|kura100's rating: 1201 &rarr; <strong>1233<\/strong><br \/>(+32 for winning)\n|raw|ArcanineSquad's rating: 1304 &rarr; <strong>1278<\/strong><br \/>(-26 for losing)\n","uploadtime":1600431777,"views":8,"p1id":"kura100","p2id":"arcaninesquad","formatid":"gen8nationaldex","rating":1233,"private":0,"password":null}