{"id":"gen8ubers-1104862083","p1":"willcoxw","p2":"Wo ist mein Bier ?","format":"gen8ubers","log":"|j|\u2606willcoxw\n|j|\u2606Wo ist mein Bier ?\n|player|p1|willcoxw|clair|1702\n|player|p2|Wo ist mein Bier ?|benga|1533\n|teamsize|p1|6\n|teamsize|p2|6\n|gametype|singles\n|gen|8\n|tier|[Gen 8] Ubers\n|rated|\n|clearpoke\n|poke|p1|Eternatus|\n|poke|p1|Lunala|\n|poke|p1|Ferrothorn, M|\n|poke|p1|Dragapult, M|\n|poke|p1|Necrozma-Dusk-Mane|\n|poke|p1|Zacian-Crowned|\n|poke|p2|Arcanine, M|\n|poke|p2|Tyranitar, M|\n|poke|p2|Corviknight, M|\n|poke|p2|Melmetal|\n|poke|p2|Eternatus|\n|poke|p2|Zacian-Crowned|\n|rule|Sleep Clause Mod: Limit one foe put to sleep\n|rule|Species Clause: Limit one of each Pok\u00e9mon\n|rule|OHKO Clause: OHKO moves are banned\n|rule|Evasion Moves Clause: Evasion moves are banned\n|rule|Endless Battle Clause: Forcing endless battles is banned\n|rule|HP Percentage Mod: HP is shown in percentages\n|html|Ubers Dynamax Clause: Pok\u00e9mon on the <a href=\"https:\/\/www.smogon.com\/dex\/ss\/formats\/uber\/\">Ubers Dynamax Banlist<\/a> cannot Dynamax.\n|teampreview\n|\n|start\n|switch|p1a: Zacian|Zacian-Crowned|100\/100\n|switch|p2a: Arcanine|Arcanine, M|100\/100\n|-ability|p1a: Zacian|Intrepid Sword|boost\n|-boost|p1a: Zacian|atk|1\n|-ability|p2a: Arcanine|Intimidate|boost\n|-unboost|p1a: Zacian|atk|1\n|turn|1\n|\n|move|p1a: Zacian|Substitute|p1a: Zacian\n|-start|p1a: Zacian|Substitute\n|-damage|p1a: Zacian|76\/100\n|move|p2a: Arcanine|Will-O-Wisp|p1a: Zacian|[miss]\n|-miss|p2a: Arcanine|p1a: Zacian\n|\n|upkeep\n|turn|2\n|\n|move|p1a: Zacian|Sacred Sword|p2a: Arcanine\n|-damage|p2a: Arcanine|73\/100\n|move|p2a: Arcanine|Roar|p1a: Zacian\n|drag|p1a: Necrozma|Necrozma-Dusk-Mane|100\/100\n|\n|upkeep\n|turn|3\n|\n|move|p2a: Arcanine|Will-O-Wisp|p1a: Necrozma\n|-status|p1a: Necrozma|brn\n|move|p1a: Necrozma|Thunder Wave|p2a: Arcanine\n|-status|p2a: Arcanine|par\n|\n|-damage|p1a: Necrozma|94\/100 brn|[from] brn\n|upkeep\n|turn|4\n|\n|move|p1a: Necrozma|Knock Off|p2a: Arcanine\n|-crit|p2a: Arcanine\n|-damage|p2a: Arcanine|56\/100 par\n|-enditem|p2a: Arcanine|Heavy-Duty Boots|[from] move: Knock Off|[of] p1a: Necrozma\n|move|p2a: Arcanine|Morning Sun|p2a: Arcanine\n|-heal|p2a: Arcanine|100\/100 par\n|\n|-heal|p1a: Necrozma|100\/100 brn|[from] item: Leftovers\n|-damage|p1a: Necrozma|94\/100 brn|[from] brn\n|upkeep\n|turn|5\n|\n|switch|p1a: Dragapult|Dragapult, M|100\/100\n|switch|p2a: Eternatus|Eternatus|100\/100\n|-ability|p2a: Eternatus|Pressure\n|\n|upkeep\n|turn|6\n|\n|switch|p2a: Corviknight|Corviknight, M|100\/100\n|-ability|p2a: Corviknight|Pressure\n|switch|p1a: Zacian|Zacian-Crowned|76\/100\n|-ability|p1a: Zacian|Intrepid Sword|boost\n|-boost|p1a: Zacian|atk|1\n|\n|upkeep\n|turn|7\n|\n|-start|p2a: Corviknight|Dynamax\n|-heal|p2a: Corviknight|100\/100|[silent]\n|move|p1a: Zacian|Swords Dance|p1a: Zacian\n|-boost|p1a: Zacian|atk|2\n|move|p2a: Corviknight|Max Knuckle|p1a: Zacian\n|-damage|p1a: Zacian|59\/100\n|-boost|p2a: Corviknight|atk|1\n|\n|upkeep\n|turn|8\n|\n|move|p1a: Zacian|Behemoth Blade|p2a: Corviknight\n|-resisted|p2a: Corviknight\n|-damage|p2a: Corviknight|49\/100\n|move|p2a: Corviknight|Max Knuckle|p1a: Zacian\n|-damage|p1a: Zacian|32\/100\n|-boost|p2a: Corviknight|atk|1\n|\n|-heal|p2a: Corviknight|53\/100|[from] item: Leftovers\n|upkeep\n|turn|9\n|\n|move|p1a: Zacian|Behemoth Blade|p2a: Corviknight\n|-resisted|p2a: Corviknight\n|-damage|p2a: Corviknight|5\/100\n|move|p2a: Corviknight|Max Knuckle|p1a: Zacian\n|-damage|p1a: Zacian|0 fnt\n|-boost|p2a: Corviknight|atk|1\n|faint|p1a: Zacian\n|\n|-heal|p2a: Corviknight|8\/100|[from] item: Leftovers\n|-end|p2a: Corviknight|Dynamax\n|-heal|p2a: Corviknight|8\/100|[silent]\n|upkeep\n|\n|switch|p1a: Lunala|Lunala|100\/100\n|turn|10\n|\n|move|p1a: Lunala|Moonblast|p2a: Corviknight\n|-resisted|p2a: Corviknight\n|-damage|p2a: Corviknight|0 fnt\n|faint|p2a: Corviknight\n|\n|upkeep\n|\n|switch|p2a: Melmetal|Melmetal|100\/100\n|turn|11\n|\n|switch|p1a: Necrozma|Necrozma-Dusk-Mane|94\/100 brn\n|move|p2a: Melmetal|Double Iron Bash|p1a: Necrozma\n|-resisted|p1a: Necrozma\n|-damage|p1a: Necrozma|77\/100 brn\n|-resisted|p1a: Necrozma\n|-damage|p1a: Necrozma|58\/100 brn\n|-hitcount|p1a: Necrozma|2\n|\n|-heal|p1a: Necrozma|64\/100 brn|[from] item: Leftovers\n|-damage|p1a: Necrozma|58\/100 brn|[from] brn\n|upkeep\n|turn|12\n|\n|switch|p2a: Eternatus|Eternatus|100\/100\n|-ability|p2a: Eternatus|Pressure\n|move|p1a: Necrozma|Thunder Wave|p2a: Eternatus\n|-status|p2a: Eternatus|par\n|\n|-heal|p1a: Necrozma|64\/100 brn|[from] item: Leftovers\n|-damage|p1a: Necrozma|58\/100 brn|[from] brn\n|upkeep\n|turn|13\n|\n|cant|p2a: Eternatus|par\n|move|p1a: Necrozma|Knock Off|p2a: Eternatus\n|-damage|p2a: Eternatus|87\/100 par\n|-enditem|p2a: Eternatus|Life Orb|[from] move: Knock Off|[of] p1a: Necrozma\n|\n|-heal|p1a: Necrozma|64\/100 brn|[from] item: Leftovers\n|-damage|p1a: Necrozma|58\/100 brn|[from] brn\n|upkeep\n|turn|14\n|\n|move|p2a: Eternatus|Flamethrower|p1a: Necrozma\n|-supereffective|p1a: Necrozma\n|-crit|p1a: Necrozma\n|-damage|p1a: Necrozma|0 fnt\n|faint|p1a: Necrozma\n|\n|upkeep\n|inactive|Battle timer is ON: inactive players will automatically lose when time's up. (requested by Wo ist mein Bier ?)\n|\n|switch|p1a: Eternatus|Eternatus|100\/100\n|-ability|p1a: Eternatus|Pressure\n|turn|15\n|\n|switch|p2a: Tyranitar|Tyranitar, M|100\/100\n|-weather|Sandstorm|[from] ability: Sand Stream|[of] p2a: Tyranitar\n|move|p1a: Eternatus|Substitute|p1a: Eternatus\n|-start|p1a: Eternatus|Substitute\n|-damage|p1a: Eternatus|76\/100\n|\n|-weather|Sandstorm|[upkeep]\n|-damage|p1a: Eternatus|69\/100|[from] Sandstorm\n|-heal|p1a: Eternatus|76\/100|[from] item: Black Sludge\n|upkeep\n|turn|16\n|\n|move|p1a: Eternatus|Sludge Bomb|p2a: Tyranitar\n|-resisted|p2a: Tyranitar\n|-damage|p2a: Tyranitar|91\/100\n|move|p2a: Tyranitar|Earthquake|p1a: Eternatus\n|-supereffective|p1a: Eternatus\n|-end|p1a: Eternatus|Substitute\n|\n|-weather|Sandstorm|[upkeep]\n|-damage|p1a: Eternatus|69\/100|[from] Sandstorm\n|-heal|p1a: Eternatus|76\/100|[from] item: Black Sludge\n|-heal|p2a: Tyranitar|97\/100|[from] item: Leftovers\n|upkeep\n|turn|17\n|\n|switch|p1a: Ferrothorn|Ferrothorn, M|100\/100\n|move|p2a: Tyranitar|Stealth Rock|p1a: Ferrothorn\n|-sidestart|p1: willcoxw|move: Stealth Rock\n|\n|-weather|Sandstorm|[upkeep]\n|-heal|p2a: Tyranitar|100\/100|[from] item: Leftovers\n|upkeep\n|turn|18\n|\n|switch|p2a: Eternatus|Eternatus|87\/100 par\n|-ability|p2a: Eternatus|Pressure\n|move|p1a: Ferrothorn|Stealth Rock|p2a: Eternatus\n|-sidestart|p2: Wo ist mein Bier ?|move: Stealth Rock\n|\n|-weather|Sandstorm|[upkeep]\n|-damage|p2a: Eternatus|81\/100 par|[from] Sandstorm\n|upkeep\n|turn|19\n|\n|switch|p1a: Eternatus|Eternatus|76\/100\n|-damage|p1a: Eternatus|63\/100|[from] Stealth Rock\n|-ability|p1a: Eternatus|Pressure\n|move|p2a: Eternatus|Flamethrower|p1a: Eternatus\n|-resisted|p1a: Eternatus\n|-damage|p1a: Eternatus|50\/100\n|\n|-weather|none\n|-heal|p1a: Eternatus|56\/100|[from] item: Black Sludge\n|upkeep\n|turn|20\n|\n|switch|p2a: Tyranitar|Tyranitar, M|100\/100\n|-damage|p2a: Tyranitar|88\/100|[from] Stealth Rock\n|-weather|Sandstorm|[from] ability: Sand Stream|[of] p2a: Tyranitar\n|move|p1a: Eternatus|Substitute|p1a: Eternatus\n|-start|p1a: Eternatus|Substitute\n|-damage|p1a: Eternatus|31\/100\n|\n|-weather|Sandstorm|[upkeep]\n|-damage|p1a: Eternatus|25\/100|[from] Sandstorm\n|-heal|p1a: Eternatus|31\/100|[from] item: Black Sludge\n|-heal|p2a: Tyranitar|94\/100|[from] item: Leftovers\n|upkeep\n|turn|21\n|\n|switch|p1a: Ferrothorn|Ferrothorn, M|100\/100\n|-damage|p1a: Ferrothorn|94\/100|[from] Stealth Rock\n|move|p2a: Tyranitar|Earthquake|p1a: Ferrothorn\n|-damage|p1a: Ferrothorn|77\/100\n|\n|-weather|Sandstorm|[upkeep]\n|-heal|p2a: Tyranitar|100\/100|[from] item: Leftovers\n|-heal|p1a: Ferrothorn|83\/100|[from] item: Leftovers\n|upkeep\n|turn|22\n|j| Dimitri Serafim\n|\n|switch|p2a: Eternatus|Eternatus|81\/100 par\n|-damage|p2a: Eternatus|69\/100 par|[from] Stealth Rock\n|-ability|p2a: Eternatus|Pressure\n|move|p1a: Ferrothorn|Leech Seed|p2a: Eternatus\n|-start|p2a: Eternatus|move: Leech Seed\n|\n|-weather|Sandstorm|[upkeep]\n|-damage|p2a: Eternatus|63\/100 par|[from] Sandstorm\n|-heal|p1a: Ferrothorn|89\/100|[from] item: Leftovers\n|-damage|p2a: Eternatus|50\/100 par|[from] Leech Seed|[of] p1a: Ferrothorn\n|-heal|p1a: Ferrothorn|100\/100|[silent]\n|upkeep\n|turn|23\n|\n|switch|p1a: Lunala|Lunala|100\/100\n|move|p2a: Eternatus|Flamethrower|p1a: Lunala\n|-damage|p1a: Lunala|88\/100\n|\n|-weather|Sandstorm|[upkeep]\n|-damage|p1a: Lunala|82\/100|[from] Sandstorm\n|-damage|p2a: Eternatus|44\/100 par|[from] Sandstorm\n|-damage|p2a: Eternatus|32\/100 par|[from] Leech Seed|[of] p1a: Lunala\n|-heal|p1a: Lunala|94\/100|[silent]\n|upkeep\n|turn|24\n|\n|switch|p2a: Melmetal|Melmetal|100\/100\n|-damage|p2a: Melmetal|94\/100|[from] Stealth Rock\n|move|p1a: Lunala|Calm Mind|p1a: Lunala\n|-boost|p1a: Lunala|spa|1\n|-boost|p1a: Lunala|spd|1\n|\n|-weather|none\n|upkeep\n|turn|25\n|\n|move|p1a: Lunala|Moongeist Beam|p2a: Melmetal\n|-damage|p2a: Melmetal|16\/100\n|move|p2a: Melmetal|Double Iron Bash|p1a: Lunala\n|-damage|p1a: Lunala|36\/100\n|-damage|p1a: Lunala|0 fnt\n|-hitcount|p1a: Lunala|2\n|faint|p1a: Lunala\n|\n|upkeep\n|\n|switch|p1a: Ferrothorn|Ferrothorn, M|100\/100\n|-damage|p1a: Ferrothorn|94\/100|[from] Stealth Rock\n|turn|26\n|\n|move|p2a: Melmetal|Double Iron Bash|p1a: Ferrothorn\n|-resisted|p1a: Ferrothorn\n|-damage|p1a: Ferrothorn|76\/100\n|-damage|p2a: Melmetal|3\/100|[from] ability: Iron Barbs|[of] p1a: Ferrothorn\n|-resisted|p1a: Ferrothorn\n|-damage|p1a: Ferrothorn|57\/100\n|-damage|p2a: Melmetal|0 fnt|[from] ability: Iron Barbs|[of] p1a: Ferrothorn\n|-hitcount|p1a: Ferrothorn|2\n|faint|p2a: Melmetal\n|cant|p1a: Ferrothorn|flinch\n|\n|-heal|p1a: Ferrothorn|64\/100|[from] item: Leftovers\n|upkeep\n|\n|switch|p2a: Eternatus|Eternatus|32\/100 par\n|-damage|p2a: Eternatus|20\/100 par|[from] Stealth Rock\n|-ability|p2a: Eternatus|Pressure\n|turn|27\n|\n|switch|p1a: Eternatus|Eternatus|31\/100\n|-damage|p1a: Eternatus|19\/100|[from] Stealth Rock\n|-ability|p1a: Eternatus|Pressure\n|move|p2a: Eternatus|Flamethrower|p1a: Eternatus\n|-resisted|p1a: Eternatus\n|-damage|p1a: Eternatus|3\/100\n|\n|-heal|p1a: Eternatus|10\/100|[from] item: Black Sludge\n|upkeep\n|turn|28\n|\n|move|p1a: Eternatus|Dynamax Cannon|p2a: Eternatus\n|-supereffective|p2a: Eternatus\n|-damage|p2a: Eternatus|0 fnt\n|faint|p2a: Eternatus\n|\n|-heal|p1a: Eternatus|16\/100|[from] item: Black Sludge\n|upkeep\n|\n|switch|p2a: Tyranitar|Tyranitar, M|100\/100\n|-damage|p2a: Tyranitar|88\/100|[from] Stealth Rock\n|-weather|Sandstorm|[from] ability: Sand Stream|[of] p2a: Tyranitar\n|turn|29\n|\n|move|p1a: Eternatus|Dynamax Cannon|p2a: Tyranitar\n|-damage|p2a: Tyranitar|63\/100\n|move|p2a: Tyranitar|Earthquake|p1a: Eternatus\n|-supereffective|p1a: Eternatus\n|-damage|p1a: Eternatus|0 fnt\n|faint|p1a: Eternatus\n|\n|-weather|Sandstorm|[upkeep]\n|-heal|p2a: Tyranitar|69\/100|[from] item: Leftovers\n|upkeep\n|\n|switch|p1a: Ferrothorn|Ferrothorn, M|64\/100\n|-damage|p1a: Ferrothorn|57\/100|[from] Stealth Rock\n|turn|30\n|\n|switch|p2a: Arcanine|Arcanine, M|100\/100 par\n|-damage|p2a: Arcanine|76\/100 par|[from] Stealth Rock\n|-ability|p2a: Arcanine|Intimidate|boost\n|-unboost|p1a: Ferrothorn|atk|1\n|move|p1a: Ferrothorn|Leech Seed|p2a: Arcanine\n|-start|p2a: Arcanine|move: Leech Seed\n|\n|-weather|Sandstorm|[upkeep]\n|-damage|p2a: Arcanine|70\/100 par|[from] Sandstorm\n|-heal|p1a: Ferrothorn|64\/100|[from] item: Leftovers\n|-damage|p2a: Arcanine|57\/100 par|[from] Leech Seed|[of] p1a: Ferrothorn\n|-heal|p1a: Ferrothorn|77\/100|[silent]\n|upkeep\n|turn|31\n|\n|cant|p2a: Arcanine|par\n|move|p1a: Ferrothorn|Knock Off|p2a: Arcanine\n|-damage|p2a: Arcanine|50\/100 par\n|\n|-weather|Sandstorm|[upkeep]\n|-damage|p2a: Arcanine|44\/100 par|[from] Sandstorm\n|-heal|p1a: Ferrothorn|83\/100|[from] item: Leftovers\n|-damage|p2a: Arcanine|32\/100 par|[from] Leech Seed|[of] p1a: Ferrothorn\n|-heal|p1a: Ferrothorn|97\/100|[silent]\n|upkeep\n|turn|32\n|\n|move|p2a: Arcanine|Morning Sun|p2a: Arcanine\n|-heal|p2a: Arcanine|57\/100 par\n|move|p1a: Ferrothorn|Body Press|p2a: Arcanine\n|-damage|p2a: Arcanine|33\/100 par\n|\n|-weather|Sandstorm|[upkeep]\n|-damage|p2a: Arcanine|27\/100 par|[from] Sandstorm\n|-heal|p1a: Ferrothorn|100\/100|[from] item: Leftovers\n|-damage|p2a: Arcanine|15\/100 par|[from] Leech Seed|[of] p1a: Ferrothorn\n|upkeep\n|turn|33\n|\n|switch|p1a: Dragapult|Dragapult, M|100\/100\n|-damage|p1a: Dragapult|88\/100|[from] Stealth Rock\n|move|p2a: Arcanine|Flamethrower|p1a: Dragapult\n|-resisted|p1a: Dragapult\n|-damage|p1a: Dragapult|65\/100\n|\n|-weather|none\n|-damage|p2a: Arcanine|3\/100 par|[from] Leech Seed|[of] p1a: Dragapult\n|-heal|p1a: Dragapult|80\/100|[silent]\n|upkeep\n|turn|34\n|\n|move|p1a: Dragapult|Substitute|p1a: Dragapult\n|-start|p1a: Dragapult|Substitute\n|-damage|p1a: Dragapult|55\/100\n|move|p2a: Arcanine|Will-O-Wisp||[still]\n|-fail|p2a: Arcanine\n|\n|-damage|p2a: Arcanine|0 fnt|[from] Leech Seed|[of] p1a: Dragapult\n|-heal|p1a: Dragapult|58\/100|[silent]\n|faint|p2a: Arcanine\n|upkeep\n|\n|switch|p2a: Tyranitar|Tyranitar, M|69\/100\n|-damage|p2a: Tyranitar|57\/100|[from] Stealth Rock\n|-weather|Sandstorm|[from] ability: Sand Stream|[of] p2a: Tyranitar\n|turn|35\n|\n|move|p1a: Dragapult|Dragon Dance|p1a: Dragapult\n|-boost|p1a: Dragapult|atk|1\n|-boost|p1a: Dragapult|spe|1\n|move|p2a: Tyranitar|Crunch|p1a: Dragapult\n|-supereffective|p1a: Dragapult\n|-end|p1a: Dragapult|Substitute\n|\n|-weather|Sandstorm|[upkeep]\n|-damage|p1a: Dragapult|52\/100|[from] Sandstorm\n|-heal|p2a: Tyranitar|63\/100|[from] item: Leftovers\n|upkeep\n|turn|36\n|\n|-start|p1a: Dragapult|Dynamax\n|-heal|p1a: Dragapult|52\/100|[silent]\n|move|p1a: Dragapult|Max Wyrmwind|p2a: Tyranitar\n|-damage|p2a: Tyranitar|0 fnt\n|faint|p2a: Tyranitar\n|\n|-weather|Sandstorm|[upkeep]\n|-damage|p1a: Dragapult|49\/100|[from] Sandstorm\n|upkeep\n|\n|switch|p2a: Zacian|Zacian-Crowned|100\/100\n|-damage|p2a: Zacian|94\/100|[from] Stealth Rock\n|-ability|p2a: Zacian|Intrepid Sword|boost\n|-boost|p2a: Zacian|atk|1\n|turn|37\n|\n|move|p1a: Dragapult|Max Phantasm|p2a: Zacian\n|-damage|p2a: Zacian|0 fnt\n|faint|p2a: Zacian\n|\n|win|willcoxw\n|c|\u2606Wo ist mein Bier ?|gg\n|raw|willcoxw's rating: 1702 &rarr; <strong>1714<\/strong><br \/>(+12 for winning)\n|raw|Wo ist mein Bier ?'s rating: 1545 &rarr; <strong>1533<\/strong><br \/>(-12 for losing)\n|l|\u2606Wo ist mein Bier ?\n","uploadtime":1588080638,"views":19,"p1id":"willcoxw","p2id":"woistmeinbier","formatid":"gen8ubers","rating":1533,"private":0,"password":null}