{"id":"gen8bdspou-1517591754","p1":"Ill Leave","p2":"Mr.zaloio","format":"gen8bdspou","log":"|j|\u2606Ill Leave\n|j|\u2606Mr.zaloio\n|t:|1645671328\n|gametype|singles\n|player|p1|Ill Leave|janine|1545\n|player|p2|Mr.zaloio|lance|1580\n|teamsize|p1|6\n|teamsize|p2|6\n|gen|8\n|tier|[Gen 8 BDSP] OU\n|rated|\n|rule|Sleep Clause Mod: Limit one foe put to sleep\n|rule|Species Clause: Limit one of each Pok\u00e9mon\n|rule|OHKO Clause: OHKO moves are banned\n|rule|Evasion Moves Clause: Evasion moves are banned\n|rule|Endless Battle Clause: Forcing endless battles is banned\n|rule|HP Percentage Mod: HP is shown in percentages\n|clearpoke\n|poke|p1|Bronzong|\n|poke|p1|Raikou|\n|poke|p1|Drapion, F|\n|poke|p1|Tangrowth, M|\n|poke|p1|Rotom-Wash|\n|poke|p1|Heatran, M|\n|poke|p2|Togekiss, F|\n|poke|p2|Starmie|\n|poke|p2|Mew|\n|poke|p2|Garchomp, F|\n|poke|p2|Heatran, F|\n|poke|p2|Heracross, F|\n|teampreview\n|\n|t:|1645671334\n|start\n|switch|p1a: Drapion|Drapion, F|100\/100\n|switch|p2a: Heatran|Heatran, F|100\/100\n|turn|1\n|j| Yrse\n|\n|t:|1645671351\n|switch|p2a: Heracross|Heracross, F|100\/100\n|move|p1a: Drapion|Toxic Spikes|p2a: Heracross\n|-sidestart|p2: Mr.zaloio|move: Toxic Spikes\n|\n|-status|p2a: Heracross|brn|[from] item: Flame Orb\n|upkeep\n|turn|2\n|\n|t:|1645671361\n|move|p1a: Drapion|Poison Jab|p2a: Heracross\n|-damage|p2a: Heracross|63\/100 brn\n|move|p2a: Heracross|Swords Dance|p2a: Heracross\n|-boost|p2a: Heracross|atk|2\n|\n|-damage|p2a: Heracross|57\/100 brn|[from] brn\n|upkeep\n|turn|3\n|\n|t:|1645671372\n|move|p1a: Drapion|Poison Jab|p2a: Heracross\n|-damage|p2a: Heracross|15\/100 brn\n|move|p2a: Heracross|Close Combat|p1a: Drapion\n|-damage|p1a: Drapion|0 fnt\n|-unboost|p2a: Heracross|def|1\n|-unboost|p2a: Heracross|spd|1\n|faint|p1a: Drapion\n|\n|-damage|p2a: Heracross|9\/100 brn|[from] brn\n|upkeep\n|\n|t:|1645671377\n|switch|p1a: Raikou|Raikou|100\/100\n|turn|4\n|\n|t:|1645671382\n|move|p1a: Raikou|Shadow Ball|p2a: Heracross\n|-damage|p2a: Heracross|0 fnt\n|faint|p2a: Heracross\n|\n|upkeep\n|\n|t:|1645671386\n|switch|p2a: Heatran|Heatran, F|100\/100\n|turn|5\n|\n|t:|1645671392\n|move|p1a: Raikou|Volt Switch|p2a: Heatran\n|-damage|p2a: Heatran|75\/100\n|\n|t:|1645671395\n|switch|p1a: Rotom|Rotom-Wash|100\/100|[from]move: Volt Switch\n|move|p2a: Heatran|Magma Storm|p1a: Rotom\n|-resisted|p1a: Rotom\n|-damage|p1a: Rotom|76\/100\n|-activate|p1a: Rotom|move: Magma Storm|[of] p2a: Heatran\n|\n|-heal|p1a: Rotom|82\/100|[from] item: Leftovers\n|-heal|p2a: Heatran|82\/100|[from] item: Leftovers\n|-damage|p1a: Rotom|70\/100|[from] move: Magma Storm|[partiallytrapped]\n|upkeep\n|turn|6\n|\n|t:|1645671401\n|move|p2a: Heatran|Protect|p2a: Heatran\n|-singleturn|p2a: Heatran|Protect\n|move|p1a: Rotom|Volt Switch|p2a: Heatran\n|-activate|p2a: Heatran|move: Protect\n|\n|-heal|p1a: Rotom|76\/100|[from] item: Leftovers\n|-heal|p2a: Heatran|88\/100|[from] item: Leftovers\n|-damage|p1a: Rotom|64\/100|[from] move: Magma Storm|[partiallytrapped]\n|upkeep\n|turn|7\n|\n|t:|1645671407\n|move|p1a: Rotom|Volt Switch|p2a: Heatran\n|-damage|p2a: Heatran|71\/100\n|\n|t:|1645671410\n|switch|p1a: Heatran|Heatran, M|100\/100|[from]move: Volt Switch\n|move|p2a: Heatran|Magma Storm|p1a: Heatran\n|-start|p1a: Heatran|ability: Flash Fire\n|\n|-heal|p2a: Heatran|77\/100|[from] item: Leftovers\n|upkeep\n|turn|8\n|\n|t:|1645671417\n|move|p1a: Heatran|Earth Power|p2a: Heatran\n|-supereffective|p2a: Heatran\n|-damage|p2a: Heatran|11\/100\n|move|p2a: Heatran|Earth Power|p1a: Heatran\n|-supereffective|p1a: Heatran\n|-damage|p1a: Heatran|27\/100\n|\n|-heal|p1a: Heatran|33\/100|[from] item: Leftovers\n|-heal|p2a: Heatran|17\/100|[from] item: Leftovers\n|upkeep\n|turn|9\n|\n|t:|1645671432\n|switch|p2a: Mew|Mew|100\/100\n|-status|p2a: Mew|psn\n|move|p1a: Heatran|Substitute|p1a: Heatran\n|-start|p1a: Heatran|Substitute\n|-damage|p1a: Heatran|8\/100\n|\n|-heal|p1a: Heatran|14\/100|[from] item: Leftovers\n|-damage|p2a: Mew|88\/100 psn|[from] psn\n|upkeep\n|turn|10\n|\n|t:|1645671438\n|move|p2a: Mew|Roost|p2a: Mew\n|-heal|p2a: Mew|100\/100 psn\n|-singleturn|p2a: Mew|move: Roost\n|move|p1a: Heatran|Magma Storm|p2a: Mew\n|-damage|p2a: Mew|44\/100 psn\n|-activate|p2a: Mew|move: Magma Storm|[of] p1a: Heatran\n|\n|-heal|p2a: Mew|50\/100 psn|[from] item: Leftovers\n|-heal|p1a: Heatran|21\/100|[from] item: Leftovers\n|-damage|p2a: Mew|38\/100 psn|[from] psn\n|-damage|p2a: Mew|25\/100 psn|[from] move: Magma Storm|[partiallytrapped]\n|upkeep\n|turn|11\n|\n|t:|1645671449\n|move|p2a: Mew|Defog|p1a: Heatran\n|-sideend|p2: Mr.zaloio|Toxic Spikes|[from] move: Defog|[of] p2a: Mew\n|move|p1a: Heatran|Magma Storm|p2a: Mew\n|-damage|p2a: Mew|0 fnt\n|faint|p2a: Mew\n|\n|-heal|p1a: Heatran|27\/100|[from] item: Leftovers\n|upkeep\n|\n|t:|1645671452\n|switch|p2a: Starmie|Starmie|100\/100\n|turn|12\n|\n|t:|1645671455\n|move|p2a: Starmie|Surf|p1a: Heatran\n|-supereffective|p1a: Heatran\n|-end|p1a: Heatran|Substitute\n|-damage|p2a: Starmie|91\/100|[from] item: Life Orb\n|move|p1a: Heatran|Magma Storm|p2a: Starmie\n|-resisted|p2a: Starmie\n|-damage|p2a: Starmie|46\/100\n|-activate|p2a: Starmie|move: Magma Storm|[of] p1a: Heatran\n|\n|-heal|p1a: Heatran|33\/100|[from] item: Leftovers\n|-damage|p2a: Starmie|34\/100|[from] move: Magma Storm|[partiallytrapped]\n|upkeep\n|turn|13\n|\n|t:|1645671467\n|move|p1a: Heatran|Protect|p1a: Heatran\n|-singleturn|p1a: Heatran|Protect\n|move|p2a: Starmie|Recover|p2a: Starmie\n|-heal|p2a: Starmie|84\/100\n|\n|-heal|p1a: Heatran|39\/100|[from] item: Leftovers\n|-damage|p2a: Starmie|72\/100|[from] move: Magma Storm|[partiallytrapped]\n|upkeep\n|turn|14\n|\n|t:|1645671471\n|-end|p1a: Heatran|ability: Flash Fire|[silent]\n|switch|p1a: Bronzong|Bronzong|100\/100\n|move|p2a: Starmie|Surf|p1a: Bronzong\n|-damage|p1a: Bronzong|56\/100\n|-damage|p2a: Starmie|62\/100|[from] item: Life Orb\n|\n|-heal|p1a: Bronzong|63\/100|[from] item: Leftovers\n|-end|p2a: Starmie|Magma Storm|[partiallytrapped]|[silent]\n|upkeep\n|turn|15\n|\n|t:|1645671488\n|move|p2a: Starmie|Surf|p1a: Bronzong\n|-damage|p1a: Bronzong|26\/100\n|-damage|p2a: Starmie|52\/100|[from] item: Life Orb\n|move|p1a: Bronzong|Stealth Rock|p2a: Starmie\n|-sidestart|p2: Mr.zaloio|move: Stealth Rock\n|\n|-heal|p1a: Bronzong|32\/100|[from] item: Leftovers\n|upkeep\n|turn|16\n|\n|t:|1645671492\n|move|p1a: Bronzong|Protect|p1a: Bronzong\n|-singleturn|p1a: Bronzong|Protect\n|move|p2a: Starmie|Surf|p1a: Bronzong\n|-activate|p1a: Bronzong|move: Protect\n|\n|-heal|p1a: Bronzong|38\/100|[from] item: Leftovers\n|upkeep\n|turn|17\n|\n|t:|1645671509\n|switch|p1a: Raikou|Raikou|100\/100\n|move|p2a: Starmie|Surf|p1a: Raikou\n|-damage|p1a: Raikou|33\/100\n|-damage|p2a: Starmie|42\/100|[from] item: Life Orb\n|\n|upkeep\n|turn|18\n|\n|t:|1645671516\n|switch|p2a: Garchomp|Garchomp, F, shiny|100\/100\n|-damage|p2a: Garchomp|94\/100|[from] Stealth Rock\n|move|p1a: Raikou|Volt Switch|p2a: Garchomp\n|-immune|p2a: Garchomp\n|\n|upkeep\n|turn|19\n|\n|t:|1645671519\n|switch|p1a: Tangrowth|Tangrowth, M|100\/100\n|move|p2a: Garchomp|Dual Chop|p1a: Tangrowth\n|-damage|p1a: Tangrowth|89\/100\n|-damage|p1a: Tangrowth|78\/100\n|-hitcount|p1a: Tangrowth|2\n|\n|upkeep\n|turn|20\n|\n|t:|1645671527\n|switch|p2a: Togekiss|Togekiss, F|100\/100\n|-damage|p2a: Togekiss|76\/100|[from] Stealth Rock\n|move|p1a: Tangrowth|Knock Off|p2a: Togekiss\n|-resisted|p2a: Togekiss\n|-damage|p2a: Togekiss|68\/100\n|-enditem|p2a: Togekiss|Leftovers|[from] move: Knock Off|[of] p1a: Tangrowth\n|\n|upkeep\n|turn|21\n|\n|t:|1645671534\n|switch|p1a: Rotom|Rotom-Wash|64\/100\n|move|p2a: Togekiss|Roost|p2a: Togekiss\n|-heal|p2a: Togekiss|100\/100\n|-singleturn|p2a: Togekiss|move: Roost\n|\n|-heal|p1a: Rotom|70\/100|[from] item: Leftovers\n|upkeep\n|turn|22\n|\n|t:|1645671538\n|switch|p2a: Garchomp|Garchomp, F, shiny|94\/100\n|-damage|p2a: Garchomp|88\/100|[from] Stealth Rock\n|move|p1a: Rotom|Volt Switch|p2a: Garchomp\n|-immune|p2a: Garchomp\n|\n|-heal|p1a: Rotom|76\/100|[from] item: Leftovers\n|upkeep\n|turn|23\n|\n|t:|1645671552\n|switch|p1a: Tangrowth|Tangrowth, M|100\/100\n|move|p2a: Garchomp|Outrage|p1a: Tangrowth\n|-damage|p1a: Tangrowth|65\/100\n|\n|upkeep\n|turn|24\n|\n|t:|1645671557\n|move|p2a: Garchomp|Outrage|p1a: Tangrowth|[from]lockedmove\n|-damage|p1a: Tangrowth|28\/100\n|-start|p2a: Garchomp|confusion|[fatigue]\n|move|p1a: Tangrowth|Giga Drain|p2a: Garchomp\n|-damage|p2a: Garchomp|58\/100\n|-heal|p1a: Tangrowth|41\/100|[from] drain|[of] p2a: Garchomp\n|\n|upkeep\n|turn|25\n|\n|t:|1645671565\n|-activate|p2a: Garchomp|confusion\n|move|p2a: Garchomp|Outrage|p1a: Tangrowth\n|-damage|p1a: Tangrowth|8\/100\n|move|p1a: Tangrowth|Leech Seed|p2a: Garchomp\n|-start|p2a: Garchomp|move: Leech Seed\n|\n|-damage|p2a: Garchomp|46\/100|[from] Leech Seed|[of] p1a: Tangrowth\n|-heal|p1a: Tangrowth|19\/100|[silent]\n|upkeep\n|turn|26\n|\n|t:|1645671578\n|-activate|p2a: Garchomp|confusion\n|move|p2a: Garchomp|Outrage|p1a: Tangrowth|[from]lockedmove\n|-damage|p1a: Tangrowth|0 fnt\n|faint|p1a: Tangrowth\n|\n|upkeep\n|\n|t:|1645671582\n|switch|p1a: Bronzong|Bronzong|38\/100\n|turn|27\n|\n|t:|1645671589\n|switch|p2a: Heatran|Heatran, F|17\/100\n|-damage|p2a: Heatran|4\/100|[from] Stealth Rock\n|move|p1a: Bronzong|Psychic|p2a: Heatran\n|-resisted|p2a: Heatran\n|-damage|p2a: Heatran|0 fnt\n|faint|p2a: Heatran\n|\n|-heal|p1a: Bronzong|44\/100|[from] item: Leftovers\n|upkeep\n|\n|t:|1645671604\n|switch|p2a: Starmie|Starmie|42\/100\n|-damage|p2a: Starmie|30\/100|[from] Stealth Rock\n|turn|28\n|\n|t:|1645671609\n|move|p2a: Starmie|Recover|p2a: Starmie\n|-heal|p2a: Starmie|80\/100\n|move|p1a: Bronzong|Gyro Ball|p2a: Starmie\n|-resisted|p2a: Starmie\n|-damage|p2a: Starmie|45\/100\n|\n|-heal|p1a: Bronzong|50\/100|[from] item: Leftovers\n|upkeep\n|turn|29\n|\n|t:|1645671612\n|move|p1a: Bronzong|Protect|p1a: Bronzong\n|-singleturn|p1a: Bronzong|Protect\n|move|p2a: Starmie|Surf|p1a: Bronzong\n|-activate|p1a: Bronzong|move: Protect\n|\n|-heal|p1a: Bronzong|57\/100|[from] item: Leftovers\n|upkeep\n|turn|30\n|j| Rebbell\n|\n|t:|1645671635\n|move|p2a: Starmie|Recover|p2a: Starmie\n|-heal|p2a: Starmie|95\/100\n|move|p1a: Bronzong|Gyro Ball|p2a: Starmie\n|-resisted|p2a: Starmie\n|-damage|p2a: Starmie|58\/100\n|\n|-heal|p1a: Bronzong|63\/100|[from] item: Leftovers\n|upkeep\n|turn|31\n|\n|t:|1645671640\n|move|p2a: Starmie|Surf|p1a: Bronzong\n|-damage|p1a: Bronzong|32\/100\n|-damage|p2a: Starmie|48\/100|[from] item: Life Orb\n|move|p1a: Bronzong|Gyro Ball|p2a: Starmie\n|-resisted|p2a: Starmie\n|-damage|p2a: Starmie|17\/100\n|\n|-heal|p1a: Bronzong|38\/100|[from] item: Leftovers\n|upkeep\n|turn|32\n|\n|t:|1645671644\n|move|p2a: Starmie|Recover|p2a: Starmie\n|-heal|p2a: Starmie|67\/100\n|move|p1a: Bronzong|Gyro Ball|p2a: Starmie\n|-resisted|p2a: Starmie\n|-crit|p2a: Starmie\n|-damage|p2a: Starmie|15\/100\n|\n|-heal|p1a: Bronzong|44\/100|[from] item: Leftovers\n|upkeep\n|turn|33\n|\n|t:|1645671647\n|switch|p1a: Raikou|Raikou|33\/100\n|move|p2a: Starmie|Recover|p2a: Starmie\n|-heal|p2a: Starmie|66\/100\n|\n|upkeep\n|turn|34\n|\n|t:|1645671656\n|move|p1a: Raikou|Thunderbolt|p2a: Starmie\n|-supereffective|p2a: Starmie\n|-damage|p2a: Starmie|0 fnt\n|faint|p2a: Starmie\n|\n|upkeep\n|-message|Mr.zaloio forfeited.\n|\n|win|Ill Leave\n|raw|Ill Leave's rating: 1545 &rarr; <strong>1567<\/strong><br \/>(+22 for winning)\n|raw|Mr.zaloio's rating: 1580 &rarr; <strong>1558<\/strong><br \/>(-22 for losing)\n|l|\u2606Mr.zaloio\n|l|\u2606Ill Leave\n||Ladder isn't responding, score probably updated but might not have (Request timeout).\n|l| Rebbell\n|j| BreathOfFreshErr\n","uploadtime":1645671914,"views":11,"p1id":"illleave","p2id":"mrzaloio","formatid":"gen8bdspou","rating":1558,"private":0,"password":null}