{"id":"gen8randombattle-1182018996","p1":"Lunar Neo","p2":"Komorebi6","format":"gen8randombattle","log":"|j|\u2606Lunar Neo\n|j|\u2606Komorebi6\n|t:|1599360788\n|player|p1|Lunar Neo|grimsley|\n|player|p2|Komorebi6|283|\n|teamsize|p1|6\n|teamsize|p2|6\n|gametype|singles\n|gen|8\n|tier|[Gen 8] Random Battle\n|rated|Tournament battle\n|rule|Species Clause: Limit one of each Pok\u00e9mon\n|rule|HP Percentage Mod: HP is shown in percentages\n|rule|Sleep Clause Mod: Limit one foe put to sleep\n|\n|t:|1599360788\n|start\n|switch|p1a: Raichu|Raichu, L88, M|249\/249\n|switch|p2a: Grapploct|Grapploct, L88, F|284\/284\n|turn|1\n|inactive|Battle timer is ON: inactive players will automatically lose when time's up. (requested by Lunar Neo)\n|j| GengarHD12\n|\n|t:|1599360799\n|move|p1a: Raichu|Thunderbolt|p2a: Grapploct\n|-damage|p2a: Grapploct|191\/284\n|move|p2a: Grapploct|Drain Punch|p1a: Raichu\n|-damage|p1a: Raichu|117\/249\n|-heal|p2a: Grapploct|257\/284|[from] drain|[of] p1a: Raichu\n|\n|upkeep\n|turn|2\n|\n|t:|1599360806\n|switch|p1a: Palossand|Palossand, L86, M|286\/286\n|move|p2a: Grapploct|Drain Punch|p1a: Palossand\n|-immune|p1a: Palossand\n|\n|upkeep\n|turn|3\n|j| Random player1789\n|\n|t:|1599360814\n|move|p2a: Grapploct|Brutal Swing|p1a: Palossand\n|-supereffective|p1a: Palossand\n|-damage|p1a: Palossand|142\/286\n|move|p1a: Palossand|Stealth Rock|p2a: Grapploct\n|-sidestart|p2: Komorebi6|move: Stealth Rock\n|\n|-heal|p1a: Palossand|159\/286|[from] item: Leftovers\n|upkeep\n|turn|4\n|l| Random player1789\n|\n|t:|1599360820\n|move|p2a: Grapploct|Bulk Up|p2a: Grapploct\n|-boost|p2a: Grapploct|atk|1\n|-boost|p2a: Grapploct|def|1\n|move|p1a: Palossand|Shore Up|p1a: Palossand\n|-heal|p1a: Palossand|286\/286\n|\n|upkeep\n|turn|5\n|\n|t:|1599360830\n|move|p2a: Grapploct|Brutal Swing|p1a: Palossand\n|-supereffective|p1a: Palossand\n|-damage|p1a: Palossand|100\/286\n|move|p1a: Palossand|Earth Power|p2a: Grapploct\n|-damage|p2a: Grapploct|143\/284\n|\n|-heal|p1a: Palossand|117\/286|[from] item: Leftovers\n|upkeep\n|turn|6\n|\n|t:|1599360835\n|move|p2a: Grapploct|Brutal Swing|p1a: Palossand\n|-supereffective|p1a: Palossand\n|-damage|p1a: Palossand|0 fnt\n|faint|p1a: Palossand\n|\n|upkeep\n|\n|t:|1599360841\n|switch|p1a: Togekiss|Togekiss, L80, M|267\/267\n|turn|7\n|j| ben wale\n|\n|t:|1599360846\n|switch|p2a: Corviknight|Corviknight, L80, F|288\/288\n|-damage|p2a: Corviknight|252\/288|[from] Stealth Rock\n|move|p1a: Togekiss|Air Slash|p2a: Corviknight\n|-resisted|p2a: Corviknight\n|-damage|p2a: Corviknight|204\/288\n|\n|-heal|p2a: Corviknight|222\/288|[from] item: Leftovers\n|upkeep\n|turn|8\n|l| GengarHD12\n|\n|t:|1599360853\n|switch|p1a: Raichu|Raichu, L88, M|117\/249\n|move|p2a: Corviknight|Bulk Up|p2a: Corviknight\n|-boost|p2a: Corviknight|atk|1\n|-boost|p2a: Corviknight|def|1\n|\n|-heal|p2a: Corviknight|240\/288|[from] item: Leftovers\n|upkeep\n|turn|9\n|\n|t:|1599360861\n|switch|p2a: Whimsicott|Whimsicott, L86, M|243\/243\n|-damage|p2a: Whimsicott|213\/243|[from] Stealth Rock\n|move|p1a: Raichu|Encore||[still]\n|-fail|p1a: Raichu\n|\n|-heal|p2a: Whimsicott|228\/243|[from] item: Leftovers\n|upkeep\n|turn|10\n|j| Demonshide34\n|\n|t:|1599360871\n|switch|p1a: Rapidash|Rapidash, L86, F|252\/252\n|move|p2a: Whimsicott|Moonblast|p1a: Rapidash\n|-resisted|p1a: Rapidash\n|-damage|p1a: Rapidash|203\/252\n|\n|-heal|p2a: Whimsicott|243\/243|[from] item: Leftovers\n|upkeep\n|turn|11\n|\n|t:|1599360882\n|switch|p2a: Rotom|Rotom-Wash, L82|216\/216\n|-damage|p2a: Rotom|189\/216|[from] Stealth Rock\n|move|p1a: Rapidash|Flare Blitz|p2a: Rotom\n|-resisted|p2a: Rotom\n|-damage|p2a: Rotom|129\/216\n|-damage|p1a: Rapidash|183\/252|[from] Recoil\n|\n|upkeep\n|turn|12\n|j| who dat\n|j| Oreofoxy\n|j| Gliscorglimpse\n|\n|t:|1599360908\n|move|p1a: Rapidash|Flare Blitz|p2a: Rotom\n|-resisted|p2a: Rotom\n|-damage|p2a: Rotom|71\/216\n|-damage|p1a: Rapidash|164\/252|[from] Recoil\n|move|p2a: Rotom|Hydro Pump|p1a: Rapidash\n|-supereffective|p1a: Rapidash\n|-damage|p1a: Rapidash|0 fnt\n|-damage|p2a: Rotom|50\/216|[from] item: Life Orb\n|faint|p1a: Rapidash\n|\n|upkeep\n|c| Demonshide34|yaLL SUCK (THIS IS A JOKE)\n|\n|t:|1599360915\n|switch|p1a: Raichu|Raichu, L88, M|117\/249\n|turn|13\n|\n|t:|1599360921\n|switch|p2a: Whimsicott|Whimsicott, L86, M|243\/243\n|-damage|p2a: Whimsicott|213\/243|[from] Stealth Rock\n|move|p1a: Raichu|Thunderbolt|p2a: Whimsicott\n|-resisted|p2a: Whimsicott\n|-damage|p2a: Whimsicott|161\/243\n|\n|-heal|p2a: Whimsicott|176\/243|[from] item: Leftovers\n|upkeep\n|turn|14\n|\n|t:|1599360925\n|switch|p1a: Togekiss|Togekiss, L80, M|267\/267\n|move|p2a: Whimsicott|Moonblast|p1a: Togekiss\n|-damage|p1a: Togekiss|185\/267\n|\n|-heal|p2a: Whimsicott|191\/243|[from] item: Leftovers\n|upkeep\n|turn|15\n|c| Oreofoxy|unlooky predict\n|\n|t:|1599360934\n|switch|p2a: Rotom|Rotom-Wash, L82|50\/216\n|-damage|p2a: Rotom|23\/216|[from] Stealth Rock\n|move|p1a: Togekiss|Nasty Plot|p1a: Togekiss\n|-boost|p1a: Togekiss|spa|2\n|\n|upkeep\n|turn|16\n|\n|t:|1599360951\n|switch|p1a: Cinccino|Cinccino, L86, M|269\/269\n|move|p2a: Rotom|Thunderbolt|p1a: Cinccino\n|-crit|p1a: Cinccino\n|-damage|p1a: Cinccino|42\/269\n|-damage|p2a: Rotom|2\/216|[from] item: Life Orb\n|\n|upkeep\n|turn|17\n|\n|t:|1599360959\n|move|p1a: Cinccino|Knock Off|p2a: Rotom\n|-damage|p2a: Rotom|0 fnt\n|-enditem|p2a: Rotom|Life Orb|[from] move: Knock Off|[of] p1a: Cinccino\n|-damage|p1a: Cinccino|16\/269|[from] item: Life Orb\n|faint|p2a: Rotom\n|\n|upkeep\n|\n|t:|1599360972\n|switch|p2a: Whimsicott|Whimsicott, L86, M|191\/243\n|-damage|p2a: Whimsicott|161\/243|[from] Stealth Rock\n|turn|18\n|\n|t:|1599360980\n|move|p2a: Whimsicott|Moonblast|p1a: Cinccino\n|-damage|p1a: Cinccino|0 fnt\n|faint|p1a: Cinccino\n|\n|-heal|p2a: Whimsicott|176\/243|[from] item: Leftovers\n|upkeep\n|\n|t:|1599360983\n|switch|p1a: Togekiss|Togekiss, L80, M|185\/267\n|turn|19\n|\n|t:|1599360991\n|switch|p2a: Tapu Koko|Tapu Koko, L80|243\/243\n|-damage|p2a: Tapu Koko|213\/243|[from] Stealth Rock\n|-fieldstart|move: Electric Terrain|[from] ability: Electric Surge|[of] p2a: Tapu Koko\n|move|p1a: Togekiss|Nasty Plot|p1a: Togekiss\n|-boost|p1a: Togekiss|spa|2\n|\n|upkeep\n|turn|20\n|c|\u2606Lunar Neo|damn\n|l| Oreofoxy\n|l| who dat\n|inactive|Lunar Neo has 120 seconds left.\n|\n|t:|1599361024\n|-start|p1a: Togekiss|Dynamax\n|-heal|p1a: Togekiss|370\/534|[silent]\n|move|p2a: Tapu Koko|Play Rough|p1a: Togekiss\n|-damage|p1a: Togekiss|208\/534\n|move|p1a: Togekiss|Max Airstream|p2a: Tapu Koko\n|-resisted|p2a: Tapu Koko\n|-damage|p2a: Tapu Koko|45\/243\n|-boost|p1a: Togekiss|spe|1\n|\n|upkeep\n|turn|21\n|inactive|Lunar Neo has 120 seconds left.\n|\n|t:|1599361048\n|move|p1a: Togekiss|Max Airstream|p2a: Tapu Koko\n|-resisted|p2a: Tapu Koko\n|-damage|p2a: Tapu Koko|0 fnt\n|-boost|p1a: Togekiss|spe|1\n|faint|p2a: Tapu Koko\n|\n|upkeep\n|inactive|Komorebi6 has 120 seconds left.\n|\n|t:|1599361064\n|switch|p2a: Meowstic|Meowstic-F, L88, F|274\/274\n|-damage|p2a: Meowstic|240\/274|[from] Stealth Rock\n|turn|22\n|\n|t:|1599361072\n|-start|p2a: Meowstic|Dynamax\n|-heal|p2a: Meowstic|480\/548|[silent]\n|move|p1a: Togekiss|Max Airstream|p2a: Meowstic\n|-damage|p2a: Meowstic|150\/548\n|-boost|p1a: Togekiss|spe|1\n|move|p2a: Meowstic|Max Lightning|p1a: Togekiss\n|-supereffective|p1a: Togekiss\n|-damage|p1a: Togekiss|18\/534\n|\n|-end|p1a: Togekiss|Dynamax\n|-heal|p1a: Togekiss|9\/267|[silent]\n|upkeep\n|turn|23\n|\n|t:|1599361086\n|move|p1a: Togekiss|Air Slash|p2a: Meowstic\n|-damage|p2a: Meowstic|0 fnt\n|faint|p2a: Meowstic\n|\n|-fieldend|move: Electric Terrain\n|upkeep\n|\n|t:|1599361092\n|switch|p2a: Whimsicott|Whimsicott, L86, M|176\/243\n|-damage|p2a: Whimsicott|146\/243|[from] Stealth Rock\n|turn|24\n|\n|t:|1599361097\n|move|p2a: Whimsicott|Stun Spore|p1a: Togekiss\n|-status|p1a: Togekiss|par\n|move|p1a: Togekiss|Roost|p1a: Togekiss\n|-heal|p1a: Togekiss|143\/267 par\n|-singleturn|p1a: Togekiss|move: Roost\n|\n|-heal|p2a: Whimsicott|161\/243|[from] item: Leftovers\n|upkeep\n|turn|25\n|\n|t:|1599361101\n|move|p2a: Whimsicott|Taunt|p1a: Togekiss\n|-start|p1a: Togekiss|move: Taunt\n|move|p1a: Togekiss|Air Slash|p2a: Whimsicott\n|-supereffective|p2a: Whimsicott\n|-damage|p2a: Whimsicott|0 fnt\n|faint|p2a: Whimsicott\n|\n|upkeep\n|\n|t:|1599361107\n|switch|p2a: Corviknight|Corviknight, L80, F|240\/288\n|-damage|p2a: Corviknight|204\/288|[from] Stealth Rock\n|turn|26\n|\n|t:|1599361114\n|move|p1a: Togekiss|Aura Sphere|p2a: Corviknight\n|-damage|p2a: Corviknight|69\/288\n|move|p2a: Corviknight|Bulk Up|p2a: Corviknight\n|-boost|p2a: Corviknight|atk|1\n|-boost|p2a: Corviknight|def|1\n|\n|-heal|p2a: Corviknight|87\/288|[from] item: Leftovers\n|upkeep\n|turn|27\n|-message|Komorebi6 forfeited.\n|\n|win|Lunar Neo\n","inputlog":">version c5d68ce16c1890db6cad3bd8de7aa25ea8f98d54\n>start {\"formatid\":\"gen8randombattle\",\"seed\":[40444,14961,8062,21835],\"rated\":\"Tournament battle\"}\n>player p1 {\"name\":\"Lunar Neo\",\"avatar\":\"grimsley\",\"team\":\"\",\"rating\":0,\"seed\":[55125,18500,2917,5192]}\n>player p2 {\"name\":\"Komorebi6\",\"avatar\":\"283\",\"team\":\"\",\"rating\":0,\"seed\":[3418,42294,19837,48984]}\n>p1 move thunderbolt\n>p2 move drainpunch\n>p1 switch 3\n>p2 move drainpunch\n>p1 move stealthrock\n>p2 move brutalswing\n>p1 move shoreup\n>p2 move bulkup\n>p1 move earthpower\n>p2 move brutalswing\n>p1 move earthpower\n>p2 move brutalswing\n>p1 switch 5\n>p1 move airslash\n>p2 switch 6\n>p1 switch 3\n>p2 move bulkup\n>p1 move encore\n>p2 switch 2\n>p1 switch 6\n>p2 move moonblast\n>p1 move flareblitz\n>p2 switch 3\n>p1 move flareblitz\n>p2 move hydropump\n>chat  Demonshide34|yaLL SUCK (THIS IS A JOKE)\n>p1 switch 6\n>p1 move thunderbolt\n>p2 switch 3\n>p1 switch 3\n>p2 move moonblast\n>chat  Oreofoxy|unlooky predict\n>p1 move nastyplot\n>p2 switch 3\n>p1 switch 2\n>p2 move thunderbolt\n>p1 move knockoff\n>p2 move thunderbolt\n>p2 switch 3\n>p1 move tailslap\n>p2 move moonblast\n>p1 switch 2\n>p1 move nastyplot\n>p2 switch 4\n>chat \u2606Lunar Neo|damn \n>p1 move airslash dynamax\n>p2 move playrough\n>p1 move airslash dynamax\n>p2 move playrough\n>p2 switch 5\n>p1 move airslash dynamax\n>p2 move thunderbolt dynamax\n>p1 move airslash\n>p2 move psychic dynamax\n>p2 switch 4\n>p1 move roost\n>p2 move stunspore\n>p1 move airslash\n>p2 move taunt\n>p2 switch 2\n>p1 move aurasphere\n>p2 move bulkup","uploadtime":1599361119,"views":1,"p1id":"lunarneo","p2id":"komorebi6","formatid":"gen8randombattle","rating":0,"private":0,"password":null}