{"id":"gen8ou-1696789257","p1":"Kaori Kilimano","p2":"brettfavreguilty","format":"gen8ou","log":"|html|<div class=\"broadcast-blue\"><strong>[Gen 8] OU is currently suspecting Melmetal! For information on how to participate check out the <a href=\"https:\/\/www.smogon.com\/forums\/threads\/np-ss-ou-suspect-process-round-12-monster-mash.3709234\/\">suspect thread<\/a>.<\/strong><\/div>\n|j|\u2606Kaori Kilimano\n|j|\u2606brettfavreguilty\n|t:|1666929519\n|gametype|singles\n|player|p1|Kaori Kilimano|palmer|1764\n|player|p2|brettfavreguilty|1|1732\n|teamsize|p1|6\n|teamsize|p2|6\n|gen|8\n|tier|[Gen 8] OU\n|rated|\n|rule|Sleep Clause Mod: Limit one foe put to sleep\n|rule|Species Clause: Limit one of each Pok\u00e9mon\n|rule|OHKO Clause: OHKO moves are banned\n|rule|Evasion Items Clause: Evasion items are banned\n|rule|Evasion Moves Clause: Evasion moves are banned\n|rule|Endless Battle Clause: Forcing endless battles is banned\n|rule|HP Percentage Mod: HP is shown in percentages\n|rule|Dynamax Clause: You cannot dynamax\n|clearpoke\n|poke|p1|Kommo-o, F|\n|poke|p1|Volcanion|\n|poke|p1|Zapdos-Galar|\n|poke|p1|Ninetales-Alola, F|\n|poke|p1|Tapu Koko|\n|poke|p1|Landorus-Therian, M|\n|poke|p2|Pelipper, F|\n|poke|p2|Corviknight, M|\n|poke|p2|Inteleon, M|\n|poke|p2|Ferrothorn, F|\n|poke|p2|Barraskewda, F|\n|poke|p2|Seismitoad, F|\n|teampreview\n|inactive|Battle timer is ON: inactive players will automatically lose when time's up. (requested by brettfavreguilty)\n|j| HOF69\n|l| HOF69\n|\n|t:|1666929533\n|start\n|switch|p1a: Volcanion|Volcanion|100\/100\n|switch|p2a: Pelipper|Pelipper, F|100\/100\n|-weather|RainDance|[from] ability: Drizzle|[of] p2a: Pelipper\n|turn|1\n|\n|t:|1666929536\n|switch|p2a: Ferrothorn|Ferrothorn, F|100\/100\n|move|p1a: Volcanion|Steam Eruption|p2a: Ferrothorn|[miss]\n|-miss|p1a: Volcanion|p2a: Ferrothorn\n|\n|-weather|RainDance|[upkeep]\n|upkeep\n|turn|2\n|\n|t:|1666929542\n|switch|p1a: Zapdos|Zapdos-Galar|100\/100\n|move|p2a: Ferrothorn|Stealth Rock|p1a: Zapdos\n|-sidestart|p1: Kaori Kilimano|move: Stealth Rock\n|\n|-weather|RainDance|[upkeep]\n|upkeep\n|turn|3\n|j| LT_Alt1\n|\n|t:|1666929548\n|switch|p2a: Corviknight|Corviknight, M|100\/100\n|-ability|p2a: Corviknight|Pressure\n|move|p1a: Zapdos|Close Combat|p2a: Corviknight\n|-damage|p2a: Corviknight|62\/100\n|-unboost|p1a: Zapdos|def|1\n|-unboost|p1a: Zapdos|spd|1\n|\n|-weather|RainDance|[upkeep]\n|upkeep\n|turn|4\n|j| BabyPigsAreLaughin\n|\n|t:|1666929555\n|move|p1a: Zapdos|Close Combat|p2a: Corviknight\n|-damage|p2a: Corviknight|23\/100\n|-unboost|p1a: Zapdos|def|1\n|-unboost|p1a: Zapdos|spd|1\n|move|p2a: Corviknight|U-turn|p1a: Zapdos\n|-resisted|p1a: Zapdos\n|-damage|p1a: Zapdos|92\/100\n|\n|t:|1666929557\n|switch|p2a: Inteleon|Inteleon, M|100\/100|[from]move: U-turn\n|\n|-weather|RainDance|[upkeep]\n|upkeep\n|turn|5\n|\n|t:|1666929562\n|switch|p1a: Volcanion|Volcanion|100\/100\n|-damage|p1a: Volcanion|76\/100|[from] Stealth Rock\n|move|p2a: Inteleon|Focus Energy|p2a: Inteleon\n|-start|p2a: Inteleon|move: Focus Energy\n|\n|-weather|RainDance|[upkeep]\n|upkeep\n|turn|6\n|\n|t:|1666929567\n|move|p2a: Inteleon|Mud Shot|p1a: Volcanion\n|-supereffective|p1a: Volcanion\n|-crit|p1a: Volcanion\n|-damage|p1a: Volcanion|0 fnt\n|faint|p1a: Volcanion\n|\n|-weather|RainDance|[upkeep]\n|upkeep\n|\n|t:|1666929569\n|switch|p1a: Tapu Koko|Tapu Koko|100\/100\n|-fieldstart|move: Electric Terrain|[from] ability: Electric Surge|[of] p1a: Tapu Koko\n|turn|7\n|\n|t:|1666929574\n|switch|p2a: Seismitoad|Seismitoad, F|100\/100\n|move|p1a: Tapu Koko|U-turn|p2a: Seismitoad\n|-damage|p2a: Seismitoad|80\/100\n|\n|t:|1666929579\n|switch|p1a: Ninetales|Ninetales-Alola, F|100\/100|[from]move: U-turn\n|-damage|p1a: Ninetales|76\/100|[from] Stealth Rock\n|-weather|Hail|[from] ability: Snow Warning|[of] p1a: Ninetales\n|\n|-weather|Hail|[upkeep]\n|-damage|p2a: Seismitoad|74\/100|[from] Hail\n|upkeep\n|turn|8\n|j| AtrixMJ\n|\n|t:|1666929582\n|switch|p2a: Ferrothorn|Ferrothorn, F|100\/100\n|move|p1a: Ninetales|Aurora Veil|p1a: Ninetales\n|-sidestart|p1: Kaori Kilimano|move: Aurora Veil\n|\n|-weather|Hail|[upkeep]\n|-damage|p2a: Ferrothorn|95\/100|[from] Hail\n|-heal|p2a: Ferrothorn|100\/100|[from] item: Leftovers\n|upkeep\n|turn|9\n|\n|t:|1666929588\n|switch|p1a: Landorus|Landorus-Therian, M|100\/100\n|-damage|p1a: Landorus|88\/100|[from] Stealth Rock\n|-ability|p1a: Landorus|Intimidate|boost\n|-unboost|p2a: Ferrothorn|atk|1\n|move|p2a: Ferrothorn|Leech Seed|p1a: Landorus\n|-start|p1a: Landorus|move: Leech Seed\n|\n|-weather|Hail|[upkeep]\n|-damage|p1a: Landorus|82\/100|[from] Hail\n|-damage|p2a: Ferrothorn|95\/100|[from] Hail\n|-heal|p1a: Landorus|88\/100|[from] item: Leftovers\n|-heal|p2a: Ferrothorn|100\/100|[from] item: Leftovers\n|-damage|p1a: Landorus|76\/100|[from] Leech Seed|[of] p2a: Ferrothorn\n|upkeep\n|turn|10\n|\n|t:|1666929597\n|switch|p2a: Pelipper|Pelipper, F|100\/100\n|-weather|RainDance|[from] ability: Drizzle|[of] p2a: Pelipper\n|move|p1a: Landorus|Defog|p2a: Pelipper\n|-unboost|p2a: Pelipper|evasion|1\n|-sideend|p1: Kaori Kilimano|Stealth Rock|[from] move: Defog|[of] p1a: Landorus\n|-fieldend|move: Electric Terrain\n|\n|-weather|RainDance|[upkeep]\n|-heal|p1a: Landorus|82\/100|[from] item: Leftovers\n|-damage|p1a: Landorus|70\/100|[from] Leech Seed|[of] p2a: Pelipper\n|upkeep\n|turn|11\n|j| Noob 0_o\n|\n|t:|1666929603\n|switch|p1a: Tapu Koko|Tapu Koko|100\/100\n|-fieldstart|move: Electric Terrain|[from] ability: Electric Surge|[of] p1a: Tapu Koko\n|move|p2a: Pelipper|Defog|p1a: Tapu Koko\n|-unboost|p1a: Tapu Koko|evasion|1\n|-sideend|p1: Kaori Kilimano|move: Aurora Veil\n|-fieldend|move: Electric Terrain\n|\n|-weather|RainDance|[upkeep]\n|upkeep\n|turn|12\n|\n|t:|1666929607\n|switch|p2a: Seismitoad|Seismitoad, F|74\/100\n|move|p1a: Tapu Koko|U-turn|p2a: Seismitoad\n|-damage|p2a: Seismitoad|51\/100\n|\n|t:|1666929610\n|switch|p1a: Ninetales|Ninetales-Alola, F|76\/100|[from]move: U-turn\n|-weather|Hail|[from] ability: Snow Warning|[of] p1a: Ninetales\n|\n|-weather|Hail|[upkeep]\n|-damage|p2a: Seismitoad|45\/100|[from] Hail\n|upkeep\n|turn|13\n|\n|t:|1666929621\n|switch|p1a: Zapdos|Zapdos-Galar|92\/100\n|switch|p2a: Ferrothorn|Ferrothorn, F|100\/100\n|\n|-weather|Hail|[upkeep]\n|-damage|p1a: Zapdos|86\/100|[from] Hail\n|-damage|p2a: Ferrothorn|95\/100|[from] Hail\n|-heal|p2a: Ferrothorn|100\/100|[from] item: Leftovers\n|upkeep\n|turn|14\n|\n|t:|1666929625\n|switch|p2a: Pelipper|Pelipper, F|100\/100\n|-weather|RainDance|[from] ability: Drizzle|[of] p2a: Pelipper\n|move|p1a: Zapdos|Close Combat|p2a: Pelipper\n|-resisted|p2a: Pelipper\n|-damage|p2a: Pelipper|74\/100\n|-unboost|p1a: Zapdos|def|1\n|-unboost|p1a: Zapdos|spd|1\n|\n|-weather|RainDance|[upkeep]\n|upkeep\n|turn|15\n|\n|t:|1666929631\n|move|p1a: Zapdos|Brave Bird|p2a: Pelipper\n|-damage|p2a: Pelipper|22\/100\n|-damage|p1a: Zapdos|68\/100|[from] Recoil\n|move|p2a: Pelipper|U-turn|p1a: Zapdos\n|-resisted|p1a: Zapdos\n|-damage|p1a: Zapdos|65\/100\n|\n|t:|1666929635\n|switch|p2a: Barraskewda|Barraskewda, F|100\/100|[from]move: U-turn\n|\n|-weather|RainDance|[upkeep]\n|upkeep\n|turn|16\n|\n|t:|1666929638\n|switch|p1a: Kommo-o|Kommo-o, F|100\/100\n|move|p2a: Barraskewda|Liquidation|p1a: Kommo-o\n|-resisted|p1a: Kommo-o\n|-crit|p1a: Kommo-o\n|-damage|p1a: Kommo-o|25\/100\n|-unboost|p1a: Kommo-o|def|1\n|\n|-weather|RainDance|[upkeep]\n|upkeep\n|turn|17\n|\n|t:|1666929649\n|move|p2a: Barraskewda|Liquidation|p1a: Kommo-o\n|-resisted|p1a: Kommo-o\n|-damage|p1a: Kommo-o|0 fnt\n|faint|p1a: Kommo-o\n|\n|-weather|RainDance|[upkeep]\n|upkeep\n|\n|t:|1666929653\n|switch|p1a: Ninetales|Ninetales-Alola, F|76\/100\n|-weather|Hail|[from] ability: Snow Warning|[of] p1a: Ninetales\n|turn|18\n|\n|t:|1666929663\n|switch|p1a: Tapu Koko|Tapu Koko|100\/100\n|-fieldstart|move: Electric Terrain|[from] ability: Electric Surge|[of] p1a: Tapu Koko\n|move|p2a: Barraskewda|Liquidation|p1a: Tapu Koko\n|-damage|p1a: Tapu Koko|2\/100\n|\n|-weather|Hail|[upkeep]\n|-damage|p1a: Tapu Koko|0 fnt|[from] Hail\n|-damage|p2a: Barraskewda|94\/100|[from] Hail\n|faint|p1a: Tapu Koko\n|upkeep\n|\n|t:|1666929668\n|switch|p1a: Landorus|Landorus-Therian, M|70\/100\n|-ability|p1a: Landorus|Intimidate|boost\n|-unboost|p2a: Barraskewda|atk|1\n|turn|19\n|\n|t:|1666929674\n|switch|p2a: Pelipper|Pelipper, F|22\/100\n|-weather|RainDance|[from] ability: Drizzle|[of] p2a: Pelipper\n|move|p1a: Landorus|Stealth Rock|p2a: Pelipper\n|-sidestart|p2: brettfavreguilty|move: Stealth Rock\n|\n|-weather|RainDance|[upkeep]\n|-heal|p1a: Landorus|76\/100|[from] item: Leftovers\n|upkeep\n|turn|20\n|\n|t:|1666929685\n|move|p1a: Landorus|U-turn|p2a: Pelipper\n|-resisted|p2a: Pelipper\n|-damage|p2a: Pelipper|13\/100\n|\n|t:|1666929687\n|switch|p1a: Zapdos|Zapdos-Galar|65\/100|[from]move: U-turn\n|move|p2a: Pelipper|U-turn|p1a: Zapdos\n|-resisted|p1a: Zapdos\n|-damage|p1a: Zapdos|62\/100\n|c| BabyPigsAreLaughin|Is this about to be a 6-0?\n|\n|t:|1666929693\n|switch|p2a: Barraskewda|Barraskewda, F|94\/100|[from]move: U-turn\n|-damage|p2a: Barraskewda|82\/100|[from] Stealth Rock\n|\n|-weather|RainDance|[upkeep]\n|upkeep\n|turn|21\n|\n|t:|1666929702\n|switch|p1a: Landorus|Landorus-Therian, M|76\/100\n|-ability|p1a: Landorus|Intimidate|boost\n|-unboost|p2a: Barraskewda|atk|1\n|move|p2a: Barraskewda|Liquidation|p1a: Landorus\n|-supereffective|p1a: Landorus\n|-damage|p1a: Landorus|0 fnt\n|faint|p1a: Landorus\n|\n|-weather|RainDance|[upkeep]\n|upkeep\n|\n|t:|1666929712\n|switch|p1a: Ninetales|Ninetales-Alola, F|76\/100\n|-weather|Hail|[from] ability: Snow Warning|[of] p1a: Ninetales\n|turn|22\n|\n|t:|1666929714\n|move|p2a: Barraskewda|Liquidation|p1a: Ninetales\n|-damage|p1a: Ninetales|18\/100\n|move|p1a: Ninetales|Aurora Veil|p1a: Ninetales\n|-sidestart|p1: Kaori Kilimano|move: Aurora Veil\n|\n|-weather|Hail|[upkeep]\n|-damage|p2a: Barraskewda|76\/100|[from] Hail\n|-fieldend|move: Electric Terrain\n|upkeep\n|turn|23\n|\n|t:|1666929720\n|switch|p2a: Pelipper|Pelipper, F|13\/100\n|-damage|p2a: Pelipper|0 fnt|[from] Stealth Rock\n|faint|p2a: Pelipper\n|move|p1a: Ninetales|Freeze-Dry|p2: Pelipper|[notarget]\n|-fail|p1a: Ninetales\n|\n|-weather|Hail|[upkeep]\n|upkeep\n|\n|t:|1666929721\n|switch|p2a: Barraskewda|Barraskewda, F|76\/100\n|-damage|p2a: Barraskewda|64\/100|[from] Stealth Rock\n|turn|24\n|\n|t:|1666929723\n|move|p2a: Barraskewda|Flip Turn|p1a: Ninetales\n|-damage|p1a: Ninetales|0 fnt\n|faint|p1a: Ninetales\n|\n|t:|1666929726\n|switch|p2a: Inteleon|Inteleon, M|100\/100|[from]move: Flip Turn\n|-damage|p2a: Inteleon|88\/100|[from] Stealth Rock\n|\n|-weather|Hail|[upkeep]\n|-damage|p2a: Inteleon|82\/100|[from] Hail\n|upkeep\n|\n|t:|1666929730\n|switch|p1a: Zapdos|Zapdos-Galar|62\/100\n|turn|25\n|\n|t:|1666929733\n|move|p2a: Inteleon|Hydro Cannon|p1a: Zapdos\n|-damage|p1a: Zapdos|17\/100\n|-mustrecharge|p2a: Inteleon\n|move|p1a: Zapdos|Agility|p1a: Zapdos\n|-boost|p1a: Zapdos|spe|2\n|\n|-weather|Hail|[upkeep]\n|-damage|p1a: Zapdos|11\/100|[from] Hail\n|-damage|p2a: Inteleon|76\/100|[from] Hail\n|upkeep\n|turn|26\n|\n|t:|1666929741\n|move|p1a: Zapdos|Close Combat|p2a: Inteleon\n|-damage|p2a: Inteleon|0 fnt\n|-unboost|p1a: Zapdos|def|1\n|-unboost|p1a: Zapdos|spd|1\n|faint|p2a: Inteleon\n|\n|-weather|none\n|upkeep\n|\n|t:|1666929743\n|switch|p2a: Ferrothorn|Ferrothorn, F|100\/100\n|-damage|p2a: Ferrothorn|95\/100|[from] Stealth Rock\n|turn|27\n|\n|t:|1666929745\n|move|p1a: Zapdos|Close Combat|p2a: Ferrothorn\n|-supereffective|p2a: Ferrothorn\n|-damage|p2a: Ferrothorn|0 fnt\n|-unboost|p1a: Zapdos|def|1\n|-unboost|p1a: Zapdos|spd|1\n|-activate|p2a: Ferrothorn|ability: Iron Barbs\n|-activate|p1a: Zapdos|item: Protective Pads\n|faint|p2a: Ferrothorn\n|\n|upkeep\n|-message|brettfavreguilty forfeited.\n|\n|win|Kaori Kilimano\n|raw|Kaori Kilimano's rating: 1764 &rarr; <strong>1782<\/strong><br \/>(+18 for winning)\n|raw|brettfavreguilty's rating: 1732 &rarr; <strong>1714<\/strong><br \/>(-18 for losing)\n|l|\u2606brettfavreguilty\n|l|\u2606Kaori Kilimano\n||Ladder isn't responding, score probably updated but might not have (Request timeout).\n","uploadtime":1666930177,"views":16,"p1id":"kaorikilimano","p2id":"brettfavreguilty","formatid":"gen8ou","rating":1714,"private":0,"password":null}