{"id":"gen8ou-1641618396","p1":"Daevank5","p2":"mushroom poisoning","format":"gen8ou","log":"|j|\u2606Daevank5\n|j|\u2606mushroom poisoning\n|t:|1660732951\n|gametype|singles\n|player|p1|Daevank5|2|1762\n|player|p2|mushroom poisoning|hilda|1715\n|teamsize|p1|6\n|teamsize|p2|6\n|gen|8\n|tier|[Gen 8] OU\n|rated|\n|rule|Sleep Clause Mod: Limit one foe put to sleep\n|rule|Species Clause: Limit one of each Pok\u00e9mon\n|rule|OHKO Clause: OHKO moves are banned\n|rule|Evasion Items Clause: Evasion items are banned\n|rule|Evasion Moves Clause: Evasion moves are banned\n|rule|Endless Battle Clause: Forcing endless battles is banned\n|rule|HP Percentage Mod: HP is shown in percentages\n|rule|Dynamax Clause: You cannot dynamax\n|clearpoke\n|poke|p1|Tapu Lele|\n|poke|p1|Clefable, M|\n|poke|p1|Corviknight, M|\n|poke|p1|Slowbro, M|\n|poke|p1|Weavile, F|\n|poke|p1|Swampert, F|\n|poke|p2|Zapdos|\n|poke|p2|Shedinja|\n|poke|p2|Corviknight, M|\n|poke|p2|Toxapex, M|\n|poke|p2|Ditto|\n|poke|p2|Blissey, F|\n|teampreview\n|inactive|Battle timer is ON: inactive players will automatically lose when time's up. (requested by mushroom poisoning)\n|\n|t:|1660732968\n|start\n|switch|p1a: Tapu Lele|Tapu Lele|100\/100\n|switch|p2a: Ditto|Ditto|100\/100\n|-fieldstart|move: Psychic Terrain|[from] ability: Psychic Surge|[of] p1a: Tapu Lele\n|-transform|p2a: Ditto|p1a: Tapu Lele|[from] ability: Imposter\n|turn|1\n|\n|t:|1660732977\n|switch|p2a: Shedinja|Shedinja|100\/100\n|switch|p1a: Slowbro|Slowbro, M|100\/100\n|\n|upkeep\n|turn|2\n|\n|t:|1660732983\n|move|p2a: Shedinja|Protect|p2a: Shedinja\n|-singleturn|p2a: Shedinja|Protect\n|move|p1a: Slowbro|Future Sight|p2a: Shedinja\n|-start|p1a: Slowbro|move: Future Sight\n|\n|upkeep\n|turn|3\n|\n|t:|1660732987\n|move|p2a: Shedinja|Will-O-Wisp|p1a: Slowbro\n|-status|p1a: Slowbro|brn\n|move|p1a: Slowbro|Teleport|p1a: Slowbro\n|\n|t:|1660732989\n|switch|p1a: Weavile|Weavile, F|100\/100|[from]move: Teleport\n|-ability|p1a: Weavile|Pressure\n|\n|upkeep\n|turn|4\n|\n|t:|1660732991\n|move|p2a: Shedinja|Protect|p2a: Shedinja\n|-singleturn|p2a: Shedinja|Protect\n|move|p1a: Weavile|Knock Off|p2a: Shedinja\n|-activate|p2a: Shedinja|move: Protect\n|\n|-end|p2a: Shedinja|move: Future Sight\n|-immune|p2a: Shedinja|[from] ability: Wonder Guard\n|upkeep\n|turn|5\n|\n|t:|1660733000\n|switch|p1a: Slowbro|Slowbro, M|100\/100 brn\n|switch|p2a: Toxapex|Toxapex, M|100\/100\n|\n|-damage|p1a: Slowbro|94\/100 brn|[from] brn\n|-fieldend|move: Psychic Terrain\n|upkeep\n|turn|6\n|\n|t:|1660733017\n|switch|p2a: Shedinja|Shedinja|100\/100\n|move|p1a: Slowbro|Scald|p2a: Shedinja\n|-immune|p2a: Shedinja|[from] ability: Wonder Guard\n|\n|-damage|p1a: Slowbro|88\/100 brn|[from] brn\n|upkeep\n|turn|7\n|\n|t:|1660733021\n|move|p2a: Shedinja|Gust|p1a: Slowbro\n|-damage|p1a: Slowbro|84\/100 brn\n|move|p1a: Slowbro|Future Sight|p2a: Shedinja\n|-start|p1a: Slowbro|move: Future Sight\n|\n|-damage|p1a: Slowbro|78\/100 brn|[from] brn\n|upkeep\n|turn|8\n|c|\u2606Daevank5|!dt gust\n|raw|<ul class=\"utilichart\"><li class=\"result\"><span class=\"col movenamecol\"><a href=\"https:\/\/dex.pokemonshowdown.com\/moves\/gust\">Gust<\/a><\/span> <span class=\"col typecol\"><img src=\"\/\/play.pokemonshowdown.com\/sprites\/types\/Flying.png\" alt=\"Flying\" width=\"32\" height=\"14\"><img src=\"\/\/play.pokemonshowdown.com\/sprites\/categories\/Special.png\" alt=\"Special\" width=\"32\" height=\"14\"><\/span> <span class=\"col labelcol\"><em>Power<\/em><br>40<\/span> <span class=\"col widelabelcol\"><em>Accuracy<\/em><br>100%<\/span> <span class=\"col pplabelcol\"><em>PP<\/em><br>56<\/span> <span class=\"col movedesccol\">Power doubles during Bounce, Fly, and Sky Drop.<\/span> <\/li><li style=\"clear:both\"><\/li><\/ul>\n|raw|<font size=\"1\"><font color=\"#686868\">Priority:<\/font> 0&nbsp;|&ThickSpace;<font color=\"#686868\">Gen:<\/font> 1&nbsp;|&ThickSpace;<font color=\"#686868\">Z-Power:<\/font> 100&nbsp;|&ThickSpace;<font color=\"#686868\">Dynamax Power:<\/font> 90&nbsp;|&ThickSpace;<font color=\"#686868\">Target:<\/font> Any Pok\u00e9mon<\/font>\n\n|c|\u2606Daevank5|why are you using gust?\n|\n|t:|1660733035\n|move|p2a: Shedinja|Gust|p1a: Slowbro\n|-damage|p1a: Slowbro|74\/100 brn\n|move|p1a: Slowbro|Flamethrower|p2a: Shedinja\n|-supereffective|p2a: Shedinja\n|-damage|p2a: Shedinja|0 fnt\n|faint|p2a: Shedinja\n|\n|-damage|p1a: Slowbro|67\/100 brn|[from] brn\n|upkeep\n|c|\u2606mushroom poisoning|to beat mew\n|c|\u2606mushroom poisoning|ah wow\n|c|\u2606mushroom poisoning|rip\n|\n|t:|1660733045\n|switch|p2a: Zapdos|Zapdos|100\/100\n|-ability|p2a: Zapdos|Pressure\n|turn|9\n|c|\u2606Daevank5|yeaaah ferrothorn is a problem\n|c|\u2606Daevank5|so i need flamethrower\n|c|\u2606Daevank5|and how does gust beat mew?\n|c|\u2606Daevank5|oh just for pp\n|c|\u2606mushroom poisoning|ye\n|c|\u2606Daevank5|ahhh thats actually mega smart\n|inactive|Daevank5 has 120 seconds left.\n|c|\u2606Daevank5|i dont think ive seen a single move with 56 pp being used before\n|\n|t:|1660733086\n|switch|p1a: Clefable|Clefable, M|100\/100\n|move|p2a: Zapdos|Toxic|p1a: Clefable\n|-status|p1a: Clefable|tox\n|\n|-end|p2a: Zapdos|move: Future Sight\n|-damage|p2a: Zapdos|73\/100\n|-heal|p2a: Zapdos|79\/100|[from] item: Leftovers\n|upkeep\n|turn|10\n|\n|t:|1660733092\n|move|p2a: Zapdos|Volt Switch|p1a: Clefable\n|-damage|p1a: Clefable|81\/100 tox\n|\n|t:|1660733093\n|switch|p2a: Corviknight|Corviknight, M|100\/100|[from]move: Volt Switch\n|-ability|p2a: Corviknight|Pressure\n|move|p1a: Clefable|Teleport|p1a: Clefable\n|\n|t:|1660733099\n|switch|p1a: Tapu Lele|Tapu Lele|100\/100|[from]move: Teleport\n|-fieldstart|move: Psychic Terrain|[from] ability: Psychic Surge|[of] p1a: Tapu Lele\n|\n|upkeep\n|turn|11\n|\n|t:|1660733106\n|move|p1a: Tapu Lele|Calm Mind|p1a: Tapu Lele\n|-boost|p1a: Tapu Lele|spa|1\n|-boost|p1a: Tapu Lele|spd|1\n|move|p2a: Corviknight|Iron Defense|p2a: Corviknight\n|-boost|p2a: Corviknight|def|2\n|\n|upkeep\n|turn|12\n|inactive|Daevank5 has 120 seconds left.\n|\n|t:|1660733133\n|move|p1a: Tapu Lele|Calm Mind|p1a: Tapu Lele\n|-boost|p1a: Tapu Lele|spa|1\n|-boost|p1a: Tapu Lele|spd|1\n|move|p2a: Corviknight|Iron Defense|p2a: Corviknight\n|-boost|p2a: Corviknight|def|2\n|\n|upkeep\n|turn|13\n|\n|t:|1660733141\n|move|p1a: Tapu Lele|Moonblast|p2a: Corviknight\n|-resisted|p2a: Corviknight\n|-damage|p2a: Corviknight|49\/100\n|move|p2a: Corviknight|Body Press|p1a: Tapu Lele\n|-resisted|p1a: Tapu Lele\n|-damage|p1a: Tapu Lele|72\/100\n|\n|-heal|p1a: Tapu Lele|78\/100|[from] item: Leftovers\n|-heal|p2a: Corviknight|55\/100|[from] item: Leftovers\n|upkeep\n|turn|14\n|\n|t:|1660733147\n|move|p1a: Tapu Lele|Calm Mind|p1a: Tapu Lele\n|-boost|p1a: Tapu Lele|spa|1\n|-boost|p1a: Tapu Lele|spd|1\n|move|p2a: Corviknight|Roost|p2a: Corviknight\n|-heal|p2a: Corviknight|100\/100\n|-singleturn|p2a: Corviknight|move: Roost\n|\n|-heal|p1a: Tapu Lele|84\/100|[from] item: Leftovers\n|-fieldend|move: Psychic Terrain\n|upkeep\n|turn|15\n|\n|t:|1660733161\n|switch|p2a: Blissey|Blissey, F|100\/100\n|move|p1a: Tapu Lele|Substitute|p1a: Tapu Lele\n|-start|p1a: Tapu Lele|Substitute\n|-damage|p1a: Tapu Lele|59\/100\n|\n|-heal|p1a: Tapu Lele|65\/100|[from] item: Leftovers\n|upkeep\n|turn|16\n|c|\u2606Daevank5|gg\n|\n|t:|1660733166\n|move|p1a: Tapu Lele|Psyshock|p2a: Blissey\n|-damage|p2a: Blissey|0 fnt\n|faint|p2a: Blissey\n|\n|-heal|p1a: Tapu Lele|71\/100|[from] item: Leftovers\n|upkeep\n|c|\u2606mushroom poisoning|gg\n|\n|t:|1660733171\n|switch|p2a: Zapdos|Zapdos|79\/100\n|-ability|p2a: Zapdos|Pressure\n|turn|17\n|\n|t:|1660733175\n|move|p1a: Tapu Lele|Moonblast|p2a: Zapdos\n|-damage|p2a: Zapdos|0 fnt\n|faint|p2a: Zapdos\n|\n|-heal|p1a: Tapu Lele|77\/100|[from] item: Leftovers\n|upkeep\n|-message|mushroom poisoning forfeited.\n|\n|win|Daevank5\n|raw|Daevank5's rating: 1762 &rarr; <strong>1779<\/strong><br \/>(+17 for winning)\n|raw|mushroom poisoning's rating: 1715 &rarr; <strong>1698<\/strong><br \/>(-17 for losing)\n|l|\u2606mushroom poisoning\n","uploadtime":1660733181,"views":45,"p1id":"daevank5","p2id":"mushroompoisoning","formatid":"gen8ou","rating":1698,"private":0,"password":null}