{"id":"gen8battlestadiumsingles-1075907883","p1":"Chloro-xantho","p2":"2222mm","format":"gen8battlestadiumsingles","log":"|j|\u2606Chloro-xantho\n|j|\u26062222mm\n|player|p1|Chloro-xantho|cyclist-gen4|1111\n|player|p2|2222mm|291|1199\n|teamsize|p1|6\n|teamsize|p2|6\n|gametype|singles\n|gen|8\n|tier|[Gen 8] Battle Stadium Singles\n|rated|\n|clearpoke\n|poke|p1|Galvantula, L50, M|\n|poke|p1|Durant, L50, M|\n|poke|p1|Ninjask, L50, M|\n|poke|p1|Frosmoth, L50, F|\n|poke|p1|Araquanid, L50, M|\n|poke|p1|Centiskorch, L50, F|\n|poke|p2|Hippowdon, L50, M|\n|poke|p2|Ferrothorn, L50, M|\n|poke|p2|Corviknight, L50, M|\n|poke|p2|Pyukumuku, L50, M|\n|poke|p2|Rotom-Heat, L50|\n|poke|p2|Sylveon, L50, M|\n|rule|Species Clause: Limit one of each Pok\u00e9mon\n|rule|Item Clause: Limit one of each item\n|teampreview|3\n|\n|start\n|switch|p1a: \u96f7\u8718\u86db|Galvantula, L50, M, shiny|48\/48\n|switch|p2a: Ferrothorn|Ferrothorn, L50, M, shiny|48\/48\n|turn|1\n|inactive|Battle timer is ON: inactive players will automatically lose when time's up. (requested by 2222mm)\n|\n|move|p1a: \u96f7\u8718\u86db|Thunder Wave|p2a: Ferrothorn\n|-status|p2a: Ferrothorn|par\n|move|p2a: Ferrothorn|Leech Seed|p1a: \u96f7\u8718\u86db\n|-start|p1a: \u96f7\u8718\u86db|move: Leech Seed\n|\n|-damage|p1a: \u96f7\u8718\u86db|42\/48|[from] Leech Seed|[of] p2a: Ferrothorn\n|upkeep\n|turn|2\n|\n|move|p1a: \u96f7\u8718\u86db|Sticky Web|p2a: Ferrothorn\n|-sidestart|p2: 2222mm|move: Sticky Web\n|cant|p2a: Ferrothorn|par\n|\n|-damage|p1a: \u96f7\u8718\u86db|36\/48|[from] Leech Seed|[of] p2a: Ferrothorn\n|upkeep\n|turn|3\n|\n|move|p1a: \u96f7\u8718\u86db|Thunder|p2a: Ferrothorn|[miss]\n|-miss|p1a: \u96f7\u8718\u86db|p2a: Ferrothorn\n|move|p2a: Ferrothorn|Body Press|p1a: \u96f7\u8718\u86db\n|-resisted|p1a: \u96f7\u8718\u86db\n|-damage|p1a: \u96f7\u8718\u86db|23\/48\n|\n|-damage|p1a: \u96f7\u8718\u86db|17\/48|[from] Leech Seed|[of] p2a: Ferrothorn\n|upkeep\n|turn|4\n|\n|move|p2a: Ferrothorn|Protect|p2a: Ferrothorn\n|-singleturn|p2a: Ferrothorn|Protect\n|move|p1a: \u96f7\u8718\u86db|Thunder|p2a: Ferrothorn\n|-activate|p2a: Ferrothorn|move: Protect\n|\n|-damage|p1a: \u96f7\u8718\u86db|11\/48|[from] Leech Seed|[of] p2a: Ferrothorn\n|upkeep\n|turn|5\n|\n|switch|p1a: \u708e\u767e\u8db3|Centiskorch, L50, F|48\/48\n|move|p2a: Ferrothorn|Body Press|p1a: \u708e\u767e\u8db3\n|-resisted|p1a: \u708e\u767e\u8db3\n|-damage|p1a: \u708e\u767e\u8db3|39\/48\n|\n|upkeep\n|turn|6\n|\n|switch|p2a: Rotom|Rotom-Heat, L50, shiny|48\/48\n|-start|p1a: \u708e\u767e\u8db3|Dynamax\n|-formechange|p1a: \u708e\u767e\u8db3|Centiskorch-Gmax\n|-heal|p1a: \u708e\u767e\u8db3|39\/48|[silent]\n|move|p1a: \u708e\u767e\u8db3|G-Max Centiferno|p2a: Rotom\n|-resisted|p2a: Rotom\n|-damage|p2a: Rotom|32\/48\n|-activate|p2a: Rotom|move: G-Max Centiferno|[of] p1a: \u708e\u767e\u8db3\n|\n|-damage|p2a: Rotom|26\/48|[from] move: G-Max Centiferno|[partiallytrapped]\n|upkeep\n|turn|7\n|\n|move|p2a: Rotom|Volt Switch|p1a: \u708e\u767e\u8db3\n|-damage|p1a: \u708e\u767e\u8db3|35\/48\n|\n|switch|p2a: Pyukumuku|Pyukumuku, L50, M|48\/48|[from]move: Volt Switch\n|-activate|p2a: Pyukumuku|move: Sticky Web\n|-unboost|p2a: Pyukumuku|spe|1\n|move|p1a: \u708e\u767e\u8db3|Max Flutterby|p2a: Pyukumuku\n|-damage|p2a: Pyukumuku|24\/48\n|-unboost|p2a: Pyukumuku|spa|1\n|-enditem|p2a: Pyukumuku|Sitrus Berry|[eat]\n|-heal|p2a: Pyukumuku|35\/48|[from] item: Sitrus Berry\n|\n|upkeep\n|turn|8\n|\n|move|p1a: \u708e\u767e\u8db3|Max Overgrowth|p2a: Pyukumuku\n|-supereffective|p2a: Pyukumuku\n|-damage|p2a: Pyukumuku|5\/48\n|-fieldstart|move: Grassy Terrain\n|move|p2a: Pyukumuku|Recover|p2a: Pyukumuku\n|-heal|p2a: Pyukumuku|29\/48\n|\n|-heal|p1a: \u708e\u767e\u8db3|36\/48|[from] Grassy Terrain\n|-heal|p2a: Pyukumuku|32\/48|[from] Grassy Terrain\n|-end|p1a: \u708e\u767e\u8db3|Dynamax\n|-formechange|p1a: \u708e\u767e\u8db3|Centiskorch\n|-heal|p1a: \u708e\u767e\u8db3|36\/48|[silent]\n|upkeep\n|turn|9\n|\n|switch|p2a: Rotom|Rotom-Heat, L50, shiny|26\/48\n|move|p1a: \u708e\u767e\u8db3|Power Whip|p2a: Rotom\n|-resisted|p2a: Rotom\n|-damage|p2a: Rotom|11\/48\n|\n|-heal|p1a: \u708e\u767e\u8db3|39\/48|[from] Grassy Terrain\n|upkeep\n|turn|10\n|inactive|2222mm has 120 seconds left.\n|\n|-start|p2a: Rotom|Dynamax\n|-heal|p2a: Rotom|11\/48|[silent]\n|move|p2a: Rotom|Max Flare|p1a: \u708e\u767e\u8db3\n|-start|p1a: \u708e\u767e\u8db3|ability: Flash Fire\n|move|p1a: \u708e\u767e\u8db3|Knock Off|p2a: Rotom\n|-damage|p2a: Rotom|2\/48\n|-enditem|p2a: Rotom|Assault Vest|[from] move: Knock Off|[of] p1a: \u708e\u767e\u8db3\n|\n|-heal|p1a: \u708e\u767e\u8db3|42\/48|[from] Grassy Terrain\n|upkeep\n|turn|11\n|\n|move|p2a: Rotom|Max Lightning|p1a: \u708e\u767e\u8db3\n|-damage|p1a: \u708e\u767e\u8db3|28\/48\n|-fieldstart|move: Electric Terrain\n|move|p1a: \u708e\u767e\u8db3|Leech Life|p2a: Rotom\n|-resisted|p2a: Rotom\n|-damage|p2a: Rotom|0 fnt\n|-heal|p1a: \u708e\u767e\u8db3|30\/48|[from] drain|[of] p2a: Rotom\n|faint|p2a: Rotom\n|\n|upkeep\n|\n|switch|p2a: Pyukumuku|Pyukumuku, L50, M|32\/48\n|-activate|p2a: Pyukumuku|move: Sticky Web\n|-unboost|p2a: Pyukumuku|spe|1\n|turn|12\n|\n|move|p1a: \u708e\u767e\u8db3|Power Whip|p2a: Pyukumuku\n|-supereffective|p2a: Pyukumuku\n|-damage|p2a: Pyukumuku|2\/48\n|move|p2a: Pyukumuku|Counter|p1a: \u708e\u767e\u8db3\n|-damage|p1a: \u708e\u767e\u8db3|0 fnt\n|faint|p1a: \u708e\u767e\u8db3\n|\n|upkeep\n|\n|switch|p1a: \u96f7\u8718\u86db|Galvantula, L50, M, shiny|11\/48\n|turn|13\n|\n|move|p1a: \u96f7\u8718\u86db|Thunder|p2a: Pyukumuku\n|-supereffective|p2a: Pyukumuku\n|-damage|p2a: Pyukumuku|0 fnt\n|faint|p2a: Pyukumuku\n|\n|upkeep\n|\n|switch|p2a: Ferrothorn|Ferrothorn, L50, M, shiny|48\/48 par\n|-activate|p2a: Ferrothorn|move: Sticky Web\n|-unboost|p2a: Ferrothorn|spe|1\n|turn|14\n|\n|move|p1a: \u96f7\u8718\u86db|Lunge|p2a: Ferrothorn\n|-damage|p2a: Ferrothorn|41\/48 par\n|-unboost|p2a: Ferrothorn|atk|1\n|-damage|p1a: \u96f7\u8718\u86db|5\/48|[from] ability: Iron Barbs|[of] p2a: Ferrothorn\n|cant|p2a: Ferrothorn|par\n|\n|-heal|p2a: Ferrothorn|44\/48 par|[from] item: Leftovers\n|upkeep\n|turn|15\n|\n|move|p1a: \u96f7\u8718\u86db|Lunge|p2a: Ferrothorn\n|-damage|p2a: Ferrothorn|38\/48 par\n|-unboost|p2a: Ferrothorn|atk|1\n|-damage|p1a: \u96f7\u8718\u86db|0 fnt|[from] ability: Iron Barbs|[of] p2a: Ferrothorn\n|faint|p1a: \u96f7\u8718\u86db\n|cant|p2a: Ferrothorn|par\n|\n|-heal|p2a: Ferrothorn|41\/48 par|[from] item: Leftovers\n|-fieldend|move: Electric Terrain\n|upkeep\n|\n|switch|p1a: \u9244\u87fb|Durant, L50, M|48\/48\n|turn|16\n|\n|move|p1a: \u9244\u87fb|Superpower|p2a: Ferrothorn\n|-supereffective|p2a: Ferrothorn\n|-damage|p2a: Ferrothorn|1\/48 par\n|-unboost|p1a: \u9244\u87fb|atk|1\n|-unboost|p1a: \u9244\u87fb|def|1\n|-damage|p1a: \u9244\u87fb|42\/48|[from] ability: Iron Barbs|[of] p2a: Ferrothorn\n|-damage|p1a: \u9244\u87fb|37\/48|[from] item: Life Orb\n|move|p2a: Ferrothorn|Leech Seed|p1a: \u9244\u87fb\n|-start|p1a: \u9244\u87fb|move: Leech Seed\n|\n|-heal|p2a: Ferrothorn|4\/48 par|[from] item: Leftovers\n|-damage|p1a: \u9244\u87fb|31\/48|[from] Leech Seed|[of] p2a: Ferrothorn\n|-heal|p2a: Ferrothorn|9\/48 par|[silent]\n|upkeep\n|turn|17\n|\n|move|p2a: Ferrothorn|Protect|p2a: Ferrothorn\n|-singleturn|p2a: Ferrothorn|Protect\n|move|p1a: \u9244\u87fb|Superpower|p2a: Ferrothorn\n|-activate|p2a: Ferrothorn|move: Protect\n|\n|-heal|p2a: Ferrothorn|11\/48 par|[from] item: Leftovers\n|-damage|p1a: \u9244\u87fb|25\/48|[from] Leech Seed|[of] p2a: Ferrothorn\n|-heal|p2a: Ferrothorn|16\/48 par|[silent]\n|upkeep\n|turn|18\n|\n|move|p1a: \u9244\u87fb|Superpower|p2a: Ferrothorn\n|-supereffective|p2a: Ferrothorn\n|-damage|p2a: Ferrothorn|0 fnt\n|-unboost|p1a: \u9244\u87fb|atk|1\n|-unboost|p1a: \u9244\u87fb|def|1\n|-damage|p1a: \u9244\u87fb|20\/48|[from] ability: Iron Barbs|[of] p2a: Ferrothorn\n|-damage|p1a: \u9244\u87fb|15\/48|[from] item: Life Orb\n|faint|p2a: Ferrothorn\n|\n|win|Chloro-xantho\n|raw|Chloro-xantho's rating: 1112 &rarr; <strong>1143<\/strong><br \/>(+31 for winning)\n|raw|2222mm's rating: 1199 &rarr; <strong>1168<\/strong><br \/>(-31 for losing)\n|l|\u26062222mm\n","uploadtime":1583726626,"views":43,"p1id":"chloroxantho","p2id":"2222mm","formatid":"gen8battlestadiumsingles","rating":1143,"private":0,"password":null}