{"id":"gen8ou-1699363900","p1":"beeyouyou","p2":"rooopos","format":"gen8ou","log":"|j|\u2606beeyouyou\n|j|\u2606rooopos\n|t:|1667231157\n|gametype|singles\n|player|p1|beeyouyou|265|1596\n|player|p2|rooopos|2|1695\n|teamsize|p1|6\n|teamsize|p2|6\n|gen|8\n|tier|[Gen 8] OU\n|rated|\n|rule|Sleep Clause Mod: Limit one foe put to sleep\n|rule|Species Clause: Limit one of each Pok\u00e9mon\n|rule|OHKO Clause: OHKO moves are banned\n|rule|Evasion Items Clause: Evasion items are banned\n|rule|Evasion Moves Clause: Evasion moves are banned\n|rule|Endless Battle Clause: Forcing endless battles is banned\n|rule|HP Percentage Mod: HP is shown in percentages\n|rule|Dynamax Clause: You cannot dynamax\n|clearpoke\n|poke|p1|Hatterene, F|\n|poke|p1|Slowbro, F|\n|poke|p1|Porygon2|\n|poke|p1|Aegislash, M|\n|poke|p1|Torkoal, F|\n|poke|p1|Tapu Bulu|\n|poke|p2|Dragapult, M|\n|poke|p2|Urshifu-*, F|\n|poke|p2|Tapu Lele|\n|poke|p2|Landorus-Therian, M|\n|poke|p2|Zapdos|\n|poke|p2|Melmetal|\n|teampreview\n|inactive|Battle timer is ON: inactive players will automatically lose when time's up. (requested by beeyouyou)\n|\n|t:|1667231182\n|start\n|switch|p1a: Zzzzzzzzzzz|Slowbro, F, shiny|100\/100\n|switch|p2a: Melmetal|Melmetal|100\/100\n|turn|1\n|\n|t:|1667231193\n|move|p2a: Melmetal|Toxic|p1a: Zzzzzzzzzzz\n|-status|p1a: Zzzzzzzzzzz|tox\n|move|p1a: Zzzzzzzzzzz|Trick Room|p1a: Zzzzzzzzzzz\n|-fieldstart|move: Trick Room|[of] p1a: Zzzzzzzzzzz\n|\n|-damage|p1a: Zzzzzzzzzzz|94\/100 tox|[from] psn\n|upkeep\n|turn|2\n|\n|t:|1667231199\n|move|p1a: Zzzzzzzzzzz|Future Sight|p2a: Melmetal\n|-start|p1a: Zzzzzzzzzzz|move: Future Sight\n|move|p2a: Melmetal|Double Iron Bash|p1a: Zzzzzzzzzzz\n|-resisted|p1a: Zzzzzzzzzzz\n|-damage|p1a: Zzzzzzzzzzz|82\/100 tox\n|-damage|p2a: Melmetal|84\/100|[from] item: Rocky Helmet|[of] p1a: Zzzzzzzzzzz\n|-resisted|p1a: Zzzzzzzzzzz\n|-crit|p1a: Zzzzzzzzzzz\n|-damage|p1a: Zzzzzzzzzzz|62\/100 tox\n|-damage|p2a: Melmetal|67\/100|[from] item: Rocky Helmet|[of] p1a: Zzzzzzzzzzz\n|-hitcount|p1a: Zzzzzzzzzzz|2\n|\n|-heal|p2a: Melmetal|73\/100|[from] item: Leftovers\n|-damage|p1a: Zzzzzzzzzzz|50\/100 tox|[from] psn\n|upkeep\n|turn|3\n|\n|t:|1667231207\n|move|p1a: Zzzzzzzzzzz|Slack Off|p1a: Zzzzzzzzzzz\n|-heal|p1a: Zzzzzzzzzzz|99\/100 tox\n|move|p2a: Melmetal|Earthquake|p1a: Zzzzzzzzzzz\n|-crit|p1a: Zzzzzzzzzzz\n|-damage|p1a: Zzzzzzzzzzz|65\/100 tox\n|\n|-heal|p2a: Melmetal|80\/100|[from] item: Leftovers\n|-damage|p1a: Zzzzzzzzzzz|47\/100 tox|[from] psn\n|upkeep\n|turn|4\n|\n|t:|1667231214\n|switch|p1a: O.O|Aegislash, M, shiny|100\/100\n|move|p2a: Melmetal|Double Iron Bash|p1a: O.O\n|-resisted|p1a: O.O\n|-damage|p1a: O.O|84\/100\n|-resisted|p1a: O.O\n|-damage|p1a: O.O|66\/100\n|-hitcount|p1a: O.O|2\n|\n|-end|p2a: Melmetal|move: Future Sight\n|-resisted|p2a: Melmetal\n|-damage|p2a: Melmetal|62\/100\n|-heal|p2a: Melmetal|68\/100|[from] item: Leftovers\n|upkeep\n|turn|5\n|\n|t:|1667231220\n|move|p2a: Melmetal|Protect|p2a: Melmetal\n|-singleturn|p2a: Melmetal|Protect\n|move|p1a: O.O|Swords Dance|p1a: O.O\n|-boost|p1a: O.O|atk|2\n|\n|-heal|p2a: Melmetal|74\/100|[from] item: Leftovers\n|-fieldend|move: Trick Room\n|upkeep\n|turn|6\n|\n|t:|1667231224\n|switch|p2a: Landorus|Landorus-Therian, M|100\/100\n|-ability|p2a: Landorus|Intimidate|boost\n|-unboost|p1a: O.O|atk|1\n|-formechange|p1a: O.O|Aegislash-Blade||[from] ability: Stance Change\n|move|p1a: O.O|Sacred Sword|p2a: Landorus\n|-resisted|p2a: Landorus\n|-damage|p2a: Landorus|75\/100\n|\n|-heal|p2a: Landorus|81\/100|[from] item: Leftovers\n|upkeep\n|turn|7\n|\n|t:|1667231229\n|switch|p1a: What am I?|Hatterene, F, shiny|100\/100\n|move|p2a: Landorus|Earthquake|p1a: What am I?\n|-damage|p1a: What am I?|45\/100\n|\n|-heal|p2a: Landorus|87\/100|[from] item: Leftovers\n|upkeep\n|turn|8\n|\n|t:|1667231232\n|switch|p1a: I got a hat|Tapu Bulu, shiny|100\/100\n|-fieldstart|move: Grassy Terrain|[from] ability: Grassy Surge|[of] p1a: I got a hat\n|move|p2a: Landorus|Earthquake|p1a: I got a hat\n|-resisted|p1a: I got a hat\n|-damage|p1a: I got a hat|90\/100\n|\n|-heal|p2a: Landorus|93\/100|[from] item: Leftovers\n|-heal|p1a: I got a hat|96\/100|[from] Grassy Terrain\n|-heal|p1a: I got a hat|100\/100|[from] item: Leftovers\n|upkeep\n|turn|9\n|\n|t:|1667231238\n|switch|p2a: Zapdos|Zapdos|100\/100\n|switch|p1a: What am I?|Hatterene, F, shiny|45\/100\n|\n|-heal|p1a: What am I?|50\/100|[from] Grassy Terrain\n|upkeep\n|turn|10\n|\n|t:|1667231242\n|move|p2a: Zapdos|Hurricane|p1a: What am I?|[miss]\n|-miss|p2a: Zapdos|p1a: What am I?\n|move|p1a: What am I?|Trick Room|p1a: What am I?\n|-fieldstart|move: Trick Room|[of] p1a: What am I?\n|\n|-heal|p1a: What am I?|56\/100|[from] Grassy Terrain\n|upkeep\n|turn|11\n|\n|t:|1667231245\n|move|p1a: What am I?|Psyshock|p2a: Zapdos\n|-damage|p2a: Zapdos|45\/100\n|move|p2a: Zapdos|Volt Switch|p1a: What am I?\n|-damage|p1a: What am I?|17\/100\n|\n|t:|1667231251\n|switch|p2a: Landorus|Landorus-Therian, M|93\/100|[from]move: Volt Switch\n|-ability|p2a: Landorus|Intimidate|boost\n|-unboost|p1a: What am I?|atk|1\n|\n|-heal|p1a: What am I?|23\/100|[from] Grassy Terrain\n|-heal|p2a: Landorus|99\/100|[from] item: Leftovers\n|upkeep\n|turn|12\n|\n|t:|1667231255\n|move|p1a: What am I?|Psyshock|p2a: Landorus\n|-damage|p2a: Landorus|55\/100\n|move|p2a: Landorus|Knock Off|p1a: What am I?\n|-damage|p1a: What am I?|0 fnt\n|-enditem|p1a: What am I?|Focus Sash|[from] move: Knock Off|[of] p2a: Landorus\n|faint|p1a: What am I?\n|\n|-heal|p2a: Landorus|61\/100|[from] item: Leftovers\n|-fieldend|move: Grassy Terrain\n|upkeep\n|\n|t:|1667231262\n|switch|p1a: Ye|Torkoal, F, shiny|100\/100\n|-weather|SunnyDay|[from] ability: Drought|[of] p1a: Ye\n|turn|13\n|\n|t:|1667231278\n|switch|p2a: Dragapult|Dragapult, M|100\/100\n|move|p1a: Ye|Eruption|p2a: Dragapult\n|-resisted|p2a: Dragapult\n|-damage|p2a: Dragapult|11\/100\n|\n|-weather|SunnyDay|[upkeep]\n|upkeep\n|turn|14\n|\n|t:|1667231298\n|switch|p2a: Urshifu|Urshifu-Rapid-Strike, F|100\/100\n|move|p1a: Ye|Eruption|p2a: Urshifu\n|-resisted|p2a: Urshifu\n|-damage|p2a: Urshifu|0 fnt\n|faint|p2a: Urshifu\n|\n|-weather|SunnyDay|[upkeep]\n|-fieldend|move: Trick Room\n|upkeep\n|\n|t:|1667231304\n|switch|p2a: Dragapult|Dragapult, M|11\/100\n|turn|15\n|\n|t:|1667231308\n|switch|p1a: Polygon|Porygon2, shiny|100\/100\n|-ability|p1a: Polygon|Infiltrator|[from] ability: Trace|[of] p2a: Dragapult\n|move|p2a: Dragapult|U-turn|p1a: Polygon\n|-damage|p1a: Polygon|90\/100\n|\n|t:|1667231312\n|switch|p2a: Melmetal|Melmetal|74\/100|[from]move: U-turn\n|\n|-weather|SunnyDay|[upkeep]\n|-heal|p2a: Melmetal|80\/100|[from] item: Leftovers\n|upkeep\n|turn|16\n|\n|t:|1667231315\n|switch|p1a: Zzzzzzzzzzz|Slowbro, F, shiny|80\/100 tox\n|move|p2a: Melmetal|Double Iron Bash|p1a: Zzzzzzzzzzz\n|-resisted|p1a: Zzzzzzzzzzz\n|-damage|p1a: Zzzzzzzzzzz|66\/100 tox\n|-damage|p2a: Melmetal|64\/100|[from] item: Rocky Helmet|[of] p1a: Zzzzzzzzzzz\n|-resisted|p1a: Zzzzzzzzzzz\n|-damage|p1a: Zzzzzzzzzzz|53\/100 tox\n|-damage|p2a: Melmetal|47\/100|[from] item: Rocky Helmet|[of] p1a: Zzzzzzzzzzz\n|-hitcount|p1a: Zzzzzzzzzzz|2\n|\n|-weather|SunnyDay|[upkeep]\n|-heal|p2a: Melmetal|53\/100|[from] item: Leftovers\n|-damage|p1a: Zzzzzzzzzzz|47\/100 tox|[from] psn\n|upkeep\n|turn|17\n|\n|t:|1667231318\n|move|p2a: Melmetal|Double Iron Bash|p1a: Zzzzzzzzzzz\n|-resisted|p1a: Zzzzzzzzzzz\n|-damage|p1a: Zzzzzzzzzzz|33\/100 tox\n|-damage|p2a: Melmetal|37\/100|[from] item: Rocky Helmet|[of] p1a: Zzzzzzzzzzz\n|-resisted|p1a: Zzzzzzzzzzz\n|-damage|p1a: Zzzzzzzzzzz|20\/100 tox\n|-damage|p2a: Melmetal|20\/100|[from] item: Rocky Helmet|[of] p1a: Zzzzzzzzzzz\n|-hitcount|p1a: Zzzzzzzzzzz|2\n|move|p1a: Zzzzzzzzzzz|Trick Room|p1a: Zzzzzzzzzzz\n|-fieldstart|move: Trick Room|[of] p1a: Zzzzzzzzzzz\n|\n|-weather|none\n|-heal|p2a: Melmetal|26\/100|[from] item: Leftovers\n|-damage|p1a: Zzzzzzzzzzz|8\/100 tox|[from] psn\n|upkeep\n|turn|18\n|\n|t:|1667231323\n|switch|p1a: O.O|Aegislash, M, shiny|66\/100\n|move|p2a: Melmetal|Earthquake|p1a: O.O\n|-supereffective|p1a: O.O\n|-damage|p1a: O.O|0 fnt\n|faint|p1a: O.O\n|\n|-heal|p2a: Melmetal|32\/100|[from] item: Leftovers\n|upkeep\n|\n|t:|1667231328\n|switch|p1a: Ye|Torkoal, F, shiny|100\/100\n|-weather|SunnyDay|[from] ability: Drought|[of] p1a: Ye\n|turn|19\n|\n|t:|1667231331\n|move|p2a: Melmetal|Protect|p2a: Melmetal\n|-singleturn|p2a: Melmetal|Protect\n|move|p1a: Ye|Eruption|p2a: Melmetal\n|-activate|p2a: Melmetal|move: Protect\n|\n|-weather|SunnyDay|[upkeep]\n|-heal|p2a: Melmetal|38\/100|[from] item: Leftovers\n|upkeep\n|turn|20\n|\n|t:|1667231354\n|move|p2a: Melmetal|Protect||[still]\n|-fail|p2a: Melmetal\n|move|p1a: Ye|Eruption|p2a: Melmetal\n|-supereffective|p2a: Melmetal\n|-damage|p2a: Melmetal|0 fnt\n|faint|p2a: Melmetal\n|\n|-weather|SunnyDay|[upkeep]\n|upkeep\n|inactive|rooopos has 120 seconds left.\n|\n|t:|1667231371\n|switch|p2a: Tapu Lele|Tapu Lele|100\/100\n|-fieldstart|move: Psychic Terrain|[from] ability: Psychic Surge|[of] p2a: Tapu Lele\n|turn|21\n|\n|t:|1667231373\n|move|p1a: Ye|Eruption|p2a: Tapu Lele\n|-damage|p2a: Tapu Lele|0 fnt\n|faint|p2a: Tapu Lele\n|\n|-weather|SunnyDay|[upkeep]\n|-fieldend|move: Trick Room\n|upkeep\n|\n|t:|1667231378\n|switch|p2a: Zapdos|Zapdos|45\/100\n|turn|22\n|\n|t:|1667231380\n|switch|p1a: Polygon|Porygon2, shiny|90\/100\n|-ability|p1a: Polygon|Static|[from] ability: Trace|[of] p2a: Zapdos\n|move|p2a: Zapdos|Volt Switch|p1a: Polygon\n|-damage|p1a: Polygon|73\/100\n|c|\u2606beeyouyou|ggs\n|\n|t:|1667231384\n|switch|p2a: Landorus|Landorus-Therian, M|61\/100|[from]move: Volt Switch\n|-ability|p2a: Landorus|Intimidate|boost\n|-unboost|p1a: Polygon|atk|1\n|\n|-weather|SunnyDay|[upkeep]\n|-heal|p2a: Landorus|67\/100|[from] item: Leftovers\n|upkeep\n|turn|23\n|\n|t:|1667231387\n|move|p2a: Landorus|Knock Off|p1a: Polygon\n|-damage|p1a: Polygon|52\/100\n|-enditem|p1a: Polygon|Eviolite|[from] move: Knock Off|[of] p2a: Landorus\n|move|p1a: Polygon|Trick Room|p1a: Polygon\n|-fieldstart|move: Trick Room|[of] p1a: Polygon\n|\n|-weather|none\n|-heal|p2a: Landorus|73\/100|[from] item: Leftovers\n|upkeep\n|turn|24\n|\n|t:|1667231390\n|move|p1a: Polygon|Ice Beam|p2a: Landorus\n|-supereffective|p2a: Landorus\n|-damage|p2a: Landorus|10\/100\n|move|p2a: Landorus|Earthquake|p1a: Polygon\n|-damage|p1a: Polygon|2\/100\n|\n|-heal|p2a: Landorus|16\/100|[from] item: Leftovers\n|upkeep\n|turn|25\n|\n|t:|1667231395\n|move|p1a: Polygon|Ice Beam|p2a: Landorus\n|-supereffective|p2a: Landorus\n|-damage|p2a: Landorus|0 fnt\n|faint|p2a: Landorus\n|\n|-fieldend|move: Psychic Terrain\n|upkeep\n|\n|t:|1667231400\n|switch|p2a: Zapdos|Zapdos|45\/100\n|turn|26\n|\n|t:|1667231406\n|move|p1a: Polygon|Ice Beam|p2a: Zapdos\n|-supereffective|p2a: Zapdos\n|-damage|p2a: Zapdos|0 fnt\n|faint|p2a: Zapdos\n|\n|upkeep\n|\n|t:|1667231408\n|switch|p2a: Dragapult|Dragapult, M|11\/100\n|turn|27\n|\n|t:|1667231410\n|move|p1a: Polygon|Ice Beam|p2a: Dragapult\n|-supereffective|p2a: Dragapult\n|-damage|p2a: Dragapult|0 fnt\n|faint|p2a: Dragapult\n|\n|win|beeyouyou\n|raw|beeyouyou's rating: 1596 &rarr; <strong>1622<\/strong><br \/>(+26 for winning)\n|raw|rooopos's rating: 1695 &rarr; <strong>1669<\/strong><br \/>(-26 for losing)\n|c|\u2606rooopos|gg\n","uploadtime":1667231418,"views":8,"p1id":"beeyouyou","p2id":"rooopos","formatid":"gen8ou","rating":1622,"private":0,"password":null}