{"id":"gen8randombattle-1115908652","p1":"Ban Lando t guy jk","p2":"JokesAndCo","format":"gen8randombattle","log":"|j|\u2606Ban Lando t guy jk\n|j|\u2606JokesAndCo\n|player|p1|Ban Lando t guy jk|164|1076\n|player|p2|JokesAndCo|red|1127\n|teamsize|p1|6\n|teamsize|p2|6\n|gametype|singles\n|gen|8\n|tier|[Gen 8] Random Battle\n|rated|\n|rule|Species Clause: Limit one of each Pok\u00e9mon\n|rule|HP Percentage Mod: HP is shown in percentages\n|rule|Sleep Clause Mod: Limit one foe put to sleep\n|\n|start\n|switch|p1a: Sandaconda|Sandaconda, L86, F|264\/264\n|switch|p2a: Raichu|Raichu-Alola, L84, M|238\/238\n|turn|1\n|\n|switch|p1a: Nidoqueen|Nidoqueen, L82, F|282\/282\n|move|p2a: Raichu|Grass Knot|p1a: Nidoqueen\n|-damage|p1a: Nidoqueen|220\/282\n|\n|upkeep\n|turn|2\n|inactive|Battle timer is ON: inactive players will automatically lose when time's up. (requested by JokesAndCo)\n|\n|switch|p1a: Liepard|Liepard, L86, M|250\/250\n|move|p2a: Raichu|Psyshock|p1a: Liepard\n|-immune|p1a: Liepard\n|\n|upkeep\n|turn|3\n|\n|switch|p2a: Bisharp|Bisharp, L80, F|235\/235\n|move|p1a: Liepard|Knock Off|p2a: Bisharp\n|-resisted|p2a: Bisharp\n|-damage|p2a: Bisharp|165\/235\n|-enditem|p2a: Bisharp|Life Orb|[from] move: Knock Off|[of] p1a: Liepard\n|\n|upkeep\n|turn|4\n|\n|switch|p1a: Sandaconda|Sandaconda, L86, F|264\/264\n|move|p2a: Bisharp|Iron Head|p1a: Sandaconda\n|-damage|p1a: Sandaconda|186\/264\n|\n|-heal|p1a: Sandaconda|202\/264|[from] item: Leftovers\n|upkeep\n|turn|5\n|\n|move|p2a: Bisharp|Sucker Punch||[still]\n|-fail|p2a: Bisharp\n|move|p1a: Sandaconda|Coil|p1a: Sandaconda\n|-boost|p1a: Sandaconda|atk|1\n|-boost|p1a: Sandaconda|def|1\n|-boost|p1a: Sandaconda|accuracy|1\n|\n|-heal|p1a: Sandaconda|218\/264|[from] item: Leftovers\n|upkeep\n|turn|6\n|\n|move|p1a: Sandaconda|Earthquake|p2a: Bisharp\n|-supereffective|p2a: Bisharp\n|-damage|p2a: Bisharp|0 fnt\n|faint|p2a: Bisharp\n|\n|-heal|p1a: Sandaconda|234\/264|[from] item: Leftovers\n|upkeep\n|\n|switch|p2a: Solgaleo|Solgaleo, L72|316\/316\n|turn|7\n|\n|move|p2a: Solgaleo|Sunsteel Strike|p1a: Sandaconda\n|-damage|p1a: Sandaconda|177\/264\n|move|p1a: Sandaconda|Earthquake|p2a: Solgaleo\n|-supereffective|p2a: Solgaleo\n|-damage|p2a: Solgaleo|0 fnt\n|faint|p2a: Solgaleo\n|\n|-heal|p1a: Sandaconda|193\/264|[from] item: Leftovers\n|upkeep\n|\n|switch|p2a: Rayquaza|Rayquaza, L72|270\/270\n|-ability|p2a: Rayquaza|Air Lock\n|turn|8\n|\n|-start|p1a: Sandaconda|Dynamax\n|-heal|p1a: Sandaconda|386\/528|[silent]\n|move|p2a: Rayquaza|V-create|p1a: Sandaconda\n|-damage|p1a: Sandaconda|296\/528\n|-unboost|p2a: Rayquaza|spe|1\n|-unboost|p2a: Rayquaza|def|1\n|-unboost|p2a: Rayquaza|spd|1\n|move|p1a: Sandaconda|Max Quake|p2a: Rayquaza\n|-immune|p2a: Rayquaza\n|\n|-heal|p1a: Sandaconda|312\/528|[from] item: Leftovers\n|upkeep\n|turn|9\n|\n|-start|p2a: Rayquaza|Dynamax\n|-heal|p2a: Rayquaza|540\/540|[silent]\n|move|p1a: Sandaconda|Max Rockfall|p2a: Rayquaza\n|-supereffective|p2a: Rayquaza\n|-crit|p2a: Rayquaza\n|-damage|p2a: Rayquaza|0 fnt\n|-weather|Sandstorm\n|faint|p2a: Rayquaza\n|\n|-weather|Sandstorm|[upkeep]\n|-heal|p1a: Sandaconda|328\/528|[from] item: Leftovers\n|upkeep\n|-message|JokesAndCo forfeited.\n|\n|win|Ban Lando t guy jk\n|l|\u2606JokesAndCo\n","inputlog":">version 8b898aac56c6824946d7275e6e1425b049ce9fe9\n>version-origin a71ab279c10b1e917524c647d68e8324f976876a\n>start {\"formatid\":\"gen8randombattle\",\"seed\":[22780,496,41288,5360],\"rated\":\"Rated battle\"}\n>player p1 {\"name\":\"Ban Lando t guy jk\",\"avatar\":\"164\",\"team\":\"\",\"rating\":1076,\"seed\":[64720,60821,14789,2364]}\n>player p2 {\"name\":\"JokesAndCo\",\"avatar\":\"red\",\"team\":\"\",\"rating\":1127,\"seed\":[49550,30535,35886,24977]}\n>p1 switch 5\n>p2 move grassknot\n>p1 switch 6\n>p2 move psyshock\n>p1 move knockoff\n>p2 switch 4\n>p1 switch 5\n>p2 move ironhead\n>p1 move coil\n>p2 move suckerpunch\n>p1 move earthquake\n>p2 move knockoff\n>p2 switch 5\n>p1 move earthquake\n>p2 move sunsteelstrike\n>p2 switch 3\n>p1 move earthquake dynamax\n>p2 move vcreate\n>p1 move stoneedge dynamax\n>p2 move outrage dynamax","uploadtime":1589667042,"views":1,"p1id":"banlandotguyjk","p2id":"jokesandco","formatid":"gen8randombattle","rating":0,"private":0,"password":null}