{"id":"gen8ou-1231400698","p1":"RegiStealYourGirl","p2":"hauntersnightmare","format":"gen8ou","log":"|j|\u2606RegiStealYourGirl\n|j|\u2606hauntersnightmare\n|t:|1606337717\n|player|p1|RegiStealYourGirl|blackbelt-gen4dp|1569\n|player|p2|hauntersnightmare|101|1607\n|teamsize|p1|6\n|teamsize|p2|6\n|gametype|singles\n|gen|8\n|tier|[Gen 8] OU\n|rated|\n|clearpoke\n|poke|p1|Spectrier|\n|poke|p1|Kartana|\n|poke|p1|Tyranitar, F|\n|poke|p1|Excadrill, F|\n|poke|p1|Toxapex, M|\n|poke|p1|Moltres|\n|poke|p2|Urshifu-*, F|\n|poke|p2|Slowking, M|\n|poke|p2|Magearna|\n|poke|p2|Toxapex, F|\n|poke|p2|Mandibuzz, F|\n|poke|p2|Landorus-Therian, M|\n|rule|Sleep Clause Mod: Limit one foe put to sleep\n|rule|Species Clause: Limit one of each Pok\u00e9mon\n|rule|OHKO Clause: OHKO moves are banned\n|rule|Evasion Moves Clause: Evasion moves are banned\n|rule|Endless Battle Clause: Forcing endless battles is banned\n|rule|HP Percentage Mod: HP is shown in percentages\n|rule|Dynamax Clause: You cannot dynamax\n|teampreview\n|inactive|Battle timer is ON: inactive players will automatically lose when time's up. (requested by hauntersnightmare)\n|inactive|RegiStealYourGirl has 120 seconds left.\n|\n|t:|1606337757\n|start\n|switch|p1a: Spectrier|Spectrier|100\/100\n|switch|p2a: Urshifu|Urshifu, F|100\/100\n|turn|1\n|\n|t:|1606337780\n|move|p1a: Spectrier|Substitute|p1a: Spectrier\n|-start|p1a: Spectrier|Substitute\n|-damage|p1a: Spectrier|76\/100\n|move|p2a: Urshifu|Wicked Blow|p1a: Spectrier\n|-supereffective|p1a: Spectrier\n|-crit|p1a: Spectrier\n|-end|p1a: Spectrier|Substitute\n|\n|-heal|p1a: Spectrier|82\/100|[from] item: Leftovers\n|upkeep\n|turn|2\n|\n|t:|1606337786\n|switch|p1a: Tyranitar|Tyranitar, F|100\/100\n|-weather|Sandstorm|[from] ability: Sand Stream|[of] p1a: Tyranitar\n|move|p2a: Urshifu|Wicked Blow|p1a: Tyranitar\n|-resisted|p1a: Tyranitar\n|-crit|p1a: Tyranitar\n|-damage|p1a: Tyranitar|65\/100\n|\n|-weather|Sandstorm|[upkeep]\n|-damage|p2a: Urshifu|94\/100|[from] Sandstorm\n|upkeep\n|turn|3\n|\n|t:|1606337804\n|switch|p2a: Landorus|Landorus-Therian, M|100\/100\n|-ability|p2a: Landorus|Intimidate|boost\n|-unboost|p1a: Tyranitar|atk|1\n|move|p1a: Tyranitar|Stealth Rock|p2a: Landorus\n|-sidestart|p2: hauntersnightmare|move: Stealth Rock\n|\n|-weather|Sandstorm|[upkeep]\n|upkeep\n|turn|4\n|\n|t:|1606337810\n|switch|p1a: Moltres|Moltres|100\/100\n|move|p2a: Landorus|Stealth Rock|p1a: Moltres\n|-sidestart|p1: RegiStealYourGirl|move: Stealth Rock\n|\n|-weather|Sandstorm|[upkeep]\n|-damage|p1a: Moltres|94\/100|[from] Sandstorm\n|upkeep\n|turn|5\n|\n|t:|1606337837\n|switch|p2a: Slowking|Slowking, M|100\/100\n|switch|p1a: Kartana|Kartana|100\/100\n|-damage|p1a: Kartana|94\/100|[from] Stealth Rock\n|\n|-weather|Sandstorm|[upkeep]\n|-damage|p2a: Slowking|94\/100|[from] Sandstorm\n|upkeep\n|turn|6\n|\n|t:|1606337851\n|switch|p2a: Toxapex|Toxapex, F|100\/100\n|-damage|p2a: Toxapex|88\/100|[from] Stealth Rock\n|move|p1a: Kartana|Knock Off|p2a: Toxapex\n|-damage|p2a: Toxapex|56\/100\n|-damage|p1a: Kartana|78\/100|[from] item: Rocky Helmet|[of] p2a: Toxapex\n|-enditem|p2a: Toxapex|Rocky Helmet|[from] move: Knock Off|[of] p1a: Kartana\n|-damage|p1a: Kartana|68\/100|[from] item: Life Orb\n|\n|-weather|none\n|upkeep\n|turn|7\n|\n|t:|1606337864\n|move|p1a: Kartana|Swords Dance|p1a: Kartana\n|-boost|p1a: Kartana|atk|2\n|move|p2a: Toxapex|Recover|p2a: Toxapex\n|-heal|p2a: Toxapex|100\/100\n|\n|upkeep\n|turn|8\n|\n|t:|1606337870\n|move|p1a: Kartana|Leaf Blade|p2a: Toxapex\n|-damage|p2a: Toxapex|9\/100\n|-damage|p1a: Kartana|58\/100|[from] item: Life Orb\n|move|p2a: Toxapex|Haze|p2a: Toxapex\n|-clearallboost\n|\n|upkeep\n|turn|9\n|\n|t:|1606337876\n|move|p1a: Kartana|Knock Off|p2a: Toxapex\n|-damage|p2a: Toxapex|0 fnt\n|-damage|p1a: Kartana|49\/100|[from] item: Life Orb\n|faint|p2a: Toxapex\n|-ability|p1a: Kartana|Beast Boost|boost\n|-boost|p1a: Kartana|atk|1\n|\n|upkeep\n|\n|t:|1606337880\n|switch|p2a: Landorus|Landorus-Therian, M|100\/100\n|-damage|p2a: Landorus|88\/100|[from] Stealth Rock\n|-ability|p2a: Landorus|Intimidate|boost\n|-unboost|p1a: Kartana|atk|1\n|turn|10\n|inactive|RegiStealYourGirl has 120 seconds left.\n|\n|t:|1606337911\n|move|p2a: Landorus|U-turn|p1a: Kartana\n|-damage|p1a: Kartana|22\/100\n|\n|t:|1606337940\n|switch|p2a: Magearna|Magearna|100\/100|[from]move: U-turn\n|-damage|p2a: Magearna|94\/100|[from] Stealth Rock\n|move|p1a: Kartana|Leaf Blade|p2a: Magearna\n|-resisted|p2a: Magearna\n|-damage|p2a: Magearna|55\/100\n|-damage|p1a: Kartana|12\/100|[from] item: Life Orb\n|\n|upkeep\n|turn|11\n|\n|t:|1606337947\n|move|p1a: Kartana|Knock Off|p2a: Magearna\n|-resisted|p2a: Magearna\n|-damage|p2a: Magearna|28\/100\n|-enditem|p2a: Magearna|Choice Specs|[from] move: Knock Off|[of] p1a: Kartana\n|-damage|p1a: Kartana|2\/100|[from] item: Life Orb\n|move|p2a: Magearna|Aura Sphere|p1a: Kartana\n|-supereffective|p1a: Kartana\n|-damage|p1a: Kartana|0 fnt\n|faint|p1a: Kartana\n|-ability|p2a: Magearna|Soul-Heart|boost\n|-boost|p2a: Magearna|spa|1\n|\n|upkeep\n|inactive|RegiStealYourGirl has 120 seconds left.\n|\n|t:|1606337976\n|switch|p1a: Excadrill|Excadrill, F|100\/100\n|-damage|p1a: Excadrill|97\/100|[from] Stealth Rock\n|turn|12\n|\n|t:|1606337988\n|switch|p2a: Mandibuzz|Mandibuzz, F|100\/100\n|move|p1a: Excadrill|Toxic|p2a: Mandibuzz\n|-status|p2a: Mandibuzz|tox\n|\n|-heal|p1a: Excadrill|100\/100|[from] item: Leftovers\n|-damage|p2a: Mandibuzz|94\/100 tox|[from] psn\n|upkeep\n|turn|13\n|inactive|RegiStealYourGirl has 120 seconds left.\n|\n|t:|1606337999\n|move|p1a: Excadrill|Iron Head|p2a: Mandibuzz\n|-damage|p2a: Mandibuzz|67\/100 tox\n|move|p2a: Mandibuzz|Foul Play|p1a: Excadrill\n|-damage|p1a: Excadrill|32\/100\n|\n|-heal|p1a: Excadrill|38\/100|[from] item: Leftovers\n|-damage|p2a: Mandibuzz|55\/100 tox|[from] psn\n|upkeep\n|turn|14\n|inactive|RegiStealYourGirl has 120 seconds left.\n|\n|t:|1606338005\n|move|p1a: Excadrill|Iron Head|p2a: Mandibuzz\n|-damage|p2a: Mandibuzz|28\/100 tox\n|move|p2a: Mandibuzz|Roost|p2a: Mandibuzz\n|-heal|p2a: Mandibuzz|78\/100 tox\n|-singleturn|p2a: Mandibuzz|move: Roost\n|\n|-heal|p1a: Excadrill|45\/100|[from] item: Leftovers\n|-damage|p2a: Mandibuzz|60\/100 tox|[from] psn\n|upkeep\n|turn|15\n|\n|t:|1606338010\n|move|p1a: Excadrill|Iron Head|p2a: Mandibuzz\n|-damage|p2a: Mandibuzz|34\/100 tox\n|move|p2a: Mandibuzz|Defog|p1a: Excadrill\n|-unboost|p1a: Excadrill|evasion|1\n|-sideend|p1: RegiStealYourGirl|Stealth Rock|[from] move: Defog|[of] p2a: Mandibuzz\n|-sideend|p2: hauntersnightmare|Stealth Rock|[from] move: Defog|[of] p2a: Mandibuzz\n|\n|-heal|p1a: Excadrill|51\/100|[from] item: Leftovers\n|-damage|p2a: Mandibuzz|9\/100 tox|[from] psn\n|upkeep\n|turn|16\n|\n|t:|1606338021\n|switch|p2a: Landorus|Landorus-Therian, M|88\/100\n|-ability|p2a: Landorus|Intimidate|boost\n|-unboost|p1a: Excadrill|atk|1\n|move|p1a: Excadrill|Toxic|p2a: Landorus\n|-status|p2a: Landorus|tox\n|\n|-heal|p1a: Excadrill|57\/100|[from] item: Leftovers\n|-damage|p2a: Landorus|82\/100 tox|[from] psn\n|upkeep\n|turn|17\n|inactive|RegiStealYourGirl has 120 seconds left.\n|\n|t:|1606338051\n|move|p2a: Landorus|Earthquake|p1a: Excadrill\n|-supereffective|p1a: Excadrill\n|-damage|p1a: Excadrill|0 fnt\n|faint|p1a: Excadrill\n|\n|-damage|p2a: Landorus|69\/100 tox|[from] psn\n|upkeep\n|\n|t:|1606338055\n|switch|p1a: Moltres|Moltres|94\/100\n|turn|18\n|inactive|RegiStealYourGirl has 120 seconds left.\n|\n|t:|1606338081\n|switch|p2a: Mandibuzz|Mandibuzz, F|9\/100 tox\n|switch|p1a: Tyranitar|Tyranitar, F|65\/100\n|-weather|Sandstorm|[from] ability: Sand Stream|[of] p1a: Tyranitar\n|\n|-weather|Sandstorm|[upkeep]\n|-damage|p2a: Mandibuzz|3\/100 tox|[from] psn\n|upkeep\n|turn|19\n|\n|t:|1606338085\n|move|p2a: Mandibuzz|U-turn|p1a: Tyranitar\n|-supereffective|p1a: Tyranitar\n|-damage|p1a: Tyranitar|45\/100\n|\n|t:|1606338094\n|switch|p2a: Urshifu|Urshifu, F|94\/100|[from]move: U-turn\n|move|p1a: Tyranitar|Stealth Rock|p2a: Urshifu\n|-sidestart|p2: hauntersnightmare|move: Stealth Rock\n|\n|-weather|Sandstorm|[upkeep]\n|-damage|p2a: Urshifu|88\/100|[from] Sandstorm\n|upkeep\n|turn|20\n|\n|t:|1606338100\n|switch|p1a: Spectrier|Spectrier|82\/100\n|move|p2a: Urshifu|U-turn|p1a: Spectrier\n|-resisted|p1a: Spectrier\n|-damage|p1a: Spectrier|54\/100\n|\n|t:|1606338112\n|switch|p2a: Landorus|Landorus-Therian, M|69\/100 tox|[from]move: U-turn\n|-damage|p2a: Landorus|57\/100 tox|[from] Stealth Rock\n|-ability|p2a: Landorus|Intimidate|boost\n|-unboost|p1a: Spectrier|atk|1\n|\n|-weather|Sandstorm|[upkeep]\n|-damage|p1a: Spectrier|48\/100|[from] Sandstorm\n|-heal|p1a: Spectrier|54\/100|[from] item: Leftovers\n|-damage|p2a: Landorus|51\/100 tox|[from] psn\n|upkeep\n|turn|21\n|\n|t:|1606338115\n|switch|p1a: Toxapex|Toxapex, M|100\/100\n|move|p2a: Landorus|Stone Edge|p1a: Toxapex\n|-damage|p1a: Toxapex|78\/100\n|\n|-weather|Sandstorm|[upkeep]\n|-damage|p1a: Toxapex|72\/100|[from] Sandstorm\n|-damage|p2a: Landorus|38\/100 tox|[from] psn\n|upkeep\n|turn|22\n|\n|t:|1606338126\n|switch|p2a: Magearna|Magearna|28\/100\n|-damage|p2a: Magearna|22\/100|[from] Stealth Rock\n|move|p1a: Toxapex|Knock Off|p2a: Magearna\n|-resisted|p2a: Magearna\n|-damage|p2a: Magearna|16\/100\n|\n|-weather|none\n|upkeep\n|turn|23\n|\n|t:|1606338142\n|move|p2a: Magearna|Volt Switch|p1a: Toxapex\n|-supereffective|p1a: Toxapex\n|-damage|p1a: Toxapex|31\/100\n|\n|t:|1606338149\n|switch|p2a: Slowking|Slowking, M|100\/100|[from]move: Volt Switch\n|move|p1a: Toxapex|Scald|p2a: Slowking\n|-resisted|p2a: Slowking\n|-damage|p2a: Slowking|96\/100\n|-status|p2a: Slowking|brn\n|\n|-damage|p2a: Slowking|90\/100 brn|[from] brn\n|upkeep\n|turn|24\n|\n|t:|1606338161\n|move|p1a: Toxapex|Knock Off|p2a: Slowking\n|-supereffective|p2a: Slowking\n|-damage|p2a: Slowking|57\/100 brn\n|-enditem|p2a: Slowking|Heavy-Duty Boots|[from] move: Knock Off|[of] p1a: Toxapex\n|move|p2a: Slowking|Future Sight|p1a: Toxapex\n|-start|p2a: Slowking|move: Future Sight\n|\n|-damage|p2a: Slowking|51\/100 brn|[from] brn\n|upkeep\n|turn|25\n|\n|t:|1606338172\n|move|p1a: Toxapex|Recover|p1a: Toxapex\n|-heal|p1a: Toxapex|81\/100\n|move|p2a: Slowking|Scald|p1a: Toxapex\n|-resisted|p1a: Toxapex\n|-damage|p1a: Toxapex|71\/100\n|\n|-damage|p2a: Slowking|45\/100 brn|[from] brn\n|upkeep\n|turn|26\n|\n|t:|1606338176\n|switch|p1a: Tyranitar|Tyranitar, F|45\/100\n|-weather|Sandstorm|[from] ability: Sand Stream|[of] p1a: Tyranitar\n|move|p2a: Slowking|Slack Off|p2a: Slowking\n|-heal|p2a: Slowking|95\/100 brn\n|\n|-weather|Sandstorm|[upkeep]\n|-damage|p2a: Slowking|89\/100 brn|[from] Sandstorm\n|-end|p1a: Tyranitar|move: Future Sight\n|-immune|p1a: Tyranitar\n|-damage|p2a: Slowking|82\/100 brn|[from] brn\n|upkeep\n|turn|27\n|\n|t:|1606338192\n|switch|p2a: Magearna|Magearna|16\/100\n|-damage|p2a: Magearna|10\/100|[from] Stealth Rock\n|move|p1a: Tyranitar|Thunder Wave|p2a: Magearna\n|-status|p2a: Magearna|par\n|\n|-weather|Sandstorm|[upkeep]\n|upkeep\n|turn|28\n|\n|t:|1606338201\n|move|p1a: Tyranitar|Rock Blast|p2a: Magearna\n|-resisted|p2a: Magearna\n|-damage|p2a: Magearna|4\/100 par\n|-resisted|p2a: Magearna\n|-damage|p2a: Magearna|0 fnt\n|-hitcount|p2a: Magearna|2\n|faint|p2a: Magearna\n|\n|-weather|Sandstorm|[upkeep]\n|upkeep\n|\n|t:|1606338211\n|switch|p2a: Mandibuzz|Mandibuzz, F|3\/100 tox\n|turn|29\n|\n|t:|1606338216\n|move|p2a: Mandibuzz|Defog|p1a: Tyranitar\n|-unboost|p1a: Tyranitar|evasion|1\n|-sideend|p2: hauntersnightmare|Stealth Rock|[from] move: Defog|[of] p2a: Mandibuzz\n|move|p1a: Tyranitar|Stealth Rock|p2a: Mandibuzz\n|-sidestart|p2: hauntersnightmare|move: Stealth Rock\n|\n|-weather|Sandstorm|[upkeep]\n|-damage|p2a: Mandibuzz|0 fnt|[from] psn\n|faint|p2a: Mandibuzz\n|upkeep\n|\n|t:|1606338223\n|switch|p2a: Urshifu|Urshifu, F|88\/100\n|-damage|p2a: Urshifu|82\/100|[from] Stealth Rock\n|turn|30\n|\n|t:|1606338233\n|move|p2a: Urshifu|U-turn|p1a: Tyranitar\n|-supereffective|p1a: Tyranitar\n|-damage|p1a: Tyranitar|0 fnt\n|faint|p1a: Tyranitar\n|\n|t:|1606338243\n|switch|p2a: Landorus|Landorus-Therian, M|38\/100 tox|[from]move: U-turn\n|-damage|p2a: Landorus|26\/100 tox|[from] Stealth Rock\n|\n|-weather|none\n|-damage|p2a: Landorus|20\/100 tox|[from] psn\n|upkeep\n|\n|t:|1606338259\n|switch|p1a: Moltres|Moltres|94\/100\n|turn|31\n|\n|t:|1606338266\n|switch|p1a: Toxapex|Toxapex, M|100\/100\n|move|p2a: Landorus|Earthquake|p1a: Toxapex\n|-supereffective|p1a: Toxapex\n|-damage|p1a: Toxapex|27\/100\n|\n|-damage|p2a: Landorus|7\/100 tox|[from] psn\n|upkeep\n|turn|32\n|\n|t:|1606338271\n|switch|p2a: Urshifu|Urshifu, F|82\/100\n|-damage|p2a: Urshifu|76\/100|[from] Stealth Rock\n|switch|p1a: Moltres|Moltres|94\/100\n|\n|upkeep\n|turn|33\n|\n|t:|1606338283\n|move|p2a: Urshifu|Wicked Blow|p1a: Moltres\n|-crit|p1a: Moltres\n|-damage|p1a: Moltres|22\/100\n|move|p1a: Moltres|Flamethrower|p2a: Urshifu\n|-damage|p2a: Urshifu|21\/100\n|-status|p2a: Urshifu|brn\n|\n|-damage|p2a: Urshifu|15\/100 brn|[from] brn\n|upkeep\n|turn|34\n|inactive|RegiStealYourGirl has 120 seconds left.\n|\n|t:|1606338323\n|move|p2a: Urshifu|Wicked Blow|p1a: Moltres\n|-crit|p1a: Moltres\n|-damage|p1a: Moltres|0 fnt\n|faint|p1a: Moltres\n|\n|-damage|p2a: Urshifu|9\/100 brn|[from] brn\n|upkeep\n|\n|t:|1606338325\n|switch|p1a: Spectrier|Spectrier|54\/100\n|turn|35\n|inactive|RegiStealYourGirl has 120 seconds left.\n|\n|t:|1606338335\n|switch|p2a: Landorus|Landorus-Therian, M|7\/100 tox\n|-damage|p2a: Landorus|0 fnt|[from] Stealth Rock\n|faint|p2a: Landorus\n|move|p1a: Spectrier|Hex|p2: Landorus|[notarget]\n|-fail|p1a: Spectrier\n|\n|-heal|p1a: Spectrier|61\/100|[from] item: Leftovers\n|upkeep\n|\n|t:|1606338337\n|switch|p2a: Urshifu|Urshifu, F|9\/100 brn\n|-damage|p2a: Urshifu|3\/100 brn|[from] Stealth Rock\n|turn|36\n|\n|t:|1606338339\n|move|p1a: Spectrier|Substitute|p1a: Spectrier\n|-start|p1a: Spectrier|Substitute\n|-damage|p1a: Spectrier|36\/100\n|move|p2a: Urshifu|Wicked Blow|p1a: Spectrier\n|-supereffective|p1a: Spectrier\n|-crit|p1a: Spectrier\n|-end|p1a: Spectrier|Substitute\n|\n|-heal|p1a: Spectrier|42\/100|[from] item: Leftovers\n|-damage|p2a: Urshifu|0 fnt|[from] brn\n|faint|p2a: Urshifu\n|upkeep\n|\n|t:|1606338342\n|switch|p2a: Slowking|Slowking, M|100\/100 brn\n|-damage|p2a: Slowking|88\/100 brn|[from] Stealth Rock\n|turn|37\n|\n|t:|1606338345\n|move|p1a: Spectrier|Hex|p2a: Slowking\n|-supereffective|p2a: Slowking\n|-damage|p2a: Slowking|0 fnt\n|faint|p2a: Slowking\n|\n|win|RegiStealYourGirl\n|l|\u2606hauntersnightmare\n||Ladder (probably) updated, but score could not be retrieved (Request timeout).\n","uploadtime":1606338355,"views":21,"p1id":"registealyourgirl","p2id":"hauntersnightmare","formatid":"gen8ou","rating":0,"private":0,"password":null}