{"id":"gen8nationaldex-1552489981","p1":"vajinbuuuu","p2":"damorush","format":"gen8nationaldex","log":"|j|\u2606vajinbuuuu\n|j|\u2606damorush\n|t:|1649857531\n|gametype|singles\n|player|p1|vajinbuuuu|169|1386\n|player|p2|damorush|169|1367\n|teamsize|p1|6\n|teamsize|p2|6\n|gen|8\n|tier|[Gen 8] National Dex\n|rated|\n|rule|HP Percentage Mod: HP is shown in percentages\n|rule|Endless Battle Clause: Forcing endless battles is banned\n|rule|OHKO Clause: OHKO moves are banned\n|rule|Evasion Moves Clause: Evasion moves are banned\n|rule|Species Clause: Limit one of each Pok\u00e9mon\n|rule|Dynamax Clause: You cannot dynamax\n|rule|Sleep Clause Mod: Limit one foe put to sleep\n|clearpoke\n|poke|p1|Pelipper, F|\n|poke|p1|Swampert, F|\n|poke|p1|Greninja, M|\n|poke|p1|Manaphy|\n|poke|p1|Zapdos|\n|poke|p1|Ferrothorn, F|\n|poke|p2|Landorus-Therian, M|\n|poke|p2|Garchomp, F|\n|poke|p2|Serperior, M|\n|poke|p2|Latias, F|\n|poke|p2|Weavile, M|\n|poke|p2|Aegislash, F|\n|teampreview\n|inactive|Battle timer is ON: inactive players will automatically lose when time's up. (requested by vajinbuuuu)\n|\n|t:|1649857558\n|start\n|switch|p1a: Greninja|Greninja, M|100\/100\n|switch|p2a: Landorus|Landorus-Therian, M|100\/100\n|-ability|p2a: Landorus|Intimidate|boost\n|-unboost|p1a: Greninja|atk|1\n|turn|1\n|\n|t:|1649857566\n|move|p1a: Greninja|Ice Beam|p2a: Landorus\n|-supereffective|p2a: Landorus\n|-enditem|p2a: Landorus|Focus Sash\n|-damage|p2a: Landorus|1\/100\n|move|p2a: Landorus|Rock Tomb|p1a: Greninja\n|-damage|p1a: Greninja|60\/100\n|-unboost|p1a: Greninja|spe|1\n|\n|upkeep\n|turn|2\n|\n|t:|1649857575\n|switch|p1a: Ferrothorn|Ferrothorn, F|100\/100\n|move|p2a: Landorus|Stealth Rock|p1a: Ferrothorn\n|-sidestart|p1: vajinbuuuu|move: Stealth Rock\n|\n|upkeep\n|turn|3\n|\n|t:|1649857583\n|move|p2a: Landorus|Earthquake|p1a: Ferrothorn\n|-damage|p1a: Ferrothorn|58\/100\n|move|p1a: Ferrothorn|Stealth Rock|p2a: Landorus\n|-sidestart|p2: damorush|move: Stealth Rock\n|\n|upkeep\n|turn|4\n|\n|t:|1649857590\n|move|p2a: Landorus|Defog|p1a: Ferrothorn\n|-unboost|p1a: Ferrothorn|evasion|1\n|-sideend|p1: vajinbuuuu|Stealth Rock|[from] move: Defog|[of] p2a: Landorus\n|-sideend|p2: damorush|Stealth Rock|[from] move: Defog|[of] p2a: Landorus\n|move|p1a: Ferrothorn|Body Press|p2a: Landorus\n|-resisted|p2a: Landorus\n|-damage|p2a: Landorus|0 fnt\n|faint|p2a: Landorus\n|\n|upkeep\n|\n|t:|1649857600\n|switch|p2a: Garchomp|Garchomp, F|100\/100\n|turn|5\n|\n|t:|1649857604\n|detailschange|p2a: Garchomp|Garchomp-Mega, F\n|-mega|p2a: Garchomp|Garchomp|Garchompite\n|move|p2a: Garchomp|Swords Dance|p2a: Garchomp\n|-boost|p2a: Garchomp|atk|2\n|move|p1a: Ferrothorn|Leech Seed|p2a: Garchomp\n|-start|p2a: Garchomp|move: Leech Seed\n|\n|-damage|p2a: Garchomp|88\/100|[from] Leech Seed|[of] p1a: Ferrothorn\n|-heal|p1a: Ferrothorn|71\/100|[silent]\n|upkeep\n|turn|6\n|\n|t:|1649857614\n|move|p2a: Garchomp|Fire Fang|p1a: Ferrothorn\n|-supereffective|p1a: Ferrothorn\n|-damage|p1a: Ferrothorn|0 fnt\n|-damage|p2a: Garchomp|76\/100|[from] ability: Iron Barbs|[of] p1a: Ferrothorn\n|faint|p1a: Ferrothorn\n|\n|upkeep\n|\n|t:|1649857617\n|switch|p1a: Greninja|Greninja, M|60\/100\n|turn|7\n|\n|t:|1649857623\n|switch|p2a: Weavile|Weavile, M|100\/100\n|-ability|p2a: Weavile|Pressure\n|move|p1a: Greninja|Ice Beam|p2a: Weavile\n|-resisted|p2a: Weavile\n|-damage|p2a: Weavile|74\/100\n|\n|upkeep\n|turn|8\n|\n|t:|1649857632\n|switch|p1a: Zapdos|Zapdos|100\/100\n|move|p2a: Weavile|Knock Off|p1a: Zapdos\n|-damage|p1a: Zapdos|35\/100\n|-status|p2a: Weavile|par|[from] ability: Static|[of] p1a: Zapdos\n|-enditem|p1a: Zapdos|Heavy-Duty Boots|[from] move: Knock Off|[of] p2a: Weavile\n|-damage|p2a: Weavile|64\/100 par|[from] item: Life Orb\n|\n|upkeep\n|turn|9\n|\n|t:|1649857649\n|move|p1a: Zapdos|Roost|p1a: Zapdos\n|-heal|p1a: Zapdos|85\/100\n|-singleturn|p1a: Zapdos|move: Roost\n|cant|p2a: Weavile|par\n|\n|upkeep\n|turn|10\n|\n|t:|1649857656\n|move|p1a: Zapdos|Hurricane|p2a: Weavile\n|-damage|p2a: Weavile|0 fnt\n|faint|p2a: Weavile\n|\n|upkeep\n|\n|t:|1649857661\n|switch|p2a: Garchomp|Garchomp-Mega, F|76\/100\n|turn|11\n|\n|t:|1649857665\n|move|p2a: Garchomp|Swords Dance|p2a: Garchomp\n|-boost|p2a: Garchomp|atk|2\n|move|p1a: Zapdos|Hurricane|p2a: Garchomp\n|-crit|p2a: Garchomp\n|-damage|p2a: Garchomp|0 fnt\n|faint|p2a: Garchomp\n|\n|upkeep\n|-message|damorush forfeited.\n|\n|win|vajinbuuuu\n|raw|vajinbuuuu's rating: 1386 &rarr; <strong>1405<\/strong><br \/>(+19 for winning)\n|raw|damorush's rating: 1367 &rarr; <strong>1348<\/strong><br \/>(-19 for losing)\n|l|\u2606damorush\n||Ladder isn't responding, score probably updated but might not have (Request timeout).\n","uploadtime":1649857678,"views":5,"p1id":"vajinbuuuu","p2id":"damorush","formatid":"gen8nationaldex","rating":1348,"private":0,"password":null}