{"id":"gen8pu-1294881121","p1":"Chloe","p2":"PedroGreg","format":"gen8pu","log":"|j|\u2606Chloe\n|j|\u2606PedroGreg\n|t:|1614924578\n|player|p1|Chloe|#chloe|1483\n|player|p2|PedroGreg|elesa|1470\n|teamsize|p1|6\n|teamsize|p2|6\n|gametype|singles\n|gen|8\n|tier|[Gen 8] PU\n|rated|\n|clearpoke\n|poke|p1|Lilligant, F|\n|poke|p1|Garbodor, F|\n|poke|p1|Gigalith, M|\n|poke|p1|Hitmontop, M|\n|poke|p1|Togedemaru, M|\n|poke|p1|Mesprit|\n|poke|p2|Hitmonlee, M|\n|poke|p2|Sandaconda, M|\n|poke|p2|Lanturn, M|\n|poke|p2|Talonflame, F|\n|poke|p2|Silvally-*|\n|poke|p2|Guzzlord|\n|rule|Sleep Clause Mod: Limit one foe put to sleep\n|rule|Species Clause: Limit one of each Pok\u00e9mon\n|rule|OHKO Clause: OHKO moves are banned\n|rule|Evasion Moves Clause: Evasion moves are banned\n|rule|Endless Battle Clause: Forcing endless battles is banned\n|rule|HP Percentage Mod: HP is shown in percentages\n|rule|Dynamax Clause: You cannot dynamax\n|teampreview\n|inactive|Battle timer is ON: inactive players will automatically lose when time's up. (requested by PedroGreg)\n|\n|t:|1614924598\n|start\n|switch|p1a: drunk walk home|Hitmontop, M|100\/100\n|switch|p2a: Sandaconda|Sandaconda, M|100\/100\n|turn|1\n|\n|t:|1614924602\n|switch|p1a: shooting star|Mesprit|100\/100\n|move|p2a: Sandaconda|Glare|p1a: shooting star\n|-status|p1a: shooting star|par\n|\n|upkeep\n|turn|2\n|\n|t:|1614924607\n|switch|p2a: Guzzlord|Guzzlord|100\/100\n|move|p1a: shooting star|Dazzling Gleam|p2a: Guzzlord\n|-supereffective|p2a: Guzzlord\n|-damage|p2a: Guzzlord|44\/100\n|\n|upkeep\n|turn|3\n|\n|t:|1614924615\n|switch|p2a: Talonflame|Talonflame, F|100\/100\n|cant|p1a: shooting star|par\n|\n|upkeep\n|turn|4\n|\n|t:|1614924620\n|switch|p1a: carry me out|Gigalith, M|100\/100\n|-weather|Sandstorm|[from] ability: Sand Stream|[of] p1a: carry me out\n|move|p2a: Talonflame|Will-O-Wisp|p1a: carry me out|[miss]\n|-miss|p2a: Talonflame|p1a: carry me out\n|\n|-weather|Sandstorm|[upkeep]\n|-damage|p2a: Talonflame|94\/100|[from] Sandstorm\n|upkeep\n|turn|5\n|\n|t:|1614924625\n|switch|p2a: Sandaconda|Sandaconda, M|100\/100\n|move|p1a: carry me out|Stealth Rock|p2a: Sandaconda\n|-sidestart|p2: PedroGreg|move: Stealth Rock\n|\n|-weather|Sandstorm|[upkeep]\n|upkeep\n|turn|6\n|\n|t:|1614924631\n|switch|p1a: shooting star|Mesprit|100\/100 par\n|move|p2a: Sandaconda|Stealth Rock|p1a: shooting star\n|-sidestart|p1: Chloe|move: Stealth Rock\n|\n|-weather|Sandstorm|[upkeep]\n|-damage|p1a: shooting star|95\/100 par|[from] Sandstorm\n|upkeep\n|turn|7\n|\n|t:|1614924637\n|switch|p2a: Guzzlord|Guzzlord|44\/100\n|-damage|p2a: Guzzlord|32\/100|[from] Stealth Rock\n|move|p1a: shooting star|Psychic|p2a: Guzzlord\n|-immune|p2a: Guzzlord\n|\n|-weather|Sandstorm|[upkeep]\n|-damage|p1a: shooting star|89\/100 par|[from] Sandstorm\n|-damage|p2a: Guzzlord|25\/100|[from] Sandstorm\n|upkeep\n|turn|8\n|\n|t:|1614924642\n|switch|p1a: drunk walk home|Hitmontop, M|100\/100\n|move|p2a: Guzzlord|Knock Off|p1a: drunk walk home\n|-resisted|p1a: drunk walk home\n|-damage|p1a: drunk walk home|77\/100\n|-enditem|p1a: drunk walk home|Heavy-Duty Boots|[from] move: Knock Off|[of] p2a: Guzzlord\n|\n|-weather|none\n|upkeep\n|turn|9\n|\n|t:|1614924648\n|switch|p2a: Silvally|Silvally-Ghost|100\/100\n|-damage|p2a: Silvally|88\/100|[from] Stealth Rock\n|move|p1a: drunk walk home|Rapid Spin|p2a: Silvally\n|-immune|p2a: Silvally\n|\n|upkeep\n|turn|10\n|\n|t:|1614924660\n|switch|p1a: carry me out|Gigalith, M|100\/100\n|-damage|p1a: carry me out|88\/100|[from] Stealth Rock\n|-weather|Sandstorm|[from] ability: Sand Stream|[of] p1a: carry me out\n|move|p2a: Silvally|Swords Dance|p2a: Silvally\n|-boost|p2a: Silvally|atk|2\n|\n|-weather|Sandstorm|[upkeep]\n|-damage|p2a: Silvally|82\/100|[from] Sandstorm\n|-heal|p1a: carry me out|94\/100|[from] item: Leftovers\n|upkeep\n|turn|11\n|\n|t:|1614924664\n|move|p2a: Silvally|Multi-Attack|p1a: carry me out\n|-damage|p1a: carry me out|22\/100\n|move|p1a: carry me out|Rock Blast|p2a: Silvally\n|-damage|p2a: Silvally|70\/100\n|-damage|p2a: Silvally|57\/100\n|-damage|p2a: Silvally|46\/100\n|-hitcount|p2a: Silvally|3\n|\n|-weather|Sandstorm|[upkeep]\n|-damage|p2a: Silvally|40\/100|[from] Sandstorm\n|-heal|p1a: carry me out|28\/100|[from] item: Leftovers\n|upkeep\n|turn|12\n|\n|t:|1614924668\n|move|p1a: carry me out|Protect|p1a: carry me out\n|-singleturn|p1a: carry me out|Protect\n|move|p2a: Silvally|Multi-Attack|p1a: carry me out\n|-activate|p1a: carry me out|move: Protect\n|\n|-weather|Sandstorm|[upkeep]\n|-damage|p2a: Silvally|34\/100|[from] Sandstorm\n|-heal|p1a: carry me out|34\/100|[from] item: Leftovers\n|upkeep\n|turn|13\n|\n|t:|1614924670\n|move|p2a: Silvally|Multi-Attack|p1a: carry me out\n|-damage|p1a: carry me out|0 fnt\n|faint|p1a: carry me out\n|\n|-weather|Sandstorm|[upkeep]\n|-damage|p2a: Silvally|28\/100|[from] Sandstorm\n|upkeep\n|\n|t:|1614924673\n|switch|p1a: townie|Togedemaru, M|100\/100\n|-damage|p1a: townie|95\/100|[from] Stealth Rock\n|turn|14\n|\n|t:|1614924677\n|switch|p2a: Lanturn|Lanturn, M|100\/100\n|-damage|p2a: Lanturn|88\/100|[from] Stealth Rock\n|move|p1a: townie|Iron Head|p2a: Lanturn\n|-resisted|p2a: Lanturn\n|-damage|p2a: Lanturn|79\/100\n|\n|-weather|none\n|-heal|p2a: Lanturn|85\/100|[from] item: Leftovers\n|upkeep\n|turn|15\n|\n|t:|1614924692\n|move|p1a: townie|Iron Head|p2a: Lanturn\n|-resisted|p2a: Lanturn\n|-damage|p2a: Lanturn|77\/100\n|move|p2a: Lanturn|Volt Switch|p1a: townie\n|-ability|p1a: townie|Lightning Rod|boost\n|-boost|p1a: townie|spa|1\n|\n|-heal|p2a: Lanturn|83\/100|[from] item: Leftovers\n|upkeep\n|turn|16\n|\n|t:|1614924697\n|switch|p1a: shooting star|Mesprit|89\/100 par\n|-damage|p1a: shooting star|76\/100 par|[from] Stealth Rock\n|move|p2a: Lanturn|Scald|p1a: shooting star\n|-damage|p1a: shooting star|54\/100 par\n|\n|-heal|p2a: Lanturn|89\/100|[from] item: Leftovers\n|upkeep\n|turn|17\n|\n|t:|1614924704\n|move|p2a: Lanturn|Scald|p1a: shooting star\n|-damage|p1a: shooting star|31\/100 par\n|cant|p1a: shooting star|par\n|\n|-heal|p2a: Lanturn|95\/100|[from] item: Leftovers\n|upkeep\n|turn|18\n|\n|t:|1614924710\n|switch|p2a: Guzzlord|Guzzlord|25\/100\n|-damage|p2a: Guzzlord|13\/100|[from] Stealth Rock\n|move|p1a: shooting star|Psychic|p2a: Guzzlord\n|-immune|p2a: Guzzlord\n|\n|upkeep\n|turn|19\n|\n|t:|1614924714\n|switch|p1a: jobless monday|Garbodor, F|100\/100\n|-damage|p1a: jobless monday|88\/100|[from] Stealth Rock\n|move|p2a: Guzzlord|Draco Meteor|p1a: jobless monday\n|-crit|p1a: jobless monday\n|-damage|p1a: jobless monday|0 fnt\n|-unboost|p2a: Guzzlord|spa|2\n|faint|p1a: jobless monday\n|-ability|p2a: Guzzlord|Beast Boost|boost\n|-boost|p2a: Guzzlord|spa|1\n|\n|upkeep\n|\n|t:|1614924724\n|switch|p1a: drunk walk home|Hitmontop, M|77\/100\n|-damage|p1a: drunk walk home|71\/100|[from] Stealth Rock\n|turn|20\n|\n|t:|1614924735\n|switch|p2a: Sandaconda|Sandaconda, M|100\/100\n|-damage|p2a: Sandaconda|94\/100|[from] Stealth Rock\n|move|p1a: drunk walk home|Rock Slide|p2a: Sandaconda\n|-resisted|p2a: Sandaconda\n|-damage|p2a: Sandaconda|87\/100\n|\n|upkeep\n|turn|21\n|\n|t:|1614924739\n|move|p1a: drunk walk home|Rapid Spin|p2a: Sandaconda\n|-damage|p2a: Sandaconda|72\/100\n|-boost|p1a: drunk walk home|spe|1\n|-damage|p1a: drunk walk home|54\/100|[from] item: Rocky Helmet|[of] p2a: Sandaconda\n|-sideend|p1: Chloe|Stealth Rock|[from] move: Rapid Spin|[of] p1a: drunk walk home\n|move|p2a: Sandaconda|Glare|p1a: drunk walk home\n|-status|p1a: drunk walk home|par\n|\n|upkeep\n|turn|22\n|\n|t:|1614924747\n|move|p2a: Sandaconda|Stealth Rock|p1a: drunk walk home\n|-sidestart|p1: Chloe|move: Stealth Rock\n|cant|p1a: drunk walk home|par\n|\n|upkeep\n|turn|23\n|\n|t:|1614924750\n|move|p2a: Sandaconda|Earthquake|p1a: drunk walk home\n|-damage|p1a: drunk walk home|2\/100 par\n|move|p1a: drunk walk home|Rapid Spin|p2a: Sandaconda\n|-damage|p2a: Sandaconda|59\/100\n|-boost|p1a: drunk walk home|spe|1\n|-damage|p1a: drunk walk home|0 fnt|[from] item: Rocky Helmet|[of] p2a: Sandaconda\n|faint|p1a: drunk walk home\n|\n|upkeep\n|\n|t:|1614924754\n|switch|p1a: late spring|Lilligant, F|100\/100\n|-damage|p1a: late spring|88\/100|[from] Stealth Rock\n|turn|24\n|\n|t:|1614924761\n|switch|p2a: Talonflame|Talonflame, F|94\/100\n|move|p1a: late spring|Giga Drain|p2a: Talonflame\n|-resisted|p2a: Talonflame\n|-damage|p2a: Talonflame|80\/100\n|-heal|p1a: late spring|97\/100|[from] drain|[of] p2a: Talonflame\n|-damage|p1a: late spring|87\/100|[from] item: Life Orb\n|\n|upkeep\n|turn|25\n|j| M\u035cen\u0361gy \u32db\n|\n|t:|1614924768\n|switch|p1a: shooting star|Mesprit|31\/100 par\n|-damage|p1a: shooting star|18\/100 par|[from] Stealth Rock\n|move|p2a: Talonflame|Will-O-Wisp||[still]\n|-fail|p2a: Talonflame\n|\n|upkeep\n|turn|26\n|\n|t:|1614924776\n|switch|p1a: townie|Togedemaru, M|95\/100\n|-damage|p1a: townie|89\/100|[from] Stealth Rock\n|move|p2a: Talonflame|Brave Bird|p1a: townie\n|-resisted|p1a: townie\n|-damage|p1a: townie|74\/100\n|-damage|p2a: Talonflame|77\/100|[from] Recoil\n|\n|upkeep\n|turn|27\n|\n|t:|1614924782\n|switch|p2a: Lanturn|Lanturn, M|95\/100\n|-damage|p2a: Lanturn|83\/100|[from] Stealth Rock\n|move|p1a: townie|Zing Zap|p2a: Lanturn\n|-heal|p2a: Lanturn|100\/100|[from] ability: Volt Absorb|[of] p1a: townie\n|\n|upkeep\n|turn|28\n|\n|t:|1614924787\n|move|p1a: townie|Zing Zap|p2a: Lanturn\n|-immune|p2a: Lanturn|[from] ability: Volt Absorb\n|move|p2a: Lanturn|Scald|p1a: townie\n|-damage|p1a: townie|35\/100\n|\n|upkeep\n|turn|29\n|\n|t:|1614924790\n|switch|p1a: shooting star|Mesprit|18\/100 par\n|-damage|p1a: shooting star|6\/100 par|[from] Stealth Rock\n|move|p2a: Lanturn|Scald|p1a: shooting star\n|-damage|p1a: shooting star|0 fnt\n|faint|p1a: shooting star\n|\n|upkeep\n|\n|t:|1614924792\n|switch|p1a: late spring|Lilligant, F|87\/100\n|-damage|p1a: late spring|75\/100|[from] Stealth Rock\n|turn|30\n|\n|t:|1614924797\n|switch|p2a: Talonflame|Talonflame, F|77\/100\n|move|p1a: late spring|Quiver Dance|p1a: late spring\n|-boost|p1a: late spring|spa|1\n|-boost|p1a: late spring|spd|1\n|-boost|p1a: late spring|spe|1\n|\n|upkeep\n|turn|31\n|\n|t:|1614924802\n|move|p1a: late spring|Sleep Powder|p2a: Talonflame\n|-status|p2a: Talonflame|slp|[from] move: Sleep Powder\n|cant|p2a: Talonflame|slp\n|\n|upkeep\n|turn|32\n|\n|t:|1614924804\n|move|p1a: late spring|Quiver Dance|p1a: late spring\n|-boost|p1a: late spring|spa|1\n|-boost|p1a: late spring|spd|1\n|-boost|p1a: late spring|spe|1\n|cant|p2a: Talonflame|slp\n|\n|upkeep\n|turn|33\n|\n|t:|1614924806\n|move|p1a: late spring|Nature Power|p2a: Talonflame\n|move|p1a: late spring|Tri Attack|p2a: Talonflame|[from]move: Nature Power\n|-damage|p2a: Talonflame|0 fnt\n|-damage|p1a: late spring|65\/100|[from] item: Life Orb\n|faint|p2a: Talonflame\n|\n|upkeep\n|\n|t:|1614924820\n|switch|p2a: Silvally|Silvally-Ghost|28\/100\n|-damage|p2a: Silvally|16\/100|[from] Stealth Rock\n|turn|34\n|\n|t:|1614924822\n|move|p1a: late spring|Giga Drain|p2a: Silvally\n|-damage|p2a: Silvally|0 fnt\n|-heal|p1a: late spring|74\/100|[from] drain|[of] p2a: Silvally\n|-damage|p1a: late spring|64\/100|[from] item: Life Orb\n|faint|p2a: Silvally\n|\n|upkeep\n|\n|t:|1614924825\n|switch|p2a: Guzzlord|Guzzlord|13\/100\n|-damage|p2a: Guzzlord|0 fnt|[from] Stealth Rock\n|faint|p2a: Guzzlord\n|c|\u2606PedroGreg|gg\n|-message|PedroGreg forfeited.\n|\n|win|Chloe\n|c|\u2606Chloe|gg\n|l|\u2606PedroGreg\n","uploadtime":1614924836,"views":159,"p1id":"chloe","p2id":"pedrogreg","formatid":"gen8pu","rating":0,"private":0,"password":null}