{"id":"gen8ou-1399953105","p1":"Not Sarcasm","p2":"TheFlamer","format":"gen8ou","log":"|j|\u2606Not Sarcasm\n|j|\u2606TheFlamer\n|t:|1629418146\n|gametype|singles\n|player|p1|Not Sarcasm|169|1667\n|player|p2|TheFlamer|101|1625\n|teamsize|p1|6\n|teamsize|p2|6\n|gen|8\n|tier|[Gen 8] OU\n|rated|\n|rule|Sleep Clause Mod: Limit one foe put to sleep\n|rule|Species Clause: Limit one of each Pok\u00e9mon\n|rule|OHKO Clause: OHKO moves are banned\n|rule|Evasion Moves Clause: Evasion moves are banned\n|rule|Endless Battle Clause: Forcing endless battles is banned\n|rule|HP Percentage Mod: HP is shown in percentages\n|rule|Dynamax Clause: You cannot dynamax\n|clearpoke\n|poke|p1|Weavile, M|\n|poke|p1|Primarina, M|\n|poke|p1|Melmetal|\n|poke|p1|Landorus-Therian, M|\n|poke|p1|Heatran, M|\n|poke|p1|Dragapult, M|\n|poke|p2|Melmetal|\n|poke|p2|Garchomp, M|\n|poke|p2|Hawlucha, F|\n|poke|p2|Rillaboom, M|\n|poke|p2|Zeraora|\n|poke|p2|Slowbro, M|\n|teampreview\n|inactive|Battle timer is ON: inactive players will automatically lose when time's up. (requested by Not Sarcasm)\n|j| hanserzsh2001\n|inactive|TheFlamer has 120 seconds left.\n|\n|t:|1629418192\n|start\n|switch|p1a: Dragapult|Dragapult, M|100\/100\n|switch|p2a: Zeraora|Zeraora|100\/100\n|turn|1\n|inactive|Not Sarcasm has 120 seconds left.\n|\n|t:|1629418224\n|switch|p1a: Calamity|Primarina, M|100\/100\n|move|p2a: Zeraora|Knock Off|p1a: Calamity\n|-resisted|p1a: Calamity\n|-damage|p1a: Calamity|77\/100\n|-enditem|p1a: Calamity|Choice Specs|[from] move: Knock Off|[of] p2a: Zeraora\n|\n|upkeep\n|turn|2\n|\n|t:|1629418235\n|switch|p1a: Enten|Landorus-Therian, M, shiny|100\/100\n|-ability|p1a: Enten|Intimidate|boost\n|-unboost|p2a: Zeraora|atk|1\n|move|p2a: Zeraora|Knock Off|p1a: Enten\n|-damage|p1a: Enten|79\/100\n|-enditem|p1a: Enten|Choice Scarf|[from] move: Knock Off|[of] p2a: Zeraora\n|\n|upkeep\n|turn|3\n|j| Licor43\n|\n|t:|1629418247\n|switch|p2a: Slowbro|Slowbro, M|100\/100\n|move|p1a: Enten|Knock Off|p2a: Slowbro\n|-supereffective|p2a: Slowbro\n|-damage|p2a: Slowbro|60\/100\n|-enditem|p2a: Slowbro|Heavy-Duty Boots|[from] move: Knock Off|[of] p1a: Enten\n|\n|upkeep\n|turn|4\n|l| Licor43\n|\n|t:|1629418254\n|move|p1a: Enten|Stealth Rock|p2a: Slowbro\n|-sidestart|p2: TheFlamer|move: Stealth Rock\n|move|p2a: Slowbro|Teleport|p2a: Slowbro\n|\n|t:|1629418261\n|switch|p2a: Rillaboom|Rillaboom, M|100\/100|[from]move: Teleport\n|-damage|p2a: Rillaboom|88\/100|[from] Stealth Rock\n|-fieldstart|move: Grassy Terrain|[from] ability: Grassy Surge|[of] p2a: Rillaboom\n|\n|-heal|p2a: Rillaboom|94\/100|[from] Grassy Terrain\n|upkeep\n|turn|5\n|\n|t:|1629418268\n|switch|p1a: Melmetal|Melmetal|100\/100\n|move|p2a: Rillaboom|U-turn|p1a: Melmetal\n|-resisted|p1a: Melmetal\n|-damage|p1a: Melmetal|91\/100\n|\n|t:|1629418280\n|switch|p2a: Garchomp|Garchomp, M|100\/100|[from]move: U-turn\n|-damage|p2a: Garchomp|94\/100|[from] Stealth Rock\n|\n|-heal|p2a: Garchomp|100\/100|[from] Grassy Terrain\n|-heal|p1a: Melmetal|97\/100|[from] Grassy Terrain\n|upkeep\n|turn|6\n|\n|t:|1629418287\n|move|p2a: Garchomp|Fire Blast|p1a: Melmetal\n|-supereffective|p1a: Melmetal\n|-damage|p1a: Melmetal|22\/100\n|-damage|p2a: Garchomp|91\/100|[from] item: Life Orb\n|move|p1a: Melmetal|Double Iron Bash|p2a: Garchomp\n|-damage|p2a: Garchomp|29\/100\n|-damage|p1a: Melmetal|10\/100|[from] ability: Rough Skin|[of] p2a: Garchomp\n|-damage|p2a: Garchomp|0 fnt\n|-damage|p1a: Melmetal|0 fnt|[from] ability: Rough Skin|[of] p2a: Garchomp\n|faint|p2a: Garchomp\n|faint|p1a: Melmetal\n|-hitcount|p2: Garchomp|2\n|\n|upkeep\n|j| beyonne\n|\n|t:|1629418316\n|switch|p2a: Melmetal|Melmetal|100\/100\n|switch|p1a: Dragapult|Dragapult, M|100\/100\n|-damage|p2a: Melmetal|94\/100|[from] Stealth Rock\n|turn|7\n|j| RWaver\n|\n|t:|1629418325\n|move|p1a: Dragapult|U-turn|p2a: Melmetal\n|-resisted|p2a: Melmetal\n|-damage|p2a: Melmetal|89\/100\n|\n|t:|1629418327\n|switch|p1a: Chaos|Heatran, M, shiny|100\/100|[from]move: U-turn\n|-item|p1a: Chaos|Air Balloon\n|move|p2a: Melmetal|Double Iron Bash|p1a: Chaos\n|-resisted|p1a: Chaos\n|-damage|p1a: Chaos|91\/100\n|-enditem|p1a: Chaos|Air Balloon\n|-resisted|p1a: Chaos\n|-damage|p1a: Chaos|82\/100\n|-hitcount|p1a: Chaos|2\n|\n|-heal|p1a: Chaos|88\/100|[from] Grassy Terrain\n|-heal|p2a: Melmetal|95\/100|[from] Grassy Terrain\n|-heal|p2a: Melmetal|100\/100|[from] item: Leftovers\n|upkeep\n|turn|8\n|\n|t:|1629418341\n|switch|p1a: Dragapult|Dragapult, M|100\/100\n|switch|p2a: Slowbro|Slowbro, M|93\/100\n|-damage|p2a: Slowbro|81\/100|[from] Stealth Rock\n|\n|-heal|p2a: Slowbro|87\/100|[from] Grassy Terrain\n|-fieldend|move: Grassy Terrain\n|upkeep\n|turn|9\n|\n|t:|1629418348\n|move|p1a: Dragapult|Shadow Ball|p2a: Slowbro\n|-supereffective|p2a: Slowbro\n|-damage|p2a: Slowbro|0 fnt\n|faint|p2a: Slowbro\n|\n|upkeep\n|\n|t:|1629418353\n|switch|p2a: Zeraora|Zeraora|100\/100\n|turn|10\n|\n|t:|1629418364\n|switch|p1a: Enten|Landorus-Therian, M, shiny|79\/100\n|-ability|p1a: Enten|Intimidate|boost\n|-unboost|p2a: Zeraora|atk|1\n|move|p2a: Zeraora|Knock Off|p1a: Enten\n|-damage|p1a: Enten|61\/100\n|\n|upkeep\n|turn|11\n|\n|t:|1629418378\n|switch|p2a: Rillaboom|Rillaboom, M|94\/100\n|-damage|p2a: Rillaboom|82\/100|[from] Stealth Rock\n|-fieldstart|move: Grassy Terrain|[from] ability: Grassy Surge|[of] p2a: Rillaboom\n|move|p1a: Enten|U-turn|p2a: Rillaboom\n|-supereffective|p2a: Rillaboom\n|-damage|p2a: Rillaboom|20\/100\n|\n|t:|1629418390\n|switch|p1a: Weavile|Weavile, M|100\/100|[from]move: U-turn\n|-ability|p1a: Weavile|Pressure\n|\n|-heal|p2a: Rillaboom|27\/100|[from] Grassy Terrain\n|upkeep\n|turn|12\n|\n|t:|1629418410\n|move|p1a: Weavile|Ice Shard|p2a: Rillaboom\n|-supereffective|p2a: Rillaboom\n|-damage|p2a: Rillaboom|0 fnt\n|faint|p2a: Rillaboom\n|-damage|p1a: Weavile|91\/100|[from] item: Life Orb\n|\n|-heal|p1a: Weavile|97\/100|[from] Grassy Terrain\n|upkeep\n|\n|t:|1629418428\n|switch|p2a: Zeraora|Zeraora|100\/100\n|turn|13\n|\n|t:|1629418441\n|switch|p1a: Enten|Landorus-Therian, M, shiny|61\/100\n|-ability|p1a: Enten|Intimidate|boost\n|-unboost|p2a: Zeraora|atk|1\n|move|p2a: Zeraora|Knock Off|p1a: Enten\n|-damage|p1a: Enten|44\/100\n|\n|upkeep\n|turn|14\n|\n|t:|1629418447\n|switch|p2a: Melmetal|Melmetal|100\/100\n|-damage|p2a: Melmetal|94\/100|[from] Stealth Rock\n|move|p1a: Enten|Knock Off|p2a: Melmetal\n|-damage|p2a: Melmetal|74\/100\n|-enditem|p2a: Melmetal|Leftovers|[from] move: Knock Off|[of] p1a: Enten\n|\n|-heal|p2a: Melmetal|80\/100|[from] Grassy Terrain\n|upkeep\n|turn|15\n|\n|t:|1629418461\n|switch|p2a: Hawlucha|Hawlucha, F|100\/100\n|-damage|p2a: Hawlucha|88\/100|[from] Stealth Rock\n|-enditem|p2a: Hawlucha|Grassy Seed\n|-boost|p2a: Hawlucha|def|1|[from] item: Grassy Seed\n|move|p1a: Enten|U-turn|p2a: Hawlucha\n|-resisted|p2a: Hawlucha\n|-damage|p2a: Hawlucha|82\/100\n|\n|t:|1629418469\n|switch|p1a: Chaos|Heatran, M, shiny|88\/100|[from]move: U-turn\n|\n|-heal|p1a: Chaos|94\/100|[from] Grassy Terrain\n|-fieldend|move: Grassy Terrain\n|upkeep\n|turn|16\n|\n|t:|1629418482\n|move|p2a: Hawlucha|Close Combat|p1a: Chaos\n|-supereffective|p1a: Chaos\n|-damage|p1a: Chaos|0 fnt\n|-unboost|p2a: Hawlucha|def|1\n|-unboost|p2a: Hawlucha|spd|1\n|faint|p1a: Chaos\n|\n|upkeep\n|\n|t:|1629418490\n|switch|p1a: Weavile|Weavile, M|97\/100\n|-ability|p1a: Weavile|Pressure\n|turn|17\n|\n|t:|1629418499\n|move|p1a: Weavile|Ice Shard|p2a: Hawlucha\n|-supereffective|p2a: Hawlucha\n|-damage|p2a: Hawlucha|2\/100\n|-damage|p1a: Weavile|87\/100|[from] item: Life Orb\n|move|p2a: Hawlucha|Close Combat|p1a: Weavile\n|-supereffective|p1a: Weavile\n|-damage|p1a: Weavile|0 fnt\n|-unboost|p2a: Hawlucha|def|1\n|-unboost|p2a: Hawlucha|spd|1\n|faint|p1a: Weavile\n|\n|upkeep\n|\n|t:|1629418510\n|switch|p1a: Dragapult|Dragapult, M|100\/100\n|turn|18\n|\n|t:|1629418515\n|move|p2a: Hawlucha|Acrobatics|p1a: Dragapult\n|-damage|p1a: Dragapult|32\/100\n|move|p1a: Dragapult|U-turn|p2a: Hawlucha\n|-resisted|p2a: Hawlucha\n|-damage|p2a: Hawlucha|0 fnt\n|faint|p2a: Hawlucha\n|\n|t:|1629418521\n|switch|p1a: Enten|Landorus-Therian, M, shiny|44\/100|[from]move: U-turn\n|\n|upkeep\n|\n|t:|1629418528\n|switch|p2a: Melmetal|Melmetal|80\/100\n|-damage|p2a: Melmetal|74\/100|[from] Stealth Rock\n|turn|19\n|\n|t:|1629418532\n|move|p1a: Enten|U-turn|p2a: Melmetal\n|-resisted|p2a: Melmetal\n|-damage|p2a: Melmetal|66\/100\n|\n|t:|1629418535\n|switch|p1a: Dragapult|Dragapult, M|32\/100|[from]move: U-turn\n|move|p2a: Melmetal|Double Iron Bash|p1a: Dragapult\n|-damage|p1a: Dragapult|0 fnt\n|faint|p1a: Dragapult\n|-hitcount|p1: Dragapult|1\n|\n|upkeep\n|\n|t:|1629418541\n|switch|p1a: Calamity|Primarina, M|77\/100\n|turn|20\n|j| Pattheswayzee\n|\n|t:|1629418555\n|switch|p2a: Zeraora|Zeraora|100\/100\n|move|p1a: Calamity|Surf|p2a: Zeraora\n|-damage|p2a: Zeraora|38\/100\n|\n|upkeep\n|turn|21\n|\n|t:|1629418561\n|switch|p1a: Enten|Landorus-Therian, M, shiny|44\/100\n|-ability|p1a: Enten|Intimidate|boost\n|-unboost|p2a: Zeraora|atk|1\n|move|p2a: Zeraora|Plasma Fists|p1a: Enten\n|-immune|p1a: Enten\n|\n|upkeep\n|turn|22\n|\n|t:|1629418568\n|move|p2a: Zeraora|Knock Off|p1a: Enten\n|-damage|p1a: Enten|27\/100\n|move|p1a: Enten|Earthquake|p2a: Zeraora\n|-supereffective|p2a: Zeraora\n|-crit|p2a: Zeraora\n|-damage|p2a: Zeraora|0 fnt\n|faint|p2a: Zeraora\n|\n|upkeep\n|\n|t:|1629418572\n|switch|p2a: Melmetal|Melmetal|66\/100\n|-damage|p2a: Melmetal|60\/100|[from] Stealth Rock\n|turn|23\n|\n|t:|1629418577\n|move|p1a: Enten|Earthquake|p2a: Melmetal\n|-supereffective|p2a: Melmetal\n|-damage|p2a: Melmetal|0 fnt\n|faint|p2a: Melmetal\n|\n|win|Not Sarcasm\n|raw|Not Sarcasm's rating: 1628 &rarr; <strong>1648<\/strong><br \/>(+20 for winning)\n|raw|TheFlamer's rating: 1625 &rarr; <strong>1605<\/strong><br \/>(-20 for losing)\n|l|\u2606TheFlamer\n|l|\u2606Not Sarcasm\n||Ladder isn't responding, score probably updated but might not have (Request timeout).\n","uploadtime":1629418698,"views":13,"p1id":"notsarcasm","p2id":"theflamer","formatid":"gen8ou","rating":1605,"private":0,"password":null}