{"id":"gen8brokenrecord-1608904381","p1":"JooshP","p2":"Wind Warrior","format":"gen8brokenrecord","log":"|j|\u2606JooshP\n|j|\u2606Wind Warrior\n|inactive|Battle timer is ON: inactive players will automatically lose when time's up.\n|t:|1656786771\n|gametype|singles\n|player|p1|JooshP|red|\n|player|p2|Wind Warrior|shauntal|\n|teamsize|p1|6\n|teamsize|p2|6\n|gen|8\n|tier|[Gen 8] Broken Record\n|rated|Tournament battle\n|rule|Species Clause: Limit one of each Pok\u00e9mon\n|rule|OHKO Clause: OHKO moves are banned\n|rule|Evasion Moves Clause: Evasion moves are banned\n|rule|Endless Battle Clause: Forcing endless battles is banned\n|rule|HP Percentage Mod: HP is shown in percentages\n|rule|Sleep Clause: Sleep-inducing moves are banned\n|rule|Dynamax Clause: You cannot dynamax\n|clearpoke\n|poke|p1|Mew|\n|poke|p1|Mamoswine, F|\n|poke|p1|Clefable, F|\n|poke|p1|Skarmory, F|\n|poke|p1|Zapdos|\n|poke|p1|Blissey, F|\n|poke|p2|Aerodactyl, F|\n|poke|p2|Shuckle, M|\n|poke|p2|Flareon, M|\n|poke|p2|Tyranitar, M|\n|poke|p2|Zapdos|\n|poke|p2|Politoed, M|\n|teampreview\n|j|*Lady Monita \u2600\n|j| BB-8-NU\n|j| J.P.G1337\n|j| Figgy37\n|j| ThechicKING\n|j| yabel032\n|inactive|Wind Warrior has 120 seconds left.\n|\n|t:|1656786806\n|start\n|switch|p1a: Zapdos|Zapdos|100\/100\n|switch|p2a: Shuckle|Shuckle, M|100\/100\n|turn|1\n|\n|t:|1656786820\n|move|p1a: Zapdos|Thunderbolt|p2a: Shuckle\n|-damage|p2a: Shuckle|69\/100\n|-status|p2a: Shuckle|par\n|move|p2a: Shuckle|Shell Smash|p2a: Shuckle\n|-boost|p2a: Shuckle|def|1\n|-boost|p2a: Shuckle|spd|1\n|-unboost|p2a: Shuckle|atk|2\n|-unboost|p2a: Shuckle|spa|2\n|-unboost|p2a: Shuckle|spe|2\n|\n|upkeep\n|turn|2\n|j|@Tranquilityy\n|\n|t:|1656786836\n|switch|p1a: Clefable|Clefable, F|100\/100\n|move|p2a: Shuckle|Shell Smash|p2a: Shuckle\n|-boost|p2a: Shuckle|def|1\n|-boost|p2a: Shuckle|spd|1\n|-unboost|p2a: Shuckle|atk|2\n|-unboost|p2a: Shuckle|spa|2\n|-unboost|p2a: Shuckle|spe|2\n|\n|upkeep\n|turn|3\n|j| Practically Numb\n|\n|t:|1656786844\n|move|p1a: Clefable|Calm Mind|p1a: Clefable\n|-boost|p1a: Clefable|spa|1\n|-boost|p1a: Clefable|spd|1\n|move|p2a: Shuckle|Sticky Web|p1a: Clefable\n|-sidestart|p1: JooshP|move: Sticky Web\n|\n|upkeep\n|turn|4\n|\n|t:|1656786849\n|move|p1a: Clefable|Stealth Rock|p2a: Shuckle\n|-sidestart|p2: Wind Warrior|move: Stealth Rock\n|move|p2a: Shuckle|Body Press|p1a: Clefable\n|-resisted|p1a: Clefable\n|-damage|p1a: Clefable|80\/100\n|\n|upkeep\n|turn|5\n|\n|t:|1656786858\n|move|p1a: Clefable|Calm Mind|p1a: Clefable\n|-boost|p1a: Clefable|spa|1\n|-boost|p1a: Clefable|spd|1\n|move|p2a: Shuckle|Stealth Rock|p1a: Clefable\n|-sidestart|p1: JooshP|move: Stealth Rock\n|\n|upkeep\n|turn|6\n|\n|t:|1656786863\n|move|p1a: Clefable|Moonblast|p2a: Shuckle\n|-damage|p2a: Shuckle|30\/100 par\n|move|p2a: Shuckle|Shell Smash|p2a: Shuckle\n|-boost|p2a: Shuckle|def|1\n|-boost|p2a: Shuckle|spd|1\n|-unboost|p2a: Shuckle|atk|2\n|-unboost|p2a: Shuckle|spa|2\n|-unboost|p2a: Shuckle|spe|2\n|\n|upkeep\n|turn|7\n|\n|t:|1656786872\n|move|p1a: Clefable|Soft-Boiled|p1a: Clefable\n|-heal|p1a: Clefable|100\/100\n|cant|p2a: Shuckle|par\n|\n|upkeep\n|turn|8\n|\n|t:|1656786876\n|move|p1a: Clefable|Moonblast|p2a: Shuckle\n|-damage|p2a: Shuckle|0 fnt\n|faint|p2a: Shuckle\n|\n|upkeep\n|\n|t:|1656786897\n|switch|p2a: Flareon|Flareon, M|100\/100\n|-damage|p2a: Flareon|76\/100|[from] Stealth Rock\n|turn|9\n|\n|t:|1656786903\n|move|p2a: Flareon|Flame Charge|p1a: Clefable\n|-damage|p1a: Clefable|76\/100\n|-boost|p2a: Flareon|spe|1\n|move|p1a: Clefable|Moonblast|p2a: Flareon\n|-resisted|p2a: Flareon\n|-damage|p2a: Flareon|37\/100\n|\n|upkeep\n|turn|10\n|\n|t:|1656786913\n|move|p2a: Flareon|Flare Blitz|p1a: Clefable\n|-damage|p1a: Clefable|19\/100\n|-damage|p2a: Flareon|10\/100|[from] Recoil\n|move|p1a: Clefable|Thunder Wave|p2a: Flareon\n|-status|p2a: Flareon|par\n|\n|upkeep\n|turn|11\n|\n|t:|1656786926\n|move|p2a: Flareon|Flare Blitz|p1a: Clefable\n|-damage|p1a: Clefable|0 fnt\n|faint|p1a: Clefable\n|-damage|p2a: Flareon|1\/100 par|[from] Recoil\n|\n|upkeep\n|\n|t:|1656786935\n|switch|p1a: Zapdos|Zapdos|100\/100\n|-damage|p1a: Zapdos|76\/100|[from] Stealth Rock\n|turn|12\n|\n|t:|1656786942\n|move|p1a: Zapdos|Thunderbolt|p2a: Flareon\n|-damage|p2a: Flareon|0 fnt\n|faint|p2a: Flareon\n|\n|upkeep\n|\n|t:|1656786949\n|switch|p2a: Tyranitar|Tyranitar, M|100\/100\n|-damage|p2a: Tyranitar|88\/100|[from] Stealth Rock\n|-weather|Sandstorm|[from] ability: Sand Stream|[of] p2a: Tyranitar\n|turn|13\n|\n|t:|1656786955\n|move|p1a: Zapdos|Earth Power|p2a: Tyranitar\n|-supereffective|p2a: Tyranitar\n|-damage|p2a: Tyranitar|53\/100\n|move|p2a: Tyranitar|Swords Dance|p2a: Tyranitar\n|-boost|p2a: Tyranitar|atk|2\n|\n|-weather|Sandstorm|[upkeep]\n|-damage|p1a: Zapdos|69\/100|[from] Sandstorm\n|upkeep\n|turn|14\n|j| RicardoA033007\n|\n|t:|1656786966\n|move|p1a: Zapdos|Earth Power|p2a: Tyranitar\n|-supereffective|p2a: Tyranitar\n|-damage|p2a: Tyranitar|21\/100\n|move|p2a: Tyranitar|Rock Slide|p1a: Zapdos\n|-supereffective|p1a: Zapdos\n|-damage|p1a: Zapdos|0 fnt\n|faint|p1a: Zapdos\n|\n|-weather|Sandstorm|[upkeep]\n|upkeep\n|j| El Hueco Mundo\n|l| RicardoA033007\n|\n|t:|1656786980\n|switch|p1a: Skarmory|Skarmory, F|100\/100\n|-damage|p1a: Skarmory|88\/100|[from] Stealth Rock\n|turn|15\n|l| El Hueco Mundo\n|\n|t:|1656786996\n|move|p1a: Skarmory|Body Press|p2a: Tyranitar\n|-supereffective|p2a: Tyranitar\n|-damage|p2a: Tyranitar|0 fnt\n|faint|p2a: Tyranitar\n|\n|-weather|Sandstorm|[upkeep]\n|upkeep\n|\n|t:|1656787005\n|switch|p2a: Politoed|Politoed, M|100\/100\n|-damage|p2a: Politoed|88\/100|[from] Stealth Rock\n|-weather|RainDance|[from] ability: Drizzle|[of] p2a: Politoed\n|turn|16\n|\n|t:|1656787013\n|move|p2a: Politoed|Scald|p1a: Skarmory\n|-damage|p1a: Skarmory|33\/100\n|-status|p1a: Skarmory|brn\n|move|p1a: Skarmory|Defog|p2a: Politoed\n|-unboost|p2a: Politoed|evasion|1\n|-sideend|p2: Wind Warrior|Stealth Rock|[from] move: Defog|[of] p1a: Skarmory\n|-sideend|p1: JooshP|Stealth Rock|[from] move: Defog|[of] p1a: Skarmory\n|-sideend|p1: JooshP|Sticky Web|[from] move: Defog|[of] p1a: Skarmory\n|\n|-weather|RainDance|[upkeep]\n|-damage|p1a: Skarmory|27\/100 brn|[from] brn\n|upkeep\n|turn|17\n|\n|t:|1656787025\n|move|p1a: Skarmory|Body Press|p2a: Politoed\n|-damage|p2a: Politoed|77\/100\n|move|p2a: Politoed|Scald|p1a: Skarmory\n|-damage|p1a: Skarmory|0 fnt\n|faint|p1a: Skarmory\n|\n|-weather|RainDance|[upkeep]\n|upkeep\n|\n|t:|1656787033\n|switch|p1a: Mew|Mew|100\/100\n|turn|18\n|j|^Failbor21\n|\n|t:|1656787038\n|move|p1a: Mew|Energy Ball|p2a: Politoed\n|-supereffective|p2a: Politoed\n|-damage|p2a: Politoed|27\/100\n|move|p2a: Politoed|Toxic|p1a: Mew\n|-status|p1a: Mew|tox\n|-activate|p1a: Mew|ability: Synchronize\n|-status|p2a: Politoed|tox\n|\n|-weather|RainDance|[upkeep]\n|-damage|p1a: Mew|94\/100 tox|[from] psn\n|-damage|p2a: Politoed|21\/100 tox|[from] psn\n|upkeep\n|turn|19\n|j| Bolt-Beam Studios\n|\n|t:|1656787050\n|switch|p1a: Blissey|Blissey, F|100\/100\n|switch|p2a: Zapdos|Zapdos|100\/100\n|-ability|p2a: Zapdos|Pressure\n|\n|-weather|RainDance|[upkeep]\n|upkeep\n|turn|20\n|\n|t:|1656787060\n|move|p2a: Zapdos|Volt Switch|p1a: Blissey\n|-damage|p1a: Blissey|87\/100\n|l| Bolt-Beam Studios\n|\n|t:|1656787067\n|switch|p2a: Aerodactyl|Aerodactyl, F|100\/100|[from]move: Volt Switch\n|move|p1a: Blissey|Toxic|p2a: Aerodactyl\n|-status|p2a: Aerodactyl|tox\n|\n|-weather|RainDance|[upkeep]\n|-damage|p2a: Aerodactyl|95\/100 tox|[from] psn\n|upkeep\n|turn|21\n|j| GLCVCalado\n|\n|t:|1656787077\n|move|p2a: Aerodactyl|Brave Bird|p1a: Blissey\n|-damage|p1a: Blissey|42\/100\n|move|p1a: Blissey|Seismic Toss|p2a: Aerodactyl\n|-damage|p2a: Aerodactyl|61\/100 tox\n|\n|-weather|RainDance|[upkeep]\n|-damage|p2a: Aerodactyl|49\/100 tox|[from] psn\n|upkeep\n|turn|22\n|\n|t:|1656787093\n|switch|p1a: Mew|Mew|94\/100 tox\n|move|p2a: Aerodactyl|Brave Bird|p1a: Mew\n|-damage|p1a: Mew|37\/100 tox\n|\n|-weather|RainDance|[upkeep]\n|-damage|p2a: Aerodactyl|31\/100 tox|[from] psn\n|-damage|p1a: Mew|31\/100 tox|[from] psn\n|upkeep\n|turn|23\n|l| GLCVCalado\n|\n|t:|1656787105\n|move|p2a: Aerodactyl|Brave Bird|p1a: Mew\n|-damage|p1a: Mew|0 fnt\n|faint|p1a: Mew\n|\n|-weather|none\n|-damage|p2a: Aerodactyl|7\/100 tox|[from] psn\n|upkeep\n|\n|t:|1656787112\n|switch|p1a: Mamoswine|Mamoswine, F|100\/100\n|turn|24\n|\n|t:|1656787120\n|switch|p2a: Politoed|Politoed, M|21\/100 tox\n|-weather|RainDance|[from] ability: Drizzle|[of] p2a: Politoed\n|move|p1a: Mamoswine|Ice Shard|p2a: Politoed\n|-resisted|p2a: Politoed\n|-damage|p2a: Politoed|14\/100 tox\n|\n|-weather|RainDance|[upkeep]\n|-damage|p2a: Politoed|8\/100 tox|[from] psn\n|upkeep\n|turn|25\n|\n|t:|1656787138\n|move|p1a: Mamoswine|Earthquake|p2a: Politoed\n|-damage|p2a: Politoed|0 fnt\n|faint|p2a: Politoed\n|\n|-weather|RainDance|[upkeep]\n|upkeep\n|\n|t:|1656787143\n|switch|p2a: Zapdos|Zapdos|100\/100\n|-ability|p2a: Zapdos|Pressure\n|turn|26\n|\n|t:|1656787149\n|move|p1a: Mamoswine|Ice Shard|p2a: Zapdos\n|-supereffective|p2a: Zapdos\n|-damage|p2a: Zapdos|60\/100\n|move|p2a: Zapdos|Hurricane|p1a: Mamoswine\n|-damage|p1a: Mamoswine|14\/100\n|-start|p1a: Mamoswine|confusion\n|\n|-weather|RainDance|[upkeep]\n|upkeep\n|turn|27\n|\n|t:|1656787159\n|-activate|p1a: Mamoswine|confusion\n|move|p1a: Mamoswine|Ice Shard|p2a: Zapdos\n|-supereffective|p2a: Zapdos\n|-damage|p2a: Zapdos|20\/100\n|move|p2a: Zapdos|Weather Ball|p1a: Mamoswine\n|-supereffective|p1a: Mamoswine\n|-damage|p1a: Mamoswine|0 fnt\n|faint|p1a: Mamoswine\n|\n|-weather|RainDance|[upkeep]\n|upkeep\n|\n|t:|1656787162\n|switch|p1a: Blissey|Blissey, F|42\/100\n|turn|28\n|\n|t:|1656787171\n|move|p2a: Zapdos|Thunder|p1a: Blissey\n|-damage|p1a: Blissey|20\/100\n|move|p1a: Blissey|Soft-Boiled|p1a: Blissey\n|-heal|p1a: Blissey|70\/100\n|\n|-weather|RainDance|[upkeep]\n|upkeep\n|turn|29\n|\n|t:|1656787181\n|move|p2a: Zapdos|Roost|p2a: Zapdos\n|-heal|p2a: Zapdos|70\/100\n|-singleturn|p2a: Zapdos|move: Roost\n|move|p1a: Blissey|Soft-Boiled|p1a: Blissey\n|-heal|p1a: Blissey|100\/100\n|\n|-weather|RainDance|[upkeep]\n|upkeep\n|turn|30\n|\n|t:|1656787188\n|move|p2a: Zapdos|Roost|p2a: Zapdos\n|-heal|p2a: Zapdos|100\/100\n|-singleturn|p2a: Zapdos|move: Roost\n|move|p1a: Blissey|Toxic|p2a: Zapdos\n|-status|p2a: Zapdos|tox\n|\n|-weather|RainDance|[upkeep]\n|-damage|p2a: Zapdos|94\/100 tox|[from] psn\n|upkeep\n|turn|31\n|j| Bolt-Beam Studios\n|\n|t:|1656787200\n|move|p2a: Zapdos|Hurricane|p1a: Blissey\n|-damage|p1a: Blissey|76\/100\n|-start|p1a: Blissey|confusion\n|-activate|p1a: Blissey|confusion\n|-damage|p1a: Blissey|75\/100|[from] confusion\n|\n|-weather|none\n|-damage|p2a: Zapdos|82\/100 tox|[from] psn\n|upkeep\n|turn|32\n|\n|t:|1656787211\n|move|p2a: Zapdos|Thunder|p1a: Blissey\n|-damage|p1a: Blissey|55\/100\n|-activate|p1a: Blissey|confusion\n|move|p1a: Blissey|Soft-Boiled|p1a: Blissey\n|-heal|p1a: Blissey|100\/100\n|\n|-damage|p2a: Zapdos|64\/100 tox|[from] psn\n|upkeep\n|turn|33\n|l| Bolt-Beam Studios\n|j| NoTollsNoRolls\n|\n|t:|1656787221\n|move|p2a: Zapdos|Thunder|p1a: Blissey\n|-damage|p1a: Blissey|79\/100\n|-end|p1a: Blissey|confusion\n|move|p1a: Blissey|Seismic Toss|p2a: Zapdos\n|-damage|p2a: Zapdos|38\/100 tox\n|\n|-damage|p2a: Zapdos|14\/100 tox|[from] psn\n|upkeep\n|turn|34\n|\n|t:|1656787230\n|move|p2a: Zapdos|Thunder|p1a: Blissey\n|-damage|p1a: Blissey|55\/100\n|move|p1a: Blissey|Soft-Boiled|p1a: Blissey\n|-heal|p1a: Blissey|100\/100\n|\n|-damage|p2a: Zapdos|0 fnt|[from] psn\n|faint|p2a: Zapdos\n|upkeep\n|\n|t:|1656787237\n|switch|p2a: Aerodactyl|Aerodactyl, F|7\/100 tox\n|turn|35\n|\n|t:|1656787241\n|move|p2a: Aerodactyl|Roost|p2a: Aerodactyl\n|-heal|p2a: Aerodactyl|58\/100 tox\n|-singleturn|p2a: Aerodactyl|move: Roost\n|move|p1a: Blissey|Seismic Toss|p2a: Aerodactyl\n|-damage|p2a: Aerodactyl|24\/100 tox\n|\n|-damage|p2a: Aerodactyl|18\/100 tox|[from] psn\n|upkeep\n|turn|36\n|\n|t:|1656787253\n|move|p2a: Aerodactyl|Brave Bird|p1a: Blissey\n|-damage|p1a: Blissey|51\/100\n|move|p1a: Blissey|Seismic Toss|p2a: Aerodactyl\n|-damage|p2a: Aerodactyl|0 fnt\n|faint|p2a: Aerodactyl\n|\n|win|JooshP\n|n|\u2606JooshP|jooshp\n|n|\u2606Wind Warrior|windwarrior\n|n|*Lady Monita \u2600|ladymonita\n|n| BB-8-NU|bb8nu\n|n| J.P.G1337|jpg1337\n|n| Figgy37|figgy37\n|n| ThechicKING|thechicking\n|n| yabel032|yabel032\n|n|+Tranquilityy|tranquilityy\n|n| Practically Numb|practicallynumb\n|n| Failbor21|failbor21\n|n| NoTollsNoRolls|notollsnorolls\n|l|*Lady Monita \u2600\n|l| BB-8-NU\n|l|+Tranquilityy\n|l|\u2606Wind Warrior\n|l| NoTollsNoRolls\n|l| yabel032\n|l| J.P.G1337\n|l| Practically Numb\n|l|\u2606JooshP\n|l| ThechicKING\n|l| Figgy37\n","uploadtime":1656788960,"views":5,"p1id":"jooshp","p2id":"windwarrior","formatid":"gen8brokenrecord","rating":0,"private":0,"password":null}