{"id":"gen8ou-1677215882","p1":"30orless","p2":"superrouchuan","format":"gen8ou","log":"|j|\u260630orless\n|j|\u2606superrouchuan\n|t:|1664869465\n|gametype|singles\n|player|p1|30orless|265|1560\n|player|p2|superrouchuan|juan|1522\n|teamsize|p1|6\n|teamsize|p2|6\n|gen|8\n|tier|[Gen 8] OU\n|rated|\n|rule|Sleep Clause Mod: Limit one foe put to sleep\n|rule|Species Clause: Limit one of each Pok\u00e9mon\n|rule|OHKO Clause: OHKO moves are banned\n|rule|Evasion Items Clause: Evasion items are banned\n|rule|Evasion Moves Clause: Evasion moves are banned\n|rule|Endless Battle Clause: Forcing endless battles is banned\n|rule|HP Percentage Mod: HP is shown in percentages\n|rule|Dynamax Clause: You cannot dynamax\n|clearpoke\n|poke|p1|Moltres|\n|poke|p1|Hydreigon, M|\n|poke|p1|Blaziken, M|\n|poke|p1|Volcanion|\n|poke|p1|Zapdos|\n|poke|p1|Mamoswine, M|\n|poke|p2|Snorlax, M|\n|poke|p2|Tapu Lele|\n|poke|p2|Tyranitar, F|\n|poke|p2|Zapdos|\n|poke|p2|Garchomp, M|\n|poke|p2|Buzzwole|\n|teampreview\n|inactive|Battle timer is ON: inactive players will automatically lose when time's up. (requested by 30orless)\n|\n|t:|1664869494\n|start\n|switch|p1a: Hydreigon|Hydreigon, M|100\/100\n|switch|p2a: \u868a\u5927\u7237|Buzzwole|100\/100\n|turn|1\n|\n|t:|1664869507\n|switch|p2a: \u8001\u73ed|Tyranitar, F, shiny|100\/100\n|-weather|Sandstorm|[from] ability: Sand Stream|[of] p2a: \u8001\u73ed\n|move|p1a: Hydreigon|Draco Meteor|p2a: \u8001\u73ed\n|-damage|p2a: \u8001\u73ed|67\/100\n|-unboost|p1a: Hydreigon|spa|2\n|\n|-weather|Sandstorm|[upkeep]\n|-damage|p1a: Hydreigon|94\/100|[from] Sandstorm\n|-heal|p2a: \u8001\u73ed|73\/100|[from] item: Leftovers\n|upkeep\n|turn|2\n|\n|t:|1664869512\n|switch|p1a: Mamoswine|Mamoswine, M|100\/100\n|move|p2a: \u8001\u73ed|Stealth Rock|p1a: Mamoswine\n|-sidestart|p1: 30orless|move: Stealth Rock\n|\n|-weather|Sandstorm|[upkeep]\n|-heal|p2a: \u8001\u73ed|79\/100|[from] item: Leftovers\n|upkeep\n|turn|3\n|\n|t:|1664869521\n|move|p1a: Mamoswine|Stealth Rock|p2a: \u8001\u73ed\n|-sidestart|p2: superrouchuan|move: Stealth Rock\n|move|p2a: \u8001\u73ed|Earthquake|p1a: Mamoswine\n|-crit|p1a: Mamoswine\n|-damage|p1a: Mamoswine|58\/100\n|\n|-weather|Sandstorm|[upkeep]\n|-heal|p2a: \u8001\u73ed|85\/100|[from] item: Leftovers\n|upkeep\n|turn|4\n|\n|t:|1664869526\n|move|p1a: Mamoswine|Earthquake|p2a: \u8001\u73ed\n|-supereffective|p2a: \u8001\u73ed\n|-damage|p2a: \u8001\u73ed|0 fnt\n|faint|p2a: \u8001\u73ed\n|\n|-weather|Sandstorm|[upkeep]\n|upkeep\n|\n|t:|1664869536\n|switch|p2a: \u8776\u795e|Tapu Lele|100\/100\n|-damage|p2a: \u8776\u795e|88\/100|[from] Stealth Rock\n|-fieldstart|move: Psychic Terrain|[from] ability: Psychic Surge|[of] p2a: \u8776\u795e\n|turn|5\n|\n|t:|1664869541\n|switch|p1a: Moltres|Moltres|100\/100\n|move|p2a: \u8776\u795e|Psychic|p1a: Moltres\n|-damage|p1a: Moltres|38\/100\n|\n|-weather|none\n|upkeep\n|turn|6\n|\n|t:|1664869548\n|switch|p1a: Hydreigon|Hydreigon, M|94\/100\n|-damage|p1a: Hydreigon|82\/100|[from] Stealth Rock\n|move|p2a: \u8776\u795e|Psychic|p1a: Hydreigon\n|-immune|p1a: Hydreigon\n|\n|upkeep\n|turn|7\n|\n|t:|1664869553\n|switch|p2a: \u5361\u5723\u522b\u6f14\u6211|Snorlax, M, shiny|100\/100\n|-damage|p2a: \u5361\u5723\u522b\u6f14\u6211|88\/100|[from] Stealth Rock\n|move|p1a: Hydreigon|Dark Pulse|p2a: \u5361\u5723\u522b\u6f14\u6211\n|-crit|p2a: \u5361\u5723\u522b\u6f14\u6211\n|-damage|p2a: \u5361\u5723\u522b\u6f14\u6211|50\/100\n|\n|upkeep\n|turn|8\n|\n|t:|1664869560\n|switch|p1a: Moltres|Moltres|38\/100\n|move|p2a: \u5361\u5723\u522b\u6f14\u6211|Self-Destruct|p1a: Moltres\n|-enditem|p2a: \u5361\u5723\u522b\u6f14\u6211|Normal Gem|[from] gem\n|-damage|p1a: Moltres|0 fnt\n|faint|p2a: \u5361\u5723\u522b\u6f14\u6211\n|faint|p1a: Moltres\n|\n|upkeep\n|\n|t:|1664869570\n|switch|p1a: Hydreigon|Hydreigon, M|82\/100\n|switch|p2a: \u868a\u5927\u7237|Buzzwole|100\/100\n|-damage|p1a: Hydreigon|70\/100|[from] Stealth Rock\n|-damage|p2a: \u868a\u5927\u7237|88\/100|[from] Stealth Rock\n|turn|9\n|\n|t:|1664869576\n|switch|p2a: \u8776\u795e|Tapu Lele|88\/100\n|-damage|p2a: \u8776\u795e|76\/100|[from] Stealth Rock\n|move|p1a: Hydreigon|Draco Meteor|p2a: \u8776\u795e\n|-immune|p2a: \u8776\u795e\n|\n|-fieldend|move: Psychic Terrain\n|upkeep\n|turn|10\n|\n|t:|1664869583\n|switch|p1a: Volcanion|Volcanion|100\/100\n|move|p2a: \u8776\u795e|Psychic|p1a: Volcanion\n|-damage|p1a: Volcanion|46\/100\n|\n|upkeep\n|turn|11\n|\n|t:|1664869600\n|switch|p1a: Hydreigon|Hydreigon, M|70\/100\n|-damage|p1a: Hydreigon|57\/100|[from] Stealth Rock\n|move|p2a: \u8776\u795e|Psychic|p1a: Hydreigon\n|-immune|p1a: Hydreigon\n|\n|upkeep\n|turn|12\n|\n|t:|1664869607\n|switch|p2a: \u9f99\u7237\uff08\u867d\u7136\u8fd8\u662f\u4e0d\u4f1a\u9f99\u821e\uff09|Garchomp, M|100\/100\n|-damage|p2a: \u9f99\u7237\uff08\u867d\u7136\u8fd8\u662f\u4e0d\u4f1a\u9f99\u821e\uff09|94\/100|[from] Stealth Rock\n|move|p1a: Hydreigon|Dark Pulse|p2a: \u9f99\u7237\uff08\u867d\u7136\u8fd8\u662f\u4e0d\u4f1a\u9f99\u821e\uff09\n|-damage|p2a: \u9f99\u7237\uff08\u867d\u7136\u8fd8\u662f\u4e0d\u4f1a\u9f99\u821e\uff09|48\/100\n|\n|upkeep\n|turn|13\n|\n|t:|1664869617\n|move|p1a: Hydreigon|Dark Pulse|p2a: \u9f99\u7237\uff08\u867d\u7136\u8fd8\u662f\u4e0d\u4f1a\u9f99\u821e\uff09\n|-damage|p2a: \u9f99\u7237\uff08\u867d\u7136\u8fd8\u662f\u4e0d\u4f1a\u9f99\u821e\uff09|5\/100\n|move|p2a: \u9f99\u7237\uff08\u867d\u7136\u8fd8\u662f\u4e0d\u4f1a\u9f99\u821e\uff09|Dragon Claw|p1a: Hydreigon\n|-supereffective|p1a: Hydreigon\n|-damage|p1a: Hydreigon|0 fnt\n|faint|p1a: Hydreigon\n|\n|upkeep\n|\n|t:|1664869621\n|switch|p1a: Blaziken|Blaziken, M|100\/100\n|-damage|p1a: Blaziken|88\/100|[from] Stealth Rock\n|turn|14\n|\n|t:|1664869624\n|move|p1a: Blaziken|Vacuum Wave|p2a: \u9f99\u7237\uff08\u867d\u7136\u8fd8\u662f\u4e0d\u4f1a\u9f99\u821e\uff09\n|-crit|p2a: \u9f99\u7237\uff08\u867d\u7136\u8fd8\u662f\u4e0d\u4f1a\u9f99\u821e\uff09\n|-damage|p2a: \u9f99\u7237\uff08\u867d\u7136\u8fd8\u662f\u4e0d\u4f1a\u9f99\u821e\uff09|0 fnt\n|faint|p2a: \u9f99\u7237\uff08\u867d\u7136\u8fd8\u662f\u4e0d\u4f1a\u9f99\u821e\uff09\n|-damage|p1a: Blaziken|78\/100|[from] item: Life Orb\n|\n|-ability|p1a: Blaziken|Speed Boost|boost\n|-boost|p1a: Blaziken|spe|1\n|upkeep\n|\n|t:|1664869627\n|switch|p2a: \u8776\u795e|Tapu Lele|76\/100\n|-damage|p2a: \u8776\u795e|63\/100|[from] Stealth Rock\n|-fieldstart|move: Psychic Terrain|[from] ability: Psychic Surge|[of] p2a: \u8776\u795e\n|turn|15\n|\n|t:|1664869630\n|move|p2a: \u8776\u795e|Psychic|p1a: Blaziken\n|-supereffective|p1a: Blaziken\n|-damage|p1a: Blaziken|0 fnt\n|faint|p1a: Blaziken\n|\n|upkeep\n|\n|t:|1664869634\n|switch|p1a: Zapdos|Zapdos|100\/100\n|turn|16\n|\n|t:|1664869641\n|switch|p2a: \u9e1f\u54e5|Zapdos, shiny|100\/100\n|-damage|p2a: \u9e1f\u54e5|75\/100|[from] Stealth Rock\n|move|p1a: Zapdos|Discharge|p2a: \u9e1f\u54e5\n|-damage|p2a: \u9e1f\u54e5|33\/100\n|\n|upkeep\n|turn|17\n|\n|t:|1664869648\n|switch|p1a: Mamoswine|Mamoswine, M|58\/100\n|-damage|p1a: Mamoswine|46\/100|[from] Stealth Rock\n|move|p2a: \u9e1f\u54e5|Roost|p2a: \u9e1f\u54e5\n|-heal|p2a: \u9e1f\u54e5|83\/100\n|-singleturn|p2a: \u9e1f\u54e5|move: Roost\n|\n|upkeep\n|turn|18\n|j| Ran Kob\n|\n|t:|1664869652\n|move|p1a: Mamoswine|Icicle Crash|p2a: \u9e1f\u54e5\n|-supereffective|p2a: \u9e1f\u54e5\n|-damage|p2a: \u9e1f\u54e5|13\/100\n|move|p2a: \u9e1f\u54e5|Defog|p1a: Mamoswine\n|-unboost|p1a: Mamoswine|evasion|1\n|-sideend|p1: 30orless|Stealth Rock|[from] move: Defog|[of] p2a: \u9e1f\u54e5\n|-sideend|p2: superrouchuan|Stealth Rock|[from] move: Defog|[of] p2a: \u9e1f\u54e5\n|-fieldend|move: Psychic Terrain\n|\n|upkeep\n|turn|19\n|\n|t:|1664869657\n|switch|p2a: \u868a\u5927\u7237|Buzzwole|88\/100\n|move|p1a: Mamoswine|Stealth Rock|p2a: \u868a\u5927\u7237\n|-sidestart|p2: superrouchuan|move: Stealth Rock\n|\n|upkeep\n|turn|20\n|\n|t:|1664869661\n|move|p1a: Mamoswine|Icicle Crash|p2a: \u868a\u5927\u7237\n|-damage|p2a: \u868a\u5927\u7237|50\/100\n|cant|p2a: \u868a\u5927\u7237|flinch\n|\n|upkeep\n|turn|21\n|\n|t:|1664869665\n|move|p1a: Mamoswine|Icicle Crash|p2a: \u868a\u5927\u7237\n|-damage|p2a: \u868a\u5927\u7237|16\/100\n|cant|p2a: \u868a\u5927\u7237|flinch\n|\n|upkeep\n|turn|22\n|\n|t:|1664869667\n|move|p1a: Mamoswine|Ice Shard|p2a: \u868a\u5927\u7237\n|-damage|p2a: \u868a\u5927\u7237|0 fnt\n|faint|p2a: \u868a\u5927\u7237\n|\n|upkeep\n|\n|t:|1664869672\n|switch|p2a: \u8776\u795e|Tapu Lele|63\/100\n|-damage|p2a: \u8776\u795e|51\/100|[from] Stealth Rock\n|-fieldstart|move: Psychic Terrain|[from] ability: Psychic Surge|[of] p2a: \u8776\u795e\n|turn|23\n|c|\u2606superrouchuan|??????\n|\n|t:|1664869677\n|move|p2a: \u8776\u795e|Psychic|p1a: Mamoswine\n|-damage|p1a: Mamoswine|0 fnt\n|faint|p1a: Mamoswine\n|\n|upkeep\n|\n|t:|1664869681\n|switch|p1a: Zapdos|Zapdos|100\/100\n|turn|24\n|\n|t:|1664869683\n|move|p2a: \u8776\u795e|Psychic|p1a: Zapdos\n|-damage|p1a: Zapdos|43\/100\n|move|p1a: Zapdos|Discharge|p2a: \u8776\u795e\n|-damage|p2a: \u8776\u795e|0 fnt\n|faint|p2a: \u8776\u795e\n|\n|upkeep\n|-message|superrouchuan forfeited.\n|\n|win|30orless\n|raw|30orless's rating: 1560 &rarr; <strong>1578<\/strong><br \/>(+18 for winning)\n|raw|superrouchuan's rating: 1522 &rarr; <strong>1504<\/strong><br \/>(-18 for losing)\n|l|\u2606superrouchuan\n|j|\u2606superrouchuan\n|player|p2|superrouchuan|juan\n|l|\u2606superrouchuan\n|player|p2|\n","uploadtime":1664869703,"views":12,"p1id":"30orless","p2id":"superrouchuan","formatid":"gen8ou","rating":1504,"private":0,"password":null}