{"id":"gen8lc-1433539078","p1":"Denison123","p2":"lordcube","format":"gen8lc","log":"|j|\u2606Denison123\n|j|\u2606lordcube\n|inactive|Battle timer is ON: inactive players will automatically lose when time's up.\n|t:|1633980601\n|gametype|singles\n|player|p1|Denison123|2|\n|player|p2|lordcube|cheryl|\n|teamsize|p1|6\n|teamsize|p2|6\n|gen|8\n|tier|[Gen 8] LC\n|rated|Tournament battle\n|rule|Sleep Clause Mod: Limit one foe put to sleep\n|rule|Species Clause: Limit one of each Pok\u00e9mon\n|rule|OHKO Clause: OHKO moves are banned\n|rule|Evasion Moves Clause: Evasion moves are banned\n|rule|Endless Battle Clause: Forcing endless battles is banned\n|rule|HP Percentage Mod: HP is shown in percentages\n|rule|Dynamax Clause: You cannot dynamax\n|clearpoke\n|poke|p1|Chinchou, L5, M|\n|poke|p1|Machop, L5, M|\n|poke|p1|Zigzagoon, L5, M|\n|poke|p1|Growlithe, L5, F|\n|poke|p1|Corphish, L5, F|\n|poke|p1|Natu, L5, F|\n|poke|p2|Abra, L5, M|\n|poke|p2|Zigzagoon, L5, F|\n|poke|p2|Ferroseed, L5, M|\n|poke|p2|Mienfoo, L5, M|\n|poke|p2|Diglett, L5, M|\n|poke|p2|Mareanie, L5, M|\n|teampreview\n|j|*Lady Monita \u263d\n|j| ppwpidd\n|j| Odd20\n|c|\u2606Denison123|gl\n|c|\u2606lordcube|gl hf\n|j| Mahmoud Alahmad\n|l| ppwpidd\n|inactive|lordcube has 120 seconds left.\n|\n|t:|1633980633\n|start\n|switch|p1a: Growlithe|Growlithe, L5, F|100\/100\n|switch|p2a: Mienfoo|Mienfoo, L5, M|100\/100\n|-ability|p1a: Growlithe|Intimidate|boost\n|-unboost|p2a: Mienfoo|atk|1\n|turn|1\n|\n|t:|1633980641\n|switch|p1a: Machop|Machop, L5, M|100\/100\n|move|p2a: Mienfoo|Fake Out|p1a: Machop\n|-damage|p1a: Machop|88\/100\n|\n|upkeep\n|turn|2\n|\n|t:|1633980648\n|move|p1a: Machop|Dynamic Punch|p2a: Mienfoo\n|-damage|p2a: Mienfoo|53\/100\n|-start|p2a: Mienfoo|confusion\n|-activate|p2a: Mienfoo|confusion\n|-damage|p2a: Mienfoo|39\/100|[from] confusion\n|\n|upkeep\n|turn|3\n|\n|t:|1633980663\n|switch|p1a: Natu|Natu, L5, F|100\/100\n|switch|p2a: Mareanie|Mareanie, L5, M|100\/100\n|\n|upkeep\n|turn|4\n|j| Goodra8228\n|\n|t:|1633980675\n|move|p1a: Natu|Heat Wave|p2a: Mareanie\n|-resisted|p2a: Mareanie\n|-crit|p2a: Mareanie\n|-damage|p2a: Mareanie|83\/100\n|move|p2a: Mareanie|Knock Off|p1a: Natu\n|-supereffective|p1a: Natu\n|-damage|p1a: Natu|53\/100\n|-enditem|p1a: Natu|Eviolite|[from] move: Knock Off|[of] p2a: Mareanie\n|\n|upkeep\n|turn|5\n|j| drowzeexanax\n|\n|t:|1633980686\n|move|p1a: Natu|Thunder Wave|p2a: Mareanie\n|-status|p2a: Mareanie|par\n|move|p2a: Mareanie|Sludge Bomb|p1a: Natu\n|-damage|p1a: Natu|0 fnt\n|faint|p1a: Natu\n|\n|upkeep\n|j| ThatPyroGuy.Ex\n|\n|t:|1633980699\n|switch|p1a: Zigzagoon|Zigzagoon, L5, M|100\/100\n|turn|6\n|c| drowzeexanax|Go LordCUBE! you beat me so if you win, it's like I come in second :p\n|inactive|lordcube has 120 seconds left.\n|\n|t:|1633980735\n|move|p1a: Zigzagoon|Belly Drum|p1a: Zigzagoon\n|-damage|p1a: Zigzagoon|50\/100\n|-setboost|p1a: Zigzagoon|atk|6|[from] move: Belly Drum\n|-enditem|p1a: Zigzagoon|Oran Berry|[eat]\n|-heal|p1a: Zigzagoon|96\/100|[from] item: Oran Berry\n|cant|p2a: Mareanie|par\n|\n|upkeep\n|turn|7\n|inactive|lordcube has 120 seconds left.\n|\n|t:|1633980750\n|switch|p2a: Ferroseed|Ferroseed, L5, M|100\/100\n|move|p1a: Zigzagoon|Extreme Speed|p2a: Ferroseed\n|-resisted|p2a: Ferroseed\n|-damage|p2a: Ferroseed|60\/100\n|-damage|p1a: Zigzagoon|87\/100|[from] ability: Iron Barbs|[of] p2a: Ferroseed\n|\n|upkeep\n|turn|8\n|\n|t:|1633980758\n|move|p1a: Zigzagoon|Pin Missile|p2a: Ferroseed\n|-damage|p2a: Ferroseed|41\/100\n|-damage|p2a: Ferroseed|23\/100\n|-hitcount|p2a: Ferroseed|2\n|move|p2a: Ferroseed|Giga Drain|p1a: Zigzagoon\n|-damage|p1a: Zigzagoon|46\/100\n|-heal|p2a: Ferroseed|46\/100|[from] drain|[of] p1a: Zigzagoon\n|\n|upkeep\n|turn|9\n|inactive|lordcube has 120 seconds left.\n|\n|t:|1633980782\n|move|p1a: Zigzagoon|Pin Missile|p2a: Ferroseed|[miss]\n|-miss|p1a: Zigzagoon|p2a: Ferroseed\n|move|p2a: Ferroseed|Giga Drain|p1a: Zigzagoon\n|-damage|p1a: Zigzagoon|5\/100\n|-heal|p2a: Ferroseed|69\/100|[from] drain|[of] p1a: Zigzagoon\n|\n|upkeep\n|turn|10\n|j| PokeFluffie2008\n|c|\u2606Denison123|:p\n|c|\u2606lordcube|sorry\n|\n|t:|1633980797\n|move|p1a: Zigzagoon|Pin Missile|p2a: Ferroseed\n|-damage|p2a: Ferroseed|50\/100\n|-damage|p2a: Ferroseed|32\/100\n|-hitcount|p2a: Ferroseed|2\n|move|p2a: Ferroseed|Knock Off|p1a: Zigzagoon\n|-damage|p1a: Zigzagoon|0 fnt\n|faint|p1a: Zigzagoon\n|\n|upkeep\n|j| Rue Stitch\n|\n|t:|1633980807\n|switch|p1a: Machop|Machop, L5, M|88\/100\n|turn|11\n|\n|t:|1633980811\n|switch|p2a: Mareanie|Mareanie, L5, M|100\/100 par\n|move|p1a: Machop|Knock Off|p2a: Mareanie\n|-damage|p2a: Mareanie|74\/100 par\n|-enditem|p2a: Mareanie|Eviolite|[from] move: Knock Off|[of] p1a: Machop\n|\n|upkeep\n|turn|12\n|\n|t:|1633980821\n|switch|p1a: Chinchou|Chinchou, L5, M|100\/100\n|switch|p2a: Ferroseed|Ferroseed, L5, M|32\/100\n|\n|upkeep\n|turn|13\n|\n|t:|1633980828\n|switch|p1a: Growlithe|Growlithe, L5, F|100\/100\n|-ability|p1a: Growlithe|Intimidate|boost\n|-unboost|p2a: Ferroseed|atk|1\n|move|p2a: Ferroseed|Spikes|p1a: Growlithe\n|-sidestart|p1: Denison123|Spikes\n|\n|upkeep\n|turn|14\n|j| DavidYGreninja\n|\n|t:|1633980840\n|switch|p2a: Mienfoo|Mienfoo, L5, M|72\/100\n|move|p1a: Growlithe|Will-O-Wisp|p2a: Mienfoo\n|-status|p2a: Mienfoo|brn\n|\n|-damage|p2a: Mienfoo|67\/100 brn|[from] brn\n|upkeep\n|turn|15\n|j|%London13\n|l|%London13\n|\n|t:|1633980850\n|move|p2a: Mienfoo|Knock Off|p1a: Growlithe\n|-damage|p1a: Growlithe|88\/100\n|-enditem|p1a: Growlithe|Eviolite|[from] move: Knock Off|[of] p2a: Mienfoo\n|move|p1a: Growlithe|Flare Blitz|p2a: Mienfoo\n|-damage|p2a: Mienfoo|34\/100 brn\n|-damage|p1a: Growlithe|80\/100|[from] Recoil\n|\n|-damage|p2a: Mienfoo|29\/100 brn|[from] brn\n|upkeep\n|turn|16\n|j|@Jordy-o-lantern\n|\n|t:|1633980859\n|move|p2a: Mienfoo|U-turn|p1a: Growlithe\n|-resisted|p1a: Growlithe\n|-damage|p1a: Growlithe|76\/100\n|\n|t:|1633980863\n|switch|p2a: Mareanie|Mareanie, L5, M|100\/100 par|[from]move: U-turn\n|move|p1a: Growlithe|Morning Sun|p1a: Growlithe\n|-heal|p1a: Growlithe|100\/100\n|\n|upkeep\n|turn|17\n|\n|t:|1633980876\n|move|p1a: Growlithe|Will-O-Wisp||[still]\n|-fail|p1a: Growlithe\n|move|p2a: Mareanie|Knock Off|p1a: Growlithe\n|-damage|p1a: Growlithe|84\/100\n|\n|upkeep\n|turn|18\n|j| Giove97\n|\n|t:|1633980882\n|move|p1a: Growlithe|Will-O-Wisp|p2a: Mareanie|[miss]\n|-miss|p1a: Growlithe|p2a: Mareanie\n|move|p2a: Mareanie|Sludge Bomb|p1a: Growlithe\n|-damage|p1a: Growlithe|36\/100\n|\n|upkeep\n|turn|19\n|\n|t:|1633980888\n|move|p1a: Growlithe|Morning Sun|p1a: Growlithe\n|-heal|p1a: Growlithe|84\/100\n|move|p2a: Mareanie|Scald|p1a: Growlithe\n|-supereffective|p1a: Growlithe\n|-damage|p1a: Growlithe|4\/100\n|\n|upkeep\n|turn|20\n|\n|t:|1633980903\n|move|p1a: Growlithe|Flare Blitz|p2a: Mareanie\n|-resisted|p2a: Mareanie\n|-damage|p2a: Mareanie|74\/100 par\n|-damage|p1a: Growlithe|0 fnt|[from] Recoil\n|faint|p1a: Growlithe\n|move|p2a: Mareanie|Scald|p1: Growlithe|[notarget]\n|-fail|p2a: Mareanie\n|\n|upkeep\n|\n|t:|1633980914\n|switch|p1a: Machop|Machop, L5, M|88\/100\n|-damage|p1a: Machop|75\/100|[from] Spikes\n|turn|21\n|\n|t:|1633980921\n|move|p1a: Machop|Earthquake|p2a: Mareanie\n|-supereffective|p2a: Mareanie\n|-damage|p2a: Mareanie|0 fnt\n|faint|p2a: Mareanie\n|\n|upkeep\n|j| Royal Cinccino\n|\n|t:|1633980929\n|switch|p2a: Diglett|Diglett, L5, M|100\/100\n|-item|p2a: Diglett|Air Balloon\n|turn|22\n|l| ThatPyroGuy.Ex\n|\n|t:|1633980936\n|move|p1a: Machop|Earthquake|p2a: Diglett\n|-immune|p2a: Diglett\n|move|p2a: Diglett|Earthquake|p1a: Machop\n|-damage|p1a: Machop|13\/100\n|\n|upkeep\n|turn|23\n|l| PokeFluffie2008\n|\n|t:|1633980942\n|move|p1a: Machop|Earthquake|p2a: Diglett\n|-immune|p2a: Diglett\n|move|p2a: Diglett|Stealth Rock|p1a: Machop\n|-sidestart|p1: Denison123|move: Stealth Rock\n|\n|upkeep\n|turn|24\n|\n|t:|1633980951\n|move|p1a: Machop|Earthquake|p2a: Diglett\n|-immune|p2a: Diglett\n|move|p2a: Diglett|Memento|p1a: Machop\n|-unboost|p1a: Machop|atk|2\n|-unboost|p1a: Machop|spa|2\n|faint|p2a: Diglett\n|\n|upkeep\n|\n|t:|1633980953\n|switch|p2a: Zigzagoon|Zigzagoon, L5, F|100\/100\n|turn|25\n|j| PokeFluffie2008\n|\n|t:|1633980965\n|move|p1a: Machop|Earthquake|p2a: Zigzagoon\n|-damage|p2a: Zigzagoon|69\/100\n|move|p2a: Zigzagoon|Belly Drum|p2a: Zigzagoon\n|-damage|p2a: Zigzagoon|19\/100\n|-setboost|p2a: Zigzagoon|atk|6|[from] move: Belly Drum\n|-enditem|p2a: Zigzagoon|Berry Juice\n|-heal|p2a: Zigzagoon|100\/100|[from] item: Berry Juice\n|\n|upkeep\n|turn|26\n|\n|t:|1633980973\n|move|p2a: Zigzagoon|Extreme Speed|p1a: Machop\n|-damage|p1a: Machop|0 fnt\n|faint|p1a: Machop\n|\n|upkeep\n|\n|t:|1633980978\n|switch|p1a: Corphish|Corphish, L5, F|100\/100\n|-damage|p1a: Corphish|91\/100|[from] Spikes\n|-damage|p1a: Corphish|81\/100|[from] Stealth Rock\n|turn|27\n|\n|t:|1633980984\n|move|p2a: Zigzagoon|Extreme Speed|p1a: Corphish\n|-damage|p1a: Corphish|0 fnt\n|faint|p1a: Corphish\n|\n|upkeep\n|\n|t:|1633980988\n|switch|p1a: Chinchou|Chinchou, L5, M|100\/100\n|-damage|p1a: Chinchou|89\/100|[from] Spikes\n|-damage|p1a: Chinchou|77\/100|[from] Stealth Rock\n|turn|28\n|\n|t:|1633980993\n|move|p2a: Zigzagoon|Extreme Speed|p1a: Chinchou\n|-damage|p1a: Chinchou|0 fnt\n|faint|p1a: Chinchou\n|\n|win|lordcube\n|n|\u2606Denison123|denison123\n|n|\u2606lordcube|lordcube\n|n|*Lady Monita \u263d|ladymonita\n|n| Odd20|odd20\n|n| Mahmoud Alahmad|mahmoudalahmad\n|n| Goodra8228|goodra8228\n|n| drowzeexanax|drowzeexanax\n|n| Rue Stitch|ruestitch\n|n| DavidYGreninja|davidygreninja\n|n| Jordy-o-lantern|jordyolantern\n|n| Giove97|giove97\n|n| Royal Cinccino|royalcinccino\n|n| PokeFluffie2008|pokefluffie2008\n","uploadtime":1633980994,"views":8,"p1id":"denison123","p2id":"lordcube","formatid":"gen8lc","rating":0,"private":0,"password":null}