{"id":"gen8ou-1437965139","p1":"Kyerndo","p2":"mongwong","format":"gen8ou","log":"|j|\u2606Kyerndo\n|j|\u2606mongwong\n|t:|1634603237\n|gametype|singles\n|player|p1|Kyerndo|psychic|1627\n|player|p2|mongwong|silver|1691\n|teamsize|p1|6\n|teamsize|p2|6\n|gen|8\n|tier|[Gen 8] OU\n|rated|\n|rule|Sleep Clause Mod: Limit one foe put to sleep\n|rule|Species Clause: Limit one of each Pok\u00e9mon\n|rule|OHKO Clause: OHKO moves are banned\n|rule|Evasion Moves Clause: Evasion moves are banned\n|rule|Endless Battle Clause: Forcing endless battles is banned\n|rule|HP Percentage Mod: HP is shown in percentages\n|rule|Dynamax Clause: You cannot dynamax\n|clearpoke\n|poke|p1|Heatran, M|\n|poke|p1|Thundurus-Therian, M|\n|poke|p1|Kommo-o, M|\n|poke|p1|Scizor, M|\n|poke|p1|Zapdos-Galar|\n|poke|p1|Dragapult, M|\n|poke|p2|Pelipper, F|\n|poke|p2|Zapdos|\n|poke|p2|Kingdra, F|\n|poke|p2|Barraskewda, F|\n|poke|p2|Magnezone|\n|poke|p2|Ferrothorn, M|\n|teampreview\n|\n|t:|1634603244\n|start\n|switch|p1a: Thundurus|Thundurus-Therian, M|100\/100\n|switch|p2a: Barraskewda|Barraskewda, F|100\/100\n|turn|1\n|\n|t:|1634603248\n|switch|p1a: Kommo-o|Kommo-o, M|100\/100\n|move|p2a: Barraskewda|Flip Turn|p1a: Kommo-o\n|-resisted|p1a: Kommo-o\n|-damage|p1a: Kommo-o|86\/100\n|\n|t:|1634603250\n|switch|p2a: Pelipper|Pelipper, F|100\/100|[from]move: Flip Turn\n|-weather|RainDance|[from] ability: Drizzle|[of] p2a: Pelipper\n|\n|-weather|RainDance|[upkeep]\n|-heal|p1a: Kommo-o|92\/100|[from] item: Leftovers\n|upkeep\n|turn|2\n|\n|t:|1634603251\n|move|p1a: Kommo-o|Stealth Rock|p2a: Pelipper\n|-sidestart|p2: mongwong|move: Stealth Rock\n|move|p2a: Pelipper|U-turn|p1a: Kommo-o\n|-resisted|p1a: Kommo-o\n|-damage|p1a: Kommo-o|90\/100\n|\n|t:|1634603260\n|switch|p2a: Kingdra|Kingdra, F|100\/100|[from]move: U-turn\n|-damage|p2a: Kingdra|88\/100|[from] Stealth Rock\n|\n|-weather|RainDance|[upkeep]\n|-heal|p1a: Kommo-o|96\/100|[from] item: Leftovers\n|upkeep\n|turn|3\n|\n|t:|1634603266\n|move|p1a: Kommo-o|Protect|p1a: Kommo-o\n|-singleturn|p1a: Kommo-o|Protect\n|move|p2a: Kingdra|Flip Turn|p1a: Kommo-o\n|-activate|p1a: Kommo-o|move: Protect\n|\n|-weather|RainDance|[upkeep]\n|-heal|p1a: Kommo-o|100\/100|[from] item: Leftovers\n|upkeep\n|turn|4\n|\n|t:|1634603273\n|move|p2a: Kingdra|Flip Turn|p1a: Kommo-o\n|-resisted|p1a: Kommo-o\n|-damage|p1a: Kommo-o|93\/100\n|\n|t:|1634603276\n|switch|p2a: Ferrothorn|Ferrothorn, M|100\/100|[from]move: Flip Turn\n|-damage|p2a: Ferrothorn|94\/100|[from] Stealth Rock\n|move|p1a: Kommo-o|Toxic|p2a: Ferrothorn\n|-immune|p2a: Ferrothorn\n|\n|-weather|RainDance|[upkeep]\n|-heal|p1a: Kommo-o|99\/100|[from] item: Leftovers\n|-heal|p2a: Ferrothorn|100\/100|[from] item: Leftovers\n|upkeep\n|turn|5\n|\n|t:|1634603280\n|switch|p1a: Zapdos|Zapdos-Galar|100\/100\n|move|p2a: Ferrothorn|Leech Seed|p1a: Zapdos|[miss]\n|-miss|p2a: Ferrothorn|p1a: Zapdos\n|\n|-weather|RainDance|[upkeep]\n|upkeep\n|turn|6\n|\n|t:|1634603287\n|switch|p1a: Thundurus|Thundurus-Therian, M|100\/100\n|move|p2a: Ferrothorn|Stealth Rock|p1a: Thundurus\n|-sidestart|p1: Kyerndo|move: Stealth Rock\n|\n|-weather|RainDance|[upkeep]\n|upkeep\n|turn|7\n|\n|t:|1634603290\n|move|p1a: Thundurus|Focus Blast|p2a: Ferrothorn|[miss]\n|-miss|p1a: Thundurus|p2a: Ferrothorn\n|move|p2a: Ferrothorn|Leech Seed|p1a: Thundurus\n|-start|p1a: Thundurus|move: Leech Seed\n|\n|-weather|RainDance|[upkeep]\n|-damage|p1a: Thundurus|88\/100|[from] Leech Seed|[of] p2a: Ferrothorn\n|upkeep\n|turn|8\n|\n|t:|1634603296\n|move|p1a: Thundurus|Focus Blast|p2a: Ferrothorn\n|-supereffective|p2a: Ferrothorn\n|-damage|p2a: Ferrothorn|0 fnt\n|faint|p2a: Ferrothorn\n|\n|-weather|none\n|upkeep\n|\n|t:|1634603301\n|switch|p2a: Barraskewda|Barraskewda, F|100\/100\n|-damage|p2a: Barraskewda|88\/100|[from] Stealth Rock\n|turn|9\n|\n|t:|1634603331\n|switch|p1a: Kommo-o|Kommo-o, M|99\/100\n|-damage|p1a: Kommo-o|93\/100|[from] Stealth Rock\n|move|p2a: Barraskewda|Flip Turn|p1a: Kommo-o\n|-resisted|p1a: Kommo-o\n|-damage|p1a: Kommo-o|78\/100\n|\n|t:|1634603343\n|switch|p2a: Pelipper|Pelipper, F|100\/100|[from]move: Flip Turn\n|-damage|p2a: Pelipper|76\/100|[from] Stealth Rock\n|-weather|RainDance|[from] ability: Drizzle|[of] p2a: Pelipper\n|\n|-weather|RainDance|[upkeep]\n|-heal|p1a: Kommo-o|84\/100|[from] item: Leftovers\n|upkeep\n|turn|10\n|inactive|Battle timer is ON: inactive players will automatically lose when time's up. (requested by mongwong)\n|\n|t:|1634603373\n|switch|p1a: Dragapult|Dragapult, M|100\/100\n|-damage|p1a: Dragapult|88\/100|[from] Stealth Rock\n|move|p2a: Pelipper|U-turn|p1a: Dragapult\n|-resisted|p1a: Dragapult\n|-damage|p1a: Dragapult|83\/100\n|\n|t:|1634603383\n|switch|p2a: Kingdra|Kingdra, F|88\/100|[from]move: U-turn\n|-damage|p2a: Kingdra|76\/100|[from] Stealth Rock\n|\n|-weather|RainDance|[upkeep]\n|upkeep\n|turn|11\n|\n|t:|1634603387\n|move|p1a: Dragapult|Draco Meteor|p2a: Kingdra\n|-supereffective|p2a: Kingdra\n|-damage|p2a: Kingdra|0 fnt\n|-unboost|p1a: Dragapult|spa|2\n|faint|p2a: Kingdra\n|\n|-weather|RainDance|[upkeep]\n|upkeep\n|\n|t:|1634603393\n|switch|p2a: Barraskewda|Barraskewda, F|88\/100\n|-damage|p2a: Barraskewda|76\/100|[from] Stealth Rock\n|turn|12\n|\n|t:|1634603397\n|switch|p1a: Scizor|Scizor, M|100\/100\n|move|p2a: Barraskewda|Liquidation|p1a: Scizor\n|-damage|p1a: Scizor|0 fnt\n|faint|p1a: Scizor\n|\n|-weather|RainDance|[upkeep]\n|upkeep\n|\n|t:|1634603404\n|switch|p1a: Kommo-o|Kommo-o, M|84\/100\n|-damage|p1a: Kommo-o|78\/100|[from] Stealth Rock\n|turn|13\n|\n|t:|1634603407\n|move|p2a: Barraskewda|Liquidation|p1a: Kommo-o\n|-resisted|p1a: Kommo-o\n|-damage|p1a: Kommo-o|49\/100\n|move|p1a: Kommo-o|Toxic|p2a: Barraskewda\n|-status|p2a: Barraskewda|tox\n|\n|-weather|RainDance|[upkeep]\n|-heal|p1a: Kommo-o|55\/100|[from] item: Leftovers\n|-damage|p2a: Barraskewda|70\/100 tox|[from] psn\n|upkeep\n|turn|14\n|\n|t:|1634603413\n|switch|p2a: Zapdos|Zapdos|100\/100\n|-damage|p2a: Zapdos|76\/100|[from] Stealth Rock\n|move|p1a: Kommo-o|Toxic|p2a: Zapdos\n|-status|p2a: Zapdos|tox\n|\n|-weather|RainDance|[upkeep]\n|-heal|p1a: Kommo-o|61\/100|[from] item: Leftovers\n|-damage|p2a: Zapdos|69\/100 tox|[from] psn\n|upkeep\n|turn|15\n|\n|t:|1634603419\n|move|p1a: Kommo-o|Protect|p1a: Kommo-o\n|-singleturn|p1a: Kommo-o|Protect\n|move|p2a: Zapdos|Volt Switch|p1a: Kommo-o\n|-activate|p1a: Kommo-o|move: Protect\n|\n|-weather|RainDance|[upkeep]\n|-heal|p1a: Kommo-o|67\/100|[from] item: Leftovers\n|-damage|p2a: Zapdos|57\/100 tox|[from] psn\n|upkeep\n|turn|16\n|\n|t:|1634603437\n|switch|p2a: Magnezone|Magnezone, shiny|100\/100\n|-damage|p2a: Magnezone|94\/100|[from] Stealth Rock\n|switch|p1a: Heatran|Heatran, M|100\/100\n|-damage|p1a: Heatran|88\/100|[from] Stealth Rock\n|\n|-weather|none\n|-heal|p1a: Heatran|94\/100|[from] item: Leftovers\n|-heal|p2a: Magnezone|100\/100|[from] item: Leftovers\n|upkeep\n|turn|17\n|\n|t:|1634603447\n|switch|p2a: Pelipper|Pelipper, F|76\/100\n|-damage|p2a: Pelipper|51\/100|[from] Stealth Rock\n|-weather|RainDance|[from] ability: Drizzle|[of] p2a: Pelipper\n|move|p1a: Heatran|Magma Storm|p2a: Pelipper\n|-resisted|p2a: Pelipper\n|-damage|p2a: Pelipper|36\/100\n|-activate|p2a: Pelipper|move: Magma Storm|[of] p1a: Heatran\n|\n|-weather|RainDance|[upkeep]\n|-heal|p1a: Heatran|100\/100|[from] item: Leftovers\n|-damage|p2a: Pelipper|24\/100|[from] move: Magma Storm|[partiallytrapped]\n|upkeep\n|turn|18\n|\n|t:|1634603455\n|move|p1a: Heatran|Toxic|p2a: Pelipper\n|-status|p2a: Pelipper|tox\n|move|p2a: Pelipper|Defog|p1a: Heatran\n|-unboost|p1a: Heatran|evasion|1\n|-sideend|p1: Kyerndo|Stealth Rock|[from] move: Defog|[of] p2a: Pelipper\n|-sideend|p2: mongwong|Stealth Rock|[from] move: Defog|[of] p2a: Pelipper\n|\n|-weather|RainDance|[upkeep]\n|-damage|p2a: Pelipper|18\/100 tox|[from] psn\n|-damage|p2a: Pelipper|5\/100 tox|[from] move: Magma Storm|[partiallytrapped]\n|upkeep\n|turn|19\n|\n|t:|1634603465\n|move|p1a: Heatran|Taunt|p2a: Pelipper\n|-start|p2a: Pelipper|move: Taunt\n|move|p2a: Pelipper|Scald|p1a: Heatran\n|-supereffective|p1a: Heatran\n|-damage|p1a: Heatran|55\/100\n|\n|-weather|RainDance|[upkeep]\n|-heal|p1a: Heatran|61\/100|[from] item: Leftovers\n|-damage|p2a: Pelipper|0 fnt|[from] psn\n|faint|p2a: Pelipper\n|upkeep\n|\n|t:|1634603475\n|switch|p2a: Barraskewda|Barraskewda, F|70\/100 tox\n|turn|20\n|\n|t:|1634603477\n|move|p1a: Heatran|Protect|p1a: Heatran\n|-singleturn|p1a: Heatran|Protect\n|move|p2a: Barraskewda|Flip Turn|p1a: Heatran\n|-activate|p1a: Heatran|move: Protect\n|\n|-weather|RainDance|[upkeep]\n|-heal|p1a: Heatran|67\/100|[from] item: Leftovers\n|-damage|p2a: Barraskewda|64\/100 tox|[from] psn\n|upkeep\n|turn|21\n|\n|t:|1634603484\n|switch|p1a: Kommo-o|Kommo-o, M|67\/100\n|move|p2a: Barraskewda|Flip Turn|p1a: Kommo-o\n|-resisted|p1a: Kommo-o\n|-damage|p1a: Kommo-o|46\/100\n|\n|t:|1634603492\n|switch|p2a: Zapdos|Zapdos|57\/100 tox|[from]move: Flip Turn\n|\n|-weather|RainDance|[upkeep]\n|-heal|p1a: Kommo-o|52\/100|[from] item: Leftovers\n|-damage|p2a: Zapdos|51\/100 tox|[from] psn\n|upkeep\n|turn|22\n|\n|t:|1634603496\n|move|p1a: Kommo-o|Protect|p1a: Kommo-o\n|-singleturn|p1a: Kommo-o|Protect\n|move|p2a: Zapdos|Hurricane|p1a: Kommo-o\n|-activate|p1a: Kommo-o|move: Protect\n|\n|-weather|RainDance|[upkeep]\n|-heal|p1a: Kommo-o|58\/100|[from] item: Leftovers\n|-damage|p2a: Zapdos|38\/100 tox|[from] psn\n|upkeep\n|turn|23\n|\n|t:|1634603521\n|switch|p1a: Heatran|Heatran, M|67\/100\n|move|p2a: Zapdos|Hurricane|p1a: Heatran\n|-resisted|p1a: Heatran\n|-damage|p1a: Heatran|40\/100\n|\n|-weather|RainDance|[upkeep]\n|-heal|p1a: Heatran|46\/100|[from] item: Leftovers\n|-damage|p2a: Zapdos|20\/100 tox|[from] psn\n|upkeep\n|turn|24\n|-message|mongwong forfeited.\n|\n|win|Kyerndo\n|raw|Kyerndo's rating: 1627 &rarr; <strong>1651<\/strong><br \/>(+24 for winning)\n|raw|mongwong's rating: 1691 &rarr; <strong>1667<\/strong><br \/>(-24 for losing)\n|l|\u2606mongwong\n","uploadtime":1634603612,"views":12,"p1id":"kyerndo","p2id":"mongwong","formatid":"gen8ou","rating":1651,"private":0,"password":null}