{"id":"gen8randombattle-1335029629","p1":"ferromolybdenum","p2":"Livai41","format":"gen8randombattle","log":"|j|\u2606ferromolybdenum\n|j|\u2606Livai41\n|t:|1620247605\n|gametype|singles\n|player|p1|ferromolybdenum|1|1545\n|player|p2|Livai41|1|1506\n|teamsize|p1|6\n|teamsize|p2|6\n|gen|8\n|tier|[Gen 8] Random Battle\n|rated|\n|rule|Species Clause: Limit one of each Pok\u00e9mon\n|rule|HP Percentage Mod: HP is shown in percentages\n|rule|Sleep Clause Mod: Limit one foe put to sleep\n|\n|t:|1620247605\n|start\n|switch|p1a: Vespiquen|Vespiquen, L96, F|290\/290\n|switch|p2a: Stonjourner|Stonjourner, L88, F|319\/319\n|-ability|p1a: Vespiquen|Pressure\n|turn|1\n|inactive|Battle timer is ON: inactive players will automatically lose when time's up. (requested by Livai41)\n|inactive|ferromolybdenum has 120 seconds left.\n|\n|t:|1620247640\n|switch|p1a: Conkeldurr|Conkeldurr, L80, M|299\/299\n|move|p2a: Stonjourner|Rock Polish|p2a: Stonjourner\n|-boost|p2a: Stonjourner|spe|2\n|\n|-status|p1a: Conkeldurr|brn|[from] item: Flame Orb\n|upkeep\n|turn|2\n|\n|t:|1620247650\n|move|p2a: Stonjourner|Heat Crash|p1a: Conkeldurr\n|-damage|p1a: Conkeldurr|142\/299 brn\n|-damage|p2a: Stonjourner|288\/319|[from] item: Life Orb\n|move|p1a: Conkeldurr|Close Combat|p2a: Stonjourner\n|-supereffective|p2a: Stonjourner\n|-damage|p2a: Stonjourner|0 fnt\n|-unboost|p1a: Conkeldurr|def|1\n|-unboost|p1a: Conkeldurr|spd|1\n|faint|p2a: Stonjourner\n|\n|-damage|p1a: Conkeldurr|124\/299 brn|[from] brn\n|upkeep\n|\n|t:|1620247661\n|switch|p2a: Alakazam|Alakazam, L78, F|214\/214\n|turn|3\n|inactive|ferromolybdenum has 120 seconds left.\n|\n|t:|1620247705\n|move|p1a: Conkeldurr|Mach Punch|p2a: Alakazam\n|-resisted|p2a: Alakazam\n|-damage|p2a: Alakazam|142\/214\n|move|p2a: Alakazam|Psychic|p1a: Conkeldurr\n|-supereffective|p1a: Conkeldurr\n|-damage|p1a: Conkeldurr|0 fnt\n|faint|p1a: Conkeldurr\n|\n|upkeep\n|\n|t:|1620247708\n|switch|p1a: Calyrex|Calyrex-Shadow, L66|242\/242\n|-ability|p1a: Calyrex|As One\n|-ability|p1a: Calyrex|Unnerve\n|turn|4\n|\n|t:|1620247715\n|switch|p2a: Lucario|Lucario, L82, M|249\/249\n|move|p1a: Calyrex|Astral Barrage|p2a: Lucario\n|-damage|p2a: Lucario|107\/249\n|\n|upkeep\n|turn|5\n|\n|t:|1620247731\n|move|p1a: Calyrex|Astral Barrage|p2a: Lucario\n|-damage|p2a: Lucario|0 fnt\n|faint|p2a: Lucario\n|-ability|p1a: Calyrex|Grim Neigh|boost\n|-boost|p1a: Calyrex|spa|1\n|\n|upkeep\n|\n|t:|1620247735\n|switch|p2a: Weezing|Weezing-Galar, L86, M|252\/252\n|turn|6\n|\n|t:|1620247754\n|move|p1a: Calyrex|Psyshock|p2a: Weezing\n|-supereffective|p2a: Weezing\n|-damage|p2a: Weezing|54\/252\n|move|p2a: Weezing|Strange Steam|p1a: Calyrex|[miss]\n|-miss|p2a: Weezing|p1a: Calyrex\n|\n|-heal|p2a: Weezing|69\/252|[from] item: Black Sludge\n|upkeep\n|turn|7\n|\n|t:|1620247764\n|move|p1a: Calyrex|Psyshock|p2a: Weezing\n|-supereffective|p2a: Weezing\n|-damage|p2a: Weezing|0 fnt\n|faint|p2a: Weezing\n|-ability|p1a: Calyrex|Grim Neigh|boost\n|-boost|p1a: Calyrex|spa|1\n|\n|upkeep\n|\n|t:|1620247767\n|switch|p2a: Mudsdale|Mudsdale, L82, M|298\/298\n|turn|8\n|\n|t:|1620247773\n|-start|p1a: Calyrex|Dynamax\n|-heal|p1a: Calyrex|484\/484|[silent]\n|move|p1a: Calyrex|Max Phantasm|p2a: Mudsdale\n|-damage|p2a: Mudsdale|9\/298\n|-unboost|p2a: Mudsdale|def|1\n|-ability|p2a: Mudsdale|Stamina|boost\n|-boost|p2a: Mudsdale|def|1\n|move|p2a: Mudsdale|Heavy Slam||[still]\n|-fail|p2a: Mudsdale|Dynamax\n|\n|-heal|p2a: Mudsdale|27\/298|[from] item: Leftovers\n|upkeep\n|turn|9\n|\n|t:|1620247787\n|move|p1a: Calyrex|Max Mindstorm|p2a: Mudsdale\n|-damage|p2a: Mudsdale|0 fnt\n|-fieldstart|move: Psychic Terrain\n|faint|p2a: Mudsdale\n|-ability|p1a: Calyrex|Grim Neigh|boost\n|-boost|p1a: Calyrex|spa|1\n|\n|upkeep\n|\n|t:|1620247796\n|switch|p2a: Aegislash|Aegislash, L80, M|227\/227\n|turn|10\n|\n|t:|1620247803\n|move|p1a: Calyrex|Max Phantasm|p2a: Aegislash\n|-supereffective|p2a: Aegislash\n|-damage|p2a: Aegislash|0 fnt\n|faint|p2a: Aegislash\n|-ability|p1a: Calyrex|Grim Neigh|boost\n|-boost|p1a: Calyrex|spa|1\n|\n|-end|p1a: Calyrex|Dynamax\n|-heal|p1a: Calyrex|242\/242|[silent]\n|upkeep\n|\n|t:|1620247806\n|switch|p2a: Alakazam|Alakazam, L78, F|142\/214\n|turn|11\n|\n|t:|1620247809\n|-start|p2a: Alakazam|Dynamax\n|-heal|p2a: Alakazam|284\/428|[silent]\n|move|p1a: Calyrex|Astral Barrage|p2a: Alakazam\n|-supereffective|p2a: Alakazam\n|-damage|p2a: Alakazam|0 fnt\n|faint|p2a: Alakazam\n|\n|win|ferromolybdenum\n|raw|ferromolybdenum's rating: 1545 &rarr; <strong>1563<\/strong><br \/>(+18 for winning)\n|raw|Livai41's rating: 1505 &rarr; <strong>1487<\/strong><br \/>(-18 for losing)\n|l|\u2606Livai41\n","inputlog":">version b6d5fff24b3848ea0458a2df639987dba61252a3\n>start {\"formatid\":\"gen8randombattle\",\"seed\":[3874,61294,33000,33878],\"rated\":\"Rated battle\"}\n>player p1 {\"name\":\"ferromolybdenum\",\"avatar\":\"1\",\"rating\":1545,\"seed\":[41604,54194,57847,23888]}\n>player p2 {\"name\":\"Livai41\",\"avatar\":\"1\",\"rating\":1506,\"seed\":[39569,15920,39226,5675]}\n>p1 switch 6\n>p2 move rockpolish\n>p1 move closecombat\n>p2 move heatcrash\n>p2 switch 4\n>p1 move machpunch\n>p2 move psychic\n>p1 switch 5\n>p1 move astralbarrage\n>p2 switch 5\n>p1 move astralbarrage\n>p2 move meteormash\n>p2 switch 3\n>p1 move psyshock\n>p2 move strangesteam\n>p1 move psyshock\n>p2 move strangesteam\n>p2 switch 2\n>p1 move astralbarrage dynamax\n>p2 move heavyslam\n>p1 move psyshock dynamax\n>p2 move heavyslam\n>p2 switch 6\n>p1 move astralbarrage dynamax\n>p2 move toxic\n>p2 switch 5\n>p1 move astralbarrage\n>p2 move shadowball dynamax","uploadtime":1620247815,"views":10,"p1id":"ferromolybdenum","p2id":"livai41","formatid":"gen8randombattle","rating":1487,"private":0,"password":null}