{"id":"gen8ou-1214668886","p1":"LT73IU slainey","p2":"ranitidine","format":"gen8ou","log":"|j|\u2606LT73IU slainey\n|j|\u2606ranitidine\n|t:|1604288309\n|player|p1|LT73IU slainey|guitarist|1841\n|player|p2|ranitidine|266|1873\n|teamsize|p1|6\n|teamsize|p2|6\n|gametype|singles\n|gen|8\n|tier|[Gen 8] OU\n|rated|\n|clearpoke\n|poke|p1|Landorus, M|\n|poke|p1|Latias, F|\n|poke|p1|Tyranitar, M|\n|poke|p1|Excadrill, F|\n|poke|p1|Tapu Fini|\n|poke|p1|Buzzwole|\n|poke|p2|Victini|\n|poke|p2|Lucario, M|\n|poke|p2|Blissey, F|\n|poke|p2|Urshifu-*, F|\n|poke|p2|Spectrier|\n|poke|p2|Regieleki|\n|rule|Sleep Clause Mod: Limit one foe put to sleep\n|rule|Species Clause: Limit one of each Pok\u00e9mon\n|rule|OHKO Clause: OHKO moves are banned\n|rule|Evasion Moves Clause: Evasion moves are banned\n|rule|Endless Battle Clause: Forcing endless battles is banned\n|rule|HP Percentage Mod: HP is shown in percentages\n|rule|Dynamax Clause: You cannot dynamax\n|teampreview\n|c|\u2606LT73IU slainey|hey sugar\n|j| sugarhigh\n|c|\u2606LT73IU slainey|this is sugar high right\n|c| sugarhigh|hi\n|c|\u2606LT73IU slainey|oh nvm\n|inactive|Battle timer is ON: inactive players will automatically lose when time's up. (requested by ranitidine)\n|j| uhuhuhuhuhu\n|\n|t:|1604288381\n|start\n|switch|p1a: Excadrill|Excadrill, F|100\/100\n|switch|p2a: Victini|Victini|100\/100\n|turn|1\n|j| Mmijk\n|\n|t:|1604288395\n|switch|p1a: Latias|Latias, F|100\/100\n|move|p2a: Victini|Final Gambit|p1a: Latias\n|-damage|p1a: Latias|0 fnt\n|faint|p2a: Victini\n|faint|p1a: Latias\n|\n|upkeep\n|\n|t:|1604288403\n|switch|p1a: Excadrill|Excadrill, F|100\/100\n|switch|p2a: Blissey|Blissey, F|100\/100\n|turn|2\n|j| Popsicle\n|c|\u2606LT73IU slainey|this better kill LOL\n|inactive|LT73IU slainey has 120 seconds left.\n|\n|t:|1604288441\n|switch|p1a: Tapu Fini|Tapu Fini|100\/100\n|-fieldstart|move: Misty Terrain|[from] ability: Misty Surge|[of] p1a: Tapu Fini\n|move|p2a: Blissey|Copycat|p2a: Blissey\n|move|p2a: Blissey|Final Gambit|p1a: Tapu Fini|[from]Copycat\n|-damage|p1a: Tapu Fini|0 fnt\n|faint|p2a: Blissey\n|faint|p1a: Tapu Fini\n|\n|upkeep\n|inactive|LT73IU slainey has 120 seconds left.\n|c|\u2606LT73IU slainey|shoulda went some1 else\n|c|\u2606LT73IU slainey|whyd i go exca lol\n|c|\u2606ranitidine|eh i still lose\n|inactive|LT73IU slainey has 90 seconds left.\n|c| sugarhigh|search\n|\n|t:|1604288479\n|switch|p2a: Lucario|Lucario, M|100\/100\n|switch|p1a: Fightclub|Tyranitar, M|100\/100\n|-weather|Sandstorm|[from] ability: Sand Stream|[of] p1a: Fightclub\n|turn|3\n|j| psywww\n|inactive|LT73IU slainey has 90 seconds left.\n|j| thats my mojo\n|\n|t:|1604288510\n|switch|p1a: Landorus|Landorus, M|100\/100\n|move|p2a: Lucario|Final Gambit|p1a: Landorus\n|-damage|p1a: Landorus|0 fnt\n|faint|p2a: Lucario\n|faint|p1a: Landorus\n|\n|-weather|Sandstorm|[upkeep]\n|upkeep\n|\n|t:|1604288522\n|switch|p1a: Excadrill|Excadrill, F|100\/100\n|switch|p2a: Urshifu|Urshifu, F|100\/100\n|turn|4\n|j| Splicedmagicfan\n|inactive|LT73IU slainey has 60 seconds left.\n|\n|t:|1604288553\n|switch|p1a: Buzzwole|Buzzwole|100\/100\n|move|p2a: Urshifu|Bulk Up|p2a: Urshifu\n|-boost|p2a: Urshifu|atk|1\n|-boost|p2a: Urshifu|def|1\n|\n|-weather|Sandstorm|[upkeep]\n|-damage|p2a: Urshifu|94\/100|[from] Sandstorm\n|-damage|p1a: Buzzwole|94\/100|[from] Sandstorm\n|upkeep\n|turn|5\n|\n|t:|1604288560\n|move|p2a: Urshifu|Bulk Up|p2a: Urshifu\n|-boost|p2a: Urshifu|atk|1\n|-boost|p2a: Urshifu|def|1\n|move|p1a: Buzzwole|Drain Punch|p2a: Urshifu\n|-supereffective|p2a: Urshifu\n|-damage|p2a: Urshifu|59\/100\n|-heal|p1a: Buzzwole|100\/100|[from] drain|[of] p2a: Urshifu\n|\n|-weather|Sandstorm|[upkeep]\n|-damage|p2a: Urshifu|53\/100|[from] Sandstorm\n|-damage|p1a: Buzzwole|94\/100|[from] Sandstorm\n|upkeep\n|turn|6\n|\n|t:|1604288564\n|move|p2a: Urshifu|Wicked Blow|p1a: Buzzwole\n|-resisted|p1a: Buzzwole\n|-crit|p1a: Buzzwole\n|-damage|p1a: Buzzwole|55\/100\n|move|p1a: Buzzwole|Drain Punch|p2a: Urshifu\n|-supereffective|p2a: Urshifu\n|-damage|p2a: Urshifu|19\/100\n|-heal|p1a: Buzzwole|69\/100|[from] drain|[of] p2a: Urshifu\n|\n|-weather|Sandstorm|[upkeep]\n|-damage|p2a: Urshifu|13\/100|[from] Sandstorm\n|-damage|p1a: Buzzwole|62\/100|[from] Sandstorm\n|-fieldend|Misty Terrain\n|upkeep\n|turn|7\n|\n|t:|1604288568\n|move|p2a: Urshifu|Wicked Blow|p1a: Buzzwole\n|-resisted|p1a: Buzzwole\n|-crit|p1a: Buzzwole\n|-damage|p1a: Buzzwole|26\/100\n|move|p1a: Buzzwole|Roost|p1a: Buzzwole\n|-heal|p1a: Buzzwole|76\/100\n|-singleturn|p1a: Buzzwole|move: Roost\n|\n|-weather|none\n|upkeep\n|turn|8\n|\n|t:|1604288572\n|move|p2a: Urshifu|Wicked Blow|p1a: Buzzwole\n|-resisted|p1a: Buzzwole\n|-crit|p1a: Buzzwole\n|-damage|p1a: Buzzwole|41\/100\n|move|p1a: Buzzwole|Drain Punch|p2a: Urshifu\n|-supereffective|p2a: Urshifu\n|-damage|p2a: Urshifu|0 fnt\n|-heal|p1a: Buzzwole|46\/100|[from] drain|[of] p2a: Urshifu\n|faint|p2a: Urshifu\n|-ability|p1a: Buzzwole|Beast Boost|boost\n|-boost|p1a: Buzzwole|def|1\n|\n|upkeep\n|\n|t:|1604288580\n|switch|p2a: Spectrier|Spectrier|100\/100\n|turn|9\n|-message|ranitidine forfeited.\n|\n|win|LT73IU slainey\n|l|\u2606ranitidine\n|l| Splicedmagicfan\n|l| Mmijk\n|raw|LT73IU slainey's rating: 1841 &rarr; <strong>1863<\/strong><br \/>(+22 for winning)\n|raw|ranitidine's rating: 1873 &rarr; <strong>1851<\/strong><br \/>(-22 for losing)\n|l| uhuhuhuhuhu\n","uploadtime":1604288601,"views":112,"p1id":"lt73iuslainey","p2id":"ranitidine","formatid":"gen8ou","rating":1851,"private":0,"password":null}