{"id":"gen8randombattle-1547600055","p1":"Jenome","p2":"DjezzeMwoan","format":"gen8randombattle","log":"|j|\u2606Jenome\n|j|\u2606DjezzeMwoan\n|t:|1649276397\n|gametype|singles\n|player|p1|Jenome|byron|1858\n|player|p2|DjezzeMwoan|101|1911\n|teamsize|p1|6\n|teamsize|p2|6\n|gen|8\n|tier|[Gen 8] Random Battle\n|rated|\n|rule|Species Clause: Limit one of each Pok\u00e9mon\n|rule|HP Percentage Mod: HP is shown in percentages\n|rule|Sleep Clause Mod: Limit one foe put to sleep\n|\n|t:|1649276397\n|start\n|switch|p1a: Roserade|Roserade, L84, F|238\/238\n|switch|p2a: Espeon|Espeon, L82, F|241\/241\n|turn|1\n|\n|t:|1649276410\n|move|p2a: Espeon|Dazzling Gleam|p1a: Roserade\n|-resisted|p1a: Roserade\n|-damage|p1a: Roserade|209\/238\n|move|p1a: Roserade|Leaf Storm|p2a: Espeon\n|-damage|p2a: Espeon|75\/241\n|-unboost|p1a: Roserade|spa|2\n|\n|-heal|p2a: Espeon|90\/241|[from] item: Leftovers\n|-heal|p1a: Roserade|223\/238|[from] item: Black Sludge\n|upkeep\n|turn|2\n|\n|t:|1649276417\n|switch|p1a: Tornadus|Tornadus, L80, M|258\/258\n|move|p2a: Espeon|Morning Sun|p2a: Espeon\n|-heal|p2a: Espeon|210\/241\n|\n|-heal|p2a: Espeon|225\/241|[from] item: Leftovers\n|upkeep\n|turn|3\n|inactive|Battle timer is ON: inactive players will automatically lose when time's up. (requested by Jenome)\n|\n|t:|1649276434\n|switch|p2a: Jolteon|Jolteon, L82, F|241\/241\n|move|p1a: Tornadus|Nasty Plot|p1a: Tornadus\n|-boost|p1a: Tornadus|spa|2\n|\n|upkeep\n|turn|4\n|\n|t:|1649276445\n|switch|p1a: Roserade|Roserade, L84, F|223\/238\n|move|p2a: Jolteon|Volt Switch|p1a: Roserade\n|-resisted|p1a: Roserade\n|-damage|p1a: Roserade|171\/238\n|\n|t:|1649276453\n|switch|p2a: Espeon|Espeon, L82, F|225\/241\n|\n|-heal|p2a: Espeon|240\/241|[from] item: Leftovers\n|-heal|p1a: Roserade|185\/238|[from] item: Black Sludge\n|upkeep\n|turn|5\n|\n|t:|1649276460\n|switch|p1a: Druddigon|Druddigon, L84, F|267\/267\n|-ability|p1a: Druddigon|Mold Breaker\n|move|p2a: Espeon|Psychic|p1a: Druddigon\n|-damage|p1a: Druddigon|146\/267\n|\n|-heal|p2a: Espeon|241\/241|[from] item: Leftovers\n|upkeep\n|turn|6\n|\n|t:|1649276486\n|switch|p2a: Xerneas|Xerneas, L67|280\/280\n|-ability|p2a: Xerneas|Fairy Aura\n|move|p1a: Druddigon|Sucker Punch||[still]\n|-fail|p1a: Druddigon\n|\n|upkeep\n|turn|7\n|\n|t:|1649276489\n|move|p2a: Xerneas|Moonblast|p1a: Druddigon\n|-supereffective|p1a: Druddigon\n|-damage|p1a: Druddigon|0 fnt\n|faint|p1a: Druddigon\n|\n|upkeep\n|\n|t:|1649276493\n|switch|p1a: Stakataka|Stakataka, L80|229\/229\n|-item|p1a: Stakataka|Air Balloon\n|turn|8\n|\n|t:|1649276510\n|switch|p2a: Vaporeon|Vaporeon, L84, F|356\/356\n|move|p1a: Stakataka|Trick Room|p1a: Stakataka\n|-fieldstart|move: Trick Room|[of] p1a: Stakataka\n|\n|upkeep\n|turn|9\n|\n|t:|1649276515\n|switch|p1a: Roserade|Roserade, L84, F|185\/238\n|move|p2a: Vaporeon|Scald|p1a: Roserade\n|-resisted|p1a: Roserade\n|-damage|p1a: Roserade|145\/238\n|\n|-heal|p1a: Roserade|159\/238|[from] item: Black Sludge\n|upkeep\n|turn|10\n|\n|t:|1649276528\n|switch|p2a: Espeon|Espeon, L82, F|241\/241\n|move|p1a: Roserade|Sludge Bomb|p2a: Espeon\n|-crit|p2a: Espeon\n|-damage|p2a: Espeon|78\/241\n|\n|-heal|p1a: Roserade|173\/238|[from] item: Black Sludge\n|-heal|p2a: Espeon|93\/241|[from] item: Leftovers\n|upkeep\n|turn|11\n|\n|t:|1649276534\n|move|p1a: Roserade|Sludge Bomb|p2a: Espeon\n|-damage|p2a: Espeon|0 fnt\n|faint|p2a: Espeon\n|\n|-heal|p1a: Roserade|187\/238|[from] item: Black Sludge\n|upkeep\n|\n|t:|1649276537\n|switch|p2a: Oranguru|Oranguru, L86, M|295\/295\n|turn|12\n|\n|t:|1649276549\n|switch|p1a: Hydreigon|Hydreigon, L80, F|278\/278\n|move|p2a: Oranguru|Psychic|p1a: Hydreigon\n|-immune|p1a: Hydreigon\n|\n|-fieldend|move: Trick Room\n|upkeep\n|turn|13\n|\n|t:|1649276567\n|move|p1a: Hydreigon|Nasty Plot|p1a: Hydreigon\n|-boost|p1a: Hydreigon|spa|2\n|move|p2a: Oranguru|Trick Room|p2a: Oranguru\n|-fieldstart|move: Trick Room|[of] p2a: Oranguru\n|\n|upkeep\n|turn|14\n|\n|t:|1649276571\n|switch|p2a: Rotom|Rotom-Wash, L82|216\/216\n|move|p1a: Hydreigon|Dark Pulse|p2a: Rotom\n|-damage|p2a: Rotom|47\/216\n|\n|-heal|p2a: Rotom|60\/216|[from] item: Leftovers\n|upkeep\n|turn|15\n|\n|t:|1649276575\n|move|p2a: Rotom|Hydro Pump|p1a: Hydreigon\n|-resisted|p1a: Hydreigon\n|-damage|p1a: Hydreigon|219\/278\n|move|p1a: Hydreigon|Dark Pulse|p2a: Rotom\n|-damage|p2a: Rotom|0 fnt\n|faint|p2a: Rotom\n|\n|-heal|p1a: Hydreigon|236\/278|[from] item: Leftovers\n|upkeep\n|\n|t:|1649276583\n|switch|p2a: Oranguru|Oranguru, L86, M|295\/295\n|turn|16\n|\n|t:|1649276586\n|move|p2a: Oranguru|Thunderbolt|p1a: Hydreigon\n|-resisted|p1a: Hydreigon\n|-damage|p1a: Hydreigon|203\/278\n|move|p1a: Hydreigon|Dark Pulse|p2a: Oranguru\n|-supereffective|p2a: Oranguru\n|-damage|p2a: Oranguru|0 fnt\n|faint|p2a: Oranguru\n|\n|-heal|p1a: Hydreigon|220\/278|[from] item: Leftovers\n|upkeep\n|\n|t:|1649276588\n|switch|p2a: Xerneas|Xerneas, L67|280\/280\n|-ability|p2a: Xerneas|Fairy Aura\n|turn|17\n|\n|t:|1649276593\n|move|p2a: Xerneas|Geomancy||[still]\n|-prepare|p2a: Xerneas|Geomancy\n|-enditem|p2a: Xerneas|Power Herb\n|-anim|p2a: Xerneas|Geomancy|p2a: Xerneas\n|-boost|p2a: Xerneas|spa|2\n|-boost|p2a: Xerneas|spd|2\n|-boost|p2a: Xerneas|spe|2\n|move|p1a: Hydreigon|Dark Pulse|p2a: Xerneas\n|-resisted|p2a: Xerneas\n|-damage|p2a: Xerneas|226\/280\n|\n|-heal|p1a: Hydreigon|237\/278|[from] item: Leftovers\n|-fieldend|move: Trick Room\n|upkeep\n|turn|18\n|\n|t:|1649276600\n|-start|p2a: Xerneas|Dynamax|\n|-heal|p2a: Xerneas|452\/560|[silent]\n|move|p2a: Xerneas|Max Lightning|p1a: Hydreigon\n|-resisted|p1a: Hydreigon\n|-damage|p1a: Hydreigon|165\/278\n|-fieldstart|move: Electric Terrain\n|move|p1a: Hydreigon|Dark Pulse|p2a: Xerneas\n|-resisted|p2a: Xerneas\n|-damage|p2a: Xerneas|400\/560\n|\n|-heal|p1a: Hydreigon|182\/278|[from] item: Leftovers\n|upkeep\n|turn|19\n|\n|t:|1649276605\n|switch|p1a: Roserade|Roserade, L84, F|187\/238\n|move|p2a: Xerneas|Max Starfall|p1a: Roserade\n|-resisted|p1a: Roserade\n|-damage|p1a: Roserade|61\/238\n|-fieldstart|move: Misty Terrain\n|\n|-heal|p1a: Roserade|75\/238|[from] item: Black Sludge\n|upkeep\n|turn|20\n|\n|t:|1649276610\n|switch|p1a: Hydreigon|Hydreigon, L80, F|182\/278\n|move|p2a: Xerneas|Max Mindstorm|p1a: Hydreigon\n|-immune|p1a: Hydreigon\n|\n|-heal|p1a: Hydreigon|199\/278|[from] item: Leftovers\n|-end|p2a: Xerneas|Dynamax\n|-heal|p2a: Xerneas|200\/280|[silent]\n|upkeep\n|turn|21\n|\n|t:|1649276625\n|switch|p1a: Tornadus|Tornadus, L80, M|258\/258\n|move|p2a: Xerneas|Moonblast|p1a: Tornadus\n|-damage|p1a: Tornadus|11\/258\n|\n|upkeep\n|turn|22\n|\n|t:|1649276629\n|move|p2a: Xerneas|Moonblast|p1a: Tornadus\n|-damage|p1a: Tornadus|0 fnt\n|faint|p1a: Tornadus\n|\n|upkeep\n|\n|t:|1649276631\n|switch|p1a: Stakataka|Stakataka, L80|229\/229\n|-item|p1a: Stakataka|Air Balloon\n|turn|23\n|\n|t:|1649276640\n|move|p2a: Xerneas|Thunderbolt|p1a: Stakataka\n|-damage|p1a: Stakataka|136\/229\n|-enditem|p1a: Stakataka|Air Balloon\n|move|p1a: Stakataka|Gyro Ball|p2a: Xerneas\n|-supereffective|p2a: Xerneas\n|-damage|p2a: Xerneas|0 fnt\n|faint|p2a: Xerneas\n|-ability|p1a: Stakataka|Beast Boost|boost\n|-boost|p1a: Stakataka|def|1\n|\n|-fieldend|Misty Terrain\n|upkeep\n|\n|t:|1649276643\n|switch|p2a: Vaporeon|Vaporeon, L84, F|356\/356\n|turn|24\n|\n|t:|1649276648\n|switch|p1a: Hydreigon|Hydreigon, L80, F|199\/278\n|move|p2a: Vaporeon|Scald|p1a: Hydreigon\n|-resisted|p1a: Hydreigon\n|-damage|p1a: Hydreigon|150\/278\n|-status|p1a: Hydreigon|brn\n|\n|-heal|p1a: Hydreigon|167\/278 brn|[from] item: Leftovers\n|-damage|p1a: Hydreigon|150\/278 brn|[from] brn\n|upkeep\n|turn|25\n|\n|t:|1649276654\n|switch|p2a: Jolteon|Jolteon, L82, F|241\/241\n|move|p1a: Hydreigon|Nasty Plot|p1a: Hydreigon\n|-boost|p1a: Hydreigon|spa|2\n|\n|-heal|p1a: Hydreigon|167\/278 brn|[from] item: Leftovers\n|-damage|p1a: Hydreigon|150\/278 brn|[from] brn\n|upkeep\n|turn|26\n|\n|t:|1649276658\n|move|p2a: Jolteon|Hyper Voice|p1a: Hydreigon\n|-damage|p1a: Hydreigon|38\/278 brn\n|move|p1a: Hydreigon|Roost|p1a: Hydreigon\n|-heal|p1a: Hydreigon|177\/278 brn\n|-singleturn|p1a: Hydreigon|move: Roost\n|\n|-heal|p1a: Hydreigon|194\/278 brn|[from] item: Leftovers\n|-damage|p1a: Hydreigon|177\/278 brn|[from] brn\n|upkeep\n|turn|27\n|\n|t:|1649276661\n|move|p2a: Jolteon|Hyper Voice|p1a: Hydreigon\n|-damage|p1a: Hydreigon|65\/278 brn\n|move|p1a: Hydreigon|Roost|p1a: Hydreigon\n|-heal|p1a: Hydreigon|204\/278 brn\n|-singleturn|p1a: Hydreigon|move: Roost\n|\n|-heal|p1a: Hydreigon|221\/278 brn|[from] item: Leftovers\n|-damage|p1a: Hydreigon|204\/278 brn|[from] brn\n|upkeep\n|turn|28\n|-message|DjezzeMwoan forfeited.\n|\n|win|Jenome\n|raw|Jenome's rating: 1858 &rarr; <strong>1880<\/strong><br \/>(+22 for winning)\n|raw|DjezzeMwoan's rating: 1893 &rarr; <strong>1871<\/strong><br \/>(-22 for losing)\n|l|\u2606DjezzeMwoan\n","inputlog":">version 0162639e2be10fee1f1935f037788d778e37d0f7\n>start {\"formatid\":\"gen8randombattle\",\"seed\":[37443,22388,29377,20860],\"rated\":\"Rated battle\"}\n>player p1 {\"name\":\"Jenome\",\"avatar\":\"byron\",\"rating\":1858,\"seed\":[9080,56371,53520,27876]}\n>player p2 {\"name\":\"DjezzeMwoan\",\"avatar\":\"101\",\"rating\":1911,\"seed\":[38298,13030,37998,43646]}\n>p1 move leafstorm\n>p2 move dazzlinggleam\n>p1 switch 5\n>p2 move morningsun\n>p1 move nastyplot\n>p2 switch 5\n>p1 switch 5\n>p2 move voltswitch\n>p2 switch 5\n>p1 switch 4\n>p2 move psychic\n>p1 move suckerpunch\n>p2 switch 6\n>p1 move glare\n>p2 move moonblast\n>p1 switch 6\n>p1 move trickroom\n>p2 switch 2\n>p1 switch 4\n>p2 move scald\n>p1 move sludgebomb\n>p2 switch 6\n>p1 move sludgebomb\n>p2 move morningsun\n>p2 switch 3\n>p1 switch 2\n>p2 move psychic\n>p1 move nastyplot\n>p2 move trickroom\n>p1 move darkpulse\n>p2 switch 4\n>p1 move darkpulse\n>p2 move hydropump\n>p2 switch 4\n>p1 move darkpulse\n>p2 move thunderbolt\n>p2 switch 2\n>p1 move darkpulse\n>p2 move geomancy\n>p1 move darkpulse\n>p2 move thunderbolt dynamax\n>p1 switch 2\n>p2 move moonblast dynamax\n>p1 switch 2\n>p2 move psyshock dynamax\n>p1 switch 5\n>p2 move moonblast\n>p1 move hurricane\n>p2 move moonblast\n>p1 switch 4\n>p1 move gyroball\n>p2 move thunderbolt\n>p2 switch 6\n>p1 switch 5\n>p2 move scald\n>p1 move nastyplot\n>p2 switch 5\n>p1 move roost\n>p2 move hypervoice\n>p1 move roost\n>p2 move hypervoice\n>forcelose p2","uploadtime":1649276667,"views":7,"p1id":"jenome","p2id":"djezzemwoan","formatid":"gen8randombattle","rating":1871,"private":0,"password":null}