{"id":"gen8nationaldexag-1565334238","p1":"Phantump Bloood","p2":"Rediyu","format":"gen8nationaldexag","log":"|j|\u2606Phantump Bloood\n|j|\u2606Rediyu\n|t:|1651418102\n|gametype|singles\n|player|p1|Phantump Bloood|wicke|\n|player|p2|Rediyu|guitarist|\n|teamsize|p1|6\n|teamsize|p2|6\n|gen|8\n|tier|[Gen 8] National Dex AG\n|rule|HP Percentage Mod: HP is shown in percentages\n|rule|Endless Battle Clause: Forcing endless battles is banned\n|clearpoke\n|poke|p1|Cutiefly, L5, M|\n|poke|p1|Scraggy, L5, F|\n|poke|p1|Foongus, L5, F|\n|poke|p1|Geodude-Alola, L5, M|\n|poke|p1|Magby, L5, M|\n|poke|p1|Cottonee, L5, F|\n|poke|p2|Solosis, L5, M|\n|poke|p2|Drifloon, L5, M|\n|poke|p2|Koffing, L5, M|\n|poke|p2|Chinchou, L5, M|\n|poke|p2|Noibat, L5, M|\n|poke|p2|Sandshrew-Alola, L5, M|\n|teampreview\n|inactive|Battle timer is ON: inactive players will automatically lose when time's up. (requested by Phantump Bloood)\n|inactiveoff|Battle timer is now OFF.\n|c|\u2606Rediyu|gl hf dir\n|c|\u2606Phantump Bloood|u2 ^^\n|\n|t:|1651418160\n|start\n|switch|p1a: Flint Hammerhead|Geodude-Alola, L5, M|100\/100\n|switch|p2a: Horohoro|Sandshrew-Alola, L5, M|100\/100\n|turn|1\n|c|\u2606Phantump Bloood|Ooooh, gutes Naming Theme\n|\n|t:|1651418178\n|move|p2a: Horohoro|Stealth Rock|p1a: Flint Hammerhead\n|-sidestart|p1: Phantump Bloood|move: Stealth Rock\n|move|p1a: Flint Hammerhead|Earthquake|p2a: Horohoro\n|-supereffective|p2a: Horohoro\n|-damage|p2a: Horohoro|37\/100\n|\n|upkeep\n|turn|2\n|c|\u2606Rediyu|haha ja, wusste wir beide schauen es x]\n|\n|t:|1651418200\n|move|p2a: Horohoro|Earthquake|p1a: Flint Hammerhead\n|-supereffective|p1a: Flint Hammerhead\n|-ability|p1a: Flint Hammerhead|Sturdy\n|-damage|p1a: Flint Hammerhead|5\/100\n|move|p1a: Flint Hammerhead|Stealth Rock|p2a: Horohoro\n|-sidestart|p2: Rediyu|move: Stealth Rock\n|\n|upkeep\n|turn|3\n|-enditem|p1a: Flint Hammerhead|Custap Berry|[eat]\n|-activate|p1a: Flint Hammerhead|item: Custap Berry|[consumed]\n|\n|t:|1651418210\n|move|p1a: Flint Hammerhead|Earthquake|p2a: Horohoro\n|-supereffective|p2a: Horohoro\n|-damage|p2a: Horohoro|0 fnt\n|faint|p2a: Horohoro\n|\n|upkeep\n|\n|t:|1651418239\n|switch|p2a: Faust VIII|Koffing, L5, M|100\/100\n|-damage|p2a: Faust VIII|90\/100|[from] Stealth Rock\n|turn|4\n|\n|t:|1651418244\n|move|p2a: Faust VIII|Sludge Bomb|p1a: Flint Hammerhead\n|-resisted|p1a: Flint Hammerhead\n|-damage|p1a: Flint Hammerhead|0 fnt\n|faint|p1a: Flint Hammerhead\n|\n|upkeep\n|\n|t:|1651418256\n|switch|p1a: Phineas and Ferb|Scraggy, L5, F, shiny|100\/100\n|-damage|p1a: Phineas and Ferb|96\/100|[from] Stealth Rock\n|turn|5\n|\n|t:|1651418270\n|move|p1a: Phineas and Ferb|Substitute|p1a: Phineas and Ferb\n|-start|p1a: Phineas and Ferb|Substitute\n|-damage|p1a: Phineas and Ferb|71\/100\n|move|p2a: Faust VIII|Sludge Bomb|p1a: Phineas and Ferb\n|-end|p1a: Phineas and Ferb|Substitute\n|\n|upkeep\n|turn|6\n|\n|t:|1651418275\n|move|p1a: Phineas and Ferb|Dragon Dance|p1a: Phineas and Ferb\n|-boost|p1a: Phineas and Ferb|atk|1\n|-boost|p1a: Phineas and Ferb|spe|1\n|move|p2a: Faust VIII|Sludge Bomb|p1a: Phineas and Ferb\n|-damage|p1a: Phineas and Ferb|34\/100\n|\n|upkeep\n|turn|7\n|\n|t:|1651418281\n|move|p1a: Phineas and Ferb|Knock Off|p2a: Faust VIII\n|-damage|p2a: Faust VIII|25\/100\n|-enditem|p2a: Faust VIII|Custap Berry|[from] move: Knock Off|[of] p1a: Phineas and Ferb\n|move|p2a: Faust VIII|Sludge Bomb|p1a: Phineas and Ferb\n|-damage|p1a: Phineas and Ferb|0 fnt\n|faint|p1a: Phineas and Ferb\n|\n|upkeep\n|\n|t:|1651418290\n|switch|p1a: Powerpuff Girls|Magby, L5, M|100\/100\n|-damage|p1a: Powerpuff Girls|78\/100|[from] Stealth Rock\n|turn|8\n|\n|t:|1651418339\n|switch|p2a: Manta|Chinchou, L5, M|100\/100\n|-damage|p2a: Manta|88\/100|[from] Stealth Rock\n|move|p1a: Powerpuff Girls|Belly Drum|p1a: Powerpuff Girls\n|-damage|p1a: Powerpuff Girls|28\/100\n|-setboost|p1a: Powerpuff Girls|atk|6|[from] move: Belly Drum\n|-enditem|p1a: Powerpuff Girls|Berry Juice\n|-heal|p1a: Powerpuff Girls|100\/100|[from] item: Berry Juice\n|\n|upkeep\n|turn|9\n|\n|t:|1651418357\n|switch|p2a: Faust VIII|Koffing, L5, M|25\/100\n|-damage|p2a: Faust VIII|15\/100|[from] Stealth Rock\n|move|p1a: Powerpuff Girls|Mach Punch|p2a: Faust VIII\n|-resisted|p2a: Faust VIII\n|-damage|p2a: Faust VIII|0 fnt\n|faint|p2a: Faust VIII\n|\n|upkeep\n|\n|t:|1651418360\n|switch|p2a: Hao|Solosis, L5, M|100\/100\n|turn|10\n|\n|t:|1651418367\n|move|p1a: Powerpuff Girls|Flame Charge|p2a: Hao\n|-enditem|p2a: Hao|Focus Sash\n|-damage|p2a: Hao|5\/100\n|-boost|p1a: Powerpuff Girls|spe|1\n|move|p2a: Hao|Trick Room|p2a: Hao\n|-fieldstart|move: Trick Room|[of] p2a: Hao\n|\n|upkeep\n|turn|11\n|\n|t:|1651418377\n|switch|p2a: Amidamaru|Drifloon, L5, M|100\/100\n|-damage|p2a: Amidamaru|77\/100|[from] Stealth Rock\n|move|p1a: Powerpuff Girls|Mach Punch|p2a: Amidamaru\n|-immune|p2a: Amidamaru\n|\n|upkeep\n|turn|12\n|\n|t:|1651418384\n|move|p2a: Amidamaru|Acrobatics|p1a: Powerpuff Girls\n|-damage|p1a: Powerpuff Girls|60\/100\n|move|p1a: Powerpuff Girls|Thunder Punch|p2a: Amidamaru\n|-supereffective|p2a: Amidamaru\n|-crit|p2a: Amidamaru\n|-damage|p2a: Amidamaru|0 fnt\n|faint|p2a: Amidamaru\n|\n|upkeep\n|\n|t:|1651418387\n|switch|p2a: Ren|Noibat, L5, M|100\/100\n|-damage|p2a: Ren|77\/100|[from] Stealth Rock\n|turn|13\n|\n|t:|1651418394\n|-zpower|p2a: Ren\n|move|p2a: Ren|Supersonic Skystrike|p1a: Powerpuff Girls|[zeffect]\n|-damage|p1a: Powerpuff Girls|0 fnt\n|faint|p1a: Powerpuff Girls\n|\n|upkeep\n|\n|t:|1651418424\n|switch|p1a: Milo Murphy's Law|Foongus, L5, F|100\/100\n|-damage|p1a: Milo Murphy's Law|89\/100|[from] Stealth Rock\n|turn|14\n|\n|t:|1651418432\n|move|p1a: Milo Murphy's Law|Spore|p2a: Ren\n|-status|p2a: Ren|slp|[from] move: Spore\n|cant|p2a: Ren|slp\n|\n|-fieldend|move: Trick Room\n|upkeep\n|turn|15\n|\n|t:|1651418439\n|switch|p1a: Failry Oddparents|Cutiefly, L5, M, shiny|100\/100\n|-damage|p1a: Failry Oddparents|75\/100|[from] Stealth Rock\n|cant|p2a: Ren|slp\n|\n|upkeep\n|turn|16\n|\n|t:|1651418448\n|move|p1a: Failry Oddparents|Quiver Dance|p1a: Failry Oddparents\n|-boost|p1a: Failry Oddparents|spa|1\n|-boost|p1a: Failry Oddparents|spd|1\n|-boost|p1a: Failry Oddparents|spe|1\n|-curestatus|p2a: Ren|slp|[msg]\n|move|p2a: Ren|Hurricane|p1a: Failry Oddparents|[miss]\n|-miss|p2a: Ren|p1a: Failry Oddparents\n|\n|upkeep\n|turn|17\n|\n|t:|1651418456\n|switch|p2a: Hao|Solosis, L5, M|5\/100\n|move|p1a: Failry Oddparents|Moonblast|p2a: Hao\n|-damage|p2a: Hao|0 fnt\n|faint|p2a: Hao\n|\n|upkeep\n|\n|t:|1651418458\n|switch|p2a: Manta|Chinchou, L5, M|88\/100\n|-damage|p2a: Manta|75\/100|[from] Stealth Rock\n|turn|18\n|\n|t:|1651418465\n|move|p1a: Failry Oddparents|Energy Ball|p2a: Manta\n|-supereffective|p2a: Manta\n|-damage|p2a: Manta|0 fnt\n|faint|p2a: Manta\n|\n|upkeep\n|\n|t:|1651418468\n|switch|p2a: Ren|Noibat, L5, M|77\/100\n|-damage|p2a: Ren|53\/100|[from] Stealth Rock\n|-item|p1a: Failry Oddparents|Expert Belt|[from] ability: Frisk|[of] p2a: Ren|[identify]\n|turn|19\n|\n|t:|1651418473\n|move|p1a: Failry Oddparents|Moonblast|p2a: Ren\n|-supereffective|p2a: Ren\n|-damage|p2a: Ren|0 fnt\n|faint|p2a: Ren\n|\n|win|Phantump Bloood\n|c|\u2606Rediyu|gg\n|c|\u2606Phantump Bloood|gg\n|c|\u2606Rediyu|well, hab belly drum ausgeblendet\n|c|\u2606Phantump Bloood|Understandable, der Hurricane miss war auch etwas unlucky\n","uploadtime":1651418489,"views":23,"p1id":"phantumpbloood","p2id":"rediyu","formatid":"gen8nationaldexag","rating":0,"private":0,"password":null}