{"id":"gen8ou-1699942329","p1":"Nagima Yumemi","p2":"Shinjou Akane","format":"gen8ou","log":"|j|\u2606Nagima Yumemi\n|j|\u2606Shinjou Akane\n|t:|1667295632\n|gametype|singles\n|player|p1|Nagima Yumemi|swimmerf-gen4dp|1654\n|player|p2|Shinjou Akane|nurse|1597\n|teamsize|p1|6\n|teamsize|p2|6\n|gen|8\n|tier|[Gen 8] OU\n|rated|\n|rule|Sleep Clause Mod: Limit one foe put to sleep\n|rule|Species Clause: Limit one of each Pok\u00e9mon\n|rule|OHKO Clause: OHKO moves are banned\n|rule|Evasion Items Clause: Evasion items are banned\n|rule|Evasion Moves Clause: Evasion moves are banned\n|rule|Endless Battle Clause: Forcing endless battles is banned\n|rule|HP Percentage Mod: HP is shown in percentages\n|rule|Dynamax Clause: You cannot dynamax\n|clearpoke\n|poke|p1|Ninetales-Alola, F|\n|poke|p1|Weavile, M|\n|poke|p1|Volcarona, F|\n|poke|p1|Mew|\n|poke|p1|Garchomp, F|\n|poke|p1|Cloyster, F|\n|poke|p2|Tapu Lele|\n|poke|p2|Blacephalon|\n|poke|p2|Tyranitar, F|\n|poke|p2|Landorus-Therian, M|\n|poke|p2|Corviknight, M|\n|poke|p2|Toxapex, M|\n|teampreview\n|inactive|Battle timer is ON: inactive players will automatically lose when time's up. (requested by Nagima Yumemi)\n|\n|t:|1667295637\n|start\n|switch|p1a: Mew|Mew|100\/100\n|switch|p2a: Tyranitar|Tyranitar, F|100\/100\n|-weather|Sandstorm|[from] ability: Sand Stream|[of] p2a: Tyranitar\n|turn|1\n|\n|t:|1667295643\n|switch|p2a: Blacephalon|Blacephalon|100\/100\n|move|p1a: Mew|Taunt|p2a: Blacephalon\n|-start|p2a: Blacephalon|move: Taunt\n|\n|-weather|Sandstorm|[upkeep]\n|-damage|p2a: Blacephalon|94\/100|[from] Sandstorm\n|-damage|p1a: Mew|94\/100|[from] Sandstorm\n|upkeep\n|turn|2\n|\n|t:|1667295647\n|move|p2a: Blacephalon|Shadow Ball|p1a: Mew\n|-supereffective|p1a: Mew\n|-damage|p1a: Mew|0 fnt\n|faint|p1a: Mew\n|-ability|p2a: Blacephalon|Beast Boost|boost\n|-boost|p2a: Blacephalon|spa|1\n|\n|-weather|Sandstorm|[upkeep]\n|-damage|p2a: Blacephalon|88\/100|[from] Sandstorm\n|upkeep\n|\n|t:|1667295650\n|switch|p1a: Weavile|Weavile, M, shiny|100\/100\n|-ability|p1a: Weavile|Pressure\n|turn|3\n|\n|t:|1667295657\n|switch|p2a: Corviknight|Corviknight, M|100\/100\n|-ability|p2a: Corviknight|Pressure\n|move|p1a: Weavile|Swords Dance|p1a: Weavile\n|-boost|p1a: Weavile|atk|2\n|\n|-weather|Sandstorm|[upkeep]\n|-damage|p1a: Weavile|94\/100|[from] Sandstorm\n|upkeep\n|turn|4\n|\n|t:|1667295662\n|move|p1a: Weavile|Knock Off|p2a: Corviknight\n|-damage|p2a: Corviknight|23\/100\n|-damage|p1a: Weavile|78\/100|[from] item: Rocky Helmet|[of] p2a: Corviknight\n|-enditem|p2a: Corviknight|Rocky Helmet|[from] move: Knock Off|[of] p1a: Weavile\n|-damage|p1a: Weavile|68\/100|[from] item: Life Orb\n|move|p2a: Corviknight|Body Press|p1a: Weavile\n|-supereffective|p1a: Weavile\n|-damage|p1a: Weavile|0 fnt\n|faint|p1a: Weavile\n|\n|-weather|Sandstorm|[upkeep]\n|upkeep\n|j| darkgynozz\n|\n|t:|1667295677\n|switch|p1a: Garchomp|Garchomp, F|100\/100\n|turn|5\n|\n|t:|1667295680\n|move|p1a: Garchomp|Swords Dance|p1a: Garchomp\n|-boost|p1a: Garchomp|atk|2\n|move|p2a: Corviknight|Roost|p2a: Corviknight\n|-heal|p2a: Corviknight|73\/100\n|-singleturn|p2a: Corviknight|move: Roost\n|\n|-weather|none\n|upkeep\n|turn|6\n|l| darkgynozz\n|\n|t:|1667295688\n|switch|p2a: Tapu Lele|Tapu Lele|100\/100\n|-fieldstart|move: Psychic Terrain|[from] ability: Psychic Surge|[of] p2a: Tapu Lele\n|move|p1a: Garchomp|Swords Dance|p1a: Garchomp\n|-boost|p1a: Garchomp|atk|2\n|\n|upkeep\n|turn|7\n|\n|t:|1667295693\n|move|p2a: Tapu Lele|Moonblast|p1a: Garchomp\n|-supereffective|p1a: Garchomp\n|-damage|p1a: Garchomp|0 fnt\n|faint|p1a: Garchomp\n|\n|upkeep\n|-message|Nagima Yumemi forfeited.\n|\n|win|Shinjou Akane\n|raw|Nagima Yumemi's rating: 1654 &rarr; <strong>1631<\/strong><br \/>(-23 for losing)\n|raw|Shinjou Akane's rating: 1597 &rarr; <strong>1620<\/strong><br \/>(+23 for winning)\n|l|\u2606Nagima Yumemi\n","uploadtime":1667295702,"views":12,"p1id":"nagimayumemi","p2id":"shinjouakane","formatid":"gen8ou","rating":1620,"private":0,"password":null}