{"id":"gen8nationaldex-1533918477","p1":"Tanmayee","p2":"fishy8995","format":"gen8nationaldex","log":"|j|\u2606Tanmayee\n|j|\u2606fishy8995\n|t:|1647671119\n|gametype|singles\n|player|p1|Tanmayee|veteranf|1416\n|player|p2|fishy8995|101|1572\n|teamsize|p1|6\n|teamsize|p2|6\n|gen|8\n|tier|[Gen 8] National Dex\n|rated|\n|rule|HP Percentage Mod: HP is shown in percentages\n|rule|Endless Battle Clause: Forcing endless battles is banned\n|rule|OHKO Clause: OHKO moves are banned\n|rule|Evasion Moves Clause: Evasion moves are banned\n|rule|Species Clause: Limit one of each Pok\u00e9mon\n|rule|Dynamax Clause: You cannot dynamax\n|rule|Sleep Clause Mod: Limit one foe put to sleep\n|clearpoke\n|poke|p1|Grimmsnarl, M|\n|poke|p1|Blissey, F|\n|poke|p1|Darmanitan, F|\n|poke|p1|Milotic, F|\n|poke|p1|Zapdos|\n|poke|p1|Lopunny, M|\n|poke|p2|Hippowdon, F|\n|poke|p2|Tyranitar, F|\n|poke|p2|Excadrill, F|\n|poke|p2|Yanmega, F|\n|poke|p2|Toxapex, M|\n|poke|p2|Dracozolt|\n|teampreview\n|c|\u2606Tanmayee|Umm\n|\n|t:|1647671164\n|start\n|switch|p1a: Blissey|Blissey, F|100\/100\n|switch|p2a: Yanmega|Yanmega, F|100\/100\n|turn|1\n|\n|t:|1647671169\n|switch|p2a: Hippowdon|Hippowdon, F|100\/100\n|-weather|Sandstorm|[from] ability: Sand Stream|[of] p2a: Hippowdon\n|move|p1a: Blissey|Teleport|p1a: Blissey\n|\n|t:|1647671175\n|switch|p1a: Milotic|Milotic, F|100\/100|[from]move: Teleport\n|\n|-weather|Sandstorm|[upkeep]\n|-damage|p1a: Milotic|94\/100|[from] Sandstorm\n|-status|p1a: Milotic|brn|[from] item: Flame Orb\n|upkeep\n|turn|2\n|\n|t:|1647671183\n|move|p1a: Milotic|Scald|p2a: Hippowdon\n|-supereffective|p2a: Hippowdon\n|-damage|p2a: Hippowdon|43\/100\n|-status|p2a: Hippowdon|brn\n|move|p2a: Hippowdon|Stealth Rock|p1a: Milotic\n|-sidestart|p1: Tanmayee|move: Stealth Rock\n|\n|-weather|Sandstorm|[upkeep]\n|-damage|p1a: Milotic|88\/100 brn|[from] Sandstorm\n|-damage|p1a: Milotic|82\/100 brn|[from] brn\n|-damage|p2a: Hippowdon|37\/100 brn|[from] brn\n|upkeep\n|turn|3\n|\n|t:|1647671191\n|switch|p1a: Zapdos|Zapdos|100\/100\n|switch|p2a: Toxapex|Toxapex, M|100\/100\n|\n|-weather|Sandstorm|[upkeep]\n|-damage|p1a: Zapdos|94\/100|[from] Sandstorm\n|-damage|p2a: Toxapex|94\/100|[from] Sandstorm\n|-heal|p2a: Toxapex|100\/100|[from] item: Black Sludge\n|upkeep\n|turn|4\n|\n|t:|1647671209\n|move|p1a: Zapdos|Volt Switch|p2a: Toxapex\n|-supereffective|p2a: Toxapex\n|-damage|p2a: Toxapex|63\/100\n|\n|t:|1647671222\n|switch|p1a: Milotic|Milotic, F|82\/100 brn|[from]move: Volt Switch\n|-damage|p1a: Milotic|70\/100 brn|[from] Stealth Rock\n|move|p2a: Toxapex|Stockpile|p2a: Toxapex\n|-start|p2a: Toxapex|stockpile1\n|-boost|p2a: Toxapex|def|1\n|-boost|p2a: Toxapex|spd|1\n|\n|-weather|Sandstorm|[upkeep]\n|-damage|p1a: Milotic|64\/100 brn|[from] Sandstorm\n|-damage|p2a: Toxapex|57\/100|[from] Sandstorm\n|-heal|p2a: Toxapex|63\/100|[from] item: Black Sludge\n|-damage|p1a: Milotic|58\/100 brn|[from] brn\n|upkeep\n|turn|5\n|\n|t:|1647671236\n|move|p1a: Milotic|Recover|p1a: Milotic\n|-heal|p1a: Milotic|100\/100 brn\n|move|p2a: Toxapex|Recover|p2a: Toxapex\n|-heal|p2a: Toxapex|100\/100\n|\n|-weather|Sandstorm|[upkeep]\n|-damage|p1a: Milotic|94\/100 brn|[from] Sandstorm\n|-damage|p2a: Toxapex|94\/100|[from] Sandstorm\n|-heal|p2a: Toxapex|100\/100|[from] item: Black Sludge\n|-damage|p1a: Milotic|88\/100 brn|[from] brn\n|upkeep\n|turn|6\n|\n|t:|1647671241\n|move|p1a: Milotic|Haze|p1a: Milotic\n|-clearallboost\n|move|p2a: Toxapex|Stockpile|p2a: Toxapex\n|-start|p2a: Toxapex|stockpile2\n|-boost|p2a: Toxapex|def|1\n|-boost|p2a: Toxapex|spd|1\n|\n|-weather|Sandstorm|[upkeep]\n|-damage|p1a: Milotic|82\/100 brn|[from] Sandstorm\n|-damage|p2a: Toxapex|94\/100|[from] Sandstorm\n|-heal|p2a: Toxapex|100\/100|[from] item: Black Sludge\n|-damage|p1a: Milotic|76\/100 brn|[from] brn\n|upkeep\n|turn|7\n|\n|t:|1647671252\n|move|p1a: Milotic|Haze|p1a: Milotic\n|-clearallboost\n|move|p2a: Toxapex|Toxic||[still]\n|-fail|p2a: Toxapex\n|\n|-weather|Sandstorm|[upkeep]\n|-damage|p1a: Milotic|70\/100 brn|[from] Sandstorm\n|-damage|p2a: Toxapex|94\/100|[from] Sandstorm\n|-heal|p2a: Toxapex|100\/100|[from] item: Black Sludge\n|-damage|p1a: Milotic|64\/100 brn|[from] brn\n|upkeep\n|turn|8\n|\n|t:|1647671256\n|move|p1a: Milotic|Recover|p1a: Milotic\n|-heal|p1a: Milotic|100\/100 brn\n|move|p2a: Toxapex|Toxic||[still]\n|-fail|p2a: Toxapex\n|\n|-weather|none\n|-damage|p1a: Milotic|94\/100 brn|[from] brn\n|upkeep\n|turn|9\n|\n|t:|1647671265\n|switch|p1a: Blissey|Blissey, F|100\/100\n|-damage|p1a: Blissey|88\/100|[from] Stealth Rock\n|move|p2a: Toxapex|Toxic|p1a: Blissey\n|-status|p1a: Blissey|tox\n|\n|-heal|p1a: Blissey|94\/100 tox|[from] item: Leftovers\n|-damage|p1a: Blissey|88\/100 tox|[from] psn\n|upkeep\n|turn|10\n|\n|t:|1647671268\n|switch|p2a: Yanmega|Yanmega, F|100\/100\n|move|p1a: Blissey|Teleport|p1a: Blissey\n|\n|t:|1647671271\n|-curestatus|p1a: Blissey|tox|[from] ability: Natural Cure\n|switch|p1a: Zapdos|Zapdos|94\/100|[from]move: Teleport\n|\n|upkeep\n|turn|11\n|\n|t:|1647671274\n|move|p2a: Yanmega|Detect|p2a: Yanmega\n|-singleturn|p2a: Yanmega|Protect\n|move|p1a: Zapdos|Defog|p2a: Yanmega\n|-activate|p2a: Yanmega|move: Protect\n|\n|-ability|p2a: Yanmega|Speed Boost|boost\n|-boost|p2a: Yanmega|spe|1\n|upkeep\n|turn|12\n|\n|t:|1647671280\n|switch|p2a: Tyranitar|Tyranitar, F|100\/100\n|-weather|Sandstorm|[from] ability: Sand Stream|[of] p2a: Tyranitar\n|move|p1a: Zapdos|Defog|p2a: Tyranitar\n|-unboost|p2a: Tyranitar|evasion|1\n|-sideend|p1: Tanmayee|Stealth Rock|[from] move: Defog|[of] p1a: Zapdos\n|\n|-weather|Sandstorm|[upkeep]\n|-damage|p1a: Zapdos|88\/100|[from] Sandstorm\n|upkeep\n|turn|13\n|\n|t:|1647671285\n|detailschange|p2a: Tyranitar|Tyranitar-Mega, F\n|-mega|p2a: Tyranitar|Tyranitar|Tyranitarite\n|move|p1a: Zapdos|Volt Switch|p2a: Tyranitar\n|-damage|p2a: Tyranitar|86\/100\n|\n|t:|1647671291\n|switch|p1a: Milotic|Milotic, F|94\/100 brn|[from]move: Volt Switch\n|move|p2a: Tyranitar|Dragon Dance|p2a: Tyranitar\n|-boost|p2a: Tyranitar|atk|1\n|-boost|p2a: Tyranitar|spe|1\n|\n|-weather|Sandstorm|[upkeep]\n|-damage|p1a: Milotic|88\/100 brn|[from] Sandstorm\n|-damage|p1a: Milotic|82\/100 brn|[from] brn\n|upkeep\n|turn|14\n|\n|t:|1647671297\n|move|p2a: Tyranitar|Stone Edge|p1a: Milotic|[miss]\n|-miss|p2a: Tyranitar|p1a: Milotic\n|move|p1a: Milotic|Haze|p1a: Milotic\n|-clearallboost\n|\n|-weather|Sandstorm|[upkeep]\n|-damage|p1a: Milotic|76\/100 brn|[from] Sandstorm\n|-damage|p1a: Milotic|70\/100 brn|[from] brn\n|upkeep\n|turn|15\n|\n|t:|1647671309\n|switch|p2a: Hippowdon|Hippowdon, F|37\/100 brn\n|move|p1a: Milotic|Scald|p2a: Hippowdon\n|-supereffective|p2a: Hippowdon\n|-damage|p2a: Hippowdon|0 fnt\n|faint|p2a: Hippowdon\n|\n|-weather|Sandstorm|[upkeep]\n|-damage|p1a: Milotic|64\/100 brn|[from] Sandstorm\n|-damage|p1a: Milotic|58\/100 brn|[from] brn\n|upkeep\n|\n|t:|1647671310\n|switch|p2a: Dracozolt|Dracozolt|100\/100\n|turn|16\n|\n|t:|1647671321\n|switch|p1a: Zapdos|Zapdos|88\/100\n|move|p2a: Dracozolt|Bolt Beak|p1a: Zapdos\n|-damage|p1a: Zapdos|4\/100\n|-damage|p2a: Dracozolt|91\/100|[from] item: Life Orb\n|\n|-weather|none\n|upkeep\n|turn|17\n|\n|t:|1647671337\n|switch|p2a: Tyranitar|Tyranitar-Mega, F|86\/100\n|-weather|Sandstorm|[from] ability: Sand Stream|[of] p2a: Tyranitar\n|move|p1a: Zapdos|Roost|p1a: Zapdos\n|-heal|p1a: Zapdos|54\/100\n|-singleturn|p1a: Zapdos|move: Roost\n|\n|-weather|Sandstorm|[upkeep]\n|-damage|p1a: Zapdos|48\/100|[from] Sandstorm\n|upkeep\n|turn|18\n|\n|t:|1647671349\n|switch|p2a: Excadrill|Excadrill, F|100\/100\n|move|p1a: Zapdos|Volt Switch|p2a: Excadrill\n|-immune|p2a: Excadrill\n|\n|-weather|Sandstorm|[upkeep]\n|-damage|p1a: Zapdos|42\/100|[from] Sandstorm\n|upkeep\n|turn|19\n|\n|t:|1647671353\n|move|p2a: Excadrill|Swords Dance|p2a: Excadrill\n|-boost|p2a: Excadrill|atk|2\n|move|p1a: Zapdos|Roost|p1a: Zapdos\n|-heal|p1a: Zapdos|92\/100\n|-singleturn|p1a: Zapdos|move: Roost\n|\n|-weather|Sandstorm|[upkeep]\n|-damage|p1a: Zapdos|86\/100|[from] Sandstorm\n|upkeep\n|turn|20\n|\n|t:|1647671361\n|move|p2a: Excadrill|Rock Slide|p1a: Zapdos|[miss]\n|-miss|p2a: Excadrill|p1a: Zapdos\n|move|p1a: Zapdos|Roost|p1a: Zapdos\n|-heal|p1a: Zapdos|100\/100\n|-singleturn|p1a: Zapdos|move: Roost\n|\n|-weather|Sandstorm|[upkeep]\n|-damage|p1a: Zapdos|94\/100|[from] Sandstorm\n|upkeep\n|turn|21\n|\n|t:|1647671374\n|switch|p1a: Milotic|Milotic, F|58\/100 brn\n|move|p2a: Excadrill|Rock Slide|p1a: Milotic\n|-damage|p1a: Milotic|31\/100 brn\n|\n|-weather|none\n|-damage|p1a: Milotic|25\/100 brn|[from] brn\n|upkeep\n|turn|22\n|\n|t:|1647671380\n|move|p2a: Excadrill|Rock Slide|p1a: Milotic\n|-damage|p1a: Milotic|0 fnt\n|faint|p1a: Milotic\n|\n|upkeep\n|\n|t:|1647671383\n|switch|p1a: Lopunny|Lopunny, M|100\/100\n|turn|23\n|\n|t:|1647671389\n|switch|p2a: Toxapex|Toxapex, M|100\/100\n|detailschange|p1a: Lopunny|Lopunny-Mega, M\n|-mega|p1a: Lopunny|Lopunny|Lopunnite\n|move|p1a: Lopunny|Close Combat|p2a: Toxapex\n|-resisted|p2a: Toxapex\n|-damage|p2a: Toxapex|76\/100\n|-unboost|p1a: Lopunny|def|1\n|-unboost|p1a: Lopunny|spd|1\n|\n|-heal|p2a: Toxapex|83\/100|[from] item: Black Sludge\n|upkeep\n|turn|24\n|\n|t:|1647671399\n|move|p1a: Lopunny|U-turn|p2a: Toxapex\n|-resisted|p2a: Toxapex\n|-damage|p2a: Toxapex|73\/100\n|\n|t:|1647671402\n|switch|p1a: Darmanitan|Darmanitan, F|100\/100|[from]move: U-turn\n|move|p2a: Toxapex|Stockpile|p2a: Toxapex\n|-start|p2a: Toxapex|stockpile1\n|-boost|p2a: Toxapex|def|1\n|-boost|p2a: Toxapex|spd|1\n|\n|-heal|p2a: Toxapex|79\/100|[from] item: Black Sludge\n|upkeep\n|turn|25\n|\n|t:|1647671406\n|move|p1a: Darmanitan|U-turn|p2a: Toxapex\n|-resisted|p2a: Toxapex\n|-damage|p2a: Toxapex|73\/100\n|\n|t:|1647671409\n|switch|p1a: Blissey|Blissey, F|88\/100|[from]move: U-turn\n|move|p2a: Toxapex|Recover|p2a: Toxapex\n|-heal|p2a: Toxapex|100\/100\n|\n|-heal|p1a: Blissey|94\/100|[from] item: Leftovers\n|upkeep\n|turn|26\n|\n|t:|1647671412\n|move|p1a: Blissey|Seismic Toss|p2a: Toxapex\n|-damage|p2a: Toxapex|68\/100\n|move|p2a: Toxapex|Toxic|p1a: Blissey\n|-status|p1a: Blissey|tox\n|\n|-heal|p1a: Blissey|99\/100 tox|[from] item: Leftovers\n|-heal|p2a: Toxapex|74\/100|[from] item: Black Sludge\n|-damage|p1a: Blissey|94\/100 tox|[from] psn\n|upkeep\n|turn|27\n|\n|t:|1647671418\n|move|p2a: Toxapex|Stockpile|p2a: Toxapex\n|-start|p2a: Toxapex|stockpile2\n|-boost|p2a: Toxapex|def|1\n|-boost|p2a: Toxapex|spd|1\n|move|p1a: Blissey|Teleport|p1a: Blissey\n|\n|t:|1647671424\n|-curestatus|p1a: Blissey|tox|[from] ability: Natural Cure\n|switch|p1a: Zapdos|Zapdos|94\/100|[from]move: Teleport\n|\n|-heal|p2a: Toxapex|80\/100|[from] item: Black Sludge\n|upkeep\n|turn|28\n|\n|t:|1647671426\n|move|p1a: Zapdos|Volt Switch|p2a: Toxapex\n|-supereffective|p2a: Toxapex\n|-damage|p2a: Toxapex|60\/100\n|\n|t:|1647671430\n|switch|p1a: Blissey|Blissey, F|94\/100|[from]move: Volt Switch\n|move|p2a: Toxapex|Toxic|p1a: Blissey\n|-status|p1a: Blissey|tox\n|\n|-heal|p1a: Blissey|99\/100 tox|[from] item: Leftovers\n|-heal|p2a: Toxapex|67\/100|[from] item: Black Sludge\n|-damage|p1a: Blissey|94\/100 tox|[from] psn\n|upkeep\n|turn|29\n|\n|t:|1647671433\n|move|p1a: Blissey|Seismic Toss|p2a: Toxapex\n|-damage|p2a: Toxapex|34\/100\n|move|p2a: Toxapex|Stockpile|p2a: Toxapex\n|-start|p2a: Toxapex|stockpile3\n|-boost|p2a: Toxapex|def|1\n|-boost|p2a: Toxapex|spd|1\n|\n|-heal|p1a: Blissey|99\/100 tox|[from] item: Leftovers\n|-heal|p2a: Toxapex|40\/100|[from] item: Black Sludge\n|-damage|p1a: Blissey|88\/100 tox|[from] psn\n|upkeep\n|turn|30\n|\n|t:|1647671438\n|move|p2a: Toxapex|Recover|p2a: Toxapex\n|-heal|p2a: Toxapex|90\/100\n|move|p1a: Blissey|Teleport|p1a: Blissey\n|\n|t:|1647671441\n|-curestatus|p1a: Blissey|tox|[from] ability: Natural Cure\n|switch|p1a: Zapdos|Zapdos|94\/100|[from]move: Teleport\n|\n|-heal|p2a: Toxapex|96\/100|[from] item: Black Sludge\n|upkeep\n|turn|31\n|\n|t:|1647671444\n|move|p1a: Zapdos|Volt Switch|p2a: Toxapex\n|-supereffective|p2a: Toxapex\n|-damage|p2a: Toxapex|80\/100\n|\n|t:|1647671447\n|switch|p1a: Blissey|Blissey, F|88\/100|[from]move: Volt Switch\n|move|p2a: Toxapex|Toxic|p1a: Blissey\n|-status|p1a: Blissey|tox\n|\n|-heal|p1a: Blissey|94\/100 tox|[from] item: Leftovers\n|-heal|p2a: Toxapex|86\/100|[from] item: Black Sludge\n|-damage|p1a: Blissey|88\/100 tox|[from] psn\n|upkeep\n|turn|32\n|\n|t:|1647671452\n|move|p1a: Blissey|Seismic Toss|p2a: Toxapex\n|-damage|p2a: Toxapex|53\/100\n|move|p2a: Toxapex|Scald|p1a: Blissey\n|-crit|p1a: Blissey\n|-damage|p1a: Blissey|79\/100 tox\n|\n|-heal|p1a: Blissey|86\/100 tox|[from] item: Leftovers\n|-heal|p2a: Toxapex|59\/100|[from] item: Black Sludge\n|-damage|p1a: Blissey|73\/100 tox|[from] psn\n|upkeep\n|turn|33\n|\n|t:|1647671454\n|move|p2a: Toxapex|Recover|p2a: Toxapex\n|-heal|p2a: Toxapex|100\/100\n|move|p1a: Blissey|Teleport|p1a: Blissey\n|\n|t:|1647671457\n|-curestatus|p1a: Blissey|tox|[from] ability: Natural Cure\n|switch|p1a: Zapdos|Zapdos|94\/100|[from]move: Teleport\n|\n|upkeep\n|turn|34\n|\n|t:|1647671461\n|move|p1a: Zapdos|Volt Switch|p2a: Toxapex\n|-supereffective|p2a: Toxapex\n|-damage|p2a: Toxapex|86\/100\n|\n|t:|1647671464\n|switch|p1a: Blissey|Blissey, F|73\/100|[from]move: Volt Switch\n|move|p2a: Toxapex|Toxic|p1a: Blissey\n|-status|p1a: Blissey|tox\n|\n|-heal|p1a: Blissey|79\/100 tox|[from] item: Leftovers\n|-heal|p2a: Toxapex|92\/100|[from] item: Black Sludge\n|-damage|p1a: Blissey|73\/100 tox|[from] psn\n|upkeep\n|turn|35\n|\n|t:|1647671471\n|move|p1a: Blissey|Soft-Boiled|p1a: Blissey\n|-heal|p1a: Blissey|100\/100 tox\n|move|p2a: Toxapex|Recover|p2a: Toxapex\n|-heal|p2a: Toxapex|100\/100\n|\n|-damage|p1a: Blissey|88\/100 tox|[from] psn\n|upkeep\n|turn|36\n|\n|t:|1647671477\n|move|p1a: Blissey|Seismic Toss|p2a: Toxapex\n|-damage|p2a: Toxapex|68\/100\n|move|p2a: Toxapex|Recover|p2a: Toxapex\n|-heal|p2a: Toxapex|100\/100\n|\n|-heal|p1a: Blissey|94\/100 tox|[from] item: Leftovers\n|-damage|p1a: Blissey|76\/100 tox|[from] psn\n|upkeep\n|turn|37\n|\n|t:|1647671483\n|switch|p2a: Excadrill|Excadrill, F|100\/100\n|move|p1a: Blissey|Teleport|p1a: Blissey\n|\n|t:|1647671486\n|-curestatus|p1a: Blissey|tox|[from] ability: Natural Cure\n|switch|p1a: Lopunny|Lopunny-Mega, M|100\/100|[from]move: Teleport\n|\n|upkeep\n|turn|38\n|\n|t:|1647671489\n|move|p1a: Lopunny|U-turn|p2a: Excadrill\n|-resisted|p2a: Excadrill\n|-damage|p2a: Excadrill|84\/100\n|\n|t:|1647671492\n|switch|p1a: Zapdos|Zapdos|94\/100|[from]move: U-turn\n|move|p2a: Excadrill|Earthquake|p1a: Zapdos\n|-immune|p1a: Zapdos\n|\n|upkeep\n|turn|39\n|\n|t:|1647671497\n|switch|p1a: Lopunny|Lopunny-Mega, M|100\/100\n|move|p2a: Excadrill|Rock Slide|p1a: Lopunny\n|-resisted|p1a: Lopunny\n|-damage|p1a: Lopunny|82\/100\n|\n|upkeep\n|turn|40\n|\n|t:|1647671500\n|switch|p2a: Toxapex|Toxapex, M|100\/100\n|move|p1a: Lopunny|Close Combat|p2a: Toxapex\n|-resisted|p2a: Toxapex\n|-damage|p2a: Toxapex|76\/100\n|-unboost|p1a: Lopunny|def|1\n|-unboost|p1a: Lopunny|spd|1\n|\n|-heal|p2a: Toxapex|82\/100|[from] item: Black Sludge\n|upkeep\n|turn|41\n|\n|t:|1647671505\n|move|p1a: Lopunny|U-turn|p2a: Toxapex\n|-resisted|p2a: Toxapex\n|-damage|p2a: Toxapex|72\/100\n|\n|t:|1647671512\n|switch|p1a: Blissey|Blissey, F|76\/100|[from]move: U-turn\n|move|p2a: Toxapex|Toxic|p1a: Blissey\n|-status|p1a: Blissey|tox\n|\n|-heal|p1a: Blissey|82\/100 tox|[from] item: Leftovers\n|-heal|p2a: Toxapex|78\/100|[from] item: Black Sludge\n|-damage|p1a: Blissey|76\/100 tox|[from] psn\n|upkeep\n|turn|42\n|\n|t:|1647671519\n|switch|p2a: Tyranitar|Tyranitar-Mega, F|86\/100\n|-weather|Sandstorm|[from] ability: Sand Stream|[of] p2a: Tyranitar\n|move|p1a: Blissey|Seismic Toss|p2a: Tyranitar\n|-damage|p2a: Tyranitar|61\/100\n|\n|-weather|Sandstorm|[upkeep]\n|-damage|p1a: Blissey|70\/100 tox|[from] Sandstorm\n|-heal|p1a: Blissey|76\/100 tox|[from] item: Leftovers\n|-damage|p1a: Blissey|64\/100 tox|[from] psn\n|upkeep\n|turn|43\n|\n|t:|1647671527\n|move|p2a: Tyranitar|Dragon Dance|p2a: Tyranitar\n|-boost|p2a: Tyranitar|atk|1\n|-boost|p2a: Tyranitar|spe|1\n|move|p1a: Blissey|Teleport|p1a: Blissey\n|\n|t:|1647671529\n|-curestatus|p1a: Blissey|tox|[from] ability: Natural Cure\n|switch|p1a: Lopunny|Lopunny-Mega, M|82\/100|[from]move: Teleport\n|\n|-weather|Sandstorm|[upkeep]\n|-damage|p1a: Lopunny|76\/100|[from] Sandstorm\n|upkeep\n|turn|44\n|\n|t:|1647671536\n|switch|p2a: Toxapex|Toxapex, M|100\/100\n|move|p1a: Lopunny|Close Combat|p2a: Toxapex\n|-resisted|p2a: Toxapex\n|-damage|p2a: Toxapex|74\/100\n|-unboost|p1a: Lopunny|def|1\n|-unboost|p1a: Lopunny|spd|1\n|\n|-weather|Sandstorm|[upkeep]\n|-damage|p1a: Lopunny|70\/100|[from] Sandstorm\n|-damage|p2a: Toxapex|68\/100|[from] Sandstorm\n|-heal|p2a: Toxapex|74\/100|[from] item: Black Sludge\n|upkeep\n|turn|45\n|\n|t:|1647671543\n|move|p1a: Lopunny|U-turn|p2a: Toxapex\n|-resisted|p2a: Toxapex\n|-crit|p2a: Toxapex\n|-damage|p2a: Toxapex|59\/100\n|\n|t:|1647671551\n|switch|p1a: Blissey|Blissey, F|64\/100|[from]move: U-turn\n|move|p2a: Toxapex|Toxic|p1a: Blissey\n|-status|p1a: Blissey|tox\n|\n|-weather|Sandstorm|[upkeep]\n|-damage|p1a: Blissey|57\/100 tox|[from] Sandstorm\n|-damage|p2a: Toxapex|53\/100|[from] Sandstorm\n|-heal|p1a: Blissey|64\/100 tox|[from] item: Leftovers\n|-heal|p2a: Toxapex|59\/100|[from] item: Black Sludge\n|-damage|p1a: Blissey|57\/100 tox|[from] psn\n|upkeep\n|turn|46\n|\n|t:|1647671559\n|switch|p2a: Dracozolt|Dracozolt|91\/100\n|move|p1a: Blissey|Soft-Boiled|p1a: Blissey\n|-heal|p1a: Blissey|100\/100 tox\n|\n|-weather|none\n|-damage|p1a: Blissey|88\/100 tox|[from] psn\n|upkeep\n|turn|47\n|\n|t:|1647671569\n|-curestatus|p1a: Blissey|tox|[from] ability: Natural Cure\n|switch|p1a: Zapdos|Zapdos|94\/100\n|move|p2a: Dracozolt|Bolt Beak|p1a: Zapdos\n|-damage|p1a: Zapdos|19\/100\n|-damage|p2a: Dracozolt|81\/100|[from] item: Life Orb\n|\n|upkeep\n|turn|48\n|\n|t:|1647671580\n|switch|p2a: Tyranitar|Tyranitar-Mega, F|61\/100\n|-weather|Sandstorm|[from] ability: Sand Stream|[of] p2a: Tyranitar\n|move|p1a: Zapdos|Roost|p1a: Zapdos\n|-heal|p1a: Zapdos|69\/100\n|-singleturn|p1a: Zapdos|move: Roost\n|\n|-weather|Sandstorm|[upkeep]\n|-damage|p1a: Zapdos|63\/100|[from] Sandstorm\n|upkeep\n|turn|49\n|\n|t:|1647671588\n|move|p1a: Zapdos|Volt Switch|p2a: Tyranitar\n|-damage|p2a: Tyranitar|48\/100\n|\n|t:|1647671591\n|switch|p1a: Lopunny|Lopunny-Mega, M|70\/100|[from]move: Volt Switch\n|move|p2a: Tyranitar|Stone Edge|p1a: Lopunny\n|-resisted|p1a: Lopunny\n|-damage|p1a: Lopunny|29\/100\n|\n|-weather|Sandstorm|[upkeep]\n|-damage|p1a: Lopunny|23\/100|[from] Sandstorm\n|upkeep\n|turn|50\n|\n|t:|1647671598\n|switch|p2a: Toxapex|Toxapex, M|92\/100\n|move|p1a: Lopunny|Close Combat|p2a: Toxapex\n|-resisted|p2a: Toxapex\n|-damage|p2a: Toxapex|66\/100\n|-unboost|p1a: Lopunny|def|1\n|-unboost|p1a: Lopunny|spd|1\n|\n|-weather|Sandstorm|[upkeep]\n|-damage|p1a: Lopunny|17\/100|[from] Sandstorm\n|-damage|p2a: Toxapex|59\/100|[from] Sandstorm\n|-heal|p2a: Toxapex|66\/100|[from] item: Black Sludge\n|upkeep\n|turn|51\n|\n|t:|1647671605\n|move|p1a: Lopunny|U-turn|p2a: Toxapex\n|-resisted|p2a: Toxapex\n|-damage|p2a: Toxapex|55\/100\n|\n|t:|1647671608\n|switch|p1a: Zapdos|Zapdos|63\/100|[from]move: U-turn\n|move|p2a: Toxapex|Toxic|p1a: Zapdos\n|-status|p1a: Zapdos|tox\n|\n|-weather|Sandstorm|[upkeep]\n|-damage|p1a: Zapdos|57\/100 tox|[from] Sandstorm\n|-damage|p2a: Toxapex|49\/100|[from] Sandstorm\n|-heal|p2a: Toxapex|55\/100|[from] item: Black Sludge\n|-damage|p1a: Zapdos|51\/100 tox|[from] psn\n|upkeep\n|turn|52\n|\n|t:|1647671617\n|move|p1a: Zapdos|Roost|p1a: Zapdos\n|-heal|p1a: Zapdos|100\/100 tox\n|-singleturn|p1a: Zapdos|move: Roost\n|move|p2a: Toxapex|Recover|p2a: Toxapex\n|-heal|p2a: Toxapex|100\/100\n|\n|-weather|none\n|-damage|p1a: Zapdos|88\/100 tox|[from] psn\n|upkeep\n|turn|53\n|\n|t:|1647671622\n|switch|p1a: Lopunny|Lopunny-Mega, M|17\/100\n|move|p2a: Toxapex|Toxic|p1a: Lopunny\n|-status|p1a: Lopunny|tox\n|\n|-damage|p1a: Lopunny|11\/100 tox|[from] psn\n|upkeep\n|turn|54\n|\n|t:|1647671625\n|move|p1a: Lopunny|U-turn|p2a: Toxapex\n|-resisted|p2a: Toxapex\n|-damage|p2a: Toxapex|92\/100\n|\n|t:|1647671629\n|switch|p1a: Blissey|Blissey, F|88\/100|[from]move: U-turn\n|move|p2a: Toxapex|Stockpile|p2a: Toxapex\n|-start|p2a: Toxapex|stockpile1\n|-boost|p2a: Toxapex|def|1\n|-boost|p2a: Toxapex|spd|1\n|\n|-heal|p1a: Blissey|94\/100|[from] item: Leftovers\n|-heal|p2a: Toxapex|98\/100|[from] item: Black Sludge\n|upkeep\n|turn|55\n|\n|t:|1647671637\n|move|p1a: Blissey|Seismic Toss|p2a: Toxapex\n|-damage|p2a: Toxapex|65\/100\n|move|p2a: Toxapex|Toxic|p1a: Blissey\n|-status|p1a: Blissey|tox\n|\n|-heal|p1a: Blissey|100\/100 tox|[from] item: Leftovers\n|-heal|p2a: Toxapex|71\/100|[from] item: Black Sludge\n|-damage|p1a: Blissey|94\/100 tox|[from] psn\n|upkeep\n|turn|56\n|\n|t:|1647671644\n|switch|p2a: Tyranitar|Tyranitar-Mega, F|48\/100\n|-weather|Sandstorm|[from] ability: Sand Stream|[of] p2a: Tyranitar\n|move|p1a: Blissey|Seismic Toss|p2a: Tyranitar\n|-damage|p2a: Tyranitar|23\/100\n|\n|-weather|Sandstorm|[upkeep]\n|-damage|p1a: Blissey|88\/100 tox|[from] Sandstorm\n|-heal|p1a: Blissey|94\/100 tox|[from] item: Leftovers\n|-damage|p1a: Blissey|82\/100 tox|[from] psn\n|upkeep\n|turn|57\n|\n|t:|1647671649\n|move|p2a: Tyranitar|Stone Edge|p1a: Blissey\n|-damage|p1a: Blissey|23\/100 tox\n|move|p1a: Blissey|Seismic Toss|p2a: Tyranitar\n|-damage|p2a: Tyranitar|0 fnt\n|faint|p2a: Tyranitar\n|\n|-weather|Sandstorm|[upkeep]\n|-damage|p1a: Blissey|17\/100 tox|[from] Sandstorm\n|-heal|p1a: Blissey|23\/100 tox|[from] item: Leftovers\n|-damage|p1a: Blissey|5\/100 tox|[from] psn\n|upkeep\n|\n|t:|1647671667\n|switch|p2a: Dracozolt|Dracozolt|81\/100\n|turn|58\n|\n|t:|1647671681\n|-curestatus|p1a: Blissey|tox|[from] ability: Natural Cure\n|switch|p1a: Lopunny|Lopunny-Mega, M|11\/100 tox\n|move|p2a: Dracozolt|Bolt Beak|p1a: Lopunny\n|-damage|p1a: Lopunny|0 fnt\n|faint|p1a: Lopunny\n|-damage|p2a: Dracozolt|71\/100|[from] item: Life Orb\n|\n|-weather|Sandstorm|[upkeep]\n|upkeep\n|\n|t:|1647671688\n|switch|p1a: Grimmsnarl|Grimmsnarl, M|100\/100\n|turn|59\n|\n|t:|1647671719\n|switch|p2a: Yanmega|Yanmega, F|100\/100\n|move|p1a: Grimmsnarl|Reflect|p1a: Grimmsnarl\n|-sidestart|p1: Tanmayee|Reflect\n|\n|-weather|Sandstorm|[upkeep]\n|-damage|p2a: Yanmega|94\/100|[from] Sandstorm\n|-damage|p1a: Grimmsnarl|94\/100|[from] Sandstorm\n|upkeep\n|turn|60\n|\n|t:|1647671729\n|move|p1a: Grimmsnarl|Light Screen|p1a: Grimmsnarl\n|-sidestart|p1: Tanmayee|move: Light Screen\n|move|p2a: Yanmega|Defog|p1a: Grimmsnarl\n|-unboost|p1a: Grimmsnarl|evasion|1\n|-sideend|p1: Tanmayee|Reflect\n|-sideend|p1: Tanmayee|move: Light Screen\n|\n|-weather|none\n|-ability|p2a: Yanmega|Speed Boost|boost\n|-boost|p2a: Yanmega|spe|1\n|upkeep\n|turn|61\n|\n|t:|1647671740\n|move|p1a: Grimmsnarl|Light Screen|p1a: Grimmsnarl\n|-sidestart|p1: Tanmayee|move: Light Screen\n|move|p2a: Yanmega|Bug Buzz|p1a: Grimmsnarl\n|-damage|p1a: Grimmsnarl|77\/100\n|\n|-ability|p2a: Yanmega|Speed Boost|boost\n|-boost|p2a: Yanmega|spe|1\n|upkeep\n|turn|62\n|\n|t:|1647671747\n|switch|p1a: Zapdos|Zapdos|88\/100 tox\n|move|p2a: Yanmega|Defog|p1a: Zapdos\n|-unboost|p1a: Zapdos|evasion|1\n|-sideend|p1: Tanmayee|move: Light Screen\n|\n|-damage|p1a: Zapdos|82\/100 tox|[from] psn\n|-ability|p2a: Yanmega|Speed Boost|boost\n|-boost|p2a: Yanmega|spe|1\n|upkeep\n|turn|63\n|\n|t:|1647671760\n|switch|p1a: Darmanitan|Darmanitan, F|100\/100\n|move|p2a: Yanmega|Detect||[still]\n|-fail|p2a: Yanmega\n|\n|-ability|p2a: Yanmega|Speed Boost|boost\n|-boost|p2a: Yanmega|spe|1\n|upkeep\n|turn|64\n|\n|t:|1647671767\n|move|p2a: Yanmega|Detect|p2a: Yanmega\n|-singleturn|p2a: Yanmega|Protect\n|move|p1a: Darmanitan|Rock Slide|p2a: Yanmega\n|-activate|p2a: Yanmega|move: Protect\n|\n|-ability|p2a: Yanmega|Speed Boost|boost\n|-boost|p2a: Yanmega|spe|1\n|upkeep\n|turn|65\n|\n|t:|1647671789\n|switch|p2a: Toxapex|Toxapex, M|100\/100\n|switch|p1a: Blissey|Blissey, F|5\/100\n|\n|-heal|p1a: Blissey|11\/100|[from] item: Leftovers\n|upkeep\n|turn|66\n|\n|t:|1647671796\n|switch|p2a: Excadrill|Excadrill, F|84\/100\n|move|p1a: Blissey|Soft-Boiled|p1a: Blissey\n|-heal|p1a: Blissey|61\/100\n|\n|-heal|p1a: Blissey|67\/100|[from] item: Leftovers\n|upkeep\n|turn|67\n|\n|t:|1647671809\n|switch|p1a: Zapdos|Zapdos|82\/100 tox\n|move|p2a: Excadrill|Iron Head|p1a: Zapdos\n|-resisted|p1a: Zapdos\n|-damage|p1a: Zapdos|65\/100 tox\n|\n|-damage|p1a: Zapdos|59\/100 tox|[from] psn\n|upkeep\n|turn|68\n|\n|t:|1647671815\n|move|p2a: Excadrill|Earthquake|p1a: Zapdos\n|-immune|p1a: Zapdos\n|move|p1a: Zapdos|Roost|p1a: Zapdos\n|-heal|p1a: Zapdos|100\/100 tox\n|-singleturn|p1a: Zapdos|move: Roost\n|\n|-damage|p1a: Zapdos|88\/100 tox|[from] psn\n|upkeep\n|turn|69\n|\n|t:|1647671823\n|switch|p1a: Grimmsnarl|Grimmsnarl, M|77\/100\n|move|p2a: Excadrill|Rock Slide|p1a: Grimmsnarl\n|-damage|p1a: Grimmsnarl|38\/100\n|\n|upkeep\n|turn|70\n|\n|t:|1647671831\n|move|p1a: Grimmsnarl|Reflect|p1a: Grimmsnarl\n|-sidestart|p1: Tanmayee|Reflect\n|move|p2a: Excadrill|Earthquake|p1a: Grimmsnarl\n|-damage|p1a: Grimmsnarl|2\/100\n|\n|upkeep\n|turn|71\n|\n|t:|1647671835\n|switch|p2a: Toxapex|Toxapex, M|100\/100\n|switch|p1a: Blissey|Blissey, F|67\/100\n|\n|-heal|p1a: Blissey|73\/100|[from] item: Leftovers\n|upkeep\n|turn|72\n|\n|t:|1647671839\n|move|p1a: Blissey|Seismic Toss|p2a: Toxapex\n|-damage|p2a: Toxapex|68\/100\n|move|p2a: Toxapex|Stockpile|p2a: Toxapex\n|-start|p2a: Toxapex|stockpile1\n|-boost|p2a: Toxapex|def|1\n|-boost|p2a: Toxapex|spd|1\n|\n|-heal|p1a: Blissey|79\/100|[from] item: Leftovers\n|-heal|p2a: Toxapex|74\/100|[from] item: Black Sludge\n|upkeep\n|turn|73\n|\n|t:|1647671844\n|move|p1a: Blissey|Seismic Toss|p2a: Toxapex\n|-damage|p2a: Toxapex|41\/100\n|move|p2a: Toxapex|Toxic|p1a: Blissey\n|-status|p1a: Blissey|tox\n|\n|-heal|p1a: Blissey|85\/100 tox|[from] item: Leftovers\n|-heal|p2a: Toxapex|47\/100|[from] item: Black Sludge\n|-damage|p1a: Blissey|79\/100 tox|[from] psn\n|upkeep\n|turn|74\n|\n|t:|1647671849\n|move|p1a: Blissey|Soft-Boiled|p1a: Blissey\n|-heal|p1a: Blissey|100\/100 tox\n|move|p2a: Toxapex|Recover|p2a: Toxapex\n|-heal|p2a: Toxapex|97\/100\n|\n|-heal|p2a: Toxapex|100\/100|[from] item: Black Sludge\n|-damage|p1a: Blissey|88\/100 tox|[from] psn\n|upkeep\n|turn|75\n|\n|t:|1647671865\n|switch|p2a: Yanmega|Yanmega, F|94\/100\n|move|p1a: Blissey|Teleport|p1a: Blissey\n|\n|t:|1647671872\n|-curestatus|p1a: Blissey|tox|[from] ability: Natural Cure\n|switch|p1a: Zapdos|Zapdos|88\/100 tox|[from]move: Teleport\n|\n|-damage|p1a: Zapdos|82\/100 tox|[from] psn\n|upkeep\n|turn|76\n|\n|t:|1647671877\n|move|p2a: Yanmega|Detect|p2a: Yanmega\n|-singleturn|p2a: Yanmega|Protect\n|move|p1a: Zapdos|Roost|p1a: Zapdos\n|-heal|p1a: Zapdos|100\/100 tox\n|-singleturn|p1a: Zapdos|move: Roost\n|\n|-damage|p1a: Zapdos|88\/100 tox|[from] psn\n|-ability|p2a: Yanmega|Speed Boost|boost\n|-boost|p2a: Yanmega|spe|1\n|upkeep\n|turn|77\n|\n|t:|1647671882\n|switch|p2a: Excadrill|Excadrill, F|84\/100\n|move|p1a: Zapdos|Volt Switch|p2a: Excadrill\n|-immune|p2a: Excadrill\n|\n|-damage|p1a: Zapdos|70\/100 tox|[from] psn\n|-sideend|p1: Tanmayee|Reflect\n|upkeep\n|turn|78\n|\n|t:|1647671887\n|switch|p1a: Blissey|Blissey, F|88\/100\n|move|p2a: Excadrill|Rock Slide|p1a: Blissey\n|-damage|p1a: Blissey|62\/100\n|\n|-heal|p1a: Blissey|68\/100|[from] item: Leftovers\n|upkeep\n|turn|79\n|\n|t:|1647671894\n|move|p2a: Excadrill|Swords Dance|p2a: Excadrill\n|-boost|p2a: Excadrill|atk|2\n|move|p1a: Blissey|Soft-Boiled|p1a: Blissey\n|-heal|p1a: Blissey|100\/100\n|\n|upkeep\n|turn|80\n|c|\u2606Tanmayee|Nooo\n|\n|t:|1647671912\n|switch|p1a: Grimmsnarl|Grimmsnarl, M|2\/100\n|move|p2a: Excadrill|Iron Head|p1a: Grimmsnarl\n|-supereffective|p1a: Grimmsnarl\n|-damage|p1a: Grimmsnarl|0 fnt\n|faint|p1a: Grimmsnarl\n|\n|upkeep\n|\n|t:|1647671939\n|switch|p1a: Darmanitan|Darmanitan, F|100\/100\n|turn|81\n|\n|t:|1647671944\n|switch|p2a: Toxapex|Toxapex, M|100\/100\n|move|p1a: Darmanitan|Flare Blitz|p2a: Toxapex\n|-resisted|p2a: Toxapex\n|-damage|p2a: Toxapex|66\/100\n|-damage|p1a: Darmanitan|91\/100|[from] Recoil\n|\n|-heal|p2a: Toxapex|73\/100|[from] item: Black Sludge\n|upkeep\n|turn|82\n|\n|t:|1647671965\n|switch|p1a: Zapdos|Zapdos|70\/100 tox\n|switch|p2a: Excadrill|Excadrill, F|84\/100\n|\n|-damage|p1a: Zapdos|64\/100 tox|[from] psn\n|upkeep\n|turn|83\n|\n|t:|1647671972\n|move|p2a: Excadrill|Rock Slide|p1a: Zapdos\n|-supereffective|p1a: Zapdos\n|-damage|p1a: Zapdos|22\/100 tox\n|move|p1a: Zapdos|Roost|p1a: Zapdos\n|-heal|p1a: Zapdos|72\/100 tox\n|-singleturn|p1a: Zapdos|move: Roost\n|\n|-damage|p1a: Zapdos|60\/100 tox|[from] psn\n|upkeep\n|turn|84\n|\n|t:|1647671978\n|switch|p1a: Blissey|Blissey, F|100\/100\n|move|p2a: Excadrill|Swords Dance|p2a: Excadrill\n|-boost|p2a: Excadrill|atk|2\n|\n|upkeep\n|turn|85\n|\n|t:|1647671985\n|move|p2a: Excadrill|Rock Slide|p1a: Blissey\n|-damage|p1a: Blissey|46\/100\n|cant|p1a: Blissey|flinch\n|\n|-heal|p1a: Blissey|53\/100|[from] item: Leftovers\n|upkeep\n|turn|86\n|c|\u2606Tanmayee|No\n|\n|t:|1647671999\n|switch|p1a: Zapdos|Zapdos|60\/100 tox\n|move|p2a: Excadrill|Rock Slide|p1a: Zapdos\n|-supereffective|p1a: Zapdos\n|-damage|p1a: Zapdos|0 fnt\n|faint|p1a: Zapdos\n|\n|upkeep\n|\n|t:|1647672001\n|switch|p1a: Darmanitan|Darmanitan, F|91\/100\n|turn|87\n|\n|t:|1647672006\n|switch|p2a: Toxapex|Toxapex, M|100\/100\n|move|p1a: Darmanitan|Flare Blitz|p2a: Toxapex\n|-resisted|p2a: Toxapex\n|-damage|p2a: Toxapex|65\/100\n|-damage|p1a: Darmanitan|81\/100|[from] Recoil\n|\n|-heal|p2a: Toxapex|71\/100|[from] item: Black Sludge\n|upkeep\n|turn|88\n|\n|t:|1647672012\n|move|p1a: Darmanitan|Flare Blitz|p2a: Toxapex\n|-resisted|p2a: Toxapex\n|-damage|p2a: Toxapex|38\/100\n|-damage|p1a: Darmanitan|71\/100|[from] Recoil\n|move|p2a: Toxapex|Toxic|p1a: Darmanitan\n|-status|p1a: Darmanitan|tox\n|\n|-heal|p2a: Toxapex|44\/100|[from] item: Black Sludge\n|-damage|p1a: Darmanitan|65\/100 tox|[from] psn\n|upkeep\n|turn|89\n|\n|t:|1647672018\n|switch|p1a: Blissey|Blissey, F|53\/100\n|move|p2a: Toxapex|Toxic|p1a: Blissey\n|-status|p1a: Blissey|tox\n|\n|-heal|p1a: Blissey|59\/100 tox|[from] item: Leftovers\n|-heal|p2a: Toxapex|50\/100|[from] item: Black Sludge\n|-damage|p1a: Blissey|53\/100 tox|[from] psn\n|upkeep\n|turn|90\n|\n|t:|1647672025\n|move|p2a: Toxapex|Scald|p1a: Blissey\n|-damage|p1a: Blissey|46\/100 tox\n|move|p1a: Blissey|Teleport|p1a: Blissey\n|\n|t:|1647672028\n|-curestatus|p1a: Blissey|tox|[from] ability: Natural Cure\n|switch|p1a: Darmanitan|Darmanitan, F|65\/100 tox|[from]move: Teleport\n|\n|-heal|p2a: Toxapex|56\/100|[from] item: Black Sludge\n|-damage|p1a: Darmanitan|59\/100 tox|[from] psn\n|upkeep\n|turn|91\n|c|\u2606Tanmayee|I'm so fucking dumb\n|\n|t:|1647672049\n|move|p1a: Darmanitan|Flare Blitz|p2a: Toxapex\n|-resisted|p2a: Toxapex\n|-damage|p2a: Toxapex|25\/100\n|-damage|p1a: Darmanitan|50\/100 tox|[from] Recoil\n|move|p2a: Toxapex|Scald|p1a: Darmanitan\n|-supereffective|p1a: Darmanitan\n|-damage|p1a: Darmanitan|0 fnt\n|faint|p1a: Darmanitan\n|\n|-heal|p2a: Toxapex|32\/100|[from] item: Black Sludge\n|upkeep\n|\n|t:|1647672063\n|switch|p1a: Blissey|Blissey, F|46\/100\n|turn|92\n|\n|t:|1647672070\n|switch|p2a: Dracozolt|Dracozolt|71\/100\n|move|p1a: Blissey|Seismic Toss|p2a: Dracozolt\n|-damage|p2a: Dracozolt|39\/100\n|\n|-heal|p1a: Blissey|52\/100|[from] item: Leftovers\n|upkeep\n|turn|93\n|\n|t:|1647672074\n|move|p2a: Dracozolt|Bolt Beak|p1a: Blissey\n|-damage|p1a: Blissey|0 fnt\n|faint|p1a: Blissey\n|-damage|p2a: Dracozolt|29\/100|[from] item: Life Orb\n|\n|win|fishy8995\n|raw|Tanmayee's rating: 1416 &rarr; <strong>1404<\/strong><br \/>(-12 for losing)\n|raw|fishy8995's rating: 1561 &rarr; <strong>1573<\/strong><br \/>(+12 for winning)\n","uploadtime":1647672080,"views":14,"p1id":"tanmayee","p2id":"fishy8995","formatid":"gen8nationaldex","rating":1404,"private":0,"password":null}