{"id":"gen8ou-1670639301","p1":"Psichedelic","p2":"TryHonesty","format":"gen8ou","log":"|j|\u2606Psichedelic\n|j|\u2606TryHonesty\n|t:|1664191316\n|gametype|singles\n|player|p1|Psichedelic|lusamine-nihilego|1468\n|player|p2|TryHonesty|1|1430\n|teamsize|p1|6\n|teamsize|p2|6\n|gen|8\n|tier|[Gen 8] OU\n|rated|\n|rule|Sleep Clause Mod: Limit one foe put to sleep\n|rule|Species Clause: Limit one of each Pok\u00e9mon\n|rule|OHKO Clause: OHKO moves are banned\n|rule|Evasion Items Clause: Evasion items are banned\n|rule|Evasion Moves Clause: Evasion moves are banned\n|rule|Endless Battle Clause: Forcing endless battles is banned\n|rule|HP Percentage Mod: HP is shown in percentages\n|rule|Dynamax Clause: You cannot dynamax\n|clearpoke\n|poke|p1|Buzzwole|\n|poke|p1|Corviknight, M|\n|poke|p1|Clefable, F|\n|poke|p1|Ferrothorn, M|\n|poke|p1|Dragapult, M|\n|poke|p1|Tyranitar, M|\n|poke|p2|Primarina, F|\n|poke|p2|Darmanitan, M|\n|poke|p2|Blacephalon|\n|poke|p2|Krookodile, F|\n|poke|p2|Hydreigon, F|\n|poke|p2|Scizor, F|\n|teampreview\n|inactive|Battle timer is ON: inactive players will automatically lose when time's up. (requested by Psichedelic)\n|\n|t:|1664191336\n|start\n|switch|p1a: Ferrothorn|Ferrothorn, M|100\/100\n|switch|p2a: Krookodile|Krookodile, F|100\/100\n|turn|1\n|\n|t:|1664191343\n|switch|p2a: Darmanitan|Darmanitan, M|100\/100\n|move|p1a: Ferrothorn|Knock Off|p2a: Darmanitan\n|-damage|p2a: Darmanitan|65\/100\n|-enditem|p2a: Darmanitan|Choice Band|[from] move: Knock Off|[of] p1a: Ferrothorn\n|\n|upkeep\n|turn|2\n|\n|t:|1664191349\n|move|p2a: Darmanitan|Flare Blitz|p1a: Ferrothorn\n|-supereffective|p1a: Ferrothorn\n|-damage|p1a: Ferrothorn|0 fnt\n|-damage|p2a: Darmanitan|53\/100|[from] ability: Iron Barbs|[of] p1a: Ferrothorn\n|faint|p1a: Ferrothorn\n|-damage|p2a: Darmanitan|20\/100|[from] Recoil\n|\n|upkeep\n|\n|t:|1664191358\n|switch|p1a: Dragapult|Dragapult, M|100\/100\n|turn|3\n|\n|t:|1664191365\n|move|p1a: Dragapult|Shadow Ball|p2a: Darmanitan\n|-damage|p2a: Darmanitan|0 fnt\n|faint|p2a: Darmanitan\n|\n|upkeep\n|\n|t:|1664191371\n|switch|p2a: Hydreigon|Hydreigon, F|100\/100\n|turn|4\n|\n|t:|1664191373\n|switch|p1a: Tyranitar|Tyranitar, M|100\/100\n|-weather|Sandstorm|[from] ability: Sand Stream|[of] p1a: Tyranitar\n|move|p2a: Hydreigon|U-turn|p1a: Tyranitar\n|-supereffective|p1a: Tyranitar\n|-damage|p1a: Tyranitar|75\/100\n|\n|t:|1664191379\n|switch|p2a: Scizor|Scizor, F|100\/100|[from]move: U-turn\n|\n|-weather|Sandstorm|[upkeep]\n|-heal|p1a: Tyranitar|81\/100|[from] item: Leftovers\n|upkeep\n|turn|5\n|\n|t:|1664191384\n|switch|p1a: Dragapult|Dragapult, M|100\/100\n|move|p2a: Scizor|U-turn|p1a: Dragapult\n|-resisted|p1a: Dragapult\n|-damage|p1a: Dragapult|82\/100\n|\n|t:|1664191387\n|switch|p2a: Krookodile|Krookodile, F|100\/100|[from]move: U-turn\n|\n|-weather|Sandstorm|[upkeep]\n|-damage|p1a: Dragapult|76\/100|[from] Sandstorm\n|upkeep\n|turn|6\n|\n|t:|1664191392\n|switch|p1a: Corviknight|Corviknight, M|100\/100\n|-ability|p1a: Corviknight|Pressure\n|move|p2a: Krookodile|Knock Off|p1a: Corviknight\n|-damage|p1a: Corviknight|71\/100\n|-damage|p2a: Krookodile|84\/100|[from] item: Rocky Helmet|[of] p1a: Corviknight\n|-enditem|p1a: Corviknight|Rocky Helmet|[from] move: Knock Off|[of] p2a: Krookodile\n|\n|-weather|Sandstorm|[upkeep]\n|upkeep\n|turn|7\n|\n|t:|1664191397\n|switch|p2a: Blacephalon|Blacephalon|100\/100\n|move|p1a: Corviknight|U-turn|p2a: Blacephalon\n|-resisted|p2a: Blacephalon\n|-damage|p2a: Blacephalon|93\/100\n|\n|t:|1664191400\n|switch|p1a: Tyranitar|Tyranitar, M|81\/100|[from]move: U-turn\n|\n|-weather|Sandstorm|[upkeep]\n|-damage|p2a: Blacephalon|87\/100|[from] Sandstorm\n|-heal|p1a: Tyranitar|87\/100|[from] item: Leftovers\n|upkeep\n|turn|8\n|\n|t:|1664191404\n|switch|p2a: Scizor|Scizor, F|100\/100\n|move|p1a: Tyranitar|Rock Blast|p2a: Scizor\n|-damage|p2a: Scizor|92\/100\n|-damage|p2a: Scizor|84\/100\n|-damage|p2a: Scizor|76\/100\n|-damage|p2a: Scizor|68\/100\n|-hitcount|p2a: Scizor|4\n|\n|-weather|none\n|-heal|p1a: Tyranitar|93\/100|[from] item: Leftovers\n|upkeep\n|turn|9\n|\n|t:|1664191418\n|move|p2a: Scizor|U-turn|p1a: Tyranitar\n|-supereffective|p1a: Tyranitar\n|-damage|p1a: Tyranitar|42\/100\n|\n|t:|1664191422\n|switch|p2a: Primarina|Primarina, F|100\/100|[from]move: U-turn\n|move|p1a: Tyranitar|Stealth Rock|p2a: Primarina\n|-sidestart|p2: TryHonesty|move: Stealth Rock\n|\n|-heal|p1a: Tyranitar|49\/100|[from] item: Leftovers\n|upkeep\n|turn|10\n|\n|t:|1664191427\n|switch|p1a: Clefable|Clefable, F|100\/100\n|move|p2a: Primarina|Flip Turn|p1a: Clefable\n|-damage|p1a: Clefable|87\/100\n|\n|t:|1664191430\n|switch|p2a: Scizor|Scizor, F|68\/100|[from]move: Flip Turn\n|\n|upkeep\n|turn|11\n|\n|t:|1664191435\n|move|p2a: Scizor|Defog|p1a: Clefable\n|-unboost|p1a: Clefable|evasion|1\n|-sideend|p2: TryHonesty|Stealth Rock|[from] move: Defog|[of] p2a: Scizor\n|move|p1a: Clefable|Thunder Wave|p2a: Scizor\n|-status|p2a: Scizor|par\n|\n|upkeep\n|turn|12\n|\n|t:|1664191439\n|switch|p1a: Corviknight|Corviknight, M|71\/100\n|-ability|p1a: Corviknight|Pressure\n|move|p2a: Scizor|U-turn|p1a: Corviknight\n|-resisted|p1a: Corviknight\n|-damage|p1a: Corviknight|67\/100\n|\n|t:|1664191446\n|switch|p2a: Hydreigon|Hydreigon, F|100\/100|[from]move: U-turn\n|\n|upkeep\n|turn|13\n|\n|t:|1664191451\n|switch|p1a: Clefable|Clefable, F|87\/100\n|move|p2a: Hydreigon|Taunt|p1a: Clefable\n|-start|p1a: Clefable|move: Taunt\n|\n|upkeep\n|turn|14\n|\n|t:|1664191455\n|move|p2a: Hydreigon|U-turn|p1a: Clefable\n|-resisted|p1a: Clefable\n|-damage|p1a: Clefable|81\/100\n|\n|t:|1664191458\n|switch|p2a: Blacephalon|Blacephalon|87\/100|[from]move: U-turn\n|move|p1a: Clefable|Knock Off|p2a: Blacephalon\n|-supereffective|p2a: Blacephalon\n|-damage|p2a: Blacephalon|8\/100\n|-enditem|p2a: Blacephalon|Choice Specs|[from] move: Knock Off|[of] p1a: Clefable\n|\n|upkeep\n|turn|15\n|\n|t:|1664191463\n|switch|p1a: Tyranitar|Tyranitar, M|49\/100\n|-weather|Sandstorm|[from] ability: Sand Stream|[of] p1a: Tyranitar\n|move|p2a: Blacephalon|Mind Blown|p1a: Tyranitar\n|-resisted|p1a: Tyranitar\n|-damage|p1a: Tyranitar|30\/100\n|-damage|p2a: Blacephalon|0 fnt|[from] mindblown\n|faint|p2a: Blacephalon\n|\n|-weather|Sandstorm|[upkeep]\n|-heal|p1a: Tyranitar|37\/100|[from] item: Leftovers\n|upkeep\n|\n|t:|1664191469\n|switch|p2a: Scizor|Scizor, F|68\/100 par\n|turn|16\n|\n|t:|1664191473\n|switch|p1a: Dragapult|Dragapult, M|76\/100\n|move|p2a: Scizor|Bullet Punch|p1a: Dragapult\n|-damage|p1a: Dragapult|42\/100\n|\n|-weather|Sandstorm|[upkeep]\n|-damage|p1a: Dragapult|36\/100|[from] Sandstorm\n|upkeep\n|turn|17\n|\n|t:|1664191481\n|switch|p2a: Hydreigon|Hydreigon, F|100\/100\n|move|p1a: Dragapult|Draco Meteor|p2a: Hydreigon\n|-supereffective|p2a: Hydreigon\n|-damage|p2a: Hydreigon|0 fnt\n|-unboost|p1a: Dragapult|spa|2\n|faint|p2a: Hydreigon\n|\n|-weather|Sandstorm|[upkeep]\n|-damage|p1a: Dragapult|30\/100|[from] Sandstorm\n|upkeep\n|\n|t:|1664191486\n|switch|p2a: Primarina|Primarina, F|100\/100\n|turn|18\n|\n|t:|1664191489\n|switch|p1a: Clefable|Clefable, F|81\/100\n|move|p2a: Primarina|Flip Turn|p1a: Clefable\n|-damage|p1a: Clefable|69\/100\n|-message|TryHonesty forfeited.\n|\n|win|Psichedelic\n|raw|Psichedelic's rating: 1468 &rarr; <strong>1486<\/strong><br \/>(+18 for winning)\n|raw|TryHonesty's rating: 1430 &rarr; <strong>1412<\/strong><br \/>(-18 for losing)\n|l|\u2606TryHonesty\n||Ladder isn't responding, score probably updated but might not have (Request timeout).\n","uploadtime":1664191627,"views":10,"p1id":"psichedelic","p2id":"tryhonesty","formatid":"gen8ou","rating":1412,"private":0,"password":null}