{"id":"gen8anythinggoes-1692045464","p1":"OUTD time1","p2":"yokobaby","format":"gen8anythinggoes","log":"|j|\u2606OUTD time1\n|j|\u2606yokobaby\n|inactive|Battle timer is ON: inactive players will automatically lose when time's up.\n|t:|1666446343\n|gametype|singles\n|player|p1|OUTD time1|265|\n|player|p2|yokobaby|cynthia-masters|\n|teamsize|p1|6\n|teamsize|p2|6\n|gen|8\n|tier|[Gen 8] Anything Goes\n|rated|Tournament battle\n|rule|HP Percentage Mod: HP is shown in percentages\n|rule|Endless Battle Clause: Forcing endless battles is banned\n|clearpoke\n|poke|p1|Landorus-Therian, M|\n|poke|p1|Kyogre|\n|poke|p1|Marshadow|\n|poke|p1|Eternatus|\n|poke|p1|Yveltal|\n|poke|p1|Necrozma-Dusk-Mane|\n|poke|p2|Marshadow|\n|poke|p2|Ho-Oh|\n|poke|p2|Zacian-*|\n|poke|p2|Eternatus|\n|poke|p2|Yveltal|\n|poke|p2|Necrozma-Dusk-Mane|\n|teampreview\n|inactive|OUTD time1 also wants the timer to be on.\n|j| demonistoxic\n|\n|t:|1666446358\n|start\n|switch|p1a: Eternatus|Eternatus|100\/100\n|switch|p2a: Marshadow|Marshadow|100\/100\n|-ability|p1a: Eternatus|Pressure\n|turn|1\n|c| demonistoxic|GL both of u\n|\n|t:|1666446364\n|switch|p2a: Necrozma|Necrozma-Dusk-Mane|100\/100\n|move|p1a: Eternatus|Dynamax Cannon|p2a: Necrozma\n|-resisted|p2a: Necrozma\n|-damage|p2a: Necrozma|81\/100\n|\n|upkeep\n|turn|2\n|\n|t:|1666446368\n|switch|p1a: Landorus|Landorus-Therian, M|100\/100\n|-ability|p1a: Landorus|Intimidate|boost\n|-unboost|p2a: Necrozma|atk|1\n|move|p2a: Necrozma|Knock Off|p1a: Landorus\n|-damage|p1a: Landorus|84\/100\n|-enditem|p1a: Landorus|Leftovers|[from] move: Knock Off|[of] p2a: Necrozma\n|\n|upkeep\n|turn|3\n|\n|t:|1666446373\n|move|p1a: Landorus|Stealth Rock|p2a: Necrozma\n|-sidestart|p2: yokobaby|move: Stealth Rock\n|move|p2a: Necrozma|Stealth Rock|p1a: Landorus\n|-sidestart|p1: OUTD time1|move: Stealth Rock\n|\n|upkeep\n|turn|4\n|\n|t:|1666446377\n|move|p1a: Landorus|Earthquake|p2a: Necrozma\n|-supereffective|p2a: Necrozma\n|-damage|p2a: Necrozma|45\/100\n|move|p2a: Necrozma|Sunsteel Strike|p1a: Landorus\n|-damage|p1a: Landorus|61\/100\n|\n|upkeep\n|turn|5\n|\n|t:|1666446387\n|switch|p1a: Kyogre|Kyogre|100\/100\n|-damage|p1a: Kyogre|88\/100|[from] Stealth Rock\n|-weather|RainDance|[from] ability: Drizzle|[of] p1a: Kyogre\n|move|p2a: Necrozma|Moonlight|p2a: Necrozma\n|-heal|p2a: Necrozma|70\/100\n|\n|-weather|RainDance|[upkeep]\n|upkeep\n|turn|6\n|j| yagize\n|\n|t:|1666446395\n|move|p1a: Kyogre|Ice Beam|p2a: Necrozma\n|-resisted|p2a: Necrozma\n|-damage|p2a: Necrozma|48\/100\n|move|p2a: Necrozma|Knock Off|p1a: Kyogre\n|-damage|p1a: Kyogre|67\/100\n|-enditem|p1a: Kyogre|Choice Specs|[from] move: Knock Off|[of] p2a: Necrozma\n|\n|-weather|RainDance|[upkeep]\n|upkeep\n|turn|7\n|\n|t:|1666446400\n|switch|p2a: Eternatus|Eternatus|100\/100\n|-ability|p2a: Eternatus|Pressure\n|move|p1a: Kyogre|Ice Beam|p2a: Eternatus\n|-supereffective|p2a: Eternatus\n|-damage|p2a: Eternatus|52\/100\n|\n|-weather|RainDance|[upkeep]\n|upkeep\n|turn|8\n|\n|t:|1666446402\n|switch|p1a: Necrozma|Necrozma-Dusk-Mane|100\/100\n|-damage|p1a: Necrozma|94\/100|[from] Stealth Rock\n|move|p2a: Eternatus|Recover|p2a: Eternatus\n|-heal|p2a: Eternatus|100\/100\n|\n|-weather|RainDance|[upkeep]\n|-heal|p1a: Necrozma|100\/100|[from] item: Leftovers\n|upkeep\n|turn|9\n|\n|t:|1666446408\n|switch|p2a: Ho-Oh|Ho-Oh|100\/100\n|move|p1a: Necrozma|Dragon Dance|p1a: Necrozma\n|-boost|p1a: Necrozma|atk|1\n|-boost|p1a: Necrozma|spe|1\n|\n|-weather|none\n|upkeep\n|turn|10\n|\n|t:|1666446412\n|move|p1a: Necrozma|Knock Off|p2a: Ho-Oh\n|-damage|p2a: Ho-Oh|56\/100\n|-enditem|p2a: Ho-Oh|Heavy-Duty Boots|[from] move: Knock Off|[of] p1a: Necrozma\n|move|p2a: Ho-Oh|Thunder Wave|p1a: Necrozma\n|-status|p1a: Necrozma|par\n|\n|upkeep\n|turn|11\n|\n|t:|1666446418\n|switch|p1a: Kyogre|Kyogre|67\/100\n|-damage|p1a: Kyogre|54\/100|[from] Stealth Rock\n|-weather|RainDance|[from] ability: Drizzle|[of] p1a: Kyogre\n|move|p2a: Ho-Oh|Defog|p1a: Kyogre\n|-unboost|p1a: Kyogre|evasion|1\n|-sideend|p1: OUTD time1|Stealth Rock|[from] move: Defog|[of] p2a: Ho-Oh\n|-sideend|p2: yokobaby|Stealth Rock|[from] move: Defog|[of] p2a: Ho-Oh\n|\n|-weather|RainDance|[upkeep]\n|upkeep\n|turn|12\n|\n|t:|1666446422\n|switch|p2a: Eternatus|Eternatus|100\/100\n|-ability|p2a: Eternatus|Pressure\n|move|p1a: Kyogre|Origin Pulse|p2a: Eternatus|[miss]\n|-miss|p1a: Kyogre|p2a: Eternatus\n|\n|-weather|RainDance|[upkeep]\n|upkeep\n|turn|13\n|\n|t:|1666446428\n|switch|p1a: Necrozma|Necrozma-Dusk-Mane|100\/100 par\n|move|p2a: Eternatus|Dynamax Cannon|p1a: Necrozma\n|-resisted|p1a: Necrozma\n|-damage|p1a: Necrozma|86\/100 par\n|\n|-weather|RainDance|[upkeep]\n|-heal|p1a: Necrozma|92\/100 par|[from] item: Leftovers\n|upkeep\n|turn|14\n|\n|t:|1666446430\n|switch|p2a: Yveltal|Yveltal|100\/100\n|-ability|p2a: Yveltal|Dark Aura\n|switch|p1a: Landorus|Landorus-Therian, M|61\/100\n|-ability|p1a: Landorus|Intimidate|boost\n|-unboost|p2a: Yveltal|atk|1\n|\n|-weather|RainDance|[upkeep]\n|upkeep\n|turn|15\n|\n|t:|1666446439\n|switch|p1a: Eternatus|Eternatus|100\/100\n|-ability|p1a: Eternatus|Pressure\n|move|p2a: Yveltal|U-turn|p1a: Eternatus\n|-resisted|p1a: Eternatus\n|-damage|p1a: Eternatus|91\/100\n|-damage|p2a: Yveltal|84\/100|[from] item: Rocky Helmet|[of] p1a: Eternatus\n|\n|t:|1666446447\n|switch|p2a: Zacian|Zacian-Crowned|100\/100|[from]move: U-turn\n|-ability|p2a: Zacian|Intrepid Sword|boost\n|-boost|p2a: Zacian|atk|1\n|\n|-weather|none\n|upkeep\n|turn|16\n|\n|t:|1666446450\n|move|p2a: Zacian|Behemoth Blade|p1a: Eternatus\n|-damage|p1a: Eternatus|10\/100\n|-damage|p2a: Zacian|84\/100|[from] item: Rocky Helmet|[of] p1a: Eternatus\n|move|p1a: Eternatus|Flamethrower|p2a: Zacian\n|-supereffective|p2a: Zacian\n|-damage|p2a: Zacian|29\/100\n|-status|p2a: Zacian|brn\n|\n|-damage|p2a: Zacian|23\/100 brn|[from] brn\n|upkeep\n|turn|17\n|c|\u2606yokobaby|wtf\n|\n|t:|1666446459\n|switch|p1a: Landorus|Landorus-Therian, M|61\/100\n|-ability|p1a: Landorus|Intimidate|boost\n|-unboost|p2a: Zacian|atk|1\n|move|p2a: Zacian|Close Combat|p1a: Landorus\n|-resisted|p1a: Landorus\n|-damage|p1a: Landorus|51\/100\n|-unboost|p2a: Zacian|def|1\n|-unboost|p2a: Zacian|spd|1\n|\n|-damage|p2a: Zacian|17\/100 brn|[from] brn\n|upkeep\n|turn|18\n|c| demonistoxic|the amount of switches\n|\n|t:|1666446462\n|move|p2a: Zacian|Behemoth Blade|p1a: Landorus\n|-damage|p1a: Landorus|25\/100\n|move|p1a: Landorus|Stealth Rock|p2a: Zacian\n|-sidestart|p2: yokobaby|move: Stealth Rock\n|\n|-damage|p2a: Zacian|11\/100 brn|[from] brn\n|upkeep\n|turn|19\n|\n|t:|1666446467\n|switch|p1a: Necrozma|Necrozma-Dusk-Mane|92\/100 par\n|move|p2a: Zacian|Behemoth Blade|p1a: Necrozma\n|-resisted|p1a: Necrozma\n|-damage|p1a: Necrozma|80\/100 par\n|\n|-heal|p1a: Necrozma|86\/100 par|[from] item: Leftovers\n|-damage|p2a: Zacian|5\/100 brn|[from] brn\n|upkeep\n|turn|20\n|\n|t:|1666446470\n|move|p2a: Zacian|Close Combat|p1a: Necrozma\n|-damage|p1a: Necrozma|67\/100 par\n|-unboost|p2a: Zacian|def|1\n|-unboost|p2a: Zacian|spd|1\n|move|p1a: Necrozma|Dragon Dance|p1a: Necrozma\n|-boost|p1a: Necrozma|atk|1\n|-boost|p1a: Necrozma|spe|1\n|\n|-heal|p1a: Necrozma|73\/100 par|[from] item: Leftovers\n|-damage|p2a: Zacian|0 fnt|[from] brn\n|faint|p2a: Zacian\n|upkeep\n|\n|t:|1666446474\n|switch|p2a: Ho-Oh|Ho-Oh|89\/100\n|-damage|p2a: Ho-Oh|39\/100|[from] Stealth Rock\n|turn|21\n|\n|t:|1666446478\n|move|p2a: Ho-Oh|Defog|p1a: Necrozma\n|-unboost|p1a: Necrozma|evasion|1\n|-sideend|p2: yokobaby|Stealth Rock|[from] move: Defog|[of] p2a: Ho-Oh\n|cant|p1a: Necrozma|par\n|\n|-heal|p1a: Necrozma|79\/100 par|[from] item: Leftovers\n|upkeep\n|turn|22\n|\n|t:|1666446483\n|switch|p1a: Kyogre|Kyogre|54\/100\n|-weather|RainDance|[from] ability: Drizzle|[of] p1a: Kyogre\n|move|p2a: Ho-Oh|Sacred Fire|p1a: Kyogre\n|-resisted|p1a: Kyogre\n|-damage|p1a: Kyogre|44\/100\n|\n|-weather|RainDance|[upkeep]\n|upkeep\n|turn|23\n|\n|t:|1666446486\n|switch|p2a: Eternatus|Eternatus|100\/100\n|-ability|p2a: Eternatus|Pressure\n|move|p1a: Kyogre|Ice Beam|p2a: Eternatus\n|-supereffective|p2a: Eternatus\n|-damage|p2a: Eternatus|53\/100\n|\n|-weather|RainDance|[upkeep]\n|upkeep\n|turn|24\n|\n|t:|1666446489\n|move|p2a: Eternatus|Recover|p2a: Eternatus\n|-heal|p2a: Eternatus|100\/100\n|move|p1a: Kyogre|Ice Beam|p2a: Eternatus\n|-supereffective|p2a: Eternatus\n|-damage|p2a: Eternatus|54\/100\n|\n|-weather|RainDance|[upkeep]\n|upkeep\n|turn|25\n|\n|t:|1666446492\n|switch|p1a: Necrozma|Necrozma-Dusk-Mane|79\/100 par\n|move|p2a: Eternatus|Recover|p2a: Eternatus\n|-heal|p2a: Eternatus|100\/100\n|\n|-weather|RainDance|[upkeep]\n|-heal|p1a: Necrozma|85\/100 par|[from] item: Leftovers\n|upkeep\n|turn|26\n|\n|t:|1666446498\n|switch|p2a: Yveltal|Yveltal|84\/100\n|-ability|p2a: Yveltal|Dark Aura\n|switch|p1a: Kyogre|Kyogre|44\/100\n|\n|-weather|none\n|upkeep\n|turn|27\n|\n|t:|1666446502\n|switch|p1a: Landorus|Landorus-Therian, M|25\/100\n|-ability|p1a: Landorus|Intimidate|boost\n|-unboost|p2a: Yveltal|atk|1\n|move|p2a: Yveltal|Knock Off|p1a: Landorus\n|-damage|p1a: Landorus|0 fnt\n|faint|p1a: Landorus\n|\n|upkeep\n|\n|t:|1666446504\n|switch|p1a: Eternatus|Eternatus|10\/100\n|-ability|p1a: Eternatus|Pressure\n|turn|28\n|\n|t:|1666446509\n|switch|p2a: Necrozma|Necrozma-Dusk-Mane|48\/100\n|move|p1a: Eternatus|Dynamax Cannon|p2a: Necrozma\n|-resisted|p2a: Necrozma\n|-damage|p2a: Necrozma|29\/100\n|\n|upkeep\n|turn|29\n|\n|t:|1666446513\n|move|p1a: Eternatus|Flamethrower|p2a: Necrozma\n|-supereffective|p2a: Necrozma\n|-damage|p2a: Necrozma|0 fnt\n|faint|p2a: Necrozma\n|\n|upkeep\n|\n|t:|1666446516\n|switch|p2a: Marshadow|Marshadow|100\/100\n|turn|30\n|\n|t:|1666446519\n|move|p2a: Marshadow|Shadow Sneak|p1a: Eternatus\n|-damage|p1a: Eternatus|0 fnt\n|-damage|p2a: Marshadow|84\/100|[from] item: Rocky Helmet|[of] p1a: Eternatus\n|faint|p1a: Eternatus\n|-damage|p2a: Marshadow|74\/100|[from] item: Life Orb\n|\n|upkeep\n|\n|t:|1666446529\n|switch|p1a: Marshadow|Marshadow|100\/100\n|turn|31\n|\n|t:|1666446532\n|switch|p2a: Eternatus|Eternatus|100\/100\n|-ability|p2a: Eternatus|Pressure\n|move|p1a: Marshadow|Shadow Sneak|p2a: Eternatus\n|-damage|p2a: Eternatus|74\/100\n|-damage|p1a: Marshadow|90\/100|[from] item: Life Orb\n|\n|upkeep\n|turn|32\n|j| Wrathoftheleopard\n|\n|t:|1666446536\n|move|p1a: Marshadow|Bulk Up|p1a: Marshadow\n|-boost|p1a: Marshadow|atk|1\n|-boost|p1a: Marshadow|def|1\n|move|p2a: Eternatus|Mystical Fire|p1a: Marshadow\n|-damage|p1a: Marshadow|66\/100\n|-unboost|p1a: Marshadow|spa|1\n|\n|upkeep\n|turn|33\n|\n|t:|1666446540\n|move|p1a: Marshadow|Spectral Thief|p2a: Eternatus\n|-damage|p2a: Eternatus|3\/100\n|-damage|p1a: Marshadow|56\/100|[from] item: Life Orb\n|move|p2a: Eternatus|Dynamax Cannon|p1a: Marshadow\n|-damage|p1a: Marshadow|7\/100\n|\n|upkeep\n|turn|34\n|\n|t:|1666446547\n|move|p1a: Marshadow|Close Combat|p2a: Eternatus\n|-resisted|p2a: Eternatus\n|-damage|p2a: Eternatus|0 fnt\n|-unboost|p1a: Marshadow|def|1\n|-unboost|p1a: Marshadow|spd|1\n|faint|p2a: Eternatus\n|-damage|p1a: Marshadow|0 fnt|[from] item: Life Orb\n|faint|p1a: Marshadow\n|\n|upkeep\n|\n|t:|1666446553\n|switch|p1a: Yveltal|Yveltal|100\/100\n|switch|p2a: Marshadow|Marshadow|74\/100\n|-ability|p1a: Yveltal|Dark Aura\n|turn|35\n|\n|t:|1666446556\n|move|p1a: Yveltal|Foul Play|p2a: Marshadow\n|-damage|p2a: Marshadow|0 fnt\n|faint|p2a: Marshadow\n|\n|upkeep\n|\n|t:|1666446558\n|switch|p2a: Yveltal|Yveltal|84\/100\n|-ability|p2a: Yveltal|Dark Aura\n|turn|36\n|\n|t:|1666446566\n|-start|p1a: Yveltal|Dynamax|\n|-heal|p1a: Yveltal|100\/100|[silent]\n|move|p2a: Yveltal|Knock Off|p1a: Yveltal\n|-resisted|p1a: Yveltal\n|-crit|p1a: Yveltal\n|-damage|p1a: Yveltal|69\/100\n|-enditem|p1a: Yveltal|Choice Scarf|[from] move: Knock Off|[of] p2a: Yveltal\n|move|p1a: Yveltal|Max Flutterby|p2a: Yveltal\n|-damage|p2a: Yveltal|55\/100\n|-unboost|p2a: Yveltal|spa|1\n|\n|upkeep\n|turn|37\n|\n|t:|1666446569\n|switch|p2a: Ho-Oh|Ho-Oh|73\/100\n|move|p1a: Yveltal|Max Darkness|p2a: Ho-Oh\n|-damage|p2a: Ho-Oh|3\/100\n|-unboost|p2a: Ho-Oh|spd|1\n|\n|upkeep\n|turn|38\n|\n|t:|1666446574\n|move|p1a: Yveltal|Max Darkness|p2a: Ho-Oh\n|-damage|p2a: Ho-Oh|0 fnt\n|faint|p2a: Ho-Oh\n|\n|upkeep\n|\n|t:|1666446576\n|switch|p2a: Yveltal|Yveltal|55\/100\n|-ability|p2a: Yveltal|Dark Aura\n|-end|p1a: Yveltal|Dynamax\n|-heal|p1a: Yveltal|69\/100|[silent]\n|turn|39\n|\n|t:|1666446579\n|-start|p2a: Yveltal|Dynamax|\n|-heal|p2a: Yveltal|55\/100|[silent]\n|move|p2a: Yveltal|Max Airstream|p1a: Yveltal\n|-damage|p1a: Yveltal|18\/100\n|-boost|p2a: Yveltal|spe|1\n|move|p1a: Yveltal|Toxic|p2a: Yveltal\n|-status|p2a: Yveltal|tox\n|\n|-damage|p2a: Yveltal|52\/100 tox|[from] psn\n|upkeep\n|turn|40\n|\n|t:|1666446582\n|switch|p1a: Necrozma|Necrozma-Dusk-Mane|85\/100 par\n|move|p2a: Yveltal|Max Airstream|p1a: Necrozma\n|-resisted|p1a: Necrozma\n|-damage|p1a: Necrozma|63\/100 par\n|-boost|p2a: Yveltal|spe|1\n|\n|-heal|p1a: Necrozma|69\/100 par|[from] item: Leftovers\n|-damage|p2a: Yveltal|46\/100 tox|[from] psn\n|upkeep\n|turn|41\n|\n|t:|1666446591\n|switch|p1a: Kyogre|Kyogre|44\/100\n|-weather|RainDance|[from] ability: Drizzle|[of] p1a: Kyogre\n|move|p2a: Yveltal|Max Darkness|p1a: Kyogre\n|-damage|p1a: Kyogre|0 fnt\n|faint|p1a: Kyogre\n|\n|-weather|RainDance|[upkeep]\n|-damage|p2a: Yveltal|37\/100 tox|[from] psn\n|upkeep\n|\n|t:|1666446593\n|switch|p1a: Yveltal|Yveltal|18\/100\n|-ability|p1a: Yveltal|Dark Aura\n|-end|p2a: Yveltal|Dynamax\n|-heal|p2a: Yveltal|37\/100 tox|[silent]\n|turn|42\n|\n|t:|1666446596\n|move|p2a: Yveltal|Knock Off|p1a: Yveltal\n|-resisted|p1a: Yveltal\n|-damage|p1a: Yveltal|0 fnt\n|faint|p1a: Yveltal\n|\n|-weather|RainDance|[upkeep]\n|-damage|p2a: Yveltal|12\/100 tox|[from] psn\n|upkeep\n|\n|t:|1666446598\n|switch|p1a: Necrozma|Necrozma-Dusk-Mane|69\/100 par\n|turn|43\n|c|\u2606yokobaby|gg\n|\n|t:|1666446602\n|move|p2a: Yveltal|Knock Off|p1a: Necrozma\n|-supereffective|p1a: Necrozma\n|-damage|p1a: Necrozma|0 fnt\n|-enditem|p1a: Necrozma|Leftovers|[from] move: Knock Off|[of] p2a: Yveltal\n|faint|p1a: Necrozma\n|\n|win|yokobaby\n|n|\u2606OUTD time1|outdtime1\n|n|\u2606yokobaby|yokobaby\n|n| demonistoxic|demonistoxic\n|n| yagize|yagize\n|n| Wrathoftheleopard|wrathoftheleopard\n","uploadtime":1666446603,"views":20,"p1id":"outdtime1","p2id":"yokobaby","formatid":"gen8anythinggoes","rating":0,"private":0,"password":null}