{"id":"gen8ou-1443594836","p1":"Dimitri le sang","p2":"Infernoss","format":"gen8ou","log":"|j|\u2606Dimitri le sang\n|j|\u2606Infernoss\n|t:|1635365167\n|gametype|singles\n|player|p1|Dimitri le sang|benga|1578\n|player|p2|Infernoss|chili|1669\n|teamsize|p1|6\n|teamsize|p2|6\n|gen|8\n|tier|[Gen 8] OU\n|rated|\n|rule|Sleep Clause Mod: Limit one foe put to sleep\n|rule|Species Clause: Limit one of each Pok\u00e9mon\n|rule|OHKO Clause: OHKO moves are banned\n|rule|Evasion Moves Clause: Evasion moves are banned\n|rule|Endless Battle Clause: Forcing endless battles is banned\n|rule|HP Percentage Mod: HP is shown in percentages\n|rule|Dynamax Clause: You cannot dynamax\n|clearpoke\n|poke|p1|Blaziken, F|\n|poke|p1|Tapu Lele|\n|poke|p1|Landorus-Therian, M|\n|poke|p1|Heatran, F|\n|poke|p1|Hydreigon, F|\n|poke|p1|Zeraora|\n|poke|p2|Slowbro, F|\n|poke|p2|Hatterene, F|\n|poke|p2|Marowak-Alola, F|\n|poke|p2|Ferrothorn, M|\n|poke|p2|Garchomp, F|\n|poke|p2|Drampa, M|\n|teampreview\n|inactive|Battle timer is ON: inactive players will automatically lose when time's up. (requested by Infernoss)\n|\n|t:|1635365193\n|start\n|switch|p1a: Zeraora|Zeraora|100\/100\n|switch|p2a: Sonso|Slowbro, F|100\/100\n|turn|1\n|\n|t:|1635365204\n|switch|p2a: Thorns|Ferrothorn, M|100\/100\n|move|p1a: Zeraora|Knock Off|p2a: Thorns\n|-damage|p2a: Thorns|77\/100\n|-damage|p1a: Zeraora|88\/100|[from] ability: Iron Barbs|[of] p2a: Thorns\n|-enditem|p2a: Thorns|Leftovers|[from] move: Knock Off|[of] p1a: Zeraora\n|\n|upkeep\n|turn|2\n|\n|t:|1635365214\n|move|p1a: Zeraora|Bulk Up|p1a: Zeraora\n|-boost|p1a: Zeraora|atk|1\n|-boost|p1a: Zeraora|def|1\n|move|p2a: Thorns|Stealth Rock|p1a: Zeraora\n|-sidestart|p1: Dimitri le sang|move: Stealth Rock\n|\n|upkeep\n|turn|3\n|\n|t:|1635365220\n|switch|p2a: Sonso|Slowbro, F|100\/100\n|move|p1a: Zeraora|Bulk Up|p1a: Zeraora\n|-boost|p1a: Zeraora|atk|1\n|-boost|p1a: Zeraora|def|1\n|\n|upkeep\n|turn|4\n|\n|t:|1635365227\n|move|p1a: Zeraora|Plasma Fists|p2a: Sonso\n|-supereffective|p2a: Sonso\n|-damage|p2a: Sonso|0 fnt\n|faint|p2a: Sonso\n|\n|upkeep\n|\n|t:|1635365233\n|switch|p2a: Sharpo|Garchomp, F|100\/100\n|turn|5\n|\n|t:|1635365238\n|move|p1a: Zeraora|Knock Off|p2a: Sharpo\n|-damage|p2a: Sharpo|41\/100\n|-damage|p1a: Zeraora|76\/100|[from] ability: Rough Skin|[of] p2a: Sharpo\n|-enditem|p2a: Sharpo|Leftovers|[from] move: Knock Off|[of] p1a: Zeraora\n|move|p2a: Sharpo|Scale Shot|p1a: Zeraora\n|-damage|p1a: Zeraora|66\/100\n|-damage|p1a: Zeraora|58\/100\n|-crit|p1a: Zeraora\n|-damage|p1a: Zeraora|32\/100\n|-hitcount|p1a: Zeraora|3\n|-unboost|p2a: Sharpo|def|1\n|-boost|p2a: Sharpo|spe|1\n|\n|upkeep\n|turn|6\n|\n|t:|1635365251\n|switch|p1a: Landorus|Landorus-Therian, M|100\/100\n|-damage|p1a: Landorus|88\/100|[from] Stealth Rock\n|-ability|p1a: Landorus|Intimidate|boost\n|-unboost|p2a: Sharpo|atk|1\n|move|p2a: Sharpo|Earthquake|p1a: Landorus\n|-immune|p1a: Landorus\n|\n|-heal|p1a: Landorus|94\/100|[from] item: Leftovers\n|upkeep\n|turn|7\n|\n|t:|1635365260\n|switch|p2a: Thorns|Ferrothorn, M|77\/100\n|move|p1a: Landorus|Earthquake|p2a: Thorns\n|-damage|p2a: Thorns|43\/100\n|\n|-heal|p1a: Landorus|99\/100|[from] item: Leftovers\n|upkeep\n|turn|8\n|\n|t:|1635365267\n|move|p1a: Landorus|Earthquake|p2a: Thorns\n|-damage|p2a: Thorns|4\/100\n|move|p2a: Thorns|Leech Seed|p1a: Landorus\n|-start|p1a: Landorus|move: Leech Seed\n|\n|-heal|p1a: Landorus|100\/100|[from] item: Leftovers\n|-damage|p1a: Landorus|88\/100|[from] Leech Seed|[of] p2a: Thorns\n|-heal|p2a: Thorns|18\/100|[silent]\n|upkeep\n|turn|9\n|\n|t:|1635365277\n|move|p1a: Landorus|Earthquake|p2a: Thorns\n|-damage|p2a: Thorns|0 fnt\n|faint|p2a: Thorns\n|\n|-heal|p1a: Landorus|94\/100|[from] item: Leftovers\n|upkeep\n|\n|t:|1635365282\n|switch|p2a: Hatterene|Hatterene, F|100\/100\n|turn|10\n|\n|t:|1635365286\n|move|p1a: Landorus|Earthquake|p2a: Hatterene\n|-damage|p2a: Hatterene|52\/100\n|move|p2a: Hatterene|Trick Room|p2a: Hatterene\n|-fieldstart|move: Trick Room|[of] p2a: Hatterene\n|\n|-heal|p1a: Landorus|99\/100|[from] item: Leftovers\n|-damage|p1a: Landorus|88\/100|[from] Leech Seed|[of] p2a: Hatterene\n|-heal|p2a: Hatterene|67\/100|[silent]\n|upkeep\n|turn|11\n|\n|t:|1635365294\n|switch|p2a: Falko|Drampa, M|100\/100\n|switch|p1a: Heatran|Heatran, F|100\/100\n|-damage|p1a: Heatran|88\/100|[from] Stealth Rock\n|\n|-heal|p1a: Heatran|94\/100|[from] item: Leftovers\n|upkeep\n|turn|12\n|\n|t:|1635365302\n|move|p2a: Falko|Focus Blast|p1a: Heatran\n|-supereffective|p1a: Heatran\n|-damage|p1a: Heatran|18\/100\n|-damage|p2a: Falko|91\/100|[from] item: Life Orb\n|move|p1a: Heatran|Toxic|p2a: Falko|[miss]\n|-miss|p1a: Heatran|p2a: Falko\n|\n|-heal|p1a: Heatran|24\/100|[from] item: Leftovers\n|upkeep\n|turn|13\n|\n|t:|1635365311\n|move|p2a: Falko|Thunderbolt|p1a: Heatran\n|-damage|p1a: Heatran|0 fnt\n|faint|p1a: Heatran\n|-damage|p2a: Falko|81\/100|[from] item: Life Orb\n|\n|upkeep\n|\n|t:|1635365317\n|switch|p1a: Tapu Lele|Tapu Lele|100\/100\n|-damage|p1a: Tapu Lele|88\/100|[from] Stealth Rock\n|-fieldstart|move: Psychic Terrain|[from] ability: Psychic Surge|[of] p1a: Tapu Lele\n|turn|14\n|\n|t:|1635365329\n|move|p2a: Falko|Hyper Voice|p1a: Tapu Lele\n|-damage|p1a: Tapu Lele|10\/100\n|-damage|p2a: Falko|71\/100|[from] item: Life Orb\n|move|p1a: Tapu Lele|Moonblast|p2a: Falko\n|-supereffective|p2a: Falko\n|-damage|p2a: Falko|0 fnt\n|faint|p2a: Falko\n|\n|-fieldend|move: Trick Room\n|upkeep\n|\n|t:|1635365337\n|switch|p2a: Hatterene|Hatterene, F|67\/100\n|turn|15\n|\n|t:|1635365341\n|move|p1a: Tapu Lele|Moonblast|p2a: Hatterene\n|-damage|p2a: Hatterene|6\/100\n|-unboost|p2a: Hatterene|spa|1\n|move|p2a: Hatterene|Trick Room|p2a: Hatterene\n|-fieldstart|move: Trick Room|[of] p2a: Hatterene\n|\n|upkeep\n|turn|16\n|\n|t:|1635365347\n|move|p2a: Hatterene|Healing Wish|p2a: Hatterene\n|faint|p2a: Hatterene\n|move|p1a: Tapu Lele|Moonblast|p2: Hatterene|[notarget]\n|-fail|p1a: Tapu Lele\n|\n|upkeep\n|\n|t:|1635365351\n|switch|p2a: Billy B.|Marowak-Alola, F|100\/100\n|turn|17\n|\n|t:|1635365358\n|move|p2a: Billy B.|Swords Dance|p2a: Billy B.\n|-boost|p2a: Billy B.|atk|2\n|move|p1a: Tapu Lele|Moonblast|p2a: Billy B.\n|-resisted|p2a: Billy B.\n|-damage|p2a: Billy B.|53\/100\n|\n|upkeep\n|turn|18\n|\n|t:|1635365363\n|move|p2a: Billy B.|Flare Blitz|p1a: Tapu Lele\n|-damage|p1a: Tapu Lele|0 fnt\n|faint|p1a: Tapu Lele\n|\n|-fieldend|move: Psychic Terrain\n|upkeep\n|\n|t:|1635365375\n|switch|p1a: Landorus|Landorus-Therian, M|88\/100\n|-damage|p1a: Landorus|76\/100|[from] Stealth Rock\n|-ability|p1a: Landorus|Intimidate|boost\n|-unboost|p2a: Billy B.|atk|1\n|turn|19\n|\n|t:|1635365389\n|switch|p1a: Zeraora|Zeraora|32\/100\n|move|p2a: Billy B.|Flare Blitz|p1a: Zeraora\n|-damage|p1a: Zeraora|0 fnt\n|faint|p1a: Zeraora\n|\n|-fieldend|move: Trick Room\n|upkeep\n|j| DA COME UP\n|\n|t:|1635365392\n|switch|p1a: Hydreigon|Hydreigon, F|100\/100\n|-damage|p1a: Hydreigon|88\/100|[from] Stealth Rock\n|turn|20\n|\n|t:|1635365399\n|move|p1a: Hydreigon|Draco Meteor|p2a: Billy B.\n|-damage|p2a: Billy B.|0 fnt\n|-unboost|p1a: Hydreigon|spa|2\n|faint|p2a: Billy B.\n|\n|upkeep\n|\n|t:|1635365404\n|switch|p2a: Sharpo|Garchomp, F|41\/100\n|-heal|p2a: Sharpo|100\/100|[from] move: Healing Wish\n|turn|21\n|\n|t:|1635365408\n|move|p1a: Hydreigon|Draco Meteor|p2a: Sharpo\n|-supereffective|p2a: Sharpo\n|-damage|p2a: Sharpo|33\/100\n|-unboost|p1a: Hydreigon|spa|2\n|move|p2a: Sharpo|Swords Dance|p2a: Sharpo\n|-boost|p2a: Sharpo|atk|2\n|\n|upkeep\n|turn|22\n|\n|t:|1635365416\n|switch|p1a: Landorus|Landorus-Therian, M|76\/100\n|-damage|p1a: Landorus|63\/100|[from] Stealth Rock\n|-ability|p1a: Landorus|Intimidate|boost\n|-unboost|p2a: Sharpo|atk|1\n|move|p2a: Sharpo|Scale Shot|p1a: Landorus\n|-damage|p1a: Landorus|47\/100\n|-damage|p1a: Landorus|33\/100\n|-damage|p1a: Landorus|19\/100\n|-hitcount|p1a: Landorus|3\n|-unboost|p2a: Sharpo|def|1\n|-boost|p2a: Sharpo|spe|1\n|\n|-heal|p1a: Landorus|25\/100|[from] item: Leftovers\n|upkeep\n|turn|23\n|\n|t:|1635365430\n|move|p2a: Sharpo|Scale Shot|p1a: Landorus|[miss]\n|-miss|p2a: Sharpo|p1a: Landorus\n|move|p1a: Landorus|Earthquake|p2a: Sharpo\n|-damage|p2a: Sharpo|0 fnt\n|faint|p2a: Sharpo\n|\n|win|Dimitri le sang\n|raw|Dimitri le sang's rating: 1578 &rarr; <strong>1603<\/strong><br \/>(+25 for winning)\n|raw|Infernoss's rating: 1669 &rarr; <strong>1644<\/strong><br \/>(-25 for losing)\n|c|\u2606Infernoss|lol\n|c|\u2606Infernoss|too much luck\n|c|\u2606Dimitri le sang|ez\n|c|\u2606Dimitri le sang|game\n","uploadtime":1635365444,"views":26,"p1id":"dimitrilesang","p2id":"infernoss","formatid":"gen8ou","rating":1603,"private":0,"password":null}