{"id":"gen8ubers-1504308921","p1":"dragonice6969","p2":"Ivyon","format":"gen8ubers","log":"|j|\u2606dragonice6969\n|j|\u2606Ivyon\n|t:|1643985966\n|gametype|singles\n|player|p1|dragonice6969|firebreather|1306\n|player|p2|Ivyon|blue|1418\n|teamsize|p1|6\n|teamsize|p2|6\n|gen|8\n|tier|[Gen 8] Ubers\n|rated|\n|rule|Sleep Clause Mod: Limit one foe put to sleep\n|rule|Species Clause: Limit one of each Pok\u00e9mon\n|rule|OHKO Clause: OHKO moves are banned\n|rule|Evasion Moves Clause: Evasion moves are banned\n|rule|Endless Battle Clause: Forcing endless battles is banned\n|rule|HP Percentage Mod: HP is shown in percentages\n|rule|Dynamax Clause: You cannot dynamax\n|clearpoke\n|poke|p1|Blissey, F|\n|poke|p1|Yveltal|\n|poke|p1|Xerneas-*|\n|poke|p1|Zygarde|\n|poke|p1|Ferrothorn, M|\n|poke|p1|Regieleki|\n|poke|p2|Cloyster, M|\n|poke|p2|Blaziken, F|\n|poke|p2|Regieleki|\n|poke|p2|Shuckle, M|\n|poke|p2|Lycanroc-Dusk, M|\n|poke|p2|Azumarill, M|\n|teampreview\n|\n|t:|1643985976\n|start\n|switch|p1a: Zygarde|Zygarde|100\/100\n|switch|p2a: Blaziken|Blaziken, F, shiny|100\/100\n|turn|1\n|\n|t:|1643985987\n|switch|p2a: Shuckle|Shuckle, M, shiny|100\/100\n|move|p1a: Zygarde|Substitute|p1a: Zygarde\n|-start|p1a: Zygarde|Substitute\n|-damage|p1a: Zygarde|76\/100\n|\n|upkeep\n|turn|2\n|\n|t:|1643985993\n|move|p1a: Zygarde|Dragon Dance|p1a: Zygarde\n|-boost|p1a: Zygarde|atk|1\n|-boost|p1a: Zygarde|spe|1\n|move|p2a: Shuckle|Encore|p1a: Zygarde\n|-start|p1a: Zygarde|Encore\n|\n|upkeep\n|turn|3\n|\n|t:|1643986000\n|switch|p2a: Cloyster|Cloyster, M|100\/100\n|move|p1a: Zygarde|Dragon Dance|p1a: Zygarde\n|-boost|p1a: Zygarde|atk|1\n|-boost|p1a: Zygarde|spe|1\n|\n|upkeep\n|turn|4\n|\n|t:|1643986020\n|switch|p1a: Ferrothorn|Ferrothorn, M|100\/100\n|move|p2a: Cloyster|Shell Smash|p2a: Cloyster\n|-unboost|p2a: Cloyster|def|1\n|-unboost|p2a: Cloyster|spd|1\n|-boost|p2a: Cloyster|atk|2\n|-boost|p2a: Cloyster|spa|2\n|-boost|p2a: Cloyster|spe|2\n|\n|upkeep\n|turn|5\n|\n|t:|1643986030\n|move|p2a: Cloyster|Shell Smash|p2a: Cloyster\n|-unboost|p2a: Cloyster|def|1\n|-unboost|p2a: Cloyster|spd|1\n|-boost|p2a: Cloyster|atk|2\n|-boost|p2a: Cloyster|spa|2\n|-boost|p2a: Cloyster|spe|2\n|move|p1a: Ferrothorn|Gyro Ball|p2a: Cloyster\n|-damage|p2a: Cloyster|19\/100\n|\n|upkeep\n|turn|6\n|\n|t:|1643986038\n|move|p2a: Cloyster|Icicle Spear|p1a: Ferrothorn\n|-damage|p1a: Ferrothorn|76\/100\n|-damage|p1a: Ferrothorn|50\/100\n|-damage|p1a: Ferrothorn|25\/100\n|-damage|p1a: Ferrothorn|2\/100\n|-damage|p1a: Ferrothorn|0 fnt\n|faint|p1a: Ferrothorn\n|-hitcount|p1: Ferrothorn|5\n|\n|upkeep\n|\n|t:|1643986047\n|switch|p1a: Yveltal|Yveltal, shiny|100\/100\n|-ability|p1a: Yveltal|Dark Aura\n|turn|7\n|\n|t:|1643986053\n|move|p1a: Yveltal|Sucker Punch||[still]\n|-fail|p1a: Yveltal\n|move|p2a: Cloyster|Shell Smash|p2a: Cloyster\n|-unboost|p2a: Cloyster|def|1\n|-unboost|p2a: Cloyster|spd|1\n|-boost|p2a: Cloyster|atk|2\n|-boost|p2a: Cloyster|spa|2\n|-boost|p2a: Cloyster|spe|2\n|\n|upkeep\n|turn|8\n|\n|t:|1643986061\n|move|p1a: Yveltal|Sucker Punch||[still]\n|-fail|p1a: Yveltal\n|move|p2a: Cloyster|Shell Smash|p2a: Cloyster\n|-unboost|p2a: Cloyster|def|1\n|-unboost|p2a: Cloyster|spd|1\n|-boost|p2a: Cloyster|atk|0\n|-boost|p2a: Cloyster|spa|0\n|-boost|p2a: Cloyster|spe|0\n|\n|upkeep\n|turn|9\n|\n|t:|1643986070\n|move|p1a: Yveltal|Sucker Punch||[still]\n|-fail|p1a: Yveltal\n|move|p2a: Cloyster|Shell Smash|p2a: Cloyster\n|-unboost|p2a: Cloyster|def|1\n|-unboost|p2a: Cloyster|spd|1\n|-boost|p2a: Cloyster|atk|0\n|-boost|p2a: Cloyster|spa|0\n|-boost|p2a: Cloyster|spe|0\n|\n|upkeep\n|turn|10\n|\n|t:|1643986078\n|move|p2a: Cloyster|Icicle Spear|p1a: Yveltal\n|-supereffective|p1a: Yveltal\n|-damage|p1a: Yveltal|14\/100\n|-supereffective|p1a: Yveltal\n|-damage|p1a: Yveltal|0 fnt\n|faint|p1a: Yveltal\n|-hitcount|p1: Yveltal|2\n|\n|upkeep\n|-message|dragonice6969 forfeited.\n|\n|win|Ivyon\n|raw|dragonice6969's rating: 1306 &rarr; <strong>1292<\/strong><br \/>(-14 for losing)\n|raw|Ivyon's rating: 1418 &rarr; <strong>1432<\/strong><br \/>(+14 for winning)\n","uploadtime":1643986094,"views":12,"p1id":"dragonice6969","p2id":"ivyon","formatid":"gen8ubers","rating":1292,"private":0,"password":null}