{"id":"gen8battlefactory-1686796116","p1":"PedroGreg","p2":"Amigento1958","format":"gen8battlefactory","log":"|j|\u2606PedroGreg\n|j|\u2606Amigento1958\n|inactive|Battle timer is ON: inactive players will automatically lose when time's up.\n|t:|1665883306\n|gametype|singles\n|player|p1|PedroGreg|#wcop2022brazil|\n|player|p2|Amigento1958|gladion|\n|teamsize|p1|6\n|teamsize|p2|6\n|gen|8\n|tier|[Gen 8] Battle Factory\n|rated|Tournament battle\n|rule|Sleep Clause Mod: Limit one foe put to sleep\n|rule|Species Clause: Limit one of each Pok\u00e9mon\n|rule|OHKO Clause: OHKO moves are banned\n|rule|Evasion Items Clause: Evasion items are banned\n|rule|Evasion Moves Clause: Evasion moves are banned\n|rule|Endless Battle Clause: Forcing endless battles is banned\n|rule|HP Percentage Mod: HP is shown in percentages\n|rule|Dynamax Clause: You cannot dynamax\n|clearpoke\n|poke|p1|Silvally-*|\n|poke|p1|Lanturn, M|\n|poke|p1|Aggron, M|\n|poke|p1|Rotom|\n|poke|p1|Haunter, F|\n|poke|p1|Cinccino, F|\n|poke|p2|Coalossal, F|\n|poke|p2|Togedemaru, F|\n|poke|p2|Centiskorch, M|\n|poke|p2|Weezing, M|\n|poke|p2|Silvally-*|\n|poke|p2|Uxie|\n|teampreview\n|j| durarararara\n|j|+Cocoon Evolution\n|\n|t:|1665883333\n|start\n|switch|p1a: Rotom|Rotom|241\/241\n|switch|p2a: Coalossal|Coalossal, F|424\/424\n|turn|1\n|\n|t:|1665883341\n|move|p1a: Rotom|Trick|p2a: Coalossal\n|-activate|p1a: Rotom|move: Trick|[of] p2a: Coalossal\n|-item|p2a: Coalossal|Choice Scarf|[from] move: Trick\n|-item|p1a: Rotom|Heavy-Duty Boots|[from] move: Trick\n|move|p2a: Coalossal|Stealth Rock|p1a: Rotom\n|-sidestart|p1: PedroGreg|move: Stealth Rock\n|\n|upkeep\n|turn|2\n|\n|t:|1665883350\n|switch|p2a: Centiskorch|Centiskorch, M|341\/341\n|move|p1a: Rotom|Shadow Ball|p2a: Centiskorch\n|-damage|p2a: Centiskorch|214\/341\n|\n|upkeep\n|turn|3\n|\n|t:|1665883356\n|move|p1a: Rotom|Thunderbolt|p2a: Centiskorch\n|-damage|p2a: Centiskorch|60\/341\n|-status|p2a: Centiskorch|par\n|move|p2a: Centiskorch|Knock Off|p1a: Rotom\n|-supereffective|p1a: Rotom\n|-damage|p1a: Rotom|0 fnt\n|-enditem|p1a: Rotom|Heavy-Duty Boots|[from] move: Knock Off|[of] p2a: Centiskorch\n|faint|p1a: Rotom\n|\n|upkeep\n|\n|t:|1665883366\n|switch|p1a: Silvally|Silvally-Fairy|394\/394\n|-damage|p1a: Silvally|345\/394|[from] Stealth Rock\n|turn|4\n|\n|t:|1665883377\n|switch|p2a: Coalossal|Coalossal, F|424\/424\n|move|p1a: Silvally|Defog|p2a: Coalossal\n|-unboost|p2a: Coalossal|evasion|1\n|-sideend|p1: PedroGreg|Stealth Rock|[from] move: Defog|[of] p1a: Silvally\n|\n|upkeep\n|turn|5\n|\n|t:|1665883384\n|move|p1a: Silvally|Parting Shot|p2a: Coalossal\n|-unboost|p2a: Coalossal|atk|1\n|-unboost|p2a: Coalossal|spa|1\n|\n|t:|1665883391\n|switch|p1a: Aggron|Aggron, M|344\/344\n|move|p2a: Coalossal|Flamethrower|p1a: Aggron\n|-damage|p1a: Aggron|290\/344\n|\n|-heal|p1a: Aggron|311\/344|[from] item: Leftovers\n|upkeep\n|turn|6\n|\n|t:|1665883399\n|switch|p2a: Weezing|Weezing, M|334\/334\n|move|p1a: Aggron|Stealth Rock|p2a: Weezing\n|-sidestart|p2: Amigento1958|move: Stealth Rock\n|\n|-heal|p1a: Aggron|332\/344|[from] item: Leftovers\n|upkeep\n|turn|7\n|\n|t:|1665883412\n|switch|p1a: Lanturn|Lanturn, M|413\/413\n|move|p2a: Weezing|Will-O-Wisp|p1a: Lanturn\n|-status|p1a: Lanturn|brn\n|\n|-damage|p1a: Lanturn|388\/413 brn|[from] brn\n|upkeep\n|turn|8\n|\n|t:|1665883419\n|move|p1a: Lanturn|Volt Switch|p2a: Weezing\n|-damage|p2a: Weezing|238\/334\n|\n|t:|1665883422\n|switch|p1a: Haunter|Haunter, F|231\/231\n|move|p2a: Weezing|Sludge Bomb|p1a: Haunter\n|-resisted|p1a: Haunter\n|-crit|p1a: Haunter\n|-damage|p1a: Haunter|174\/231\n|\n|-heal|p2a: Weezing|258\/334|[from] item: Black Sludge\n|upkeep\n|turn|9\n|l| durarararara\n|\n|t:|1665883440\n|switch|p2a: Centiskorch|Centiskorch, M|60\/341 par\n|move|p1a: Haunter|Substitute|p1a: Haunter\n|-start|p1a: Haunter|Substitute\n|-damage|p1a: Haunter|117\/231\n|\n|upkeep\n|turn|10\n|\n|t:|1665883446\n|move|p1a: Haunter|Shadow Ball|p2a: Centiskorch\n|-damage|p2a: Centiskorch|0 fnt\n|faint|p2a: Centiskorch\n|-damage|p1a: Haunter|94\/231|[from] item: Life Orb\n|\n|upkeep\n|\n|t:|1665883449\n|switch|p2a: Coalossal|Coalossal, F|424\/424\n|-damage|p2a: Coalossal|318\/424|[from] Stealth Rock\n|turn|11\n|\n|t:|1665883453\n|move|p1a: Haunter|Shadow Ball|p2a: Coalossal\n|-damage|p2a: Coalossal|174\/424\n|-damage|p1a: Haunter|71\/231|[from] item: Life Orb\n|move|p2a: Coalossal|Rock Blast|p1a: Haunter\n|-activate|p1a: Haunter|move: Substitute|[damage]\n|-end|p1a: Haunter|Substitute\n|-hitcount|p1a: Haunter|2\n|\n|upkeep\n|turn|12\n|\n|t:|1665883462\n|switch|p1a: Aggron|Aggron, M|332\/344\n|move|p2a: Coalossal|Rock Blast|p1a: Aggron\n|-resisted|p1a: Aggron\n|-damage|p1a: Aggron|324\/344\n|-resisted|p1a: Aggron\n|-damage|p1a: Aggron|317\/344\n|-resisted|p1a: Aggron\n|-damage|p1a: Aggron|309\/344\n|-resisted|p1a: Aggron\n|-damage|p1a: Aggron|301\/344\n|-resisted|p1a: Aggron\n|-damage|p1a: Aggron|293\/344\n|-hitcount|p1a: Aggron|5\n|\n|-heal|p1a: Aggron|314\/344|[from] item: Leftovers\n|upkeep\n|turn|13\n|\n|t:|1665883469\n|switch|p2a: Weezing|Weezing, M|258\/334\n|-damage|p2a: Weezing|217\/334|[from] Stealth Rock\n|move|p1a: Aggron|Head Smash|p2a: Weezing\n|-damage|p2a: Weezing|96\/334\n|\n|-heal|p2a: Weezing|116\/334|[from] item: Black Sludge\n|-heal|p1a: Aggron|335\/344|[from] item: Leftovers\n|upkeep\n|turn|14\n|\n|t:|1665883480\n|move|p2a: Weezing|Sludge Bomb|p1a: Aggron\n|-immune|p1a: Aggron\n|move|p1a: Aggron|Head Smash|p2a: Weezing\n|-damage|p2a: Weezing|0 fnt\n|faint|p2a: Weezing\n|\n|-heal|p1a: Aggron|344\/344|[from] item: Leftovers\n|upkeep\n|\n|t:|1665883491\n|switch|p2a: Silvally|Silvally-Ghost|331\/331\n|-damage|p2a: Silvally|290\/331|[from] Stealth Rock\n|turn|15\n|\n|t:|1665883494\n|move|p2a: Silvally|Substitute|p2a: Silvally\n|-start|p2a: Silvally|Substitute\n|-damage|p2a: Silvally|208\/331\n|move|p1a: Aggron|Head Smash|p2a: Silvally\n|-end|p2a: Silvally|Substitute\n|\n|upkeep\n|turn|16\n|\n|t:|1665883501\n|move|p2a: Silvally|Flame Charge|p1a: Aggron\n|-damage|p1a: Aggron|312\/344\n|-boost|p2a: Silvally|spe|1\n|move|p1a: Aggron|Earthquake|p2a: Silvally\n|-damage|p2a: Silvally|114\/331\n|\n|-heal|p1a: Aggron|333\/344|[from] item: Leftovers\n|upkeep\n|turn|17\n|\n|t:|1665883506\n|move|p2a: Silvally|Multi-Attack|p1a: Aggron\n|-damage|p1a: Aggron|234\/344\n|move|p1a: Aggron|Earthquake|p2a: Silvally\n|-damage|p2a: Silvally|17\/331\n|\n|-heal|p1a: Aggron|255\/344|[from] item: Leftovers\n|upkeep\n|turn|18\n|\n|t:|1665883513\n|move|p2a: Silvally|Multi-Attack|p1a: Aggron\n|-damage|p1a: Aggron|144\/344\n|move|p1a: Aggron|Earthquake|p2a: Silvally\n|-damage|p2a: Silvally|0 fnt\n|faint|p2a: Silvally\n|\n|-heal|p1a: Aggron|165\/344|[from] item: Leftovers\n|upkeep\n|\n|t:|1665883521\n|switch|p2a: Uxie|Uxie|354\/354\n|-damage|p2a: Uxie|310\/354|[from] Stealth Rock\n|turn|19\n|\n|t:|1665883527\n|move|p2a: Uxie|Calm Mind|p2a: Uxie\n|-boost|p2a: Uxie|spa|1\n|-boost|p2a: Uxie|spd|1\n|move|p1a: Aggron|Head Smash|p2a: Uxie|[miss]\n|-miss|p1a: Aggron|p2a: Uxie\n|\n|-heal|p1a: Aggron|186\/344|[from] item: Leftovers\n|upkeep\n|turn|20\n|\n|t:|1665883532\n|switch|p1a: Lanturn|Lanturn, M|388\/413 brn\n|move|p2a: Uxie|Calm Mind|p2a: Uxie\n|-boost|p2a: Uxie|spa|1\n|-boost|p2a: Uxie|spd|1\n|\n|-heal|p1a: Lanturn|413\/413 brn|[from] item: Leftovers\n|-damage|p1a: Lanturn|388\/413 brn|[from] brn\n|upkeep\n|turn|21\n|\n|t:|1665883534\n|move|p2a: Uxie|Calm Mind|p2a: Uxie\n|-boost|p2a: Uxie|spa|1\n|-boost|p2a: Uxie|spd|1\n|move|p1a: Lanturn|Toxic|p2a: Uxie\n|-status|p2a: Uxie|tox\n|\n|-heal|p1a: Lanturn|413\/413 brn|[from] item: Leftovers\n|-damage|p2a: Uxie|288\/354 tox|[from] psn\n|-damage|p1a: Lanturn|388\/413 brn|[from] brn\n|upkeep\n|turn|22\n|\n|t:|1665883543\n|move|p1a: Lanturn|Protect|p1a: Lanturn\n|-singleturn|p1a: Lanturn|Protect\n|move|p2a: Uxie|Calm Mind|p2a: Uxie\n|-boost|p2a: Uxie|spa|1\n|-boost|p2a: Uxie|spd|1\n|\n|-heal|p1a: Lanturn|413\/413 brn|[from] item: Leftovers\n|-damage|p2a: Uxie|244\/354 tox|[from] psn\n|-damage|p1a: Lanturn|388\/413 brn|[from] brn\n|upkeep\n|turn|23\n|\n|t:|1665883548\n|switch|p1a: Aggron|Aggron, M|186\/344\n|move|p2a: Uxie|Stored Power|p1a: Aggron\n|-resisted|p1a: Aggron\n|-damage|p1a: Aggron|0 fnt\n|faint|p1a: Aggron\n|\n|-damage|p2a: Uxie|178\/354 tox|[from] psn\n|upkeep\n|\n|t:|1665883556\n|switch|p1a: Cinccino|Cinccino, F|291\/291\n|turn|24\n|\n|t:|1665883566\n|move|p1a: Cinccino|U-turn|p2a: Uxie\n|-supereffective|p2a: Uxie\n|-damage|p2a: Uxie|100\/354 tox\n|-enditem|p2a: Uxie|Kee Berry|[eat]\n|-boost|p2a: Uxie|def|1|[from] item: Kee Berry\n|\n|t:|1665883572\n|switch|p1a: Silvally|Silvally-Fairy|345\/394\n|move|p2a: Uxie|Draining Kiss|p1a: Silvally\n|-damage|p1a: Silvally|245\/394\n|-heal|p2a: Uxie|175\/354 tox|[from] drain|[of] p1a: Silvally\n|\n|-damage|p2a: Uxie|87\/354 tox|[from] psn\n|upkeep\n|turn|25\n|\n|t:|1665883581\n|move|p1a: Silvally|Multi-Attack|p2a: Uxie\n|-damage|p2a: Uxie|32\/354 tox\n|move|p2a: Uxie|Rest|p2a: Uxie\n|-status|p2a: Uxie|slp|[from] move: Rest\n|-heal|p2a: Uxie|354\/354 slp|[silent]\n|\n|upkeep\n|turn|26\n|\n|t:|1665883590\n|move|p1a: Silvally|Parting Shot|p2a: Uxie\n|-unboost|p2a: Uxie|atk|1\n|-unboost|p2a: Uxie|spa|1\n|\n|t:|1665883595\n|switch|p1a: Haunter|Haunter, F|71\/231\n|cant|p2a: Uxie|slp\n|\n|upkeep\n|turn|27\n|\n|t:|1665883599\n|move|p1a: Haunter|Shadow Ball|p2a: Uxie\n|-supereffective|p2a: Uxie\n|-damage|p2a: Uxie|266\/354 slp\n|-damage|p1a: Haunter|48\/231|[from] item: Life Orb\n|cant|p2a: Uxie|slp\n|\n|upkeep\n|turn|28\n|\n|t:|1665883602\n|move|p1a: Haunter|Shadow Ball|p2a: Uxie\n|-supereffective|p2a: Uxie\n|-damage|p2a: Uxie|170\/354 slp\n|-damage|p1a: Haunter|25\/231|[from] item: Life Orb\n|-curestatus|p2a: Uxie|slp|[msg]\n|move|p2a: Uxie|Calm Mind|p2a: Uxie\n|-boost|p2a: Uxie|spa|1\n|-boost|p2a: Uxie|spd|1\n|\n|upkeep\n|turn|29\n|\n|t:|1665883610\n|move|p1a: Haunter|Shadow Ball|p2a: Uxie\n|-supereffective|p2a: Uxie\n|-damage|p2a: Uxie|89\/354\n|-damage|p1a: Haunter|2\/231|[from] item: Life Orb\n|move|p2a: Uxie|Rest|p2a: Uxie\n|-status|p2a: Uxie|slp|[from] move: Rest\n|-heal|p2a: Uxie|354\/354 slp|[silent]\n|\n|upkeep\n|turn|30\n|\n|t:|1665883619\n|move|p1a: Haunter|Shadow Ball|p2a: Uxie\n|-supereffective|p2a: Uxie\n|-damage|p2a: Uxie|273\/354 slp\n|-damage|p1a: Haunter|0 fnt|[from] item: Life Orb\n|faint|p1a: Haunter\n|cant|p2a: Uxie|slp\n|\n|upkeep\n|\n|t:|1665883622\n|switch|p1a: Cinccino|Cinccino, F|291\/291\n|turn|31\n|\n|t:|1665883625\n|move|p1a: Cinccino|Tail Slap|p2a: Uxie\n|-damage|p2a: Uxie|257\/354 slp\n|-damage|p2a: Uxie|241\/354 slp\n|-damage|p2a: Uxie|225\/354 slp\n|-crit|p2a: Uxie\n|-damage|p2a: Uxie|192\/354 slp\n|-damage|p2a: Uxie|177\/354 slp\n|-hitcount|p2a: Uxie|5\n|cant|p2a: Uxie|slp\n|\n|upkeep\n|turn|32\n|\n|t:|1665883632\n|move|p1a: Cinccino|Tail Slap|p2a: Uxie\n|-damage|p2a: Uxie|162\/354 slp\n|-damage|p2a: Uxie|147\/354 slp\n|-damage|p2a: Uxie|131\/354 slp\n|-damage|p2a: Uxie|115\/354 slp\n|-damage|p2a: Uxie|99\/354 slp\n|-hitcount|p2a: Uxie|5\n|-curestatus|p2a: Uxie|slp|[msg]\n|move|p2a: Uxie|Stored Power|p1a: Cinccino\n|-damage|p1a: Cinccino|0 fnt\n|faint|p1a: Cinccino\n|\n|upkeep\n|\n|t:|1665883637\n|switch|p1a: Silvally|Silvally-Fairy|245\/394\n|turn|33\n|\n|t:|1665883640\n|move|p1a: Silvally|Multi-Attack|p2a: Uxie\n|-damage|p2a: Uxie|47\/354\n|move|p2a: Uxie|Stored Power|p1a: Silvally\n|-damage|p1a: Silvally|0 fnt\n|faint|p1a: Silvally\n|\n|upkeep\n|\n|t:|1665883645\n|switch|p1a: Lanturn|Lanturn, M|388\/413 brn\n|turn|34\n|\n|t:|1665883648\n|move|p2a: Uxie|Rest|p2a: Uxie\n|-status|p2a: Uxie|slp|[from] move: Rest\n|-heal|p2a: Uxie|354\/354 slp|[silent]\n|move|p1a: Lanturn|Scald|p2a: Uxie\n|-damage|p2a: Uxie|335\/354 slp\n|\n|-heal|p1a: Lanturn|413\/413 brn|[from] item: Leftovers\n|-damage|p1a: Lanturn|388\/413 brn|[from] brn\n|upkeep\n|turn|35\n|c|\u2606PedroGreg|gg\n|-message|PedroGreg forfeited.\n|\n|win|Amigento1958\n|n|\u2606PedroGreg|pedrogreg\n|n|\u2606Amigento1958|amigento1958\n|n| Cocoon Evolution|cocoonevolution\n|l|\u2606PedroGreg\n|c|\u2606Amigento1958|gg\n|l| Cocoon Evolution\n","uploadtime":1665883930,"views":29,"p1id":"pedrogreg","p2id":"amigento1958","formatid":"gen8battlefactory","rating":0,"private":0,"password":null}