{"id":"gen8freeforallrandombattle-1670159207","p1":"shiawasenostory","p2":"Sketchy101","format":"gen8freeforallrandombattle","log":"|uhtml|invites|<div class=\"broadcast broadcast-blue\"><strong>This is a 4-player challenge battle<\/strong><br \/>The players will need to add more players before the battle can start.<\/div>\n|j|\u2606shiawasenostory\n|j|\u2606Sketchy101\n|t:|1664134138\n|gametype|freeforall\n|player|p1|shiawasenostory|winona|\n|player|p2|Sketchy101|guzma|\n||Invite sent to disant0sant0!\n|j| disant0sant0\n|n|\u2606disant0sant0|disant0sant0\n|n|\u2606disant0sant0|disant0sant0\n|player|p3|disant0sant0|170\n|player|p3|disant0sant0|170|\n||Invite sent to Fernanch!\n|j| Fernanch\n|n|\u2606Fernanch|fernanch\n|n|\u2606Fernanch|fernanch\n|player|p4|Fernanch|hilbert\n|uhtmlchange|invites|\n|player|p4|Fernanch|hilbert|\n|teamsize|p1|6\n|teamsize|p2|6\n|teamsize|p3|6\n|teamsize|p4|6\n|gen|8\n|tier|[Gen 8] Free-For-All Random Battle\n|rule|Species Clause: Limit one of each Pok\u00e9mon\n|rule|HP Percentage Mod: HP is shown in percentages\n|rule|Sleep Clause Mod: Limit one foe put to sleep\n|\n|t:|1664134166\n|start\n|switch|p1a: Flygon|Flygon, L86, F|278\/278\n|switch|p2a: Ferrothorn|Ferrothorn, L83, F|259\/259\n|switch|p3b: Kommo-o|Kommo-o, L80, M|251\/251\n|switch|p4b: Heatmor|Heatmor, L88, F|293\/293\n|turn|1\n|\n|t:|1664134224\n|switch|p2a: Mantine|Mantine, L88, M|293\/293\n|move|p3b: Kommo-o|Protect|p3b: Kommo-o\n|-singleturn|p3b: Kommo-o|Protect\n|move|p1a: Flygon|Dragon Claw|p3b: Kommo-o\n|-activate|p3b: Kommo-o|move: Protect\n|move|p4b: Heatmor|Incinerate|p2a: Mantine|[spread] p1a,p2a\n|-activate|p3b: Kommo-o|move: Protect\n|-resisted|p1a: Flygon\n|-resisted|p2a: Mantine\n|-damage|p1a: Flygon|257\/278\n|-damage|p2a: Mantine|281\/293\n|-enditem|p1a: Flygon|Sitrus Berry|[from] move: Incinerate\n|-enditem|p2a: Mantine|Sitrus Berry|[from] move: Incinerate\n|\n|upkeep\n|turn|2\n|\n|t:|1664134278\n|switch|p3b: Walrein|Walrein, L86, F|329\/329\n|switch|p4b: Hatterene|Hatterene, L80, F|222\/222\n|move|p1a: Flygon|Protect|p1a: Flygon\n|-singleturn|p1a: Flygon|Protect\n|move|p2a: Mantine|Tailwind|p2a: Mantine\n|-sidestart|p2: Sketchy101|move: Tailwind\n|\n|upkeep\n|turn|3\n|\n|t:|1664134306\n|switch|p1a: Pincurchin|Pincurchin, L90, M|233\/233\n|-fieldstart|move: Electric Terrain|[from] ability: Electric Surge|[of] p1a: Pincurchin\n|move|p2a: Mantine|Scald|p1a: Pincurchin\n|-damage|p1a: Pincurchin|160\/233\n|move|p3b: Walrein|Super Fang|p2a: Mantine\n|-damage|p2a: Mantine|141\/293\n|move|p4b: Hatterene|Trick Room|p4b: Hatterene\n|-fieldstart|move: Trick Room|[of] p4b: Hatterene\n|\n|upkeep\n|turn|4\n|\n|t:|1664134378\n|switch|p3b: Steelix|Steelix, L88, F|275\/275\n|switch|p2a: Ferrothorn|Ferrothorn, L83, F|259\/259\n|move|p4b: Hatterene|Mystical Fire|p2a: Ferrothorn\n|-supereffective|p2a: Ferrothorn\n|-damage|p2a: Ferrothorn|51\/259\n|-unboost|p2a: Ferrothorn|spa|1\n|-enditem|p2a: Ferrothorn|Sitrus Berry|[eat]\n|-heal|p2a: Ferrothorn|115\/259|[from] item: Sitrus Berry\n|move|p1a: Pincurchin|Rising Voltage|p4b: Hatterene\n|-hint|Rising Voltage's BP doubled on grounded target.\n|-damage|p4b: Hatterene|21\/222\n|-enditem|p4b: Hatterene|Sitrus Berry|[eat]\n|-heal|p4b: Hatterene|76\/222|[from] item: Sitrus Berry\n|\n|upkeep\n|turn|5\n|c|\u2606disant0sant0|DEEZUS\n|\n|t:|1664134431\n|move|p3b: Steelix|Protect|p3b: Steelix\n|-singleturn|p3b: Steelix|Protect\n|move|p4b: Hatterene|Mystical Fire|p1a: Pincurchin\n|-damage|p1a: Pincurchin|97\/233\n|-unboost|p1a: Pincurchin|spa|1\n|move|p1a: Pincurchin|Scald|p3b: Steelix\n|-activate|p3b: Steelix|move: Protect\n|move|p2a: Ferrothorn|Power Whip|p4b: Hatterene\n|-damage|p4b: Hatterene|0 fnt\n|faint|p4b: Hatterene\n|\n|-sideend|p2: Sketchy101|move: Tailwind\n|upkeep\n|\n|t:|1664134455\n|switch|p4b: Crawdaunt|Crawdaunt, L86, M|249\/249\n|turn|6\n|\n|t:|1664134485\n|switch|p4b: Heatmor|Heatmor, L88, F|293\/293\n|move|p1a: Pincurchin|Rising Voltage|p4b: Heatmor\n|-hint|Rising Voltage's BP doubled on grounded target.\n|-damage|p4b: Heatmor|134\/293\n|-enditem|p4b: Heatmor|Sitrus Berry|[eat]\n|-heal|p4b: Heatmor|207\/293|[from] item: Sitrus Berry\n|move|p2a: Ferrothorn|Power Whip|p4b: Heatmor\n|-resisted|p4b: Heatmor\n|-damage|p4b: Heatmor|130\/293\n|move|p3b: Steelix|High Horsepower|p1a: Pincurchin\n|-supereffective|p1a: Pincurchin\n|-enditem|p1a: Pincurchin|Shuca Berry|[eat]\n|-enditem|p1a: Pincurchin|Shuca Berry|[weaken]\n|-damage|p1a: Pincurchin|7\/233\n|\n|upkeep\n|turn|7\n|\n|t:|1664134542\n|switch|p1a: Cofagrigus|Cofagrigus, L88, M|245\/245\n|move|p3b: Steelix|Protect|p3b: Steelix\n|-singleturn|p3b: Steelix|Protect\n|move|p2a: Ferrothorn|Body Press|p3b: Steelix\n|-activate|p3b: Steelix|move: Protect\n|move|p4b: Heatmor|Giga Drain|p3b: Steelix\n|-activate|p3b: Steelix|move: Protect\n|\n|-fieldend|move: Trick Room\n|-fieldend|move: Electric Terrain\n|upkeep\n|turn|8\n|\n|t:|1664134583\n|switch|p4b: Crawdaunt|Crawdaunt, L86, M|249\/249\n|switch|p3b: Luxray|Luxray, L84, F|272\/272\n|-ability|p3b: Luxray|Intimidate|boost\n|-unboost|p1a: Cofagrigus|atk|1\n|-unboost|p2a: Ferrothorn|atk|1\n|-unboost|p4b: Crawdaunt|atk|1\n|move|p2a: Ferrothorn|Body Press|p3b: Luxray\n|-damage|p3b: Luxray|199\/272\n|move|p1a: Cofagrigus|Trick Room|p1a: Cofagrigus\n|-fieldstart|move: Trick Room|[of] p1a: Cofagrigus\n|\n|upkeep\n|turn|9\n|\n|t:|1664134607\n|switch|p4b: Heatmor|Heatmor, L88, F|130\/293\n|move|p3b: Luxray|Protect|p3b: Luxray\n|-singleturn|p3b: Luxray|Protect\n|move|p1a: Cofagrigus|Iron Defense|p1a: Cofagrigus\n|-boost|p1a: Cofagrigus|def|2\n|move|p2a: Ferrothorn|Power Whip|p4b: Heatmor\n|-resisted|p4b: Heatmor\n|-damage|p4b: Heatmor|80\/293\n|\n|upkeep\n|turn|10\n|\n|t:|1664134638\n|move|p1a: Cofagrigus|Body Press|p4b: Heatmor\n|-damage|p4b: Heatmor|0 fnt\n|faint|p4b: Heatmor\n|move|p2a: Ferrothorn|Toxic|p3b: Luxray|[miss]\n|-miss|p2a: Ferrothorn|p3b: Luxray\n|move|p3b: Luxray|Volt Switch|p4: Heatmor|[notarget]\n|-fail|p3b: Luxray\n|\n|upkeep\n|\n|t:|1664134651\n|switch|p4b: Machamp|Machamp, L88, M|302\/302\n|turn|11\n|\n|t:|1664134671\n|move|p3b: Luxray|Protect|p3b: Luxray\n|-singleturn|p3b: Luxray|Protect\n|move|p1a: Cofagrigus|Iron Defense|p1a: Cofagrigus\n|-boost|p1a: Cofagrigus|def|2\n|move|p2a: Ferrothorn|Toxic|p1a: Cofagrigus\n|-status|p1a: Cofagrigus|tox\n|move|p4b: Machamp|Close Combat|p2a: Ferrothorn\n|-supereffective|p2a: Ferrothorn\n|-damage|p2a: Ferrothorn|0 fnt\n|-unboost|p4b: Machamp|def|1\n|-unboost|p4b: Machamp|spd|1\n|-damage|p4b: Machamp|265\/302|[from] ability: Iron Barbs|[of] p2a: Ferrothorn\n|faint|p2a: Ferrothorn\n|\n|-damage|p1a: Cofagrigus|230\/245 tox|[from] psn\n|-status|p4b: Machamp|brn|[from] item: Flame Orb\n|upkeep\n|\n|t:|1664134695\n|switch|p2a: Exeggutor|Exeggutor-Alola, L88, M|310\/310\n|turn|12\n|\n|t:|1664134738\n|switch|p4b: Kingdra|Kingdra, L82, M|257\/257\n|switch|p3b: Landorus|Landorus-Therian, L76, M|260\/260\n|-ability|p3b: Landorus|Intimidate|boost\n|-unboost|p1a: Cofagrigus|atk|1\n|-unboost|p2a: Exeggutor|atk|1\n|-unboost|p4b: Kingdra|atk|1\n|move|p1a: Cofagrigus|Body Press|p3b: Landorus\n|-resisted|p3b: Landorus\n|-damage|p3b: Landorus|116\/260\n|move|p2a: Exeggutor|Energy Ball|p3b: Landorus\n|-damage|p3b: Landorus|0 fnt\n|faint|p3b: Landorus\n|\n|-damage|p1a: Cofagrigus|200\/245 tox|[from] psn\n|-fieldend|move: Trick Room\n|upkeep\n|\n|t:|1664134757\n|switch|p3b: Walrein|Walrein, L86, F|329\/329\n|turn|13\n|\n|t:|1664134798\n|move|p2a: Exeggutor|Protect|p2a: Exeggutor\n|-singleturn|p2a: Exeggutor|Protect\n|move|p4b: Kingdra|Rain Dance|p4b: Kingdra\n|-weather|RainDance\n|move|p3b: Walrein|Super Fang|p4b: Kingdra\n|-damage|p4b: Kingdra|129\/257\n|move|p1a: Cofagrigus|Trick Room|p1a: Cofagrigus\n|-fieldstart|move: Trick Room|[of] p1a: Cofagrigus\n|\n|-weather|RainDance|[upkeep]\n|-damage|p1a: Cofagrigus|155\/245 tox|[from] psn\n|upkeep\n|turn|14\n|\n|t:|1664134839\n|switch|p3b: Amoonguss|Amoonguss, L81, F|317\/317\n|move|p1a: Cofagrigus|Body Press|p3b: Amoonguss\n|-resisted|p3b: Amoonguss\n|-damage|p3b: Amoonguss|173\/317\n|move|p2a: Exeggutor|Energy Ball|p1a: Cofagrigus\n|-damage|p1a: Cofagrigus|55\/245 tox\n|-enditem|p1a: Cofagrigus|Sitrus Berry|[eat]\n|-heal|p1a: Cofagrigus|116\/245 tox|[from] item: Sitrus Berry\n|move|p4b: Kingdra|Ice Beam|p2a: Exeggutor\n|-supereffective|p2a: Exeggutor\n|-damage|p2a: Exeggutor|0 fnt\n|faint|p2a: Exeggutor\n|-damage|p4b: Kingdra|104\/257|[from] item: Life Orb\n|\n|-weather|RainDance|[upkeep]\n|-damage|p1a: Cofagrigus|56\/245 tox|[from] psn\n|upkeep\n|\n|t:|1664134857\n|switch|p2a: Rhyperior|Rhyperior, L84, M|330\/330\n|turn|15\n|\n|t:|1664134903\n|move|p1a: Cofagrigus|Body Press|p4b: Kingdra\n|-damage|p4b: Kingdra|0 fnt\n|faint|p4b: Kingdra\n|move|p3b: Amoonguss|Spore|p4: Kingdra|[notarget]\n|-fail|p3b: Amoonguss\n|move|p2a: Rhyperior|Ice Punch|p3b: Amoonguss\n|-supereffective|p3b: Amoonguss\n|-damage|p3b: Amoonguss|0 fnt\n|faint|p3b: Amoonguss\n|\n|-weather|RainDance|[upkeep]\n|-damage|p1a: Cofagrigus|0 fnt|[from] psn\n|faint|p1a: Cofagrigus\n|upkeep\n|\n|t:|1664134920\n|switch|p1a: Pincurchin|Pincurchin, L90, M|7\/233\n|switch|p3b: Walrein|Walrein, L86, F|329\/329\n|switch|p4b: Machamp|Machamp, L88, M|265\/302 brn\n|-fieldstart|move: Electric Terrain|[from] ability: Electric Surge|[of] p1a: Pincurchin\n|turn|16\n|c|\u2606Sketchy101|!dt pinchurchin\nNo Pok\u00e9mon, item, move, ability or nature named 'pinchurchin' was found. Showing the data of 'Pincurchin' instead.\n|raw|<div class=\"message\"><ul class=\"utilichart\"><li class=\"result\"><span class=\"col numcol\">(PU)<\/span> <span class=\"col iconcol\"><psicon pokemon=\"pincurchin\"\/><\/span> <span class=\"col pokemonnamecol\" style=\"white-space:nowrap\"><a href=\"https:\/\/dex.pokemonshowdown.com\/pokemon\/pincurchin\" target=\"_blank\">Pincurchin<\/a><\/span> <span class=\"col typecol\"><img src=\"https:\/\/play.pokemonshowdown.com\/sprites\/types\/Electric.png\" alt=\"Electric\" height=\"14\" width=\"32\"><\/span> <span style=\"float:left;min-height:26px\"><span class=\"col abilitycol\">Lightning Rod<\/span><span class=\"col abilitycol\"><em>Electric Surge<\/em><\/span><\/span><span style=\"float:left;min-height:26px\"><span class=\"col statcol\"><em>HP<\/em><br \/>48<\/span> <span class=\"col statcol\"><em>Atk<\/em><br \/>101<\/span> <span class=\"col statcol\"><em>Def<\/em><br \/>95<\/span> <span class=\"col statcol\"><em>SpA<\/em><br \/>91<\/span> <span class=\"col statcol\"><em>SpD<\/em><br \/>85<\/span> <span class=\"col statcol\"><em>Spe<\/em><br \/>15<\/span> <span class=\"col bstcol\"><em>BST<br \/>435<\/em><\/span> <\/span><\/li><li style=\"clear:both\"><\/li><\/ul><\/div>\n|raw|<font size=\"1\"><font color=\"#686868\">Dex#:<\/font> 871&nbsp;|&ThickSpace;<font color=\"#686868\">Gen:<\/font> 8&nbsp;|&ThickSpace;<font color=\"#686868\">Height:<\/font> 0.3 m&nbsp;|&ThickSpace;<font color=\"#686868\">Weight:<\/font> 1 kg <em>(20 BP)<\/em>&nbsp;|&ThickSpace;<font color=\"#686868\">Dex Colour:<\/font> Purple&nbsp;|&ThickSpace;<font color=\"#686868\">Egg Group(s):<\/font> Water 1, Amorphous&nbsp;|&ThickSpace;<font color=\"#686868\">Does Not Evolve<\/font><\/font>\n\n|\n|t:|1664134975\n|switch|p3b: Luxray|Luxray, L84, F|199\/272\n|-ability|p3b: Luxray|Intimidate|boost\n|-unboost|p1a: Pincurchin|atk|1\n|-unboost|p2a: Rhyperior|atk|1\n|-unboost|p4b: Machamp|atk|1\n|move|p4b: Machamp|Bullet Punch|p1a: Pincurchin\n|-resisted|p1a: Pincurchin\n|-damage|p1a: Pincurchin|0 fnt\n|faint|p1a: Pincurchin\n|move|p2a: Rhyperior|Rock Slide|p3b: Luxray|[spread] p3b,p4b\n|-resisted|p4b: Machamp\n|-damage|p3b: Luxray|160\/272\n|-damage|p4b: Machamp|247\/302 brn\n|\n|-weather|RainDance|[upkeep]\n|-damage|p4b: Machamp|229\/302 brn|[from] brn\n|upkeep\n|\n|t:|1664135001\n|switch|p1a: Tornadus|Tornadus-Therian, L80, M|258\/258\n|turn|17\n|\n|t:|1664135028\n|move|p3b: Luxray|Protect|p3b: Luxray\n|-singleturn|p3b: Luxray|Protect\n|move|p1a: Tornadus|Protect|p1a: Tornadus\n|-singleturn|p1a: Tornadus|Protect\n|move|p2a: Rhyperior|High Horsepower|p3b: Luxray\n|-activate|p3b: Luxray|move: Protect\n|move|p4b: Machamp|Facade|p1a: Tornadus\n|-activate|p1a: Tornadus|move: Protect\n|\n|-weather|none\n|-damage|p4b: Machamp|211\/302 brn|[from] brn\n|-fieldend|move: Trick Room\n|upkeep\n|turn|18\n|\n|t:|1664135095\n|switch|p4b: Crawdaunt|Crawdaunt, L86, M|249\/249\n|move|p2a: Rhyperior|Protect|p2a: Rhyperior\n|-singleturn|p2a: Rhyperior|Protect\n|move|p1a: Tornadus|Hurricane|p4b: Crawdaunt\n|-damage|p4b: Crawdaunt|74\/249\n|-enditem|p4b: Crawdaunt|Sitrus Berry|[eat]\n|-heal|p4b: Crawdaunt|136\/249|[from] item: Sitrus Berry\n|move|p3b: Luxray|Superpower|p2a: Rhyperior\n|-activate|p2a: Rhyperior|move: Protect\n|\n|upkeep\n|turn|19\n|\n|t:|1664135172\n|switch|p2a: Mantine|Mantine, L88, M|141\/293\n|move|p1a: Tornadus|Protect|p1a: Tornadus\n|-singleturn|p1a: Tornadus|Protect\n|move|p3b: Luxray|Superpower|p2a: Mantine\n|-resisted|p2a: Mantine\n|-damage|p2a: Mantine|63\/293\n|-unboost|p3b: Luxray|atk|1\n|-unboost|p3b: Luxray|def|1\n|-damage|p3b: Luxray|133\/272|[from] item: Life Orb\n|move|p4b: Crawdaunt|Crabhammer|p2a: Mantine\n|-heal|p2a: Mantine|136\/293|[from] ability: Water Absorb|[of] p4b: Crawdaunt\n|\n|upkeep\n|turn|20\n|\n|t:|1664135224\n|switch|p3b: Walrein|Walrein, L86, F|329\/329\n|move|p1a: Tornadus|Hurricane|p4b: Crawdaunt|[miss]\n|-miss|p1a: Tornadus|p4b: Crawdaunt\n|move|p2a: Mantine|Scald|p3b: Walrein\n|-resisted|p3b: Walrein\n|-damage|p3b: Walrein|304\/329\n|-status|p3b: Walrein|brn\n|move|p4b: Crawdaunt|Crabhammer|p1a: Tornadus\n|-damage|p1a: Tornadus|56\/258\n|-enditem|p1a: Tornadus|Sitrus Berry|[eat]\n|-heal|p1a: Tornadus|120\/258|[from] item: Sitrus Berry\n|\n|-damage|p3b: Walrein|284\/329 brn|[from] brn\n|-fieldend|move: Electric Terrain\n|upkeep\n|turn|21\n|\n|t:|1664135255\n|move|p1a: Tornadus|Protect|p1a: Tornadus\n|-singleturn|p1a: Tornadus|Protect\n|move|p2a: Mantine|Tailwind|p2a: Mantine\n|-sidestart|p2: Sketchy101|move: Tailwind\n|move|p3b: Walrein|Ice Beam|p1a: Tornadus\n|-activate|p1a: Tornadus|move: Protect\n|move|p4b: Crawdaunt|Knock Off|p1a: Tornadus\n|-activate|p1a: Tornadus|move: Protect\n|\n|-damage|p3b: Walrein|264\/329 brn|[from] brn\n|upkeep\n|turn|22\n|\n|t:|1664135275\n|move|p2a: Mantine|Hurricane|p4b: Crawdaunt\n|-damage|p4b: Crawdaunt|0 fnt\n|faint|p4b: Crawdaunt\n|move|p1a: Tornadus|Hurricane|p4: Crawdaunt|[notarget]\n|-fail|p1a: Tornadus\n|move|p3b: Walrein|Icy Wind|p2a: Mantine|[spread] p1a,p2a\n|-supereffective|p1a: Tornadus\n|-damage|p1a: Tornadus|60\/258\n|-damage|p2a: Mantine|115\/293\n|-unboost|p1a: Tornadus|spe|1\n|-unboost|p2a: Mantine|spe|1\n|\n|-damage|p3b: Walrein|244\/329 brn|[from] brn\n|upkeep\n|\n|t:|1664135287\n|switch|p4b: Machamp|Machamp, L88, M|211\/302 brn\n|turn|23\n|inactive|Battle timer is ON: inactive players will automatically lose when time's up. (requested by shiawasenostory)\n|\n|t:|1664135385\n|switch|p3b: Kommo-o|Kommo-o, L80, M|251\/251\n|-start|p4b: Machamp|Dynamax|\n|-heal|p4b: Machamp|422\/604 brn|[silent]\n|move|p1a: Tornadus|Protect|p1a: Tornadus\n|-singleturn|p1a: Tornadus|Protect\n|move|p2a: Mantine|Scald|p1a: Tornadus\n|-activate|p1a: Tornadus|move: Protect\n|move|p4b: Machamp|Max Strike|p2a: Mantine\n|-damage|p2a: Mantine|0 fnt\n|-unboost|p1a: Tornadus|spe|1\n|-unboost|p3b: Kommo-o|spe|1\n|faint|p2a: Mantine\n|\n|-damage|p4b: Machamp|404\/604 brn|[from] brn\n|upkeep\n|\n|t:|1664135398\n|switch|p2a: Shuckle|Shuckle, F|202\/202\n|turn|24\n|inactive|disant0sant0 has 270 seconds left.\n|inactive|disant0sant0 has 240 seconds left.\n|inactive|Fernanch has 270 seconds left.\n|\n|t:|1664135484\n|switch|p1a: Drifblim|Drifblim, L84, F|389\/389\n|move|p2a: Shuckle|Helping Hand|p1a: Drifblim\n|-singleturn|p1a: Drifblim|Helping Hand|[of] p2a: Shuckle\n|move|p4b: Machamp|Max Knuckle|p1a: Drifblim\n|-immune|p1a: Drifblim\n|move|p3b: Kommo-o|Draco Meteor|p4b: Machamp\n|-damage|p4b: Machamp|269\/604 brn\n|-unboost|p3b: Kommo-o|spa|2\n|\n|-damage|p4b: Machamp|251\/604 brn|[from] brn\n|-sideend|p2: Sketchy101|move: Tailwind\n|upkeep\n|turn|25\n|inactive|disant0sant0 has 210 seconds left.\n|\n|t:|1664135515\n|move|p2a: Shuckle|Helping Hand|p1a: Drifblim\n|-singleturn|p1a: Drifblim|Helping Hand|[of] p2a: Shuckle\n|move|p1a: Drifblim|Hex|p4b: Machamp\n|-damage|p4b: Machamp|61\/604 brn\n|move|p4b: Machamp|Max Darkness|p1a: Drifblim\n|-supereffective|p1a: Drifblim\n|-damage|p1a: Drifblim|0 fnt\n|-unboost|p2a: Shuckle|spd|1\n|-unboost|p3b: Kommo-o|spd|1\n|faint|p1a: Drifblim\n|move|p3b: Kommo-o|Iron Defense|p3b: Kommo-o\n|-boost|p3b: Kommo-o|def|2\n|\n|-damage|p4b: Machamp|43\/604 brn|[from] brn\n|upkeep\n|inactive|shiawasenostory has 270 seconds left.\n|\n|t:|1664135531\n|switch|p1a: Tornadus|Tornadus-Therian, L80, M|146\/258\n|-end|p4b: Machamp|Dynamax\n|-heal|p4b: Machamp|22\/302 brn|[silent]\n|turn|26\n|inactive|shiawasenostory has 270 seconds left.\n|inactive|Fernanch has 270 seconds left.\n|\n|t:|1664135568\n|move|p3b: Kommo-o|Protect|p3b: Kommo-o\n|-singleturn|p3b: Kommo-o|Protect\n|move|p1a: Tornadus|Hurricane|p3b: Kommo-o\n|-activate|p3b: Kommo-o|move: Protect\n|move|p4b: Machamp|Knock Off|p3b: Kommo-o\n|-activate|p3b: Kommo-o|move: Protect\n|move|p2a: Shuckle|Infestation|p3b: Kommo-o\n|-activate|p3b: Kommo-o|move: Protect\n|\n|-damage|p4b: Machamp|4\/302 brn|[from] brn\n|upkeep\n|turn|27\n|inactive|disant0sant0 has 240 seconds left.\n|\n|t:|1664135601\n|switch|p3b: Luxray|Luxray, L84, F|133\/272\n|-ability|p3b: Luxray|Intimidate|boost\n|-unboost|p1a: Tornadus|atk|1\n|-unboost|p2a: Shuckle|atk|1\n|-unboost|p4b: Machamp|atk|1\n|move|p1a: Tornadus|Protect|p1a: Tornadus\n|-singleturn|p1a: Tornadus|Protect\n|move|p4b: Machamp|Close Combat|p3b: Luxray\n|-damage|p3b: Luxray|0 fnt\n|-unboost|p4b: Machamp|def|1\n|-unboost|p4b: Machamp|spd|1\n|faint|p3b: Luxray\n|move|p2a: Shuckle|Infestation|p3: Luxray|[notarget]\n|-fail|p2a: Shuckle\n|\n|-damage|p4b: Machamp|0 fnt|[from] brn\n|faint|p4b: Machamp\n|upkeep\n|inactive|disant0sant0 has 210 seconds left.\n|inactive|Fernanch has 270 seconds left.\n|\n|t:|1664135633\n|switch|p3b: Steelix|Steelix, L88, F|275\/275\n|switch|p4b: Pheromosa|Pheromosa, L78|239\/239\n|turn|28\n|inactive|disant0sant0 has 210 seconds left.\n|inactive|Fernanch has 270 seconds left.\n|inactive|shiawasenostory has 270 seconds left.\n|inactive|disant0sant0 has 180 seconds left.\n|\n|t:|1664135692\n|switch|p1a: Porygon-Z|Porygon-Z, L84|280\/280\n|-ability|p1a: Porygon-Z|Download|boost\n|-boost|p1a: Porygon-Z|spa|1\n|move|p4b: Pheromosa|Protect|p4b: Pheromosa\n|-singleturn|p4b: Pheromosa|Protect\n|move|p3b: Steelix|Heavy Slam|p4b: Pheromosa\n|-activate|p4b: Pheromosa|move: Protect\n|move|p2a: Shuckle|Guard Split|p4b: Pheromosa\n|-activate|p4b: Pheromosa|move: Protect\n|\n|upkeep\n|turn|29\n|inactive|disant0sant0 has 180 seconds left.\n|\n|t:|1664135713\n|move|p2a: Shuckle|Helping Hand|p4b: Pheromosa\n|-singleturn|p4b: Pheromosa|Helping Hand|[of] p2a: Shuckle\n|move|p1a: Porygon-Z|Protect|p1a: Porygon-Z\n|-singleturn|p1a: Porygon-Z|Protect\n|move|p3b: Steelix|Protect|p3b: Steelix\n|-singleturn|p3b: Steelix|Protect\n|move|p4b: Pheromosa|Close Combat|p1a: Porygon-Z\n|-activate|p1a: Porygon-Z|move: Protect\n|\n|upkeep\n|turn|30\n|inactive|disant0sant0 has 180 seconds left.\n|\n|t:|1664135745\n|switch|p1a: Tornadus|Tornadus-Therian, L80, M|232\/258\n|move|p4b: Pheromosa|Close Combat|p1a: Tornadus\n|-resisted|p1a: Tornadus\n|-damage|p1a: Tornadus|145\/258\n|-unboost|p4b: Pheromosa|def|1\n|-unboost|p4b: Pheromosa|spd|1\n|move|p3b: Steelix|Head Smash|p4b: Pheromosa\n|-damage|p4b: Pheromosa|0 fnt\n|faint|p4b: Pheromosa\n|move|p2a: Shuckle|Guard Split|p3b: Steelix\n|-activate|p2a: Shuckle|move: Guard Split|[of] p3b: Steelix\n|\n|upkeep\n|turn|31\n|inactive|disant0sant0 has 150 seconds left.\n|inactive|shiawasenostory has 270 seconds left.\n|inactive|disant0sant0 has 120 seconds left.\n|\n|t:|1664135800\n|move|p1a: Tornadus|Protect|p1a: Tornadus\n|-singleturn|p1a: Tornadus|Protect\n|move|p3b: Steelix|Head Smash|p1a: Tornadus\n|-activate|p1a: Tornadus|move: Protect\n|move|p2a: Shuckle|Infestation|p3b: Steelix\n|-resisted|p3b: Steelix\n|-damage|p3b: Steelix|272\/275\n|-activate|p3b: Steelix|move: Infestation|[of] p2a: Shuckle\n|\n|-damage|p3b: Steelix|238\/275|[from] move: Infestation|[partiallytrapped]\n|upkeep\n|turn|32\n|inactive|disant0sant0 has 120 seconds left.\n|inactive|Sketchy101 has 270 seconds left.\n|inactive|disant0sant0 has 90 seconds left.\n|\n|t:|1664135853\n|switch|p1a: Flygon|Flygon, L86, F|257\/278\n|move|p2a: Shuckle|Helping Hand|p1a: Flygon\n|-singleturn|p1a: Flygon|Helping Hand|[of] p2a: Shuckle\n|move|p3b: Steelix|Head Smash|p1a: Flygon\n|-resisted|p1a: Flygon\n|-damage|p1a: Flygon|200\/278\n|\n|-damage|p3b: Steelix|204\/275|[from] move: Infestation|[partiallytrapped]\n|upkeep\n|turn|33\n|inactive|disant0sant0 has 60 seconds left.\n|\n|t:|1664135882\n|move|p2a: Shuckle|Helping Hand|p1a: Flygon\n|-singleturn|p1a: Flygon|Helping Hand|[of] p2a: Shuckle\n|move|p1a: Flygon|Protect|p1a: Flygon\n|-singleturn|p1a: Flygon|Protect\n|move|p3b: Steelix|Heavy Slam|p1a: Flygon\n|-activate|p1a: Flygon|move: Protect\n|\n|-damage|p3b: Steelix|170\/275|[from] move: Infestation|[partiallytrapped]\n|upkeep\n|turn|34\n|\n|t:|1664135905\n|switch|p1a: Porygon-Z|Porygon-Z, L84|280\/280\n|-ability|p1a: Porygon-Z|Download|boost\n|-boost|p1a: Porygon-Z|spa|1\n|move|p2a: Shuckle|Helping Hand|p1a: Porygon-Z\n|-singleturn|p1a: Porygon-Z|Helping Hand|[of] p2a: Shuckle\n|move|p3b: Steelix|High Horsepower|p2a: Shuckle\n|-damage|p2a: Shuckle|157\/202\n|\n|-damage|p3b: Steelix|136\/275|[from] move: Infestation|[partiallytrapped]\n|upkeep\n|-enditem|p3b: Steelix|Sitrus Berry|[eat]\n|-heal|p3b: Steelix|204\/275|[from] item: Sitrus Berry\n|turn|35\n|inactive|shiawasenostory has 240 seconds left.\n|inactive|disant0sant0 has 30 seconds left.\n|inactive|Sketchy101 has 240 seconds left.\n|inactive|disant0sant0 has 20 seconds left.\n|inactive|disant0sant0 has 15 seconds left.\n|\n|t:|1664135942\n|move|p1a: Porygon-Z|Dark Pulse|p3b: Steelix\n|-damage|p3b: Steelix|127\/275\n|-damage|p1a: Porygon-Z|252\/280|[from] item: Life Orb\n|move|p3b: Steelix|High Horsepower|p2a: Shuckle\n|-damage|p2a: Shuckle|112\/202\n|move|p2a: Shuckle|Infestation|p1a: Porygon-Z\n|-damage|p1a: Porygon-Z|240\/280\n|-activate|p1a: Porygon-Z|move: Infestation|[of] p2a: Shuckle\n|\n|-damage|p1a: Porygon-Z|205\/280|[from] move: Infestation|[partiallytrapped]\n|-damage|p3b: Steelix|93\/275|[from] move: Infestation|[partiallytrapped]\n|upkeep\n|turn|36\n|inactive|disant0sant0 has 20 seconds left this turn.\n|inactive|disant0sant0 has 15 seconds left.\n|inactive|disant0sant0 has 10 seconds left.\n|\n|t:|1664135962\n|move|p2a: Shuckle|Helping Hand|p1a: Porygon-Z\n|-singleturn|p1a: Porygon-Z|Helping Hand|[of] p2a: Shuckle\n|move|p1a: Porygon-Z|Dark Pulse|p3b: Steelix\n|-damage|p3b: Steelix|0 fnt\n|faint|p3b: Steelix\n|-damage|p1a: Porygon-Z|177\/280|[from] item: Life Orb\n|\n|-damage|p1a: Porygon-Z|142\/280|[from] move: Infestation|[partiallytrapped]\n|upkeep\n|inactive|disant0sant0 has 15 seconds left this turn.\n|inactive|disant0sant0 has 10 seconds left.\n|\n|t:|1664135972\n|switch|p3b: Walrein|Walrein, L86, F|244\/329 brn\n|turn|37\n|inactive|disant0sant0 has 15 seconds left this turn.\n|inactive|disant0sant0 has 10 seconds left.\n|\n|t:|1664135978\n|move|p1a: Porygon-Z|Thunderbolt|p3b: Walrein\n|-supereffective|p3b: Walrein\n|-damage|p3b: Walrein|44\/329 brn\n|-damage|p1a: Porygon-Z|114\/280|[from] item: Life Orb\n|move|p3b: Walrein|Super Fang|p2a: Shuckle\n|-damage|p2a: Shuckle|56\/202\n|move|p2a: Shuckle|Infestation|p3b: Walrein\n|-damage|p3b: Walrein|37\/329 brn\n|-activate|p3b: Walrein|move: Infestation|[of] p2a: Shuckle\n|\n|-damage|p3b: Walrein|17\/329 brn|[from] brn\n|-damage|p1a: Porygon-Z|79\/280|[from] move: Infestation|[partiallytrapped]\n|-damage|p3b: Walrein|0 fnt|[from] move: Infestation|[partiallytrapped]\n|faint|p3b: Walrein\n|upkeep\n|inactive|disant0sant0 has 15 seconds left this turn.\n|inactive|disant0sant0 has 10 seconds left.\n|inactive|disant0sant0 has 5 seconds left.\n|\n|t:|1664135990\n|switch|p3b: Kommo-o|Kommo-o, L80, M|251\/251\n|turn|38\n|inactive|disant0sant0 has 10 seconds left this turn.\n|inactive|disant0sant0 has 5 seconds left.\n|\n|t:|1664136001\n|-start|p3b: Kommo-o|Dynamax|\n|-heal|p3b: Kommo-o|502\/502|[silent]\n|move|p1a: Porygon-Z|Dark Pulse|p2a: Shuckle\n|-damage|p2a: Shuckle|0 fnt\n|faint|p2a: Shuckle\n|-damage|p1a: Porygon-Z|51\/280|[from] item: Life Orb\n|move|p3b: Kommo-o|Max Knuckle|p2: Shuckle|[notarget]\n|-fail|p3b: Kommo-o\n|\n|-end|p1a: Porygon-Z|Infestation|[partiallytrapped]|[silent]\n|upkeep\n|inactive|disant0sant0 has 10 seconds left this turn.\n|\n|t:|1664136009\n|switch|p2a: Braviary|Braviary, L82, M|298\/298\n|turn|39\n|inactive|disant0sant0 has 15 seconds left this turn.\n|inactive|disant0sant0 has 10 seconds left.\n|\n|t:|1664136021\n|-start|p2a: Braviary|Dynamax|\n|-heal|p2a: Braviary|596\/596|[silent]\n|move|p1a: Porygon-Z|Thunderbolt|p2a: Braviary\n|-supereffective|p2a: Braviary\n|-damage|p2a: Braviary|214\/596\n|-enditem|p2a: Braviary|Sitrus Berry|[eat]\n|-heal|p2a: Braviary|288\/596|[from] item: Sitrus Berry\n|-damage|p1a: Porygon-Z|23\/280|[from] item: Life Orb\n|move|p3b: Kommo-o|Max Wyrmwind|p2a: Braviary\n|-damage|p2a: Braviary|119\/596\n|-unboost|p1a: Porygon-Z|atk|1\n|-unboost|p2a: Braviary|atk|1\n|-ability|p2a: Braviary|Defiant\n|-boost|p2a: Braviary|atk|2\n|move|p2a: Braviary|Max Knuckle|p1a: Porygon-Z\n|-supereffective|p1a: Porygon-Z\n|-damage|p1a: Porygon-Z|0 fnt\n|-boost|p2a: Braviary|atk|1\n|faint|p1a: Porygon-Z\n|\n|upkeep\n|inactive|disant0sant0 has 15 seconds left this turn.\n|\n|t:|1664136034\n|switch|p1a: Tornadus|Tornadus-Therian, L80, M|231\/258\n|turn|40\n|inactive|disant0sant0 has 20 seconds left this turn.\n|inactive|disant0sant0 has 15 seconds left.\n|inactive|disant0sant0 has 10 seconds left.\n|\n|t:|1664136048\n|-start|p1a: Tornadus|Dynamax|\n|-heal|p1a: Tornadus|462\/516|[silent]\n|move|p2a: Braviary|Max Guard|p2a: Braviary\n|-singleturn|p2a: Braviary|Max Guard\n|move|p1a: Tornadus|Max Airstream|p2a: Braviary\n|-activate|p2a: Braviary|move: Max Guard\n|move|p3b: Kommo-o|Max Wyrmwind|p1a: Tornadus\n|-damage|p1a: Tornadus|308\/516\n|-unboost|p1a: Tornadus|atk|1\n|-unboost|p2a: Braviary|atk|1\n|-ability|p2a: Braviary|Defiant\n|-boost|p2a: Braviary|atk|2\n|\n|upkeep\n|-end|p3b: Kommo-o|Dynamax\n|-heal|p3b: Kommo-o|251\/251|[silent]\n|turn|41\n|inactive|disant0sant0 has 15 seconds left this turn.\n|inactive|disant0sant0 has 10 seconds left.\n|inactive|disant0sant0 has 5 seconds left.\n|\n|t:|1664136063\n|move|p3b: Kommo-o|Protect|p3b: Kommo-o\n|-singleturn|p3b: Kommo-o|Protect\n|move|p2a: Braviary|Max Guard||[still]\n|-fail|p2a: Braviary\n|move|p1a: Tornadus|Max Airstream|p2a: Braviary\n|-damage|p2a: Braviary|0 fnt\n|-boost|p1a: Tornadus|spe|1\n|faint|p2a: Braviary\n|\n|upkeep\n|inactive|disant0sant0 has 10 seconds left this turn.\n|\n|t:|1664136069\n|switch|p2a: Rhyperior|Rhyperior, L84, M|330\/330\n|turn|42\n|inactive|disant0sant0 has 15 seconds left this turn.\n|inactive|disant0sant0 has 10 seconds left.\n|\n|t:|1664136079\n|move|p2a: Rhyperior|Protect|p2a: Rhyperior\n|-singleturn|p2a: Rhyperior|Protect\n|move|p1a: Tornadus|Max Airstream|p2a: Rhyperior\n|-resisted|p2a: Rhyperior\n|-crit|p2a: Rhyperior\n|-zbroken|p2a: Rhyperior\n|-damage|p2a: Rhyperior|288\/330\n|-boost|p1a: Tornadus|spe|1\n|move|p3b: Kommo-o|Iron Defense|p3b: Kommo-o\n|-boost|p3b: Kommo-o|def|2\n|\n|upkeep\n|-end|p1a: Tornadus|Dynamax\n|-heal|p1a: Tornadus|154\/258|[silent]\n|turn|43\n|inactive|disant0sant0 has 15 seconds left this turn.\n|inactive|disant0sant0 has 10 seconds left.\n|inactive|disant0sant0 has 5 seconds left.\n|\n|t:|1664136092\n|move|p1a: Tornadus|Protect|p1a: Tornadus\n|-singleturn|p1a: Tornadus|Protect\n|move|p3b: Kommo-o|Body Press|p2a: Rhyperior\n|-supereffective|p2a: Rhyperior\n|-damage|p2a: Rhyperior|75\/330\n|-enditem|p2a: Rhyperior|Sitrus Berry|[eat]\n|-heal|p2a: Rhyperior|157\/330|[from] item: Sitrus Berry\n|move|p2a: Rhyperior|Ice Punch|p3b: Kommo-o\n|-supereffective|p3b: Kommo-o\n|-damage|p3b: Kommo-o|187\/251\n|\n|upkeep\n|turn|44\n|inactive|disant0sant0 has 10 seconds left this turn.\n|inactive|disant0sant0 has 5 seconds left.\n|-message|disant0sant0 lost due to inactivity.\n|faint|p3b: Kommo-o\n|\n|t:|1664136112\n|move|p1a: Tornadus|Hurricane|p2a: Rhyperior\n|-resisted|p2a: Rhyperior\n|-damage|p2a: Rhyperior|77\/330\n|-start|p2a: Rhyperior|confusion\n|-activate|p2a: Rhyperior|confusion\n|move|p2a: Rhyperior|Ice Punch|p1a: Tornadus\n|-supereffective|p1a: Tornadus\n|-damage|p1a: Tornadus|0 fnt\n|faint|p1a: Tornadus\n|\n|upkeep\n|\n|t:|1664136118\n|switch|p1a: Flygon|Flygon, L86, F|200\/278\n|turn|45\n|\n|t:|1664136124\n|move|p1a: Flygon|Earthquake|p2a: Rhyperior\n|-supereffective|p2a: Rhyperior\n|-damage|p2a: Rhyperior|0 fnt\n|faint|p2a: Rhyperior\n|\n|win|shiawasenostory\n|j| Buhrito\n","inputlog":">version 806e56ea67f2f748d4b403b3f5b33d56e25d3f7a\n>start {\"formatid\":\"gen8freeforallrandombattle\",\"seed\":[1820,48361,48912,17708]}\n>player p1 {\"name\":\"shiawasenostory\",\"avatar\":\"winona\",\"rating\":0,\"seed\":[25542,54697,5747,44926]}\n>player p2 {\"name\":\"Sketchy101\",\"avatar\":\"guzma\",\"rating\":0,\"seed\":[61145,38152,31902,24293]}\n>player p3 {\"name\":\"disant0sant0\",\"avatar\":170,\"team\":\"\",\"seed\":[29714,5648,22814,38121]}\n>player p4 {\"name\":\"Fernanch\",\"avatar\":\"hilbert\",\"team\":\"\",\"seed\":[22846,26833,56239,54382]}\n>p1 move dragonclaw\n>p2 switch 5\n>p3 move protect\n>p4 move incinerate\n>p1 move protect\n>p2 move tailwind\n>p3 switch 4\n>p4 switch 6\n>p1 switch 5\n>p2 move scald\n>p3 move superfang\n>p4 move trickroom\n>p1 move risingvoltage\n>p2 switch 5\n>p3 switch 5\n>p4 move mysticalfire\n>chat \u2606disant0sant0|DEEZUS\n>p1 move scald\n>p2 move powerwhip\n>p3 move protect\n>p4 move mysticalfire\n>p4 switch 5\n>p1 move risingvoltage\n>p2 move powerwhip\n>p3 move highhorsepower\n>p4 switch 6\n>p1 switch 6\n>p2 move bodypress\n>p3 move protect\n>p4 move gigadrain\n>p1 move trickroom\n>p2 move bodypress\n>p3 switch 3\n>p4 switch 6\n>p1 move irondefense\n>p2 move powerwhip\n>p3 move protect\n>p4 switch 6\n>p1 move bodypress\n>p2 move toxic\n>p3 move voltswitch\n>p4 move incinerate\n>p4 switch 2\n>p1 move irondefense\n>p2 move toxic\n>p3 move protect\n>p4 move closecombat\n>p2 switch 3\n>p1 move bodypress\n>p2 move energyball\n>p3 switch 2\n>p4 switch 4\n>p3 switch 5\n>p1 move trickroom\n>p2 move protect\n>p3 move superfang\n>p4 move raindance\n>p1 move bodypress\n>p2 move energyball\n>p3 switch 6\n>p4 move icebeam\n>p2 switch 4\n>p1 move bodypress\n>p2 move icepunch\n>p3 move spore\n>p4 move muddywater\n>p1 switch 6\n>p3 switch 6\n>p4 switch 4\n>chat \u2606Sketchy101|!dt pinchurchin\n>p1 move risingvoltage\n>p2 move rockslide\n>p3 switch 2\n>p4 move bulletpunch\n>p1 switch 3\n>p1 move protect\n>p2 move highhorsepower\n>p3 move protect\n>p4 move facade\n>p1 move hurricane\n>p2 move protect\n>p3 move superpower\n>p4 switch 6\n>p1 move protect\n>p2 switch 5\n>p3 move superpower\n>p4 move crabhammer\n>p1 move hurricane\n>p2 move scald\n>p3 switch 2\n>p4 move crabhammer\n>p1 move protect\n>p2 move tailwind\n>p3 move icebeam\n>p4 move knockoff\n>p1 move hurricane\n>p2 move hurricane\n>p3 move icywind\n>p4 move knockoff\n>p4 switch 6\n>p1 move protect\n>p2 move scald\n>p3 switch 4\n>p4 move facade dynamax\n>p2 switch 2\n>p1 switch 2\n>p2 move helpinghand\n>p3 move dracometeor\n>p4 move closecombat dynamax\n>p1 move hex\n>p2 move helpinghand\n>p3 move irondefense\n>p4 move knockoff dynamax\n>p1 switch 2\n>p1 move hurricane\n>p2 move infestation\n>p3 move protect\n>p4 move knockoff\n>p1 move protect\n>p2 move infestation\n>p3 switch 2\n>p4 move closecombat\n>p3 switch 3\n>p4 switch 3\n>p1 switch 4\n>p2 move guardsplit\n>p3 move heavyslam\n>p4 move protect\n>p1 move protect\n>p2 move helpinghand\n>p3 move protect\n>p4 move closecombat\n>p1 switch 4\n>p2 move guardsplit\n>p3 move headsmash\n>p4 move closecombat\n>p1 move protect\n>p2 move infestation\n>p3 move headsmash\n>p1 switch 5\n>p2 move helpinghand\n>p3 move headsmash\n>p1 move protect\n>p2 move helpinghand\n>p3 move heavyslam\n>p1 switch 4\n>p2 move helpinghand\n>p3 move highhorsepower\n>p1 move darkpulse\n>p2 move infestation\n>p3 move highhorsepower\n>p1 move darkpulse\n>p2 move helpinghand\n>p3 move headsmash\n>p3 switch 4\n>p1 move thunderbolt\n>p2 move infestation\n>p3 move superfang\n>p3 switch 2\n>p1 move darkpulse\n>p2 move infestation\n>p3 move bodypress dynamax\n>p2 switch 6\n>p1 move thunderbolt\n>p2 move closecombat dynamax\n>p3 move dracometeor dynamax\n>p1 switch 5\n>p1 move hurricane dynamax\n>p2 move tailwind dynamax\n>p3 move dracometeor dynamax\n>p1 move hurricane dynamax\n>p2 move roost dynamax\n>p3 move protect\n>p2 switch 5\n>p1 move hurricane dynamax\n>p2 move protect\n>p3 move irondefense\n>p1 move protect\n>p2 move icepunch\n>p3 move bodypress\n>forcelose p3\n>p1 move hurricane\n>p2 move icepunch\n>p1 switch 4\n>p1 move earthquake\n>p2 move icepunch","uploadtime":1664136130,"views":3,"p1id":"shiawasenostory","p2id":"sketchy101","formatid":"gen8freeforallrandombattle","rating":0,"private":0,"password":null}