{"id":"gen8ou-1409406584","p1":"BarronCosimo","p2":"Infernoss","format":"gen8ou","log":"|j|\u2606BarronCosimo\n|j|\u2606Infernoss\n|t:|1630675249\n|gametype|singles\n|player|p1|BarronCosimo|102|1591\n|player|p2|Infernoss|chili|1685\n|teamsize|p1|6\n|teamsize|p2|6\n|gen|8\n|tier|[Gen 8] OU\n|rated|\n|rule|Sleep Clause Mod: Limit one foe put to sleep\n|rule|Species Clause: Limit one of each Pok\u00e9mon\n|rule|OHKO Clause: OHKO moves are banned\n|rule|Evasion Moves Clause: Evasion moves are banned\n|rule|Endless Battle Clause: Forcing endless battles is banned\n|rule|HP Percentage Mod: HP is shown in percentages\n|rule|Dynamax Clause: You cannot dynamax\n|clearpoke\n|poke|p1|Dragapult, F|\n|poke|p1|Azelf|\n|poke|p1|Moltres-Galar|\n|poke|p1|Blaziken, F|\n|poke|p1|Tapu Koko|\n|poke|p1|Hawlucha, F|\n|poke|p2|Slowbro, M|\n|poke|p2|Hatterene, F|\n|poke|p2|Marowak-Alola, F|\n|poke|p2|Ferrothorn, M|\n|poke|p2|Garchomp, F|\n|poke|p2|Drampa, M|\n|teampreview\n|\n|t:|1630675257\n|start\n|switch|p1a: Azelf|Azelf|100\/100\n|switch|p2a: Hatterene|Hatterene, F|100\/100\n|turn|1\n|\n|t:|1630675264\n|move|p1a: Azelf|Light Screen|p1a: Azelf\n|-sidestart|p1: BarronCosimo|move: Light Screen\n|move|p2a: Hatterene|Draining Kiss|p1a: Azelf\n|-damage|p1a: Azelf|85\/100\n|\n|upkeep\n|turn|2\n|\n|t:|1630675270\n|move|p1a: Azelf|Reflect|p1a: Azelf\n|-sidestart|p1: BarronCosimo|Reflect\n|move|p2a: Hatterene|Draining Kiss|p1a: Azelf\n|-damage|p1a: Azelf|70\/100\n|\n|upkeep\n|turn|3\n|\n|t:|1630675284\n|switch|p1a: Blaziken|Blaziken, F|100\/100\n|move|p2a: Hatterene|Trick Room|p2a: Hatterene\n|-fieldstart|move: Trick Room|[of] p2a: Hatterene\n|\n|upkeep\n|turn|4\n|\n|t:|1630675308\n|switch|p2a: Sonso|Slowbro, M|100\/100\n|move|p1a: Blaziken|Flare Blitz|p2a: Sonso\n|-resisted|p2a: Sonso\n|-damage|p2a: Sonso|76\/100\n|-damage|p1a: Blaziken|90\/100|[from] Recoil\n|-damage|p1a: Blaziken|80\/100|[from] item: Life Orb\n|\n|-ability|p1a: Blaziken|Speed Boost|boost\n|-boost|p1a: Blaziken|spe|1\n|upkeep\n|turn|5\n|\n|t:|1630675318\n|move|p2a: Sonso|Scald|p1a: Blaziken\n|-supereffective|p1a: Blaziken\n|-damage|p1a: Blaziken|36\/100\n|move|p1a: Blaziken|Swords Dance|p1a: Blaziken\n|-boost|p1a: Blaziken|atk|2\n|\n|-sideend|p1: BarronCosimo|move: Light Screen\n|-ability|p1a: Blaziken|Speed Boost|boost\n|-boost|p1a: Blaziken|spe|1\n|upkeep\n|turn|6\n|\n|t:|1630675334\n|switch|p1a: Dragapult|Dragapult, F|100\/100\n|move|p2a: Sonso|Scald|p1a: Dragapult\n|-resisted|p1a: Dragapult\n|-damage|p1a: Dragapult|82\/100\n|-status|p1a: Dragapult|brn\n|\n|-heal|p1a: Dragapult|88\/100 brn|[from] item: Leftovers\n|-damage|p1a: Dragapult|82\/100 brn|[from] brn\n|-sideend|p1: BarronCosimo|Reflect\n|upkeep\n|turn|7\n|\n|t:|1630675344\n|switch|p2a: Thorns|Ferrothorn, M|100\/100\n|switch|p1a: Azelf|Azelf|70\/100\n|\n|-fieldend|move: Trick Room\n|upkeep\n|turn|8\n|\n|t:|1630675361\n|switch|p2a: Hatterene|Hatterene, F|100\/100\n|move|p1a: Azelf|Reflect|p1a: Azelf\n|-sidestart|p1: BarronCosimo|Reflect\n|\n|upkeep\n|turn|9\n|\n|t:|1630675366\n|move|p1a: Azelf|Explosion|p2a: Hatterene\n|-damage|p2a: Hatterene|29\/100\n|faint|p1a: Azelf\n|move|p2a: Hatterene|Trick Room|p2a: Hatterene\n|-fieldstart|move: Trick Room|[of] p2a: Hatterene\n|\n|upkeep\n|\n|t:|1630675378\n|switch|p1a: Moltres|Moltres-Galar|100\/100\n|turn|10\n|\n|t:|1630675385\n|move|p2a: Hatterene|Draining Kiss|p1a: Moltres\n|-supereffective|p1a: Moltres\n|-crit|p1a: Moltres\n|-damage|p1a: Moltres|40\/100\n|-heal|p2a: Hatterene|75\/100|[from] drain|[of] p1a: Moltres\n|-ability|p1a: Moltres|Berserk|boost\n|-boost|p1a: Moltres|spa|1\n|-enditem|p1a: Moltres|Sitrus Berry|[eat]\n|-heal|p1a: Moltres|65\/100|[from] item: Sitrus Berry\n|move|p1a: Moltres|Fiery Wrath|p2a: Hatterene\n|-damage|p2a: Hatterene|33\/100\n|\n|upkeep\n|turn|11\n|\n|t:|1630675395\n|move|p2a: Hatterene|Draining Kiss|p1a: Moltres\n|-supereffective|p1a: Moltres\n|-damage|p1a: Moltres|24\/100\n|-heal|p2a: Hatterene|64\/100|[from] drain|[of] p1a: Moltres\n|-ability|p1a: Moltres|Berserk|boost\n|-boost|p1a: Moltres|spa|1\n|move|p1a: Moltres|Fiery Wrath|p2a: Hatterene\n|-damage|p2a: Hatterene|1\/100\n|\n|upkeep\n|turn|12\n|\n|t:|1630675403\n|move|p2a: Hatterene|Draining Kiss|p1a: Moltres\n|-supereffective|p1a: Moltres\n|-damage|p1a: Moltres|0 fnt\n|-heal|p2a: Hatterene|19\/100|[from] drain|[of] p1a: Moltres\n|faint|p1a: Moltres\n|\n|-sideend|p1: BarronCosimo|Reflect\n|upkeep\n|\n|t:|1630675418\n|switch|p1a: Blaziken|Blaziken, F|36\/100\n|turn|13\n|\n|t:|1630675427\n|move|p2a: Hatterene|Healing Wish|p2a: Hatterene\n|faint|p2a: Hatterene\n|move|p1a: Blaziken|Swords Dance|p1a: Blaziken\n|-boost|p1a: Blaziken|atk|2\n|\n|-fieldend|move: Trick Room\n|-ability|p1a: Blaziken|Speed Boost|boost\n|-boost|p1a: Blaziken|spe|1\n|upkeep\n|\n|t:|1630675434\n|switch|p2a: Sonso|Slowbro, M|100\/100\n|turn|14\n|\n|t:|1630675437\n|move|p1a: Blaziken|Thunder Punch|p2a: Sonso\n|-supereffective|p2a: Sonso\n|-crit|p2a: Sonso\n|-damage|p2a: Sonso|0 fnt\n|faint|p2a: Sonso\n|-damage|p1a: Blaziken|26\/100|[from] item: Life Orb\n|\n|-ability|p1a: Blaziken|Speed Boost|boost\n|-boost|p1a: Blaziken|spe|1\n|upkeep\n|c|\u2606Infernoss|pure skill\n|\n|t:|1630675459\n|switch|p2a: Billy B.|Marowak-Alola, F|100\/100\n|turn|15\n|\n|t:|1630675473\n|switch|p2a: Thorns|Ferrothorn, M|100\/100\n|move|p1a: Blaziken|Flare Blitz|p2a: Thorns\n|-supereffective|p2a: Thorns\n|-damage|p2a: Thorns|0 fnt\n|-damage|p1a: Blaziken|14\/100|[from] ability: Iron Barbs|[of] p2a: Thorns\n|faint|p2a: Thorns\n|-damage|p1a: Blaziken|0 fnt|[from] Recoil\n|faint|p1a: Blaziken\n|\n|upkeep\n|\n|t:|1630675484\n|switch|p1a: Dragapult|Dragapult, F|82\/100 brn\n|switch|p2a: Falko|Drampa, M|100\/100\n|turn|16\n|\n|t:|1630675496\n|move|p1a: Dragapult|Substitute|p1a: Dragapult\n|-start|p1a: Dragapult|Substitute\n|-damage|p1a: Dragapult|57\/100 brn\n|move|p2a: Falko|Thunderbolt|p1a: Dragapult\n|-resisted|p1a: Dragapult\n|-end|p1a: Dragapult|Substitute\n|-damage|p2a: Falko|91\/100|[from] item: Life Orb\n|\n|-heal|p1a: Dragapult|63\/100 brn|[from] item: Leftovers\n|-damage|p1a: Dragapult|57\/100 brn|[from] brn\n|upkeep\n|turn|17\n|\n|t:|1630675517\n|move|p1a: Dragapult|Dragon Darts|p2a: Falko\n|-supereffective|p2a: Falko\n|-damage|p2a: Falko|66\/100\n|-anim|p1a: Dragapult|Dragon Darts|p2a: Falko\n|-supereffective|p2a: Falko\n|-damage|p2a: Falko|40\/100\n|-ability|p2a: Falko|Berserk|boost\n|-boost|p2a: Falko|spa|1\n|move|p2a: Falko|Thunderbolt|p1a: Dragapult\n|-resisted|p1a: Dragapult\n|-damage|p1a: Dragapult|12\/100 brn\n|-damage|p2a: Falko|30\/100|[from] item: Life Orb\n|\n|-heal|p1a: Dragapult|18\/100 brn|[from] item: Leftovers\n|-damage|p1a: Dragapult|12\/100 brn|[from] brn\n|upkeep\n|turn|18\n|\n|t:|1630675530\n|move|p1a: Dragapult|Dragon Darts|p2a: Falko\n|-supereffective|p2a: Falko\n|-damage|p2a: Falko|5\/100\n|-anim|p1a: Dragapult|Dragon Darts|p2a: Falko\n|-supereffective|p2a: Falko\n|-damage|p2a: Falko|0 fnt\n|faint|p2a: Falko\n|\n|-heal|p1a: Dragapult|18\/100 brn|[from] item: Leftovers\n|-damage|p1a: Dragapult|12\/100 brn|[from] brn\n|upkeep\n|\n|t:|1630675539\n|switch|p2a: Sharpo|Garchomp, F|100\/100\n|turn|19\n|\n|t:|1630675543\n|move|p1a: Dragapult|Dragon Darts|p2a: Sharpo\n|-supereffective|p2a: Sharpo\n|-damage|p2a: Sharpo|78\/100\n|-anim|p1a: Dragapult|Dragon Darts|p2a: Sharpo\n|-supereffective|p2a: Sharpo\n|-damage|p2a: Sharpo|55\/100\n|move|p2a: Sharpo|Scale Shot|p1a: Dragapult|[miss]\n|-miss|p2a: Sharpo|p1a: Dragapult\n|\n|-heal|p1a: Dragapult|18\/100 brn|[from] item: Leftovers\n|-heal|p2a: Sharpo|61\/100|[from] item: Leftovers\n|-damage|p1a: Dragapult|12\/100 brn|[from] brn\n|upkeep\n|turn|20\n|c|\u2606Infernoss|lol\n|c|\u2606Infernoss|more fucking luck\n|\n|t:|1630675566\n|move|p1a: Dragapult|Dragon Darts|p2a: Sharpo\n|-supereffective|p2a: Sharpo\n|-damage|p2a: Sharpo|36\/100\n|-anim|p1a: Dragapult|Dragon Darts|p2a: Sharpo\n|-supereffective|p2a: Sharpo\n|-damage|p2a: Sharpo|13\/100\n|move|p2a: Sharpo|Earthquake|p1a: Dragapult\n|-damage|p1a: Dragapult|0 fnt\n|faint|p1a: Dragapult\n|\n|-heal|p2a: Sharpo|19\/100|[from] item: Leftovers\n|upkeep\n|-message|Infernoss forfeited.\n|\n|win|BarronCosimo\n|raw|BarronCosimo's rating: 1591 &rarr; <strong>1616<\/strong><br \/>(+25 for winning)\n|raw|Infernoss's rating: 1685 &rarr; <strong>1660<\/strong><br \/>(-25 for losing)\n|l|\u2606Infernoss\n","uploadtime":1630675578,"views":40,"p1id":"barroncosimo","p2id":"infernoss","formatid":"gen8ou","rating":1616,"private":0,"password":null}