{"id":"gen8ou-1692627954","p1":"mongwong","p2":"minimax_ai","format":"gen8ou","log":"|html|<div class=\"broadcast-blue\"><strong>[Gen 8] OU is currently suspecting Melmetal! For information on how to participate check out the <a href=\"https:\/\/www.smogon.com\/forums\/threads\/np-ss-ou-suspect-process-round-12-monster-mash.3709234\/\">suspect thread<\/a>.<\/strong><\/div>\n|j|\u2606mongwong\n|j|\u2606minimax_ai\n|t:|1666510506\n|gametype|singles\n|player|p1|mongwong|eusine-gen2|1561\n|player|p2|minimax_ai|lusamine-nihilego|1501\n|teamsize|p1|6\n|teamsize|p2|6\n|gen|8\n|tier|[Gen 8] OU\n|rated|\n|rule|Sleep Clause Mod: Limit one foe put to sleep\n|rule|Species Clause: Limit one of each Pok\u00e9mon\n|rule|OHKO Clause: OHKO moves are banned\n|rule|Evasion Items Clause: Evasion items are banned\n|rule|Evasion Moves Clause: Evasion moves are banned\n|rule|Endless Battle Clause: Forcing endless battles is banned\n|rule|HP Percentage Mod: HP is shown in percentages\n|rule|Dynamax Clause: You cannot dynamax\n|clearpoke\n|poke|p1|Pelipper, F|\n|poke|p1|Zapdos|\n|poke|p1|Kingdra, M|\n|poke|p1|Barraskewda, M|\n|poke|p1|Magnezone|\n|poke|p1|Tapu Lele|\n|poke|p2|Rotom-Wash|\n|poke|p2|Weavile, F|\n|poke|p2|Landorus-Therian, M|\n|poke|p2|Heatran, M|\n|poke|p2|Tangrowth, M|\n|poke|p2|Melmetal|\n|teampreview\n|c|\u2606minimax_ai|hf\n|inactive|Battle timer is ON: inactive players will automatically lose when time's up. (requested by minimax_ai)\n|\n|t:|1666510523\n|start\n|switch|p1a: Barraskewda|Barraskewda, M|100\/100\n|switch|p2a: Melmetal|Melmetal|100\/100\n|turn|1\n|\n|t:|1666510526\n|move|p1a: Barraskewda|Flip Turn|p2a: Melmetal\n|-damage|p2a: Melmetal|70\/100\n|\n|t:|1666510527\n|switch|p1a: Magnezone|Magnezone|100\/100|[from]move: Flip Turn\n|move|p2a: Melmetal|Ice Punch|p1a: Magnezone\n|-resisted|p1a: Magnezone\n|-damage|p1a: Magnezone|90\/100\n|\n|-heal|p1a: Magnezone|96\/100|[from] item: Leftovers\n|upkeep\n|turn|2\n|\n|t:|1666510529\n|move|p1a: Magnezone|Iron Defense|p1a: Magnezone\n|-boost|p1a: Magnezone|def|2\n|move|p2a: Melmetal|Earthquake|p1a: Magnezone\n|-supereffective|p1a: Magnezone\n|-damage|p1a: Magnezone|46\/100\n|\n|-heal|p1a: Magnezone|52\/100|[from] item: Leftovers\n|upkeep\n|turn|3\n|\n|t:|1666510533\n|move|p1a: Magnezone|Iron Defense|p1a: Magnezone\n|-boost|p1a: Magnezone|def|2\n|move|p2a: Melmetal|Earthquake|p1a: Magnezone\n|-supereffective|p1a: Magnezone\n|-crit|p1a: Magnezone\n|-damage|p1a: Magnezone|0 fnt\n|faint|p1a: Magnezone\n|\n|upkeep\n|\n|t:|1666510540\n|switch|p1a: Pelipper|Pelipper, F|100\/100\n|-weather|RainDance|[from] ability: Drizzle|[of] p1a: Pelipper\n|turn|4\n|\n|t:|1666510541\n|move|p1a: Pelipper|U-turn|p2a: Melmetal\n|-resisted|p2a: Melmetal\n|-damage|p2a: Melmetal|67\/100\n|\n|t:|1666510544\n|switch|p1a: Kingdra|Kingdra, M|100\/100|[from]move: U-turn\n|move|p2a: Melmetal|Double Iron Bash|p1a: Kingdra\n|-resisted|p1a: Kingdra\n|-damage|p1a: Kingdra|74\/100\n|-resisted|p1a: Kingdra\n|-damage|p1a: Kingdra|51\/100\n|-hitcount|p1a: Kingdra|2\n|\n|-weather|RainDance|[upkeep]\n|upkeep\n|turn|5\n|\n|t:|1666510547\n|move|p1a: Kingdra|Surf|p2a: Melmetal\n|-damage|p2a: Melmetal|16\/100\n|move|p2a: Melmetal|Ice Punch|p1a: Kingdra\n|-damage|p1a: Kingdra|11\/100\n|\n|-weather|RainDance|[upkeep]\n|upkeep\n|turn|6\n|\n|t:|1666510550\n|switch|p2a: rotomwash|Rotom-Wash|100\/100\n|move|p1a: Kingdra|Surf|p2a: rotomwash\n|-resisted|p2a: rotomwash\n|-damage|p2a: rotomwash|55\/100\n|\n|-weather|RainDance|[upkeep]\n|-heal|p2a: rotomwash|61\/100|[from] item: Leftovers\n|upkeep\n|turn|7\n|\n|t:|1666510552\n|move|p1a: Kingdra|Surf|p2a: rotomwash\n|-resisted|p2a: rotomwash\n|-damage|p2a: rotomwash|15\/100\n|move|p2a: rotomwash|Thunderbolt|p1a: Kingdra\n|-damage|p1a: Kingdra|0 fnt\n|faint|p1a: Kingdra\n|\n|-weather|RainDance|[upkeep]\n|-heal|p2a: rotomwash|21\/100|[from] item: Leftovers\n|upkeep\n|\n|t:|1666510556\n|switch|p1a: Barraskewda|Barraskewda, M|100\/100\n|turn|8\n|\n|t:|1666510557\n|switch|p2a: Tangrowth|Tangrowth, M|100\/100\n|move|p1a: Barraskewda|Flip Turn|p2a: Tangrowth\n|-resisted|p2a: Tangrowth\n|-damage|p2a: Tangrowth|81\/100\n|-damage|p1a: Barraskewda|84\/100|[from] item: Rocky Helmet|[of] p2a: Tangrowth\n|\n|t:|1666510559\n|switch|p1a: Zapdos|Zapdos|100\/100|[from]move: Flip Turn\n|\n|-weather|RainDance|[upkeep]\n|upkeep\n|turn|9\n|\n|t:|1666510565\n|switch|p2a: landorustherian|Landorus-Therian, M|100\/100\n|-ability|p2a: landorustherian|Intimidate|boost\n|-unboost|p1a: Zapdos|atk|1\n|move|p1a: Zapdos|Weather Ball|p2a: landorustherian\n|-supereffective|p2a: landorustherian\n|-damage|p2a: landorustherian|0 fnt\n|faint|p2a: landorustherian\n|\n|-weather|RainDance|[upkeep]\n|upkeep\n|\n|t:|1666510565\n|switch|p2a: Weavile|Weavile, F|100\/100\n|-ability|p2a: Weavile|Pressure\n|turn|10\n|\n|t:|1666510573\n|switch|p1a: Pelipper|Pelipper, F|100\/100\n|move|p2a: Weavile|Triple Axel|p1a: Pelipper\n|-damage|p1a: Pelipper|88\/100\n|-damage|p1a: Pelipper|64\/100\n|-damage|p1a: Pelipper|29\/100\n|-hitcount|p1a: Pelipper|3\n|\n|-weather|RainDance|[upkeep]\n|upkeep\n|turn|11\n|\n|t:|1666510589\n|switch|p1a: Tapu Lele|Tapu Lele|100\/100\n|-fieldstart|move: Psychic Terrain|[from] ability: Psychic Surge|[of] p1a: Tapu Lele\n|move|p2a: Weavile|Triple Axel|p1a: Tapu Lele\n|-damage|p1a: Tapu Lele|78\/100\n|-damage|p1a: Tapu Lele|35\/100\n|-crit|p1a: Tapu Lele\n|-damage|p1a: Tapu Lele|0 fnt\n|faint|p1a: Tapu Lele\n|-hitcount|p1: Tapu Lele|3\n|\n|-weather|none\n|upkeep\n|\n|t:|1666510592\n|switch|p1a: Pelipper|Pelipper, F|29\/100\n|-weather|RainDance|[from] ability: Drizzle|[of] p1a: Pelipper\n|turn|12\n|\n|t:|1666510593\n|move|p2a: Weavile|Triple Axel|p1a: Pelipper\n|-damage|p1a: Pelipper|18\/100\n|-damage|p1a: Pelipper|0 fnt\n|faint|p1a: Pelipper\n|-hitcount|p1: Pelipper|2\n|\n|-weather|RainDance|[upkeep]\n|upkeep\n|\n|t:|1666510599\n|switch|p1a: Barraskewda|Barraskewda, M|84\/100\n|turn|13\n|\n|t:|1666510601\n|switch|p2a: Tangrowth|Tangrowth, M|100\/100\n|move|p1a: Barraskewda|Flip Turn|p2a: Tangrowth\n|-resisted|p2a: Tangrowth\n|-damage|p2a: Tangrowth|80\/100\n|-damage|p1a: Barraskewda|68\/100|[from] item: Rocky Helmet|[of] p2a: Tangrowth\n|\n|t:|1666510603\n|switch|p1a: Zapdos|Zapdos|100\/100|[from]move: Flip Turn\n|\n|-weather|RainDance|[upkeep]\n|upkeep\n|turn|14\n|\n|t:|1666510607\n|switch|p2a: Weavile|Weavile, F|100\/100\n|-ability|p2a: Weavile|Pressure\n|move|p1a: Zapdos|Thunder|p2a: Weavile\n|-damage|p2a: Weavile|0 fnt\n|faint|p2a: Weavile\n|\n|-weather|RainDance|[upkeep]\n|upkeep\n|\n|t:|1666510607\n|switch|p2a: Melmetal|Melmetal|16\/100\n|turn|15\n|\n|t:|1666510609\n|move|p1a: Zapdos|Thunder|p2a: Melmetal\n|-damage|p2a: Melmetal|0 fnt\n|faint|p2a: Melmetal\n|\n|-weather|RainDance|[upkeep]\n|-fieldend|move: Psychic Terrain\n|upkeep\n|\n|t:|1666510609\n|switch|p2a: Tangrowth|Tangrowth, M|100\/100\n|turn|16\n|\n|t:|1666510611\n|switch|p2a: rotomwash|Rotom-Wash|21\/100\n|move|p1a: Zapdos|Thunder|p2a: rotomwash\n|-damage|p2a: rotomwash|0 fnt\n|faint|p2a: rotomwash\n|\n|-weather|RainDance|[upkeep]\n|upkeep\n|\n|t:|1666510611\n|switch|p2a: Heatran|Heatran, M|100\/100\n|-item|p2a: Heatran|Air Balloon\n|turn|17\n|\n|t:|1666510613\n|switch|p2a: Tangrowth|Tangrowth, M|100\/100\n|move|p1a: Zapdos|Thunder|p2a: Tangrowth\n|-resisted|p2a: Tangrowth\n|-damage|p2a: Tangrowth|36\/100\n|-status|p2a: Tangrowth|par\n|\n|-weather|RainDance|[upkeep]\n|upkeep\n|turn|18\n|\n|t:|1666510614\n|move|p1a: Zapdos|Thunder|p2a: Tangrowth\n|-resisted|p2a: Tangrowth\n|-damage|p2a: Tangrowth|0 fnt\n|faint|p2a: Tangrowth\n|\n|-weather|RainDance|[upkeep]\n|upkeep\n|\n|t:|1666510614\n|switch|p2a: Heatran|Heatran, M|100\/100\n|-item|p2a: Heatran|Air Balloon\n|turn|19\n|\n|t:|1666510616\n|move|p1a: Zapdos|Thunder|p2a: Heatran\n|-damage|p2a: Heatran|19\/100\n|-enditem|p2a: Heatran|Air Balloon\n|move|p2a: Heatran|Magma Storm|p1a: Zapdos\n|-damage|p1a: Zapdos|72\/100\n|-activate|p1a: Zapdos|move: Magma Storm|[of] p2a: Heatran\n|\n|-weather|none\n|-damage|p1a: Zapdos|59\/100|[from] move: Magma Storm|[partiallytrapped]\n|upkeep\n|turn|20\n|\n|t:|1666510618\n|move|p1a: Zapdos|Thunder|p2a: Heatran|[miss]\n|-miss|p1a: Zapdos|p2a: Heatran\n|move|p2a: Heatran|Magma Storm|p1a: Zapdos\n|-damage|p1a: Zapdos|0 fnt\n|faint|p1a: Zapdos\n|\n|upkeep\n|\n|t:|1666510620\n|switch|p1a: Barraskewda|Barraskewda, M|68\/100\n|turn|21\n|\n|t:|1666510621\n|move|p1a: Barraskewda|Liquidation|p2a: Heatran\n|-supereffective|p2a: Heatran\n|-damage|p2a: Heatran|0 fnt\n|faint|p2a: Heatran\n|\n|win|mongwong\n|raw|mongwong's rating: 1561 &rarr; <strong>1578<\/strong><br \/>(+17 for winning)\n|raw|minimax_ai's rating: 1501 &rarr; <strong>1484<\/strong><br \/>(-17 for losing)\n|c|\u2606minimax_ai|gg\n|l|\u2606minimax_ai\n","uploadtime":1666510623,"views":5,"p1id":"mongwong","p2id":"minimaxai","formatid":"gen8ou","rating":1484,"private":0,"password":null}