{"id":"gen8ou-1676144419","p1":"JoJo Reference #10","p2":"Diameter\u272fXtreme","format":"gen8ou","log":"|j|\u2606JoJo Reference #10\n|j|\u2606Diameter\u272fXtreme\n|t:|1664756631\n|gametype|singles\n|player|p1|JoJo Reference #10|266|1671\n|player|p2|Diameter\u272fXtreme|jasmine-gen2|1644\n|teamsize|p1|6\n|teamsize|p2|6\n|gen|8\n|tier|[Gen 8] OU\n|rated|\n|rule|Sleep Clause Mod: Limit one foe put to sleep\n|rule|Species Clause: Limit one of each Pok\u00e9mon\n|rule|OHKO Clause: OHKO moves are banned\n|rule|Evasion Items Clause: Evasion items are banned\n|rule|Evasion Moves Clause: Evasion moves are banned\n|rule|Endless Battle Clause: Forcing endless battles is banned\n|rule|HP Percentage Mod: HP is shown in percentages\n|rule|Dynamax Clause: You cannot dynamax\n|clearpoke\n|poke|p1|Nihilego|\n|poke|p1|Landorus-Therian, M|\n|poke|p1|Volcanion|\n|poke|p1|Dragapult, M|\n|poke|p1|Volcarona, F|\n|poke|p1|Tapu Lele|\n|poke|p2|Melmetal|\n|poke|p2|Volcanion|\n|poke|p2|Sandaconda, F|\n|poke|p2|Zapdos|\n|poke|p2|Blissey, F|\n|poke|p2|Buzzwole|\n|teampreview\n|inactive|Battle timer is ON: inactive players will automatically lose when time's up. (requested by Diameter\u272fXtreme)\n|\n|t:|1664756644\n|start\n|switch|p1a: Volcanion|Volcanion|100\/100\n|switch|p2a: Sandaconda|Sandaconda, F|100\/100\n|turn|1\n|\n|t:|1664756646\n|switch|p2a: Blissey|Blissey, F|100\/100\n|move|p1a: Volcanion|Steam Eruption|p2a: Blissey\n|-damage|p2a: Blissey|80\/100\n|\n|upkeep\n|turn|2\n|\n|t:|1664756652\n|switch|p1a: Landorus|Landorus-Therian, M|100\/100\n|-ability|p1a: Landorus|Intimidate|boost\n|-unboost|p2a: Blissey|atk|1\n|move|p2a: Blissey|Toxic|p1a: Landorus\n|-status|p1a: Landorus|tox\n|\n|-damage|p1a: Landorus|94\/100 tox|[from] psn\n|upkeep\n|turn|3\n|\n|t:|1664756655\n|switch|p2a: Sandaconda|Sandaconda, F|100\/100\n|move|p1a: Landorus|Stealth Rock|p2a: Sandaconda\n|-sidestart|p2: Diameter\u272fXtreme|move: Stealth Rock\n|\n|-heal|p1a: Landorus|100\/100 tox|[from] item: Leftovers\n|-damage|p1a: Landorus|88\/100 tox|[from] psn\n|upkeep\n|turn|4\n|\n|t:|1664756660\n|move|p1a: Landorus|U-turn|p2a: Sandaconda\n|-damage|p2a: Sandaconda|82\/100\n|\n|t:|1664756663\n|switch|p1a: Tapu Lele|Tapu Lele|100\/100|[from]move: U-turn\n|-fieldstart|move: Psychic Terrain|[from] ability: Psychic Surge|[of] p1a: Tapu Lele\n|move|p2a: Sandaconda|Stealth Rock|p1a: Tapu Lele\n|-sidestart|p1: JoJo Reference #10|move: Stealth Rock\n|\n|-heal|p2a: Sandaconda|88\/100|[from] item: Leftovers\n|upkeep\n|turn|5\n|\n|t:|1664756678\n|switch|p2a: Blissey|Blissey, F|80\/100\n|move|p1a: Tapu Lele|Moonblast|p2a: Blissey\n|-damage|p2a: Blissey|53\/100\n|\n|upkeep\n|turn|6\n|\n|t:|1664756683\n|switch|p1a: Dragapult|Dragapult, M|100\/100\n|-damage|p1a: Dragapult|88\/100|[from] Stealth Rock\n|move|p2a: Blissey|Soft-Boiled|p2a: Blissey\n|-heal|p2a: Blissey|100\/100\n|\n|upkeep\n|turn|7\n|\n|t:|1664756688\n|move|p1a: Dragapult|Dragon Darts|p2a: Blissey\n|-damage|p2a: Blissey|80\/100\n|-anim|p1a: Dragapult|Dragon Darts|p2a: Blissey\n|-damage|p2a: Blissey|58\/100\n|move|p2a: Blissey|Shadow Ball|p1a: Dragapult\n|-supereffective|p1a: Dragapult\n|-damage|p1a: Dragapult|48\/100\n|\n|upkeep\n|turn|8\n|\n|t:|1664756695\n|move|p1a: Dragapult|Dragon Darts|p2a: Blissey\n|-damage|p2a: Blissey|36\/100\n|-anim|p1a: Dragapult|Dragon Darts|p2a: Blissey\n|-damage|p2a: Blissey|13\/100\n|move|p2a: Blissey|Soft-Boiled|p2a: Blissey\n|-heal|p2a: Blissey|63\/100\n|\n|-fieldend|move: Psychic Terrain\n|upkeep\n|turn|9\n|\n|t:|1664756699\n|move|p1a: Dragapult|Dragon Darts|p2a: Blissey\n|-damage|p2a: Blissey|42\/100\n|-anim|p1a: Dragapult|Dragon Darts|p2a: Blissey\n|-damage|p2a: Blissey|20\/100\n|move|p2a: Blissey|Soft-Boiled|p2a: Blissey\n|-heal|p2a: Blissey|70\/100\n|\n|upkeep\n|turn|10\n|\n|t:|1664756701\n|move|p1a: Dragapult|Dragon Darts|p2a: Blissey\n|-damage|p2a: Blissey|50\/100\n|-anim|p1a: Dragapult|Dragon Darts|p2a: Blissey\n|-damage|p2a: Blissey|27\/100\n|move|p2a: Blissey|Soft-Boiled|p2a: Blissey\n|-heal|p2a: Blissey|77\/100\n|\n|upkeep\n|turn|11\n|\n|t:|1664756703\n|move|p1a: Dragapult|Dragon Darts|p2a: Blissey\n|-damage|p2a: Blissey|55\/100\n|-anim|p1a: Dragapult|Dragon Darts|p2a: Blissey\n|-damage|p2a: Blissey|32\/100\n|move|p2a: Blissey|Soft-Boiled|p2a: Blissey\n|-heal|p2a: Blissey|82\/100\n|\n|upkeep\n|turn|12\n|\n|t:|1664756708\n|move|p1a: Dragapult|Dragon Darts|p2a: Blissey\n|-damage|p2a: Blissey|61\/100\n|-anim|p1a: Dragapult|Dragon Darts|p2a: Blissey\n|-damage|p2a: Blissey|41\/100\n|move|p2a: Blissey|Soft-Boiled|p2a: Blissey\n|-heal|p2a: Blissey|91\/100\n|\n|upkeep\n|turn|13\n|\n|t:|1664756710\n|move|p1a: Dragapult|Dragon Darts|p2a: Blissey\n|-damage|p2a: Blissey|69\/100\n|-anim|p1a: Dragapult|Dragon Darts|p2a: Blissey\n|-damage|p2a: Blissey|49\/100\n|move|p2a: Blissey|Soft-Boiled|p2a: Blissey\n|-heal|p2a: Blissey|99\/100\n|\n|upkeep\n|turn|14\n|\n|t:|1664756712\n|move|p1a: Dragapult|Dragon Darts|p2a: Blissey\n|-damage|p2a: Blissey|76\/100\n|-anim|p1a: Dragapult|Dragon Darts|p2a: Blissey\n|-damage|p2a: Blissey|54\/100\n|move|p2a: Blissey|Shadow Ball|p1a: Dragapult\n|-supereffective|p1a: Dragapult\n|-damage|p1a: Dragapult|9\/100\n|\n|upkeep\n|turn|15\n|\n|t:|1664756714\n|move|p1a: Dragapult|Dragon Darts|p2a: Blissey\n|-damage|p2a: Blissey|30\/100\n|-anim|p1a: Dragapult|Dragon Darts|p2a: Blissey\n|-damage|p2a: Blissey|10\/100\n|move|p2a: Blissey|Soft-Boiled|p2a: Blissey\n|-heal|p2a: Blissey|60\/100\n|\n|upkeep\n|turn|16\n|\n|t:|1664756718\n|move|p1a: Dragapult|Dragon Darts|p2a: Blissey\n|-damage|p2a: Blissey|38\/100\n|-anim|p1a: Dragapult|Dragon Darts|p2a: Blissey\n|-damage|p2a: Blissey|16\/100\n|move|p2a: Blissey|Soft-Boiled|p2a: Blissey\n|-heal|p2a: Blissey|66\/100\n|\n|upkeep\n|turn|17\n|\n|t:|1664756720\n|move|p1a: Dragapult|Dragon Darts|p2a: Blissey\n|-damage|p2a: Blissey|44\/100\n|-anim|p1a: Dragapult|Dragon Darts|p2a: Blissey\n|-damage|p2a: Blissey|24\/100\n|move|p2a: Blissey|Soft-Boiled|p2a: Blissey\n|-heal|p2a: Blissey|74\/100\n|\n|upkeep\n|turn|18\n|\n|t:|1664756721\n|move|p1a: Dragapult|Dragon Darts|p2a: Blissey\n|-damage|p2a: Blissey|53\/100\n|-anim|p1a: Dragapult|Dragon Darts|p2a: Blissey\n|-damage|p2a: Blissey|33\/100\n|move|p2a: Blissey|Soft-Boiled|p2a: Blissey\n|-heal|p2a: Blissey|83\/100\n|\n|upkeep\n|turn|19\n|\n|t:|1664756723\n|move|p1a: Dragapult|Dragon Darts|p2a: Blissey\n|-damage|p2a: Blissey|61\/100\n|-anim|p1a: Dragapult|Dragon Darts|p2a: Blissey\n|-damage|p2a: Blissey|39\/100\n|move|p2a: Blissey|Soft-Boiled|p2a: Blissey\n|-heal|p2a: Blissey|89\/100\n|\n|upkeep\n|turn|20\n|\n|t:|1664756725\n|move|p1a: Dragapult|Dragon Darts|p2a: Blissey\n|-damage|p2a: Blissey|69\/100\n|-anim|p1a: Dragapult|Dragon Darts|p2a: Blissey\n|-damage|p2a: Blissey|49\/100\n|move|p2a: Blissey|Soft-Boiled|p2a: Blissey\n|-heal|p2a: Blissey|99\/100\n|\n|upkeep\n|turn|21\n|\n|t:|1664756727\n|move|p1a: Dragapult|Dragon Darts|p2a: Blissey\n|-damage|p2a: Blissey|77\/100\n|-anim|p1a: Dragapult|Dragon Darts|p2a: Blissey\n|-damage|p2a: Blissey|55\/100\n|move|p2a: Blissey|Shadow Ball|p1a: Dragapult\n|-supereffective|p1a: Dragapult\n|-crit|p1a: Dragapult\n|-damage|p1a: Dragapult|0 fnt\n|faint|p1a: Dragapult\n|\n|upkeep\n|\n|t:|1664756729\n|switch|p1a: Tapu Lele|Tapu Lele|100\/100\n|-damage|p1a: Tapu Lele|88\/100|[from] Stealth Rock\n|-fieldstart|move: Psychic Terrain|[from] ability: Psychic Surge|[of] p1a: Tapu Lele\n|turn|22\n|\n|t:|1664756733\n|switch|p2a: Melmetal|Melmetal|100\/100\n|-damage|p2a: Melmetal|94\/100|[from] Stealth Rock\n|move|p1a: Tapu Lele|Psyshock|p2a: Melmetal\n|-resisted|p2a: Melmetal\n|-damage|p2a: Melmetal|70\/100\n|\n|upkeep\n|turn|23\n|\n|t:|1664756737\n|switch|p1a: Volcarona|Volcarona, F|100\/100\n|move|p2a: Melmetal|Toxic|p1a: Volcarona\n|-status|p1a: Volcarona|tox\n|\n|-damage|p1a: Volcarona|94\/100 tox|[from] psn\n|upkeep\n|turn|24\n|j| Kyurem\n|\n|t:|1664756762\n|switch|p1a: Tapu Lele|Tapu Lele|88\/100\n|-damage|p1a: Tapu Lele|76\/100|[from] Stealth Rock\n|switch|p2a: Blissey|Blissey, F|55\/100\n|\n|upkeep\n|turn|25\n|\n|t:|1664756773\n|switch|p2a: Melmetal|Melmetal|70\/100\n|-damage|p2a: Melmetal|64\/100|[from] Stealth Rock\n|move|p1a: Tapu Lele|Psyshock|p2a: Melmetal\n|-resisted|p2a: Melmetal\n|-damage|p2a: Melmetal|40\/100\n|\n|upkeep\n|turn|26\n|\n|t:|1664756797\n|switch|p1a: Volcarona|Volcarona, F|94\/100 tox\n|move|p2a: Melmetal|Double Iron Bash|p1a: Volcarona\n|-resisted|p1a: Volcarona\n|-damage|p1a: Volcarona|65\/100 tox\n|-status|p2a: Melmetal|brn|[from] ability: Flame Body|[of] p1a: Volcarona\n|-resisted|p1a: Volcarona\n|-damage|p1a: Volcarona|49\/100 tox\n|-hitcount|p1a: Volcarona|2\n|\n|-damage|p1a: Volcarona|43\/100 tox|[from] psn\n|-damage|p2a: Melmetal|34\/100 brn|[from] brn\n|-fieldend|move: Psychic Terrain\n|upkeep\n|turn|27\n|\n|t:|1664756803\n|move|p1a: Volcarona|Roost|p1a: Volcarona\n|-heal|p1a: Volcarona|93\/100 tox\n|-singleturn|p1a: Volcarona|move: Roost\n|move|p2a: Melmetal|Double Iron Bash|p1a: Volcarona\n|-resisted|p1a: Volcarona\n|-damage|p1a: Volcarona|79\/100 tox\n|-resisted|p1a: Volcarona\n|-crit|p1a: Volcarona\n|-damage|p1a: Volcarona|56\/100 tox\n|-hitcount|p1a: Volcarona|2\n|\n|-damage|p1a: Volcarona|44\/100 tox|[from] psn\n|-damage|p2a: Melmetal|28\/100 brn|[from] brn\n|upkeep\n|turn|28\n|\n|t:|1664756807\n|move|p1a: Volcarona|Roost|p1a: Volcarona\n|-heal|p1a: Volcarona|94\/100 tox\n|-singleturn|p1a: Volcarona|move: Roost\n|move|p2a: Melmetal|Double Iron Bash|p1a: Volcarona\n|-resisted|p1a: Volcarona\n|-damage|p1a: Volcarona|80\/100 tox\n|-resisted|p1a: Volcarona\n|-damage|p1a: Volcarona|66\/100 tox\n|-hitcount|p1a: Volcarona|2\n|\n|-damage|p1a: Volcarona|48\/100 tox|[from] psn\n|-damage|p2a: Melmetal|22\/100 brn|[from] brn\n|upkeep\n|turn|29\n|\n|t:|1664756810\n|move|p1a: Volcarona|Bug Buzz|p2a: Melmetal\n|-resisted|p2a: Melmetal\n|-damage|p2a: Melmetal|0 fnt\n|faint|p2a: Melmetal\n|\n|-damage|p1a: Volcarona|23\/100 tox|[from] psn\n|upkeep\n|\n|t:|1664756814\n|switch|p2a: Zapdos|Zapdos|100\/100\n|turn|30\n|j| gerald.jones061\n|inactive|JoJo Reference #10 has 120 seconds left.\n|\n|t:|1664756846\n|switch|p1a: Landorus|Landorus-Therian, M|88\/100 tox\n|-damage|p1a: Landorus|76\/100 tox|[from] Stealth Rock\n|-ability|p1a: Landorus|Intimidate|boost\n|-unboost|p2a: Zapdos|atk|1\n|move|p2a: Zapdos|Roost||[still]\n|-fail|p2a: Zapdos|heal\n|\n|-heal|p1a: Landorus|82\/100 tox|[from] item: Leftovers\n|-damage|p1a: Landorus|76\/100 tox|[from] psn\n|upkeep\n|turn|31\n|\n|t:|1664756856\n|switch|p2a: Sandaconda|Sandaconda, F|88\/100\n|-damage|p2a: Sandaconda|82\/100|[from] Stealth Rock\n|move|p1a: Landorus|Knock Off|p2a: Sandaconda\n|-damage|p2a: Sandaconda|57\/100\n|-enditem|p2a: Sandaconda|Leftovers|[from] move: Knock Off|[of] p1a: Landorus\n|\n|-heal|p1a: Landorus|82\/100 tox|[from] item: Leftovers\n|-damage|p1a: Landorus|70\/100 tox|[from] psn\n|upkeep\n|turn|32\n|\n|t:|1664756859\n|move|p1a: Landorus|U-turn|p2a: Sandaconda\n|-damage|p2a: Sandaconda|39\/100\n|\n|t:|1664756860\n|switch|p1a: Volcarona|Volcarona, F|23\/100 tox|[from]move: U-turn\n|move|p2a: Sandaconda|Glare||[still]\n|-fail|p2a: Sandaconda\n|\n|-damage|p1a: Volcarona|17\/100 tox|[from] psn\n|upkeep\n|turn|33\n|\n|t:|1664756863\n|move|p1a: Volcarona|Bug Buzz|p2a: Sandaconda\n|-damage|p2a: Sandaconda|2\/100\n|move|p2a: Sandaconda|Rest|p2a: Sandaconda\n|-status|p2a: Sandaconda|slp|[from] move: Rest\n|-heal|p2a: Sandaconda|100\/100 slp|[silent]\n|\n|-damage|p1a: Volcarona|5\/100 tox|[from] psn\n|upkeep\n|turn|34\n|\n|t:|1664756867\n|switch|p1a: Tapu Lele|Tapu Lele|76\/100\n|-damage|p1a: Tapu Lele|63\/100|[from] Stealth Rock\n|-fieldstart|move: Psychic Terrain|[from] ability: Psychic Surge|[of] p1a: Tapu Lele\n|cant|p2a: Sandaconda|slp\n|\n|upkeep\n|turn|35\n|\n|t:|1664756871\n|move|p1a: Tapu Lele|Psyshock|p2a: Sandaconda\n|-damage|p2a: Sandaconda|35\/100 slp\n|cant|p2a: Sandaconda|slp\n|\n|upkeep\n|turn|36\n|\n|t:|1664756875\n|move|p1a: Tapu Lele|Psyshock|p2a: Sandaconda\n|-damage|p2a: Sandaconda|0 fnt\n|faint|p2a: Sandaconda\n|\n|upkeep\n|\n|t:|1664756880\n|switch|p2a: Zapdos|Zapdos|100\/100\n|turn|37\n|\n|t:|1664756883\n|switch|p1a: Volcarona|Volcarona, F|5\/100 tox\n|move|p2a: Zapdos|Discharge|p1a: Volcarona\n|-damage|p1a: Volcarona|0 fnt\n|faint|p1a: Volcarona\n|\n|upkeep\n|\n|t:|1664756887\n|switch|p1a: Tapu Lele|Tapu Lele|63\/100\n|-damage|p1a: Tapu Lele|51\/100|[from] Stealth Rock\n|turn|38\n|l| gerald.jones061\n|\n|t:|1664756892\n|move|p1a: Tapu Lele|Moonblast|p2a: Zapdos\n|-damage|p2a: Zapdos|32\/100\n|move|p2a: Zapdos|Discharge|p1a: Tapu Lele\n|-damage|p1a: Tapu Lele|14\/100\n|\n|-fieldend|move: Psychic Terrain\n|upkeep\n|turn|39\n|\n|t:|1664756900\n|move|p1a: Tapu Lele|Moonblast|p2a: Zapdos\n|-damage|p2a: Zapdos|0 fnt\n|faint|p2a: Zapdos\n|\n|upkeep\n|\n|t:|1664756905\n|switch|p2a: Blissey|Blissey, F|55\/100\n|turn|40\n|inactive|JoJo Reference #10 has 120 seconds left.\n|\n|t:|1664756940\n|switch|p1a: Landorus|Landorus-Therian, M|70\/100 tox\n|-damage|p1a: Landorus|58\/100 tox|[from] Stealth Rock\n|-ability|p1a: Landorus|Intimidate|boost\n|-unboost|p2a: Blissey|atk|1\n|move|p2a: Blissey|Soft-Boiled|p2a: Blissey\n|-heal|p2a: Blissey|100\/100\n|\n|-heal|p1a: Landorus|64\/100 tox|[from] item: Leftovers\n|-damage|p1a: Landorus|58\/100 tox|[from] psn\n|upkeep\n|turn|41\n|inactive|Diameter\u272fXtreme has 120 seconds left.\n|\n|t:|1664756973\n|move|p1a: Landorus|Knock Off|p2a: Blissey\n|-damage|p2a: Blissey|73\/100\n|-enditem|p2a: Blissey|Heavy-Duty Boots|[from] move: Knock Off|[of] p1a: Landorus\n|move|p2a: Blissey|Soft-Boiled|p2a: Blissey\n|-heal|p2a: Blissey|100\/100\n|\n|-heal|p1a: Landorus|64\/100 tox|[from] item: Leftovers\n|-damage|p1a: Landorus|52\/100 tox|[from] psn\n|upkeep\n|turn|42\n|\n|t:|1664756977\n|move|p1a: Landorus|U-turn|p2a: Blissey\n|-damage|p2a: Blissey|81\/100\n|\n|t:|1664756978\n|switch|p1a: Nihilego|Nihilego|100\/100|[from]move: U-turn\n|-damage|p1a: Nihilego|88\/100|[from] Stealth Rock\n|move|p2a: Blissey|Soft-Boiled|p2a: Blissey\n|-heal|p2a: Blissey|100\/100\n|\n|upkeep\n|turn|43\n|\n|t:|1664756986\n|move|p1a: Nihilego|Meteor Beam||[still]\n|-prepare|p1a: Nihilego|Meteor Beam\n|-boost|p1a: Nihilego|spa|1\n|-enditem|p1a: Nihilego|Power Herb\n|-anim|p1a: Nihilego|Meteor Beam|p2a: Blissey\n|-damage|p2a: Blissey|71\/100\n|move|p2a: Blissey|Seismic Toss|p1a: Nihilego\n|-damage|p1a: Nihilego|60\/100\n|\n|upkeep\n|turn|44\n|\n|t:|1664756990\n|move|p1a: Nihilego|Meteor Beam||[still]\n|-prepare|p1a: Nihilego|Meteor Beam\n|-boost|p1a: Nihilego|spa|1\n|move|p2a: Blissey|Seismic Toss|p1a: Nihilego\n|-damage|p1a: Nihilego|33\/100\n|\n|upkeep\n|turn|45\n|\n|t:|1664756993\n|move|p1a: Nihilego|Meteor Beam|p2a: Blissey|[from]lockedmove\n|-damage|p2a: Blissey|27\/100\n|move|p2a: Blissey|Seismic Toss|p1a: Nihilego\n|-damage|p1a: Nihilego|5\/100\n|\n|upkeep\n|turn|46\n|-message|Diameter\u272fXtreme forfeited.\n|\n|win|JoJo Reference #10\n|raw|JoJo Reference #10's rating: 1671 &rarr; <strong>1689<\/strong><br \/>(+18 for winning)\n|raw|Diameter\u272fXtreme's rating: 1644 &rarr; <strong>1626<\/strong><br \/>(-18 for losing)\n","uploadtime":1664757001,"views":2,"p1id":"jojoreference10","p2id":"diameterxtreme","formatid":"gen8ou","rating":1626,"private":0,"password":null}