{"id":"gen8ou-1626456241","p1":"MAVERICK SHOOTERS","p2":"LT91BB uomo bomba","format":"gen8ou","log":"|raw|<div class=\"broadcast-blue\"><strong>This battle is required to be public due to a player having a name starting with 'lt91bb'.<\/div>\n|j|\u2606MAVERICK SHOOTERS\n|j|\u2606LT91BB uomo bomba\n|t:|1658939816\n|gametype|singles\n|player|p1|MAVERICK SHOOTERS|169|1675\n|player|p2|LT91BB uomo bomba|hilbert|1665\n|teamsize|p1|6\n|teamsize|p2|6\n|gen|8\n|tier|[Gen 8] OU\n|rated|\n|rule|Sleep Clause Mod: Limit one foe put to sleep\n|rule|Species Clause: Limit one of each Pok\u00e9mon\n|rule|OHKO Clause: OHKO moves are banned\n|rule|Evasion Moves Clause: Evasion moves are banned\n|rule|Endless Battle Clause: Forcing endless battles is banned\n|rule|HP Percentage Mod: HP is shown in percentages\n|rule|Dynamax Clause: You cannot dynamax\n|clearpoke\n|poke|p1|Tornadus-Therian, M|\n|poke|p1|Volcarona, F|\n|poke|p1|Tapu Fini|\n|poke|p1|Melmetal|\n|poke|p1|Landorus-Therian, M|\n|poke|p1|Zarude|\n|poke|p2|Pelipper, M|\n|poke|p2|Barraskewda, M|\n|poke|p2|Regieleki|\n|poke|p2|Tapu Lele|\n|poke|p2|Landorus-Therian, M|\n|poke|p2|Ferrothorn, M|\n|teampreview\n|inactive|Battle timer is ON: inactive players will automatically lose when time's up. (requested by LT91BB uomo bomba)\n|j| iwon09\n|\n|t:|1658939841\n|start\n|switch|p1a: Tornadus|Tornadus-Therian, M|100\/100\n|switch|p2a: Pelipper|Pelipper, M|100\/100\n|-weather|RainDance|[from] ability: Drizzle|[of] p2a: Pelipper\n|turn|1\n|\n|t:|1658939853\n|switch|p2a: Regieleki|Regieleki|100\/100\n|move|p1a: Tornadus|Hurricane|p2a: Regieleki\n|-resisted|p2a: Regieleki\n|-damage|p2a: Regieleki|39\/100\n|-damage|p1a: Tornadus|91\/100|[from] item: Life Orb\n|\n|-weather|RainDance|[upkeep]\n|upkeep\n|turn|2\n|\n|t:|1658939862\n|switch|p1a: Landorus|Landorus-Therian, M|100\/100\n|-ability|p1a: Landorus|Intimidate|boost\n|-unboost|p2a: Regieleki|atk|1\n|move|p2a: Regieleki|Volt Switch|p1a: Landorus\n|-immune|p1a: Landorus\n|\n|-weather|RainDance|[upkeep]\n|upkeep\n|turn|3\n|\n|t:|1658939873\n|switch|p2a: Ferrothorn|Ferrothorn, M|100\/100\n|move|p1a: Landorus|U-turn|p2a: Ferrothorn\n|-damage|p2a: Ferrothorn|84\/100\n|-damage|p1a: Landorus|88\/100|[from] ability: Iron Barbs|[of] p2a: Ferrothorn\n|\n|t:|1658939880\n|switch|p1a: Tornadus|Tornadus-Therian, M|100\/100|[from]move: U-turn\n|\n|-weather|RainDance|[upkeep]\n|-heal|p2a: Ferrothorn|90\/100|[from] item: Leftovers\n|upkeep\n|turn|4\n|\n|t:|1658939893\n|switch|p2a: Tapu Lele|Tapu Lele|100\/100\n|-fieldstart|move: Psychic Terrain|[from] ability: Psychic Surge|[of] p2a: Tapu Lele\n|move|p1a: Tornadus|Hurricane|p2a: Tapu Lele\n|-damage|p2a: Tapu Lele|29\/100\n|-damage|p1a: Tornadus|91\/100|[from] item: Life Orb\n|\n|-weather|RainDance|[upkeep]\n|upkeep\n|turn|5\n|inactive|MAVERICK SHOOTERS has 120 seconds left.\n|\n|t:|1658939948\n|switch|p1a: Zarude|Zarude|100\/100\n|move|p2a: Tapu Lele|Thunder|p1a: Zarude\n|-resisted|p1a: Zarude\n|-damage|p1a: Zarude|81\/100\n|\n|-weather|none\n|upkeep\n|turn|6\n|l| iwon09\n|inactive|MAVERICK SHOOTERS has 90 seconds left.\n|\n|t:|1658939972\n|switch|p2a: Landorus|Landorus-Therian, M|100\/100\n|-ability|p2a: Landorus|Intimidate|boost\n|-unboost|p1a: Zarude|atk|1\n|move|p1a: Zarude|U-turn|p2a: Landorus\n|-resisted|p2a: Landorus\n|-damage|p2a: Landorus|93\/100\n|inactive|MAVERICK SHOOTERS has 90 seconds left.\n|\n|t:|1658939981\n|switch|p1a: Tornadus|Tornadus-Therian, M|100\/100|[from]move: U-turn\n|\n|-heal|p2a: Landorus|99\/100|[from] item: Leftovers\n|upkeep\n|turn|7\n|inactive|MAVERICK SHOOTERS has 90 seconds left.\n|inactive|MAVERICK SHOOTERS has 60 seconds left.\n|\n|t:|1658940036\n|move|p1a: Tornadus|Hurricane|p2a: Landorus\n|-damage|p2a: Landorus|46\/100\n|-damage|p1a: Tornadus|91\/100|[from] item: Life Orb\n|move|p2a: Landorus|Stealth Rock|p1a: Tornadus\n|-sidestart|p1: MAVERICK SHOOTERS|move: Stealth Rock\n|\n|-heal|p2a: Landorus|52\/100|[from] item: Leftovers\n|upkeep\n|turn|8\n|\n|t:|1658940046\n|move|p1a: Tornadus|Hurricane|p2a: Landorus\n|-damage|p2a: Landorus|0 fnt\n|faint|p2a: Landorus\n|-damage|p1a: Tornadus|81\/100|[from] item: Life Orb\n|\n|-fieldend|move: Psychic Terrain\n|upkeep\n|\n|t:|1658940048\n|switch|p2a: Barraskewda|Barraskewda, M|100\/100\n|turn|9\n|inactive|MAVERICK SHOOTERS has 60 seconds left.\n|\n|t:|1658940061\n|switch|p1a: Tapu Fini|Tapu Fini|100\/100\n|-damage|p1a: Tapu Fini|88\/100|[from] Stealth Rock\n|-fieldstart|move: Misty Terrain|[from] ability: Misty Surge|[of] p1a: Tapu Fini\n|move|p2a: Barraskewda|Flip Turn|p1a: Tapu Fini\n|-resisted|p1a: Tapu Fini\n|-damage|p1a: Tapu Fini|68\/100\n|\n|t:|1658940063\n|switch|p2a: Pelipper|Pelipper, M|100\/100|[from]move: Flip Turn\n|-weather|RainDance|[from] ability: Drizzle|[of] p2a: Pelipper\n|\n|-weather|RainDance|[upkeep]\n|-heal|p1a: Tapu Fini|74\/100|[from] item: Leftovers\n|upkeep\n|turn|10\n|\n|t:|1658940069\n|move|p2a: Pelipper|Hurricane|p1a: Tapu Fini\n|-damage|p1a: Tapu Fini|21\/100\n|move|p1a: Tapu Fini|Moonblast|p2a: Pelipper\n|-damage|p2a: Pelipper|52\/100\n|\n|-weather|RainDance|[upkeep]\n|-heal|p1a: Tapu Fini|28\/100|[from] item: Leftovers\n|upkeep\n|turn|11\n|\n|t:|1658940078\n|move|p2a: Pelipper|Hurricane|p1a: Tapu Fini\n|-damage|p1a: Tapu Fini|0 fnt\n|faint|p1a: Tapu Fini\n|\n|-weather|RainDance|[upkeep]\n|upkeep\n|\n|t:|1658940081\n|switch|p1a: Tornadus|Tornadus-Therian, M|100\/100\n|-damage|p1a: Tornadus|76\/100|[from] Stealth Rock\n|turn|12\n|\n|t:|1658940085\n|switch|p2a: Ferrothorn|Ferrothorn, M|90\/100\n|move|p1a: Tornadus|Hurricane|p2a: Ferrothorn\n|-damage|p2a: Ferrothorn|48\/100\n|-damage|p1a: Tornadus|66\/100|[from] item: Life Orb\n|\n|-weather|RainDance|[upkeep]\n|-heal|p2a: Ferrothorn|53\/100|[from] item: Leftovers\n|upkeep\n|turn|13\n|\n|t:|1658940090\n|move|p1a: Tornadus|Focus Blast|p2a: Ferrothorn|[miss]\n|-miss|p1a: Tornadus|p2a: Ferrothorn\n|move|p2a: Ferrothorn|Spikes|p1a: Tornadus\n|-sidestart|p1: MAVERICK SHOOTERS|Spikes\n|\n|-weather|none\n|-heal|p2a: Ferrothorn|59\/100|[from] item: Leftovers\n|-fieldend|Misty Terrain\n|upkeep\n|turn|14\n|\n|t:|1658940097\n|move|p1a: Tornadus|Focus Blast|p2a: Ferrothorn\n|-supereffective|p2a: Ferrothorn\n|-damage|p2a: Ferrothorn|0 fnt\n|faint|p2a: Ferrothorn\n|-damage|p1a: Tornadus|56\/100|[from] item: Life Orb\n|\n|upkeep\n|\n|t:|1658940100\n|switch|p2a: Regieleki|Regieleki|39\/100\n|turn|15\n|\n|t:|1658940106\n|switch|p2a: Pelipper|Pelipper, M|52\/100\n|-weather|RainDance|[from] ability: Drizzle|[of] p2a: Pelipper\n|switch|p1a: Landorus|Landorus-Therian, M|88\/100\n|-damage|p1a: Landorus|76\/100|[from] Stealth Rock\n|-ability|p1a: Landorus|Intimidate|boost\n|-unboost|p2a: Pelipper|atk|1\n|\n|-weather|RainDance|[upkeep]\n|-heal|p1a: Landorus|82\/100|[from] item: Leftovers\n|upkeep\n|turn|16\n|inactive|MAVERICK SHOOTERS has 120 seconds left.\n|\n|t:|1658940113\n|switch|p1a: Tornadus|Tornadus-Therian, M|89\/100\n|-damage|p1a: Tornadus|65\/100|[from] Stealth Rock\n|move|p2a: Pelipper|Hurricane|p1a: Tornadus\n|-damage|p1a: Tornadus|0 fnt\n|faint|p1a: Tornadus\n|\n|-weather|RainDance|[upkeep]\n|upkeep\n|inactive|MAVERICK SHOOTERS has 120 seconds left.\n|inactive|MAVERICK SHOOTERS has 90 seconds left.\n|\n|t:|1658940178\n|switch|p1a: Zarude|Zarude|81\/100\n|-damage|p1a: Zarude|69\/100|[from] Stealth Rock\n|-damage|p1a: Zarude|56\/100|[from] Spikes\n|turn|17\n|j| LT91BB Agency\n|inactive|MAVERICK SHOOTERS has 60 seconds left.\n|l| LT91BB Agency\n|\n|t:|1658940203\n|switch|p2a: Regieleki|Regieleki|39\/100\n|move|p1a: Zarude|Power Whip|p2a: Regieleki\n|-damage|p2a: Regieleki|0 fnt\n|faint|p2a: Regieleki\n|\n|-weather|RainDance|[upkeep]\n|upkeep\n|\n|t:|1658940210\n|switch|p2a: Barraskewda|Barraskewda, M|100\/100\n|turn|18\n|\n|t:|1658940213\n|switch|p1a: Volcarona|Volcarona, F|100\/100\n|move|p2a: Barraskewda|Flip Turn|p1a: Volcarona\n|-supereffective|p1a: Volcarona\n|-damage|p1a: Volcarona|0 fnt\n|faint|p1a: Volcarona\n|\n|t:|1658940217\n|switch|p2a: Tapu Lele|Tapu Lele|29\/100|[from]move: Flip Turn\n|-fieldstart|move: Psychic Terrain|[from] ability: Psychic Surge|[of] p2a: Tapu Lele\n|\n|-weather|RainDance|[upkeep]\n|upkeep\n|\n|t:|1658940220\n|switch|p1a: Zarude|Zarude|56\/100\n|-damage|p1a: Zarude|44\/100|[from] Stealth Rock\n|-damage|p1a: Zarude|32\/100|[from] Spikes\n|turn|19\n|\n|t:|1658940222\n|move|p1a: Zarude|Darkest Lariat|p2a: Tapu Lele\n|-damage|p2a: Tapu Lele|0 fnt\n|faint|p2a: Tapu Lele\n|\n|-weather|none\n|upkeep\n|\n|t:|1658940224\n|switch|p2a: Pelipper|Pelipper, M|52\/100\n|-weather|RainDance|[from] ability: Drizzle|[of] p2a: Pelipper\n|turn|20\n|\n|t:|1658940227\n|move|p1a: Zarude|Darkest Lariat|p2a: Pelipper\n|-damage|p2a: Pelipper|0 fnt\n|faint|p2a: Pelipper\n|\n|-weather|RainDance|[upkeep]\n|upkeep\n|\n|t:|1658940229\n|switch|p2a: Barraskewda|Barraskewda, M|100\/100\n|turn|21\n|\n|t:|1658940230\n|move|p2a: Barraskewda|Liquidation|p1a: Zarude\n|-resisted|p1a: Zarude\n|-damage|p1a: Zarude|0 fnt\n|faint|p1a: Zarude\n|\n|-weather|RainDance|[upkeep]\n|upkeep\n|j| Ran Kob\n|\n|t:|1658940233\n|switch|p1a: Landorus|Landorus-Therian, M|82\/100\n|-damage|p1a: Landorus|70\/100|[from] Stealth Rock\n|-ability|p1a: Landorus|Intimidate|boost\n|-unboost|p2a: Barraskewda|atk|1\n|turn|22\n|\n|t:|1658940235\n|move|p2a: Barraskewda|Liquidation|p1a: Landorus\n|-supereffective|p1a: Landorus\n|-damage|p1a: Landorus|0 fnt\n|faint|p1a: Landorus\n|\n|-weather|RainDance|[upkeep]\n|-fieldend|move: Psychic Terrain\n|upkeep\n|\n|t:|1658940238\n|switch|p1a: Melmetal|Melmetal|100\/100\n|-damage|p1a: Melmetal|94\/100|[from] Stealth Rock\n|-damage|p1a: Melmetal|82\/100|[from] Spikes\n|turn|23\n|\n|t:|1658940240\n|move|p2a: Barraskewda|Liquidation|p1a: Melmetal\n|-damage|p1a: Melmetal|40\/100\n|move|p1a: Melmetal|Thunder Punch|p2a: Barraskewda\n|-supereffective|p2a: Barraskewda\n|-damage|p2a: Barraskewda|0 fnt\n|faint|p2a: Barraskewda\n|\n|win|MAVERICK SHOOTERS\n|raw|MAVERICK SHOOTERS's rating: 1675 &rarr; <strong>1694<\/strong><br \/>(+19 for winning)\n|raw|LT91BB uomo bomba's rating: 1665 &rarr; <strong>1646<\/strong><br \/>(-19 for losing)\n|l|\u2606LT91BB uomo bomba\n|c|\u2606MAVERICK SHOOTERS|gg\n||Ladder isn't responding, score probably updated but might not have (Request timeout).\n","uploadtime":1658940251,"views":72,"p1id":"maverickshooters","p2id":"lt91bbuomobomba","formatid":"gen8ou","rating":1646,"private":0,"password":null}