{"id":"gen8ou-1627873236","p1":"dracaufeu shiny","p2":"Alexanderrijo12","format":"gen8ou","log":"|j|\u2606dracaufeu shiny\n|j|\u2606Alexanderrijo12\n|t:|1659108465\n|gametype|singles\n|player|p1|dracaufeu shiny|red|1501\n|player|p2|Alexanderrijo12|101|1519\n|teamsize|p1|6\n|teamsize|p2|6\n|gen|8\n|tier|[Gen 8] OU\n|rated|\n|rule|Sleep Clause Mod: Limit one foe put to sleep\n|rule|Species Clause: Limit one of each Pok\u00e9mon\n|rule|OHKO Clause: OHKO moves are banned\n|rule|Evasion Moves Clause: Evasion moves are banned\n|rule|Endless Battle Clause: Forcing endless battles is banned\n|rule|HP Percentage Mod: HP is shown in percentages\n|rule|Dynamax Clause: You cannot dynamax\n|clearpoke\n|poke|p1|Charizard, M|\n|poke|p1|Latios, M|\n|poke|p1|Azelf|\n|poke|p1|Blacephalon|\n|poke|p1|Regieleki|\n|poke|p1|Dragapult, M|\n|poke|p2|Dragapult, F|\n|poke|p2|Toxapex, M|\n|poke|p2|Kartana|\n|poke|p2|Zapdos|\n|poke|p2|Porygon2|\n|poke|p2|Terrakion|\n|teampreview\n|\n|t:|1659108482\n|start\n|switch|p1a: Azelf|Azelf|100\/100\n|switch|p2a: Dragapult|Dragapult, F, shiny|100\/100\n|turn|1\n|\n|t:|1659108489\n|move|p2a: Dragapult|Dragon Darts|p1a: Azelf\n|-damage|p1a: Azelf|50\/100\n|-anim|p2a: Dragapult|Dragon Darts|p1a: Azelf\n|-damage|p1a: Azelf|4\/100\n|-damage|p2a: Dragapult|91\/100|[from] item: Life Orb\n|move|p1a: Azelf|Stealth Rock|p2a: Dragapult\n|-sidestart|p2: Alexanderrijo12|move: Stealth Rock\n|\n|upkeep\n|turn|2\n|\n|t:|1659108497\n|move|p2a: Dragapult|Dragon Darts|p1a: Azelf\n|-damage|p1a: Azelf|0 fnt\n|faint|p1a: Azelf\n|-damage|p2a: Dragapult|81\/100|[from] item: Life Orb\n|\n|upkeep\n|\n|t:|1659108500\n|switch|p1a: Regieleki|Regieleki|100\/100\n|turn|3\n|\n|t:|1659108512\n|move|p1a: Regieleki|Reflect|p1a: Regieleki\n|-sidestart|p1: dracaufeu shiny|Reflect\n|move|p2a: Dragapult|Dragon Darts|p1a: Regieleki\n|-damage|p1a: Regieleki|39\/100\n|-anim|p2a: Dragapult|Dragon Darts|p1a: Regieleki\n|-damage|p1a: Regieleki|0 fnt\n|faint|p1a: Regieleki\n|-damage|p2a: Dragapult|71\/100|[from] item: Life Orb\n|\n|upkeep\n|\n|t:|1659108520\n|switch|p1a: Charizard|Charizard, M, shiny|100\/100\n|turn|4\n|\n|t:|1659108524\n|move|p2a: Dragapult|Thunderbolt|p1a: Charizard\n|-supereffective|p1a: Charizard\n|-damage|p1a: Charizard|27\/100\n|-enditem|p1a: Charizard|Sitrus Berry|[eat]\n|-heal|p1a: Charizard|52\/100|[from] item: Sitrus Berry\n|-damage|p2a: Dragapult|61\/100|[from] item: Life Orb\n|move|p1a: Charizard|Flame Charge|p2a: Dragapult\n|-resisted|p2a: Dragapult\n|-crit|p2a: Dragapult\n|-damage|p2a: Dragapult|39\/100\n|-boost|p1a: Charizard|spe|1\n|\n|upkeep\n|turn|5\n|\n|t:|1659108536\n|switch|p2a: Zapdos|Zapdos, shiny|100\/100\n|move|p1a: Charizard|Earthquake|p2a: Zapdos\n|-immune|p2a: Zapdos\n|\n|upkeep\n|turn|6\n|\n|t:|1659108542\n|move|p1a: Charizard|Earthquake|p2a: Zapdos\n|-immune|p2a: Zapdos\n|move|p2a: Zapdos|Volt Switch|p1a: Charizard\n|-supereffective|p1a: Charizard\n|-damage|p1a: Charizard|0 fnt\n|faint|p1a: Charizard\n|\n|t:|1659108554\n|switch|p2a: Porygon2|Porygon2|100\/100|[from]move: Volt Switch\n|-damage|p2a: Porygon2|88\/100|[from] Stealth Rock\n|\n|upkeep\n|\n|t:|1659108560\n|switch|p1a: Blacephalon|Blacephalon|100\/100\n|-ability|p2a: Porygon2|Beast Boost|[from] ability: Trace|[of] p1a: Blacephalon\n|turn|7\n|\n|t:|1659108565\n|move|p1a: Blacephalon|Substitute|p1a: Blacephalon\n|-start|p1a: Blacephalon|Substitute\n|-damage|p1a: Blacephalon|76\/100\n|move|p2a: Porygon2|Thunder Wave||[still]\n|-fail|p2a: Porygon2\n|\n|-heal|p1a: Blacephalon|82\/100|[from] item: Leftovers\n|-sideend|p1: dracaufeu shiny|Reflect\n|upkeep\n|turn|8\n|\n|t:|1659108577\n|move|p1a: Blacephalon|Calm Mind|p1a: Blacephalon\n|-boost|p1a: Blacephalon|spa|1\n|-boost|p1a: Blacephalon|spd|1\n|move|p2a: Porygon2|Teleport|p2a: Porygon2\n|\n|t:|1659108590\n|switch|p2a: Terrakion|Terrakion|100\/100|[from]move: Teleport\n|-damage|p2a: Terrakion|94\/100|[from] Stealth Rock\n|\n|-heal|p1a: Blacephalon|88\/100|[from] item: Leftovers\n|upkeep\n|turn|9\n|\n|t:|1659108597\n|move|p2a: Terrakion|Earthquake|p1a: Blacephalon\n|-supereffective|p1a: Blacephalon\n|-end|p1a: Blacephalon|Substitute\n|move|p1a: Blacephalon|Shadow Ball|p2a: Terrakion\n|-damage|p2a: Terrakion|22\/100\n|\n|-heal|p1a: Blacephalon|94\/100|[from] item: Leftovers\n|upkeep\n|turn|10\n|\n|t:|1659108605\n|switch|p2a: Dragapult|Dragapult, F, shiny|39\/100\n|-damage|p2a: Dragapult|26\/100|[from] Stealth Rock\n|switch|p1a: Latios|Latios, M|100\/100\n|\n|upkeep\n|turn|11\n|\n|t:|1659108613\n|move|p2a: Dragapult|Dragon Darts|p1a: Latios\n|-supereffective|p1a: Latios\n|-damage|p1a: Latios|34\/100\n|-anim|p2a: Dragapult|Dragon Darts|p1a: Latios\n|-supereffective|p1a: Latios\n|-damage|p1a: Latios|0 fnt\n|faint|p1a: Latios\n|-damage|p2a: Dragapult|17\/100|[from] item: Life Orb\n|\n|upkeep\n|\n|t:|1659108619\n|switch|p1a: Blacephalon|Blacephalon|94\/100\n|turn|12\n|\n|t:|1659108622\n|move|p2a: Dragapult|Dragon Darts|p1a: Blacephalon\n|-damage|p1a: Blacephalon|45\/100\n|-anim|p2a: Dragapult|Dragon Darts|p1a: Blacephalon\n|-damage|p1a: Blacephalon|0 fnt\n|faint|p1a: Blacephalon\n|-damage|p2a: Dragapult|7\/100|[from] item: Life Orb\n|\n|upkeep\n|\n|t:|1659108625\n|switch|p1a: Dragapult|Dragapult, M|100\/100\n|turn|13\n|\n|t:|1659108634\n|move|p2a: Dragapult|Sucker Punch||[still]\n|-fail|p2a: Dragapult\n|move|p1a: Dragapult|Dragon Dance|p1a: Dragapult\n|-boost|p1a: Dragapult|atk|1\n|-boost|p1a: Dragapult|spe|1\n|\n|upkeep\n|turn|14\n|\n|t:|1659108641\n|move|p1a: Dragapult|Substitute|p1a: Dragapult\n|-start|p1a: Dragapult|Substitute\n|-damage|p1a: Dragapult|76\/100\n|move|p2a: Dragapult|Dragon Darts|p1a: Dragapult\n|-supereffective|p1a: Dragapult\n|-damage|p1a: Dragapult|1\/100\n|-anim|p2a: Dragapult|Dragon Darts|p1a: Dragapult\n|-supereffective|p1a: Dragapult\n|-damage|p1a: Dragapult|0 fnt\n|faint|p1a: Dragapult\n|-damage|p2a: Dragapult|0 fnt|[from] item: Life Orb\n|faint|p2a: Dragapult\n|\n|win|Alexanderrijo12\n|raw|dracaufeu shiny's rating: 1501 &rarr; <strong>1482<\/strong><br \/>(-19 for losing)\n|raw|Alexanderrijo12's rating: 1519 &rarr; <strong>1538<\/strong><br \/>(+19 for winning)\n|l|\u2606dracaufeu shiny\n||Ladder isn't responding, score probably updated but might not have (Request timeout).\n","uploadtime":1659108653,"views":9,"p1id":"dracaufeushiny","p2id":"alexanderrijo12","formatid":"gen8ou","rating":1482,"private":0,"password":null}