{"id":"gen8ou-1695044133","p1":"Kwaga","p2":"desert97","format":"gen8ou","log":"|html|<div class=\"broadcast-blue\"><strong>[Gen 8] OU is currently suspecting Melmetal! For information on how to participate check out the <a href=\"https:\/\/www.smogon.com\/forums\/threads\/np-ss-ou-suspect-process-round-12-monster-mash.3709234\/\">suspect thread<\/a>.<\/strong><\/div>\n|j|\u2606Kwaga\n|j|\u2606desert97\n|t:|1666756757\n|gametype|singles\n|player|p1|Kwaga|brock-gen1rb|1682\n|player|p2|desert97|1|1685\n|teamsize|p1|6\n|teamsize|p2|6\n|gen|8\n|tier|[Gen 8] OU\n|rated|\n|rule|Sleep Clause Mod: Limit one foe put to sleep\n|rule|Species Clause: Limit one of each Pok\u00e9mon\n|rule|OHKO Clause: OHKO moves are banned\n|rule|Evasion Items Clause: Evasion items are banned\n|rule|Evasion Moves Clause: Evasion moves are banned\n|rule|Endless Battle Clause: Forcing endless battles is banned\n|rule|HP Percentage Mod: HP is shown in percentages\n|rule|Dynamax Clause: You cannot dynamax\n|clearpoke\n|poke|p1|Weavile, M|\n|poke|p1|Melmetal|\n|poke|p1|Kartana|\n|poke|p1|Volcanion|\n|poke|p1|Zapdos|\n|poke|p1|Landorus-Therian, M|\n|poke|p2|Victini|\n|poke|p2|Pelipper, M|\n|poke|p2|Zapdos|\n|poke|p2|Barraskewda, F|\n|poke|p2|Kommo-o, F|\n|poke|p2|Landorus-Therian, M|\n|teampreview\n|\n|t:|1666756768\n|start\n|switch|p1a: Weavile|Weavile, M|100\/100\n|switch|p2a: Victini|Victini|100\/100\n|-ability|p1a: Weavile|Pressure\n|turn|1\n|j| Spyer2k\n|\n|t:|1666756782\n|switch|p1a: Melmetal|Melmetal|100\/100\n|move|p2a: Victini|Final Gambit|p1a: Melmetal\n|-damage|p1a: Melmetal|4\/100\n|faint|p2a: Victini\n|\n|upkeep\n|\n|t:|1666756788\n|switch|p2a: Barraskewda|Barraskewda, F|100\/100\n|turn|2\n|\n|t:|1666756793\n|move|p2a: Barraskewda|Close Combat|p1a: Melmetal\n|-supereffective|p1a: Melmetal\n|-damage|p1a: Melmetal|0 fnt\n|-unboost|p2a: Barraskewda|def|1\n|-unboost|p2a: Barraskewda|spd|1\n|faint|p1a: Melmetal\n|\n|upkeep\n|\n|t:|1666756799\n|switch|p1a: Landorus|Landorus-Therian, M|100\/100\n|-ability|p1a: Landorus|Intimidate|boost\n|-unboost|p2a: Barraskewda|atk|1\n|turn|3\n|\n|t:|1666756801\n|switch|p2a: Pelipper|Pelipper, M|100\/100\n|-weather|RainDance|[from] ability: Drizzle|[of] p2a: Pelipper\n|move|p1a: Landorus|U-turn|p2a: Pelipper\n|-resisted|p2a: Pelipper\n|-damage|p2a: Pelipper|93\/100\n|\n|t:|1666756807\n|switch|p1a: Zapdos|Zapdos|100\/100|[from]move: U-turn\n|\n|-weather|RainDance|[upkeep]\n|upkeep\n|turn|4\n|\n|t:|1666756811\n|switch|p2a: Landorus|Landorus-Therian, M|100\/100\n|-ability|p2a: Landorus|Intimidate|boost\n|-unboost|p1a: Zapdos|atk|1\n|move|p1a: Zapdos|Hurricane|p2a: Landorus\n|-damage|p2a: Landorus|24\/100\n|\n|-weather|RainDance|[upkeep]\n|upkeep\n|turn|5\n|\n|t:|1666756821\n|switch|p2a: Zapdos|Zapdos|100\/100\n|move|p1a: Zapdos|Hurricane|p2a: Zapdos\n|-resisted|p2a: Zapdos\n|-damage|p2a: Zapdos|71\/100\n|\n|-weather|RainDance|[upkeep]\n|upkeep\n|turn|6\n|l| Spyer2k\n|\n|t:|1666756827\n|move|p1a: Zapdos|Volt Switch|p2a: Zapdos\n|-damage|p2a: Zapdos|31\/100\n|\n|t:|1666756829\n|switch|p1a: Volcanion|Volcanion|100\/100|[from]move: Volt Switch\n|move|p2a: Zapdos|Weather Ball|p1a: Volcanion\n|-immune|p1a: Volcanion|[from] ability: Water Absorb\n|\n|-weather|RainDance|[upkeep]\n|upkeep\n|turn|7\n|\n|t:|1666756836\n|switch|p2a: Kommo-o|Kommo-o, F|100\/100\n|move|p1a: Volcanion|Steam Eruption|p2a: Kommo-o\n|-resisted|p2a: Kommo-o\n|-damage|p2a: Kommo-o|34\/100\n|\n|-weather|RainDance|[upkeep]\n|-heal|p2a: Kommo-o|41\/100|[from] item: Leftovers\n|upkeep\n|turn|8\n|\n|t:|1666756841\n|move|p1a: Volcanion|Steam Eruption|p2a: Kommo-o\n|-resisted|p2a: Kommo-o\n|-damage|p2a: Kommo-o|0 fnt\n|faint|p2a: Kommo-o\n|\n|-weather|RainDance|[upkeep]\n|upkeep\n|\n|t:|1666756843\n|switch|p2a: Landorus|Landorus-Therian, M|24\/100\n|-ability|p2a: Landorus|Intimidate|boost\n|-unboost|p1a: Volcanion|atk|1\n|turn|9\n|\n|t:|1666756847\n|switch|p1a: Landorus|Landorus-Therian, M|100\/100\n|-ability|p1a: Landorus|Intimidate|boost\n|-unboost|p2a: Landorus|atk|1\n|move|p2a: Landorus|Earthquake|p1a: Landorus\n|-immune|p1a: Landorus\n|\n|-weather|RainDance|[upkeep]\n|upkeep\n|turn|10\n|\n|t:|1666756853\n|move|p2a: Landorus|Knock Off|p1a: Landorus\n|-damage|p1a: Landorus|73\/100\n|-enditem|p1a: Landorus|Leftovers|[from] move: Knock Off|[of] p2a: Landorus\n|move|p1a: Landorus|U-turn|p2a: Landorus\n|-resisted|p2a: Landorus\n|-damage|p2a: Landorus|12\/100\n|\n|t:|1666756855\n|switch|p1a: Weavile|Weavile, M|100\/100|[from]move: U-turn\n|-ability|p1a: Weavile|Pressure\n|\n|-weather|none\n|upkeep\n|turn|11\n|\n|t:|1666756858\n|move|p1a: Weavile|Knock Off|p2a: Landorus\n|-damage|p2a: Landorus|0 fnt\n|-enditem|p2a: Landorus|Soft Sand|[from] move: Knock Off|[of] p1a: Weavile\n|faint|p2a: Landorus\n|\n|upkeep\n|\n|t:|1666756863\n|switch|p2a: Pelipper|Pelipper, M|93\/100\n|-weather|RainDance|[from] ability: Drizzle|[of] p2a: Pelipper\n|turn|12\n|\n|t:|1666756866\n|move|p1a: Weavile|Knock Off|p2a: Pelipper\n|-damage|p2a: Pelipper|29\/100\n|-enditem|p2a: Pelipper|Damp Rock|[from] move: Knock Off|[of] p1a: Weavile\n|move|p2a: Pelipper|U-turn|p1a: Weavile\n|-supereffective|p1a: Weavile\n|-damage|p1a: Weavile|69\/100\n|\n|t:|1666756871\n|switch|p2a: Barraskewda|Barraskewda, F|100\/100|[from]move: U-turn\n|\n|-weather|RainDance|[upkeep]\n|upkeep\n|turn|13\n|\n|t:|1666756878\n|switch|p1a: Kartana|Kartana, shiny|100\/100\n|move|p2a: Barraskewda|Flip Turn|p1a: Kartana\n|-resisted|p1a: Kartana\n|-damage|p1a: Kartana|60\/100\n|\n|t:|1666756882\n|switch|p2a: Zapdos|Zapdos|31\/100|[from]move: Flip Turn\n|\n|-weather|RainDance|[upkeep]\n|upkeep\n|turn|14\n|\n|t:|1666756884\n|move|p1a: Kartana|Knock Off|p2a: Zapdos\n|-damage|p2a: Zapdos|0 fnt\n|-enditem|p2a: Zapdos|Choice Specs|[from] move: Knock Off|[of] p1a: Kartana\n|faint|p2a: Zapdos\n|-ability|p1a: Kartana|Beast Boost|boost\n|-boost|p1a: Kartana|atk|1\n|\n|-weather|RainDance|[upkeep]\n|upkeep\n|\n|t:|1666756887\n|switch|p2a: Barraskewda|Barraskewda, F|100\/100\n|turn|15\n|\n|t:|1666756897\n|switch|p1a: Landorus|Landorus-Therian, M|73\/100\n|-ability|p1a: Landorus|Intimidate|boost\n|-unboost|p2a: Barraskewda|atk|1\n|move|p2a: Barraskewda|Close Combat|p1a: Landorus\n|-resisted|p1a: Landorus\n|-damage|p1a: Landorus|52\/100\n|-unboost|p2a: Barraskewda|def|1\n|-unboost|p2a: Barraskewda|spd|1\n|\n|-weather|RainDance|[upkeep]\n|upkeep\n|turn|16\n|c|\u2606desert97|gg\n|c|\u2606Kwaga|gg\n|-message|desert97 forfeited.\n|\n|win|Kwaga\n|raw|Kwaga's rating: 1682 &rarr; <strong>1702<\/strong><br \/>(+20 for winning)\n|raw|desert97's rating: 1685 &rarr; <strong>1665<\/strong><br \/>(-20 for losing)\n|l|\u2606desert97\n","uploadtime":1666756905,"views":12,"p1id":"kwaga","p2id":"desert97","formatid":"gen8ou","rating":1665,"private":0,"password":null}