{"id":"gen8ou-1666884321","p1":"xyldaz","p2":"RggV_YT","format":"gen8ou","log":"|j|\u2606xyldaz\n|j|\u2606RggV_YT\n|t:|1663455244\n|gametype|singles\n|player|p1|xyldaz|101|1638\n|player|p2|RggV_YT|scientist-gen4|1798\n|teamsize|p1|6\n|teamsize|p2|6\n|gen|8\n|tier|[Gen 8] OU\n|rated|\n|rule|Sleep Clause Mod: Limit one foe put to sleep\n|rule|Species Clause: Limit one of each Pok\u00e9mon\n|rule|OHKO Clause: OHKO moves are banned\n|rule|Evasion Items Clause: Evasion items are banned\n|rule|Evasion Moves Clause: Evasion moves are banned\n|rule|Endless Battle Clause: Forcing endless battles is banned\n|rule|HP Percentage Mod: HP is shown in percentages\n|rule|Dynamax Clause: You cannot dynamax\n|clearpoke\n|poke|p1|Melmetal|\n|poke|p1|Magnezone|\n|poke|p1|Landorus-Therian, M|\n|poke|p1|Urshifu-*, F|\n|poke|p1|Dragonite, M|\n|poke|p1|Tapu Lele|\n|poke|p2|Politoed, M|\n|poke|p2|Heliolisk, M|\n|poke|p2|Kingdra, M|\n|poke|p2|Mudsdale, M|\n|poke|p2|Scizor, M|\n|poke|p2|Victini|\n|teampreview\n|inactive|Battle timer is ON: inactive players will automatically lose when time's up. (requested by RggV_YT)\n|\n|t:|1663455252\n|start\n|switch|p1a: Tapu Lele|Tapu Lele|100\/100\n|switch|p2a: Victini|Victini|100\/100\n|-fieldstart|move: Psychic Terrain|[from] ability: Psychic Surge|[of] p1a: Tapu Lele\n|turn|1\n|\n|t:|1663455257\n|switch|p1a: Dragonite|Dragonite, M|100\/100\n|move|p2a: Victini|V-create|p1a: Dragonite\n|-resisted|p1a: Dragonite\n|-damage|p1a: Dragonite|75\/100\n|-unboost|p2a: Victini|spe|1\n|-unboost|p2a: Victini|def|1\n|-unboost|p2a: Victini|spd|1\n|\n|upkeep\n|turn|2\n|j| Kyurem\n|\n|t:|1663455263\n|switch|p1a: Urshifu|Urshifu-Rapid-Strike, F|100\/100\n|switch|p2a: Politoed|Politoed, M|100\/100\n|-weather|RainDance|[from] ability: Drizzle|[of] p2a: Politoed\n|\n|-weather|RainDance|[upkeep]\n|upkeep\n|turn|3\n|\n|t:|1663455265\n|move|p1a: Urshifu|U-turn|p2a: Politoed\n|-damage|p2a: Politoed|81\/100\n|\n|t:|1663455270\n|switch|p1a: Magnezone|Magnezone|100\/100|[from]move: U-turn\n|move|p2a: Politoed|Counter|p1a: Magnezone\n|-damage|p1a: Magnezone|47\/100\n|\n|-weather|RainDance|[upkeep]\n|upkeep\n|turn|4\n|\n|t:|1663455273\n|switch|p2a: Mudsdale|Mudsdale, M, shiny|100\/100\n|move|p1a: Magnezone|Discharge|p2a: Mudsdale\n|-immune|p2a: Mudsdale\n|\n|-weather|RainDance|[upkeep]\n|upkeep\n|turn|5\n|\n|t:|1663455277\n|switch|p1a: Landorus|Landorus-Therian, M|100\/100\n|-ability|p1a: Landorus|Intimidate|boost\n|-unboost|p2a: Mudsdale|atk|1\n|move|p2a: Mudsdale|Stealth Rock|p1a: Landorus\n|-sidestart|p1: xyldaz|move: Stealth Rock\n|\n|-weather|RainDance|[upkeep]\n|-fieldend|move: Psychic Terrain\n|upkeep\n|turn|6\n|\n|t:|1663455287\n|switch|p2a: Kingdra|Kingdra, M|100\/100\n|move|p1a: Landorus|Stealth Rock|p2a: Kingdra\n|-sidestart|p2: RggV_YT|move: Stealth Rock\n|\n|-weather|RainDance|[upkeep]\n|upkeep\n|turn|7\n|\n|t:|1663455291\n|switch|p1a: Magnezone|Magnezone|47\/100\n|-damage|p1a: Magnezone|41\/100|[from] Stealth Rock\n|move|p2a: Kingdra|Surf|p1a: Magnezone\n|-damage|p1a: Magnezone|0 fnt\n|faint|p1a: Magnezone\n|\n|-weather|RainDance|[upkeep]\n|upkeep\n|\n|t:|1663455292\n|switch|p1a: Melmetal|Melmetal|100\/100\n|-damage|p1a: Melmetal|94\/100|[from] Stealth Rock\n|turn|8\n|\n|t:|1663455296\n|switch|p2a: Mudsdale|Mudsdale, M, shiny|100\/100\n|-damage|p2a: Mudsdale|94\/100|[from] Stealth Rock\n|move|p1a: Melmetal|Protect||[still]\n|-fail|p1a: Melmetal\n|\n|-weather|RainDance|[upkeep]\n|-heal|p1a: Melmetal|100\/100|[from] item: Leftovers\n|-heal|p2a: Mudsdale|100\/100|[from] item: Leftovers\n|upkeep\n|turn|9\n|\n|t:|1663455300\n|switch|p1a: Landorus|Landorus-Therian, M|100\/100\n|-damage|p1a: Landorus|88\/100|[from] Stealth Rock\n|-ability|p1a: Landorus|Intimidate|boost\n|-unboost|p2a: Mudsdale|atk|1\n|move|p2a: Mudsdale|Body Press|p1a: Landorus\n|-resisted|p1a: Landorus\n|-damage|p1a: Landorus|75\/100\n|\n|-weather|none\n|-heal|p1a: Landorus|81\/100|[from] item: Leftovers\n|upkeep\n|turn|10\n|\n|t:|1663455302\n|move|p1a: Landorus|Toxic|p2a: Mudsdale|[miss]\n|-miss|p1a: Landorus|p2a: Mudsdale\n|move|p2a: Mudsdale|Toxic|p1a: Landorus\n|-status|p1a: Landorus|tox\n|\n|-heal|p1a: Landorus|87\/100 tox|[from] item: Leftovers\n|-damage|p1a: Landorus|81\/100 tox|[from] psn\n|upkeep\n|turn|11\n|\n|t:|1663455305\n|switch|p2a: Scizor|Scizor, M|100\/100\n|-damage|p2a: Scizor|88\/100|[from] Stealth Rock\n|move|p1a: Landorus|U-turn|p2a: Scizor\n|-resisted|p2a: Scizor\n|-damage|p2a: Scizor|77\/100\n|\n|t:|1663455308\n|switch|p1a: Urshifu|Urshifu-Rapid-Strike, F|100\/100|[from]move: U-turn\n|-damage|p1a: Urshifu|94\/100|[from] Stealth Rock\n|\n|-heal|p2a: Scizor|84\/100|[from] item: Leftovers\n|upkeep\n|turn|12\n|\n|t:|1663455310\n|move|p1a: Urshifu|Surging Strikes|p2a: Scizor\n|-crit|p2a: Scizor\n|-damage|p2a: Scizor|65\/100\n|-crit|p2a: Scizor\n|-damage|p2a: Scizor|44\/100\n|-crit|p2a: Scizor\n|-damage|p2a: Scizor|25\/100\n|-hitcount|p2a: Scizor|3\n|move|p2a: Scizor|Roost|p2a: Scizor\n|-heal|p2a: Scizor|75\/100\n|-singleturn|p2a: Scizor|move: Roost\n|\n|-heal|p2a: Scizor|82\/100|[from] item: Leftovers\n|upkeep\n|turn|13\n|\n|t:|1663455315\n|move|p1a: Urshifu|Surging Strikes|p2a: Scizor\n|-crit|p2a: Scizor\n|-damage|p2a: Scizor|62\/100\n|-crit|p2a: Scizor\n|-damage|p2a: Scizor|43\/100\n|-crit|p2a: Scizor\n|-damage|p2a: Scizor|22\/100\n|-hitcount|p2a: Scizor|3\n|move|p2a: Scizor|Roost|p2a: Scizor\n|-heal|p2a: Scizor|72\/100\n|-singleturn|p2a: Scizor|move: Roost\n|\n|-heal|p2a: Scizor|78\/100|[from] item: Leftovers\n|upkeep\n|turn|14\n|\n|t:|1663455318\n|switch|p2a: Heliolisk|Heliolisk, M|100\/100\n|-damage|p2a: Heliolisk|88\/100|[from] Stealth Rock\n|move|p1a: Urshifu|U-turn|p2a: Heliolisk\n|-damage|p2a: Heliolisk|31\/100\n|\n|t:|1663455321\n|switch|p1a: Tapu Lele|Tapu Lele|100\/100|[from]move: U-turn\n|-damage|p1a: Tapu Lele|88\/100|[from] Stealth Rock\n|-fieldstart|move: Psychic Terrain|[from] ability: Psychic Surge|[of] p1a: Tapu Lele\n|\n|upkeep\n|turn|15\n|\n|t:|1663455348\n|switch|p2a: Victini|Victini|100\/100\n|-damage|p2a: Victini|76\/100|[from] Stealth Rock\n|move|p1a: Tapu Lele|Psychic|p2a: Victini\n|-resisted|p2a: Victini\n|-damage|p2a: Victini|44\/100\n|\n|upkeep\n|turn|16\n|\n|t:|1663455355\n|switch|p1a: Dragonite|Dragonite, M|75\/100\n|move|p2a: Victini|V-create|p1a: Dragonite\n|-resisted|p1a: Dragonite\n|-damage|p1a: Dragonite|28\/100\n|-unboost|p2a: Victini|spe|1\n|-unboost|p2a: Victini|def|1\n|-unboost|p2a: Victini|spd|1\n|\n|upkeep\n|turn|17\n|\n|t:|1663455362\n|switch|p2a: Mudsdale|Mudsdale, M, shiny|100\/100\n|-damage|p2a: Mudsdale|94\/100|[from] Stealth Rock\n|move|p1a: Dragonite|Roost|p1a: Dragonite\n|-heal|p1a: Dragonite|78\/100\n|-singleturn|p1a: Dragonite|move: Roost\n|\n|-heal|p2a: Mudsdale|100\/100|[from] item: Leftovers\n|upkeep\n|turn|18\n|\n|t:|1663455365\n|move|p1a: Dragonite|Substitute|p1a: Dragonite\n|-start|p1a: Dragonite|Substitute\n|-damage|p1a: Dragonite|53\/100\n|move|p2a: Mudsdale|Toxic||[still]\n|-fail|p2a: Mudsdale\n|\n|-fieldend|move: Psychic Terrain\n|upkeep\n|turn|19\n|\n|t:|1663455368\n|switch|p2a: Politoed|Politoed, M|81\/100\n|-damage|p2a: Politoed|68\/100|[from] Stealth Rock\n|-weather|RainDance|[from] ability: Drizzle|[of] p2a: Politoed\n|move|p1a: Dragonite|Roost|p1a: Dragonite\n|-heal|p1a: Dragonite|100\/100\n|-singleturn|p1a: Dragonite|move: Roost\n|\n|-weather|RainDance|[upkeep]\n|upkeep\n|turn|20\n|\n|t:|1663455370\n|move|p1a: Dragonite|Dragon Dance|p1a: Dragonite\n|-boost|p1a: Dragonite|atk|1\n|-boost|p1a: Dragonite|spe|1\n|move|p2a: Politoed|Encore|p1a: Dragonite\n|-start|p1a: Dragonite|Encore\n|\n|-weather|RainDance|[upkeep]\n|upkeep\n|turn|21\n|\n|t:|1663455376\n|switch|p2a: Heliolisk|Heliolisk, M|31\/100\n|-damage|p2a: Heliolisk|19\/100|[from] Stealth Rock\n|move|p1a: Dragonite|Dragon Dance|p1a: Dragonite\n|-boost|p1a: Dragonite|atk|1\n|-boost|p1a: Dragonite|spe|1\n|\n|-weather|RainDance|[upkeep]\n|-heal|p2a: Heliolisk|31\/100|[from] ability: Dry Skin\n|upkeep\n|turn|22\n|\n|t:|1663455378\n|move|p1a: Dragonite|Dragon Dance|p1a: Dragonite\n|-boost|p1a: Dragonite|atk|1\n|-boost|p1a: Dragonite|spe|1\n|move|p2a: Heliolisk|Volt Switch|p1a: Dragonite\n|-activate|p1a: Dragonite|move: Substitute|[damage]\n|-damage|p2a: Heliolisk|22\/100|[from] item: Life Orb\n|\n|t:|1663455379\n|switch|p2a: Kingdra|Kingdra, M|100\/100|[from]move: Volt Switch\n|-damage|p2a: Kingdra|88\/100|[from] Stealth Rock\n|\n|-weather|RainDance|[upkeep]\n|upkeep\n|turn|23\n|\n|t:|1663455382\n|move|p1a: Dragonite|Dragon Dance|p1a: Dragonite\n|-boost|p1a: Dragonite|atk|1\n|-boost|p1a: Dragonite|spe|1\n|move|p2a: Kingdra|Ice Beam|p1a: Dragonite\n|-supereffective|p1a: Dragonite\n|-crit|p1a: Dragonite\n|-end|p1a: Dragonite|Substitute\n|\n|-weather|RainDance|[upkeep]\n|-end|p1a: Dragonite|Encore\n|upkeep\n|turn|24\n|\n|t:|1663455387\n|switch|p2a: Mudsdale|Mudsdale, M, shiny|100\/100\n|-damage|p2a: Mudsdale|94\/100|[from] Stealth Rock\n|move|p1a: Dragonite|Dual Wingbeat|p2a: Mudsdale\n|-damage|p2a: Mudsdale|56\/100\n|-ability|p2a: Mudsdale|Stamina|boost\n|-boost|p2a: Mudsdale|def|1\n|-damage|p2a: Mudsdale|29\/100\n|-ability|p2a: Mudsdale|Stamina|boost\n|-boost|p2a: Mudsdale|def|1\n|-hitcount|p2a: Mudsdale|2\n|\n|-weather|RainDance|[upkeep]\n|-heal|p2a: Mudsdale|35\/100|[from] item: Leftovers\n|upkeep\n|turn|25\n|\n|t:|1663455391\n|move|p1a: Dragonite|Substitute|p1a: Dragonite\n|-start|p1a: Dragonite|Substitute\n|-damage|p1a: Dragonite|76\/100\n|move|p2a: Mudsdale|Body Press|p1a: Dragonite\n|-resisted|p1a: Dragonite\n|-crit|p1a: Dragonite\n|-end|p1a: Dragonite|Substitute\n|\n|-weather|RainDance|[upkeep]\n|-heal|p2a: Mudsdale|41\/100|[from] item: Leftovers\n|upkeep\n|turn|26\n|\n|t:|1663455394\n|move|p1a: Dragonite|Substitute|p1a: Dragonite\n|-start|p1a: Dragonite|Substitute\n|-damage|p1a: Dragonite|51\/100\n|move|p2a: Mudsdale|Body Press|p1a: Dragonite\n|-resisted|p1a: Dragonite\n|-activate|p1a: Dragonite|move: Substitute|[damage]\n|\n|-weather|none\n|-heal|p2a: Mudsdale|48\/100|[from] item: Leftovers\n|upkeep\n|turn|27\n|\n|t:|1663455396\n|move|p1a: Dragonite|Roost|p1a: Dragonite\n|-heal|p1a: Dragonite|100\/100\n|-singleturn|p1a: Dragonite|move: Roost\n|move|p2a: Mudsdale|Body Press|p1a: Dragonite\n|-end|p1a: Dragonite|Substitute\n|\n|-heal|p2a: Mudsdale|54\/100|[from] item: Leftovers\n|upkeep\n|turn|28\n|\n|t:|1663455400\n|move|p1a: Dragonite|Substitute|p1a: Dragonite\n|-start|p1a: Dragonite|Substitute\n|-damage|p1a: Dragonite|76\/100\n|move|p2a: Mudsdale|Body Press|p1a: Dragonite\n|-resisted|p1a: Dragonite\n|-activate|p1a: Dragonite|move: Substitute|[damage]\n|\n|-heal|p2a: Mudsdale|60\/100|[from] item: Leftovers\n|upkeep\n|turn|29\n|\n|t:|1663455404\n|move|p1a: Dragonite|Dual Wingbeat|p2a: Mudsdale\n|-damage|p2a: Mudsdale|42\/100\n|-ability|p2a: Mudsdale|Stamina|boost\n|-boost|p2a: Mudsdale|def|1\n|-damage|p2a: Mudsdale|26\/100\n|-ability|p2a: Mudsdale|Stamina|boost\n|-boost|p2a: Mudsdale|def|1\n|-hitcount|p2a: Mudsdale|2\n|move|p2a: Mudsdale|Body Press|p1a: Dragonite\n|-resisted|p1a: Dragonite\n|-end|p1a: Dragonite|Substitute\n|\n|-heal|p2a: Mudsdale|32\/100|[from] item: Leftovers\n|upkeep\n|turn|30\n|\n|t:|1663455409\n|move|p1a: Dragonite|Substitute|p1a: Dragonite\n|-start|p1a: Dragonite|Substitute\n|-damage|p1a: Dragonite|51\/100\n|move|p2a: Mudsdale|Body Press|p1a: Dragonite\n|-resisted|p1a: Dragonite\n|-end|p1a: Dragonite|Substitute\n|\n|-heal|p2a: Mudsdale|39\/100|[from] item: Leftovers\n|upkeep\n|turn|31\n|\n|t:|1663455411\n|move|p1a: Dragonite|Roost|p1a: Dragonite\n|-heal|p1a: Dragonite|100\/100\n|-singleturn|p1a: Dragonite|move: Roost\n|move|p2a: Mudsdale|Body Press|p1a: Dragonite\n|-damage|p1a: Dragonite|69\/100\n|\n|-heal|p2a: Mudsdale|45\/100|[from] item: Leftovers\n|upkeep\n|turn|32\n|\n|t:|1663455414\n|move|p1a: Dragonite|Substitute|p1a: Dragonite\n|-start|p1a: Dragonite|Substitute\n|-damage|p1a: Dragonite|44\/100\n|move|p2a: Mudsdale|Body Press|p1a: Dragonite\n|-resisted|p1a: Dragonite\n|-end|p1a: Dragonite|Substitute\n|\n|-heal|p2a: Mudsdale|51\/100|[from] item: Leftovers\n|upkeep\n|turn|33\n|\n|t:|1663455421\n|switch|p1a: Tapu Lele|Tapu Lele|88\/100\n|-damage|p1a: Tapu Lele|76\/100|[from] Stealth Rock\n|-fieldstart|move: Psychic Terrain|[from] ability: Psychic Surge|[of] p1a: Tapu Lele\n|move|p2a: Mudsdale|Body Press|p1a: Tapu Lele\n|-resisted|p1a: Tapu Lele\n|-damage|p1a: Tapu Lele|45\/100\n|\n|-heal|p2a: Mudsdale|57\/100|[from] item: Leftovers\n|upkeep\n|turn|34\n|\n|t:|1663455425\n|switch|p2a: Heliolisk|Heliolisk, M|22\/100\n|-damage|p2a: Heliolisk|9\/100|[from] Stealth Rock\n|move|p1a: Tapu Lele|Psychic|p2a: Heliolisk\n|-damage|p2a: Heliolisk|0 fnt\n|faint|p2a: Heliolisk\n|\n|upkeep\n|\n|t:|1663455426\n|switch|p2a: Scizor|Scizor, M|78\/100\n|-damage|p2a: Scizor|65\/100|[from] Stealth Rock\n|turn|35\n|\n|t:|1663455430\n|move|p1a: Tapu Lele|Psychic|p2a: Scizor\n|-resisted|p2a: Scizor\n|-damage|p2a: Scizor|23\/100\n|move|p2a: Scizor|Defog|p1a: Tapu Lele\n|-unboost|p1a: Tapu Lele|evasion|1\n|-sideend|p1: xyldaz|Stealth Rock|[from] move: Defog|[of] p2a: Scizor\n|-sideend|p2: RggV_YT|Stealth Rock|[from] move: Defog|[of] p2a: Scizor\n|-fieldend|move: Psychic Terrain\n|\n|-heal|p2a: Scizor|29\/100|[from] item: Leftovers\n|upkeep\n|turn|36\n|\n|t:|1663455435\n|switch|p1a: Urshifu|Urshifu-Rapid-Strike, F|94\/100\n|switch|p2a: Politoed|Politoed, M|68\/100\n|-weather|RainDance|[from] ability: Drizzle|[of] p2a: Politoed\n|\n|-weather|RainDance|[upkeep]\n|upkeep\n|turn|37\n|\n|t:|1663455438\n|move|p1a: Urshifu|Surging Strikes|p2a: Politoed\n|-resisted|p2a: Politoed\n|-crit|p2a: Politoed\n|-damage|p2a: Politoed|58\/100\n|-resisted|p2a: Politoed\n|-crit|p2a: Politoed\n|-damage|p2a: Politoed|46\/100\n|-resisted|p2a: Politoed\n|-crit|p2a: Politoed\n|-damage|p2a: Politoed|35\/100\n|-hitcount|p2a: Politoed|3\n|move|p2a: Politoed|Counter|p1a: Urshifu\n|-damage|p1a: Urshifu|70\/100\n|\n|-weather|RainDance|[upkeep]\n|upkeep\n|turn|38\n|\n|t:|1663455441\n|switch|p1a: Dragonite|Dragonite, M|44\/100\n|switch|p2a: Scizor|Scizor, M|29\/100\n|\n|-weather|RainDance|[upkeep]\n|-heal|p2a: Scizor|35\/100|[from] item: Leftovers\n|upkeep\n|turn|39\n|\n|t:|1663455446\n|move|p2a: Scizor|Bullet Punch|p1a: Dragonite\n|-damage|p1a: Dragonite|15\/100\n|move|p1a: Dragonite|Roost|p1a: Dragonite\n|-heal|p1a: Dragonite|65\/100\n|-singleturn|p1a: Dragonite|move: Roost\n|\n|-weather|RainDance|[upkeep]\n|-heal|p2a: Scizor|41\/100|[from] item: Leftovers\n|upkeep\n|turn|40\n|\n|t:|1663455448\n|move|p1a: Dragonite|Roost|p1a: Dragonite\n|-heal|p1a: Dragonite|100\/100\n|-singleturn|p1a: Dragonite|move: Roost\n|move|p2a: Scizor|Knock Off|p1a: Dragonite\n|-damage|p1a: Dragonite|84\/100\n|-enditem|p1a: Dragonite|Heavy-Duty Boots|[from] move: Knock Off|[of] p2a: Scizor\n|\n|-weather|RainDance|[upkeep]\n|-heal|p2a: Scizor|47\/100|[from] item: Leftovers\n|upkeep\n|turn|41\n|\n|t:|1663455452\n|switch|p2a: Kingdra|Kingdra, M|88\/100\n|move|p1a: Dragonite|Substitute|p1a: Dragonite\n|-start|p1a: Dragonite|Substitute\n|-damage|p1a: Dragonite|59\/100\n|\n|-weather|RainDance|[upkeep]\n|upkeep\n|turn|42\n|\n|t:|1663455455\n|move|p2a: Kingdra|Ice Beam|p1a: Dragonite\n|-supereffective|p1a: Dragonite\n|-end|p1a: Dragonite|Substitute\n|move|p1a: Dragonite|Roost|p1a: Dragonite\n|-heal|p1a: Dragonite|100\/100\n|-singleturn|p1a: Dragonite|move: Roost\n|\n|-weather|RainDance|[upkeep]\n|upkeep\n|turn|43\n|\n|t:|1663455458\n|switch|p1a: Melmetal|Melmetal|100\/100\n|move|p2a: Kingdra|Ice Beam|p1a: Melmetal\n|-resisted|p1a: Melmetal\n|-damage|p1a: Melmetal|85\/100\n|\n|-weather|none\n|-heal|p1a: Melmetal|91\/100|[from] item: Leftovers\n|upkeep\n|turn|44\n|\n|t:|1663455463\n|switch|p2a: Victini|Victini|44\/100\n|move|p1a: Melmetal|Double Iron Bash|p2a: Victini\n|-resisted|p2a: Victini\n|-damage|p2a: Victini|25\/100\n|-resisted|p2a: Victini\n|-damage|p2a: Victini|6\/100\n|-hitcount|p2a: Victini|2\n|\n|-heal|p1a: Melmetal|98\/100|[from] item: Leftovers\n|upkeep\n|turn|45\n|\n|t:|1663455466\n|move|p1a: Melmetal|Protect|p1a: Melmetal\n|-singleturn|p1a: Melmetal|Protect\n|move|p2a: Victini|V-create|p1a: Melmetal\n|-activate|p1a: Melmetal|move: Protect\n|\n|-heal|p1a: Melmetal|100\/100|[from] item: Leftovers\n|upkeep\n|turn|46\n|\n|t:|1663455468\n|switch|p1a: Dragonite|Dragonite, M|100\/100\n|move|p2a: Victini|V-create|p1a: Dragonite\n|-resisted|p1a: Dragonite\n|-damage|p1a: Dragonite|74\/100\n|-unboost|p2a: Victini|spe|1\n|-unboost|p2a: Victini|def|1\n|-unboost|p2a: Victini|spd|1\n|\n|upkeep\n|turn|47\n|\n|t:|1663455472\n|switch|p2a: Politoed|Politoed, M|35\/100\n|-weather|RainDance|[from] ability: Drizzle|[of] p2a: Politoed\n|move|p1a: Dragonite|Roost|p1a: Dragonite\n|-heal|p1a: Dragonite|100\/100\n|-singleturn|p1a: Dragonite|move: Roost\n|\n|-weather|RainDance|[upkeep]\n|upkeep\n|turn|48\n|\n|t:|1663455476\n|move|p1a: Dragonite|Dragon Dance|p1a: Dragonite\n|-boost|p1a: Dragonite|atk|1\n|-boost|p1a: Dragonite|spe|1\n|move|p2a: Politoed|Encore|p1a: Dragonite\n|-start|p1a: Dragonite|Encore\n|\n|-weather|RainDance|[upkeep]\n|upkeep\n|turn|49\n|\n|t:|1663455481\n|switch|p2a: Kingdra|Kingdra, M|88\/100\n|move|p1a: Dragonite|Dragon Dance|p1a: Dragonite\n|-boost|p1a: Dragonite|atk|1\n|-boost|p1a: Dragonite|spe|1\n|\n|-weather|RainDance|[upkeep]\n|upkeep\n|turn|50\n|\n|t:|1663455487\n|move|p2a: Kingdra|Ice Beam|p1a: Dragonite\n|-supereffective|p1a: Dragonite\n|-damage|p1a: Dragonite|25\/100\n|move|p1a: Dragonite|Dragon Dance|p1a: Dragonite\n|-boost|p1a: Dragonite|atk|1\n|-boost|p1a: Dragonite|spe|1\n|\n|-weather|RainDance|[upkeep]\n|upkeep\n|turn|51\n|\n|t:|1663455490\n|switch|p1a: Melmetal|Melmetal|100\/100\n|move|p2a: Kingdra|Ice Beam|p1a: Melmetal\n|-resisted|p1a: Melmetal\n|-damage|p1a: Melmetal|84\/100\n|\n|-weather|RainDance|[upkeep]\n|-heal|p1a: Melmetal|90\/100|[from] item: Leftovers\n|upkeep\n|turn|52\n|\n|t:|1663455493\n|switch|p2a: Mudsdale|Mudsdale, M, shiny|57\/100\n|move|p1a: Melmetal|Double Iron Bash|p2a: Mudsdale\n|-damage|p2a: Mudsdale|30\/100\n|-ability|p2a: Mudsdale|Stamina|boost\n|-boost|p2a: Mudsdale|def|1\n|-damage|p2a: Mudsdale|12\/100\n|-ability|p2a: Mudsdale|Stamina|boost\n|-boost|p2a: Mudsdale|def|1\n|-hitcount|p2a: Mudsdale|2\n|\n|-weather|RainDance|[upkeep]\n|-heal|p1a: Melmetal|96\/100|[from] item: Leftovers\n|-heal|p2a: Mudsdale|18\/100|[from] item: Leftovers\n|upkeep\n|turn|53\n|\n|t:|1663455498\n|move|p1a: Melmetal|Toxic|p2a: Mudsdale\n|-status|p2a: Mudsdale|tox\n|move|p2a: Mudsdale|Stealth Rock|p1a: Melmetal\n|-sidestart|p1: xyldaz|move: Stealth Rock\n|\n|-weather|RainDance|[upkeep]\n|-heal|p1a: Melmetal|100\/100|[from] item: Leftovers\n|-heal|p2a: Mudsdale|25\/100 tox|[from] item: Leftovers\n|-damage|p2a: Mudsdale|18\/100 tox|[from] psn\n|upkeep\n|turn|54\n|\n|t:|1663455501\n|switch|p1a: Landorus|Landorus-Therian, M|81\/100 tox\n|-damage|p1a: Landorus|69\/100 tox|[from] Stealth Rock\n|-ability|p1a: Landorus|Intimidate|boost\n|-unboost|p2a: Mudsdale|atk|1\n|move|p2a: Mudsdale|Body Press|p1a: Landorus\n|-resisted|p1a: Landorus\n|-damage|p1a: Landorus|43\/100 tox\n|\n|-weather|none\n|-heal|p1a: Landorus|49\/100 tox|[from] item: Leftovers\n|-heal|p2a: Mudsdale|25\/100 tox|[from] item: Leftovers\n|-damage|p1a: Landorus|43\/100 tox|[from] psn\n|-damage|p2a: Mudsdale|12\/100 tox|[from] psn\n|upkeep\n|turn|55\n|\n|t:|1663455504\n|switch|p2a: Victini|Victini|6\/100\n|move|p1a: Landorus|Stealth Rock|p2a: Victini\n|-sidestart|p2: RggV_YT|move: Stealth Rock\n|\n|-heal|p1a: Landorus|49\/100 tox|[from] item: Leftovers\n|-damage|p1a: Landorus|37\/100 tox|[from] psn\n|upkeep\n|turn|56\n|\n|t:|1663455508\n|move|p2a: Victini|V-create|p1a: Landorus\n|-damage|p1a: Landorus|0 fnt\n|-unboost|p2a: Victini|spe|1\n|-unboost|p2a: Victini|def|1\n|-unboost|p2a: Victini|spd|1\n|faint|p1a: Landorus\n|\n|upkeep\n|\n|t:|1663455509\n|switch|p1a: Urshifu|Urshifu-Rapid-Strike, F|70\/100\n|-damage|p1a: Urshifu|64\/100|[from] Stealth Rock\n|turn|57\n|\n|t:|1663455516\n|move|p1a: Urshifu|Aqua Jet|p2a: Victini\n|-supereffective|p2a: Victini\n|-damage|p2a: Victini|0 fnt\n|faint|p2a: Victini\n|\n|upkeep\n|\n|t:|1663455517\n|switch|p2a: Politoed|Politoed, M|35\/100\n|-damage|p2a: Politoed|23\/100|[from] Stealth Rock\n|-weather|RainDance|[from] ability: Drizzle|[of] p2a: Politoed\n|turn|58\n|\n|t:|1663455518\n|switch|p2a: Mudsdale|Mudsdale, M, shiny|12\/100 tox\n|-damage|p2a: Mudsdale|6\/100 tox|[from] Stealth Rock\n|move|p1a: Urshifu|Surging Strikes|p2a: Mudsdale\n|-supereffective|p2a: Mudsdale\n|-crit|p2a: Mudsdale\n|-damage|p2a: Mudsdale|0 fnt\n|faint|p2a: Mudsdale\n|-hitcount|p2: Mudsdale|1\n|\n|-weather|RainDance|[upkeep]\n|upkeep\n|\n|t:|1663455520\n|switch|p2a: Kingdra|Kingdra, M|88\/100\n|-damage|p2a: Kingdra|76\/100|[from] Stealth Rock\n|turn|59\n|inactive|RggV_YT has 120 seconds left.\n|\n|t:|1663455556\n|switch|p1a: Dragonite|Dragonite, M|25\/100\n|-damage|p1a: Dragonite|0 fnt|[from] Stealth Rock\n|faint|p1a: Dragonite\n|move|p2a: Kingdra|Surf|p1: Dragonite|[notarget]\n|-fail|p2a: Kingdra\n|\n|-weather|RainDance|[upkeep]\n|upkeep\n|\n|t:|1663455560\n|switch|p1a: Melmetal|Melmetal|100\/100\n|-damage|p1a: Melmetal|94\/100|[from] Stealth Rock\n|turn|60\n|\n|t:|1663455562\n|move|p2a: Kingdra|Surf|p1a: Melmetal\n|-damage|p1a: Melmetal|16\/100\n|move|p1a: Melmetal|Toxic|p2a: Kingdra\n|-status|p2a: Kingdra|tox\n|\n|-weather|RainDance|[upkeep]\n|-heal|p1a: Melmetal|22\/100|[from] item: Leftovers\n|-damage|p2a: Kingdra|70\/100 tox|[from] psn\n|upkeep\n|turn|61\n|\n|t:|1663455564\n|move|p1a: Melmetal|Protect|p1a: Melmetal\n|-singleturn|p1a: Melmetal|Protect\n|move|p2a: Kingdra|Surf|p1a: Melmetal\n|-activate|p1a: Melmetal|move: Protect\n|\n|-weather|RainDance|[upkeep]\n|-heal|p1a: Melmetal|28\/100|[from] item: Leftovers\n|-damage|p2a: Kingdra|57\/100 tox|[from] psn\n|upkeep\n|turn|62\n|\n|t:|1663455571\n|move|p1a: Melmetal|Protect||[still]\n|-fail|p1a: Melmetal\n|move|p2a: Kingdra|Surf|p1a: Melmetal\n|-damage|p1a: Melmetal|0 fnt\n|faint|p1a: Melmetal\n|\n|-weather|RainDance|[upkeep]\n|-damage|p2a: Kingdra|39\/100 tox|[from] psn\n|upkeep\n|\n|t:|1663455576\n|switch|p1a: Tapu Lele|Tapu Lele|45\/100\n|-damage|p1a: Tapu Lele|33\/100|[from] Stealth Rock\n|-fieldstart|move: Psychic Terrain|[from] ability: Psychic Surge|[of] p1a: Tapu Lele\n|turn|63\n|\n|t:|1663455579\n|move|p2a: Kingdra|Surf|p1a: Tapu Lele\n|-damage|p1a: Tapu Lele|0 fnt\n|faint|p1a: Tapu Lele\n|\n|-weather|RainDance|[upkeep]\n|-damage|p2a: Kingdra|14\/100 tox|[from] psn\n|upkeep\n|\n|t:|1663455581\n|switch|p1a: Urshifu|Urshifu-Rapid-Strike, F|64\/100\n|-damage|p1a: Urshifu|57\/100|[from] Stealth Rock\n|turn|64\n|\n|t:|1663455582\n|move|p1a: Urshifu|Aqua Jet|p2a: Kingdra\n|-activate|p2a: Kingdra|move: Psychic Terrain\n|move|p2a: Kingdra|Surf|p1a: Urshifu\n|-resisted|p1a: Urshifu\n|-damage|p1a: Urshifu|0 fnt\n|faint|p1a: Urshifu\n|\n|win|RggV_YT\n|raw|xyldaz's rating: 1638 &rarr; <strong>1627<\/strong><br \/>(-11 for losing)\n|raw|RggV_YT's rating: 1798 &rarr; <strong>1809<\/strong><br \/>(+11 for winning)\n|l|\u2606RggV_YT\n|l|\u2606xyldaz\n","uploadtime":1663455597,"views":45,"p1id":"xyldaz","p2id":"rggvyt","formatid":"gen8ou","rating":1627,"private":0,"password":null}