{"id":"gen8nationaldex-1589359936","p1":"testlab12","p2":"SirFresh","format":"gen8nationaldex","log":"|j|\u2606testlab12\n|j|\u2606SirFresh\n|t:|1654380215\n|gametype|singles\n|player|p1|testlab12|ghetsis|\n|player|p2|SirFresh|palmer|\n|teamsize|p1|6\n|teamsize|p2|6\n|gen|8\n|tier|[Gen 8] National Dex\n|rule|HP Percentage Mod: HP is shown in percentages\n|rule|Endless Battle Clause: Forcing endless battles is banned\n|rule|OHKO Clause: OHKO moves are banned\n|rule|Evasion Moves Clause: Evasion moves are banned\n|rule|Species Clause: Limit one of each Pok\u00e9mon\n|rule|Dynamax Clause: You cannot dynamax\n|rule|Sleep Clause Mod: Limit one foe put to sleep\n|clearpoke\n|poke|p1|Medicham, M|\n|poke|p1|Latios, M|\n|poke|p1|Breloom, F|\n|poke|p1|Crawdaunt, F|\n|poke|p1|Salamence, M|\n|poke|p1|Shedinja|\n|poke|p2|Sceptile, M|\n|poke|p2|Blaziken, M|\n|poke|p2|Swampert, M|\n|poke|p2|Gardevoir, F|\n|poke|p2|Metagross|\n|poke|p2|Milotic, F|\n|teampreview\n|\n|t:|1654380229\n|start\n|switch|p1a: Medicham|Medicham, M|100\/100\n|switch|p2a: Sceptile|Sceptile, M|100\/100\n|turn|1\n|\n|t:|1654380252\n|switch|p2a: Swampert|Swampert, M|100\/100\n|detailschange|p1a: Medicham|Medicham-Mega, M\n|-mega|p1a: Medicham|Medicham|Medichamite\n|move|p1a: Medicham|Fake Out|p2a: Swampert\n|-damage|p2a: Swampert|78\/100\n|\n|-heal|p2a: Swampert|84\/100|[from] item: Leftovers\n|upkeep\n|turn|2\n|\n|t:|1654380260\n|switch|p1a: Salamence|Salamence, M|100\/100\n|-ability|p1a: Salamence|Intimidate|boost\n|-unboost|p2a: Swampert|atk|1\n|move|p2a: Swampert|Protect||[still]\n|-fail|p2a: Swampert\n|\n|-heal|p2a: Swampert|90\/100|[from] item: Leftovers\n|upkeep\n|turn|3\n|\n|t:|1654380268\n|move|p1a: Salamence|Hurricane|p2a: Swampert\n|-damage|p2a: Swampert|54\/100\n|move|p2a: Swampert|Toxic|p1a: Salamence|[miss]\n|-miss|p2a: Swampert|p1a: Salamence\n|\n|-heal|p2a: Swampert|60\/100|[from] item: Leftovers\n|upkeep\n|turn|4\n|\n|t:|1654380278\n|move|p2a: Swampert|Protect|p2a: Swampert\n|-singleturn|p2a: Swampert|Protect\n|move|p1a: Salamence|Draco Meteor|p2a: Swampert\n|-activate|p2a: Swampert|move: Protect\n|\n|-heal|p2a: Swampert|66\/100|[from] item: Leftovers\n|upkeep\n|turn|5\n|\n|t:|1654380283\n|move|p1a: Salamence|Draco Meteor|p2a: Swampert\n|-damage|p2a: Swampert|29\/100\n|-unboost|p1a: Salamence|spa|2\n|move|p2a: Swampert|Ice Punch|p1a: Salamence\n|-supereffective|p1a: Salamence\n|-crit|p1a: Salamence\n|-damage|p1a: Salamence|0 fnt\n|faint|p1a: Salamence\n|\n|-heal|p2a: Swampert|35\/100|[from] item: Leftovers\n|upkeep\n|\n|t:|1654380295\n|switch|p1a: Medicham|Medicham-Mega, M|100\/100\n|turn|6\n|\n|t:|1654380307\n|move|p1a: Medicham|Zen Headbutt|p2a: Swampert|[miss]\n|-miss|p1a: Medicham|p2a: Swampert\n|move|p2a: Swampert|Stealth Rock|p1a: Medicham\n|-sidestart|p1: testlab12|move: Stealth Rock\n|\n|-heal|p2a: Swampert|41\/100|[from] item: Leftovers\n|upkeep\n|turn|7\n|\n|t:|1654380315\n|move|p2a: Swampert|Protect|p2a: Swampert\n|-singleturn|p2a: Swampert|Protect\n|move|p1a: Medicham|High Jump Kick|p2a: Swampert\n|-activate|p2a: Swampert|move: Protect\n|-damage|p1a: Medicham|51\/100|[from] highjumpkick\n|\n|-heal|p2a: Swampert|48\/100|[from] item: Leftovers\n|upkeep\n|turn|8\n|\n|t:|1654380331\n|move|p1a: Medicham|High Jump Kick|p2a: Swampert|[miss]\n|-miss|p1a: Medicham|p2a: Swampert\n|-damage|p1a: Medicham|1\/100|[from] highjumpkick\n|move|p2a: Swampert|Ice Punch|p1a: Medicham\n|-damage|p1a: Medicham|0 fnt\n|faint|p1a: Medicham\n|\n|-heal|p2a: Swampert|54\/100|[from] item: Leftovers\n|upkeep\n|\n|t:|1654380337\n|switch|p1a: Breloom|Breloom, F|100\/100\n|-damage|p1a: Breloom|94\/100|[from] Stealth Rock\n|turn|9\n|\n|t:|1654380341\n|switch|p2a: Sceptile|Sceptile, M|100\/100\n|move|p1a: Breloom|Bullet Seed|p2a: Sceptile\n|-resisted|p2a: Sceptile\n|-damage|p2a: Sceptile|86\/100\n|-resisted|p2a: Sceptile\n|-damage|p2a: Sceptile|71\/100\n|-resisted|p2a: Sceptile\n|-damage|p2a: Sceptile|55\/100\n|-resisted|p2a: Sceptile\n|-damage|p2a: Sceptile|38\/100\n|-hitcount|p2a: Sceptile|4\n|\n|upkeep\n|turn|10\n|\n|t:|1654380351\n|move|p1a: Breloom|Mach Punch|p2a: Sceptile\n|-damage|p2a: Sceptile|0 fnt\n|faint|p2a: Sceptile\n|\n|upkeep\n|\n|t:|1654380356\n|switch|p2a: Gardevoir|Gardevoir, F|100\/100\n|-ability|p2a: Gardevoir|Technician|[from] ability: Trace|[of] p1a: Breloom\n|turn|11\n|\n|t:|1654380359\n|switch|p1a: Shedinja|Shedinja|100\/100\n|detailschange|p2a: Gardevoir|Gardevoir-Mega, F\n|-mega|p2a: Gardevoir|Gardevoir|Gardevoirite\n|move|p2a: Gardevoir|Hyper Voice|p1a: Shedinja\n|-immune|p1a: Shedinja|[from] ability: Wonder Guard\n|\n|upkeep\n|turn|12\n|\n|t:|1654380367\n|move|p2a: Gardevoir|Mystical Fire|p1a: Shedinja\n|-supereffective|p1a: Shedinja\n|-damage|p1a: Shedinja|0 fnt\n|faint|p1a: Shedinja\n|\n|upkeep\n|\n|t:|1654380374\n|switch|p1a: Latios|Latios, M|100\/100\n|-damage|p1a: Latios|88\/100|[from] Stealth Rock\n|turn|13\n|\n|t:|1654380381\n|move|p1a: Latios|Ice Beam|p2a: Gardevoir\n|-damage|p2a: Gardevoir|72\/100\n|move|p2a: Gardevoir|Hyper Voice|p1a: Latios\n|-supereffective|p1a: Latios\n|-damage|p1a: Latios|0 fnt\n|faint|p1a: Latios\n|\n|upkeep\n|\n|t:|1654380384\n|switch|p1a: Crawdaunt|Crawdaunt, F|100\/100\n|-damage|p1a: Crawdaunt|88\/100|[from] Stealth Rock\n|turn|14\n|\n|t:|1654380389\n|switch|p2a: Swampert|Swampert, M|54\/100\n|move|p1a: Crawdaunt|Aqua Jet|p2a: Swampert\n|-damage|p2a: Swampert|11\/100\n|\n|-heal|p2a: Swampert|17\/100|[from] item: Leftovers\n|upkeep\n|turn|15\n|\n|t:|1654380394\n|move|p1a: Crawdaunt|Aqua Jet|p2a: Swampert\n|-damage|p2a: Swampert|0 fnt\n|faint|p2a: Swampert\n|\n|upkeep\n|\n|t:|1654380398\n|switch|p2a: Milotic|Milotic, F|100\/100\n|turn|16\n|\n|t:|1654380404\n|switch|p1a: Breloom|Breloom, F|94\/100\n|-damage|p1a: Breloom|88\/100|[from] Stealth Rock\n|move|p2a: Milotic|Ice Beam|p1a: Breloom\n|-supereffective|p1a: Breloom\n|-damage|p1a: Breloom|10\/100\n|\n|-status|p2a: Milotic|brn|[from] item: Flame Orb\n|upkeep\n|turn|17\n|\n|t:|1654380414\n|move|p1a: Breloom|Bullet Seed|p2a: Milotic\n|-supereffective|p2a: Milotic\n|-damage|p2a: Milotic|81\/100 brn\n|-supereffective|p2a: Milotic\n|-damage|p2a: Milotic|60\/100 brn\n|-hitcount|p2a: Milotic|2\n|move|p2a: Milotic|Ice Beam|p1a: Breloom\n|-supereffective|p1a: Breloom\n|-damage|p1a: Breloom|0 fnt\n|faint|p1a: Breloom\n|\n|-damage|p2a: Milotic|54\/100 brn|[from] brn\n|upkeep\n|\n|t:|1654380420\n|switch|p1a: Crawdaunt|Crawdaunt, F|88\/100\n|-damage|p1a: Crawdaunt|76\/100|[from] Stealth Rock\n|turn|18\n|c|\u2606testlab12|gg\n|\n|t:|1654380427\n|move|p1a: Crawdaunt|Knock Off|p2a: Milotic\n|-damage|p2a: Milotic|4\/100 brn\n|-enditem|p2a: Milotic|Flame Orb|[from] move: Knock Off|[of] p1a: Crawdaunt\n|move|p2a: Milotic|Ice Beam|p1a: Crawdaunt\n|-resisted|p1a: Crawdaunt\n|-damage|p1a: Crawdaunt|54\/100\n|\n|-damage|p2a: Milotic|0 fnt|[from] brn\n|faint|p2a: Milotic\n|upkeep\n|\n|t:|1654380430\n|switch|p2a: Gardevoir|Gardevoir-Mega, F|72\/100\n|turn|19\n|\n|t:|1654380434\n|move|p2a: Gardevoir|Hyper Voice|p1a: Crawdaunt\n|-supereffective|p1a: Crawdaunt\n|-damage|p1a: Crawdaunt|0 fnt\n|faint|p1a: Crawdaunt\n|\n|win|SirFresh\n|l|\u2606SirFresh\n","uploadtime":1654380442,"views":8,"p1id":"testlab12","p2id":"sirfresh","formatid":"gen8nationaldex","rating":0,"private":0,"password":null}