{"id":"gen8ou-1577379464","p1":"Hardcore20","p2":"Jamario Mariomario","format":"gen8ou","log":"|j|\u2606Hardcore20\n|j|\u2606Jamario Mariomario\n|t:|1652865751\n|gametype|singles\n|player|p1|Hardcore20|ghetsis|1556\n|player|p2|Jamario Mariomario|bugcatcher|1558\n|teamsize|p1|6\n|teamsize|p2|6\n|gen|8\n|tier|[Gen 8] OU\n|rated|\n|rule|Sleep Clause Mod: Limit one foe put to sleep\n|rule|Species Clause: Limit one of each Pok\u00e9mon\n|rule|OHKO Clause: OHKO moves are banned\n|rule|Evasion Moves Clause: Evasion moves are banned\n|rule|Endless Battle Clause: Forcing endless battles is banned\n|rule|HP Percentage Mod: HP is shown in percentages\n|rule|Dynamax Clause: You cannot dynamax\n|clearpoke\n|poke|p1|Crawdaunt, F|\n|poke|p1|Landorus-Therian, M|\n|poke|p1|Zapdos|\n|poke|p1|Slowbro, F|\n|poke|p1|Blacephalon|\n|poke|p1|Shedinja|\n|poke|p2|Mew|\n|poke|p2|Zapdos|\n|poke|p2|Blissey, F|\n|poke|p2|Tapu Fini|\n|poke|p2|Garchomp, M|\n|poke|p2|Weavile, F|\n|teampreview\n|inactive|Battle timer is ON: inactive players will automatically lose when time's up. (requested by Jamario Mariomario)\n|\n|t:|1652865760\n|start\n|switch|p1a: Pince-sans-rire|Crawdaunt, F, shiny|100\/100\n|switch|p2a: Weavile|Weavile, F|100\/100\n|-ability|p2a: Weavile|Pressure\n|turn|1\n|\n|t:|1652865769\n|move|p2a: Weavile|Low Kick|p1a: Pince-sans-rire\n|-supereffective|p1a: Pince-sans-rire\n|-damage|p1a: Pince-sans-rire|22\/100\n|-damage|p2a: Weavile|91\/100|[from] item: Life Orb\n|move|p1a: Pince-sans-rire|Swords Dance|p1a: Pince-sans-rire\n|-boost|p1a: Pince-sans-rire|atk|2\n|\n|upkeep\n|turn|2\n|\n|t:|1652865785\n|switch|p2a: Tapu Fini|Tapu Fini|100\/100\n|-fieldstart|move: Misty Terrain|[from] ability: Misty Surge|[of] p2a: Tapu Fini\n|move|p1a: Pince-sans-rire|Aqua Jet|p2a: Tapu Fini\n|-resisted|p2a: Tapu Fini\n|-damage|p2a: Tapu Fini|70\/100\n|-damage|p1a: Pince-sans-rire|12\/100|[from] item: Life Orb\n|\n|-heal|p2a: Tapu Fini|76\/100|[from] item: Leftovers\n|upkeep\n|turn|3\n|\n|t:|1652865790\n|switch|p1a: Zapdos|Zapdos|100\/100\n|move|p2a: Tapu Fini|Draining Kiss|p1a: Zapdos\n|-damage|p1a: Zapdos|83\/100\n|-heal|p2a: Tapu Fini|91\/100|[from] drain|[of] p1a: Zapdos\n|\n|-heal|p2a: Tapu Fini|97\/100|[from] item: Leftovers\n|upkeep\n|turn|4\n|\n|t:|1652865797\n|switch|p2a: Garchomp|Garchomp, M|100\/100\n|move|p1a: Zapdos|U-turn|p2a: Garchomp\n|-damage|p2a: Garchomp|90\/100\n|-damage|p1a: Zapdos|71\/100|[from] ability: Rough Skin|[of] p2a: Garchomp\n|\n|t:|1652865805\n|switch|p1a: Landorus|Landorus-Therian, M|100\/100|[from]move: U-turn\n|-ability|p1a: Landorus|Intimidate|boost\n|-unboost|p2a: Garchomp|atk|1\n|\n|-heal|p2a: Garchomp|97\/100|[from] item: Leftovers\n|upkeep\n|turn|5\n|\n|t:|1652865811\n|move|p2a: Garchomp|Toxic|p1a: Landorus\n|-status|p1a: Landorus|tox\n|move|p1a: Landorus|Stealth Rock|p2a: Garchomp\n|-sidestart|p2: Jamario Mariomario|move: Stealth Rock\n|\n|-heal|p2a: Garchomp|100\/100|[from] item: Leftovers\n|-damage|p1a: Landorus|94\/100 tox|[from] psn\n|upkeep\n|turn|6\n|\n|t:|1652865815\n|move|p2a: Garchomp|Protect|p2a: Garchomp\n|-singleturn|p2a: Garchomp|Protect\n|move|p1a: Landorus|Earthquake|p2a: Garchomp\n|-activate|p2a: Garchomp|move: Protect\n|\n|-heal|p1a: Landorus|100\/100 tox|[from] item: Leftovers\n|-damage|p1a: Landorus|88\/100 tox|[from] psn\n|-fieldend|Misty Terrain\n|upkeep\n|turn|7\n|\n|t:|1652865819\n|move|p2a: Garchomp|Stealth Rock|p1a: Landorus\n|-sidestart|p1: Hardcore20|move: Stealth Rock\n|move|p1a: Landorus|Toxic|p2a: Garchomp\n|-status|p2a: Garchomp|tox\n|\n|-heal|p1a: Landorus|94\/100 tox|[from] item: Leftovers\n|-damage|p2a: Garchomp|94\/100 tox|[from] psn\n|-damage|p1a: Landorus|76\/100 tox|[from] psn\n|upkeep\n|turn|8\n|\n|t:|1652865827\n|switch|p1a: Slowbro|Slowbro, F|100\/100\n|-damage|p1a: Slowbro|88\/100|[from] Stealth Rock\n|move|p2a: Garchomp|Protect||[still]\n|-fail|p2a: Garchomp\n|\n|-heal|p2a: Garchomp|100\/100 tox|[from] item: Leftovers\n|-heal|p1a: Slowbro|94\/100|[from] item: Leftovers\n|-damage|p2a: Garchomp|88\/100 tox|[from] psn\n|upkeep\n|turn|9\n|\n|t:|1652865838\n|switch|p1a: Landorus|Landorus-Therian, M|76\/100 tox\n|-damage|p1a: Landorus|64\/100 tox|[from] Stealth Rock\n|-ability|p1a: Landorus|Intimidate|boost\n|-unboost|p2a: Garchomp|atk|1\n|move|p2a: Garchomp|Toxic|p1a: Landorus|[miss]\n|-miss|p2a: Garchomp|p1a: Landorus\n|\n|-heal|p2a: Garchomp|94\/100 tox|[from] item: Leftovers\n|-heal|p1a: Landorus|70\/100 tox|[from] item: Leftovers\n|-damage|p2a: Garchomp|76\/100 tox|[from] psn\n|-damage|p1a: Landorus|64\/100 tox|[from] psn\n|upkeep\n|turn|10\n|\n|t:|1652865846\n|switch|p2a: Tapu Fini|Tapu Fini|97\/100\n|-damage|p2a: Tapu Fini|85\/100|[from] Stealth Rock\n|-fieldstart|move: Misty Terrain|[from] ability: Misty Surge|[of] p2a: Tapu Fini\n|move|p1a: Landorus|Earthquake|p2a: Tapu Fini\n|-damage|p2a: Tapu Fini|44\/100\n|\n|-heal|p1a: Landorus|70\/100 tox|[from] item: Leftovers\n|-heal|p2a: Tapu Fini|50\/100|[from] item: Leftovers\n|-damage|p1a: Landorus|58\/100 tox|[from] psn\n|upkeep\n|turn|11\n|\n|t:|1652865851\n|move|p1a: Landorus|Earthquake|p2a: Tapu Fini\n|-crit|p2a: Tapu Fini\n|-damage|p2a: Tapu Fini|0 fnt\n|faint|p2a: Tapu Fini\n|\n|-heal|p1a: Landorus|64\/100 tox|[from] item: Leftovers\n|-damage|p1a: Landorus|46\/100 tox|[from] psn\n|upkeep\n|\n|t:|1652865867\n|switch|p2a: Blissey|Blissey, F|100\/100\n|turn|12\n|\n|t:|1652865872\n|move|p1a: Landorus|Earthquake|p2a: Blissey\n|-damage|p2a: Blissey|62\/100\n|move|p2a: Blissey|Seismic Toss|p1a: Landorus\n|-damage|p1a: Landorus|16\/100 tox\n|\n|-heal|p1a: Landorus|22\/100 tox|[from] item: Leftovers\n|-damage|p1a: Landorus|0 fnt|[from] psn\n|faint|p1a: Landorus\n|upkeep\n|\n|t:|1652865884\n|switch|p1a: Zapdos|Zapdos|71\/100\n|turn|13\n|\n|t:|1652865890\n|move|p1a: Zapdos|Defog|p2a: Blissey\n|-unboost|p2a: Blissey|evasion|1\n|-sideend|p2: Jamario Mariomario|Stealth Rock|[from] move: Defog|[of] p1a: Zapdos\n|-sideend|p1: Hardcore20|Stealth Rock|[from] move: Defog|[of] p1a: Zapdos\n|-fieldend|Misty Terrain\n|move|p2a: Blissey|Toxic|p1a: Zapdos\n|-status|p1a: Zapdos|tox\n|\n|-damage|p1a: Zapdos|64\/100 tox|[from] psn\n|upkeep\n|turn|14\n|\n|t:|1652865896\n|move|p1a: Zapdos|U-turn|p2a: Blissey\n|-damage|p2a: Blissey|50\/100\n|\n|t:|1652865902\n|switch|p1a: Slowbro|Slowbro, F|100\/100|[from]move: U-turn\n|move|p2a: Blissey|Teleport|p2a: Blissey\n|\n|t:|1652865907\n|switch|p2a: Mew|Mew|100\/100|[from]move: Teleport\n|\n|upkeep\n|turn|15\n|\n|t:|1652865912\n|move|p2a: Mew|Imprison|p2a: Mew\n|-start|p2a: Mew|move: Imprison\n|move|p1a: Slowbro|Teleport|p1a: Slowbro\n|\n|t:|1652865923\n|switch|p1a: Blacephalon|Blacephalon|100\/100|[from]move: Teleport\n|\n|upkeep\n|turn|16\n|\n|t:|1652865929\n|move|p1a: Blacephalon|Shadow Ball|p2a: Mew\n|-supereffective|p2a: Mew\n|-damage|p2a: Mew|46\/100\n|move|p2a: Mew|Transform|p1a: Blacephalon\n|-transform|p2a: Mew|p1a: Blacephalon\n|\n|upkeep\n|turn|17\n|\n|t:|1652865945\n|switch|p1a: Shedinja|Shedinja|100\/100\n|move|p2a: Mew|Shadow Ball|p1a: Shedinja\n|-supereffective|p1a: Shedinja\n|-enditem|p1a: Shedinja|Focus Sash\n|-damage|p1a: Shedinja|100\/100\n|\n|upkeep\n|turn|18\n|\n|t:|1652865958\n|switch|p2a: Blissey|Blissey, F|50\/100\n|move|p1a: Shedinja|Shadow Sneak|p2a: Blissey\n|-immune|p2a: Blissey\n|\n|upkeep\n|turn|19\n|\n|t:|1652865963\n|move|p1a: Shedinja|X-Scissor|p2a: Blissey\n|-damage|p2a: Blissey|23\/100\n|move|p2a: Blissey|Toxic|p1a: Shedinja\n|-status|p1a: Shedinja|tox\n|\n|-damage|p1a: Shedinja|0 fnt|[from] psn\n|faint|p1a: Shedinja\n|upkeep\n|\n|t:|1652865971\n|switch|p1a: Pince-sans-rire|Crawdaunt, F, shiny|12\/100\n|turn|20\n|\n|t:|1652865987\n|switch|p2a: Mew|Mew|46\/100\n|move|p1a: Pince-sans-rire|Crabhammer|p2a: Mew\n|-damage|p2a: Mew|0 fnt\n|faint|p2a: Mew\n|-damage|p1a: Pince-sans-rire|2\/100|[from] item: Life Orb\n|\n|upkeep\n|\n|t:|1652865991\n|switch|p2a: Weavile|Weavile, F|91\/100\n|-ability|p2a: Weavile|Pressure\n|turn|21\n|\n|t:|1652865995\n|switch|p2a: Garchomp|Garchomp, M|76\/100 tox\n|move|p1a: Pince-sans-rire|Aqua Jet|p2a: Garchomp\n|-damage|p2a: Garchomp|46\/100 tox\n|-damage|p1a: Pince-sans-rire|0 fnt|[from] ability: Rough Skin|[of] p2a: Garchomp\n|faint|p1a: Pince-sans-rire\n|\n|-heal|p2a: Garchomp|52\/100 tox|[from] item: Leftovers\n|-damage|p2a: Garchomp|46\/100 tox|[from] psn\n|upkeep\n|\n|t:|1652866000\n|switch|p1a: Blacephalon|Blacephalon|100\/100\n|turn|22\n|\n|t:|1652866004\n|move|p2a: Garchomp|Protect|p2a: Garchomp\n|-singleturn|p2a: Garchomp|Protect\n|move|p1a: Blacephalon|Shadow Ball|p2a: Garchomp\n|-activate|p2a: Garchomp|move: Protect\n|\n|-heal|p2a: Garchomp|52\/100 tox|[from] item: Leftovers\n|-damage|p2a: Garchomp|40\/100 tox|[from] psn\n|upkeep\n|turn|23\n|\n|t:|1652866008\n|switch|p2a: Blissey|Blissey, F|23\/100\n|move|p1a: Blacephalon|Shadow Ball|p2a: Blissey\n|-immune|p2a: Blissey\n|\n|upkeep\n|turn|24\n|\n|t:|1652866013\n|switch|p1a: Slowbro|Slowbro, F|100\/100\n|move|p2a: Blissey|Soft-Boiled|p2a: Blissey\n|-heal|p2a: Blissey|73\/100\n|\n|upkeep\n|turn|25\n|\n|t:|1652866019\n|switch|p1a: Zapdos|Zapdos|64\/100 tox\n|move|p2a: Blissey|Soft-Boiled|p2a: Blissey\n|-heal|p2a: Blissey|100\/100\n|\n|-damage|p1a: Zapdos|58\/100 tox|[from] psn\n|upkeep\n|turn|26\n|\n|t:|1652866024\n|move|p1a: Zapdos|Roost|p1a: Zapdos\n|-heal|p1a: Zapdos|100\/100 tox\n|-singleturn|p1a: Zapdos|move: Roost\n|move|p2a: Blissey|Toxic|p1a: Zapdos\n|-fail|p1a: Zapdos|tox\n|\n|-damage|p1a: Zapdos|88\/100 tox|[from] psn\n|upkeep\n|turn|27\n|\n|t:|1652866030\n|move|p1a: Zapdos|U-turn|p2a: Blissey\n|-damage|p2a: Blissey|88\/100\n|\n|t:|1652866033\n|switch|p1a: Slowbro|Slowbro, F|100\/100|[from]move: U-turn\n|move|p2a: Blissey|Toxic|p1a: Slowbro\n|-status|p1a: Slowbro|tox\n|\n|-damage|p1a: Slowbro|94\/100 tox|[from] psn\n|upkeep\n|turn|28\n|\n|t:|1652866042\n|move|p2a: Blissey|Seismic Toss|p1a: Slowbro\n|-damage|p1a: Slowbro|68\/100 tox\n|move|p1a: Slowbro|Teleport|p1a: Slowbro\n|\n|t:|1652866045\n|switch|p1a: Blacephalon|Blacephalon|100\/100|[from]move: Teleport\n|\n|upkeep\n|turn|29\n|\n|t:|1652866049\n|switch|p2a: Garchomp|Garchomp, M|40\/100 tox\n|move|p1a: Blacephalon|Trick|p2a: Garchomp\n|-activate|p1a: Blacephalon|move: Trick|[of] p2a: Garchomp\n|-item|p2a: Garchomp|Choice Scarf|[from] move: Trick\n|-item|p1a: Blacephalon|Leftovers|[from] move: Trick\n|\n|-damage|p2a: Garchomp|34\/100 tox|[from] psn\n|upkeep\n|turn|30\n|\n|t:|1652866057\n|switch|p1a: Slowbro|Slowbro, F|100\/100 tox\n|move|p2a: Garchomp|Stealth Rock|p1a: Slowbro\n|-sidestart|p1: Hardcore20|move: Stealth Rock\n|\n|-damage|p2a: Garchomp|21\/100 tox|[from] psn\n|-damage|p1a: Slowbro|94\/100 tox|[from] psn\n|upkeep\n|turn|31\n|\n|t:|1652866063\n|switch|p2a: Zapdos|Zapdos|100\/100\n|switch|p1a: Zapdos|Zapdos|88\/100 tox\n|\n|-damage|p1a: Zapdos|82\/100 tox|[from] psn\n|upkeep\n|turn|32\n|\n|t:|1652866066\n|move|p1a: Zapdos|Defog|p2a: Zapdos\n|-unboost|p2a: Zapdos|evasion|1\n|-sideend|p1: Hardcore20|Stealth Rock|[from] move: Defog|[of] p1a: Zapdos\n|move|p2a: Zapdos|Volt Switch|p1a: Zapdos\n|-damage|p1a: Zapdos|59\/100 tox\n|\n|t:|1652866068\n|switch|p2a: Weavile|Weavile, F|91\/100|[from]move: Volt Switch\n|-ability|p2a: Weavile|Pressure\n|\n|-damage|p1a: Zapdos|46\/100 tox|[from] psn\n|upkeep\n|turn|33\n|j| wuminKenken\n|\n|t:|1652866081\n|move|p2a: Weavile|Knock Off|p1a: Zapdos\n|-damage|p1a: Zapdos|0 fnt\n|-enditem|p1a: Zapdos|Heavy-Duty Boots|[from] move: Knock Off|[of] p2a: Weavile\n|faint|p1a: Zapdos\n|-damage|p2a: Weavile|81\/100|[from] item: Life Orb\n|\n|upkeep\n|\n|t:|1652866084\n|switch|p1a: Blacephalon|Blacephalon|100\/100\n|turn|34\n|\n|t:|1652866089\n|move|p2a: Weavile|Knock Off|p1a: Blacephalon\n|-supereffective|p1a: Blacephalon\n|-damage|p1a: Blacephalon|0 fnt\n|-enditem|p1a: Blacephalon|Leftovers|[from] move: Knock Off|[of] p2a: Weavile\n|faint|p1a: Blacephalon\n|-damage|p2a: Weavile|71\/100|[from] item: Life Orb\n|\n|upkeep\n|-message|Hardcore20 forfeited.\n|\n|win|Jamario Mariomario\n|raw|Hardcore20's rating: 1556 &rarr; <strong>1536<\/strong><br \/>(-20 for losing)\n|raw|Jamario Mariomario's rating: 1558 &rarr; <strong>1578<\/strong><br \/>(+20 for winning)\n|l|\u2606Hardcore20\n|l|\u2606Jamario Mariomario\n","uploadtime":1652866099,"views":8,"p1id":"hardcore20","p2id":"jamariomariomario","formatid":"gen8ou","rating":1536,"private":0,"password":null}