{"id":"gen8randombattle-1517431770","p1":"Johhny Bravo 2.0","p2":"Arcangel666","format":"gen8randombattle","log":"|j|\u2606Johhny Bravo 2.0\n|j|\u2606Arcangel666\n|t:|1645653484\n|gametype|singles\n|player|p1|Johhny Bravo 2.0|2|1951\n|player|p2|Arcangel666|grimsley|1874\n|teamsize|p1|6\n|teamsize|p2|6\n|gen|8\n|tier|[Gen 8] Random Battle\n|rated|\n|rule|Species Clause: Limit one of each Pok\u00e9mon\n|rule|HP Percentage Mod: HP is shown in percentages\n|rule|Sleep Clause Mod: Limit one foe put to sleep\n|\n|t:|1645653484\n|start\n|switch|p1a: Klefki|Klefki, L82, F|228\/228\n|switch|p2a: Dugtrio|Dugtrio-Alola, L82, M|192\/192\n|turn|1\n|\n|t:|1645653502\n|move|p1a: Klefki|Magnet Rise|p1a: Klefki\n|-start|p1a: Klefki|Magnet Rise\n|move|p2a: Dugtrio|Earthquake|p1a: Klefki\n|-immune|p1a: Klefki\n|\n|upkeep\n|turn|2\n|\n|t:|1645653506\n|move|p1a: Klefki|Spikes|p2a: Dugtrio\n|-sidestart|p2: Arcangel666|Spikes\n|move|p2a: Dugtrio|Stealth Rock|p1a: Klefki\n|-sidestart|p1: Johhny Bravo 2.0|move: Stealth Rock\n|\n|upkeep\n|turn|3\n|\n|t:|1645653512\n|move|p1a: Klefki|Spikes|p2a: Dugtrio\n|-sidestart|p2: Arcangel666|Spikes\n|move|p2a: Dugtrio|Iron Head|p1a: Klefki\n|-damage|p1a: Klefki|150\/228\n|\n|upkeep\n|turn|4\n|\n|t:|1645653516\n|move|p1a: Klefki|Spikes|p2a: Dugtrio\n|-sidestart|p2: Arcangel666|Spikes\n|move|p2a: Dugtrio|Iron Head|p1a: Klefki\n|-damage|p1a: Klefki|60\/228\n|\n|upkeep\n|turn|5\n|\n|t:|1645653534\n|switch|p1a: Pincurchin|Pincurchin, L88, F|228\/228\n|-damage|p1a: Pincurchin|200\/228|[from] Stealth Rock\n|-fieldstart|move: Electric Terrain|[from] ability: Electric Surge|[of] p1a: Pincurchin\n|move|p2a: Dugtrio|Iron Head|p1a: Pincurchin\n|-resisted|p1a: Pincurchin\n|-damage|p1a: Pincurchin|167\/228\n|\n|upkeep\n|turn|6\n|\n|t:|1645653541\n|switch|p1a: Tornadus|Tornadus, L80, M|258\/258\n|move|p2a: Dugtrio|Earthquake|p1a: Tornadus\n|-immune|p1a: Tornadus\n|\n|upkeep\n|turn|7\n|\n|t:|1645653543\n|move|p2a: Dugtrio|Stone Edge|p1a: Tornadus\n|-supereffective|p1a: Tornadus\n|-damage|p1a: Tornadus|90\/258\n|move|p1a: Tornadus|Heat Wave|p2a: Dugtrio\n|-supereffective|p2a: Dugtrio\n|-enditem|p2a: Dugtrio|Focus Sash\n|-damage|p2a: Dugtrio|1\/192\n|\n|upkeep\n|turn|8\n|\n|t:|1645653549\n|move|p2a: Dugtrio|Stone Edge|p1a: Tornadus\n|-supereffective|p1a: Tornadus\n|-damage|p1a: Tornadus|0 fnt\n|faint|p1a: Tornadus\n|\n|upkeep\n|\n|t:|1645653560\n|switch|p1a: Cresselia|Cresselia, L80, F|323\/323\n|-damage|p1a: Cresselia|283\/323|[from] Stealth Rock\n|turn|9\n|\n|t:|1645653568\n|move|p2a: Dugtrio|Iron Head|p1a: Cresselia\n|-damage|p1a: Cresselia|208\/323\n|move|p1a: Cresselia|Psyshock|p2a: Dugtrio\n|-resisted|p2a: Dugtrio\n|-damage|p2a: Dugtrio|0 fnt\n|faint|p2a: Dugtrio\n|\n|-heal|p1a: Cresselia|228\/323|[from] item: Leftovers\n|-fieldend|move: Electric Terrain\n|upkeep\n|\n|t:|1645653571\n|switch|p2a: Moltres|Moltres-Galar, L75|259\/259\n|turn|10\n|\n|t:|1645653583\n|move|p1a: Cresselia|Moonblast|p2a: Moltres\n|-supereffective|p2a: Moltres\n|-damage|p2a: Moltres|175\/259\n|-unboost|p2a: Moltres|spa|1\n|move|p2a: Moltres|Nasty Plot|p2a: Moltres\n|-boost|p2a: Moltres|spa|2\n|\n|-heal|p1a: Cresselia|248\/323|[from] item: Leftovers\n|upkeep\n|turn|11\n|\n|t:|1645653599\n|move|p1a: Cresselia|Calm Mind|p1a: Cresselia\n|-boost|p1a: Cresselia|spa|1\n|-boost|p1a: Cresselia|spd|1\n|move|p2a: Moltres|Nasty Plot|p2a: Moltres\n|-boost|p2a: Moltres|spa|2\n|\n|-heal|p1a: Cresselia|268\/323|[from] item: Leftovers\n|upkeep\n|turn|12\n|\n|t:|1645653605\n|-start|p2a: Moltres|Dynamax\n|-heal|p2a: Moltres|350\/518|[silent]\n|move|p1a: Cresselia|Moonblast|p2a: Moltres\n|-supereffective|p2a: Moltres\n|-damage|p2a: Moltres|214\/518\n|-unboost|p2a: Moltres|spa|1\n|-ability|p2a: Moltres|Berserk|boost\n|-boost|p2a: Moltres|spa|1\n|move|p2a: Moltres|Max Airstream|p1a: Cresselia\n|-damage|p1a: Cresselia|120\/323\n|-boost|p2a: Moltres|spe|1\n|\n|-heal|p1a: Cresselia|140\/323|[from] item: Leftovers\n|upkeep\n|turn|13\n|\n|t:|1645653613\n|move|p2a: Moltres|Max Darkness|p1a: Cresselia\n|-supereffective|p1a: Cresselia\n|-damage|p1a: Cresselia|0 fnt\n|faint|p1a: Cresselia\n|\n|upkeep\n|\n|t:|1645653618\n|switch|p1a: Klefki|Klefki, L82, F|60\/228\n|-damage|p1a: Klefki|46\/228|[from] Stealth Rock\n|turn|14\n|\n|t:|1645653624\n|move|p2a: Moltres|Max Airstream|p1a: Klefki\n|-resisted|p1a: Klefki\n|-damage|p1a: Klefki|0 fnt\n|-boost|p2a: Moltres|spe|1\n|faint|p1a: Klefki\n|\n|-end|p2a: Moltres|Dynamax\n|-heal|p2a: Moltres|107\/259|[silent]\n|upkeep\n|\n|t:|1645653645\n|switch|p1a: Excadrill|Excadrill, L78, M|300\/300\n|-damage|p1a: Excadrill|291\/300|[from] Stealth Rock\n|-ability|p1a: Excadrill|Mold Breaker\n|turn|15\n|\n|t:|1645653649\n|-start|p1a: Excadrill|Dynamax\n|-heal|p1a: Excadrill|582\/600|[silent]\n|move|p2a: Moltres|Fiery Wrath|p1a: Excadrill\n|-damage|p1a: Excadrill|308\/600\n|move|p1a: Excadrill|Max Rockfall|p2a: Moltres\n|-supereffective|p2a: Moltres\n|-damage|p2a: Moltres|0 fnt\n|-weather|Sandstorm\n|faint|p2a: Moltres\n|-damage|p1a: Excadrill|278\/600|[from] item: Life Orb\n|\n|-weather|Sandstorm|[upkeep]\n|upkeep\n|\n|t:|1645653652\n|switch|p2a: Groudon|Groudon, L73|266\/266\n|-damage|p2a: Groudon|200\/266|[from] Spikes\n|-weather|SunnyDay|[from] ability: Drought|[of] p2a: Groudon\n|turn|16\n|\n|t:|1645653659\n|move|p1a: Excadrill|Max Steelspike|p2a: Groudon\n|-damage|p2a: Groudon|51\/266\n|-boost|p1a: Excadrill|def|1\n|-damage|p1a: Excadrill|248\/600|[from] item: Life Orb\n|move|p2a: Groudon|Precipice Blades|p1a: Excadrill\n|-supereffective|p1a: Excadrill\n|-damage|p1a: Excadrill|0 fnt\n|faint|p1a: Excadrill\n|\n|-weather|SunnyDay|[upkeep]\n|-heal|p2a: Groudon|67\/266|[from] item: Leftovers\n|upkeep\n|\n|t:|1645653663\n|switch|p1a: Inteleon|Inteleon, L80, M|243\/243\n|-damage|p1a: Inteleon|213\/243|[from] Stealth Rock\n|turn|17\n|\n|t:|1645653671\n|move|p1a: Inteleon|Surf|p2a: Groudon\n|-supereffective|p2a: Groudon\n|-damage|p2a: Groudon|0 fnt\n|faint|p2a: Groudon\n|\n|-weather|SunnyDay|[upkeep]\n|upkeep\n|\n|t:|1645653673\n|switch|p2a: Snorlax|Snorlax, L82, F|397\/397\n|-damage|p2a: Snorlax|298\/397|[from] Spikes\n|turn|18\n|\n|t:|1645653678\n|switch|p1a: Pincurchin|Pincurchin, L88, F|167\/228\n|-damage|p1a: Pincurchin|139\/228|[from] Stealth Rock\n|-fieldstart|move: Electric Terrain|[from] ability: Electric Surge|[of] p1a: Pincurchin\n|move|p2a: Snorlax|Curse|p2a: Snorlax\n|-unboost|p2a: Snorlax|spe|1\n|-boost|p2a: Snorlax|atk|1\n|-boost|p2a: Snorlax|def|1\n|\n|-weather|SunnyDay|[upkeep]\n|upkeep\n|turn|19\n|\n|t:|1645653681\n|move|p1a: Pincurchin|Rising Voltage|p2a: Snorlax\n|-damage|p2a: Snorlax|130\/397\n|move|p2a: Snorlax|Earthquake|p1a: Pincurchin\n|-supereffective|p1a: Pincurchin\n|-enditem|p1a: Pincurchin|Shuca Berry|[eat]\n|-enditem|p1a: Pincurchin|Shuca Berry|[weaken]\n|-damage|p1a: Pincurchin|32\/228\n|\n|-weather|SunnyDay|[upkeep]\n|upkeep\n|turn|20\n|\n|t:|1645653692\n|switch|p2a: Eternatus|Eternatus, L69|308\/308\n|-damage|p2a: Eternatus|231\/308|[from] Spikes\n|-ability|p2a: Eternatus|Pressure\n|move|p1a: Pincurchin|Rising Voltage|p2a: Eternatus\n|-resisted|p2a: Eternatus\n|-damage|p2a: Eternatus|114\/308\n|\n|-weather|none\n|upkeep\n|turn|21\n|\n|t:|1645653699\n|move|p2a: Eternatus|Sludge Wave|p1a: Pincurchin\n|-damage|p1a: Pincurchin|0 fnt\n|faint|p1a: Pincurchin\n|\n|upkeep\n|\n|t:|1645653701\n|switch|p1a: Inteleon|Inteleon, L80, M|213\/243\n|-damage|p1a: Inteleon|183\/243|[from] Stealth Rock\n|turn|22\n|\n|t:|1645653708\n|move|p1a: Inteleon|Focus Energy|p1a: Inteleon\n|-start|p1a: Inteleon|move: Focus Energy\n|move|p2a: Eternatus|Dynamax Cannon|p1a: Inteleon\n|-damage|p1a: Inteleon|50\/243\n|\n|-fieldend|move: Electric Terrain\n|upkeep\n|turn|23\n|\n|t:|1645653710\n|move|p1a: Inteleon|Ice Beam|p2a: Eternatus\n|-supereffective|p2a: Eternatus\n|-crit|p2a: Eternatus\n|-damage|p2a: Eternatus|0 fnt\n|faint|p2a: Eternatus\n|\n|upkeep\n|\n|t:|1645653712\n|switch|p2a: Metagross|Metagross, L79|256\/256\n|-damage|p2a: Metagross|192\/256|[from] Spikes\n|turn|24\n|\n|t:|1645653715\n|move|p1a: Inteleon|Surf|p2a: Metagross\n|-crit|p2a: Metagross\n|-damage|p2a: Metagross|0 fnt\n|faint|p2a: Metagross\n|\n|upkeep\n|\n|t:|1645653718\n|switch|p2a: Snorlax|Snorlax, L82, F|130\/397\n|-damage|p2a: Snorlax|31\/397|[from] Spikes\n|turn|25\n|\n|t:|1645653720\n|move|p1a: Inteleon|Surf|p2a: Snorlax\n|-crit|p2a: Snorlax\n|-damage|p2a: Snorlax|0 fnt\n|faint|p2a: Snorlax\n|\n|win|Johhny Bravo 2.0\n|raw|Johhny Bravo 2.0's rating: 1951 &rarr; <strong>1967<\/strong><br \/>(+16 for winning)\n|raw|Arcangel666's rating: 1874 &rarr; <strong>1858<\/strong><br \/>(-16 for losing)\n|l|\u2606Arcangel666\n||Ladder isn't responding, score probably updated but might not have (Request timeout).\n","inputlog":">version 4d5d817b4a35226fce30f74a4bf446212f4a1625\n>start {\"formatid\":\"gen8randombattle\",\"seed\":[14306,43080,5351,54309],\"rated\":\"Rated battle\"}\n>player p1 {\"name\":\"Johhny Bravo 2.0\",\"avatar\":\"2\",\"rating\":1951,\"seed\":[15903,38932,10505,22674]}\n>player p2 {\"name\":\"Arcangel666\",\"avatar\":\"grimsley\",\"rating\":1874,\"seed\":[40156,6802,56317,62963]}\n>p1 move magnetrise\n>p2 move earthquake\n>p1 move spikes\n>p2 move stealthrock\n>p1 move spikes\n>p2 move ironhead\n>p1 move spikes\n>p2 move ironhead\n>p1 switch 2\n>p2 move ironhead\n>p1 switch 4\n>p2 move earthquake\n>p1 move heatwave\n>p2 move stoneedge\n>p1 move grassknot\n>p2 move stoneedge\n>p1 switch 3\n>p1 move psyshock\n>p2 move ironhead\n>p2 switch 4\n>p1 move moonblast\n>p2 move nastyplot\n>p1 move calmmind\n>p2 move nastyplot\n>p1 move moonblast\n>p2 move hurricane dynamax\n>p1 move moonblast\n>p2 move fierywrath dynamax\n>p1 switch 2\n>p1 move playrough\n>p2 move hurricane dynamax\n>p1 switch 5\n>p1 move rockslide dynamax\n>p2 move fierywrath\n>p2 switch 3\n>p1 move ironhead dynamax\n>p2 move precipiceblades\n>p1 switch 6\n>p1 move surf\n>p2 move precipiceblades\n>p2 switch 6\n>p1 switch 4\n>p2 move curse\n>p1 move risingvoltage\n>p2 move earthquake\n>p1 move risingvoltage\n>p2 switch 5\n>p1 move risingvoltage\n>p2 move sludgewave\n>p1 switch 4\n>p1 move focusenergy\n>p2 move dynamaxcannon\n>p1 move icebeam\n>p2 move sludgewave\n>p2 switch 2\n>p1 move surf\n>p2 move thunderpunch\n>p2 switch 5\n>p1 move surf\n>p2 move rest","uploadtime":1645653726,"views":6,"p1id":"johhnybravo20","p2id":"arcangel666","formatid":"gen8randombattle","rating":1858,"private":0,"password":null}