{"id":"gen8ou-1694207349","p1":"kokoukohiro","p2":"minimax_ai","format":"gen8ou","log":"|html|<div class=\"broadcast-blue\"><strong>[Gen 8] OU is currently suspecting Melmetal! For information on how to participate check out the <a href=\"https:\/\/www.smogon.com\/forums\/threads\/np-ss-ou-suspect-process-round-12-monster-mash.3709234\/\">suspect thread<\/a>.<\/strong><\/div>\n|j|\u2606kokoukohiro\n|j|\u2606minimax_ai\n|t:|1666677815\n|gametype|singles\n|player|p1|kokoukohiro|dawn-gen4pt|1576\n|player|p2|minimax_ai|lusamine-nihilego|1657\n|teamsize|p1|6\n|teamsize|p2|6\n|gen|8\n|tier|[Gen 8] OU\n|rated|\n|rule|Sleep Clause Mod: Limit one foe put to sleep\n|rule|Species Clause: Limit one of each Pok\u00e9mon\n|rule|OHKO Clause: OHKO moves are banned\n|rule|Evasion Items Clause: Evasion items are banned\n|rule|Evasion Moves Clause: Evasion moves are banned\n|rule|Endless Battle Clause: Forcing endless battles is banned\n|rule|HP Percentage Mod: HP is shown in percentages\n|rule|Dynamax Clause: You cannot dynamax\n|clearpoke\n|poke|p1|Jirachi|\n|poke|p1|Quagsire, F|\n|poke|p1|Blissey, F|\n|poke|p1|Toxapex, F|\n|poke|p1|Skarmory, M|\n|poke|p1|Tornadus-Therian, M|\n|poke|p2|Rotom-Wash|\n|poke|p2|Weavile, F|\n|poke|p2|Landorus-Therian, M|\n|poke|p2|Heatran, M|\n|poke|p2|Tangrowth, M|\n|poke|p2|Melmetal|\n|teampreview\n|c|\u2606minimax_ai|hf\n|inactive|Battle timer is ON: inactive players will automatically lose when time's up. (requested by minimax_ai)\n|\n|t:|1666677831\n|start\n|switch|p1a: Toxapex|Toxapex, F|100\/100\n|switch|p2a: Heatran|Heatran, M|100\/100\n|-item|p2a: Heatran|Air Balloon\n|turn|1\n|\n|t:|1666677834\n|switch|p1a: Blissey|Blissey, F|100\/100\n|move|p2a: Heatran|Stealth Rock|p1a: Blissey\n|-sidestart|p1: kokoukohiro|move: Stealth Rock\n|\n|upkeep\n|turn|2\n|\n|t:|1666677842\n|switch|p2a: Weavile|Weavile, F|100\/100\n|-ability|p2a: Weavile|Pressure\n|move|p1a: Blissey|Toxic|p2a: Weavile\n|-status|p2a: Weavile|tox\n|\n|-damage|p2a: Weavile|94\/100 tox|[from] psn\n|upkeep\n|turn|3\n|\n|t:|1666677845\n|switch|p2a: Melmetal|Melmetal|100\/100\n|switch|p1a: Toxapex|Toxapex, F|100\/100\n|-damage|p1a: Toxapex|88\/100|[from] Stealth Rock\n|\n|upkeep\n|turn|4\n|\n|t:|1666677850\n|move|p2a: Melmetal|Earthquake|p1a: Toxapex\n|-supereffective|p1a: Toxapex\n|-damage|p1a: Toxapex|45\/100\n|move|p1a: Toxapex|Toxic Spikes|p2a: Melmetal\n|-sidestart|p2: minimax_ai|move: Toxic Spikes\n|\n|upkeep\n|turn|5\n|\n|t:|1666677853\n|switch|p1a: Skarmory|Skarmory, M|100\/100\n|-damage|p1a: Skarmory|88\/100|[from] Stealth Rock\n|move|p2a: Melmetal|Earthquake|p1a: Skarmory\n|-immune|p1a: Skarmory\n|\n|upkeep\n|turn|6\n|\n|t:|1666677863\n|switch|p2a: Heatran|Heatran, M|100\/100\n|-item|p2a: Heatran|Air Balloon\n|move|p1a: Skarmory|Spikes|p2a: Heatran\n|-sidestart|p2: minimax_ai|Spikes\n|\n|upkeep\n|turn|7\n|\n|t:|1666677866\n|switch|p1a: Blissey|Blissey, F|100\/100\n|move|p2a: Heatran|Magma Storm|p1a: Blissey|[miss]\n|-miss|p2a: Heatran|p1a: Blissey\n|\n|upkeep\n|turn|8\n|\n|t:|1666677871\n|move|p2a: Heatran|Magma Storm|p1a: Blissey\n|-damage|p1a: Blissey|87\/100\n|-activate|p1a: Blissey|move: Magma Storm|[of] p2a: Heatran\n|move|p1a: Blissey|Seismic Toss|p2a: Heatran\n|-damage|p2a: Heatran|70\/100\n|-enditem|p2a: Heatran|Air Balloon\n|\n|-damage|p1a: Blissey|75\/100|[from] move: Magma Storm|[partiallytrapped]\n|upkeep\n|turn|9\n|\n|t:|1666677873\n|move|p2a: Heatran|Magma Storm|p1a: Blissey|[miss]\n|-miss|p2a: Heatran|p1a: Blissey\n|move|p1a: Blissey|Seismic Toss|p2a: Heatran\n|-damage|p2a: Heatran|39\/100\n|\n|-damage|p1a: Blissey|62\/100|[from] move: Magma Storm|[partiallytrapped]\n|upkeep\n|turn|10\n|\n|t:|1666677875\n|move|p2a: Heatran|Magma Storm|p1a: Blissey\n|-damage|p1a: Blissey|48\/100\n|move|p1a: Blissey|Soft-Boiled|p1a: Blissey\n|-heal|p1a: Blissey|98\/100\n|\n|-damage|p1a: Blissey|85\/100|[from] move: Magma Storm|[partiallytrapped]\n|upkeep\n|turn|11\n|\n|t:|1666677877\n|move|p2a: Heatran|Magma Storm|p1a: Blissey|[miss]\n|-miss|p2a: Heatran|p1a: Blissey\n|move|p1a: Blissey|Seismic Toss|p2a: Heatran\n|-damage|p2a: Heatran|8\/100\n|\n|-damage|p1a: Blissey|73\/100|[from] move: Magma Storm|[partiallytrapped]\n|upkeep\n|turn|12\n|\n|t:|1666677880\n|move|p2a: Heatran|Magma Storm|p1a: Blissey\n|-damage|p1a: Blissey|59\/100\n|move|p1a: Blissey|Soft-Boiled|p1a: Blissey\n|-heal|p1a: Blissey|100\/100\n|\n|-end|p1a: Blissey|Magma Storm|[partiallytrapped]\n|upkeep\n|turn|13\n|\n|t:|1666677882\n|move|p2a: Heatran|Magma Storm|p1a: Blissey|[miss]\n|-miss|p2a: Heatran|p1a: Blissey\n|move|p1a: Blissey|Seismic Toss|p2a: Heatran\n|-damage|p2a: Heatran|0 fnt\n|faint|p2a: Heatran\n|\n|upkeep\n|\n|t:|1666677882\n|switch|p2a: Melmetal|Melmetal|100\/100\n|-damage|p2a: Melmetal|88\/100|[from] Spikes\n|turn|14\n|\n|t:|1666677888\n|switch|p1a: Skarmory|Skarmory, M|88\/100\n|-damage|p1a: Skarmory|76\/100|[from] Stealth Rock\n|move|p2a: Melmetal|Ice Punch|p1a: Skarmory\n|-damage|p1a: Skarmory|56\/100\n|\n|upkeep\n|turn|15\n|\n|t:|1666677890\n|switch|p2a: rotomwash|Rotom-Wash|100\/100\n|move|p1a: Skarmory|Roost|p1a: Skarmory\n|-heal|p1a: Skarmory|100\/100\n|-singleturn|p1a: Skarmory|move: Roost\n|\n|upkeep\n|turn|16\n|\n|t:|1666677893\n|switch|p1a: Blissey|Blissey, F|100\/100\n|move|p2a: rotomwash|Nasty Plot|p2a: rotomwash\n|-boost|p2a: rotomwash|spa|2\n|\n|upkeep\n|turn|17\n|\n|t:|1666677896\n|move|p2a: rotomwash|Nasty Plot|p2a: rotomwash\n|-boost|p2a: rotomwash|spa|2\n|move|p1a: Blissey|Toxic|p2a: rotomwash\n|-status|p2a: rotomwash|tox\n|\n|-damage|p2a: rotomwash|94\/100 tox|[from] psn\n|upkeep\n|turn|18\n|\n|t:|1666677898\n|move|p2a: rotomwash|Thunderbolt|p1a: Blissey\n|-damage|p1a: Blissey|69\/100\n|-status|p1a: Blissey|par\n|move|p1a: Blissey|Seismic Toss|p2a: rotomwash\n|-damage|p2a: rotomwash|61\/100 tox\n|\n|-heal|p2a: rotomwash|68\/100 tox|[from] item: Leftovers\n|-damage|p2a: rotomwash|55\/100 tox|[from] psn\n|upkeep\n|turn|19\n|\n|t:|1666677901\n|move|p2a: rotomwash|Thunderbolt|p1a: Blissey\n|-damage|p1a: Blissey|40\/100 par\n|move|p1a: Blissey|Soft-Boiled|p1a: Blissey\n|-heal|p1a: Blissey|90\/100 par\n|\n|-heal|p2a: rotomwash|61\/100 tox|[from] item: Leftovers\n|-damage|p2a: rotomwash|43\/100 tox|[from] psn\n|upkeep\n|turn|20\n|\n|t:|1666677903\n|move|p2a: rotomwash|Thunderbolt|p1a: Blissey\n|-damage|p1a: Blissey|58\/100 par\n|move|p1a: Blissey|Seismic Toss|p2a: rotomwash\n|-damage|p2a: rotomwash|10\/100 tox\n|\n|-heal|p2a: rotomwash|16\/100 tox|[from] item: Leftovers\n|-damage|p2a: rotomwash|0 fnt|[from] psn\n|faint|p2a: rotomwash\n|upkeep\n|\n|t:|1666677903\n|switch|p2a: Weavile|Weavile, F|94\/100 tox\n|-damage|p2a: Weavile|82\/100 tox|[from] Spikes\n|-ability|p2a: Weavile|Pressure\n|turn|21\n|j| Shandeur\n|\n|t:|1666677906\n|-curestatus|p1a: Blissey|par|[from] ability: Natural Cure\n|switch|p1a: Toxapex|Toxapex, F|78\/100\n|-damage|p1a: Toxapex|65\/100|[from] Stealth Rock\n|move|p2a: Weavile|Knock Off|p1a: Toxapex\n|-damage|p1a: Toxapex|20\/100\n|-enditem|p1a: Toxapex|Shed Shell|[from] move: Knock Off|[of] p2a: Weavile\n|\n|-damage|p2a: Weavile|76\/100 tox|[from] psn\n|upkeep\n|turn|22\n|\n|t:|1666677909\n|switch|p1a: Quagsire|Quagsire, F|100\/100\n|-damage|p1a: Quagsire|94\/100|[from] Stealth Rock\n|move|p2a: Weavile|Knock Off|p1a: Quagsire\n|-crit|p1a: Quagsire\n|-damage|p1a: Quagsire|23\/100\n|-enditem|p1a: Quagsire|Leftovers|[from] move: Knock Off|[of] p2a: Weavile\n|\n|-damage|p2a: Weavile|64\/100 tox|[from] psn\n|upkeep\n|turn|23\n|j| gtgvvy vgvgvvy\n|\n|t:|1666677922\n|move|p2a: Weavile|Knock Off|p1a: Quagsire\n|-damage|p1a: Quagsire|0 fnt\n|faint|p1a: Quagsire\n|\n|-damage|p2a: Weavile|46\/100 tox|[from] psn\n|upkeep\n|\n|t:|1666677923\n|switch|p1a: Toxapex|Toxapex, F|53\/100\n|-damage|p1a: Toxapex|40\/100|[from] Stealth Rock\n|turn|24\n|\n|t:|1666677925\n|switch|p2a: Melmetal|Melmetal|88\/100\n|-damage|p2a: Melmetal|76\/100|[from] Spikes\n|move|p1a: Toxapex|Recover|p1a: Toxapex\n|-heal|p1a: Toxapex|90\/100\n|\n|upkeep\n|turn|25\n|j| westcottike\n|\n|t:|1666677930\n|switch|p1a: Skarmory|Skarmory, M|100\/100\n|-damage|p1a: Skarmory|88\/100|[from] Stealth Rock\n|move|p2a: Melmetal|Thunder Punch|p1a: Skarmory\n|-supereffective|p1a: Skarmory\n|-damage|p1a: Skarmory|47\/100\n|\n|upkeep\n|turn|26\n|\n|t:|1666677932\n|move|p1a: Skarmory|Roost|p1a: Skarmory\n|-heal|p1a: Skarmory|97\/100\n|-singleturn|p1a: Skarmory|move: Roost\n|move|p2a: Melmetal|Thunder Punch|p1a: Skarmory\n|-damage|p1a: Skarmory|76\/100\n|\n|upkeep\n|turn|27\n|\n|t:|1666677935\n|move|p1a: Skarmory|Spikes|p2a: Melmetal\n|-sidestart|p2: minimax_ai|Spikes\n|move|p2a: Melmetal|Ice Punch|p1a: Skarmory\n|-damage|p1a: Skarmory|55\/100\n|\n|upkeep\n|turn|28\n|\n|t:|1666677937\n|switch|p2a: landorustherian|Landorus-Therian, M|100\/100\n|-ability|p2a: landorustherian|Intimidate|boost\n|-unboost|p1a: Skarmory|atk|1\n|move|p1a: Skarmory|Roost|p1a: Skarmory\n|-heal|p1a: Skarmory|100\/100\n|-singleturn|p1a: Skarmory|move: Roost\n|\n|upkeep\n|turn|29\n|\n|t:|1666677939\n|move|p2a: landorustherian|Defog|p1a: Skarmory\n|-unboost|p1a: Skarmory|evasion|1\n|-sideend|p1: kokoukohiro|Stealth Rock|[from] move: Defog|[of] p2a: landorustherian\n|-sideend|p2: minimax_ai|Spikes|[from] move: Defog|[of] p2a: landorustherian\n|-sideend|p2: minimax_ai|Toxic Spikes|[from] move: Defog|[of] p2a: landorustherian\n|move|p1a: Skarmory|Roar|p2a: landorustherian\n|drag|p2a: Weavile|Weavile, F|46\/100 tox\n|-ability|p2a: Weavile|Pressure\n|\n|-damage|p2a: Weavile|40\/100 tox|[from] psn\n|upkeep\n|turn|30\n|\n|t:|1666677942\n|switch|p2a: Tangrowth|Tangrowth, M|100\/100\n|move|p1a: Skarmory|Body Press|p2a: Tangrowth\n|-damage|p2a: Tangrowth|83\/100\n|-damage|p1a: Skarmory|84\/100|[from] item: Rocky Helmet|[of] p2a: Tangrowth\n|\n|upkeep\n|turn|31\n|\n|t:|1666677949\n|switch|p1a: Tornadus|Tornadus-Therian, M|100\/100\n|move|p2a: Tangrowth|Sleep Powder|p1a: Tornadus\n|-status|p1a: Tornadus|slp|[from] move: Sleep Powder\n|\n|upkeep\n|turn|32\n|\n|t:|1666677953\n|switch|p1a: Toxapex|Toxapex, F|100\/100\n|switch|p2a: Melmetal|Melmetal|76\/100\n|\n|upkeep\n|turn|33\n|\n|t:|1666677957\n|switch|p1a: Skarmory|Skarmory, M|84\/100\n|move|p2a: Melmetal|Thunder Punch|p1a: Skarmory\n|-supereffective|p1a: Skarmory\n|-damage|p1a: Skarmory|47\/100\n|\n|upkeep\n|turn|34\n|\n|t:|1666677959\n|move|p1a: Skarmory|Roost|p1a: Skarmory\n|-heal|p1a: Skarmory|97\/100\n|-singleturn|p1a: Skarmory|move: Roost\n|move|p2a: Melmetal|Thunder Punch|p1a: Skarmory\n|-damage|p1a: Skarmory|78\/100\n|\n|upkeep\n|turn|35\n|\n|t:|1666677961\n|move|p1a: Skarmory|Spikes|p2a: Melmetal\n|-sidestart|p2: minimax_ai|Spikes\n|move|p2a: Melmetal|Thunder Punch|p1a: Skarmory\n|-supereffective|p1a: Skarmory\n|-damage|p1a: Skarmory|41\/100\n|\n|upkeep\n|turn|36\n|\n|t:|1666677962\n|move|p1a: Skarmory|Roost|p1a: Skarmory\n|-heal|p1a: Skarmory|91\/100\n|-singleturn|p1a: Skarmory|move: Roost\n|move|p2a: Melmetal|Thunder Punch|p1a: Skarmory\n|-damage|p1a: Skarmory|71\/100\n|\n|upkeep\n|turn|37\n|\n|t:|1666677964\n|move|p1a: Skarmory|Spikes|p2a: Melmetal\n|-sidestart|p2: minimax_ai|Spikes\n|move|p2a: Melmetal|Thunder Punch|p1a: Skarmory\n|-supereffective|p1a: Skarmory\n|-crit|p1a: Skarmory\n|-damage|p1a: Skarmory|14\/100\n|\n|upkeep\n|turn|38\n|\n|t:|1666677966\n|move|p1a: Skarmory|Roost|p1a: Skarmory\n|-heal|p1a: Skarmory|64\/100\n|-singleturn|p1a: Skarmory|move: Roost\n|move|p2a: Melmetal|Thunder Punch|p1a: Skarmory\n|-crit|p1a: Skarmory\n|-damage|p1a: Skarmory|36\/100\n|\n|upkeep\n|turn|39\n|\n|t:|1666677968\n|move|p1a: Skarmory|Roost|p1a: Skarmory\n|-heal|p1a: Skarmory|86\/100\n|-singleturn|p1a: Skarmory|move: Roost\n|move|p2a: Melmetal|Thunder Punch|p1a: Skarmory\n|-damage|p1a: Skarmory|66\/100\n|-status|p1a: Skarmory|par\n|\n|upkeep\n|turn|40\n|j| butthead224242\n|\n|t:|1666677974\n|switch|p2a: landorustherian|Landorus-Therian, M|100\/100\n|-ability|p2a: landorustherian|Intimidate|boost\n|-unboost|p1a: Skarmory|atk|1\n|switch|p1a: Toxapex|Toxapex, F|100\/100\n|\n|upkeep\n|turn|41\n|\n|t:|1666677976\n|move|p2a: landorustherian|Earthquake|p1a: Toxapex\n|-supereffective|p1a: Toxapex\n|-damage|p1a: Toxapex|45\/100\n|move|p1a: Toxapex|Toxic Spikes|p2a: landorustherian\n|-sidestart|p2: minimax_ai|move: Toxic Spikes\n|\n|upkeep\n|turn|42\n|\n|t:|1666677980\n|switch|p1a: Skarmory|Skarmory, M|66\/100 par\n|move|p2a: landorustherian|Earthquake|p1a: Skarmory\n|-immune|p1a: Skarmory\n|\n|upkeep\n|turn|43\n|\n|t:|1666677984\n|move|p2a: landorustherian|Defog|p1a: Skarmory\n|-unboost|p1a: Skarmory|evasion|1\n|-sideend|p2: minimax_ai|Spikes|[from] move: Defog|[of] p2a: landorustherian\n|-sideend|p2: minimax_ai|Toxic Spikes|[from] move: Defog|[of] p2a: landorustherian\n|move|p1a: Skarmory|Spikes|p2a: landorustherian\n|-sidestart|p2: minimax_ai|Spikes\n|\n|upkeep\n|turn|44\n|\n|t:|1666677987\n|move|p2a: landorustherian|Defog|p1a: Skarmory\n|-unboost|p1a: Skarmory|evasion|1\n|-sideend|p2: minimax_ai|Spikes|[from] move: Defog|[of] p2a: landorustherian\n|move|p1a: Skarmory|Roar|p2a: landorustherian\n|drag|p2a: Weavile|Weavile, F|40\/100 tox\n|-ability|p2a: Weavile|Pressure\n|\n|-damage|p2a: Weavile|34\/100 tox|[from] psn\n|upkeep\n|turn|45\n|\n|t:|1666677991\n|switch|p2a: Tangrowth|Tangrowth, M|100\/100\n|switch|p1a: Toxapex|Toxapex, F|78\/100\n|\n|upkeep\n|turn|46\n|\n|t:|1666677994\n|move|p2a: Tangrowth|Giga Drain|p1a: Toxapex\n|-damage|p1a: Toxapex|56\/100\n|move|p1a: Toxapex|Toxic Spikes|p2a: Tangrowth\n|-sidestart|p2: minimax_ai|move: Toxic Spikes\n|\n|upkeep\n|turn|47\n|\n|t:|1666677996\n|move|p2a: Tangrowth|Focus Blast|p1a: Toxapex\n|-resisted|p1a: Toxapex\n|-damage|p1a: Toxapex|43\/100\n|move|p1a: Toxapex|Toxic Spikes|p2a: Tangrowth\n|-sidestart|p2: minimax_ai|move: Toxic Spikes\n|\n|upkeep\n|turn|48\n|\n|t:|1666677998\n|switch|p2a: landorustherian|Landorus-Therian, M|100\/100\n|-ability|p2a: landorustherian|Intimidate|boost\n|-unboost|p1a: Toxapex|atk|1\n|move|p1a: Toxapex|Recover|p1a: Toxapex\n|-heal|p1a: Toxapex|93\/100\n|\n|upkeep\n|turn|49\n|\n|t:|1666678001\n|move|p2a: landorustherian|Earthquake|p1a: Toxapex\n|-supereffective|p1a: Toxapex\n|-damage|p1a: Toxapex|34\/100\n|move|p1a: Toxapex|Scald|p2a: landorustherian\n|-supereffective|p2a: landorustherian\n|-damage|p2a: landorustherian|75\/100\n|-status|p2a: landorustherian|brn\n|\n|-heal|p2a: landorustherian|81\/100 brn|[from] item: Leftovers\n|-damage|p2a: landorustherian|75\/100 brn|[from] brn\n|upkeep\n|turn|50\n|\n|t:|1666678006\n|switch|p1a: Skarmory|Skarmory, M|66\/100 par\n|move|p2a: landorustherian|Earthquake|p1a: Skarmory\n|-immune|p1a: Skarmory\n|\n|-heal|p2a: landorustherian|81\/100 brn|[from] item: Leftovers\n|-damage|p2a: landorustherian|75\/100 brn|[from] brn\n|upkeep\n|turn|51\n|\n|t:|1666678010\n|move|p2a: landorustherian|Defog|p1a: Skarmory\n|-unboost|p1a: Skarmory|evasion|1\n|-sideend|p2: minimax_ai|Toxic Spikes|[from] move: Defog|[of] p2a: landorustherian\n|move|p1a: Skarmory|Roar|p2a: landorustherian\n|drag|p2a: Tangrowth|Tangrowth, M|100\/100\n|\n|upkeep\n|turn|52\n|\n|t:|1666678012\n|switch|p1a: Toxapex|Toxapex, F|67\/100\n|move|p2a: Tangrowth|Focus Blast|p1a: Toxapex\n|-resisted|p1a: Toxapex\n|-damage|p1a: Toxapex|54\/100\n|\n|upkeep\n|turn|53\n|\n|t:|1666678014\n|move|p2a: Tangrowth|Focus Blast|p1a: Toxapex\n|-resisted|p1a: Toxapex\n|-crit|p1a: Toxapex\n|-damage|p1a: Toxapex|34\/100\n|move|p1a: Toxapex|Toxic Spikes|p2a: Tangrowth\n|-sidestart|p2: minimax_ai|move: Toxic Spikes\n|\n|upkeep\n|turn|54\n|\n|t:|1666678016\n|switch|p2a: landorustherian|Landorus-Therian, M|75\/100 brn\n|-ability|p2a: landorustherian|Intimidate|boost\n|-unboost|p1a: Toxapex|atk|1\n|switch|p1a: Skarmory|Skarmory, M|66\/100 par\n|\n|-heal|p2a: landorustherian|81\/100 brn|[from] item: Leftovers\n|-damage|p2a: landorustherian|75\/100 brn|[from] brn\n|upkeep\n|turn|55\n|\n|t:|1666678019\n|move|p2a: landorustherian|Defog|p1a: Skarmory\n|-unboost|p1a: Skarmory|evasion|1\n|-sideend|p2: minimax_ai|Toxic Spikes|[from] move: Defog|[of] p2a: landorustherian\n|cant|p1a: Skarmory|par\n|\n|-heal|p2a: landorustherian|81\/100 brn|[from] item: Leftovers\n|-damage|p2a: landorustherian|75\/100 brn|[from] brn\n|upkeep\n|turn|56\n|\n|t:|1666678022\n|switch|p2a: Tangrowth|Tangrowth, M|100\/100\n|move|p1a: Skarmory|Spikes|p2a: Tangrowth\n|-sidestart|p2: minimax_ai|Spikes\n|\n|upkeep\n|turn|57\n|\n|t:|1666678024\n|move|p2a: Tangrowth|Focus Blast|p1a: Skarmory\n|-damage|p1a: Skarmory|24\/100 par\n|move|p1a: Skarmory|Roar|p2a: Tangrowth\n|drag|p2a: landorustherian|Landorus-Therian, M|75\/100 brn\n|-ability|p2a: landorustherian|Intimidate|boost\n|-unboost|p1a: Skarmory|atk|1\n|\n|-heal|p2a: landorustherian|81\/100 brn|[from] item: Leftovers\n|-damage|p2a: landorustherian|75\/100 brn|[from] brn\n|upkeep\n|turn|58\n|\n|t:|1666678027\n|move|p2a: landorustherian|Defog|p1a: Skarmory\n|-unboost|p1a: Skarmory|evasion|1\n|-sideend|p2: minimax_ai|Spikes|[from] move: Defog|[of] p2a: landorustherian\n|move|p1a: Skarmory|Roost|p1a: Skarmory\n|-heal|p1a: Skarmory|74\/100 par\n|-singleturn|p1a: Skarmory|move: Roost\n|\n|-heal|p2a: landorustherian|81\/100 brn|[from] item: Leftovers\n|-damage|p2a: landorustherian|75\/100 brn|[from] brn\n|upkeep\n|turn|59\n|\n|t:|1666678029\n|switch|p1a: Toxapex|Toxapex, F|68\/100\n|move|p2a: landorustherian|Earthquake|p1a: Toxapex\n|-supereffective|p1a: Toxapex\n|-crit|p1a: Toxapex\n|-damage|p1a: Toxapex|24\/100\n|\n|-heal|p2a: landorustherian|81\/100 brn|[from] item: Leftovers\n|-damage|p2a: landorustherian|75\/100 brn|[from] brn\n|upkeep\n|turn|60\n|\n|t:|1666678032\n|switch|p1a: Skarmory|Skarmory, M|74\/100 par\n|move|p2a: landorustherian|Earthquake|p1a: Skarmory\n|-immune|p1a: Skarmory\n|\n|-heal|p2a: landorustherian|81\/100 brn|[from] item: Leftovers\n|-damage|p2a: landorustherian|75\/100 brn|[from] brn\n|upkeep\n|turn|61\n|\n|t:|1666678035\n|switch|p2a: Tangrowth|Tangrowth, M|100\/100\n|cant|p1a: Skarmory|par\n|\n|upkeep\n|turn|62\n|\n|t:|1666678038\n|switch|p1a: Toxapex|Toxapex, F|57\/100\n|move|p2a: Tangrowth|Giga Drain|p1a: Toxapex\n|-damage|p1a: Toxapex|33\/100\n|\n|upkeep\n|turn|63\n|\n|t:|1666678040\n|move|p2a: Tangrowth|Giga Drain|p1a: Toxapex\n|-crit|p1a: Toxapex\n|-damage|p1a: Toxapex|0 fnt\n|faint|p1a: Toxapex\n|\n|upkeep\n|\n|t:|1666678050\n|switch|p1a: Tornadus|Tornadus-Therian, M|100\/100 slp\n|turn|64\n|\n|t:|1666678051\n|switch|p2a: Melmetal|Melmetal|76\/100\n|cant|p1a: Tornadus|slp\n|\n|upkeep\n|turn|65\n|\n|t:|1666678057\n|cant|p1a: Tornadus|slp\n|move|p2a: Melmetal|Thunder Punch|p1a: Tornadus\n|-supereffective|p1a: Tornadus\n|-damage|p1a: Tornadus|24\/100 slp\n|\n|upkeep\n|turn|66\n|\n|t:|1666678060\n|switch|p1a: Skarmory|Skarmory, M|74\/100 par\n|move|p2a: Melmetal|Thunder Punch|p1a: Skarmory\n|-supereffective|p1a: Skarmory\n|-damage|p1a: Skarmory|34\/100 par\n|\n|upkeep\n|turn|67\n|\n|t:|1666678062\n|move|p2a: Melmetal|Thunder Punch|p1a: Skarmory\n|-supereffective|p1a: Skarmory\n|-damage|p1a: Skarmory|0 fnt\n|faint|p1a: Skarmory\n|\n|upkeep\n|\n|t:|1666678069\n|switch|p1a: Tornadus|Tornadus-Therian, M|57\/100 slp\n|turn|68\n|\n|t:|1666678072\n|-curestatus|p1a: Tornadus|slp|[msg]\n|move|p1a: Tornadus|Heat Wave|p2a: Melmetal\n|-supereffective|p2a: Melmetal\n|-damage|p2a: Melmetal|48\/100\n|-status|p2a: Melmetal|brn\n|move|p2a: Melmetal|Double Iron Bash|p1a: Tornadus\n|-damage|p1a: Tornadus|33\/100\n|-damage|p1a: Tornadus|10\/100\n|-hitcount|p1a: Tornadus|2\n|\n|-damage|p2a: Melmetal|42\/100 brn|[from] brn\n|upkeep\n|turn|69\n|\n|t:|1666678076\n|switch|p1a: Jirachi|Jirachi|100\/100\n|move|p2a: Melmetal|Double Iron Bash|p1a: Jirachi\n|-resisted|p1a: Jirachi\n|-damage|p1a: Jirachi|92\/100\n|-resisted|p1a: Jirachi\n|-damage|p1a: Jirachi|83\/100\n|-hitcount|p1a: Jirachi|2\n|\n|-heal|p1a: Jirachi|89\/100|[from] item: Leftovers\n|-damage|p2a: Melmetal|36\/100 brn|[from] brn\n|upkeep\n|turn|70\n|\n|t:|1666678078\n|switch|p2a: Tangrowth|Tangrowth, M|100\/100\n|move|p1a: Jirachi|Wish|p1a: Jirachi\n|\n|-heal|p1a: Jirachi|95\/100|[from] item: Leftovers\n|upkeep\n|turn|71\n|\n|t:|1666678085\n|switch|p1a: Tornadus|Tornadus-Therian, M|43\/100\n|move|p2a: Tangrowth|Knock Off|p1a: Tornadus\n|-damage|p1a: Tornadus|18\/100\n|-enditem|p1a: Tornadus|Heavy-Duty Boots|[from] move: Knock Off|[of] p2a: Tangrowth\n|\n|-heal|p1a: Tornadus|74\/100|[from] move: Wish|[wisher] Jirachi\n|upkeep\n|turn|72\n|\n|t:|1666678089\n|switch|p2a: Melmetal|Melmetal|36\/100 brn\n|move|p1a: Tornadus|Heat Wave|p2a: Melmetal\n|-supereffective|p2a: Melmetal\n|-damage|p2a: Melmetal|9\/100 brn\n|\n|-damage|p2a: Melmetal|3\/100 brn|[from] brn\n|upkeep\n|turn|73\n|\n|t:|1666678091\n|move|p1a: Tornadus|U-turn|p2a: Melmetal\n|-resisted|p2a: Melmetal\n|-damage|p2a: Melmetal|0 fnt\n|faint|p2a: Melmetal\n|\n|t:|1666678096\n|switch|p1a: Jirachi|Jirachi|95\/100|[from]move: U-turn\n|\n|-heal|p1a: Jirachi|100\/100|[from] item: Leftovers\n|upkeep\n|\n|t:|1666678096\n|switch|p2a: Weavile|Weavile, F|34\/100 tox\n|-ability|p2a: Weavile|Pressure\n|turn|74\n|\n|t:|1666678099\n|move|p1a: Jirachi|Protect|p1a: Jirachi\n|-singleturn|p1a: Jirachi|Protect\n|move|p2a: Weavile|Knock Off|p1a: Jirachi\n|-activate|p1a: Jirachi|move: Protect\n|\n|-damage|p2a: Weavile|28\/100 tox|[from] psn\n|upkeep\n|turn|75\n|\n|t:|1666678102\n|switch|p1a: Tornadus|Tornadus-Therian, M|100\/100\n|move|p2a: Weavile|Knock Off|p1a: Tornadus\n|-damage|p1a: Tornadus|50\/100\n|\n|-damage|p2a: Weavile|15\/100 tox|[from] psn\n|upkeep\n|turn|76\n|\n|t:|1666678108\n|move|p2a: Weavile|Knock Off|p1a: Tornadus\n|-damage|p1a: Tornadus|0 fnt\n|faint|p1a: Tornadus\n|\n|-damage|p2a: Weavile|0 fnt|[from] psn\n|faint|p2a: Weavile\n|upkeep\n|\n|t:|1666678116\n|switch|p2a: landorustherian|Landorus-Therian, M|75\/100 brn\n|switch|p1a: Blissey|Blissey, F|58\/100\n|-ability|p2a: landorustherian|Intimidate|boost\n|-unboost|p1a: Blissey|atk|1\n|turn|77\n|\n|t:|1666678118\n|switch|p1a: Jirachi|Jirachi|100\/100\n|move|p2a: landorustherian|Toxic|p1a: Jirachi\n|-immune|p1a: Jirachi\n|\n|-heal|p2a: landorustherian|81\/100 brn|[from] item: Leftovers\n|-damage|p2a: landorustherian|75\/100 brn|[from] brn\n|upkeep\n|turn|78\n|\n|t:|1666678121\n|switch|p2a: Tangrowth|Tangrowth, M|100\/100\n|move|p1a: Jirachi|Protect||[still]\n|-fail|p1a: Jirachi\n|\n|upkeep\n|turn|79\n|\n|t:|1666678124\n|move|p1a: Jirachi|U-turn|p2a: Tangrowth\n|-supereffective|p2a: Tangrowth\n|-damage|p2a: Tangrowth|83\/100\n|-damage|p1a: Jirachi|84\/100|[from] item: Rocky Helmet|[of] p2a: Tangrowth\n|\n|t:|1666678126\n|switch|p1a: Blissey|Blissey, F|58\/100|[from]move: U-turn\n|move|p2a: Tangrowth|Sleep Powder|p1a: Blissey\n|-status|p1a: Blissey|slp|[from] move: Sleep Powder\n|\n|upkeep\n|turn|80\n|\n|t:|1666678129\n|cant|p1a: Blissey|slp\n|move|p2a: Tangrowth|Knock Off|p1a: Blissey\n|-damage|p1a: Blissey|13\/100 slp\n|-enditem|p1a: Blissey|Heavy-Duty Boots|[from] move: Knock Off|[of] p2a: Tangrowth\n|\n|upkeep\n|turn|81\n|\n|t:|1666678132\n|-curestatus|p1a: Blissey|slp|[from] ability: Natural Cure\n|switch|p1a: Jirachi|Jirachi|84\/100\n|move|p2a: Tangrowth|Knock Off|p1a: Jirachi\n|-supereffective|p1a: Jirachi\n|-damage|p1a: Jirachi|44\/100\n|-enditem|p1a: Jirachi|Leftovers|[from] move: Knock Off|[of] p2a: Tangrowth\n|\n|upkeep\n|turn|82\n|\n|t:|1666678135\n|switch|p2a: landorustherian|Landorus-Therian, M|75\/100 brn\n|-ability|p2a: landorustherian|Intimidate|boost\n|-unboost|p1a: Jirachi|atk|1\n|move|p1a: Jirachi|Wish|p1a: Jirachi\n|\n|-heal|p2a: landorustherian|81\/100 brn|[from] item: Leftovers\n|-damage|p2a: landorustherian|75\/100 brn|[from] brn\n|upkeep\n|turn|83\n|\n|t:|1666678138\n|move|p1a: Jirachi|Iron Head|p2a: landorustherian\n|-damage|p2a: landorustherian|56\/100 brn\n|cant|p2a: landorustherian|flinch\n|\n|-heal|p1a: Jirachi|94\/100|[from] move: Wish|[wisher] Jirachi\n|-heal|p2a: landorustherian|62\/100 brn|[from] item: Leftovers\n|-damage|p2a: landorustherian|56\/100 brn|[from] brn\n|upkeep\n|turn|84\n|\n|t:|1666678141\n|move|p1a: Jirachi|Iron Head|p2a: landorustherian\n|-damage|p2a: landorustherian|38\/100 brn\n|move|p2a: landorustherian|Earthquake|p1a: Jirachi\n|-supereffective|p1a: Jirachi\n|-damage|p1a: Jirachi|55\/100\n|\n|-heal|p2a: landorustherian|44\/100 brn|[from] item: Leftovers\n|-damage|p2a: landorustherian|38\/100 brn|[from] brn\n|upkeep\n|turn|85\n|\n|t:|1666678145\n|move|p1a: Jirachi|Wish|p1a: Jirachi\n|move|p2a: landorustherian|Earthquake|p1a: Jirachi\n|-supereffective|p1a: Jirachi\n|-damage|p1a: Jirachi|17\/100\n|\n|-heal|p2a: landorustherian|44\/100 brn|[from] item: Leftovers\n|-damage|p2a: landorustherian|38\/100 brn|[from] brn\n|upkeep\n|turn|86\n|\n|t:|1666678146\n|move|p1a: Jirachi|Protect|p1a: Jirachi\n|-singleturn|p1a: Jirachi|Protect\n|move|p2a: landorustherian|Earthquake|p1a: Jirachi\n|-activate|p1a: Jirachi|move: Protect\n|\n|-heal|p1a: Jirachi|67\/100|[from] move: Wish|[wisher] Jirachi\n|-heal|p2a: landorustherian|44\/100 brn|[from] item: Leftovers\n|-damage|p2a: landorustherian|38\/100 brn|[from] brn\n|upkeep\n|turn|87\n|\n|t:|1666678149\n|move|p1a: Jirachi|Wish|p1a: Jirachi\n|move|p2a: landorustherian|Earthquake|p1a: Jirachi\n|-supereffective|p1a: Jirachi\n|-damage|p1a: Jirachi|24\/100\n|\n|-heal|p2a: landorustherian|44\/100 brn|[from] item: Leftovers\n|-damage|p2a: landorustherian|38\/100 brn|[from] brn\n|upkeep\n|turn|88\n|\n|t:|1666678150\n|move|p1a: Jirachi|Protect|p1a: Jirachi\n|-singleturn|p1a: Jirachi|Protect\n|move|p2a: landorustherian|Earthquake|p1a: Jirachi\n|-activate|p1a: Jirachi|move: Protect\n|\n|-heal|p1a: Jirachi|74\/100|[from] move: Wish|[wisher] Jirachi\n|-heal|p2a: landorustherian|44\/100 brn|[from] item: Leftovers\n|-damage|p2a: landorustherian|38\/100 brn|[from] brn\n|upkeep\n|turn|89\n|\n|t:|1666678158\n|move|p1a: Jirachi|Wish|p1a: Jirachi\n|move|p2a: landorustherian|Earthquake|p1a: Jirachi\n|-supereffective|p1a: Jirachi\n|-damage|p1a: Jirachi|36\/100\n|\n|-heal|p2a: landorustherian|44\/100 brn|[from] item: Leftovers\n|-damage|p2a: landorustherian|38\/100 brn|[from] brn\n|upkeep\n|turn|90\n|\n|t:|1666678159\n|move|p1a: Jirachi|Protect|p1a: Jirachi\n|-singleturn|p1a: Jirachi|Protect\n|move|p2a: landorustherian|Earthquake|p1a: Jirachi\n|-activate|p1a: Jirachi|move: Protect\n|\n|-heal|p1a: Jirachi|86\/100|[from] move: Wish|[wisher] Jirachi\n|-heal|p2a: landorustherian|44\/100 brn|[from] item: Leftovers\n|-damage|p2a: landorustherian|38\/100 brn|[from] brn\n|upkeep\n|turn|91\n|\n|t:|1666678161\n|move|p1a: Jirachi|Iron Head|p2a: landorustherian\n|-damage|p2a: landorustherian|19\/100 brn\n|cant|p2a: landorustherian|flinch\n|\n|-heal|p2a: landorustherian|25\/100 brn|[from] item: Leftovers\n|-damage|p2a: landorustherian|19\/100 brn|[from] brn\n|upkeep\n|turn|92\n|\n|t:|1666678164\n|move|p1a: Jirachi|Iron Head|p2a: landorustherian\n|-damage|p2a: landorustherian|2\/100 brn\n|cant|p2a: landorustherian|flinch\n|\n|-heal|p2a: landorustherian|8\/100 brn|[from] item: Leftovers\n|-damage|p2a: landorustherian|2\/100 brn|[from] brn\n|upkeep\n|turn|93\n|\n|t:|1666678166\n|switch|p2a: Tangrowth|Tangrowth, M|100\/100\n|move|p1a: Jirachi|Iron Head|p2a: Tangrowth\n|-damage|p2a: Tangrowth|92\/100\n|-damage|p1a: Jirachi|69\/100|[from] item: Rocky Helmet|[of] p2a: Tangrowth\n|\n|upkeep\n|turn|94\n|\n|t:|1666678179\n|move|p1a: Jirachi|Wish|p1a: Jirachi\n|move|p2a: Tangrowth|Sleep Powder|p1a: Jirachi|[miss]\n|-miss|p2a: Tangrowth|p1a: Jirachi\n|\n|upkeep\n|turn|95\n|\n|t:|1666678181\n|move|p1a: Jirachi|U-turn|p2a: Tangrowth\n|-supereffective|p2a: Tangrowth\n|-damage|p2a: Tangrowth|79\/100\n|-damage|p1a: Jirachi|52\/100|[from] item: Rocky Helmet|[of] p2a: Tangrowth\n|\n|t:|1666678184\n|switch|p1a: Blissey|Blissey, F|13\/100|[from]move: U-turn\n|move|p2a: Tangrowth|Sleep Powder|p1a: Blissey\n|-status|p1a: Blissey|slp|[from] move: Sleep Powder\n|\n|-heal|p1a: Blissey|41\/100 slp|[from] move: Wish|[wisher] Jirachi\n|upkeep\n|turn|96\n|\n|t:|1666678186\n|-curestatus|p1a: Blissey|slp|[from] ability: Natural Cure\n|switch|p1a: Jirachi|Jirachi|52\/100\n|move|p2a: Tangrowth|Knock Off|p1a: Jirachi\n|-supereffective|p1a: Jirachi\n|-damage|p1a: Jirachi|25\/100\n|\n|upkeep\n|turn|97\n|\n|t:|1666678192\n|move|p1a: Jirachi|Wish|p1a: Jirachi\n|move|p2a: Tangrowth|Knock Off|p1a: Jirachi\n|-supereffective|p1a: Jirachi\n|-damage|p1a: Jirachi|1\/100\n|\n|upkeep\n|turn|98\n|\n|t:|1666678193\n|move|p1a: Jirachi|Protect|p1a: Jirachi\n|-singleturn|p1a: Jirachi|Protect\n|move|p2a: Tangrowth|Giga Drain|p1a: Jirachi\n|-activate|p1a: Jirachi|move: Protect\n|\n|-heal|p1a: Jirachi|51\/100|[from] move: Wish|[wisher] Jirachi\n|upkeep\n|turn|99\n|\n|t:|1666678195\n|move|p1a: Jirachi|Wish|p1a: Jirachi\n|move|p2a: Tangrowth|Sleep Powder|p1a: Jirachi\n|-status|p1a: Jirachi|slp|[from] move: Sleep Powder\n|\n|upkeep\n|turn|100\n|l| Shandeur\n|\n|t:|1666678198\n|switch|p1a: Blissey|Blissey, F|41\/100\n|switch|p2a: landorustherian|Landorus-Therian, M|2\/100 brn\n|-ability|p2a: landorustherian|Intimidate|boost\n|-unboost|p1a: Blissey|atk|1\n|\n|-heal|p1a: Blissey|70\/100|[from] move: Wish|[wisher] Jirachi\n|-heal|p2a: landorustherian|8\/100 brn|[from] item: Leftovers\n|-damage|p2a: landorustherian|2\/100 brn|[from] brn\n|upkeep\n|turn|101\n|\n|t:|1666678205\n|switch|p1a: Jirachi|Jirachi|51\/100 slp\n|move|p2a: landorustherian|Toxic||[still]\n|-fail|p2a: landorustherian\n|\n|-heal|p2a: landorustherian|8\/100 brn|[from] item: Leftovers\n|-damage|p2a: landorustherian|2\/100 brn|[from] brn\n|upkeep\n|turn|102\n|\n|t:|1666678207\n|cant|p1a: Jirachi|slp\n|move|p2a: landorustherian|Earthquake|p1a: Jirachi\n|-supereffective|p1a: Jirachi\n|-damage|p1a: Jirachi|14\/100 slp\n|\n|-heal|p2a: landorustherian|8\/100 brn|[from] item: Leftovers\n|-damage|p2a: landorustherian|2\/100 brn|[from] brn\n|upkeep\n|turn|103\n|\n|t:|1666678209\n|-curestatus|p1a: Jirachi|slp|[msg]\n|move|p1a: Jirachi|Iron Head|p2a: landorustherian\n|-damage|p2a: landorustherian|0 fnt\n|faint|p2a: landorustherian\n|\n|upkeep\n|\n|t:|1666678209\n|switch|p2a: Tangrowth|Tangrowth, M|100\/100\n|turn|104\n|\n|t:|1666678213\n|move|p1a: Jirachi|Wish|p1a: Jirachi\n|move|p2a: Tangrowth|Sleep Powder|p1a: Jirachi\n|-status|p1a: Jirachi|slp|[from] move: Sleep Powder\n|\n|upkeep\n|turn|105\n|\n|t:|1666678217\n|switch|p1a: Blissey|Blissey, F|70\/100\n|move|p2a: Tangrowth|Focus Blast|p1a: Blissey|[miss]\n|-miss|p2a: Tangrowth|p1a: Blissey\n|\n|-heal|p1a: Blissey|98\/100|[from] move: Wish|[wisher] Jirachi\n|upkeep\n|turn|106\n|\n|t:|1666678221\n|move|p1a: Blissey|Toxic|p2a: Tangrowth\n|-status|p2a: Tangrowth|tox\n|move|p2a: Tangrowth|Focus Blast|p1a: Blissey\n|-supereffective|p1a: Blissey\n|-damage|p1a: Blissey|80\/100\n|\n|-damage|p2a: Tangrowth|94\/100 tox|[from] psn\n|upkeep\n|turn|107\n|\n|t:|1666678223\n|move|p1a: Blissey|Seismic Toss|p2a: Tangrowth\n|-damage|p2a: Tangrowth|70\/100 tox\n|-damage|p1a: Blissey|64\/100|[from] item: Rocky Helmet|[of] p2a: Tangrowth\n|move|p2a: Tangrowth|Giga Drain|p1a: Blissey\n|-damage|p1a: Blissey|56\/100\n|-heal|p2a: Tangrowth|77\/100 tox|[from] drain|[of] p1a: Blissey\n|\n|-damage|p2a: Tangrowth|64\/100 tox|[from] psn\n|upkeep\n|turn|108\n|\n|t:|1666678225\n|move|p1a: Blissey|Soft-Boiled|p1a: Blissey\n|-heal|p1a: Blissey|100\/100\n|move|p2a: Tangrowth|Giga Drain|p1a: Blissey\n|-damage|p1a: Blissey|93\/100\n|-heal|p2a: Tangrowth|71\/100 tox|[from] drain|[of] p1a: Blissey\n|\n|-damage|p2a: Tangrowth|52\/100 tox|[from] psn\n|upkeep\n|turn|109\n|\n|t:|1666678228\n|move|p1a: Blissey|Seismic Toss|p2a: Tangrowth\n|-damage|p2a: Tangrowth|28\/100 tox\n|-damage|p1a: Blissey|76\/100|[from] item: Rocky Helmet|[of] p2a: Tangrowth\n|move|p2a: Tangrowth|Focus Blast|p1a: Blissey|[miss]\n|-miss|p2a: Tangrowth|p1a: Blissey\n|\n|-damage|p2a: Tangrowth|3\/100 tox|[from] psn\n|upkeep\n|turn|110\n|\n|t:|1666678231\n|move|p1a: Blissey|Soft-Boiled|p1a: Blissey\n|-heal|p1a: Blissey|100\/100\n|move|p2a: Tangrowth|Focus Blast|p1a: Blissey\n|-supereffective|p1a: Blissey\n|-damage|p1a: Blissey|83\/100\n|\n|-damage|p2a: Tangrowth|0 fnt|[from] psn\n|faint|p2a: Tangrowth\n|\n|win|kokoukohiro\n|upkeep\n|raw|kokoukohiro's rating: 1576 &rarr; <strong>1601<\/strong><br \/>(+25 for winning)\n|raw|minimax_ai's rating: 1657 &rarr; <strong>1632<\/strong><br \/>(-25 for losing)\n|c|\u2606minimax_ai|gg\n","uploadtime":1666678233,"views":10,"p1id":"kokoukohiro","p2id":"minimaxai","formatid":"gen8ou","rating":1601,"private":0,"password":null}