{"id":"gen8nu-1571236718","p1":"bobasaur05","p2":"xSkelly34","format":"gen8nu","log":"|j|\u2606bobasaur05\n|j|\u2606xSkelly34\n|inactive|Battle timer is ON: inactive players will automatically lose when time's up.\n|t:|1652127818\n|gametype|singles\n|player|p1|bobasaur05|dawn|\n|player|p2|xSkelly34|bugsy|\n|teamsize|p1|6\n|teamsize|p2|6\n|gen|8\n|tier|[Gen 8] NU\n|rated|Tournament battle\n|rule|Sleep Clause Mod: Limit one foe put to sleep\n|rule|Species Clause: Limit one of each Pok\u00e9mon\n|rule|OHKO Clause: OHKO moves are banned\n|rule|Evasion Moves Clause: Evasion moves are banned\n|rule|Endless Battle Clause: Forcing endless battles is banned\n|rule|HP Percentage Mod: HP is shown in percentages\n|rule|Dynamax Clause: You cannot dynamax\n|clearpoke\n|poke|p1|Pincurchin, M|\n|poke|p1|Sceptile, F|\n|poke|p1|Xatu, F|\n|poke|p1|Ferroseed, M|\n|poke|p1|Uxie|\n|poke|p1|Raichu-Alola, M|\n|poke|p2|Aerodactyl, M|\n|poke|p2|Grimmsnarl, M|\n|poke|p2|Articuno-Galar|\n|poke|p2|Blastoise, M|\n|poke|p2|Toxicroak, F|\n|poke|p2|Silvally-*|\n|teampreview\n|j|*Lady Monita \u273f\n|j| BB-8-NU\n|c|\u2606bobasaur05|gl hf\n|\n|t:|1652127827\n|start\n|switch|p1a: Ferroseed|Ferroseed, M|100\/100\n|switch|p2a: Aerodactyl|Aerodactyl, M|100\/100\n|-ability|p2a: Aerodactyl|Unnerve\n|turn|1\n|c|\u2606xSkelly34|hf\n|\n|t:|1652127831\n|move|p2a: Aerodactyl|Taunt|p1a: Ferroseed\n|-start|p1a: Ferroseed|move: Taunt\n|move|p1a: Ferroseed|Gyro Ball|p2a: Aerodactyl\n|-supereffective|p2a: Aerodactyl\n|-damage|p2a: Aerodactyl|11\/100\n|\n|upkeep\n|turn|2\n|\n|t:|1652127837\n|move|p2a: Aerodactyl|Rock Blast|p1a: Ferroseed\n|-resisted|p1a: Ferroseed\n|-damage|p1a: Ferroseed|95\/100\n|-resisted|p1a: Ferroseed\n|-damage|p1a: Ferroseed|91\/100\n|-resisted|p1a: Ferroseed\n|-damage|p1a: Ferroseed|86\/100\n|-resisted|p1a: Ferroseed\n|-damage|p1a: Ferroseed|82\/100\n|-hitcount|p1a: Ferroseed|4\n|move|p1a: Ferroseed|Knock Off|p2a: Aerodactyl\n|-damage|p2a: Aerodactyl|0 fnt\n|-enditem|p2a: Aerodactyl|Focus Sash|[from] move: Knock Off|[of] p1a: Ferroseed\n|faint|p2a: Aerodactyl\n|\n|upkeep\n|\n|t:|1652127848\n|switch|p2a: Silvally|Silvally-Ghost|100\/100\n|turn|3\n|\n|t:|1652127856\n|move|p2a: Silvally|Swords Dance|p2a: Silvally\n|-boost|p2a: Silvally|atk|2\n|move|p1a: Ferroseed|Gyro Ball|p2a: Silvally\n|-damage|p2a: Silvally|68\/100\n|\n|-end|p1a: Ferroseed|move: Taunt\n|upkeep\n|turn|4\n|\n|t:|1652127862\n|switch|p1a: Pincurchin|Pincurchin, M|100\/100\n|-fieldstart|move: Electric Terrain|[from] ability: Electric Surge|[of] p1a: Pincurchin\n|move|p2a: Silvally|Flame Charge|p1a: Pincurchin\n|-damage|p1a: Pincurchin|78\/100\n|-boost|p2a: Silvally|spe|1\n|\n|upkeep\n|turn|5\n|\n|t:|1652127877\n|switch|p1a: Ferroseed|Ferroseed, M|82\/100\n|move|p2a: Silvally|Multi-Attack|p1a: Ferroseed\n|-damage|p1a: Ferroseed|0 fnt\n|-damage|p2a: Silvally|55\/100|[from] ability: Iron Barbs|[of] p1a: Ferroseed\n|faint|p1a: Ferroseed\n|\n|upkeep\n|\n|t:|1652127879\n|switch|p1a: Raichu|Raichu-Alola, M|100\/100\n|turn|6\n|\n|t:|1652127885\n|move|p1a: Raichu|Rising Voltage|p2a: Silvally\n|-hint|Rising Voltage's BP doubled on grounded target.\n|-damage|p2a: Silvally|0 fnt\n|faint|p2a: Silvally\n|-damage|p1a: Raichu|91\/100|[from] item: Life Orb\n|\n|upkeep\n|\n|t:|1652127888\n|switch|p2a: Grimmsnarl|Grimmsnarl, M|100\/100\n|turn|7\n|\n|t:|1652127895\n|switch|p1a: Sceptile|Sceptile, F|100\/100\n|-enditem|p1a: Sceptile|Electric Seed\n|-boost|p1a: Sceptile|def|1|[from] item: Electric Seed\n|move|p2a: Grimmsnarl|Light Screen|p2a: Grimmsnarl\n|-sidestart|p2: xSkelly34|move: Light Screen\n|\n|upkeep\n|turn|8\n|j| Flow of Laminar\n|\n|t:|1652127901\n|move|p2a: Grimmsnarl|Thunder Wave|p1a: Sceptile\n|-status|p1a: Sceptile|par\n|move|p1a: Sceptile|Swords Dance|p1a: Sceptile\n|-boost|p1a: Sceptile|atk|2\n|\n|upkeep\n|turn|9\n|\n|t:|1652127905\n|move|p2a: Grimmsnarl|Reflect|p2a: Grimmsnarl\n|-sidestart|p2: xSkelly34|Reflect\n|move|p1a: Sceptile|Leaf Blade|p2a: Grimmsnarl\n|-damage|p2a: Grimmsnarl|57\/100\n|-enditem|p2a: Grimmsnarl|Eject Button\n|\n|t:|1652127909\n|switch|p2a: Articuno|Articuno-Galar|100\/100\n|\n|upkeep\n|turn|10\n|\n|t:|1652127913\n|move|p2a: Articuno|Agility|p2a: Articuno\n|-boost|p2a: Articuno|spe|2\n|move|p1a: Sceptile|Earthquake|p2a: Articuno\n|-immune|p2a: Articuno\n|\n|upkeep\n|turn|11\n|j| Giove97\n|j| xInsomniac\n|\n|t:|1652127921\n|switch|p1a: Uxie|Uxie|100\/100\n|-enditem|p1a: Uxie|Electric Seed\n|-boost|p1a: Uxie|def|1|[from] item: Electric Seed\n|move|p2a: Articuno|Calm Mind|p2a: Articuno\n|-boost|p2a: Articuno|spa|1\n|-boost|p2a: Articuno|spd|1\n|\n|-sideend|p2: xSkelly34|move: Light Screen\n|-fieldend|move: Electric Terrain\n|upkeep\n|turn|12\n|\n|t:|1652127924\n|move|p2a: Articuno|Agility|p2a: Articuno\n|-boost|p2a: Articuno|spe|2\n|move|p1a: Uxie|Calm Mind|p1a: Uxie\n|-boost|p1a: Uxie|spa|1\n|-boost|p1a: Uxie|spd|1\n|\n|upkeep\n|turn|13\n|\n|t:|1652127926\n|move|p2a: Articuno|Calm Mind|p2a: Articuno\n|-boost|p2a: Articuno|spa|1\n|-boost|p2a: Articuno|spd|1\n|move|p1a: Uxie|Calm Mind|p1a: Uxie\n|-boost|p1a: Uxie|spa|1\n|-boost|p1a: Uxie|spd|1\n|\n|-sideend|p2: xSkelly34|Reflect\n|upkeep\n|turn|14\n|\n|t:|1652127928\n|move|p2a: Articuno|Calm Mind|p2a: Articuno\n|-boost|p2a: Articuno|spa|1\n|-boost|p2a: Articuno|spd|1\n|move|p1a: Uxie|Calm Mind|p1a: Uxie\n|-boost|p1a: Uxie|spa|1\n|-boost|p1a: Uxie|spd|1\n|\n|upkeep\n|turn|15\n|\n|t:|1652127930\n|move|p2a: Articuno|Calm Mind|p2a: Articuno\n|-boost|p2a: Articuno|spa|1\n|-boost|p2a: Articuno|spd|1\n|move|p1a: Uxie|Calm Mind|p1a: Uxie\n|-boost|p1a: Uxie|spa|1\n|-boost|p1a: Uxie|spd|1\n|\n|upkeep\n|turn|16\n|\n|t:|1652127931\n|move|p2a: Articuno|Calm Mind|p2a: Articuno\n|-boost|p2a: Articuno|spa|1\n|-boost|p2a: Articuno|spd|1\n|move|p1a: Uxie|Calm Mind|p1a: Uxie\n|-boost|p1a: Uxie|spa|1\n|-boost|p1a: Uxie|spd|1\n|\n|upkeep\n|turn|17\n|\n|t:|1652127933\n|move|p2a: Articuno|Calm Mind|p2a: Articuno\n|-boost|p2a: Articuno|spa|1\n|-boost|p2a: Articuno|spd|1\n|move|p1a: Uxie|Calm Mind|p1a: Uxie\n|-boost|p1a: Uxie|spa|1\n|-boost|p1a: Uxie|spd|1\n|\n|upkeep\n|turn|18\n|\n|t:|1652127936\n|move|p2a: Articuno|Stored Power|p1a: Uxie\n|-resisted|p1a: Uxie\n|-damage|p1a: Uxie|37\/100\n|move|p1a: Uxie|Stored Power|p2a: Articuno\n|-resisted|p2a: Articuno\n|-damage|p2a: Articuno|58\/100\n|\n|upkeep\n|turn|19\n|\n|t:|1652127940\n|move|p2a: Articuno|Stored Power|p1a: Uxie\n|-resisted|p1a: Uxie\n|-damage|p1a: Uxie|0 fnt\n|faint|p1a: Uxie\n|\n|upkeep\n|\n|t:|1652127942\n|switch|p1a: Pincurchin|Pincurchin, M|78\/100\n|-fieldstart|move: Electric Terrain|[from] ability: Electric Surge|[of] p1a: Pincurchin\n|turn|20\n|\n|t:|1652127945\n|move|p2a: Articuno|Stored Power|p1a: Pincurchin\n|-damage|p1a: Pincurchin|0 fnt\n|faint|p1a: Pincurchin\n|\n|upkeep\n|j| clean cuts\n|\n|t:|1652127947\n|switch|p1a: Raichu|Raichu-Alola, M|91\/100\n|turn|21\n|\n|t:|1652127948\n|move|p2a: Articuno|Stored Power|p1a: Raichu\n|-resisted|p1a: Raichu\n|-damage|p1a: Raichu|0 fnt\n|faint|p1a: Raichu\n|\n|upkeep\n|c|\u2606bobasaur05|gg\n|c|\u2606xSkelly34|gg\n|-message|bobasaur05 forfeited.\n|\n|win|xSkelly34\n|n|\u2606bobasaur05|bobasaur05\n|n|\u2606xSkelly34|xskelly34\n|n|*Lady Monita \u273f|ladymonita\n|n| BB-8-NU|bb8nu\n|n| Flow of Laminar|flowoflaminar\n|n| Giove97|giove97\n|n| xInsomniac|xinsomniac\n|n| clean cuts|cleancuts\n","uploadtime":1652127956,"views":11,"p1id":"bobasaur05","p2id":"xskelly34","formatid":"gen8nu","rating":0,"private":0,"password":null}