{"id":"gen8monotype-1338537590","p1":"GuyguyLaMenace","p2":"darkvoid98","format":"gen8monotype","log":"|html|<div class=\"broadcast-blue\"><strong>[Gen 8] Monotype is currently suspecting Urshifu! For information on how to participate check out the <a href=\"https:\/\/www.smogon.com\/forums\/threads\/ss-monotype-suspect-3-urshifu-s.3683191\/\">suspect thread<\/a>.<\/strong><\/div>\n|j|\u2606GuyguyLaMenace\n|j|\u2606darkvoid98\n|t:|1620737444\n|gametype|singles\n|player|p1|GuyguyLaMenace|volkner|1238\n|player|p2|darkvoid98|caitlin|1303\n|teamsize|p1|6\n|teamsize|p2|6\n|gen|8\n|tier|[Gen 8] Monotype\n|rated|\n|rule|Same Type Clause: Pok\u00e9mon in a team must share a type\n|rule|Sleep Clause Mod: Limit one foe put to sleep\n|rule|Species Clause: Limit one of each Pok\u00e9mon\n|rule|OHKO Clause: OHKO moves are banned\n|rule|Evasion Moves Clause: Evasion moves are banned\n|rule|Endless Battle Clause: Forcing endless battles is banned\n|rule|HP Percentage Mod: HP is shown in percentages\n|rule|Dynamax Clause: You cannot dynamax\n|clearpoke\n|poke|p1|Regieleki|\n|poke|p1|Tapu Koko|\n|poke|p1|Zeraora|\n|poke|p1|Zapdos|\n|poke|p1|Raichu-Alola, M|\n|poke|p1|Rotom-Wash|\n|poke|p2|Indeedee, M|\n|poke|p2|Alakazam, M|\n|poke|p2|Tapu Lele|\n|poke|p2|Victini|\n|poke|p2|Latias, F|\n|poke|p2|Espeon, F|\n|teampreview\n|inactive|Battle timer is ON: inactive players will automatically lose when time's up. (requested by darkvoid98)\n|\n|t:|1620737459\n|start\n|switch|p1a: Zapdos|Zapdos, shiny|100\/100\n|switch|p2a: Indeedee|Indeedee, M, shiny|100\/100\n|-fieldstart|move: Psychic Terrain|[from] ability: Psychic Surge|[of] p2a: Indeedee\n|turn|1\n|\n|t:|1620737477\n|move|p2a: Indeedee|Expanding Force|p1a: Zapdos\n|-damage|p1a: Zapdos|0 fnt\n|faint|p1a: Zapdos\n|\n|upkeep\n|\n|t:|1620737480\n|switch|p1a: Tapu Koko|Tapu Koko, shiny|100\/100\n|-fieldstart|move: Electric Terrain|[from] ability: Electric Surge|[of] p1a: Tapu Koko\n|turn|2\n|inactive|darkvoid98 has 120 seconds left.\n|\n|t:|1620737529\n|switch|p2a: Latias|Latias, F, shiny|100\/100\n|move|p1a: Tapu Koko|Volt Switch|p2a: Latias\n|-resisted|p2a: Latias\n|-damage|p2a: Latias|81\/100\n|-damage|p1a: Tapu Koko|91\/100|[from] item: Life Orb\n|\n|t:|1620737532\n|switch|p1a: Zeraora|Zeraora, shiny|100\/100|[from]move: Volt Switch\n|\n|-status|p2a: Latias|brn|[from] item: Flame Orb\n|upkeep\n|turn|3\n|\n|t:|1620737555\n|switch|p2a: Tapu Lele|Tapu Lele, shiny|100\/100\n|-fieldstart|move: Psychic Terrain|[from] ability: Psychic Surge|[of] p2a: Tapu Lele\n|move|p1a: Zeraora|Knock Off|p2a: Tapu Lele\n|-damage|p2a: Tapu Lele|32\/100\n|-enditem|p2a: Tapu Lele|Choice Scarf|[from] move: Knock Off|[of] p1a: Zeraora\n|\n|upkeep\n|turn|4\n|\n|t:|1620737568\n|move|p1a: Zeraora|Knock Off|p2a: Tapu Lele\n|-damage|p2a: Tapu Lele|0 fnt\n|faint|p2a: Tapu Lele\n|\n|upkeep\n|\n|t:|1620737574\n|switch|p2a: Latias|Latias, F, shiny|81\/100 brn\n|turn|5\n|\n|t:|1620737584\n|move|p1a: Zeraora|Knock Off|p2a: Latias\n|-supereffective|p2a: Latias\n|-damage|p2a: Latias|16\/100 brn\n|-enditem|p2a: Latias|Flame Orb|[from] move: Knock Off|[of] p1a: Zeraora\n|move|p2a: Latias|Agility|p2a: Latias\n|-boost|p2a: Latias|spe|2\n|\n|-damage|p2a: Latias|10\/100 brn|[from] brn\n|upkeep\n|turn|6\n|\n|t:|1620737602\n|switch|p1a: Rotom|Rotom-Wash|100\/100\n|move|p2a: Latias|Recover|p2a: Latias\n|-heal|p2a: Latias|60\/100 brn\n|\n|-damage|p2a: Latias|54\/100 brn|[from] brn\n|upkeep\n|turn|7\n|\n|t:|1620737611\n|move|p2a: Latias|Calm Mind|p2a: Latias\n|-boost|p2a: Latias|spa|1\n|-boost|p2a: Latias|spd|1\n|move|p1a: Rotom|Volt Switch|p2a: Latias\n|-resisted|p2a: Latias\n|-damage|p2a: Latias|47\/100 brn\n|\n|t:|1620737614\n|switch|p1a: Tapu Koko|Tapu Koko, shiny|91\/100|[from]move: Volt Switch\n|-fieldstart|move: Electric Terrain|[from] ability: Electric Surge|[of] p1a: Tapu Koko\n|\n|-damage|p2a: Latias|41\/100 brn|[from] brn\n|upkeep\n|turn|8\n|inactive|darkvoid98 has 120 seconds left.\n|\n|t:|1620737624\n|move|p2a: Latias|Recover|p2a: Latias\n|-heal|p2a: Latias|91\/100 brn\n|move|p1a: Tapu Koko|Dazzling Gleam|p2a: Latias\n|-supereffective|p2a: Latias\n|-damage|p2a: Latias|48\/100 brn\n|-damage|p1a: Tapu Koko|81\/100|[from] item: Life Orb\n|\n|-damage|p2a: Latias|42\/100 brn|[from] brn\n|upkeep\n|turn|9\n|inactive|darkvoid98 has 120 seconds left.\n|\n|t:|1620737637\n|move|p2a: Latias|Recover|p2a: Latias\n|-heal|p2a: Latias|92\/100 brn\n|move|p1a: Tapu Koko|Dazzling Gleam|p2a: Latias\n|-supereffective|p2a: Latias\n|-damage|p2a: Latias|50\/100 brn\n|-damage|p1a: Tapu Koko|71\/100|[from] item: Life Orb\n|\n|-damage|p2a: Latias|44\/100 brn|[from] brn\n|upkeep\n|turn|10\n|inactive|darkvoid98 has 120 seconds left.\n|\n|t:|1620737651\n|move|p2a: Latias|Recover|p2a: Latias\n|-heal|p2a: Latias|94\/100 brn\n|move|p1a: Tapu Koko|Volt Switch|p2a: Latias\n|-resisted|p2a: Latias\n|-damage|p2a: Latias|82\/100 brn\n|-damage|p1a: Tapu Koko|61\/100|[from] item: Life Orb\n|\n|t:|1620737653\n|switch|p1a: Regieleki|Regieleki, shiny|100\/100|[from]move: Volt Switch\n|\n|-damage|p2a: Latias|76\/100 brn|[from] brn\n|upkeep\n|turn|11\n|\n|t:|1620737664\n|move|p1a: Regieleki|Rising Voltage|p2a: Latias\n|-resisted|p2a: Latias\n|-damage|p2a: Latias|52\/100 brn\n|move|p2a: Latias|Calm Mind|p2a: Latias\n|-boost|p2a: Latias|spa|1\n|-boost|p2a: Latias|spd|1\n|\n|-damage|p2a: Latias|46\/100 brn|[from] brn\n|-fieldend|move: Electric Terrain\n|upkeep\n|turn|12\n|\n|t:|1620737684\n|switch|p1a: Tapu Koko|Tapu Koko, shiny|61\/100\n|-fieldstart|move: Electric Terrain|[from] ability: Electric Surge|[of] p1a: Tapu Koko\n|move|p2a: Latias|Agility|p2a: Latias\n|-boost|p2a: Latias|spe|2\n|\n|-damage|p2a: Latias|40\/100 brn|[from] brn\n|upkeep\n|turn|13\n|\n|t:|1620737694\n|move|p2a: Latias|Recover|p2a: Latias\n|-heal|p2a: Latias|90\/100 brn\n|move|p1a: Tapu Koko|Roost|p1a: Tapu Koko\n|-heal|p1a: Tapu Koko|100\/100\n|-singleturn|p1a: Tapu Koko|move: Roost\n|\n|-damage|p2a: Latias|84\/100 brn|[from] brn\n|upkeep\n|turn|14\n|\n|t:|1620737704\n|move|p2a: Latias|Stored Power|p1a: Tapu Koko\n|-damage|p1a: Tapu Koko|0 fnt\n|faint|p1a: Tapu Koko\n|\n|-damage|p2a: Latias|78\/100 brn|[from] brn\n|upkeep\n|\n|t:|1620737714\n|switch|p1a: Raichu|Raichu-Alola, M|100\/100\n|turn|15\n|\n|t:|1620737724\n|move|p2a: Latias|Calm Mind|p2a: Latias\n|-boost|p2a: Latias|spa|1\n|-boost|p2a: Latias|spd|1\n|move|p1a: Raichu|Nasty Plot|p1a: Raichu\n|-boost|p1a: Raichu|spa|2\n|\n|-damage|p2a: Latias|72\/100 brn|[from] brn\n|upkeep\n|turn|16\n|\n|t:|1620737734\n|move|p2a: Latias|Calm Mind|p2a: Latias\n|-boost|p2a: Latias|spa|1\n|-boost|p2a: Latias|spd|1\n|move|p1a: Raichu|Rising Voltage|p2a: Latias\n|-resisted|p2a: Latias\n|-damage|p2a: Latias|63\/100 brn\n|\n|-damage|p2a: Latias|57\/100 brn|[from] brn\n|-fieldend|move: Electric Terrain\n|upkeep\n|turn|17\n|\n|t:|1620737745\n|move|p2a: Latias|Stored Power|p1a: Raichu\n|-resisted|p1a: Raichu\n|-crit|p1a: Raichu\n|-enditem|p1a: Raichu|Focus Sash\n|-damage|p1a: Raichu|1\/100\n|move|p1a: Raichu|Electric Terrain|p1a: Raichu\n|-fieldstart|move: Electric Terrain\n|\n|-damage|p2a: Latias|51\/100 brn|[from] brn\n|upkeep\n|turn|18\n|\n|t:|1620737755\n|move|p2a: Latias|Stored Power|p1a: Raichu\n|-resisted|p1a: Raichu\n|-damage|p1a: Raichu|0 fnt\n|faint|p1a: Raichu\n|\n|-damage|p2a: Latias|45\/100 brn|[from] brn\n|upkeep\n|\n|t:|1620737772\n|switch|p1a: Regieleki|Regieleki, shiny|100\/100\n|turn|19\n|-message|GuyguyLaMenace forfeited.\n|\n|win|darkvoid98\n|raw|GuyguyLaMenace's rating: 1238 &rarr; <strong>1218<\/strong><br \/>(-20 for losing)\n|raw|darkvoid98's rating: 1303 &rarr; <strong>1319<\/strong><br \/>(+16 for winning)\n|l|\u2606GuyguyLaMenace\n|j|\u2606GuyguyLaMenace\n|player|p1|GuyguyLaMenace|volkner\n","uploadtime":1620737777,"views":12,"p1id":"guyguylamenace","p2id":"darkvoid98","formatid":"gen8monotype","rating":1218,"private":0,"password":null}