{"id":"gen8ou-1706900775","p1":"Scarlet Sun","p2":"Spectre Ace","format":"gen8ou","log":"|j|\u2606Scarlet Sun\n|j|\u2606Spectre Ace\n|t:|1668030968\n|gametype|singles\n|player|p1|Scarlet Sun|medium|1584\n|player|p2|Spectre Ace|juggler|1709\n|teamsize|p1|6\n|teamsize|p2|6\n|gen|8\n|tier|[Gen 8] OU\n|rated|\n|rule|Sleep Clause Mod: Limit one foe put to sleep\n|rule|Species Clause: Limit one of each Pok\u00e9mon\n|rule|OHKO Clause: OHKO moves are banned\n|rule|Evasion Items Clause: Evasion items are banned\n|rule|Evasion Moves Clause: Evasion moves are banned\n|rule|Endless Battle Clause: Forcing endless battles is banned\n|rule|HP Percentage Mod: HP is shown in percentages\n|rule|Dynamax Clause: You cannot dynamax\n|clearpoke\n|poke|p1|Garchomp, M|\n|poke|p1|Aegislash, M|\n|poke|p1|Zapdos-Galar|\n|poke|p1|Tapu Lele|\n|poke|p1|Slowbro, M|\n|poke|p1|Tyranitar, M|\n|poke|p2|Raichu-Alola, F|\n|poke|p2|Tapu Koko|\n|poke|p2|Ferrothorn, M|\n|poke|p2|Tyranitar, M|\n|poke|p2|Landorus-Therian, M|\n|poke|p2|Tornadus-Therian, M|\n|teampreview\n|\n|t:|1668030979\n|start\n|switch|p1a: Mega Ultra Chicken|Zapdos-Galar|100\/100\n|switch|p2a: Tornadus|Tornadus-Therian, M|100\/100\n|turn|1\n|\n|t:|1668030986\n|switch|p1a: Tyranitar|Tyranitar, M|100\/100\n|-weather|Sandstorm|[from] ability: Sand Stream|[of] p1a: Tyranitar\n|move|p2a: Tornadus|Knock Off|p1a: Tyranitar\n|-resisted|p1a: Tyranitar\n|-damage|p1a: Tyranitar|93\/100\n|-enditem|p1a: Tyranitar|Leftovers|[from] move: Knock Off|[of] p2a: Tornadus\n|\n|-weather|Sandstorm|[upkeep]\n|-damage|p2a: Tornadus|94\/100|[from] Sandstorm\n|upkeep\n|turn|2\n|\n|t:|1668030990\n|move|p2a: Tornadus|U-turn|p1a: Tyranitar\n|-supereffective|p1a: Tyranitar\n|-damage|p1a: Tyranitar|72\/100\n|\n|t:|1668030992\n|switch|p2a: Landorus|Landorus-Therian, M|100\/100|[from]move: U-turn\n|-ability|p2a: Landorus|Intimidate|boost\n|-unboost|p1a: Tyranitar|atk|1\n|move|p1a: Tyranitar|Stealth Rock|p2a: Landorus\n|-sidestart|p2: Spectre Ace|move: Stealth Rock\n|\n|-weather|Sandstorm|[upkeep]\n|upkeep\n|turn|3\n|\n|t:|1668030998\n|switch|p1a: Beast|Slowbro, M|100\/100\n|move|p2a: Landorus|Stealth Rock|p1a: Beast\n|-sidestart|p1: Scarlet Sun|move: Stealth Rock\n|\n|-weather|Sandstorm|[upkeep]\n|-damage|p1a: Beast|94\/100|[from] Sandstorm\n|upkeep\n|turn|4\n|\n|t:|1668031002\n|move|p2a: Landorus|Toxic|p1a: Beast\n|-status|p1a: Beast|tox\n|move|p1a: Beast|Teleport|p1a: Beast\n|\n|t:|1668031009\n|switch|p1a: Tapu-Spuros|Tapu Lele|100\/100|[from]move: Teleport\n|-damage|p1a: Tapu-Spuros|88\/100|[from] Stealth Rock\n|-fieldstart|move: Psychic Terrain|[from] ability: Psychic Surge|[of] p1a: Tapu-Spuros\n|\n|-weather|Sandstorm|[upkeep]\n|-damage|p1a: Tapu-Spuros|82\/100|[from] Sandstorm\n|upkeep\n|turn|5\n|\n|t:|1668031021\n|move|p1a: Tapu-Spuros|Psyshock|p2a: Landorus\n|-damage|p2a: Landorus|52\/100\n|move|p2a: Landorus|U-turn|p1a: Tapu-Spuros\n|-damage|p1a: Tapu-Spuros|45\/100\n|\n|t:|1668031024\n|switch|p2a: Ferrothorn|Ferrothorn, M|100\/100|[from]move: U-turn\n|-damage|p2a: Ferrothorn|94\/100|[from] Stealth Rock\n|\n|-weather|none\n|-heal|p2a: Ferrothorn|100\/100|[from] item: Leftovers\n|upkeep\n|turn|6\n|\n|t:|1668031030\n|switch|p1a: Mega Ultra Chicken|Zapdos-Galar|100\/100\n|-damage|p1a: Mega Ultra Chicken|88\/100|[from] Stealth Rock\n|move|p2a: Ferrothorn|Leech Seed|p1a: Mega Ultra Chicken\n|-start|p1a: Mega Ultra Chicken|move: Leech Seed\n|\n|-damage|p1a: Mega Ultra Chicken|76\/100|[from] Leech Seed|[of] p2a: Ferrothorn\n|upkeep\n|turn|7\n|\n|t:|1668031037\n|switch|p2a: Tornadus|Tornadus-Therian, M|100\/100\n|move|p1a: Mega Ultra Chicken|Thunderous Kick|p2a: Tornadus\n|-resisted|p2a: Tornadus\n|-damage|p2a: Tornadus|61\/100\n|-unboost|p2a: Tornadus|def|1\n|\n|-damage|p1a: Mega Ultra Chicken|63\/100|[from] Leech Seed|[of] p2a: Tornadus\n|-heal|p2a: Tornadus|72\/100|[silent]\n|upkeep\n|turn|8\n|\n|t:|1668031042\n|switch|p1a: Tyranitar|Tyranitar, M|72\/100\n|-damage|p1a: Tyranitar|60\/100|[from] Stealth Rock\n|-weather|Sandstorm|[from] ability: Sand Stream|[of] p1a: Tyranitar\n|move|p2a: Tornadus|U-turn|p1a: Tyranitar\n|-supereffective|p1a: Tyranitar\n|-damage|p1a: Tyranitar|38\/100\n|\n|t:|1668031045\n|switch|p2a: Tapu Koko|Tapu Koko|100\/100|[from]move: U-turn\n|-damage|p2a: Tapu Koko|88\/100|[from] Stealth Rock\n|-fieldstart|move: Electric Terrain|[from] ability: Electric Surge|[of] p2a: Tapu Koko\n|\n|-weather|Sandstorm|[upkeep]\n|-damage|p2a: Tapu Koko|82\/100|[from] Sandstorm\n|upkeep\n|turn|9\n|\n|t:|1668031064\n|switch|p1a: Saiph|Aegislash, M, shiny|100\/100\n|-damage|p1a: Saiph|94\/100|[from] Stealth Rock\n|move|p2a: Tapu Koko|U-turn|p1a: Saiph\n|-resisted|p1a: Saiph\n|-damage|p1a: Saiph|91\/100\n|\n|t:|1668031074\n|switch|p2a: Ferrothorn|Ferrothorn, M|100\/100|[from]move: U-turn\n|-damage|p2a: Ferrothorn|94\/100|[from] Stealth Rock\n|\n|-weather|Sandstorm|[upkeep]\n|-heal|p2a: Ferrothorn|100\/100|[from] item: Leftovers\n|upkeep\n|turn|10\n|\n|t:|1668031096\n|switch|p1a: Mega Ultra Chicken|Zapdos-Galar|63\/100\n|-damage|p1a: Mega Ultra Chicken|51\/100|[from] Stealth Rock\n|move|p2a: Ferrothorn|Leech Seed|p1a: Mega Ultra Chicken\n|-start|p1a: Mega Ultra Chicken|move: Leech Seed\n|\n|-weather|Sandstorm|[upkeep]\n|-damage|p1a: Mega Ultra Chicken|44\/100|[from] Sandstorm\n|-damage|p1a: Mega Ultra Chicken|32\/100|[from] Leech Seed|[of] p2a: Ferrothorn\n|upkeep\n|turn|11\n|\n|t:|1668031106\n|switch|p2a: Tornadus|Tornadus-Therian, M|100\/100\n|move|p1a: Mega Ultra Chicken|Brave Bird|p2a: Tornadus\n|-damage|p2a: Tornadus|0 fnt\n|faint|p2a: Tornadus\n|-damage|p1a: Mega Ultra Chicken|0 fnt|[from] Recoil\n|faint|p1a: Mega Ultra Chicken\n|\n|-weather|Sandstorm|[upkeep]\n|upkeep\n|\n|t:|1668031122\n|switch|p2a: Ferrothorn|Ferrothorn, M|100\/100\n|switch|p1a: Beast|Slowbro, M|100\/100 tox\n|-damage|p2a: Ferrothorn|94\/100|[from] Stealth Rock\n|turn|12\n|\n|t:|1668031127\n|move|p2a: Ferrothorn|Spikes|p1a: Beast\n|-sidestart|p1: Scarlet Sun|Spikes\n|move|p1a: Beast|Teleport|p1a: Beast\n|\n|t:|1668031129\n|switch|p1a: Dr Nefarious|Garchomp, M|100\/100|[from]move: Teleport\n|\n|-weather|none\n|-heal|p2a: Ferrothorn|100\/100|[from] item: Leftovers\n|upkeep\n|turn|13\n|\n|t:|1668031140\n|move|p1a: Dr Nefarious|Swords Dance|p1a: Dr Nefarious\n|-boost|p1a: Dr Nefarious|atk|2\n|move|p2a: Ferrothorn|Leech Seed|p1a: Dr Nefarious\n|-start|p1a: Dr Nefarious|move: Leech Seed\n|\n|-damage|p1a: Dr Nefarious|88\/100|[from] Leech Seed|[of] p2a: Ferrothorn\n|upkeep\n|turn|14\n|\n|t:|1668031145\n|move|p1a: Dr Nefarious|Fire Fang|p2a: Ferrothorn\n|-supereffective|p2a: Ferrothorn\n|-damage|p2a: Ferrothorn|0 fnt\n|-damage|p1a: Dr Nefarious|76\/100|[from] ability: Iron Barbs|[of] p2a: Ferrothorn\n|faint|p2a: Ferrothorn\n|\n|upkeep\n|\n|t:|1668031148\n|switch|p2a: Landorus|Landorus-Therian, M|52\/100\n|-damage|p2a: Landorus|39\/100|[from] Stealth Rock\n|-ability|p2a: Landorus|Intimidate|boost\n|-unboost|p1a: Dr Nefarious|atk|1\n|turn|15\n|\n|t:|1668031156\n|switch|p2a: Tapu Koko|Tapu Koko|82\/100\n|-damage|p2a: Tapu Koko|70\/100|[from] Stealth Rock\n|move|p1a: Dr Nefarious|Earthquake|p2a: Tapu Koko\n|-supereffective|p2a: Tapu Koko\n|-damage|p2a: Tapu Koko|0 fnt\n|faint|p2a: Tapu Koko\n|\n|-fieldend|move: Electric Terrain\n|upkeep\n|\n|t:|1668031159\n|switch|p2a: Landorus|Landorus-Therian, M|39\/100\n|-damage|p2a: Landorus|27\/100|[from] Stealth Rock\n|-ability|p2a: Landorus|Intimidate|boost\n|-unboost|p1a: Dr Nefarious|atk|1\n|turn|16\n|\n|t:|1668031170\n|switch|p1a: Beast|Slowbro, M|100\/100 tox\n|move|p2a: Landorus|Earthquake|p1a: Beast\n|-damage|p1a: Beast|70\/100 tox\n|\n|-heal|p2a: Landorus|33\/100|[from] item: Leftovers\n|-damage|p1a: Beast|64\/100 tox|[from] psn\n|upkeep\n|turn|17\n|\n|t:|1668031174\n|move|p2a: Landorus|Earthquake|p1a: Beast\n|-crit|p1a: Beast\n|-damage|p1a: Beast|25\/100 tox\n|move|p1a: Beast|Scald|p2a: Landorus\n|-supereffective|p2a: Landorus\n|-damage|p2a: Landorus|0 fnt\n|faint|p2a: Landorus\n|\n|-damage|p1a: Beast|12\/100 tox|[from] psn\n|upkeep\n|\n|t:|1668031176\n|switch|p2a: Raichu|Raichu-Alola, F, shiny|100\/100\n|-damage|p2a: Raichu|88\/100|[from] Stealth Rock\n|turn|18\n|-message|Spectre Ace forfeited.\n|\n|win|Scarlet Sun\n|raw|Scarlet Sun's rating: 1584 &rarr; <strong>1611<\/strong><br \/>(+27 for winning)\n|raw|Spectre Ace's rating: 1709 &rarr; <strong>1682<\/strong><br \/>(-27 for losing)\n|l|\u2606Spectre Ace\n","uploadtime":1668031193,"views":1,"p1id":"scarletsun","p2id":"spectreace","formatid":"gen8ou","rating":1611,"private":0,"password":null}