{"id":"gen8battlefactory-1667148626","p1":"broked on bricks","p2":"nnkop","format":"gen8battlefactory","log":"|j|\u2606broked on bricks\n|j|\u2606nnkop\n|t:|1663487885\n|gametype|singles\n|player|p1|broked on bricks|will-gen2|1040\n|player|p2|nnkop|265|1125\n|teamsize|p1|6\n|teamsize|p2|6\n|gen|8\n|tier|[Gen 8] Battle Factory\n|rated|\n|rule|Sleep Clause Mod: Limit one foe put to sleep\n|rule|Species Clause: Limit one of each Pok\u00e9mon\n|rule|OHKO Clause: OHKO moves are banned\n|rule|Evasion Items Clause: Evasion items are banned\n|rule|Evasion Moves Clause: Evasion moves are banned\n|rule|Endless Battle Clause: Forcing endless battles is banned\n|rule|HP Percentage Mod: HP is shown in percentages\n|rule|Dynamax Clause: You cannot dynamax\n|clearpoke\n|poke|p1|Bunnelby, L5, M|\n|poke|p1|Corphish, L5, F|\n|poke|p1|Hippopotas, L5, M|\n|poke|p1|Tyrunt, L5, M|\n|poke|p1|Timburr, L5, M|\n|poke|p1|Stunky, L5, F|\n|poke|p2|Sinistea, L5|\n|poke|p2|Omanyte, L5, F|\n|poke|p2|Pawniard, L5, M|\n|poke|p2|Staryu, L5|\n|poke|p2|Lileep, L5, M|\n|poke|p2|Foongus, L5, F|\n|teampreview\n|c|\u2606broked on bricks|oh fuck lc\n|c|\u2606broked on bricks|glhf\n|inactive|Battle timer is ON: inactive players will automatically lose when time's up. (requested by nnkop)\n|c|\u2606nnkop|gl\n|\n|t:|1663487910\n|start\n|switch|p1a: Hippopotas|Hippopotas, L5, M|25\/25\n|switch|p2a: Foongus|Foongus, L5, F|25\/25\n|-weather|Sandstorm|[from] ability: Sand Stream|[of] p1a: Hippopotas\n|turn|1\n|\n|t:|1663487930\n|move|p1a: Hippopotas|Stealth Rock|p2a: Foongus\n|-sidestart|p2: nnkop|move: Stealth Rock\n|move|p2a: Foongus|Spore|p1a: Hippopotas\n|-status|p1a: Hippopotas|slp|[from] move: Spore\n|\n|-weather|Sandstorm|[upkeep]\n|-damage|p2a: Foongus|24\/25|[from] Sandstorm\n|upkeep\n|turn|2\n|\n|t:|1663487938\n|switch|p1a: Stunky|Stunky, L5, F|23\/23\n|move|p2a: Foongus|Giga Drain|p1a: Stunky\n|-resisted|p1a: Stunky\n|-damage|p1a: Stunky|18\/23\n|-heal|p2a: Foongus|25\/25|[from] drain|[of] p1a: Stunky\n|\n|-weather|Sandstorm|[upkeep]\n|-damage|p1a: Stunky|17\/23|[from] Sandstorm\n|-damage|p2a: Foongus|24\/25|[from] Sandstorm\n|upkeep\n|turn|3\n|\n|t:|1663487952\n|switch|p2a: Pawniard|Pawniard, L5, M|21\/21\n|-damage|p2a: Pawniard|20\/21|[from] Stealth Rock\n|move|p1a: Stunky|Fire Blast|p2a: Pawniard\n|-supereffective|p2a: Pawniard\n|-damage|p2a: Pawniard|7\/21\n|-damage|p1a: Stunky|15\/23|[from] item: Life Orb\n|\n|-weather|Sandstorm|[upkeep]\n|-damage|p1a: Stunky|14\/23|[from] Sandstorm\n|upkeep\n|turn|4\n|\n|t:|1663487970\n|move|p1a: Stunky|Play Rough|p2a: Pawniard\n|-damage|p2a: Pawniard|0 fnt\n|faint|p2a: Pawniard\n|-damage|p1a: Stunky|12\/23|[from] item: Life Orb\n|\n|-weather|Sandstorm|[upkeep]\n|-damage|p1a: Stunky|11\/23|[from] Sandstorm\n|upkeep\n|\n|t:|1663487979\n|switch|p2a: Staryu|Staryu, L5|21\/21\n|-damage|p2a: Staryu|19\/21|[from] Stealth Rock\n|turn|5\n|\n|t:|1663487998\n|switch|p1a: Bunnelby|Bunnelby, L5, M|21\/21\n|move|p2a: Staryu|Rapid Spin|p1a: Bunnelby\n|-damage|p1a: Bunnelby|17\/21\n|-boost|p2a: Staryu|spe|1\n|-sideend|p2: nnkop|Stealth Rock|[from] move: Rapid Spin|[of] p2a: Staryu\n|\n|-weather|none\n|upkeep\n|turn|6\n|\n|t:|1663488008\n|move|p2a: Staryu|Thunder Wave|p1a: Bunnelby|[miss]\n|-miss|p2a: Staryu|p1a: Bunnelby\n|move|p1a: Bunnelby|Swords Dance|p1a: Bunnelby\n|-boost|p1a: Bunnelby|atk|2\n|\n|upkeep\n|turn|7\n|\n|t:|1663488016\n|move|p1a: Bunnelby|Quick Attack|p2a: Staryu\n|-damage|p2a: Staryu|6\/21\n|move|p2a: Staryu|Thunder Wave|p1a: Bunnelby|[miss]\n|-miss|p2a: Staryu|p1a: Bunnelby\n|\n|upkeep\n|turn|8\n|c|\u2606broked on bricks|sorry lol\n|\n|t:|1663488025\n|switch|p2a: Sinistea|Sinistea, L5|21\/21\n|move|p1a: Bunnelby|Quick Attack|p2a: Sinistea\n|-immune|p2a: Sinistea\n|\n|upkeep\n|turn|9\n|c|\u2606broked on bricks|that's very unfortunate\n|\n|t:|1663488038\n|move|p1a: Bunnelby|Earthquake|p2a: Sinistea\n|-damage|p2a: Sinistea|0 fnt\n|faint|p2a: Sinistea\n|\n|upkeep\n|\n|t:|1663488042\n|switch|p2a: Foongus|Foongus, L5, F|25\/25\n|turn|10\n|\n|t:|1663488050\n|move|p1a: Bunnelby|Strength|p2a: Foongus\n|-damage|p2a: Foongus|0 fnt\n|faint|p2a: Foongus\n|\n|upkeep\n|c|\u2606nnkop|yeah\n|-message|nnkop forfeited.\n|\n|win|broked on bricks\n|raw|broked on bricks's rating: 1040 &rarr; <strong>1082<\/strong><br \/>(+42 for winning)\n|raw|nnkop's rating: 1125 &rarr; <strong>1094<\/strong><br \/>(-31 for losing)\n|l|\u2606nnkop\n","uploadtime":1663488061,"views":9,"p1id":"brokedonbricks","p2id":"nnkop","formatid":"gen8battlefactory","rating":1082,"private":0,"password":null}