{"id":"gen8randombattle-1623994992","p1":"AlIoutdragadarts","p2":"Boris Huang - YT","format":"gen8randombattle","log":"|j|\u2606AlIoutdragadarts\n|j|\u2606Boris Huang - YT\n|t:|1658644102\n|gametype|singles\n|player|p1|AlIoutdragadarts|tuber-gen6|2243\n|player|p2|Boris Huang - YT|#teamgapdos|2428\n|teamsize|p1|6\n|teamsize|p2|6\n|gen|8\n|tier|[Gen 8] Random Battle\n|rated|\n|rule|Species Clause: Limit one of each Pok\u00e9mon\n|rule|HP Percentage Mod: HP is shown in percentages\n|rule|Sleep Clause Mod: Limit one foe put to sleep\n|\n|t:|1658644102\n|start\n|switch|p1a: Zarude|Zarude-Dada, L78|292\/292\n|switch|p2a: Kyogre|Kyogre, L72|263\/263\n|-weather|RainDance|[from] ability: Drizzle|[of] p2a: Kyogre\n|turn|1\n|inactive|Battle timer is ON: inactive players will automatically lose when time's up. (requested by Boris Huang - YT)\n|\n|t:|1658644110\n|switch|p2a: Skarmory|Skarmory, L80, F|235\/235\n|move|p1a: Zarude|Power Whip|p2a: Skarmory|[miss]\n|-miss|p1a: Zarude|p2a: Skarmory\n|\n|-weather|RainDance|[upkeep]\n|upkeep\n|turn|2\n|\n|t:|1658644114\n|move|p1a: Zarude|Bulk Up|p1a: Zarude\n|-boost|p1a: Zarude|atk|1\n|-boost|p1a: Zarude|def|1\n|move|p2a: Skarmory|Spikes|p1a: Zarude\n|-sidestart|p1: AlIoutdragadarts|Spikes\n|\n|-weather|RainDance|[upkeep]\n|upkeep\n|turn|3\n|\n|t:|1658644118\n|move|p1a: Zarude|Darkest Lariat|p2a: Skarmory\n|-crit|p2a: Skarmory\n|-damage|p2a: Skarmory|84\/235\n|move|p2a: Skarmory|Whirlwind|p1a: Zarude\n|drag|p1a: Mewtwo|Mewtwo, L72|272\/272\n|-ability|p1a: Mewtwo|Unnerve\n|-damage|p1a: Mewtwo|238\/272|[from] Spikes\n|\n|-weather|RainDance|[upkeep]\n|-heal|p2a: Skarmory|98\/235|[from] item: Leftovers\n|upkeep\n|turn|4\n|j| JJ09LIE\n|\n|t:|1658644144\n|switch|p2a: Mawile|Mawile, L86, M|226\/226\n|-ability|p2a: Mawile|Intimidate|boost\n|-unboost|p1a: Mewtwo|atk|1\n|move|p1a: Mewtwo|Shadow Ball|p2a: Mawile\n|-damage|p2a: Mawile|123\/226\n|-unboost|p2a: Mawile|spd|1\n|-damage|p1a: Mewtwo|211\/272|[from] item: Life Orb\n|\n|-weather|RainDance|[upkeep]\n|upkeep\n|turn|5\n|inactive|Boris Huang - YT has 120 seconds left.\n|\n|t:|1658644169\n|switch|p1a: Kyogre|Kyogre, L72|263\/263\n|-damage|p1a: Kyogre|231\/263|[from] Spikes\n|move|p2a: Mawile|Sucker Punch||[still]\n|-fail|p2a: Mawile\n|\n|-weather|none\n|-heal|p1a: Kyogre|247\/263|[from] item: Leftovers\n|upkeep\n|turn|6\n|inactive|Boris Huang - YT has 120 seconds left.\n|\n|t:|1658644188\n|switch|p2a: Espeon|Espeon, L82, F|241\/241\n|move|p1a: Kyogre|Origin Pulse|p2a: Espeon\n|-damage|p2a: Espeon|117\/241\n|\n|-heal|p2a: Espeon|132\/241|[from] item: Leftovers\n|-heal|p1a: Kyogre|263\/263|[from] item: Leftovers\n|upkeep\n|turn|7\n|\n|t:|1658644210\n|switch|p1a: Aerodactyl|Aerodactyl, L82, F|265\/265\n|-ability|p1a: Aerodactyl|Unnerve\n|move|p2a: Espeon|Calm Mind|p2a: Espeon\n|-boost|p2a: Espeon|spa|1\n|-boost|p2a: Espeon|spd|1\n|\n|-heal|p2a: Espeon|147\/241|[from] item: Leftovers\n|upkeep\n|turn|8\n|\n|t:|1658644214\n|move|p1a: Aerodactyl|Stone Edge|p2a: Espeon\n|-damage|p2a: Espeon|0 fnt\n|faint|p2a: Espeon\n|\n|upkeep\n|\n|t:|1658644218\n|switch|p2a: Skarmory|Skarmory, L80, F|98\/235\n|turn|9\n|l| JJ09LIE\n|inactive|AlIoutdragadarts has 120 seconds left.\n|\n|t:|1658644250\n|switch|p1a: Kyogre|Kyogre, L72|263\/263\n|-damage|p1a: Kyogre|231\/263|[from] Spikes\n|-weather|RainDance|[from] ability: Drizzle|[of] p1a: Kyogre\n|move|p2a: Skarmory|Spikes|p1a: Kyogre\n|-sidestart|p1: AlIoutdragadarts|Spikes\n|\n|-weather|RainDance|[upkeep]\n|-heal|p1a: Kyogre|247\/263|[from] item: Leftovers\n|-heal|p2a: Skarmory|112\/235|[from] item: Leftovers\n|upkeep\n|turn|10\n|inactive|AlIoutdragadarts has 120 seconds left.\n|\n|t:|1658644281\n|move|p1a: Kyogre|Thunder|p2a: Skarmory\n|-supereffective|p2a: Skarmory\n|-damage|p2a: Skarmory|0 fnt\n|faint|p2a: Skarmory\n|\n|-weather|RainDance|[upkeep]\n|-heal|p1a: Kyogre|263\/263|[from] item: Leftovers\n|upkeep\n|\n|t:|1658644284\n|switch|p2a: Rapidash|Rapidash-Galar, L84, F|246\/246\n|turn|11\n|\n|t:|1658644304\n|move|p2a: Rapidash|Swords Dance|p2a: Rapidash\n|-boost|p2a: Rapidash|atk|2\n|move|p1a: Kyogre|Origin Pulse|p2a: Rapidash\n|-damage|p2a: Rapidash|56\/246\n|\n|-weather|RainDance|[upkeep]\n|-heal|p2a: Rapidash|71\/246|[from] item: Leftovers\n|upkeep\n|turn|12\n|\n|t:|1658644319\n|move|p2a: Rapidash|Play Rough|p1a: Kyogre\n|-damage|p1a: Kyogre|50\/263\n|move|p1a: Kyogre|Origin Pulse|p2a: Rapidash\n|-damage|p2a: Rapidash|0 fnt\n|faint|p2a: Rapidash\n|\n|-weather|RainDance|[upkeep]\n|-heal|p1a: Kyogre|66\/263|[from] item: Leftovers\n|upkeep\n|\n|t:|1658644329\n|switch|p2a: Kyogre|Kyogre, L72|263\/263\n|turn|13\n|\n|t:|1658644336\n|move|p2a: Kyogre|Thunder|p1a: Kyogre\n|-supereffective|p1a: Kyogre\n|-damage|p1a: Kyogre|0 fnt\n|faint|p1a: Kyogre\n|\n|-weather|none\n|upkeep\n|inactive|AlIoutdragadarts has 90 seconds left.\n|\n|t:|1658644372\n|switch|p1a: Mewtwo|Mewtwo, L72|211\/272\n|-ability|p1a: Mewtwo|Unnerve\n|-damage|p1a: Mewtwo|166\/272|[from] Spikes\n|turn|14\n|inactive|Boris Huang - YT has 120 seconds left.\n|\n|t:|1658644412\n|switch|p2a: Mawile|Mawile, L86, M|123\/226\n|-ability|p2a: Mawile|Intimidate|boost\n|-unboost|p1a: Mewtwo|atk|1\n|move|p1a: Mewtwo|Psystrike|p2a: Mawile\n|-resisted|p2a: Mawile\n|-damage|p2a: Mawile|45\/226\n|-damage|p1a: Mewtwo|139\/272|[from] item: Life Orb\n|\n|upkeep\n|turn|15\n|inactive|AlIoutdragadarts has 90 seconds left.\n|inactive|Boris Huang - YT has 120 seconds left.\n|inactive|AlIoutdragadarts has 60 seconds left.\n|\n|t:|1658644456\n|move|p1a: Mewtwo|Psystrike|p2a: Mawile\n|-resisted|p2a: Mawile\n|-damage|p2a: Mawile|0 fnt\n|faint|p2a: Mawile\n|-damage|p1a: Mewtwo|112\/272|[from] item: Life Orb\n|\n|upkeep\n|inactive|Boris Huang - YT has 120 seconds left.\n|\n|t:|1658644464\n|switch|p2a: Kyogre|Kyogre, L72|263\/263\n|-weather|RainDance|[from] ability: Drizzle|[of] p2a: Kyogre\n|turn|16\n|\n|t:|1658644467\n|move|p2a: Kyogre|Water Spout|p1a: Mewtwo\n|-damage|p1a: Mewtwo|0 fnt\n|faint|p1a: Mewtwo\n|\n|-weather|RainDance|[upkeep]\n|upkeep\n|\n|t:|1658644470\n|switch|p1a: Zarude|Zarude-Dada, L78|292\/292\n|-damage|p1a: Zarude|244\/292|[from] Spikes\n|turn|17\n|\n|t:|1658644473\n|switch|p2a: Weezing|Weezing, L86, F|252\/252\n|-ability|p2a: Weezing|Neutralizing Gas\n|move|p1a: Zarude|Power Whip|p2a: Weezing\n|-resisted|p2a: Weezing\n|-damage|p2a: Weezing|202\/252\n|\n|-weather|RainDance|[upkeep]\n|-heal|p1a: Zarude|262\/292|[from] item: Leftovers\n|-heal|p2a: Weezing|217\/252|[from] item: Black Sludge\n|upkeep\n|turn|18\n|inactive|AlIoutdragadarts has 90 seconds left.\n|\n|t:|1658644486\n|move|p1a: Zarude|Power Whip|p2a: Weezing\n|-resisted|p2a: Weezing\n|-damage|p2a: Weezing|170\/252\n|move|p2a: Weezing|Will-O-Wisp|p1a: Zarude\n|-status|p1a: Zarude|brn\n|\n|-weather|RainDance|[upkeep]\n|-heal|p1a: Zarude|280\/292 brn|[from] item: Leftovers\n|-heal|p2a: Weezing|185\/252|[from] item: Black Sludge\n|-damage|p1a: Zarude|262\/292 brn|[from] brn\n|upkeep\n|turn|19\n|j| Azure_Phaeton2\n|inactive|AlIoutdragadarts has 90 seconds left.\n|\n|t:|1658644501\n|switch|p1a: Solrock|Solrock, L88|302\/302\n|-damage|p1a: Solrock|252\/302|[from] Spikes\n|move|p2a: Weezing|Will-O-Wisp|p1a: Solrock\n|-status|p1a: Solrock|brn\n|\n|-weather|RainDance|[upkeep]\n|-heal|p1a: Solrock|270\/302 brn|[from] item: Leftovers\n|-heal|p2a: Weezing|200\/252|[from] item: Black Sludge\n|-damage|p1a: Solrock|252\/302 brn|[from] brn\n|upkeep\n|turn|20\n|j| Underage Gambling\n|\n|t:|1658644517\n|-end|p2a: Weezing|ability: Neutralizing Gas\n|switch|p2a: Kyogre|Kyogre, L72|263\/263\n|move|p1a: Solrock|Stealth Rock|p2a: Kyogre\n|-sidestart|p2: Boris Huang - YT|move: Stealth Rock\n|\n|-weather|none\n|-heal|p1a: Solrock|270\/302 brn|[from] item: Leftovers\n|-damage|p1a: Solrock|252\/302 brn|[from] brn\n|upkeep\n|turn|21\n|\n|t:|1658644533\n|switch|p1a: Zarude|Zarude-Dada, L78|262\/292 brn\n|-damage|p1a: Zarude|214\/292 brn|[from] Spikes\n|move|p2a: Kyogre|Water Spout|p1a: Zarude\n|-resisted|p1a: Zarude\n|-damage|p1a: Zarude|131\/292 brn\n|\n|-heal|p1a: Zarude|149\/292 brn|[from] item: Leftovers\n|-damage|p1a: Zarude|131\/292 brn|[from] brn\n|upkeep\n|turn|22\n|\n|t:|1658644538\n|switch|p2a: Weezing|Weezing, L86, F|200\/252\n|-ability|p2a: Weezing|Neutralizing Gas\n|-damage|p2a: Weezing|169\/252|[from] Stealth Rock\n|move|p1a: Zarude|Jungle Healing|p1a: Zarude\n|-heal|p1a: Zarude|204\/292 brn\n|-curestatus|p1a: Zarude|brn|[msg]\n|\n|-heal|p1a: Zarude|222\/292|[from] item: Leftovers\n|-heal|p2a: Weezing|184\/252|[from] item: Black Sludge\n|upkeep\n|turn|23\n|\n|t:|1658644544\n|switch|p1a: Solrock|Solrock, L88|252\/302 brn\n|-damage|p1a: Solrock|202\/302 brn|[from] Spikes\n|move|p2a: Weezing|Will-O-Wisp|p1a: Solrock\n|-fail|p1a: Solrock|brn\n|\n|-heal|p1a: Solrock|220\/302 brn|[from] item: Leftovers\n|-heal|p2a: Weezing|199\/252|[from] item: Black Sludge\n|-damage|p1a: Solrock|202\/302 brn|[from] brn\n|upkeep\n|turn|24\n|l| Azure_Phaeton2\n|inactive|AlIoutdragadarts has 120 seconds left.\n|\n|t:|1658644551\n|-end|p2a: Weezing|ability: Neutralizing Gas\n|switch|p2a: Kyogre|Kyogre, L72|263\/263\n|-damage|p2a: Kyogre|231\/263|[from] Stealth Rock\n|-weather|RainDance|[from] ability: Drizzle|[of] p2a: Kyogre\n|move|p1a: Solrock|Rock Slide|p2a: Kyogre\n|-damage|p2a: Kyogre|185\/263\n|\n|-weather|RainDance|[upkeep]\n|-heal|p1a: Solrock|220\/302 brn|[from] item: Leftovers\n|-damage|p1a: Solrock|202\/302 brn|[from] brn\n|upkeep\n|turn|25\n|l| Underage Gambling\n|inactive|AlIoutdragadarts has 120 seconds left.\n|\n|t:|1658644583\n|switch|p1a: Zarude|Zarude-Dada, L78|222\/292\n|-damage|p1a: Zarude|174\/292|[from] Spikes\n|move|p2a: Kyogre|Ice Beam|p1a: Zarude\n|-supereffective|p1a: Zarude\n|-damage|p1a: Zarude|44\/292\n|-status|p1a: Zarude|frz\n|\n|-weather|RainDance|[upkeep]\n|-heal|p1a: Zarude|62\/292 frz|[from] item: Leftovers\n|upkeep\n|turn|26\n|\n|t:|1658644588\n|move|p2a: Kyogre|Ice Beam|p1a: Zarude\n|-supereffective|p1a: Zarude\n|-damage|p1a: Zarude|0 fnt\n|faint|p1a: Zarude\n|\n|-weather|RainDance|[upkeep]\n|upkeep\n|j| Referrals\n|\n|t:|1658644591\n|switch|p1a: Aerodactyl|Aerodactyl, L82, F|265\/265\n|-ability|p1a: Aerodactyl|Unnerve\n|turn|27\n|inactive|AlIoutdragadarts has 120 seconds left.\n|\n|t:|1658644605\n|-start|p2a: Kyogre|Dynamax|\n|-heal|p2a: Kyogre|370\/526|[silent]\n|move|p1a: Aerodactyl|Earthquake|p2a: Kyogre\n|-damage|p2a: Kyogre|289\/526\n|move|p2a: Kyogre|Max Geyser|p1a: Aerodactyl\n|-supereffective|p1a: Aerodactyl\n|-damage|p1a: Aerodactyl|0 fnt\n|faint|p1a: Aerodactyl\n|\n|-weather|RainDance|[upkeep]\n|upkeep\n|inactive|AlIoutdragadarts has 120 seconds left.\n|\n|t:|1658644612\n|switch|p1a: Butterfree|Butterfree, L87, M|246\/246\n|turn|28\n|\n|t:|1658644617\n|move|p1a: Butterfree|Sleep Powder|p2a: Kyogre\n|-status|p2a: Kyogre|slp|[from] move: Sleep Powder\n|cant|p2a: Kyogre|slp\n|\n|-weather|none\n|upkeep\n|turn|29\n|\n|t:|1658644621\n|-curestatus|p2a: Kyogre|slp|[msg]\n|move|p2a: Kyogre|Max Lightning|p1a: Butterfree\n|-supereffective|p1a: Butterfree\n|-damage|p1a: Butterfree|46\/246\n|-fieldstart|move: Electric Terrain\n|move|p1a: Butterfree|Quiver Dance|p1a: Butterfree\n|-boost|p1a: Butterfree|spa|1\n|-boost|p1a: Butterfree|spd|1\n|-boost|p1a: Butterfree|spe|1\n|\n|upkeep\n|-end|p2a: Kyogre|Dynamax\n|-heal|p2a: Kyogre|145\/263|[silent]\n|turn|30\n|\n|t:|1658644627\n|-start|p1a: Butterfree|Dynamax|Gmax\n|-heal|p1a: Butterfree|92\/492|[silent]\n|move|p1a: Butterfree|G-Max Befuddle|p2a: Kyogre\n|-damage|p2a: Kyogre|0 fnt\n|faint|p2a: Kyogre\n|\n|upkeep\n|-message|Boris Huang - YT forfeited.\n|\n|win|AlIoutdragadarts\n|raw|AlIoutdragadarts's rating: 2243 &rarr; <strong>2273<\/strong><br \/>(+30 for winning)\n|raw|Boris Huang - YT's rating: 2428 &rarr; <strong>2398<\/strong><br \/>(-30 for losing)\n|l|\u2606Boris Huang - YT\n|l| Referrals\n|j| st_cccc\n","inputlog":">version 5a9ef5dc9208410b934adb0b4e78af6680be8bba\n>start {\"formatid\":\"gen8randombattle\",\"seed\":[18502,56169,3606,42611],\"rated\":\"Rated battle\"}\n>player p1 {\"name\":\"AlIoutdragadarts\",\"avatar\":\"tuber-gen6\",\"rating\":2243,\"seed\":[49347,28419,17351,606]}\n>player p2 {\"name\":\"Boris Huang - YT\",\"avatar\":\"#teamgapdos\",\"rating\":2428,\"seed\":[25077,16345,16479,34412]}\n>p1 move powerwhip\n>p2 switch 2\n>p1 move bulkup\n>p2 move spikes\n>p1 move darkestlariat\n>p2 move whirlwind\n>p1 move shadowball\n>p2 switch 6\n>p1 switch 5\n>p2 move suckerpunch\n>p1 move originpulse\n>p2 switch 3\n>p1 switch 3\n>p2 move calmmind\n>p1 move stoneedge\n>p2 move psychic\n>p2 switch 6\n>p1 switch 3\n>p2 move spikes\n>p1 move thunder\n>p2 move whirlwind\n>p2 switch 4\n>p1 move originpulse\n>p2 move swordsdance\n>p1 move originpulse\n>p2 move playrough\n>p2 switch 2\n>p1 move thunder\n>p2 move thunder\n>p1 switch 5\n>p1 move psystrike\n>p2 switch 3\n>p1 move psystrike\n>p2 move playrough\n>p2 switch 3\n>p1 move psystrike\n>p2 move waterspout\n>p1 switch 4\n>p1 move powerwhip\n>p2 switch 5\n>p1 move powerwhip\n>p2 move willowisp\n>p1 switch 2\n>p2 move willowisp\n>p1 move stealthrock\n>p2 switch 5\n>p1 switch 2\n>p2 move waterspout\n>p1 move junglehealing\n>p2 switch 5\n>p1 switch 2\n>p2 move willowisp\n>p1 move rockslide\n>p2 switch 5\n>p1 switch 2\n>p2 move icebeam\n>p1 move junglehealing\n>p2 move icebeam\n>p1 switch 3\n>p1 move earthquake\n>p2 move waterspout dynamax\n>p1 switch 6\n>p1 move sleeppowder\n>p2 move thunder dynamax\n>p1 move quiverdance\n>p2 move thunder dynamax\n>p1 move bugbuzz dynamax\n>p2 move icebeam\n>forcelose p2","uploadtime":1658644717,"views":17,"p1id":"alioutdragadarts","p2id":"borishuangyt","formatid":"gen8randombattle","rating":2273,"private":0,"password":null}