{"id":"gen8ou-1520057319","p1":"CoconutCrabs","p2":"Roger Goodell","format":"gen8ou","log":"|j|\u2606CoconutCrabs\n|j|\u2606Roger Goodell\n|t:|1645999622\n|gametype|singles\n|player|p1|CoconutCrabs|chuck|1696\n|player|p2|Roger Goodell|harlequin|1858\n|teamsize|p1|6\n|teamsize|p2|6\n|gen|8\n|tier|[Gen 8] OU\n|rated|\n|rule|Sleep Clause Mod: Limit one foe put to sleep\n|rule|Species Clause: Limit one of each Pok\u00e9mon\n|rule|OHKO Clause: OHKO moves are banned\n|rule|Evasion Moves Clause: Evasion moves are banned\n|rule|Endless Battle Clause: Forcing endless battles is banned\n|rule|HP Percentage Mod: HP is shown in percentages\n|rule|Dynamax Clause: You cannot dynamax\n|clearpoke\n|poke|p1|Tyranitar, F|\n|poke|p1|Excadrill, F|\n|poke|p1|Tornadus-Therian, M|\n|poke|p1|Toxapex, F|\n|poke|p1|Heatran, M|\n|poke|p1|Tangrowth, F|\n|poke|p2|Toxtricity, F|\n|poke|p2|Blacephalon|\n|poke|p2|Landorus-Therian, M|\n|poke|p2|Dragapult, M|\n|poke|p2|Tyranitar, M|\n|poke|p2|Corviknight, M|\n|teampreview\n|inactive|Battle timer is ON: inactive players will automatically lose when time's up. (requested by Roger Goodell)\n|\n|t:|1645999626\n|start\n|switch|p1a: Tornadus|Tornadus-Therian, M|100\/100\n|switch|p2a: Landorus|Landorus-Therian, M|100\/100\n|-ability|p2a: Landorus|Intimidate|boost\n|-unboost|p1a: Tornadus|atk|1\n|turn|1\n|\n|t:|1645999629\n|move|p1a: Tornadus|Icy Wind|p2a: Landorus\n|-supereffective|p2a: Landorus\n|-damage|p2a: Landorus|17\/100\n|-unboost|p2a: Landorus|spe|1\n|move|p2a: Landorus|Knock Off|p1a: Tornadus\n|-damage|p1a: Tornadus|59\/100\n|-enditem|p1a: Tornadus|Choice Specs|[from] move: Knock Off|[of] p2a: Landorus\n|\n|upkeep\n|turn|2\n|\n|t:|1645999645\n|switch|p2a: Toxtricity|Toxtricity, F|100\/100\n|move|p1a: Tornadus|Icy Wind|p2a: Toxtricity\n|-damage|p2a: Toxtricity|75\/100\n|-unboost|p2a: Toxtricity|spe|1\n|\n|upkeep\n|turn|3\n|\n|t:|1645999651\n|switch|p1a: Tyranitar|Tyranitar, F|100\/100\n|-weather|Sandstorm|[from] ability: Sand Stream|[of] p1a: Tyranitar\n|move|p2a: Toxtricity|Volt Switch|p1a: Tyranitar\n|-damage|p1a: Tyranitar|77\/100\n|\n|t:|1645999654\n|switch|p2a: Landorus|Landorus-Therian, M|17\/100|[from]move: Volt Switch\n|-ability|p2a: Landorus|Intimidate|boost\n|-unboost|p1a: Tyranitar|atk|1\n|\n|-weather|Sandstorm|[upkeep]\n|-heal|p1a: Tyranitar|83\/100|[from] item: Leftovers\n|upkeep\n|turn|4\n|\n|t:|1645999668\n|switch|p1a: Tornadus|Tornadus-Therian, M|92\/100\n|move|p2a: Landorus|Stealth Rock|p1a: Tornadus\n|-sidestart|p1: CoconutCrabs|move: Stealth Rock\n|\n|-weather|Sandstorm|[upkeep]\n|-damage|p1a: Tornadus|86\/100|[from] Sandstorm\n|upkeep\n|turn|5\n|\n|t:|1645999679\n|move|p1a: Tornadus|Focus Blast|p2a: Landorus\n|-resisted|p2a: Landorus\n|-damage|p2a: Landorus|3\/100\n|move|p2a: Landorus|U-turn|p1a: Tornadus\n|-resisted|p1a: Tornadus\n|-damage|p1a: Tornadus|70\/100\n|\n|t:|1645999687\n|switch|p2a: Toxtricity|Toxtricity, F|75\/100|[from]move: U-turn\n|\n|-weather|Sandstorm|[upkeep]\n|-damage|p1a: Tornadus|64\/100|[from] Sandstorm\n|-damage|p2a: Toxtricity|69\/100|[from] Sandstorm\n|upkeep\n|turn|6\n|\n|t:|1645999690\n|switch|p1a: Tyranitar|Tyranitar, F|83\/100\n|-damage|p1a: Tyranitar|71\/100|[from] Stealth Rock\n|move|p2a: Toxtricity|Boomburst|p1a: Tyranitar\n|-resisted|p1a: Tyranitar\n|-damage|p1a: Tyranitar|51\/100\n|\n|-weather|Sandstorm|[upkeep]\n|-damage|p2a: Toxtricity|63\/100|[from] Sandstorm\n|-heal|p1a: Tyranitar|57\/100|[from] item: Leftovers\n|upkeep\n|turn|7\n|\n|t:|1645999697\n|move|p2a: Toxtricity|Boomburst|p1a: Tyranitar\n|-resisted|p1a: Tyranitar\n|-damage|p1a: Tyranitar|37\/100\n|move|p1a: Tyranitar|Stealth Rock|p2a: Toxtricity\n|-sidestart|p2: Roger Goodell|move: Stealth Rock\n|\n|-weather|none\n|-heal|p1a: Tyranitar|43\/100|[from] item: Leftovers\n|upkeep\n|turn|8\n|\n|t:|1645999701\n|move|p2a: Toxtricity|Boomburst|p1a: Tyranitar\n|-resisted|p1a: Tyranitar\n|-damage|p1a: Tyranitar|13\/100\n|move|p1a: Tyranitar|Earthquake|p2a: Toxtricity\n|-supereffective|p2a: Toxtricity\n|-damage|p2a: Toxtricity|0 fnt\n|faint|p2a: Toxtricity\n|\n|-heal|p1a: Tyranitar|19\/100|[from] item: Leftovers\n|upkeep\n|\n|t:|1645999709\n|switch|p2a: Dragapult|Dragapult, M|100\/100\n|-damage|p2a: Dragapult|88\/100|[from] Stealth Rock\n|turn|9\n|\n|t:|1645999713\n|switch|p1a: Toxapex|Toxapex, F|100\/100\n|-damage|p1a: Toxapex|88\/100|[from] Stealth Rock\n|move|p2a: Dragapult|Shadow Ball|p1a: Toxapex\n|-damage|p1a: Toxapex|45\/100\n|\n|upkeep\n|turn|10\n|\n|t:|1645999719\n|move|p2a: Dragapult|Shadow Ball|p1a: Toxapex\n|-damage|p1a: Toxapex|0 fnt\n|faint|p1a: Toxapex\n|\n|upkeep\n|j| Jdjrnnfkkfkdknfnf\n|\n|t:|1645999733\n|switch|p1a: Heatran|Heatran, M|100\/100\n|-damage|p1a: Heatran|88\/100|[from] Stealth Rock\n|turn|11\n|\n|t:|1645999735\n|move|p1a: Heatran|Flash Cannon|p2a: Dragapult\n|-damage|p2a: Dragapult|31\/100\n|move|p2a: Dragapult|Shadow Ball|p1a: Heatran\n|-damage|p1a: Heatran|36\/100\n|-unboost|p1a: Heatran|spd|1\n|\n|upkeep\n|turn|12\n|\n|t:|1645999743\n|switch|p1a: Tornadus|Tornadus-Therian, M|97\/100\n|-damage|p1a: Tornadus|73\/100|[from] Stealth Rock\n|switch|p2a: Corviknight|Corviknight, M|100\/100\n|-damage|p2a: Corviknight|88\/100|[from] Stealth Rock\n|-ability|p2a: Corviknight|Pressure\n|\n|upkeep\n|turn|13\n|\n|t:|1645999749\n|switch|p2a: Landorus|Landorus-Therian, M|3\/100\n|-ability|p2a: Landorus|Intimidate|boost\n|-unboost|p1a: Tornadus|atk|1\n|move|p1a: Tornadus|Heat Wave|p2a: Landorus\n|-damage|p2a: Landorus|0 fnt\n|faint|p2a: Landorus\n|\n|upkeep\n|\n|t:|1645999754\n|switch|p2a: Dragapult|Dragapult, M|31\/100\n|-damage|p2a: Dragapult|18\/100|[from] Stealth Rock\n|turn|14\n|\n|t:|1645999770\n|move|p2a: Dragapult|Shadow Ball|p1a: Tornadus\n|-damage|p1a: Tornadus|3\/100\n|move|p1a: Tornadus|Icy Wind|p2a: Dragapult\n|-supereffective|p2a: Dragapult\n|-damage|p2a: Dragapult|0 fnt\n|faint|p2a: Dragapult\n|\n|upkeep\n|\n|t:|1645999774\n|switch|p2a: Blacephalon|Blacephalon|100\/100\n|-damage|p2a: Blacephalon|76\/100|[from] Stealth Rock\n|turn|15\n|\n|t:|1645999779\n|move|p2a: Blacephalon|Shadow Ball|p1a: Tornadus\n|-damage|p1a: Tornadus|0 fnt\n|faint|p1a: Tornadus\n|-ability|p2a: Blacephalon|Beast Boost|boost\n|-boost|p2a: Blacephalon|spa|1\n|\n|upkeep\n|\n|t:|1645999789\n|switch|p1a: Tyranitar|Tyranitar, F|19\/100\n|-damage|p1a: Tyranitar|6\/100|[from] Stealth Rock\n|-weather|Sandstorm|[from] ability: Sand Stream|[of] p1a: Tyranitar\n|turn|16\n|\n|t:|1645999797\n|move|p2a: Blacephalon|Shadow Ball|p1a: Tyranitar\n|-resisted|p1a: Tyranitar\n|-damage|p1a: Tyranitar|0 fnt\n|faint|p1a: Tyranitar\n|-ability|p2a: Blacephalon|Beast Boost|boost\n|-boost|p2a: Blacephalon|spa|1\n|\n|-weather|Sandstorm|[upkeep]\n|-damage|p2a: Blacephalon|70\/100|[from] Sandstorm\n|upkeep\n|\n|t:|1645999799\n|switch|p1a: Excadrill|Excadrill, F|100\/100\n|-damage|p1a: Excadrill|97\/100|[from] Stealth Rock\n|turn|17\n|\n|t:|1645999802\n|switch|p2a: Corviknight|Corviknight, M|88\/100\n|-damage|p2a: Corviknight|76\/100|[from] Stealth Rock\n|-ability|p2a: Corviknight|Pressure\n|move|p1a: Excadrill|Rapid Spin|p2a: Corviknight\n|-resisted|p2a: Corviknight\n|-damage|p2a: Corviknight|69\/100\n|-boost|p1a: Excadrill|spe|1\n|-damage|p1a: Excadrill|81\/100|[from] item: Rocky Helmet|[of] p2a: Corviknight\n|-sideend|p1: CoconutCrabs|Stealth Rock|[from] move: Rapid Spin|[of] p1a: Excadrill\n|\n|-weather|Sandstorm|[upkeep]\n|-heal|p1a: Excadrill|87\/100|[from] item: Leftovers\n|upkeep\n|turn|18\n|\n|t:|1645999810\n|switch|p1a: Tangrowth|Tangrowth, F|100\/100\n|move|p2a: Corviknight|Body Press|p1a: Tangrowth\n|-damage|p1a: Tangrowth|86\/100\n|-damage|p2a: Corviknight|53\/100|[from] item: Rocky Helmet|[of] p1a: Tangrowth\n|\n|-weather|Sandstorm|[upkeep]\n|-damage|p1a: Tangrowth|79\/100|[from] Sandstorm\n|upkeep\n|turn|19\n|\n|t:|1645999817\n|move|p2a: Corviknight|Roost|p2a: Corviknight\n|-heal|p2a: Corviknight|100\/100\n|-singleturn|p2a: Corviknight|move: Roost\n|move|p1a: Tangrowth|Sleep Powder|p2a: Corviknight|[miss]\n|-miss|p1a: Tangrowth|p2a: Corviknight\n|\n|-weather|Sandstorm|[upkeep]\n|-damage|p1a: Tangrowth|73\/100|[from] Sandstorm\n|upkeep\n|turn|20\n|\n|t:|1645999828\n|move|p2a: Corviknight|Brave Bird|p1a: Tangrowth\n|-supereffective|p1a: Tangrowth\n|-damage|p1a: Tangrowth|36\/100\n|-damage|p2a: Corviknight|84\/100|[from] item: Rocky Helmet|[of] p1a: Tangrowth\n|-damage|p2a: Corviknight|71\/100|[from] Recoil\n|move|p1a: Tangrowth|Sleep Powder|p2a: Corviknight\n|-status|p2a: Corviknight|slp|[from] move: Sleep Powder\n|\n|-weather|none\n|upkeep\n|turn|21\n|\n|t:|1645999834\n|switch|p1a: Heatran|Heatran, M|36\/100\n|cant|p2a: Corviknight|slp\n|\n|upkeep\n|turn|22\n|\n|t:|1645999839\n|move|p1a: Heatran|Flamethrower|p2a: Corviknight\n|-supereffective|p2a: Corviknight\n|-damage|p2a: Corviknight|0 fnt\n|faint|p2a: Corviknight\n|\n|upkeep\n|\n|t:|1645999841\n|switch|p2a: Blacephalon|Blacephalon|70\/100\n|-damage|p2a: Blacephalon|45\/100|[from] Stealth Rock\n|turn|23\n|\n|t:|1645999846\n|move|p2a: Blacephalon|Shadow Ball|p1a: Heatran\n|-damage|p1a: Heatran|0 fnt\n|faint|p1a: Heatran\n|-ability|p2a: Blacephalon|Beast Boost|boost\n|-boost|p2a: Blacephalon|spa|1\n|\n|upkeep\n|\n|t:|1645999847\n|switch|p1a: Excadrill|Excadrill, F|87\/100\n|turn|24\n|\n|t:|1645999849\n|move|p2a: Blacephalon|Shadow Ball|p1a: Excadrill\n|-damage|p1a: Excadrill|0 fnt\n|faint|p1a: Excadrill\n|-ability|p2a: Blacephalon|Beast Boost|boost\n|-boost|p2a: Blacephalon|spa|1\n|\n|upkeep\n|c|\u2606Roger Goodell|gg\n|-message|CoconutCrabs forfeited.\n|\n|win|Roger Goodell\n|raw|CoconutCrabs's rating: 1718 &rarr; <strong>1706<\/strong><br \/>(-12 for losing)\n|raw|Roger Goodell's rating: 1858 &rarr; <strong>1870<\/strong><br \/>(+12 for winning)\n|l|\u2606CoconutCrabs\n||Ladder isn't responding, score probably updated but might not have (Request timeout).\n","uploadtime":1645999911,"views":149,"p1id":"coconutcrabs","p2id":"rogergoodell","formatid":"gen8ou","rating":1706,"private":0,"password":null}