{"id":"gen8vgc2021series9-1352673293","p1":"Ban_Da_Wob","p2":"bhkg","format":"gen8vgc2021series9","log":"|j|\u2606Ban_Da_Wob\n|j|\u2606bhkg\n|t:|1622755861\n|gametype|doubles\n|player|p1|Ban_Da_Wob|unknown|1293\n|player|p2|bhkg|265|1327\n|teamsize|p1|6\n|teamsize|p2|6\n|gen|8\n|tier|[Gen 8] VGC 2021 Series 9\n|rated|\n|rule|Species Clause: Limit one of each Pok\u00e9mon\n|rule|Item Clause: Limit one of each item\n|clearpoke\n|poke|p1|Moltres-Galar, L50|\n|poke|p1|Sneasel, L50, F|\n|poke|p1|Rillaboom, L50, F|\n|poke|p1|Landorus-Therian, L50, M|\n|poke|p1|Urshifu-*, L50, M|\n|poke|p1|Coalossal, L50, M|\n|poke|p2|Rhyperior, L50, F|\n|poke|p2|Goodra, L50, M|\n|poke|p2|Urshifu-*, L50, F|\n|poke|p2|Crobat, L50, F|\n|poke|p2|Porygon2, L50|\n|poke|p2|Rotom-Heat, L50|\n|teampreview|4\n|c|\u2606Ban_Da_Wob|gl hf\n|\n|t:|1622755889\n|start\n|switch|p1a: Metro Rillaboom|Rillaboom, L50, F|100\/100\n|switch|p1b: Sd|Landorus-Therian, L50, M|100\/100\n|switch|p2a: Porygon2|Porygon2, L50|100\/100\n|switch|p2b: Urshifu|Urshifu, L50, F|100\/100\n|-ability|p1b: Sd|Intimidate|boost\n|-unboost|p2a: Porygon2|atk|1\n|-unboost|p2b: Urshifu|atk|1\n|-fieldstart|move: Grassy Terrain|[from] ability: Grassy Surge|[of] p1a: Metro Rillaboom\n|-ability|p2a: Porygon2|Download|boost\n|-boost|p2a: Porygon2|spa|1\n|turn|1\n|\n|t:|1622755933\n|switch|p2b: Rotom|Rotom-Heat, L50|100\/100\n|move|p1b: Sd|Fly||[still]\n|-prepare|p1b: Sd|Fly\n|move|p1a: Metro Rillaboom|Taunt|p2a: Porygon2\n|-start|p2a: Porygon2|move: Taunt\n|move|p2a: Porygon2|Ice Beam|p1b: Sd|[miss]\n|-miss|p2a: Porygon2|p1b: Sd\n|\n|upkeep\n|turn|2\n|\n|t:|1622755947\n|switch|p1a: Water|Urshifu-Rapid-Strike, L50, M|100\/100\n|move|p1b: Sd|Fly|p2b: Rotom|[from]lockedmove\n|-resisted|p2b: Rotom\n|-damage|p2b: Rotom|74\/100\n|move|p2b: Rotom|Nasty Plot|p2b: Rotom\n|-boost|p2b: Rotom|spa|2\n|move|p2a: Porygon2|Ice Beam|p1b: Sd\n|-supereffective|p1b: Sd\n|-damage|p1b: Sd|0 fnt\n|faint|p1b: Sd\n|\n|upkeep\n|\n|t:|1622755962\n|switch|p1b: Lando|Coalossal, L50, M|100\/100\n|turn|3\n|\n|t:|1622755973\n|-start|p1b: Lando|Dynamax\n|-formechange|p1b: Lando|Coalossal-Gmax\n|-heal|p1b: Lando|100\/100|[silent]\n|-start|p2a: Porygon2|Dynamax\n|-heal|p2a: Porygon2|100\/100|[silent]\n|move|p1a: Water|Surging Strikes|p2b: Rotom\n|-supereffective|p2b: Rotom\n|-crit|p2b: Rotom\n|-damage|p2b: Rotom|20\/100\n|-supereffective|p2b: Rotom\n|-crit|p2b: Rotom\n|-damage|p2b: Rotom|0 fnt\n|faint|p2b: Rotom\n|-hitcount|p2: Rotom|2\n|move|p1b: Lando|G-Max Volcalith|p2a: Porygon2\n|-damage|p2a: Porygon2|86\/100\n|-sidestart|p2: bhkg|G-Max Volcalith\n|move|p2a: Porygon2|Max Lightning|p1b: Lando\n|-damage|p1b: Lando|78\/100\n|-fieldstart|move: Electric Terrain\n|\n|-damage|p2a: Porygon2|77\/100|[from] G-Max Volcalith\n|-end|p2a: Porygon2|move: Taunt\n|upkeep\n|\n|t:|1622755986\n|switch|p2b: Urshifu|Urshifu, L50, F|100\/100\n|turn|4\n|\n|t:|1622755997\n|move|p1b: Lando|Max Guard|p1b: Lando\n|-singleturn|p1b: Lando|Max Guard\n|move|p1a: Water|Surging Strikes|p2b: Urshifu\n|-crit|p2b: Urshifu\n|-damage|p2b: Urshifu|75\/100\n|-crit|p2b: Urshifu\n|-damage|p2b: Urshifu|50\/100\n|-crit|p2b: Urshifu\n|-damage|p2b: Urshifu|26\/100\n|-hitcount|p2b: Urshifu|3\n|move|p2b: Urshifu|Close Combat|p1b: Lando\n|-activate|p1b: Lando|move: Max Guard\n|move|p2a: Porygon2|Max Lightning|p1b: Lando\n|-activate|p1b: Lando|move: Max Guard\n|\n|-damage|p2b: Urshifu|10\/100|[from] G-Max Volcalith\n|-damage|p2a: Porygon2|69\/100|[from] G-Max Volcalith\n|upkeep\n|turn|5\n|\n|t:|1622756016\n|move|p1a: Water|Aqua Jet|p2b: Urshifu\n|-crit|p2b: Urshifu\n|-damage|p2b: Urshifu|0 fnt\n|faint|p2b: Urshifu\n|move|p1b: Lando|Max Quake|p2a: Porygon2\n|-damage|p2a: Porygon2|58\/100\n|-boost|p1a: Water|spd|1\n|-boost|p1b: Lando|spd|1\n|move|p2a: Porygon2|Max Lightning|p1a: Water\n|-supereffective|p1a: Water\n|-damage|p1a: Water|0 fnt\n|faint|p1a: Water\n|\n|-damage|p2a: Porygon2|49\/100|[from] G-Max Volcalith\n|-end|p1b: Lando|Dynamax\n|-formechange|p1b: Lando|Coalossal\n|-heal|p1b: Lando|78\/100|[silent]\n|-end|p2a: Porygon2|Dynamax\n|-heal|p2a: Porygon2|49\/100|[silent]\n|upkeep\n|\n|t:|1622756022\n|switch|p2b: Rhyperior|Rhyperior, L50, F|100\/100\n|switch|p1a: Metro Rillaboom|Rillaboom, L50, F|100\/100\n|-fieldstart|move: Grassy Terrain|[from] ability: Grassy Surge|[of] p1a: Metro Rillaboom\n|turn|6\n|\n|t:|1622756033\n|move|p1b: Lando|Protect|p1b: Lando\n|-singleturn|p1b: Lando|Protect\n|move|p1a: Metro Rillaboom|Taunt|p2a: Porygon2\n|-start|p2a: Porygon2|move: Taunt\n|move|p2b: Rhyperior|Rock Slide|p1b: Lando|[spread] p1a\n|-activate|p1b: Lando|move: Protect\n|-damage|p1a: Metro Rillaboom|70\/100\n|cant|p2a: Porygon2|move: Taunt|Trick Room\n|\n|-heal|p1a: Metro Rillaboom|76\/100|[from] Grassy Terrain\n|-heal|p1b: Lando|84\/100|[from] Grassy Terrain\n|-damage|p2a: Porygon2|33\/100|[from] G-Max Volcalith\n|-heal|p2a: Porygon2|39\/100|[from] Grassy Terrain\n|-sideend|p2: bhkg|G-Max Volcalith\n|upkeep\n|turn|7\n|\n|t:|1622756048\n|move|p1a: Metro Rillaboom|Grassy Glide|p2b: Rhyperior\n|-supereffective|p2b: Rhyperior\n|-damage|p2b: Rhyperior|0 fnt\n|faint|p2b: Rhyperior\n|move|p1b: Lando|Earth Power|p2a: Porygon2\n|-damage|p2a: Porygon2|24\/100\n|move|p2a: Porygon2|Ice Beam|p1a: Metro Rillaboom\n|-supereffective|p1a: Metro Rillaboom\n|-damage|p1a: Metro Rillaboom|17\/100\n|\n|-heal|p1a: Metro Rillaboom|23\/100|[from] Grassy Terrain\n|-heal|p1b: Lando|90\/100|[from] Grassy Terrain\n|-heal|p2a: Porygon2|30\/100|[from] Grassy Terrain\n|upkeep\n|turn|8\n|c|\u2606bhkg|gg\n|-message|bhkg forfeited.\n|\n|win|Ban_Da_Wob\n|raw|Ban_Da_Wob's rating: 1293 &rarr; <strong>1320<\/strong><br \/>(+27 for winning)\n|raw|bhkg's rating: 1327 &rarr; <strong>1305<\/strong><br \/>(-22 for losing)\n|c|\u2606Ban_Da_Wob|gg\n|player|p2|bhkg|265\n","uploadtime":1622756059,"views":21,"p1id":"bandawob","p2id":"bhkg","formatid":"gen8vgc2021series9","rating":1305,"private":0,"password":null}