{"id":"gen8ou-1643416125","p1":"BLOATED_BAGEL","p2":"Asclepias","format":"gen8ou","log":"|j|\u2606BLOATED_BAGEL\n|j|\u2606Asclepias\n|t:|1660934455\n|gametype|singles\n|player|p1|BLOATED_BAGEL|hilda-masters|1195\n|player|p2|Asclepias|acetrainer-gen6|1193\n|teamsize|p1|6\n|teamsize|p2|6\n|gen|8\n|tier|[Gen 8] OU\n|rated|\n|rule|Sleep Clause Mod: Limit one foe put to sleep\n|rule|Species Clause: Limit one of each Pok\u00e9mon\n|rule|OHKO Clause: OHKO moves are banned\n|rule|Evasion Items Clause: Evasion items are banned\n|rule|Evasion Moves Clause: Evasion moves are banned\n|rule|Endless Battle Clause: Forcing endless battles is banned\n|rule|HP Percentage Mod: HP is shown in percentages\n|rule|Dynamax Clause: You cannot dynamax\n|clearpoke\n|poke|p1|Urshifu-*, F|\n|poke|p1|Slowbro, M|\n|poke|p1|Kartana|\n|poke|p1|Heatran, F|\n|poke|p1|Landorus-Therian, M|\n|poke|p1|Moltres-Galar|\n|poke|p2|Politoed, M|\n|poke|p2|Barraskewda, M|\n|poke|p2|Regieleki|\n|poke|p2|Tapu Lele|\n|poke|p2|Landorus-Therian, M|\n|poke|p2|Ferrothorn, M|\n|teampreview\n|inactive|Battle timer is ON: inactive players will automatically lose when time's up. (requested by Asclepias)\n|\n|t:|1660934465\n|start\n|switch|p1a: on that time|Urshifu-Rapid-Strike, F|100\/100\n|switch|p2a: Landorus|Landorus-Therian, M|100\/100\n|-ability|p2a: Landorus|Intimidate|boost\n|-unboost|p1a: on that time|atk|1\n|turn|1\n|\n|t:|1660934469\n|switch|p2a: Ferrothorn|Ferrothorn, M|100\/100\n|move|p1a: on that time|Surging Strikes|p2a: Ferrothorn\n|-resisted|p2a: Ferrothorn\n|-crit|p2a: Ferrothorn\n|-damage|p2a: Ferrothorn|93\/100\n|-activate|p2a: Ferrothorn|ability: Iron Barbs\n|-activate|p1a: on that time|item: Protective Pads\n|-resisted|p2a: Ferrothorn\n|-crit|p2a: Ferrothorn\n|-damage|p2a: Ferrothorn|85\/100\n|-activate|p2a: Ferrothorn|ability: Iron Barbs\n|-activate|p1a: on that time|item: Protective Pads\n|-resisted|p2a: Ferrothorn\n|-crit|p2a: Ferrothorn\n|-damage|p2a: Ferrothorn|77\/100\n|-activate|p2a: Ferrothorn|ability: Iron Barbs\n|-activate|p1a: on that time|item: Protective Pads\n|-hitcount|p2a: Ferrothorn|3\n|\n|-heal|p2a: Ferrothorn|83\/100|[from] item: Leftovers\n|upkeep\n|turn|2\n|\n|t:|1660934480\n|move|p1a: on that time|Close Combat|p2a: Ferrothorn\n|-supereffective|p2a: Ferrothorn\n|-damage|p2a: Ferrothorn|18\/100\n|-unboost|p1a: on that time|def|1\n|-unboost|p1a: on that time|spd|1\n|-activate|p2a: Ferrothorn|ability: Iron Barbs\n|-activate|p1a: on that time|item: Protective Pads\n|move|p2a: Ferrothorn|Leech Seed|p1a: on that time\n|-start|p1a: on that time|move: Leech Seed\n|\n|-heal|p2a: Ferrothorn|24\/100|[from] item: Leftovers\n|-damage|p1a: on that time|88\/100|[from] Leech Seed|[of] p2a: Ferrothorn\n|-heal|p2a: Ferrothorn|36\/100|[silent]\n|upkeep\n|turn|3\n|\n|t:|1660934492\n|switch|p2a: Politoed|Politoed, M|100\/100\n|move|p1a: on that time|Close Combat|p2a: Politoed\n|-damage|p2a: Politoed|56\/100\n|-unboost|p1a: on that time|def|1\n|-unboost|p1a: on that time|spd|1\n|\n|-damage|p1a: on that time|76\/100|[from] Leech Seed|[of] p2a: Politoed\n|-heal|p2a: Politoed|67\/100|[silent]\n|upkeep\n|turn|4\n|c|\u2606Asclepias|tfw when you forget drizzle\n|\n|t:|1660934513\n|switch|p1a: vamp anthem|Slowbro, M|100\/100\n|move|p2a: Politoed|Scald|p1a: vamp anthem\n|-resisted|p1a: vamp anthem\n|-damage|p1a: vamp anthem|71\/100\n|\n|upkeep\n|turn|5\n|c|\u2606BLOATED_BAGEL|Lol\n|\n|t:|1660934523\n|switch|p2a: Regieleki|Regieleki|100\/100\n|move|p1a: vamp anthem|Future Sight|p2a: Regieleki\n|-start|p1a: vamp anthem|move: Future Sight\n|\n|upkeep\n|turn|6\n|\n|t:|1660934528\n|switch|p2a: Landorus|Landorus-Therian, M|100\/100\n|-ability|p2a: Landorus|Intimidate|boost\n|-unboost|p1a: vamp anthem|atk|1\n|switch|p1a: playboi carti|Landorus-Therian, M|100\/100\n|-ability|p1a: playboi carti|Intimidate|boost\n|-unboost|p2a: Landorus|atk|1\n|\n|upkeep\n|turn|7\n|\n|t:|1660934534\n|move|p1a: playboi carti|Knock Off|p2a: Landorus\n|-damage|p2a: Landorus|74\/100\n|-enditem|p2a: Landorus|Leftovers|[from] move: Knock Off|[of] p1a: playboi carti\n|move|p2a: Landorus|Stealth Rock|p1a: playboi carti\n|-sidestart|p1: BLOATED_BAGEL|move: Stealth Rock\n|\n|-end|p2a: Landorus|move: Future Sight\n|-damage|p2a: Landorus|38\/100\n|upkeep\n|turn|8\n|\n|t:|1660934536\n|move|p1a: playboi carti|Defog|p2a: Landorus\n|-unboost|p2a: Landorus|evasion|1\n|-sideend|p1: BLOATED_BAGEL|Stealth Rock|[from] move: Defog|[of] p1a: playboi carti\n|move|p2a: Landorus|U-turn|p1a: playboi carti\n|-resisted|p1a: playboi carti\n|-damage|p1a: playboi carti|93\/100\n|\n|t:|1660934539\n|switch|p2a: Politoed|Politoed, M|67\/100|[from]move: U-turn\n|\n|-heal|p1a: playboi carti|99\/100|[from] item: Leftovers\n|upkeep\n|turn|9\n|\n|t:|1660934545\n|switch|p1a: vamp anthem|Slowbro, M|100\/100\n|move|p2a: Politoed|Scald|p1a: vamp anthem\n|-resisted|p1a: vamp anthem\n|-damage|p1a: vamp anthem|73\/100\n|-status|p1a: vamp anthem|brn\n|\n|-damage|p1a: vamp anthem|67\/100 brn|[from] brn\n|upkeep\n|turn|10\n|\n|t:|1660934548\n|switch|p2a: Regieleki|Regieleki|100\/100\n|move|p1a: vamp anthem|Future Sight|p2a: Regieleki\n|-start|p1a: vamp anthem|move: Future Sight\n|\n|-damage|p1a: vamp anthem|61\/100 brn|[from] brn\n|upkeep\n|turn|11\n|\n|t:|1660934555\n|switch|p2a: Barraskewda|Barraskewda, M|100\/100\n|switch|p1a: playboi carti|Landorus-Therian, M|99\/100\n|-ability|p1a: playboi carti|Intimidate|boost\n|-unboost|p2a: Barraskewda|atk|1\n|\n|-heal|p1a: playboi carti|100\/100|[from] item: Leftovers\n|upkeep\n|turn|12\n|\n|t:|1660934562\n|switch|p1a: on that time|Urshifu-Rapid-Strike, F|76\/100\n|move|p2a: Barraskewda|Flip Turn|p1a: on that time\n|-resisted|p1a: on that time\n|-damage|p1a: on that time|61\/100\n|\n|t:|1660934565\n|switch|p2a: Tapu Lele|Tapu Lele|100\/100|[from]move: Flip Turn\n|-fieldstart|move: Psychic Terrain|[from] ability: Psychic Surge|[of] p2a: Tapu Lele\n|\n|-end|p2a: Tapu Lele|move: Future Sight\n|-resisted|p2a: Tapu Lele\n|-damage|p2a: Tapu Lele|69\/100\n|upkeep\n|turn|13\n|\n|t:|1660934573\n|move|p2a: Tapu Lele|Moonblast|p1a: on that time\n|-supereffective|p1a: on that time\n|-damage|p1a: on that time|0 fnt\n|faint|p1a: on that time\n|\n|upkeep\n|\n|t:|1660934574\n|switch|p1a: whole lotta red|Heatran, F|100\/100\n|turn|14\n|\n|t:|1660934577\n|switch|p2a: Landorus|Landorus-Therian, M|38\/100\n|-ability|p2a: Landorus|Intimidate|boost\n|-unboost|p1a: whole lotta red|atk|1\n|move|p1a: whole lotta red|Stealth Rock|p2a: Landorus\n|-sidestart|p2: Asclepias|move: Stealth Rock\n|\n|upkeep\n|turn|15\n|\n|t:|1660934583\n|move|p1a: whole lotta red|Magma Storm|p2a: Landorus\n|-damage|p2a: Landorus|4\/100\n|-activate|p2a: Landorus|move: Magma Storm|[of] p1a: whole lotta red\n|move|p2a: Landorus|Stealth Rock|p1a: whole lotta red\n|-sidestart|p1: BLOATED_BAGEL|move: Stealth Rock\n|\n|-damage|p2a: Landorus|0 fnt|[from] move: Magma Storm|[partiallytrapped]\n|faint|p2a: Landorus\n|upkeep\n|\n|t:|1660934590\n|switch|p2a: Politoed|Politoed, M|67\/100\n|-damage|p2a: Politoed|55\/100|[from] Stealth Rock\n|turn|16\n|-message|BLOATED_BAGEL forfeited.\n|\n|win|Asclepias\n|raw|BLOATED_BAGEL's rating: 1195 &rarr; <strong>1170<\/strong><br \/>(-25 for losing)\n|raw|Asclepias's rating: 1193 &rarr; <strong>1218<\/strong><br \/>(+25 for winning)\n|l|\u2606BLOATED_BAGEL\n","uploadtime":1660934602,"views":5,"p1id":"bloatedbagel","p2id":"asclepias","formatid":"gen8ou","rating":1170,"private":0,"password":null}