{"id":"gen8randombattle-1474736624","p1":"OldBoyASM","p2":"Dragonyte","format":"gen8randombattle","log":"|j|\u2606OldBoyASM\n|j|\u2606Dragonyte\n|t:|1639692631\n|gametype|singles\n|player|p1|OldBoyASM|266|1820\n|player|p2|Dragonyte|169|1833\n|teamsize|p1|6\n|teamsize|p2|6\n|gen|8\n|tier|[Gen 8] Random Battle\n|rated|\n|rule|Species Clause: Limit one of each Pok\u00e9mon\n|rule|HP Percentage Mod: HP is shown in percentages\n|rule|Sleep Clause Mod: Limit one foe put to sleep\n|\n|t:|1639692631\n|start\n|switch|p1a: Glalie|Glalie, L80, F|259\/259\n|switch|p2a: Indeedee|Indeedee-F, L84, F|255\/255\n|-fieldstart|move: Psychic Terrain|[from] ability: Psychic Surge|[of] p2a: Indeedee\n|turn|1\n|inactive|Battle timer is ON: inactive players will automatically lose when time's up. (requested by OldBoyASM)\n|\n|t:|1639692641\n|move|p1a: Glalie|Protect|p1a: Glalie\n|-singleturn|p1a: Glalie|Protect\n|move|p2a: Indeedee|Expanding Force|p1a: Glalie\n|-activate|p1a: Glalie|move: Protect\n|\n|-ability|p1a: Glalie|Moody|boost\n|-boost|p1a: Glalie|spe|2\n|-unboost|p1a: Glalie|spd|1\n|upkeep\n|turn|2\n|\n|t:|1639692647\n|move|p1a: Glalie|Disable|p2a: Indeedee\n|-start|p2a: Indeedee|Disable|Expanding Force\n|cant|p2a: Indeedee|Disable|Expanding Force\n|\n|-ability|p1a: Glalie|Moody|boost\n|-boost|p1a: Glalie|def|2\n|-unboost|p1a: Glalie|spe|1\n|upkeep\n|turn|3\n|\n|t:|1639692652\n|move|p1a: Glalie|Freeze-Dry|p2a: Indeedee\n|-damage|p2a: Indeedee|201\/255\n|move|p2a: Indeedee|Calm Mind|p2a: Indeedee\n|-boost|p2a: Indeedee|spa|1\n|-boost|p2a: Indeedee|spd|1\n|\n|-ability|p1a: Glalie|Moody|boost\n|-boost|p1a: Glalie|spe|2\n|-unboost|p1a: Glalie|spd|1\n|upkeep\n|turn|4\n|\n|t:|1639692660\n|switch|p1a: Yveltal|Yveltal, L69|288\/288\n|-ability|p1a: Yveltal|Dark Aura\n|move|p2a: Indeedee|Mystical Fire|p1a: Yveltal\n|-damage|p1a: Yveltal|178\/288\n|-unboost|p1a: Yveltal|spa|1\n|-damage|p2a: Indeedee|176\/255|[from] item: Life Orb\n|\n|upkeep\n|turn|5\n|\n|t:|1639692667\n|move|p2a: Indeedee|Hyper Voice|p1a: Yveltal\n|-damage|p1a: Yveltal|0 fnt\n|faint|p1a: Yveltal\n|-damage|p2a: Indeedee|151\/255|[from] item: Life Orb\n|\n|-end|p2a: Indeedee|Disable\n|-fieldend|move: Psychic Terrain\n|upkeep\n|\n|t:|1639692673\n|switch|p1a: Zapdos|Zapdos-Galar, L76|262\/262\n|turn|6\n|\n|t:|1639692678\n|switch|p2a: Tapu Fini|Tapu Fini, L78|237\/237\n|-fieldstart|move: Misty Terrain|[from] ability: Misty Surge|[of] p2a: Tapu Fini\n|move|p1a: Zapdos|Brave Bird|p2a: Tapu Fini\n|-damage|p2a: Tapu Fini|101\/237\n|-damage|p1a: Zapdos|217\/262|[from] Recoil\n|-damage|p1a: Zapdos|191\/262|[from] item: Life Orb\n|\n|-heal|p2a: Tapu Fini|115\/237|[from] item: Leftovers\n|upkeep\n|turn|7\n|\n|t:|1639692689\n|switch|p2a: Dracozolt|Dracozolt, L78|268\/268\n|move|p1a: Zapdos|Brave Bird|p2a: Dracozolt\n|-resisted|p2a: Dracozolt\n|-damage|p2a: Dracozolt|181\/268\n|-damage|p1a: Zapdos|162\/262|[from] Recoil\n|-damage|p1a: Zapdos|136\/262|[from] item: Life Orb\n|\n|upkeep\n|turn|8\n|\n|t:|1639692694\n|switch|p1a: Appletun|Appletun, L90, M|344\/344\n|move|p2a: Dracozolt|Bolt Beak|p1a: Appletun\n|-resisted|p1a: Appletun\n|-damage|p1a: Appletun|279\/344\n|\n|-heal|p1a: Appletun|300\/344|[from] item: Leftovers\n|upkeep\n|turn|9\n|\n|t:|1639692705\n|switch|p2a: Tapu Fini|Tapu Fini, L78|115\/237\n|move|p1a: Appletun|Leech Seed|p2a: Tapu Fini\n|-start|p2a: Tapu Fini|move: Leech Seed\n|\n|-heal|p2a: Tapu Fini|129\/237|[from] item: Leftovers\n|-heal|p1a: Appletun|321\/344|[from] item: Leftovers\n|-damage|p2a: Tapu Fini|100\/237|[from] Leech Seed|[of] p1a: Appletun\n|-heal|p1a: Appletun|344\/344|[silent]\n|upkeep\n|turn|10\n|\n|t:|1639692709\n|switch|p2a: Crobat|Crobat, L82, M|274\/274\n|move|p1a: Appletun|Leech Seed|p2a: Crobat\n|-start|p2a: Crobat|move: Leech Seed\n|\n|-damage|p2a: Crobat|240\/274|[from] Leech Seed|[of] p1a: Appletun\n|-fieldend|Misty Terrain\n|upkeep\n|turn|11\n|\n|t:|1639692714\n|move|p2a: Crobat|Toxic|p1a: Appletun\n|-status|p1a: Appletun|tox\n|move|p1a: Appletun|Apple Acid|p2a: Crobat\n|-resisted|p2a: Crobat\n|-damage|p2a: Crobat|210\/274\n|-unboost|p2a: Crobat|spd|1\n|\n|-damage|p2a: Crobat|176\/274|[from] Leech Seed|[of] p1a: Appletun\n|-damage|p1a: Appletun|323\/344 tox|[from] psn\n|upkeep\n|turn|12\n|\n|t:|1639692718\n|switch|p2a: Tapu Fini|Tapu Fini, L78|100\/237\n|-fieldstart|move: Misty Terrain|[from] ability: Misty Surge|[of] p2a: Tapu Fini\n|move|p1a: Appletun|Apple Acid|p2a: Tapu Fini\n|-supereffective|p2a: Tapu Fini\n|-damage|p2a: Tapu Fini|0 fnt\n|faint|p2a: Tapu Fini\n|\n|-heal|p1a: Appletun|344\/344 tox|[from] item: Leftovers\n|-damage|p1a: Appletun|302\/344 tox|[from] psn\n|upkeep\n|\n|t:|1639692727\n|switch|p2a: Pheromosa|Pheromosa, L76|233\/233\n|turn|13\n|\n|t:|1639692729\n|move|p2a: Pheromosa|U-turn|p1a: Appletun\n|-supereffective|p1a: Appletun\n|-damage|p1a: Appletun|108\/344 tox\n|\n|t:|1639692732\n|switch|p2a: Crobat|Crobat, L82, M|176\/274\n|move|p1a: Appletun|Leech Seed|p2a: Crobat\n|-start|p2a: Crobat|move: Leech Seed\n|\n|-heal|p1a: Appletun|129\/344 tox|[from] item: Leftovers\n|-damage|p2a: Crobat|142\/274|[from] Leech Seed|[of] p1a: Appletun\n|-heal|p1a: Appletun|163\/344 tox|[silent]\n|-damage|p1a: Appletun|100\/344 tox|[from] psn\n|upkeep\n|turn|14\n|\n|t:|1639692737\n|move|p2a: Crobat|Brave Bird|p1a: Appletun\n|-supereffective|p1a: Appletun\n|-damage|p1a: Appletun|0 fnt\n|faint|p1a: Appletun\n|-damage|p2a: Crobat|109\/274|[from] Recoil\n|\n|upkeep\n|\n|t:|1639692747\n|switch|p1a: Miltank|Miltank, L84, F|297\/297\n|turn|15\n|\n|t:|1639692757\n|switch|p2a: Magmortar|Magmortar, L86, M|269\/269\n|move|p1a: Miltank|Stealth Rock|p2a: Magmortar\n|-sidestart|p2: Dragonyte|move: Stealth Rock\n|\n|upkeep\n|turn|16\n|\n|t:|1639692767\n|move|p1a: Miltank|Body Slam|p2a: Magmortar\n|-crit|p2a: Magmortar\n|-damage|p2a: Magmortar|121\/269\n|move|p2a: Magmortar|Fire Blast|p1a: Miltank\n|-damage|p1a: Miltank|180\/297\n|-damage|p2a: Magmortar|95\/269|[from] item: Life Orb\n|\n|-heal|p1a: Miltank|198\/297|[from] item: Leftovers\n|-fieldend|Misty Terrain\n|upkeep\n|turn|17\n|\n|t:|1639692773\n|move|p1a: Miltank|Body Slam|p2a: Magmortar\n|-damage|p2a: Magmortar|2\/269\n|-status|p1a: Miltank|brn|[from] ability: Flame Body|[of] p2a: Magmortar\n|move|p2a: Magmortar|Taunt|p1a: Miltank\n|-start|p1a: Miltank|move: Taunt\n|\n|-heal|p1a: Miltank|216\/297 brn|[from] item: Leftovers\n|-damage|p1a: Miltank|198\/297 brn|[from] brn\n|upkeep\n|turn|18\n|\n|t:|1639692779\n|move|p1a: Miltank|Body Slam|p2a: Magmortar\n|-damage|p2a: Magmortar|0 fnt\n|faint|p2a: Magmortar\n|\n|-heal|p1a: Miltank|216\/297 brn|[from] item: Leftovers\n|-damage|p1a: Miltank|198\/297 brn|[from] brn\n|upkeep\n|\n|t:|1639692793\n|switch|p2a: Pheromosa|Pheromosa, L76|233\/233\n|-damage|p2a: Pheromosa|204\/233|[from] Stealth Rock\n|turn|19\n|\n|t:|1639692800\n|switch|p1a: Zapdos|Zapdos-Galar, L76|136\/262\n|-start|p2a: Pheromosa|Dynamax\n|-heal|p2a: Pheromosa|408\/466|[silent]\n|move|p2a: Pheromosa|Max Knuckle|p1a: Zapdos\n|-resisted|p1a: Zapdos\n|-damage|p1a: Zapdos|73\/262\n|-boost|p2a: Pheromosa|atk|1\n|\n|upkeep\n|turn|20\n|\n|t:|1639692806\n|switch|p1a: Heliolisk|Heliolisk, L82, M|236\/236\n|move|p2a: Pheromosa|Max Knuckle|p1a: Heliolisk\n|-supereffective|p1a: Heliolisk\n|-damage|p1a: Heliolisk|0 fnt\n|-boost|p2a: Pheromosa|atk|1\n|faint|p1a: Heliolisk\n|-ability|p2a: Pheromosa|Beast Boost|boost\n|-boost|p2a: Pheromosa|spe|1\n|\n|upkeep\n|\n|t:|1639692813\n|switch|p1a: Glalie|Glalie, L80, F|259\/259\n|turn|21\n|\n|t:|1639692816\n|-start|p1a: Glalie|Dynamax\n|-heal|p1a: Glalie|518\/518|[silent]\n|move|p1a: Glalie|Max Guard|p1a: Glalie\n|-singleturn|p1a: Glalie|Max Guard\n|move|p2a: Pheromosa|Max Knuckle|p1a: Glalie\n|-activate|p1a: Glalie|move: Max Guard\n|\n|-ability|p1a: Glalie|Moody|boost\n|-boost|p1a: Glalie|atk|2\n|-unboost|p1a: Glalie|spa|1\n|-end|p2a: Pheromosa|Dynamax\n|-heal|p2a: Pheromosa|204\/233|[silent]\n|upkeep\n|turn|22\n|\n|t:|1639692823\n|move|p2a: Pheromosa|Close Combat|p1a: Glalie\n|-supereffective|p1a: Glalie\n|-damage|p1a: Glalie|0 fnt\n|-unboost|p2a: Pheromosa|def|1\n|-unboost|p2a: Pheromosa|spd|1\n|faint|p1a: Glalie\n|-ability|p2a: Pheromosa|Beast Boost|boost\n|-boost|p2a: Pheromosa|spe|1\n|\n|upkeep\n|-message|OldBoyASM forfeited.\n|\n|win|Dragonyte\n|raw|OldBoyASM's rating: 1820 &rarr; <strong>1801<\/strong><br \/>(-19 for losing)\n|raw|Dragonyte's rating: 1833 &rarr; <strong>1852<\/strong><br \/>(+19 for winning)\n|l|\u2606OldBoyASM\n||Ladder isn't responding, score probably updated but might not have (Request timeout).\n","inputlog":">version e08789002c9e8dee6381306488ee9be035a74cb0\n>start {\"formatid\":\"gen8randombattle\",\"seed\":[54747,37815,11274,13545],\"rated\":\"Rated battle\"}\n>player p1 {\"name\":\"OldBoyASM\",\"avatar\":\"266\",\"rating\":1820,\"seed\":[39271,10808,45264,5533]}\n>player p2 {\"name\":\"Dragonyte\",\"avatar\":\"169\",\"rating\":1833,\"seed\":[39363,20416,44114,50655]}\n>p1 move protect\n>p2 move expandingforce\n>p1 move disable\n>p2 move expandingforce\n>p1 move freezedry\n>p2 move calmmind\n>p1 switch 3\n>p2 move mysticalfire\n>p1 move darkpulse\n>p2 move hypervoice\n>p1 switch 5\n>p1 move bravebird\n>p2 switch 3\n>p1 move bravebird\n>p2 switch 5\n>p1 switch 2\n>p2 move boltbeak\n>p1 move leechseed\n>p2 switch 5\n>p1 move leechseed\n>p2 switch 2\n>p1 move appleacid\n>p2 move toxic\n>p1 move appleacid\n>p2 switch 2\n>p2 switch 6\n>p1 move leechseed\n>p2 move uturn\n>p2 switch 2\n>p1 move recover\n>p2 move bravebird\n>p1 switch 6\n>p1 move stealthrock\n>p2 switch 4\n>p1 move bodyslam\n>p2 move fireblast\n>p1 move bodyslam\n>p2 move taunt\n>p1 move bodyslam\n>p2 move fireblast\n>p2 switch 2\n>p1 switch 2\n>p2 move closecombat dynamax\n>p1 switch 4\n>p2 move closecombat dynamax\n>p1 switch 3\n>p1 move protect dynamax\n>p2 move closecombat dynamax\n>p1 move freezedry dynamax\n>p2 move closecombat\n>forcelose p1","uploadtime":1639692833,"views":11,"p1id":"oldboyasm","p2id":"dragonyte","formatid":"gen8randombattle","rating":1801,"private":0,"password":null}