{"id":"gen8ou-1681037240","p1":"BLOATED_BAGEL","p2":"mowlawner-bot","format":"gen8ou","log":"|j|\u2606BLOATED_BAGEL\n|j|\u2606mowlawner-bot\n|t:|1665263428\n|gametype|singles\n|player|p1|BLOATED_BAGEL|1|1419\n|player|p2|mowlawner-bot|1|1422\n|teamsize|p1|6\n|teamsize|p2|6\n|gen|8\n|tier|[Gen 8] OU\n|rated|\n|rule|Sleep Clause Mod: Limit one foe put to sleep\n|rule|Species Clause: Limit one of each Pok\u00e9mon\n|rule|OHKO Clause: OHKO moves are banned\n|rule|Evasion Items Clause: Evasion items are banned\n|rule|Evasion Moves Clause: Evasion moves are banned\n|rule|Endless Battle Clause: Forcing endless battles is banned\n|rule|HP Percentage Mod: HP is shown in percentages\n|rule|Dynamax Clause: You cannot dynamax\n|clearpoke\n|poke|p1|Heatran, M|\n|poke|p1|Garchomp, M|\n|poke|p1|Ferrothorn, F|\n|poke|p1|Moltres-Galar|\n|poke|p1|Landorus-Therian, M|\n|poke|p1|Kartana|\n|poke|p2|Ninetales-Alola, F|\n|poke|p2|Heatran, M|\n|poke|p2|Dragapult, M|\n|poke|p2|Scizor, M|\n|poke|p2|Garchomp, F|\n|poke|p2|Cloyster, F|\n|teampreview\n|c|\u2606mowlawner-bot|Hello! I am a bot created to test my creator's coding ability. I may do some strange things during this battle. I cannot respond to your messages. Good luck and have fun!\n|inactive|Battle timer is ON: inactive players will automatically lose when time's up. (requested by mowlawner-bot)\n|\n|t:|1665263439\n|start\n|switch|p1a: Kartana|Kartana|100\/100\n|switch|p2a: Iron Man|Heatran, M|100\/100\n|-item|p2a: Iron Man|Air Balloon\n|turn|1\n|\n|t:|1665263448\n|switch|p1a: Landorus|Landorus-Therian, M|100\/100\n|-ability|p1a: Landorus|Intimidate|boost\n|-unboost|p2a: Iron Man|atk|1\n|switch|p2a: Enter Sandman|Garchomp, F|100\/100\n|\n|upkeep\n|turn|2\n|\n|t:|1665263450\n|move|p2a: Enter Sandman|Swords Dance|p2a: Enter Sandman\n|-boost|p2a: Enter Sandman|atk|2\n|move|p1a: Landorus|Toxic|p2a: Enter Sandman\n|-status|p2a: Enter Sandman|tox\n|\n|-damage|p2a: Enter Sandman|94\/100 tox|[from] psn\n|upkeep\n|turn|3\n|\n|t:|1665263456\n|switch|p1a: Ferrothorn|Ferrothorn, F|100\/100\n|move|p2a: Enter Sandman|Aqua Tail|p1a: Ferrothorn\n|-resisted|p1a: Ferrothorn\n|-damage|p1a: Ferrothorn|83\/100\n|-damage|p2a: Enter Sandman|82\/100 tox|[from] ability: Iron Barbs|[of] p1a: Ferrothorn\n|-damage|p2a: Enter Sandman|65\/100 tox|[from] item: Rocky Helmet|[of] p1a: Ferrothorn\n|\n|-heal|p2a: Enter Sandman|72\/100 tox|[from] item: Leftovers\n|-damage|p2a: Enter Sandman|59\/100 tox|[from] psn\n|upkeep\n|turn|4\n|\n|t:|1665263459\n|switch|p1a: Landorus|Landorus-Therian, M|100\/100\n|-ability|p1a: Landorus|Intimidate|boost\n|-unboost|p2a: Enter Sandman|atk|1\n|move|p2a: Enter Sandman|Earthquake|p1a: Landorus\n|-immune|p1a: Landorus\n|\n|-heal|p2a: Enter Sandman|65\/100 tox|[from] item: Leftovers\n|-damage|p2a: Enter Sandman|47\/100 tox|[from] psn\n|upkeep\n|turn|5\n|\n|t:|1665263461\n|switch|p2a: Iron Man|Heatran, M|100\/100\n|-item|p2a: Iron Man|Air Balloon\n|switch|p1a: Ferrothorn|Ferrothorn, F|83\/100\n|\n|upkeep\n|turn|6\n|\n|t:|1665263466\n|switch|p1a: Garchomp|Garchomp, M|100\/100\n|move|p2a: Iron Man|Magma Storm|p1a: Garchomp\n|-resisted|p1a: Garchomp\n|-damage|p1a: Garchomp|73\/100\n|-activate|p1a: Garchomp|move: Magma Storm|[of] p2a: Iron Man\n|\n|-heal|p1a: Garchomp|79\/100|[from] item: Leftovers\n|-damage|p1a: Garchomp|67\/100|[from] move: Magma Storm|[partiallytrapped]\n|upkeep\n|turn|7\n|\n|t:|1665263468\n|move|p1a: Garchomp|Scale Shot|p2a: Iron Man\n|-resisted|p2a: Iron Man\n|-damage|p2a: Iron Man|94\/100\n|-enditem|p2a: Iron Man|Air Balloon\n|-resisted|p2a: Iron Man\n|-damage|p2a: Iron Man|88\/100\n|-hitcount|p2a: Iron Man|2\n|-unboost|p1a: Garchomp|def|1\n|-boost|p1a: Garchomp|spe|1\n|move|p2a: Iron Man|Magma Storm|p1a: Garchomp\n|-resisted|p1a: Garchomp\n|-damage|p1a: Garchomp|41\/100\n|\n|-heal|p1a: Garchomp|47\/100|[from] item: Leftovers\n|-damage|p1a: Garchomp|34\/100|[from] move: Magma Storm|[partiallytrapped]\n|upkeep\n|turn|8\n|\n|t:|1665263473\n|switch|p2a: Cold As Ice|Cloyster, F|100\/100\n|move|p1a: Garchomp|Earthquake|p2a: Cold As Ice\n|-damage|p2a: Cold As Ice|54\/100\n|\n|-heal|p1a: Garchomp|41\/100|[from] item: Leftovers\n|-end|p1a: Garchomp|Magma Storm|[partiallytrapped]|[silent]\n|upkeep\n|turn|9\n|\n|t:|1665263479\n|switch|p1a: Kartana|Kartana|100\/100\n|move|p2a: Cold As Ice|Icicle Spear|p1a: Kartana\n|-damage|p1a: Kartana|87\/100\n|-damage|p1a: Kartana|75\/100\n|-damage|p1a: Kartana|62\/100\n|-damage|p1a: Kartana|49\/100\n|-damage|p1a: Kartana|37\/100\n|-hitcount|p1a: Kartana|5\n|\n|upkeep\n|turn|10\n|\n|t:|1665263485\n|switch|p2a: Steely Dan|Scizor, M|100\/100\n|move|p1a: Kartana|Leaf Blade|p2a: Steely Dan\n|-resisted|p2a: Steely Dan\n|-damage|p2a: Steely Dan|83\/100\n|\n|-heal|p2a: Steely Dan|89\/100|[from] item: Leftovers\n|upkeep\n|turn|11\n|\n|t:|1665263488\n|switch|p1a: Heatran|Heatran, M|100\/100\n|move|p2a: Steely Dan|Knock Off|p1a: Heatran\n|-damage|p1a: Heatran|67\/100\n|-enditem|p1a: Heatran|Leftovers|[from] move: Knock Off|[of] p2a: Steely Dan\n|\n|-heal|p2a: Steely Dan|95\/100|[from] item: Leftovers\n|upkeep\n|turn|12\n|\n|t:|1665263490\n|switch|p2a: Enter Sandman|Garchomp, F|47\/100 tox\n|move|p1a: Heatran|Stealth Rock|p2a: Enter Sandman\n|-sidestart|p2: mowlawner-bot|move: Stealth Rock\n|\n|-heal|p2a: Enter Sandman|53\/100 tox|[from] item: Leftovers\n|-damage|p2a: Enter Sandman|47\/100 tox|[from] psn\n|upkeep\n|turn|13\n|\n|t:|1665263493\n|switch|p1a: Landorus|Landorus-Therian, M|100\/100\n|-ability|p1a: Landorus|Intimidate|boost\n|-unboost|p2a: Enter Sandman|atk|1\n|move|p2a: Enter Sandman|Earthquake|p1a: Landorus\n|-immune|p1a: Landorus\n|\n|-heal|p2a: Enter Sandman|53\/100 tox|[from] item: Leftovers\n|-damage|p2a: Enter Sandman|41\/100 tox|[from] psn\n|upkeep\n|turn|14\n|\n|t:|1665263494\n|switch|p1a: Ferrothorn|Ferrothorn, F|83\/100\n|move|p2a: Enter Sandman|Scale Shot|p1a: Ferrothorn\n|-resisted|p1a: Ferrothorn\n|-damage|p1a: Ferrothorn|80\/100\n|-resisted|p1a: Ferrothorn\n|-damage|p1a: Ferrothorn|77\/100\n|-resisted|p1a: Ferrothorn\n|-damage|p1a: Ferrothorn|75\/100\n|-resisted|p1a: Ferrothorn\n|-damage|p1a: Ferrothorn|72\/100\n|-hitcount|p1a: Ferrothorn|4\n|-unboost|p2a: Enter Sandman|def|1\n|-boost|p2a: Enter Sandman|spe|1\n|\n|-heal|p2a: Enter Sandman|47\/100 tox|[from] item: Leftovers\n|-damage|p2a: Enter Sandman|29\/100 tox|[from] psn\n|upkeep\n|turn|15\n|\n|t:|1665263497\n|switch|p2a: Iron Man|Heatran, M|88\/100\n|-damage|p2a: Iron Man|75\/100|[from] Stealth Rock\n|switch|p1a: Landorus|Landorus-Therian, M|100\/100\n|-ability|p1a: Landorus|Intimidate|boost\n|-unboost|p2a: Iron Man|atk|1\n|\n|upkeep\n|turn|16\n|\n|t:|1665263500\n|switch|p2a: Enter Sandman|Garchomp, F|29\/100 tox\n|-damage|p2a: Enter Sandman|22\/100 tox|[from] Stealth Rock\n|move|p1a: Landorus|Earthquake|p2a: Enter Sandman\n|-damage|p2a: Enter Sandman|0 fnt\n|faint|p2a: Enter Sandman\n|\n|upkeep\n|\n|t:|1665263500\n|switch|p2a: Cold As Ice|Cloyster, F|54\/100\n|turn|17\n|\n|t:|1665263507\n|switch|p1a: Heatran|Heatran, M|67\/100\n|move|p2a: Cold As Ice|Hydro Pump|p1a: Heatran\n|-supereffective|p1a: Heatran\n|-damage|p1a: Heatran|18\/100\n|\n|upkeep\n|turn|18\n|\n|t:|1665263509\n|switch|p2a: Rush|Dragapult, M|100\/100\n|-damage|p2a: Rush|88\/100|[from] Stealth Rock\n|move|p1a: Heatran|Magma Storm|p2a: Rush|[miss]\n|-miss|p1a: Heatran|p2a: Rush\n|\n|upkeep\n|turn|19\n|\n|t:|1665263514\n|move|p2a: Rush|Dragon Darts|p1a: Heatran\n|-resisted|p1a: Heatran\n|-damage|p1a: Heatran|6\/100\n|-anim|p2a: Rush|Dragon Darts|p1a: Heatran\n|-resisted|p1a: Heatran\n|-damage|p1a: Heatran|0 fnt\n|faint|p1a: Heatran\n|\n|upkeep\n|\n|t:|1665263516\n|switch|p1a: Ferrothorn|Ferrothorn, F|72\/100\n|turn|20\n|\n|t:|1665263518\n|move|p2a: Rush|Flamethrower|p1a: Ferrothorn\n|-supereffective|p1a: Ferrothorn\n|-damage|p1a: Ferrothorn|6\/100\n|-status|p1a: Ferrothorn|brn\n|move|p1a: Ferrothorn|Leech Seed|p2a: Rush\n|-start|p2a: Rush|move: Leech Seed\n|\n|-damage|p2a: Rush|76\/100|[from] Leech Seed|[of] p1a: Ferrothorn\n|-heal|p1a: Ferrothorn|18\/100 brn|[silent]\n|-damage|p1a: Ferrothorn|11\/100 brn|[from] brn\n|upkeep\n|turn|21\n|\n|t:|1665263521\n|switch|p1a: Landorus|Landorus-Therian, M|100\/100\n|-ability|p1a: Landorus|Intimidate|boost\n|-fail|p2a: Rush|unboost|[from] ability: Clear Body|[of] p2a: Rush\n|move|p2a: Rush|Dragon Darts|p1a: Landorus\n|-damage|p1a: Landorus|77\/100\n|-anim|p2a: Rush|Dragon Darts|p1a: Landorus\n|-damage|p1a: Landorus|54\/100\n|\n|-heal|p1a: Landorus|60\/100|[from] item: Leftovers\n|-damage|p2a: Rush|64\/100|[from] Leech Seed|[of] p1a: Landorus\n|-heal|p1a: Landorus|71\/100|[silent]\n|upkeep\n|turn|22\n|\n|t:|1665263524\n|move|p2a: Rush|Dragon Darts|p1a: Landorus\n|-damage|p1a: Landorus|44\/100\n|-anim|p2a: Rush|Dragon Darts|p1a: Landorus\n|-damage|p1a: Landorus|21\/100\n|move|p1a: Landorus|Earthquake|p2a: Rush\n|-damage|p2a: Rush|0 fnt\n|faint|p2a: Rush\n|\n|-heal|p1a: Landorus|27\/100|[from] item: Leftovers\n|upkeep\n|\n|t:|1665263524\n|switch|p2a: Cold As Ice|Cloyster, F|54\/100\n|turn|23\n|\n|t:|1665263527\n|move|p2a: Cold As Ice|Icicle Spear|p1a: Landorus\n|-supereffective|p1a: Landorus\n|-damage|p1a: Landorus|0 fnt\n|faint|p1a: Landorus\n|-hitcount|p1: Landorus|1\n|\n|upkeep\n|\n|t:|1665263529\n|switch|p1a: Kartana|Kartana|37\/100\n|turn|24\n|\n|t:|1665263534\n|switch|p2a: Iron Man|Heatran, M|75\/100\n|-damage|p2a: Iron Man|63\/100|[from] Stealth Rock\n|move|p1a: Kartana|Sacred Sword|p2a: Iron Man\n|-supereffective|p2a: Iron Man\n|-damage|p2a: Iron Man|0 fnt\n|faint|p2a: Iron Man\n|-ability|p1a: Kartana|Beast Boost|boost\n|-boost|p1a: Kartana|atk|1\n|\n|upkeep\n|\n|t:|1665263534\n|switch|p2a: Steely Dan|Scizor, M|95\/100\n|-damage|p2a: Steely Dan|83\/100|[from] Stealth Rock\n|turn|25\n|\n|t:|1665263537\n|move|p1a: Kartana|Sacred Sword|p2a: Steely Dan\n|-damage|p2a: Steely Dan|16\/100\n|move|p2a: Steely Dan|Knock Off|p1a: Kartana\n|-damage|p1a: Kartana|0 fnt\n|-enditem|p1a: Kartana|Choice Scarf|[from] move: Knock Off|[of] p2a: Steely Dan\n|faint|p1a: Kartana\n|\n|-heal|p2a: Steely Dan|22\/100|[from] item: Leftovers\n|upkeep\n|\n|t:|1665263550\n|switch|p1a: Moltres|Moltres-Galar|100\/100\n|turn|26\n|\n|t:|1665263551\n|move|p2a: Steely Dan|Bullet Punch|p1a: Moltres\n|-damage|p1a: Moltres|58\/100\n|move|p1a: Moltres|Agility|p1a: Moltres\n|-boost|p1a: Moltres|spe|2\n|\n|-heal|p2a: Steely Dan|28\/100|[from] item: Leftovers\n|upkeep\n|turn|27\n|\n|t:|1665263555\n|move|p2a: Steely Dan|Bullet Punch|p1a: Moltres\n|-damage|p1a: Moltres|20\/100\n|-ability|p1a: Moltres|Berserk|boost\n|-boost|p1a: Moltres|spa|1\n|move|p1a: Moltres|Fiery Wrath|p2a: Steely Dan\n|-crit|p2a: Steely Dan\n|-damage|p2a: Steely Dan|0 fnt\n|faint|p2a: Steely Dan\n|\n|upkeep\n|\n|t:|1665263555\n|switch|p2a: Foxy Lady|Ninetales-Alola, F|100\/100\n|-damage|p2a: Foxy Lady|76\/100|[from] Stealth Rock\n|-weather|Hail|[from] ability: Snow Warning|[of] p2a: Foxy Lady\n|turn|28\n|\n|t:|1665263558\n|move|p1a: Moltres|Hurricane|p2a: Foxy Lady\n|-damage|p2a: Foxy Lady|0 fnt\n|faint|p2a: Foxy Lady\n|\n|-weather|Hail|[upkeep]\n|-damage|p1a: Moltres|13\/100|[from] Hail\n|upkeep\n|\n|t:|1665263558\n|switch|p2a: Cold As Ice|Cloyster, F|54\/100\n|turn|29\n|\n|t:|1665263560\n|move|p1a: Moltres|Fiery Wrath|p2a: Cold As Ice\n|-damage|p2a: Cold As Ice|0 fnt\n|faint|p2a: Cold As Ice\n|\n|win|BLOATED_BAGEL\n|raw|BLOATED_BAGEL's rating: 1419 &rarr; <strong>1439<\/strong><br \/>(+20 for winning)\n|raw|mowlawner-bot's rating: 1422 &rarr; <strong>1402<\/strong><br \/>(-20 for losing)\n|c|\u2606mowlawner-bot|Thanks for playing against me!\n","uploadtime":1665263562,"views":2,"p1id":"bloatedbagel","p2id":"mowlawnerbot","formatid":"gen8ou","rating":1402,"private":0,"password":null}