{"id":"gen8battlefactory-1675668516","p1":"Redflix","p2":"Daytona Dragapults","format":"gen8battlefactory","log":"|j|\u2606Redflix\n|j|\u2606Daytona Dragapults\n|t:|1664710194\n|gametype|singles\n|player|p1|Redflix|erika|1197\n|player|p2|Daytona Dragapults|battlegirl-gen4|1185\n|teamsize|p1|6\n|teamsize|p2|6\n|gen|8\n|tier|[Gen 8] Battle Factory\n|rated|\n|rule|Sleep Clause Mod: Limit one foe put to sleep\n|rule|Species Clause: Limit one of each Pok\u00e9mon\n|rule|OHKO Clause: OHKO moves are banned\n|rule|Evasion Items Clause: Evasion items are banned\n|rule|Evasion Moves Clause: Evasion moves are banned\n|rule|Endless Battle Clause: Forcing endless battles is banned\n|rule|HP Percentage Mod: HP is shown in percentages\n|rule|Dynamax Clause: You cannot dynamax\n|clearpoke\n|poke|p1|Archen, L5, F|\n|poke|p1|Timburr, L5, F|\n|poke|p1|Staryu, L5|\n|poke|p1|Trubbish, L5, M|\n|poke|p1|Pawniard, L5, M|\n|poke|p1|Larvesta, L5, F|\n|poke|p2|Golett, L5|\n|poke|p2|Anorith, L5, M|\n|poke|p2|Elekid, L5, M|\n|poke|p2|Magby, L5, M|\n|poke|p2|Wingull, L5, M|\n|poke|p2|Spritzee, L5, F|\n|teampreview\n|inactive|Battle timer is ON: inactive players will automatically lose when time's up. (requested by Redflix)\n|\n|t:|1664710272\n|start\n|switch|p1a: Trubbish|Trubbish, L5, M|23\/23\n|switch|p2a: Elekid|Elekid, L5, M|21\/21\n|turn|1\n|\n|t:|1664710285\n|move|p2a: Elekid|Psychic|p1a: Trubbish\n|-supereffective|p1a: Trubbish\n|-damage|p1a: Trubbish|0 fnt\n|faint|p1a: Trubbish\n|-damage|p2a: Elekid|19\/21|[from] item: Life Orb\n|\n|upkeep\n|\n|t:|1664710291\n|switch|p1a: Archen|Archen, L5, F|22\/22\n|turn|2\n|\n|t:|1664710298\n|switch|p2a: Wingull|Wingull, L5, M|19\/19\n|move|p1a: Archen|Earthquake|p2a: Wingull\n|-immune|p2a: Wingull\n|\n|upkeep\n|turn|3\n|\n|t:|1664710303\n|switch|p1a: Staryu|Staryu, L5|19\/19\n|move|p2a: Wingull|Knock Off|p1a: Staryu\n|-damage|p1a: Staryu|15\/19\n|-enditem|p1a: Staryu|Eviolite|[from] move: Knock Off|[of] p2a: Wingull\n|\n|upkeep\n|turn|4\n|\n|t:|1664710309\n|switch|p2a: Golett|Golett, L5|22\/22\n|move|p1a: Staryu|Thunderbolt|p2a: Golett\n|-immune|p2a: Golett\n|\n|upkeep\n|turn|5\n|\n|t:|1664710315\n|move|p2a: Golett|Poltergeist||[still]\n|-fail|p2a: Golett\n|move|p1a: Staryu|Hydro Pump|p2a: Golett\n|-supereffective|p2a: Golett\n|-damage|p2a: Golett|0 fnt\n|faint|p2a: Golett\n|\n|upkeep\n|\n|t:|1664710323\n|switch|p2a: Elekid|Elekid, L5, M|19\/21\n|turn|6\n|\n|t:|1664710329\n|switch|p1a: Pawniard|Pawniard, L5, M|21\/21\n|move|p2a: Elekid|Volt Switch|p1a: Pawniard\n|-damage|p1a: Pawniard|9\/21\n|-damage|p2a: Elekid|17\/21|[from] item: Life Orb\n|c|\u2606Daytona Dragapults|I\u2019m dumb lol\n|\n|t:|1664710340\n|switch|p2a: Magby|Magby, L5, M|20\/20\n|\n|upkeep\n|turn|7\n|c|\u2606Redflix|its ok eleki gets u the dub regardless\n|inactive|Redflix has 120 seconds left.\n|\n|t:|1664710376\n|move|p2a: Magby|Mach Punch|p1a: Pawniard\n|-supereffective|p1a: Pawniard\n|-crit|p1a: Pawniard\n|-damage|p1a: Pawniard|0 fnt\n|faint|p1a: Pawniard\n|\n|upkeep\n|\n|t:|1664710383\n|switch|p1a: Archen|Archen, L5, F|22\/22\n|turn|8\n|\n|t:|1664710389\n|switch|p2a: Spritzee|Spritzee, L5, F|27\/27\n|move|p1a: Archen|Knock Off|p2a: Spritzee\n|-resisted|p2a: Spritzee\n|-damage|p2a: Spritzee|24\/27\n|-enditem|p2a: Spritzee|Eviolite|[from] move: Knock Off|[of] p1a: Archen\n|\n|upkeep\n|turn|9\n|\n|t:|1664710401\n|switch|p1a: Larvesta|Larvesta, L5, F|23\/23\n|switch|p2a: Magby|Magby, L5, M|20\/20\n|\n|upkeep\n|turn|10\n|\n|t:|1664710412\n|move|p2a: Magby|Belly Drum|p2a: Magby\n|-damage|p2a: Magby|10\/20\n|-setboost|p2a: Magby|atk|6|[from] move: Belly Drum\n|-enditem|p2a: Magby|Berry Juice\n|-heal|p2a: Magby|20\/20|[from] item: Berry Juice\n|move|p1a: Larvesta|U-turn|p2a: Magby\n|-resisted|p2a: Magby\n|-damage|p2a: Magby|14\/20\n|\n|t:|1664710414\n|switch|p1a: Timburr|Timburr, L5, F|25\/25\n|\n|upkeep\n|turn|11\n|\n|t:|1664710419\n|move|p1a: Timburr|Mach Punch|p2a: Magby\n|-damage|p2a: Magby|5\/20\n|move|p2a: Magby|Fire Punch|p1a: Timburr\n|-damage|p1a: Timburr|0 fnt\n|faint|p1a: Timburr\n|\n|upkeep\n|\n|t:|1664710424\n|switch|p1a: Larvesta|Larvesta, L5, F|23\/23\n|turn|12\n|\n|t:|1664710427\n|move|p2a: Magby|Fire Punch|p1a: Larvesta\n|-damage|p1a: Larvesta|0 fnt\n|faint|p1a: Larvesta\n|\n|upkeep\n|\n|t:|1664710430\n|switch|p1a: Archen|Archen, L5, F|22\/22\n|turn|13\n|\n|t:|1664710444\n|move|p2a: Magby|Mach Punch|p1a: Archen\n|-damage|p1a: Archen|5\/22\n|move|p1a: Archen|Knock Off|p2a: Magby\n|-damage|p2a: Magby|0 fnt\n|faint|p2a: Magby\n|\n|upkeep\n|\n|t:|1664710456\n|switch|p2a: Elekid|Elekid, L5, M|17\/21\n|turn|14\n|\n|t:|1664710460\n|move|p1a: Archen|Knock Off|p2a: Elekid\n|-damage|p2a: Elekid|9\/21\n|-enditem|p2a: Elekid|Life Orb|[from] move: Knock Off|[of] p1a: Archen\n|move|p2a: Elekid|Thunderbolt|p1a: Archen\n|-supereffective|p1a: Archen\n|-crit|p1a: Archen\n|-damage|p1a: Archen|0 fnt\n|faint|p1a: Archen\n|\n|upkeep\n|\n|t:|1664710463\n|switch|p1a: Staryu|Staryu, L5|15\/19\n|turn|15\n|\n|t:|1664710467\n|move|p2a: Elekid|Thunderbolt|p1a: Staryu\n|-supereffective|p1a: Staryu\n|-damage|p1a: Staryu|0 fnt\n|faint|p1a: Staryu\n|\n|win|Daytona Dragapults\n|raw|Redflix's rating: 1197 &rarr; <strong>1171<\/strong><br \/>(-26 for losing)\n|raw|Daytona Dragapults's rating: 1185 &rarr; <strong>1211<\/strong><br \/>(+26 for winning)\n|l|\u2606Redflix\n|l|\u2606Daytona Dragapults\n|j|\u2606Redflix\n|player|p1|Redflix|erika\n","uploadtime":1664710506,"views":6,"p1id":"redflix","p2id":"daytonadragapults","formatid":"gen8battlefactory","rating":1171,"private":0,"password":null}