{"id":"gen8nationaldex-1605219578","p1":"JhosueDaniel \u2721","p2":"Turn 2","format":"gen8nationaldex","log":"|j|\u2606JhosueDaniel \u2721\n|j|\u2606Turn 2\n|t:|1656333212\n|gametype|singles\n|player|p1|JhosueDaniel \u2721|nate|1288\n|player|p2|Turn 2|roxie|1281\n|teamsize|p1|6\n|teamsize|p2|6\n|gen|8\n|tier|[Gen 8] National Dex\n|rated|\n|rule|HP Percentage Mod: HP is shown in percentages\n|rule|Endless Battle Clause: Forcing endless battles is banned\n|rule|OHKO Clause: OHKO moves are banned\n|rule|Evasion Moves Clause: Evasion moves are banned\n|rule|Species Clause: Limit one of each Pok\u00e9mon\n|rule|Dynamax Clause: You cannot dynamax\n|rule|Sleep Clause Mod: Limit one foe put to sleep\n|clearpoke\n|poke|p1|Clefable, M|\n|poke|p1|Alakazam, M|\n|poke|p1|Gengar, F|\n|poke|p1|Arcanine, M|\n|poke|p1|Pidgeot, M|\n|poke|p1|Nidoking, M|\n|poke|p2|Pelipper, M|\n|poke|p2|Barraskewda, M|\n|poke|p2|Regieleki|\n|poke|p2|Tapu Lele|\n|poke|p2|Landorus-Therian, M|\n|poke|p2|Ferrothorn, M|\n|teampreview\n|inactive|Battle timer is ON: inactive players will automatically lose when time's up. (requested by Turn 2)\n|\n|t:|1656333222\n|start\n|switch|p1a: Brutus|Nidoking, M|100\/100\n|switch|p2a: Cleanup Crew|Barraskewda, M|100\/100\n|turn|1\n|\n|t:|1656333230\n|switch|p1a: James|Arcanine, M|100\/100\n|-ability|p1a: James|Intimidate|boost\n|-unboost|p2a: Cleanup Crew|atk|1\n|move|p2a: Cleanup Crew|Flip Turn|p1a: James\n|-supereffective|p1a: James\n|-damage|p1a: James|49\/100\n|-damage|p2a: Cleanup Crew|84\/100|[from] item: Rocky Helmet|[of] p1a: James\n|\n|t:|1656333239\n|switch|p2a: Grumpy Gary|Landorus-Therian, M|100\/100|[from]move: Flip Turn\n|-ability|p2a: Grumpy Gary|Intimidate|boost\n|-unboost|p1a: James|atk|1\n|\n|upkeep\n|turn|2\n|\n|t:|1656333246\n|switch|p1a: Aghata|Gengar, F|100\/100\n|move|p2a: Grumpy Gary|Stealth Rock|p1a: Aghata\n|-sidestart|p1: JhosueDaniel \u2721|move: Stealth Rock\n|\n|upkeep\n|turn|3\n|\n|t:|1656333253\n|move|p1a: Aghata|Shadow Ball|p2a: Grumpy Gary\n|-damage|p2a: Grumpy Gary|63\/100\n|move|p2a: Grumpy Gary|Earthquake|p1a: Aghata\n|-supereffective|p1a: Aghata\n|-enditem|p1a: Aghata|Focus Sash\n|-damage|p1a: Aghata|1\/100\n|-start|p2a: Grumpy Gary|Disable|Earthquake|[from] ability: Cursed Body|[of] p1a: Aghata\n|\n|-heal|p2a: Grumpy Gary|70\/100|[from] item: Leftovers\n|upkeep\n|turn|4\n|\n|t:|1656333265\n|move|p1a: Aghata|Destiny Bond|p1a: Aghata\n|-singlemove|p1a: Aghata|Destiny Bond\n|move|p2a: Grumpy Gary|U-turn|p1a: Aghata\n|-resisted|p1a: Aghata\n|-damage|p1a: Aghata|0 fnt\n|faint|p1a: Aghata\n|-activate|p1a: Aghata|move: Destiny Bond\n|faint|p2a: Grumpy Gary\n|\n|upkeep\n|\n|t:|1656333274\n|switch|p1a: Pidgeot|Pidgeot, M, shiny|100\/100\n|switch|p2a: Captain Birb|Pelipper, M, shiny|100\/100\n|-damage|p1a: Pidgeot|76\/100|[from] Stealth Rock\n|-weather|RainDance|[from] ability: Drizzle|[of] p2a: Captain Birb\n|turn|5\n|\n|t:|1656333282\n|detailschange|p1a: Pidgeot|Pidgeot-Mega, M, shiny\n|-mega|p1a: Pidgeot|Pidgeot|Pidgeotite\n|move|p1a: Pidgeot|Defog|p2a: Captain Birb\n|-unboost|p2a: Captain Birb|evasion|1\n|-sideend|p1: JhosueDaniel \u2721|Stealth Rock|[from] move: Defog|[of] p1a: Pidgeot\n|move|p2a: Captain Birb|U-turn|p1a: Pidgeot\n|-resisted|p1a: Pidgeot\n|-damage|p1a: Pidgeot|70\/100\n|\n|t:|1656333291\n|switch|p2a: Cleanup Crew|Barraskewda, M|84\/100|[from]move: U-turn\n|\n|-weather|RainDance|[upkeep]\n|upkeep\n|turn|6\n|\n|t:|1656333301\n|switch|p1a: James|Arcanine, M|49\/100\n|-ability|p1a: James|Intimidate|boost\n|-unboost|p2a: Cleanup Crew|atk|1\n|move|p2a: Cleanup Crew|Liquidation|p1a: James\n|-supereffective|p1a: James\n|-damage|p1a: James|0 fnt\n|-damage|p2a: Cleanup Crew|68\/100|[from] item: Rocky Helmet|[of] p1a: James\n|faint|p1a: James\n|\n|-weather|RainDance|[upkeep]\n|upkeep\n|\n|t:|1656333309\n|switch|p1a: Valerie|Clefable, M|100\/100\n|turn|7\n|\n|t:|1656333326\n|switch|p2a: Don't Sit on Me|Ferrothorn, M|100\/100\n|move|p1a: Valerie|Cosmic Power|p1a: Valerie\n|-boost|p1a: Valerie|def|1\n|-boost|p1a: Valerie|spd|1\n|\n|-weather|RainDance|[upkeep]\n|upkeep\n|turn|8\n|\n|t:|1656333337\n|move|p1a: Valerie|Cosmic Power|p1a: Valerie\n|-boost|p1a: Valerie|def|1\n|-boost|p1a: Valerie|spd|1\n|move|p2a: Don't Sit on Me|Iron Head|p1a: Valerie\n|-supereffective|p1a: Valerie\n|-damage|p1a: Valerie|74\/100\n|\n|-weather|RainDance|[upkeep]\n|-heal|p1a: Valerie|80\/100|[from] item: Leftovers\n|upkeep\n|turn|9\n|\n|t:|1656333347\n|move|p1a: Valerie|Cosmic Power|p1a: Valerie\n|-boost|p1a: Valerie|def|1\n|-boost|p1a: Valerie|spd|1\n|move|p2a: Don't Sit on Me|Knock Off|p1a: Valerie\n|-resisted|p1a: Valerie\n|-damage|p1a: Valerie|76\/100\n|-enditem|p1a: Valerie|Leftovers|[from] move: Knock Off|[of] p2a: Don't Sit on Me\n|\n|-weather|none\n|upkeep\n|turn|10\n|\n|t:|1656333357\n|move|p1a: Valerie|Cosmic Power|p1a: Valerie\n|-boost|p1a: Valerie|def|1\n|-boost|p1a: Valerie|spd|1\n|move|p2a: Don't Sit on Me|Iron Head|p1a: Valerie\n|-supereffective|p1a: Valerie\n|-damage|p1a: Valerie|59\/100\n|\n|upkeep\n|turn|11\n|\n|t:|1656333365\n|move|p1a: Valerie|Soft-Boiled|p1a: Valerie\n|-heal|p1a: Valerie|100\/100\n|move|p2a: Don't Sit on Me|Iron Head|p1a: Valerie\n|-supereffective|p1a: Valerie\n|-damage|p1a: Valerie|82\/100\n|\n|upkeep\n|turn|12\n|\n|t:|1656333372\n|move|p1a: Valerie|Charge Beam|p2a: Don't Sit on Me\n|-resisted|p2a: Don't Sit on Me\n|-damage|p2a: Don't Sit on Me|97\/100\n|move|p2a: Don't Sit on Me|Iron Head|p1a: Valerie\n|-supereffective|p1a: Valerie\n|-damage|p1a: Valerie|63\/100\n|\n|-heal|p2a: Don't Sit on Me|100\/100|[from] item: Leftovers\n|upkeep\n|turn|13\n|\n|t:|1656333382\n|switch|p2a: Brainbuster|Tapu Lele|100\/100\n|-fieldstart|move: Psychic Terrain|[from] ability: Psychic Surge|[of] p2a: Brainbuster\n|move|p1a: Valerie|Charge Beam|p2a: Brainbuster\n|-damage|p2a: Brainbuster|88\/100\n|-boost|p1a: Valerie|spa|1\n|\n|upkeep\n|turn|14\n|\n|t:|1656333396\n|move|p2a: Brainbuster|Psyshock|p1a: Valerie\n|-damage|p1a: Valerie|46\/100\n|move|p1a: Valerie|Soft-Boiled|p1a: Valerie\n|-heal|p1a: Valerie|96\/100\n|\n|upkeep\n|turn|15\n|\n|t:|1656333405\n|switch|p2a: Don't Sit on Me|Ferrothorn, M|100\/100\n|move|p1a: Valerie|Charge Beam|p2a: Don't Sit on Me\n|-resisted|p2a: Don't Sit on Me\n|-damage|p2a: Don't Sit on Me|95\/100\n|\n|-heal|p2a: Don't Sit on Me|100\/100|[from] item: Leftovers\n|upkeep\n|turn|16\n|\n|t:|1656333414\n|move|p1a: Valerie|Charge Beam|p2a: Don't Sit on Me\n|-resisted|p2a: Don't Sit on Me\n|-damage|p2a: Don't Sit on Me|95\/100\n|-boost|p1a: Valerie|spa|1\n|move|p2a: Don't Sit on Me|Spikes|p1a: Valerie\n|-sidestart|p1: JhosueDaniel \u2721|Spikes\n|\n|-heal|p2a: Don't Sit on Me|100\/100|[from] item: Leftovers\n|upkeep\n|turn|17\n|\n|t:|1656333425\n|move|p1a: Valerie|Charge Beam|p2a: Don't Sit on Me\n|-resisted|p2a: Don't Sit on Me\n|-damage|p2a: Don't Sit on Me|94\/100\n|-boost|p1a: Valerie|spa|1\n|move|p2a: Don't Sit on Me|Iron Head|p1a: Valerie\n|-supereffective|p1a: Valerie\n|-damage|p1a: Valerie|77\/100\n|\n|-heal|p2a: Don't Sit on Me|99\/100|[from] item: Leftovers\n|-fieldend|move: Psychic Terrain\n|upkeep\n|turn|18\n|\n|t:|1656333436\n|move|p1a: Valerie|Charge Beam|p2a: Don't Sit on Me|[miss]\n|-miss|p1a: Valerie|p2a: Don't Sit on Me\n|move|p2a: Don't Sit on Me|Iron Head|p1a: Valerie\n|-supereffective|p1a: Valerie\n|-crit|p1a: Valerie\n|-damage|p1a: Valerie|7\/100\n|\n|-heal|p2a: Don't Sit on Me|100\/100|[from] item: Leftovers\n|upkeep\n|turn|19\n|\n|t:|1656333445\n|move|p1a: Valerie|Soft-Boiled|p1a: Valerie\n|-heal|p1a: Valerie|57\/100\n|move|p2a: Don't Sit on Me|Iron Head|p1a: Valerie\n|-supereffective|p1a: Valerie\n|-damage|p1a: Valerie|41\/100\n|\n|upkeep\n|turn|20\n|\n|t:|1656333453\n|move|p1a: Valerie|Soft-Boiled|p1a: Valerie\n|-heal|p1a: Valerie|91\/100\n|move|p2a: Don't Sit on Me|Iron Head|p1a: Valerie\n|-supereffective|p1a: Valerie\n|-damage|p1a: Valerie|75\/100\n|\n|upkeep\n|turn|21\n|\n|t:|1656333460\n|move|p1a: Valerie|Soft-Boiled|p1a: Valerie\n|-heal|p1a: Valerie|100\/100\n|move|p2a: Don't Sit on Me|Iron Head|p1a: Valerie\n|-supereffective|p1a: Valerie\n|-damage|p1a: Valerie|83\/100\n|\n|upkeep\n|turn|22\n|\n|t:|1656333467\n|move|p1a: Valerie|Charge Beam|p2a: Don't Sit on Me\n|-resisted|p2a: Don't Sit on Me\n|-damage|p2a: Don't Sit on Me|92\/100\n|-boost|p1a: Valerie|spa|1\n|move|p2a: Don't Sit on Me|Iron Head|p1a: Valerie\n|-supereffective|p1a: Valerie\n|-damage|p1a: Valerie|66\/100\n|\n|-heal|p2a: Don't Sit on Me|98\/100|[from] item: Leftovers\n|upkeep\n|turn|23\n|\n|t:|1656333477\n|move|p1a: Valerie|Stored Power|p2a: Don't Sit on Me\n|-resisted|p2a: Don't Sit on Me\n|-damage|p2a: Don't Sit on Me|44\/100\n|move|p2a: Don't Sit on Me|Iron Head|p1a: Valerie\n|-supereffective|p1a: Valerie\n|-damage|p1a: Valerie|50\/100\n|\n|-heal|p2a: Don't Sit on Me|50\/100|[from] item: Leftovers\n|upkeep\n|turn|24\n|\n|t:|1656333486\n|move|p1a: Valerie|Soft-Boiled|p1a: Valerie\n|-heal|p1a: Valerie|99\/100\n|move|p2a: Don't Sit on Me|Iron Head|p1a: Valerie\n|-supereffective|p1a: Valerie\n|-damage|p1a: Valerie|81\/100\n|\n|-heal|p2a: Don't Sit on Me|55\/100|[from] item: Leftovers\n|upkeep\n|turn|25\n|\n|t:|1656333495\n|move|p1a: Valerie|Stored Power|p2a: Don't Sit on Me\n|-resisted|p2a: Don't Sit on Me\n|-damage|p2a: Don't Sit on Me|0 fnt\n|faint|p2a: Don't Sit on Me\n|\n|upkeep\n|\n|t:|1656333506\n|switch|p2a: Captain Birb|Pelipper, M, shiny|100\/100\n|-weather|RainDance|[from] ability: Drizzle|[of] p2a: Captain Birb\n|turn|26\n|\n|t:|1656333511\n|move|p2a: Captain Birb|Hurricane|p1a: Valerie\n|-damage|p1a: Valerie|61\/100\n|-start|p1a: Valerie|confusion\n|-activate|p1a: Valerie|confusion\n|move|p1a: Valerie|Charge Beam|p2a: Captain Birb\n|-supereffective|p2a: Captain Birb\n|-damage|p2a: Captain Birb|0 fnt\n|-boost|p1a: Valerie|spa|1\n|faint|p2a: Captain Birb\n|\n|-weather|RainDance|[upkeep]\n|upkeep\n|\n|t:|1656333524\n|switch|p2a: HisOwnHypeMan|Regieleki, shiny|100\/100\n|turn|27\n|\n|t:|1656333531\n|move|p2a: HisOwnHypeMan|Electro Ball|p1a: Valerie\n|-damage|p1a: Valerie|40\/100\n|-activate|p1a: Valerie|confusion\n|move|p1a: Valerie|Soft-Boiled|p1a: Valerie\n|-heal|p1a: Valerie|90\/100\n|\n|-weather|RainDance|[upkeep]\n|upkeep\n|turn|28\n|-message|Turn 2 forfeited.\n|\n|win|JhosueDaniel \u2721\n|raw|JhosueDaniel \u2721's rating: 1288 &rarr; <strong>1312<\/strong><br \/>(+24 for winning)\n|raw|Turn 2's rating: 1281 &rarr; <strong>1257<\/strong><br \/>(-24 for losing)\n|l|\u2606Turn 2\n","uploadtime":1656333553,"views":13,"p1id":"jhosuedaniel","p2id":"turn2","formatid":"gen8nationaldex","rating":1257,"private":0,"password":null}