{"id":"gen8nationaldex-1508386247","p1":"Hikari-miyako","p2":"tbw(at)gmx(dot)us","format":"gen8nationaldex","log":"|j|\u2606Hikari-miyako\n|j|\u2606tbw(at)gmx(dot)us\n|t:|1644530666\n|gametype|singles\n|player|p1|Hikari-miyako|ariana|1764\n|player|p2|tbw(at)gmx(dot)us|scientist-gen2|1719\n|teamsize|p1|6\n|teamsize|p2|6\n|gen|8\n|tier|[Gen 8] National Dex\n|rated|\n|rule|HP Percentage Mod: HP is shown in percentages\n|rule|Endless Battle Clause: Forcing endless battles is banned\n|rule|OHKO Clause: OHKO moves are banned\n|rule|Evasion Moves Clause: Evasion moves are banned\n|rule|Species Clause: Limit one of each Pok\u00e9mon\n|rule|Dynamax Clause: You cannot dynamax\n|rule|Sleep Clause Mod: Limit one foe put to sleep\n|clearpoke\n|poke|p1|Diancie|\n|poke|p1|Magnezone|\n|poke|p1|Landorus-Therian, M|\n|poke|p1|Tapu Lele|\n|poke|p1|Galvantula, M|\n|poke|p1|Zapdos-Galar|\n|poke|p2|Toxapex, M|\n|poke|p2|Eldegoss, M|\n|poke|p2|Ditto|\n|poke|p2|Sableye, M|\n|poke|p2|Clefable, M|\n|poke|p2|Deoxys-Defense|\n|teampreview\n|inactive|Battle timer is ON: inactive players will automatically lose when time's up. (requested by tbw(at)gmx(dot)us)\n|\n|t:|1644530676\n|start\n|switch|p1a: Diancie|Diancie|100\/100\n|switch|p2a: \ud809\udc2b\ud809\udc2b\ud809\udc2b\ud809\udc2b\ud809\udc2b\ud809\udc2b\ud809\udc2b\ud809\udc2b\ud809\udc2b|Toxapex, M|100\/100\n|turn|1\n|\n|t:|1644530686\n|detailschange|p1a: Diancie|Diancie-Mega\n|-mega|p1a: Diancie|Diancie|Diancite\n|move|p1a: Diancie|Earth Power|p2a: \ud809\udc2b\ud809\udc2b\ud809\udc2b\ud809\udc2b\ud809\udc2b\ud809\udc2b\ud809\udc2b\ud809\udc2b\ud809\udc2b\n|-supereffective|p2a: \ud809\udc2b\ud809\udc2b\ud809\udc2b\ud809\udc2b\ud809\udc2b\ud809\udc2b\ud809\udc2b\ud809\udc2b\ud809\udc2b\n|-damage|p2a: \ud809\udc2b\ud809\udc2b\ud809\udc2b\ud809\udc2b\ud809\udc2b\ud809\udc2b\ud809\udc2b\ud809\udc2b\ud809\udc2b|49\/100\n|move|p2a: \ud809\udc2b\ud809\udc2b\ud809\udc2b\ud809\udc2b\ud809\udc2b\ud809\udc2b\ud809\udc2b\ud809\udc2b\ud809\udc2b|Scald|p1a: Diancie\n|-supereffective|p1a: Diancie\n|-damage|p1a: Diancie|55\/100\n|\n|-heal|p2a: \ud809\udc2b\ud809\udc2b\ud809\udc2b\ud809\udc2b\ud809\udc2b\ud809\udc2b\ud809\udc2b\ud809\udc2b\ud809\udc2b|55\/100|[from] item: Black Sludge\n|upkeep\n|turn|2\n|\n|t:|1644530695\n|switch|p1a: Galvantula|Galvantula, M|100\/100\n|switch|p2a: \ud809\udc26\ud809\udc26\ud809\udc26\ud809\udc26\ud809\udc26\ud809\udc26\ud809\udc26\ud809\udc26\ud809\udc26|Deoxys-Defense|100\/100\n|-ability|p2a: \ud809\udc26\ud809\udc26\ud809\udc26\ud809\udc26\ud809\udc26\ud809\udc26\ud809\udc26\ud809\udc26\ud809\udc26|Pressure\n|\n|upkeep\n|turn|3\n|j| Pinochet a God\n|\n|t:|1644530699\n|switch|p2a: \ud809\udc27\ud809\udc27\ud809\udc27\ud809\udc27\ud809\udc27\ud809\udc27\ud809\udc27\ud809\udc27\ud809\udc27|Clefable, M|100\/100\n|move|p1a: Galvantula|Sticky Web|p2a: \ud809\udc27\ud809\udc27\ud809\udc27\ud809\udc27\ud809\udc27\ud809\udc27\ud809\udc27\ud809\udc27\ud809\udc27\n|-sidestart|p2: tbw(at)gmx(dot)us|move: Sticky Web\n|\n|upkeep\n|turn|4\n|j| chairwine\n|\n|t:|1644530704\n|switch|p1a: Magnezone|Magnezone|100\/100\n|move|p2a: \ud809\udc27\ud809\udc27\ud809\udc27\ud809\udc27\ud809\udc27\ud809\udc27\ud809\udc27\ud809\udc27\ud809\udc27|Moonblast|p1a: Magnezone\n|-resisted|p1a: Magnezone\n|-damage|p1a: Magnezone|81\/100\n|\n|upkeep\n|turn|5\n|\n|t:|1644530707\n|move|p2a: \ud809\udc27\ud809\udc27\ud809\udc27\ud809\udc27\ud809\udc27\ud809\udc27\ud809\udc27\ud809\udc27\ud809\udc27|Protect|p2a: \ud809\udc27\ud809\udc27\ud809\udc27\ud809\udc27\ud809\udc27\ud809\udc27\ud809\udc27\ud809\udc27\ud809\udc27\n|-singleturn|p2a: \ud809\udc27\ud809\udc27\ud809\udc27\ud809\udc27\ud809\udc27\ud809\udc27\ud809\udc27\ud809\udc27\ud809\udc27|Protect\n|move|p1a: Magnezone|Volt Switch|p2a: \ud809\udc27\ud809\udc27\ud809\udc27\ud809\udc27\ud809\udc27\ud809\udc27\ud809\udc27\ud809\udc27\ud809\udc27\n|-activate|p2a: \ud809\udc27\ud809\udc27\ud809\udc27\ud809\udc27\ud809\udc27\ud809\udc27\ud809\udc27\ud809\udc27\ud809\udc27|move: Protect\n|\n|upkeep\n|turn|6\n|\n|t:|1644530714\n|move|p1a: Magnezone|Volt Switch|p2a: \ud809\udc27\ud809\udc27\ud809\udc27\ud809\udc27\ud809\udc27\ud809\udc27\ud809\udc27\ud809\udc27\ud809\udc27\n|-damage|p2a: \ud809\udc27\ud809\udc27\ud809\udc27\ud809\udc27\ud809\udc27\ud809\udc27\ud809\udc27\ud809\udc27\ud809\udc27|64\/100\n|\n|t:|1644530718\n|switch|p1a: Landorus|Landorus-Therian, M|100\/100|[from]move: Volt Switch\n|-ability|p1a: Landorus|Intimidate|boost\n|-unboost|p2a: \ud809\udc27\ud809\udc27\ud809\udc27\ud809\udc27\ud809\udc27\ud809\udc27\ud809\udc27\ud809\udc27\ud809\udc27|atk|1\n|move|p2a: \ud809\udc27\ud809\udc27\ud809\udc27\ud809\udc27\ud809\udc27\ud809\udc27\ud809\udc27\ud809\udc27\ud809\udc27|Wish|p2a: \ud809\udc27\ud809\udc27\ud809\udc27\ud809\udc27\ud809\udc27\ud809\udc27\ud809\udc27\ud809\udc27\ud809\udc27\n|\n|-heal|p2a: \ud809\udc27\ud809\udc27\ud809\udc27\ud809\udc27\ud809\udc27\ud809\udc27\ud809\udc27\ud809\udc27\ud809\udc27|70\/100|[from] item: Leftovers\n|upkeep\n|turn|7\n|\n|t:|1644530727\n|move|p1a: Landorus|Stealth Rock|p2a: \ud809\udc27\ud809\udc27\ud809\udc27\ud809\udc27\ud809\udc27\ud809\udc27\ud809\udc27\ud809\udc27\ud809\udc27\n|-sidestart|p2: tbw(at)gmx(dot)us|move: Stealth Rock\n|move|p2a: \ud809\udc27\ud809\udc27\ud809\udc27\ud809\udc27\ud809\udc27\ud809\udc27\ud809\udc27\ud809\udc27\ud809\udc27|Stealth Rock|p1a: Landorus\n|-sidestart|p1: Hikari-miyako|move: Stealth Rock\n|\n|-heal|p2a: \ud809\udc27\ud809\udc27\ud809\udc27\ud809\udc27\ud809\udc27\ud809\udc27\ud809\udc27\ud809\udc27\ud809\udc27|100\/100|[from] move: Wish|[wisher] \ud809\udc27\ud809\udc27\ud809\udc27\ud809\udc27\ud809\udc27\ud809\udc27\ud809\udc27\ud809\udc27\ud809\udc27\n|upkeep\n|turn|8\n|\n|t:|1644530732\n|move|p1a: Landorus|Earthquake|p2a: \ud809\udc27\ud809\udc27\ud809\udc27\ud809\udc27\ud809\udc27\ud809\udc27\ud809\udc27\ud809\udc27\ud809\udc27\n|-crit|p2a: \ud809\udc27\ud809\udc27\ud809\udc27\ud809\udc27\ud809\udc27\ud809\udc27\ud809\udc27\ud809\udc27\ud809\udc27\n|-damage|p2a: \ud809\udc27\ud809\udc27\ud809\udc27\ud809\udc27\ud809\udc27\ud809\udc27\ud809\udc27\ud809\udc27\ud809\udc27|0 fnt\n|faint|p2a: \ud809\udc27\ud809\udc27\ud809\udc27\ud809\udc27\ud809\udc27\ud809\udc27\ud809\udc27\ud809\udc27\ud809\udc27\n|\n|upkeep\n|\n|t:|1644530736\n|switch|p2a: \ud809\udc28\ud809\udc28\ud809\udc28\ud809\udc28\ud809\udc28\ud809\udc28\ud809\udc28\ud809\udc28\ud809\udc28|Sableye, M|100\/100\n|-damage|p2a: \ud809\udc28\ud809\udc28\ud809\udc28\ud809\udc28\ud809\udc28\ud809\udc28\ud809\udc28\ud809\udc28\ud809\udc28|88\/100|[from] Stealth Rock\n|-activate|p2a: \ud809\udc28\ud809\udc28\ud809\udc28\ud809\udc28\ud809\udc28\ud809\udc28\ud809\udc28\ud809\udc28\ud809\udc28|move: Sticky Web\n|-unboost|p2a: \ud809\udc28\ud809\udc28\ud809\udc28\ud809\udc28\ud809\udc28\ud809\udc28\ud809\udc28\ud809\udc28\ud809\udc28|spe|1\n|turn|9\n|\n|t:|1644530741\n|switch|p1a: Diancie|Diancie-Mega|55\/100\n|-damage|p1a: Diancie|42\/100|[from] Stealth Rock\n|detailschange|p2a: \ud809\udc28\ud809\udc28\ud809\udc28\ud809\udc28\ud809\udc28\ud809\udc28\ud809\udc28\ud809\udc28\ud809\udc28|Sableye-Mega, M\n|-mega|p2a: \ud809\udc28\ud809\udc28\ud809\udc28\ud809\udc28\ud809\udc28\ud809\udc28\ud809\udc28\ud809\udc28\ud809\udc28|Sableye|Sablenite\n|move|p2a: \ud809\udc28\ud809\udc28\ud809\udc28\ud809\udc28\ud809\udc28\ud809\udc28\ud809\udc28\ud809\udc28\ud809\udc28|Foul Play|p1a: Diancie\n|-resisted|p1a: Diancie\n|-damage|p1a: Diancie|5\/100\n|\n|upkeep\n|turn|10\n|\n|t:|1644530753\n|switch|p2a: \ud809\udc2b\ud809\udc2b\ud809\udc2b\ud809\udc2b\ud809\udc2b\ud809\udc2b\ud809\udc2b\ud809\udc2b\ud809\udc2b|Toxapex, M|89\/100\n|-activate|p2a: \ud809\udc2b\ud809\udc2b\ud809\udc2b\ud809\udc2b\ud809\udc2b\ud809\udc2b\ud809\udc2b\ud809\udc2b\ud809\udc2b|move: Sticky Web\n|-unboost|p2a: \ud809\udc2b\ud809\udc2b\ud809\udc2b\ud809\udc2b\ud809\udc2b\ud809\udc2b\ud809\udc2b\ud809\udc2b\ud809\udc2b|spe|1\n|-damage|p2a: \ud809\udc2b\ud809\udc2b\ud809\udc2b\ud809\udc2b\ud809\udc2b\ud809\udc2b\ud809\udc2b\ud809\udc2b\ud809\udc2b|76\/100|[from] Stealth Rock\n|move|p1a: Diancie|Moonblast|p2a: \ud809\udc2b\ud809\udc2b\ud809\udc2b\ud809\udc2b\ud809\udc2b\ud809\udc2b\ud809\udc2b\ud809\udc2b\ud809\udc2b\n|-resisted|p2a: \ud809\udc2b\ud809\udc2b\ud809\udc2b\ud809\udc2b\ud809\udc2b\ud809\udc2b\ud809\udc2b\ud809\udc2b\ud809\udc2b\n|-damage|p2a: \ud809\udc2b\ud809\udc2b\ud809\udc2b\ud809\udc2b\ud809\udc2b\ud809\udc2b\ud809\udc2b\ud809\udc2b\ud809\udc2b|57\/100\n|\n|-heal|p2a: \ud809\udc2b\ud809\udc2b\ud809\udc2b\ud809\udc2b\ud809\udc2b\ud809\udc2b\ud809\udc2b\ud809\udc2b\ud809\udc2b|63\/100|[from] item: Black Sludge\n|upkeep\n|turn|11\n|\n|t:|1644530757\n|move|p2a: \ud809\udc2b\ud809\udc2b\ud809\udc2b\ud809\udc2b\ud809\udc2b\ud809\udc2b\ud809\udc2b\ud809\udc2b\ud809\udc2b|Baneful Bunker|p2a: \ud809\udc2b\ud809\udc2b\ud809\udc2b\ud809\udc2b\ud809\udc2b\ud809\udc2b\ud809\udc2b\ud809\udc2b\ud809\udc2b\n|-singleturn|p2a: \ud809\udc2b\ud809\udc2b\ud809\udc2b\ud809\udc2b\ud809\udc2b\ud809\udc2b\ud809\udc2b\ud809\udc2b\ud809\udc2b|move: Protect\n|move|p1a: Diancie|Earth Power|p2a: \ud809\udc2b\ud809\udc2b\ud809\udc2b\ud809\udc2b\ud809\udc2b\ud809\udc2b\ud809\udc2b\ud809\udc2b\ud809\udc2b\n|-activate|p2a: \ud809\udc2b\ud809\udc2b\ud809\udc2b\ud809\udc2b\ud809\udc2b\ud809\udc2b\ud809\udc2b\ud809\udc2b\ud809\udc2b|move: Protect\n|\n|-heal|p2a: \ud809\udc2b\ud809\udc2b\ud809\udc2b\ud809\udc2b\ud809\udc2b\ud809\udc2b\ud809\udc2b\ud809\udc2b\ud809\udc2b|69\/100|[from] item: Black Sludge\n|upkeep\n|turn|12\n|\n|t:|1644530760\n|move|p1a: Diancie|Earth Power|p2a: \ud809\udc2b\ud809\udc2b\ud809\udc2b\ud809\udc2b\ud809\udc2b\ud809\udc2b\ud809\udc2b\ud809\udc2b\ud809\udc2b\n|-supereffective|p2a: \ud809\udc2b\ud809\udc2b\ud809\udc2b\ud809\udc2b\ud809\udc2b\ud809\udc2b\ud809\udc2b\ud809\udc2b\ud809\udc2b\n|-damage|p2a: \ud809\udc2b\ud809\udc2b\ud809\udc2b\ud809\udc2b\ud809\udc2b\ud809\udc2b\ud809\udc2b\ud809\udc2b\ud809\udc2b|21\/100\n|move|p2a: \ud809\udc2b\ud809\udc2b\ud809\udc2b\ud809\udc2b\ud809\udc2b\ud809\udc2b\ud809\udc2b\ud809\udc2b\ud809\udc2b|Scald|p1a: Diancie\n|-supereffective|p1a: Diancie\n|-damage|p1a: Diancie|0 fnt\n|faint|p1a: Diancie\n|\n|-heal|p2a: \ud809\udc2b\ud809\udc2b\ud809\udc2b\ud809\udc2b\ud809\udc2b\ud809\udc2b\ud809\udc2b\ud809\udc2b\ud809\udc2b|27\/100|[from] item: Black Sludge\n|upkeep\n|\n|t:|1644530768\n|switch|p1a: Galvantula|Galvantula, M|100\/100\n|-damage|p1a: Galvantula|76\/100|[from] Stealth Rock\n|turn|13\n|\n|t:|1644530780\n|move|p2a: \ud809\udc2b\ud809\udc2b\ud809\udc2b\ud809\udc2b\ud809\udc2b\ud809\udc2b\ud809\udc2b\ud809\udc2b\ud809\udc2b|Baneful Bunker|p2a: \ud809\udc2b\ud809\udc2b\ud809\udc2b\ud809\udc2b\ud809\udc2b\ud809\udc2b\ud809\udc2b\ud809\udc2b\ud809\udc2b\n|-singleturn|p2a: \ud809\udc2b\ud809\udc2b\ud809\udc2b\ud809\udc2b\ud809\udc2b\ud809\udc2b\ud809\udc2b\ud809\udc2b\ud809\udc2b|move: Protect\n|move|p1a: Galvantula|Thunder|p2a: \ud809\udc2b\ud809\udc2b\ud809\udc2b\ud809\udc2b\ud809\udc2b\ud809\udc2b\ud809\udc2b\ud809\udc2b\ud809\udc2b\n|-activate|p2a: \ud809\udc2b\ud809\udc2b\ud809\udc2b\ud809\udc2b\ud809\udc2b\ud809\udc2b\ud809\udc2b\ud809\udc2b\ud809\udc2b|move: Protect\n|\n|-heal|p2a: \ud809\udc2b\ud809\udc2b\ud809\udc2b\ud809\udc2b\ud809\udc2b\ud809\udc2b\ud809\udc2b\ud809\udc2b\ud809\udc2b|34\/100|[from] item: Black Sludge\n|upkeep\n|turn|14\n|\n|t:|1644530791\n|switch|p2a: \ud809\udc29\ud809\udc29\ud809\udc29\ud809\udc29\ud809\udc29\ud809\udc29\ud809\udc29\ud809\udc29\ud809\udc29|Ditto, shiny|100\/100\n|-damage|p2a: \ud809\udc29\ud809\udc29\ud809\udc29\ud809\udc29\ud809\udc29\ud809\udc29\ud809\udc29\ud809\udc29\ud809\udc29|88\/100|[from] Stealth Rock\n|-activate|p2a: \ud809\udc29\ud809\udc29\ud809\udc29\ud809\udc29\ud809\udc29\ud809\udc29\ud809\udc29\ud809\udc29\ud809\udc29|move: Sticky Web\n|-unboost|p2a: \ud809\udc29\ud809\udc29\ud809\udc29\ud809\udc29\ud809\udc29\ud809\udc29\ud809\udc29\ud809\udc29\ud809\udc29|spe|1\n|-transform|p2a: \ud809\udc29\ud809\udc29\ud809\udc29\ud809\udc29\ud809\udc29\ud809\udc29\ud809\udc29\ud809\udc29\ud809\udc29|p1a: Galvantula|[from] ability: Imposter\n|move|p1a: Galvantula|Thunder|p2a: \ud809\udc29\ud809\udc29\ud809\udc29\ud809\udc29\ud809\udc29\ud809\udc29\ud809\udc29\ud809\udc29\ud809\udc29\n|-resisted|p2a: \ud809\udc29\ud809\udc29\ud809\udc29\ud809\udc29\ud809\udc29\ud809\udc29\ud809\udc29\ud809\udc29\ud809\udc29\n|-damage|p2a: \ud809\udc29\ud809\udc29\ud809\udc29\ud809\udc29\ud809\udc29\ud809\udc29\ud809\udc29\ud809\udc29\ud809\udc29|45\/100\n|\n|upkeep\n|turn|15\n|\n|t:|1644530803\n|move|p2a: \ud809\udc29\ud809\udc29\ud809\udc29\ud809\udc29\ud809\udc29\ud809\udc29\ud809\udc29\ud809\udc29\ud809\udc29|Thunder|p1a: Galvantula\n|-resisted|p1a: Galvantula\n|-damage|p1a: Galvantula|34\/100\n|move|p1a: Galvantula|Thunder|p2a: \ud809\udc29\ud809\udc29\ud809\udc29\ud809\udc29\ud809\udc29\ud809\udc29\ud809\udc29\ud809\udc29\ud809\udc29\n|-resisted|p2a: \ud809\udc29\ud809\udc29\ud809\udc29\ud809\udc29\ud809\udc29\ud809\udc29\ud809\udc29\ud809\udc29\ud809\udc29\n|-damage|p2a: \ud809\udc29\ud809\udc29\ud809\udc29\ud809\udc29\ud809\udc29\ud809\udc29\ud809\udc29\ud809\udc29\ud809\udc29|3\/100\n|\n|upkeep\n|turn|16\n|\n|t:|1644530807\n|move|p2a: \ud809\udc29\ud809\udc29\ud809\udc29\ud809\udc29\ud809\udc29\ud809\udc29\ud809\udc29\ud809\udc29\ud809\udc29|Thunder|p1a: Galvantula\n|-resisted|p1a: Galvantula\n|-crit|p1a: Galvantula\n|-damage|p1a: Galvantula|0 fnt\n|faint|p1a: Galvantula\n|\n|upkeep\n|\n|t:|1644530809\n|switch|p1a: Landorus|Landorus-Therian, M|100\/100\n|-damage|p1a: Landorus|88\/100|[from] Stealth Rock\n|-ability|p1a: Landorus|Intimidate|boost\n|-unboost|p2a: \ud809\udc29\ud809\udc29\ud809\udc29\ud809\udc29\ud809\udc29\ud809\udc29\ud809\udc29\ud809\udc29\ud809\udc29|atk|1\n|turn|17\n|\n|t:|1644530816\n|switch|p2a: \ud809\udc26\ud809\udc26\ud809\udc26\ud809\udc26\ud809\udc26\ud809\udc26\ud809\udc26\ud809\udc26\ud809\udc26|Deoxys-Defense|100\/100\n|-activate|p2a: \ud809\udc26\ud809\udc26\ud809\udc26\ud809\udc26\ud809\udc26\ud809\udc26\ud809\udc26\ud809\udc26\ud809\udc26|move: Sticky Web\n|-unboost|p2a: \ud809\udc26\ud809\udc26\ud809\udc26\ud809\udc26\ud809\udc26\ud809\udc26\ud809\udc26\ud809\udc26\ud809\udc26|spe|1\n|-damage|p2a: \ud809\udc26\ud809\udc26\ud809\udc26\ud809\udc26\ud809\udc26\ud809\udc26\ud809\udc26\ud809\udc26\ud809\udc26|88\/100|[from] Stealth Rock\n|-ability|p2a: \ud809\udc26\ud809\udc26\ud809\udc26\ud809\udc26\ud809\udc26\ud809\udc26\ud809\udc26\ud809\udc26\ud809\udc26|Pressure\n|move|p1a: Landorus|Earthquake|p2a: \ud809\udc26\ud809\udc26\ud809\udc26\ud809\udc26\ud809\udc26\ud809\udc26\ud809\udc26\ud809\udc26\ud809\udc26\n|-damage|p2a: \ud809\udc26\ud809\udc26\ud809\udc26\ud809\udc26\ud809\udc26\ud809\udc26\ud809\udc26\ud809\udc26\ud809\udc26|52\/100\n|\n|-heal|p1a: Landorus|94\/100|[from] item: Leftovers\n|-heal|p2a: \ud809\udc26\ud809\udc26\ud809\udc26\ud809\udc26\ud809\udc26\ud809\udc26\ud809\udc26\ud809\udc26\ud809\udc26|58\/100|[from] item: Leftovers\n|upkeep\n|turn|18\n|\n|t:|1644530819\n|move|p1a: Landorus|U-turn|p2a: \ud809\udc26\ud809\udc26\ud809\udc26\ud809\udc26\ud809\udc26\ud809\udc26\ud809\udc26\ud809\udc26\ud809\udc26\n|-supereffective|p2a: \ud809\udc26\ud809\udc26\ud809\udc26\ud809\udc26\ud809\udc26\ud809\udc26\ud809\udc26\ud809\udc26\ud809\udc26\n|-damage|p2a: \ud809\udc26\ud809\udc26\ud809\udc26\ud809\udc26\ud809\udc26\ud809\udc26\ud809\udc26\ud809\udc26\ud809\udc26|24\/100\n|\n|t:|1644530823\n|switch|p1a: Magnezone|Magnezone|81\/100|[from]move: U-turn\n|-damage|p1a: Magnezone|75\/100|[from] Stealth Rock\n|move|p2a: \ud809\udc26\ud809\udc26\ud809\udc26\ud809\udc26\ud809\udc26\ud809\udc26\ud809\udc26\ud809\udc26\ud809\udc26|Recover|p2a: \ud809\udc26\ud809\udc26\ud809\udc26\ud809\udc26\ud809\udc26\ud809\udc26\ud809\udc26\ud809\udc26\ud809\udc26\n|-heal|p2a: \ud809\udc26\ud809\udc26\ud809\udc26\ud809\udc26\ud809\udc26\ud809\udc26\ud809\udc26\ud809\udc26\ud809\udc26|74\/100\n|\n|-heal|p2a: \ud809\udc26\ud809\udc26\ud809\udc26\ud809\udc26\ud809\udc26\ud809\udc26\ud809\udc26\ud809\udc26\ud809\udc26|80\/100|[from] item: Leftovers\n|upkeep\n|turn|19\n|\n|t:|1644530833\n|move|p1a: Magnezone|Thunderbolt|p2a: \ud809\udc26\ud809\udc26\ud809\udc26\ud809\udc26\ud809\udc26\ud809\udc26\ud809\udc26\ud809\udc26\ud809\udc26\n|-crit|p2a: \ud809\udc26\ud809\udc26\ud809\udc26\ud809\udc26\ud809\udc26\ud809\udc26\ud809\udc26\ud809\udc26\ud809\udc26\n|-damage|p2a: \ud809\udc26\ud809\udc26\ud809\udc26\ud809\udc26\ud809\udc26\ud809\udc26\ud809\udc26\ud809\udc26\ud809\udc26|2\/100\n|move|p2a: \ud809\udc26\ud809\udc26\ud809\udc26\ud809\udc26\ud809\udc26\ud809\udc26\ud809\udc26\ud809\udc26\ud809\udc26|Recover|p2a: \ud809\udc26\ud809\udc26\ud809\udc26\ud809\udc26\ud809\udc26\ud809\udc26\ud809\udc26\ud809\udc26\ud809\udc26\n|-heal|p2a: \ud809\udc26\ud809\udc26\ud809\udc26\ud809\udc26\ud809\udc26\ud809\udc26\ud809\udc26\ud809\udc26\ud809\udc26|52\/100\n|\n|-heal|p2a: \ud809\udc26\ud809\udc26\ud809\udc26\ud809\udc26\ud809\udc26\ud809\udc26\ud809\udc26\ud809\udc26\ud809\udc26|58\/100|[from] item: Leftovers\n|upkeep\n|turn|20\n|\n|t:|1644530839\n|move|p2a: \ud809\udc26\ud809\udc26\ud809\udc26\ud809\udc26\ud809\udc26\ud809\udc26\ud809\udc26\ud809\udc26\ud809\udc26|Protect|p2a: \ud809\udc26\ud809\udc26\ud809\udc26\ud809\udc26\ud809\udc26\ud809\udc26\ud809\udc26\ud809\udc26\ud809\udc26\n|-singleturn|p2a: \ud809\udc26\ud809\udc26\ud809\udc26\ud809\udc26\ud809\udc26\ud809\udc26\ud809\udc26\ud809\udc26\ud809\udc26|Protect\n|move|p1a: Magnezone|Thunderbolt|p2a: \ud809\udc26\ud809\udc26\ud809\udc26\ud809\udc26\ud809\udc26\ud809\udc26\ud809\udc26\ud809\udc26\ud809\udc26\n|-activate|p2a: \ud809\udc26\ud809\udc26\ud809\udc26\ud809\udc26\ud809\udc26\ud809\udc26\ud809\udc26\ud809\udc26\ud809\udc26|move: Protect\n|\n|-heal|p2a: \ud809\udc26\ud809\udc26\ud809\udc26\ud809\udc26\ud809\udc26\ud809\udc26\ud809\udc26\ud809\udc26\ud809\udc26|65\/100|[from] item: Leftovers\n|upkeep\n|turn|21\n|\n|t:|1644530841\n|move|p1a: Magnezone|Thunderbolt|p2a: \ud809\udc26\ud809\udc26\ud809\udc26\ud809\udc26\ud809\udc26\ud809\udc26\ud809\udc26\ud809\udc26\ud809\udc26\n|-damage|p2a: \ud809\udc26\ud809\udc26\ud809\udc26\ud809\udc26\ud809\udc26\ud809\udc26\ud809\udc26\ud809\udc26\ud809\udc26|17\/100\n|move|p2a: \ud809\udc26\ud809\udc26\ud809\udc26\ud809\udc26\ud809\udc26\ud809\udc26\ud809\udc26\ud809\udc26\ud809\udc26|Recover|p2a: \ud809\udc26\ud809\udc26\ud809\udc26\ud809\udc26\ud809\udc26\ud809\udc26\ud809\udc26\ud809\udc26\ud809\udc26\n|-heal|p2a: \ud809\udc26\ud809\udc26\ud809\udc26\ud809\udc26\ud809\udc26\ud809\udc26\ud809\udc26\ud809\udc26\ud809\udc26|67\/100\n|\n|-heal|p2a: \ud809\udc26\ud809\udc26\ud809\udc26\ud809\udc26\ud809\udc26\ud809\udc26\ud809\udc26\ud809\udc26\ud809\udc26|74\/100|[from] item: Leftovers\n|upkeep\n|turn|22\n|\n|t:|1644530844\n|move|p1a: Magnezone|Thunderbolt|p2a: \ud809\udc26\ud809\udc26\ud809\udc26\ud809\udc26\ud809\udc26\ud809\udc26\ud809\udc26\ud809\udc26\ud809\udc26\n|-damage|p2a: \ud809\udc26\ud809\udc26\ud809\udc26\ud809\udc26\ud809\udc26\ud809\udc26\ud809\udc26\ud809\udc26\ud809\udc26|22\/100\n|move|p2a: \ud809\udc26\ud809\udc26\ud809\udc26\ud809\udc26\ud809\udc26\ud809\udc26\ud809\udc26\ud809\udc26\ud809\udc26|Recover|p2a: \ud809\udc26\ud809\udc26\ud809\udc26\ud809\udc26\ud809\udc26\ud809\udc26\ud809\udc26\ud809\udc26\ud809\udc26\n|-heal|p2a: \ud809\udc26\ud809\udc26\ud809\udc26\ud809\udc26\ud809\udc26\ud809\udc26\ud809\udc26\ud809\udc26\ud809\udc26|72\/100\n|\n|-heal|p2a: \ud809\udc26\ud809\udc26\ud809\udc26\ud809\udc26\ud809\udc26\ud809\udc26\ud809\udc26\ud809\udc26\ud809\udc26|78\/100|[from] item: Leftovers\n|upkeep\n|turn|23\n|\n|t:|1644530847\n|move|p2a: \ud809\udc26\ud809\udc26\ud809\udc26\ud809\udc26\ud809\udc26\ud809\udc26\ud809\udc26\ud809\udc26\ud809\udc26|Protect|p2a: \ud809\udc26\ud809\udc26\ud809\udc26\ud809\udc26\ud809\udc26\ud809\udc26\ud809\udc26\ud809\udc26\ud809\udc26\n|-singleturn|p2a: \ud809\udc26\ud809\udc26\ud809\udc26\ud809\udc26\ud809\udc26\ud809\udc26\ud809\udc26\ud809\udc26\ud809\udc26|Protect\n|move|p1a: Magnezone|Thunderbolt|p2a: \ud809\udc26\ud809\udc26\ud809\udc26\ud809\udc26\ud809\udc26\ud809\udc26\ud809\udc26\ud809\udc26\ud809\udc26\n|-activate|p2a: \ud809\udc26\ud809\udc26\ud809\udc26\ud809\udc26\ud809\udc26\ud809\udc26\ud809\udc26\ud809\udc26\ud809\udc26|move: Protect\n|\n|-heal|p2a: \ud809\udc26\ud809\udc26\ud809\udc26\ud809\udc26\ud809\udc26\ud809\udc26\ud809\udc26\ud809\udc26\ud809\udc26|85\/100|[from] item: Leftovers\n|upkeep\n|turn|24\n|\n|t:|1644530849\n|switch|p2a: \ud809\udc2a\ud809\udc2a\ud809\udc2a\ud809\udc2a\ud809\udc2a\ud809\udc2a\ud809\udc2a\ud809\udc2a\ud809\udc2a|Eldegoss, M|100\/100\n|move|p1a: Magnezone|Thunderbolt|p2a: \ud809\udc2a\ud809\udc2a\ud809\udc2a\ud809\udc2a\ud809\udc2a\ud809\udc2a\ud809\udc2a\ud809\udc2a\ud809\udc2a\n|-resisted|p2a: \ud809\udc2a\ud809\udc2a\ud809\udc2a\ud809\udc2a\ud809\udc2a\ud809\udc2a\ud809\udc2a\ud809\udc2a\ud809\udc2a\n|-damage|p2a: \ud809\udc2a\ud809\udc2a\ud809\udc2a\ud809\udc2a\ud809\udc2a\ud809\udc2a\ud809\udc2a\ud809\udc2a\ud809\udc2a|76\/100\n|\n|upkeep\n|turn|25\n|\n|t:|1644530852\n|switch|p1a: Zapdos|Zapdos-Galar|100\/100\n|-damage|p1a: Zapdos|88\/100|[from] Stealth Rock\n|move|p2a: \ud809\udc2a\ud809\udc2a\ud809\udc2a\ud809\udc2a\ud809\udc2a\ud809\udc2a\ud809\udc2a\ud809\udc2a\ud809\udc2a|Rapid Spin|p1a: Zapdos\n|-damage|p1a: Zapdos|80\/100\n|-boost|p2a: \ud809\udc2a\ud809\udc2a\ud809\udc2a\ud809\udc2a\ud809\udc2a\ud809\udc2a\ud809\udc2a\ud809\udc2a\ud809\udc2a|spe|1\n|-sideend|p2: tbw(at)gmx(dot)us|Stealth Rock|[from] move: Rapid Spin|[of] p2a: \ud809\udc2a\ud809\udc2a\ud809\udc2a\ud809\udc2a\ud809\udc2a\ud809\udc2a\ud809\udc2a\ud809\udc2a\ud809\udc2a\n|-sideend|p2: tbw(at)gmx(dot)us|Sticky Web|[from] move: Rapid Spin|[of] p2a: \ud809\udc2a\ud809\udc2a\ud809\udc2a\ud809\udc2a\ud809\udc2a\ud809\udc2a\ud809\udc2a\ud809\udc2a\ud809\udc2a\n|\n|upkeep\n|turn|26\n|\n|t:|1644530861\n|switch|p2a: \ud809\udc28\ud809\udc28\ud809\udc28\ud809\udc28\ud809\udc28\ud809\udc28\ud809\udc28\ud809\udc28\ud809\udc28|Sableye-Mega, M|88\/100\n|move|p1a: Zapdos|U-turn|p2a: \ud809\udc28\ud809\udc28\ud809\udc28\ud809\udc28\ud809\udc28\ud809\udc28\ud809\udc28\ud809\udc28\ud809\udc28\n|-damage|p2a: \ud809\udc28\ud809\udc28\ud809\udc28\ud809\udc28\ud809\udc28\ud809\udc28\ud809\udc28\ud809\udc28\ud809\udc28|73\/100\n|\n|t:|1644530864\n|switch|p1a: Magnezone|Magnezone|75\/100|[from]move: U-turn\n|-damage|p1a: Magnezone|70\/100|[from] Stealth Rock\n|\n|upkeep\n|turn|27\n|\n|t:|1644530868\n|switch|p2a: \ud809\udc2a\ud809\udc2a\ud809\udc2a\ud809\udc2a\ud809\udc2a\ud809\udc2a\ud809\udc2a\ud809\udc2a\ud809\udc2a|Eldegoss, M|100\/100\n|move|p1a: Magnezone|Volt Switch|p2a: \ud809\udc2a\ud809\udc2a\ud809\udc2a\ud809\udc2a\ud809\udc2a\ud809\udc2a\ud809\udc2a\ud809\udc2a\ud809\udc2a\n|-resisted|p2a: \ud809\udc2a\ud809\udc2a\ud809\udc2a\ud809\udc2a\ud809\udc2a\ud809\udc2a\ud809\udc2a\ud809\udc2a\ud809\udc2a\n|-damage|p2a: \ud809\udc2a\ud809\udc2a\ud809\udc2a\ud809\udc2a\ud809\udc2a\ud809\udc2a\ud809\udc2a\ud809\udc2a\ud809\udc2a|80\/100\n|\n|t:|1644530871\n|switch|p1a: Landorus|Landorus-Therian, M|94\/100|[from]move: Volt Switch\n|-damage|p1a: Landorus|82\/100|[from] Stealth Rock\n|-ability|p1a: Landorus|Intimidate|boost\n|-unboost|p2a: \ud809\udc2a\ud809\udc2a\ud809\udc2a\ud809\udc2a\ud809\udc2a\ud809\udc2a\ud809\udc2a\ud809\udc2a\ud809\udc2a|atk|1\n|\n|-heal|p1a: Landorus|88\/100|[from] item: Leftovers\n|upkeep\n|turn|28\n|\n|t:|1644530876\n|switch|p2a: \ud809\udc2b\ud809\udc2b\ud809\udc2b\ud809\udc2b\ud809\udc2b\ud809\udc2b\ud809\udc2b\ud809\udc2b\ud809\udc2b|Toxapex, M|67\/100\n|move|p1a: Landorus|Defog|p2a: \ud809\udc2b\ud809\udc2b\ud809\udc2b\ud809\udc2b\ud809\udc2b\ud809\udc2b\ud809\udc2b\ud809\udc2b\ud809\udc2b\n|-unboost|p2a: \ud809\udc2b\ud809\udc2b\ud809\udc2b\ud809\udc2b\ud809\udc2b\ud809\udc2b\ud809\udc2b\ud809\udc2b\ud809\udc2b|evasion|1\n|-sideend|p1: Hikari-miyako|Stealth Rock|[from] move: Defog|[of] p1a: Landorus\n|\n|-heal|p1a: Landorus|94\/100|[from] item: Leftovers\n|-heal|p2a: \ud809\udc2b\ud809\udc2b\ud809\udc2b\ud809\udc2b\ud809\udc2b\ud809\udc2b\ud809\udc2b\ud809\udc2b\ud809\udc2b|73\/100|[from] item: Black Sludge\n|upkeep\n|turn|29\n|l| Pinochet a God\n|\n|t:|1644530883\n|move|p2a: \ud809\udc2b\ud809\udc2b\ud809\udc2b\ud809\udc2b\ud809\udc2b\ud809\udc2b\ud809\udc2b\ud809\udc2b\ud809\udc2b|Baneful Bunker|p2a: \ud809\udc2b\ud809\udc2b\ud809\udc2b\ud809\udc2b\ud809\udc2b\ud809\udc2b\ud809\udc2b\ud809\udc2b\ud809\udc2b\n|-singleturn|p2a: \ud809\udc2b\ud809\udc2b\ud809\udc2b\ud809\udc2b\ud809\udc2b\ud809\udc2b\ud809\udc2b\ud809\udc2b\ud809\udc2b|move: Protect\n|move|p1a: Landorus|U-turn|p2a: \ud809\udc2b\ud809\udc2b\ud809\udc2b\ud809\udc2b\ud809\udc2b\ud809\udc2b\ud809\udc2b\ud809\udc2b\ud809\udc2b\n|-activate|p2a: \ud809\udc2b\ud809\udc2b\ud809\udc2b\ud809\udc2b\ud809\udc2b\ud809\udc2b\ud809\udc2b\ud809\udc2b\ud809\udc2b|move: Protect\n|-status|p1a: Landorus|psn\n|\n|-heal|p1a: Landorus|99\/100 psn|[from] item: Leftovers\n|-heal|p2a: \ud809\udc2b\ud809\udc2b\ud809\udc2b\ud809\udc2b\ud809\udc2b\ud809\udc2b\ud809\udc2b\ud809\udc2b\ud809\udc2b|79\/100|[from] item: Black Sludge\n|-damage|p1a: Landorus|88\/100 psn|[from] psn\n|upkeep\n|turn|30\n|\n|t:|1644530889\n|move|p1a: Landorus|Stealth Rock|p2a: \ud809\udc2b\ud809\udc2b\ud809\udc2b\ud809\udc2b\ud809\udc2b\ud809\udc2b\ud809\udc2b\ud809\udc2b\ud809\udc2b\n|-sidestart|p2: tbw(at)gmx(dot)us|move: Stealth Rock\n|move|p2a: \ud809\udc2b\ud809\udc2b\ud809\udc2b\ud809\udc2b\ud809\udc2b\ud809\udc2b\ud809\udc2b\ud809\udc2b\ud809\udc2b|Scald|p1a: Landorus\n|-supereffective|p1a: Landorus\n|-damage|p1a: Landorus|44\/100 psn\n|\n|-heal|p1a: Landorus|50\/100 psn|[from] item: Leftovers\n|-heal|p2a: \ud809\udc2b\ud809\udc2b\ud809\udc2b\ud809\udc2b\ud809\udc2b\ud809\udc2b\ud809\udc2b\ud809\udc2b\ud809\udc2b|86\/100|[from] item: Black Sludge\n|-damage|p1a: Landorus|37\/100 psn|[from] psn\n|upkeep\n|turn|31\n|\n|t:|1644530895\n|switch|p1a: Magnezone|Magnezone|70\/100\n|move|p2a: \ud809\udc2b\ud809\udc2b\ud809\udc2b\ud809\udc2b\ud809\udc2b\ud809\udc2b\ud809\udc2b\ud809\udc2b\ud809\udc2b|Baneful Bunker||[still]\n|-fail|p2a: \ud809\udc2b\ud809\udc2b\ud809\udc2b\ud809\udc2b\ud809\udc2b\ud809\udc2b\ud809\udc2b\ud809\udc2b\ud809\udc2b\n|\n|-heal|p2a: \ud809\udc2b\ud809\udc2b\ud809\udc2b\ud809\udc2b\ud809\udc2b\ud809\udc2b\ud809\udc2b\ud809\udc2b\ud809\udc2b|92\/100|[from] item: Black Sludge\n|upkeep\n|turn|32\n|j| Pinochet a God\n|\n|t:|1644530900\n|move|p2a: \ud809\udc2b\ud809\udc2b\ud809\udc2b\ud809\udc2b\ud809\udc2b\ud809\udc2b\ud809\udc2b\ud809\udc2b\ud809\udc2b|Baneful Bunker|p2a: \ud809\udc2b\ud809\udc2b\ud809\udc2b\ud809\udc2b\ud809\udc2b\ud809\udc2b\ud809\udc2b\ud809\udc2b\ud809\udc2b\n|-singleturn|p2a: \ud809\udc2b\ud809\udc2b\ud809\udc2b\ud809\udc2b\ud809\udc2b\ud809\udc2b\ud809\udc2b\ud809\udc2b\ud809\udc2b|move: Protect\n|move|p1a: Magnezone|Volt Switch|p2a: \ud809\udc2b\ud809\udc2b\ud809\udc2b\ud809\udc2b\ud809\udc2b\ud809\udc2b\ud809\udc2b\ud809\udc2b\ud809\udc2b\n|-activate|p2a: \ud809\udc2b\ud809\udc2b\ud809\udc2b\ud809\udc2b\ud809\udc2b\ud809\udc2b\ud809\udc2b\ud809\udc2b\ud809\udc2b|move: Protect\n|\n|-heal|p2a: \ud809\udc2b\ud809\udc2b\ud809\udc2b\ud809\udc2b\ud809\udc2b\ud809\udc2b\ud809\udc2b\ud809\udc2b\ud809\udc2b|98\/100|[from] item: Black Sludge\n|upkeep\n|turn|33\n|\n|t:|1644530903\n|switch|p2a: \ud809\udc2a\ud809\udc2a\ud809\udc2a\ud809\udc2a\ud809\udc2a\ud809\udc2a\ud809\udc2a\ud809\udc2a\ud809\udc2a|Eldegoss, M|100\/100\n|move|p1a: Magnezone|Volt Switch|p2a: \ud809\udc2a\ud809\udc2a\ud809\udc2a\ud809\udc2a\ud809\udc2a\ud809\udc2a\ud809\udc2a\ud809\udc2a\ud809\udc2a\n|-resisted|p2a: \ud809\udc2a\ud809\udc2a\ud809\udc2a\ud809\udc2a\ud809\udc2a\ud809\udc2a\ud809\udc2a\ud809\udc2a\ud809\udc2a\n|-damage|p2a: \ud809\udc2a\ud809\udc2a\ud809\udc2a\ud809\udc2a\ud809\udc2a\ud809\udc2a\ud809\udc2a\ud809\udc2a\ud809\udc2a|82\/100\n|\n|t:|1644530905\n|switch|p1a: Zapdos|Zapdos-Galar|80\/100|[from]move: Volt Switch\n|\n|upkeep\n|turn|34\n|\n|t:|1644530908\n|switch|p2a: \ud809\udc2b\ud809\udc2b\ud809\udc2b\ud809\udc2b\ud809\udc2b\ud809\udc2b\ud809\udc2b\ud809\udc2b\ud809\udc2b|Toxapex, M|100\/100\n|-damage|p2a: \ud809\udc2b\ud809\udc2b\ud809\udc2b\ud809\udc2b\ud809\udc2b\ud809\udc2b\ud809\udc2b\ud809\udc2b\ud809\udc2b|88\/100|[from] Stealth Rock\n|move|p1a: Zapdos|Brave Bird|p2a: \ud809\udc2b\ud809\udc2b\ud809\udc2b\ud809\udc2b\ud809\udc2b\ud809\udc2b\ud809\udc2b\ud809\udc2b\ud809\udc2b\n|-damage|p2a: \ud809\udc2b\ud809\udc2b\ud809\udc2b\ud809\udc2b\ud809\udc2b\ud809\udc2b\ud809\udc2b\ud809\udc2b\ud809\udc2b|43\/100\n|-damage|p1a: Zapdos|66\/100|[from] Recoil\n|\n|-heal|p2a: \ud809\udc2b\ud809\udc2b\ud809\udc2b\ud809\udc2b\ud809\udc2b\ud809\udc2b\ud809\udc2b\ud809\udc2b\ud809\udc2b|50\/100|[from] item: Black Sludge\n|upkeep\n|turn|35\n|\n|t:|1644530914\n|switch|p1a: Magnezone|Magnezone|70\/100\n|move|p2a: \ud809\udc2b\ud809\udc2b\ud809\udc2b\ud809\udc2b\ud809\udc2b\ud809\udc2b\ud809\udc2b\ud809\udc2b\ud809\udc2b|Baneful Bunker||[still]\n|-fail|p2a: \ud809\udc2b\ud809\udc2b\ud809\udc2b\ud809\udc2b\ud809\udc2b\ud809\udc2b\ud809\udc2b\ud809\udc2b\ud809\udc2b\n|\n|-heal|p2a: \ud809\udc2b\ud809\udc2b\ud809\udc2b\ud809\udc2b\ud809\udc2b\ud809\udc2b\ud809\udc2b\ud809\udc2b\ud809\udc2b|56\/100|[from] item: Black Sludge\n|upkeep\n|turn|36\n|\n|t:|1644530917\n|move|p2a: \ud809\udc2b\ud809\udc2b\ud809\udc2b\ud809\udc2b\ud809\udc2b\ud809\udc2b\ud809\udc2b\ud809\udc2b\ud809\udc2b|Baneful Bunker|p2a: \ud809\udc2b\ud809\udc2b\ud809\udc2b\ud809\udc2b\ud809\udc2b\ud809\udc2b\ud809\udc2b\ud809\udc2b\ud809\udc2b\n|-singleturn|p2a: \ud809\udc2b\ud809\udc2b\ud809\udc2b\ud809\udc2b\ud809\udc2b\ud809\udc2b\ud809\udc2b\ud809\udc2b\ud809\udc2b|move: Protect\n|move|p1a: Magnezone|Volt Switch|p2a: \ud809\udc2b\ud809\udc2b\ud809\udc2b\ud809\udc2b\ud809\udc2b\ud809\udc2b\ud809\udc2b\ud809\udc2b\ud809\udc2b\n|-activate|p2a: \ud809\udc2b\ud809\udc2b\ud809\udc2b\ud809\udc2b\ud809\udc2b\ud809\udc2b\ud809\udc2b\ud809\udc2b\ud809\udc2b|move: Protect\n|\n|-heal|p2a: \ud809\udc2b\ud809\udc2b\ud809\udc2b\ud809\udc2b\ud809\udc2b\ud809\udc2b\ud809\udc2b\ud809\udc2b\ud809\udc2b|62\/100|[from] item: Black Sludge\n|upkeep\n|turn|37\n|\n|t:|1644530919\n|switch|p2a: \ud809\udc2a\ud809\udc2a\ud809\udc2a\ud809\udc2a\ud809\udc2a\ud809\udc2a\ud809\udc2a\ud809\udc2a\ud809\udc2a|Eldegoss, M|100\/100\n|move|p1a: Magnezone|Volt Switch|p2a: \ud809\udc2a\ud809\udc2a\ud809\udc2a\ud809\udc2a\ud809\udc2a\ud809\udc2a\ud809\udc2a\ud809\udc2a\ud809\udc2a\n|-resisted|p2a: \ud809\udc2a\ud809\udc2a\ud809\udc2a\ud809\udc2a\ud809\udc2a\ud809\udc2a\ud809\udc2a\ud809\udc2a\ud809\udc2a\n|-damage|p2a: \ud809\udc2a\ud809\udc2a\ud809\udc2a\ud809\udc2a\ud809\udc2a\ud809\udc2a\ud809\udc2a\ud809\udc2a\ud809\udc2a|82\/100\n|\n|t:|1644530922\n|switch|p1a: Zapdos|Zapdos-Galar|66\/100|[from]move: Volt Switch\n|\n|upkeep\n|turn|38\n|\n|t:|1644530925\n|switch|p2a: \ud809\udc2b\ud809\udc2b\ud809\udc2b\ud809\udc2b\ud809\udc2b\ud809\udc2b\ud809\udc2b\ud809\udc2b\ud809\udc2b|Toxapex, M|95\/100\n|-damage|p2a: \ud809\udc2b\ud809\udc2b\ud809\udc2b\ud809\udc2b\ud809\udc2b\ud809\udc2b\ud809\udc2b\ud809\udc2b\ud809\udc2b|83\/100|[from] Stealth Rock\n|move|p1a: Zapdos|Brave Bird|p2a: \ud809\udc2b\ud809\udc2b\ud809\udc2b\ud809\udc2b\ud809\udc2b\ud809\udc2b\ud809\udc2b\ud809\udc2b\ud809\udc2b\n|-damage|p2a: \ud809\udc2b\ud809\udc2b\ud809\udc2b\ud809\udc2b\ud809\udc2b\ud809\udc2b\ud809\udc2b\ud809\udc2b\ud809\udc2b|39\/100\n|-damage|p1a: Zapdos|52\/100|[from] Recoil\n|\n|-heal|p2a: \ud809\udc2b\ud809\udc2b\ud809\udc2b\ud809\udc2b\ud809\udc2b\ud809\udc2b\ud809\udc2b\ud809\udc2b\ud809\udc2b|46\/100|[from] item: Black Sludge\n|upkeep\n|turn|39\n|\n|t:|1644530928\n|switch|p1a: Magnezone|Magnezone|70\/100\n|move|p2a: \ud809\udc2b\ud809\udc2b\ud809\udc2b\ud809\udc2b\ud809\udc2b\ud809\udc2b\ud809\udc2b\ud809\udc2b\ud809\udc2b|Baneful Bunker||[still]\n|-fail|p2a: \ud809\udc2b\ud809\udc2b\ud809\udc2b\ud809\udc2b\ud809\udc2b\ud809\udc2b\ud809\udc2b\ud809\udc2b\ud809\udc2b\n|\n|-heal|p2a: \ud809\udc2b\ud809\udc2b\ud809\udc2b\ud809\udc2b\ud809\udc2b\ud809\udc2b\ud809\udc2b\ud809\udc2b\ud809\udc2b|52\/100|[from] item: Black Sludge\n|upkeep\n|turn|40\n|\n|t:|1644530930\n|move|p2a: \ud809\udc2b\ud809\udc2b\ud809\udc2b\ud809\udc2b\ud809\udc2b\ud809\udc2b\ud809\udc2b\ud809\udc2b\ud809\udc2b|Baneful Bunker|p2a: \ud809\udc2b\ud809\udc2b\ud809\udc2b\ud809\udc2b\ud809\udc2b\ud809\udc2b\ud809\udc2b\ud809\udc2b\ud809\udc2b\n|-singleturn|p2a: \ud809\udc2b\ud809\udc2b\ud809\udc2b\ud809\udc2b\ud809\udc2b\ud809\udc2b\ud809\udc2b\ud809\udc2b\ud809\udc2b|move: Protect\n|move|p1a: Magnezone|Volt Switch|p2a: \ud809\udc2b\ud809\udc2b\ud809\udc2b\ud809\udc2b\ud809\udc2b\ud809\udc2b\ud809\udc2b\ud809\udc2b\ud809\udc2b\n|-activate|p2a: \ud809\udc2b\ud809\udc2b\ud809\udc2b\ud809\udc2b\ud809\udc2b\ud809\udc2b\ud809\udc2b\ud809\udc2b\ud809\udc2b|move: Protect\n|\n|-heal|p2a: \ud809\udc2b\ud809\udc2b\ud809\udc2b\ud809\udc2b\ud809\udc2b\ud809\udc2b\ud809\udc2b\ud809\udc2b\ud809\udc2b|58\/100|[from] item: Black Sludge\n|upkeep\n|turn|41\n|\n|t:|1644530933\n|switch|p2a: \ud809\udc2a\ud809\udc2a\ud809\udc2a\ud809\udc2a\ud809\udc2a\ud809\udc2a\ud809\udc2a\ud809\udc2a\ud809\udc2a|Eldegoss, M|100\/100\n|move|p1a: Magnezone|Volt Switch|p2a: \ud809\udc2a\ud809\udc2a\ud809\udc2a\ud809\udc2a\ud809\udc2a\ud809\udc2a\ud809\udc2a\ud809\udc2a\ud809\udc2a\n|-resisted|p2a: \ud809\udc2a\ud809\udc2a\ud809\udc2a\ud809\udc2a\ud809\udc2a\ud809\udc2a\ud809\udc2a\ud809\udc2a\ud809\udc2a\n|-damage|p2a: \ud809\udc2a\ud809\udc2a\ud809\udc2a\ud809\udc2a\ud809\udc2a\ud809\udc2a\ud809\udc2a\ud809\udc2a\ud809\udc2a|82\/100\n|\n|t:|1644530936\n|switch|p1a: Zapdos|Zapdos-Galar|52\/100|[from]move: Volt Switch\n|\n|upkeep\n|turn|42\n|\n|t:|1644530940\n|switch|p2a: \ud809\udc2b\ud809\udc2b\ud809\udc2b\ud809\udc2b\ud809\udc2b\ud809\udc2b\ud809\udc2b\ud809\udc2b\ud809\udc2b|Toxapex, M|91\/100\n|-damage|p2a: \ud809\udc2b\ud809\udc2b\ud809\udc2b\ud809\udc2b\ud809\udc2b\ud809\udc2b\ud809\udc2b\ud809\udc2b\ud809\udc2b|79\/100|[from] Stealth Rock\n|move|p1a: Zapdos|Brave Bird|p2a: \ud809\udc2b\ud809\udc2b\ud809\udc2b\ud809\udc2b\ud809\udc2b\ud809\udc2b\ud809\udc2b\ud809\udc2b\ud809\udc2b\n|-damage|p2a: \ud809\udc2b\ud809\udc2b\ud809\udc2b\ud809\udc2b\ud809\udc2b\ud809\udc2b\ud809\udc2b\ud809\udc2b\ud809\udc2b|34\/100\n|-damage|p1a: Zapdos|38\/100|[from] Recoil\n|\n|-heal|p2a: \ud809\udc2b\ud809\udc2b\ud809\udc2b\ud809\udc2b\ud809\udc2b\ud809\udc2b\ud809\udc2b\ud809\udc2b\ud809\udc2b|41\/100|[from] item: Black Sludge\n|upkeep\n|turn|43\n|\n|t:|1644530944\n|move|p1a: Zapdos|Brave Bird|p2a: \ud809\udc2b\ud809\udc2b\ud809\udc2b\ud809\udc2b\ud809\udc2b\ud809\udc2b\ud809\udc2b\ud809\udc2b\ud809\udc2b\n|-damage|p2a: \ud809\udc2b\ud809\udc2b\ud809\udc2b\ud809\udc2b\ud809\udc2b\ud809\udc2b\ud809\udc2b\ud809\udc2b\ud809\udc2b|0 fnt\n|faint|p2a: \ud809\udc2b\ud809\udc2b\ud809\udc2b\ud809\udc2b\ud809\udc2b\ud809\udc2b\ud809\udc2b\ud809\udc2b\ud809\udc2b\n|-damage|p1a: Zapdos|25\/100|[from] Recoil\n|\n|upkeep\n|\n|t:|1644530947\n|switch|p2a: \ud809\udc28\ud809\udc28\ud809\udc28\ud809\udc28\ud809\udc28\ud809\udc28\ud809\udc28\ud809\udc28\ud809\udc28|Sableye-Mega, M|73\/100\n|-damage|p2a: \ud809\udc28\ud809\udc28\ud809\udc28\ud809\udc28\ud809\udc28\ud809\udc28\ud809\udc28\ud809\udc28\ud809\udc28|60\/100|[from] Stealth Rock\n|turn|44\n|\n|t:|1644530952\n|switch|p1a: Tapu Lele|Tapu Lele|100\/100\n|-fieldstart|move: Psychic Terrain|[from] ability: Psychic Surge|[of] p1a: Tapu Lele\n|move|p2a: \ud809\udc28\ud809\udc28\ud809\udc28\ud809\udc28\ud809\udc28\ud809\udc28\ud809\udc28\ud809\udc28\ud809\udc28|Recover|p2a: \ud809\udc28\ud809\udc28\ud809\udc28\ud809\udc28\ud809\udc28\ud809\udc28\ud809\udc28\ud809\udc28\ud809\udc28\n|-heal|p2a: \ud809\udc28\ud809\udc28\ud809\udc28\ud809\udc28\ud809\udc28\ud809\udc28\ud809\udc28\ud809\udc28\ud809\udc28|100\/100\n|\n|upkeep\n|turn|45\n|\n|t:|1644530956\n|switch|p2a: \ud809\udc2a\ud809\udc2a\ud809\udc2a\ud809\udc2a\ud809\udc2a\ud809\udc2a\ud809\udc2a\ud809\udc2a\ud809\udc2a|Eldegoss, M|100\/100\n|move|p1a: Tapu Lele|Moonblast|p2a: \ud809\udc2a\ud809\udc2a\ud809\udc2a\ud809\udc2a\ud809\udc2a\ud809\udc2a\ud809\udc2a\ud809\udc2a\ud809\udc2a\n|-damage|p2a: \ud809\udc2a\ud809\udc2a\ud809\udc2a\ud809\udc2a\ud809\udc2a\ud809\udc2a\ud809\udc2a\ud809\udc2a\ud809\udc2a|65\/100\n|-unboost|p2a: \ud809\udc2a\ud809\udc2a\ud809\udc2a\ud809\udc2a\ud809\udc2a\ud809\udc2a\ud809\udc2a\ud809\udc2a\ud809\udc2a|spa|1\n|\n|upkeep\n|turn|46\n|\n|t:|1644530961\n|switch|p1a: Magnezone|Magnezone|70\/100\n|move|p2a: \ud809\udc2a\ud809\udc2a\ud809\udc2a\ud809\udc2a\ud809\udc2a\ud809\udc2a\ud809\udc2a\ud809\udc2a\ud809\udc2a|Rapid Spin|p1a: Magnezone\n|-resisted|p1a: Magnezone\n|-damage|p1a: Magnezone|66\/100\n|-boost|p2a: \ud809\udc2a\ud809\udc2a\ud809\udc2a\ud809\udc2a\ud809\udc2a\ud809\udc2a\ud809\udc2a\ud809\udc2a\ud809\udc2a|spe|1\n|-sideend|p2: tbw(at)gmx(dot)us|Stealth Rock|[from] move: Rapid Spin|[of] p2a: \ud809\udc2a\ud809\udc2a\ud809\udc2a\ud809\udc2a\ud809\udc2a\ud809\udc2a\ud809\udc2a\ud809\udc2a\ud809\udc2a\n|\n|upkeep\n|turn|47\n|\n|t:|1644530965\n|move|p2a: \ud809\udc2a\ud809\udc2a\ud809\udc2a\ud809\udc2a\ud809\udc2a\ud809\udc2a\ud809\udc2a\ud809\udc2a\ud809\udc2a|Synthesis|p2a: \ud809\udc2a\ud809\udc2a\ud809\udc2a\ud809\udc2a\ud809\udc2a\ud809\udc2a\ud809\udc2a\ud809\udc2a\ud809\udc2a\n|-heal|p2a: \ud809\udc2a\ud809\udc2a\ud809\udc2a\ud809\udc2a\ud809\udc2a\ud809\udc2a\ud809\udc2a\ud809\udc2a\ud809\udc2a|100\/100\n|move|p1a: Magnezone|Flash Cannon|p2a: \ud809\udc2a\ud809\udc2a\ud809\udc2a\ud809\udc2a\ud809\udc2a\ud809\udc2a\ud809\udc2a\ud809\udc2a\ud809\udc2a\n|-damage|p2a: \ud809\udc2a\ud809\udc2a\ud809\udc2a\ud809\udc2a\ud809\udc2a\ud809\udc2a\ud809\udc2a\ud809\udc2a\ud809\udc2a|51\/100\n|\n|upkeep\n|turn|48\n|\n|t:|1644530969\n|move|p2a: \ud809\udc2a\ud809\udc2a\ud809\udc2a\ud809\udc2a\ud809\udc2a\ud809\udc2a\ud809\udc2a\ud809\udc2a\ud809\udc2a|Leech Seed|p1a: Magnezone\n|-start|p1a: Magnezone|move: Leech Seed\n|move|p1a: Magnezone|Flash Cannon|p2a: \ud809\udc2a\ud809\udc2a\ud809\udc2a\ud809\udc2a\ud809\udc2a\ud809\udc2a\ud809\udc2a\ud809\udc2a\ud809\udc2a\n|-damage|p2a: \ud809\udc2a\ud809\udc2a\ud809\udc2a\ud809\udc2a\ud809\udc2a\ud809\udc2a\ud809\udc2a\ud809\udc2a\ud809\udc2a|4\/100\n|\n|-damage|p1a: Magnezone|54\/100|[from] Leech Seed|[of] p2a: \ud809\udc2a\ud809\udc2a\ud809\udc2a\ud809\udc2a\ud809\udc2a\ud809\udc2a\ud809\udc2a\ud809\udc2a\ud809\udc2a\n|-heal|p2a: \ud809\udc2a\ud809\udc2a\ud809\udc2a\ud809\udc2a\ud809\udc2a\ud809\udc2a\ud809\udc2a\ud809\udc2a\ud809\udc2a|15\/100|[silent]\n|-fieldend|move: Psychic Terrain\n|upkeep\n|turn|49\n|\n|t:|1644530977\n|switch|p1a: Zapdos|Zapdos-Galar|25\/100\n|move|p2a: \ud809\udc2a\ud809\udc2a\ud809\udc2a\ud809\udc2a\ud809\udc2a\ud809\udc2a\ud809\udc2a\ud809\udc2a\ud809\udc2a|Synthesis|p2a: \ud809\udc2a\ud809\udc2a\ud809\udc2a\ud809\udc2a\ud809\udc2a\ud809\udc2a\ud809\udc2a\ud809\udc2a\ud809\udc2a\n|-heal|p2a: \ud809\udc2a\ud809\udc2a\ud809\udc2a\ud809\udc2a\ud809\udc2a\ud809\udc2a\ud809\udc2a\ud809\udc2a\ud809\udc2a|65\/100\n|\n|upkeep\n|turn|50\n|\n|t:|1644530982\n|move|p1a: Zapdos|U-turn|p2a: \ud809\udc2a\ud809\udc2a\ud809\udc2a\ud809\udc2a\ud809\udc2a\ud809\udc2a\ud809\udc2a\ud809\udc2a\ud809\udc2a\n|-supereffective|p2a: \ud809\udc2a\ud809\udc2a\ud809\udc2a\ud809\udc2a\ud809\udc2a\ud809\udc2a\ud809\udc2a\ud809\udc2a\ud809\udc2a\n|-damage|p2a: \ud809\udc2a\ud809\udc2a\ud809\udc2a\ud809\udc2a\ud809\udc2a\ud809\udc2a\ud809\udc2a\ud809\udc2a\ud809\udc2a|12\/100\n|\n|t:|1644530986\n|switch|p1a: Magnezone|Magnezone|54\/100|[from]move: U-turn\n|move|p2a: \ud809\udc2a\ud809\udc2a\ud809\udc2a\ud809\udc2a\ud809\udc2a\ud809\udc2a\ud809\udc2a\ud809\udc2a\ud809\udc2a|Synthesis|p2a: \ud809\udc2a\ud809\udc2a\ud809\udc2a\ud809\udc2a\ud809\udc2a\ud809\udc2a\ud809\udc2a\ud809\udc2a\ud809\udc2a\n|-heal|p2a: \ud809\udc2a\ud809\udc2a\ud809\udc2a\ud809\udc2a\ud809\udc2a\ud809\udc2a\ud809\udc2a\ud809\udc2a\ud809\udc2a|62\/100\n|\n|upkeep\n|turn|51\n|\n|t:|1644530992\n|move|p2a: \ud809\udc2a\ud809\udc2a\ud809\udc2a\ud809\udc2a\ud809\udc2a\ud809\udc2a\ud809\udc2a\ud809\udc2a\ud809\udc2a|Synthesis|p2a: \ud809\udc2a\ud809\udc2a\ud809\udc2a\ud809\udc2a\ud809\udc2a\ud809\udc2a\ud809\udc2a\ud809\udc2a\ud809\udc2a\n|-heal|p2a: \ud809\udc2a\ud809\udc2a\ud809\udc2a\ud809\udc2a\ud809\udc2a\ud809\udc2a\ud809\udc2a\ud809\udc2a\ud809\udc2a|100\/100\n|move|p1a: Magnezone|Flash Cannon|p2a: \ud809\udc2a\ud809\udc2a\ud809\udc2a\ud809\udc2a\ud809\udc2a\ud809\udc2a\ud809\udc2a\ud809\udc2a\ud809\udc2a\n|-damage|p2a: \ud809\udc2a\ud809\udc2a\ud809\udc2a\ud809\udc2a\ud809\udc2a\ud809\udc2a\ud809\udc2a\ud809\udc2a\ud809\udc2a|50\/100\n|\n|upkeep\n|turn|52\n|\n|t:|1644530997\n|move|p2a: \ud809\udc2a\ud809\udc2a\ud809\udc2a\ud809\udc2a\ud809\udc2a\ud809\udc2a\ud809\udc2a\ud809\udc2a\ud809\udc2a|Leech Seed|p1a: Magnezone\n|-start|p1a: Magnezone|move: Leech Seed\n|move|p1a: Magnezone|Flash Cannon|p2a: \ud809\udc2a\ud809\udc2a\ud809\udc2a\ud809\udc2a\ud809\udc2a\ud809\udc2a\ud809\udc2a\ud809\udc2a\ud809\udc2a\n|-damage|p2a: \ud809\udc2a\ud809\udc2a\ud809\udc2a\ud809\udc2a\ud809\udc2a\ud809\udc2a\ud809\udc2a\ud809\udc2a\ud809\udc2a|5\/100\n|\n|-damage|p1a: Magnezone|41\/100|[from] Leech Seed|[of] p2a: \ud809\udc2a\ud809\udc2a\ud809\udc2a\ud809\udc2a\ud809\udc2a\ud809\udc2a\ud809\udc2a\ud809\udc2a\ud809\udc2a\n|-heal|p2a: \ud809\udc2a\ud809\udc2a\ud809\udc2a\ud809\udc2a\ud809\udc2a\ud809\udc2a\ud809\udc2a\ud809\udc2a\ud809\udc2a|16\/100|[silent]\n|upkeep\n|turn|53\n|\n|t:|1644531004\n|switch|p1a: Zapdos|Zapdos-Galar|25\/100\n|move|p2a: \ud809\udc2a\ud809\udc2a\ud809\udc2a\ud809\udc2a\ud809\udc2a\ud809\udc2a\ud809\udc2a\ud809\udc2a\ud809\udc2a|Leech Seed|p1a: Zapdos\n|-start|p1a: Zapdos|move: Leech Seed\n|\n|-damage|p1a: Zapdos|13\/100|[from] Leech Seed|[of] p2a: \ud809\udc2a\ud809\udc2a\ud809\udc2a\ud809\udc2a\ud809\udc2a\ud809\udc2a\ud809\udc2a\ud809\udc2a\ud809\udc2a\n|-heal|p2a: \ud809\udc2a\ud809\udc2a\ud809\udc2a\ud809\udc2a\ud809\udc2a\ud809\udc2a\ud809\udc2a\ud809\udc2a\ud809\udc2a|28\/100|[silent]\n|upkeep\n|turn|54\n|\n|t:|1644531011\n|switch|p2a: \ud809\udc28\ud809\udc28\ud809\udc28\ud809\udc28\ud809\udc28\ud809\udc28\ud809\udc28\ud809\udc28\ud809\udc28|Sableye-Mega, M|100\/100\n|move|p1a: Zapdos|U-turn|p2a: \ud809\udc28\ud809\udc28\ud809\udc28\ud809\udc28\ud809\udc28\ud809\udc28\ud809\udc28\ud809\udc28\ud809\udc28\n|-crit|p2a: \ud809\udc28\ud809\udc28\ud809\udc28\ud809\udc28\ud809\udc28\ud809\udc28\ud809\udc28\ud809\udc28\ud809\udc28\n|-damage|p2a: \ud809\udc28\ud809\udc28\ud809\udc28\ud809\udc28\ud809\udc28\ud809\udc28\ud809\udc28\ud809\udc28\ud809\udc28|75\/100\n|\n|t:|1644531014\n|switch|p1a: Tapu Lele|Tapu Lele|100\/100|[from]move: U-turn\n|-fieldstart|move: Psychic Terrain|[from] ability: Psychic Surge|[of] p1a: Tapu Lele\n|\n|upkeep\n|turn|55\n|\n|t:|1644531018\n|switch|p2a: \ud809\udc26\ud809\udc26\ud809\udc26\ud809\udc26\ud809\udc26\ud809\udc26\ud809\udc26\ud809\udc26\ud809\udc26|Deoxys-Defense|85\/100\n|-ability|p2a: \ud809\udc26\ud809\udc26\ud809\udc26\ud809\udc26\ud809\udc26\ud809\udc26\ud809\udc26\ud809\udc26\ud809\udc26|Pressure\n|move|p1a: Tapu Lele|Moonblast|p2a: \ud809\udc26\ud809\udc26\ud809\udc26\ud809\udc26\ud809\udc26\ud809\udc26\ud809\udc26\ud809\udc26\ud809\udc26\n|-damage|p2a: \ud809\udc26\ud809\udc26\ud809\udc26\ud809\udc26\ud809\udc26\ud809\udc26\ud809\udc26\ud809\udc26\ud809\udc26|51\/100\n|\n|-heal|p2a: \ud809\udc26\ud809\udc26\ud809\udc26\ud809\udc26\ud809\udc26\ud809\udc26\ud809\udc26\ud809\udc26\ud809\udc26|57\/100|[from] item: Leftovers\n|upkeep\n|turn|56\n|\n|t:|1644531022\n|switch|p1a: Magnezone|Magnezone|41\/100\n|move|p2a: \ud809\udc26\ud809\udc26\ud809\udc26\ud809\udc26\ud809\udc26\ud809\udc26\ud809\udc26\ud809\udc26\ud809\udc26|Recover|p2a: \ud809\udc26\ud809\udc26\ud809\udc26\ud809\udc26\ud809\udc26\ud809\udc26\ud809\udc26\ud809\udc26\ud809\udc26\n|-heal|p2a: \ud809\udc26\ud809\udc26\ud809\udc26\ud809\udc26\ud809\udc26\ud809\udc26\ud809\udc26\ud809\udc26\ud809\udc26|100\/100\n|\n|upkeep\n|turn|57\n|\n|t:|1644531025\n|move|p2a: \ud809\udc26\ud809\udc26\ud809\udc26\ud809\udc26\ud809\udc26\ud809\udc26\ud809\udc26\ud809\udc26\ud809\udc26|Protect|p2a: \ud809\udc26\ud809\udc26\ud809\udc26\ud809\udc26\ud809\udc26\ud809\udc26\ud809\udc26\ud809\udc26\ud809\udc26\n|-singleturn|p2a: \ud809\udc26\ud809\udc26\ud809\udc26\ud809\udc26\ud809\udc26\ud809\udc26\ud809\udc26\ud809\udc26\ud809\udc26|Protect\n|move|p1a: Magnezone|Flash Cannon|p2a: \ud809\udc26\ud809\udc26\ud809\udc26\ud809\udc26\ud809\udc26\ud809\udc26\ud809\udc26\ud809\udc26\ud809\udc26\n|-activate|p2a: \ud809\udc26\ud809\udc26\ud809\udc26\ud809\udc26\ud809\udc26\ud809\udc26\ud809\udc26\ud809\udc26\ud809\udc26|move: Protect\n|\n|upkeep\n|turn|58\n|\n|t:|1644531030\n|move|p1a: Magnezone|Flash Cannon|p2a: \ud809\udc26\ud809\udc26\ud809\udc26\ud809\udc26\ud809\udc26\ud809\udc26\ud809\udc26\ud809\udc26\ud809\udc26\n|-damage|p2a: \ud809\udc26\ud809\udc26\ud809\udc26\ud809\udc26\ud809\udc26\ud809\udc26\ud809\udc26\ud809\udc26\ud809\udc26|53\/100\n|move|p2a: \ud809\udc26\ud809\udc26\ud809\udc26\ud809\udc26\ud809\udc26\ud809\udc26\ud809\udc26\ud809\udc26\ud809\udc26|Teleport|p2a: \ud809\udc26\ud809\udc26\ud809\udc26\ud809\udc26\ud809\udc26\ud809\udc26\ud809\udc26\ud809\udc26\ud809\udc26\n|\n|t:|1644531031\n|switch|p2a: \ud809\udc29\ud809\udc29\ud809\udc29\ud809\udc29\ud809\udc29\ud809\udc29\ud809\udc29\ud809\udc29\ud809\udc29|Ditto, shiny|3\/100|[from]move: Teleport\n|-transform|p2a: \ud809\udc29\ud809\udc29\ud809\udc29\ud809\udc29\ud809\udc29\ud809\udc29\ud809\udc29\ud809\udc29\ud809\udc29|p1a: Magnezone|[from] ability: Imposter\n|\n|-fieldend|move: Psychic Terrain\n|upkeep\n|turn|59\n|\n|t:|1644531035\n|move|p2a: \ud809\udc29\ud809\udc29\ud809\udc29\ud809\udc29\ud809\udc29\ud809\udc29\ud809\udc29\ud809\udc29\ud809\udc29|Hidden Power|p1a: Magnezone\n|-supereffective|p1a: Magnezone\n|-damage|p1a: Magnezone|0 fnt\n|faint|p1a: Magnezone\n|\n|upkeep\n|\n|t:|1644531038\n|switch|p1a: Landorus|Landorus-Therian, M|37\/100 psn\n|-ability|p1a: Landorus|Intimidate|boost\n|-unboost|p2a: \ud809\udc29\ud809\udc29\ud809\udc29\ud809\udc29\ud809\udc29\ud809\udc29\ud809\udc29\ud809\udc29\ud809\udc29|atk|1\n|turn|60\n|\n|t:|1644531043\n|switch|p2a: \ud809\udc28\ud809\udc28\ud809\udc28\ud809\udc28\ud809\udc28\ud809\udc28\ud809\udc28\ud809\udc28\ud809\udc28|Sableye-Mega, M|75\/100\n|move|p1a: Landorus|Stealth Rock|p2a: \ud809\udc28\ud809\udc28\ud809\udc28\ud809\udc28\ud809\udc28\ud809\udc28\ud809\udc28\ud809\udc28\ud809\udc28\n|move|p2a: \ud809\udc28\ud809\udc28\ud809\udc28\ud809\udc28\ud809\udc28\ud809\udc28\ud809\udc28\ud809\udc28\ud809\udc28|Stealth Rock|p1a: Landorus|[from]ability: Magic Bounce\n|-sidestart|p1: Hikari-miyako|move: Stealth Rock\n|\n|-heal|p1a: Landorus|43\/100 psn|[from] item: Leftovers\n|-damage|p1a: Landorus|31\/100 psn|[from] psn\n|upkeep\n|turn|61\n|\n|t:|1644531057\n|move|p1a: Landorus|Defog|p2a: \ud809\udc28\ud809\udc28\ud809\udc28\ud809\udc28\ud809\udc28\ud809\udc28\ud809\udc28\ud809\udc28\ud809\udc28\n|move|p2a: \ud809\udc28\ud809\udc28\ud809\udc28\ud809\udc28\ud809\udc28\ud809\udc28\ud809\udc28\ud809\udc28\ud809\udc28|Defog|p1a: Landorus|[from]ability: Magic Bounce\n|-unboost|p1a: Landorus|evasion|1\n|-sideend|p1: Hikari-miyako|Stealth Rock|[from] move: Defog|[of] p2a: \ud809\udc28\ud809\udc28\ud809\udc28\ud809\udc28\ud809\udc28\ud809\udc28\ud809\udc28\ud809\udc28\ud809\udc28\n|move|p2a: \ud809\udc28\ud809\udc28\ud809\udc28\ud809\udc28\ud809\udc28\ud809\udc28\ud809\udc28\ud809\udc28\ud809\udc28|Foul Play|p1a: Landorus\n|-damage|p1a: Landorus|0 fnt\n|faint|p1a: Landorus\n|\n|upkeep\n|\n|t:|1644531060\n|switch|p1a: Tapu Lele|Tapu Lele|100\/100\n|-fieldstart|move: Psychic Terrain|[from] ability: Psychic Surge|[of] p1a: Tapu Lele\n|turn|62\n|\n|t:|1644531072\n|switch|p2a: \ud809\udc2a\ud809\udc2a\ud809\udc2a\ud809\udc2a\ud809\udc2a\ud809\udc2a\ud809\udc2a\ud809\udc2a\ud809\udc2a|Eldegoss, M|61\/100\n|move|p1a: Tapu Lele|Moonblast|p2a: \ud809\udc2a\ud809\udc2a\ud809\udc2a\ud809\udc2a\ud809\udc2a\ud809\udc2a\ud809\udc2a\ud809\udc2a\ud809\udc2a\n|-damage|p2a: \ud809\udc2a\ud809\udc2a\ud809\udc2a\ud809\udc2a\ud809\udc2a\ud809\udc2a\ud809\udc2a\ud809\udc2a\ud809\udc2a|25\/100\n|-unboost|p2a: \ud809\udc2a\ud809\udc2a\ud809\udc2a\ud809\udc2a\ud809\udc2a\ud809\udc2a\ud809\udc2a\ud809\udc2a\ud809\udc2a|spa|1\n|\n|upkeep\n|turn|63\n|\n|t:|1644531078\n|move|p1a: Tapu Lele|Moonblast|p2a: \ud809\udc2a\ud809\udc2a\ud809\udc2a\ud809\udc2a\ud809\udc2a\ud809\udc2a\ud809\udc2a\ud809\udc2a\ud809\udc2a\n|-crit|p2a: \ud809\udc2a\ud809\udc2a\ud809\udc2a\ud809\udc2a\ud809\udc2a\ud809\udc2a\ud809\udc2a\ud809\udc2a\ud809\udc2a\n|-damage|p2a: \ud809\udc2a\ud809\udc2a\ud809\udc2a\ud809\udc2a\ud809\udc2a\ud809\udc2a\ud809\udc2a\ud809\udc2a\ud809\udc2a|0 fnt\n|faint|p2a: \ud809\udc2a\ud809\udc2a\ud809\udc2a\ud809\udc2a\ud809\udc2a\ud809\udc2a\ud809\udc2a\ud809\udc2a\ud809\udc2a\n|\n|upkeep\n|\n|t:|1644531079\n|switch|p2a: \ud809\udc26\ud809\udc26\ud809\udc26\ud809\udc26\ud809\udc26\ud809\udc26\ud809\udc26\ud809\udc26\ud809\udc26|Deoxys-Defense|53\/100\n|-ability|p2a: \ud809\udc26\ud809\udc26\ud809\udc26\ud809\udc26\ud809\udc26\ud809\udc26\ud809\udc26\ud809\udc26\ud809\udc26|Pressure\n|turn|64\n|\n|t:|1644531083\n|move|p1a: Tapu Lele|Moonblast|p2a: \ud809\udc26\ud809\udc26\ud809\udc26\ud809\udc26\ud809\udc26\ud809\udc26\ud809\udc26\ud809\udc26\ud809\udc26\n|-damage|p2a: \ud809\udc26\ud809\udc26\ud809\udc26\ud809\udc26\ud809\udc26\ud809\udc26\ud809\udc26\ud809\udc26\ud809\udc26|22\/100\n|move|p2a: \ud809\udc26\ud809\udc26\ud809\udc26\ud809\udc26\ud809\udc26\ud809\udc26\ud809\udc26\ud809\udc26\ud809\udc26|Recover|p2a: \ud809\udc26\ud809\udc26\ud809\udc26\ud809\udc26\ud809\udc26\ud809\udc26\ud809\udc26\ud809\udc26\ud809\udc26\n|-heal|p2a: \ud809\udc26\ud809\udc26\ud809\udc26\ud809\udc26\ud809\udc26\ud809\udc26\ud809\udc26\ud809\udc26\ud809\udc26|72\/100\n|\n|-heal|p2a: \ud809\udc26\ud809\udc26\ud809\udc26\ud809\udc26\ud809\udc26\ud809\udc26\ud809\udc26\ud809\udc26\ud809\udc26|78\/100|[from] item: Leftovers\n|upkeep\n|turn|65\n|\n|t:|1644531086\n|switch|p1a: Zapdos|Zapdos-Galar|13\/100\n|move|p2a: \ud809\udc26\ud809\udc26\ud809\udc26\ud809\udc26\ud809\udc26\ud809\udc26\ud809\udc26\ud809\udc26\ud809\udc26|Recover|p2a: \ud809\udc26\ud809\udc26\ud809\udc26\ud809\udc26\ud809\udc26\ud809\udc26\ud809\udc26\ud809\udc26\ud809\udc26\n|-heal|p2a: \ud809\udc26\ud809\udc26\ud809\udc26\ud809\udc26\ud809\udc26\ud809\udc26\ud809\udc26\ud809\udc26\ud809\udc26|100\/100\n|\n|upkeep\n|turn|66\n|\n|t:|1644531090\n|move|p2a: \ud809\udc26\ud809\udc26\ud809\udc26\ud809\udc26\ud809\udc26\ud809\udc26\ud809\udc26\ud809\udc26\ud809\udc26|Protect|p2a: \ud809\udc26\ud809\udc26\ud809\udc26\ud809\udc26\ud809\udc26\ud809\udc26\ud809\udc26\ud809\udc26\ud809\udc26\n|-singleturn|p2a: \ud809\udc26\ud809\udc26\ud809\udc26\ud809\udc26\ud809\udc26\ud809\udc26\ud809\udc26\ud809\udc26\ud809\udc26|Protect\n|move|p1a: Zapdos|U-turn|p2a: \ud809\udc26\ud809\udc26\ud809\udc26\ud809\udc26\ud809\udc26\ud809\udc26\ud809\udc26\ud809\udc26\ud809\udc26\n|-activate|p2a: \ud809\udc26\ud809\udc26\ud809\udc26\ud809\udc26\ud809\udc26\ud809\udc26\ud809\udc26\ud809\udc26\ud809\udc26|move: Protect\n|\n|-fieldend|move: Psychic Terrain\n|upkeep\n|turn|67\n|\n|t:|1644531100\n|move|p1a: Zapdos|U-turn|p2a: \ud809\udc26\ud809\udc26\ud809\udc26\ud809\udc26\ud809\udc26\ud809\udc26\ud809\udc26\ud809\udc26\ud809\udc26\n|-supereffective|p2a: \ud809\udc26\ud809\udc26\ud809\udc26\ud809\udc26\ud809\udc26\ud809\udc26\ud809\udc26\ud809\udc26\ud809\udc26\n|-damage|p2a: \ud809\udc26\ud809\udc26\ud809\udc26\ud809\udc26\ud809\udc26\ud809\udc26\ud809\udc26\ud809\udc26\ud809\udc26|72\/100\n|\n|t:|1644531102\n|switch|p1a: Tapu Lele|Tapu Lele|100\/100|[from]move: U-turn\n|-fieldstart|move: Psychic Terrain|[from] ability: Psychic Surge|[of] p1a: Tapu Lele\n|move|p2a: \ud809\udc26\ud809\udc26\ud809\udc26\ud809\udc26\ud809\udc26\ud809\udc26\ud809\udc26\ud809\udc26\ud809\udc26|Spikes|p1a: Tapu Lele\n|-sidestart|p1: Hikari-miyako|Spikes\n|\n|-heal|p2a: \ud809\udc26\ud809\udc26\ud809\udc26\ud809\udc26\ud809\udc26\ud809\udc26\ud809\udc26\ud809\udc26\ud809\udc26|78\/100|[from] item: Leftovers\n|upkeep\n|turn|68\n|\n|t:|1644531105\n|move|p2a: \ud809\udc26\ud809\udc26\ud809\udc26\ud809\udc26\ud809\udc26\ud809\udc26\ud809\udc26\ud809\udc26\ud809\udc26|Protect|p2a: \ud809\udc26\ud809\udc26\ud809\udc26\ud809\udc26\ud809\udc26\ud809\udc26\ud809\udc26\ud809\udc26\ud809\udc26\n|-singleturn|p2a: \ud809\udc26\ud809\udc26\ud809\udc26\ud809\udc26\ud809\udc26\ud809\udc26\ud809\udc26\ud809\udc26\ud809\udc26|Protect\n|move|p1a: Tapu Lele|Moonblast|p2a: \ud809\udc26\ud809\udc26\ud809\udc26\ud809\udc26\ud809\udc26\ud809\udc26\ud809\udc26\ud809\udc26\ud809\udc26\n|-activate|p2a: \ud809\udc26\ud809\udc26\ud809\udc26\ud809\udc26\ud809\udc26\ud809\udc26\ud809\udc26\ud809\udc26\ud809\udc26|move: Protect\n|\n|-heal|p2a: \ud809\udc26\ud809\udc26\ud809\udc26\ud809\udc26\ud809\udc26\ud809\udc26\ud809\udc26\ud809\udc26\ud809\udc26|84\/100|[from] item: Leftovers\n|upkeep\n|turn|69\n|\n|t:|1644531109\n|move|p1a: Tapu Lele|Moonblast|p2a: \ud809\udc26\ud809\udc26\ud809\udc26\ud809\udc26\ud809\udc26\ud809\udc26\ud809\udc26\ud809\udc26\ud809\udc26\n|-damage|p2a: \ud809\udc26\ud809\udc26\ud809\udc26\ud809\udc26\ud809\udc26\ud809\udc26\ud809\udc26\ud809\udc26\ud809\udc26|52\/100\n|-unboost|p2a: \ud809\udc26\ud809\udc26\ud809\udc26\ud809\udc26\ud809\udc26\ud809\udc26\ud809\udc26\ud809\udc26\ud809\udc26|spa|1\n|move|p2a: \ud809\udc26\ud809\udc26\ud809\udc26\ud809\udc26\ud809\udc26\ud809\udc26\ud809\udc26\ud809\udc26\ud809\udc26|Recover|p2a: \ud809\udc26\ud809\udc26\ud809\udc26\ud809\udc26\ud809\udc26\ud809\udc26\ud809\udc26\ud809\udc26\ud809\udc26\n|-heal|p2a: \ud809\udc26\ud809\udc26\ud809\udc26\ud809\udc26\ud809\udc26\ud809\udc26\ud809\udc26\ud809\udc26\ud809\udc26|100\/100\n|\n|upkeep\n|turn|70\n|\n|t:|1644531113\n|move|p1a: Tapu Lele|Moonblast|p2a: \ud809\udc26\ud809\udc26\ud809\udc26\ud809\udc26\ud809\udc26\ud809\udc26\ud809\udc26\ud809\udc26\ud809\udc26\n|-damage|p2a: \ud809\udc26\ud809\udc26\ud809\udc26\ud809\udc26\ud809\udc26\ud809\udc26\ud809\udc26\ud809\udc26\ud809\udc26|69\/100\n|move|p2a: \ud809\udc26\ud809\udc26\ud809\udc26\ud809\udc26\ud809\udc26\ud809\udc26\ud809\udc26\ud809\udc26\ud809\udc26|Spikes|p1a: Tapu Lele\n|-sidestart|p1: Hikari-miyako|Spikes\n|\n|-heal|p2a: \ud809\udc26\ud809\udc26\ud809\udc26\ud809\udc26\ud809\udc26\ud809\udc26\ud809\udc26\ud809\udc26\ud809\udc26|75\/100|[from] item: Leftovers\n|upkeep\n|turn|71\n|\n|t:|1644531116\n|switch|p1a: Zapdos|Zapdos-Galar|13\/100\n|move|p2a: \ud809\udc26\ud809\udc26\ud809\udc26\ud809\udc26\ud809\udc26\ud809\udc26\ud809\udc26\ud809\udc26\ud809\udc26|Protect||[still]\n|-fail|p2a: \ud809\udc26\ud809\udc26\ud809\udc26\ud809\udc26\ud809\udc26\ud809\udc26\ud809\udc26\ud809\udc26\ud809\udc26\n|\n|-heal|p2a: \ud809\udc26\ud809\udc26\ud809\udc26\ud809\udc26\ud809\udc26\ud809\udc26\ud809\udc26\ud809\udc26\ud809\udc26|81\/100|[from] item: Leftovers\n|-fieldend|move: Psychic Terrain\n|upkeep\n|turn|72\n|\n|t:|1644531119\n|move|p2a: \ud809\udc26\ud809\udc26\ud809\udc26\ud809\udc26\ud809\udc26\ud809\udc26\ud809\udc26\ud809\udc26\ud809\udc26|Protect|p2a: \ud809\udc26\ud809\udc26\ud809\udc26\ud809\udc26\ud809\udc26\ud809\udc26\ud809\udc26\ud809\udc26\ud809\udc26\n|-singleturn|p2a: \ud809\udc26\ud809\udc26\ud809\udc26\ud809\udc26\ud809\udc26\ud809\udc26\ud809\udc26\ud809\udc26\ud809\udc26|Protect\n|move|p1a: Zapdos|Brave Bird|p2a: \ud809\udc26\ud809\udc26\ud809\udc26\ud809\udc26\ud809\udc26\ud809\udc26\ud809\udc26\ud809\udc26\ud809\udc26\n|-activate|p2a: \ud809\udc26\ud809\udc26\ud809\udc26\ud809\udc26\ud809\udc26\ud809\udc26\ud809\udc26\ud809\udc26\ud809\udc26|move: Protect\n|\n|-heal|p2a: \ud809\udc26\ud809\udc26\ud809\udc26\ud809\udc26\ud809\udc26\ud809\udc26\ud809\udc26\ud809\udc26\ud809\udc26|87\/100|[from] item: Leftovers\n|upkeep\n|turn|73\n|\n|t:|1644531122\n|move|p1a: Zapdos|Brave Bird|p2a: \ud809\udc26\ud809\udc26\ud809\udc26\ud809\udc26\ud809\udc26\ud809\udc26\ud809\udc26\ud809\udc26\ud809\udc26\n|-damage|p2a: \ud809\udc26\ud809\udc26\ud809\udc26\ud809\udc26\ud809\udc26\ud809\udc26\ud809\udc26\ud809\udc26\ud809\udc26|47\/100\n|-damage|p1a: Zapdos|0 fnt|[from] Recoil\n|faint|p1a: Zapdos\n|move|p2a: \ud809\udc26\ud809\udc26\ud809\udc26\ud809\udc26\ud809\udc26\ud809\udc26\ud809\udc26\ud809\udc26\ud809\udc26|Recover|p2a: \ud809\udc26\ud809\udc26\ud809\udc26\ud809\udc26\ud809\udc26\ud809\udc26\ud809\udc26\ud809\udc26\ud809\udc26\n|-heal|p2a: \ud809\udc26\ud809\udc26\ud809\udc26\ud809\udc26\ud809\udc26\ud809\udc26\ud809\udc26\ud809\udc26\ud809\udc26|97\/100\n|\n|-heal|p2a: \ud809\udc26\ud809\udc26\ud809\udc26\ud809\udc26\ud809\udc26\ud809\udc26\ud809\udc26\ud809\udc26\ud809\udc26|100\/100|[from] item: Leftovers\n|upkeep\n|c|\u2606tbw(at)gmx(dot)us|gg\n|c|\u2606tbw(at)gmx(dot)us|bye\n|c|\u2606tbw(at)gmx(dot)us|the best has won\n|c|\u2606Hikari-miyako|bye\n|c|\u2606tbw(at)gmx(dot)us|nice\n|inactive|Hikari-miyako has 120 seconds left.\n|c|\u2606tbw(at)gmx(dot)us|enjoying your loss in advance?\n|c|\u2606tbw(at)gmx(dot)us|or are you just rage quitting?\n|inactive|Hikari-miyako has 90 seconds left.\n|c|\u2606tbw(at)gmx(dot)us|hahahahahahahahaaahahaa\n|c|\u2606tbw(at)gmx(dot)us|this is what i love most\n|c|\u2606tbw(at)gmx(dot)us|waiting for my win, enjoying the anticipation for the entire wait\n|inactive|Hikari-miyako has 60 seconds left.\n|c|\u2606tbw(at)gmx(dot)us|enjoying the salt of my rage quitting opponent\n|inactive|Hikari-miyako has 30 seconds left.\n|inactive|Hikari-miyako has 20 seconds left.\n|inactive|Hikari-miyako has 15 seconds left.\n|inactive|Hikari-miyako has 10 seconds left.\n|c|\u2606tbw(at)gmx(dot)us|i have won, i have reached the finish line\n|inactive|Hikari-miyako has 5 seconds left.\n|inactiveoff|Battle timer is now OFF.\n|c|\u2606tbw(at)gmx(dot)us|this is just the ceremony\n|j| mmm7\n|inactive|Battle timer is ON: inactive players will automatically lose when time's up. (requested by tbw(at)gmx(dot)us)\n|inactive|Hikari-miyako has 10 seconds left this turn.\n|inactive|Hikari-miyako has 5 seconds left.\n|-message|Hikari-miyako lost due to inactivity.\n|\n|win|tbw(at)gmx(dot)us\n|raw|Hikari-miyako's rating: 1746 &rarr; <strong>1724<\/strong><br \/>(-22 for losing)\n|raw|tbw(at)gmx(dot)us's rating: 1719 &rarr; <strong>1741<\/strong><br \/>(+22 for winning)\n|l|\u2606Hikari-miyako\n||Ladder isn't responding, score probably updated but might not have (Request timeout).\n","uploadtime":1644531453,"views":25,"p1id":"hikarimiyako","p2id":"tbwatgmxdotus","formatid":"gen8nationaldex","rating":1724,"private":0,"password":null}