{"id":"gen8ou-1409950046","p1":"brifye","p2":"jptoroglass","format":"gen8ou","log":"|j|\u2606brifye\n|j|\u2606jptoroglass\n|t:|1630743807\n|gametype|singles\n|player|p1|brifye|2|1512\n|player|p2|jptoroglass|marley|1534\n|teamsize|p1|6\n|teamsize|p2|6\n|gen|8\n|tier|[Gen 8] OU\n|rated|\n|rule|Sleep Clause Mod: Limit one foe put to sleep\n|rule|Species Clause: Limit one of each Pok\u00e9mon\n|rule|OHKO Clause: OHKO moves are banned\n|rule|Evasion Moves Clause: Evasion moves are banned\n|rule|Endless Battle Clause: Forcing endless battles is banned\n|rule|HP Percentage Mod: HP is shown in percentages\n|rule|Dynamax Clause: You cannot dynamax\n|clearpoke\n|poke|p1|Rillaboom, F|\n|poke|p1|Kartana|\n|poke|p1|Dragapult, M|\n|poke|p1|Landorus-Therian, M|\n|poke|p1|Zapdos|\n|poke|p1|Heatran, F|\n|poke|p2|Mew|\n|poke|p2|Cloyster, F|\n|poke|p2|Gengar, M|\n|poke|p2|Bisharp, F|\n|poke|p2|Rillaboom, M|\n|poke|p2|Hawlucha, F|\n|teampreview\n|\n|t:|1630743816\n|start\n|switch|p1a: Kartana|Kartana|100\/100\n|switch|p2a: Mew|Mew, shiny|100\/100\n|turn|1\n|\n|t:|1630743831\n|switch|p2a: Zero|Bisharp, F|100\/100\n|move|p1a: Kartana|Knock Off|p2a: Zero\n|-resisted|p2a: Zero\n|-damage|p2a: Zero|60\/100\n|-enditem|p2a: Zero|Black Glasses|[from] move: Knock Off|[of] p1a: Kartana\n|\n|upkeep\n|turn|2\n|\n|t:|1630743840\n|switch|p1a: Zapdos|Zapdos|100\/100\n|switch|p2a: Mew|Mew, shiny|100\/100\n|\n|upkeep\n|turn|3\n|\n|t:|1630743845\n|move|p2a: Mew|Stealth Rock|p1a: Zapdos\n|-sidestart|p1: brifye|move: Stealth Rock\n|move|p1a: Zapdos|Volt Switch|p2a: Mew\n|-damage|p2a: Mew|74\/100\n|-enditem|p2a: Mew|Red Card|[of] p1a: Zapdos\n|drag|p1a: Kartana|Kartana|100\/100\n|-damage|p1a: Kartana|94\/100|[from] Stealth Rock\n|\n|upkeep\n|turn|4\n|\n|t:|1630743856\n|move|p1a: Kartana|Knock Off|p2a: Mew\n|-supereffective|p2a: Mew\n|-damage|p2a: Mew|2\/100\n|move|p2a: Mew|Spikes|p1a: Kartana\n|-sidestart|p1: brifye|Spikes\n|\n|upkeep\n|turn|5\n|\n|t:|1630743862\n|move|p1a: Kartana|Knock Off|p2a: Mew\n|-supereffective|p2a: Mew\n|-damage|p2a: Mew|0 fnt\n|faint|p2a: Mew\n|-ability|p1a: Kartana|Beast Boost|boost\n|-boost|p1a: Kartana|atk|1\n|\n|upkeep\n|\n|t:|1630743868\n|switch|p2a: Okage|Gengar, M|100\/100\n|turn|6\n|\n|t:|1630743875\n|switch|p1a: Landorus|Landorus-Therian, M|100\/100\n|-damage|p1a: Landorus|88\/100|[from] Stealth Rock\n|-ability|p1a: Landorus|Intimidate|boost\n|-unboost|p2a: Okage|atk|1\n|move|p2a: Okage|Shadow Ball|p1a: Landorus\n|-damage|p1a: Landorus|57\/100\n|\n|-heal|p1a: Landorus|63\/100|[from] item: Leftovers\n|upkeep\n|turn|7\n|\n|t:|1630743894\n|move|p2a: Okage|Taunt|p1a: Landorus\n|-start|p1a: Landorus|move: Taunt\n|cant|p1a: Landorus|move: Taunt|Stealth Rock\n|\n|-heal|p1a: Landorus|69\/100|[from] item: Leftovers\n|upkeep\n|turn|8\n|\n|t:|1630743908\n|switch|p2a: MagicConch|Cloyster, F|100\/100\n|move|p1a: Landorus|U-turn|p2a: MagicConch\n|-damage|p2a: MagicConch|80\/100\n|\n|t:|1630743915\n|switch|p1a: Kartana|Kartana|94\/100|[from]move: U-turn\n|-damage|p1a: Kartana|82\/100|[from] Spikes\n|-damage|p1a: Kartana|76\/100|[from] Stealth Rock\n|\n|upkeep\n|turn|9\n|\n|t:|1630743935\n|move|p1a: Kartana|Smart Strike|p2a: MagicConch\n|-damage|p2a: MagicConch|18\/100\n|move|p2a: MagicConch|Shell Smash|p2a: MagicConch\n|-unboost|p2a: MagicConch|def|1\n|-unboost|p2a: MagicConch|spd|1\n|-boost|p2a: MagicConch|atk|2\n|-boost|p2a: MagicConch|spa|2\n|-boost|p2a: MagicConch|spe|2\n|-enditem|p2a: MagicConch|White Herb\n|-clearnegativeboost|p2a: MagicConch|[silent]\n|\n|upkeep\n|turn|10\n|\n|t:|1630743957\n|move|p2a: MagicConch|Icicle Spear|p1a: Kartana\n|-damage|p1a: Kartana|52\/100\n|-damage|p1a: Kartana|29\/100\n|-damage|p1a: Kartana|3\/100\n|-damage|p1a: Kartana|0 fnt\n|faint|p1a: Kartana\n|-hitcount|p1: Kartana|4\n|\n|upkeep\n|\n|t:|1630743964\n|switch|p1a: Rillaboom|Rillaboom, F|100\/100\n|-damage|p1a: Rillaboom|88\/100|[from] Stealth Rock\n|-damage|p1a: Rillaboom|76\/100|[from] Spikes\n|-fieldstart|move: Grassy Terrain|[from] ability: Grassy Surge|[of] p1a: Rillaboom\n|-enditem|p1a: Rillaboom|Grassy Seed\n|-boost|p1a: Rillaboom|def|1|[from] item: Grassy Seed\n|turn|11\n|\n|t:|1630743972\n|move|p2a: MagicConch|Ice Shard|p1a: Rillaboom\n|-supereffective|p1a: Rillaboom\n|-damage|p1a: Rillaboom|20\/100\n|move|p1a: Rillaboom|Grassy Glide|p2a: MagicConch\n|-supereffective|p2a: MagicConch\n|-damage|p2a: MagicConch|0 fnt\n|faint|p2a: MagicConch\n|\n|-heal|p1a: Rillaboom|26\/100|[from] Grassy Terrain\n|upkeep\n|\n|t:|1630743992\n|switch|p2a: DK did it first|Rillaboom, M|100\/100\n|turn|12\n|\n|t:|1630743997\n|move|p1a: Rillaboom|Acrobatics|p2a: DK did it first\n|-supereffective|p2a: DK did it first\n|-damage|p2a: DK did it first|14\/100\n|move|p2a: DK did it first|Swords Dance|p2a: DK did it first\n|-boost|p2a: DK did it first|atk|2\n|\n|-heal|p1a: Rillaboom|32\/100|[from] Grassy Terrain\n|-heal|p2a: DK did it first|20\/100|[from] Grassy Terrain\n|upkeep\n|turn|13\n|\n|t:|1630744005\n|move|p1a: Rillaboom|Grassy Glide|p2a: DK did it first\n|-resisted|p2a: DK did it first\n|-damage|p2a: DK did it first|0 fnt\n|faint|p2a: DK did it first\n|\n|-heal|p1a: Rillaboom|38\/100|[from] Grassy Terrain\n|upkeep\n|\n|t:|1630744013\n|switch|p2a: Adam West|Hawlucha, F|100\/100\n|-enditem|p2a: Adam West|Grassy Seed\n|-boost|p2a: Adam West|def|1|[from] item: Grassy Seed\n|turn|14\n|\n|t:|1630744017\n|move|p2a: Adam West|Acrobatics|p1a: Rillaboom\n|-supereffective|p1a: Rillaboom\n|-damage|p1a: Rillaboom|0 fnt\n|faint|p1a: Rillaboom\n|\n|upkeep\n|\n|t:|1630744022\n|switch|p1a: Landorus|Landorus-Therian, M|69\/100\n|-damage|p1a: Landorus|57\/100|[from] Stealth Rock\n|-ability|p1a: Landorus|Intimidate|boost\n|-unboost|p2a: Adam West|atk|1\n|turn|15\n|\n|t:|1630744031\n|move|p2a: Adam West|Swords Dance|p2a: Adam West\n|-boost|p2a: Adam West|atk|2\n|move|p1a: Landorus|Toxic|p2a: Adam West\n|-status|p2a: Adam West|tox\n|\n|-heal|p1a: Landorus|63\/100|[from] item: Leftovers\n|-damage|p2a: Adam West|94\/100 tox|[from] psn\n|-fieldend|move: Grassy Terrain\n|upkeep\n|turn|16\n|\n|t:|1630744043\n|move|p2a: Adam West|Swords Dance|p2a: Adam West\n|-boost|p2a: Adam West|atk|2\n|move|p1a: Landorus|Stealth Rock|p2a: Adam West\n|-sidestart|p2: jptoroglass|move: Stealth Rock\n|\n|-heal|p1a: Landorus|69\/100|[from] item: Leftovers\n|-damage|p2a: Adam West|82\/100 tox|[from] psn\n|upkeep\n|turn|17\n|l|\u2606brifye\n|player|p1|\n|j|\u2606brifye\n|player|p1|brifye|2\n|\n|t:|1630744070\n|switch|p1a: Zapdos|Zapdos|100\/100\n|move|p2a: Adam West|Acrobatics|p1a: Zapdos\n|-resisted|p1a: Zapdos\n|-damage|p1a: Zapdos|49\/100\n|\n|-damage|p2a: Adam West|64\/100 tox|[from] psn\n|upkeep\n|turn|18\n|\n|t:|1630744079\n|switch|p1a: Landorus|Landorus-Therian, M|69\/100\n|-damage|p1a: Landorus|57\/100|[from] Stealth Rock\n|-ability|p1a: Landorus|Intimidate|boost\n|-unboost|p2a: Adam West|atk|1\n|move|p2a: Adam West|Acrobatics|p1a: Landorus\n|-damage|p1a: Landorus|0 fnt\n|faint|p1a: Landorus\n|\n|-damage|p2a: Adam West|40\/100 tox|[from] psn\n|upkeep\n|\n|t:|1630744089\n|switch|p1a: Zapdos|Zapdos|49\/100\n|turn|19\n|\n|t:|1630744101\n|move|p2a: Adam West|Stone Edge|p1a: Zapdos\n|-supereffective|p1a: Zapdos\n|-crit|p1a: Zapdos\n|-damage|p1a: Zapdos|0 fnt\n|faint|p1a: Zapdos\n|\n|-damage|p2a: Adam West|10\/100 tox|[from] psn\n|upkeep\n|\n|t:|1630744108\n|switch|p1a: Heatran|Heatran, F|100\/100\n|-damage|p1a: Heatran|88\/100|[from] Spikes\n|-damage|p1a: Heatran|76\/100|[from] Stealth Rock\n|turn|20\n|\n|t:|1630744120\n|switch|p1a: Dragapult|Dragapult, M|100\/100\n|-damage|p1a: Dragapult|88\/100|[from] Stealth Rock\n|-damage|p1a: Dragapult|76\/100|[from] Spikes\n|move|p2a: Adam West|Acrobatics|p1a: Dragapult\n|-damage|p1a: Dragapult|0 fnt\n|faint|p1a: Dragapult\n|\n|-damage|p2a: Adam West|0 fnt|[from] psn\n|faint|p2a: Adam West\n|upkeep\n|\n|t:|1630744134\n|switch|p1a: Heatran|Heatran, F|76\/100\n|switch|p2a: Zero|Bisharp, F|60\/100\n|-damage|p2a: Zero|54\/100|[from] Stealth Rock\n|-damage|p1a: Heatran|63\/100|[from] Spikes\n|-damage|p1a: Heatran|51\/100|[from] Stealth Rock\n|turn|21\n|\n|t:|1630744141\n|move|p2a: Zero|Sucker Punch|p1a: Heatran\n|-damage|p1a: Heatran|20\/100\n|move|p1a: Heatran|Earth Power|p2a: Zero\n|-supereffective|p2a: Zero\n|-damage|p2a: Zero|0 fnt\n|faint|p2a: Zero\n|\n|-heal|p1a: Heatran|26\/100|[from] item: Leftovers\n|upkeep\n|\n|t:|1630744146\n|switch|p2a: Okage|Gengar, M|100\/100\n|-damage|p2a: Okage|88\/100|[from] Stealth Rock\n|turn|22\n|\n|t:|1630744152\n|move|p2a: Okage|Shadow Ball|p1a: Heatran\n|-damage|p1a: Heatran|0 fnt\n|faint|p1a: Heatran\n|\n|win|jptoroglass\n|raw|brifye's rating: 1512 &rarr; <strong>1493<\/strong><br \/>(-19 for losing)\n|raw|jptoroglass's rating: 1534 &rarr; <strong>1553<\/strong><br \/>(+19 for winning)\n|c|\u2606jptoroglass|gg\n|l|\u2606brifye\n","uploadtime":1630744161,"views":25,"p1id":"brifye","p2id":"jptoroglass","formatid":"gen8ou","rating":1493,"private":0,"password":null}