{"id":"gen8nationaldex-1593337590","p1":"Fastpitchkiller","p2":"Sensui","format":"gen8nationaldex","log":"|j|\u2606Fastpitchkiller\n|j|\u2606Sensui\n|t:|1654869860\n|gametype|singles\n|player|p1|Fastpitchkiller|169|1691\n|player|p2|Sensui|swimmerf-gen4|1566\n|teamsize|p1|6\n|teamsize|p2|6\n|gen|8\n|tier|[Gen 8] National Dex\n|rated|\n|rule|HP Percentage Mod: HP is shown in percentages\n|rule|Endless Battle Clause: Forcing endless battles is banned\n|rule|OHKO Clause: OHKO moves are banned\n|rule|Evasion Moves Clause: Evasion moves are banned\n|rule|Species Clause: Limit one of each Pok\u00e9mon\n|rule|Dynamax Clause: You cannot dynamax\n|rule|Sleep Clause Mod: Limit one foe put to sleep\n|clearpoke\n|poke|p1|Greninja, M|\n|poke|p1|Zapdos|\n|poke|p1|Melmetal|\n|poke|p1|Slowbro, M|\n|poke|p1|Tyranitar, F|\n|poke|p1|Kommo-o, M|\n|poke|p2|Espeon, F|\n|poke|p2|Zeraora|\n|poke|p2|Aegislash, M|\n|poke|p2|Gliscor, M|\n|poke|p2|Volcarona, M|\n|poke|p2|Dragonite, M|\n|teampreview\n|inactive|Battle timer is ON: inactive players will automatically lose when time's up. (requested by Sensui)\n|\n|t:|1654869870\n|start\n|switch|p1a: Slowgatell|Slowbro, M|100\/100\n|switch|p2a: Volcarona|Volcarona, M, shiny|100\/100\n|turn|1\n|\n|t:|1654869883\n|move|p2a: Volcarona|Bug Buzz|p1a: Slowgatell\n|-supereffective|p1a: Slowgatell\n|-damage|p1a: Slowgatell|0 fnt\n|faint|p1a: Slowgatell\n|\n|upkeep\n|\n|t:|1654869891\n|switch|p1a: Kommo-o|Kommo-o, M|100\/100\n|turn|2\n|\n|t:|1654869901\n|move|p2a: Volcarona|Fiery Dance|p1a: Kommo-o\n|-resisted|p1a: Kommo-o\n|-damage|p1a: Kommo-o|72\/100\n|-boost|p2a: Volcarona|spa|1\n|move|p1a: Kommo-o|Clangorous Soul|p1a: Kommo-o\n|-boost|p1a: Kommo-o|atk|1\n|-boost|p1a: Kommo-o|def|1\n|-boost|p1a: Kommo-o|spa|1\n|-boost|p1a: Kommo-o|spd|1\n|-boost|p1a: Kommo-o|spe|1\n|-damage|p1a: Kommo-o|39\/100\n|\n|upkeep\n|turn|3\n|\n|t:|1654869917\n|-zpower|p1a: Kommo-o\n|move|p1a: Kommo-o|Clangorous Soulblaze|p2a: Volcarona|[zeffect]\n|-damage|p2a: Volcarona|21\/100\n|-boost|p1a: Kommo-o|atk|1\n|-boost|p1a: Kommo-o|def|1\n|-boost|p1a: Kommo-o|spa|1\n|-boost|p1a: Kommo-o|spd|1\n|-boost|p1a: Kommo-o|spe|1\n|move|p2a: Volcarona|Fiery Dance|p1a: Kommo-o\n|-resisted|p1a: Kommo-o\n|-damage|p1a: Kommo-o|17\/100\n|\n|upkeep\n|turn|4\n|\n|t:|1654869933\n|move|p1a: Kommo-o|Drain Punch|p2a: Volcarona\n|-resisted|p2a: Volcarona\n|-damage|p2a: Volcarona|0 fnt\n|-heal|p1a: Kommo-o|28\/100|[from] drain|[of] p2a: Volcarona\n|faint|p2a: Volcarona\n|\n|upkeep\n|\n|t:|1654869939\n|switch|p2a: Aegislash|Aegislash, M, shiny|100\/100\n|turn|5\n|\n|t:|1654869943\n|move|p2a: Aegislash|King's Shield|p2a: Aegislash\n|-singleturn|p2a: Aegislash|Protect\n|move|p1a: Kommo-o|Clanging Scales|p2a: Aegislash\n|-activate|p2a: Aegislash|move: Protect\n|\n|upkeep\n|turn|6\n|\n|t:|1654869949\n|move|p1a: Kommo-o|Clanging Scales|p2a: Aegislash\n|-resisted|p2a: Aegislash\n|-damage|p2a: Aegislash|57\/100\n|-unboost|p1a: Kommo-o|def|1\n|move|p2a: Aegislash|Swords Dance|p2a: Aegislash\n|-boost|p2a: Aegislash|atk|2\n|\n|-heal|p2a: Aegislash|63\/100|[from] item: Leftovers\n|upkeep\n|turn|7\n|\n|t:|1654869959\n|move|p2a: Aegislash|King's Shield|p2a: Aegislash\n|-singleturn|p2a: Aegislash|Protect\n|move|p1a: Kommo-o|Clanging Scales|p2a: Aegislash\n|-activate|p2a: Aegislash|move: Protect\n|\n|-heal|p2a: Aegislash|69\/100|[from] item: Leftovers\n|upkeep\n|turn|8\n|\n|t:|1654869974\n|move|p1a: Kommo-o|Clanging Scales|p2a: Aegislash\n|-resisted|p2a: Aegislash\n|-damage|p2a: Aegislash|26\/100\n|-unboost|p1a: Kommo-o|def|1\n|move|p2a: Aegislash|Swords Dance|p2a: Aegislash\n|-boost|p2a: Aegislash|atk|2\n|\n|-heal|p2a: Aegislash|32\/100|[from] item: Leftovers\n|upkeep\n|turn|9\n|j| Majic PokeTester\n|\n|t:|1654869984\n|move|p2a: Aegislash|King's Shield|p2a: Aegislash\n|-singleturn|p2a: Aegislash|Protect\n|move|p1a: Kommo-o|Clanging Scales|p2a: Aegislash\n|-activate|p2a: Aegislash|move: Protect\n|\n|-heal|p2a: Aegislash|38\/100|[from] item: Leftovers\n|upkeep\n|turn|10\n|\n|t:|1654869992\n|-formechange|p2a: Aegislash|Aegislash-Blade||[from] ability: Stance Change\n|move|p2a: Aegislash|Shadow Sneak|p1a: Kommo-o\n|-damage|p1a: Kommo-o|0 fnt\n|faint|p1a: Kommo-o\n|\n|-heal|p2a: Aegislash|44\/100|[from] item: Leftovers\n|upkeep\n|\n|t:|1654870001\n|switch|p1a: Greninja|Greninja, M|100\/100\n|turn|11\n|\n|t:|1654870005\n|-formechange|p2a: Aegislash|Aegislash||[from] ability: Stance Change\n|move|p2a: Aegislash|King's Shield|p2a: Aegislash\n|-singleturn|p2a: Aegislash|Protect\n|move|p1a: Greninja|Dark Pulse|p2a: Aegislash\n|-activate|p2a: Aegislash|move: Protect\n|\n|-heal|p2a: Aegislash|50\/100|[from] item: Leftovers\n|upkeep\n|turn|12\n|\n|t:|1654870035\n|-formechange|p2a: Aegislash|Aegislash-Blade||[from] ability: Stance Change\n|move|p2a: Aegislash|Shadow Sneak|p1a: Greninja\n|-resisted|p1a: Greninja\n|-damage|p1a: Greninja|44\/100\n|move|p1a: Greninja|Dark Pulse|p2a: Aegislash\n|-supereffective|p2a: Aegislash\n|-damage|p2a: Aegislash|0 fnt\n|faint|p2a: Aegislash\n|-activate|p1a: Greninja|ability: Battle Bond\n|detailschange|p1a: Greninja|Greninja-Ash, M\n|\n|upkeep\n|\n|t:|1654870049\n|switch|p2a: Zeraora|Zeraora|100\/100\n|turn|13\n|\n|t:|1654870053\n|switch|p1a: Johnny Bravo|Melmetal|100\/100\n|move|p2a: Zeraora|Calm Mind|p2a: Zeraora\n|-boost|p2a: Zeraora|spa|1\n|-boost|p2a: Zeraora|spd|1\n|\n|upkeep\n|turn|14\n|\n|t:|1654870059\n|switch|p2a: Gliscor|Gliscor, M, shiny|100\/100\n|move|p1a: Johnny Bravo|Double Iron Bash|p2a: Gliscor\n|-damage|p2a: Gliscor|61\/100\n|-crit|p2a: Gliscor\n|-damage|p2a: Gliscor|3\/100\n|-hitcount|p2a: Gliscor|2\n|\n|-status|p2a: Gliscor|tox|[from] item: Toxic Orb\n|upkeep\n|turn|15\n|\n|t:|1654870069\n|move|p2a: Gliscor|Knock Off|p1a: Johnny Bravo\n|-damage|p1a: Johnny Bravo|87\/100\n|-enditem|p1a: Johnny Bravo|Protective Pads|[from] move: Knock Off|[of] p2a: Gliscor\n|move|p1a: Johnny Bravo|Double Iron Bash|p2a: Gliscor\n|-damage|p2a: Gliscor|0 fnt\n|faint|p2a: Gliscor\n|-hitcount|p2: Gliscor|1\n|\n|upkeep\n|\n|t:|1654870079\n|switch|p2a: Espeon|Espeon, F|100\/100\n|turn|16\n|\n|t:|1654870083\n|switch|p1a: Tyranitar|Tyranitar, F|100\/100\n|-weather|Sandstorm|[from] ability: Sand Stream|[of] p1a: Tyranitar\n|move|p2a: Espeon|Hidden Power|p1a: Tyranitar\n|-resisted|p1a: Tyranitar\n|-damage|p1a: Tyranitar|96\/100\n|\n|-weather|Sandstorm|[upkeep]\n|-damage|p2a: Espeon|95\/100|[from] Sandstorm\n|-heal|p1a: Tyranitar|100\/100|[from] item: Leftovers\n|upkeep\n|turn|17\n|\n|t:|1654870096\n|move|p2a: Espeon|Dazzling Gleam|p1a: Tyranitar\n|-supereffective|p1a: Tyranitar\n|-damage|p1a: Tyranitar|77\/100\n|move|p1a: Tyranitar|Rock Blast|p2a: Espeon\n|-damage|p2a: Espeon|74\/100\n|-damage|p2a: Espeon|53\/100\n|-hitcount|p2a: Espeon|2\n|\n|-weather|Sandstorm|[upkeep]\n|-damage|p2a: Espeon|47\/100|[from] Sandstorm\n|-heal|p1a: Tyranitar|83\/100|[from] item: Leftovers\n|upkeep\n|turn|18\n|\n|t:|1654870107\n|move|p2a: Espeon|Dazzling Gleam|p1a: Tyranitar\n|-supereffective|p1a: Tyranitar\n|-damage|p1a: Tyranitar|61\/100\n|move|p1a: Tyranitar|Rock Blast|p2a: Espeon\n|-damage|p2a: Espeon|25\/100\n|-damage|p2a: Espeon|4\/100\n|-damage|p2a: Espeon|0 fnt\n|faint|p2a: Espeon\n|-hitcount|p2: Espeon|3\n|\n|-weather|Sandstorm|[upkeep]\n|-heal|p1a: Tyranitar|67\/100|[from] item: Leftovers\n|upkeep\n|\n|t:|1654870128\n|switch|p2a: Zeraora|Zeraora|100\/100\n|turn|19\n|\n|t:|1654870132\n|move|p2a: Zeraora|Grass Knot|p1a: Tyranitar\n|-supereffective|p1a: Tyranitar\n|-damage|p1a: Tyranitar|30\/100\n|-damage|p2a: Zeraora|91\/100|[from] item: Life Orb\n|move|p1a: Tyranitar|Earthquake|p2a: Zeraora\n|-supereffective|p2a: Zeraora\n|-damage|p2a: Zeraora|5\/100\n|\n|-weather|Sandstorm|[upkeep]\n|-damage|p2a: Zeraora|0 fnt|[from] Sandstorm\n|faint|p2a: Zeraora\n|-heal|p1a: Tyranitar|36\/100|[from] item: Leftovers\n|upkeep\n|\n|t:|1654870145\n|switch|p2a: Dragonite|Dragonite, M|100\/100\n|turn|20\n|\n|t:|1654870149\n|move|p2a: Dragonite|Power-Up Punch|p1a: Tyranitar\n|-supereffective|p1a: Tyranitar\n|-damage|p1a: Tyranitar|0 fnt\n|-boost|p2a: Dragonite|atk|1\n|faint|p1a: Tyranitar\n|\n|-weather|none\n|upkeep\n|\n|t:|1654870156\n|switch|p1a: Johnny Bravo|Melmetal|87\/100\n|turn|21\n|inactive|Sensui has 120 seconds left.\n|\n|t:|1654870205\n|move|p2a: Dragonite|Power-Up Punch|p1a: Johnny Bravo\n|-supereffective|p1a: Johnny Bravo\n|-damage|p1a: Johnny Bravo|56\/100\n|-boost|p2a: Dragonite|atk|1\n|move|p1a: Johnny Bravo|Toxic|p2a: Dragonite\n|-status|p2a: Dragonite|tox\n|\n|-damage|p2a: Dragonite|94\/100 tox|[from] psn\n|upkeep\n|turn|22\n|\n|t:|1654870214\n|move|p2a: Dragonite|Earthquake|p1a: Johnny Bravo\n|-supereffective|p1a: Johnny Bravo\n|-crit|p1a: Johnny Bravo\n|-damage|p1a: Johnny Bravo|0 fnt\n|faint|p1a: Johnny Bravo\n|\n|-damage|p2a: Dragonite|82\/100 tox|[from] psn\n|upkeep\n|\n|t:|1654870222\n|switch|p1a: Greninja|Greninja-Ash, M|44\/100\n|turn|23\n|\n|t:|1654870225\n|move|p2a: Dragonite|Extreme Speed|p1a: Greninja\n|-damage|p1a: Greninja|0 fnt\n|faint|p1a: Greninja\n|\n|-damage|p2a: Dragonite|63\/100 tox|[from] psn\n|upkeep\n|\n|t:|1654870232\n|switch|p1a: Zapdos|Zapdos|100\/100\n|turn|24\n|\n|t:|1654870237\n|move|p1a: Zapdos|Roost||[still]\n|-fail|p1a: Zapdos|heal\n|move|p2a: Dragonite|Dragon Tail|p1a: Zapdos\n|-damage|p1a: Zapdos|52\/100\n|\n|-damage|p2a: Dragonite|39\/100 tox|[from] psn\n|upkeep\n|turn|25\n|\n|t:|1654870244\n|move|p2a: Dragonite|Extreme Speed|p1a: Zapdos\n|-damage|p1a: Zapdos|6\/100\n|move|p1a: Zapdos|Roost|p1a: Zapdos\n|-heal|p1a: Zapdos|56\/100\n|-singleturn|p1a: Zapdos|move: Roost\n|\n|-damage|p2a: Dragonite|8\/100 tox|[from] psn\n|upkeep\n|turn|26\n|\n|t:|1654870255\n|move|p1a: Zapdos|Roost|p1a: Zapdos\n|-heal|p1a: Zapdos|100\/100\n|-singleturn|p1a: Zapdos|move: Roost\n|move|p2a: Dragonite|Earthquake|p1a: Zapdos\n|-supereffective|p1a: Zapdos\n|-damage|p1a: Zapdos|0 fnt\n|faint|p1a: Zapdos\n|\n|win|Sensui\n|raw|Fastpitchkiller's rating: 1691 &rarr; <strong>1664<\/strong><br \/>(-27 for losing)\n|raw|Sensui's rating: 1566 &rarr; <strong>1593<\/strong><br \/>(+27 for winning)\n|c|\u2606Sensui|lmfao\n|l|\u2606Fastpitchkiller\n","uploadtime":1654870277,"views":19,"p1id":"fastpitchkiller","p2id":"sensui","formatid":"gen8nationaldex","rating":1593,"private":0,"password":null}