{"id":"gen8ou-1706971034","p1":"HarmonyHatterene37","p2":"shithousery","format":"gen8ou","log":"|j|\u2606HarmonyHatterene37\n|j|\u2606shithousery\n|t:|1668037600\n|gametype|singles\n|player|p1|HarmonyHatterene37|265|1499\n|player|p2|shithousery|169|1526\n|teamsize|p1|6\n|teamsize|p2|6\n|gen|8\n|tier|[Gen 8] OU\n|rated|\n|rule|Sleep Clause Mod: Limit one foe put to sleep\n|rule|Species Clause: Limit one of each Pok\u00e9mon\n|rule|OHKO Clause: OHKO moves are banned\n|rule|Evasion Items Clause: Evasion items are banned\n|rule|Evasion Moves Clause: Evasion moves are banned\n|rule|Endless Battle Clause: Forcing endless battles is banned\n|rule|HP Percentage Mod: HP is shown in percentages\n|rule|Dynamax Clause: You cannot dynamax\n|clearpoke\n|poke|p1|Hatterene, F|\n|poke|p1|Melmetal|\n|poke|p1|Crawdaunt, M|\n|poke|p1|Marowak-Alola, F|\n|poke|p1|Porygon2|\n|poke|p1|Cresselia, F|\n|poke|p2|Terrakion|\n|poke|p2|Tornadus-Therian, M|\n|poke|p2|Swampert, F|\n|poke|p2|Hydreigon, M|\n|poke|p2|Tapu Koko|\n|poke|p2|Jirachi|\n|teampreview\n|inactive|Battle timer is ON: inactive players will automatically lose when time's up. (requested by HarmonyHatterene37)\n|\n|t:|1668037613\n|start\n|switch|p1a: Windows XP|Porygon2|100\/100\n|switch|p2a: Tapu Koko|Tapu Koko|100\/100\n|-fieldstart|move: Electric Terrain|[from] ability: Electric Surge|[of] p2a: Tapu Koko\n|-ability|p1a: Windows XP|Electric Surge|[from] ability: Trace|[of] p2a: Tapu Koko\n|turn|1\n|\n|t:|1668037616\n|move|p2a: Tapu Koko|Thunderbolt|p1a: Windows XP\n|-damage|p1a: Windows XP|56\/100\n|move|p1a: Windows XP|Trick Room|p1a: Windows XP\n|-fieldstart|move: Trick Room|[of] p1a: Windows XP\n|\n|upkeep\n|turn|2\n|\n|t:|1668037623\n|move|p2a: Tapu Koko|Thunderbolt|p1a: Windows XP\n|-damage|p1a: Windows XP|6\/100\n|move|p1a: Windows XP|Teleport|p1a: Windows XP\n|\n|t:|1668037634\n|switch|p1a: Sans|Marowak-Alola, F|100\/100|[from]move: Teleport\n|\n|upkeep\n|turn|3\n|\n|t:|1668037644\n|switch|p2a: Hydreigon|Hydreigon, M|100\/100\n|move|p1a: Sans|Swords Dance|p1a: Sans\n|-boost|p1a: Sans|atk|2\n|\n|upkeep\n|turn|4\n|\n|t:|1668037648\n|move|p1a: Sans|Flare Blitz|p2a: Hydreigon\n|-resisted|p2a: Hydreigon\n|-damage|p2a: Hydreigon|0 fnt\n|faint|p2a: Hydreigon\n|\n|upkeep\n|\n|t:|1668037663\n|switch|p2a: Jirachi|Jirachi|100\/100\n|turn|5\n|\n|t:|1668037666\n|move|p1a: Sans|Poltergeist|p2a: Jirachi\n|-activate|p2a: Jirachi|move: Poltergeist|Choice Scarf\n|-supereffective|p2a: Jirachi\n|-damage|p2a: Jirachi|0 fnt\n|faint|p2a: Jirachi\n|\n|-fieldend|move: Trick Room\n|-fieldend|move: Electric Terrain\n|upkeep\n|\n|t:|1668037674\n|switch|p2a: Terrakion|Terrakion|100\/100\n|turn|6\n|\n|t:|1668037679\n|switch|p1a: Windows XP|Porygon2|6\/100\n|-ability|p1a: Windows XP|Justified|[from] ability: Trace|[of] p2a: Terrakion\n|move|p2a: Terrakion|Swords Dance|p2a: Terrakion\n|-boost|p2a: Terrakion|atk|2\n|\n|upkeep\n|turn|7\n|\n|t:|1668037686\n|move|p2a: Terrakion|Earthquake|p1a: Windows XP\n|-damage|p1a: Windows XP|0 fnt\n|faint|p1a: Windows XP\n|-damage|p2a: Terrakion|91\/100|[from] item: Life Orb\n|\n|upkeep\n|\n|t:|1668037688\n|switch|p1a: Cress|Cresselia, F|100\/100\n|turn|8\n|\n|t:|1668037691\n|move|p2a: Terrakion|Stone Edge|p1a: Cress\n|-damage|p1a: Cress|38\/100\n|-damage|p2a: Terrakion|81\/100|[from] item: Life Orb\n|move|p1a: Cress|Trick Room|p1a: Cress\n|-fieldstart|move: Trick Room|[of] p1a: Cress\n|\n|upkeep\n|turn|9\n|\n|t:|1668037716\n|switch|p2a: Tornadus|Tornadus-Therian, M|100\/100\n|move|p1a: Cress|Toxic|p2a: Tornadus\n|-status|p2a: Tornadus|tox\n|\n|-damage|p2a: Tornadus|94\/100 tox|[from] psn\n|upkeep\n|turn|10\n|\n|t:|1668037719\n|move|p1a: Cress|Moonlight|p1a: Cress\n|-heal|p1a: Cress|88\/100\n|move|p2a: Tornadus|Knock Off|p1a: Cress\n|-supereffective|p1a: Cress\n|-damage|p1a: Cress|69\/100\n|-damage|p2a: Tornadus|78\/100 tox|[from] item: Rocky Helmet|[of] p1a: Cress\n|-enditem|p1a: Cress|Rocky Helmet|[from] move: Knock Off|[of] p2a: Tornadus\n|\n|-damage|p2a: Tornadus|65\/100 tox|[from] psn\n|upkeep\n|turn|11\n|\n|t:|1668037727\n|move|p1a: Cress|Moonblast|p2a: Tornadus\n|-damage|p2a: Tornadus|47\/100 tox\n|move|p2a: Tornadus|Hurricane|p1a: Cress\n|-damage|p1a: Cress|40\/100\n|\n|-damage|p2a: Tornadus|28\/100 tox|[from] psn\n|upkeep\n|turn|12\n|\n|t:|1668037732\n|move|p1a: Cress|Moonlight|p1a: Cress\n|-heal|p1a: Cress|90\/100\n|move|p2a: Tornadus|U-turn|p1a: Cress\n|-supereffective|p1a: Cress\n|-damage|p1a: Cress|75\/100\n|\n|t:|1668037734\n|switch|p2a: Tapu Koko|Tapu Koko|100\/100|[from]move: U-turn\n|-fieldstart|move: Electric Terrain|[from] ability: Electric Surge|[of] p2a: Tapu Koko\n|\n|-fieldend|move: Trick Room\n|upkeep\n|turn|13\n|\n|t:|1668037737\n|move|p2a: Tapu Koko|Thunderbolt|p1a: Cress\n|-damage|p1a: Cress|32\/100\n|move|p1a: Cress|Trick Room|p1a: Cress\n|-fieldstart|move: Trick Room|[of] p1a: Cress\n|\n|upkeep\n|turn|14\n|\n|t:|1668037743\n|switch|p1a: Sans|Marowak-Alola, F|100\/100\n|move|p2a: Tapu Koko|Thunderbolt|p1a: Sans\n|-damage|p1a: Sans|15\/100\n|\n|upkeep\n|turn|15\n|\n|t:|1668037751\n|switch|p2a: Swampert|Swampert, F|100\/100\n|move|p1a: Sans|Flare Blitz|p2a: Swampert\n|-resisted|p2a: Swampert\n|-damage|p2a: Swampert|59\/100\n|\n|-heal|p2a: Swampert|65\/100|[from] item: Leftovers\n|upkeep\n|turn|16\n|\n|t:|1668037757\n|switch|p2a: Tornadus|Tornadus-Therian, M|62\/100 tox\n|move|p1a: Sans|Poltergeist|p2a: Tornadus\n|-activate|p2a: Tornadus|move: Poltergeist|Heavy-Duty Boots\n|-damage|p2a: Tornadus|0 fnt\n|faint|p2a: Tornadus\n|\n|-fieldend|move: Electric Terrain\n|upkeep\n|\n|t:|1668037765\n|switch|p2a: Swampert|Swampert, F|65\/100\n|turn|17\n|\n|t:|1668037768\n|move|p1a: Sans|Poltergeist|p2a: Swampert\n|-activate|p2a: Swampert|move: Poltergeist|Leftovers\n|-crit|p2a: Swampert\n|-damage|p2a: Swampert|0 fnt\n|faint|p2a: Swampert\n|\n|-fieldend|move: Trick Room\n|upkeep\n|\n|t:|1668037770\n|switch|p2a: Tapu Koko|Tapu Koko|100\/100\n|-fieldstart|move: Electric Terrain|[from] ability: Electric Surge|[of] p2a: Tapu Koko\n|turn|18\n|\n|t:|1668037779\n|switch|p1a: Cress|Cresselia, F|32\/100\n|move|p2a: Tapu Koko|Thunderbolt|p1a: Cress\n|-damage|p1a: Cress|0 fnt\n|faint|p1a: Cress\n|\n|upkeep\n|\n|t:|1668037783\n|switch|p1a: Harmony|Hatterene, F|100\/100\n|turn|19\n|\n|t:|1668037785\n|move|p2a: Tapu Koko|Thunderbolt|p1a: Harmony\n|-damage|p1a: Harmony|25\/100\n|move|p1a: Harmony|Trick Room|p1a: Harmony\n|-fieldstart|move: Trick Room|[of] p1a: Harmony\n|\n|upkeep\n|turn|20\n|\n|t:|1668037793\n|switch|p2a: Terrakion|Terrakion|81\/100\n|move|p1a: Harmony|Misty Explosion|p2a: Terrakion\n|-supereffective|p2a: Terrakion\n|-damage|p2a: Terrakion|0 fnt\n|faint|p1a: Harmony\n|faint|p2a: Terrakion\n|\n|upkeep\n|\n|t:|1668037799\n|switch|p1a: Sans|Marowak-Alola, F|15\/100\n|switch|p2a: Tapu Koko|Tapu Koko|100\/100\n|turn|21\n|\n|t:|1668037800\n|move|p1a: Sans|Flare Blitz|p2a: Tapu Koko\n|-damage|p2a: Tapu Koko|0 fnt\n|faint|p2a: Tapu Koko\n|\n|win|HarmonyHatterene37\n|raw|HarmonyHatterene37's rating: 1499 &rarr; <strong>1521<\/strong><br \/>(+22 for winning)\n|raw|shithousery's rating: 1526 &rarr; <strong>1504<\/strong><br \/>(-22 for losing)\n|l|\u2606shithousery\n","uploadtime":1668037804,"views":3,"p1id":"harmonyhatterene37","p2id":"shithousery","formatid":"gen8ou","rating":1504,"private":0,"password":null}