{"id":"gen8balancedhackmons-1669816996","p1":"Glass101","p2":"Redflix","format":"gen8balancedhackmons","log":"|j|\u2606Glass101\n|j|\u2606Redflix\n|t:|1664097220\n|gametype|singles\n|player|p1|Glass101|mira|1494\n|player|p2|Redflix|erika|1707\n|teamsize|p1|6\n|teamsize|p2|6\n|gen|8\n|tier|[Gen 8] Balanced Hackmons\n|rated|\n|rule|OHKO Clause: OHKO moves are banned\n|rule|Evasion Moves Clause: Evasion moves are banned\n|rule|Forme Clause: Limit one of each forme of a Pok\u00e9mon\n|rule|HP Percentage Mod: HP is shown in percentages\n|rule|Dynamax Clause: You cannot dynamax\n|rule|Sleep Clause: Sleep-inducing moves are banned\n|rule|Endless Battle Clause: Forcing endless battles is banned\n|clearpoke\n|poke|p1|Palkia, F|\n|poke|p1|Kyurem-Black, M|\n|poke|p1|Magearna, F|\n|poke|p1|Yveltal, M|\n|poke|p1|Zamazenta-Crowned, M|\n|poke|p1|Tapu Fini|\n|poke|p2|Zamazenta-Crowned|\n|poke|p2|Giratina|\n|poke|p2|Zacian-*|\n|poke|p2|Type: Null|\n|poke|p2|Eternatus|\n|poke|p2|Ho-Oh|\n|teampreview\n|c|\u2606Glass101|Glhf\n|c|\u2606Redflix|hf\n|inactive|Battle timer is ON: inactive players will automatically lose when time's up. (requested by Redflix)\n|inactive|Glass101 also wants the timer to be on.\n|\n|t:|1664097253\n|start\n|switch|p1a: Mrs. Fairy|Magearna, F|100\/100\n|switch|p2a: Type: Null|Type: Null|100\/100\n|turn|1\n|\n|t:|1664097259\n|move|p1a: Mrs. Fairy|Nuzzle|p2a: Type: Null\n|-damage|p2a: Type: Null|97\/100\n|-status|p2a: Type: Null|par\n|move|p2a: Type: Null|Nuzzle|p1a: Mrs. Fairy\n|-damage|p1a: Mrs. Fairy|97\/100\n|-status|p1a: Mrs. Fairy|par\n|\n|-heal|p1a: Mrs. Fairy|100\/100 par|[from] item: Leftovers\n|upkeep\n|turn|2\n|\n|t:|1664097268\n|move|p1a: Mrs. Fairy|Parting Shot|p2a: Type: Null\n|-unboost|p2a: Type: Null|atk|1\n|-unboost|p2a: Type: Null|spa|1\n|\n|t:|1664097271\n|switch|p1a: Mr. Dark|Yveltal, M|100\/100|[from]move: Parting Shot\n|move|p2a: Type: Null|Flip Turn|p1a: Mr. Dark\n|-damage|p1a: Mr. Dark|94\/100\n|\n|t:|1664097274\n|switch|p2a: Zacian|Zacian|100\/100|[from]move: Flip Turn\n|\n|-status|p2a: Zacian|tox|[from] item: Toxic Orb\n|-status|p1a: Mr. Dark|tox|[from] item: Toxic Orb\n|upkeep\n|turn|3\n|\n|t:|1664097296\n|switch|p1a: Mrs. Fairy|Magearna, F|100\/100 par\n|move|p2a: Zacian|Knock Off|p1a: Mrs. Fairy\n|-resisted|p1a: Mrs. Fairy\n|-crit|p1a: Mrs. Fairy\n|-damage|p1a: Mrs. Fairy|85\/100 par\n|-enditem|p1a: Mrs. Fairy|Leftovers|[from] move: Knock Off|[of] p2a: Zacian\n|\n|upkeep\n|turn|4\n|\n|t:|1664097307\n|move|p2a: Zacian|Coil|p2a: Zacian\n|-boost|p2a: Zacian|atk|1\n|-boost|p2a: Zacian|def|1\n|-boost|p2a: Zacian|accuracy|1\n|move|p1a: Mrs. Fairy|Parting Shot|p2a: Zacian\n|-unboost|p2a: Zacian|atk|1\n|-unboost|p2a: Zacian|spa|1\n|\n|t:|1664097314\n|switch|p1a: Mr. Steel|Zamazenta-Crowned, M|100\/100|[from]move: Parting Shot\n|\n|upkeep\n|turn|5\n|\n|t:|1664097318\n|move|p2a: Zacian|Knock Off|p1a: Mr. Steel\n|-resisted|p1a: Mr. Steel\n|-crit|p1a: Mr. Steel\n|-damage|p1a: Mr. Steel|87\/100\n|-enditem|p1a: Mr. Steel|Leftovers|[from] move: Knock Off|[of] p2a: Zacian\n|move|p1a: Mr. Steel|Anchor Shot|p2a: Zacian\n|-supereffective|p2a: Zacian\n|-damage|p2a: Zacian|53\/100 tox\n|-activate|p2a: Zacian|trapped\n|\n|-heal|p2a: Zacian|65\/100 tox|[from] ability: Poison Heal\n|upkeep\n|turn|6\n|\n|t:|1664097342\n|move|p2a: Zacian|Parting Shot|p1a: Mr. Steel\n|-unboost|p1a: Mr. Steel|atk|1\n|-unboost|p1a: Mr. Steel|spa|1\n|\n|t:|1664097350\n|switch|p2a: Giratina|Giratina|100\/100|[from]move: Parting Shot\n|move|p1a: Mr. Steel|Anchor Shot|p2a: Giratina\n|-damage|p2a: Giratina|94\/100\n|-damage|p1a: Mr. Steel|71\/100|[from] item: Rocky Helmet|[of] p2a: Giratina\n|\n|upkeep\n|turn|7\n|j| tzpro\n|\n|t:|1664097371\n|switch|p1a: Mr. Dark|Yveltal, M|94\/100 tox\n|switch|p2a: Eternatus|Eternatus|100\/100\n|\n|-heal|p1a: Mr. Dark|100\/100 tox|[from] ability: Poison Heal\n|upkeep\n|turn|8\n|\n|t:|1664097381\n|switch|p1a: Mrs. Fairy|Magearna, F|100\/100 par\n|move|p2a: Eternatus|Trick|p1a: Mrs. Fairy\n|-activate|p2a: Eternatus|move: Trick|[of] p1a: Mrs. Fairy\n|-item|p1a: Mrs. Fairy|Black Sludge|[from] move: Trick\n|-enditem|p2a: Eternatus|Black Sludge|[silent]|[from] move: Trick\n|\n|-damage|p1a: Mrs. Fairy|88\/100 par|[from] item: Black Sludge\n|upkeep\n|turn|9\n|\n|t:|1664097389\n|switch|p2a: Type: Null|Type: Null|97\/100 par\n|move|p1a: Mrs. Fairy|Nuzzle|p2a: Type: Null\n|-damage|p2a: Type: Null|95\/100 par\n|\n|-damage|p1a: Mrs. Fairy|76\/100 par|[from] item: Black Sludge\n|upkeep\n|turn|10\n|\n|t:|1664097396\n|move|p1a: Mrs. Fairy|Parting Shot|p2a: Type: Null\n|-unboost|p2a: Type: Null|atk|1\n|-unboost|p2a: Type: Null|spa|1\n|\n|t:|1664097402\n|switch|p1a: Mrs. Water|Palkia, F, shiny|100\/100|[from]move: Parting Shot\n|-weather|PrimordialSea|[from] ability: Primordial Sea|[of] p1a: Mrs. Water\n|move|p2a: Type: Null|Nuzzle|p1a: Mrs. Water\n|-damage|p1a: Mrs. Water|98\/100\n|-status|p1a: Mrs. Water|par\n|\n|-weather|PrimordialSea|[upkeep]\n|upkeep\n|turn|11\n|\n|t:|1664097410\n|switch|p2a: Ho-Oh|Ho-Oh|100\/100\n|-weather|DesolateLand|[from] ability: Desolate Land|[of] p2a: Ho-Oh\n|cant|p1a: Mrs. Water|par\n|\n|-weather|DesolateLand|[upkeep]\n|upkeep\n|turn|12\n|\n|t:|1664097417\n|switch|p1a: Mrs. Fish|Tapu Fini|100\/100\n|move|p2a: Ho-Oh|Spikes|p1a: Mrs. Fish\n|-sidestart|p1: Glass101|Spikes\n|\n|-weather|DesolateLand|[upkeep]\n|upkeep\n|turn|13\n|\n|t:|1664097421\n|-weather|none\n|switch|p2a: Eternatus|Eternatus|100\/100\n|move|p1a: Mrs. Fish|Aromatherapy|p1a: Mrs. Fish\n|-activate|p1a: Mrs. Fish|move: Aromatherapy\n|-curestatus|p1: Mrs. Fairy|par|[msg]\n|-curestatus|p1: Mr. Dark|tox|[msg]\n|-curestatus|p1: Mrs. Water|par|[msg]\n|\n|upkeep\n|turn|14\n|\n|t:|1664097433\n|switch|p2a: Zacian|Zacian|65\/100 tox\n|switch|p1a: Mrs. Fairy|Magearna, F|100\/100\n|-damage|p1a: Mrs. Fairy|88\/100|[from] Spikes\n|\n|-damage|p1a: Mrs. Fairy|76\/100|[from] item: Black Sludge\n|-heal|p2a: Zacian|77\/100 tox|[from] ability: Poison Heal\n|upkeep\n|turn|15\n|\n|t:|1664097444\n|move|p2a: Zacian|Coil|p2a: Zacian\n|-boost|p2a: Zacian|atk|1\n|-boost|p2a: Zacian|def|1\n|-boost|p2a: Zacian|accuracy|1\n|move|p1a: Mrs. Fairy|Rapid Spin|p2a: Zacian\n|-damage|p2a: Zacian|71\/100 tox\n|-boost|p1a: Mrs. Fairy|spe|1\n|-sideend|p1: Glass101|Spikes|[from] move: Rapid Spin|[of] p1a: Mrs. Fairy\n|\n|-damage|p1a: Mrs. Fairy|63\/100|[from] item: Black Sludge\n|-heal|p2a: Zacian|84\/100 tox|[from] ability: Poison Heal\n|upkeep\n|turn|16\n|\n|t:|1664097454\n|move|p2a: Zacian|Spirit Break|p1a: Mrs. Fairy\n|-resisted|p1a: Mrs. Fairy\n|-damage|p1a: Mrs. Fairy|44\/100\n|-unboost|p1a: Mrs. Fairy|spa|1\n|move|p1a: Mrs. Fairy|Parting Shot|p2a: Zacian\n|-unboost|p2a: Zacian|atk|1\n|-unboost|p2a: Zacian|spa|1\n|\n|t:|1664097462\n|switch|p1a: Mr. Steel|Zamazenta-Crowned, M|71\/100|[from]move: Parting Shot\n|\n|-heal|p2a: Zacian|96\/100 tox|[from] ability: Poison Heal\n|upkeep\n|turn|17\n|\n|t:|1664097469\n|switch|p2a: Giratina|Giratina|94\/100\n|move|p1a: Mr. Steel|Soft-Boiled|p1a: Mr. Steel\n|-heal|p1a: Mr. Steel|100\/100\n|\n|upkeep\n|turn|18\n|\n|t:|1664097488\n|switch|p1a: Mr. Dark|Yveltal, M|100\/100\n|move|p2a: Giratina|Spectral Thief|p1a: Mr. Dark\n|-resisted|p1a: Mr. Dark\n|-damage|p1a: Mr. Dark|89\/100\n|\n|-status|p1a: Mr. Dark|tox|[from] item: Toxic Orb\n|upkeep\n|turn|19\n|\n|t:|1664097499\n|switch|p2a: Type: Null|Type: Null|95\/100 par\n|move|p1a: Mr. Dark|Wicked Blow|p2a: Type: Null\n|-crit|p2a: Type: Null\n|-damage|p2a: Type: Null|59\/100 par\n|\n|-heal|p1a: Mr. Dark|100\/100 tox|[from] ability: Poison Heal\n|upkeep\n|turn|20\n|\n|t:|1664097506\n|move|p1a: Mr. Dark|Wicked Blow|p2a: Type: Null\n|-crit|p2a: Type: Null\n|-damage|p2a: Type: Null|27\/100 par\n|move|p2a: Type: Null|Shore Up|p2a: Type: Null\n|-heal|p2a: Type: Null|77\/100 par\n|\n|upkeep\n|turn|21\n|\n|t:|1664097511\n|switch|p2a: Zacian|Zacian|96\/100 tox\n|move|p1a: Mr. Dark|Wicked Blow|p2a: Zacian\n|-resisted|p2a: Zacian\n|-crit|p2a: Zacian\n|-damage|p2a: Zacian|78\/100 tox\n|\n|-heal|p2a: Zacian|90\/100 tox|[from] ability: Poison Heal\n|upkeep\n|turn|22\n|\n|t:|1664097520\n|switch|p1a: Mr. Steel|Zamazenta-Crowned, M|100\/100\n|move|p2a: Zacian|Coil|p2a: Zacian\n|-boost|p2a: Zacian|atk|1\n|-boost|p2a: Zacian|def|1\n|-boost|p2a: Zacian|accuracy|1\n|\n|-heal|p2a: Zacian|100\/100 tox|[from] ability: Poison Heal\n|upkeep\n|turn|23\n|\n|t:|1664097527\n|move|p2a: Zacian|Spirit Break|p1a: Mr. Steel\n|-damage|p1a: Mr. Steel|83\/100\n|-unboost|p1a: Mr. Steel|spa|1\n|move|p1a: Mr. Steel|Anchor Shot|p2a: Zacian\n|-supereffective|p2a: Zacian\n|-damage|p2a: Zacian|55\/100 tox\n|-activate|p2a: Zacian|trapped\n|\n|-heal|p2a: Zacian|68\/100 tox|[from] ability: Poison Heal\n|upkeep\n|turn|24\n|\n|t:|1664097536\n|move|p2a: Zacian|Parting Shot|p1a: Mr. Steel\n|-unboost|p1a: Mr. Steel|atk|1\n|-unboost|p1a: Mr. Steel|spa|1\n|\n|t:|1664097539\n|switch|p2a: Ho-Oh|Ho-Oh|100\/100|[from]move: Parting Shot\n|-weather|DesolateLand|[from] ability: Desolate Land|[of] p2a: Ho-Oh\n|move|p1a: Mr. Steel|Anchor Shot|p2a: Ho-Oh\n|-resisted|p2a: Ho-Oh\n|-damage|p2a: Ho-Oh|90\/100\n|-activate|p2a: Ho-Oh|trapped\n|\n|-weather|DesolateLand|[upkeep]\n|upkeep\n|turn|25\n|\n|t:|1664097547\n|switch|p1a: Mrs. Water|Palkia, F, shiny|98\/100\n|-weather|PrimordialSea|[from] ability: Primordial Sea|[of] p1a: Mrs. Water\n|move|p2a: Ho-Oh|Spikes|p1a: Mrs. Water\n|-sidestart|p1: Glass101|Spikes\n|\n|-weather|PrimordialSea|[upkeep]\n|upkeep\n|turn|26\n|\n|t:|1664097553\n|switch|p2a: Eternatus|Eternatus|100\/100\n|move|p1a: Mrs. Water|Fishious Rend|p2a: Eternatus\n|-resisted|p2a: Eternatus\n|-damage|p2a: Eternatus|50\/100\n|\n|-weather|PrimordialSea|[upkeep]\n|upkeep\n|turn|27\n|\n|t:|1664097559\n|move|p2a: Eternatus|Roost|p2a: Eternatus\n|-heal|p2a: Eternatus|99\/100\n|-singleturn|p2a: Eternatus|move: Roost\n|move|p1a: Mrs. Water|Core Enforcer|p2a: Eternatus\n|-supereffective|p2a: Eternatus\n|-damage|p2a: Eternatus|25\/100\n|-endability|p2a: Eternatus\n|\n|-weather|PrimordialSea|[upkeep]\n|upkeep\n|turn|28\n|\n|t:|1664097570\n|move|p2a: Eternatus|Core Enforcer|p1a: Mrs. Water\n|-supereffective|p1a: Mrs. Water\n|-damage|p1a: Mrs. Water|24\/100\n|move|p1a: Mrs. Water|Fishious Rend|p2a: Eternatus\n|-resisted|p2a: Eternatus\n|-damage|p2a: Eternatus|3\/100\n|\n|-weather|PrimordialSea|[upkeep]\n|upkeep\n|turn|29\n|-message|Glass101 forfeited.\n|\n|win|Redflix\n|raw|Glass101's rating: 1494 &rarr; <strong>1485<\/strong><br \/>(-9 for losing)\n|raw|Redflix's rating: 1707 &rarr; <strong>1716<\/strong><br \/>(+9 for winning)\n|l|\u2606Glass101\n|j| Karlaaaaaa\n|l|\u2606Redflix\n|l| Karlaaaaaa\n||Ladder isn't responding, score probably updated but might not have (Request timeout).\n","uploadtime":1664097667,"views":24,"p1id":"glass101","p2id":"redflix","formatid":"gen8balancedhackmons","rating":1485,"private":0,"password":null}