{"id":"gen8ou-1649987161","p1":"Not Sarcasm","p2":"freezingjuice","format":"gen8ou","log":"|j|\u2606Not Sarcasm\n|j|\u2606freezingjuice\n|t:|1661656358\n|gametype|singles\n|player|p1|Not Sarcasm|169|1500\n|player|p2|freezingjuice|266|1470\n|teamsize|p1|6\n|teamsize|p2|6\n|gen|8\n|tier|[Gen 8] OU\n|rated|\n|rule|Sleep Clause Mod: Limit one foe put to sleep\n|rule|Species Clause: Limit one of each Pok\u00e9mon\n|rule|OHKO Clause: OHKO moves are banned\n|rule|Evasion Items Clause: Evasion items are banned\n|rule|Evasion Moves Clause: Evasion moves are banned\n|rule|Endless Battle Clause: Forcing endless battles is banned\n|rule|HP Percentage Mod: HP is shown in percentages\n|rule|Dynamax Clause: You cannot dynamax\n|clearpoke\n|poke|p1|Tapu Koko|\n|poke|p1|Zapdos-Galar|\n|poke|p1|Slowking-Galar, M|\n|poke|p1|Corviknight, M|\n|poke|p1|Landorus-Therian, M|\n|poke|p1|Weavile, F|\n|poke|p2|Rillaboom, F|\n|poke|p2|Magnezone|\n|poke|p2|Hawlucha, M|\n|poke|p2|Zapdos|\n|poke|p2|Blissey, F|\n|poke|p2|Nihilego|\n|teampreview\n|inactive|Battle timer is ON: inactive players will automatically lose when time's up. (requested by freezingjuice)\n|inactive|Not Sarcasm has 120 seconds left.\n|\n|t:|1661656422\n|start\n|switch|p1a: Weavile|Weavile, F|100\/100\n|switch|p2a: Rillaboom|Rillaboom, F|100\/100\n|-ability|p1a: Weavile|Pressure\n|-fieldstart|move: Grassy Terrain|[from] ability: Grassy Surge|[of] p2a: Rillaboom\n|turn|1\n|\n|t:|1661656451\n|switch|p1a: Corviknight|Corviknight, M|100\/100\n|-ability|p1a: Corviknight|Pressure\n|move|p2a: Rillaboom|Grassy Glide|p1a: Corviknight\n|-resisted|p1a: Corviknight\n|-damage|p1a: Corviknight|90\/100\n|-damage|p2a: Rillaboom|84\/100|[from] item: Rocky Helmet|[of] p1a: Corviknight\n|\n|-heal|p2a: Rillaboom|90\/100|[from] Grassy Terrain\n|upkeep\n|turn|2\n|\n|t:|1661656463\n|switch|p2a: Zapdos|Zapdos|100\/100\n|move|p1a: Corviknight|U-turn|p2a: Zapdos\n|-resisted|p2a: Zapdos\n|-damage|p2a: Zapdos|95\/100\n|\n|t:|1661656469\n|switch|p1a: Weavile|Weavile, F|100\/100|[from]move: U-turn\n|-ability|p1a: Weavile|Pressure\n|\n|upkeep\n|turn|3\n|\n|t:|1661656480\n|switch|p2a: Magnezone|Magnezone|100\/100\n|move|p1a: Weavile|Knock Off|p2a: Magnezone\n|-damage|p2a: Magnezone|57\/100\n|-enditem|p2a: Magnezone|Leftovers|[from] move: Knock Off|[of] p1a: Weavile\n|\n|-heal|p2a: Magnezone|63\/100|[from] Grassy Terrain\n|upkeep\n|turn|4\n|\n|t:|1661656492\n|switch|p1a: Slowking|Slowking-Galar, M|100\/100\n|switch|p2a: Rillaboom|Rillaboom, F|90\/100\n|\n|-heal|p2a: Rillaboom|96\/100|[from] Grassy Terrain\n|upkeep\n|turn|5\n|\n|t:|1661656499\n|switch|p1a: Corviknight|Corviknight, M|90\/100\n|-ability|p1a: Corviknight|Pressure\n|move|p2a: Rillaboom|U-turn|p1a: Corviknight\n|-resisted|p1a: Corviknight\n|-damage|p1a: Corviknight|85\/100\n|-damage|p2a: Rillaboom|79\/100|[from] item: Rocky Helmet|[of] p1a: Corviknight\n|\n|t:|1661656501\n|switch|p2a: Magnezone|Magnezone|63\/100|[from]move: U-turn\n|\n|-heal|p2a: Magnezone|69\/100|[from] Grassy Terrain\n|-fieldend|move: Grassy Terrain\n|upkeep\n|turn|6\n|\n|t:|1661656510\n|move|p2a: Magnezone|Thunderbolt|p1a: Corviknight\n|-supereffective|p1a: Corviknight\n|-damage|p1a: Corviknight|5\/100\n|move|p1a: Corviknight|U-turn|p2a: Magnezone\n|-resisted|p2a: Magnezone\n|-damage|p2a: Magnezone|62\/100\n|\n|t:|1661656515\n|switch|p1a: Landorus|Landorus-Therian, M|100\/100|[from]move: U-turn\n|-ability|p1a: Landorus|Intimidate|boost\n|-unboost|p2a: Magnezone|atk|1\n|\n|upkeep\n|turn|7\n|\n|t:|1661656520\n|switch|p2a: Zapdos|Zapdos|95\/100\n|move|p1a: Landorus|Toxic|p2a: Zapdos|[miss]\n|-miss|p1a: Landorus|p2a: Zapdos\n|\n|upkeep\n|turn|8\n|\n|t:|1661656526\n|switch|p2a: Blissey|Blissey, F|100\/100\n|move|p1a: Landorus|Stealth Rock|p2a: Blissey\n|-sidestart|p2: freezingjuice|move: Stealth Rock\n|\n|upkeep\n|turn|9\n|c|\u2606Not Sarcasm|of course\n|\n|t:|1661656531\n|move|p1a: Landorus|U-turn|p2a: Blissey\n|-damage|p2a: Blissey|81\/100\n|\n|t:|1661656534\n|switch|p1a: Zapdos|Zapdos-Galar|100\/100|[from]move: U-turn\n|move|p2a: Blissey|Stealth Rock|p1a: Zapdos\n|-sidestart|p1: Not Sarcasm|move: Stealth Rock\n|\n|upkeep\n|turn|10\n|\n|t:|1661656541\n|switch|p1a: Weavile|Weavile, F|100\/100\n|-ability|p1a: Weavile|Pressure\n|switch|p2a: Zapdos|Zapdos|95\/100\n|\n|upkeep\n|turn|11\n|\n|t:|1661656548\n|switch|p2a: Magnezone|Magnezone|62\/100\n|-damage|p2a: Magnezone|56\/100|[from] Stealth Rock\n|move|p1a: Weavile|Knock Off|p2a: Magnezone\n|-damage|p2a: Magnezone|30\/100\n|\n|upkeep\n|turn|12\n|\n|t:|1661656558\n|switch|p1a: Corviknight|Corviknight, M|5\/100\n|-damage|p1a: Corviknight|0 fnt|[from] Stealth Rock\n|faint|p1a: Corviknight\n|switch|p2a: Rillaboom|Rillaboom, F|79\/100\n|-damage|p2a: Rillaboom|67\/100|[from] Stealth Rock\n|-fieldstart|move: Grassy Terrain|[from] ability: Grassy Surge|[of] p2a: Rillaboom\n|\n|-heal|p2a: Rillaboom|73\/100|[from] Grassy Terrain\n|upkeep\n|c|\u2606Not Sarcasm|fucking bullshit\n|\n|t:|1661656571\n|switch|p1a: Zapdos|Zapdos-Galar|100\/100\n|-damage|p1a: Zapdos|88\/100|[from] Stealth Rock\n|turn|13\n|\n|t:|1661656577\n|switch|p1a: Weavile|Weavile, F|100\/100\n|-ability|p1a: Weavile|Pressure\n|switch|p2a: Zapdos|Zapdos|95\/100\n|\n|upkeep\n|turn|14\n|\n|t:|1661656584\n|switch|p2a: Magnezone|Magnezone|30\/100\n|-damage|p2a: Magnezone|24\/100|[from] Stealth Rock\n|move|p1a: Weavile|Swords Dance|p1a: Weavile\n|-boost|p1a: Weavile|atk|2\n|\n|-heal|p2a: Magnezone|30\/100|[from] Grassy Terrain\n|upkeep\n|turn|15\n|\n|t:|1661656590\n|move|p1a: Weavile|Knock Off|p2a: Magnezone\n|-damage|p2a: Magnezone|0 fnt\n|faint|p2a: Magnezone\n|\n|upkeep\n|\n|t:|1661656593\n|switch|p2a: Rillaboom|Rillaboom, F|73\/100\n|-damage|p2a: Rillaboom|61\/100|[from] Stealth Rock\n|turn|16\n|\n|t:|1661656597\n|move|p1a: Weavile|Ice Shard|p2a: Rillaboom\n|-supereffective|p2a: Rillaboom\n|-damage|p2a: Rillaboom|0 fnt\n|faint|p2a: Rillaboom\n|\n|-fieldend|move: Grassy Terrain\n|upkeep\n|\n|t:|1661656604\n|switch|p2a: Hawlucha|Hawlucha, M|100\/100\n|-damage|p2a: Hawlucha|88\/100|[from] Stealth Rock\n|turn|17\n|c|\u2606freezingjuice|gg\n|c|\u2606freezingjuice|i fucked up\n|\n|t:|1661656623\n|move|p1a: Weavile|Ice Shard|p2a: Hawlucha\n|-supereffective|p2a: Hawlucha\n|-damage|p2a: Hawlucha|0 fnt\n|faint|p2a: Hawlucha\n|\n|upkeep\n|\n|t:|1661656627\n|switch|p2a: Zapdos|Zapdos|95\/100\n|turn|18\n|c|\u2606Not Sarcasm|yes you do\n|\n|t:|1661656630\n|move|p1a: Weavile|Triple Axel|p2a: Zapdos\n|-supereffective|p2a: Zapdos\n|-damage|p2a: Zapdos|64\/100\n|-hitcount|p2a: Zapdos|1\n|move|p2a: Zapdos|Hurricane|p1a: Weavile\n|-damage|p1a: Weavile|38\/100\n|-start|p1a: Weavile|confusion\n|\n|upkeep\n|turn|19\n|c|\u2606freezingjuice|LOL\n|\n|t:|1661656641\n|-activate|p1a: Weavile|confusion\n|move|p1a: Weavile|Ice Shard|p2a: Zapdos\n|-supereffective|p2a: Zapdos\n|-damage|p2a: Zapdos|0 fnt\n|faint|p2a: Zapdos\n|\n|upkeep\n|\n|t:|1661656647\n|switch|p2a: Nihilego|Nihilego|100\/100\n|-damage|p2a: Nihilego|88\/100|[from] Stealth Rock\n|turn|20\n|\n|t:|1661656651\n|-activate|p1a: Weavile|confusion\n|move|p1a: Weavile|Knock Off|p2a: Nihilego\n|-damage|p2a: Nihilego|0 fnt\n|-enditem|p2a: Nihilego|Power Herb|[from] move: Knock Off|[of] p1a: Weavile\n|faint|p2a: Nihilego\n|\n|upkeep\n|\n|t:|1661656654\n|switch|p2a: Blissey|Blissey, F|81\/100\n|turn|21\n|\n|t:|1661656658\n|-end|p1a: Weavile|confusion\n|move|p1a: Weavile|Knock Off|p2a: Blissey\n|-damage|p2a: Blissey|0 fnt\n|-enditem|p2a: Blissey|Heavy-Duty Boots|[from] move: Knock Off|[of] p1a: Weavile\n|faint|p2a: Blissey\n|\n|win|Not Sarcasm\n|raw|Not Sarcasm's rating: 1500 &rarr; <strong>1518<\/strong><br \/>(+18 for winning)\n|raw|freezingjuice's rating: 1470 &rarr; <strong>1452<\/strong><br \/>(-18 for losing)\n|c|\u2606freezingjuice|gg\n|c|\u2606freezingjuice|catch you later\n|l|\u2606freezingjuice\n||Ladder isn't responding, score probably updated but might not have (Request timeout).\n","uploadtime":1661656561,"views":3,"p1id":"notsarcasm","p2id":"freezingjuice","formatid":"gen8ou","rating":1452,"private":0,"password":null}