{"id":"gen8ou-1631951801","p1":"ElStefano","p2":"chz21","format":"gen8ou","log":"|j|\u2606ElStefano\n|j|\u2606chz21\n|t:|1659602879\n|gametype|singles\n|player|p1|ElStefano|170|1693\n|player|p2|chz21|steven|1653\n|teamsize|p1|6\n|teamsize|p2|6\n|gen|8\n|tier|[Gen 8] OU\n|rated|\n|rule|Sleep Clause Mod: Limit one foe put to sleep\n|rule|Species Clause: Limit one of each Pok\u00e9mon\n|rule|OHKO Clause: OHKO moves are banned\n|rule|Evasion Items Clause: Evasion items are banned\n|rule|Evasion Moves Clause: Evasion moves are banned\n|rule|Endless Battle Clause: Forcing endless battles is banned\n|rule|HP Percentage Mod: HP is shown in percentages\n|rule|Dynamax Clause: You cannot dynamax\n|clearpoke\n|poke|p1|Pelipper, F|\n|poke|p1|Melmetal|\n|poke|p1|Tapu Bulu|\n|poke|p1|Zapdos|\n|poke|p1|Gastrodon, M|\n|poke|p1|Magnezone|\n|poke|p2|Tapu Koko|\n|poke|p2|Melmetal|\n|poke|p2|Tornadus-Therian, M|\n|poke|p2|Sceptile, F|\n|poke|p2|Volcanion|\n|poke|p2|Landorus-Therian, M|\n|teampreview\n|inactive|Battle timer is ON: inactive players will automatically lose when time's up. (requested by chz21)\n|\n|t:|1659602895\n|start\n|switch|p1a: Melmetal|Melmetal|100\/100\n|switch|p2a: Tapu Koko|Tapu Koko|100\/100\n|-fieldstart|move: Electric Terrain|[from] ability: Electric Surge|[of] p2a: Tapu Koko\n|turn|1\n|\n|t:|1659602904\n|move|p2a: Tapu Koko|Volt Switch|p1a: Melmetal\n|-damage|p1a: Melmetal|62\/100\n|\n|t:|1659602912\n|switch|p2a: Landorus|Landorus-Therian, M, shiny|100\/100|[from]move: Volt Switch\n|-ability|p2a: Landorus|Intimidate|boost\n|-unboost|p1a: Melmetal|atk|1\n|move|p1a: Melmetal|Toxic|p2a: Landorus\n|-status|p2a: Landorus|tox\n|\n|-heal|p1a: Melmetal|68\/100|[from] item: Leftovers\n|-damage|p2a: Landorus|94\/100 tox|[from] psn\n|upkeep\n|turn|2\n|\n|t:|1659602920\n|move|p1a: Melmetal|Protect|p1a: Melmetal\n|-singleturn|p1a: Melmetal|Protect\n|move|p2a: Landorus|Stealth Rock|p1a: Melmetal\n|-sidestart|p1: ElStefano|move: Stealth Rock\n|\n|-heal|p2a: Landorus|100\/100 tox|[from] item: Leftovers\n|-heal|p1a: Melmetal|74\/100|[from] item: Leftovers\n|-damage|p2a: Landorus|88\/100 tox|[from] psn\n|upkeep\n|turn|3\n|\n|t:|1659602926\n|switch|p1a: Zapdos|Zapdos|100\/100\n|move|p2a: Landorus|U-turn|p1a: Zapdos\n|-resisted|p1a: Zapdos\n|-damage|p1a: Zapdos|93\/100\n|\n|t:|1659602940\n|switch|p2a: Melmetal|Melmetal|100\/100|[from]move: U-turn\n|\n|upkeep\n|turn|4\n|\n|t:|1659602953\n|move|p1a: Zapdos|Defog|p2a: Melmetal\n|-unboost|p2a: Melmetal|evasion|1\n|-sideend|p1: ElStefano|Stealth Rock|[from] move: Defog|[of] p1a: Zapdos\n|-fieldend|move: Electric Terrain\n|move|p2a: Melmetal|Ice Punch|p1a: Zapdos\n|-supereffective|p1a: Zapdos\n|-damage|p1a: Zapdos|37\/100\n|-status|p1a: Zapdos|frz\n|-status|p2a: Melmetal|par|[from] ability: Static|[of] p1a: Zapdos\n|\n|upkeep\n|turn|5\n|\n|t:|1659602964\n|switch|p1a: Magnezone|Magnezone|100\/100\n|move|p2a: Melmetal|Double Iron Bash|p1a: Magnezone\n|-resisted|p1a: Magnezone\n|-damage|p1a: Magnezone|92\/100\n|-resisted|p1a: Magnezone\n|-damage|p1a: Magnezone|85\/100\n|-hitcount|p1a: Magnezone|2\n|\n|-heal|p1a: Magnezone|91\/100|[from] item: Leftovers\n|upkeep\n|turn|6\n|\n|t:|1659602971\n|switch|p1a: Tapu Bulu|Tapu Bulu|100\/100\n|-fieldstart|move: Grassy Terrain|[from] ability: Grassy Surge|[of] p1a: Tapu Bulu\n|move|p2a: Melmetal|Earthquake|p1a: Tapu Bulu\n|-resisted|p1a: Tapu Bulu\n|-damage|p1a: Tapu Bulu|91\/100\n|\n|-heal|p1a: Tapu Bulu|98\/100|[from] Grassy Terrain\n|upkeep\n|turn|7\n|\n|t:|1659602980\n|switch|p1a: Magnezone|Magnezone|91\/100\n|move|p2a: Melmetal|Double Iron Bash|p1a: Magnezone\n|-resisted|p1a: Magnezone\n|-damage|p1a: Magnezone|83\/100\n|-resisted|p1a: Magnezone\n|-damage|p1a: Magnezone|76\/100\n|-hitcount|p1a: Magnezone|2\n|\n|-heal|p1a: Magnezone|82\/100|[from] Grassy Terrain\n|-heal|p1a: Magnezone|89\/100|[from] item: Leftovers\n|upkeep\n|turn|8\n|\n|t:|1659602986\n|move|p1a: Magnezone|Iron Defense|p1a: Magnezone\n|-boost|p1a: Magnezone|def|2\n|move|p2a: Melmetal|Earthquake|p1a: Magnezone\n|-supereffective|p1a: Magnezone\n|-damage|p1a: Magnezone|58\/100\n|\n|-heal|p1a: Magnezone|64\/100|[from] Grassy Terrain\n|-heal|p1a: Magnezone|70\/100|[from] item: Leftovers\n|upkeep\n|turn|9\n|\n|t:|1659602996\n|move|p1a: Magnezone|Iron Defense|p1a: Magnezone\n|-boost|p1a: Magnezone|def|2\n|cant|p2a: Melmetal|par\n|\n|-heal|p1a: Magnezone|76\/100|[from] Grassy Terrain\n|-heal|p1a: Magnezone|82\/100|[from] item: Leftovers\n|upkeep\n|turn|10\n|\n|t:|1659603005\n|move|p1a: Magnezone|Substitute|p1a: Magnezone\n|-start|p1a: Magnezone|Substitute\n|-damage|p1a: Magnezone|57\/100\n|move|p2a: Melmetal|Earthquake|p1a: Magnezone\n|-supereffective|p1a: Magnezone\n|-activate|p1a: Magnezone|move: Substitute|[damage]\n|\n|-heal|p1a: Magnezone|64\/100|[from] Grassy Terrain\n|-heal|p1a: Magnezone|70\/100|[from] item: Leftovers\n|-fieldend|move: Grassy Terrain\n|upkeep\n|turn|11\n|\n|t:|1659603016\n|move|p1a: Magnezone|Iron Defense|p1a: Magnezone\n|-boost|p1a: Magnezone|def|2\n|cant|p2a: Melmetal|par\n|\n|-heal|p1a: Magnezone|76\/100|[from] item: Leftovers\n|upkeep\n|turn|12\n|\n|t:|1659603020\n|move|p1a: Magnezone|Body Press|p2a: Melmetal\n|-supereffective|p2a: Melmetal\n|-damage|p2a: Melmetal|0 fnt\n|faint|p2a: Melmetal\n|\n|-heal|p1a: Magnezone|82\/100|[from] item: Leftovers\n|upkeep\n|\n|t:|1659603036\n|switch|p2a: Tornadus|Tornadus-Therian, M|100\/100\n|turn|13\n|\n|t:|1659603042\n|move|p2a: Tornadus|Knock Off|p1a: Magnezone\n|-activate|p1a: Magnezone|move: Substitute|[damage]\n|move|p1a: Magnezone|Substitute|p1a: Magnezone\n|-fail|p1a: Magnezone|move: Substitute\n|\n|-heal|p1a: Magnezone|88\/100|[from] item: Leftovers\n|upkeep\n|turn|14\n|\n|t:|1659603049\n|move|p2a: Tornadus|Hurricane|p1a: Magnezone\n|-resisted|p1a: Magnezone\n|-end|p1a: Magnezone|Substitute\n|move|p1a: Magnezone|Substitute|p1a: Magnezone\n|-start|p1a: Magnezone|Substitute\n|-damage|p1a: Magnezone|63\/100\n|\n|-heal|p1a: Magnezone|69\/100|[from] item: Leftovers\n|upkeep\n|turn|15\n|\n|t:|1659603055\n|move|p2a: Tornadus|Hurricane|p1a: Magnezone\n|-resisted|p1a: Magnezone\n|-activate|p1a: Magnezone|move: Substitute|[damage]\n|move|p1a: Magnezone|Discharge|p2a: Tornadus\n|-supereffective|p2a: Tornadus\n|-damage|p2a: Tornadus|28\/100\n|-status|p2a: Tornadus|par\n|\n|-heal|p1a: Magnezone|75\/100|[from] item: Leftovers\n|upkeep\n|turn|16\n|\n|t:|1659603065\n|move|p1a: Magnezone|Discharge|p2a: Tornadus\n|-supereffective|p2a: Tornadus\n|-damage|p2a: Tornadus|0 fnt\n|faint|p2a: Tornadus\n|\n|-heal|p1a: Magnezone|82\/100|[from] item: Leftovers\n|upkeep\n|\n|t:|1659603073\n|switch|p2a: Landorus|Landorus-Therian, M, shiny|88\/100 tox\n|-ability|p2a: Landorus|Intimidate|boost\n|-immune|p1a: Magnezone\n|turn|17\n|\n|t:|1659603077\n|move|p2a: Landorus|Earthquake|p1a: Magnezone\n|-supereffective|p1a: Magnezone\n|-end|p1a: Magnezone|Substitute\n|move|p1a: Magnezone|Body Press|p2a: Landorus\n|-resisted|p2a: Landorus\n|-damage|p2a: Landorus|35\/100 tox\n|\n|-heal|p2a: Landorus|41\/100 tox|[from] item: Leftovers\n|-heal|p1a: Magnezone|88\/100|[from] item: Leftovers\n|-damage|p2a: Landorus|35\/100 tox|[from] psn\n|upkeep\n|turn|18\n|\n|t:|1659603092\n|move|p2a: Landorus|Earthquake|p1a: Magnezone\n|-supereffective|p1a: Magnezone\n|-damage|p1a: Magnezone|49\/100\n|move|p1a: Magnezone|Body Press|p2a: Landorus\n|-resisted|p2a: Landorus\n|-damage|p2a: Landorus|0 fnt\n|faint|p2a: Landorus\n|\n|-heal|p1a: Magnezone|55\/100|[from] item: Leftovers\n|upkeep\n|\n|t:|1659603100\n|switch|p2a: Volcanion|Volcanion|100\/100\n|turn|19\n|\n|t:|1659603105\n|switch|p1a: Gastrodon|Gastrodon, M|100\/100\n|move|p2a: Volcanion|Earth Power|p1a: Gastrodon\n|-damage|p1a: Gastrodon|70\/100\n|-unboost|p1a: Gastrodon|spd|1\n|\n|-heal|p1a: Gastrodon|76\/100|[from] item: Leftovers\n|upkeep\n|turn|20\n|\n|t:|1659603113\n|switch|p1a: Pelipper|Pelipper, F|100\/100\n|-weather|RainDance|[from] ability: Drizzle|[of] p1a: Pelipper\n|move|p2a: Volcanion|Earth Power|p1a: Pelipper\n|-immune|p1a: Pelipper\n|\n|-weather|RainDance|[upkeep]\n|upkeep\n|turn|21\n|\n|t:|1659603119\n|switch|p2a: Tapu Koko|Tapu Koko|100\/100\n|-fieldstart|move: Electric Terrain|[from] ability: Electric Surge|[of] p2a: Tapu Koko\n|move|p1a: Pelipper|Weather Ball|p2a: Tapu Koko\n|-damage|p2a: Tapu Koko|0 fnt\n|faint|p2a: Tapu Koko\n|\n|-weather|RainDance|[upkeep]\n|upkeep\n|\n|t:|1659603125\n|switch|p2a: Sceptile|Sceptile, F|100\/100\n|-enditem|p2a: Sceptile|Electric Seed\n|-boost|p2a: Sceptile|def|1|[from] item: Electric Seed\n|turn|22\n|\n|t:|1659603129\n|move|p2a: Sceptile|Swords Dance|p2a: Sceptile\n|-boost|p2a: Sceptile|atk|2\n|move|p1a: Pelipper|Weather Ball|p2a: Sceptile\n|-resisted|p2a: Sceptile\n|-crit|p2a: Sceptile\n|-damage|p2a: Sceptile|0 fnt\n|faint|p2a: Sceptile\n|\n|-weather|RainDance|[upkeep]\n|upkeep\n|-message|chz21 forfeited.\n|\n|win|ElStefano\n|raw|ElStefano's rating: 1693 &rarr; <strong>1711<\/strong><br \/>(+18 for winning)\n|raw|chz21's rating: 1653 &rarr; <strong>1635<\/strong><br \/>(-18 for losing)\n|l|\u2606chz21\n","uploadtime":1659603139,"views":28,"p1id":"elstefano","p2id":"chz21","formatid":"gen8ou","rating":1635,"private":0,"password":null}