{"id":"gen8nationaldexag-1114122974","p1":"Heavy is dead","p2":"BecauseIAmHere","format":"gen8nationaldexag","log":"|j|\u2606Heavy is dead\n|j|\u2606BecauseIAmHere\n|player|p1|Heavy is dead|plasmagrunt|1176\n|player|p2|BecauseIAmHere|unknownf|1174\n|teamsize|p1|6\n|teamsize|p2|6\n|gametype|singles\n|gen|8\n|tier|[Gen 8] National Dex AG\n|rated|\n|clearpoke\n|poke|p1|Blaziken, M|\n|poke|p1|Swampert, F|\n|poke|p1|Genesect-*|\n|poke|p1|Mimikyu, F|\n|poke|p1|Groudon|\n|poke|p1|Greninja, M|\n|poke|p2|Gardevoir, F|\n|poke|p2|Gliscor, M|\n|poke|p2|Toxapex, F|\n|poke|p2|Dragapult, M|\n|poke|p2|Greninja, M|\n|poke|p2|Cinderace, M|\n|rule|HP Percentage Mod: HP is shown in percentages\n|rule|Endless Battle Clause: Forcing endless battles is banned\n|teampreview\n|c|\u2606Heavy is dead|Hello\n|\n|start\n|switch|p1a: Genesect|Genesect-Douse, shiny|100\/100\n|switch|p2a: Dragapult|Dragapult, M, shiny|100\/100\n|-ability|p1a: Genesect|Download|boost\n|-boost|p1a: Genesect|atk|1\n|turn|1\n|\n|move|p2a: Dragapult|U-turn|p1a: Genesect\n|-resisted|p1a: Genesect\n|-damage|p1a: Genesect|79\/100\n|-damage|p2a: Dragapult|91\/100|[from] item: Life Orb\n|\n|switch|p2a: Cinderace|Cinderace, M, shiny|100\/100|[from]move: U-turn\n|move|p1a: Genesect|Ice Beam|p2a: Cinderace\n|-resisted|p2a: Cinderace\n|-damage|p2a: Cinderace|83\/100\n|\n|upkeep\n|turn|2\n|\n|move|p2a: Cinderace|Pyro Ball|p1a: Genesect\n|-supereffective|p1a: Genesect\n|-damage|p1a: Genesect|0 fnt\n|-damage|p2a: Cinderace|73\/100|[from] item: Life Orb\n|faint|p1a: Genesect\n|\n|upkeep\n|inactive|Battle timer is ON: inactive players will automatically lose when time's up. (requested by BecauseIAmHere)\n|\n|switch|p1a: Blaziken|Blaziken, M, shiny|100\/100\n|turn|3\n|\n|move|p2a: Cinderace|Bulk Up|p2a: Cinderace\n|-boost|p2a: Cinderace|atk|1\n|-boost|p2a: Cinderace|def|1\n|move|p1a: Blaziken|Bulk Up|p1a: Blaziken\n|-boost|p1a: Blaziken|atk|1\n|-boost|p1a: Blaziken|def|1\n|\n|-ability|p1a: Blaziken|Speed Boost|boost\n|-boost|p1a: Blaziken|spe|1\n|upkeep\n|turn|4\n|\n|move|p1a: Blaziken|Night Slash|p2a: Cinderace\n|-damage|p2a: Cinderace|40\/100\n|move|p2a: Cinderace|High Jump Kick|p1a: Blaziken\n|-damage|p1a: Blaziken|23\/100\n|-damage|p2a: Cinderace|30\/100|[from] item: Life Orb\n|\n|-ability|p1a: Blaziken|Speed Boost|boost\n|-boost|p1a: Blaziken|spe|1\n|upkeep\n|turn|5\n|\n|move|p2a: Cinderace|Sucker Punch|p1a: Blaziken\n|-resisted|p1a: Blaziken\n|-damage|p1a: Blaziken|1\/100\n|-damage|p2a: Cinderace|20\/100|[from] item: Life Orb\n|move|p1a: Blaziken|Night Slash|p2a: Cinderace\n|-damage|p2a: Cinderace|0 fnt\n|faint|p2a: Cinderace\n|\n|-ability|p1a: Blaziken|Speed Boost|boost\n|-boost|p1a: Blaziken|spe|1\n|upkeep\n|\n|switch|p2a: Dragapult|Dragapult, M, shiny|91\/100\n|turn|6\n|\n|move|p2a: Dragapult|Sucker Punch|p1a: Blaziken\n|-resisted|p1a: Blaziken\n|-damage|p1a: Blaziken|0 fnt\n|-damage|p2a: Dragapult|81\/100|[from] item: Life Orb\n|faint|p1a: Blaziken\n|\n|upkeep\n|\n|switch|p1a: Swampert|Swampert, F|100\/100\n|turn|7\n|\n|move|p2a: Dragapult|U-turn|p1a: Swampert\n|-damage|p1a: Swampert|71\/100\n|-damage|p2a: Dragapult|71\/100|[from] item: Life Orb\n|\n|switch|p2a: Sandglide|Gliscor, M, shiny|100\/100|[from]move: U-turn\n|move|p1a: Swampert|Avalanche|p2a: Sandglide\n|-supereffective|p2a: Sandglide\n|-damage|p2a: Sandglide|45\/100\n|\n|-status|p2a: Sandglide|tox|[from] item: Toxic Orb\n|upkeep\n|turn|8\n|\n|move|p2a: Sandglide|Roost|p2a: Sandglide\n|-heal|p2a: Sandglide|95\/100 tox\n|-singleturn|p2a: Sandglide|move: Roost\n|move|p1a: Swampert|Waterfall|p2a: Sandglide\n|-supereffective|p2a: Sandglide\n|-damage|p2a: Sandglide|35\/100 tox\n|\n|-heal|p2a: Sandglide|48\/100 tox|[from] ability: Poison Heal\n|upkeep\n|turn|9\n|\n|move|p2a: Sandglide|Earthquake|p1a: Swampert\n|-damage|p1a: Swampert|41\/100\n|move|p1a: Swampert|Rain Dance|p1a: Swampert\n|-weather|RainDance\n|\n|-weather|RainDance|[upkeep]\n|-heal|p2a: Sandglide|60\/100 tox|[from] ability: Poison Heal\n|upkeep\n|turn|10\n|\n|move|p2a: Sandglide|Toxic|p1a: Swampert\n|-status|p1a: Swampert|tox\n|move|p1a: Swampert|Waterfall|p2a: Sandglide\n|-supereffective|p2a: Sandglide\n|-damage|p2a: Sandglide|0 fnt\n|faint|p2a: Sandglide\n|\n|-weather|RainDance|[upkeep]\n|-damage|p1a: Swampert|35\/100 tox|[from] psn\n|upkeep\n|\n|switch|p2a: Greninja|Greninja, M, shiny|100\/100\n|turn|11\n|\n|move|p2a: Greninja|Dark Pulse|p1a: Swampert\n|-start|p2a: Greninja|typechange|Dark|[from] ability: Protean\n|-damage|p1a: Swampert|0 fnt\n|-damage|p2a: Greninja|91\/100|[from] item: Life Orb\n|faint|p1a: Swampert\n|\n|-weather|RainDance|[upkeep]\n|upkeep\n|\n|switch|p1a: Groudon|Groudon, shiny|100\/100\n|detailschange|p1a: Groudon|Groudon-Primal, shiny\n|-primal|p1a: Groudon\n|-weather|DesolateLand|[from] ability: Desolate Land|[of] p1a: Groudon\n|turn|12\n|\n|-start|p2a: Greninja|Dynamax\n|-heal|p2a: Greninja|91\/100|[silent]\n|move|p2a: Greninja|Max Darkness|p1a: Groudon\n|-damage|p1a: Groudon|33\/100\n|-unboost|p1a: Groudon|spd|1\n|-damage|p2a: Greninja|86\/100|[from] item: Life Orb\n|move|p1a: Groudon|Bulk Up|p1a: Groudon\n|-boost|p1a: Groudon|atk|1\n|-boost|p1a: Groudon|def|1\n|\n|-weather|DesolateLand|[upkeep]\n|upkeep\n|turn|13\n|\n|move|p2a: Greninja|Max Darkness|p1a: Groudon\n|-damage|p1a: Groudon|0 fnt\n|-damage|p2a: Greninja|81\/100|[from] item: Life Orb\n|faint|p1a: Groudon\n|-weather|none\n|\n|upkeep\n|-message|Heavy is dead forfeited.\n|\n|win|BecauseIAmHere\n|l|\u2606Heavy is dead\n","uploadtime":1589403314,"views":18,"p1id":"heavyisdead","p2id":"becauseiamhere","formatid":"gen8nationaldexag","rating":0,"private":0,"password":null}