{"id":"gen8monotyperandombattle-1375850516","p1":"Pokefreak77","p2":"Oxnp","format":"gen8monotyperandombattle","log":"|j|\u2606Pokefreak77\n|j|\u2606Oxnp\n|t:|1626144660\n|gametype|singles\n|player|p1|Pokefreak77|170|1441\n|player|p2|Oxnp|blue|1459\n|teamsize|p1|6\n|teamsize|p2|6\n|gen|8\n|tier|[Gen 8] Monotype Random Battle\n|rated|\n|rule|Same Type Clause: Pok\u00e9mon in a team must share a type\n|rule|HP Percentage Mod: HP is shown in percentages\n|rule|Sleep Clause Mod: Limit one foe put to sleep\n|\n|t:|1626144660\n|start\n|switch|p1a: Moltres|Moltres, L80|275\/275\n|switch|p2a: Wigglytuff|Wigglytuff, L90, M|398\/398\n|-item|p1a: Moltres|Heavy-Duty Boots|[from] ability: Frisk|[of] p2a: Wigglytuff|[identify]\n|turn|1\n|\n|t:|1626144677\n|move|p1a: Moltres|Fire Blast|p2a: Wigglytuff\n|-damage|p2a: Wigglytuff|211\/398\n|move|p2a: Wigglytuff|Stealth Rock|p1a: Moltres\n|-sidestart|p1: Pokefreak77|move: Stealth Rock\n|\n|upkeep\n|turn|2\n|\n|t:|1626144684\n|switch|p2a: Snorlax|Snorlax, L82, M|397\/397\n|move|p1a: Moltres|Defog|p2a: Snorlax\n|-unboost|p2a: Snorlax|evasion|1\n|-sideend|p1: Pokefreak77|Stealth Rock|[from] move: Defog|[of] p1a: Moltres\n|\n|upkeep\n|turn|3\n|\n|t:|1626144698\n|switch|p1a: Rotom|Rotom-Heat, L82|216\/216\n|move|p2a: Snorlax|Double-Edge|p1a: Rotom\n|-damage|p1a: Rotom|26\/216\n|-damage|p2a: Snorlax|334\/397|[from] Recoil\n|\n|upkeep\n|turn|4\n|\n|t:|1626144703\n|switch|p2a: Wigglytuff|Wigglytuff, L90, M|211\/398\n|-item|p1a: Rotom|Heavy-Duty Boots|[from] ability: Frisk|[of] p2a: Wigglytuff|[identify]\n|move|p1a: Rotom|Will-O-Wisp|p2a: Wigglytuff\n|-status|p2a: Wigglytuff|brn\n|\n|-damage|p2a: Wigglytuff|187\/398 brn|[from] brn\n|upkeep\n|turn|5\n|\n|t:|1626144707\n|move|p1a: Rotom|Volt Switch|p2a: Wigglytuff\n|-damage|p2a: Wigglytuff|87\/398 brn\n|\n|t:|1626144711\n|switch|p1a: Moltres|Moltres, L80|275\/275\n|move|p2a: Wigglytuff|Light Screen|p2a: Wigglytuff\n|-sidestart|p2: Oxnp|move: Light Screen\n|\n|-damage|p2a: Wigglytuff|63\/398 brn|[from] brn\n|upkeep\n|turn|6\n|\n|t:|1626144715\n|switch|p2a: Heliolisk|Heliolisk, L82, M|236\/236\n|move|p1a: Moltres|Defog|p2a: Heliolisk\n|-unboost|p2a: Heliolisk|evasion|1\n|-sideend|p2: Oxnp|move: Light Screen\n|\n|upkeep\n|turn|7\n|\n|t:|1626144723\n|move|p2a: Heliolisk|Surf|p1a: Moltres\n|-supereffective|p1a: Moltres\n|-damage|p1a: Moltres|49\/275\n|move|p1a: Moltres|Fire Blast|p2a: Heliolisk\n|-damage|p2a: Heliolisk|77\/236\n|\n|upkeep\n|turn|8\n|\n|t:|1626144738\n|switch|p1a: Rotom|Rotom-Heat, L82|26\/216\n|move|p2a: Heliolisk|Surf|p1a: Rotom\n|-supereffective|p1a: Rotom\n|-damage|p1a: Rotom|0 fnt\n|faint|p1a: Rotom\n|\n|upkeep\n|\n|t:|1626144756\n|switch|p1a: Rapidash|Rapidash, L84, F|246\/246\n|turn|9\n|\n|t:|1626144761\n|switch|p2a: Wigglytuff|Wigglytuff, L90, M|63\/398 brn\n|-item|p1a: Rapidash|Leftovers|[from] ability: Frisk|[of] p2a: Wigglytuff|[identify]\n|move|p1a: Rapidash|Flare Blitz|p2a: Wigglytuff\n|-damage|p2a: Wigglytuff|0 fnt\n|faint|p2a: Wigglytuff\n|-damage|p1a: Rapidash|225\/246|[from] Recoil\n|\n|-heal|p1a: Rapidash|240\/246|[from] item: Leftovers\n|upkeep\n|\n|t:|1626144770\n|switch|p2a: Kangaskhan|Kangaskhan, L84, F|314\/314\n|turn|10\n|\n|t:|1626144775\n|move|p1a: Rapidash|Will-O-Wisp|p2a: Kangaskhan\n|-status|p2a: Kangaskhan|brn\n|move|p2a: Kangaskhan|Earthquake|p1a: Rapidash\n|-supereffective|p1a: Rapidash\n|-damage|p1a: Rapidash|159\/246\n|\n|-heal|p1a: Rapidash|174\/246|[from] item: Leftovers\n|-damage|p2a: Kangaskhan|295\/314 brn|[from] brn\n|upkeep\n|turn|11\n|\n|t:|1626144785\n|move|p1a: Rapidash|Morning Sun|p1a: Rapidash\n|-heal|p1a: Rapidash|246\/246\n|move|p2a: Kangaskhan|Double-Edge|p1a: Rapidash\n|-damage|p1a: Rapidash|179\/246\n|-damage|p2a: Kangaskhan|273\/314 brn|[from] Recoil\n|\n|-heal|p1a: Rapidash|194\/246|[from] item: Leftovers\n|-damage|p2a: Kangaskhan|254\/314 brn|[from] brn\n|upkeep\n|turn|12\n|inactive|Battle timer is ON: inactive players will automatically lose when time's up. (requested by Oxnp)\n|\n|t:|1626144812\n|switch|p1a: Moltres|Moltres, L80|49\/275\n|move|p2a: Kangaskhan|Earthquake|p1a: Moltres\n|-immune|p1a: Moltres\n|\n|-damage|p2a: Kangaskhan|235\/314 brn|[from] brn\n|upkeep\n|turn|13\n|\n|t:|1626144820\n|switch|p2a: Snorlax|Snorlax, L82, M|334\/397\n|move|p1a: Moltres|Roost|p1a: Moltres\n|-heal|p1a: Moltres|187\/275\n|-singleturn|p1a: Moltres|move: Roost\n|\n|upkeep\n|turn|14\n|\n|t:|1626144829\n|move|p1a: Moltres|Roost|p1a: Moltres\n|-heal|p1a: Moltres|275\/275\n|-singleturn|p1a: Moltres|move: Roost\n|move|p2a: Snorlax|Double-Edge|p1a: Moltres\n|-damage|p1a: Moltres|88\/275\n|-damage|p2a: Snorlax|272\/397|[from] Recoil\n|\n|upkeep\n|turn|15\n|\n|t:|1626144833\n|switch|p1a: Chandelure|Chandelure, L82, F|233\/233\n|move|p2a: Snorlax|Double-Edge|p1a: Chandelure\n|-immune|p1a: Chandelure\n|\n|upkeep\n|turn|16\n|\n|t:|1626144840\n|switch|p2a: Noctowl|Noctowl, L88, F|319\/319\n|move|p1a: Chandelure|Substitute|p1a: Chandelure\n|-start|p1a: Chandelure|Substitute\n|-damage|p1a: Chandelure|175\/233\n|\n|-heal|p1a: Chandelure|189\/233|[from] item: Leftovers\n|upkeep\n|turn|17\n|\n|t:|1626144845\n|move|p1a: Chandelure|Calm Mind|p1a: Chandelure\n|-boost|p1a: Chandelure|spa|1\n|-boost|p1a: Chandelure|spd|1\n|move|p2a: Noctowl|Hurricane|p1a: Chandelure|[miss]\n|-miss|p2a: Noctowl|p1a: Chandelure\n|\n|-heal|p1a: Chandelure|203\/233|[from] item: Leftovers\n|upkeep\n|turn|18\n|\n|t:|1626144848\n|move|p1a: Chandelure|Calm Mind|p1a: Chandelure\n|-boost|p1a: Chandelure|spa|1\n|-boost|p1a: Chandelure|spd|1\n|move|p2a: Noctowl|Hurricane|p1a: Chandelure\n|-end|p1a: Chandelure|Substitute\n|\n|-heal|p1a: Chandelure|217\/233|[from] item: Leftovers\n|upkeep\n|turn|19\n|\n|t:|1626144853\n|switch|p2a: Snorlax|Snorlax, L82, M|272\/397\n|move|p1a: Chandelure|Substitute|p1a: Chandelure\n|-start|p1a: Chandelure|Substitute\n|-damage|p1a: Chandelure|159\/233\n|\n|-heal|p1a: Chandelure|173\/233|[from] item: Leftovers\n|upkeep\n|turn|20\n|\n|t:|1626144860\n|move|p1a: Chandelure|Fire Blast|p2a: Snorlax\n|-damage|p2a: Snorlax|143\/397\n|move|p2a: Snorlax|Darkest Lariat|p1a: Chandelure\n|-supereffective|p1a: Chandelure\n|-end|p1a: Chandelure|Substitute\n|\n|-heal|p1a: Chandelure|187\/233|[from] item: Leftovers\n|upkeep\n|turn|21\n|\n|t:|1626144871\n|switch|p1a: Coalossal|Coalossal, L86, M|329\/329\n|-item|p1a: Coalossal|Air Balloon\n|move|p2a: Snorlax|Darkest Lariat|p1a: Coalossal\n|-damage|p1a: Coalossal|256\/329\n|-enditem|p1a: Coalossal|Air Balloon\n|\n|upkeep\n|turn|22\n|\n|t:|1626144877\n|switch|p2a: Bewear|Bewear, L82, M|331\/331\n|move|p1a: Coalossal|Stealth Rock|p2a: Bewear\n|-sidestart|p2: Oxnp|move: Stealth Rock\n|\n|upkeep\n|turn|23\n|\n|t:|1626144883\n|move|p2a: Bewear|Close Combat|p1a: Coalossal\n|-supereffective|p1a: Coalossal\n|-damage|p1a: Coalossal|0 fnt\n|-unboost|p2a: Bewear|def|1\n|-unboost|p2a: Bewear|spd|1\n|faint|p1a: Coalossal\n|-damage|p2a: Bewear|298\/331|[from] item: Life Orb\n|\n|upkeep\n|inactive|Pokefreak77 has 120 seconds left.\n|\n|t:|1626144917\n|switch|p1a: Darmanitan|Darmanitan, L80, M|299\/299\n|turn|24\n|\n|t:|1626144921\n|-start|p1a: Darmanitan|Dynamax\n|-heal|p1a: Darmanitan|598\/598|[silent]\n|move|p1a: Darmanitan|Max Flare|p2a: Bewear\n|-damage|p2a: Bewear|0 fnt\n|-weather|SunnyDay\n|faint|p2a: Bewear\n|-damage|p1a: Darmanitan|569\/598|[from] item: Life Orb\n|\n|-weather|SunnyDay|[upkeep]\n|upkeep\n|\n|t:|1626144928\n|switch|p2a: Kangaskhan|Kangaskhan, L84, F|235\/314 brn\n|-damage|p2a: Kangaskhan|196\/314 brn|[from] Stealth Rock\n|turn|25\n|\n|t:|1626144934\n|move|p2a: Kangaskhan|Earthquake|p1a: Darmanitan\n|-supereffective|p1a: Darmanitan\n|-damage|p1a: Darmanitan|463\/598\n|move|p1a: Darmanitan|Max Knuckle|p2a: Kangaskhan\n|-supereffective|p2a: Kangaskhan\n|-crit|p2a: Kangaskhan\n|-damage|p2a: Kangaskhan|0 fnt\n|-boost|p1a: Darmanitan|atk|1\n|faint|p2a: Kangaskhan\n|-damage|p1a: Darmanitan|434\/598|[from] item: Life Orb\n|\n|-weather|SunnyDay|[upkeep]\n|upkeep\n|\n|t:|1626144938\n|switch|p2a: Snorlax|Snorlax, L82, M|143\/397\n|-damage|p2a: Snorlax|94\/397|[from] Stealth Rock\n|turn|26\n|\n|t:|1626144944\n|move|p1a: Darmanitan|Max Knuckle|p2a: Snorlax\n|-supereffective|p2a: Snorlax\n|-damage|p2a: Snorlax|0 fnt\n|-boost|p1a: Darmanitan|atk|1\n|faint|p2a: Snorlax\n|-damage|p1a: Darmanitan|405\/598|[from] item: Life Orb\n|\n|-weather|SunnyDay|[upkeep]\n|-end|p1a: Darmanitan|Dynamax\n|-heal|p1a: Darmanitan|203\/299|[silent]\n|upkeep\n|\n|t:|1626144947\n|switch|p2a: Heliolisk|Heliolisk, L82, M|77\/236\n|-damage|p2a: Heliolisk|48\/236|[from] Stealth Rock\n|turn|27\n|\n|t:|1626144952\n|move|p2a: Heliolisk|Thunderbolt|p1a: Darmanitan\n|-damage|p1a: Darmanitan|0 fnt\n|faint|p1a: Darmanitan\n|\n|-weather|SunnyDay|[upkeep]\n|-damage|p2a: Heliolisk|19\/236|[from] ability: Dry Skin|[of] p2a: Heliolisk\n|upkeep\n|\n|t:|1626144968\n|switch|p1a: Rapidash|Rapidash, L84, F|194\/246\n|turn|28\n|\n|t:|1626144976\n|move|p2a: Heliolisk|Thunderbolt|p1a: Rapidash\n|-damage|p1a: Rapidash|49\/246\n|move|p1a: Rapidash|Flare Blitz|p2a: Heliolisk\n|-damage|p2a: Heliolisk|0 fnt\n|faint|p2a: Heliolisk\n|-damage|p1a: Rapidash|43\/246|[from] Recoil\n|\n|-weather|none\n|-heal|p1a: Rapidash|58\/246|[from] item: Leftovers\n|upkeep\n|\n|t:|1626144979\n|switch|p2a: Noctowl|Noctowl, L88, F|319\/319\n|turn|29\n|\n|t:|1626144982\n|switch|p1a: Chandelure|Chandelure, L82, F|187\/233\n|-start|p2a: Noctowl|Dynamax\n|-heal|p2a: Noctowl|638\/638|[silent]\n|move|p2a: Noctowl|Max Airstream|p1a: Chandelure\n|-damage|p1a: Chandelure|37\/233\n|-boost|p2a: Noctowl|spe|1\n|\n|-heal|p1a: Chandelure|51\/233|[from] item: Leftovers\n|upkeep\n|turn|30\n|-message|Pokefreak77 forfeited.\n|\n|win|Oxnp\n|raw|Pokefreak77's rating: 1441 &rarr; <strong>1422<\/strong><br \/>(-19 for losing)\n|raw|Oxnp's rating: 1459 &rarr; <strong>1478<\/strong><br \/>(+19 for winning)\n|l|\u2606Pokefreak77\n","inputlog":">version fa325f5743fcc859344e769f811df3c36cc986c3\n>start {\"formatid\":\"gen8monotyperandombattle\",\"seed\":[58362,13382,48231,41489],\"rated\":\"Rated battle\"}\n>player p1 {\"name\":\"Pokefreak77\",\"avatar\":\"170\",\"rating\":1441,\"seed\":[52343,52927,1812,36263]}\n>player p2 {\"name\":\"Oxnp\",\"avatar\":\"blue\",\"rating\":1459,\"seed\":[60601,27269,22187,9272]}\n>p1 move fireblast\n>p2 move stealthrock\n>p1 move defog\n>p2 switch 3\n>p1 switch 3\n>p2 move doubleedge\n>p1 move willowisp\n>p2 switch 3\n>p1 move voltswitch\n>p2 move lightscreen\n>p1 switch 3\n>p1 move defog\n>p2 switch 4\n>p1 move fireblast\n>p2 move surf\n>p1 switch 3\n>p2 move surf\n>p1 switch 2\n>p1 move flareblitz\n>p2 switch 4\n>p2 switch 2\n>p1 move willowisp\n>p2 move earthquake\n>p1 move morningsun\n>p2 move doubleedge\n>p1 switch 3\n>p2 move earthquake\n>p1 move roost\n>p2 switch 3\n>p1 move roost\n>p2 move doubleedge\n>p1 switch 5\n>p2 move doubleedge\n>p1 move substitute\n>p2 switch 5\n>p1 move calmmind\n>p2 move hurricane\n>p1 move calmmind\n>p2 move hurricane\n>p1 move substitute\n>p2 switch 5\n>p1 move fireblast\n>p2 move darkestlariat\n>p1 switch 6\n>p2 move darkestlariat\n>p1 move stealthrock\n>p2 switch 6\n>p1 move willowisp\n>p2 move closecombat\n>p1 switch 4\n>p1 move flareblitz dynamax\n>p2 move doubleedge\n>p2 switch 3\n>p1 move superpower dynamax\n>p2 move earthquake\n>p2 switch 6\n>p1 move superpower dynamax\n>p2 move earthquake\n>p2 switch 4\n>p1 move flareblitz\n>p2 move thunderbolt\n>p1 switch 3\n>p1 move flareblitz\n>p2 move thunderbolt\n>p2 switch 5\n>p1 switch 6\n>p2 move hurricane dynamax\n>forcelose p1","uploadtime":1626144994,"views":0,"p1id":"pokefreak77","p2id":"oxnp","formatid":"gen8monotyperandombattle","rating":1422,"private":0,"password":null}