{"id":"gen8ou-1701552656","p1":"minimax_ai","p2":"reionatro","format":"gen8ou","log":"|j|\u2606minimax_ai\n|j|\u2606reionatro\n|t:|1667461471\n|gametype|singles\n|player|p1|minimax_ai|lusamine-nihilego|1670\n|player|p2|reionatro|1|1925\n|teamsize|p1|6\n|teamsize|p2|6\n|gen|8\n|tier|[Gen 8] OU\n|rated|\n|rule|Sleep Clause Mod: Limit one foe put to sleep\n|rule|Species Clause: Limit one of each Pok\u00e9mon\n|rule|OHKO Clause: OHKO moves are banned\n|rule|Evasion Items Clause: Evasion items are banned\n|rule|Evasion Moves Clause: Evasion moves are banned\n|rule|Endless Battle Clause: Forcing endless battles is banned\n|rule|HP Percentage Mod: HP is shown in percentages\n|rule|Dynamax Clause: You cannot dynamax\n|clearpoke\n|poke|p1|Rotom-Wash|\n|poke|p1|Weavile, F|\n|poke|p1|Landorus-Therian, M|\n|poke|p1|Heatran, M|\n|poke|p1|Tangrowth, M|\n|poke|p1|Melmetal|\n|poke|p2|Landorus-Therian, M|\n|poke|p2|Melmetal|\n|poke|p2|Rillaboom, M|\n|poke|p2|Tapu Koko|\n|poke|p2|Urshifu-*, M|\n|poke|p2|Zapdos|\n|teampreview\n|c|\u2606minimax_ai|hf\n|inactive|Battle timer is ON: inactive players will automatically lose when time's up. (requested by minimax_ai)\n|c|\u2606reionatro|u2\n|\n|t:|1667461491\n|start\n|switch|p1a: landorustherian|Landorus-Therian, M|100\/100\n|switch|p2a: Tapu Koko|Tapu Koko|100\/100\n|-fieldstart|move: Electric Terrain|[from] ability: Electric Surge|[of] p2a: Tapu Koko\n|-ability|p1a: landorustherian|Intimidate|boost\n|-unboost|p2a: Tapu Koko|atk|1\n|turn|1\n|\n|t:|1667461498\n|switch|p2a: Landorus|Landorus-Therian, M|100\/100\n|-ability|p2a: Landorus|Intimidate|boost\n|-unboost|p1a: landorustherian|atk|1\n|move|p1a: landorustherian|Toxic|p2a: Landorus\n|-status|p2a: Landorus|tox\n|\n|-damage|p2a: Landorus|94\/100 tox|[from] psn\n|upkeep\n|turn|2\n|\n|t:|1667461500\n|switch|p1a: Tangrowth|Tangrowth, M|100\/100\n|move|p2a: Landorus|Stealth Rock|p1a: Tangrowth\n|-sidestart|p1: minimax_ai|move: Stealth Rock\n|\n|-heal|p2a: Landorus|100\/100 tox|[from] item: Leftovers\n|-damage|p2a: Landorus|88\/100 tox|[from] psn\n|upkeep\n|turn|3\n|\n|t:|1667461505\n|move|p2a: Landorus|Knock Off|p1a: Tangrowth\n|-damage|p1a: Tangrowth|83\/100\n|-damage|p2a: Landorus|72\/100 tox|[from] item: Rocky Helmet|[of] p1a: Tangrowth\n|-enditem|p1a: Tangrowth|Rocky Helmet|[from] move: Knock Off|[of] p2a: Landorus\n|move|p1a: Tangrowth|Knock Off|p2a: Landorus\n|-damage|p2a: Landorus|48\/100 tox\n|-enditem|p2a: Landorus|Leftovers|[from] move: Knock Off|[of] p1a: Tangrowth\n|\n|-damage|p2a: Landorus|30\/100 tox|[from] psn\n|upkeep\n|turn|4\n|\n|t:|1667461511\n|move|p2a: Landorus|U-turn|p1a: Tangrowth\n|-supereffective|p1a: Tangrowth\n|-damage|p1a: Tangrowth|60\/100\n|\n|t:|1667461513\n|switch|p2a: Melmetal|Melmetal, shiny|100\/100|[from]move: U-turn\n|move|p1a: Tangrowth|Giga Drain|p2a: Melmetal\n|-resisted|p2a: Melmetal\n|-damage|p2a: Melmetal|88\/100\n|-heal|p1a: Tangrowth|66\/100|[from] drain|[of] p2a: Melmetal\n|\n|-heal|p2a: Melmetal|94\/100|[from] item: Leftovers\n|upkeep\n|turn|5\n|inactive|reionatro has 120 seconds left.\n|\n|t:|1667461559\n|switch|p1a: rotomwash|Rotom-Wash|100\/100\n|-damage|p1a: rotomwash|88\/100|[from] Stealth Rock\n|move|p2a: Melmetal|Double Iron Bash|p1a: rotomwash\n|-resisted|p1a: rotomwash\n|-damage|p1a: rotomwash|77\/100\n|-resisted|p1a: rotomwash\n|-damage|p1a: rotomwash|66\/100\n|-hitcount|p1a: rotomwash|2\n|\n|-heal|p1a: rotomwash|73\/100|[from] item: Leftovers\n|-heal|p2a: Melmetal|99\/100|[from] item: Leftovers\n|-fieldend|move: Electric Terrain\n|upkeep\n|turn|6\n|\n|t:|1667461562\n|move|p1a: rotomwash|Thunderbolt|p2a: Melmetal\n|-damage|p2a: Melmetal|69\/100\n|move|p2a: Melmetal|Toxic|p1a: rotomwash|[miss]\n|-miss|p2a: Melmetal|p1a: rotomwash\n|\n|-heal|p1a: rotomwash|79\/100|[from] item: Leftovers\n|-heal|p2a: Melmetal|75\/100|[from] item: Leftovers\n|upkeep\n|turn|7\n|\n|t:|1667461565\n|move|p1a: rotomwash|Thunderbolt|p2a: Melmetal\n|-damage|p2a: Melmetal|45\/100\n|move|p2a: Melmetal|Toxic|p1a: rotomwash\n|-status|p1a: rotomwash|tox\n|\n|-heal|p1a: rotomwash|85\/100 tox|[from] item: Leftovers\n|-heal|p2a: Melmetal|51\/100|[from] item: Leftovers\n|-damage|p1a: rotomwash|79\/100 tox|[from] psn\n|upkeep\n|turn|8\n|\n|t:|1667461567\n|move|p2a: Melmetal|Protect|p2a: Melmetal\n|-singleturn|p2a: Melmetal|Protect\n|move|p1a: rotomwash|Thunderbolt|p2a: Melmetal\n|-activate|p2a: Melmetal|move: Protect\n|\n|-heal|p1a: rotomwash|85\/100 tox|[from] item: Leftovers\n|-heal|p2a: Melmetal|57\/100|[from] item: Leftovers\n|-damage|p1a: rotomwash|73\/100 tox|[from] psn\n|upkeep\n|turn|9\n|\n|t:|1667461569\n|switch|p2a: Rillaboom|Rillaboom, M|100\/100\n|-fieldstart|move: Grassy Terrain|[from] ability: Grassy Surge|[of] p2a: Rillaboom\n|move|p1a: rotomwash|Thunderbolt|p2a: Rillaboom\n|-resisted|p2a: Rillaboom\n|-damage|p2a: Rillaboom|80\/100\n|\n|-heal|p1a: rotomwash|79\/100 tox|[from] item: Leftovers\n|-heal|p2a: Rillaboom|86\/100|[from] Grassy Terrain\n|-heal|p2a: Rillaboom|92\/100|[from] item: Leftovers\n|-damage|p1a: rotomwash|60\/100 tox|[from] psn\n|upkeep\n|turn|10\n|\n|t:|1667461573\n|switch|p1a: Tangrowth|Tangrowth, M|99\/100\n|-damage|p1a: Tangrowth|87\/100|[from] Stealth Rock\n|move|p2a: Rillaboom|Knock Off|p1a: Tangrowth\n|-damage|p1a: Tangrowth|75\/100\n|\n|-heal|p2a: Rillaboom|98\/100|[from] Grassy Terrain\n|-heal|p2a: Rillaboom|100\/100|[from] item: Leftovers\n|-heal|p1a: Tangrowth|81\/100|[from] Grassy Terrain\n|upkeep\n|turn|11\n|\n|t:|1667461599\n|switch|p2a: Zapdos|Zapdos, shiny|100\/100\n|move|p1a: Tangrowth|Giga Drain|p2a: Zapdos\n|-resisted|p2a: Zapdos\n|-damage|p2a: Zapdos|82\/100\n|-heal|p1a: Tangrowth|90\/100|[from] drain|[of] p2a: Zapdos\n|\n|-heal|p1a: Tangrowth|96\/100|[from] Grassy Terrain\n|upkeep\n|turn|12\n|\n|t:|1667461602\n|switch|p1a: landorustherian|Landorus-Therian, M|100\/100\n|-damage|p1a: landorustherian|88\/100|[from] Stealth Rock\n|-ability|p1a: landorustherian|Intimidate|boost\n|-unboost|p2a: Zapdos|atk|1\n|move|p2a: Zapdos|Hurricane|p1a: landorustherian|[miss]\n|-miss|p2a: Zapdos|p1a: landorustherian\n|\n|-heal|p1a: landorustherian|94\/100|[from] item: Leftovers\n|upkeep\n|turn|13\n|\n|t:|1667461608\n|switch|p2a: Landorus|Landorus-Therian, M|30\/100 tox\n|-ability|p2a: Landorus|Intimidate|boost\n|-unboost|p1a: landorustherian|atk|1\n|move|p1a: landorustherian|Defog|p2a: Landorus\n|-unboost|p2a: Landorus|evasion|1\n|-sideend|p1: minimax_ai|Stealth Rock|[from] move: Defog|[of] p1a: landorustherian\n|-fieldend|move: Grassy Terrain\n|\n|-heal|p1a: landorustherian|99\/100|[from] item: Leftovers\n|-damage|p2a: Landorus|24\/100 tox|[from] psn\n|upkeep\n|turn|14\n|\n|t:|1667461611\n|move|p2a: Landorus|Stealth Rock|p1a: landorustherian\n|-sidestart|p1: minimax_ai|move: Stealth Rock\n|move|p1a: landorustherian|Earthquake|p2a: Landorus\n|-immune|p2a: Landorus\n|\n|-heal|p1a: landorustherian|100\/100|[from] item: Leftovers\n|-damage|p2a: Landorus|12\/100 tox|[from] psn\n|upkeep\n|turn|15\n|\n|t:|1667461621\n|move|p2a: Landorus|U-turn|p1a: landorustherian\n|-resisted|p1a: landorustherian\n|-damage|p1a: landorustherian|89\/100\n|\n|t:|1667461631\n|switch|p2a: Urshifu|Urshifu-Rapid-Strike, M|100\/100|[from]move: U-turn\n|move|p1a: landorustherian|Defog|p2a: Urshifu\n|-unboost|p2a: Urshifu|evasion|1\n|-sideend|p1: minimax_ai|Stealth Rock|[from] move: Defog|[of] p1a: landorustherian\n|\n|-heal|p1a: landorustherian|95\/100|[from] item: Leftovers\n|upkeep\n|turn|16\n|\n|t:|1667461635\n|switch|p2a: Zapdos|Zapdos, shiny|82\/100\n|switch|p1a: Tangrowth|Tangrowth, M|100\/100\n|\n|upkeep\n|turn|17\n|\n|t:|1667461637\n|switch|p1a: landorustherian|Landorus-Therian, M|95\/100\n|-ability|p1a: landorustherian|Intimidate|boost\n|-unboost|p2a: Zapdos|atk|1\n|move|p2a: Zapdos|Hurricane|p1a: landorustherian|[miss]\n|-miss|p2a: Zapdos|p1a: landorustherian\n|\n|-heal|p1a: landorustherian|100\/100|[from] item: Leftovers\n|upkeep\n|turn|18\n|\n|t:|1667461650\n|switch|p2a: Urshifu|Urshifu-Rapid-Strike, M|100\/100\n|move|p1a: landorustherian|Toxic|p2a: Urshifu\n|-status|p2a: Urshifu|tox\n|\n|-damage|p2a: Urshifu|94\/100 tox|[from] psn\n|upkeep\n|turn|19\n|\n|t:|1667461652\n|switch|p2a: Zapdos|Zapdos, shiny|82\/100\n|switch|p1a: Tangrowth|Tangrowth, M|100\/100\n|\n|upkeep\n|turn|20\n|\n|t:|1667461654\n|switch|p1a: landorustherian|Landorus-Therian, M|100\/100\n|-ability|p1a: landorustherian|Intimidate|boost\n|-unboost|p2a: Zapdos|atk|1\n|move|p2a: Zapdos|Hurricane|p1a: landorustherian|[miss]\n|-miss|p2a: Zapdos|p1a: landorustherian\n|\n|upkeep\n|turn|21\n|c|\u2606reionatro|lmao\n|\n|t:|1667461668\n|switch|p2a: Urshifu|Urshifu-Rapid-Strike, M|94\/100 tox\n|move|p1a: landorustherian|U-turn|p2a: Urshifu\n|-resisted|p2a: Urshifu\n|-damage|p2a: Urshifu|83\/100 tox\n|\n|t:|1667461668\n|switch|p1a: rotomwash|Rotom-Wash|60\/100 tox|[from]move: U-turn\n|\n|-heal|p1a: rotomwash|66\/100 tox|[from] item: Leftovers\n|-damage|p2a: Urshifu|76\/100 tox|[from] psn\n|-damage|p1a: rotomwash|60\/100 tox|[from] psn\n|upkeep\n|turn|22\n|\n|t:|1667461686\n|switch|p1a: Tangrowth|Tangrowth, M|100\/100\n|move|p2a: Urshifu|Close Combat|p1a: Tangrowth\n|-damage|p1a: Tangrowth|62\/100\n|-unboost|p2a: Urshifu|def|1\n|-unboost|p2a: Urshifu|spd|1\n|\n|-damage|p2a: Urshifu|64\/100 tox|[from] psn\n|upkeep\n|turn|23\n|\n|t:|1667461690\n|switch|p2a: Zapdos|Zapdos, shiny|82\/100\n|move|p1a: Tangrowth|Giga Drain|p2a: Zapdos\n|-resisted|p2a: Zapdos\n|-damage|p2a: Zapdos|69\/100\n|-heal|p1a: Tangrowth|68\/100|[from] drain|[of] p2a: Zapdos\n|\n|upkeep\n|turn|24\n|\n|t:|1667461695\n|switch|p1a: Melmetal|Melmetal|100\/100\n|move|p2a: Zapdos|Hurricane|p1a: Melmetal\n|-resisted|p1a: Melmetal\n|-damage|p1a: Melmetal|89\/100\n|-start|p1a: Melmetal|confusion\n|\n|upkeep\n|turn|25\n|\n|t:|1667461723\n|move|p2a: Zapdos|Roost|p2a: Zapdos\n|-heal|p2a: Zapdos|100\/100\n|-singleturn|p2a: Zapdos|move: Roost\n|-activate|p1a: Melmetal|confusion\n|-damage|p1a: Melmetal|81\/100|[from] confusion\n|\n|upkeep\n|turn|26\n|j| StalledAFdude\n|inactive|reionatro has 120 seconds left.\n|\n|t:|1667461743\n|move|p2a: Zapdos|Volt Switch|p1a: Melmetal\n|-damage|p1a: Melmetal|66\/100\n|\n|t:|1667461746\n|switch|p2a: Melmetal|Melmetal, shiny|57\/100|[from]move: Volt Switch\n|-end|p1a: Melmetal|confusion\n|move|p1a: Melmetal|Double Iron Bash|p2a: Melmetal\n|-resisted|p2a: Melmetal\n|-damage|p2a: Melmetal|44\/100\n|-resisted|p2a: Melmetal\n|-damage|p2a: Melmetal|31\/100\n|-hitcount|p2a: Melmetal|2\n|\n|-heal|p2a: Melmetal|37\/100|[from] item: Leftovers\n|upkeep\n|turn|27\n|\n|t:|1667461755\n|move|p2a: Melmetal|Protect|p2a: Melmetal\n|-singleturn|p2a: Melmetal|Protect\n|move|p1a: Melmetal|Earthquake|p2a: Melmetal\n|-activate|p2a: Melmetal|move: Protect\n|\n|-heal|p2a: Melmetal|43\/100|[from] item: Leftovers\n|upkeep\n|turn|28\n|inactive|reionatro has 120 seconds left.\n|\n|t:|1667461782\n|switch|p2a: Landorus|Landorus-Therian, M|12\/100 tox\n|-ability|p2a: Landorus|Intimidate|boost\n|-unboost|p1a: Melmetal|atk|1\n|move|p1a: Melmetal|Earthquake|p2a: Landorus\n|-immune|p2a: Landorus\n|\n|-damage|p2a: Landorus|6\/100 tox|[from] psn\n|upkeep\n|turn|29\n|inactive|reionatro has 120 seconds left.\n|\n|t:|1667461789\n|switch|p1a: landorustherian|Landorus-Therian, M|100\/100\n|-ability|p1a: landorustherian|Intimidate|boost\n|-unboost|p2a: Landorus|atk|1\n|move|p2a: Landorus|Stealth Rock|p1a: landorustherian\n|-sidestart|p1: minimax_ai|move: Stealth Rock\n|\n|-damage|p2a: Landorus|0 fnt|[from] psn\n|faint|p2a: Landorus\n|upkeep\n|j| Suricata2000\n|inactive|reionatro has 120 seconds left.\n|l| Suricata2000\n|\n|t:|1667461800\n|switch|p2a: Urshifu|Urshifu-Rapid-Strike, M|64\/100 tox\n|turn|30\n|\n|t:|1667461802\n|switch|p2a: Zapdos|Zapdos, shiny|100\/100\n|switch|p1a: Tangrowth|Tangrowth, M|100\/100\n|-damage|p1a: Tangrowth|88\/100|[from] Stealth Rock\n|\n|upkeep\n|turn|31\n|\n|t:|1667461805\n|switch|p1a: landorustherian|Landorus-Therian, M|100\/100\n|-damage|p1a: landorustherian|88\/100|[from] Stealth Rock\n|-ability|p1a: landorustherian|Intimidate|boost\n|-unboost|p2a: Zapdos|atk|1\n|move|p2a: Zapdos|Hurricane|p1a: landorustherian|[miss]\n|-miss|p2a: Zapdos|p1a: landorustherian\n|\n|-heal|p1a: landorustherian|94\/100|[from] item: Leftovers\n|upkeep\n|turn|32\n|inactive|reionatro has 120 seconds left.\n|\n|t:|1667461830\n|move|p2a: Zapdos|Hurricane|p1a: landorustherian|[miss]\n|-miss|p2a: Zapdos|p1a: landorustherian\n|move|p1a: landorustherian|Defog|p2a: Zapdos\n|-unboost|p2a: Zapdos|evasion|1\n|-sideend|p1: minimax_ai|Stealth Rock|[from] move: Defog|[of] p1a: landorustherian\n|\n|-heal|p1a: landorustherian|99\/100|[from] item: Leftovers\n|upkeep\n|turn|33\n|inactive|reionatro has 120 seconds left.\n|\n|t:|1667461846\n|move|p2a: Zapdos|Hurricane|p1a: landorustherian\n|-damage|p1a: landorustherian|63\/100\n|-start|p1a: landorustherian|confusion\n|-activate|p1a: landorustherian|confusion\n|move|p1a: landorustherian|Toxic|p2a: Zapdos\n|-status|p2a: Zapdos|tox\n|\n|-heal|p1a: landorustherian|69\/100|[from] item: Leftovers\n|-damage|p2a: Zapdos|94\/100 tox|[from] psn\n|upkeep\n|turn|34\n|inactive|reionatro has 120 seconds left.\n|l| StalledAFdude\n|\n|t:|1667461860\n|move|p2a: Zapdos|Volt Switch|p1a: landorustherian\n|-immune|p1a: landorustherian\n|-activate|p1a: landorustherian|confusion\n|-damage|p1a: landorustherian|56\/100|[from] confusion\n|\n|-heal|p1a: landorustherian|62\/100|[from] item: Leftovers\n|-damage|p2a: Zapdos|82\/100 tox|[from] psn\n|upkeep\n|turn|35\n|\n|t:|1667461863\n|move|p2a: Zapdos|Hurricane|p1a: landorustherian\n|-damage|p1a: landorustherian|30\/100\n|-activate|p1a: landorustherian|confusion\n|move|p1a: landorustherian|Earthquake|p2a: Zapdos\n|-immune|p2a: Zapdos\n|\n|-heal|p1a: landorustherian|36\/100|[from] item: Leftovers\n|-damage|p2a: Zapdos|64\/100 tox|[from] psn\n|upkeep\n|turn|36\n|\n|t:|1667461868\n|move|p2a: Zapdos|Hurricane|p1a: landorustherian\n|-damage|p1a: landorustherian|3\/100\n|-activate|p1a: landorustherian|confusion\n|move|p1a: landorustherian|Earthquake|p2a: Zapdos\n|-immune|p2a: Zapdos\n|\n|-heal|p1a: landorustherian|9\/100|[from] item: Leftovers\n|-damage|p2a: Zapdos|40\/100 tox|[from] psn\n|upkeep\n|turn|37\n|\n|t:|1667461873\n|move|p2a: Zapdos|Hurricane|p1a: landorustherian\n|-damage|p1a: landorustherian|0 fnt\n|faint|p1a: landorustherian\n|\n|-damage|p2a: Zapdos|10\/100 tox|[from] psn\n|upkeep\n|\n|t:|1667461873\n|switch|p1a: Heatran|Heatran, M|100\/100\n|-item|p1a: Heatran|Air Balloon\n|turn|38\n|inactive|reionatro has 120 seconds left.\n|\n|t:|1667461917\n|switch|p2a: Melmetal|Melmetal, shiny|43\/100\n|move|p1a: Heatran|Eruption|p2a: Melmetal\n|-supereffective|p2a: Melmetal\n|-damage|p2a: Melmetal|0 fnt\n|faint|p2a: Melmetal\n|\n|upkeep\n|\n|t:|1667461927\n|switch|p2a: Urshifu|Urshifu-Rapid-Strike, M|64\/100 tox\n|turn|39\n|j| PertPertMD\n|j| losepepep\n|inactive|reionatro has 90 seconds left.\n|\n|t:|1667461971\n|switch|p2a: Tapu Koko|Tapu Koko|100\/100\n|-fieldstart|move: Electric Terrain|[from] ability: Electric Surge|[of] p2a: Tapu Koko\n|switch|p1a: Tangrowth|Tangrowth, M|100\/100\n|\n|upkeep\n|turn|40\n|j| WeirdHamster\n|inactive|reionatro has 60 seconds left.\n|\n|t:|1667461997\n|move|p2a: Tapu Koko|Thunderbolt|p1a: Tangrowth\n|-resisted|p1a: Tangrowth\n|-damage|p1a: Tangrowth|51\/100\n|move|p1a: Tangrowth|Giga Drain|p2a: Tapu Koko\n|-damage|p2a: Tapu Koko|57\/100\n|-heal|p1a: Tangrowth|66\/100|[from] drain|[of] p2a: Tapu Koko\n|\n|upkeep\n|turn|41\n|inactive|reionatro has 60 seconds left.\n|\n|t:|1667462008\n|switch|p1a: Heatran|Heatran, M|100\/100\n|-item|p1a: Heatran|Air Balloon\n|move|p2a: Tapu Koko|Thunderbolt|p1a: Heatran\n|-damage|p1a: Heatran|24\/100\n|-enditem|p1a: Heatran|Air Balloon\n|\n|upkeep\n|turn|42\n|\n|t:|1667462014\n|switch|p1a: Tangrowth|Tangrowth, M|99\/100\n|move|p2a: Tapu Koko|Thunderbolt|p1a: Tangrowth\n|-resisted|p1a: Tangrowth\n|-damage|p1a: Tangrowth|41\/100\n|\n|upkeep\n|turn|43\n|\n|t:|1667462020\n|switch|p1a: Heatran|Heatran, M|24\/100\n|move|p2a: Tapu Koko|Thunderbolt|p1a: Heatran\n|-damage|p1a: Heatran|0 fnt\n|faint|p1a: Heatran\n|\n|-fieldend|move: Electric Terrain\n|upkeep\n|\n|t:|1667462021\n|switch|p1a: Melmetal|Melmetal|66\/100\n|turn|44\n|inactive|reionatro has 60 seconds left.\n|\n|t:|1667462075\n|switch|p2a: Urshifu|Urshifu-Rapid-Strike, M|64\/100 tox\n|move|p1a: Melmetal|Thunder Punch|p2a: Urshifu\n|-supereffective|p2a: Urshifu\n|-damage|p2a: Urshifu|0 fnt\n|faint|p2a: Urshifu\n|\n|upkeep\n|inactive|reionatro has 30 seconds left.\n|inactive|reionatro has 20 seconds left.\n|inactive|reionatro has 15 seconds left.\n|\n|t:|1667462103\n|switch|p2a: Rillaboom|Rillaboom, M|100\/100\n|-fieldstart|move: Grassy Terrain|[from] ability: Grassy Surge|[of] p2a: Rillaboom\n|turn|45\n|inactive|reionatro has 25 seconds left this turn.\n|\n|t:|1667462107\n|move|p2a: Rillaboom|Swords Dance|p2a: Rillaboom\n|-boost|p2a: Rillaboom|atk|2\n|move|p1a: Melmetal|Double Iron Bash|p2a: Rillaboom\n|-damage|p2a: Rillaboom|62\/100\n|-damage|p2a: Rillaboom|26\/100\n|-hitcount|p2a: Rillaboom|2\n|\n|-heal|p2a: Rillaboom|32\/100|[from] Grassy Terrain\n|-heal|p2a: Rillaboom|38\/100|[from] item: Leftovers\n|-heal|p1a: Melmetal|72\/100|[from] Grassy Terrain\n|upkeep\n|turn|46\n|inactive|reionatro has 30 seconds left.\n|\n|t:|1667462114\n|switch|p1a: Tangrowth|Tangrowth, M|75\/100\n|move|p2a: Rillaboom|Drain Punch|p1a: Tangrowth\n|-damage|p1a: Tangrowth|48\/100\n|-heal|p2a: Rillaboom|52\/100|[from] drain|[of] p1a: Tangrowth\n|\n|-heal|p2a: Rillaboom|58\/100|[from] Grassy Terrain\n|-heal|p2a: Rillaboom|64\/100|[from] item: Leftovers\n|-heal|p1a: Tangrowth|54\/100|[from] Grassy Terrain\n|upkeep\n|turn|47\n|inactive|reionatro has 30 seconds left.\n|\n|t:|1667462127\n|move|p2a: Rillaboom|Drain Punch|p1a: Tangrowth\n|-damage|p1a: Tangrowth|24\/100\n|-heal|p2a: Rillaboom|79\/100|[from] drain|[of] p1a: Tangrowth\n|move|p1a: Tangrowth|Giga Drain|p2a: Rillaboom\n|-resisted|p2a: Rillaboom\n|-damage|p2a: Rillaboom|57\/100\n|-heal|p1a: Tangrowth|35\/100|[from] drain|[of] p2a: Rillaboom\n|\n|-heal|p2a: Rillaboom|64\/100|[from] Grassy Terrain\n|-heal|p2a: Rillaboom|70\/100|[from] item: Leftovers\n|-heal|p1a: Tangrowth|41\/100|[from] Grassy Terrain\n|upkeep\n|turn|48\n|\n|t:|1667462133\n|move|p2a: Rillaboom|Drain Punch|p1a: Tangrowth\n|-damage|p1a: Tangrowth|11\/100\n|-heal|p2a: Rillaboom|85\/100|[from] drain|[of] p1a: Tangrowth\n|move|p1a: Tangrowth|Giga Drain|p2a: Rillaboom\n|-resisted|p2a: Rillaboom\n|-damage|p2a: Rillaboom|65\/100\n|-heal|p1a: Tangrowth|22\/100|[from] drain|[of] p2a: Rillaboom\n|\n|-heal|p2a: Rillaboom|71\/100|[from] Grassy Terrain\n|-heal|p2a: Rillaboom|77\/100|[from] item: Leftovers\n|-heal|p1a: Tangrowth|28\/100|[from] Grassy Terrain\n|upkeep\n|turn|49\n|\n|t:|1667462136\n|switch|p1a: rotomwash|Rotom-Wash|60\/100 tox\n|move|p2a: Rillaboom|Drain Punch|p1a: rotomwash\n|-damage|p1a: rotomwash|1\/100 tox\n|-heal|p2a: Rillaboom|99\/100|[from] drain|[of] p1a: rotomwash\n|\n|-heal|p1a: rotomwash|8\/100 tox|[from] item: Leftovers\n|-heal|p2a: Rillaboom|100\/100|[from] Grassy Terrain\n|-damage|p1a: rotomwash|1\/100 tox|[from] psn\n|-fieldend|move: Grassy Terrain\n|upkeep\n|turn|50\n|\n|t:|1667462146\n|switch|p2a: Zapdos|Zapdos, shiny|10\/100 tox\n|move|p1a: rotomwash|Pain Split|p2a: Zapdos\n|-sethp|p2a: Zapdos|6\/100 tox|[from] move: Pain Split|[silent]\n|-sethp|p1a: rotomwash|7\/100 tox|[from] move: Pain Split\n|\n|-heal|p1a: rotomwash|13\/100 tox|[from] item: Leftovers\n|-damage|p1a: rotomwash|1\/100 tox|[from] psn\n|-damage|p2a: Zapdos|0 fnt|[from] psn\n|faint|p2a: Zapdos\n|upkeep\n|\n|t:|1667462157\n|switch|p2a: Tapu Koko|Tapu Koko|57\/100\n|-fieldstart|move: Electric Terrain|[from] ability: Electric Surge|[of] p2a: Tapu Koko\n|turn|51\n|\n|t:|1667462161\n|move|p2a: Tapu Koko|Volt Switch|p1a: rotomwash\n|-damage|p1a: rotomwash|0 fnt\n|faint|p1a: rotomwash\n|\n|t:|1667462163\n|switch|p2a: Rillaboom|Rillaboom, M|100\/100|[from]move: Volt Switch\n|-fieldstart|move: Grassy Terrain|[from] ability: Grassy Surge|[of] p2a: Rillaboom\n|\n|upkeep\n|\n|t:|1667462163\n|switch|p1a: Weavile|Weavile, F|100\/100\n|-ability|p1a: Weavile|Pressure\n|turn|52\n|\n|t:|1667462174\n|move|p2a: Rillaboom|Grassy Glide|p1a: Weavile\n|-damage|p1a: Weavile|15\/100\n|move|p1a: Weavile|Triple Axel|p2a: Rillaboom\n|-supereffective|p2a: Rillaboom\n|-damage|p2a: Rillaboom|73\/100\n|-supereffective|p2a: Rillaboom\n|-damage|p2a: Rillaboom|14\/100\n|-supereffective|p2a: Rillaboom\n|-damage|p2a: Rillaboom|0 fnt\n|faint|p2a: Rillaboom\n|-hitcount|p2: Rillaboom|3\n|\n|-heal|p1a: Weavile|21\/100|[from] Grassy Terrain\n|upkeep\n|\n|t:|1667462177\n|switch|p2a: Tapu Koko|Tapu Koko|57\/100\n|-fieldstart|move: Electric Terrain|[from] ability: Electric Surge|[of] p2a: Tapu Koko\n|turn|53\n|\n|t:|1667462184\n|move|p2a: Tapu Koko|Thunderbolt|p1a: Weavile\n|-damage|p1a: Weavile|0 fnt\n|faint|p1a: Weavile\n|\n|upkeep\n|\n|t:|1667462184\n|switch|p1a: Melmetal|Melmetal|72\/100\n|turn|54\n|\n|t:|1667462186\n|move|p2a: Tapu Koko|Thunderbolt|p1a: Melmetal\n|-damage|p1a: Melmetal|30\/100\n|move|p1a: Melmetal|Double Iron Bash|p2a: Tapu Koko\n|-damage|p2a: Tapu Koko|0 fnt\n|faint|p2a: Tapu Koko\n|-hitcount|p2: Tapu Koko|1\n|\n|win|minimax_ai\n|raw|minimax_ai's rating: 1670 &rarr; <strong>1703<\/strong><br \/>(+33 for winning)\n|raw|reionatro's rating: 1925 &rarr; <strong>1892<\/strong><br \/>(-33 for losing)\n|c|\u2606minimax_ai|gg\n","uploadtime":1667462187,"views":9,"p1id":"minimaxai","p2id":"reionatro","formatid":"gen8ou","rating":1703,"private":0,"password":null}