{"id":"gen8ou-1694500400","p1":"outd Il Giorgio S.","p2":"Xepa","format":"gen8ou","log":"|html|<div class=\"broadcast-blue\"><strong>[Gen 8] OU is currently suspecting Melmetal! For information on how to participate check out the <a href=\"https:\/\/www.smogon.com\/forums\/threads\/np-ss-ou-suspect-process-round-12-monster-mash.3709234\/\">suspect thread<\/a>.<\/strong><\/div>\n|j|\u203doutd Il Giorgio S.\n|j|\u2606Xepa\n|t:|1666710172\n|gametype|singles\n|player|p1|outd Il Giorgio S.|101|1811\n|player|p2|Xepa|101|1782\n|teamsize|p1|6\n|teamsize|p2|6\n|gen|8\n|tier|[Gen 8] OU\n|rated|\n|rule|Sleep Clause Mod: Limit one foe put to sleep\n|rule|Species Clause: Limit one of each Pok\u00e9mon\n|rule|OHKO Clause: OHKO moves are banned\n|rule|Evasion Items Clause: Evasion items are banned\n|rule|Evasion Moves Clause: Evasion moves are banned\n|rule|Endless Battle Clause: Forcing endless battles is banned\n|rule|HP Percentage Mod: HP is shown in percentages\n|rule|Dynamax Clause: You cannot dynamax\n|clearpoke\n|poke|p1|Heatran, M|\n|poke|p1|Clefable, M|\n|poke|p1|Slowbro, F|\n|poke|p1|Latios, M|\n|poke|p1|Terrakion|\n|poke|p1|Scizor, M|\n|poke|p2|Slowking-Galar, M|\n|poke|p2|Dragapult, M|\n|poke|p2|Tapu Lele|\n|poke|p2|Heatran, M|\n|poke|p2|Mandibuzz, F|\n|poke|p2|Landorus-Therian, M|\n|teampreview\n|j| ClimbingMachine\n|l|\u2606Xepa\n|player|p2|\n|inactive|Battle timer is ON: inactive players will automatically lose when time's up. (requested by outd Il Giorgio S.)\n|j| Micaiah\n|j|\u2606Xepa\n|inactive|Xepa reconnected and has 145 seconds left.\n|player|p2|Xepa|101\n|\n|t:|1666710210\n|start\n|switch|p1a: Heatran|Heatran, M|100\/100\n|switch|p2a: Dragapult|Dragapult, M|100\/100\n|turn|1\n|\n|t:|1666710216\n|move|p2a: Dragapult|U-turn|p1a: Heatran\n|-resisted|p1a: Heatran\n|-damage|p1a: Heatran|93\/100\n|\n|t:|1666710219\n|switch|p2a: Landorus|Landorus-Therian, M|100\/100|[from]move: U-turn\n|-ability|p2a: Landorus|Intimidate|boost\n|-unboost|p1a: Heatran|atk|1\n|move|p1a: Heatran|Toxic|p2a: Landorus\n|-status|p2a: Landorus|tox\n|\n|-heal|p1a: Heatran|99\/100|[from] item: Leftovers\n|-damage|p2a: Landorus|94\/100 tox|[from] psn\n|upkeep\n|turn|2\n|j| oophyte\n|\n|t:|1666710227\n|switch|p1a: Slowbro|Slowbro, F|100\/100\n|move|p2a: Landorus|U-turn|p1a: Slowbro\n|-supereffective|p1a: Slowbro\n|-damage|p1a: Slowbro|71\/100\n|j| Terroxer\n|j| KawaiiDomination\n|\n|t:|1666710248\n|switch|p2a: Dragapult|Dragapult, M|100\/100|[from]move: U-turn\n|\n|upkeep\n|turn|3\n|\n|t:|1666710252\n|switch|p1a: Heatran|Heatran, M|99\/100\n|move|p2a: Dragapult|U-turn|p1a: Heatran\n|-resisted|p1a: Heatran\n|-damage|p1a: Heatran|91\/100\n|\n|t:|1666710260\n|switch|p2a: Landorus|Landorus-Therian, M|94\/100 tox|[from]move: U-turn\n|-ability|p2a: Landorus|Intimidate|boost\n|-unboost|p1a: Heatran|atk|1\n|\n|-heal|p1a: Heatran|97\/100|[from] item: Leftovers\n|-damage|p2a: Landorus|88\/100 tox|[from] psn\n|upkeep\n|turn|4\n|j| Ri\u00a2cio\u2601\n|j| sigma gab\n|\n|t:|1666710264\n|move|p1a: Heatran|Protect|p1a: Heatran\n|-singleturn|p1a: Heatran|Protect\n|move|p2a: Landorus|Earthquake|p1a: Heatran\n|-activate|p1a: Heatran|move: Protect\n|\n|-heal|p1a: Heatran|100\/100|[from] item: Leftovers\n|-damage|p2a: Landorus|76\/100 tox|[from] psn\n|upkeep\n|turn|5\n|\n|t:|1666710268\n|switch|p2a: Dragapult|Dragapult, M|100\/100\n|switch|p1a: Slowbro|Slowbro, F|100\/100\n|\n|upkeep\n|turn|6\n|\n|t:|1666710277\n|switch|p1a: Heatran|Heatran, M|100\/100\n|move|p2a: Dragapult|Phantom Force||[still]\n|-prepare|p2a: Dragapult|Phantom Force\n|\n|upkeep\n|turn|7\n|\n|t:|1666710279\n|move|p2a: Dragapult|Phantom Force|p1a: Heatran|[from]lockedmove\n|-damage|p1a: Heatran|34\/100\n|move|p1a: Heatran|Toxic|p2a: Dragapult\n|-status|p2a: Dragapult|tox\n|\n|-heal|p1a: Heatran|41\/100|[from] item: Leftovers\n|-damage|p2a: Dragapult|95\/100 tox|[from] psn\n|upkeep\n|turn|8\n|j| OUTD NotSmogn\n|c| Ri\u00a2cio\u2601|sigma gab ciao boss\n|\n|t:|1666710286\n|move|p2a: Dragapult|Phantom Force||[still]\n|-prepare|p2a: Dragapult|Phantom Force\n|move|p1a: Heatran|Stealth Rock|p2a: Dragapult\n|-sidestart|p2: Xepa|move: Stealth Rock\n|\n|-heal|p1a: Heatran|47\/100|[from] item: Leftovers\n|-damage|p2a: Dragapult|83\/100 tox|[from] psn\n|upkeep\n|turn|9\n|\n|t:|1666710289\n|switch|p1a: Clefable|Clefable, M|100\/100\n|move|p2a: Dragapult|Phantom Force|p1a: Clefable|[from]lockedmove\n|-damage|p1a: Clefable|41\/100\n|\n|-heal|p1a: Clefable|47\/100|[from] item: Leftovers\n|-damage|p2a: Dragapult|65\/100 tox|[from] psn\n|upkeep\n|turn|10\n|j| RedRusher\n|\n|t:|1666710296\n|switch|p2a: Heatran|Heatran, M|100\/100\n|-damage|p2a: Heatran|88\/100|[from] Stealth Rock\n|move|p1a: Clefable|Soft-Boiled|p1a: Clefable\n|-heal|p1a: Clefable|97\/100\n|\n|-heal|p2a: Heatran|94\/100|[from] item: Leftovers\n|-heal|p1a: Clefable|100\/100|[from] item: Leftovers\n|upkeep\n|turn|11\n|\n|t:|1666710301\n|switch|p1a: Terrakion|Terrakion|100\/100\n|move|p2a: Heatran|Stealth Rock|p1a: Terrakion\n|-sidestart|p1: outd Il Giorgio S.|move: Stealth Rock\n|\n|-heal|p2a: Heatran|100\/100|[from] item: Leftovers\n|upkeep\n|turn|12\n|\n|t:|1666710304\n|move|p2a: Heatran|Protect|p2a: Heatran\n|-singleturn|p2a: Heatran|Protect\n|move|p1a: Terrakion|Stone Edge|p2a: Heatran\n|-activate|p2a: Heatran|move: Protect\n|\n|upkeep\n|turn|13\n|j| flying poly\n|\n|t:|1666710310\n|move|p1a: Terrakion|Stone Edge|p2a: Heatran\n|-damage|p2a: Heatran|49\/100\n|move|p2a: Heatran|Magma Storm|p1a: Terrakion|[miss]\n|-miss|p2a: Heatran|p1a: Terrakion\n|\n|-heal|p2a: Heatran|55\/100|[from] item: Leftovers\n|upkeep\n|turn|14\n|\n|t:|1666710315\n|switch|p1a: Slowbro|Slowbro, F|100\/100\n|move|p2a: Heatran|Protect||[still]\n|-fail|p2a: Heatran\n|\n|-heal|p2a: Heatran|62\/100|[from] item: Leftovers\n|upkeep\n|turn|15\n|\n|t:|1666710317\n|move|p2a: Heatran|Magma Storm|p1a: Slowbro\n|-resisted|p1a: Slowbro\n|-damage|p1a: Slowbro|80\/100\n|-activate|p1a: Slowbro|move: Magma Storm|[of] p2a: Heatran\n|move|p1a: Slowbro|Scald|p2a: Heatran\n|-supereffective|p2a: Heatran\n|-damage|p2a: Heatran|22\/100\n|\n|-heal|p2a: Heatran|28\/100|[from] item: Leftovers\n|-damage|p1a: Slowbro|67\/100|[from] move: Magma Storm|[partiallytrapped]\n|upkeep\n|turn|16\n|\n|t:|1666710328\n|move|p2a: Heatran|Earth Power|p1a: Slowbro\n|-damage|p1a: Slowbro|40\/100\n|move|p1a: Slowbro|Scald|p2a: Heatran\n|-supereffective|p2a: Heatran\n|-damage|p2a: Heatran|0 fnt\n|faint|p2a: Heatran\n|\n|-end|p1a: Slowbro|Magma Storm|[partiallytrapped]|[silent]\n|upkeep\n|\n|t:|1666710337\n|switch|p2a: Slowking|Slowking-Galar, M|100\/100\n|-damage|p2a: Slowking|88\/100|[from] Stealth Rock\n|turn|17\n|\n|t:|1666710341\n|switch|p1a: Terrakion|Terrakion|100\/100\n|-damage|p1a: Terrakion|94\/100|[from] Stealth Rock\n|move|p2a: Slowking|Calm Mind|p2a: Slowking\n|-boost|p2a: Slowking|spa|1\n|-boost|p2a: Slowking|spd|1\n|\n|-heal|p2a: Slowking|94\/100|[from] item: Black Sludge\n|upkeep\n|turn|18\n|\n|t:|1666710345\n|move|p1a: Terrakion|Earthquake|p2a: Slowking\n|-supereffective|p2a: Slowking\n|-damage|p2a: Slowking|11\/100\n|move|p2a: Slowking|Iron Defense|p2a: Slowking\n|-boost|p2a: Slowking|def|2\n|\n|-heal|p2a: Slowking|17\/100|[from] item: Black Sludge\n|upkeep\n|turn|19\n|\n|t:|1666710349\n|switch|p2a: Landorus|Landorus-Therian, M|76\/100 tox\n|-damage|p2a: Landorus|64\/100 tox|[from] Stealth Rock\n|-ability|p2a: Landorus|Intimidate|boost\n|-unboost|p1a: Terrakion|atk|1\n|move|p1a: Terrakion|Earthquake|p2a: Landorus\n|-immune|p2a: Landorus\n|\n|-damage|p2a: Landorus|58\/100 tox|[from] psn\n|upkeep\n|turn|20\n|\n|t:|1666710352\n|switch|p1a: Latios|Latios, M|100\/100\n|-damage|p1a: Latios|88\/100|[from] Stealth Rock\n|move|p2a: Landorus|U-turn|p1a: Latios\n|-supereffective|p1a: Latios\n|-damage|p1a: Latios|22\/100\n|c| Micaiah|porc\n|\n|t:|1666710358\n|switch|p2a: Mandibuzz|Mandibuzz, F, shiny|100\/100|[from]move: U-turn\n|\n|upkeep\n|turn|21\n|\n|t:|1666710364\n|move|p1a: Latios|Trick|p2a: Mandibuzz\n|-activate|p1a: Latios|move: Trick|[of] p2a: Mandibuzz\n|-item|p2a: Mandibuzz|Choice Scarf|[from] move: Trick\n|-item|p1a: Latios|Heavy-Duty Boots|[from] move: Trick\n|move|p2a: Mandibuzz|Defog|p1a: Latios\n|-unboost|p1a: Latios|evasion|1\n|-sideend|p1: outd Il Giorgio S.|Stealth Rock|[from] move: Defog|[of] p2a: Mandibuzz\n|-sideend|p2: Xepa|Stealth Rock|[from] move: Defog|[of] p2a: Mandibuzz\n|\n|upkeep\n|turn|22\n|inactive|outd Il Giorgio S. has 120 seconds left.\n|\n|t:|1666710396\n|switch|p2a: Landorus|Landorus-Therian, M|58\/100 tox\n|-ability|p2a: Landorus|Intimidate|boost\n|-unboost|p1a: Latios|atk|1\n|move|p1a: Latios|Psychic|p2a: Landorus\n|-damage|p2a: Landorus|11\/100 tox\n|\n|-damage|p2a: Landorus|5\/100 tox|[from] psn\n|upkeep\n|turn|23\n|\n|t:|1666710405\n|move|p2a: Landorus|U-turn|p1a: Latios\n|-supereffective|p1a: Latios\n|-damage|p1a: Latios|0 fnt\n|faint|p1a: Latios\n|\n|t:|1666710408\n|switch|p2a: Slowking|Slowking-Galar, M|50\/100|[from]move: U-turn\n|\n|-heal|p2a: Slowking|56\/100|[from] item: Black Sludge\n|upkeep\n|j| Milhentos\n|\n|t:|1666710414\n|switch|p1a: Terrakion|Terrakion|94\/100\n|turn|24\n|\n|t:|1666710419\n|move|p1a: Terrakion|Earthquake|p2a: Slowking\n|-supereffective|p2a: Slowking\n|-damage|p2a: Slowking|0 fnt\n|faint|p2a: Slowking\n|\n|upkeep\n|\n|t:|1666710422\n|switch|p2a: Mandibuzz|Mandibuzz, F, shiny|100\/100\n|turn|25\n|j| haxngg\n|\n|t:|1666710428\n|switch|p1a: Clefable|Clefable, M|100\/100\n|move|p2a: Mandibuzz|U-turn|p1a: Clefable\n|-resisted|p1a: Clefable\n|-crit|p1a: Clefable\n|-damage|p1a: Clefable|95\/100\n|\n|t:|1666710431\n|switch|p2a: Tapu Lele|Tapu Lele|100\/100|[from]move: U-turn\n|-fieldstart|move: Psychic Terrain|[from] ability: Psychic Surge|[of] p2a: Tapu Lele\n|\n|-heal|p1a: Clefable|100\/100|[from] item: Leftovers\n|upkeep\n|turn|26\n|\n|t:|1666710437\n|move|p2a: Tapu Lele|Psyshock|p1a: Clefable\n|-damage|p1a: Clefable|31\/100\n|move|p1a: Clefable|Thunder Wave|p2a: Tapu Lele\n|-status|p2a: Tapu Lele|par\n|\n|-heal|p1a: Clefable|37\/100|[from] item: Leftovers\n|upkeep\n|turn|27\n|j| Enzonana\n|\n|t:|1666710441\n|switch|p1a: Slowbro|Slowbro, F|74\/100\n|move|p2a: Tapu Lele|Psyshock|p1a: Slowbro\n|-resisted|p1a: Slowbro\n|-damage|p1a: Slowbro|46\/100\n|\n|upkeep\n|turn|28\n|\n|t:|1666710448\n|switch|p2a: Mandibuzz|Mandibuzz, F, shiny|100\/100\n|move|p1a: Slowbro|Future Sight|p2a: Mandibuzz\n|-start|p1a: Slowbro|move: Future Sight\n|\n|upkeep\n|turn|29\n|\n|t:|1666710451\n|switch|p1a: Terrakion|Terrakion|94\/100\n|move|p2a: Mandibuzz|Foul Play|p1a: Terrakion\n|-resisted|p1a: Terrakion\n|-damage|p1a: Terrakion|68\/100\n|-ability|p1a: Terrakion|Justified|boost\n|-boost|p1a: Terrakion|atk|1\n|\n|-fieldend|move: Psychic Terrain\n|upkeep\n|turn|30\n|j| Ran Kob\n|\n|t:|1666710462\n|move|p1a: Terrakion|Stone Edge|p2a: Mandibuzz\n|-supereffective|p2a: Mandibuzz\n|-damage|p2a: Mandibuzz|0 fnt\n|faint|p2a: Mandibuzz\n|\n|-hint|Future Sight did not hit because the target is fainted.\n|upkeep\n|\n|t:|1666710468\n|switch|p2a: Landorus|Landorus-Therian, M|5\/100 tox\n|-ability|p2a: Landorus|Intimidate|boost\n|-unboost|p1a: Terrakion|atk|1\n|turn|31\n|\n|t:|1666710472\n|move|p2a: Landorus|Earthquake|p1a: Terrakion\n|-supereffective|p1a: Terrakion\n|-damage|p1a: Terrakion|0 fnt\n|faint|p1a: Terrakion\n|\n|-damage|p2a: Landorus|0 fnt|[from] psn\n|faint|p2a: Landorus\n|upkeep\n|\n|t:|1666710483\n|switch|p1a: Heatran|Heatran, M|47\/100\n|switch|p2a: Tapu Lele|Tapu Lele|100\/100 par\n|-fieldstart|move: Psychic Terrain|[from] ability: Psychic Surge|[of] p2a: Tapu Lele\n|turn|32\n|j| Youressi\n|c| ClimbingMachine|this guy is winning all\n|\n|t:|1666710497\n|move|p1a: Heatran|Protect|p1a: Heatran\n|-singleturn|p1a: Heatran|Protect\n|cant|p2a: Tapu Lele|par\n|\n|-heal|p1a: Heatran|53\/100|[from] item: Leftovers\n|upkeep\n|turn|33\n|c| ClimbingMachine|wow\n|\n|t:|1666710501\n|switch|p1a: Slowbro|Slowbro, F|80\/100\n|cant|p2a: Tapu Lele|par\n|\n|upkeep\n|turn|34\n|\n|t:|1666710504\n|cant|p2a: Tapu Lele|par\n|move|p1a: Slowbro|Future Sight|p2a: Tapu Lele\n|-start|p1a: Slowbro|move: Future Sight\n|\n|upkeep\n|turn|35\n|j| Jongruenwald\n|\n|t:|1666710506\n|cant|p2a: Tapu Lele|par\n|move|p1a: Slowbro|Teleport|p1a: Slowbro\n|c| Enzonana|facile socio\n|\n|t:|1666710508\n|switch|p1a: Scizor|Scizor, M|100\/100|[from]move: Teleport\n|\n|upkeep\n|turn|36\n|\n|t:|1666710511\n|move|p1a: Scizor|Swords Dance|p1a: Scizor\n|-boost|p1a: Scizor|atk|2\n|move|p2a: Tapu Lele|Thunderbolt|p1a: Scizor\n|-damage|p1a: Scizor|41\/100\n|\n|-end|p2a: Tapu Lele|move: Future Sight\n|-resisted|p2a: Tapu Lele\n|-damage|p2a: Tapu Lele|72\/100 par\n|-fieldend|move: Psychic Terrain\n|upkeep\n|turn|37\n|\n|t:|1666710514\n|move|p1a: Scizor|Bullet Punch|p2a: Tapu Lele\n|-supereffective|p2a: Tapu Lele\n|-damage|p2a: Tapu Lele|0 fnt\n|faint|p2a: Tapu Lele\n|\n|upkeep\n|-message|Xepa forfeited.\n|\n|win|outd Il Giorgio S.\n|raw|outd Il Giorgio S.'s rating: 1811 &rarr; <strong>1829<\/strong><br \/>(+18 for winning)\n|raw|Xepa's rating: 1782 &rarr; <strong>1764<\/strong><br \/>(-18 for losing)\n|l|\u2606Xepa\n|l|\u203doutd Il Giorgio S.\n|l| KawaiiDomination\n|l| Terroxer\n|l| oophyte\n|l| RedRusher\n|l| flying poly\n|l| OUTD NotSmogn\n|j|\u203doutd Il Giorgio S.\n|player|p1|outd Il Giorgio S.|101\n|l| Milhentos\n|l|\u203doutd Il Giorgio S.\n|player|p1|\n|l| Ri\u00a2cio\u2601\n||Ladder isn't responding, score probably updated but might not have (Request timeout).\n|l| Ran Kob\n|l| Jongruenwald\n|l| Youressi\n|l| ClimbingMachine\n|j|\u203doutd Il Giorgio S.\n|player|p1|outd Il Giorgio S.|101\n|j| OUTD NotSmogn\n|l|\u203doutd Il Giorgio S.\n|player|p1|\n","uploadtime":1666710653,"views":24,"p1id":"outdilgiorgios","p2id":"xepa","formatid":"gen8ou","rating":1764,"private":0,"password":null}