{"id":"gen8ou-1578743206","p1":"Batataplays","p2":"Charmalane","format":"gen8ou","log":"|j|\u2606Batataplays\n|j|\u2606Charmalane\n|t:|1653015933\n|gametype|singles\n|player|p1|Batataplays|sonia|1691\n|player|p2|Charmalane|brawly|1610\n|teamsize|p1|6\n|teamsize|p2|6\n|gen|8\n|tier|[Gen 8] OU\n|rated|\n|rule|Sleep Clause Mod: Limit one foe put to sleep\n|rule|Species Clause: Limit one of each Pok\u00e9mon\n|rule|OHKO Clause: OHKO moves are banned\n|rule|Evasion Moves Clause: Evasion moves are banned\n|rule|Endless Battle Clause: Forcing endless battles is banned\n|rule|HP Percentage Mod: HP is shown in percentages\n|rule|Dynamax Clause: You cannot dynamax\n|clearpoke\n|poke|p1|Landorus-Therian, M|\n|poke|p1|Weavile, F|\n|poke|p1|Kartana|\n|poke|p1|Melmetal|\n|poke|p1|Volcanion|\n|poke|p1|Dragonite, F|\n|poke|p2|Pelipper, M|\n|poke|p2|Barraskewda, M|\n|poke|p2|Volcanion|\n|poke|p2|Tornadus-Therian, M|\n|poke|p2|Blissey, F|\n|poke|p2|Garchomp, M|\n|teampreview\n|inactive|Battle timer is ON: inactive players will automatically lose when time's up. (requested by Batataplays)\n|\n|t:|1653015968\n|start\n|switch|p1a: Weavile|Weavile, F, shiny|100\/100\n|switch|p2a: Krakatoa|Volcanion|100\/100\n|-ability|p1a: Weavile|Pressure\n|turn|1\n|\n|t:|1653015978\n|switch|p1a: Volcanion|Volcanion|100\/100\n|move|p2a: Krakatoa|Earth Power|p1a: Volcanion\n|-supereffective|p1a: Volcanion\n|-damage|p1a: Volcanion|0 fnt\n|faint|p1a: Volcanion\n|\n|upkeep\n|\n|t:|1653015981\n|switch|p1a: Weavile|Weavile, F, shiny|100\/100\n|-ability|p1a: Weavile|Pressure\n|turn|2\n|\n|t:|1653016010\n|switch|p2a: Phoenix|Pelipper, M|100\/100\n|-weather|RainDance|[from] ability: Drizzle|[of] p2a: Phoenix\n|move|p1a: Weavile|Knock Off|p2a: Phoenix\n|-damage|p2a: Phoenix|37\/100\n|-enditem|p2a: Phoenix|Damp Rock|[from] move: Knock Off|[of] p1a: Weavile\n|\n|-weather|RainDance|[upkeep]\n|upkeep\n|turn|3\n|inactive|Charmalane has 120 seconds left.\n|inactive|Charmalane has 90 seconds left.\n|\n|t:|1653016056\n|move|p1a: Weavile|Knock Off|p2a: Phoenix\n|-damage|p2a: Phoenix|0 fnt\n|faint|p2a: Phoenix\n|\n|-weather|RainDance|[upkeep]\n|upkeep\n|\n|t:|1653016059\n|switch|p2a: Enguarde|Barraskewda, M|100\/100\n|turn|4\n|inactive|Batataplays has 120 seconds left.\n|inactive|Batataplays has 90 seconds left.\n|\n|t:|1653016133\n|switch|p1a: Home Depot|Melmetal, shiny|100\/100\n|move|p2a: Enguarde|Flip Turn|p1a: Home Depot\n|-damage|p1a: Home Depot|58\/100\n|\n|t:|1653016145\n|switch|p2a: Krakatoa|Volcanion|100\/100|[from]move: Flip Turn\n|\n|-weather|RainDance|[upkeep]\n|upkeep\n|turn|5\n|inactive|Batataplays has 90 seconds left.\n|\n|t:|1653016163\n|move|p2a: Krakatoa|Steam Eruption|p1a: Home Depot\n|-damage|p1a: Home Depot|0 fnt\n|faint|p1a: Home Depot\n|\n|-weather|RainDance|[upkeep]\n|upkeep\n|\n|t:|1653016168\n|switch|p1a: Dragonite|Dragonite, F, shiny|100\/100\n|turn|6\n|j| JJ09LIE\n|inactive|Charmalane has 90 seconds left.\n|\n|t:|1653016203\n|switch|p2a: Chomper|Garchomp, M|100\/100\n|move|p1a: Dragonite|Dragon Dance|p1a: Dragonite\n|-boost|p1a: Dragonite|atk|1\n|-boost|p1a: Dragonite|spe|1\n|\n|-weather|RainDance|[upkeep]\n|upkeep\n|turn|7\n|\n|t:|1653016216\n|move|p1a: Dragonite|Ice Punch|p2a: Chomper\n|-supereffective|p2a: Chomper\n|-damage|p2a: Chomper|0 fnt\n|-damage|p1a: Dragonite|88\/100|[from] ability: Rough Skin|[of] p2a: Chomper\n|-damage|p1a: Dragonite|72\/100|[from] item: Rocky Helmet|[of] p2a: Chomper\n|faint|p2a: Chomper\n|\n|-weather|RainDance|[upkeep]\n|upkeep\n|inactive|Charmalane has 90 seconds left.\n|\n|t:|1653016230\n|switch|p2a: Enguarde|Barraskewda, M|100\/100\n|turn|8\n|inactive|Charmalane has 90 seconds left.\n|\n|t:|1653016247\n|move|p2a: Enguarde|Liquidation|p1a: Dragonite\n|-resisted|p1a: Dragonite\n|-damage|p1a: Dragonite|18\/100\n|move|p1a: Dragonite|Roost|p1a: Dragonite\n|-heal|p1a: Dragonite|68\/100\n|-singleturn|p1a: Dragonite|move: Roost\n|\n|-weather|RainDance|[upkeep]\n|upkeep\n|turn|9\n|inactive|Charmalane has 90 seconds left.\n|\n|t:|1653016253\n|move|p2a: Enguarde|Liquidation|p1a: Dragonite\n|-resisted|p1a: Dragonite\n|-damage|p1a: Dragonite|16\/100\n|move|p1a: Dragonite|Dragon Dance|p1a: Dragonite\n|-boost|p1a: Dragonite|atk|1\n|-boost|p1a: Dragonite|spe|1\n|\n|-weather|none\n|upkeep\n|turn|10\n|c|\u2606Charmalane|gg\n|-message|Charmalane forfeited.\n|\n|win|Batataplays\n|raw|Batataplays's rating: 1672 &rarr; <strong>1688<\/strong><br \/>(+16 for winning)\n|raw|Charmalane's rating: 1610 &rarr; <strong>1594<\/strong><br \/>(-16 for losing)\n","uploadtime":1653016265,"views":44,"p1id":"batataplays","p2id":"charmalane","formatid":"gen8ou","rating":1594,"private":0,"password":null}