{"id":"gen8ou-1641032194","p1":"4G3NC SB","p2":"antarctozolt","format":"gen8ou","log":"|j|\u26064G3NC SB\n|j|\u203dantarctozolt\n|inactive|Battle timer is ON: inactive players will automatically lose when time's up.\n|t:|1660664627\n|gametype|singles\n|player|p1|4G3NC SB|swimmer-gen4|\n|player|p2|antarctozolt|skier|\n|teamsize|p1|6\n|teamsize|p2|6\n|gen|8\n|tier|[Gen 8] OU\n|rated|Tournament battle\n|rule|Sleep Clause Mod: Limit one foe put to sleep\n|rule|Species Clause: Limit one of each Pok\u00e9mon\n|rule|OHKO Clause: OHKO moves are banned\n|rule|Evasion Items Clause: Evasion items are banned\n|rule|Evasion Moves Clause: Evasion moves are banned\n|rule|Endless Battle Clause: Forcing endless battles is banned\n|rule|HP Percentage Mod: HP is shown in percentages\n|rule|Dynamax Clause: You cannot dynamax\n|clearpoke\n|poke|p1|Zapdos-Galar|\n|poke|p1|Tapu Lele|\n|poke|p1|Tyrantrum, F|\n|poke|p1|Slowbro, M|\n|poke|p1|Mandibuzz, F|\n|poke|p1|Landorus-Therian, M|\n|poke|p2|Mew|\n|poke|p2|Zeraora|\n|poke|p2|Rillaboom, F|\n|poke|p2|Kartana|\n|poke|p2|Dragapult, F|\n|poke|p2|Weavile, M|\n|teampreview\n|j| Iopenwithspinda\n|j| Zanz5798\n|inactive|4G3NC SB has 120 seconds left.\n|inactive|4G3NC SB has 90 seconds left.\n|\n|t:|1660664697\n|start\n|switch|p1a: Tyrantrum|Tyrantrum, F|100\/100\n|switch|p2a: Mew|Mew|100\/100\n|turn|1\n|\n|t:|1660664703\n|move|p2a: Mew|Stealth Rock|p1a: Tyrantrum\n|-sidestart|p1: 4G3NC SB|move: Stealth Rock\n|move|p1a: Tyrantrum|Head Smash|p2a: Mew\n|-crit|p2a: Mew\n|-damage|p2a: Mew|0 fnt\n|faint|p2a: Mew\n|\n|upkeep\n|\n|t:|1660664710\n|switch|p2a: Weavile|Weavile, M|100\/100\n|-ability|p2a: Weavile|Pressure\n|turn|2\n|inactive|4G3NC SB has 120 seconds left.\n|\n|t:|1660664763\n|switch|p1a: Mandibuzz|Mandibuzz, F|100\/100\n|move|p2a: Weavile|Triple Axel|p1a: Mandibuzz\n|-supereffective|p1a: Mandibuzz\n|-damage|p1a: Mandibuzz|82\/100\n|-supereffective|p1a: Mandibuzz\n|-damage|p1a: Mandibuzz|47\/100\n|-supereffective|p1a: Mandibuzz\n|-damage|p1a: Mandibuzz|0 fnt\n|faint|p1a: Mandibuzz\n|-hitcount|p1: Mandibuzz|3\n|-damage|p2a: Weavile|91\/100|[from] item: Life Orb\n|\n|upkeep\n|\n|t:|1660664766\n|switch|p1a: Tapu Lele|Tapu Lele|100\/100\n|-damage|p1a: Tapu Lele|88\/100|[from] Stealth Rock\n|-fieldstart|move: Psychic Terrain|[from] ability: Psychic Surge|[of] p1a: Tapu Lele\n|turn|3\n|inactive|antarctozolt has 120 seconds left.\n|\n|t:|1660664804\n|switch|p2a: Rillaboom|Rillaboom, F|100\/100\n|-fieldstart|move: Grassy Terrain|[from] ability: Grassy Surge|[of] p2a: Rillaboom\n|move|p1a: Tapu Lele|Moonblast|p2a: Rillaboom\n|-damage|p2a: Rillaboom|37\/100\n|\n|-heal|p1a: Tapu Lele|94\/100|[from] Grassy Terrain\n|-heal|p2a: Rillaboom|43\/100|[from] Grassy Terrain\n|upkeep\n|turn|4\n|\n|t:|1660664809\n|move|p2a: Rillaboom|Grassy Glide|p1a: Tapu Lele\n|-damage|p1a: Tapu Lele|0 fnt\n|faint|p1a: Tapu Lele\n|-damage|p2a: Rillaboom|33\/100|[from] item: Life Orb\n|\n|-heal|p2a: Rillaboom|39\/100|[from] Grassy Terrain\n|upkeep\n|\n|t:|1660664814\n|switch|p1a: Zapdos|Zapdos-Galar|100\/100\n|-damage|p1a: Zapdos|88\/100|[from] Stealth Rock\n|turn|5\n|\n|t:|1660664816\n|move|p2a: Rillaboom|Grassy Glide|p1a: Zapdos\n|-resisted|p1a: Zapdos\n|-damage|p1a: Zapdos|50\/100\n|-damage|p2a: Rillaboom|29\/100|[from] item: Life Orb\n|move|p1a: Zapdos|Brave Bird|p2a: Rillaboom\n|-supereffective|p2a: Rillaboom\n|-damage|p2a: Rillaboom|0 fnt\n|faint|p2a: Rillaboom\n|-damage|p1a: Zapdos|40\/100|[from] Recoil\n|\n|upkeep\n|\n|t:|1660664819\n|switch|p2a: Kartana|Kartana|100\/100\n|turn|6\n|\n|t:|1660664821\n|move|p2a: Kartana|Leaf Blade|p1a: Zapdos\n|-resisted|p1a: Zapdos\n|-damage|p1a: Zapdos|0 fnt\n|faint|p1a: Zapdos\n|-ability|p2a: Kartana|Beast Boost|boost\n|-boost|p2a: Kartana|atk|1\n|\n|upkeep\n|-message|4G3NC SB forfeited.\n|\n|win|antarctozolt\n|n|\u26064G3NC SB|4g3ncsb\n|n|\u203dantarctozolt|antarctozolt\n|n| Iopenwithspinda|iopenwithspinda\n|n| Zanz5798|zanz5798\n|l|\u26064G3NC SB\n","uploadtime":1660664830,"views":127,"p1id":"4g3ncsb","p2id":"antarctozolt","formatid":"gen8ou","rating":0,"private":0,"password":null}