{"id":"gen8uu-1262051912","p1":"ArcanineSquad","p2":"Solobigbagalert","format":"gen8uu","log":"|j|\u2606ArcanineSquad\n|j|\u2606Solobigbagalert\n|t:|1610627744\n|player|p1|ArcanineSquad|cynthia-gen4|1450\n|player|p2|Solobigbagalert|red-gen1|1474\n|teamsize|p1|6\n|teamsize|p2|6\n|gametype|singles\n|gen|8\n|tier|[Gen 8] UU\n|rated|\n|clearpoke\n|poke|p1|Rotom-Heat|\n|poke|p1|Zeraora|\n|poke|p1|Latias, F|\n|poke|p1|Krookodile, M|\n|poke|p1|Tapu Bulu|\n|poke|p1|Scizor, M|\n|poke|p2|Kyurem|\n|poke|p2|Amoonguss, F|\n|poke|p2|Slowking, F|\n|poke|p2|Terrakion|\n|poke|p2|Zeraora|\n|poke|p2|Celesteela|\n|rule|Sleep Clause Mod: Limit one foe put to sleep\n|rule|Species Clause: Limit one of each Pok\u00e9mon\n|rule|OHKO Clause: OHKO moves are banned\n|rule|Evasion Moves Clause: Evasion moves are banned\n|rule|Endless Battle Clause: Forcing endless battles is banned\n|rule|HP Percentage Mod: HP is shown in percentages\n|rule|Dynamax Clause: You cannot dynamax\n|teampreview\n|inactive|Battle timer is ON: inactive players will automatically lose when time's up. (requested by ArcanineSquad)\n|\n|t:|1610627760\n|start\n|switch|p1a: Zeraora|Zeraora|100\/100\n|switch|p2a: Amoonguss|Amoonguss, F|100\/100\n|turn|1\n|\n|t:|1610627765\n|move|p1a: Zeraora|Volt Switch|p2a: Amoonguss\n|-resisted|p2a: Amoonguss\n|-damage|p2a: Amoonguss|91\/100\n|\n|t:|1610627767\n|switch|p1a: Scizor|Scizor, M, shiny|100\/100|[from]move: Volt Switch\n|move|p2a: Amoonguss|Spore|p1a: Scizor\n|-status|p1a: Scizor|slp|[from] move: Spore\n|\n|upkeep\n|turn|2\n|\n|t:|1610627775\n|switch|p1a: Latias|Latias, F, shiny|100\/100\n|switch|p2a: Zeraora|Zeraora|100\/100\n|\n|upkeep\n|turn|3\n|\n|t:|1610627791\n|switch|p1a: Tapu Bulu|Tapu Bulu, shiny|100\/100\n|-fieldstart|move: Grassy Terrain|[from] ability: Grassy Surge|[of] p1a: Tapu Bulu\n|move|p2a: Zeraora|Knock Off|p1a: Tapu Bulu\n|-resisted|p1a: Tapu Bulu\n|-damage|p1a: Tapu Bulu|84\/100\n|-enditem|p1a: Tapu Bulu|Life Orb|[from] move: Knock Off|[of] p2a: Zeraora\n|\n|-heal|p1a: Tapu Bulu|90\/100|[from] Grassy Terrain\n|upkeep\n|turn|4\n|\n|t:|1610627804\n|switch|p1a: Latias|Latias, F, shiny|100\/100\n|move|p2a: Zeraora|Volt Switch|p1a: Latias\n|-resisted|p1a: Latias\n|-damage|p1a: Latias|91\/100\n|\n|t:|1610627809\n|switch|p2a: Celesteela|Celesteela|100\/100|[from]move: Volt Switch\n|\n|upkeep\n|turn|5\n|\n|t:|1610627814\n|switch|p1a: Rotom|Rotom-Heat, shiny|100\/100\n|move|p2a: Celesteela|Protect||[still]\n|-fail|p2a: Celesteela\n|\n|upkeep\n|turn|6\n|\n|t:|1610627820\n|move|p1a: Rotom|Volt Switch|p2a: Celesteela\n|-supereffective|p2a: Celesteela\n|-damage|p2a: Celesteela|70\/100\n|j| youke\n|\n|t:|1610627825\n|switch|p1a: Zeraora|Zeraora|100\/100|[from]move: Volt Switch\n|move|p2a: Celesteela|Leech Seed|p1a: Zeraora\n|-start|p1a: Zeraora|move: Leech Seed\n|\n|-heal|p2a: Celesteela|76\/100|[from] item: Leftovers\n|-damage|p1a: Zeraora|88\/100|[from] Leech Seed|[of] p2a: Celesteela\n|-heal|p2a: Celesteela|86\/100|[silent]\n|upkeep\n|turn|7\n|\n|t:|1610627833\n|switch|p2a: Amoonguss|Amoonguss, F|100\/100\n|move|p1a: Zeraora|Plasma Fists|p2a: Amoonguss\n|-resisted|p2a: Amoonguss\n|-damage|p2a: Amoonguss|82\/100\n|-fieldactivate|move: Ion Deluge\n|-damage|p1a: Zeraora|72\/100|[from] item: Rocky Helmet|[of] p2a: Amoonguss\n|\n|-heal|p1a: Zeraora|78\/100|[from] Grassy Terrain\n|-heal|p2a: Amoonguss|88\/100|[from] Grassy Terrain\n|-fieldend|move: Grassy Terrain\n|-damage|p1a: Zeraora|65\/100|[from] Leech Seed|[of] p2a: Amoonguss\n|-heal|p2a: Amoonguss|97\/100|[silent]\n|upkeep\n|turn|8\n|\n|t:|1610627843\n|move|p1a: Zeraora|Volt Switch|p2a: Amoonguss\n|-resisted|p2a: Amoonguss\n|-damage|p2a: Amoonguss|87\/100\n|\n|t:|1610627845\n|switch|p1a: Latias|Latias, F, shiny|91\/100|[from]move: Volt Switch\n|move|p2a: Amoonguss|Sludge Bomb|p1a: Latias\n|-damage|p1a: Latias|66\/100\n|\n|upkeep\n|turn|9\n|\n|t:|1610627851\n|switch|p2a: Slowking|Slowking, F|100\/100\n|move|p1a: Latias|Mystical Fire|p2a: Slowking\n|-resisted|p2a: Slowking\n|-damage|p2a: Slowking|89\/100\n|-unboost|p2a: Slowking|spa|1\n|-damage|p1a: Latias|56\/100|[from] item: Life Orb\n|\n|upkeep\n|turn|10\n|\n|t:|1610627857\n|move|p1a: Latias|Roost|p1a: Latias\n|-heal|p1a: Latias|100\/100\n|-singleturn|p1a: Latias|move: Roost\n|move|p2a: Slowking|Future Sight|p1a: Latias\n|-start|p2a: Slowking|move: Future Sight\n|\n|upkeep\n|turn|11\n|\n|t:|1610627861\n|move|p1a: Latias|Mystical Fire|p2a: Slowking\n|-resisted|p2a: Slowking\n|-damage|p2a: Slowking|78\/100\n|-unboost|p2a: Slowking|spa|1\n|-damage|p1a: Latias|91\/100|[from] item: Life Orb\n|move|p2a: Slowking|Teleport|p2a: Slowking\n|\n|t:|1610627864\n|switch|p2a: Zeraora|Zeraora|100\/100|[from]move: Teleport\n|\n|upkeep\n|turn|12\n|\n|t:|1610627871\n|switch|p1a: Tapu Bulu|Tapu Bulu, shiny|90\/100\n|-fieldstart|move: Grassy Terrain|[from] ability: Grassy Surge|[of] p1a: Tapu Bulu\n|move|p2a: Zeraora|Knock Off|p1a: Tapu Bulu\n|-resisted|p1a: Tapu Bulu\n|-damage|p1a: Tapu Bulu|78\/100\n|\n|-end|p1a: Tapu Bulu|move: Future Sight\n|-damage|p1a: Tapu Bulu|29\/100\n|-heal|p1a: Tapu Bulu|35\/100|[from] Grassy Terrain\n|upkeep\n|turn|13\n|\n|t:|1610627880\n|switch|p2a: Amoonguss|Amoonguss, F|100\/100\n|switch|p1a: Krookodile|Krookodile, M|100\/100\n|-ability|p1a: Krookodile|Intimidate|boost\n|-unboost|p2a: Amoonguss|atk|1\n|\n|upkeep\n|turn|14\n|-message|ArcanineSquad forfeited.\n|\n|win|Solobigbagalert\n|l|\u2606ArcanineSquad\n|l|\u2606Solobigbagalert\n|raw|ArcanineSquad's rating: 1450 &rarr; <strong>1431<\/strong><br \/>(-19 for losing)\n|raw|Solobigbagalert's rating: 1475 &rarr; <strong>1493<\/strong><br \/>(+18 for winning)\n","uploadtime":1610627993,"views":18,"p1id":"arcaninesquad","p2id":"solobigbagalert","formatid":"gen8uu","rating":1431,"private":0,"password":null}