{"id":"gen8ou-1427258501","p1":"BRIFYE","p2":"Chonk Tom","format":"gen8ou","log":"|j|\u2606BRIFYE\n|j|\u2606Chonk Tom\n|t:|1633091795\n|gametype|singles\n|player|p1|BRIFYE|266|1535\n|player|p2|Chonk Tom|lucas|1598\n|teamsize|p1|6\n|teamsize|p2|6\n|gen|8\n|tier|[Gen 8] OU\n|rated|\n|rule|Sleep Clause Mod: Limit one foe put to sleep\n|rule|Species Clause: Limit one of each Pok\u00e9mon\n|rule|OHKO Clause: OHKO moves are banned\n|rule|Evasion Moves Clause: Evasion moves are banned\n|rule|Endless Battle Clause: Forcing endless battles is banned\n|rule|HP Percentage Mod: HP is shown in percentages\n|rule|Dynamax Clause: You cannot dynamax\n|clearpoke\n|poke|p1|Urshifu-*, M|\n|poke|p1|Slowking, M|\n|poke|p1|Tapu Koko|\n|poke|p1|Landorus-Therian, M|\n|poke|p1|Weavile, M|\n|poke|p1|Corviknight, F|\n|poke|p2|Haxorus, F|\n|poke|p2|Magnezone|\n|poke|p2|Heatran, M|\n|poke|p2|Weavile, M|\n|poke|p2|Kyurem|\n|poke|p2|Landorus-Therian, M|\n|teampreview\n|inactive|Battle timer is ON: inactive players will automatically lose when time's up. (requested by BRIFYE)\n|inactive|Chonk Tom has 120 seconds left.\n|\n|t:|1633091850\n|start\n|switch|p1a: Urshifu|Urshifu-Rapid-Strike, M|100\/100\n|switch|p2a: Kyurem|Kyurem|100\/100\n|-ability|p2a: Kyurem|Pressure\n|turn|1\n|\n|t:|1633091856\n|move|p2a: Kyurem|Freeze-Dry|p1a: Urshifu\n|-supereffective|p1a: Urshifu\n|-damage|p1a: Urshifu|0 fnt\n|faint|p1a: Urshifu\n|\n|upkeep\n|\n|t:|1633091862\n|switch|p1a: Weavile|Weavile, M|100\/100\n|-ability|p1a: Weavile|Pressure\n|turn|2\n|\n|t:|1633091866\n|switch|p2a: Haxorus|Haxorus, F|100\/100\n|-ability|p2a: Haxorus|Mold Breaker\n|move|p1a: Weavile|Swords Dance|p1a: Weavile\n|-boost|p1a: Weavile|atk|2\n|\n|upkeep\n|turn|3\n|\n|t:|1633091874\n|move|p2a: Haxorus|First Impression|p1a: Weavile\n|-supereffective|p1a: Weavile\n|-damage|p1a: Weavile|0 fnt\n|faint|p1a: Weavile\n|\n|upkeep\n|c|\u2606Chonk Tom|yoooo\n|\n|t:|1633091882\n|switch|p1a: Tapu Koko|Tapu Koko|100\/100\n|-fieldstart|move: Electric Terrain|[from] ability: Electric Surge|[of] p1a: Tapu Koko\n|turn|4\n|c|\u2606BRIFYE|I have been too urged ^^\n|\n|t:|1633091901\n|switch|p2a: Landorus|Landorus-Therian, M|100\/100\n|-ability|p2a: Landorus|Intimidate|boost\n|-unboost|p1a: Tapu Koko|atk|1\n|move|p1a: Tapu Koko|Dazzling Gleam|p2a: Landorus\n|-damage|p2a: Landorus|66\/100\n|\n|-heal|p2a: Landorus|72\/100|[from] item: Leftovers\n|upkeep\n|turn|5\n|\n|t:|1633091910\n|switch|p1a: Landorus|Landorus-Therian, M|100\/100\n|-ability|p1a: Landorus|Intimidate|boost\n|-unboost|p2a: Landorus|atk|1\n|move|p2a: Landorus|U-turn|p1a: Landorus\n|-resisted|p1a: Landorus\n|-damage|p1a: Landorus|93\/100\n|\n|t:|1633091918\n|switch|p2a: Kyurem|Kyurem|100\/100|[from]move: U-turn\n|-ability|p2a: Kyurem|Pressure\n|\n|-heal|p1a: Landorus|99\/100|[from] item: Leftovers\n|upkeep\n|turn|6\n|\n|t:|1633091925\n|switch|p1a: Corviknight|Corviknight, F|100\/100\n|-ability|p1a: Corviknight|Pressure\n|move|p2a: Kyurem|Freeze-Dry|p1a: Corviknight\n|-damage|p1a: Corviknight|63\/100\n|\n|upkeep\n|turn|7\n|\n|t:|1633091939\n|move|p2a: Kyurem|Freeze-Dry|p1a: Corviknight\n|-damage|p1a: Corviknight|27\/100\n|move|p1a: Corviknight|Roost|p1a: Corviknight\n|-heal|p1a: Corviknight|77\/100\n|-singleturn|p1a: Corviknight|move: Roost\n|\n|upkeep\n|turn|8\n|\n|t:|1633091946\n|move|p2a: Kyurem|Freeze-Dry|p1a: Corviknight\n|-damage|p1a: Corviknight|43\/100\n|move|p1a: Corviknight|Roost|p1a: Corviknight\n|-heal|p1a: Corviknight|93\/100\n|-singleturn|p1a: Corviknight|move: Roost\n|\n|-fieldend|move: Electric Terrain\n|upkeep\n|turn|9\n|\n|t:|1633091954\n|switch|p2a: Magnezone|Magnezone|100\/100\n|move|p1a: Corviknight|Brave Bird|p2a: Magnezone\n|-resisted|p2a: Magnezone\n|-damage|p2a: Magnezone|94\/100\n|-damage|p1a: Corviknight|91\/100|[from] Recoil\n|\n|upkeep\n|turn|10\n|\n|t:|1633091961\n|move|p1a: Corviknight|U-turn|p2a: Magnezone\n|-resisted|p2a: Magnezone\n|-crit|p2a: Magnezone\n|-damage|p2a: Magnezone|86\/100\n|\n|t:|1633091964\n|switch|p1a: Landorus|Landorus-Therian, M|99\/100|[from]move: U-turn\n|-ability|p1a: Landorus|Intimidate|boost\n|-unboost|p2a: Magnezone|atk|1\n|move|p2a: Magnezone|Thunderbolt|p1a: Landorus\n|-immune|p1a: Landorus\n|\n|-heal|p1a: Landorus|100\/100|[from] item: Leftovers\n|upkeep\n|turn|11\n|\n|t:|1633091975\n|switch|p2a: Landorus|Landorus-Therian, M|72\/100\n|-ability|p2a: Landorus|Intimidate|boost\n|-unboost|p1a: Landorus|atk|1\n|move|p1a: Landorus|Stealth Rock|p2a: Landorus\n|-sidestart|p2: Chonk Tom|move: Stealth Rock\n|\n|-heal|p2a: Landorus|78\/100|[from] item: Leftovers\n|upkeep\n|turn|12\n|\n|t:|1633091982\n|move|p2a: Landorus|Defog|p1a: Landorus\n|-unboost|p1a: Landorus|evasion|1\n|-sideend|p2: Chonk Tom|Stealth Rock|[from] move: Defog|[of] p2a: Landorus\n|move|p1a: Landorus|Toxic|p2a: Landorus\n|-status|p2a: Landorus|tox\n|\n|-heal|p2a: Landorus|84\/100 tox|[from] item: Leftovers\n|-damage|p2a: Landorus|78\/100 tox|[from] psn\n|upkeep\n|turn|13\n|\n|t:|1633091992\n|move|p2a: Landorus|Toxic|p1a: Landorus\n|-status|p1a: Landorus|tox\n|move|p1a: Landorus|Stealth Rock|p2a: Landorus\n|-sidestart|p2: Chonk Tom|move: Stealth Rock\n|\n|-heal|p2a: Landorus|84\/100 tox|[from] item: Leftovers\n|-damage|p2a: Landorus|72\/100 tox|[from] psn\n|-damage|p1a: Landorus|94\/100 tox|[from] psn\n|upkeep\n|turn|14\n|\n|t:|1633092000\n|move|p2a: Landorus|Defog|p1a: Landorus\n|-unboost|p1a: Landorus|evasion|1\n|-sideend|p2: Chonk Tom|Stealth Rock|[from] move: Defog|[of] p2a: Landorus\n|move|p1a: Landorus|U-turn|p2a: Landorus\n|-resisted|p2a: Landorus\n|-damage|p2a: Landorus|66\/100 tox\n|\n|t:|1633092008\n|switch|p1a: Slowking|Slowking, M|100\/100|[from]move: U-turn\n|\n|-heal|p2a: Landorus|72\/100 tox|[from] item: Leftovers\n|-damage|p2a: Landorus|54\/100 tox|[from] psn\n|upkeep\n|turn|15\n|\n|t:|1633092015\n|move|p2a: Landorus|Toxic|p1a: Slowking\n|-status|p1a: Slowking|tox\n|move|p1a: Slowking|Teleport|p1a: Slowking\n|\n|t:|1633092023\n|switch|p1a: Landorus|Landorus-Therian, M|94\/100 tox|[from]move: Teleport\n|-ability|p1a: Landorus|Intimidate|boost\n|-unboost|p2a: Landorus|atk|1\n|\n|-heal|p2a: Landorus|60\/100 tox|[from] item: Leftovers\n|-heal|p1a: Landorus|100\/100 tox|[from] item: Leftovers\n|-damage|p2a: Landorus|36\/100 tox|[from] psn\n|-damage|p1a: Landorus|94\/100 tox|[from] psn\n|upkeep\n|turn|16\n|\n|t:|1633092033\n|switch|p2a: Weavile|Weavile, M|100\/100\n|-ability|p2a: Weavile|Pressure\n|move|p1a: Landorus|Stealth Rock|p2a: Weavile\n|-sidestart|p2: Chonk Tom|move: Stealth Rock\n|\n|-heal|p1a: Landorus|100\/100 tox|[from] item: Leftovers\n|-damage|p1a: Landorus|88\/100 tox|[from] psn\n|upkeep\n|turn|17\n|\n|t:|1633092043\n|switch|p1a: Corviknight|Corviknight, F|91\/100\n|-ability|p1a: Corviknight|Pressure\n|move|p2a: Weavile|Triple Axel|p1a: Corviknight\n|-damage|p1a: Corviknight|83\/100\n|-damage|p2a: Weavile|84\/100|[from] item: Rocky Helmet|[of] p1a: Corviknight\n|-damage|p1a: Corviknight|69\/100\n|-damage|p2a: Weavile|68\/100|[from] item: Rocky Helmet|[of] p1a: Corviknight\n|-damage|p1a: Corviknight|48\/100\n|-damage|p2a: Weavile|51\/100|[from] item: Rocky Helmet|[of] p1a: Corviknight\n|-hitcount|p1a: Corviknight|3\n|\n|upkeep\n|turn|18\n|\n|t:|1633092056\n|move|p2a: Weavile|Swords Dance|p2a: Weavile\n|-boost|p2a: Weavile|atk|2\n|move|p1a: Corviknight|U-turn|p2a: Weavile\n|-supereffective|p2a: Weavile\n|-damage|p2a: Weavile|4\/100\n|\n|t:|1633092062\n|switch|p1a: Tapu Koko|Tapu Koko|100\/100|[from]move: U-turn\n|-fieldstart|move: Electric Terrain|[from] ability: Electric Surge|[of] p1a: Tapu Koko\n|\n|upkeep\n|turn|19\n|\n|t:|1633092069\n|move|p2a: Weavile|Ice Shard|p1a: Tapu Koko\n|-damage|p1a: Tapu Koko|44\/100\n|move|p1a: Tapu Koko|Dazzling Gleam|p2a: Weavile\n|-supereffective|p2a: Weavile\n|-damage|p2a: Weavile|0 fnt\n|faint|p2a: Weavile\n|\n|upkeep\n|\n|t:|1633092078\n|switch|p2a: Kyurem|Kyurem|100\/100\n|-damage|p2a: Kyurem|76\/100|[from] Stealth Rock\n|-ability|p2a: Kyurem|Pressure\n|turn|20\n|\n|t:|1633092093\n|switch|p1a: Slowking|Slowking, M|100\/100 tox\n|move|p2a: Kyurem|Freeze-Dry|p1a: Slowking\n|-supereffective|p1a: Slowking\n|-damage|p1a: Slowking|51\/100 tox\n|\n|-damage|p1a: Slowking|45\/100 tox|[from] psn\n|upkeep\n|turn|21\n|\n|t:|1633092101\n|move|p2a: Kyurem|Freeze-Dry|p1a: Slowking\n|-supereffective|p1a: Slowking\n|-damage|p1a: Slowking|0 fnt\n|faint|p1a: Slowking\n|\n|upkeep\n|\n|t:|1633092106\n|switch|p1a: Corviknight|Corviknight, F|48\/100\n|-ability|p1a: Corviknight|Pressure\n|turn|22\n|\n|t:|1633092113\n|switch|p2a: Heatran|Heatran, M|100\/100\n|-damage|p2a: Heatran|88\/100|[from] Stealth Rock\n|move|p1a: Corviknight|Roost|p1a: Corviknight\n|-heal|p1a: Corviknight|98\/100\n|-singleturn|p1a: Corviknight|move: Roost\n|\n|-heal|p2a: Heatran|94\/100|[from] item: Leftovers\n|-fieldend|move: Electric Terrain\n|upkeep\n|turn|23\n|\n|t:|1633092122\n|move|p2a: Heatran|Stealth Rock|p1a: Corviknight\n|-sidestart|p1: BRIFYE|move: Stealth Rock\n|move|p1a: Corviknight|U-turn|p2a: Heatran\n|-resisted|p2a: Heatran\n|-damage|p2a: Heatran|91\/100\n|\n|t:|1633092129\n|switch|p1a: Landorus|Landorus-Therian, M|88\/100 tox|[from]move: U-turn\n|-damage|p1a: Landorus|76\/100 tox|[from] Stealth Rock\n|-ability|p1a: Landorus|Intimidate|boost\n|-unboost|p2a: Heatran|atk|1\n|\n|-heal|p2a: Heatran|98\/100|[from] item: Leftovers\n|-heal|p1a: Landorus|82\/100 tox|[from] item: Leftovers\n|-damage|p1a: Landorus|76\/100 tox|[from] psn\n|upkeep\n|turn|24\n|\n|t:|1633092138\n|switch|p2a: Landorus|Landorus-Therian, M|36\/100 tox\n|-damage|p2a: Landorus|24\/100 tox|[from] Stealth Rock\n|-ability|p2a: Landorus|Intimidate|boost\n|-unboost|p1a: Landorus|atk|1\n|move|p1a: Landorus|Earthquake|p2a: Landorus\n|-immune|p2a: Landorus\n|\n|-heal|p2a: Landorus|30\/100 tox|[from] item: Leftovers\n|-heal|p1a: Landorus|82\/100 tox|[from] item: Leftovers\n|-damage|p2a: Landorus|24\/100 tox|[from] psn\n|-damage|p1a: Landorus|70\/100 tox|[from] psn\n|upkeep\n|turn|25\n|\n|t:|1633092150\n|move|p2a: Landorus|U-turn|p1a: Landorus\n|-resisted|p1a: Landorus\n|-crit|p1a: Landorus\n|-damage|p1a: Landorus|53\/100 tox\n|\n|t:|1633092154\n|switch|p2a: Heatran|Heatran, M|98\/100|[from]move: U-turn\n|-damage|p2a: Heatran|85\/100|[from] Stealth Rock\n|move|p1a: Landorus|U-turn|p2a: Heatran\n|-resisted|p2a: Heatran\n|-damage|p2a: Heatran|82\/100\n|\n|t:|1633092160\n|switch|p1a: Tapu Koko|Tapu Koko|44\/100|[from]move: U-turn\n|-fieldstart|move: Electric Terrain|[from] ability: Electric Surge|[of] p1a: Tapu Koko\n|\n|-heal|p2a: Heatran|88\/100|[from] item: Leftovers\n|upkeep\n|turn|26\n|\n|t:|1633092167\n|move|p1a: Tapu Koko|Volt Switch|p2a: Heatran\n|-damage|p2a: Heatran|66\/100\n|\n|t:|1633092172\n|switch|p1a: Corviknight|Corviknight, F|98\/100|[from]move: Volt Switch\n|-damage|p1a: Corviknight|85\/100|[from] Stealth Rock\n|-ability|p1a: Corviknight|Pressure\n|move|p2a: Heatran|Magma Storm|p1a: Corviknight\n|-supereffective|p1a: Corviknight\n|-crit|p1a: Corviknight\n|-damage|p1a: Corviknight|0 fnt\n|faint|p1a: Corviknight\n|\n|-heal|p2a: Heatran|72\/100|[from] item: Leftovers\n|upkeep\n|c|\u2606Chonk Tom|gg\n|\n|t:|1633092183\n|switch|p1a: Landorus|Landorus-Therian, M|53\/100 tox\n|-damage|p1a: Landorus|41\/100 tox|[from] Stealth Rock\n|-ability|p1a: Landorus|Intimidate|boost\n|-unboost|p2a: Heatran|atk|1\n|turn|27\n|\n|t:|1633092188\n|switch|p2a: Landorus|Landorus-Therian, M|24\/100 tox\n|-damage|p2a: Landorus|11\/100 tox|[from] Stealth Rock\n|-ability|p2a: Landorus|Intimidate|boost\n|-unboost|p1a: Landorus|atk|1\n|move|p1a: Landorus|Earthquake|p2a: Landorus\n|-immune|p2a: Landorus\n|\n|-heal|p2a: Landorus|18\/100 tox|[from] item: Leftovers\n|-heal|p1a: Landorus|47\/100 tox|[from] item: Leftovers\n|-damage|p2a: Landorus|11\/100 tox|[from] psn\n|-damage|p1a: Landorus|41\/100 tox|[from] psn\n|upkeep\n|turn|28\n|\n|t:|1633092200\n|move|p2a: Landorus|Defog|p1a: Landorus\n|-unboost|p1a: Landorus|evasion|1\n|-sideend|p1: BRIFYE|Stealth Rock|[from] move: Defog|[of] p2a: Landorus\n|-sideend|p2: Chonk Tom|Stealth Rock|[from] move: Defog|[of] p2a: Landorus\n|-fieldend|move: Electric Terrain\n|move|p1a: Landorus|U-turn|p2a: Landorus\n|-resisted|p2a: Landorus\n|-damage|p2a: Landorus|6\/100 tox\n|\n|t:|1633092207\n|switch|p1a: Tapu Koko|Tapu Koko|44\/100|[from]move: U-turn\n|-fieldstart|move: Electric Terrain|[from] ability: Electric Surge|[of] p1a: Tapu Koko\n|\n|-heal|p2a: Landorus|12\/100 tox|[from] item: Leftovers\n|-damage|p2a: Landorus|0 fnt|[from] psn\n|faint|p2a: Landorus\n|upkeep\n|\n|t:|1633092209\n|switch|p2a: Kyurem|Kyurem|76\/100\n|-ability|p2a: Kyurem|Pressure\n|turn|29\n|\n|t:|1633092221\n|move|p2a: Kyurem|Ice Beam|p1a: Tapu Koko\n|-damage|p1a: Tapu Koko|0 fnt\n|faint|p1a: Tapu Koko\n|\n|upkeep\n|c|\u2606BRIFYE|gg\n|-message|BRIFYE forfeited.\n|\n|win|Chonk Tom\n|raw|BRIFYE's rating: 1535 &rarr; <strong>1519<\/strong><br \/>(-16 for losing)\n|raw|Chonk Tom's rating: 1598 &rarr; <strong>1614<\/strong><br \/>(+16 for winning)\n|l|\u2606BRIFYE\n","uploadtime":1633092229,"views":24,"p1id":"brifye","p2id":"chonktom","formatid":"gen8ou","rating":1519,"private":0,"password":null}