{"id":"gen8waterparadise-1371149130","p1":"CoilBuilderVGC","p2":"lebanesestinker","format":"gen8waterparadise","log":"|j|\u2606CoilBuilderVGC\n|j|\u2606lebanesestinker\n|t:|1625512108\n|gametype|singles\n|player|p1|CoilBuilderVGC|dancer|1155\n|player|p2|lebanesestinker|policeman|1088\n|teamsize|p1|6\n|teamsize|p2|6\n|gen|8\n|tier|[Gen 8] Water Paradise\n|rated|\n|rule|Species Clause: Limit one of each Pok\u00e9mon\n|rule|Item Clause: Limit one of each item\n|clearpoke\n|poke|p1|Rotom-Wash, L50|\n|poke|p1|Gyarados, L50, M|\n|poke|p1|Relicanth, L50, F|\n|poke|p1|Starmie, L50|\n|poke|p1|Ludicolo, L50, M|\n|poke|p1|Lapras, L50, F|\n|poke|p2|Barbaracle, L50, F|\n|poke|p2|Ludicolo, L50, M|\n|poke|p2|Starmie, L50|\n|poke|p2|Lanturn, L50, M|\n|poke|p2|Sharpedo, L50, M|\n|poke|p2|Gyarados, L50, F|\n|teampreview|3\n|\n|t:|1625512134\n|start\n|switch|p1a: Relicanth|Relicanth, L50, F|100\/100\n|switch|p2a: Lanturn|Lanturn, L50, M|100\/100\n|turn|1\n|inactive|Battle timer is ON: inactive players will automatically lose when time's up. (requested by CoilBuilderVGC)\n|inactive|lebanesestinker also wants the timer to be on.\n|\n|t:|1625512138\n|move|p1a: Relicanth|Yawn|p2a: Lanturn\n|-start|p2a: Lanturn|move: Yawn|[of] p1a: Relicanth\n|move|p2a: Lanturn|Thunderbolt|p1a: Relicanth\n|-supereffective|p1a: Relicanth\n|-damage|p1a: Relicanth|24\/100\n|\n|upkeep\n|turn|2\n|-enditem|p1a: Relicanth|Custap Berry|[eat]\n|-activate|p1a: Relicanth|item: Custap Berry|[consumed]\n|\n|t:|1625512148\n|move|p1a: Relicanth|Head Smash|p2a: Lanturn\n|-damage|p2a: Lanturn|52\/100\n|-damage|p1a: Relicanth|8\/100|[from] item: Rocky Helmet|[of] p2a: Lanturn\n|-damage|p1a: Relicanth|0 fnt|[from] Recoil\n|faint|p1a: Relicanth\n|move|p2a: Lanturn|Volt Switch|p1: Relicanth|[notarget]\n|-fail|p2a: Lanturn\n|\n|-end|p2a: Lanturn|move: Yawn|[silent]\n|-status|p2a: Lanturn|slp\n|upkeep\n|\n|t:|1625512156\n|switch|p1a: Ludicolo|Ludicolo, L50, M|100\/100\n|turn|3\n|\n|t:|1625512160\n|switch|p2a: Gyarados|Gyarados, L50, F|100\/100\n|move|p1a: Ludicolo|Swords Dance|p1a: Ludicolo\n|-boost|p1a: Ludicolo|atk|2\n|\n|upkeep\n|turn|4\n|\n|t:|1625512169\n|-start|p2a: Gyarados|Dynamax\n|-heal|p2a: Gyarados|100\/100|[silent]\n|-start|p1a: Ludicolo|Dynamax\n|-heal|p1a: Ludicolo|100\/100|[silent]\n|move|p2a: Gyarados|Max Airstream|p1a: Ludicolo\n|-supereffective|p1a: Ludicolo\n|-enditem|p1a: Ludicolo|Coba Berry|[eat]\n|-enditem|p1a: Ludicolo|Coba Berry|[weaken]\n|-damage|p1a: Ludicolo|44\/100\n|-boost|p2a: Gyarados|spe|1\n|move|p1a: Ludicolo|Max Geyser|p2a: Gyarados\n|-resisted|p2a: Gyarados\n|-damage|p2a: Gyarados|70\/100\n|-weather|RainDance\n|\n|-weather|RainDance|[upkeep]\n|upkeep\n|turn|5\n|inactive|CoilBuilderVGC has 120 seconds left.\n|inactive|CoilBuilderVGC has 90 seconds left.\n|inactive|CoilBuilderVGC has 60 seconds left.\n|inactive|CoilBuilderVGC has 30 seconds left.\n|inactive|CoilBuilderVGC has 20 seconds left.\n|inactive|CoilBuilderVGC has 15 seconds left.\n|\n|t:|1625512310\n|move|p1a: Ludicolo|Max Lightning|p2a: Gyarados\n|-supereffective|p2a: Gyarados\n|-damage|p2a: Gyarados|0 fnt\n|-fieldstart|move: Electric Terrain\n|faint|p2a: Gyarados\n|\n|-weather|RainDance|[upkeep]\n|upkeep\n|inactive|CoilBuilderVGC has 20 seconds left this turn.\n|\n|t:|1625512318\n|switch|p2a: Lanturn|Lanturn, L50, M|52\/100 slp\n|turn|6\n|inactive|CoilBuilderVGC has 30 seconds left this turn.\n|\n|t:|1625512322\n|move|p1a: Ludicolo|Max Overgrowth|p2a: Lanturn\n|-supereffective|p2a: Lanturn\n|-damage|p2a: Lanturn|0 fnt\n|-fieldstart|move: Grassy Terrain\n|faint|p2a: Lanturn\n|\n|-weather|RainDance|[upkeep]\n|-heal|p1a: Ludicolo|47\/100|[from] Grassy Terrain\n|-end|p1a: Ludicolo|Dynamax\n|-heal|p1a: Ludicolo|47\/100|[silent]\n|upkeep\n|\n|t:|1625512326\n|switch|p2a: Barbaracle|Barbaracle, L50, F|100\/100\n|turn|7\n|\n|t:|1625512332\n|move|p1a: Ludicolo|Grassy Glide|p2a: Barbaracle\n|-supereffective|p2a: Barbaracle\n|-enditem|p2a: Barbaracle|Focus Sash\n|-damage|p2a: Barbaracle|1\/100\n|move|p2a: Barbaracle|Stone Edge|p1a: Ludicolo\n|-damage|p1a: Ludicolo|0 fnt\n|faint|p1a: Ludicolo\n|\n|-weather|RainDance|[upkeep]\n|-heal|p2a: Barbaracle|7\/100|[from] Grassy Terrain\n|upkeep\n|\n|t:|1625512335\n|switch|p1a: Starmie|Starmie, L50|100\/100\n|turn|8\n|\n|t:|1625512340\n|move|p1a: Starmie|Thunderbolt|p2a: Barbaracle\n|-supereffective|p2a: Barbaracle\n|-damage|p2a: Barbaracle|0 fnt\n|faint|p2a: Barbaracle\n|\n|win|CoilBuilderVGC\n|raw|CoilBuilderVGC's rating: 1155 &rarr; <strong>1175<\/strong><br \/>(+20 for winning)\n|raw|lebanesestinker's rating: 1088 &rarr; <strong>1069<\/strong><br \/>(-19 for losing)\n|l|\u2606lebanesestinker\n|l|\u2606CoilBuilderVGC\n||Ladder isn't responding, score probably updated but might not have (Request timeout).\n","uploadtime":1625512469,"views":2,"p1id":"coilbuildervgc","p2id":"lebanesestinker","formatid":"gen8waterparadise","rating":1069,"private":0,"password":null}