{"id":"gen8zu-1678776376","p1":"ayevon","p2":"wacko jim","format":"gen8zu","log":"|j|\u2606ayevon\n|j|\u2606wacko jim\n|t:|1665022693\n|gametype|singles\n|player|p1|ayevon|170|\n|player|p2|wacko jim|psychic-gen3rs|\n|teamsize|p1|6\n|teamsize|p2|6\n|gen|8\n|tier|[Gen 8] ZU\n|rated|Tournament battle\n|rule|Sleep Clause Mod: Limit one foe put to sleep\n|rule|Species Clause: Limit one of each Pok\u00e9mon\n|rule|OHKO Clause: OHKO moves are banned\n|rule|Evasion Items Clause: Evasion items are banned\n|rule|Evasion Moves Clause: Evasion moves are banned\n|rule|Endless Battle Clause: Forcing endless battles is banned\n|rule|HP Percentage Mod: HP is shown in percentages\n|rule|Dynamax Clause: You cannot dynamax\n|clearpoke\n|poke|p1|Rhydon, F|\n|poke|p1|Thwackey, M|\n|poke|p1|Qwilfish, F|\n|poke|p1|Perrserker, F|\n|poke|p1|Cofagrigus, M|\n|poke|p1|Skuntank, F|\n|poke|p2|Kabutops, F|\n|poke|p2|Morpeko, M|\n|poke|p2|Palossand, F|\n|poke|p2|Cryogonal|\n|poke|p2|Pinsir, F|\n|poke|p2|Unfezant, F|\n|teampreview\n|inactive|Battle timer is ON: inactive players will automatically lose when time's up. (requested by ayevon)\n|c|\u2606wacko jim|hf\n|c|\u2606ayevon|hf bro\n|inactive|ayevon has 120 seconds left.\n|\n|t:|1665022731\n|start\n|switch|p1a: Thwackey|Thwackey, M|100\/100\n|switch|p2a: Pinsir|Pinsir, F|100\/100\n|-fieldstart|move: Grassy Terrain|[from] ability: Grassy Surge|[of] p1a: Thwackey\n|turn|1\n|\n|t:|1665022756\n|switch|p1a: Rhydon|Rhydon, F|100\/100\n|move|p2a: Pinsir|Knock Off|p1a: Rhydon\n|-damage|p1a: Rhydon|85\/100\n|-enditem|p1a: Rhydon|Eviolite|[from] move: Knock Off|[of] p2a: Pinsir\n|\n|-heal|p1a: Rhydon|91\/100|[from] Grassy Terrain\n|upkeep\n|turn|2\n|\n|t:|1665022760\n|switch|p2a: Palossand|Palossand, F|100\/100\n|move|p1a: Rhydon|Stealth Rock|p2a: Palossand\n|-sidestart|p2: wacko jim|move: Stealth Rock\n|\n|-heal|p1a: Rhydon|97\/100|[from] Grassy Terrain\n|upkeep\n|turn|3\n|\n|t:|1665022764\n|switch|p1a: Thwackey|Thwackey, M|100\/100\n|move|p2a: Palossand|Stealth Rock|p1a: Thwackey\n|-sidestart|p1: ayevon|move: Stealth Rock\n|\n|upkeep\n|turn|4\n|\n|t:|1665022770\n|switch|p2a: Pinsir|Pinsir, F|100\/100\n|move|p1a: Thwackey|Wood Hammer|p2a: Pinsir\n|-resisted|p2a: Pinsir\n|-damage|p2a: Pinsir|43\/100\n|-damage|p1a: Thwackey|82\/100|[from] Recoil\n|\n|-heal|p2a: Pinsir|49\/100|[from] Grassy Terrain\n|-heal|p1a: Thwackey|88\/100|[from] Grassy Terrain\n|upkeep\n|turn|5\n|\n|t:|1665022778\n|switch|p1a: Rhydon|Rhydon, F|97\/100\n|-damage|p1a: Rhydon|91\/100|[from] Stealth Rock\n|move|p2a: Pinsir|Knock Off|p1a: Rhydon\n|-damage|p1a: Rhydon|74\/100\n|\n|-heal|p2a: Pinsir|55\/100|[from] Grassy Terrain\n|-heal|p1a: Rhydon|80\/100|[from] Grassy Terrain\n|-fieldend|move: Grassy Terrain\n|upkeep\n|turn|6\n|\n|t:|1665022789\n|switch|p1a: Cofagrigus|Cofagrigus, M|100\/100\n|-damage|p1a: Cofagrigus|88\/100|[from] Stealth Rock\n|move|p2a: Pinsir|Close Combat|p1a: Cofagrigus\n|-immune|p1a: Cofagrigus\n|\n|upkeep\n|turn|7\n|\n|t:|1665022796\n|move|p2a: Pinsir|Swords Dance|p2a: Pinsir\n|-boost|p2a: Pinsir|atk|2\n|move|p1a: Cofagrigus|Shadow Ball|p2a: Pinsir\n|-damage|p2a: Pinsir|13\/100\n|\n|upkeep\n|turn|8\n|\n|t:|1665022800\n|move|p2a: Pinsir|Knock Off|p1a: Cofagrigus\n|-supereffective|p1a: Cofagrigus\n|-enditem|p1a: Cofagrigus|Colbur Berry|[eat]\n|-enditem|p1a: Cofagrigus|Colbur Berry|[weaken]\n|-damage|p1a: Cofagrigus|48\/100\n|-activate|p1a: Cofagrigus|ability: Mummy|Moxie|[of] p2a: Pinsir\n|move|p1a: Cofagrigus|Shadow Ball|p2a: Pinsir\n|-damage|p2a: Pinsir|0 fnt\n|faint|p2a: Pinsir\n|\n|upkeep\n|\n|t:|1665022804\n|switch|p2a: Morpeko|Morpeko, M|100\/100\n|-damage|p2a: Morpeko|88\/100|[from] Stealth Rock\n|turn|9\n|\n|t:|1665022810\n|switch|p1a: Rhydon|Rhydon, F|80\/100\n|-damage|p1a: Rhydon|74\/100|[from] Stealth Rock\n|move|p2a: Morpeko|Crunch|p1a: Rhydon\n|-damage|p1a: Rhydon|40\/100\n|\n|-formechange|p2a: Morpeko|Morpeko-Hangry||[from] ability: Hunger Switch\n|upkeep\n|turn|10\n|\n|t:|1665022822\n|switch|p2a: Cryogonal|Cryogonal|100\/100\n|move|p1a: Rhydon|High Horsepower|p2a: Cryogonal\n|-immune|p2a: Cryogonal|[from] ability: Levitate\n|\n|upkeep\n|turn|11\n|\n|t:|1665022833\n|switch|p2a: Palossand|Palossand, F|100\/100\n|-damage|p2a: Palossand|94\/100|[from] Stealth Rock\n|switch|p1a: Perrserker|Perrserker, F|100\/100\n|-damage|p1a: Perrserker|94\/100|[from] Stealth Rock\n|\n|upkeep\n|turn|12\n|\n|t:|1665022838\n|switch|p1a: Thwackey|Thwackey, M|88\/100\n|-damage|p1a: Thwackey|76\/100|[from] Stealth Rock\n|-fieldstart|move: Grassy Terrain|[from] ability: Grassy Surge|[of] p1a: Thwackey\n|move|p2a: Palossand|Shadow Ball|p1a: Thwackey\n|-damage|p1a: Thwackey|30\/100\n|\n|-heal|p1a: Thwackey|36\/100|[from] Grassy Terrain\n|-heal|p2a: Palossand|100\/100|[from] Grassy Terrain\n|upkeep\n|turn|13\n|\n|t:|1665022844\n|switch|p2a: Kabutops|Kabutops, F|100\/100\n|-damage|p2a: Kabutops|88\/100|[from] Stealth Rock\n|move|p1a: Thwackey|Grassy Glide|p2a: Kabutops\n|-supereffective|p2a: Kabutops\n|-damage|p2a: Kabutops|0 fnt\n|faint|p2a: Kabutops\n|\n|-heal|p1a: Thwackey|42\/100|[from] Grassy Terrain\n|upkeep\n|\n|t:|1665022848\n|switch|p2a: Unfezant|Unfezant, F|100\/100\n|-damage|p2a: Unfezant|76\/100|[from] Stealth Rock\n|turn|14\n|\n|t:|1665022852\n|switch|p1a: Qwilfish|Qwilfish, F|100\/100\n|-damage|p1a: Qwilfish|88\/100|[from] Stealth Rock\n|-ability|p1a: Qwilfish|Intimidate|boost\n|-unboost|p2a: Unfezant|atk|1\n|move|p2a: Unfezant|U-turn|p1a: Qwilfish\n|-resisted|p1a: Qwilfish\n|-damage|p1a: Qwilfish|81\/100\n|\n|t:|1665022857\n|switch|p2a: Morpeko|Morpeko, M|88\/100|[from]move: U-turn\n|-damage|p2a: Morpeko|76\/100|[from] Stealth Rock\n|\n|-heal|p2a: Morpeko|82\/100|[from] Grassy Terrain\n|-heal|p1a: Qwilfish|87\/100|[from] Grassy Terrain\n|-heal|p1a: Qwilfish|93\/100|[from] item: Black Sludge\n|-formechange|p2a: Morpeko|Morpeko-Hangry||[from] ability: Hunger Switch\n|upkeep\n|turn|15\n|\n|t:|1665022863\n|move|p2a: Morpeko|Aura Wheel|p1a: Qwilfish\n|-damage|p1a: Qwilfish|16\/100\n|-boost|p2a: Morpeko|spe|1\n|move|p1a: Qwilfish|Liquidation|p2a: Morpeko\n|-damage|p2a: Morpeko|27\/100\n|\n|-heal|p2a: Morpeko|33\/100|[from] Grassy Terrain\n|-heal|p1a: Qwilfish|22\/100|[from] Grassy Terrain\n|-heal|p1a: Qwilfish|28\/100|[from] item: Black Sludge\n|-formechange|p2a: Morpeko|Morpeko||[from] ability: Hunger Switch\n|upkeep\n|turn|16\n|\n|t:|1665022870\n|switch|p2a: Cryogonal|Cryogonal|100\/100\n|move|p1a: Qwilfish|Liquidation|p2a: Cryogonal\n|-damage|p2a: Cryogonal|53\/100\n|\n|-heal|p1a: Qwilfish|34\/100|[from] Grassy Terrain\n|-heal|p1a: Qwilfish|40\/100|[from] item: Black Sludge\n|-fieldend|move: Grassy Terrain\n|upkeep\n|turn|17\n|\n|t:|1665022878\n|switch|p1a: Perrserker|Perrserker, F|94\/100\n|-damage|p1a: Perrserker|88\/100|[from] Stealth Rock\n|move|p2a: Cryogonal|Freeze-Dry|p1a: Perrserker\n|-resisted|p1a: Perrserker\n|-damage|p1a: Perrserker|70\/100\n|\n|upkeep\n|turn|18\n|\n|t:|1665022882\n|move|p2a: Cryogonal|Defog|p1a: Perrserker\n|-unboost|p1a: Perrserker|evasion|1\n|-sideend|p1: ayevon|Stealth Rock|[from] move: Defog|[of] p2a: Cryogonal\n|-sideend|p2: wacko jim|Stealth Rock|[from] move: Defog|[of] p2a: Cryogonal\n|move|p1a: Perrserker|Iron Head|p2a: Cryogonal\n|-supereffective|p2a: Cryogonal\n|-damage|p2a: Cryogonal|0 fnt\n|faint|p2a: Cryogonal\n|\n|upkeep\n|\n|t:|1665022886\n|switch|p2a: Morpeko|Morpeko, M|33\/100\n|turn|19\n|\n|t:|1665022893\n|move|p2a: Morpeko|Aura Wheel|p1a: Perrserker\n|-damage|p1a: Perrserker|0 fnt\n|-boost|p2a: Morpeko|spe|1\n|faint|p1a: Perrserker\n|\n|-formechange|p2a: Morpeko|Morpeko-Hangry||[from] ability: Hunger Switch\n|upkeep\n|\n|t:|1665022896\n|switch|p1a: Thwackey|Thwackey, M|42\/100\n|-fieldstart|move: Grassy Terrain|[from] ability: Grassy Surge|[of] p1a: Thwackey\n|turn|20\n|c|\u2606ayevon|jesus\n|\n|t:|1665022907\n|move|p1a: Thwackey|Grassy Glide|p2a: Morpeko\n|-damage|p2a: Morpeko|0 fnt\n|faint|p2a: Morpeko\n|\n|-heal|p1a: Thwackey|48\/100|[from] Grassy Terrain\n|upkeep\n|\n|t:|1665022908\n|switch|p2a: Unfezant|Unfezant, F|76\/100\n|turn|21\n|\n|t:|1665022913\n|switch|p1a: Qwilfish|Qwilfish, F|40\/100\n|-ability|p1a: Qwilfish|Intimidate|boost\n|-unboost|p2a: Unfezant|atk|1\n|move|p2a: Unfezant|Brave Bird|p1a: Qwilfish\n|-damage|p1a: Qwilfish|3\/100\n|-damage|p2a: Unfezant|62\/100|[from] Recoil\n|\n|-heal|p1a: Qwilfish|9\/100|[from] Grassy Terrain\n|-heal|p1a: Qwilfish|15\/100|[from] item: Black Sludge\n|upkeep\n|turn|22\n|\n|t:|1665022917\n|move|p2a: Unfezant|Brave Bird|p1a: Qwilfish\n|-damage|p1a: Qwilfish|0 fnt\n|faint|p1a: Qwilfish\n|-damage|p2a: Unfezant|57\/100|[from] Recoil\n|\n|upkeep\n|\n|t:|1665022923\n|switch|p1a: Rhydon|Rhydon, F|40\/100\n|turn|23\n|c|\u2606wacko jim|crit everything\n|\n|t:|1665022929\n|switch|p2a: Palossand|Palossand, F|100\/100\n|move|p1a: Rhydon|Stealth Rock|p2a: Palossand\n|-sidestart|p2: wacko jim|move: Stealth Rock\n|\n|-heal|p1a: Rhydon|46\/100|[from] Grassy Terrain\n|upkeep\n|turn|24\n|\n|t:|1665022934\n|move|p1a: Rhydon|Swords Dance|p1a: Rhydon\n|-boost|p1a: Rhydon|atk|2\n|move|p2a: Palossand|Shadow Ball|p1a: Rhydon\n|-damage|p1a: Rhydon|12\/100\n|\n|-heal|p1a: Rhydon|18\/100|[from] Grassy Terrain\n|-fieldend|move: Grassy Terrain\n|upkeep\n|turn|25\n|\n|t:|1665022939\n|move|p1a: Rhydon|High Horsepower|p2a: Palossand\n|-damage|p2a: Palossand|37\/100\n|move|p2a: Palossand|Stealth Rock|p1a: Rhydon\n|-sidestart|p1: ayevon|move: Stealth Rock\n|\n|upkeep\n|turn|26\n|\n|t:|1665022941\n|move|p1a: Rhydon|High Horsepower|p2a: Palossand\n|-damage|p2a: Palossand|0 fnt\n|faint|p2a: Palossand\n|\n|upkeep\n|\n|t:|1665022943\n|switch|p2a: Unfezant|Unfezant, F|57\/100\n|-damage|p2a: Unfezant|32\/100|[from] Stealth Rock\n|turn|27\n|\n|t:|1665022948\n|move|p2a: Unfezant|Brave Bird|p1a: Rhydon\n|-resisted|p1a: Rhydon\n|-damage|p1a: Rhydon|0 fnt\n|faint|p1a: Rhydon\n|-damage|p2a: Unfezant|24\/100|[from] Recoil\n|\n|upkeep\n|\n|t:|1665022950\n|switch|p1a: Skuntank|Skuntank, F|100\/100\n|-damage|p1a: Skuntank|88\/100|[from] Stealth Rock\n|turn|28\n|c|\u2606wacko jim|gg\n|c|\u2606ayevon|gg\n|\n|t:|1665022955\n|move|p2a: Unfezant|Brave Bird|p1a: Skuntank\n|-damage|p1a: Skuntank|10\/100\n|-damage|p2a: Unfezant|0 fnt|[from] Recoil\n|faint|p2a: Unfezant\n|\n|win|ayevon\n|n|\u2606ayevon|ayevon\n|n|\u2606wacko jim|wackojim\n","uploadtime":1665022956,"views":15,"p1id":"ayevon","p2id":"wackojim","formatid":"gen8zu","rating":0,"private":0,"password":null}