{"id":"gen8randombattle-1706975680","p1":"PMCJTMred","p2":"SheCan'tBuildATeam","format":"gen8randombattle","log":"|j|\u2606PMCJTMred\n|j|\u2606SheCan'tBuildATeam\n|t:|1668038055\n|gametype|singles\n|player|p1|PMCJTMred|ethan|1413\n|player|p2|SheCan'tBuildATeam|dawn|1408\n|teamsize|p1|6\n|teamsize|p2|6\n|gen|8\n|tier|[Gen 8] Random Battle\n|rated|\n|rule|Species Clause: Limit one of each Pok\u00e9mon\n|rule|HP Percentage Mod: HP is shown in percentages\n|rule|Sleep Clause Mod: Limit one foe put to sleep\n|\n|t:|1668038055\n|start\n|switch|p1a: Bewear|Bewear, L82, F|331\/331\n|switch|p2a: Dragonite|Dragonite, L75, F|260\/260\n|turn|1\n|inactive|Battle timer is ON: inactive players will automatically lose when time's up. (requested by PMCJTMred)\n|\n|t:|1668038072\n|move|p2a: Dragonite|Dragon Dance|p2a: Dragonite\n|-boost|p2a: Dragonite|atk|1\n|-boost|p2a: Dragonite|spe|1\n|move|p1a: Bewear|Double-Edge|p2a: Dragonite\n|-damage|p2a: Dragonite|166\/260\n|-damage|p1a: Bewear|300\/331|[from] Recoil\n|-damage|p1a: Bewear|267\/331|[from] item: Life Orb\n|\n|upkeep\n|turn|2\n|\n|t:|1668038081\n|move|p2a: Dragonite|Dragon Dance|p2a: Dragonite\n|-boost|p2a: Dragonite|atk|1\n|-boost|p2a: Dragonite|spe|1\n|move|p1a: Bewear|Double-Edge|p2a: Dragonite\n|-damage|p2a: Dragonite|0 fnt\n|faint|p2a: Dragonite\n|-damage|p1a: Bewear|212\/331|[from] Recoil\n|-damage|p1a: Bewear|179\/331|[from] item: Life Orb\n|\n|upkeep\n|\n|t:|1668038091\n|switch|p2a: Jellicent|Jellicent, L84, F|305\/305\n|turn|3\n|\n|t:|1668038113\n|move|p2a: Jellicent|Scald|p1a: Bewear\n|-damage|p1a: Bewear|74\/331\n|move|p1a: Bewear|Darkest Lariat|p2a: Jellicent\n|-supereffective|p2a: Jellicent\n|-damage|p2a: Jellicent|74\/305\n|-damage|p1a: Bewear|41\/331|[from] item: Life Orb\n|\n|-heal|p2a: Jellicent|93\/305|[from] item: Leftovers\n|upkeep\n|turn|4\n|\n|t:|1668038130\n|move|p2a: Jellicent|Scald|p1a: Bewear\n|-damage|p1a: Bewear|0 fnt\n|faint|p1a: Bewear\n|\n|-heal|p2a: Jellicent|112\/305|[from] item: Leftovers\n|upkeep\n|\n|t:|1668038139\n|switch|p1a: Durant|Durant, L78, M|219\/219\n|turn|5\n|\n|t:|1668038160\n|move|p1a: Durant|Hone Claws|p1a: Durant\n|-boost|p1a: Durant|atk|1\n|-boost|p1a: Durant|accuracy|1\n|move|p2a: Jellicent|Recover|p2a: Jellicent\n|-heal|p2a: Jellicent|265\/305\n|\n|-heal|p2a: Jellicent|284\/305|[from] item: Leftovers\n|upkeep\n|turn|6\n|\n|t:|1668038175\n|move|p1a: Durant|Rock Slide|p2a: Jellicent\n|-damage|p2a: Jellicent|122\/305\n|-damage|p1a: Durant|198\/219|[from] item: Life Orb\n|move|p2a: Jellicent|Shadow Ball|p1a: Durant\n|-damage|p1a: Durant|62\/219\n|\n|-heal|p2a: Jellicent|141\/305|[from] item: Leftovers\n|upkeep\n|turn|7\n|inactive|SheCan'tBuildATeam has 120 seconds left.\n|\n|t:|1668038191\n|move|p1a: Durant|Rock Slide|p2a: Jellicent\n|-damage|p2a: Jellicent|0 fnt\n|faint|p2a: Jellicent\n|-damage|p1a: Durant|41\/219|[from] item: Life Orb\n|\n|upkeep\n|inactive|SheCan'tBuildATeam has 120 seconds left.\n|\n|t:|1668038197\n|switch|p2a: Porygon2|Porygon2, L82|274\/274\n|-ability|p2a: Porygon2|Hustle|[from] ability: Trace|[of] p1a: Durant\n|turn|8\n|\n|t:|1668038205\n|move|p1a: Durant|Superpower|p2a: Porygon2\n|-supereffective|p2a: Porygon2\n|-damage|p2a: Porygon2|0 fnt\n|-unboost|p1a: Durant|atk|1\n|-unboost|p1a: Durant|def|1\n|faint|p2a: Porygon2\n|-damage|p1a: Durant|20\/219|[from] item: Life Orb\n|\n|upkeep\n|inactive|SheCan'tBuildATeam has 120 seconds left.\n|\n|t:|1668038215\n|switch|p2a: Tangrowth|Tangrowth, L84, M|305\/305\n|turn|9\n|\n|t:|1668038222\n|move|p1a: Durant|Iron Head|p2a: Tangrowth\n|-damage|p2a: Tangrowth|188\/305\n|-damage|p1a: Durant|0 fnt|[from] item: Life Orb\n|faint|p1a: Durant\n|move|p2a: Tangrowth|Knock Off|p1: Durant|[notarget]\n|-fail|p2a: Tangrowth\n|\n|upkeep\n|\n|t:|1668038246\n|switch|p1a: Armaldo|Armaldo, L86, F|269\/269\n|turn|10\n|\n|t:|1668038257\n|switch|p2a: Shuckle|Shuckle, L87, M|177\/177\n|move|p1a: Armaldo|Rapid Spin|p2a: Shuckle\n|-resisted|p2a: Shuckle\n|-damage|p2a: Shuckle|167\/177\n|-boost|p1a: Armaldo|spe|1\n|\n|upkeep\n|turn|11\n|\n|t:|1668038266\n|move|p1a: Armaldo|Swords Dance|p1a: Armaldo\n|-boost|p1a: Armaldo|atk|2\n|move|p2a: Shuckle|Toxic|p1a: Armaldo\n|-status|p1a: Armaldo|tox\n|\n|-damage|p1a: Armaldo|253\/269 tox|[from] psn\n|upkeep\n|turn|12\n|\n|t:|1668038274\n|move|p1a: Armaldo|Stone Edge|p2a: Shuckle\n|-supereffective|p2a: Shuckle\n|-damage|p2a: Shuckle|0 fnt\n|faint|p2a: Shuckle\n|\n|-damage|p1a: Armaldo|221\/269 tox|[from] psn\n|upkeep\n|\n|t:|1668038282\n|switch|p2a: Heliolisk|Heliolisk, L82, F|236\/236\n|turn|13\n|\n|t:|1668038290\n|move|p2a: Heliolisk|Surf|p1a: Armaldo\n|-supereffective|p1a: Armaldo\n|-damage|p1a: Armaldo|52\/269 tox\n|-damage|p2a: Heliolisk|213\/236|[from] item: Life Orb\n|move|p1a: Armaldo|Knock Off|p2a: Heliolisk\n|-damage|p2a: Heliolisk|0 fnt\n|-enditem|p2a: Heliolisk|Life Orb|[from] move: Knock Off|[of] p1a: Armaldo\n|faint|p2a: Heliolisk\n|\n|-damage|p1a: Armaldo|4\/269 tox|[from] psn\n|upkeep\n|\n|t:|1668038299\n|switch|p2a: Tangrowth|Tangrowth, L84, M|289\/305\n|turn|14\n|c|\u2606PMCJTMred|g\n|c|\u2606PMCJTMred|gg\n|\n|t:|1668038305\n|-start|p2a: Tangrowth|Dynamax|\n|-heal|p2a: Tangrowth|578\/610|[silent]\n|move|p1a: Armaldo|Stone Edge|p2a: Tangrowth\n|-damage|p2a: Tangrowth|382\/610\n|move|p2a: Tangrowth|Max Quake|p1a: Armaldo\n|-damage|p1a: Armaldo|0 fnt\n|-boost|p2a: Tangrowth|spd|1\n|faint|p1a: Armaldo\n|\n|upkeep\n|\n|t:|1668038323\n|switch|p1a: Zygarde|Zygarde-10%, L82|223\/223\n|-ability|p1a: Zygarde|Aura Break\n|turn|15\n|\n|t:|1668038328\n|move|p1a: Zygarde|Coil|p1a: Zygarde\n|-boost|p1a: Zygarde|atk|1\n|-boost|p1a: Zygarde|def|1\n|-boost|p1a: Zygarde|accuracy|1\n|move|p2a: Tangrowth|Max Overgrowth|p1a: Zygarde\n|-damage|p1a: Zygarde|60\/223\n|-fieldstart|move: Grassy Terrain\n|\n|-heal|p1a: Zygarde|73\/223|[from] Grassy Terrain\n|-heal|p2a: Tangrowth|401\/610|[from] Grassy Terrain\n|upkeep\n|turn|16\n|\n|t:|1668038342\n|-start|p1a: Zygarde|Dynamax|\n|-heal|p1a: Zygarde|146\/446|[silent]\n|move|p1a: Zygarde|Max Wyrmwind|p2a: Tangrowth\n|-damage|p2a: Tangrowth|205\/610\n|-unboost|p2a: Tangrowth|atk|1\n|-damage|p1a: Zygarde|124\/446|[from] item: Life Orb\n|move|p2a: Tangrowth|Max Overgrowth|p1a: Zygarde\n|-damage|p1a: Zygarde|0 fnt\n|faint|p1a: Zygarde\n|\n|-heal|p2a: Tangrowth|224\/610|[from] Grassy Terrain\n|upkeep\n|\n|t:|1668038354\n|switch|p1a: Dhelmise|Dhelmise, L86|261\/261\n|-end|p2a: Tangrowth|Dynamax\n|-heal|p2a: Tangrowth|112\/305|[silent]\n|turn|17\n|\n|t:|1668038360\n|move|p2a: Tangrowth|Knock Off|p1a: Dhelmise\n|-supereffective|p1a: Dhelmise\n|-damage|p1a: Dhelmise|171\/261\n|-enditem|p1a: Dhelmise|Lum Berry|[from] move: Knock Off|[of] p2a: Tangrowth\n|move|p1a: Dhelmise|Poltergeist|p2a: Tangrowth\n|-activate|p2a: Tangrowth|move: Poltergeist|Assault Vest\n|-damage|p2a: Tangrowth|0 fnt\n|faint|p2a: Tangrowth\n|\n|win|PMCJTMred\n|raw|PMCJTMred's rating: 1413 &rarr; <strong>1433<\/strong><br \/>(+20 for winning)\n|raw|SheCan&apos;tBuildATeam's rating: 1408 &rarr; <strong>1388<\/strong><br \/>(-20 for losing)\n|c|\u2606SheCan'tBuildATeam|gg\n|l|\u2606SheCan'tBuildATeam\n","inputlog":">version 453a3ad56483cc6a5c08448f6577d394b68621b7\n>start {\"formatid\":\"gen8randombattle\",\"seed\":[63564,33870,37502,30853],\"rated\":\"Rated battle\"}\n>player p1 {\"name\":\"PMCJTMred\",\"avatar\":\"ethan\",\"rating\":1413,\"seed\":[53239,15727,5839,21056]}\n>player p2 {\"name\":\"SheCan'tBuildATeam\",\"avatar\":\"dawn\",\"rating\":1408,\"seed\":[41101,62885,32463,41425]}\n>p1 move doubleedge\n>p2 move dragondance\n>p1 move doubleedge\n>p2 move dragondance\n>p2 switch 2\n>p1 move darkestlariat\n>p2 move scald\n>p1 move darkestlariat\n>p2 move scald\n>p1 switch 4\n>p1 move honeclaws\n>p2 move recover\n>p1 move rockslide\n>p2 move shadowball\n>p1 move rockslide\n>p2 move shadowball\n>p2 switch 4\n>p1 move superpower\n>p2 move triattack\n>p2 switch 3\n>p1 move ironhead\n>p2 move knockoff\n>p1 switch 2\n>p1 move rapidspin\n>p2 switch 6\n>p1 move swordsdance\n>p2 move toxic\n>p1 move stoneedge\n>p2 move knockoff\n>p2 switch 5\n>p1 move knockoff\n>p2 move surf\n>p2 switch 6\n>chat \u2606PMCJTMred|g\n>chat \u2606PMCJTMred|gg\n>p1 move stoneedge\n>p2 move earthquake dynamax\n>p1 switch 5\n>p1 move coil\n>p2 move gigadrain dynamax\n>p1 move outrage dynamax\n>p2 move gigadrain dynamax\n>p1 switch 6\n>p1 move poltergeist\n>p2 move knockoff","uploadtime":1668038367,"views":1,"p1id":"pmcjtmred","p2id":"shecantbuildateam","formatid":"gen8randombattle","rating":1388,"private":0,"password":null}