{"id":"gen8ou-1669818020","p1":"Diameter\u272fXtreme","p2":"minimax_ai","format":"gen8ou","log":"|j|\u2606Diameter\u272fXtreme\n|j|\u2606minimax_ai\n|t:|1663772949\n|gametype|singles\n|player|p1|Diameter\u272fXtreme|jasmine-gen2|1484\n|player|p2|minimax_ai|lusamine-nihilego|1510\n|teamsize|p1|6\n|teamsize|p2|6\n|gen|8\n|tier|[Gen 8] OU\n|rated|\n|rule|Sleep Clause Mod: Limit one foe put to sleep\n|rule|Species Clause: Limit one of each Pok\u00e9mon\n|rule|OHKO Clause: OHKO moves are banned\n|rule|Evasion Items Clause: Evasion items are banned\n|rule|Evasion Moves Clause: Evasion moves are banned\n|rule|Endless Battle Clause: Forcing endless battles is banned\n|rule|HP Percentage Mod: HP is shown in percentages\n|rule|Dynamax Clause: You cannot dynamax\n|clearpoke\n|poke|p1|Corviknight, M|\n|poke|p1|Urshifu-*, F|\n|poke|p1|Rillaboom, F|\n|poke|p1|Hippowdon, M|\n|poke|p1|Latios, M|\n|poke|p1|Politoed, F|\n|poke|p2|Rotom-Wash|\n|poke|p2|Weavile, M|\n|poke|p2|Landorus-Therian, M|\n|poke|p2|Heatran, M|\n|poke|p2|Tangrowth, F|\n|poke|p2|Melmetal|\n|teampreview\n|inactive|Battle timer is ON: inactive players will automatically lose when time's up. (requested by Diameter\u272fXtreme)\n|c|\u2606minimax_ai|hf\n|inactive|minimax_ai also wants the timer to be on.\n|c|\u2606Diameter\u272fXtreme|u2\n|\n|t:|1663772968\n|start\n|switch|p1a: Urshifu|Urshifu-Rapid-Strike, F|100\/100\n|switch|p2a: landorustherian|Landorus-Therian, M|100\/100\n|-ability|p2a: landorustherian|Intimidate|boost\n|-unboost|p1a: Urshifu|atk|1\n|turn|1\n|\n|t:|1663772971\n|switch|p2a: Tangrowth|Tangrowth, F|100\/100\n|move|p1a: Urshifu|U-turn|p2a: Tangrowth\n|-supereffective|p2a: Tangrowth\n|-damage|p2a: Tangrowth|74\/100\n|-damage|p1a: Urshifu|84\/100|[from] item: Rocky Helmet|[of] p2a: Tangrowth\n|\n|t:|1663772975\n|switch|p1a: Latios|Latios, M|100\/100|[from]move: U-turn\n|\n|upkeep\n|turn|2\n|\n|t:|1663772988\n|switch|p1a: Rillaboom|Rillaboom, F|100\/100\n|-fieldstart|move: Grassy Terrain|[from] ability: Grassy Surge|[of] p1a: Rillaboom\n|switch|p2a: Melmetal|Melmetal|100\/100\n|\n|upkeep\n|turn|3\n|\n|t:|1663772992\n|move|p1a: Rillaboom|Knock Off|p2a: Melmetal\n|-damage|p2a: Melmetal|73\/100\n|-enditem|p2a: Melmetal|Assault Vest|[from] move: Knock Off|[of] p1a: Rillaboom\n|-damage|p1a: Rillaboom|91\/100|[from] item: Life Orb\n|move|p2a: Melmetal|Ice Punch|p1a: Rillaboom\n|-supereffective|p1a: Rillaboom\n|-damage|p1a: Rillaboom|19\/100\n|\n|-heal|p1a: Rillaboom|25\/100|[from] Grassy Terrain\n|-heal|p2a: Melmetal|79\/100|[from] Grassy Terrain\n|upkeep\n|turn|4\n|\n|t:|1663773001\n|move|p1a: Rillaboom|Superpower|p2a: Melmetal\n|-supereffective|p2a: Melmetal\n|-damage|p2a: Melmetal|13\/100\n|-unboost|p1a: Rillaboom|atk|1\n|-unboost|p1a: Rillaboom|def|1\n|-damage|p1a: Rillaboom|15\/100|[from] item: Life Orb\n|move|p2a: Melmetal|Ice Punch|p1a: Rillaboom\n|-supereffective|p1a: Rillaboom\n|-damage|p1a: Rillaboom|0 fnt\n|faint|p1a: Rillaboom\n|\n|-heal|p2a: Melmetal|19\/100|[from] Grassy Terrain\n|upkeep\n|\n|t:|1663773004\n|switch|p1a: Urshifu|Urshifu-Rapid-Strike, F|84\/100\n|turn|5\n|\n|t:|1663773007\n|switch|p1a: Latios|Latios, M|100\/100\n|switch|p2a: landorustherian|Landorus-Therian, M|100\/100\n|-ability|p2a: landorustherian|Intimidate|boost\n|-unboost|p1a: Latios|atk|1\n|\n|upkeep\n|turn|6\n|\n|t:|1663773016\n|switch|p1a: Corviknight|Corviknight, M|100\/100\n|-ability|p1a: Corviknight|Pressure\n|switch|p2a: Melmetal|Melmetal|19\/100\n|\n|-heal|p2a: Melmetal|25\/100|[from] Grassy Terrain\n|-fieldend|move: Grassy Terrain\n|upkeep\n|turn|7\n|\n|t:|1663773019\n|switch|p2a: Heatran|Heatran, M|100\/100\n|-item|p2a: Heatran|Air Balloon\n|move|p1a: Corviknight|Body Press|p2a: Heatran\n|-supereffective|p2a: Heatran\n|-damage|p2a: Heatran|50\/100\n|-enditem|p2a: Heatran|Air Balloon\n|\n|upkeep\n|turn|8\n|\n|t:|1663773021\n|switch|p1a: Hippowdon|Hippowdon, M|100\/100\n|-weather|Sandstorm|[from] ability: Sand Stream|[of] p1a: Hippowdon\n|move|p2a: Heatran|Magma Storm|p1a: Hippowdon\n|-damage|p1a: Hippowdon|60\/100\n|-activate|p1a: Hippowdon|move: Magma Storm|[of] p2a: Heatran\n|\n|-weather|Sandstorm|[upkeep]\n|-heal|p1a: Hippowdon|66\/100|[from] item: Leftovers\n|-damage|p1a: Hippowdon|53\/100|[from] move: Magma Storm|[partiallytrapped]\n|upkeep\n|turn|9\n|\n|t:|1663773022\n|move|p2a: Heatran|Stealth Rock|p1a: Hippowdon\n|-sidestart|p1: Diameter\u272fXtreme|move: Stealth Rock\n|move|p1a: Hippowdon|Slack Off|p1a: Hippowdon\n|-heal|p1a: Hippowdon|100\/100\n|\n|-weather|Sandstorm|[upkeep]\n|-damage|p1a: Hippowdon|88\/100|[from] move: Magma Storm|[partiallytrapped]\n|upkeep\n|turn|10\n|\n|t:|1663773026\n|switch|p2a: Weavile|Weavile, M|100\/100\n|-ability|p2a: Weavile|Pressure\n|move|p1a: Hippowdon|Toxic|p2a: Weavile\n|-status|p2a: Weavile|tox\n|\n|-weather|Sandstorm|[upkeep]\n|-damage|p2a: Weavile|94\/100 tox|[from] Sandstorm\n|-heal|p1a: Hippowdon|94\/100|[from] item: Leftovers\n|-damage|p2a: Weavile|88\/100 tox|[from] psn\n|-end|p1a: Hippowdon|Magma Storm|[partiallytrapped]|[silent]\n|upkeep\n|turn|11\n|\n|t:|1663773028\n|switch|p1a: Corviknight|Corviknight, M|100\/100\n|-damage|p1a: Corviknight|88\/100|[from] Stealth Rock\n|-ability|p1a: Corviknight|Pressure\n|move|p2a: Weavile|Triple Axel|p1a: Corviknight\n|-damage|p1a: Corviknight|79\/100\n|-damage|p2a: Weavile|72\/100 tox|[from] item: Rocky Helmet|[of] p1a: Corviknight\n|-damage|p1a: Corviknight|59\/100\n|-damage|p2a: Weavile|56\/100 tox|[from] item: Rocky Helmet|[of] p1a: Corviknight\n|-hitcount|p1a: Corviknight|2\n|\n|-weather|Sandstorm|[upkeep]\n|-damage|p2a: Weavile|50\/100 tox|[from] Sandstorm\n|-damage|p2a: Weavile|38\/100 tox|[from] psn\n|upkeep\n|turn|12\n|\n|t:|1663773031\n|switch|p2a: rotomwash|Rotom-Wash|100\/100\n|move|p1a: Corviknight|Defog|p2a: rotomwash\n|-unboost|p2a: rotomwash|evasion|1\n|-sideend|p1: Diameter\u272fXtreme|Stealth Rock|[from] move: Defog|[of] p1a: Corviknight\n|\n|-weather|none\n|upkeep\n|turn|13\n|\n|t:|1663773033\n|move|p2a: rotomwash|Thunderbolt|p1a: Corviknight\n|-supereffective|p1a: Corviknight\n|-damage|p1a: Corviknight|0 fnt\n|faint|p1a: Corviknight\n|\n|upkeep\n|\n|t:|1663773036\n|switch|p1a: Hippowdon|Hippowdon, M|94\/100\n|-weather|Sandstorm|[from] ability: Sand Stream|[of] p1a: Hippowdon\n|turn|14\n|\n|t:|1663773039\n|switch|p1a: Latios|Latios, M|100\/100\n|move|p2a: rotomwash|Hydro Pump|p1a: Latios\n|-resisted|p1a: Latios\n|-damage|p1a: Latios|79\/100\n|\n|-weather|Sandstorm|[upkeep]\n|-damage|p1a: Latios|73\/100|[from] Sandstorm\n|-damage|p2a: rotomwash|94\/100|[from] Sandstorm\n|-heal|p2a: rotomwash|100\/100|[from] item: Leftovers\n|upkeep\n|turn|15\n|\n|t:|1663773047\n|switch|p2a: Weavile|Weavile, M|38\/100 tox\n|-ability|p2a: Weavile|Pressure\n|move|p1a: Latios|Draco Meteor|p2a: Weavile\n|-damage|p2a: Weavile|0 fnt\n|-unboost|p1a: Latios|spa|2\n|faint|p2a: Weavile\n|\n|-weather|Sandstorm|[upkeep]\n|-damage|p1a: Latios|67\/100|[from] Sandstorm\n|upkeep\n|\n|t:|1663773047\n|switch|p2a: Melmetal|Melmetal|25\/100\n|turn|16\n|\n|t:|1663773051\n|switch|p1a: Hippowdon|Hippowdon, M|94\/100\n|move|p2a: Melmetal|Double Iron Bash|p1a: Hippowdon\n|-damage|p1a: Hippowdon|68\/100\n|-damage|p1a: Hippowdon|45\/100\n|-hitcount|p1a: Hippowdon|2\n|\n|-weather|Sandstorm|[upkeep]\n|-heal|p1a: Hippowdon|51\/100|[from] item: Leftovers\n|upkeep\n|turn|17\n|\n|t:|1663773053\n|switch|p2a: rotomwash|Rotom-Wash|100\/100\n|move|p1a: Hippowdon|Slack Off|p1a: Hippowdon\n|-heal|p1a: Hippowdon|100\/100\n|\n|-weather|Sandstorm|[upkeep]\n|-damage|p2a: rotomwash|94\/100|[from] Sandstorm\n|-heal|p2a: rotomwash|100\/100|[from] item: Leftovers\n|upkeep\n|turn|18\n|\n|t:|1663773054\n|move|p2a: rotomwash|Hydro Pump|p1a: Hippowdon\n|-supereffective|p1a: Hippowdon\n|-damage|p1a: Hippowdon|36\/100\n|move|p1a: Hippowdon|Toxic|p2a: rotomwash\n|-status|p2a: rotomwash|tox\n|\n|-weather|none\n|-heal|p1a: Hippowdon|42\/100|[from] item: Leftovers\n|-damage|p2a: rotomwash|94\/100 tox|[from] psn\n|upkeep\n|turn|19\n|\n|t:|1663773058\n|move|p2a: rotomwash|Hydro Pump|p1a: Hippowdon\n|-supereffective|p1a: Hippowdon\n|-damage|p1a: Hippowdon|0 fnt\n|faint|p1a: Hippowdon\n|\n|-heal|p2a: rotomwash|100\/100 tox|[from] item: Leftovers\n|-damage|p2a: rotomwash|88\/100 tox|[from] psn\n|upkeep\n|\n|t:|1663773061\n|switch|p1a: Latios|Latios, M|67\/100\n|turn|20\n|\n|t:|1663773062\n|switch|p2a: landorustherian|Landorus-Therian, M|100\/100\n|-ability|p2a: landorustherian|Intimidate|boost\n|-unboost|p1a: Latios|atk|1\n|move|p1a: Latios|Draco Meteor|p2a: landorustherian\n|-damage|p2a: landorustherian|53\/100\n|-unboost|p1a: Latios|spa|2\n|\n|-heal|p2a: landorustherian|59\/100|[from] item: Leftovers\n|upkeep\n|turn|21\n|\n|t:|1663773064\n|switch|p1a: Urshifu|Urshifu-Rapid-Strike, F|84\/100\n|move|p2a: landorustherian|Toxic|p1a: Urshifu\n|-status|p1a: Urshifu|tox\n|\n|-heal|p2a: landorustherian|65\/100|[from] item: Leftovers\n|-damage|p1a: Urshifu|78\/100 tox|[from] psn\n|upkeep\n|turn|22\n|\n|t:|1663773068\n|switch|p1a: Latios|Latios, M|67\/100\n|switch|p2a: Tangrowth|Tangrowth, F|100\/100\n|\n|upkeep\n|turn|23\n|\n|t:|1663773071\n|switch|p2a: landorustherian|Landorus-Therian, M|65\/100\n|-ability|p2a: landorustherian|Intimidate|boost\n|-unboost|p1a: Latios|atk|1\n|move|p1a: Latios|Psychic|p2a: landorustherian\n|-damage|p2a: landorustherian|31\/100\n|\n|-heal|p2a: landorustherian|37\/100|[from] item: Leftovers\n|upkeep\n|turn|24\n|\n|t:|1663773073\n|switch|p1a: Urshifu|Urshifu-Rapid-Strike, F|78\/100 tox\n|move|p2a: landorustherian|U-turn|p1a: Urshifu\n|-resisted|p1a: Urshifu\n|-damage|p1a: Urshifu|67\/100 tox\n|\n|t:|1663773073\n|switch|p2a: Tangrowth|Tangrowth, F|100\/100|[from]move: U-turn\n|\n|-damage|p1a: Urshifu|61\/100 tox|[from] psn\n|upkeep\n|turn|25\n|\n|t:|1663773075\n|switch|p1a: Latios|Latios, M|67\/100\n|move|p2a: Tangrowth|Knock Off|p1a: Latios\n|-supereffective|p1a: Latios\n|-damage|p1a: Latios|9\/100\n|-enditem|p1a: Latios|Choice Scarf|[from] move: Knock Off|[of] p2a: Tangrowth\n|\n|upkeep\n|turn|26\n|\n|t:|1663773077\n|move|p1a: Latios|Draco Meteor|p2a: Tangrowth\n|-damage|p2a: Tangrowth|3\/100\n|-unboost|p1a: Latios|spa|2\n|move|p2a: Tangrowth|Giga Drain|p1a: Latios\n|-resisted|p1a: Latios\n|-damage|p1a: Latios|0 fnt\n|-heal|p2a: Tangrowth|6\/100|[from] drain|[of] p1a: Latios\n|faint|p1a: Latios\n|\n|upkeep\n|\n|t:|1663773079\n|switch|p1a: Urshifu|Urshifu-Rapid-Strike, F|61\/100 tox\n|turn|27\n|\n|t:|1663773080\n|switch|p2a: rotomwash|Rotom-Wash|88\/100 tox\n|move|p1a: Urshifu|Surging Strikes|p2a: rotomwash\n|-resisted|p2a: rotomwash\n|-crit|p2a: rotomwash\n|-damage|p2a: rotomwash|72\/100 tox\n|-resisted|p2a: rotomwash\n|-crit|p2a: rotomwash\n|-damage|p2a: rotomwash|55\/100 tox\n|-resisted|p2a: rotomwash\n|-crit|p2a: rotomwash\n|-damage|p2a: rotomwash|40\/100 tox\n|-hitcount|p2a: rotomwash|3\n|\n|-heal|p2a: rotomwash|46\/100 tox|[from] item: Leftovers\n|-damage|p1a: Urshifu|54\/100 tox|[from] psn\n|-damage|p2a: rotomwash|40\/100 tox|[from] psn\n|upkeep\n|turn|28\n|\n|t:|1663773081\n|switch|p2a: Tangrowth|Tangrowth, F|40\/100\n|move|p1a: Urshifu|Surging Strikes|p2a: Tangrowth\n|-resisted|p2a: Tangrowth\n|-crit|p2a: Tangrowth\n|-damage|p2a: Tangrowth|32\/100\n|-damage|p1a: Urshifu|38\/100 tox|[from] item: Rocky Helmet|[of] p2a: Tangrowth\n|-resisted|p2a: Tangrowth\n|-crit|p2a: Tangrowth\n|-damage|p2a: Tangrowth|25\/100\n|-damage|p1a: Urshifu|22\/100 tox|[from] item: Rocky Helmet|[of] p2a: Tangrowth\n|-resisted|p2a: Tangrowth\n|-crit|p2a: Tangrowth\n|-damage|p2a: Tangrowth|17\/100\n|-damage|p1a: Urshifu|5\/100 tox|[from] item: Rocky Helmet|[of] p2a: Tangrowth\n|-hitcount|p2a: Tangrowth|3\n|\n|-damage|p1a: Urshifu|0 fnt|[from] psn\n|faint|p1a: Urshifu\n|upkeep\n|\n|t:|1663773085\n|switch|p1a: Politoed|Politoed, F|100\/100\n|-weather|RainDance|[from] ability: Drizzle|[of] p1a: Politoed\n|turn|29\n|\n|t:|1663773087\n|switch|p2a: rotomwash|Rotom-Wash|40\/100 tox\n|move|p1a: Politoed|Ice Beam|p2a: rotomwash\n|-resisted|p2a: rotomwash\n|-damage|p2a: rotomwash|30\/100 tox\n|\n|-weather|RainDance|[upkeep]\n|-heal|p2a: rotomwash|36\/100 tox|[from] item: Leftovers\n|-damage|p2a: rotomwash|30\/100 tox|[from] psn\n|upkeep\n|turn|30\n|\n|t:|1663773089\n|move|p2a: rotomwash|Thunderbolt|p1a: Politoed\n|-supereffective|p1a: Politoed\n|-crit|p1a: Politoed\n|-damage|p1a: Politoed|27\/100\n|move|p1a: Politoed|Scald|p2a: rotomwash\n|-resisted|p2a: rotomwash\n|-damage|p2a: rotomwash|10\/100 tox\n|\n|-weather|RainDance|[upkeep]\n|-heal|p2a: rotomwash|17\/100 tox|[from] item: Leftovers\n|-damage|p2a: rotomwash|4\/100 tox|[from] psn\n|upkeep\n|turn|31\n|-message|Diameter\u272fXtreme forfeited.\n|\n|win|minimax_ai\n|raw|Diameter\u272fXtreme's rating: 1484 &rarr; <strong>1465<\/strong><br \/>(-19 for losing)\n|raw|minimax_ai's rating: 1510 &rarr; <strong>1529<\/strong><br \/>(+19 for winning)\n|c|\u2606minimax_ai|gg\n|l|\u2606Diameter\u272fXtreme\n","uploadtime":1663773093,"views":8,"p1id":"diameterxtreme","p2id":"minimaxai","formatid":"gen8ou","rating":1465,"private":0,"password":null}