{"id":"gen8ou-1073690678","p1":"KingMorpeko","p2":"Walletinspector62","format":"gen8ou","log":"|j|\u2606KingMorpeko\n|j|\u2606Walletinspector62\n|player|p1|KingMorpeko|130|1533\n|player|p2|Walletinspector62|101|1495\n|teamsize|p1|6\n|teamsize|p2|6\n|gametype|singles\n|gen|8\n|tier|[Gen 8] OU\n|rated|\n|clearpoke\n|poke|p1|Clefable, F|\n|poke|p1|Hippowdon, F|\n|poke|p1|Seismitoad, F|\n|poke|p1|Aegislash, F|\n|poke|p1|Bisharp, F|\n|poke|p1|Excadrill, M|\n|poke|p2|Weavile, M|\n|poke|p2|Corviknight, F|\n|poke|p2|Zeraora|\n|poke|p2|Kommo-o, M|\n|poke|p2|Clefable, M|\n|poke|p2|Kyurem|\n|rule|Sleep Clause Mod: Limit one foe put to sleep\n|rule|Species Clause: Limit one of each Pok\u00e9mon\n|rule|OHKO Clause: OHKO moves are banned\n|rule|Evasion Moves Clause: Evasion moves are banned\n|rule|Endless Battle Clause: Forcing endless battles is banned\n|rule|HP Percentage Mod: HP is shown in percentages\n|rule|Dynamax Clause: You cannot dynamax\n|teampreview\n|\n|start\n|switch|p1a: Aegislash|Aegislash, F, shiny|100\/100\n|switch|p2a: Kommo-o|Kommo-o, M|100\/100\n|turn|1\n|\n|switch|p1a: Hippowdon|Hippowdon, F|100\/100\n|-weather|Sandstorm|[from] ability: Sand Stream|[of] p1a: Hippowdon\n|move|p2a: Kommo-o|Stealth Rock|p1a: Hippowdon\n|-sidestart|p1: KingMorpeko|move: Stealth Rock\n|\n|-weather|Sandstorm|[upkeep]\n|-damage|p2a: Kommo-o|94\/100|[from] Sandstorm\n|-heal|p2a: Kommo-o|100\/100|[from] item: Leftovers\n|upkeep\n|turn|2\n|\n|switch|p2a: Corviknight|Corviknight, F|100\/100\n|-ability|p2a: Corviknight|Pressure\n|move|p1a: Hippowdon|Stealth Rock|p2a: Corviknight\n|-sidestart|p2: Walletinspector62|move: Stealth Rock\n|\n|-weather|Sandstorm|[upkeep]\n|upkeep\n|turn|3\n|inactive|Battle timer is ON: inactive players will automatically lose when time's up. (requested by KingMorpeko)\n|\n|switch|p1a: Bisharp|Bisharp, F|100\/100\n|-damage|p1a: Bisharp|95\/100|[from] Stealth Rock\n|move|p2a: Corviknight|Defog|p1a: Bisharp\n|-unboost|p1a: Bisharp|evasion|1\n|-ability|p1a: Bisharp|Defiant\n|-boost|p1a: Bisharp|atk|2\n|-sideend|p1: KingMorpeko|Stealth Rock|[from] move: Defog|[of] p2a: Corviknight\n|-sideend|p2: Walletinspector62|Stealth Rock|[from] move: Defog|[of] p2a: Corviknight\n|\n|-weather|Sandstorm|[upkeep]\n|upkeep\n|turn|4\n|\n|switch|p2a: Kommo-o|Kommo-o, M|100\/100\n|move|p1a: Bisharp|Iron Head|p2a: Kommo-o\n|-damage|p2a: Kommo-o|49\/100\n|\n|-weather|Sandstorm|[upkeep]\n|-damage|p2a: Kommo-o|42\/100|[from] Sandstorm\n|-heal|p2a: Kommo-o|49\/100|[from] item: Leftovers\n|upkeep\n|turn|5\n|inactive|Walletinspector62 has 120 seconds left.\n|\n|move|p1a: Bisharp|Iron Head|p2a: Kommo-o\n|-damage|p2a: Kommo-o|0 fnt\n|faint|p2a: Kommo-o\n|\n|-weather|none\n|upkeep\n|\n|switch|p2a: Weavile|Weavile, M|100\/100\n|-ability|p2a: Weavile|Pressure\n|turn|6\n|inactive|Walletinspector62 has 120 seconds left.\n|\n|switch|p1a: Clefable|Clefable, F|100\/100\n|move|p2a: Weavile|Brick Break|p1a: Clefable\n|-resisted|p1a: Clefable\n|-damage|p1a: Clefable|84\/100\n|\n|-heal|p1a: Clefable|90\/100|[from] item: Leftovers\n|upkeep\n|turn|7\n|\n|switch|p2a: Zeraora|Zeraora|100\/100\n|move|p1a: Clefable|Teleport|p1a: Clefable\n|\n|switch|p1a: Hippowdon|Hippowdon, F|100\/100|[from]move: Teleport\n|-weather|Sandstorm|[from] ability: Sand Stream|[of] p1a: Hippowdon\n|\n|-weather|Sandstorm|[upkeep]\n|-damage|p2a: Zeraora|95\/100|[from] Sandstorm\n|upkeep\n|turn|8\n|inactive|Walletinspector62 has 120 seconds left.\n|\n|switch|p2a: Kyurem|Kyurem|100\/100\n|-ability|p2a: Kyurem|Pressure\n|move|p1a: Hippowdon|Earthquake|p2a: Kyurem\n|-damage|p2a: Kyurem|65\/100\n|\n|-weather|Sandstorm|[upkeep]\n|-damage|p2a: Kyurem|59\/100|[from] Sandstorm\n|upkeep\n|turn|9\n|inactive|Walletinspector62 has 90 seconds left.\n|\n|switch|p1a: Aegislash|Aegislash, F, shiny|100\/100\n|move|p2a: Kyurem|Ice Beam|p1a: Aegislash\n|-resisted|p1a: Aegislash\n|-damage|p1a: Aegislash|79\/100\n|\n|-weather|Sandstorm|[upkeep]\n|-damage|p2a: Kyurem|53\/100|[from] Sandstorm\n|-heal|p1a: Aegislash|85\/100|[from] item: Leftovers\n|upkeep\n|turn|10\n|inactive|Walletinspector62 has 90 seconds left.\n|inactive|Walletinspector62 has 60 seconds left.\n|\n|switch|p2a: Zeraora|Zeraora|95\/100\n|-formechange|p1a: Aegislash|Aegislash-Blade||[from] ability: Stance Change\n|move|p1a: Aegislash|Shadow Ball|p2a: Zeraora\n|-damage|p2a: Zeraora|45\/100\n|\n|-weather|Sandstorm|[upkeep]\n|-damage|p2a: Zeraora|39\/100|[from] Sandstorm\n|-heal|p1a: Aegislash|91\/100|[from] item: Leftovers\n|upkeep\n|turn|11\n|inactive|Walletinspector62 has 60 seconds left.\n|l|\u2606Walletinspector62\n|inactive|Walletinspector62 disconnected and has a minute to reconnect!\n|player|p2|\n|j|\u2606Walletinspector62\n|inactive|Walletinspector62 reconnected and has 40 seconds left.\n|player|p2|Walletinspector62|101\n|inactive|Walletinspector62 has 30 seconds left.\n|\n|-formechange|p1a: Aegislash|Aegislash||[from] ability: Stance Change\n|move|p1a: Aegislash|King's Shield|p1a: Aegislash\n|-singleturn|p1a: Aegislash|Protect\n|move|p2a: Zeraora|Knock Off|p1a: Aegislash\n|-activate|p1a: Aegislash|move: Protect\n|-unboost|p2a: Zeraora|atk|1\n|\n|-weather|none\n|-heal|p1a: Aegislash|97\/100|[from] item: Leftovers\n|upkeep\n|turn|12\n|\n|switch|p1a: Hippowdon|Hippowdon, F|100\/100\n|-weather|Sandstorm|[from] ability: Sand Stream|[of] p1a: Hippowdon\n|move|p2a: Zeraora|Knock Off|p1a: Hippowdon\n|-damage|p1a: Hippowdon|87\/100\n|-damage|p2a: Zeraora|23\/100|[from] item: Rocky Helmet|[of] p1a: Hippowdon\n|-enditem|p1a: Hippowdon|Rocky Helmet|[from] move: Knock Off|[of] p2a: Zeraora\n|-damage|p2a: Zeraora|13\/100|[from] item: Life Orb\n|\n|-weather|Sandstorm|[upkeep]\n|-damage|p2a: Zeraora|7\/100|[from] Sandstorm\n|upkeep\n|turn|13\n|\n|move|p2a: Zeraora|Close Combat|p1a: Hippowdon\n|-damage|p1a: Hippowdon|69\/100\n|-unboost|p2a: Zeraora|def|1\n|-unboost|p2a: Zeraora|spd|1\n|-damage|p2a: Zeraora|0 fnt|[from] item: Life Orb\n|faint|p2a: Zeraora\n|move|p1a: Hippowdon|Stealth Rock|p2: Zeraora\n|-sidestart|p2: Walletinspector62|move: Stealth Rock\n|\n|-weather|Sandstorm|[upkeep]\n|upkeep\n|\n|switch|p2a: Weavile|Weavile, M|100\/100\n|-damage|p2a: Weavile|76\/100|[from] Stealth Rock\n|-ability|p2a: Weavile|Pressure\n|turn|14\n|\n|switch|p1a: Seismitoad|Seismitoad, F, shiny|100\/100\n|move|p2a: Weavile|Knock Off|p1a: Seismitoad\n|-damage|p1a: Seismitoad|47\/100\n|-enditem|p1a: Seismitoad|Leftovers|[from] move: Knock Off|[of] p2a: Weavile\n|\n|-weather|Sandstorm|[upkeep]\n|-damage|p2a: Weavile|70\/100|[from] Sandstorm\n|upkeep\n|turn|15\n|\n|switch|p2a: Clefable|Clefable, M|100\/100\n|-damage|p2a: Clefable|88\/100|[from] Stealth Rock\n|move|p1a: Seismitoad|Scald|p2a: Clefable\n|-damage|p2a: Clefable|71\/100\n|\n|-weather|Sandstorm|[upkeep]\n|-damage|p2a: Clefable|64\/100|[from] Sandstorm\n|-heal|p2a: Clefable|71\/100|[from] item: Leftovers\n|upkeep\n|turn|16\n|\n|move|p1a: Seismitoad|Toxic|p2a: Clefable\n|-status|p2a: Clefable|tox\n|move|p2a: Clefable|Thunder Wave|p1a: Seismitoad\n|-immune|p1a: Seismitoad\n|\n|-weather|none\n|-heal|p2a: Clefable|77\/100 tox|[from] item: Leftovers\n|-damage|p2a: Clefable|71\/100 tox|[from] psn\n|upkeep\n|turn|17\n|\n|switch|p1a: Hippowdon|Hippowdon, F|69\/100\n|-weather|Sandstorm|[from] ability: Sand Stream|[of] p1a: Hippowdon\n|switch|p2a: Kyurem|Kyurem|53\/100\n|-damage|p2a: Kyurem|28\/100|[from] Stealth Rock\n|-ability|p2a: Kyurem|Pressure\n|\n|-weather|Sandstorm|[upkeep]\n|-damage|p2a: Kyurem|22\/100|[from] Sandstorm\n|upkeep\n|turn|18\n|inactive|KingMorpeko has 120 seconds left.\n|\n|switch|p1a: Seismitoad|Seismitoad, F, shiny|47\/100\n|move|p2a: Kyurem|Ice Beam|p1a: Seismitoad\n|-damage|p1a: Seismitoad|0 fnt\n|faint|p1a: Seismitoad\n|\n|-weather|Sandstorm|[upkeep]\n|-damage|p2a: Kyurem|16\/100|[from] Sandstorm\n|upkeep\n|inactive|KingMorpeko has 120 seconds left.\n|\n|switch|p1a: Aegislash|Aegislash, F, shiny|97\/100\n|turn|19\n|\n|switch|p2a: Corviknight|Corviknight, F|100\/100\n|-damage|p2a: Corviknight|88\/100|[from] Stealth Rock\n|-ability|p2a: Corviknight|Pressure\n|move|p1a: Aegislash|Substitute|p1a: Aegislash\n|-start|p1a: Aegislash|Substitute\n|-damage|p1a: Aegislash|72\/100\n|\n|-weather|Sandstorm|[upkeep]\n|-heal|p2a: Corviknight|94\/100|[from] item: Leftovers\n|-heal|p1a: Aegislash|79\/100|[from] item: Leftovers\n|upkeep\n|turn|20\n|\n|switch|p1a: Bisharp|Bisharp, F|95\/100\n|move|p2a: Corviknight|Defog|p1a: Bisharp\n|-unboost|p1a: Bisharp|evasion|1\n|-ability|p1a: Bisharp|Defiant\n|-boost|p1a: Bisharp|atk|2\n|-sideend|p2: Walletinspector62|Stealth Rock|[from] move: Defog|[of] p2a: Corviknight\n|\n|-weather|Sandstorm|[upkeep]\n|-heal|p2a: Corviknight|100\/100|[from] item: Leftovers\n|upkeep\n|turn|21\n|\n|move|p1a: Bisharp|Knock Off|p2a: Corviknight\n|-damage|p2a: Corviknight|27\/100\n|-enditem|p2a: Corviknight|Leftovers|[from] move: Knock Off|[of] p1a: Bisharp\n|move|p2a: Corviknight|U-turn|p1a: Bisharp\n|-damage|p1a: Bisharp|75\/100\n|\n|switch|p2a: Weavile|Weavile, M|70\/100|[from]move: U-turn\n|-ability|p2a: Weavile|Pressure\n|\n|-weather|none\n|upkeep\n|turn|22\n|inactive|Walletinspector62 has 60 seconds left.\n|\n|move|p1a: Bisharp|Sucker Punch|p2a: Weavile\n|-resisted|p2a: Weavile\n|-damage|p2a: Weavile|0 fnt\n|faint|p2a: Weavile\n|\n|upkeep\n|inactive|Walletinspector62 has 60 seconds left.\n|-message|Walletinspector62 forfeited.\n|\n|win|KingMorpeko\n|l|\u2606Walletinspector62\n|raw|KingMorpeko's rating: 1534 &rarr; <strong>1550<\/strong><br \/>(+16 for winning)\n|raw|Walletinspector62's rating: 1468 &rarr; <strong>1452<\/strong><br \/>(-16 for losing)\n","uploadtime":1583370001,"views":3,"p1id":"kingmorpeko","p2id":"walletinspector62","formatid":"gen8ou","rating":1452,"private":0,"password":null}