{"id":"gen8uu-1703977139","p1":"The SD sweep","p2":"misplayin","format":"gen8uu","log":"|j|\u2606The SD sweep\n|j|\u2606misplayin\n|t:|1667723138\n|gametype|singles\n|player|p1|The SD sweep|red|1547\n|player|p2|misplayin|bugsy|1528\n|teamsize|p1|6\n|teamsize|p2|6\n|gen|8\n|tier|[Gen 8] UU\n|rated|\n|rule|Sleep Clause Mod: Limit one foe put to sleep\n|rule|Species Clause: Limit one of each Pok\u00e9mon\n|rule|OHKO Clause: OHKO moves are banned\n|rule|Evasion Items Clause: Evasion items are banned\n|rule|Evasion Moves Clause: Evasion moves are banned\n|rule|Endless Battle Clause: Forcing endless battles is banned\n|rule|HP Percentage Mod: HP is shown in percentages\n|rule|Dynamax Clause: You cannot dynamax\n|clearpoke\n|poke|p1|Sylveon, F|\n|poke|p1|Salamence, M|\n|poke|p1|Hippowdon, M|\n|poke|p1|Conkeldurr, F|\n|poke|p1|Chansey, F|\n|poke|p1|Lycanroc-Dusk, M|\n|poke|p2|Conkeldurr, F|\n|poke|p2|Chandelure, M|\n|poke|p2|Swampert, M|\n|poke|p2|Rotom-Mow|\n|poke|p2|Durant, M|\n|poke|p2|Hydreigon, M|\n|teampreview\n|inactive|Battle timer is ON: inactive players will automatically lose when time's up. (requested by misplayin)\n|inactive|The SD sweep also wants the timer to be on.\n|inactive|misplayin has 120 seconds left.\n|\n|t:|1667723193\n|start\n|switch|p1a: TO THE STARS|Hippowdon, M|100\/100\n|switch|p2a: Conkeldurr|Conkeldurr, F|100\/100\n|-weather|Sandstorm|[from] ability: Sand Stream|[of] p1a: TO THE STARS\n|turn|1\n|\n|t:|1667723204\n|move|p1a: TO THE STARS|Toxic|p2a: Conkeldurr\n|-status|p2a: Conkeldurr|tox\n|move|p2a: Conkeldurr|Ice Punch|p1a: TO THE STARS\n|-supereffective|p1a: TO THE STARS\n|-crit|p1a: TO THE STARS\n|-damage|p1a: TO THE STARS|40\/100\n|\n|-weather|Sandstorm|[upkeep]\n|-damage|p2a: Conkeldurr|94\/100 tox|[from] Sandstorm\n|-heal|p1a: TO THE STARS|46\/100|[from] item: Leftovers\n|-damage|p2a: Conkeldurr|88\/100 tox|[from] psn\n|upkeep\n|turn|2\n|\n|t:|1667723213\n|switch|p1a: DUST|Sylveon, F, shiny|100\/100\n|move|p2a: Conkeldurr|Knock Off|p1a: DUST\n|-resisted|p1a: DUST\n|-damage|p1a: DUST|80\/100\n|-enditem|p1a: DUST|Leftovers|[from] move: Knock Off|[of] p2a: Conkeldurr\n|\n|-weather|Sandstorm|[upkeep]\n|-damage|p1a: DUST|74\/100|[from] Sandstorm\n|-damage|p2a: Conkeldurr|82\/100 tox|[from] Sandstorm\n|-damage|p2a: Conkeldurr|70\/100 tox|[from] psn\n|upkeep\n|turn|3\n|\n|t:|1667723221\n|switch|p2a: Swampert|Swampert, M|100\/100\n|move|p1a: DUST|Protect||[still]\n|-fail|p1a: DUST\n|\n|-weather|Sandstorm|[upkeep]\n|-damage|p1a: DUST|68\/100|[from] Sandstorm\n|upkeep\n|turn|4\n|\n|t:|1667723225\n|switch|p1a: Pete Davidson|Conkeldurr, F|100\/100\n|move|p2a: Swampert|Stealth Rock|p1a: Pete Davidson\n|-sidestart|p1: The SD sweep|move: Stealth Rock\n|\n|-weather|Sandstorm|[upkeep]\n|-damage|p1a: Pete Davidson|95\/100|[from] Sandstorm\n|-status|p1a: Pete Davidson|brn|[from] item: Flame Orb\n|upkeep\n|turn|5\n|\n|t:|1667723230\n|move|p1a: Pete Davidson|Close Combat|p2a: Swampert\n|-damage|p2a: Swampert|0 fnt\n|-unboost|p1a: Pete Davidson|def|1\n|-unboost|p1a: Pete Davidson|spd|1\n|faint|p2a: Swampert\n|\n|-weather|none\n|-damage|p1a: Pete Davidson|89\/100 brn|[from] brn\n|upkeep\n|\n|t:|1667723233\n|switch|p2a: Chandelure|Chandelure, M|100\/100\n|turn|6\n|\n|t:|1667723236\n|switch|p1a: BALANCED|Chansey, F, shiny|100\/100\n|-damage|p1a: BALANCED|88\/100|[from] Stealth Rock\n|move|p2a: Chandelure|Trick|p1a: BALANCED\n|-activate|p2a: Chandelure|move: Trick|[of] p1a: BALANCED\n|-item|p1a: BALANCED|Choice Specs|[from] move: Trick\n|-item|p2a: Chandelure|Eviolite|[from] move: Trick\n|\n|upkeep\n|turn|7\n|j| elvirizione\n|\n|t:|1667723243\n|switch|p2a: Hydreigon|Hydreigon, M|100\/100\n|move|p1a: BALANCED|Teleport|p1a: BALANCED\n|\n|t:|1667723248\n|switch|p1a: DUST|Sylveon, F, shiny|68\/100|[from]move: Teleport\n|-damage|p1a: DUST|56\/100|[from] Stealth Rock\n|\n|upkeep\n|turn|8\n|\n|t:|1667723251\n|switch|p2a: Durant|Durant, M|100\/100\n|move|p1a: DUST|Wish|p1a: DUST\n|\n|upkeep\n|turn|9\n|\n|t:|1667723255\n|switch|p1a: WHAT I HAVE DONE|Salamence, M|100\/100\n|-ability|p1a: WHAT I HAVE DONE|Intimidate|boost\n|-unboost|p2a: Durant|atk|1\n|move|p2a: Durant|Hone Claws|p2a: Durant\n|-boost|p2a: Durant|atk|1\n|-boost|p2a: Durant|accuracy|1\n|\n|upkeep\n|turn|10\n|c| elvirizione|\/\/rank misplayin\n|\n|t:|1667723261\n|switch|p2a: Hydreigon|Hydreigon, M|100\/100\n|move|p1a: WHAT I HAVE DONE|Flamethrower|p2a: Hydreigon\n|-resisted|p2a: Hydreigon\n|-damage|p2a: Hydreigon|93\/100\n|\n|-heal|p2a: Hydreigon|99\/100|[from] item: Leftovers\n|upkeep\n|turn|11\n|\n|t:|1667723265\n|switch|p1a: DUST|Sylveon, F, shiny|56\/100\n|-damage|p1a: DUST|43\/100|[from] Stealth Rock\n|move|p2a: Hydreigon|U-turn|p1a: DUST\n|-resisted|p1a: DUST\n|-damage|p1a: DUST|36\/100\n|\n|t:|1667723268\n|switch|p2a: Durant|Durant, M|100\/100|[from]move: U-turn\n|\n|upkeep\n|turn|12\n|\n|t:|1667723271\n|switch|p1a: WHAT I HAVE DONE|Salamence, M|100\/100\n|-ability|p1a: WHAT I HAVE DONE|Intimidate|boost\n|-unboost|p2a: Durant|atk|1\n|move|p2a: Durant|Iron Head|p1a: WHAT I HAVE DONE\n|-damage|p1a: WHAT I HAVE DONE|60\/100\n|-damage|p2a: Durant|91\/100|[from] item: Life Orb\n|\n|upkeep\n|turn|13\n|\n|t:|1667723282\n|move|p2a: Durant|Rock Slide|p1a: WHAT I HAVE DONE\n|-supereffective|p1a: WHAT I HAVE DONE\n|-damage|p1a: WHAT I HAVE DONE|13\/100\n|-damage|p2a: Durant|81\/100|[from] item: Life Orb\n|move|p1a: WHAT I HAVE DONE|Roost|p1a: WHAT I HAVE DONE\n|-heal|p1a: WHAT I HAVE DONE|63\/100\n|-singleturn|p1a: WHAT I HAVE DONE|move: Roost\n|\n|upkeep\n|turn|14\n|\n|t:|1667723292\n|switch|p2a: Hydreigon|Hydreigon, M|99\/100\n|move|p1a: WHAT I HAVE DONE|Flamethrower|p2a: Hydreigon\n|-resisted|p2a: Hydreigon\n|-damage|p2a: Hydreigon|91\/100\n|\n|-heal|p2a: Hydreigon|97\/100|[from] item: Leftovers\n|upkeep\n|turn|15\n|l| elvirizione\n|\n|t:|1667723296\n|switch|p1a: BALANCED|Chansey, F, shiny|88\/100\n|-damage|p1a: BALANCED|75\/100|[from] Stealth Rock\n|move|p2a: Hydreigon|U-turn|p1a: BALANCED\n|-damage|p1a: BALANCED|61\/100\n|\n|t:|1667723298\n|switch|p2a: Durant|Durant, M|81\/100|[from]move: U-turn\n|\n|upkeep\n|turn|16\n|\n|t:|1667723307\n|move|p2a: Durant|Hone Claws|p2a: Durant\n|-boost|p2a: Durant|atk|1\n|-boost|p2a: Durant|accuracy|1\n|move|p1a: BALANCED|Soft-Boiled|p1a: BALANCED\n|-heal|p1a: BALANCED|100\/100\n|\n|upkeep\n|turn|17\n|\n|t:|1667723323\n|switch|p1a: WHAT I HAVE DONE|Salamence, M|63\/100\n|-ability|p1a: WHAT I HAVE DONE|Intimidate|boost\n|-unboost|p2a: Durant|atk|1\n|move|p2a: Durant|Iron Head|p1a: WHAT I HAVE DONE\n|-damage|p1a: WHAT I HAVE DONE|3\/100\n|-damage|p2a: Durant|71\/100|[from] item: Life Orb\n|\n|upkeep\n|turn|18\n|\n|t:|1667723328\n|move|p2a: Durant|Iron Head|p1a: WHAT I HAVE DONE\n|-crit|p1a: WHAT I HAVE DONE\n|-damage|p1a: WHAT I HAVE DONE|0 fnt\n|faint|p1a: WHAT I HAVE DONE\n|-damage|p2a: Durant|62\/100|[from] item: Life Orb\n|\n|upkeep\n|\n|t:|1667723330\n|switch|p1a: Lannister|Lycanroc-Dusk, M, shiny|100\/100\n|-damage|p1a: Lannister|88\/100|[from] Stealth Rock\n|turn|19\n|\n|t:|1667723334\n|switch|p2a: Rotom|Rotom-Mow|100\/100\n|move|p1a: Lannister|Close Combat|p2a: Rotom\n|-damage|p2a: Rotom|31\/100\n|-unboost|p1a: Lannister|def|1\n|-unboost|p1a: Lannister|spd|1\n|\n|-heal|p2a: Rotom|37\/100|[from] item: Leftovers\n|upkeep\n|turn|20\n|\n|t:|1667723340\n|move|p1a: Lannister|Close Combat|p2a: Rotom\n|-damage|p2a: Rotom|0 fnt\n|-unboost|p1a: Lannister|def|1\n|-unboost|p1a: Lannister|spd|1\n|faint|p2a: Rotom\n|\n|upkeep\n|\n|t:|1667723342\n|switch|p2a: Conkeldurr|Conkeldurr, F|70\/100 tox\n|turn|21\n|\n|t:|1667723350\n|switch|p1a: TO THE STARS|Hippowdon, M|46\/100\n|-damage|p1a: TO THE STARS|40\/100|[from] Stealth Rock\n|-weather|Sandstorm|[from] ability: Sand Stream|[of] p1a: TO THE STARS\n|move|p2a: Conkeldurr|Drain Punch|p1a: TO THE STARS\n|-damage|p1a: TO THE STARS|7\/100\n|-heal|p2a: Conkeldurr|87\/100 tox|[from] drain|[of] p1a: TO THE STARS\n|\n|-weather|Sandstorm|[upkeep]\n|-damage|p2a: Conkeldurr|81\/100 tox|[from] Sandstorm\n|-heal|p1a: TO THE STARS|13\/100|[from] item: Leftovers\n|-damage|p2a: Conkeldurr|75\/100 tox|[from] psn\n|upkeep\n|turn|22\n|\n|t:|1667723355\n|move|p2a: Conkeldurr|Mach Punch|p1a: TO THE STARS\n|-damage|p1a: TO THE STARS|0 fnt\n|faint|p1a: TO THE STARS\n|\n|-weather|Sandstorm|[upkeep]\n|-damage|p2a: Conkeldurr|69\/100 tox|[from] Sandstorm\n|-damage|p2a: Conkeldurr|57\/100 tox|[from] psn\n|upkeep\n|\n|t:|1667723359\n|switch|p1a: DUST|Sylveon, F, shiny|36\/100\n|-damage|p1a: DUST|23\/100|[from] Stealth Rock\n|turn|23\n|\n|t:|1667723371\n|switch|p2a: Durant|Durant, M|62\/100\n|move|p1a: DUST|Protect||[still]\n|-fail|p1a: DUST\n|\n|-weather|Sandstorm|[upkeep]\n|-damage|p1a: DUST|17\/100|[from] Sandstorm\n|upkeep\n|turn|24\n|\n|t:|1667723374\n|switch|p1a: Pete Davidson|Conkeldurr, F|89\/100 brn\n|-damage|p1a: Pete Davidson|83\/100 brn|[from] Stealth Rock\n|move|p2a: Durant|Iron Head|p1a: Pete Davidson\n|-damage|p1a: Pete Davidson|14\/100 brn\n|-damage|p2a: Durant|52\/100|[from] item: Life Orb\n|\n|-weather|Sandstorm|[upkeep]\n|-damage|p1a: Pete Davidson|8\/100 brn|[from] Sandstorm\n|-damage|p1a: Pete Davidson|2\/100 brn|[from] brn\n|upkeep\n|turn|25\n|\n|t:|1667723382\n|switch|p2a: Chandelure|Chandelure, M|100\/100\n|move|p1a: Pete Davidson|Mach Punch|p2a: Chandelure\n|-immune|p2a: Chandelure\n|\n|-weather|none\n|-damage|p1a: Pete Davidson|0 fnt|[from] brn\n|faint|p1a: Pete Davidson\n|upkeep\n|\n|t:|1667723385\n|switch|p1a: Lannister|Lycanroc-Dusk, M, shiny|88\/100\n|-damage|p1a: Lannister|76\/100|[from] Stealth Rock\n|turn|26\n|\n|t:|1667723390\n|move|p1a: Lannister|Stone Edge|p2a: Chandelure|[miss]\n|-miss|p1a: Lannister|p2a: Chandelure\n|move|p2a: Chandelure|Shadow Ball|p1a: Lannister\n|-damage|p1a: Lannister|0 fnt\n|faint|p1a: Lannister\n|\n|upkeep\n|c|\u2606misplayin|srry\n|-message|The SD sweep forfeited.\n|\n|win|misplayin\n|raw|The SD sweep's rating: 1547 &rarr; <strong>1526<\/strong><br \/>(-21 for losing)\n|raw|misplayin's rating: 1534 &rarr; <strong>1555<\/strong><br \/>(+21 for winning)\n|l|\u2606The SD sweep\n","uploadtime":1667723413,"views":6,"p1id":"thesdsweep","p2id":"misplayin","formatid":"gen8uu","rating":1526,"private":0,"password":null}