{"id":"gen8ou-1583721428","p1":"Elite4Donovan","p2":"Ineedaonetype","format":"gen8ou","log":"|j|\u2606Elite4Donovan\n|j|\u2606Ineedaonetype\n|t:|1653626180\n|gametype|singles\n|player|p1|Elite4Donovan|lucas|1738\n|player|p2|Ineedaonetype|102|1673\n|teamsize|p1|6\n|teamsize|p2|6\n|gen|8\n|tier|[Gen 8] OU\n|rated|\n|rule|Sleep Clause Mod: Limit one foe put to sleep\n|rule|Species Clause: Limit one of each Pok\u00e9mon\n|rule|OHKO Clause: OHKO moves are banned\n|rule|Evasion Moves Clause: Evasion moves are banned\n|rule|Endless Battle Clause: Forcing endless battles is banned\n|rule|HP Percentage Mod: HP is shown in percentages\n|rule|Dynamax Clause: You cannot dynamax\n|clearpoke\n|poke|p1|Sharpedo, F|\n|poke|p1|Mew|\n|poke|p1|Tapu Lele|\n|poke|p1|Kommo-o, F|\n|poke|p1|Landorus-Therian, M|\n|poke|p1|Blacephalon|\n|poke|p2|Melmetal|\n|poke|p2|Hatterene, F|\n|poke|p2|Swampert, M|\n|poke|p2|Cresselia, F|\n|poke|p2|Marowak-Alola, F|\n|poke|p2|Volcarona, F|\n|teampreview\n|\n|t:|1653626187\n|start\n|switch|p1a: Blacephalon|Blacephalon|100\/100\n|switch|p2a: Hatterene|Hatterene, F|100\/100\n|turn|1\n|\n|t:|1653626196\n|move|p1a: Blacephalon|Trick|p2a: Hatterene\n|-activate|p1a: Blacephalon|move: Trick|[of] p2a: Hatterene\n|-item|p2a: Hatterene|Choice Specs|[from] move: Trick\n|-item|p1a: Blacephalon|Focus Sash|[from] move: Trick\n|move|p2a: Hatterene|Trick Room|p2a: Hatterene\n|-fieldstart|move: Trick Room|[of] p2a: Hatterene\n|\n|upkeep\n|turn|2\n|\n|t:|1653626207\n|switch|p2a: Melmetal|Melmetal|100\/100\n|switch|p1a: Kommo-o|Kommo-o, F|100\/100\n|\n|upkeep\n|turn|3\n|\n|t:|1653626210\n|move|p2a: Melmetal|Double Iron Bash|p1a: Kommo-o\n|-damage|p1a: Kommo-o|55\/100\n|-damage|p1a: Kommo-o|16\/100\n|-enditem|p1a: Kommo-o|Salac Berry|[eat]\n|-boost|p1a: Kommo-o|spe|1|[from] item: Salac Berry\n|-hitcount|p1a: Kommo-o|2\n|cant|p1a: Kommo-o|flinch\n|\n|upkeep\n|turn|4\n|\n|t:|1653626214\n|move|p2a: Melmetal|Double Iron Bash|p1a: Kommo-o\n|-damage|p1a: Kommo-o|0 fnt\n|faint|p1a: Kommo-o\n|-hitcount|p1: Kommo-o|1\n|\n|upkeep\n|\n|t:|1653626217\n|switch|p1a: Landorus|Landorus-Therian, M|100\/100\n|-ability|p1a: Landorus|Intimidate|boost\n|-unboost|p2a: Melmetal|atk|1\n|turn|5\n|\n|t:|1653626225\n|switch|p2a: Hatterene|Hatterene, F|100\/100\n|switch|p1a: Blacephalon|Blacephalon|100\/100\n|\n|-fieldend|move: Trick Room\n|upkeep\n|turn|6\n|j| BabyPigsAreLaughin\n|\n|t:|1653626247\n|move|p1a: Blacephalon|Shadow Ball|p2a: Hatterene\n|-supereffective|p2a: Hatterene\n|-damage|p2a: Hatterene|6\/100\n|move|p2a: Hatterene|Trick Room|p2a: Hatterene\n|-fieldstart|move: Trick Room|[of] p2a: Hatterene\n|\n|upkeep\n|turn|7\n|\n|t:|1653626250\n|move|p1a: Blacephalon|Shadow Ball|p2a: Hatterene\n|-supereffective|p2a: Hatterene\n|-damage|p2a: Hatterene|0 fnt\n|faint|p2a: Hatterene\n|-ability|p1a: Blacephalon|Beast Boost|boost\n|-boost|p1a: Blacephalon|spa|1\n|\n|upkeep\n|\n|t:|1653626257\n|switch|p2a: Swampert|Swampert, M|100\/100\n|turn|8\n|\n|t:|1653626260\n|move|p2a: Swampert|Flip Turn|p1a: Blacephalon\n|-supereffective|p1a: Blacephalon\n|-enditem|p1a: Blacephalon|Focus Sash\n|-damage|p1a: Blacephalon|1\/100\n|\n|t:|1653626266\n|switch|p2a: Melmetal|Melmetal|100\/100|[from]move: Flip Turn\n|move|p1a: Blacephalon|Shadow Ball|p2a: Melmetal\n|-damage|p2a: Melmetal|34\/100\n|\n|upkeep\n|turn|9\n|\n|t:|1653626274\n|switch|p1a: Mew|Mew|100\/100\n|move|p2a: Melmetal|Double Iron Bash|p1a: Mew\n|-damage|p1a: Mew|61\/100\n|-damage|p1a: Mew|23\/100\n|-hitcount|p1a: Mew|2\n|-enditem|p1a: Mew|Red Card|[of] p2a: Melmetal\n|drag|p2a: Volcarona|Volcarona, F|100\/100\n|\n|upkeep\n|turn|10\n|j| KMTQ\n|\n|t:|1653626287\n|switch|p2a: Swampert|Swampert, M|100\/100\n|move|p1a: Mew|Thunder Wave|p2a: Swampert\n|-immune|p2a: Swampert\n|\n|-fieldend|move: Trick Room\n|upkeep\n|turn|11\n|\n|t:|1653626291\n|move|p1a: Mew|Stealth Rock|p2a: Swampert\n|-sidestart|p2: Ineedaonetype|move: Stealth Rock\n|move|p2a: Swampert|Flip Turn|p1a: Mew\n|-damage|p1a: Mew|0 fnt\n|faint|p1a: Mew\n|\n|t:|1653626297\n|switch|p2a: Cresselia|Cresselia, F|100\/100|[from]move: Flip Turn\n|-damage|p2a: Cresselia|88\/100|[from] Stealth Rock\n|\n|upkeep\n|\n|t:|1653626299\n|switch|p1a: Sharpedo|Sharpedo, F|100\/100\n|turn|12\n|\n|t:|1653626302\n|move|p1a: Sharpedo|Dark Pulse|p2a: Cresselia\n|-supereffective|p2a: Cresselia\n|-damage|p2a: Cresselia|35\/100\n|-damage|p1a: Sharpedo|91\/100|[from] item: Life Orb\n|move|p2a: Cresselia|Trick Room|p2a: Cresselia\n|-fieldstart|move: Trick Room|[of] p2a: Cresselia\n|\n|-ability|p1a: Sharpedo|Speed Boost|boost\n|-boost|p1a: Sharpedo|spe|1\n|upkeep\n|turn|13\n|\n|t:|1653626312\n|move|p2a: Cresselia|Lunar Dance|p2a: Cresselia\n|faint|p2a: Cresselia\n|move|p1a: Sharpedo|Dark Pulse|p2: Cresselia|[notarget]\n|-fail|p1a: Sharpedo\n|\n|-ability|p1a: Sharpedo|Speed Boost|boost\n|-boost|p1a: Sharpedo|spe|1\n|upkeep\n|\n|t:|1653626314\n|switch|p2a: Melmetal|Melmetal|34\/100\n|-heal|p2a: Melmetal|100\/100|[from] move: Lunar Dance\n|-damage|p2a: Melmetal|94\/100|[from] Stealth Rock\n|turn|14\n|j| sweetmoves55\n|\n|t:|1653626318\n|move|p2a: Melmetal|Thunder Punch|p1a: Sharpedo\n|-supereffective|p1a: Sharpedo\n|-damage|p1a: Sharpedo|0 fnt\n|faint|p1a: Sharpedo\n|\n|upkeep\n|\n|t:|1653626320\n|switch|p1a: Landorus|Landorus-Therian, M|100\/100\n|-ability|p1a: Landorus|Intimidate|boost\n|-unboost|p2a: Melmetal|atk|1\n|turn|15\n|\n|t:|1653626323\n|switch|p1a: Blacephalon|Blacephalon|1\/100\n|move|p2a: Melmetal|Double Iron Bash|p1a: Blacephalon\n|-resisted|p1a: Blacephalon\n|-damage|p1a: Blacephalon|0 fnt\n|faint|p1a: Blacephalon\n|-hitcount|p1: Blacephalon|1\n|\n|upkeep\n|c| BabyPigsAreLaughin|It's over.\n|\n|t:|1653626331\n|switch|p1a: Landorus|Landorus-Therian, M|100\/100\n|-ability|p1a: Landorus|Intimidate|boost\n|-unboost|p2a: Melmetal|atk|1\n|turn|16\n|\n|t:|1653626342\n|switch|p1a: Tapu Lele|Tapu Lele|100\/100\n|-fieldstart|move: Psychic Terrain|[from] ability: Psychic Surge|[of] p1a: Tapu Lele\n|move|p2a: Melmetal|Double Iron Bash|p1a: Tapu Lele\n|-supereffective|p1a: Tapu Lele\n|-damage|p1a: Tapu Lele|34\/100\n|-supereffective|p1a: Tapu Lele\n|-damage|p1a: Tapu Lele|0 fnt\n|faint|p1a: Tapu Lele\n|-hitcount|p1: Tapu Lele|2\n|\n|-fieldend|move: Trick Room\n|upkeep\n|\n|t:|1653626344\n|switch|p1a: Landorus|Landorus-Therian, M|100\/100\n|-ability|p1a: Landorus|Intimidate|boost\n|-unboost|p2a: Melmetal|atk|1\n|turn|17\n|\n|t:|1653626347\n|move|p1a: Landorus|Swords Dance|p1a: Landorus\n|-boost|p1a: Landorus|atk|2\n|move|p2a: Melmetal|Double Iron Bash|p1a: Landorus\n|-damage|p1a: Landorus|78\/100\n|-damage|p1a: Landorus|57\/100\n|-hitcount|p1a: Landorus|2\n|\n|upkeep\n|turn|18\n|\n|t:|1653626355\n|move|p1a: Landorus|Rock Polish|p1a: Landorus\n|-boost|p1a: Landorus|spe|2\n|move|p2a: Melmetal|Double Iron Bash|p1a: Landorus\n|-damage|p1a: Landorus|35\/100\n|-damage|p1a: Landorus|15\/100\n|-hitcount|p1a: Landorus|2\n|\n|upkeep\n|turn|19\n|\n|t:|1653626359\n|move|p1a: Landorus|Earthquake|p2a: Melmetal\n|-supereffective|p2a: Melmetal\n|-damage|p2a: Melmetal|0 fnt\n|faint|p2a: Melmetal\n|\n|upkeep\n|\n|t:|1653626361\n|switch|p2a: Swampert|Swampert, M|100\/100\n|-damage|p2a: Swampert|94\/100|[from] Stealth Rock\n|turn|20\n|\n|t:|1653626363\n|move|p1a: Landorus|Earthquake|p2a: Swampert\n|-damage|p2a: Swampert|0 fnt\n|faint|p2a: Swampert\n|\n|-fieldend|move: Psychic Terrain\n|upkeep\n|c|\u2606Elite4Donovan|gg\n|\n|t:|1653626373\n|switch|p2a: Volcarona|Volcarona, F|100\/100\n|turn|21\n|\n|t:|1653626375\n|move|p1a: Landorus|Earthquake|p2a: Volcarona\n|-damage|p2a: Volcarona|0 fnt\n|faint|p2a: Volcarona\n|\n|upkeep\n|\n|t:|1653626376\n|switch|p2a: Marowak|Marowak-Alola, F|100\/100\n|-damage|p2a: Marowak|76\/100|[from] Stealth Rock\n|turn|22\n|\n|t:|1653626378\n|move|p1a: Landorus|Earthquake|p2a: Marowak\n|-supereffective|p2a: Marowak\n|-damage|p2a: Marowak|0 fnt\n|faint|p2a: Marowak\n|\n|win|Elite4Donovan\n|raw|Elite4Donovan's rating: 1738 &rarr; <strong>1756<\/strong><br \/>(+18 for winning)\n|raw|Ineedaonetype's rating: 1695 &rarr; <strong>1677<\/strong><br \/>(-18 for losing)\n|l| KMTQ\n","uploadtime":1653626413,"views":37,"p1id":"elite4donovan","p2id":"ineedaonetype","formatid":"gen8ou","rating":1677,"private":0,"password":null}