{"id":"gen8ou-1620023340","p1":"Infernoss","p2":"1\u2746 Coffy","format":"gen8ou","log":"|j|\u2606Infernoss\n|j|\u26061\u2746 Coffy\n|t:|1658166670\n|gametype|singles\n|player|p1|Infernoss|blue|1737\n|player|p2|1\u2746 Coffy|sightseer|1710\n|teamsize|p1|6\n|teamsize|p2|6\n|gen|8\n|tier|[Gen 8] OU\n|rated|\n|rule|Sleep Clause Mod: Limit one foe put to sleep\n|rule|Species Clause: Limit one of each Pok\u00e9mon\n|rule|OHKO Clause: OHKO moves are banned\n|rule|Evasion Moves Clause: Evasion moves are banned\n|rule|Endless Battle Clause: Forcing endless battles is banned\n|rule|HP Percentage Mod: HP is shown in percentages\n|rule|Dynamax Clause: You cannot dynamax\n|clearpoke\n|poke|p1|Marowak-Alola, M|\n|poke|p1|Slowbro, M|\n|poke|p1|Hatterene, F|\n|poke|p1|Garchomp, M|\n|poke|p1|Ferrothorn, M|\n|poke|p1|Drampa, M|\n|poke|p2|Thundurus, M|\n|poke|p2|Buzzwole|\n|poke|p2|Slowking, L99, F|\n|poke|p2|Hippowdon, M|\n|poke|p2|Nihilego|\n|poke|p2|Zapdos|\n|teampreview\n|inactive|Battle timer is ON: inactive players will automatically lose when time's up. (requested by 1\u2746 Coffy)\n|\n|t:|1658166689\n|start\n|switch|p1a: Sharko|Garchomp, M|100\/100\n|switch|p2a: Stan|Thundurus, M|100\/100\n|turn|1\n|\n|t:|1658166695\n|switch|p2a: Buzzwole|Buzzwole|100\/100\n|move|p1a: Sharko|Stone Edge|p2a: Buzzwole|[miss]\n|-miss|p1a: Sharko|p2a: Buzzwole\n|\n|upkeep\n|turn|2\n|\n|t:|1658166701\n|switch|p1a: Thorns|Ferrothorn, M|100\/100\n|move|p2a: Buzzwole|Ice Punch|p1a: Thorns\n|-damage|p1a: Thorns|84\/100\n|-damage|p2a: Buzzwole|88\/100|[from] ability: Iron Barbs|[of] p1a: Thorns\n|\n|-heal|p1a: Thorns|90\/100|[from] item: Leftovers\n|upkeep\n|turn|3\n|j| lukisonic23\n|\n|t:|1658166711\n|switch|p2a: Stan|Thundurus, M|100\/100\n|move|p1a: Thorns|Stealth Rock|p2a: Stan\n|-sidestart|p2: 1\u2746 Coffy|move: Stealth Rock\n|\n|-heal|p1a: Thorns|97\/100|[from] item: Leftovers\n|upkeep\n|turn|4\n|\n|t:|1658166717\n|switch|p2a: Zapdos|Zapdos|100\/100\n|move|p1a: Thorns|Leech Seed|p2a: Zapdos|[miss]\n|-miss|p1a: Thorns|p2a: Zapdos\n|\n|-heal|p1a: Thorns|100\/100|[from] item: Leftovers\n|upkeep\n|turn|5\n|\n|t:|1658166724\n|move|p2a: Zapdos|Defog|p1a: Thorns\n|-unboost|p1a: Thorns|evasion|1\n|-sideend|p2: 1\u2746 Coffy|Stealth Rock|[from] move: Defog|[of] p2a: Zapdos\n|move|p1a: Thorns|Leech Seed|p2a: Zapdos\n|-start|p2a: Zapdos|move: Leech Seed\n|\n|-damage|p2a: Zapdos|88\/100|[from] Leech Seed|[of] p1a: Thorns\n|upkeep\n|turn|6\n|\n|t:|1658166730\n|move|p2a: Zapdos|Volt Switch|p1a: Thorns\n|-resisted|p1a: Thorns\n|-damage|p1a: Thorns|91\/100\n|\n|t:|1658166733\n|switch|p2a: Buzzwole|Buzzwole|88\/100|[from]move: Volt Switch\n|move|p1a: Thorns|Stealth Rock|p2a: Buzzwole\n|-sidestart|p2: 1\u2746 Coffy|move: Stealth Rock\n|\n|-heal|p1a: Thorns|97\/100|[from] item: Leftovers\n|upkeep\n|turn|7\n|j| Andrewbaby\n|\n|t:|1658166739\n|switch|p2a: Nihil|Nihilego|100\/100\n|-damage|p2a: Nihil|88\/100|[from] Stealth Rock\n|switch|p1a: Sonso|Slowbro, M|100\/100\n|\n|upkeep\n|turn|8\n|\n|t:|1658166748\n|switch|p1a: Thorns|Ferrothorn, M|97\/100\n|move|p2a: Nihil|Knock Off|p1a: Thorns\n|-damage|p1a: Thorns|87\/100\n|-damage|p2a: Nihil|76\/100|[from] ability: Iron Barbs|[of] p1a: Thorns\n|-enditem|p1a: Thorns|Leftovers|[from] move: Knock Off|[of] p2a: Nihil\n|\n|upkeep\n|turn|9\n|j| my emoji is goat\n|\n|t:|1658166756\n|switch|p2a: Zapdos|Zapdos|88\/100\n|switch|p1a: Sharko|Garchomp, M|100\/100\n|\n|upkeep\n|turn|10\n|\n|t:|1658166762\n|switch|p2a: Buzzwole|Buzzwole|88\/100\n|-damage|p2a: Buzzwole|76\/100|[from] Stealth Rock\n|move|p1a: Sharko|Stone Edge|p2a: Buzzwole\n|-damage|p2a: Buzzwole|59\/100\n|\n|upkeep\n|turn|11\n|\n|t:|1658166781\n|switch|p1a: Billy B.|Marowak-Alola, M, shiny|100\/100\n|switch|p2a: Stan|Thundurus, M|100\/100\n|-damage|p2a: Stan|76\/100|[from] Stealth Rock\n|\n|upkeep\n|turn|12\n|\n|t:|1658166789\n|switch|p1a: Thorns|Ferrothorn, M|87\/100\n|move|p2a: Stan|Knock Off|p1a: Thorns\n|-damage|p1a: Thorns|62\/100\n|-damage|p2a: Stan|63\/100|[from] ability: Iron Barbs|[of] p1a: Thorns\n|\n|upkeep\n|turn|13\n|\n|t:|1658166800\n|switch|p2a: Young Bro|Slowking, L99, F|100\/100\n|move|p1a: Thorns|Leech Seed|p2a: Young Bro\n|-start|p2a: Young Bro|move: Leech Seed\n|\n|-damage|p2a: Young Bro|88\/100|[from] Leech Seed|[of] p1a: Thorns\n|-heal|p1a: Thorns|75\/100|[silent]\n|upkeep\n|turn|14\n|\n|t:|1658166807\n|switch|p1a: Billy B.|Marowak-Alola, M, shiny|100\/100\n|move|p2a: Young Bro|Scald|p1a: Billy B.\n|-supereffective|p1a: Billy B.\n|-damage|p1a: Billy B.|27\/100\n|\n|-damage|p2a: Young Bro|76\/100|[from] Leech Seed|[of] p1a: Billy B.\n|-heal|p1a: Billy B.|44\/100|[silent]\n|upkeep\n|turn|15\n|\n|t:|1658166819\n|switch|p2a: Zapdos|Zapdos|88\/100\n|move|p1a: Billy B.|Poltergeist|p2a: Zapdos\n|-activate|p2a: Zapdos|move: Poltergeist|Heavy-Duty Boots\n|-damage|p2a: Zapdos|20\/100\n|\n|upkeep\n|turn|16\n|\n|t:|1658166826\n|switch|p1a: Sharko|Garchomp, M|100\/100\n|move|p2a: Zapdos|Hurricane|p1a: Sharko\n|-damage|p1a: Sharko|51\/100\n|-start|p1a: Sharko|confusion\n|\n|-heal|p1a: Sharko|57\/100|[from] item: Leftovers\n|upkeep\n|turn|17\n|j| TSM FTX Snacky\n|\n|t:|1658166835\n|switch|p2a: Buzzwole|Buzzwole|59\/100\n|-damage|p2a: Buzzwole|47\/100|[from] Stealth Rock\n|-activate|p1a: Sharko|confusion\n|-damage|p1a: Sharko|43\/100|[from] confusion\n|\n|-heal|p1a: Sharko|50\/100|[from] item: Leftovers\n|upkeep\n|turn|18\n|c|\u2606Infernoss|come on!!\n|j| Eyyk\n|\n|t:|1658166848\n|switch|p1a: Billy B.|Marowak-Alola, M, shiny|44\/100\n|move|p2a: Buzzwole|Leech Life|p1a: Billy B.\n|-resisted|p1a: Billy B.\n|-damage|p1a: Billy B.|33\/100\n|-heal|p2a: Buzzwole|50\/100|[from] drain|[of] p1a: Billy B.\n|\n|upkeep\n|turn|19\n|l| Eyyk\n|inactive|1\u2746 Coffy has 120 seconds left.\n|inactive|1\u2746 Coffy has 90 seconds left.\n|\n|t:|1658166923\n|switch|p2a: Stan|Thundurus, M|63\/100\n|-damage|p2a: Stan|39\/100|[from] Stealth Rock\n|move|p1a: Billy B.|Flare Blitz|p2a: Stan\n|-damage|p2a: Stan|0 fnt\n|faint|p2a: Stan\n|\n|upkeep\n|\n|t:|1658166932\n|switch|p2a: Zapdos|Zapdos|20\/100\n|turn|20\n|\n|t:|1658166944\n|switch|p1a: Thorns|Ferrothorn, M|75\/100\n|move|p2a: Zapdos|Hurricane|p1a: Thorns\n|-damage|p1a: Thorns|48\/100\n|\n|upkeep\n|turn|21\n|\n|t:|1658166950\n|move|p2a: Zapdos|Roost|p2a: Zapdos\n|-heal|p2a: Zapdos|70\/100\n|-singleturn|p2a: Zapdos|move: Roost\n|move|p1a: Thorns|Leech Seed|p2a: Zapdos\n|-start|p2a: Zapdos|move: Leech Seed\n|\n|-damage|p2a: Zapdos|58\/100|[from] Leech Seed|[of] p1a: Thorns\n|-heal|p1a: Thorns|61\/100|[silent]\n|upkeep\n|turn|22\n|\n|t:|1658166959\n|switch|p2a: Buzzwole|Buzzwole|50\/100\n|-damage|p2a: Buzzwole|38\/100|[from] Stealth Rock\n|switch|p1a: Sharko|Garchomp, M|50\/100\n|\n|-heal|p1a: Sharko|56\/100|[from] item: Leftovers\n|upkeep\n|turn|23\n|\n|t:|1658166968\n|switch|p1a: Sonso|Slowbro, M|100\/100\n|move|p2a: Buzzwole|Roost|p2a: Buzzwole\n|-heal|p2a: Buzzwole|88\/100\n|-singleturn|p2a: Buzzwole|move: Roost\n|\n|upkeep\n|turn|24\n|\n|t:|1658166975\n|switch|p2a: Zapdos|Zapdos|58\/100\n|move|p1a: Sonso|Trick Room|p1a: Sonso\n|-fieldstart|move: Trick Room|[of] p1a: Sonso\n|\n|upkeep\n|turn|25\n|\n|t:|1658166980\n|switch|p1a: Falkor|Drampa, M|100\/100\n|move|p2a: Zapdos|Roost|p2a: Zapdos\n|-heal|p2a: Zapdos|100\/100\n|-singleturn|p2a: Zapdos|move: Roost\n|\n|upkeep\n|turn|26\n|j| 1 em trach thu\n|\n|t:|1658166987\n|switch|p2a: Young Bro|Slowking, L99, F|100\/100\n|move|p1a: Falkor|Ice Beam|p2a: Young Bro\n|-resisted|p2a: Young Bro\n|-damage|p2a: Young Bro|89\/100\n|\n|upkeep\n|turn|27\n|\n|t:|1658166995\n|move|p2a: Young Bro|Scald|p1a: Falkor\n|-resisted|p1a: Falkor\n|-damage|p1a: Falkor|86\/100\n|move|p1a: Falkor|Thunderbolt|p2a: Young Bro\n|-supereffective|p2a: Young Bro\n|-damage|p2a: Young Bro|42\/100\n|\n|upkeep\n|turn|28\n|\n|t:|1658167001\n|move|p2a: Young Bro|Slack Off|p2a: Young Bro\n|-heal|p2a: Young Bro|92\/100\n|move|p1a: Falkor|Thunderbolt|p2a: Young Bro\n|-supereffective|p2a: Young Bro\n|-damage|p2a: Young Bro|37\/100\n|\n|-fieldend|move: Trick Room\n|upkeep\n|turn|29\n|\n|t:|1658167011\n|switch|p2a: Hippowdon|Hippowdon, M|100\/100\n|-damage|p2a: Hippowdon|94\/100|[from] Stealth Rock\n|-weather|Sandstorm|[from] ability: Sand Stream|[of] p2a: Hippowdon\n|move|p1a: Falkor|Ice Beam|p2a: Hippowdon\n|-supereffective|p2a: Hippowdon\n|-damage|p2a: Hippowdon|30\/100\n|\n|-weather|Sandstorm|[upkeep]\n|-damage|p1a: Falkor|80\/100|[from] Sandstorm\n|-heal|p2a: Hippowdon|36\/100|[from] item: Leftovers\n|upkeep\n|turn|30\n|\n|t:|1658167025\n|move|p2a: Hippowdon|Slack Off|p2a: Hippowdon\n|-heal|p2a: Hippowdon|86\/100\n|move|p1a: Falkor|Ice Beam|p2a: Hippowdon\n|-supereffective|p2a: Hippowdon\n|-damage|p2a: Hippowdon|26\/100\n|\n|-weather|Sandstorm|[upkeep]\n|-damage|p1a: Falkor|74\/100|[from] Sandstorm\n|-heal|p2a: Hippowdon|32\/100|[from] item: Leftovers\n|upkeep\n|turn|31\n|\n|t:|1658167034\n|move|p2a: Hippowdon|Stealth Rock|p1a: Falkor\n|-sidestart|p1: Infernoss|move: Stealth Rock\n|move|p1a: Falkor|Ice Beam|p2a: Hippowdon\n|-supereffective|p2a: Hippowdon\n|-damage|p2a: Hippowdon|0 fnt\n|faint|p2a: Hippowdon\n|\n|-weather|Sandstorm|[upkeep]\n|-damage|p1a: Falkor|68\/100|[from] Sandstorm\n|upkeep\n|\n|t:|1658167044\n|switch|p2a: Buzzwole|Buzzwole|88\/100\n|-damage|p2a: Buzzwole|76\/100|[from] Stealth Rock\n|turn|32\n|\n|t:|1658167050\n|move|p2a: Buzzwole|Close Combat|p1a: Falkor\n|-supereffective|p1a: Falkor\n|-damage|p1a: Falkor|0 fnt\n|-unboost|p2a: Buzzwole|def|1\n|-unboost|p2a: Buzzwole|spd|1\n|faint|p1a: Falkor\n|-ability|p2a: Buzzwole|Beast Boost|boost\n|-boost|p2a: Buzzwole|def|1\n|\n|-weather|Sandstorm|[upkeep]\n|-damage|p2a: Buzzwole|69\/100|[from] Sandstorm\n|upkeep\n|\n|t:|1658167067\n|switch|p1a: Gorra|Hatterene, F, shiny|100\/100\n|-damage|p1a: Gorra|88\/100|[from] Stealth Rock\n|turn|33\n|\n|t:|1658167079\n|switch|p2a: Young Bro|Slowking, L99, F|70\/100\n|move|p1a: Gorra|Trick Room|p1a: Gorra\n|-fieldstart|move: Trick Room|[of] p1a: Gorra\n|\n|-weather|none\n|upkeep\n|turn|34\n|\n|t:|1658167088\n|switch|p1a: Thorns|Ferrothorn, M|61\/100\n|-damage|p1a: Thorns|55\/100|[from] Stealth Rock\n|move|p2a: Young Bro|Future Sight|p1a: Thorns\n|-start|p2a: Young Bro|move: Future Sight\n|\n|upkeep\n|turn|35\n|\n|t:|1658167100\n|switch|p2a: Buzzwole|Buzzwole|69\/100\n|-damage|p2a: Buzzwole|57\/100|[from] Stealth Rock\n|move|p1a: Thorns|Power Whip|p2a: Buzzwole\n|-resisted|p2a: Buzzwole\n|-damage|p2a: Buzzwole|48\/100\n|-damage|p1a: Thorns|38\/100|[from] item: Rocky Helmet|[of] p2a: Buzzwole\n|\n|upkeep\n|turn|36\n|\n|t:|1658167120\n|move|p1a: Thorns|Leech Seed|p2a: Buzzwole\n|-start|p2a: Buzzwole|move: Leech Seed\n|move|p2a: Buzzwole|Roost|p2a: Buzzwole\n|-heal|p2a: Buzzwole|98\/100\n|-singleturn|p2a: Buzzwole|move: Roost\n|\n|-end|p1a: Thorns|move: Future Sight\n|-resisted|p1a: Thorns\n|-damage|p1a: Thorns|26\/100\n|-damage|p2a: Buzzwole|85\/100|[from] Leech Seed|[of] p1a: Thorns\n|-heal|p1a: Thorns|41\/100|[silent]\n|upkeep\n|turn|37\n|\n|t:|1658167130\n|switch|p1a: Gorra|Hatterene, F, shiny|88\/100\n|-damage|p1a: Gorra|76\/100|[from] Stealth Rock\n|switch|p2a: Zapdos|Zapdos|100\/100\n|\n|-fieldend|move: Trick Room\n|upkeep\n|turn|38\n|\n|t:|1658167139\n|move|p2a: Zapdos|Volt Switch|p1a: Gorra\n|-damage|p1a: Gorra|51\/100\n|\n|t:|1658167143\n|switch|p2a: Young Bro|Slowking, L99, F|100\/100|[from]move: Volt Switch\n|move|p1a: Gorra|Mystical Fire|p2a: Young Bro\n|-resisted|p2a: Young Bro\n|-damage|p2a: Young Bro|94\/100\n|-unboost|p2a: Young Bro|spa|1\n|\n|upkeep\n|turn|39\n|\n|t:|1658167150\n|move|p1a: Gorra|Healing Wish|p1a: Gorra\n|faint|p1a: Gorra\n|move|p2a: Young Bro|Future Sight|p1: Gorra\n|-start|p2a: Young Bro|move: Future Sight\n|\n|upkeep\n|\n|t:|1658167153\n|switch|p1a: Billy B.|Marowak-Alola, M, shiny|33\/100\n|-heal|p1a: Billy B.|100\/100|[from] move: Healing Wish\n|-damage|p1a: Billy B.|76\/100|[from] Stealth Rock\n|turn|40\n|\n|t:|1658167158\n|move|p1a: Billy B.|Poltergeist|p2a: Young Bro\n|-activate|p2a: Young Bro|move: Poltergeist|Heavy-Duty Boots\n|-supereffective|p2a: Young Bro\n|-damage|p2a: Young Bro|0 fnt\n|faint|p2a: Young Bro\n|\n|upkeep\n|j| DeskWeasel\n|l| DeskWeasel\n|\n|t:|1658167167\n|switch|p2a: Nihil|Nihilego|76\/100\n|-damage|p2a: Nihil|64\/100|[from] Stealth Rock\n|turn|41\n|\n|t:|1658167171\n|switch|p1a: Thorns|Ferrothorn, M|41\/100\n|-damage|p1a: Thorns|34\/100|[from] Stealth Rock\n|move|p2a: Nihil|Power Gem|p1a: Thorns\n|-resisted|p1a: Thorns\n|-damage|p1a: Thorns|21\/100\n|\n|-end|p1a: Thorns|move: Future Sight\n|-resisted|p1a: Thorns\n|-damage|p1a: Thorns|7\/100\n|upkeep\n|turn|42\n|j| dieMoldau\n|\n|t:|1658167185\n|switch|p1a: Sonso|Slowbro, M|100\/100\n|-damage|p1a: Sonso|88\/100|[from] Stealth Rock\n|move|p2a: Nihil|Power Gem|p1a: Sonso\n|-damage|p1a: Sonso|43\/100\n|\n|upkeep\n|turn|43\n|\n|t:|1658167192\n|switch|p1a: Thorns|Ferrothorn, M|7\/100\n|-damage|p1a: Thorns|1\/100|[from] Stealth Rock\n|move|p2a: Nihil|Power Gem|p1a: Thorns\n|-resisted|p1a: Thorns\n|-damage|p1a: Thorns|0 fnt\n|faint|p1a: Thorns\n|-ability|p2a: Nihil|Beast Boost|boost\n|-boost|p2a: Nihil|spa|1\n|\n|upkeep\n|c|\u2606Infernoss|lol 1 hp\n|\n|t:|1658167203\n|switch|p1a: Sharko|Garchomp, M|56\/100\n|-damage|p1a: Sharko|50\/100|[from] Stealth Rock\n|turn|44\n|\n|t:|1658167207\n|switch|p2a: Buzzwole|Buzzwole|85\/100\n|-damage|p2a: Buzzwole|73\/100|[from] Stealth Rock\n|move|p1a: Sharko|Earthquake|p2a: Buzzwole\n|-resisted|p2a: Buzzwole\n|-damage|p2a: Buzzwole|60\/100\n|\n|-heal|p1a: Sharko|56\/100|[from] item: Leftovers\n|upkeep\n|turn|45\n|inactive|Infernoss has 120 seconds left.\n|c|\u26061\u2746 Coffy|its with 7% and rocks always deal 6%\n|j| 23142ewqe\n|\n|t:|1658167264\n|switch|p1a: Billy B.|Marowak-Alola, M, shiny|76\/100\n|-damage|p1a: Billy B.|51\/100|[from] Stealth Rock\n|move|p2a: Buzzwole|Leech Life|p1a: Billy B.\n|-resisted|p1a: Billy B.\n|-damage|p1a: Billy B.|40\/100\n|-heal|p2a: Buzzwole|64\/100|[from] drain|[of] p1a: Billy B.\n|\n|upkeep\n|turn|46\n|\n|t:|1658167281\n|switch|p2a: Zapdos|Zapdos|100\/100\n|move|p1a: Billy B.|Flare Blitz|p2a: Zapdos\n|-damage|p2a: Zapdos|27\/100\n|-status|p1a: Billy B.|par|[from] ability: Static|[of] p2a: Zapdos\n|\n|upkeep\n|turn|47\n|l| lukisonic23\n|\n|t:|1658167296\n|move|p2a: Zapdos|Roost|p2a: Zapdos\n|-heal|p2a: Zapdos|77\/100\n|-singleturn|p2a: Zapdos|move: Roost\n|move|p1a: Billy B.|Flare Blitz|p2a: Zapdos\n|-damage|p2a: Zapdos|11\/100\n|\n|upkeep\n|turn|48\n|\n|t:|1658167306\n|switch|p1a: Sharko|Garchomp, M|56\/100\n|-damage|p1a: Sharko|50\/100|[from] Stealth Rock\n|move|p2a: Zapdos|Hurricane|p1a: Sharko\n|-damage|p1a: Sharko|0 fnt\n|faint|p1a: Sharko\n|\n|upkeep\n|l| 1 em trach thu\n|\n|t:|1658167314\n|switch|p1a: Sonso|Slowbro, M|76\/100\n|-damage|p1a: Sonso|64\/100|[from] Stealth Rock\n|turn|49\n|\n|t:|1658167328\n|move|p2a: Zapdos|Volt Switch|p1a: Sonso\n|-supereffective|p1a: Sonso\n|-damage|p1a: Sonso|1\/100\n|\n|t:|1658167331\n|switch|p2a: Nihil|Nihilego|64\/100|[from]move: Volt Switch\n|-damage|p2a: Nihil|51\/100|[from] Stealth Rock\n|move|p1a: Sonso|Trick Room|p1a: Sonso\n|-fieldstart|move: Trick Room|[of] p1a: Sonso\n|\n|upkeep\n|turn|50\n|\n|t:|1658167339\n|move|p1a: Sonso|Scald|p2a: Nihil\n|-supereffective|p2a: Nihil\n|-damage|p2a: Nihil|8\/100\n|move|p2a: Nihil|Power Gem|p1a: Sonso\n|-damage|p1a: Sonso|0 fnt\n|faint|p1a: Sonso\n|-ability|p2a: Nihil|Beast Boost|boost\n|-boost|p2a: Nihil|spa|1\n|\n|upkeep\n|\n|t:|1658167347\n|switch|p1a: Billy B.|Marowak-Alola, M, shiny|40\/100 par\n|-damage|p1a: Billy B.|15\/100 par|[from] Stealth Rock\n|turn|51\n|\n|t:|1658167353\n|cant|p1a: Billy B.|par\n|move|p2a: Nihil|Power Gem|p1a: Billy B.\n|-supereffective|p1a: Billy B.\n|-damage|p1a: Billy B.|0 fnt\n|faint|p1a: Billy B.\n|\n|win|1\u2746 Coffy\n|raw|Infernoss's rating: 1737 &rarr; <strong>1715<\/strong><br \/>(-22 for losing)\n|raw|1\u2746 Coffy's rating: 1710 &rarr; <strong>1732<\/strong><br \/>(+22 for winning)\n|c|\u2606Infernoss|obv\n|c|\u26061\u2746 Coffy|gg\n|l|\u2606Infernoss\n|c|\u26061\u2746 Coffy|dude\n|l| Andrewbaby\n||Ladder isn't responding, score probably updated but might not have (Request timeout).\n|l| 23142ewqe\n|j| Licktung\n|l|\u26061\u2746 Coffy\n|l| dieMoldau\n|l| Licktung\n|l| my emoji is goat\n","uploadtime":1658168533,"views":51,"p1id":"infernoss","p2id":"1coffy","formatid":"gen8ou","rating":1715,"private":0,"password":null}