{"id":"gen8monotype-1438558855","p1":"Arcangel666","p2":"Random Skrub","format":"gen8monotype","log":"|j|\u2606Arcangel666\n|j|\u2606Random Skrub\n|t:|1634682659\n|gametype|singles\n|player|p1|Arcangel666|grimsley|1536\n|player|p2|Random Skrub|falkner|1568\n|teamsize|p1|6\n|teamsize|p2|6\n|gen|8\n|tier|[Gen 8] Monotype\n|rated|\n|rule|Same Type Clause: Pok\u00e9mon in a team must share a type\n|rule|Sleep Clause Mod: Limit one foe put to sleep\n|rule|Species Clause: Limit one of each Pok\u00e9mon\n|rule|OHKO Clause: OHKO moves are banned\n|rule|Evasion Moves Clause: Evasion moves are banned\n|rule|Endless Battle Clause: Forcing endless battles is banned\n|rule|HP Percentage Mod: HP is shown in percentages\n|rule|Dynamax Clause: You cannot dynamax\n|clearpoke\n|poke|p1|Bisharp, M|\n|poke|p1|Grimmsnarl, M|\n|poke|p1|Hydreigon, M|\n|poke|p1|Scrafty, M|\n|poke|p1|Sableye, M|\n|poke|p1|Moltres-Galar|\n|poke|p2|Scizor, F|\n|poke|p2|Buzzwole|\n|poke|p2|Araquanid, M|\n|poke|p2|Armaldo, M|\n|poke|p2|Volcarona, F|\n|poke|p2|Galvantula, M|\n|teampreview\n|inactive|Battle timer is ON: inactive players will automatically lose when time's up. (requested by Random Skrub)\n|c|\u2606Random Skrub|gl hf\n|\n|t:|1634682669\n|start\n|switch|p1a: Bisharp|Bisharp, M, shiny|100\/100\n|switch|p2a: not a spider|Galvantula, M, shiny|100\/100\n|turn|1\n|\n|t:|1634682675\n|move|p2a: not a spider|Thunder Wave|p1a: Bisharp\n|-status|p1a: Bisharp|par\n|move|p1a: Bisharp|Knock Off|p2a: not a spider\n|-damage|p2a: not a spider|8\/100\n|-enditem|p2a: not a spider|Focus Sash|[from] move: Knock Off|[of] p1a: Bisharp\n|\n|upkeep\n|turn|2\n|\n|t:|1634682682\n|move|p2a: not a spider|Sticky Web|p1a: Bisharp\n|-sidestart|p1: Arcangel666|move: Sticky Web\n|move|p1a: Bisharp|Knock Off|p2a: not a spider\n|-damage|p2a: not a spider|0 fnt\n|faint|p2a: not a spider\n|\n|upkeep\n|\n|t:|1634682686\n|switch|p2a: IHateBirdsAndNerds|Buzzwole|100\/100\n|turn|3\n|\n|t:|1634682691\n|switch|p1a: Sableye|Sableye, M|100\/100\n|-activate|p1a: Sableye|move: Sticky Web\n|-unboost|p1a: Sableye|spe|1\n|move|p2a: IHateBirdsAndNerds|Earthquake|p1a: Sableye\n|-damage|p1a: Sableye|46\/100\n|-enditem|p1a: Sableye|Sitrus Berry|[eat]\n|-heal|p1a: Sableye|71\/100|[from] item: Sitrus Berry\n|\n|upkeep\n|turn|4\n|\n|t:|1634682698\n|switch|p2a: Fire Department|Araquanid, M, shiny|100\/100\n|move|p1a: Sableye|Recover|p1a: Sableye\n|-heal|p1a: Sableye|100\/100\n|\n|upkeep\n|turn|5\n|\n|t:|1634682701\n|move|p1a: Sableye|Taunt|p2a: Fire Department\n|-start|p2a: Fire Department|move: Taunt\n|move|p2a: Fire Department|Liquidation|p1a: Sableye\n|-damage|p1a: Sableye|1\/100\n|\n|upkeep\n|turn|6\n|\n|t:|1634682714\n|move|p2a: Fire Department|Leech Life|p1a: Sableye\n|-damage|p1a: Sableye|0 fnt\n|faint|p1a: Sableye\n|\n|upkeep\n|\n|t:|1634682716\n|switch|p1a: Bisharp|Bisharp, M, shiny|100\/100 par\n|-activate|p1a: Bisharp|move: Sticky Web\n|-unboost|p1a: Bisharp|spe|1\n|-ability|p1a: Bisharp|Defiant\n|-boost|p1a: Bisharp|atk|2\n|turn|7\n|\n|t:|1634682722\n|switch|p2a: Anomalocaris|Armaldo, M|100\/100\n|move|p1a: Bisharp|Knock Off|p2a: Anomalocaris\n|-damage|p2a: Anomalocaris|24\/100\n|-enditem|p2a: Anomalocaris|Heavy-Duty Boots|[from] move: Knock Off|[of] p1a: Bisharp\n|\n|upkeep\n|turn|8\n|\n|t:|1634682726\n|cant|p1a: Bisharp|par\n|move|p2a: Anomalocaris|Stealth Rock|p1a: Bisharp\n|-sidestart|p1: Arcangel666|move: Stealth Rock\n|\n|upkeep\n|turn|9\n|\n|t:|1634682729\n|move|p2a: Anomalocaris|Rapid Spin|p1a: Bisharp\n|-resisted|p1a: Bisharp\n|-damage|p1a: Bisharp|94\/100 par\n|-boost|p2a: Anomalocaris|spe|1\n|cant|p1a: Bisharp|par\n|\n|upkeep\n|turn|10\n|\n|t:|1634682732\n|move|p1a: Bisharp|Sucker Punch|p2a: Anomalocaris\n|-damage|p2a: Anomalocaris|0 fnt\n|faint|p2a: Anomalocaris\n|\n|upkeep\n|\n|t:|1634682733\n|switch|p2a: IHateBirdsAndNerds|Buzzwole|100\/100\n|turn|11\n|\n|t:|1634682737\n|cant|p1a: Bisharp|par\n|move|p2a: IHateBirdsAndNerds|Close Combat|p1a: Bisharp\n|-supereffective|p1a: Bisharp\n|-damage|p1a: Bisharp|0 fnt\n|-unboost|p2a: IHateBirdsAndNerds|def|1\n|-unboost|p2a: IHateBirdsAndNerds|spd|1\n|faint|p1a: Bisharp\n|-ability|p2a: IHateBirdsAndNerds|Beast Boost|boost\n|-boost|p2a: IHateBirdsAndNerds|atk|1\n|\n|upkeep\n|\n|t:|1634682739\n|switch|p1a: Grimmsnarl|Grimmsnarl, M, shiny|100\/100\n|-damage|p1a: Grimmsnarl|88\/100|[from] Stealth Rock\n|-activate|p1a: Grimmsnarl|move: Sticky Web\n|-unboost|p1a: Grimmsnarl|spe|1\n|turn|12\n|\n|t:|1634682743\n|move|p1a: Grimmsnarl|Reflect|p1a: Grimmsnarl\n|-sidestart|p1: Arcangel666|Reflect\n|move|p2a: IHateBirdsAndNerds|Close Combat|p1a: Grimmsnarl\n|-damage|p1a: Grimmsnarl|30\/100\n|-unboost|p2a: IHateBirdsAndNerds|def|1\n|-unboost|p2a: IHateBirdsAndNerds|spd|1\n|\n|upkeep\n|turn|13\n|\n|t:|1634682745\n|move|p1a: Grimmsnarl|Light Screen|p1a: Grimmsnarl\n|-sidestart|p1: Arcangel666|move: Light Screen\n|move|p2a: IHateBirdsAndNerds|Close Combat|p1a: Grimmsnarl\n|-crit|p1a: Grimmsnarl\n|-damage|p1a: Grimmsnarl|0 fnt\n|-unboost|p2a: IHateBirdsAndNerds|def|1\n|-unboost|p2a: IHateBirdsAndNerds|spd|1\n|faint|p1a: Grimmsnarl\n|-ability|p2a: IHateBirdsAndNerds|Beast Boost|boost\n|-boost|p2a: IHateBirdsAndNerds|atk|1\n|\n|upkeep\n|\n|t:|1634682747\n|switch|p1a: Moltres|Moltres-Galar|100\/100\n|-damage|p1a: Moltres|76\/100|[from] Stealth Rock\n|turn|14\n|\n|t:|1634682752\n|move|p2a: IHateBirdsAndNerds|Close Combat|p1a: Moltres\n|-damage|p1a: Moltres|1\/100\n|-unboost|p2a: IHateBirdsAndNerds|def|1\n|-unboost|p2a: IHateBirdsAndNerds|spd|1\n|-ability|p1a: Moltres|Berserk|boost\n|-boost|p1a: Moltres|spa|1\n|move|p1a: Moltres|Agility|p1a: Moltres\n|-boost|p1a: Moltres|spe|2\n|\n|upkeep\n|turn|15\n|\n|t:|1634682761\n|switch|p2a: Juniper Actias|Volcarona, F, shiny|100\/100\n|move|p1a: Moltres|Air Slash|p2a: Juniper Actias\n|-supereffective|p2a: Juniper Actias\n|-damage|p2a: Juniper Actias|0 fnt\n|faint|p2a: Juniper Actias\n|\n|upkeep\n|\n|t:|1634682762\n|switch|p2a: RPS Champion|Scizor, F|100\/100\n|turn|16\n|\n|t:|1634682765\n|move|p2a: RPS Champion|Bullet Punch|p1a: Moltres\n|-damage|p1a: Moltres|0 fnt\n|faint|p1a: Moltres\n|\n|upkeep\n|\n|t:|1634682767\n|switch|p1a: Hydreigon|Hydreigon, M, shiny|100\/100\n|-damage|p1a: Hydreigon|88\/100|[from] Stealth Rock\n|turn|17\n|\n|t:|1634682769\n|switch|p2a: Fire Department|Araquanid, M, shiny|100\/100\n|move|p1a: Hydreigon|Nasty Plot|p1a: Hydreigon\n|-boost|p1a: Hydreigon|spa|2\n|\n|-heal|p1a: Hydreigon|94\/100|[from] item: Leftovers\n|upkeep\n|turn|18\n|\n|t:|1634682771\n|move|p1a: Hydreigon|Dragon Pulse|p2a: Fire Department\n|-damage|p2a: Fire Department|53\/100\n|move|p2a: Fire Department|Leech Life|p1a: Hydreigon\n|-supereffective|p1a: Hydreigon\n|-damage|p1a: Hydreigon|60\/100\n|-heal|p2a: Fire Department|69\/100|[from] drain|[of] p1a: Hydreigon\n|\n|-heal|p1a: Hydreigon|66\/100|[from] item: Leftovers\n|upkeep\n|turn|19\n|\n|t:|1634682774\n|move|p1a: Hydreigon|Dragon Pulse|p2a: Fire Department\n|-damage|p2a: Fire Department|23\/100\n|move|p2a: Fire Department|Leech Life|p1a: Hydreigon\n|-supereffective|p1a: Hydreigon\n|-damage|p1a: Hydreigon|28\/100\n|-heal|p2a: Fire Department|42\/100|[from] drain|[of] p1a: Hydreigon\n|\n|-heal|p1a: Hydreigon|34\/100|[from] item: Leftovers\n|-sideend|p1: Arcangel666|Reflect\n|upkeep\n|turn|20\n|\n|t:|1634682776\n|move|p1a: Hydreigon|Dragon Pulse|p2a: Fire Department\n|-damage|p2a: Fire Department|0 fnt\n|faint|p2a: Fire Department\n|\n|-heal|p1a: Hydreigon|40\/100|[from] item: Leftovers\n|-sideend|p1: Arcangel666|move: Light Screen\n|upkeep\n|\n|t:|1634682779\n|switch|p2a: IHateBirdsAndNerds|Buzzwole|100\/100\n|turn|21\n|\n|t:|1634682782\n|move|p2a: IHateBirdsAndNerds|Close Combat|p1a: Hydreigon\n|-supereffective|p1a: Hydreigon\n|-damage|p1a: Hydreigon|0 fnt\n|-unboost|p2a: IHateBirdsAndNerds|def|1\n|-unboost|p2a: IHateBirdsAndNerds|spd|1\n|faint|p1a: Hydreigon\n|-ability|p2a: IHateBirdsAndNerds|Beast Boost|boost\n|-boost|p2a: IHateBirdsAndNerds|atk|1\n|\n|upkeep\n|\n|t:|1634682784\n|switch|p1a: Scrafty|Scrafty, M|100\/100\n|-damage|p1a: Scrafty|95\/100|[from] Stealth Rock\n|-activate|p1a: Scrafty|move: Sticky Web\n|-unboost|p1a: Scrafty|spe|1\n|turn|22\n|\n|t:|1634682785\n|move|p2a: IHateBirdsAndNerds|Close Combat|p1a: Scrafty\n|-supereffective|p1a: Scrafty\n|-damage|p1a: Scrafty|0 fnt\n|-unboost|p2a: IHateBirdsAndNerds|def|1\n|-unboost|p2a: IHateBirdsAndNerds|spd|1\n|faint|p1a: Scrafty\n|\n|win|Random Skrub\n|raw|Arcangel666's rating: 1536 &rarr; <strong>1518<\/strong><br \/>(-18 for losing)\n|raw|Random Skrub's rating: 1568 &rarr; <strong>1586<\/strong><br \/>(+18 for winning)\n|c|\u2606Random Skrub|gg wp\n|l|\u2606Arcangel666\n|l|\u2606Random Skrub\n||Ladder isn't responding, score probably updated but might not have (Request timeout).\n","uploadtime":1634682909,"views":33,"p1id":"arcangel666","p2id":"randomskrub","formatid":"gen8monotype","rating":1518,"private":0,"password":null}