{"id":"gen8ou-1644346496","p1":"himynametay","p2":"haterplayer","format":"gen8ou","log":"|j|\u203dhimynametay\n|j|\u2606haterplayer\n|t:|1661041250\n|gametype|singles\n|player|p1|himynametay|elesa-masters|1594\n|player|p2|haterplayer|1|1606\n|teamsize|p1|6\n|teamsize|p2|6\n|gen|8\n|tier|[Gen 8] OU\n|rated|\n|rule|Sleep Clause Mod: Limit one foe put to sleep\n|rule|Species Clause: Limit one of each Pok\u00e9mon\n|rule|OHKO Clause: OHKO moves are banned\n|rule|Evasion Items Clause: Evasion items are banned\n|rule|Evasion Moves Clause: Evasion moves are banned\n|rule|Endless Battle Clause: Forcing endless battles is banned\n|rule|HP Percentage Mod: HP is shown in percentages\n|rule|Dynamax Clause: You cannot dynamax\n|clearpoke\n|poke|p1|Tapu Fini|\n|poke|p1|Magnezone|\n|poke|p1|Tapu Lele|\n|poke|p1|Kartana|\n|poke|p1|Hawlucha, F|\n|poke|p1|Landorus-Therian, M|\n|poke|p2|Clefable, F|\n|poke|p2|Blissey, F|\n|poke|p2|Altaria, F|\n|poke|p2|Garchomp, F|\n|poke|p2|Toxapex, M|\n|poke|p2|Corviknight, M|\n|teampreview\n|inactive|Battle timer is ON: inactive players will automatically lose when time's up. (requested by haterplayer)\n|inactive|himynametay has 120 seconds left.\n|\n|t:|1661041310\n|start\n|switch|p1a: Tapu Lele|Tapu Lele|100\/100\n|switch|p2a: Garchomp|Garchomp, F|100\/100\n|-fieldstart|move: Psychic Terrain|[from] ability: Psychic Surge|[of] p1a: Tapu Lele\n|turn|1\n|j| pisslax\n|\n|t:|1661041339\n|switch|p2a: Corviknight|Corviknight, M|100\/100\n|-ability|p2a: Corviknight|Pressure\n|move|p1a: Tapu Lele|Moonblast|p2a: Corviknight\n|-resisted|p2a: Corviknight\n|-damage|p2a: Corviknight|61\/100\n|\n|upkeep\n|turn|2\n|\n|t:|1661041346\n|move|p1a: Tapu Lele|Moonblast|p2a: Corviknight\n|-resisted|p2a: Corviknight\n|-damage|p2a: Corviknight|26\/100\n|move|p2a: Corviknight|Roost|p2a: Corviknight\n|-heal|p2a: Corviknight|76\/100\n|-singleturn|p2a: Corviknight|move: Roost\n|\n|upkeep\n|turn|3\n|\n|t:|1661041350\n|move|p1a: Tapu Lele|Moonblast|p2a: Corviknight\n|-resisted|p2a: Corviknight\n|-damage|p2a: Corviknight|38\/100\n|move|p2a: Corviknight|Roost|p2a: Corviknight\n|-heal|p2a: Corviknight|88\/100\n|-singleturn|p2a: Corviknight|move: Roost\n|\n|upkeep\n|turn|4\n|\n|t:|1661041354\n|switch|p1a: Magnezone|Magnezone|100\/100\n|move|p2a: Corviknight|Roost|p2a: Corviknight\n|-heal|p2a: Corviknight|100\/100\n|-singleturn|p2a: Corviknight|move: Roost\n|\n|upkeep\n|turn|5\n|\n|t:|1661041359\n|switch|p2a: Garchomp|Garchomp, F|100\/100\n|move|p1a: Magnezone|Thunderbolt|p2a: Garchomp\n|-immune|p2a: Garchomp\n|\n|-fieldend|move: Psychic Terrain\n|upkeep\n|turn|6\n|\n|t:|1661041364\n|switch|p1a: Landorus|Landorus-Therian, M|100\/100\n|-ability|p1a: Landorus|Intimidate|boost\n|-unboost|p2a: Garchomp|atk|1\n|move|p2a: Garchomp|Stealth Rock|p1a: Landorus\n|-sidestart|p1: himynametay|move: Stealth Rock\n|\n|upkeep\n|turn|7\n|\n|t:|1661041368\n|move|p2a: Garchomp|Toxic|p1a: Landorus\n|-status|p1a: Landorus|tox\n|move|p1a: Landorus|Toxic|p2a: Garchomp\n|-status|p2a: Garchomp|tox\n|\n|-damage|p2a: Garchomp|94\/100 tox|[from] psn\n|-damage|p1a: Landorus|94\/100 tox|[from] psn\n|upkeep\n|turn|8\n|\n|t:|1661041380\n|switch|p2a: Corviknight|Corviknight, M|100\/100\n|-ability|p2a: Corviknight|Pressure\n|move|p1a: Landorus|Earthquake|p2a: Corviknight\n|-immune|p2a: Corviknight\n|\n|-heal|p1a: Landorus|100\/100 tox|[from] item: Leftovers\n|-damage|p1a: Landorus|88\/100 tox|[from] psn\n|upkeep\n|turn|9\n|\n|t:|1661041390\n|switch|p1a: Tapu Fini|Tapu Fini|100\/100\n|-damage|p1a: Tapu Fini|88\/100|[from] Stealth Rock\n|-fieldstart|move: Misty Terrain|[from] ability: Misty Surge|[of] p1a: Tapu Fini\n|move|p2a: Corviknight|Brave Bird|p1a: Tapu Fini\n|-damage|p1a: Tapu Fini|52\/100\n|-damage|p2a: Corviknight|92\/100|[from] Recoil\n|\n|upkeep\n|turn|10\n|\n|t:|1661041397\n|switch|p2a: Toxapex|Toxapex, M|100\/100\n|move|p1a: Tapu Fini|Trick|p2a: Toxapex\n|-activate|p1a: Tapu Fini|move: Trick|[of] p2a: Toxapex\n|-item|p2a: Toxapex|Choice Scarf|[from] move: Trick\n|-item|p1a: Tapu Fini|Black Sludge|[from] move: Trick\n|\n|-damage|p1a: Tapu Fini|40\/100|[from] item: Black Sludge\n|upkeep\n|turn|11\n|\n|t:|1661041402\n|move|p1a: Tapu Fini|Defog|p2a: Toxapex\n|-unboost|p2a: Toxapex|evasion|1\n|-sideend|p1: himynametay|Stealth Rock|[from] move: Defog|[of] p1a: Tapu Fini\n|-fieldend|Misty Terrain\n|move|p2a: Toxapex|Knock Off|p1a: Tapu Fini\n|-resisted|p1a: Tapu Fini\n|-damage|p1a: Tapu Fini|32\/100\n|-enditem|p1a: Tapu Fini|Black Sludge|[from] move: Knock Off|[of] p2a: Toxapex\n|\n|upkeep\n|turn|12\n|\n|t:|1661041415\n|switch|p1a: Magnezone|Magnezone|100\/100\n|move|p2a: Toxapex|Knock Off|p1a: Magnezone\n|-damage|p1a: Magnezone|91\/100\n|-damage|p2a: Toxapex|84\/100|[from] item: Rocky Helmet|[of] p1a: Magnezone\n|-enditem|p1a: Magnezone|Rocky Helmet|[from] move: Knock Off|[of] p2a: Toxapex\n|\n|upkeep\n|turn|13\n|\n|t:|1661041422\n|switch|p2a: Garchomp|Garchomp, F|94\/100 tox\n|move|p1a: Magnezone|Toxic|p2a: Garchomp\n|-fail|p2a: Garchomp|tox\n|\n|-heal|p2a: Garchomp|100\/100 tox|[from] item: Leftovers\n|-damage|p2a: Garchomp|94\/100 tox|[from] psn\n|upkeep\n|turn|14\n|\n|t:|1661041427\n|switch|p1a: Tapu Lele|Tapu Lele|100\/100\n|-fieldstart|move: Psychic Terrain|[from] ability: Psychic Surge|[of] p1a: Tapu Lele\n|move|p2a: Garchomp|Stealth Rock|p1a: Tapu Lele\n|-sidestart|p1: himynametay|move: Stealth Rock\n|\n|-heal|p2a: Garchomp|100\/100 tox|[from] item: Leftovers\n|-damage|p2a: Garchomp|88\/100 tox|[from] psn\n|upkeep\n|turn|15\n|\n|t:|1661041438\n|switch|p2a: Altaria|Altaria, F|100\/100\n|move|p1a: Tapu Lele|Psyshock|p2a: Altaria\n|-damage|p2a: Altaria|0 fnt\n|faint|p2a: Altaria\n|\n|upkeep\n|\n|t:|1661041446\n|switch|p2a: Corviknight|Corviknight, M|92\/100\n|-ability|p2a: Corviknight|Pressure\n|turn|16\n|\n|t:|1661041454\n|switch|p1a: Magnezone|Magnezone|91\/100\n|-damage|p1a: Magnezone|85\/100|[from] Stealth Rock\n|move|p2a: Corviknight|Brave Bird|p1a: Magnezone\n|-resisted|p1a: Magnezone\n|-damage|p1a: Magnezone|78\/100\n|-damage|p2a: Corviknight|90\/100|[from] Recoil\n|\n|upkeep\n|turn|17\n|\n|t:|1661041461\n|switch|p2a: Garchomp|Garchomp, F|88\/100 tox\n|move|p1a: Magnezone|Body Press|p2a: Garchomp\n|-damage|p2a: Garchomp|68\/100 tox\n|-damage|p1a: Magnezone|66\/100|[from] ability: Rough Skin|[of] p2a: Garchomp\n|\n|-heal|p2a: Garchomp|75\/100 tox|[from] item: Leftovers\n|-damage|p2a: Garchomp|68\/100 tox|[from] psn\n|upkeep\n|turn|18\n|\n|t:|1661041466\n|switch|p1a: Landorus|Landorus-Therian, M|88\/100 tox\n|-damage|p1a: Landorus|76\/100 tox|[from] Stealth Rock\n|-ability|p1a: Landorus|Intimidate|boost\n|-unboost|p2a: Garchomp|atk|1\n|move|p2a: Garchomp|Flamethrower|p1a: Landorus\n|-damage|p1a: Landorus|66\/100 tox\n|\n|-heal|p2a: Garchomp|75\/100 tox|[from] item: Leftovers\n|-heal|p1a: Landorus|72\/100 tox|[from] item: Leftovers\n|-damage|p2a: Garchomp|62\/100 tox|[from] psn\n|-damage|p1a: Landorus|66\/100 tox|[from] psn\n|-fieldend|move: Psychic Terrain\n|upkeep\n|turn|19\n|\n|t:|1661041479\n|switch|p2a: Corviknight|Corviknight, M|90\/100\n|-ability|p2a: Corviknight|Pressure\n|move|p1a: Landorus|Stealth Rock|p2a: Corviknight\n|-sidestart|p2: haterplayer|move: Stealth Rock\n|\n|-heal|p1a: Landorus|72\/100 tox|[from] item: Leftovers\n|-damage|p1a: Landorus|60\/100 tox|[from] psn\n|upkeep\n|turn|20\n|\n|t:|1661041491\n|switch|p1a: Magnezone|Magnezone|66\/100\n|-damage|p1a: Magnezone|60\/100|[from] Stealth Rock\n|move|p2a: Corviknight|Brave Bird|p1a: Magnezone\n|-resisted|p1a: Magnezone\n|-damage|p1a: Magnezone|53\/100\n|-damage|p2a: Corviknight|88\/100|[from] Recoil\n|\n|upkeep\n|turn|21\n|inactive|himynametay has 120 seconds left.\n|\n|t:|1661041530\n|switch|p1a: Tapu Lele|Tapu Lele|100\/100\n|-damage|p1a: Tapu Lele|88\/100|[from] Stealth Rock\n|-fieldstart|move: Psychic Terrain|[from] ability: Psychic Surge|[of] p1a: Tapu Lele\n|switch|p2a: Blissey|Blissey, F|100\/100\n|\n|upkeep\n|turn|22\n|\n|t:|1661041536\n|move|p1a: Tapu Lele|Psyshock|p2a: Blissey\n|-damage|p2a: Blissey|25\/100\n|move|p2a: Blissey|Toxic|p1a: Tapu Lele\n|-status|p1a: Tapu Lele|tox\n|\n|-damage|p1a: Tapu Lele|82\/100 tox|[from] psn\n|upkeep\n|turn|23\n|\n|t:|1661041555\n|switch|p1a: Kartana|Kartana|100\/100\n|-damage|p1a: Kartana|94\/100|[from] Stealth Rock\n|move|p2a: Blissey|Soft-Boiled|p2a: Blissey\n|-heal|p2a: Blissey|75\/100\n|\n|upkeep\n|turn|24\n|\n|t:|1661041566\n|switch|p2a: Corviknight|Corviknight, M|88\/100\n|-damage|p2a: Corviknight|76\/100|[from] Stealth Rock\n|-ability|p2a: Corviknight|Pressure\n|move|p1a: Kartana|Knock Off|p2a: Corviknight\n|-damage|p2a: Corviknight|49\/100\n|-enditem|p2a: Corviknight|Shed Shell|[from] move: Knock Off|[of] p1a: Kartana\n|\n|upkeep\n|turn|25\n|\n|t:|1661041574\n|switch|p1a: Magnezone|Magnezone|53\/100\n|-damage|p1a: Magnezone|47\/100|[from] Stealth Rock\n|switch|p2a: Garchomp|Garchomp, F|62\/100 tox\n|-damage|p2a: Garchomp|56\/100 tox|[from] Stealth Rock\n|\n|-heal|p2a: Garchomp|62\/100 tox|[from] item: Leftovers\n|-damage|p2a: Garchomp|56\/100 tox|[from] psn\n|-fieldend|move: Psychic Terrain\n|upkeep\n|turn|26\n|\n|t:|1661041580\n|switch|p1a: Landorus|Landorus-Therian, M|60\/100 tox\n|-damage|p1a: Landorus|47\/100 tox|[from] Stealth Rock\n|-ability|p1a: Landorus|Intimidate|boost\n|-unboost|p2a: Garchomp|atk|1\n|move|p2a: Garchomp|Flamethrower|p1a: Landorus\n|-damage|p1a: Landorus|37\/100 tox\n|\n|-heal|p2a: Garchomp|62\/100 tox|[from] item: Leftovers\n|-heal|p1a: Landorus|43\/100 tox|[from] item: Leftovers\n|-damage|p2a: Garchomp|50\/100 tox|[from] psn\n|-damage|p1a: Landorus|37\/100 tox|[from] psn\n|upkeep\n|turn|27\n|\n|t:|1661041607\n|move|p2a: Garchomp|Flamethrower|p1a: Landorus\n|-damage|p1a: Landorus|26\/100 tox\n|move|p1a: Landorus|U-turn|p2a: Garchomp\n|-damage|p2a: Garchomp|33\/100 tox\n|-damage|p1a: Landorus|14\/100 tox|[from] ability: Rough Skin|[of] p2a: Garchomp\n|\n|t:|1661041611\n|switch|p1a: Kartana|Kartana|94\/100|[from]move: U-turn\n|-damage|p1a: Kartana|88\/100|[from] Stealth Rock\n|\n|-heal|p2a: Garchomp|40\/100 tox|[from] item: Leftovers\n|-damage|p2a: Garchomp|21\/100 tox|[from] psn\n|upkeep\n|turn|28\n|\n|t:|1661041617\n|switch|p2a: Corviknight|Corviknight, M|49\/100\n|-damage|p2a: Corviknight|37\/100|[from] Stealth Rock\n|-ability|p2a: Corviknight|Pressure\n|move|p1a: Kartana|Leaf Blade|p2a: Corviknight\n|-resisted|p2a: Corviknight\n|-damage|p2a: Corviknight|28\/100\n|\n|upkeep\n|turn|29\n|inactive|haterplayer has 120 seconds left.\n|\n|t:|1661041648\n|switch|p1a: Magnezone|Magnezone|47\/100\n|-damage|p1a: Magnezone|40\/100|[from] Stealth Rock\n|move|p2a: Corviknight|Defog|p1a: Magnezone\n|-unboost|p1a: Magnezone|evasion|1\n|-sideend|p1: himynametay|Stealth Rock|[from] move: Defog|[of] p2a: Corviknight\n|-sideend|p2: haterplayer|Stealth Rock|[from] move: Defog|[of] p2a: Corviknight\n|\n|upkeep\n|turn|30\n|j| GGzard\n|\n|t:|1661041666\n|move|p1a: Magnezone|Thunderbolt|p2a: Corviknight\n|-supereffective|p2a: Corviknight\n|-damage|p2a: Corviknight|0 fnt\n|faint|p2a: Corviknight\n|\n|upkeep\n|inactive|haterplayer has 120 seconds left.\n|\n|t:|1661041689\n|switch|p2a: Garchomp|Garchomp, F|21\/100 tox\n|turn|31\n|\n|t:|1661041716\n|switch|p1a: Landorus|Landorus-Therian, M|14\/100 tox\n|-ability|p1a: Landorus|Intimidate|boost\n|-unboost|p2a: Garchomp|atk|1\n|move|p2a: Garchomp|Stealth Rock|p1a: Landorus\n|-sidestart|p1: himynametay|move: Stealth Rock\n|\n|-heal|p2a: Garchomp|27\/100 tox|[from] item: Leftovers\n|-heal|p1a: Landorus|20\/100 tox|[from] item: Leftovers\n|-damage|p2a: Garchomp|21\/100 tox|[from] psn\n|-damage|p1a: Landorus|14\/100 tox|[from] psn\n|upkeep\n|turn|32\n|\n|t:|1661041721\n|move|p2a: Garchomp|Flamethrower|p1a: Landorus\n|-damage|p1a: Landorus|2\/100 tox\n|move|p1a: Landorus|Earthquake|p2a: Garchomp\n|-damage|p2a: Garchomp|0 fnt\n|faint|p2a: Garchomp\n|\n|-heal|p1a: Landorus|8\/100 tox|[from] item: Leftovers\n|-damage|p1a: Landorus|0 fnt|[from] psn\n|faint|p1a: Landorus\n|upkeep\n|inactive|haterplayer has 120 seconds left.\n|\n|t:|1661041737\n|switch|p2a: Clefable|Clefable, F|100\/100\n|switch|p1a: Tapu Fini|Tapu Fini|32\/100\n|-damage|p1a: Tapu Fini|20\/100|[from] Stealth Rock\n|-fieldstart|move: Misty Terrain|[from] ability: Misty Surge|[of] p1a: Tapu Fini\n|turn|33\n|inactive|haterplayer has 120 seconds left.\n|inactive|himynametay has 120 seconds left.\n|\n|t:|1661041790\n|switch|p2a: Toxapex|Toxapex, M|100\/100\n|move|p1a: Tapu Fini|Defog|p2a: Toxapex\n|-unboost|p2a: Toxapex|evasion|1\n|-sideend|p1: himynametay|Stealth Rock|[from] move: Defog|[of] p1a: Tapu Fini\n|-fieldend|Misty Terrain\n|\n|upkeep\n|turn|34\n|inactive|haterplayer has 120 seconds left.\n|\n|t:|1661041804\n|switch|p1a: Magnezone|Magnezone|40\/100\n|move|p2a: Toxapex|Scald|p1a: Magnezone\n|-damage|p1a: Magnezone|20\/100\n|\n|upkeep\n|turn|35\n|inactive|haterplayer has 120 seconds left.\n|\n|t:|1661041816\n|move|p1a: Magnezone|Iron Defense|p1a: Magnezone\n|-boost|p1a: Magnezone|def|2\n|move|p2a: Toxapex|Scald|p1a: Magnezone\n|-damage|p1a: Magnezone|0 fnt\n|faint|p1a: Magnezone\n|\n|upkeep\n|\n|t:|1661041819\n|switch|p1a: Tapu Lele|Tapu Lele|82\/100 tox\n|-fieldstart|move: Psychic Terrain|[from] ability: Psychic Surge|[of] p1a: Tapu Lele\n|turn|36\n|\n|t:|1661041830\n|move|p1a: Tapu Lele|Psyshock|p2a: Toxapex\n|-supereffective|p2a: Toxapex\n|-damage|p2a: Toxapex|0 fnt\n|faint|p2a: Toxapex\n|\n|-damage|p1a: Tapu Lele|76\/100 tox|[from] psn\n|upkeep\n|\n|t:|1661041835\n|switch|p2a: Clefable|Clefable, F|100\/100\n|turn|37\n|\n|t:|1661041844\n|switch|p1a: Tapu Fini|Tapu Fini|20\/100\n|-fieldstart|move: Misty Terrain|[from] ability: Misty Surge|[of] p1a: Tapu Fini\n|move|p2a: Clefable|Protect||[still]\n|-fail|p2a: Clefable\n|\n|upkeep\n|turn|38\n|\n|t:|1661041851\n|switch|p2a: Blissey|Blissey, F|75\/100\n|move|p1a: Tapu Fini|Moonblast|p2a: Blissey\n|-damage|p2a: Blissey|59\/100\n|-unboost|p2a: Blissey|spa|1\n|\n|upkeep\n|turn|39\n|\n|t:|1661041857\n|switch|p1a: Hawlucha|Hawlucha, F|100\/100\n|-enditem|p1a: Hawlucha|Misty Seed\n|-boost|p1a: Hawlucha|spd|1|[from] item: Misty Seed\n|move|p2a: Blissey|Soft-Boiled|p2a: Blissey\n|-heal|p2a: Blissey|100\/100\n|\n|upkeep\n|turn|40\n|\n|t:|1661041863\n|switch|p2a: Clefable|Clefable, F|100\/100\n|move|p1a: Hawlucha|Substitute|p1a: Hawlucha\n|-start|p1a: Hawlucha|Substitute\n|-damage|p1a: Hawlucha|76\/100\n|\n|upkeep\n|turn|41\n|\n|t:|1661041868\n|move|p1a: Hawlucha|Swords Dance|p1a: Hawlucha\n|-boost|p1a: Hawlucha|atk|2\n|move|p2a: Clefable|Calm Mind|p2a: Clefable\n|-boost|p2a: Clefable|spa|1\n|-boost|p2a: Clefable|spd|1\n|\n|-fieldend|Misty Terrain\n|upkeep\n|turn|42\n|\n|t:|1661041878\n|move|p1a: Hawlucha|Acrobatics|p2a: Clefable\n|-damage|p2a: Clefable|62\/100\n|move|p2a: Clefable|Wish|p2a: Clefable\n|\n|-heal|p2a: Clefable|69\/100|[from] item: Leftovers\n|upkeep\n|turn|43\n|\n|t:|1661041883\n|move|p1a: Hawlucha|Acrobatics|p2a: Clefable\n|-damage|p2a: Clefable|34\/100\n|move|p2a: Clefable|Calm Mind|p2a: Clefable\n|-boost|p2a: Clefable|spa|1\n|-boost|p2a: Clefable|spd|1\n|\n|-heal|p2a: Clefable|84\/100|[from] move: Wish|[wisher] Clefable\n|-heal|p2a: Clefable|90\/100|[from] item: Leftovers\n|upkeep\n|turn|44\n|\n|t:|1661041887\n|move|p1a: Hawlucha|Acrobatics|p2a: Clefable\n|-damage|p2a: Clefable|52\/100\n|move|p2a: Clefable|Wish|p2a: Clefable\n|\n|-heal|p2a: Clefable|58\/100|[from] item: Leftovers\n|upkeep\n|turn|45\n|\n|t:|1661041896\n|move|p2a: Clefable|Protect|p2a: Clefable\n|-singleturn|p2a: Clefable|Protect\n|move|p1a: Hawlucha|Acrobatics|p2a: Clefable\n|-activate|p2a: Clefable|move: Protect\n|\n|-heal|p2a: Clefable|100\/100|[from] move: Wish|[wisher] Clefable\n|upkeep\n|turn|46\n|\n|t:|1661041900\n|move|p1a: Hawlucha|Acrobatics|p2a: Clefable\n|-damage|p2a: Clefable|61\/100\n|move|p2a: Clefable|Wish|p2a: Clefable\n|\n|-heal|p2a: Clefable|67\/100|[from] item: Leftovers\n|upkeep\n|turn|47\n|\n|t:|1661041905\n|move|p1a: Hawlucha|Acrobatics|p2a: Clefable\n|-damage|p2a: Clefable|27\/100\n|move|p2a: Clefable|Calm Mind|p2a: Clefable\n|-boost|p2a: Clefable|spa|1\n|-boost|p2a: Clefable|spd|1\n|\n|-heal|p2a: Clefable|77\/100|[from] move: Wish|[wisher] Clefable\n|-heal|p2a: Clefable|83\/100|[from] item: Leftovers\n|upkeep\n|turn|48\n|\n|t:|1661041911\n|move|p2a: Clefable|Protect|p2a: Clefable\n|-singleturn|p2a: Clefable|Protect\n|move|p1a: Hawlucha|Acrobatics|p2a: Clefable\n|-activate|p2a: Clefable|move: Protect\n|\n|-heal|p2a: Clefable|89\/100|[from] item: Leftovers\n|upkeep\n|turn|49\n|\n|t:|1661041914\n|move|p1a: Hawlucha|Acrobatics|p2a: Clefable\n|-damage|p2a: Clefable|54\/100\n|move|p2a: Clefable|Wish|p2a: Clefable\n|\n|-heal|p2a: Clefable|60\/100|[from] item: Leftovers\n|upkeep\n|turn|50\n|\n|t:|1661041926\n|switch|p1a: Kartana|Kartana|88\/100\n|move|p2a: Clefable|Protect||[still]\n|-fail|p2a: Clefable\n|\n|-heal|p2a: Clefable|100\/100|[from] move: Wish|[wisher] Clefable\n|upkeep\n|turn|51\n|\n|t:|1661041935\n|move|p2a: Clefable|Protect|p2a: Clefable\n|-singleturn|p2a: Clefable|Protect\n|move|p1a: Kartana|Smart Strike|p2a: Clefable\n|-activate|p2a: Clefable|move: Protect\n|\n|upkeep\n|turn|52\n|\n|t:|1661041941\n|move|p1a: Kartana|Smart Strike|p2a: Clefable\n|-supereffective|p2a: Clefable\n|-crit|p2a: Clefable\n|-damage|p2a: Clefable|0 fnt\n|faint|p2a: Clefable\n|-ability|p1a: Kartana|Beast Boost|boost\n|-boost|p1a: Kartana|atk|1\n|\n|upkeep\n|c|\u2606haterplayer|everytime\n|j| LT_Alt1\n|-message|haterplayer forfeited.\n|\n|win|himynametay\n|raw|himynametay's rating: 1613 &rarr; <strong>1633<\/strong><br \/>(+20 for winning)\n|raw|haterplayer's rating: 1606 &rarr; <strong>1586<\/strong><br \/>(-20 for losing)\n|l|\u2606haterplayer\n|l| pisslax\n||Ladder isn't responding, score probably updated but might not have (Request timeout).\n","uploadtime":1661041962,"views":56,"p1id":"himynametay","p2id":"haterplayer","formatid":"gen8ou","rating":1586,"private":0,"password":null}