{"id":"gen8ou-1373529579","p1":"LT82ZW LOUAYE","p2":"Daunzu","format":"gen8ou","log":"|raw|<div class=\"broadcast-blue\"><strong>This battle is required to be public due to a player having a name starting with 'lt82zw'.<\/div>\n|j|\u2606LT82ZW LOUAYE\n|j|\u2606Daunzu\n|t:|1625832710\n|gametype|singles\n|player|p1|LT82ZW LOUAYE|harlequin|1539\n|player|p2|Daunzu|ingo|1514\n|teamsize|p1|6\n|teamsize|p2|6\n|gen|8\n|tier|[Gen 8] OU\n|rated|\n|rule|Sleep Clause Mod: Limit one foe put to sleep\n|rule|Species Clause: Limit one of each Pok\u00e9mon\n|rule|OHKO Clause: OHKO moves are banned\n|rule|Evasion Moves Clause: Evasion moves are banned\n|rule|Endless Battle Clause: Forcing endless battles is banned\n|rule|HP Percentage Mod: HP is shown in percentages\n|rule|Dynamax Clause: You cannot dynamax\n|clearpoke\n|poke|p1|Buzzwole|\n|poke|p1|Hippowdon, M|\n|poke|p1|Slowking, F|\n|poke|p1|Tornadus-Therian, M|\n|poke|p1|Dragapult, M|\n|poke|p1|Scizor, M|\n|poke|p2|Dragapult, F|\n|poke|p2|Zapdos|\n|poke|p2|Tapu Koko|\n|poke|p2|Landorus-Therian, M|\n|poke|p2|Melmetal|\n|poke|p2|Swampert, F|\n|teampreview\n|inactive|Battle timer is ON: inactive players will automatically lose when time's up. (requested by LT82ZW LOUAYE)\n|j| Mellow1004\n|c|\u2606LT82ZW LOUAYE|hf\n|c|\u2606Daunzu|u2 m8\n|\n|t:|1625832732\n|start\n|switch|p1a: Hippowdon|Hippowdon, M|100\/100\n|switch|p2a: Landorus|Landorus-Therian, M|100\/100\n|-ability|p2a: Landorus|Intimidate|boost\n|-unboost|p1a: Hippowdon|atk|1\n|-weather|Sandstorm|[from] ability: Sand Stream|[of] p1a: Hippowdon\n|turn|1\n|\n|t:|1625832734\n|move|p2a: Landorus|Knock Off|p1a: Hippowdon\n|-damage|p1a: Hippowdon|80\/100\n|-enditem|p1a: Hippowdon|Leftovers|[from] move: Knock Off|[of] p2a: Landorus\n|move|p1a: Hippowdon|Toxic|p2a: Landorus\n|-status|p2a: Landorus|tox\n|\n|-weather|Sandstorm|[upkeep]\n|-damage|p2a: Landorus|94\/100 tox|[from] psn\n|upkeep\n|turn|2\n|\n|t:|1625832738\n|move|p2a: Landorus|Stealth Rock|p1a: Hippowdon\n|-sidestart|p1: LT82ZW LOUAYE|move: Stealth Rock\n|move|p1a: Hippowdon|Stealth Rock|p2a: Landorus\n|-sidestart|p2: Daunzu|move: Stealth Rock\n|\n|-weather|Sandstorm|[upkeep]\n|-heal|p2a: Landorus|100\/100 tox|[from] item: Leftovers\n|-damage|p2a: Landorus|88\/100 tox|[from] psn\n|upkeep\n|turn|3\n|\n|t:|1625832743\n|move|p2a: Landorus|U-turn|p1a: Hippowdon\n|-damage|p1a: Hippowdon|65\/100\n|\n|t:|1625832746\n|switch|p2a: Swampert|Swampert, F|100\/100|[from]move: U-turn\n|-damage|p2a: Swampert|94\/100|[from] Stealth Rock\n|move|p1a: Hippowdon|Slack Off|p1a: Hippowdon\n|-heal|p1a: Hippowdon|100\/100\n|\n|-weather|Sandstorm|[upkeep]\n|-heal|p2a: Swampert|100\/100|[from] item: Leftovers\n|upkeep\n|turn|4\n|\n|t:|1625832750\n|switch|p1a: Buzzwole|Buzzwole|100\/100\n|-damage|p1a: Buzzwole|88\/100|[from] Stealth Rock\n|move|p2a: Swampert|Toxic|p1a: Buzzwole\n|-status|p1a: Buzzwole|tox\n|\n|-weather|Sandstorm|[upkeep]\n|-damage|p1a: Buzzwole|82\/100 tox|[from] Sandstorm\n|-damage|p1a: Buzzwole|76\/100 tox|[from] psn\n|upkeep\n|turn|5\n|\n|t:|1625832756\n|switch|p2a: Zapdos|Zapdos|100\/100\n|move|p1a: Buzzwole|Close Combat|p2a: Zapdos\n|-resisted|p2a: Zapdos\n|-damage|p2a: Zapdos|76\/100\n|-unboost|p1a: Buzzwole|def|1\n|-unboost|p1a: Buzzwole|spd|1\n|\n|-weather|none\n|-damage|p1a: Buzzwole|63\/100 tox|[from] psn\n|upkeep\n|turn|6\n|\n|t:|1625832759\n|switch|p1a: Hippowdon|Hippowdon, M|100\/100\n|-damage|p1a: Hippowdon|94\/100|[from] Stealth Rock\n|-weather|Sandstorm|[from] ability: Sand Stream|[of] p1a: Hippowdon\n|move|p2a: Zapdos|Heat Wave|p1a: Hippowdon\n|-damage|p1a: Hippowdon|74\/100\n|\n|-weather|Sandstorm|[upkeep]\n|-damage|p2a: Zapdos|70\/100|[from] Sandstorm\n|upkeep\n|turn|7\n|\n|t:|1625832764\n|switch|p2a: Landorus|Landorus-Therian, M|88\/100 tox\n|-damage|p2a: Landorus|76\/100 tox|[from] Stealth Rock\n|-ability|p2a: Landorus|Intimidate|boost\n|-unboost|p1a: Hippowdon|atk|1\n|move|p1a: Hippowdon|Toxic|p2a: Landorus\n|-fail|p2a: Landorus|tox\n|\n|-weather|Sandstorm|[upkeep]\n|-heal|p2a: Landorus|82\/100 tox|[from] item: Leftovers\n|-damage|p2a: Landorus|76\/100 tox|[from] psn\n|upkeep\n|turn|8\n|\n|t:|1625832769\n|move|p2a: Landorus|Earthquake|p1a: Hippowdon\n|-damage|p1a: Hippowdon|41\/100\n|move|p1a: Hippowdon|Slack Off|p1a: Hippowdon\n|-heal|p1a: Hippowdon|91\/100\n|\n|-weather|Sandstorm|[upkeep]\n|-heal|p2a: Landorus|82\/100 tox|[from] item: Leftovers\n|-damage|p2a: Landorus|70\/100 tox|[from] psn\n|upkeep\n|turn|9\n|\n|t:|1625832772\n|move|p2a: Landorus|U-turn|p1a: Hippowdon\n|-damage|p1a: Hippowdon|76\/100\n|\n|t:|1625832775\n|switch|p2a: Swampert|Swampert, F|100\/100|[from]move: U-turn\n|-damage|p2a: Swampert|94\/100|[from] Stealth Rock\n|move|p1a: Hippowdon|Toxic|p2a: Swampert\n|-status|p2a: Swampert|tox\n|\n|-weather|Sandstorm|[upkeep]\n|-heal|p2a: Swampert|100\/100 tox|[from] item: Leftovers\n|-damage|p2a: Swampert|94\/100 tox|[from] psn\n|upkeep\n|turn|10\n|\n|t:|1625832778\n|switch|p1a: Scizor|Scizor, M|100\/100\n|move|p2a: Swampert|Flip Turn|p1a: Scizor\n|-damage|p1a: Scizor|80\/100\n|\n|t:|1625832785\n|switch|p2a: Melmetal|Melmetal|100\/100|[from]move: Flip Turn\n|-damage|p2a: Melmetal|94\/100|[from] Stealth Rock\n|\n|-weather|none\n|upkeep\n|turn|11\n|\n|t:|1625832791\n|move|p1a: Scizor|Swords Dance|p1a: Scizor\n|-boost|p1a: Scizor|atk|2\n|move|p2a: Melmetal|Double Iron Bash|p1a: Scizor\n|-resisted|p1a: Scizor\n|-damage|p1a: Scizor|62\/100\n|-resisted|p1a: Scizor\n|-damage|p1a: Scizor|45\/100\n|-hitcount|p1a: Scizor|2\n|\n|upkeep\n|turn|12\n|\n|t:|1625832793\n|switch|p2a: Zapdos|Zapdos|70\/100\n|move|p1a: Scizor|Roost|p1a: Scizor\n|-heal|p1a: Scizor|95\/100\n|-singleturn|p1a: Scizor|move: Roost\n|\n|upkeep\n|turn|13\n|\n|t:|1625832797\n|switch|p1a: Dragapult|Dragapult, M|100\/100\n|-damage|p1a: Dragapult|88\/100|[from] Stealth Rock\n|move|p2a: Zapdos|Roost|p2a: Zapdos\n|-heal|p2a: Zapdos|100\/100\n|-singleturn|p2a: Zapdos|move: Roost\n|\n|upkeep\n|turn|14\n|\n|t:|1625832800\n|switch|p2a: Melmetal|Melmetal|94\/100\n|-damage|p2a: Melmetal|88\/100|[from] Stealth Rock\n|move|p1a: Dragapult|Shadow Ball|p2a: Melmetal\n|-damage|p2a: Melmetal|63\/100\n|\n|upkeep\n|turn|15\n|\n|t:|1625832805\n|switch|p1a: Scizor|Scizor, M|95\/100\n|move|p2a: Melmetal|Double Iron Bash|p1a: Scizor\n|-resisted|p1a: Scizor\n|-damage|p1a: Scizor|77\/100\n|-resisted|p1a: Scizor\n|-damage|p1a: Scizor|60\/100\n|-hitcount|p1a: Scizor|2\n|\n|upkeep\n|turn|16\n|\n|t:|1625832809\n|switch|p2a: Zapdos|Zapdos|100\/100\n|move|p1a: Scizor|Roost|p1a: Scizor\n|-heal|p1a: Scizor|100\/100\n|-singleturn|p1a: Scizor|move: Roost\n|\n|upkeep\n|turn|17\n|\n|t:|1625832814\n|switch|p1a: Hippowdon|Hippowdon, M|76\/100\n|-damage|p1a: Hippowdon|70\/100|[from] Stealth Rock\n|-weather|Sandstorm|[from] ability: Sand Stream|[of] p1a: Hippowdon\n|move|p2a: Zapdos|Heat Wave|p1a: Hippowdon\n|-damage|p1a: Hippowdon|50\/100\n|\n|-weather|Sandstorm|[upkeep]\n|-damage|p2a: Zapdos|94\/100|[from] Sandstorm\n|upkeep\n|turn|18\n|\n|t:|1625832817\n|move|p2a: Zapdos|Heat Wave|p1a: Hippowdon\n|-damage|p1a: Hippowdon|32\/100\n|move|p1a: Hippowdon|Slack Off|p1a: Hippowdon\n|-heal|p1a: Hippowdon|82\/100\n|\n|-weather|Sandstorm|[upkeep]\n|-damage|p2a: Zapdos|88\/100|[from] Sandstorm\n|upkeep\n|turn|19\n|\n|t:|1625832822\n|switch|p2a: Swampert|Swampert, F|94\/100 tox\n|-damage|p2a: Swampert|88\/100 tox|[from] Stealth Rock\n|move|p1a: Hippowdon|Toxic|p2a: Swampert\n|-fail|p2a: Swampert|tox\n|\n|-weather|Sandstorm|[upkeep]\n|-heal|p2a: Swampert|94\/100 tox|[from] item: Leftovers\n|-damage|p2a: Swampert|88\/100 tox|[from] psn\n|upkeep\n|turn|20\n|\n|t:|1625832827\n|switch|p1a: Tornadus|Tornadus-Therian, M|100\/100\n|move|p2a: Swampert|Flip Turn|p1a: Tornadus\n|-damage|p1a: Tornadus|76\/100\n|\n|t:|1625832830\n|switch|p2a: Tapu Koko|Tapu Koko|100\/100|[from]move: Flip Turn\n|-fieldstart|move: Electric Terrain|[from] ability: Electric Surge|[of] p2a: Tapu Koko\n|\n|-weather|Sandstorm|[upkeep]\n|-damage|p2a: Tapu Koko|94\/100|[from] Sandstorm\n|-damage|p1a: Tornadus|70\/100|[from] Sandstorm\n|upkeep\n|turn|21\n|j| LT82ZW MimikyuStar\n|\n|t:|1625832845\n|move|p2a: Tapu Koko|U-turn|p1a: Tornadus\n|-resisted|p1a: Tornadus\n|-damage|p1a: Tornadus|60\/100\n|\n|t:|1625832847\n|switch|p2a: Zapdos|Zapdos|88\/100|[from]move: U-turn\n|move|p1a: Tornadus|U-turn|p2a: Zapdos\n|-resisted|p2a: Zapdos\n|-damage|p2a: Zapdos|83\/100\n|\n|t:|1625832852\n|switch|p1a: Dragapult|Dragapult, M|88\/100|[from]move: U-turn\n|-damage|p1a: Dragapult|76\/100|[from] Stealth Rock\n|\n|-weather|none\n|upkeep\n|turn|22\n|c| LT82ZW MimikyuStar|no more shedinja stall?\n|\n|t:|1625832858\n|move|p1a: Dragapult|Draco Meteor|p2a: Zapdos\n|-damage|p2a: Zapdos|3\/100\n|-unboost|p1a: Dragapult|spa|2\n|move|p2a: Zapdos|Discharge|p1a: Dragapult\n|-resisted|p1a: Dragapult\n|-damage|p1a: Dragapult|52\/100\n|\n|upkeep\n|turn|23\n|\n|t:|1625832865\n|move|p1a: Dragapult|Draco Meteor|p2a: Zapdos\n|-damage|p2a: Zapdos|0 fnt\n|-unboost|p1a: Dragapult|spa|2\n|faint|p2a: Zapdos\n|\n|upkeep\n|\n|t:|1625832868\n|switch|p2a: Dragapult|Dragapult, F|100\/100\n|-damage|p2a: Dragapult|88\/100|[from] Stealth Rock\n|turn|24\n|\n|t:|1625832879\n|switch|p1a: Scizor|Scizor, M|100\/100\n|move|p2a: Dragapult|Shadow Ball|p1a: Scizor\n|-damage|p1a: Scizor|57\/100\n|\n|-fieldend|move: Electric Terrain\n|upkeep\n|turn|25\n|\n|t:|1625832883\n|move|p2a: Dragapult|Shadow Ball|p1a: Scizor\n|-damage|p1a: Scizor|12\/100\n|-unboost|p1a: Scizor|spd|1\n|move|p1a: Scizor|Knock Off|p2a: Dragapult\n|-supereffective|p2a: Dragapult\n|-damage|p2a: Dragapult|17\/100\n|-enditem|p2a: Dragapult|Choice Specs|[from] move: Knock Off|[of] p1a: Scizor\n|\n|upkeep\n|turn|26\n|c|\u2606LT82ZW LOUAYE|LT82ZW maybe\n|c|\u2606LT82ZW LOUAYE|LT82ZW Mimikyu*\n|\n|t:|1625832912\n|move|p1a: Scizor|Bullet Punch|p2a: Dragapult\n|-damage|p2a: Dragapult|0 fnt\n|faint|p2a: Dragapult\n|\n|upkeep\n|\n|t:|1625832916\n|switch|p2a: Tapu Koko|Tapu Koko|94\/100\n|-fieldstart|move: Electric Terrain|[from] ability: Electric Surge|[of] p2a: Tapu Koko\n|turn|27\n|\n|t:|1625832925\n|switch|p1a: Hippowdon|Hippowdon, M|82\/100\n|-damage|p1a: Hippowdon|75\/100|[from] Stealth Rock\n|-weather|Sandstorm|[from] ability: Sand Stream|[of] p1a: Hippowdon\n|move|p2a: Tapu Koko|U-turn|p1a: Hippowdon\n|-damage|p1a: Hippowdon|63\/100\n|\n|t:|1625832928\n|switch|p2a: Swampert|Swampert, F|88\/100 tox|[from]move: U-turn\n|-damage|p2a: Swampert|82\/100 tox|[from] Stealth Rock\n|\n|-weather|Sandstorm|[upkeep]\n|-heal|p2a: Swampert|88\/100 tox|[from] item: Leftovers\n|-damage|p2a: Swampert|82\/100 tox|[from] psn\n|upkeep\n|turn|28\n|\n|t:|1625832933\n|move|p2a: Swampert|Toxic|p1a: Hippowdon\n|-status|p1a: Hippowdon|tox\n|move|p1a: Hippowdon|Slack Off|p1a: Hippowdon\n|-heal|p1a: Hippowdon|100\/100 tox\n|\n|-weather|Sandstorm|[upkeep]\n|-heal|p2a: Swampert|88\/100 tox|[from] item: Leftovers\n|-damage|p2a: Swampert|76\/100 tox|[from] psn\n|-damage|p1a: Hippowdon|94\/100 tox|[from] psn\n|upkeep\n|turn|29\n|\n|t:|1625832946\n|switch|p1a: Slowking|Slowking, F|100\/100\n|move|p2a: Swampert|Earthquake|p1a: Slowking\n|-damage|p1a: Slowking|60\/100\n|\n|-weather|Sandstorm|[upkeep]\n|-damage|p1a: Slowking|54\/100|[from] Sandstorm\n|-heal|p2a: Swampert|82\/100 tox|[from] item: Leftovers\n|-damage|p2a: Swampert|63\/100 tox|[from] psn\n|upkeep\n|turn|30\n|\n|t:|1625832951\n|move|p2a: Swampert|Toxic|p1a: Slowking\n|-status|p1a: Slowking|tox\n|move|p1a: Slowking|Teleport|p1a: Slowking\n|\n|t:|1625832955\n|switch|p1a: Dragapult|Dragapult, M|52\/100|[from]move: Teleport\n|-damage|p1a: Dragapult|39\/100|[from] Stealth Rock\n|\n|-weather|Sandstorm|[upkeep]\n|-damage|p1a: Dragapult|33\/100|[from] Sandstorm\n|-heal|p2a: Swampert|70\/100 tox|[from] item: Leftovers\n|-damage|p2a: Swampert|45\/100 tox|[from] psn\n|upkeep\n|turn|31\n|\n|t:|1625832960\n|move|p1a: Dragapult|Hex|p2a: Swampert\n|-damage|p2a: Swampert|0 fnt\n|faint|p2a: Swampert\n|\n|-weather|none\n|-fieldend|move: Electric Terrain\n|upkeep\n|\n|t:|1625832964\n|switch|p2a: Tapu Koko|Tapu Koko|94\/100\n|-fieldstart|move: Electric Terrain|[from] ability: Electric Surge|[of] p2a: Tapu Koko\n|turn|32\n|\n|t:|1625832972\n|switch|p1a: Tornadus|Tornadus-Therian, M|93\/100\n|move|p2a: Tapu Koko|Dazzling Gleam|p1a: Tornadus\n|-damage|p1a: Tornadus|59\/100\n|\n|upkeep\n|turn|33\n|\n|t:|1625832976\n|switch|p1a: Hippowdon|Hippowdon, M|94\/100 tox\n|-damage|p1a: Hippowdon|88\/100 tox|[from] Stealth Rock\n|-weather|Sandstorm|[from] ability: Sand Stream|[of] p1a: Hippowdon\n|move|p2a: Tapu Koko|Dazzling Gleam|p1a: Hippowdon\n|-damage|p1a: Hippowdon|63\/100 tox\n|\n|-weather|Sandstorm|[upkeep]\n|-damage|p2a: Tapu Koko|88\/100|[from] Sandstorm\n|-damage|p1a: Hippowdon|57\/100 tox|[from] psn\n|upkeep\n|turn|34\n|\n|t:|1625832978\n|move|p2a: Tapu Koko|U-turn|p1a: Hippowdon\n|-damage|p1a: Hippowdon|45\/100 tox\n|\n|t:|1625832980\n|switch|p2a: Landorus|Landorus-Therian, M|70\/100 tox|[from]move: U-turn\n|-damage|p2a: Landorus|58\/100 tox|[from] Stealth Rock\n|-ability|p2a: Landorus|Intimidate|boost\n|-unboost|p1a: Hippowdon|atk|1\n|move|p1a: Hippowdon|Slack Off|p1a: Hippowdon\n|-heal|p1a: Hippowdon|95\/100 tox\n|\n|-weather|Sandstorm|[upkeep]\n|-heal|p2a: Landorus|64\/100 tox|[from] item: Leftovers\n|-damage|p2a: Landorus|58\/100 tox|[from] psn\n|-damage|p1a: Hippowdon|83\/100 tox|[from] psn\n|upkeep\n|turn|35\n|\n|t:|1625832984\n|switch|p1a: Buzzwole|Buzzwole|63\/100 tox\n|-damage|p1a: Buzzwole|51\/100 tox|[from] Stealth Rock\n|move|p2a: Landorus|Earthquake|p1a: Buzzwole\n|-resisted|p1a: Buzzwole\n|-damage|p1a: Buzzwole|35\/100 tox\n|\n|-weather|Sandstorm|[upkeep]\n|-damage|p1a: Buzzwole|28\/100 tox|[from] Sandstorm\n|-heal|p2a: Landorus|64\/100 tox|[from] item: Leftovers\n|-damage|p1a: Buzzwole|22\/100 tox|[from] psn\n|-damage|p2a: Landorus|52\/100 tox|[from] psn\n|upkeep\n|turn|36\n|\n|t:|1625832988\n|move|p1a: Buzzwole|Roost|p1a: Buzzwole\n|-heal|p1a: Buzzwole|72\/100 tox\n|-singleturn|p1a: Buzzwole|move: Roost\n|move|p2a: Landorus|Earthquake|p1a: Buzzwole\n|-resisted|p1a: Buzzwole\n|-damage|p1a: Buzzwole|57\/100 tox\n|\n|-weather|Sandstorm|[upkeep]\n|-damage|p1a: Buzzwole|51\/100 tox|[from] Sandstorm\n|-heal|p2a: Landorus|58\/100 tox|[from] item: Leftovers\n|-damage|p1a: Buzzwole|39\/100 tox|[from] psn\n|-damage|p2a: Landorus|40\/100 tox|[from] psn\n|-fieldend|move: Electric Terrain\n|upkeep\n|turn|37\n|\n|t:|1625832991\n|move|p1a: Buzzwole|Ice Punch|p2a: Landorus\n|-supereffective|p2a: Landorus\n|-damage|p2a: Landorus|0 fnt\n|faint|p2a: Landorus\n|-ability|p1a: Buzzwole|Beast Boost|boost\n|-boost|p1a: Buzzwole|atk|1\n|\n|-weather|none\n|-damage|p1a: Buzzwole|20\/100 tox|[from] psn\n|upkeep\n|\n|t:|1625832995\n|switch|p2a: Tapu Koko|Tapu Koko|88\/100\n|-fieldstart|move: Electric Terrain|[from] ability: Electric Surge|[of] p2a: Tapu Koko\n|turn|38\n|\n|t:|1625833000\n|switch|p1a: Hippowdon|Hippowdon, M|83\/100 tox\n|-damage|p1a: Hippowdon|76\/100 tox|[from] Stealth Rock\n|-weather|Sandstorm|[from] ability: Sand Stream|[of] p1a: Hippowdon\n|move|p2a: Tapu Koko|Dazzling Gleam|p1a: Hippowdon\n|-damage|p1a: Hippowdon|54\/100 tox\n|\n|-weather|Sandstorm|[upkeep]\n|-damage|p2a: Tapu Koko|82\/100|[from] Sandstorm\n|-damage|p1a: Hippowdon|47\/100 tox|[from] psn\n|upkeep\n|turn|39\n|\n|t:|1625833002\n|move|p2a: Tapu Koko|Dazzling Gleam|p1a: Hippowdon\n|-damage|p1a: Hippowdon|24\/100 tox\n|move|p1a: Hippowdon|Earthquake|p2a: Tapu Koko\n|-supereffective|p2a: Tapu Koko\n|-damage|p2a: Tapu Koko|0 fnt\n|faint|p2a: Tapu Koko\n|\n|-weather|Sandstorm|[upkeep]\n|-damage|p1a: Hippowdon|12\/100 tox|[from] psn\n|upkeep\n|\n|t:|1625833005\n|switch|p2a: Melmetal|Melmetal|63\/100\n|-damage|p2a: Melmetal|57\/100|[from] Stealth Rock\n|turn|40\n|\n|t:|1625833009\n|move|p1a: Hippowdon|Earthquake|p2a: Melmetal\n|-supereffective|p2a: Melmetal\n|-damage|p2a: Melmetal|15\/100\n|move|p2a: Melmetal|Double Iron Bash|p1a: Hippowdon\n|-damage|p1a: Hippowdon|0 fnt\n|faint|p1a: Hippowdon\n|-hitcount|p1: Hippowdon|1\n|\n|-weather|Sandstorm|[upkeep]\n|upkeep\n|\n|t:|1625833012\n|switch|p1a: Dragapult|Dragapult, M|33\/100\n|-damage|p1a: Dragapult|21\/100|[from] Stealth Rock\n|turn|41\n|\n|t:|1625833016\n|move|p1a: Dragapult|Shadow Ball|p2a: Melmetal\n|-damage|p2a: Melmetal|0 fnt\n|faint|p2a: Melmetal\n|\n|win|LT82ZW LOUAYE\n|raw|LT82ZW LOUAYE's rating: 1539 &rarr; <strong>1558<\/strong><br \/>(+19 for winning)\n|raw|Daunzu's rating: 1514 &rarr; <strong>1495<\/strong><br \/>(-19 for losing)\n|c|\u2606LT82ZW LOUAYE|gg\n|c|\u2606Daunzu|gg\n|l|\u2606Daunzu\n|c|\u2606LT82ZW LOUAYE|Man\n|c|\u2606LT82ZW LOUAYE|Idk how I feel about this team\n","uploadtime":1625833034,"views":7,"p1id":"lt82zwlouaye","p2id":"daunzu","formatid":"gen8ou","rating":1495,"private":0,"password":null}