{"id":"gen8ou-1647231595","p1":"minimax_ai","p2":"bramitoboy","format":"gen8ou","log":"|j|\u2606minimax_ai\n|j|\u2606bramitoboy\n|t:|1661360428\n|gametype|singles\n|player|p1|minimax_ai|lusamine-nihilego|1695\n|player|p2|bramitoboy|169|1749\n|teamsize|p1|6\n|teamsize|p2|6\n|gen|8\n|tier|[Gen 8] OU\n|rated|\n|rule|Sleep Clause Mod: Limit one foe put to sleep\n|rule|Species Clause: Limit one of each Pok\u00e9mon\n|rule|OHKO Clause: OHKO moves are banned\n|rule|Evasion Items Clause: Evasion items are banned\n|rule|Evasion Moves Clause: Evasion moves are banned\n|rule|Endless Battle Clause: Forcing endless battles is banned\n|rule|HP Percentage Mod: HP is shown in percentages\n|rule|Dynamax Clause: You cannot dynamax\n|clearpoke\n|poke|p1|Rotom-Wash|\n|poke|p1|Weavile, M|\n|poke|p1|Landorus-Therian, M|\n|poke|p1|Heatran, M|\n|poke|p1|Tangrowth, M|\n|poke|p1|Melmetal|\n|poke|p2|Zarude-Dada|\n|poke|p2|Keldeo-Resolute|\n|poke|p2|Tapu Lele|\n|poke|p2|Tapu Koko|\n|poke|p2|Heatran, M|\n|poke|p2|Landorus-Therian, M|\n|teampreview\n|c|\u2606minimax_ai|hf\n|inactive|Battle timer is ON: inactive players will automatically lose when time's up. (requested by minimax_ai)\n|c|\u2606bramitoboy|u2\n|\n|t:|1661360441\n|start\n|switch|p1a: Melmetal|Melmetal|100\/100\n|switch|p2a: Keldeo|Keldeo-Resolute|100\/100\n|turn|1\n|\n|t:|1661360448\n|switch|p2a: Heatran|Heatran, M|100\/100\n|-item|p2a: Heatran|Air Balloon\n|move|p1a: Melmetal|Thunder Punch|p2a: Heatran\n|-crit|p2a: Heatran\n|-damage|p2a: Heatran|56\/100\n|-enditem|p2a: Heatran|Air Balloon\n|\n|upkeep\n|turn|2\n|\n|t:|1661360454\n|switch|p2a: Zarude|Zarude-Dada|100\/100\n|move|p1a: Melmetal|Earthquake|p2a: Zarude\n|-resisted|p2a: Zarude\n|-damage|p2a: Zarude|83\/100\n|\n|upkeep\n|turn|3\n|\n|t:|1661360460\n|switch|p2a: Landorus|Landorus-Therian, M|100\/100\n|-ability|p2a: Landorus|Intimidate|boost\n|-unboost|p1a: Melmetal|atk|1\n|move|p1a: Melmetal|Double Iron Bash|p2a: Landorus\n|-damage|p2a: Landorus|79\/100\n|-damage|p1a: Melmetal|84\/100|[from] item: Rocky Helmet|[of] p2a: Landorus\n|-damage|p2a: Landorus|58\/100\n|-damage|p1a: Melmetal|67\/100|[from] item: Rocky Helmet|[of] p2a: Landorus\n|-hitcount|p2a: Landorus|2\n|\n|upkeep\n|turn|4\n|\n|t:|1661360466\n|move|p2a: Landorus|Knock Off|p1a: Melmetal\n|-damage|p1a: Melmetal|49\/100\n|-enditem|p1a: Melmetal|Assault Vest|[from] move: Knock Off|[of] p2a: Landorus\n|move|p1a: Melmetal|Ice Punch|p2a: Landorus\n|-supereffective|p2a: Landorus\n|-damage|p2a: Landorus|0 fnt\n|-damage|p1a: Melmetal|32\/100|[from] item: Rocky Helmet|[of] p2a: Landorus\n|faint|p2a: Landorus\n|\n|upkeep\n|\n|t:|1661360474\n|switch|p2a: Keldeo|Keldeo-Resolute|100\/100\n|turn|5\n|\n|t:|1661360478\n|switch|p1a: rotomwash|Rotom-Wash|100\/100\n|move|p2a: Keldeo|Scald|p1a: rotomwash\n|-resisted|p1a: rotomwash\n|-damage|p1a: rotomwash|78\/100\n|-status|p1a: rotomwash|brn\n|\n|-heal|p1a: rotomwash|84\/100 brn|[from] item: Leftovers\n|-damage|p1a: rotomwash|78\/100 brn|[from] brn\n|upkeep\n|turn|6\n|\n|t:|1661360484\n|move|p2a: Keldeo|Secret Sword|p1a: rotomwash\n|-damage|p1a: rotomwash|29\/100 brn\n|move|p1a: rotomwash|Thunderbolt|p2a: Keldeo\n|-supereffective|p2a: Keldeo\n|-damage|p2a: Keldeo|20\/100\n|\n|-heal|p2a: Keldeo|26\/100|[from] item: Leftovers\n|-heal|p1a: rotomwash|36\/100 brn|[from] item: Leftovers\n|-damage|p1a: rotomwash|29\/100 brn|[from] brn\n|upkeep\n|turn|7\n|\n|t:|1661360492\n|switch|p2a: Heatran|Heatran, M|56\/100\n|switch|p1a: Tangrowth|Tangrowth, M|100\/100\n|\n|upkeep\n|turn|8\n|\n|t:|1661360499\n|switch|p1a: landorustherian|Landorus-Therian, M|100\/100\n|-ability|p1a: landorustherian|Intimidate|boost\n|-unboost|p2a: Heatran|atk|1\n|move|p2a: Heatran|Magma Storm|p1a: landorustherian|[miss]\n|-miss|p2a: Heatran|p1a: landorustherian\n|\n|upkeep\n|turn|9\n|\n|t:|1661360506\n|switch|p2a: Zarude|Zarude-Dada|83\/100\n|move|p1a: landorustherian|Earthquake|p2a: Zarude\n|-resisted|p2a: Zarude\n|-damage|p2a: Zarude|60\/100\n|\n|upkeep\n|turn|10\n|\n|t:|1661360512\n|move|p2a: Zarude|Power Whip|p1a: landorustherian\n|-damage|p1a: landorustherian|26\/100\n|-damage|p2a: Zarude|50\/100|[from] item: Life Orb\n|move|p1a: landorustherian|U-turn|p2a: Zarude\n|-supereffective|p2a: Zarude\n|-damage|p2a: Zarude|0 fnt\n|faint|p2a: Zarude\n|\n|t:|1661360512\n|switch|p1a: Melmetal|Melmetal|32\/100|[from]move: U-turn\n|\n|upkeep\n|\n|t:|1661360519\n|switch|p2a: Keldeo|Keldeo-Resolute|26\/100\n|turn|11\n|\n|t:|1661360522\n|switch|p1a: Tangrowth|Tangrowth, M|100\/100\n|move|p2a: Keldeo|Secret Sword|p1a: Tangrowth\n|-damage|p1a: Tangrowth|78\/100\n|\n|-heal|p2a: Keldeo|33\/100|[from] item: Leftovers\n|upkeep\n|turn|12\n|\n|t:|1661360527\n|switch|p2a: Heatran|Heatran, M|56\/100\n|move|p1a: Tangrowth|Sleep Powder|p2a: Heatran\n|-status|p2a: Heatran|slp|[from] move: Sleep Powder\n|\n|upkeep\n|turn|13\n|\n|t:|1661360533\n|switch|p2a: Tapu Lele|Tapu Lele|100\/100\n|-fieldstart|move: Psychic Terrain|[from] ability: Psychic Surge|[of] p2a: Tapu Lele\n|switch|p1a: landorustherian|Landorus-Therian, M|26\/100\n|-ability|p1a: landorustherian|Intimidate|boost\n|-unboost|p2a: Tapu Lele|atk|1\n|\n|-heal|p1a: landorustherian|33\/100|[from] item: Leftovers\n|upkeep\n|turn|14\n|\n|t:|1661360541\n|switch|p1a: rotomwash|Rotom-Wash|29\/100 brn\n|move|p2a: Tapu Lele|Focus Blast|p1a: rotomwash\n|-damage|p1a: rotomwash|0 fnt\n|faint|p1a: rotomwash\n|\n|upkeep\n|\n|t:|1661360541\n|switch|p1a: landorustherian|Landorus-Therian, M|33\/100\n|-ability|p1a: landorustherian|Intimidate|boost\n|-unboost|p2a: Tapu Lele|atk|1\n|turn|15\n|\n|t:|1661360550\n|move|p2a: Tapu Lele|Moonblast|p1a: landorustherian\n|-damage|p1a: landorustherian|0 fnt\n|faint|p1a: landorustherian\n|\n|upkeep\n|\n|t:|1661360550\n|switch|p1a: Weavile|Weavile, M|100\/100\n|-ability|p1a: Weavile|Pressure\n|turn|16\n|\n|t:|1661360558\n|switch|p2a: Heatran|Heatran, M|56\/100 slp\n|move|p1a: Weavile|Knock Off|p2a: Heatran\n|-damage|p2a: Heatran|13\/100 slp\n|\n|upkeep\n|turn|17\n|\n|t:|1661360563\n|switch|p2a: Tapu Koko|Tapu Koko|100\/100\n|-fieldstart|move: Electric Terrain|[from] ability: Electric Surge|[of] p2a: Tapu Koko\n|move|p1a: Weavile|Knock Off|p2a: Tapu Koko\n|-resisted|p2a: Tapu Koko\n|-damage|p2a: Tapu Koko|48\/100\n|-enditem|p2a: Tapu Koko|Choice Scarf|[from] move: Knock Off|[of] p1a: Weavile\n|\n|upkeep\n|turn|18\n|\n|t:|1661360570\n|switch|p1a: Heatran|Heatran, M|100\/100\n|-item|p1a: Heatran|Air Balloon\n|move|p2a: Tapu Koko|Volt Switch|p1a: Heatran\n|-damage|p1a: Heatran|57\/100\n|-enditem|p1a: Heatran|Air Balloon\n|\n|t:|1661360574\n|switch|p2a: Keldeo|Keldeo-Resolute|33\/100|[from]move: Volt Switch\n|\n|-heal|p2a: Keldeo|39\/100|[from] item: Leftovers\n|upkeep\n|turn|19\n|\n|t:|1661360580\n|switch|p1a: Tangrowth|Tangrowth, M|100\/100\n|move|p2a: Keldeo|Secret Sword|p1a: Tangrowth\n|-damage|p1a: Tangrowth|75\/100\n|\n|-heal|p2a: Keldeo|45\/100|[from] item: Leftovers\n|upkeep\n|turn|20\n|\n|t:|1661360584\n|switch|p2a: Heatran|Heatran, M|13\/100 slp\n|move|p1a: Tangrowth|Giga Drain|p2a: Heatran\n|-resisted|p2a: Heatran\n|-damage|p2a: Heatran|6\/100 slp\n|-heal|p1a: Tangrowth|78\/100|[from] drain|[of] p2a: Heatran\n|\n|upkeep\n|turn|21\n|\n|t:|1661360589\n|cant|p2a: Heatran|slp\n|move|p1a: Tangrowth|Knock Off|p2a: Heatran\n|-damage|p2a: Heatran|0 fnt\n|faint|p2a: Heatran\n|\n|-fieldend|move: Electric Terrain\n|upkeep\n|\n|t:|1661360592\n|switch|p2a: Tapu Lele|Tapu Lele|100\/100\n|-fieldstart|move: Psychic Terrain|[from] ability: Psychic Surge|[of] p2a: Tapu Lele\n|turn|22\n|\n|t:|1661360594\n|move|p2a: Tapu Lele|Moonblast|p1a: Tangrowth\n|-damage|p1a: Tangrowth|3\/100\n|move|p1a: Tangrowth|Giga Drain|p2a: Tapu Lele\n|-damage|p2a: Tapu Lele|81\/100\n|-heal|p1a: Tangrowth|10\/100|[from] drain|[of] p2a: Tapu Lele\n|\n|upkeep\n|turn|23\n|\n|t:|1661360602\n|switch|p1a: Melmetal|Melmetal|32\/100\n|move|p2a: Tapu Lele|Thunderbolt|p1a: Melmetal\n|-damage|p1a: Melmetal|3\/100\n|\n|upkeep\n|turn|24\n|\n|t:|1661360609\n|move|p2a: Tapu Lele|Thunderbolt|p1a: Melmetal\n|-damage|p1a: Melmetal|0 fnt\n|faint|p1a: Melmetal\n|\n|upkeep\n|\n|t:|1661360609\n|switch|p1a: Weavile|Weavile, M|100\/100\n|-ability|p1a: Weavile|Pressure\n|turn|25\n|\n|t:|1661360617\n|switch|p2a: Tapu Koko|Tapu Koko|48\/100\n|-fieldstart|move: Electric Terrain|[from] ability: Electric Surge|[of] p2a: Tapu Koko\n|move|p1a: Weavile|Triple Axel|p2a: Tapu Koko\n|-damage|p2a: Tapu Koko|28\/100\n|-damage|p2a: Tapu Koko|0 fnt\n|faint|p2a: Tapu Koko\n|-hitcount|p2: Tapu Koko|2\n|\n|upkeep\n|\n|t:|1661360621\n|switch|p2a: Keldeo|Keldeo-Resolute|45\/100\n|turn|26\n|\n|t:|1661360624\n|switch|p1a: Tangrowth|Tangrowth, M|43\/100\n|move|p2a: Keldeo|Secret Sword|p1a: Tangrowth\n|-damage|p1a: Tangrowth|22\/100\n|\n|-heal|p2a: Keldeo|51\/100|[from] item: Leftovers\n|upkeep\n|turn|27\n|\n|t:|1661360629\n|move|p2a: Keldeo|Scald|p1a: Tangrowth\n|-resisted|p1a: Tangrowth\n|-damage|p1a: Tangrowth|0 fnt\n|faint|p1a: Tangrowth\n|\n|-heal|p2a: Keldeo|57\/100|[from] item: Leftovers\n|upkeep\n|\n|t:|1661360629\n|switch|p1a: Heatran|Heatran, M|57\/100\n|turn|28\n|\n|t:|1661360635\n|move|p2a: Keldeo|Secret Sword|p1a: Heatran\n|-supereffective|p1a: Heatran\n|-damage|p1a: Heatran|0 fnt\n|faint|p1a: Heatran\n|\n|-heal|p2a: Keldeo|63\/100|[from] item: Leftovers\n|upkeep\n|\n|t:|1661360635\n|switch|p1a: Weavile|Weavile, M|100\/100\n|-ability|p1a: Weavile|Pressure\n|turn|29\n|\n|t:|1661360638\n|move|p1a: Weavile|Triple Axel|p2a: Keldeo\n|-resisted|p2a: Keldeo\n|-damage|p2a: Keldeo|55\/100\n|-resisted|p2a: Keldeo\n|-damage|p2a: Keldeo|38\/100\n|-resisted|p2a: Keldeo\n|-damage|p2a: Keldeo|14\/100\n|-hitcount|p2a: Keldeo|3\n|move|p2a: Keldeo|Secret Sword|p1a: Weavile\n|-supereffective|p1a: Weavile\n|-damage|p1a: Weavile|0 fnt\n|faint|p1a: Weavile\n|\n|win|bramitoboy\n|raw|minimax_ai's rating: 1695 &rarr; <strong>1678<\/strong><br \/>(-17 for losing)\n|raw|bramitoboy's rating: 1749 &rarr; <strong>1766<\/strong><br \/>(+17 for winning)\n|c|\u2606minimax_ai|gg\n","uploadtime":1661360640,"views":43,"p1id":"minimaxai","p2id":"bramitoboy","formatid":"gen8ou","rating":1678,"private":0,"password":null}