{"id":"gen8ou-1632302598","p1":"knexhawk2","p2":"Skip The Drip","format":"gen8ou","log":"|j|\u2606knexhawk2\n|j|\u2606Skip The Drip\n|inactive|Battle timer is ON: inactive players will automatically lose when time's up.\n|t:|1659641764\n|gametype|singles\n|player|p1|knexhawk2|red-masters|\n|player|p2|Skip The Drip|waitress-gen4|\n|teamsize|p1|6\n|teamsize|p2|6\n|gen|8\n|tier|[Gen 8] OU\n|rated|Tournament battle\n|rule|Sleep Clause Mod: Limit one foe put to sleep\n|rule|Species Clause: Limit one of each Pok\u00e9mon\n|rule|OHKO Clause: OHKO moves are banned\n|rule|Evasion Items Clause: Evasion items are banned\n|rule|Evasion Moves Clause: Evasion moves are banned\n|rule|Endless Battle Clause: Forcing endless battles is banned\n|rule|HP Percentage Mod: HP is shown in percentages\n|rule|Dynamax Clause: You cannot dynamax\n|clearpoke\n|poke|p1|Lugia|\n|poke|p1|Blissey, F|\n|poke|p1|Toxapex, F|\n|poke|p1|Avalugg, M|\n|poke|p1|Skarmory, M|\n|poke|p1|Gastrodon-East, F|\n|poke|p2|Excadrill, F|\n|poke|p2|Clefable, M|\n|poke|p2|Tyranitar, F|\n|poke|p2|Ferrothorn, F|\n|poke|p2|Zapdos|\n|poke|p2|Toxapex, M|\n|teampreview\n|c|\u2606knexhawk2|not a cteam?\n|j| Mr. Minerva\n|j| Rubiaa \u2764\ufe0f\n|j| pokechamp13\n|c|\u2606Skip The Drip|never\n|j| dieMoldau\n|j| Dinotea\n|j| TR23\n|c|\u2606knexhawk2|i expected to see like alolwak and crawdaunt and 5 taunters\n|j| shxwk\n|c|\u2606Skip The Drip|ill show u how bad\n|c|\u2606Skip The Drip|lugia is\n|j| Spirolikesdragons\n|j| dfghjnkm\n|c| shxwk|lets see\n|inactive|knexhawk2 has 120 seconds left.\n|\n|t:|1659641799\n|start\n|switch|p1a: Skarmory|Skarmory, M|100\/100\n|switch|p2a: Clefable|Clefable, M, shiny|100\/100\n|turn|1\n|c| Dinotea|Whos winning this?\n|c| shxwk|if ttar can pull its weight\n|\n|t:|1659641806\n|switch|p1a: Gastrodon|Gastrodon-East, F|100\/100\n|move|p2a: Clefable|Stealth Rock|p1a: Gastrodon\n|-sidestart|p1: knexhawk2|move: Stealth Rock\n|\n|upkeep\n|turn|2\n|c|\u2606knexhawk2|pull its weight on my spikes\n|c| Spirolikesdragons|actual anime battle\n|\n|t:|1659641814\n|switch|p2a: Toxapex|Toxapex, M|100\/100\n|switch|p1a: Skarmory|Skarmory, M|100\/100\n|-damage|p1a: Skarmory|88\/100|[from] Stealth Rock\n|\n|upkeep\n|turn|3\n|j| TerraNarshe\n|\n|t:|1659641817\n|move|p1a: Skarmory|Spikes|p2a: Toxapex\n|-sidestart|p2: Skip The Drip|Spikes\n|move|p2a: Toxapex|Knock Off|p1a: Skarmory\n|-damage|p1a: Skarmory|80\/100\n|-damage|p2a: Toxapex|84\/100|[from] item: Rocky Helmet|[of] p1a: Skarmory\n|-enditem|p1a: Skarmory|Rocky Helmet|[from] move: Knock Off|[of] p2a: Toxapex\n|\n|upkeep\n|turn|4\n|\n|t:|1659641831\n|switch|p1a: Toxapex|Toxapex, F|100\/100\n|-damage|p1a: Toxapex|88\/100|[from] Stealth Rock\n|switch|p2a: Clefable|Clefable, M, shiny|100\/100\n|\n|upkeep\n|turn|5\n|c| Dinotea|skarm caught dead\n|\n|t:|1659641849\n|switch|p2a: Toxapex|Toxapex, M|100\/100\n|-damage|p2a: Toxapex|88\/100|[from] Spikes\n|move|p1a: Toxapex|Knock Off|p2a: Toxapex\n|-damage|p2a: Toxapex|78\/100\n|-enditem|p2a: Toxapex|Shed Shell|[from] move: Knock Off|[of] p1a: Toxapex\n|\n|upkeep\n|turn|6\n|c| Dinotea|Bois Place Ur bets on Whos winning\n|\n|t:|1659641857\n|move|p2a: Toxapex|Knock Off|p1a: Toxapex\n|-damage|p1a: Toxapex|79\/100\n|-enditem|p1a: Toxapex|Shed Shell|[from] move: Knock Off|[of] p2a: Toxapex\n|move|p1a: Toxapex|Scald|p2a: Toxapex\n|-resisted|p2a: Toxapex\n|-damage|p2a: Toxapex|71\/100\n|\n|upkeep\n|turn|7\n|\n|t:|1659641867\n|move|p2a: Toxapex|Haze|p2a: Toxapex\n|-clearallboost\n|move|p1a: Toxapex|Scald|p2a: Toxapex\n|-resisted|p2a: Toxapex\n|-damage|p2a: Toxapex|64\/100\n|\n|upkeep\n|turn|8\n|c| shxwk|whoever gets to turn 100 without losing their sanity\n|\n|t:|1659641872\n|move|p2a: Toxapex|Recover|p2a: Toxapex\n|-heal|p2a: Toxapex|100\/100\n|move|p1a: Toxapex|Scald|p2a: Toxapex\n|-resisted|p2a: Toxapex\n|-damage|p2a: Toxapex|94\/100\n|\n|upkeep\n|turn|9\n|\n|t:|1659641879\n|switch|p2a: Zapdos|Zapdos|100\/100\n|move|p1a: Toxapex|Scald|p2a: Zapdos\n|-damage|p2a: Zapdos|81\/100\n|-status|p2a: Zapdos|brn\n|\n|-damage|p2a: Zapdos|75\/100 brn|[from] brn\n|upkeep\n|turn|10\n|\n|t:|1659641891\n|switch|p1a: Blissey|Blissey, F|100\/100\n|move|p2a: Zapdos|Thunderbolt|p1a: Blissey\n|-damage|p1a: Blissey|82\/100\n|\n|-damage|p2a: Zapdos|68\/100 brn|[from] brn\n|upkeep\n|turn|11\n|\n|t:|1659641895\n|switch|p2a: Ferrothorn|Ferrothorn, F|100\/100\n|-damage|p2a: Ferrothorn|88\/100|[from] Spikes\n|move|p1a: Blissey|Stealth Rock|p2a: Ferrothorn\n|-sidestart|p2: Skip The Drip|move: Stealth Rock\n|\n|-heal|p2a: Ferrothorn|94\/100|[from] item: Leftovers\n|upkeep\n|turn|12\n|\n|t:|1659641900\n|switch|p1a: Toxapex|Toxapex, F|100\/100\n|-damage|p1a: Toxapex|88\/100|[from] Stealth Rock\n|move|p2a: Ferrothorn|Spikes|p1a: Toxapex\n|-sidestart|p1: knexhawk2|Spikes\n|\n|-heal|p2a: Ferrothorn|100\/100|[from] item: Leftovers\n|upkeep\n|turn|13\n|c| Dinotea|I remember doing gen 7 and a battle going on for like 200+ turns\n|c| Dinotea|I wasted my life on winning\n|\n|t:|1659641913\n|switch|p2a: Toxapex|Toxapex, M|100\/100\n|-damage|p2a: Toxapex|88\/100|[from] Spikes\n|-damage|p2a: Toxapex|75\/100|[from] Stealth Rock\n|move|p1a: Toxapex|Knock Off|p2a: Toxapex\n|-damage|p2a: Toxapex|69\/100\n|\n|upkeep\n|turn|14\n|\n|t:|1659641921\n|move|p2a: Toxapex|Knock Off|p1a: Toxapex\n|-damage|p1a: Toxapex|82\/100\n|move|p1a: Toxapex|Scald|p2a: Toxapex\n|-resisted|p2a: Toxapex\n|-damage|p2a: Toxapex|63\/100\n|\n|upkeep\n|turn|15\n|c|\u2606knexhawk2|ive gone to 1000\n|\n|t:|1659641926\n|move|p2a: Toxapex|Recover|p2a: Toxapex\n|-heal|p2a: Toxapex|100\/100\n|move|p1a: Toxapex|Scald|p2a: Toxapex\n|-resisted|p2a: Toxapex\n|-damage|p2a: Toxapex|94\/100\n|\n|upkeep\n|turn|16\n|\n|t:|1659641929\n|switch|p2a: Clefable|Clefable, M, shiny|100\/100\n|move|p1a: Toxapex|Scald|p2a: Clefable\n|-crit|p2a: Clefable\n|-damage|p2a: Clefable|79\/100\n|\n|upkeep\n|turn|17\n|j| vorakreb\n|c| Dinotea|how\n|c|\u2606knexhawk2|lemme get my burn on pex\n|\n|t:|1659641934\n|move|p2a: Clefable|Moonblast|p1a: Toxapex\n|-resisted|p1a: Toxapex\n|-damage|p1a: Toxapex|68\/100\n|move|p1a: Toxapex|Knock Off|p2a: Clefable\n|-resisted|p2a: Clefable\n|-damage|p2a: Clefable|73\/100\n|\n|-damage|p1a: Toxapex|56\/100|[from] item: Sticky Barb\n|upkeep\n|turn|18\n|j| stogesmoker\n|c|\u2606knexhawk2|ive been pranked\n|\n|t:|1659641946\n|switch|p1a: Skarmory|Skarmory, M|80\/100\n|-damage|p1a: Skarmory|68\/100|[from] Stealth Rock\n|move|p2a: Clefable|Soft-Boiled|p2a: Clefable\n|-heal|p2a: Clefable|100\/100\n|\n|upkeep\n|turn|19\n|c| Spirolikesdragons|did you watch like a movie while playing or did you just stare at the screen the whole time\n|c|\u2606knexhawk2|idk\n|\n|t:|1659641961\n|switch|p2a: Ferrothorn|Ferrothorn, F|100\/100\n|-damage|p2a: Ferrothorn|88\/100|[from] Spikes\n|-damage|p2a: Ferrothorn|82\/100|[from] Stealth Rock\n|move|p1a: Skarmory|Spikes|p2a: Ferrothorn\n|-sidestart|p2: Skip The Drip|Spikes\n|\n|-heal|p2a: Ferrothorn|88\/100|[from] item: Leftovers\n|upkeep\n|turn|20\n|\n|t:|1659641967\n|move|p2a: Ferrothorn|Spikes|p1a: Skarmory\n|-sidestart|p1: knexhawk2|Spikes\n|move|p1a: Skarmory|Whirlwind|p2a: Ferrothorn\n|drag|p2a: Tyranitar|Tyranitar, F|100\/100\n|-damage|p2a: Tyranitar|84\/100|[from] Spikes\n|-damage|p2a: Tyranitar|72\/100|[from] Stealth Rock\n|-weather|Sandstorm|[from] ability: Sand Stream|[of] p2a: Tyranitar\n|\n|-weather|Sandstorm|[upkeep]\n|upkeep\n|turn|21\n|c| Dinotea|I woulda watched a movie\n|\n|t:|1659641975\n|switch|p2a: Zapdos|Zapdos|68\/100 brn\n|move|p1a: Skarmory|Body Press|p2a: Zapdos\n|-resisted|p2a: Zapdos\n|-crit|p2a: Zapdos\n|-damage|p2a: Zapdos|38\/100 brn\n|-status|p1a: Skarmory|par|[from] ability: Static|[of] p2a: Zapdos\n|\n|-weather|Sandstorm|[upkeep]\n|-damage|p2a: Zapdos|32\/100 brn|[from] Sandstorm\n|-damage|p2a: Zapdos|26\/100 brn|[from] brn\n|upkeep\n|turn|22\n|\n|t:|1659641979\n|switch|p1a: Blissey|Blissey, F|82\/100\n|move|p2a: Zapdos|Roost|p2a: Zapdos\n|-heal|p2a: Zapdos|76\/100 brn\n|-singleturn|p2a: Zapdos|move: Roost\n|\n|-weather|Sandstorm|[upkeep]\n|-damage|p2a: Zapdos|70\/100 brn|[from] Sandstorm\n|-damage|p1a: Blissey|76\/100|[from] Sandstorm\n|-damage|p2a: Zapdos|63\/100 brn|[from] brn\n|upkeep\n|turn|23\n|\n|t:|1659641982\n|switch|p2a: Excadrill|Excadrill, F|100\/100\n|-damage|p2a: Excadrill|97\/100|[from] Stealth Rock\n|-item|p2a: Excadrill|Air Balloon\n|move|p1a: Blissey|Heal Bell|p1a: Blissey\n|-activate|p1a: Blissey|move: Heal Bell\n|-curestatus|p1: Skarmory|par|[msg]\n|\n|-weather|Sandstorm|[upkeep]\n|-damage|p1a: Blissey|70\/100|[from] Sandstorm\n|upkeep\n|turn|24\n|\n|t:|1659641987\n|switch|p1a: Avalugg|Avalugg, M|100\/100\n|move|p2a: Excadrill|Rapid Spin|p1a: Avalugg\n|-damage|p1a: Avalugg|93\/100\n|-boost|p2a: Excadrill|spe|1\n|-sideend|p2: Skip The Drip|Spikes|[from] move: Rapid Spin|[of] p2a: Excadrill\n|-sideend|p2: Skip The Drip|Stealth Rock|[from] move: Rapid Spin|[of] p2a: Excadrill\n|\n|-weather|none\n|upkeep\n|turn|25\n|\n|t:|1659641998\n|switch|p2a: Clefable|Clefable, M, shiny|100\/100\n|move|p1a: Avalugg|Rapid Spin|p2a: Clefable\n|-damage|p2a: Clefable|90\/100\n|-boost|p1a: Avalugg|spe|1\n|-sideend|p1: knexhawk2|Spikes|[from] move: Rapid Spin|[of] p1a: Avalugg\n|-sideend|p1: knexhawk2|Stealth Rock|[from] move: Rapid Spin|[of] p1a: Avalugg\n|\n|upkeep\n|turn|26\n|c| Dinotea|drill on demon time\n|j| Lou dort\n|c| Spirolikesdragons|aight ill go play a league match ill see you after\n|\n|t:|1659642011\n|switch|p1a: Skarmory|Skarmory, M|68\/100\n|move|p2a: Clefable|Stealth Rock|p1a: Skarmory\n|-sidestart|p1: knexhawk2|move: Stealth Rock\n|\n|upkeep\n|turn|27\n|\n|t:|1659642016\n|switch|p2a: Ferrothorn|Ferrothorn, F|88\/100\n|move|p1a: Skarmory|Spikes|p2a: Ferrothorn\n|-sidestart|p2: Skip The Drip|Spikes\n|\n|-heal|p2a: Ferrothorn|94\/100|[from] item: Leftovers\n|upkeep\n|turn|28\n|j| hashdagg_yolo\n|c| shxwk|i be forgettin that lugg gets spinn\n|\n|t:|1659642025\n|switch|p1a: Toxapex|Toxapex, F|89\/100\n|-damage|p1a: Toxapex|76\/100|[from] Stealth Rock\n|move|p2a: Ferrothorn|Spikes|p1a: Toxapex\n|-sidestart|p1: knexhawk2|Spikes\n|\n|-heal|p2a: Ferrothorn|100\/100|[from] item: Leftovers\n|-damage|p1a: Toxapex|64\/100|[from] item: Sticky Barb\n|upkeep\n|turn|29\n|l| hashdagg_yolo\n|\n|t:|1659642033\n|switch|p2a: Clefable|Clefable, M, shiny|90\/100\n|move|p1a: Toxapex|Knock Off|p2a: Clefable\n|-resisted|p2a: Clefable\n|-damage|p2a: Clefable|86\/100\n|\n|-damage|p1a: Toxapex|51\/100|[from] item: Sticky Barb\n|upkeep\n|turn|30\n|l| Lou dort\n|c| Dinotea|Who would remember that\n|\n|t:|1659642050\n|move|p2a: Clefable|Moonblast|p1a: Toxapex\n|-resisted|p1a: Toxapex\n|-damage|p1a: Toxapex|39\/100\n|move|p1a: Toxapex|Recover|p1a: Toxapex\n|-heal|p1a: Toxapex|89\/100\n|\n|-damage|p1a: Toxapex|76\/100|[from] item: Sticky Barb\n|upkeep\n|turn|31\n|\n|t:|1659642056\n|move|p2a: Clefable|Moonblast|p1a: Toxapex\n|-resisted|p1a: Toxapex\n|-damage|p1a: Toxapex|64\/100\n|move|p1a: Toxapex|Scald|p2a: Clefable\n|-damage|p2a: Clefable|72\/100\n|-status|p2a: Clefable|brn\n|\n|-damage|p1a: Toxapex|51\/100|[from] item: Sticky Barb\n|upkeep\n|turn|32\n|c| Dinotea|lugg looks like it can\u2019t even move it\u2019s body sideways\n|j| NoNewUsernames\n|\n|t:|1659642076\n|move|p2a: Clefable|Wish|p2a: Clefable\n|move|p1a: Toxapex|Recover|p1a: Toxapex\n|-heal|p1a: Toxapex|100\/100\n|\n|-damage|p1a: Toxapex|88\/100|[from] item: Sticky Barb\n|upkeep\n|turn|33\n|c| Spirolikesdragons|ahve you never touched an ice cube\n|c|\u2606knexhawk2|maaaan\n|\n|t:|1659642082\n|move|p2a: Clefable|Moonblast|p1a: Toxapex\n|-resisted|p1a: Toxapex\n|-damage|p1a: Toxapex|75\/100\n|-unboost|p1a: Toxapex|spa|1\n|move|p1a: Toxapex|Scald|p2a: Clefable\n|-crit|p2a: Clefable\n|-damage|p2a: Clefable|48\/100 brn\n|\n|-heal|p2a: Clefable|98\/100 brn|[from] move: Wish|[wisher] Clefable\n|-damage|p1a: Toxapex|63\/100|[from] item: Sticky Barb\n|upkeep\n|turn|34\n|c| Spirolikesdragons|they be spinning on their own\n|c|\u2606Skip The Drip|bro\n|c|\u2606Skip The Drip|that lugia\n|c|\u2606Skip The Drip|is goin crazy\n|c|\u2606Skip The Drip|omg\n|j| tytyui\u21bb\n|j|%htcl (>\u25e1<)\n|\n|t:|1659642095\n|switch|p1a: Skarmory|Skarmory, M|68\/100\n|-damage|p1a: Skarmory|56\/100|[from] Stealth Rock\n|move|p2a: Clefable|Moonblast|p1a: Skarmory\n|-resisted|p1a: Skarmory\n|-damage|p1a: Skarmory|34\/100\n|-unboost|p1a: Skarmory|spa|1\n|\n|upkeep\n|turn|35\n|c|\u2606knexhawk2|i dont need the lugia\n|\n|t:|1659642100\n|switch|p2a: Ferrothorn|Ferrothorn, F|100\/100\n|-damage|p2a: Ferrothorn|88\/100|[from] Spikes\n|move|p1a: Skarmory|Roost|p1a: Skarmory\n|-heal|p1a: Skarmory|84\/100\n|-singleturn|p1a: Skarmory|move: Roost\n|\n|-heal|p2a: Ferrothorn|94\/100|[from] item: Leftovers\n|upkeep\n|turn|36\n|\n|t:|1659642105\n|move|p2a: Ferrothorn|Spikes|p1a: Skarmory\n|-sidestart|p1: knexhawk2|Spikes\n|move|p1a: Skarmory|Whirlwind|p2a: Ferrothorn\n|drag|p2a: Tyranitar|Tyranitar, F|72\/100\n|-damage|p2a: Tyranitar|59\/100|[from] Spikes\n|-weather|Sandstorm|[from] ability: Sand Stream|[of] p2a: Tyranitar\n|\n|-weather|Sandstorm|[upkeep]\n|upkeep\n|turn|37\n|\n|t:|1659642118\n|switch|p2a: Zapdos|Zapdos|63\/100 brn\n|move|p1a: Skarmory|Spikes|p2a: Zapdos\n|-sidestart|p2: Skip The Drip|Spikes\n|\n|-weather|Sandstorm|[upkeep]\n|-damage|p2a: Zapdos|57\/100 brn|[from] Sandstorm\n|-damage|p2a: Zapdos|51\/100 brn|[from] brn\n|upkeep\n|turn|38\n|c| Dinotea|Bro drips doing more to your team then everyone combined\n|\n|t:|1659642122\n|switch|p1a: Blissey|Blissey, F|70\/100\n|move|p2a: Zapdos|Roost|p2a: Zapdos\n|-heal|p2a: Zapdos|100\/100 brn\n|-singleturn|p2a: Zapdos|move: Roost\n|\n|-weather|Sandstorm|[upkeep]\n|-damage|p2a: Zapdos|94\/100 brn|[from] Sandstorm\n|-damage|p1a: Blissey|64\/100|[from] Sandstorm\n|-damage|p2a: Zapdos|88\/100 brn|[from] brn\n|upkeep\n|turn|39\n|\n|t:|1659642139\n|switch|p2a: Excadrill|Excadrill, F|97\/100\n|-item|p2a: Excadrill|Air Balloon\n|move|p1a: Blissey|Seismic Toss|p2a: Excadrill\n|-damage|p2a: Excadrill|70\/100\n|-enditem|p2a: Excadrill|Air Balloon\n|\n|-weather|Sandstorm|[upkeep]\n|-damage|p1a: Blissey|58\/100|[from] Sandstorm\n|upkeep\n|turn|40\n|l| vorakreb\n|\n|t:|1659642144\n|switch|p1a: Avalugg|Avalugg, M|93\/100\n|move|p2a: Excadrill|Earthquake|p1a: Avalugg\n|-damage|p1a: Avalugg|70\/100\n|\n|-weather|none\n|upkeep\n|turn|41\n|j| Elissem\n|\n|t:|1659642157\n|switch|p2a: Clefable|Clefable, M, shiny|98\/100 brn\n|move|p1a: Avalugg|Body Press|p2a: Clefable\n|-resisted|p2a: Clefable\n|-damage|p2a: Clefable|83\/100 brn\n|\n|upkeep\n|turn|42\n|j| JTD783\n|\n|t:|1659642165\n|switch|p1a: Skarmory|Skarmory, M|84\/100\n|-damage|p1a: Skarmory|72\/100|[from] Stealth Rock\n|move|p2a: Clefable|Moonblast|p1a: Skarmory\n|-resisted|p1a: Skarmory\n|-damage|p1a: Skarmory|51\/100\n|\n|upkeep\n|turn|43\n|c| shxwk|15\n|c| shxwk|tf\n|\n|t:|1659642173\n|switch|p2a: Zapdos|Zapdos|88\/100 brn\n|move|p1a: Skarmory|Roost|p1a: Skarmory\n|-heal|p1a: Skarmory|100\/100\n|-singleturn|p1a: Skarmory|move: Roost\n|\n|-damage|p2a: Zapdos|82\/100 brn|[from] brn\n|upkeep\n|turn|44\n|c| Dinotea|that\u2019s a fat one\n|\n|t:|1659642195\n|switch|p2a: Tyranitar|Tyranitar, F|59\/100\n|-damage|p2a: Tyranitar|43\/100|[from] Spikes\n|-weather|Sandstorm|[from] ability: Sand Stream|[of] p2a: Tyranitar\n|switch|p1a: Blissey|Blissey, F|58\/100\n|\n|-weather|Sandstorm|[upkeep]\n|-damage|p1a: Blissey|51\/100|[from] Sandstorm\n|upkeep\n|turn|45\n|\n|t:|1659642201\n|switch|p1a: Skarmory|Skarmory, M|100\/100\n|-damage|p1a: Skarmory|88\/100|[from] Stealth Rock\n|move|p2a: Tyranitar|Crunch|p1a: Skarmory\n|-damage|p1a: Skarmory|48\/100\n|\n|-weather|Sandstorm|[upkeep]\n|upkeep\n|turn|46\n|\n|t:|1659642207\n|move|p2a: Tyranitar|Crunch|p1a: Skarmory\n|-damage|p1a: Skarmory|4\/100\n|move|p1a: Skarmory|Roost|p1a: Skarmory\n|-heal|p1a: Skarmory|54\/100\n|-singleturn|p1a: Skarmory|move: Roost\n|\n|-weather|Sandstorm|[upkeep]\n|upkeep\n|turn|47\n|j| hashdagg_yolo\n|\n|t:|1659642212\n|move|p2a: Tyranitar|Crunch|p1a: Skarmory\n|-damage|p1a: Skarmory|11\/100\n|move|p1a: Skarmory|Roost|p1a: Skarmory\n|-heal|p1a: Skarmory|61\/100\n|-singleturn|p1a: Skarmory|move: Roost\n|\n|-weather|Sandstorm|[upkeep]\n|upkeep\n|turn|48\n|c| Dinotea|Oh nah someone\u2019s dead\n|c| hashdagg_yolo|a stall mirror\n|l| TerraNarshe\n|c| JTD783|ah yes my favorite stall combo of ttar + drill\n|inactive|knexhawk2 has 120 seconds left.\n|\n|t:|1659642242\n|switch|p2a: Zapdos|Zapdos|82\/100 brn\n|move|p1a: Skarmory|Body Press|p2a: Zapdos\n|-resisted|p2a: Zapdos\n|-damage|p2a: Zapdos|64\/100 brn\n|-status|p1a: Skarmory|par|[from] ability: Static|[of] p2a: Zapdos\n|\n|-weather|none\n|-damage|p2a: Zapdos|58\/100 brn|[from] brn\n|upkeep\n|turn|49\n|c| Dinotea|If he gets the def drop it\u2019s over\n|j| Lou dort\n|c|\u2606knexhawk2|almost went lug\n|inactive|knexhawk2 has 120 seconds left.\n|j| Mikirae\n|\n|t:|1659642256\n|switch|p1a: Blissey|Blissey, F|51\/100\n|move|p2a: Zapdos|Roost|p2a: Zapdos\n|-heal|p2a: Zapdos|100\/100 brn\n|-singleturn|p2a: Zapdos|move: Roost\n|\n|-damage|p2a: Zapdos|94\/100 brn|[from] brn\n|upkeep\n|turn|50\n|\n|t:|1659642265\n|switch|p2a: Clefable|Clefable, M, shiny|83\/100 brn\n|move|p1a: Blissey|Seismic Toss|p2a: Clefable\n|-damage|p2a: Clefable|58\/100 brn\n|\n|upkeep\n|turn|51\n|\n|t:|1659642271\n|switch|p1a: Toxapex|Toxapex, F|96\/100\n|-damage|p1a: Toxapex|84\/100|[from] Stealth Rock\n|-damage|p1a: Toxapex|67\/100|[from] Spikes\n|move|p2a: Clefable|Wish|p2a: Clefable\n|\n|-damage|p1a: Toxapex|55\/100|[from] item: Sticky Barb\n|upkeep\n|turn|52\n|\n|t:|1659642277\n|move|p2a: Clefable|Stealth Rock||[still]\n|-fail|p2a: Clefable\n|move|p1a: Toxapex|Scald|p2a: Clefable\n|-damage|p2a: Clefable|42\/100 brn\n|\n|-heal|p2a: Clefable|92\/100 brn|[from] move: Wish|[wisher] Clefable\n|-damage|p1a: Toxapex|42\/100|[from] item: Sticky Barb\n|upkeep\n|turn|53\n|c| Dinotea|Bro roost needs a nerf\n|c| shxwk|lmao?\n|\n|t:|1659642283\n|move|p2a: Clefable|Wish|p2a: Clefable\n|move|p1a: Toxapex|Recover|p1a: Toxapex\n|-heal|p1a: Toxapex|92\/100\n|\n|-damage|p1a: Toxapex|80\/100|[from] item: Sticky Barb\n|upkeep\n|turn|54\n|c| Dinotea|like if you roost while hazards on the field you get hit by them again\n|\n|t:|1659642299\n|move|p2a: Clefable|Moonblast|p1a: Toxapex\n|-resisted|p1a: Toxapex\n|-damage|p1a: Toxapex|68\/100\n|move|p1a: Toxapex|Scald|p2a: Clefable\n|-damage|p2a: Clefable|77\/100 brn\n|\n|-heal|p2a: Clefable|100\/100 brn|[from] move: Wish|[wisher] Clefable\n|-damage|p1a: Toxapex|56\/100|[from] item: Sticky Barb\n|upkeep\n|turn|55\n|\n|t:|1659642311\n|switch|p2a: Zapdos|Zapdos|94\/100 brn\n|switch|p1a: Blissey|Blissey, F|51\/100\n|\n|-damage|p2a: Zapdos|88\/100 brn|[from] brn\n|upkeep\n|turn|56\n|c| hashdagg_yolo|so u buff hazards lol\n|c| Dinotea|basically\n|c|\u2606knexhawk2|boots are broken\n|\n|t:|1659642328\n|switch|p2a: Clefable|Clefable, M, shiny|100\/100 brn\n|move|p1a: Blissey|Soft-Boiled|p1a: Blissey\n|-heal|p1a: Blissey|100\/100\n|\n|upkeep\n|turn|57\n|c| Spirolikesdragons|nah roost doesnt need a nerf\n|c| Dinotea|Why isnt Latios ou\n|\n|t:|1659642344\n|move|p2a: Clefable|Wish|p2a: Clefable\n|move|p1a: Blissey|Stealth Rock|p2a: Clefable\n|-sidestart|p2: Skip The Drip|move: Stealth Rock\n|\n|upkeep\n|turn|58\n|l| hashdagg_yolo\n|\n|t:|1659642349\n|switch|p2a: Excadrill|Excadrill, F|70\/100\n|-damage|p2a: Excadrill|53\/100|[from] Spikes\n|-damage|p2a: Excadrill|50\/100|[from] Stealth Rock\n|move|p1a: Blissey|Seismic Toss|p2a: Excadrill\n|-damage|p2a: Excadrill|22\/100\n|\n|-heal|p2a: Excadrill|77\/100|[from] move: Wish|[wisher] Clefable\n|upkeep\n|turn|59\n|c| Dinotea|sure it has competition\n|j| Electric win\n|c| Spirolikesdragons|cuz soul dew isnt good anymore\n|\n|t:|1659642359\n|move|p2a: Excadrill|Swords Dance|p2a: Excadrill\n|-boost|p2a: Excadrill|atk|2\n|move|p1a: Blissey|Seismic Toss|p2a: Excadrill\n|-damage|p2a: Excadrill|49\/100\n|\n|upkeep\n|turn|60\n|c| Dinotea|but it could survive in the low ranks of ou\n|j| Wicket Ticket\n|\n|t:|1659642371\n|switch|p1a: Toxapex|Toxapex, F|89\/100\n|-damage|p1a: Toxapex|76\/100|[from] Stealth Rock\n|-damage|p1a: Toxapex|60\/100|[from] Spikes\n|move|p2a: Excadrill|Rapid Spin|p1a: Toxapex\n|-damage|p1a: Toxapex|37\/100\n|-boost|p2a: Excadrill|spe|1\n|-sideend|p2: Skip The Drip|Spikes|[from] move: Rapid Spin|[of] p2a: Excadrill\n|-sideend|p2: Skip The Drip|Stealth Rock|[from] move: Rapid Spin|[of] p2a: Excadrill\n|\n|-damage|p2a: Excadrill|37\/100|[from] item: Sticky Barb\n|upkeep\n|turn|61\n|\n|t:|1659642377\n|switch|p2a: Tyranitar|Tyranitar, F|43\/100\n|-weather|Sandstorm|[from] ability: Sand Stream|[of] p2a: Tyranitar\n|switch|p1a: Skarmory|Skarmory, M|61\/100 par\n|-damage|p1a: Skarmory|49\/100 par|[from] Stealth Rock\n|\n|-weather|Sandstorm|[upkeep]\n|upkeep\n|turn|62\n|j| galaxyxxivory\n|\n|t:|1659642381\n|switch|p1a: Gastrodon|Gastrodon-East, F|100\/100\n|-damage|p1a: Gastrodon|94\/100|[from] Stealth Rock\n|-damage|p1a: Gastrodon|78\/100|[from] Spikes\n|move|p2a: Tyranitar|Stone Edge|p1a: Gastrodon\n|-resisted|p1a: Gastrodon\n|-damage|p1a: Gastrodon|27\/100\n|\n|-weather|Sandstorm|[upkeep]\n|-heal|p1a: Gastrodon|33\/100|[from] item: Leftovers\n|upkeep\n|turn|63\n|c| TR23|oh ewin the goat is here\n|\n|t:|1659642388\n|switch|p1a: nice lele|Lugia|100\/100\n|-damage|p1a: nice lele|75\/100|[from] Stealth Rock\n|move|p2a: Tyranitar|Stone Edge|p1a: nice lele\n|-supereffective|p1a: nice lele\n|-crit|p1a: nice lele\n|-damage|p1a: nice lele|0 fnt\n|faint|p1a: nice lele\n|\n|-weather|Sandstorm|[upkeep]\n|upkeep\n|c| Dinotea|And specs draco hits hard\n|c|\u2606knexhawk2|should of ran boots lmao\n|\n|t:|1659642397\n|switch|p1a: Avalugg|Avalugg, M|70\/100\n|turn|64\n|\n|t:|1659642403\n|move|p2a: Tyranitar|Stone Edge|p1a: Avalugg\n|-supereffective|p1a: Avalugg\n|-damage|p1a: Avalugg|0 fnt\n|faint|p1a: Avalugg\n|\n|-weather|Sandstorm|[upkeep]\n|upkeep\n|c| Dinotea|YO\n|c| Dinotea|DED LUGIA\n|c|\u2606knexhawk2|aw that was a roll\n|c| Dinotea|HOW\n|\n|t:|1659642413\n|switch|p1a: Blissey|Blissey, F|100\/100\n|turn|65\n|l| Wicket Ticket\n|c|\u2606Skip The Drip|rolled\n|c| Elissem|did Lugia just get less than one turn and die\n|c| tytyui\u21bb|bc he wasn't boots\n|\n|t:|1659642426\n|switch|p2a: Ferrothorn|Ferrothorn, F|94\/100\n|move|p1a: Blissey|Soft-Boiled||[still]\n|-fail|p1a: Blissey|heal\n|\n|-weather|none\n|-heal|p2a: Ferrothorn|100\/100|[from] item: Leftovers\n|upkeep\n|turn|66\n|\n|t:|1659642430\n|switch|p1a: Skarmory|Skarmory, M|49\/100 par\n|-damage|p1a: Skarmory|36\/100 par|[from] Stealth Rock\n|move|p2a: Ferrothorn|Knock Off|p1a: Skarmory\n|-crit|p1a: Skarmory\n|-damage|p1a: Skarmory|25\/100 par\n|\n|upkeep\n|turn|67\n|c| tytyui\u21bb|who runs non boots lugia tho ?\n|\n|t:|1659642438\n|cant|p1a: Skarmory|par\n|move|p2a: Ferrothorn|Leech Seed|p1a: Skarmory\n|-start|p1a: Skarmory|move: Leech Seed\n|\n|-damage|p1a: Skarmory|12\/100 par|[from] Leech Seed|[of] p2a: Ferrothorn\n|upkeep\n|turn|68\n|c|\u2606knexhawk2|someone whos greedy\n|j| LT92PF rinsecycle\n|c|%htcl (>\u25e1<)|1 more\n|\n|t:|1659642442\n|switch|p2a: Tyranitar|Tyranitar, F|43\/100\n|-weather|Sandstorm|[from] ability: Sand Stream|[of] p2a: Tyranitar\n|move|p1a: Skarmory|Roost|p1a: Skarmory\n|-heal|p1a: Skarmory|62\/100 par\n|-singleturn|p1a: Skarmory|move: Roost\n|\n|-weather|Sandstorm|[upkeep]\n|-damage|p1a: Skarmory|50\/100 par|[from] Leech Seed|[of] p2a: Tyranitar\n|-heal|p2a: Tyranitar|55\/100|[silent]\n|upkeep\n|turn|69\n|c|%htcl (>\u25e1<)|full para\n|c|%htcl (>\u25e1<)|rip\n|\n|t:|1659642449\n|move|p2a: Tyranitar|Crunch|p1a: Skarmory\n|-damage|p1a: Skarmory|6\/100 par\n|-unboost|p1a: Skarmory|def|1\n|move|p1a: Skarmory|Body Press|p2a: Tyranitar\n|-supereffective|p2a: Tyranitar\n|-damage|p2a: Tyranitar|0 fnt\n|faint|p2a: Tyranitar\n|\n|-weather|Sandstorm|[upkeep]\n|upkeep\n|c|\u2606knexhawk2|pain\n|l| LT92PF rinsecycle\n|c|\u2606knexhawk2|ok well thats dead\n|\n|t:|1659642454\n|switch|p2a: Clefable|Clefable, M, shiny|100\/100 brn\n|turn|70\n|c|%htcl (>\u25e1<)|drill wins\n|l| Rubiaa \u2764\ufe0f\n|\n|t:|1659642461\n|move|p2a: Clefable|Moonblast|p1a: Skarmory\n|-resisted|p1a: Skarmory\n|-damage|p1a: Skarmory|0 fnt\n|faint|p1a: Skarmory\n|\n|-weather|Sandstorm|[upkeep]\n|upkeep\n|l| NoNewUsernames\n|c|\u2606knexhawk2|yeah it does\n|c|\u2606knexhawk2|but it has sticky barb\n|c|\u2606knexhawk2|so theres a chance\n|\n|t:|1659642474\n|switch|p1a: Toxapex|Toxapex, F|70\/100\n|-damage|p1a: Toxapex|58\/100|[from] Stealth Rock\n|-damage|p1a: Toxapex|41\/100|[from] Spikes\n|turn|71\n|c|\u2606Skip The Drip|ye\n|c|\u2606Skip The Drip|lol\n|c| shxwk|\"nothing on my team has died in this tour\"\n|c| shxwk|famous last words\n|\n|t:|1659642485\n|switch|p2a: Zapdos|Zapdos|88\/100 brn\n|move|p1a: Toxapex|Scald|p2a: Zapdos\n|-damage|p2a: Zapdos|67\/100 brn\n|\n|-weather|Sandstorm|[upkeep]\n|-damage|p2a: Zapdos|61\/100 brn|[from] Sandstorm\n|-damage|p1a: Toxapex|35\/100|[from] Sandstorm\n|-damage|p2a: Zapdos|55\/100 brn|[from] brn\n|upkeep\n|turn|72\n|c|\u2606knexhawk2|and he has to get in\n|\n|t:|1659642493\n|switch|p1a: Blissey|Blissey, F|100\/100\n|move|p2a: Zapdos|Roost|p2a: Zapdos\n|-heal|p2a: Zapdos|100\/100 brn\n|-singleturn|p2a: Zapdos|move: Roost\n|\n|-weather|none\n|-damage|p2a: Zapdos|94\/100 brn|[from] brn\n|upkeep\n|turn|73\n|c|\u2606knexhawk2|if i scald  burn it\n|c|\u2606knexhawk2|hes done\n|\n|t:|1659642501\n|switch|p2a: Ferrothorn|Ferrothorn, F|100\/100\n|move|p1a: Blissey|Seismic Toss|p2a: Ferrothorn\n|-damage|p2a: Ferrothorn|72\/100\n|-damage|p1a: Blissey|88\/100|[from] ability: Iron Barbs|[of] p2a: Ferrothorn\n|\n|-heal|p2a: Ferrothorn|78\/100|[from] item: Leftovers\n|upkeep\n|turn|74\n|\n|t:|1659642505\n|switch|p1a: Toxapex|Toxapex, F|68\/100\n|-damage|p1a: Toxapex|56\/100|[from] Stealth Rock\n|-damage|p1a: Toxapex|39\/100|[from] Spikes\n|move|p2a: Ferrothorn|Spikes|p1a: Toxapex\n|-sidestart|p1: knexhawk2|Spikes\n|\n|-heal|p2a: Ferrothorn|85\/100|[from] item: Leftovers\n|upkeep\n|turn|75\n|\n|t:|1659642509\n|switch|p2a: Zapdos|Zapdos|94\/100 brn\n|move|p1a: Toxapex|Recover|p1a: Toxapex\n|-heal|p1a: Toxapex|89\/100\n|\n|-damage|p2a: Zapdos|88\/100 brn|[from] brn\n|upkeep\n|turn|76\n|c| tytyui\u21bb|u lose to hazards\n|c|\u2606knexhawk2|pex has regen\n|c|\u2606knexhawk2|bliss hss boots\n|c|\u2606knexhawk2|gastro is a sack\n|inactive|knexhawk2 has 120 seconds left.\n|\n|t:|1659642545\n|switch|p1a: Blissey|Blissey, F|88\/100\n|move|p2a: Zapdos|Thunderbolt|p1a: Blissey\n|-damage|p1a: Blissey|70\/100\n|\n|-damage|p2a: Zapdos|82\/100 brn|[from] brn\n|upkeep\n|turn|77\n|c| tytyui\u21bb|3 spikes + sr is regen\n|c|%htcl (>\u25e1<)|its more\n|\n|t:|1659642550\n|switch|p2a: Ferrothorn|Ferrothorn, F|85\/100\n|switch|p1a: Toxapex|Toxapex, F|100\/100\n|-damage|p1a: Toxapex|88\/100|[from] Stealth Rock\n|-damage|p1a: Toxapex|63\/100|[from] Spikes\n|\n|-heal|p2a: Ferrothorn|91\/100|[from] item: Leftovers\n|upkeep\n|turn|78\n|c| tytyui\u21bb|so u don't really take health back\n|c|%htcl (>\u25e1<)|its 25+12\n|c|%htcl (>\u25e1<)|regen is 33\n|\n|t:|1659642557\n|switch|p2a: Clefable|Clefable, M, shiny|100\/100 brn\n|move|p1a: Toxapex|Knock Off|p2a: Clefable\n|-resisted|p2a: Clefable\n|-damage|p2a: Clefable|96\/100 brn\n|\n|upkeep\n|turn|79\n|c|%htcl (>\u25e1<)|you're losing 37\n|c|%htcl (>\u25e1<)|gaining 33\n|c|%htcl (>\u25e1<)|net 4 loss\n|\n|t:|1659642567\n|move|p2a: Clefable|Moonblast|p1a: Toxapex\n|-resisted|p1a: Toxapex\n|-damage|p1a: Toxapex|51\/100\n|move|p1a: Toxapex|Recover|p1a: Toxapex\n|-heal|p1a: Toxapex|100\/100\n|\n|upkeep\n|turn|80\n|c|%htcl (>\u25e1<)|u eventually get chipped\n|c|\u2606knexhawk2|its not a good situation\n|\n|t:|1659642578\n|move|p2a: Clefable|Moonblast|p1a: Toxapex\n|-resisted|p1a: Toxapex\n|-damage|p1a: Toxapex|88\/100\n|move|p1a: Toxapex|Scald|p2a: Clefable\n|-damage|p2a: Clefable|82\/100 brn\n|\n|upkeep\n|turn|81\n|\n|t:|1659642583\n|switch|p1a: Blissey|Blissey, F|70\/100\n|move|p2a: Clefable|Moonblast|p1a: Blissey\n|-damage|p1a: Blissey|59\/100\n|\n|upkeep\n|turn|82\n|\n|t:|1659642586\n|switch|p2a: Ferrothorn|Ferrothorn, F|91\/100\n|move|p1a: Blissey|Stealth Rock|p2a: Ferrothorn\n|-sidestart|p2: Skip The Drip|move: Stealth Rock\n|\n|-heal|p2a: Ferrothorn|97\/100|[from] item: Leftovers\n|upkeep\n|turn|83\n|\n|t:|1659642593\n|switch|p1a: Toxapex|Toxapex, F|100\/100\n|-damage|p1a: Toxapex|88\/100|[from] Stealth Rock\n|-damage|p1a: Toxapex|63\/100|[from] Spikes\n|move|p2a: Ferrothorn|Leech Seed|p1a: Toxapex\n|-start|p1a: Toxapex|move: Leech Seed\n|\n|-heal|p2a: Ferrothorn|100\/100|[from] item: Leftovers\n|-damage|p1a: Toxapex|50\/100|[from] Leech Seed|[of] p2a: Ferrothorn\n|upkeep\n|turn|84\n|c| Dinotea|Man it\u2019s already checkmate give up\n|\n|t:|1659642600\n|switch|p2a: Toxapex|Toxapex, M|100\/100\n|-damage|p2a: Toxapex|88\/100|[from] Stealth Rock\n|move|p1a: Toxapex|Recover|p1a: Toxapex\n|-heal|p1a: Toxapex|100\/100\n|\n|-damage|p1a: Toxapex|88\/100|[from] Leech Seed|[of] p2a: Toxapex\n|-heal|p2a: Toxapex|100\/100|[silent]\n|upkeep\n|turn|85\n|c|\u2606knexhawk2|i still can win\n|c|\u2606knexhawk2|even if unlikely\n|\n|t:|1659642607\n|switch|p1a: Gastrodon|Gastrodon-East, F|33\/100\n|-damage|p1a: Gastrodon|27\/100|[from] Stealth Rock\n|-damage|p1a: Gastrodon|2\/100|[from] Spikes\n|move|p2a: Toxapex|Knock Off|p1a: Gastrodon\n|-damage|p1a: Gastrodon|0 fnt\n|-enditem|p1a: Gastrodon|Leftovers|[from] move: Knock Off|[of] p2a: Toxapex\n|faint|p1a: Gastrodon\n|\n|upkeep\n|c|\u2606Skip The Drip|naw\n|\n|t:|1659642612\n|switch|p1a: Toxapex|Toxapex, F|100\/100\n|-damage|p1a: Toxapex|88\/100|[from] Stealth Rock\n|-damage|p1a: Toxapex|63\/100|[from] Spikes\n|turn|86\n|c|\u2606Skip The Drip|i think u lose\n|c|\u2606Skip The Drip|now\n|\n|t:|1659642617\n|switch|p2a: Clefable|Clefable, M, shiny|82\/100 brn\n|move|p1a: Toxapex|Scald|p2a: Clefable\n|-damage|p2a: Clefable|67\/100 brn\n|\n|upkeep\n|turn|87\n|c|\u2606knexhawk2|i probably lose\n|c| shxwk|i got a summoning salt video running in the background rn\n|\n|t:|1659642623\n|switch|p1a: Blissey|Blissey, F|59\/100\n|move|p2a: Clefable|Soft-Boiled|p2a: Clefable\n|-heal|p2a: Clefable|100\/100 brn\n|\n|upkeep\n|turn|88\n|c|\u2606knexhawk2|its not over yet tho\n|c|%htcl (>\u25e1<)|ya its over for sure i think\n|\n|t:|1659642630\n|switch|p2a: Zapdos|Zapdos|82\/100 brn\n|move|p1a: Blissey|Seismic Toss|p2a: Zapdos\n|-damage|p2a: Zapdos|51\/100 brn\n|\n|-damage|p2a: Zapdos|44\/100 brn|[from] brn\n|upkeep\n|turn|89\n|\n|t:|1659642633\n|move|p2a: Zapdos|Roost|p2a: Zapdos\n|-heal|p2a: Zapdos|95\/100 brn\n|-singleturn|p2a: Zapdos|move: Roost\n|move|p1a: Blissey|Seismic Toss|p2a: Zapdos\n|-damage|p2a: Zapdos|63\/100 brn\n|\n|-damage|p2a: Zapdos|57\/100 brn|[from] brn\n|upkeep\n|turn|90\n|c| shxwk|but yeah you lose here\n|c|%htcl (>\u25e1<)|ferro leech\n|\n|t:|1659642637\n|move|p2a: Zapdos|Roost|p2a: Zapdos\n|-heal|p2a: Zapdos|100\/100 brn\n|-singleturn|p2a: Zapdos|move: Roost\n|move|p1a: Blissey|Soft-Boiled|p1a: Blissey\n|-heal|p1a: Blissey|100\/100\n|\n|-damage|p2a: Zapdos|94\/100 brn|[from] brn\n|upkeep\n|turn|91\n|c|%htcl (>\u25e1<)|u have to go pex\n|\n|t:|1659642641\n|move|p2a: Zapdos|Thunderbolt|p1a: Blissey\n|-damage|p1a: Blissey|84\/100\n|move|p1a: Blissey|Seismic Toss|p2a: Zapdos\n|-damage|p2a: Zapdos|63\/100 brn\n|\n|-damage|p2a: Zapdos|57\/100 brn|[from] brn\n|upkeep\n|turn|92\n|\n|t:|1659642645\n|move|p2a: Zapdos|Roost|p2a: Zapdos\n|-heal|p2a: Zapdos|100\/100 brn\n|-singleturn|p2a: Zapdos|move: Roost\n|move|p1a: Blissey|Seismic Toss|p2a: Zapdos\n|-damage|p2a: Zapdos|69\/100 brn\n|\n|-damage|p2a: Zapdos|63\/100 brn|[from] brn\n|upkeep\n|turn|93\n|\n|t:|1659642647\n|switch|p2a: Ferrothorn|Ferrothorn, F|100\/100\n|-damage|p2a: Ferrothorn|94\/100|[from] Stealth Rock\n|move|p1a: Blissey|Seismic Toss|p2a: Ferrothorn\n|-damage|p2a: Ferrothorn|66\/100\n|-damage|p1a: Blissey|72\/100|[from] ability: Iron Barbs|[of] p2a: Ferrothorn\n|\n|-heal|p2a: Ferrothorn|72\/100|[from] item: Leftovers\n|upkeep\n|turn|94\n|c|%htcl (>\u25e1<)|and skip just goes for\n|\n|t:|1659642652\n|switch|p1a: Toxapex|Toxapex, F|96\/100\n|-damage|p1a: Toxapex|84\/100|[from] Stealth Rock\n|-damage|p1a: Toxapex|59\/100|[from] Spikes\n|move|p2a: Ferrothorn|Leech Seed|p1a: Toxapex\n|-start|p1a: Toxapex|move: Leech Seed\n|\n|-heal|p2a: Ferrothorn|78\/100|[from] item: Leftovers\n|-damage|p1a: Toxapex|46\/100|[from] Leech Seed|[of] p2a: Ferrothorn\n|-heal|p2a: Ferrothorn|89\/100|[silent]\n|upkeep\n|turn|95\n|c|%htcl (>\u25e1<)|the pex mirror\n|l| Lou dort\n|c|%htcl (>\u25e1<)|but one pex is leeched\n|\n|t:|1659642657\n|switch|p2a: Toxapex|Toxapex, M|100\/100\n|-damage|p2a: Toxapex|88\/100|[from] Stealth Rock\n|move|p1a: Toxapex|Recover|p1a: Toxapex\n|-heal|p1a: Toxapex|96\/100\n|\n|-damage|p1a: Toxapex|84\/100|[from] Leech Seed|[of] p2a: Toxapex\n|-heal|p2a: Toxapex|100\/100|[silent]\n|upkeep\n|turn|96\n|c|%htcl (>\u25e1<)|and spams knock\n|\n|t:|1659642659\n|switch|p1a: Blissey|Blissey, F|72\/100\n|move|p2a: Toxapex|Knock Off|p1a: Blissey\n|-damage|p1a: Blissey|61\/100\n|-enditem|p1a: Blissey|Heavy-Duty Boots|[from] move: Knock Off|[of] p2a: Toxapex\n|\n|upkeep\n|turn|97\n|c|%htcl (>\u25e1<)|and u lose boots\n|c| shxwk|he still looses the pex mirror tho\n|c|%htcl (>\u25e1<)|and lose the game\n|c|\u2606knexhawk2|now its oger\n|c|\u2606knexhawk2|gg\n|c|\u2606Skip The Drip|gg\n|c|\u2606Skip The Drip|lugia\n|c|\u2606knexhawk2|should of ran boots lugia lol\n|c|\u2606Skip The Drip|went crazy\n|c|\u2606Skip The Drip|tho\n|c|%htcl (>\u25e1<)|why were u not\n|c|\u2606knexhawk2|if i ran boots\n|c|%htcl (>\u25e1<)|boots lugia\n|c|%htcl (>\u25e1<)|bruh\n|c|\u2606Skip The Drip|bro\n|c|\u2606knexhawk2|i walled band tar\n|c|\u2606knexhawk2|lol\n|c|\u2606Skip The Drip|lugia is broken\n|c|\u2606knexhawk2|i came in on stone edge\n|inactive|knexhawk2 has 120 seconds left.\n|c| shxwk|ok so\n|c|\u2606knexhawk2|and roost spammed since im faster\n|c| shxwk|heres the question\n|c| shxwk|does lugia belong in ou after this?\n|c|\u2606knexhawk2|but my dumbass got greedy and ran leftovers\n|c| TR23|unban lugia tbh\n|c| shxwk|no right\n|c| shxwk|ofc\n|l| JTD783\n|c|\u2606knexhawk2|no its broken as shit\n|c|\u2606Skip The Drip|bro\n|c|%htcl (>\u25e1<)|greed is bad\n|c|\u2606Skip The Drip|lugia\n|c| TR23|thing clicked nothing\n|c|%htcl (>\u25e1<)|run boots\n|c|\u2606Skip The Drip|did jack shit\n|c| TR23|and died\n|c|\u2606Skip The Drip|this game\n|c|\u2606Skip The Drip|it was a sack\n|inactive|knexhawk2 has 90 seconds left.\n|c|\u2606knexhawk2|yeah because im a dumbass\n|c|\u2606knexhawk2|not because of lugia\n|c|\u2606knexhawk2|because of me\n|c| tytyui\u21bb|bc ur not boots\n|l| Electric win\n|c|\u2606knexhawk2|exactly\n|c|\u2606Skip The Drip|this seems like an excuse\n|c| shxwk|don't beat yourself up over this\n|c| shxwk|beat yourself up over the fact that you're not boots\n|c|\u2606knexhawk2|thats like saying\n|c|\u2606Skip The Drip|for a oubl\n|c|\u2606Skip The Drip|mon\n|inactive|knexhawk2 has 60 seconds left.\n|c|\u2606knexhawk2|wow dracovish is ass\n|c|\u2606knexhawk2|it did nothing this game\n|c|\u2606knexhawk2|they had a seismetoad\n|c|\u2606Skip The Drip|well\n|c|\u2606Skip The Drip|clef\n|c|\u2606Skip The Drip|is every wehre\n|c|\u2606Skip The Drip|how does lugia\n|c|\u2606Skip The Drip|deal wit clef\n|inactive|knexhawk2 has 30 seconds left.\n|c|\u2606knexhawk2|? it sits on the field\n|c|\u2606knexhawk2|and stalls\n|c| shxwk|whirlwind and hope for the best\n|c| shxwk|ig\n|c|\u2606Skip The Drip|free rocks\n|inactive|knexhawk2 has 20 seconds left.\n|c|\u2606Skip The Drip|ty\n|inactive|knexhawk2 has 15 seconds left.\n|c|\u2606knexhawk2|its not an offensive  mon?\n|c| tytyui\u21bb|defog ?\n|inactive|knexhawk2 has 10 seconds left.\n|c| shxwk|cm clef kindof\n|c|\u2606knexhawk2|its not meant to kill clef\n|inactive|knexhawk2 has 5 seconds left.\n|c| shxwk|kills the great wall\n|c|\u2606knexhawk2|whirlwind put cm\n|c| shxwk|does it not\n|-message|knexhawk2 lost due to inactivity.\n|\n|win|Skip The Drip\n|n|\u2606knexhawk2|knexhawk2\n|n|\u2606Skip The Drip|skipthedrip\n|n| Mr. Minerva|mrminerva\n|n| pokechamp13|pokechamp13\n|n| dieMoldau|diemoldau\n|n| Dinotea|dinotea\n|n| TR23|tr23\n|n| shxwk|shxwk\n|n| Spirolikesdragons|spirolikesdragons\n|n| dfghjnkm|dfghjnkm\n|n| tytyui\u21bb|tytyui\n|n| htcl (>\u25e1<)|htcl\n|n| Elissem|elissem\n|n| Mikirae|mikirae\n|n| galaxyxxivory|galaxyxxivory\n","uploadtime":1659642810,"views":15,"p1id":"knexhawk2","p2id":"skipthedrip","formatid":"gen8ou","rating":0,"private":0,"password":null}