{"id":"gen8ou-1231543232","p1":"glaed13","p2":"Skip The Drip","format":"gen8ou","log":"|j|\u2606glaed13\n|j|\u2606Skip The Drip\n|t:|1606354094\n|player|p1|glaed13|cheren-gen5bw2|1861\n|player|p2|Skip The Drip|169|1902\n|teamsize|p1|6\n|teamsize|p2|6\n|gametype|singles\n|gen|8\n|tier|[Gen 8] OU\n|rated|\n|clearpoke\n|poke|p1|Blaziken, M|\n|poke|p1|Klefki, F|\n|poke|p1|Ninetales, M|\n|poke|p1|Zapdos-Galar|\n|poke|p1|Cinderace, F|\n|poke|p1|Garchomp, F|\n|poke|p2|Pheromosa|\n|poke|p2|Blissey, F|\n|poke|p2|Tapu Lele|\n|poke|p2|Excadrill, F|\n|poke|p2|Mandibuzz, F|\n|poke|p2|Slowbro, M|\n|rule|Sleep Clause Mod: Limit one foe put to sleep\n|rule|Species Clause: Limit one of each Pok\u00e9mon\n|rule|OHKO Clause: OHKO moves are banned\n|rule|Evasion Moves Clause: Evasion moves are banned\n|rule|Endless Battle Clause: Forcing endless battles is banned\n|rule|HP Percentage Mod: HP is shown in percentages\n|rule|Dynamax Clause: You cannot dynamax\n|teampreview\n|inactive|Battle timer is ON: inactive players will automatically lose when time's up. (requested by glaed13)\n|\n|t:|1606354110\n|start\n|switch|p1a: Zapdos|Zapdos-Galar|100\/100\n|switch|p2a: DRINKIN ON LEAN|Tapu Lele, shiny|100\/100\n|-fieldstart|move: Psychic Terrain|[from] ability: Psychic Surge|[of] p2a: DRINKIN ON LEAN\n|turn|1\n|j| bobamilkk\n|j| ppev\n|\n|t:|1606354125\n|switch|p1a: Klefki|Klefki, F, shiny|100\/100\n|switch|p2a: YESSIRSKII|Slowbro, M|100\/100\n|\n|upkeep\n|turn|2\n|\n|t:|1606354133\n|move|p1a: Klefki|Light Screen|p1a: Klefki\n|-sidestart|p1: glaed13|move: Light Screen\n|move|p2a: YESSIRSKII|Scald|p1a: Klefki\n|-damage|p1a: Klefki|86\/100\n|\n|upkeep\n|turn|3\n|\n|t:|1606354139\n|move|p1a: Klefki|Reflect|p1a: Klefki\n|-sidestart|p1: glaed13|Reflect\n|move|p2a: YESSIRSKII|Scald|p1a: Klefki\n|-damage|p1a: Klefki|70\/100\n|\n|upkeep\n|turn|4\n|j| Rakkoh\n|j| Vessev\n|\n|t:|1606354158\n|switch|p1a: Ninetales|Ninetales, M|100\/100\n|-weather|SunnyDay|[from] ability: Drought|[of] p1a: Ninetales\n|move|p2a: YESSIRSKII|Teleport|p2a: YESSIRSKII\n|\n|t:|1606354165\n|switch|p2a: HIT UR MAIN BITCH|Pheromosa, shiny|100\/100|[from]move: Teleport\n|\n|-weather|SunnyDay|[upkeep]\n|upkeep\n|turn|5\n|j| I'M AT MY LIMIT!\n|\n|t:|1606354171\n|move|p2a: HIT UR MAIN BITCH|U-turn|p1a: Ninetales\n|-resisted|p1a: Ninetales\n|-damage|p1a: Ninetales|80\/100\n|\n|t:|1606354173\n|switch|p2a: COCAINE WHITE|Blissey, F|100\/100|[from]move: U-turn\n|move|p1a: Ninetales|Flamethrower|p2a: COCAINE WHITE\n|-damage|p2a: COCAINE WHITE|81\/100\n|\n|-weather|SunnyDay|[upkeep]\n|-fieldend|move: Psychic Terrain\n|upkeep\n|turn|6\n|l| Rakkoh\n|j| ayckid\n|\n|t:|1606354200\n|switch|p1a: Zapdos|Zapdos-Galar|100\/100\n|move|p2a: COCAINE WHITE|Teleport|p2a: COCAINE WHITE\n|\n|t:|1606354207\n|switch|p2a: DRINKIN ON LEAN|Tapu Lele, shiny|100\/100|[from]move: Teleport\n|-fieldstart|move: Psychic Terrain|[from] ability: Psychic Surge|[of] p2a: DRINKIN ON LEAN\n|\n|-weather|SunnyDay|[upkeep]\n|upkeep\n|turn|7\n|\n|t:|1606354226\n|switch|p2a: YESSIRSKII|Slowbro, M|100\/100\n|move|p1a: Zapdos|Thunderous Kick|p2a: YESSIRSKII\n|-resisted|p2a: YESSIRSKII\n|-damage|p2a: YESSIRSKII|88\/100\n|-unboost|p2a: YESSIRSKII|def|1\n|\n|-weather|SunnyDay|[upkeep]\n|upkeep\n|turn|8\n|\n|t:|1606354236\n|move|p1a: Zapdos|Throat Chop|p2a: YESSIRSKII\n|-supereffective|p2a: YESSIRSKII\n|-damage|p2a: YESSIRSKII|44\/100\n|-start|p2a: YESSIRSKII|Throat Chop|[silent]\n|move|p2a: YESSIRSKII|Slack Off|p2a: YESSIRSKII\n|-heal|p2a: YESSIRSKII|94\/100\n|\n|-weather|none\n|upkeep\n|turn|9\n|j| SSZB\n|j| Promii\n|\n|t:|1606354261\n|move|p1a: Zapdos|Thunderous Kick|p2a: YESSIRSKII\n|-resisted|p2a: YESSIRSKII\n|-damage|p2a: YESSIRSKII|75\/100\n|-unboost|p2a: YESSIRSKII|def|1\n|move|p2a: YESSIRSKII|Slack Off|p2a: YESSIRSKII\n|-heal|p2a: YESSIRSKII|100\/100\n|\n|-sideend|p1: glaed13|move: Light Screen\n|-end|p2a: YESSIRSKII|Throat Chop|[silent]\n|upkeep\n|turn|10\n|\n|t:|1606354274\n|switch|p2a: 1600 SUICIDE SQAUD|Mandibuzz, F|100\/100\n|move|p1a: Zapdos|Throat Chop|p2a: 1600 SUICIDE SQAUD\n|-resisted|p2a: 1600 SUICIDE SQAUD\n|-damage|p2a: 1600 SUICIDE SQAUD|93\/100\n|-start|p2a: 1600 SUICIDE SQAUD|Throat Chop|[silent]\n|\n|-sideend|p1: glaed13|Reflect\n|-fieldend|move: Psychic Terrain\n|upkeep\n|turn|11\n|\n|t:|1606354287\n|move|p1a: Zapdos|Taunt|p2a: 1600 SUICIDE SQAUD\n|-start|p2a: 1600 SUICIDE SQAUD|move: Taunt\n|move|p2a: 1600 SUICIDE SQAUD|U-turn|p1a: Zapdos\n|-resisted|p1a: Zapdos\n|-damage|p1a: Zapdos|97\/100\n|\n|t:|1606354292\n|switch|p2a: HIT UR MAIN BITCH|Pheromosa, shiny|100\/100|[from]move: U-turn\n|\n|upkeep\n|turn|12\n|\n|t:|1606354296\n|move|p2a: HIT UR MAIN BITCH|Triple Axel|p1a: Zapdos\n|-supereffective|p1a: Zapdos\n|-damage|p1a: Zapdos|73\/100\n|-supereffective|p1a: Zapdos\n|-damage|p1a: Zapdos|23\/100\n|-supereffective|p1a: Zapdos\n|-damage|p1a: Zapdos|0 fnt\n|-hitcount|p1a: Zapdos|3\n|faint|p1a: Zapdos\n|-ability|p2a: HIT UR MAIN BITCH|Beast Boost|boost\n|-boost|p2a: HIT UR MAIN BITCH|spe|1\n|\n|upkeep\n|\n|t:|1606354305\n|switch|p1a: Klefki|Klefki, F, shiny|70\/100\n|turn|13\n|\n|t:|1606354308\n|switch|p2a: DRACO WIT DA DRUM|Excadrill, F|100\/100\n|-ability|p2a: DRACO WIT DA DRUM|Mold Breaker\n|move|p1a: Klefki|Thunder Wave|p2a: DRACO WIT DA DRUM\n|-immune|p2a: DRACO WIT DA DRUM\n|\n|upkeep\n|turn|14\n|\n|t:|1606354315\n|move|p1a: Klefki|Reflect|p1a: Klefki\n|-sidestart|p1: glaed13|Reflect\n|move|p2a: DRACO WIT DA DRUM|Earthquake|p1a: Klefki\n|-supereffective|p1a: Klefki\n|-damage|p1a: Klefki|24\/100\n|\n|upkeep\n|turn|15\n|\n|t:|1606354339\n|move|p1a: Klefki|Light Screen|p1a: Klefki\n|-sidestart|p1: glaed13|move: Light Screen\n|move|p2a: DRACO WIT DA DRUM|Stealth Rock|p1a: Klefki\n|-sidestart|p1: glaed13|move: Stealth Rock\n|\n|upkeep\n|turn|16\n|\n|t:|1606354342\n|move|p1a: Klefki|Defog|p2a: DRACO WIT DA DRUM\n|-unboost|p2a: DRACO WIT DA DRUM|evasion|1\n|-sideend|p1: glaed13|Stealth Rock|[from] move: Defog|[of] p1a: Klefki\n|move|p2a: DRACO WIT DA DRUM|Toxic|p1a: Klefki\n|-immune|p1a: Klefki\n|\n|upkeep\n|turn|17\n|\n|t:|1606354354\n|switch|p1a: Cinderace|Cinderace, F|100\/100\n|move|p2a: DRACO WIT DA DRUM|Toxic|p1a: Cinderace\n|-status|p1a: Cinderace|tox\n|\n|-damage|p1a: Cinderace|95\/100 tox|[from] psn\n|upkeep\n|turn|18\n|l| Vessev\n|\n|t:|1606354358\n|switch|p2a: YESSIRSKII|Slowbro, M|100\/100\n|move|p1a: Cinderace|Bulk Up|p1a: Cinderace\n|-start|p1a: Cinderace|typechange|Fighting|[from] ability: Libero\n|-boost|p1a: Cinderace|atk|1\n|-boost|p1a: Cinderace|def|1\n|\n|-damage|p1a: Cinderace|83\/100 tox|[from] psn\n|upkeep\n|turn|19\n|\n|t:|1606354364\n|move|p1a: Cinderace|Gunk Shot|p2a: YESSIRSKII\n|-start|p1a: Cinderace|typechange|Poison|[from] ability: Libero\n|-damage|p2a: YESSIRSKII|53\/100\n|move|p2a: YESSIRSKII|Future Sight|p1a: Cinderace\n|-start|p2a: YESSIRSKII|move: Future Sight\n|\n|-damage|p1a: Cinderace|65\/100 tox|[from] psn\n|upkeep\n|turn|20\n|j| isabela\u2764200\n|\n|t:|1606354374\n|move|p1a: Cinderace|Pyro Ball|p2a: YESSIRSKII\n|-start|p1a: Cinderace|typechange|Fire|[from] ability: Libero\n|-resisted|p2a: YESSIRSKII\n|-damage|p2a: YESSIRSKII|28\/100\n|move|p2a: YESSIRSKII|Slack Off|p2a: YESSIRSKII\n|-heal|p2a: YESSIRSKII|78\/100\n|\n|-damage|p1a: Cinderace|41\/100 tox|[from] psn\n|upkeep\n|turn|21\n|\n|t:|1606354379\n|move|p1a: Cinderace|Gunk Shot|p2a: YESSIRSKII\n|-start|p1a: Cinderace|typechange|Poison|[from] ability: Libero\n|-damage|p2a: YESSIRSKII|26\/100\n|move|p2a: YESSIRSKII|Slack Off|p2a: YESSIRSKII\n|-heal|p2a: YESSIRSKII|76\/100\n|\n|-end|p1a: Cinderace|move: Future Sight\n|-supereffective|p1a: Cinderace\n|-damage|p1a: Cinderace|0 fnt\n|faint|p1a: Cinderace\n|-sideend|p1: glaed13|Reflect\n|upkeep\n|\n|t:|1606354393\n|switch|p1a: Klefki|Klefki, F, shiny|24\/100\n|turn|22\n|j| Varaetia\n|l| Varaetia\n|\n|t:|1606354418\n|move|p1a: Klefki|Reflect|p1a: Klefki\n|-sidestart|p1: glaed13|Reflect\n|move|p2a: YESSIRSKII|Future Sight|p1a: Klefki\n|-start|p2a: YESSIRSKII|move: Future Sight\n|\n|-sideend|p1: glaed13|move: Light Screen\n|upkeep\n|turn|23\n|\n|t:|1606354426\n|switch|p2a: DRACO WIT DA DRUM|Excadrill, F|100\/100\n|-ability|p2a: DRACO WIT DA DRUM|Mold Breaker\n|move|p1a: Klefki|Light Screen|p1a: Klefki\n|-sidestart|p1: glaed13|move: Light Screen\n|\n|upkeep\n|turn|24\n|inactive|glaed13 has 120 seconds left.\n|\n|t:|1606354454\n|switch|p1a: Ninetales|Ninetales, M|80\/100\n|-weather|SunnyDay|[from] ability: Drought|[of] p1a: Ninetales\n|move|p2a: DRACO WIT DA DRUM|Toxic|p1a: Ninetales\n|-status|p1a: Ninetales|tox\n|\n|-weather|SunnyDay|[upkeep]\n|-end|p1a: Ninetales|move: Future Sight\n|-damage|p1a: Ninetales|35\/100 tox\n|-damage|p1a: Ninetales|29\/100 tox|[from] psn\n|upkeep\n|turn|25\n|j| blessed days\n|\n|t:|1606354461\n|move|p1a: Ninetales|Flamethrower|p2a: DRACO WIT DA DRUM\n|-supereffective|p2a: DRACO WIT DA DRUM\n|-damage|p2a: DRACO WIT DA DRUM|19\/100\n|move|p2a: DRACO WIT DA DRUM|Stealth Rock|p1a: Ninetales\n|-sidestart|p1: glaed13|move: Stealth Rock\n|\n|-weather|SunnyDay|[upkeep]\n|-heal|p2a: DRACO WIT DA DRUM|25\/100|[from] item: Leftovers\n|-damage|p1a: Ninetales|17\/100 tox|[from] psn\n|upkeep\n|turn|26\n|c| bobamilkk|everything is so thiccc xD\n|inactive|glaed13 has 120 seconds left.\n|\n|t:|1606354486\n|move|p1a: Ninetales|Flamethrower|p2a: DRACO WIT DA DRUM\n|-supereffective|p2a: DRACO WIT DA DRUM\n|-damage|p2a: DRACO WIT DA DRUM|0 fnt\n|faint|p2a: DRACO WIT DA DRUM\n|\n|-weather|SunnyDay|[upkeep]\n|-damage|p1a: Ninetales|0 fnt|[from] psn\n|faint|p1a: Ninetales\n|upkeep\n|inactive|glaed13 has 120 seconds left.\n|\n|t:|1606354495\n|switch|p1a: Klefki|Klefki, F, shiny|24\/100\n|switch|p2a: DRINKIN ON LEAN|Tapu Lele, shiny|100\/100\n|-fieldstart|move: Psychic Terrain|[from] ability: Psychic Surge|[of] p2a: DRINKIN ON LEAN\n|-damage|p1a: Klefki|18\/100|[from] Stealth Rock\n|turn|27\n|inactive|glaed13 has 120 seconds left.\n|\n|t:|1606354509\n|switch|p2a: HIT UR MAIN BITCH|Pheromosa, shiny|100\/100\n|move|p1a: Klefki|Defog|p2a: HIT UR MAIN BITCH\n|-activate|p2a: HIT UR MAIN BITCH|move: Psychic Terrain\n|\n|-weather|SunnyDay|[upkeep]\n|upkeep\n|turn|28\n|inactive|glaed13 has 120 seconds left.\n|c| bobamilkk|wait what just happened\n|\n|t:|1606354534\n|switch|p1a: Blaziken|Blaziken, M|100\/100\n|-damage|p1a: Blaziken|88\/100|[from] Stealth Rock\n|move|p2a: HIT UR MAIN BITCH|Close Combat|p1a: Blaziken\n|-damage|p1a: Blaziken|10\/100\n|-unboost|p2a: HIT UR MAIN BITCH|def|1\n|-unboost|p2a: HIT UR MAIN BITCH|spd|1\n|\n|-weather|none\n|upkeep\n|turn|29\n|\n|t:|1606354539\n|move|p2a: HIT UR MAIN BITCH|Close Combat|p1a: Blaziken\n|-damage|p1a: Blaziken|0 fnt\n|-unboost|p2a: HIT UR MAIN BITCH|def|1\n|-unboost|p2a: HIT UR MAIN BITCH|spd|1\n|faint|p1a: Blaziken\n|-ability|p2a: HIT UR MAIN BITCH|Beast Boost|boost\n|-boost|p2a: HIT UR MAIN BITCH|spe|1\n|\n|-sideend|p1: glaed13|Reflect\n|upkeep\n|\n|t:|1606354541\n|switch|p1a: Garchomp|Garchomp, F|100\/100\n|-damage|p1a: Garchomp|94\/100|[from] Stealth Rock\n|turn|30\n|\n|t:|1606354544\n|move|p2a: HIT UR MAIN BITCH|Close Combat|p1a: Garchomp\n|-crit|p1a: Garchomp\n|-damage|p1a: Garchomp|0 fnt\n|-unboost|p2a: HIT UR MAIN BITCH|def|1\n|-unboost|p2a: HIT UR MAIN BITCH|spd|1\n|-damage|p2a: HIT UR MAIN BITCH|88\/100|[from] ability: Rough Skin|[of] p1a: Garchomp\n|faint|p1a: Garchomp\n|-ability|p2a: HIT UR MAIN BITCH|Beast Boost|boost\n|-boost|p2a: HIT UR MAIN BITCH|spe|1\n|\n|-sideend|p1: glaed13|move: Light Screen\n|upkeep\n|\n|t:|1606354547\n|switch|p1a: Klefki|Klefki, F, shiny|18\/100\n|-damage|p1a: Klefki|12\/100|[from] Stealth Rock\n|turn|31\n|l| SSZB\n|\n|t:|1606354549\n|move|p1a: Klefki|Reflect|p1a: Klefki\n|-sidestart|p1: glaed13|Reflect\n|move|p2a: HIT UR MAIN BITCH|Close Combat|p1a: Klefki\n|-damage|p1a: Klefki|0 fnt\n|-unboost|p2a: HIT UR MAIN BITCH|def|1\n|-unboost|p2a: HIT UR MAIN BITCH|spd|1\n|faint|p1a: Klefki\n|\n|win|Skip The Drip\n|l|\u2606Skip The Drip\n|l|\u2606glaed13\n|l| isabela\u2764200\n|l| I'M AT MY LIMIT!\n|l| blessed days\n|l| bobamilkk\n||Ladder (probably) updated, but score could not be retrieved (Request timeout).\n|l| ayckid\n|l| ppev\n","uploadtime":1606354967,"views":62,"p1id":"glaed13","p2id":"skipthedrip","formatid":"gen8ou","rating":0,"private":0,"password":null}