{"id":"gen8bdspou-1466640830","p1":"IamYeem","p2":"stopthreat","format":"gen8bdspou","log":"|html|<div class=\"broadcast-blue\"><strong>[Gen 8 BDSP] OU is currently suspecting Latios! For information on how to participate check out the <a href=\"https:\/\/www.smogon.com\/forums\/threads\/np-bdsp-ou-suspect-process-round-1-mr-blue-sky.3694109\/\">suspect thread<\/a>.<\/strong><\/div>\n|j|\u2606IamYeem\n|j|\u2606stopthreat\n|t:|1638649177\n|gametype|singles\n|player|p1|IamYeem|bruno|1156\n|player|p2|stopthreat|bugcatcher-gen4dp|1200\n|teamsize|p1|6\n|teamsize|p2|6\n|gen|8\n|tier|[Gen 8 BDSP] OU\n|rated|\n|rule|Sleep Clause Mod: Limit one foe put to sleep\n|rule|Species Clause: Limit one of each Pok\u00e9mon\n|rule|OHKO Clause: OHKO moves are banned\n|rule|Evasion Moves Clause: Evasion moves are banned\n|rule|Endless Battle Clause: Forcing endless battles is banned\n|rule|HP Percentage Mod: HP is shown in percentages\n|clearpoke\n|poke|p1|Azelf|\n|poke|p1|Mismagius, F|\n|poke|p1|Machamp, M|\n|poke|p1|Magnezone|\n|poke|p1|Weavile, M|\n|poke|p1|Garchomp, M|\n|poke|p2|Nidoking, M|\n|poke|p2|Crawdaunt, M|\n|poke|p2|Gliscor, F|\n|poke|p2|Empoleon, F|\n|poke|p2|Feraligatr, M|\n|poke|p2|Smeargle, M|\n|teampreview\n|c|\u2606IamYeem|glhf\n|\n|t:|1638649241\n|start\n|switch|p1a: Machamp|Machamp, M|100\/100\n|switch|p2a: Crawdaunt|Crawdaunt, M|100\/100\n|turn|1\n|inactive|Battle timer is ON: inactive players will automatically lose when time's up. (requested by stopthreat)\n|\n|t:|1638649249\n|switch|p2a: Gliscor|Gliscor, F|100\/100\n|move|p1a: Machamp|Dynamic Punch|p2a: Gliscor\n|-resisted|p2a: Gliscor\n|-damage|p2a: Gliscor|76\/100\n|-start|p2a: Gliscor|confusion\n|\n|-status|p2a: Gliscor|tox|[from] item: Toxic Orb\n|upkeep\n|turn|2\n|\n|t:|1638649257\n|-activate|p2a: Gliscor|confusion\n|-damage|p2a: Gliscor|66\/100 tox|[from] confusion\n|move|p1a: Machamp|Ice Punch|p2a: Gliscor\n|-supereffective|p2a: Gliscor\n|-damage|p2a: Gliscor|0 fnt\n|faint|p2a: Gliscor\n|\n|upkeep\n|\n|t:|1638649269\n|switch|p2a: Smeargle|Smeargle, M|100\/100\n|turn|3\n|\n|t:|1638649272\n|move|p2a: Smeargle|Spore|p1a: Machamp\n|-status|p1a: Machamp|slp|[from] move: Spore\n|-enditem|p1a: Machamp|Lum Berry|[eat]\n|-curestatus|p1a: Machamp|slp|[msg]\n|move|p1a: Machamp|Dynamic Punch|p2a: Smeargle\n|-supereffective|p2a: Smeargle\n|-enditem|p2a: Smeargle|Focus Sash\n|-damage|p2a: Smeargle|1\/100\n|\n|upkeep\n|turn|4\n|\n|t:|1638649295\n|move|p1a: Machamp|Bullet Punch|p2a: Smeargle\n|-damage|p2a: Smeargle|0 fnt\n|faint|p2a: Smeargle\n|\n|upkeep\n|\n|t:|1638649299\n|switch|p2a: Nidoking|Nidoking, M|100\/100\n|turn|5\n|\n|t:|1638649303\n|move|p2a: Nidoking|Sludge Wave|p1a: Machamp\n|-crit|p1a: Machamp\n|-damage|p1a: Machamp|9\/100\n|move|p1a: Machamp|Knock Off|p2a: Nidoking\n|-damage|p2a: Nidoking|48\/100\n|-enditem|p2a: Nidoking|Life Orb|[from] move: Knock Off|[of] p1a: Machamp\n|\n|upkeep\n|turn|6\n|\n|t:|1638649313\n|move|p2a: Nidoking|Earth Power|p1a: Machamp\n|-damage|p1a: Machamp|0 fnt\n|faint|p1a: Machamp\n|\n|upkeep\n|\n|t:|1638649318\n|switch|p1a: Azelf|Azelf|100\/100\n|turn|7\n|\n|t:|1638649323\n|move|p1a: Azelf|Psychic|p2a: Nidoking\n|-supereffective|p2a: Nidoking\n|-damage|p2a: Nidoking|0 fnt\n|faint|p2a: Nidoking\n|-damage|p1a: Azelf|91\/100|[from] item: Life Orb\n|\n|upkeep\n|\n|t:|1638649326\n|switch|p2a: Crawdaunt|Crawdaunt, M|100\/100\n|turn|8\n|\n|t:|1638649335\n|move|p1a: Azelf|Explosion|p2a: Crawdaunt\n|-damage|p2a: Crawdaunt|0 fnt\n|faint|p1a: Azelf\n|faint|p2a: Crawdaunt\n|\n|upkeep\n|\n|t:|1638649358\n|switch|p1a: Magnezone|Magnezone|100\/100\n|switch|p2a: Empoleon|Empoleon, F|100\/100\n|turn|9\n|\n|t:|1638649363\n|move|p2a: Empoleon|Scald|p1a: Magnezone\n|-damage|p1a: Magnezone|70\/100\n|move|p1a: Magnezone|Substitute|p1a: Magnezone\n|-start|p1a: Magnezone|Substitute\n|-damage|p1a: Magnezone|45\/100\n|\n|-heal|p1a: Magnezone|51\/100|[from] item: Leftovers\n|upkeep\n|turn|10\n|\n|t:|1638649376\n|move|p2a: Empoleon|Scald|p1a: Magnezone\n|-end|p1a: Magnezone|Substitute\n|move|p1a: Magnezone|Thunderbolt|p2a: Empoleon\n|-supereffective|p2a: Empoleon\n|-damage|p2a: Empoleon|48\/100\n|\n|-heal|p1a: Magnezone|57\/100|[from] item: Leftovers\n|-heal|p2a: Empoleon|55\/100|[from] item: Leftovers\n|upkeep\n|turn|11\n|\n|t:|1638649385\n|move|p2a: Empoleon|Scald|p1a: Magnezone\n|-damage|p1a: Magnezone|23\/100\n|move|p1a: Magnezone|Thunderbolt|p2a: Empoleon\n|-supereffective|p2a: Empoleon\n|-damage|p2a: Empoleon|6\/100\n|\n|-heal|p1a: Magnezone|29\/100|[from] item: Leftovers\n|-heal|p2a: Empoleon|12\/100|[from] item: Leftovers\n|upkeep\n|turn|12\n|\n|t:|1638649397\n|switch|p1a: Mismagius|Mismagius, F|100\/100\n|move|p2a: Empoleon|Scald|p1a: Mismagius\n|-damage|p1a: Mismagius|48\/100\n|-status|p1a: Mismagius|brn\n|\n|-heal|p2a: Empoleon|19\/100|[from] item: Leftovers\n|-damage|p1a: Mismagius|41\/100 brn|[from] brn\n|upkeep\n|turn|13\n|\n|t:|1638649406\n|move|p1a: Mismagius|Shadow Ball|p2a: Empoleon\n|-damage|p2a: Empoleon|0 fnt\n|faint|p2a: Empoleon\n|\n|-damage|p1a: Mismagius|35\/100 brn|[from] brn\n|upkeep\n|\n|t:|1638649408\n|switch|p2a: Feraligatr|Feraligatr, M|100\/100\n|turn|14\n|\n|t:|1638649413\n|move|p1a: Mismagius|Shadow Ball|p2a: Feraligatr\n|-damage|p2a: Feraligatr|54\/100\n|-unboost|p2a: Feraligatr|spd|1\n|move|p2a: Feraligatr|Dragon Dance|p2a: Feraligatr\n|-boost|p2a: Feraligatr|atk|1\n|-boost|p2a: Feraligatr|spe|1\n|\n|-damage|p1a: Mismagius|29\/100 brn|[from] brn\n|upkeep\n|turn|15\n|\n|t:|1638649425\n|move|p2a: Feraligatr|Crunch|p1a: Mismagius\n|-supereffective|p1a: Mismagius\n|-damage|p1a: Mismagius|0 fnt\n|faint|p1a: Mismagius\n|\n|upkeep\n|\n|t:|1638649429\n|switch|p1a: Garchomp|Garchomp, M|100\/100\n|turn|16\n|\n|t:|1638649432\n|move|p1a: Garchomp|Outrage|p2a: Feraligatr\n|-damage|p2a: Feraligatr|0 fnt\n|faint|p2a: Feraligatr\n|\n|win|IamYeem\n|raw|IamYeem's rating: 1156 &rarr; <strong>1184<\/strong><br \/>(+28 for winning)\n|raw|stopthreat's rating: 1200 &rarr; <strong>1172<\/strong><br \/>(-28 for losing)\n|c|\u2606IamYeem|ggwp\n|l|\u2606stopthreat\n","uploadtime":1638649445,"views":14,"p1id":"iamyeem","p2id":"stopthreat","formatid":"gen8bdspou","rating":1172,"private":0,"password":null}