{"id":"gen8ou-1674152173","p1":"superrouchuan","p2":"Miki1","format":"gen8ou","log":"|j|\u2606superrouchuan\n|j|\u2606Miki1\n|t:|1664543766\n|gametype|singles\n|player|p1|superrouchuan|juan|1649\n|player|p2|Miki1|n|1688\n|teamsize|p1|6\n|teamsize|p2|6\n|gen|8\n|tier|[Gen 8] OU\n|rated|\n|rule|Sleep Clause Mod: Limit one foe put to sleep\n|rule|Species Clause: Limit one of each Pok\u00e9mon\n|rule|OHKO Clause: OHKO moves are banned\n|rule|Evasion Items Clause: Evasion items are banned\n|rule|Evasion Moves Clause: Evasion moves are banned\n|rule|Endless Battle Clause: Forcing endless battles is banned\n|rule|HP Percentage Mod: HP is shown in percentages\n|rule|Dynamax Clause: You cannot dynamax\n|clearpoke\n|poke|p1|Snorlax, M|\n|poke|p1|Tapu Lele|\n|poke|p1|Tyranitar, F|\n|poke|p1|Zapdos|\n|poke|p1|Garchomp, F|\n|poke|p1|Buzzwole|\n|poke|p2|Cloyster, F|\n|poke|p2|Mew|\n|poke|p2|Gengar, F|\n|poke|p2|Bisharp, F|\n|poke|p2|Rillaboom, M|\n|poke|p2|Hawlucha, M|\n|teampreview\n|inactive|Battle timer is ON: inactive players will automatically lose when time's up. (requested by Miki1)\n|j| NDHB\n|j| RazorForce21\n|\n|t:|1664543787\n|start\n|switch|p1a: \u9f99\u7237\uff08\u867d\u7136\u8fd8\u662f\u4e0d\u4f1a\u9f99\u821e\uff09|Garchomp, F|100\/100\n|switch|p2a: Gengar|Gengar, F|100\/100\n|turn|1\n|\n|t:|1664543794\n|move|p2a: Gengar|Taunt|p1a: \u9f99\u7237\uff08\u867d\u7136\u8fd8\u662f\u4e0d\u4f1a\u9f99\u821e\uff09\n|-start|p1a: \u9f99\u7237\uff08\u867d\u7136\u8fd8\u662f\u4e0d\u4f1a\u9f99\u821e\uff09|move: Taunt\n|move|p1a: \u9f99\u7237\uff08\u867d\u7136\u8fd8\u662f\u4e0d\u4f1a\u9f99\u821e\uff09|Dragon Claw|p2a: Gengar\n|-enditem|p2a: Gengar|Focus Sash\n|-damage|p2a: Gengar|1\/100\n|\n|upkeep\n|turn|2\n|\n|t:|1664543803\n|move|p2a: Gengar|Shadow Ball|p1a: \u9f99\u7237\uff08\u867d\u7136\u8fd8\u662f\u4e0d\u4f1a\u9f99\u821e\uff09\n|-damage|p1a: \u9f99\u7237\uff08\u867d\u7136\u8fd8\u662f\u4e0d\u4f1a\u9f99\u821e\uff09|58\/100\n|-unboost|p1a: \u9f99\u7237\uff08\u867d\u7136\u8fd8\u662f\u4e0d\u4f1a\u9f99\u821e\uff09|spd|1\n|move|p1a: \u9f99\u7237\uff08\u867d\u7136\u8fd8\u662f\u4e0d\u4f1a\u9f99\u821e\uff09|Dragon Claw|p2a: Gengar\n|-damage|p2a: Gengar|0 fnt\n|faint|p2a: Gengar\n|\n|upkeep\n|\n|t:|1664543812\n|switch|p2a: Mew|Mew|100\/100\n|turn|3\n|\n|t:|1664543815\n|move|p2a: Mew|Stealth Rock|p1a: \u9f99\u7237\uff08\u867d\u7136\u8fd8\u662f\u4e0d\u4f1a\u9f99\u821e\uff09\n|-sidestart|p1: superrouchuan|move: Stealth Rock\n|move|p1a: \u9f99\u7237\uff08\u867d\u7136\u8fd8\u662f\u4e0d\u4f1a\u9f99\u821e\uff09|Dragon Claw|p2a: Mew\n|-damage|p2a: Mew|42\/100\n|-enditem|p2a: Mew|Red Card|[of] p1a: \u9f99\u7237\uff08\u867d\u7136\u8fd8\u662f\u4e0d\u4f1a\u9f99\u821e\uff09\n|drag|p1a: \u5361\u5723\u522b\u6f14\u6211\u4e86|Snorlax, M, shiny|100\/100\n|-damage|p1a: \u5361\u5723\u522b\u6f14\u6211\u4e86|88\/100|[from] Stealth Rock\n|\n|upkeep\n|turn|4\n|\n|t:|1664543821\n|move|p2a: Mew|Taunt|p1a: \u5361\u5723\u522b\u6f14\u6211\u4e86\n|-start|p1a: \u5361\u5723\u522b\u6f14\u6211\u4e86|move: Taunt\n|move|p1a: \u5361\u5723\u522b\u6f14\u6211\u4e86|Self-Destruct|p2a: Mew\n|-enditem|p1a: \u5361\u5723\u522b\u6f14\u6211\u4e86|Normal Gem|[from] gem\n|-damage|p2a: Mew|0 fnt\n|faint|p1a: \u5361\u5723\u522b\u6f14\u6211\u4e86\n|faint|p2a: Mew\n|\n|upkeep\n|\n|t:|1664543833\n|switch|p2a: Rillaboom|Rillaboom, M|100\/100\n|switch|p1a: \u8001\u73ed|Tyranitar, F, shiny|100\/100\n|-fieldstart|move: Grassy Terrain|[from] ability: Grassy Surge|[of] p2a: Rillaboom\n|-damage|p1a: \u8001\u73ed|88\/100|[from] Stealth Rock\n|-weather|Sandstorm|[from] ability: Sand Stream|[of] p1a: \u8001\u73ed\n|turn|5\n|\n|t:|1664543837\n|move|p2a: Rillaboom|Grassy Glide|p1a: \u8001\u73ed\n|-supereffective|p1a: \u8001\u73ed\n|-damage|p1a: \u8001\u73ed|0 fnt\n|faint|p1a: \u8001\u73ed\n|-damage|p2a: Rillaboom|91\/100|[from] item: Life Orb\n|\n|-weather|Sandstorm|[upkeep]\n|-damage|p2a: Rillaboom|84\/100|[from] Sandstorm\n|-heal|p2a: Rillaboom|91\/100|[from] Grassy Terrain\n|upkeep\n|\n|t:|1664543841\n|switch|p1a: \u868a\u5927\u7237|Buzzwole|100\/100\n|-damage|p1a: \u868a\u5927\u7237|88\/100|[from] Stealth Rock\n|turn|6\n|\n|t:|1664543852\n|move|p2a: Rillaboom|Grassy Glide|p1a: \u868a\u5927\u7237\n|-resisted|p1a: \u868a\u5927\u7237\n|-damage|p1a: \u868a\u5927\u7237|63\/100\n|-damage|p2a: Rillaboom|81\/100|[from] item: Life Orb\n|move|p1a: \u868a\u5927\u7237|Ice Punch|p2a: Rillaboom\n|-supereffective|p2a: Rillaboom\n|-damage|p2a: Rillaboom|0 fnt\n|faint|p2a: Rillaboom\n|-ability|p1a: \u868a\u5927\u7237|Beast Boost|boost\n|-boost|p1a: \u868a\u5927\u7237|atk|1\n|\n|-weather|Sandstorm|[upkeep]\n|-damage|p1a: \u868a\u5927\u7237|57\/100|[from] Sandstorm\n|-heal|p1a: \u868a\u5927\u7237|63\/100|[from] Grassy Terrain\n|upkeep\n|\n|t:|1664543854\n|switch|p2a: Hawlucha|Hawlucha, M|100\/100\n|-enditem|p2a: Hawlucha|Grassy Seed\n|-boost|p2a: Hawlucha|def|1|[from] item: Grassy Seed\n|turn|7\n|\n|t:|1664543858\n|move|p2a: Hawlucha|Acrobatics|p1a: \u868a\u5927\u7237\n|-supereffective|p1a: \u868a\u5927\u7237\n|-damage|p1a: \u868a\u5927\u7237|0 fnt\n|faint|p1a: \u868a\u5927\u7237\n|\n|-weather|Sandstorm|[upkeep]\n|-damage|p2a: Hawlucha|94\/100|[from] Sandstorm\n|upkeep\n|j| Peter97\n|\n|t:|1664543865\n|switch|p1a: \u8776\u795e|Tapu Lele|100\/100\n|-damage|p1a: \u8776\u795e|88\/100|[from] Stealth Rock\n|-fieldstart|move: Psychic Terrain|[from] ability: Psychic Surge|[of] p1a: \u8776\u795e\n|turn|8\n|\n|t:|1664543876\n|move|p2a: Hawlucha|Acrobatics|p1a: \u8776\u795e\n|-damage|p1a: \u8776\u795e|8\/100\n|move|p1a: \u8776\u795e|Moonblast|p2a: Hawlucha\n|-supereffective|p2a: Hawlucha\n|-damage|p2a: Hawlucha|0 fnt\n|faint|p2a: Hawlucha\n|\n|-weather|Sandstorm|[upkeep]\n|-damage|p1a: \u8776\u795e|2\/100|[from] Sandstorm\n|upkeep\n|\n|t:|1664543893\n|switch|p2a: Cloyster|Cloyster, F|100\/100\n|turn|9\n|\n|t:|1664543895\n|switch|p2a: Bisharp|Bisharp, F|100\/100\n|move|p1a: \u8776\u795e|Moonblast|p2a: Bisharp\n|-damage|p2a: Bisharp|20\/100\n|\n|-weather|none\n|upkeep\n|turn|10\n|\n|t:|1664543903\n|move|p1a: \u8776\u795e|Moonblast|p2a: Bisharp\n|-damage|p2a: Bisharp|0 fnt\n|faint|p2a: Bisharp\n|\n|upkeep\n|\n|t:|1664543905\n|switch|p2a: Cloyster|Cloyster, F|100\/100\n|turn|11\n|\n|t:|1664543907\n|move|p1a: \u8776\u795e|Moonblast|p2a: Cloyster\n|-enditem|p2a: Cloyster|Focus Sash\n|-damage|p2a: Cloyster|1\/100\n|move|p2a: Cloyster|Shell Smash|p2a: Cloyster\n|-unboost|p2a: Cloyster|def|1\n|-unboost|p2a: Cloyster|spd|1\n|-boost|p2a: Cloyster|atk|2\n|-boost|p2a: Cloyster|spa|2\n|-boost|p2a: Cloyster|spe|2\n|\n|upkeep\n|turn|12\n|\n|t:|1664543916\n|move|p2a: Cloyster|Icicle Spear|p1a: \u8776\u795e\n|-damage|p1a: \u8776\u795e|0 fnt\n|faint|p1a: \u8776\u795e\n|-hitcount|p1: \u8776\u795e|1\n|\n|-fieldend|move: Psychic Terrain\n|upkeep\n|\n|t:|1664543918\n|switch|p1a: \u9e1f\u54e5|Zapdos, shiny|100\/100\n|-damage|p1a: \u9e1f\u54e5|75\/100|[from] Stealth Rock\n|turn|13\n|\n|t:|1664543920\n|move|p2a: Cloyster|Icicle Spear|p1a: \u9e1f\u54e5\n|-supereffective|p1a: \u9e1f\u54e5\n|-damage|p1a: \u9e1f\u54e5|41\/100\n|-supereffective|p1a: \u9e1f\u54e5\n|-damage|p1a: \u9e1f\u54e5|6\/100\n|-supereffective|p1a: \u9e1f\u54e5\n|-damage|p1a: \u9e1f\u54e5|0 fnt\n|faint|p1a: \u9e1f\u54e5\n|-hitcount|p1: \u9e1f\u54e5|3\n|\n|upkeep\n|\n|t:|1664543923\n|switch|p1a: \u9f99\u7237\uff08\u867d\u7136\u8fd8\u662f\u4e0d\u4f1a\u9f99\u821e\uff09|Garchomp, F|58\/100\n|-damage|p1a: \u9f99\u7237\uff08\u867d\u7136\u8fd8\u662f\u4e0d\u4f1a\u9f99\u821e\uff09|52\/100|[from] Stealth Rock\n|turn|14\n|\n|t:|1664543925\n|move|p2a: Cloyster|Icicle Spear|p1a: \u9f99\u7237\uff08\u867d\u7136\u8fd8\u662f\u4e0d\u4f1a\u9f99\u821e\uff09\n|-supereffective|p1a: \u9f99\u7237\uff08\u867d\u7136\u8fd8\u662f\u4e0d\u4f1a\u9f99\u821e\uff09\n|-damage|p1a: \u9f99\u7237\uff08\u867d\u7136\u8fd8\u662f\u4e0d\u4f1a\u9f99\u821e\uff09|0 fnt\n|faint|p1a: \u9f99\u7237\uff08\u867d\u7136\u8fd8\u662f\u4e0d\u4f1a\u9f99\u821e\uff09\n|-hitcount|p1: \u9f99\u7237\uff08\u867d\u7136\u8fd8\u662f\u4e0d\u4f1a\u9f99\u821e\uff09|1\n|\n|win|Miki1\n|raw|superrouchuan's rating: 1649 &rarr; <strong>1631<\/strong><br \/>(-18 for losing)\n|raw|Miki1's rating: 1688 &rarr; <strong>1706<\/strong><br \/>(+18 for winning)\n|c|\u2606Miki1|gg\n|l|\u2606superrouchuan\n|j|\u2606superrouchuan\n|player|p1|superrouchuan|juan\n|l| RazorForce21\n|l|\u2606Miki1\n||Ladder isn't responding, score probably updated but might not have (Request timeout).\n","uploadtime":1664544039,"views":15,"p1id":"superrouchuan","p2id":"miki1","formatid":"gen8ou","rating":1631,"private":0,"password":null}