{"id":"gen8battlefactory-1701695485","p1":"wlgzwlgz","p2":"yokobaby","format":"gen8battlefactory","log":"|j|\u2606wlgzwlgz\n|j|\u2606yokobaby\n|t:|1667480210\n|gametype|singles\n|player|p1|wlgzwlgz|lusamine-nihilego|\n|player|p2|yokobaby|cynthia-masters|\n|teamsize|p1|6\n|teamsize|p2|6\n|gen|8\n|tier|[Gen 8] Battle Factory\n|rated|Tournament battle\n|rule|Sleep Clause Mod: Limit one foe put to sleep\n|rule|Species Clause: Limit one of each Pok\u00e9mon\n|rule|OHKO Clause: OHKO moves are banned\n|rule|Evasion Items Clause: Evasion items are banned\n|rule|Evasion Moves Clause: Evasion moves are banned\n|rule|Endless Battle Clause: Forcing endless battles is banned\n|rule|HP Percentage Mod: HP is shown in percentages\n|rule|Dynamax Clause: You cannot dynamax\n|clearpoke\n|poke|p1|Salamence, M|\n|poke|p1|Necrozma|\n|poke|p1|Jirachi|\n|poke|p1|Hydreigon, M|\n|poke|p1|Registeel|\n|poke|p1|Scizor, M|\n|poke|p2|Moltres|\n|poke|p2|Chandelure, M|\n|poke|p2|Mandibuzz, F|\n|poke|p2|Reuniclus, M|\n|poke|p2|Slowking, F|\n|poke|p2|Primarina, M|\n|teampreview\n|inactive|Battle timer is ON: inactive players will automatically lose when time's up. (requested by wlgzwlgz)\n|j| jianzhang106\u8230\u957f\n|inactive|wlgzwlgz has 120 seconds left.\n|\n|t:|1667480241\n|start\n|switch|p1a: Scizor|Scizor, M|343\/343\n|switch|p2a: Primarina|Primarina, M|354\/354\n|turn|1\n|\n|t:|1667480256\n|switch|p2a: Mandibuzz|Mandibuzz, F|423\/423\n|move|p1a: Scizor|Bullet Punch|p2a: Mandibuzz\n|-damage|p2a: Mandibuzz|350\/423\n|\n|upkeep\n|turn|2\n|\n|t:|1667480273\n|move|p2a: Mandibuzz|U-turn|p1a: Scizor\n|-resisted|p1a: Scizor\n|-damage|p1a: Scizor|329\/343\n|\n|t:|1667480276\n|switch|p2a: Chandelure|Chandelure, M|262\/262\n|move|p1a: Scizor|U-turn|p2a: Chandelure\n|-resisted|p2a: Chandelure\n|-damage|p2a: Chandelure|234\/262\n|\n|t:|1667480285\n|switch|p1a: Necrozma|Necrozma|336\/336\n|\n|upkeep\n|turn|3\n|\n|t:|1667480293\n|move|p2a: Chandelure|Toxic|p1a: Necrozma\n|-status|p1a: Necrozma|tox\n|move|p1a: Necrozma|Stealth Rock|p2a: Chandelure\n|-sidestart|p2: yokobaby|move: Stealth Rock\n|\n|-damage|p1a: Necrozma|315\/336 tox|[from] psn\n|upkeep\n|turn|4\n|\n|t:|1667480306\n|switch|p1a: Hydreigon|Hydreigon, M|326\/326\n|move|p2a: Chandelure|Hex|p1a: Hydreigon\n|-resisted|p1a: Hydreigon\n|-damage|p1a: Hydreigon|260\/326\n|\n|upkeep\n|turn|5\n|\n|t:|1667480311\n|switch|p2a: Mandibuzz|Mandibuzz, F|350\/423\n|move|p1a: Hydreigon|Dark Pulse|p2a: Mandibuzz\n|-resisted|p2a: Mandibuzz\n|-damage|p2a: Mandibuzz|283\/423\n|\n|upkeep\n|turn|6\n|\n|t:|1667480316\n|switch|p1a: Necrozma|Necrozma|315\/336 tox\n|move|p2a: Mandibuzz|Defog|p1a: Necrozma\n|-unboost|p1a: Necrozma|evasion|1\n|-sideend|p2: yokobaby|Stealth Rock|[from] move: Defog|[of] p2a: Mandibuzz\n|\n|-damage|p1a: Necrozma|294\/336 tox|[from] psn\n|upkeep\n|turn|7\n|\n|t:|1667480318\n|move|p1a: Necrozma|Meteor Beam||[still]\n|-prepare|p1a: Necrozma|Meteor Beam\n|-boost|p1a: Necrozma|spa|1\n|-enditem|p1a: Necrozma|Power Herb\n|-anim|p1a: Necrozma|Meteor Beam|p2a: Mandibuzz|[miss]\n|-miss|p1a: Necrozma|p2a: Mandibuzz\n|move|p2a: Mandibuzz|Roost|p2a: Mandibuzz\n|-heal|p2a: Mandibuzz|423\/423\n|-singleturn|p2a: Mandibuzz|move: Roost\n|\n|-damage|p1a: Necrozma|252\/336 tox|[from] psn\n|upkeep\n|turn|8\n|c|\u2606yokobaby|sry\n|c|\u2606wlgzwlgz|\u54ce\u5440\n|\n|t:|1667480330\n|move|p1a: Necrozma|Heat Wave|p2a: Mandibuzz\n|-damage|p2a: Mandibuzz|225\/423\n|move|p2a: Mandibuzz|U-turn|p1a: Necrozma\n|-supereffective|p1a: Necrozma\n|-damage|p1a: Necrozma|212\/336 tox\n|\n|t:|1667480338\n|switch|p2a: Chandelure|Chandelure, M|234\/262\n|\n|-damage|p1a: Necrozma|149\/336 tox|[from] psn\n|upkeep\n|turn|9\n|\n|t:|1667480341\n|move|p2a: Chandelure|Hex|p1a: Necrozma\n|-supereffective|p1a: Necrozma\n|-damage|p1a: Necrozma|0 fnt\n|faint|p1a: Necrozma\n|\n|upkeep\n|\n|t:|1667480346\n|switch|p1a: Hydreigon|Hydreigon, M|260\/326\n|turn|10\n|\n|t:|1667480351\n|switch|p2a: Primarina|Primarina, M|354\/354\n|move|p1a: Hydreigon|Dark Pulse|p2a: Primarina\n|-resisted|p2a: Primarina\n|-damage|p2a: Primarina|291\/354\n|\n|-heal|p2a: Primarina|313\/354|[from] item: Leftovers\n|upkeep\n|turn|11\n|\n|t:|1667480359\n|switch|p1a: Scizor|Scizor, M|329\/343\n|move|p2a: Primarina|Scald|p1a: Scizor\n|-damage|p1a: Scizor|188\/343\n|\n|-heal|p2a: Primarina|335\/354|[from] item: Leftovers\n|upkeep\n|turn|12\n|\n|t:|1667480362\n|switch|p2a: Mandibuzz|Mandibuzz, F|225\/423\n|move|p1a: Scizor|Bullet Punch|p2a: Mandibuzz\n|-damage|p2a: Mandibuzz|147\/423\n|\n|upkeep\n|turn|13\n|\n|t:|1667480378\n|move|p2a: Mandibuzz|Roost|p2a: Mandibuzz\n|-heal|p2a: Mandibuzz|359\/423\n|-singleturn|p2a: Mandibuzz|move: Roost\n|move|p1a: Scizor|U-turn|p2a: Mandibuzz\n|-supereffective|p2a: Mandibuzz\n|-damage|p2a: Mandibuzz|201\/423\n|\n|t:|1667480403\n|switch|p1a: Registeel|Registeel|364\/364\n|\n|upkeep\n|turn|14\n|\n|t:|1667480407\n|move|p2a: Mandibuzz|U-turn|p1a: Registeel\n|-resisted|p1a: Registeel\n|-damage|p1a: Registeel|356\/364\n|\n|t:|1667480413\n|switch|p2a: Chandelure|Chandelure, M|234\/262\n|move|p1a: Registeel|Amnesia|p1a: Registeel\n|-boost|p1a: Registeel|spd|2\n|\n|upkeep\n|turn|15\n|\n|t:|1667480423\n|switch|p1a: Hydreigon|Hydreigon, M|260\/326\n|move|p2a: Chandelure|Taunt|p1a: Hydreigon\n|-start|p1a: Hydreigon|move: Taunt\n|\n|upkeep\n|turn|16\n|\n|t:|1667480428\n|switch|p2a: Primarina|Primarina, M|335\/354\n|move|p1a: Hydreigon|Dark Pulse|p2a: Primarina\n|-resisted|p2a: Primarina\n|-damage|p2a: Primarina|274\/354\n|\n|-heal|p2a: Primarina|296\/354|[from] item: Leftovers\n|upkeep\n|turn|17\n|\n|t:|1667480433\n|switch|p1a: Registeel|Registeel|356\/364\n|move|p2a: Primarina|Calm Mind|p2a: Primarina\n|-boost|p2a: Primarina|spa|1\n|-boost|p2a: Primarina|spd|1\n|\n|-heal|p2a: Primarina|318\/354|[from] item: Leftovers\n|upkeep\n|turn|18\n|\n|t:|1667480443\n|move|p2a: Primarina|Scald|p1a: Registeel\n|-crit|p1a: Registeel\n|-damage|p1a: Registeel|133\/364\n|move|p1a: Registeel|Amnesia|p1a: Registeel\n|-boost|p1a: Registeel|spd|2\n|\n|-heal|p2a: Primarina|340\/354|[from] item: Leftovers\n|upkeep\n|turn|19\n|\n|t:|1667480450\n|move|p2a: Primarina|Scald|p1a: Registeel\n|-damage|p1a: Registeel|63\/364\n|-status|p1a: Registeel|brn\n|move|p1a: Registeel|Iron Defense|p1a: Registeel\n|-boost|p1a: Registeel|def|2\n|\n|-heal|p2a: Primarina|354\/354|[from] item: Leftovers\n|-damage|p1a: Registeel|41\/364 brn|[from] brn\n|upkeep\n|turn|20\n|\n|t:|1667480454\n|move|p2a: Primarina|Scald|p1a: Registeel\n|-damage|p1a: Registeel|0 fnt\n|faint|p1a: Registeel\n|\n|upkeep\n|\n|t:|1667480458\n|switch|p1a: Scizor|Scizor, M|188\/343\n|turn|21\n|\n|t:|1667480463\n|move|p1a: Scizor|Bullet Punch|p2a: Primarina\n|-damage|p2a: Primarina|234\/354\n|move|p2a: Primarina|Scald|p1a: Scizor\n|-damage|p1a: Scizor|0 fnt\n|faint|p1a: Scizor\n|\n|-heal|p2a: Primarina|256\/354|[from] item: Leftovers\n|upkeep\n|\n|t:|1667480467\n|switch|p1a: Jirachi|Jirachi|404\/404\n|turn|22\n|\n|t:|1667480471\n|move|p1a: Jirachi|Substitute|p1a: Jirachi\n|-start|p1a: Jirachi|Substitute\n|-damage|p1a: Jirachi|303\/404\n|move|p2a: Primarina|Scald|p1a: Jirachi\n|-end|p1a: Jirachi|Substitute\n|\n|-heal|p1a: Jirachi|328\/404|[from] item: Leftovers\n|-heal|p2a: Primarina|278\/354|[from] item: Leftovers\n|upkeep\n|turn|23\n|\n|t:|1667480475\n|move|p1a: Jirachi|Iron Head|p2a: Primarina\n|-damage|p2a: Primarina|160\/354\n|move|p2a: Primarina|Scald|p1a: Jirachi\n|-damage|p1a: Jirachi|99\/404\n|\n|-heal|p1a: Jirachi|124\/404|[from] item: Leftovers\n|-heal|p2a: Primarina|182\/354|[from] item: Leftovers\n|upkeep\n|turn|24\n|\n|t:|1667480484\n|switch|p2a: Moltres|Moltres|384\/384\n|move|p1a: Jirachi|Iron Head|p2a: Moltres\n|-resisted|p2a: Moltres\n|-damage|p2a: Moltres|337\/384\n|\n|-heal|p1a: Jirachi|149\/404|[from] item: Leftovers\n|upkeep\n|turn|25\n|\n|t:|1667480487\n|move|p1a: Jirachi|Substitute|p1a: Jirachi\n|-start|p1a: Jirachi|Substitute\n|-damage|p1a: Jirachi|48\/404\n|move|p2a: Moltres|Mystical Fire|p1a: Jirachi\n|-supereffective|p1a: Jirachi\n|-end|p1a: Jirachi|Substitute\n|\n|-heal|p1a: Jirachi|73\/404|[from] item: Leftovers\n|upkeep\n|turn|26\n|\n|t:|1667480497\n|switch|p1a: Salamence|Salamence, M|331\/331\n|-ability|p1a: Salamence|Intimidate|boost\n|-unboost|p2a: Moltres|atk|1\n|move|p2a: Moltres|Mystical Fire|p1a: Salamence\n|-resisted|p1a: Salamence\n|-damage|p1a: Salamence|271\/331\n|-unboost|p1a: Salamence|spa|1\n|\n|upkeep\n|turn|27\n|\n|t:|1667480506\n|move|p1a: Salamence|Draco Meteor|p2a: Moltres\n|-damage|p2a: Moltres|169\/384\n|-unboost|p1a: Salamence|spa|2\n|move|p2a: Moltres|Toxic|p1a: Salamence\n|-status|p1a: Salamence|tox\n|\n|-damage|p1a: Salamence|251\/331 tox|[from] psn\n|upkeep\n|turn|28\n|\n|t:|1667480515\n|switch|p1a: Jirachi|Jirachi|73\/404\n|move|p2a: Moltres|Roost|p2a: Moltres\n|-heal|p2a: Moltres|361\/384\n|-singleturn|p2a: Moltres|move: Roost\n|\n|-heal|p1a: Jirachi|98\/404|[from] item: Leftovers\n|upkeep\n|turn|29\n|\n|t:|1667480519\n|switch|p1a: Hydreigon|Hydreigon, M|260\/326\n|move|p2a: Moltres|Mystical Fire|p1a: Hydreigon\n|-resisted|p1a: Hydreigon\n|-damage|p1a: Hydreigon|206\/326\n|-unboost|p1a: Hydreigon|spa|1\n|\n|upkeep\n|turn|30\n|\n|t:|1667480525\n|switch|p2a: Mandibuzz|Mandibuzz, F|201\/423\n|move|p1a: Hydreigon|Dark Pulse|p2a: Mandibuzz\n|-resisted|p2a: Mandibuzz\n|-damage|p2a: Mandibuzz|157\/423\n|\n|upkeep\n|turn|31\n|\n|t:|1667480530\n|switch|p1a: Jirachi|Jirachi|98\/404\n|move|p2a: Mandibuzz|Roost|p2a: Mandibuzz\n|-heal|p2a: Mandibuzz|369\/423\n|-singleturn|p2a: Mandibuzz|move: Roost\n|\n|-heal|p1a: Jirachi|123\/404|[from] item: Leftovers\n|upkeep\n|turn|32\n|\n|t:|1667480534\n|move|p1a: Jirachi|Toxic|p2a: Mandibuzz\n|-status|p2a: Mandibuzz|tox\n|move|p2a: Mandibuzz|Foul Play|p1a: Jirachi\n|-supereffective|p1a: Jirachi\n|-damage|p1a: Jirachi|0 fnt\n|faint|p1a: Jirachi\n|\n|-damage|p2a: Mandibuzz|343\/423 tox|[from] psn\n|upkeep\n|\n|t:|1667480536\n|switch|p1a: Salamence|Salamence, M|251\/331 tox\n|-ability|p1a: Salamence|Intimidate|boost\n|-unboost|p2a: Mandibuzz|atk|1\n|turn|33\n|\n|t:|1667480543\n|move|p1a: Salamence|Flamethrower|p2a: Mandibuzz\n|-damage|p2a: Mandibuzz|247\/423 tox\n|move|p2a: Mandibuzz|Foul Play|p1a: Salamence\n|-damage|p1a: Salamence|118\/331 tox\n|\n|-damage|p1a: Salamence|98\/331 tox|[from] psn\n|-damage|p2a: Mandibuzz|195\/423 tox|[from] psn\n|upkeep\n|turn|34\n|\n|t:|1667480549\n|move|p1a: Salamence|Draco Meteor|p2a: Mandibuzz|[miss]\n|-miss|p1a: Salamence|p2a: Mandibuzz\n|move|p2a: Mandibuzz|U-turn|p1a: Salamence\n|-resisted|p1a: Salamence\n|-damage|p1a: Salamence|86\/331 tox\n|\n|t:|1667480559\n|switch|p2a: Slowking|Slowking, F|393\/393\n|\n|-damage|p1a: Salamence|46\/331 tox|[from] psn\n|upkeep\n|turn|35\n|\n|t:|1667480564\n|move|p1a: Salamence|Roost|p1a: Salamence\n|-heal|p1a: Salamence|212\/331 tox\n|-singleturn|p1a: Salamence|move: Roost\n|move|p2a: Slowking|Scald|p1a: Salamence\n|-resisted|p1a: Salamence\n|-damage|p1a: Salamence|152\/331 tox\n|\n|-damage|p1a: Salamence|92\/331 tox|[from] psn\n|upkeep\n|turn|36\n|\n|t:|1667480567\n|switch|p1a: Hydreigon|Hydreigon, M|206\/326\n|move|p2a: Slowking|Psyshock|p1a: Hydreigon\n|-immune|p1a: Hydreigon\n|\n|upkeep\n|turn|37\n|\n|t:|1667480571\n|switch|p2a: Primarina|Primarina, M|182\/354\n|move|p1a: Hydreigon|Dark Pulse|p2a: Primarina\n|-resisted|p2a: Primarina\n|-damage|p2a: Primarina|122\/354\n|\n|-heal|p2a: Primarina|144\/354|[from] item: Leftovers\n|upkeep\n|turn|38\n|\n|t:|1667480576\n|switch|p1a: Salamence|Salamence, M|92\/331 tox\n|-ability|p1a: Salamence|Intimidate|boost\n|-unboost|p2a: Primarina|atk|1\n|move|p2a: Primarina|Moonblast|p1a: Salamence\n|-supereffective|p1a: Salamence\n|-damage|p1a: Salamence|0 fnt\n|faint|p1a: Salamence\n|\n|-heal|p2a: Primarina|166\/354|[from] item: Leftovers\n|upkeep\n|j| WHKW10086\n|\n|t:|1667480578\n|switch|p1a: Hydreigon|Hydreigon, M|206\/326\n|turn|39\n|c|\u2606yokobaby|gg\n|l| WHKW10086\n|\n|t:|1667480585\n|move|p1a: Hydreigon|U-turn|p2a: Primarina\n|-resisted|p2a: Primarina\n|-damage|p2a: Primarina|136\/354\n|move|p2a: Primarina|Moonblast|p1a: Hydreigon\n|-supereffective|p1a: Hydreigon\n|-damage|p1a: Hydreigon|0 fnt\n|faint|p1a: Hydreigon\n|\n|win|yokobaby\n|n|\u2606wlgzwlgz|wlgzwlgz\n|n|\u2606yokobaby|yokobaby\n|n| jianzhang106\u8230\u957f|jianzhang106\n","uploadtime":1667480586,"views":9,"p1id":"wlgzwlgz","p2id":"yokobaby","formatid":"gen8battlefactory","rating":0,"private":0,"password":null}