{"id":"gen8randombattle-1549507285","p1":"beastyj157","p2":"Micael Lopes","format":"gen8randombattle","log":"|j|\u2606beastyj157\n|j|\u2606Micael Lopes\n|t:|1649496573\n|gametype|singles\n|player|p1|beastyj157|skierf|1790\n|player|p2|Micael Lopes|benga|1816\n|teamsize|p1|6\n|teamsize|p2|6\n|gen|8\n|tier|[Gen 8] Random Battle\n|rated|\n|rule|Species Clause: Limit one of each Pok\u00e9mon\n|rule|HP Percentage Mod: HP is shown in percentages\n|rule|Sleep Clause Mod: Limit one foe put to sleep\n|\n|t:|1649496573\n|start\n|switch|p1a: Skarmory|Skarmory, L80, M|235\/235\n|switch|p2a: Mr. Rime|Mr. Rime, L86, F|278\/278\n|turn|1\n|inactive|Battle timer is ON: inactive players will automatically lose when time's up. (requested by beastyj157)\n|\n|t:|1649496588\n|move|p2a: Mr. Rime|Freeze-Dry|p1a: Skarmory\n|-damage|p1a: Skarmory|129\/235\n|-status|p1a: Skarmory|frz\n|cant|p1a: Skarmory|frz\n|\n|-heal|p1a: Skarmory|143\/235 frz|[from] item: Leftovers\n|upkeep\n|turn|2\n|\n|t:|1649496597\n|switch|p2a: Bronzong|Bronzong, L82|244\/244\n|switch|p1a: Flareon|Flareon, L86, M|251\/251\n|\n|-status|p1a: Flareon|tox|[from] item: Toxic Orb\n|upkeep\n|turn|3\n|\n|t:|1649496603\n|move|p2a: Bronzong|Protect|p2a: Bronzong\n|-singleturn|p2a: Bronzong|Protect\n|move|p1a: Flareon|Flare Blitz|p2a: Bronzong\n|-activate|p2a: Bronzong|move: Protect\n|\n|-damage|p1a: Flareon|236\/251 tox|[from] psn\n|upkeep\n|turn|4\n|\n|t:|1649496607\n|switch|p2a: Zygarde|Zygarde, L70|267\/267\n|move|p1a: Flareon|Flare Blitz|p2a: Zygarde\n|-resisted|p2a: Zygarde\n|-damage|p2a: Zygarde|149\/267\n|-status|p2a: Zygarde|brn\n|-damage|p1a: Flareon|197\/251 tox|[from] Recoil\n|\n|-heal|p2a: Zygarde|165\/267 brn|[from] item: Leftovers\n|-damage|p1a: Flareon|167\/251 tox|[from] psn\n|-damage|p2a: Zygarde|149\/267 brn|[from] brn\n|upkeep\n|turn|5\n|\n|t:|1649496619\n|switch|p1a: Decidueye|Decidueye, L86, F|274\/274\n|move|p2a: Zygarde|Thousand Arrows|p1a: Decidueye\n|-resisted|p1a: Decidueye\n|-damage|p1a: Decidueye|255\/274\n|\n|-heal|p2a: Zygarde|165\/267 brn|[from] item: Leftovers\n|-damage|p2a: Zygarde|149\/267 brn|[from] brn\n|upkeep\n|turn|6\n|\n|t:|1649496623\n|switch|p2a: Drapion|Drapion, L82, M|249\/249\n|move|p1a: Decidueye|Swords Dance|p1a: Decidueye\n|-boost|p1a: Decidueye|atk|2\n|\n|upkeep\n|turn|7\n|\n|t:|1649496641\n|switch|p1a: Skarmory|Skarmory, L80, M|143\/235 frz\n|move|p2a: Drapion|Knock Off|p1a: Skarmory\n|-damage|p1a: Skarmory|53\/235 frz\n|-enditem|p1a: Skarmory|Leftovers|[from] move: Knock Off|[of] p2a: Drapion\n|-damage|p2a: Drapion|225\/249|[from] item: Life Orb\n|\n|upkeep\n|turn|8\n|\n|t:|1649496646\n|switch|p2a: Bronzong|Bronzong, L82|244\/244\n|cant|p1a: Skarmory|frz\n|\n|upkeep\n|turn|9\n|\n|t:|1649496648\n|cant|p1a: Skarmory|frz\n|move|p2a: Bronzong|Stealth Rock|p1a: Skarmory\n|-sidestart|p1: beastyj157|move: Stealth Rock\n|\n|upkeep\n|turn|10\n|\n|t:|1649496652\n|switch|p2a: Mr. Rime|Mr. Rime, L86, F|278\/278\n|cant|p1a: Skarmory|frz\n|\n|upkeep\n|turn|11\n|\n|t:|1649496654\n|move|p2a: Mr. Rime|Rapid Spin|p1a: Skarmory\n|-resisted|p1a: Skarmory\n|-damage|p1a: Skarmory|41\/235 frz\n|-boost|p2a: Mr. Rime|spe|1\n|cant|p1a: Skarmory|frz\n|\n|upkeep\n|turn|12\n|c|\u2606beastyj157|OMG\n|\n|t:|1649496661\n|move|p2a: Mr. Rime|Freeze-Dry|p1a: Skarmory\n|-damage|p1a: Skarmory|0 fnt\n|faint|p1a: Skarmory\n|\n|upkeep\n|\n|t:|1649496676\n|switch|p1a: Flareon|Flareon, L86, M|167\/251 tox\n|-damage|p1a: Flareon|105\/251 tox|[from] Stealth Rock\n|turn|13\n|\n|t:|1649496684\n|-start|p2a: Mr. Rime|Dynamax|\n|-heal|p2a: Mr. Rime|556\/556|[silent]\n|move|p2a: Mr. Rime|Max Mindstorm|p1a: Flareon\n|-damage|p1a: Flareon|0 fnt\n|-fieldstart|move: Psychic Terrain\n|faint|p1a: Flareon\n|\n|upkeep\n|\n|t:|1649496692\n|switch|p1a: Decidueye|Decidueye, L86, F|255\/274\n|-damage|p1a: Decidueye|221\/274|[from] Stealth Rock\n|turn|14\n|\n|t:|1649496696\n|-start|p1a: Decidueye|Dynamax|\n|-heal|p1a: Decidueye|442\/548|[silent]\n|move|p2a: Mr. Rime|Max Hailstorm|p1a: Decidueye\n|-supereffective|p1a: Decidueye\n|-damage|p1a: Decidueye|196\/548\n|-weather|Hail\n|move|p1a: Decidueye|Max Phantasm|p2a: Mr. Rime\n|-supereffective|p2a: Mr. Rime\n|-damage|p2a: Mr. Rime|190\/556\n|-unboost|p2a: Mr. Rime|def|1\n|\n|-weather|Hail|[upkeep]\n|-damage|p1a: Decidueye|179\/548|[from] Hail\n|upkeep\n|turn|15\n|\n|t:|1649496708\n|move|p1a: Decidueye|Max Guard|p1a: Decidueye\n|-singleturn|p1a: Decidueye|Max Guard\n|move|p2a: Mr. Rime|Max Mindstorm|p1a: Decidueye\n|-activate|p1a: Decidueye|move: Max Guard\n|\n|-weather|Hail|[upkeep]\n|-damage|p1a: Decidueye|162\/548|[from] Hail\n|-end|p2a: Mr. Rime|Dynamax\n|-heal|p2a: Mr. Rime|95\/278|[silent]\n|upkeep\n|turn|16\n|\n|t:|1649496721\n|move|p2a: Mr. Rime|Psychic|p1a: Decidueye\n|-damage|p1a: Decidueye|32\/548\n|move|p1a: Decidueye|Max Phantasm|p2a: Mr. Rime\n|-supereffective|p2a: Mr. Rime\n|-damage|p2a: Mr. Rime|0 fnt\n|faint|p2a: Mr. Rime\n|\n|-weather|Hail|[upkeep]\n|-damage|p1a: Decidueye|15\/548|[from] Hail\n|-end|p1a: Decidueye|Dynamax\n|-heal|p1a: Decidueye|8\/274|[silent]\n|upkeep\n|\n|t:|1649496730\n|switch|p2a: Sandaconda|Sandaconda, L84, M|258\/258\n|turn|17\n|\n|t:|1649496734\n|move|p1a: Decidueye|Leaf Blade|p2a: Sandaconda\n|-supereffective|p2a: Sandaconda\n|-damage|p2a: Sandaconda|16\/258\n|move|p2a: Sandaconda|Earthquake|p1a: Decidueye\n|-resisted|p1a: Decidueye\n|-damage|p1a: Decidueye|0 fnt\n|faint|p1a: Decidueye\n|\n|-weather|Hail|[upkeep]\n|-damage|p2a: Sandaconda|0 fnt|[from] Hail\n|faint|p2a: Sandaconda\n|-fieldend|move: Psychic Terrain\n|upkeep\n|\n|t:|1649496746\n|switch|p1a: Aggron|Aggron, L85, F|258\/258\n|switch|p2a: Lycanroc|Lycanroc-Dusk, L80, M|251\/251\n|-damage|p1a: Aggron|242\/258|[from] Stealth Rock\n|-item|p1a: Aggron|Air Balloon\n|turn|18\n|\n|t:|1649496752\n|move|p2a: Lycanroc|Close Combat|p1a: Aggron\n|-supereffective|p1a: Aggron\n|-damage|p1a: Aggron|0 fnt\n|-unboost|p2a: Lycanroc|def|1\n|-unboost|p2a: Lycanroc|spd|1\n|-enditem|p1a: Aggron|Air Balloon\n|faint|p1a: Aggron\n|-damage|p2a: Lycanroc|226\/251|[from] item: Life Orb\n|\n|-weather|none\n|upkeep\n|\n|t:|1649496758\n|switch|p1a: Hitmonchan|Hitmonchan, L86, M|226\/226\n|-damage|p1a: Hitmonchan|212\/226|[from] Stealth Rock\n|turn|19\n|\n|t:|1649496763\n|switch|p2a: Bronzong|Bronzong, L82|244\/244\n|move|p1a: Hitmonchan|Rapid Spin|p2a: Bronzong\n|-resisted|p2a: Bronzong\n|-damage|p2a: Bronzong|228\/244\n|-boost|p1a: Hitmonchan|spe|1\n|-sideend|p1: beastyj157|Stealth Rock|[from] move: Rapid Spin|[of] p1a: Hitmonchan\n|\n|-heal|p1a: Hitmonchan|226\/226|[from] item: Leftovers\n|-heal|p2a: Bronzong|243\/244|[from] item: Leftovers\n|upkeep\n|turn|20\n|\n|t:|1649496775\n|move|p1a: Hitmonchan|Bulk Up|p1a: Hitmonchan\n|-boost|p1a: Hitmonchan|atk|1\n|-boost|p1a: Hitmonchan|def|1\n|move|p2a: Bronzong|Toxic|p1a: Hitmonchan\n|-status|p1a: Hitmonchan|tox\n|\n|-heal|p2a: Bronzong|244\/244|[from] item: Leftovers\n|-damage|p1a: Hitmonchan|212\/226 tox|[from] psn\n|upkeep\n|turn|21\n|\n|t:|1649496778\n|move|p2a: Bronzong|Protect|p2a: Bronzong\n|-singleturn|p2a: Bronzong|Protect\n|move|p1a: Hitmonchan|Bulk Up|p1a: Hitmonchan\n|-boost|p1a: Hitmonchan|atk|1\n|-boost|p1a: Hitmonchan|def|1\n|\n|-heal|p1a: Hitmonchan|226\/226 tox|[from] item: Leftovers\n|-damage|p1a: Hitmonchan|198\/226 tox|[from] psn\n|upkeep\n|turn|22\n|\n|t:|1649496782\n|move|p1a: Hitmonchan|Bulk Up|p1a: Hitmonchan\n|-boost|p1a: Hitmonchan|atk|1\n|-boost|p1a: Hitmonchan|def|1\n|move|p2a: Bronzong|Stealth Rock|p1a: Hitmonchan\n|-sidestart|p1: beastyj157|move: Stealth Rock\n|\n|-heal|p1a: Hitmonchan|212\/226 tox|[from] item: Leftovers\n|-damage|p1a: Hitmonchan|170\/226 tox|[from] psn\n|upkeep\n|turn|23\n|\n|t:|1649496785\n|move|p2a: Bronzong|Protect|p2a: Bronzong\n|-singleturn|p2a: Bronzong|Protect\n|move|p1a: Hitmonchan|Bulk Up|p1a: Hitmonchan\n|-boost|p1a: Hitmonchan|atk|1\n|-boost|p1a: Hitmonchan|def|1\n|\n|-heal|p1a: Hitmonchan|184\/226 tox|[from] item: Leftovers\n|-damage|p1a: Hitmonchan|128\/226 tox|[from] psn\n|upkeep\n|turn|24\n|\n|t:|1649496788\n|switch|p2a: Drapion|Drapion, L82, M|225\/249\n|move|p1a: Hitmonchan|Drain Punch|p2a: Drapion\n|-damage|p2a: Drapion|0 fnt\n|-heal|p1a: Hitmonchan|226\/226 tox|[from] drain|[of] p2a: Drapion\n|faint|p2a: Drapion\n|\n|-damage|p1a: Hitmonchan|156\/226 tox|[from] psn\n|upkeep\n|\n|t:|1649496792\n|switch|p2a: Bronzong|Bronzong, L82|244\/244\n|turn|25\n|\n|t:|1649496795\n|move|p1a: Hitmonchan|Bulk Up|p1a: Hitmonchan\n|-boost|p1a: Hitmonchan|atk|1\n|-boost|p1a: Hitmonchan|def|1\n|move|p2a: Bronzong|Iron Head|p1a: Hitmonchan\n|-damage|p1a: Hitmonchan|132\/226 tox\n|\n|-heal|p1a: Hitmonchan|146\/226 tox|[from] item: Leftovers\n|-damage|p1a: Hitmonchan|62\/226 tox|[from] psn\n|upkeep\n|turn|26\n|\n|t:|1649496799\n|move|p2a: Bronzong|Protect|p2a: Bronzong\n|-singleturn|p2a: Bronzong|Protect\n|move|p1a: Hitmonchan|Drain Punch|p2a: Bronzong\n|-activate|p2a: Bronzong|move: Protect\n|\n|-heal|p1a: Hitmonchan|76\/226 tox|[from] item: Leftovers\n|-damage|p1a: Hitmonchan|0 fnt|[from] psn\n|faint|p1a: Hitmonchan\n|upkeep\n|\n|t:|1649496801\n|switch|p1a: Appletun|Appletun, L90, F|344\/344\n|-damage|p1a: Appletun|301\/344|[from] Stealth Rock\n|turn|27\n|-message|beastyj157 forfeited.\n|\n|win|Micael Lopes\n|raw|beastyj157's rating: 1790 &rarr; <strong>1771<\/strong><br \/>(-19 for losing)\n|raw|Micael Lopes's rating: 1816 &rarr; <strong>1835<\/strong><br \/>(+19 for winning)\n|l|\u2606beastyj157\n|c|\u2606Micael Lopes|**Sexy game.**\n||Ladder isn't responding, score probably updated but might not have (Request timeout).\n","inputlog":">version 0162639e2be10fee1f1935f037788d778e37d0f7\n>start {\"formatid\":\"gen8randombattle\",\"seed\":[39082,55489,15023,41716],\"rated\":\"Rated battle\"}\n>player p1 {\"name\":\"beastyj157\",\"avatar\":\"skierf\",\"rating\":1790,\"seed\":[63852,26766,61040,58970]}\n>player p2 {\"name\":\"Micael Lopes\",\"avatar\":\"benga\",\"rating\":1816,\"seed\":[58874,46445,63515,47043]}\n>p1 move stealthrock\n>p2 move freezedry\n>p1 switch 6\n>p2 switch 4\n>p1 move flareblitz\n>p2 move protect\n>p1 move flareblitz\n>p2 switch 6\n>p1 switch 2\n>p2 move thousandarrows\n>p1 move swordsdance\n>p2 switch 5\n>p1 switch 6\n>p2 move knockoff\n>p1 move roost\n>p2 switch 6\n>p1 move roost\n>p2 move stealthrock\n>p1 move roost\n>p2 switch 4\n>p1 move roost\n>p2 move rapidspin\n>chat \u2606beastyj157|OMG\n>p1 move roost\n>p2 move freezedry\n>p1 switch 2\n>p1 move flareblitz\n>p2 move psychic dynamax\n>p1 switch 6\n>p1 move poltergeist dynamax\n>p2 move freezedry dynamax\n>p1 move swordsdance dynamax\n>p2 move psychic dynamax\n>p1 move poltergeist dynamax\n>p2 move psychic\n>p2 switch 2\n>p1 move leafblade\n>p2 move earthquake\n>p1 switch 3\n>p2 switch 3\n>p1 move rockpolish\n>p2 move closecombat\n>p1 switch 4\n>p1 move rapidspin\n>p2 switch 4\n>p1 move bulkup\n>p2 move toxic\n>p1 move bulkup\n>p2 move protect\n>p1 move bulkup\n>p2 move stealthrock\n>p1 move bulkup\n>p2 move protect\n>p1 move drainpunch\n>p2 switch 6\n>p2 switch 6\n>p1 move bulkup\n>p2 move ironhead\n>p1 move drainpunch\n>p2 move protect\n>p1 switch 5\n>forcelose p1","uploadtime":1649497014,"views":7,"p1id":"beastyj157","p2id":"micaellopes","formatid":"gen8randombattle","rating":1771,"private":0,"password":null}