{"id":"gen8randombattle-1373240931","p1":"Pokefreak77","p2":"saltyseahag69","format":"gen8randombattle","log":"|j|\u2606Pokefreak77\n|j|\u2606saltyseahag69\n|t:|1625788021\n|gametype|singles\n|player|p1|Pokefreak77|102|1916\n|player|p2|saltyseahag69|birdkeeper-gen2|1869\n|teamsize|p1|6\n|teamsize|p2|6\n|gen|8\n|tier|[Gen 8] Random Battle\n|rated|\n|rule|Species Clause: Limit one of each Pok\u00e9mon\n|rule|HP Percentage Mod: HP is shown in percentages\n|rule|Sleep Clause Mod: Limit one foe put to sleep\n|\n|t:|1625788021\n|start\n|switch|p1a: Vespiquen|Vespiquen, L96, F|290\/290\n|switch|p2a: Cofagrigus|Cofagrigus, L86, F|240\/240\n|-ability|p1a: Vespiquen|Pressure\n|turn|1\n|inactive|Battle timer is ON: inactive players will automatically lose when time's up. (requested by saltyseahag69)\n|\n|t:|1625788035\n|switch|p2a: Tornadus|Tornadus-Therian, L78, M|251\/251\n|move|p1a: Vespiquen|Toxic|p2a: Tornadus\n|-status|p2a: Tornadus|tox\n|\n|-damage|p2a: Tornadus|236\/251 tox|[from] psn\n|upkeep\n|turn|2\n|\n|t:|1625788051\n|move|p2a: Tornadus|U-turn|p1a: Vespiquen\n|-resisted|p1a: Vespiquen\n|-damage|p1a: Vespiquen|272\/290\n|\n|t:|1625788054\n|switch|p2a: Cofagrigus|Cofagrigus, L86, F|240\/240\n|move|p1a: Vespiquen|U-turn|p2a: Cofagrigus\n|-resisted|p2a: Cofagrigus\n|-damage|p2a: Cofagrigus|210\/240\n|-activate|p2a: Cofagrigus|ability: Mummy|Pressure|[of] p1a: Vespiquen\n|\n|t:|1625788059\n|switch|p1a: Tapu Fini|Tapu Fini, L78|237\/237\n|-fieldstart|move: Misty Terrain|[from] ability: Misty Surge|[of] p1a: Tapu Fini\n|\n|-heal|p2a: Cofagrigus|225\/240|[from] item: Leftovers\n|upkeep\n|turn|3\n|\n|t:|1625788067\n|switch|p2a: Vikavolt|Vikavolt, L82, M|260\/260\n|move|p1a: Tapu Fini|Taunt|p2a: Vikavolt\n|-start|p2a: Vikavolt|move: Taunt\n|\n|upkeep\n|turn|4\n|\n|t:|1625788076\n|move|p1a: Tapu Fini|Calm Mind|p1a: Tapu Fini\n|-boost|p1a: Tapu Fini|spa|1\n|-boost|p1a: Tapu Fini|spd|1\n|move|p2a: Vikavolt|Volt Switch|p1a: Tapu Fini\n|-supereffective|p1a: Tapu Fini\n|-damage|p1a: Tapu Fini|135\/237\n|\n|t:|1625788080\n|switch|p2a: Scolipede|Scolipede, L80, F|227\/227\n|\n|-heal|p1a: Tapu Fini|149\/237|[from] item: Leftovers\n|upkeep\n|turn|5\n|\n|t:|1625788104\n|move|p2a: Scolipede|Poison Jab|p1a: Tapu Fini\n|-supereffective|p1a: Tapu Fini\n|-damage|p1a: Tapu Fini|0 fnt\n|faint|p1a: Tapu Fini\n|-damage|p2a: Scolipede|205\/227|[from] item: Life Orb\n|\n|-ability|p2a: Scolipede|Speed Boost|boost\n|-boost|p2a: Scolipede|spe|1\n|upkeep\n|\n|t:|1625788112\n|switch|p1a: Froslass|Froslass, L84, F|255\/255\n|turn|6\n|\n|t:|1625788130\n|move|p2a: Scolipede|Swords Dance|p2a: Scolipede\n|-boost|p2a: Scolipede|atk|2\n|move|p1a: Froslass|Will-O-Wisp|p2a: Scolipede\n|-activate|p2a: Scolipede|move: Misty Terrain\n|\n|-fieldend|Misty Terrain\n|-ability|p2a: Scolipede|Speed Boost|boost\n|-boost|p2a: Scolipede|spe|1\n|upkeep\n|turn|7\n|-message|Pokefreak77 forfeited.\n|\n|win|saltyseahag69\n|l|\u2606Pokefreak77\n|raw|Pokefreak77's rating: 1916 &rarr; <strong>1893<\/strong><br \/>(-23 for losing)\n|raw|saltyseahag69's rating: 1869 &rarr; <strong>1892<\/strong><br \/>(+23 for winning)\n","inputlog":">version 6a833db4f60ea2783d72eec4b0c9a95740f655da\n>start {\"formatid\":\"gen8randombattle\",\"seed\":[21717,14631,5357,16746],\"rated\":\"Rated battle\"}\n>player p1 {\"name\":\"Pokefreak77\",\"avatar\":\"102\",\"rating\":1916,\"seed\":[58452,5911,46228,24639]}\n>player p2 {\"name\":\"saltyseahag69\",\"avatar\":\"birdkeeper-gen2\",\"rating\":1869,\"seed\":[56380,61498,16600,46423]}\n>p1 move toxic\n>p2 switch 3\n>p1 move uturn\n>p2 move uturn\n>p2 switch 3\n>p1 switch 4\n>p1 move taunt\n>p2 switch 5\n>p1 move calmmind\n>p2 move voltswitch\n>p2 switch 6\n>p1 move surf\n>p2 move poisonjab\n>p1 switch 6\n>p1 move willowisp\n>p2 move swordsdance\n>forcelose p1","uploadtime":1625788140,"views":8,"p1id":"pokefreak77","p2id":"saltyseahag69","formatid":"gen8randombattle","rating":1892,"private":0,"password":null}