{"id":"gen8nationaldex-1660395970","p1":"darkman64","p2":"jasperSDx","format":"gen8nationaldex","log":"|j|\u2606darkman64\n|j|\u2606jasperSDx\n|t:|1662764488\n|gametype|singles\n|player|p1|darkman64|juan|\n|player|p2|jasperSDx|102|\n|teamsize|p1|6\n|teamsize|p2|6\n|gen|8\n|tier|[Gen 8] National Dex\n|rule|HP Percentage Mod: HP is shown in percentages\n|rule|Endless Battle Clause: Forcing endless battles is banned\n|rule|OHKO Clause: OHKO moves are banned\n|rule|Evasion Moves Clause: Evasion moves are banned\n|rule|Species Clause: Limit one of each Pok\u00e9mon\n|rule|Dynamax Clause: You cannot dynamax\n|rule|Sleep Clause Mod: Limit one foe put to sleep\n|clearpoke\n|poke|p1|Volcanion|\n|poke|p1|Appletun, M|\n|poke|p1|Aggron, M|\n|poke|p1|Roserade, M|\n|poke|p1|Mamoswine, F|\n|poke|p1|Wigglytuff, F|\n|poke|p2|Meganium, M|\n|poke|p2|Glalie, M|\n|poke|p2|Registeel|\n|poke|p2|Muk, M|\n|poke|p2|Vikavolt, F|\n|poke|p2|Cursola, M|\n|teampreview\n|c|\u2606jasperSDx|valiendo queso\n|\n|t:|1662764510\n|start\n|switch|p1a: Mamoswine|Mamoswine, F|100\/100\n|switch|p2a: Meganium|Meganium, M|100\/100\n|turn|1\n|\n|t:|1662764518\n|move|p1a: Mamoswine|Earthquake|p2a: Meganium\n|-resisted|p2a: Meganium\n|-damage|p2a: Meganium|65\/100\n|move|p2a: Meganium|Reflect|p2a: Meganium\n|-sidestart|p2: jasperSDx|Reflect\n|\n|upkeep\n|turn|2\n|\n|t:|1662764526\n|switch|p1a: Roserade|Roserade, M|100\/100\n|switch|p2a: Registeel|Registeel|100\/100\n|\n|upkeep\n|turn|3\n|\n|t:|1662764531\n|move|p1a: Roserade|Spikes|p2a: Registeel\n|-sidestart|p2: jasperSDx|Spikes\n|move|p2a: Registeel|Stealth Rock|p1a: Roserade\n|-sidestart|p1: darkman64|move: Stealth Rock\n|\n|upkeep\n|turn|4\n|\n|t:|1662764538\n|switch|p2a: Muk|Muk, M|100\/100\n|-damage|p2a: Muk|88\/100|[from] Spikes\n|move|p1a: Roserade|Spikes|p2a: Muk\n|-sidestart|p2: jasperSDx|Spikes\n|\n|upkeep\n|turn|5\n|\n|t:|1662764543\n|switch|p1a: Aggron|Aggron, M|100\/100\n|-damage|p1a: Aggron|94\/100|[from] Stealth Rock\n|move|p2a: Muk|Power-Up Punch|p1a: Aggron\n|-supereffective|p1a: Aggron\n|-damage|p1a: Aggron|64\/100\n|-boost|p2a: Muk|atk|1\n|\n|upkeep\n|turn|6\n|\n|t:|1662764548\n|detailschange|p1a: Aggron|Aggron-Mega, M\n|-mega|p1a: Aggron|Aggron|Aggronite\n|move|p1a: Aggron|Iron Defense|p1a: Aggron\n|-boost|p1a: Aggron|def|2\n|move|p2a: Muk|Power-Up Punch|p1a: Aggron\n|-supereffective|p1a: Aggron\n|-damage|p1a: Aggron|56\/100\n|-boost|p2a: Muk|atk|1\n|\n|upkeep\n|turn|7\n|\n|t:|1662764556\n|switch|p2a: Cursola|Cursola, M|100\/100\n|-damage|p2a: Cursola|84\/100|[from] Spikes\n|move|p1a: Aggron|Iron Defense|p1a: Aggron\n|-boost|p1a: Aggron|def|2\n|\n|-heal|p2a: Cursola|90\/100|[from] item: Leftovers\n|upkeep\n|turn|8\n|\n|t:|1662764559\n|move|p1a: Aggron|Stealth Rock|p2a: Cursola\n|-sidestart|p2: jasperSDx|move: Stealth Rock\n|move|p2a: Cursola|Shadow Ball|p1a: Aggron\n|-damage|p1a: Aggron|18\/100\n|\n|-heal|p2a: Cursola|96\/100|[from] item: Leftovers\n|-sideend|p2: jasperSDx|Reflect\n|upkeep\n|turn|9\n|\n|t:|1662764571\n|switch|p1a: Roserade|Roserade, M|100\/100\n|-damage|p1a: Roserade|88\/100|[from] Stealth Rock\n|move|p2a: Cursola|Shadow Ball|p1a: Roserade\n|-damage|p1a: Roserade|58\/100\n|\n|-heal|p1a: Roserade|64\/100|[from] item: Leftovers\n|-heal|p2a: Cursola|100\/100|[from] item: Leftovers\n|upkeep\n|turn|10\n|\n|t:|1662764581\n|move|p1a: Roserade|Giga Drain|p2a: Cursola\n|-damage|p2a: Cursola|73\/100\n|-heal|p1a: Roserade|77\/100|[from] drain|[of] p2a: Cursola\n|move|p2a: Cursola|Calm Mind|p2a: Cursola\n|-boost|p2a: Cursola|spa|1\n|-boost|p2a: Cursola|spd|1\n|\n|-heal|p1a: Roserade|84\/100|[from] item: Leftovers\n|-heal|p2a: Cursola|80\/100|[from] item: Leftovers\n|upkeep\n|turn|11\n|\n|t:|1662764590\n|move|p1a: Roserade|Giga Drain|p2a: Cursola\n|-damage|p2a: Cursola|61\/100\n|-heal|p1a: Roserade|93\/100|[from] drain|[of] p2a: Cursola\n|move|p2a: Cursola|Calm Mind|p2a: Cursola\n|-boost|p2a: Cursola|spa|1\n|-boost|p2a: Cursola|spd|1\n|\n|-heal|p1a: Roserade|99\/100|[from] item: Leftovers\n|-heal|p2a: Cursola|67\/100|[from] item: Leftovers\n|upkeep\n|turn|12\n|\n|t:|1662764594\n|switch|p1a: Aggron|Aggron-Mega, M|18\/100\n|-damage|p1a: Aggron|12\/100|[from] Stealth Rock\n|move|p2a: Cursola|Shadow Ball|p1a: Aggron\n|-damage|p1a: Aggron|0 fnt\n|faint|p1a: Aggron\n|\n|-heal|p2a: Cursola|73\/100|[from] item: Leftovers\n|upkeep\n|\n|t:|1662764598\n|switch|p1a: Mamoswine|Mamoswine, F|100\/100\n|-damage|p1a: Mamoswine|88\/100|[from] Stealth Rock\n|turn|13\n|\n|t:|1662764603\n|move|p1a: Mamoswine|Icicle Crash|p2a: Cursola|[miss]\n|-miss|p1a: Mamoswine|p2a: Cursola\n|move|p2a: Cursola|Giga Drain|p1a: Mamoswine\n|-supereffective|p1a: Mamoswine\n|-damage|p1a: Mamoswine|0 fnt\n|-heal|p2a: Cursola|100\/100|[from] drain|[of] p1a: Mamoswine\n|faint|p1a: Mamoswine\n|\n|upkeep\n|c|\u2606darkman64|tipo\n|c|\u2606darkman64|nah de locos la suerte\n|\n|t:|1662764626\n|switch|p1a: Appletun|Appletun, M|100\/100\n|-damage|p1a: Appletun|88\/100|[from] Stealth Rock\n|turn|14\n|\n|t:|1662764632\n|move|p2a: Cursola|Whirlpool|p1a: Appletun|[miss]\n|-miss|p2a: Cursola|p1a: Appletun\n|move|p1a: Appletun|Leech Seed|p2a: Cursola|[miss]\n|-miss|p1a: Appletun|p2a: Cursola\n|\n|-heal|p1a: Appletun|94\/100|[from] item: Leftovers\n|upkeep\n|turn|15\n|\n|t:|1662764636\n|move|p2a: Cursola|Whirlpool|p1a: Appletun|[miss]\n|-miss|p2a: Cursola|p1a: Appletun\n|move|p1a: Appletun|Leech Seed|p2a: Cursola\n|-start|p2a: Cursola|move: Leech Seed\n|\n|-heal|p1a: Appletun|99\/100|[from] item: Leftovers\n|-damage|p2a: Cursola|88\/100|[from] Leech Seed|[of] p1a: Appletun\n|-heal|p1a: Appletun|100\/100|[silent]\n|upkeep\n|turn|16\n|\n|t:|1662764644\n|move|p2a: Cursola|Whirlpool|p1a: Appletun\n|-resisted|p1a: Appletun\n|-crit|p1a: Appletun\n|-damage|p1a: Appletun|93\/100\n|-activate|p1a: Appletun|move: Whirlpool|[of] p2a: Cursola\n|move|p1a: Appletun|Apple Acid|p2a: Cursola\n|-damage|p2a: Cursola|77\/100\n|-unboost|p2a: Cursola|spd|1\n|\n|-heal|p2a: Cursola|83\/100|[from] item: Leftovers\n|-heal|p1a: Appletun|99\/100|[from] item: Leftovers\n|-damage|p2a: Cursola|71\/100|[from] Leech Seed|[of] p1a: Appletun\n|-heal|p1a: Appletun|100\/100|[silent]\n|-damage|p1a: Appletun|88\/100|[from] move: Whirlpool|[partiallytrapped]\n|upkeep\n|turn|17\n|\n|t:|1662764649\n|move|p2a: Cursola|Shadow Ball|p1a: Appletun\n|-damage|p1a: Appletun|30\/100\n|move|p1a: Appletun|Apple Acid|p2a: Cursola\n|-damage|p2a: Cursola|55\/100\n|-unboost|p2a: Cursola|spd|1\n|\n|-heal|p2a: Cursola|61\/100|[from] item: Leftovers\n|-heal|p1a: Appletun|36\/100|[from] item: Leftovers\n|-damage|p2a: Cursola|49\/100|[from] Leech Seed|[of] p1a: Appletun\n|-heal|p1a: Appletun|45\/100|[silent]\n|-damage|p1a: Appletun|33\/100|[from] move: Whirlpool|[partiallytrapped]\n|upkeep\n|turn|18\n|\n|t:|1662764655\n|move|p2a: Cursola|Shadow Ball|p1a: Appletun\n|-damage|p1a: Appletun|0 fnt\n|faint|p1a: Appletun\n|\n|-heal|p2a: Cursola|55\/100|[from] item: Leftovers\n|upkeep\n|\n|t:|1662764661\n|switch|p1a: Volcanion|Volcanion|100\/100\n|turn|19\n|\n|t:|1662764668\n|move|p1a: Volcanion|Steam Eruption|p2a: Cursola\n|-damage|p2a: Cursola|16\/100\n|move|p2a: Cursola|Giga Drain|p1a: Volcanion\n|-damage|p1a: Volcanion|55\/100\n|-heal|p2a: Cursola|42\/100|[from] drain|[of] p1a: Volcanion\n|\n|-heal|p2a: Cursola|48\/100|[from] item: Leftovers\n|-damage|p2a: Cursola|35\/100|[from] Leech Seed|[of] p1a: Volcanion\n|-heal|p1a: Volcanion|66\/100|[silent]\n|upkeep\n|turn|20\n|\n|t:|1662764674\n|move|p1a: Volcanion|Steam Eruption|p2a: Cursola\n|-damage|p2a: Cursola|0 fnt\n|faint|p2a: Cursola\n|\n|upkeep\n|\n|t:|1662764680\n|switch|p2a: Muk|Muk, M|88\/100\n|-damage|p2a: Muk|72\/100|[from] Spikes\n|-damage|p2a: Muk|59\/100|[from] Stealth Rock\n|turn|21\n|\n|t:|1662764683\n|move|p2a: Muk|Shadow Sneak|p1a: Volcanion\n|-damage|p1a: Volcanion|55\/100\n|-status|p1a: Volcanion|psn|[from] ability: Poison Touch|[of] p2a: Muk\n|move|p1a: Volcanion|Will-O-Wisp|p2a: Muk\n|-status|p2a: Muk|brn\n|\n|-damage|p1a: Volcanion|43\/100 psn|[from] psn\n|-damage|p2a: Muk|53\/100 brn|[from] brn\n|upkeep\n|turn|22\n|\n|t:|1662764691\n|switch|p1a: Roserade|Roserade, M|99\/100\n|-damage|p1a: Roserade|87\/100|[from] Stealth Rock\n|move|p2a: Muk|Gunk Shot|p1a: Roserade|[miss]\n|-miss|p2a: Muk|p1a: Roserade\n|\n|-heal|p1a: Roserade|93\/100|[from] item: Leftovers\n|-damage|p2a: Muk|47\/100 brn|[from] brn\n|upkeep\n|turn|23\n|\n|t:|1662764700\n|move|p1a: Roserade|Aromatherapy|p1a: Roserade\n|-activate|p1a: Roserade|move: Aromatherapy\n|-curestatus|p1: Volcanion|psn|[msg]\n|move|p2a: Muk|Gunk Shot|p1a: Roserade\n|-damage|p1a: Roserade|52\/100\n|\n|-heal|p1a: Roserade|59\/100|[from] item: Leftovers\n|-damage|p2a: Muk|41\/100 brn|[from] brn\n|upkeep\n|turn|24\n|\n|t:|1662764706\n|move|p1a: Roserade|Giga Drain|p2a: Muk\n|-resisted|p2a: Muk\n|-damage|p2a: Muk|32\/100 brn\n|-heal|p1a: Roserade|64\/100|[from] drain|[of] p2a: Muk\n|move|p2a: Muk|Gunk Shot|p1a: Roserade\n|-damage|p1a: Roserade|19\/100\n|\n|-heal|p1a: Roserade|25\/100|[from] item: Leftovers\n|-damage|p2a: Muk|26\/100 brn|[from] brn\n|upkeep\n|turn|25\n|\n|t:|1662764714\n|move|p1a: Roserade|Synthesis|p1a: Roserade\n|-heal|p1a: Roserade|75\/100\n|move|p2a: Muk|Gunk Shot|p1a: Roserade\n|-damage|p1a: Roserade|33\/100\n|\n|-heal|p1a: Roserade|39\/100|[from] item: Leftovers\n|-damage|p2a: Muk|20\/100 brn|[from] brn\n|upkeep\n|turn|26\n|\n|t:|1662764721\n|switch|p2a: Meganium|Meganium, M|65\/100\n|-damage|p2a: Meganium|49\/100|[from] Spikes\n|-damage|p2a: Meganium|36\/100|[from] Stealth Rock\n|move|p1a: Roserade|Synthesis|p1a: Roserade\n|-heal|p1a: Roserade|89\/100\n|\n|-heal|p1a: Roserade|95\/100|[from] item: Leftovers\n|upkeep\n|turn|27\n|\n|t:|1662764725\n|move|p1a: Roserade|Spikes|p2a: Meganium\n|-sidestart|p2: jasperSDx|Spikes\n|move|p2a: Meganium|Light Screen|p2a: Meganium\n|-sidestart|p2: jasperSDx|move: Light Screen\n|\n|-heal|p1a: Roserade|100\/100|[from] item: Leftovers\n|upkeep\n|turn|28\n|\n|t:|1662764728\n|move|p1a: Roserade|Giga Drain|p2a: Meganium\n|-resisted|p2a: Meganium\n|-damage|p2a: Meganium|31\/100\n|move|p2a: Meganium|Reflect|p2a: Meganium\n|-sidestart|p2: jasperSDx|Reflect\n|\n|upkeep\n|turn|29\n|\n|t:|1662764733\n|switch|p2a: Vikavolt|Vikavolt, F|100\/100\n|-damage|p2a: Vikavolt|76\/100|[from] Stealth Rock\n|move|p1a: Roserade|Giga Drain|p2a: Vikavolt\n|-resisted|p2a: Vikavolt\n|-damage|p2a: Vikavolt|66\/100\n|\n|upkeep\n|turn|30\n|\n|t:|1662764741\n|switch|p1a: Wigglytuff|Wigglytuff, F|100\/100\n|-damage|p1a: Wigglytuff|88\/100|[from] Stealth Rock\n|-item|p2a: Vikavolt|Choice Specs|[from] ability: Frisk|[of] p1a: Wigglytuff|[identify]\n|move|p2a: Vikavolt|Bug Buzz|p1a: Wigglytuff\n|-resisted|p1a: Wigglytuff\n|-damage|p1a: Wigglytuff|33\/100\n|\n|upkeep\n|turn|31\n|\n|t:|1662764745\n|move|p1a: Wigglytuff|Misty Explosion|p2a: Vikavolt\n|-damage|p2a: Vikavolt|41\/100\n|faint|p1a: Wigglytuff\n|move|p2a: Vikavolt|Bug Buzz|p1: Wigglytuff|[notarget]\n|-fail|p2a: Vikavolt\n|\n|upkeep\n|\n|t:|1662764757\n|switch|p1a: Roserade|Roserade, M|100\/100\n|-damage|p1a: Roserade|88\/100|[from] Stealth Rock\n|turn|32\n|\n|t:|1662764762\n|move|p1a: Roserade|Synthesis|p1a: Roserade\n|-heal|p1a: Roserade|100\/100\n|move|p2a: Vikavolt|Bug Buzz|p1a: Roserade\n|-damage|p1a: Roserade|39\/100\n|\n|-heal|p1a: Roserade|46\/100|[from] item: Leftovers\n|upkeep\n|turn|33\n|\n|t:|1662764766\n|move|p1a: Roserade|Synthesis|p1a: Roserade\n|-heal|p1a: Roserade|96\/100\n|move|p2a: Vikavolt|Bug Buzz|p1a: Roserade\n|-damage|p1a: Roserade|35\/100\n|\n|-heal|p1a: Roserade|41\/100|[from] item: Leftovers\n|upkeep\n|turn|34\n|\n|t:|1662764770\n|move|p1a: Roserade|Synthesis|p1a: Roserade\n|-heal|p1a: Roserade|91\/100\n|move|p2a: Vikavolt|Bug Buzz|p1a: Roserade\n|-damage|p1a: Roserade|25\/100\n|\n|-heal|p1a: Roserade|32\/100|[from] item: Leftovers\n|-sideend|p2: jasperSDx|move: Light Screen\n|upkeep\n|turn|35\n|\n|t:|1662764778\n|switch|p2a: Muk|Muk, M|20\/100 brn\n|-damage|p2a: Muk|0 fnt|[from] Spikes\n|faint|p2a: Muk\n|move|p1a: Roserade|Giga Drain|p2: Muk|[notarget]\n|-fail|p1a: Roserade\n|\n|-heal|p1a: Roserade|38\/100|[from] item: Leftovers\n|-sideend|p2: jasperSDx|Reflect\n|upkeep\n|\n|t:|1662764781\n|switch|p2a: Meganium|Meganium, M|31\/100\n|-damage|p2a: Meganium|6\/100|[from] Spikes\n|-damage|p2a: Meganium|0 fnt|[from] Stealth Rock\n|faint|p2a: Meganium\n|\n|t:|1662764786\n|switch|p2a: Glalie|Glalie, M|100\/100\n|-damage|p2a: Glalie|76\/100|[from] Spikes\n|-damage|p2a: Glalie|51\/100|[from] Stealth Rock\n|turn|36\n|\n|t:|1662764792\n|detailschange|p2a: Glalie|Glalie-Mega, M\n|-mega|p2a: Glalie|Glalie|Glalitite\n|move|p2a: Glalie|Return|p1a: Roserade\n|-supereffective|p1a: Roserade\n|-damage|p1a: Roserade|0 fnt\n|faint|p1a: Roserade\n|\n|upkeep\n|\n|t:|1662764798\n|switch|p1a: Volcanion|Volcanion|43\/100\n|turn|37\n|\n|t:|1662764802\n|move|p2a: Glalie|Earthquake|p1a: Volcanion\n|-supereffective|p1a: Volcanion\n|-damage|p1a: Volcanion|0 fnt\n|faint|p1a: Volcanion\n|\n|win|jasperSDx\n","uploadtime":1662764809,"views":9,"p1id":"darkman64","p2id":"jaspersdx","formatid":"gen8nationaldex","rating":0,"private":0,"password":null}