{"id":"gen8ou-1700712099","p1":"Foolish Shogun","p2":"minimax_ai","format":"gen8ou","log":"|j|\u2606Foolish Shogun\n|j|\u203dminimax_ai\n|t:|1667372962\n|gametype|singles\n|player|p1|Foolish Shogun|ghetsis-gen5bw|1695\n|player|p2|minimax_ai|266|1634\n|teamsize|p1|6\n|teamsize|p2|6\n|gen|8\n|tier|[Gen 8] OU\n|rated|\n|rule|Sleep Clause Mod: Limit one foe put to sleep\n|rule|Species Clause: Limit one of each Pok\u00e9mon\n|rule|OHKO Clause: OHKO moves are banned\n|rule|Evasion Items Clause: Evasion items are banned\n|rule|Evasion Moves Clause: Evasion moves are banned\n|rule|Endless Battle Clause: Forcing endless battles is banned\n|rule|HP Percentage Mod: HP is shown in percentages\n|rule|Dynamax Clause: You cannot dynamax\n|clearpoke\n|poke|p1|Latios, M|\n|poke|p1|Landorus-Therian, M|\n|poke|p1|Nihilego|\n|poke|p1|Ferrothorn, F|\n|poke|p1|Melmetal|\n|poke|p1|Tapu Koko|\n|poke|p2|Rotom-Wash|\n|poke|p2|Weavile, M|\n|poke|p2|Landorus-Therian, M|\n|poke|p2|Heatran, M|\n|poke|p2|Tangrowth, F|\n|poke|p2|Melmetal|\n|teampreview\n|inactive|Battle timer is ON: inactive players will automatically lose when time's up. (requested by minimax_ai)\n|\n|t:|1667372989\n|start\n|switch|p1a: Ferrothorn|Ferrothorn, F|100\/100\n|switch|p2a: Landorus|Landorus-Therian, M|100\/100\n|-ability|p2a: Landorus|Intimidate|boost\n|-unboost|p1a: Ferrothorn|atk|1\n|turn|1\n|\n|t:|1667372994\n|move|p2a: Landorus|U-turn|p1a: Ferrothorn\n|-damage|p1a: Ferrothorn|87\/100\n|-damage|p2a: Landorus|88\/100|[from] ability: Iron Barbs|[of] p1a: Ferrothorn\n|\n|t:|1667372994\n|switch|p2a: Heatran|Heatran, M|100\/100|[from]move: U-turn\n|-item|p2a: Heatran|Air Balloon\n|move|p1a: Ferrothorn|Stealth Rock|p2a: Heatran\n|-sidestart|p2: minimax_ai|move: Stealth Rock\n|\n|upkeep\n|turn|2\n|\n|t:|1667373001\n|switch|p1a: Landorus|Landorus-Therian, M|100\/100\n|-ability|p1a: Landorus|Intimidate|boost\n|-unboost|p2a: Heatran|atk|1\n|move|p2a: Heatran|Eruption|p1a: Landorus\n|-damage|p1a: Landorus|44\/100\n|\n|-heal|p1a: Landorus|50\/100|[from] item: Leftovers\n|upkeep\n|turn|3\n|\n|t:|1667373021\n|move|p2a: Heatran|Eruption|p1a: Landorus\n|-damage|p1a: Landorus|0 fnt\n|faint|p1a: Landorus\n|\n|upkeep\n|\n|t:|1667373022\n|switch|p1a: Latios|Latios, M|100\/100\n|turn|4\n|j| LoveSplitPush\n|\n|t:|1667373027\n|move|p1a: Latios|Surf|p2a: Heatran\n|-supereffective|p2a: Heatran\n|-crit|p2a: Heatran\n|-damage|p2a: Heatran|0 fnt\n|-enditem|p2a: Heatran|Air Balloon\n|faint|p2a: Heatran\n|\n|upkeep\n|\n|t:|1667373028\n|switch|p2a: Melmetal|Melmetal|100\/100\n|-damage|p2a: Melmetal|94\/100|[from] Stealth Rock\n|turn|5\n|\n|t:|1667373034\n|switch|p1a: Ferrothorn|Ferrothorn, F|87\/100\n|move|p2a: Melmetal|Double Iron Bash|p1a: Ferrothorn\n|-resisted|p1a: Ferrothorn\n|-damage|p1a: Ferrothorn|76\/100\n|-damage|p2a: Melmetal|82\/100|[from] ability: Iron Barbs|[of] p1a: Ferrothorn\n|-resisted|p1a: Ferrothorn\n|-damage|p1a: Ferrothorn|65\/100\n|-damage|p2a: Melmetal|69\/100|[from] ability: Iron Barbs|[of] p1a: Ferrothorn\n|-hitcount|p1a: Ferrothorn|2\n|\n|upkeep\n|turn|6\n|\n|t:|1667373037\n|move|p2a: Melmetal|Ice Punch|p1a: Ferrothorn\n|-damage|p1a: Ferrothorn|46\/100\n|-damage|p2a: Melmetal|57\/100|[from] ability: Iron Barbs|[of] p1a: Ferrothorn\n|move|p1a: Ferrothorn|Leech Seed|p2a: Melmetal\n|-start|p2a: Melmetal|move: Leech Seed\n|\n|-damage|p2a: Melmetal|44\/100|[from] Leech Seed|[of] p1a: Ferrothorn\n|-heal|p1a: Ferrothorn|61\/100|[silent]\n|upkeep\n|turn|7\n|j| The Rum Tum Tugger\n|\n|t:|1667373040\n|switch|p2a: Landorus|Landorus-Therian, M|88\/100\n|-damage|p2a: Landorus|76\/100|[from] Stealth Rock\n|-ability|p2a: Landorus|Intimidate|boost\n|-unboost|p1a: Ferrothorn|atk|1\n|move|p1a: Ferrothorn|Leech Seed|p2a: Landorus|[miss]\n|-miss|p1a: Ferrothorn|p2a: Landorus\n|\n|-heal|p2a: Landorus|82\/100|[from] item: Leftovers\n|upkeep\n|turn|8\n|\n|t:|1667373044\n|move|p2a: Landorus|Defog|p1a: Ferrothorn\n|-unboost|p1a: Ferrothorn|evasion|1\n|-sideend|p2: minimax_ai|Stealth Rock|[from] move: Defog|[of] p2a: Landorus\n|move|p1a: Ferrothorn|Leech Seed|p2a: Landorus\n|-start|p2a: Landorus|move: Leech Seed\n|\n|-heal|p2a: Landorus|88\/100|[from] item: Leftovers\n|-damage|p2a: Landorus|76\/100|[from] Leech Seed|[of] p1a: Ferrothorn\n|-heal|p1a: Ferrothorn|75\/100|[silent]\n|upkeep\n|turn|9\n|\n|t:|1667373048\n|move|p2a: Landorus|U-turn|p1a: Ferrothorn\n|-damage|p1a: Ferrothorn|61\/100\n|-damage|p2a: Landorus|63\/100|[from] ability: Iron Barbs|[of] p1a: Ferrothorn\n|\n|t:|1667373048\n|switch|p2a: Tangrowth|Tangrowth, F|100\/100|[from]move: U-turn\n|move|p1a: Ferrothorn|Body Press|p2a: Tangrowth\n|-damage|p2a: Tangrowth|84\/100\n|-damage|p1a: Ferrothorn|44\/100|[from] item: Rocky Helmet|[of] p2a: Tangrowth\n|\n|upkeep\n|turn|10\n|\n|t:|1667373056\n|move|p2a: Tangrowth|Focus Blast|p1a: Ferrothorn\n|-supereffective|p1a: Ferrothorn\n|-damage|p1a: Ferrothorn|0 fnt\n|faint|p1a: Ferrothorn\n|\n|upkeep\n|\n|t:|1667373060\n|switch|p1a: Latios|Latios, M|100\/100\n|turn|11\n|\n|t:|1667373064\n|switch|p2a: Melmetal|Melmetal|44\/100\n|move|p1a: Latios|Mystical Fire|p2a: Melmetal\n|-supereffective|p2a: Melmetal\n|-damage|p2a: Melmetal|1\/100\n|-unboost|p2a: Melmetal|spa|1\n|\n|upkeep\n|turn|12\n|j| anarc0\n|\n|t:|1667373066\n|switch|p2a: Landorus|Landorus-Therian, M|63\/100\n|-ability|p2a: Landorus|Intimidate|boost\n|-unboost|p1a: Latios|atk|1\n|move|p1a: Latios|Mystical Fire|p2a: Landorus\n|-damage|p2a: Landorus|35\/100\n|-unboost|p2a: Landorus|spa|1\n|\n|-heal|p2a: Landorus|41\/100|[from] item: Leftovers\n|upkeep\n|turn|13\n|\n|t:|1667373078\n|move|p1a: Latios|Mystical Fire|p2a: Landorus\n|-damage|p2a: Landorus|10\/100\n|-unboost|p2a: Landorus|spa|1\n|move|p2a: Landorus|Toxic|p1a: Latios\n|-status|p1a: Latios|tox\n|\n|-heal|p2a: Landorus|16\/100|[from] item: Leftovers\n|-damage|p1a: Latios|95\/100 tox|[from] psn\n|upkeep\n|turn|14\n|\n|t:|1667373081\n|switch|p2a: Rotom|Rotom-Wash|100\/100\n|move|p1a: Latios|Mystical Fire|p2a: Rotom\n|-resisted|p2a: Rotom\n|-damage|p2a: Rotom|78\/100\n|-unboost|p2a: Rotom|spa|1\n|\n|-heal|p2a: Rotom|85\/100|[from] item: Leftovers\n|-damage|p1a: Latios|83\/100 tox|[from] psn\n|upkeep\n|turn|15\n|j| Rem!x\n|\n|t:|1667373092\n|switch|p1a: Melmetal|Melmetal|100\/100\n|move|p2a: Rotom|Nasty Plot|p2a: Rotom\n|-boost|p2a: Rotom|spa|2\n|\n|-heal|p2a: Rotom|91\/100|[from] item: Leftovers\n|upkeep\n|turn|16\n|\n|t:|1667373099\n|move|p2a: Rotom|Thunderbolt|p1a: Melmetal\n|-damage|p1a: Melmetal|62\/100\n|move|p1a: Melmetal|Superpower|p2a: Rotom\n|-damage|p2a: Rotom|38\/100\n|-unboost|p1a: Melmetal|atk|1\n|-unboost|p1a: Melmetal|def|1\n|\n|-heal|p2a: Rotom|44\/100|[from] item: Leftovers\n|upkeep\n|turn|17\n|\n|t:|1667373104\n|move|p2a: Rotom|Pain Split|p1a: Melmetal\n|-sethp|p1a: Melmetal|45\/100|[from] move: Pain Split|[silent]\n|-sethp|p2a: Rotom|69\/100|[from] move: Pain Split\n|move|p1a: Melmetal|Superpower|p2a: Rotom\n|-damage|p2a: Rotom|35\/100\n|-unboost|p1a: Melmetal|atk|1\n|-unboost|p1a: Melmetal|def|1\n|\n|-heal|p2a: Rotom|41\/100|[from] item: Leftovers\n|upkeep\n|turn|18\n|\n|t:|1667373108\n|move|p2a: Rotom|Pain Split|p1a: Melmetal\n|-sethp|p1a: Melmetal|36\/100|[from] move: Pain Split|[silent]\n|-sethp|p2a: Rotom|55\/100|[from] move: Pain Split\n|move|p1a: Melmetal|Thunder Punch|p2a: Rotom\n|-damage|p2a: Rotom|35\/100\n|\n|-heal|p2a: Rotom|41\/100|[from] item: Leftovers\n|upkeep\n|turn|19\n|\n|t:|1667373110\n|move|p2a: Rotom|Pain Split|p1a: Melmetal\n|-sethp|p1a: Melmetal|31\/100|[from] move: Pain Split|[silent]\n|-sethp|p2a: Rotom|48\/100|[from] move: Pain Split\n|move|p1a: Melmetal|Thunder Punch|p2a: Rotom\n|-damage|p2a: Rotom|28\/100\n|\n|-heal|p2a: Rotom|35\/100|[from] item: Leftovers\n|upkeep\n|turn|20\n|\n|t:|1667373112\n|move|p2a: Rotom|Pain Split|p1a: Melmetal\n|-sethp|p1a: Melmetal|27\/100|[from] move: Pain Split|[silent]\n|-sethp|p2a: Rotom|41\/100|[from] move: Pain Split\n|move|p1a: Melmetal|Thunder Punch|p2a: Rotom\n|-damage|p2a: Rotom|20\/100\n|\n|-heal|p2a: Rotom|26\/100|[from] item: Leftovers\n|upkeep\n|turn|21\n|\n|t:|1667373114\n|move|p2a: Rotom|Pain Split|p1a: Melmetal\n|-sethp|p1a: Melmetal|22\/100|[from] move: Pain Split|[silent]\n|-sethp|p2a: Rotom|34\/100|[from] move: Pain Split\n|move|p1a: Melmetal|Thunder Punch|p2a: Rotom\n|-damage|p2a: Rotom|14\/100\n|\n|-heal|p2a: Rotom|20\/100|[from] item: Leftovers\n|upkeep\n|turn|22\n|\n|t:|1667373116\n|move|p2a: Rotom|Pain Split|p1a: Melmetal\n|-sethp|p1a: Melmetal|18\/100|[from] move: Pain Split|[silent]\n|-sethp|p2a: Rotom|27\/100|[from] move: Pain Split\n|move|p1a: Melmetal|Thunder Punch|p2a: Rotom\n|-damage|p2a: Rotom|9\/100\n|\n|-heal|p2a: Rotom|15\/100|[from] item: Leftovers\n|upkeep\n|turn|23\n|\n|t:|1667373121\n|move|p2a: Rotom|Pain Split|p1a: Melmetal\n|-sethp|p1a: Melmetal|14\/100|[from] move: Pain Split|[silent]\n|-sethp|p2a: Rotom|21\/100|[from] move: Pain Split\n|move|p1a: Melmetal|Thunder Punch|p2a: Rotom\n|-damage|p2a: Rotom|1\/100\n|\n|-heal|p2a: Rotom|7\/100|[from] item: Leftovers\n|upkeep\n|turn|24\n|\n|t:|1667373123\n|move|p2a: Rotom|Pain Split|p1a: Melmetal\n|-sethp|p1a: Melmetal|9\/100|[from] move: Pain Split|[silent]\n|-sethp|p2a: Rotom|14\/100|[from] move: Pain Split\n|move|p1a: Melmetal|Thunder Punch|p2a: Rotom\n|-damage|p2a: Rotom|0 fnt\n|faint|p2a: Rotom\n|\n|upkeep\n|\n|t:|1667373123\n|switch|p2a: Weavile|Weavile, M|100\/100\n|-ability|p2a: Weavile|Pressure\n|turn|25\n|\n|t:|1667373129\n|move|p2a: Weavile|Knock Off|p1a: Melmetal\n|-damage|p1a: Melmetal|0 fnt\n|-enditem|p1a: Melmetal|Assault Vest|[from] move: Knock Off|[of] p2a: Weavile\n|faint|p1a: Melmetal\n|\n|upkeep\n|\n|t:|1667373136\n|switch|p1a: Tapu Koko|Tapu Koko|100\/100\n|-fieldstart|move: Electric Terrain|[from] ability: Electric Surge|[of] p1a: Tapu Koko\n|turn|26\n|\n|t:|1667373140\n|switch|p2a: Landorus|Landorus-Therian, M|16\/100\n|-ability|p2a: Landorus|Intimidate|boost\n|-unboost|p1a: Tapu Koko|atk|1\n|move|p1a: Tapu Koko|Dazzling Gleam|p2a: Landorus\n|-damage|p2a: Landorus|0 fnt\n|faint|p2a: Landorus\n|\n|upkeep\n|\n|t:|1667373140\n|switch|p2a: Weavile|Weavile, M|100\/100\n|-ability|p2a: Weavile|Pressure\n|turn|27\n|\n|t:|1667373142\n|move|p1a: Tapu Koko|Dazzling Gleam|p2a: Weavile\n|-supereffective|p2a: Weavile\n|-damage|p2a: Weavile|9\/100\n|move|p2a: Weavile|Triple Axel|p1a: Tapu Koko\n|-damage|p1a: Tapu Koko|78\/100\n|-damage|p1a: Tapu Koko|40\/100\n|-damage|p1a: Tapu Koko|0 fnt\n|faint|p1a: Tapu Koko\n|-hitcount|p1: Tapu Koko|3\n|\n|upkeep\n|\n|t:|1667373150\n|switch|p1a: Nihilego|Nihilego|100\/100\n|turn|28\n|\n|t:|1667373157\n|move|p2a: Weavile|Triple Axel|p1a: Nihilego\n|-damage|p1a: Nihilego|74\/100\n|-hitcount|p1a: Nihilego|1\n|move|p1a: Nihilego|Grass Knot|p2a: Weavile\n|-damage|p2a: Weavile|0 fnt\n|faint|p2a: Weavile\n|-ability|p1a: Nihilego|Beast Boost|boost\n|-boost|p1a: Nihilego|spe|1\n|\n|upkeep\n|\n|t:|1667373157\n|switch|p2a: Tangrowth|Tangrowth, F|100\/100\n|turn|29\n|\n|t:|1667373163\n|switch|p2a: Melmetal|Melmetal|1\/100\n|move|p1a: Nihilego|Sludge Wave|p2a: Melmetal\n|-immune|p2a: Melmetal\n|\n|upkeep\n|turn|30\n|\n|t:|1667373165\n|move|p1a: Nihilego|Grass Knot|p2a: Melmetal\n|-resisted|p2a: Melmetal\n|-damage|p2a: Melmetal|0 fnt\n|faint|p2a: Melmetal\n|-ability|p1a: Nihilego|Beast Boost|boost\n|-boost|p1a: Nihilego|spe|1\n|\n|-fieldend|move: Electric Terrain\n|upkeep\n|\n|t:|1667373165\n|switch|p2a: Tangrowth|Tangrowth, F|100\/100\n|turn|31\n|\n|t:|1667373167\n|move|p1a: Nihilego|Sludge Wave|p2a: Tangrowth\n|-supereffective|p2a: Tangrowth\n|-crit|p2a: Tangrowth\n|-damage|p2a: Tangrowth|0 fnt\n|faint|p2a: Tangrowth\n|\n|win|Foolish Shogun\n|raw|Foolish Shogun's rating: 1695 &rarr; <strong>1712<\/strong><br \/>(+17 for winning)\n|raw|minimax_ai's rating: 1634 &rarr; <strong>1617<\/strong><br \/>(-17 for losing)\n|l|\u203dminimax_ai\n","uploadtime":1667373168,"views":11,"p1id":"foolishshogun","p2id":"minimaxai","formatid":"gen8ou","rating":1617,"private":0,"password":null}