{"id":"gen8ou-1670726194","p1":"LT94JE Allistair","p2":"Venositile","format":"gen8ou","log":"|j|\u2606LT94JE Allistair\n|j|\u2606Venositile\n|t:|1664200170\n|gametype|singles\n|player|p1|LT94JE Allistair|265|1781\n|player|p2|Venositile|rocketexecutive-gen2|1731\n|teamsize|p1|6\n|teamsize|p2|6\n|gen|8\n|tier|[Gen 8] OU\n|rated|\n|rule|Sleep Clause Mod: Limit one foe put to sleep\n|rule|Species Clause: Limit one of each Pok\u00e9mon\n|rule|OHKO Clause: OHKO moves are banned\n|rule|Evasion Items Clause: Evasion items are banned\n|rule|Evasion Moves Clause: Evasion moves are banned\n|rule|Endless Battle Clause: Forcing endless battles is banned\n|rule|HP Percentage Mod: HP is shown in percentages\n|rule|Dynamax Clause: You cannot dynamax\n|clearpoke\n|poke|p1|Mew|\n|poke|p1|Slurpuff, F|\n|poke|p1|Jirachi|\n|poke|p1|Vanilluxe, F|\n|poke|p1|Gothitelle, F|\n|poke|p1|Rillaboom, F|\n|poke|p2|Tyranitar, F|\n|poke|p2|Zapdos|\n|poke|p2|Gengar, F|\n|poke|p2|Dragapult, F|\n|poke|p2|Ferrothorn, M|\n|poke|p2|Excadrill, F|\n|teampreview\n|\n|t:|1664200183\n|start\n|switch|p1a: Slurpuff|Slurpuff, F|100\/100\n|switch|p2a: Tyranitar|Tyranitar, F|100\/100\n|-weather|Sandstorm|[from] ability: Sand Stream|[of] p2a: Tyranitar\n|turn|1\n|\n|t:|1664200187\n|move|p1a: Slurpuff|Sticky Web|p2a: Tyranitar\n|-sidestart|p2: Venositile|move: Sticky Web\n|move|p2a: Tyranitar|Thunder Wave|p1a: Slurpuff\n|-status|p1a: Slurpuff|par\n|\n|-weather|Sandstorm|[upkeep]\n|-damage|p1a: Slurpuff|94\/100 par|[from] Sandstorm\n|upkeep\n|turn|2\n|\n|t:|1664200191\n|move|p2a: Tyranitar|Stealth Rock|p1a: Slurpuff\n|-sidestart|p1: LT94JE Allistair|move: Stealth Rock\n|move|p1a: Slurpuff|Misty Explosion|p2a: Tyranitar\n|-supereffective|p2a: Tyranitar\n|-damage|p2a: Tyranitar|75\/100\n|faint|p1a: Slurpuff\n|\n|-weather|Sandstorm|[upkeep]\n|-heal|p2a: Tyranitar|81\/100|[from] item: Leftovers\n|upkeep\n|\n|t:|1664200194\n|switch|p1a: Vanilluxe|Vanilluxe, F|100\/100\n|-damage|p1a: Vanilluxe|76\/100|[from] Stealth Rock\n|-weather|Hail|[from] ability: Snow Warning|[of] p1a: Vanilluxe\n|turn|3\n|\n|t:|1664200199\n|move|p1a: Vanilluxe|Aurora Veil|p1a: Vanilluxe\n|-sidestart|p1: LT94JE Allistair|move: Aurora Veil\n|move|p2a: Tyranitar|Thunder Wave|p1a: Vanilluxe\n|-status|p1a: Vanilluxe|par\n|\n|-weather|Hail|[upkeep]\n|-damage|p2a: Tyranitar|75\/100|[from] Hail\n|-heal|p2a: Tyranitar|81\/100|[from] item: Leftovers\n|upkeep\n|turn|4\n|j| revanism\n|\n|t:|1664200207\n|switch|p2a: Excadrill|Excadrill, F|100\/100\n|-item|p2a: Excadrill|Air Balloon\n|move|p1a: Vanilluxe|Explosion|p2a: Excadrill\n|-resisted|p2a: Excadrill\n|-damage|p2a: Excadrill|52\/100\n|-enditem|p2a: Excadrill|Air Balloon\n|faint|p1a: Vanilluxe\n|\n|-weather|Hail|[upkeep]\n|-damage|p2a: Excadrill|46\/100|[from] Hail\n|upkeep\n|inactive|Battle timer is ON: inactive players will automatically lose when time's up. (requested by Venositile)\n|inactive|LT94JE Allistair has 120 seconds left.\n|\n|t:|1664200319\n|switch|p1a: Rillaboom|Rillaboom, F|100\/100\n|-damage|p1a: Rillaboom|88\/100|[from] Stealth Rock\n|-fieldstart|move: Grassy Terrain|[from] ability: Grassy Surge|[of] p1a: Rillaboom\n|turn|5\n|\n|t:|1664200325\n|move|p1a: Rillaboom|Grassy Glide|p2a: Excadrill\n|-damage|p2a: Excadrill|0 fnt\n|faint|p2a: Excadrill\n|\n|-weather|Hail|[upkeep]\n|-damage|p1a: Rillaboom|82\/100|[from] Hail\n|-heal|p1a: Rillaboom|88\/100|[from] Grassy Terrain\n|upkeep\n|\n|t:|1664200334\n|switch|p2a: Ferrothorn|Ferrothorn, M|100\/100\n|-activate|p2a: Ferrothorn|move: Sticky Web\n|-unboost|p2a: Ferrothorn|spe|1\n|turn|6\n|\n|t:|1664200339\n|move|p1a: Rillaboom|Taunt|p2a: Ferrothorn\n|-start|p2a: Ferrothorn|move: Taunt\n|move|p2a: Ferrothorn|Knock Off|p1a: Rillaboom\n|-damage|p1a: Rillaboom|77\/100\n|-enditem|p1a: Rillaboom|Focus Sash|[from] move: Knock Off|[of] p2a: Ferrothorn\n|\n|-weather|Hail|[upkeep]\n|-damage|p1a: Rillaboom|71\/100|[from] Hail\n|-damage|p2a: Ferrothorn|94\/100|[from] Hail\n|-heal|p1a: Rillaboom|77\/100|[from] Grassy Terrain\n|-heal|p2a: Ferrothorn|100\/100|[from] Grassy Terrain\n|upkeep\n|turn|7\n|\n|t:|1664200352\n|switch|p1a: Jirachi|Jirachi|100\/100\n|-damage|p1a: Jirachi|94\/100|[from] Stealth Rock\n|switch|p2a: Zapdos|Zapdos|100\/100\n|\n|-weather|none\n|-heal|p1a: Jirachi|100\/100|[from] Grassy Terrain\n|upkeep\n|turn|8\n|j| Adopted\n|\n|t:|1664200358\n|move|p1a: Jirachi|Cosmic Power|p1a: Jirachi\n|-boost|p1a: Jirachi|def|1\n|-boost|p1a: Jirachi|spd|1\n|move|p2a: Zapdos|Volt Switch|p1a: Jirachi\n|-damage|p1a: Jirachi|91\/100\n|\n|t:|1664200370\n|switch|p2a: Gengar|Gengar, F|100\/100|[from]move: Volt Switch\n|-activate|p2a: Gengar|move: Sticky Web\n|-unboost|p2a: Gengar|spe|1\n|\n|-heal|p1a: Jirachi|98\/100|[from] Grassy Terrain\n|upkeep\n|turn|9\n|\n|t:|1664200375\n|move|p2a: Gengar|Trick|p1a: Jirachi\n|-activate|p2a: Gengar|move: Trick|[of] p1a: Jirachi\n|-item|p1a: Jirachi|Choice Scarf|[from] move: Trick\n|-item|p2a: Gengar|Weakness Policy|[from] move: Trick\n|move|p1a: Jirachi|Stored Power|p2a: Gengar\n|-supereffective|p2a: Gengar\n|-damage|p2a: Gengar|28\/100\n|-enditem|p2a: Gengar|Weakness Policy\n|-boost|p2a: Gengar|atk|2|[from] item: Weakness Policy\n|-boost|p2a: Gengar|spa|2|[from] item: Weakness Policy\n|\n|-heal|p1a: Jirachi|100\/100|[from] Grassy Terrain\n|-heal|p2a: Gengar|35\/100|[from] Grassy Terrain\n|-fieldend|move: Grassy Terrain\n|upkeep\n|turn|10\n|j| infinitroll\n|\n|t:|1664200396\n|switch|p2a: Tyranitar|Tyranitar, F|81\/100\n|-activate|p2a: Tyranitar|move: Sticky Web\n|-unboost|p2a: Tyranitar|spe|1\n|-weather|Sandstorm|[from] ability: Sand Stream|[of] p2a: Tyranitar\n|move|p1a: Jirachi|Stored Power|p2a: Tyranitar\n|-immune|p2a: Tyranitar\n|\n|-weather|Sandstorm|[upkeep]\n|-heal|p2a: Tyranitar|87\/100|[from] item: Leftovers\n|-sideend|p1: LT94JE Allistair|move: Aurora Veil\n|upkeep\n|turn|11\n|\n|t:|1664200402\n|switch|p1a: Rillaboom|Rillaboom, F|77\/100\n|-damage|p1a: Rillaboom|64\/100|[from] Stealth Rock\n|-fieldstart|move: Grassy Terrain|[from] ability: Grassy Surge|[of] p1a: Rillaboom\n|move|p2a: Tyranitar|Crunch|p1a: Rillaboom\n|-damage|p1a: Rillaboom|26\/100\n|\n|-weather|Sandstorm|[upkeep]\n|-damage|p1a: Rillaboom|20\/100|[from] Sandstorm\n|-heal|p1a: Rillaboom|26\/100|[from] Grassy Terrain\n|-heal|p2a: Tyranitar|93\/100|[from] Grassy Terrain\n|-heal|p2a: Tyranitar|99\/100|[from] item: Leftovers\n|upkeep\n|turn|12\n|\n|t:|1664200408\n|switch|p2a: Ferrothorn|Ferrothorn, M|100\/100\n|-activate|p2a: Ferrothorn|move: Sticky Web\n|-unboost|p2a: Ferrothorn|spe|1\n|move|p1a: Rillaboom|Taunt|p2a: Ferrothorn\n|-start|p2a: Ferrothorn|move: Taunt\n|\n|-weather|Sandstorm|[upkeep]\n|-damage|p1a: Rillaboom|20\/100|[from] Sandstorm\n|-heal|p1a: Rillaboom|26\/100|[from] Grassy Terrain\n|upkeep\n|turn|13\n|\n|t:|1664200416\n|switch|p2a: Zapdos|Zapdos|100\/100\n|move|p1a: Rillaboom|Knock Off|p2a: Zapdos\n|-damage|p2a: Zapdos|72\/100\n|-enditem|p2a: Zapdos|Heavy-Duty Boots|[from] move: Knock Off|[of] p1a: Rillaboom\n|\n|-weather|Sandstorm|[upkeep]\n|-damage|p2a: Zapdos|66\/100|[from] Sandstorm\n|-damage|p1a: Rillaboom|20\/100|[from] Sandstorm\n|-heal|p1a: Rillaboom|26\/100|[from] Grassy Terrain\n|upkeep\n|turn|14\n|\n|t:|1664200419\n|move|p2a: Zapdos|Roost|p2a: Zapdos\n|-heal|p2a: Zapdos|100\/100\n|-singleturn|p2a: Zapdos|move: Roost\n|move|p1a: Rillaboom|Taunt|p2a: Zapdos\n|-start|p2a: Zapdos|move: Taunt\n|\n|-weather|none\n|-heal|p1a: Rillaboom|32\/100|[from] Grassy Terrain\n|upkeep\n|turn|15\n|\n|t:|1664200424\n|move|p1a: Rillaboom|Grassy Glide|p2a: Zapdos\n|-resisted|p2a: Zapdos\n|-damage|p2a: Zapdos|81\/100\n|move|p2a: Zapdos|Hurricane|p1a: Rillaboom\n|-supereffective|p1a: Rillaboom\n|-damage|p1a: Rillaboom|0 fnt\n|faint|p1a: Rillaboom\n|\n|-fieldend|move: Grassy Terrain\n|upkeep\n|\n|t:|1664200428\n|switch|p1a: Mew|Mew|100\/100\n|-damage|p1a: Mew|88\/100|[from] Stealth Rock\n|turn|16\n|\n|t:|1664200437\n|move|p1a: Mew|Cosmic Power|p1a: Mew\n|-boost|p1a: Mew|def|1\n|-boost|p1a: Mew|spd|1\n|move|p2a: Zapdos|Volt Switch|p1a: Mew\n|-damage|p1a: Mew|70\/100\n|\n|t:|1664200439\n|switch|p2a: Dragapult|Dragapult, F|100\/100|[from]move: Volt Switch\n|-activate|p2a: Dragapult|move: Sticky Web\n|-unboost|p2a: Dragapult|spe|1\n|\n|-heal|p1a: Mew|76\/100|[from] item: Leftovers\n|upkeep\n|turn|17\n|\n|t:|1664200446\n|move|p1a: Mew|Cosmic Power|p1a: Mew\n|-boost|p1a: Mew|def|1\n|-boost|p1a: Mew|spd|1\n|move|p2a: Dragapult|Shadow Ball|p1a: Mew\n|-supereffective|p1a: Mew\n|-damage|p1a: Mew|28\/100\n|\n|-heal|p1a: Mew|35\/100|[from] item: Leftovers\n|upkeep\n|turn|18\n|\n|t:|1664200453\n|move|p1a: Mew|Stored Power|p2a: Dragapult\n|-damage|p2a: Dragapult|53\/100\n|move|p2a: Dragapult|Shadow Ball|p1a: Mew\n|-supereffective|p1a: Mew\n|-damage|p1a: Mew|0 fnt\n|faint|p1a: Mew\n|\n|upkeep\n|-message|LT94JE Allistair forfeited.\n|\n|win|Venositile\n|raw|LT94JE Allistair's rating: 1781 &rarr; <strong>1758<\/strong><br \/>(-23 for losing)\n|raw|Venositile's rating: 1731 &rarr; <strong>1754<\/strong><br \/>(+23 for winning)\n|l|\u2606LT94JE Allistair\n|c|\u2606Venositile|Gg\n","uploadtime":1664200471,"views":23,"p1id":"lt94jeallistair","p2id":"venositile","formatid":"gen8ou","rating":1754,"private":0,"password":null}