{"id":"gen8nationaldex-1140923181","p1":"MegaScizor builder","p2":"Moskito Cup","format":"gen8nationaldex","log":"|raw|<div class=\"broadcast-red\"><strong>This battle is invite-only!<\/strong><br \/>Users must be invited with <code>\/invite<\/code> (or be staff) to join<\/div>\n|j|\u2606MegaScizor builder\n|j|\u203dMoskito Cup\n|player|p1|MegaScizor builder|ash-kalos|1640\n|player|p2|Moskito Cup|169|1797\n|teamsize|p1|6\n|teamsize|p2|6\n|gametype|singles\n|gen|8\n|tier|[Gen 8] National Dex\n|rated|\n|clearpoke\n|poke|p1|Scizor, M|\n|poke|p1|Gengar, M|\n|poke|p1|Clefable, M|\n|poke|p1|Rotom-Wash|\n|poke|p1|Garchomp, M|\n|poke|p1|Greninja, M|\n|poke|p2|Venusaur, M|\n|poke|p2|Keldeo-Resolute|\n|poke|p2|Skarmory, F|\n|poke|p2|Chansey, F|\n|poke|p2|Heatran, F|\n|poke|p2|Bisharp, F|\n|rule|HP Percentage Mod: HP is shown in percentages\n|rule|Endless Battle Clause: Forcing endless battles is banned\n|rule|OHKO Clause: OHKO moves are banned\n|rule|Evasion Moves Clause: Evasion moves are banned\n|rule|Species Clause: Limit one of each Pok\u00e9mon\n|rule|Dynamax Clause: You cannot dynamax\n|rule|Sleep Clause Mod: Limit one foe put to sleep\n|teampreview\n|inactive|Battle timer is ON: inactive players will automatically lose when time's up. (requested by Moskito Cup)\n|\n|start\n|switch|p1a: Rotom|Rotom-Wash|100\/100\n|switch|p2a: Heatran|Heatran, F|100\/100\n|turn|1\n|\n|move|p2a: Heatran|Toxic|p1a: Rotom\n|-status|p1a: Rotom|tox\n|move|p1a: Rotom|Hydro Pump|p2a: Heatran\n|-supereffective|p2a: Heatran\n|-damage|p2a: Heatran|38\/100\n|\n|-heal|p2a: Heatran|45\/100|[from] item: Leftovers\n|-damage|p1a: Rotom|94\/100 tox|[from] psn\n|upkeep\n|turn|2\n|\n|move|p2a: Heatran|Stealth Rock|p1a: Rotom\n|-sidestart|p1: MegaScizor builder|move: Stealth Rock\n|move|p1a: Rotom|Hydro Pump|p2a: Heatran\n|-supereffective|p2a: Heatran\n|-damage|p2a: Heatran|0 fnt\n|faint|p2a: Heatran\n|\n|-heal|p1a: Rotom|100\/100 tox|[from] item: Leftovers\n|-damage|p1a: Rotom|88\/100 tox|[from] psn\n|upkeep\n|\n|switch|p2a: Bisharp|Bisharp, F|100\/100\n|turn|3\n|\n|move|p1a: Rotom|Will-O-Wisp|p2a: Bisharp|[miss]\n|-miss|p1a: Rotom|p2a: Bisharp\n|move|p2a: Bisharp|Knock Off|p1a: Rotom\n|-damage|p1a: Rotom|48\/100 tox\n|-enditem|p1a: Rotom|Leftovers|[from] move: Knock Off|[of] p2a: Bisharp\n|\n|-damage|p1a: Rotom|29\/100 tox|[from] psn\n|upkeep\n|turn|4\n|\n|switch|p1a: Garchomp|Garchomp, M|100\/100\n|-damage|p1a: Garchomp|94\/100|[from] Stealth Rock\n|move|p2a: Bisharp|Knock Off|p1a: Garchomp\n|-damage|p1a: Garchomp|51\/100\n|-damage|p2a: Bisharp|88\/100|[from] ability: Rough Skin|[of] p1a: Garchomp\n|-damage|p2a: Bisharp|72\/100|[from] item: Rocky Helmet|[of] p1a: Garchomp\n|-enditem|p1a: Garchomp|Rocky Helmet|[from] move: Knock Off|[of] p2a: Bisharp\n|\n|-heal|p2a: Bisharp|78\/100|[from] item: Leftovers\n|upkeep\n|turn|5\n|\n|switch|p2a: Skarmory|Skarmory, F|100\/100\n|move|p1a: Garchomp|Earthquake|p2a: Skarmory\n|-immune|p2a: Skarmory\n|\n|upkeep\n|turn|6\n|\n|switch|p1a: Rotom|Rotom-Wash|29\/100 tox\n|-damage|p1a: Rotom|17\/100 tox|[from] Stealth Rock\n|move|p2a: Skarmory|Spikes|p1a: Rotom\n|-sidestart|p1: MegaScizor builder|Spikes\n|\n|-damage|p1a: Rotom|11\/100 tox|[from] psn\n|upkeep\n|turn|7\n|\n|move|p1a: Rotom|Defog|p2a: Skarmory\n|-unboost|p2a: Skarmory|evasion|1\n|-sideend|p1: MegaScizor builder|Spikes|[from] move: Defog|[of] p1a: Rotom\n|-sideend|p1: MegaScizor builder|Stealth Rock|[from] move: Defog|[of] p1a: Rotom\n|move|p2a: Skarmory|Spikes|p1a: Rotom\n|-sidestart|p1: MegaScizor builder|Spikes\n|\n|-damage|p1a: Rotom|0 fnt|[from] psn\n|faint|p1a: Rotom\n|upkeep\n|\n|switch|p1a: Gengar|Gengar, M|100\/100\n|-damage|p1a: Gengar|88\/100|[from] Spikes\n|turn|8\n|\n|move|p1a: Gengar|Shadow Ball|p2a: Skarmory\n|-damage|p2a: Skarmory|40\/100\n|-unboost|p2a: Skarmory|spd|1\n|move|p2a: Skarmory|Brave Bird|p1a: Gengar\n|-damage|p1a: Gengar|16\/100\n|-start|p2a: Skarmory|Disable|Brave Bird|[from] ability: Cursed Body|[of] p1a: Gengar\n|-damage|p2a: Skarmory|21\/100|[from] Recoil\n|\n|upkeep\n|turn|9\n|\n|switch|p2a: Bisharp|Bisharp, F|78\/100\n|move|p1a: Gengar|Shadow Ball|p2a: Bisharp\n|-resisted|p2a: Bisharp\n|-damage|p2a: Bisharp|47\/100\n|\n|-heal|p2a: Bisharp|53\/100|[from] item: Leftovers\n|upkeep\n|turn|10\n|\n|switch|p1a: Garchomp|Garchomp, M|51\/100\n|-damage|p1a: Garchomp|38\/100|[from] Spikes\n|move|p2a: Bisharp|Knock Off|p1a: Garchomp\n|-damage|p1a: Garchomp|6\/100\n|-damage|p2a: Bisharp|40\/100|[from] ability: Rough Skin|[of] p1a: Garchomp\n|\n|-heal|p2a: Bisharp|46\/100|[from] item: Leftovers\n|upkeep\n|turn|11\n|\n|move|p2a: Bisharp|Sucker Punch||[still]\n|-fail|p2a: Bisharp\n|move|p1a: Garchomp|Stealth Rock|p2a: Bisharp\n|-sidestart|p2: Moskito Cup|move: Stealth Rock\n|\n|-heal|p2a: Bisharp|52\/100|[from] item: Leftovers\n|upkeep\n|turn|12\n|\n|move|p2a: Bisharp|Sucker Punch|p1a: Garchomp\n|-damage|p1a: Garchomp|0 fnt\n|-damage|p2a: Bisharp|40\/100|[from] ability: Rough Skin|[of] p1a: Garchomp\n|faint|p1a: Garchomp\n|\n|-heal|p2a: Bisharp|46\/100|[from] item: Leftovers\n|upkeep\n|\n|switch|p1a: Greninja|Greninja, M|100\/100\n|-damage|p1a: Greninja|88\/100|[from] Spikes\n|turn|13\n|\n|switch|p2a: Keldeo|Keldeo-Resolute|100\/100\n|-damage|p2a: Keldeo|94\/100|[from] Stealth Rock\n|move|p1a: Greninja|Low Kick|p2a: Keldeo\n|-start|p1a: Greninja|typechange|Fighting|[from] ability: Protean\n|-damage|p2a: Keldeo|65\/100\n|\n|-heal|p2a: Keldeo|71\/100|[from] item: Leftovers\n|upkeep\n|turn|14\n|\n|switch|p1a: Clefable|Clefable, M|100\/100\n|move|p2a: Keldeo|Scald|p1a: Clefable\n|-damage|p1a: Clefable|66\/100\n|\n|-heal|p2a: Keldeo|78\/100|[from] item: Leftovers\n|-heal|p1a: Clefable|72\/100|[from] item: Leftovers\n|upkeep\n|turn|15\n|\n|move|p2a: Keldeo|Substitute|p2a: Keldeo\n|-start|p2a: Keldeo|Substitute\n|-damage|p2a: Keldeo|53\/100\n|move|p1a: Clefable|Thunder Wave||[still]\n|-fail|p1a: Clefable\n|\n|-heal|p2a: Keldeo|59\/100|[from] item: Leftovers\n|-heal|p1a: Clefable|78\/100|[from] item: Leftovers\n|upkeep\n|turn|16\n|\n|move|p2a: Keldeo|Calm Mind|p2a: Keldeo\n|-boost|p2a: Keldeo|spa|1\n|-boost|p2a: Keldeo|spd|1\n|move|p1a: Clefable|Calm Mind|p1a: Clefable\n|-boost|p1a: Clefable|spa|1\n|-boost|p1a: Clefable|spd|1\n|\n|-heal|p2a: Keldeo|65\/100|[from] item: Leftovers\n|-heal|p1a: Clefable|85\/100|[from] item: Leftovers\n|upkeep\n|turn|17\n|\n|move|p2a: Keldeo|Calm Mind|p2a: Keldeo\n|-boost|p2a: Keldeo|spa|1\n|-boost|p2a: Keldeo|spd|1\n|move|p1a: Clefable|Moonblast|p2a: Keldeo\n|-supereffective|p2a: Keldeo\n|-end|p2a: Keldeo|Substitute\n|\n|-heal|p2a: Keldeo|71\/100|[from] item: Leftovers\n|-heal|p1a: Clefable|91\/100|[from] item: Leftovers\n|upkeep\n|turn|18\n|\n|move|p2a: Keldeo|Secret Sword|p1a: Clefable\n|-resisted|p1a: Clefable\n|-damage|p1a: Clefable|53\/100\n|move|p1a: Clefable|Moonblast|p2a: Keldeo\n|-supereffective|p2a: Keldeo\n|-crit|p2a: Keldeo\n|-damage|p2a: Keldeo|0 fnt\n|faint|p2a: Keldeo\n|\n|-heal|p1a: Clefable|59\/100|[from] item: Leftovers\n|upkeep\n|\n|switch|p2a: Bisharp|Bisharp, F|46\/100\n|-damage|p2a: Bisharp|40\/100|[from] Stealth Rock\n|turn|19\n|\n|switch|p1a: Gengar|Gengar, M|16\/100\n|-damage|p1a: Gengar|4\/100|[from] Spikes\n|move|p2a: Bisharp|Iron Head|p1a: Gengar\n|-damage|p1a: Gengar|0 fnt\n|-start|p2a: Bisharp|Disable|Iron Head|[from] ability: Cursed Body|[of] p1a: Gengar\n|faint|p1a: Gengar\n|\n|-heal|p2a: Bisharp|46\/100|[from] item: Leftovers\n|upkeep\n|\n|switch|p1a: Scizor|Scizor, M|100\/100\n|-damage|p1a: Scizor|88\/100|[from] Spikes\n|turn|20\n|\n|switch|p2a: Venusaur|Venusaur, M|100\/100\n|-damage|p2a: Venusaur|88\/100|[from] Stealth Rock\n|detailschange|p1a: Scizor|Scizor-Mega, M\n|-mega|p1a: Scizor|Scizor|Scizorite\n|move|p1a: Scizor|Swords Dance|p1a: Scizor\n|-boost|p1a: Scizor|atk|2\n|\n|upkeep\n|turn|21\n|\n|detailschange|p2a: Venusaur|Venusaur-Mega, M\n|-mega|p2a: Venusaur|Venusaur|Venusaurite\n|move|p1a: Scizor|Bullet Punch|p2a: Venusaur\n|-damage|p2a: Venusaur|52\/100\n|move|p2a: Venusaur|Hidden Power|p1a: Scizor\n|-supereffective|p1a: Scizor\n|-damage|p1a: Scizor|32\/100\n|\n|upkeep\n|turn|22\n|\n|move|p1a: Scizor|Bullet Punch|p2a: Venusaur\n|-damage|p2a: Venusaur|11\/100\n|move|p2a: Venusaur|Synthesis|p2a: Venusaur\n|-heal|p2a: Venusaur|61\/100\n|\n|upkeep\n|turn|23\n|\n|move|p2a: Venusaur|Synthesis|p2a: Venusaur\n|-heal|p2a: Venusaur|100\/100\n|move|p1a: Scizor|Roost|p1a: Scizor\n|-heal|p1a: Scizor|82\/100\n|-singleturn|p1a: Scizor|move: Roost\n|\n|upkeep\n|turn|24\n|\n|switch|p1a: Clefable|Clefable, M|59\/100\n|move|p2a: Venusaur|Hidden Power|p1a: Clefable\n|-damage|p1a: Clefable|46\/100\n|\n|-heal|p1a: Clefable|52\/100|[from] item: Leftovers\n|upkeep\n|turn|25\n|\n|move|p2a: Venusaur|Sludge Bomb|p1a: Clefable\n|-supereffective|p1a: Clefable\n|-damage|p1a: Clefable|0 fnt\n|faint|p1a: Clefable\n|\n|upkeep\n|raw|<div class=\"broadcast-red\"><strong>Moderated join is set to sync with modchat!<\/strong><br \/>Only users who can speak in modchat can join.<\/div>\n|c|\u2606MegaScizor builder|\/log MegaScizor builder set modjoin to sync with modchat.\n|raw|<div class=\"broadcast-red\"><strong>Moderated chat was set to whitelist!<\/strong><br \/>Only users of rank whitelist and higher can talk.<\/div>\n|\n|switch|p1a: Greninja|Greninja, M|88\/100\n|-damage|p1a: Greninja|76\/100|[from] Spikes\n|turn|26\n|\n|move|p1a: Greninja|Ice Beam|p2a: Venusaur\n|-start|p1a: Greninja|typechange|Ice|[from] ability: Protean\n|-supereffective|p2a: Venusaur\n|-damage|p2a: Venusaur|72\/100\n|move|p2a: Venusaur|Giga Drain|p1a: Greninja\n|-damage|p1a: Greninja|17\/100\n|-heal|p2a: Venusaur|95\/100|[from] drain|[of] p1a: Greninja\n|\n|upkeep\n|turn|27\n|-message|MegaScizor builder forfeited.\n|\n|win|Moskito Cup\n|l|\u2606MegaScizor builder\n|c|\u203dMoskito Cup|\/log Moskito Cup made this room public.\n","uploadtime":1593293508,"views":232,"p1id":"megascizorbuilder","p2id":"moskitocup","formatid":"gen8nationaldex","rating":0,"private":0,"password":null}