{"id":"gen8ru-1666042884","p1":"pkpklc6","p2":"yung_iznamakin","format":"gen8ru","log":"|j|\u2606pkpklc6\n|j|\u2606yung_iznamakin\n|t:|1663360320\n|gametype|singles\n|player|p1|pkpklc6|169|1106\n|player|p2|yung_iznamakin|chase|1348\n|teamsize|p1|6\n|teamsize|p2|6\n|gen|8\n|tier|[Gen 8] RU\n|rated|\n|rule|Sleep Clause Mod: Limit one foe put to sleep\n|rule|Species Clause: Limit one of each Pok\u00e9mon\n|rule|OHKO Clause: OHKO moves are banned\n|rule|Evasion Items Clause: Evasion items are banned\n|rule|Evasion Moves Clause: Evasion moves are banned\n|rule|Endless Battle Clause: Forcing endless battles is banned\n|rule|HP Percentage Mod: HP is shown in percentages\n|rule|Dynamax Clause: You cannot dynamax\n|clearpoke\n|poke|p1|Entei|\n|poke|p1|Grimmsnarl, M|\n|poke|p1|Xurkitree|\n|poke|p1|Lucario, F|\n|poke|p1|Togekiss, F|\n|poke|p1|Golurk|\n|poke|p2|Crobat, M|\n|poke|p2|Reuniclus, M|\n|poke|p2|Golisopod, F|\n|poke|p2|Diancie|\n|poke|p2|Flygon, F|\n|poke|p2|Metagross|\n|teampreview\n|inactive|Battle timer is ON: inactive players will automatically lose when time's up. (requested by yung_iznamakin)\n|\n|t:|1663360345\n|start\n|switch|p1a: Golurk|Golurk|100\/100\n|switch|p2a: Diancie|Diancie|100\/100\n|turn|1\n|\n|t:|1663360349\n|-singleturn|p1a: Golurk|move: Focus Punch\n|move|p2a: Diancie|Stealth Rock|p1a: Golurk\n|-sidestart|p1: pkpklc6|move: Stealth Rock\n|move|p1a: Golurk|Focus Punch|p2a: Diancie\n|-damage|p2a: Diancie|51\/100\n|\n|-heal|p2a: Diancie|57\/100|[from] item: Leftovers\n|upkeep\n|turn|2\n|\n|t:|1663360356\n|move|p1a: Golurk|Stealth Rock|p2a: Diancie\n|-sidestart|p2: yung_iznamakin|move: Stealth Rock\n|move|p2a: Diancie|Diamond Storm|p1a: Golurk\n|-resisted|p1a: Golurk\n|-damage|p1a: Golurk|83\/100\n|\n|-heal|p1a: Golurk|89\/100|[from] item: Leftovers\n|-heal|p2a: Diancie|64\/100|[from] item: Leftovers\n|upkeep\n|turn|3\n|\n|t:|1663360360\n|move|p1a: Golurk|Drain Punch|p2a: Diancie\n|-damage|p2a: Diancie|35\/100\n|-heal|p1a: Golurk|100\/100|[from] drain|[of] p2a: Diancie\n|move|p2a: Diancie|Diamond Storm|p1a: Golurk\n|-resisted|p1a: Golurk\n|-damage|p1a: Golurk|83\/100\n|-boost|p2a: Diancie|def|2\n|\n|-heal|p1a: Golurk|89\/100|[from] item: Leftovers\n|-heal|p2a: Diancie|42\/100|[from] item: Leftovers\n|upkeep\n|turn|4\n|\n|t:|1663360366\n|move|p1a: Golurk|Drain Punch|p2a: Diancie\n|-damage|p2a: Diancie|29\/100\n|-heal|p1a: Golurk|94\/100|[from] drain|[of] p2a: Diancie\n|move|p2a: Diancie|Diamond Storm|p1a: Golurk\n|-resisted|p1a: Golurk\n|-damage|p1a: Golurk|75\/100\n|-boost|p2a: Diancie|def|2\n|\n|-heal|p1a: Golurk|81\/100|[from] item: Leftovers\n|-heal|p2a: Diancie|36\/100|[from] item: Leftovers\n|upkeep\n|turn|5\n|\n|t:|1663360373\n|move|p1a: Golurk|Drain Punch|p2a: Diancie\n|-damage|p2a: Diancie|26\/100\n|-heal|p1a: Golurk|85\/100|[from] drain|[of] p2a: Diancie\n|move|p2a: Diancie|Diamond Storm|p1a: Golurk\n|-resisted|p1a: Golurk\n|-damage|p1a: Golurk|68\/100\n|-boost|p2a: Diancie|def|2\n|\n|-heal|p1a: Golurk|74\/100|[from] item: Leftovers\n|-heal|p2a: Diancie|32\/100|[from] item: Leftovers\n|upkeep\n|turn|6\n|\n|t:|1663360379\n|move|p1a: Golurk|Drain Punch|p2a: Diancie\n|-damage|p2a: Diancie|25\/100\n|-heal|p1a: Golurk|77\/100|[from] drain|[of] p2a: Diancie\n|move|p2a: Diancie|Diamond Storm|p1a: Golurk\n|-resisted|p1a: Golurk\n|-damage|p1a: Golurk|59\/100\n|\n|-heal|p1a: Golurk|65\/100|[from] item: Leftovers\n|-heal|p2a: Diancie|31\/100|[from] item: Leftovers\n|upkeep\n|turn|7\n|\n|t:|1663360390\n|move|p1a: Golurk|Drain Punch|p2a: Diancie\n|-damage|p2a: Diancie|24\/100\n|-heal|p1a: Golurk|68\/100|[from] drain|[of] p2a: Diancie\n|move|p2a: Diancie|Diamond Storm|p1a: Golurk|[miss]\n|-miss|p2a: Diancie|p1a: Golurk\n|\n|-heal|p1a: Golurk|74\/100|[from] item: Leftovers\n|-heal|p2a: Diancie|30\/100|[from] item: Leftovers\n|upkeep\n|turn|8\n|\n|t:|1663360396\n|switch|p2a: Metagross|Metagross|100\/100\n|-damage|p2a: Metagross|95\/100|[from] Stealth Rock\n|move|p1a: Golurk|Drain Punch|p2a: Metagross\n|-crit|p2a: Metagross\n|-damage|p2a: Metagross|52\/100\n|-heal|p1a: Golurk|91\/100|[from] drain|[of] p2a: Metagross\n|\n|-heal|p1a: Golurk|97\/100|[from] item: Leftovers\n|upkeep\n|turn|9\n|\n|t:|1663360400\n|move|p2a: Metagross|Ice Punch|p1a: Golurk\n|-supereffective|p1a: Golurk\n|-damage|p1a: Golurk|40\/100\n|move|p1a: Golurk|Drain Punch|p2a: Metagross\n|-damage|p2a: Metagross|20\/100\n|-heal|p1a: Golurk|53\/100|[from] drain|[of] p2a: Metagross\n|\n|-heal|p1a: Golurk|59\/100|[from] item: Leftovers\n|upkeep\n|turn|10\n|\n|t:|1663360408\n|move|p2a: Metagross|Ice Punch|p1a: Golurk\n|-supereffective|p1a: Golurk\n|-damage|p1a: Golurk|2\/100\n|move|p1a: Golurk|Drain Punch|p2a: Metagross\n|-damage|p2a: Metagross|0 fnt\n|-heal|p1a: Golurk|9\/100|[from] drain|[of] p2a: Metagross\n|faint|p2a: Metagross\n|\n|-heal|p1a: Golurk|15\/100|[from] item: Leftovers\n|upkeep\n|\n|t:|1663360414\n|switch|p2a: Golisopod|Golisopod, F|100\/100\n|turn|11\n|\n|t:|1663360418\n|-singleturn|p1a: Golurk|move: Focus Punch\n|move|p2a: Golisopod|First Impression|p1a: Golurk\n|-resisted|p1a: Golurk\n|-damage|p1a: Golurk|0 fnt\n|faint|p1a: Golurk\n|\n|upkeep\n|\n|t:|1663360428\n|switch|p1a: Togekiss|Togekiss, F|100\/100\n|turn|12\n|\n|t:|1663360431\n|switch|p2a: Reuniclus|Reuniclus, M|100\/100\n|move|p1a: Togekiss|Defog|p2a: Reuniclus\n|-unboost|p2a: Reuniclus|evasion|1\n|-sideend|p2: yung_iznamakin|Stealth Rock|[from] move: Defog|[of] p1a: Togekiss\n|-sideend|p1: pkpklc6|Stealth Rock|[from] move: Defog|[of] p1a: Togekiss\n|\n|upkeep\n|turn|13\n|\n|t:|1663360436\n|move|p1a: Togekiss|Thunder Wave|p2a: Reuniclus\n|-status|p2a: Reuniclus|par\n|move|p2a: Reuniclus|Calm Mind|p2a: Reuniclus\n|-boost|p2a: Reuniclus|spa|1\n|-boost|p2a: Reuniclus|spd|1\n|\n|upkeep\n|turn|14\n|\n|t:|1663360441\n|move|p1a: Togekiss|Air Slash|p2a: Reuniclus\n|-damage|p2a: Reuniclus|83\/100 par\n|move|p2a: Reuniclus|Psyshock|p1a: Togekiss\n|-damage|p1a: Togekiss|50\/100\n|\n|upkeep\n|turn|15\n|\n|t:|1663360446\n|move|p1a: Togekiss|Air Slash|p2a: Reuniclus\n|-damage|p2a: Reuniclus|64\/100 par\n|cant|p2a: Reuniclus|flinch\n|\n|upkeep\n|turn|16\n|\n|t:|1663360451\n|switch|p1a: Grimmsnarl|Grimmsnarl, M|100\/100\n|move|p2a: Reuniclus|Recover|p2a: Reuniclus\n|-heal|p2a: Reuniclus|100\/100 par\n|\n|upkeep\n|turn|17\n|\n|t:|1663360457\n|switch|p2a: Golisopod|Golisopod, F|100\/100\n|move|p1a: Grimmsnarl|Bulk Up|p1a: Grimmsnarl\n|-boost|p1a: Grimmsnarl|atk|1\n|-boost|p1a: Grimmsnarl|def|1\n|\n|upkeep\n|turn|18\n|\n|t:|1663360463\n|move|p1a: Grimmsnarl|Bulk Up|p1a: Grimmsnarl\n|-boost|p1a: Grimmsnarl|atk|1\n|-boost|p1a: Grimmsnarl|def|1\n|move|p2a: Golisopod|Spikes|p1a: Grimmsnarl\n|-sidestart|p1: pkpklc6|Spikes\n|\n|upkeep\n|turn|19\n|\n|t:|1663360467\n|move|p1a: Grimmsnarl|Darkest Lariat|p2a: Golisopod\n|-damage|p2a: Golisopod|34\/100\n|-activate|p2a: Golisopod|ability: Emergency Exit\n|\n|t:|1663360471\n|switch|p2a: Diancie|Diancie|30\/100\n|\n|-heal|p2a: Diancie|37\/100|[from] item: Leftovers\n|upkeep\n|turn|20\n|\n|t:|1663360474\n|move|p1a: Grimmsnarl|Spirit Break|p2a: Diancie\n|-damage|p2a: Diancie|0 fnt\n|faint|p2a: Diancie\n|\n|upkeep\n|-message|yung_iznamakin forfeited.\n|\n|win|pkpklc6\n|raw|pkpklc6's rating: 1106 &rarr; <strong>1146<\/strong><br \/>(+40 for winning)\n|raw|yung_iznamakin's rating: 1348 &rarr; <strong>1316<\/strong><br \/>(-32 for losing)\n","uploadtime":1663360486,"views":3,"p1id":"pkpklc6","p2id":"yungiznamakin","formatid":"gen8ru","rating":1146,"private":0,"password":null}