{"id":"gen8nationaldex-1552372388","p1":"AurelZer","p2":"cows123p","format":"gen8nationaldex","log":"|j|\u2606AurelZer\n|j|\u2606cows123p\n|t:|1649842555\n|gametype|singles\n|player|p1|AurelZer|101|1540\n|player|p2|cows123p|twins-gen4dp|1463\n|teamsize|p1|6\n|teamsize|p2|6\n|gen|8\n|tier|[Gen 8] National Dex\n|rated|\n|rule|HP Percentage Mod: HP is shown in percentages\n|rule|Endless Battle Clause: Forcing endless battles is banned\n|rule|OHKO Clause: OHKO moves are banned\n|rule|Evasion Moves Clause: Evasion moves are banned\n|rule|Species Clause: Limit one of each Pok\u00e9mon\n|rule|Dynamax Clause: You cannot dynamax\n|rule|Sleep Clause Mod: Limit one foe put to sleep\n|clearpoke\n|poke|p1|Beedrill, M|\n|poke|p1|Magnezone|\n|poke|p1|Articuno-Galar|\n|poke|p1|Dragonite, F|\n|poke|p1|Heatran, F|\n|poke|p1|Quagsire, F|\n|poke|p2|Diggersby, M|\n|poke|p2|Azumarill, M|\n|poke|p2|Zapdos|\n|poke|p2|Ferrothorn, F|\n|poke|p2|Magnezone|\n|poke|p2|Garchomp, M|\n|teampreview\n|\n|t:|1649842566\n|start\n|switch|p1a: Beedrill|Beedrill, M|100\/100\n|switch|p2a: Garchomp|Garchomp, M|100\/100\n|turn|1\n|\n|t:|1649842571\n|detailschange|p1a: Beedrill|Beedrill-Mega, M\n|-mega|p1a: Beedrill|Beedrill|Beedrillite\n|move|p1a: Beedrill|U-turn|p2a: Garchomp\n|-damage|p2a: Garchomp|69\/100\n|-damage|p1a: Beedrill|88\/100|[from] ability: Rough Skin|[of] p2a: Garchomp\n|-damage|p1a: Beedrill|72\/100|[from] item: Rocky Helmet|[of] p2a: Garchomp\n|\n|t:|1649842579\n|switch|p1a: Quagsire|Quagsire, F, shiny|100\/100|[from]move: U-turn\n|move|p2a: Garchomp|Stealth Rock|p1a: Quagsire\n|-sidestart|p1: AurelZer|move: Stealth Rock\n|\n|upkeep\n|turn|2\n|\n|t:|1649842584\n|move|p2a: Garchomp|Toxic|p1a: Quagsire\n|-status|p1a: Quagsire|tox\n|move|p1a: Quagsire|Toxic|p2a: Garchomp\n|-status|p2a: Garchomp|tox\n|\n|-damage|p2a: Garchomp|63\/100 tox|[from] psn\n|-damage|p1a: Quagsire|94\/100 tox|[from] psn\n|upkeep\n|turn|3\n|\n|t:|1649842592\n|switch|p2a: Fat F*ck Ferro|Ferrothorn, F|100\/100\n|move|p1a: Quagsire|Scald|p2a: Fat F*ck Ferro\n|-resisted|p2a: Fat F*ck Ferro\n|-damage|p2a: Fat F*ck Ferro|95\/100\n|-status|p2a: Fat F*ck Ferro|brn\n|\n|-heal|p1a: Quagsire|100\/100 tox|[from] item: Leftovers\n|-heal|p2a: Fat F*ck Ferro|100\/100 brn|[from] item: Leftovers\n|-damage|p1a: Quagsire|88\/100 tox|[from] psn\n|-damage|p2a: Fat F*ck Ferro|94\/100 brn|[from] brn\n|upkeep\n|turn|4\n|\n|t:|1649842603\n|switch|p1a: Dragonite|Dragonite, F|100\/100\n|move|p2a: Fat F*ck Ferro|Leech Seed|p1a: Dragonite\n|-start|p1a: Dragonite|move: Leech Seed\n|\n|-heal|p2a: Fat F*ck Ferro|100\/100 brn|[from] item: Leftovers\n|-damage|p1a: Dragonite|88\/100|[from] Leech Seed|[of] p2a: Fat F*ck Ferro\n|-damage|p2a: Fat F*ck Ferro|94\/100 brn|[from] brn\n|upkeep\n|turn|5\n|\n|t:|1649842611\n|move|p2a: Fat F*ck Ferro|Protect|p2a: Fat F*ck Ferro\n|-singleturn|p2a: Fat F*ck Ferro|Protect\n|move|p1a: Dragonite|Defog|p2a: Fat F*ck Ferro\n|-activate|p2a: Fat F*ck Ferro|move: Protect\n|\n|-heal|p2a: Fat F*ck Ferro|100\/100 brn|[from] item: Leftovers\n|-damage|p1a: Dragonite|76\/100|[from] Leech Seed|[of] p2a: Fat F*ck Ferro\n|-damage|p2a: Fat F*ck Ferro|94\/100 brn|[from] brn\n|upkeep\n|turn|6\n|\n|t:|1649842621\n|switch|p1a: Magnezone|Magnezone|100\/100\n|-damage|p1a: Magnezone|94\/100|[from] Stealth Rock\n|switch|p2a: Garchomp|Garchomp, M|63\/100 tox\n|\n|-damage|p2a: Garchomp|57\/100 tox|[from] psn\n|upkeep\n|turn|7\n|\n|t:|1649842634\n|switch|p1a: Dragonite|Dragonite, F|76\/100\n|move|p2a: Garchomp|Dragon Tail|p1a: Dragonite\n|-supereffective|p1a: Dragonite\n|-damage|p1a: Dragonite|30\/100\n|drag|p1a: Articuno|Articuno-Galar, shiny|100\/100\n|-damage|p1a: Articuno|76\/100|[from] Stealth Rock\n|\n|-damage|p2a: Garchomp|44\/100 tox|[from] psn\n|upkeep\n|turn|8\n|\n|t:|1649842644\n|switch|p1a: Magnezone|Magnezone|94\/100\n|-damage|p1a: Magnezone|88\/100|[from] Stealth Rock\n|move|p2a: Garchomp|Dragon Tail|p1a: Magnezone\n|-resisted|p1a: Magnezone\n|-damage|p1a: Magnezone|73\/100\n|drag|p1a: Heatran|Heatran, F|100\/100\n|-damage|p1a: Heatran|88\/100|[from] Stealth Rock\n|\n|-damage|p2a: Garchomp|26\/100 tox|[from] psn\n|upkeep\n|turn|9\n|\n|t:|1649842654\n|move|p2a: Garchomp|Earthquake|p1a: Heatran\n|-supereffective|p1a: Heatran\n|-damage|p1a: Heatran|0 fnt\n|faint|p1a: Heatran\n|\n|-damage|p2a: Garchomp|1\/100 tox|[from] psn\n|upkeep\n|-message|AurelZer forfeited.\n|\n|win|cows123p\n|raw|AurelZer's rating: 1540 &rarr; <strong>1516<\/strong><br \/>(-24 for losing)\n|raw|cows123p's rating: 1463 &rarr; <strong>1487<\/strong><br \/>(+24 for winning)\n|l|\u2606AurelZer\n||Ladder isn't responding, score probably updated but might not have (Request timeout).\n","uploadtime":1649842670,"views":9,"p1id":"aurelzer","p2id":"cows123p","formatid":"gen8nationaldex","rating":1487,"private":0,"password":null}