{"id":"gen8ou-1670486272","p1":"machugen","p2":"QiYu5","format":"gen8ou","log":"|j|\u2606machugen\n|j|\u2606QiYu5\n|t:|1664167654\n|gametype|singles\n|player|p1|machugen|byron|1592\n|player|p2|QiYu5|drayden|1660\n|teamsize|p1|6\n|teamsize|p2|6\n|gen|8\n|tier|[Gen 8] OU\n|rated|\n|rule|Sleep Clause Mod: Limit one foe put to sleep\n|rule|Species Clause: Limit one of each Pok\u00e9mon\n|rule|OHKO Clause: OHKO moves are banned\n|rule|Evasion Items Clause: Evasion items are banned\n|rule|Evasion Moves Clause: Evasion moves are banned\n|rule|Endless Battle Clause: Forcing endless battles is banned\n|rule|HP Percentage Mod: HP is shown in percentages\n|rule|Dynamax Clause: You cannot dynamax\n|clearpoke\n|poke|p1|Nihilego|\n|poke|p1|Kartana|\n|poke|p1|Magnezone|\n|poke|p1|Slowbro, F|\n|poke|p1|Tornadus-Therian, M|\n|poke|p1|Hippowdon, M|\n|poke|p2|Slowbro, F|\n|poke|p2|Clefable, F|\n|poke|p2|Corviknight, M|\n|poke|p2|Tyranitar, F|\n|poke|p2|Volcarona, F|\n|poke|p2|Slowking-Galar, F|\n|teampreview\n|j| Pikablu007\n|l| Pikablu007\n|\n|t:|1664167677\n|start\n|switch|p1a: Tornadus|Tornadus-Therian, M|100\/100\n|switch|p2a: \u6708\u7206\u4e0d\u75bc\u4e0d\u8981\u94b1|Clefable, F|100\/100\n|turn|1\n|\n|t:|1664167680\n|move|p1a: Tornadus|Knock Off|p2a: \u6708\u7206\u4e0d\u75bc\u4e0d\u8981\u94b1\n|-resisted|p2a: \u6708\u7206\u4e0d\u75bc\u4e0d\u8981\u94b1\n|-damage|p2a: \u6708\u7206\u4e0d\u75bc\u4e0d\u8981\u94b1|93\/100\n|-enditem|p2a: \u6708\u7206\u4e0d\u75bc\u4e0d\u8981\u94b1|Leftovers|[from] move: Knock Off|[of] p1a: Tornadus\n|move|p2a: \u6708\u7206\u4e0d\u75bc\u4e0d\u8981\u94b1|Knock Off|p1a: Tornadus\n|-damage|p1a: Tornadus|83\/100\n|-enditem|p1a: Tornadus|Heavy-Duty Boots|[from] move: Knock Off|[of] p2a: \u6708\u7206\u4e0d\u75bc\u4e0d\u8981\u94b1\n|\n|upkeep\n|turn|2\n|\n|t:|1664167685\n|move|p1a: Tornadus|Hurricane|p2a: \u6708\u7206\u4e0d\u75bc\u4e0d\u8981\u94b1\n|-damage|p2a: \u6708\u7206\u4e0d\u75bc\u4e0d\u8981\u94b1|53\/100\n|move|p2a: \u6708\u7206\u4e0d\u75bc\u4e0d\u8981\u94b1|Calm Mind|p2a: \u6708\u7206\u4e0d\u75bc\u4e0d\u8981\u94b1\n|-boost|p2a: \u6708\u7206\u4e0d\u75bc\u4e0d\u8981\u94b1|spa|1\n|-boost|p2a: \u6708\u7206\u4e0d\u75bc\u4e0d\u8981\u94b1|spd|1\n|\n|upkeep\n|turn|3\n|\n|t:|1664167693\n|move|p1a: Tornadus|U-turn|p2a: \u6708\u7206\u4e0d\u75bc\u4e0d\u8981\u94b1\n|-resisted|p2a: \u6708\u7206\u4e0d\u75bc\u4e0d\u8981\u94b1\n|-damage|p2a: \u6708\u7206\u4e0d\u75bc\u4e0d\u8981\u94b1|47\/100\n|\n|t:|1664167694\n|switch|p1a: Nihilego|Nihilego|100\/100|[from]move: U-turn\n|move|p2a: \u6708\u7206\u4e0d\u75bc\u4e0d\u8981\u94b1|Knock Off|p1a: Nihilego\n|-damage|p1a: Nihilego|76\/100\n|-enditem|p1a: Nihilego|Power Herb|[from] move: Knock Off|[of] p2a: \u6708\u7206\u4e0d\u75bc\u4e0d\u8981\u94b1\n|\n|upkeep\n|turn|4\n|\n|t:|1664167701\n|switch|p2a: \u6253\u67b6\u4e0d\u5fd8\u6234\u5934\u76d4|Slowking-Galar, F|100\/100\n|move|p1a: Nihilego|Sludge Wave|p2a: \u6253\u67b6\u4e0d\u5fd8\u6234\u5934\u76d4\n|-resisted|p2a: \u6253\u67b6\u4e0d\u5fd8\u6234\u5934\u76d4\n|-damage|p2a: \u6253\u67b6\u4e0d\u5fd8\u6234\u5934\u76d4|90\/100\n|\n|upkeep\n|turn|5\n|\n|t:|1664167706\n|switch|p1a: Hippowdon|Hippowdon, M|100\/100\n|-weather|Sandstorm|[from] ability: Sand Stream|[of] p1a: Hippowdon\n|move|p2a: \u6253\u67b6\u4e0d\u5fd8\u6234\u5934\u76d4|Future Sight|p1a: Hippowdon\n|-start|p2a: \u6253\u67b6\u4e0d\u5fd8\u6234\u5934\u76d4|move: Future Sight\n|\n|-weather|Sandstorm|[upkeep]\n|-damage|p2a: \u6253\u67b6\u4e0d\u5fd8\u6234\u5934\u76d4|83\/100|[from] Sandstorm\n|upkeep\n|turn|6\n|\n|t:|1664167709\n|move|p1a: Hippowdon|Stealth Rock|p2a: \u6253\u67b6\u4e0d\u5fd8\u6234\u5934\u76d4\n|-sidestart|p2: QiYu5|move: Stealth Rock\n|move|p2a: \u6253\u67b6\u4e0d\u5fd8\u6234\u5934\u76d4|Ice Beam|p1a: Hippowdon\n|-supereffective|p1a: Hippowdon\n|-damage|p1a: Hippowdon|69\/100\n|\n|-weather|Sandstorm|[upkeep]\n|-damage|p2a: \u6253\u67b6\u4e0d\u5fd8\u6234\u5934\u76d4|77\/100|[from] Sandstorm\n|-heal|p1a: Hippowdon|76\/100|[from] item: Leftovers\n|upkeep\n|turn|7\n|\n|t:|1664167715\n|switch|p2a: \u7a97\u5916\u7684\u9ebb\u96c0\u5728\u7535\u7ebf\u6746\u4e0a\u5575\u5634|Corviknight, M|100\/100\n|-damage|p2a: \u7a97\u5916\u7684\u9ebb\u96c0\u5728\u7535\u7ebf\u6746\u4e0a\u5575\u5634|88\/100|[from] Stealth Rock\n|-ability|p2a: \u7a97\u5916\u7684\u9ebb\u96c0\u5728\u7535\u7ebf\u6746\u4e0a\u5575\u5634|Pressure\n|move|p1a: Hippowdon|Slack Off|p1a: Hippowdon\n|-heal|p1a: Hippowdon|100\/100\n|\n|-weather|Sandstorm|[upkeep]\n|-end|p1a: Hippowdon|move: Future Sight\n|-damage|p1a: Hippowdon|69\/100\n|-heal|p2a: \u7a97\u5916\u7684\u9ebb\u96c0\u5728\u7535\u7ebf\u6746\u4e0a\u5575\u5634|94\/100|[from] item: Leftovers\n|-heal|p1a: Hippowdon|75\/100|[from] item: Leftovers\n|upkeep\n|turn|8\n|\n|t:|1664167721\n|switch|p2a: \u628a\u7231\u85cf\u5728\u6c99\u91cc \u8fd8\u6709\u4f60\u7684\u6d88\u606f|Tyranitar, F|100\/100\n|-damage|p2a: \u628a\u7231\u85cf\u5728\u6c99\u91cc \u8fd8\u6709\u4f60\u7684\u6d88\u606f|88\/100|[from] Stealth Rock\n|switch|p1a: Tornadus|Tornadus-Therian, M|100\/100\n|\n|-weather|Sandstorm|[upkeep]\n|-damage|p1a: Tornadus|94\/100|[from] Sandstorm\n|-heal|p2a: \u628a\u7231\u85cf\u5728\u6c99\u91cc \u8fd8\u6709\u4f60\u7684\u6d88\u606f|94\/100|[from] item: Leftovers\n|upkeep\n|turn|9\n|\n|t:|1664167726\n|move|p1a: Tornadus|Knock Off|p2a: \u628a\u7231\u85cf\u5728\u6c99\u91cc \u8fd8\u6709\u4f60\u7684\u6d88\u606f\n|-resisted|p2a: \u628a\u7231\u85cf\u5728\u6c99\u91cc \u8fd8\u6709\u4f60\u7684\u6d88\u606f\n|-damage|p2a: \u628a\u7231\u85cf\u5728\u6c99\u91cc \u8fd8\u6709\u4f60\u7684\u6d88\u606f|86\/100\n|-enditem|p2a: \u628a\u7231\u85cf\u5728\u6c99\u91cc \u8fd8\u6709\u4f60\u7684\u6d88\u606f|Leftovers|[from] move: Knock Off|[of] p1a: Tornadus\n|move|p2a: \u628a\u7231\u85cf\u5728\u6c99\u91cc \u8fd8\u6709\u4f60\u7684\u6d88\u606f|Stealth Rock|p1a: Tornadus\n|-sidestart|p1: machugen|move: Stealth Rock\n|\n|-weather|none\n|upkeep\n|turn|10\n|\n|t:|1664167732\n|move|p1a: Tornadus|U-turn|p2a: \u628a\u7231\u85cf\u5728\u6c99\u91cc \u8fd8\u6709\u4f60\u7684\u6d88\u606f\n|-supereffective|p2a: \u628a\u7231\u85cf\u5728\u6c99\u91cc \u8fd8\u6709\u4f60\u7684\u6d88\u606f\n|-damage|p2a: \u628a\u7231\u85cf\u5728\u6c99\u91cc \u8fd8\u6709\u4f60\u7684\u6d88\u606f|64\/100\n|\n|t:|1664167734\n|switch|p1a: Slowbro|Slowbro, F|100\/100|[from]move: U-turn\n|-damage|p1a: Slowbro|88\/100|[from] Stealth Rock\n|move|p2a: \u628a\u7231\u85cf\u5728\u6c99\u91cc \u8fd8\u6709\u4f60\u7684\u6d88\u606f|Flamethrower|p1a: Slowbro\n|-resisted|p1a: Slowbro\n|-damage|p1a: Slowbro|79\/100\n|\n|upkeep\n|turn|11\n|\n|t:|1664167739\n|switch|p2a: \u6708\u7206\u4e0d\u75bc\u4e0d\u8981\u94b1|Clefable, F|47\/100\n|move|p1a: Slowbro|Teleport|p1a: Slowbro\n|\n|t:|1664167746\n|switch|p1a: Kartana|Kartana|100\/100|[from]move: Teleport\n|-damage|p1a: Kartana|94\/100|[from] Stealth Rock\n|\n|upkeep\n|turn|12\n|\n|t:|1664167751\n|switch|p2a: \u6211\u7684\u5fc3\u810f\u8109\u640f\u4e3a\u4f60\u8df3\u52a8\u4e3a\u4f60\u72c2|Volcarona, F|100\/100\n|move|p1a: Kartana|Smart Strike|p2a: \u6211\u7684\u5fc3\u810f\u8109\u640f\u4e3a\u4f60\u8df3\u52a8\u4e3a\u4f60\u72c2\n|-resisted|p2a: \u6211\u7684\u5fc3\u810f\u8109\u640f\u4e3a\u4f60\u8df3\u52a8\u4e3a\u4f60\u72c2\n|-damage|p2a: \u6211\u7684\u5fc3\u810f\u8109\u640f\u4e3a\u4f60\u8df3\u52a8\u4e3a\u4f60\u72c2|81\/100\n|\n|upkeep\n|turn|13\n|\n|t:|1664167761\n|switch|p1a: Hippowdon|Hippowdon, M|75\/100\n|-damage|p1a: Hippowdon|69\/100|[from] Stealth Rock\n|-weather|Sandstorm|[from] ability: Sand Stream|[of] p1a: Hippowdon\n|move|p2a: \u6211\u7684\u5fc3\u810f\u8109\u640f\u4e3a\u4f60\u8df3\u52a8\u4e3a\u4f60\u72c2|Quiver Dance|p2a: \u6211\u7684\u5fc3\u810f\u8109\u640f\u4e3a\u4f60\u8df3\u52a8\u4e3a\u4f60\u72c2\n|-boost|p2a: \u6211\u7684\u5fc3\u810f\u8109\u640f\u4e3a\u4f60\u8df3\u52a8\u4e3a\u4f60\u72c2|spa|1\n|-boost|p2a: \u6211\u7684\u5fc3\u810f\u8109\u640f\u4e3a\u4f60\u8df3\u52a8\u4e3a\u4f60\u72c2|spd|1\n|-boost|p2a: \u6211\u7684\u5fc3\u810f\u8109\u640f\u4e3a\u4f60\u8df3\u52a8\u4e3a\u4f60\u72c2|spe|1\n|\n|-weather|Sandstorm|[upkeep]\n|-damage|p2a: \u6211\u7684\u5fc3\u810f\u8109\u640f\u4e3a\u4f60\u8df3\u52a8\u4e3a\u4f60\u72c2|75\/100|[from] Sandstorm\n|-heal|p1a: Hippowdon|75\/100|[from] item: Leftovers\n|upkeep\n|turn|14\n|\n|t:|1664167763\n|move|p2a: \u6211\u7684\u5fc3\u810f\u8109\u640f\u4e3a\u4f60\u8df3\u52a8\u4e3a\u4f60\u72c2|Flamethrower|p1a: Hippowdon\n|-damage|p1a: Hippowdon|35\/100\n|move|p1a: Hippowdon|Earthquake|p2a: \u6211\u7684\u5fc3\u810f\u8109\u640f\u4e3a\u4f60\u8df3\u52a8\u4e3a\u4f60\u72c2\n|-damage|p2a: \u6211\u7684\u5fc3\u810f\u8109\u640f\u4e3a\u4f60\u8df3\u52a8\u4e3a\u4f60\u72c2|44\/100\n|\n|-weather|Sandstorm|[upkeep]\n|-damage|p2a: \u6211\u7684\u5fc3\u810f\u8109\u640f\u4e3a\u4f60\u8df3\u52a8\u4e3a\u4f60\u72c2|38\/100|[from] Sandstorm\n|-heal|p1a: Hippowdon|41\/100|[from] item: Leftovers\n|upkeep\n|turn|15\n|\n|t:|1664167770\n|move|p2a: \u6211\u7684\u5fc3\u810f\u8109\u640f\u4e3a\u4f60\u8df3\u52a8\u4e3a\u4f60\u72c2|Flamethrower|p1a: Hippowdon\n|-damage|p1a: Hippowdon|0 fnt\n|faint|p1a: Hippowdon\n|\n|-weather|Sandstorm|[upkeep]\n|-damage|p2a: \u6211\u7684\u5fc3\u810f\u8109\u640f\u4e3a\u4f60\u8df3\u52a8\u4e3a\u4f60\u72c2|32\/100|[from] Sandstorm\n|upkeep\n|\n|t:|1664167771\n|switch|p1a: Nihilego|Nihilego|76\/100\n|-damage|p1a: Nihilego|64\/100|[from] Stealth Rock\n|turn|16\n|\n|t:|1664167776\n|move|p2a: \u6211\u7684\u5fc3\u810f\u8109\u640f\u4e3a\u4f60\u8df3\u52a8\u4e3a\u4f60\u72c2|Roost|p2a: \u6211\u7684\u5fc3\u810f\u8109\u640f\u4e3a\u4f60\u8df3\u52a8\u4e3a\u4f60\u72c2\n|-heal|p2a: \u6211\u7684\u5fc3\u810f\u8109\u640f\u4e3a\u4f60\u8df3\u52a8\u4e3a\u4f60\u72c2|82\/100\n|-singleturn|p2a: \u6211\u7684\u5fc3\u810f\u8109\u640f\u4e3a\u4f60\u8df3\u52a8\u4e3a\u4f60\u72c2|move: Roost\n|move|p1a: Nihilego|Meteor Beam||[still]\n|-prepare|p1a: Nihilego|Meteor Beam\n|-boost|p1a: Nihilego|spa|1\n|\n|-weather|Sandstorm|[upkeep]\n|-damage|p2a: \u6211\u7684\u5fc3\u810f\u8109\u640f\u4e3a\u4f60\u8df3\u52a8\u4e3a\u4f60\u72c2|76\/100|[from] Sandstorm\n|upkeep\n|turn|17\n|\n|t:|1664167782\n|switch|p2a: \u6253\u67b6\u4e0d\u5fd8\u6234\u5934\u76d4|Slowking-Galar, F|100\/100\n|-damage|p2a: \u6253\u67b6\u4e0d\u5fd8\u6234\u5934\u76d4|88\/100|[from] Stealth Rock\n|move|p1a: Nihilego|Meteor Beam|p2a: \u6253\u67b6\u4e0d\u5fd8\u6234\u5934\u76d4|[from]lockedmove\n|-damage|p2a: \u6253\u67b6\u4e0d\u5fd8\u6234\u5934\u76d4|45\/100\n|\n|-weather|none\n|upkeep\n|turn|18\n|inactive|Battle timer is ON: inactive players will automatically lose when time's up. (requested by machugen)\n|\n|t:|1664167788\n|move|p1a: Nihilego|Meteor Beam||[still]\n|-prepare|p1a: Nihilego|Meteor Beam\n|-boost|p1a: Nihilego|spa|1\n|move|p2a: \u6253\u67b6\u4e0d\u5fd8\u6234\u5934\u76d4|Future Sight|p1a: Nihilego\n|-start|p2a: \u6253\u67b6\u4e0d\u5fd8\u6234\u5934\u76d4|move: Future Sight\n|\n|upkeep\n|turn|19\n|\n|t:|1664167796\n|switch|p2a: \u6708\u7206\u4e0d\u75bc\u4e0d\u8981\u94b1|Clefable, F|47\/100\n|move|p1a: Nihilego|Meteor Beam|p2a: \u6708\u7206\u4e0d\u75bc\u4e0d\u8981\u94b1|[from]lockedmove\n|-crit|p2a: \u6708\u7206\u4e0d\u75bc\u4e0d\u8981\u94b1\n|-damage|p2a: \u6708\u7206\u4e0d\u75bc\u4e0d\u8981\u94b1|0 fnt\n|faint|p2a: \u6708\u7206\u4e0d\u75bc\u4e0d\u8981\u94b1\n|-ability|p1a: Nihilego|Beast Boost|boost\n|-boost|p1a: Nihilego|spa|1\n|\n|upkeep\n|\n|t:|1664167802\n|switch|p2a: \u6253\u67b6\u4e0d\u5fd8\u6234\u5934\u76d4|Slowking-Galar, F|78\/100\n|-damage|p2a: \u6253\u67b6\u4e0d\u5fd8\u6234\u5934\u76d4|65\/100|[from] Stealth Rock\n|turn|20\n|\n|t:|1664167807\n|switch|p1a: Slowbro|Slowbro, F|100\/100\n|-damage|p1a: Slowbro|88\/100|[from] Stealth Rock\n|move|p2a: \u6253\u67b6\u4e0d\u5fd8\u6234\u5934\u76d4|Focus Blast|p1a: Slowbro\n|-resisted|p1a: Slowbro\n|-damage|p1a: Slowbro|74\/100\n|\n|-end|p1a: Slowbro|move: Future Sight\n|-resisted|p1a: Slowbro\n|-damage|p1a: Slowbro|49\/100\n|upkeep\n|turn|21\n|\n|t:|1664167811\n|switch|p1a: Tornadus|Tornadus-Therian, M|100\/100\n|-damage|p1a: Tornadus|76\/100|[from] Stealth Rock\n|move|p2a: \u6253\u67b6\u4e0d\u5fd8\u6234\u5934\u76d4|Future Sight|p1a: Tornadus\n|-start|p2a: \u6253\u67b6\u4e0d\u5fd8\u6234\u5934\u76d4|move: Future Sight\n|\n|upkeep\n|turn|22\n|\n|t:|1664167815\n|switch|p2a: \u628a\u7231\u85cf\u5728\u6c99\u91cc \u8fd8\u6709\u4f60\u7684\u6d88\u606f|Tyranitar, F|64\/100\n|-damage|p2a: \u628a\u7231\u85cf\u5728\u6c99\u91cc \u8fd8\u6709\u4f60\u7684\u6d88\u606f|52\/100|[from] Stealth Rock\n|-weather|Sandstorm|[from] ability: Sand Stream|[of] p2a: \u628a\u7231\u85cf\u5728\u6c99\u91cc \u8fd8\u6709\u4f60\u7684\u6d88\u606f\n|move|p1a: Tornadus|Knock Off|p2a: \u628a\u7231\u85cf\u5728\u6c99\u91cc \u8fd8\u6709\u4f60\u7684\u6d88\u606f\n|-resisted|p2a: \u628a\u7231\u85cf\u5728\u6c99\u91cc \u8fd8\u6709\u4f60\u7684\u6d88\u606f\n|-damage|p2a: \u628a\u7231\u85cf\u5728\u6c99\u91cc \u8fd8\u6709\u4f60\u7684\u6d88\u606f|47\/100\n|\n|-weather|Sandstorm|[upkeep]\n|-damage|p1a: Tornadus|69\/100|[from] Sandstorm\n|upkeep\n|turn|23\n|\n|t:|1664167819\n|move|p1a: Tornadus|U-turn|p2a: \u628a\u7231\u85cf\u5728\u6c99\u91cc \u8fd8\u6709\u4f60\u7684\u6d88\u606f\n|-supereffective|p2a: \u628a\u7231\u85cf\u5728\u6c99\u91cc \u8fd8\u6709\u4f60\u7684\u6d88\u606f\n|-damage|p2a: \u628a\u7231\u85cf\u5728\u6c99\u91cc \u8fd8\u6709\u4f60\u7684\u6d88\u606f|23\/100\n|\n|t:|1664167821\n|switch|p1a: Slowbro|Slowbro, F|82\/100|[from]move: U-turn\n|-damage|p1a: Slowbro|70\/100|[from] Stealth Rock\n|move|p2a: \u628a\u7231\u85cf\u5728\u6c99\u91cc \u8fd8\u6709\u4f60\u7684\u6d88\u606f|Earthquake|p1a: Slowbro\n|-damage|p1a: Slowbro|52\/100\n|\n|-weather|Sandstorm|[upkeep]\n|-damage|p1a: Slowbro|46\/100|[from] Sandstorm\n|-end|p1a: Slowbro|move: Future Sight\n|-resisted|p1a: Slowbro\n|-damage|p1a: Slowbro|23\/100\n|upkeep\n|turn|24\n|\n|t:|1664167825\n|move|p2a: \u628a\u7231\u85cf\u5728\u6c99\u91cc \u8fd8\u6709\u4f60\u7684\u6d88\u606f|Rest|p2a: \u628a\u7231\u85cf\u5728\u6c99\u91cc \u8fd8\u6709\u4f60\u7684\u6d88\u606f\n|-status|p2a: \u628a\u7231\u85cf\u5728\u6c99\u91cc \u8fd8\u6709\u4f60\u7684\u6d88\u606f|slp|[from] move: Rest\n|-heal|p2a: \u628a\u7231\u85cf\u5728\u6c99\u91cc \u8fd8\u6709\u4f60\u7684\u6d88\u606f|100\/100 slp|[silent]\n|move|p1a: Slowbro|Slack Off|p1a: Slowbro\n|-heal|p1a: Slowbro|73\/100\n|\n|-weather|Sandstorm|[upkeep]\n|-damage|p1a: Slowbro|67\/100|[from] Sandstorm\n|upkeep\n|turn|25\n|\n|t:|1664167829\n|cant|p2a: \u628a\u7231\u85cf\u5728\u6c99\u91cc \u8fd8\u6709\u4f60\u7684\u6d88\u606f|slp\n|move|p1a: Slowbro|Teleport|p1a: Slowbro\n|\n|t:|1664167833\n|switch|p1a: Kartana|Kartana|94\/100|[from]move: Teleport\n|-damage|p1a: Kartana|88\/100|[from] Stealth Rock\n|\n|-weather|Sandstorm|[upkeep]\n|upkeep\n|turn|26\n|\n|t:|1664167839\n|move|p1a: Kartana|Knock Off|p2a: \u628a\u7231\u85cf\u5728\u6c99\u91cc \u8fd8\u6709\u4f60\u7684\u6d88\u606f\n|-resisted|p2a: \u628a\u7231\u85cf\u5728\u6c99\u91cc \u8fd8\u6709\u4f60\u7684\u6d88\u606f\n|-damage|p2a: \u628a\u7231\u85cf\u5728\u6c99\u91cc \u8fd8\u6709\u4f60\u7684\u6d88\u606f|90\/100 slp\n|cant|p2a: \u628a\u7231\u85cf\u5728\u6c99\u91cc \u8fd8\u6709\u4f60\u7684\u6d88\u606f|slp\n|\n|-weather|none\n|upkeep\n|turn|27\n|\n|t:|1664167841\n|switch|p1a: Slowbro|Slowbro, F|100\/100\n|-damage|p1a: Slowbro|88\/100|[from] Stealth Rock\n|-curestatus|p2a: \u628a\u7231\u85cf\u5728\u6c99\u91cc \u8fd8\u6709\u4f60\u7684\u6d88\u606f|slp|[msg]\n|move|p2a: \u628a\u7231\u85cf\u5728\u6c99\u91cc \u8fd8\u6709\u4f60\u7684\u6d88\u606f|Flamethrower|p1a: Slowbro\n|-resisted|p1a: Slowbro\n|-damage|p1a: Slowbro|79\/100\n|\n|upkeep\n|turn|28\n|\n|t:|1664167846\n|switch|p2a: \u9493\u9c7c\u4e0d\u5fd8\u6234\u5934\u76d4|Slowbro, F|100\/100\n|-damage|p2a: \u9493\u9c7c\u4e0d\u5fd8\u6234\u5934\u76d4|88\/100|[from] Stealth Rock\n|move|p1a: Slowbro|Body Press|p2a: \u9493\u9c7c\u4e0d\u5fd8\u6234\u5934\u76d4\n|-resisted|p2a: \u9493\u9c7c\u4e0d\u5fd8\u6234\u5934\u76d4\n|-damage|p2a: \u9493\u9c7c\u4e0d\u5fd8\u6234\u5934\u76d4|80\/100\n|-damage|p1a: Slowbro|62\/100|[from] item: Rocky Helmet|[of] p2a: \u9493\u9c7c\u4e0d\u5fd8\u6234\u5934\u76d4\n|\n|upkeep\n|turn|29\n|\n|t:|1664167851\n|move|p2a: \u9493\u9c7c\u4e0d\u5fd8\u6234\u5934\u76d4|Thunder Wave|p1a: Slowbro|[miss]\n|-miss|p2a: \u9493\u9c7c\u4e0d\u5fd8\u6234\u5934\u76d4|p1a: Slowbro\n|move|p1a: Slowbro|Teleport|p1a: Slowbro\n|\n|t:|1664167857\n|switch|p1a: Kartana|Kartana|88\/100|[from]move: Teleport\n|-damage|p1a: Kartana|82\/100|[from] Stealth Rock\n|\n|upkeep\n|turn|30\n|\n|t:|1664167862\n|move|p1a: Kartana|Knock Off|p2a: \u9493\u9c7c\u4e0d\u5fd8\u6234\u5934\u76d4\n|-supereffective|p2a: \u9493\u9c7c\u4e0d\u5fd8\u6234\u5934\u76d4\n|-damage|p2a: \u9493\u9c7c\u4e0d\u5fd8\u6234\u5934\u76d4|29\/100\n|-damage|p1a: Kartana|65\/100|[from] item: Rocky Helmet|[of] p2a: \u9493\u9c7c\u4e0d\u5fd8\u6234\u5934\u76d4\n|-enditem|p2a: \u9493\u9c7c\u4e0d\u5fd8\u6234\u5934\u76d4|Rocky Helmet|[from] move: Knock Off|[of] p1a: Kartana\n|move|p2a: \u9493\u9c7c\u4e0d\u5fd8\u6234\u5934\u76d4|Scald|p1a: Kartana\n|-resisted|p1a: Kartana\n|-damage|p1a: Kartana|24\/100\n|\n|upkeep\n|turn|31\n|\n|t:|1664167866\n|switch|p2a: \u628a\u7231\u85cf\u5728\u6c99\u91cc \u8fd8\u6709\u4f60\u7684\u6d88\u606f|Tyranitar, F|90\/100\n|-damage|p2a: \u628a\u7231\u85cf\u5728\u6c99\u91cc \u8fd8\u6709\u4f60\u7684\u6d88\u606f|77\/100|[from] Stealth Rock\n|-weather|Sandstorm|[from] ability: Sand Stream|[of] p2a: \u628a\u7231\u85cf\u5728\u6c99\u91cc \u8fd8\u6709\u4f60\u7684\u6d88\u606f\n|move|p1a: Kartana|Knock Off|p2a: \u628a\u7231\u85cf\u5728\u6c99\u91cc \u8fd8\u6709\u4f60\u7684\u6d88\u606f\n|-resisted|p2a: \u628a\u7231\u85cf\u5728\u6c99\u91cc \u8fd8\u6709\u4f60\u7684\u6d88\u606f\n|-damage|p2a: \u628a\u7231\u85cf\u5728\u6c99\u91cc \u8fd8\u6709\u4f60\u7684\u6d88\u606f|66\/100\n|\n|-weather|Sandstorm|[upkeep]\n|upkeep\n|turn|32\n|\n|t:|1664167871\n|switch|p1a: Slowbro|Slowbro, F|96\/100\n|-damage|p1a: Slowbro|83\/100|[from] Stealth Rock\n|switch|p2a: \u9493\u9c7c\u4e0d\u5fd8\u6234\u5934\u76d4|Slowbro, F|62\/100\n|-damage|p2a: \u9493\u9c7c\u4e0d\u5fd8\u6234\u5934\u76d4|50\/100|[from] Stealth Rock\n|\n|-weather|Sandstorm|[upkeep]\n|-damage|p1a: Slowbro|77\/100|[from] Sandstorm\n|-damage|p2a: \u9493\u9c7c\u4e0d\u5fd8\u6234\u5934\u76d4|44\/100|[from] Sandstorm\n|upkeep\n|turn|33\n|\n|t:|1664167874\n|move|p2a: \u9493\u9c7c\u4e0d\u5fd8\u6234\u5934\u76d4|Slack Off|p2a: \u9493\u9c7c\u4e0d\u5fd8\u6234\u5934\u76d4\n|-heal|p2a: \u9493\u9c7c\u4e0d\u5fd8\u6234\u5934\u76d4|94\/100\n|move|p1a: Slowbro|Teleport|p1a: Slowbro\n|\n|t:|1664167880\n|switch|p1a: Tornadus|Tornadus-Therian, M|100\/100|[from]move: Teleport\n|-damage|p1a: Tornadus|76\/100|[from] Stealth Rock\n|\n|-weather|Sandstorm|[upkeep]\n|-damage|p1a: Tornadus|69\/100|[from] Sandstorm\n|-damage|p2a: \u9493\u9c7c\u4e0d\u5fd8\u6234\u5934\u76d4|88\/100|[from] Sandstorm\n|upkeep\n|turn|34\n|\n|t:|1664167882\n|move|p1a: Tornadus|Defog|p2a: \u9493\u9c7c\u4e0d\u5fd8\u6234\u5934\u76d4\n|-unboost|p2a: \u9493\u9c7c\u4e0d\u5fd8\u6234\u5934\u76d4|evasion|1\n|-sideend|p2: QiYu5|Stealth Rock|[from] move: Defog|[of] p1a: Tornadus\n|-sideend|p1: machugen|Stealth Rock|[from] move: Defog|[of] p1a: Tornadus\n|move|p2a: \u9493\u9c7c\u4e0d\u5fd8\u6234\u5934\u76d4|Scald|p1a: Tornadus\n|-damage|p1a: Tornadus|43\/100\n|\n|-weather|Sandstorm|[upkeep]\n|-damage|p1a: Tornadus|37\/100|[from] Sandstorm\n|-damage|p2a: \u9493\u9c7c\u4e0d\u5fd8\u6234\u5934\u76d4|82\/100|[from] Sandstorm\n|upkeep\n|turn|35\n|\n|t:|1664167884\n|move|p1a: Tornadus|U-turn|p2a: \u9493\u9c7c\u4e0d\u5fd8\u6234\u5934\u76d4\n|-supereffective|p2a: \u9493\u9c7c\u4e0d\u5fd8\u6234\u5934\u76d4\n|-damage|p2a: \u9493\u9c7c\u4e0d\u5fd8\u6234\u5934\u76d4|62\/100\n|\n|t:|1664167886\n|switch|p1a: Magnezone|Magnezone|100\/100|[from]move: U-turn\n|-item|p1a: Magnezone|Air Balloon\n|move|p2a: \u9493\u9c7c\u4e0d\u5fd8\u6234\u5934\u76d4|Scald|p1a: Magnezone\n|-damage|p1a: Magnezone|71\/100\n|-status|p1a: Magnezone|brn\n|-enditem|p1a: Magnezone|Air Balloon\n|\n|-weather|none\n|-damage|p1a: Magnezone|65\/100 brn|[from] brn\n|upkeep\n|turn|36\n|\n|t:|1664167895\n|switch|p1a: Kartana|Kartana|24\/100\n|switch|p2a: \u6253\u67b6\u4e0d\u5fd8\u6234\u5934\u76d4|Slowking-Galar, F|99\/100\n|\n|upkeep\n|turn|37\n|\n|t:|1664167900\n|move|p1a: Kartana|Knock Off|p2a: \u6253\u67b6\u4e0d\u5fd8\u6234\u5934\u76d4\n|-supereffective|p2a: \u6253\u67b6\u4e0d\u5fd8\u6234\u5934\u76d4\n|-damage|p2a: \u6253\u67b6\u4e0d\u5fd8\u6234\u5934\u76d4|22\/100\n|-enditem|p2a: \u6253\u67b6\u4e0d\u5fd8\u6234\u5934\u76d4|Assault Vest|[from] move: Knock Off|[of] p1a: Kartana\n|move|p2a: \u6253\u67b6\u4e0d\u5fd8\u6234\u5934\u76d4|Ice Beam|p1a: Kartana\n|-damage|p1a: Kartana|0 fnt\n|faint|p1a: Kartana\n|\n|upkeep\n|\n|t:|1664167903\n|switch|p1a: Nihilego|Nihilego|64\/100\n|turn|38\n|\n|t:|1664167909\n|switch|p2a: \u9493\u9c7c\u4e0d\u5fd8\u6234\u5934\u76d4|Slowbro, F|96\/100\n|move|p1a: Nihilego|Power Gem|p2a: \u9493\u9c7c\u4e0d\u5fd8\u6234\u5934\u76d4\n|-damage|p2a: \u9493\u9c7c\u4e0d\u5fd8\u6234\u5934\u76d4|57\/100\n|\n|upkeep\n|turn|39\n|\n|t:|1664167917\n|switch|p1a: Magnezone|Magnezone|65\/100 brn\n|switch|p2a: \u6253\u67b6\u4e0d\u5fd8\u6234\u5934\u76d4|Slowking-Galar, F|55\/100\n|\n|-damage|p1a: Magnezone|59\/100 brn|[from] brn\n|upkeep\n|turn|40\n|\n|t:|1664167920\n|move|p1a: Magnezone|Thunderbolt|p2a: \u6253\u67b6\u4e0d\u5fd8\u6234\u5934\u76d4\n|-damage|p2a: \u6253\u67b6\u4e0d\u5fd8\u6234\u5934\u76d4|31\/100\n|move|p2a: \u6253\u67b6\u4e0d\u5fd8\u6234\u5934\u76d4|Focus Blast|p1a: Magnezone|[miss]\n|-miss|p2a: \u6253\u67b6\u4e0d\u5fd8\u6234\u5934\u76d4|p1a: Magnezone\n|\n|-damage|p1a: Magnezone|53\/100 brn|[from] brn\n|upkeep\n|turn|41\n|\n|t:|1664167926\n|switch|p1a: Tornadus|Tornadus-Therian, M|71\/100\n|move|p2a: \u6253\u67b6\u4e0d\u5fd8\u6234\u5934\u76d4|Focus Blast|p1a: Tornadus\n|-resisted|p1a: Tornadus\n|-damage|p1a: Tornadus|55\/100\n|\n|upkeep\n|turn|42\n|\n|t:|1664167930\n|switch|p2a: \u9493\u9c7c\u4e0d\u5fd8\u6234\u5934\u76d4|Slowbro, F|90\/100\n|move|p1a: Tornadus|U-turn|p2a: \u9493\u9c7c\u4e0d\u5fd8\u6234\u5934\u76d4\n|-supereffective|p2a: \u9493\u9c7c\u4e0d\u5fd8\u6234\u5934\u76d4\n|-damage|p2a: \u9493\u9c7c\u4e0d\u5fd8\u6234\u5934\u76d4|72\/100\n|\n|t:|1664167935\n|switch|p1a: Magnezone|Magnezone|53\/100 brn|[from]move: U-turn\n|\n|-damage|p1a: Magnezone|47\/100 brn|[from] brn\n|upkeep\n|turn|43\n|\n|t:|1664167937\n|switch|p2a: \u6253\u67b6\u4e0d\u5fd8\u6234\u5934\u76d4|Slowking-Galar, F|65\/100\n|move|p1a: Magnezone|Thunderbolt|p2a: \u6253\u67b6\u4e0d\u5fd8\u6234\u5934\u76d4\n|-damage|p2a: \u6253\u67b6\u4e0d\u5fd8\u6234\u5934\u76d4|39\/100\n|-status|p2a: \u6253\u67b6\u4e0d\u5fd8\u6234\u5934\u76d4|par\n|\n|-damage|p1a: Magnezone|40\/100 brn|[from] brn\n|upkeep\n|turn|44\n|\n|t:|1664167942\n|move|p1a: Magnezone|Thunderbolt|p2a: \u6253\u67b6\u4e0d\u5fd8\u6234\u5934\u76d4\n|-damage|p2a: \u6253\u67b6\u4e0d\u5fd8\u6234\u5934\u76d4|12\/100 par\n|move|p2a: \u6253\u67b6\u4e0d\u5fd8\u6234\u5934\u76d4|Future Sight|p1a: Magnezone\n|-start|p2a: \u6253\u67b6\u4e0d\u5fd8\u6234\u5934\u76d4|move: Future Sight\n|\n|-damage|p1a: Magnezone|34\/100 brn|[from] brn\n|upkeep\n|turn|45\n|\n|t:|1664167948\n|switch|p2a: \u9493\u9c7c\u4e0d\u5fd8\u6234\u5934\u76d4|Slowbro, F|100\/100\n|move|p1a: Magnezone|Thunderbolt|p2a: \u9493\u9c7c\u4e0d\u5fd8\u6234\u5934\u76d4\n|-supereffective|p2a: \u9493\u9c7c\u4e0d\u5fd8\u6234\u5934\u76d4\n|-damage|p2a: \u9493\u9c7c\u4e0d\u5fd8\u6234\u5934\u76d4|27\/100\n|\n|-damage|p1a: Magnezone|28\/100 brn|[from] brn\n|upkeep\n|turn|46\n|\n|t:|1664167954\n|switch|p1a: Slowbro|Slowbro, F|100\/100\n|switch|p2a: \u6253\u67b6\u4e0d\u5fd8\u6234\u5934\u76d4|Slowking-Galar, F|45\/100 par\n|\n|-end|p1a: Slowbro|move: Future Sight\n|-resisted|p1a: Slowbro\n|-damage|p1a: Slowbro|79\/100\n|upkeep\n|turn|47\n|\n|t:|1664167958\n|switch|p2a: \u9493\u9c7c\u4e0d\u5fd8\u6234\u5934\u76d4|Slowbro, F|61\/100\n|move|p1a: Slowbro|Teleport|p1a: Slowbro\n|\n|t:|1664167963\n|switch|p1a: Magnezone|Magnezone|28\/100 brn|[from]move: Teleport\n|\n|-damage|p1a: Magnezone|22\/100 brn|[from] brn\n|upkeep\n|turn|48\n|\n|t:|1664167965\n|switch|p2a: \u6253\u67b6\u4e0d\u5fd8\u6234\u5934\u76d4|Slowking-Galar, F|79\/100 par\n|move|p1a: Magnezone|Thunderbolt|p2a: \u6253\u67b6\u4e0d\u5fd8\u6234\u5934\u76d4\n|-damage|p2a: \u6253\u67b6\u4e0d\u5fd8\u6234\u5934\u76d4|53\/100 par\n|\n|-damage|p1a: Magnezone|16\/100 brn|[from] brn\n|upkeep\n|turn|49\n|\n|t:|1664167971\n|move|p1a: Magnezone|Thunderbolt|p2a: \u6253\u67b6\u4e0d\u5fd8\u6234\u5934\u76d4\n|-damage|p2a: \u6253\u67b6\u4e0d\u5fd8\u6234\u5934\u76d4|26\/100 par\n|move|p2a: \u6253\u67b6\u4e0d\u5fd8\u6234\u5934\u76d4|Focus Blast|p1a: Magnezone|[miss]\n|-miss|p2a: \u6253\u67b6\u4e0d\u5fd8\u6234\u5934\u76d4|p1a: Magnezone\n|\n|-damage|p1a: Magnezone|9\/100 brn|[from] brn\n|upkeep\n|turn|50\n|\n|t:|1664167979\n|switch|p2a: \u9493\u9c7c\u4e0d\u5fd8\u6234\u5934\u76d4|Slowbro, F|94\/100\n|move|p1a: Magnezone|Thunderbolt|p2a: \u9493\u9c7c\u4e0d\u5fd8\u6234\u5934\u76d4\n|-supereffective|p2a: \u9493\u9c7c\u4e0d\u5fd8\u6234\u5934\u76d4\n|-damage|p2a: \u9493\u9c7c\u4e0d\u5fd8\u6234\u5934\u76d4|24\/100\n|\n|-damage|p1a: Magnezone|3\/100 brn|[from] brn\n|upkeep\n|turn|51\n|\n|t:|1664167984\n|switch|p2a: \u6253\u67b6\u4e0d\u5fd8\u6234\u5934\u76d4|Slowking-Galar, F|60\/100 par\n|move|p1a: Magnezone|Thunderbolt|p2a: \u6253\u67b6\u4e0d\u5fd8\u6234\u5934\u76d4\n|-damage|p2a: \u6253\u67b6\u4e0d\u5fd8\u6234\u5934\u76d4|31\/100 par\n|\n|-damage|p1a: Magnezone|0 fnt|[from] brn\n|faint|p1a: Magnezone\n|upkeep\n|\n|t:|1664167987\n|switch|p1a: Nihilego|Nihilego|64\/100\n|turn|52\n|\n|t:|1664167991\n|switch|p2a: \u628a\u7231\u85cf\u5728\u6c99\u91cc \u8fd8\u6709\u4f60\u7684\u6d88\u606f|Tyranitar, F|66\/100\n|-weather|Sandstorm|[from] ability: Sand Stream|[of] p2a: \u628a\u7231\u85cf\u5728\u6c99\u91cc \u8fd8\u6709\u4f60\u7684\u6d88\u606f\n|move|p1a: Nihilego|Power Gem|p2a: \u628a\u7231\u85cf\u5728\u6c99\u91cc \u8fd8\u6709\u4f60\u7684\u6d88\u606f\n|-damage|p2a: \u628a\u7231\u85cf\u5728\u6c99\u91cc \u8fd8\u6709\u4f60\u7684\u6d88\u606f|48\/100\n|\n|-weather|Sandstorm|[upkeep]\n|upkeep\n|turn|53\n|j| kmoney1264\n|l| kmoney1264\n|\n|t:|1664168007\n|switch|p1a: Slowbro|Slowbro, F|100\/100\n|move|p2a: \u628a\u7231\u85cf\u5728\u6c99\u91cc \u8fd8\u6709\u4f60\u7684\u6d88\u606f|Earthquake|p1a: Slowbro\n|-damage|p1a: Slowbro|82\/100\n|\n|-weather|Sandstorm|[upkeep]\n|-damage|p1a: Slowbro|76\/100|[from] Sandstorm\n|upkeep\n|turn|54\n|\n|t:|1664168016\n|switch|p2a: \u9493\u9c7c\u4e0d\u5fd8\u6234\u5934\u76d4|Slowbro, F|57\/100\n|move|p1a: Slowbro|Body Press|p2a: \u9493\u9c7c\u4e0d\u5fd8\u6234\u5934\u76d4\n|-resisted|p2a: \u9493\u9c7c\u4e0d\u5fd8\u6234\u5934\u76d4\n|-damage|p2a: \u9493\u9c7c\u4e0d\u5fd8\u6234\u5934\u76d4|49\/100\n|\n|-weather|Sandstorm|[upkeep]\n|-damage|p2a: \u9493\u9c7c\u4e0d\u5fd8\u6234\u5934\u76d4|43\/100|[from] Sandstorm\n|-damage|p1a: Slowbro|69\/100|[from] Sandstorm\n|upkeep\n|turn|55\n|\n|t:|1664168020\n|move|p2a: \u9493\u9c7c\u4e0d\u5fd8\u6234\u5934\u76d4|Thunder Wave|p1a: Slowbro\n|-status|p1a: Slowbro|par\n|move|p1a: Slowbro|Teleport|p1a: Slowbro\n|\n|t:|1664168023\n|switch|p1a: Nihilego|Nihilego|64\/100|[from]move: Teleport\n|\n|-weather|Sandstorm|[upkeep]\n|-damage|p2a: \u9493\u9c7c\u4e0d\u5fd8\u6234\u5934\u76d4|37\/100|[from] Sandstorm\n|upkeep\n|turn|56\n|\n|t:|1664168029\n|switch|p2a: \u628a\u7231\u85cf\u5728\u6c99\u91cc \u8fd8\u6709\u4f60\u7684\u6d88\u606f|Tyranitar, F|48\/100\n|move|p1a: Nihilego|Power Gem|p2a: \u628a\u7231\u85cf\u5728\u6c99\u91cc \u8fd8\u6709\u4f60\u7684\u6d88\u606f\n|-damage|p2a: \u628a\u7231\u85cf\u5728\u6c99\u91cc \u8fd8\u6709\u4f60\u7684\u6d88\u606f|31\/100\n|\n|-weather|none\n|upkeep\n|turn|57\n|\n|t:|1664168035\n|move|p1a: Nihilego|Grass Knot|p2a: \u628a\u7231\u85cf\u5728\u6c99\u91cc \u8fd8\u6709\u4f60\u7684\u6d88\u606f\n|-supereffective|p2a: \u628a\u7231\u85cf\u5728\u6c99\u91cc \u8fd8\u6709\u4f60\u7684\u6d88\u606f\n|-damage|p2a: \u628a\u7231\u85cf\u5728\u6c99\u91cc \u8fd8\u6709\u4f60\u7684\u6d88\u606f|0 fnt\n|faint|p2a: \u628a\u7231\u85cf\u5728\u6c99\u91cc \u8fd8\u6709\u4f60\u7684\u6d88\u606f\n|-ability|p1a: Nihilego|Beast Boost|boost\n|-boost|p1a: Nihilego|spa|1\n|\n|upkeep\n|\n|t:|1664168042\n|switch|p2a: \u6253\u67b6\u4e0d\u5fd8\u6234\u5934\u76d4|Slowking-Galar, F|65\/100 par\n|turn|58\n|\n|t:|1664168047\n|move|p1a: Nihilego|Power Gem|p2a: \u6253\u67b6\u4e0d\u5fd8\u6234\u5934\u76d4\n|-damage|p2a: \u6253\u67b6\u4e0d\u5fd8\u6234\u5934\u76d4|26\/100 par\n|cant|p2a: \u6253\u67b6\u4e0d\u5fd8\u6234\u5934\u76d4|par\n|\n|upkeep\n|turn|59\n|\n|t:|1664168054\n|switch|p2a: \u7a97\u5916\u7684\u9ebb\u96c0\u5728\u7535\u7ebf\u6746\u4e0a\u5575\u5634|Corviknight, M|94\/100\n|-ability|p2a: \u7a97\u5916\u7684\u9ebb\u96c0\u5728\u7535\u7ebf\u6746\u4e0a\u5575\u5634|Pressure\n|move|p1a: Nihilego|Power Gem|p2a: \u7a97\u5916\u7684\u9ebb\u96c0\u5728\u7535\u7ebf\u6746\u4e0a\u5575\u5634\n|-damage|p2a: \u7a97\u5916\u7684\u9ebb\u96c0\u5728\u7535\u7ebf\u6746\u4e0a\u5575\u5634|30\/100\n|\n|-heal|p2a: \u7a97\u5916\u7684\u9ebb\u96c0\u5728\u7535\u7ebf\u6746\u4e0a\u5575\u5634|36\/100|[from] item: Leftovers\n|upkeep\n|turn|60\n|\n|t:|1664168067\n|move|p1a: Nihilego|Power Gem|p2a: \u7a97\u5916\u7684\u9ebb\u96c0\u5728\u7535\u7ebf\u6746\u4e0a\u5575\u5634\n|-damage|p2a: \u7a97\u5916\u7684\u9ebb\u96c0\u5728\u7535\u7ebf\u6746\u4e0a\u5575\u5634|0 fnt\n|faint|p2a: \u7a97\u5916\u7684\u9ebb\u96c0\u5728\u7535\u7ebf\u6746\u4e0a\u5575\u5634\n|-ability|p1a: Nihilego|Beast Boost|boost\n|-boost|p1a: Nihilego|spa|1\n|\n|upkeep\n|\n|t:|1664168072\n|switch|p2a: \u6253\u67b6\u4e0d\u5fd8\u6234\u5934\u76d4|Slowking-Galar, F|60\/100 par\n|turn|61\n|\n|t:|1664168077\n|move|p1a: Nihilego|Power Gem|p2a: \u6253\u67b6\u4e0d\u5fd8\u6234\u5934\u76d4\n|-crit|p2a: \u6253\u67b6\u4e0d\u5fd8\u6234\u5934\u76d4\n|-damage|p2a: \u6253\u67b6\u4e0d\u5fd8\u6234\u5934\u76d4|0 fnt\n|faint|p2a: \u6253\u67b6\u4e0d\u5fd8\u6234\u5934\u76d4\n|-ability|p1a: Nihilego|Beast Boost|boost\n|-boost|p1a: Nihilego|spa|1\n|\n|upkeep\n|c|\u2606QiYu5|lol\n|c|\u2606QiYu5|hax Ct hax\n|-message|QiYu5 forfeited.\n|\n|win|machugen\n|raw|machugen's rating: 1592 &rarr; <strong>1616<\/strong><br \/>(+24 for winning)\n|raw|QiYu5's rating: 1660 &rarr; <strong>1636<\/strong><br \/>(-24 for losing)\n|l|\u2606QiYu5\n","uploadtime":1664168094,"views":39,"p1id":"machugen","p2id":"qiyu5","formatid":"gen8ou","rating":1616,"private":0,"password":null}