{"id":"gen8ou-1618108910","p1":"Anaklusmos","p2":"jeandonis02","format":"gen8ou","log":"|j|\u2606Anaklusmos\n|j|\u2606jeandonis02\n|t:|1657920269\n|gametype|singles\n|player|p1|Anaklusmos|hugh|1672\n|player|p2|jeandonis02|lucas|1759\n|teamsize|p1|6\n|teamsize|p2|6\n|gen|8\n|tier|[Gen 8] OU\n|rated|\n|rule|Sleep Clause Mod: Limit one foe put to sleep\n|rule|Species Clause: Limit one of each Pok\u00e9mon\n|rule|OHKO Clause: OHKO moves are banned\n|rule|Evasion Moves Clause: Evasion moves are banned\n|rule|Endless Battle Clause: Forcing endless battles is banned\n|rule|HP Percentage Mod: HP is shown in percentages\n|rule|Dynamax Clause: You cannot dynamax\n|clearpoke\n|poke|p1|Mew|\n|poke|p1|Garchomp, F|\n|poke|p1|Keldeo-Resolute|\n|poke|p1|Melmetal|\n|poke|p1|Umbreon, F|\n|poke|p1|Togekiss, M|\n|poke|p2|Zeraora|\n|poke|p2|Toxapex, F|\n|poke|p2|Garchomp, M|\n|poke|p2|Rotom-Wash|\n|poke|p2|Ferrothorn, M|\n|poke|p2|Charizard, M|\n|teampreview\n|\n|t:|1657920290\n|start\n|switch|p1a: Togekiss|Togekiss, M|100\/100\n|switch|p2a: Charizard|Charizard, M|100\/100\n|turn|1\n|\n|t:|1657920296\n|switch|p2a: Rotom|Rotom-Wash|100\/100\n|move|p1a: Togekiss|Trick|p2a: Rotom\n|-activate|p1a: Togekiss|move: Trick|[of] p2a: Rotom\n|-item|p2a: Rotom|Choice Scarf|[from] move: Trick\n|-item|p1a: Togekiss|Leftovers|[from] move: Trick\n|\n|upkeep\n|turn|2\n|\n|t:|1657920302\n|switch|p1a: Garchomp|Garchomp, F|100\/100\n|move|p2a: Rotom|Hydro Pump|p1a: Garchomp\n|-damage|p1a: Garchomp|54\/100\n|\n|upkeep\n|turn|3\n|\n|t:|1657920308\n|switch|p1a: Keldeo|Keldeo-Resolute|100\/100\n|move|p2a: Rotom|Hydro Pump|p1a: Keldeo\n|-resisted|p1a: Keldeo\n|-damage|p1a: Keldeo|78\/100\n|\n|-heal|p1a: Keldeo|84\/100|[from] item: Leftovers\n|upkeep\n|turn|4\n|inactive|Battle timer is ON: inactive players will automatically lose when time's up. (requested by jeandonis02)\n|\n|t:|1657920313\n|switch|p2a: Toxapex|Toxapex, F|100\/100\n|move|p1a: Keldeo|Substitute|p1a: Keldeo\n|-start|p1a: Keldeo|Substitute\n|-damage|p1a: Keldeo|60\/100\n|\n|-heal|p1a: Keldeo|66\/100|[from] item: Leftovers\n|upkeep\n|turn|5\n|\n|t:|1657920317\n|move|p1a: Keldeo|Scald|p2a: Toxapex\n|-resisted|p2a: Toxapex\n|-damage|p2a: Toxapex|87\/100\n|move|p2a: Toxapex|Scald|p1a: Keldeo\n|-resisted|p1a: Keldeo\n|-activate|p1a: Keldeo|move: Substitute|[damage]\n|\n|-heal|p1a: Keldeo|72\/100|[from] item: Leftovers\n|-heal|p2a: Toxapex|93\/100|[from] item: Black Sludge\n|upkeep\n|turn|6\n|\n|t:|1657920320\n|move|p1a: Keldeo|Scald|p2a: Toxapex\n|-resisted|p2a: Toxapex\n|-damage|p2a: Toxapex|81\/100\n|move|p2a: Toxapex|Scald|p1a: Keldeo\n|-resisted|p1a: Keldeo\n|-activate|p1a: Keldeo|move: Substitute|[damage]\n|\n|-heal|p1a: Keldeo|78\/100|[from] item: Leftovers\n|-heal|p2a: Toxapex|87\/100|[from] item: Black Sludge\n|upkeep\n|turn|7\n|\n|t:|1657920322\n|move|p1a: Keldeo|Scald|p2a: Toxapex\n|-resisted|p2a: Toxapex\n|-damage|p2a: Toxapex|73\/100\n|move|p2a: Toxapex|Scald|p1a: Keldeo\n|-resisted|p1a: Keldeo\n|-end|p1a: Keldeo|Substitute\n|\n|-heal|p1a: Keldeo|84\/100|[from] item: Leftovers\n|-heal|p2a: Toxapex|79\/100|[from] item: Black Sludge\n|upkeep\n|turn|8\n|\n|t:|1657920325\n|move|p1a: Keldeo|Substitute|p1a: Keldeo\n|-start|p1a: Keldeo|Substitute\n|-damage|p1a: Keldeo|60\/100\n|move|p2a: Toxapex|Scald|p1a: Keldeo\n|-resisted|p1a: Keldeo\n|-activate|p1a: Keldeo|move: Substitute|[damage]\n|\n|-heal|p1a: Keldeo|66\/100|[from] item: Leftovers\n|-heal|p2a: Toxapex|86\/100|[from] item: Black Sludge\n|upkeep\n|turn|9\n|\n|t:|1657920328\n|move|p1a: Keldeo|Scald|p2a: Toxapex\n|-resisted|p2a: Toxapex\n|-damage|p2a: Toxapex|72\/100\n|-status|p2a: Toxapex|brn\n|move|p2a: Toxapex|Scald|p1a: Keldeo\n|-resisted|p1a: Keldeo\n|-activate|p1a: Keldeo|move: Substitute|[damage]\n|\n|-heal|p1a: Keldeo|72\/100|[from] item: Leftovers\n|-heal|p2a: Toxapex|78\/100 brn|[from] item: Black Sludge\n|-damage|p2a: Toxapex|72\/100 brn|[from] brn\n|upkeep\n|turn|10\n|\n|t:|1657920331\n|move|p1a: Keldeo|Calm Mind|p1a: Keldeo\n|-boost|p1a: Keldeo|spa|1\n|-boost|p1a: Keldeo|spd|1\n|move|p2a: Toxapex|Scald|p1a: Keldeo\n|-resisted|p1a: Keldeo\n|-activate|p1a: Keldeo|move: Substitute|[damage]\n|\n|-heal|p1a: Keldeo|78\/100|[from] item: Leftovers\n|-heal|p2a: Toxapex|78\/100 brn|[from] item: Black Sludge\n|-damage|p2a: Toxapex|72\/100 brn|[from] brn\n|upkeep\n|turn|11\n|\n|t:|1657920334\n|move|p1a: Keldeo|Scald|p2a: Toxapex\n|-resisted|p2a: Toxapex\n|-damage|p2a: Toxapex|53\/100 brn\n|move|p2a: Toxapex|Haze|p2a: Toxapex\n|-clearallboost\n|\n|-heal|p1a: Keldeo|84\/100|[from] item: Leftovers\n|-heal|p2a: Toxapex|59\/100 brn|[from] item: Black Sludge\n|-damage|p2a: Toxapex|53\/100 brn|[from] brn\n|upkeep\n|turn|12\n|j| KokoCherryMango\n|\n|t:|1657920339\n|move|p1a: Keldeo|Scald|p2a: Toxapex\n|-resisted|p2a: Toxapex\n|-damage|p2a: Toxapex|40\/100 brn\n|move|p2a: Toxapex|Scald|p1a: Keldeo\n|-resisted|p1a: Keldeo\n|-end|p1a: Keldeo|Substitute\n|\n|-heal|p1a: Keldeo|91\/100|[from] item: Leftovers\n|-heal|p2a: Toxapex|47\/100 brn|[from] item: Black Sludge\n|-damage|p2a: Toxapex|40\/100 brn|[from] brn\n|upkeep\n|turn|13\n|\n|t:|1657920343\n|switch|p2a: Rotom|Rotom-Wash|100\/100\n|move|p1a: Keldeo|Substitute|p1a: Keldeo\n|-start|p1a: Keldeo|Substitute\n|-damage|p1a: Keldeo|66\/100\n|\n|-heal|p1a: Keldeo|72\/100|[from] item: Leftovers\n|upkeep\n|turn|14\n|\n|t:|1657920346\n|switch|p1a: Garchomp|Garchomp, F|54\/100\n|move|p2a: Rotom|Volt Switch|p1a: Garchomp\n|-immune|p1a: Garchomp\n|\n|upkeep\n|turn|15\n|j| Mooseidon\n|j| pz is cute\n|\n|t:|1657920353\n|switch|p2a: Charizard|Charizard, M|100\/100\n|move|p1a: Garchomp|Stealth Rock|p2a: Charizard\n|-sidestart|p2: jeandonis02|move: Stealth Rock\n|\n|upkeep\n|turn|16\n|\n|t:|1657920357\n|move|p2a: Charizard|Belly Drum|p2a: Charizard\n|-damage|p2a: Charizard|50\/100\n|-setboost|p2a: Charizard|atk|6|[from] move: Belly Drum\n|-enditem|p2a: Charizard|Sitrus Berry|[eat]\n|-heal|p2a: Charizard|75\/100|[from] item: Sitrus Berry\n|move|p1a: Garchomp|Draco Meteor|p2a: Charizard\n|-damage|p2a: Charizard|14\/100\n|-unboost|p1a: Garchomp|spa|2\n|\n|upkeep\n|turn|17\n|l| Mooseidon\n|\n|t:|1657920369\n|move|p2a: Charizard|Roost|p2a: Charizard\n|-heal|p2a: Charizard|64\/100\n|-singleturn|p2a: Charizard|move: Roost\n|move|p1a: Garchomp|Draco Meteor|p2a: Charizard\n|-damage|p2a: Charizard|34\/100\n|-unboost|p1a: Garchomp|spa|2\n|\n|upkeep\n|turn|18\n|\n|t:|1657920374\n|switch|p1a: Togekiss|Togekiss, M|100\/100\n|move|p2a: Charizard|Flame Charge|p1a: Togekiss\n|-damage|p1a: Togekiss|26\/100\n|-boost|p2a: Charizard|spe|1\n|\n|-heal|p1a: Togekiss|32\/100|[from] item: Leftovers\n|upkeep\n|turn|19\n|\n|t:|1657920380\n|move|p2a: Charizard|Acrobatics|p1a: Togekiss\n|-damage|p1a: Togekiss|0 fnt\n|faint|p1a: Togekiss\n|\n|upkeep\n|\n|t:|1657920383\n|switch|p1a: Umbreon|Umbreon, F|100\/100\n|turn|20\n|\n|t:|1657920385\n|move|p2a: Charizard|Acrobatics|p1a: Umbreon\n|-damage|p1a: Umbreon|10\/100\n|-damage|p2a: Charizard|17\/100|[from] item: Rocky Helmet|[of] p1a: Umbreon\n|move|p1a: Umbreon|Foul Play|p2a: Charizard\n|-damage|p2a: Charizard|0 fnt\n|faint|p2a: Charizard\n|\n|upkeep\n|\n|t:|1657920392\n|switch|p2a: Zeraora|Zeraora|100\/100\n|-damage|p2a: Zeraora|88\/100|[from] Stealth Rock\n|turn|21\n|\n|t:|1657920395\n|move|p2a: Zeraora|Play Rough|p1a: Umbreon\n|-supereffective|p1a: Umbreon\n|-damage|p1a: Umbreon|0 fnt\n|-damage|p2a: Zeraora|72\/100|[from] item: Rocky Helmet|[of] p1a: Umbreon\n|faint|p1a: Umbreon\n|\n|upkeep\n|\n|t:|1657920398\n|switch|p1a: Melmetal|Melmetal|100\/100\n|turn|22\n|\n|t:|1657920402\n|switch|p2a: Rotom|Rotom-Wash|100\/100\n|-damage|p2a: Rotom|88\/100|[from] Stealth Rock\n|switch|p1a: Garchomp|Garchomp, F|54\/100\n|\n|upkeep\n|turn|23\n|\n|t:|1657920407\n|switch|p1a: Melmetal|Melmetal|100\/100\n|move|p2a: Rotom|Hydro Pump|p1a: Melmetal\n|-damage|p1a: Melmetal|82\/100\n|\n|upkeep\n|turn|24\n|\n|t:|1657920413\n|switch|p2a: Ferrothorn|Ferrothorn, M|100\/100\n|-damage|p2a: Ferrothorn|94\/100|[from] Stealth Rock\n|switch|p1a: Mew|Mew|100\/100\n|\n|upkeep\n|turn|25\n|\n|t:|1657920416\n|move|p1a: Mew|Taunt|p2a: Ferrothorn\n|-start|p2a: Ferrothorn|move: Taunt\n|cant|p2a: Ferrothorn|move: Taunt|Leech Seed\n|\n|upkeep\n|turn|26\n|\n|t:|1657920421\n|move|p1a: Mew|Cosmic Power|p1a: Mew\n|-boost|p1a: Mew|def|1\n|-boost|p1a: Mew|spd|1\n|move|p2a: Ferrothorn|Gyro Ball|p1a: Mew\n|-damage|p1a: Mew|75\/100\n|\n|upkeep\n|turn|27\n|\n|t:|1657920424\n|switch|p2a: Garchomp|Garchomp, M|100\/100\n|-damage|p2a: Garchomp|94\/100|[from] Stealth Rock\n|move|p1a: Mew|Cosmic Power|p1a: Mew\n|-boost|p1a: Mew|def|1\n|-boost|p1a: Mew|spd|1\n|\n|upkeep\n|turn|28\n|\n|t:|1657920428\n|move|p2a: Garchomp|Outrage|p1a: Mew\n|-damage|p1a: Mew|33\/100\n|move|p1a: Mew|Stored Power|p2a: Garchomp\n|-damage|p2a: Garchomp|55\/100\n|\n|upkeep\n|turn|29\n|\n|t:|1657920435\n|switch|p1a: Melmetal|Melmetal|82\/100\n|move|p2a: Garchomp|Outrage|p1a: Melmetal|[from]lockedmove\n|-resisted|p1a: Melmetal\n|-damage|p1a: Melmetal|54\/100\n|-start|p2a: Garchomp|confusion|[fatigue]\n|\n|upkeep\n|turn|30\n|\n|t:|1657920441\n|switch|p2a: Ferrothorn|Ferrothorn, M|94\/100\n|-damage|p2a: Ferrothorn|88\/100|[from] Stealth Rock\n|switch|p1a: Mew|Mew|33\/100\n|\n|upkeep\n|turn|31\n|\n|t:|1657920444\n|move|p1a: Mew|Soft-Boiled|p1a: Mew\n|-heal|p1a: Mew|83\/100\n|move|p2a: Ferrothorn|Gyro Ball|p1a: Mew\n|-damage|p1a: Mew|40\/100\n|\n|upkeep\n|turn|32\n|\n|t:|1657920448\n|switch|p2a: Garchomp|Garchomp, M|55\/100\n|-damage|p2a: Garchomp|48\/100|[from] Stealth Rock\n|move|p1a: Mew|Taunt|p2a: Garchomp\n|-start|p2a: Garchomp|move: Taunt\n|\n|upkeep\n|turn|33\n|\n|t:|1657920457\n|move|p2a: Garchomp|Earthquake|p1a: Mew\n|-crit|p1a: Mew\n|-damage|p1a: Mew|0 fnt\n|faint|p1a: Mew\n|\n|upkeep\n|\n|t:|1657920460\n|switch|p1a: Keldeo|Keldeo-Resolute|72\/100\n|turn|34\n|\n|t:|1657920464\n|move|p1a: Keldeo|Scald|p2a: Garchomp\n|-damage|p2a: Garchomp|5\/100\n|move|p2a: Garchomp|Earthquake|p1a: Keldeo\n|-damage|p1a: Keldeo|0 fnt\n|faint|p1a: Keldeo\n|\n|-end|p2a: Garchomp|move: Taunt\n|upkeep\n|-message|Anaklusmos forfeited.\n|\n|win|jeandonis02\n|raw|Anaklusmos's rating: 1672 &rarr; <strong>1657<\/strong><br \/>(-15 for losing)\n|raw|jeandonis02's rating: 1759 &rarr; <strong>1774<\/strong><br \/>(+15 for winning)\n|l|\u2606Anaklusmos\n|l|\u2606jeandonis02\n||Ladder isn't responding, score probably updated but might not have (Request timeout).\n|l| KokoCherryMango\n","uploadtime":1657920638,"views":44,"p1id":"anaklusmos","p2id":"jeandonis02","formatid":"gen8ou","rating":1657,"private":0,"password":null}