{"id":"gen8ou-1678576954","p1":"Not Sarcasm","p2":"30orless","format":"gen8ou","log":"|j|\u203dNot Sarcasm\n|j|\u260630orless\n|t:|1665003084\n|gametype|singles\n|player|p1|Not Sarcasm|2|1608\n|player|p2|30orless|266|1600\n|teamsize|p1|6\n|teamsize|p2|6\n|gen|8\n|tier|[Gen 8] OU\n|rated|\n|rule|Sleep Clause Mod: Limit one foe put to sleep\n|rule|Species Clause: Limit one of each Pok\u00e9mon\n|rule|OHKO Clause: OHKO moves are banned\n|rule|Evasion Items Clause: Evasion items are banned\n|rule|Evasion Moves Clause: Evasion moves are banned\n|rule|Endless Battle Clause: Forcing endless battles is banned\n|rule|HP Percentage Mod: HP is shown in percentages\n|rule|Dynamax Clause: You cannot dynamax\n|clearpoke\n|poke|p1|Gastrodon, M|\n|poke|p1|Blissey, F|\n|poke|p1|Slowking-Galar, M|\n|poke|p1|Toxapex, F|\n|poke|p1|Clefable, F|\n|poke|p1|Corviknight, F|\n|poke|p2|Moltres|\n|poke|p2|Hydreigon, M|\n|poke|p2|Blaziken, M|\n|poke|p2|Volcanion|\n|poke|p2|Zapdos|\n|poke|p2|Mamoswine, F|\n|teampreview\n|inactive|Battle timer is ON: inactive players will automatically lose when time's up. (requested by Not Sarcasm)\n|\n|t:|1665003102\n|start\n|switch|p1a: Toxapex|Toxapex, F|100\/100\n|switch|p2a: Blaziken|Blaziken, M|100\/100\n|turn|1\n|\n|t:|1665003129\n|move|p2a: Blaziken|Knock Off|p1a: Toxapex\n|-damage|p1a: Toxapex|76\/100\n|-enditem|p1a: Toxapex|Payapa Berry|[from] move: Knock Off|[of] p2a: Blaziken\n|-damage|p2a: Blaziken|91\/100|[from] item: Life Orb\n|move|p1a: Toxapex|Toxic|p2a: Blaziken\n|-status|p2a: Blaziken|tox\n|\n|-damage|p2a: Blaziken|85\/100 tox|[from] psn\n|-ability|p2a: Blaziken|Speed Boost|boost\n|-boost|p2a: Blaziken|spe|1\n|upkeep\n|turn|2\n|\n|t:|1665003147\n|switch|p2a: Zapdos|Zapdos|100\/100\n|move|p1a: Toxapex|Knock Off|p2a: Zapdos\n|-damage|p2a: Zapdos|88\/100\n|-enditem|p2a: Zapdos|Heavy-Duty Boots|[from] move: Knock Off|[of] p1a: Toxapex\n|\n|upkeep\n|turn|3\n|inactive|30orless has 120 seconds left.\n|\n|t:|1665003184\n|move|p2a: Zapdos|Discharge|p1a: Toxapex\n|-supereffective|p1a: Toxapex\n|-damage|p1a: Toxapex|4\/100\n|-status|p1a: Toxapex|par\n|move|p1a: Toxapex|Toxic|p2a: Zapdos\n|-status|p2a: Zapdos|tox\n|\n|-damage|p2a: Zapdos|82\/100 tox|[from] psn\n|upkeep\n|turn|4\n|\n|t:|1665003192\n|switch|p2a: Mamoswine|Mamoswine, F|100\/100\n|switch|p1a: Gastrodon|Gastrodon, M|100\/100\n|\n|upkeep\n|turn|5\n|inactive|30orless has 120 seconds left.\n|\n|t:|1665003198\n|move|p2a: Mamoswine|Icicle Crash|p1a: Gastrodon\n|-damage|p1a: Gastrodon|48\/100\n|cant|p1a: Gastrodon|flinch\n|\n|-heal|p1a: Gastrodon|54\/100|[from] item: Leftovers\n|upkeep\n|turn|6\n|\n|t:|1665003205\n|move|p1a: Gastrodon|Protect|p1a: Gastrodon\n|-singleturn|p1a: Gastrodon|Protect\n|move|p2a: Mamoswine|Stealth Rock|p1a: Gastrodon\n|-sidestart|p1: Not Sarcasm|move: Stealth Rock\n|\n|-heal|p1a: Gastrodon|61\/100|[from] item: Leftovers\n|upkeep\n|turn|7\n|\n|t:|1665003211\n|move|p2a: Mamoswine|Earthquake|p1a: Gastrodon\n|-damage|p1a: Gastrodon|5\/100\n|move|p1a: Gastrodon|Scald|p2a: Mamoswine\n|-supereffective|p2a: Mamoswine\n|-damage|p2a: Mamoswine|36\/100\n|\n|-heal|p1a: Gastrodon|11\/100|[from] item: Leftovers\n|upkeep\n|turn|8\n|\n|t:|1665003232\n|switch|p2a: Moltres|Moltres|100\/100\n|move|p1a: Gastrodon|Protect||[still]\n|-fail|p1a: Gastrodon\n|\n|-heal|p1a: Gastrodon|17\/100|[from] item: Leftovers\n|upkeep\n|turn|9\n|\n|t:|1665003241\n|move|p1a: Gastrodon|Protect|p1a: Gastrodon\n|-singleturn|p1a: Gastrodon|Protect\n|move|p2a: Moltres|Brave Bird|p1a: Gastrodon\n|-activate|p1a: Gastrodon|move: Protect\n|\n|-heal|p1a: Gastrodon|23\/100|[from] item: Leftovers\n|upkeep\n|turn|10\n|\n|t:|1665003250\n|switch|p1a: Clefable|Clefable, F|100\/100\n|-damage|p1a: Clefable|88\/100|[from] Stealth Rock\n|move|p2a: Moltres|Flare Blitz|p1a: Clefable\n|-damage|p1a: Clefable|42\/100\n|-damage|p2a: Moltres|85\/100|[from] Recoil\n|\n|-heal|p1a: Clefable|48\/100|[from] item: Leftovers\n|upkeep\n|turn|11\n|\n|t:|1665003258\n|move|p2a: Moltres|Brave Bird|p1a: Clefable\n|-damage|p1a: Clefable|9\/100\n|-damage|p2a: Moltres|72\/100|[from] Recoil\n|move|p1a: Clefable|Soft-Boiled|p1a: Clefable\n|-heal|p1a: Clefable|59\/100\n|\n|-heal|p1a: Clefable|65\/100|[from] item: Leftovers\n|upkeep\n|turn|12\n|inactive|Not Sarcasm has 120 seconds left.\n|\n|t:|1665003294\n|switch|p2a: Mamoswine|Mamoswine, F|36\/100\n|move|p1a: Clefable|Soft-Boiled|p1a: Clefable\n|-heal|p1a: Clefable|100\/100\n|\n|upkeep\n|turn|13\n|inactive|Not Sarcasm has 120 seconds left.\n|\n|t:|1665003300\n|move|p2a: Mamoswine|Icicle Crash|p1a: Clefable\n|-damage|p1a: Clefable|65\/100\n|move|p1a: Clefable|Moonblast|p2a: Mamoswine\n|-damage|p2a: Mamoswine|0 fnt\n|faint|p2a: Mamoswine\n|\n|-heal|p1a: Clefable|71\/100|[from] item: Leftovers\n|upkeep\n|\n|t:|1665003311\n|switch|p2a: Moltres|Moltres|72\/100\n|turn|14\n|inactive|Not Sarcasm has 120 seconds left.\n|inactive|Not Sarcasm has 90 seconds left.\n|inactive|Not Sarcasm has 60 seconds left.\n|inactive|Not Sarcasm has 30 seconds left.\n|inactive|Not Sarcasm has 20 seconds left.\n|inactive|Not Sarcasm has 15 seconds left.\n|inactive|Not Sarcasm has 10 seconds left.\n|inactive|Not Sarcasm has 5 seconds left.\n|-message|Not Sarcasm lost due to inactivity.\n|\n|win|30orless\n|raw|Not Sarcasm's rating: 1608 &rarr; <strong>1588<\/strong><br \/>(-20 for losing)\n|raw|30orless's rating: 1600 &rarr; <strong>1620<\/strong><br \/>(+20 for winning)\n","uploadtime":1665003456,"views":12,"p1id":"notsarcasm","p2id":"30orless","formatid":"gen8ou","rating":1588,"private":0,"password":null}