{"id":"gen8ubers-1602622444","p1":"rooopos","p2":"Dat guy In black","format":"gen8ubers","log":"|j|\u2606rooopos\n|j|\u2606Dat guy In black\n|t:|1656001014\n|gametype|singles\n|player|p1|rooopos|169|\n|player|p2|Dat guy In black|ghetsis|\n|teamsize|p1|6\n|teamsize|p2|6\n|gen|8\n|tier|[Gen 8] Ubers\n|rule|Sleep Clause Mod: Limit one foe put to sleep\n|rule|Species Clause: Limit one of each Pok\u00e9mon\n|rule|OHKO Clause: OHKO moves are banned\n|rule|Evasion Moves Clause: Evasion moves are banned\n|rule|Endless Battle Clause: Forcing endless battles is banned\n|rule|HP Percentage Mod: HP is shown in percentages\n|rule|Dynamax Clause: You cannot dynamax\n|clearpoke\n|poke|p1|Tapu Koko|\n|poke|p1|Reuniclus, M|\n|poke|p1|Tyranitar, M|\n|poke|p1|Landorus-Therian, M|\n|poke|p1|Ferrothorn, M|\n|poke|p1|Tapu Fini|\n|poke|p2|Ninetales-Alola, F|\n|poke|p2|Arctozolt|\n|poke|p2|Avalugg, M|\n|poke|p2|Kyurem|\n|poke|p2|Darmanitan-Galar, M|\n|poke|p2|Piloswine, M|\n|teampreview\n|inactive|Battle timer is ON: inactive players will automatically lose when time's up. (requested by Dat guy In black)\n|c|\u2606rooopos|hf\n|inactiveoff|Battle timer is now OFF.\n|\n|t:|1656001054\n|start\n|switch|p1a: Tyranitar|Tyranitar, M|100\/100\n|switch|p2a: Shaggy|Piloswine, M|100\/100\n|-weather|Sandstorm|[from] ability: Sand Stream|[of] p1a: Tyranitar\n|turn|1\n|\n|t:|1656001065\n|switch|p1a: Ferrothorn|Ferrothorn, M|100\/100\n|move|p2a: Shaggy|Stealth Rock|p1a: Ferrothorn\n|-sidestart|p1: rooopos|move: Stealth Rock\n|\n|-weather|Sandstorm|[upkeep]\n|upkeep\n|turn|2\n|\n|t:|1656001078\n|switch|p2a: SouthWest|Avalugg, M|100\/100\n|move|p1a: Ferrothorn|Knock Off|p2a: SouthWest\n|-damage|p2a: SouthWest|92\/100\n|-enditem|p2a: SouthWest|Heavy-Duty Boots|[from] move: Knock Off|[of] p1a: Ferrothorn\n|\n|-weather|Sandstorm|[upkeep]\n|-damage|p2a: SouthWest|86\/100|[from] Sandstorm\n|upkeep\n|turn|3\n|\n|t:|1656001089\n|switch|p1a: Tapu Koko|Tapu Koko|100\/100\n|-damage|p1a: Tapu Koko|88\/100|[from] Stealth Rock\n|-fieldstart|move: Electric Terrain|[from] ability: Electric Surge|[of] p1a: Tapu Koko\n|move|p2a: SouthWest|Body Press|p1a: Tapu Koko\n|-resisted|p1a: Tapu Koko\n|-damage|p1a: Tapu Koko|59\/100\n|\n|-weather|Sandstorm|[upkeep]\n|-damage|p1a: Tapu Koko|53\/100|[from] Sandstorm\n|-damage|p2a: SouthWest|79\/100|[from] Sandstorm\n|upkeep\n|turn|4\n|\n|t:|1656001104\n|switch|p2a: Shaggy|Piloswine, M|100\/100\n|move|p1a: Tapu Koko|Grass Knot|p2a: Shaggy\n|-supereffective|p2a: Shaggy\n|-crit|p2a: Shaggy\n|-damage|p2a: Shaggy|40\/100\n|\n|-weather|Sandstorm|[upkeep]\n|-damage|p1a: Tapu Koko|47\/100|[from] Sandstorm\n|upkeep\n|turn|5\n|\n|t:|1656001112\n|move|p1a: Tapu Koko|Grass Knot|p2a: Shaggy\n|-supereffective|p2a: Shaggy\n|-damage|p2a: Shaggy|4\/100\n|move|p2a: Shaggy|Earthquake|p1a: Tapu Koko\n|-supereffective|p1a: Tapu Koko\n|-damage|p1a: Tapu Koko|0 fnt\n|faint|p1a: Tapu Koko\n|\n|-weather|none\n|upkeep\n|\n|t:|1656001118\n|switch|p1a: Landorus|Landorus-Therian, M|100\/100\n|-damage|p1a: Landorus|88\/100|[from] Stealth Rock\n|-ability|p1a: Landorus|Intimidate|boost\n|-unboost|p2a: Shaggy|atk|1\n|turn|6\n|\n|t:|1656001124\n|switch|p1a: Tapu Fini|Tapu Fini|100\/100\n|-damage|p1a: Tapu Fini|88\/100|[from] Stealth Rock\n|-fieldstart|move: Misty Terrain|[from] ability: Misty Surge|[of] p1a: Tapu Fini\n|move|p2a: Shaggy|Ice Shard|p1a: Tapu Fini\n|-resisted|p1a: Tapu Fini\n|-damage|p1a: Tapu Fini|84\/100\n|\n|-heal|p1a: Tapu Fini|90\/100|[from] item: Leftovers\n|upkeep\n|turn|7\n|\n|t:|1656001132\n|move|p1a: Tapu Fini|Defog|p2a: Shaggy\n|-unboost|p2a: Shaggy|evasion|1\n|-sideend|p1: rooopos|Stealth Rock|[from] move: Defog|[of] p1a: Tapu Fini\n|-fieldend|Misty Terrain\n|move|p2a: Shaggy|Earthquake|p1a: Tapu Fini\n|-damage|p1a: Tapu Fini|70\/100\n|\n|-heal|p1a: Tapu Fini|76\/100|[from] item: Leftovers\n|upkeep\n|turn|8\n|\n|t:|1656001147\n|move|p1a: Tapu Fini|Scald|p2a: Shaggy\n|-supereffective|p2a: Shaggy\n|-damage|p2a: Shaggy|0 fnt\n|faint|p2a: Shaggy\n|\n|-heal|p1a: Tapu Fini|82\/100|[from] item: Leftovers\n|upkeep\n|\n|t:|1656001149\n|switch|p2a: Ice Ice Dragon|Kyurem|100\/100\n|-ability|p2a: Ice Ice Dragon|Pressure\n|turn|9\n|\n|t:|1656001154\n|switch|p1a: Tyranitar|Tyranitar, M|100\/100\n|-weather|Sandstorm|[from] ability: Sand Stream|[of] p1a: Tyranitar\n|move|p2a: Ice Ice Dragon|Freeze-Dry|p1a: Tyranitar\n|-damage|p1a: Tyranitar|71\/100\n|-status|p1a: Tyranitar|frz\n|\n|-weather|Sandstorm|[upkeep]\n|-damage|p2a: Ice Ice Dragon|94\/100|[from] Sandstorm\n|upkeep\n|turn|10\n|\n|t:|1656001172\n|switch|p2a: Bubbles|Arctozolt|100\/100\n|cant|p1a: Tyranitar|frz\n|\n|-weather|Sandstorm|[upkeep]\n|-damage|p2a: Bubbles|94\/100|[from] Sandstorm\n|-heal|p2a: Bubbles|100\/100|[from] item: Leftovers\n|upkeep\n|turn|11\n|\n|t:|1656001177\n|switch|p1a: Ferrothorn|Ferrothorn, M|100\/100\n|move|p2a: Bubbles|Low Kick|p1a: Ferrothorn\n|-supereffective|p1a: Ferrothorn\n|-damage|p1a: Ferrothorn|66\/100\n|-damage|p2a: Bubbles|88\/100|[from] ability: Iron Barbs|[of] p1a: Ferrothorn\n|\n|-weather|Sandstorm|[upkeep]\n|-damage|p2a: Bubbles|82\/100|[from] Sandstorm\n|-heal|p2a: Bubbles|88\/100|[from] item: Leftovers\n|-heal|p1a: Ferrothorn|73\/100|[from] item: Leftovers\n|upkeep\n|turn|12\n|\n|t:|1656001184\n|switch|p2a: SouthWest|Avalugg, M|79\/100\n|move|p1a: Ferrothorn|Leech Seed|p2a: SouthWest\n|-start|p2a: SouthWest|move: Leech Seed\n|\n|-weather|Sandstorm|[upkeep]\n|-damage|p2a: SouthWest|73\/100|[from] Sandstorm\n|-heal|p1a: Ferrothorn|79\/100|[from] item: Leftovers\n|-damage|p2a: SouthWest|61\/100|[from] Leech Seed|[of] p1a: Ferrothorn\n|-heal|p1a: Ferrothorn|93\/100|[silent]\n|upkeep\n|turn|13\n|\n|t:|1656001190\n|switch|p1a: Tapu Fini|Tapu Fini|82\/100\n|-fieldstart|move: Misty Terrain|[from] ability: Misty Surge|[of] p1a: Tapu Fini\n|move|p2a: SouthWest|Recover|p2a: SouthWest\n|-heal|p2a: SouthWest|100\/100\n|\n|-weather|none\n|-heal|p1a: Tapu Fini|88\/100|[from] item: Leftovers\n|-damage|p2a: SouthWest|88\/100|[from] Leech Seed|[of] p1a: Tapu Fini\n|-heal|p1a: Tapu Fini|100\/100|[silent]\n|upkeep\n|turn|14\n|\n|t:|1656001202\n|switch|p2a: Dixie|Ninetales-Alola, F|100\/100\n|-weather|Hail|[from] ability: Snow Warning|[of] p2a: Dixie\n|move|p1a: Tapu Fini|Calm Mind|p1a: Tapu Fini\n|-boost|p1a: Tapu Fini|spa|1\n|-boost|p1a: Tapu Fini|spd|1\n|\n|-weather|Hail|[upkeep]\n|-damage|p1a: Tapu Fini|94\/100|[from] Hail\n|-heal|p1a: Tapu Fini|100\/100|[from] item: Leftovers\n|upkeep\n|turn|15\n|\n|t:|1656001210\n|move|p2a: Dixie|Aurora Veil|p2a: Dixie\n|-sidestart|p2: Dat guy In black|move: Aurora Veil\n|move|p1a: Tapu Fini|Moonblast|p2a: Dixie\n|-damage|p2a: Dixie|74\/100\n|\n|-weather|Hail|[upkeep]\n|-damage|p1a: Tapu Fini|94\/100|[from] Hail\n|-heal|p1a: Tapu Fini|100\/100|[from] item: Leftovers\n|upkeep\n|turn|16\n|\n|t:|1656001214\n|switch|p2a: Bubbles|Arctozolt|88\/100\n|move|p1a: Tapu Fini|Moonblast|p2a: Bubbles\n|-damage|p2a: Bubbles|55\/100\n|\n|-weather|Hail|[upkeep]\n|-damage|p1a: Tapu Fini|94\/100|[from] Hail\n|-heal|p2a: Bubbles|62\/100|[from] item: Leftovers\n|-heal|p1a: Tapu Fini|100\/100|[from] item: Leftovers\n|upkeep\n|turn|17\n|\n|t:|1656001217\n|switch|p1a: Ferrothorn|Ferrothorn, M|93\/100\n|move|p2a: Bubbles|Substitute|p2a: Bubbles\n|-start|p2a: Bubbles|Substitute\n|-damage|p2a: Bubbles|37\/100\n|\n|-weather|Hail|[upkeep]\n|-damage|p1a: Ferrothorn|87\/100|[from] Hail\n|-heal|p2a: Bubbles|43\/100|[from] item: Leftovers\n|-heal|p1a: Ferrothorn|93\/100|[from] item: Leftovers\n|-fieldend|Misty Terrain\n|upkeep\n|turn|18\n|\n|t:|1656001223\n|move|p2a: Bubbles|Low Kick|p1a: Ferrothorn\n|-supereffective|p1a: Ferrothorn\n|-damage|p1a: Ferrothorn|59\/100\n|-damage|p2a: Bubbles|30\/100|[from] ability: Iron Barbs|[of] p1a: Ferrothorn\n|move|p1a: Ferrothorn|Knock Off|p2a: Bubbles\n|-activate|p2a: Bubbles|move: Substitute|[damage]\n|\n|-weather|none\n|-heal|p2a: Bubbles|37\/100|[from] item: Leftovers\n|-heal|p1a: Ferrothorn|65\/100|[from] item: Leftovers\n|upkeep\n|turn|19\n|c|\u2606rooopos|oops forgot to put press\n|\n|t:|1656001250\n|move|p2a: Bubbles|Low Kick|p1a: Ferrothorn\n|-supereffective|p1a: Ferrothorn\n|-damage|p1a: Ferrothorn|28\/100\n|-damage|p2a: Bubbles|24\/100|[from] ability: Iron Barbs|[of] p1a: Ferrothorn\n|move|p1a: Ferrothorn|Knock Off|p2a: Bubbles\n|-activate|p2a: Bubbles|move: Substitute|[damage]\n|\n|-heal|p2a: Bubbles|30\/100|[from] item: Leftovers\n|-heal|p1a: Ferrothorn|34\/100|[from] item: Leftovers\n|upkeep\n|turn|20\n|\n|t:|1656001256\n|move|p2a: Bubbles|Low Kick|p1a: Ferrothorn\n|-supereffective|p1a: Ferrothorn\n|-damage|p1a: Ferrothorn|3\/100\n|-damage|p2a: Bubbles|18\/100|[from] ability: Iron Barbs|[of] p1a: Ferrothorn\n|move|p1a: Ferrothorn|Knock Off|p2a: Bubbles\n|-end|p2a: Bubbles|Substitute\n|\n|-heal|p2a: Bubbles|24\/100|[from] item: Leftovers\n|-heal|p1a: Ferrothorn|9\/100|[from] item: Leftovers\n|upkeep\n|turn|21\n|\n|t:|1656001263\n|move|p2a: Bubbles|Freeze-Dry|p1a: Ferrothorn\n|-damage|p1a: Ferrothorn|0 fnt\n|faint|p1a: Ferrothorn\n|\n|-heal|p2a: Bubbles|30\/100|[from] item: Leftovers\n|upkeep\n|\n|t:|1656001267\n|switch|p1a: Landorus|Landorus-Therian, M|88\/100\n|-ability|p1a: Landorus|Intimidate|boost\n|-unboost|p2a: Bubbles|atk|1\n|turn|22\n|\n|t:|1656001275\n|switch|p2a: What a kind man|Darmanitan-Galar, M|100\/100\n|move|p1a: Landorus|Earthquake|p2a: What a kind man\n|-damage|p2a: What a kind man|58\/100\n|\n|-sideend|p2: Dat guy In black|move: Aurora Veil\n|upkeep\n|turn|23\n|\n|t:|1656001283\n|switch|p1a: Tapu Fini|Tapu Fini|100\/100\n|-fieldstart|move: Misty Terrain|[from] ability: Misty Surge|[of] p1a: Tapu Fini\n|move|p2a: What a kind man|Icicle Crash|p1a: Tapu Fini\n|-resisted|p1a: Tapu Fini\n|-damage|p1a: Tapu Fini|72\/100\n|\n|-heal|p1a: Tapu Fini|78\/100|[from] item: Leftovers\n|upkeep\n|turn|24\n|\n|t:|1656001297\n|switch|p2a: Ice Ice Dragon|Kyurem|94\/100\n|-ability|p2a: Ice Ice Dragon|Pressure\n|move|p1a: Tapu Fini|Moonblast|p2a: Ice Ice Dragon\n|-supereffective|p2a: Ice Ice Dragon\n|-damage|p2a: Ice Ice Dragon|34\/100\n|\n|-heal|p1a: Tapu Fini|85\/100|[from] item: Leftovers\n|upkeep\n|turn|25\n|\n|t:|1656001300\n|move|p2a: Ice Ice Dragon|Freeze-Dry|p1a: Tapu Fini\n|-supereffective|p1a: Tapu Fini\n|-damage|p1a: Tapu Fini|16\/100\n|move|p1a: Tapu Fini|Moonblast|p2a: Ice Ice Dragon\n|-supereffective|p2a: Ice Ice Dragon\n|-damage|p2a: Ice Ice Dragon|0 fnt\n|faint|p2a: Ice Ice Dragon\n|\n|-heal|p1a: Tapu Fini|22\/100|[from] item: Leftovers\n|upkeep\n|\n|t:|1656001304\n|switch|p2a: Dixie|Ninetales-Alola, F|74\/100\n|-weather|Hail|[from] ability: Snow Warning|[of] p2a: Dixie\n|turn|26\n|\n|t:|1656001309\n|switch|p1a: Tyranitar|Tyranitar, M|71\/100 frz\n|-weather|Sandstorm|[from] ability: Sand Stream|[of] p1a: Tyranitar\n|move|p2a: Dixie|Freeze-Dry|p1a: Tyranitar\n|-damage|p1a: Tyranitar|56\/100 frz\n|\n|-weather|Sandstorm|[upkeep]\n|-damage|p2a: Dixie|68\/100|[from] Sandstorm\n|upkeep\n|turn|27\n|\n|t:|1656001313\n|switch|p2a: SouthWest|Avalugg, M|88\/100\n|-curestatus|p1a: Tyranitar|frz|[msg]\n|move|p1a: Tyranitar|Heavy Slam|p2a: SouthWest\n|-supereffective|p2a: SouthWest\n|-damage|p2a: SouthWest|69\/100\n|\n|-weather|Sandstorm|[upkeep]\n|-damage|p2a: SouthWest|63\/100|[from] Sandstorm\n|-fieldend|Misty Terrain\n|upkeep\n|turn|28\n|\n|t:|1656001319\n|switch|p1a: Reuniclus|Reuniclus, M|100\/100\n|move|p2a: SouthWest|Recover|p2a: SouthWest\n|-heal|p2a: SouthWest|100\/100\n|\n|-weather|Sandstorm|[upkeep]\n|-damage|p2a: SouthWest|94\/100|[from] Sandstorm\n|upkeep\n|turn|29\n|\n|t:|1656001377\n|switch|p2a: What a kind man|Darmanitan-Galar, M|58\/100\n|move|p1a: Reuniclus|Calm Mind|p1a: Reuniclus\n|-boost|p1a: Reuniclus|spa|1\n|-boost|p1a: Reuniclus|spd|1\n|\n|-weather|Sandstorm|[upkeep]\n|-damage|p2a: What a kind man|52\/100|[from] Sandstorm\n|upkeep\n|turn|30\n|\n|t:|1656001383\n|move|p2a: What a kind man|U-turn|p1a: Reuniclus\n|-supereffective|p1a: Reuniclus\n|-damage|p1a: Reuniclus|43\/100\n|\n|t:|1656001387\n|switch|p2a: Dixie|Ninetales-Alola, F|68\/100|[from]move: U-turn\n|-weather|Hail|[from] ability: Snow Warning|[of] p2a: Dixie\n|move|p1a: Reuniclus|Psyshock|p2a: Dixie\n|-damage|p2a: Dixie|0 fnt\n|faint|p2a: Dixie\n|\n|-weather|Hail|[upkeep]\n|upkeep\n|\n|t:|1656001390\n|switch|p2a: Bubbles|Arctozolt|30\/100\n|turn|31\n|\n|t:|1656001398\n|switch|p1a: Landorus|Landorus-Therian, M|88\/100\n|-ability|p1a: Landorus|Intimidate|boost\n|-unboost|p2a: Bubbles|atk|1\n|move|p2a: Bubbles|Substitute|p2a: Bubbles\n|-start|p2a: Bubbles|Substitute\n|-damage|p2a: Bubbles|5\/100\n|\n|-weather|Hail|[upkeep]\n|-damage|p1a: Landorus|82\/100|[from] Hail\n|-heal|p2a: Bubbles|12\/100|[from] item: Leftovers\n|upkeep\n|turn|32\n|\n|t:|1656001406\n|move|p1a: Landorus|U-turn|p2a: Bubbles\n|-end|p2a: Bubbles|Substitute\n|\n|t:|1656001410\n|switch|p1a: Tyranitar|Tyranitar, M|56\/100|[from]move: U-turn\n|-weather|Sandstorm|[from] ability: Sand Stream|[of] p1a: Tyranitar\n|move|p2a: Bubbles|Freeze-Dry|p1a: Tyranitar\n|-damage|p1a: Tyranitar|44\/100\n|\n|-weather|Sandstorm|[upkeep]\n|-damage|p2a: Bubbles|5\/100|[from] Sandstorm\n|-heal|p2a: Bubbles|12\/100|[from] item: Leftovers\n|upkeep\n|turn|33\n|\n|t:|1656001417\n|switch|p1a: Landorus|Landorus-Therian, M|82\/100\n|-ability|p1a: Landorus|Intimidate|boost\n|-unboost|p2a: Bubbles|atk|1\n|move|p2a: Bubbles|Low Kick|p1a: Landorus\n|-resisted|p1a: Landorus\n|-damage|p1a: Landorus|75\/100\n|\n|-weather|Sandstorm|[upkeep]\n|-damage|p2a: Bubbles|5\/100|[from] Sandstorm\n|-heal|p2a: Bubbles|12\/100|[from] item: Leftovers\n|upkeep\n|turn|34\n|\n|t:|1656001427\n|switch|p2a: SouthWest|Avalugg, M|94\/100\n|move|p1a: Landorus|U-turn|p2a: SouthWest\n|-damage|p2a: SouthWest|84\/100\n|\n|t:|1656001431\n|switch|p1a: Reuniclus|Reuniclus, M|43\/100|[from]move: U-turn\n|\n|-weather|Sandstorm|[upkeep]\n|-damage|p2a: SouthWest|78\/100|[from] Sandstorm\n|upkeep\n|turn|35\n|\n|t:|1656001438\n|move|p1a: Reuniclus|Recover|p1a: Reuniclus\n|-heal|p1a: Reuniclus|93\/100\n|move|p2a: SouthWest|Avalanche|p1a: Reuniclus\n|-damage|p1a: Reuniclus|77\/100\n|\n|-weather|Sandstorm|[upkeep]\n|-damage|p2a: SouthWest|72\/100|[from] Sandstorm\n|upkeep\n|turn|36\n|\n|t:|1656001444\n|move|p1a: Reuniclus|Recover|p1a: Reuniclus\n|-heal|p1a: Reuniclus|100\/100\n|move|p2a: SouthWest|Avalanche|p1a: Reuniclus\n|-damage|p1a: Reuniclus|82\/100\n|\n|-weather|none\n|upkeep\n|turn|37\n|\n|t:|1656001450\n|move|p1a: Reuniclus|Calm Mind|p1a: Reuniclus\n|-boost|p1a: Reuniclus|spa|1\n|-boost|p1a: Reuniclus|spd|1\n|move|p2a: SouthWest|Avalanche|p1a: Reuniclus\n|-damage|p1a: Reuniclus|64\/100\n|\n|upkeep\n|turn|38\n|\n|t:|1656001453\n|switch|p2a: Bubbles|Arctozolt|12\/100\n|move|p1a: Reuniclus|Psyshock|p2a: Bubbles\n|-damage|p2a: Bubbles|0 fnt\n|faint|p2a: Bubbles\n|\n|upkeep\n|\n|t:|1656001455\n|switch|p2a: What a kind man|Darmanitan-Galar, M|52\/100\n|turn|39\n|\n|t:|1656001457\n|move|p2a: What a kind man|Icicle Crash|p1a: Reuniclus\n|-damage|p1a: Reuniclus|18\/100\n|cant|p1a: Reuniclus|flinch\n|\n|upkeep\n|turn|40\n|\n|t:|1656001462\n|move|p2a: What a kind man|Icicle Crash|p1a: Reuniclus\n|-damage|p1a: Reuniclus|0 fnt\n|faint|p1a: Reuniclus\n|\n|upkeep\n|c|\u2606rooopos|bruh\n|\n|t:|1656001476\n|switch|p1a: Landorus|Landorus-Therian, M|75\/100\n|-ability|p1a: Landorus|Intimidate|boost\n|-unboost|p2a: What a kind man|atk|1\n|turn|41\n|\n|t:|1656001479\n|move|p2a: What a kind man|Icicle Crash|p1a: Landorus\n|-supereffective|p1a: Landorus\n|-damage|p1a: Landorus|0 fnt\n|faint|p1a: Landorus\n|\n|upkeep\n|\n|t:|1656001481\n|switch|p1a: Tyranitar|Tyranitar, M|44\/100\n|-weather|Sandstorm|[from] ability: Sand Stream|[of] p1a: Tyranitar\n|turn|42\n|\n|t:|1656001484\n|switch|p2a: SouthWest|Avalugg, M|72\/100\n|move|p1a: Tyranitar|Crunch|p2a: SouthWest\n|-damage|p2a: SouthWest|45\/100\n|\n|-weather|Sandstorm|[upkeep]\n|-damage|p2a: SouthWest|39\/100|[from] Sandstorm\n|upkeep\n|turn|43\n|\n|t:|1656001491\n|switch|p1a: Tapu Fini|Tapu Fini|22\/100\n|-fieldstart|move: Misty Terrain|[from] ability: Misty Surge|[of] p1a: Tapu Fini\n|move|p2a: SouthWest|Body Press|p1a: Tapu Fini\n|-resisted|p1a: Tapu Fini\n|-damage|p1a: Tapu Fini|4\/100\n|\n|-weather|Sandstorm|[upkeep]\n|-damage|p1a: Tapu Fini|0 fnt|[from] Sandstorm\n|-damage|p2a: SouthWest|33\/100|[from] Sandstorm\n|faint|p1a: Tapu Fini\n|upkeep\n|\n|t:|1656001493\n|switch|p1a: Tyranitar|Tyranitar, M|44\/100\n|turn|44\n|\n|t:|1656001497\n|move|p1a: Tyranitar|Crunch|p2a: SouthWest\n|-damage|p2a: SouthWest|7\/100\n|-unboost|p2a: SouthWest|def|1\n|move|p2a: SouthWest|Recover|p2a: SouthWest\n|-heal|p2a: SouthWest|57\/100\n|\n|-weather|Sandstorm|[upkeep]\n|-damage|p2a: SouthWest|50\/100|[from] Sandstorm\n|upkeep\n|turn|45\n|\n|t:|1656001500\n|move|p1a: Tyranitar|Crunch|p2a: SouthWest\n|-damage|p2a: SouthWest|7\/100\n|move|p2a: SouthWest|Body Press|p1a: Tyranitar\n|-supereffective|p1a: Tyranitar\n|-damage|p1a: Tyranitar|0 fnt\n|faint|p1a: Tyranitar\n|\n|win|Dat guy In black\n|c|\u2606Dat guy In black|Gg\n|c|\u2606rooopos|how?\n|c|\u2606Dat guy In black|That was over when you let lando go down\n|c|\u2606rooopos|HUH\n|c|\u2606rooopos|BRO I WON WITHOUT FLINCH LMAO\n|c|\u2606rooopos|or freeze but even ignoring it\n|c|\u2606rooopos|tell me how u won without flinch go on\n|c|\u2606Dat guy In black|I\u2019m not in the mood to get into an argument over this rn\n|c|\u2606rooopos|ye cuz u wont win it\n|c|\u2606rooopos|cuz there is no argument\n|c|\u2606Dat guy In black|if you\u2019re confident you can win you can rechallenge tomorrow\n","uploadtime":1656001908,"views":25,"p1id":"rooopos","p2id":"datguyinblack","formatid":"gen8ubers","rating":0,"private":0,"password":null}