{"id":"gen8uu-1699729483","p1":"misplayin","p2":"MetalBendZen","format":"gen8uu","log":"|j|\u2606misplayin\n|j|\u2606MetalBendZen\n|t:|1667262374\n|gametype|singles\n|player|p1|misplayin|bugsy|\n|player|p2|MetalBendZen|benga|\n|teamsize|p1|6\n|teamsize|p2|6\n|gen|8\n|tier|[Gen 8] UU\n|rule|Sleep Clause Mod: Limit one foe put to sleep\n|rule|Species Clause: Limit one of each Pok\u00e9mon\n|rule|OHKO Clause: OHKO moves are banned\n|rule|Evasion Items Clause: Evasion items are banned\n|rule|Evasion Moves Clause: Evasion moves are banned\n|rule|Endless Battle Clause: Forcing endless battles is banned\n|rule|HP Percentage Mod: HP is shown in percentages\n|rule|Dynamax Clause: You cannot dynamax\n|clearpoke\n|poke|p1|Swampert, F|\n|poke|p1|Indeedee, M|\n|poke|p1|Amoonguss, M|\n|poke|p1|Mandibuzz, F|\n|poke|p1|Zygarde-10%|\n|poke|p1|Primarina, F|\n|poke|p2|Krookodile, F|\n|poke|p2|Scizor, F|\n|poke|p2|Azelf|\n|poke|p2|Salamence, M|\n|poke|p2|Slowking, F|\n|poke|p2|Amoonguss, M|\n|teampreview\n|inactive|Battle timer is ON: inactive players will automatically lose when time's up. (requested by misplayin)\n|j| ops idk\n|inactive|MetalBendZen has 270 seconds left.\n|\n|t:|1667262414\n|start\n|switch|p1a: Primarina|Primarina, F|100\/100\n|switch|p2a: Slowking|Slowking, F|100\/100\n|turn|1\n|\n|t:|1667262419\n|move|p1a: Primarina|Moonblast|p2a: Slowking\n|-damage|p2a: Slowking|45\/100\n|-unboost|p2a: Slowking|spa|1\n|move|p2a: Slowking|Teleport|p2a: Slowking\n|\n|t:|1667262431\n|switch|p2a: polo|Scizor, F|100\/100|[from]move: Teleport\n|\n|upkeep\n|turn|2\n|\n|t:|1667262435\n|switch|p1a: Mandibuzz|Mandibuzz, F|100\/100\n|move|p2a: polo|Swords Dance|p2a: polo\n|-boost|p2a: polo|atk|2\n|\n|upkeep\n|turn|3\n|\n|t:|1667262439\n|move|p1a: Mandibuzz|Foul Play|p2a: polo\n|-crit|p2a: polo\n|-damage|p2a: polo|0 fnt\n|faint|p2a: polo\n|\n|upkeep\n|c|\u2606misplayin|srry\n|c|\u2606MetalBendZen|all good\n|\n|t:|1667262459\n|switch|p2a: cellphone|Krookodile, F|100\/100\n|-ability|p2a: cellphone|Intimidate|boost\n|-unboost|p1a: Mandibuzz|atk|1\n|turn|4\n|\n|t:|1667262464\n|move|p2a: cellphone|Stealth Rock|p1a: Mandibuzz\n|-sidestart|p1: misplayin|move: Stealth Rock\n|move|p1a: Mandibuzz|U-turn|p2a: cellphone\n|-supereffective|p2a: cellphone\n|-damage|p2a: cellphone|81\/100\n|\n|t:|1667262475\n|switch|p1a: Amoonguss|Amoonguss, M|100\/100|[from]move: U-turn\n|-damage|p1a: Amoonguss|88\/100|[from] Stealth Rock\n|\n|upkeep\n|turn|5\n|\n|t:|1667262480\n|switch|p2a: nail polish|Amoonguss, M|100\/100\n|switch|p1a: Mandibuzz|Mandibuzz, F|100\/100\n|\n|upkeep\n|turn|6\n|\n|t:|1667262487\n|move|p1a: Mandibuzz|Defog|p2a: nail polish\n|-unboost|p2a: nail polish|evasion|1\n|-sideend|p1: misplayin|Stealth Rock|[from] move: Defog|[of] p1a: Mandibuzz\n|move|p2a: nail polish|Spore|p1a: Mandibuzz\n|-immune|p1a: Mandibuzz|[from] ability: Overcoat\n|\n|upkeep\n|turn|7\n|c|\u2606MetalBendZen|whoops\n|\n|t:|1667262501\n|move|p1a: Mandibuzz|U-turn|p2a: nail polish\n|-damage|p2a: nail polish|92\/100\n|-damage|p1a: Mandibuzz|84\/100|[from] item: Rocky Helmet|[of] p2a: nail polish\n|\n|t:|1667262503\n|switch|p1a: Indeedee|Indeedee, M|100\/100|[from]move: U-turn\n|-fieldstart|move: Psychic Terrain|[from] ability: Psychic Surge|[of] p1a: Indeedee\n|move|p2a: nail polish|Spore|p1a: Indeedee\n|-status|p1a: Indeedee|slp|[from] move: Spore\n|\n|upkeep\n|turn|8\n|\n|t:|1667262511\n|switch|p1a: Primarina|Primarina, F|100\/100\n|switch|p2a: cellphone|Krookodile, F|81\/100\n|-ability|p2a: cellphone|Intimidate|boost\n|-unboost|p1a: Primarina|atk|1\n|\n|upkeep\n|turn|9\n|\n|t:|1667262516\n|switch|p2a: nail polish|Amoonguss, M|100\/100\n|move|p1a: Primarina|Psychic|p2a: nail polish\n|-supereffective|p2a: nail polish\n|-damage|p2a: nail polish|0 fnt\n|faint|p2a: nail polish\n|\n|upkeep\n|\n|t:|1667262526\n|switch|p2a: Azelf|Azelf|100\/100\n|turn|10\n|c| ops idk|great psychic\n|\n|t:|1667262528\n|switch|p1a: Swampert|Swampert, F|100\/100\n|move|p2a: Azelf|Nasty Plot|p2a: Azelf\n|-boost|p2a: Azelf|spa|2\n|\n|upkeep\n|turn|11\n|c|\u2606misplayin|ty\n|\n|t:|1667262538\n|move|p2a: Azelf|Energy Ball|p1a: Swampert\n|-supereffective|p1a: Swampert\n|-damage|p1a: Swampert|0 fnt\n|faint|p1a: Swampert\n|\n|-fieldend|move: Psychic Terrain\n|upkeep\n|\n|t:|1667262551\n|switch|p1a: Indeedee|Indeedee, M|100\/100 slp\n|-fieldstart|move: Psychic Terrain|[from] ability: Psychic Surge|[of] p1a: Indeedee\n|turn|12\n|\n|t:|1667262558\n|cant|p1a: Indeedee|slp\n|move|p2a: Azelf|Psychic|p1a: Indeedee\n|-resisted|p1a: Indeedee\n|-damage|p1a: Indeedee|40\/100 slp\n|\n|upkeep\n|turn|13\n|\n|t:|1667262563\n|cant|p1a: Indeedee|slp\n|move|p2a: Azelf|Psychic|p1a: Indeedee\n|-resisted|p1a: Indeedee\n|-damage|p1a: Indeedee|0 fnt\n|faint|p1a: Indeedee\n|\n|upkeep\n|\n|t:|1667262566\n|switch|p1a: Zygarde|Zygarde-10%|100\/100\n|-ability|p1a: Zygarde|Aura Break\n|turn|14\n|\n|t:|1667262569\n|move|p1a: Zygarde|Outrage|p2a: Azelf\n|-enditem|p2a: Azelf|Focus Sash\n|-damage|p2a: Azelf|1\/100\n|move|p2a: Azelf|Psychic|p1a: Zygarde\n|-damage|p1a: Zygarde|0 fnt\n|faint|p1a: Zygarde\n|\n|upkeep\n|c|\u2606misplayin|tough life out here ;-;\n|c| ops idk|brooo what?\n|\n|t:|1667262583\n|switch|p1a: Mandibuzz|Mandibuzz, F|84\/100\n|turn|15\n|\n|t:|1667262586\n|move|p2a: Azelf|Dazzling Gleam|p1a: Mandibuzz\n|-supereffective|p1a: Mandibuzz\n|-damage|p1a: Mandibuzz|4\/100\n|move|p1a: Mandibuzz|U-turn|p2a: Azelf\n|-supereffective|p2a: Azelf\n|-crit|p2a: Azelf\n|-damage|p2a: Azelf|0 fnt\n|faint|p2a: Azelf\n|c| ops idk|wtf is happening!\n|\n|t:|1667262593\n|switch|p1a: Primarina|Primarina, F|100\/100|[from]move: U-turn\n|\n|upkeep\n|c|\u2606MetalBendZen|azelf is cracked\n|c| ops idk|ZEN!\n|c| ops idk|ZEN\n|c| ops idk|ZEN\n|c| ops idk|ZEM\n|c| ops idk|ZEN\n|c| ops idk|ZEN\n|c| ops idk|ZEN\n|inactive|MetalBendZen has 270 seconds left.\n|c| ops idk|OMG\n|j| laidbackk\n|c| ops idk|ZEEEEENNNNNNNN\n|c| laidbackk|0.0\n|\n|t:|1667262637\n|switch|p2a: Slowking|Slowking, F|78\/100\n|turn|16\n|\n|t:|1667262641\n|move|p1a: Primarina|Moonblast|p2a: Slowking\n|-damage|p2a: Slowking|19\/100\n|move|p2a: Slowking|Future Sight|p1a: Primarina\n|-start|p2a: Slowking|move: Future Sight\n|\n|-fieldend|move: Psychic Terrain\n|upkeep\n|turn|17\n|j| Firelord Term\n|\n|t:|1667262647\n|move|p1a: Primarina|Moonblast|p2a: Slowking\n|-damage|p2a: Slowking|0 fnt\n|faint|p2a: Slowking\n|\n|upkeep\n|\n|t:|1667262653\n|switch|p2a: cellphone|Krookodile, F|81\/100\n|-ability|p2a: cellphone|Intimidate|boost\n|-unboost|p1a: Primarina|atk|1\n|turn|18\n|\n|t:|1667262656\n|switch|p1a: Mandibuzz|Mandibuzz, F|4\/100\n|move|p2a: cellphone|Earthquake|p1a: Mandibuzz\n|-immune|p1a: Mandibuzz\n|\n|-end|p1a: Mandibuzz|move: Future Sight\n|-immune|p1a: Mandibuzz\n|upkeep\n|turn|19\n|\n|t:|1667262659\n|switch|p2a: rook|Salamence, M|100\/100\n|-ability|p2a: rook|Intimidate|boost\n|-unboost|p1a: Mandibuzz|atk|1\n|move|p1a: Mandibuzz|U-turn|p2a: rook\n|-resisted|p2a: rook\n|-damage|p2a: rook|96\/100\n|\n|t:|1667262661\n|switch|p1a: Primarina|Primarina, F|100\/100|[from]move: U-turn\n|\n|upkeep\n|turn|20\n|c| laidbackk|thrown\n|\n|t:|1667262668\n|move|p2a: rook|Hurricane|p1a: Primarina\n|-damage|p1a: Primarina|52\/100\n|-start|p1a: Primarina|confusion\n|-activate|p1a: Primarina|confusion\n|move|p1a: Primarina|Moonblast|p2a: rook\n|-supereffective|p2a: rook\n|-damage|p2a: rook|0 fnt\n|faint|p2a: rook\n|\n|upkeep\n|c|\u2606misplayin|yh gg\n|c| Firelord Term|gg\n|\n|t:|1667262671\n|switch|p2a: cellphone|Krookodile, F|81\/100\n|-ability|p2a: cellphone|Intimidate|boost\n|-unboost|p1a: Primarina|atk|1\n|turn|21\n|\n|t:|1667262674\n|move|p2a: cellphone|Stone Edge|p1a: Primarina\n|-damage|p1a: Primarina|6\/100\n|-activate|p1a: Primarina|confusion\n|-damage|p1a: Primarina|0 fnt|[from] confusion\n|faint|p1a: Primarina\n|\n|upkeep\n|\n|t:|1667262676\n|switch|p1a: Amoonguss|Amoonguss, M|100\/100\n|turn|22\n|\n|t:|1667262680\n|move|p2a: cellphone|Stone Edge|p1a: Amoonguss\n|-damage|p1a: Amoonguss|77\/100\n|move|p1a: Amoonguss|Seed Bomb|p2a: cellphone\n|-supereffective|p2a: cellphone\n|-damage|p2a: cellphone|16\/100\n|\n|upkeep\n|turn|23\n|c|\u2606MetalBendZen|gg\n|c| ops idk|gg\n|\n|t:|1667262683\n|move|p2a: cellphone|Stone Edge|p1a: Amoonguss\n|-damage|p1a: Amoonguss|53\/100\n|move|p1a: Amoonguss|Seed Bomb|p2a: cellphone\n|-supereffective|p2a: cellphone\n|-damage|p2a: cellphone|0 fnt\n|faint|p2a: cellphone\n|\n|win|misplayin\n|c|\u2606MetalBendZen|azelf went crazy though\n","uploadtime":1667262691,"views":13,"p1id":"misplayin","p2id":"metalbendzen","formatid":"gen8uu","rating":0,"private":0,"password":null}