{"id":"gen8randombattle-1706963701","p1":"dani1465","p2":"fliploleroo","format":"gen8randombattle","log":"|j|\u2606dani1465\n|j|\u2606fliploleroo\n|t:|1668036864\n|gametype|singles\n|player|p1|dani1465|fisherman-gen4|1095\n|player|p2|fliploleroo|169|1127\n|teamsize|p1|6\n|teamsize|p2|6\n|gen|8\n|tier|[Gen 8] Random Battle\n|rated|\n|rule|Species Clause: Limit one of each Pok\u00e9mon\n|rule|HP Percentage Mod: HP is shown in percentages\n|rule|Sleep Clause Mod: Limit one foe put to sleep\n|\n|t:|1668036864\n|start\n|switch|p1a: Trevenant|Trevenant, L86, F|286\/286\n|switch|p2a: Heracross|Heracross, L82, M|265\/265\n|turn|1\n|inactive|Battle timer is ON: inactive players will automatically lose when time's up. (requested by dani1465)\n|\n|t:|1668036874\n|move|p2a: Heracross|Megahorn|p1a: Trevenant\n|-damage|p1a: Trevenant|118\/286\n|move|p1a: Trevenant|Poltergeist|p2a: Heracross\n|-activate|p2a: Heracross|move: Poltergeist|Flame Orb\n|-damage|p2a: Heracross|31\/265\n|\n|-status|p2a: Heracross|brn|[from] item: Flame Orb\n|upkeep\n|turn|2\n|\n|t:|1668036893\n|move|p2a: Heracross|Megahorn|p1a: Trevenant\n|-damage|p1a: Trevenant|0 fnt\n|faint|p1a: Trevenant\n|\n|-damage|p2a: Heracross|15\/265 brn|[from] brn\n|upkeep\n|\n|t:|1668036901\n|switch|p1a: Rapidash|Rapidash, L84, F|246\/246\n|turn|3\n|\n|t:|1668036911\n|move|p1a: Rapidash|High Horsepower|p2a: Heracross\n|-resisted|p2a: Heracross\n|-damage|p2a: Heracross|0 fnt\n|faint|p2a: Heracross\n|\n|upkeep\n|\n|t:|1668036917\n|switch|p2a: Zygarde|Zygarde, L70|267\/267\n|turn|4\n|\n|t:|1668036943\n|move|p1a: Rapidash|Flare Blitz|p2a: Zygarde\n|-resisted|p2a: Zygarde\n|-damage|p2a: Zygarde|204\/267\n|-damage|p1a: Rapidash|225\/246|[from] Recoil\n|move|p2a: Zygarde|Thousand Arrows|p1a: Rapidash\n|-supereffective|p1a: Rapidash\n|-damage|p1a: Rapidash|61\/246\n|\n|-heal|p2a: Zygarde|220\/267|[from] item: Leftovers\n|upkeep\n|turn|5\n|\n|t:|1668036958\n|move|p1a: Rapidash|Morning Sun|p1a: Rapidash\n|-heal|p1a: Rapidash|184\/246\n|move|p2a: Zygarde|Thousand Arrows|p1a: Rapidash\n|-supereffective|p1a: Rapidash\n|-damage|p1a: Rapidash|10\/246\n|\n|-heal|p2a: Zygarde|236\/267|[from] item: Leftovers\n|upkeep\n|turn|6\n|\n|t:|1668036967\n|move|p1a: Rapidash|High Horsepower|p2a: Zygarde\n|-damage|p2a: Zygarde|176\/267\n|move|p2a: Zygarde|Dragon Dance|p2a: Zygarde\n|-boost|p2a: Zygarde|atk|1\n|-boost|p2a: Zygarde|spe|1\n|\n|-heal|p2a: Zygarde|192\/267|[from] item: Leftovers\n|upkeep\n|turn|7\n|\n|t:|1668036976\n|move|p2a: Zygarde|Thousand Arrows|p1a: Rapidash\n|-supereffective|p1a: Rapidash\n|-damage|p1a: Rapidash|0 fnt\n|faint|p1a: Rapidash\n|\n|-heal|p2a: Zygarde|208\/267|[from] item: Leftovers\n|upkeep\n|\n|t:|1668036990\n|switch|p1a: Steelix|Steelix, L84, M|263\/263\n|turn|8\n|\n|t:|1668036998\n|move|p2a: Zygarde|Thousand Arrows|p1a: Steelix\n|-supereffective|p1a: Steelix\n|-damage|p1a: Steelix|161\/263\n|move|p1a: Steelix|Heavy Slam|p2a: Zygarde\n|-damage|p2a: Zygarde|169\/267\n|\n|-heal|p2a: Zygarde|185\/267|[from] item: Leftovers\n|-heal|p1a: Steelix|177\/263|[from] item: Leftovers\n|upkeep\n|turn|9\n|\n|t:|1668037012\n|move|p2a: Zygarde|Dragon Dance|p2a: Zygarde\n|-boost|p2a: Zygarde|atk|1\n|-boost|p2a: Zygarde|spe|1\n|move|p1a: Steelix|Head Smash|p2a: Zygarde\n|-resisted|p2a: Zygarde\n|-damage|p2a: Zygarde|143\/267\n|\n|-heal|p2a: Zygarde|159\/267|[from] item: Leftovers\n|-heal|p1a: Steelix|193\/263|[from] item: Leftovers\n|upkeep\n|turn|10\n|\n|t:|1668037022\n|move|p2a: Zygarde|Dragon Dance|p2a: Zygarde\n|-boost|p2a: Zygarde|atk|1\n|-boost|p2a: Zygarde|spe|1\n|move|p1a: Steelix|Earthquake|p2a: Zygarde\n|-damage|p2a: Zygarde|62\/267\n|\n|-heal|p2a: Zygarde|78\/267|[from] item: Leftovers\n|-heal|p1a: Steelix|209\/263|[from] item: Leftovers\n|-activate|p2a: Zygarde|ability: Power Construct\n|detailschange|p2a: Zygarde|Zygarde-Complete, L70\n|-heal|p2a: Zygarde|229\/418|[silent]\n|upkeep\n|turn|11\n|\n|t:|1668037033\n|move|p2a: Zygarde|Thousand Arrows|p1a: Steelix\n|-supereffective|p1a: Steelix\n|-damage|p1a: Steelix|27\/263\n|move|p1a: Steelix|Earthquake|p2a: Zygarde\n|-damage|p2a: Zygarde|133\/418\n|\n|-heal|p2a: Zygarde|159\/418|[from] item: Leftovers\n|-heal|p1a: Steelix|43\/263|[from] item: Leftovers\n|upkeep\n|turn|12\n|\n|t:|1668037044\n|move|p2a: Zygarde|Thousand Arrows|p1a: Steelix\n|-supereffective|p1a: Steelix\n|-damage|p1a: Steelix|0 fnt\n|faint|p1a: Steelix\n|\n|-heal|p2a: Zygarde|185\/418|[from] item: Leftovers\n|upkeep\n|\n|t:|1668037051\n|switch|p1a: Landorus|Landorus-Therian, L72, M|247\/247\n|-ability|p1a: Landorus|Intimidate|boost\n|-unboost|p2a: Zygarde|atk|1\n|turn|13\n|\n|t:|1668037060\n|move|p2a: Zygarde|Outrage|p1a: Landorus\n|-damage|p1a: Landorus|24\/247\n|move|p1a: Landorus|Earthquake|p2a: Zygarde\n|-damage|p2a: Zygarde|64\/418\n|-damage|p1a: Landorus|0 fnt|[from] item: Life Orb\n|faint|p1a: Landorus\n|\n|-heal|p2a: Zygarde|90\/418|[from] item: Leftovers\n|upkeep\n|\n|t:|1668037072\n|switch|p1a: Araquanid|Araquanid, L80, M|240\/240\n|turn|14\n|\n|t:|1668037077\n|move|p2a: Zygarde|Outrage|p1a: Araquanid|[from]lockedmove\n|-damage|p1a: Araquanid|54\/240\n|-start|p2a: Zygarde|confusion|[fatigue]\n|move|p1a: Araquanid|Leech Life|p2a: Zygarde\n|-damage|p2a: Zygarde|32\/418\n|-heal|p1a: Araquanid|83\/240|[from] drain|[of] p2a: Zygarde\n|\n|-heal|p2a: Zygarde|58\/418|[from] item: Leftovers\n|upkeep\n|turn|15\n|\n|t:|1668037088\n|-activate|p2a: Zygarde|confusion\n|move|p2a: Zygarde|Outrage|p1a: Araquanid\n|-damage|p1a: Araquanid|0 fnt\n|faint|p1a: Araquanid\n|\n|-heal|p2a: Zygarde|84\/418|[from] item: Leftovers\n|upkeep\n|\n|t:|1668037094\n|switch|p1a: Druddigon|Druddigon, L84, M|267\/267\n|turn|16\n|\n|t:|1668037104\n|-end|p2a: Zygarde|confusion\n|move|p2a: Zygarde|Outrage|p1a: Druddigon|[from]lockedmove\n|-supereffective|p1a: Druddigon\n|-damage|p1a: Druddigon|0 fnt\n|-damage|p2a: Zygarde|32\/418|[from] ability: Rough Skin|[of] p1a: Druddigon\n|faint|p1a: Druddigon\n|\n|win|fliploleroo\n|raw|dani1465's rating: 1095 &rarr; <strong>1073<\/strong><br \/>(-22 for losing)\n|raw|fliploleroo's rating: 1127 &rarr; <strong>1150<\/strong><br \/>(+23 for winning)\n|l|\u2606dani1465\n","inputlog":">version 453a3ad56483cc6a5c08448f6577d394b68621b7\n>start {\"formatid\":\"gen8randombattle\",\"seed\":[34385,59608,8889,22845],\"rated\":\"Rated battle\"}\n>player p1 {\"name\":\"dani1465\",\"avatar\":\"fisherman-gen4\",\"rating\":1095,\"seed\":[31218,62974,43637,29732]}\n>player p2 {\"name\":\"fliploleroo\",\"avatar\":\"169\",\"rating\":1127,\"seed\":[25137,51171,677,25869]}\n>p1 move poltergeist\n>p2 move megahorn\n>p1 move poltergeist\n>p2 move megahorn\n>p1 switch 6\n>p1 move highhorsepower\n>p2 move facade\n>p2 switch 3\n>p1 move flareblitz\n>p2 move thousandarrows\n>p1 move morningsun\n>p2 move thousandarrows\n>p1 move highhorsepower\n>p2 move dragondance\n>p1 move highhorsepower\n>p2 move thousandarrows\n>p1 switch 3\n>p1 move heavyslam\n>p2 move thousandarrows\n>p1 move headsmash\n>p2 move dragondance\n>p1 move earthquake\n>p2 move dragondance\n>p1 move earthquake\n>p2 move thousandarrows\n>p1 move earthquake\n>p2 move thousandarrows\n>p1 switch 2\n>p1 move earthquake\n>p2 move outrage\n>p1 switch 5\n>p1 move leechlife\n>p2 move outrage\n>p1 move liquidation\n>p2 move outrage\n>p1 switch 4\n>p1 move gunkshot\n>p2 move outrage","uploadtime":1668037114,"views":3,"p1id":"dani1465","p2id":"fliploleroo","formatid":"gen8randombattle","rating":1073,"private":0,"password":null}