{"id":"gen8uu-1562294229","p1":"Some Thug","p2":"xskelly34","format":"gen8uu","log":"|html|<div class=\"broadcast-blue\"><strong>[Gen 8] UU is currently suspecting Moltres-Galar! For information on how to participate check out the <a href=\"https:\/\/www.smogon.com\/forums\/threads\/np-ss-uu-stage-12-get-lucky.3700621\/\">suspect thread<\/a>.<\/strong><\/div>\n|j|\u2606Some Thug\n|j|\u2606xskelly34\n|inactive|Battle timer is ON: inactive players will automatically lose when time's up.\n|t:|1651041881\n|gametype|singles\n|player|p1|Some Thug|wallace-gen6|\n|player|p2|xskelly34|bugsy|\n|teamsize|p1|6\n|teamsize|p2|6\n|gen|8\n|tier|[Gen 8] UU\n|rated|Tournament battle\n|rule|Sleep Clause Mod: Limit one foe put to sleep\n|rule|Species Clause: Limit one of each Pok\u00e9mon\n|rule|OHKO Clause: OHKO moves are banned\n|rule|Evasion Moves Clause: Evasion moves are banned\n|rule|Endless Battle Clause: Forcing endless battles is banned\n|rule|HP Percentage Mod: HP is shown in percentages\n|rule|Dynamax Clause: You cannot dynamax\n|clearpoke\n|poke|p1|Mamoswine, M|\n|poke|p1|Salazzle, F|\n|poke|p1|Zarude-Dada|\n|poke|p1|Cobalion|\n|poke|p1|Slowking, M|\n|poke|p1|Celesteela|\n|poke|p2|Chansey, F|\n|poke|p2|Umbreon, F|\n|poke|p2|Nihilego|\n|poke|p2|Skarmory, F|\n|poke|p2|Slowking, F|\n|poke|p2|Quagsire, F|\n|teampreview\n|j|*Lady Monita \u273f\n|inactive|Some Thug also wants the timer to be on.\n|\n|t:|1651041888\n|start\n|switch|p1a: Zarude|Zarude-Dada|100\/100\n|switch|p2a: Slowking|Slowking, F|100\/100\n|turn|1\n|\n|t:|1651041893\n|switch|p2a: Skarmory|Skarmory, F|100\/100\n|move|p1a: Zarude|U-turn|p2a: Skarmory\n|-resisted|p2a: Skarmory\n|-damage|p2a: Skarmory|97\/100\n|-damage|p1a: Zarude|84\/100|[from] item: Rocky Helmet|[of] p2a: Skarmory\n|\n|t:|1651041902\n|switch|p1a: Salazzle|Salazzle, F|100\/100|[from]move: U-turn\n|\n|upkeep\n|turn|2\n|\n|t:|1651041905\n|switch|p2a: Chansey|Chansey, F|100\/100\n|move|p1a: Salazzle|Knock Off|p2a: Chansey\n|-damage|p2a: Chansey|91\/100\n|-enditem|p2a: Chansey|Eviolite|[from] move: Knock Off|[of] p1a: Salazzle\n|\n|upkeep\n|turn|3\n|\n|t:|1651041911\n|switch|p1a: Cobalion|Cobalion|100\/100\n|move|p2a: Chansey|Seismic Toss|p1a: Cobalion\n|-damage|p1a: Cobalion|70\/100\n|-damage|p2a: Chansey|75\/100|[from] item: Rocky Helmet|[of] p1a: Cobalion\n|\n|upkeep\n|turn|4\n|\n|t:|1651041919\n|switch|p2a: Skarmory|Skarmory, F|97\/100\n|move|p1a: Cobalion|Stealth Rock|p2a: Skarmory\n|-sidestart|p2: xskelly34|move: Stealth Rock\n|\n|upkeep\n|turn|5\n|\n|t:|1651041932\n|move|p1a: Cobalion|Volt Switch|p2a: Skarmory\n|-supereffective|p2a: Skarmory\n|-damage|p2a: Skarmory|62\/100\n|\n|t:|1651041936\n|switch|p1a: Salazzle|Salazzle, F|100\/100|[from]move: Volt Switch\n|move|p2a: Skarmory|Defog|p1a: Salazzle\n|-unboost|p1a: Salazzle|evasion|1\n|-sideend|p2: xskelly34|Stealth Rock|[from] move: Defog|[of] p2a: Skarmory\n|\n|upkeep\n|turn|6\n|\n|t:|1651041941\n|switch|p2a: Chansey|Chansey, F|75\/100\n|move|p1a: Salazzle|Flamethrower|p2a: Chansey\n|-damage|p2a: Chansey|55\/100\n|\n|upkeep\n|turn|7\n|\n|t:|1651041946\n|switch|p1a: Cobalion|Cobalion|70\/100\n|move|p2a: Chansey|Soft-Boiled|p2a: Chansey\n|-heal|p2a: Chansey|100\/100\n|\n|upkeep\n|turn|8\n|\n|t:|1651041952\n|switch|p2a: Quagsire|Quagsire, F|100\/100\n|move|p1a: Cobalion|Stealth Rock|p2a: Quagsire\n|-sidestart|p2: xskelly34|move: Stealth Rock\n|\n|upkeep\n|turn|9\n|inactive|Some Thug has 120 seconds left.\n|\n|t:|1651041987\n|switch|p1a: Salazzle|Salazzle, F|100\/100\n|switch|p2a: Skarmory|Skarmory, F|62\/100\n|-damage|p2a: Skarmory|50\/100|[from] Stealth Rock\n|\n|upkeep\n|turn|10\n|\n|t:|1651041991\n|switch|p2a: Chansey|Chansey, F|100\/100\n|-damage|p2a: Chansey|88\/100|[from] Stealth Rock\n|move|p1a: Salazzle|Flamethrower|p2a: Chansey\n|-damage|p2a: Chansey|67\/100\n|\n|upkeep\n|turn|11\n|\n|t:|1651041998\n|move|p1a: Salazzle|Flamethrower|p2a: Chansey\n|-damage|p2a: Chansey|48\/100\n|move|p2a: Chansey|Soft-Boiled|p2a: Chansey\n|-heal|p2a: Chansey|98\/100\n|\n|upkeep\n|turn|12\n|\n|t:|1651042005\n|switch|p1a: Mamoswine|Mamoswine, M|100\/100\n|move|p2a: Chansey|Seismic Toss|p1a: Mamoswine\n|-damage|p1a: Mamoswine|73\/100\n|\n|upkeep\n|turn|13\n|\n|t:|1651042011\n|switch|p2a: Umbreon|Umbreon, F|100\/100\n|-damage|p2a: Umbreon|88\/100|[from] Stealth Rock\n|move|p1a: Mamoswine|Knock Off|p2a: Umbreon\n|-resisted|p2a: Umbreon\n|-damage|p2a: Umbreon|73\/100\n|-enditem|p2a: Umbreon|Leftovers|[from] move: Knock Off|[of] p1a: Mamoswine\n|-damage|p1a: Mamoswine|63\/100|[from] item: Life Orb\n|\n|upkeep\n|turn|14\n|\n|t:|1651042018\n|move|p1a: Mamoswine|Earthquake|p2a: Umbreon\n|-damage|p2a: Umbreon|31\/100\n|-damage|p1a: Mamoswine|53\/100|[from] item: Life Orb\n|move|p2a: Umbreon|Wish|p2a: Umbreon\n|\n|upkeep\n|turn|15\n|\n|t:|1651042022\n|move|p2a: Umbreon|Protect|p2a: Umbreon\n|-singleturn|p2a: Umbreon|Protect\n|move|p1a: Mamoswine|Earthquake|p2a: Umbreon\n|-activate|p2a: Umbreon|move: Protect\n|\n|-heal|p2a: Umbreon|81\/100|[from] move: Wish|[wisher] Umbreon\n|upkeep\n|turn|16\n|\n|t:|1651042026\n|switch|p1a: Zarude|Zarude-Dada|84\/100\n|move|p2a: Umbreon|Wish|p2a: Umbreon\n|\n|upkeep\n|turn|17\n|\n|t:|1651042029\n|switch|p2a: Skarmory|Skarmory, F|50\/100\n|-damage|p2a: Skarmory|37\/100|[from] Stealth Rock\n|move|p1a: Zarude|U-turn|p2a: Skarmory\n|-resisted|p2a: Skarmory\n|-damage|p2a: Skarmory|34\/100\n|-damage|p1a: Zarude|67\/100|[from] item: Rocky Helmet|[of] p2a: Skarmory\n|\n|t:|1651042035\n|switch|p1a: Slowking|Slowking, M|100\/100|[from]move: U-turn\n|\n|-heal|p2a: Skarmory|93\/100|[from] move: Wish|[wisher] Umbreon\n|upkeep\n|turn|18\n|\n|t:|1651042043\n|switch|p2a: Chansey|Chansey, F|98\/100\n|-damage|p2a: Chansey|86\/100|[from] Stealth Rock\n|move|p1a: Slowking|Scald|p2a: Chansey\n|-damage|p2a: Chansey|74\/100\n|-status|p2a: Chansey|brn\n|\n|-damage|p2a: Chansey|67\/100 brn|[from] brn\n|upkeep\n|turn|19\n|\n|t:|1651042059\n|move|p2a: Chansey|Soft-Boiled|p2a: Chansey\n|-heal|p2a: Chansey|100\/100 brn\n|move|p1a: Slowking|Teleport|p1a: Slowking\n|\n|t:|1651042068\n|switch|p1a: Cobalion|Cobalion|70\/100|[from]move: Teleport\n|\n|-damage|p2a: Chansey|94\/100 brn|[from] brn\n|upkeep\n|turn|20\n|\n|t:|1651042074\n|-curestatus|p2a: Chansey|brn|[from] ability: Natural Cure\n|switch|p2a: Quagsire|Quagsire, F|100\/100\n|-damage|p2a: Quagsire|94\/100|[from] Stealth Rock\n|move|p1a: Cobalion|Close Combat|p2a: Quagsire\n|-damage|p2a: Quagsire|58\/100\n|-unboost|p1a: Cobalion|def|1\n|-unboost|p1a: Cobalion|spd|1\n|\n|-heal|p2a: Quagsire|64\/100|[from] item: Leftovers\n|upkeep\n|turn|21\n|\n|t:|1651042081\n|switch|p1a: Celesteela|Celesteela|100\/100\n|move|p2a: Quagsire|Recover|p2a: Quagsire\n|-heal|p2a: Quagsire|100\/100\n|\n|upkeep\n|turn|22\n|\n|t:|1651042090\n|move|p1a: Celesteela|Leech Seed|p2a: Quagsire\n|-start|p2a: Quagsire|move: Leech Seed\n|move|p2a: Quagsire|Scald|p1a: Celesteela\n|-crit|p1a: Celesteela\n|-damage|p1a: Celesteela|79\/100\n|\n|-heal|p1a: Celesteela|85\/100|[from] item: Leftovers\n|-damage|p2a: Quagsire|88\/100|[from] Leech Seed|[of] p1a: Celesteela\n|-heal|p1a: Celesteela|98\/100|[silent]\n|upkeep\n|turn|23\n|\n|t:|1651042101\n|switch|p2a: Slowking|Slowking, F|100\/100\n|-damage|p2a: Slowking|88\/100|[from] Stealth Rock\n|move|p1a: Celesteela|Heavy Slam|p2a: Slowking\n|-resisted|p2a: Slowking\n|-crit|p2a: Slowking\n|-damage|p2a: Slowking|67\/100\n|\n|-heal|p1a: Celesteela|100\/100|[from] item: Leftovers\n|upkeep\n|turn|24\n|\n|t:|1651042106\n|move|p1a: Celesteela|Leech Seed|p2a: Slowking\n|-start|p2a: Slowking|move: Leech Seed\n|move|p2a: Slowking|Scald|p1a: Celesteela\n|-damage|p1a: Celesteela|80\/100\n|\n|-heal|p1a: Celesteela|86\/100|[from] item: Leftovers\n|-damage|p2a: Slowking|54\/100|[from] Leech Seed|[of] p1a: Celesteela\n|-heal|p1a: Celesteela|98\/100|[silent]\n|upkeep\n|turn|25\n|\n|t:|1651042117\n|switch|p1a: Zarude|Zarude-Dada|67\/100\n|switch|p2a: Umbreon|Umbreon, F|81\/100\n|-damage|p2a: Umbreon|68\/100|[from] Stealth Rock\n|\n|upkeep\n|turn|26\n|\n|t:|1651042124\n|switch|p2a: Skarmory|Skarmory, F|93\/100\n|-damage|p2a: Skarmory|80\/100|[from] Stealth Rock\n|move|p1a: Zarude|U-turn|p2a: Skarmory\n|-resisted|p2a: Skarmory\n|-damage|p2a: Skarmory|77\/100\n|-damage|p1a: Zarude|51\/100|[from] item: Rocky Helmet|[of] p2a: Skarmory\n|\n|t:|1651042128\n|switch|p1a: Salazzle|Salazzle, F|100\/100|[from]move: U-turn\n|\n|upkeep\n|turn|27\n|\n|t:|1651042131\n|switch|p2a: Chansey|Chansey, F|94\/100\n|-damage|p2a: Chansey|82\/100|[from] Stealth Rock\n|move|p1a: Salazzle|Flamethrower|p2a: Chansey\n|-damage|p2a: Chansey|63\/100\n|-status|p2a: Chansey|brn\n|\n|-damage|p2a: Chansey|57\/100 brn|[from] brn\n|upkeep\n|turn|28\n|\n|t:|1651042137\n|switch|p1a: Cobalion|Cobalion|70\/100\n|move|p2a: Chansey|Soft-Boiled|p2a: Chansey\n|-heal|p2a: Chansey|100\/100 brn\n|\n|-damage|p2a: Chansey|94\/100 brn|[from] brn\n|upkeep\n|turn|29\n|\n|t:|1651042142\n|-curestatus|p2a: Chansey|brn|[from] ability: Natural Cure\n|switch|p2a: Quagsire|Quagsire, F|88\/100\n|-damage|p2a: Quagsire|82\/100|[from] Stealth Rock\n|move|p1a: Cobalion|Close Combat|p2a: Quagsire\n|-damage|p2a: Quagsire|48\/100\n|-unboost|p1a: Cobalion|def|1\n|-unboost|p1a: Cobalion|spd|1\n|\n|-heal|p2a: Quagsire|54\/100|[from] item: Leftovers\n|upkeep\n|turn|30\n|\n|t:|1651042146\n|move|p1a: Cobalion|Close Combat|p2a: Quagsire\n|-damage|p2a: Quagsire|22\/100\n|-unboost|p1a: Cobalion|def|1\n|-unboost|p1a: Cobalion|spd|1\n|move|p2a: Quagsire|Recover|p2a: Quagsire\n|-heal|p2a: Quagsire|72\/100\n|\n|-heal|p2a: Quagsire|78\/100|[from] item: Leftovers\n|upkeep\n|turn|31\n|\n|t:|1651042152\n|switch|p1a: Slowking|Slowking, M|100\/100\n|move|p2a: Quagsire|Scald|p1a: Slowking\n|-resisted|p1a: Slowking\n|-damage|p1a: Slowking|93\/100\n|\n|-heal|p2a: Quagsire|84\/100|[from] item: Leftovers\n|upkeep\n|turn|32\n|\n|t:|1651042161\n|switch|p2a: Chansey|Chansey, F|94\/100\n|-damage|p2a: Chansey|82\/100|[from] Stealth Rock\n|move|p1a: Slowking|Psyshock|p2a: Chansey\n|-damage|p2a: Chansey|54\/100\n|\n|upkeep\n|turn|33\n|\n|t:|1651042167\n|move|p2a: Chansey|Soft-Boiled|p2a: Chansey\n|-heal|p2a: Chansey|100\/100\n|move|p1a: Slowking|Teleport|p1a: Slowking\n|\n|t:|1651042177\n|switch|p1a: Zarude|Zarude-Dada|51\/100|[from]move: Teleport\n|\n|upkeep\n|turn|34\n|\n|t:|1651042186\n|switch|p2a: Skarmory|Skarmory, F|77\/100\n|-damage|p2a: Skarmory|65\/100|[from] Stealth Rock\n|move|p1a: Zarude|Jungle Healing|p1a: Zarude\n|-heal|p1a: Zarude|76\/100\n|\n|upkeep\n|turn|35\n|\n|t:|1651042212\n|move|p1a: Zarude|U-turn|p2a: Skarmory\n|-resisted|p2a: Skarmory\n|-damage|p2a: Skarmory|61\/100\n|-damage|p1a: Zarude|59\/100|[from] item: Rocky Helmet|[of] p2a: Skarmory\n|\n|t:|1651042215\n|switch|p1a: Cobalion|Cobalion|70\/100|[from]move: U-turn\n|move|p2a: Skarmory|Roost|p2a: Skarmory\n|-heal|p2a: Skarmory|100\/100\n|-singleturn|p2a: Skarmory|move: Roost\n|\n|upkeep\n|turn|36\n|\n|t:|1651042223\n|move|p1a: Cobalion|Close Combat|p2a: Skarmory\n|-damage|p2a: Skarmory|70\/100\n|-unboost|p1a: Cobalion|def|1\n|-unboost|p1a: Cobalion|spd|1\n|-damage|p1a: Cobalion|53\/100|[from] item: Rocky Helmet|[of] p2a: Skarmory\n|move|p2a: Skarmory|Defog|p1a: Cobalion\n|-unboost|p1a: Cobalion|evasion|1\n|-sideend|p2: xskelly34|Stealth Rock|[from] move: Defog|[of] p2a: Skarmory\n|\n|upkeep\n|turn|37\n|\n|t:|1651042229\n|move|p1a: Cobalion|Stealth Rock|p2a: Skarmory\n|-sidestart|p2: xskelly34|move: Stealth Rock\n|move|p2a: Skarmory|Body Press|p1a: Cobalion\n|-supereffective|p1a: Cobalion\n|-damage|p1a: Cobalion|0 fnt\n|-damage|p2a: Skarmory|53\/100|[from] item: Rocky Helmet|[of] p1a: Cobalion\n|faint|p1a: Cobalion\n|\n|upkeep\n|\n|t:|1651042237\n|switch|p1a: Mamoswine|Mamoswine, M|53\/100\n|turn|38\n|\n|t:|1651042244\n|move|p1a: Mamoswine|Icicle Crash|p2a: Skarmory\n|-damage|p2a: Skarmory|17\/100\n|-damage|p1a: Mamoswine|43\/100|[from] item: Life Orb\n|cant|p2a: Skarmory|flinch\n|\n|upkeep\n|turn|39\n|c|\u2606xskelly34|i guess\n|inactive|xskelly34 has 120 seconds left.\n|\n|t:|1651042292\n|move|p1a: Mamoswine|Icicle Crash|p2a: Skarmory\n|-damage|p2a: Skarmory|0 fnt\n|faint|p2a: Skarmory\n|-damage|p1a: Mamoswine|33\/100|[from] item: Life Orb\n|\n|upkeep\n|\n|t:|1651042296\n|switch|p2a: Quagsire|Quagsire, F|84\/100\n|-damage|p2a: Quagsire|78\/100|[from] Stealth Rock\n|turn|40\n|\n|t:|1651042301\n|move|p1a: Mamoswine|Knock Off|p2a: Quagsire\n|-damage|p2a: Quagsire|46\/100\n|-enditem|p2a: Quagsire|Leftovers|[from] move: Knock Off|[of] p1a: Mamoswine\n|-damage|p1a: Mamoswine|23\/100|[from] item: Life Orb\n|move|p2a: Quagsire|Scald|p1a: Mamoswine\n|-supereffective|p1a: Mamoswine\n|-crit|p1a: Mamoswine\n|-damage|p1a: Mamoswine|0 fnt\n|faint|p1a: Mamoswine\n|\n|upkeep\n|\n|t:|1651042305\n|switch|p1a: Zarude|Zarude-Dada|59\/100\n|turn|41\n|inactive|xskelly34 has 120 seconds left.\n|\n|t:|1651042323\n|move|p1a: Zarude|Power Whip|p2a: Quagsire|[miss]\n|-miss|p1a: Zarude|p2a: Quagsire\n|move|p2a: Quagsire|Scald|p1a: Zarude\n|-resisted|p1a: Zarude\n|-damage|p1a: Zarude|50\/100\n|\n|upkeep\n|turn|42\n|\n|t:|1651042329\n|move|p1a: Zarude|Jungle Healing|p1a: Zarude\n|-heal|p1a: Zarude|75\/100\n|move|p2a: Quagsire|Scald|p1a: Zarude\n|-resisted|p1a: Zarude\n|-damage|p1a: Zarude|66\/100\n|\n|upkeep\n|turn|43\n|\n|t:|1651042333\n|move|p1a: Zarude|Power Whip|p2a: Quagsire\n|-supereffective|p2a: Quagsire\n|-damage|p2a: Quagsire|0 fnt\n|faint|p2a: Quagsire\n|\n|upkeep\n|\n|t:|1651042340\n|switch|p2a: Umbreon|Umbreon, F|68\/100\n|-damage|p2a: Umbreon|56\/100|[from] Stealth Rock\n|turn|44\n|inactive|Some Thug has 120 seconds left.\n|\n|t:|1651042376\n|move|p1a: Zarude|U-turn|p2a: Umbreon\n|-supereffective|p2a: Umbreon\n|-damage|p2a: Umbreon|27\/100\n|\n|t:|1651042383\n|switch|p1a: Celesteela|Celesteela|98\/100|[from]move: U-turn\n|move|p2a: Umbreon|Wish|p2a: Umbreon\n|\n|-heal|p1a: Celesteela|100\/100|[from] item: Leftovers\n|upkeep\n|turn|45\n|\n|t:|1651042387\n|move|p2a: Umbreon|Protect|p2a: Umbreon\n|-singleturn|p2a: Umbreon|Protect\n|move|p1a: Celesteela|Leech Seed|p2a: Umbreon\n|-activate|p2a: Umbreon|move: Protect\n|\n|-heal|p2a: Umbreon|77\/100|[from] move: Wish|[wisher] Umbreon\n|upkeep\n|turn|46\n|\n|t:|1651042391\n|move|p2a: Umbreon|Wish|p2a: Umbreon\n|move|p1a: Celesteela|Leech Seed|p2a: Umbreon\n|-start|p2a: Umbreon|move: Leech Seed\n|\n|-damage|p2a: Umbreon|64\/100|[from] Leech Seed|[of] p1a: Celesteela\n|upkeep\n|turn|47\n|\n|t:|1651042396\n|move|p2a: Umbreon|Protect|p2a: Umbreon\n|-singleturn|p2a: Umbreon|Protect\n|move|p1a: Celesteela|Heavy Slam|p2a: Umbreon\n|-activate|p2a: Umbreon|move: Protect\n|\n|-heal|p2a: Umbreon|100\/100|[from] move: Wish|[wisher] Umbreon\n|-damage|p2a: Umbreon|88\/100|[from] Leech Seed|[of] p1a: Celesteela\n|upkeep\n|turn|48\n|\n|t:|1651042400\n|switch|p2a: Slowking|Slowking, F|88\/100\n|-damage|p2a: Slowking|75\/100|[from] Stealth Rock\n|move|p1a: Celesteela|Heavy Slam|p2a: Slowking\n|-resisted|p2a: Slowking\n|-damage|p2a: Slowking|60\/100\n|\n|upkeep\n|turn|49\n|\n|t:|1651042406\n|switch|p1a: Zarude|Zarude-Dada|66\/100\n|move|p2a: Slowking|Scald|p1a: Zarude\n|-resisted|p1a: Zarude\n|-damage|p1a: Zarude|51\/100\n|\n|upkeep\n|turn|50\n|\n|t:|1651042427\n|switch|p2a: Umbreon|Umbreon, F|88\/100\n|-damage|p2a: Umbreon|76\/100|[from] Stealth Rock\n|move|p1a: Zarude|Jungle Healing|p1a: Zarude\n|-heal|p1a: Zarude|77\/100\n|\n|upkeep\n|turn|51\n|\n|t:|1651042436\n|move|p1a: Zarude|U-turn|p2a: Umbreon\n|-supereffective|p2a: Umbreon\n|-damage|p2a: Umbreon|48\/100\n|\n|t:|1651042455\n|switch|p1a: Salazzle|Salazzle, F|100\/100|[from]move: U-turn\n|move|p2a: Umbreon|Wish|p2a: Umbreon\n|\n|upkeep\n|turn|52\n|\n|t:|1651042460\n|move|p2a: Umbreon|Protect|p2a: Umbreon\n|-singleturn|p2a: Umbreon|Protect\n|move|p1a: Salazzle|Toxic|p2a: Umbreon\n|-activate|p2a: Umbreon|move: Protect\n|\n|-heal|p2a: Umbreon|98\/100|[from] move: Wish|[wisher] Umbreon\n|upkeep\n|turn|53\n|\n|t:|1651042468\n|switch|p2a: Nihilego|Nihilego|100\/100\n|-damage|p2a: Nihilego|88\/100|[from] Stealth Rock\n|move|p1a: Salazzle|Flamethrower|p2a: Nihilego\n|-resisted|p2a: Nihilego\n|-damage|p2a: Nihilego|74\/100\n|\n|-heal|p2a: Nihilego|80\/100|[from] item: Black Sludge\n|upkeep\n|turn|54\n|\n|t:|1651042481\n|switch|p1a: Slowking|Slowking, M|100\/100\n|move|p2a: Nihilego|Knock Off|p1a: Slowking\n|-supereffective|p1a: Slowking\n|-damage|p1a: Slowking|82\/100\n|-enditem|p1a: Slowking|Heavy-Duty Boots|[from] move: Knock Off|[of] p2a: Nihilego\n|\n|-heal|p2a: Nihilego|86\/100|[from] item: Black Sludge\n|upkeep\n|turn|55\n|\n|t:|1651042489\n|switch|p2a: Chansey|Chansey, F|100\/100\n|-damage|p2a: Chansey|88\/100|[from] Stealth Rock\n|move|p1a: Slowking|Psyshock|p2a: Chansey\n|-damage|p2a: Chansey|61\/100\n|\n|upkeep\n|turn|56\n|\n|t:|1651042498\n|move|p2a: Chansey|Toxic|p1a: Slowking\n|-status|p1a: Slowking|tox\n|move|p1a: Slowking|Psyshock|p2a: Chansey\n|-damage|p2a: Chansey|35\/100\n|\n|-damage|p1a: Slowking|76\/100 tox|[from] psn\n|upkeep\n|turn|57\n|\n|t:|1651042503\n|move|p2a: Chansey|Soft-Boiled|p2a: Chansey\n|-heal|p2a: Chansey|85\/100\n|move|p1a: Slowking|Psyshock|p2a: Chansey\n|-damage|p2a: Chansey|56\/100\n|\n|-damage|p1a: Slowking|63\/100 tox|[from] psn\n|upkeep\n|turn|58\n|\n|t:|1651042506\n|move|p2a: Chansey|Soft-Boiled|p2a: Chansey\n|-heal|p2a: Chansey|100\/100\n|move|p1a: Slowking|Teleport|p1a: Slowking\n|\n|t:|1651042511\n|switch|p1a: Zarude|Zarude-Dada|77\/100|[from]move: Teleport\n|\n|upkeep\n|turn|59\n|\n|t:|1651042520\n|switch|p2a: Umbreon|Umbreon, F|98\/100\n|-damage|p2a: Umbreon|85\/100|[from] Stealth Rock\n|move|p1a: Zarude|Power Whip|p2a: Umbreon\n|-damage|p2a: Umbreon|49\/100\n|\n|upkeep\n|turn|60\n|inactive|Some Thug has 120 seconds left.\n|\n|t:|1651042556\n|move|p1a: Zarude|U-turn|p2a: Umbreon\n|-supereffective|p2a: Umbreon\n|-damage|p2a: Umbreon|24\/100\n|\n|t:|1651042559\n|switch|p1a: Salazzle|Salazzle, F|100\/100|[from]move: U-turn\n|move|p2a: Umbreon|Wish|p2a: Umbreon\n|\n|upkeep\n|turn|61\n|\n|t:|1651042564\n|move|p2a: Umbreon|Protect|p2a: Umbreon\n|-singleturn|p2a: Umbreon|Protect\n|move|p1a: Salazzle|Knock Off|p2a: Umbreon\n|-activate|p2a: Umbreon|move: Protect\n|\n|-heal|p2a: Umbreon|74\/100|[from] move: Wish|[wisher] Umbreon\n|upkeep\n|turn|62\n|\n|t:|1651042568\n|move|p1a: Salazzle|Knock Off|p2a: Umbreon\n|-resisted|p2a: Umbreon\n|-damage|p2a: Umbreon|71\/100\n|move|p2a: Umbreon|Wish|p2a: Umbreon\n|\n|upkeep\n|turn|63\n|\n|t:|1651042574\n|move|p1a: Salazzle|Sludge Bomb|p2a: Umbreon\n|-damage|p2a: Umbreon|42\/100\n|move|p2a: Umbreon|Foul Play|p1a: Salazzle\n|-damage|p1a: Salazzle|62\/100\n|\n|-heal|p2a: Umbreon|92\/100|[from] move: Wish|[wisher] Umbreon\n|upkeep\n|turn|64\n|\n|t:|1651042598\n|switch|p2a: Nihilego|Nihilego|86\/100\n|-damage|p2a: Nihilego|73\/100|[from] Stealth Rock\n|move|p1a: Salazzle|Flamethrower|p2a: Nihilego\n|-resisted|p2a: Nihilego\n|-damage|p2a: Nihilego|57\/100\n|\n|-heal|p2a: Nihilego|63\/100|[from] item: Black Sludge\n|upkeep\n|turn|65\n|inactive|Some Thug has 120 seconds left.\n|\n|t:|1651042637\n|switch|p1a: Slowking|Slowking, M|97\/100 tox\n|move|p2a: Nihilego|Power Gem|p1a: Slowking\n|-damage|p1a: Slowking|65\/100 tox\n|\n|-heal|p2a: Nihilego|69\/100|[from] item: Black Sludge\n|-damage|p1a: Slowking|59\/100 tox|[from] psn\n|upkeep\n|turn|66\n|\n|t:|1651042657\n|switch|p2a: Slowking|Slowking, F|93\/100\n|-damage|p2a: Slowking|80\/100|[from] Stealth Rock\n|move|p1a: Slowking|Slack Off|p1a: Slowking\n|-heal|p1a: Slowking|100\/100 tox\n|\n|-damage|p1a: Slowking|88\/100 tox|[from] psn\n|upkeep\n|turn|67\n|\n|t:|1651042665\n|switch|p1a: Zarude|Zarude-Dada|77\/100\n|move|p2a: Slowking|Scald|p1a: Zarude\n|-resisted|p1a: Zarude\n|-damage|p1a: Zarude|62\/100\n|-status|p1a: Zarude|brn\n|\n|-damage|p1a: Zarude|56\/100 brn|[from] brn\n|upkeep\n|turn|68\n|\n|t:|1651042676\n|switch|p2a: Umbreon|Umbreon, F|92\/100\n|-damage|p2a: Umbreon|79\/100|[from] Stealth Rock\n|move|p1a: Zarude|Jungle Healing|p1a: Zarude\n|-heal|p1a: Zarude|81\/100 brn\n|-curestatus|p1a: Zarude|brn|[msg]\n|\n|upkeep\n|turn|69\n|\n|t:|1651042687\n|move|p1a: Zarude|U-turn|p2a: Umbreon\n|-supereffective|p2a: Umbreon\n|-damage|p2a: Umbreon|52\/100\n|\n|t:|1651042691\n|switch|p1a: Celesteela|Celesteela|100\/100|[from]move: U-turn\n|move|p2a: Umbreon|Wish|p2a: Umbreon\n|\n|upkeep\n|turn|70\n|\n|t:|1651042697\n|move|p2a: Umbreon|Protect|p2a: Umbreon\n|-singleturn|p2a: Umbreon|Protect\n|move|p1a: Celesteela|Leech Seed|p2a: Umbreon\n|-activate|p2a: Umbreon|move: Protect\n|\n|-heal|p2a: Umbreon|100\/100|[from] move: Wish|[wisher] Umbreon\n|upkeep\n|turn|71\n|\n|t:|1651042709\n|switch|p2a: Slowking|Slowking, F|100\/100\n|-damage|p2a: Slowking|88\/100|[from] Stealth Rock\n|move|p1a: Celesteela|Leech Seed|p2a: Slowking\n|-start|p2a: Slowking|move: Leech Seed\n|\n|-damage|p2a: Slowking|76\/100|[from] Leech Seed|[of] p1a: Celesteela\n|upkeep\n|turn|72\n|\n|t:|1651042713\n|switch|p2a: Umbreon|Umbreon, F|100\/100\n|-damage|p2a: Umbreon|88\/100|[from] Stealth Rock\n|move|p1a: Celesteela|Heavy Slam|p2a: Umbreon\n|-damage|p2a: Umbreon|63\/100\n|\n|upkeep\n|turn|73\n|\n|t:|1651042719\n|move|p2a: Umbreon|Protect|p2a: Umbreon\n|-singleturn|p2a: Umbreon|Protect\n|move|p1a: Celesteela|Leech Seed|p2a: Umbreon\n|-activate|p2a: Umbreon|move: Protect\n|\n|upkeep\n|turn|74\n|\n|t:|1651042724\n|switch|p1a: Zarude|Zarude-Dada|81\/100\n|move|p2a: Umbreon|Wish|p2a: Umbreon\n|\n|upkeep\n|turn|75\n|\n|t:|1651042729\n|switch|p1a: Celesteela|Celesteela|100\/100\n|move|p2a: Umbreon|Toxic|p1a: Celesteela\n|-immune|p1a: Celesteela\n|\n|-heal|p2a: Umbreon|100\/100|[from] move: Wish|[wisher] Umbreon\n|upkeep\n|turn|76\n|\n|t:|1651042754\n|switch|p2a: Slowking|Slowking, F|100\/100\n|-damage|p2a: Slowking|88\/100|[from] Stealth Rock\n|switch|p1a: Salazzle|Salazzle, F|62\/100\n|\n|upkeep\n|turn|77\n|\n|t:|1651042760\n|move|p1a: Salazzle|Knock Off|p2a: Slowking\n|-supereffective|p2a: Slowking\n|-enditem|p2a: Slowking|Colbur Berry|[eat]\n|-enditem|p2a: Slowking|Colbur Berry|[weaken]\n|-damage|p2a: Slowking|77\/100\n|move|p2a: Slowking|Scald|p1a: Salazzle\n|-supereffective|p1a: Salazzle\n|-damage|p1a: Salazzle|0 fnt\n|faint|p1a: Salazzle\n|\n|upkeep\n|\n|t:|1651042765\n|switch|p1a: Zarude|Zarude-Dada|81\/100\n|turn|78\n|\n|t:|1651042780\n|switch|p2a: Umbreon|Umbreon, F|100\/100\n|-damage|p2a: Umbreon|88\/100|[from] Stealth Rock\n|move|p1a: Zarude|Power Whip|p2a: Umbreon\n|-damage|p2a: Umbreon|54\/100\n|\n|upkeep\n|turn|79\n|\n|t:|1651042787\n|move|p1a: Zarude|Power Whip|p2a: Umbreon|[miss]\n|-miss|p1a: Zarude|p2a: Umbreon\n|move|p2a: Umbreon|Wish|p2a: Umbreon\n|\n|upkeep\n|turn|80\n|\n|t:|1651042792\n|switch|p1a: Slowking|Slowking, M|100\/100 tox\n|move|p2a: Umbreon|Foul Play|p1a: Slowking\n|-supereffective|p1a: Slowking\n|-damage|p1a: Slowking|70\/100 tox\n|\n|-heal|p2a: Umbreon|100\/100|[from] move: Wish|[wisher] Umbreon\n|-damage|p1a: Slowking|64\/100 tox|[from] psn\n|upkeep\n|turn|81\n|\n|t:|1651042797\n|switch|p1a: Celesteela|Celesteela|100\/100\n|move|p2a: Umbreon|Foul Play|p1a: Celesteela\n|-damage|p1a: Celesteela|75\/100\n|\n|-heal|p1a: Celesteela|81\/100|[from] item: Leftovers\n|upkeep\n|turn|82\n|\n|t:|1651042804\n|move|p2a: Umbreon|Protect|p2a: Umbreon\n|-singleturn|p2a: Umbreon|Protect\n|move|p1a: Celesteela|Heavy Slam|p2a: Umbreon\n|-activate|p2a: Umbreon|move: Protect\n|\n|-heal|p1a: Celesteela|87\/100|[from] item: Leftovers\n|upkeep\n|turn|83\n|\n|t:|1651042809\n|switch|p2a: Slowking|Slowking, F|100\/100\n|-damage|p2a: Slowking|88\/100|[from] Stealth Rock\n|move|p1a: Celesteela|Leech Seed|p2a: Slowking\n|-start|p2a: Slowking|move: Leech Seed\n|\n|-heal|p1a: Celesteela|93\/100|[from] item: Leftovers\n|-damage|p2a: Slowking|76\/100|[from] Leech Seed|[of] p1a: Celesteela\n|-heal|p1a: Celesteela|100\/100|[silent]\n|upkeep\n|turn|84\n|\n|t:|1651042816\n|switch|p1a: Zarude|Zarude-Dada|81\/100\n|move|p2a: Slowking|Scald|p1a: Zarude\n|-resisted|p1a: Zarude\n|-damage|p1a: Zarude|67\/100\n|\n|-damage|p2a: Slowking|63\/100|[from] Leech Seed|[of] p1a: Zarude\n|-heal|p1a: Zarude|81\/100|[silent]\n|upkeep\n|turn|85\n|\n|t:|1651042823\n|switch|p2a: Umbreon|Umbreon, F|100\/100\n|-damage|p2a: Umbreon|88\/100|[from] Stealth Rock\n|move|p1a: Zarude|Darkest Lariat|p2a: Umbreon\n|-resisted|p2a: Umbreon\n|-damage|p2a: Umbreon|76\/100\n|\n|upkeep\n|turn|86\n|\n|t:|1651042829\n|move|p1a: Zarude|U-turn|p2a: Umbreon\n|-supereffective|p2a: Umbreon\n|-damage|p2a: Umbreon|51\/100\n|\n|t:|1651042832\n|switch|p1a: Celesteela|Celesteela|100\/100|[from]move: U-turn\n|move|p2a: Umbreon|Wish|p2a: Umbreon\n|\n|upkeep\n|turn|87\n|\n|t:|1651042836\n|switch|p1a: Slowking|Slowking, M|97\/100 tox\n|move|p2a: Umbreon|Foul Play|p1a: Slowking\n|-supereffective|p1a: Slowking\n|-damage|p1a: Slowking|70\/100 tox\n|\n|-heal|p2a: Umbreon|100\/100|[from] move: Wish|[wisher] Umbreon\n|-damage|p1a: Slowking|64\/100 tox|[from] psn\n|upkeep\n|turn|88\n|\n|t:|1651042843\n|move|p2a: Umbreon|Foul Play|p1a: Slowking\n|-supereffective|p1a: Slowking\n|-damage|p1a: Slowking|33\/100 tox\n|move|p1a: Slowking|Teleport|p1a: Slowking\n|\n|t:|1651042846\n|switch|p1a: Zarude|Zarude-Dada|81\/100|[from]move: Teleport\n|\n|upkeep\n|turn|89\n|\n|t:|1651042861\n|switch|p2a: Nihilego|Nihilego|69\/100\n|-damage|p2a: Nihilego|56\/100|[from] Stealth Rock\n|move|p1a: Zarude|Darkest Lariat|p2a: Nihilego\n|-damage|p2a: Nihilego|0 fnt\n|faint|p2a: Nihilego\n|\n|upkeep\n|\n|t:|1651042870\n|switch|p2a: Umbreon|Umbreon, F|100\/100\n|-damage|p2a: Umbreon|88\/100|[from] Stealth Rock\n|turn|90\n|\n|t:|1651042872\n|move|p1a: Zarude|U-turn|p2a: Umbreon\n|-supereffective|p2a: Umbreon\n|-damage|p2a: Umbreon|60\/100\n|\n|t:|1651042877\n|switch|p1a: Slowking|Slowking, M|66\/100 tox|[from]move: U-turn\n|move|p2a: Umbreon|Toxic|p1a: Slowking\n|-fail|p1a: Slowking|tox\n|\n|-damage|p1a: Slowking|60\/100 tox|[from] psn\n|upkeep\n|turn|91\n|\n|t:|1651042880\n|switch|p1a: Celesteela|Celesteela|100\/100\n|move|p2a: Umbreon|Foul Play|p1a: Celesteela\n|-damage|p1a: Celesteela|76\/100\n|\n|-heal|p1a: Celesteela|82\/100|[from] item: Leftovers\n|upkeep\n|turn|92\n|\n|t:|1651042885\n|move|p2a: Umbreon|Wish|p2a: Umbreon\n|move|p1a: Celesteela|Flamethrower|p2a: Umbreon\n|-damage|p2a: Umbreon|45\/100\n|\n|-heal|p1a: Celesteela|88\/100|[from] item: Leftovers\n|upkeep\n|turn|93\n|\n|t:|1651042889\n|move|p2a: Umbreon|Foul Play|p1a: Celesteela\n|-damage|p1a: Celesteela|65\/100\n|move|p1a: Celesteela|Flamethrower|p2a: Umbreon\n|-damage|p2a: Umbreon|31\/100\n|\n|-heal|p2a: Umbreon|81\/100|[from] move: Wish|[wisher] Umbreon\n|-heal|p1a: Celesteela|71\/100|[from] item: Leftovers\n|upkeep\n|turn|94\n|\n|t:|1651042893\n|move|p2a: Umbreon|Protect|p2a: Umbreon\n|-singleturn|p2a: Umbreon|Protect\n|move|p1a: Celesteela|Leech Seed|p2a: Umbreon\n|-activate|p2a: Umbreon|move: Protect\n|\n|-heal|p1a: Celesteela|77\/100|[from] item: Leftovers\n|upkeep\n|turn|95\n|j| XPSH\n|\n|t:|1651042900\n|switch|p2a: Slowking|Slowking, F|96\/100\n|-damage|p2a: Slowking|84\/100|[from] Stealth Rock\n|move|p1a: Celesteela|Leech Seed|p2a: Slowking\n|-start|p2a: Slowking|move: Leech Seed\n|\n|-heal|p1a: Celesteela|83\/100|[from] item: Leftovers\n|-damage|p2a: Slowking|71\/100|[from] Leech Seed|[of] p1a: Celesteela\n|-heal|p1a: Celesteela|95\/100|[silent]\n|upkeep\n|turn|96\n|\n|t:|1651042906\n|move|p1a: Celesteela|Heavy Slam|p2a: Slowking\n|-resisted|p2a: Slowking\n|-damage|p2a: Slowking|58\/100\n|move|p2a: Slowking|Scald|p1a: Celesteela\n|-damage|p1a: Celesteela|76\/100\n|-status|p1a: Celesteela|brn\n|\n|-heal|p1a: Celesteela|82\/100 brn|[from] item: Leftovers\n|-damage|p2a: Slowking|45\/100|[from] Leech Seed|[of] p1a: Celesteela\n|-heal|p1a: Celesteela|94\/100 brn|[silent]\n|-damage|p1a: Celesteela|88\/100 brn|[from] brn\n|upkeep\n|turn|97\n|\n|t:|1651042915\n|switch|p2a: Umbreon|Umbreon, F|81\/100\n|-damage|p2a: Umbreon|68\/100|[from] Stealth Rock\n|move|p1a: Celesteela|Flamethrower|p2a: Umbreon\n|-damage|p2a: Umbreon|53\/100\n|\n|-heal|p1a: Celesteela|94\/100 brn|[from] item: Leftovers\n|-damage|p1a: Celesteela|88\/100 brn|[from] brn\n|upkeep\n|turn|98\n|\n|t:|1651042923\n|switch|p1a: Slowking|Slowking, M|93\/100 tox\n|move|p2a: Umbreon|Protect||[still]\n|-fail|p2a: Umbreon\n|\n|-damage|p1a: Slowking|87\/100 tox|[from] psn\n|upkeep\n|turn|99\n|\n|t:|1651042929\n|switch|p1a: Zarude|Zarude-Dada|81\/100\n|move|p2a: Umbreon|Foul Play|p1a: Zarude\n|-resisted|p1a: Zarude\n|-damage|p1a: Zarude|59\/100\n|\n|upkeep\n|turn|100\n|\n|t:|1651042935\n|move|p1a: Zarude|Power Whip|p2a: Umbreon\n|-damage|p2a: Umbreon|17\/100\n|move|p2a: Umbreon|Wish|p2a: Umbreon\n|\n|upkeep\n|turn|101\n|\n|t:|1651042941\n|move|p2a: Umbreon|Protect|p2a: Umbreon\n|-singleturn|p2a: Umbreon|Protect\n|move|p1a: Zarude|U-turn|p2a: Umbreon\n|-activate|p2a: Umbreon|move: Protect\n|\n|-heal|p2a: Umbreon|67\/100|[from] move: Wish|[wisher] Umbreon\n|upkeep\n|turn|102\n|\n|t:|1651042946\n|move|p1a: Zarude|U-turn|p2a: Umbreon\n|-supereffective|p2a: Umbreon\n|-crit|p2a: Umbreon\n|-damage|p2a: Umbreon|24\/100\n|\n|t:|1651042951\n|switch|p1a: Celesteela|Celesteela|88\/100 brn|[from]move: U-turn\n|move|p2a: Umbreon|Wish|p2a: Umbreon\n|\n|-heal|p1a: Celesteela|94\/100 brn|[from] item: Leftovers\n|-damage|p1a: Celesteela|88\/100 brn|[from] brn\n|upkeep\n|turn|103\n|\n|t:|1651042956\n|switch|p1a: Zarude|Zarude-Dada|59\/100\n|move|p2a: Umbreon|Foul Play|p1a: Zarude\n|-resisted|p1a: Zarude\n|-damage|p1a: Zarude|37\/100\n|\n|-heal|p2a: Umbreon|74\/100|[from] move: Wish|[wisher] Umbreon\n|upkeep\n|turn|104\n|\n|t:|1651042959\n|move|p1a: Zarude|Jungle Healing|p1a: Zarude\n|-heal|p1a: Zarude|62\/100\n|move|p2a: Umbreon|Toxic|p1a: Zarude\n|-status|p1a: Zarude|tox\n|\n|-damage|p1a: Zarude|56\/100 tox|[from] psn\n|upkeep\n|turn|105\n|\n|t:|1651042963\n|move|p1a: Zarude|Jungle Healing|p1a: Zarude\n|-heal|p1a: Zarude|81\/100 tox\n|-curestatus|p1a: Zarude|tox|[msg]\n|move|p2a: Umbreon|Foul Play|p1a: Zarude\n|-resisted|p1a: Zarude\n|-damage|p1a: Zarude|60\/100\n|\n|upkeep\n|turn|106\n|\n|t:|1651042976\n|move|p1a: Zarude|U-turn|p2a: Umbreon\n|-supereffective|p2a: Umbreon\n|-damage|p2a: Umbreon|49\/100\n|\n|t:|1651042980\n|switch|p1a: Celesteela|Celesteela|88\/100 brn|[from]move: U-turn\n|move|p2a: Umbreon|Wish|p2a: Umbreon\n|\n|-heal|p1a: Celesteela|94\/100 brn|[from] item: Leftovers\n|-damage|p1a: Celesteela|88\/100 brn|[from] brn\n|upkeep\n|turn|107\n|\n|t:|1651042984\n|move|p2a: Umbreon|Foul Play|p1a: Celesteela\n|-damage|p1a: Celesteela|64\/100 brn\n|move|p1a: Celesteela|Flamethrower|p2a: Umbreon\n|-damage|p2a: Umbreon|33\/100\n|\n|-heal|p2a: Umbreon|83\/100|[from] move: Wish|[wisher] Umbreon\n|-heal|p1a: Celesteela|70\/100 brn|[from] item: Leftovers\n|-damage|p1a: Celesteela|64\/100 brn|[from] brn\n|upkeep\n|turn|108\n|\n|t:|1651042987\n|move|p2a: Umbreon|Foul Play|p1a: Celesteela\n|-damage|p1a: Celesteela|41\/100 brn\n|move|p1a: Celesteela|Leech Seed|p2a: Umbreon\n|-start|p2a: Umbreon|move: Leech Seed\n|\n|-heal|p1a: Celesteela|47\/100 brn|[from] item: Leftovers\n|-damage|p2a: Umbreon|71\/100|[from] Leech Seed|[of] p1a: Celesteela\n|-heal|p1a: Celesteela|59\/100 brn|[silent]\n|-damage|p1a: Celesteela|53\/100 brn|[from] brn\n|upkeep\n|turn|109\n|\n|t:|1651042995\n|switch|p2a: Slowking|Slowking, F|79\/100\n|-damage|p2a: Slowking|66\/100|[from] Stealth Rock\n|switch|p1a: Zarude|Zarude-Dada|60\/100\n|\n|upkeep\n|turn|110\n|\n|t:|1651042999\n|switch|p2a: Umbreon|Umbreon, F|71\/100\n|-damage|p2a: Umbreon|59\/100|[from] Stealth Rock\n|move|p1a: Zarude|Power Whip|p2a: Umbreon|[miss]\n|-miss|p1a: Zarude|p2a: Umbreon\n|\n|upkeep\n|turn|111\n|\n|t:|1651043003\n|move|p1a: Zarude|Power Whip|p2a: Umbreon\n|-damage|p2a: Umbreon|21\/100\n|move|p2a: Umbreon|Wish|p2a: Umbreon\n|\n|upkeep\n|turn|112\n|c|\u2606Some Thug|that needed to land\n|\n|t:|1651043012\n|switch|p1a: Celesteela|Celesteela|53\/100 brn\n|move|p2a: Umbreon|Protect||[still]\n|-fail|p2a: Umbreon\n|\n|-heal|p2a: Umbreon|71\/100|[from] move: Wish|[wisher] Umbreon\n|-heal|p1a: Celesteela|59\/100 brn|[from] item: Leftovers\n|-damage|p1a: Celesteela|53\/100 brn|[from] brn\n|upkeep\n|turn|113\n|\n|t:|1651043017\n|move|p2a: Umbreon|Foul Play|p1a: Celesteela\n|-damage|p1a: Celesteela|30\/100 brn\n|move|p1a: Celesteela|Leech Seed|p2a: Umbreon\n|-start|p2a: Umbreon|move: Leech Seed\n|\n|-heal|p1a: Celesteela|36\/100 brn|[from] item: Leftovers\n|-damage|p2a: Umbreon|59\/100|[from] Leech Seed|[of] p1a: Celesteela\n|-heal|p1a: Celesteela|48\/100 brn|[silent]\n|-damage|p1a: Celesteela|42\/100 brn|[from] brn\n|upkeep\n|turn|114\n|\n|t:|1651043021\n|move|p1a: Celesteela|Protect|p1a: Celesteela\n|-singleturn|p1a: Celesteela|Protect\n|move|p2a: Umbreon|Foul Play|p1a: Celesteela\n|-activate|p1a: Celesteela|move: Protect\n|\n|-heal|p1a: Celesteela|48\/100 brn|[from] item: Leftovers\n|-damage|p2a: Umbreon|46\/100|[from] Leech Seed|[of] p1a: Celesteela\n|-heal|p1a: Celesteela|61\/100 brn|[silent]\n|-damage|p1a: Celesteela|55\/100 brn|[from] brn\n|upkeep\n|turn|115\n|\n|t:|1651043038\n|switch|p2a: Slowking|Slowking, F|99\/100\n|-damage|p2a: Slowking|87\/100|[from] Stealth Rock\n|move|p1a: Celesteela|Heavy Slam|p2a: Slowking\n|-resisted|p2a: Slowking\n|-damage|p2a: Slowking|79\/100\n|\n|-heal|p1a: Celesteela|61\/100 brn|[from] item: Leftovers\n|-damage|p1a: Celesteela|55\/100 brn|[from] brn\n|upkeep\n|turn|116\n|c|\u2606xskelly34|yeah that didnt need to land\n|\n|t:|1651043059\n|switch|p1a: Zarude|Zarude-Dada|60\/100\n|move|p2a: Slowking|Scald|p1a: Zarude\n|-resisted|p1a: Zarude\n|-damage|p1a: Zarude|45\/100\n|-status|p1a: Zarude|brn\n|\n|-damage|p1a: Zarude|39\/100 brn|[from] brn\n|upkeep\n|turn|117\n|c|\u2606xskelly34|you pretty much won after you flinched skarm\n|inactive|xskelly34 has 120 seconds left.\n|\n|t:|1651043082\n|move|p1a: Zarude|Jungle Healing|p1a: Zarude\n|-heal|p1a: Zarude|64\/100 brn\n|-curestatus|p1a: Zarude|brn|[msg]\n|move|p2a: Slowking|Scald|p1a: Zarude\n|-resisted|p1a: Zarude\n|-damage|p1a: Zarude|50\/100\n|-status|p1a: Zarude|brn\n|\n|-damage|p1a: Zarude|44\/100 brn|[from] brn\n|upkeep\n|turn|118\n|inactive|Some Thug has 120 seconds left.\n|c|\u2606Some Thug|after 117 turns it pretty much was guaranteed to come down to luck ngl\n|c|\u2606Some Thug|thats the thign with stall\n|\n|t:|1651043107\n|move|p1a: Zarude|Jungle Healing|p1a: Zarude\n|-heal|p1a: Zarude|69\/100 brn\n|-curestatus|p1a: Zarude|brn|[msg]\n|move|p2a: Slowking|Scald|p1a: Zarude\n|-resisted|p1a: Zarude\n|-damage|p1a: Zarude|55\/100\n|\n|upkeep\n|turn|119\n|\n|t:|1651043117\n|switch|p2a: Umbreon|Umbreon, F|46\/100\n|-damage|p2a: Umbreon|34\/100|[from] Stealth Rock\n|move|p1a: Zarude|Power Whip|p2a: Umbreon|[miss]\n|-miss|p1a: Zarude|p2a: Umbreon\n|\n|upkeep\n|turn|120\n|\n|t:|1651043123\n|move|p2a: Umbreon|Protect|p2a: Umbreon\n|-singleturn|p2a: Umbreon|Protect\n|move|p1a: Zarude|Power Whip|p2a: Umbreon\n|-activate|p2a: Umbreon|move: Protect\n|\n|upkeep\n|turn|121\n|c|\u2606xskelly34|big difference\n|\n|t:|1651043145\n|move|p1a: Zarude|U-turn|p2a: Umbreon\n|-supereffective|p2a: Umbreon\n|-damage|p2a: Umbreon|8\/100\n|\n|t:|1651043150\n|switch|p1a: Slowking|Slowking, M|100\/100 tox|[from]move: U-turn\n|move|p2a: Umbreon|Toxic|p1a: Slowking\n|-fail|p1a: Slowking|tox\n|\n|-damage|p1a: Slowking|94\/100 tox|[from] psn\n|upkeep\n|turn|122\n|\n|t:|1651043159\n|move|p2a: Umbreon|Protect|p2a: Umbreon\n|-singleturn|p2a: Umbreon|Protect\n|move|p1a: Slowking|Scald|p2a: Umbreon\n|-activate|p2a: Umbreon|move: Protect\n|\n|-damage|p1a: Slowking|82\/100 tox|[from] psn\n|upkeep\n|turn|123\n|\n|t:|1651043181\n|move|p2a: Umbreon|Foul Play|p1a: Slowking\n|-supereffective|p1a: Slowking\n|-damage|p1a: Slowking|55\/100 tox\n|move|p1a: Slowking|Scald|p2a: Umbreon\n|-crit|p2a: Umbreon\n|-damage|p2a: Umbreon|0 fnt\n|faint|p2a: Umbreon\n|\n|-damage|p1a: Slowking|36\/100 tox|[from] psn\n|upkeep\n|\n|t:|1651043198\n|switch|p2a: Chansey|Chansey, F|100\/100\n|-damage|p2a: Chansey|88\/100|[from] Stealth Rock\n|turn|124\n|\n|t:|1651043206\n|move|p2a: Chansey|Seismic Toss|p1a: Slowking\n|-damage|p1a: Slowking|11\/100 tox\n|move|p1a: Slowking|Slack Off|p1a: Slowking\n|-heal|p1a: Slowking|61\/100 tox\n|\n|-damage|p1a: Slowking|37\/100 tox|[from] psn\n|upkeep\n|turn|125\n|\n|t:|1651043211\n|switch|p1a: Zarude|Zarude-Dada|55\/100\n|move|p2a: Chansey|Seismic Toss|p1a: Zarude\n|-damage|p1a: Zarude|27\/100\n|\n|upkeep\n|turn|126\n|\n|t:|1651043221\n|move|p1a: Zarude|U-turn|p2a: Chansey\n|-damage|p2a: Chansey|64\/100\n|\n|t:|1651043224\n|switch|p1a: Celesteela|Celesteela|55\/100 brn|[from]move: U-turn\n|move|p2a: Chansey|Seismic Toss|p1a: Celesteela\n|-damage|p1a: Celesteela|30\/100 brn\n|\n|-heal|p1a: Celesteela|36\/100 brn|[from] item: Leftovers\n|-damage|p1a: Celesteela|30\/100 brn|[from] brn\n|upkeep\n|turn|127\n|\n|t:|1651043231\n|move|p1a: Celesteela|Leech Seed|p2a: Chansey\n|-start|p2a: Chansey|move: Leech Seed\n|move|p2a: Chansey|Seismic Toss|p1a: Celesteela\n|-damage|p1a: Celesteela|5\/100 brn\n|\n|-heal|p1a: Celesteela|11\/100 brn|[from] item: Leftovers\n|-damage|p2a: Chansey|51\/100|[from] Leech Seed|[of] p1a: Celesteela\n|-heal|p1a: Celesteela|33\/100 brn|[silent]\n|-damage|p1a: Celesteela|27\/100 brn|[from] brn\n|upkeep\n|turn|128\n|j| Algibrish\n|\n|t:|1651043237\n|move|p1a: Celesteela|Protect|p1a: Celesteela\n|-singleturn|p1a: Celesteela|Protect\n|move|p2a: Chansey|Soft-Boiled|p2a: Chansey\n|-heal|p2a: Chansey|100\/100\n|\n|-heal|p1a: Celesteela|33\/100 brn|[from] item: Leftovers\n|-damage|p2a: Chansey|88\/100|[from] Leech Seed|[of] p1a: Celesteela\n|-heal|p1a: Celesteela|55\/100 brn|[silent]\n|-damage|p1a: Celesteela|49\/100 brn|[from] brn\n|upkeep\n|turn|129\n|\n|t:|1651043242\n|switch|p2a: Slowking|Slowking, F|100\/100\n|-damage|p2a: Slowking|88\/100|[from] Stealth Rock\n|move|p1a: Celesteela|Heavy Slam|p2a: Slowking\n|-resisted|p2a: Slowking\n|-damage|p2a: Slowking|80\/100\n|\n|-heal|p1a: Celesteela|55\/100 brn|[from] item: Leftovers\n|-damage|p1a: Celesteela|49\/100 brn|[from] brn\n|upkeep\n|turn|130\n|\n|t:|1651043253\n|switch|p2a: Chansey|Chansey, F|88\/100\n|-damage|p2a: Chansey|75\/100|[from] Stealth Rock\n|move|p1a: Celesteela|Leech Seed|p2a: Chansey\n|-start|p2a: Chansey|move: Leech Seed\n|\n|-heal|p1a: Celesteela|55\/100 brn|[from] item: Leftovers\n|-damage|p2a: Chansey|63\/100|[from] Leech Seed|[of] p1a: Celesteela\n|-heal|p1a: Celesteela|77\/100 brn|[silent]\n|-damage|p1a: Celesteela|71\/100 brn|[from] brn\n|upkeep\n|turn|131\n|\n|t:|1651043258\n|move|p1a: Celesteela|Heavy Slam|p2a: Chansey\n|-damage|p2a: Chansey|41\/100\n|move|p2a: Chansey|Soft-Boiled|p2a: Chansey\n|-heal|p2a: Chansey|91\/100\n|\n|-heal|p1a: Celesteela|77\/100 brn|[from] item: Leftovers\n|-damage|p2a: Chansey|79\/100|[from] Leech Seed|[of] p1a: Celesteela\n|-heal|p1a: Celesteela|99\/100 brn|[silent]\n|-damage|p1a: Celesteela|93\/100 brn|[from] brn\n|upkeep\n|turn|132\n|\n|t:|1651043264\n|switch|p2a: Slowking|Slowking, F|100\/100\n|-damage|p2a: Slowking|88\/100|[from] Stealth Rock\n|move|p1a: Celesteela|Flamethrower|p2a: Slowking\n|-resisted|p2a: Slowking\n|-damage|p2a: Slowking|80\/100\n|\n|-heal|p1a: Celesteela|99\/100 brn|[from] item: Leftovers\n|-damage|p1a: Celesteela|93\/100 brn|[from] brn\n|upkeep\n|turn|133\n|\n|t:|1651043269\n|switch|p2a: Chansey|Chansey, F|79\/100\n|-damage|p2a: Chansey|66\/100|[from] Stealth Rock\n|move|p1a: Celesteela|Leech Seed|p2a: Chansey\n|-start|p2a: Chansey|move: Leech Seed\n|\n|-heal|p1a: Celesteela|99\/100 brn|[from] item: Leftovers\n|-damage|p2a: Chansey|54\/100|[from] Leech Seed|[of] p1a: Celesteela\n|-heal|p1a: Celesteela|100\/100 brn|[silent]\n|-damage|p1a: Celesteela|94\/100 brn|[from] brn\n|upkeep\n|turn|134\n|\n|t:|1651043274\n|move|p1a: Celesteela|Flamethrower|p2a: Chansey\n|-damage|p2a: Chansey|43\/100\n|move|p2a: Chansey|Soft-Boiled|p2a: Chansey\n|-heal|p2a: Chansey|93\/100\n|\n|-heal|p1a: Celesteela|100\/100 brn|[from] item: Leftovers\n|-damage|p2a: Chansey|81\/100|[from] Leech Seed|[of] p1a: Celesteela\n|-damage|p1a: Celesteela|94\/100 brn|[from] brn\n|upkeep\n|turn|135\n|\n|t:|1651043280\n|switch|p2a: Slowking|Slowking, F|100\/100\n|-damage|p2a: Slowking|88\/100|[from] Stealth Rock\n|move|p1a: Celesteela|Heavy Slam|p2a: Slowking\n|-resisted|p2a: Slowking\n|-damage|p2a: Slowking|81\/100\n|\n|-heal|p1a: Celesteela|100\/100 brn|[from] item: Leftovers\n|-damage|p1a: Celesteela|94\/100 brn|[from] brn\n|upkeep\n|turn|136\n|j| paolode99\n|\n|t:|1651043289\n|move|p1a: Celesteela|Leech Seed|p2a: Slowking\n|-start|p2a: Slowking|move: Leech Seed\n|move|p2a: Slowking|Calm Mind|p2a: Slowking\n|-boost|p2a: Slowking|spa|1\n|-boost|p2a: Slowking|spd|1\n|\n|-heal|p1a: Celesteela|100\/100 brn|[from] item: Leftovers\n|-damage|p2a: Slowking|68\/100|[from] Leech Seed|[of] p1a: Celesteela\n|-damage|p1a: Celesteela|94\/100 brn|[from] brn\n|upkeep\n|turn|137\n|\n|t:|1651043296\n|switch|p2a: Chansey|Chansey, F|81\/100\n|-damage|p2a: Chansey|68\/100|[from] Stealth Rock\n|move|p1a: Celesteela|Heavy Slam|p2a: Chansey\n|-damage|p2a: Chansey|48\/100\n|\n|-heal|p1a: Celesteela|100\/100 brn|[from] item: Leftovers\n|-damage|p1a: Celesteela|94\/100 brn|[from] brn\n|upkeep\n|turn|138\n|\n|t:|1651043300\n|move|p1a: Celesteela|Heavy Slam|p2a: Chansey\n|-damage|p2a: Chansey|28\/100\n|move|p2a: Chansey|Soft-Boiled|p2a: Chansey\n|-heal|p2a: Chansey|78\/100\n|\n|-heal|p1a: Celesteela|100\/100 brn|[from] item: Leftovers\n|-damage|p1a: Celesteela|94\/100 brn|[from] brn\n|upkeep\n|turn|139\n|\n|t:|1651043316\n|switch|p1a: Slowking|Slowking, M|70\/100 tox\n|move|p2a: Chansey|Seismic Toss|p1a: Slowking\n|-damage|p1a: Slowking|45\/100 tox\n|\n|-damage|p1a: Slowking|38\/100 tox|[from] psn\n|upkeep\n|turn|140\n|\n|t:|1651043328\n|switch|p1a: Celesteela|Celesteela|94\/100 brn\n|move|p2a: Chansey|Soft-Boiled|p2a: Chansey\n|-heal|p2a: Chansey|100\/100\n|\n|-heal|p1a: Celesteela|100\/100 brn|[from] item: Leftovers\n|-damage|p1a: Celesteela|94\/100 brn|[from] brn\n|upkeep\n|turn|141\n|l| paolode99\n|\n|t:|1651043334\n|move|p1a: Celesteela|Flamethrower|p2a: Chansey\n|-damage|p2a: Chansey|90\/100\n|move|p2a: Chansey|Seismic Toss|p1a: Celesteela\n|-damage|p1a: Celesteela|69\/100 brn\n|\n|-heal|p1a: Celesteela|75\/100 brn|[from] item: Leftovers\n|-damage|p1a: Celesteela|69\/100 brn|[from] brn\n|upkeep\n|turn|142\n|\n|t:|1651043340\n|move|p1a: Celesteela|Flamethrower|p2a: Chansey\n|-damage|p2a: Chansey|79\/100\n|move|p2a: Chansey|Seismic Toss|p1a: Celesteela\n|-damage|p1a: Celesteela|44\/100 brn\n|\n|-heal|p1a: Celesteela|50\/100 brn|[from] item: Leftovers\n|-damage|p1a: Celesteela|44\/100 brn|[from] brn\n|upkeep\n|turn|143\n|\n|t:|1651043345\n|move|p1a: Celesteela|Heavy Slam|p2a: Chansey\n|-damage|p2a: Chansey|57\/100\n|move|p2a: Chansey|Seismic Toss|p1a: Celesteela\n|-damage|p1a: Celesteela|19\/100 brn\n|\n|-heal|p1a: Celesteela|25\/100 brn|[from] item: Leftovers\n|-damage|p1a: Celesteela|19\/100 brn|[from] brn\n|upkeep\n|turn|144\n|\n|t:|1651043354\n|move|p1a: Celesteela|Protect|p1a: Celesteela\n|-singleturn|p1a: Celesteela|Protect\n|move|p2a: Chansey|Soft-Boiled|p2a: Chansey\n|-heal|p2a: Chansey|100\/100\n|\n|-heal|p1a: Celesteela|25\/100 brn|[from] item: Leftovers\n|-damage|p1a: Celesteela|19\/100 brn|[from] brn\n|upkeep\n|turn|145\n|\n|t:|1651043363\n|switch|p1a: Slowking|Slowking, M|72\/100 tox\n|move|p2a: Chansey|Seismic Toss|p1a: Slowking\n|-damage|p1a: Slowking|46\/100 tox\n|\n|-damage|p1a: Slowking|40\/100 tox|[from] psn\n|upkeep\n|turn|146\n|\n|t:|1651043368\n|move|p2a: Chansey|Seismic Toss|p1a: Slowking\n|-damage|p1a: Slowking|15\/100 tox\n|move|p1a: Slowking|Slack Off|p1a: Slowking\n|-heal|p1a: Slowking|65\/100 tox\n|\n|-damage|p1a: Slowking|53\/100 tox|[from] psn\n|upkeep\n|turn|147\n|\n|t:|1651043375\n|switch|p1a: Celesteela|Celesteela|19\/100 brn\n|move|p2a: Chansey|Seismic Toss|p1a: Celesteela\n|-damage|p1a: Celesteela|0 fnt\n|faint|p1a: Celesteela\n|\n|upkeep\n|\n|t:|1651043380\n|switch|p1a: Zarude|Zarude-Dada|27\/100\n|turn|148\n|\n|t:|1651043384\n|move|p1a: Zarude|U-turn|p2a: Chansey\n|-damage|p2a: Chansey|77\/100\n|\n|t:|1651043386\n|switch|p1a: Slowking|Slowking, M|86\/100 tox|[from]move: U-turn\n|move|p2a: Chansey|Toxic|p1a: Slowking\n|-fail|p1a: Slowking|tox\n|\n|-damage|p1a: Slowking|80\/100 tox|[from] psn\n|upkeep\n|turn|149\n|\n|t:|1651043395\n|move|p2a: Chansey|Seismic Toss|p1a: Slowking\n|-damage|p1a: Slowking|54\/100 tox\n|move|p1a: Slowking|Psyshock|p2a: Chansey\n|-damage|p2a: Chansey|52\/100\n|\n|-damage|p1a: Slowking|42\/100 tox|[from] psn\n|upkeep\n|turn|150\n|\n|t:|1651043414\n|move|p2a: Chansey|Soft-Boiled|p2a: Chansey\n|-heal|p2a: Chansey|100\/100\n|move|p1a: Slowking|Slack Off|p1a: Slowking\n|-heal|p1a: Slowking|92\/100 tox\n|\n|-damage|p1a: Slowking|74\/100 tox|[from] psn\n|upkeep\n|turn|151\n|\n|t:|1651043423\n|switch|p2a: Slowking|Slowking, F|100\/100\n|-damage|p2a: Slowking|88\/100|[from] Stealth Rock\n|move|p1a: Slowking|Teleport|p1a: Slowking\n|\n|t:|1651043428\n|switch|p1a: Zarude|Zarude-Dada|27\/100|[from]move: Teleport\n|\n|upkeep\n|turn|152\n|\n|t:|1651043434\n|move|p1a: Zarude|Jungle Healing|p1a: Zarude\n|-heal|p1a: Zarude|52\/100\n|move|p2a: Slowking|Scald|p1a: Zarude\n|-resisted|p1a: Zarude\n|-damage|p1a: Zarude|39\/100\n|\n|upkeep\n|turn|153\n|\n|t:|1651043447\n|move|p1a: Zarude|Jungle Healing|p1a: Zarude\n|-heal|p1a: Zarude|64\/100\n|move|p2a: Slowking|Scald|p1a: Zarude\n|-resisted|p1a: Zarude\n|-damage|p1a: Zarude|49\/100\n|-status|p1a: Zarude|brn\n|\n|-damage|p1a: Zarude|43\/100 brn|[from] brn\n|upkeep\n|turn|154\n|\n|t:|1651043452\n|move|p1a: Zarude|Jungle Healing|p1a: Zarude\n|-heal|p1a: Zarude|68\/100 brn\n|-curestatus|p1a: Zarude|brn|[msg]\n|move|p2a: Slowking|Scald|p1a: Zarude\n|-resisted|p1a: Zarude\n|-damage|p1a: Zarude|55\/100\n|\n|upkeep\n|turn|155\n|\n|t:|1651043463\n|move|p1a: Zarude|Darkest Lariat|p2a: Slowking\n|-supereffective|p2a: Slowking\n|-damage|p2a: Slowking|31\/100\n|move|p2a: Slowking|Slack Off|p2a: Slowking\n|-heal|p2a: Slowking|81\/100\n|\n|upkeep\n|turn|156\n|\n|t:|1651043485\n|move|p1a: Zarude|Darkest Lariat|p2a: Slowking\n|-supereffective|p2a: Slowking\n|-damage|p2a: Slowking|24\/100\n|move|p2a: Slowking|Slack Off|p2a: Slowking\n|-heal|p2a: Slowking|74\/100\n|\n|upkeep\n|turn|157\n|\n|t:|1651043491\n|move|p1a: Zarude|Power Whip|p2a: Slowking\n|-supereffective|p2a: Slowking\n|-damage|p2a: Slowking|0 fnt\n|faint|p2a: Slowking\n|\n|upkeep\n|\n|t:|1651043497\n|switch|p2a: Chansey|Chansey, F|100\/100\n|-damage|p2a: Chansey|88\/100|[from] Stealth Rock\n|turn|158\n|c|\u2606xskelly34|unfort\n|j| Sykes21\n|\n|t:|1651043515\n|move|p1a: Zarude|U-turn|p2a: Chansey\n|-damage|p2a: Chansey|66\/100\n|c|\u2606Some Thug|gg\n|\n|t:|1651043518\n|switch|p1a: Slowking|Slowking, M|100\/100 tox|[from]move: U-turn\n|move|p2a: Chansey|Toxic|p1a: Slowking\n|-fail|p1a: Slowking|tox\n|\n|-damage|p1a: Slowking|94\/100 tox|[from] psn\n|upkeep\n|turn|159\n|\n|t:|1651043521\n|move|p2a: Chansey|Seismic Toss|p1a: Slowking\n|-damage|p1a: Slowking|69\/100 tox\n|move|p1a: Slowking|Psyshock|p2a: Chansey\n|-damage|p2a: Chansey|41\/100\n|\n|-damage|p1a: Slowking|57\/100 tox|[from] psn\n|upkeep\n|turn|160\n|\n|t:|1651043527\n|move|p2a: Chansey|Soft-Boiled|p2a: Chansey\n|-heal|p2a: Chansey|91\/100\n|move|p1a: Slowking|Psyshock|p2a: Chansey\n|-damage|p2a: Chansey|67\/100\n|\n|-damage|p1a: Slowking|38\/100 tox|[from] psn\n|upkeep\n|turn|161\n|\n|t:|1651043534\n|move|p2a: Chansey|Seismic Toss|p1a: Slowking\n|-damage|p1a: Slowking|13\/100 tox\n|move|p1a: Slowking|Teleport|p1a: Slowking\n|\n|t:|1651043539\n|switch|p1a: Zarude|Zarude-Dada|55\/100|[from]move: Teleport\n|\n|upkeep\n|turn|162\n|\n|t:|1651043544\n|move|p1a: Zarude|U-turn|p2a: Chansey\n|-damage|p2a: Chansey|46\/100\n|\n|t:|1651043547\n|switch|p1a: Slowking|Slowking, M|46\/100 tox|[from]move: U-turn\n|move|p2a: Chansey|Toxic|p1a: Slowking\n|-fail|p1a: Slowking|tox\n|\n|-damage|p1a: Slowking|40\/100 tox|[from] psn\n|upkeep\n|turn|163\n|\n|t:|1651043551\n|move|p2a: Chansey|Soft-Boiled|p2a: Chansey\n|-heal|p2a: Chansey|96\/100\n|move|p1a: Slowking|Slack Off|p1a: Slowking\n|-heal|p1a: Slowking|90\/100 tox\n|\n|-damage|p1a: Slowking|78\/100 tox|[from] psn\n|upkeep\n|turn|164\n|\n|t:|1651043556\n|move|p2a: Chansey|Seismic Toss|p1a: Slowking\n|-damage|p1a: Slowking|53\/100 tox\n|move|p1a: Slowking|Psyshock|p2a: Chansey\n|-damage|p2a: Chansey|69\/100\n|\n|-damage|p1a: Slowking|34\/100 tox|[from] psn\n|upkeep\n|turn|165\n|\n|t:|1651043561\n|move|p2a: Chansey|Seismic Toss|p1a: Slowking\n|-damage|p1a: Slowking|9\/100 tox\n|move|p1a: Slowking|Psyshock|p2a: Chansey\n|-crit|p2a: Chansey\n|-damage|p2a: Chansey|26\/100\n|\n|-damage|p1a: Slowking|0 fnt|[from] psn\n|faint|p1a: Slowking\n|upkeep\n|j| WeazyLillie\n|\n|t:|1651043564\n|switch|p1a: Zarude|Zarude-Dada|55\/100\n|turn|166\n|c| WeazyLillie|woah\n|c| WeazyLillie|turn 165\n|c|\u2606xskelly34|great perfomance\n|-message|xskelly34 forfeited.\n|\n|win|Some Thug\n|n|\u2606Some Thug|somethug\n|n|\u2606xskelly34|xskelly34\n|n|*Lady Monita \u273f|ladymonita\n|n| XPSH|xpsh\n|n| Algibrish|algibrish\n|n| Sykes21|sykes21\n|n| WeazyLillie|weazylillie\n|l|*Lady Monita \u273f\n|l|\u2606xskelly34\n|c|\u2606Some Thug|ggs\n|l|\u2606Some Thug\n|l| XPSH\n|l| Sykes21\n|l| Algibrish\n|l| WeazyLillie\n|j|\u2606Some Thug\n|player|p1|Some Thug|wallace-gen6\n","uploadtime":1651044604,"views":11,"p1id":"somethug","p2id":"xskelly34","formatid":"gen8uu","rating":0,"private":0,"password":null}