{"id":"gen8nationaldex-1525496089","p1":"Raider3323","p2":"Hikari-miyako","format":"gen8nationaldex","log":"|html|<div class=\"broadcast-blue\"><strong>[Gen 8] National Dex is currently suspecting Dragapult! For information on how to participate check out the <a href=\"https:\/\/www.smogon.com\/forums\/threads\/national-dex-suspect-test-14-ghost-girl.3697927\/\">suspect thread<\/a>.<\/strong><\/div>\n|j|\u2606Raider3323\n|j|\u2606Hikari-miyako\n|t:|1646667843\n|gametype|singles\n|player|p1|Raider3323|102|1740\n|player|p2|Hikari-miyako|ariana|1892\n|teamsize|p1|6\n|teamsize|p2|6\n|gen|8\n|tier|[Gen 8] National Dex\n|rated|\n|rule|HP Percentage Mod: HP is shown in percentages\n|rule|Endless Battle Clause: Forcing endless battles is banned\n|rule|OHKO Clause: OHKO moves are banned\n|rule|Evasion Moves Clause: Evasion moves are banned\n|rule|Species Clause: Limit one of each Pok\u00e9mon\n|rule|Dynamax Clause: You cannot dynamax\n|rule|Sleep Clause Mod: Limit one foe put to sleep\n|clearpoke\n|poke|p1|Toxapex, F|\n|poke|p1|Jirachi|\n|poke|p1|Raikou|\n|poke|p1|Gliscor, F|\n|poke|p1|Ferrothorn, F|\n|poke|p1|Kartana|\n|poke|p2|Aegislash, M|\n|poke|p2|Diancie|\n|poke|p2|Thundurus, M|\n|poke|p2|Bisharp, F|\n|poke|p2|Serperior, M|\n|poke|p2|Dragapult, F|\n|teampreview\n|\n|t:|1646667850\n|start\n|switch|p1a: Toxapex|Toxapex, F, shiny|100\/100\n|switch|p2a: Bisharp|Bisharp, F|100\/100\n|turn|1\n|\n|t:|1646667853\n|move|p2a: Bisharp|Stealth Rock|p1a: Toxapex\n|-sidestart|p1: Raider3323|move: Stealth Rock\n|move|p1a: Toxapex|Scald|p2a: Bisharp\n|-damage|p2a: Bisharp|77\/100\n|\n|upkeep\n|turn|2\n|\n|t:|1646667862\n|switch|p2a: Thundurus|Thundurus, M|100\/100\n|move|p1a: Toxapex|Scald|p2a: Thundurus\n|-damage|p2a: Thundurus|78\/100\n|\n|upkeep\n|turn|3\n|\n|t:|1646667864\n|move|p2a: Thundurus|Thunderbolt|p1a: Toxapex\n|-supereffective|p1a: Toxapex\n|-damage|p1a: Toxapex|18\/100\n|-damage|p2a: Thundurus|69\/100|[from] item: Life Orb\n|move|p1a: Toxapex|Toxic|p2a: Thundurus\n|-status|p2a: Thundurus|tox\n|\n|-heal|p1a: Toxapex|25\/100|[from] item: Black Sludge\n|-damage|p2a: Thundurus|63\/100 tox|[from] psn\n|upkeep\n|turn|4\n|\n|t:|1646667869\n|switch|p2a: Aegislash|Aegislash, M|100\/100\n|move|p1a: Toxapex|Recover|p1a: Toxapex\n|-heal|p1a: Toxapex|75\/100\n|\n|-heal|p1a: Toxapex|81\/100|[from] item: Black Sludge\n|upkeep\n|turn|5\n|\n|t:|1646667871\n|-formechange|p2a: Aegislash|Aegislash-Blade||[from] ability: Stance Change\n|move|p2a: Aegislash|Shadow Ball|p1a: Toxapex\n|-damage|p1a: Toxapex|49\/100\n|move|p1a: Toxapex|Scald|p2a: Aegislash\n|-damage|p2a: Aegislash|69\/100\n|\n|-heal|p1a: Toxapex|55\/100|[from] item: Black Sludge\n|upkeep\n|turn|6\n|\n|t:|1646667873\n|move|p2a: Aegislash|Shadow Ball|p1a: Toxapex\n|-damage|p1a: Toxapex|25\/100\n|move|p1a: Toxapex|Recover|p1a: Toxapex\n|-heal|p1a: Toxapex|75\/100\n|\n|-heal|p1a: Toxapex|81\/100|[from] item: Black Sludge\n|upkeep\n|turn|7\n|\n|t:|1646667875\n|move|p2a: Aegislash|Shadow Ball|p1a: Toxapex\n|-damage|p1a: Toxapex|51\/100\n|move|p1a: Toxapex|Scald|p2a: Aegislash\n|-damage|p2a: Aegislash|37\/100\n|\n|-heal|p1a: Toxapex|57\/100|[from] item: Black Sludge\n|upkeep\n|turn|8\n|\n|t:|1646667879\n|switch|p2a: Thundurus|Thundurus, M|63\/100 tox\n|move|p1a: Toxapex|Recover|p1a: Toxapex\n|-heal|p1a: Toxapex|100\/100\n|\n|-damage|p2a: Thundurus|57\/100 tox|[from] psn\n|upkeep\n|turn|9\n|\n|t:|1646667882\n|move|p2a: Thundurus|Thunderbolt|p1a: Toxapex\n|-supereffective|p1a: Toxapex\n|-damage|p1a: Toxapex|24\/100\n|-damage|p2a: Thundurus|47\/100 tox|[from] item: Life Orb\n|move|p1a: Toxapex|Scald|p2a: Thundurus\n|-damage|p2a: Thundurus|25\/100 tox\n|\n|-heal|p1a: Toxapex|30\/100|[from] item: Black Sludge\n|-damage|p2a: Thundurus|13\/100 tox|[from] psn\n|upkeep\n|turn|10\n|\n|t:|1646667885\n|switch|p1a: Raikou|Raikou, shiny|100\/100\n|-damage|p1a: Raikou|88\/100|[from] Stealth Rock\n|-ability|p1a: Raikou|Pressure\n|move|p2a: Thundurus|Thunderbolt|p1a: Raikou\n|-resisted|p1a: Raikou\n|-damage|p1a: Raikou|58\/100\n|-damage|p2a: Thundurus|3\/100 tox|[from] item: Life Orb\n|\n|-heal|p1a: Raikou|64\/100|[from] item: Leftovers\n|-damage|p2a: Thundurus|0 fnt|[from] psn\n|faint|p2a: Thundurus\n|upkeep\n|\n|t:|1646667888\n|switch|p2a: Dragapult|Dragapult, F|100\/100\n|turn|11\n|\n|t:|1646667890\n|move|p2a: Dragapult|Dragon Darts|p1a: Raikou\n|-damage|p1a: Raikou|24\/100\n|-anim|p2a: Dragapult|Dragon Darts|p1a: Raikou\n|-damage|p1a: Raikou|0 fnt\n|faint|p1a: Raikou\n|-damage|p2a: Dragapult|91\/100|[from] item: Life Orb\n|\n|upkeep\n|\n|t:|1646667893\n|switch|p1a: Ferrothorn|Ferrothorn, F, shiny|100\/100\n|-damage|p1a: Ferrothorn|94\/100|[from] Stealth Rock\n|turn|12\n|\n|t:|1646667895\n|move|p2a: Dragapult|Fire Blast|p1a: Ferrothorn\n|-supereffective|p1a: Ferrothorn\n|-damage|p1a: Ferrothorn|0 fnt\n|faint|p1a: Ferrothorn\n|-damage|p2a: Dragapult|81\/100|[from] item: Life Orb\n|\n|upkeep\n|\n|t:|1646667898\n|switch|p1a: Kartana|Kartana|100\/100\n|-damage|p1a: Kartana|94\/100|[from] Stealth Rock\n|turn|13\n|\n|t:|1646667906\n|move|p2a: Dragapult|Sucker Punch|p1a: Kartana\n|-damage|p1a: Kartana|63\/100\n|-damage|p2a: Dragapult|71\/100|[from] item: Life Orb\n|move|p1a: Kartana|Knock Off|p2a: Dragapult\n|-supereffective|p2a: Dragapult\n|-damage|p2a: Dragapult|0 fnt\n|-enditem|p2a: Dragapult|Life Orb|[from] move: Knock Off|[of] p1a: Kartana\n|faint|p2a: Dragapult\n|-ability|p1a: Kartana|Beast Boost|boost\n|-boost|p1a: Kartana|atk|1\n|\n|upkeep\n|\n|t:|1646667909\n|switch|p2a: Diancie|Diancie|100\/100\n|turn|14\n|\n|t:|1646667917\n|switch|p1a: Toxapex|Toxapex, F, shiny|63\/100\n|-damage|p1a: Toxapex|50\/100|[from] Stealth Rock\n|detailschange|p2a: Diancie|Diancie-Mega\n|-mega|p2a: Diancie|Diancie|Diancite\n|move|p2a: Diancie|Diamond Storm|p1a: Toxapex\n|-damage|p1a: Toxapex|9\/100\n|\n|-heal|p1a: Toxapex|15\/100|[from] item: Black Sludge\n|upkeep\n|turn|15\n|\n|t:|1646667919\n|move|p2a: Diancie|Diamond Storm|p1a: Toxapex\n|-damage|p1a: Toxapex|0 fnt\n|faint|p1a: Toxapex\n|\n|upkeep\n|\n|t:|1646667921\n|switch|p1a: Kartana|Kartana|63\/100\n|-damage|p1a: Kartana|57\/100|[from] Stealth Rock\n|turn|16\n|\n|t:|1646667925\n|switch|p2a: Aegislash|Aegislash, M|37\/100\n|move|p1a: Kartana|Smart Strike|p2a: Aegislash\n|-resisted|p2a: Aegislash\n|-damage|p2a: Aegislash|18\/100\n|\n|upkeep\n|turn|17\n|\n|t:|1646667929\n|move|p2a: Aegislash|King's Shield|p2a: Aegislash\n|-singleturn|p2a: Aegislash|Protect\n|move|p1a: Kartana|Smart Strike|p2a: Aegislash\n|-activate|p2a: Aegislash|move: Protect\n|-unboost|p1a: Kartana|atk|1\n|\n|upkeep\n|turn|18\n|\n|t:|1646667932\n|switch|p1a: Gliscor|Gliscor, F|100\/100\n|-damage|p1a: Gliscor|88\/100|[from] Stealth Rock\n|-formechange|p2a: Aegislash|Aegislash-Blade||[from] ability: Stance Change\n|move|p2a: Aegislash|Shadow Ball|p1a: Gliscor\n|-damage|p1a: Gliscor|24\/100\n|\n|-status|p1a: Gliscor|tox|[from] item: Toxic Orb\n|upkeep\n|turn|19\n|\n|t:|1646667935\n|switch|p2a: Serperior|Serperior, M|100\/100\n|move|p1a: Gliscor|Earthquake|p2a: Serperior\n|-resisted|p2a: Serperior\n|-damage|p2a: Serperior|77\/100\n|\n|-heal|p1a: Gliscor|36\/100 tox|[from] ability: Poison Heal\n|upkeep\n|turn|20\n|\n|t:|1646667937\n|move|p2a: Serperior|Leaf Storm|p1a: Gliscor\n|-damage|p1a: Gliscor|0 fnt\n|-boost|p2a: Serperior|spa|2\n|faint|p1a: Gliscor\n|\n|upkeep\n|\n|t:|1646667940\n|switch|p1a: Kartana|Kartana|57\/100\n|-damage|p1a: Kartana|50\/100|[from] Stealth Rock\n|turn|21\n|\n|t:|1646667942\n|move|p1a: Kartana|Smart Strike|p2a: Serperior\n|-damage|p2a: Serperior|11\/100\n|move|p2a: Serperior|Leaf Storm|p1a: Kartana\n|-resisted|p1a: Kartana\n|-damage|p1a: Kartana|0 fnt\n|-boost|p2a: Serperior|spa|2\n|faint|p1a: Kartana\n|\n|upkeep\n|\n|t:|1646667945\n|switch|p1a: Jirachi|Jirachi, shiny|100\/100\n|-damage|p1a: Jirachi|94\/100|[from] Stealth Rock\n|turn|22\n|\n|t:|1646667947\n|move|p2a: Serperior|Leaf Storm|p1a: Jirachi\n|-resisted|p1a: Jirachi\n|-damage|p1a: Jirachi|9\/100\n|-boost|p2a: Serperior|spa|2\n|-zpower|p1a: Jirachi\n|move|p1a: Jirachi|Z-Happy Hour|p1a: Jirachi|[anim]Happy Hour\n|-boost|p1a: Jirachi|atk|1|[zeffect]\n|-boost|p1a: Jirachi|def|1|[zeffect]\n|-boost|p1a: Jirachi|spa|1|[zeffect]\n|-boost|p1a: Jirachi|spd|1|[zeffect]\n|-boost|p1a: Jirachi|spe|1|[zeffect]\n|\n|upkeep\n|turn|23\n|\n|t:|1646667949\n|move|p1a: Jirachi|Stored Power|p2a: Serperior\n|-damage|p2a: Serperior|0 fnt\n|faint|p2a: Serperior\n|\n|upkeep\n|\n|t:|1646667951\n|switch|p2a: Aegislash|Aegislash, M|18\/100\n|turn|24\n|\n|t:|1646667953\n|-formechange|p2a: Aegislash|Aegislash-Blade||[from] ability: Stance Change\n|move|p2a: Aegislash|Shadow Sneak|p1a: Jirachi\n|-supereffective|p1a: Jirachi\n|-damage|p1a: Jirachi|0 fnt\n|faint|p1a: Jirachi\n|\n|win|Hikari-miyako\n|raw|Raider3323's rating: 1740 &rarr; <strong>1728<\/strong><br \/>(-12 for losing)\n|raw|Hikari-miyako's rating: 1892 &rarr; <strong>1904<\/strong><br \/>(+12 for winning)\n|c|\u2606Raider3323|gg\n|l|\u2606Raider3323\n|c|\u2606Hikari-miyako|gg\n","uploadtime":1646667961,"views":16,"p1id":"raider3323","p2id":"hikarimiyako","formatid":"gen8nationaldex","rating":1728,"private":0,"password":null}