{"id":"gen8ou-1665031769","p1":"broked on bricks","p2":"Oden301000","format":"gen8ou","log":"|j|\u2606broked on bricks\n|j|\u2606Oden301000\n|t:|1663259676\n|gametype|singles\n|player|p1|broked on bricks|morty-gen2|1519\n|player|p2|Oden301000|1|1503\n|teamsize|p1|6\n|teamsize|p2|6\n|gen|8\n|tier|[Gen 8] OU\n|rated|\n|rule|Sleep Clause Mod: Limit one foe put to sleep\n|rule|Species Clause: Limit one of each Pok\u00e9mon\n|rule|OHKO Clause: OHKO moves are banned\n|rule|Evasion Items Clause: Evasion items are banned\n|rule|Evasion Moves Clause: Evasion moves are banned\n|rule|Endless Battle Clause: Forcing endless battles is banned\n|rule|HP Percentage Mod: HP is shown in percentages\n|rule|Dynamax Clause: You cannot dynamax\n|clearpoke\n|poke|p1|Venusaur, F|\n|poke|p1|Victini|\n|poke|p1|Darmanitan, M|\n|poke|p1|Torkoal, F|\n|poke|p1|Mandibuzz, F|\n|poke|p1|Garchomp, M|\n|poke|p2|Ninetales-Alola, F|\n|poke|p2|Heatran, F|\n|poke|p2|Dragapult, M|\n|poke|p2|Scizor, F|\n|poke|p2|Garchomp, M|\n|poke|p2|Cloyster, F|\n|teampreview\n|inactive|Battle timer is ON: inactive players will automatically lose when time's up. (requested by Oden301000)\n|c|\u2606broked on bricks|glhf\n|\n|t:|1663259691\n|start\n|switch|p1a: Beans Saranghae|Torkoal, F|100\/100\n|switch|p2a: Heatran|Heatran, F|100\/100\n|-item|p2a: Heatran|Air Balloon\n|-weather|SunnyDay|[from] ability: Drought|[of] p1a: Beans Saranghae\n|turn|1\n|\n|t:|1663259696\n|move|p2a: Heatran|Stealth Rock|p1a: Beans Saranghae\n|-sidestart|p1: broked on bricks|move: Stealth Rock\n|move|p1a: Beans Saranghae|Body Press|p2a: Heatran\n|-supereffective|p2a: Heatran\n|-damage|p2a: Heatran|41\/100\n|-enditem|p2a: Heatran|Air Balloon\n|\n|-weather|SunnyDay|[upkeep]\n|upkeep\n|turn|2\n|\n|t:|1663259704\n|switch|p2a: Garchomp|Garchomp, M|100\/100\n|move|p1a: Beans Saranghae|Rapid Spin|p2a: Garchomp\n|-damage|p2a: Garchomp|92\/100\n|-boost|p1a: Beans Saranghae|spe|1\n|-damage|p1a: Beans Saranghae|88\/100|[from] ability: Rough Skin|[of] p2a: Garchomp\n|-sideend|p1: broked on bricks|Stealth Rock|[from] move: Rapid Spin|[of] p1a: Beans Saranghae\n|\n|-weather|SunnyDay|[upkeep]\n|-heal|p2a: Garchomp|98\/100|[from] item: Leftovers\n|upkeep\n|turn|3\n|\n|t:|1663259713\n|switch|p2a: Ninetales|Ninetales-Alola, F|100\/100\n|-weather|Hail|[from] ability: Snow Warning|[of] p2a: Ninetales\n|move|p1a: Beans Saranghae|Lava Plume|p2a: Ninetales\n|-supereffective|p2a: Ninetales\n|-damage|p2a: Ninetales|51\/100\n|\n|-weather|Hail|[upkeep]\n|-damage|p1a: Beans Saranghae|82\/100|[from] Hail\n|upkeep\n|turn|4\n|\n|t:|1663259722\n|switch|p2a: Garchomp|Garchomp, M|98\/100\n|move|p1a: Beans Saranghae|Stealth Rock|p2a: Garchomp\n|-sidestart|p2: Oden301000|move: Stealth Rock\n|\n|-weather|Hail|[upkeep]\n|-damage|p2a: Garchomp|92\/100|[from] Hail\n|-damage|p1a: Beans Saranghae|76\/100|[from] Hail\n|-heal|p2a: Garchomp|98\/100|[from] item: Leftovers\n|upkeep\n|turn|5\n|\n|t:|1663259728\n|switch|p1a: RIP Omari frfr|Mandibuzz, F, shiny|100\/100\n|move|p2a: Garchomp|Swords Dance|p2a: Garchomp\n|-boost|p2a: Garchomp|atk|2\n|\n|-weather|Hail|[upkeep]\n|-damage|p2a: Garchomp|92\/100|[from] Hail\n|-heal|p2a: Garchomp|98\/100|[from] item: Leftovers\n|upkeep\n|turn|6\n|\n|t:|1663259732\n|move|p2a: Garchomp|Swords Dance|p2a: Garchomp\n|-boost|p2a: Garchomp|atk|2\n|move|p1a: RIP Omari frfr|Foul Play|p2a: Garchomp\n|-damage|p2a: Garchomp|0 fnt\n|-damage|p1a: RIP Omari frfr|88\/100|[from] ability: Rough Skin|[of] p2a: Garchomp\n|faint|p2a: Garchomp\n|\n|-weather|Hail|[upkeep]\n|upkeep\n|\n|t:|1663259739\n|switch|p2a: Cloyster|Cloyster, F|100\/100\n|turn|7\n|\n|t:|1663259753\n|move|p2a: Cloyster|Shell Smash|p2a: Cloyster\n|-unboost|p2a: Cloyster|def|1\n|-unboost|p2a: Cloyster|spd|1\n|-boost|p2a: Cloyster|atk|2\n|-boost|p2a: Cloyster|spa|2\n|-boost|p2a: Cloyster|spe|2\n|move|p1a: RIP Omari frfr|Foul Play|p2a: Cloyster\n|-damage|p2a: Cloyster|0 fnt\n|faint|p2a: Cloyster\n|\n|-weather|none\n|upkeep\n|-message|Oden301000 forfeited.\n|\n|win|broked on bricks\n|raw|broked on bricks's rating: 1519 &rarr; <strong>1538<\/strong><br \/>(+19 for winning)\n|raw|Oden301000's rating: 1503 &rarr; <strong>1484<\/strong><br \/>(-19 for losing)\n|l|\u2606Oden301000\n||Ladder isn't responding, score probably updated but might not have (Request timeout).\n","uploadtime":1663259762,"views":3,"p1id":"brokedonbricks","p2id":"oden301000","formatid":"gen8ou","rating":1484,"private":0,"password":null}