{"id":"gen8ou-1626759693","p1":"LT91BB animefan","p2":"Orangesss","format":"gen8ou","log":"|raw|<div class=\"broadcast-blue\"><strong>This battle is required to be public due to a player having a name starting with 'lt91bb'.<\/div>\n|j|\u2606LT91BB animefan\n|j|\u2606Orangesss\n|t:|1658970666\n|gametype|singles\n|player|p1|LT91BB animefan|170|1816\n|player|p2|Orangesss|silver|1769\n|teamsize|p1|6\n|teamsize|p2|6\n|gen|8\n|tier|[Gen 8] OU\n|rated|\n|rule|Sleep Clause Mod: Limit one foe put to sleep\n|rule|Species Clause: Limit one of each Pok\u00e9mon\n|rule|OHKO Clause: OHKO moves are banned\n|rule|Evasion Moves Clause: Evasion moves are banned\n|rule|Endless Battle Clause: Forcing endless battles is banned\n|rule|HP Percentage Mod: HP is shown in percentages\n|rule|Dynamax Clause: You cannot dynamax\n|clearpoke\n|poke|p1|Melmetal|\n|poke|p1|Clefable, M|\n|poke|p1|Quagsire, M|\n|poke|p1|Skarmory, M|\n|poke|p1|Zapdos|\n|poke|p1|Toxapex, F|\n|poke|p2|Pelipper, F|\n|poke|p2|Barraskewda, F|\n|poke|p2|Ferrothorn, M|\n|poke|p2|Seismitoad, F|\n|poke|p2|Tapu Koko|\n|poke|p2|Tornadus-Therian, M|\n|teampreview\n|inactive|Battle timer is ON: inactive players will automatically lose when time's up. (requested by Orangesss)\n|inactive|LT91BB animefan also wants the timer to be on.\n|j| Cyberacc\n|inactive|LT91BB animefan has 120 seconds left.\n|j| OLT Farmer\n|l| OLT Farmer\n|\n|t:|1658970710\n|start\n|switch|p1a: Toxapex|Toxapex, F|100\/100\n|switch|p2a: Speed Overdose|Tapu Koko|100\/100\n|-fieldstart|move: Electric Terrain|[from] ability: Electric Surge|[of] p2a: Speed Overdose\n|turn|1\n|\n|t:|1658970713\n|switch|p1a: Quagsire|Quagsire, M|100\/100\n|move|p2a: Speed Overdose|Grass Knot|p1a: Quagsire\n|-supereffective|p1a: Quagsire\n|-damage|p1a: Quagsire|0 fnt\n|faint|p1a: Quagsire\n|\n|upkeep\n|\n|t:|1658970717\n|switch|p1a: Clefable|Clefable, M|100\/100\n|turn|2\n|\n|t:|1658970720\n|switch|p2a: Lando Black sheep|Tornadus-Therian, M|100\/100\n|move|p1a: Clefable|Stealth Rock|p2a: Lando Black sheep\n|-sidestart|p2: Orangesss|move: Stealth Rock\n|\n|upkeep\n|turn|3\n|\n|t:|1658970724\n|switch|p1a: Zapdos|Zapdos|100\/100\n|-ability|p1a: Zapdos|Pressure\n|move|p2a: Lando Black sheep|Defog|p1a: Zapdos\n|-unboost|p1a: Zapdos|evasion|1\n|-sideend|p2: Orangesss|Stealth Rock|[from] move: Defog|[of] p2a: Lando Black sheep\n|-fieldend|move: Electric Terrain\n|\n|upkeep\n|turn|4\n|\n|t:|1658970728\n|move|p2a: Lando Black sheep|Knock Off|p1a: Zapdos\n|-damage|p1a: Zapdos|80\/100\n|-enditem|p1a: Zapdos|Heavy-Duty Boots|[from] move: Knock Off|[of] p2a: Lando Black sheep\n|move|p1a: Zapdos|Hurricane|p2a: Lando Black sheep\n|-damage|p2a: Lando Black sheep|49\/100\n|\n|upkeep\n|turn|5\n|\n|t:|1658970735\n|move|p2a: Lando Black sheep|U-turn|p1a: Zapdos\n|-resisted|p1a: Zapdos\n|-damage|p1a: Zapdos|72\/100\n|\n|t:|1658970738\n|switch|p2a: Agent \u00a5|Seismitoad, F, shiny|100\/100|[from]move: U-turn\n|move|p1a: Zapdos|Hurricane|p2a: Agent \u00a5\n|-damage|p2a: Agent \u00a5|49\/100\n|\n|upkeep\n|turn|6\n|j|+AM\n|\n|t:|1658970745\n|switch|p2a: Hates rain|Ferrothorn, M|100\/100\n|move|p1a: Zapdos|Hurricane|p2a: Hates rain\n|-damage|p2a: Hates rain|61\/100\n|\n|-heal|p2a: Hates rain|68\/100|[from] item: Leftovers\n|upkeep\n|turn|7\n|j| Dark\u2605Shion\u30c4\n|\n|t:|1658970751\n|move|p1a: Zapdos|Hurricane|p2a: Hates rain\n|-crit|p2a: Hates rain\n|-damage|p2a: Hates rain|11\/100\n|move|p2a: Hates rain|Spikes|p1a: Zapdos\n|-sidestart|p1: LT91BB animefan|Spikes\n|\n|-heal|p2a: Hates rain|18\/100|[from] item: Leftovers\n|upkeep\n|turn|8\n|l|+AM\n|\n|t:|1658970758\n|switch|p2a: Speed Overdose|Tapu Koko|100\/100\n|-fieldstart|move: Electric Terrain|[from] ability: Electric Surge|[of] p2a: Speed Overdose\n|move|p1a: Zapdos|Hurricane|p2a: Speed Overdose|[miss]\n|-miss|p1a: Zapdos|p2a: Speed Overdose\n|\n|upkeep\n|turn|9\n|\n|t:|1658970761\n|move|p2a: Speed Overdose|Volt Switch|p1a: Zapdos\n|-damage|p1a: Zapdos|28\/100\n|\n|t:|1658970765\n|switch|p2a: Hates rain|Ferrothorn, M|18\/100|[from]move: Volt Switch\n|move|p1a: Zapdos|Roost|p1a: Zapdos\n|-heal|p1a: Zapdos|78\/100\n|-singleturn|p1a: Zapdos|move: Roost\n|\n|-heal|p2a: Hates rain|24\/100|[from] item: Leftovers\n|upkeep\n|turn|10\n|l| Dark\u2605Shion\u30c4\n|\n|t:|1658970770\n|switch|p2a: Big Gulp sponsor|Pelipper, F|100\/100\n|-weather|RainDance|[from] ability: Drizzle|[of] p2a: Big Gulp sponsor\n|move|p1a: Zapdos|Hurricane|p2a: Big Gulp sponsor\n|-damage|p2a: Big Gulp sponsor|37\/100\n|\n|-weather|RainDance|[upkeep]\n|upkeep\n|turn|11\n|\n|t:|1658970774\n|switch|p1a: Melmetal|Melmetal|100\/100\n|-damage|p1a: Melmetal|88\/100|[from] Spikes\n|switch|p2a: Hates rain|Ferrothorn, M|24\/100\n|\n|-weather|RainDance|[upkeep]\n|-heal|p1a: Melmetal|94\/100|[from] item: Leftovers\n|-heal|p2a: Hates rain|30\/100|[from] item: Leftovers\n|upkeep\n|turn|12\n|\n|t:|1658970779\n|move|p1a: Melmetal|Substitute|p1a: Melmetal\n|-start|p1a: Melmetal|Substitute\n|-damage|p1a: Melmetal|69\/100\n|move|p2a: Hates rain|Leech Seed||[still]\n|-fail|p2a: Hates rain\n|\n|-weather|RainDance|[upkeep]\n|-heal|p1a: Melmetal|76\/100|[from] item: Leftovers\n|-heal|p2a: Hates rain|36\/100|[from] item: Leftovers\n|-fieldend|move: Electric Terrain\n|upkeep\n|turn|13\n|j| UltimateeInfinitee\n|\n|t:|1658970786\n|switch|p2a: Big Gulp sponsor|Pelipper, F|37\/100\n|move|p1a: Melmetal|Iron Defense|p1a: Melmetal\n|-boost|p1a: Melmetal|def|2\n|\n|-weather|RainDance|[upkeep]\n|-heal|p1a: Melmetal|82\/100|[from] item: Leftovers\n|upkeep\n|turn|14\n|j| ThisIsntHilarious\n|\n|t:|1658970796\n|move|p2a: Big Gulp sponsor|Roost|p2a: Big Gulp sponsor\n|-heal|p2a: Big Gulp sponsor|87\/100\n|-singleturn|p2a: Big Gulp sponsor|move: Roost\n|move|p1a: Melmetal|Body Press|p2a: Big Gulp sponsor\n|-damage|p2a: Big Gulp sponsor|49\/100\n|\n|-weather|RainDance|[upkeep]\n|-heal|p1a: Melmetal|88\/100|[from] item: Leftovers\n|upkeep\n|turn|15\n|j| LT91BB Tace\n|\n|t:|1658970800\n|move|p2a: Big Gulp sponsor|Scald|p1a: Melmetal\n|-end|p1a: Melmetal|Substitute\n|move|p1a: Melmetal|Iron Defense|p1a: Melmetal\n|-boost|p1a: Melmetal|def|2\n|\n|-weather|RainDance|[upkeep]\n|-heal|p1a: Melmetal|94\/100|[from] item: Leftovers\n|upkeep\n|turn|16\n|\n|t:|1658970806\n|move|p2a: Big Gulp sponsor|Scald|p1a: Melmetal\n|-damage|p1a: Melmetal|63\/100\n|move|p1a: Melmetal|Body Press|p2a: Big Gulp sponsor\n|-resisted|p2a: Big Gulp sponsor\n|-damage|p2a: Big Gulp sponsor|18\/100\n|\n|-weather|RainDance|[upkeep]\n|-heal|p1a: Melmetal|70\/100|[from] item: Leftovers\n|upkeep\n|turn|17\n|j| Lt91BB Sakura\n|\n|t:|1658970812\n|move|p2a: Big Gulp sponsor|Roost|p2a: Big Gulp sponsor\n|-heal|p2a: Big Gulp sponsor|68\/100\n|-singleturn|p2a: Big Gulp sponsor|move: Roost\n|move|p1a: Melmetal|Substitute|p1a: Melmetal\n|-start|p1a: Melmetal|Substitute\n|-damage|p1a: Melmetal|45\/100\n|\n|-weather|none\n|-heal|p1a: Melmetal|51\/100|[from] item: Leftovers\n|upkeep\n|turn|18\n|\n|t:|1658970816\n|move|p2a: Big Gulp sponsor|Scald|p1a: Melmetal\n|-activate|p1a: Melmetal|move: Substitute|[damage]\n|move|p1a: Melmetal|Body Press|p2a: Big Gulp sponsor\n|-resisted|p2a: Big Gulp sponsor\n|-damage|p2a: Big Gulp sponsor|36\/100\n|\n|-heal|p1a: Melmetal|57\/100|[from] item: Leftovers\n|upkeep\n|turn|19\n|\n|t:|1658970822\n|move|p2a: Big Gulp sponsor|U-turn|p1a: Melmetal\n|-resisted|p1a: Melmetal\n|-activate|p1a: Melmetal|move: Substitute|[damage]\n|\n|t:|1658970825\n|switch|p2a: Hates rain|Ferrothorn, M|36\/100|[from]move: U-turn\n|move|p1a: Melmetal|Double Iron Bash|p2a: Hates rain\n|-resisted|p2a: Hates rain\n|-damage|p2a: Hates rain|26\/100\n|-damage|p1a: Melmetal|45\/100|[from] ability: Iron Barbs|[of] p2a: Hates rain\n|-resisted|p2a: Hates rain\n|-damage|p2a: Hates rain|17\/100\n|-damage|p1a: Melmetal|32\/100|[from] ability: Iron Barbs|[of] p2a: Hates rain\n|-hitcount|p2a: Hates rain|2\n|\n|-heal|p1a: Melmetal|39\/100|[from] item: Leftovers\n|-heal|p2a: Hates rain|23\/100|[from] item: Leftovers\n|upkeep\n|turn|20\n|\n|t:|1658970831\n|move|p1a: Melmetal|Iron Defense|p1a: Melmetal\n|-boost|p1a: Melmetal|def|2\n|move|p2a: Hates rain|Spikes|p1a: Melmetal\n|-sidestart|p1: LT91BB animefan|Spikes\n|\n|-heal|p1a: Melmetal|45\/100|[from] item: Leftovers\n|-heal|p2a: Hates rain|29\/100|[from] item: Leftovers\n|upkeep\n|turn|21\n|\n|t:|1658970834\n|move|p1a: Melmetal|Iron Defense|p1a: Melmetal\n|-boost|p1a: Melmetal|def|0\n|move|p2a: Hates rain|Spikes|p1a: Melmetal\n|-sidestart|p1: LT91BB animefan|Spikes\n|\n|-heal|p1a: Melmetal|51\/100|[from] item: Leftovers\n|-heal|p2a: Hates rain|35\/100|[from] item: Leftovers\n|upkeep\n|turn|22\n|\n|t:|1658970836\n|move|p1a: Melmetal|Iron Defense|p1a: Melmetal\n|-boost|p1a: Melmetal|def|0\n|move|p2a: Hates rain|Spikes||[still]\n|-fail|p2a: Hates rain\n|\n|-heal|p1a: Melmetal|57\/100|[from] item: Leftovers\n|-heal|p2a: Hates rain|42\/100|[from] item: Leftovers\n|upkeep\n|turn|23\n|\n|t:|1658970840\n|switch|p2a: Big Gulp sponsor|Pelipper, F|36\/100\n|-weather|RainDance|[from] ability: Drizzle|[of] p2a: Big Gulp sponsor\n|move|p1a: Melmetal|Body Press|p2a: Big Gulp sponsor\n|-resisted|p2a: Big Gulp sponsor\n|-damage|p2a: Big Gulp sponsor|0 fnt\n|faint|p2a: Big Gulp sponsor\n|\n|-weather|RainDance|[upkeep]\n|-heal|p1a: Melmetal|63\/100|[from] item: Leftovers\n|upkeep\n|\n|t:|1658970843\n|switch|p2a: Agent \u00a5|Seismitoad, F, shiny|49\/100\n|turn|24\n|\n|t:|1658970869\n|move|p2a: Agent \u00a5|Weather Ball|p1a: Melmetal\n|-end|p1a: Melmetal|Substitute\n|-damage|p2a: Agent \u00a5|39\/100|[from] item: Life Orb\n|move|p1a: Melmetal|Body Press|p2a: Agent \u00a5\n|-damage|p2a: Agent \u00a5|0 fnt\n|faint|p2a: Agent \u00a5\n|\n|-weather|RainDance|[upkeep]\n|-heal|p1a: Melmetal|70\/100|[from] item: Leftovers\n|upkeep\n|\n|t:|1658970871\n|switch|p2a: Speed Overdose|Tapu Koko|100\/100\n|-fieldstart|move: Electric Terrain|[from] ability: Electric Surge|[of] p2a: Speed Overdose\n|turn|25\n|j| BALOOR\n|\n|t:|1658970878\n|move|p2a: Speed Overdose|Volt Switch|p1a: Melmetal\n|-damage|p1a: Melmetal|27\/100\n|\n|t:|1658970881\n|switch|p2a: Lando Black sheep|Tornadus-Therian, M|82\/100|[from]move: Volt Switch\n|move|p1a: Melmetal|Body Press|p2a: Lando Black sheep\n|-resisted|p2a: Lando Black sheep\n|-crit|p2a: Lando Black sheep\n|-damage|p2a: Lando Black sheep|0 fnt\n|faint|p2a: Lando Black sheep\n|\n|-weather|RainDance|[upkeep]\n|-heal|p1a: Melmetal|33\/100|[from] item: Leftovers\n|upkeep\n|\n|t:|1658970883\n|switch|p2a: Speed Overdose|Tapu Koko|100\/100\n|turn|26\n|\n|t:|1658970890\n|move|p2a: Speed Overdose|Thunder|p1a: Melmetal\n|-damage|p1a: Melmetal|0 fnt\n|faint|p1a: Melmetal\n|\n|-weather|RainDance|[upkeep]\n|upkeep\n|\n|t:|1658970893\n|switch|p1a: Skarmory|Skarmory, M|100\/100\n|turn|27\n|\n|t:|1658970896\n|move|p2a: Speed Overdose|Thunder|p1a: Skarmory\n|-supereffective|p1a: Skarmory\n|-ability|p1a: Skarmory|Sturdy\n|-damage|p1a: Skarmory|1\/100\n|move|p1a: Skarmory|Toxic|p2a: Speed Overdose\n|-status|p2a: Speed Overdose|tox\n|\n|-weather|RainDance|[upkeep]\n|-damage|p2a: Speed Overdose|94\/100 tox|[from] psn\n|upkeep\n|turn|28\n|\n|t:|1658970900\n|move|p2a: Speed Overdose|Thunder|p1a: Skarmory\n|-supereffective|p1a: Skarmory\n|-damage|p1a: Skarmory|0 fnt\n|faint|p1a: Skarmory\n|\n|-weather|RainDance|[upkeep]\n|-damage|p2a: Speed Overdose|82\/100 tox|[from] psn\n|upkeep\n|\n|t:|1658970902\n|switch|p1a: Clefable|Clefable, M|100\/100\n|turn|29\n|\n|t:|1658970923\n|move|p2a: Speed Overdose|Thunder|p1a: Clefable\n|-damage|p1a: Clefable|35\/100\n|move|p1a: Clefable|Moonblast|p2a: Speed Overdose\n|-damage|p2a: Speed Overdose|33\/100 tox\n|-unboost|p2a: Speed Overdose|spa|1\n|\n|-weather|RainDance|[upkeep]\n|-damage|p2a: Speed Overdose|15\/100 tox|[from] psn\n|-fieldend|move: Electric Terrain\n|upkeep\n|turn|30\n|\n|t:|1658970932\n|switch|p2a: One fish two fish|Barraskewda, F|100\/100\n|switch|p1a: Zapdos|Zapdos|78\/100\n|-ability|p1a: Zapdos|Pressure\n|\n|-weather|none\n|upkeep\n|turn|31\n|\n|t:|1658970936\n|move|p2a: One fish two fish|Flip Turn|p1a: Zapdos\n|-damage|p1a: Zapdos|30\/100\n|\n|t:|1658970938\n|switch|p2a: Hates rain|Ferrothorn, M|42\/100|[from]move: Flip Turn\n|move|p1a: Zapdos|Roost|p1a: Zapdos\n|-heal|p1a: Zapdos|80\/100\n|-singleturn|p1a: Zapdos|move: Roost\n|\n|-heal|p2a: Hates rain|48\/100|[from] item: Leftovers\n|upkeep\n|turn|32\n|\n|t:|1658970943\n|move|p1a: Zapdos|Hurricane|p2a: Hates rain\n|-crit|p2a: Hates rain\n|-damage|p2a: Hates rain|0 fnt\n|faint|p2a: Hates rain\n|\n|upkeep\n|\n|t:|1658970948\n|switch|p2a: One fish two fish|Barraskewda, F|100\/100\n|turn|33\n|\n|t:|1658970954\n|switch|p1a: Toxapex|Toxapex, F|100\/100\n|-damage|p1a: Toxapex|76\/100|[from] Spikes\n|move|p2a: One fish two fish|Liquidation|p1a: Toxapex\n|-resisted|p1a: Toxapex\n|-damage|p1a: Toxapex|49\/100\n|\n|upkeep\n|turn|34\n|\n|t:|1658970960\n|move|p2a: One fish two fish|Liquidation|p1a: Toxapex\n|-resisted|p1a: Toxapex\n|-damage|p1a: Toxapex|23\/100\n|move|p1a: Toxapex|Light Screen|p1a: Toxapex\n|-sidestart|p1: LT91BB animefan|move: Light Screen\n|\n|upkeep\n|turn|35\n|\n|t:|1658970965\n|switch|p1a: Clefable|Clefable, M|35\/100\n|move|p2a: One fish two fish|Liquidation|p1a: Clefable\n|-damage|p1a: Clefable|0 fnt\n|faint|p1a: Clefable\n|\n|upkeep\n|\n|t:|1658970966\n|switch|p1a: Zapdos|Zapdos|80\/100\n|-ability|p1a: Zapdos|Pressure\n|turn|36\n|c|\u2606LT91BB animefan|im a goof 1 sec\n|\n|t:|1658970983\n|move|p2a: One fish two fish|Liquidation|p1a: Zapdos\n|-damage|p1a: Zapdos|8\/100\n|move|p1a: Zapdos|Defog|p2a: One fish two fish\n|-unboost|p2a: One fish two fish|evasion|1\n|-sideend|p1: LT91BB animefan|Spikes|[from] move: Defog|[of] p1a: Zapdos\n|\n|upkeep\n|turn|37\n|j| sacred whisper\n|\n|t:|1658970993\n|switch|p2a: Speed Overdose|Tapu Koko|15\/100 tox\n|-fieldstart|move: Electric Terrain|[from] ability: Electric Surge|[of] p2a: Speed Overdose\n|switch|p1a: Toxapex|Toxapex, F|56\/100\n|\n|-damage|p2a: Speed Overdose|9\/100 tox|[from] psn\n|upkeep\n|turn|38\n|\n|t:|1658970999\n|move|p2a: Speed Overdose|Volt Switch|p1a: Toxapex\n|-supereffective|p1a: Toxapex\n|-damage|p1a: Toxapex|18\/100\n|\n|t:|1658971002\n|switch|p2a: One fish two fish|Barraskewda, F|100\/100|[from]move: Volt Switch\n|move|p1a: Toxapex|Recover|p1a: Toxapex\n|-heal|p1a: Toxapex|68\/100\n|\n|-sideend|p1: LT91BB animefan|move: Light Screen\n|upkeep\n|turn|39\n|\n|t:|1658971008\n|move|p2a: One fish two fish|Liquidation|p1a: Toxapex\n|-resisted|p1a: Toxapex\n|-damage|p1a: Toxapex|41\/100\n|move|p1a: Toxapex|Recover|p1a: Toxapex\n|-heal|p1a: Toxapex|91\/100\n|\n|upkeep\n|turn|40\n|\n|t:|1658971014\n|move|p2a: One fish two fish|Liquidation|p1a: Toxapex\n|-resisted|p1a: Toxapex\n|-damage|p1a: Toxapex|66\/100\n|move|p1a: Toxapex|Light Screen|p1a: Toxapex\n|-sidestart|p1: LT91BB animefan|move: Light Screen\n|\n|upkeep\n|turn|41\n|\n|t:|1658971020\n|move|p2a: One fish two fish|Liquidation|p1a: Toxapex\n|-resisted|p1a: Toxapex\n|-damage|p1a: Toxapex|38\/100\n|move|p1a: Toxapex|Recover|p1a: Toxapex\n|-heal|p1a: Toxapex|88\/100\n|\n|-fieldend|move: Electric Terrain\n|upkeep\n|turn|42\n|\n|t:|1658971025\n|move|p2a: One fish two fish|Liquidation|p1a: Toxapex\n|-resisted|p1a: Toxapex\n|-damage|p1a: Toxapex|63\/100\n|move|p1a: Toxapex|Haze|p1a: Toxapex\n|-clearallboost\n|\n|upkeep\n|turn|43\n|\n|t:|1658971029\n|move|p2a: One fish two fish|Liquidation|p1a: Toxapex\n|-resisted|p1a: Toxapex\n|-damage|p1a: Toxapex|37\/100\n|move|p1a: Toxapex|Knock Off|p2a: One fish two fish\n|-damage|p2a: One fish two fish|69\/100\n|-enditem|p2a: One fish two fish|Choice Band|[from] move: Knock Off|[of] p1a: Toxapex\n|\n|upkeep\n|turn|44\n|\n|t:|1658971035\n|move|p2a: One fish two fish|Liquidation|p1a: Toxapex\n|-resisted|p1a: Toxapex\n|-damage|p1a: Toxapex|19\/100\n|move|p1a: Toxapex|Recover|p1a: Toxapex\n|-heal|p1a: Toxapex|69\/100\n|\n|-sideend|p1: LT91BB animefan|move: Light Screen\n|upkeep\n|turn|45\n|inactive|LT91BB animefan has 120 seconds left.\n|\n|t:|1658971084\n|move|p2a: One fish two fish|Liquidation|p1a: Toxapex\n|-resisted|p1a: Toxapex\n|-damage|p1a: Toxapex|51\/100\n|-unboost|p1a: Toxapex|def|1\n|move|p1a: Toxapex|Knock Off|p2a: One fish two fish\n|-damage|p2a: One fish two fish|50\/100\n|\n|upkeep\n|turn|46\n|\n|t:|1658971098\n|move|p2a: One fish two fish|Liquidation|p1a: Toxapex\n|-resisted|p1a: Toxapex\n|-damage|p1a: Toxapex|23\/100\n|move|p1a: Toxapex|Recover|p1a: Toxapex\n|-heal|p1a: Toxapex|73\/100\n|\n|upkeep\n|turn|47\n|\n|t:|1658971106\n|move|p2a: One fish two fish|Liquidation|p1a: Toxapex\n|-resisted|p1a: Toxapex\n|-damage|p1a: Toxapex|47\/100\n|move|p1a: Toxapex|Knock Off|p2a: One fish two fish\n|-damage|p2a: One fish two fish|28\/100\n|\n|upkeep\n|turn|48\n|\n|t:|1658971117\n|move|p2a: One fish two fish|Liquidation|p1a: Toxapex\n|-resisted|p1a: Toxapex\n|-damage|p1a: Toxapex|21\/100\n|move|p1a: Toxapex|Recover|p1a: Toxapex\n|-heal|p1a: Toxapex|71\/100\n|\n|upkeep\n|turn|49\n|j| LT91BB Fc\n|\n|t:|1658971124\n|move|p2a: One fish two fish|Liquidation|p1a: Toxapex\n|-resisted|p1a: Toxapex\n|-damage|p1a: Toxapex|42\/100\n|move|p1a: Toxapex|Knock Off|p2a: One fish two fish\n|-damage|p2a: One fish two fish|8\/100\n|\n|upkeep\n|turn|50\n|\n|t:|1658971131\n|move|p2a: One fish two fish|Crunch|p1a: Toxapex\n|-damage|p1a: Toxapex|7\/100\n|move|p1a: Toxapex|Recover|p1a: Toxapex\n|-heal|p1a: Toxapex|57\/100\n|\n|upkeep\n|turn|51\n|\n|t:|1658971136\n|move|p2a: One fish two fish|Crunch|p1a: Toxapex\n|-damage|p1a: Toxapex|24\/100\n|move|p1a: Toxapex|Recover|p1a: Toxapex\n|-heal|p1a: Toxapex|74\/100\n|\n|upkeep\n|turn|52\n|\n|t:|1658971145\n|move|p2a: One fish two fish|Crunch|p1a: Toxapex\n|-damage|p1a: Toxapex|38\/100\n|move|p1a: Toxapex|Light Screen|p1a: Toxapex\n|-sidestart|p1: LT91BB animefan|move: Light Screen\n|\n|upkeep\n|turn|53\n|\n|t:|1658971150\n|move|p2a: One fish two fish|Crunch|p1a: Toxapex\n|-damage|p1a: Toxapex|4\/100\n|move|p1a: Toxapex|Recover|p1a: Toxapex\n|-heal|p1a: Toxapex|55\/100\n|\n|upkeep\n|turn|54\n|\n|t:|1658971154\n|move|p2a: One fish two fish|Crunch|p1a: Toxapex\n|-damage|p1a: Toxapex|23\/100\n|move|p1a: Toxapex|Recover|p1a: Toxapex\n|-heal|p1a: Toxapex|73\/100\n|\n|upkeep\n|turn|55\n|\n|t:|1658971160\n|move|p2a: One fish two fish|Crunch|p1a: Toxapex\n|-damage|p1a: Toxapex|37\/100\n|move|p1a: Toxapex|Knock Off|p2a: One fish two fish\n|-damage|p2a: One fish two fish|0 fnt\n|faint|p2a: One fish two fish\n|\n|upkeep\n|\n|t:|1658971165\n|switch|p2a: Speed Overdose|Tapu Koko|9\/100 tox\n|-fieldstart|move: Electric Terrain|[from] ability: Electric Surge|[of] p2a: Speed Overdose\n|turn|56\n|c|\u2606LT91BB animefan|fuck no\n|c|\u2606LT91BB animefan|im truly a moron\n|j| DrasticLightning\n|\n|t:|1658971172\n|switch|p1a: Zapdos|Zapdos|8\/100\n|-ability|p1a: Zapdos|Pressure\n|move|p2a: Speed Overdose|Thunder|p1a: Zapdos\n|-damage|p1a: Zapdos|0 fnt\n|faint|p1a: Zapdos\n|\n|-damage|p2a: Speed Overdose|3\/100 tox|[from] psn\n|-sideend|p1: LT91BB animefan|move: Light Screen\n|upkeep\n|j| BabyPigsAreLaughin\n|\n|t:|1658971174\n|switch|p1a: Toxapex|Toxapex, F|70\/100\n|turn|57\n|\n|t:|1658971177\n|move|p2a: Speed Overdose|Thunder|p1a: Toxapex|[miss]\n|-miss|p2a: Speed Overdose|p1a: Toxapex\n|move|p1a: Toxapex|Recover|p1a: Toxapex\n|-heal|p1a: Toxapex|100\/100\n|\n|-damage|p2a: Speed Overdose|0 fnt|[from] psn\n|faint|p2a: Speed Overdose\n|\n|win|LT91BB animefan\n|upkeep\n|raw|LT91BB animefan's rating: 1816 &rarr; <strong>1833<\/strong><br \/>(+17 for winning)\n|raw|Orangesss's rating: 1769 &rarr; <strong>1752<\/strong><br \/>(-17 for losing)\n|l|\u2606LT91BB animefan\n|l|\u2606Orangesss\n|l| UltimateeInfinitee\n|l| ThisIsntHilarious\n|l| LT91BB Tace\n|l| DrasticLightning\n|l| LT91BB Fc\n|j| DrasticLightning\n|l| DrasticLightning\n|l| BabyPigsAreLaughin\n||Ladder isn't responding, score probably updated but might not have (Request timeout).\n","uploadtime":1658971330,"views":58,"p1id":"lt91bbanimefan","p2id":"orangesss","formatid":"gen8ou","rating":1752,"private":0,"password":null}