{"id":"gen8nationaldex-1595320456","p1":"AlphaTherai","p2":"Remiliaistaken","format":"gen8nationaldex","log":"|j|\u2606AlphaTherai\n|j|\u2606Remiliaistaken\n|t:|1655121520\n|gametype|singles\n|player|p1|AlphaTherai|pokekid|\n|player|p2|Remiliaistaken|grimsley|\n|teamsize|p1|6\n|teamsize|p2|6\n|gen|8\n|tier|[Gen 8] National Dex\n|rule|HP Percentage Mod: HP is shown in percentages\n|rule|Endless Battle Clause: Forcing endless battles is banned\n|rule|OHKO Clause: OHKO moves are banned\n|rule|Evasion Moves Clause: Evasion moves are banned\n|rule|Species Clause: Limit one of each Pok\u00e9mon\n|rule|Dynamax Clause: You cannot dynamax\n|rule|Sleep Clause Mod: Limit one foe put to sleep\n|clearpoke\n|poke|p1|Lopunny, F|\n|poke|p1|Kartana|\n|poke|p1|Rotom-Wash|\n|poke|p1|Mew|\n|poke|p1|Landorus-Therian, M|\n|poke|p1|Victini|\n|poke|p2|Kartana|\n|poke|p2|Altaria, M|\n|poke|p2|Kyurem|\n|poke|p2|Zeraora|\n|poke|p2|Gastrodon, F|\n|poke|p2|Mawile, M|\n|teampreview\n|c|\u2606Remiliaistaken|I AM UNDREADY BUT I SHALL MOVE FORTH\n|c|\u2606Remiliaistaken|I am scared\n|\n|t:|1655121534\n|start\n|switch|p1a: Copeth|Mew|100\/100\n|switch|p2a: Robowaifu|Mawile, M|100\/100\n|turn|1\n|\n|t:|1655121555\n|switch|p2a: Kartana|Kartana|100\/100\n|move|p1a: Copeth|Block|p2a: Kartana\n|-activate|p2a: Kartana|trapped\n|\n|upkeep\n|turn|2\n|c|\u2606Remiliaistaken|killing myself\n|\n|t:|1655121573\n|move|p2a: Kartana|Knock Off|p1a: Copeth\n|-supereffective|p1a: Copeth\n|-damage|p1a: Copeth|5\/100\n|-enditem|p1a: Copeth|Sitrus Berry|[from] move: Knock Off|[of] p2a: Kartana\n|move|p1a: Copeth|Imprison|p1a: Copeth\n|-start|p1a: Copeth|move: Imprison\n|\n|upkeep\n|turn|3\n|\n|t:|1655121583\n|move|p2a: Kartana|Knock Off|p1a: Copeth\n|-supereffective|p1a: Copeth\n|-damage|p1a: Copeth|0 fnt\n|faint|p1a: Copeth\n|-ability|p2a: Kartana|Beast Boost|boost\n|-boost|p2a: Kartana|atk|1\n|\n|upkeep\n|\n|t:|1655121592\n|switch|p1a: Tini|Victini|100\/100\n|turn|4\n|\n|t:|1655121607\n|move|p2a: Kartana|Knock Off|p1a: Tini\n|-supereffective|p1a: Tini\n|-damage|p1a: Tini|0 fnt\n|faint|p1a: Tini\n|-ability|p2a: Kartana|Beast Boost|boost\n|-boost|p2a: Kartana|atk|1\n|\n|upkeep\n|c|\u2606Remiliaistaken|holy sjit\n|j| ChunChunMaruuuu\n|\n|t:|1655121619\n|switch|p1a: Chad|Lopunny, F, shiny|100\/100\n|turn|5\n|\n|t:|1655121622\n|detailschange|p1a: Chad|Lopunny-Mega, F, shiny\n|-mega|p1a: Chad|Lopunny|Lopunnite\n|move|p1a: Chad|Fake Out|p2a: Kartana\n|-resisted|p2a: Kartana\n|-damage|p2a: Kartana|90\/100\n|cant|p2a: Kartana|flinch\n|\n|upkeep\n|turn|6\n|j| WasteofSpace0\n|c| ChunChunMaruuuu|zamn\n|c|\u2606Remiliaistaken|the biggest fear\n|c|\u2606Remiliaistaken|;-;\\\n|c|\u2606AlphaTherai|this is exactly what im fearing\n|\n|t:|1655121641\n|move|p1a: Chad|Close Combat|p2a: Kartana\n|-supereffective|p2a: Kartana\n|-damage|p2a: Kartana|0 fnt\n|-unboost|p1a: Chad|def|1\n|-unboost|p1a: Chad|spd|1\n|faint|p2a: Kartana\n|\n|upkeep\n|c|\u2606AlphaTherai|IT OUTSPED\n|c| ChunChunMaruuuu|man\n|c|\u2606AlphaTherai|HOLY SHIT\n|c| WasteofSpace0|lol moments\n|c|\u2606Remiliaistaken|fear\n|\n|t:|1655121662\n|switch|p2a: Zeraora|Zeraora|100\/100\n|turn|7\n|c| ChunChunMaruuuu|this is why you choice band it\n|c| WasteofSpace0|just saying quiver dance volcarona could outspeed\n|c| ChunChunMaruuuu|choice scarf\n|\n|t:|1655121681\n|switch|p1a: Lucas|Rotom-Wash, shiny|100\/100\n|move|p2a: Zeraora|Plasma Fists|p1a: Lucas\n|-damage|p1a: Lucas|56\/100\n|-fieldactivate|move: Ion Deluge\n|-hint|Normal-type moves become Electric-type after using Plasma Fists.\n|\n|upkeep\n|turn|8\n|c| ChunChunMaruuuu|mf\n|c| ChunChunMaruuuu|why\n|c|\u2606Remiliaistaken|a\n|\n|t:|1655121703\n|switch|p2a: The Coming|Gastrodon, F|100\/100\n|move|p1a: Lucas|Will-O-Wisp|p2a: The Coming\n|-status|p2a: The Coming|brn\n|\n|-damage|p2a: The Coming|94\/100 brn|[from] brn\n|upkeep\n|turn|9\n|\n|t:|1655121712\n|switch|p1a: Kart|Kartana, shiny|100\/100\n|move|p2a: The Coming|Toxic|p1a: Kart\n|-immune|p1a: Kart\n|\n|-heal|p2a: The Coming|100\/100 brn|[from] item: Leftovers\n|-damage|p2a: The Coming|94\/100 brn|[from] brn\n|upkeep\n|turn|10\n|c| ChunChunMaruuuu|ok\n|c|\u2606Remiliaistaken|uh oh\n|c| ChunChunMaruuuu|noo\n|\n|t:|1655121728\n|switch|p2a: Altaria|Altaria, M|100\/100\n|-ability|p2a: Altaria|Cloud Nine\n|move|p1a: Kart|Sacred Sword|p2a: Altaria\n|-resisted|p2a: Altaria\n|-damage|p2a: Altaria|85\/100\n|\n|upkeep\n|turn|11\n|c| ChunChunMaruuuu|yucky kartana\n|\n|t:|1655121736\n|switch|p1a: Lucas|Rotom-Wash, shiny|56\/100\n|move|p2a: Altaria|Flamethrower|p1a: Lucas\n|-resisted|p1a: Lucas\n|-damage|p1a: Lucas|49\/100\n|\n|upkeep\n|turn|12\n|\n|t:|1655121747\n|move|p1a: Lucas|Nasty Plot|p1a: Lucas\n|-boost|p1a: Lucas|spa|2\n|move|p2a: Altaria|Facade|p1a: Lucas\n|-damage|p1a: Lucas|37\/100\n|\n|upkeep\n|turn|13\n|\n|t:|1655121757\n|switch|p2a: The Coming|Gastrodon, F|94\/100 brn\n|move|p1a: Lucas|Volt Switch|p2a: The Coming\n|-immune|p2a: The Coming\n|\n|-heal|p2a: The Coming|100\/100 brn|[from] item: Leftovers\n|-damage|p2a: The Coming|94\/100 brn|[from] brn\n|upkeep\n|turn|14\n|c| ChunChunMaruuuu|lol moments\n|c|\u2606Remiliaistaken|oh no\n|\n|t:|1655121769\n|switch|p1a: Kart|Kartana, shiny|100\/100\n|move|p2a: The Coming|Earthquake|p1a: Kart\n|-damage|p1a: Kart|85\/100\n|\n|-heal|p2a: The Coming|100\/100 brn|[from] item: Leftovers\n|-damage|p2a: The Coming|94\/100 brn|[from] brn\n|upkeep\n|turn|15\n|c| ChunChunMaruuuu|kartana folds like paper to lots of things\n|c| ChunChunMaruuuu|just survive a hit\n|c|\u2606Remiliaistaken|shidding rn\n|\n|t:|1655121801\n|switch|p2a: Robowaifu|Mawile, M|100\/100\n|move|p1a: Kart|Knock Off|p2a: Robowaifu\n|-resisted|p2a: Robowaifu\n|-damage|p2a: Robowaifu|81\/100\n|\n|upkeep\n|turn|16\n|\n|t:|1655121809\n|switch|p1a: Lucas|Rotom-Wash, shiny|37\/100\n|detailschange|p2a: Robowaifu|Mawile-Mega, M\n|-mega|p2a: Robowaifu|Mawile|Mawilite\n|move|p2a: Robowaifu|Fire Fang|p1a: Lucas|[miss]\n|-miss|p2a: Robowaifu|p1a: Lucas\n|\n|upkeep\n|turn|17\n|c| ChunChunMaruuuu|lol moments\n|c|\u2606Remiliaistaken|missed\n|c|\u2606Remiliaistaken|naisu\n|\n|t:|1655121828\n|switch|p1a: Lando|Landorus-Therian, M|100\/100\n|-ability|p1a: Lando|Intimidate|boost\n|-unboost|p2a: Robowaifu|atk|1\n|move|p2a: Robowaifu|Thunder Punch|p1a: Lando\n|-immune|p1a: Lando\n|\n|upkeep\n|turn|18\n|c|\u2606Remiliaistaken|im shaking\n|c| WasteofSpace0|what happened to magearna bro\n|c| ChunChunMaruuuu|lol!\n|c|\u2606Remiliaistaken|banned\n|\n|t:|1655121844\n|switch|p2a: The Coming|Gastrodon, F|94\/100 brn\n|move|p1a: Lando|Swords Dance|p1a: Lando\n|-boost|p1a: Lando|atk|2\n|\n|-heal|p2a: The Coming|100\/100 brn|[from] item: Leftovers\n|-damage|p2a: The Coming|94\/100 brn|[from] brn\n|upkeep\n|turn|19\n|c| WasteofSpace0|we live in a lipunan\n|c| ChunChunMaruuuu|why\n|c| WasteofSpace0|they banned that toastussy\n|\n|t:|1655121853\n|switch|p1a: Lucas|Rotom-Wash, shiny|37\/100\n|move|p2a: The Coming|Surf|p1a: Lucas\n|-resisted|p1a: Lucas\n|-damage|p1a: Lucas|23\/100\n|\n|-heal|p2a: The Coming|100\/100 brn|[from] item: Leftovers\n|-damage|p2a: The Coming|94\/100 brn|[from] brn\n|upkeep\n|turn|20\n|\n|t:|1655121869\n|switch|p1a: Kart|Kartana, shiny|85\/100\n|move|p2a: The Coming|Earthquake|p1a: Kart\n|-damage|p1a: Kart|69\/100\n|\n|-heal|p2a: The Coming|100\/100 brn|[from] item: Leftovers\n|-damage|p2a: The Coming|94\/100 brn|[from] brn\n|upkeep\n|turn|21\n|c| ChunChunMaruuuu|gonna assume that was a misclick\n|\n|t:|1655121882\n|switch|p2a: Altaria|Altaria, M|85\/100\n|-ability|p2a: Altaria|Cloud Nine\n|move|p1a: Kart|Smart Strike|p2a: Altaria\n|-damage|p2a: Altaria|50\/100\n|\n|upkeep\n|turn|22\n|c|\u2606Remiliaistaken|m\n|\n|t:|1655121891\n|switch|p1a: Lucas|Rotom-Wash, shiny|23\/100\n|move|p2a: Altaria|Flamethrower|p1a: Lucas\n|-resisted|p1a: Lucas\n|-damage|p1a: Lucas|15\/100\n|\n|upkeep\n|turn|23\n|c|\u2606Remiliaistaken|im shaking\n|c| ChunChunMaruuuu|predict the switch ins bro\n|\n|t:|1655121909\n|move|p1a: Lucas|Volt Switch|p2a: Altaria\n|-damage|p2a: Altaria|23\/100\n|\n|t:|1655121914\n|switch|p1a: Lando|Landorus-Therian, M|100\/100|[from]move: Volt Switch\n|-ability|p1a: Lando|Intimidate|boost\n|-unboost|p2a: Altaria|atk|1\n|move|p2a: Altaria|Roost|p2a: Altaria\n|-heal|p2a: Altaria|73\/100\n|-singleturn|p2a: Altaria|move: Roost\n|\n|upkeep\n|turn|24\n|\n|t:|1655121924\n|switch|p2a: Unbanned|Kyurem|100\/100\n|-ability|p2a: Unbanned|Pressure\n|move|p1a: Lando|Swords Dance|p1a: Lando\n|-boost|p1a: Lando|atk|2\n|\n|upkeep\n|turn|25\n|\n|t:|1655121934\n|switch|p1a: Lucas|Rotom-Wash, shiny|15\/100\n|move|p2a: Unbanned|Freeze-Dry|p1a: Lucas\n|-supereffective|p1a: Lucas\n|-damage|p1a: Lucas|0 fnt\n|faint|p1a: Lucas\n|\n|upkeep\n|\n|t:|1655121940\n|switch|p1a: Chad|Lopunny-Mega, F, shiny|100\/100\n|turn|26\n|c| ChunChunMaruuuu|freeze dry meta\n|c|\u2606Remiliaistaken|LIVING IN FEAR\n|\n|t:|1655121955\n|switch|p2a: The Coming|Gastrodon, F|94\/100 brn\n|move|p1a: Chad|Close Combat|p2a: The Coming\n|-damage|p2a: The Coming|24\/100 brn\n|-unboost|p1a: Chad|def|1\n|-unboost|p1a: Chad|spd|1\n|\n|-heal|p2a: The Coming|30\/100 brn|[from] item: Leftovers\n|-damage|p2a: The Coming|24\/100 brn|[from] brn\n|upkeep\n|turn|27\n|c| WasteofSpace0|the coming noo\n|\n|t:|1655121968\n|move|p1a: Chad|Return|p2a: The Coming\n|-damage|p2a: The Coming|0 fnt\n|faint|p2a: The Coming\n|\n|upkeep\n|c|\u2606Remiliaistaken|sacrifivce\n|c| ChunChunMaruuuu|you can afford the sack\n|\n|t:|1655121976\n|switch|p2a: Zeraora|Zeraora|100\/100\n|turn|28\n|c| WasteofSpace0|we truly live in one lipunan\n|c| WasteofSpace0|guess who hes gonna switch to\n|\n|t:|1655121986\n|switch|p1a: Lando|Landorus-Therian, M|100\/100\n|-ability|p1a: Lando|Intimidate|boost\n|-unboost|p2a: Zeraora|atk|1\n|move|p2a: Zeraora|Plasma Fists|p1a: Lando\n|-immune|p1a: Lando\n|\n|upkeep\n|turn|29\n|c|\u2606Remiliaistaken|damn ok I predicted it\n|c| ChunChunMaruuuu|mf\n|c|\u2606Remiliaistaken|just didnt want to close combat\n|\n|t:|1655122003\n|move|p2a: Zeraora|Knock Off|p1a: Lando\n|-damage|p1a: Lando|78\/100\n|-enditem|p1a: Lando|Focus Sash|[from] move: Knock Off|[of] p2a: Zeraora\n|move|p1a: Lando|Swords Dance|p1a: Lando\n|-boost|p1a: Lando|atk|2\n|\n|upkeep\n|turn|30\n|\n|t:|1655122014\n|switch|p2a: Altaria|Altaria, M|73\/100\n|-ability|p2a: Altaria|Cloud Nine\n|move|p1a: Lando|Earthquake|p2a: Altaria\n|-immune|p2a: Altaria\n|\n|upkeep\n|turn|31\n|c| ChunChunMaruuuu|bro do you have any other moves\n|\n|t:|1655122022\n|switch|p1a: Kart|Kartana, shiny|69\/100\n|move|p2a: Altaria|Facade|p1a: Kart\n|-resisted|p1a: Kart\n|-damage|p1a: Kart|62\/100\n|\n|upkeep\n|turn|32\n|\n|t:|1655122029\n|move|p1a: Kart|Knock Off|p2a: Altaria\n|-damage|p2a: Altaria|38\/100\n|-enditem|p2a: Altaria|Heavy-Duty Boots|[from] move: Knock Off|[of] p1a: Kart\n|move|p2a: Altaria|Flamethrower|p1a: Kart\n|-supereffective|p1a: Kart\n|-damage|p1a: Kart|0 fnt\n|faint|p1a: Kart\n|\n|upkeep\n|\n|t:|1655122035\n|switch|p1a: Chad|Lopunny-Mega, F, shiny|100\/100\n|turn|33\n|c| ChunChunMaruuuu|predict\n|\n|t:|1655122040\n|move|p1a: Chad|Fake Out|p2a: Altaria\n|-damage|p2a: Altaria|20\/100\n|cant|p2a: Altaria|flinch\n|\n|upkeep\n|turn|34\n|c|\u2606Remiliaistaken|dying\n|\n|t:|1655122047\n|switch|p1a: Lando|Landorus-Therian, M|78\/100\n|-ability|p1a: Lando|Intimidate|boost\n|-unboost|p2a: Altaria|atk|1\n|move|p2a: Altaria|Roost|p2a: Altaria\n|-heal|p2a: Altaria|70\/100\n|-singleturn|p2a: Altaria|move: Roost\n|\n|upkeep\n|turn|35\n|\n|t:|1655122055\n|switch|p2a: Unbanned|Kyurem|100\/100\n|-ability|p2a: Unbanned|Pressure\n|move|p1a: Lando|Stealth Rock|p2a: Unbanned\n|-sidestart|p2: Remiliaistaken|move: Stealth Rock\n|\n|upkeep\n|turn|36\n|\n|t:|1655122062\n|switch|p1a: Chad|Lopunny-Mega, F, shiny|100\/100\n|move|p2a: Unbanned|Freeze-Dry|p1a: Chad\n|-damage|p1a: Chad|55\/100\n|\n|upkeep\n|turn|37\n|c| WasteofSpace0|damn kyurem got unbanned?\n|c| ChunChunMaruuuu|yes\n|c|\u2606AlphaTherai|i think this is a GG\n|c|\u2606Remiliaistaken|hes back from the dead bois\n|c|\u2606Remiliaistaken|im still scared\n|c| ChunChunMaruuuu|yeah looks like a gg\n|c|\u2606AlphaTherai|that kyrem man\n|c| ChunChunMaruuuu|kartana was pretty important ngl\n|c|\u2606AlphaTherai|yeah\n|c| WasteofSpace0|that kyurem is scary\n|c| ChunChunMaruuuu|killed that shitty mf victimi\n|c|\u2606AlphaTherai|i forgot it had flamethrower\n|\n|t:|1655122113\n|switch|p2a: Altaria|Altaria, M|70\/100\n|-damage|p2a: Altaria|45\/100|[from] Stealth Rock\n|-ability|p2a: Altaria|Cloud Nine\n|move|p1a: Chad|Fake Out|p2a: Altaria\n|-damage|p2a: Altaria|29\/100\n|\n|upkeep\n|turn|38\n|\n|t:|1655122121\n|move|p1a: Chad|Return|p2a: Altaria\n|-damage|p2a: Altaria|0 fnt\n|faint|p2a: Altaria\n|\n|upkeep\n|\n|t:|1655122126\n|switch|p2a: Zeraora|Zeraora|100\/100\n|turn|39\n|c| ChunChunMaruuuu|mf\n|\n|t:|1655122131\n|switch|p1a: Lando|Landorus-Therian, M|78\/100\n|-ability|p1a: Lando|Intimidate|boost\n|-unboost|p2a: Zeraora|atk|1\n|move|p2a: Zeraora|Plasma Fists|p1a: Lando\n|-immune|p1a: Lando\n|\n|upkeep\n|turn|40\n|c|\u2606Remiliaistaken|literally shidding\n|c| ChunChunMaruuuu|mf\n|\n|t:|1655122143\n|switch|p2a: Robowaifu|Mawile-Mega, M|81\/100\n|-damage|p2a: Robowaifu|75\/100|[from] Stealth Rock\n|move|p1a: Lando|Explosion|p2a: Robowaifu\n|-resisted|p2a: Robowaifu\n|-damage|p2a: Robowaifu|33\/100\n|faint|p1a: Lando\n|\n|upkeep\n|c|\u2606AlphaTherai|FUCK\n|c|\u2606AlphaTherai|WHY\n|c|\u2606AlphaTherai|DID\n|\n|t:|1655122154\n|switch|p1a: Chad|Lopunny-Mega, F, shiny|55\/100\n|turn|41\n|c|\u2606Remiliaistaken|bruhh\n|c| ChunChunMaruuuu|lol activities\n|c|\u2606Remiliaistaken|I was gonna sack mawile LOL\n|c|\u2606AlphaTherai|WHYYYYYYYYYYY\n|\n|t:|1655122167\n|move|p1a: Chad|Fake Out|p2a: Robowaifu\n|-resisted|p2a: Robowaifu\n|-damage|p2a: Robowaifu|22\/100\n|cant|p2a: Robowaifu|flinch\n|\n|upkeep\n|turn|42\n|c|\u2606AlphaTherai|YOU HAD KYREMMMMMMMMMM\n|\n|t:|1655122177\n|move|p1a: Chad|Close Combat|p2a: Robowaifu\n|-crit|p2a: Robowaifu\n|-damage|p2a: Robowaifu|0 fnt\n|-unboost|p1a: Chad|def|1\n|-unboost|p1a: Chad|spd|1\n|faint|p2a: Robowaifu\n|\n|upkeep\n|c|\u2606Remiliaistaken|the fun\n|c|\u2606AlphaTherai|GG\n|\n|t:|1655122183\n|switch|p2a: Zeraora|Zeraora|100\/100\n|turn|43\n|c| ChunChunMaruuuu|this looks like a ggs\n|\n|t:|1655122187\n|move|p2a: Zeraora|Plasma Fists|p1a: Chad\n|-crit|p1a: Chad\n|-damage|p1a: Chad|0 fnt\n|-fieldactivate|move: Ion Deluge\n|-hint|Normal-type moves become Electric-type after using Plasma Fists.\n|faint|p1a: Chad\n|\n|win|Remiliaistaken\n|c|\u2606Remiliaistaken|gg\n|c|\u2606Remiliaistaken|jesus\n|c|\u2606Remiliaistaken|I was shaking\n|c|\u2606AlphaTherai|disgusting kyrem\n|c|\u2606Remiliaistaken|hes unbanned \ud83d\ude0e\n|c|\u2606Remiliaistaken|thank they lord they did\n","uploadtime":1655122219,"views":19,"p1id":"alphatherai","p2id":"remiliaistaken","formatid":"gen8nationaldex","rating":0,"private":0,"password":null}