{"id":"gen8ou-1686508599","p1":"Scoots Mgee","p2":"minimax_ai","format":"gen8ou","log":"|html|<div class=\"broadcast-blue\"><strong>[Gen 8] OU is currently suspecting Melmetal! For information on how to participate check out the <a href=\"https:\/\/www.smogon.com\/forums\/threads\/np-ss-ou-suspect-process-round-12-monster-mash.3709234\/\">suspect thread<\/a>.<\/strong><\/div>\n|j|\u2606Scoots Mgee\n|j|\u2606minimax_ai\n|t:|1665854518\n|gametype|singles\n|player|p1|Scoots Mgee|acetrainerf|1424\n|player|p2|minimax_ai|lusamine-nihilego|1446\n|teamsize|p1|6\n|teamsize|p2|6\n|gen|8\n|tier|[Gen 8] OU\n|rated|\n|rule|Sleep Clause Mod: Limit one foe put to sleep\n|rule|Species Clause: Limit one of each Pok\u00e9mon\n|rule|OHKO Clause: OHKO moves are banned\n|rule|Evasion Items Clause: Evasion items are banned\n|rule|Evasion Moves Clause: Evasion moves are banned\n|rule|Endless Battle Clause: Forcing endless battles is banned\n|rule|HP Percentage Mod: HP is shown in percentages\n|rule|Dynamax Clause: You cannot dynamax\n|clearpoke\n|poke|p1|Gastrodon, F|\n|poke|p1|Ferrothorn, M|\n|poke|p1|Urshifu-*, F|\n|poke|p1|Hippowdon, M|\n|poke|p1|Heatran, M|\n|poke|p1|Zapdos|\n|poke|p2|Rotom-Wash|\n|poke|p2|Weavile, F|\n|poke|p2|Landorus-Therian, M|\n|poke|p2|Heatran, M|\n|poke|p2|Tangrowth, M|\n|poke|p2|Melmetal|\n|teampreview\n|inactive|Battle timer is ON: inactive players will automatically lose when time's up. (requested by Scoots Mgee)\n|c|\u2606minimax_ai|hf\n|inactive|minimax_ai also wants the timer to be on.\n|\n|t:|1665854523\n|start\n|switch|p1a: Urshifu|Urshifu-Rapid-Strike, F|100\/100\n|switch|p2a: landorustherian|Landorus-Therian, M|100\/100\n|-ability|p2a: landorustherian|Intimidate|boost\n|-unboost|p1a: Urshifu|atk|1\n|turn|1\n|\n|t:|1665854527\n|switch|p2a: Tangrowth|Tangrowth, M|100\/100\n|move|p1a: Urshifu|U-turn|p2a: Tangrowth\n|-supereffective|p2a: Tangrowth\n|-damage|p2a: Tangrowth|84\/100\n|-damage|p1a: Urshifu|84\/100|[from] item: Rocky Helmet|[of] p2a: Tangrowth\n|\n|t:|1665854529\n|switch|p1a: Heatran|Heatran, M|100\/100|[from]move: U-turn\n|\n|upkeep\n|turn|2\n|\n|t:|1665854533\n|switch|p2a: Heatran|Heatran, M|100\/100\n|-item|p2a: Heatran|Air Balloon\n|move|p1a: Heatran|Flash Cannon|p2a: Heatran\n|-resisted|p2a: Heatran\n|-damage|p2a: Heatran|83\/100\n|-unboost|p2a: Heatran|spd|1\n|-enditem|p2a: Heatran|Air Balloon\n|\n|upkeep\n|turn|3\n|\n|t:|1665854537\n|switch|p1a: Gastrodon|Gastrodon, F|100\/100\n|move|p2a: Heatran|Stealth Rock|p1a: Gastrodon\n|-sidestart|p1: Scoots Mgee|move: Stealth Rock\n|\n|upkeep\n|turn|4\n|\n|t:|1665854542\n|switch|p2a: rotomwash|Rotom-Wash|100\/100\n|move|p1a: Gastrodon|Toxic|p2a: rotomwash\n|-status|p2a: rotomwash|tox\n|\n|-damage|p2a: rotomwash|94\/100 tox|[from] psn\n|upkeep\n|turn|5\n|\n|t:|1665854546\n|switch|p1a: Ferrothorn|Ferrothorn, M|100\/100\n|-damage|p1a: Ferrothorn|95\/100|[from] Stealth Rock\n|move|p2a: rotomwash|Thunderbolt|p1a: Ferrothorn\n|-resisted|p1a: Ferrothorn\n|-damage|p1a: Ferrothorn|79\/100\n|\n|-heal|p2a: rotomwash|100\/100 tox|[from] item: Leftovers\n|-damage|p2a: rotomwash|88\/100 tox|[from] psn\n|upkeep\n|turn|6\n|\n|t:|1665854554\n|switch|p2a: Tangrowth|Tangrowth, M|100\/100\n|move|p1a: Ferrothorn|Leech Seed|p2a: Tangrowth\n|-immune|p2a: Tangrowth\n|\n|upkeep\n|turn|7\n|\n|t:|1665854557\n|move|p2a: Tangrowth|Focus Blast|p1a: Ferrothorn\n|-supereffective|p1a: Ferrothorn\n|-damage|p1a: Ferrothorn|31\/100\n|move|p1a: Ferrothorn|Spikes|p2a: Tangrowth\n|-sidestart|p2: minimax_ai|Spikes\n|\n|upkeep\n|turn|8\n|\n|t:|1665854563\n|switch|p1a: Zapdos|Zapdos|100\/100\n|move|p2a: Tangrowth|Focus Blast|p1a: Zapdos\n|-resisted|p1a: Zapdos\n|-damage|p1a: Zapdos|87\/100\n|\n|upkeep\n|turn|9\n|\n|t:|1665854569\n|switch|p2a: landorustherian|Landorus-Therian, M|100\/100\n|-ability|p2a: landorustherian|Intimidate|boost\n|-unboost|p1a: Zapdos|atk|1\n|move|p1a: Zapdos|Defog|p2a: landorustherian\n|-unboost|p2a: landorustherian|evasion|1\n|-sideend|p2: minimax_ai|Spikes|[from] move: Defog|[of] p1a: Zapdos\n|-sideend|p1: Scoots Mgee|Stealth Rock|[from] move: Defog|[of] p1a: Zapdos\n|\n|upkeep\n|turn|10\n|\n|t:|1665854572\n|move|p1a: Zapdos|U-turn|p2a: landorustherian\n|-resisted|p2a: landorustherian\n|-damage|p2a: landorustherian|96\/100\n|\n|t:|1665854574\n|switch|p1a: Ferrothorn|Ferrothorn, M|31\/100|[from]move: U-turn\n|move|p2a: landorustherian|U-turn|p1a: Ferrothorn\n|-damage|p1a: Ferrothorn|18\/100\n|-damage|p2a: landorustherian|84\/100|[from] ability: Iron Barbs|[of] p1a: Ferrothorn\n|-damage|p2a: landorustherian|67\/100|[from] item: Rocky Helmet|[of] p1a: Ferrothorn\n|\n|t:|1665854574\n|switch|p2a: Weavile|Weavile, F|100\/100|[from]move: U-turn\n|-ability|p2a: Weavile|Pressure\n|\n|upkeep\n|turn|11\n|\n|t:|1665854575\n|move|p2a: Weavile|Knock Off|p1a: Ferrothorn\n|-damage|p1a: Ferrothorn|0 fnt\n|-damage|p2a: Weavile|88\/100|[from] ability: Iron Barbs|[of] p1a: Ferrothorn\n|-damage|p2a: Weavile|72\/100|[from] item: Rocky Helmet|[of] p1a: Ferrothorn\n|-enditem|p1a: Ferrothorn|Rocky Helmet|[from] move: Knock Off|[of] p2a: Weavile\n|faint|p1a: Ferrothorn\n|\n|upkeep\n|\n|t:|1665854577\n|switch|p1a: Urshifu|Urshifu-Rapid-Strike, F|84\/100\n|turn|12\n|\n|t:|1665854580\n|switch|p2a: Tangrowth|Tangrowth, M|100\/100\n|move|p1a: Urshifu|U-turn|p2a: Tangrowth\n|-supereffective|p2a: Tangrowth\n|-damage|p2a: Tangrowth|74\/100\n|-damage|p1a: Urshifu|68\/100|[from] item: Rocky Helmet|[of] p2a: Tangrowth\n|\n|t:|1665854581\n|switch|p1a: Heatran|Heatran, M|100\/100|[from]move: U-turn\n|\n|upkeep\n|turn|13\n|\n|t:|1665854583\n|switch|p2a: rotomwash|Rotom-Wash|88\/100 tox\n|move|p1a: Heatran|Eruption|p2a: rotomwash\n|-resisted|p2a: rotomwash\n|-damage|p2a: rotomwash|14\/100 tox\n|\n|-heal|p2a: rotomwash|21\/100 tox|[from] item: Leftovers\n|-damage|p2a: rotomwash|14\/100 tox|[from] psn\n|upkeep\n|turn|14\n|\n|t:|1665854588\n|switch|p1a: Urshifu|Urshifu-Rapid-Strike, F|68\/100\n|move|p2a: rotomwash|Pain Split|p1a: Urshifu\n|-sethp|p1a: Urshifu|40\/100|[from] move: Pain Split|[silent]\n|-sethp|p2a: rotomwash|45\/100 tox|[from] move: Pain Split\n|\n|-heal|p2a: rotomwash|51\/100 tox|[from] item: Leftovers\n|-damage|p2a: rotomwash|39\/100 tox|[from] psn\n|upkeep\n|turn|15\n|\n|t:|1665854592\n|move|p1a: Urshifu|Close Combat|p2a: rotomwash\n|-damage|p2a: rotomwash|0 fnt\n|-unboost|p1a: Urshifu|def|1\n|-unboost|p1a: Urshifu|spd|1\n|faint|p2a: rotomwash\n|\n|upkeep\n|\n|t:|1665854592\n|switch|p2a: Weavile|Weavile, F|72\/100\n|-ability|p2a: Weavile|Pressure\n|turn|16\n|\n|t:|1665854594\n|move|p1a: Urshifu|Close Combat|p2a: Weavile\n|-supereffective|p2a: Weavile\n|-damage|p2a: Weavile|0 fnt\n|-unboost|p1a: Urshifu|def|1\n|-unboost|p1a: Urshifu|spd|1\n|faint|p2a: Weavile\n|\n|upkeep\n|\n|t:|1665854594\n|switch|p2a: Melmetal|Melmetal|100\/100\n|turn|17\n|\n|t:|1665854604\n|switch|p1a: Hippowdon|Hippowdon, M|100\/100\n|-weather|Sandstorm|[from] ability: Sand Stream|[of] p1a: Hippowdon\n|move|p2a: Melmetal|Earthquake|p1a: Hippowdon\n|-damage|p1a: Hippowdon|76\/100\n|\n|-weather|Sandstorm|[upkeep]\n|-heal|p1a: Hippowdon|82\/100|[from] item: Leftovers\n|upkeep\n|turn|18\n|\n|t:|1665854616\n|move|p1a: Hippowdon|Toxic|p2a: Melmetal\n|-immune|p2a: Melmetal\n|move|p2a: Melmetal|Earthquake|p1a: Hippowdon\n|-damage|p1a: Hippowdon|55\/100\n|\n|-weather|Sandstorm|[upkeep]\n|-heal|p1a: Hippowdon|61\/100|[from] item: Leftovers\n|upkeep\n|turn|19\n|\n|t:|1665854619\n|move|p1a: Hippowdon|Slack Off|p1a: Hippowdon\n|-heal|p1a: Hippowdon|100\/100\n|move|p2a: Melmetal|Earthquake|p1a: Hippowdon\n|-damage|p1a: Hippowdon|76\/100\n|\n|-weather|Sandstorm|[upkeep]\n|-heal|p1a: Hippowdon|82\/100|[from] item: Leftovers\n|upkeep\n|turn|20\n|\n|t:|1665854622\n|move|p1a: Hippowdon|Earthquake|p2a: Melmetal\n|-supereffective|p2a: Melmetal\n|-damage|p2a: Melmetal|56\/100\n|move|p2a: Melmetal|Earthquake|p1a: Hippowdon\n|-damage|p1a: Hippowdon|57\/100\n|\n|-weather|Sandstorm|[upkeep]\n|-heal|p1a: Hippowdon|63\/100|[from] item: Leftovers\n|upkeep\n|turn|21\n|\n|t:|1665854625\n|move|p1a: Hippowdon|Toxic|p2a: Melmetal\n|-immune|p2a: Melmetal\n|move|p2a: Melmetal|Earthquake|p1a: Hippowdon\n|-damage|p1a: Hippowdon|35\/100\n|\n|-weather|none\n|-heal|p1a: Hippowdon|41\/100|[from] item: Leftovers\n|upkeep\n|turn|22\n|\n|t:|1665854626\n|move|p1a: Hippowdon|Slack Off|p1a: Hippowdon\n|-heal|p1a: Hippowdon|91\/100\n|move|p2a: Melmetal|Earthquake|p1a: Hippowdon\n|-damage|p1a: Hippowdon|66\/100\n|\n|-heal|p1a: Hippowdon|72\/100|[from] item: Leftovers\n|upkeep\n|turn|23\n|\n|t:|1665854628\n|move|p1a: Hippowdon|Earthquake|p2a: Melmetal\n|-supereffective|p2a: Melmetal\n|-damage|p2a: Melmetal|10\/100\n|move|p2a: Melmetal|Earthquake|p1a: Hippowdon\n|-damage|p1a: Hippowdon|47\/100\n|\n|-heal|p1a: Hippowdon|53\/100|[from] item: Leftovers\n|upkeep\n|turn|24\n|\n|t:|1665854630\n|switch|p2a: landorustherian|Landorus-Therian, M|67\/100\n|-ability|p2a: landorustherian|Intimidate|boost\n|-unboost|p1a: Hippowdon|atk|1\n|move|p1a: Hippowdon|Slack Off|p1a: Hippowdon\n|-heal|p1a: Hippowdon|100\/100\n|\n|-heal|p2a: landorustherian|73\/100|[from] item: Leftovers\n|upkeep\n|turn|25\n|\n|t:|1665854631\n|move|p2a: landorustherian|Earthquake|p1a: Hippowdon\n|-damage|p1a: Hippowdon|65\/100\n|move|p1a: Hippowdon|Toxic|p2a: landorustherian|[miss]\n|-miss|p1a: Hippowdon|p2a: landorustherian\n|\n|-heal|p2a: landorustherian|79\/100|[from] item: Leftovers\n|-heal|p1a: Hippowdon|72\/100|[from] item: Leftovers\n|upkeep\n|turn|26\n|\n|t:|1665854633\n|move|p2a: landorustherian|Earthquake|p1a: Hippowdon\n|-damage|p1a: Hippowdon|35\/100\n|move|p1a: Hippowdon|Toxic|p2a: landorustherian\n|-status|p2a: landorustherian|tox\n|\n|-heal|p2a: landorustherian|85\/100 tox|[from] item: Leftovers\n|-heal|p1a: Hippowdon|41\/100|[from] item: Leftovers\n|-damage|p2a: landorustherian|79\/100 tox|[from] psn\n|upkeep\n|turn|27\n|\n|t:|1665854634\n|move|p2a: landorustherian|Earthquake|p1a: Hippowdon\n|-damage|p1a: Hippowdon|5\/100\n|move|p1a: Hippowdon|Slack Off|p1a: Hippowdon\n|-heal|p1a: Hippowdon|55\/100\n|\n|-heal|p2a: landorustherian|85\/100 tox|[from] item: Leftovers\n|-heal|p1a: Hippowdon|61\/100|[from] item: Leftovers\n|-damage|p2a: landorustherian|73\/100 tox|[from] psn\n|upkeep\n|turn|28\n|\n|t:|1665854636\n|move|p2a: landorustherian|Earthquake|p1a: Hippowdon\n|-damage|p1a: Hippowdon|30\/100\n|move|p1a: Hippowdon|Slack Off|p1a: Hippowdon\n|-heal|p1a: Hippowdon|80\/100\n|\n|-heal|p2a: landorustherian|79\/100 tox|[from] item: Leftovers\n|-heal|p1a: Hippowdon|87\/100|[from] item: Leftovers\n|-damage|p2a: landorustherian|61\/100 tox|[from] psn\n|upkeep\n|turn|29\n|\n|t:|1665854638\n|switch|p1a: Zapdos|Zapdos|87\/100\n|move|p2a: landorustherian|Earthquake|p1a: Zapdos\n|-immune|p1a: Zapdos\n|\n|-heal|p2a: landorustherian|67\/100 tox|[from] item: Leftovers\n|-damage|p2a: landorustherian|43\/100 tox|[from] psn\n|upkeep\n|turn|30\n|\n|t:|1665854640\n|move|p1a: Zapdos|U-turn|p2a: landorustherian\n|-resisted|p2a: landorustherian\n|-damage|p2a: landorustherian|36\/100 tox\n|\n|t:|1665854641\n|switch|p1a: Hippowdon|Hippowdon, M|87\/100|[from]move: U-turn\n|-weather|Sandstorm|[from] ability: Sand Stream|[of] p1a: Hippowdon\n|move|p2a: landorustherian|U-turn|p1a: Hippowdon\n|-damage|p1a: Hippowdon|72\/100\n|\n|t:|1665854641\n|switch|p2a: Tangrowth|Tangrowth, M|100\/100|[from]move: U-turn\n|\n|-weather|Sandstorm|[upkeep]\n|-damage|p2a: Tangrowth|94\/100|[from] Sandstorm\n|-heal|p1a: Hippowdon|78\/100|[from] item: Leftovers\n|upkeep\n|turn|31\n|\n|t:|1665854643\n|move|p1a: Hippowdon|Toxic|p2a: Tangrowth\n|-status|p2a: Tangrowth|tox\n|move|p2a: Tangrowth|Sleep Powder|p1a: Hippowdon|[miss]\n|-miss|p2a: Tangrowth|p1a: Hippowdon\n|\n|-weather|Sandstorm|[upkeep]\n|-damage|p2a: Tangrowth|88\/100 tox|[from] Sandstorm\n|-heal|p1a: Hippowdon|84\/100|[from] item: Leftovers\n|-damage|p2a: Tangrowth|82\/100 tox|[from] psn\n|upkeep\n|turn|32\n|\n|t:|1665854649\n|move|p1a: Hippowdon|Earthquake|p2a: Tangrowth\n|-resisted|p2a: Tangrowth\n|-damage|p2a: Tangrowth|72\/100 tox\n|move|p2a: Tangrowth|Sleep Powder|p1a: Hippowdon\n|-status|p1a: Hippowdon|slp|[from] move: Sleep Powder\n|\n|-weather|Sandstorm|[upkeep]\n|-damage|p2a: Tangrowth|66\/100 tox|[from] Sandstorm\n|-heal|p1a: Hippowdon|90\/100 slp|[from] item: Leftovers\n|-damage|p2a: Tangrowth|54\/100 tox|[from] psn\n|upkeep\n|turn|33\n|\n|t:|1665854654\n|switch|p1a: Zapdos|Zapdos|87\/100\n|switch|p2a: Melmetal|Melmetal|10\/100\n|\n|-weather|Sandstorm|[upkeep]\n|-damage|p1a: Zapdos|81\/100|[from] Sandstorm\n|upkeep\n|turn|34\n|\n|t:|1665854656\n|switch|p2a: Heatran|Heatran, M|83\/100\n|move|p1a: Zapdos|Discharge|p2a: Heatran\n|-damage|p2a: Heatran|48\/100\n|\n|-weather|none\n|upkeep\n|turn|35\n|\n|t:|1665854658\n|move|p2a: Heatran|Magma Storm|p1a: Zapdos\n|-damage|p1a: Zapdos|31\/100\n|-activate|p1a: Zapdos|move: Magma Storm|[of] p2a: Heatran\n|move|p1a: Zapdos|U-turn|p2a: Heatran\n|-resisted|p2a: Heatran\n|-damage|p2a: Heatran|45\/100\n|\n|t:|1665854661\n|switch|p1a: Heatran|Heatran, M|100\/100|[from]move: U-turn\n|\n|upkeep\n|turn|36\n|\n|t:|1665854666\n|switch|p1a: Gastrodon|Gastrodon, F|100\/100\n|move|p2a: Heatran|Earth Power|p1a: Gastrodon\n|-damage|p1a: Gastrodon|81\/100\n|\n|upkeep\n|turn|37\n|\n|t:|1665854669\n|switch|p2a: Tangrowth|Tangrowth, M|87\/100 tox\n|move|p1a: Gastrodon|Earthquake|p2a: Tangrowth\n|-resisted|p2a: Tangrowth\n|-damage|p2a: Tangrowth|80\/100 tox\n|\n|-damage|p2a: Tangrowth|74\/100 tox|[from] psn\n|upkeep\n|turn|38\n|\n|t:|1665854673\n|switch|p1a: Zapdos|Zapdos|31\/100\n|move|p2a: Tangrowth|Giga Drain|p1a: Zapdos\n|-resisted|p1a: Zapdos\n|-damage|p1a: Zapdos|18\/100\n|-heal|p2a: Tangrowth|80\/100 tox|[from] drain|[of] p1a: Zapdos\n|\n|-damage|p2a: Tangrowth|67\/100 tox|[from] psn\n|upkeep\n|turn|39\n|\n|t:|1665854675\n|switch|p2a: Heatran|Heatran, M|45\/100\n|move|p1a: Zapdos|Roost|p1a: Zapdos\n|-heal|p1a: Zapdos|68\/100\n|-singleturn|p1a: Zapdos|move: Roost\n|\n|upkeep\n|turn|40\n|\n|t:|1665854678\n|move|p2a: Heatran|Magma Storm|p1a: Zapdos|[miss]\n|-miss|p2a: Heatran|p1a: Zapdos\n|move|p1a: Zapdos|Discharge|p2a: Heatran\n|-damage|p2a: Heatran|14\/100\n|-status|p2a: Heatran|par\n|\n|upkeep\n|turn|41\n|\n|t:|1665854681\n|switch|p2a: landorustherian|Landorus-Therian, M|36\/100 tox\n|-ability|p2a: landorustherian|Intimidate|boost\n|-unboost|p1a: Zapdos|atk|1\n|move|p1a: Zapdos|Discharge|p2a: landorustherian\n|-immune|p2a: landorustherian\n|\n|-heal|p2a: landorustherian|42\/100 tox|[from] item: Leftovers\n|-damage|p2a: landorustherian|36\/100 tox|[from] psn\n|upkeep\n|turn|42\n|\n|t:|1665854683\n|move|p1a: Zapdos|Roost|p1a: Zapdos\n|-heal|p1a: Zapdos|100\/100\n|-singleturn|p1a: Zapdos|move: Roost\n|move|p2a: landorustherian|Earthquake|p1a: Zapdos\n|-supereffective|p1a: Zapdos\n|-damage|p1a: Zapdos|28\/100\n|\n|-heal|p2a: landorustherian|42\/100 tox|[from] item: Leftovers\n|-damage|p2a: landorustherian|30\/100 tox|[from] psn\n|upkeep\n|turn|43\n|\n|t:|1665854685\n|move|p1a: Zapdos|U-turn|p2a: landorustherian\n|-resisted|p2a: landorustherian\n|-damage|p2a: landorustherian|26\/100 tox\n|\n|t:|1665854687\n|switch|p1a: Hippowdon|Hippowdon, M|90\/100 slp|[from]move: U-turn\n|-weather|Sandstorm|[from] ability: Sand Stream|[of] p1a: Hippowdon\n|move|p2a: landorustherian|Earthquake|p1a: Hippowdon\n|-damage|p1a: Hippowdon|55\/100 slp\n|\n|-weather|Sandstorm|[upkeep]\n|-heal|p2a: landorustherian|32\/100 tox|[from] item: Leftovers\n|-heal|p1a: Hippowdon|61\/100 slp|[from] item: Leftovers\n|-damage|p2a: landorustherian|14\/100 tox|[from] psn\n|upkeep\n|turn|44\n|\n|t:|1665854688\n|move|p2a: landorustherian|U-turn|p1a: Hippowdon\n|-crit|p1a: Hippowdon\n|-damage|p1a: Hippowdon|38\/100 slp\n|\n|t:|1665854688\n|switch|p2a: Melmetal|Melmetal|10\/100|[from]move: U-turn\n|cant|p1a: Hippowdon|slp\n|\n|-weather|Sandstorm|[upkeep]\n|-heal|p1a: Hippowdon|44\/100 slp|[from] item: Leftovers\n|upkeep\n|turn|45\n|\n|t:|1665854691\n|-curestatus|p1a: Hippowdon|slp|[msg]\n|move|p1a: Hippowdon|Slack Off|p1a: Hippowdon\n|-heal|p1a: Hippowdon|94\/100\n|move|p2a: Melmetal|Double Iron Bash|p1a: Hippowdon\n|-damage|p1a: Hippowdon|64\/100\n|-damage|p1a: Hippowdon|37\/100\n|-hitcount|p1a: Hippowdon|2\n|\n|-weather|Sandstorm|[upkeep]\n|-heal|p1a: Hippowdon|44\/100|[from] item: Leftovers\n|upkeep\n|turn|46\n|\n|t:|1665854693\n|switch|p2a: landorustherian|Landorus-Therian, M|14\/100 tox\n|-ability|p2a: landorustherian|Intimidate|boost\n|-unboost|p1a: Hippowdon|atk|1\n|move|p1a: Hippowdon|Slack Off|p1a: Hippowdon\n|-heal|p1a: Hippowdon|94\/100\n|\n|-weather|Sandstorm|[upkeep]\n|-heal|p2a: landorustherian|20\/100 tox|[from] item: Leftovers\n|-heal|p1a: Hippowdon|99\/100|[from] item: Leftovers\n|-damage|p2a: landorustherian|14\/100 tox|[from] psn\n|upkeep\n|turn|47\n|\n|t:|1665854698\n|move|p2a: landorustherian|U-turn|p1a: Hippowdon\n|-damage|p1a: Hippowdon|83\/100\n|\n|t:|1665854698\n|switch|p2a: Tangrowth|Tangrowth, M|100\/100 tox|[from]move: U-turn\n|move|p1a: Hippowdon|Slack Off|p1a: Hippowdon\n|-heal|p1a: Hippowdon|100\/100\n|\n|-weather|none\n|-damage|p2a: Tangrowth|94\/100 tox|[from] psn\n|upkeep\n|turn|48\n|\n|t:|1665854703\n|switch|p1a: Heatran|Heatran, M|100\/100\n|move|p2a: Tangrowth|Sleep Powder|p1a: Heatran\n|-status|p1a: Heatran|slp|[from] move: Sleep Powder\n|\n|-damage|p2a: Tangrowth|82\/100 tox|[from] psn\n|upkeep\n|turn|49\n|\n|t:|1665854710\n|switch|p1a: Zapdos|Zapdos|28\/100\n|switch|p2a: landorustherian|Landorus-Therian, M|14\/100 tox\n|-ability|p2a: landorustherian|Intimidate|boost\n|-unboost|p1a: Zapdos|atk|1\n|\n|-heal|p2a: landorustherian|20\/100 tox|[from] item: Leftovers\n|-damage|p2a: landorustherian|14\/100 tox|[from] psn\n|upkeep\n|turn|50\n|\n|t:|1665854713\n|move|p1a: Zapdos|U-turn|p2a: landorustherian\n|-resisted|p2a: landorustherian\n|-damage|p2a: landorustherian|10\/100 tox\n|\n|t:|1665854717\n|switch|p1a: Hippowdon|Hippowdon, M|100\/100|[from]move: U-turn\n|-weather|Sandstorm|[from] ability: Sand Stream|[of] p1a: Hippowdon\n|move|p2a: landorustherian|Earthquake|p1a: Hippowdon\n|-damage|p1a: Hippowdon|70\/100\n|\n|-weather|Sandstorm|[upkeep]\n|-heal|p2a: landorustherian|16\/100 tox|[from] item: Leftovers\n|-heal|p1a: Hippowdon|76\/100|[from] item: Leftovers\n|-damage|p2a: landorustherian|4\/100 tox|[from] psn\n|upkeep\n|turn|51\n|\n|t:|1665854724\n|move|p2a: landorustherian|U-turn|p1a: Hippowdon\n|-damage|p1a: Hippowdon|60\/100\n|\n|t:|1665854724\n|switch|p2a: Tangrowth|Tangrowth, M|100\/100 tox|[from]move: U-turn\n|move|p1a: Hippowdon|Slack Off|p1a: Hippowdon\n|-heal|p1a: Hippowdon|100\/100\n|\n|-weather|Sandstorm|[upkeep]\n|-damage|p2a: Tangrowth|94\/100 tox|[from] Sandstorm\n|-damage|p2a: Tangrowth|88\/100 tox|[from] psn\n|upkeep\n|turn|52\n|\n|t:|1665854729\n|move|p1a: Hippowdon|Earthquake|p2a: Tangrowth\n|-resisted|p2a: Tangrowth\n|-damage|p2a: Tangrowth|79\/100 tox\n|move|p2a: Tangrowth|Giga Drain|p1a: Hippowdon\n|-supereffective|p1a: Hippowdon\n|-damage|p1a: Hippowdon|60\/100\n|-heal|p2a: Tangrowth|99\/100 tox|[from] drain|[of] p1a: Hippowdon\n|\n|-weather|Sandstorm|[upkeep]\n|-damage|p2a: Tangrowth|94\/100 tox|[from] Sandstorm\n|-heal|p1a: Hippowdon|67\/100|[from] item: Leftovers\n|-damage|p2a: Tangrowth|81\/100 tox|[from] psn\n|upkeep\n|turn|53\n|\n|t:|1665854733\n|move|p1a: Hippowdon|Earthquake|p2a: Tangrowth\n|-resisted|p2a: Tangrowth\n|-damage|p2a: Tangrowth|72\/100 tox\n|move|p2a: Tangrowth|Giga Drain|p1a: Hippowdon\n|-supereffective|p1a: Hippowdon\n|-damage|p1a: Hippowdon|26\/100\n|-heal|p2a: Tangrowth|93\/100 tox|[from] drain|[of] p1a: Hippowdon\n|\n|-weather|Sandstorm|[upkeep]\n|-damage|p2a: Tangrowth|87\/100 tox|[from] Sandstorm\n|-heal|p1a: Hippowdon|32\/100|[from] item: Leftovers\n|-damage|p2a: Tangrowth|68\/100 tox|[from] psn\n|upkeep\n|turn|54\n|\n|t:|1665854734\n|move|p1a: Hippowdon|Slack Off|p1a: Hippowdon\n|-heal|p1a: Hippowdon|82\/100\n|move|p2a: Tangrowth|Giga Drain|p1a: Hippowdon\n|-supereffective|p1a: Hippowdon\n|-damage|p1a: Hippowdon|45\/100\n|-heal|p2a: Tangrowth|88\/100 tox|[from] drain|[of] p1a: Hippowdon\n|\n|-weather|none\n|-heal|p1a: Hippowdon|51\/100|[from] item: Leftovers\n|-damage|p2a: Tangrowth|63\/100 tox|[from] psn\n|upkeep\n|turn|55\n|\n|t:|1665854737\n|switch|p2a: landorustherian|Landorus-Therian, M|4\/100 tox\n|-ability|p2a: landorustherian|Intimidate|boost\n|-unboost|p1a: Hippowdon|atk|1\n|move|p1a: Hippowdon|Slack Off|p1a: Hippowdon\n|-heal|p1a: Hippowdon|100\/100\n|\n|-heal|p2a: landorustherian|10\/100 tox|[from] item: Leftovers\n|-damage|p2a: landorustherian|4\/100 tox|[from] psn\n|upkeep\n|turn|56\n|\n|t:|1665854742\n|move|p2a: landorustherian|U-turn|p1a: Hippowdon\n|-damage|p1a: Hippowdon|86\/100\n|\n|t:|1665854742\n|switch|p2a: Tangrowth|Tangrowth, M|96\/100 tox|[from]move: U-turn\n|move|p1a: Hippowdon|Stealth Rock|p2a: Tangrowth\n|-sidestart|p2: minimax_ai|move: Stealth Rock\n|\n|-heal|p1a: Hippowdon|92\/100|[from] item: Leftovers\n|-damage|p2a: Tangrowth|90\/100 tox|[from] psn\n|upkeep\n|turn|57\n|\n|t:|1665854746\n|switch|p2a: landorustherian|Landorus-Therian, M|4\/100 tox\n|-damage|p2a: landorustherian|0 fnt|[from] Stealth Rock\n|faint|p2a: landorustherian\n|move|p1a: Hippowdon|Earthquake|p2: landorustherian|[notarget]\n|-fail|p1a: Hippowdon\n|\n|-heal|p1a: Hippowdon|98\/100|[from] item: Leftovers\n|upkeep\n|\n|t:|1665854746\n|switch|p2a: Tangrowth|Tangrowth, M|100\/100 tox\n|-damage|p2a: Tangrowth|88\/100 tox|[from] Stealth Rock\n|turn|58\n|\n|t:|1665854750\n|move|p1a: Hippowdon|Earthquake|p2a: Tangrowth\n|-resisted|p2a: Tangrowth\n|-damage|p2a: Tangrowth|82\/100 tox\n|move|p2a: Tangrowth|Knock Off|p1a: Hippowdon\n|-damage|p1a: Hippowdon|83\/100\n|-enditem|p1a: Hippowdon|Leftovers|[from] move: Knock Off|[of] p2a: Tangrowth\n|\n|-damage|p2a: Tangrowth|76\/100 tox|[from] psn\n|upkeep\n|turn|59\n|\n|t:|1665854752\n|move|p1a: Hippowdon|Earthquake|p2a: Tangrowth\n|-resisted|p2a: Tangrowth\n|-damage|p2a: Tangrowth|68\/100 tox\n|move|p2a: Tangrowth|Giga Drain|p1a: Hippowdon\n|-supereffective|p1a: Hippowdon\n|-damage|p1a: Hippowdon|39\/100\n|-heal|p2a: Tangrowth|91\/100 tox|[from] drain|[of] p1a: Hippowdon\n|\n|-damage|p2a: Tangrowth|79\/100 tox|[from] psn\n|upkeep\n|turn|60\n|\n|t:|1665854754\n|move|p1a: Hippowdon|Slack Off|p1a: Hippowdon\n|-heal|p1a: Hippowdon|89\/100\n|move|p2a: Tangrowth|Giga Drain|p1a: Hippowdon\n|-supereffective|p1a: Hippowdon\n|-damage|p1a: Hippowdon|46\/100\n|-heal|p2a: Tangrowth|100\/100 tox|[from] drain|[of] p1a: Hippowdon\n|\n|-damage|p2a: Tangrowth|82\/100 tox|[from] psn\n|upkeep\n|turn|61\n|\n|t:|1665854755\n|move|p1a: Hippowdon|Slack Off|p1a: Hippowdon\n|-heal|p1a: Hippowdon|96\/100\n|move|p2a: Tangrowth|Giga Drain|p1a: Hippowdon\n|-supereffective|p1a: Hippowdon\n|-damage|p1a: Hippowdon|59\/100\n|-heal|p2a: Tangrowth|100\/100 tox|[from] drain|[of] p1a: Hippowdon\n|\n|-damage|p2a: Tangrowth|76\/100 tox|[from] psn\n|upkeep\n|turn|62\n|\n|t:|1665854757\n|move|p1a: Hippowdon|Slack Off|p1a: Hippowdon\n|-heal|p1a: Hippowdon|100\/100\n|move|p2a: Tangrowth|Giga Drain|p1a: Hippowdon\n|-supereffective|p1a: Hippowdon\n|-damage|p1a: Hippowdon|60\/100\n|-heal|p2a: Tangrowth|97\/100 tox|[from] drain|[of] p1a: Hippowdon\n|\n|-damage|p2a: Tangrowth|66\/100 tox|[from] psn\n|upkeep\n|turn|63\n|\n|t:|1665854759\n|switch|p2a: Heatran|Heatran, M|14\/100 par\n|-damage|p2a: Heatran|1\/100 par|[from] Stealth Rock\n|move|p1a: Hippowdon|Slack Off|p1a: Hippowdon\n|-heal|p1a: Hippowdon|100\/100\n|\n|upkeep\n|turn|64\n|\n|t:|1665854764\n|switch|p1a: Zapdos|Zapdos|28\/100\n|cant|p2a: Heatran|par\n|\n|upkeep\n|turn|65\n|\n|t:|1665854767\n|move|p1a: Zapdos|U-turn|p2a: Heatran\n|-resisted|p2a: Heatran\n|-damage|p2a: Heatran|0 fnt\n|faint|p2a: Heatran\n|\n|t:|1665854769\n|switch|p1a: Gastrodon|Gastrodon, F|81\/100|[from]move: U-turn\n|\n|upkeep\n|\n|t:|1665854769\n|switch|p2a: Tangrowth|Tangrowth, M|99\/100 tox\n|-damage|p2a: Tangrowth|87\/100 tox|[from] Stealth Rock\n|turn|66\n|\n|t:|1665854772\n|switch|p1a: Heatran|Heatran, M|100\/100 slp\n|move|p2a: Tangrowth|Giga Drain|p1a: Heatran\n|-resisted|p1a: Heatran\n|-damage|p1a: Heatran|95\/100 slp\n|-heal|p2a: Tangrowth|90\/100 tox|[from] drain|[of] p1a: Heatran\n|\n|-damage|p2a: Tangrowth|83\/100 tox|[from] psn\n|upkeep\n|turn|67\n|\n|t:|1665854774\n|cant|p1a: Heatran|slp\n|move|p2a: Tangrowth|Knock Off|p1a: Heatran\n|-damage|p1a: Heatran|77\/100 slp\n|-enditem|p1a: Heatran|Choice Specs|[from] move: Knock Off|[of] p2a: Tangrowth\n|\n|-damage|p2a: Tangrowth|71\/100 tox|[from] psn\n|upkeep\n|turn|68\n|\n|t:|1665854776\n|switch|p2a: Melmetal|Melmetal|10\/100\n|-damage|p2a: Melmetal|4\/100|[from] Stealth Rock\n|-curestatus|p1a: Heatran|slp|[msg]\n|move|p1a: Heatran|Flamethrower|p2a: Melmetal\n|-supereffective|p2a: Melmetal\n|-damage|p2a: Melmetal|0 fnt\n|faint|p2a: Melmetal\n|\n|upkeep\n|\n|t:|1665854776\n|switch|p2a: Tangrowth|Tangrowth, M|100\/100 tox\n|-damage|p2a: Tangrowth|88\/100 tox|[from] Stealth Rock\n|turn|69\n|\n|t:|1665854777\n|move|p1a: Heatran|Flamethrower|p2a: Tangrowth\n|-supereffective|p2a: Tangrowth\n|-damage|p2a: Tangrowth|0 fnt\n|faint|p2a: Tangrowth\n|\n|win|Scoots Mgee\n|raw|Scoots Mgee's rating: 1424 &rarr; <strong>1445<\/strong><br \/>(+21 for winning)\n|raw|minimax_ai's rating: 1446 &rarr; <strong>1425<\/strong><br \/>(-21 for losing)\n|c|\u2606minimax_ai|gg\n","uploadtime":1665854779,"views":7,"p1id":"scootsmgee","p2id":"minimaxai","formatid":"gen8ou","rating":1425,"private":0,"password":null}