{"id":"gen8ou-1066880087","p1":"mongwong","p2":"Maury XD","format":"gen8ou","log":"|j|\u2606mongwong\n|j|\u2606Maury XD\n|player|p1|mongwong|silver|1411\n|player|p2|Maury XD|steven|1440\n|teamsize|p1|6\n|teamsize|p2|6\n|gametype|singles\n|gen|8\n|tier|[Gen 8] OU\n|rated|\n|clearpoke\n|poke|p1|Pelipper, F|\n|poke|p1|Dracovish|\n|poke|p1|Corviknight, F|\n|poke|p1|Ferrothorn, M|\n|poke|p1|Blastoise, F|\n|poke|p1|Duraludon, F|\n|poke|p2|Rotom-Heat|\n|poke|p2|Conkeldurr, F|\n|poke|p2|Ferrothorn, F|\n|poke|p2|Clefable, M|\n|poke|p2|Gyarados, F|\n|poke|p2|Quagsire, F|\n|rule|Sleep Clause Mod: Limit one foe put to sleep\n|rule|Species Clause: Limit one of each Pok\u00e9mon\n|rule|OHKO Clause: OHKO moves are banned\n|rule|Evasion Moves Clause: Evasion moves are banned\n|rule|Endless Battle Clause: Forcing endless battles is banned\n|rule|HP Percentage Mod: HP is shown in percentages\n|rule|Dynamax Clause: You cannot dynamax\n|teampreview\n|inactive|Battle timer is ON: inactive players will automatically lose when time's up. (requested by mongwong)\n|\n|start\n|switch|p1a: Pelipper|Pelipper, F|100\/100\n|switch|p2a: Rotom|Rotom-Heat, shiny|100\/100\n|-weather|RainDance|[from] ability: Drizzle|[of] p1a: Pelipper\n|turn|1\n|\n|switch|p1a: Ferrothorn|Ferrothorn, M|100\/100\n|move|p2a: Rotom|Discharge|p1a: Ferrothorn\n|-resisted|p1a: Ferrothorn\n|-damage|p1a: Ferrothorn|90\/100\n|\n|-weather|RainDance|[upkeep]\n|-heal|p1a: Ferrothorn|96\/100|[from] item: Leftovers\n|upkeep\n|turn|2\n|j| tstm\n|\n|switch|p1a: Pelipper|Pelipper, F|100\/100\n|move|p2a: Rotom|Will-O-Wisp|p1a: Pelipper\n|-status|p1a: Pelipper|brn\n|\n|-weather|RainDance|[upkeep]\n|-damage|p1a: Pelipper|94\/100 brn|[from] brn\n|upkeep\n|turn|3\n|\n|switch|p1a: Ferrothorn|Ferrothorn, M|96\/100\n|move|p2a: Rotom|Discharge|p1a: Ferrothorn\n|-resisted|p1a: Ferrothorn\n|-damage|p1a: Ferrothorn|85\/100\n|-status|p1a: Ferrothorn|par\n|\n|-weather|RainDance|[upkeep]\n|-heal|p1a: Ferrothorn|91\/100 par|[from] item: Leftovers\n|upkeep\n|turn|4\n|\n|move|p2a: Rotom|Overheat|p1a: Ferrothorn\n|-supereffective|p1a: Ferrothorn\n|-damage|p1a: Ferrothorn|15\/100 par\n|-unboost|p2a: Rotom|spa|2\n|move|p1a: Ferrothorn|Knock Off|p2a: Rotom\n|-damage|p2a: Rotom|72\/100\n|-enditem|p2a: Rotom|Heavy-Duty Boots|[from] move: Knock Off|[of] p1a: Ferrothorn\n|\n|-weather|RainDance|[upkeep]\n|-heal|p1a: Ferrothorn|22\/100 par|[from] item: Leftovers\n|upkeep\n|turn|5\n|\n|switch|p2a: Conkeldurr|Conkeldurr, F|100\/100\n|move|p1a: Ferrothorn|Stealth Rock|p2a: Conkeldurr\n|-sidestart|p2: Maury XD|move: Stealth Rock\n|\n|-weather|RainDance|[upkeep]\n|-heal|p1a: Ferrothorn|28\/100 par|[from] item: Leftovers\n|-status|p2a: Conkeldurr|brn|[from] item: Flame Orb\n|upkeep\n|turn|6\n|\n|move|p2a: Conkeldurr|Knock Off|p1a: Ferrothorn\n|-damage|p1a: Ferrothorn|0 fnt\n|-damage|p2a: Conkeldurr|88\/100 brn|[from] ability: Iron Barbs|[of] p1a: Ferrothorn\n|-enditem|p1a: Ferrothorn|Leftovers|[from] move: Knock Off|[of] p2a: Conkeldurr\n|faint|p1a: Ferrothorn\n|\n|-weather|RainDance|[upkeep]\n|-damage|p2a: Conkeldurr|82\/100 brn|[from] brn\n|upkeep\n|\n|switch|p1a: Dracovish|Dracovish|100\/100\n|turn|7\n|\n|switch|p2a: Quagsire|Quagsire, F, shiny|100\/100\n|-damage|p2a: Quagsire|94\/100|[from] Stealth Rock\n|move|p1a: Dracovish|Psychic Fangs|p2a: Quagsire\n|-damage|p2a: Quagsire|71\/100\n|-damage|p1a: Dracovish|84\/100|[from] item: Rocky Helmet|[of] p2a: Quagsire\n|\n|-weather|RainDance|[upkeep]\n|upkeep\n|turn|8\n|\n|switch|p1a: Blastoise|Blastoise, F|100\/100\n|move|p2a: Quagsire|Toxic|p1a: Blastoise\n|-status|p1a: Blastoise|tox\n|\n|-weather|none\n|-damage|p1a: Blastoise|94\/100 tox|[from] psn\n|upkeep\n|turn|9\n|\n|switch|p2a: Clefable|Clefable, M|100\/100\n|move|p1a: Blastoise|Shell Smash|p1a: Blastoise\n|-unboost|p1a: Blastoise|def|1\n|-unboost|p1a: Blastoise|spd|1\n|-boost|p1a: Blastoise|atk|2\n|-boost|p1a: Blastoise|spa|2\n|-boost|p1a: Blastoise|spe|2\n|-enditem|p1a: Blastoise|White Herb\n|-clearnegativeboost|p1a: Blastoise|[silent]\n|\n|-damage|p1a: Blastoise|82\/100 tox|[from] psn\n|upkeep\n|turn|10\n|\n|move|p2a: Clefable|Protect|p2a: Clefable\n|-singleturn|p2a: Clefable|Protect\n|move|p1a: Blastoise|Surf|p2a: Clefable\n|-activate|p2a: Clefable|move: Protect\n|\n|-damage|p1a: Blastoise|64\/100 tox|[from] psn\n|upkeep\n|turn|11\n|\n|switch|p2a: Ferrothorn|Ferrothorn, F|100\/100\n|-damage|p2a: Ferrothorn|94\/100|[from] Stealth Rock\n|move|p1a: Blastoise|Surf|p2a: Ferrothorn\n|-resisted|p2a: Ferrothorn\n|-damage|p2a: Ferrothorn|66\/100\n|\n|-heal|p2a: Ferrothorn|72\/100|[from] item: Leftovers\n|-damage|p1a: Blastoise|40\/100 tox|[from] psn\n|upkeep\n|turn|12\n|\n|switch|p2a: Clefable|Clefable, M|100\/100\n|move|p1a: Blastoise|Aura Sphere|p2a: Clefable\n|-resisted|p2a: Clefable\n|-damage|p2a: Clefable|85\/100\n|\n|-heal|p2a: Clefable|91\/100|[from] item: Leftovers\n|-damage|p1a: Blastoise|10\/100 tox|[from] psn\n|upkeep\n|turn|13\n|\n|switch|p1a: Pelipper|Pelipper, F|94\/100 brn\n|-weather|RainDance|[from] ability: Drizzle|[of] p1a: Pelipper\n|move|p2a: Clefable|Protect||[still]\n|-fail|p2a: Clefable\n|\n|-weather|RainDance|[upkeep]\n|-heal|p2a: Clefable|97\/100|[from] item: Leftovers\n|-damage|p1a: Pelipper|88\/100 brn|[from] brn\n|upkeep\n|turn|14\n|\n|move|p1a: Pelipper|U-turn|p2a: Clefable\n|-resisted|p2a: Clefable\n|-damage|p2a: Clefable|95\/100\n|\n|switch|p1a: Blastoise|Blastoise, F|10\/100 tox|[from]move: U-turn\n|move|p2a: Clefable|Stealth Rock|p1a: Blastoise\n|-sidestart|p1: mongwong|move: Stealth Rock\n|\n|-weather|RainDance|[upkeep]\n|-heal|p1a: Blastoise|16\/100 tox|[from] ability: Rain Dish\n|-heal|p2a: Clefable|100\/100|[from] item: Leftovers\n|-damage|p1a: Blastoise|10\/100 tox|[from] psn\n|upkeep\n|turn|15\n|\n|move|p2a: Clefable|Protect|p2a: Clefable\n|-singleturn|p2a: Clefable|Protect\n|move|p1a: Blastoise|Surf|p2a: Clefable\n|-activate|p2a: Clefable|move: Protect\n|\n|-weather|RainDance|[upkeep]\n|-heal|p1a: Blastoise|16\/100 tox|[from] ability: Rain Dish\n|-damage|p1a: Blastoise|4\/100 tox|[from] psn\n|upkeep\n|turn|16\n|\n|move|p1a: Blastoise|Surf|p2a: Clefable\n|-damage|p2a: Clefable|64\/100\n|move|p2a: Clefable|Wish|p2a: Clefable\n|\n|-weather|RainDance|[upkeep]\n|-heal|p1a: Blastoise|10\/100 tox|[from] ability: Rain Dish\n|-heal|p2a: Clefable|70\/100|[from] item: Leftovers\n|-damage|p1a: Blastoise|0 fnt|[from] psn\n|faint|p1a: Blastoise\n|upkeep\n|\n|switch|p1a: Dracovish|Dracovish|84\/100\n|-damage|p1a: Dracovish|72\/100|[from] Stealth Rock\n|turn|17\n|\n|move|p2a: Clefable|Protect|p2a: Clefable\n|-singleturn|p2a: Clefable|Protect\n|move|p1a: Dracovish|Psychic Fangs|p2a: Clefable\n|-activate|p2a: Clefable|move: Protect\n|\n|-weather|RainDance|[upkeep]\n|-heal|p2a: Clefable|100\/100|[from] move: Wish|[wisher] Clefable\n|upkeep\n|turn|18\n|\n|switch|p1a: Duraludon|Duraludon, F|100\/100\n|-damage|p1a: Duraludon|94\/100|[from] Stealth Rock\n|switch|p2a: Ferrothorn|Ferrothorn, F|72\/100\n|-damage|p2a: Ferrothorn|66\/100|[from] Stealth Rock\n|\n|-weather|RainDance|[upkeep]\n|-heal|p2a: Ferrothorn|72\/100|[from] item: Leftovers\n|upkeep\n|turn|19\n|\n|move|p1a: Duraludon|Dark Pulse|p2a: Ferrothorn\n|-damage|p2a: Ferrothorn|47\/100\n|move|p2a: Ferrothorn|Spikes|p1a: Duraludon\n|-sidestart|p1: mongwong|Spikes\n|\n|-weather|RainDance|[upkeep]\n|-heal|p2a: Ferrothorn|53\/100|[from] item: Leftovers\n|upkeep\n|turn|20\n|\n|move|p1a: Duraludon|Dark Pulse|p2a: Ferrothorn\n|-damage|p2a: Ferrothorn|27\/100\n|cant|p2a: Ferrothorn|flinch\n|\n|-weather|none\n|-heal|p2a: Ferrothorn|33\/100|[from] item: Leftovers\n|upkeep\n|turn|21\n|\n|switch|p2a: Clefable|Clefable, M|100\/100\n|move|p1a: Duraludon|Dark Pulse|p2a: Clefable\n|-resisted|p2a: Clefable\n|-damage|p2a: Clefable|87\/100\n|\n|-heal|p2a: Clefable|93\/100|[from] item: Leftovers\n|upkeep\n|turn|22\n|\n|switch|p1a: Corviknight|Corviknight, F|100\/100\n|-damage|p1a: Corviknight|88\/100|[from] Stealth Rock\n|switch|p2a: Conkeldurr|Conkeldurr, F|82\/100 brn\n|-damage|p2a: Conkeldurr|76\/100 brn|[from] Stealth Rock\n|\n|-heal|p1a: Corviknight|94\/100|[from] item: Leftovers\n|-damage|p2a: Conkeldurr|70\/100 brn|[from] brn\n|upkeep\n|turn|23\n|\n|move|p1a: Corviknight|Defog|p2a: Conkeldurr\n|-unboost|p2a: Conkeldurr|evasion|1\n|-sideend|p2: Maury XD|Stealth Rock|[from] move: Defog|[of] p1a: Corviknight\n|-sideend|p1: mongwong|Spikes|[from] move: Defog|[of] p1a: Corviknight\n|-sideend|p1: mongwong|Stealth Rock|[from] move: Defog|[of] p1a: Corviknight\n|move|p2a: Conkeldurr|Drain Punch|p1a: Corviknight\n|-damage|p1a: Corviknight|57\/100\n|-heal|p2a: Conkeldurr|90\/100 brn|[from] drain|[of] p1a: Corviknight\n|\n|-heal|p1a: Corviknight|63\/100|[from] item: Leftovers\n|-damage|p2a: Conkeldurr|84\/100 brn|[from] brn\n|upkeep\n|turn|24\n|\n|move|p1a: Corviknight|U-turn|p2a: Conkeldurr\n|-resisted|p2a: Conkeldurr\n|-damage|p2a: Conkeldurr|77\/100 brn\n|\n|switch|p1a: Pelipper|Pelipper, F|88\/100 brn|[from]move: U-turn\n|-weather|RainDance|[from] ability: Drizzle|[of] p1a: Pelipper\n|move|p2a: Conkeldurr|Knock Off|p1a: Pelipper\n|-damage|p1a: Pelipper|31\/100 brn\n|-enditem|p1a: Pelipper|Damp Rock|[from] move: Knock Off|[of] p2a: Conkeldurr\n|\n|-weather|RainDance|[upkeep]\n|-damage|p1a: Pelipper|24\/100 brn|[from] brn\n|-damage|p2a: Conkeldurr|71\/100 brn|[from] brn\n|upkeep\n|turn|25\n|\n|switch|p2a: Gyarados|Gyarados, F, shiny|100\/100\n|-ability|p2a: Gyarados|Intimidate|boost\n|-unboost|p1a: Pelipper|atk|1\n|move|p1a: Pelipper|Hurricane|p2a: Gyarados\n|-damage|p2a: Gyarados|49\/100\n|\n|-weather|RainDance|[upkeep]\n|-heal|p2a: Gyarados|55\/100|[from] item: Leftovers\n|-damage|p1a: Pelipper|18\/100 brn|[from] brn\n|upkeep\n|turn|26\n|\n|move|p2a: Gyarados|Waterfall|p1a: Pelipper\n|-resisted|p1a: Pelipper\n|-damage|p1a: Pelipper|0 fnt\n|faint|p1a: Pelipper\n|\n|-weather|RainDance|[upkeep]\n|-heal|p2a: Gyarados|61\/100|[from] item: Leftovers\n|upkeep\n|\n|switch|p1a: Dracovish|Dracovish|72\/100\n|turn|27\n|\n|switch|p2a: Quagsire|Quagsire, F, shiny|71\/100\n|move|p1a: Dracovish|Fishious Rend|p2a: Quagsire\n|-heal|p2a: Quagsire|96\/100|[from] ability: Water Absorb|[of] p1a: Dracovish\n|\n|-weather|RainDance|[upkeep]\n|upkeep\n|turn|28\n|-message|mongwong forfeited.\n|\n|win|Maury XD\n|l|\u2606mongwong\n|l| tstm\n|raw|mongwong's rating: 1411 &rarr; <strong>1393<\/strong><br \/>(-18 for losing)\n|raw|Maury XD's rating: 1440 &rarr; <strong>1459<\/strong><br \/>(+19 for winning)\n","uploadtime":1582288605,"views":8,"p1id":"mongwong","p2id":"mauryxd","formatid":"gen8ou","rating":1393,"private":0,"password":null}