{"id":"gen8ou-1696690736","p1":"khatru my goat","p2":"mongwong","format":"gen8ou","log":"|html|<div class=\"broadcast-blue\"><strong>[Gen 8] OU is currently suspecting Melmetal! For information on how to participate check out the <a href=\"https:\/\/www.smogon.com\/forums\/threads\/np-ss-ou-suspect-process-round-12-monster-mash.3709234\/\">suspect thread<\/a>.<\/strong><\/div>\n|j|\u2606khatru my goat\n|j|\u2606mongwong\n|t:|1666918337\n|gametype|singles\n|player|p1|khatru my goat|adaman|1774\n|player|p2|mongwong|eusine-gen2|1726\n|teamsize|p1|6\n|teamsize|p2|6\n|gen|8\n|tier|[Gen 8] OU\n|rated|\n|rule|Sleep Clause Mod: Limit one foe put to sleep\n|rule|Species Clause: Limit one of each Pok\u00e9mon\n|rule|OHKO Clause: OHKO moves are banned\n|rule|Evasion Items Clause: Evasion items are banned\n|rule|Evasion Moves Clause: Evasion moves are banned\n|rule|Endless Battle Clause: Forcing endless battles is banned\n|rule|HP Percentage Mod: HP is shown in percentages\n|rule|Dynamax Clause: You cannot dynamax\n|clearpoke\n|poke|p1|Skarmory, F|\n|poke|p1|Clefable, M|\n|poke|p1|Moltres|\n|poke|p1|Tyranitar, M|\n|poke|p1|Excadrill, M|\n|poke|p1|Dracozolt|\n|poke|p2|Pelipper, F|\n|poke|p2|Mew|\n|poke|p2|Kingdra, M|\n|poke|p2|Barraskewda, M|\n|poke|p2|Magnezone|\n|poke|p2|Tapu Lele|\n|teampreview\n|c|\u2606khatru my goat|glhf\n|inactive|Battle timer is ON: inactive players will automatically lose when time's up. (requested by khatru my goat)\n|\n|t:|1666918357\n|start\n|switch|p1a: ZaDusto|Tyranitar, M|100\/100\n|switch|p2a: Mew|Mew|100\/100\n|-weather|Sandstorm|[from] ability: Sand Stream|[of] p1a: ZaDusto\n|turn|1\n|\n|t:|1666918364\n|switch|p2a: Pelipper|Pelipper, F|100\/100\n|-weather|RainDance|[from] ability: Drizzle|[of] p2a: Pelipper\n|move|p1a: ZaDusto|Stealth Rock|p2a: Pelipper\n|-sidestart|p2: mongwong|move: Stealth Rock\n|\n|-weather|RainDance|[upkeep]\n|upkeep\n|turn|2\n|\n|t:|1666918376\n|switch|p2a: Magnezone|Magnezone|100\/100\n|-damage|p2a: Magnezone|94\/100|[from] Stealth Rock\n|switch|p1a: My Slimez|Clefable, M|100\/100\n|\n|-weather|RainDance|[upkeep]\n|-heal|p2a: Magnezone|100\/100|[from] item: Leftovers\n|upkeep\n|turn|3\n|\n|t:|1666918387\n|switch|p1a: beyblade|Moltres|100\/100\n|move|p2a: Magnezone|Teleport|p2a: Magnezone\n|\n|t:|1666918389\n|switch|p2a: Kingdra|Kingdra, M|100\/100|[from]move: Teleport\n|-damage|p2a: Kingdra|88\/100|[from] Stealth Rock\n|\n|-weather|RainDance|[upkeep]\n|upkeep\n|turn|4\n|\n|t:|1666918397\n|move|p2a: Kingdra|Surf|p1a: beyblade\n|-supereffective|p1a: beyblade\n|-damage|p1a: beyblade|0 fnt\n|faint|p1a: beyblade\n|\n|-weather|RainDance|[upkeep]\n|upkeep\n|\n|t:|1666918405\n|switch|p1a: ZaDusto|Tyranitar, M|100\/100\n|-weather|Sandstorm|[from] ability: Sand Stream|[of] p1a: ZaDusto\n|turn|5\n|\n|t:|1666918412\n|switch|p2a: Magnezone|Magnezone|100\/100\n|-damage|p2a: Magnezone|94\/100|[from] Stealth Rock\n|switch|p1a: chili pepper|Dracozolt|100\/100\n|\n|-weather|Sandstorm|[upkeep]\n|-heal|p2a: Magnezone|100\/100|[from] item: Leftovers\n|upkeep\n|turn|6\n|\n|t:|1666918421\n|move|p1a: chili pepper|Earthquake|p2a: Magnezone\n|-supereffective|p2a: Magnezone\n|-damage|p2a: Magnezone|7\/100\n|-damage|p1a: chili pepper|91\/100|[from] item: Life Orb\n|move|p2a: Magnezone|Volt Switch|p1a: chili pepper\n|-resisted|p1a: chili pepper\n|-damage|p1a: chili pepper|78\/100\n|\n|t:|1666918425\n|switch|p2a: Pelipper|Pelipper, F|100\/100|[from]move: Volt Switch\n|-damage|p2a: Pelipper|76\/100|[from] Stealth Rock\n|-weather|RainDance|[from] ability: Drizzle|[of] p2a: Pelipper\n|\n|-weather|RainDance|[upkeep]\n|upkeep\n|turn|7\n|\n|t:|1666918428\n|switch|p2a: Magnezone|Magnezone|7\/100\n|-damage|p2a: Magnezone|1\/100|[from] Stealth Rock\n|move|p1a: chili pepper|Bolt Beak|p2a: Magnezone\n|-resisted|p2a: Magnezone\n|-damage|p2a: Magnezone|0 fnt\n|faint|p2a: Magnezone\n|-damage|p1a: chili pepper|68\/100|[from] item: Life Orb\n|\n|-weather|RainDance|[upkeep]\n|upkeep\n|\n|t:|1666918432\n|switch|p2a: Barraskewda|Barraskewda, M|100\/100\n|-damage|p2a: Barraskewda|88\/100|[from] Stealth Rock\n|turn|8\n|j| BezerraDaSilva\n|\n|t:|1666918441\n|switch|p1a: My Slimez|Clefable, M|100\/100\n|move|p2a: Barraskewda|Flip Turn|p1a: My Slimez\n|-damage|p1a: My Slimez|29\/100\n|j| monkaSaur\n|\n|t:|1666918444\n|switch|p2a: Kingdra|Kingdra, M|88\/100|[from]move: Flip Turn\n|-damage|p2a: Kingdra|76\/100|[from] Stealth Rock\n|\n|-weather|RainDance|[upkeep]\n|-heal|p1a: My Slimez|36\/100|[from] item: Leftovers\n|upkeep\n|turn|9\n|\n|t:|1666918449\n|move|p2a: Kingdra|Flip Turn|p1a: My Slimez\n|-damage|p1a: My Slimez|13\/100\n|\n|t:|1666918454\n|switch|p2a: Mew|Mew|100\/100|[from]move: Flip Turn\n|-damage|p2a: Mew|88\/100|[from] Stealth Rock\n|move|p1a: My Slimez|Moonblast|p2a: Mew\n|-damage|p2a: Mew|69\/100\n|-unboost|p2a: Mew|spa|1\n|\n|-weather|RainDance|[upkeep]\n|-heal|p2a: Mew|75\/100|[from] item: Leftovers\n|-heal|p1a: My Slimez|19\/100|[from] item: Leftovers\n|upkeep\n|turn|10\n|\n|t:|1666918458\n|move|p2a: Mew|Defog|p1a: My Slimez\n|-unboost|p1a: My Slimez|evasion|1\n|-sideend|p2: mongwong|Stealth Rock|[from] move: Defog|[of] p2a: Mew\n|move|p1a: My Slimez|Soft-Boiled|p1a: My Slimez\n|-heal|p1a: My Slimez|69\/100\n|\n|-weather|RainDance|[upkeep]\n|-heal|p2a: Mew|81\/100|[from] item: Leftovers\n|-heal|p1a: My Slimez|75\/100|[from] item: Leftovers\n|upkeep\n|turn|11\n|\n|t:|1666918464\n|move|p2a: Mew|Stealth Rock|p1a: My Slimez\n|-sidestart|p1: khatru my goat|move: Stealth Rock\n|move|p1a: My Slimez|Soft-Boiled|p1a: My Slimez\n|-heal|p1a: My Slimez|100\/100\n|\n|-weather|RainDance|[upkeep]\n|-heal|p2a: Mew|87\/100|[from] item: Leftovers\n|upkeep\n|turn|12\n|\n|t:|1666918467\n|move|p1a: My Slimez|Knock Off|p2a: Mew\n|-supereffective|p2a: Mew\n|-damage|p2a: Mew|62\/100\n|-enditem|p2a: Mew|Leftovers|[from] move: Knock Off|[of] p1a: My Slimez\n|move|p2a: Mew|Teleport|p2a: Mew\n|\n|t:|1666918471\n|switch|p2a: Barraskewda|Barraskewda, M|88\/100|[from]move: Teleport\n|\n|-weather|RainDance|[upkeep]\n|upkeep\n|turn|13\n|j| charge Q\n|\n|t:|1666918478\n|move|p2a: Barraskewda|Liquidation|p1a: My Slimez\n|-damage|p1a: My Slimez|8\/100\n|-unboost|p1a: My Slimez|def|1\n|move|p1a: My Slimez|Soft-Boiled|p1a: My Slimez\n|-heal|p1a: My Slimez|58\/100\n|\n|-weather|none\n|-heal|p1a: My Slimez|64\/100|[from] item: Leftovers\n|upkeep\n|turn|14\n|\n|t:|1666918486\n|switch|p1a: metal fury|Skarmory, F|100\/100\n|-damage|p1a: metal fury|88\/100|[from] Stealth Rock\n|move|p2a: Barraskewda|Liquidation|p1a: metal fury\n|-damage|p1a: metal fury|48\/100\n|-damage|p2a: Barraskewda|72\/100|[from] item: Rocky Helmet|[of] p1a: metal fury\n|\n|upkeep\n|turn|15\n|\n|t:|1666918494\n|switch|p2a: Pelipper|Pelipper, F|76\/100\n|-weather|RainDance|[from] ability: Drizzle|[of] p2a: Pelipper\n|move|p1a: metal fury|Roost|p1a: metal fury\n|-heal|p1a: metal fury|98\/100\n|-singleturn|p1a: metal fury|move: Roost\n|\n|-weather|RainDance|[upkeep]\n|upkeep\n|turn|16\n|\n|t:|1666918503\n|move|p1a: metal fury|Spikes|p2a: Pelipper\n|-sidestart|p2: mongwong|Spikes\n|move|p2a: Pelipper|U-turn|p1a: metal fury\n|-resisted|p1a: metal fury\n|-damage|p1a: metal fury|96\/100\n|-damage|p2a: Pelipper|59\/100|[from] item: Rocky Helmet|[of] p1a: metal fury\n|\n|t:|1666918505\n|switch|p2a: Barraskewda|Barraskewda, M|72\/100|[from]move: U-turn\n|-damage|p2a: Barraskewda|60\/100|[from] Spikes\n|\n|-weather|RainDance|[upkeep]\n|upkeep\n|turn|17\n|\n|t:|1666918516\n|move|p2a: Barraskewda|Flip Turn|p1a: metal fury\n|-damage|p1a: metal fury|50\/100\n|-damage|p2a: Barraskewda|43\/100|[from] item: Rocky Helmet|[of] p1a: metal fury\n|\n|t:|1666918519\n|switch|p2a: Kingdra|Kingdra, M|76\/100|[from]move: Flip Turn\n|-damage|p2a: Kingdra|63\/100|[from] Spikes\n|move|p1a: metal fury|Body Press|p2a: Kingdra\n|-damage|p2a: Kingdra|28\/100\n|\n|-weather|RainDance|[upkeep]\n|upkeep\n|turn|18\n|\n|t:|1666918524\n|switch|p1a: My Slimez|Clefable, M|64\/100\n|move|p2a: Kingdra|Surf|p1a: My Slimez\n|-damage|p1a: My Slimez|0 fnt\n|faint|p1a: My Slimez\n|\n|-weather|RainDance|[upkeep]\n|upkeep\n|\n|t:|1666918527\n|switch|p1a: ZaDusto|Tyranitar, M|100\/100\n|-damage|p1a: ZaDusto|88\/100|[from] Stealth Rock\n|-weather|Sandstorm|[from] ability: Sand Stream|[of] p1a: ZaDusto\n|turn|19\n|j| daddy max\n|\n|t:|1666918537\n|switch|p2a: Mew|Mew|62\/100\n|-damage|p2a: Mew|50\/100|[from] Spikes\n|move|p1a: ZaDusto|Crunch|p2a: Mew\n|-supereffective|p2a: Mew\n|-damage|p2a: Mew|0 fnt\n|faint|p2a: Mew\n|\n|-weather|Sandstorm|[upkeep]\n|upkeep\n|\n|t:|1666918540\n|switch|p2a: Pelipper|Pelipper, F|59\/100\n|-weather|RainDance|[from] ability: Drizzle|[of] p2a: Pelipper\n|turn|20\n|l| daddy max\n|\n|t:|1666918548\n|move|p2a: Pelipper|U-turn|p1a: ZaDusto\n|-supereffective|p1a: ZaDusto\n|-damage|p1a: ZaDusto|74\/100\n|\n|t:|1666918552\n|switch|p2a: Tapu Lele|Tapu Lele|100\/100|[from]move: U-turn\n|-damage|p2a: Tapu Lele|88\/100|[from] Spikes\n|-fieldstart|move: Psychic Terrain|[from] ability: Psychic Surge|[of] p2a: Tapu Lele\n|move|p1a: ZaDusto|Stealth Rock|p2a: Tapu Lele\n|-sidestart|p2: mongwong|move: Stealth Rock\n|\n|-weather|RainDance|[upkeep]\n|upkeep\n|turn|21\n|inactive|khatru my goat has 120 seconds left.\n|\n|t:|1666918596\n|switch|p2a: Kingdra|Kingdra, M|28\/100\n|-damage|p2a: Kingdra|16\/100|[from] Spikes\n|-damage|p2a: Kingdra|3\/100|[from] Stealth Rock\n|switch|p1a: MICHAELROGERS|Excadrill, M|100\/100\n|-damage|p1a: MICHAELROGERS|97\/100|[from] Stealth Rock\n|\n|-weather|RainDance|[upkeep]\n|-heal|p1a: MICHAELROGERS|100\/100|[from] item: Leftovers\n|upkeep\n|turn|22\n|inactive|khatru my goat has 90 seconds left.\n|\n|t:|1666918642\n|switch|p1a: chili pepper|Dracozolt|68\/100\n|-damage|p1a: chili pepper|56\/100|[from] Stealth Rock\n|move|p2a: Kingdra|Surf|p1a: chili pepper\n|-resisted|p1a: chili pepper\n|-damage|p1a: chili pepper|0 fnt\n|faint|p1a: chili pepper\n|\n|-weather|RainDance|[upkeep]\n|upkeep\n|\n|t:|1666918644\n|switch|p1a: ZaDusto|Tyranitar, M|74\/100\n|-damage|p1a: ZaDusto|61\/100|[from] Stealth Rock\n|-weather|Sandstorm|[from] ability: Sand Stream|[of] p1a: ZaDusto\n|turn|23\n|\n|t:|1666918651\n|move|p2a: Kingdra|Surf|p1a: ZaDusto\n|-supereffective|p1a: ZaDusto\n|-damage|p1a: ZaDusto|0 fnt\n|faint|p1a: ZaDusto\n|\n|-weather|Sandstorm|[upkeep]\n|-damage|p2a: Kingdra|0 fnt|[from] Sandstorm\n|faint|p2a: Kingdra\n|upkeep\n|\n|t:|1666918655\n|switch|p2a: Pelipper|Pelipper, F|59\/100\n|switch|p1a: MICHAELROGERS|Excadrill, M|100\/100\n|-damage|p1a: MICHAELROGERS|97\/100|[from] Stealth Rock\n|-damage|p2a: Pelipper|35\/100|[from] Stealth Rock\n|-weather|RainDance|[from] ability: Drizzle|[of] p2a: Pelipper\n|turn|24\n|inactive|khatru my goat has 90 seconds left.\n|\n|t:|1666918674\n|move|p1a: MICHAELROGERS|Iron Head|p2a: Pelipper\n|-resisted|p2a: Pelipper\n|-damage|p2a: Pelipper|19\/100\n|move|p2a: Pelipper|Scald|p1a: MICHAELROGERS\n|-supereffective|p1a: MICHAELROGERS\n|-damage|p1a: MICHAELROGERS|0 fnt\n|faint|p1a: MICHAELROGERS\n|\n|-weather|RainDance|[upkeep]\n|-fieldend|move: Psychic Terrain\n|upkeep\n|\n|t:|1666918679\n|switch|p1a: metal fury|Skarmory, F|50\/100\n|-damage|p1a: metal fury|37\/100|[from] Stealth Rock\n|turn|25\n|c|\u2606khatru my goat|ggwp\n|\n|t:|1666918682\n|move|p1a: metal fury|Roost|p1a: metal fury\n|-heal|p1a: metal fury|87\/100\n|-singleturn|p1a: metal fury|move: Roost\n|move|p2a: Pelipper|U-turn|p1a: metal fury\n|-resisted|p1a: metal fury\n|-crit|p1a: metal fury\n|-damage|p1a: metal fury|83\/100\n|-damage|p2a: Pelipper|3\/100|[from] item: Rocky Helmet|[of] p1a: metal fury\n|\n|t:|1666918685\n|switch|p2a: Tapu Lele|Tapu Lele|88\/100|[from]move: U-turn\n|-damage|p2a: Tapu Lele|76\/100|[from] Spikes\n|-damage|p2a: Tapu Lele|63\/100|[from] Stealth Rock\n|-fieldstart|move: Psychic Terrain|[from] ability: Psychic Surge|[of] p2a: Tapu Lele\n|\n|-weather|RainDance|[upkeep]\n|upkeep\n|turn|26\n|j| Spyer2k\n|\n|t:|1666918687\n|move|p2a: Tapu Lele|Thunder|p1a: metal fury\n|-supereffective|p1a: metal fury\n|-damage|p1a: metal fury|0 fnt\n|faint|p1a: metal fury\n|\n|win|mongwong\n|raw|khatru my goat's rating: 1774 &rarr; <strong>1751<\/strong><br \/>(-23 for losing)\n|raw|mongwong's rating: 1726 &rarr; <strong>1749<\/strong><br \/>(+23 for winning)\n","uploadtime":1666918691,"views":14,"p1id":"khatrumygoat","p2id":"mongwong","formatid":"gen8ou","rating":1749,"private":0,"password":null}