{"id":"gen8ou-1692442768","p1":"Kwaga","p2":"Feenieh","format":"gen8ou","log":"|html|<div class=\"broadcast-blue\"><strong>[Gen 8] OU is currently suspecting Melmetal! For information on how to participate check out the <a href=\"https:\/\/www.smogon.com\/forums\/threads\/np-ss-ou-suspect-process-round-12-monster-mash.3709234\/\">suspect thread<\/a>.<\/strong><\/div>\n|j|\u2606Kwaga\n|j|\u2606Feenieh\n|t:|1666485517\n|gametype|singles\n|player|p1|Kwaga|brock-gen1rb|1626\n|player|p2|Feenieh|psychic-gen4|1736\n|teamsize|p1|6\n|teamsize|p2|6\n|gen|8\n|tier|[Gen 8] OU\n|rated|\n|rule|Sleep Clause Mod: Limit one foe put to sleep\n|rule|Species Clause: Limit one of each Pok\u00e9mon\n|rule|OHKO Clause: OHKO moves are banned\n|rule|Evasion Items Clause: Evasion items are banned\n|rule|Evasion Moves Clause: Evasion moves are banned\n|rule|Endless Battle Clause: Forcing endless battles is banned\n|rule|HP Percentage Mod: HP is shown in percentages\n|rule|Dynamax Clause: You cannot dynamax\n|clearpoke\n|poke|p1|Mew|\n|poke|p1|Weavile, M|\n|poke|p1|Crawdaunt, M|\n|poke|p1|Garchomp, M|\n|poke|p1|Celesteela|\n|poke|p1|Blacephalon|\n|poke|p2|Corsola-Galar, M|\n|poke|p2|Landorus-Therian, M|\n|poke|p2|Ferrothorn, F|\n|poke|p2|Garchomp, M|\n|poke|p2|Tyranitar, F|\n|poke|p2|Zapdos|\n|teampreview\n|inactive|Battle timer is ON: inactive players will automatically lose when time's up. (requested by Kwaga)\n|\n|t:|1666485523\n|start\n|switch|p1a: Mew|Mew|100\/100\n|switch|p2a: Shenron|Garchomp, M|100\/100\n|turn|1\n|\n|t:|1666485529\n|switch|p2a: M\u00e9dusa|Tyranitar, F|100\/100\n|-weather|Sandstorm|[from] ability: Sand Stream|[of] p2a: M\u00e9dusa\n|move|p1a: Mew|Stealth Rock|p2a: M\u00e9dusa\n|-sidestart|p2: Feenieh|move: Stealth Rock\n|\n|-weather|Sandstorm|[upkeep]\n|-damage|p1a: Mew|94\/100|[from] Sandstorm\n|upkeep\n|turn|2\n|\n|t:|1666485540\n|move|p1a: Mew|Taunt|p2a: M\u00e9dusa\n|-start|p2a: M\u00e9dusa|move: Taunt\n|move|p2a: M\u00e9dusa|Dark Pulse|p1a: Mew\n|-supereffective|p1a: Mew\n|-enditem|p1a: Mew|Colbur Berry|[eat]\n|-enditem|p1a: Mew|Colbur Berry|[weaken]\n|-damage|p1a: Mew|51\/100\n|\n|-weather|Sandstorm|[upkeep]\n|-damage|p1a: Mew|45\/100|[from] Sandstorm\n|upkeep\n|turn|3\n|\n|t:|1666485544\n|move|p1a: Mew|Spikes|p2a: M\u00e9dusa\n|-sidestart|p2: Feenieh|Spikes\n|move|p2a: M\u00e9dusa|Dark Pulse|p1a: Mew\n|-supereffective|p1a: Mew\n|-damage|p1a: Mew|0 fnt\n|faint|p1a: Mew\n|\n|-weather|Sandstorm|[upkeep]\n|upkeep\n|\n|t:|1666485561\n|switch|p1a: Crawdaunt|Crawdaunt, M|100\/100\n|turn|4\n|\n|t:|1666485565\n|switch|p2a: Baba Mojo|Ferrothorn, F|100\/100\n|-damage|p2a: Baba Mojo|95\/100|[from] Stealth Rock\n|-damage|p2a: Baba Mojo|82\/100|[from] Spikes\n|move|p1a: Crawdaunt|Aqua Jet|p2a: Baba Mojo\n|-resisted|p2a: Baba Mojo\n|-damage|p2a: Baba Mojo|70\/100\n|-damage|p1a: Crawdaunt|88\/100|[from] ability: Iron Barbs|[of] p2a: Baba Mojo\n|-damage|p1a: Crawdaunt|72\/100|[from] item: Rocky Helmet|[of] p2a: Baba Mojo\n|-damage|p1a: Crawdaunt|62\/100|[from] item: Life Orb\n|\n|-weather|Sandstorm|[upkeep]\n|-damage|p1a: Crawdaunt|56\/100|[from] Sandstorm\n|upkeep\n|turn|5\n|\n|t:|1666485570\n|move|p1a: Crawdaunt|Knock Off|p2a: Baba Mojo\n|-damage|p2a: Baba Mojo|17\/100\n|-damage|p1a: Crawdaunt|44\/100|[from] ability: Iron Barbs|[of] p2a: Baba Mojo\n|-damage|p1a: Crawdaunt|27\/100|[from] item: Rocky Helmet|[of] p2a: Baba Mojo\n|-enditem|p2a: Baba Mojo|Rocky Helmet|[from] move: Knock Off|[of] p1a: Crawdaunt\n|-damage|p1a: Crawdaunt|17\/100|[from] item: Life Orb\n|move|p2a: Baba Mojo|Toxic|p1a: Crawdaunt\n|-status|p1a: Crawdaunt|tox\n|\n|-weather|none\n|-damage|p1a: Crawdaunt|11\/100 tox|[from] psn\n|upkeep\n|turn|6\n|\n|t:|1666485573\n|move|p2a: Baba Mojo|Protect|p2a: Baba Mojo\n|-singleturn|p2a: Baba Mojo|Protect\n|move|p1a: Crawdaunt|Knock Off|p2a: Baba Mojo\n|-activate|p2a: Baba Mojo|move: Protect\n|\n|-damage|p1a: Crawdaunt|0 fnt|[from] psn\n|faint|p1a: Crawdaunt\n|upkeep\n|j| StupidIdiotMe\n|\n|t:|1666485594\n|switch|p1a: Garchomp|Garchomp, M|100\/100\n|turn|7\n|\n|t:|1666485619\n|move|p1a: Garchomp|Swords Dance|p1a: Garchomp\n|-boost|p1a: Garchomp|atk|2\n|move|p2a: Baba Mojo|Toxic|p1a: Garchomp\n|-status|p1a: Garchomp|tox\n|-enditem|p1a: Garchomp|Lum Berry|[eat]\n|-curestatus|p1a: Garchomp|tox|[msg]\n|\n|upkeep\n|turn|8\n|\n|t:|1666485625\n|move|p1a: Garchomp|Scale Shot|p2a: Baba Mojo|[miss]\n|-miss|p1a: Garchomp|p2a: Baba Mojo\n|move|p2a: Baba Mojo|Toxic|p1a: Garchomp\n|-status|p1a: Garchomp|tox\n|\n|-damage|p1a: Garchomp|94\/100 tox|[from] psn\n|upkeep\n|turn|9\n|\n|t:|1666485629\n|move|p1a: Garchomp|Swords Dance|p1a: Garchomp\n|-boost|p1a: Garchomp|atk|2\n|move|p2a: Baba Mojo|Leech Seed|p1a: Garchomp\n|-start|p1a: Garchomp|move: Leech Seed\n|\n|-damage|p1a: Garchomp|82\/100 tox|[from] Leech Seed|[of] p2a: Baba Mojo\n|-heal|p2a: Baba Mojo|30\/100|[silent]\n|-damage|p1a: Garchomp|70\/100 tox|[from] psn\n|upkeep\n|turn|10\n|\n|t:|1666485633\n|move|p1a: Garchomp|Scale Shot|p2a: Baba Mojo\n|-resisted|p2a: Baba Mojo\n|-damage|p2a: Baba Mojo|19\/100\n|-resisted|p2a: Baba Mojo\n|-damage|p2a: Baba Mojo|8\/100\n|-resisted|p2a: Baba Mojo\n|-damage|p2a: Baba Mojo|0 fnt\n|faint|p2a: Baba Mojo\n|-hitcount|p2: Baba Mojo|3\n|-unboost|p1a: Garchomp|def|1\n|-boost|p1a: Garchomp|spe|1\n|\n|-damage|p1a: Garchomp|51\/100 tox|[from] psn\n|upkeep\n|\n|t:|1666485643\n|switch|p2a: Gon|Corsola-Galar, M|100\/100\n|-damage|p2a: Gon|88\/100|[from] Stealth Rock\n|-damage|p2a: Gon|76\/100|[from] Spikes\n|turn|11\n|\n|t:|1666485645\n|move|p1a: Garchomp|Earthquake|p2a: Gon\n|-damage|p2a: Gon|0 fnt\n|faint|p2a: Gon\n|\n|-damage|p1a: Garchomp|27\/100 tox|[from] psn\n|upkeep\n|\n|t:|1666485653\n|switch|p2a: M\u00e9dusa|Tyranitar, F|100\/100\n|-damage|p2a: M\u00e9dusa|88\/100|[from] Stealth Rock\n|-damage|p2a: M\u00e9dusa|76\/100|[from] Spikes\n|-weather|Sandstorm|[from] ability: Sand Stream|[of] p2a: M\u00e9dusa\n|turn|12\n|\n|t:|1666485659\n|switch|p2a: Cyclos|Landorus-Therian, M|100\/100\n|-damage|p2a: Cyclos|88\/100|[from] Stealth Rock\n|-ability|p2a: Cyclos|Intimidate|boost\n|-unboost|p1a: Garchomp|atk|1\n|move|p1a: Garchomp|Scale Shot|p2a: Cyclos\n|-damage|p2a: Cyclos|52\/100\n|-damage|p2a: Cyclos|13\/100\n|-hitcount|p2a: Cyclos|2\n|-unboost|p1a: Garchomp|def|1\n|-boost|p1a: Garchomp|spe|1\n|\n|-weather|Sandstorm|[upkeep]\n|-damage|p1a: Garchomp|14\/100 tox|[from] Leech Seed|[of] p2a: Cyclos\n|-heal|p2a: Cyclos|27\/100|[silent]\n|-damage|p1a: Garchomp|0 fnt|[from] psn\n|faint|p1a: Garchomp\n|upkeep\n|\n|t:|1666485666\n|switch|p1a: Celesteela|Celesteela|100\/100\n|turn|13\n|\n|t:|1666485673\n|move|p2a: Cyclos|Stone Edge|p1a: Celesteela\n|-damage|p1a: Celesteela|41\/100\n|move|p1a: Celesteela|Autotomize|p1a: Celesteela\n|-boost|p1a: Celesteela|spe|2\n|-start|p1a: Celesteela|Autotomize\n|\n|-weather|Sandstorm|[upkeep]\n|upkeep\n|turn|14\n|\n|t:|1666485678\n|move|p1a: Celesteela|Meteor Beam||[still]\n|-prepare|p1a: Celesteela|Meteor Beam\n|-boost|p1a: Celesteela|spa|1\n|-enditem|p1a: Celesteela|Power Herb\n|-anim|p1a: Celesteela|Meteor Beam|p2a: Cyclos\n|-damage|p2a: Cyclos|0 fnt\n|faint|p2a: Cyclos\n|-ability|p1a: Celesteela|Beast Boost|boost\n|-boost|p1a: Celesteela|spa|1\n|\n|-weather|Sandstorm|[upkeep]\n|upkeep\n|\n|t:|1666485684\n|switch|p2a: Thor|Zapdos|100\/100\n|turn|15\n|\n|t:|1666485694\n|move|p1a: Celesteela|Flamethrower|p2a: Thor\n|-damage|p2a: Thor|41\/100\n|move|p2a: Thor|Thunderbolt|p1a: Celesteela\n|-supereffective|p1a: Celesteela\n|-damage|p1a: Celesteela|0 fnt\n|faint|p1a: Celesteela\n|\n|-weather|Sandstorm|[upkeep]\n|-damage|p2a: Thor|35\/100|[from] Sandstorm\n|upkeep\n|\n|t:|1666485697\n|switch|p1a: Weavile|Weavile, M|100\/100\n|-ability|p1a: Weavile|Pressure\n|turn|16\n|\n|t:|1666485704\n|move|p1a: Weavile|Ice Shard|p2a: Thor\n|-supereffective|p2a: Thor\n|-damage|p2a: Thor|0 fnt\n|faint|p2a: Thor\n|-damage|p1a: Weavile|91\/100|[from] item: Life Orb\n|\n|-weather|none\n|upkeep\n|\n|t:|1666485706\n|switch|p2a: Shenron|Garchomp, M|100\/100\n|-damage|p2a: Shenron|94\/100|[from] Stealth Rock\n|-damage|p2a: Shenron|82\/100|[from] Spikes\n|turn|17\n|\n|t:|1666485717\n|move|p1a: Weavile|Ice Shard|p2a: Shenron\n|-supereffective|p2a: Shenron\n|-damage|p2a: Shenron|0 fnt\n|faint|p2a: Shenron\n|-damage|p1a: Weavile|81\/100|[from] item: Life Orb\n|\n|upkeep\n|\n|t:|1666485737\n|switch|p2a: M\u00e9dusa|Tyranitar, F|76\/100\n|-damage|p2a: M\u00e9dusa|63\/100|[from] Stealth Rock\n|-damage|p2a: M\u00e9dusa|51\/100|[from] Spikes\n|-weather|Sandstorm|[from] ability: Sand Stream|[of] p2a: M\u00e9dusa\n|turn|18\n|-message|Feenieh forfeited.\n|\n|win|Kwaga\n|raw|Kwaga's rating: 1626 &rarr; <strong>1652<\/strong><br \/>(+26 for winning)\n|raw|Feenieh's rating: 1736 &rarr; <strong>1710<\/strong><br \/>(-26 for losing)\n|l|\u2606Feenieh\n","uploadtime":1666485744,"views":6,"p1id":"kwaga","p2id":"feenieh","formatid":"gen8ou","rating":1652,"private":0,"password":null}