{"id":"gen8nationaldex-1600779636","p1":"fishy8995","p2":"Psychowarz","format":"gen8nationaldex","log":"|j|\u2606fishy8995\n|j|\u2606Psychowarz\n|t:|1655777718\n|gametype|singles\n|player|p1|fishy8995|265|1589\n|player|p2|Psychowarz|gentleman-gen4|1401\n|teamsize|p1|6\n|teamsize|p2|6\n|gen|8\n|tier|[Gen 8] National Dex\n|rated|\n|rule|HP Percentage Mod: HP is shown in percentages\n|rule|Endless Battle Clause: Forcing endless battles is banned\n|rule|OHKO Clause: OHKO moves are banned\n|rule|Evasion Moves Clause: Evasion moves are banned\n|rule|Species Clause: Limit one of each Pok\u00e9mon\n|rule|Dynamax Clause: You cannot dynamax\n|rule|Sleep Clause Mod: Limit one foe put to sleep\n|clearpoke\n|poke|p1|Hippowdon, M|\n|poke|p1|Tyranitar, F|\n|poke|p1|Excadrill, M|\n|poke|p1|Yanmega, F|\n|poke|p1|Toxapex, M|\n|poke|p1|Dracozolt|\n|poke|p2|Charizard, M|\n|poke|p2|Zapdos-Galar|\n|poke|p2|Goodra, F|\n|poke|p2|Crobat, M|\n|poke|p2|Quagsire, M|\n|poke|p2|Chansey, F|\n|teampreview\n|\n|t:|1655777726\n|start\n|switch|p1a: Hippowdon|Hippowdon, M|100\/100\n|switch|p2a: Charizard|Charizard, M|100\/100\n|-weather|Sandstorm|[from] ability: Sand Stream|[of] p1a: Hippowdon\n|turn|1\n|\n|t:|1655777734\n|switch|p1a: Toxapex|Toxapex, M|100\/100\n|detailschange|p2a: Charizard|Charizard-Mega-Y, M\n|-mega|p2a: Charizard|Charizard|Charizardite Y\n|-weather|SunnyDay|[from] ability: Drought|[of] p2a: Charizard\n|move|p2a: Charizard|Solar Beam||[still]\n|-prepare|p2a: Charizard|Solar Beam\n|-anim|p2a: Charizard|Solar Beam|p1a: Toxapex\n|-damage|p1a: Toxapex|61\/100\n|\n|-weather|SunnyDay|[upkeep]\n|-heal|p1a: Toxapex|67\/100|[from] item: Black Sludge\n|upkeep\n|turn|2\n|\n|t:|1655777745\n|move|p2a: Charizard|Scorching Sands|p1a: Toxapex\n|-supereffective|p1a: Toxapex\n|-damage|p1a: Toxapex|23\/100\n|move|p1a: Toxapex|Toxic|p2a: Charizard\n|-status|p2a: Charizard|tox\n|\n|-weather|SunnyDay|[upkeep]\n|-heal|p1a: Toxapex|29\/100|[from] item: Black Sludge\n|-damage|p2a: Charizard|94\/100 tox|[from] psn\n|upkeep\n|turn|3\n|\n|t:|1655777752\n|switch|p1a: Hippowdon|Hippowdon, M|100\/100\n|-weather|Sandstorm|[from] ability: Sand Stream|[of] p1a: Hippowdon\n|move|p2a: Charizard|Weather Ball|p1a: Hippowdon\n|-resisted|p1a: Hippowdon\n|-damage|p1a: Hippowdon|78\/100\n|\n|-weather|Sandstorm|[upkeep]\n|-damage|p2a: Charizard|88\/100 tox|[from] Sandstorm\n|-damage|p2a: Charizard|76\/100 tox|[from] psn\n|upkeep\n|turn|4\n|\n|t:|1655777755\n|switch|p2a: Quagsire|Quagsire, M|100\/100\n|move|p1a: Hippowdon|Stealth Rock|p2a: Quagsire\n|-sidestart|p2: Psychowarz|move: Stealth Rock\n|\n|-weather|Sandstorm|[upkeep]\n|upkeep\n|turn|5\n|\n|t:|1655777758\n|move|p1a: Hippowdon|Toxic|p2a: Quagsire\n|-status|p2a: Quagsire|tox\n|move|p2a: Quagsire|Toxic|p1a: Hippowdon\n|-status|p1a: Hippowdon|tox\n|\n|-weather|Sandstorm|[upkeep]\n|-damage|p1a: Hippowdon|71\/100 tox|[from] psn\n|-damage|p2a: Quagsire|94\/100 tox|[from] psn\n|upkeep\n|turn|6\n|\n|t:|1655777764\n|switch|p1a: Toxapex|Toxapex, M|62\/100\n|switch|p2a: Chansey|Chansey, F|100\/100\n|-damage|p2a: Chansey|88\/100|[from] Stealth Rock\n|\n|-weather|Sandstorm|[upkeep]\n|-damage|p2a: Chansey|82\/100|[from] Sandstorm\n|-damage|p1a: Toxapex|56\/100|[from] Sandstorm\n|-heal|p1a: Toxapex|62\/100|[from] item: Black Sludge\n|upkeep\n|turn|7\n|\n|t:|1655777771\n|move|p2a: Chansey|Wish|p2a: Chansey\n|move|p1a: Toxapex|Toxic|p2a: Chansey\n|-status|p2a: Chansey|tox\n|\n|-weather|Sandstorm|[upkeep]\n|-damage|p2a: Chansey|76\/100 tox|[from] Sandstorm\n|-damage|p1a: Toxapex|56\/100|[from] Sandstorm\n|-heal|p1a: Toxapex|62\/100|[from] item: Black Sludge\n|-damage|p2a: Chansey|70\/100 tox|[from] psn\n|upkeep\n|turn|8\n|\n|t:|1655777778\n|switch|p1a: Yanmega|Yanmega, F|100\/100\n|move|p2a: Chansey|Aromatherapy|p2a: Chansey\n|-activate|p2a: Chansey|move: Aromatherapy\n|-curestatus|p2a: Chansey|tox|[msg]\n|-curestatus|p2: Charizard|tox|[msg]\n|-curestatus|p2: Quagsire|tox|[msg]\n|\n|-weather|Sandstorm|[upkeep]\n|-damage|p1a: Yanmega|94\/100|[from] Sandstorm\n|-damage|p2a: Chansey|64\/100|[from] Sandstorm\n|-heal|p2a: Chansey|100\/100|[from] move: Wish|[wisher] Chansey\n|upkeep\n|turn|9\n|\n|t:|1655777788\n|switch|p1a: Toxapex|Toxapex, M|96\/100\n|move|p2a: Chansey|Wish|p2a: Chansey\n|\n|-weather|Sandstorm|[upkeep]\n|-damage|p2a: Chansey|94\/100|[from] Sandstorm\n|-damage|p1a: Toxapex|89\/100|[from] Sandstorm\n|-heal|p1a: Toxapex|96\/100|[from] item: Black Sludge\n|upkeep\n|turn|10\n|\n|t:|1655777795\n|switch|p2a: Crobat|Crobat, M|100\/100\n|switch|p1a: Hippowdon|Hippowdon, M|71\/100 tox\n|\n|-weather|none\n|-damage|p1a: Hippowdon|65\/100 tox|[from] psn\n|upkeep\n|turn|11\n|\n|t:|1655777800\n|move|p2a: Crobat|Taunt|p1a: Hippowdon\n|-start|p1a: Hippowdon|move: Taunt\n|cant|p1a: Hippowdon|move: Taunt|Slack Off\n|\n|-damage|p1a: Hippowdon|53\/100 tox|[from] psn\n|upkeep\n|turn|12\n|\n|t:|1655777806\n|-activate|p1a: Hippowdon|move: Pursuit\n|move|p2a: Crobat|Pursuit|p1a: Hippowdon|[from]Pursuit\n|-damage|p1a: Hippowdon|40\/100 tox\n|switch|p1a: Toxapex|Toxapex, M|100\/100\n|\n|upkeep\n|turn|13\n|\n|t:|1655777812\n|move|p2a: Crobat|Taunt|p1a: Toxapex\n|-start|p1a: Toxapex|move: Taunt\n|move|p1a: Toxapex|Scald|p2a: Crobat\n|-damage|p2a: Crobat|78\/100\n|\n|upkeep\n|turn|14\n|\n|t:|1655777817\n|move|p2a: Crobat|Defog|p1a: Toxapex\n|-unboost|p1a: Toxapex|evasion|1\n|-sideend|p2: Psychowarz|Stealth Rock|[from] move: Defog|[of] p2a: Crobat\n|move|p1a: Toxapex|Scald|p2a: Crobat\n|-damage|p2a: Crobat|56\/100\n|\n|upkeep\n|turn|15\n|\n|t:|1655777821\n|switch|p2a: Goodra|Goodra, F|100\/100\n|move|p1a: Toxapex|Scald|p2a: Goodra\n|-resisted|p2a: Goodra\n|-damage|p2a: Goodra|97\/100\n|\n|-end|p1a: Toxapex|move: Taunt\n|upkeep\n|turn|16\n|\n|t:|1655777823\n|move|p2a: Goodra|Thunderbolt|p1a: Toxapex\n|-supereffective|p1a: Toxapex\n|-damage|p1a: Toxapex|48\/100\n|move|p1a: Toxapex|Toxic|p2a: Goodra\n|-status|p2a: Goodra|tox\n|\n|-heal|p1a: Toxapex|54\/100|[from] item: Black Sludge\n|-damage|p2a: Goodra|91\/100 tox|[from] psn\n|upkeep\n|turn|17\n|\n|t:|1655777829\n|switch|p1a: Hippowdon|Hippowdon, M|40\/100 tox\n|-weather|Sandstorm|[from] ability: Sand Stream|[of] p1a: Hippowdon\n|move|p2a: Goodra|Ice Beam|p1a: Hippowdon\n|-supereffective|p1a: Hippowdon\n|-damage|p1a: Hippowdon|0 fnt\n|faint|p1a: Hippowdon\n|\n|-weather|Sandstorm|[upkeep]\n|-damage|p2a: Goodra|85\/100 tox|[from] Sandstorm\n|-damage|p2a: Goodra|73\/100 tox|[from] psn\n|upkeep\n|\n|t:|1655777830\n|switch|p1a: Dracozolt|Dracozolt|100\/100\n|turn|18\n|\n|t:|1655777836\n|switch|p2a: Quagsire|Quagsire, M|94\/100\n|move|p1a: Dracozolt|Dragon Claw|p2a: Quagsire\n|-damage|p2a: Quagsire|62\/100\n|-damage|p1a: Dracozolt|91\/100|[from] item: Life Orb\n|\n|-weather|Sandstorm|[upkeep]\n|-heal|p2a: Quagsire|68\/100|[from] item: Leftovers\n|upkeep\n|turn|19\n|\n|t:|1655777841\n|switch|p1a: Yanmega|Yanmega, F|94\/100\n|move|p2a: Quagsire|Recover|p2a: Quagsire\n|-heal|p2a: Quagsire|100\/100\n|\n|-weather|Sandstorm|[upkeep]\n|-damage|p1a: Yanmega|88\/100|[from] Sandstorm\n|upkeep\n|turn|20\n|\n|t:|1655777848\n|switch|p1a: Excadrill|Excadrill, M|100\/100\n|switch|p2a: Chansey|Chansey, F|94\/100\n|\n|-weather|Sandstorm|[upkeep]\n|-damage|p2a: Chansey|88\/100|[from] Sandstorm\n|upkeep\n|turn|21\n|\n|t:|1655777856\n|switch|p2a: Zapdos|Zapdos-Galar, shiny|100\/100\n|move|p1a: Excadrill|Rock Slide|p2a: Zapdos\n|-damage|p2a: Zapdos|66\/100\n|\n|-weather|Sandstorm|[upkeep]\n|-damage|p2a: Zapdos|60\/100|[from] Sandstorm\n|upkeep\n|turn|22\n|\n|t:|1655777860\n|-zpower|p1a: Excadrill\n|move|p1a: Excadrill|Corkscrew Crash|p2a: Zapdos|[zeffect]\n|-damage|p2a: Zapdos|0 fnt\n|faint|p2a: Zapdos\n|\n|-weather|Sandstorm|[upkeep]\n|upkeep\n|\n|t:|1655777863\n|switch|p2a: Charizard|Charizard-Mega-Y, M|76\/100\n|-weather|SunnyDay|[from] ability: Drought|[of] p2a: Charizard\n|turn|23\n|\n|t:|1655777866\n|switch|p1a: Toxapex|Toxapex, M|87\/100\n|move|p2a: Charizard|Weather Ball|p1a: Toxapex\n|-resisted|p1a: Toxapex\n|-damage|p1a: Toxapex|50\/100\n|\n|-weather|SunnyDay|[upkeep]\n|-heal|p1a: Toxapex|56\/100|[from] item: Black Sludge\n|upkeep\n|turn|24\n|\n|t:|1655777869\n|move|p2a: Charizard|Scorching Sands|p1a: Toxapex\n|-supereffective|p1a: Toxapex\n|-crit|p1a: Toxapex\n|-damage|p1a: Toxapex|0 fnt\n|faint|p1a: Toxapex\n|\n|-weather|SunnyDay|[upkeep]\n|upkeep\n|\n|t:|1655777876\n|switch|p1a: Tyranitar|Tyranitar, F|100\/100\n|-weather|Sandstorm|[from] ability: Sand Stream|[of] p1a: Tyranitar\n|turn|25\n|\n|t:|1655777879\n|-activate|p2a: Charizard|move: Pursuit\n|move|p1a: Tyranitar|Pursuit|p2a: Charizard|[from]Pursuit\n|-damage|p2a: Charizard|18\/100\n|switch|p2a: Quagsire|Quagsire, M|100\/100\n|\n|-weather|Sandstorm|[upkeep]\n|upkeep\n|turn|26\n|\n|t:|1655777883\n|switch|p1a: Yanmega|Yanmega, F|88\/100\n|move|p2a: Quagsire|Earthquake|p1a: Yanmega\n|-immune|p1a: Yanmega\n|\n|-weather|Sandstorm|[upkeep]\n|-damage|p1a: Yanmega|82\/100|[from] Sandstorm\n|upkeep\n|turn|27\n|\n|t:|1655777888\n|switch|p2a: Goodra|Goodra, F|73\/100 tox\n|move|p1a: Yanmega|Bug Buzz|p2a: Goodra\n|-damage|p2a: Goodra|51\/100 tox\n|\n|-weather|Sandstorm|[upkeep]\n|-damage|p1a: Yanmega|76\/100|[from] Sandstorm\n|-damage|p2a: Goodra|45\/100 tox|[from] Sandstorm\n|-damage|p2a: Goodra|39\/100 tox|[from] psn\n|-ability|p1a: Yanmega|Speed Boost|boost\n|-boost|p1a: Yanmega|spe|1\n|upkeep\n|turn|28\n|\n|t:|1655777892\n|switch|p2a: Chansey|Chansey, F|88\/100\n|move|p1a: Yanmega|Detect||[still]\n|-fail|p1a: Yanmega\n|\n|-weather|Sandstorm|[upkeep]\n|-damage|p1a: Yanmega|70\/100|[from] Sandstorm\n|-damage|p2a: Chansey|82\/100|[from] Sandstorm\n|-ability|p1a: Yanmega|Speed Boost|boost\n|-boost|p1a: Yanmega|spe|1\n|upkeep\n|turn|29\n|\n|t:|1655777895\n|switch|p1a: Excadrill|Excadrill, M|100\/100\n|move|p2a: Chansey|Toxic|p1a: Excadrill\n|-immune|p1a: Excadrill\n|\n|-weather|none\n|upkeep\n|turn|30\n|\n|t:|1655777900\n|move|p1a: Excadrill|Earthquake|p2a: Chansey\n|-damage|p2a: Chansey|42\/100\n|move|p2a: Chansey|Wish|p2a: Chansey\n|\n|upkeep\n|turn|31\n|\n|t:|1655777907\n|switch|p2a: Goodra|Goodra, F|39\/100 tox\n|move|p1a: Excadrill|Rock Slide|p2a: Goodra\n|-damage|p2a: Goodra|4\/100 tox\n|\n|-heal|p2a: Goodra|96\/100 tox|[from] move: Wish|[wisher] Chansey\n|-damage|p2a: Goodra|90\/100 tox|[from] psn\n|upkeep\n|turn|32\n|\n|t:|1655777915\n|move|p1a: Excadrill|Iron Head|p2a: Goodra\n|-damage|p2a: Goodra|32\/100 tox\n|move|p2a: Goodra|Fire Blast|p1a: Excadrill\n|-supereffective|p1a: Excadrill\n|-damage|p1a: Excadrill|7\/100\n|\n|-damage|p2a: Goodra|20\/100 tox|[from] psn\n|upkeep\n|turn|33\n|\n|t:|1655777925\n|move|p1a: Excadrill|Iron Head|p2a: Goodra\n|-damage|p2a: Goodra|0 fnt\n|faint|p2a: Goodra\n|\n|upkeep\n|\n|t:|1655777930\n|switch|p2a: Crobat|Crobat, M|56\/100\n|turn|34\n|\n|t:|1655777933\n|move|p2a: Crobat|Pursuit|p1a: Excadrill\n|-damage|p1a: Excadrill|0 fnt\n|faint|p1a: Excadrill\n|\n|upkeep\n|\n|t:|1655777941\n|switch|p1a: Dracozolt|Dracozolt|91\/100\n|turn|35\n|\n|t:|1655777949\n|switch|p2a: Quagsire|Quagsire, M|100\/100\n|switch|p1a: Tyranitar|Tyranitar, F|100\/100\n|-weather|Sandstorm|[from] ability: Sand Stream|[of] p1a: Tyranitar\n|\n|-weather|Sandstorm|[upkeep]\n|upkeep\n|turn|36\n|\n|t:|1655777953\n|switch|p1a: Yanmega|Yanmega, F|70\/100\n|move|p2a: Quagsire|Toxic|p1a: Yanmega\n|-status|p1a: Yanmega|tox\n|\n|-weather|Sandstorm|[upkeep]\n|-damage|p1a: Yanmega|64\/100 tox|[from] Sandstorm\n|-damage|p1a: Yanmega|58\/100 tox|[from] psn\n|upkeep\n|turn|37\n|\n|t:|1655777958\n|switch|p1a: Dracozolt|Dracozolt|91\/100\n|switch|p2a: Crobat|Crobat, M|56\/100\n|\n|-weather|Sandstorm|[upkeep]\n|-damage|p2a: Crobat|50\/100|[from] Sandstorm\n|upkeep\n|turn|38\n|\n|t:|1655777962\n|switch|p2a: Quagsire|Quagsire, M|100\/100\n|move|p1a: Dracozolt|Dragon Claw|p2a: Quagsire\n|-damage|p2a: Quagsire|64\/100\n|-damage|p1a: Dracozolt|81\/100|[from] item: Life Orb\n|\n|-weather|Sandstorm|[upkeep]\n|-heal|p2a: Quagsire|70\/100|[from] item: Leftovers\n|upkeep\n|turn|39\n|\n|t:|1655777967\n|move|p1a: Dracozolt|Dragon Claw|p2a: Quagsire\n|-damage|p2a: Quagsire|35\/100\n|-damage|p1a: Dracozolt|71\/100|[from] item: Life Orb\n|move|p2a: Quagsire|Waterfall|p1a: Dracozolt\n|-resisted|p1a: Dracozolt\n|-damage|p1a: Dracozolt|56\/100\n|\n|-weather|none\n|-heal|p2a: Quagsire|41\/100|[from] item: Leftovers\n|upkeep\n|turn|40\n|\n|t:|1655777971\n|move|p1a: Dracozolt|Dragon Claw|p2a: Quagsire\n|-damage|p2a: Quagsire|6\/100\n|-damage|p1a: Dracozolt|46\/100|[from] item: Life Orb\n|move|p2a: Quagsire|Earthquake|p1a: Dracozolt\n|-supereffective|p1a: Dracozolt\n|-damage|p1a: Dracozolt|0 fnt\n|faint|p1a: Dracozolt\n|\n|-heal|p2a: Quagsire|12\/100|[from] item: Leftovers\n|upkeep\n|\n|t:|1655777974\n|switch|p1a: Tyranitar|Tyranitar, F|100\/100\n|-weather|Sandstorm|[from] ability: Sand Stream|[of] p1a: Tyranitar\n|turn|41\n|\n|t:|1655777984\n|move|p1a: Tyranitar|Pursuit|p2a: Quagsire\n|-damage|p2a: Quagsire|0 fnt\n|faint|p2a: Quagsire\n|\n|-weather|Sandstorm|[upkeep]\n|upkeep\n|\n|t:|1655777993\n|switch|p2a: Chansey|Chansey, F|42\/100\n|turn|42\n|\n|t:|1655777999\n|move|p1a: Tyranitar|Stone Edge|p2a: Chansey\n|-damage|p2a: Chansey|8\/100\n|move|p2a: Chansey|Seismic Toss|p1a: Tyranitar\n|-damage|p1a: Tyranitar|71\/100\n|\n|-weather|Sandstorm|[upkeep]\n|-damage|p2a: Chansey|2\/100|[from] Sandstorm\n|upkeep\n|turn|43\n|\n|t:|1655778003\n|move|p1a: Tyranitar|Pursuit|p2a: Chansey\n|-damage|p2a: Chansey|0 fnt\n|faint|p2a: Chansey\n|\n|-weather|Sandstorm|[upkeep]\n|upkeep\n|\n|t:|1655778006\n|switch|p2a: Charizard|Charizard-Mega-Y, M|18\/100\n|-weather|SunnyDay|[from] ability: Drought|[of] p2a: Charizard\n|turn|44\n|\n|t:|1655778011\n|-activate|p2a: Charizard|move: Pursuit\n|detailschange|p1a: Tyranitar|Tyranitar-Mega, F\n|-mega|p1a: Tyranitar|Tyranitar|Tyranitarite\n|-weather|Sandstorm|[from] ability: Sand Stream|[of] p1a: Tyranitar\n|move|p1a: Tyranitar|Pursuit|p2a: Charizard|[from]Pursuit\n|-damage|p2a: Charizard|0 fnt\n|faint|p2a: Charizard\n|-hint|A Pokemon can't switch between when it runs out of HP and when it faints\n|\n|-weather|Sandstorm|[upkeep]\n|upkeep\n|-message|Psychowarz forfeited.\n|\n|win|fishy8995\n|raw|fishy8995's rating: 1589 &rarr; <strong>1599<\/strong><br \/>(+10 for winning)\n|raw|Psychowarz's rating: 1401 &rarr; <strong>1391<\/strong><br \/>(-10 for losing)\n|l|\u2606Psychowarz\n||Ladder isn't responding, score probably updated but might not have (Request timeout).\n","uploadtime":1655778019,"views":5,"p1id":"fishy8995","p2id":"psychowarz","formatid":"gen8nationaldex","rating":1391,"private":0,"password":null}