{"id":"gen8ou-1627831774","p1":"LT91BB cuzzie","p2":"antarctozolt","format":"gen8ou","log":"|raw|<div class=\"broadcast-blue\"><strong>This battle is required to be public due to a player having a name starting with 'lt91bb'.<\/div>\n|j|\u2606LT91BB cuzzie\n|j|\u2606antarctozolt\n|t:|1659104318\n|gametype|singles\n|player|p1|LT91BB cuzzie|lusamine-nihilego|1798\n|player|p2|antarctozolt|skier|1912\n|teamsize|p1|6\n|teamsize|p2|6\n|gen|8\n|tier|[Gen 8] OU\n|rated|\n|rule|Sleep Clause Mod: Limit one foe put to sleep\n|rule|Species Clause: Limit one of each Pok\u00e9mon\n|rule|OHKO Clause: OHKO moves are banned\n|rule|Evasion Moves Clause: Evasion moves are banned\n|rule|Endless Battle Clause: Forcing endless battles is banned\n|rule|HP Percentage Mod: HP is shown in percentages\n|rule|Dynamax Clause: You cannot dynamax\n|clearpoke\n|poke|p1|Suicune|\n|poke|p1|Corviknight, F|\n|poke|p1|Weavile, M|\n|poke|p1|Excadrill, F|\n|poke|p1|Tyranitar, M|\n|poke|p1|Clefable, F|\n|poke|p2|Mew|\n|poke|p2|Weavile, M|\n|poke|p2|Celesteela|\n|poke|p2|Crawdaunt, F|\n|poke|p2|Garchomp, F|\n|poke|p2|Blacephalon|\n|teampreview\n|j| Barracades\n|inactive|Battle timer is ON: inactive players will automatically lose when time's up. (requested by antarctozolt)\n|j| LT91BB FustJranco\n|j| LT91BB Hockey\n|\n|t:|1659104363\n|start\n|switch|p1a: Weavile|Weavile, M|100\/100\n|switch|p2a: \u30ea\u30fc\u30c9|Mew, shiny|100\/100\n|-ability|p1a: Weavile|Pressure\n|turn|1\n|\n|t:|1659104369\n|move|p1a: Weavile|Knock Off|p2a: \u30ea\u30fc\u30c9\n|-supereffective|p2a: \u30ea\u30fc\u30c9\n|-damage|p2a: \u30ea\u30fc\u30c9|6\/100\n|-enditem|p2a: \u30ea\u30fc\u30c9|Mental Herb|[from] move: Knock Off|[of] p1a: Weavile\n|move|p2a: \u30ea\u30fc\u30c9|Thunder Wave|p1a: Weavile\n|-status|p1a: Weavile|par\n|\n|upkeep\n|turn|2\n|j| crosschampion\n|\n|t:|1659104377\n|move|p1a: Weavile|Ice Shard|p2a: \u30ea\u30fc\u30c9\n|-damage|p2a: \u30ea\u30fc\u30c9|0 fnt\n|faint|p2a: \u30ea\u30fc\u30c9\n|\n|upkeep\n|\n|t:|1659104378\n|switch|p2a: \u653b\u6483\uff033|Crawdaunt, F, shiny|100\/100\n|turn|3\n|\n|t:|1659104390\n|switch|p1a: Corviknight|Corviknight, F|100\/100\n|-ability|p1a: Corviknight|Pressure\n|move|p2a: \u653b\u6483\uff033|Swords Dance|p2a: \u653b\u6483\uff033\n|-boost|p2a: \u653b\u6483\uff033|atk|2\n|\n|upkeep\n|turn|4\n|\n|t:|1659104397\n|move|p2a: \u653b\u6483\uff033|Knock Off|p1a: Corviknight\n|-damage|p1a: Corviknight|0 fnt\n|-enditem|p1a: Corviknight|Leftovers|[from] move: Knock Off|[of] p2a: \u653b\u6483\uff033\n|faint|p1a: Corviknight\n|-damage|p2a: \u653b\u6483\uff033|91\/100|[from] item: Life Orb\n|\n|upkeep\n|\n|t:|1659104401\n|switch|p1a: Clefable|Clefable, F|100\/100\n|turn|5\n|\n|t:|1659104406\n|move|p2a: \u653b\u6483\uff033|Crabhammer|p1a: Clefable\n|-damage|p1a: Clefable|34\/100\n|-damage|p2a: \u653b\u6483\uff033|81\/100|[from] item: Life Orb\n|move|p1a: Clefable|Moonblast|p2a: \u653b\u6483\uff033\n|-supereffective|p2a: \u653b\u6483\uff033\n|-damage|p2a: \u653b\u6483\uff033|0 fnt\n|faint|p2a: \u653b\u6483\uff033\n|\n|-heal|p1a: Clefable|40\/100|[from] item: Leftovers\n|upkeep\n|j| Heinrich Kemmler\n|\n|t:|1659104421\n|switch|p2a: \u653b\u6483\uff034|Garchomp, F, shiny|100\/100\n|turn|6\n|\n|t:|1659104435\n|switch|p1a: Weavile|Weavile, M|100\/100 par\n|-ability|p1a: Weavile|Pressure\n|move|p2a: \u653b\u6483\uff034|Earthquake|p1a: Weavile\n|-damage|p1a: Weavile|10\/100 par\n|\n|upkeep\n|turn|7\n|\n|t:|1659104447\n|switch|p2a: \u653b\u6483\uff031|Weavile, M, shiny|100\/100\n|-ability|p2a: \u653b\u6483\uff031|Pressure\n|move|p1a: Weavile|Knock Off|p2a: \u653b\u6483\uff031\n|-resisted|p2a: \u653b\u6483\uff031\n|-damage|p2a: \u653b\u6483\uff031|56\/100\n|-enditem|p2a: \u653b\u6483\uff031|Life Orb|[from] move: Knock Off|[of] p1a: Weavile\n|\n|upkeep\n|turn|8\n|inactive|LT91BB cuzzie has 120 seconds left.\n|\n|t:|1659104482\n|switch|p1a: Excadrill|Excadrill, F|100\/100\n|move|p2a: \u653b\u6483\uff031|Swords Dance|p2a: \u653b\u6483\uff031\n|-boost|p2a: \u653b\u6483\uff031|atk|2\n|\n|upkeep\n|turn|9\n|inactive|LT91BB cuzzie has 120 seconds left.\n|\n|t:|1659104487\n|move|p2a: \u653b\u6483\uff031|Knock Off|p1a: Excadrill\n|-damage|p1a: Excadrill|0 fnt\n|-enditem|p1a: Excadrill|Leftovers|[from] move: Knock Off|[of] p2a: \u653b\u6483\uff031\n|faint|p1a: Excadrill\n|\n|upkeep\n|inactive|LT91BB cuzzie has 120 seconds left.\n|\n|t:|1659104494\n|switch|p1a: Clefable|Clefable, F|40\/100\n|turn|10\n|\n|t:|1659104497\n|move|p2a: \u653b\u6483\uff031|Triple Axel|p1a: Clefable\n|-damage|p1a: Clefable|31\/100\n|-damage|p1a: Clefable|15\/100\n|-damage|p1a: Clefable|0 fnt\n|faint|p1a: Clefable\n|-hitcount|p1: Clefable|3\n|\n|upkeep\n|\n|t:|1659104504\n|switch|p1a: Suicune|Suicune|100\/100\n|-ability|p1a: Suicune|Pressure\n|turn|11\n|\n|t:|1659104512\n|move|p2a: \u653b\u6483\uff031|Knock Off|p1a: Suicune\n|-damage|p1a: Suicune|16\/100\n|-enditem|p1a: Suicune|Leftovers|[from] move: Knock Off|[of] p2a: \u653b\u6483\uff031\n|move|p1a: Suicune|Scald|p2a: \u653b\u6483\uff031\n|-damage|p2a: \u653b\u6483\uff031|21\/100\n|\n|upkeep\n|turn|12\n|\n|t:|1659104515\n|move|p2a: \u653b\u6483\uff031|Knock Off|p1a: Suicune\n|-damage|p1a: Suicune|0 fnt\n|faint|p1a: Suicune\n|\n|upkeep\n|\n|t:|1659104517\n|switch|p1a: Weavile|Weavile, M|10\/100 par\n|-ability|p1a: Weavile|Pressure\n|turn|13\n|\n|t:|1659104519\n|move|p2a: \u653b\u6483\uff031|Ice Shard|p1a: Weavile\n|-resisted|p1a: Weavile\n|-damage|p1a: Weavile|0 fnt\n|faint|p1a: Weavile\n|\n|upkeep\n|-message|LT91BB cuzzie forfeited.\n|\n|win|antarctozolt\n|raw|LT91BB cuzzie's rating: 1798 &rarr; <strong>1784<\/strong><br \/>(-14 for losing)\n|raw|antarctozolt's rating: 1912 &rarr; <strong>1926<\/strong><br \/>(+14 for winning)\n|l|\u2606LT91BB cuzzie\n|l|\u2606antarctozolt\n|l| Barracades\n|l| LT91BB FustJranco\n|l| LT91BB Hockey\n||Ladder isn't responding, score probably updated but might not have (Request timeout).\n|l| Heinrich Kemmler\n|j| greenandgrey77\n|j| LT91BB Hockey\n|l| LT91BB Hockey\n|l| greenandgrey77\n|j| CALL THE CREW\n","uploadtime":1659104534,"views":142,"p1id":"lt91bbcuzzie","p2id":"antarctozolt","formatid":"gen8ou","rating":1784,"private":0,"password":null}