{"id":"gen8ou-1701561051","p1":"minimax_ai","p2":"reionatro","format":"gen8ou","log":"|j|\u2606minimax_ai\n|j|\u2606reionatro\n|t:|1667463003\n|gametype|singles\n|player|p1|minimax_ai|lusamine-nihilego|1698\n|player|p2|reionatro|1|1860\n|teamsize|p1|6\n|teamsize|p2|6\n|gen|8\n|tier|[Gen 8] OU\n|rated|\n|rule|Sleep Clause Mod: Limit one foe put to sleep\n|rule|Species Clause: Limit one of each Pok\u00e9mon\n|rule|OHKO Clause: OHKO moves are banned\n|rule|Evasion Items Clause: Evasion items are banned\n|rule|Evasion Moves Clause: Evasion moves are banned\n|rule|Endless Battle Clause: Forcing endless battles is banned\n|rule|HP Percentage Mod: HP is shown in percentages\n|rule|Dynamax Clause: You cannot dynamax\n|clearpoke\n|poke|p1|Rotom-Wash|\n|poke|p1|Weavile, F|\n|poke|p1|Landorus-Therian, M|\n|poke|p1|Heatran, M|\n|poke|p1|Tangrowth, F|\n|poke|p1|Melmetal|\n|poke|p2|Landorus-Therian, M|\n|poke|p2|Melmetal|\n|poke|p2|Rillaboom, F|\n|poke|p2|Tapu Koko|\n|poke|p2|Urshifu-*, M|\n|poke|p2|Zapdos|\n|teampreview\n|c|\u2606reionatro|hf\n|c|\u2606minimax_ai|hf\n|inactive|Battle timer is ON: inactive players will automatically lose when time's up. (requested by minimax_ai)\n|\n|t:|1667463035\n|start\n|switch|p1a: landorustherian|Landorus-Therian, M|100\/100\n|switch|p2a: Landorus|Landorus-Therian, M|100\/100\n|-ability|p2a: Landorus|Intimidate|boost\n|-unboost|p1a: landorustherian|atk|1\n|-ability|p1a: landorustherian|Intimidate|boost\n|-unboost|p2a: Landorus|atk|1\n|turn|1\n|\n|t:|1667463038\n|move|p2a: Landorus|Stealth Rock|p1a: landorustherian\n|-sidestart|p1: minimax_ai|move: Stealth Rock\n|move|p1a: landorustherian|Toxic|p2a: Landorus\n|-status|p2a: Landorus|tox\n|\n|-damage|p2a: Landorus|94\/100 tox|[from] psn\n|upkeep\n|turn|2\n|\n|t:|1667463041\n|move|p2a: Landorus|Knock Off|p1a: landorustherian\n|-damage|p1a: landorustherian|81\/100\n|-enditem|p1a: landorustherian|Leftovers|[from] move: Knock Off|[of] p2a: Landorus\n|move|p1a: landorustherian|Defog|p2a: Landorus\n|-unboost|p2a: Landorus|evasion|1\n|-sideend|p1: minimax_ai|Stealth Rock|[from] move: Defog|[of] p1a: landorustherian\n|\n|-heal|p2a: Landorus|100\/100 tox|[from] item: Leftovers\n|-damage|p2a: Landorus|88\/100 tox|[from] psn\n|upkeep\n|turn|3\n|j| wdz999\n|\n|t:|1667463061\n|move|p2a: Landorus|Stealth Rock|p1a: landorustherian\n|-sidestart|p1: minimax_ai|move: Stealth Rock\n|move|p1a: landorustherian|Toxic|p2a: Landorus\n|-fail|p2a: Landorus|tox\n|\n|-heal|p2a: Landorus|94\/100 tox|[from] item: Leftovers\n|-damage|p2a: Landorus|76\/100 tox|[from] psn\n|upkeep\n|turn|4\n|\n|t:|1667463066\n|move|p2a: Landorus|U-turn|p1a: landorustherian\n|-resisted|p1a: landorustherian\n|-damage|p1a: landorustherian|74\/100\n|\n|t:|1667463068\n|switch|p2a: Urshifu|Urshifu-Rapid-Strike, M|100\/100|[from]move: U-turn\n|move|p1a: landorustherian|Defog|p2a: Urshifu\n|-unboost|p2a: Urshifu|evasion|1\n|-sideend|p1: minimax_ai|Stealth Rock|[from] move: Defog|[of] p1a: landorustherian\n|\n|upkeep\n|turn|5\n|\n|t:|1667463072\n|switch|p2a: Zapdos|Zapdos, shiny|100\/100\n|switch|p1a: Tangrowth|Tangrowth, F|100\/100\n|\n|upkeep\n|turn|6\n|\n|t:|1667463076\n|switch|p1a: Melmetal|Melmetal|100\/100\n|move|p2a: Zapdos|Hurricane|p1a: Melmetal\n|-resisted|p1a: Melmetal\n|-damage|p1a: Melmetal|88\/100\n|\n|upkeep\n|turn|7\n|\n|t:|1667463083\n|move|p2a: Zapdos|Volt Switch|p1a: Melmetal\n|-damage|p1a: Melmetal|71\/100\n|\n|t:|1667463086\n|switch|p2a: Melmetal|Melmetal, shiny|100\/100|[from]move: Volt Switch\n|move|p1a: Melmetal|Double Iron Bash|p2a: Melmetal\n|-resisted|p2a: Melmetal\n|-damage|p2a: Melmetal|89\/100\n|-resisted|p2a: Melmetal\n|-damage|p2a: Melmetal|76\/100\n|-hitcount|p2a: Melmetal|2\n|\n|-heal|p2a: Melmetal|82\/100|[from] item: Leftovers\n|upkeep\n|turn|8\n|\n|t:|1667463088\n|switch|p1a: rotomwash|Rotom-Wash|100\/100\n|move|p2a: Melmetal|Earthquake|p1a: rotomwash\n|-immune|p1a: rotomwash|[from] ability: Levitate\n|\n|-heal|p2a: Melmetal|88\/100|[from] item: Leftovers\n|upkeep\n|turn|9\n|\n|t:|1667463090\n|move|p1a: rotomwash|Thunderbolt|p2a: Melmetal\n|-damage|p2a: Melmetal|59\/100\n|move|p2a: Melmetal|Toxic|p1a: rotomwash\n|-status|p1a: rotomwash|tox\n|\n|-heal|p2a: Melmetal|65\/100|[from] item: Leftovers\n|-damage|p1a: rotomwash|94\/100 tox|[from] psn\n|upkeep\n|turn|10\n|\n|t:|1667463093\n|move|p2a: Melmetal|Protect|p2a: Melmetal\n|-singleturn|p2a: Melmetal|Protect\n|move|p1a: rotomwash|Hydro Pump|p2a: Melmetal\n|-activate|p2a: Melmetal|move: Protect\n|\n|-heal|p1a: rotomwash|100\/100 tox|[from] item: Leftovers\n|-heal|p2a: Melmetal|71\/100|[from] item: Leftovers\n|-damage|p1a: rotomwash|88\/100 tox|[from] psn\n|upkeep\n|turn|11\n|\n|t:|1667463095\n|switch|p2a: Rillaboom|Rillaboom, F|100\/100\n|-fieldstart|move: Grassy Terrain|[from] ability: Grassy Surge|[of] p2a: Rillaboom\n|move|p1a: rotomwash|Hydro Pump|p2a: Rillaboom\n|-resisted|p2a: Rillaboom\n|-damage|p2a: Rillaboom|76\/100\n|\n|-heal|p1a: rotomwash|94\/100 tox|[from] item: Leftovers\n|-heal|p2a: Rillaboom|82\/100|[from] Grassy Terrain\n|-heal|p2a: Rillaboom|88\/100|[from] item: Leftovers\n|-damage|p1a: rotomwash|75\/100 tox|[from] psn\n|upkeep\n|turn|12\n|\n|t:|1667463101\n|switch|p1a: Tangrowth|Tangrowth, F|100\/100\n|move|p2a: Rillaboom|Knock Off|p1a: Tangrowth\n|-damage|p1a: Tangrowth|83\/100\n|-damage|p2a: Rillaboom|72\/100|[from] item: Rocky Helmet|[of] p1a: Tangrowth\n|-enditem|p1a: Tangrowth|Rocky Helmet|[from] move: Knock Off|[of] p2a: Rillaboom\n|\n|-heal|p2a: Rillaboom|78\/100|[from] Grassy Terrain\n|-heal|p2a: Rillaboom|84\/100|[from] item: Leftovers\n|-heal|p1a: Tangrowth|89\/100|[from] Grassy Terrain\n|upkeep\n|turn|13\n|\n|t:|1667463104\n|switch|p2a: Zapdos|Zapdos, shiny|100\/100\n|move|p1a: Tangrowth|Giga Drain|p2a: Zapdos\n|-resisted|p2a: Zapdos\n|-damage|p2a: Zapdos|81\/100\n|-heal|p1a: Tangrowth|98\/100|[from] drain|[of] p2a: Zapdos\n|\n|-heal|p1a: Tangrowth|100\/100|[from] Grassy Terrain\n|upkeep\n|turn|14\n|\n|t:|1667463106\n|switch|p1a: landorustherian|Landorus-Therian, M|74\/100\n|-ability|p1a: landorustherian|Intimidate|boost\n|-unboost|p2a: Zapdos|atk|1\n|move|p2a: Zapdos|Hurricane|p1a: landorustherian|[miss]\n|-miss|p2a: Zapdos|p1a: landorustherian\n|\n|upkeep\n|turn|15\n|\n|t:|1667463109\n|move|p2a: Zapdos|Hurricane|p1a: landorustherian\n|-damage|p1a: landorustherian|40\/100\n|move|p1a: landorustherian|Toxic|p2a: Zapdos\n|-status|p2a: Zapdos|tox\n|\n|-damage|p2a: Zapdos|75\/100 tox|[from] psn\n|-fieldend|move: Grassy Terrain\n|upkeep\n|turn|16\n|\n|t:|1667463113\n|move|p2a: Zapdos|Hurricane|p1a: landorustherian\n|-damage|p1a: landorustherian|7\/100\n|move|p1a: landorustherian|Earthquake|p2a: Zapdos\n|-immune|p2a: Zapdos\n|\n|-damage|p2a: Zapdos|63\/100 tox|[from] psn\n|upkeep\n|turn|17\n|\n|t:|1667463117\n|move|p2a: Zapdos|Hurricane|p1a: landorustherian\n|-damage|p1a: landorustherian|0 fnt\n|faint|p1a: landorustherian\n|\n|-damage|p2a: Zapdos|45\/100 tox|[from] psn\n|upkeep\n|\n|t:|1667463117\n|switch|p1a: Heatran|Heatran, M|100\/100\n|-item|p1a: Heatran|Air Balloon\n|turn|18\n|\n|t:|1667463120\n|move|p1a: Heatran|Eruption|p2a: Zapdos\n|-damage|p2a: Zapdos|0 fnt\n|faint|p2a: Zapdos\n|\n|upkeep\n|\n|t:|1667463132\n|switch|p2a: Urshifu|Urshifu-Rapid-Strike, M|100\/100\n|turn|19\n|\n|t:|1667463134\n|switch|p2a: Melmetal|Melmetal, shiny|71\/100\n|switch|p1a: Tangrowth|Tangrowth, F|100\/100\n|\n|-heal|p2a: Melmetal|77\/100|[from] item: Leftovers\n|upkeep\n|turn|20\n|\n|t:|1667463136\n|move|p1a: Tangrowth|Focus Blast|p2a: Melmetal\n|-supereffective|p2a: Melmetal\n|-damage|p2a: Melmetal|23\/100\n|move|p2a: Melmetal|Double Iron Bash|p1a: Tangrowth\n|-damage|p1a: Tangrowth|78\/100\n|-damage|p1a: Tangrowth|55\/100\n|-hitcount|p1a: Tangrowth|2\n|\n|-heal|p2a: Melmetal|29\/100|[from] item: Leftovers\n|upkeep\n|turn|21\n|\n|t:|1667463144\n|switch|p2a: Tapu Koko|Tapu Koko|100\/100\n|-fieldstart|move: Electric Terrain|[from] ability: Electric Surge|[of] p2a: Tapu Koko\n|move|p1a: Tangrowth|Focus Blast|p2a: Tapu Koko\n|-resisted|p2a: Tapu Koko\n|-damage|p2a: Tapu Koko|77\/100\n|\n|upkeep\n|turn|22\n|\n|t:|1667463148\n|switch|p1a: Melmetal|Melmetal|71\/100\n|move|p2a: Tapu Koko|Thunderbolt|p1a: Melmetal\n|-damage|p1a: Melmetal|32\/100\n|\n|upkeep\n|turn|23\n|\n|t:|1667463153\n|switch|p1a: Tangrowth|Tangrowth, F|88\/100\n|move|p2a: Tapu Koko|Thunderbolt|p1a: Tangrowth\n|-resisted|p1a: Tangrowth\n|-damage|p1a: Tangrowth|34\/100\n|\n|upkeep\n|turn|24\n|\n|t:|1667463156\n|switch|p1a: Melmetal|Melmetal|32\/100\n|move|p2a: Tapu Koko|Thunderbolt|p1a: Melmetal\n|-damage|p1a: Melmetal|0 fnt\n|faint|p1a: Melmetal\n|\n|upkeep\n|\n|t:|1667463156\n|switch|p1a: Heatran|Heatran, M|100\/100\n|-item|p1a: Heatran|Air Balloon\n|turn|25\n|\n|t:|1667463165\n|switch|p2a: Melmetal|Melmetal, shiny|29\/100\n|move|p1a: Heatran|Earth Power|p2a: Melmetal\n|-supereffective|p2a: Melmetal\n|-damage|p2a: Melmetal|0 fnt\n|faint|p2a: Melmetal\n|\n|-fieldend|move: Electric Terrain\n|upkeep\n|\n|t:|1667463189\n|switch|p2a: Urshifu|Urshifu-Rapid-Strike, M|100\/100\n|turn|26\n|\n|t:|1667463191\n|switch|p1a: Tangrowth|Tangrowth, F|67\/100\n|move|p2a: Urshifu|Close Combat|p1a: Tangrowth\n|-damage|p1a: Tangrowth|31\/100\n|-unboost|p2a: Urshifu|def|1\n|-unboost|p2a: Urshifu|spd|1\n|\n|upkeep\n|turn|27\n|\n|t:|1667463197\n|move|p2a: Urshifu|Close Combat|p1a: Tangrowth\n|-damage|p1a: Tangrowth|0 fnt\n|-unboost|p2a: Urshifu|def|1\n|-unboost|p2a: Urshifu|spd|1\n|faint|p1a: Tangrowth\n|\n|upkeep\n|\n|t:|1667463197\n|switch|p1a: rotomwash|Rotom-Wash|75\/100 tox\n|turn|28\n|j| XyzUniversalchamp\n|\n|t:|1667463213\n|switch|p2a: Rillaboom|Rillaboom, F|84\/100\n|-fieldstart|move: Grassy Terrain|[from] ability: Grassy Surge|[of] p2a: Rillaboom\n|move|p1a: rotomwash|Thunderbolt|p2a: Rillaboom\n|-resisted|p2a: Rillaboom\n|-damage|p2a: Rillaboom|64\/100\n|-status|p2a: Rillaboom|par\n|\n|-heal|p1a: rotomwash|82\/100 tox|[from] item: Leftovers\n|-heal|p2a: Rillaboom|70\/100 par|[from] Grassy Terrain\n|-heal|p2a: Rillaboom|77\/100 par|[from] item: Leftovers\n|-damage|p1a: rotomwash|75\/100 tox|[from] psn\n|upkeep\n|turn|29\n|\n|t:|1667463217\n|switch|p1a: Heatran|Heatran, M|100\/100\n|-item|p1a: Heatran|Air Balloon\n|move|p2a: Rillaboom|Drain Punch|p1a: Heatran\n|-supereffective|p1a: Heatran\n|-damage|p1a: Heatran|42\/100\n|-heal|p2a: Rillaboom|100\/100 par|[from] drain|[of] p1a: Heatran\n|-enditem|p1a: Heatran|Air Balloon\n|\n|-heal|p1a: Heatran|48\/100|[from] Grassy Terrain\n|upkeep\n|turn|30\n|\n|t:|1667463227\n|switch|p2a: Landorus|Landorus-Therian, M|76\/100 tox\n|-ability|p2a: Landorus|Intimidate|boost\n|-unboost|p1a: Heatran|atk|1\n|move|p1a: Heatran|Magma Storm|p2a: Landorus\n|-damage|p2a: Landorus|40\/100 tox\n|-activate|p2a: Landorus|move: Magma Storm|[of] p1a: Heatran\n|\n|-heal|p1a: Heatran|54\/100|[from] Grassy Terrain\n|-heal|p2a: Landorus|46\/100 tox|[from] item: Leftovers\n|-damage|p2a: Landorus|40\/100 tox|[from] psn\n|-damage|p2a: Landorus|28\/100 tox|[from] move: Magma Storm|[partiallytrapped]\n|upkeep\n|turn|31\n|\n|t:|1667463230\n|move|p1a: Heatran|Magma Storm|p2a: Landorus\n|-damage|p2a: Landorus|0 fnt\n|faint|p2a: Landorus\n|\n|-heal|p1a: Heatran|60\/100|[from] Grassy Terrain\n|upkeep\n|\n|t:|1667463232\n|switch|p2a: Urshifu|Urshifu-Rapid-Strike, M|100\/100\n|turn|32\n|\n|t:|1667463248\n|switch|p1a: rotomwash|Rotom-Wash|75\/100 tox\n|move|p2a: Urshifu|Surging Strikes|p1a: rotomwash\n|-resisted|p1a: rotomwash\n|-crit|p1a: rotomwash\n|-damage|p1a: rotomwash|65\/100 tox\n|-resisted|p1a: rotomwash\n|-crit|p1a: rotomwash\n|-damage|p1a: rotomwash|53\/100 tox\n|-resisted|p1a: rotomwash\n|-crit|p1a: rotomwash\n|-damage|p1a: rotomwash|42\/100 tox\n|-hitcount|p1a: rotomwash|3\n|\n|-heal|p1a: rotomwash|48\/100 tox|[from] item: Leftovers\n|-damage|p1a: rotomwash|42\/100 tox|[from] psn\n|-fieldend|move: Grassy Terrain\n|upkeep\n|turn|33\n|\n|t:|1667463253\n|move|p2a: Urshifu|Close Combat|p1a: rotomwash\n|-crit|p1a: rotomwash\n|-damage|p1a: rotomwash|0 fnt\n|-unboost|p2a: Urshifu|def|1\n|-unboost|p2a: Urshifu|spd|1\n|faint|p1a: rotomwash\n|\n|upkeep\n|\n|t:|1667463253\n|switch|p1a: Weavile|Weavile, F|100\/100\n|-ability|p1a: Weavile|Pressure\n|turn|34\n|\n|t:|1667463269\n|move|p1a: Weavile|Low Kick|p2a: Urshifu\n|-damage|p2a: Urshifu|27\/100\n|move|p2a: Urshifu|Surging Strikes|p1a: Weavile\n|-crit|p1a: Weavile\n|-damage|p1a: Weavile|62\/100\n|-crit|p1a: Weavile\n|-damage|p1a: Weavile|23\/100\n|-crit|p1a: Weavile\n|-damage|p1a: Weavile|0 fnt\n|faint|p1a: Weavile\n|-hitcount|p1: Weavile|3\n|\n|upkeep\n|\n|t:|1667463269\n|switch|p1a: Heatran|Heatran, M|60\/100\n|turn|35\n|\n|t:|1667463279\n|move|p2a: Urshifu|Surging Strikes|p1a: Heatran\n|-supereffective|p1a: Heatran\n|-crit|p1a: Heatran\n|-damage|p1a: Heatran|17\/100\n|-supereffective|p1a: Heatran\n|-crit|p1a: Heatran\n|-damage|p1a: Heatran|0 fnt\n|faint|p1a: Heatran\n|-hitcount|p1: Heatran|2\n|\n|win|reionatro\n|raw|minimax_ai's rating: 1698 &rarr; <strong>1687<\/strong><br \/>(-11 for losing)\n|raw|reionatro's rating: 1860 &rarr; <strong>1871<\/strong><br \/>(+11 for winning)\n|c|\u2606minimax_ai|gg\n|c|\u2606reionatro|gg\n|l|\u2606minimax_ai\n","uploadtime":1667463281,"views":11,"p1id":"minimaxai","p2id":"reionatro","formatid":"gen8ou","rating":1687,"private":0,"password":null}