{"id":"gen8nationaldexag-1665163672","p1":"Meracx","p2":"EmolgAn","format":"gen8nationaldexag","log":"|j|\u2606Meracx\n|j|\u2606EmolgAn\n|t:|1663269777\n|gametype|singles\n|player|p1|Meracx|thorton|\n|player|p2|EmolgAn|peony|\n|teamsize|p1|6\n|teamsize|p2|6\n|gen|8\n|tier|[Gen 8] National Dex AG\n|rule|HP Percentage Mod: HP is shown in percentages\n|rule|Endless Battle Clause: Forcing endless battles is banned\n|clearpoke\n|poke|p1|Volcanion|\n|poke|p1|Tapu Koko|\n|poke|p1|Mudsdale, F|\n|poke|p1|Genesect|\n|poke|p1|Virizion|\n|poke|p1|Drifblim, M|\n|poke|p2|Ferrothorn, F|\n|poke|p2|Buzzwole|\n|poke|p2|Vaporeon, F|\n|poke|p2|Manectric, M|\n|poke|p2|Blaziken, M|\n|poke|p2|Lycanroc-Dusk, F|\n|teampreview\n|c|\u2606Meracx|hf\n|c|\u2606EmolgAn|gl hf\n|j| Butter the Butcher\n|j| BaguetteAllemande\n|\n|t:|1663269811\n|start\n|switch|p1a: Poup\u00e9e|Tapu Koko|100\/100\n|switch|p2a: Manectric|Manectric, M|100\/100\n|-fieldstart|move: Electric Terrain|[from] ability: Electric Surge|[of] p1a: Poup\u00e9e\n|turn|1\n|j| supersayandraft\n|j| AlexLaFritte\n|n| NulPas2MonoCombat|alexlafritte\n|c| NulPas2MonoCombat|Glhf\n|\n|t:|1663269845\n|detailschange|p2a: Manectric|Manectric-Mega, M\n|-mega|p2a: Manectric|Manectric|Manectite\n|-ability|p2a: Manectric|Intimidate|boost\n|-unboost|p1a: Poup\u00e9e|atk|1\n|move|p2a: Manectric|Toxic|p1a: Poup\u00e9e\n|-status|p1a: Poup\u00e9e|tox\n|move|p1a: Poup\u00e9e|Reflect|p1a: Poup\u00e9e\n|-sidestart|p1: Meracx|Reflect\n|\n|-damage|p1a: Poup\u00e9e|94\/100 tox|[from] psn\n|upkeep\n|turn|2\n|\n|t:|1663269861\n|move|p2a: Manectric|Volt Switch|p1a: Poup\u00e9e\n|-resisted|p1a: Poup\u00e9e\n|-crit|p1a: Poup\u00e9e\n|-damage|p1a: Poup\u00e9e|50\/100 tox\n|\n|t:|1663269871\n|switch|p2a: Ferrothorn|Ferrothorn, F|100\/100|[from]move: Volt Switch\n|move|p1a: Poup\u00e9e|Nature's Madness|p2a: Ferrothorn\n|-damage|p2a: Ferrothorn|51\/100\n|\n|-heal|p2a: Ferrothorn|57\/100|[from] item: Leftovers\n|-damage|p1a: Poup\u00e9e|38\/100 tox|[from] psn\n|upkeep\n|turn|3\n|\n|t:|1663269877\n|switch|p1a: Verre|Virizion|100\/100\n|move|p2a: Ferrothorn|Stealth Rock|p1a: Verre\n|-sidestart|p1: Meracx|move: Stealth Rock\n|\n|-heal|p2a: Ferrothorn|63\/100|[from] item: Leftovers\n|upkeep\n|turn|4\n|\n|t:|1663269881\n|switch|p2a: Buzzwole|Buzzwole|100\/100\n|move|p1a: Verre|Substitute|p1a: Verre\n|-start|p1a: Verre|Substitute\n|-damage|p1a: Verre|76\/100\n|\n|upkeep\n|turn|5\n|\n|t:|1663269887\n|move|p1a: Verre|Air Slash|p2a: Buzzwole\n|-supereffective|p2a: Buzzwole\n|-damage|p2a: Buzzwole|0 fnt\n|faint|p2a: Buzzwole\n|\n|-fieldend|move: Electric Terrain\n|upkeep\n|\n|t:|1663269896\n|switch|p2a: Manectric|Manectric-Mega, M|100\/100\n|-ability|p2a: Manectric|Intimidate|boost\n|-immune|p1a: Verre\n|turn|6\n|\n|t:|1663269901\n|move|p2a: Manectric|Thunderbolt|p1a: Verre\n|-resisted|p1a: Verre\n|-activate|p1a: Verre|move: Substitute|[damage]\n|-zpower|p1a: Verre\n|move|p1a: Verre|All-Out Pummeling|p2a: Manectric|[zeffect]\n|-damage|p2a: Manectric|0 fnt\n|faint|p2a: Manectric\n|\n|upkeep\n|c| BaguetteAllemande|c'est pire que ma gme\n|c|\u2606EmolgAn|j'voulais overheat mais bon\n|c| BaguetteAllemande|game*\n|c|\u2606EmolgAn|on fait avec on va dire\n|\n|t:|1663269930\n|switch|p2a: Lycanroc|Lycanroc-Dusk, F|100\/100\n|turn|7\n|\n|t:|1663269935\n|move|p2a: Lycanroc|Accelerock|p1a: Verre\n|-resisted|p1a: Verre\n|-end|p1a: Verre|Substitute\n|move|p1a: Verre|Focus Blast|p2a: Lycanroc\n|-supereffective|p2a: Lycanroc\n|-enditem|p2a: Lycanroc|Chople Berry|[eat]\n|-enditem|p2a: Lycanroc|Chople Berry|[weaken]\n|-damage|p2a: Lycanroc|26\/100\n|\n|upkeep\n|turn|8\n|\n|t:|1663270001\n|move|p2a: Lycanroc|Close Combat|p1a: Verre\n|-damage|p1a: Verre|45\/100\n|-unboost|p2a: Lycanroc|def|1\n|-unboost|p2a: Lycanroc|spd|1\n|move|p1a: Verre|Focus Blast|p2a: Lycanroc|[miss]\n|-miss|p1a: Verre|p2a: Lycanroc\n|\n|-sideend|p1: Meracx|Reflect\n|upkeep\n|turn|9\n|\n|t:|1663270015\n|move|p2a: Lycanroc|Close Combat|p1a: Verre\n|-damage|p1a: Verre|0 fnt\n|-unboost|p2a: Lycanroc|def|1\n|-unboost|p2a: Lycanroc|spd|1\n|faint|p1a: Verre\n|\n|upkeep\n|\n|t:|1663270044\n|switch|p1a: Zeppelin|Mudsdale, F|100\/100\n|-damage|p1a: Zeppelin|94\/100|[from] Stealth Rock\n|turn|10\n|c| BaguetteAllemande|le verre qui s'est bris\u00e9\n|\n|t:|1663270052\n|switch|p2a: Vaporeon|Vaporeon, F|100\/100\n|move|p1a: Zeppelin|Body Press|p2a: Vaporeon\n|-damage|p2a: Vaporeon|71\/100\n|\n|-heal|p2a: Vaporeon|77\/100|[from] item: Leftovers\n|upkeep\n|turn|11\n|\n|t:|1663270060\n|switch|p1a: Poup\u00e9e|Tapu Koko|38\/100 tox\n|-damage|p1a: Poup\u00e9e|26\/100 tox|[from] Stealth Rock\n|-fieldstart|move: Electric Terrain|[from] ability: Electric Surge|[of] p1a: Poup\u00e9e\n|move|p2a: Vaporeon|Scald|p1a: Poup\u00e9e\n|-damage|p1a: Poup\u00e9e|0 fnt\n|faint|p1a: Poup\u00e9e\n|\n|-heal|p2a: Vaporeon|83\/100|[from] item: Leftovers\n|upkeep\n|\n|t:|1663270068\n|switch|p1a: Ch\u00e2teau|Volcanion|100\/100\n|-damage|p1a: Ch\u00e2teau|75\/100|[from] Stealth Rock\n|turn|12\n|\n|t:|1663270070\n|move|p1a: Ch\u00e2teau|Substitute|p1a: Ch\u00e2teau\n|-start|p1a: Ch\u00e2teau|Substitute\n|-damage|p1a: Ch\u00e2teau|50\/100\n|move|p2a: Vaporeon|Toxic||[still]\n|-fail|p2a: Vaporeon\n|\n|-heal|p1a: Ch\u00e2teau|57\/100|[from] item: Leftovers\n|-heal|p2a: Vaporeon|89\/100|[from] item: Leftovers\n|upkeep\n|turn|13\n|\n|t:|1663270075\n|move|p1a: Ch\u00e2teau|Toxic|p2a: Vaporeon\n|-status|p2a: Vaporeon|tox\n|move|p2a: Vaporeon|Wish|p2a: Vaporeon\n|\n|-heal|p1a: Ch\u00e2teau|63\/100|[from] item: Leftovers\n|-heal|p2a: Vaporeon|95\/100 tox|[from] item: Leftovers\n|-damage|p2a: Vaporeon|89\/100 tox|[from] psn\n|upkeep\n|turn|14\n|\n|t:|1663270086\n|switch|p2a: Ferrothorn|Ferrothorn, F|63\/100\n|move|p1a: Ch\u00e2teau|Flamethrower|p2a: Ferrothorn\n|-supereffective|p2a: Ferrothorn\n|-damage|p2a: Ferrothorn|0 fnt\n|faint|p2a: Ferrothorn\n|\n|-heal|p1a: Ch\u00e2teau|69\/100|[from] item: Leftovers\n|upkeep\n|\n|t:|1663270092\n|switch|p2a: Blaziken|Blaziken, M|100\/100\n|turn|15\n|\n|t:|1663270096\n|move|p2a: Blaziken|Close Combat|p1a: Ch\u00e2teau\n|-end|p1a: Ch\u00e2teau|Substitute\n|-unboost|p2a: Blaziken|def|1\n|-unboost|p2a: Blaziken|spd|1\n|-damage|p2a: Blaziken|91\/100|[from] item: Life Orb\n|move|p1a: Ch\u00e2teau|Steam Eruption|p2a: Blaziken\n|-supereffective|p2a: Blaziken\n|-damage|p2a: Blaziken|0 fnt\n|faint|p2a: Blaziken\n|\n|-heal|p1a: Ch\u00e2teau|75\/100|[from] item: Leftovers\n|-fieldend|move: Electric Terrain\n|upkeep\n|\n|t:|1663270100\n|switch|p2a: Lycanroc|Lycanroc-Dusk, F|26\/100\n|turn|16\n|\n|t:|1663270107\n|switch|p1a: Zeppelin|Mudsdale, F|94\/100\n|-damage|p1a: Zeppelin|88\/100|[from] Stealth Rock\n|move|p2a: Lycanroc|Stone Edge|p1a: Zeppelin\n|-resisted|p1a: Zeppelin\n|-damage|p1a: Zeppelin|73\/100\n|-ability|p1a: Zeppelin|Stamina|boost\n|-boost|p1a: Zeppelin|def|1\n|\n|upkeep\n|turn|17\n|\n|t:|1663270120\n|switch|p2a: Vaporeon|Vaporeon, F|89\/100 tox\n|move|p1a: Zeppelin|Stealth Rock|p2a: Vaporeon\n|-sidestart|p2: EmolgAn|move: Stealth Rock\n|\n|-heal|p2a: Vaporeon|95\/100 tox|[from] item: Leftovers\n|-damage|p2a: Vaporeon|89\/100 tox|[from] psn\n|upkeep\n|turn|18\n|\n|t:|1663270128\n|switch|p2a: Lycanroc|Lycanroc-Dusk, F|26\/100\n|-damage|p2a: Lycanroc|14\/100|[from] Stealth Rock\n|switch|p1a: Diodon|Genesect, shiny|100\/100\n|-damage|p1a: Diodon|88\/100|[from] Stealth Rock\n|-ability|p1a: Diodon|Download|boost\n|-boost|p1a: Diodon|atk|1\n|\n|upkeep\n|turn|19\n|\n|t:|1663270134\n|move|p2a: Lycanroc|Close Combat|p1a: Diodon\n|-damage|p1a: Diodon|41\/100\n|-unboost|p2a: Lycanroc|def|1\n|-unboost|p2a: Lycanroc|spd|1\n|move|p1a: Diodon|Bug Buzz|p2a: Lycanroc\n|-damage|p2a: Lycanroc|0 fnt\n|faint|p2a: Lycanroc\n|-enditem|p1a: Diodon|Throat Spray\n|-boost|p1a: Diodon|spa|1|[from] item: Throat Spray\n|\n|upkeep\n|\n|t:|1663270138\n|switch|p2a: Vaporeon|Vaporeon, F|89\/100 tox\n|-damage|p2a: Vaporeon|77\/100 tox|[from] Stealth Rock\n|turn|20\n|\n|t:|1663270143\n|move|p1a: Diodon|Thunderbolt|p2a: Vaporeon\n|-supereffective|p2a: Vaporeon\n|-damage|p2a: Vaporeon|20\/100 tox\n|move|p2a: Vaporeon|Scald|p1a: Diodon\n|-damage|p1a: Diodon|12\/100\n|\n|-heal|p2a: Vaporeon|26\/100 tox|[from] item: Leftovers\n|-damage|p2a: Vaporeon|20\/100 tox|[from] psn\n|upkeep\n|turn|21\n|\n|t:|1663270149\n|move|p1a: Diodon|Thunderbolt|p2a: Vaporeon\n|-supereffective|p2a: Vaporeon\n|-damage|p2a: Vaporeon|0 fnt\n|faint|p2a: Vaporeon\n|\n|win|Meracx\n|c|\u2606Meracx|gg\n|l| BaguetteAllemande\n","uploadtime":1663270166,"views":24,"p1id":"meracx","p2id":"emolgan","formatid":"gen8nationaldexag","rating":0,"private":0,"password":null}