{"id":"gen8nationaldex-1393972299","p1":"NDLT2UTIGodlyness","p2":"yhdrslb","format":"gen8nationaldex","log":"|raw|<div class=\"broadcast-blue\"><strong>This battle is required to be public due to a player having a name starting with 'ndlt2uti'.<\/div>\n|j|\u2606NDLT2UTIGodlyness\n|j|\u2606yhdrslb\n|t:|1628617929\n|gametype|singles\n|player|p1|NDLT2UTIGodlyness|gambler|1640\n|player|p2|yhdrslb|30|1581\n|teamsize|p1|6\n|teamsize|p2|6\n|gen|8\n|tier|[Gen 8] National Dex\n|rated|\n|rule|HP Percentage Mod: HP is shown in percentages\n|rule|Endless Battle Clause: Forcing endless battles is banned\n|rule|OHKO Clause: OHKO moves are banned\n|rule|Evasion Moves Clause: Evasion moves are banned\n|rule|Species Clause: Limit one of each Pok\u00e9mon\n|rule|Dynamax Clause: You cannot dynamax\n|rule|Sleep Clause Mod: Limit one foe put to sleep\n|clearpoke\n|poke|p1|Pidgeot, M|\n|poke|p1|Kommo-o, M|\n|poke|p1|Slowking-Galar, M|\n|poke|p1|Corviknight, M|\n|poke|p1|Urshifu-*, F|\n|poke|p1|Umbreon, F|\n|poke|p2|Garchomp, M|\n|poke|p2|Hoopa-Unbound|\n|poke|p2|Jirachi|\n|poke|p2|Mawile, M|\n|poke|p2|Volcarona, F|\n|poke|p2|Rotom-Wash|\n|teampreview\n|inactive|Battle timer is ON: inactive players will automatically lose when time's up. (requested by NDLT2UTIGodlyness)\n|\n|t:|1628617939\n|start\n|switch|p1a: Urshifu|Urshifu-Rapid-Strike, F|100\/100\n|switch|p2a: Garchomp|Garchomp, M|100\/100\n|turn|1\n|\n|t:|1628617948\n|switch|p2a: Rotom|Rotom-Wash|100\/100\n|switch|p1a: Corviknight|Corviknight, M|100\/100\n|-ability|p1a: Corviknight|Pressure\n|\n|upkeep\n|turn|2\n|\n|t:|1628617955\n|switch|p1a: Kommo-o|Kommo-o, M|100\/100\n|move|p2a: Rotom|Will-O-Wisp|p1a: Kommo-o|[miss]\n|-miss|p2a: Rotom|p1a: Kommo-o\n|\n|upkeep\n|turn|3\n|j| 61 RI. Forever\n|\n|t:|1628617962\n|switch|p2a: Mawile|Mawile, M|100\/100\n|-ability|p2a: Mawile|Intimidate|boost\n|-unboost|p1a: Kommo-o|atk|1\n|move|p1a: Kommo-o|Stealth Rock|p2a: Mawile\n|-sidestart|p2: yhdrslb|move: Stealth Rock\n|\n|upkeep\n|turn|4\n|\n|t:|1628617969\n|switch|p1a: Corviknight|Corviknight, M|100\/100\n|-ability|p1a: Corviknight|Pressure\n|switch|p2a: Rotom|Rotom-Wash|100\/100\n|-damage|p2a: Rotom|88\/100|[from] Stealth Rock\n|\n|-heal|p2a: Rotom|94\/100|[from] item: Leftovers\n|upkeep\n|turn|5\n|\n|t:|1628617973\n|switch|p1a: Kommo-o|Kommo-o, M|100\/100\n|move|p2a: Rotom|Will-O-Wisp|p1a: Kommo-o\n|-status|p1a: Kommo-o|brn\n|\n|-heal|p2a: Rotom|100\/100|[from] item: Leftovers\n|-damage|p1a: Kommo-o|94\/100 brn|[from] brn\n|upkeep\n|turn|6\n|\n|t:|1628617976\n|move|p2a: Rotom|Defog|p1a: Kommo-o\n|-unboost|p1a: Kommo-o|evasion|1\n|-sideend|p2: yhdrslb|Stealth Rock|[from] move: Defog|[of] p2a: Rotom\n|move|p1a: Kommo-o|Toxic|p2a: Rotom|[miss]\n|-miss|p1a: Kommo-o|p2a: Rotom\n|\n|-heal|p1a: Kommo-o|100\/100 brn|[from] item: Leftovers\n|-damage|p1a: Kommo-o|94\/100 brn|[from] brn\n|upkeep\n|turn|7\n|\n|t:|1628617983\n|switch|p2a: Mawile|Mawile, M|100\/100\n|-ability|p2a: Mawile|Intimidate|boost\n|-unboost|p1a: Kommo-o|atk|1\n|move|p1a: Kommo-o|Stealth Rock|p2a: Mawile\n|-sidestart|p2: yhdrslb|move: Stealth Rock\n|\n|-heal|p1a: Kommo-o|100\/100 brn|[from] item: Leftovers\n|-damage|p1a: Kommo-o|94\/100 brn|[from] brn\n|upkeep\n|turn|8\n|\n|t:|1628617986\n|switch|p1a: Corviknight|Corviknight, M|100\/100\n|-ability|p1a: Corviknight|Pressure\n|switch|p2a: Rotom|Rotom-Wash|100\/100\n|-damage|p2a: Rotom|88\/100|[from] Stealth Rock\n|\n|-heal|p2a: Rotom|94\/100|[from] item: Leftovers\n|upkeep\n|turn|9\n|\n|t:|1628617992\n|switch|p1a: Kommo-o|Kommo-o, M|94\/100 brn\n|move|p2a: Rotom|Hydro Pump|p1a: Kommo-o\n|-resisted|p1a: Kommo-o\n|-damage|p1a: Kommo-o|82\/100 brn\n|\n|-heal|p2a: Rotom|100\/100|[from] item: Leftovers\n|-heal|p1a: Kommo-o|88\/100 brn|[from] item: Leftovers\n|-damage|p1a: Kommo-o|82\/100 brn|[from] brn\n|upkeep\n|turn|10\n|\n|t:|1628617998\n|move|p1a: Kommo-o|Toxic|p2a: Rotom\n|-status|p2a: Rotom|tox\n|move|p2a: Rotom|Volt Switch|p1a: Kommo-o\n|-resisted|p1a: Kommo-o\n|-damage|p1a: Kommo-o|73\/100 brn\n|\n|t:|1628618000\n|switch|p2a: Mawile|Mawile, M|100\/100|[from]move: Volt Switch\n|-damage|p2a: Mawile|94\/100|[from] Stealth Rock\n|-ability|p2a: Mawile|Intimidate|boost\n|-unboost|p1a: Kommo-o|atk|1\n|\n|-heal|p1a: Kommo-o|80\/100 brn|[from] item: Leftovers\n|-damage|p1a: Kommo-o|73\/100 brn|[from] brn\n|upkeep\n|turn|11\n|\n|t:|1628618004\n|switch|p1a: Corviknight|Corviknight, M|100\/100\n|-ability|p1a: Corviknight|Pressure\n|switch|p2a: Rotom|Rotom-Wash|100\/100 tox\n|-damage|p2a: Rotom|88\/100 tox|[from] Stealth Rock\n|\n|-heal|p2a: Rotom|94\/100 tox|[from] item: Leftovers\n|-damage|p2a: Rotom|88\/100 tox|[from] psn\n|upkeep\n|turn|12\n|\n|t:|1628618007\n|switch|p1a: Kommo-o|Kommo-o, M|73\/100 brn\n|move|p2a: Rotom|Volt Switch|p1a: Kommo-o\n|-resisted|p1a: Kommo-o\n|-damage|p1a: Kommo-o|65\/100 brn\n|\n|t:|1628618014\n|switch|p2a: Jirachi|Jirachi|100\/100|[from]move: Volt Switch\n|-damage|p2a: Jirachi|94\/100|[from] Stealth Rock\n|\n|-heal|p1a: Kommo-o|71\/100 brn|[from] item: Leftovers\n|-damage|p1a: Kommo-o|65\/100 brn|[from] brn\n|upkeep\n|turn|13\n|\n|t:|1628618018\n|switch|p1a: Umbreon|Umbreon, F|100\/100\n|move|p2a: Jirachi|U-turn|p1a: Umbreon\n|-supereffective|p1a: Umbreon\n|-damage|p1a: Umbreon|68\/100\n|\n|t:|1628618022\n|switch|p2a: Mawile|Mawile, M|94\/100|[from]move: U-turn\n|-damage|p2a: Mawile|88\/100|[from] Stealth Rock\n|-ability|p2a: Mawile|Intimidate|boost\n|-unboost|p1a: Umbreon|atk|1\n|\n|-heal|p1a: Umbreon|74\/100|[from] item: Leftovers\n|upkeep\n|turn|14\n|\n|t:|1628618025\n|switch|p2a: Volcarona|Volcarona, F|100\/100\n|switch|p1a: Corviknight|Corviknight, M|100\/100\n|-ability|p1a: Corviknight|Pressure\n|\n|upkeep\n|turn|15\n|\n|t:|1628618030\n|switch|p2a: Hoopa|Hoopa-Unbound|100\/100\n|-damage|p2a: Hoopa|88\/100|[from] Stealth Rock\n|switch|p1a: Kommo-o|Kommo-o, M|65\/100 brn\n|\n|-heal|p1a: Kommo-o|71\/100 brn|[from] item: Leftovers\n|-damage|p1a: Kommo-o|65\/100 brn|[from] brn\n|upkeep\n|turn|16\n|\n|t:|1628618035\n|switch|p1a: Umbreon|Umbreon, F|74\/100\n|move|p2a: Hoopa|Hyperspace Fury|p1a: Umbreon\n|-resisted|p1a: Umbreon\n|-damage|p1a: Umbreon|39\/100\n|-unboost|p2a: Hoopa|def|1\n|\n|-heal|p1a: Umbreon|45\/100|[from] item: Leftovers\n|upkeep\n|turn|17\n|\n|t:|1628618041\n|switch|p2a: Volcarona|Volcarona, F|100\/100\n|move|p1a: Umbreon|Wish|p1a: Umbreon\n|\n|-heal|p1a: Umbreon|51\/100|[from] item: Leftovers\n|upkeep\n|turn|18\n|\n|t:|1628618044\n|move|p1a: Umbreon|Protect|p1a: Umbreon\n|-singleturn|p1a: Umbreon|Protect\n|move|p2a: Volcarona|Quiver Dance|p2a: Volcarona\n|-boost|p2a: Volcarona|spa|1\n|-boost|p2a: Volcarona|spd|1\n|-boost|p2a: Volcarona|spe|1\n|\n|-heal|p1a: Umbreon|100\/100|[from] move: Wish|[wisher] Umbreon\n|upkeep\n|turn|19\n|\n|t:|1628618049\n|move|p2a: Volcarona|Fiery Dance|p1a: Umbreon\n|-damage|p1a: Umbreon|69\/100\n|move|p1a: Umbreon|Wish|p1a: Umbreon\n|\n|-heal|p1a: Umbreon|75\/100|[from] item: Leftovers\n|upkeep\n|turn|20\n|\n|t:|1628618052\n|switch|p1a: Kommo-o|Kommo-o, M|65\/100 brn\n|move|p2a: Volcarona|Quiver Dance|p2a: Volcarona\n|-boost|p2a: Volcarona|spa|1\n|-boost|p2a: Volcarona|spd|1\n|-boost|p2a: Volcarona|spe|1\n|\n|-heal|p1a: Kommo-o|100\/100 brn|[from] move: Wish|[wisher] Umbreon\n|-damage|p1a: Kommo-o|94\/100 brn|[from] brn\n|upkeep\n|turn|21\n|\n|t:|1628618056\n|switch|p2a: Jirachi|Jirachi|94\/100\n|-damage|p2a: Jirachi|88\/100|[from] Stealth Rock\n|move|p1a: Kommo-o|Toxic|p2a: Jirachi\n|-immune|p2a: Jirachi\n|\n|-heal|p1a: Kommo-o|100\/100 brn|[from] item: Leftovers\n|-damage|p1a: Kommo-o|94\/100 brn|[from] brn\n|upkeep\n|turn|22\n|\n|t:|1628618063\n|switch|p1a: Slowking|Slowking-Galar, M|100\/100\n|move|p2a: Jirachi|Trick|p1a: Slowking\n|-activate|p2a: Jirachi|move: Trick|[of] p1a: Slowking\n|-item|p1a: Slowking|Choice Scarf|[from] move: Trick\n|-item|p2a: Jirachi|Assault Vest|[from] move: Trick\n|\n|upkeep\n|turn|23\n|\n|t:|1628618068\n|switch|p2a: Garchomp|Garchomp, M|100\/100\n|-damage|p2a: Garchomp|94\/100|[from] Stealth Rock\n|move|p1a: Slowking|Future Sight|p2a: Garchomp\n|-start|p1a: Slowking|move: Future Sight\n|\n|upkeep\n|turn|24\n|\n|t:|1628618072\n|switch|p1a: Corviknight|Corviknight, M|100\/100\n|-ability|p1a: Corviknight|Pressure\n|move|p2a: Garchomp|Stealth Rock|p1a: Corviknight\n|-sidestart|p1: NDLT2UTIGodlyness|move: Stealth Rock\n|\n|upkeep\n|turn|25\n|\n|t:|1628618077\n|switch|p2a: Jirachi|Jirachi|88\/100\n|-damage|p2a: Jirachi|82\/100|[from] Stealth Rock\n|move|p1a: Corviknight|Body Press|p2a: Jirachi\n|-damage|p2a: Jirachi|54\/100\n|\n|-end|p2a: Jirachi|move: Future Sight\n|-resisted|p2a: Jirachi\n|-damage|p2a: Jirachi|47\/100\n|upkeep\n|turn|26\n|\n|t:|1628618085\n|switch|p2a: Garchomp|Garchomp, M|94\/100\n|-damage|p2a: Garchomp|88\/100|[from] Stealth Rock\n|switch|p1a: Slowking|Slowking-Galar, M|100\/100\n|-damage|p1a: Slowking|88\/100|[from] Stealth Rock\n|\n|upkeep\n|turn|27\n|\n|t:|1628618088\n|move|p2a: Garchomp|Swords Dance|p2a: Garchomp\n|-boost|p2a: Garchomp|atk|2\n|move|p1a: Slowking|Ice Beam|p2a: Garchomp\n|-supereffective|p2a: Garchomp\n|-damage|p2a: Garchomp|0 fnt\n|faint|p2a: Garchomp\n|\n|upkeep\n|\n|t:|1628618091\n|switch|p2a: Volcarona|Volcarona, F|100\/100\n|turn|28\n|\n|t:|1628618094\n|switch|p1a: Kommo-o|Kommo-o, M|94\/100 brn\n|-damage|p1a: Kommo-o|88\/100 brn|[from] Stealth Rock\n|move|p2a: Volcarona|Quiver Dance|p2a: Volcarona\n|-boost|p2a: Volcarona|spa|1\n|-boost|p2a: Volcarona|spd|1\n|-boost|p2a: Volcarona|spe|1\n|\n|-heal|p1a: Kommo-o|94\/100 brn|[from] item: Leftovers\n|-damage|p1a: Kommo-o|88\/100 brn|[from] brn\n|upkeep\n|turn|29\n|\n|t:|1628618097\n|switch|p2a: Jirachi|Jirachi|47\/100\n|-damage|p2a: Jirachi|41\/100|[from] Stealth Rock\n|move|p1a: Kommo-o|Toxic|p2a: Jirachi\n|-immune|p2a: Jirachi\n|\n|-heal|p1a: Kommo-o|94\/100 brn|[from] item: Leftovers\n|-damage|p1a: Kommo-o|88\/100 brn|[from] brn\n|upkeep\n|turn|30\n|\n|t:|1628618102\n|switch|p1a: Slowking|Slowking-Galar, M|100\/100\n|-damage|p1a: Slowking|88\/100|[from] Stealth Rock\n|move|p2a: Jirachi|U-turn|p1a: Slowking\n|-damage|p1a: Slowking|66\/100\n|\n|t:|1628618110\n|switch|p2a: Volcarona|Volcarona, F|100\/100|[from]move: U-turn\n|\n|upkeep\n|turn|31\n|\n|t:|1628618115\n|switch|p2a: Jirachi|Jirachi|41\/100\n|-damage|p2a: Jirachi|35\/100|[from] Stealth Rock\n|switch|p1a: Kommo-o|Kommo-o, M|88\/100 brn\n|-damage|p1a: Kommo-o|82\/100 brn|[from] Stealth Rock\n|\n|-heal|p1a: Kommo-o|88\/100 brn|[from] item: Leftovers\n|-damage|p1a: Kommo-o|82\/100 brn|[from] brn\n|upkeep\n|turn|32\n|\n|t:|1628618120\n|switch|p1a: Slowking|Slowking-Galar, M|99\/100\n|-damage|p1a: Slowking|87\/100|[from] Stealth Rock\n|move|p2a: Jirachi|U-turn|p1a: Slowking\n|-damage|p1a: Slowking|67\/100\n|\n|t:|1628618124\n|switch|p2a: Volcarona|Volcarona, F|100\/100|[from]move: U-turn\n|\n|upkeep\n|turn|33\n|\n|t:|1628618127\n|switch|p2a: Jirachi|Jirachi|35\/100\n|-damage|p2a: Jirachi|29\/100|[from] Stealth Rock\n|switch|p1a: Kommo-o|Kommo-o, M|82\/100 brn\n|-damage|p1a: Kommo-o|76\/100 brn|[from] Stealth Rock\n|\n|-heal|p1a: Kommo-o|82\/100 brn|[from] item: Leftovers\n|-damage|p1a: Kommo-o|76\/100 brn|[from] brn\n|upkeep\n|turn|34\n|\n|t:|1628618132\n|switch|p1a: Slowking|Slowking-Galar, M|99\/100\n|-damage|p1a: Slowking|88\/100|[from] Stealth Rock\n|move|p2a: Jirachi|Iron Head|p1a: Slowking\n|-damage|p1a: Slowking|50\/100\n|\n|upkeep\n|turn|35\n|\n|t:|1628618137\n|move|p2a: Jirachi|U-turn|p1a: Slowking\n|-damage|p1a: Slowking|29\/100\n|\n|t:|1628618142\n|switch|p2a: Mawile|Mawile, M|88\/100|[from]move: U-turn\n|-damage|p2a: Mawile|82\/100|[from] Stealth Rock\n|-ability|p2a: Mawile|Intimidate|boost\n|-unboost|p1a: Slowking|atk|1\n|move|p1a: Slowking|Flamethrower|p2a: Mawile\n|-supereffective|p2a: Mawile\n|-damage|p2a: Mawile|0 fnt\n|faint|p2a: Mawile\n|\n|upkeep\n|\n|t:|1628618147\n|switch|p2a: Volcarona|Volcarona, F|100\/100\n|turn|36\n|\n|t:|1628618150\n|switch|p1a: Kommo-o|Kommo-o, M|76\/100 brn\n|-damage|p1a: Kommo-o|69\/100 brn|[from] Stealth Rock\n|move|p2a: Volcarona|Quiver Dance|p2a: Volcarona\n|-boost|p2a: Volcarona|spa|1\n|-boost|p2a: Volcarona|spd|1\n|-boost|p2a: Volcarona|spe|1\n|\n|-heal|p1a: Kommo-o|76\/100 brn|[from] item: Leftovers\n|-damage|p1a: Kommo-o|69\/100 brn|[from] brn\n|upkeep\n|turn|37\n|\n|t:|1628618155\n|switch|p2a: Jirachi|Jirachi|29\/100\n|-damage|p2a: Jirachi|23\/100|[from] Stealth Rock\n|move|p1a: Kommo-o|Toxic|p2a: Jirachi\n|-immune|p2a: Jirachi\n|\n|-heal|p1a: Kommo-o|76\/100 brn|[from] item: Leftovers\n|-damage|p1a: Kommo-o|69\/100 brn|[from] brn\n|upkeep\n|turn|38\n|\n|t:|1628618160\n|switch|p1a: Slowking|Slowking-Galar, M|63\/100\n|-damage|p1a: Slowking|50\/100|[from] Stealth Rock\n|move|p2a: Jirachi|U-turn|p1a: Slowking\n|-damage|p1a: Slowking|28\/100\n|\n|t:|1628618164\n|switch|p2a: Rotom|Rotom-Wash|88\/100 tox|[from]move: U-turn\n|-damage|p2a: Rotom|75\/100 tox|[from] Stealth Rock\n|\n|-heal|p2a: Rotom|82\/100 tox|[from] item: Leftovers\n|-damage|p2a: Rotom|75\/100 tox|[from] psn\n|upkeep\n|turn|39\n|\n|t:|1628618168\n|switch|p1a: Umbreon|Umbreon, F|75\/100\n|-damage|p1a: Umbreon|63\/100|[from] Stealth Rock\n|move|p2a: Rotom|Volt Switch|p1a: Umbreon\n|-damage|p1a: Umbreon|49\/100\n|\n|t:|1628618173\n|switch|p2a: Jirachi|Jirachi|23\/100|[from]move: Volt Switch\n|-damage|p2a: Jirachi|17\/100|[from] Stealth Rock\n|\n|-heal|p1a: Umbreon|55\/100|[from] item: Leftovers\n|upkeep\n|turn|40\n|\n|t:|1628618179\n|switch|p2a: Volcarona|Volcarona, F|100\/100\n|move|p1a: Umbreon|Protect||[still]\n|-fail|p1a: Umbreon\n|\n|-heal|p1a: Umbreon|61\/100|[from] item: Leftovers\n|upkeep\n|turn|41\n|\n|t:|1628618183\n|switch|p1a: Kommo-o|Kommo-o, M|69\/100 brn\n|-damage|p1a: Kommo-o|63\/100 brn|[from] Stealth Rock\n|move|p2a: Volcarona|Quiver Dance|p2a: Volcarona\n|-boost|p2a: Volcarona|spa|1\n|-boost|p2a: Volcarona|spd|1\n|-boost|p2a: Volcarona|spe|1\n|\n|-heal|p1a: Kommo-o|69\/100 brn|[from] item: Leftovers\n|-damage|p1a: Kommo-o|63\/100 brn|[from] brn\n|upkeep\n|turn|42\n|\n|t:|1628618187\n|move|p2a: Volcarona|Fiery Dance|p1a: Kommo-o\n|-resisted|p1a: Kommo-o\n|-damage|p1a: Kommo-o|41\/100 brn\n|move|p1a: Kommo-o|Toxic|p2a: Volcarona\n|-status|p2a: Volcarona|tox\n|\n|-heal|p1a: Kommo-o|47\/100 brn|[from] item: Leftovers\n|-damage|p2a: Volcarona|94\/100 tox|[from] psn\n|-damage|p1a: Kommo-o|41\/100 brn|[from] brn\n|upkeep\n|turn|43\n|-message|yhdrslb forfeited.\n|\n|win|NDLT2UTIGodlyness\n|raw|NDLT2UTIGodlyness's rating: 1640 &rarr; <strong>1657<\/strong><br \/>(+17 for winning)\n|raw|yhdrslb's rating: 1581 &rarr; <strong>1564<\/strong><br \/>(-17 for losing)\n|l|\u2606yhdrslb\n","uploadtime":1628618201,"views":7,"p1id":"ndlt2utigodlyness","p2id":"yhdrslb","formatid":"gen8nationaldex","rating":1564,"private":0,"password":null}