{"id":"gen8battlefactory-1676926049","p1":"blerg","p2":"Buhrito","format":"gen8battlefactory","log":"|j|\u2606blerg\n|j|\u2606Buhrito\n|t:|1664835689\n|gametype|singles\n|player|p1|blerg|aaron|1377\n|player|p2|Buhrito|169|1421\n|teamsize|p1|6\n|teamsize|p2|6\n|gen|8\n|tier|[Gen 8] Battle Factory\n|rated|\n|rule|Sleep Clause Mod: Limit one foe put to sleep\n|rule|Species Clause: Limit one of each Pok\u00e9mon\n|rule|OHKO Clause: OHKO moves are banned\n|rule|Evasion Items Clause: Evasion items are banned\n|rule|Evasion Moves Clause: Evasion moves are banned\n|rule|Endless Battle Clause: Forcing endless battles is banned\n|rule|HP Percentage Mod: HP is shown in percentages\n|rule|Dynamax Clause: You cannot dynamax\n|clearpoke\n|poke|p1|Exeggutor-Alola, M|\n|poke|p1|Rotom-Mow|\n|poke|p1|Guzzlord|\n|poke|p1|Inteleon, F|\n|poke|p1|Diancie|\n|poke|p1|Mantine, F|\n|poke|p2|Guzzlord|\n|poke|p2|Grimmsnarl, M|\n|poke|p2|Rotom-Mow|\n|poke|p2|Escavalier, M|\n|poke|p2|Mudsdale, F|\n|poke|p2|Tsareena, F|\n|teampreview\n|\n|t:|1664835717\n|start\n|switch|p1a: Diancie|Diancie|304\/304\n|switch|p2a: Guzzlord|Guzzlord|587\/587\n|turn|1\n|\n|t:|1664835726\n|move|p1a: Diancie|Stealth Rock|p2a: Guzzlord\n|-sidestart|p2: Buhrito|move: Stealth Rock\n|move|p2a: Guzzlord|Heavy Slam|p1a: Diancie\n|-supereffective|p1a: Diancie\n|-damage|p1a: Diancie|56\/304\n|\n|-heal|p1a: Diancie|75\/304|[from] item: Leftovers\n|upkeep\n|turn|2\n|\n|t:|1664835772\n|move|p1a: Diancie|Moonblast|p2a: Guzzlord\n|-supereffective|p2a: Guzzlord\n|-damage|p2a: Guzzlord|163\/587\n|move|p2a: Guzzlord|Heavy Slam|p1a: Diancie\n|-supereffective|p1a: Diancie\n|-damage|p1a: Diancie|0 fnt\n|faint|p1a: Diancie\n|-ability|p2a: Guzzlord|Beast Boost|boost\n|-boost|p2a: Guzzlord|atk|1\n|\n|-heal|p2a: Guzzlord|199\/587|[from] item: Leftovers\n|upkeep\n|\n|t:|1664835780\n|switch|p1a: Inteleon|Inteleon, F|281\/281\n|turn|3\n|\n|t:|1664835791\n|move|p2a: Guzzlord|Protect|p2a: Guzzlord\n|-singleturn|p2a: Guzzlord|Protect\n|move|p1a: Inteleon|Ice Beam|p2a: Guzzlord\n|-activate|p2a: Guzzlord|move: Protect\n|\n|-heal|p2a: Guzzlord|235\/587|[from] item: Leftovers\n|upkeep\n|turn|4\n|\n|t:|1664835799\n|move|p1a: Inteleon|Ice Beam|p2a: Guzzlord\n|-supereffective|p2a: Guzzlord\n|-damage|p2a: Guzzlord|0 fnt\n|faint|p2a: Guzzlord\n|\n|upkeep\n|\n|t:|1664835807\n|switch|p2a: Escavalier|Escavalier, M|344\/344\n|-damage|p2a: Escavalier|301\/344|[from] Stealth Rock\n|turn|5\n|\n|t:|1664835811\n|switch|p1a: Mantine|Mantine, F|374\/374\n|move|p2a: Escavalier|Toxic|p1a: Mantine\n|-status|p1a: Mantine|tox\n|\n|-heal|p2a: Escavalier|322\/344|[from] item: Leftovers\n|-damage|p1a: Mantine|351\/374 tox|[from] psn\n|upkeep\n|turn|6\n|\n|t:|1664835817\n|switch|p1a: Exeggutor|Exeggutor-Alola, M|331\/331\n|move|p2a: Escavalier|Protect||[still]\n|-fail|p2a: Escavalier\n|\n|-heal|p2a: Escavalier|343\/344|[from] item: Leftovers\n|upkeep\n|turn|7\n|\n|t:|1664835821\n|move|p2a: Escavalier|Protect|p2a: Escavalier\n|-singleturn|p2a: Escavalier|Protect\n|move|p1a: Exeggutor|Flamethrower|p2a: Escavalier\n|-activate|p2a: Escavalier|move: Protect\n|\n|-heal|p2a: Escavalier|344\/344|[from] item: Leftovers\n|upkeep\n|turn|8\n|\n|t:|1664835826\n|switch|p2a: Grimmsnarl|Grimmsnarl, M|332\/332\n|-damage|p2a: Grimmsnarl|291\/332|[from] Stealth Rock\n|-item|p1a: Exeggutor|Sitrus Berry|[from] ability: Frisk|[of] p2a: Grimmsnarl|[identify]\n|move|p1a: Exeggutor|Leaf Storm|p2a: Grimmsnarl\n|-damage|p2a: Grimmsnarl|0 fnt\n|-unboost|p1a: Exeggutor|spa|2\n|faint|p2a: Grimmsnarl\n|\n|upkeep\n|\n|t:|1664835838\n|switch|p2a: Tsareena|Tsareena, F|286\/286\n|-damage|p2a: Tsareena|251\/286|[from] Stealth Rock\n|turn|9\n|\n|t:|1664835845\n|switch|p1a: Mantine|Mantine, F|351\/374 tox\n|move|p2a: Tsareena|Rapid Spin|p1a: Mantine\n|-damage|p1a: Mantine|288\/374 tox\n|-boost|p2a: Tsareena|spe|1\n|-sideend|p2: Buhrito|Stealth Rock|[from] move: Rapid Spin|[of] p2a: Tsareena\n|\n|-damage|p1a: Mantine|265\/374 tox|[from] psn\n|upkeep\n|turn|10\n|\n|t:|1664835853\n|move|p2a: Tsareena|Power Whip|p1a: Mantine\n|-damage|p1a: Mantine|64\/374 tox\n|move|p1a: Mantine|Roost|p1a: Mantine\n|-heal|p1a: Mantine|251\/374 tox\n|-singleturn|p1a: Mantine|move: Roost\n|\n|-damage|p1a: Mantine|205\/374 tox|[from] psn\n|upkeep\n|turn|11\n|\n|t:|1664835861\n|move|p2a: Tsareena|Power Whip|p1a: Mantine\n|-damage|p1a: Mantine|0 fnt\n|faint|p1a: Mantine\n|\n|upkeep\n|\n|t:|1664835867\n|switch|p1a: Guzzlord|Guzzlord|587\/587\n|turn|12\n|\n|t:|1664835872\n|move|p2a: Tsareena|Triple Axel|p1a: Guzzlord\n|-supereffective|p1a: Guzzlord\n|-damage|p1a: Guzzlord|515\/587\n|-supereffective|p1a: Guzzlord\n|-damage|p1a: Guzzlord|373\/587\n|-supereffective|p1a: Guzzlord\n|-damage|p1a: Guzzlord|177\/587\n|-hitcount|p1a: Guzzlord|3\n|move|p1a: Guzzlord|Knock Off|p2a: Tsareena\n|-damage|p2a: Tsareena|137\/286\n|-enditem|p2a: Tsareena|Protective Pads|[from] move: Knock Off|[of] p1a: Guzzlord\n|\n|-heal|p1a: Guzzlord|213\/587|[from] item: Leftovers\n|upkeep\n|turn|13\n|\n|t:|1664835881\n|move|p1a: Guzzlord|Protect|p1a: Guzzlord\n|-singleturn|p1a: Guzzlord|Protect\n|move|p2a: Tsareena|Triple Axel|p1a: Guzzlord\n|-activate|p1a: Guzzlord|move: Protect\n|\n|-heal|p1a: Guzzlord|249\/587|[from] item: Leftovers\n|upkeep\n|turn|14\n|\n|t:|1664835886\n|switch|p1a: Inteleon|Inteleon, F|281\/281\n|move|p2a: Tsareena|Triple Axel|p1a: Inteleon\n|-resisted|p1a: Inteleon\n|-damage|p1a: Inteleon|265\/281\n|-resisted|p1a: Inteleon\n|-damage|p1a: Inteleon|234\/281\n|-resisted|p1a: Inteleon\n|-crit|p1a: Inteleon\n|-damage|p1a: Inteleon|162\/281\n|-hitcount|p1a: Inteleon|3\n|\n|upkeep\n|turn|15\n|\n|t:|1664835899\n|move|p2a: Tsareena|Triple Axel|p1a: Inteleon\n|-resisted|p1a: Inteleon\n|-damage|p1a: Inteleon|145\/281\n|-resisted|p1a: Inteleon\n|-damage|p1a: Inteleon|113\/281\n|-hitcount|p1a: Inteleon|2\n|move|p1a: Inteleon|U-turn|p2a: Tsareena\n|-supereffective|p2a: Tsareena\n|-damage|p2a: Tsareena|63\/286\n|\n|t:|1664835907\n|switch|p1a: Guzzlord|Guzzlord|249\/587\n|\n|-heal|p1a: Guzzlord|285\/587|[from] item: Leftovers\n|upkeep\n|turn|16\n|\n|t:|1664835913\n|move|p1a: Guzzlord|Protect|p1a: Guzzlord\n|-singleturn|p1a: Guzzlord|Protect\n|move|p2a: Tsareena|Triple Axel|p1a: Guzzlord\n|-activate|p1a: Guzzlord|move: Protect\n|\n|-heal|p1a: Guzzlord|321\/587|[from] item: Leftovers\n|upkeep\n|turn|17\n|\n|t:|1664835915\n|move|p2a: Tsareena|Triple Axel|p1a: Guzzlord|[miss]\n|-miss|p2a: Tsareena|p1a: Guzzlord\n|move|p1a: Guzzlord|Knock Off|p2a: Tsareena\n|-crit|p2a: Tsareena\n|-damage|p2a: Tsareena|0 fnt\n|faint|p2a: Tsareena\n|-ability|p1a: Guzzlord|Beast Boost|boost\n|-boost|p1a: Guzzlord|atk|1\n|\n|-heal|p1a: Guzzlord|357\/587|[from] item: Leftovers\n|upkeep\n|\n|t:|1664835922\n|switch|p2a: Mudsdale|Mudsdale, F|404\/404\n|turn|18\n|\n|t:|1664835927\n|move|p1a: Guzzlord|Knock Off|p2a: Mudsdale\n|-damage|p2a: Mudsdale|283\/404\n|-ability|p2a: Mudsdale|Stamina|boost\n|-boost|p2a: Mudsdale|def|1\n|-enditem|p2a: Mudsdale|Leftovers|[from] move: Knock Off|[of] p1a: Guzzlord\n|move|p2a: Mudsdale|Stealth Rock|p1a: Guzzlord\n|-sidestart|p1: blerg|move: Stealth Rock\n|\n|-heal|p1a: Guzzlord|393\/587|[from] item: Leftovers\n|upkeep\n|turn|19\n|\n|t:|1664835930\n|move|p1a: Guzzlord|Toxic|p2a: Mudsdale\n|-status|p2a: Mudsdale|tox\n|move|p2a: Mudsdale|Toxic|p1a: Guzzlord\n|-status|p1a: Guzzlord|tox\n|\n|-heal|p1a: Guzzlord|429\/587 tox|[from] item: Leftovers\n|-damage|p1a: Guzzlord|393\/587 tox|[from] psn\n|-damage|p2a: Mudsdale|258\/404 tox|[from] psn\n|upkeep\n|turn|20\n|\n|t:|1664835935\n|move|p1a: Guzzlord|Knock Off|p2a: Mudsdale\n|-damage|p2a: Mudsdale|198\/404 tox\n|-ability|p2a: Mudsdale|Stamina|boost\n|-boost|p2a: Mudsdale|def|1\n|move|p2a: Mudsdale|Body Press|p1a: Guzzlord\n|-supereffective|p1a: Guzzlord\n|-damage|p1a: Guzzlord|0 fnt\n|faint|p1a: Guzzlord\n|\n|-damage|p2a: Mudsdale|148\/404 tox|[from] psn\n|upkeep\n|\n|t:|1664835942\n|switch|p1a: Inteleon|Inteleon, F|113\/281\n|-damage|p1a: Inteleon|78\/281|[from] Stealth Rock\n|turn|21\n|\n|t:|1664835972\n|switch|p2a: Escavalier|Escavalier, M|344\/344\n|move|p1a: Inteleon|Ice Beam|p2a: Escavalier\n|-resisted|p2a: Escavalier\n|-damage|p2a: Escavalier|294\/344\n|\n|-heal|p2a: Escavalier|315\/344|[from] item: Leftovers\n|upkeep\n|turn|22\n|\n|t:|1664835981\n|move|p1a: Inteleon|Ice Beam|p2a: Escavalier\n|-resisted|p2a: Escavalier\n|-damage|p2a: Escavalier|264\/344\n|move|p2a: Escavalier|Knock Off|p1a: Inteleon\n|-damage|p1a: Inteleon|0 fnt\n|-enditem|p1a: Inteleon|Choice Specs|[from] move: Knock Off|[of] p2a: Escavalier\n|faint|p1a: Inteleon\n|\n|-heal|p2a: Escavalier|285\/344|[from] item: Leftovers\n|upkeep\n|\n|t:|1664835982\n|switch|p1a: Exeggutor|Exeggutor-Alola, M|331\/331\n|-damage|p1a: Exeggutor|290\/331|[from] Stealth Rock\n|turn|23\n|\n|t:|1664835995\n|move|p2a: Escavalier|Protect|p2a: Escavalier\n|-singleturn|p2a: Escavalier|Protect\n|move|p1a: Exeggutor|Flamethrower|p2a: Escavalier\n|-activate|p2a: Escavalier|move: Protect\n|\n|-heal|p2a: Escavalier|306\/344|[from] item: Leftovers\n|upkeep\n|turn|24\n|inactive|Battle timer is ON: inactive players will automatically lose when time's up. (requested by blerg)\n|\n|t:|1664836048\n|move|p1a: Exeggutor|Flamethrower|p2a: Escavalier\n|-supereffective|p2a: Escavalier\n|-damage|p2a: Escavalier|6\/344\n|move|p2a: Escavalier|Toxic|p1a: Exeggutor\n|-status|p1a: Exeggutor|tox\n|\n|-heal|p2a: Escavalier|27\/344|[from] item: Leftovers\n|-damage|p1a: Exeggutor|270\/331 tox|[from] psn\n|upkeep\n|turn|25\n|\n|t:|1664836075\n|switch|p1a: Rotom|Rotom-Mow|241\/241\n|-damage|p1a: Rotom|211\/241|[from] Stealth Rock\n|move|p2a: Escavalier|Protect||[still]\n|-fail|p2a: Escavalier\n|\n|-heal|p1a: Rotom|226\/241|[from] item: Leftovers\n|-heal|p2a: Escavalier|48\/344|[from] item: Leftovers\n|upkeep\n|turn|26\n|\n|t:|1664836092\n|move|p2a: Escavalier|Protect|p2a: Escavalier\n|-singleturn|p2a: Escavalier|Protect\n|move|p1a: Rotom|Volt Switch|p2a: Escavalier\n|-activate|p2a: Escavalier|move: Protect\n|\n|-heal|p1a: Rotom|241\/241|[from] item: Leftovers\n|-heal|p2a: Escavalier|69\/344|[from] item: Leftovers\n|upkeep\n|turn|27\n|\n|t:|1664836106\n|switch|p2a: Mudsdale|Mudsdale, F|148\/404 tox\n|move|p1a: Rotom|Volt Switch|p2a: Mudsdale\n|-immune|p2a: Mudsdale\n|\n|-damage|p2a: Mudsdale|123\/404 tox|[from] psn\n|upkeep\n|turn|28\n|\n|t:|1664836110\n|switch|p2a: Escavalier|Escavalier, M|69\/344\n|move|p1a: Rotom|Defog|p2a: Escavalier\n|-unboost|p2a: Escavalier|evasion|1\n|-sideend|p1: blerg|Stealth Rock|[from] move: Defog|[of] p1a: Rotom\n|\n|-heal|p2a: Escavalier|90\/344|[from] item: Leftovers\n|upkeep\n|turn|29\n|\n|t:|1664836113\n|move|p2a: Escavalier|Protect|p2a: Escavalier\n|-singleturn|p2a: Escavalier|Protect\n|move|p1a: Rotom|Volt Switch|p2a: Escavalier\n|-activate|p2a: Escavalier|move: Protect\n|\n|-heal|p2a: Escavalier|111\/344|[from] item: Leftovers\n|upkeep\n|turn|30\n|\n|t:|1664836117\n|move|p2a: Escavalier|Protect||[still]\n|-fail|p2a: Escavalier\n|move|p1a: Rotom|Volt Switch|p2a: Escavalier\n|-damage|p2a: Escavalier|42\/344\n|\n|t:|1664836119\n|switch|p1a: Exeggutor|Exeggutor-Alola, M|270\/331 tox\n|\n|-heal|p2a: Escavalier|63\/344|[from] item: Leftovers\n|-damage|p1a: Exeggutor|250\/331 tox|[from] psn\n|upkeep\n|turn|31\n|\n|t:|1664836123\n|move|p2a: Escavalier|Protect|p2a: Escavalier\n|-singleturn|p2a: Escavalier|Protect\n|move|p1a: Exeggutor|Flamethrower|p2a: Escavalier\n|-activate|p2a: Escavalier|move: Protect\n|\n|-heal|p2a: Escavalier|84\/344|[from] item: Leftovers\n|-damage|p1a: Exeggutor|210\/331 tox|[from] psn\n|upkeep\n|turn|32\n|\n|t:|1664836126\n|switch|p2a: Mudsdale|Mudsdale, F|123\/404 tox\n|move|p1a: Exeggutor|Flamethrower|p2a: Mudsdale\n|-damage|p2a: Mudsdale|4\/404 tox\n|-ability|p2a: Mudsdale|Stamina|boost\n|-boost|p2a: Mudsdale|def|1\n|\n|-damage|p1a: Exeggutor|150\/331 tox|[from] psn\n|-damage|p2a: Mudsdale|0 fnt|[from] psn\n|faint|p2a: Mudsdale\n|upkeep\n|-enditem|p1a: Exeggutor|Sitrus Berry|[eat]\n|-heal|p1a: Exeggutor|232\/331 tox|[from] item: Sitrus Berry\n|\n|t:|1664836129\n|switch|p2a: Rotom|Rotom-Mow|241\/241\n|turn|33\n|\n|t:|1664836135\n|move|p2a: Rotom|Leaf Storm|p1a: Exeggutor\n|-resisted|p1a: Exeggutor\n|-damage|p1a: Exeggutor|164\/331 tox\n|-unboost|p2a: Rotom|spa|2\n|move|p1a: Exeggutor|Flamethrower|p2a: Rotom\n|-supereffective|p2a: Rotom\n|-damage|p2a: Rotom|13\/241\n|\n|-heal|p2a: Rotom|28\/241|[from] item: Leftovers\n|-damage|p1a: Exeggutor|84\/331 tox|[from] psn\n|upkeep\n|turn|34\n|\n|t:|1664836143\n|switch|p1a: Rotom|Rotom-Mow|241\/241\n|move|p2a: Rotom|Volt Switch|p1a: Rotom\n|-resisted|p1a: Rotom\n|-damage|p1a: Rotom|229\/241\n|\n|t:|1664836145\n|switch|p2a: Escavalier|Escavalier, M|84\/344\n|\n|-heal|p1a: Rotom|241\/241|[from] item: Leftovers\n|-heal|p2a: Escavalier|105\/344|[from] item: Leftovers\n|upkeep\n|turn|35\n|\n|t:|1664836152\n|move|p2a: Escavalier|Protect|p2a: Escavalier\n|-singleturn|p2a: Escavalier|Protect\n|move|p1a: Rotom|Leaf Storm|p2a: Escavalier\n|-activate|p2a: Escavalier|move: Protect\n|\n|-heal|p2a: Escavalier|126\/344|[from] item: Leftovers\n|upkeep\n|turn|36\n|\n|t:|1664836154\n|move|p1a: Rotom|Leaf Storm|p2a: Escavalier\n|-resisted|p2a: Escavalier\n|-damage|p2a: Escavalier|92\/344\n|-unboost|p1a: Rotom|spa|2\n|move|p2a: Escavalier|Toxic|p1a: Rotom\n|-status|p1a: Rotom|tox\n|\n|-heal|p2a: Escavalier|113\/344|[from] item: Leftovers\n|-damage|p1a: Rotom|226\/241 tox|[from] psn\n|upkeep\n|turn|37\n|\n|t:|1664836160\n|switch|p1a: Exeggutor|Exeggutor-Alola, M|84\/331 tox\n|move|p2a: Escavalier|Iron Head|p1a: Exeggutor\n|-damage|p1a: Exeggutor|0 fnt\n|faint|p1a: Exeggutor\n|\n|-heal|p2a: Escavalier|134\/344|[from] item: Leftovers\n|upkeep\n|-message|blerg forfeited.\n|\n|win|Buhrito\n|raw|blerg's rating: 1377 &rarr; <strong>1360<\/strong><br \/>(-17 for losing)\n|raw|Buhrito's rating: 1421 &rarr; <strong>1438<\/strong><br \/>(+17 for winning)\n|l|\u2606blerg\n","uploadtime":1664836171,"views":8,"p1id":"blerg","p2id":"buhrito","formatid":"gen8battlefactory","rating":1360,"private":0,"password":null}