{"id":"gen8ubers-1581499721","p1":"rooopos","p2":"ULT9NS KB","format":"gen8ubers","log":"|raw|<div class=\"broadcast-blue\"><strong>This battle is required to be public due to a player having a name starting with 'ult9ns'.<\/div>\n|j|\u2606rooopos\n|j|\u2606ULT9NS KB\n|t:|1653366825\n|gametype|singles\n|player|p1|rooopos|169|1473\n|player|p2|ULT9NS KB|102|1529\n|teamsize|p1|6\n|teamsize|p2|6\n|gen|8\n|tier|[Gen 8] Ubers\n|rated|\n|rule|Sleep Clause Mod: Limit one foe put to sleep\n|rule|Species Clause: Limit one of each Pok\u00e9mon\n|rule|OHKO Clause: OHKO moves are banned\n|rule|Evasion Moves Clause: Evasion moves are banned\n|rule|Endless Battle Clause: Forcing endless battles is banned\n|rule|HP Percentage Mod: HP is shown in percentages\n|rule|Dynamax Clause: You cannot dynamax\n|clearpoke\n|poke|p1|Marshadow|\n|poke|p1|Xerneas-*|\n|poke|p1|Eternatus|\n|poke|p1|Ho-Oh|\n|poke|p1|Yveltal|\n|poke|p1|Necrozma-Dusk-Mane|\n|poke|p2|Scolipede, F|\n|poke|p2|Zamazenta-*|\n|poke|p2|Yveltal|\n|poke|p2|Xerneas-*|\n|poke|p2|Eternatus|\n|poke|p2|Calyrex-Shadow|\n|teampreview\n|inactive|Battle timer is ON: inactive players will automatically lose when time's up. (requested by ULT9NS KB)\n|\n|t:|1653366853\n|start\n|switch|p1a: Ho-Oh|Ho-Oh, shiny|100\/100\n|switch|p2a: Scolipede|Scolipede, F|100\/100\n|turn|1\n|\n|t:|1653366857\n|move|p2a: Scolipede|Spikes|p1a: Ho-Oh\n|-sidestart|p1: rooopos|Spikes\n|move|p1a: Ho-Oh|Sacred Fire|p2a: Scolipede\n|-supereffective|p2a: Scolipede\n|-enditem|p2a: Scolipede|Focus Sash\n|-damage|p2a: Scolipede|1\/100\n|\n|-ability|p2a: Scolipede|Speed Boost|boost\n|-boost|p2a: Scolipede|spe|1\n|upkeep\n|turn|2\n|\n|t:|1653366865\n|move|p2a: Scolipede|Spikes|p1a: Ho-Oh\n|-sidestart|p1: rooopos|Spikes\n|move|p1a: Ho-Oh|Defog|p2a: Scolipede\n|-unboost|p2a: Scolipede|evasion|1\n|-sideend|p1: rooopos|Spikes|[from] move: Defog|[of] p1a: Ho-Oh\n|\n|-ability|p2a: Scolipede|Speed Boost|boost\n|-boost|p2a: Scolipede|spe|1\n|upkeep\n|turn|3\n|\n|t:|1653366868\n|move|p2a: Scolipede|Endeavor|p1a: Ho-Oh\n|-damage|p1a: Ho-Oh|1\/100\n|move|p1a: Ho-Oh|Sacred Fire|p2a: Scolipede\n|-supereffective|p2a: Scolipede\n|-damage|p2a: Scolipede|0 fnt\n|faint|p2a: Scolipede\n|\n|upkeep\n|\n|t:|1653366880\n|switch|p2a: Eternatus|Eternatus|100\/100\n|-ability|p2a: Eternatus|Pressure\n|turn|4\n|\n|t:|1653366884\n|switch|p1a: Necrozma|Necrozma-Dusk-Mane|100\/100\n|move|p2a: Eternatus|Substitute|p2a: Eternatus\n|-start|p2a: Eternatus|Substitute\n|-damage|p2a: Eternatus|76\/100\n|\n|upkeep\n|turn|5\n|\n|t:|1653366894\n|switch|p1a: Eternatus|Eternatus|100\/100\n|-ability|p1a: Eternatus|Pressure\n|move|p2a: Eternatus|Meteor Beam||[still]\n|-prepare|p2a: Eternatus|Meteor Beam\n|-boost|p2a: Eternatus|spa|1\n|-enditem|p2a: Eternatus|Power Herb\n|-anim|p2a: Eternatus|Meteor Beam|p1a: Eternatus\n|-damage|p1a: Eternatus|59\/100\n|\n|-heal|p1a: Eternatus|65\/100|[from] item: Black Sludge\n|upkeep\n|turn|6\n|\n|t:|1653366900\n|move|p2a: Eternatus|Dynamax Cannon|p1a: Eternatus\n|-supereffective|p1a: Eternatus\n|-damage|p1a: Eternatus|0 fnt\n|faint|p1a: Eternatus\n|\n|upkeep\n|\n|t:|1653366910\n|switch|p1a: Xerneas|Xerneas|100\/100\n|-ability|p1a: Xerneas|Fairy Aura\n|-item|p1a: Xerneas|Air Balloon\n|turn|7\n|\n|t:|1653366914\n|move|p2a: Eternatus|Flamethrower|p1a: Xerneas\n|-damage|p1a: Xerneas|63\/100\n|-status|p1a: Xerneas|brn\n|-enditem|p1a: Xerneas|Air Balloon\n|move|p1a: Xerneas|Moonblast|p2a: Eternatus\n|-end|p2a: Eternatus|Substitute\n|\n|-damage|p1a: Xerneas|57\/100 brn|[from] brn\n|upkeep\n|turn|8\n|\n|t:|1653366922\n|move|p2a: Eternatus|Flamethrower|p1a: Xerneas\n|-damage|p1a: Xerneas|20\/100 brn\n|move|p1a: Xerneas|Moonblast|p2a: Eternatus\n|-damage|p2a: Eternatus|30\/100\n|\n|-damage|p1a: Xerneas|14\/100 brn|[from] brn\n|upkeep\n|turn|9\n|\n|t:|1653366928\n|move|p2a: Eternatus|Flamethrower|p1a: Xerneas\n|-damage|p1a: Xerneas|0 fnt\n|faint|p1a: Xerneas\n|\n|upkeep\n|j| Ul nerd\n|\n|t:|1653366934\n|switch|p1a: Marshadow|Marshadow|100\/100\n|turn|10\n|\n|t:|1653366938\n|move|p1a: Marshadow|Shadow Sneak|p2a: Eternatus\n|-damage|p2a: Eternatus|0 fnt\n|faint|p2a: Eternatus\n|\n|upkeep\n|\n|t:|1653366941\n|switch|p2a: Yveltal|Yveltal|100\/100\n|-ability|p2a: Yveltal|Dark Aura\n|turn|11\n|\n|t:|1653366946\n|switch|p1a: Ho-Oh|Ho-Oh, shiny|34\/100\n|move|p2a: Yveltal|Knock Off|p1a: Ho-Oh\n|-damage|p1a: Ho-Oh|0 fnt\n|-enditem|p1a: Ho-Oh|Heavy-Duty Boots|[from] move: Knock Off|[of] p2a: Yveltal\n|faint|p1a: Ho-Oh\n|\n|upkeep\n|\n|t:|1653366953\n|switch|p1a: Yveltal|Yveltal|100\/100\n|-ability|p1a: Yveltal|Dark Aura\n|turn|12\n|\n|t:|1653366955\n|move|p2a: Yveltal|Knock Off|p1a: Yveltal\n|-resisted|p1a: Yveltal\n|-damage|p1a: Yveltal|70\/100\n|-enditem|p1a: Yveltal|Life Orb|[from] move: Knock Off|[of] p2a: Yveltal\n|move|p1a: Yveltal|Hone Claws|p1a: Yveltal\n|-boost|p1a: Yveltal|atk|1\n|-boost|p1a: Yveltal|accuracy|1\n|\n|upkeep\n|turn|13\n|\n|t:|1653366958\n|move|p2a: Yveltal|Taunt|p1a: Yveltal\n|-start|p1a: Yveltal|move: Taunt\n|cant|p1a: Yveltal|move: Taunt|Roost\n|\n|upkeep\n|turn|14\n|\n|t:|1653366964\n|switch|p2a: BIG BUNDA|Zamazenta-Crowned|100\/100\n|-ability|p2a: BIG BUNDA|Dauntless Shield|boost\n|-boost|p2a: BIG BUNDA|def|1\n|move|p1a: Yveltal|Acrobatics|p2a: BIG BUNDA\n|-damage|p2a: BIG BUNDA|55\/100\n|\n|upkeep\n|turn|15\n|\n|t:|1653366974\n|switch|p1a: Marshadow|Marshadow|100\/100\n|move|p2a: BIG BUNDA|Close Combat|p1a: Marshadow\n|-immune|p1a: Marshadow\n|\n|upkeep\n|turn|16\n|\n|t:|1653366982\n|move|p2a: BIG BUNDA|Behemoth Bash|p1a: Marshadow\n|-damage|p1a: Marshadow|37\/100\n|move|p1a: Marshadow|Bulk Up|p1a: Marshadow\n|-boost|p1a: Marshadow|atk|1\n|-boost|p1a: Marshadow|def|1\n|\n|upkeep\n|turn|17\n|\n|t:|1653366987\n|move|p2a: BIG BUNDA|Behemoth Bash|p1a: Marshadow\n|-damage|p1a: Marshadow|0 fnt\n|faint|p1a: Marshadow\n|\n|upkeep\n|-message|rooopos forfeited.\n|\n|win|ULT9NS KB\n|raw|rooopos's rating: 1473 &rarr; <strong>1456<\/strong><br \/>(-17 for losing)\n|raw|ULT9NS KB's rating: 1529 &rarr; <strong>1546<\/strong><br \/>(+17 for winning)\n|l|\u2606rooopos\n|l|\u2606ULT9NS KB\n|j|\u2606ULT9NS KB\n|player|p2|ULT9NS KB|rood\n|l|\u2606ULT9NS KB\n|player|p2|\n|j| Ult9ns louisix\n|l| Ult9ns louisix\n","uploadtime":1653367076,"views":4,"p1id":"rooopos","p2id":"ult9nskb","formatid":"gen8ubers","rating":1456,"private":0,"password":null}