{"id":"gen8metronomebattle-1690371071","p1":"Krychapl2","p2":"MinecraftUprising","format":"gen8metronomebattle","log":"|j|\u2606Krychapl2\n|j|\u2606MinecraftUprising\n|t:|1666271058\n|gametype|doubles\n|player|p1|Krychapl2|palmer|1323\n|player|p2|MinecraftUprising|scubadiver|1253\n|teamsize|p1|2\n|teamsize|p2|2\n|gen|8\n|tier|[Gen 8] Metronome Battle\n|rated|\n|rule|HP Percentage Mod: HP is shown in percentages\n|\n|t:|1666271058\n|start\n|switch|p1a: Manectric|Manectric, F, shiny|100\/100\n|switch|p1b: Goodra|Goodra, M|100\/100\n|switch|p2a: Pokestar UFO|Pokestar UFO|100\/100\n|switch|p2b: Heracross|Heracross-Mega, M|100\/100\n|-ability|p1a: Manectric|Intimidate|boost\n|-unboost|p2a: Pokestar UFO|atk|1\n|-unboost|p2b: Heracross|atk|1\n|-ability|p2b: Heracross|Intrepid Sword|boost\n|-boost|p2b: Heracross|atk|1\n|turn|1\n|inactive|Battle timer is ON: inactive players will automatically lose when time's up. (requested by Krychapl2)\n|inactive|MinecraftUprising also wants the timer to be on.\n|\n|t:|1666271066\n|detailschange|p1a: Manectric|Manectric-Mega, F, shiny\n|-mega|p1a: Manectric|Manectric|Manectite\n|-ability|p1a: Manectric|Intimidate|boost\n|-unboost|p2a: Pokestar UFO|atk|1\n|-unboost|p2b: Heracross|atk|1\n|move|p1a: Manectric|Metronome|p1a: Manectric\n|move|p1a: Manectric|Expanding Force|p2a: Pokestar UFO|[from]move: Metronome\n|-damage|p2a: Pokestar UFO|88\/100\n|move|p2a: Pokestar UFO|Metronome|p2a: Pokestar UFO\n|move|p2a: Pokestar UFO|Heal Bell||[from]move: Metronome|[still]\n|-activate|p2a: Pokestar UFO|move: Heal Bell\n|-fail|p2a: Pokestar UFO\n|move|p2b: Heracross|Metronome|p2b: Heracross\n|move|p2b: Heracross|Play Nice|p1b: Goodra|[from]move: Metronome\n|-unboost|p1b: Goodra|atk|1\n|move|p1b: Goodra|Metronome|p1b: Goodra\n|move|p1b: Goodra|Synthesis|p1b: Goodra|[from]move: Metronome\n|-fail|p1b: Goodra|heal\n|\n|upkeep\n|turn|2\n|\n|t:|1666271080\n|move|p1a: Manectric|Metronome|p1a: Manectric\n|move|p1a: Manectric|Grudge|p1a: Manectric|[from]move: Metronome\n|-singlemove|p1a: Manectric|Grudge\n|move|p2a: Pokestar UFO|Metronome|p2a: Pokestar UFO\n|move|p2a: Pokestar UFO|Lash Out|p1b: Goodra|[from]move: Metronome\n|-damage|p1b: Goodra|90\/100\n|move|p2b: Heracross|Metronome|p2b: Heracross\n|move|p2b: Heracross|Reflect|p2b: Heracross|[from]move: Metronome\n|-sidestart|p2: MinecraftUprising|Reflect\n|move|p1b: Goodra|Metronome|p1b: Goodra\n|move|p1b: Goodra|Magnetic Flux||[from]move: Metronome|[still]\n|-fail|p1b: Goodra\n|\n|upkeep\n|turn|3\n|\n|t:|1666271091\n|move|p1a: Manectric|Metronome|p1a: Manectric\n|move|p1a: Manectric|Storm Throw|p2a: Pokestar UFO|[from]move: Metronome\n|-resisted|p2a: Pokestar UFO\n|-crit|p2a: Pokestar UFO\n|-damage|p2a: Pokestar UFO|82\/100\n|move|p2a: Pokestar UFO|Metronome|p2a: Pokestar UFO\n|move|p2a: Pokestar UFO|Bulldoze|p1a: Manectric|[from]move: Metronome|[spread] p2b,p1a,p1b\n|-resisted|p2b: Heracross\n|-supereffective|p1a: Manectric\n|-damage|p2b: Heracross|99\/100\n|-damage|p1a: Manectric|90\/100\n|-damage|p1b: Goodra|85\/100\n|-unboost|p2b: Heracross|spe|1\n|-unboost|p1a: Manectric|spe|1\n|-unboost|p1b: Goodra|spe|1\n|move|p2b: Heracross|Metronome|p2b: Heracross\n|move|p2b: Heracross|Ice Beam|p1a: Manectric|[from]move: Metronome\n|-damage|p1a: Manectric|78\/100\n|move|p1b: Goodra|Metronome|p1b: Goodra\n|move|p1b: Goodra|Fairy Lock|p1b: Goodra|[from]move: Metronome\n|-fieldactivate|move: Fairy Lock\n|\n|upkeep\n|turn|4\n|\n|t:|1666271107\n|move|p2a: Pokestar UFO|Metronome|p2a: Pokestar UFO\n|move|p2a: Pokestar UFO|Acid Spray|p1b: Goodra|[from]move: Metronome\n|-damage|p1b: Goodra|82\/100\n|-unboost|p1b: Goodra|spd|2\n|move|p1a: Manectric|Metronome|p1a: Manectric\n|move|p1a: Manectric|Aura Sphere|p2a: Pokestar UFO|[from]move: Metronome\n|-resisted|p2a: Pokestar UFO\n|-damage|p2a: Pokestar UFO|76\/100\n|move|p2b: Heracross|Metronome|p2b: Heracross\n|move|p2b: Heracross|Triple Kick|p1b: Goodra|[from]move: Metronome\n|-damage|p1b: Goodra|77\/100\n|-damage|p1b: Goodra|68\/100\n|-damage|p1b: Goodra|54\/100\n|-hitcount|p1b: Goodra|3\n|move|p1b: Goodra|Metronome|p1b: Goodra\n|move|p1b: Goodra|Brave Bird|p2b: Heracross|[from]move: Metronome\n|-supereffective|p2b: Heracross\n|-damage|p2b: Heracross|59\/100\n|-enditem|p2b: Heracross|Weakness Policy\n|-boost|p2b: Heracross|atk|2|[from] item: Weakness Policy\n|-boost|p2b: Heracross|spa|2|[from] item: Weakness Policy\n|-damage|p1b: Goodra|41\/100|[from] Recoil\n|\n|upkeep\n|turn|5\n|\n|t:|1666271128\n|move|p2a: Pokestar UFO|Metronome|p2a: Pokestar UFO\n|move|p2a: Pokestar UFO|Roost|p2a: Pokestar UFO|[from]move: Metronome\n|-heal|p2a: Pokestar UFO|100\/100\n|-singleturn|p2a: Pokestar UFO|move: Roost\n|move|p1a: Manectric|Metronome|p1a: Manectric\n|move|p1a: Manectric|Swagger|p2b: Heracross|[from]move: Metronome\n|-boost|p2b: Heracross|atk|2\n|-start|p2b: Heracross|confusion\n|-activate|p2b: Heracross|confusion\n|move|p2b: Heracross|Metronome|p2b: Heracross\n|move|p2b: Heracross|Memento|p1a: Manectric|[from]move: Metronome\n|-unboost|p1a: Manectric|atk|2\n|-unboost|p1a: Manectric|spa|2\n|faint|p2b: Heracross\n|move|p1b: Goodra|Metronome|p1b: Goodra\n|move|p1b: Goodra|Curse|p1b: Goodra|[from]move: Metronome\n|-unboost|p1b: Goodra|spe|1\n|-boost|p1b: Goodra|atk|1\n|-boost|p1b: Goodra|def|1\n|\n|upkeep\n|turn|6\n|\n|t:|1666271140\n|move|p2a: Pokestar UFO|Metronome|p2a: Pokestar UFO\n|move|p2a: Pokestar UFO|Gunk Shot|p1a: Manectric|[from]move: Metronome\n|-damage|p1a: Manectric|61\/100\n|move|p1a: Manectric|Metronome|p1a: Manectric\n|move|p1a: Manectric|Dazzling Gleam|p2a: Pokestar UFO|[from]move: Metronome\n|-damage|p2a: Pokestar UFO|95\/100\n|move|p1b: Goodra|Metronome|p1b: Goodra\n|move|p1b: Goodra|Solar Blade||[from]move: Metronome|[still]\n|-prepare|p1b: Goodra|Solar Blade\n|\n|-sideend|p2: MinecraftUprising|Reflect\n|upkeep\n|turn|7\n|\n|t:|1666271149\n|move|p2a: Pokestar UFO|Metronome|p2a: Pokestar UFO\n|move|p2a: Pokestar UFO|Megahorn|p1a: Manectric|[from]move: Metronome\n|-damage|p1a: Manectric|45\/100\n|move|p1a: Manectric|Metronome|p1a: Manectric\n|move|p1a: Manectric|Power Trick|p1a: Manectric|[from]move: Metronome\n|-start|p1a: Manectric|Power Trick\n|move|p1b: Goodra|Solar Blade|p2a: Pokestar UFO|[from]lockedmove\n|-resisted|p2a: Pokestar UFO\n|-damage|p2a: Pokestar UFO|83\/100\n|\n|upkeep\n|turn|8\n|\n|t:|1666271158\n|move|p2a: Pokestar UFO|Metronome|p2a: Pokestar UFO\n|move|p2a: Pokestar UFO|Confuse Ray|p1b: Goodra|[from]move: Metronome\n|-start|p1b: Goodra|confusion\n|-enditem|p1b: Goodra|Lum Berry|[eat]\n|-end|p1b: Goodra|confusion\n|move|p1a: Manectric|Metronome|p1a: Manectric\n|move|p1a: Manectric|Withdraw|p1a: Manectric|[from]move: Metronome\n|-boost|p1a: Manectric|def|1\n|move|p1b: Goodra|Metronome|p1b: Goodra\n|move|p1b: Goodra|Self-Destruct|p2a: Pokestar UFO|[from]move: Metronome|[spread] p1a,p2a\n|-crit|p1a: Manectric\n|-damage|p1a: Manectric|0 fnt\n|-damage|p2a: Pokestar UFO|56\/100\n|faint|p1b: Goodra\n|faint|p1a: Manectric\n|\n|win|MinecraftUprising\n|raw|Krychapl2's rating: 1323 &rarr; <strong>1299<\/strong><br \/>(-24 for losing)\n|raw|MinecraftUprising's rating: 1253 &rarr; <strong>1283<\/strong><br \/>(+30 for winning)\n|c|\u2606MinecraftUprising|gg\n|c|\u2606Krychapl2|gg\n|l|\u2606Krychapl2\n||Ladder isn't responding, score probably updated but might not have (Request timeout).\n","uploadtime":1666271186,"views":8,"p1id":"krychapl2","p2id":"minecraftuprising","formatid":"gen8metronomebattle","rating":1283,"private":0,"password":null}