{"id":"gen8ou-1666844935","p1":"Jongruenwald","p2":"RggV_YT","format":"gen8ou","log":"|j|\u2606Jongruenwald\n|j|\u2606RggV_YT\n|t:|1663451304\n|gametype|singles\n|player|p1|Jongruenwald|marlon|1736\n|player|p2|RggV_YT|scientist-gen4|1777\n|teamsize|p1|6\n|teamsize|p2|6\n|gen|8\n|tier|[Gen 8] OU\n|rated|\n|rule|Sleep Clause Mod: Limit one foe put to sleep\n|rule|Species Clause: Limit one of each Pok\u00e9mon\n|rule|OHKO Clause: OHKO moves are banned\n|rule|Evasion Items Clause: Evasion items are banned\n|rule|Evasion Moves Clause: Evasion moves are banned\n|rule|Endless Battle Clause: Forcing endless battles is banned\n|rule|HP Percentage Mod: HP is shown in percentages\n|rule|Dynamax Clause: You cannot dynamax\n|clearpoke\n|poke|p1|Corviknight, M|\n|poke|p1|Ninetales-Alola, M|\n|poke|p1|Arctozolt|\n|poke|p1|Landorus-Therian, M|\n|poke|p1|Gastrodon, F|\n|poke|p1|Clefable, M|\n|poke|p2|Politoed, M|\n|poke|p2|Heliolisk, M|\n|poke|p2|Kingdra, M|\n|poke|p2|Mudsdale, F|\n|poke|p2|Scizor, F|\n|poke|p2|Victini|\n|teampreview\n|inactive|Battle timer is ON: inactive players will automatically lose when time's up. (requested by RggV_YT)\n|c|\u2606Jongruenwald|Oh Professor\n|j| Saorihhhhhhh\n|inactive|RggV_YT has 120 seconds left.\n|j| 0SiegeWarfare\n|c|\u2606RggV_YT|:)\n|\n|t:|1663451345\n|start\n|switch|p1a: Ninetales|Ninetales-Alola, M|100\/100\n|switch|p2a: Victini|Victini|100\/100\n|-weather|Hail|[from] ability: Snow Warning|[of] p1a: Ninetales\n|turn|1\n|\n|t:|1663451349\n|switch|p1a: Gastrodon|Gastrodon, F|100\/100\n|move|p2a: Victini|V-create|p1a: Gastrodon\n|-resisted|p1a: Gastrodon\n|-crit|p1a: Gastrodon\n|-damage|p1a: Gastrodon|31\/100\n|-unboost|p2a: Victini|spe|1\n|-unboost|p2a: Victini|def|1\n|-unboost|p2a: Victini|spd|1\n|\n|-weather|Hail|[upkeep]\n|-damage|p2a: Victini|94\/100|[from] Hail\n|-damage|p1a: Gastrodon|25\/100|[from] Hail\n|upkeep\n|turn|2\n|c| 0SiegeWarfare|weather war\n|c| 0SiegeWarfare|nice\n|c|\u2606RggV_YT|Mb\n|\n|t:|1663451357\n|switch|p1a: Landorus|Landorus-Therian, M|100\/100\n|-ability|p1a: Landorus|Intimidate|boost\n|-unboost|p2a: Victini|atk|1\n|move|p2a: Victini|V-create|p1a: Landorus\n|-damage|p1a: Landorus|26\/100\n|-unboost|p2a: Victini|spe|1\n|-unboost|p2a: Victini|def|1\n|-unboost|p2a: Victini|spd|1\n|\n|-weather|Hail|[upkeep]\n|-damage|p1a: Landorus|20\/100|[from] Hail\n|-damage|p2a: Victini|88\/100|[from] Hail\n|-heal|p1a: Landorus|26\/100|[from] item: Leftovers\n|upkeep\n|turn|3\n|\n|t:|1663451361\n|switch|p2a: Mudsdale|Mudsdale, F, shiny|100\/100\n|move|p1a: Landorus|Stealth Rock|p2a: Mudsdale\n|-sidestart|p2: RggV_YT|move: Stealth Rock\n|\n|-weather|Hail|[upkeep]\n|-damage|p1a: Landorus|20\/100|[from] Hail\n|-damage|p2a: Mudsdale|94\/100|[from] Hail\n|-heal|p1a: Landorus|26\/100|[from] item: Leftovers\n|-heal|p2a: Mudsdale|100\/100|[from] item: Leftovers\n|upkeep\n|turn|4\n|\n|t:|1663451363\n|switch|p1a: Gastrodon|Gastrodon, F|25\/100\n|move|p2a: Mudsdale|Stealth Rock|p1a: Gastrodon\n|-sidestart|p1: Jongruenwald|move: Stealth Rock\n|\n|-weather|Hail|[upkeep]\n|-damage|p1a: Gastrodon|19\/100|[from] Hail\n|-damage|p2a: Mudsdale|94\/100|[from] Hail\n|-heal|p2a: Mudsdale|100\/100|[from] item: Leftovers\n|upkeep\n|turn|5\n|\n|t:|1663451370\n|move|p1a: Gastrodon|Recover|p1a: Gastrodon\n|-heal|p1a: Gastrodon|69\/100\n|move|p2a: Mudsdale|Toxic|p1a: Gastrodon\n|-status|p1a: Gastrodon|tox\n|\n|-weather|Hail|[upkeep]\n|-damage|p1a: Gastrodon|63\/100 tox|[from] Hail\n|-damage|p2a: Mudsdale|94\/100|[from] Hail\n|-heal|p2a: Mudsdale|100\/100|[from] item: Leftovers\n|-damage|p1a: Gastrodon|57\/100 tox|[from] psn\n|upkeep\n|turn|6\n|\n|t:|1663451372\n|switch|p2a: Scizor|Scizor, F|100\/100\n|-damage|p2a: Scizor|88\/100|[from] Stealth Rock\n|move|p1a: Gastrodon|Recover|p1a: Gastrodon\n|-heal|p1a: Gastrodon|100\/100 tox\n|\n|-weather|Hail|[upkeep]\n|-damage|p2a: Scizor|82\/100|[from] Hail\n|-damage|p1a: Gastrodon|94\/100 tox|[from] Hail\n|-heal|p2a: Scizor|88\/100|[from] item: Leftovers\n|-damage|p1a: Gastrodon|82\/100 tox|[from] psn\n|upkeep\n|turn|7\n|\n|t:|1663451381\n|move|p2a: Scizor|Knock Off|p1a: Gastrodon\n|-damage|p1a: Gastrodon|57\/100 tox\n|-enditem|p1a: Gastrodon|Heavy-Duty Boots|[from] move: Knock Off|[of] p2a: Scizor\n|move|p1a: Gastrodon|Scald|p2a: Scizor\n|-damage|p2a: Scizor|60\/100\n|\n|-weather|Hail|[upkeep]\n|-damage|p2a: Scizor|54\/100|[from] Hail\n|-damage|p1a: Gastrodon|51\/100 tox|[from] Hail\n|-heal|p2a: Scizor|60\/100|[from] item: Leftovers\n|-damage|p1a: Gastrodon|33\/100 tox|[from] psn\n|upkeep\n|turn|8\n|\n|t:|1663451385\n|move|p2a: Scizor|Roost|p2a: Scizor\n|-heal|p2a: Scizor|100\/100\n|-singleturn|p2a: Scizor|move: Roost\n|move|p1a: Gastrodon|Recover|p1a: Gastrodon\n|-heal|p1a: Gastrodon|83\/100 tox\n|\n|-weather|none\n|-damage|p1a: Gastrodon|58\/100 tox|[from] psn\n|upkeep\n|turn|9\n|\n|t:|1663451387\n|switch|p1a: Corviknight|Corviknight, M|100\/100\n|-damage|p1a: Corviknight|88\/100|[from] Stealth Rock\n|-ability|p1a: Corviknight|Pressure\n|move|p2a: Scizor|Knock Off|p1a: Corviknight\n|-damage|p1a: Corviknight|58\/100\n|-enditem|p1a: Corviknight|Shed Shell|[from] move: Knock Off|[of] p2a: Scizor\n|\n|upkeep\n|turn|10\n|\n|t:|1663451391\n|switch|p2a: Heliolisk|Heliolisk, M|100\/100\n|-damage|p2a: Heliolisk|88\/100|[from] Stealth Rock\n|move|p1a: Corviknight|Roost|p1a: Corviknight\n|-heal|p1a: Corviknight|100\/100\n|-singleturn|p1a: Corviknight|move: Roost\n|\n|upkeep\n|turn|11\n|\n|t:|1663451397\n|switch|p1a: Landorus|Landorus-Therian, M|26\/100\n|-damage|p1a: Landorus|14\/100|[from] Stealth Rock\n|-ability|p1a: Landorus|Intimidate|boost\n|-unboost|p2a: Heliolisk|atk|1\n|move|p2a: Heliolisk|Volt Switch|p1a: Landorus\n|-immune|p1a: Landorus\n|\n|-heal|p1a: Landorus|20\/100|[from] item: Leftovers\n|upkeep\n|turn|12\n|\n|t:|1663451405\n|switch|p1a: Gastrodon|Gastrodon, F|58\/100 tox\n|-damage|p1a: Gastrodon|52\/100 tox|[from] Stealth Rock\n|move|p2a: Heliolisk|Surf|p1a: Gastrodon\n|-ability|p1a: Gastrodon|Storm Drain|boost\n|-boost|p1a: Gastrodon|spa|1\n|\n|-damage|p1a: Gastrodon|46\/100 tox|[from] psn\n|upkeep\n|turn|13\n|\n|t:|1663451412\n|switch|p1a: Ninetales|Ninetales-Alola, M|100\/100\n|-damage|p1a: Ninetales|76\/100|[from] Stealth Rock\n|-weather|Hail|[from] ability: Snow Warning|[of] p1a: Ninetales\n|move|p2a: Heliolisk|Grass Knot|p1a: Ninetales\n|-damage|p1a: Ninetales|56\/100\n|-damage|p2a: Heliolisk|78\/100|[from] item: Life Orb\n|\n|-weather|Hail|[upkeep]\n|-damage|p2a: Heliolisk|72\/100|[from] Hail\n|upkeep\n|turn|14\n|\n|t:|1663451417\n|switch|p2a: Politoed|Politoed, M|100\/100\n|-damage|p2a: Politoed|88\/100|[from] Stealth Rock\n|-weather|RainDance|[from] ability: Drizzle|[of] p2a: Politoed\n|switch|p1a: Landorus|Landorus-Therian, M|20\/100\n|-damage|p1a: Landorus|8\/100|[from] Stealth Rock\n|-ability|p1a: Landorus|Intimidate|boost\n|-unboost|p2a: Politoed|atk|1\n|\n|-weather|RainDance|[upkeep]\n|-heal|p1a: Landorus|14\/100|[from] item: Leftovers\n|upkeep\n|turn|15\n|\n|t:|1663451422\n|move|p1a: Landorus|Defog|p2a: Politoed\n|-unboost|p2a: Politoed|evasion|1\n|-sideend|p2: RggV_YT|Stealth Rock|[from] move: Defog|[of] p1a: Landorus\n|-sideend|p1: Jongruenwald|Stealth Rock|[from] move: Defog|[of] p1a: Landorus\n|move|p2a: Politoed|Scald|p1a: Landorus\n|-supereffective|p1a: Landorus\n|-damage|p1a: Landorus|0 fnt\n|faint|p1a: Landorus\n|\n|-weather|RainDance|[upkeep]\n|upkeep\n|\n|t:|1663451424\n|switch|p1a: Ninetales|Ninetales-Alola, M|56\/100\n|-weather|Hail|[from] ability: Snow Warning|[of] p1a: Ninetales\n|turn|16\n|\n|t:|1663451427\n|switch|p1a: Arctozolt|Arctozolt|100\/100\n|switch|p2a: Victini|Victini|88\/100\n|\n|-weather|Hail|[upkeep]\n|-damage|p2a: Victini|82\/100|[from] Hail\n|upkeep\n|turn|17\n|\n|t:|1663451432\n|move|p1a: Arctozolt|Substitute|p1a: Arctozolt\n|-start|p1a: Arctozolt|Substitute\n|-damage|p1a: Arctozolt|76\/100\n|move|p2a: Victini|U-turn|p1a: Arctozolt\n|-end|p1a: Arctozolt|Substitute\n|\n|t:|1663451434\n|switch|p2a: Politoed|Politoed, M|88\/100|[from]move: U-turn\n|-weather|RainDance|[from] ability: Drizzle|[of] p2a: Politoed\n|\n|-weather|RainDance|[upkeep]\n|-heal|p1a: Arctozolt|82\/100|[from] item: Leftovers\n|upkeep\n|turn|18\n|\n|t:|1663451440\n|switch|p2a: Mudsdale|Mudsdale, F, shiny|100\/100\n|move|p1a: Arctozolt|Freeze-Dry|p2a: Mudsdale\n|-supereffective|p2a: Mudsdale\n|-damage|p2a: Mudsdale|47\/100\n|-ability|p2a: Mudsdale|Stamina|boost\n|-boost|p2a: Mudsdale|def|1\n|\n|-weather|RainDance|[upkeep]\n|-heal|p1a: Arctozolt|88\/100|[from] item: Leftovers\n|-heal|p2a: Mudsdale|53\/100|[from] item: Leftovers\n|upkeep\n|turn|19\n|\n|t:|1663451447\n|move|p1a: Arctozolt|Substitute|p1a: Arctozolt\n|-start|p1a: Arctozolt|Substitute\n|-damage|p1a: Arctozolt|63\/100\n|move|p2a: Mudsdale|Stealth Rock|p1a: Arctozolt\n|-sidestart|p1: Jongruenwald|move: Stealth Rock\n|\n|-weather|RainDance|[upkeep]\n|-heal|p1a: Arctozolt|69\/100|[from] item: Leftovers\n|-heal|p2a: Mudsdale|59\/100|[from] item: Leftovers\n|upkeep\n|turn|20\n|\n|t:|1663451454\n|move|p1a: Arctozolt|Blizzard|p2a: Mudsdale\n|-supereffective|p2a: Mudsdale\n|-crit|p2a: Mudsdale\n|-damage|p2a: Mudsdale|0 fnt\n|faint|p2a: Mudsdale\n|\n|-weather|RainDance|[upkeep]\n|-heal|p1a: Arctozolt|76\/100|[from] item: Leftovers\n|upkeep\n|\n|t:|1663451458\n|switch|p2a: Victini|Victini|82\/100\n|turn|21\n|\n|t:|1663451461\n|move|p2a: Victini|U-turn|p1a: Arctozolt\n|-end|p1a: Arctozolt|Substitute\n|\n|t:|1663451464\n|switch|p2a: Heliolisk|Heliolisk, M|72\/100|[from]move: U-turn\n|move|p1a: Arctozolt|Substitute|p1a: Arctozolt\n|-start|p1a: Arctozolt|Substitute\n|-damage|p1a: Arctozolt|51\/100\n|\n|-weather|RainDance|[upkeep]\n|-heal|p2a: Heliolisk|85\/100|[from] ability: Dry Skin\n|-heal|p1a: Arctozolt|57\/100|[from] item: Leftovers\n|upkeep\n|turn|22\n|\n|t:|1663451475\n|move|p2a: Heliolisk|Volt Switch|p1a: Arctozolt\n|-resisted|p1a: Arctozolt\n|-end|p1a: Arctozolt|Substitute\n|-damage|p2a: Heliolisk|75\/100|[from] item: Life Orb\n|\n|t:|1663451479\n|switch|p2a: Scizor|Scizor, F|100\/100|[from]move: Volt Switch\n|move|p1a: Arctozolt|Blizzard|p2a: Scizor\n|-resisted|p2a: Scizor\n|-damage|p2a: Scizor|73\/100\n|\n|-weather|RainDance|[upkeep]\n|-heal|p1a: Arctozolt|63\/100|[from] item: Leftovers\n|-heal|p2a: Scizor|79\/100|[from] item: Leftovers\n|upkeep\n|turn|23\n|\n|t:|1663451486\n|switch|p1a: Gastrodon|Gastrodon, F|46\/100 tox\n|-damage|p1a: Gastrodon|40\/100 tox|[from] Stealth Rock\n|move|p2a: Scizor|Bullet Punch|p1a: Gastrodon\n|-resisted|p1a: Gastrodon\n|-damage|p1a: Gastrodon|28\/100 tox\n|\n|-weather|RainDance|[upkeep]\n|-heal|p2a: Scizor|85\/100|[from] item: Leftovers\n|-damage|p1a: Gastrodon|22\/100 tox|[from] psn\n|upkeep\n|turn|24\n|\n|t:|1663451490\n|move|p2a: Scizor|Bullet Punch|p1a: Gastrodon\n|-resisted|p1a: Gastrodon\n|-damage|p1a: Gastrodon|9\/100 tox\n|move|p1a: Gastrodon|Recover|p1a: Gastrodon\n|-heal|p1a: Gastrodon|59\/100 tox\n|\n|-weather|none\n|-heal|p2a: Scizor|91\/100|[from] item: Leftovers\n|-damage|p1a: Gastrodon|47\/100 tox|[from] psn\n|upkeep\n|turn|25\n|\n|t:|1663451495\n|move|p2a: Scizor|Knock Off|p1a: Gastrodon\n|-damage|p1a: Gastrodon|27\/100 tox\n|move|p1a: Gastrodon|Recover|p1a: Gastrodon\n|-heal|p1a: Gastrodon|77\/100 tox\n|\n|-heal|p2a: Scizor|97\/100|[from] item: Leftovers\n|-damage|p1a: Gastrodon|59\/100 tox|[from] psn\n|upkeep\n|turn|26\n|\n|t:|1663451499\n|switch|p2a: Heliolisk|Heliolisk, M|75\/100\n|switch|p1a: Corviknight|Corviknight, M|100\/100\n|-damage|p1a: Corviknight|88\/100|[from] Stealth Rock\n|-ability|p1a: Corviknight|Pressure\n|\n|upkeep\n|turn|27\n|\n|t:|1663451502\n|move|p2a: Heliolisk|Volt Switch|p1a: Corviknight\n|-supereffective|p1a: Corviknight\n|-damage|p1a: Corviknight|23\/100\n|-damage|p2a: Heliolisk|65\/100|[from] item: Life Orb\n|\n|t:|1663451506\n|switch|p2a: Victini|Victini|82\/100|[from]move: Volt Switch\n|move|p1a: Corviknight|Body Press|p2a: Victini\n|-resisted|p2a: Victini\n|-damage|p2a: Victini|73\/100\n|\n|upkeep\n|turn|28\n|\n|t:|1663451511\n|move|p2a: Victini|V-create|p1a: Corviknight\n|-supereffective|p1a: Corviknight\n|-damage|p1a: Corviknight|0 fnt\n|-unboost|p2a: Victini|spe|1\n|-unboost|p2a: Victini|def|1\n|-unboost|p2a: Victini|spd|1\n|faint|p1a: Corviknight\n|\n|upkeep\n|\n|t:|1663451525\n|switch|p1a: Arctozolt|Arctozolt|63\/100\n|-damage|p1a: Arctozolt|38\/100|[from] Stealth Rock\n|turn|29\n|\n|t:|1663451531\n|switch|p2a: Scizor|Scizor, F|97\/100\n|move|p1a: Arctozolt|Bolt Beak|p2a: Scizor\n|-damage|p2a: Scizor|35\/100\n|\n|-heal|p1a: Arctozolt|44\/100|[from] item: Leftovers\n|-heal|p2a: Scizor|42\/100|[from] item: Leftovers\n|upkeep\n|turn|30\n|\n|t:|1663451540\n|move|p2a: Scizor|Bullet Punch|p1a: Arctozolt\n|-damage|p1a: Arctozolt|2\/100\n|move|p1a: Arctozolt|Bolt Beak|p2a: Scizor\n|-damage|p2a: Scizor|8\/100\n|\n|-heal|p1a: Arctozolt|9\/100|[from] item: Leftovers\n|-heal|p2a: Scizor|14\/100|[from] item: Leftovers\n|upkeep\n|turn|31\n|\n|t:|1663451546\n|switch|p1a: Ninetales|Ninetales-Alola, M|56\/100\n|-damage|p1a: Ninetales|31\/100|[from] Stealth Rock\n|-weather|Hail|[from] ability: Snow Warning|[of] p1a: Ninetales\n|move|p2a: Scizor|Bullet Punch|p1a: Ninetales\n|-supereffective|p1a: Ninetales\n|-damage|p1a: Ninetales|0 fnt\n|faint|p1a: Ninetales\n|\n|-weather|Hail|[upkeep]\n|-damage|p2a: Scizor|8\/100|[from] Hail\n|-heal|p2a: Scizor|14\/100|[from] item: Leftovers\n|upkeep\n|\n|t:|1663451548\n|switch|p1a: Gastrodon|Gastrodon, F|59\/100 tox\n|-damage|p1a: Gastrodon|53\/100 tox|[from] Stealth Rock\n|turn|32\n|\n|t:|1663451551\n|move|p2a: Scizor|Roost|p2a: Scizor\n|-heal|p2a: Scizor|64\/100\n|-singleturn|p2a: Scizor|move: Roost\n|move|p1a: Gastrodon|Scald|p2a: Scizor\n|-damage|p2a: Scizor|36\/100\n|\n|-weather|Hail|[upkeep]\n|-damage|p2a: Scizor|30\/100|[from] Hail\n|-damage|p1a: Gastrodon|47\/100 tox|[from] Hail\n|-heal|p2a: Scizor|36\/100|[from] item: Leftovers\n|-damage|p1a: Gastrodon|41\/100 tox|[from] psn\n|upkeep\n|turn|33\n|\n|t:|1663451555\n|move|p2a: Scizor|Roost|p2a: Scizor\n|-heal|p2a: Scizor|86\/100\n|-singleturn|p2a: Scizor|move: Roost\n|move|p1a: Gastrodon|Scald|p2a: Scizor\n|-damage|p2a: Scizor|57\/100\n|-status|p2a: Scizor|brn\n|\n|-weather|Hail|[upkeep]\n|-damage|p2a: Scizor|51\/100 brn|[from] Hail\n|-damage|p1a: Gastrodon|35\/100 tox|[from] Hail\n|-heal|p2a: Scizor|57\/100 brn|[from] item: Leftovers\n|-damage|p1a: Gastrodon|23\/100 tox|[from] psn\n|-damage|p2a: Scizor|51\/100 brn|[from] brn\n|upkeep\n|turn|34\n|\n|t:|1663451558\n|switch|p1a: Clefable|Clefable, M|100\/100\n|move|p2a: Scizor|Roost|p2a: Scizor\n|-heal|p2a: Scizor|100\/100 brn\n|-singleturn|p2a: Scizor|move: Roost\n|\n|-weather|Hail|[upkeep]\n|-damage|p2a: Scizor|94\/100 brn|[from] Hail\n|-damage|p1a: Clefable|94\/100|[from] Hail\n|-heal|p2a: Scizor|100\/100 brn|[from] item: Leftovers\n|-damage|p2a: Scizor|94\/100 brn|[from] brn\n|upkeep\n|turn|35\n|\n|t:|1663451560\n|switch|p2a: Politoed|Politoed, M|88\/100\n|-weather|RainDance|[from] ability: Drizzle|[of] p2a: Politoed\n|move|p1a: Clefable|Soft-Boiled|p1a: Clefable\n|-heal|p1a: Clefable|100\/100\n|\n|-weather|RainDance|[upkeep]\n|upkeep\n|turn|36\n|\n|t:|1663451565\n|move|p2a: Politoed|Encore|p1a: Clefable\n|-start|p1a: Clefable|Encore\n|move|p1a: Clefable|Soft-Boiled||[still]\n|-fail|p1a: Clefable|heal\n|\n|-weather|RainDance|[upkeep]\n|upkeep\n|turn|37\n|\n|t:|1663451568\n|switch|p2a: Kingdra|Kingdra, M|100\/100\n|switch|p1a: Arctozolt|Arctozolt|9\/100\n|-damage|p1a: Arctozolt|0 fnt|[from] Stealth Rock\n|faint|p1a: Arctozolt\n|\n|-weather|RainDance|[upkeep]\n|upkeep\n|\n|t:|1663451573\n|switch|p1a: Clefable|Clefable, M|100\/100\n|turn|38\n|\n|t:|1663451581\n|switch|p1a: Gastrodon|Gastrodon, F|23\/100 tox\n|-damage|p1a: Gastrodon|16\/100 tox|[from] Stealth Rock\n|move|p2a: Kingdra|Surf|p1a: Gastrodon\n|-ability|p1a: Gastrodon|Storm Drain|boost\n|-boost|p1a: Gastrodon|spa|1\n|\n|-weather|RainDance|[upkeep]\n|-damage|p1a: Gastrodon|10\/100 tox|[from] psn\n|upkeep\n|turn|39\n|\n|t:|1663451585\n|switch|p2a: Heliolisk|Heliolisk, M|65\/100\n|move|p1a: Gastrodon|Recover|p1a: Gastrodon\n|-heal|p1a: Gastrodon|60\/100 tox\n|\n|-weather|RainDance|[upkeep]\n|-heal|p2a: Heliolisk|77\/100|[from] ability: Dry Skin\n|-damage|p1a: Gastrodon|48\/100 tox|[from] psn\n|upkeep\n|turn|40\n|\n|t:|1663451588\n|move|p2a: Heliolisk|Grass Knot|p1a: Gastrodon\n|-supereffective|p1a: Gastrodon\n|-crit|p1a: Gastrodon\n|-damage|p1a: Gastrodon|0 fnt\n|faint|p1a: Gastrodon\n|-damage|p2a: Heliolisk|68\/100|[from] item: Life Orb\n|\n|-weather|RainDance|[upkeep]\n|-heal|p2a: Heliolisk|80\/100|[from] ability: Dry Skin\n|upkeep\n|\n|t:|1663451589\n|switch|p1a: Clefable|Clefable, M|100\/100\n|turn|41\n|j| ty-tyui\u21bb\n|\n|t:|1663451591\n|move|p2a: Heliolisk|Volt Switch|p1a: Clefable\n|-damage|p1a: Clefable|59\/100\n|-damage|p2a: Heliolisk|70\/100|[from] item: Life Orb\n|\n|t:|1663451593\n|switch|p2a: Victini|Victini|73\/100|[from]move: Volt Switch\n|move|p1a: Clefable|Calm Mind|p1a: Clefable\n|-boost|p1a: Clefable|spa|1\n|-boost|p1a: Clefable|spd|1\n|\n|-weather|RainDance|[upkeep]\n|upkeep\n|turn|42\n|\n|t:|1663451598\n|move|p2a: Victini|Trick|p1a: Clefable\n|-activate|p2a: Victini|move: Trick|[of] p1a: Clefable\n|-item|p1a: Clefable|Choice Band|[from] move: Trick\n|-item|p2a: Victini|Heavy-Duty Boots|[from] move: Trick\n|move|p1a: Clefable|Soft-Boiled|p1a: Clefable\n|-heal|p1a: Clefable|100\/100\n|\n|-weather|none\n|upkeep\n|turn|43\n|-message|Jongruenwald forfeited.\n|\n|win|RggV_YT\n|raw|Jongruenwald's rating: 1736 &rarr; <strong>1718<\/strong><br \/>(-18 for losing)\n|raw|RggV_YT's rating: 1777 &rarr; <strong>1795<\/strong><br \/>(+18 for winning)\n|l|\u2606Jongruenwald\n|c|\u2606RggV_YT|Gg\n|l| ty-tyui\u21bb\n|l|\u2606RggV_YT\n||Ladder isn't responding, score probably updated but might not have (Request timeout).\n","uploadtime":1663451732,"views":41,"p1id":"jongruenwald","p2id":"rggvyt","formatid":"gen8ou","rating":1718,"private":0,"password":null}