{"id":"gen8randombattle-1486405176","p1":"Shakywarrior","p2":"Allelaja","format":"gen8randombattle","log":"|j|\u2606Shakywarrior\n|j|\u2606Allelaja\n|t:|1641476078\n|gametype|singles\n|player|p1|Shakywarrior|flannery|1347\n|player|p2|Allelaja|101|1301\n|teamsize|p1|6\n|teamsize|p2|6\n|gen|8\n|tier|[Gen 8] Random Battle\n|rated|\n|rule|Species Clause: Limit one of each Pok\u00e9mon\n|rule|HP Percentage Mod: HP is shown in percentages\n|rule|Sleep Clause Mod: Limit one foe put to sleep\n|\n|t:|1641476078\n|start\n|switch|p1a: Rhyperior|Rhyperior, L82, F|323\/323\n|switch|p2a: Copperajah|Copperajah, L84, F|342\/342\n|turn|1\n|inactive|Battle timer is ON: inactive players will automatically lose when time's up. (requested by Allelaja)\n|inactive|Shakywarrior also wants the timer to be on.\n|\n|t:|1641476087\n|move|p1a: Rhyperior|Earthquake|p2a: Copperajah\n|-supereffective|p2a: Copperajah\n|-damage|p2a: Copperajah|0 fnt\n|faint|p2a: Copperajah\n|\n|upkeep\n|\n|t:|1641476093\n|switch|p2a: Tsareena|Tsareena, L84, F|258\/258\n|turn|2\n|\n|t:|1641476102\n|switch|p1a: Volcarona|Volcarona, L76, F|254\/254\n|move|p2a: Tsareena|Triple Axel|p1a: Volcarona\n|-resisted|p1a: Volcarona\n|-damage|p1a: Volcarona|242\/254\n|-resisted|p1a: Volcarona\n|-damage|p1a: Volcarona|221\/254\n|-resisted|p1a: Volcarona\n|-damage|p1a: Volcarona|185\/254\n|-status|p2a: Tsareena|brn|[from] ability: Flame Body|[of] p1a: Volcarona\n|-hitcount|p1a: Volcarona|3\n|\n|-damage|p2a: Tsareena|242\/258 brn|[from] brn\n|upkeep\n|turn|3\n|\n|t:|1641476107\n|switch|p2a: Aurorus|Aurorus, L84, F|344\/344\n|-weather|Hail|[from] ability: Snow Warning|[of] p2a: Aurorus\n|move|p1a: Volcarona|Quiver Dance|p1a: Volcarona\n|-boost|p1a: Volcarona|spa|1\n|-boost|p1a: Volcarona|spd|1\n|-boost|p1a: Volcarona|spe|1\n|\n|-weather|Hail|[upkeep]\n|-damage|p1a: Volcarona|170\/254|[from] Hail\n|upkeep\n|turn|4\n|\n|t:|1641476133\n|switch|p1a: Musharna|Musharna, L86, F|340\/340\n|switch|p2a: Blissey|Blissey, L83, F|559\/559\n|\n|-weather|Hail|[upkeep]\n|-damage|p2a: Blissey|525\/559|[from] Hail\n|-damage|p1a: Musharna|319\/340|[from] Hail\n|-heal|p2a: Blissey|559\/559|[from] item: Leftovers\n|-heal|p1a: Musharna|340\/340|[from] item: Leftovers\n|upkeep\n|turn|5\n|inactive|Shakywarrior has 120 seconds left.\n|\n|t:|1641476161\n|switch|p1a: Rhyperior|Rhyperior, L82, F|323\/323\n|move|p2a: Blissey|Toxic|p1a: Rhyperior\n|-status|p1a: Rhyperior|tox\n|\n|-weather|Hail|[upkeep]\n|-damage|p2a: Blissey|525\/559|[from] Hail\n|-damage|p1a: Rhyperior|303\/323 tox|[from] Hail\n|-heal|p2a: Blissey|559\/559|[from] item: Leftovers\n|-damage|p1a: Rhyperior|283\/323 tox|[from] psn\n|upkeep\n|turn|6\n|\n|t:|1641476169\n|switch|p2a: Tsareena|Tsareena, L84, F|242\/258 brn\n|move|p1a: Rhyperior|Stone Edge|p2a: Tsareena\n|-damage|p2a: Tsareena|67\/258 brn\n|\n|-weather|Hail|[upkeep]\n|-damage|p2a: Tsareena|51\/258 brn|[from] Hail\n|-damage|p1a: Rhyperior|263\/323 tox|[from] Hail\n|-damage|p1a: Rhyperior|223\/323 tox|[from] psn\n|-damage|p2a: Tsareena|35\/258 brn|[from] brn\n|upkeep\n|turn|7\n|inactive|Shakywarrior has 120 seconds left.\n|\n|t:|1641476176\n|switch|p1a: Volcarona|Volcarona, L76, F|170\/254\n|move|p2a: Tsareena|Synthesis|p2a: Tsareena\n|-heal|p2a: Tsareena|99\/258 brn\n|\n|-weather|none\n|-damage|p2a: Tsareena|83\/258 brn|[from] brn\n|upkeep\n|turn|8\n|inactive|Shakywarrior has 120 seconds left.\n|\n|t:|1641476187\n|move|p1a: Volcarona|Fire Blast|p2a: Tsareena|[miss]\n|-miss|p1a: Volcarona|p2a: Tsareena\n|move|p2a: Tsareena|Synthesis|p2a: Tsareena\n|-heal|p2a: Tsareena|212\/258 brn\n|\n|-damage|p2a: Tsareena|196\/258 brn|[from] brn\n|upkeep\n|turn|9\n|\n|t:|1641476196\n|switch|p2a: Blissey|Blissey, L83, F|559\/559\n|move|p1a: Volcarona|Roost|p1a: Volcarona\n|-heal|p1a: Volcarona|254\/254\n|-singleturn|p1a: Volcarona|move: Roost\n|\n|upkeep\n|turn|10\n|\n|t:|1641476202\n|switch|p1a: Rhyperior|Rhyperior, L82, F|223\/323 tox\n|move|p2a: Blissey|Seismic Toss|p1a: Rhyperior\n|-damage|p1a: Rhyperior|140\/323 tox\n|\n|-damage|p1a: Rhyperior|120\/323 tox|[from] psn\n|upkeep\n|turn|11\n|\n|t:|1641476205\n|switch|p2a: Tsareena|Tsareena, L84, F|196\/258 brn\n|move|p1a: Rhyperior|Stone Edge|p2a: Tsareena\n|-crit|p2a: Tsareena\n|-damage|p2a: Tsareena|0 fnt\n|faint|p2a: Tsareena\n|\n|-damage|p1a: Rhyperior|80\/323 tox|[from] psn\n|upkeep\n|\n|t:|1641476210\n|switch|p2a: Aurorus|Aurorus, L84, F|344\/344\n|-weather|Hail|[from] ability: Snow Warning|[of] p2a: Aurorus\n|turn|12\n|\n|t:|1641476224\n|switch|p1a: Musharna|Musharna, L86, F|340\/340\n|move|p2a: Aurorus|Stealth Rock|p1a: Musharna\n|-sidestart|p1: Shakywarrior|move: Stealth Rock\n|\n|-weather|Hail|[upkeep]\n|-damage|p1a: Musharna|319\/340|[from] Hail\n|-heal|p1a: Musharna|340\/340|[from] item: Leftovers\n|upkeep\n|turn|13\n|\n|t:|1641476227\n|switch|p2a: Blissey|Blissey, L83, F|559\/559\n|move|p1a: Musharna|Thunder Wave|p2a: Blissey\n|-status|p2a: Blissey|par\n|\n|-weather|Hail|[upkeep]\n|-damage|p1a: Musharna|319\/340|[from] Hail\n|-damage|p2a: Blissey|525\/559 par|[from] Hail\n|-heal|p1a: Musharna|340\/340|[from] item: Leftovers\n|-heal|p2a: Blissey|559\/559 par|[from] item: Leftovers\n|upkeep\n|turn|14\n|\n|t:|1641476240\n|switch|p1a: Rhyperior|Rhyperior, L82, F|80\/323 tox\n|-damage|p1a: Rhyperior|60\/323 tox|[from] Stealth Rock\n|cant|p2a: Blissey|par\n|\n|-weather|Hail|[upkeep]\n|-damage|p1a: Rhyperior|40\/323 tox|[from] Hail\n|-damage|p2a: Blissey|525\/559 par|[from] Hail\n|-heal|p2a: Blissey|559\/559 par|[from] item: Leftovers\n|-damage|p1a: Rhyperior|20\/323 tox|[from] psn\n|upkeep\n|turn|15\n|\n|t:|1641476249\n|-curestatus|p2a: Blissey|par|[from] ability: Natural Cure\n|switch|p2a: Aurorus|Aurorus, L84, F|344\/344\n|move|p1a: Rhyperior|Earthquake|p2a: Aurorus\n|-supereffective|p2a: Aurorus\n|-damage|p2a: Aurorus|0 fnt\n|faint|p2a: Aurorus\n|\n|-weather|Hail|[upkeep]\n|-damage|p1a: Rhyperior|0 fnt|[from] Hail\n|faint|p1a: Rhyperior\n|upkeep\n|\n|t:|1641476260\n|switch|p2a: Incineroar|Incineroar, L80, F|283\/283\n|switch|p1a: Musharna|Musharna, L86, F|340\/340\n|-ability|p2a: Incineroar|Intimidate|boost\n|-unboost|p1a: Musharna|atk|1\n|-damage|p1a: Musharna|298\/340|[from] Stealth Rock\n|turn|16\n|\n|t:|1641476269\n|move|p2a: Incineroar|Knock Off|p1a: Musharna\n|-supereffective|p1a: Musharna\n|-damage|p1a: Musharna|0 fnt\n|-enditem|p1a: Musharna|Leftovers|[from] move: Knock Off|[of] p2a: Incineroar\n|faint|p1a: Musharna\n|\n|-weather|none\n|upkeep\n|\n|t:|1641476274\n|switch|p1a: Diancie|Diancie, L82|216\/216\n|-damage|p1a: Diancie|189\/216|[from] Stealth Rock\n|turn|17\n|\n|t:|1641476283\n|-start|p2a: Incineroar|Dynamax\n|-heal|p2a: Incineroar|566\/566|[silent]\n|move|p2a: Incineroar|Max Quake|p1a: Diancie\n|-supereffective|p1a: Diancie\n|-damage|p1a: Diancie|55\/216\n|-boost|p2a: Incineroar|spd|1\n|move|p1a: Diancie|Toxic|p2a: Incineroar\n|-status|p2a: Incineroar|tox\n|\n|-heal|p1a: Diancie|68\/216|[from] item: Leftovers\n|-damage|p2a: Incineroar|549\/566 tox|[from] psn\n|upkeep\n|turn|18\n|\n|t:|1641476298\n|move|p2a: Incineroar|Max Quake|p1a: Diancie\n|-supereffective|p1a: Diancie\n|-damage|p1a: Diancie|0 fnt\n|-boost|p2a: Incineroar|spd|1\n|faint|p1a: Diancie\n|\n|-damage|p2a: Incineroar|515\/566 tox|[from] psn\n|upkeep\n|\n|t:|1641476314\n|switch|p1a: Zygarde|Zygarde-10%, L82|223\/223\n|-damage|p1a: Zygarde|210\/223|[from] Stealth Rock\n|-ability|p1a: Zygarde|Aura Break\n|turn|19\n|\n|t:|1641476332\n|-start|p1a: Zygarde|Dynamax\n|-heal|p1a: Zygarde|420\/446|[silent]\n|move|p1a: Zygarde|Max Guard|p1a: Zygarde\n|-singleturn|p1a: Zygarde|Max Guard\n|move|p2a: Incineroar|Max Darkness|p1a: Zygarde\n|-activate|p1a: Zygarde|move: Max Guard\n|\n|-damage|p2a: Incineroar|464\/566 tox|[from] psn\n|-end|p2a: Incineroar|Dynamax\n|-heal|p2a: Incineroar|232\/283 tox|[silent]\n|upkeep\n|turn|20\n|\n|t:|1641476344\n|switch|p2a: Blissey|Blissey, L83, F|559\/559\n|move|p1a: Zygarde|Max Quake|p2a: Blissey\n|-damage|p2a: Blissey|35\/559\n|-boost|p1a: Zygarde|spd|1\n|-damage|p1a: Zygarde|398\/446|[from] item: Life Orb\n|\n|-heal|p2a: Blissey|69\/559|[from] item: Leftovers\n|upkeep\n|turn|21\n|\n|t:|1641476360\n|switch|p2a: Incineroar|Incineroar, L80, F|232\/283 tox\n|-ability|p2a: Incineroar|Intimidate|boost\n|-unboost|p1a: Zygarde|atk|1\n|move|p1a: Zygarde|Max Quake|p2a: Incineroar\n|-supereffective|p2a: Incineroar\n|-damage|p2a: Incineroar|0 fnt\n|-boost|p1a: Zygarde|spd|1\n|faint|p2a: Incineroar\n|-damage|p1a: Zygarde|376\/446|[from] item: Life Orb\n|\n|-end|p1a: Zygarde|Dynamax\n|-heal|p1a: Zygarde|188\/223|[silent]\n|upkeep\n|\n|t:|1641476369\n|switch|p2a: Blissey|Blissey, L83, F|69\/559\n|turn|22\n|\n|t:|1641476376\n|move|p1a: Zygarde|Thousand Arrows|p2a: Blissey\n|-damage|p2a: Blissey|0 fnt\n|faint|p2a: Blissey\n|-damage|p1a: Zygarde|166\/223|[from] item: Life Orb\n|\n|upkeep\n|\n|t:|1641476379\n|switch|p2a: Espeon|Espeon, L82, F|241\/241\n|turn|23\n|\n|t:|1641476397\n|move|p1a: Zygarde|Outrage|p2a: Espeon\n|-damage|p2a: Espeon|93\/241\n|-damage|p1a: Zygarde|144\/223|[from] item: Life Orb\n|move|p2a: Espeon|Dazzling Gleam|p1a: Zygarde\n|-supereffective|p1a: Zygarde\n|-crit|p1a: Zygarde\n|-damage|p1a: Zygarde|0 fnt\n|faint|p1a: Zygarde\n|\n|-heal|p2a: Espeon|108\/241|[from] item: Leftovers\n|upkeep\n|\n|t:|1641476407\n|switch|p1a: Volcarona|Volcarona, L76, F|254\/254\n|turn|24\n|\n|t:|1641476415\n|move|p2a: Espeon|Calm Mind|p2a: Espeon\n|-boost|p2a: Espeon|spa|1\n|-boost|p2a: Espeon|spd|1\n|move|p1a: Volcarona|Quiver Dance|p1a: Volcarona\n|-boost|p1a: Volcarona|spa|1\n|-boost|p1a: Volcarona|spd|1\n|-boost|p1a: Volcarona|spe|1\n|\n|-heal|p2a: Espeon|123\/241|[from] item: Leftovers\n|upkeep\n|turn|25\n|\n|t:|1641476421\n|move|p1a: Volcarona|Bug Buzz|p2a: Espeon\n|-supereffective|p2a: Espeon\n|-damage|p2a: Espeon|0 fnt\n|faint|p2a: Espeon\n|\n|win|Shakywarrior\n|raw|Shakywarrior's rating: 1347 &rarr; <strong>1366<\/strong><br \/>(+19 for winning)\n|raw|Allelaja's rating: 1324 &rarr; <strong>1305<\/strong><br \/>(-19 for losing)\n|l|\u2606Allelaja\n","inputlog":">version 73a206e1a35e3dc83c7c975610dc2697cf7d8a34\n>start {\"formatid\":\"gen8randombattle\",\"seed\":[9504,43635,27863,32497],\"rated\":\"Rated battle\"}\n>player p1 {\"name\":\"Shakywarrior\",\"avatar\":\"flannery\",\"rating\":1347,\"seed\":[61577,58380,27544,19485]}\n>player p2 {\"name\":\"Allelaja\",\"avatar\":\"101\",\"rating\":1301,\"seed\":[10326,22002,157,63071]}\n>p1 move earthquake\n>p2 move powerwhip\n>p2 switch 2\n>p1 switch 5\n>p2 move tripleaxel\n>p1 move quiverdance\n>p2 switch 3\n>p1 switch 2\n>p2 switch 5\n>p1 switch 5\n>p2 move toxic\n>p1 move stoneedge\n>p2 switch 3\n>p1 switch 2\n>p2 move synthesis\n>p1 move fireblast\n>p2 move synthesis\n>p1 move roost\n>p2 switch 3\n>p1 switch 2\n>p2 move seismictoss\n>p1 move stoneedge\n>p2 switch 3\n>p2 switch 5\n>p1 switch 5\n>p2 move stealthrock\n>p1 move thunderwave\n>p2 switch 3\n>p1 switch 5\n>p2 move teleport\n>p1 move earthquake\n>p2 switch 3\n>p1 switch 5\n>p2 switch 6\n>p1 move thunderwave\n>p2 move knockoff\n>p1 switch 6\n>p1 move toxic\n>p2 move earthquake dynamax\n>p1 move diamondstorm\n>p2 move earthquake dynamax\n>p1 switch 4\n>p1 move coil dynamax\n>p2 move knockoff dynamax\n>p1 move thousandarrows dynamax\n>p2 switch 3\n>p1 move thousandarrows dynamax\n>p2 switch 3\n>p2 switch 3\n>p1 move thousandarrows\n>p2 move softboiled\n>p2 switch 4\n>p1 move outrage\n>p2 move dazzlinggleam\n>p1 switch 2\n>p1 move quiverdance\n>p2 move calmmind\n>p1 move bugbuzz\n>p2 move psychic","uploadtime":1641476431,"views":5,"p1id":"shakywarrior","p2id":"allelaja","formatid":"gen8randombattle","rating":1305,"private":0,"password":null}