{"id":"gen8uu-1604732204","p1":"tolstoy","p2":"ambre la cutie","format":"gen8uu","log":"|j|\u2606tolstoy\n|j|\u2606ambre la cutie\n|t:|1656268595\n|gametype|singles\n|player|p1|tolstoy|hilda|1496\n|player|p2|ambre la cutie|teacher-gen2|1530\n|teamsize|p1|6\n|teamsize|p2|6\n|gen|8\n|tier|[Gen 8] UU\n|rated|\n|rule|Sleep Clause Mod: Limit one foe put to sleep\n|rule|Species Clause: Limit one of each Pok\u00e9mon\n|rule|OHKO Clause: OHKO moves are banned\n|rule|Evasion Moves Clause: Evasion moves are banned\n|rule|Endless Battle Clause: Forcing endless battles is banned\n|rule|HP Percentage Mod: HP is shown in percentages\n|rule|Dynamax Clause: You cannot dynamax\n|clearpoke\n|poke|p1|Venusaur, M|\n|poke|p1|Chansey, F|\n|poke|p1|Skarmory, F|\n|poke|p1|Excadrill, M|\n|poke|p1|Keldeo-Resolute|\n|poke|p1|Rotom-Heat|\n|poke|p2|Politoed, F|\n|poke|p2|Keldeo-Resolute|\n|poke|p2|Qwilfish, M|\n|poke|p2|Seismitoad, M|\n|poke|p2|Jirachi|\n|poke|p2|Salamence, M|\n|teampreview\n|inactive|Battle timer is ON: inactive players will automatically lose when time's up. (requested by tolstoy)\n|\n|t:|1656268608\n|start\n|switch|p1a: Keldeo|Keldeo-Resolute|100\/100\n|switch|p2a: Politoed|Politoed, F|100\/100\n|-weather|RainDance|[from] ability: Drizzle|[of] p2a: Politoed\n|turn|1\n|j| sachalenul\n|\n|t:|1656268622\n|switch|p2a: Salamence|Salamence, M|100\/100\n|-ability|p2a: Salamence|Intimidate|boost\n|-unboost|p1a: Keldeo|atk|1\n|move|p1a: Keldeo|Substitute|p1a: Keldeo\n|-start|p1a: Keldeo|Substitute\n|-damage|p1a: Keldeo|76\/100\n|\n|-weather|RainDance|[upkeep]\n|-heal|p1a: Keldeo|82\/100|[from] item: Leftovers\n|upkeep\n|turn|2\n|\n|t:|1656268628\n|move|p1a: Keldeo|Scald|p2a: Salamence\n|-resisted|p2a: Salamence\n|-damage|p2a: Salamence|65\/100\n|move|p2a: Salamence|Hurricane|p1a: Keldeo\n|-supereffective|p1a: Keldeo\n|-end|p1a: Keldeo|Substitute\n|\n|-weather|RainDance|[upkeep]\n|-heal|p1a: Keldeo|88\/100|[from] item: Leftovers\n|upkeep\n|turn|3\n|c| sachalenul|une fille en haut ladder\n|\n|t:|1656268639\n|switch|p1a: blargh|Chansey, F|100\/100\n|move|p2a: Salamence|Roost|p2a: Salamence\n|-heal|p2a: Salamence|100\/100\n|-singleturn|p2a: Salamence|move: Roost\n|\n|-weather|RainDance|[upkeep]\n|upkeep\n|turn|4\n|\n|t:|1656268649\n|switch|p2a: Seismitoad|Seismitoad, M|100\/100\n|move|p1a: blargh|Stealth Rock|p2a: Seismitoad\n|-sidestart|p2: ambre la cutie|move: Stealth Rock\n|\n|-weather|RainDance|[upkeep]\n|upkeep\n|turn|5\n|c|\u2606tolstoy|je suis\n|\n|t:|1656268656\n|move|p2a: Seismitoad|Stealth Rock|p1a: blargh\n|-sidestart|p1: tolstoy|move: Stealth Rock\n|move|p1a: blargh|Toxic|p2a: Seismitoad\n|-status|p2a: Seismitoad|tox\n|\n|-weather|RainDance|[upkeep]\n|-damage|p2a: Seismitoad|95\/100 tox|[from] psn\n|upkeep\n|turn|6\n|\n|t:|1656268659\n|move|p2a: Seismitoad|Knock Off|p1a: blargh\n|-damage|p1a: blargh|83\/100\n|-enditem|p1a: blargh|Eviolite|[from] move: Knock Off|[of] p2a: Seismitoad\n|move|p1a: blargh|Seismic Toss|p2a: Seismitoad\n|-damage|p2a: Seismitoad|66\/100 tox\n|\n|-weather|RainDance|[upkeep]\n|-heal|p2a: Seismitoad|72\/100 tox|[from] item: Leftovers\n|-damage|p2a: Seismitoad|60\/100 tox|[from] psn\n|upkeep\n|turn|7\n|\n|t:|1656268673\n|switch|p2a: Qwilfish|Qwilfish, M|100\/100\n|-damage|p2a: Qwilfish|88\/100|[from] Stealth Rock\n|move|p1a: blargh|Seismic Toss|p2a: Qwilfish\n|-damage|p2a: Qwilfish|51\/100\n|\n|-weather|RainDance|[upkeep]\n|upkeep\n|turn|8\n|c| sachalenul|francaise aussi\n|\n|t:|1656268685\n|switch|p2a: Keldeo|Keldeo-Resolute|100\/100\n|-damage|p2a: Keldeo|94\/100|[from] Stealth Rock\n|switch|p1a: Skarmory|Skarmory, F|100\/100\n|-damage|p1a: Skarmory|88\/100|[from] Stealth Rock\n|\n|-weather|none\n|upkeep\n|turn|9\n|\n|t:|1656268695\n|switch|p1a: Venusaur|Venusaur, M|100\/100\n|-damage|p1a: Venusaur|88\/100|[from] Stealth Rock\n|move|p2a: Keldeo|Surf|p1a: Venusaur\n|-resisted|p1a: Venusaur\n|-damage|p1a: Venusaur|57\/100\n|\n|-heal|p1a: Venusaur|63\/100|[from] item: Black Sludge\n|upkeep\n|turn|10\n|\n|t:|1656268703\n|switch|p2a: Salamence|Salamence, M|100\/100\n|-ability|p2a: Salamence|Intimidate|boost\n|-unboost|p1a: Venusaur|atk|1\n|move|p1a: Venusaur|Leech Seed|p2a: Salamence\n|-start|p2a: Salamence|move: Leech Seed\n|\n|-heal|p1a: Venusaur|69\/100|[from] item: Black Sludge\n|-damage|p2a: Salamence|88\/100|[from] Leech Seed|[of] p1a: Venusaur\n|-heal|p1a: Venusaur|80\/100|[silent]\n|upkeep\n|turn|11\n|\n|t:|1656268713\n|switch|p2a: Politoed|Politoed, F|100\/100\n|-damage|p2a: Politoed|88\/100|[from] Stealth Rock\n|-weather|RainDance|[from] ability: Drizzle|[of] p2a: Politoed\n|move|p1a: Venusaur|Substitute|p1a: Venusaur\n|-start|p1a: Venusaur|Substitute\n|-damage|p1a: Venusaur|55\/100\n|\n|-weather|RainDance|[upkeep]\n|-heal|p1a: Venusaur|61\/100|[from] item: Black Sludge\n|upkeep\n|turn|12\n|c| sachalenul|bizarre florizarre sans team sun\n|\n|t:|1656268717\n|move|p1a: Venusaur|Leech Seed|p2a: Politoed\n|-start|p2a: Politoed|move: Leech Seed\n|move|p2a: Politoed|Encore|p1a: Venusaur\n|-start|p1a: Venusaur|Encore\n|\n|-weather|RainDance|[upkeep]\n|-heal|p1a: Venusaur|67\/100|[from] item: Black Sludge\n|-damage|p2a: Politoed|76\/100|[from] Leech Seed|[of] p1a: Venusaur\n|-heal|p1a: Venusaur|80\/100|[silent]\n|upkeep\n|turn|13\n|\n|t:|1656268725\n|switch|p2a: Salamence|Salamence, M|88\/100\n|-ability|p2a: Salamence|Intimidate|boost\n|-immune|p1a: Venusaur\n|move|p1a: Venusaur|Leech Seed|p2a: Salamence\n|-start|p2a: Salamence|move: Leech Seed\n|\n|-weather|RainDance|[upkeep]\n|-heal|p1a: Venusaur|86\/100|[from] item: Black Sludge\n|-damage|p2a: Salamence|76\/100|[from] Leech Seed|[of] p1a: Venusaur\n|-heal|p1a: Venusaur|98\/100|[silent]\n|upkeep\n|turn|14\n|\n|t:|1656268732\n|switch|p1a: blargh|Chansey, F|83\/100\n|-damage|p1a: blargh|70\/100|[from] Stealth Rock\n|move|p2a: Salamence|Hurricane|p1a: blargh\n|-damage|p1a: blargh|46\/100\n|\n|-weather|RainDance|[upkeep]\n|-damage|p2a: Salamence|63\/100|[from] Leech Seed|[of] p1a: blargh\n|-heal|p1a: blargh|52\/100|[silent]\n|upkeep\n|turn|15\n|\n|t:|1656268742\n|switch|p2a: Keldeo|Keldeo-Resolute|94\/100\n|-damage|p2a: Keldeo|88\/100|[from] Stealth Rock\n|move|p1a: blargh|Soft-Boiled|p1a: blargh\n|-heal|p1a: blargh|100\/100\n|\n|-weather|RainDance|[upkeep]\n|upkeep\n|turn|16\n|\n|t:|1656268753\n|switch|p1a: Venusaur|Venusaur, M|98\/100\n|-damage|p1a: Venusaur|85\/100|[from] Stealth Rock\n|move|p2a: Keldeo|Hydro Pump|p1a: Venusaur\n|-resisted|p1a: Venusaur\n|-damage|p1a: Venusaur|34\/100\n|\n|-weather|RainDance|[upkeep]\n|-heal|p1a: Venusaur|40\/100|[from] item: Black Sludge\n|upkeep\n|turn|17\n|\n|t:|1656268759\n|move|p2a: Keldeo|Hydro Pump|p1a: Venusaur|[miss]\n|-miss|p2a: Keldeo|p1a: Venusaur\n|move|p1a: Venusaur|Leech Seed|p2a: Keldeo\n|-start|p2a: Keldeo|move: Leech Seed\n|\n|-weather|RainDance|[upkeep]\n|-heal|p1a: Venusaur|46\/100|[from] item: Black Sludge\n|-damage|p2a: Keldeo|76\/100|[from] Leech Seed|[of] p1a: Venusaur\n|-heal|p1a: Venusaur|57\/100|[silent]\n|upkeep\n|turn|18\n|c| sachalenul|ouh the luck\n|\n|t:|1656268783\n|switch|p2a: Jirachi|Jirachi|100\/100\n|-damage|p2a: Jirachi|94\/100|[from] Stealth Rock\n|move|p1a: Venusaur|Sludge Bomb|p2a: Jirachi\n|-immune|p2a: Jirachi\n|\n|-weather|none\n|-heal|p1a: Venusaur|63\/100|[from] item: Black Sludge\n|upkeep\n|turn|19\n|\n|t:|1656268800\n|switch|p1a: Rotom|Rotom-Heat|100\/100\n|move|p2a: Jirachi|U-turn|p1a: Rotom\n|-resisted|p1a: Rotom\n|-damage|p1a: Rotom|92\/100\n|\n|t:|1656268805\n|switch|p2a: Politoed|Politoed, F|76\/100|[from]move: U-turn\n|-damage|p2a: Politoed|64\/100|[from] Stealth Rock\n|-weather|RainDance|[from] ability: Drizzle|[of] p2a: Politoed\n|\n|-weather|RainDance|[upkeep]\n|upkeep\n|turn|20\n|\n|t:|1656268809\n|switch|p1a: blargh|Chansey, F|100\/100\n|-damage|p1a: blargh|88\/100|[from] Stealth Rock\n|switch|p2a: Seismitoad|Seismitoad, M|60\/100 tox\n|-damage|p2a: Seismitoad|54\/100 tox|[from] Stealth Rock\n|\n|-weather|RainDance|[upkeep]\n|-heal|p2a: Seismitoad|60\/100 tox|[from] item: Leftovers\n|-damage|p2a: Seismitoad|54\/100 tox|[from] psn\n|upkeep\n|turn|21\n|\n|t:|1656268815\n|move|p2a: Seismitoad|Liquidation|p1a: blargh\n|-damage|p1a: blargh|35\/100\n|move|p1a: blargh|Seismic Toss|p2a: Seismitoad\n|-damage|p2a: Seismitoad|26\/100 tox\n|\n|-weather|RainDance|[upkeep]\n|-heal|p2a: Seismitoad|32\/100 tox|[from] item: Leftovers\n|-damage|p2a: Seismitoad|20\/100 tox|[from] psn\n|upkeep\n|turn|22\n|\n|t:|1656268824\n|switch|p2a: Keldeo|Keldeo-Resolute|76\/100\n|-damage|p2a: Keldeo|70\/100|[from] Stealth Rock\n|move|p1a: blargh|Seismic Toss|p2a: Keldeo\n|-damage|p2a: Keldeo|39\/100\n|\n|-weather|RainDance|[upkeep]\n|upkeep\n|turn|23\n|\n|t:|1656268832\n|move|p2a: Keldeo|Surf|p1a: blargh\n|-damage|p1a: blargh|0 fnt\n|faint|p1a: blargh\n|\n|-weather|RainDance|[upkeep]\n|upkeep\n|\n|t:|1656268834\n|switch|p1a: Keldeo|Keldeo-Resolute|88\/100\n|-damage|p1a: Keldeo|82\/100|[from] Stealth Rock\n|turn|24\n|\n|t:|1656268842\n|move|p2a: Keldeo|Surf|p1a: Keldeo\n|-resisted|p1a: Keldeo\n|-damage|p1a: Keldeo|26\/100\n|move|p1a: Keldeo|Substitute|p1a: Keldeo\n|-start|p1a: Keldeo|Substitute\n|-damage|p1a: Keldeo|1\/100\n|\n|-weather|RainDance|[upkeep]\n|-heal|p1a: Keldeo|8\/100|[from] item: Leftovers\n|upkeep\n|turn|25\n|\n|t:|1656268855\n|switch|p2a: Seismitoad|Seismitoad, M|20\/100 tox\n|-damage|p2a: Seismitoad|14\/100 tox|[from] Stealth Rock\n|move|p1a: Keldeo|Secret Sword|p2a: Seismitoad\n|-damage|p2a: Seismitoad|0 fnt\n|faint|p2a: Seismitoad\n|\n|-weather|RainDance|[upkeep]\n|-heal|p1a: Keldeo|14\/100|[from] item: Leftovers\n|upkeep\n|\n|t:|1656268869\n|switch|p2a: Salamence|Salamence, M|63\/100\n|-ability|p2a: Salamence|Intimidate|boost\n|-immune|p1a: Keldeo\n|turn|26\n|\n|t:|1656268890\n|move|p1a: Keldeo|Scald|p2a: Salamence\n|-resisted|p2a: Salamence\n|-damage|p2a: Salamence|27\/100\n|-status|p2a: Salamence|brn\n|move|p2a: Salamence|Hurricane|p1a: Keldeo\n|-supereffective|p1a: Keldeo\n|-end|p1a: Keldeo|Substitute\n|\n|-weather|none\n|-heal|p1a: Keldeo|20\/100|[from] item: Leftovers\n|-damage|p2a: Salamence|21\/100 brn|[from] brn\n|upkeep\n|turn|27\n|\n|t:|1656268898\n|move|p1a: Keldeo|Scald|p2a: Salamence\n|-resisted|p2a: Salamence\n|-damage|p2a: Salamence|0 fnt\n|faint|p2a: Salamence\n|\n|-heal|p1a: Keldeo|26\/100|[from] item: Leftovers\n|upkeep\n|\n|t:|1656268907\n|switch|p2a: Jirachi|Jirachi|94\/100\n|-damage|p2a: Jirachi|88\/100|[from] Stealth Rock\n|turn|28\n|\n|t:|1656268913\n|move|p2a: Jirachi|Thunder Punch|p1a: Keldeo\n|-supereffective|p1a: Keldeo\n|-damage|p1a: Keldeo|0 fnt\n|faint|p1a: Keldeo\n|\n|upkeep\n|\n|t:|1656268916\n|switch|p1a: Excadrill|Excadrill, M|100\/100\n|-damage|p1a: Excadrill|98\/100|[from] Stealth Rock\n|-ability|p1a: Excadrill|Mold Breaker\n|turn|29\n|\n|t:|1656268919\n|switch|p2a: Politoed|Politoed, F|64\/100\n|-damage|p2a: Politoed|51\/100|[from] Stealth Rock\n|-weather|RainDance|[from] ability: Drizzle|[of] p2a: Politoed\n|move|p1a: Excadrill|Rapid Spin|p2a: Politoed\n|-damage|p2a: Politoed|37\/100\n|-boost|p1a: Excadrill|spe|1\n|-sideend|p1: tolstoy|Stealth Rock|[from] move: Rapid Spin|[of] p1a: Excadrill\n|\n|-weather|RainDance|[upkeep]\n|-heal|p1a: Excadrill|100\/100|[from] item: Leftovers\n|upkeep\n|turn|30\n|\n|t:|1656268941\n|move|p1a: Excadrill|Earthquake|p2a: Politoed\n|-damage|p2a: Politoed|0 fnt\n|faint|p2a: Politoed\n|\n|-weather|RainDance|[upkeep]\n|upkeep\n|c| sachalenul|jolie\n|\n|t:|1656268947\n|switch|p2a: Qwilfish|Qwilfish, M|51\/100\n|-damage|p2a: Qwilfish|39\/100|[from] Stealth Rock\n|turn|31\n|\n|t:|1656268962\n|switch|p1a: Skarmory|Skarmory, F|88\/100\n|move|p2a: Qwilfish|Liquidation|p1a: Skarmory\n|-damage|p1a: Skarmory|43\/100\n|-unboost|p1a: Skarmory|def|1\n|-damage|p2a: Qwilfish|23\/100|[from] item: Rocky Helmet|[of] p1a: Skarmory\n|-damage|p2a: Qwilfish|13\/100|[from] item: Life Orb\n|\n|-weather|RainDance|[upkeep]\n|upkeep\n|turn|32\n|c|\u2606ambre la cutie|clairement le miss hydro\n|inactive|ambre la cutie has 120 seconds left.\n|c|\u2606ambre la cutie|te donne la win\n|\n|t:|1656268999\n|switch|p2a: Jirachi|Jirachi|88\/100\n|-damage|p2a: Jirachi|82\/100|[from] Stealth Rock\n|move|p1a: Skarmory|Spikes|p2a: Jirachi\n|-sidestart|p2: ambre la cutie|Spikes\n|\n|-weather|RainDance|[upkeep]\n|upkeep\n|turn|33\n|c| sachalenul|javoue florizarre en fin de game\n|\n|t:|1656269008\n|move|p2a: Jirachi|Healing Wish|p2a: Jirachi\n|faint|p2a: Jirachi\n|move|p1a: Skarmory|Spikes|p2: Jirachi\n|-sidestart|p2: ambre la cutie|Spikes\n|\n|-weather|RainDance|[upkeep]\n|upkeep\n|c| sachalenul|le donne gagnant\n|\n|t:|1656269018\n|switch|p2a: Qwilfish|Qwilfish, M|13\/100\n|-heal|p2a: Qwilfish|100\/100|[from] move: Healing Wish\n|-damage|p2a: Qwilfish|88\/100|[from] Stealth Rock\n|-damage|p2a: Qwilfish|72\/100|[from] Spikes\n|turn|34\n|inactive|tolstoy has 120 seconds left.\n|\n|t:|1656269058\n|switch|p1a: Rotom|Rotom-Heat|92\/100\n|move|p2a: Qwilfish|Swords Dance|p2a: Qwilfish\n|-boost|p2a: Qwilfish|atk|2\n|\n|-weather|RainDance|[upkeep]\n|upkeep\n|turn|35\n|inactive|ambre la cutie has 120 seconds left.\n|\n|t:|1656269090\n|move|p2a: Qwilfish|Liquidation|p1a: Rotom\n|-supereffective|p1a: Rotom\n|-damage|p1a: Rotom|0 fnt\n|faint|p1a: Rotom\n|-damage|p2a: Qwilfish|62\/100|[from] item: Life Orb\n|\n|-weather|RainDance|[upkeep]\n|upkeep\n|\n|t:|1656269094\n|switch|p1a: Venusaur|Venusaur, M|63\/100\n|turn|36\n|\n|t:|1656269098\n|switch|p1a: Skarmory|Skarmory, F|43\/100\n|move|p2a: Qwilfish|Poison Jab|p1a: Skarmory\n|-immune|p1a: Skarmory\n|\n|-weather|none\n|upkeep\n|turn|37\n|\n|t:|1656269106\n|move|p2a: Qwilfish|Liquidation|p1a: Skarmory\n|-damage|p1a: Skarmory|0 fnt\n|-damage|p2a: Qwilfish|45\/100|[from] item: Rocky Helmet|[of] p1a: Skarmory\n|faint|p1a: Skarmory\n|-damage|p2a: Qwilfish|35\/100|[from] item: Life Orb\n|\n|upkeep\n|c| sachalenul|gg\n|c| sachalenul|tolstoy\n|inactive|tolstoy has 120 seconds left.\n|\n|t:|1656269145\n|switch|p1a: Excadrill|Excadrill, M|100\/100\n|-ability|p1a: Excadrill|Mold Breaker\n|turn|38\n|\n|t:|1656269153\n|move|p2a: Qwilfish|Aqua Jet|p1a: Excadrill\n|-supereffective|p1a: Excadrill\n|-damage|p1a: Excadrill|13\/100\n|-damage|p2a: Qwilfish|25\/100|[from] item: Life Orb\n|move|p1a: Excadrill|Earthquake|p2a: Qwilfish\n|-supereffective|p2a: Qwilfish\n|-damage|p2a: Qwilfish|0 fnt\n|faint|p2a: Qwilfish\n|\n|-heal|p1a: Excadrill|19\/100|[from] item: Leftovers\n|upkeep\n|c|\u2606tolstoy|gg\n|\n|t:|1656269157\n|switch|p2a: Keldeo|Keldeo-Resolute|39\/100\n|-damage|p2a: Keldeo|32\/100|[from] Stealth Rock\n|-damage|p2a: Keldeo|16\/100|[from] Spikes\n|turn|39\n|\n|t:|1656269165\n|move|p2a: Keldeo|Icy Wind|p1a: Excadrill\n|-damage|p1a: Excadrill|0 fnt\n|faint|p1a: Excadrill\n|\n|upkeep\n|\n|t:|1656269166\n|switch|p1a: Venusaur|Venusaur, M|63\/100\n|turn|40\n|\n|t:|1656269173\n|move|p2a: Keldeo|Icy Wind|p1a: Venusaur\n|-supereffective|p1a: Venusaur\n|-damage|p1a: Venusaur|15\/100\n|-unboost|p1a: Venusaur|spe|1\n|move|p1a: Venusaur|Sludge Bomb|p2a: Keldeo\n|-damage|p2a: Keldeo|0 fnt\n|faint|p2a: Keldeo\n|\n|win|tolstoy\n|raw|tolstoy's rating: 1496 &rarr; <strong>1518<\/strong><br \/>(+22 for winning)\n|raw|ambre la cutie's rating: 1530 &rarr; <strong>1508<\/strong><br \/>(-22 for losing)\n|l|\u2606tolstoy\n|c| sachalenul|beau matche\n","uploadtime":1656269214,"views":22,"p1id":"tolstoy","p2id":"ambrelacutie","formatid":"gen8uu","rating":1508,"private":0,"password":null}