{"id":"gen8ou-1691131397","p1":"Venositile","p2":"LT94JE Allistair","format":"gen8ou","log":"|html|<div class=\"broadcast-blue\"><strong>[Gen 8] OU is currently suspecting Melmetal! For information on how to participate check out the <a href=\"https:\/\/www.smogon.com\/forums\/threads\/np-ss-ou-suspect-process-round-12-monster-mash.3709234\/\">suspect thread<\/a>.<\/strong><\/div>\n|j|\u2606Venositile\n|j|\u2606LT94JE Allistair\n|t:|1666347813\n|gametype|singles\n|player|p1|Venositile|rocketexecutive-gen2|1664\n|player|p2|LT94JE Allistair|1|1659\n|teamsize|p1|6\n|teamsize|p2|6\n|gen|8\n|tier|[Gen 8] OU\n|rated|\n|rule|Sleep Clause Mod: Limit one foe put to sleep\n|rule|Species Clause: Limit one of each Pok\u00e9mon\n|rule|OHKO Clause: OHKO moves are banned\n|rule|Evasion Items Clause: Evasion items are banned\n|rule|Evasion Moves Clause: Evasion moves are banned\n|rule|Endless Battle Clause: Forcing endless battles is banned\n|rule|HP Percentage Mod: HP is shown in percentages\n|rule|Dynamax Clause: You cannot dynamax\n|clearpoke\n|poke|p1|Rotom-Wash|\n|poke|p1|Weavile, M|\n|poke|p1|Landorus-Therian, M|\n|poke|p1|Heatran, M|\n|poke|p1|Tangrowth, M|\n|poke|p1|Nidoking, M|\n|poke|p2|Mew|\n|poke|p2|Slurpuff, M|\n|poke|p2|Vanilluxe, M|\n|poke|p2|Jirachi|\n|poke|p2|Heatran, M|\n|poke|p2|Suicune|\n|teampreview\n|inactive|Battle timer is ON: inactive players will automatically lose when time's up. (requested by Venositile)\n|j| First loves\n|inactive|LT94JE Allistair has 120 seconds left.\n|\n|t:|1666347857\n|start\n|switch|p1a: Nidoking|Nidoking, M|100\/100\n|switch|p2a: Slurpuff|Slurpuff, M|100\/100\n|turn|1\n|\n|t:|1666347860\n|move|p1a: Nidoking|Sludge Bomb|p2a: Slurpuff\n|-supereffective|p2a: Slurpuff\n|-enditem|p2a: Slurpuff|Focus Sash\n|-damage|p2a: Slurpuff|1\/100\n|move|p2a: Slurpuff|Sticky Web|p1a: Nidoking\n|-sidestart|p1: Venositile|move: Sticky Web\n|\n|upkeep\n|turn|2\n|\n|t:|1666347867\n|move|p2a: Slurpuff|Yawn|p1a: Nidoking\n|-start|p1a: Nidoking|move: Yawn|[of] p2a: Slurpuff\n|move|p1a: Nidoking|Earth Power|p2a: Slurpuff\n|-damage|p2a: Slurpuff|0 fnt\n|faint|p2a: Slurpuff\n|\n|upkeep\n|\n|t:|1666347888\n|switch|p2a: Vanilluxe|Vanilluxe, M|100\/100\n|-weather|Hail|[from] ability: Snow Warning|[of] p2a: Vanilluxe\n|turn|3\n|\n|t:|1666347894\n|switch|p1a: Heatran|Heatran, M|100\/100\n|-item|p1a: Heatran|Air Balloon\n|switch|p2a: Mew|Mew|100\/100\n|\n|-weather|Hail|[upkeep]\n|-damage|p2a: Mew|94\/100|[from] Hail\n|-damage|p1a: Heatran|94\/100|[from] Hail\n|upkeep\n|turn|4\n|\n|t:|1666347897\n|switch|p1a: Weavile|Weavile, M|100\/100\n|-activate|p1a: Weavile|move: Sticky Web\n|-unboost|p1a: Weavile|spe|1\n|-ability|p1a: Weavile|Pressure\n|move|p2a: Mew|Stored Power|p1a: Weavile\n|-immune|p1a: Weavile\n|\n|-weather|Hail|[upkeep]\n|-damage|p2a: Mew|88\/100|[from] Hail\n|upkeep\n|turn|5\n|\n|t:|1666347901\n|switch|p2a: Heatran|Heatran, M|100\/100\n|move|p1a: Weavile|Beat Up|p2a: Heatran\n|-damage|p2a: Heatran|88\/100\n|-damage|p2a: Heatran|77\/100\n|-damage|p2a: Heatran|62\/100\n|-damage|p2a: Heatran|50\/100\n|-damage|p2a: Heatran|38\/100\n|-damage|p2a: Heatran|31\/100\n|-hitcount|p2a: Heatran|6\n|\n|-weather|Hail|[upkeep]\n|-damage|p2a: Heatran|24\/100|[from] Hail\n|upkeep\n|turn|6\n|\n|t:|1666347906\n|switch|p1a: Landorus|Landorus-Therian, M|100\/100\n|-ability|p1a: Landorus|Intimidate|boost\n|-unboost|p2a: Heatran|atk|1\n|move|p2a: Heatran|Will-O-Wisp|p1a: Landorus\n|-status|p1a: Landorus|brn\n|\n|-weather|Hail|[upkeep]\n|-damage|p2a: Heatran|18\/100|[from] Hail\n|-damage|p1a: Landorus|94\/100 brn|[from] Hail\n|-heal|p1a: Landorus|100\/100 brn|[from] item: Leftovers\n|-damage|p1a: Landorus|94\/100 brn|[from] brn\n|upkeep\n|turn|7\n|\n|t:|1666347909\n|move|p2a: Heatran|Taunt|p1a: Landorus\n|-start|p1a: Landorus|move: Taunt\n|cant|p1a: Landorus|move: Taunt|Defog\n|\n|-weather|none\n|-heal|p1a: Landorus|100\/100 brn|[from] item: Leftovers\n|-damage|p1a: Landorus|94\/100 brn|[from] brn\n|upkeep\n|turn|8\n|\n|t:|1666347912\n|switch|p2a: Mew|Mew|88\/100\n|move|p1a: Landorus|Earthquake|p2a: Mew\n|-damage|p2a: Mew|67\/100\n|\n|-heal|p1a: Landorus|100\/100 brn|[from] item: Leftovers\n|-damage|p1a: Landorus|94\/100 brn|[from] brn\n|upkeep\n|turn|9\n|\n|t:|1666347914\n|move|p2a: Mew|Cosmic Power|p2a: Mew\n|-boost|p2a: Mew|def|1\n|-boost|p2a: Mew|spd|1\n|move|p1a: Landorus|U-turn|p2a: Mew\n|-supereffective|p2a: Mew\n|-damage|p2a: Mew|53\/100\n|-enditem|p2a: Mew|Weakness Policy\n|-boost|p2a: Mew|atk|2|[from] item: Weakness Policy\n|-boost|p2a: Mew|spa|2|[from] item: Weakness Policy\n|\n|t:|1666347916\n|switch|p1a: Weavile|Weavile, M|100\/100|[from]move: U-turn\n|-activate|p1a: Weavile|move: Sticky Web\n|-unboost|p1a: Weavile|spe|1\n|-ability|p1a: Weavile|Pressure\n|\n|upkeep\n|turn|10\n|\n|t:|1666347923\n|move|p2a: Mew|Cosmic Power|p2a: Mew\n|-boost|p2a: Mew|def|1\n|-boost|p2a: Mew|spd|1\n|move|p1a: Weavile|Beat Up|p2a: Mew\n|-supereffective|p2a: Mew\n|-damage|p2a: Mew|40\/100\n|-supereffective|p2a: Mew\n|-damage|p2a: Mew|29\/100\n|-supereffective|p2a: Mew\n|-damage|p2a: Mew|18\/100\n|-supereffective|p2a: Mew\n|-damage|p2a: Mew|8\/100\n|-supereffective|p2a: Mew\n|-damage|p2a: Mew|0 fnt\n|faint|p2a: Mew\n|-hitcount|p2: Mew|5\n|\n|upkeep\n|\n|t:|1666347926\n|switch|p2a: Vanilluxe|Vanilluxe, M|100\/100\n|-weather|Hail|[from] ability: Snow Warning|[of] p2a: Vanilluxe\n|turn|11\n|\n|t:|1666347930\n|switch|p1a: Heatran|Heatran, M|94\/100\n|-item|p1a: Heatran|Air Balloon\n|move|p2a: Vanilluxe|Aurora Veil|p2a: Vanilluxe\n|-sidestart|p2: LT94JE Allistair|move: Aurora Veil\n|\n|-weather|Hail|[upkeep]\n|-damage|p1a: Heatran|88\/100|[from] Hail\n|upkeep\n|turn|12\n|\n|t:|1666347933\n|move|p2a: Vanilluxe|Taunt|p1a: Heatran\n|-start|p1a: Heatran|move: Taunt\n|cant|p1a: Heatran|move: Taunt|Stealth Rock\n|\n|-weather|Hail|[upkeep]\n|-damage|p1a: Heatran|82\/100|[from] Hail\n|upkeep\n|turn|13\n|\n|t:|1666347936\n|move|p2a: Vanilluxe|Explosion|p1a: Heatran\n|-resisted|p1a: Heatran\n|-damage|p1a: Heatran|46\/100\n|-enditem|p1a: Heatran|Air Balloon\n|faint|p2a: Vanilluxe\n|move|p1a: Heatran|Magma Storm|p2: Vanilluxe|[notarget]\n|-fail|p1a: Heatran\n|\n|-weather|Hail|[upkeep]\n|-damage|p1a: Heatran|40\/100|[from] Hail\n|upkeep\n|\n|t:|1666347948\n|switch|p2a: Suicune|Suicune|100\/100\n|-ability|p2a: Suicune|Pressure\n|turn|14\n|\n|t:|1666347955\n|switch|p1a: Rotom|Rotom-Wash|100\/100\n|move|p2a: Suicune|Calm Mind|p2a: Suicune\n|-boost|p2a: Suicune|spa|1\n|-boost|p2a: Suicune|spd|1\n|\n|-weather|Hail|[upkeep]\n|-damage|p2a: Suicune|94\/100|[from] Hail\n|-damage|p1a: Rotom|94\/100|[from] Hail\n|-heal|p2a: Suicune|100\/100|[from] item: Leftovers\n|-heal|p1a: Rotom|100\/100|[from] item: Leftovers\n|upkeep\n|turn|15\n|\n|t:|1666347959\n|move|p2a: Suicune|Substitute|p2a: Suicune\n|-start|p2a: Suicune|Substitute\n|-damage|p2a: Suicune|75\/100\n|move|p1a: Rotom|Nasty Plot|p1a: Rotom\n|-boost|p1a: Rotom|spa|2\n|\n|-weather|none\n|-heal|p2a: Suicune|82\/100|[from] item: Leftovers\n|upkeep\n|turn|16\n|\n|t:|1666347964\n|move|p2a: Suicune|Calm Mind|p2a: Suicune\n|-boost|p2a: Suicune|spa|1\n|-boost|p2a: Suicune|spd|1\n|move|p1a: Rotom|Thunderbolt|p2a: Suicune\n|-supereffective|p2a: Suicune\n|-end|p2a: Suicune|Substitute\n|\n|-heal|p2a: Suicune|88\/100|[from] item: Leftovers\n|upkeep\n|turn|17\n|\n|t:|1666347968\n|move|p2a: Suicune|Scald|p1a: Rotom\n|-resisted|p1a: Rotom\n|-damage|p1a: Rotom|75\/100\n|move|p1a: Rotom|Thunderbolt|p2a: Suicune\n|-supereffective|p2a: Suicune\n|-damage|p2a: Suicune|62\/100\n|\n|-heal|p2a: Suicune|69\/100|[from] item: Leftovers\n|-heal|p1a: Rotom|82\/100|[from] item: Leftovers\n|upkeep\n|turn|18\n|\n|t:|1666347975\n|move|p2a: Suicune|Scald|p1a: Rotom\n|-resisted|p1a: Rotom\n|-damage|p1a: Rotom|54\/100\n|-status|p1a: Rotom|brn\n|move|p1a: Rotom|Nasty Plot|p1a: Rotom\n|-boost|p1a: Rotom|spa|2\n|\n|-heal|p2a: Suicune|75\/100|[from] item: Leftovers\n|-heal|p1a: Rotom|60\/100 brn|[from] item: Leftovers\n|-damage|p1a: Rotom|54\/100 brn|[from] brn\n|-sideend|p2: LT94JE Allistair|move: Aurora Veil\n|upkeep\n|turn|19\n|\n|t:|1666347986\n|move|p2a: Suicune|Protect|p2a: Suicune\n|-singleturn|p2a: Suicune|Protect\n|move|p1a: Rotom|Thunderbolt|p2a: Suicune\n|-activate|p2a: Suicune|move: Protect\n|\n|-heal|p2a: Suicune|81\/100|[from] item: Leftovers\n|-heal|p1a: Rotom|60\/100 brn|[from] item: Leftovers\n|-damage|p1a: Rotom|54\/100 brn|[from] brn\n|upkeep\n|turn|20\n|\n|t:|1666347994\n|move|p2a: Suicune|Substitute|p2a: Suicune\n|-start|p2a: Suicune|Substitute\n|-damage|p2a: Suicune|56\/100\n|move|p1a: Rotom|Thunderbolt|p2a: Suicune\n|-supereffective|p2a: Suicune\n|-end|p2a: Suicune|Substitute\n|\n|-heal|p2a: Suicune|62\/100|[from] item: Leftovers\n|-heal|p1a: Rotom|60\/100 brn|[from] item: Leftovers\n|-damage|p1a: Rotom|54\/100 brn|[from] brn\n|upkeep\n|turn|21\n|\n|t:|1666347998\n|move|p2a: Suicune|Protect|p2a: Suicune\n|-singleturn|p2a: Suicune|Protect\n|move|p1a: Rotom|Thunderbolt|p2a: Suicune\n|-activate|p2a: Suicune|move: Protect\n|\n|-heal|p2a: Suicune|68\/100|[from] item: Leftovers\n|-heal|p1a: Rotom|60\/100 brn|[from] item: Leftovers\n|-damage|p1a: Rotom|54\/100 brn|[from] brn\n|upkeep\n|turn|22\n|\n|t:|1666348001\n|move|p2a: Suicune|Substitute|p2a: Suicune\n|-start|p2a: Suicune|Substitute\n|-damage|p2a: Suicune|43\/100\n|move|p1a: Rotom|Thunderbolt|p2a: Suicune\n|-supereffective|p2a: Suicune\n|-end|p2a: Suicune|Substitute\n|\n|-heal|p2a: Suicune|50\/100|[from] item: Leftovers\n|-heal|p1a: Rotom|60\/100 brn|[from] item: Leftovers\n|-damage|p1a: Rotom|54\/100 brn|[from] brn\n|upkeep\n|turn|23\n|\n|t:|1666348006\n|move|p2a: Suicune|Protect|p2a: Suicune\n|-singleturn|p2a: Suicune|Protect\n|move|p1a: Rotom|Thunderbolt|p2a: Suicune\n|-activate|p2a: Suicune|move: Protect\n|\n|-heal|p2a: Suicune|56\/100|[from] item: Leftovers\n|-heal|p1a: Rotom|60\/100 brn|[from] item: Leftovers\n|-damage|p1a: Rotom|54\/100 brn|[from] brn\n|upkeep\n|turn|24\n|j| fork gaming\n|\n|t:|1666348021\n|move|p2a: Suicune|Substitute|p2a: Suicune\n|-start|p2a: Suicune|Substitute\n|-damage|p2a: Suicune|31\/100\n|move|p1a: Rotom|Thunderbolt|p2a: Suicune\n|-supereffective|p2a: Suicune\n|-end|p2a: Suicune|Substitute\n|\n|-heal|p2a: Suicune|37\/100|[from] item: Leftovers\n|-heal|p1a: Rotom|60\/100 brn|[from] item: Leftovers\n|-damage|p1a: Rotom|54\/100 brn|[from] brn\n|upkeep\n|turn|25\n|l| fork gaming\n|\n|t:|1666348025\n|move|p2a: Suicune|Protect|p2a: Suicune\n|-singleturn|p2a: Suicune|Protect\n|move|p1a: Rotom|Nasty Plot|p1a: Rotom\n|-boost|p1a: Rotom|spa|2\n|\n|-heal|p2a: Suicune|43\/100|[from] item: Leftovers\n|-heal|p1a: Rotom|60\/100 brn|[from] item: Leftovers\n|-damage|p1a: Rotom|54\/100 brn|[from] brn\n|upkeep\n|turn|26\n|\n|t:|1666348040\n|move|p2a: Suicune|Substitute|p2a: Suicune\n|-start|p2a: Suicune|Substitute\n|-damage|p2a: Suicune|18\/100\n|move|p1a: Rotom|Thunderbolt|p2a: Suicune\n|-supereffective|p2a: Suicune\n|-end|p2a: Suicune|Substitute\n|\n|-heal|p2a: Suicune|24\/100|[from] item: Leftovers\n|-heal|p1a: Rotom|60\/100 brn|[from] item: Leftovers\n|-damage|p1a: Rotom|54\/100 brn|[from] brn\n|upkeep\n|turn|27\n|\n|t:|1666348046\n|move|p2a: Suicune|Protect|p2a: Suicune\n|-singleturn|p2a: Suicune|Protect\n|move|p1a: Rotom|Thunderbolt|p2a: Suicune\n|-activate|p2a: Suicune|move: Protect\n|\n|-heal|p2a: Suicune|30\/100|[from] item: Leftovers\n|-heal|p1a: Rotom|60\/100 brn|[from] item: Leftovers\n|-damage|p1a: Rotom|54\/100 brn|[from] brn\n|upkeep\n|turn|28\n|\n|t:|1666348055\n|switch|p2a: Heatran|Heatran, M|18\/100\n|move|p1a: Rotom|Thunderbolt|p2a: Heatran\n|-damage|p2a: Heatran|0 fnt\n|faint|p2a: Heatran\n|\n|-heal|p1a: Rotom|60\/100 brn|[from] item: Leftovers\n|-damage|p1a: Rotom|54\/100 brn|[from] brn\n|upkeep\n|\n|t:|1666348057\n|switch|p2a: Jirachi|Jirachi|100\/100\n|turn|29\n|\n|t:|1666348060\n|move|p2a: Jirachi|Wish|p2a: Jirachi\n|move|p1a: Rotom|Hydro Pump|p2a: Jirachi\n|-damage|p2a: Jirachi|0 fnt\n|faint|p2a: Jirachi\n|\n|-heal|p1a: Rotom|60\/100 brn|[from] item: Leftovers\n|-damage|p1a: Rotom|54\/100 brn|[from] brn\n|upkeep\n|\n|t:|1666348064\n|switch|p2a: Suicune|Suicune|30\/100\n|-ability|p2a: Suicune|Pressure\n|turn|30\n|\n|t:|1666348078\n|switch|p1a: Tangrowth|Tangrowth, M|100\/100\n|-activate|p1a: Tangrowth|move: Sticky Web\n|-unboost|p1a: Tangrowth|spe|1\n|move|p2a: Suicune|Substitute|p2a: Suicune\n|-start|p2a: Suicune|Substitute\n|-damage|p2a: Suicune|5\/100\n|\n|-heal|p2a: Suicune|48\/100|[from] move: Wish|[wisher] Jirachi\n|-heal|p2a: Suicune|54\/100|[from] item: Leftovers\n|upkeep\n|turn|31\n|\n|t:|1666348084\n|move|p2a: Suicune|Scald|p1a: Tangrowth\n|-resisted|p1a: Tangrowth\n|-damage|p1a: Tangrowth|82\/100\n|move|p1a: Tangrowth|Giga Drain|p2a: Suicune\n|-supereffective|p2a: Suicune\n|-end|p2a: Suicune|Substitute\n|-heal|p1a: Tangrowth|95\/100|[from] drain|[of] p2a: Suicune\n|\n|-heal|p2a: Suicune|60\/100|[from] item: Leftovers\n|upkeep\n|turn|32\n|\n|t:|1666348089\n|move|p2a: Suicune|Calm Mind|p2a: Suicune\n|-boost|p2a: Suicune|spa|1\n|-boost|p2a: Suicune|spd|1\n|move|p1a: Tangrowth|Sleep Powder|p2a: Suicune\n|-status|p2a: Suicune|slp|[from] move: Sleep Powder\n|\n|-heal|p2a: Suicune|66\/100 slp|[from] item: Leftovers\n|upkeep\n|turn|33\n|\n|t:|1666348098\n|switch|p1a: Weavile|Weavile, M|100\/100\n|-activate|p1a: Weavile|move: Sticky Web\n|-unboost|p1a: Weavile|spe|1\n|-ability|p1a: Weavile|Pressure\n|cant|p2a: Suicune|slp\n|\n|-heal|p2a: Suicune|72\/100 slp|[from] item: Leftovers\n|upkeep\n|turn|34\n|\n|t:|1666348103\n|cant|p2a: Suicune|slp\n|move|p1a: Weavile|Knock Off|p2a: Suicune\n|-damage|p2a: Suicune|11\/100 slp\n|-enditem|p2a: Suicune|Leftovers|[from] move: Knock Off|[of] p1a: Weavile\n|\n|upkeep\n|turn|35\n|\n|t:|1666348109\n|-curestatus|p2a: Suicune|slp|[msg]\n|move|p2a: Suicune|Scald|p1a: Weavile\n|-damage|p1a: Weavile|44\/100\n|move|p1a: Weavile|Knock Off|p2a: Suicune\n|-damage|p2a: Suicune|0 fnt\n|faint|p2a: Suicune\n|\n|win|Venositile\n|raw|Venositile's rating: 1664 &rarr; <strong>1685<\/strong><br \/>(+21 for winning)\n|raw|LT94JE Allistair's rating: 1680 &rarr; <strong>1659<\/strong><br \/>(-21 for losing)\n|c|\u2606Venositile|Gg\n|l|\u2606LT94JE Allistair\n||Ladder isn't responding, score probably updated but might not have (Request timeout).\n","uploadtime":1666348118,"views":9,"p1id":"venositile","p2id":"lt94jeallistair","formatid":"gen8ou","rating":1659,"private":0,"password":null}