{"id":"gen8ou-1678771518","p1":"RggV_YT","p2":"oof_oofington","format":"gen8ou","log":"|j|\u2606RggV_YT\n|j|\u203doof_oofington\n|t:|1665022185\n|gametype|singles\n|player|p1|RggV_YT|scientist-gen4|1859\n|player|p2|oof_oofington|dancer|1829\n|teamsize|p1|6\n|teamsize|p2|6\n|gen|8\n|tier|[Gen 8] OU\n|rated|\n|rule|Sleep Clause Mod: Limit one foe put to sleep\n|rule|Species Clause: Limit one of each Pok\u00e9mon\n|rule|OHKO Clause: OHKO moves are banned\n|rule|Evasion Items Clause: Evasion items are banned\n|rule|Evasion Moves Clause: Evasion moves are banned\n|rule|Endless Battle Clause: Forcing endless battles is banned\n|rule|HP Percentage Mod: HP is shown in percentages\n|rule|Dynamax Clause: You cannot dynamax\n|clearpoke\n|poke|p1|Dragapult, M|\n|poke|p1|Rotom-Wash|\n|poke|p1|Landorus-Therian, M|\n|poke|p1|Melmetal|\n|poke|p1|Weavile, M|\n|poke|p1|Kartana|\n|poke|p2|Moltres-Galar|\n|poke|p2|Aegislash, F|\n|poke|p2|Buzzwole|\n|poke|p2|Latios, M|\n|poke|p2|Landorus-Therian, M|\n|poke|p2|Bisharp, F|\n|teampreview\n|inactive|Battle timer is ON: inactive players will automatically lose when time's up. (requested by RggV_YT)\n|j| sack2005\n|\n|t:|1665022198\n|start\n|switch|p1a: Phantom|Rotom-Wash, shiny|100\/100\n|switch|p2a: Bisharp|Bisharp, F|100\/100\n|turn|1\n|\n|t:|1665022202\n|move|p1a: Phantom|Hydro Pump|p2a: Bisharp\n|-damage|p2a: Bisharp|52\/100\n|move|p2a: Bisharp|Knock Off|p1a: Phantom\n|-damage|p1a: Phantom|25\/100\n|-enditem|p1a: Phantom|Leftovers|[from] move: Knock Off|[of] p2a: Bisharp\n|\n|upkeep\n|turn|2\n|\n|t:|1665022213\n|move|p1a: Phantom|Pain Split|p2a: Bisharp\n|-sethp|p2a: Bisharp|37\/100|[from] move: Pain Split|[silent]\n|-sethp|p1a: Phantom|42\/100|[from] move: Pain Split\n|move|p2a: Bisharp|Knock Off|p1a: Phantom\n|-damage|p1a: Phantom|0 fnt\n|faint|p1a: Phantom\n|\n|upkeep\n|\n|t:|1665022220\n|switch|p1a: Bandit|Weavile, M, shiny|100\/100\n|-ability|p1a: Bandit|Pressure\n|turn|3\n|\n|t:|1665022222\n|move|p2a: Bisharp|Sucker Punch|p1a: Bandit\n|-resisted|p1a: Bandit\n|-damage|p1a: Bandit|66\/100\n|move|p1a: Bandit|Knock Off|p2a: Bisharp\n|-resisted|p2a: Bisharp\n|-damage|p2a: Bisharp|0 fnt\n|-enditem|p2a: Bisharp|Assault Vest|[from] move: Knock Off|[of] p1a: Bandit\n|faint|p2a: Bisharp\n|\n|upkeep\n|\n|t:|1665022225\n|switch|p2a: Buzzwole|Buzzwole|100\/100\n|turn|4\n|\n|t:|1665022246\n|move|p1a: Bandit|Knock Off|p2a: Buzzwole\n|-resisted|p2a: Buzzwole\n|-damage|p2a: Buzzwole|77\/100\n|-enditem|p2a: Buzzwole|Choice Band|[from] move: Knock Off|[of] p1a: Bandit\n|move|p2a: Buzzwole|Ice Punch|p1a: Bandit\n|-resisted|p1a: Bandit\n|-damage|p1a: Bandit|41\/100\n|\n|upkeep\n|turn|5\n|\n|t:|1665022253\n|switch|p1a: Leviathan|Dragapult, M, shiny|100\/100\n|move|p2a: Buzzwole|Ice Punch|p1a: Leviathan\n|-supereffective|p1a: Leviathan\n|-damage|p1a: Leviathan|31\/100\n|\n|upkeep\n|turn|6\n|\n|t:|1665022268\n|switch|p2a: Moltres|Moltres-Galar|100\/100\n|move|p1a: Leviathan|Draco Meteor|p2a: Moltres\n|-damage|p2a: Moltres|17\/100\n|-unboost|p1a: Leviathan|spa|2\n|-ability|p2a: Moltres|Berserk|boost\n|-boost|p2a: Moltres|spa|1\n|\n|upkeep\n|turn|7\n|\n|t:|1665022274\n|switch|p2a: Aegislash|Aegislash, F|100\/100\n|move|p1a: Leviathan|Draco Meteor|p2a: Aegislash\n|-resisted|p2a: Aegislash\n|-damage|p2a: Aegislash|81\/100\n|-unboost|p1a: Leviathan|spa|2\n|\n|upkeep\n|turn|8\n|\n|t:|1665022280\n|switch|p1a: Enten|Landorus-Therian, M, shiny|100\/100\n|-ability|p1a: Enten|Intimidate|boost\n|-unboost|p2a: Aegislash|atk|1\n|switch|p2a: Buzzwole|Buzzwole|77\/100\n|\n|upkeep\n|turn|9\n|\n|t:|1665022299\n|switch|p1a: Fate|Melmetal, shiny|100\/100\n|move|p2a: Buzzwole|Close Combat|p1a: Fate\n|-supereffective|p1a: Fate\n|-damage|p1a: Fate|27\/100\n|-unboost|p2a: Buzzwole|def|1\n|-unboost|p2a: Buzzwole|spd|1\n|\n|upkeep\n|turn|10\n|\n|t:|1665022304\n|move|p2a: Buzzwole|Close Combat|p1a: Fate\n|-supereffective|p1a: Fate\n|-damage|p1a: Fate|0 fnt\n|-unboost|p2a: Buzzwole|def|1\n|-unboost|p2a: Buzzwole|spd|1\n|faint|p1a: Fate\n|-ability|p2a: Buzzwole|Beast Boost|boost\n|-boost|p2a: Buzzwole|atk|1\n|\n|upkeep\n|\n|t:|1665022306\n|switch|p1a: Leviathan|Dragapult, M, shiny|31\/100\n|turn|11\n|\n|t:|1665022310\n|switch|p2a: Moltres|Moltres-Galar|17\/100\n|move|p1a: Leviathan|Shadow Ball|p2a: Moltres\n|-resisted|p2a: Moltres\n|-crit|p2a: Moltres\n|-damage|p2a: Moltres|0 fnt\n|faint|p2a: Moltres\n|\n|upkeep\n|\n|t:|1665022314\n|switch|p2a: Landorus|Landorus-Therian, M|100\/100\n|-ability|p2a: Landorus|Intimidate|boost\n|-unboost|p1a: Leviathan|atk|1\n|turn|12\n|\n|t:|1665022317\n|switch|p1a: Enten|Landorus-Therian, M, shiny|100\/100\n|-ability|p1a: Enten|Intimidate|boost\n|-unboost|p2a: Landorus|atk|1\n|move|p2a: Landorus|Stealth Rock|p1a: Enten\n|-sidestart|p1: RggV_YT|move: Stealth Rock\n|\n|upkeep\n|turn|13\n|\n|t:|1665022323\n|move|p2a: Landorus|Explosion|p1a: Enten\n|-damage|p1a: Enten|45\/100\n|faint|p2a: Landorus\n|move|p1a: Enten|Defog|p2: Landorus|[notarget]\n|-fail|p1a: Enten\n|\n|-heal|p1a: Enten|51\/100|[from] item: Leftovers\n|upkeep\n|\n|t:|1665022334\n|switch|p2a: Buzzwole|Buzzwole|77\/100\n|turn|14\n|\n|t:|1665022352\n|switch|p1a: Bandit|Weavile, M, shiny|41\/100\n|-damage|p1a: Bandit|17\/100|[from] Stealth Rock\n|-ability|p1a: Bandit|Pressure\n|move|p2a: Buzzwole|Ice Punch|p1a: Bandit\n|-resisted|p1a: Bandit\n|-damage|p1a: Bandit|0 fnt\n|faint|p1a: Bandit\n|-ability|p2a: Buzzwole|Beast Boost|boost\n|-boost|p2a: Buzzwole|atk|1\n|\n|upkeep\n|\n|t:|1665022353\n|switch|p1a: Leviathan|Dragapult, M, shiny|31\/100\n|-damage|p1a: Leviathan|19\/100|[from] Stealth Rock\n|turn|15\n|j| di66dd6\n|\n|t:|1665022366\n|switch|p2a: Latios|Latios, M|100\/100\n|move|p1a: Leviathan|Shadow Ball|p2a: Latios\n|-supereffective|p2a: Latios\n|-damage|p2a: Latios|0 fnt\n|faint|p2a: Latios\n|\n|upkeep\n|\n|t:|1665022367\n|switch|p2a: Aegislash|Aegislash, F|81\/100\n|turn|16\n|\n|t:|1665022369\n|switch|p1a: Enten|Landorus-Therian, M, shiny|51\/100\n|-damage|p1a: Enten|39\/100|[from] Stealth Rock\n|-ability|p1a: Enten|Intimidate|boost\n|-unboost|p2a: Aegislash|atk|1\n|-formechange|p2a: Aegislash|Aegislash-Blade||[from] ability: Stance Change\n|move|p2a: Aegislash|Shadow Ball|p1a: Enten\n|-damage|p1a: Enten|0 fnt\n|faint|p1a: Enten\n|\n|upkeep\n|\n|t:|1665022374\n|switch|p1a: Leviathan|Dragapult, M, shiny|19\/100\n|-damage|p1a: Leviathan|6\/100|[from] Stealth Rock\n|turn|17\n|\n|t:|1665022376\n|move|p2a: Aegislash|Shadow Sneak|p1a: Leviathan\n|-supereffective|p1a: Leviathan\n|-damage|p1a: Leviathan|0 fnt\n|faint|p1a: Leviathan\n|\n|upkeep\n|\n|t:|1665022378\n|switch|p1a: Deathstroke|Kartana, shiny|100\/100\n|-damage|p1a: Deathstroke|94\/100|[from] Stealth Rock\n|turn|18\n|\n|t:|1665022380\n|-formechange|p2a: Aegislash|Aegislash||[from] ability: Stance Change\n|move|p2a: Aegislash|King's Shield|p2a: Aegislash\n|-singleturn|p2a: Aegislash|Protect\n|move|p1a: Deathstroke|Knock Off|p2a: Aegislash\n|-activate|p2a: Aegislash|move: Protect\n|-unboost|p1a: Deathstroke|atk|1\n|\n|upkeep\n|turn|19\n|\n|t:|1665022382\n|move|p1a: Deathstroke|Knock Off|p2a: Aegislash\n|-supereffective|p2a: Aegislash\n|-damage|p2a: Aegislash|34\/100\n|-enditem|p2a: Aegislash|Weakness Policy\n|-boost|p2a: Aegislash|atk|2|[from] item: Weakness Policy\n|-boost|p2a: Aegislash|spa|2|[from] item: Weakness Policy\n|-formechange|p2a: Aegislash|Aegislash-Blade||[from] ability: Stance Change\n|move|p2a: Aegislash|Shadow Ball|p1a: Deathstroke\n|-damage|p1a: Deathstroke|0 fnt\n|faint|p1a: Deathstroke\n|\n|win|oof_oofington\n|raw|RggV_YT's rating: 1859 &rarr; <strong>1837<\/strong><br \/>(-22 for losing)\n|raw|oof_oofington's rating: 1829 &rarr; <strong>1851<\/strong><br \/>(+22 for winning)\n|l|\u2606RggV_YT\n||Ladder isn't responding, score probably updated but might not have (Request timeout).\n|l| di66dd6\n|l|\u203doof_oofington\n","uploadtime":1665024638,"views":77,"p1id":"rggvyt","p2id":"oofoofington","formatid":"gen8ou","rating":1837,"private":0,"password":null}