{"id":"gen8ou-1291582006","p1":"Therockcena","p2":"BlunderFan69420","format":"gen8ou","log":"|j|\u2606Therockcena\n|j|\u2606BlunderFan69420\n|t:|1614531485\n|player|p1|Therockcena|169|1349\n|player|p2|BlunderFan69420|267|1345\n|teamsize|p1|6\n|teamsize|p2|6\n|gametype|singles\n|gen|8\n|tier|[Gen 8] OU\n|rated|\n|clearpoke\n|poke|p1|Dragonite, M|\n|poke|p1|Hydreigon, F|\n|poke|p1|Urshifu-*, F|\n|poke|p1|Slowking-Galar, M|\n|poke|p1|Volcarona, M|\n|poke|p1|Skarmory, M|\n|poke|p2|Grimmsnarl, M|\n|poke|p2|Volcarona, M|\n|poke|p2|Nidoking, M|\n|poke|p2|Rillaboom, F|\n|poke|p2|Tornadus-Therian, M|\n|poke|p2|Corviknight, M|\n|rule|Sleep Clause Mod: Limit one foe put to sleep\n|rule|Species Clause: Limit one of each Pok\u00e9mon\n|rule|OHKO Clause: OHKO moves are banned\n|rule|Evasion Moves Clause: Evasion moves are banned\n|rule|Endless Battle Clause: Forcing endless battles is banned\n|rule|HP Percentage Mod: HP is shown in percentages\n|rule|Dynamax Clause: You cannot dynamax\n|teampreview\n|inactive|Battle timer is ON: inactive players will automatically lose when time's up. (requested by Therockcena)\n|inactive|BlunderFan69420 also wants the timer to be on.\n|\n|t:|1614531497\n|start\n|switch|p1a: Urshifu|Urshifu-Rapid-Strike, F|100\/100\n|switch|p2a: Nidoking|Nidoking, M, shiny|100\/100\n|turn|1\n|\n|t:|1614531502\n|switch|p2a: Corviknight|Corviknight, M|100\/100\n|-ability|p2a: Corviknight|Pressure\n|move|p1a: Urshifu|Surging Strikes|p2a: Corviknight\n|-crit|p2a: Corviknight\n|-damage|p2a: Corviknight|88\/100\n|-crit|p2a: Corviknight\n|-damage|p2a: Corviknight|75\/100\n|-crit|p2a: Corviknight\n|-damage|p2a: Corviknight|62\/100\n|-hitcount|p2a: Corviknight|3\n|\n|-heal|p2a: Corviknight|68\/100|[from] item: Leftovers\n|upkeep\n|turn|2\n|\n|t:|1614531514\n|move|p1a: Urshifu|Thunder Punch|p2a: Corviknight\n|-supereffective|p2a: Corviknight\n|-damage|p2a: Corviknight|29\/100\n|move|p2a: Corviknight|U-turn|p1a: Urshifu\n|-resisted|p1a: Urshifu\n|-damage|p1a: Urshifu|93\/100\n|\n|t:|1614531518\n|switch|p2a: Rillaboom|Rillaboom, F, shiny|100\/100|[from]move: U-turn\n|-fieldstart|move: Grassy Terrain|[from] ability: Grassy Surge|[of] p2a: Rillaboom\n|\n|-heal|p1a: Urshifu|99\/100|[from] Grassy Terrain\n|upkeep\n|turn|3\n|\n|t:|1614531522\n|switch|p1a: Skarmory|Skarmory, M|100\/100\n|move|p2a: Rillaboom|Grassy Glide|p1a: Skarmory\n|-resisted|p1a: Skarmory\n|-damage|p1a: Skarmory|89\/100\n|-damage|p2a: Rillaboom|91\/100|[from] item: Life Orb\n|\n|-heal|p2a: Rillaboom|97\/100|[from] Grassy Terrain\n|-heal|p1a: Skarmory|95\/100|[from] item: Leftovers\n|upkeep\n|turn|4\n|\n|t:|1614531528\n|switch|p2a: Tornadus|Tornadus-Therian, M|100\/100\n|move|p1a: Skarmory|Stealth Rock|p2a: Tornadus\n|-sidestart|p2: BlunderFan69420|move: Stealth Rock\n|\n|-heal|p1a: Skarmory|100\/100|[from] item: Leftovers\n|upkeep\n|turn|5\n|\n|t:|1614531540\n|switch|p1a: Dragonite|Dragonite, M|100\/100\n|move|p2a: Tornadus|Knock Off|p1a: Dragonite\n|-damage|p1a: Dragonite|93\/100\n|-enditem|p1a: Dragonite|Expert Belt|[from] move: Knock Off|[of] p2a: Tornadus\n|\n|upkeep\n|turn|6\n|\n|t:|1614531548\n|move|p2a: Tornadus|Hurricane|p1a: Dragonite|[miss]\n|-miss|p2a: Tornadus|p1a: Dragonite\n|move|p1a: Dragonite|Ice Punch|p2a: Tornadus\n|-supereffective|p2a: Tornadus\n|-damage|p2a: Tornadus|50\/100\n|\n|-fieldend|move: Grassy Terrain\n|upkeep\n|turn|7\n|\n|t:|1614531563\n|move|p2a: Tornadus|U-turn|p1a: Dragonite\n|-resisted|p1a: Dragonite\n|-damage|p1a: Dragonite|88\/100\n|\n|t:|1614531571\n|switch|p2a: Grimmsnarl|Grimmsnarl, M, shiny|100\/100|[from]move: U-turn\n|-damage|p2a: Grimmsnarl|88\/100|[from] Stealth Rock\n|move|p1a: Dragonite|Earthquake|p2a: Grimmsnarl\n|-damage|p2a: Grimmsnarl|59\/100\n|\n|upkeep\n|turn|8\n|\n|t:|1614531588\n|switch|p1a: Slowking|Slowking-Galar, M|100\/100\n|move|p2a: Grimmsnarl|Reflect|p2a: Grimmsnarl\n|-sidestart|p2: BlunderFan69420|Reflect\n|\n|upkeep\n|turn|9\n|\n|t:|1614531593\n|move|p2a: Grimmsnarl|Taunt|p1a: Slowking\n|-start|p1a: Slowking|move: Taunt\n|move|p1a: Slowking|Sludge Wave|p2a: Grimmsnarl\n|-supereffective|p2a: Grimmsnarl\n|-damage|p2a: Grimmsnarl|0 fnt\n|faint|p2a: Grimmsnarl\n|\n|upkeep\n|\n|t:|1614531600\n|switch|p2a: Nidoking|Nidoking, M, shiny|100\/100\n|-damage|p2a: Nidoking|95\/100|[from] Stealth Rock\n|turn|10\n|\n|t:|1614531610\n|move|p2a: Nidoking|Earth Power|p1a: Slowking\n|-supereffective|p1a: Slowking\n|-damage|p1a: Slowking|27\/100\n|move|p1a: Slowking|Future Sight|p2a: Nidoking\n|-start|p1a: Slowking|move: Future Sight\n|\n|-heal|p1a: Slowking|33\/100|[from] item: Leftovers\n|upkeep\n|turn|11\n|\n|t:|1614531614\n|switch|p1a: Skarmory|Skarmory, M|100\/100\n|move|p2a: Nidoking|Earth Power|p1a: Skarmory\n|-immune|p1a: Skarmory\n|\n|upkeep\n|turn|12\n|\n|t:|1614531628\n|switch|p2a: Corviknight|Corviknight, M|29\/100\n|-damage|p2a: Corviknight|16\/100|[from] Stealth Rock\n|-ability|p2a: Corviknight|Pressure\n|switch|p1a: Urshifu|Urshifu-Rapid-Strike, F|99\/100\n|\n|-end|p2a: Corviknight|move: Future Sight\n|-resisted|p2a: Corviknight\n|-damage|p2a: Corviknight|0 fnt\n|faint|p2a: Corviknight\n|upkeep\n|\n|t:|1614531634\n|switch|p2a: Tornadus|Tornadus-Therian, M|83\/100\n|turn|13\n|\n|t:|1614531638\n|switch|p1a: Dragonite|Dragonite, M|88\/100\n|move|p2a: Tornadus|U-turn|p1a: Dragonite\n|-resisted|p1a: Dragonite\n|-damage|p1a: Dragonite|82\/100\n|\n|t:|1614531646\n|switch|p2a: Nidoking|Nidoking, M, shiny|95\/100|[from]move: U-turn\n|-damage|p2a: Nidoking|89\/100|[from] Stealth Rock\n|\n|upkeep\n|turn|14\n|\n|t:|1614531658\n|switch|p1a: Slowking|Slowking-Galar, M|66\/100\n|move|p2a: Nidoking|Ice Beam|p1a: Slowking\n|-damage|p1a: Slowking|39\/100\n|\n|-heal|p1a: Slowking|45\/100|[from] item: Leftovers\n|upkeep\n|turn|15\n|\n|t:|1614531666\n|switch|p1a: Urshifu|Urshifu-Rapid-Strike, F|99\/100\n|move|p2a: Nidoking|Ice Beam|p1a: Urshifu\n|-resisted|p1a: Urshifu\n|-damage|p1a: Urshifu|70\/100\n|\n|-sideend|p2: BlunderFan69420|Reflect\n|upkeep\n|turn|16\n|\n|t:|1614531679\n|switch|p2a: Rillaboom|Rillaboom, F, shiny|97\/100\n|-damage|p2a: Rillaboom|84\/100|[from] Stealth Rock\n|-fieldstart|move: Grassy Terrain|[from] ability: Grassy Surge|[of] p2a: Rillaboom\n|move|p1a: Urshifu|Surging Strikes|p2a: Rillaboom\n|-resisted|p2a: Rillaboom\n|-crit|p2a: Rillaboom\n|-damage|p2a: Rillaboom|74\/100\n|-resisted|p2a: Rillaboom\n|-crit|p2a: Rillaboom\n|-damage|p2a: Rillaboom|63\/100\n|-resisted|p2a: Rillaboom\n|-crit|p2a: Rillaboom\n|-damage|p2a: Rillaboom|52\/100\n|-hitcount|p2a: Rillaboom|3\n|\n|-heal|p1a: Urshifu|77\/100|[from] Grassy Terrain\n|-heal|p2a: Rillaboom|58\/100|[from] Grassy Terrain\n|upkeep\n|turn|17\n|\n|t:|1614531688\n|switch|p1a: Skarmory|Skarmory, M|100\/100\n|move|p2a: Rillaboom|Grassy Glide|p1a: Skarmory\n|-resisted|p1a: Skarmory\n|-damage|p1a: Skarmory|90\/100\n|-damage|p2a: Rillaboom|48\/100|[from] item: Life Orb\n|\n|-heal|p2a: Rillaboom|54\/100|[from] Grassy Terrain\n|-heal|p1a: Skarmory|96\/100|[from] item: Leftovers\n|upkeep\n|turn|18\n|\n|t:|1614531700\n|switch|p1a: Slowking|Slowking-Galar, M|79\/100\n|move|p2a: Rillaboom|Knock Off|p1a: Slowking\n|-supereffective|p1a: Slowking\n|-damage|p1a: Slowking|0 fnt\n|-enditem|p1a: Slowking|Leftovers|[from] move: Knock Off|[of] p2a: Rillaboom\n|-damage|p2a: Rillaboom|44\/100|[from] item: Life Orb\n|faint|p1a: Slowking\n|\n|-heal|p2a: Rillaboom|50\/100|[from] Grassy Terrain\n|upkeep\n|\n|t:|1614531708\n|switch|p1a: Skarmory|Skarmory, M|96\/100\n|turn|19\n|\n|t:|1614531712\n|move|p2a: Rillaboom|U-turn|p1a: Skarmory\n|-resisted|p1a: Skarmory\n|-damage|p1a: Skarmory|90\/100\n|-damage|p2a: Rillaboom|40\/100|[from] item: Life Orb\n|\n|t:|1614531714\n|switch|p2a: Nidoking|Nidoking, M, shiny|89\/100|[from]move: U-turn\n|-damage|p2a: Nidoking|83\/100|[from] Stealth Rock\n|move|p1a: Skarmory|Body Press|p2a: Nidoking\n|-resisted|p2a: Nidoking\n|-damage|p2a: Nidoking|64\/100\n|\n|-heal|p2a: Nidoking|70\/100|[from] Grassy Terrain\n|-heal|p1a: Skarmory|96\/100|[from] item: Leftovers\n|upkeep\n|turn|20\n|\n|t:|1614531733\n|move|p2a: Nidoking|Ice Beam|p1a: Skarmory\n|-damage|p1a: Skarmory|55\/100\n|move|p1a: Skarmory|Roost|p1a: Skarmory\n|-heal|p1a: Skarmory|100\/100\n|-singleturn|p1a: Skarmory|move: Roost\n|\n|-heal|p2a: Nidoking|76\/100|[from] Grassy Terrain\n|-fieldend|move: Grassy Terrain\n|upkeep\n|turn|21\n|\n|t:|1614531742\n|move|p2a: Nidoking|Flamethrower|p1a: Skarmory\n|-supereffective|p1a: Skarmory\n|-damage|p1a: Skarmory|22\/100\n|move|p1a: Skarmory|Roost|p1a: Skarmory\n|-heal|p1a: Skarmory|72\/100\n|-singleturn|p1a: Skarmory|move: Roost\n|\n|-heal|p1a: Skarmory|78\/100|[from] item: Leftovers\n|upkeep\n|turn|22\n|\n|t:|1614531749\n|switch|p1a: Hydreigon|Hydreigon, F|100\/100\n|move|p2a: Nidoking|Ice Beam|p1a: Hydreigon\n|-supereffective|p1a: Hydreigon\n|-damage|p1a: Hydreigon|9\/100\n|\n|upkeep\n|turn|23\n|inactive|Therockcena has 120 seconds left.\n|inactive|Therockcena has 90 seconds left.\n|c|\u2606BlunderFan69420|?\n|\n|t:|1614531829\n|switch|p2a: Tornadus|Tornadus-Therian, M|100\/100\n|move|p1a: Hydreigon|Surf|p2a: Tornadus\n|-damage|p2a: Tornadus|62\/100\n|-damage|p1a: Hydreigon|0 fnt|[from] item: Life Orb\n|faint|p1a: Hydreigon\n|\n|upkeep\n|inactive|Therockcena has 60 seconds left.\n|\n|t:|1614531845\n|switch|p1a: Urshifu|Urshifu-Rapid-Strike, F|77\/100\n|turn|24\n|\n|t:|1614531848\n|move|p2a: Tornadus|Hurricane|p1a: Urshifu\n|-supereffective|p1a: Urshifu\n|-damage|p1a: Urshifu|0 fnt\n|faint|p1a: Urshifu\n|\n|upkeep\n|\n|t:|1614531854\n|switch|p1a: Skarmory|Skarmory, M|78\/100\n|turn|25\n|\n|t:|1614531858\n|move|p2a: Tornadus|Knock Off|p1a: Skarmory\n|-damage|p1a: Skarmory|64\/100\n|-enditem|p1a: Skarmory|Leftovers|[from] move: Knock Off|[of] p2a: Tornadus\n|move|p1a: Skarmory|Body Press|p2a: Tornadus\n|-resisted|p2a: Tornadus\n|-damage|p2a: Tornadus|47\/100\n|\n|upkeep\n|turn|26\n|\n|t:|1614531865\n|move|p2a: Tornadus|Hurricane|p1a: Skarmory|[miss]\n|-miss|p2a: Tornadus|p1a: Skarmory\n|move|p1a: Skarmory|Body Press|p2a: Tornadus\n|-resisted|p2a: Tornadus\n|-damage|p2a: Tornadus|32\/100\n|\n|upkeep\n|turn|27\n|\n|t:|1614531867\n|move|p2a: Tornadus|U-turn|p1a: Skarmory\n|-resisted|p1a: Skarmory\n|-damage|p1a: Skarmory|62\/100\n|\n|t:|1614531869\n|switch|p2a: Nidoking|Nidoking, M, shiny|76\/100|[from]move: U-turn\n|-damage|p2a: Nidoking|70\/100|[from] Stealth Rock\n|move|p1a: Skarmory|Body Press|p2a: Nidoking\n|-resisted|p2a: Nidoking\n|-damage|p2a: Nidoking|50\/100\n|\n|upkeep\n|turn|28\n|\n|t:|1614531875\n|move|p2a: Nidoking|Flamethrower|p1a: Skarmory\n|-supereffective|p1a: Skarmory\n|-damage|p1a: Skarmory|0 fnt\n|faint|p1a: Skarmory\n|\n|upkeep\n|\n|t:|1614531878\n|switch|p1a: Volcarona|Volcarona, M|100\/100\n|turn|29\n|\n|t:|1614531884\n|move|p2a: Nidoking|Sludge Wave|p1a: Volcarona\n|-damage|p1a: Volcarona|45\/100\n|move|p1a: Volcarona|Quiver Dance|p1a: Volcarona\n|-boost|p1a: Volcarona|spa|1\n|-boost|p1a: Volcarona|spd|1\n|-boost|p1a: Volcarona|spe|1\n|\n|upkeep\n|turn|30\n|inactive|Therockcena has 120 seconds left.\n|\n|t:|1614531899\n|move|p1a: Volcarona|Fiery Dance|p2a: Nidoking\n|-damage|p2a: Nidoking|0 fnt\n|-boost|p1a: Volcarona|spa|1\n|faint|p2a: Nidoking\n|\n|upkeep\n|\n|t:|1614531903\n|switch|p2a: Tornadus|Tornadus-Therian, M|65\/100\n|turn|31\n|\n|t:|1614531908\n|move|p1a: Volcarona|Fiery Dance|p2a: Tornadus\n|-damage|p2a: Tornadus|0 fnt\n|faint|p2a: Tornadus\n|\n|upkeep\n|\n|t:|1614531928\n|switch|p2a: Volcarona|Volcarona, M|100\/100\n|turn|32\n|\n|t:|1614531932\n|move|p1a: Volcarona|Fiery Dance|p2a: Volcarona\n|-damage|p2a: Volcarona|23\/100\n|move|p2a: Volcarona|Quiver Dance|p2a: Volcarona\n|-boost|p2a: Volcarona|spa|1\n|-boost|p2a: Volcarona|spd|1\n|-boost|p2a: Volcarona|spe|1\n|\n|upkeep\n|turn|33\n|\n|t:|1614531936\n|move|p2a: Volcarona|Fiery Dance|p1a: Volcarona\n|-damage|p1a: Volcarona|7\/100\n|-boost|p2a: Volcarona|spa|1\n|move|p1a: Volcarona|Fiery Dance|p2a: Volcarona\n|-damage|p2a: Volcarona|0 fnt\n|faint|p2a: Volcarona\n|\n|upkeep\n|\n|t:|1614531940\n|switch|p2a: Rillaboom|Rillaboom, F, shiny|40\/100\n|-damage|p2a: Rillaboom|28\/100|[from] Stealth Rock\n|-fieldstart|move: Grassy Terrain|[from] ability: Grassy Surge|[of] p2a: Rillaboom\n|turn|34\n|\n|t:|1614531944\n|move|p2a: Rillaboom|Grassy Glide|p1a: Volcarona\n|-resisted|p1a: Volcarona\n|-damage|p1a: Volcarona|0 fnt\n|-status|p2a: Rillaboom|brn|[from] ability: Flame Body|[of] p1a: Volcarona\n|-damage|p2a: Rillaboom|18\/100 brn|[from] item: Life Orb\n|faint|p1a: Volcarona\n|\n|-heal|p2a: Rillaboom|24\/100 brn|[from] Grassy Terrain\n|-damage|p2a: Rillaboom|18\/100 brn|[from] brn\n|upkeep\n|\n|t:|1614531946\n|switch|p1a: Dragonite|Dragonite, M|82\/100\n|turn|35\n|\n|t:|1614531951\n|move|p2a: Rillaboom|Grassy Glide|p1a: Dragonite\n|-resisted|p1a: Dragonite\n|-damage|p1a: Dragonite|76\/100\n|-damage|p2a: Rillaboom|8\/100 brn|[from] item: Life Orb\n|move|p1a: Dragonite|Fire Punch|p2a: Rillaboom\n|-supereffective|p2a: Rillaboom\n|-damage|p2a: Rillaboom|0 fnt\n|faint|p2a: Rillaboom\n|\n|win|Therockcena\n|c|\u2606BlunderFan69420|gg\n|c|\u2606Therockcena|gg\n||Ladder (probably) updated, but score could not be retrieved (Request timeout).\n","uploadtime":1614531968,"views":2,"p1id":"therockcena","p2id":"blunderfan69420","formatid":"gen8ou","rating":0,"private":0,"password":null}