{"id":"gen8ou-1698289737","p1":"Ultramanball1","p2":"EEEEEvolto","format":"gen8ou","log":"|j|\u2606Ultramanball1\n|j|\u2606EEEEEvolto\n|t:|1667097004\n|gametype|singles\n|player|p1|Ultramanball1|linebacker|1547\n|player|p2|EEEEEvolto|102|1537\n|teamsize|p1|6\n|teamsize|p2|6\n|gen|8\n|tier|[Gen 8] OU\n|rated|\n|rule|Sleep Clause Mod: Limit one foe put to sleep\n|rule|Species Clause: Limit one of each Pok\u00e9mon\n|rule|OHKO Clause: OHKO moves are banned\n|rule|Evasion Items Clause: Evasion items are banned\n|rule|Evasion Moves Clause: Evasion moves are banned\n|rule|Endless Battle Clause: Forcing endless battles is banned\n|rule|HP Percentage Mod: HP is shown in percentages\n|rule|Dynamax Clause: You cannot dynamax\n|clearpoke\n|poke|p1|Excadrill, M|\n|poke|p1|Scizor, F|\n|poke|p1|Blaziken, M|\n|poke|p1|Garchomp, F|\n|poke|p1|Kartana|\n|poke|p1|Volcanion|\n|poke|p2|Mew|\n|poke|p2|Ninetales-Alola, F|\n|poke|p2|Weavile, M|\n|poke|p2|Garchomp, M|\n|poke|p2|Volcarona, M|\n|poke|p2|Cloyster, F|\n|teampreview\n|inactive|Battle timer is ON: inactive players will automatically lose when time's up. (requested by Ultramanball1)\n|\n|t:|1667097014\n|start\n|switch|p1a: Excadrill|Excadrill, M|100\/100\n|switch|p2a: Mew|Mew|100\/100\n|-ability|p1a: Excadrill|Mold Breaker\n|turn|1\n|\n|t:|1667097019\n|move|p2a: Mew|Taunt|p1a: Excadrill\n|-start|p1a: Excadrill|move: Taunt\n|move|p1a: Excadrill|Rapid Spin|p2a: Mew\n|-damage|p2a: Mew|84\/100\n|-boost|p1a: Excadrill|spe|1\n|\n|upkeep\n|turn|2\n|j| Bobbybones\n|\n|t:|1667097024\n|move|p1a: Excadrill|Earthquake|p2a: Mew\n|-damage|p2a: Mew|38\/100\n|move|p2a: Mew|Will-O-Wisp|p1a: Excadrill\n|-status|p1a: Excadrill|brn\n|\n|-damage|p1a: Excadrill|94\/100 brn|[from] brn\n|upkeep\n|turn|3\n|\n|t:|1667097039\n|move|p1a: Excadrill|Iron Head|p2a: Mew\n|-damage|p2a: Mew|20\/100\n|move|p2a: Mew|Stealth Rock|p1a: Excadrill\n|-sidestart|p1: Ultramanball1|move: Stealth Rock\n|\n|-damage|p1a: Excadrill|88\/100 brn|[from] brn\n|-end|p1a: Excadrill|move: Taunt\n|upkeep\n|turn|4\n|\n|t:|1667097046\n|switch|p2a: Volcarona|Volcarona, M|100\/100\n|move|p1a: Excadrill|Stealth Rock|p2a: Volcarona\n|-sidestart|p2: EEEEEvolto|move: Stealth Rock\n|\n|-damage|p1a: Excadrill|82\/100 brn|[from] brn\n|upkeep\n|turn|5\n|\n|t:|1667097049\n|move|p1a: Excadrill|Rapid Spin|p2a: Volcarona\n|-crit|p2a: Volcarona\n|-damage|p2a: Volcarona|81\/100\n|-boost|p1a: Excadrill|spe|1\n|-sideend|p1: Ultramanball1|Stealth Rock|[from] move: Rapid Spin|[of] p1a: Excadrill\n|move|p2a: Volcarona|Flamethrower|p1a: Excadrill\n|-supereffective|p1a: Excadrill\n|-damage|p1a: Excadrill|0 fnt\n|faint|p1a: Excadrill\n|\n|-heal|p2a: Volcarona|87\/100|[from] item: Leftovers\n|upkeep\n|\n|t:|1667097058\n|switch|p1a: Volcanion|Volcanion|100\/100\n|turn|6\n|\n|t:|1667097062\n|switch|p2a: Mew|Mew|20\/100\n|-damage|p2a: Mew|8\/100|[from] Stealth Rock\n|move|p1a: Volcanion|Steam Eruption|p2a: Mew\n|-damage|p2a: Mew|0 fnt\n|faint|p2a: Mew\n|\n|upkeep\n|\n|t:|1667097063\n|switch|p2a: Garchomp|Garchomp, M|100\/100\n|-damage|p2a: Garchomp|94\/100|[from] Stealth Rock\n|turn|7\n|\n|t:|1667097069\n|move|p2a: Garchomp|Earthquake|p1a: Volcanion\n|-supereffective|p1a: Volcanion\n|-damage|p1a: Volcanion|0 fnt\n|faint|p1a: Volcanion\n|-damage|p2a: Garchomp|85\/100|[from] item: Life Orb\n|\n|upkeep\n|\n|t:|1667097073\n|switch|p1a: Blaziken|Blaziken, M|100\/100\n|-item|p1a: Blaziken|Air Balloon\n|turn|8\n|\n|t:|1667097079\n|move|p1a: Blaziken|Protect|p1a: Blaziken\n|-singleturn|p1a: Blaziken|Protect\n|move|p2a: Garchomp|Scale Shot|p1a: Blaziken\n|-activate|p1a: Blaziken|move: Protect\n|\n|-ability|p1a: Blaziken|Speed Boost|boost\n|-boost|p1a: Blaziken|spe|1\n|upkeep\n|turn|9\n|\n|t:|1667097086\n|move|p1a: Blaziken|Swords Dance|p1a: Blaziken\n|-boost|p1a: Blaziken|atk|2\n|move|p2a: Garchomp|Scale Shot|p1a: Blaziken\n|-damage|p1a: Blaziken|72\/100\n|-enditem|p1a: Blaziken|Air Balloon\n|-crit|p1a: Blaziken\n|-damage|p1a: Blaziken|35\/100\n|-hitcount|p1a: Blaziken|2\n|-unboost|p2a: Garchomp|def|1\n|-boost|p2a: Garchomp|spe|1\n|-damage|p2a: Garchomp|75\/100|[from] item: Life Orb\n|\n|-ability|p1a: Blaziken|Speed Boost|boost\n|-boost|p1a: Blaziken|spe|1\n|upkeep\n|turn|10\n|\n|t:|1667097099\n|move|p1a: Blaziken|Close Combat|p2a: Garchomp\n|-damage|p2a: Garchomp|0 fnt\n|-unboost|p1a: Blaziken|def|1\n|-unboost|p1a: Blaziken|spd|1\n|-damage|p1a: Blaziken|23\/100|[from] ability: Rough Skin|[of] p2a: Garchomp\n|faint|p2a: Garchomp\n|\n|-ability|p1a: Blaziken|Speed Boost|boost\n|-boost|p1a: Blaziken|spe|1\n|upkeep\n|\n|t:|1667097112\n|switch|p2a: Weavile|Weavile, M, shiny|100\/100\n|-damage|p2a: Weavile|76\/100|[from] Stealth Rock\n|-ability|p2a: Weavile|Pressure\n|turn|11\n|\n|t:|1667097115\n|switch|p2a: Volcarona|Volcarona, M|87\/100\n|-damage|p2a: Volcarona|38\/100|[from] Stealth Rock\n|move|p1a: Blaziken|Flare Blitz|p2a: Volcarona\n|-damage|p2a: Volcarona|0 fnt\n|faint|p2a: Volcarona\n|-damage|p1a: Blaziken|10\/100|[from] Recoil\n|\n|-ability|p1a: Blaziken|Speed Boost|boost\n|-boost|p1a: Blaziken|spe|1\n|upkeep\n|\n|t:|1667097119\n|switch|p2a: Weavile|Weavile, M, shiny|76\/100\n|-damage|p2a: Weavile|51\/100|[from] Stealth Rock\n|-ability|p2a: Weavile|Pressure\n|turn|12\n|\n|t:|1667097121\n|move|p1a: Blaziken|Protect|p1a: Blaziken\n|-singleturn|p1a: Blaziken|Protect\n|move|p2a: Weavile|Ice Shard|p1a: Blaziken\n|-activate|p1a: Blaziken|move: Protect\n|\n|-ability|p1a: Blaziken|Speed Boost|boost\n|-boost|p1a: Blaziken|spe|1\n|upkeep\n|turn|13\n|\n|t:|1667097126\n|move|p1a: Blaziken|Close Combat|p2a: Weavile\n|-supereffective|p2a: Weavile\n|-damage|p2a: Weavile|0 fnt\n|-unboost|p1a: Blaziken|def|1\n|-unboost|p1a: Blaziken|spd|1\n|faint|p2a: Weavile\n|\n|-ability|p1a: Blaziken|Speed Boost|boost\n|-boost|p1a: Blaziken|spe|1\n|upkeep\n|-message|EEEEEvolto forfeited.\n|\n|win|Ultramanball1\n|raw|Ultramanball1's rating: 1547 &rarr; <strong>1566<\/strong><br \/>(+19 for winning)\n|raw|EEEEEvolto's rating: 1537 &rarr; <strong>1518<\/strong><br \/>(-19 for losing)\n|l|\u2606EEEEEvolto\n|l|\u2606Ultramanball1\n|j|\u2606Ultramanball1\n|player|p1|Ultramanball1|linebacker\n","uploadtime":1667097175,"views":14,"p1id":"ultramanball1","p2id":"eeeeevolto","formatid":"gen8ou","rating":1518,"private":0,"password":null}