{"id":"gen8ou-1653871659","p1":"MagicalDC","p2":"Igotthegat","format":"gen8ou","log":"|j|\u203dMagicalDC\n|j|\u2606Igotthegat\n|t:|1662070056\n|gametype|singles\n|player|p1|MagicalDC|101|1541\n|player|p2|Igotthegat|cynthia-gen4|1644\n|teamsize|p1|6\n|teamsize|p2|6\n|gen|8\n|tier|[Gen 8] OU\n|rated|\n|rule|Sleep Clause Mod: Limit one foe put to sleep\n|rule|Species Clause: Limit one of each Pok\u00e9mon\n|rule|OHKO Clause: OHKO moves are banned\n|rule|Evasion Items Clause: Evasion items are banned\n|rule|Evasion Moves Clause: Evasion moves are banned\n|rule|Endless Battle Clause: Forcing endless battles is banned\n|rule|HP Percentage Mod: HP is shown in percentages\n|rule|Dynamax Clause: You cannot dynamax\n|clearpoke\n|poke|p1|Gardevoir, F|\n|poke|p1|Urshifu-*, F|\n|poke|p1|Zapdos|\n|poke|p1|Ferrothorn, F|\n|poke|p1|Landorus-Therian, M|\n|poke|p1|Arcanine, M|\n|poke|p2|Weavile, F|\n|poke|p2|Garchomp, F|\n|poke|p2|Kartana|\n|poke|p2|Dragapult, F|\n|poke|p2|Landorus-Therian, M|\n|poke|p2|Melmetal|\n|teampreview\n|inactive|Battle timer is ON: inactive players will automatically lose when time's up. (requested by Igotthegat)\n|inactive|MagicalDC has 120 seconds left.\n|\n|t:|1662070105\n|start\n|switch|p1a: Arcanine|Arcanine, M|100\/100\n|switch|p2a: 142 Base Speed|Dragapult, F|100\/100\n|-ability|p1a: Arcanine|Intimidate|boost\n|-unboost|p2a: 142 Base Speed|atk|1\n|turn|1\n|\n|t:|1662070113\n|switch|p1a: Ferrothorn|Ferrothorn, F|100\/100\n|move|p2a: 142 Base Speed|Shadow Ball|p1a: Ferrothorn\n|-damage|p1a: Ferrothorn|66\/100\n|\n|-heal|p1a: Ferrothorn|73\/100|[from] item: Leftovers\n|upkeep\n|turn|2\n|\n|t:|1662070119\n|move|p2a: 142 Base Speed|Shadow Ball|p1a: Ferrothorn\n|-damage|p1a: Ferrothorn|37\/100\n|move|p1a: Ferrothorn|Spikes|p2a: 142 Base Speed\n|-sidestart|p2: Igotthegat|Spikes\n|\n|-heal|p1a: Ferrothorn|43\/100|[from] item: Leftovers\n|upkeep\n|turn|3\n|\n|t:|1662070124\n|move|p1a: Ferrothorn|Protect|p1a: Ferrothorn\n|-singleturn|p1a: Ferrothorn|Protect\n|move|p2a: 142 Base Speed|Shadow Ball|p1a: Ferrothorn\n|-activate|p1a: Ferrothorn|move: Protect\n|\n|-heal|p1a: Ferrothorn|49\/100|[from] item: Leftovers\n|upkeep\n|turn|4\n|\n|t:|1662070127\n|move|p2a: 142 Base Speed|Shadow Ball|p1a: Ferrothorn\n|-damage|p1a: Ferrothorn|18\/100\n|move|p1a: Ferrothorn|Leech Seed|p2a: 142 Base Speed\n|-start|p2a: 142 Base Speed|move: Leech Seed\n|\n|-heal|p1a: Ferrothorn|25\/100|[from] item: Leftovers\n|-damage|p2a: 142 Base Speed|88\/100|[from] Leech Seed|[of] p1a: Ferrothorn\n|-heal|p1a: Ferrothorn|36\/100|[silent]\n|upkeep\n|turn|5\n|\n|t:|1662070132\n|switch|p2a: Gangstalker|Weavile, F|100\/100\n|-damage|p2a: Gangstalker|88\/100|[from] Spikes\n|move|p1a: Ferrothorn|Spikes|p2a: Gangstalker\n|-sidestart|p2: Igotthegat|Spikes\n|\n|-heal|p1a: Ferrothorn|42\/100|[from] item: Leftovers\n|upkeep\n|turn|6\n|\n|t:|1662070135\n|move|p1a: Ferrothorn|Protect|p1a: Ferrothorn\n|-singleturn|p1a: Ferrothorn|Protect\n|move|p2a: Gangstalker|Beat Up|p1a: Ferrothorn\n|-activate|p1a: Ferrothorn|move: Protect\n|\n|-heal|p1a: Ferrothorn|48\/100|[from] item: Leftovers\n|upkeep\n|turn|7\n|\n|t:|1662070143\n|switch|p1a: Arcanine|Arcanine, M|100\/100\n|-ability|p1a: Arcanine|Intimidate|boost\n|-unboost|p2a: Gangstalker|atk|1\n|move|p2a: Gangstalker|Beat Up|p1a: Arcanine\n|-damage|p1a: Arcanine|93\/100\n|-damage|p1a: Arcanine|86\/100\n|-damage|p1a: Arcanine|77\/100\n|-damage|p1a: Arcanine|69\/100\n|-damage|p1a: Arcanine|60\/100\n|-damage|p1a: Arcanine|52\/100\n|-hitcount|p1a: Arcanine|6\n|\n|upkeep\n|turn|8\n|\n|t:|1662070151\n|move|p2a: Gangstalker|Beat Up|p1a: Arcanine\n|-damage|p1a: Arcanine|45\/100\n|-damage|p1a: Arcanine|37\/100\n|-damage|p1a: Arcanine|28\/100\n|-damage|p1a: Arcanine|20\/100\n|-damage|p1a: Arcanine|13\/100\n|-damage|p1a: Arcanine|6\/100\n|-hitcount|p1a: Arcanine|6\n|move|p1a: Arcanine|Morning Sun|p1a: Arcanine\n|-heal|p1a: Arcanine|56\/100\n|\n|upkeep\n|turn|9\n|\n|t:|1662070156\n|move|p2a: Gangstalker|Beat Up|p1a: Arcanine\n|-damage|p1a: Arcanine|49\/100\n|-damage|p1a: Arcanine|41\/100\n|-crit|p1a: Arcanine\n|-damage|p1a: Arcanine|21\/100\n|-damage|p1a: Arcanine|15\/100\n|-damage|p1a: Arcanine|7\/100\n|-crit|p1a: Arcanine\n|-damage|p1a: Arcanine|0 fnt\n|faint|p1a: Arcanine\n|-hitcount|p1: Arcanine|6\n|\n|upkeep\n|\n|t:|1662070164\n|switch|p1a: Gardevoir|Gardevoir, F, shiny|100\/100\n|-ability|p1a: Gardevoir|Pickpocket|[from] ability: Trace|[of] p2a: Gangstalker\n|turn|10\n|\n|t:|1662070166\n|move|p1a: Gardevoir|Moonblast|p2a: Gangstalker\n|-supereffective|p2a: Gangstalker\n|-damage|p2a: Gangstalker|0 fnt\n|faint|p2a: Gangstalker\n|\n|upkeep\n|\n|t:|1662070171\n|switch|p2a: John|Melmetal|100\/100\n|-damage|p2a: John|84\/100|[from] Spikes\n|turn|11\n|\n|t:|1662070175\n|switch|p1a: Zapdos|Zapdos|100\/100\n|move|p2a: John|Earthquake|p1a: Zapdos\n|-immune|p1a: Zapdos\n|\n|upkeep\n|turn|12\n|\n|t:|1662070179\n|move|p1a: Zapdos|Heat Wave|p2a: John|[miss]\n|-miss|p1a: Zapdos|p2a: John\n|move|p2a: John|Rock Slide|p1a: Zapdos\n|-supereffective|p1a: Zapdos\n|-damage|p1a: Zapdos|54\/100\n|\n|upkeep\n|turn|13\n|\n|t:|1662070186\n|move|p1a: Zapdos|Roost|p1a: Zapdos\n|-heal|p1a: Zapdos|100\/100\n|-singleturn|p1a: Zapdos|move: Roost\n|move|p2a: John|Earthquake|p1a: Zapdos\n|-supereffective|p1a: Zapdos\n|-damage|p1a: Zapdos|41\/100\n|\n|upkeep\n|turn|14\n|\n|t:|1662070192\n|move|p1a: Zapdos|Heat Wave|p2a: John\n|-supereffective|p2a: John\n|-damage|p2a: John|55\/100\n|move|p2a: John|Rock Slide|p1a: Zapdos\n|-supereffective|p1a: Zapdos\n|-damage|p1a: Zapdos|0 fnt\n|faint|p1a: Zapdos\n|\n|upkeep\n|\n|t:|1662070196\n|switch|p1a: Urshifu|Urshifu-Rapid-Strike, F|100\/100\n|turn|15\n|\n|t:|1662070203\n|switch|p2a: Hidden Gem|Landorus-Therian, M|100\/100\n|-ability|p2a: Hidden Gem|Intimidate|boost\n|-unboost|p1a: Urshifu|atk|1\n|move|p1a: Urshifu|U-turn|p2a: Hidden Gem\n|-resisted|p2a: Hidden Gem\n|-damage|p2a: Hidden Gem|92\/100\n|-damage|p1a: Urshifu|84\/100|[from] item: Rocky Helmet|[of] p2a: Hidden Gem\n|\n|t:|1662070207\n|switch|p1a: Landorus|Landorus-Therian, M|100\/100|[from]move: U-turn\n|-ability|p1a: Landorus|Intimidate|boost\n|-unboost|p2a: Hidden Gem|atk|1\n|\n|upkeep\n|turn|16\n|\n|t:|1662070213\n|move|p1a: Landorus|Knock Off|p2a: Hidden Gem\n|-damage|p2a: Hidden Gem|66\/100\n|-damage|p1a: Landorus|84\/100|[from] item: Rocky Helmet|[of] p2a: Hidden Gem\n|-enditem|p2a: Hidden Gem|Rocky Helmet|[from] move: Knock Off|[of] p1a: Landorus\n|move|p2a: Hidden Gem|Toxic|p1a: Landorus\n|-status|p1a: Landorus|tox\n|\n|-heal|p1a: Landorus|90\/100 tox|[from] item: Leftovers\n|-damage|p1a: Landorus|84\/100 tox|[from] psn\n|upkeep\n|turn|17\n|\n|t:|1662070223\n|move|p1a: Landorus|Stealth Rock|p2a: Hidden Gem\n|-sidestart|p2: Igotthegat|move: Stealth Rock\n|move|p2a: Hidden Gem|Stealth Rock|p1a: Landorus\n|-sidestart|p1: MagicalDC|move: Stealth Rock\n|\n|-heal|p1a: Landorus|90\/100 tox|[from] item: Leftovers\n|-damage|p1a: Landorus|78\/100 tox|[from] psn\n|upkeep\n|turn|18\n|\n|t:|1662070228\n|move|p1a: Landorus|U-turn|p2a: Hidden Gem\n|-resisted|p2a: Hidden Gem\n|-damage|p2a: Hidden Gem|57\/100\n|\n|t:|1662070232\n|switch|p1a: Urshifu|Urshifu-Rapid-Strike, F|84\/100|[from]move: U-turn\n|-damage|p1a: Urshifu|78\/100|[from] Stealth Rock\n|move|p2a: Hidden Gem|U-turn|p1a: Urshifu\n|-resisted|p1a: Urshifu\n|-damage|p1a: Urshifu|70\/100\n|\n|t:|1662070248\n|switch|p2a: Janitor|Kartana|100\/100|[from]move: U-turn\n|-damage|p2a: Janitor|84\/100|[from] Spikes\n|-damage|p2a: Janitor|78\/100|[from] Stealth Rock\n|\n|upkeep\n|turn|19\n|\n|t:|1662070256\n|switch|p1a: Ferrothorn|Ferrothorn, F|48\/100\n|-damage|p1a: Ferrothorn|42\/100|[from] Stealth Rock\n|move|p2a: Janitor|Knock Off|p1a: Ferrothorn\n|-damage|p1a: Ferrothorn|8\/100\n|-damage|p2a: Janitor|65\/100|[from] ability: Iron Barbs|[of] p1a: Ferrothorn\n|-enditem|p1a: Ferrothorn|Leftovers|[from] move: Knock Off|[of] p2a: Janitor\n|\n|upkeep\n|turn|20\n|\n|t:|1662070282\n|move|p1a: Ferrothorn|Protect|p1a: Ferrothorn\n|-singleturn|p1a: Ferrothorn|Protect\n|move|p2a: Janitor|Knock Off|p1a: Ferrothorn\n|-activate|p1a: Ferrothorn|move: Protect\n|\n|upkeep\n|turn|21\n|\n|t:|1662070286\n|switch|p1a: Landorus|Landorus-Therian, M|78\/100 tox\n|-damage|p1a: Landorus|66\/100 tox|[from] Stealth Rock\n|-ability|p1a: Landorus|Intimidate|boost\n|-unboost|p2a: Janitor|atk|1\n|move|p2a: Janitor|Knock Off|p1a: Landorus\n|-damage|p1a: Landorus|30\/100 tox\n|-enditem|p1a: Landorus|Leftovers|[from] move: Knock Off|[of] p2a: Janitor\n|\n|-damage|p1a: Landorus|24\/100 tox|[from] psn\n|upkeep\n|turn|22\n|\n|t:|1662070301\n|switch|p2a: Hidden Gem|Landorus-Therian, M|57\/100\n|-damage|p2a: Hidden Gem|45\/100|[from] Stealth Rock\n|-ability|p2a: Hidden Gem|Intimidate|boost\n|-unboost|p1a: Landorus|atk|1\n|switch|p1a: Ferrothorn|Ferrothorn, F|8\/100\n|-damage|p1a: Ferrothorn|2\/100|[from] Stealth Rock\n|\n|upkeep\n|turn|23\n|\n|t:|1662070307\n|move|p2a: Hidden Gem|Earthquake|p1a: Ferrothorn\n|-damage|p1a: Ferrothorn|0 fnt\n|faint|p1a: Ferrothorn\n|\n|upkeep\n|\n|t:|1662070312\n|switch|p1a: Urshifu|Urshifu-Rapid-Strike, F|70\/100\n|-damage|p1a: Urshifu|64\/100|[from] Stealth Rock\n|turn|24\n|\n|t:|1662070316\n|move|p1a: Urshifu|Surging Strikes|p2a: Hidden Gem\n|-supereffective|p2a: Hidden Gem\n|-crit|p2a: Hidden Gem\n|-damage|p2a: Hidden Gem|2\/100\n|-supereffective|p2a: Hidden Gem\n|-crit|p2a: Hidden Gem\n|-damage|p2a: Hidden Gem|0 fnt\n|faint|p2a: Hidden Gem\n|-hitcount|p2: Hidden Gem|2\n|\n|upkeep\n|\n|t:|1662070320\n|switch|p2a: Janitor|Kartana|65\/100\n|-damage|p2a: Janitor|49\/100|[from] Spikes\n|-damage|p2a: Janitor|43\/100|[from] Stealth Rock\n|turn|25\n|\n|t:|1662070328\n|switch|p1a: Landorus|Landorus-Therian, M|24\/100 tox\n|-damage|p1a: Landorus|11\/100 tox|[from] Stealth Rock\n|-ability|p1a: Landorus|Intimidate|boost\n|-unboost|p2a: Janitor|atk|1\n|move|p2a: Janitor|Leaf Blade|p1a: Landorus\n|-damage|p1a: Landorus|0 fnt\n|faint|p1a: Landorus\n|-ability|p2a: Janitor|Beast Boost|boost\n|-boost|p2a: Janitor|atk|1\n|\n|upkeep\n|\n|t:|1662070333\n|switch|p1a: Gardevoir|Gardevoir, F, shiny|100\/100\n|-damage|p1a: Gardevoir|88\/100|[from] Stealth Rock\n|-ability|p1a: Gardevoir|Beast Boost|[from] ability: Trace|[of] p2a: Janitor\n|turn|26\n|\n|t:|1662070342\n|move|p2a: Janitor|Leaf Blade|p1a: Gardevoir\n|-damage|p1a: Gardevoir|0 fnt\n|faint|p1a: Gardevoir\n|-ability|p2a: Janitor|Beast Boost|boost\n|-boost|p2a: Janitor|atk|1\n|\n|upkeep\n|\n|t:|1662070347\n|switch|p1a: Urshifu|Urshifu-Rapid-Strike, F|64\/100\n|-damage|p1a: Urshifu|58\/100|[from] Stealth Rock\n|turn|27\n|c|\u2606Igotthegat|what was the urshifu item\n|inactive|Igotthegat has 120 seconds left.\n|\n|t:|1662070388\n|move|p2a: Janitor|Leaf Blade|p1a: Urshifu\n|-supereffective|p1a: Urshifu\n|-damage|p1a: Urshifu|0 fnt\n|faint|p1a: Urshifu\n|\n|win|Igotthegat\n|raw|MagicalDC's rating: 1541 &rarr; <strong>1527<\/strong><br \/>(-14 for losing)\n|raw|Igotthegat's rating: 1644 &rarr; <strong>1658<\/strong><br \/>(+14 for winning)\n|l|\u203dMagicalDC\n||Ladder isn't responding, score probably updated but might not have (Request timeout).\n","uploadtime":1662070395,"views":16,"p1id":"magicaldc","p2id":"igotthegat","formatid":"gen8ou","rating":1527,"private":0,"password":null}