{"id":"gen8nationaldexag-1570439934","p1":"axronlee","p2":"Flashybee","format":"gen8nationaldexag","log":"|j|\u2606axronlee\n|j|\u2606Flashybee\n|t:|1652033698\n|gametype|singles\n|player|p1|axronlee|jasmine|1645\n|player|p2|Flashybee|266|1591\n|teamsize|p1|6\n|teamsize|p2|6\n|gen|8\n|tier|[Gen 8] National Dex AG\n|rated|\n|rule|HP Percentage Mod: HP is shown in percentages\n|rule|Endless Battle Clause: Forcing endless battles is banned\n|clearpoke\n|poke|p1|Arceus-*|\n|poke|p1|Yveltal|\n|poke|p1|Regieleki|\n|poke|p1|Zacian-*|\n|poke|p1|Ditto|\n|poke|p1|Lopunny, F|\n|poke|p2|Mew|\n|poke|p2|Arceus-*|\n|poke|p2|Hawlucha, F|\n|poke|p2|Umbreon, M|\n|poke|p2|Sceptile, F|\n|poke|p2|Zacian-*|\n|teampreview\n|inactive|Battle timer is ON: inactive players will automatically lose when time's up. (requested by axronlee)\n|c|\u2606axronlee|Hi!!!\n|c|\u2606Flashybee|sup\n|c|\u2606axronlee|Again\n|\n|t:|1652033721\n|start\n|switch|p1a: Lopunny|Lopunny, F, shiny|100\/100\n|switch|p2a: Hawlucha|Hawlucha, F|100\/100\n|turn|1\n|\n|t:|1652033730\n|detailschange|p1a: Lopunny|Lopunny-Mega, F, shiny\n|-mega|p1a: Lopunny|Lopunny|Lopunnite\n|move|p1a: Lopunny|Cosmic Power|p1a: Lopunny\n|-boost|p1a: Lopunny|def|1\n|-boost|p1a: Lopunny|spd|1\n|move|p2a: Hawlucha|Bulk Up|p2a: Hawlucha\n|-boost|p2a: Hawlucha|atk|1\n|-boost|p2a: Hawlucha|def|1\n|\n|upkeep\n|turn|2\n|c|\u2606Flashybee|nice set\n|c|\u2606Flashybee|lvoe it\n|\n|t:|1652033738\n|move|p1a: Lopunny|Cosmic Power|p1a: Lopunny\n|-boost|p1a: Lopunny|def|1\n|-boost|p1a: Lopunny|spd|1\n|move|p2a: Hawlucha|Mean Look|p1a: Lopunny\n|-activate|p1a: Lopunny|trapped\n|\n|upkeep\n|turn|3\n|c|\u2606axronlee|Trying to find something different\n|\n|t:|1652033747\n|move|p1a: Lopunny|Cosmic Power|p1a: Lopunny\n|-boost|p1a: Lopunny|def|1\n|-boost|p1a: Lopunny|spd|1\n|move|p2a: Hawlucha|Bulk Up|p2a: Hawlucha\n|-boost|p2a: Hawlucha|atk|1\n|-boost|p2a: Hawlucha|def|1\n|\n|upkeep\n|turn|4\n|\n|t:|1652033753\n|move|p1a: Lopunny|Cosmic Power|p1a: Lopunny\n|-boost|p1a: Lopunny|def|1\n|-boost|p1a: Lopunny|spd|1\n|move|p2a: Hawlucha|Bulk Up|p2a: Hawlucha\n|-boost|p2a: Hawlucha|atk|1\n|-boost|p2a: Hawlucha|def|1\n|\n|upkeep\n|turn|5\n|\n|t:|1652033756\n|move|p1a: Lopunny|Power-Up Punch|p2a: Hawlucha\n|-resisted|p2a: Hawlucha\n|-damage|p2a: Hawlucha|95\/100\n|-boost|p1a: Lopunny|atk|1\n|-enditem|p2a: Hawlucha|Kee Berry|[eat]\n|-boost|p2a: Hawlucha|def|1|[from] item: Kee Berry\n|move|p2a: Hawlucha|Bulk Up|p2a: Hawlucha\n|-boost|p2a: Hawlucha|atk|1\n|-boost|p2a: Hawlucha|def|1\n|\n|upkeep\n|turn|6\n|\n|t:|1652033761\n|move|p2a: Hawlucha|Bulk Up|p2a: Hawlucha\n|-boost|p2a: Hawlucha|atk|1\n|-boost|p2a: Hawlucha|def|1\n|move|p1a: Lopunny|Power-Up Punch|p2a: Hawlucha\n|-resisted|p2a: Hawlucha\n|-damage|p2a: Hawlucha|91\/100\n|-boost|p1a: Lopunny|atk|1\n|\n|upkeep\n|turn|7\n|\n|t:|1652033766\n|move|p2a: Hawlucha|Encore|p1a: Lopunny\n|-start|p1a: Lopunny|Encore\n|move|p1a: Lopunny|Power-Up Punch|p2a: Hawlucha\n|-resisted|p2a: Hawlucha\n|-damage|p2a: Hawlucha|85\/100\n|-boost|p1a: Lopunny|atk|1\n|\n|upkeep\n|turn|8\n|\n|t:|1652033781\n|move|p2a: Hawlucha|Baton Pass|p2a: Hawlucha\n|\n|t:|1652033783\n|switch|p2a: Arceus|Arceus|100\/100|[from]move: Baton Pass\n|move|p1a: Lopunny|Power-Up Punch|p2a: Arceus\n|-supereffective|p2a: Arceus\n|-damage|p2a: Arceus|81\/100\n|-boost|p1a: Lopunny|atk|1\n|\n|upkeep\n|turn|9\n|\n|t:|1652033795\n|move|p2a: Arceus|Extreme Speed|p1a: Lopunny\n|-damage|p1a: Lopunny|54\/100\n|move|p1a: Lopunny|Power-Up Punch|p2a: Arceus\n|-supereffective|p2a: Arceus\n|-damage|p2a: Arceus|60\/100\n|-boost|p1a: Lopunny|atk|1\n|\n|-end|p1a: Lopunny|Encore\n|upkeep\n|turn|10\n|\n|t:|1652033805\n|-start|p2a: Arceus|Dynamax|\n|-heal|p2a: Arceus|60\/100|[silent]\n|move|p1a: Lopunny|Drain Punch|p2a: Arceus\n|-supereffective|p2a: Arceus\n|-damage|p2a: Arceus|38\/100\n|-heal|p1a: Lopunny|91\/100|[from] drain|[of] p2a: Arceus\n|move|p2a: Arceus|Max Strike|p1a: Lopunny\n|-damage|p1a: Lopunny|5\/100\n|-unboost|p1a: Lopunny|spe|1\n|\n|upkeep\n|turn|11\n|\n|t:|1652033810\n|move|p2a: Arceus|Max Strike|p1a: Lopunny\n|-crit|p1a: Lopunny\n|-damage|p1a: Lopunny|0 fnt\n|faint|p1a: Lopunny\n|\n|upkeep\n|\n|t:|1652033821\n|switch|p1a: Yveltal|Yveltal|100\/100\n|-ability|p1a: Yveltal|Dark Aura\n|turn|12\n|\n|t:|1652033831\n|move|p1a: Yveltal|Sucker Punch|p2a: Arceus\n|-damage|p2a: Arceus|33\/100\n|-damage|p1a: Yveltal|91\/100|[from] item: Life Orb\n|move|p2a: Arceus|Max Strike|p1a: Yveltal\n|-damage|p1a: Yveltal|0 fnt\n|faint|p1a: Yveltal\n|\n|upkeep\n|\n|t:|1652033833\n|switch|p1a: OnlyZacianFans|Ditto|100\/100\n|-transform|p1a: OnlyZacianFans|p2a: Arceus|[from] ability: Imposter\n|-end|p2a: Arceus|Dynamax\n|-heal|p2a: Arceus|33\/100|[silent]\n|turn|13\n|\n|t:|1652033841\n|move|p1a: OnlyZacianFans|Extreme Speed|p2a: Arceus\n|-damage|p2a: Arceus|14\/100\n|move|p2a: Arceus|Extreme Speed|p1a: OnlyZacianFans\n|-damage|p1a: OnlyZacianFans|68\/100\n|\n|upkeep\n|turn|14\n|\n|t:|1652033846\n|move|p1a: OnlyZacianFans|Extreme Speed|p2a: Arceus\n|-damage|p2a: Arceus|0 fnt\n|faint|p2a: Arceus\n|\n|upkeep\n|\n|t:|1652033852\n|switch|p2a: Zacian|Zacian-Crowned|100\/100\n|-ability|p2a: Zacian|Intrepid Sword|boost\n|-boost|p2a: Zacian|atk|1\n|turn|15\n|c|\u2606axronlee|I think I\u2019ll try a team with reg Pok\u00e9mon and not legend spam. Yours looks fun\n|\n|t:|1652033875\n|switch|p2a: Hawlucha|Hawlucha, F|85\/100\n|move|p1a: OnlyZacianFans|Extreme Speed|p2a: Hawlucha\n|-damage|p2a: Hawlucha|0 fnt\n|faint|p2a: Hawlucha\n|\n|upkeep\n|c|\u2606Flashybee|well mine is a meme team that is meant to counter certain stealth rock leads\n|c|\u2606Flashybee|its not a great team against 90% of teams tho haha\n|\n|t:|1652033900\n|switch|p2a: Umbreon|Umbreon, M|100\/100\n|turn|16\n|j| Chepamoi\n|c|\u2606axronlee|Ohhhh okay okay I mean it\u2019s working against me greatly truly\n|c|\u2606axronlee|If it wasn\u2019t for ditto I\u2019d be sqept\n|c|\u2606axronlee|swept\n|\n|t:|1652033924\n|move|p1a: OnlyZacianFans|Extreme Speed|p2a: Umbreon\n|-damage|p2a: Umbreon|4\/100\n|move|p2a: Umbreon|Rest|p2a: Umbreon\n|-status|p2a: Umbreon|slp|[from] move: Rest\n|-heal|p2a: Umbreon|100\/100 slp|[silent]\n|\n|upkeep\n|turn|17\n|c|\u2606Flashybee|yeah my team gets pretty countered by ditto\n|\n|t:|1652033941\n|switch|p2a: Mew|Mew|100\/100\n|-start|p1a: OnlyZacianFans|Dynamax|\n|-heal|p1a: OnlyZacianFans|68\/100|[silent]\n|move|p1a: OnlyZacianFans|Max Overgrowth|p2a: Mew\n|-damage|p2a: Mew|0 fnt\n|-fieldstart|move: Grassy Terrain\n|faint|p2a: Mew\n|\n|-heal|p1a: OnlyZacianFans|71\/100|[from] Grassy Terrain\n|upkeep\n|\n|t:|1652033948\n|switch|p2a: Zacian|Zacian-Crowned|100\/100\n|-ability|p2a: Zacian|Intrepid Sword|boost\n|-boost|p2a: Zacian|atk|1\n|turn|18\n|\n|t:|1652033954\n|switch|p2a: Sceptile|Sceptile, F|100\/100\n|move|p1a: OnlyZacianFans|Max Quake|p2a: Sceptile\n|-resisted|p2a: Sceptile\n|-damage|p2a: Sceptile|0 fnt\n|-boost|p1a: OnlyZacianFans|spd|1\n|faint|p2a: Sceptile\n|\n|-heal|p1a: OnlyZacianFans|73\/100|[from] Grassy Terrain\n|upkeep\n|\n|t:|1652033960\n|switch|p2a: Umbreon|Umbreon, M|100\/100 slp\n|turn|19\n|c|\u2606Flashybee|gg\n|\n|t:|1652033964\n|move|p1a: OnlyZacianFans|Max Overgrowth|p2a: Umbreon\n|-damage|p2a: Umbreon|0 fnt\n|faint|p2a: Umbreon\n|\n|-heal|p1a: OnlyZacianFans|76\/100|[from] Grassy Terrain\n|upkeep\n|-message|Flashybee forfeited.\n|\n|win|axronlee\n|raw|axronlee's rating: 1645 &rarr; <strong>1662<\/strong><br \/>(+17 for winning)\n|raw|Flashybee's rating: 1591 &rarr; <strong>1574<\/strong><br \/>(-17 for losing)\n|l|\u2606Flashybee\n|l|\u2606axronlee\n||Ladder isn't responding, score probably updated but might not have (Request timeout).\n","uploadtime":1652033974,"views":4,"p1id":"axronlee","p2id":"flashybee","formatid":"gen8nationaldexag","rating":1574,"private":0,"password":null}