{"id":"gen8ou-1626996548","p1":"2(H2O)","p2":"LT91BB Sensory","format":"gen8ou","log":"|j|\u26062(H2O)\n|j|\u2606LT91BB Sensory\n|t:|1659005210\n|gametype|singles\n|player|p1|2(H2O)|chase|1555\n|player|p2|LT91BB Sensory|firebreather|1628\n|teamsize|p1|6\n|teamsize|p2|6\n|gen|8\n|tier|[Gen 8] OU\n|rated|\n|rule|Sleep Clause Mod: Limit one foe put to sleep\n|rule|Species Clause: Limit one of each Pok\u00e9mon\n|rule|OHKO Clause: OHKO moves are banned\n|rule|Evasion Moves Clause: Evasion moves are banned\n|rule|Endless Battle Clause: Forcing endless battles is banned\n|rule|HP Percentage Mod: HP is shown in percentages\n|rule|Dynamax Clause: You cannot dynamax\n|clearpoke\n|poke|p1|Weavile, M|\n|poke|p1|Landorus-Therian, M|\n|poke|p1|Tyranitar, M|\n|poke|p1|Corviknight, M|\n|poke|p1|Kartana|\n|poke|p1|Slowbro, M|\n|poke|p2|Weavile, F|\n|poke|p2|Kartana|\n|poke|p2|Zapdos|\n|poke|p2|Landorus-Therian, M|\n|poke|p2|Volcanion|\n|poke|p2|Melmetal|\n|teampreview\n|inactive|Battle timer is ON: inactive players will automatically lose when time's up. (requested by LT91BB Sensory)\n|j| roy31\n|\n|t:|1659005222\n|start\n|switch|p1a: Slowbro|Slowbro, M|100\/100\n|switch|p2a: Weavile|Weavile, F|100\/100\n|-ability|p2a: Weavile|Pressure\n|turn|1\n|\n|t:|1659005230\n|switch|p1a: Landorus|Landorus-Therian, M|100\/100\n|-ability|p1a: Landorus|Intimidate|boost\n|-unboost|p2a: Weavile|atk|1\n|move|p2a: Weavile|Beat Up|p1a: Landorus\n|-damage|p1a: Landorus|91\/100\n|-damage|p1a: Landorus|78\/100\n|-damage|p1a: Landorus|70\/100\n|-damage|p1a: Landorus|60\/100\n|-damage|p1a: Landorus|51\/100\n|-damage|p1a: Landorus|40\/100\n|-hitcount|p1a: Landorus|6\n|\n|-heal|p1a: Landorus|46\/100|[from] item: Leftovers\n|upkeep\n|turn|2\n|\n|t:|1659005233\n|switch|p1a: Corviknight|Corviknight, M|100\/100\n|-ability|p1a: Corviknight|Pressure\n|move|p2a: Weavile|Beat Up|p1a: Corviknight\n|-damage|p1a: Corviknight|94\/100\n|-damage|p1a: Corviknight|87\/100\n|-damage|p1a: Corviknight|82\/100\n|-damage|p1a: Corviknight|76\/100\n|-damage|p1a: Corviknight|70\/100\n|-damage|p1a: Corviknight|63\/100\n|-hitcount|p1a: Corviknight|6\n|\n|upkeep\n|turn|3\n|\n|t:|1659005238\n|switch|p2a: Zapdos|Zapdos|100\/100\n|move|p1a: Corviknight|U-turn|p2a: Zapdos\n|-resisted|p2a: Zapdos\n|-damage|p2a: Zapdos|91\/100\n|\n|t:|1659005240\n|switch|p1a: Weavile|Weavile, M|100\/100|[from]move: U-turn\n|-ability|p1a: Weavile|Pressure\n|\n|-heal|p2a: Zapdos|97\/100|[from] item: Leftovers\n|upkeep\n|turn|4\n|\n|t:|1659005243\n|switch|p2a: Melmetal|Melmetal|100\/100\n|move|p1a: Weavile|Swords Dance|p1a: Weavile\n|-boost|p1a: Weavile|atk|2\n|\n|upkeep\n|turn|5\n|\n|t:|1659005246\n|move|p1a: Weavile|Low Kick|p2a: Melmetal\n|-supereffective|p2a: Melmetal\n|-damage|p2a: Melmetal|0 fnt\n|faint|p2a: Melmetal\n|-damage|p1a: Weavile|91\/100|[from] item: Life Orb\n|\n|upkeep\n|\n|t:|1659005249\n|switch|p2a: Kartana|Kartana|100\/100\n|turn|6\n|\n|t:|1659005261\n|switch|p1a: Landorus|Landorus-Therian, M|46\/100\n|-ability|p1a: Landorus|Intimidate|boost\n|-unboost|p2a: Kartana|atk|1\n|move|p2a: Kartana|Sacred Sword|p1a: Landorus\n|-resisted|p1a: Landorus\n|-damage|p1a: Landorus|34\/100\n|\n|-heal|p1a: Landorus|40\/100|[from] item: Leftovers\n|upkeep\n|turn|7\n|\n|t:|1659005264\n|switch|p2a: Zapdos|Zapdos|97\/100\n|move|p1a: Landorus|U-turn|p2a: Zapdos\n|-resisted|p2a: Zapdos\n|-crit|p2a: Zapdos\n|-damage|p2a: Zapdos|75\/100\n|\n|t:|1659005268\n|switch|p1a: Weavile|Weavile, M|91\/100|[from]move: U-turn\n|-ability|p1a: Weavile|Pressure\n|\n|-heal|p2a: Zapdos|82\/100|[from] item: Leftovers\n|upkeep\n|turn|8\n|\n|t:|1659005276\n|switch|p2a: Volcanion|Volcanion|100\/100\n|move|p1a: Weavile|Triple Axel|p2a: Volcanion\n|-resisted|p2a: Volcanion\n|-damage|p2a: Volcanion|98\/100\n|-hitcount|p2a: Volcanion|1\n|-damage|p1a: Weavile|81\/100|[from] item: Life Orb\n|\n|upkeep\n|turn|9\n|\n|t:|1659005283\n|switch|p1a: Slowbro|Slowbro, M|100\/100\n|move|p2a: Volcanion|Steam Eruption|p1a: Slowbro\n|-resisted|p1a: Slowbro\n|-damage|p1a: Slowbro|48\/100\n|\n|upkeep\n|turn|10\n|\n|t:|1659005305\n|switch|p1a: Tyranitar|Tyranitar, M|100\/100\n|-weather|Sandstorm|[from] ability: Sand Stream|[of] p1a: Tyranitar\n|move|p2a: Volcanion|Steam Eruption|p1a: Tyranitar\n|-supereffective|p1a: Tyranitar\n|-damage|p1a: Tyranitar|0 fnt\n|faint|p1a: Tyranitar\n|\n|-weather|Sandstorm|[upkeep]\n|-damage|p2a: Volcanion|92\/100|[from] Sandstorm\n|upkeep\n|\n|t:|1659005308\n|switch|p1a: Slowbro|Slowbro, M|81\/100\n|turn|11\n|\n|t:|1659005311\n|switch|p2a: Zapdos|Zapdos|82\/100\n|move|p1a: Slowbro|Slack Off|p1a: Slowbro\n|-heal|p1a: Slowbro|100\/100\n|\n|-weather|Sandstorm|[upkeep]\n|-damage|p2a: Zapdos|75\/100|[from] Sandstorm\n|-damage|p1a: Slowbro|94\/100|[from] Sandstorm\n|-heal|p2a: Zapdos|82\/100|[from] item: Leftovers\n|upkeep\n|turn|12\n|\n|t:|1659005315\n|move|p2a: Zapdos|Hurricane|p1a: Slowbro\n|-damage|p1a: Slowbro|35\/100\n|move|p1a: Slowbro|Teleport|p1a: Slowbro\n|\n|t:|1659005319\n|switch|p1a: Weavile|Weavile, M|81\/100|[from]move: Teleport\n|-ability|p1a: Weavile|Pressure\n|\n|-weather|Sandstorm|[upkeep]\n|-damage|p1a: Weavile|75\/100|[from] Sandstorm\n|-damage|p2a: Zapdos|75\/100|[from] Sandstorm\n|-heal|p2a: Zapdos|82\/100|[from] item: Leftovers\n|upkeep\n|turn|13\n|\n|t:|1659005323\n|switch|p2a: Volcanion|Volcanion|92\/100\n|move|p1a: Weavile|Triple Axel|p2a: Volcanion|[miss]\n|-miss|p1a: Weavile|p2a: Volcanion\n|\n|-weather|Sandstorm|[upkeep]\n|-damage|p1a: Weavile|68\/100|[from] Sandstorm\n|-damage|p2a: Volcanion|86\/100|[from] Sandstorm\n|upkeep\n|turn|14\n|\n|t:|1659005330\n|switch|p1a: Landorus|Landorus-Therian, M|40\/100\n|-ability|p1a: Landorus|Intimidate|boost\n|-unboost|p2a: Volcanion|atk|1\n|move|p2a: Volcanion|Steam Eruption|p1a: Landorus\n|-supereffective|p1a: Landorus\n|-damage|p1a: Landorus|0 fnt\n|faint|p1a: Landorus\n|\n|-weather|none\n|upkeep\n|\n|t:|1659005332\n|switch|p1a: Slowbro|Slowbro, M|68\/100\n|turn|15\n|\n|t:|1659005336\n|move|p2a: Volcanion|Steam Eruption|p1a: Slowbro\n|-resisted|p1a: Slowbro\n|-damage|p1a: Slowbro|20\/100\n|-status|p1a: Slowbro|brn\n|move|p1a: Slowbro|Slack Off|p1a: Slowbro\n|-heal|p1a: Slowbro|70\/100 brn\n|\n|-damage|p1a: Slowbro|64\/100 brn|[from] brn\n|upkeep\n|turn|16\n|\n|t:|1659005339\n|switch|p2a: Zapdos|Zapdos|82\/100\n|move|p1a: Slowbro|Slack Off|p1a: Slowbro\n|-heal|p1a: Slowbro|100\/100 brn\n|\n|-heal|p2a: Zapdos|88\/100|[from] item: Leftovers\n|-damage|p1a: Slowbro|94\/100 brn|[from] brn\n|upkeep\n|turn|17\n|\n|t:|1659005342\n|move|p2a: Zapdos|Volt Switch|p1a: Slowbro\n|-supereffective|p1a: Slowbro\n|-damage|p1a: Slowbro|17\/100 brn\n|\n|t:|1659005348\n|switch|p2a: Weavile|Weavile, F|100\/100|[from]move: Volt Switch\n|-ability|p2a: Weavile|Pressure\n|move|p1a: Slowbro|Teleport|p1a: Slowbro\n|\n|t:|1659005352\n|switch|p1a: Kartana|Kartana|100\/100|[from]move: Teleport\n|\n|upkeep\n|turn|18\n|\n|t:|1659005354\n|switch|p1a: Weavile|Weavile, M|68\/100\n|-ability|p1a: Weavile|Pressure\n|switch|p2a: Zapdos|Zapdos|88\/100\n|\n|-heal|p2a: Zapdos|94\/100|[from] item: Leftovers\n|upkeep\n|turn|19\n|\n|t:|1659005359\n|switch|p2a: Volcanion|Volcanion|86\/100\n|move|p1a: Weavile|Swords Dance|p1a: Weavile\n|-boost|p1a: Weavile|atk|2\n|\n|upkeep\n|turn|20\n|\n|t:|1659005364\n|move|p1a: Weavile|Knock Off|p2a: Volcanion\n|-damage|p2a: Volcanion|0 fnt\n|-enditem|p2a: Volcanion|Choice Specs|[from] move: Knock Off|[of] p1a: Weavile\n|faint|p2a: Volcanion\n|-damage|p1a: Weavile|59\/100|[from] item: Life Orb\n|\n|upkeep\n|\n|t:|1659005366\n|switch|p2a: Kartana|Kartana|100\/100\n|turn|21\n|\n|t:|1659005370\n|switch|p1a: Corviknight|Corviknight, M|63\/100\n|-ability|p1a: Corviknight|Pressure\n|move|p2a: Kartana|Sacred Sword|p1a: Corviknight\n|-damage|p1a: Corviknight|36\/100\n|\n|upkeep\n|turn|22\n|\n|t:|1659005374\n|switch|p2a: Zapdos|Zapdos|94\/100\n|move|p1a: Corviknight|Roost|p1a: Corviknight\n|-heal|p1a: Corviknight|86\/100\n|-singleturn|p1a: Corviknight|move: Roost\n|\n|-heal|p2a: Zapdos|99\/100|[from] item: Leftovers\n|upkeep\n|turn|23\n|\n|t:|1659005380\n|switch|p1a: Slowbro|Slowbro, M|50\/100 brn\n|move|p2a: Zapdos|Heat Wave|p1a: Slowbro\n|-resisted|p1a: Slowbro\n|-damage|p1a: Slowbro|32\/100 brn\n|\n|-heal|p2a: Zapdos|100\/100|[from] item: Leftovers\n|-damage|p1a: Slowbro|26\/100 brn|[from] brn\n|upkeep\n|turn|24\n|\n|t:|1659005394\n|move|p2a: Zapdos|Volt Switch|p1a: Slowbro\n|-supereffective|p1a: Slowbro\n|-damage|p1a: Slowbro|0 fnt\n|faint|p1a: Slowbro\n|\n|t:|1659005398\n|switch|p2a: Kartana|Kartana|100\/100|[from]move: Volt Switch\n|\n|upkeep\n|inactive|2(H2O) has 120 seconds left.\n|\n|t:|1659005436\n|switch|p1a: Corviknight|Corviknight, M|86\/100\n|-ability|p1a: Corviknight|Pressure\n|turn|25\n|\n|t:|1659005447\n|switch|p2a: Zapdos|Zapdos|100\/100\n|switch|p1a: Weavile|Weavile, M|59\/100\n|-ability|p1a: Weavile|Pressure\n|\n|upkeep\n|turn|26\n|\n|t:|1659005461\n|switch|p2a: Landorus|Landorus-Therian, M|100\/100\n|-ability|p2a: Landorus|Intimidate|boost\n|-unboost|p1a: Weavile|atk|1\n|move|p1a: Weavile|Triple Axel|p2a: Landorus|[miss]\n|-miss|p1a: Weavile|p2a: Landorus\n|\n|upkeep\n|turn|27\n|\n|t:|1659005466\n|move|p1a: Weavile|Triple Axel|p2a: Landorus\n|-supereffective|p2a: Landorus\n|-damage|p2a: Landorus|52\/100\n|-supereffective|p2a: Landorus\n|-damage|p2a: Landorus|0 fnt\n|faint|p2a: Landorus\n|-hitcount|p2: Landorus|2\n|-damage|p1a: Weavile|49\/100|[from] item: Life Orb\n|\n|upkeep\n|\n|t:|1659005473\n|switch|p2a: Weavile|Weavile, F|100\/100\n|-ability|p2a: Weavile|Pressure\n|turn|28\n|\n|t:|1659005491\n|switch|p1a: Corviknight|Corviknight, M|86\/100\n|-ability|p1a: Corviknight|Pressure\n|move|p2a: Weavile|Knock Off|p1a: Corviknight\n|-damage|p1a: Corviknight|39\/100\n|-enditem|p1a: Corviknight|Heavy-Duty Boots|[from] move: Knock Off|[of] p2a: Weavile\n|\n|upkeep\n|turn|29\n|\n|t:|1659005499\n|switch|p2a: Zapdos|Zapdos|100\/100\n|move|p1a: Corviknight|Roost|p1a: Corviknight\n|-heal|p1a: Corviknight|89\/100\n|-singleturn|p1a: Corviknight|move: Roost\n|\n|upkeep\n|turn|30\n|\n|t:|1659005505\n|switch|p1a: Weavile|Weavile, M|49\/100\n|-ability|p1a: Weavile|Pressure\n|move|p2a: Zapdos|Heat Wave|p1a: Weavile\n|-supereffective|p1a: Weavile\n|-damage|p1a: Weavile|0 fnt\n|faint|p1a: Weavile\n|\n|upkeep\n|-message|2(H2O) forfeited.\n|\n|win|LT91BB Sensory\n|raw|2(H2O)'s rating: 1555 &rarr; <strong>1539<\/strong><br \/>(-16 for losing)\n|raw|LT91BB Sensory's rating: 1628 &rarr; <strong>1644<\/strong><br \/>(+16 for winning)\n|l|\u26062(H2O)\n|l|\u2606LT91BB Sensory\n","uploadtime":1659005519,"views":66,"p1id":"2h2o","p2id":"lt91bbsensory","formatid":"gen8ou","rating":1539,"private":0,"password":null}