{"id":"gen8monotype-1547781936","p1":"LECH24","p2":"Soma","format":"gen8monotype","log":"|j|\u2606LECH24\n|j|\u2606Soma\n|t:|1649296012\n|gametype|singles\n|player|p1|LECH24|102|1555\n|player|p2|Soma|lance-gen1rb|1541\n|teamsize|p1|6\n|teamsize|p2|6\n|gen|8\n|tier|[Gen 8] Monotype\n|rated|\n|rule|Same Type Clause: Pok\u00e9mon in a team must share a type\n|rule|Sleep Clause Mod: Limit one foe put to sleep\n|rule|Species Clause: Limit one of each Pok\u00e9mon\n|rule|OHKO Clause: OHKO moves are banned\n|rule|Evasion Moves Clause: Evasion moves are banned\n|rule|Endless Battle Clause: Forcing endless battles is banned\n|rule|HP Percentage Mod: HP is shown in percentages\n|rule|Dynamax Clause: You cannot dynamax\n|clearpoke\n|poke|p1|Tapu Fini|\n|poke|p1|Tapu Koko|\n|poke|p1|Klefki, F|\n|poke|p1|Tapu Lele|\n|poke|p1|Togekiss, F|\n|poke|p1|Grimmsnarl, M|\n|poke|p2|Kyurem|\n|poke|p2|Dragapult, M|\n|poke|p2|Zygarde-10%|\n|poke|p2|Hydreigon, F|\n|poke|p2|Dragalge, M|\n|poke|p2|Duraludon, M|\n|teampreview\n|j| Amigento1958\n|\n|t:|1649296029\n|start\n|switch|p1a: Klefki|Klefki, F|100\/100\n|switch|p2a: Dragalge|Dragalge, M, shiny|100\/100\n|turn|1\n|\n|t:|1649296040\n|switch|p1a: Tapu Lele|Tapu Lele|100\/100\n|-fieldstart|move: Psychic Terrain|[from] ability: Psychic Surge|[of] p1a: Tapu Lele\n|move|p2a: Dragalge|Toxic Spikes|p1a: Tapu Lele\n|-sidestart|p1: LECH24|move: Toxic Spikes\n|\n|upkeep\n|turn|2\n|\n|t:|1649296044\n|switch|p2a: Hydreigon|Hydreigon, F|100\/100\n|move|p1a: Tapu Lele|Psyshock|p2a: Hydreigon\n|-immune|p2a: Hydreigon\n|\n|upkeep\n|turn|3\n|\n|t:|1649296052\n|switch|p1a: Klefki|Klefki, F|100\/100\n|move|p2a: Hydreigon|Earth Power|p1a: Klefki\n|-supereffective|p1a: Klefki\n|-damage|p1a: Klefki|12\/100\n|\n|upkeep\n|turn|4\n|\n|t:|1649296056\n|move|p1a: Klefki|Light Screen|p1a: Klefki\n|-sidestart|p1: LECH24|move: Light Screen\n|move|p2a: Hydreigon|Flamethrower|p1a: Klefki\n|-supereffective|p1a: Klefki\n|-damage|p1a: Klefki|0 fnt\n|faint|p1a: Klefki\n|\n|upkeep\n|\n|t:|1649296061\n|switch|p1a: Tapu Koko|Tapu Koko|100\/100\n|-status|p1a: Tapu Koko|psn\n|-fieldstart|move: Electric Terrain|[from] ability: Electric Surge|[of] p1a: Tapu Koko\n|turn|5\n|\n|t:|1649296071\n|switch|p2a: Dragalge|Dragalge, M, shiny|100\/100\n|move|p1a: Tapu Koko|Volt Switch|p2a: Dragalge\n|-resisted|p2a: Dragalge\n|-damage|p2a: Dragalge|86\/100\n|\n|t:|1649296075\n|switch|p1a: Tapu Lele|Tapu Lele|100\/100|[from]move: Volt Switch\n|-status|p1a: Tapu Lele|psn\n|-fieldstart|move: Psychic Terrain|[from] ability: Psychic Surge|[of] p1a: Tapu Lele\n|\n|-damage|p1a: Tapu Lele|88\/100 psn|[from] psn\n|upkeep\n|turn|6\n|\n|t:|1649296083\n|switch|p2a: Hydreigon|Hydreigon, F|100\/100\n|move|p1a: Tapu Lele|Psyshock|p2a: Hydreigon\n|-immune|p2a: Hydreigon\n|\n|-damage|p1a: Tapu Lele|76\/100 psn|[from] psn\n|upkeep\n|turn|7\n|\n|t:|1649296088\n|switch|p1a: Togekiss|Togekiss, F|100\/100\n|move|p2a: Hydreigon|Flamethrower|p1a: Togekiss\n|-damage|p1a: Togekiss|85\/100\n|-status|p1a: Togekiss|brn\n|\n|-damage|p1a: Togekiss|79\/100 brn|[from] brn\n|upkeep\n|turn|8\n|\n|t:|1649296095\n|switch|p2a: Zygarde|Zygarde-10%|100\/100\n|-ability|p2a: Zygarde|Aura Break\n|move|p1a: Togekiss|Nasty Plot|p1a: Togekiss\n|-boost|p1a: Togekiss|spa|2\n|\n|-damage|p1a: Togekiss|73\/100 brn|[from] brn\n|upkeep\n|turn|9\n|\n|t:|1649296097\n|move|p2a: Zygarde|Iron Tail|p1a: Togekiss\n|-supereffective|p1a: Togekiss\n|-damage|p1a: Togekiss|0 fnt\n|faint|p1a: Togekiss\n|\n|-fieldend|move: Psychic Terrain\n|upkeep\n|-message|LECH24 forfeited.\n|\n|win|Soma\n|raw|LECH24's rating: 1555 &rarr; <strong>1534<\/strong><br \/>(-21 for losing)\n|raw|Soma's rating: 1541 &rarr; <strong>1562<\/strong><br \/>(+21 for winning)\n|l|\u2606LECH24\n|l| Amigento1958\n","uploadtime":1649296127,"views":16,"p1id":"lech24","p2id":"soma","formatid":"gen8monotype","rating":1534,"private":0,"password":null}