{"id":"gen8ou-1071700979","p1":"mongwong","p2":"miirza","format":"gen8ou","log":"|j|\u2606mongwong\n|j|\u2606miirza\n|player|p1|mongwong|silver|1416\n|player|p2|miirza|saturn|1370\n|teamsize|p1|6\n|teamsize|p2|6\n|gametype|singles\n|gen|8\n|tier|[Gen 8] OU\n|rated|\n|clearpoke\n|poke|p1|Pelipper, M|\n|poke|p1|Dracovish|\n|poke|p1|Corviknight, F|\n|poke|p1|Ferrothorn, M|\n|poke|p1|Blastoise, M|\n|poke|p1|Goodra, M|\n|poke|p2|Toxapex, F|\n|poke|p2|Zeraora|\n|poke|p2|Decidueye, M|\n|poke|p2|Bisharp, F|\n|poke|p2|Arcanine, F|\n|poke|p2|Gyarados, M|\n|rule|Sleep Clause Mod: Limit one foe put to sleep\n|rule|Species Clause: Limit one of each Pok\u00e9mon\n|rule|OHKO Clause: OHKO moves are banned\n|rule|Evasion Moves Clause: Evasion moves are banned\n|rule|Endless Battle Clause: Forcing endless battles is banned\n|rule|HP Percentage Mod: HP is shown in percentages\n|rule|Dynamax Clause: You cannot dynamax\n|teampreview\n|\n|start\n|switch|p1a: Goodra|Goodra, M|100\/100\n|switch|p2a: Toxapex|Toxapex, F|100\/100\n|turn|1\n|\n|move|p1a: Goodra|Thunder|p2a: Toxapex|[miss]\n|-miss|p1a: Goodra|p2a: Toxapex\n|move|p2a: Toxapex|Toxic Spikes|p1a: Goodra\n|-sidestart|p1: mongwong|move: Toxic Spikes\n|\n|upkeep\n|turn|2\n|\n|move|p1a: Goodra|Thunder|p2a: Toxapex\n|-supereffective|p2a: Toxapex\n|-damage|p2a: Toxapex|29\/100\n|-status|p2a: Toxapex|par\n|move|p2a: Toxapex|Scald|p1a: Goodra\n|-resisted|p1a: Goodra\n|-damage|p1a: Goodra|96\/100\n|\n|-heal|p2a: Toxapex|36\/100 par|[from] item: Black Sludge\n|upkeep\n|turn|3\n|\n|switch|p1a: Ferrothorn|Ferrothorn, M|100\/100\n|switch|p2a: Zeraora|Zeraora|100\/100\n|\n|upkeep\n|turn|4\n|\n|switch|p2a: Decidueye|Decidueye, M|100\/100\n|move|p1a: Ferrothorn|Knock Off|p2a: Decidueye\n|-supereffective|p2a: Decidueye\n|-damage|p2a: Decidueye|68\/100\n|-enditem|p2a: Decidueye|Leftovers|[from] move: Knock Off|[of] p1a: Ferrothorn\n|\n|upkeep\n|turn|5\n|\n|switch|p1a: Corviknight|Corviknight, F|100\/100\n|move|p2a: Decidueye|Spirit Shackle|p1a: Corviknight\n|-damage|p1a: Corviknight|81\/100\n|-activate|p1a: Corviknight|trapped\n|\n|-heal|p1a: Corviknight|88\/100|[from] item: Leftovers\n|upkeep\n|turn|6\n|\n|switch|p2a: Zeraora|Zeraora|100\/100\n|move|p1a: Corviknight|Defog|p2a: Zeraora\n|-unboost|p2a: Zeraora|evasion|1\n|-sideend|p1: mongwong|Toxic Spikes|[from] move: Defog|[of] p1a: Corviknight\n|\n|-heal|p1a: Corviknight|94\/100|[from] item: Leftovers\n|upkeep\n|turn|7\n|\n|switch|p1a: Ferrothorn|Ferrothorn, M|100\/100\n|move|p2a: Zeraora|Bulk Up|p2a: Zeraora\n|-boost|p2a: Zeraora|atk|1\n|-boost|p2a: Zeraora|def|1\n|\n|upkeep\n|turn|8\n|\n|move|p2a: Zeraora|Bulk Up|p2a: Zeraora\n|-boost|p2a: Zeraora|atk|1\n|-boost|p2a: Zeraora|def|1\n|move|p1a: Ferrothorn|Leech Seed|p2a: Zeraora\n|-start|p2a: Zeraora|move: Leech Seed\n|\n|-damage|p2a: Zeraora|88\/100|[from] Leech Seed|[of] p1a: Ferrothorn\n|upkeep\n|turn|9\n|\n|move|p2a: Zeraora|Close Combat|p1a: Ferrothorn\n|-supereffective|p1a: Ferrothorn\n|-damage|p1a: Ferrothorn|0 fnt\n|-unboost|p2a: Zeraora|def|1\n|-unboost|p2a: Zeraora|spd|1\n|-damage|p2a: Zeraora|76\/100|[from] ability: Iron Barbs|[of] p1a: Ferrothorn\n|-damage|p2a: Zeraora|66\/100|[from] item: Life Orb\n|faint|p1a: Ferrothorn\n|\n|upkeep\n|\n|switch|p1a: Goodra|Goodra, M|96\/100\n|turn|10\n|\n|move|p2a: Zeraora|Knock Off|p1a: Goodra\n|-damage|p1a: Goodra|0 fnt\n|-enditem|p1a: Goodra|Choice Specs|[from] move: Knock Off|[of] p2a: Zeraora\n|-damage|p2a: Zeraora|56\/100|[from] item: Life Orb\n|faint|p1a: Goodra\n|\n|upkeep\n|\n|switch|p1a: Corviknight|Corviknight, F|94\/100\n|turn|11\n|\n|move|p2a: Zeraora|Plasma Fists|p1a: Corviknight\n|-supereffective|p1a: Corviknight\n|-damage|p1a: Corviknight|0 fnt\n|-fieldactivate|move: Ion Deluge\n|-damage|p2a: Zeraora|47\/100|[from] item: Life Orb\n|faint|p1a: Corviknight\n|\n|upkeep\n|-message|mongwong forfeited.\n|\n|win|miirza\n|l|\u2606mongwong\n|raw|mongwong's rating: 1416 &rarr; <strong>1394<\/strong><br \/>(-22 for losing)\n|raw|miirza's rating: 1370 &rarr; <strong>1392<\/strong><br \/>(+22 for winning)\n","uploadtime":1583072758,"views":6,"p1id":"mongwong","p2id":"miirza","formatid":"gen8ou","rating":1392,"private":0,"password":null}