{"id":"gen8randombattle-1671426775","p1":"KuraKuraChan","p2":"Foolish Shogun","format":"gen8randombattle","log":"|j|\u2606KuraKuraChan\n|j|\u2606Foolish Shogun\n|t:|1664267094\n|gametype|singles\n|player|p1|KuraKuraChan|cynthia|1976\n|player|p2|Foolish Shogun|ghetsis-gen5bw|1989\n|teamsize|p1|6\n|teamsize|p2|6\n|gen|8\n|tier|[Gen 8] Random Battle\n|rated|\n|rule|Species Clause: Limit one of each Pok\u00e9mon\n|rule|HP Percentage Mod: HP is shown in percentages\n|rule|Sleep Clause Mod: Limit one foe put to sleep\n|\n|t:|1664267094\n|start\n|switch|p1a: Kyurem|Kyurem-White, L74|307\/307\n|switch|p2a: Mudsdale|Mudsdale, L82, F|298\/298\n|-ability|p1a: Kyurem|Turboblaze\n|turn|1\n|\n|t:|1664267106\n|switch|p2a: Incineroar|Incineroar, L80, F|283\/283\n|-ability|p2a: Incineroar|Intimidate|boost\n|-unboost|p1a: Kyurem|atk|1\n|move|p1a: Kyurem|Ice Beam|p2a: Incineroar\n|-resisted|p2a: Incineroar\n|-damage|p2a: Incineroar|223\/283\n|\n|upkeep\n|turn|2\n|\n|t:|1664267114\n|move|p1a: Kyurem|Earth Power|p2a: Incineroar\n|-supereffective|p2a: Incineroar\n|-damage|p2a: Incineroar|53\/283\n|move|p2a: Incineroar|Knock Off|p1a: Kyurem\n|-damage|p1a: Kyurem|175\/307\n|-enditem|p1a: Kyurem|Heavy-Duty Boots|[from] move: Knock Off|[of] p2a: Incineroar\n|\n|upkeep\n|turn|3\n|\n|t:|1664267137\n|move|p1a: Kyurem|Ice Beam|p2a: Incineroar\n|-resisted|p2a: Incineroar\n|-damage|p2a: Incineroar|0 fnt\n|faint|p2a: Incineroar\n|\n|upkeep\n|\n|t:|1664267140\n|switch|p2a: Barraskewda|Barraskewda, L80, F|229\/229\n|turn|4\n|\n|t:|1664267150\n|switch|p1a: Gurdurr|Gurdurr, L83, M|277\/277\n|move|p2a: Barraskewda|Close Combat|p1a: Gurdurr\n|-damage|p1a: Gurdurr|171\/277\n|-unboost|p2a: Barraskewda|def|1\n|-unboost|p2a: Barraskewda|spd|1\n|\n|upkeep\n|turn|5\n|\n|t:|1664267154\n|switch|p2a: Alcremie|Alcremie, L86, F|252\/252\n|move|p1a: Gurdurr|Drain Punch|p2a: Alcremie\n|-resisted|p2a: Alcremie\n|-damage|p2a: Alcremie|204\/252\n|-heal|p1a: Gurdurr|195\/277|[from] drain|[of] p2a: Alcremie\n|\n|-heal|p2a: Alcremie|219\/252|[from] item: Leftovers\n|upkeep\n|turn|6\n|\n|t:|1664267160\n|switch|p1a: Entei|Entei, L78|307\/307\n|move|p2a: Alcremie|Calm Mind|p2a: Alcremie\n|-boost|p2a: Alcremie|spa|1\n|-boost|p2a: Alcremie|spd|1\n|\n|-heal|p2a: Alcremie|234\/252|[from] item: Leftovers\n|upkeep\n|turn|7\n|\n|t:|1664267165\n|switch|p2a: Mudsdale|Mudsdale, L82, F|298\/298\n|move|p1a: Entei|Sacred Fire|p2a: Mudsdale\n|-damage|p2a: Mudsdale|148\/298\n|-ability|p2a: Mudsdale|Stamina|boost\n|-boost|p2a: Mudsdale|def|1\n|\n|-heal|p2a: Mudsdale|166\/298|[from] item: Leftovers\n|upkeep\n|turn|8\n|\n|t:|1664267175\n|move|p1a: Entei|Sacred Fire|p2a: Mudsdale\n|-damage|p2a: Mudsdale|67\/298\n|-status|p2a: Mudsdale|brn\n|-ability|p2a: Mudsdale|Stamina|boost\n|-boost|p2a: Mudsdale|def|1\n|move|p2a: Mudsdale|Earthquake|p1a: Entei\n|-supereffective|p1a: Entei\n|-damage|p1a: Entei|183\/307\n|\n|-heal|p2a: Mudsdale|85\/298 brn|[from] item: Leftovers\n|-damage|p2a: Mudsdale|67\/298 brn|[from] brn\n|upkeep\n|turn|9\n|\n|t:|1664267187\n|switch|p1a: Basculin|Basculin, L86, M|261\/261\n|move|p2a: Mudsdale|Earthquake|p1a: Basculin\n|-damage|p1a: Basculin|193\/261\n|\n|-heal|p2a: Mudsdale|85\/298 brn|[from] item: Leftovers\n|-damage|p2a: Mudsdale|67\/298 brn|[from] brn\n|upkeep\n|turn|10\n|\n|t:|1664267195\n|move|p1a: Basculin|Liquidation|p2a: Mudsdale\n|-supereffective|p2a: Mudsdale\n|-damage|p2a: Mudsdale|0 fnt\n|faint|p2a: Mudsdale\n|\n|upkeep\n|\n|t:|1664267208\n|switch|p2a: Alcremie|Alcremie, L86, F|234\/252\n|turn|11\n|\n|t:|1664267213\n|move|p1a: Basculin|Liquidation|p2a: Alcremie\n|-damage|p2a: Alcremie|38\/252\n|move|p2a: Alcremie|Dazzling Gleam|p1a: Basculin\n|-crit|p1a: Basculin\n|-damage|p1a: Basculin|0 fnt\n|faint|p1a: Basculin\n|\n|-heal|p2a: Alcremie|53\/252|[from] item: Leftovers\n|upkeep\n|\n|t:|1664267231\n|switch|p1a: Entei|Entei, L78|183\/307\n|turn|12\n|\n|t:|1664267237\n|move|p1a: Entei|Sacred Fire|p2a: Alcremie|[miss]\n|-miss|p1a: Entei|p2a: Alcremie\n|move|p2a: Alcremie|Calm Mind|p2a: Alcremie\n|-boost|p2a: Alcremie|spa|1\n|-boost|p2a: Alcremie|spd|1\n|\n|-heal|p2a: Alcremie|68\/252|[from] item: Leftovers\n|upkeep\n|turn|13\n|\n|t:|1664267249\n|move|p1a: Entei|Sacred Fire|p2a: Alcremie\n|-damage|p2a: Alcremie|0 fnt\n|faint|p2a: Alcremie\n|\n|upkeep\n|\n|t:|1664267252\n|switch|p2a: Barraskewda|Barraskewda, L80, F|229\/229\n|turn|14\n|\n|t:|1664267257\n|move|p2a: Barraskewda|Liquidation|p1a: Entei\n|-supereffective|p1a: Entei\n|-damage|p1a: Entei|0 fnt\n|faint|p1a: Entei\n|\n|upkeep\n|\n|t:|1664267273\n|switch|p1a: Gurdurr|Gurdurr, L83, M|195\/277\n|turn|15\n|\n|t:|1664267281\n|switch|p2a: Nidoking|Nidoking, L82, M|267\/267\n|move|p1a: Gurdurr|Bulk Up|p1a: Gurdurr\n|-boost|p1a: Gurdurr|atk|1\n|-boost|p1a: Gurdurr|def|1\n|\n|upkeep\n|turn|16\n|\n|t:|1664267286\n|move|p2a: Nidoking|Sludge Wave|p1a: Gurdurr\n|-damage|p1a: Gurdurr|39\/277\n|move|p1a: Gurdurr|Knock Off|p2a: Nidoking\n|-damage|p2a: Nidoking|141\/267\n|-enditem|p2a: Nidoking|Life Orb|[from] move: Knock Off|[of] p1a: Gurdurr\n|\n|upkeep\n|turn|17\n|\n|t:|1664267294\n|move|p1a: Gurdurr|Mach Punch|p2a: Nidoking\n|-resisted|p2a: Nidoking\n|-damage|p2a: Nidoking|106\/267\n|move|p2a: Nidoking|Sludge Wave|p1a: Gurdurr\n|-damage|p1a: Gurdurr|0 fnt\n|faint|p1a: Gurdurr\n|\n|upkeep\n|\n|t:|1664267306\n|switch|p1a: Kyurem|Kyurem-White, L74|175\/307\n|-ability|p1a: Kyurem|Turboblaze\n|turn|18\n|\n|t:|1664267315\n|move|p2a: Nidoking|Sludge Wave|p1a: Kyurem\n|-crit|p1a: Kyurem\n|-damage|p1a: Kyurem|0 fnt\n|faint|p1a: Kyurem\n|\n|upkeep\n|\n|t:|1664267318\n|switch|p1a: Flygon|Flygon, L80, F|259\/259\n|turn|19\n|\n|t:|1664267322\n|move|p1a: Flygon|Earthquake|p2a: Nidoking\n|-supereffective|p2a: Nidoking\n|-damage|p2a: Nidoking|0 fnt\n|faint|p2a: Nidoking\n|-damage|p1a: Flygon|234\/259|[from] item: Life Orb\n|\n|upkeep\n|\n|t:|1664267325\n|switch|p2a: Barraskewda|Barraskewda, L80, F|229\/229\n|turn|20\n|\n|t:|1664267330\n|-start|p2a: Barraskewda|Dynamax|\n|-heal|p2a: Barraskewda|458\/458|[silent]\n|move|p2a: Barraskewda|Max Geyser|p1a: Flygon\n|-damage|p1a: Flygon|66\/259\n|-weather|RainDance\n|move|p1a: Flygon|Dragon Dance|p1a: Flygon\n|-boost|p1a: Flygon|atk|1\n|-boost|p1a: Flygon|spe|1\n|\n|-weather|RainDance|[upkeep]\n|upkeep\n|turn|21\n|\n|t:|1664267336\n|-start|p1a: Flygon|Dynamax|\n|-heal|p1a: Flygon|132\/518|[silent]\n|move|p1a: Flygon|Max Guard|p1a: Flygon\n|-singleturn|p1a: Flygon|Max Guard\n|move|p2a: Barraskewda|Max Knuckle|p1a: Flygon\n|-activate|p1a: Flygon|move: Max Guard\n|\n|-weather|RainDance|[upkeep]\n|upkeep\n|turn|22\n|\n|t:|1664267358\n|move|p2a: Barraskewda|Max Knuckle|p1a: Flygon\n|-damage|p1a: Flygon|41\/518\n|-boost|p2a: Barraskewda|atk|1\n|move|p1a: Flygon|Max Flare|p2a: Barraskewda\n|-resisted|p2a: Barraskewda\n|-damage|p2a: Barraskewda|402\/458\n|-weather|SunnyDay\n|-damage|p1a: Flygon|16\/518|[from] item: Life Orb\n|\n|-weather|SunnyDay|[upkeep]\n|upkeep\n|-end|p2a: Barraskewda|Dynamax\n|-heal|p2a: Barraskewda|201\/229|[silent]\n|turn|23\n|\n|t:|1664267366\n|move|p1a: Flygon|Max Wyrmwind|p2a: Barraskewda\n|-damage|p2a: Barraskewda|0 fnt\n|faint|p2a: Barraskewda\n|-damage|p1a: Flygon|0 fnt|[from] item: Life Orb\n|faint|p1a: Flygon\n|\n|-weather|SunnyDay|[upkeep]\n|upkeep\n|\n|t:|1664267374\n|switch|p2a: Blaziken|Blaziken, L76, F|247\/247\n|switch|p1a: Quagsire|Quagsire, L84, M|297\/297\n|turn|24\n|\n|t:|1664267380\n|move|p2a: Blaziken|Close Combat|p1a: Quagsire\n|-damage|p1a: Quagsire|116\/297\n|-unboost|p2a: Blaziken|def|1\n|-unboost|p2a: Blaziken|spd|1\n|move|p1a: Quagsire|Earthquake|p2a: Blaziken\n|-supereffective|p2a: Blaziken\n|-damage|p2a: Blaziken|13\/247\n|\n|-weather|SunnyDay|[upkeep]\n|-heal|p1a: Quagsire|134\/297|[from] item: Leftovers\n|-ability|p2a: Blaziken|Speed Boost|boost\n|-boost|p2a: Blaziken|spe|1\n|upkeep\n|turn|25\n|\n|t:|1664267391\n|move|p2a: Blaziken|Close Combat|p1a: Quagsire\n|-damage|p1a: Quagsire|0 fnt\n|-unboost|p2a: Blaziken|def|1\n|-unboost|p2a: Blaziken|spd|1\n|faint|p1a: Quagsire\n|\n|win|Foolish Shogun\n|raw|KuraKuraChan's rating: 1976 &rarr; <strong>1957<\/strong><br \/>(-19 for losing)\n|raw|Foolish Shogun's rating: 1989 &rarr; <strong>2008<\/strong><br \/>(+19 for winning)\n|l|\u2606Foolish Shogun\n","inputlog":">version 806e56ea67f2f748d4b403b3f5b33d56e25d3f7a\n>start {\"formatid\":\"gen8randombattle\",\"seed\":[14569,15037,14180,10988],\"rated\":\"Rated battle\"}\n>player p1 {\"name\":\"KuraKuraChan\",\"avatar\":\"cynthia\",\"rating\":1976,\"seed\":[46255,56104,14010,32618]}\n>player p2 {\"name\":\"Foolish Shogun\",\"avatar\":\"ghetsis-gen5bw\",\"rating\":1989,\"seed\":[42307,56294,51515,46736]}\n>p1 move icebeam\n>p2 switch 6\n>p1 move earthpower\n>p2 move knockoff\n>p1 move icebeam\n>p2 move willowisp\n>p2 switch 2\n>p1 switch 6\n>p2 move closecombat\n>p1 move drainpunch\n>p2 switch 3\n>p1 switch 2\n>p2 move calmmind\n>p1 move sacredfire\n>p2 switch 6\n>p1 move sacredfire\n>p2 move earthquake\n>p1 switch 4\n>p2 move earthquake\n>p1 move liquidation\n>p2 move stealthrock\n>p2 switch 6\n>p1 move liquidation\n>p2 move dazzlinggleam\n>p1 switch 4\n>p1 move sacredfire\n>p2 move calmmind\n>p1 move sacredfire\n>p2 move dazzlinggleam\n>p2 switch 3\n>p1 move sacredfire\n>p2 move liquidation\n>p1 switch 2\n>p1 move bulkup\n>p2 switch 4\n>p1 move knockoff\n>p2 move sludgewave\n>p1 move machpunch\n>p2 move sludgewave\n>p1 switch 6\n>p1 move earthpower\n>p2 move sludgewave\n>p1 switch 5\n>p1 move earthquake\n>p2 move icebeam\n>p2 switch 4\n>p1 move dragondance\n>p2 move liquidation dynamax\n>p1 move dragondance dynamax\n>p2 move closecombat dynamax\n>p1 move firepunch dynamax\n>p2 move closecombat dynamax\n>p1 move outrage dynamax\n>p2 move liquidation\n>p1 switch 3\n>p2 switch 5\n>p1 move earthquake\n>p2 move closecombat\n>p1 move recover\n>p2 move closecombat","uploadtime":1664267472,"views":12,"p1id":"kurakurachan","p2id":"foolishshogun","formatid":"gen8randombattle","rating":1957,"private":0,"password":null}