{"id":"gen8ou-1629225786","p1":"reionatro","p2":"LT91BB sgpg","format":"gen8ou","log":"|raw|<div class=\"broadcast-blue\"><strong>This battle is required to be public due to a player having a name starting with 'lt91bb'.<\/div>\n|j|\u2606reionatro\n|j|\u2606LT91BB sgpg\n|t:|1659280156\n|gametype|singles\n|player|p1|reionatro|1|1424\n|player|p2|LT91BB sgpg|unknownf|1418\n|teamsize|p1|6\n|teamsize|p2|6\n|gen|8\n|tier|[Gen 8] OU\n|rated|\n|rule|Sleep Clause Mod: Limit one foe put to sleep\n|rule|Species Clause: Limit one of each Pok\u00e9mon\n|rule|OHKO Clause: OHKO moves are banned\n|rule|Evasion Moves Clause: Evasion moves are banned\n|rule|Endless Battle Clause: Forcing endless battles is banned\n|rule|HP Percentage Mod: HP is shown in percentages\n|rule|Dynamax Clause: You cannot dynamax\n|clearpoke\n|poke|p1|Cresselia, F|\n|poke|p1|Clefable, F|\n|poke|p1|Quagsire, F|\n|poke|p1|Skarmory, F|\n|poke|p1|Zapdos|\n|poke|p1|Toxapex, F|\n|poke|p2|Dragapult, M|\n|poke|p2|Zeraora|\n|poke|p2|Weavile, M|\n|poke|p2|Mew|\n|poke|p2|Dragonite, M|\n|poke|p2|Cloyster, F|\n|teampreview\n|c|\u2606reionatro|hf\n|c|\u2606LT91BB sgpg|u2\n|\n|t:|1659280192\n|start\n|switch|p1a: Clefable|Clefable, F|100\/100\n|switch|p2a: Mew|Mew|100\/100\n|turn|1\n|\n|t:|1659280202\n|move|p2a: Mew|Taunt|p1a: Clefable\n|-start|p1a: Clefable|move: Taunt\n|cant|p1a: Clefable|move: Taunt|Stealth Rock\n|\n|upkeep\n|turn|2\n|\n|t:|1659280210\n|move|p2a: Mew|Stealth Rock|p1a: Clefable\n|-sidestart|p1: reionatro|move: Stealth Rock\n|move|p1a: Clefable|Moonblast|p2a: Mew\n|-damage|p2a: Mew|76\/100\n|\n|upkeep\n|turn|3\n|\n|t:|1659280221\n|move|p2a: Mew|Spikes|p1a: Clefable\n|-sidestart|p1: reionatro|Spikes\n|move|p1a: Clefable|Moonblast|p2a: Mew\n|-damage|p2a: Mew|50\/100\n|-unboost|p2a: Mew|spa|1\n|\n|-end|p1a: Clefable|move: Taunt\n|upkeep\n|turn|4\n|\n|t:|1659280240\n|switch|p1a: Skarmory|Skarmory, F|100\/100\n|-damage|p1a: Skarmory|88\/100|[from] Stealth Rock\n|move|p2a: Mew|Taunt|p1a: Skarmory\n|-start|p1a: Skarmory|move: Taunt\n|\n|upkeep\n|turn|5\n|\n|t:|1659280252\n|switch|p1a: Zapdos|Zapdos|100\/100\n|-ability|p1a: Zapdos|Pressure\n|move|p2a: Mew|Thunder Wave|p1a: Zapdos\n|-immune|p1a: Zapdos\n|\n|upkeep\n|turn|6\n|\n|t:|1659280261\n|move|p2a: Mew|Taunt|p1a: Zapdos\n|-start|p1a: Zapdos|move: Taunt\n|move|p1a: Zapdos|Hurricane|p2a: Mew\n|-damage|p2a: Mew|13\/100\n|-start|p2a: Mew|confusion\n|\n|upkeep\n|turn|7\n|\n|t:|1659280280\n|-activate|p2a: Mew|confusion\n|-damage|p2a: Mew|6\/100|[from] confusion\n|move|p1a: Zapdos|Volt Switch|p2a: Mew\n|-damage|p2a: Mew|0 fnt\n|faint|p2a: Mew\n|\n|t:|1659280286\n|switch|p1a: Clefable|Clefable, F|100\/100|[from]move: Volt Switch\n|\n|upkeep\n|\n|t:|1659280313\n|switch|p2a: Weavile|Weavile, M|100\/100\n|-ability|p2a: Weavile|Pressure\n|turn|8\n|\n|t:|1659280322\n|move|p2a: Weavile|Triple Axel|p1a: Clefable\n|-damage|p1a: Clefable|90\/100\n|-damage|p1a: Clefable|68\/100\n|-hitcount|p1a: Clefable|2\n|-damage|p2a: Weavile|91\/100|[from] item: Life Orb\n|move|p1a: Clefable|Moonblast|p2a: Weavile\n|-supereffective|p2a: Weavile\n|-damage|p2a: Weavile|7\/100\n|-unboost|p2a: Weavile|spa|1\n|\n|upkeep\n|turn|9\n|\n|t:|1659280342\n|switch|p1a: Toxapex|Toxapex, F|100\/100\n|-damage|p1a: Toxapex|88\/100|[from] Stealth Rock\n|-damage|p1a: Toxapex|76\/100|[from] Spikes\n|move|p2a: Weavile|Knock Off|p1a: Toxapex\n|-damage|p1a: Toxapex|27\/100\n|-enditem|p1a: Toxapex|Shed Shell|[from] move: Knock Off|[of] p2a: Weavile\n|-damage|p2a: Weavile|0 fnt|[from] item: Life Orb\n|faint|p2a: Weavile\n|\n|upkeep\n|\n|t:|1659280369\n|switch|p2a: Cloyster|Cloyster, F|100\/100\n|turn|10\n|\n|t:|1659280404\n|move|p2a: Cloyster|Icicle Spear|p1a: Toxapex\n|-resisted|p1a: Toxapex\n|-damage|p1a: Toxapex|21\/100\n|-resisted|p1a: Toxapex\n|-damage|p1a: Toxapex|14\/100\n|-resisted|p1a: Toxapex\n|-damage|p1a: Toxapex|8\/100\n|-resisted|p1a: Toxapex\n|-damage|p1a: Toxapex|2\/100\n|-resisted|p1a: Toxapex\n|-damage|p1a: Toxapex|0 fnt\n|faint|p1a: Toxapex\n|-hitcount|p1: Toxapex|5\n|-damage|p2a: Cloyster|91\/100|[from] item: Life Orb\n|\n|upkeep\n|\n|t:|1659280417\n|switch|p1a: Zapdos|Zapdos|100\/100\n|-ability|p1a: Zapdos|Pressure\n|turn|11\n|\n|t:|1659280425\n|switch|p2a: Zeraora|Zeraora|100\/100\n|move|p1a: Zapdos|Volt Switch|p2a: Zeraora\n|-immune|p2a: Zeraora|[from] ability: Volt Absorb\n|\n|upkeep\n|turn|12\n|\n|t:|1659280437\n|move|p2a: Zeraora|Knock Off|p1a: Zapdos\n|-damage|p1a: Zapdos|72\/100\n|-enditem|p1a: Zapdos|Heavy-Duty Boots|[from] move: Knock Off|[of] p2a: Zeraora\n|move|p1a: Zapdos|Defog|p2a: Zeraora\n|-unboost|p2a: Zeraora|evasion|1\n|-sideend|p1: reionatro|Spikes|[from] move: Defog|[of] p1a: Zapdos\n|-sideend|p1: reionatro|Stealth Rock|[from] move: Defog|[of] p1a: Zapdos\n|\n|upkeep\n|turn|13\n|\n|t:|1659280448\n|move|p2a: Zeraora|Bulk Up|p2a: Zeraora\n|-boost|p2a: Zeraora|atk|1\n|-boost|p2a: Zeraora|def|1\n|move|p1a: Zapdos|Hurricane|p2a: Zeraora\n|-resisted|p2a: Zeraora\n|-damage|p2a: Zeraora|72\/100\n|\n|upkeep\n|turn|14\n|c|\u2606LT91BB sgpg|yea dont think this team can beat stall\n|c|\u2606LT91BB sgpg|nice build tho\n|c|\u2606LT91BB sgpg|maybe consider hatterene instead of cress too\n|\n|t:|1659280487\n|switch|p1a: Quagsire|Quagsire, F|100\/100\n|move|p2a: Zeraora|Knock Off|p1a: Quagsire\n|-damage|p1a: Quagsire|79\/100\n|-enditem|p1a: Quagsire|Leftovers|[from] move: Knock Off|[of] p2a: Zeraora\n|\n|upkeep\n|turn|15\n|\n|t:|1659280505\n|move|p2a: Zeraora|Close Combat|p1a: Quagsire\n|-damage|p1a: Quagsire|53\/100\n|-unboost|p2a: Zeraora|def|1\n|-unboost|p2a: Zeraora|spd|1\n|move|p1a: Quagsire|Earthquake|p2a: Zeraora\n|-supereffective|p2a: Zeraora\n|-damage|p2a: Zeraora|0 fnt\n|faint|p2a: Zeraora\n|\n|upkeep\n|\n|t:|1659280518\n|switch|p2a: Cloyster|Cloyster, F|91\/100\n|turn|16\n|\n|t:|1659280546\n|move|p2a: Cloyster|Icicle Spear|p1a: Quagsire\n|-damage|p1a: Quagsire|41\/100\n|-damage|p1a: Quagsire|30\/100\n|-damage|p1a: Quagsire|18\/100\n|-damage|p1a: Quagsire|5\/100\n|-damage|p1a: Quagsire|0 fnt\n|faint|p1a: Quagsire\n|-hitcount|p1: Quagsire|5\n|-damage|p2a: Cloyster|81\/100|[from] item: Life Orb\n|\n|upkeep\n|\n|t:|1659280551\n|switch|p1a: Zapdos|Zapdos|72\/100\n|-ability|p1a: Zapdos|Pressure\n|turn|17\n|\n|t:|1659280564\n|switch|p2a: Dragonite|Dragonite, M|100\/100\n|move|p1a: Zapdos|Volt Switch|p2a: Dragonite\n|-damage|p2a: Dragonite|86\/100\n|\n|t:|1659280568\n|switch|p1a: Clefable|Clefable, F|68\/100|[from]move: Volt Switch\n|\n|upkeep\n|turn|18\n|\n|t:|1659280578\n|move|p2a: Dragonite|Dragon Dance|p2a: Dragonite\n|-boost|p2a: Dragonite|atk|1\n|-boost|p2a: Dragonite|spe|1\n|move|p1a: Clefable|Moonblast|p2a: Dragonite\n|-supereffective|p2a: Dragonite\n|-damage|p2a: Dragonite|21\/100\n|\n|upkeep\n|turn|19\n|\n|t:|1659280587\n|move|p2a: Dragonite|Dual Wingbeat|p1a: Clefable\n|-damage|p1a: Clefable|43\/100\n|-damage|p1a: Clefable|18\/100\n|-hitcount|p1a: Clefable|2\n|move|p1a: Clefable|Moonblast|p2a: Dragonite\n|-supereffective|p2a: Dragonite\n|-damage|p2a: Dragonite|0 fnt\n|faint|p2a: Dragonite\n|\n|upkeep\n|\n|t:|1659280602\n|switch|p2a: Cloyster|Cloyster, F|81\/100\n|turn|20\n|\n|t:|1659280609\n|move|p2a: Cloyster|Icicle Spear|p1a: Clefable\n|-damage|p1a: Clefable|5\/100\n|-damage|p1a: Clefable|0 fnt\n|faint|p1a: Clefable\n|-hitcount|p1: Clefable|2\n|-damage|p2a: Cloyster|71\/100|[from] item: Life Orb\n|\n|upkeep\n|\n|t:|1659280612\n|switch|p1a: Zapdos|Zapdos|72\/100\n|-ability|p1a: Zapdos|Pressure\n|turn|21\n|\n|t:|1659280622\n|move|p1a: Zapdos|Volt Switch|p2a: Cloyster\n|-supereffective|p2a: Cloyster\n|-damage|p2a: Cloyster|0 fnt\n|faint|p2a: Cloyster\n|\n|t:|1659280626\n|switch|p1a: Cresselia|Cresselia, F|100\/100|[from]move: Volt Switch\n|\n|upkeep\n|c|\u2606LT91BB sgpg|gg\n|c|\u2606reionatro|gg\n|\n|t:|1659280636\n|switch|p2a: Dragapult|Dragapult, M|100\/100\n|turn|22\n|\n|t:|1659280640\n|move|p2a: Dragapult|Dragon Dance|p2a: Dragapult\n|-boost|p2a: Dragapult|atk|1\n|-boost|p2a: Dragapult|spe|1\n|move|p1a: Cresselia|Ice Beam|p2a: Dragapult\n|-supereffective|p2a: Dragapult\n|-damage|p2a: Dragapult|53\/100\n|\n|upkeep\n|turn|23\n|\n|t:|1659280647\n|move|p2a: Dragapult|Phantom Force||[still]\n|-prepare|p2a: Dragapult|Phantom Force\n|move|p1a: Cresselia|Ice Beam|p2a: Dragapult|[miss]\n|-miss|p1a: Cresselia|p2a: Dragapult\n|\n|upkeep\n|turn|24\n|\n|t:|1659280652\n|move|p2a: Dragapult|Phantom Force|p1a: Cresselia|[from]lockedmove\n|-supereffective|p1a: Cresselia\n|-damage|p1a: Cresselia|7\/100\n|move|p1a: Cresselia|Ice Beam|p2a: Dragapult\n|-supereffective|p2a: Dragapult\n|-damage|p2a: Dragapult|8\/100\n|\n|-heal|p1a: Cresselia|13\/100|[from] item: Leftovers\n|upkeep\n|turn|25\n|\n|t:|1659280664\n|move|p2a: Dragapult|Dragon Darts|p1a: Cresselia\n|-damage|p1a: Cresselia|0 fnt\n|faint|p1a: Cresselia\n|\n|upkeep\n|\n|t:|1659280670\n|switch|p1a: Zapdos|Zapdos|72\/100\n|-ability|p1a: Zapdos|Pressure\n|turn|26\n|\n|t:|1659280676\n|move|p2a: Dragapult|Dragon Darts|p1a: Zapdos\n|-damage|p1a: Zapdos|24\/100\n|-anim|p2a: Dragapult|Dragon Darts|p1a: Zapdos\n|-damage|p1a: Zapdos|0 fnt\n|faint|p1a: Zapdos\n|\n|upkeep\n|\n|t:|1659280679\n|switch|p1a: Skarmory|Skarmory, F|88\/100\n|turn|27\n|\n|t:|1659280689\n|move|p2a: Dragapult|Phantom Force||[still]\n|-prepare|p2a: Dragapult|Phantom Force\n|move|p1a: Skarmory|Toxic|p2a: Dragapult|[miss]\n|-miss|p1a: Skarmory|p2a: Dragapult\n|\n|upkeep\n|turn|28\n|\n|t:|1659280693\n|move|p2a: Dragapult|Phantom Force|p1a: Skarmory|[from]lockedmove\n|-damage|p1a: Skarmory|45\/100\n|move|p1a: Skarmory|Toxic|p2a: Dragapult\n|-status|p2a: Dragapult|tox\n|\n|-damage|p2a: Dragapult|2\/100 tox|[from] psn\n|upkeep\n|turn|29\n|\n|t:|1659280700\n|move|p2a: Dragapult|Dragon Darts|p1a: Skarmory\n|-resisted|p1a: Skarmory\n|-damage|p1a: Skarmory|29\/100\n|-anim|p2a: Dragapult|Dragon Darts|p1a: Skarmory\n|-resisted|p1a: Skarmory\n|-damage|p1a: Skarmory|14\/100\n|move|p1a: Skarmory|Roost|p1a: Skarmory\n|-heal|p1a: Skarmory|64\/100\n|-singleturn|p1a: Skarmory|move: Roost\n|\n|-damage|p2a: Dragapult|0 fnt|[from] psn\n|faint|p2a: Dragapult\n|\n|win|reionatro\n|upkeep\n|raw|reionatro's rating: 1406 &rarr; <strong>1427<\/strong><br \/>(+21 for winning)\n|raw|LT91BB sgpg's rating: 1418 &rarr; <strong>1397<\/strong><br \/>(-21 for losing)\n|l|\u2606reionatro\n||Ladder isn't responding, score probably updated but might not have (Request timeout).\n","uploadtime":1659280856,"views":54,"p1id":"reionatro","p2id":"lt91bbsgpg","formatid":"gen8ou","rating":1397,"private":0,"password":null}