{"id":"gen8randombattle-1390189397","p1":"TripleWeatherBall","p2":"Chaud74","format":"gen8randombattle","log":"|j|\u2606TripleWeatherBall\n|j|\u2606Chaud74\n|t:|1628100045\n|gametype|singles\n|player|p1|TripleWeatherBall|2|1729\n|player|p2|Chaud74|266|1862\n|teamsize|p1|6\n|teamsize|p2|6\n|gen|8\n|tier|[Gen 8] Random Battle\n|rated|\n|rule|Species Clause: Limit one of each Pok\u00e9mon\n|rule|HP Percentage Mod: HP is shown in percentages\n|rule|Sleep Clause Mod: Limit one foe put to sleep\n|\n|t:|1628100045\n|start\n|switch|p1a: Magearna|Magearna-Original, L76|247\/247\n|switch|p2a: Kyogre|Kyogre, L72|263\/263\n|-weather|RainDance|[from] ability: Drizzle|[of] p2a: Kyogre\n|turn|1\n|inactive|Battle timer is ON: inactive players will automatically lose when time's up. (requested by TripleWeatherBall)\n|\n|t:|1628100062\n|switch|p1a: Cradily|Cradily, L86, F|288\/288\n|move|p2a: Kyogre|Origin Pulse|p1a: Cradily\n|-ability|p1a: Cradily|Storm Drain|boost\n|-boost|p1a: Cradily|spa|1\n|\n|-weather|RainDance|[upkeep]\n|upkeep\n|turn|2\n|\n|t:|1628100077\n|switch|p2a: Heracross|Heracross, L82, M|265\/265\n|switch|p1a: Mandibuzz|Mandibuzz, L82, F|315\/315\n|\n|-weather|RainDance|[upkeep]\n|-status|p2a: Heracross|brn|[from] item: Flame Orb\n|upkeep\n|turn|3\n|\n|t:|1628100087\n|switch|p2a: Aggron|Aggron, L85, F|258\/258\n|-item|p2a: Aggron|Air Balloon\n|move|p1a: Mandibuzz|Brave Bird|p2a: Aggron\n|-resisted|p2a: Aggron\n|-damage|p2a: Aggron|246\/258\n|-enditem|p2a: Aggron|Air Balloon\n|-damage|p1a: Mandibuzz|311\/315|[from] Recoil\n|\n|-weather|RainDance|[upkeep]\n|upkeep\n|turn|4\n|\n|t:|1628100098\n|switch|p1a: Palossand|Palossand, L86, F|286\/286\n|move|p2a: Aggron|Stealth Rock|p1a: Palossand\n|-sidestart|p1: TripleWeatherBall|move: Stealth Rock\n|\n|-weather|RainDance|[upkeep]\n|upkeep\n|turn|5\n|\n|t:|1628100111\n|switch|p2a: Noctowl|Noctowl, L88, M|319\/319\n|move|p1a: Palossand|Shadow Ball|p2a: Noctowl\n|-immune|p2a: Noctowl\n|\n|-weather|none\n|upkeep\n|turn|6\n|\n|t:|1628100119\n|move|p2a: Noctowl|Nasty Plot|p2a: Noctowl\n|-boost|p2a: Noctowl|spa|2\n|move|p1a: Palossand|Toxic|p2a: Noctowl\n|-status|p2a: Noctowl|tox\n|\n|-damage|p2a: Noctowl|300\/319 tox|[from] psn\n|upkeep\n|turn|7\n|\n|t:|1628100128\n|switch|p1a: Stakataka|Stakataka, L80|229\/229\n|-damage|p1a: Stakataka|215\/229|[from] Stealth Rock\n|move|p2a: Noctowl|Nasty Plot|p2a: Noctowl\n|-boost|p2a: Noctowl|spa|2\n|\n|-damage|p2a: Noctowl|262\/319 tox|[from] psn\n|upkeep\n|turn|8\n|\n|t:|1628100137\n|move|p2a: Noctowl|Heat Wave|p1a: Stakataka\n|-damage|p1a: Stakataka|18\/229\n|move|p1a: Stakataka|Gyro Ball|p2a: Noctowl\n|-damage|p2a: Noctowl|0 fnt\n|faint|p2a: Noctowl\n|-ability|p1a: Stakataka|Beast Boost|boost\n|-boost|p1a: Stakataka|def|1\n|\n|upkeep\n|\n|t:|1628100163\n|switch|p2a: Heracross|Heracross, L82, M|265\/265 brn\n|turn|9\n|\n|t:|1628100166\n|move|p2a: Heracross|Knock Off|p1a: Stakataka\n|-damage|p1a: Stakataka|0 fnt\n|-enditem|p1a: Stakataka|Choice Band|[from] move: Knock Off|[of] p2a: Heracross\n|faint|p1a: Stakataka\n|\n|-damage|p2a: Heracross|249\/265 brn|[from] brn\n|upkeep\n|\n|t:|1628100170\n|switch|p1a: Mandibuzz|Mandibuzz, L82, F|311\/315\n|turn|10\n|\n|t:|1628100176\n|switch|p2a: Aggron|Aggron, L85, F|246\/258\n|move|p1a: Mandibuzz|Brave Bird|p2a: Aggron\n|-resisted|p2a: Aggron\n|-damage|p2a: Aggron|233\/258\n|-damage|p1a: Mandibuzz|307\/315|[from] Recoil\n|\n|upkeep\n|turn|11\n|\n|t:|1628100186\n|switch|p1a: Palossand|Palossand, L86, F|286\/286\n|-damage|p1a: Palossand|269\/286|[from] Stealth Rock\n|move|p2a: Aggron|Heavy Slam|p1a: Palossand\n|-damage|p1a: Palossand|232\/286\n|\n|-heal|p1a: Palossand|249\/286|[from] item: Leftovers\n|upkeep\n|turn|12\n|\n|t:|1628100200\n|switch|p2a: Kyogre|Kyogre, L72|263\/263\n|-weather|RainDance|[from] ability: Drizzle|[of] p2a: Kyogre\n|move|p1a: Palossand|Shadow Ball|p2a: Kyogre\n|-damage|p2a: Kyogre|193\/263\n|-unboost|p2a: Kyogre|spd|1\n|\n|-weather|RainDance|[upkeep]\n|-heal|p2a: Kyogre|209\/263|[from] item: Leftovers\n|-heal|p1a: Palossand|266\/286|[from] item: Leftovers\n|upkeep\n|turn|13\n|\n|t:|1628100213\n|move|p2a: Kyogre|Ice Beam|p1a: Palossand\n|-supereffective|p1a: Palossand\n|-damage|p1a: Palossand|114\/286\n|move|p1a: Palossand|Earth Power|p2a: Kyogre\n|-damage|p2a: Kyogre|76\/263\n|\n|-weather|RainDance|[upkeep]\n|-heal|p2a: Kyogre|92\/263|[from] item: Leftovers\n|-heal|p1a: Palossand|131\/286|[from] item: Leftovers\n|upkeep\n|turn|14\n|\n|t:|1628100224\n|move|p2a: Kyogre|Ice Beam|p1a: Palossand\n|-supereffective|p1a: Palossand\n|-crit|p1a: Palossand\n|-damage|p1a: Palossand|0 fnt\n|faint|p1a: Palossand\n|\n|-weather|RainDance|[upkeep]\n|-heal|p2a: Kyogre|108\/263|[from] item: Leftovers\n|upkeep\n|\n|t:|1628100234\n|switch|p1a: Mandibuzz|Mandibuzz, L82, F|307\/315\n|turn|15\n|\n|t:|1628100240\n|move|p1a: Mandibuzz|Foul Play|p2a: Kyogre\n|-damage|p2a: Kyogre|33\/263\n|move|p2a: Kyogre|Thunder|p1a: Mandibuzz\n|-supereffective|p1a: Mandibuzz\n|-damage|p1a: Mandibuzz|153\/315\n|\n|-weather|RainDance|[upkeep]\n|-heal|p2a: Kyogre|49\/263|[from] item: Leftovers\n|upkeep\n|turn|16\n|\n|t:|1628100252\n|switch|p2a: Aggron|Aggron, L85, F|233\/258\n|move|p1a: Mandibuzz|Foul Play|p2a: Aggron\n|-damage|p2a: Aggron|172\/258\n|\n|-weather|none\n|upkeep\n|turn|17\n|\n|t:|1628100260\n|move|p1a: Mandibuzz|Foul Play|p2a: Aggron\n|-damage|p2a: Aggron|112\/258\n|move|p2a: Aggron|Head Smash|p1a: Mandibuzz\n|-supereffective|p1a: Mandibuzz\n|-damage|p1a: Mandibuzz|0 fnt\n|faint|p1a: Mandibuzz\n|\n|upkeep\n|\n|t:|1628100266\n|switch|p1a: Magearna|Magearna-Original, L76|247\/247\n|-damage|p1a: Magearna|232\/247|[from] Stealth Rock\n|turn|18\n|\n|t:|1628100274\n|move|p1a: Magearna|Agility|p1a: Magearna\n|-boost|p1a: Magearna|spe|2\n|move|p2a: Aggron|Earthquake|p1a: Magearna\n|-supereffective|p1a: Magearna\n|-damage|p1a: Magearna|92\/247\n|\n|-heal|p1a: Magearna|107\/247|[from] item: Leftovers\n|upkeep\n|turn|19\n|\n|t:|1628100289\n|-start|p1a: Magearna|Dynamax\n|-heal|p1a: Magearna|214\/494|[silent]\n|move|p1a: Magearna|Max Steelspike|p2a: Aggron\n|-damage|p2a: Aggron|0 fnt\n|-boost|p1a: Magearna|def|1\n|faint|p2a: Aggron\n|-ability|p1a: Magearna|Soul-Heart|boost\n|-boost|p1a: Magearna|spa|1\n|\n|-heal|p1a: Magearna|229\/494|[from] item: Leftovers\n|upkeep\n|\n|t:|1628100306\n|switch|p2a: Kyogre|Kyogre, L72|49\/263\n|-weather|RainDance|[from] ability: Drizzle|[of] p2a: Kyogre\n|turn|20\n|\n|t:|1628100315\n|move|p1a: Magearna|Max Starfall|p2a: Kyogre\n|-damage|p2a: Kyogre|0 fnt\n|-fieldstart|move: Misty Terrain\n|faint|p2a: Kyogre\n|-ability|p1a: Magearna|Soul-Heart|boost\n|-boost|p1a: Magearna|spa|1\n|\n|-weather|RainDance|[upkeep]\n|-heal|p1a: Magearna|244\/494|[from] item: Leftovers\n|upkeep\n|inactive|Chaud74 has 120 seconds left.\n|-message|Chaud74 forfeited.\n|\n|win|TripleWeatherBall\n|l|\u2606Chaud74\n|raw|TripleWeatherBall's rating: 1730 &rarr; <strong>1757<\/strong><br \/>(+27 for winning)\n|raw|Chaud74's rating: 1862 &rarr; <strong>1835<\/strong><br \/>(-27 for losing)\n||Ladder isn't responding, score probably updated but might not have (Request timeout).\n","inputlog":">version 3aa9934e65504e4169c96cce20def7f219a6546d\n>start {\"formatid\":\"gen8randombattle\",\"seed\":[23303,40436,43811,25142],\"rated\":\"Rated battle\"}\n>player p1 {\"name\":\"TripleWeatherBall\",\"avatar\":\"2\",\"rating\":1729,\"seed\":[17584,55190,35750,60771]}\n>player p2 {\"name\":\"Chaud74\",\"avatar\":\"266\",\"rating\":1862,\"seed\":[57526,20522,44082,56114]}\n>p1 switch 4\n>p2 move originpulse\n>p1 switch 3\n>p2 switch 6\n>p1 move bravebird\n>p2 switch 3\n>p1 switch 2\n>p2 move stealthrock\n>p1 move shadowball\n>p2 switch 2\n>p1 move toxic\n>p2 move nastyplot\n>p1 switch 5\n>p2 move nastyplot\n>p1 move gyroball\n>p2 move heatwave\n>p2 switch 3\n>p1 move gyroball\n>p2 move knockoff\n>p1 switch 2\n>p1 move bravebird\n>p2 switch 2\n>p1 switch 5\n>p2 move heavyslam\n>p1 move shadowball\n>p2 switch 6\n>p1 move earthpower\n>p2 move icebeam\n>p1 move earthpower\n>p2 move icebeam\n>p1 switch 5\n>p1 move foulplay\n>p2 move thunder\n>p1 move foulplay\n>p2 switch 6\n>p1 move foulplay\n>p2 move headsmash\n>p1 switch 4\n>p1 move agility\n>p2 move earthquake\n>p1 move flashcannon dynamax\n>p2 move earthquake\n>p2 switch 6\n>p1 move fleurcannon dynamax\n>p2 move thunder\n>forcelose p2","uploadtime":1628100366,"views":3,"p1id":"tripleweatherball","p2id":"chaud74","formatid":"gen8randombattle","rating":1757,"private":0,"password":null}