{"id":"gen8ou-1092349184","p1":"mongwong","p2":"HanakoToast","format":"gen8ou","log":"|j|\u2606mongwong\n|j|\u2606HanakoToast\n|player|p1|mongwong|169|1348\n|player|p2|HanakoToast|gardenia|1344\n|teamsize|p1|6\n|teamsize|p2|6\n|gametype|singles\n|gen|8\n|tier|[Gen 8] OU\n|rated|\n|html|<div class=\"broadcast-red\"><strong>OU is currently suspecting Melmetal! For information on how to participate check out the <a href=\"https:\/\/www.smogon.com\/forums\/threads\/3662190\/\">suspect thread<\/a>.<\/strong><\/div>\n|clearpoke\n|poke|p1|Hippowdon, F|\n|poke|p1|Darmanitan, M|\n|poke|p1|Hatterene, F|\n|poke|p1|Gastrodon, M|\n|poke|p1|Kyurem|\n|poke|p1|Corviknight, F|\n|poke|p2|Durant, F|\n|poke|p2|Dusknoir, M|\n|poke|p2|Melmetal|\n|poke|p2|Mew|\n|poke|p2|Ferrothorn, M|\n|poke|p2|Dragapult, M|\n|rule|Sleep Clause Mod: Limit one foe put to sleep\n|rule|Species Clause: Limit one of each Pok\u00e9mon\n|rule|OHKO Clause: OHKO moves are banned\n|rule|Evasion Moves Clause: Evasion moves are banned\n|rule|Endless Battle Clause: Forcing endless battles is banned\n|rule|HP Percentage Mod: HP is shown in percentages\n|rule|Dynamax Clause: You cannot dynamax\n|teampreview\n|j| B Name\n|j| Allqua\n|j| Eat Bedsheet\n|j| Aunty Draculina\n|j| bully ranger\n|j| PinkLoppuny\n|inactive|Battle timer is ON: inactive players will automatically lose when time's up. (requested by mongwong)\n|\n|start\n|switch|p1a: Darmanitan|Darmanitan, M|100\/100\n|switch|p2a: floor degrader|Mew|100\/100\n|turn|1\n|j| pingas fart\n|\n|move|p1a: Darmanitan|U-turn|p2a: floor degrader\n|-supereffective|p2a: floor degrader\n|-damage|p2a: floor degrader|55\/100\n|\n|switch|p1a: Hatterene|Hatterene, F|100\/100|[from]move: U-turn\n|move|p2a: floor degrader|Flare Blitz|p1a: Hatterene\n|-damage|p1a: Hatterene|79\/100\n|-damage|p2a: floor degrader|49\/100|[from] Recoil\n|\n|-heal|p1a: Hatterene|85\/100|[from] item: Leftovers\n|upkeep\n|turn|2\n|\n|switch|p2a: Prickle Pickle|Ferrothorn, M|100\/100\n|move|p1a: Hatterene|Calm Mind|p1a: Hatterene\n|-boost|p1a: Hatterene|spa|1\n|-boost|p1a: Hatterene|spd|1\n|\n|-heal|p1a: Hatterene|91\/100|[from] item: Leftovers\n|upkeep\n|turn|3\n|j| nice smogon nerd\n|\n|move|p1a: Hatterene|Mystical Fire|p2a: Prickle Pickle\n|-supereffective|p2a: Prickle Pickle\n|-damage|p2a: Prickle Pickle|28\/100\n|-unboost|p2a: Prickle Pickle|spa|1\n|move|p2a: Prickle Pickle|Gyro Ball|p1a: Hatterene\n|-supereffective|p1a: Hatterene\n|-damage|p1a: Hatterene|38\/100\n|\n|-heal|p1a: Hatterene|44\/100|[from] item: Leftovers\n|upkeep\n|turn|4\n|\n|move|p1a: Hatterene|Mystical Fire|p2a: Prickle Pickle\n|-supereffective|p2a: Prickle Pickle\n|-damage|p2a: Prickle Pickle|0 fnt\n|faint|p2a: Prickle Pickle\n|\n|-heal|p1a: Hatterene|50\/100|[from] item: Leftovers\n|upkeep\n|c| nice smogon nerd|PRICKLE RICK\n|\n|switch|p2a: DOORBUSTER|Durant, F|100\/100\n|turn|5\n|\n|move|p2a: DOORBUSTER|First Impression|p1a: Hatterene\n|-damage|p1a: Hatterene|0 fnt\n|faint|p1a: Hatterene\n|\n|upkeep\n|\n|switch|p1a: Darmanitan|Darmanitan, M|100\/100\n|turn|6\n|\n|switch|p2a: floor degrader|Mew|49\/100\n|move|p1a: Darmanitan|Flare Blitz|p2a: floor degrader\n|-damage|p2a: floor degrader|0 fnt\n|-damage|p1a: Darmanitan|82\/100|[from] Recoil\n|faint|p2a: floor degrader\n|\n|upkeep\n|c| Eat Bedsheet|bros i turned myself into a sneed\n|\n|switch|p2a: BEE 17 BAWMER|Dragapult, M|100\/100\n|turn|7\n|\n|switch|p1a: Gastrodon|Gastrodon, M|100\/100\n|move|p2a: BEE 17 BAWMER|U-turn|p1a: Gastrodon\n|-damage|p1a: Gastrodon|62\/100\n|\n|switch|p2a: ZU Ghost|Dusknoir, M|100\/100|[from]move: U-turn\n|-ability|p2a: ZU Ghost|Pressure\n|\n|-heal|p1a: Gastrodon|68\/100|[from] item: Leftovers\n|upkeep\n|turn|8\n|c| Allqua|Steven sneed!\n|\n|move|p2a: ZU Ghost|Substitute|p2a: ZU Ghost\n|-start|p2a: ZU Ghost|Substitute\n|-damage|p2a: ZU Ghost|76\/100\n|move|p1a: Gastrodon|Toxic||[still]\n|-fail|p1a: Gastrodon\n|\n|-heal|p2a: ZU Ghost|82\/100|[from] item: Leftovers\n|-heal|p1a: Gastrodon|74\/100|[from] item: Leftovers\n|upkeep\n|turn|9\n|\n|move|p2a: ZU Ghost|Will-O-Wisp|p1a: Gastrodon\n|-status|p1a: Gastrodon|brn\n|move|p1a: Gastrodon|Earth Power|p2a: ZU Ghost\n|-end|p2a: ZU Ghost|Substitute\n|\n|-heal|p2a: ZU Ghost|88\/100|[from] item: Leftovers\n|-heal|p1a: Gastrodon|80\/100 brn|[from] item: Leftovers\n|-damage|p1a: Gastrodon|74\/100 brn|[from] brn\n|upkeep\n|turn|10\n|c| B Name|What happens when sneed evolves?\n|\n|switch|p2a: DOORBUSTER|Durant, F|100\/100\n|move|p1a: Gastrodon|Earth Power|p2a: DOORBUSTER\n|-damage|p2a: DOORBUSTER|42\/100\n|\n|-heal|p1a: Gastrodon|80\/100 brn|[from] item: Leftovers\n|-damage|p1a: Gastrodon|74\/100 brn|[from] brn\n|upkeep\n|turn|11\n|\n|switch|p1a: Hippowdon|Hippowdon, F|100\/100\n|-weather|Sandstorm|[from] ability: Sand Stream|[of] p1a: Hippowdon\n|move|p2a: DOORBUSTER|First Impression|p1a: Hippowdon\n|-damage|p1a: Hippowdon|47\/100\n|\n|-weather|Sandstorm|[upkeep]\n|-heal|p1a: Hippowdon|53\/100|[from] item: Leftovers\n|upkeep\n|turn|12\n|\n|switch|p2a: ZU Ghost|Dusknoir, M|88\/100\n|-ability|p2a: ZU Ghost|Pressure\n|move|p1a: Hippowdon|Slack Off|p1a: Hippowdon\n|-heal|p1a: Hippowdon|100\/100\n|\n|-weather|Sandstorm|[upkeep]\n|-damage|p2a: ZU Ghost|82\/100|[from] Sandstorm\n|-heal|p2a: ZU Ghost|88\/100|[from] item: Leftovers\n|upkeep\n|turn|13\n|c| Eat Bedsheet|idk\n|\n|switch|p1a: Gastrodon|Gastrodon, M|74\/100 brn\n|switch|p2a: DOORBUSTER|Durant, F|42\/100\n|\n|-weather|Sandstorm|[upkeep]\n|-heal|p1a: Gastrodon|80\/100 brn|[from] item: Leftovers\n|-damage|p1a: Gastrodon|74\/100 brn|[from] brn\n|upkeep\n|turn|14\n|c| Eat Bedsheet|ask clover when they make gen 4 in 2040 when we have the technology\n|\n|move|p2a: DOORBUSTER|First Impression|p1a: Gastrodon\n|-damage|p1a: Gastrodon|0 fnt\n|faint|p1a: Gastrodon\n|\n|-weather|Sandstorm|[upkeep]\n|upkeep\n|c| Eat Bedsheet|surely they'll make a sneed mon\n|c| B Name|k\n|c| Allqua|impressed\n|\n|switch|p1a: Darmanitan|Darmanitan, M|82\/100\n|turn|15\n|\n|switch|p2a: ZU Ghost|Dusknoir, M|88\/100\n|-ability|p2a: ZU Ghost|Pressure\n|move|p1a: Darmanitan|Flare Blitz|p2a: ZU Ghost\n|-damage|p2a: ZU Ghost|13\/100\n|-damage|p1a: Darmanitan|61\/100|[from] Recoil\n|\n|-weather|none\n|-heal|p2a: ZU Ghost|19\/100|[from] item: Leftovers\n|upkeep\n|turn|16\n|\n|move|p1a: Darmanitan|Flare Blitz|p2a: ZU Ghost\n|-damage|p2a: ZU Ghost|0 fnt\n|-damage|p1a: Darmanitan|56\/100|[from] Recoil\n|faint|p2a: ZU Ghost\n|\n|upkeep\n|c| Eat Bedsheet|i wish there was a way to play clover competitive\n|c| Eat Bedsheet|just for curiosity\n|\n|switch|p2a: BEE 17 BAWMER|Dragapult, M|100\/100\n|turn|17\n|\n|switch|p1a: Corviknight|Corviknight, F|100\/100\n|move|p2a: BEE 17 BAWMER|Dragon Darts|p1a: Corviknight\n|-resisted|p1a: Corviknight\n|-damage|p1a: Corviknight|90\/100\n|-anim|p2a: BEE 17 BAWMER|Dragon Darts|p1a: Corviknight\n|-resisted|p1a: Corviknight\n|-damage|p1a: Corviknight|79\/100\n|\n|-heal|p1a: Corviknight|85\/100|[from] item: Leftovers\n|upkeep\n|turn|18\n|\n|switch|p2a: IT'S THE NUTSHACK|Melmetal|100\/100\n|move|p1a: Corviknight|U-turn|p2a: IT'S THE NUTSHACK\n|-resisted|p2a: IT'S THE NUTSHACK\n|-damage|p2a: IT'S THE NUTSHACK|96\/100\n|\n|switch|p1a: Hippowdon|Hippowdon, F|100\/100|[from]move: U-turn\n|-weather|Sandstorm|[from] ability: Sand Stream|[of] p1a: Hippowdon\n|\n|-weather|Sandstorm|[upkeep]\n|-heal|p2a: IT'S THE NUTSHACK|100\/100|[from] item: Leftovers\n|upkeep\n|turn|19\n|\n|switch|p2a: BEE 17 BAWMER|Dragapult, M|100\/100\n|move|p1a: Hippowdon|Earthquake|p2a: BEE 17 BAWMER\n|-damage|p2a: BEE 17 BAWMER|50\/100\n|\n|-weather|Sandstorm|[upkeep]\n|-damage|p2a: BEE 17 BAWMER|44\/100|[from] Sandstorm\n|upkeep\n|turn|20\n|\n|move|p2a: BEE 17 BAWMER|U-turn|p1a: Hippowdon\n|-damage|p1a: Hippowdon|80\/100\n|\n|switch|p2a: DOORBUSTER|Durant, F|42\/100|[from]move: U-turn\n|move|p1a: Hippowdon|Earthquake|p2a: DOORBUSTER\n|-damage|p2a: DOORBUSTER|3\/100\n|\n|-weather|Sandstorm|[upkeep]\n|-heal|p1a: Hippowdon|87\/100|[from] item: Leftovers\n|upkeep\n|turn|21\n|\n|move|p2a: DOORBUSTER|First Impression|p1a: Hippowdon\n|-damage|p1a: Hippowdon|31\/100\n|move|p1a: Hippowdon|Slack Off|p1a: Hippowdon\n|-heal|p1a: Hippowdon|81\/100\n|\n|-weather|Sandstorm|[upkeep]\n|-heal|p1a: Hippowdon|88\/100|[from] item: Leftovers\n|upkeep\n|turn|22\n|\n|move|p2a: DOORBUSTER|First Impression||[still]\n|-fail|p2a: DOORBUSTER\n|-hint|First Impression only works on your first turn out.\n|move|p1a: Hippowdon|Earthquake|p2a: DOORBUSTER\n|-damage|p2a: DOORBUSTER|0 fnt\n|faint|p2a: DOORBUSTER\n|\n|-weather|none\n|-heal|p1a: Hippowdon|94\/100|[from] item: Leftovers\n|upkeep\n|\n|switch|p2a: IT'S THE NUTSHACK|Melmetal|100\/100\n|turn|23\n|\n|move|p1a: Hippowdon|Earthquake|p2a: IT'S THE NUTSHACK\n|-supereffective|p2a: IT'S THE NUTSHACK\n|-damage|p2a: IT'S THE NUTSHACK|63\/100\n|move|p2a: IT'S THE NUTSHACK|Acid Armor|p2a: IT'S THE NUTSHACK\n|-boost|p2a: IT'S THE NUTSHACK|def|2\n|\n|-heal|p1a: Hippowdon|99\/100|[from] item: Leftovers\n|-heal|p2a: IT'S THE NUTSHACK|69\/100|[from] item: Leftovers\n|upkeep\n|turn|24\n|\n|move|p2a: IT'S THE NUTSHACK|Double Iron Bash|p1a: Hippowdon\n|-damage|p1a: Hippowdon|82\/100\n|-damage|p1a: Hippowdon|63\/100\n|-hitcount|p1a: Hippowdon|2\n|cant|p1a: Hippowdon|flinch\n|\n|-heal|p1a: Hippowdon|69\/100|[from] item: Leftovers\n|-heal|p2a: IT'S THE NUTSHACK|75\/100|[from] item: Leftovers\n|upkeep\n|turn|25\n|\n|switch|p1a: Corviknight|Corviknight, F|85\/100\n|move|p2a: IT'S THE NUTSHACK|Acid Armor|p2a: IT'S THE NUTSHACK\n|-boost|p2a: IT'S THE NUTSHACK|def|2\n|\n|-heal|p1a: Corviknight|92\/100|[from] item: Leftovers\n|-heal|p2a: IT'S THE NUTSHACK|81\/100|[from] item: Leftovers\n|upkeep\n|turn|26\n|j| zacian is a girl\n|\n|move|p1a: Corviknight|Body Press|p2a: IT'S THE NUTSHACK\n|-supereffective|p2a: IT'S THE NUTSHACK\n|-damage|p2a: IT'S THE NUTSHACK|71\/100\n|move|p2a: IT'S THE NUTSHACK|Body Press|p1a: Corviknight\n|-damage|p1a: Corviknight|46\/100\n|\n|-heal|p1a: Corviknight|52\/100|[from] item: Leftovers\n|-heal|p2a: IT'S THE NUTSHACK|77\/100|[from] item: Leftovers\n|upkeep\n|turn|27\n|\n|move|p1a: Corviknight|Body Press|p2a: IT'S THE NUTSHACK\n|-supereffective|p2a: IT'S THE NUTSHACK\n|-damage|p2a: IT'S THE NUTSHACK|67\/100\n|move|p2a: IT'S THE NUTSHACK|Acid Armor|p2a: IT'S THE NUTSHACK\n|-boost|p2a: IT'S THE NUTSHACK|def|2\n|\n|-heal|p1a: Corviknight|58\/100|[from] item: Leftovers\n|-heal|p2a: IT'S THE NUTSHACK|73\/100|[from] item: Leftovers\n|upkeep\n|turn|28\n|\n|move|p1a: Corviknight|Body Press|p2a: IT'S THE NUTSHACK\n|-supereffective|p2a: IT'S THE NUTSHACK\n|-damage|p2a: IT'S THE NUTSHACK|65\/100\n|move|p2a: IT'S THE NUTSHACK|Double Iron Bash|p1a: Corviknight\n|-resisted|p1a: Corviknight\n|-damage|p1a: Corviknight|49\/100\n|-resisted|p1a: Corviknight\n|-damage|p1a: Corviknight|38\/100\n|-hitcount|p1a: Corviknight|2\n|\n|-heal|p1a: Corviknight|45\/100|[from] item: Leftovers\n|-heal|p2a: IT'S THE NUTSHACK|71\/100|[from] item: Leftovers\n|upkeep\n|turn|29\n|\n|move|p1a: Corviknight|Body Press|p2a: IT'S THE NUTSHACK\n|-supereffective|p2a: IT'S THE NUTSHACK\n|-damage|p2a: IT'S THE NUTSHACK|65\/100\n|move|p2a: IT'S THE NUTSHACK|Body Press|p1a: Corviknight\n|-damage|p1a: Corviknight|0 fnt\n|faint|p1a: Corviknight\n|\n|-heal|p2a: IT'S THE NUTSHACK|71\/100|[from] item: Leftovers\n|upkeep\n|\n|switch|p1a: Kyurem|Kyurem|100\/100\n|-ability|p1a: Kyurem|Pressure\n|turn|30\n|\n|move|p1a: Kyurem|Earth Power|p2a: IT'S THE NUTSHACK\n|-supereffective|p2a: IT'S THE NUTSHACK\n|-damage|p2a: IT'S THE NUTSHACK|0 fnt\n|faint|p2a: IT'S THE NUTSHACK\n|\n|upkeep\n|\n|switch|p2a: BEE 17 BAWMER|Dragapult, M|44\/100\n|turn|31\n|\n|move|p2a: BEE 17 BAWMER|Dragon Darts|p1a: Kyurem\n|-supereffective|p1a: Kyurem\n|-damage|p1a: Kyurem|28\/100\n|-anim|p2a: BEE 17 BAWMER|Dragon Darts|p1a: Kyurem\n|-supereffective|p1a: Kyurem\n|-damage|p1a: Kyurem|0 fnt\n|faint|p1a: Kyurem\n|\n|upkeep\n|\n|switch|p1a: Hippowdon|Hippowdon, F|69\/100\n|-weather|Sandstorm|[from] ability: Sand Stream|[of] p1a: Hippowdon\n|turn|32\n|\n|move|p2a: BEE 17 BAWMER|Dragon Darts|p1a: Hippowdon\n|-damage|p1a: Hippowdon|49\/100\n|-anim|p2a: BEE 17 BAWMER|Dragon Darts|p1a: Hippowdon\n|-damage|p1a: Hippowdon|29\/100\n|move|p1a: Hippowdon|Earthquake|p2a: BEE 17 BAWMER\n|-damage|p2a: BEE 17 BAWMER|0 fnt\n|faint|p2a: BEE 17 BAWMER\n|\n|win|mongwong\n|raw|mongwong's rating: 1348 &rarr; <strong>1367<\/strong><br \/>(+19 for winning)\n|raw|HanakoToast's rating: 1344 &rarr; <strong>1324<\/strong><br \/>(-20 for losing)\n|c|\u2606HanakoToast|https:\/\/play.pokemonshowdown.com\/battle-gen8ou-1092351286\n|l|\u2606HanakoToast\n|l| pingas fart\n|l| Allqua\n","uploadtime":1586232391,"views":5,"p1id":"mongwong","p2id":"hanakotoast","formatid":"gen8ou","rating":1324,"private":0,"password":null}