{"id":"gen8ou-1554855752","p1":"blueberry crepe","p2":"SKIP THE DRIP","format":"gen8ou","log":"|j|\u2606blueberry crepe\n|j|\u2606SKIP THE DRIP\n|t:|1650137239\n|gametype|singles\n|player|p1|blueberry crepe|2|1671\n|player|p2|SKIP THE DRIP|wally|1667\n|teamsize|p1|6\n|teamsize|p2|6\n|gen|8\n|tier|[Gen 8] OU\n|rated|\n|rule|Sleep Clause Mod: Limit one foe put to sleep\n|rule|Species Clause: Limit one of each Pok\u00e9mon\n|rule|OHKO Clause: OHKO moves are banned\n|rule|Evasion Moves Clause: Evasion moves are banned\n|rule|Endless Battle Clause: Forcing endless battles is banned\n|rule|HP Percentage Mod: HP is shown in percentages\n|rule|Dynamax Clause: You cannot dynamax\n|clearpoke\n|poke|p1|Blacephalon|\n|poke|p1|Weavile, M|\n|poke|p1|Landorus-Therian, M|\n|poke|p1|Ferrothorn, M|\n|poke|p1|Rotom-Wash|\n|poke|p1|Dragapult, M|\n|poke|p2|Salamence, F|\n|poke|p2|Toxapex, M|\n|poke|p2|Corviknight, M|\n|poke|p2|Blissey, F|\n|poke|p2|Quagsire, M|\n|poke|p2|Reuniclus, F|\n|teampreview\n|inactive|Battle timer is ON: inactive players will automatically lose when time's up. (requested by blueberry crepe)\n|\n|t:|1650137248\n|start\n|switch|p1a: Bandit|Weavile, M, shiny|100\/100\n|switch|p2a: Reuniclus|Reuniclus, F, shiny|100\/100\n|-ability|p1a: Bandit|Pressure\n|turn|1\n|\n|t:|1650137264\n|switch|p2a: Toxapex|Toxapex, M|100\/100\n|move|p1a: Bandit|Beat Up|p2a: Toxapex\n|-damage|p2a: Toxapex|93\/100\n|-damage|p2a: Toxapex|85\/100\n|-damage|p2a: Toxapex|75\/100\n|-crit|p2a: Toxapex\n|-damage|p2a: Toxapex|65\/100\n|-damage|p2a: Toxapex|59\/100\n|-damage|p2a: Toxapex|49\/100\n|-hitcount|p2a: Toxapex|6\n|\n|upkeep\n|turn|2\n|j| GarenplaysPokemon\n|l| GarenplaysPokemon\n|\n|t:|1650137286\n|move|p1a: Bandit|Beat Up|p2a: Toxapex\n|-damage|p2a: Toxapex|41\/100\n|-damage|p2a: Toxapex|34\/100\n|-damage|p2a: Toxapex|23\/100\n|-damage|p2a: Toxapex|16\/100\n|-damage|p2a: Toxapex|11\/100\n|-damage|p2a: Toxapex|2\/100\n|-hitcount|p2a: Toxapex|6\n|move|p2a: Toxapex|Recover|p2a: Toxapex\n|-heal|p2a: Toxapex|52\/100\n|\n|upkeep\n|turn|3\n|\n|t:|1650137292\n|move|p1a: Bandit|Beat Up|p2a: Toxapex\n|-damage|p2a: Toxapex|43\/100\n|-damage|p2a: Toxapex|35\/100\n|-damage|p2a: Toxapex|26\/100\n|-damage|p2a: Toxapex|19\/100\n|-damage|p2a: Toxapex|13\/100\n|-damage|p2a: Toxapex|5\/100\n|-hitcount|p2a: Toxapex|6\n|move|p2a: Toxapex|Recover|p2a: Toxapex\n|-heal|p2a: Toxapex|56\/100\n|\n|upkeep\n|turn|4\n|\n|t:|1650137297\n|move|p1a: Bandit|Beat Up|p2a: Toxapex\n|-damage|p2a: Toxapex|47\/100\n|-damage|p2a: Toxapex|38\/100\n|-damage|p2a: Toxapex|29\/100\n|-damage|p2a: Toxapex|22\/100\n|-damage|p2a: Toxapex|16\/100\n|-damage|p2a: Toxapex|8\/100\n|-hitcount|p2a: Toxapex|6\n|move|p2a: Toxapex|Recover|p2a: Toxapex\n|-heal|p2a: Toxapex|59\/100\n|\n|upkeep\n|turn|5\n|\n|t:|1650137309\n|switch|p1a: Enten|Landorus-Therian, M, shiny|100\/100\n|-ability|p1a: Enten|Intimidate|boost\n|-unboost|p2a: Toxapex|atk|1\n|move|p2a: Toxapex|Knock Off|p1a: Enten\n|-damage|p1a: Enten|91\/100\n|-enditem|p1a: Enten|Leftovers|[from] move: Knock Off|[of] p2a: Toxapex\n|\n|upkeep\n|turn|6\n|\n|t:|1650137313\n|switch|p2a: Corviknight|Corviknight, M|100\/100\n|-ability|p2a: Corviknight|Pressure\n|move|p1a: Enten|Earthquake|p2a: Corviknight\n|-immune|p2a: Corviknight\n|\n|upkeep\n|turn|7\n|\n|t:|1650137323\n|move|p2a: Corviknight|Substitute|p2a: Corviknight\n|-start|p2a: Corviknight|Substitute\n|-damage|p2a: Corviknight|76\/100\n|move|p1a: Enten|U-turn|p2a: Corviknight\n|-resisted|p2a: Corviknight\n|-activate|p2a: Corviknight|move: Substitute|[damage]\n|\n|t:|1650137325\n|switch|p1a: Leviathan|Dragapult, M, shiny|100\/100|[from]move: U-turn\n|\n|-heal|p2a: Corviknight|82\/100|[from] item: Leftovers\n|upkeep\n|turn|8\n|\n|t:|1650137328\n|switch|p2a: Toxapex|Toxapex, M|92\/100\n|move|p1a: Leviathan|Shadow Ball|p2a: Toxapex\n|-damage|p2a: Toxapex|48\/100\n|\n|upkeep\n|turn|9\n|\n|t:|1650137335\n|switch|p2a: Blissey|Blissey, F|100\/100\n|move|p1a: Leviathan|Shadow Ball|p2a: Blissey\n|-immune|p2a: Blissey\n|\n|upkeep\n|turn|10\n|\n|t:|1650137348\n|move|p1a: Leviathan|Shadow Ball|p2a: Blissey\n|-immune|p2a: Blissey\n|move|p2a: Blissey|Toxic|p1a: Leviathan\n|-status|p1a: Leviathan|tox\n|\n|-damage|p1a: Leviathan|95\/100 tox|[from] psn\n|upkeep\n|turn|11\n|\n|t:|1650137355\n|switch|p1a: Hyperspace|Blacephalon, shiny|100\/100\n|move|p2a: Blissey|Toxic|p1a: Hyperspace\n|-status|p1a: Hyperspace|tox\n|\n|-damage|p1a: Hyperspace|94\/100 tox|[from] psn\n|upkeep\n|turn|12\n|\n|t:|1650137359\n|switch|p2a: Reuniclus|Reuniclus, F, shiny|100\/100\n|move|p1a: Hyperspace|Trick|p2a: Reuniclus\n|-activate|p1a: Hyperspace|move: Trick|[of] p2a: Reuniclus\n|-item|p2a: Reuniclus|Choice Scarf|[from] move: Trick\n|-item|p1a: Hyperspace|Assault Vest|[from] move: Trick\n|\n|-damage|p1a: Hyperspace|82\/100 tox|[from] psn\n|upkeep\n|turn|13\n|\n|t:|1650137366\n|switch|p1a: Bandit|Weavile, M, shiny|100\/100\n|-ability|p1a: Bandit|Pressure\n|switch|p2a: Blissey|Blissey, F|100\/100\n|\n|upkeep\n|turn|14\n|\n|t:|1650137369\n|switch|p2a: Toxapex|Toxapex, M|81\/100\n|move|p1a: Bandit|Knock Off|p2a: Toxapex\n|-damage|p2a: Toxapex|34\/100\n|-enditem|p2a: Toxapex|Shed Shell|[from] move: Knock Off|[of] p1a: Bandit\n|\n|upkeep\n|turn|15\n|\n|t:|1650137373\n|move|p1a: Bandit|Knock Off|p2a: Toxapex\n|-damage|p2a: Toxapex|3\/100\n|move|p2a: Toxapex|Recover|p2a: Toxapex\n|-heal|p2a: Toxapex|53\/100\n|\n|upkeep\n|turn|16\n|\n|t:|1650137391\n|switch|p1a: Phantom|Rotom-Wash, shiny|100\/100\n|move|p2a: Toxapex|Recover|p2a: Toxapex\n|-heal|p2a: Toxapex|100\/100\n|\n|upkeep\n|turn|17\n|\n|t:|1650137394\n|switch|p2a: Reuniclus|Reuniclus, F, shiny|100\/100\n|move|p1a: Phantom|Will-O-Wisp|p2a: Reuniclus\n|-status|p2a: Reuniclus|brn\n|\n|-damage|p2a: Reuniclus|94\/100 brn|[from] brn\n|upkeep\n|turn|18\n|\n|t:|1650137403\n|move|p1a: Phantom|Volt Switch|p2a: Reuniclus\n|-damage|p2a: Reuniclus|77\/100 brn\n|\n|t:|1650137408\n|switch|p1a: Enten|Landorus-Therian, M, shiny|91\/100|[from]move: Volt Switch\n|-ability|p1a: Enten|Intimidate|boost\n|-unboost|p2a: Reuniclus|atk|1\n|move|p2a: Reuniclus|Night Shade|p1a: Enten\n|-damage|p1a: Enten|65\/100\n|\n|-damage|p2a: Reuniclus|71\/100 brn|[from] brn\n|upkeep\n|turn|19\n|\n|t:|1650137412\n|switch|p2a: Corviknight|Corviknight, M|82\/100\n|-ability|p2a: Corviknight|Pressure\n|move|p1a: Enten|U-turn|p2a: Corviknight\n|-resisted|p2a: Corviknight\n|-damage|p2a: Corviknight|78\/100\n|inactive|blueberry crepe has 120 seconds left.\n|\n|t:|1650137443\n|switch|p1a: Phantom|Rotom-Wash, shiny|100\/100|[from]move: U-turn\n|\n|-heal|p2a: Corviknight|84\/100|[from] item: Leftovers\n|upkeep\n|turn|20\n|\n|t:|1650137448\n|switch|p2a: Reuniclus|Reuniclus, F, shiny|100\/100 brn\n|move|p1a: Phantom|Will-O-Wisp|p2a: Reuniclus\n|-fail|p2a: Reuniclus|brn\n|\n|-damage|p2a: Reuniclus|94\/100 brn|[from] brn\n|upkeep\n|turn|21\n|\n|t:|1650137452\n|switch|p1a: Bandit|Weavile, M, shiny|100\/100\n|-ability|p1a: Bandit|Pressure\n|move|p2a: Reuniclus|Night Shade|p1a: Bandit\n|-damage|p1a: Bandit|65\/100\n|\n|-damage|p2a: Reuniclus|88\/100 brn|[from] brn\n|upkeep\n|turn|22\n|\n|t:|1650137465\n|switch|p1a: Hyperspace|Blacephalon, shiny|82\/100 tox\n|switch|p2a: Toxapex|Toxapex, M|100\/100\n|\n|-damage|p1a: Hyperspace|76\/100 tox|[from] psn\n|upkeep\n|turn|23\n|\n|t:|1650137472\n|switch|p2a: Blissey|Blissey, F|100\/100\n|move|p1a: Hyperspace|Shadow Ball|p2a: Blissey\n|-immune|p2a: Blissey\n|\n|-damage|p1a: Hyperspace|64\/100 tox|[from] psn\n|upkeep\n|turn|24\n|\n|t:|1650137486\n|switch|p1a: Temple|Ferrothorn, M, shiny|100\/100\n|move|p2a: Blissey|Stealth Rock|p1a: Temple\n|-sidestart|p1: blueberry crepe|move: Stealth Rock\n|\n|upkeep\n|turn|25\n|\n|t:|1650137492\n|switch|p2a: Quagsire|Quagsire, M|100\/100\n|move|p1a: Temple|Stealth Rock|p2a: Quagsire\n|-sidestart|p2: SKIP THE DRIP|move: Stealth Rock\n|\n|upkeep\n|turn|26\n|-message|blueberry crepe forfeited.\n|\n|win|SKIP THE DRIP\n|raw|blueberry crepe's rating: 1671 &rarr; <strong>1651<\/strong><br \/>(-20 for losing)\n|raw|SKIP THE DRIP's rating: 1667 &rarr; <strong>1687<\/strong><br \/>(+20 for winning)\n|l|\u2606blueberry crepe\n","uploadtime":1650137496,"views":48,"p1id":"blueberrycrepe","p2id":"skipthedrip","formatid":"gen8ou","rating":1651,"private":0,"password":null}