{"id":"gen8ru-1292171782","p1":"DiameteR\u272fXtreme","p2":"Kairak","format":"gen8ru","log":"|html|<div class=\"broadcast-blue\"><strong>[Gen 8] RU is currently suspecting Zygarde-10%! For information on how to participate check out the <a href=\"https:\/\/www.smogon.com\/forums\/threads\/np-ru-stage-6-i-wanna-be-your-dog-zygarde-10-suspect-test.3679181\/#post-8768959\">suspect thread<\/a>.<\/strong><\/div>\n|j|\u2606DiameteR\u272fXtreme\n|j|\u2606Kairak\n|t:|1614609977\n|player|p1|DiameteR\u272fXtreme|jasmine-gen2|1354\n|player|p2|Kairak|roughneck-gen4|1499\n|teamsize|p1|6\n|teamsize|p2|6\n|gametype|singles\n|gen|8\n|tier|[Gen 8] RU\n|rated|\n|clearpoke\n|poke|p1|Zarude|\n|poke|p1|Toxtricity, M|\n|poke|p1|Gastrodon-East, F|\n|poke|p1|Metagross|\n|poke|p1|Crobat, M|\n|poke|p1|Sylveon, M|\n|poke|p2|Porygon-Z|\n|poke|p2|Drapion, F|\n|poke|p2|Heracross, M|\n|poke|p2|Diancie|\n|poke|p2|Talonflame, F|\n|poke|p2|Gastrodon-East, M|\n|rule|Sleep Clause Mod: Limit one foe put to sleep\n|rule|Species Clause: Limit one of each Pok\u00e9mon\n|rule|OHKO Clause: OHKO moves are banned\n|rule|Evasion Moves Clause: Evasion moves are banned\n|rule|Endless Battle Clause: Forcing endless battles is banned\n|rule|HP Percentage Mod: HP is shown in percentages\n|rule|Dynamax Clause: You cannot dynamax\n|teampreview\n|\n|t:|1614609990\n|start\n|switch|p1a: Metagross|Metagross|100\/100\n|switch|p2a: Drapion|Drapion, F|100\/100\n|turn|1\n|\n|t:|1614609994\n|move|p2a: Drapion|Swords Dance|p2a: Drapion\n|-boost|p2a: Drapion|atk|2\n|move|p1a: Metagross|Earthquake|p2a: Drapion\n|-supereffective|p2a: Drapion\n|-damage|p2a: Drapion|19\/100\n|\n|upkeep\n|turn|2\n|\n|t:|1614609997\n|switch|p1a: Crobat|Crobat, M|100\/100\n|move|p2a: Drapion|Knock Off|p1a: Crobat\n|-damage|p1a: Crobat|24\/100\n|-enditem|p1a: Crobat|Heavy-Duty Boots|[from] move: Knock Off|[of] p2a: Drapion\n|\n|upkeep\n|turn|3\n|\n|t:|1614610004\n|switch|p2a: Diancie|Diancie|100\/100\n|move|p1a: Crobat|Roost|p1a: Crobat\n|-heal|p1a: Crobat|74\/100\n|-singleturn|p1a: Crobat|move: Roost\n|\n|upkeep\n|turn|4\n|\n|t:|1614610009\n|move|p1a: Crobat|U-turn|p2a: Diancie\n|-resisted|p2a: Diancie\n|-damage|p2a: Diancie|95\/100\n|\n|t:|1614610012\n|switch|p1a: Metagross|Metagross|100\/100|[from]move: U-turn\n|move|p2a: Diancie|Stealth Rock|p1a: Metagross\n|-sidestart|p1: DiameteR\u272fXtreme|move: Stealth Rock\n|\n|-heal|p2a: Diancie|100\/100|[from] item: Leftovers\n|upkeep\n|turn|5\n|\n|t:|1614610016\n|switch|p2a: Drapion|Drapion, F|19\/100\n|move|p1a: Metagross|Stealth Rock|p2a: Drapion\n|-sidestart|p2: Kairak|move: Stealth Rock\n|\n|upkeep\n|turn|6\n|\n|t:|1614610019\n|switch|p1a: Crobat|Crobat, M|74\/100\n|-damage|p1a: Crobat|49\/100|[from] Stealth Rock\n|move|p2a: Drapion|Knock Off|p1a: Crobat\n|-damage|p1a: Crobat|21\/100\n|\n|upkeep\n|turn|7\n|\n|t:|1614610023\n|move|p1a: Crobat|Roost|p1a: Crobat\n|-heal|p1a: Crobat|71\/100\n|-singleturn|p1a: Crobat|move: Roost\n|move|p2a: Drapion|Earthquake|p1a: Crobat\n|-supereffective|p1a: Crobat\n|-damage|p1a: Crobat|15\/100\n|\n|upkeep\n|turn|8\n|\n|t:|1614610029\n|switch|p2a: Diancie|Diancie|100\/100\n|-damage|p2a: Diancie|88\/100|[from] Stealth Rock\n|move|p1a: Crobat|Roost|p1a: Crobat\n|-heal|p1a: Crobat|65\/100\n|-singleturn|p1a: Crobat|move: Roost\n|\n|-heal|p2a: Diancie|94\/100|[from] item: Leftovers\n|upkeep\n|turn|9\n|j| A floor mat\n|\n|t:|1614610035\n|move|p1a: Crobat|U-turn|p2a: Diancie\n|-resisted|p2a: Diancie\n|-damage|p2a: Diancie|88\/100\n|\n|t:|1614610038\n|switch|p1a: Gastrodon|Gastrodon-East, F|100\/100|[from]move: U-turn\n|move|p2a: Diancie|Diamond Storm|p1a: Gastrodon\n|-resisted|p1a: Gastrodon\n|-damage|p1a: Gastrodon|88\/100\n|-boost|p2a: Diancie|def|2\n|\n|-heal|p2a: Diancie|94\/100|[from] item: Leftovers\n|upkeep\n|turn|10\n|\n|t:|1614610045\n|move|p2a: Diancie|Body Press|p1a: Gastrodon\n|-damage|p1a: Gastrodon|46\/100\n|move|p1a: Gastrodon|Earth Power|p2a: Diancie\n|-supereffective|p2a: Diancie\n|-damage|p2a: Diancie|58\/100\n|\n|-heal|p2a: Diancie|64\/100|[from] item: Leftovers\n|upkeep\n|turn|11\n|\n|t:|1614610050\n|switch|p1a: Metagross|Metagross|100\/100\n|-damage|p1a: Metagross|94\/100|[from] Stealth Rock\n|move|p2a: Diancie|Diamond Storm|p1a: Metagross\n|-resisted|p1a: Metagross\n|-damage|p1a: Metagross|82\/100\n|-boost|p2a: Diancie|def|2\n|\n|-heal|p1a: Metagross|88\/100|[from] item: Leftovers\n|-heal|p2a: Diancie|70\/100|[from] item: Leftovers\n|upkeep\n|turn|12\n|\n|t:|1614610058\n|move|p1a: Metagross|Toxic|p2a: Diancie\n|-status|p2a: Diancie|tox\n|move|p2a: Diancie|Body Press|p1a: Metagross\n|-damage|p1a: Metagross|27\/100\n|\n|-heal|p1a: Metagross|33\/100|[from] item: Leftovers\n|-heal|p2a: Diancie|76\/100 tox|[from] item: Leftovers\n|-damage|p2a: Diancie|70\/100 tox|[from] psn\n|upkeep\n|turn|13\n|\n|t:|1614610067\n|move|p1a: Metagross|Meteor Mash|p2a: Diancie\n|-supereffective|p2a: Diancie\n|-damage|p2a: Diancie|18\/100 tox\n|move|p2a: Diancie|Body Press|p1a: Metagross\n|-damage|p1a: Metagross|0 fnt\n|faint|p1a: Metagross\n|\n|-heal|p2a: Diancie|24\/100 tox|[from] item: Leftovers\n|-damage|p2a: Diancie|12\/100 tox|[from] psn\n|upkeep\n|\n|t:|1614610075\n|switch|p1a: Toxtricity|Toxtricity, M|100\/100\n|-damage|p1a: Toxtricity|88\/100|[from] Stealth Rock\n|turn|14\n|\n|t:|1614610077\n|move|p1a: Toxtricity|Volt Switch|p2a: Diancie\n|-damage|p2a: Diancie|0 fnt\n|faint|p2a: Diancie\n|\n|t:|1614610080\n|switch|p1a: Gastrodon|Gastrodon-East, F|46\/100|[from]move: Volt Switch\n|\n|upkeep\n|\n|t:|1614610082\n|switch|p2a: Porygon-Z|Porygon-Z|100\/100\n|-damage|p2a: Porygon-Z|88\/100|[from] Stealth Rock\n|turn|15\n|\n|t:|1614610085\n|switch|p1a: Sylveon|Sylveon, M|100\/100\n|-damage|p1a: Sylveon|88\/100|[from] Stealth Rock\n|move|p2a: Porygon-Z|Tri Attack|p1a: Sylveon\n|-damage|p1a: Sylveon|45\/100\n|\n|-heal|p1a: Sylveon|51\/100|[from] item: Leftovers\n|upkeep\n|turn|16\n|\n|t:|1614610088\n|move|p2a: Porygon-Z|Tri Attack|p1a: Sylveon\n|-damage|p1a: Sylveon|9\/100\n|move|p1a: Sylveon|Wish|p1a: Sylveon\n|\n|-heal|p1a: Sylveon|15\/100|[from] item: Leftovers\n|upkeep\n|turn|17\n|\n|t:|1614610092\n|move|p1a: Sylveon|Protect|p1a: Sylveon\n|-singleturn|p1a: Sylveon|Protect\n|move|p2a: Porygon-Z|Tri Attack|p1a: Sylveon\n|-activate|p1a: Sylveon|move: Protect\n|\n|-heal|p1a: Sylveon|65\/100|[from] move: Wish|[wisher] Sylveon\n|-heal|p1a: Sylveon|71\/100|[from] item: Leftovers\n|upkeep\n|turn|18\n|\n|t:|1614610094\n|move|p2a: Porygon-Z|Tri Attack|p1a: Sylveon\n|-damage|p1a: Sylveon|30\/100\n|move|p1a: Sylveon|Wish|p1a: Sylveon\n|\n|-heal|p1a: Sylveon|36\/100|[from] item: Leftovers\n|upkeep\n|turn|19\n|\n|t:|1614610098\n|move|p1a: Sylveon|Protect|p1a: Sylveon\n|-singleturn|p1a: Sylveon|Protect\n|move|p2a: Porygon-Z|Tri Attack|p1a: Sylveon\n|-activate|p1a: Sylveon|move: Protect\n|\n|-heal|p1a: Sylveon|86\/100|[from] move: Wish|[wisher] Sylveon\n|-heal|p1a: Sylveon|92\/100|[from] item: Leftovers\n|upkeep\n|turn|20\n|\n|t:|1614610103\n|move|p2a: Porygon-Z|Tri Attack|p1a: Sylveon\n|-damage|p1a: Sylveon|45\/100\n|move|p1a: Sylveon|Wish|p1a: Sylveon\n|\n|-heal|p1a: Sylveon|51\/100|[from] item: Leftovers\n|upkeep\n|turn|21\n|\n|t:|1614610108\n|move|p2a: Porygon-Z|Tri Attack|p1a: Sylveon\n|-damage|p1a: Sylveon|9\/100\n|move|p1a: Sylveon|Hyper Voice|p2a: Porygon-Z\n|-damage|p2a: Porygon-Z|32\/100\n|\n|-heal|p1a: Sylveon|59\/100|[from] move: Wish|[wisher] Sylveon\n|-heal|p1a: Sylveon|65\/100|[from] item: Leftovers\n|upkeep\n|turn|22\n|\n|t:|1614610113\n|move|p1a: Sylveon|Protect|p1a: Sylveon\n|-singleturn|p1a: Sylveon|Protect\n|move|p2a: Porygon-Z|Tri Attack|p1a: Sylveon\n|-activate|p1a: Sylveon|move: Protect\n|\n|-heal|p1a: Sylveon|71\/100|[from] item: Leftovers\n|upkeep\n|turn|23\n|\n|t:|1614610116\n|move|p2a: Porygon-Z|Tri Attack|p1a: Sylveon\n|-damage|p1a: Sylveon|27\/100\n|-status|p1a: Sylveon|par\n|cant|p1a: Sylveon|par\n|\n|-heal|p1a: Sylveon|33\/100 par|[from] item: Leftovers\n|upkeep\n|turn|24\n|\n|t:|1614610121\n|move|p1a: Sylveon|Protect|p1a: Sylveon\n|-singleturn|p1a: Sylveon|Protect\n|move|p2a: Porygon-Z|Tri Attack|p1a: Sylveon\n|-activate|p1a: Sylveon|move: Protect\n|\n|-heal|p1a: Sylveon|40\/100 par|[from] item: Leftovers\n|upkeep\n|turn|25\n|\n|t:|1614610131\n|cant|p1a: Sylveon|par\n|move|p2a: Porygon-Z|Tri Attack|p1a: Sylveon\n|-damage|p1a: Sylveon|0 fnt\n|faint|p1a: Sylveon\n|\n|upkeep\n|\n|t:|1614610134\n|switch|p1a: Toxtricity|Toxtricity, M|88\/100\n|-damage|p1a: Toxtricity|76\/100|[from] Stealth Rock\n|turn|26\n|\n|t:|1614610138\n|move|p2a: Porygon-Z|Tri Attack|p1a: Toxtricity\n|-damage|p1a: Toxtricity|0 fnt\n|faint|p1a: Toxtricity\n|\n|upkeep\n|\n|t:|1614610140\n|switch|p1a: Zarude|Zarude|100\/100\n|turn|27\n|\n|t:|1614610144\n|switch|p2a: Talonflame|Talonflame, F|100\/100\n|move|p1a: Zarude|Darkest Lariat|p2a: Talonflame\n|-damage|p2a: Talonflame|57\/100\n|\n|upkeep\n|turn|28\n|\n|t:|1614610153\n|switch|p1a: Gastrodon|Gastrodon-East, F|46\/100\n|move|p2a: Talonflame|Defog|p1a: Gastrodon\n|-unboost|p1a: Gastrodon|evasion|1\n|-sideend|p1: DiameteR\u272fXtreme|Stealth Rock|[from] move: Defog|[of] p2a: Talonflame\n|-sideend|p2: Kairak|Stealth Rock|[from] move: Defog|[of] p2a: Talonflame\n|\n|upkeep\n|turn|29\n|\n|t:|1614610160\n|move|p2a: Talonflame|Brave Bird|p1a: Gastrodon\n|-damage|p1a: Gastrodon|22\/100\n|-damage|p2a: Talonflame|48\/100|[from] Recoil\n|move|p1a: Gastrodon|Recover|p1a: Gastrodon\n|-heal|p1a: Gastrodon|72\/100\n|\n|upkeep\n|turn|30\n|\n|t:|1614610163\n|switch|p2a: Porygon-Z|Porygon-Z|32\/100\n|move|p1a: Gastrodon|Earth Power|p2a: Porygon-Z\n|-damage|p2a: Porygon-Z|0 fnt\n|faint|p2a: Porygon-Z\n|\n|upkeep\n|\n|t:|1614610167\n|switch|p2a: Drapion|Drapion, F|19\/100\n|turn|31\n|\n|t:|1614610174\n|move|p2a: Drapion|Knock Off|p1a: Gastrodon\n|-damage|p1a: Gastrodon|45\/100\n|-enditem|p1a: Gastrodon|Heavy-Duty Boots|[from] move: Knock Off|[of] p2a: Drapion\n|move|p1a: Gastrodon|Scald|p2a: Drapion\n|-damage|p2a: Drapion|0 fnt\n|faint|p2a: Drapion\n|\n|upkeep\n|\n|t:|1614610182\n|switch|p2a: Gastrodon|Gastrodon-East, M|100\/100\n|turn|32\n|\n|t:|1614610186\n|switch|p1a: Zarude|Zarude|100\/100\n|move|p2a: Gastrodon|Toxic|p1a: Zarude\n|-status|p1a: Zarude|tox\n|\n|-damage|p1a: Zarude|95\/100 tox|[from] psn\n|upkeep\n|turn|33\n|\n|t:|1614610191\n|move|p1a: Zarude|Jungle Healing|p1a: Zarude\n|-heal|p1a: Zarude|100\/100 tox\n|-curestatus|p1a: Zarude|tox|[msg]\n|move|p2a: Gastrodon|Recover||[still]\n|-fail|p2a: Gastrodon|heal\n|\n|upkeep\n|turn|34\n|\n|t:|1614610193\n|switch|p1a: Gastrodon|Gastrodon-East, F|45\/100\n|switch|p2a: Talonflame|Talonflame, F|48\/100\n|\n|upkeep\n|turn|35\n|\n|t:|1614610196\n|switch|p2a: Gastrodon|Gastrodon-East, M|100\/100\n|move|p1a: Gastrodon|Recover|p1a: Gastrodon\n|-heal|p1a: Gastrodon|95\/100\n|\n|upkeep\n|turn|36\n|\n|t:|1614610200\n|switch|p1a: Zarude|Zarude|100\/100\n|move|p2a: Gastrodon|Scald|p1a: Zarude\n|-resisted|p1a: Zarude\n|-damage|p1a: Zarude|89\/100\n|\n|upkeep\n|turn|37\n|\n|t:|1614610202\n|switch|p2a: Heracross|Heracross, M|100\/100\n|move|p1a: Zarude|Darkest Lariat|p2a: Heracross\n|-resisted|p2a: Heracross\n|-damage|p2a: Heracross|73\/100\n|\n|upkeep\n|turn|38\n|\n|t:|1614610207\n|switch|p1a: Crobat|Crobat, M|65\/100\n|move|p2a: Heracross|Stone Edge|p1a: Crobat|[miss]\n|-miss|p2a: Heracross|p1a: Crobat\n|\n|upkeep\n|turn|39\n|\n|t:|1614610212\n|switch|p1a: Gastrodon|Gastrodon-East, F|95\/100\n|move|p2a: Heracross|Stone Edge|p1a: Gastrodon\n|-resisted|p1a: Gastrodon\n|-damage|p1a: Gastrodon|82\/100\n|\n|upkeep\n|turn|40\n|\n|t:|1614610218\n|switch|p1a: Zarude|Zarude|89\/100\n|move|p2a: Heracross|Stone Edge|p1a: Zarude\n|-damage|p1a: Zarude|55\/100\n|\n|upkeep\n|turn|41\n|\n|t:|1614610224\n|switch|p2a: Talonflame|Talonflame, F|48\/100\n|switch|p1a: Gastrodon|Gastrodon-East, F|82\/100\n|\n|upkeep\n|turn|42\n|\n|t:|1614610227\n|switch|p2a: Gastrodon|Gastrodon-East, M|100\/100\n|move|p1a: Gastrodon|Earth Power|p2a: Gastrodon\n|-damage|p2a: Gastrodon|76\/100\n|\n|-heal|p2a: Gastrodon|82\/100|[from] item: Leftovers\n|upkeep\n|turn|43\n|\n|t:|1614610234\n|switch|p1a: Zarude|Zarude|55\/100\n|move|p2a: Gastrodon|Toxic|p1a: Zarude\n|-status|p1a: Zarude|tox\n|\n|-heal|p2a: Gastrodon|88\/100|[from] item: Leftovers\n|-damage|p1a: Zarude|49\/100 tox|[from] psn\n|upkeep\n|turn|44\n|\n|t:|1614610236\n|switch|p2a: Heracross|Heracross, M|73\/100\n|move|p1a: Zarude|Jungle Healing|p1a: Zarude\n|-heal|p1a: Zarude|74\/100 tox\n|-curestatus|p1a: Zarude|tox|[msg]\n|\n|upkeep\n|turn|45\n|\n|t:|1614610240\n|switch|p1a: Crobat|Crobat, M|65\/100\n|move|p2a: Heracross|Close Combat|p1a: Crobat\n|-resisted|p1a: Crobat\n|-damage|p1a: Crobat|48\/100\n|-unboost|p2a: Heracross|def|1\n|-unboost|p2a: Heracross|spd|1\n|\n|upkeep\n|turn|46\n|\n|t:|1614610245\n|switch|p2a: Talonflame|Talonflame, F|48\/100\n|move|p1a: Crobat|Roost|p1a: Crobat\n|-heal|p1a: Crobat|98\/100\n|-singleturn|p1a: Crobat|move: Roost\n|\n|upkeep\n|turn|47\n|\n|t:|1614610249\n|switch|p1a: Gastrodon|Gastrodon-East, F|82\/100\n|move|p2a: Talonflame|Roost|p2a: Talonflame\n|-heal|p2a: Talonflame|98\/100\n|-singleturn|p2a: Talonflame|move: Roost\n|\n|upkeep\n|turn|48\n|\n|t:|1614610254\n|switch|p2a: Gastrodon|Gastrodon-East, M|88\/100\n|switch|p1a: Zarude|Zarude|74\/100\n|\n|-heal|p2a: Gastrodon|94\/100|[from] item: Leftovers\n|upkeep\n|turn|49\n|\n|t:|1614610257\n|switch|p2a: Talonflame|Talonflame, F|98\/100\n|move|p1a: Zarude|Power Whip|p2a: Talonflame\n|-resisted|p2a: Talonflame\n|-damage|p2a: Talonflame|80\/100\n|\n|upkeep\n|turn|50\n|\n|t:|1614610266\n|move|p2a: Talonflame|Will-O-Wisp|p1a: Zarude\n|-status|p1a: Zarude|brn\n|move|p1a: Zarude|U-turn|p2a: Talonflame\n|-resisted|p2a: Talonflame\n|-damage|p2a: Talonflame|77\/100\n|\n|t:|1614610268\n|switch|p1a: Gastrodon|Gastrodon-East, F|82\/100|[from]move: U-turn\n|\n|upkeep\n|turn|51\n|\n|t:|1614610276\n|switch|p1a: Zarude|Zarude|74\/100 brn\n|move|p2a: Talonflame|Brave Bird|p1a: Zarude\n|-supereffective|p1a: Zarude\n|-damage|p1a: Zarude|9\/100 brn\n|-damage|p2a: Talonflame|56\/100|[from] Recoil\n|\n|-damage|p1a: Zarude|3\/100 brn|[from] brn\n|upkeep\n|turn|52\n|\n|t:|1614610281\n|switch|p1a: Gastrodon|Gastrodon-East, F|82\/100\n|move|p2a: Talonflame|Brave Bird|p1a: Gastrodon\n|-damage|p1a: Gastrodon|55\/100\n|-damage|p2a: Talonflame|46\/100|[from] Recoil\n|\n|upkeep\n|turn|53\n|\n|t:|1614610284\n|switch|p2a: Gastrodon|Gastrodon-East, M|94\/100\n|move|p1a: Gastrodon|Recover|p1a: Gastrodon\n|-heal|p1a: Gastrodon|100\/100\n|\n|-heal|p2a: Gastrodon|99\/100|[from] item: Leftovers\n|upkeep\n|turn|54\n|\n|t:|1614610288\n|move|p1a: Gastrodon|Earth Power|p2a: Gastrodon\n|-damage|p2a: Gastrodon|74\/100\n|move|p2a: Gastrodon|Scald|p1a: Gastrodon\n|-ability|p1a: Gastrodon|Storm Drain|boost\n|-boost|p1a: Gastrodon|spa|1\n|\n|-heal|p2a: Gastrodon|80\/100|[from] item: Leftovers\n|upkeep\n|turn|55\n|\n|t:|1614610292\n|switch|p1a: Crobat|Crobat, M|98\/100\n|move|p2a: Gastrodon|Toxic|p1a: Crobat\n|-immune|p1a: Crobat\n|\n|-heal|p2a: Gastrodon|86\/100|[from] item: Leftovers\n|upkeep\n|turn|56\n|\n|t:|1614610295\n|move|p1a: Crobat|U-turn|p2a: Gastrodon\n|-damage|p2a: Gastrodon|74\/100\n|\n|t:|1614610297\n|switch|p1a: Gastrodon|Gastrodon-East, F|100\/100|[from]move: U-turn\n|move|p2a: Gastrodon|Scald|p1a: Gastrodon\n|-ability|p1a: Gastrodon|Storm Drain|boost\n|-boost|p1a: Gastrodon|spa|1\n|\n|-heal|p2a: Gastrodon|80\/100|[from] item: Leftovers\n|upkeep\n|turn|57\n|\n|t:|1614610300\n|move|p1a: Gastrodon|Earth Power|p2a: Gastrodon\n|-damage|p2a: Gastrodon|37\/100\n|move|p2a: Gastrodon|Toxic|p1a: Gastrodon\n|-status|p1a: Gastrodon|tox\n|\n|-heal|p2a: Gastrodon|43\/100|[from] item: Leftovers\n|-damage|p1a: Gastrodon|94\/100 tox|[from] psn\n|upkeep\n|turn|58\n|\n|t:|1614610306\n|switch|p2a: Talonflame|Talonflame, F|46\/100\n|move|p1a: Gastrodon|Earth Power|p2a: Talonflame\n|-immune|p2a: Talonflame\n|\n|-damage|p1a: Gastrodon|82\/100 tox|[from] psn\n|upkeep\n|turn|59\n|\n|t:|1614610308\n|switch|p2a: Gastrodon|Gastrodon-East, M|43\/100\n|switch|p1a: Crobat|Crobat, M|98\/100\n|\n|-heal|p2a: Gastrodon|49\/100|[from] item: Leftovers\n|upkeep\n|turn|60\n|\n|t:|1614610311\n|move|p1a: Crobat|Brave Bird|p2a: Gastrodon\n|-damage|p2a: Gastrodon|19\/100\n|-damage|p1a: Crobat|87\/100|[from] Recoil\n|move|p2a: Gastrodon|Recover|p2a: Gastrodon\n|-heal|p2a: Gastrodon|69\/100\n|\n|-heal|p2a: Gastrodon|75\/100|[from] item: Leftovers\n|upkeep\n|turn|61\n|-message|DiameteR\u272fXtreme forfeited.\n|\n|win|Kairak\n|c|\u2606DiameteR\u272fXtreme|gg\n|c|\u2606Kairak|gg\n|c|\u2606DiameteR\u272fXtreme|Did u read that zarude double btw?\n|c|\u2606Kairak|yes\n|c|\u2606DiameteR\u272fXtreme|Cool lol nice\n|l|\u2606DiameteR\u272fXtreme\n|l| A floor mat\n||Ladder (probably) updated, but score could not be retrieved (Request timeout).\n","uploadtime":1614610327,"views":55,"p1id":"diameterxtreme","p2id":"kairak","formatid":"gen8ru","rating":0,"private":0,"password":null}