{"id":"gen8ubers-1098803571","p1":"willcoxw","p2":"noiret","format":"gen8ubers","log":"|j|\u2606willcoxw\n|j|\u2606noiret\n|player|p1|willcoxw|clair|1581\n|player|p2|noiret|1|1435\n|teamsize|p1|6\n|teamsize|p2|6\n|gametype|singles\n|gen|8\n|tier|[Gen 8] Ubers\n|rated|\n|clearpoke\n|poke|p1|Ninjask, M|\n|poke|p1|Jirachi|\n|poke|p1|Vaporeon, M|\n|poke|p1|Dubwool, M|\n|poke|p1|Necrozma-Dusk-Mane|\n|poke|p1|Dragapult, M|\n|poke|p2|Necrozma-Dusk-Mane|\n|poke|p2|Lunala|\n|poke|p2|Mew|\n|poke|p2|Zekrom|\n|poke|p2|Gyarados, M|\n|poke|p2|Mandibuzz, F|\n|rule|Sleep Clause Mod: Limit one foe put to sleep\n|rule|Species Clause: Limit one of each Pok\u00e9mon\n|rule|OHKO Clause: OHKO moves are banned\n|rule|Evasion Moves Clause: Evasion moves are banned\n|rule|Endless Battle Clause: Forcing endless battles is banned\n|rule|HP Percentage Mod: HP is shown in percentages\n|html|Ubers Dynamax Clause: Pok\u00e9mon on the <a href=\"https:\/\/www.smogon.com\/dex\/ss\/formats\/uber\/\">Ubers Dynamax Banlist<\/a> cannot Dynamax.\n|teampreview\n|c|\u2606noiret|hey you\n|\n|start\n|switch|p1a: Jirachi|Jirachi|100\/100\n|switch|p2a: Mew|Mew|100\/100\n|turn|1\n|\n|move|p1a: Jirachi|Trick|p2a: Mew\n|-activate|p1a: Jirachi|move: Trick|[of] p2a: Mew\n|-item|p2a: Mew|Choice Scarf|[from] move: Trick\n|-item|p1a: Jirachi|Focus Sash|[from] move: Trick\n|move|p2a: Mew|Taunt|p1a: Jirachi\n|-start|p1a: Jirachi|move: Taunt\n|\n|upkeep\n|turn|2\n|\n|switch|p2a: Gyarados|Gyarados, M|100\/100\n|-ability|p2a: Gyarados|Intimidate|boost\n|-unboost|p1a: Jirachi|atk|1\n|switch|p1a: Ninjask|Ninjask, M|100\/100\n|\n|upkeep\n|turn|3\n|\n|move|p1a: Ninjask|Substitute|p1a: Ninjask\n|-start|p1a: Ninjask|Substitute\n|-damage|p1a: Ninjask|76\/100\n|move|p2a: Gyarados|Dragon Dance|p2a: Gyarados\n|-boost|p2a: Gyarados|atk|1\n|-boost|p2a: Gyarados|spe|1\n|\n|-heal|p1a: Ninjask|82\/100|[from] item: Leftovers\n|-ability|p1a: Ninjask|Speed Boost|boost\n|-boost|p1a: Ninjask|spe|1\n|upkeep\n|turn|4\n|\n|move|p1a: Ninjask|Baton Pass|p1a: Ninjask\n|\n|switch|p1a: Vaporeon|Vaporeon, M|100\/100|[from]move: Baton Pass\n|move|p2a: Gyarados|Dragon Dance|p2a: Gyarados\n|-boost|p2a: Gyarados|atk|1\n|-boost|p2a: Gyarados|spe|1\n|\n|upkeep\n|turn|5\n|\n|-start|p2a: Gyarados|Dynamax\n|-heal|p2a: Gyarados|100\/100|[silent]\n|move|p2a: Gyarados|Max Quake|p1a: Vaporeon\n|-end|p1a: Vaporeon|Substitute\n|-boost|p2a: Gyarados|spd|1\n|move|p1a: Vaporeon|Acid Armor|p1a: Vaporeon\n|-boost|p1a: Vaporeon|def|2\n|\n|upkeep\n|turn|6\n|\n|move|p2a: Gyarados|Max Quake|p1a: Vaporeon\n|-damage|p1a: Vaporeon|54\/100\n|-boost|p2a: Gyarados|spd|1\n|move|p1a: Vaporeon|Baton Pass|p1a: Vaporeon\n|\n|switch|p1a: Ninjask|Ninjask, M|82\/100|[from]move: Baton Pass\n|\n|-heal|p1a: Ninjask|88\/100|[from] item: Leftovers\n|upkeep\n|turn|7\n|\n|move|p1a: Ninjask|Substitute|p1a: Ninjask\n|-start|p1a: Ninjask|Substitute\n|-damage|p1a: Ninjask|63\/100\n|move|p2a: Gyarados|Max Geyser|p1a: Ninjask\n|-end|p1a: Ninjask|Substitute\n|-weather|RainDance\n|\n|-weather|RainDance|[upkeep]\n|-heal|p1a: Ninjask|69\/100|[from] item: Leftovers\n|-ability|p1a: Ninjask|Speed Boost|boost\n|-boost|p1a: Ninjask|spe|1\n|-end|p2a: Gyarados|Dynamax\n|-heal|p2a: Gyarados|100\/100|[silent]\n|upkeep\n|turn|8\n|\n|move|p1a: Ninjask|Protect|p1a: Ninjask\n|-singleturn|p1a: Ninjask|Protect\n|move|p2a: Gyarados|Dragon Dance|p2a: Gyarados\n|-boost|p2a: Gyarados|atk|1\n|-boost|p2a: Gyarados|spe|1\n|\n|-weather|RainDance|[upkeep]\n|-heal|p1a: Ninjask|75\/100|[from] item: Leftovers\n|-ability|p1a: Ninjask|Speed Boost|boost\n|-boost|p1a: Ninjask|spe|1\n|upkeep\n|turn|9\n|\n|move|p1a: Ninjask|Substitute|p1a: Ninjask\n|-start|p1a: Ninjask|Substitute\n|-damage|p1a: Ninjask|50\/100\n|move|p2a: Gyarados|Dragon Dance|p2a: Gyarados\n|-boost|p2a: Gyarados|atk|1\n|-boost|p2a: Gyarados|spe|1\n|\n|-weather|RainDance|[upkeep]\n|-heal|p1a: Ninjask|57\/100|[from] item: Leftovers\n|-ability|p1a: Ninjask|Speed Boost|boost\n|-boost|p1a: Ninjask|spe|1\n|upkeep\n|turn|10\n|\n|move|p1a: Ninjask|Baton Pass|p1a: Ninjask\n|\n|switch|p1a: Vaporeon|Vaporeon, M|54\/100|[from]move: Baton Pass\n|move|p2a: Gyarados|Substitute|p2a: Gyarados\n|-start|p2a: Gyarados|Substitute\n|-damage|p2a: Gyarados|76\/100\n|\n|-weather|RainDance|[upkeep]\n|-heal|p2a: Gyarados|82\/100|[from] item: Leftovers\n|-heal|p1a: Vaporeon|60\/100|[from] item: Leftovers\n|upkeep\n|turn|11\n|\n|move|p2a: Gyarados|Earthquake|p1a: Vaporeon\n|-end|p1a: Vaporeon|Substitute\n|move|p1a: Vaporeon|Aqua Ring|p1a: Vaporeon\n|-start|p1a: Vaporeon|Aqua Ring\n|\n|-weather|none\n|-heal|p2a: Gyarados|88\/100|[from] item: Leftovers\n|-heal|p1a: Vaporeon|66\/100|[from] item: Leftovers\n|-heal|p1a: Vaporeon|72\/100|[from] Aqua Ring\n|upkeep\n|turn|12\n|\n|move|p2a: Gyarados|Earthquake|p1a: Vaporeon\n|-damage|p1a: Vaporeon|17\/100\n|move|p1a: Vaporeon|Baton Pass|p1a: Vaporeon\n|\n|switch|p1a: Ninjask|Ninjask, M|57\/100|[from]move: Baton Pass\n|\n|-heal|p1a: Ninjask|63\/100|[from] item: Leftovers\n|-heal|p2a: Gyarados|94\/100|[from] item: Leftovers\n|-heal|p1a: Ninjask|69\/100|[from] Aqua Ring\n|upkeep\n|turn|13\n|\n|move|p1a: Ninjask|Protect|p1a: Ninjask\n|-singleturn|p1a: Ninjask|Protect\n|move|p2a: Gyarados|Waterfall|p1a: Ninjask\n|-activate|p1a: Ninjask|move: Protect\n|\n|-heal|p1a: Ninjask|75\/100|[from] item: Leftovers\n|-heal|p2a: Gyarados|99\/100|[from] item: Leftovers\n|-heal|p1a: Ninjask|81\/100|[from] Aqua Ring\n|-ability|p1a: Ninjask|Speed Boost|boost\n|-boost|p1a: Ninjask|spe|1\n|upkeep\n|turn|14\n|\n|move|p1a: Ninjask|Substitute|p1a: Ninjask\n|-start|p1a: Ninjask|Substitute\n|-damage|p1a: Ninjask|56\/100\n|move|p2a: Gyarados|Waterfall|p1a: Ninjask\n|-end|p1a: Ninjask|Substitute\n|\n|-heal|p1a: Ninjask|62\/100|[from] item: Leftovers\n|-heal|p2a: Gyarados|100\/100|[from] item: Leftovers\n|-heal|p1a: Ninjask|68\/100|[from] Aqua Ring\n|-ability|p1a: Ninjask|Speed Boost|boost\n|-boost|p1a: Ninjask|spe|1\n|upkeep\n|turn|15\n|\n|move|p1a: Ninjask|Baton Pass|p1a: Ninjask\n|\n|switch|p1a: Dubwool|Dubwool, M|100\/100|[from]move: Baton Pass\n|move|p2a: Gyarados|Dragon Dance|p2a: Gyarados\n|-boost|p2a: Gyarados|atk|1\n|-boost|p2a: Gyarados|spe|1\n|\n|upkeep\n|turn|16\n|\n|move|p1a: Dubwool|Cotton Guard|p1a: Dubwool\n|-boost|p1a: Dubwool|def|3\n|move|p2a: Gyarados|Waterfall|p1a: Dubwool\n|-crit|p1a: Dubwool\n|-damage|p1a: Dubwool|10\/100\n|\n|-heal|p1a: Dubwool|16\/100|[from] item: Leftovers\n|-heal|p1a: Dubwool|22\/100|[from] Aqua Ring\n|upkeep\n|turn|17\n|\n|move|p1a: Dubwool|Baton Pass|p1a: Dubwool\n|\n|switch|p1a: Vaporeon|Vaporeon, M|17\/100|[from]move: Baton Pass\n|move|p2a: Gyarados|Earthquake|p1a: Vaporeon\n|-damage|p1a: Vaporeon|0 fnt\n|faint|p1a: Vaporeon\n|\n|upkeep\n|-message|willcoxw forfeited.\n|\n|win|noiret\n|l|\u2606willcoxw\n|raw|willcoxw's rating: 1581 &rarr; <strong>1554<\/strong><br \/>(-27 for losing)\n|raw|noiret's rating: 1435 &rarr; <strong>1463<\/strong><br \/>(+28 for winning)\n","uploadtime":1587201350,"views":21,"p1id":"willcoxw","p2id":"noiret","formatid":"gen8ubers","rating":1463,"private":0,"password":null}