{"id":"gen8randombattle-1612745944","p1":"TheWorst1!","p2":"george malone","format":"gen8randombattle","log":"|j|\u2606TheWorst1!\n|j|\u203dgeorge malone\n|t:|1657256242\n|gametype|singles\n|player|p1|TheWorst1!|hugh|1586\n|player|p2|george malone|169|1553\n|teamsize|p1|6\n|teamsize|p2|6\n|gen|8\n|tier|[Gen 8] Random Battle\n|rated|\n|rule|Species Clause: Limit one of each Pok\u00e9mon\n|rule|HP Percentage Mod: HP is shown in percentages\n|rule|Sleep Clause Mod: Limit one foe put to sleep\n|\n|t:|1657256242\n|start\n|switch|p1a: Volcanion|Volcanion, L80|259\/259\n|switch|p2a: Mewtwo|Mewtwo, L72|272\/272\n|-ability|p2a: Mewtwo|Unnerve\n|turn|1\n|inactive|Battle timer is ON: inactive players will automatically lose when time's up. (requested by george malone)\n|\n|t:|1657256253\n|switch|p2a: Lanturn|Lanturn, L86, M|355\/355\n|move|p1a: Volcanion|Steam Eruption|p2a: Lanturn\n|-resisted|p2a: Lanturn\n|-damage|p2a: Lanturn|283\/355\n|-status|p2a: Lanturn|brn\n|\n|-heal|p2a: Lanturn|305\/355 brn|[from] item: Leftovers\n|-damage|p2a: Lanturn|283\/355 brn|[from] brn\n|upkeep\n|turn|2\n|\n|t:|1657256272\n|switch|p1a: Togedemaru|Togedemaru, L86, M|252\/252\n|move|p2a: Lanturn|Volt Switch|p1a: Togedemaru\n|-resisted|p1a: Togedemaru\n|-damage|p1a: Togedemaru|216\/252\n|\n|t:|1657256278\n|switch|p2a: Bronzong|Bronzong, L82|244\/244\n|\n|-heal|p1a: Togedemaru|231\/252|[from] item: Leftovers\n|upkeep\n|turn|3\n|\n|t:|1657256286\n|move|p1a: Togedemaru|Zing Zap|p2a: Bronzong\n|-damage|p2a: Bronzong|175\/244\n|move|p2a: Bronzong|Stealth Rock|p1a: Togedemaru\n|-sidestart|p1: TheWorst1!|move: Stealth Rock\n|\n|-heal|p1a: Togedemaru|246\/252|[from] item: Leftovers\n|-heal|p2a: Bronzong|190\/244|[from] item: Leftovers\n|upkeep\n|turn|4\n|\n|t:|1657256295\n|switch|p1a: Noivern|Noivern, L82, F|274\/274\n|-damage|p1a: Noivern|206\/274|[from] Stealth Rock\n|move|p2a: Bronzong|Earthquake|p1a: Noivern\n|-immune|p1a: Noivern\n|\n|-heal|p2a: Bronzong|205\/244|[from] item: Leftovers\n|upkeep\n|turn|5\n|\n|t:|1657256307\n|move|p1a: Noivern|Switcheroo|p2a: Bronzong\n|-activate|p1a: Noivern|move: Trick|[of] p2a: Bronzong\n|-item|p2a: Bronzong|Choice Specs|[from] move: Switcheroo\n|-item|p1a: Noivern|Leftovers|[from] move: Switcheroo\n|move|p2a: Bronzong|Toxic|p1a: Noivern\n|-status|p1a: Noivern|tox\n|\n|-heal|p1a: Noivern|223\/274 tox|[from] item: Leftovers\n|-damage|p1a: Noivern|206\/274 tox|[from] psn\n|upkeep\n|turn|6\n|\n|t:|1657256316\n|switch|p1a: Togedemaru|Togedemaru, L86, M|246\/252\n|-damage|p1a: Togedemaru|231\/252|[from] Stealth Rock\n|switch|p2a: Lanturn|Lanturn, L86, M|283\/355 brn\n|\n|-heal|p1a: Togedemaru|246\/252|[from] item: Leftovers\n|-heal|p2a: Lanturn|305\/355 brn|[from] item: Leftovers\n|-damage|p2a: Lanturn|283\/355 brn|[from] brn\n|upkeep\n|turn|7\n|\n|t:|1657256328\n|switch|p2a: Swampert|Swampert, L80, F|291\/291\n|move|p1a: Togedemaru|Spiky Shield||[still]\n|-fail|p1a: Togedemaru\n|\n|-heal|p1a: Togedemaru|252\/252|[from] item: Leftovers\n|upkeep\n|turn|8\n|\n|t:|1657256341\n|move|p1a: Togedemaru|Spiky Shield|p1a: Togedemaru\n|-singleturn|p1a: Togedemaru|move: Protect\n|move|p2a: Swampert|Earthquake|p1a: Togedemaru\n|-activate|p1a: Togedemaru|move: Protect\n|\n|upkeep\n|turn|9\n|\n|t:|1657256349\n|switch|p1a: Noivern|Noivern, L82, F|206\/274 tox\n|-damage|p1a: Noivern|138\/274 tox|[from] Stealth Rock\n|move|p2a: Swampert|Ice Beam|p1a: Noivern\n|-supereffective|p1a: Noivern\n|-damage|p1a: Noivern|0 fnt\n|faint|p1a: Noivern\n|\n|upkeep\n|\n|t:|1657256358\n|switch|p1a: Vaporeon|Vaporeon, L84, M|356\/356\n|-damage|p1a: Vaporeon|312\/356|[from] Stealth Rock\n|turn|10\n|\n|t:|1657256363\n|switch|p2a: Bronzong|Bronzong, L82|205\/244\n|move|p1a: Vaporeon|Toxic|p2a: Bronzong|[miss]\n|-miss|p1a: Vaporeon|p2a: Bronzong\n|\n|-heal|p1a: Vaporeon|334\/356|[from] item: Leftovers\n|upkeep\n|turn|11\n|\n|t:|1657256371\n|switch|p1a: Togedemaru|Togedemaru, L86, M|252\/252\n|-damage|p1a: Togedemaru|237\/252|[from] Stealth Rock\n|move|p2a: Bronzong|Toxic|p1a: Togedemaru\n|-immune|p1a: Togedemaru\n|\n|-heal|p1a: Togedemaru|252\/252|[from] item: Leftovers\n|upkeep\n|turn|12\n|\n|t:|1657256382\n|switch|p2a: Swampert|Swampert, L80, F|291\/291\n|move|p1a: Togedemaru|Wish|p1a: Togedemaru\n|\n|upkeep\n|turn|13\n|\n|t:|1657256389\n|switch|p1a: Vaporeon|Vaporeon, L84, M|334\/356\n|-damage|p1a: Vaporeon|290\/356|[from] Stealth Rock\n|move|p2a: Swampert|Toxic|p1a: Vaporeon\n|-status|p1a: Vaporeon|tox\n|\n|-heal|p1a: Vaporeon|356\/356 tox|[from] move: Wish|[wisher] Togedemaru\n|-damage|p1a: Vaporeon|334\/356 tox|[from] psn\n|upkeep\n|turn|14\n|\n|t:|1657256402\n|switch|p2a: Lanturn|Lanturn, L86, M|283\/355 brn\n|move|p1a: Vaporeon|Scald|p2a: Lanturn\n|-resisted|p2a: Lanturn\n|-crit|p2a: Lanturn\n|-damage|p2a: Lanturn|205\/355 brn\n|\n|-heal|p2a: Lanturn|227\/355 brn|[from] item: Leftovers\n|-heal|p1a: Vaporeon|356\/356 tox|[from] item: Leftovers\n|-damage|p1a: Vaporeon|312\/356 tox|[from] psn\n|-damage|p2a: Lanturn|205\/355 brn|[from] brn\n|upkeep\n|turn|15\n|\n|t:|1657256420\n|switch|p1a: Mamoswine|Mamoswine, L80, F|307\/307\n|-damage|p1a: Mamoswine|269\/307|[from] Stealth Rock\n|move|p2a: Lanturn|Volt Switch|p1a: Mamoswine\n|-immune|p1a: Mamoswine\n|\n|-heal|p2a: Lanturn|227\/355 brn|[from] item: Leftovers\n|-damage|p2a: Lanturn|205\/355 brn|[from] brn\n|upkeep\n|turn|16\n|\n|t:|1657256433\n|switch|p2a: Bronzong|Bronzong, L82|205\/244\n|move|p1a: Mamoswine|Superpower|p2a: Bronzong\n|-damage|p2a: Bronzong|88\/244\n|-unboost|p1a: Mamoswine|atk|1\n|-unboost|p1a: Mamoswine|def|1\n|\n|upkeep\n|turn|17\n|\n|t:|1657256442\n|move|p1a: Mamoswine|Superpower|p2a: Bronzong\n|-damage|p2a: Bronzong|11\/244\n|-unboost|p1a: Mamoswine|atk|1\n|-unboost|p1a: Mamoswine|def|1\n|move|p2a: Bronzong|Earthquake|p1a: Mamoswine\n|-damage|p1a: Mamoswine|117\/307\n|\n|upkeep\n|turn|18\n|\n|t:|1657256452\n|move|p1a: Mamoswine|Superpower|p2a: Bronzong\n|-damage|p2a: Bronzong|0 fnt\n|-unboost|p1a: Mamoswine|atk|1\n|-unboost|p1a: Mamoswine|def|1\n|faint|p2a: Bronzong\n|\n|upkeep\n|c|\u2606TheWorst1!|;)\n|\n|t:|1657256457\n|switch|p2a: Crustle|Crustle, L82, F|249\/249\n|turn|19\n|\n|t:|1657256469\n|switch|p1a: Vaporeon|Vaporeon, L84, M|312\/356 tox\n|-damage|p1a: Vaporeon|268\/356 tox|[from] Stealth Rock\n|move|p2a: Crustle|Shell Smash|p2a: Crustle\n|-unboost|p2a: Crustle|def|1\n|-unboost|p2a: Crustle|spd|1\n|-boost|p2a: Crustle|atk|2\n|-boost|p2a: Crustle|spa|2\n|-boost|p2a: Crustle|spe|2\n|\n|-heal|p1a: Vaporeon|290\/356 tox|[from] item: Leftovers\n|-damage|p1a: Vaporeon|268\/356 tox|[from] psn\n|upkeep\n|turn|20\n|\n|t:|1657256484\n|-start|p2a: Crustle|Dynamax|\n|-heal|p2a: Crustle|498\/498|[silent]\n|move|p2a: Crustle|Max Rockfall|p1a: Vaporeon\n|-damage|p1a: Vaporeon|0 fnt\n|-weather|Sandstorm\n|faint|p1a: Vaporeon\n|\n|-weather|Sandstorm|[upkeep]\n|upkeep\n|\n|t:|1657256497\n|switch|p1a: Togedemaru|Togedemaru, L86, M|252\/252\n|-damage|p1a: Togedemaru|237\/252|[from] Stealth Rock\n|turn|21\n|\n|t:|1657256505\n|move|p1a: Togedemaru|Spiky Shield|p1a: Togedemaru\n|-singleturn|p1a: Togedemaru|move: Protect\n|move|p2a: Crustle|Max Quake|p1a: Togedemaru\n|-supereffective|p1a: Togedemaru\n|-zbroken|p1a: Togedemaru\n|-damage|p1a: Togedemaru|18\/252\n|-boost|p2a: Crustle|spd|1\n|\n|-weather|Sandstorm|[upkeep]\n|-heal|p1a: Togedemaru|33\/252|[from] item: Leftovers\n|upkeep\n|turn|22\n|\n|t:|1657256518\n|move|p2a: Crustle|Max Quake|p1a: Togedemaru\n|-supereffective|p1a: Togedemaru\n|-damage|p1a: Togedemaru|0 fnt\n|-boost|p2a: Crustle|spd|1\n|faint|p1a: Togedemaru\n|\n|-weather|Sandstorm|[upkeep]\n|upkeep\n|\n|t:|1657256528\n|switch|p1a: Mamoswine|Mamoswine, L80, F|117\/307\n|-damage|p1a: Mamoswine|79\/307|[from] Stealth Rock\n|-end|p2a: Crustle|Dynamax\n|-heal|p2a: Crustle|249\/249|[silent]\n|turn|23\n|\n|t:|1657256534\n|move|p1a: Mamoswine|Ice Shard|p2a: Crustle\n|-damage|p2a: Crustle|161\/249\n|move|p2a: Crustle|X-Scissor|p1a: Mamoswine\n|-damage|p1a: Mamoswine|0 fnt\n|faint|p1a: Mamoswine\n|\n|-weather|Sandstorm|[upkeep]\n|upkeep\n|\n|t:|1657256544\n|switch|p1a: Volcanion|Volcanion, L80|259\/259\n|-damage|p1a: Volcanion|195\/259|[from] Stealth Rock\n|turn|24\n|\n|t:|1657256555\n|-start|p1a: Volcanion|Dynamax|\n|-heal|p1a: Volcanion|390\/518|[silent]\n|move|p2a: Crustle|Earthquake|p1a: Volcanion\n|-supereffective|p1a: Volcanion\n|-damage|p1a: Volcanion|140\/518\n|move|p1a: Volcanion|Max Quake|p2a: Crustle\n|-damage|p2a: Crustle|102\/249\n|-boost|p1a: Volcanion|spd|1\n|\n|-weather|none\n|upkeep\n|turn|25\n|\n|t:|1657256565\n|move|p2a: Crustle|Earthquake|p1a: Volcanion\n|-supereffective|p1a: Volcanion\n|-damage|p1a: Volcanion|0 fnt\n|faint|p1a: Volcanion\n|\n|upkeep\n|\n|t:|1657256570\n|switch|p1a: Dedenne|Dedenne, L87, F|258\/258\n|-damage|p1a: Dedenne|226\/258|[from] Stealth Rock\n|turn|26\n|c|\u2606TheWorst1!|gg\n|\n|t:|1657256579\n|move|p2a: Crustle|Earthquake|p1a: Dedenne\n|-supereffective|p1a: Dedenne\n|-damage|p1a: Dedenne|0 fnt\n|faint|p1a: Dedenne\n|\n|win|george malone\n|raw|TheWorst1!'s rating: 1586 &rarr; <strong>1564<\/strong><br \/>(-22 for losing)\n|raw|george malone's rating: 1553 &rarr; <strong>1575<\/strong><br \/>(+22 for winning)\n|l|\u2606TheWorst1!\n","inputlog":">version 11c68141c380f61e2da7046fb748694845aecef0\n>start {\"formatid\":\"gen8randombattle\",\"seed\":[62267,13639,35534,55752],\"rated\":\"Rated battle\"}\n>player p1 {\"name\":\"TheWorst1!\",\"avatar\":\"hugh\",\"rating\":1586,\"seed\":[53434,55455,55548,36718]}\n>player p2 {\"name\":\"george malone\",\"avatar\":\"169\",\"rating\":1553,\"seed\":[63579,53370,36228,14840]}\n>p1 move steameruption\n>p2 switch 6\n>p1 switch 4\n>p2 move voltswitch\n>p2 switch 5\n>p1 move zingzap\n>p2 move stealthrock\n>p1 switch 5\n>p2 move earthquake\n>p1 move switcheroo\n>p2 move toxic\n>p1 switch 5\n>p2 switch 5\n>p1 move spikyshield\n>p2 switch 4\n>p1 move spikyshield\n>p2 move earthquake\n>p1 switch 5\n>p2 move icebeam\n>p1 switch 6\n>p1 move toxic\n>p2 switch 5\n>p1 switch 5\n>p2 move toxic\n>p1 move wish\n>p2 switch 5\n>p1 switch 5\n>p2 move toxic\n>p1 move scald\n>p2 switch 4\n>p1 switch 3\n>p2 move voltswitch\n>p1 move superpower\n>p2 switch 5\n>p1 move superpower\n>p2 move earthquake\n>p1 move superpower\n>p2 move earthquake\n>chat \u2606TheWorst1!|;)\n>p2 switch 2\n>p1 switch 3\n>p2 move shellsmash\n>p1 move scald\n>p2 move stoneedge dynamax\n>p1 switch 5\n>p1 move spikyshield\n>p2 move earthquake dynamax\n>p1 move ironhead\n>p2 move earthquake dynamax\n>p1 switch 3\n>p1 move iceshard\n>p2 move xscissor\n>p1 switch 4\n>p1 move earthpower dynamax\n>p2 move earthquake\n>p1 move steameruption dynamax\n>p2 move earthquake\n>p1 switch 2\n>chat \u2606TheWorst1!|gg\n>p1 move thunderbolt\n>p2 move earthquake","uploadtime":1657256584,"views":7,"p1id":"theworst1","p2id":"georgemalone","formatid":"gen8randombattle","rating":1564,"private":0,"password":null}