{"id":"gen8battlestadiumsingles-1041675199","p1":"PokeDa","p2":"Yakult_Ako","format":"gen8battlestadiumsingles","log":"|j|\u2606PokeDa\n|j|\u2606Yakult_Ako\n|player|p1|PokeDa|wallace|\n|player|p2|Yakult_Ako|1|\n|teamsize|p1|6\n|teamsize|p2|6\n|gametype|singles\n|gen|8\n|tier|[Gen 8] Battle Stadium Singles\n|rule|Species Clause: Limit one of each Pok\u00e9mon\n|rule|Item Clause: Limit one of each item\n|clearpoke\n|poke|p1|Clefable, L50, M|\n|poke|p1|Hippowdon, L50, M|\n|poke|p1|Excadrill, L50, M|\n|poke|p1|Dracozolt, L50|\n|poke|p1|Ferrothorn, L50, M|\n|poke|p1|Gigalith, L50, F|\n|poke|p2|Clefable, L50, M|\n|poke|p2|Excadrill, L50, F|\n|poke|p2|Dragapult, L50, M|\n|poke|p2|Corviknight, L50, F|\n|poke|p2|Mimikyu, L50, M|\n|poke|p2|Gyarados, L50, M|\n|teampreview|3\n|\n|start\n|switch|p1a: Ferrothorn|Ferrothorn, L50, M|48\/48\n|switch|p2a: Dragapult|Dragapult, L50, M|48\/48\n|turn|1\n|\n|move|p2a: Dragapult|Flamethrower|p1a: Ferrothorn\n|-supereffective|p1a: Ferrothorn\n|-enditem|p1a: Ferrothorn|Occa Berry|[eat]\n|-enditem|p1a: Ferrothorn|Occa Berry|[weaken]\n|-damage|p1a: Ferrothorn|13\/48\n|-status|p1a: Ferrothorn|brn\n|move|p1a: Ferrothorn|Gravity|p1a: Ferrothorn\n|-fieldstart|move: Gravity\n|\n|-damage|p1a: Ferrothorn|10\/48 brn|[from] brn\n|upkeep\n|turn|2\n|\n|switch|p1a: Hippowdon|Hippowdon, L50, M|48\/48\n|-weather|Sandstorm|[from] ability: Sand Stream|[of] p1a: Hippowdon\n|-start|p2a: Dragapult|Dynamax\n|-heal|p2a: Dragapult|48\/48|[silent]\n|move|p2a: Dragapult|Max Wyrmwind|p1a: Hippowdon\n|-damage|p1a: Hippowdon|14\/48\n|-unboost|p1a: Hippowdon|atk|1\n|-enditem|p1a: Hippowdon|Eject Button\n|\n|switch|p1a: Excadrill|Excadrill, L50, M|48\/48\n|\n|-weather|Sandstorm|[upkeep]\n|-damage|p2a: Dragapult|46\/48|[from] Sandstorm\n|upkeep\n|turn|3\n|\n|-start|p1a: Excadrill|Dynamax\n|-heal|p1a: Excadrill|48\/48|[silent]\n|move|p1a: Excadrill|Max Quake|p2a: Dragapult\n|-damage|p2a: Dragapult|13\/48\n|-boost|p1a: Excadrill|spd|1\n|-damage|p1a: Excadrill|45\/48|[from] item: Life Orb\n|move|p2a: Dragapult|Max Flare|p1a: Excadrill\n|-supereffective|p1a: Excadrill\n|-damage|p1a: Excadrill|27\/48\n|-weather|SunnyDay\n|\n|-weather|SunnyDay|[upkeep]\n|upkeep\n|turn|4\n|\n|-end|p2a: Dragapult|Dynamax\n|-heal|p2a: Dragapult|13\/48|[silent]\n|switch|p2a: Gyarados|Gyarados, L50, M|48\/48\n|move|p1a: Excadrill|Max Steelspike|p2a: Gyarados\n|-resisted|p2a: Gyarados\n|-damage|p2a: Gyarados|16\/48\n|-boost|p1a: Excadrill|def|1\n|-damage|p1a: Excadrill|25\/48|[from] item: Life Orb\n|\n|-weather|SunnyDay|[upkeep]\n|upkeep\n|turn|5\n|c|\u2606Yakult_Ako|\u554a\u5440\n|c|\u2606Yakult_Ako|md\n|\n|move|p2a: Gyarados|Waterfall|p1a: Excadrill\n|-supereffective|p1a: Excadrill\n|-damage|p1a: Excadrill|16\/48\n|move|p1a: Excadrill|Max Rockfall|p2a: Gyarados\n|-supereffective|p2a: Gyarados\n|-damage|p2a: Gyarados|0 fnt\n|-weather|Sandstorm\n|-damage|p1a: Excadrill|14\/48|[from] item: Life Orb\n|faint|p2a: Gyarados\n|\n|-weather|Sandstorm|[upkeep]\n|-fieldend|move: Gravity\n|-end|p1a: Excadrill|Dynamax\n|-heal|p1a: Excadrill|14\/48|[silent]\n|upkeep\n|\n|switch|p2a: Dragapult|Dragapult, L50, M|13\/48\n|turn|6\n|\n|move|p1a: Excadrill|Earthquake|p2a: Dragapult\n|-damage|p2a: Dragapult|0 fnt\n|-damage|p1a: Excadrill|9\/48|[from] item: Life Orb\n|faint|p2a: Dragapult\n|\n|-weather|Sandstorm|[upkeep]\n|upkeep\n|\n|switch|p2a: Clefable|Clefable, L50, M|48\/48\n|turn|7\n|\n|move|p1a: Excadrill|Iron Head|p2a: Clefable\n|-supereffective|p2a: Clefable\n|-damage|p2a: Clefable|0 fnt\n|-damage|p1a: Excadrill|4\/48|[from] item: Life Orb\n|faint|p2a: Clefable\n|\n|win|PokeDa\n|l|\u2606Yakult_Ako\n","uploadtime":1578285766,"views":3,"p1id":"pokeda","p2id":"yakultako","formatid":"gen8battlestadiumsingles","rating":0,"private":0,"password":null}