{"id":"gen8randombattle-1603114528","p1":"okaybears","p2":"exfir","format":"gen8randombattle","log":"|j|\u203dokaybears\n|j|\u2606exfir\n|t:|1656059425\n|gametype|singles\n|player|p1|okaybears|170|1809\n|player|p2|exfir|102|1757\n|teamsize|p1|6\n|teamsize|p2|6\n|gen|8\n|tier|[Gen 8] Random Battle\n|rated|\n|rule|Species Clause: Limit one of each Pok\u00e9mon\n|rule|HP Percentage Mod: HP is shown in percentages\n|rule|Sleep Clause Mod: Limit one foe put to sleep\n|\n|t:|1656059425\n|start\n|switch|p1a: Lucario|Lucario, L82, M|249\/249\n|switch|p2a: Mandibuzz|Mandibuzz, L82, F|315\/315\n|turn|1\n|inactive|Battle timer is ON: inactive players will automatically lose when time's up. (requested by exfir)\n|\n|t:|1656059445\n|switch|p1a: Rotom|Rotom-Frost, L84|221\/221\n|switch|p2a: Virizion|Virizion, L82|283\/283\n|\n|upkeep\n|turn|2\n|\n|t:|1656059453\n|switch|p1a: Arcanine|Arcanine, L82, M|282\/282\n|-ability|p1a: Arcanine|Intimidate|boost\n|-unboost|p2a: Virizion|atk|1\n|move|p2a: Virizion|Swords Dance|p2a: Virizion\n|-boost|p2a: Virizion|atk|2\n|\n|upkeep\n|turn|3\n|\n|t:|1656059460\n|move|p2a: Virizion|Stone Edge|p1a: Arcanine\n|-supereffective|p1a: Arcanine\n|-crit|p1a: Arcanine\n|-damage|p1a: Arcanine|0 fnt\n|faint|p1a: Arcanine\n|\n|upkeep\n|\n|t:|1656059469\n|switch|p1a: Marshadow|Marshadow, L70|242\/242\n|turn|4\n|\n|t:|1656059476\n|switch|p2a: Mandibuzz|Mandibuzz, L82, F|315\/315\n|move|p1a: Marshadow|Spectral Thief|p2a: Mandibuzz\n|-resisted|p2a: Mandibuzz\n|-damage|p2a: Mandibuzz|258\/315\n|\n|upkeep\n|turn|5\n|\n|t:|1656059484\n|switch|p1a: Coalossal|Coalossal, L87, F|333\/333\n|move|p2a: Mandibuzz|Brave Bird|p1a: Coalossal\n|-resisted|p1a: Coalossal\n|-damage|p1a: Coalossal|300\/333\n|-damage|p2a: Mandibuzz|247\/315|[from] Recoil\n|\n|upkeep\n|turn|6\n|\n|t:|1656059491\n|move|p2a: Mandibuzz|Toxic|p1a: Coalossal\n|-status|p1a: Coalossal|tox\n|move|p1a: Coalossal|Will-O-Wisp|p2a: Mandibuzz\n|-status|p2a: Mandibuzz|brn\n|\n|-damage|p1a: Coalossal|280\/333 tox|[from] psn\n|-damage|p2a: Mandibuzz|228\/315 brn|[from] brn\n|upkeep\n|turn|7\n|\n|t:|1656059508\n|switch|p2a: Virizion|Virizion, L82|283\/283\n|move|p1a: Coalossal|Stone Edge|p2a: Virizion\n|-resisted|p2a: Virizion\n|-damage|p2a: Virizion|223\/283\n|\n|-damage|p1a: Coalossal|240\/333 tox|[from] psn\n|upkeep\n|turn|8\n|\n|t:|1656059517\n|move|p2a: Virizion|Swords Dance|p2a: Virizion\n|-boost|p2a: Virizion|atk|2\n|move|p1a: Coalossal|Overheat|p2a: Virizion\n|-supereffective|p2a: Virizion\n|-damage|p2a: Virizion|19\/283\n|-unboost|p1a: Coalossal|spa|2\n|\n|-damage|p1a: Coalossal|180\/333 tox|[from] psn\n|upkeep\n|turn|9\n|\n|t:|1656059526\n|move|p2a: Virizion|Close Combat|p1a: Coalossal\n|-supereffective|p1a: Coalossal\n|-damage|p1a: Coalossal|0 fnt\n|-unboost|p2a: Virizion|def|1\n|-unboost|p2a: Virizion|spd|1\n|faint|p1a: Coalossal\n|\n|upkeep\n|\n|t:|1656059529\n|switch|p1a: Lucario|Lucario, L82, M|249\/249\n|turn|10\n|\n|t:|1656059534\n|switch|p2a: Escavalier|Escavalier, L84, M|255\/255\n|move|p1a: Lucario|Extreme Speed|p2a: Escavalier\n|-resisted|p2a: Escavalier\n|-damage|p2a: Escavalier|228\/255\n|\n|-heal|p2a: Escavalier|243\/255|[from] item: Leftovers\n|upkeep\n|turn|11\n|\n|t:|1656059545\n|switch|p1a: Rotom|Rotom-Frost, L84|221\/221\n|move|p2a: Escavalier|Iron Head|p1a: Rotom\n|-damage|p1a: Rotom|134\/221\n|\n|-heal|p2a: Escavalier|255\/255|[from] item: Leftovers\n|upkeep\n|turn|12\n|\n|t:|1656059555\n|switch|p2a: Mandibuzz|Mandibuzz, L82, F|228\/315 brn\n|move|p1a: Rotom|Thunderbolt|p2a: Mandibuzz\n|-supereffective|p2a: Mandibuzz\n|-damage|p2a: Mandibuzz|42\/315 brn\n|\n|-damage|p2a: Mandibuzz|23\/315 brn|[from] brn\n|upkeep\n|turn|13\n|\n|t:|1656059565\n|switch|p2a: Pikachu|Pikachu-Unova, L92, M|214\/214\n|move|p1a: Rotom|Thunderbolt|p2a: Pikachu\n|-ability|p2a: Pikachu|Lightning Rod|boost\n|-boost|p2a: Pikachu|spa|1\n|\n|upkeep\n|turn|14\n|\n|t:|1656059577\n|move|p2a: Pikachu|Surf|p1a: Rotom\n|-damage|p1a: Rotom|18\/221\n|move|p1a: Rotom|Blizzard|p2a: Pikachu\n|-damage|p2a: Pikachu|55\/214\n|\n|upkeep\n|turn|15\n|\n|t:|1656059584\n|move|p2a: Pikachu|Volt Switch|p1a: Rotom\n|-resisted|p1a: Rotom\n|-damage|p1a: Rotom|0 fnt\n|faint|p1a: Rotom\n|\n|t:|1656059588\n|switch|p2a: Escavalier|Escavalier, L84, M|255\/255\n|\n|upkeep\n|\n|t:|1656059606\n|switch|p1a: Slowking|Slowking, L86, M|304\/304\n|turn|16\n|\n|t:|1656059610\n|move|p1a: Slowking|Scald|p2a: Escavalier\n|-damage|p2a: Escavalier|170\/255\n|-status|p2a: Escavalier|brn\n|move|p2a: Escavalier|Megahorn|p1a: Slowking\n|-supereffective|p1a: Slowking\n|-damage|p1a: Slowking|132\/304\n|\n|-heal|p1a: Slowking|151\/304|[from] item: Leftovers\n|-heal|p2a: Escavalier|185\/255 brn|[from] item: Leftovers\n|-damage|p2a: Escavalier|170\/255 brn|[from] brn\n|upkeep\n|turn|17\n|\n|t:|1656059621\n|switch|p1a: Marshadow|Marshadow, L70|242\/242\n|move|p2a: Escavalier|Swords Dance|p2a: Escavalier\n|-boost|p2a: Escavalier|atk|2\n|\n|-heal|p2a: Escavalier|185\/255 brn|[from] item: Leftovers\n|-damage|p2a: Escavalier|170\/255 brn|[from] brn\n|upkeep\n|turn|18\n|\n|t:|1656059629\n|switch|p2a: Mandibuzz|Mandibuzz, L82, F|23\/315 brn\n|move|p1a: Marshadow|Spectral Thief|p2a: Mandibuzz\n|-resisted|p2a: Mandibuzz\n|-damage|p2a: Mandibuzz|0 fnt\n|faint|p2a: Mandibuzz\n|\n|upkeep\n|\n|t:|1656059637\n|switch|p2a: Pikachu|Pikachu-Unova, L92, M|55\/214\n|turn|19\n|\n|t:|1656059651\n|move|p2a: Pikachu|Volt Tackle|p1a: Marshadow\n|-damage|p1a: Marshadow|0 fnt\n|faint|p1a: Marshadow\n|-damage|p2a: Pikachu|0 fnt|[from] Recoil\n|faint|p2a: Pikachu\n|\n|upkeep\n|\n|t:|1656059661\n|switch|p2a: Virizion|Virizion, L82|19\/283\n|switch|p1a: Lucario|Lucario, L82, M|249\/249\n|turn|20\n|\n|t:|1656059665\n|switch|p2a: Escavalier|Escavalier, L84, M|170\/255 brn\n|move|p1a: Lucario|Extreme Speed|p2a: Escavalier\n|-resisted|p2a: Escavalier\n|-damage|p2a: Escavalier|143\/255 brn\n|\n|-heal|p2a: Escavalier|158\/255 brn|[from] item: Leftovers\n|-damage|p2a: Escavalier|143\/255 brn|[from] brn\n|upkeep\n|turn|21\n|\n|t:|1656059674\n|move|p1a: Lucario|Swords Dance|p1a: Lucario\n|-boost|p1a: Lucario|atk|2\n|move|p2a: Escavalier|Iron Head|p1a: Lucario\n|-resisted|p1a: Lucario\n|-damage|p1a: Lucario|215\/249\n|\n|-heal|p2a: Escavalier|158\/255 brn|[from] item: Leftovers\n|-damage|p2a: Escavalier|143\/255 brn|[from] brn\n|upkeep\n|turn|22\n|\n|t:|1656059684\n|move|p1a: Lucario|Swords Dance|p1a: Lucario\n|-boost|p1a: Lucario|atk|2\n|move|p2a: Escavalier|Iron Head|p1a: Lucario\n|-resisted|p1a: Lucario\n|-damage|p1a: Lucario|182\/249\n|\n|-heal|p2a: Escavalier|158\/255 brn|[from] item: Leftovers\n|-damage|p2a: Escavalier|143\/255 brn|[from] brn\n|upkeep\n|turn|23\n|\n|t:|1656059692\n|move|p1a: Lucario|Meteor Mash|p2a: Escavalier\n|-resisted|p2a: Escavalier\n|-damage|p2a: Escavalier|23\/255 brn\n|move|p2a: Escavalier|Iron Head|p1a: Lucario\n|-resisted|p1a: Lucario\n|-damage|p1a: Lucario|148\/249\n|\n|-heal|p2a: Escavalier|38\/255 brn|[from] item: Leftovers\n|-damage|p2a: Escavalier|23\/255 brn|[from] brn\n|upkeep\n|turn|24\n|\n|t:|1656059701\n|move|p1a: Lucario|Meteor Mash|p2a: Escavalier|[miss]\n|-miss|p1a: Lucario|p2a: Escavalier\n|move|p2a: Escavalier|Iron Head|p1a: Lucario\n|-resisted|p1a: Lucario\n|-damage|p1a: Lucario|113\/249\n|\n|-heal|p2a: Escavalier|38\/255 brn|[from] item: Leftovers\n|-damage|p2a: Escavalier|23\/255 brn|[from] brn\n|upkeep\n|turn|25\n|\n|t:|1656059708\n|move|p1a: Lucario|Meteor Mash|p2a: Escavalier\n|-resisted|p2a: Escavalier\n|-damage|p2a: Escavalier|0 fnt\n|faint|p2a: Escavalier\n|\n|upkeep\n|\n|t:|1656059713\n|switch|p2a: Klinklang|Klinklang, L84|238\/238\n|turn|26\n|\n|t:|1656059720\n|move|p2a: Klinklang|Substitute|p2a: Klinklang\n|-start|p2a: Klinklang|Substitute\n|-damage|p2a: Klinklang|179\/238\n|move|p1a: Lucario|Close Combat|p2a: Klinklang\n|-supereffective|p2a: Klinklang\n|-end|p2a: Klinklang|Substitute\n|-unboost|p1a: Lucario|def|1\n|-unboost|p1a: Lucario|spd|1\n|\n|-heal|p2a: Klinklang|193\/238|[from] item: Leftovers\n|upkeep\n|turn|27\n|\n|t:|1656059736\n|-start|p1a: Lucario|Dynamax|\n|-heal|p1a: Lucario|226\/498|[silent]\n|move|p2a: Klinklang|Substitute|p2a: Klinklang\n|-start|p2a: Klinklang|Substitute\n|-damage|p2a: Klinklang|134\/238\n|move|p1a: Lucario|Max Strike|p2a: Klinklang\n|-resisted|p2a: Klinklang\n|-end|p2a: Klinklang|Substitute\n|-fail|p2a: Klinklang|unboost|[from] ability: Clear Body|[of] p2a: Klinklang\n|\n|-heal|p2a: Klinklang|148\/238|[from] item: Leftovers\n|upkeep\n|turn|28\n|\n|t:|1656059747\n|move|p2a: Klinklang|Substitute|p2a: Klinklang\n|-start|p2a: Klinklang|Substitute\n|-damage|p2a: Klinklang|89\/238\n|move|p1a: Lucario|Max Knuckle|p2a: Klinklang\n|-supereffective|p2a: Klinklang\n|-end|p2a: Klinklang|Substitute\n|-boost|p1a: Lucario|atk|1\n|\n|-heal|p2a: Klinklang|103\/238|[from] item: Leftovers\n|upkeep\n|turn|29\n|\n|t:|1656059763\n|-start|p2a: Klinklang|Dynamax|\n|-heal|p2a: Klinklang|206\/476|[silent]\n|move|p2a: Klinklang|Max Guard|p2a: Klinklang\n|-singleturn|p2a: Klinklang|Max Guard\n|move|p1a: Lucario|Max Knuckle|p2a: Klinklang\n|-activate|p2a: Klinklang|move: Max Guard\n|\n|-heal|p2a: Klinklang|220\/476|[from] item: Leftovers\n|upkeep\n|-end|p1a: Lucario|Dynamax\n|-heal|p1a: Lucario|113\/249|[silent]\n|turn|30\n|\n|t:|1656059779\n|move|p1a: Lucario|Extreme Speed|p2a: Klinklang\n|-resisted|p2a: Klinklang\n|-damage|p2a: Klinklang|142\/476\n|move|p2a: Klinklang|Max Lightning|p1a: Lucario\n|-damage|p1a: Lucario|0 fnt\n|-fieldstart|move: Electric Terrain\n|faint|p1a: Lucario\n|\n|-heal|p2a: Klinklang|156\/476|[from] item: Leftovers\n|upkeep\n|-message|okaybears forfeited.\n|\n|win|exfir\n|raw|okaybears's rating: 1825 &rarr; <strong>1801<\/strong><br \/>(-24 for losing)\n|raw|exfir's rating: 1757 &rarr; <strong>1781<\/strong><br \/>(+24 for winning)\n|l|\u203dokaybears\n","inputlog":">version 670c2f5a4ee85e366483c1d6b048cac7bb7a651c\n>start {\"formatid\":\"gen8randombattle\",\"seed\":[45303,52999,679,28723],\"rated\":\"Rated battle\"}\n>player p1 {\"name\":\"okaybears\",\"avatar\":\"170\",\"rating\":1809,\"seed\":[24058,65434,10609,49316]}\n>player p2 {\"name\":\"exfir\",\"avatar\":\"102\",\"rating\":1757,\"seed\":[48872,59170,54665,10003]}\n>p1 switch 2\n>p2 switch 3\n>p1 switch 4\n>p2 move swordsdance\n>p1 move flareblitz\n>p2 move stoneedge\n>p1 switch 6\n>p1 move spectralthief\n>p2 switch 3\n>p1 switch 5\n>p2 move bravebird\n>p1 move willowisp\n>p2 move toxic\n>p1 move stoneedge\n>p2 switch 3\n>p1 move overheat\n>p2 move swordsdance\n>p1 move rapidspin\n>p2 move closecombat\n>p1 switch 2\n>p1 move extremespeed\n>p2 switch 5\n>p1 switch 4\n>p2 move ironhead\n>p1 move thunderbolt\n>p2 switch 3\n>p1 move thunderbolt\n>p2 switch 4\n>p1 move blizzard\n>p2 move surf\n>p1 move blizzard\n>p2 move voltswitch\n>p2 switch 3\n>p1 switch 3\n>p1 move scald\n>p2 move megahorn\n>p1 switch 5\n>p2 move swordsdance\n>p1 move spectralthief\n>p2 switch 4\n>p2 switch 3\n>p1 move spectralthief\n>p2 move volttackle\n>p1 switch 4\n>p2 switch 5\n>p1 move extremespeed\n>p2 switch 4\n>p1 move swordsdance\n>p2 move ironhead\n>p1 move swordsdance\n>p2 move ironhead\n>p1 move meteormash\n>p2 move ironhead\n>p1 move meteormash\n>p2 move ironhead\n>p1 move meteormash\n>p2 move ironhead\n>p2 switch 2\n>p1 move closecombat\n>p2 move substitute\n>p1 move extremespeed dynamax\n>p2 move substitute\n>p1 move closecombat dynamax\n>p2 move substitute\n>p1 move closecombat dynamax\n>p2 move shiftgear dynamax\n>p1 move extremespeed\n>p2 move wildcharge dynamax\n>forcelose p1","uploadtime":1656059790,"views":3,"p1id":"okaybears","p2id":"exfir","formatid":"gen8randombattle","rating":1781,"private":0,"password":null}