{"id":"gen8ou-1671719283","p1":"Vince1314","p2":"machugen","format":"gen8ou","log":"|j|\u2606Vince1314\n|j|\u2606machugen\n|t:|1664295685\n|gametype|singles\n|player|p1|Vince1314|2|1763\n|player|p2|machugen|byron|1762\n|teamsize|p1|6\n|teamsize|p2|6\n|gen|8\n|tier|[Gen 8] OU\n|rated|\n|rule|Sleep Clause Mod: Limit one foe put to sleep\n|rule|Species Clause: Limit one of each Pok\u00e9mon\n|rule|OHKO Clause: OHKO moves are banned\n|rule|Evasion Items Clause: Evasion items are banned\n|rule|Evasion Moves Clause: Evasion moves are banned\n|rule|Endless Battle Clause: Forcing endless battles is banned\n|rule|HP Percentage Mod: HP is shown in percentages\n|rule|Dynamax Clause: You cannot dynamax\n|clearpoke\n|poke|p1|Ferrothorn, M|\n|poke|p1|Scizor, M|\n|poke|p1|Landorus-Therian, M|\n|poke|p1|Garchomp, M|\n|poke|p1|Tapu Fini|\n|poke|p1|Urshifu-*, M|\n|poke|p2|Nihilego|\n|poke|p2|Garchomp, F|\n|poke|p2|Weavile, M|\n|poke|p2|Kartana|\n|poke|p2|Tornadus-Therian, M|\n|poke|p2|Corviknight, F|\n|teampreview\n|inactive|Battle timer is ON: inactive players will automatically lose when time's up. (requested by Vince1314)\n|\n|t:|1664295691\n|start\n|switch|p1a: Urshifu|Urshifu-Rapid-Strike, M|100\/100\n|switch|p2a: Tornadus|Tornadus-Therian, M|100\/100\n|turn|1\n|j| Rodrigogtz\n|\n|t:|1664295696\n|switch|p1a: Landorus|Landorus-Therian, M|100\/100\n|-ability|p1a: Landorus|Intimidate|boost\n|-unboost|p2a: Tornadus|atk|1\n|move|p2a: Tornadus|Knock Off|p1a: Landorus\n|-damage|p1a: Landorus|87\/100\n|-enditem|p1a: Landorus|Leftovers|[from] move: Knock Off|[of] p2a: Tornadus\n|\n|upkeep\n|turn|2\n|\n|t:|1664295703\n|move|p2a: Tornadus|U-turn|p1a: Landorus\n|-resisted|p1a: Landorus\n|-damage|p1a: Landorus|83\/100\n|\n|t:|1664295704\n|switch|p2a: Corviknight|Corviknight, F|100\/100|[from]move: U-turn\n|-ability|p2a: Corviknight|Pressure\n|move|p1a: Landorus|Knock Off|p2a: Corviknight\n|-damage|p2a: Corviknight|82\/100\n|-enditem|p2a: Corviknight|Leftovers|[from] move: Knock Off|[of] p1a: Landorus\n|\n|upkeep\n|turn|3\n|\n|t:|1664295712\n|move|p1a: Landorus|Stealth Rock|p2a: Corviknight\n|-sidestart|p2: machugen|move: Stealth Rock\n|move|p2a: Corviknight|Roost|p2a: Corviknight\n|-heal|p2a: Corviknight|100\/100\n|-singleturn|p2a: Corviknight|move: Roost\n|\n|upkeep\n|turn|4\n|\n|t:|1664295718\n|move|p1a: Landorus|U-turn|p2a: Corviknight\n|-resisted|p2a: Corviknight\n|-damage|p2a: Corviknight|97\/100\n|\n|t:|1664295720\n|switch|p1a: Tapu Fini|Tapu Fini|100\/100|[from]move: U-turn\n|-fieldstart|move: Misty Terrain|[from] ability: Misty Surge|[of] p1a: Tapu Fini\n|move|p2a: Corviknight|Defog|p1a: Tapu Fini\n|-unboost|p1a: Tapu Fini|evasion|1\n|-sideend|p2: machugen|Stealth Rock|[from] move: Defog|[of] p2a: Corviknight\n|-fieldend|Misty Terrain\n|\n|upkeep\n|turn|5\n|\n|t:|1664295730\n|switch|p2a: Kartana|Kartana|100\/100\n|move|p1a: Tapu Fini|Trick|p2a: Kartana\n|-activate|p1a: Tapu Fini|move: Trick|[of] p2a: Kartana\n|-item|p2a: Kartana|Choice Scarf|[from] move: Trick\n|-item|p1a: Tapu Fini|Choice Scarf|[from] move: Trick\n|\n|upkeep\n|turn|6\n|\n|t:|1664295737\n|switch|p1a: Landorus|Landorus-Therian, M|83\/100\n|-ability|p1a: Landorus|Intimidate|boost\n|-unboost|p2a: Kartana|atk|1\n|move|p2a: Kartana|Knock Off|p1a: Landorus\n|-damage|p1a: Landorus|62\/100\n|\n|upkeep\n|turn|7\n|j| RazorForce21\n|\n|t:|1664295747\n|switch|p2a: Corviknight|Corviknight, F|97\/100\n|-ability|p2a: Corviknight|Pressure\n|move|p1a: Landorus|U-turn|p2a: Corviknight\n|-resisted|p2a: Corviknight\n|-damage|p2a: Corviknight|94\/100\n|\n|t:|1664295754\n|switch|p1a: Urshifu|Urshifu-Rapid-Strike, M|100\/100|[from]move: U-turn\n|\n|upkeep\n|turn|8\n|\n|t:|1664295758\n|move|p1a: Urshifu|Close Combat|p2a: Corviknight\n|-damage|p2a: Corviknight|37\/100\n|-unboost|p1a: Urshifu|def|1\n|-unboost|p1a: Urshifu|spd|1\n|move|p2a: Corviknight|Roost|p2a: Corviknight\n|-heal|p2a: Corviknight|87\/100\n|-singleturn|p2a: Corviknight|move: Roost\n|\n|upkeep\n|turn|9\n|j| IschmarVI\n|\n|t:|1664295767\n|switch|p1a: Garchomp|Garchomp, M|100\/100\n|switch|p2a: Tornadus|Tornadus-Therian, M|100\/100\n|\n|upkeep\n|turn|10\n|\n|t:|1664295772\n|move|p2a: Tornadus|U-turn|p1a: Garchomp\n|-damage|p1a: Garchomp|87\/100\n|-damage|p2a: Tornadus|88\/100|[from] ability: Rough Skin|[of] p1a: Garchomp\n|\n|t:|1664295774\n|switch|p2a: Weavile|Weavile, M|100\/100|[from]move: U-turn\n|-ability|p2a: Weavile|Pressure\n|move|p1a: Garchomp|Stone Edge|p2a: Weavile\n|-supereffective|p2a: Weavile\n|-damage|p2a: Weavile|0 fnt\n|faint|p2a: Weavile\n|-damage|p1a: Garchomp|77\/100|[from] item: Life Orb\n|\n|upkeep\n|j| Jongruenwald\n|\n|t:|1664295781\n|switch|p2a: Garchomp|Garchomp, F|100\/100\n|turn|11\n|\n|t:|1664295787\n|switch|p1a: Tapu Fini|Tapu Fini|100\/100\n|-fieldstart|move: Misty Terrain|[from] ability: Misty Surge|[of] p1a: Tapu Fini\n|move|p2a: Garchomp|Swords Dance|p2a: Garchomp\n|-boost|p2a: Garchomp|atk|2\n|\n|upkeep\n|turn|12\n|\n|t:|1664295796\n|move|p1a: Tapu Fini|Moonblast|p2a: Garchomp\n|-supereffective|p2a: Garchomp\n|-damage|p2a: Garchomp|20\/100\n|move|p2a: Garchomp|Earthquake|p1a: Tapu Fini\n|-crit|p1a: Tapu Fini\n|-damage|p1a: Tapu Fini|0 fnt\n|faint|p1a: Tapu Fini\n|\n|-heal|p2a: Garchomp|26\/100|[from] item: Leftovers\n|upkeep\n|\n|t:|1664295805\n|switch|p1a: Urshifu|Urshifu-Rapid-Strike, M|100\/100\n|turn|13\n|\n|t:|1664295809\n|switch|p2a: Tornadus|Tornadus-Therian, M|100\/100\n|move|p1a: Urshifu|Aqua Jet|p2a: Tornadus\n|-damage|p2a: Tornadus|65\/100\n|\n|upkeep\n|turn|14\n|\n|t:|1664295816\n|switch|p1a: Landorus|Landorus-Therian, M|62\/100\n|-ability|p1a: Landorus|Intimidate|boost\n|-unboost|p2a: Tornadus|atk|1\n|move|p2a: Tornadus|U-turn|p1a: Landorus\n|-resisted|p1a: Landorus\n|-damage|p1a: Landorus|57\/100\n|\n|t:|1664295818\n|switch|p2a: Kartana|Kartana|100\/100|[from]move: U-turn\n|\n|upkeep\n|turn|15\n|\n|t:|1664295824\n|move|p2a: Kartana|Sacred Sword|p1a: Landorus\n|-resisted|p1a: Landorus\n|-damage|p1a: Landorus|37\/100\n|move|p1a: Landorus|U-turn|p2a: Kartana\n|-damage|p2a: Kartana|75\/100\n|\n|t:|1664295829\n|switch|p1a: Scizor|Scizor, M|100\/100|[from]move: U-turn\n|\n|-fieldend|Misty Terrain\n|upkeep\n|turn|16\n|\n|t:|1664295833\n|switch|p2a: Tornadus|Tornadus-Therian, M|99\/100\n|move|p1a: Scizor|U-turn|p2a: Tornadus\n|-resisted|p2a: Tornadus\n|-damage|p2a: Tornadus|82\/100\n|\n|t:|1664295838\n|switch|p1a: Garchomp|Garchomp, M|77\/100|[from]move: U-turn\n|\n|upkeep\n|turn|17\n|\n|t:|1664295847\n|move|p2a: Tornadus|Hurricane|p1a: Garchomp|[miss]\n|-miss|p2a: Tornadus|p1a: Garchomp\n|move|p1a: Garchomp|Swords Dance|p1a: Garchomp\n|-boost|p1a: Garchomp|atk|2\n|\n|upkeep\n|turn|18\n|\n|t:|1664295853\n|move|p2a: Tornadus|Hurricane|p1a: Garchomp|[miss]\n|-miss|p2a: Tornadus|p1a: Garchomp\n|move|p1a: Garchomp|Stone Edge|p2a: Tornadus|[miss]\n|-miss|p1a: Garchomp|p2a: Tornadus\n|\n|upkeep\n|turn|19\n|l| Rodrigogtz\n|\n|t:|1664295858\n|move|p2a: Tornadus|Hurricane|p1a: Garchomp\n|-damage|p1a: Garchomp|30\/100\n|move|p1a: Garchomp|Stone Edge|p2a: Tornadus|[miss]\n|-miss|p1a: Garchomp|p2a: Tornadus\n|\n|upkeep\n|turn|20\n|\n|t:|1664295865\n|move|p2a: Tornadus|Hurricane|p1a: Garchomp\n|-damage|p1a: Garchomp|0 fnt\n|faint|p1a: Garchomp\n|\n|upkeep\n|c|\u2606Vince1314|lol\n|\n|t:|1664295871\n|switch|p1a: Urshifu|Urshifu-Rapid-Strike, M|100\/100\n|turn|21\n|c|\u2606machugen|i missed 2 hurricanes aso\n|\n|t:|1664295878\n|move|p2a: Tornadus|U-turn|p1a: Urshifu\n|-resisted|p1a: Urshifu\n|-damage|p1a: Urshifu|93\/100\n|\n|t:|1664295880\n|switch|p2a: Corviknight|Corviknight, F|87\/100|[from]move: U-turn\n|-ability|p2a: Corviknight|Pressure\n|move|p1a: Urshifu|Surging Strikes|p2a: Corviknight\n|-crit|p2a: Corviknight\n|-damage|p2a: Corviknight|69\/100\n|-crit|p2a: Corviknight\n|-damage|p2a: Corviknight|51\/100\n|-crit|p2a: Corviknight\n|-damage|p2a: Corviknight|33\/100\n|-hitcount|p2a: Corviknight|3\n|\n|upkeep\n|turn|22\n|\n|t:|1664295890\n|move|p1a: Urshifu|Surging Strikes|p2a: Corviknight\n|-crit|p2a: Corviknight\n|-damage|p2a: Corviknight|14\/100\n|-crit|p2a: Corviknight\n|-damage|p2a: Corviknight|0 fnt\n|faint|p2a: Corviknight\n|-hitcount|p2: Corviknight|2\n|\n|upkeep\n|\n|t:|1664295897\n|switch|p2a: Kartana|Kartana|75\/100\n|turn|23\n|\n|t:|1664295903\n|switch|p1a: Landorus|Landorus-Therian, M|37\/100\n|-ability|p1a: Landorus|Intimidate|boost\n|-unboost|p2a: Kartana|atk|1\n|move|p2a: Kartana|Knock Off|p1a: Landorus\n|-damage|p1a: Landorus|16\/100\n|\n|upkeep\n|turn|24\n|\n|t:|1664295913\n|switch|p1a: Urshifu|Urshifu-Rapid-Strike, M|93\/100\n|move|p2a: Kartana|Knock Off|p1a: Urshifu\n|-resisted|p1a: Urshifu\n|-damage|p1a: Urshifu|79\/100\n|-enditem|p1a: Urshifu|Choice Band|[from] move: Knock Off|[of] p2a: Kartana\n|\n|upkeep\n|turn|25\n|j| nightsuliu\n|\n|t:|1664295922\n|switch|p2a: Garchomp|Garchomp, F|26\/100\n|move|p1a: Urshifu|Surging Strikes|p2a: Garchomp\n|-crit|p2a: Garchomp\n|-damage|p2a: Garchomp|6\/100\n|-damage|p1a: Urshifu|67\/100|[from] ability: Rough Skin|[of] p2a: Garchomp\n|-crit|p2a: Garchomp\n|-damage|p2a: Garchomp|0 fnt\n|-damage|p1a: Urshifu|54\/100|[from] ability: Rough Skin|[of] p2a: Garchomp\n|faint|p2a: Garchomp\n|-hitcount|p2: Garchomp|2\n|\n|upkeep\n|\n|t:|1664295933\n|switch|p2a: Kartana|Kartana|75\/100\n|turn|26\n|j| Kingston9629\n|\n|t:|1664295937\n|switch|p1a: Landorus|Landorus-Therian, M|16\/100\n|-ability|p1a: Landorus|Intimidate|boost\n|-unboost|p2a: Kartana|atk|1\n|move|p2a: Kartana|Sacred Sword|p1a: Landorus\n|-resisted|p1a: Landorus\n|-damage|p1a: Landorus|3\/100\n|\n|upkeep\n|turn|27\n|\n|t:|1664295945\n|switch|p1a: Scizor|Scizor, M|100\/100\n|move|p2a: Kartana|Sacred Sword|p1a: Scizor\n|-damage|p1a: Scizor|81\/100\n|\n|-heal|p1a: Scizor|87\/100|[from] item: Leftovers\n|upkeep\n|turn|28\n|\n|t:|1664295953\n|switch|p2a: Tornadus|Tornadus-Therian, M|100\/100\n|move|p1a: Scizor|Swords Dance|p1a: Scizor\n|-boost|p1a: Scizor|atk|2\n|\n|-heal|p1a: Scizor|93\/100|[from] item: Leftovers\n|upkeep\n|turn|29\n|\n|t:|1664295959\n|move|p1a: Scizor|Bullet Punch|p2a: Tornadus\n|-damage|p2a: Tornadus|46\/100\n|move|p2a: Tornadus|Heat Wave|p1a: Scizor\n|-supereffective|p1a: Scizor\n|-damage|p1a: Scizor|0 fnt\n|faint|p1a: Scizor\n|\n|upkeep\n|\n|t:|1664295966\n|switch|p1a: Urshifu|Urshifu-Rapid-Strike, M|54\/100\n|turn|30\n|\n|t:|1664295977\n|switch|p2a: Nihilego|Nihilego|100\/100\n|move|p1a: Urshifu|Surging Strikes|p2a: Nihilego\n|-supereffective|p2a: Nihilego\n|-crit|p2a: Nihilego\n|-damage|p2a: Nihilego|32\/100\n|-supereffective|p2a: Nihilego\n|-crit|p2a: Nihilego\n|-damage|p2a: Nihilego|0 fnt\n|faint|p2a: Nihilego\n|-hitcount|p2: Nihilego|2\n|\n|upkeep\n|\n|t:|1664295981\n|switch|p2a: Kartana|Kartana|75\/100\n|turn|31\n|\n|t:|1664295989\n|switch|p2a: Tornadus|Tornadus-Therian, M|80\/100\n|switch|p1a: Landorus|Landorus-Therian, M|3\/100\n|-ability|p1a: Landorus|Intimidate|boost\n|-unboost|p2a: Tornadus|atk|1\n|\n|upkeep\n|turn|32\n|\n|t:|1664295996\n|switch|p1a: Ferrothorn|Ferrothorn, M|100\/100\n|move|p2a: Tornadus|Heat Wave|p1a: Ferrothorn\n|-supereffective|p1a: Ferrothorn\n|-damage|p1a: Ferrothorn|41\/100\n|\n|-heal|p1a: Ferrothorn|48\/100|[from] item: Leftovers\n|upkeep\n|turn|33\n|\n|t:|1664296004\n|switch|p1a: Landorus|Landorus-Therian, M|3\/100\n|-ability|p1a: Landorus|Intimidate|boost\n|-unboost|p2a: Tornadus|atk|1\n|move|p2a: Tornadus|Heat Wave|p1a: Landorus\n|-damage|p1a: Landorus|0 fnt\n|faint|p1a: Landorus\n|\n|upkeep\n|\n|t:|1664296012\n|switch|p1a: Urshifu|Urshifu-Rapid-Strike, M|54\/100\n|turn|34\n|\n|t:|1664296014\n|move|p2a: Tornadus|Hurricane|p1a: Urshifu\n|-supereffective|p1a: Urshifu\n|-damage|p1a: Urshifu|0 fnt\n|faint|p1a: Urshifu\n|\n|upkeep\n|-message|Vince1314 forfeited.\n|\n|win|machugen\n|raw|Vince1314's rating: 1763 &rarr; <strong>1742<\/strong><br \/>(-21 for losing)\n|raw|machugen's rating: 1746 &rarr; <strong>1767<\/strong><br \/>(+21 for winning)\n|l| Jongruenwald\n|l|\u2606Vince1314\n","uploadtime":1664296021,"views":23,"p1id":"vince1314","p2id":"machugen","formatid":"gen8ou","rating":1742,"private":0,"password":null}