{"id":"gen8randombattle-1122958403","p1":"Sunsilver523","p2":"Pokefreak77","format":"gen8randombattle","log":"|j|\u2606Sunsilver523\n|j|\u2606Pokefreak77\n|player|p1|Sunsilver523|234|1612\n|player|p2|Pokefreak77|2|1614\n|teamsize|p1|6\n|teamsize|p2|6\n|gametype|singles\n|gen|8\n|tier|[Gen 8] Random Battle\n|rated|\n|rule|Species Clause: Limit one of each Pok\u00e9mon\n|rule|HP Percentage Mod: HP is shown in percentages\n|rule|Sleep Clause Mod: Limit one foe put to sleep\n|\n|start\n|switch|p1a: Rotom|Rotom-Heat, L80|211\/211\n|switch|p2a: Escavalier|Escavalier, L82, M|249\/249\n|turn|1\n|inactive|Battle timer is ON: inactive players will automatically lose when time's up. (requested by Sunsilver523)\n|\n|switch|p2a: Cursola|Cursola, L86, M|243\/243\n|move|p1a: Rotom|Nasty Plot|p1a: Rotom\n|-boost|p1a: Rotom|spa|2\n|\n|upkeep\n|turn|2\n|\n|move|p1a: Rotom|Nasty Plot|p1a: Rotom\n|-boost|p1a: Rotom|spa|2\n|move|p2a: Cursola|Stealth Rock|p1a: Rotom\n|-sidestart|p1: Sunsilver523|move: Stealth Rock\n|\n|upkeep\n|turn|3\n|\n|-start|p1a: Rotom|Dynamax\n|-heal|p1a: Rotom|422\/422|[silent]\n|move|p1a: Rotom|Max Lightning|p2a: Cursola\n|-damage|p2a: Cursola|0 fnt\n|-fieldstart|move: Electric Terrain\n|faint|p2a: Cursola\n|\n|upkeep\n|\n|switch|p2a: Pincurchin|Pincurchin, L88, M|228\/228\n|turn|4\n|\n|-start|p2a: Pincurchin|Dynamax\n|-heal|p2a: Pincurchin|456\/456|[silent]\n|move|p2a: Pincurchin|Max Guard|p2a: Pincurchin\n|-singleturn|p2a: Pincurchin|Max Guard\n|move|p1a: Rotom|Max Flare|p2a: Pincurchin\n|-activate|p2a: Pincurchin|move: Max Guard\n|\n|upkeep\n|turn|5\n|\n|move|p1a: Rotom|Max Flare|p2a: Pincurchin\n|-damage|p2a: Pincurchin|33\/456\n|-weather|SunnyDay\n|move|p2a: Pincurchin|Max Strike|p1a: Rotom\n|-damage|p1a: Rotom|317\/422\n|-unboost|p1a: Rotom|spe|1\n|\n|-weather|SunnyDay|[upkeep]\n|-heal|p1a: Rotom|330\/422|[from] item: Leftovers\n|-heal|p2a: Pincurchin|47\/456|[from] item: Leftovers\n|-end|p1a: Rotom|Dynamax\n|-heal|p1a: Rotom|165\/211|[silent]\n|upkeep\n|turn|6\n|\n|move|p2a: Pincurchin|Max Guard|p2a: Pincurchin\n|-singleturn|p2a: Pincurchin|Max Guard\n|move|p1a: Rotom|Thunderbolt|p2a: Pincurchin\n|-activate|p2a: Pincurchin|move: Max Guard\n|\n|-weather|SunnyDay|[upkeep]\n|-heal|p1a: Rotom|178\/211|[from] item: Leftovers\n|-heal|p2a: Pincurchin|61\/456|[from] item: Leftovers\n|-end|p2a: Pincurchin|Dynamax\n|-heal|p2a: Pincurchin|31\/228|[silent]\n|upkeep\n|turn|7\n|\n|move|p2a: Pincurchin|Sucker Punch|p1a: Rotom\n|-damage|p1a: Rotom|123\/211\n|move|p1a: Rotom|Thunderbolt|p2a: Pincurchin\n|-resisted|p2a: Pincurchin\n|-damage|p2a: Pincurchin|0 fnt\n|faint|p2a: Pincurchin\n|\n|-weather|SunnyDay|[upkeep]\n|-heal|p1a: Rotom|136\/211|[from] item: Leftovers\n|-fieldend|move: Electric Terrain\n|upkeep\n|inactive|Pokefreak77 has 120 seconds left.\n|\n|switch|p2a: Gourgeist|Gourgeist, L88, M|258\/258\n|-item|p1a: Rotom|Leftovers|[from] ability: Frisk|[of] p2a: Gourgeist|[identify]\n|turn|8\n|\n|switch|p2a: Suicune|Suicune, L80|291\/291\n|-ability|p2a: Suicune|Pressure\n|move|p1a: Rotom|Overheat|p2a: Suicune\n|-resisted|p2a: Suicune\n|-damage|p2a: Suicune|43\/291\n|-unboost|p1a: Rotom|spa|2\n|\n|-weather|SunnyDay|[upkeep]\n|-heal|p2a: Suicune|61\/291|[from] item: Leftovers\n|-heal|p1a: Rotom|149\/211|[from] item: Leftovers\n|upkeep\n|turn|9\n|inactive|Pokefreak77 has 120 seconds left.\n|\n|switch|p2a: Gourgeist|Gourgeist, L88, M|258\/258\n|-item|p1a: Rotom|Leftovers|[from] ability: Frisk|[of] p2a: Gourgeist|[identify]\n|move|p1a: Rotom|Thunderbolt|p2a: Gourgeist\n|-resisted|p2a: Gourgeist\n|-damage|p2a: Gourgeist|150\/258\n|\n|-weather|none\n|-heal|p2a: Gourgeist|166\/258|[from] item: Leftovers\n|-heal|p1a: Rotom|162\/211|[from] item: Leftovers\n|upkeep\n|turn|10\n|\n|move|p2a: Gourgeist|Leech Seed|p1a: Rotom\n|-start|p1a: Rotom|move: Leech Seed\n|move|p1a: Rotom|Thunderbolt|p2a: Gourgeist\n|-resisted|p2a: Gourgeist\n|-damage|p2a: Gourgeist|70\/258\n|\n|-heal|p2a: Gourgeist|86\/258|[from] item: Leftovers\n|-heal|p1a: Rotom|175\/211|[from] item: Leftovers\n|-damage|p1a: Rotom|149\/211|[from] Leech Seed|[of] p2a: Gourgeist\n|-heal|p2a: Gourgeist|112\/258|[silent]\n|upkeep\n|turn|11\n|\n|switch|p2a: Suicune|Suicune, L80|61\/291\n|-ability|p2a: Suicune|Pressure\n|move|p1a: Rotom|Thunderbolt|p2a: Suicune\n|-supereffective|p2a: Suicune\n|-damage|p2a: Suicune|0 fnt\n|faint|p2a: Suicune\n|\n|-heal|p1a: Rotom|162\/211|[from] item: Leftovers\n|upkeep\n|\n|switch|p2a: Cloyster|Cloyster, L80, F|211\/211\n|turn|12\n|\n|move|p2a: Cloyster|Hydro Pump|p1a: Rotom\n|-supereffective|p1a: Rotom\n|-damage|p1a: Rotom|0 fnt\n|faint|p1a: Rotom\n|\n|upkeep\n|\n|switch|p1a: Machamp|Machamp, L82, F|282\/282\n|-damage|p1a: Machamp|265\/282|[from] Stealth Rock\n|turn|13\n|\n|switch|p2a: Gourgeist|Gourgeist, L88, M|112\/258\n|-item|p1a: Machamp|Choice Band|[from] ability: Frisk|[of] p2a: Gourgeist|[identify]\n|move|p1a: Machamp|Knock Off|p2a: Gourgeist\n|-supereffective|p2a: Gourgeist\n|-damage|p2a: Gourgeist|0 fnt\n|-enditem|p2a: Gourgeist|Leftovers|[from] move: Knock Off|[of] p1a: Machamp\n|faint|p2a: Gourgeist\n|\n|upkeep\n|\n|switch|p2a: Cloyster|Cloyster, L80, F|211\/211\n|turn|14\n|\n|switch|p1a: Gallade|Gallade, L84, M|251\/251\n|-damage|p1a: Gallade|236\/251|[from] Stealth Rock\n|move|p2a: Cloyster|Shell Smash|p2a: Cloyster\n|-unboost|p2a: Cloyster|def|1\n|-unboost|p2a: Cloyster|spd|1\n|-boost|p2a: Cloyster|atk|2\n|-boost|p2a: Cloyster|spa|2\n|-boost|p2a: Cloyster|spe|2\n|-enditem|p2a: Cloyster|White Herb\n|-clearnegativeboost|p2a: Cloyster|[silent]\n|\n|upkeep\n|turn|15\n|\n|move|p2a: Cloyster|Icicle Spear|p1a: Gallade\n|-damage|p1a: Gallade|179\/251\n|-damage|p1a: Gallade|116\/251\n|-damage|p1a: Gallade|59\/251\n|-damage|p1a: Gallade|0 fnt\n|-hitcount|p1a: Gallade|4\n|faint|p1a: Gallade\n|\n|upkeep\n|\n|switch|p1a: Machamp|Machamp, L82, F|265\/282\n|-damage|p1a: Machamp|248\/282|[from] Stealth Rock\n|turn|16\n|\n|move|p2a: Cloyster|Icicle Spear|p1a: Machamp\n|-damage|p1a: Machamp|191\/282\n|-damage|p1a: Machamp|136\/282\n|-damage|p1a: Machamp|85\/282\n|-damage|p1a: Machamp|36\/282\n|-damage|p1a: Machamp|0 fnt\n|-hitcount|p1a: Machamp|5\n|faint|p1a: Machamp\n|\n|upkeep\n|\n|switch|p1a: Lunala|Lunala, L72|316\/316\n|-damage|p1a: Lunala|277\/316|[from] Stealth Rock\n|turn|17\n|\n|move|p2a: Cloyster|Icicle Spear|p1a: Lunala\n|-damage|p1a: Lunala|220\/316\n|-damage|p1a: Lunala|160\/316\n|-damage|p1a: Lunala|106\/316\n|-damage|p1a: Lunala|46\/316\n|-damage|p1a: Lunala|0 fnt\n|-hitcount|p1a: Lunala|5\n|faint|p1a: Lunala\n|\n|upkeep\n|\n|switch|p1a: Zeraora|Zeraora, L80|272\/272\n|-damage|p1a: Zeraora|238\/272|[from] Stealth Rock\n|turn|18\n|\n|move|p2a: Cloyster|Icicle Spear|p1a: Zeraora\n|-damage|p1a: Zeraora|181\/272\n|-crit|p1a: Zeraora\n|-damage|p1a: Zeraora|94\/272\n|-damage|p1a: Zeraora|36\/272\n|-damage|p1a: Zeraora|0 fnt\n|-hitcount|p1a: Zeraora|4\n|faint|p1a: Zeraora\n|\n|upkeep\n|-message|Sunsilver523 forfeited.\n|\n|win|Pokefreak77\n|l|\u2606Sunsilver523\n||Ladder (probably) updated, but score could not be retrieved (Response not received).\n","inputlog":">version 2f4c728b69094b56e51c6e92bfb7de7dedc71a30\n>start {\"formatid\":\"gen8randombattle\",\"seed\":[9762,25593,38705,1484],\"rated\":\"Rated battle\"}\n>player p1 {\"name\":\"Sunsilver523\",\"avatar\":\"234\",\"team\":\"\",\"rating\":1612,\"seed\":[60602,37323,50563,53370]}\n>player p2 {\"name\":\"Pokefreak77\",\"avatar\":\"2\",\"team\":\"\",\"rating\":1614,\"seed\":[51856,48283,20061,58066]}\n>p1 move nastyplot\n>p2 switch 5\n>p1 move nastyplot\n>p2 move stealthrock\n>p1 move thunderbolt dynamax\n>p2 move shadowball\n>p2 switch 3\n>p1 move overheat dynamax\n>p2 move spikes dynamax\n>p1 move overheat dynamax\n>p2 move selfdestruct dynamax\n>p1 move thunderbolt\n>p2 move spikes dynamax\n>p1 move thunderbolt\n>p2 move suckerpunch\n>p2 switch 4\n>p1 move overheat\n>p2 switch 2\n>p1 move thunderbolt\n>p2 switch 2\n>p1 move thunderbolt\n>p2 move leechseed\n>p1 move thunderbolt\n>p2 switch 2\n>p2 switch 6\n>p1 move thunderbolt\n>p2 move hydropump\n>p1 switch 3\n>p1 move knockoff\n>p2 switch 2\n>p2 switch 2\n>p1 switch 5\n>p2 move shellsmash\n>p1 move closecombat\n>p2 move iciclespear\n>p1 switch 5\n>p1 move dynamicpunch\n>p2 move iciclespear\n>p1 switch 2\n>p1 move moongeistbeam\n>p2 move iciclespear\n>p1 switch 4\n>p1 move plasmafists\n>p2 move iciclespear","uploadtime":1590708646,"views":0,"p1id":"sunsilver523","p2id":"pokefreak77","formatid":"gen8randombattle","rating":0,"private":0,"password":null}