{"id":"gen8bdspru-1513495344","p1":"SighOfReprieve","p2":"Ill Leave","format":"gen8bdspru","log":"|j|\u2606SighOfReprieve\n|j|\u2606Ill Leave\n|t:|1645163923\n|gametype|singles\n|player|p1|SighOfReprieve|ingo|\n|player|p2|Ill Leave|janine|\n|teamsize|p1|6\n|teamsize|p2|6\n|gen|8\n|tier|[Gen 8 BDSP] RU\n|rule|Sleep Clause Mod: Limit one foe put to sleep\n|rule|Species Clause: Limit one of each Pok\u00e9mon\n|rule|OHKO Clause: OHKO moves are banned\n|rule|Evasion Moves Clause: Evasion moves are banned\n|rule|Endless Battle Clause: Forcing endless battles is banned\n|rule|HP Percentage Mod: HP is shown in percentages\n|clearpoke\n|poke|p1|Machamp, M|\n|poke|p1|Claydol|\n|poke|p1|Chansey, F|\n|poke|p1|Sableye, M|\n|poke|p1|Tangela, M|\n|poke|p1|Aggron, M|\n|poke|p2|Torterra, M|\n|poke|p2|Exploud, M|\n|poke|p2|Sableye, F|\n|poke|p2|Medicham, F|\n|poke|p2|Sharpedo, M|\n|poke|p2|Omastar, M|\n|teampreview\n|inactive|Battle timer is ON: inactive players will automatically lose when time's up. (requested by SighOfReprieve)\n|\n|t:|1645163935\n|start\n|switch|p1a: Benoit|Machamp, M, shiny|100\/100\n|switch|p2a: Torterra|Torterra, M|100\/100\n|turn|1\n|\n|t:|1645163937\n|move|p2a: Torterra|Wood Hammer|p1a: Benoit\n|-damage|p1a: Benoit|5\/100\n|-damage|p2a: Torterra|65\/100|[from] Recoil\n|move|p1a: Benoit|Dynamic Punch|p2a: Torterra\n|-damage|p2a: Torterra|0 fnt\n|faint|p2a: Torterra\n|-damage|p1a: Benoit|0 fnt|[from] item: Life Orb\n|faint|p1a: Benoit\n|\n|upkeep\n|\n|t:|1645163953\n|switch|p2a: Omastar|Omastar, M|100\/100\n|switch|p1a: Bastille Day|Aggron, M, shiny|100\/100\n|turn|2\n|\n|t:|1645163958\n|switch|p1a: Spoiled Rotten|Chansey, F, shiny|100\/100\n|move|p2a: Omastar|Hydro Pump|p1a: Spoiled Rotten|[miss]\n|-miss|p2a: Omastar|p1a: Spoiled Rotten\n|\n|upkeep\n|turn|3\n|\n|t:|1645163962\n|move|p2a: Omastar|Stealth Rock|p1a: Spoiled Rotten\n|-sidestart|p1: SighOfReprieve|move: Stealth Rock\n|move|p1a: Spoiled Rotten|Seismic Toss|p2a: Omastar\n|-damage|p2a: Omastar|65\/100\n|-ability|p2a: Omastar|Weak Armor|boost\n|-unboost|p2a: Omastar|def|1\n|-boost|p2a: Omastar|spe|2\n|\n|upkeep\n|turn|4\n|\n|t:|1645163970\n|move|p2a: Omastar|Spikes|p1a: Spoiled Rotten\n|-sidestart|p1: SighOfReprieve|Spikes\n|move|p1a: Spoiled Rotten|Seismic Toss|p2a: Omastar\n|-damage|p2a: Omastar|29\/100\n|-ability|p2a: Omastar|Weak Armor|boost\n|-unboost|p2a: Omastar|def|1\n|-boost|p2a: Omastar|spe|2\n|\n|upkeep\n|turn|5\n|\n|t:|1645163982\n|switch|p2a: Medicham|Medicham, F|100\/100\n|move|p1a: Spoiled Rotten|Seismic Toss|p2a: Medicham\n|-damage|p2a: Medicham|62\/100\n|\n|upkeep\n|turn|6\n|\n|t:|1645163997\n|switch|p2a: Exploud|Exploud, M|100\/100\n|switch|p1a: Goldmember|Sableye, M, shiny|100\/100\n|-damage|p1a: Goldmember|88\/100|[from] Stealth Rock\n|-damage|p1a: Goldmember|75\/100|[from] Spikes\n|\n|-heal|p1a: Goldmember|82\/100|[from] item: Leftovers\n|upkeep\n|turn|7\n|\n|t:|1645164001\n|switch|p1a: Spoiled Rotten|Chansey, F, shiny|100\/100\n|-damage|p1a: Spoiled Rotten|88\/100|[from] Spikes\n|-damage|p1a: Spoiled Rotten|75\/100|[from] Stealth Rock\n|move|p2a: Exploud|Boomburst|p1a: Spoiled Rotten\n|-damage|p1a: Spoiled Rotten|50\/100\n|\n|-heal|p1a: Spoiled Rotten|56\/100|[from] item: Leftovers\n|upkeep\n|turn|8\n|\n|t:|1645164008\n|move|p2a: Exploud|Taunt|p1a: Spoiled Rotten\n|-start|p1a: Spoiled Rotten|move: Taunt\n|cant|p1a: Spoiled Rotten|move: Taunt|Soft-Boiled\n|\n|-heal|p1a: Spoiled Rotten|63\/100|[from] item: Leftovers\n|upkeep\n|turn|9\n|\n|t:|1645164032\n|switch|p2a: Sableye|Sableye, F|100\/100\n|move|p1a: Spoiled Rotten|Seismic Toss|p2a: Sableye\n|-immune|p2a: Sableye\n|\n|-heal|p1a: Spoiled Rotten|69\/100|[from] item: Leftovers\n|upkeep\n|turn|10\n|\n|t:|1645164039\n|switch|p1a: Goldmember|Sableye, M, shiny|82\/100\n|-damage|p1a: Goldmember|69\/100|[from] Stealth Rock\n|-damage|p1a: Goldmember|57\/100|[from] Spikes\n|move|p2a: Sableye|Knock Off|p1a: Goldmember\n|-damage|p1a: Goldmember|27\/100\n|-enditem|p1a: Goldmember|Leftovers|[from] move: Knock Off|[of] p2a: Sableye\n|\n|upkeep\n|turn|11\n|\n|t:|1645164050\n|switch|p2a: Exploud|Exploud, M|100\/100\n|move|p1a: Goldmember|Recover|p1a: Goldmember\n|-heal|p1a: Goldmember|77\/100\n|\n|upkeep\n|turn|12\n|\n|t:|1645164060\n|switch|p1a: Bastille Day|Aggron, M, shiny|100\/100\n|-damage|p1a: Bastille Day|88\/100|[from] Spikes\n|-damage|p1a: Bastille Day|82\/100|[from] Stealth Rock\n|move|p2a: Exploud|Boomburst|p1a: Bastille Day\n|-resisted|p1a: Bastille Day\n|-damage|p1a: Bastille Day|48\/100\n|\n|upkeep\n|turn|13\n|\n|t:|1645164066\n|move|p2a: Exploud|Surf|p1a: Bastille Day\n|-supereffective|p1a: Bastille Day\n|-damage|p1a: Bastille Day|0 fnt\n|faint|p1a: Bastille Day\n|\n|upkeep\n|\n|t:|1645164075\n|switch|p1a: Agartha|Claydol, shiny|100\/100\n|-damage|p1a: Agartha|94\/100|[from] Stealth Rock\n|turn|14\n|\n|t:|1645164080\n|switch|p2a: Sableye|Sableye, F|100\/100\n|move|p1a: Agartha|Earth Power|p2a: Sableye\n|-damage|p2a: Sableye|51\/100\n|\n|-heal|p1a: Agartha|100\/100|[from] item: Leftovers\n|-heal|p2a: Sableye|57\/100|[from] item: Leftovers\n|upkeep\n|turn|15\n|\n|t:|1645164087\n|move|p1a: Agartha|Earth Power|p2a: Sableye\n|-damage|p2a: Sableye|8\/100\n|move|p2a: Sableye|Knock Off|p1a: Agartha\n|-supereffective|p1a: Agartha\n|-damage|p1a: Agartha|52\/100\n|-enditem|p1a: Agartha|Leftovers|[from] move: Knock Off|[of] p2a: Sableye\n|\n|-heal|p2a: Sableye|14\/100|[from] item: Leftovers\n|upkeep\n|turn|16\n|\n|t:|1645164090\n|move|p2a: Sableye|Recover|p2a: Sableye\n|-heal|p2a: Sableye|64\/100\n|move|p1a: Agartha|Earth Power|p2a: Sableye\n|-damage|p2a: Sableye|21\/100\n|\n|-heal|p2a: Sableye|27\/100|[from] item: Leftovers\n|upkeep\n|turn|17\n|\n|t:|1645164092\n|move|p2a: Sableye|Recover|p2a: Sableye\n|-heal|p2a: Sableye|77\/100\n|move|p1a: Agartha|Earth Power|p2a: Sableye\n|-damage|p2a: Sableye|31\/100\n|\n|-heal|p2a: Sableye|36\/100|[from] item: Leftovers\n|upkeep\n|turn|18\n|\n|t:|1645164094\n|move|p2a: Sableye|Recover|p2a: Sableye\n|-heal|p2a: Sableye|87\/100\n|move|p1a: Agartha|Earth Power|p2a: Sableye\n|-damage|p2a: Sableye|39\/100\n|\n|-heal|p2a: Sableye|45\/100|[from] item: Leftovers\n|upkeep\n|turn|19\n|\n|t:|1645164097\n|move|p2a: Sableye|Recover|p2a: Sableye\n|-heal|p2a: Sableye|95\/100\n|move|p1a: Agartha|Earth Power|p2a: Sableye\n|-damage|p2a: Sableye|47\/100\n|\n|-heal|p2a: Sableye|53\/100|[from] item: Leftovers\n|upkeep\n|turn|20\n|\n|t:|1645164100\n|move|p2a: Sableye|Will-O-Wisp|p1a: Agartha\n|-status|p1a: Agartha|brn\n|move|p1a: Agartha|Earth Power|p2a: Sableye\n|-damage|p2a: Sableye|6\/100\n|\n|-heal|p2a: Sableye|12\/100|[from] item: Leftovers\n|-damage|p1a: Agartha|46\/100 brn|[from] brn\n|upkeep\n|turn|21\n|\n|t:|1645164106\n|move|p2a: Sableye|Recover|p2a: Sableye\n|-heal|p2a: Sableye|62\/100\n|move|p1a: Agartha|Earth Power|p2a: Sableye\n|-damage|p2a: Sableye|14\/100\n|\n|-heal|p2a: Sableye|20\/100|[from] item: Leftovers\n|-damage|p1a: Agartha|39\/100 brn|[from] brn\n|upkeep\n|turn|22\n|\n|t:|1645164111\n|move|p2a: Sableye|Recover|p2a: Sableye\n|-heal|p2a: Sableye|70\/100\n|move|p1a: Agartha|Earth Power|p2a: Sableye\n|-damage|p2a: Sableye|24\/100\n|\n|-heal|p2a: Sableye|30\/100|[from] item: Leftovers\n|-damage|p1a: Agartha|33\/100 brn|[from] brn\n|upkeep\n|turn|23\n|\n|t:|1645164113\n|move|p2a: Sableye|Recover|p2a: Sableye\n|-heal|p2a: Sableye|80\/100\n|move|p1a: Agartha|Earth Power|p2a: Sableye\n|-damage|p2a: Sableye|33\/100\n|\n|-heal|p2a: Sableye|38\/100|[from] item: Leftovers\n|-damage|p1a: Agartha|27\/100 brn|[from] brn\n|upkeep\n|turn|24\n|\n|t:|1645164116\n|move|p2a: Sableye|Recover|p2a: Sableye\n|-heal|p2a: Sableye|89\/100\n|move|p1a: Agartha|Earth Power|p2a: Sableye\n|-damage|p2a: Sableye|45\/100\n|\n|-heal|p2a: Sableye|51\/100|[from] item: Leftovers\n|-damage|p1a: Agartha|21\/100 brn|[from] brn\n|upkeep\n|turn|25\n|\n|t:|1645164118\n|move|p2a: Sableye|Recover|p2a: Sableye\n|-heal|p2a: Sableye|100\/100\n|move|p1a: Agartha|Earth Power|p2a: Sableye\n|-damage|p2a: Sableye|57\/100\n|\n|-heal|p2a: Sableye|63\/100|[from] item: Leftovers\n|-damage|p1a: Agartha|15\/100 brn|[from] brn\n|upkeep\n|turn|26\n|\n|t:|1645164122\n|move|p2a: Sableye|Recover|p2a: Sableye\n|-heal|p2a: Sableye|100\/100\n|move|p1a: Agartha|Stealth Rock|p2a: Sableye\n|-sidestart|p2: Ill Leave|move: Stealth Rock\n|\n|-damage|p1a: Agartha|9\/100 brn|[from] brn\n|upkeep\n|turn|27\n|\n|t:|1645164131\n|move|p1a: Agartha|Earth Power|p2a: Sableye\n|-damage|p2a: Sableye|57\/100\n|move|p2a: Sableye|Knock Off|p1a: Agartha\n|-supereffective|p1a: Agartha\n|-damage|p1a: Agartha|0 fnt\n|faint|p1a: Agartha\n|\n|-heal|p2a: Sableye|63\/100|[from] item: Leftovers\n|upkeep\n|\n|t:|1645164134\n|switch|p1a: Dzhokhar|Tangela, M, shiny|100\/100\n|-damage|p1a: Dzhokhar|88\/100|[from] Stealth Rock\n|-damage|p1a: Dzhokhar|76\/100|[from] Spikes\n|turn|28\n|\n|t:|1645164151\n|move|p1a: Dzhokhar|Giga Drain|p2a: Sableye\n|-damage|p2a: Sableye|18\/100\n|-heal|p1a: Dzhokhar|96\/100|[from] drain|[of] p2a: Sableye\n|move|p2a: Sableye|Knock Off|p1a: Dzhokhar\n|-damage|p1a: Dzhokhar|79\/100\n|-enditem|p1a: Dzhokhar|Leftovers|[from] move: Knock Off|[of] p2a: Sableye\n|\n|-heal|p2a: Sableye|24\/100|[from] item: Leftovers\n|upkeep\n|turn|29\n|\n|t:|1645164155\n|move|p2a: Sableye|Recover|p2a: Sableye\n|-heal|p2a: Sableye|74\/100\n|move|p1a: Dzhokhar|Giga Drain|p2a: Sableye\n|-damage|p2a: Sableye|31\/100\n|-heal|p1a: Dzhokhar|99\/100|[from] drain|[of] p2a: Sableye\n|\n|-heal|p2a: Sableye|37\/100|[from] item: Leftovers\n|upkeep\n|turn|30\n|\n|t:|1645164158\n|move|p2a: Sableye|Recover|p2a: Sableye\n|-heal|p2a: Sableye|87\/100\n|move|p1a: Dzhokhar|Giga Drain|p2a: Sableye\n|-damage|p2a: Sableye|48\/100\n|-heal|p1a: Dzhokhar|100\/100|[from] drain|[of] p2a: Sableye\n|\n|-heal|p2a: Sableye|54\/100|[from] item: Leftovers\n|upkeep\n|turn|31\n|\n|t:|1645164165\n|move|p2a: Sableye|Will-O-Wisp|p1a: Dzhokhar|[miss]\n|-miss|p2a: Sableye|p1a: Dzhokhar\n|move|p1a: Dzhokhar|Leech Seed|p2a: Sableye\n|-start|p2a: Sableye|move: Leech Seed\n|\n|-heal|p2a: Sableye|60\/100|[from] item: Leftovers\n|-damage|p2a: Sableye|47\/100|[from] Leech Seed|[of] p1a: Dzhokhar\n|upkeep\n|turn|32\n|\n|t:|1645164169\n|switch|p2a: Exploud|Exploud, M|100\/100\n|-damage|p2a: Exploud|88\/100|[from] Stealth Rock\n|move|p1a: Dzhokhar|Giga Drain|p2a: Exploud\n|-damage|p2a: Exploud|54\/100\n|\n|upkeep\n|turn|33\n|\n|t:|1645164185\n|switch|p1a: Spoiled Rotten|Chansey, F, shiny|69\/100\n|-damage|p1a: Spoiled Rotten|56\/100|[from] Spikes\n|-damage|p1a: Spoiled Rotten|44\/100|[from] Stealth Rock\n|move|p2a: Exploud|Boomburst|p1a: Spoiled Rotten\n|-damage|p1a: Spoiled Rotten|17\/100\n|\n|-heal|p1a: Spoiled Rotten|23\/100|[from] item: Leftovers\n|upkeep\n|turn|34\n|\n|t:|1645164198\n|move|p2a: Exploud|Boomburst|p1a: Spoiled Rotten\n|-damage|p1a: Spoiled Rotten|0 fnt\n|faint|p1a: Spoiled Rotten\n|\n|upkeep\n|\n|t:|1645164205\n|switch|p1a: Goldmember|Sableye, M, shiny|77\/100\n|-damage|p1a: Goldmember|65\/100|[from] Stealth Rock\n|-damage|p1a: Goldmember|52\/100|[from] Spikes\n|turn|35\n|\n|t:|1645164210\n|move|p1a: Goldmember|Recover|p1a: Goldmember\n|-heal|p1a: Goldmember|100\/100\n|move|p2a: Exploud|Boomburst|p1a: Goldmember\n|-immune|p1a: Goldmember\n|\n|upkeep\n|turn|36\n|\n|t:|1645164235\n|move|p2a: Exploud|Fire Blast|p1a: Goldmember\n|-damage|p1a: Goldmember|60\/100\n|move|p1a: Goldmember|Knock Off|p2a: Exploud\n|-damage|p2a: Exploud|18\/100\n|-enditem|p2a: Exploud|Silk Scarf|[from] move: Knock Off|[of] p1a: Goldmember\n|\n|upkeep\n|turn|37\n|\n|t:|1645164254\n|move|p1a: Goldmember|Recover|p1a: Goldmember\n|-heal|p1a: Goldmember|100\/100\n|move|p2a: Exploud|Fire Blast|p1a: Goldmember\n|-damage|p1a: Goldmember|61\/100\n|\n|upkeep\n|turn|38\n|\n|t:|1645164259\n|move|p1a: Goldmember|Recover|p1a: Goldmember\n|-heal|p1a: Goldmember|100\/100\n|move|p2a: Exploud|Taunt|p1a: Goldmember\n|-start|p1a: Goldmember|move: Taunt\n|\n|upkeep\n|turn|39\n|\n|t:|1645164265\n|move|p2a: Exploud|Fire Blast|p1a: Goldmember\n|-damage|p1a: Goldmember|58\/100\n|move|p1a: Goldmember|Knock Off|p2a: Exploud\n|-damage|p2a: Exploud|0 fnt\n|faint|p2a: Exploud\n|\n|upkeep\n|\n|t:|1645164270\n|switch|p2a: Omastar|Omastar, M|29\/100\n|-damage|p2a: Omastar|17\/100|[from] Stealth Rock\n|turn|40\n|\n|t:|1645164274\n|move|p2a: Omastar|Hydro Pump|p1a: Goldmember\n|-damage|p1a: Goldmember|0 fnt\n|faint|p1a: Goldmember\n|\n|upkeep\n|\n|t:|1645164277\n|switch|p1a: Dzhokhar|Tangela, M, shiny|100\/100\n|-damage|p1a: Dzhokhar|88\/100|[from] Stealth Rock\n|-damage|p1a: Dzhokhar|76\/100|[from] Spikes\n|turn|41\n|\n|t:|1645164282\n|move|p2a: Omastar|Hydro Pump|p1a: Dzhokhar\n|-resisted|p1a: Dzhokhar\n|-damage|p1a: Dzhokhar|25\/100\n|move|p1a: Dzhokhar|Giga Drain|p2a: Omastar\n|-supereffective|p2a: Omastar\n|-damage|p2a: Omastar|0 fnt\n|-heal|p1a: Dzhokhar|32\/100|[from] drain|[of] p2a: Omastar\n|faint|p2a: Omastar\n|\n|upkeep\n|\n|t:|1645164287\n|switch|p2a: Medicham|Medicham, F|62\/100\n|-damage|p2a: Medicham|56\/100|[from] Stealth Rock\n|turn|42\n|\n|t:|1645164291\n|move|p2a: Medicham|High Jump Kick|p1a: Dzhokhar\n|-damage|p1a: Dzhokhar|0 fnt\n|faint|p1a: Dzhokhar\n|\n|win|Ill Leave\n|c|\u2606Ill Leave|gg\n","uploadtime":1645164307,"views":101,"p1id":"sighofreprieve","p2id":"illleave","formatid":"gen8bdspru","rating":0,"private":0,"password":null}