{"id":"gen8ubers-1656729941","p1":"rooopos","p2":"SpikeyRifk","format":"gen8ubers","log":"|j|\u2606rooopos\n|j|\u2606SpikeyRifk\n|t:|1662390712\n|gametype|singles\n|player|p1|rooopos|265|\n|player|p2|SpikeyRifk|allister|\n|teamsize|p1|6\n|teamsize|p2|6\n|gen|8\n|tier|[Gen 8] Ubers\n|rule|Sleep Clause Mod: Limit one foe put to sleep\n|rule|Species Clause: Limit one of each Pok\u00e9mon\n|rule|OHKO Clause: OHKO moves are banned\n|rule|Evasion Items Clause: Evasion items are banned\n|rule|Evasion Moves Clause: Evasion moves are banned\n|rule|Endless Battle Clause: Forcing endless battles is banned\n|rule|HP Percentage Mod: HP is shown in percentages\n|rule|Dynamax Clause: You cannot dynamax\n|clearpoke\n|poke|p1|Dragapult, F|\n|poke|p1|Zapdos|\n|poke|p1|Nihilego|\n|poke|p1|Ferrothorn, F|\n|poke|p1|Landorus-Therian, M|\n|poke|p1|Crawdaunt, M|\n|poke|p2|Kyurem|\n|poke|p2|Dragapult, M|\n|poke|p2|Latias, F|\n|poke|p2|Kommo-o, F|\n|poke|p2|Hydreigon, M|\n|poke|p2|Garchomp, F|\n|teampreview\n|c|\u2606SpikeyRifk|so used to people doing ou for some reason\n|\n|t:|1662390757\n|start\n|switch|p1a: Ferrothorn|Ferrothorn, F|100\/100\n|switch|p2a: Melt|Latias, F|100\/100\n|turn|1\n|\n|t:|1662390765\n|switch|p1a: Landorus|Landorus-Therian, M|100\/100\n|-ability|p1a: Landorus|Intimidate|boost\n|-unboost|p2a: Melt|atk|1\n|move|p2a: Melt|Reflect|p2a: Melt\n|-sidestart|p2: SpikeyRifk|Reflect\n|\n|upkeep\n|turn|2\n|\n|t:|1662390777\n|switch|p1a: Crawdaunt|Crawdaunt, M|100\/100\n|move|p2a: Melt|Light Screen|p2a: Melt\n|-sidestart|p2: SpikeyRifk|move: Light Screen\n|\n|upkeep\n|turn|3\n|\n|t:|1662390782\n|move|p2a: Melt|Healing Wish|p2a: Melt\n|faint|p2a: Melt\n|move|p1a: Crawdaunt|Knock Off|p2: Melt|[notarget]\n|-fail|p1a: Crawdaunt\n|\n|upkeep\n|\n|t:|1662390804\n|switch|p2a: Lemon Drop|Kommo-o, F, shiny|100\/100\n|turn|4\n|\n|t:|1662390810\n|switch|p1a: Dragapult|Dragapult, F|100\/100\n|move|p2a: Lemon Drop|Clangorous Soul|p2a: Lemon Drop\n|-boost|p2a: Lemon Drop|atk|1\n|-boost|p2a: Lemon Drop|def|1\n|-boost|p2a: Lemon Drop|spa|1\n|-boost|p2a: Lemon Drop|spd|1\n|-boost|p2a: Lemon Drop|spe|1\n|-damage|p2a: Lemon Drop|68\/100\n|\n|upkeep\n|turn|5\n|\n|t:|1662390819\n|move|p2a: Lemon Drop|Dragon Claw|p1a: Dragapult\n|-supereffective|p1a: Dragapult\n|-damage|p1a: Dragapult|0 fnt\n|faint|p1a: Dragapult\n|\n|upkeep\n|\n|t:|1662390824\n|switch|p1a: Zapdos|Zapdos|100\/100\n|turn|6\n|\n|t:|1662390829\n|move|p2a: Lemon Drop|Dragon Claw|p1a: Zapdos\n|-damage|p1a: Zapdos|27\/100\n|-status|p2a: Lemon Drop|par|[from] ability: Static|[of] p1a: Zapdos\n|move|p1a: Zapdos|Hurricane|p2a: Lemon Drop\n|-supereffective|p2a: Lemon Drop\n|-damage|p2a: Lemon Drop|25\/100 par\n|-enditem|p2a: Lemon Drop|Sitrus Berry|[eat]\n|-heal|p2a: Lemon Drop|50\/100 par|[from] item: Sitrus Berry\n|\n|upkeep\n|turn|7\n|\n|t:|1662390837\n|move|p1a: Zapdos|Hurricane|p2a: Lemon Drop\n|-supereffective|p2a: Lemon Drop\n|-damage|p2a: Lemon Drop|8\/100 par\n|move|p2a: Lemon Drop|Dragon Claw|p1a: Zapdos\n|-damage|p1a: Zapdos|0 fnt\n|faint|p1a: Zapdos\n|\n|upkeep\n|\n|t:|1662390845\n|switch|p1a: Nihilego|Nihilego|100\/100\n|turn|8\n|\n|t:|1662390849\n|move|p1a: Nihilego|Sludge Bomb|p2a: Lemon Drop\n|-damage|p2a: Lemon Drop|0 fnt\n|faint|p2a: Lemon Drop\n|-ability|p1a: Nihilego|Beast Boost|boost\n|-boost|p1a: Nihilego|spe|1\n|\n|-sideend|p2: SpikeyRifk|Reflect\n|upkeep\n|\n|t:|1662390856\n|switch|p2a: HeadStone|Garchomp, F|100\/100\n|turn|9\n|\n|t:|1662390859\n|switch|p1a: Landorus|Landorus-Therian, M|100\/100\n|-ability|p1a: Landorus|Intimidate|boost\n|-unboost|p2a: HeadStone|atk|1\n|move|p2a: HeadStone|Earthquake|p1a: Landorus\n|-immune|p1a: Landorus\n|\n|-sideend|p2: SpikeyRifk|move: Light Screen\n|upkeep\n|turn|10\n|\n|t:|1662390872\n|switch|p2a: Terrible Times|Hydreigon, M|100\/100\n|move|p1a: Landorus|U-turn|p2a: Terrible Times\n|-supereffective|p2a: Terrible Times\n|-damage|p2a: Terrible Times|48\/100\n|\n|t:|1662390881\n|switch|p1a: Nihilego|Nihilego|100\/100|[from]move: U-turn\n|\n|upkeep\n|turn|11\n|\n|t:|1662390894\n|switch|p1a: Landorus|Landorus-Therian, M|100\/100\n|-ability|p1a: Landorus|Intimidate|boost\n|-unboost|p2a: Terrible Times|atk|1\n|move|p2a: Terrible Times|Earth Power|p1a: Landorus\n|-immune|p1a: Landorus\n|\n|upkeep\n|turn|12\n|\n|t:|1662390899\n|switch|p2a: HeadStone|Garchomp, F|100\/100\n|move|p1a: Landorus|U-turn|p2a: HeadStone\n|-damage|p2a: HeadStone|76\/100\n|-damage|p1a: Landorus|88\/100|[from] ability: Rough Skin|[of] p2a: HeadStone\n|\n|t:|1662390908\n|switch|p1a: Crawdaunt|Crawdaunt, M|100\/100|[from]move: U-turn\n|\n|-heal|p2a: HeadStone|83\/100|[from] item: Leftovers\n|upkeep\n|turn|13\n|\n|t:|1662390914\n|switch|p1a: Ferrothorn|Ferrothorn, F|100\/100\n|move|p2a: HeadStone|Earthquake|p1a: Ferrothorn\n|-damage|p1a: Ferrothorn|68\/100\n|\n|-heal|p2a: HeadStone|89\/100|[from] item: Leftovers\n|-heal|p1a: Ferrothorn|74\/100|[from] item: Leftovers\n|upkeep\n|turn|14\n|\n|t:|1662390921\n|switch|p1a: Landorus|Landorus-Therian, M|88\/100\n|-ability|p1a: Landorus|Intimidate|boost\n|-unboost|p2a: HeadStone|atk|1\n|move|p2a: HeadStone|Earthquake|p1a: Landorus\n|-immune|p1a: Landorus\n|\n|-heal|p2a: HeadStone|95\/100|[from] item: Leftovers\n|-heal|p1a: Landorus|94\/100|[from] item: Leftovers\n|upkeep\n|turn|15\n|\n|t:|1662390926\n|move|p2a: HeadStone|Swords Dance|p2a: HeadStone\n|-boost|p2a: HeadStone|atk|2\n|move|p1a: Landorus|Toxic|p2a: HeadStone\n|-status|p2a: HeadStone|tox\n|\n|-heal|p2a: HeadStone|100\/100 tox|[from] item: Leftovers\n|-heal|p1a: Landorus|99\/100|[from] item: Leftovers\n|-damage|p2a: HeadStone|94\/100 tox|[from] psn\n|upkeep\n|turn|16\n|\n|t:|1662390930\n|move|p2a: HeadStone|Swords Dance|p2a: HeadStone\n|-boost|p2a: HeadStone|atk|2\n|move|p1a: Landorus|Earthquake|p2a: HeadStone\n|-damage|p2a: HeadStone|44\/100 tox\n|\n|-heal|p2a: HeadStone|50\/100 tox|[from] item: Leftovers\n|-heal|p1a: Landorus|100\/100|[from] item: Leftovers\n|-damage|p2a: HeadStone|37\/100 tox|[from] psn\n|upkeep\n|turn|17\n|\n|t:|1662390933\n|switch|p1a: Ferrothorn|Ferrothorn, F|74\/100\n|move|p2a: HeadStone|Scale Shot|p1a: Ferrothorn\n|-resisted|p1a: Ferrothorn\n|-damage|p1a: Ferrothorn|64\/100\n|-resisted|p1a: Ferrothorn\n|-damage|p1a: Ferrothorn|55\/100\n|-resisted|p1a: Ferrothorn\n|-damage|p1a: Ferrothorn|46\/100\n|-resisted|p1a: Ferrothorn\n|-damage|p1a: Ferrothorn|36\/100\n|-hitcount|p1a: Ferrothorn|4\n|-unboost|p2a: HeadStone|def|1\n|-boost|p2a: HeadStone|spe|1\n|\n|-heal|p2a: HeadStone|44\/100 tox|[from] item: Leftovers\n|-heal|p1a: Ferrothorn|43\/100|[from] item: Leftovers\n|-damage|p2a: HeadStone|25\/100 tox|[from] psn\n|upkeep\n|turn|18\n|\n|t:|1662390943\n|move|p2a: HeadStone|Scale Shot|p1a: Ferrothorn\n|-resisted|p1a: Ferrothorn\n|-damage|p1a: Ferrothorn|34\/100\n|-resisted|p1a: Ferrothorn\n|-damage|p1a: Ferrothorn|25\/100\n|-resisted|p1a: Ferrothorn\n|-damage|p1a: Ferrothorn|16\/100\n|-hitcount|p1a: Ferrothorn|3\n|-unboost|p2a: HeadStone|def|1\n|-boost|p2a: HeadStone|spe|1\n|move|p1a: Ferrothorn|Stealth Rock|p2a: HeadStone\n|-sidestart|p2: SpikeyRifk|move: Stealth Rock\n|\n|-heal|p2a: HeadStone|31\/100 tox|[from] item: Leftovers\n|-heal|p1a: Ferrothorn|22\/100|[from] item: Leftovers\n|-damage|p2a: HeadStone|7\/100 tox|[from] psn\n|upkeep\n|turn|19\n|\n|t:|1662390946\n|move|p2a: HeadStone|Scale Shot|p1a: Ferrothorn\n|-resisted|p1a: Ferrothorn\n|-damage|p1a: Ferrothorn|12\/100\n|-resisted|p1a: Ferrothorn\n|-damage|p1a: Ferrothorn|3\/100\n|-hitcount|p1a: Ferrothorn|2\n|-unboost|p2a: HeadStone|def|1\n|-boost|p2a: HeadStone|spe|1\n|move|p1a: Ferrothorn|Knock Off|p2a: HeadStone\n|-damage|p2a: HeadStone|0 fnt\n|-damage|p1a: Ferrothorn|0 fnt|[from] ability: Rough Skin|[of] p2a: HeadStone\n|faint|p2a: HeadStone\n|faint|p1a: Ferrothorn\n|\n|upkeep\n|\n|t:|1662390954\n|switch|p2a: Fading|Dragapult, M|100\/100\n|switch|p1a: Nihilego|Nihilego|100\/100\n|-damage|p2a: Fading|88\/100|[from] Stealth Rock\n|turn|20\n|\n|t:|1662390962\n|switch|p1a: Landorus|Landorus-Therian, M|100\/100\n|-ability|p1a: Landorus|Intimidate|boost\n|-unboost|p2a: Fading|atk|1\n|move|p2a: Fading|Substitute|p2a: Fading\n|-start|p2a: Fading|Substitute\n|-damage|p2a: Fading|63\/100\n|\n|upkeep\n|turn|21\n|\n|t:|1662390967\n|move|p2a: Fading|Dragon Dance|p2a: Fading\n|-boost|p2a: Fading|atk|1\n|-boost|p2a: Fading|spe|1\n|move|p1a: Landorus|Earthquake|p2a: Fading\n|-end|p2a: Fading|Substitute\n|\n|upkeep\n|turn|22\n|\n|t:|1662390974\n|move|p2a: Fading|Dragon Darts|p1a: Landorus\n|-damage|p1a: Landorus|72\/100\n|-anim|p2a: Fading|Dragon Darts|p1a: Landorus\n|-damage|p1a: Landorus|42\/100\n|move|p1a: Landorus|Earthquake|p2a: Fading\n|-damage|p2a: Fading|0 fnt\n|faint|p2a: Fading\n|\n|-heal|p1a: Landorus|48\/100|[from] item: Leftovers\n|upkeep\n|\n|t:|1662390979\n|switch|p2a: Terrible Times|Hydreigon, M|48\/100\n|-heal|p2a: Terrible Times|100\/100|[from] move: Healing Wish\n|-damage|p2a: Terrible Times|88\/100|[from] Stealth Rock\n|turn|23\n|\n|t:|1662390984\n|move|p2a: Terrible Times|Dark Pulse|p1a: Landorus\n|-damage|p1a: Landorus|4\/100\n|move|p1a: Landorus|U-turn|p2a: Terrible Times\n|-supereffective|p2a: Terrible Times\n|-damage|p2a: Terrible Times|33\/100\n|\n|t:|1662390995\n|switch|p1a: Nihilego|Nihilego|100\/100|[from]move: U-turn\n|\n|upkeep\n|turn|24\n|\n|t:|1662390999\n|move|p1a: Nihilego|Meteor Beam||[still]\n|-prepare|p1a: Nihilego|Meteor Beam\n|-boost|p1a: Nihilego|spa|1\n|-enditem|p1a: Nihilego|Power Herb\n|-anim|p1a: Nihilego|Meteor Beam|p2a: Terrible Times|[miss]\n|-miss|p1a: Nihilego|p2a: Terrible Times\n|move|p2a: Terrible Times|Dark Pulse|p1a: Nihilego\n|-crit|p1a: Nihilego\n|-damage|p1a: Nihilego|33\/100\n|\n|upkeep\n|turn|25\n|\n|t:|1662391006\n|move|p1a: Nihilego|Sludge Bomb|p2a: Terrible Times\n|-damage|p2a: Terrible Times|0 fnt\n|faint|p2a: Terrible Times\n|-ability|p1a: Nihilego|Beast Boost|boost\n|-boost|p1a: Nihilego|spe|1\n|\n|upkeep\n|\n|t:|1662391008\n|switch|p2a: Ride|Kyurem|100\/100\n|-damage|p2a: Ride|76\/100|[from] Stealth Rock\n|-ability|p2a: Ride|Pressure\n|turn|26\n|\n|t:|1662391012\n|move|p1a: Nihilego|Power Gem|p2a: Ride\n|-supereffective|p2a: Ride\n|-damage|p2a: Ride|0 fnt\n|faint|p2a: Ride\n|\n|win|rooopos\n|c|\u2606rooopos|gg\n|l|\u2606SpikeyRifk\n","uploadtime":1662391039,"views":7,"p1id":"rooopos","p2id":"spikeyrifk","formatid":"gen8ubers","rating":0,"private":0,"password":null}