{"id":"gen8randombattle-1668384026","p1":"ban raph 2022","p2":"Raph369","format":"gen8randombattle","log":"|j|\u2606ban raph 2022\n|j|\u2606Raph369\n|t:|1663620088\n|gametype|singles\n|player|p1|ban raph 2022|delinquent|\n|player|p2|Raph369|rocketgrunt|\n|teamsize|p1|6\n|teamsize|p2|6\n|gen|8\n|tier|[Gen 8] Random Battle\n|rule|Species Clause: Limit one of each Pok\u00e9mon\n|rule|HP Percentage Mod: HP is shown in percentages\n|rule|Sleep Clause Mod: Limit one foe put to sleep\n|\n|t:|1663620088\n|start\n|switch|p1a: Kyurem|Kyurem-White, L74|307\/307\n|switch|p2a: Terrakion|Terrakion, L78|270\/270\n|-ability|p1a: Kyurem|Turboblaze\n|turn|1\n|c|\u2606ban raph 2022|good lcuk\n|c|\u2606Raph369|bad luck\n|c|\u2606ban raph 2022|wtf\n|c|\u2606ban raph 2022|thiks is why you need to get banned\n|\n|t:|1663620115\n|switch|p1a: Toxapex|Toxapex, L82, F|216\/216\n|-start|p2a: Terrakion|Dynamax|\n|-heal|p2a: Terrakion|540\/540|[silent]\n|move|p2a: Terrakion|Max Knuckle|p1a: Toxapex\n|-resisted|p1a: Toxapex\n|-damage|p1a: Toxapex|168\/216\n|-boost|p2a: Terrakion|atk|1\n|-damage|p2a: Terrakion|513\/540|[from] item: Life Orb\n|\n|-heal|p1a: Toxapex|181\/216|[from] item: Black Sludge\n|upkeep\n|turn|2\n|\n|t:|1663620123\n|move|p1a: Toxapex|Baneful Bunker|p1a: Toxapex\n|-singleturn|p1a: Toxapex|move: Protect\n|move|p2a: Terrakion|Max Quake|p1a: Toxapex\n|-supereffective|p1a: Toxapex\n|-zbroken|p1a: Toxapex\n|-damage|p1a: Toxapex|122\/216\n|-boost|p2a: Terrakion|spd|1\n|-damage|p2a: Terrakion|486\/540|[from] item: Life Orb\n|\n|-heal|p1a: Toxapex|135\/216|[from] item: Black Sludge\n|upkeep\n|turn|3\n|\n|t:|1663620139\n|switch|p1a: Pinsir|Pinsir, L84, M|246\/246\n|-ability|p1a: Pinsir|Mold Breaker\n|move|p2a: Terrakion|Max Knuckle|p1a: Pinsir\n|-resisted|p1a: Pinsir\n|-damage|p1a: Pinsir|142\/246\n|-boost|p2a: Terrakion|atk|1\n|-damage|p2a: Terrakion|459\/540|[from] item: Life Orb\n|\n|upkeep\n|-end|p2a: Terrakion|Dynamax\n|-heal|p2a: Terrakion|230\/270|[silent]\n|turn|4\n|\n|t:|1663620152\n|switch|p1a: Toxapex|Toxapex, L82, F|207\/216\n|move|p2a: Terrakion|Stone Edge|p1a: Toxapex|[miss]\n|-miss|p2a: Terrakion|p1a: Toxapex\n|\n|-heal|p1a: Toxapex|216\/216|[from] item: Black Sludge\n|upkeep\n|turn|5\n|\n|t:|1663620157\n|move|p2a: Terrakion|Earthquake|p1a: Toxapex\n|-supereffective|p1a: Toxapex\n|-damage|p1a: Toxapex|0 fnt\n|faint|p1a: Toxapex\n|-damage|p2a: Terrakion|203\/270|[from] item: Life Orb\n|\n|upkeep\n|\n|t:|1663620166\n|switch|p1a: Amoonguss|Amoonguss, L84, F|329\/329\n|turn|6\n|c|\u2606ban raph 2022|sry\n|c|\u2606ban raph 2022|knock at door\n|\n|t:|1663620210\n|move|p2a: Terrakion|Stone Edge|p1a: Amoonguss\n|-damage|p1a: Amoonguss|0 fnt\n|faint|p1a: Amoonguss\n|-damage|p2a: Terrakion|176\/270|[from] item: Life Orb\n|\n|upkeep\n|\n|t:|1663620220\n|switch|p1a: Pangoro|Pangoro, L84, F|297\/297\n|turn|7\n|\n|t:|1663620243\n|-start|p1a: Pangoro|Dynamax|\n|-heal|p1a: Pangoro|594\/594|[silent]\n|move|p2a: Terrakion|Close Combat|p1a: Pangoro\n|-supereffective|p1a: Pangoro\n|-damage|p1a: Pangoro|0 fnt\n|-unboost|p2a: Terrakion|def|1\n|-unboost|p2a: Terrakion|spd|1\n|faint|p1a: Pangoro\n|-damage|p2a: Terrakion|149\/270|[from] item: Life Orb\n|\n|upkeep\n|c|\u2606ban raph 2022|lool\n|c|\u2606Raph369|can you play?\n|\n|t:|1663620253\n|switch|p1a: Pinsir|Pinsir, L84, M|142\/246\n|-ability|p1a: Pinsir|Mold Breaker\n|turn|8\n|\n|t:|1663620263\n|move|p2a: Terrakion|Close Combat|p1a: Pinsir\n|-resisted|p1a: Pinsir\n|-crit|p1a: Pinsir\n|-damage|p1a: Pinsir|0 fnt\n|-unboost|p2a: Terrakion|def|1\n|-unboost|p2a: Terrakion|spd|1\n|faint|p1a: Pinsir\n|-damage|p2a: Terrakion|122\/270|[from] item: Life Orb\n|\n|upkeep\n|\n|t:|1663620268\n|switch|p1a: Vaporeon|Vaporeon, L84, M|356\/356\n|turn|9\n|\n|t:|1663620275\n|move|p2a: Terrakion|Close Combat|p1a: Vaporeon\n|-damage|p1a: Vaporeon|0 fnt\n|-unboost|p2a: Terrakion|def|1\n|-unboost|p2a: Terrakion|spd|1\n|faint|p1a: Vaporeon\n|-damage|p2a: Terrakion|95\/270|[from] item: Life Orb\n|\n|upkeep\n|\n|t:|1663620278\n|switch|p1a: Kyurem|Kyurem-White, L74|307\/307\n|-ability|p1a: Kyurem|Turboblaze\n|turn|10\n|c|\u2606Raph369|ban raph 2022 is an idiot\n|\n|t:|1663620290\n|move|p2a: Terrakion|Close Combat|p1a: Kyurem\n|-supereffective|p1a: Kyurem\n|-damage|p1a: Kyurem|0 fnt\n|-unboost|p2a: Terrakion|def|1\n|-unboost|p2a: Terrakion|spd|1\n|faint|p1a: Kyurem\n|-damage|p2a: Terrakion|68\/270|[from] item: Life Orb\n|\n|win|Raph369\n|c|\u2606Raph369|easiest game of my life\n|c|\u2606ban raph 2022|close one gg\n|c|\u2606Raph369|GG\n","inputlog":">version a38bdb738bb7227d0b89007e0f05baabc709fa42\n>start {\"formatid\":\"gen8randombattle\",\"seed\":[50032,19374,35009,25572]}\n>player p1 {\"name\":\"ban raph 2022\",\"avatar\":\"delinquent\",\"rating\":0,\"seed\":[60763,32774,5516,45389]}\n>player p2 {\"name\":\"Raph369\",\"avatar\":\"rocketgrunt\",\"rating\":0,\"seed\":[9688,17007,37340,61674]}\n>chat \u2606ban raph 2022|good lcuk\n>chat \u2606Raph369|bad luck\n>chat \u2606ban raph 2022|wtf\n>chat \u2606ban raph 2022|thiks is why you need to get banned\n>p1 switch 5\n>p2 move closecombat dynamax\n>p1 move banefulbunker\n>p2 move earthquake dynamax\n>p1 switch 2\n>p2 move closecombat dynamax\n>p1 switch 2\n>p2 move stoneedge\n>p1 move toxic\n>p2 move earthquake\n>p1 switch 3\n>chat \u2606ban raph 2022|sry\n>chat \u2606ban raph 2022|knock at door\n>p1 move toxic\n>p2 move stoneedge\n>p1 switch 4\n>p1 move closecombat dynamax\n>p2 move closecombat\n>chat \u2606ban raph 2022|lool\n>chat \u2606Raph369|can you play?\n>p1 switch 2\n>p1 move earthquake\n>p2 move closecombat\n>p1 switch 6\n>p1 move scald\n>p2 move closecombat\n>p1 switch 5\n>chat \u2606Raph369|ban raph 2022 is an idiot\n>p1 move earthpower\n>p2 move closecombat","uploadtime":1663620308,"views":12,"p1id":"banraph2022","p2id":"raph369","formatid":"gen8randombattle","rating":0,"private":0,"password":null}