{"id":"gen8bdspou-1493568153","p1":"bhkg","p2":"freebobby2020","format":"gen8bdspou","log":"|html|<div class=\"broadcast-blue\"><strong>[Gen 8 BDSP] OU is currently suspecting Manaphy! For information on how to participate check out the <a href=\"https:\/\/www.smogon.com\/forums\/threads\/np-bdsp-ou-suspect-process-round-2-afterglow.3696052\/\">suspect thread<\/a>.<\/strong><\/div>\n|j|\u2606bhkg\n|j|\u2606freebobby2020\n|t:|1642482289\n|gametype|singles\n|player|p1|bhkg|169|1584\n|player|p2|freebobby2020|benga|1676\n|teamsize|p1|6\n|teamsize|p2|6\n|gen|8\n|tier|[Gen 8 BDSP] OU\n|rated|\n|rule|Sleep Clause Mod: Limit one foe put to sleep\n|rule|Species Clause: Limit one of each Pok\u00e9mon\n|rule|OHKO Clause: OHKO moves are banned\n|rule|Evasion Moves Clause: Evasion moves are banned\n|rule|Endless Battle Clause: Forcing endless battles is banned\n|rule|HP Percentage Mod: HP is shown in percentages\n|clearpoke\n|poke|p1|Dragonite, M|\n|poke|p1|Azumarill, F|\n|poke|p1|Lucario, F|\n|poke|p1|Donphan, F|\n|poke|p1|Raikou|\n|poke|p1|Roserade, M|\n|poke|p2|Heatran, M|\n|poke|p2|Manaphy|\n|poke|p2|Skarmory, F|\n|poke|p2|Blissey, F|\n|poke|p2|Lucario, F|\n|poke|p2|Gengar, M|\n|teampreview\n|j| CANADIAN RAT\n|\n|t:|1642482303\n|start\n|switch|p1a: Raikou|Raikou|100\/100\n|switch|p2a: Blissey|Blissey, F|100\/100\n|turn|1\n|\n|t:|1642482307\n|move|p1a: Raikou|Volt Switch|p2a: Blissey\n|-damage|p2a: Blissey|81\/100\n|\n|t:|1642482308\n|switch|p1a: Lucario|Lucario, F|100\/100|[from]move: Volt Switch\n|move|p2a: Blissey|Stealth Rock|p1a: Lucario\n|-sidestart|p1: bhkg|move: Stealth Rock\n|\n|-heal|p2a: Blissey|87\/100|[from] item: Leftovers\n|upkeep\n|turn|2\n|\n|t:|1642482311\n|switch|p2a: Skarmory|Skarmory, F|100\/100\n|move|p1a: Lucario|Flash Cannon|p2a: Skarmory\n|-resisted|p2a: Skarmory\n|-damage|p2a: Skarmory|68\/100\n|-damage|p1a: Lucario|91\/100|[from] item: Life Orb\n|\n|upkeep\n|turn|3\n|\n|t:|1642482314\n|switch|p2a: Gengar|Gengar, M|100\/100\n|move|p1a: Lucario|Nasty Plot|p1a: Lucario\n|-boost|p1a: Lucario|spa|2\n|\n|upkeep\n|turn|4\n|\n|t:|1642482317\n|move|p2a: Gengar|Focus Blast|p1a: Lucario|[miss]\n|-miss|p2a: Gengar|p1a: Lucario\n|move|p1a: Lucario|Flash Cannon|p2a: Gengar\n|-damage|p2a: Gengar|0 fnt\n|faint|p2a: Gengar\n|-damage|p1a: Lucario|81\/100|[from] item: Life Orb\n|\n|upkeep\n|\n|t:|1642482325\n|switch|p2a: Blissey|Blissey, F|87\/100\n|turn|5\n|\n|t:|1642482327\n|move|p1a: Lucario|Focus Blast|p2a: Blissey\n|-supereffective|p2a: Blissey\n|-damage|p2a: Blissey|0 fnt\n|faint|p2a: Blissey\n|-damage|p1a: Lucario|71\/100|[from] item: Life Orb\n|\n|upkeep\n|\n|t:|1642482330\n|switch|p2a: Manaphy|Manaphy|100\/100\n|turn|6\n|\n|t:|1642482332\n|move|p2a: Manaphy|Scald|p1a: Lucario\n|-damage|p1a: Lucario|28\/100\n|-status|p1a: Lucario|brn\n|move|p1a: Lucario|Focus Blast|p2a: Manaphy|[miss]\n|-miss|p1a: Lucario|p2a: Manaphy\n|\n|-damage|p1a: Lucario|22\/100 brn|[from] brn\n|upkeep\n|turn|7\n|\n|t:|1642482338\n|move|p1a: Lucario|Vacuum Wave|p2a: Manaphy\n|-damage|p2a: Manaphy|57\/100\n|-damage|p1a: Lucario|12\/100 brn|[from] item: Life Orb\n|move|p2a: Manaphy|Scald|p1a: Lucario\n|-damage|p1a: Lucario|0 fnt\n|faint|p1a: Lucario\n|\n|-heal|p2a: Manaphy|63\/100|[from] item: Leftovers\n|upkeep\n|\n|t:|1642482340\n|switch|p1a: Raikou|Raikou|100\/100\n|-damage|p1a: Raikou|88\/100|[from] Stealth Rock\n|turn|8\n|\n|t:|1642482345\n|move|p1a: Raikou|Volt Switch|p2a: Manaphy\n|-supereffective|p2a: Manaphy\n|-damage|p2a: Manaphy|0 fnt\n|faint|p2a: Manaphy\n|c| CANADIAN RAT|this luc is a god\n|\n|t:|1642482348\n|switch|p1a: Donphan|Donphan, F|100\/100|[from]move: Volt Switch\n|-damage|p1a: Donphan|94\/100|[from] Stealth Rock\n|\n|-heal|p1a: Donphan|100\/100|[from] item: Leftovers\n|upkeep\n|\n|t:|1642482352\n|switch|p2a: Heatran|Heatran, M|100\/100\n|turn|9\n|\n|t:|1642482354\n|move|p2a: Heatran|Overheat|p1a: Donphan\n|-ability|p1a: Donphan|Sturdy\n|-damage|p1a: Donphan|1\/100\n|-unboost|p2a: Heatran|spa|2\n|move|p1a: Donphan|Rapid Spin|p2a: Heatran\n|-resisted|p2a: Heatran\n|-damage|p2a: Heatran|94\/100\n|-boost|p1a: Donphan|spe|1\n|-sideend|p1: bhkg|Stealth Rock|[from] move: Rapid Spin|[of] p1a: Donphan\n|\n|-heal|p1a: Donphan|7\/100|[from] item: Leftovers\n|upkeep\n|turn|10\n|\n|t:|1642482358\n|move|p1a: Donphan|Stealth Rock|p2a: Heatran\n|-sidestart|p2: freebobby2020|move: Stealth Rock\n|move|p2a: Heatran|Overheat|p1a: Donphan\n|-damage|p1a: Donphan|0 fnt\n|-unboost|p2a: Heatran|spa|2\n|faint|p1a: Donphan\n|\n|upkeep\n|\n|t:|1642482361\n|switch|p1a: Azumarill|Azumarill, F|100\/100\n|turn|11\n|\n|t:|1642482364\n|switch|p2a: Skarmory|Skarmory, F|68\/100\n|-damage|p2a: Skarmory|56\/100|[from] Stealth Rock\n|move|p1a: Azumarill|Waterfall|p2a: Skarmory\n|-damage|p2a: Skarmory|10\/100\n|\n|upkeep\n|turn|12\n|\n|t:|1642482367\n|switch|p1a: Raikou|Raikou|88\/100\n|move|p2a: Skarmory|Brave Bird|p1a: Raikou\n|-resisted|p1a: Raikou\n|-damage|p1a: Raikou|65\/100\n|-damage|p2a: Skarmory|3\/100|[from] Recoil\n|\n|upkeep\n|turn|13\n|\n|t:|1642482372\n|move|p1a: Raikou|Volt Switch|p2a: Skarmory\n|-supereffective|p2a: Skarmory\n|-damage|p2a: Skarmory|0 fnt\n|faint|p2a: Skarmory\n|\n|t:|1642482373\n|switch|p1a: Azumarill|Azumarill, F|100\/100|[from]move: Volt Switch\n|\n|upkeep\n|\n|t:|1642482376\n|switch|p2a: Heatran|Heatran, M|94\/100\n|-damage|p2a: Heatran|81\/100|[from] Stealth Rock\n|turn|14\n|\n|t:|1642482379\n|move|p2a: Heatran|Flash Cannon|p1a: Azumarill\n|-damage|p1a: Azumarill|33\/100\n|move|p1a: Azumarill|Waterfall|p2a: Heatran\n|-supereffective|p2a: Heatran\n|-damage|p2a: Heatran|0 fnt\n|faint|p2a: Heatran\n|\n|upkeep\n|\n|t:|1642482382\n|switch|p2a: Lucario|Lucario, F|100\/100\n|-damage|p2a: Lucario|98\/100|[from] Stealth Rock\n|turn|15\n|\n|t:|1642482385\n|move|p2a: Lucario|Extreme Speed|p1a: Azumarill\n|-damage|p1a: Azumarill|0 fnt\n|faint|p1a: Azumarill\n|\n|upkeep\n|\n|t:|1642482388\n|switch|p1a: Dragonite|Dragonite, M, shiny|100\/100\n|turn|16\n|-message|freebobby2020 forfeited.\n|\n|win|bhkg\n|raw|bhkg's rating: 1584 &rarr; <strong>1609<\/strong><br \/>(+25 for winning)\n|raw|freebobby2020's rating: 1676 &rarr; <strong>1651<\/strong><br \/>(-25 for losing)\n|l|\u2606freebobby2020\n|l| CANADIAN RAT\n","uploadtime":1642483550,"views":34,"p1id":"bhkg","p2id":"freebobby2020","formatid":"gen8bdspou","rating":1609,"private":0,"password":null}