{"id":"gen8nationaldex-1680919928","p1":"Brettfavreinnocent","p2":"207 G","format":"gen8nationaldex","log":"|j|\u2606Brettfavreinnocent\n|j|\u2606207 G\n|t:|1665252291\n|gametype|singles\n|player|p1|Brettfavreinnocent|265|1374\n|player|p2|207 G|proton|1301\n|teamsize|p1|6\n|teamsize|p2|6\n|gen|8\n|tier|[Gen 8] National Dex\n|rated|\n|rule|HP Percentage Mod: HP is shown in percentages\n|rule|Endless Battle Clause: Forcing endless battles is banned\n|rule|OHKO Clause: OHKO moves are banned\n|rule|Evasion Moves Clause: Evasion moves are banned\n|rule|Species Clause: Limit one of each Pok\u00e9mon\n|rule|Dynamax Clause: You cannot dynamax\n|rule|Sleep Clause Mod: Limit one foe put to sleep\n|clearpoke\n|poke|p1|Torkoal, F|\n|poke|p1|Venusaur, F|\n|poke|p1|Blacephalon|\n|poke|p1|Tapu Fini|\n|poke|p1|Hydreigon, F|\n|poke|p1|Steelix, F|\n|poke|p2|Alakazam, M|\n|poke|p2|Blacephalon|\n|poke|p2|Froslass, F|\n|poke|p2|Regieleki|\n|poke|p2|Galvantula, M|\n|poke|p2|Zoroark, M|\n|teampreview\n|\n|t:|1665252307\n|start\n|switch|p1a: Steelix|Steelix, F|100\/100\n|switch|p2a: Circe|Froslass, F|100\/100\n|turn|1\n|\n|t:|1665252313\n|detailschange|p1a: Steelix|Steelix-Mega, F\n|-mega|p1a: Steelix|Steelix|Steelixite\n|move|p2a: Circe|Taunt|p1a: Steelix\n|-start|p1a: Steelix|move: Taunt\n|cant|p1a: Steelix|move: Taunt|Stealth Rock\n|\n|upkeep\n|turn|2\n|\n|t:|1665252319\n|move|p2a: Circe|Spikes|p1a: Steelix\n|-sidestart|p1: Brettfavreinnocent|Spikes\n|move|p1a: Steelix|Heavy Slam|p2a: Circe\n|-supereffective|p2a: Circe\n|-enditem|p2a: Circe|Focus Sash\n|-damage|p2a: Circe|1\/100\n|\n|upkeep\n|turn|3\n|\n|t:|1665252356\n|move|p2a: Circe|Destiny Bond|p2a: Circe\n|-singlemove|p2a: Circe|Destiny Bond\n|move|p1a: Steelix|Heavy Slam|p2a: Circe\n|-supereffective|p2a: Circe\n|-damage|p2a: Circe|0 fnt\n|faint|p2a: Circe\n|-activate|p2a: Circe|move: Destiny Bond\n|faint|p1a: Steelix\n|\n|upkeep\n|\n|t:|1665252366\n|switch|p2a: Sinestro|Galvantula, M|100\/100\n|switch|p1a: Hydreigon|Hydreigon, F|100\/100\n|turn|4\n|\n|t:|1665252372\n|move|p2a: Sinestro|Sticky Web|p1a: Hydreigon\n|-sidestart|p1: Brettfavreinnocent|move: Sticky Web\n|move|p1a: Hydreigon|Draco Meteor|p2a: Sinestro\n|-damage|p2a: Sinestro|0 fnt\n|-unboost|p1a: Hydreigon|spa|2\n|faint|p2a: Sinestro\n|\n|upkeep\n|\n|t:|1665252379\n|switch|p2a: The Joker|Blacephalon|100\/100\n|turn|5\n|\n|t:|1665252389\n|move|p2a: The Joker|Swords Dance|p2a: The Joker\n|-boost|p2a: The Joker|atk|2\n|move|p1a: Hydreigon|Draco Meteor|p2a: The Joker\n|-damage|p2a: The Joker|4\/100\n|-unboost|p1a: Hydreigon|spa|2\n|replace|p2a: Byth Rok|Zoroark, M\n|-end|p2a: Byth Rok|Illusion\n|\n|upkeep\n|turn|6\n|\n|t:|1665252428\n|switch|p1a: Torkoal|Torkoal, F|100\/100\n|-damage|p1a: Torkoal|88\/100|[from] Spikes\n|-activate|p1a: Torkoal|move: Sticky Web\n|-unboost|p1a: Torkoal|spe|1\n|-weather|SunnyDay|[from] ability: Drought|[of] p1a: Torkoal\n|move|p2a: Byth Rok|Low Kick|p1a: Torkoal\n|-crit|p1a: Torkoal\n|-damage|p1a: Torkoal|31\/100\n|-damage|p2a: Byth Rok|0 fnt|[from] item: Life Orb\n|faint|p2a: Byth Rok\n|\n|-weather|SunnyDay|[upkeep]\n|upkeep\n|\n|t:|1665252436\n|switch|p2a: The Joker|Blacephalon|100\/100\n|turn|7\n|\n|t:|1665252445\n|move|p2a: The Joker|Shadow Ball|p1a: Torkoal\n|-damage|p1a: Torkoal|0 fnt\n|faint|p1a: Torkoal\n|-ability|p2a: The Joker|Beast Boost|boost\n|-boost|p2a: The Joker|spa|1\n|\n|-weather|SunnyDay|[upkeep]\n|upkeep\n|\n|t:|1665252463\n|switch|p1a: Hydreigon|Hydreigon, F|100\/100\n|turn|8\n|\n|t:|1665252471\n|move|p2a: The Joker|Shadow Ball|p1a: Hydreigon\n|-resisted|p1a: Hydreigon\n|-damage|p1a: Hydreigon|46\/100\n|move|p1a: Hydreigon|U-turn|p2a: The Joker\n|-resisted|p2a: The Joker\n|-damage|p2a: The Joker|92\/100\n|-message|Brettfavreinnocent forfeited.\n|\n|win|207 G\n|raw|Brettfavreinnocent's rating: 1374 &rarr; <strong>1350<\/strong><br \/>(-24 for losing)\n|raw|207 G's rating: 1301 &rarr; <strong>1325<\/strong><br \/>(+24 for winning)\n|l|\u2606Brettfavreinnocent\n","uploadtime":1665252486,"views":7,"p1id":"brettfavreinnocent","p2id":"207g","formatid":"gen8nationaldex","rating":1325,"private":0,"password":null}