{"id":"gen8ou-1700078486","p1":"HutamiAmi","p2":"Scoots Mgee","format":"gen8ou","log":"|j|\u2606HutamiAmi\n|j|\u2606Scoots Mgee\n|t:|1667311759\n|gametype|singles\n|player|p1|HutamiAmi|anabel|1352\n|player|p2|Scoots Mgee|acetrainerf|1348\n|teamsize|p1|6\n|teamsize|p2|6\n|gen|8\n|tier|[Gen 8] OU\n|rated|\n|rule|Sleep Clause Mod: Limit one foe put to sleep\n|rule|Species Clause: Limit one of each Pok\u00e9mon\n|rule|OHKO Clause: OHKO moves are banned\n|rule|Evasion Items Clause: Evasion items are banned\n|rule|Evasion Moves Clause: Evasion moves are banned\n|rule|Endless Battle Clause: Forcing endless battles is banned\n|rule|HP Percentage Mod: HP is shown in percentages\n|rule|Dynamax Clause: You cannot dynamax\n|clearpoke\n|poke|p1|Tapu Lele|\n|poke|p1|Urshifu-*, F|\n|poke|p1|Garchomp, F|\n|poke|p1|Ferrothorn, M|\n|poke|p1|Zapdos|\n|poke|p1|Clefable, M|\n|poke|p2|Gastrodon, F|\n|poke|p2|Ferrothorn, F|\n|poke|p2|Urshifu-*, F|\n|poke|p2|Hippowdon, M|\n|poke|p2|Heatran, M|\n|poke|p2|Zapdos|\n|teampreview\n|inactive|Battle timer is ON: inactive players will automatically lose when time's up. (requested by Scoots Mgee)\n|\n|t:|1667311785\n|start\n|switch|p1a: Clefable|Clefable, M|100\/100\n|switch|p2a: Urshifu|Urshifu-Rapid-Strike, F|100\/100\n|turn|1\n|\n|t:|1667311788\n|move|p2a: Urshifu|U-turn|p1a: Clefable\n|-resisted|p1a: Clefable\n|-damage|p1a: Clefable|90\/100\n|\n|t:|1667311790\n|switch|p2a: Heatran|Heatran, M|100\/100|[from]move: U-turn\n|move|p1a: Clefable|Thunder Wave|p2a: Heatran|[miss]\n|-miss|p1a: Clefable|p2a: Heatran\n|\n|-heal|p1a: Clefable|96\/100|[from] item: Leftovers\n|upkeep\n|turn|2\n|\n|t:|1667311814\n|move|p2a: Heatran|Eruption|p1a: Clefable\n|-damage|p1a: Clefable|0 fnt\n|faint|p1a: Clefable\n|\n|upkeep\n|\n|t:|1667311818\n|switch|p1a: Garchomp|Garchomp, F|100\/100\n|turn|3\n|\n|t:|1667311832\n|switch|p2a: Urshifu|Urshifu-Rapid-Strike, F|100\/100\n|move|p1a: Garchomp|Swords Dance|p1a: Garchomp\n|-boost|p1a: Garchomp|atk|2\n|\n|upkeep\n|turn|4\n|\n|t:|1667311841\n|switch|p1a: Urshifu|Urshifu-Rapid-Strike, F|100\/100\n|move|p2a: Urshifu|Ice Punch|p1a: Urshifu\n|-resisted|p1a: Urshifu\n|-damage|p1a: Urshifu|87\/100\n|\n|upkeep\n|turn|5\n|\n|t:|1667311847\n|switch|p2a: Zapdos|Zapdos|100\/100\n|move|p1a: Urshifu|U-turn|p2a: Zapdos\n|-resisted|p2a: Zapdos\n|-damage|p2a: Zapdos|86\/100\n|-status|p1a: Urshifu|par|[from] ability: Static|[of] p2a: Zapdos\n|inactive|HutamiAmi has 120 seconds left.\n|\n|t:|1667311879\n|switch|p1a: Tapu Lele|Tapu Lele|100\/100|[from]move: U-turn\n|-fieldstart|move: Psychic Terrain|[from] ability: Psychic Surge|[of] p1a: Tapu Lele\n|\n|upkeep\n|turn|6\n|\n|t:|1667311887\n|switch|p2a: Hippowdon|Hippowdon, M|100\/100\n|-weather|Sandstorm|[from] ability: Sand Stream|[of] p2a: Hippowdon\n|move|p1a: Tapu Lele|Future Sight|p2a: Hippowdon\n|-start|p1a: Tapu Lele|move: Future Sight\n|\n|-weather|Sandstorm|[upkeep]\n|-damage|p1a: Tapu Lele|94\/100|[from] Sandstorm\n|upkeep\n|turn|7\n|\n|t:|1667311896\n|switch|p1a: Ferrothorn|Ferrothorn, M|100\/100\n|move|p2a: Hippowdon|Stealth Rock|p1a: Ferrothorn\n|-sidestart|p1: HutamiAmi|move: Stealth Rock\n|\n|-weather|Sandstorm|[upkeep]\n|upkeep\n|turn|8\n|inactive|HutamiAmi has 120 seconds left.\n|\n|t:|1667311931\n|switch|p2a: Heatran|Heatran, M|100\/100\n|move|p1a: Ferrothorn|Knock Off|p2a: Heatran\n|-damage|p2a: Heatran|84\/100\n|-enditem|p2a: Heatran|Choice Specs|[from] move: Knock Off|[of] p1a: Ferrothorn\n|\n|-weather|Sandstorm|[upkeep]\n|-end|p2a: Heatran|move: Future Sight\n|-resisted|p2a: Heatran\n|-damage|p2a: Heatran|44\/100\n|upkeep\n|turn|9\n|\n|t:|1667311939\n|switch|p1a: Garchomp|Garchomp, F|100\/100\n|-damage|p1a: Garchomp|94\/100|[from] Stealth Rock\n|move|p2a: Heatran|Flamethrower|p1a: Garchomp\n|-resisted|p1a: Garchomp\n|-damage|p1a: Garchomp|67\/100\n|-status|p1a: Garchomp|brn\n|\n|-weather|Sandstorm|[upkeep]\n|-heal|p1a: Garchomp|73\/100 brn|[from] item: Leftovers\n|-damage|p1a: Garchomp|67\/100 brn|[from] brn\n|-fieldend|move: Psychic Terrain\n|upkeep\n|turn|10\n|inactive|HutamiAmi has 120 seconds left.\n|\n|t:|1667311968\n|switch|p1a: Ferrothorn|Ferrothorn, M|100\/100\n|-damage|p1a: Ferrothorn|95\/100|[from] Stealth Rock\n|switch|p2a: Urshifu|Urshifu-Rapid-Strike, F|100\/100\n|\n|-weather|none\n|-heal|p1a: Ferrothorn|100\/100|[from] item: Leftovers\n|upkeep\n|turn|11\n|\n|t:|1667311989\n|switch|p2a: Hippowdon|Hippowdon, M|100\/100\n|-weather|Sandstorm|[from] ability: Sand Stream|[of] p2a: Hippowdon\n|switch|p1a: Zapdos|Zapdos|100\/100\n|\n|-weather|Sandstorm|[upkeep]\n|-damage|p1a: Zapdos|94\/100|[from] Sandstorm\n|upkeep\n|turn|12\n|inactive|HutamiAmi has 120 seconds left.\n|\n|t:|1667312010\n|move|p1a: Zapdos|Hurricane|p2a: Hippowdon\n|-damage|p2a: Hippowdon|65\/100\n|move|p2a: Hippowdon|Toxic|p1a: Zapdos\n|-status|p1a: Zapdos|tox\n|\n|-weather|Sandstorm|[upkeep]\n|-damage|p1a: Zapdos|88\/100 tox|[from] Sandstorm\n|-heal|p2a: Hippowdon|72\/100|[from] item: Leftovers\n|-damage|p1a: Zapdos|82\/100 tox|[from] psn\n|upkeep\n|turn|13\n|inactive|Scoots Mgee has 120 seconds left.\n|\n|t:|1667312042\n|switch|p1a: Ferrothorn|Ferrothorn, M|100\/100\n|-damage|p1a: Ferrothorn|95\/100|[from] Stealth Rock\n|move|p2a: Hippowdon|Stealth Rock||[still]\n|-fail|p2a: Hippowdon\n|\n|-weather|Sandstorm|[upkeep]\n|-heal|p2a: Hippowdon|78\/100|[from] item: Leftovers\n|-heal|p1a: Ferrothorn|100\/100|[from] item: Leftovers\n|upkeep\n|turn|14\n|inactive|HutamiAmi has 120 seconds left.\n|inactive|Scoots Mgee has 120 seconds left.\n|\n|t:|1667312055\n|switch|p2a: Heatran|Heatran, M|44\/100\n|move|p1a: Ferrothorn|Spikes|p2a: Heatran\n|-sidestart|p2: Scoots Mgee|Spikes\n|\n|-weather|Sandstorm|[upkeep]\n|upkeep\n|turn|15\n|inactive|HutamiAmi has 120 seconds left.\n|\n|t:|1667312064\n|switch|p1a: Garchomp|Garchomp, F|67\/100 brn\n|-damage|p1a: Garchomp|61\/100 brn|[from] Stealth Rock\n|move|p2a: Heatran|Flamethrower|p1a: Garchomp\n|-resisted|p1a: Garchomp\n|-damage|p1a: Garchomp|31\/100 brn\n|\n|-weather|none\n|-heal|p1a: Garchomp|37\/100 brn|[from] item: Leftovers\n|-damage|p1a: Garchomp|31\/100 brn|[from] brn\n|upkeep\n|turn|16\n|\n|t:|1667312074\n|switch|p1a: Ferrothorn|Ferrothorn, M|100\/100\n|-damage|p1a: Ferrothorn|95\/100|[from] Stealth Rock\n|switch|p2a: Zapdos|Zapdos|86\/100\n|\n|-heal|p1a: Ferrothorn|100\/100|[from] item: Leftovers\n|upkeep\n|turn|17\n|\n|t:|1667312083\n|switch|p2a: Ferrothorn|Ferrothorn, F|100\/100\n|-damage|p2a: Ferrothorn|88\/100|[from] Spikes\n|move|p1a: Ferrothorn|Knock Off|p2a: Ferrothorn\n|-damage|p2a: Ferrothorn|75\/100\n|-damage|p1a: Ferrothorn|88\/100|[from] ability: Iron Barbs|[of] p2a: Ferrothorn\n|-damage|p1a: Ferrothorn|72\/100|[from] item: Rocky Helmet|[of] p2a: Ferrothorn\n|-enditem|p2a: Ferrothorn|Rocky Helmet|[from] move: Knock Off|[of] p1a: Ferrothorn\n|\n|-heal|p1a: Ferrothorn|78\/100|[from] item: Leftovers\n|upkeep\n|turn|18\n|\n|t:|1667312094\n|move|p2a: Ferrothorn|Spikes|p1a: Ferrothorn\n|-sidestart|p1: HutamiAmi|Spikes\n|move|p1a: Ferrothorn|Spikes|p2a: Ferrothorn\n|-sidestart|p2: Scoots Mgee|Spikes\n|\n|-heal|p1a: Ferrothorn|84\/100|[from] item: Leftovers\n|upkeep\n|turn|19\n|inactive|HutamiAmi has 120 seconds left.\n|\n|t:|1667312120\n|move|p2a: Ferrothorn|Spikes|p1a: Ferrothorn\n|-sidestart|p1: HutamiAmi|Spikes\n|move|p1a: Ferrothorn|Spikes|p2a: Ferrothorn\n|-sidestart|p2: Scoots Mgee|Spikes\n|\n|-heal|p1a: Ferrothorn|90\/100|[from] item: Leftovers\n|upkeep\n|turn|20\n|\n|t:|1667312126\n|move|p2a: Ferrothorn|Leech Seed|p1a: Ferrothorn\n|-immune|p1a: Ferrothorn\n|move|p1a: Ferrothorn|Knock Off|p2a: Ferrothorn\n|-damage|p2a: Ferrothorn|67\/100\n|-damage|p1a: Ferrothorn|77\/100|[from] ability: Iron Barbs|[of] p2a: Ferrothorn\n|\n|-heal|p1a: Ferrothorn|83\/100|[from] item: Leftovers\n|upkeep\n|turn|21\n|\n|t:|1667312130\n|move|p2a: Ferrothorn|Spikes|p1a: Ferrothorn\n|-sidestart|p1: HutamiAmi|Spikes\n|move|p1a: Ferrothorn|Knock Off|p2a: Ferrothorn\n|-damage|p2a: Ferrothorn|59\/100\n|-damage|p1a: Ferrothorn|71\/100|[from] ability: Iron Barbs|[of] p2a: Ferrothorn\n|\n|-heal|p1a: Ferrothorn|77\/100|[from] item: Leftovers\n|upkeep\n|turn|22\n|inactive|HutamiAmi has 120 seconds left.\n|\n|t:|1667312157\n|move|p2a: Ferrothorn|Leech Seed|p1a: Ferrothorn\n|-immune|p1a: Ferrothorn\n|move|p1a: Ferrothorn|Knock Off|p2a: Ferrothorn\n|-damage|p2a: Ferrothorn|50\/100\n|-damage|p1a: Ferrothorn|65\/100|[from] ability: Iron Barbs|[of] p2a: Ferrothorn\n|\n|-heal|p1a: Ferrothorn|71\/100|[from] item: Leftovers\n|upkeep\n|turn|23\n|inactive|HutamiAmi has 120 seconds left.\n|\n|t:|1667312173\n|move|p2a: Ferrothorn|Spikes||[still]\n|-fail|p2a: Ferrothorn\n|move|p1a: Ferrothorn|Knock Off|p2a: Ferrothorn\n|-damage|p2a: Ferrothorn|42\/100\n|-damage|p1a: Ferrothorn|59\/100|[from] ability: Iron Barbs|[of] p2a: Ferrothorn\n|\n|-heal|p1a: Ferrothorn|65\/100|[from] item: Leftovers\n|upkeep\n|turn|24\n|inactive|HutamiAmi has 120 seconds left.\n|inactive|HutamiAmi has 90 seconds left.\n|\n|t:|1667312210\n|move|p2a: Ferrothorn|Leech Seed|p1a: Ferrothorn\n|-immune|p1a: Ferrothorn\n|move|p1a: Ferrothorn|Spikes||[still]\n|-fail|p1a: Ferrothorn\n|\n|-heal|p1a: Ferrothorn|71\/100|[from] item: Leftovers\n|upkeep\n|turn|25\n|\n|t:|1667312227\n|switch|p2a: Heatran|Heatran, M|44\/100\n|-damage|p2a: Heatran|19\/100|[from] Spikes\n|move|p1a: Ferrothorn|Knock Off|p2a: Heatran\n|-damage|p2a: Heatran|6\/100\n|\n|-heal|p1a: Ferrothorn|77\/100|[from] item: Leftovers\n|upkeep\n|turn|26\n|\n|t:|1667312240\n|move|p2a: Heatran|Flamethrower|p1a: Ferrothorn\n|-supereffective|p1a: Ferrothorn\n|-damage|p1a: Ferrothorn|0 fnt\n|faint|p1a: Ferrothorn\n|\n|upkeep\n|\n|t:|1667312245\n|switch|p1a: Zapdos|Zapdos|82\/100 tox\n|turn|27\n|\n|t:|1667312249\n|move|p1a: Zapdos|Hurricane|p2a: Heatran|[miss]\n|-miss|p1a: Zapdos|p2a: Heatran\n|move|p2a: Heatran|Flamethrower|p1a: Zapdos\n|-damage|p1a: Zapdos|34\/100 tox\n|\n|-damage|p1a: Zapdos|28\/100 tox|[from] psn\n|upkeep\n|turn|28\n|inactive|HutamiAmi has 120 seconds left.\n|\n|t:|1667312256\n|move|p1a: Zapdos|Volt Switch|p2a: Heatran\n|-damage|p2a: Heatran|0 fnt\n|faint|p2a: Heatran\n|inactive|HutamiAmi has 120 seconds left.\n|\n|t:|1667312264\n|switch|p1a: Urshifu|Urshifu-Rapid-Strike, F|87\/100 par|[from]move: Volt Switch\n|-damage|p1a: Urshifu|81\/100 par|[from] Stealth Rock\n|-damage|p1a: Urshifu|56\/100 par|[from] Spikes\n|\n|upkeep\n|\n|t:|1667312270\n|switch|p2a: Zapdos|Zapdos|86\/100\n|turn|29\n|inactive|HutamiAmi has 120 seconds left.\n|\n|t:|1667312302\n|switch|p1a: Zapdos|Zapdos|28\/100 tox\n|move|p2a: Zapdos|Discharge|p1a: Zapdos\n|-damage|p1a: Zapdos|0 fnt\n|faint|p1a: Zapdos\n|\n|upkeep\n|\n|t:|1667312305\n|switch|p1a: Tapu Lele|Tapu Lele|94\/100\n|-damage|p1a: Tapu Lele|82\/100|[from] Stealth Rock\n|-damage|p1a: Tapu Lele|57\/100|[from] Spikes\n|-fieldstart|move: Psychic Terrain|[from] ability: Psychic Surge|[of] p1a: Tapu Lele\n|turn|30\n|\n|t:|1667312312\n|switch|p2a: Ferrothorn|Ferrothorn, F|42\/100\n|-damage|p2a: Ferrothorn|18\/100|[from] Spikes\n|move|p1a: Tapu Lele|Moonblast|p2a: Ferrothorn\n|-resisted|p2a: Ferrothorn\n|-damage|p2a: Ferrothorn|0 fnt\n|faint|p2a: Ferrothorn\n|\n|upkeep\n|\n|t:|1667312315\n|switch|p2a: Hippowdon|Hippowdon, M|78\/100\n|-damage|p2a: Hippowdon|53\/100|[from] Spikes\n|-weather|Sandstorm|[from] ability: Sand Stream|[of] p2a: Hippowdon\n|turn|31\n|inactive|HutamiAmi has 120 seconds left.\n|\n|t:|1667312340\n|switch|p1a: Urshifu|Urshifu-Rapid-Strike, F|56\/100 par\n|-damage|p1a: Urshifu|50\/100 par|[from] Stealth Rock\n|-damage|p1a: Urshifu|25\/100 par|[from] Spikes\n|move|p2a: Hippowdon|Slack Off|p2a: Hippowdon\n|-heal|p2a: Hippowdon|100\/100\n|\n|-weather|Sandstorm|[upkeep]\n|-damage|p1a: Urshifu|19\/100 par|[from] Sandstorm\n|upkeep\n|turn|32\n|\n|t:|1667312354\n|switch|p2a: Gastrodon|Gastrodon, F|100\/100\n|move|p1a: Urshifu|Close Combat|p2a: Gastrodon\n|-damage|p2a: Gastrodon|0 fnt\n|-unboost|p1a: Urshifu|def|1\n|-unboost|p1a: Urshifu|spd|1\n|faint|p2a: Gastrodon\n|\n|-weather|Sandstorm|[upkeep]\n|-damage|p1a: Urshifu|13\/100 par|[from] Sandstorm\n|upkeep\n|\n|t:|1667312362\n|switch|p2a: Zapdos|Zapdos|86\/100\n|turn|33\n|inactive|HutamiAmi has 120 seconds left.\n|\n|t:|1667312374\n|switch|p1a: Garchomp|Garchomp, F|31\/100 brn\n|-damage|p1a: Garchomp|25\/100 brn|[from] Stealth Rock\n|-damage|p1a: Garchomp|0 fnt|[from] Spikes\n|faint|p1a: Garchomp\n|move|p2a: Zapdos|Discharge|p1: Garchomp|[notarget]\n|-fail|p2a: Zapdos\n|\n|-weather|Sandstorm|[upkeep]\n|-damage|p2a: Zapdos|80\/100|[from] Sandstorm\n|upkeep\n|\n|t:|1667312380\n|switch|p1a: Tapu Lele|Tapu Lele|57\/100\n|-damage|p1a: Tapu Lele|45\/100|[from] Stealth Rock\n|-damage|p1a: Tapu Lele|20\/100|[from] Spikes\n|turn|34\n|\n|t:|1667312384\n|move|p1a: Tapu Lele|Psyshock|p2a: Zapdos\n|-damage|p2a: Zapdos|33\/100\n|move|p2a: Zapdos|Discharge|p1a: Tapu Lele\n|-damage|p1a: Tapu Lele|0 fnt\n|faint|p1a: Tapu Lele\n|\n|-weather|Sandstorm|[upkeep]\n|-damage|p2a: Zapdos|27\/100|[from] Sandstorm\n|-fieldend|move: Psychic Terrain\n|upkeep\n|inactive|HutamiAmi has 120 seconds left.\n|c|\u2606Scoots Mgee|Gg\n|\n|t:|1667312411\n|switch|p1a: Urshifu|Urshifu-Rapid-Strike, F|13\/100 par\n|-damage|p1a: Urshifu|7\/100 par|[from] Stealth Rock\n|-damage|p1a: Urshifu|0 fnt|[from] Spikes\n|faint|p1a: Urshifu\n|\n|win|Scoots Mgee\n|raw|HutamiAmi's rating: 1352 &rarr; <strong>1332<\/strong><br \/>(-20 for losing)\n|raw|Scoots Mgee's rating: 1348 &rarr; <strong>1368<\/strong><br \/>(+20 for winning)\n|l|\u2606Scoots Mgee\n||Ladder isn't responding, score probably updated but might not have (Request timeout).\n","uploadtime":1667312484,"views":7,"p1id":"hutamiami","p2id":"scootsmgee","formatid":"gen8ou","rating":1332,"private":0,"password":null}