{"id":"gen8ou-1459029936","p1":"Diameter\u272fXtreme","p2":"AGAINNNN","format":"gen8ou","log":"|j|\u2606Diameter\u272fXtreme\n|j|\u2606AGAINNNN\n|t:|1637607364\n|gametype|singles\n|player|p1|Diameter\u272fXtreme|jasmine-gen2|1464\n|player|p2|AGAINNNN|drayden|1474\n|teamsize|p1|6\n|teamsize|p2|6\n|gen|8\n|tier|[Gen 8] OU\n|rated|\n|rule|Sleep Clause Mod: Limit one foe put to sleep\n|rule|Species Clause: Limit one of each Pok\u00e9mon\n|rule|OHKO Clause: OHKO moves are banned\n|rule|Evasion Moves Clause: Evasion moves are banned\n|rule|Endless Battle Clause: Forcing endless battles is banned\n|rule|HP Percentage Mod: HP is shown in percentages\n|rule|Dynamax Clause: You cannot dynamax\n|clearpoke\n|poke|p1|Melmetal|\n|poke|p1|Dragapult, M|\n|poke|p1|Dragonite, M|\n|poke|p1|Ferrothorn, F|\n|poke|p1|Mamoswine, M|\n|poke|p1|Blissey, F|\n|poke|p2|Zygarde-10%|\n|poke|p2|Magnezone|\n|poke|p2|Kartana|\n|poke|p2|Mandibuzz, F|\n|poke|p2|Tapu Bulu|\n|poke|p2|Heatran, F|\n|teampreview\n|\n|t:|1637607379\n|start\n|switch|p1a: Mamoswine|Mamoswine, M|100\/100\n|switch|p2a: Kartana|Kartana, shiny|100\/100\n|turn|1\n|\n|t:|1637607384\n|switch|p1a: Dragonite|Dragonite, M|100\/100\n|move|p2a: Kartana|Knock Off|p1a: Dragonite\n|-damage|p1a: Dragonite|90\/100\n|-enditem|p1a: Dragonite|Heavy-Duty Boots|[from] move: Knock Off|[of] p2a: Kartana\n|\n|upkeep\n|turn|2\n|\n|t:|1637607393\n|switch|p2a: Mandibuzz|Mandibuzz, F|100\/100\n|move|p1a: Dragonite|Toxic|p2a: Mandibuzz\n|-status|p2a: Mandibuzz|tox\n|\n|-damage|p2a: Mandibuzz|94\/100 tox|[from] psn\n|upkeep\n|turn|3\n|\n|t:|1637607395\n|move|p2a: Mandibuzz|U-turn|p1a: Dragonite\n|-resisted|p1a: Dragonite\n|-damage|p1a: Dragonite|87\/100\n|\n|t:|1637607403\n|switch|p2a: Zygarde|Zygarde-10%|100\/100|[from]move: U-turn\n|-ability|p2a: Zygarde|Aura Break\n|move|p1a: Dragonite|Roost|p1a: Dragonite\n|-heal|p1a: Dragonite|100\/100\n|-singleturn|p1a: Dragonite|move: Roost\n|\n|upkeep\n|turn|4\n|\n|t:|1637607406\n|move|p2a: Zygarde|Outrage|p1a: Dragonite\n|-supereffective|p1a: Dragonite\n|-damage|p1a: Dragonite|47\/100\n|move|p1a: Dragonite|Toxic|p2a: Zygarde\n|-status|p2a: Zygarde|tox\n|\n|-damage|p2a: Zygarde|94\/100 tox|[from] psn\n|upkeep\n|turn|5\n|\n|t:|1637607409\n|switch|p1a: Melmetal|Melmetal|100\/100\n|move|p2a: Zygarde|Outrage|p1a: Melmetal|[from]lockedmove\n|-resisted|p1a: Melmetal\n|-damage|p1a: Melmetal|75\/100\n|\n|-damage|p2a: Zygarde|82\/100 tox|[from] psn\n|upkeep\n|turn|6\n|\n|t:|1637607412\n|move|p2a: Zygarde|Outrage|p1a: Melmetal|[from]lockedmove\n|-resisted|p1a: Melmetal\n|-damage|p1a: Melmetal|48\/100\n|-start|p2a: Zygarde|confusion|[fatigue]\n|move|p1a: Melmetal|Earthquake|p2a: Zygarde\n|-damage|p2a: Zygarde|0 fnt\n|faint|p2a: Zygarde\n|\n|upkeep\n|\n|t:|1637607423\n|switch|p2a: Magnezone|Magnezone|100\/100\n|turn|7\n|\n|t:|1637607425\n|move|p1a: Melmetal|Earthquake|p2a: Magnezone\n|-supereffective|p2a: Magnezone\n|-damage|p2a: Magnezone|0 fnt\n|faint|p2a: Magnezone\n|\n|upkeep\n|c|\u2606AGAINNNN|tf\n|\n|t:|1637607431\n|switch|p2a: Kartana|Kartana, shiny|100\/100\n|turn|8\n|\n|t:|1637607433\n|switch|p1a: Dragonite|Dragonite, M|47\/100\n|move|p2a: Kartana|Swords Dance|p2a: Kartana\n|-boost|p2a: Kartana|atk|2\n|\n|upkeep\n|turn|9\n|c|\u2606Diameter\u272fXtreme|lmao what were u expecting\n|c|\u2606Diameter\u272fXtreme|u have no speed on zone\n|c|\u2606AGAINNNN|idk girl\n|inactive|Battle timer is ON: inactive players will automatically lose when time's up. (requested by Diameter\u272fXtreme)\n|c|\u2606AGAINNNN|i didnt expect fast band or whatever that waas\n|\n|t:|1637607475\n|move|p2a: Kartana|Swords Dance|p2a: Kartana\n|-boost|p2a: Kartana|atk|2\n|move|p1a: Dragonite|Roost|p1a: Dragonite\n|-heal|p1a: Dragonite|97\/100\n|-singleturn|p1a: Dragonite|move: Roost\n|\n|upkeep\n|turn|10\n|\n|t:|1637607480\n|switch|p1a: Melmetal|Melmetal|48\/100\n|move|p2a: Kartana|Knock Off|p1a: Melmetal\n|-damage|p1a: Melmetal|0 fnt\n|-enditem|p1a: Melmetal|Choice Band|[from] move: Knock Off|[of] p2a: Kartana\n|faint|p1a: Melmetal\n|-ability|p2a: Kartana|Beast Boost|boost\n|-boost|p2a: Kartana|spe|1\n|\n|upkeep\n|\n|t:|1637607489\n|switch|p1a: Ferrothorn|Ferrothorn, F|100\/100\n|turn|11\n|\n|t:|1637607493\n|move|p2a: Kartana|Sacred Sword|p1a: Ferrothorn\n|-supereffective|p1a: Ferrothorn\n|-damage|p1a: Ferrothorn|0 fnt\n|-damage|p2a: Kartana|88\/100|[from] ability: Iron Barbs|[of] p1a: Ferrothorn\n|faint|p1a: Ferrothorn\n|-ability|p2a: Kartana|Beast Boost|boost\n|-boost|p2a: Kartana|spe|1\n|\n|upkeep\n|c|\u2606Diameter\u272fXtreme|gg\n|-message|Diameter\u272fXtreme forfeited.\n|\n|win|AGAINNNN\n|raw|Diameter\u272fXtreme's rating: 1464 &rarr; <strong>1445<\/strong><br \/>(-19 for losing)\n|raw|AGAINNNN's rating: 1474 &rarr; <strong>1493<\/strong><br \/>(+19 for winning)\n|l|\u2606Diameter\u272fXtreme\n","uploadtime":1637607504,"views":7,"p1id":"diameterxtreme","p2id":"againnnn","formatid":"gen8ou","rating":1445,"private":0,"password":null}