{"id":"gen8unratedrandombattle-1693568913","p1":"JLM0926","p2":"Spectre Ace","format":"gen8unratedrandombattle","log":"|j|\u2606JLM0926\n|j|\u2606Spectre Ace\n|t:|1666620253\n|gametype|singles\n|player|p1|JLM0926|102|\n|player|p2|Spectre Ace|juggler|\n|teamsize|p1|6\n|teamsize|p2|6\n|gen|8\n|tier|[Gen 8] Unrated Random Battle\n|rule|Species Clause: Limit one of each Pok\u00e9mon\n|rule|HP Percentage Mod: HP is shown in percentages\n|rule|Sleep Clause Mod: Limit one foe put to sleep\n|\n|t:|1666620253\n|start\n|switch|p1a: Archeops|Archeops, L82, M|257\/257\n|switch|p2a: Grimmsnarl|Grimmsnarl, L82, M|290\/290\n|turn|1\n|inactive|Battle timer is ON: inactive players will automatically lose when time's up. (requested by JLM0926)\n|\n|t:|1666620264\n|move|p2a: Grimmsnarl|Reflect|p2a: Grimmsnarl\n|-sidestart|p2: Spectre Ace|Reflect\n|move|p1a: Archeops|U-turn|p2a: Grimmsnarl\n|-damage|p2a: Grimmsnarl|252\/290\n|\n|t:|1666620274\n|switch|p1a: Gastrodon|Gastrodon-East, L84, F|324\/324\n|\n|upkeep\n|turn|2\n|\n|t:|1666620282\n|move|p2a: Grimmsnarl|Taunt|p1a: Gastrodon\n|-start|p1a: Gastrodon|move: Taunt\n|cant|p1a: Gastrodon|move: Taunt|Toxic\n|\n|upkeep\n|turn|3\n|\n|t:|1666620287\n|move|p2a: Grimmsnarl|Light Screen|p2a: Grimmsnarl\n|-sidestart|p2: Spectre Ace|move: Light Screen\n|move|p1a: Gastrodon|Earthquake|p2a: Grimmsnarl\n|-damage|p2a: Grimmsnarl|189\/290\n|\n|upkeep\n|turn|4\n|\n|t:|1666620295\n|move|p2a: Grimmsnarl|Spirit Break|p1a: Gastrodon\n|-damage|p1a: Gastrodon|225\/324\n|-unboost|p1a: Gastrodon|spa|1\n|move|p1a: Gastrodon|Scald|p2a: Grimmsnarl\n|-damage|p2a: Grimmsnarl|156\/290\n|\n|-heal|p1a: Gastrodon|245\/324|[from] item: Leftovers\n|-end|p1a: Gastrodon|move: Taunt\n|upkeep\n|turn|5\n|\n|t:|1666620304\n|move|p2a: Grimmsnarl|Taunt|p1a: Gastrodon\n|-start|p1a: Gastrodon|move: Taunt\n|move|p1a: Gastrodon|Scald|p2a: Grimmsnarl\n|-crit|p2a: Grimmsnarl\n|-damage|p2a: Grimmsnarl|17\/290\n|-status|p2a: Grimmsnarl|brn\n|\n|-heal|p1a: Gastrodon|265\/324|[from] item: Leftovers\n|-damage|p2a: Grimmsnarl|0 fnt|[from] brn\n|faint|p2a: Grimmsnarl\n|upkeep\n|\n|t:|1666620314\n|switch|p2a: Kyurem|Kyurem, L80|331\/331\n|-ability|p2a: Kyurem|Pressure\n|turn|6\n|\n|t:|1666620320\n|move|p2a: Kyurem|Substitute|p2a: Kyurem\n|-start|p2a: Kyurem|Substitute\n|-damage|p2a: Kyurem|249\/331\n|move|p1a: Gastrodon|Earthquake|p2a: Kyurem\n|-activate|p2a: Kyurem|move: Substitute|[damage]\n|\n|-heal|p1a: Gastrodon|285\/324|[from] item: Leftovers\n|upkeep\n|turn|7\n|\n|t:|1666620334\n|move|p2a: Kyurem|Freeze-Dry|p1a: Gastrodon\n|-supereffective|p1a: Gastrodon\n|-damage|p1a: Gastrodon|0 fnt\n|faint|p1a: Gastrodon\n|\n|upkeep\n|\n|t:|1666620343\n|switch|p1a: Archeops|Archeops, L82, M|257\/257\n|turn|8\n|\n|t:|1666620349\n|move|p1a: Archeops|Stone Edge|p2a: Kyurem\n|-supereffective|p2a: Kyurem\n|-end|p2a: Kyurem|Substitute\n|move|p2a: Kyurem|Freeze-Dry|p1a: Archeops\n|-supereffective|p1a: Archeops\n|-crit|p1a: Archeops\n|-damage|p1a: Archeops|0 fnt\n|faint|p1a: Archeops\n|\n|-sideend|p2: Spectre Ace|Reflect\n|upkeep\n|-message|JLM0926 forfeited.\n|\n|win|Spectre Ace\n|l|\u2606JLM0926\n","inputlog":">version 9c5d654b898167f5ae9ca6e9cc2965040adf185e\n>start {\"formatid\":\"gen8unratedrandombattle\",\"seed\":[14471,3004,5893,29702]}\n>player p1 {\"name\":\"JLM0926\",\"avatar\":\"102\",\"rating\":0,\"seed\":[5798,8205,55083,986]}\n>player p2 {\"name\":\"Spectre Ace\",\"avatar\":\"juggler\",\"rating\":0,\"seed\":[505,10059,3048,16053]}\n>p1 move uturn\n>p2 move reflect\n>p1 switch 4\n>p1 move toxic\n>p2 move taunt\n>p1 move earthquake\n>p2 move lightscreen\n>p1 move scald\n>p2 move spiritbreak\n>p1 move scald\n>p2 move taunt\n>p2 switch 5\n>p1 move earthquake\n>p2 move substitute\n>p1 move earthquake\n>p2 move freezedry\n>p1 switch 4\n>p1 move stoneedge\n>p2 move freezedry\n>forcelose p1","uploadtime":1666620940,"views":5,"p1id":"jlm0926","p2id":"spectreace","formatid":"gen8unratedrandombattle","rating":0,"private":0,"password":null}