{"id":"gen8ou-1341112935","p1":"ranitidine","p2":"Spl4sh","format":"gen8ou","log":"|j|\u2606ranitidine\n|j|\u2606Spl4sh\n|t:|1621099744\n|gametype|singles\n|player|p1|ranitidine|102|\n|player|p2|Spl4sh|acetrainerf|\n|teamsize|p1|6\n|teamsize|p2|6\n|gen|8\n|tier|[Gen 8] OU\n|rule|Sleep Clause Mod: Limit one foe put to sleep\n|rule|Species Clause: Limit one of each Pok\u00e9mon\n|rule|OHKO Clause: OHKO moves are banned\n|rule|Evasion Moves Clause: Evasion moves are banned\n|rule|Endless Battle Clause: Forcing endless battles is banned\n|rule|HP Percentage Mod: HP is shown in percentages\n|rule|Dynamax Clause: You cannot dynamax\n|clearpoke\n|poke|p1|Volcarona, M|\n|poke|p1|Landorus-Therian, M|\n|poke|p1|Magnezone|\n|poke|p1|Kartana|\n|poke|p1|Weavile, F|\n|poke|p1|Tapu Fini|\n|poke|p2|Blacephalon|\n|poke|p2|Dragapult, M|\n|poke|p2|Heatran, F|\n|poke|p2|Landorus-Therian, M|\n|poke|p2|Toxapex, F|\n|poke|p2|Corviknight, M|\n|teampreview\n|c|\u2606ranitidine|hav fun\n|c|\u2606Spl4sh|u2\n|\n|t:|1621099797\n|start\n|switch|p1a: Landorus|Landorus-Therian, M|100\/100\n|switch|p2a: Landorus|Landorus-Therian, M|100\/100\n|-ability|p2a: Landorus|Intimidate|boost\n|-unboost|p1a: Landorus|atk|1\n|-ability|p1a: Landorus|Intimidate|boost\n|-unboost|p2a: Landorus|atk|1\n|turn|1\n|\n|t:|1621099804\n|move|p2a: Landorus|Toxic|p1a: Landorus\n|-status|p1a: Landorus|tox\n|move|p1a: Landorus|Toxic|p2a: Landorus\n|-status|p2a: Landorus|tox\n|\n|-damage|p2a: Landorus|94\/100 tox|[from] psn\n|-damage|p1a: Landorus|94\/100 tox|[from] psn\n|upkeep\n|turn|2\n|\n|t:|1621099810\n|move|p2a: Landorus|Stealth Rock|p1a: Landorus\n|-sidestart|p1: ranitidine|move: Stealth Rock\n|move|p1a: Landorus|Stealth Rock|p2a: Landorus\n|-sidestart|p2: Spl4sh|move: Stealth Rock\n|\n|-heal|p2a: Landorus|100\/100 tox|[from] item: Leftovers\n|-heal|p1a: Landorus|100\/100 tox|[from] item: Leftovers\n|-damage|p2a: Landorus|88\/100 tox|[from] psn\n|-damage|p1a: Landorus|88\/100 tox|[from] psn\n|upkeep\n|turn|3\n|\n|t:|1621099816\n|move|p2a: Landorus|U-turn|p1a: Landorus\n|-resisted|p1a: Landorus\n|-damage|p1a: Landorus|83\/100 tox\n|j| Ryuuji Kuroiwa\n|\n|t:|1621099819\n|switch|p2a: Toxapex|Toxapex, F|100\/100|[from]move: U-turn\n|-damage|p2a: Toxapex|88\/100|[from] Stealth Rock\n|move|p1a: Landorus|U-turn|p2a: Toxapex\n|-resisted|p2a: Toxapex\n|-damage|p2a: Toxapex|83\/100\n|c| Ryuuji Kuroiwa|Vai Spl4sh\n|\n|t:|1621099842\n|switch|p1a: Kartana|Kartana|100\/100|[from]move: U-turn\n|-damage|p1a: Kartana|94\/100|[from] Stealth Rock\n|\n|upkeep\n|turn|4\n|j| melancholy hills\n|\n|t:|1621099879\n|switch|p2a: Corviknight|Corviknight, M, shiny|100\/100\n|-damage|p2a: Corviknight|88\/100|[from] Stealth Rock\n|-ability|p2a: Corviknight|Pressure\n|move|p1a: Kartana|Knock Off|p2a: Corviknight\n|-damage|p2a: Corviknight|63\/100\n|-damage|p1a: Kartana|78\/100|[from] item: Rocky Helmet|[of] p2a: Corviknight\n|-enditem|p2a: Corviknight|Rocky Helmet|[from] move: Knock Off|[of] p1a: Kartana\n|-damage|p1a: Kartana|68\/100|[from] item: Life Orb\n|\n|upkeep\n|turn|5\n|j| Siirin\n|\n|t:|1621099906\n|switch|p1a: Tapu Fini|Tapu Fini|100\/100\n|-damage|p1a: Tapu Fini|88\/100|[from] Stealth Rock\n|-fieldstart|move: Misty Terrain|[from] ability: Misty Surge|[of] p1a: Tapu Fini\n|move|p2a: Corviknight|U-turn|p1a: Tapu Fini\n|-resisted|p1a: Tapu Fini\n|-damage|p1a: Tapu Fini|82\/100\n|\n|t:|1621099914\n|switch|p2a: Toxapex|Toxapex, F|100\/100|[from]move: U-turn\n|-damage|p2a: Toxapex|88\/100|[from] Stealth Rock\n|\n|-heal|p1a: Tapu Fini|89\/100|[from] item: Leftovers\n|upkeep\n|turn|6\n|\n|t:|1621099949\n|move|p1a: Tapu Fini|Calm Mind|p1a: Tapu Fini\n|-boost|p1a: Tapu Fini|spa|1\n|-boost|p1a: Tapu Fini|spd|1\n|move|p2a: Toxapex|Knock Off|p1a: Tapu Fini\n|-resisted|p1a: Tapu Fini\n|-damage|p1a: Tapu Fini|82\/100\n|-enditem|p1a: Tapu Fini|Leftovers|[from] move: Knock Off|[of] p2a: Toxapex\n|\n|upkeep\n|turn|7\n|l|\u2606Spl4sh\n|player|p2|\n|j|\u2606Spl4sh\n|player|p2|Spl4sh|acetrainerf\n|inactive|Battle timer is ON: inactive players will automatically lose when time's up. (requested by ranitidine)\n|j| daunt vs\n|\n|t:|1621099976\n|move|p1a: Tapu Fini|Taunt|p2a: Toxapex\n|-start|p2a: Toxapex|move: Taunt\n|cant|p2a: Toxapex|move: Taunt|Recover\n|\n|upkeep\n|turn|8\n|j| Loege \u2310\u25a8_\u25a8\n|\n|t:|1621099981\n|move|p1a: Tapu Fini|Calm Mind|p1a: Tapu Fini\n|-boost|p1a: Tapu Fini|spa|1\n|-boost|p1a: Tapu Fini|spd|1\n|move|p2a: Toxapex|Scald|p1a: Tapu Fini\n|-resisted|p1a: Tapu Fini\n|-damage|p1a: Tapu Fini|79\/100\n|\n|upkeep\n|turn|9\n|\n|t:|1621099990\n|move|p1a: Tapu Fini|Calm Mind|p1a: Tapu Fini\n|-boost|p1a: Tapu Fini|spa|1\n|-boost|p1a: Tapu Fini|spd|1\n|move|p2a: Toxapex|Scald|p1a: Tapu Fini\n|-resisted|p1a: Tapu Fini\n|-damage|p1a: Tapu Fini|77\/100\n|\n|-end|p2a: Toxapex|move: Taunt\n|-fieldend|Misty Terrain\n|upkeep\n|turn|10\n|\n|t:|1621099999\n|switch|p2a: Landorus|Landorus-Therian, M|88\/100 tox\n|-damage|p2a: Landorus|76\/100 tox|[from] Stealth Rock\n|-ability|p2a: Landorus|Intimidate|boost\n|-unboost|p1a: Tapu Fini|atk|1\n|move|p1a: Tapu Fini|Taunt|p2a: Landorus\n|-start|p2a: Landorus|move: Taunt\n|\n|-heal|p2a: Landorus|82\/100 tox|[from] item: Leftovers\n|-damage|p2a: Landorus|76\/100 tox|[from] psn\n|upkeep\n|turn|11\n|\n|t:|1621100006\n|move|p2a: Landorus|Earthquake|p1a: Tapu Fini\n|-damage|p1a: Tapu Fini|34\/100\n|move|p1a: Tapu Fini|Scald|p2a: Landorus\n|-supereffective|p2a: Landorus\n|-damage|p2a: Landorus|0 fnt\n|faint|p2a: Landorus\n|\n|upkeep\n|l| daunt vs\n|inactive|Spl4sh has 270 seconds left.\n|l|\u2606Spl4sh\n|inactive|Spl4sh disconnected and has 300 seconds to reconnect!\n|player|p2|\n|j| daunt vs\n|inactive|Spl4sh has 270 seconds to reconnect!\n|j|\u2606Spl4sh\n|inactive|Spl4sh reconnected and has 260 seconds left.\n|player|p2|Spl4sh|acetrainerf\n|\n|t:|1621100090\n|switch|p2a: Blacephalon|Blacephalon|100\/100\n|-damage|p2a: Blacephalon|76\/100|[from] Stealth Rock\n|turn|12\n|l| daunt vs\n|inactive|ranitidine has 270 seconds left.\n|l|\u2606Spl4sh\n|inactive|Spl4sh disconnected and has 265 seconds to reconnect!\n|player|p2|\n|\n|t:|1621100142\n|move|p2a: Blacephalon|Shadow Ball|p1a: Tapu Fini\n|-damage|p1a: Tapu Fini|15\/100\n|move|p1a: Tapu Fini|Draining Kiss|p2a: Blacephalon\n|-resisted|p2a: Blacephalon\n|-damage|p2a: Blacephalon|41\/100\n|-heal|p1a: Tapu Fini|34\/100|[from] drain|[of] p2a: Blacephalon\n|\n|upkeep\n|turn|13\n|j|\u2606Spl4sh\n|inactive|Spl4sh reconnected and has 275 seconds left.\n|player|p2|Spl4sh|acetrainerf\n|inactive|Spl4sh has 270 seconds left.\n|\n|t:|1621100153\n|move|p2a: Blacephalon|Shadow Ball|p1a: Tapu Fini\n|-damage|p1a: Tapu Fini|17\/100\n|move|p1a: Tapu Fini|Scald|p2a: Blacephalon\n|-supereffective|p2a: Blacephalon\n|-damage|p2a: Blacephalon|0 fnt\n|faint|p2a: Blacephalon\n|\n|upkeep\n|inactive|Spl4sh has 270 seconds left.\n|j| daunt vs\n|\n|t:|1621100165\n|switch|p2a: Dragapult|Dragapult, M|100\/100\n|-damage|p2a: Dragapult|88\/100|[from] Stealth Rock\n|turn|14\n|inactive|Spl4sh has 270 seconds left.\n|j| all that matters\n|\n|t:|1621100181\n|move|p2a: Dragapult|Shadow Ball|p1a: Tapu Fini\n|-damage|p1a: Tapu Fini|3\/100\n|move|p1a: Tapu Fini|Draining Kiss|p2a: Dragapult\n|-supereffective|p2a: Dragapult\n|-damage|p2a: Dragapult|0 fnt\n|-heal|p1a: Tapu Fini|64\/100|[from] drain|[of] p2a: Dragapult\n|faint|p2a: Dragapult\n|\n|upkeep\n|c| daunt vs|0\n|l| Ryuuji Kuroiwa\n|inactive|Spl4sh has 240 seconds left.\n|j| Ryuuji Kuroiwa\n|-message|Spl4sh forfeited.\n|\n|win|ranitidine\n|l|\u2606Spl4sh\n|c|\u2606ranitidine|gg\n","uploadtime":1621100226,"views":217,"p1id":"ranitidine","p2id":"spl4sh","formatid":"gen8ou","rating":0,"private":0,"password":null}