{"id":"gen8ou-1669260333","p1":"flowre","p2":"LT94JE Allistair","format":"gen8ou","log":"|j|\u2606flowre\n|j|\u2606LT94JE Allistair\n|t:|1664034887\n|gametype|singles\n|player|p1|flowre|waitress-gen4|1743\n|player|p2|LT94JE Allistair|101|1768\n|teamsize|p1|6\n|teamsize|p2|6\n|gen|8\n|tier|[Gen 8] OU\n|rated|\n|rule|Sleep Clause Mod: Limit one foe put to sleep\n|rule|Species Clause: Limit one of each Pok\u00e9mon\n|rule|OHKO Clause: OHKO moves are banned\n|rule|Evasion Items Clause: Evasion items are banned\n|rule|Evasion Moves Clause: Evasion moves are banned\n|rule|Endless Battle Clause: Forcing endless battles is banned\n|rule|HP Percentage Mod: HP is shown in percentages\n|rule|Dynamax Clause: You cannot dynamax\n|clearpoke\n|poke|p1|Togekiss, F|\n|poke|p1|Ribombee, M|\n|poke|p1|Celesteela|\n|poke|p1|Blacephalon|\n|poke|p1|Victini|\n|poke|p1|Necrozma|\n|poke|p2|Mew|\n|poke|p2|Slurpuff, F|\n|poke|p2|Jirachi|\n|poke|p2|Tapu Fini|\n|poke|p2|Vanilluxe, M|\n|poke|p2|Nidoking, M|\n|teampreview\n|j| Banhuotsaigon\n|j| leydark\n|inactive|Battle timer is ON: inactive players will automatically lose when time's up. (requested by flowre)\n|\n|t:|1664034912\n|start\n|switch|p1a: Ribombee|Ribombee, M, shiny|100\/100\n|switch|p2a: Tapu Fini|Tapu Fini|100\/100\n|-fieldstart|move: Misty Terrain|[from] ability: Misty Surge|[of] p2a: Tapu Fini\n|turn|1\n|\n|t:|1664034922\n|switch|p1a: Victini|Victini|100\/100\n|move|p2a: Tapu Fini|Calm Mind|p2a: Tapu Fini\n|-boost|p2a: Tapu Fini|spa|1\n|-boost|p2a: Tapu Fini|spd|1\n|\n|upkeep\n|turn|2\n|\n|t:|1664034929\n|switch|p2a: Nidoking|Nidoking, M|100\/100\n|move|p1a: Victini|Final Gambit|p2a: Nidoking\n|-enditem|p2a: Nidoking|Focus Sash\n|-damage|p2a: Nidoking|1\/100\n|faint|p1a: Victini\n|\n|upkeep\n|j| plastiqbeat\n|\n|t:|1664034933\n|switch|p1a: Ribombee|Ribombee, M, shiny|100\/100\n|turn|3\n|\n|t:|1664034939\n|move|p1a: Ribombee|Moonblast|p2a: Nidoking\n|-resisted|p2a: Nidoking\n|-damage|p2a: Nidoking|0 fnt\n|faint|p2a: Nidoking\n|\n|upkeep\n|\n|t:|1664034943\n|switch|p2a: Tapu Fini|Tapu Fini|100\/100\n|turn|4\n|l| plastiqbeat\n|\n|t:|1664034953\n|switch|p1a: Blacephalon|Blacephalon, shiny|100\/100\n|move|p2a: Tapu Fini|Calm Mind|p2a: Tapu Fini\n|-boost|p2a: Tapu Fini|spa|1\n|-boost|p2a: Tapu Fini|spd|1\n|\n|upkeep\n|turn|5\n|\n|t:|1664034956\n|move|p1a: Blacephalon|Trick|p2a: Tapu Fini\n|-activate|p1a: Blacephalon|move: Trick|[of] p2a: Tapu Fini\n|-item|p2a: Tapu Fini|Choice Scarf|[from] move: Trick\n|-item|p1a: Blacephalon|Weakness Policy|[from] move: Trick\n|move|p2a: Tapu Fini|Surf|p1a: Blacephalon\n|-supereffective|p1a: Blacephalon\n|-damage|p1a: Blacephalon|0 fnt\n|faint|p1a: Blacephalon\n|\n|-fieldend|Misty Terrain\n|upkeep\n|\n|t:|1664034958\n|switch|p1a: Ribombee|Ribombee, M, shiny|100\/100\n|turn|6\n|\n|t:|1664034967\n|move|p2a: Tapu Fini|Surf|p1a: Ribombee\n|-enditem|p1a: Ribombee|Focus Sash\n|-damage|p1a: Ribombee|1\/100\n|move|p1a: Ribombee|Stun Spore|p2a: Tapu Fini\n|-status|p2a: Tapu Fini|par\n|\n|upkeep\n|turn|7\n|\n|t:|1664034977\n|switch|p2a: Slurpuff|Slurpuff, F|100\/100\n|move|p1a: Ribombee|Sticky Web|p2a: Slurpuff\n|-sidestart|p2: LT94JE Allistair|move: Sticky Web\n|\n|upkeep\n|turn|8\n|\n|t:|1664034980\n|move|p1a: Ribombee|Stun Spore|p2a: Slurpuff\n|-status|p2a: Slurpuff|par\n|move|p2a: Slurpuff|Sticky Web|p1a: Ribombee\n|-sidestart|p1: flowre|move: Sticky Web\n|\n|upkeep\n|turn|9\n|j| NDHB\n|\n|t:|1664034985\n|move|p1a: Ribombee|Bug Buzz|p2a: Slurpuff\n|-resisted|p2a: Slurpuff\n|-damage|p2a: Slurpuff|64\/100 par\n|-unboost|p2a: Slurpuff|spd|1\n|move|p2a: Slurpuff|Misty Explosion|p1a: Ribombee\n|-damage|p1a: Ribombee|0 fnt\n|faint|p2a: Slurpuff\n|faint|p1a: Ribombee\n|\n|upkeep\n|j| Congwuyu\n|\n|t:|1664035004\n|switch|p1a: Celesteela|Celesteela, shiny|100\/100\n|switch|p2a: Jirachi|Jirachi|100\/100\n|-activate|p2a: Jirachi|move: Sticky Web\n|-unboost|p2a: Jirachi|spe|1\n|turn|10\n|\n|t:|1664035014\n|switch|p1a: Necrozma|Necrozma, shiny|100\/100\n|-activate|p1a: Necrozma|move: Sticky Web\n|-unboost|p1a: Necrozma|spe|1\n|move|p2a: Jirachi|Cosmic Power|p2a: Jirachi\n|-boost|p2a: Jirachi|def|1\n|-boost|p2a: Jirachi|spd|1\n|\n|upkeep\n|turn|11\n|l| leydark\n|\n|t:|1664035022\n|move|p2a: Jirachi|Cosmic Power|p2a: Jirachi\n|-boost|p2a: Jirachi|def|1\n|-boost|p2a: Jirachi|spd|1\n|move|p1a: Necrozma|Calm Mind|p1a: Necrozma\n|-boost|p1a: Necrozma|spa|1\n|-boost|p1a: Necrozma|spd|1\n|\n|upkeep\n|turn|12\n|\n|t:|1664035037\n|move|p2a: Jirachi|Cosmic Power|p2a: Jirachi\n|-boost|p2a: Jirachi|def|1\n|-boost|p2a: Jirachi|spd|1\n|move|p1a: Necrozma|Iron Defense|p1a: Necrozma\n|-boost|p1a: Necrozma|def|2\n|\n|upkeep\n|turn|13\n|\n|t:|1664035040\n|move|p2a: Jirachi|Cosmic Power|p2a: Jirachi\n|-boost|p2a: Jirachi|def|1\n|-boost|p2a: Jirachi|spd|1\n|move|p1a: Necrozma|Calm Mind|p1a: Necrozma\n|-boost|p1a: Necrozma|spa|1\n|-boost|p1a: Necrozma|spd|1\n|\n|upkeep\n|turn|14\n|\n|t:|1664035045\n|move|p2a: Jirachi|Cosmic Power|p2a: Jirachi\n|-boost|p2a: Jirachi|def|1\n|-boost|p2a: Jirachi|spd|1\n|move|p1a: Necrozma|Calm Mind|p1a: Necrozma\n|-boost|p1a: Necrozma|spa|1\n|-boost|p1a: Necrozma|spd|1\n|\n|upkeep\n|turn|15\n|\n|t:|1664035048\n|move|p2a: Jirachi|Cosmic Power|p2a: Jirachi\n|-boost|p2a: Jirachi|def|1\n|-boost|p2a: Jirachi|spd|1\n|move|p1a: Necrozma|Calm Mind|p1a: Necrozma\n|-boost|p1a: Necrozma|spa|1\n|-boost|p1a: Necrozma|spd|1\n|\n|upkeep\n|turn|16\n|\n|t:|1664035056\n|move|p2a: Jirachi|Stored Power|p1a: Necrozma\n|-resisted|p1a: Necrozma\n|-damage|p1a: Necrozma|88\/100\n|move|p1a: Necrozma|Calm Mind|p1a: Necrozma\n|-boost|p1a: Necrozma|spa|1\n|-boost|p1a: Necrozma|spd|1\n|\n|upkeep\n|turn|17\n|\n|t:|1664035061\n|move|p2a: Jirachi|Wish|p2a: Jirachi\n|move|p1a: Necrozma|Calm Mind|p1a: Necrozma\n|-boost|p1a: Necrozma|spa|1\n|-boost|p1a: Necrozma|spd|1\n|\n|upkeep\n|turn|18\n|\n|t:|1664035063\n|move|p2a: Jirachi|Stored Power|p1a: Necrozma\n|-resisted|p1a: Necrozma\n|-damage|p1a: Necrozma|79\/100\n|move|p1a: Necrozma|Iron Defense|p1a: Necrozma\n|-boost|p1a: Necrozma|def|2\n|\n|upkeep\n|turn|19\n|\n|t:|1664035069\n|move|p2a: Jirachi|Stored Power|p1a: Necrozma\n|-resisted|p1a: Necrozma\n|-damage|p1a: Necrozma|69\/100\n|move|p1a: Necrozma|Iron Defense|p1a: Necrozma\n|-boost|p1a: Necrozma|def|2\n|\n|upkeep\n|turn|20\n|\n|t:|1664035072\n|move|p2a: Jirachi|Stored Power|p1a: Necrozma\n|-resisted|p1a: Necrozma\n|-damage|p1a: Necrozma|59\/100\n|move|p1a: Necrozma|Stored Power|p2a: Jirachi\n|-resisted|p2a: Jirachi\n|-damage|p2a: Jirachi|61\/100\n|\n|upkeep\n|turn|21\n|\n|t:|1664035079\n|move|p2a: Jirachi|Stored Power|p1a: Necrozma\n|-resisted|p1a: Necrozma\n|-damage|p1a: Necrozma|48\/100\n|move|p1a: Necrozma|Stored Power|p2a: Jirachi\n|-resisted|p2a: Jirachi\n|-damage|p2a: Jirachi|24\/100\n|\n|upkeep\n|turn|22\n|\n|t:|1664035084\n|move|p2a: Jirachi|Stored Power|p1a: Necrozma\n|-resisted|p1a: Necrozma\n|-damage|p1a: Necrozma|38\/100\n|move|p1a: Necrozma|Rest|p1a: Necrozma\n|-status|p1a: Necrozma|slp|[from] move: Rest\n|-heal|p1a: Necrozma|100\/100 slp|[silent]\n|-enditem|p1a: Necrozma|Chesto Berry|[eat]\n|-curestatus|p1a: Necrozma|slp|[msg]\n|\n|upkeep\n|turn|23\n|-message|LT94JE Allistair forfeited.\n|\n|win|flowre\n|raw|flowre's rating: 1758 &rarr; <strong>1779<\/strong><br \/>(+21 for winning)\n|raw|LT94JE Allistair's rating: 1768 &rarr; <strong>1747<\/strong><br \/>(-21 for losing)\n|l|\u2606LT94JE Allistair\n|l| Banhuotsaigon\n|l| Congwuyu\n|l|\u2606flowre\n||Ladder isn't responding, score probably updated but might not have (Request timeout).\n","uploadtime":1664035371,"views":40,"p1id":"flowre","p2id":"lt94jeallistair","formatid":"gen8ou","rating":1747,"private":0,"password":null}