{"id":"gen8ou-1643278548","p1":"Daevank5","p2":"fil41c","format":"gen8ou","log":"|j|\u2606Daevank5\n|j|\u2606fil41c\n|t:|1660922485\n|gametype|singles\n|player|p1|Daevank5|101|1640\n|player|p2|fil41c|fisherman|1622\n|teamsize|p1|6\n|teamsize|p2|6\n|gen|8\n|tier|[Gen 8] OU\n|rated|\n|rule|Sleep Clause Mod: Limit one foe put to sleep\n|rule|Species Clause: Limit one of each Pok\u00e9mon\n|rule|OHKO Clause: OHKO moves are banned\n|rule|Evasion Items Clause: Evasion items are banned\n|rule|Evasion Moves Clause: Evasion moves are banned\n|rule|Endless Battle Clause: Forcing endless battles is banned\n|rule|HP Percentage Mod: HP is shown in percentages\n|rule|Dynamax Clause: You cannot dynamax\n|clearpoke\n|poke|p1|Ferrothorn, F|\n|poke|p1|Tornadus-Therian, M|\n|poke|p1|Heatran, F|\n|poke|p1|Landorus-Therian, M|\n|poke|p1|Tapu Fini|\n|poke|p1|Alakazam, M|\n|poke|p2|Hippowdon, F|\n|poke|p2|Corviknight, M|\n|poke|p2|Toxapex, F|\n|poke|p2|Clefable, F|\n|poke|p2|Tornadus-Therian, M|\n|poke|p2|Blissey, F|\n|teampreview\n|inactive|Battle timer is ON: inactive players will automatically lose when time's up. (requested by fil41c)\n|\n|t:|1660922497\n|start\n|switch|p1a: Tornadus|Tornadus-Therian, M|100\/100\n|switch|p2a: Tornadus|Tornadus-Therian, M, shiny|100\/100\n|turn|1\n|\n|t:|1660922506\n|switch|p2a: Hippowdon|Hippowdon, F|100\/100\n|-weather|Sandstorm|[from] ability: Sand Stream|[of] p2a: Hippowdon\n|switch|p1a: Ferrothorn|Ferrothorn, F|100\/100\n|\n|-weather|Sandstorm|[upkeep]\n|upkeep\n|turn|2\n|\n|t:|1660922510\n|move|p2a: Hippowdon|Stealth Rock|p1a: Ferrothorn\n|-sidestart|p1: Daevank5|move: Stealth Rock\n|move|p1a: Ferrothorn|Spikes|p2a: Hippowdon\n|-sidestart|p2: fil41c|Spikes\n|\n|-weather|Sandstorm|[upkeep]\n|upkeep\n|turn|3\n|\n|t:|1660922515\n|switch|p2a: Tornadus|Tornadus-Therian, M, shiny|100\/100\n|move|p1a: Ferrothorn|Spikes|p2a: Tornadus\n|-sidestart|p2: fil41c|Spikes\n|\n|-weather|Sandstorm|[upkeep]\n|-damage|p2a: Tornadus|94\/100|[from] Sandstorm\n|upkeep\n|turn|4\n|\n|t:|1660922521\n|move|p2a: Tornadus|Taunt|p1a: Ferrothorn\n|-start|p1a: Ferrothorn|move: Taunt\n|cant|p1a: Ferrothorn|move: Taunt|Leech Seed\n|\n|-weather|Sandstorm|[upkeep]\n|-damage|p2a: Tornadus|88\/100|[from] Sandstorm\n|upkeep\n|turn|5\n|\n|t:|1660922535\n|switch|p1a: Landorus|Landorus-Therian, M|100\/100\n|-damage|p1a: Landorus|88\/100|[from] Stealth Rock\n|-ability|p1a: Landorus|Intimidate|boost\n|-unboost|p2a: Tornadus|atk|1\n|move|p2a: Tornadus|U-turn|p1a: Landorus\n|-resisted|p1a: Landorus\n|-damage|p1a: Landorus|84\/100\n|\n|t:|1660922540\n|switch|p2a: Corviknight|Corviknight, M|100\/100|[from]move: U-turn\n|-ability|p2a: Corviknight|Pressure\n|\n|-weather|none\n|-heal|p1a: Landorus|90\/100|[from] item: Leftovers\n|upkeep\n|turn|6\n|\n|t:|1660922547\n|move|p1a: Landorus|U-turn|p2a: Corviknight\n|-resisted|p2a: Corviknight\n|-damage|p2a: Corviknight|97\/100\n|\n|t:|1660922548\n|switch|p1a: Heatran|Heatran, F|100\/100|[from]move: U-turn\n|-damage|p1a: Heatran|88\/100|[from] Stealth Rock\n|move|p2a: Corviknight|Defog|p1a: Heatran\n|-unboost|p1a: Heatran|evasion|1\n|-sideend|p1: Daevank5|Stealth Rock|[from] move: Defog|[of] p2a: Corviknight\n|-sideend|p2: fil41c|Spikes|[from] move: Defog|[of] p2a: Corviknight\n|\n|-heal|p1a: Heatran|94\/100|[from] item: Leftovers\n|-heal|p2a: Corviknight|100\/100|[from] item: Leftovers\n|upkeep\n|turn|7\n|\n|t:|1660922554\n|switch|p2a: Tornadus|Tornadus-Therian, M, shiny|100\/100\n|move|p1a: Heatran|Stealth Rock|p2a: Tornadus\n|-sidestart|p2: fil41c|move: Stealth Rock\n|\n|-heal|p1a: Heatran|100\/100|[from] item: Leftovers\n|upkeep\n|turn|8\n|\n|t:|1660922560\n|switch|p1a: Tornadus|Tornadus-Therian, M|100\/100\n|move|p2a: Tornadus|Knock Off|p1a: Tornadus\n|-damage|p1a: Tornadus|81\/100\n|-enditem|p1a: Tornadus|Heavy-Duty Boots|[from] move: Knock Off|[of] p2a: Tornadus\n|\n|upkeep\n|turn|9\n|\n|t:|1660922566\n|switch|p2a: Hippowdon|Hippowdon, F|100\/100\n|-damage|p2a: Hippowdon|94\/100|[from] Stealth Rock\n|-weather|Sandstorm|[from] ability: Sand Stream|[of] p2a: Hippowdon\n|move|p1a: Tornadus|Knock Off|p2a: Hippowdon\n|-damage|p2a: Hippowdon|79\/100\n|-enditem|p2a: Hippowdon|Leftovers|[from] move: Knock Off|[of] p1a: Tornadus\n|\n|-weather|Sandstorm|[upkeep]\n|-damage|p1a: Tornadus|75\/100|[from] Sandstorm\n|upkeep\n|turn|10\n|\n|t:|1660922570\n|move|p1a: Tornadus|Taunt|p2a: Hippowdon\n|-start|p2a: Hippowdon|move: Taunt\n|cant|p2a: Hippowdon|move: Taunt|Stealth Rock\n|\n|-weather|Sandstorm|[upkeep]\n|-damage|p1a: Tornadus|69\/100|[from] Sandstorm\n|upkeep\n|turn|11\n|\n|t:|1660922585\n|switch|p2a: Clefable|Clefable, F|100\/100\n|-damage|p2a: Clefable|88\/100|[from] Stealth Rock\n|move|p1a: Tornadus|Knock Off|p2a: Clefable\n|-resisted|p2a: Clefable\n|-damage|p2a: Clefable|79\/100\n|-enditem|p2a: Clefable|Leftovers|[from] move: Knock Off|[of] p1a: Tornadus\n|\n|-weather|Sandstorm|[upkeep]\n|-damage|p1a: Tornadus|63\/100|[from] Sandstorm\n|-damage|p2a: Clefable|73\/100|[from] Sandstorm\n|upkeep\n|turn|12\n|\n|t:|1660922592\n|move|p1a: Tornadus|Toxic|p2a: Clefable\n|-status|p2a: Clefable|tox\n|move|p2a: Clefable|Moonblast|p1a: Tornadus\n|-damage|p1a: Tornadus|33\/100\n|\n|-weather|Sandstorm|[upkeep]\n|-damage|p1a: Tornadus|27\/100|[from] Sandstorm\n|-damage|p2a: Clefable|67\/100 tox|[from] Sandstorm\n|-damage|p2a: Clefable|61\/100 tox|[from] psn\n|upkeep\n|turn|13\n|\n|t:|1660922600\n|switch|p1a: Ferrothorn|Ferrothorn, F|100\/100\n|move|p2a: Clefable|Soft-Boiled|p2a: Clefable\n|-heal|p2a: Clefable|100\/100 tox\n|\n|-weather|none\n|-damage|p2a: Clefable|88\/100 tox|[from] psn\n|upkeep\n|turn|14\n|\n|t:|1660922611\n|switch|p2a: Corviknight|Corviknight, M|100\/100\n|-damage|p2a: Corviknight|88\/100|[from] Stealth Rock\n|-ability|p2a: Corviknight|Pressure\n|switch|p1a: Tornadus|Tornadus-Therian, M|60\/100\n|\n|-heal|p2a: Corviknight|94\/100|[from] item: Leftovers\n|upkeep\n|turn|15\n|\n|t:|1660922622\n|switch|p2a: Hippowdon|Hippowdon, F|79\/100\n|-damage|p2a: Hippowdon|73\/100|[from] Stealth Rock\n|-weather|Sandstorm|[from] ability: Sand Stream|[of] p2a: Hippowdon\n|move|p1a: Tornadus|Knock Off|p2a: Hippowdon\n|-damage|p2a: Hippowdon|63\/100\n|\n|-weather|Sandstorm|[upkeep]\n|-damage|p1a: Tornadus|54\/100|[from] Sandstorm\n|upkeep\n|turn|16\n|\n|t:|1660922627\n|move|p1a: Tornadus|Taunt|p2a: Hippowdon\n|-start|p2a: Hippowdon|move: Taunt\n|cant|p2a: Hippowdon|move: Taunt|Slack Off\n|\n|-weather|Sandstorm|[upkeep]\n|-damage|p1a: Tornadus|48\/100|[from] Sandstorm\n|upkeep\n|turn|17\n|\n|t:|1660922633\n|switch|p2a: Clefable|Clefable, F|88\/100 tox\n|-damage|p2a: Clefable|76\/100 tox|[from] Stealth Rock\n|move|p1a: Tornadus|Knock Off|p2a: Clefable\n|-resisted|p2a: Clefable\n|-damage|p2a: Clefable|70\/100 tox\n|\n|-weather|Sandstorm|[upkeep]\n|-damage|p1a: Tornadus|42\/100|[from] Sandstorm\n|-damage|p2a: Clefable|64\/100 tox|[from] Sandstorm\n|-damage|p2a: Clefable|58\/100 tox|[from] psn\n|upkeep\n|turn|18\n|\n|t:|1660922639\n|switch|p1a: Heatran|Heatran, F|100\/100\n|switch|p2a: Tornadus|Tornadus-Therian, M, shiny|100\/100\n|\n|-weather|Sandstorm|[upkeep]\n|-damage|p2a: Tornadus|94\/100|[from] Sandstorm\n|upkeep\n|turn|19\n|\n|t:|1660922642\n|switch|p1a: Tornadus|Tornadus-Therian, M|75\/100\n|move|p2a: Tornadus|U-turn|p1a: Tornadus\n|-resisted|p1a: Tornadus\n|-damage|p1a: Tornadus|68\/100\n|\n|t:|1660922648\n|switch|p2a: Blissey|Blissey, F|100\/100|[from]move: U-turn\n|\n|-weather|none\n|upkeep\n|turn|20\n|\n|t:|1660922653\n|move|p1a: Tornadus|Taunt|p2a: Blissey\n|-start|p2a: Blissey|move: Taunt\n|cant|p2a: Blissey|move: Taunt|Heal Bell\n|\n|upkeep\n|turn|21\n|\n|t:|1660922654\n|move|p1a: Tornadus|Knock Off|p2a: Blissey\n|-damage|p2a: Blissey|84\/100\n|-enditem|p2a: Blissey|Heavy-Duty Boots|[from] move: Knock Off|[of] p1a: Tornadus\n|move|p2a: Blissey|Seismic Toss|p1a: Tornadus\n|-damage|p1a: Tornadus|40\/100\n|\n|upkeep\n|turn|22\n|\n|t:|1660922672\n|switch|p1a: Tapu Fini|Tapu Fini|100\/100\n|-fieldstart|move: Misty Terrain|[from] ability: Misty Surge|[of] p1a: Tapu Fini\n|switch|p2a: Tornadus|Tornadus-Therian, M, shiny|100\/100\n|\n|upkeep\n|turn|23\n|\n|t:|1660922677\n|switch|p1a: Tornadus|Tornadus-Therian, M|73\/100\n|move|p2a: Tornadus|Knock Off|p1a: Tornadus\n|-damage|p1a: Tornadus|59\/100\n|\n|upkeep\n|turn|24\n|\n|t:|1660922683\n|switch|p2a: Blissey|Blissey, F|84\/100\n|-damage|p2a: Blissey|72\/100|[from] Stealth Rock\n|move|p1a: Tornadus|Knock Off|p2a: Blissey\n|-damage|p2a: Blissey|60\/100\n|\n|upkeep\n|turn|25\n|\n|t:|1660922690\n|move|p1a: Tornadus|Taunt|p2a: Blissey\n|-start|p2a: Blissey|move: Taunt\n|move|p2a: Blissey|Seismic Toss|p1a: Tornadus\n|-damage|p1a: Tornadus|31\/100\n|\n|upkeep\n|turn|26\n|\n|t:|1660922692\n|switch|p1a: Ferrothorn|Ferrothorn, F|100\/100\n|move|p2a: Blissey|Seismic Toss|p1a: Ferrothorn\n|-damage|p1a: Ferrothorn|72\/100\n|-damage|p2a: Blissey|48\/100|[from] ability: Iron Barbs|[of] p1a: Ferrothorn\n|\n|-heal|p1a: Ferrothorn|78\/100|[from] item: Leftovers\n|-fieldend|Misty Terrain\n|upkeep\n|turn|27\n|\n|t:|1660922703\n|switch|p2a: Corviknight|Corviknight, M|94\/100\n|-damage|p2a: Corviknight|82\/100|[from] Stealth Rock\n|-ability|p2a: Corviknight|Pressure\n|switch|p1a: Tornadus|Tornadus-Therian, M|65\/100\n|\n|-heal|p2a: Corviknight|88\/100|[from] item: Leftovers\n|upkeep\n|turn|28\n|\n|t:|1660922709\n|move|p1a: Tornadus|Taunt|p2a: Corviknight\n|-start|p2a: Corviknight|move: Taunt\n|move|p2a: Corviknight|Body Press|p1a: Tornadus\n|-resisted|p1a: Tornadus\n|-damage|p1a: Tornadus|52\/100\n|\n|-heal|p2a: Corviknight|94\/100|[from] item: Leftovers\n|upkeep\n|turn|29\n|\n|t:|1660922716\n|switch|p2a: Toxapex|Toxapex, F|100\/100\n|-damage|p2a: Toxapex|88\/100|[from] Stealth Rock\n|move|p1a: Tornadus|Knock Off|p2a: Toxapex\n|-damage|p2a: Toxapex|76\/100\n|-enditem|p2a: Toxapex|Shed Shell|[from] move: Knock Off|[of] p1a: Tornadus\n|\n|upkeep\n|turn|30\n|\n|t:|1660922723\n|move|p1a: Tornadus|Taunt|p2a: Toxapex\n|-start|p2a: Toxapex|move: Taunt\n|move|p2a: Toxapex|Knock Off|p1a: Tornadus\n|-damage|p1a: Tornadus|41\/100\n|\n|upkeep\n|turn|31\n|\n|t:|1660922726\n|move|p1a: Tornadus|Hurricane|p2a: Toxapex\n|-damage|p2a: Toxapex|42\/100\n|move|p2a: Toxapex|Scald|p1a: Tornadus\n|-crit|p1a: Tornadus\n|-damage|p1a: Tornadus|17\/100\n|-status|p1a: Tornadus|brn\n|\n|-damage|p1a: Tornadus|11\/100 brn|[from] brn\n|upkeep\n|turn|32\n|\n|t:|1660922734\n|switch|p1a: Ferrothorn|Ferrothorn, F|78\/100\n|move|p2a: Toxapex|Scald|p1a: Ferrothorn\n|-resisted|p1a: Ferrothorn\n|-damage|p1a: Ferrothorn|72\/100\n|\n|-heal|p1a: Ferrothorn|79\/100|[from] item: Leftovers\n|-end|p2a: Toxapex|move: Taunt\n|upkeep\n|turn|33\n|\n|t:|1660922744\n|switch|p2a: Blissey|Blissey, F|48\/100\n|-damage|p2a: Blissey|36\/100|[from] Stealth Rock\n|switch|p1a: Heatran|Heatran, F|100\/100\n|\n|upkeep\n|turn|34\n|\n|t:|1660922758\n|switch|p2a: Hippowdon|Hippowdon, F|63\/100\n|-damage|p2a: Hippowdon|57\/100|[from] Stealth Rock\n|-weather|Sandstorm|[from] ability: Sand Stream|[of] p2a: Hippowdon\n|move|p1a: Heatran|Taunt|p2a: Hippowdon\n|-start|p2a: Hippowdon|move: Taunt\n|\n|-weather|Sandstorm|[upkeep]\n|upkeep\n|turn|35\n|\n|t:|1660922761\n|switch|p1a: Tornadus|Tornadus-Therian, M|44\/100 brn\n|move|p2a: Hippowdon|Earthquake|p1a: Tornadus\n|-immune|p1a: Tornadus\n|\n|-weather|Sandstorm|[upkeep]\n|-damage|p1a: Tornadus|38\/100 brn|[from] Sandstorm\n|-damage|p1a: Tornadus|32\/100 brn|[from] brn\n|upkeep\n|turn|36\n|\n|t:|1660922785\n|switch|p1a: Tapu Fini|Tapu Fini|100\/100\n|-fieldstart|move: Misty Terrain|[from] ability: Misty Surge|[of] p1a: Tapu Fini\n|switch|p2a: Toxapex|Toxapex, F|76\/100\n|-damage|p2a: Toxapex|64\/100|[from] Stealth Rock\n|\n|-weather|Sandstorm|[upkeep]\n|-damage|p1a: Tapu Fini|94\/100|[from] Sandstorm\n|-damage|p2a: Toxapex|58\/100|[from] Sandstorm\n|-heal|p1a: Tapu Fini|100\/100|[from] item: Leftovers\n|upkeep\n|turn|37\n|\n|t:|1660922793\n|switch|p2a: Tornadus|Tornadus-Therian, M, shiny|100\/100\n|move|p1a: Tapu Fini|Whirlpool|p2a: Tornadus|[miss]\n|-miss|p1a: Tapu Fini|p2a: Tornadus\n|\n|-weather|Sandstorm|[upkeep]\n|-damage|p2a: Tornadus|94\/100|[from] Sandstorm\n|-damage|p1a: Tapu Fini|94\/100|[from] Sandstorm\n|-heal|p1a: Tapu Fini|100\/100|[from] item: Leftovers\n|upkeep\n|turn|38\n|\n|t:|1660922797\n|switch|p1a: Tornadus|Tornadus-Therian, M|65\/100 brn\n|move|p2a: Tornadus|Hurricane|p1a: Tornadus\n|-damage|p1a: Tornadus|21\/100 brn\n|\n|-weather|none\n|-damage|p1a: Tornadus|15\/100 brn|[from] brn\n|upkeep\n|turn|39\n|\n|t:|1660922801\n|switch|p1a: Landorus|Landorus-Therian, M|90\/100\n|-ability|p1a: Landorus|Intimidate|boost\n|-unboost|p2a: Tornadus|atk|1\n|move|p2a: Tornadus|Knock Off|p1a: Landorus\n|-damage|p1a: Landorus|77\/100\n|-enditem|p1a: Landorus|Leftovers|[from] move: Knock Off|[of] p2a: Tornadus\n|\n|upkeep\n|turn|40\n|\n|t:|1660922807\n|move|p2a: Tornadus|U-turn|p1a: Landorus\n|-resisted|p1a: Landorus\n|-damage|p1a: Landorus|72\/100\n|\n|t:|1660922810\n|switch|p2a: Corviknight|Corviknight, M|94\/100|[from]move: U-turn\n|-damage|p2a: Corviknight|82\/100|[from] Stealth Rock\n|-ability|p2a: Corviknight|Pressure\n|move|p1a: Landorus|U-turn|p2a: Corviknight\n|-resisted|p2a: Corviknight\n|-damage|p2a: Corviknight|79\/100\n|\n|t:|1660922814\n|switch|p1a: Heatran|Heatran, F|100\/100|[from]move: U-turn\n|\n|-heal|p2a: Corviknight|85\/100|[from] item: Leftovers\n|-fieldend|Misty Terrain\n|upkeep\n|turn|41\n|\n|t:|1660922819\n|move|p1a: Heatran|Magma Storm|p2a: Corviknight\n|-supereffective|p2a: Corviknight\n|-damage|p2a: Corviknight|3\/100\n|-activate|p2a: Corviknight|move: Magma Storm|[of] p1a: Heatran\n|move|p2a: Corviknight|Body Press|p1a: Heatran\n|-supereffective|p1a: Heatran\n|-damage|p1a: Heatran|61\/100\n|\n|-heal|p1a: Heatran|67\/100|[from] item: Leftovers\n|-heal|p2a: Corviknight|10\/100|[from] item: Leftovers\n|-damage|p2a: Corviknight|0 fnt|[from] move: Magma Storm|[partiallytrapped]\n|faint|p2a: Corviknight\n|upkeep\n|\n|t:|1660922826\n|switch|p2a: Hippowdon|Hippowdon, F|57\/100\n|-damage|p2a: Hippowdon|51\/100|[from] Stealth Rock\n|-weather|Sandstorm|[from] ability: Sand Stream|[of] p2a: Hippowdon\n|turn|42\n|-message|fil41c forfeited.\n|\n|win|Daevank5\n|raw|Daevank5's rating: 1640 &rarr; <strong>1659<\/strong><br \/>(+19 for winning)\n|raw|fil41c's rating: 1622 &rarr; <strong>1603<\/strong><br \/>(-19 for losing)\n|l|\u2606fil41c\n||Ladder isn't responding, score probably updated but might not have (Request timeout).\n","uploadtime":1660922837,"views":48,"p1id":"daevank5","p2id":"fil41c","formatid":"gen8ou","rating":1603,"private":0,"password":null}