{"id":"gen8pokebilitiesaaa-1585906009","p1":"galacticguck300","p2":"Delibird Heart","format":"gen8pokebilitiesaaa","log":"|j|\u2606galacticguck300\n|j|\u2606Delibird Heart\n|t:|1653919362\n|gametype|singles\n|player|p1|galacticguck300|brycenman|1137\n|player|p2|Delibird Heart|koga-gen1|1285\n|teamsize|p1|6\n|teamsize|p2|6\n|gen|8\n|tier|[Gen 8] Pokebilities AAA\n|rated|\n|rule|Species Clause: Limit one of each Pok\u00e9mon\n|rule|OHKO Clause: OHKO moves are banned\n|rule|Evasion Moves Clause: Evasion moves are banned\n|rule|Endless Battle Clause: Forcing endless battles is banned\n|rule|HP Percentage Mod: HP is shown in percentages\n|rule|Dynamax Clause: You cannot dynamax\n|rule|2 Ability Clause: Limit two of each ability\n|rule|Sleep Clause: Sleep-inducing moves are banned\n|clearpoke\n|poke|p1|Garchomp, M|\n|poke|p1|Absol, F|\n|poke|p1|Hydreigon, F|\n|poke|p1|Sneasel, M|\n|poke|p1|Crawdaunt, M|\n|poke|p1|Regieleki|\n|poke|p2|Blissey, F|\n|poke|p2|Landorus-Therian, M|\n|poke|p2|Heracross, M|\n|poke|p2|Volcarona, M|\n|poke|p2|Tapu Koko|\n|poke|p2|Hawlucha, M|\n|teampreview\n|inactive|Battle timer is ON: inactive players will automatically lose when time's up. (requested by Delibird Heart)\n|inactive|galacticguck300 also wants the timer to be on.\n|\n|t:|1653919381\n|start\n|switch|p1a: Regieleki|Regieleki|100\/100\n|switch|p2a: Tapu Koko|Tapu Koko|100\/100\n|-fieldstart|move: Electric Terrain|[from] ability: Electric Surge|[of] p2a: Tapu Koko\n|turn|1\n|c|\u2606galacticguck300|I fell into your river\n|\n|t:|1653919395\n|switch|p2a: Landorus|Landorus-Therian, M|100\/100\n|-ability|p2a: Landorus|Intimidate|boost\n|-unboost|p1a: Regieleki|atk|1\n|move|p1a: Regieleki|Light Screen|p1a: Regieleki\n|-sidestart|p1: galacticguck300|move: Light Screen\n|\n|upkeep\n|turn|2\n|\n|t:|1653919402\n|move|p1a: Regieleki|Reflect|p1a: Regieleki\n|-sidestart|p1: galacticguck300|Reflect\n|move|p2a: Landorus|Knock Off|p1a: Regieleki\n|-damage|p1a: Regieleki|87\/100\n|-enditem|p1a: Regieleki|Light Clay|[from] move: Knock Off|[of] p2a: Landorus\n|\n|upkeep\n|turn|3\n|\n|t:|1653919409\n|switch|p1a: Hydreigon|Hydreigon, F|100\/100\n|move|p2a: Landorus|Defog|p1a: Hydreigon\n|-unboost|p1a: Hydreigon|evasion|1\n|-sideend|p1: galacticguck300|Reflect\n|-sideend|p1: galacticguck300|move: Light Screen\n|-fieldend|move: Electric Terrain\n|\n|upkeep\n|turn|4\n|\n|t:|1653919415\n|switch|p2a: Tapu Koko|Tapu Koko|100\/100\n|-fieldstart|move: Electric Terrain|[from] ability: Electric Surge|[of] p2a: Tapu Koko\n|move|p1a: Hydreigon|Hydro Pump|p2a: Tapu Koko\n|-damage|p2a: Tapu Koko|41\/100\n|\n|upkeep\n|turn|5\n|\n|t:|1653919421\n|move|p1a: Hydreigon|Hydro Pump|p2a: Tapu Koko\n|-crit|p2a: Tapu Koko\n|-damage|p2a: Tapu Koko|0 fnt\n|faint|p2a: Tapu Koko\n|\n|upkeep\n|\n|t:|1653919433\n|switch|p2a: Hawlucha|Hawlucha, M|100\/100\n|-ability|p2a: Hawlucha|Mold Breaker\n|-enditem|p2a: Hawlucha|Electric Seed\n|-boost|p2a: Hawlucha|def|1|[from] item: Electric Seed\n|turn|6\n|\n|t:|1653919443\n|move|p2a: Hawlucha|Swords Dance|p2a: Hawlucha\n|-boost|p2a: Hawlucha|atk|2\n|move|p1a: Hydreigon|Hydro Pump|p2a: Hawlucha\n|-damage|p2a: Hawlucha|40\/100\n|\n|upkeep\n|turn|7\n|\n|t:|1653919449\n|move|p2a: Hawlucha|Close Combat|p1a: Hydreigon\n|-supereffective|p1a: Hydreigon\n|-damage|p1a: Hydreigon|0 fnt\n|-unboost|p2a: Hawlucha|def|1\n|-unboost|p2a: Hawlucha|spd|1\n|faint|p1a: Hydreigon\n|\n|upkeep\n|\n|t:|1653919458\n|switch|p1a: Crawdaunt|Crawdaunt, M|100\/100\n|turn|8\n|\n|t:|1653919464\n|move|p1a: Crawdaunt|Aqua Jet|p2a: Hawlucha|[miss]\n|-miss|p1a: Crawdaunt|p2a: Hawlucha\n|move|p2a: Hawlucha|Close Combat|p1a: Crawdaunt\n|-supereffective|p1a: Crawdaunt\n|-damage|p1a: Crawdaunt|0 fnt\n|-unboost|p2a: Hawlucha|def|1\n|-unboost|p2a: Hawlucha|spd|1\n|faint|p1a: Crawdaunt\n|\n|-fieldend|move: Electric Terrain\n|upkeep\n|\n|t:|1653919467\n|switch|p1a: Sneasel|Sneasel, M|100\/100\n|turn|9\n|\n|t:|1653919472\n|switch|p2a: Heracross|Heracross, M|100\/100\n|move|p1a: Sneasel|Ice Shard|p2a: Heracross\n|-crit|p2a: Heracross\n|-damage|p2a: Heracross|61\/100\n|\n|-status|p2a: Heracross|tox|[from] item: Toxic Orb\n|upkeep\n|turn|10\n|\n|t:|1653919494\n|move|p1a: Sneasel|Ice Shard|p2a: Heracross\n|-damage|p2a: Heracross|35\/100 tox\n|move|p2a: Heracross|Close Combat|p1a: Sneasel\n|-supereffective|p1a: Sneasel\n|-damage|p1a: Sneasel|0 fnt\n|-unboost|p2a: Heracross|def|1\n|-unboost|p2a: Heracross|spd|1\n|faint|p1a: Sneasel\n|-ability|p2a: Heracross|Moxie|boost\n|-boost|p2a: Heracross|atk|1\n|\n|-damage|p2a: Heracross|29\/100 tox|[from] psn\n|upkeep\n|inactive|galacticguck300 has 120 seconds left.\n|\n|t:|1653919512\n|switch|p1a: Regieleki|Regieleki|87\/100\n|turn|11\n|inactive|Delibird Heart has 120 seconds left.\n|\n|t:|1653919572\n|switch|p2a: Landorus|Landorus-Therian, M|100\/100\n|-ability|p2a: Landorus|Intimidate|boost\n|-unboost|p1a: Regieleki|atk|1\n|move|p1a: Regieleki|Rapid Spin|p2a: Landorus\n|-damage|p2a: Landorus|96\/100\n|-boost|p1a: Regieleki|spe|1\n|-damage|p1a: Regieleki|71\/100|[from] item: Rocky Helmet|[of] p2a: Landorus\n|\n|upkeep\n|turn|12\n|\n|t:|1653919577\n|move|p1a: Regieleki|Reflect|p1a: Regieleki\n|-sidestart|p1: galacticguck300|Reflect\n|move|p2a: Landorus|Earthquake|p1a: Regieleki\n|-supereffective|p1a: Regieleki\n|-damage|p1a: Regieleki|0 fnt\n|faint|p1a: Regieleki\n|\n|upkeep\n|\n|t:|1653919582\n|switch|p1a: Garchomp|Garchomp, M|100\/100\n|turn|13\n|\n|t:|1653919595\n|move|p1a: Garchomp|Outrage|p2a: Landorus\n|-damage|p2a: Landorus|11\/100\n|-damage|p1a: Garchomp|84\/100|[from] item: Rocky Helmet|[of] p2a: Landorus\n|move|p2a: Landorus|Knock Off|p1a: Garchomp\n|-damage|p1a: Garchomp|67\/100\n|-damage|p2a: Landorus|0 fnt|[from] ability: Rough Skin|[of] p1a: Garchomp\n|faint|p2a: Landorus\n|\n|upkeep\n|\n|t:|1653919608\n|switch|p2a: Blissey|Blissey, F|100\/100\n|turn|14\n|\n|t:|1653919610\n|move|p1a: Garchomp|Outrage|p2a: Blissey|[from]lockedmove\n|-damage|p2a: Blissey|0 fnt\n|faint|p2a: Blissey\n|\n|upkeep\n|\n|t:|1653919616\n|switch|p2a: Hawlucha|Hawlucha, M|40\/100\n|-ability|p2a: Hawlucha|Mold Breaker\n|turn|15\n|\n|t:|1653919618\n|move|p2a: Hawlucha|Close Combat|p1a: Garchomp\n|-damage|p1a: Garchomp|32\/100\n|-unboost|p2a: Hawlucha|def|1\n|-unboost|p2a: Hawlucha|spd|1\n|-damage|p2a: Hawlucha|27\/100|[from] ability: Rough Skin|[of] p1a: Garchomp\n|move|p1a: Garchomp|Outrage|p2a: Hawlucha|[from]lockedmove\n|-damage|p2a: Hawlucha|0 fnt\n|faint|p2a: Hawlucha\n|-start|p1a: Garchomp|confusion|[fatigue]\n|\n|upkeep\n|\n|t:|1653919621\n|switch|p2a: Volcarona|Volcarona, M|100\/100\n|turn|16\n|\n|t:|1653919643\n|-activate|p1a: Garchomp|confusion\n|move|p1a: Garchomp|Outrage|p2a: Volcarona\n|-damage|p2a: Volcarona|0 fnt\n|-status|p1a: Garchomp|brn|[from] ability: Flame Body|[of] p2a: Volcarona\n|faint|p2a: Volcarona\n|\n|-damage|p1a: Garchomp|26\/100 brn|[from] brn\n|-sideend|p1: galacticguck300|Reflect\n|upkeep\n|\n|t:|1653919652\n|switch|p2a: Heracross|Heracross, M|29\/100 tox\n|turn|17\n|\n|t:|1653919654\n|-activate|p1a: Garchomp|confusion\n|move|p1a: Garchomp|Outrage|p2a: Heracross|[from]lockedmove\n|-damage|p2a: Heracross|0 fnt\n|faint|p2a: Heracross\n|\n|win|galacticguck300\n|raw|galacticguck300's rating: 1137 &rarr; <strong>1172<\/strong><br \/>(+35 for winning)\n|raw|Delibird Heart's rating: 1285 &rarr; <strong>1250<\/strong><br \/>(-35 for losing)\n|l|\u2606Delibird Heart\n","uploadtime":1653919659,"views":6,"p1id":"galacticguck300","p2id":"delibirdheart","formatid":"gen8pokebilitiesaaa","rating":1172,"private":0,"password":null}