{"id":"gen8nationaldex-1698118789","p1":"Poopseydoopsey","p2":"Blacksponge","format":"gen8nationaldex","log":"|j|\u2606Poopseydoopsey\n|j|\u2606Blacksponge\n|t:|1667077862\n|gametype|singles\n|player|p1|Poopseydoopsey|fisherman|1679\n|player|p2|Blacksponge|lucas|1732\n|teamsize|p1|6\n|teamsize|p2|6\n|gen|8\n|tier|[Gen 8] National Dex\n|rated|\n|rule|HP Percentage Mod: HP is shown in percentages\n|rule|Endless Battle Clause: Forcing endless battles is banned\n|rule|OHKO Clause: OHKO moves are banned\n|rule|Evasion Moves Clause: Evasion moves are banned\n|rule|Species Clause: Limit one of each Pok\u00e9mon\n|rule|Dynamax Clause: You cannot dynamax\n|rule|Sleep Clause Mod: Limit one foe put to sleep\n|clearpoke\n|poke|p1|Charizard, M|\n|poke|p1|Ninetales, M|\n|poke|p1|Venusaur, F|\n|poke|p1|Mandibuzz, F|\n|poke|p1|Victini|\n|poke|p1|Krookodile, F|\n|poke|p2|Charizard, M|\n|poke|p2|Regieleki|\n|poke|p2|Victini|\n|poke|p2|Xatu, F|\n|poke|p2|Weavile, F|\n|poke|p2|Gliscor, M|\n|teampreview\n|\n|t:|1667077874\n|start\n|switch|p1a: Krookodile|Krookodile, F|100\/100\n|switch|p2a: Weavile|Weavile, F|100\/100\n|-ability|p1a: Krookodile|Intimidate|boost\n|-unboost|p2a: Weavile|atk|1\n|-ability|p2a: Weavile|Pressure\n|turn|1\n|inactive|Battle timer is ON: inactive players will automatically lose when time's up. (requested by Poopseydoopsey)\n|\n|t:|1667077882\n|move|p1a: Krookodile|Earthquake|p2a: Weavile\n|-damage|p2a: Weavile|4\/100\n|move|p2a: Weavile|Triple Axel|p1a: Krookodile\n|-supereffective|p1a: Krookodile\n|-damage|p1a: Krookodile|75\/100\n|-supereffective|p1a: Krookodile\n|-damage|p1a: Krookodile|29\/100\n|-supereffective|p1a: Krookodile\n|-damage|p1a: Krookodile|0 fnt\n|faint|p1a: Krookodile\n|-hitcount|p1: Krookodile|3\n|\n|upkeep\n|\n|t:|1667077902\n|switch|p1a: Ninetales|Ninetales, M|100\/100\n|-weather|SunnyDay|[from] ability: Drought|[of] p1a: Ninetales\n|turn|2\n|\n|t:|1667077904\n|switch|p2a: Victini|Victini|100\/100\n|switch|p1a: Mandibuzz|Mandibuzz, F|100\/100\n|\n|-weather|SunnyDay|[upkeep]\n|upkeep\n|turn|3\n|\n|t:|1667077907\n|move|p2a: Victini|V-create|p1a: Mandibuzz\n|-damage|p1a: Mandibuzz|0 fnt\n|-unboost|p2a: Victini|spe|1\n|-unboost|p2a: Victini|def|1\n|-unboost|p2a: Victini|spd|1\n|-damage|p2a: Victini|84\/100|[from] item: Rocky Helmet|[of] p1a: Mandibuzz\n|faint|p1a: Mandibuzz\n|\n|-weather|SunnyDay|[upkeep]\n|upkeep\n|\n|t:|1667077910\n|switch|p1a: Ribbon|Venusaur, F|100\/100\n|turn|4\n|\n|t:|1667077925\n|move|p1a: Ribbon|Growth|p1a: Ribbon\n|-boost|p1a: Ribbon|atk|2\n|-boost|p1a: Ribbon|spa|2\n|move|p2a: Victini|V-create|p1a: Ribbon\n|-supereffective|p1a: Ribbon\n|-damage|p1a: Ribbon|0 fnt\n|-unboost|p2a: Victini|spe|1\n|-unboost|p2a: Victini|def|1\n|-unboost|p2a: Victini|spd|1\n|faint|p1a: Ribbon\n|\n|-weather|SunnyDay|[upkeep]\n|upkeep\n|\n|t:|1667077928\n|switch|p1a: Hamilton|Charizard, M|100\/100\n|turn|5\n|\n|t:|1667077940\n|detailschange|p1a: Hamilton|Charizard-Mega-X, M\n|-mega|p1a: Hamilton|Charizard|Charizardite X\n|move|p1a: Hamilton|Dragon Dance|p1a: Hamilton\n|-boost|p1a: Hamilton|atk|1\n|-boost|p1a: Hamilton|spe|1\n|move|p2a: Victini|V-create|p1a: Hamilton\n|-resisted|p1a: Hamilton\n|-damage|p1a: Hamilton|52\/100\n|-unboost|p2a: Victini|spe|1\n|-unboost|p2a: Victini|def|1\n|-unboost|p2a: Victini|spd|1\n|\n|-weather|SunnyDay|[upkeep]\n|upkeep\n|turn|6\n|\n|t:|1667077958\n|move|p1a: Hamilton|Dragon Dance|p1a: Hamilton\n|-boost|p1a: Hamilton|atk|1\n|-boost|p1a: Hamilton|spe|1\n|move|p2a: Victini|V-create|p1a: Hamilton\n|-resisted|p1a: Hamilton\n|-damage|p1a: Hamilton|0 fnt\n|-unboost|p2a: Victini|spe|1\n|-unboost|p2a: Victini|def|1\n|-unboost|p2a: Victini|spd|1\n|faint|p1a: Hamilton\n|\n|-weather|SunnyDay|[upkeep]\n|upkeep\n|-message|Poopseydoopsey forfeited.\n|\n|win|Blacksponge\n|raw|Poopseydoopsey's rating: 1679 &rarr; <strong>1662<\/strong><br \/>(-17 for losing)\n|raw|Blacksponge's rating: 1732 &rarr; <strong>1749<\/strong><br \/>(+17 for winning)\n|l|\u2606Poopseydoopsey\n||Ladder isn't responding, score probably updated but might not have (Request timeout).\n","uploadtime":1667077970,"views":6,"p1id":"poopseydoopsey","p2id":"blacksponge","formatid":"gen8nationaldex","rating":1662,"private":0,"password":null}