{"id":"gen8randombattle-1095818944","p1":"comp233","p2":"Repose214","format":"gen8randombattle","log":"|j|\u2606comp233\n|j|\u2606Repose214\n|player|p1|comp233|115|2031\n|player|p2|Repose214|yellow|1951\n|teamsize|p1|6\n|teamsize|p2|6\n|gametype|singles\n|gen|8\n|tier|[Gen 8] Random Battle\n|rated|\n|html|<div class=\"broadcast-red\"><strong>Random Battle is currently suspecting Dynamax! For information on how to participate check out the <a href=\"https:\/\/www.smogon.com\/forums\/threads\/3662006\/\">suspect thread<\/a>.<\/strong><\/div>\n|rule|Species Clause: Limit one of each Pok\u00e9mon\n|rule|HP Percentage Mod: HP is shown in percentages\n|rule|Sleep Clause Mod: Limit one foe put to sleep\n|\n|start\n|switch|p1a: Garbodor|Garbodor, L86, F|278\/278\n|switch|p2a: Registeel|Registeel, L82|265\/265\n|turn|1\n|\n|switch|p2a: Latias|Latias, L80, F|259\/259\n|move|p1a: Garbodor|Toxic Spikes|p2a: Latias\n|-sidestart|p2: Repose214|move: Toxic Spikes\n|\n|upkeep\n|turn|2\n|inactive|Battle timer is ON: inactive players will automatically lose when time's up. (requested by Repose214)\n|\n|switch|p1a: Shiftry|Shiftry, L84, M|288\/288\n|move|p2a: Latias|Calm Mind|p2a: Latias\n|-boost|p2a: Latias|spa|1\n|-boost|p2a: Latias|spd|1\n|\n|upkeep\n|turn|3\n|\n|-start|p2a: Latias|Dynamax\n|-heal|p2a: Latias|518\/518|[silent]\n|move|p2a: Latias|Max Wyrmwind|p1a: Shiftry\n|-damage|p1a: Shiftry|0 fnt\n|faint|p1a: Shiftry\n|\n|upkeep\n|\n|switch|p1a: Noivern|Noivern, L82, F|274\/274\n|turn|4\n|\n|switch|p1a: Rapidash|Rapidash-Galar, L86, F|252\/252\n|move|p2a: Latias|Max Wyrmwind|p1a: Rapidash\n|-immune|p1a: Rapidash\n|\n|upkeep\n|turn|5\n|\n|move|p1a: Rapidash|Swords Dance|p1a: Rapidash\n|-boost|p1a: Rapidash|atk|2\n|move|p2a: Latias|Max Mindstorm|p1a: Rapidash\n|-resisted|p1a: Rapidash\n|-damage|p1a: Rapidash|142\/252\n|-fieldstart|move: Psychic Terrain\n|\n|-heal|p1a: Rapidash|157\/252|[from] item: Leftovers\n|-end|p2a: Latias|Dynamax\n|-heal|p2a: Latias|259\/259|[silent]\n|upkeep\n|turn|6\n|\n|switch|p2a: Registeel|Registeel, L82|265\/265\n|move|p1a: Rapidash|Play Rough|p2a: Registeel\n|-resisted|p2a: Registeel\n|-damage|p2a: Registeel|196\/265\n|\n|-heal|p1a: Rapidash|172\/252|[from] item: Leftovers\n|-heal|p2a: Registeel|212\/265|[from] item: Leftovers\n|upkeep\n|turn|7\n|\n|-start|p1a: Rapidash|Dynamax\n|-heal|p1a: Rapidash|344\/504|[silent]\n|move|p1a: Rapidash|Max Mindstorm|p2a: Registeel\n|-resisted|p2a: Registeel\n|-damage|p2a: Registeel|88\/265\n|move|p2a: Registeel|Stealth Rock|p1a: Rapidash\n|-sidestart|p1: comp233|move: Stealth Rock\n|\n|-heal|p1a: Rapidash|359\/504|[from] item: Leftovers\n|-heal|p2a: Registeel|104\/265|[from] item: Leftovers\n|upkeep\n|turn|8\n|\n|switch|p2a: Scrafty|Scrafty, L84, F|246\/246\n|-status|p2a: Scrafty|psn\n|-ability|p2a: Scrafty|Intimidate|boost\n|-unboost|p1a: Rapidash|atk|1\n|move|p1a: Rapidash|Max Mindstorm|p2a: Scrafty\n|-immune|p2a: Scrafty\n|\n|-heal|p1a: Rapidash|374\/504|[from] item: Leftovers\n|-damage|p2a: Scrafty|216\/246 psn|[from] psn\n|upkeep\n|turn|9\n|\n|switch|p2a: Registeel|Registeel, L82|104\/265\n|move|p1a: Rapidash|Max Starfall|p2a: Registeel\n|-resisted|p2a: Registeel\n|-damage|p2a: Registeel|33\/265\n|-fieldstart|move: Misty Terrain\n|\n|-heal|p1a: Rapidash|389\/504|[from] item: Leftovers\n|-heal|p2a: Registeel|49\/265|[from] item: Leftovers\n|-end|p1a: Rapidash|Dynamax\n|-heal|p1a: Rapidash|195\/252|[silent]\n|upkeep\n|turn|10\n|\n|move|p1a: Rapidash|Swords Dance|p1a: Rapidash\n|-boost|p1a: Rapidash|atk|2\n|move|p2a: Registeel|Toxic|p1a: Rapidash\n|-block|p1a: Rapidash|ability: Pastel Veil|[of] p1a: Rapidash\n|\n|-heal|p1a: Rapidash|210\/252|[from] item: Leftovers\n|-heal|p2a: Registeel|65\/265|[from] item: Leftovers\n|upkeep\n|turn|11\n|c|\u2606Repose214|Ah!\n|c|\u2606Repose214|:)\n|\n|switch|p2a: Dracozolt|Dracozolt, L82|282\/282\n|move|p1a: Rapidash|Swords Dance|p1a: Rapidash\n|-boost|p1a: Rapidash|atk|2\n|\n|-heal|p1a: Rapidash|225\/252|[from] item: Leftovers\n|upkeep\n|turn|12\n|\n|move|p2a: Dracozolt|Bolt Beak|p1a: Rapidash\n|-damage|p1a: Rapidash|0 fnt\n|faint|p1a: Rapidash\n|\n|upkeep\n|inactive|comp233 has 120 seconds left.\n|\n|switch|p1a: Garbodor|Garbodor, L86, F|278\/278\n|-damage|p1a: Garbodor|244\/278|[from] Stealth Rock\n|turn|13\n|\n|move|p2a: Dracozolt|Bolt Beak|p1a: Garbodor|[miss]\n|-miss|p2a: Dracozolt|p1a: Garbodor\n|move|p1a: Garbodor|Gunk Shot|p2a: Dracozolt|[miss]\n|-miss|p1a: Garbodor|p2a: Dracozolt\n|\n|-fieldend|Misty Terrain\n|upkeep\n|turn|14\n|\n|move|p2a: Dracozolt|Bolt Beak|p1a: Garbodor\n|-damage|p1a: Garbodor|0 fnt\n|-damage|p2a: Dracozolt|212\/282|[from] ability: Aftermath|[of] p1a: Garbodor\n|faint|p1a: Garbodor\n|\n|upkeep\n|\n|switch|p1a: Noivern|Noivern, L82, F|274\/274\n|-damage|p1a: Noivern|206\/274|[from] Stealth Rock\n|turn|15\n|\n|move|p2a: Dracozolt|Bolt Beak|p1a: Noivern\n|-damage|p1a: Noivern|0 fnt\n|faint|p1a: Noivern\n|\n|upkeep\n|c|\u2606Repose214|Holy shit\n|c|\u2606Repose214|Calm down Dracozolt\n|\n|switch|p1a: Volcarona|Volcarona, L80, F|267\/267\n|turn|16\n|\n|move|p2a: Dracozolt|Bolt Beak|p1a: Volcarona\n|-damage|p1a: Volcarona|0 fnt\n|faint|p1a: Volcarona\n|\n|upkeep\n|\n|switch|p1a: Swoobat|Swoobat, L88, M|261\/261\n|-damage|p1a: Swoobat|196\/261|[from] Stealth Rock\n|turn|17\n|\n|move|p2a: Dracozolt|Bolt Beak|p1a: Swoobat\n|-supereffective|p1a: Swoobat\n|-damage|p1a: Swoobat|0 fnt\n|faint|p1a: Swoobat\n|\n|win|Repose214\n|raw|comp233's rating: 2031 &rarr; <strong>2006<\/strong><br \/>(-25 for losing)\n|raw|Repose214's rating: 1951 &rarr; <strong>1976<\/strong><br \/>(+25 for winning)\n|l|\u2606comp233\n|c|\u2606Repose214|wow\n","inputlog":">version 5d2f44a618161a309cf35b44cfce5b7d4b4b6839\n>start {\"formatid\":\"gen8randombattle\",\"seed\":[34830,34090,47955,34675],\"rated\":\"Rated battle\"}\n>player p1 {\"name\":\"comp233\",\"avatar\":\"115\",\"team\":\"\",\"rating\":2031,\"seed\":[1170,50986,45829,51209]}\n>player p2 {\"name\":\"Repose214\",\"avatar\":\"yellow\",\"team\":\"\",\"rating\":1951,\"seed\":[54720,63631,27043,571]}\n>p1 move toxicspikes\n>p2 switch 2\n>p1 switch 2\n>p2 move calmmind\n>p1 move nastyplot\n>p2 move dracometeor dynamax\n>p1 switch 5\n>p1 switch 4\n>p2 move dracometeor dynamax\n>p1 move swordsdance\n>p2 move psychic dynamax\n>p1 move playrough\n>p2 switch 2\n>p1 move zenheadbutt dynamax\n>p2 move stealthrock\n>p1 move zenheadbutt dynamax\n>p2 switch 6\n>p1 move playrough dynamax\n>p2 switch 6\n>p1 move swordsdance\n>p2 move toxic\n>p1 move swordsdance\n>p2 switch 5\n>p1 move playrough\n>p2 move boltbeak\n>p1 switch 2\n>p1 move gunkshot\n>p2 move boltbeak\n>p1 move painsplit\n>p2 move boltbeak\n>p1 switch 4\n>p1 move dracometeor\n>p2 move boltbeak\n>p1 switch 6\n>p1 move quiverdance\n>p2 move boltbeak\n>p1 switch 3\n>p1 move calmmind\n>p2 move boltbeak","uploadtime":1586766963,"views":22,"p1id":"comp233","p2id":"repose214","formatid":"gen8randombattle","rating":1976,"private":0,"password":null}