{"id":"gen8nationaldex-1592319080","p1":"ADuckAlt","p2":"Draco09876","format":"gen8nationaldex","log":"|j|\u2606ADuckAlt\n|j|\u2606Draco09876\n|t:|1654743407\n|gametype|singles\n|player|p1|ADuckAlt|red|1170\n|player|p2|Draco09876|102|1161\n|teamsize|p1|6\n|teamsize|p2|6\n|gen|8\n|tier|[Gen 8] National Dex\n|rated|\n|rule|HP Percentage Mod: HP is shown in percentages\n|rule|Endless Battle Clause: Forcing endless battles is banned\n|rule|OHKO Clause: OHKO moves are banned\n|rule|Evasion Moves Clause: Evasion moves are banned\n|rule|Species Clause: Limit one of each Pok\u00e9mon\n|rule|Dynamax Clause: You cannot dynamax\n|rule|Sleep Clause Mod: Limit one foe put to sleep\n|clearpoke\n|poke|p1|Skarmory, M|\n|poke|p1|Clefable, F|\n|poke|p1|Lopunny, F|\n|poke|p1|Thundurus-Therian, M|\n|poke|p1|Tangrowth, F|\n|poke|p1|Chansey, F|\n|poke|p2|Slowking-Galar, M|\n|poke|p2|Serperior, M|\n|poke|p2|Swampert, M|\n|poke|p2|Weavile, M|\n|poke|p2|Zapdos|\n|poke|p2|Pelipper, F|\n|teampreview\n|\n|t:|1654743416\n|start\n|switch|p1a: Og Corviknight|Skarmory, M|100\/100\n|switch|p2a: Slowking|Slowking-Galar, M|100\/100\n|turn|1\n|inactive|Battle timer is ON: inactive players will automatically lose when time's up. (requested by Draco09876)\n|\n|t:|1654743423\n|move|p1a: Og Corviknight|Stealth Rock|p2a: Slowking\n|-sidestart|p2: Draco09876|move: Stealth Rock\n|move|p2a: Slowking|Flamethrower|p1a: Og Corviknight\n|-supereffective|p1a: Og Corviknight\n|-damage|p1a: Og Corviknight|12\/100\n|-enditem|p1a: Og Corviknight|Red Card|[of] p2a: Slowking\n|drag|p2a: Swampert|Swampert, M|100\/100\n|-damage|p2a: Swampert|94\/100|[from] Stealth Rock\n|\n|upkeep\n|turn|2\n|\n|t:|1654743432\n|switch|p2a: Zapdos|Zapdos|100\/100\n|move|p1a: Og Corviknight|Whirlwind|p2a: Zapdos\n|drag|p2a: Weavile|Weavile, M|100\/100\n|\n|upkeep\n|turn|3\n|\n|t:|1654743440\n|move|p2a: Weavile|Knock Off|p1a: Og Corviknight\n|-damage|p1a: Og Corviknight|0 fnt\n|faint|p1a: Og Corviknight\n|\n|upkeep\n|\n|t:|1654743445\n|switch|p1a: Fighting Waifu|Lopunny, F|100\/100\n|turn|4\n|\n|t:|1654743450\n|switch|p2a: Zapdos|Zapdos|100\/100\n|detailschange|p1a: Fighting Waifu|Lopunny-Mega, F\n|-mega|p1a: Fighting Waifu|Lopunny|Lopunnite\n|move|p1a: Fighting Waifu|Fake Out|p2a: Zapdos\n|-damage|p2a: Zapdos|72\/100\n|\n|upkeep\n|turn|5\n|\n|t:|1654743459\n|switch|p1a: Zeus|Thundurus-Therian, M|100\/100\n|move|p2a: Zapdos|Volt Switch|p1a: Zeus\n|-immune|p1a: Zeus|[from] ability: Volt Absorb\n|\n|upkeep\n|turn|6\n|\n|t:|1654743469\n|switch|p2a: Slowking|Slowking-Galar, M|100\/100\n|-damage|p2a: Slowking|88\/100|[from] Stealth Rock\n|move|p1a: Zeus|Psychic|p2a: Slowking\n|-damage|p2a: Slowking|69\/100\n|\n|upkeep\n|turn|7\n|\n|t:|1654743478\n|move|p1a: Zeus|Thunderbolt|p2a: Slowking\n|-damage|p2a: Slowking|42\/100\n|move|p2a: Slowking|Sludge Bomb|p1a: Zeus\n|-damage|p1a: Zeus|35\/100\n|-status|p1a: Zeus|psn\n|\n|-damage|p1a: Zeus|23\/100 psn|[from] psn\n|upkeep\n|turn|8\n|\n|t:|1654743488\n|move|p1a: Zeus|U-turn|p2a: Slowking\n|-damage|p2a: Slowking|27\/100\n|\n|t:|1654743492\n|switch|p1a: Chancegg|Chansey, F|100\/100|[from]move: U-turn\n|move|p2a: Slowking|Sludge Bomb|p1a: Chancegg\n|-damage|p1a: Chancegg|87\/100\n|\n|upkeep\n|turn|9\n|\n|t:|1654743502\n|switch|p2a: Pelipper|Pelipper, F|100\/100\n|-damage|p2a: Pelipper|76\/100|[from] Stealth Rock\n|-weather|RainDance|[from] ability: Drizzle|[of] p2a: Pelipper\n|move|p1a: Chancegg|Seismic Toss|p2a: Pelipper\n|-damage|p2a: Pelipper|45\/100\n|\n|-weather|RainDance|[upkeep]\n|upkeep\n|turn|10\n|\n|t:|1654743511\n|move|p2a: Pelipper|U-turn|p1a: Chancegg\n|-damage|p1a: Chancegg|81\/100\n|\n|t:|1654743514\n|switch|p2a: Slowking|Slowking-Galar, M|61\/100|[from]move: U-turn\n|-damage|p2a: Slowking|48\/100|[from] Stealth Rock\n|move|p1a: Chancegg|Aromatherapy|p1a: Chancegg\n|-activate|p1a: Chancegg|move: Aromatherapy\n|-curestatus|p1: Zeus|psn|[msg]\n|\n|-weather|RainDance|[upkeep]\n|upkeep\n|turn|11\n|\n|t:|1654743528\n|move|p1a: Chancegg|Soft-Boiled|p1a: Chancegg\n|-heal|p1a: Chancegg|100\/100\n|move|p2a: Slowking|Future Sight|p1a: Chancegg\n|-start|p2a: Slowking|move: Future Sight\n|\n|-weather|RainDance|[upkeep]\n|upkeep\n|turn|12\n|\n|t:|1654743534\n|switch|p2a: Swampert|Swampert, M|94\/100\n|-damage|p2a: Swampert|88\/100|[from] Stealth Rock\n|move|p1a: Chancegg|Seismic Toss|p2a: Swampert\n|-damage|p2a: Swampert|63\/100\n|\n|-weather|RainDance|[upkeep]\n|upkeep\n|turn|13\n|\n|t:|1654743542\n|switch|p1a: Noodlez|Tangrowth, F|100\/100\n|detailschange|p2a: Swampert|Swampert-Mega, M\n|-mega|p2a: Swampert|Swampert|Swampertite\n|move|p2a: Swampert|Superpower|p1a: Noodlez\n|-damage|p1a: Noodlez|76\/100\n|-unboost|p2a: Swampert|atk|1\n|-unboost|p2a: Swampert|def|1\n|\n|-weather|RainDance|[upkeep]\n|-end|p1a: Noodlez|move: Future Sight\n|-damage|p1a: Noodlez|0 fnt\n|faint|p1a: Noodlez\n|upkeep\n|\n|t:|1654743558\n|switch|p1a: Fighting Waifu|Lopunny-Mega, F|100\/100\n|turn|14\n|\n|t:|1654743565\n|switch|p2a: Zapdos|Zapdos|72\/100\n|move|p1a: Fighting Waifu|Fake Out|p2a: Zapdos\n|-damage|p2a: Zapdos|47\/100\n|-status|p1a: Fighting Waifu|par|[from] ability: Static|[of] p2a: Zapdos\n|\n|-weather|RainDance|[upkeep]\n|upkeep\n|turn|15\n|\n|t:|1654743579\n|switch|p1a: Zeus|Thundurus-Therian, M|23\/100\n|move|p2a: Zapdos|Hurricane|p1a: Zeus\n|-resisted|p1a: Zeus\n|-damage|p1a: Zeus|0 fnt\n|faint|p1a: Zeus\n|\n|-weather|RainDance|[upkeep]\n|upkeep\n|\n|t:|1654743586\n|switch|p1a: Chancegg|Chansey, F|100\/100\n|turn|16\n|\n|t:|1654743590\n|move|p2a: Zapdos|Volt Switch|p1a: Chancegg\n|-damage|p1a: Chancegg|89\/100\n|\n|t:|1654743593\n|switch|p2a: Slowking|Slowking-Galar, M|81\/100|[from]move: Volt Switch\n|-damage|p2a: Slowking|69\/100|[from] Stealth Rock\n|move|p1a: Chancegg|Aromatherapy|p1a: Chancegg\n|-activate|p1a: Chancegg|move: Aromatherapy\n|-curestatus|p1: Fighting Waifu|par|[msg]\n|\n|-weather|none\n|upkeep\n|turn|17\n|\n|t:|1654743603\n|move|p1a: Chancegg|Seismic Toss|p2a: Slowking\n|-damage|p2a: Slowking|44\/100\n|move|p2a: Slowking|Future Sight|p1a: Chancegg\n|-start|p2a: Slowking|move: Future Sight\n|\n|upkeep\n|turn|18\n|\n|t:|1654743608\n|switch|p2a: Swampert|Swampert-Mega, M|63\/100\n|-damage|p2a: Swampert|57\/100|[from] Stealth Rock\n|move|p1a: Chancegg|Seismic Toss|p2a: Swampert\n|-damage|p2a: Swampert|32\/100\n|\n|upkeep\n|turn|19\n|\n|t:|1654743621\n|switch|p1a: *Confused Look*|Clefable, F|100\/100\n|move|p2a: Swampert|Superpower|p1a: *Confused Look*\n|-resisted|p1a: *Confused Look*\n|-damage|p1a: *Confused Look*|77\/100\n|-unboost|p2a: Swampert|atk|1\n|-unboost|p2a: Swampert|def|1\n|\n|-end|p1a: *Confused Look*|move: Future Sight\n|-damage|p1a: *Confused Look*|28\/100\n|upkeep\n|turn|20\n|\n|t:|1654743627\n|move|p2a: Swampert|Earthquake|p1a: *Confused Look*\n|-crit|p1a: *Confused Look*\n|-damage|p1a: *Confused Look*|0 fnt\n|faint|p1a: *Confused Look*\n|\n|upkeep\n|\n|t:|1654743633\n|switch|p1a: Fighting Waifu|Lopunny-Mega, F|100\/100\n|turn|21\n|\n|t:|1654743637\n|switch|p2a: Zapdos|Zapdos|47\/100\n|move|p1a: Fighting Waifu|Return|p2a: Zapdos\n|-damage|p2a: Zapdos|0 fnt\n|faint|p2a: Zapdos\n|\n|upkeep\n|\n|t:|1654743646\n|switch|p2a: Serperior|Serperior, M|100\/100\n|-damage|p2a: Serperior|88\/100|[from] Stealth Rock\n|turn|22\n|c|\u2606ADuckAlt|1 pokemon down\n|c|\u2606ADuckAlt|a whole lot more to go\n|\n|t:|1654743658\n|move|p1a: Fighting Waifu|High Jump Kick|p2a: Serperior\n|-damage|p2a: Serperior|0 fnt\n|faint|p2a: Serperior\n|\n|upkeep\n|\n|t:|1654743662\n|switch|p2a: Slowking|Slowking-Galar, M|77\/100\n|-damage|p2a: Slowking|64\/100|[from] Stealth Rock\n|turn|23\n|\n|t:|1654743668\n|move|p1a: Fighting Waifu|Return|p2a: Slowking\n|-damage|p2a: Slowking|12\/100\n|move|p2a: Slowking|Future Sight|p1a: Fighting Waifu\n|-start|p2a: Slowking|move: Future Sight\n|\n|upkeep\n|turn|24\n|\n|t:|1654743674\n|switch|p2a: Pelipper|Pelipper, F|45\/100\n|-damage|p2a: Pelipper|20\/100|[from] Stealth Rock\n|-weather|RainDance|[from] ability: Drizzle|[of] p2a: Pelipper\n|move|p1a: Fighting Waifu|Quick Attack|p2a: Pelipper\n|-crit|p2a: Pelipper\n|-damage|p2a: Pelipper|0 fnt\n|faint|p2a: Pelipper\n|\n|-weather|RainDance|[upkeep]\n|upkeep\n|\n|t:|1654743680\n|switch|p2a: Weavile|Weavile, M|100\/100\n|turn|25\n|\n|t:|1654743689\n|switch|p1a: Chancegg|Chansey, F|89\/100\n|move|p2a: Weavile|Knock Off|p1a: Chancegg\n|-damage|p1a: Chancegg|61\/100\n|-enditem|p1a: Chancegg|Eviolite|[from] move: Knock Off|[of] p2a: Weavile\n|\n|-weather|RainDance|[upkeep]\n|-end|p1a: Chancegg|move: Future Sight\n|-damage|p1a: Chancegg|33\/100\n|upkeep\n|turn|26\n|\n|t:|1654743697\n|move|p2a: Weavile|Triple Axel|p1a: Chancegg\n|-damage|p1a: Chancegg|24\/100\n|-damage|p1a: Chancegg|6\/100\n|-damage|p1a: Chancegg|0 fnt\n|faint|p1a: Chancegg\n|-hitcount|p1: Chancegg|3\n|\n|-weather|RainDance|[upkeep]\n|upkeep\n|\n|t:|1654743700\n|switch|p1a: Fighting Waifu|Lopunny-Mega, F|100\/100\n|turn|27\n|\n|t:|1654743711\n|move|p1a: Fighting Waifu|High Jump Kick|p2a: Weavile\n|-supereffective|p2a: Weavile\n|-damage|p2a: Weavile|0 fnt\n|faint|p2a: Weavile\n|\n|-weather|RainDance|[upkeep]\n|upkeep\n|c|\u2606ADuckAlt|gg dude\n|\n|t:|1654743721\n|switch|p2a: Swampert|Swampert-Mega, M|32\/100\n|-damage|p2a: Swampert|26\/100|[from] Stealth Rock\n|turn|28\n|\n|t:|1654743729\n|move|p1a: Fighting Waifu|Quick Attack|p2a: Swampert\n|-crit|p2a: Swampert\n|-damage|p2a: Swampert|0 fnt\n|faint|p2a: Swampert\n|\n|-weather|RainDance|[upkeep]\n|upkeep\n|c|\u2606Draco09876|bruh\n|\n|t:|1654743735\n|switch|p2a: Slowking|Slowking-Galar, M|45\/100\n|-damage|p2a: Slowking|32\/100|[from] Stealth Rock\n|turn|29\n|c|\u2606Draco09876|crit\n|c|\u2606ADuckAlt|lol ikr\n|\n|t:|1654743749\n|move|p1a: Fighting Waifu|Return|p2a: Slowking\n|-damage|p2a: Slowking|0 fnt\n|faint|p2a: Slowking\n|\n|win|ADuckAlt\n|raw|ADuckAlt's rating: 1170 &rarr; <strong>1194<\/strong><br \/>(+24 for winning)\n|raw|Draco09876's rating: 1161 &rarr; <strong>1137<\/strong><br \/>(-24 for losing)\n|l|\u2606Draco09876\n|c|\u2606ADuckAlt|ggs\n","uploadtime":1654743762,"views":5,"p1id":"aduckalt","p2id":"draco09876","formatid":"gen8nationaldex","rating":1137,"private":0,"password":null}