{"id":"gen8unratedrandombattle-1547478088","p1":"kenjoy1","p2":"A3720","format":"gen8unratedrandombattle","log":"|j|\u2606kenjoy1\n|j|\u2606A3720\n|t:|1649265993\n|gametype|singles\n|player|p1|kenjoy1|skyla|\n|player|p2|A3720|1|\n|teamsize|p1|6\n|teamsize|p2|6\n|gen|8\n|tier|[Gen 8] Unrated Random Battle\n|rule|Species Clause: Limit one of each Pok\u00e9mon\n|rule|HP Percentage Mod: HP is shown in percentages\n|rule|Sleep Clause Mod: Limit one foe put to sleep\n|\n|t:|1649265993\n|start\n|switch|p1a: Audino|Audino, L91, M|335\/335\n|switch|p2a: Kangaskhan|Kangaskhan, L84, F|314\/314\n|turn|1\n|\n|t:|1649266010\n|move|p2a: Kangaskhan|Fake Out|p1a: Audino\n|-damage|p1a: Audino|296\/335\n|cant|p1a: Audino|flinch\n|\n|-heal|p1a: Audino|316\/335|[from] item: Leftovers\n|upkeep\n|turn|2\n|\n|t:|1649266019\n|switch|p2a: Hatterene|Hatterene, L86, F|238\/238\n|move|p1a: Audino|Toxic|p2a: Hatterene\n|move|p2a: Hatterene|Toxic|p1a: Audino|[from]ability: Magic Bounce\n|-status|p1a: Audino|tox\n|\n|-heal|p1a: Audino|335\/335 tox|[from] item: Leftovers\n|-damage|p1a: Audino|315\/335 tox|[from] psn\n|upkeep\n|turn|3\n|\n|t:|1649266040\n|switch|p2a: Diggersby|Diggersby, L80, F|267\/267\n|move|p1a: Audino|Knock Off|p2a: Diggersby\n|-damage|p2a: Diggersby|200\/267\n|-enditem|p2a: Diggersby|Life Orb|[from] move: Knock Off|[of] p1a: Audino\n|\n|-heal|p1a: Audino|335\/335 tox|[from] item: Leftovers\n|-damage|p1a: Audino|295\/335 tox|[from] psn\n|upkeep\n|turn|4\n|\n|t:|1649266047\n|switch|p1a: Araquanid|Araquanid, L80, F|240\/240\n|move|p2a: Diggersby|Knock Off|p1a: Araquanid\n|-damage|p1a: Araquanid|147\/240\n|-enditem|p1a: Araquanid|Heavy-Duty Boots|[from] move: Knock Off|[of] p2a: Diggersby\n|\n|upkeep\n|turn|5\n|\n|t:|1649266058\n|switch|p2a: Hatterene|Hatterene, L86, F|238\/238\n|move|p1a: Araquanid|Sticky Web|p2a: Hatterene\n|move|p2a: Hatterene|Sticky Web|p1a: Araquanid|[from]ability: Magic Bounce\n|-sidestart|p1: kenjoy1|move: Sticky Web\n|\n|upkeep\n|turn|6\n|\n|t:|1649266065\n|move|p1a: Araquanid|Leech Life|p2a: Hatterene\n|-damage|p2a: Hatterene|186\/238\n|-heal|p1a: Araquanid|173\/240|[from] drain|[of] p2a: Hatterene\n|move|p2a: Hatterene|Psyshock|p1a: Araquanid\n|-crit|p1a: Araquanid\n|-damage|p1a: Araquanid|0 fnt\n|faint|p1a: Araquanid\n|\n|-heal|p2a: Hatterene|200\/238|[from] item: Leftovers\n|upkeep\n|\n|t:|1649266074\n|switch|p1a: Excadrill|Excadrill, L78, F|300\/300\n|-activate|p1a: Excadrill|move: Sticky Web\n|-unboost|p1a: Excadrill|spe|1\n|-ability|p1a: Excadrill|Mold Breaker\n|turn|7\n|\n|t:|1649266080\n|switch|p2a: Chandelure|Chandelure, L82, F|233\/233\n|move|p1a: Excadrill|Rapid Spin|p2a: Chandelure\n|-immune|p2a: Chandelure\n|\n|upkeep\n|turn|8\n|\n|t:|1649266085\n|move|p2a: Chandelure|Fire Blast|p1a: Excadrill\n|-supereffective|p1a: Excadrill\n|-damage|p1a: Excadrill|0 fnt\n|faint|p1a: Excadrill\n|\n|upkeep\n|\n|t:|1649266090\n|switch|p1a: Glalie|Glalie, L80, M|259\/259\n|-activate|p1a: Glalie|move: Sticky Web\n|-unboost|p1a: Glalie|spe|1\n|turn|9\n|\n|t:|1649266096\n|move|p1a: Glalie|Protect|p1a: Glalie\n|-singleturn|p1a: Glalie|Protect\n|move|p2a: Chandelure|Fire Blast|p1a: Glalie\n|-activate|p1a: Glalie|move: Protect\n|\n|-ability|p1a: Glalie|Moody|boost\n|-boost|p1a: Glalie|spa|2\n|-unboost|p1a: Glalie|spd|1\n|upkeep\n|turn|10\n|\n|t:|1649266105\n|move|p2a: Chandelure|Fire Blast|p1a: Glalie\n|-supereffective|p1a: Glalie\n|-damage|p1a: Glalie|0 fnt\n|faint|p1a: Glalie\n|\n|upkeep\n|\n|t:|1649266109\n|switch|p1a: Slowbro|Slowbro, L84, M|297\/297\n|-activate|p1a: Slowbro|move: Sticky Web\n|-unboost|p1a: Slowbro|spe|1\n|turn|11\n|\n|t:|1649266113\n|move|p2a: Chandelure|Shadow Ball|p1a: Slowbro\n|-supereffective|p1a: Slowbro\n|-damage|p1a: Slowbro|61\/297\n|move|p1a: Slowbro|Teleport|p1a: Slowbro\n|\n|t:|1649266118\n|switch|p1a: Audino|Audino, L91, M|335\/335 tox\n|-activate|p1a: Audino|move: Sticky Web\n|-unboost|p1a: Audino|spe|1\n|\n|-damage|p1a: Audino|315\/335 tox|[from] psn\n|upkeep\n|turn|12\n|\n|t:|1649266126\n|switch|p2a: Diggersby|Diggersby, L80, F|200\/267\n|move|p1a: Audino|Knock Off|p2a: Diggersby\n|-damage|p2a: Diggersby|151\/267\n|\n|-heal|p1a: Audino|335\/335 tox|[from] item: Leftovers\n|-damage|p1a: Audino|295\/335 tox|[from] psn\n|upkeep\n|turn|13\n|\n|t:|1649266131\n|move|p2a: Diggersby|Knock Off|p1a: Audino\n|-damage|p1a: Audino|210\/335 tox\n|-enditem|p1a: Audino|Leftovers|[from] move: Knock Off|[of] p2a: Diggersby\n|move|p1a: Audino|Toxic|p2a: Diggersby\n|-status|p2a: Diggersby|tox\n|\n|-damage|p2a: Diggersby|135\/267 tox|[from] psn\n|-damage|p1a: Audino|150\/335 tox|[from] psn\n|upkeep\n|turn|14\n|\n|t:|1649266135\n|move|p2a: Diggersby|Earthquake|p1a: Audino\n|-damage|p1a: Audino|29\/335 tox\n|move|p1a: Audino|Wish|p1a: Audino\n|\n|-damage|p2a: Diggersby|103\/267 tox|[from] psn\n|-damage|p1a: Audino|0 fnt|[from] psn\n|faint|p1a: Audino\n|upkeep\n|\n|t:|1649266138\n|switch|p1a: Slowbro|Slowbro, L84, M|160\/297\n|-activate|p1a: Slowbro|move: Sticky Web\n|-unboost|p1a: Slowbro|spe|1\n|turn|15\n|\n|t:|1649266147\n|move|p2a: Diggersby|Knock Off|p1a: Slowbro\n|-supereffective|p1a: Slowbro\n|-damage|p1a: Slowbro|22\/297\n|-enditem|p1a: Slowbro|Leftovers|[from] move: Knock Off|[of] p2a: Diggersby\n|move|p1a: Slowbro|Slack Off|p1a: Slowbro\n|-heal|p1a: Slowbro|171\/297\n|\n|-heal|p1a: Slowbro|297\/297|[from] move: Wish|[wisher] Audino\n|-damage|p2a: Diggersby|55\/267 tox|[from] psn\n|upkeep\n|turn|16\n|\n|t:|1649266158\n|switch|p2a: Hatterene|Hatterene, L86, F|200\/238\n|move|p1a: Slowbro|Slack Off||[still]\n|-fail|p1a: Slowbro|heal\n|\n|-heal|p2a: Hatterene|214\/238|[from] item: Leftovers\n|upkeep\n|turn|17\n|\n|t:|1649266162\n|move|p2a: Hatterene|Calm Mind|p2a: Hatterene\n|-boost|p2a: Hatterene|spa|1\n|-boost|p2a: Hatterene|spd|1\n|move|p1a: Slowbro|Scald|p2a: Hatterene\n|-damage|p2a: Hatterene|163\/238\n|\n|-heal|p2a: Hatterene|177\/238|[from] item: Leftovers\n|upkeep\n|turn|18\n|\n|t:|1649266173\n|move|p2a: Hatterene|Calm Mind|p2a: Hatterene\n|-boost|p2a: Hatterene|spa|1\n|-boost|p2a: Hatterene|spd|1\n|move|p1a: Slowbro|Scald|p2a: Hatterene\n|-damage|p2a: Hatterene|140\/238\n|\n|-heal|p2a: Hatterene|154\/238|[from] item: Leftovers\n|upkeep\n|turn|19\n|\n|t:|1649266176\n|move|p2a: Hatterene|Dazzling Gleam|p1a: Slowbro\n|-damage|p1a: Slowbro|60\/297\n|move|p1a: Slowbro|Scald|p2a: Hatterene\n|-damage|p2a: Hatterene|118\/238\n|-status|p2a: Hatterene|brn\n|\n|-heal|p2a: Hatterene|132\/238 brn|[from] item: Leftovers\n|-damage|p2a: Hatterene|118\/238 brn|[from] brn\n|upkeep\n|turn|20\n|\n|t:|1649266180\n|move|p2a: Hatterene|Dazzling Gleam|p1a: Slowbro\n|-damage|p1a: Slowbro|0 fnt\n|faint|p1a: Slowbro\n|\n|-heal|p2a: Hatterene|132\/238 brn|[from] item: Leftovers\n|-damage|p2a: Hatterene|118\/238 brn|[from] brn\n|upkeep\n|\n|t:|1649266182\n|switch|p1a: Haxorus|Haxorus, L77, F|244\/244\n|-activate|p1a: Haxorus|move: Sticky Web\n|-unboost|p1a: Haxorus|spe|1\n|-ability|p1a: Haxorus|Mold Breaker\n|turn|21\n|\n|t:|1649266194\n|-start|p2a: Hatterene|Dynamax|Gmax\n|-heal|p2a: Hatterene|236\/476 brn|[silent]\n|move|p1a: Haxorus|Dragon Dance|p1a: Haxorus\n|-boost|p1a: Haxorus|atk|1\n|-boost|p1a: Haxorus|spe|1\n|move|p2a: Hatterene|G-Max Smite|p1a: Haxorus\n|-supereffective|p1a: Haxorus\n|-damage|p1a: Haxorus|0 fnt\n|faint|p1a: Haxorus\n|\n|win|A3720\n|l|\u2606kenjoy1\n","inputlog":">version 0162639e2be10fee1f1935f037788d778e37d0f7\n>start {\"formatid\":\"gen8unratedrandombattle\",\"seed\":[49353,49157,2331,37768]}\n>player p1 {\"name\":\"kenjoy1\",\"avatar\":\"skyla\",\"rating\":0,\"seed\":[57238,14225,32961,31213]}\n>player p2 {\"name\":\"A3720\",\"avatar\":\"1\",\"rating\":0,\"seed\":[64900,44689,6018,31287]}\n>p1 move toxic\n>p2 move fakeout\n>p1 move toxic\n>p2 switch 6\n>p1 move knockoff\n>p2 switch 2\n>p1 switch 5\n>p2 move knockoff\n>p1 move stickyweb\n>p2 switch 2\n>p1 move leechlife\n>p2 move psyshock\n>p1 switch 4\n>p1 move rapidspin\n>p2 switch 3\n>p1 move earthquake\n>p2 move fireblast\n>p1 switch 2\n>p1 move protect\n>p2 move fireblast\n>p1 move disable\n>p2 move fireblast\n>p1 switch 3\n>p1 move teleport\n>p2 move shadowball\n>p1 switch 5\n>p1 move knockoff\n>p2 switch 2\n>p1 move toxic\n>p2 move knockoff\n>p1 move wish\n>p2 move earthquake\n>p1 switch 5\n>p1 move slackoff\n>p2 move knockoff\n>p1 move slackoff\n>p2 switch 3\n>p1 move scald\n>p2 move calmmind\n>p1 move scald\n>p2 move calmmind\n>p1 move scald\n>p2 move dazzlinggleam\n>p1 move slackoff\n>p2 move dazzlinggleam\n>p1 switch 6\n>p1 move dragondance\n>p2 move dazzlinggleam dynamax","uploadtime":1649266205,"views":3,"p1id":"kenjoy1","p2id":"a3720","formatid":"gen8unratedrandombattle","rating":0,"private":0,"password":null}