{"id":"gen8nationaldex-1681166697","p1":"Alolans Creed","p2":"misplayin","format":"gen8nationaldex","log":"|j|\u2606Alolans Creed\n|j|\u2606misplayin\n|t:|1665277279\n|gametype|singles\n|player|p1|Alolans Creed|kukui-stand|\n|player|p2|misplayin|pokemonrangerf-gen4|\n|teamsize|p1|6\n|teamsize|p2|6\n|gen|8\n|tier|[Gen 8] National Dex\n|rule|HP Percentage Mod: HP is shown in percentages\n|rule|Endless Battle Clause: Forcing endless battles is banned\n|rule|OHKO Clause: OHKO moves are banned\n|rule|Evasion Moves Clause: Evasion moves are banned\n|rule|Species Clause: Limit one of each Pok\u00e9mon\n|rule|Dynamax Clause: You cannot dynamax\n|rule|Sleep Clause Mod: Limit one foe put to sleep\n|clearpoke\n|poke|p1|Houndoom, M|\n|poke|p1|Urshifu-*, F|\n|poke|p1|Tapu Bulu|\n|poke|p1|Landorus-Therian, M|\n|poke|p1|Kyurem|\n|poke|p1|Slowking-Galar, F|\n|poke|p2|Clefable, F|\n|poke|p2|Hydreigon, F|\n|poke|p2|Toxapex, F|\n|poke|p2|Scizor, F|\n|poke|p2|Serperior, F|\n|poke|p2|Landorus-Therian, M|\n|teampreview\n|inactive|Battle timer is ON: inactive players will automatically lose when time's up. (requested by misplayin)\n|j| doopishere\n|inactive|Alolans Creed has 270 seconds left.\n|inactive|misplayin has 270 seconds left.\n|j| UnstoppableUg\n|j| Mim21\n|j| Firelord Term\n|c|\u2606misplayin|gl friend\n|c|\u2606Alolans Creed|you too\n|c| doopishere|how many games left\n|inactive|misplayin has 240 seconds left.\n|c|\u2606Alolans Creed|this the last one\n|c|\u2606misplayin|last one\n|c| doopishere|damn\n|c| doopishere|good luck to the both of you\n|c|\u2606misplayin|ty ty\n|inactive|misplayin has 210 seconds left.\n|\n|t:|1665277369\n|start\n|switch|p1a: Urshifu|Urshifu-Rapid-Strike, F|100\/100\n|switch|p2a: Clefable|Clefable, F|100\/100\n|turn|1\n|l| Mim21\n|\n|t:|1665277378\n|move|p1a: Urshifu|U-turn|p2a: Clefable\n|-resisted|p2a: Clefable\n|-damage|p2a: Clefable|87\/100\n|\n|t:|1665277379\n|switch|p1a: Slowking|Slowking-Galar, F|100\/100|[from]move: U-turn\n|move|p2a: Clefable|Stealth Rock|p1a: Slowking\n|-sidestart|p1: Alolans Creed|move: Stealth Rock\n|\n|-heal|p2a: Clefable|93\/100|[from] item: Leftovers\n|upkeep\n|turn|2\n|\n|t:|1665277391\n|switch|p2a: Hydreigon|Hydreigon, F|100\/100\n|move|p1a: Slowking|Flamethrower|p2a: Hydreigon\n|-resisted|p2a: Hydreigon\n|-damage|p2a: Hydreigon|87\/100\n|-status|p2a: Hydreigon|brn\n|\n|-damage|p2a: Hydreigon|81\/100 brn|[from] brn\n|upkeep\n|turn|3\n|\n|t:|1665277396\n|switch|p2a: Scizor|Scizor, F|100\/100\n|move|p1a: Slowking|Future Sight|p2a: Scizor\n|-start|p1a: Slowking|move: Future Sight\n|\n|upkeep\n|turn|4\n|\n|t:|1665277404\n|switch|p2a: Hydreigon|Hydreigon, F|81\/100 brn\n|move|p1a: Slowking|Flamethrower|p2a: Hydreigon\n|-resisted|p2a: Hydreigon\n|-damage|p2a: Hydreigon|67\/100 brn\n|\n|-damage|p2a: Hydreigon|61\/100 brn|[from] brn\n|upkeep\n|turn|5\n|\n|t:|1665277407\n|move|p2a: Hydreigon|Roost|p2a: Hydreigon\n|-heal|p2a: Hydreigon|100\/100 brn\n|-singleturn|p2a: Hydreigon|move: Roost\n|move|p1a: Slowking|Sludge Bomb|p2a: Hydreigon\n|-damage|p2a: Hydreigon|60\/100 brn\n|\n|-end|p2a: Hydreigon|move: Future Sight\n|-immune|p2a: Hydreigon\n|-damage|p2a: Hydreigon|54\/100 brn|[from] brn\n|upkeep\n|turn|6\n|\n|t:|1665277431\n|move|p2a: Hydreigon|Roost|p2a: Hydreigon\n|-heal|p2a: Hydreigon|100\/100 brn\n|-singleturn|p2a: Hydreigon|move: Roost\n|move|p1a: Slowking|Future Sight|p2a: Hydreigon\n|-start|p1a: Slowking|move: Future Sight\n|\n|-damage|p2a: Hydreigon|94\/100 brn|[from] brn\n|upkeep\n|turn|7\n|\n|t:|1665277434\n|move|p2a: Hydreigon|Dark Pulse|p1a: Slowking\n|-supereffective|p1a: Slowking\n|-damage|p1a: Slowking|66\/100\n|move|p1a: Slowking|Flamethrower|p2a: Hydreigon\n|-resisted|p2a: Hydreigon\n|-damage|p2a: Hydreigon|82\/100 brn\n|\n|-damage|p2a: Hydreigon|76\/100 brn|[from] brn\n|upkeep\n|turn|8\n|\n|t:|1665277441\n|switch|p1a: Tapu Bulu|Tapu Bulu|100\/100\n|-damage|p1a: Tapu Bulu|88\/100|[from] Stealth Rock\n|-fieldstart|move: Grassy Terrain|[from] ability: Grassy Surge|[of] p1a: Tapu Bulu\n|move|p2a: Hydreigon|Dark Pulse|p1a: Tapu Bulu\n|-resisted|p1a: Tapu Bulu\n|-damage|p1a: Tapu Bulu|75\/100\n|\n|-end|p2a: Hydreigon|move: Future Sight\n|-immune|p2a: Hydreigon\n|-heal|p1a: Tapu Bulu|81\/100|[from] Grassy Terrain\n|-heal|p1a: Tapu Bulu|87\/100|[from] item: Leftovers\n|-damage|p2a: Hydreigon|70\/100 brn|[from] brn\n|upkeep\n|turn|9\n|\n|t:|1665277445\n|switch|p2a: Scizor|Scizor, F|100\/100\n|switch|p1a: Landorus|Landorus-Therian, M|100\/100\n|-damage|p1a: Landorus|88\/100|[from] Stealth Rock\n|-ability|p1a: Landorus|Intimidate|boost\n|-unboost|p2a: Scizor|atk|1\n|\n|upkeep\n|turn|10\n|\n|t:|1665277454\n|switch|p2a: Serperior|Serperior, F|100\/100\n|move|p1a: Landorus|Stealth Rock|p2a: Serperior\n|-sidestart|p2: misplayin|move: Stealth Rock\n|\n|upkeep\n|turn|11\n|\n|t:|1665277458\n|switch|p1a: Slowking|Slowking-Galar, F|99\/100\n|-damage|p1a: Slowking|87\/100|[from] Stealth Rock\n|move|p2a: Serperior|Knock Off|p1a: Slowking\n|-supereffective|p1a: Slowking\n|-damage|p1a: Slowking|54\/100\n|-enditem|p1a: Slowking|Assault Vest|[from] move: Knock Off|[of] p2a: Serperior\n|\n|-heal|p1a: Slowking|60\/100|[from] Grassy Terrain\n|upkeep\n|turn|12\n|\n|t:|1665277462\n|switch|p2a: Hydreigon|Hydreigon, F|70\/100 brn\n|-damage|p2a: Hydreigon|57\/100 brn|[from] Stealth Rock\n|move|p1a: Slowking|Sludge Bomb|p2a: Hydreigon\n|-damage|p2a: Hydreigon|19\/100 brn\n|\n|-heal|p1a: Slowking|66\/100|[from] Grassy Terrain\n|-damage|p2a: Hydreigon|13\/100 brn|[from] brn\n|-fieldend|move: Grassy Terrain\n|upkeep\n|turn|13\n|\n|t:|1665277468\n|switch|p1a: Urshifu|Urshifu-Rapid-Strike, F|100\/100\n|-damage|p1a: Urshifu|94\/100|[from] Stealth Rock\n|move|p2a: Hydreigon|Roost|p2a: Hydreigon\n|-heal|p2a: Hydreigon|63\/100 brn\n|-singleturn|p2a: Hydreigon|move: Roost\n|\n|-damage|p2a: Hydreigon|57\/100 brn|[from] brn\n|upkeep\n|turn|14\n|\n|t:|1665277474\n|switch|p2a: Toxapex|Toxapex, F|100\/100\n|-damage|p2a: Toxapex|88\/100|[from] Stealth Rock\n|move|p1a: Urshifu|U-turn|p2a: Toxapex\n|-resisted|p2a: Toxapex\n|-damage|p2a: Toxapex|73\/100\n|\n|t:|1665277477\n|switch|p1a: Landorus|Landorus-Therian, M|88\/100|[from]move: U-turn\n|-damage|p1a: Landorus|76\/100|[from] Stealth Rock\n|-ability|p1a: Landorus|Intimidate|boost\n|-unboost|p2a: Toxapex|atk|1\n|\n|-heal|p2a: Toxapex|79\/100|[from] item: Black Sludge\n|upkeep\n|turn|15\n|\n|t:|1665277481\n|switch|p2a: Landorus|Landorus-Therian, M|100\/100\n|-damage|p2a: Landorus|88\/100|[from] Stealth Rock\n|-ability|p2a: Landorus|Intimidate|boost\n|-unboost|p1a: Landorus|atk|1\n|move|p1a: Landorus|U-turn|p2a: Landorus\n|-resisted|p2a: Landorus\n|-damage|p2a: Landorus|80\/100\n|\n|t:|1665277484\n|switch|p1a: Urshifu|Urshifu-Rapid-Strike, F|94\/100|[from]move: U-turn\n|-damage|p1a: Urshifu|88\/100|[from] Stealth Rock\n|\n|upkeep\n|turn|16\n|j| Mai Senjougahara\n|\n|t:|1665277487\n|switch|p2a: Toxapex|Toxapex, F|100\/100\n|-damage|p2a: Toxapex|88\/100|[from] Stealth Rock\n|move|p1a: Urshifu|U-turn|p2a: Toxapex\n|-resisted|p2a: Toxapex\n|-damage|p2a: Toxapex|73\/100\n|\n|t:|1665277489\n|switch|p1a: Kyurem|Kyurem|100\/100|[from]move: U-turn\n|-damage|p1a: Kyurem|76\/100|[from] Stealth Rock\n|-ability|p1a: Kyurem|Pressure\n|\n|-heal|p2a: Toxapex|79\/100|[from] item: Black Sludge\n|upkeep\n|turn|17\n|\n|t:|1665277493\n|switch|p1a: Houndoom|Houndoom, M|100\/100\n|-damage|p1a: Houndoom|76\/100|[from] Stealth Rock\n|switch|p2a: Scizor|Scizor, F|100\/100\n|-damage|p2a: Scizor|88\/100|[from] Stealth Rock\n|\n|upkeep\n|turn|18\n|l| UnstoppableUg\n|\n|t:|1665277501\n|switch|p2a: Clefable|Clefable, F|93\/100\n|detailschange|p1a: Houndoom|Houndoom-Mega, M\n|-mega|p1a: Houndoom|Houndoom|Houndoominite\n|move|p1a: Houndoom|Nasty Plot|p1a: Houndoom\n|-boost|p1a: Houndoom|spa|2\n|\n|-heal|p2a: Clefable|99\/100|[from] item: Leftovers\n|upkeep\n|turn|19\n|\n|t:|1665277517\n|move|p1a: Houndoom|Sludge Bomb|p2a: Clefable\n|-supereffective|p2a: Clefable\n|-damage|p2a: Clefable|0 fnt\n|faint|p2a: Clefable\n|\n|upkeep\n|\n|t:|1665277519\n|switch|p2a: Landorus|Landorus-Therian, M|80\/100\n|-damage|p2a: Landorus|67\/100|[from] Stealth Rock\n|-ability|p2a: Landorus|Intimidate|boost\n|-unboost|p1a: Houndoom|atk|1\n|turn|20\n|\n|t:|1665277525\n|switch|p1a: Landorus|Landorus-Therian, M|76\/100\n|-damage|p1a: Landorus|64\/100|[from] Stealth Rock\n|-ability|p1a: Landorus|Intimidate|boost\n|-unboost|p2a: Landorus|atk|1\n|move|p2a: Landorus|Earthquake|p1a: Landorus\n|-immune|p1a: Landorus\n|\n|upkeep\n|turn|21\n|\n|t:|1665277532\n|switch|p2a: Serperior|Serperior, F|100\/100\n|move|p1a: Landorus|U-turn|p2a: Serperior\n|-supereffective|p2a: Serperior\n|-damage|p2a: Serperior|50\/100\n|j| UnstoppableUg\n|\n|t:|1665277548\n|switch|p1a: Slowking|Slowking-Galar, F|99\/100|[from]move: U-turn\n|-damage|p1a: Slowking|87\/100|[from] Stealth Rock\n|\n|upkeep\n|turn|22\n|\n|t:|1665277555\n|switch|p2a: Toxapex|Toxapex, F|100\/100\n|-damage|p2a: Toxapex|88\/100|[from] Stealth Rock\n|move|p1a: Slowking|Flamethrower|p2a: Toxapex\n|-resisted|p2a: Toxapex\n|-damage|p2a: Toxapex|80\/100\n|\n|-heal|p2a: Toxapex|86\/100|[from] item: Black Sludge\n|upkeep\n|turn|23\n|\n|t:|1665277559\n|switch|p2a: Hydreigon|Hydreigon, F|57\/100 brn\n|-damage|p2a: Hydreigon|45\/100 brn|[from] Stealth Rock\n|move|p1a: Slowking|Future Sight|p2a: Hydreigon\n|-start|p1a: Slowking|move: Future Sight\n|\n|-damage|p2a: Hydreigon|39\/100 brn|[from] brn\n|upkeep\n|turn|24\n|\n|t:|1665277563\n|switch|p1a: Urshifu|Urshifu-Rapid-Strike, F|88\/100\n|-damage|p1a: Urshifu|82\/100|[from] Stealth Rock\n|move|p2a: Hydreigon|Roost|p2a: Hydreigon\n|-heal|p2a: Hydreigon|89\/100 brn\n|-singleturn|p2a: Hydreigon|move: Roost\n|\n|-damage|p2a: Hydreigon|83\/100 brn|[from] brn\n|upkeep\n|turn|25\n|\n|t:|1665277566\n|move|p1a: Urshifu|Close Combat|p2a: Hydreigon\n|-supereffective|p2a: Hydreigon\n|-damage|p2a: Hydreigon|0 fnt\n|-unboost|p1a: Urshifu|def|1\n|-unboost|p1a: Urshifu|spd|1\n|faint|p2a: Hydreigon\n|\n|-hint|Future Sight did not hit because the target is fainted.\n|upkeep\n|\n|t:|1665277574\n|switch|p2a: Toxapex|Toxapex, F|100\/100\n|-damage|p2a: Toxapex|88\/100|[from] Stealth Rock\n|turn|26\n|\n|t:|1665277578\n|switch|p1a: Slowking|Slowking-Galar, F|100\/100\n|-damage|p1a: Slowking|88\/100|[from] Stealth Rock\n|move|p2a: Toxapex|Toxic|p1a: Slowking\n|-immune|p1a: Slowking\n|\n|-heal|p2a: Toxapex|94\/100|[from] item: Black Sludge\n|upkeep\n|turn|27\n|\n|t:|1665277582\n|move|p2a: Toxapex|Scald|p1a: Slowking\n|-damage|p1a: Slowking|77\/100\n|move|p1a: Slowking|Future Sight|p2a: Toxapex\n|-start|p1a: Slowking|move: Future Sight\n|\n|-heal|p2a: Toxapex|100\/100|[from] item: Black Sludge\n|upkeep\n|turn|28\n|\n|t:|1665277590\n|switch|p1a: Kyurem|Kyurem|76\/100\n|-damage|p1a: Kyurem|51\/100|[from] Stealth Rock\n|-ability|p1a: Kyurem|Pressure\n|move|p2a: Toxapex|Scald|p1a: Kyurem\n|-resisted|p1a: Kyurem\n|-damage|p1a: Kyurem|43\/100\n|\n|upkeep\n|turn|29\n|\n|t:|1665277599\n|switch|p2a: Scizor|Scizor, F|88\/100\n|-damage|p2a: Scizor|76\/100|[from] Stealth Rock\n|move|p1a: Kyurem|Earth Power|p2a: Scizor\n|-damage|p2a: Scizor|10\/100\n|\n|-end|p2a: Scizor|move: Future Sight\n|-resisted|p2a: Scizor\n|-damage|p2a: Scizor|0 fnt\n|faint|p2a: Scizor\n|upkeep\n|\n|t:|1665277604\n|switch|p2a: Landorus|Landorus-Therian, M|67\/100\n|-damage|p2a: Landorus|55\/100|[from] Stealth Rock\n|-ability|p2a: Landorus|Intimidate|boost\n|-unboost|p1a: Kyurem|atk|1\n|turn|30\n|\n|t:|1665277607\n|switch|p1a: Landorus|Landorus-Therian, M|64\/100\n|-damage|p1a: Landorus|51\/100|[from] Stealth Rock\n|-ability|p1a: Landorus|Intimidate|boost\n|-unboost|p2a: Landorus|atk|1\n|move|p2a: Landorus|Stone Edge|p1a: Landorus\n|-damage|p1a: Landorus|32\/100\n|\n|upkeep\n|turn|31\n|\n|t:|1665277612\n|move|p2a: Landorus|Stone Edge|p1a: Landorus\n|-damage|p1a: Landorus|13\/100\n|move|p1a: Landorus|U-turn|p2a: Landorus\n|-resisted|p2a: Landorus\n|-damage|p2a: Landorus|43\/100\n|\n|t:|1665277614\n|switch|p1a: Urshifu|Urshifu-Rapid-Strike, F|82\/100|[from]move: U-turn\n|-damage|p1a: Urshifu|76\/100|[from] Stealth Rock\n|\n|upkeep\n|turn|32\n|\n|t:|1665277616\n|move|p2a: Landorus|Stone Edge|p1a: Urshifu\n|-resisted|p1a: Urshifu\n|-damage|p1a: Urshifu|63\/100\n|move|p1a: Urshifu|U-turn|p2a: Landorus\n|-resisted|p2a: Landorus\n|-damage|p2a: Landorus|24\/100\n|\n|t:|1665277620\n|switch|p1a: Tapu Bulu|Tapu Bulu|87\/100|[from]move: U-turn\n|-damage|p1a: Tapu Bulu|75\/100|[from] Stealth Rock\n|-fieldstart|move: Grassy Terrain|[from] ability: Grassy Surge|[of] p1a: Tapu Bulu\n|\n|-heal|p1a: Tapu Bulu|81\/100|[from] Grassy Terrain\n|-heal|p1a: Tapu Bulu|87\/100|[from] item: Leftovers\n|upkeep\n|turn|33\n|\n|t:|1665277623\n|switch|p2a: Toxapex|Toxapex, F|100\/100\n|-damage|p2a: Toxapex|88\/100|[from] Stealth Rock\n|move|p1a: Tapu Bulu|Swords Dance|p1a: Tapu Bulu\n|-boost|p1a: Tapu Bulu|atk|2\n|\n|-heal|p1a: Tapu Bulu|93\/100|[from] Grassy Terrain\n|-heal|p1a: Tapu Bulu|99\/100|[from] item: Leftovers\n|-heal|p2a: Toxapex|94\/100|[from] Grassy Terrain\n|-heal|p2a: Toxapex|100\/100|[from] item: Black Sludge\n|upkeep\n|turn|34\n|\n|t:|1665277625\n|move|p1a: Tapu Bulu|Horn Leech|p2a: Toxapex\n|-damage|p2a: Toxapex|33\/100\n|-heal|p1a: Tapu Bulu|100\/100|[from] drain|[of] p2a: Toxapex\n|move|p2a: Toxapex|Haze|p2a: Toxapex\n|-clearallboost\n|\n|-heal|p2a: Toxapex|40\/100|[from] Grassy Terrain\n|-heal|p2a: Toxapex|46\/100|[from] item: Black Sludge\n|upkeep\n|turn|35\n|\n|t:|1665277629\n|move|p1a: Tapu Bulu|Swords Dance|p1a: Tapu Bulu\n|-boost|p1a: Tapu Bulu|atk|2\n|move|p2a: Toxapex|Recover|p2a: Toxapex\n|-heal|p2a: Toxapex|96\/100\n|\n|-heal|p2a: Toxapex|100\/100|[from] Grassy Terrain\n|upkeep\n|turn|36\n|\n|t:|1665277631\n|move|p1a: Tapu Bulu|Horn Leech|p2a: Toxapex\n|-damage|p2a: Toxapex|37\/100\n|move|p2a: Toxapex|Haze|p2a: Toxapex\n|-clearallboost\n|\n|-heal|p2a: Toxapex|44\/100|[from] Grassy Terrain\n|-heal|p2a: Toxapex|50\/100|[from] item: Black Sludge\n|-fieldend|move: Grassy Terrain\n|upkeep\n|turn|37\n|j| Amir\n|\n|t:|1665277633\n|move|p1a: Tapu Bulu|Swords Dance|p1a: Tapu Bulu\n|-boost|p1a: Tapu Bulu|atk|2\n|move|p2a: Toxapex|Recover|p2a: Toxapex\n|-heal|p2a: Toxapex|99\/100\n|\n|-heal|p2a: Toxapex|100\/100|[from] item: Black Sludge\n|upkeep\n|turn|38\n|\n|t:|1665277635\n|move|p1a: Tapu Bulu|Horn Leech|p2a: Toxapex\n|-damage|p2a: Toxapex|54\/100\n|move|p2a: Toxapex|Haze|p2a: Toxapex\n|-clearallboost\n|\n|-heal|p2a: Toxapex|60\/100|[from] item: Black Sludge\n|upkeep\n|turn|39\n|\n|t:|1665277642\n|switch|p1a: Kyurem|Kyurem|43\/100\n|-damage|p1a: Kyurem|18\/100|[from] Stealth Rock\n|-ability|p1a: Kyurem|Pressure\n|move|p2a: Toxapex|Scald|p1a: Kyurem\n|-resisted|p1a: Kyurem\n|-damage|p1a: Kyurem|11\/100\n|\n|-heal|p2a: Toxapex|66\/100|[from] item: Black Sludge\n|upkeep\n|turn|40\n|\n|t:|1665277646\n|switch|p2a: Serperior|Serperior, F|50\/100\n|move|p1a: Kyurem|Freeze-Dry|p2a: Serperior\n|-supereffective|p2a: Serperior\n|-damage|p2a: Serperior|0 fnt\n|faint|p2a: Serperior\n|\n|upkeep\n|\n|t:|1665277648\n|switch|p2a: Landorus|Landorus-Therian, M|24\/100\n|-damage|p2a: Landorus|12\/100|[from] Stealth Rock\n|-ability|p2a: Landorus|Intimidate|boost\n|-unboost|p1a: Kyurem|atk|1\n|turn|41\n|\n|t:|1665277654\n|move|p2a: Landorus|U-turn|p1a: Kyurem\n|-damage|p1a: Kyurem|0 fnt\n|faint|p1a: Kyurem\n|l| Amir\n|\n|t:|1665277656\n|switch|p2a: Toxapex|Toxapex, F|99\/100|[from]move: U-turn\n|-damage|p2a: Toxapex|87\/100|[from] Stealth Rock\n|\n|-heal|p2a: Toxapex|93\/100|[from] item: Black Sludge\n|upkeep\n|\n|t:|1665277659\n|switch|p1a: Slowking|Slowking-Galar, F|100\/100\n|-damage|p1a: Slowking|88\/100|[from] Stealth Rock\n|turn|42\n|\n|t:|1665277662\n|move|p2a: Toxapex|Scald|p1a: Slowking\n|-damage|p1a: Slowking|78\/100\n|-status|p1a: Slowking|brn\n|move|p1a: Slowking|Future Sight|p2a: Toxapex\n|-start|p1a: Slowking|move: Future Sight\n|\n|-heal|p2a: Toxapex|99\/100|[from] item: Black Sludge\n|-damage|p1a: Slowking|72\/100 brn|[from] brn\n|upkeep\n|turn|43\n|\n|t:|1665277667\n|switch|p1a: Landorus|Landorus-Therian, M|13\/100\n|-damage|p1a: Landorus|0 fnt|[from] Stealth Rock\n|faint|p1a: Landorus\n|move|p2a: Toxapex|Scald|p1: Landorus|[notarget]\n|-fail|p2a: Toxapex\n|\n|-heal|p2a: Toxapex|100\/100|[from] item: Black Sludge\n|upkeep\n|\n|t:|1665277670\n|switch|p1a: Tapu Bulu|Tapu Bulu|100\/100\n|-damage|p1a: Tapu Bulu|88\/100|[from] Stealth Rock\n|-fieldstart|move: Grassy Terrain|[from] ability: Grassy Surge|[of] p1a: Tapu Bulu\n|turn|44\n|\n|t:|1665277674\n|switch|p2a: Landorus|Landorus-Therian, M|12\/100\n|-damage|p2a: Landorus|0 fnt|[from] Stealth Rock\n|faint|p2a: Landorus\n|move|p1a: Tapu Bulu|Horn Leech|p2: Landorus|[notarget]\n|-fail|p1a: Tapu Bulu\n|\n|-hint|Future Sight did not hit because the target is fainted.\n|-heal|p1a: Tapu Bulu|94\/100|[from] Grassy Terrain\n|-heal|p1a: Tapu Bulu|100\/100|[from] item: Leftovers\n|upkeep\n|\n|t:|1665277675\n|switch|p2a: Toxapex|Toxapex, F|100\/100\n|-damage|p2a: Toxapex|88\/100|[from] Stealth Rock\n|turn|45\n|\n|t:|1665277679\n|switch|p1a: Slowking|Slowking-Galar, F|100\/100 brn\n|-damage|p1a: Slowking|88\/100 brn|[from] Stealth Rock\n|move|p2a: Toxapex|Scald|p1a: Slowking\n|-damage|p1a: Slowking|77\/100 brn\n|\n|-heal|p2a: Toxapex|94\/100|[from] Grassy Terrain\n|-heal|p2a: Toxapex|100\/100|[from] item: Black Sludge\n|-heal|p1a: Slowking|83\/100 brn|[from] Grassy Terrain\n|-damage|p1a: Slowking|77\/100 brn|[from] brn\n|upkeep\n|turn|46\n|\n|t:|1665277683\n|move|p2a: Toxapex|Scald|p1a: Slowking\n|-crit|p1a: Slowking\n|-damage|p1a: Slowking|61\/100 brn\n|move|p1a: Slowking|Future Sight|p2a: Toxapex\n|-start|p1a: Slowking|move: Future Sight\n|\n|-heal|p1a: Slowking|67\/100 brn|[from] Grassy Terrain\n|-damage|p1a: Slowking|61\/100 brn|[from] brn\n|upkeep\n|turn|47\n|c| doopishere|and he swears he's nice\n|\n|t:|1665277685\n|move|p2a: Toxapex|Scald|p1a: Slowking\n|-damage|p1a: Slowking|51\/100 brn\n|move|p1a: Slowking|Scald|p2a: Toxapex\n|-resisted|p2a: Toxapex\n|-damage|p2a: Toxapex|94\/100\n|\n|-heal|p2a: Toxapex|99\/100|[from] Grassy Terrain\n|-heal|p2a: Toxapex|100\/100|[from] item: Black Sludge\n|-heal|p1a: Slowking|57\/100 brn|[from] Grassy Terrain\n|-damage|p1a: Slowking|51\/100 brn|[from] brn\n|upkeep\n|turn|48\n|\n|t:|1665277694\n|move|p2a: Toxapex|Toxic||[still]\n|-fail|p2a: Toxapex\n|move|p1a: Slowking|Future Sight||[still]\n|-fail|p1a: Slowking\n|\n|-end|p2a: Toxapex|move: Future Sight\n|-supereffective|p2a: Toxapex\n|-damage|p2a: Toxapex|37\/100\n|-heal|p2a: Toxapex|44\/100|[from] Grassy Terrain\n|-heal|p2a: Toxapex|50\/100|[from] item: Black Sludge\n|-heal|p1a: Slowking|57\/100 brn|[from] Grassy Terrain\n|-damage|p1a: Slowking|51\/100 brn|[from] brn\n|-fieldend|move: Grassy Terrain\n|upkeep\n|turn|49\n|\n|t:|1665277697\n|move|p2a: Toxapex|Recover|p2a: Toxapex\n|-heal|p2a: Toxapex|99\/100\n|move|p1a: Slowking|Future Sight|p2a: Toxapex\n|-start|p1a: Slowking|move: Future Sight\n|\n|-heal|p2a: Toxapex|100\/100|[from] item: Black Sludge\n|-damage|p1a: Slowking|45\/100 brn|[from] brn\n|upkeep\n|turn|50\n|\n|t:|1665277701\n|move|p2a: Toxapex|Scald|p1a: Slowking\n|-damage|p1a: Slowking|35\/100 brn\n|move|p1a: Slowking|Scald|p2a: Toxapex\n|-resisted|p2a: Toxapex\n|-damage|p2a: Toxapex|93\/100\n|\n|-heal|p2a: Toxapex|99\/100|[from] item: Black Sludge\n|-damage|p1a: Slowking|29\/100 brn|[from] brn\n|upkeep\n|turn|51\n|\n|t:|1665277708\n|switch|p1a: Houndoom|Houndoom-Mega, M|76\/100\n|-damage|p1a: Houndoom|51\/100|[from] Stealth Rock\n|move|p2a: Toxapex|Scald|p1a: Houndoom\n|-supereffective|p1a: Houndoom\n|-damage|p1a: Houndoom|12\/100\n|\n|-end|p2a: Toxapex|move: Future Sight\n|-supereffective|p2a: Toxapex\n|-damage|p2a: Toxapex|42\/100\n|-heal|p2a: Toxapex|48\/100|[from] item: Black Sludge\n|upkeep\n|turn|52\n|\n|t:|1665277713\n|move|p1a: Houndoom|Nasty Plot|p1a: Houndoom\n|-boost|p1a: Houndoom|spa|2\n|move|p2a: Toxapex|Recover|p2a: Toxapex\n|-heal|p2a: Toxapex|98\/100\n|\n|-heal|p2a: Toxapex|100\/100|[from] item: Black Sludge\n|upkeep\n|turn|53\n|\n|t:|1665277715\n|move|p1a: Houndoom|Dark Pulse|p2a: Toxapex\n|-damage|p2a: Toxapex|43\/100\n|move|p2a: Toxapex|Scald|p1a: Houndoom\n|-supereffective|p1a: Houndoom\n|-damage|p1a: Houndoom|0 fnt\n|faint|p1a: Houndoom\n|\n|-heal|p2a: Toxapex|49\/100|[from] item: Black Sludge\n|upkeep\n|\n|t:|1665277717\n|switch|p1a: Tapu Bulu|Tapu Bulu|100\/100\n|-damage|p1a: Tapu Bulu|88\/100|[from] Stealth Rock\n|-fieldstart|move: Grassy Terrain|[from] ability: Grassy Surge|[of] p1a: Tapu Bulu\n|turn|54\n|\n|t:|1665277720\n|move|p1a: Tapu Bulu|Swords Dance|p1a: Tapu Bulu\n|-boost|p1a: Tapu Bulu|atk|2\n|move|p2a: Toxapex|Recover|p2a: Toxapex\n|-heal|p2a: Toxapex|99\/100\n|\n|-heal|p1a: Tapu Bulu|94\/100|[from] Grassy Terrain\n|-heal|p1a: Tapu Bulu|100\/100|[from] item: Leftovers\n|-heal|p2a: Toxapex|100\/100|[from] Grassy Terrain\n|upkeep\n|turn|55\n|\n|t:|1665277722\n|move|p1a: Tapu Bulu|Horn Leech|p2a: Toxapex\n|-damage|p2a: Toxapex|35\/100\n|move|p2a: Toxapex|Haze|p2a: Toxapex\n|-clearallboost\n|\n|-heal|p2a: Toxapex|41\/100|[from] Grassy Terrain\n|-heal|p2a: Toxapex|48\/100|[from] item: Black Sludge\n|upkeep\n|turn|56\n|\n|t:|1665277724\n|move|p1a: Tapu Bulu|Horn Leech|p2a: Toxapex\n|-damage|p2a: Toxapex|15\/100\n|move|p2a: Toxapex|Recover|p2a: Toxapex\n|-heal|p2a: Toxapex|65\/100\n|\n|-heal|p2a: Toxapex|71\/100|[from] Grassy Terrain\n|-heal|p2a: Toxapex|77\/100|[from] item: Black Sludge\n|upkeep\n|turn|57\n|\n|t:|1665277728\n|move|p1a: Tapu Bulu|Horn Leech|p2a: Toxapex\n|-damage|p2a: Toxapex|43\/100\n|move|p2a: Toxapex|Scald|p1a: Tapu Bulu\n|-resisted|p1a: Tapu Bulu\n|-damage|p1a: Tapu Bulu|94\/100\n|-status|p1a: Tapu Bulu|brn\n|\n|-heal|p1a: Tapu Bulu|100\/100 brn|[from] Grassy Terrain\n|-heal|p2a: Toxapex|49\/100|[from] Grassy Terrain\n|-heal|p2a: Toxapex|55\/100|[from] item: Black Sludge\n|-damage|p1a: Tapu Bulu|94\/100 brn|[from] brn\n|upkeep\n|turn|58\n|\n|t:|1665277739\n|move|p1a: Tapu Bulu|Horn Leech|p2a: Toxapex\n|-damage|p2a: Toxapex|40\/100\n|-heal|p1a: Tapu Bulu|100\/100 brn|[from] drain|[of] p2a: Toxapex\n|move|p2a: Toxapex|Recover|p2a: Toxapex\n|-heal|p2a: Toxapex|90\/100\n|\n|-heal|p2a: Toxapex|96\/100|[from] Grassy Terrain\n|-heal|p2a: Toxapex|100\/100|[from] item: Black Sludge\n|-damage|p1a: Tapu Bulu|94\/100 brn|[from] brn\n|-fieldend|move: Grassy Terrain\n|upkeep\n|turn|59\n|\n|t:|1665277746\n|move|p1a: Tapu Bulu|Swords Dance|p1a: Tapu Bulu\n|-boost|p1a: Tapu Bulu|atk|2\n|move|p2a: Toxapex|Haze|p2a: Toxapex\n|-clearallboost\n|\n|-heal|p1a: Tapu Bulu|100\/100 brn|[from] item: Leftovers\n|-damage|p1a: Tapu Bulu|94\/100 brn|[from] brn\n|upkeep\n|turn|60\n|\n|t:|1665277748\n|move|p1a: Tapu Bulu|Swords Dance|p1a: Tapu Bulu\n|-boost|p1a: Tapu Bulu|atk|2\n|move|p2a: Toxapex|Haze|p2a: Toxapex\n|-clearallboost\n|\n|-heal|p1a: Tapu Bulu|100\/100 brn|[from] item: Leftovers\n|-damage|p1a: Tapu Bulu|94\/100 brn|[from] brn\n|upkeep\n|turn|61\n|j| Mim21\n|c|\u2606misplayin|damn i choked\n|c|\u2606misplayin|gg\n|c|\u2606Alolans Creed|gg\n|-message|misplayin forfeited.\n|\n|win|Alolans Creed\n|l|\u2606misplayin\n","uploadtime":1665277770,"views":8,"p1id":"alolanscreed","p2id":"misplayin","formatid":"gen8nationaldex","rating":0,"private":0,"password":null}