{"id":"gen8ou-1685405559","p1":"minimax_ai","p2":"Jamario Mariomario","format":"gen8ou","log":"|html|<div class=\"broadcast-blue\"><strong>[Gen 8] OU is currently suspecting Melmetal! For information on how to participate check out the <a href=\"https:\/\/www.smogon.com\/forums\/threads\/np-ss-ou-suspect-process-round-12-monster-mash.3709234\/\">suspect thread<\/a>.<\/strong><\/div>\n|j|\u2606minimax_ai\n|j|\u2606Jamario Mariomario\n|t:|1665733831\n|gametype|singles\n|player|p1|minimax_ai|101|1447\n|player|p2|Jamario Mariomario|bugcatcher|1454\n|teamsize|p1|6\n|teamsize|p2|6\n|gen|8\n|tier|[Gen 8] OU\n|rated|\n|rule|Sleep Clause Mod: Limit one foe put to sleep\n|rule|Species Clause: Limit one of each Pok\u00e9mon\n|rule|OHKO Clause: OHKO moves are banned\n|rule|Evasion Items Clause: Evasion items are banned\n|rule|Evasion Moves Clause: Evasion moves are banned\n|rule|Endless Battle Clause: Forcing endless battles is banned\n|rule|HP Percentage Mod: HP is shown in percentages\n|rule|Dynamax Clause: You cannot dynamax\n|clearpoke\n|poke|p1|Rotom-Wash|\n|poke|p1|Weavile, M|\n|poke|p1|Landorus-Therian, M|\n|poke|p1|Heatran, M|\n|poke|p1|Tangrowth, F|\n|poke|p1|Melmetal|\n|poke|p2|Volcanion|\n|poke|p2|Corviknight, F|\n|poke|p2|Mamoswine, F|\n|poke|p2|Blissey, F|\n|poke|p2|Rillaboom, M|\n|poke|p2|Hydreigon, M|\n|teampreview\n|inactive|Battle timer is ON: inactive players will automatically lose when time's up. (requested by Jamario Mariomario)\n|c|\u2606minimax_ai|hf\n|inactive|minimax_ai also wants the timer to be on.\n|\n|t:|1665733840\n|start\n|switch|p1a: Melmetal|Melmetal|100\/100\n|switch|p2a: Hydreigon|Hydreigon, M|100\/100\n|turn|1\n|\n|t:|1665733843\n|switch|p2a: Volcanion|Volcanion|100\/100\n|move|p1a: Melmetal|Double Iron Bash|p2a: Volcanion\n|-resisted|p2a: Volcanion\n|-crit|p2a: Volcanion\n|-damage|p2a: Volcanion|89\/100\n|-resisted|p2a: Volcanion\n|-damage|p2a: Volcanion|81\/100\n|-hitcount|p2a: Volcanion|2\n|\n|upkeep\n|turn|2\n|\n|t:|1665733849\n|move|p2a: Volcanion|Steam Eruption|p1a: Melmetal\n|-damage|p1a: Melmetal|51\/100\n|-status|p1a: Melmetal|brn\n|move|p1a: Melmetal|Thunder Punch|p2a: Volcanion\n|-supereffective|p2a: Volcanion\n|-damage|p2a: Volcanion|54\/100\n|\n|-damage|p1a: Melmetal|45\/100 brn|[from] brn\n|upkeep\n|turn|3\n|\n|t:|1665733856\n|move|p2a: Volcanion|Steam Eruption|p1a: Melmetal\n|-damage|p1a: Melmetal|0 fnt\n|faint|p1a: Melmetal\n|\n|upkeep\n|\n|t:|1665733856\n|switch|p1a: Weavile|Weavile, M|100\/100\n|-ability|p1a: Weavile|Pressure\n|turn|4\n|\n|t:|1665733858\n|move|p1a: Weavile|Knock Off|p2a: Volcanion\n|-damage|p2a: Volcanion|0 fnt\n|-enditem|p2a: Volcanion|Choice Specs|[from] move: Knock Off|[of] p1a: Weavile\n|faint|p2a: Volcanion\n|\n|upkeep\n|\n|t:|1665733865\n|switch|p2a: Hydreigon|Hydreigon, M|100\/100\n|turn|5\n|\n|t:|1665733870\n|move|p1a: Weavile|Knock Off|p2a: Hydreigon\n|-resisted|p2a: Hydreigon\n|-damage|p2a: Hydreigon|58\/100\n|-enditem|p2a: Hydreigon|Life Orb|[from] move: Knock Off|[of] p1a: Weavile\n|move|p2a: Hydreigon|Nasty Plot|p2a: Hydreigon\n|-boost|p2a: Hydreigon|spa|2\n|\n|upkeep\n|turn|6\n|\n|t:|1665733873\n|move|p1a: Weavile|Knock Off|p2a: Hydreigon\n|-resisted|p2a: Hydreigon\n|-damage|p2a: Hydreigon|31\/100\n|move|p2a: Hydreigon|Roost|p2a: Hydreigon\n|-heal|p2a: Hydreigon|81\/100\n|-singleturn|p2a: Hydreigon|move: Roost\n|\n|upkeep\n|turn|7\n|\n|t:|1665733875\n|move|p1a: Weavile|Knock Off|p2a: Hydreigon\n|-resisted|p2a: Hydreigon\n|-crit|p2a: Hydreigon\n|-damage|p2a: Hydreigon|38\/100\n|move|p2a: Hydreigon|Draco Meteor|p1a: Weavile\n|-damage|p1a: Weavile|0 fnt\n|-unboost|p2a: Hydreigon|spa|2\n|faint|p1a: Weavile\n|\n|upkeep\n|\n|t:|1665733875\n|switch|p1a: Tangrowth|Tangrowth, F|100\/100\n|turn|8\n|\n|t:|1665733878\n|move|p2a: Hydreigon|Roost|p2a: Hydreigon\n|-heal|p2a: Hydreigon|88\/100\n|-singleturn|p2a: Hydreigon|move: Roost\n|move|p1a: Tangrowth|Focus Blast|p2a: Hydreigon\n|-supereffective|p2a: Hydreigon\n|-damage|p2a: Hydreigon|23\/100\n|-unboost|p2a: Hydreigon|spd|1\n|\n|upkeep\n|turn|9\n|\n|t:|1665733881\n|switch|p2a: Blissey|Blissey, F|100\/100\n|move|p1a: Tangrowth|Focus Blast|p2a: Blissey\n|-supereffective|p2a: Blissey\n|-damage|p2a: Blissey|80\/100\n|-unboost|p2a: Blissey|spd|1\n|\n|upkeep\n|turn|10\n|\n|t:|1665733883\n|move|p2a: Blissey|Toxic|p1a: Tangrowth|[miss]\n|-miss|p2a: Blissey|p1a: Tangrowth\n|move|p1a: Tangrowth|Knock Off|p2a: Blissey\n|-damage|p2a: Blissey|62\/100\n|-enditem|p2a: Blissey|Heavy-Duty Boots|[from] move: Knock Off|[of] p1a: Tangrowth\n|\n|upkeep\n|turn|11\n|\n|t:|1665733886\n|move|p2a: Blissey|Toxic|p1a: Tangrowth\n|-status|p1a: Tangrowth|tox\n|move|p1a: Tangrowth|Focus Blast|p2a: Blissey|[miss]\n|-miss|p1a: Tangrowth|p2a: Blissey\n|\n|-damage|p1a: Tangrowth|94\/100 tox|[from] psn\n|upkeep\n|turn|12\n|\n|t:|1665733887\n|switch|p1a: Heatran|Heatran, M|100\/100\n|-item|p1a: Heatran|Air Balloon\n|move|p2a: Blissey|Soft-Boiled|p2a: Blissey\n|-heal|p2a: Blissey|100\/100\n|\n|upkeep\n|turn|13\n|\n|t:|1665733890\n|move|p1a: Heatran|Eruption|p2a: Blissey\n|-damage|p2a: Blissey|60\/100\n|move|p2a: Blissey|Seismic Toss|p1a: Heatran\n|-damage|p1a: Heatran|70\/100\n|-enditem|p1a: Heatran|Air Balloon\n|\n|upkeep\n|turn|14\n|\n|t:|1665733895\n|move|p1a: Heatran|Stealth Rock|p2a: Blissey\n|-sidestart|p2: Jamario Mariomario|move: Stealth Rock\n|move|p2a: Blissey|Soft-Boiled|p2a: Blissey\n|-heal|p2a: Blissey|100\/100\n|\n|upkeep\n|turn|15\n|\n|t:|1665733897\n|move|p1a: Heatran|Eruption|p2a: Blissey\n|-damage|p2a: Blissey|72\/100\n|move|p2a: Blissey|Teleport|p2a: Blissey\n|\n|t:|1665733905\n|switch|p2a: Rillaboom|Rillaboom, M|100\/100|[from]move: Teleport\n|-damage|p2a: Rillaboom|88\/100|[from] Stealth Rock\n|-fieldstart|move: Grassy Terrain|[from] ability: Grassy Surge|[of] p2a: Rillaboom\n|\n|-heal|p1a: Heatran|76\/100|[from] Grassy Terrain\n|-heal|p2a: Rillaboom|94\/100|[from] Grassy Terrain\n|upkeep\n|turn|16\n|\n|t:|1665733907\n|switch|p1a: Tangrowth|Tangrowth, F|100\/100 tox\n|move|p2a: Rillaboom|High Horsepower|p1a: Tangrowth\n|-resisted|p1a: Tangrowth\n|-damage|p1a: Tangrowth|87\/100 tox\n|-damage|p2a: Rillaboom|78\/100|[from] item: Rocky Helmet|[of] p1a: Tangrowth\n|\n|-heal|p2a: Rillaboom|84\/100|[from] Grassy Terrain\n|-heal|p1a: Tangrowth|94\/100 tox|[from] Grassy Terrain\n|-damage|p1a: Tangrowth|87\/100 tox|[from] psn\n|upkeep\n|turn|17\n|\n|t:|1665733909\n|switch|p2a: Blissey|Blissey, F|72\/100\n|-damage|p2a: Blissey|59\/100|[from] Stealth Rock\n|move|p1a: Tangrowth|Sleep Powder|p2a: Blissey\n|-status|p2a: Blissey|slp|[from] move: Sleep Powder\n|\n|-heal|p2a: Blissey|65\/100 slp|[from] Grassy Terrain\n|-heal|p1a: Tangrowth|94\/100 tox|[from] Grassy Terrain\n|-damage|p1a: Tangrowth|81\/100 tox|[from] psn\n|upkeep\n|turn|18\n|\n|t:|1665733911\n|cant|p2a: Blissey|slp\n|move|p1a: Tangrowth|Focus Blast|p2a: Blissey\n|-supereffective|p2a: Blissey\n|-damage|p2a: Blissey|44\/100 slp\n|\n|-heal|p2a: Blissey|50\/100 slp|[from] Grassy Terrain\n|-heal|p1a: Tangrowth|87\/100 tox|[from] Grassy Terrain\n|-damage|p1a: Tangrowth|69\/100 tox|[from] psn\n|upkeep\n|turn|19\n|\n|t:|1665733913\n|switch|p1a: landorustherian|Landorus-Therian, M|100\/100\n|-ability|p1a: landorustherian|Intimidate|boost\n|-unboost|p2a: Blissey|atk|1\n|cant|p2a: Blissey|slp\n|\n|-heal|p2a: Blissey|56\/100 slp|[from] Grassy Terrain\n|-fieldend|move: Grassy Terrain\n|upkeep\n|turn|20\n|\n|t:|1665733918\n|-curestatus|p2a: Blissey|slp|[from] ability: Natural Cure\n|switch|p2a: Corviknight|Corviknight, F|100\/100\n|-damage|p2a: Corviknight|88\/100|[from] Stealth Rock\n|-ability|p2a: Corviknight|Pressure\n|move|p1a: landorustherian|U-turn|p2a: Corviknight\n|-resisted|p2a: Corviknight\n|-damage|p2a: Corviknight|85\/100\n|-damage|p1a: landorustherian|84\/100|[from] item: Rocky Helmet|[of] p2a: Corviknight\n|\n|t:|1665733918\n|switch|p1a: Heatran|Heatran, M|76\/100|[from]move: U-turn\n|\n|upkeep\n|turn|21\n|\n|t:|1665733923\n|switch|p2a: Blissey|Blissey, F|56\/100\n|-damage|p2a: Blissey|44\/100|[from] Stealth Rock\n|move|p1a: Heatran|Magma Storm|p2a: Blissey\n|-damage|p2a: Blissey|23\/100\n|-activate|p2a: Blissey|move: Magma Storm|[of] p1a: Heatran\n|\n|-damage|p2a: Blissey|11\/100|[from] move: Magma Storm|[partiallytrapped]\n|upkeep\n|turn|22\n|\n|t:|1665733926\n|move|p1a: Heatran|Eruption|p2a: Blissey\n|-damage|p2a: Blissey|0 fnt\n|faint|p2a: Blissey\n|\n|upkeep\n|\n|t:|1665733930\n|switch|p2a: Hydreigon|Hydreigon, M|23\/100\n|-damage|p2a: Hydreigon|11\/100|[from] Stealth Rock\n|turn|23\n|\n|t:|1665733932\n|switch|p1a: landorustherian|Landorus-Therian, M|84\/100\n|-ability|p1a: landorustherian|Intimidate|boost\n|-unboost|p2a: Hydreigon|atk|1\n|move|p2a: Hydreigon|Roost|p2a: Hydreigon\n|-heal|p2a: Hydreigon|61\/100\n|-singleturn|p2a: Hydreigon|move: Roost\n|\n|-heal|p1a: landorustherian|90\/100|[from] item: Leftovers\n|upkeep\n|turn|24\n|\n|t:|1665733935\n|move|p2a: Hydreigon|Roost|p2a: Hydreigon\n|-heal|p2a: Hydreigon|100\/100\n|-singleturn|p2a: Hydreigon|move: Roost\n|move|p1a: landorustherian|U-turn|p2a: Hydreigon\n|-supereffective|p2a: Hydreigon\n|-damage|p2a: Hydreigon|54\/100\n|\n|t:|1665733935\n|switch|p1a: rotomwash|Rotom-Wash|100\/100|[from]move: U-turn\n|\n|upkeep\n|turn|25\n|\n|t:|1665733941\n|move|p2a: Hydreigon|Roost|p2a: Hydreigon\n|-heal|p2a: Hydreigon|100\/100\n|-singleturn|p2a: Hydreigon|move: Roost\n|move|p1a: rotomwash|Thunderbolt|p2a: Hydreigon\n|-resisted|p2a: Hydreigon\n|-damage|p2a: Hydreigon|80\/100\n|\n|upkeep\n|turn|26\n|\n|t:|1665733943\n|move|p2a: Hydreigon|Nasty Plot|p2a: Hydreigon\n|-boost|p2a: Hydreigon|spa|2\n|move|p1a: rotomwash|Thunderbolt|p2a: Hydreigon\n|-resisted|p2a: Hydreigon\n|-damage|p2a: Hydreigon|59\/100\n|-status|p2a: Hydreigon|par\n|\n|upkeep\n|turn|27\n|\n|t:|1665733946\n|switch|p1a: landorustherian|Landorus-Therian, M|90\/100\n|-ability|p1a: landorustherian|Intimidate|boost\n|-unboost|p2a: Hydreigon|atk|1\n|move|p2a: Hydreigon|Draco Meteor|p1a: landorustherian\n|-damage|p1a: landorustherian|0 fnt\n|-unboost|p2a: Hydreigon|spa|2\n|faint|p1a: landorustherian\n|\n|upkeep\n|\n|t:|1665733946\n|switch|p1a: rotomwash|Rotom-Wash|100\/100\n|turn|28\n|\n|t:|1665733954\n|move|p1a: rotomwash|Nasty Plot|p1a: rotomwash\n|-boost|p1a: rotomwash|spa|2\n|move|p2a: Hydreigon|Roost|p2a: Hydreigon\n|-heal|p2a: Hydreigon|100\/100 par\n|-singleturn|p2a: Hydreigon|move: Roost\n|\n|upkeep\n|turn|29\n|\n|t:|1665733958\n|move|p1a: rotomwash|Thunderbolt|p2a: Hydreigon\n|-resisted|p2a: Hydreigon\n|-damage|p2a: Hydreigon|60\/100 par\n|cant|p2a: Hydreigon|par\n|\n|upkeep\n|turn|30\n|\n|t:|1665733960\n|move|p1a: rotomwash|Hydro Pump|p2a: Hydreigon|[miss]\n|-miss|p1a: rotomwash|p2a: Hydreigon\n|cant|p2a: Hydreigon|par\n|\n|upkeep\n|turn|31\n|\n|t:|1665733963\n|move|p1a: rotomwash|Hydro Pump|p2a: Hydreigon|[miss]\n|-miss|p1a: rotomwash|p2a: Hydreigon\n|move|p2a: Hydreigon|Roost|p2a: Hydreigon\n|-heal|p2a: Hydreigon|100\/100 par\n|-singleturn|p2a: Hydreigon|move: Roost\n|\n|upkeep\n|turn|32\n|\n|t:|1665733965\n|move|p1a: rotomwash|Thunderbolt|p2a: Hydreigon\n|-resisted|p2a: Hydreigon\n|-damage|p2a: Hydreigon|60\/100 par\n|move|p2a: Hydreigon|Nasty Plot|p2a: Hydreigon\n|-boost|p2a: Hydreigon|spa|2\n|\n|upkeep\n|turn|33\n|\n|t:|1665733968\n|move|p1a: rotomwash|Thunderbolt|p2a: Hydreigon\n|-resisted|p2a: Hydreigon\n|-damage|p2a: Hydreigon|22\/100 par\n|move|p2a: Hydreigon|Draco Meteor|p1a: rotomwash\n|-damage|p1a: rotomwash|0 fnt\n|-unboost|p2a: Hydreigon|spa|2\n|faint|p1a: rotomwash\n|\n|upkeep\n|\n|t:|1665733968\n|switch|p1a: Heatran|Heatran, M|76\/100\n|turn|34\n|\n|t:|1665733971\n|move|p1a: Heatran|Eruption|p2a: Hydreigon\n|-resisted|p2a: Hydreigon\n|-damage|p2a: Hydreigon|0 fnt\n|faint|p2a: Hydreigon\n|\n|upkeep\n|\n|t:|1665733975\n|switch|p2a: Mamoswine|Mamoswine, F|100\/100\n|-damage|p2a: Mamoswine|88\/100|[from] Stealth Rock\n|turn|35\n|\n|t:|1665733977\n|switch|p1a: Tangrowth|Tangrowth, F|100\/100 tox\n|move|p2a: Mamoswine|High Horsepower|p1a: Tangrowth\n|-resisted|p1a: Tangrowth\n|-damage|p1a: Tangrowth|88\/100 tox\n|-damage|p2a: Mamoswine|71\/100|[from] item: Rocky Helmet|[of] p1a: Tangrowth\n|\n|-damage|p1a: Tangrowth|82\/100 tox|[from] psn\n|upkeep\n|turn|36\n|\n|t:|1665733980\n|switch|p2a: Corviknight|Corviknight, F|85\/100\n|-damage|p2a: Corviknight|72\/100|[from] Stealth Rock\n|-ability|p2a: Corviknight|Pressure\n|move|p1a: Tangrowth|Focus Blast|p2a: Corviknight\n|-damage|p2a: Corviknight|45\/100\n|\n|-damage|p1a: Tangrowth|69\/100 tox|[from] psn\n|upkeep\n|turn|37\n|\n|t:|1665733982\n|switch|p1a: Heatran|Heatran, M|76\/100\n|move|p2a: Corviknight|Defog|p1a: Heatran\n|-unboost|p1a: Heatran|evasion|1\n|-sideend|p2: Jamario Mariomario|Stealth Rock|[from] move: Defog|[of] p2a: Corviknight\n|\n|upkeep\n|turn|38\n|\n|t:|1665733991\n|move|p1a: Heatran|Eruption|p2a: Corviknight\n|-supereffective|p2a: Corviknight\n|-damage|p2a: Corviknight|0 fnt\n|faint|p2a: Corviknight\n|\n|upkeep\n|\n|t:|1665733994\n|switch|p2a: Mamoswine|Mamoswine, F|71\/100\n|turn|39\n|\n|t:|1665733996\n|switch|p1a: Tangrowth|Tangrowth, F|100\/100 tox\n|move|p2a: Mamoswine|High Horsepower|p1a: Tangrowth\n|-resisted|p1a: Tangrowth\n|-damage|p1a: Tangrowth|87\/100 tox\n|-damage|p2a: Mamoswine|55\/100|[from] item: Rocky Helmet|[of] p1a: Tangrowth\n|\n|-damage|p1a: Tangrowth|81\/100 tox|[from] psn\n|upkeep\n|turn|40\n|\n|t:|1665733999\n|move|p2a: Mamoswine|Icicle Crash|p1a: Tangrowth\n|-supereffective|p1a: Tangrowth\n|-damage|p1a: Tangrowth|34\/100 tox\n|cant|p1a: Tangrowth|flinch\n|\n|-damage|p1a: Tangrowth|22\/100 tox|[from] psn\n|upkeep\n|turn|41\n|\n|t:|1665734002\n|move|p2a: Mamoswine|Icicle Crash|p1a: Tangrowth\n|-supereffective|p1a: Tangrowth\n|-damage|p1a: Tangrowth|0 fnt\n|faint|p1a: Tangrowth\n|\n|upkeep\n|\n|t:|1665734002\n|switch|p1a: Heatran|Heatran, M|76\/100\n|turn|42\n|\n|t:|1665734004\n|move|p2a: Mamoswine|High Horsepower|p1a: Heatran\n|-supereffective|p1a: Heatran\n|-damage|p1a: Heatran|0 fnt\n|faint|p1a: Heatran\n|\n|win|Jamario Mariomario\n|raw|minimax_ai's rating: 1447 &rarr; <strong>1427<\/strong><br \/>(-20 for losing)\n|raw|Jamario Mariomario's rating: 1454 &rarr; <strong>1474<\/strong><br \/>(+20 for winning)\n|c|\u2606minimax_ai|gg\n|l|\u2606minimax_ai\n|c|\u2606Jamario Mariomario|you got better\n","uploadtime":1665734006,"views":8,"p1id":"minimaxai","p2id":"jamariomariomario","formatid":"gen8ou","rating":1427,"private":0,"password":null}