{"id":"gen8monotype-1441047752","p1":"Craves for Crepes","p2":"Arcangel666","format":"gen8monotype","log":"|j|\u2606Craves for Crepes\n|j|\u2606Arcangel666\n|t:|1635023213\n|gametype|singles\n|player|p1|Craves for Crepes|psychic-gen4|1538\n|player|p2|Arcangel666|grimsley|1469\n|teamsize|p1|6\n|teamsize|p2|6\n|gen|8\n|tier|[Gen 8] Monotype\n|rated|\n|rule|Same Type Clause: Pok\u00e9mon in a team must share a type\n|rule|Sleep Clause Mod: Limit one foe put to sleep\n|rule|Species Clause: Limit one of each Pok\u00e9mon\n|rule|OHKO Clause: OHKO moves are banned\n|rule|Evasion Moves Clause: Evasion moves are banned\n|rule|Endless Battle Clause: Forcing endless battles is banned\n|rule|HP Percentage Mod: HP is shown in percentages\n|rule|Dynamax Clause: You cannot dynamax\n|clearpoke\n|poke|p1|Scolipede, F|\n|poke|p1|Scizor, M|\n|poke|p1|Crustle, F|\n|poke|p1|Ribombee, F|\n|poke|p1|Volcarona, F|\n|poke|p1|Buzzwole|\n|poke|p2|Tapu Koko|\n|poke|p2|Zapdos|\n|poke|p2|Rotom-Mow|\n|poke|p2|Regieleki|\n|poke|p2|Zeraora|\n|poke|p2|Arctozolt|\n|teampreview\n|c|\u2606Craves for Crepes|gl\n|\n|t:|1635023220\n|start\n|switch|p1a: Scolipede|Scolipede, F|100\/100\n|switch|p2a: Regieleki|Regieleki, shiny|100\/100\n|turn|1\n|\n|t:|1635023224\n|move|p2a: Regieleki|Volt Switch|p1a: Scolipede\n|-enditem|p1a: Scolipede|Focus Sash\n|-damage|p1a: Scolipede|1\/100\n|\n|t:|1635023229\n|switch|p2a: Zapdos|Zapdos, shiny|100\/100|[from]move: Volt Switch\n|move|p1a: Scolipede|Endeavor|p2a: Zapdos\n|-damage|p2a: Zapdos|1\/100\n|\n|-ability|p1a: Scolipede|Speed Boost|boost\n|-boost|p1a: Scolipede|spe|1\n|upkeep\n|turn|2\n|\n|t:|1635023237\n|move|p1a: Scolipede|Poison Jab|p2a: Zapdos\n|-damage|p2a: Zapdos|0 fnt\n|faint|p2a: Zapdos\n|\n|-ability|p1a: Scolipede|Speed Boost|boost\n|-boost|p1a: Scolipede|spe|1\n|upkeep\n|\n|t:|1635023240\n|switch|p2a: Rotom|Rotom-Mow, shiny|100\/100\n|turn|3\n|\n|t:|1635023247\n|switch|p1a: Ribombee|Ribombee, F|100\/100\n|move|p2a: Rotom|Volt Switch|p1a: Ribombee\n|-damage|p1a: Ribombee|45\/100\n|\n|t:|1635023252\n|switch|p2a: Regieleki|Regieleki, shiny|100\/100|[from]move: Volt Switch\n|\n|upkeep\n|turn|4\n|\n|t:|1635023272\n|move|p1a: Ribombee|Moonblast|p2a: Regieleki\n|-damage|p2a: Regieleki|27\/100\n|move|p2a: Regieleki|Rising Voltage|p1a: Ribombee\n|-damage|p1a: Ribombee|0 fnt\n|faint|p1a: Ribombee\n|\n|upkeep\n|\n|t:|1635023287\n|switch|p1a: Scizor|Scizor, M|100\/100\n|turn|5\n|\n|t:|1635023291\n|switch|p2a: Rotom|Rotom-Mow, shiny|100\/100\n|move|p1a: Scizor|Bullet Punch|p2a: Rotom\n|-resisted|p2a: Rotom\n|-damage|p2a: Rotom|70\/100\n|-damage|p1a: Scizor|91\/100|[from] item: Life Orb\n|\n|upkeep\n|turn|6\n|\n|t:|1635023305\n|switch|p1a: Volcarona|Volcarona, F|100\/100\n|move|p2a: Rotom|Volt Switch|p1a: Volcarona\n|-damage|p1a: Volcarona|65\/100\n|\n|t:|1635023310\n|switch|p2a: Tapu Koko|Tapu Koko, shiny|100\/100|[from]move: Volt Switch\n|-fieldstart|move: Electric Terrain|[from] ability: Electric Surge|[of] p2a: Tapu Koko\n|\n|upkeep\n|turn|7\n|\n|t:|1635023327\n|move|p2a: Tapu Koko|Taunt|p1a: Volcarona\n|-start|p1a: Volcarona|move: Taunt\n|move|p1a: Volcarona|Fiery Dance|p2a: Tapu Koko\n|-damage|p2a: Tapu Koko|46\/100\n|-boost|p1a: Volcarona|spa|1\n|\n|upkeep\n|turn|8\n|\n|t:|1635023334\n|move|p2a: Tapu Koko|Light Screen|p2a: Tapu Koko\n|-sidestart|p2: Arcangel666|move: Light Screen\n|move|p1a: Volcarona|Fiery Dance|p2a: Tapu Koko\n|-damage|p2a: Tapu Koko|8\/100\n|\n|upkeep\n|turn|9\n|\n|t:|1635023345\n|move|p2a: Tapu Koko|Reflect|p2a: Tapu Koko\n|-sidestart|p2: Arcangel666|Reflect\n|move|p1a: Volcarona|Fiery Dance|p2a: Tapu Koko\n|-damage|p2a: Tapu Koko|0 fnt\n|faint|p2a: Tapu Koko\n|\n|-end|p1a: Volcarona|move: Taunt\n|upkeep\n|\n|t:|1635023347\n|switch|p2a: Zeraora|Zeraora, shiny|100\/100\n|turn|10\n|\n|t:|1635023376\n|move|p2a: Zeraora|Plasma Fists|p1a: Volcarona\n|-damage|p1a: Volcarona|0 fnt\n|-status|p2a: Zeraora|brn|[from] ability: Flame Body|[of] p1a: Volcarona\n|faint|p1a: Volcarona\n|-damage|p2a: Zeraora|91\/100 brn|[from] item: Life Orb\n|\n|-damage|p2a: Zeraora|85\/100 brn|[from] brn\n|-fieldend|move: Electric Terrain\n|upkeep\n|\n|t:|1635023385\n|switch|p1a: Scolipede|Scolipede, F|1\/100\n|turn|11\n|\n|t:|1635023389\n|move|p1a: Scolipede|Endure|p1a: Scolipede\n|-singleturn|p1a: Scolipede|move: Endure\n|move|p2a: Zeraora|Knock Off|p1a: Scolipede\n|-activate|p1a: Scolipede|move: Endure\n|-damage|p1a: Scolipede|1\/100\n|-damage|p2a: Zeraora|75\/100 brn|[from] item: Life Orb\n|\n|-damage|p2a: Zeraora|69\/100 brn|[from] brn\n|-ability|p1a: Scolipede|Speed Boost|boost\n|-boost|p1a: Scolipede|spe|1\n|upkeep\n|turn|12\n|inactive|Battle timer is ON: inactive players will automatically lose when time's up. (requested by Arcangel666)\n|\n|t:|1635023423\n|move|p1a: Scolipede|Endeavor|p2a: Zeraora\n|-damage|p2a: Zeraora|1\/100 brn\n|move|p2a: Zeraora|Knock Off|p1a: Scolipede\n|-damage|p1a: Scolipede|0 fnt\n|faint|p1a: Scolipede\n|-damage|p2a: Zeraora|0 fnt|[from] item: Life Orb\n|faint|p2a: Zeraora\n|\n|upkeep\n|\n|t:|1635023429\n|switch|p2a: Regieleki|Regieleki, shiny|27\/100\n|switch|p1a: Buzzwole|Buzzwole|100\/100\n|turn|13\n|\n|t:|1635023436\n|move|p2a: Regieleki|Volt Switch|p1a: Buzzwole\n|-damage|p1a: Buzzwole|8\/100\n|\n|t:|1635023439\n|switch|p2a: Rotom|Rotom-Mow, shiny|70\/100|[from]move: Volt Switch\n|move|p1a: Buzzwole|Leech Life|p2a: Rotom\n|-supereffective|p2a: Rotom\n|-crit|p2a: Rotom\n|-damage|p2a: Rotom|0 fnt\n|-heal|p1a: Buzzwole|32\/100|[from] drain|[of] p2a: Rotom\n|faint|p2a: Rotom\n|-ability|p1a: Buzzwole|Beast Boost|boost\n|-boost|p1a: Buzzwole|atk|1\n|\n|upkeep\n|\n|t:|1635023440\n|switch|p2a: Regieleki|Regieleki, shiny|27\/100\n|turn|14\n|\n|t:|1635023457\n|move|p2a: Regieleki|Rising Voltage|p1a: Buzzwole\n|-damage|p1a: Buzzwole|0 fnt\n|faint|p1a: Buzzwole\n|\n|upkeep\n|\n|t:|1635023461\n|switch|p1a: Crustle|Crustle, F|100\/100\n|turn|15\n|\n|t:|1635023471\n|move|p2a: Regieleki|Rising Voltage|p1a: Crustle\n|-damage|p1a: Crustle|16\/100\n|move|p1a: Crustle|Rock Blast|p2a: Regieleki\n|-damage|p2a: Regieleki|16\/100\n|-damage|p2a: Regieleki|5\/100\n|-hitcount|p2a: Regieleki|2\n|\n|-sideend|p2: Arcangel666|move: Light Screen\n|upkeep\n|turn|16\n|\n|t:|1635023478\n|move|p2a: Regieleki|Thunder Cage|p1a: Crustle\n|-damage|p1a: Crustle|0 fnt\n|faint|p1a: Crustle\n|\n|-sideend|p2: Arcangel666|Reflect\n|upkeep\n|\n|t:|1635023480\n|switch|p1a: Scizor|Scizor, M|91\/100\n|turn|17\n|\n|t:|1635023483\n|move|p1a: Scizor|Bullet Punch|p2a: Regieleki\n|-resisted|p2a: Regieleki\n|-damage|p2a: Regieleki|0 fnt\n|faint|p2a: Regieleki\n|-damage|p1a: Scizor|81\/100|[from] item: Life Orb\n|\n|upkeep\n|\n|t:|1635023484\n|switch|p2a: Arctozolt|Arctozolt, shiny|100\/100\n|turn|18\n|\n|t:|1635023488\n|move|p1a: Scizor|Swords Dance|p1a: Scizor\n|-boost|p1a: Scizor|atk|2\n|move|p2a: Arctozolt|Bolt Beak|p1a: Scizor\n|-damage|p1a: Scizor|40\/100\n|\n|upkeep\n|turn|19\n|\n|t:|1635023492\n|move|p1a: Scizor|Roost|p1a: Scizor\n|-heal|p1a: Scizor|90\/100\n|-singleturn|p1a: Scizor|move: Roost\n|move|p2a: Arctozolt|Bolt Beak|p1a: Scizor\n|-damage|p1a: Scizor|45\/100\n|\n|upkeep\n|turn|20\n|\n|t:|1635023498\n|move|p1a: Scizor|Roost|p1a: Scizor\n|-heal|p1a: Scizor|95\/100\n|-singleturn|p1a: Scizor|move: Roost\n|move|p2a: Arctozolt|Bolt Beak|p1a: Scizor\n|-damage|p1a: Scizor|49\/100\n|\n|upkeep\n|turn|21\n|\n|t:|1635023503\n|move|p1a: Scizor|Roost|p1a: Scizor\n|-heal|p1a: Scizor|99\/100\n|-singleturn|p1a: Scizor|move: Roost\n|move|p2a: Arctozolt|Bolt Beak|p1a: Scizor\n|-damage|p1a: Scizor|57\/100\n|\n|upkeep\n|turn|22\n|\n|t:|1635023510\n|move|p1a: Scizor|Roost|p1a: Scizor\n|-heal|p1a: Scizor|100\/100\n|-singleturn|p1a: Scizor|move: Roost\n|move|p2a: Arctozolt|Bolt Beak|p1a: Scizor\n|-crit|p1a: Scizor\n|-damage|p1a: Scizor|30\/100\n|\n|upkeep\n|turn|23\n|\n|t:|1635023516\n|move|p1a: Scizor|Roost|p1a: Scizor\n|-heal|p1a: Scizor|80\/100\n|-singleturn|p1a: Scizor|move: Roost\n|move|p2a: Arctozolt|Bolt Beak|p1a: Scizor\n|-damage|p1a: Scizor|36\/100\n|\n|upkeep\n|turn|24\n|\n|t:|1635023520\n|move|p1a: Scizor|Roost|p1a: Scizor\n|-heal|p1a: Scizor|86\/100\n|-singleturn|p1a: Scizor|move: Roost\n|move|p2a: Arctozolt|Bolt Beak|p1a: Scizor\n|-damage|p1a: Scizor|44\/100\n|\n|upkeep\n|turn|25\n|\n|t:|1635023525\n|move|p1a: Scizor|Roost|p1a: Scizor\n|-heal|p1a: Scizor|94\/100\n|-singleturn|p1a: Scizor|move: Roost\n|move|p2a: Arctozolt|Bolt Beak|p1a: Scizor\n|-damage|p1a: Scizor|52\/100\n|\n|upkeep\n|turn|26\n|\n|t:|1635023530\n|move|p1a: Scizor|Roost|p1a: Scizor\n|-heal|p1a: Scizor|100\/100\n|-singleturn|p1a: Scizor|move: Roost\n|move|p2a: Arctozolt|Bolt Beak|p1a: Scizor\n|-damage|p1a: Scizor|55\/100\n|\n|upkeep\n|turn|27\n|\n|t:|1635023535\n|move|p1a: Scizor|Roost|p1a: Scizor\n|-heal|p1a: Scizor|100\/100\n|-singleturn|p1a: Scizor|move: Roost\n|move|p2a: Arctozolt|Bolt Beak|p1a: Scizor\n|-damage|p1a: Scizor|59\/100\n|\n|upkeep\n|turn|28\n|\n|t:|1635023538\n|move|p1a: Scizor|Roost|p1a: Scizor\n|-heal|p1a: Scizor|100\/100\n|-singleturn|p1a: Scizor|move: Roost\n|move|p2a: Arctozolt|Bolt Beak|p1a: Scizor\n|-damage|p1a: Scizor|58\/100\n|\n|upkeep\n|turn|29\n|\n|t:|1635023540\n|move|p1a: Scizor|Roost|p1a: Scizor\n|-heal|p1a: Scizor|100\/100\n|-singleturn|p1a: Scizor|move: Roost\n|move|p2a: Arctozolt|Bolt Beak|p1a: Scizor\n|-damage|p1a: Scizor|52\/100\n|\n|upkeep\n|turn|30\n|\n|t:|1635023543\n|move|p1a: Scizor|Roost|p1a: Scizor\n|-heal|p1a: Scizor|100\/100\n|-singleturn|p1a: Scizor|move: Roost\n|move|p2a: Arctozolt|Bolt Beak|p1a: Scizor\n|-damage|p1a: Scizor|60\/100\n|\n|upkeep\n|turn|31\n|\n|t:|1635023548\n|move|p1a: Scizor|Roost|p1a: Scizor\n|-heal|p1a: Scizor|100\/100\n|-singleturn|p1a: Scizor|move: Roost\n|move|p2a: Arctozolt|Bolt Beak|p1a: Scizor\n|-damage|p1a: Scizor|52\/100\n|\n|upkeep\n|turn|32\n|\n|t:|1635023551\n|move|p1a: Scizor|Roost|p1a: Scizor\n|-heal|p1a: Scizor|100\/100\n|-singleturn|p1a: Scizor|move: Roost\n|move|p2a: Arctozolt|Bolt Beak|p1a: Scizor\n|-damage|p1a: Scizor|58\/100\n|\n|upkeep\n|turn|33\n|\n|t:|1635023553\n|move|p1a: Scizor|Roost|p1a: Scizor\n|-heal|p1a: Scizor|100\/100\n|-singleturn|p1a: Scizor|move: Roost\n|move|p2a: Arctozolt|Bolt Beak|p1a: Scizor\n|-damage|p1a: Scizor|53\/100\n|\n|upkeep\n|turn|34\n|\n|t:|1635023559\n|move|p1a: Scizor|Roost|p1a: Scizor\n|-heal|p1a: Scizor|100\/100\n|-singleturn|p1a: Scizor|move: Roost\n|move|p2a: Arctozolt|Stomping Tantrum|p1a: Scizor\n|-damage|p1a: Scizor|75\/100\n|\n|upkeep\n|turn|35\n|\n|t:|1635023564\n|move|p1a: Scizor|Knock Off|p2a: Arctozolt\n|-damage|p2a: Arctozolt|0 fnt\n|-enditem|p2a: Arctozolt|Assault Vest|[from] move: Knock Off|[of] p1a: Scizor\n|faint|p2a: Arctozolt\n|-damage|p1a: Scizor|65\/100|[from] item: Life Orb\n|\n|win|Craves for Crepes\n|raw|Craves for Crepes's rating: 1538 &rarr; <strong>1554<\/strong><br \/>(+16 for winning)\n|raw|Arcangel666's rating: 1469 &rarr; <strong>1453<\/strong><br \/>(-16 for losing)\n|l|\u2606Arcangel666\n|c|\u2606Craves for Crepes|oh well\n|c|\u2606Craves for Crepes|gg\n||Ladder isn't responding, score probably updated but might not have (Request timeout).\n","uploadtime":1635023586,"views":19,"p1id":"cravesforcrepes","p2id":"arcangel666","formatid":"gen8monotype","rating":1453,"private":0,"password":null}