{"id":"gen8ou-1626139250","p1":"andrewm0n","p2":"Steez Ibanez","format":"gen8ou","log":"|j|\u2606andrewm0n\n|j|\u2606Steez Ibanez\n|t:|1658896953\n|gametype|singles\n|player|p1|andrewm0n|2|1781\n|player|p2|Steez Ibanez|pokemonranger-gen4|1712\n|teamsize|p1|6\n|teamsize|p2|6\n|gen|8\n|tier|[Gen 8] OU\n|rated|\n|rule|Sleep Clause Mod: Limit one foe put to sleep\n|rule|Species Clause: Limit one of each Pok\u00e9mon\n|rule|OHKO Clause: OHKO moves are banned\n|rule|Evasion Moves Clause: Evasion moves are banned\n|rule|Endless Battle Clause: Forcing endless battles is banned\n|rule|HP Percentage Mod: HP is shown in percentages\n|rule|Dynamax Clause: You cannot dynamax\n|clearpoke\n|poke|p1|Corviknight, M|\n|poke|p1|Clefable, M|\n|poke|p1|Seismitoad, M|\n|poke|p1|Slowbro-Galar, M|\n|poke|p1|Indeedee, M|\n|poke|p1|Blaziken, M|\n|poke|p2|Volcarona, M|\n|poke|p2|Garchomp, M|\n|poke|p2|Zapdos|\n|poke|p2|Ferrothorn, M|\n|poke|p2|Landorus-Therian, M|\n|poke|p2|Bisharp, M|\n|teampreview\n|j| Zeno420\n|\n|t:|1658896965\n|start\n|switch|p1a: Indeedee|Indeedee, M|100\/100\n|switch|p2a: Simba|Landorus-Therian, M|100\/100\n|-fieldstart|move: Psychic Terrain|[from] ability: Psychic Surge|[of] p1a: Indeedee\n|-ability|p2a: Simba|Intimidate|boost\n|-unboost|p1a: Indeedee|atk|1\n|turn|1\n|\n|t:|1658896969\n|switch|p1a: Corviknight|Corviknight, M|100\/100\n|move|p2a: Simba|U-turn|p1a: Corviknight\n|-resisted|p1a: Corviknight\n|-damage|p1a: Corviknight|95\/100\n|-damage|p2a: Simba|84\/100|[from] item: Rocky Helmet|[of] p1a: Corviknight\n|\n|t:|1658896971\n|switch|p2a: Susano'o|Volcarona, M|100\/100|[from]move: U-turn\n|\n|upkeep\n|turn|2\n|\n|t:|1658896977\n|switch|p2a: Abomination|Ferrothorn, M|100\/100\n|move|p1a: Corviknight|Brave Bird|p2a: Abomination\n|-crit|p2a: Abomination\n|-damage|p2a: Abomination|70\/100\n|-damage|p1a: Corviknight|83\/100|[from] ability: Iron Barbs|[of] p2a: Abomination\n|-damage|p1a: Corviknight|66\/100|[from] item: Rocky Helmet|[of] p2a: Abomination\n|-damage|p1a: Corviknight|57\/100|[from] Recoil\n|\n|upkeep\n|turn|3\n|\n|t:|1658896981\n|move|p1a: Corviknight|Roost|p1a: Corviknight\n|-heal|p1a: Corviknight|100\/100\n|-singleturn|p1a: Corviknight|move: Roost\n|move|p2a: Abomination|Spikes|p1a: Corviknight\n|-sidestart|p1: andrewm0n|Spikes\n|\n|upkeep\n|turn|4\n|\n|t:|1658896984\n|switch|p1a: Blaziken|Blaziken, M|100\/100\n|-damage|p1a: Blaziken|88\/100|[from] Spikes\n|move|p2a: Abomination|Leech Seed|p1a: Blaziken\n|-start|p1a: Blaziken|move: Leech Seed\n|\n|-heal|p1a: Blaziken|94\/100|[from] item: Leftovers\n|-damage|p1a: Blaziken|82\/100|[from] Leech Seed|[of] p2a: Abomination\n|-heal|p2a: Abomination|80\/100|[silent]\n|upkeep\n|turn|5\n|\n|t:|1658896989\n|switch|p1a: Slowbro|Slowbro-Galar, M|100\/100\n|-damage|p1a: Slowbro|88\/100|[from] Spikes\n|switch|p2a: Simba|Landorus-Therian, M|84\/100\n|-ability|p2a: Simba|Intimidate|boost\n|-unboost|p1a: Slowbro|atk|1\n|\n|-fieldend|move: Psychic Terrain\n|upkeep\n|turn|6\n|\n|t:|1658896995\n|move|p2a: Simba|Earthquake|p1a: Slowbro\n|-supereffective|p1a: Slowbro\n|-damage|p1a: Slowbro|0 fnt\n|faint|p1a: Slowbro\n|\n|upkeep\n|c|\u2606andrewm0n|STEEEEEEEEZ\n|l| Zeno420\n|j| broked on bricks\n|c|\u2606andrewm0n|come on, man\n|j| LuckyBombVoyage\n|c|\u2606andrewm0n|not my slowbro\n|\n|t:|1658897017\n|switch|p1a: Corviknight|Corviknight, M|100\/100\n|turn|7\n|\n|t:|1658897020\n|switch|p2a: Abomination|Ferrothorn, M|80\/100\n|move|p1a: Corviknight|U-turn|p2a: Abomination\n|-damage|p2a: Abomination|71\/100\n|-damage|p1a: Corviknight|88\/100|[from] ability: Iron Barbs|[of] p2a: Abomination\n|-damage|p1a: Corviknight|71\/100|[from] item: Rocky Helmet|[of] p2a: Abomination\n|\n|t:|1658897023\n|switch|p1a: Indeedee|Indeedee, M|100\/100|[from]move: U-turn\n|-damage|p1a: Indeedee|88\/100|[from] Spikes\n|-fieldstart|move: Psychic Terrain|[from] ability: Psychic Surge|[of] p1a: Indeedee\n|\n|upkeep\n|turn|8\n|\n|t:|1658897031\n|move|p1a: Indeedee|Mystical Fire|p2a: Abomination\n|-supereffective|p2a: Abomination\n|-damage|p2a: Abomination|0 fnt\n|faint|p2a: Abomination\n|\n|upkeep\n|\n|t:|1658897034\n|switch|p2a: Samehada|Garchomp, M|100\/100\n|turn|9\n|\n|t:|1658897037\n|switch|p1a: Clefable|Clefable, M|100\/100\n|-damage|p1a: Clefable|88\/100|[from] Spikes\n|move|p2a: Samehada|Earthquake|p1a: Clefable\n|-damage|p1a: Clefable|48\/100\n|\n|-heal|p1a: Clefable|55\/100|[from] item: Leftovers\n|upkeep\n|turn|10\n|\n|t:|1658897042\n|switch|p2a: Ranger|Bisharp, M|100\/100\n|move|p1a: Clefable|Wish|p1a: Clefable\n|\n|-heal|p1a: Clefable|61\/100|[from] item: Leftovers\n|upkeep\n|turn|11\n|\n|t:|1658897047\n|move|p1a: Clefable|Protect|p1a: Clefable\n|-singleturn|p1a: Clefable|Protect\n|move|p2a: Ranger|Stealth Rock|p1a: Clefable\n|-sidestart|p1: andrewm0n|move: Stealth Rock\n|\n|-heal|p1a: Clefable|100\/100|[from] move: Wish|[wisher] Clefable\n|-fieldend|move: Psychic Terrain\n|upkeep\n|turn|12\n|\n|t:|1658897054\n|move|p2a: Ranger|Knock Off|p1a: Clefable\n|-resisted|p1a: Clefable\n|-damage|p1a: Clefable|78\/100\n|-enditem|p1a: Clefable|Leftovers|[from] move: Knock Off|[of] p2a: Ranger\n|move|p1a: Clefable|Moonblast|p2a: Ranger\n|-damage|p2a: Ranger|52\/100\n|\n|upkeep\n|turn|13\n|j| Cat in bathtub\n|\n|t:|1658897059\n|move|p2a: Ranger|Iron Head|p1a: Clefable\n|-supereffective|p1a: Clefable\n|-crit|p1a: Clefable\n|-damage|p1a: Clefable|0 fnt\n|faint|p1a: Clefable\n|\n|upkeep\n|\n|t:|1658897063\n|switch|p1a: Indeedee|Indeedee, M|88\/100\n|-damage|p1a: Indeedee|76\/100|[from] Spikes\n|-damage|p1a: Indeedee|64\/100|[from] Stealth Rock\n|-fieldstart|move: Psychic Terrain|[from] ability: Psychic Surge|[of] p1a: Indeedee\n|turn|14\n|\n|t:|1658897067\n|move|p1a: Indeedee|Expanding Force|p2a: Ranger\n|-immune|p2a: Ranger\n|move|p2a: Ranger|Knock Off|p1a: Indeedee\n|-supereffective|p1a: Indeedee\n|-damage|p1a: Indeedee|0 fnt\n|-enditem|p1a: Indeedee|Choice Scarf|[from] move: Knock Off|[of] p2a: Ranger\n|faint|p1a: Indeedee\n|\n|upkeep\n|\n|t:|1658897072\n|switch|p1a: Blaziken|Blaziken, M|82\/100\n|-damage|p1a: Blaziken|70\/100|[from] Spikes\n|-damage|p1a: Blaziken|57\/100|[from] Stealth Rock\n|turn|15\n|\n|t:|1658897075\n|move|p1a: Blaziken|Swords Dance|p1a: Blaziken\n|-boost|p1a: Blaziken|atk|2\n|move|p2a: Ranger|Knock Off|p1a: Blaziken\n|-resisted|p1a: Blaziken\n|-damage|p1a: Blaziken|17\/100\n|-enditem|p1a: Blaziken|Leftovers|[from] move: Knock Off|[of] p2a: Ranger\n|\n|-ability|p1a: Blaziken|Speed Boost|boost\n|-boost|p1a: Blaziken|spe|1\n|upkeep\n|turn|16\n|c|\u2606andrewm0n|stop!\n|\n|t:|1658897083\n|switch|p2a: Samehada|Garchomp, M|100\/100\n|move|p1a: Blaziken|Close Combat|p2a: Samehada\n|-damage|p2a: Samehada|0 fnt\n|-unboost|p1a: Blaziken|def|1\n|-unboost|p1a: Blaziken|spd|1\n|-damage|p1a: Blaziken|5\/100|[from] ability: Rough Skin|[of] p2a: Samehada\n|faint|p2a: Samehada\n|\n|-ability|p1a: Blaziken|Speed Boost|boost\n|-boost|p1a: Blaziken|spe|1\n|upkeep\n|\n|t:|1658897088\n|switch|p2a: Bolt|Zapdos|100\/100\n|turn|17\n|\n|t:|1658897091\n|switch|p2a: Ranger|Bisharp, M|52\/100\n|move|p1a: Blaziken|Flare Blitz|p2a: Ranger\n|-supereffective|p2a: Ranger\n|-damage|p2a: Ranger|0 fnt\n|faint|p2a: Ranger\n|-damage|p1a: Blaziken|0 fnt|[from] Recoil\n|faint|p1a: Blaziken\n|\n|upkeep\n|\n|t:|1658897096\n|switch|p1a: Seismitoad|Seismitoad, M|100\/100\n|switch|p2a: Susano'o|Volcarona, M|100\/100\n|-damage|p1a: Seismitoad|88\/100|[from] Spikes\n|-damage|p1a: Seismitoad|82\/100|[from] Stealth Rock\n|turn|18\n|\n|t:|1658897099\n|move|p2a: Susano'o|Safeguard|p2a: Susano'o\n|-sidestart|p2: Steez Ibanez|Safeguard\n|move|p1a: Seismitoad|Toxic|p2a: Susano'o\n|-activate|p2a: Susano'o|move: Safeguard\n|\n|-heal|p1a: Seismitoad|88\/100|[from] item: Leftovers\n|-fieldend|move: Psychic Terrain\n|upkeep\n|turn|19\n|c|\u2606andrewm0n|gg, man\n|c|\u2606Steez Ibanez|gg\n|c|\u2606andrewm0n|outplayed the shit out of me :(\n|c|\u2606andrewm0n|i'll get u next time ;)\n|-message|andrewm0n forfeited.\n|\n|win|Steez Ibanez\n|raw|andrewm0n's rating: 1781 &rarr; <strong>1757<\/strong><br \/>(-24 for losing)\n|raw|Steez Ibanez's rating: 1712 &rarr; <strong>1736<\/strong><br \/>(+24 for winning)\n|l|\u2606andrewm0n\n|c|\u2606Steez Ibanez|For sure\n|l| Cat in bathtub\n|l|\u2606Steez Ibanez\n","uploadtime":1658897129,"views":97,"p1id":"andrewm0n","p2id":"steezibanez","formatid":"gen8ou","rating":1736,"private":0,"password":null}