{"id":"gen8monotype-1322448941","p1":"cump3","p2":"anaconda69","format":"gen8monotype","log":"|j|\u2606cump3\n|j|\u2606anaconda69\n|t:|1618536008\n|gametype|singles\n|player|p1|cump3|1|1416\n|player|p2|anaconda69|aromalady-gen3rs|1691\n|teamsize|p1|6\n|teamsize|p2|6\n|gen|8\n|tier|[Gen 8] Monotype\n|rated|\n|rule|Same Type Clause: Pok\u00e9mon in a team must share a type\n|clearpoke\n|poke|p1|Latias, F|\n|poke|p1|Dragonite, F|\n|poke|p1|Dragapult, F|\n|poke|p1|Dracovish|\n|poke|p1|Hydreigon, M|\n|poke|p1|Salamence, F|\n|poke|p2|Whimsicott, F|\n|poke|p2|Zarude|\n|poke|p2|Rillaboom, M|\n|poke|p2|Ferrothorn, F|\n|poke|p2|Cradily, F|\n|poke|p2|Celebi|\n|rule|Sleep Clause Mod: Limit one foe put to sleep\n|rule|Species Clause: Limit one of each Pok\u00e9mon\n|rule|OHKO Clause: OHKO moves are banned\n|rule|Evasion Moves Clause: Evasion moves are banned\n|rule|Endless Battle Clause: Forcing endless battles is banned\n|rule|HP Percentage Mod: HP is shown in percentages\n|rule|Dynamax Clause: You cannot dynamax\n|teampreview\n|\n|t:|1618536014\n|start\n|switch|p1a: Latias|Latias, F|100\/100\n|switch|p2a: Celery|Celebi, shiny|100\/100\n|turn|1\n|\n|t:|1618536017\n|switch|p2a: Wiggle Wiggle|Cradily, F, shiny|100\/100\n|move|p1a: Latias|Light Screen|p1a: Latias\n|-sidestart|p1: cump3|move: Light Screen\n|\n|upkeep\n|turn|2\n|\n|t:|1618536021\n|move|p1a: Latias|Reflect|p1a: Latias\n|-sidestart|p1: cump3|Reflect\n|move|p2a: Wiggle Wiggle|Stealth Rock|p1a: Latias\n|-sidestart|p1: cump3|move: Stealth Rock\n|\n|upkeep\n|turn|3\n|\n|t:|1618536025\n|move|p1a: Latias|Tailwind|p1a: Latias\n|-sidestart|p1: cump3|move: Tailwind\n|move|p2a: Wiggle Wiggle|Leech Seed|p1a: Latias\n|-start|p1a: Latias|move: Leech Seed\n|\n|-damage|p1a: Latias|88\/100|[from] Leech Seed|[of] p2a: Wiggle Wiggle\n|upkeep\n|turn|4\n|j| ace trainer noobie\n|inactive|Battle timer is ON: inactive players will automatically lose when time's up. (requested by anaconda69)\n|\n|t:|1618536056\n|switch|p1a: Dragonite|Dragonite, F|100\/100\n|-damage|p1a: Dragonite|76\/100|[from] Stealth Rock\n|move|p2a: Wiggle Wiggle|Leech Seed|p1a: Dragonite\n|-start|p1a: Dragonite|move: Leech Seed\n|\n|-damage|p1a: Dragonite|63\/100|[from] Leech Seed|[of] p2a: Wiggle Wiggle\n|upkeep\n|turn|5\n|\n|t:|1618536063\n|switch|p2a: Celery|Celebi, shiny|100\/100\n|move|p1a: Dragonite|Dragon Dance|p1a: Dragonite\n|-boost|p1a: Dragonite|atk|1\n|-boost|p1a: Dragonite|spe|1\n|\n|-damage|p1a: Dragonite|51\/100|[from] Leech Seed|[of] p2a: Celery\n|upkeep\n|turn|6\n|\n|t:|1618536070\n|move|p1a: Dragonite|Dual Wingbeat|p2a: Celery\n|-supereffective|p2a: Celery\n|-damage|p2a: Celery|39\/100\n|-supereffective|p2a: Celery\n|-crit|p2a: Celery\n|-damage|p2a: Celery|0 fnt\n|-hitcount|p2a: Celery|2\n|faint|p2a: Celery\n|\n|-sideend|p1: cump3|move: Tailwind\n|upkeep\n|\n|t:|1618536074\n|switch|p2a: Meow Meow|Ferrothorn, F, shiny|100\/100\n|turn|7\n|\n|t:|1618536078\n|switch|p1a: Hydreigon|Hydreigon, M|100\/100\n|-damage|p1a: Hydreigon|88\/100|[from] Stealth Rock\n|move|p2a: Meow Meow|Gyro Ball|p1a: Hydreigon\n|-damage|p1a: Hydreigon|61\/100\n|\n|upkeep\n|turn|8\n|\n|t:|1618536084\n|switch|p2a: Wiggle Wiggle|Cradily, F, shiny|100\/100\n|move|p1a: Hydreigon|Flamethrower|p2a: Wiggle Wiggle\n|-damage|p2a: Wiggle Wiggle|74\/100\n|-damage|p1a: Hydreigon|51\/100|[from] item: Life Orb\n|\n|-heal|p2a: Wiggle Wiggle|80\/100|[from] item: Leftovers\n|-sideend|p1: cump3|move: Light Screen\n|upkeep\n|turn|9\n|\n|t:|1618536105\n|switch|p1a: Dragapult|Dragapult, F|100\/100\n|-damage|p1a: Dragapult|88\/100|[from] Stealth Rock\n|move|p2a: Wiggle Wiggle|Leech Seed|p1a: Dragapult\n|-start|p1a: Dragapult|move: Leech Seed\n|\n|-heal|p1a: Dragapult|94\/100|[from] item: Leftovers\n|-heal|p2a: Wiggle Wiggle|86\/100|[from] item: Leftovers\n|-damage|p1a: Dragapult|82\/100|[from] Leech Seed|[of] p2a: Wiggle Wiggle\n|-heal|p2a: Wiggle Wiggle|96\/100|[silent]\n|-sideend|p1: cump3|Reflect\n|upkeep\n|turn|10\n|\n|t:|1618536123\n|switch|p2a: Donkey|Zarude|100\/100\n|move|p1a: Dragapult|Dragon Darts|p2a: Donkey\n|-damage|p2a: Donkey|77\/100\n|-anim|p1a: Dragapult|Dragon Darts|p2a: Donkey\n|-damage|p2a: Donkey|53\/100\n|\n|-heal|p1a: Dragapult|88\/100|[from] item: Leftovers\n|-damage|p1a: Dragapult|76\/100|[from] Leech Seed|[of] p2a: Donkey\n|-heal|p2a: Donkey|64\/100|[silent]\n|upkeep\n|turn|11\n|\n|t:|1618536133\n|switch|p1a: Hydreigon|Hydreigon, M|51\/100\n|-damage|p1a: Hydreigon|39\/100|[from] Stealth Rock\n|switch|p2a: UwU|Whimsicott, F, shiny|100\/100\n|\n|upkeep\n|turn|12\n|\n|t:|1618536140\n|switch|p1a: Latias|Latias, F|88\/100\n|-damage|p1a: Latias|76\/100|[from] Stealth Rock\n|move|p2a: UwU|Moonblast|p1a: Latias\n|-supereffective|p1a: Latias\n|-damage|p1a: Latias|16\/100\n|\n|upkeep\n|turn|13\n|\n|t:|1618536148\n|move|p2a: UwU|Moonblast|p1a: Latias\n|-supereffective|p1a: Latias\n|-damage|p1a: Latias|0 fnt\n|faint|p1a: Latias\n|\n|upkeep\n|\n|t:|1618536158\n|switch|p1a: Salamence|Salamence, F|100\/100\n|-damage|p1a: Salamence|76\/100|[from] Stealth Rock\n|turn|14\n|\n|t:|1618536175\n|switch|p2a: Meow Meow|Ferrothorn, F, shiny|100\/100\n|move|p1a: Salamence|Dual Wingbeat|p2a: Meow Meow\n|-damage|p2a: Meow Meow|87\/100\n|-damage|p1a: Salamence|63\/100|[from] ability: Iron Barbs|[of] p2a: Meow Meow\n|-damage|p2a: Meow Meow|73\/100\n|-damage|p1a: Salamence|51\/100|[from] ability: Iron Barbs|[of] p2a: Meow Meow\n|-hitcount|p2a: Meow Meow|2\n|\n|-heal|p2a: Meow Meow|79\/100|[from] item: Leftovers\n|upkeep\n|turn|15\n|\n|t:|1618536187\n|switch|p1a: Dragapult|Dragapult, F|76\/100\n|-damage|p1a: Dragapult|63\/100|[from] Stealth Rock\n|move|p2a: Meow Meow|Gyro Ball|p1a: Dragapult\n|-damage|p1a: Dragapult|0 fnt\n|faint|p1a: Dragapult\n|\n|-heal|p2a: Meow Meow|86\/100|[from] item: Leftovers\n|upkeep\n|\n|t:|1618536192\n|switch|p1a: Hydreigon|Hydreigon, M|39\/100\n|-damage|p1a: Hydreigon|26\/100|[from] Stealth Rock\n|turn|16\n|\n|t:|1618536201\n|move|p2a: Meow Meow|Protect|p2a: Meow Meow\n|-singleturn|p2a: Meow Meow|Protect\n|move|p1a: Hydreigon|Flash Cannon|p2a: Meow Meow\n|-activate|p2a: Meow Meow|move: Protect\n|\n|-heal|p2a: Meow Meow|92\/100|[from] item: Leftovers\n|upkeep\n|turn|17\n|\n|t:|1618536208\n|switch|p2a: Wiggle Wiggle|Cradily, F, shiny|96\/100\n|move|p1a: Hydreigon|Flamethrower|p2a: Wiggle Wiggle\n|-damage|p2a: Wiggle Wiggle|73\/100\n|-damage|p1a: Hydreigon|16\/100|[from] item: Life Orb\n|\n|-heal|p2a: Wiggle Wiggle|79\/100|[from] item: Leftovers\n|upkeep\n|turn|18\n|\n|t:|1618536212\n|switch|p2a: Donkey|Zarude|64\/100\n|move|p1a: Hydreigon|Flash Cannon|p2a: Donkey\n|-damage|p2a: Donkey|29\/100\n|-damage|p1a: Hydreigon|7\/100|[from] item: Life Orb\n|\n|upkeep\n|turn|19\n|\n|t:|1618536218\n|move|p2a: Donkey|Drain Punch|p1a: Hydreigon\n|-supereffective|p1a: Hydreigon\n|-damage|p1a: Hydreigon|0 fnt\n|-heal|p2a: Donkey|32\/100|[from] drain|[of] p1a: Hydreigon\n|faint|p1a: Hydreigon\n|\n|upkeep\n|\n|t:|1618536224\n|switch|p1a: Dragonite|Dragonite, F|51\/100\n|-damage|p1a: Dragonite|26\/100|[from] Stealth Rock\n|turn|20\n|\n|t:|1618536228\n|move|p2a: Donkey|Darkest Lariat|p1a: Dragonite\n|-damage|p1a: Dragonite|0 fnt\n|faint|p1a: Dragonite\n|\n|upkeep\n|-message|cump3 forfeited.\n|\n|win|anaconda69\n|raw|cump3's rating: 1416 &rarr; <strong>1409<\/strong><br \/>(-7 for losing)\n|raw|anaconda69's rating: 1691 &rarr; <strong>1698<\/strong><br \/>(+7 for winning)\n|l|\u2606cump3\n","uploadtime":1618536238,"views":17,"p1id":"cump3","p2id":"anaconda69","formatid":"gen8monotype","rating":1409,"private":0,"password":null}