{"id":"gen8monotype-1166235122","p1":"BaddyGames","p2":"mlt6a2 mimas","format":"gen8monotype","log":"|raw|<div class=\"broadcast-blue\"><strong>This battle is required to be public due to a player having a name prefixed by 'MLT6A2'.<\/div>\n|j|\u2606BaddyGames\n|j|\u2606mlt6a2 mimas\n|t:|1597026597\n|player|p1|BaddyGames|275|1229\n|player|p2|mlt6a2 mimas|preschoolerf|1249\n|teamsize|p1|6\n|teamsize|p2|6\n|gametype|singles\n|gen|8\n|tier|[Gen 8] Monotype\n|rated|\n|rule|Same Type Clause: Pok\u00e9mon in a team must share a type\n|clearpoke\n|poke|p1|Pelipper, M|\n|poke|p1|Dracovish|\n|poke|p1|Seismitoad, F|\n|poke|p1|Toxapex, F|\n|poke|p1|Kingdra, M|\n|poke|p1|Azumarill, F|\n|poke|p2|Torkoal, F|\n|poke|p2|Cinderace, M|\n|poke|p2|Rotom-Heat|\n|poke|p2|Charizard, M|\n|poke|p2|Incineroar, F|\n|poke|p2|Volcarona, M|\n|rule|Sleep Clause Mod: Limit one foe put to sleep\n|rule|Species Clause: Limit one of each Pok\u00e9mon\n|rule|OHKO Clause: OHKO moves are banned\n|rule|Evasion Moves Clause: Evasion moves are banned\n|rule|Endless Battle Clause: Forcing endless battles is banned\n|rule|HP Percentage Mod: HP is shown in percentages\n|rule|Dynamax Clause: You cannot dynamax\n|teampreview\n|c|\u2606mlt6a2 mimas|OH NO ANGELS, DANGEROUS ALERT!\n|c|\u2606mlt6a2 mimas|this one will be a super difficult fight for us, be ready!\n|\n|t:|1597026619\n|start\n|switch|p1a: Pelipper|Pelipper, M|100\/100\n|switch|p2a: Elin Blackburn|Torkoal, F|100\/100\n|-weather|RainDance|[from] ability: Drizzle|[of] p1a: Pelipper\n|-weather|SunnyDay|[from] ability: Drought|[of] p2a: Elin Blackburn\n|turn|1\n|inactive|Battle timer is ON: inactive players will automatically lose when time's up. (requested by BaddyGames)\n|c|\u2606mlt6a2 mimas|after a tempest, the sun always come!\n|\n|t:|1597026637\n|move|p1a: Pelipper|U-turn|p2a: Elin Blackburn\n|-resisted|p2a: Elin Blackburn\n|-damage|p2a: Elin Blackburn|98\/100\n|\n|t:|1597026647\n|switch|p1a: Seismitoad|Seismitoad, F|100\/100|[from]move: U-turn\n|move|p2a: Elin Blackburn|Stealth Rock|p1a: Seismitoad\n|-sidestart|p1: BaddyGames|move: Stealth Rock\n|\n|-weather|SunnyDay|[upkeep]\n|upkeep\n|turn|2\n|c|\u2606mlt6a2 mimas|interesting choice..\n|inactive|mlt6a2 mimas has 120 seconds left.\n|\n|t:|1597026693\n|switch|p2a: Reuben Marshall|Charizard, M|100\/100\n|move|p1a: Seismitoad|Toxic|p2a: Reuben Marshall\n|-status|p2a: Reuben Marshall|tox\n|\n|-weather|SunnyDay|[upkeep]\n|-damage|p2a: Reuben Marshall|88\/100 tox|[from] ability: Solar Power|[of] p2a: Reuben Marshall\n|-damage|p2a: Reuben Marshall|82\/100 tox|[from] psn\n|upkeep\n|turn|3\n|\n|t:|1597026704\n|switch|p1a: Pelipper|Pelipper, M|100\/100\n|-damage|p1a: Pelipper|76\/100|[from] Stealth Rock\n|-weather|RainDance|[from] ability: Drizzle|[of] p1a: Pelipper\n|move|p2a: Reuben Marshall|Dragon Pulse|p1a: Pelipper\n|-damage|p1a: Pelipper|40\/100\n|\n|-weather|RainDance|[upkeep]\n|-heal|p1a: Pelipper|47\/100|[from] item: Leftovers\n|-damage|p2a: Reuben Marshall|70\/100 tox|[from] psn\n|upkeep\n|turn|4\n|\n|t:|1597026714\n|switch|p2a: Elin Blackburn|Torkoal, F|98\/100\n|-weather|SunnyDay|[from] ability: Drought|[of] p2a: Elin Blackburn\n|switch|p1a: Seismitoad|Seismitoad, F|100\/100\n|-damage|p1a: Seismitoad|94\/100|[from] Stealth Rock\n|\n|-weather|SunnyDay|[upkeep]\n|-heal|p1a: Seismitoad|100\/100|[from] item: Leftovers\n|upkeep\n|turn|5\n|\n|t:|1597026726\n|switch|p2a: Reuben Marshall|Charizard, M|70\/100 tox\n|move|p1a: Seismitoad|Scald|p2a: Reuben Marshall\n|-supereffective|p2a: Reuben Marshall\n|-damage|p2a: Reuben Marshall|40\/100 tox\n|\n|-weather|SunnyDay|[upkeep]\n|-damage|p2a: Reuben Marshall|27\/100 tox|[from] ability: Solar Power|[of] p2a: Reuben Marshall\n|-damage|p2a: Reuben Marshall|21\/100 tox|[from] psn\n|upkeep\n|turn|6\n|inactive|mlt6a2 mimas has 120 seconds left.\n|\n|t:|1597026739\n|move|p2a: Reuben Marshall|Dragon Pulse|p1a: Seismitoad\n|-damage|p1a: Seismitoad|60\/100\n|move|p1a: Seismitoad|Scald|p2a: Reuben Marshall\n|-supereffective|p2a: Reuben Marshall\n|-damage|p2a: Reuben Marshall|0 fnt\n|faint|p2a: Reuben Marshall\n|\n|-weather|SunnyDay|[upkeep]\n|-heal|p1a: Seismitoad|66\/100|[from] item: Leftovers\n|upkeep\n|inactive|mlt6a2 mimas has 120 seconds left.\n|\n|t:|1597026751\n|switch|p2a: Arabella Walter|Incineroar, F, shiny|100\/100\n|-ability|p2a: Arabella Walter|Intimidate|boost\n|-unboost|p1a: Seismitoad|atk|1\n|turn|7\n|\n|t:|1597026760\n|switch|p1a: Toxapex|Toxapex, F|100\/100\n|-damage|p1a: Toxapex|88\/100|[from] Stealth Rock\n|move|p2a: Arabella Walter|Knock Off|p1a: Toxapex\n|-damage|p1a: Toxapex|65\/100\n|-enditem|p1a: Toxapex|Black Sludge|[from] move: Knock Off|[of] p2a: Arabella Walter\n|\n|-weather|SunnyDay|[upkeep]\n|upkeep\n|turn|8\n|\n|t:|1597026769\n|move|p2a: Arabella Walter|Taunt|p1a: Toxapex\n|-start|p1a: Toxapex|move: Taunt\n|cant|p1a: Toxapex|move: Taunt|Toxic\n|\n|-weather|SunnyDay|[upkeep]\n|upkeep\n|turn|9\n|c|\u2606mlt6a2 mimas|it's our chance guys!\n|\n|t:|1597026784\n|move|p2a: Arabella Walter|Parting Shot|p1a: Toxapex\n|-unboost|p1a: Toxapex|atk|1\n|-unboost|p1a: Toxapex|spa|1\n|\n|t:|1597026787\n|switch|p2a: Guy Bright|Volcarona, M|100\/100|[from]move: Parting Shot\n|move|p1a: Toxapex|Scald|p2a: Guy Bright\n|-supereffective|p2a: Guy Bright\n|-damage|p2a: Guy Bright|89\/100\n|\n|-weather|SunnyDay|[upkeep]\n|upkeep\n|turn|10\n|\n|t:|1597026793\n|switch|p1a: Pelipper|Pelipper, M|47\/100\n|-damage|p1a: Pelipper|22\/100|[from] Stealth Rock\n|-weather|RainDance|[from] ability: Drizzle|[of] p1a: Pelipper\n|move|p2a: Guy Bright|Quiver Dance|p2a: Guy Bright\n|-boost|p2a: Guy Bright|spa|1\n|-boost|p2a: Guy Bright|spd|1\n|-boost|p2a: Guy Bright|spe|1\n|\n|-weather|RainDance|[upkeep]\n|-heal|p1a: Pelipper|28\/100|[from] item: Leftovers\n|upkeep\n|turn|11\n|\n|t:|1597026800\n|move|p2a: Guy Bright|Psychic|p1a: Pelipper\n|-damage|p1a: Pelipper|0 fnt\n|faint|p1a: Pelipper\n|\n|-weather|RainDance|[upkeep]\n|upkeep\n|\n|t:|1597026806\n|switch|p1a: Kingdra|Kingdra, M|100\/100\n|-damage|p1a: Kingdra|88\/100|[from] Stealth Rock\n|turn|12\n|c|\u2606mlt6a2 mimas|!learn kingdra, aqua jet\n|c| mlt6a2 mimas|\/raw <div class=\"infobox\">In Gen 8, Kingdra <span class=\"message-learn-cannotlearn\">can't<\/span> learn Aqua Jet<\/div>\n|c|\u2606mlt6a2 mimas|!dt kingdra\n|raw|<div class=\"message\"><ul class=\"utilichart\"><li class=\"result\"><span class=\"col numcol\">OU<\/span> <span class=\"col iconcol\"><psicon pokemon=\"kingdra\"\/><\/span> <span class=\"col pokemonnamecol\" style=\"white-space:nowrap\"><a href=\"https:\/\/dex.pokemonshowdown.com\/pokemon\/kingdra\" target=\"_blank\">Kingdra<\/a><\/span> <span class=\"col typecol\"><img src=\"https:\/\/play.pokemonshowdown.com\/sprites\/types\/Water.png\" alt=\"Water\" height=\"14\" width=\"32\"><img src=\"https:\/\/play.pokemonshowdown.com\/sprites\/types\/Dragon.png\" alt=\"Dragon\" height=\"14\" width=\"32\"><\/span> <span style=\"float:left;min-height:26px\"><span class=\"col twoabilitycol\">Swift Swim<br \/>Sniper<\/span><span class=\"col abilitycol\"><em>Damp<\/em><\/span><\/span><span style=\"float:left;min-height:26px\"><span class=\"col statcol\"><em>HP<\/em><br \/>75<\/span> <span class=\"col statcol\"><em>Atk<\/em><br \/>95<\/span> <span class=\"col statcol\"><em>Def<\/em><br \/>95<\/span> <span class=\"col statcol\"><em>SpA<\/em><br \/>95<\/span> <span class=\"col statcol\"><em>SpD<\/em><br \/>95<\/span> <span class=\"col statcol\"><em>Spe<\/em><br \/>85<\/span> <span class=\"col bstcol\"><em>BST<br \/>540<\/em><\/span> <\/span><\/li><li style=\"clear:both\"><\/li><\/ul><\/div>\n|raw|<font size=\"1\"><font color=\"#686868\">Dex#:<\/font> 230&nbsp;|&ThickSpace;<font color=\"#686868\">Gen:<\/font> 2&nbsp;|&ThickSpace;<font color=\"#686868\">Height:<\/font> 1.8 m&nbsp;|&ThickSpace;<font color=\"#686868\">Weight:<\/font> 152 kg <em>(100 BP)<\/em>&nbsp;|&ThickSpace;<font color=\"#686868\">Dex Colour:<\/font> Blue&nbsp;|&ThickSpace;<font color=\"#686868\">Egg Group(s):<\/font> Water 1, Dragon&nbsp;|&ThickSpace;<font color=\"#686868\">Does Not Evolve<\/font><\/font>\n\n|c|\u2606mlt6a2 mimas|swift swim, hm..\n|inactive|mlt6a2 mimas has 120 seconds left.\n|\n|t:|1597026843\n|switch|p2a: Elin Blackburn|Torkoal, F|98\/100\n|-weather|SunnyDay|[from] ability: Drought|[of] p2a: Elin Blackburn\n|move|p1a: Kingdra|Hydro Pump|p2a: Elin Blackburn\n|-supereffective|p2a: Elin Blackburn\n|-damage|p2a: Elin Blackburn|0 fnt\n|faint|p2a: Elin Blackburn\n|\n|-weather|SunnyDay|[upkeep]\n|upkeep\n|\n|t:|1597026853\n|switch|p2a: Arabella Walter|Incineroar, F, shiny|100\/100\n|-ability|p2a: Arabella Walter|Intimidate|boost\n|-unboost|p1a: Kingdra|atk|1\n|turn|13\n|\n|t:|1597026862\n|move|p1a: Kingdra|Hydro Pump|p2a: Arabella Walter\n|-supereffective|p2a: Arabella Walter\n|-damage|p2a: Arabella Walter|50\/100\n|move|p2a: Arabella Walter|Parting Shot|p1a: Kingdra\n|-unboost|p1a: Kingdra|atk|1\n|-unboost|p1a: Kingdra|spa|1\n|inactive|mlt6a2 mimas has 120 seconds left.\n|\n|t:|1597026867\n|switch|p2a: Guy Bright|Volcarona, M|89\/100|[from]move: Parting Shot\n|\n|-weather|SunnyDay|[upkeep]\n|upkeep\n|turn|14\n|\n|t:|1597026878\n|switch|p1a: Toxapex|Toxapex, F|99\/100\n|-damage|p1a: Toxapex|86\/100|[from] Stealth Rock\n|move|p2a: Guy Bright|Quiver Dance|p2a: Guy Bright\n|-boost|p2a: Guy Bright|spa|1\n|-boost|p2a: Guy Bright|spd|1\n|-boost|p2a: Guy Bright|spe|1\n|\n|-weather|SunnyDay|[upkeep]\n|upkeep\n|turn|15\n|\n|t:|1597026883\n|move|p2a: Guy Bright|Psychic|p1a: Toxapex\n|-supereffective|p1a: Toxapex\n|-damage|p1a: Toxapex|10\/100\n|move|p1a: Toxapex|Haze|p1a: Toxapex\n|-clearallboost\n|\n|-weather|SunnyDay|[upkeep]\n|upkeep\n|turn|16\n|\n|t:|1597026894\n|switch|p1a: Seismitoad|Seismitoad, F|66\/100\n|-damage|p1a: Seismitoad|60\/100|[from] Stealth Rock\n|move|p2a: Guy Bright|Quiver Dance|p2a: Guy Bright\n|-boost|p2a: Guy Bright|spa|1\n|-boost|p2a: Guy Bright|spd|1\n|-boost|p2a: Guy Bright|spe|1\n|\n|-weather|SunnyDay|[upkeep]\n|-heal|p1a: Seismitoad|66\/100|[from] item: Leftovers\n|upkeep\n|turn|17\n|c|\u2606mlt6a2 mimas|i believe in you guy!\n|\n|t:|1597026912\n|move|p2a: Guy Bright|Bug Buzz|p1a: Seismitoad\n|-damage|p1a: Seismitoad|0 fnt\n|faint|p1a: Seismitoad\n|\n|-weather|SunnyDay|[upkeep]\n|upkeep\n|\n|t:|1597026927\n|switch|p1a: Kingdra|Kingdra, M|88\/100\n|-damage|p1a: Kingdra|76\/100|[from] Stealth Rock\n|turn|18\n|c|\u2606mlt6a2 mimas|finish him!\n|\n|t:|1597026956\n|move|p2a: Guy Bright|Bug Buzz|p1a: Kingdra\n|-damage|p1a: Kingdra|0 fnt\n|faint|p1a: Kingdra\n|\n|-weather|SunnyDay|[upkeep]\n|upkeep\n|\n|t:|1597026971\n|switch|p1a: Toxapex|Toxapex, F|43\/100\n|-damage|p1a: Toxapex|30\/100|[from] Stealth Rock\n|turn|19\n|\n|t:|1597026978\n|move|p2a: Guy Bright|Psychic|p1a: Toxapex\n|-supereffective|p1a: Toxapex\n|-damage|p1a: Toxapex|0 fnt\n|faint|p1a: Toxapex\n|\n|-weather|none\n|upkeep\n|\n|t:|1597026979\n|switch|p1a: Azumarill|Azumarill, F|100\/100\n|-damage|p1a: Azumarill|88\/100|[from] Stealth Rock\n|turn|20\n|c|\u2606mlt6a2 mimas|that was a nice play actually.\n|c|\u2606mlt6a2 mimas|wait the sun end, be ready guy.\n|c|\u2606mlt6a2 mimas|a belly drum user.\n|c|\u2606mlt6a2 mimas|and also aqua jet user.\n|\n|t:|1597027007\n|move|p1a: Azumarill|Aqua Jet|p2a: Guy Bright\n|-supereffective|p2a: Guy Bright\n|-damage|p2a: Guy Bright|8\/100\n|-status|p1a: Azumarill|brn|[from] ability: Flame Body|[of] p2a: Guy Bright\n|move|p2a: Guy Bright|Psychic|p1a: Azumarill\n|-damage|p1a: Azumarill|43\/100 brn\n|-enditem|p1a: Azumarill|Sitrus Berry|[eat]\n|-heal|p1a: Azumarill|68\/100 brn|[from] item: Sitrus Berry\n|\n|-damage|p1a: Azumarill|62\/100 brn|[from] brn\n|upkeep\n|turn|21\n|c|\u2606mlt6a2 mimas|NICE!\n|inactive|mlt6a2 mimas has 120 seconds left.\n|\n|t:|1597027026\n|move|p1a: Azumarill|Aqua Jet|p2a: Guy Bright\n|-supereffective|p2a: Guy Bright\n|-damage|p2a: Guy Bright|0 fnt\n|faint|p2a: Guy Bright\n|\n|-damage|p1a: Azumarill|56\/100 brn|[from] brn\n|upkeep\n|inactive|mlt6a2 mimas has 120 seconds left.\n|c|\u2606mlt6a2 mimas|you were increidble guy, time for another one bright like a diamond.\n|\n|t:|1597027041\n|switch|p2a: Eva Krueger|Rotom-Heat|100\/100\n|turn|22\n|\n|t:|1597027047\n|move|p2a: Eva Krueger|Substitute|p2a: Eva Krueger\n|-start|p2a: Eva Krueger|Substitute\n|-damage|p2a: Eva Krueger|76\/100\n|move|p1a: Azumarill|Knock Off|p2a: Eva Krueger\n|-end|p2a: Eva Krueger|Substitute\n|\n|-damage|p1a: Azumarill|50\/100 brn|[from] brn\n|upkeep\n|turn|23\n|\n|t:|1597027055\n|move|p1a: Azumarill|Aqua Jet|p2a: Eva Krueger\n|-supereffective|p2a: Eva Krueger\n|-damage|p2a: Eva Krueger|40\/100\n|move|p2a: Eva Krueger|Thunderbolt|p1a: Azumarill\n|-supereffective|p1a: Azumarill\n|-damage|p1a: Azumarill|0 fnt\n|faint|p1a: Azumarill\n|\n|upkeep\n|\n|t:|1597027060\n|switch|p1a: Dracovish|Dracovish|100\/100\n|-damage|p1a: Dracovish|88\/100|[from] Stealth Rock\n|turn|24\n|c|\u2606mlt6a2 mimas|the most dangerous one!\n|inactive|mlt6a2 mimas has 120 seconds left.\n|c|\u2606mlt6a2 mimas|choice scarf or choice band, hum..\n|\n|t:|1597027082\n|switch|p2a: Arabella Walter|Incineroar, F, shiny|50\/100\n|-ability|p2a: Arabella Walter|Intimidate|boost\n|-unboost|p1a: Dracovish|atk|1\n|move|p1a: Dracovish|Fishious Rend|p2a: Arabella Walter\n|-supereffective|p2a: Arabella Walter\n|-damage|p2a: Arabella Walter|0 fnt\n|faint|p2a: Arabella Walter\n|\n|upkeep\n|inactive|mlt6a2 mimas has 120 seconds left.\n|\n|t:|1597027093\n|switch|p2a: Eva Krueger|Rotom-Heat|40\/100\n|turn|25\n|\n|t:|1597027095\n|move|p1a: Dracovish|Fishious Rend|p2a: Eva Krueger\n|-supereffective|p2a: Eva Krueger\n|-damage|p2a: Eva Krueger|0 fnt\n|faint|p2a: Eva Krueger\n|\n|upkeep\n|c|\u2606mlt6a2 mimas|a choice band user, oh god we lost this one!\n|inactive|mlt6a2 mimas has 120 seconds left.\n|c|\u2606mlt6a2 mimas|scarf*\n|\n|t:|1597027109\n|switch|p2a: Michael Morrow|Cinderace, M|100\/100\n|turn|26\n|inactive|mlt6a2 mimas has 120 seconds left.\n|c|\u2606mlt6a2 mimas|\/me cries\n|\n|t:|1597027123\n|move|p1a: Dracovish|Fishious Rend|p2a: Michael Morrow\n|-supereffective|p2a: Michael Morrow\n|-damage|p2a: Michael Morrow|0 fnt\n|faint|p2a: Michael Morrow\n|\n|win|BaddyGames\n|c|\u2606mlt6a2 mimas|:(\n|c|\u2606BaddyGames|gg\n|raw|BaddyGames's rating: 1229 &rarr; <strong>1256<\/strong><br \/>(+27 for winning)\n|raw|mlt6a2 mimas's rating: 1249 &rarr; <strong>1223<\/strong><br \/>(-26 for losing)\n|l|\u2606BaddyGames\n|c|\u2606mlt6a2 mimas|it was close team, good job!\n","uploadtime":1597027186,"views":20,"p1id":"baddygames","p2id":"mlt6a2mimas","formatid":"gen8monotype","rating":1223,"private":0,"password":null}