{"id":"gen8vgc2020-1190182450","p1":"davidmusic","p2":"bhkg","format":"gen8vgc2020","log":"|j|\u2606davidmusic\n|j|\u2606bhkg\n|t:|1600619776\n|player|p1|davidmusic|2|1382\n|player|p2|bhkg|1|1488\n|teamsize|p1|6\n|teamsize|p2|6\n|gametype|doubles\n|gen|8\n|tier|[Gen 8] VGC 2020\n|rated|\n|clearpoke\n|poke|p1|Sirfetch\u2019d, L50, M|\n|poke|p1|Noivern, L50, M|\n|poke|p1|Clefable, L50, F|\n|poke|p1|Diggersby, L50, M|\n|poke|p1|Rotom-Wash, L50|\n|poke|p1|Tsareena, L50, F|\n|poke|p2|Toxapex, L50, F|\n|poke|p2|Salazzle, L50, F|\n|poke|p2|Sandaconda, L50, M|\n|poke|p2|Duraludon, L50, M|\n|poke|p2|Togekiss, L50, F|\n|poke|p2|Trevenant, L50, F|\n|rule|Species Clause: Limit one of each Pok\u00e9mon\n|rule|Item Clause: Limit one of each item\n|teampreview|4\n|\n|t:|1600619802\n|start\n|switch|p1a: Diggersby|Diggersby, L50, M, shiny|48\/48\n|switch|p1b: Noivern|Noivern, L50, M, shiny|48\/48\n|switch|p2a: Toxapex|Toxapex, L50, F, shiny|48\/48\n|switch|p2b: Salazzle|Salazzle, L50, F|48\/48\n|-item|p2a: Toxapex|Weakness Policy|[from] ability: Frisk|[of] p1b: Noivern|[identify]\n|-item|p2b: Salazzle|Focus Sash|[from] ability: Frisk|[of] p1b: Noivern|[identify]\n|turn|1\n|inactive|Battle timer is ON: inactive players will automatically lose when time's up. (requested by bhkg)\n|\n|t:|1600619855\n|-start|p2a: Toxapex|Dynamax\n|-heal|p2a: Toxapex|48\/48|[silent]\n|move|p1b: Noivern|Tailwind|p1b: Noivern\n|-sidestart|p1: davidmusic|move: Tailwind\n|move|p1a: Diggersby|Earthquake|p2a: Toxapex|[spread] p2a,p2b\n|-immune|p1b: Noivern\n|-supereffective|p2a: Toxapex\n|-supereffective|p2b: Salazzle\n|-damage|p2a: Toxapex|31\/48\n|-enditem|p2b: Salazzle|Focus Sash\n|-damage|p2b: Salazzle|1\/48\n|-enditem|p2a: Toxapex|Weakness Policy\n|-boost|p2a: Toxapex|atk|2|[from] item: Weakness Policy\n|-boost|p2a: Toxapex|spa|2|[from] item: Weakness Policy\n|move|p2b: Salazzle|Poison Gas|p1b: Noivern|[spread] p1a,p1b\n|-status|p1a: Diggersby|psn\n|-status|p1b: Noivern|psn\n|move|p2a: Toxapex|Max Geyser|p1a: Diggersby\n|-supereffective|p1a: Diggersby\n|-crit|p1a: Diggersby\n|-damage|p1a: Diggersby|0 fnt\n|-weather|RainDance\n|faint|p1a: Diggersby\n|\n|-weather|RainDance|[upkeep]\n|-damage|p1b: Noivern|42\/48 psn|[from] psn\n|upkeep\n|\n|t:|1600619880\n|switch|p1a: Rotom|Rotom-Wash, L50, shiny|48\/48\n|turn|2\n|\n|t:|1600619894\n|-start|p1a: Rotom|Dynamax\n|-heal|p1a: Rotom|48\/48|[silent]\n|move|p2b: Salazzle|Protect|p2b: Salazzle\n|-singleturn|p2b: Salazzle|Protect\n|move|p1b: Noivern|Draco Meteor|p2b: Salazzle\n|-activate|p2b: Salazzle|move: Protect\n|move|p1a: Rotom|Max Lightning|p2a: Toxapex\n|-supereffective|p2a: Toxapex\n|-damage|p2a: Toxapex|6\/48\n|-fieldstart|move: Electric Terrain\n|move|p2a: Toxapex|Max Ooze|p1b: Noivern\n|-crit|p1b: Noivern\n|-damage|p1b: Noivern|0 fnt\n|-boost|p2a: Toxapex|spa|1\n|-boost|p2b: Salazzle|spa|1\n|faint|p1b: Noivern\n|\n|-weather|RainDance|[upkeep]\n|upkeep\n|\n|t:|1600619915\n|switch|p1b: Clefable|Clefable, L50, F, shiny|48\/48\n|turn|3\n|\n|t:|1600619922\n|move|p1b: Clefable|Protect|p1b: Clefable\n|-singleturn|p1b: Clefable|Protect\n|move|p2a: Toxapex|Max Guard|p2a: Toxapex\n|-singleturn|p2a: Toxapex|Max Guard\n|move|p1a: Rotom|Max Lightning|p2a: Toxapex\n|-activate|p2a: Toxapex|move: Max Guard\n|move|p2b: Salazzle|Poison Gas|p1a: Rotom|[spread] p1a\n|-activate|p1b: Clefable|move: Protect\n|-status|p1a: Rotom|psn\n|\n|-weather|RainDance|[upkeep]\n|-damage|p1a: Rotom|45\/48 psn|[from] psn\n|-end|p2a: Toxapex|Dynamax\n|-heal|p2a: Toxapex|6\/48|[silent]\n|upkeep\n|turn|4\n|\n|t:|1600619940\n|move|p1a: Rotom|Max Lightning|p2a: Toxapex\n|-supereffective|p2a: Toxapex\n|-damage|p2a: Toxapex|0 fnt\n|faint|p2a: Toxapex\n|move|p2b: Salazzle|Sludge Bomb|p1b: Clefable\n|-supereffective|p1b: Clefable\n|-damage|p1b: Clefable|0 fnt\n|faint|p1b: Clefable\n|\n|-weather|RainDance|[upkeep]\n|-damage|p1a: Rotom|42\/48 psn|[from] psn\n|-sideend|p1: davidmusic|move: Tailwind\n|-end|p1a: Rotom|Dynamax\n|-heal|p1a: Rotom|42\/48 psn|[silent]\n|upkeep\n|\n|t:|1600619952\n|switch|p2a: Duraludon|Duraludon, L50, M|48\/48\n|turn|5\n|-message|davidmusic forfeited.\n|\n|win|bhkg\n|l|\u2606davidmusic\n|raw|davidmusic's rating: 1382 &rarr; <strong>1369<\/strong><br \/>(-13 for losing)\n|raw|bhkg's rating: 1513 &rarr; <strong>1526<\/strong><br \/>(+13 for winning)\n","uploadtime":1600619965,"views":10,"p1id":"davidmusic","p2id":"bhkg","formatid":"gen8vgc2020","rating":1369,"private":0,"password":null}