{"id":"gen8ou-1223629070","p1":"glaed13","p2":"booktruth","format":"gen8ou","log":"|j|\u2606glaed13\n|j|\u2606booktruth\n|t:|1605376556\n|player|p1|glaed13|cheren-gen5bw2|1285\n|player|p2|booktruth|shauntal|1321\n|teamsize|p1|6\n|teamsize|p2|6\n|gametype|singles\n|gen|8\n|tier|[Gen 8] OU\n|rated|\n|clearpoke\n|poke|p1|Galvantula, M|\n|poke|p1|Sigilyph, F|\n|poke|p1|Unfezant, F|\n|poke|p1|Morpeko, M|\n|poke|p1|Mandibuzz, F|\n|poke|p1|Cinccino, M|\n|poke|p2|Dragonite, M|\n|poke|p2|Ferrothorn, F|\n|poke|p2|Pelipper, F|\n|poke|p2|Barraskewda, M|\n|poke|p2|Pheromosa|\n|poke|p2|Thundurus-Therian, M|\n|rule|Sleep Clause Mod: Limit one foe put to sleep\n|rule|Species Clause: Limit one of each Pok\u00e9mon\n|rule|OHKO Clause: OHKO moves are banned\n|rule|Evasion Moves Clause: Evasion moves are banned\n|rule|Endless Battle Clause: Forcing endless battles is banned\n|rule|HP Percentage Mod: HP is shown in percentages\n|rule|Dynamax Clause: You cannot dynamax\n|teampreview\n|inactive|Battle timer is ON: inactive players will automatically lose when time's up. (requested by glaed13)\n|\n|t:|1605376568\n|start\n|switch|p1a: Galvantula|Galvantula, M, shiny|100\/100\n|switch|p2a: Pheromosa|Pheromosa|100\/100\n|turn|1\n|\n|t:|1605376579\n|move|p2a: Pheromosa|Triple Axel|p1a: Galvantula\n|-damage|p1a: Galvantula|87\/100\n|-damage|p1a: Galvantula|59\/100\n|-damage|p1a: Galvantula|13\/100\n|-hitcount|p1a: Galvantula|3\n|move|p1a: Galvantula|Sticky Web|p2a: Pheromosa\n|-sidestart|p2: booktruth|move: Sticky Web\n|\n|upkeep\n|turn|2\n|\n|t:|1605376592\n|move|p2a: Pheromosa|Triple Axel|p1a: Galvantula\n|-damage|p1a: Galvantula|0 fnt\n|-hitcount|p1a: Galvantula|1\n|faint|p1a: Galvantula\n|-ability|p2a: Pheromosa|Beast Boost|boost\n|-boost|p2a: Pheromosa|atk|1\n|\n|upkeep\n|\n|t:|1605376600\n|switch|p1a: Morpeko|Morpeko, M|100\/100\n|turn|3\n|\n|t:|1605376605\n|move|p2a: Pheromosa|Triple Axel|p1a: Morpeko\n|-damage|p1a: Morpeko|78\/100\n|-damage|p1a: Morpeko|30\/100\n|-damage|p1a: Morpeko|0 fnt\n|-hitcount|p1a: Morpeko|3\n|faint|p1a: Morpeko\n|-ability|p2a: Pheromosa|Beast Boost|boost\n|-boost|p2a: Pheromosa|atk|1\n|\n|upkeep\n|\n|t:|1605376615\n|switch|p1a: Cinccino|Cinccino, M|100\/100\n|turn|4\n|\n|t:|1605376621\n|move|p2a: Pheromosa|Triple Axel|p1a: Cinccino\n|-damage|p1a: Cinccino|71\/100\n|-damage|p1a: Cinccino|12\/100\n|-damage|p1a: Cinccino|0 fnt\n|-hitcount|p1a: Cinccino|3\n|faint|p1a: Cinccino\n|-ability|p2a: Pheromosa|Beast Boost|boost\n|-boost|p2a: Pheromosa|atk|1\n|\n|upkeep\n|\n|t:|1605376627\n|switch|p1a: Sigilyph|Sigilyph, F|100\/100\n|turn|5\n|\n|t:|1605376630\n|move|p2a: Pheromosa|Triple Axel|p1a: Sigilyph\n|-supereffective|p1a: Sigilyph\n|-crit|p1a: Sigilyph\n|-damage|p1a: Sigilyph|55\/100\n|-supereffective|p1a: Sigilyph\n|-damage|p1a: Sigilyph|0 fnt\n|-hitcount|p1a: Sigilyph|2\n|faint|p1a: Sigilyph\n|-ability|p2a: Pheromosa|Beast Boost|boost\n|-boost|p2a: Pheromosa|atk|1\n|\n|upkeep\n|\n|t:|1605376635\n|switch|p1a: Unfezant|Unfezant, F|100\/100\n|turn|6\n|\n|t:|1605376639\n|move|p2a: Pheromosa|Triple Axel|p1a: Unfezant\n|-supereffective|p1a: Unfezant\n|-damage|p1a: Unfezant|37\/100\n|-supereffective|p1a: Unfezant\n|-damage|p1a: Unfezant|0 fnt\n|-hitcount|p1a: Unfezant|2\n|faint|p1a: Unfezant\n|-ability|p2a: Pheromosa|Beast Boost|boost\n|-boost|p2a: Pheromosa|atk|1\n|\n|upkeep\n|\n|t:|1605376641\n|switch|p1a: Mandibuzz|Mandibuzz, F|100\/100\n|turn|7\n|\n|t:|1605376648\n|move|p2a: Pheromosa|Triple Axel|p1a: Mandibuzz\n|-supereffective|p1a: Mandibuzz\n|-damage|p1a: Mandibuzz|65\/100\n|-supereffective|p1a: Mandibuzz\n|-damage|p1a: Mandibuzz|0 fnt\n|-hitcount|p1a: Mandibuzz|2\n|faint|p1a: Mandibuzz\n|\n|win|booktruth\n|l|\u2606glaed13\n","uploadtime":1605376672,"views":7,"p1id":"glaed13","p2id":"booktruth","formatid":"gen8ou","rating":0,"private":0,"password":null}