{"id":"gen8nationaldex-1681774325","p1":"FleetFoxxx","p2":"MikeDecIsHere","format":"gen8nationaldex","log":"|j|\u2606FleetFoxxx\n|j|\u2606MikeDecIsHere\n|t:|1665350316\n|gametype|singles\n|player|p1|FleetFoxxx|flannery|\n|player|p2|MikeDecIsHere|#mikedecishere|\n|teamsize|p1|6\n|teamsize|p2|6\n|gen|8\n|tier|[Gen 8] National Dex\n|rule|HP Percentage Mod: HP is shown in percentages\n|rule|Endless Battle Clause: Forcing endless battles is banned\n|rule|OHKO Clause: OHKO moves are banned\n|rule|Evasion Moves Clause: Evasion moves are banned\n|rule|Species Clause: Limit one of each Pok\u00e9mon\n|rule|Dynamax Clause: You cannot dynamax\n|rule|Sleep Clause Mod: Limit one foe put to sleep\n|clearpoke\n|poke|p1|Goodra, F|\n|poke|p1|Pinsir, M|\n|poke|p1|Runerigus, M|\n|poke|p1|Celesteela|\n|poke|p1|Hydreigon, M|\n|poke|p1|Silvally-*|\n|poke|p2|Nidoqueen, F|\n|poke|p2|Melmetal|\n|poke|p2|Rotom|\n|poke|p2|Terrakion|\n|poke|p2|Celebi|\n|poke|p2|Feraligatr, M|\n|teampreview\n|c|\u2606MikeDecIsHere|gl hf\n|\n|t:|1665350331\n|start\n|switch|p1a: Goodra|Goodra, F|100\/100\n|switch|p2a: Terrakion|Terrakion|100\/100\n|turn|1\n|c|\u2606FleetFoxxx|gl hf!\n|\n|t:|1665350349\n|move|p2a: Terrakion|Stealth Rock|p1a: Goodra\n|-sidestart|p1: FleetFoxxx|move: Stealth Rock\n|move|p1a: Goodra|Dragon Pulse|p2a: Terrakion\n|-damage|p2a: Terrakion|65\/100\n|\n|-heal|p2a: Terrakion|71\/100|[from] item: Leftovers\n|upkeep\n|turn|2\n|\n|t:|1665350358\n|move|p2a: Terrakion|Toxic|p1a: Goodra\n|-status|p1a: Goodra|tox\n|move|p1a: Goodra|Dragon Pulse|p2a: Terrakion\n|-damage|p2a: Terrakion|37\/100\n|\n|-heal|p2a: Terrakion|43\/100|[from] item: Leftovers\n|-damage|p1a: Goodra|94\/100 tox|[from] psn\n|upkeep\n|turn|3\n|\n|t:|1665350366\n|switch|p2a: Melmetal|Melmetal|100\/100\n|move|p1a: Goodra|Dragon Pulse|p2a: Melmetal\n|-resisted|p2a: Melmetal\n|-damage|p2a: Melmetal|93\/100\n|\n|-heal|p1a: Goodra|100\/100 tox|[from] item: Leftovers\n|-damage|p1a: Goodra|88\/100 tox|[from] psn\n|upkeep\n|turn|4\n|\n|t:|1665350377\n|move|p2a: Melmetal|Thunder Punch|p1a: Goodra\n|-resisted|p1a: Goodra\n|-damage|p1a: Goodra|75\/100 tox\n|-ability|p1a: Goodra|Gooey\n|-unboost|p2a: Melmetal|spe|1\n|move|p1a: Goodra|Counter|p2a: Melmetal\n|-damage|p2a: Melmetal|70\/100\n|\n|-heal|p1a: Goodra|81\/100 tox|[from] item: Leftovers\n|-damage|p1a: Goodra|63\/100 tox|[from] psn\n|upkeep\n|turn|5\n|\n|t:|1665350391\n|move|p1a: Goodra|Flamethrower|p2a: Melmetal\n|-supereffective|p2a: Melmetal\n|-damage|p2a: Melmetal|49\/100\n|move|p2a: Melmetal|Ice Punch|p1a: Goodra\n|-supereffective|p1a: Goodra\n|-damage|p1a: Goodra|11\/100 tox\n|-ability|p1a: Goodra|Gooey\n|-unboost|p2a: Melmetal|spe|1\n|\n|-heal|p1a: Goodra|17\/100 tox|[from] item: Leftovers\n|-damage|p1a: Goodra|0 fnt|[from] psn\n|faint|p1a: Goodra\n|upkeep\n|\n|t:|1665350465\n|switch|p1a: Runerigus|Runerigus, M|100\/100\n|-damage|p1a: Runerigus|95\/100|[from] Stealth Rock\n|turn|6\n|\n|t:|1665350471\n|switch|p2a: Rotom|Rotom|100\/100\n|move|p1a: Runerigus|Earthquake|p2a: Rotom\n|-immune|p2a: Rotom|[from] ability: Levitate\n|\n|-heal|p1a: Runerigus|100\/100|[from] item: Leftovers\n|upkeep\n|turn|7\n|\n|t:|1665350483\n|move|p2a: Rotom|Shadow Ball|p1a: Runerigus\n|-supereffective|p1a: Runerigus\n|-damage|p1a: Runerigus|21\/100\n|move|p1a: Runerigus|Stealth Rock|p2a: Rotom\n|-sidestart|p2: MikeDecIsHere|move: Stealth Rock\n|\n|-heal|p1a: Runerigus|27\/100|[from] item: Leftovers\n|upkeep\n|turn|8\n|\n|t:|1665350515\n|move|p2a: Rotom|Shadow Ball|p1a: Runerigus\n|-supereffective|p1a: Runerigus\n|-damage|p1a: Runerigus|0 fnt\n|faint|p1a: Runerigus\n|\n|upkeep\n|\n|t:|1665350518\n|switch|p1a: Hydreigon|Hydreigon, M|100\/100\n|-damage|p1a: Hydreigon|88\/100|[from] Stealth Rock\n|turn|9\n|\n|t:|1665350523\n|move|p1a: Hydreigon|Dark Pulse|p2a: Rotom\n|-supereffective|p2a: Rotom\n|-damage|p2a: Rotom|0 fnt\n|faint|p2a: Rotom\n|\n|upkeep\n|\n|t:|1665350532\n|switch|p2a: Terrakion|Terrakion|43\/100\n|-damage|p2a: Terrakion|37\/100|[from] Stealth Rock\n|turn|10\n|\n|t:|1665350543\n|switch|p1a: Silvally|Silvally-Fairy|100\/100\n|-damage|p1a: Silvally|88\/100|[from] Stealth Rock\n|move|p2a: Terrakion|Close Combat|p1a: Silvally\n|-resisted|p1a: Silvally\n|-damage|p1a: Silvally|61\/100\n|-unboost|p2a: Terrakion|def|1\n|-unboost|p2a: Terrakion|spd|1\n|\n|-heal|p2a: Terrakion|43\/100|[from] item: Leftovers\n|upkeep\n|turn|11\n|\n|t:|1665350565\n|switch|p2a: Nidoqueen|Nidoqueen, F|100\/100\n|-damage|p2a: Nidoqueen|94\/100|[from] Stealth Rock\n|move|p1a: Silvally|Multi-Attack|p2a: Nidoqueen\n|-resisted|p2a: Nidoqueen\n|-damage|p2a: Nidoqueen|71\/100\n|\n|upkeep\n|turn|12\n|\n|t:|1665350582\n|move|p1a: Silvally|Parting Shot|p2a: Nidoqueen\n|-unboost|p2a: Nidoqueen|atk|1\n|-unboost|p2a: Nidoqueen|spa|1\n|\n|t:|1665350588\n|switch|p1a: Celesteela|Celesteela|100\/100|[from]move: Parting Shot\n|-damage|p1a: Celesteela|88\/100|[from] Stealth Rock\n|move|p2a: Nidoqueen|Flamethrower|p1a: Celesteela\n|-supereffective|p1a: Celesteela\n|-damage|p1a: Celesteela|52\/100\n|\n|-heal|p1a: Celesteela|58\/100|[from] item: Leftovers\n|upkeep\n|turn|13\n|\n|t:|1665350600\n|move|p1a: Celesteela|Protect|p1a: Celesteela\n|-singleturn|p1a: Celesteela|Protect\n|move|p2a: Nidoqueen|Flamethrower|p1a: Celesteela\n|-activate|p1a: Celesteela|move: Protect\n|\n|-heal|p1a: Celesteela|64\/100|[from] item: Leftovers\n|upkeep\n|turn|14\n|\n|t:|1665350609\n|switch|p2a: Celebi|Celebi|100\/100\n|-damage|p2a: Celebi|88\/100|[from] Stealth Rock\n|move|p1a: Celesteela|Leech Seed|p2a: Celebi\n|-immune|p2a: Celebi\n|\n|-heal|p2a: Celebi|94\/100|[from] item: Leftovers\n|-heal|p1a: Celesteela|70\/100|[from] item: Leftovers\n|upkeep\n|turn|15\n|\n|t:|1665350619\n|move|p2a: Celebi|Substitute|p2a: Celebi\n|-start|p2a: Celebi|Substitute\n|-damage|p2a: Celebi|69\/100\n|move|p1a: Celesteela|Heavy Slam|p2a: Celebi\n|-end|p2a: Celebi|Substitute\n|\n|-heal|p2a: Celebi|75\/100|[from] item: Leftovers\n|-heal|p1a: Celesteela|76\/100|[from] item: Leftovers\n|upkeep\n|turn|16\n|\n|t:|1665350627\n|switch|p2a: Melmetal|Melmetal|49\/100\n|-damage|p2a: Melmetal|43\/100|[from] Stealth Rock\n|move|p1a: Celesteela|Heavy Slam|p2a: Melmetal\n|-resisted|p2a: Melmetal\n|-damage|p2a: Melmetal|39\/100\n|\n|-heal|p1a: Celesteela|82\/100|[from] item: Leftovers\n|upkeep\n|turn|17\n|\n|t:|1665350641\n|move|p1a: Celesteela|Protect|p1a: Celesteela\n|-singleturn|p1a: Celesteela|Protect\n|move|p2a: Melmetal|Thunder Punch|p1a: Celesteela\n|-activate|p1a: Celesteela|move: Protect\n|\n|-heal|p1a: Celesteela|88\/100|[from] item: Leftovers\n|upkeep\n|turn|18\n|\n|t:|1665350648\n|move|p1a: Celesteela|Leech Seed|p2a: Melmetal\n|-start|p2a: Melmetal|move: Leech Seed\n|move|p2a: Melmetal|Thunder Punch|p1a: Celesteela\n|-supereffective|p1a: Celesteela\n|-damage|p1a: Celesteela|49\/100\n|\n|-heal|p1a: Celesteela|55\/100|[from] item: Leftovers\n|-damage|p2a: Melmetal|27\/100|[from] Leech Seed|[of] p1a: Celesteela\n|-heal|p1a: Celesteela|69\/100|[silent]\n|upkeep\n|turn|19\n|\n|t:|1665350670\n|switch|p2a: Nidoqueen|Nidoqueen, F|71\/100\n|-damage|p2a: Nidoqueen|65\/100|[from] Stealth Rock\n|move|p1a: Celesteela|Flamethrower|p2a: Nidoqueen\n|-damage|p2a: Nidoqueen|41\/100\n|\n|-heal|p1a: Celesteela|75\/100|[from] item: Leftovers\n|upkeep\n|turn|20\n|\n|t:|1665350678\n|move|p1a: Celesteela|Protect|p1a: Celesteela\n|-singleturn|p1a: Celesteela|Protect\n|move|p2a: Nidoqueen|Flamethrower|p1a: Celesteela\n|-activate|p1a: Celesteela|move: Protect\n|\n|-heal|p1a: Celesteela|81\/100|[from] item: Leftovers\n|upkeep\n|turn|21\n|\n|t:|1665350690\n|move|p2a: Nidoqueen|Flamethrower|p1a: Celesteela\n|-supereffective|p1a: Celesteela\n|-damage|p1a: Celesteela|20\/100\n|move|p1a: Celesteela|Leech Seed|p2a: Nidoqueen\n|-start|p2a: Nidoqueen|move: Leech Seed\n|\n|-heal|p1a: Celesteela|26\/100|[from] item: Leftovers\n|-damage|p2a: Nidoqueen|29\/100|[from] Leech Seed|[of] p1a: Celesteela\n|-heal|p1a: Celesteela|36\/100|[silent]\n|upkeep\n|turn|22\n|\n|t:|1665350714\n|switch|p2a: Feraligatr|Feraligatr, M|100\/100\n|-damage|p2a: Feraligatr|88\/100|[from] Stealth Rock\n|move|p1a: Celesteela|Heavy Slam|p2a: Feraligatr\n|-resisted|p2a: Feraligatr\n|-damage|p2a: Feraligatr|65\/100\n|\n|-heal|p1a: Celesteela|42\/100|[from] item: Leftovers\n|upkeep\n|turn|23\n|\n|t:|1665350723\n|switch|p1a: Silvally|Silvally-Fairy|61\/100\n|-damage|p1a: Silvally|48\/100|[from] Stealth Rock\n|move|p2a: Feraligatr|Liquidation|p1a: Silvally\n|-damage|p1a: Silvally|2\/100\n|\n|upkeep\n|turn|24\n|\n|t:|1665350731\n|move|p1a: Silvally|Multi-Attack|p2a: Feraligatr\n|-damage|p2a: Feraligatr|22\/100\n|move|p2a: Feraligatr|Dragon Dance|p2a: Feraligatr\n|-boost|p2a: Feraligatr|atk|1\n|-boost|p2a: Feraligatr|spe|1\n|\n|upkeep\n|turn|25\n|\n|t:|1665350738\n|move|p2a: Feraligatr|Liquidation|p1a: Silvally\n|-damage|p1a: Silvally|0 fnt\n|faint|p1a: Silvally\n|\n|upkeep\n|\n|t:|1665350740\n|switch|p1a: Hydreigon|Hydreigon, M|88\/100\n|-damage|p1a: Hydreigon|76\/100|[from] Stealth Rock\n|turn|26\n|\n|t:|1665350745\n|move|p1a: Hydreigon|Dark Pulse|p2a: Feraligatr\n|-damage|p2a: Feraligatr|0 fnt\n|faint|p2a: Feraligatr\n|\n|upkeep\n|\n|t:|1665350749\n|switch|p2a: Terrakion|Terrakion|43\/100\n|-damage|p2a: Terrakion|37\/100|[from] Stealth Rock\n|turn|27\n|\n|t:|1665350794\n|switch|p1a: Celesteela|Celesteela|42\/100\n|-damage|p1a: Celesteela|30\/100|[from] Stealth Rock\n|move|p2a: Terrakion|Close Combat|p1a: Celesteela\n|-damage|p1a: Celesteela|0 fnt\n|-unboost|p2a: Terrakion|def|1\n|-unboost|p2a: Terrakion|spd|1\n|faint|p1a: Celesteela\n|\n|-heal|p2a: Terrakion|43\/100|[from] item: Leftovers\n|upkeep\n|\n|t:|1665350800\n|switch|p1a: Pinsir|Pinsir, M|100\/100\n|-damage|p1a: Pinsir|76\/100|[from] Stealth Rock\n|turn|28\n|\n|t:|1665350809\n|switch|p2a: Melmetal|Melmetal|27\/100\n|-damage|p2a: Melmetal|21\/100|[from] Stealth Rock\n|detailschange|p1a: Pinsir|Pinsir-Mega, M\n|-mega|p1a: Pinsir|Pinsir|Pinsirite\n|move|p1a: Pinsir|Quick Attack|p2a: Melmetal\n|-resisted|p2a: Melmetal\n|-damage|p2a: Melmetal|13\/100\n|\n|upkeep\n|turn|29\n|j| Deathbypudding\n|\n|t:|1665350850\n|move|p1a: Pinsir|Close Combat|p2a: Melmetal\n|-supereffective|p2a: Melmetal\n|-damage|p2a: Melmetal|0 fnt\n|-unboost|p1a: Pinsir|def|1\n|-unboost|p1a: Pinsir|spd|1\n|faint|p2a: Melmetal\n|\n|upkeep\n|c| Deathbypudding|I knew it\n|\n|t:|1665350856\n|switch|p2a: Terrakion|Terrakion|43\/100\n|-damage|p2a: Terrakion|37\/100|[from] Stealth Rock\n|turn|30\n|j| VeVii\n|j|+111ace111\n|j| sicksickboy\n|c| sicksickboy|gl mega pinsir player\n|\n|t:|1665350893\n|move|p1a: Pinsir|Quick Attack|p2a: Terrakion\n|-damage|p2a: Terrakion|3\/100\n|move|p2a: Terrakion|Rock Slide|p1a: Pinsir\n|-supereffective|p1a: Pinsir\n|-damage|p1a: Pinsir|0 fnt\n|faint|p1a: Pinsir\n|\n|-heal|p2a: Terrakion|9\/100|[from] item: Leftovers\n|upkeep\n|\n|t:|1665350896\n|switch|p1a: Hydreigon|Hydreigon, M|76\/100\n|-damage|p1a: Hydreigon|64\/100|[from] Stealth Rock\n|turn|31\n|c|\u2606MikeDecIsHere|unfortunately i still lose i think but we shall see\n|\n|t:|1665350906\n|move|p1a: Hydreigon|Dark Pulse|p2a: Terrakion\n|-resisted|p2a: Terrakion\n|-damage|p2a: Terrakion|0 fnt\n|faint|p2a: Terrakion\n|\n|upkeep\n|\n|t:|1665350913\n|switch|p2a: Celebi|Celebi|75\/100\n|-damage|p2a: Celebi|63\/100|[from] Stealth Rock\n|turn|32\n|\n|t:|1665350917\n|move|p1a: Hydreigon|Dark Pulse|p2a: Celebi\n|-supereffective|p2a: Celebi\n|-damage|p2a: Celebi|0 fnt\n|faint|p2a: Celebi\n|\n|upkeep\n|c| Deathbypudding|can the bee do it\n|c|\u2606MikeDecIsHere|yup\n|c|\u2606MikeDecIsHere|gg!\n|c| Deathbypudding|rip\n|\n|t:|1665350922\n|switch|p2a: Nidoqueen|Nidoqueen, F|29\/100\n|-damage|p2a: Nidoqueen|23\/100|[from] Stealth Rock\n|turn|33\n|c| Deathbypudding|not quite fast enough\n|c|\u2606FleetFoxxx|gg\n|j| DoomCow33\n|c|\u2606MikeDecIsHere|its scarfed lol\n|\n|t:|1665350933\n|move|p1a: Hydreigon|Dark Pulse|p2a: Nidoqueen\n|-damage|p2a: Nidoqueen|0 fnt\n|faint|p2a: Nidoqueen\n|\n|win|FleetFoxxx\n|c| Deathbypudding|(yes)\n|c|\u2606MikeDecIsHere|gimme two seconds\n|c|\u2606FleetFoxxx|ok ping when ready\n|l| VeVii\n|c| Deathbypudding|no undefeated players remain\n|l| DoomCow33\n|l|\u2606FleetFoxxx\n|j| sh0shin4\n|l| sicksickboy\n|j| johngalt149\n|l| johngalt149\n","uploadtime":1665351720,"views":23,"p1id":"fleetfoxxx","p2id":"mikedecishere","formatid":"gen8nationaldex","rating":0,"private":0,"password":null}