{"id":"gen8ou-1586044943","p1":"cucumber22","p2":"Chokst du","format":"gen8ou","log":"|j|\u2606cucumber22\n|j|\u2606Chokst du\n|t:|1653938403\n|gametype|singles\n|player|p1|cucumber22|dancer|1752\n|player|p2|Chokst du|101|1913\n|teamsize|p1|6\n|teamsize|p2|6\n|gen|8\n|tier|[Gen 8] OU\n|rated|\n|rule|Sleep Clause Mod: Limit one foe put to sleep\n|rule|Species Clause: Limit one of each Pok\u00e9mon\n|rule|OHKO Clause: OHKO moves are banned\n|rule|Evasion Moves Clause: Evasion moves are banned\n|rule|Endless Battle Clause: Forcing endless battles is banned\n|rule|HP Percentage Mod: HP is shown in percentages\n|rule|Dynamax Clause: You cannot dynamax\n|clearpoke\n|poke|p1|Pelipper, F|\n|poke|p1|Ferrothorn, M|\n|poke|p1|Urshifu-*, F|\n|poke|p1|Kingdra, M|\n|poke|p1|Garchomp, F|\n|poke|p1|Zapdos|\n|poke|p2|Dragapult, M|\n|poke|p2|Corviknight, M|\n|poke|p2|Clefable, M|\n|poke|p2|Reuniclus, F|\n|poke|p2|Gastrodon, M|\n|poke|p2|Toxapex, F|\n|teampreview\n|inactive|Battle timer is ON: inactive players will automatically lose when time's up. (requested by Chokst du)\n|\n|t:|1653938426\n|start\n|switch|p1a: Zapdos|Zapdos, shiny|100\/100\n|switch|p2a: Toxapex|Toxapex, F|100\/100\n|turn|1\n|\n|t:|1653938429\n|switch|p2a: Gastrodon|Gastrodon, M|100\/100\n|move|p1a: Zapdos|Thunder|p2a: Gastrodon\n|-immune|p2a: Gastrodon\n|\n|upkeep\n|turn|2\n|\n|t:|1653938433\n|switch|p1a: Ferrothorn|Ferrothorn, M|100\/100\n|move|p2a: Gastrodon|Scald|p1a: Ferrothorn\n|-resisted|p1a: Ferrothorn\n|-damage|p1a: Ferrothorn|92\/100\n|-status|p1a: Ferrothorn|brn\n|\n|-heal|p1a: Ferrothorn|98\/100 brn|[from] item: Leftovers\n|-damage|p1a: Ferrothorn|92\/100 brn|[from] brn\n|upkeep\n|turn|3\n|\n|t:|1653938437\n|switch|p2a: Toxapex|Toxapex, F|100\/100\n|move|p1a: Ferrothorn|Spikes|p2a: Toxapex\n|-sidestart|p2: Chokst du|Spikes\n|\n|-heal|p1a: Ferrothorn|98\/100 brn|[from] item: Leftovers\n|-damage|p1a: Ferrothorn|92\/100 brn|[from] brn\n|upkeep\n|turn|4\n|\n|t:|1653938441\n|switch|p1a: Zapdos|Zapdos, shiny|100\/100\n|move|p2a: Toxapex|Toxic Spikes|p1a: Zapdos\n|-sidestart|p1: cucumber22|move: Toxic Spikes\n|\n|upkeep\n|turn|5\n|\n|t:|1653938447\n|switch|p2a: Gastrodon|Gastrodon, M|100\/100\n|-damage|p2a: Gastrodon|88\/100|[from] Spikes\n|move|p1a: Zapdos|Thunder|p2a: Gastrodon\n|-immune|p2a: Gastrodon\n|\n|-heal|p2a: Gastrodon|94\/100|[from] item: Leftovers\n|upkeep\n|turn|6\n|\n|t:|1653938450\n|switch|p1a: Ferrothorn|Ferrothorn, M|92\/100 brn\n|move|p2a: Gastrodon|Scald|p1a: Ferrothorn\n|-resisted|p1a: Ferrothorn\n|-damage|p1a: Ferrothorn|84\/100 brn\n|\n|-heal|p2a: Gastrodon|99\/100|[from] item: Leftovers\n|-heal|p1a: Ferrothorn|90\/100 brn|[from] item: Leftovers\n|-damage|p1a: Ferrothorn|84\/100 brn|[from] brn\n|upkeep\n|turn|7\n|\n|t:|1653938454\n|switch|p2a: Clefable|Clefable, M|100\/100\n|-damage|p2a: Clefable|88\/100|[from] Spikes\n|move|p1a: Ferrothorn|Spikes|p2a: Clefable\n|-sidestart|p2: Chokst du|Spikes\n|\n|-heal|p2a: Clefable|94\/100|[from] item: Leftovers\n|-heal|p1a: Ferrothorn|90\/100 brn|[from] item: Leftovers\n|-damage|p1a: Ferrothorn|84\/100 brn|[from] brn\n|upkeep\n|turn|8\n|\n|t:|1653938458\n|move|p2a: Clefable|Stealth Rock|p1a: Ferrothorn\n|-sidestart|p1: cucumber22|move: Stealth Rock\n|move|p1a: Ferrothorn|Knock Off|p2a: Clefable\n|-resisted|p2a: Clefable\n|-damage|p2a: Clefable|90\/100\n|-enditem|p2a: Clefable|Leftovers|[from] move: Knock Off|[of] p1a: Ferrothorn\n|\n|-heal|p1a: Ferrothorn|90\/100 brn|[from] item: Leftovers\n|-damage|p1a: Ferrothorn|84\/100 brn|[from] brn\n|upkeep\n|turn|9\n|\n|t:|1653938474\n|switch|p2a: Reuniclus|Reuniclus, F|100\/100\n|move|p1a: Ferrothorn|Leech Seed|p2a: Reuniclus\n|-start|p2a: Reuniclus|move: Leech Seed\n|\n|-heal|p1a: Ferrothorn|90\/100 brn|[from] item: Leftovers\n|-damage|p1a: Ferrothorn|84\/100 brn|[from] brn\n|upkeep\n|turn|10\n|\n|t:|1653938480\n|move|p2a: Reuniclus|Calm Mind|p2a: Reuniclus\n|-boost|p2a: Reuniclus|spa|1\n|-boost|p2a: Reuniclus|spd|1\n|move|p1a: Ferrothorn|Knock Off|p2a: Reuniclus\n|-supereffective|p2a: Reuniclus\n|-enditem|p2a: Reuniclus|Colbur Berry|[eat]\n|-enditem|p2a: Reuniclus|Colbur Berry|[weaken]\n|-damage|p2a: Reuniclus|92\/100\n|\n|-heal|p1a: Ferrothorn|90\/100 brn|[from] item: Leftovers\n|-damage|p1a: Ferrothorn|84\/100 brn|[from] brn\n|upkeep\n|turn|11\n|\n|t:|1653938485\n|switch|p1a: Pelipper|Pelipper, F|100\/100\n|-damage|p1a: Pelipper|76\/100|[from] Stealth Rock\n|-weather|RainDance|[from] ability: Drizzle|[of] p1a: Pelipper\n|move|p2a: Reuniclus|Calm Mind|p2a: Reuniclus\n|-boost|p2a: Reuniclus|spa|1\n|-boost|p2a: Reuniclus|spd|1\n|\n|-weather|RainDance|[upkeep]\n|upkeep\n|turn|12\n|\n|t:|1653938495\n|move|p1a: Pelipper|U-turn|p2a: Reuniclus\n|-supereffective|p2a: Reuniclus\n|-damage|p2a: Reuniclus|81\/100\n|\n|t:|1653938498\n|switch|p1a: Kingdra|Kingdra, M|100\/100|[from]move: U-turn\n|-status|p1a: Kingdra|psn\n|-damage|p1a: Kingdra|88\/100 psn|[from] Stealth Rock\n|move|p2a: Reuniclus|Psyshock|p1a: Kingdra\n|-damage|p1a: Kingdra|13\/100 psn\n|\n|-weather|RainDance|[upkeep]\n|-damage|p1a: Kingdra|0 fnt|[from] psn\n|faint|p1a: Kingdra\n|upkeep\n|\n|t:|1653938504\n|switch|p1a: Urshifu|Urshifu-Rapid-Strike, F|100\/100\n|-status|p1a: Urshifu|psn\n|-damage|p1a: Urshifu|94\/100 psn|[from] Stealth Rock\n|turn|13\n|\n|t:|1653938508\n|switch|p2a: Toxapex|Toxapex, F|100\/100\n|-damage|p2a: Toxapex|84\/100|[from] Spikes\n|move|p1a: Urshifu|Surging Strikes|p2a: Toxapex\n|-resisted|p2a: Toxapex\n|-crit|p2a: Toxapex\n|-damage|p2a: Toxapex|74\/100\n|-damage|p1a: Urshifu|78\/100 psn|[from] item: Rocky Helmet|[of] p2a: Toxapex\n|-resisted|p2a: Toxapex\n|-crit|p2a: Toxapex\n|-damage|p2a: Toxapex|64\/100\n|-damage|p1a: Urshifu|61\/100 psn|[from] item: Rocky Helmet|[of] p2a: Toxapex\n|-resisted|p2a: Toxapex\n|-crit|p2a: Toxapex\n|-damage|p2a: Toxapex|54\/100\n|-damage|p1a: Urshifu|45\/100 psn|[from] item: Rocky Helmet|[of] p2a: Toxapex\n|-hitcount|p2a: Toxapex|3\n|\n|-weather|RainDance|[upkeep]\n|-damage|p1a: Urshifu|33\/100 psn|[from] psn\n|upkeep\n|turn|14\n|j| gyuoftydi\n|\n|t:|1653938512\n|switch|p1a: Zapdos|Zapdos, shiny|100\/100\n|move|p2a: Toxapex|Recover|p2a: Toxapex\n|-heal|p2a: Toxapex|100\/100\n|\n|-weather|RainDance|[upkeep]\n|upkeep\n|turn|15\n|\n|t:|1653938515\n|switch|p2a: Corviknight|Corviknight, M|100\/100\n|-ability|p2a: Corviknight|Pressure\n|move|p1a: Zapdos|Hurricane|p2a: Corviknight\n|-resisted|p2a: Corviknight\n|-damage|p2a: Corviknight|73\/100\n|\n|-weather|RainDance|[upkeep]\n|upkeep\n|turn|16\n|\n|t:|1653938519\n|move|p1a: Zapdos|Thunder|p2a: Corviknight\n|-supereffective|p2a: Corviknight\n|-damage|p2a: Corviknight|0 fnt\n|faint|p2a: Corviknight\n|\n|-weather|RainDance|[upkeep]\n|upkeep\n|\n|t:|1653938522\n|switch|p2a: Gastrodon|Gastrodon, M|99\/100\n|-damage|p2a: Gastrodon|84\/100|[from] Spikes\n|turn|17\n|l| gyuoftydi\n|\n|t:|1653938535\n|switch|p1a: Ferrothorn|Ferrothorn, M|84\/100 brn\n|-damage|p1a: Ferrothorn|78\/100 brn|[from] Stealth Rock\n|move|p2a: Gastrodon|Scald|p1a: Ferrothorn\n|-resisted|p1a: Ferrothorn\n|-damage|p1a: Ferrothorn|66\/100 brn\n|\n|-weather|RainDance|[upkeep]\n|-heal|p2a: Gastrodon|90\/100|[from] item: Leftovers\n|-heal|p1a: Ferrothorn|72\/100 brn|[from] item: Leftovers\n|-damage|p1a: Ferrothorn|66\/100 brn|[from] brn\n|upkeep\n|turn|18\n|\n|t:|1653938541\n|switch|p2a: Reuniclus|Reuniclus, F|81\/100\n|move|p1a: Ferrothorn|Spikes|p2a: Reuniclus\n|-sidestart|p2: Chokst du|Spikes\n|\n|-weather|none\n|-heal|p1a: Ferrothorn|72\/100 brn|[from] item: Leftovers\n|-damage|p1a: Ferrothorn|66\/100 brn|[from] brn\n|upkeep\n|turn|19\n|\n|t:|1653938544\n|switch|p1a: Pelipper|Pelipper, F|76\/100\n|-damage|p1a: Pelipper|51\/100|[from] Stealth Rock\n|-weather|RainDance|[from] ability: Drizzle|[of] p1a: Pelipper\n|move|p2a: Reuniclus|Focus Blast|p1a: Pelipper\n|-resisted|p1a: Pelipper\n|-damage|p1a: Pelipper|28\/100\n|\n|-weather|RainDance|[upkeep]\n|upkeep\n|turn|20\n|\n|t:|1653938547\n|move|p1a: Pelipper|U-turn|p2a: Reuniclus\n|-supereffective|p2a: Reuniclus\n|-damage|p2a: Reuniclus|69\/100\n|\n|t:|1653938552\n|switch|p1a: Zapdos|Zapdos, shiny|100\/100|[from]move: U-turn\n|move|p2a: Reuniclus|Calm Mind|p2a: Reuniclus\n|-boost|p2a: Reuniclus|spa|1\n|-boost|p2a: Reuniclus|spd|1\n|\n|-weather|RainDance|[upkeep]\n|upkeep\n|turn|21\n|\n|t:|1653938555\n|move|p1a: Zapdos|Thunder|p2a: Reuniclus\n|-damage|p2a: Reuniclus|36\/100\n|move|p2a: Reuniclus|Recover|p2a: Reuniclus\n|-heal|p2a: Reuniclus|86\/100\n|\n|-weather|RainDance|[upkeep]\n|upkeep\n|turn|22\n|\n|t:|1653938558\n|move|p1a: Zapdos|Thunder|p2a: Reuniclus\n|-damage|p2a: Reuniclus|52\/100\n|move|p2a: Reuniclus|Recover|p2a: Reuniclus\n|-heal|p2a: Reuniclus|100\/100\n|\n|-weather|RainDance|[upkeep]\n|upkeep\n|turn|23\n|\n|t:|1653938560\n|move|p1a: Zapdos|Thunder|p2a: Reuniclus\n|-damage|p2a: Reuniclus|66\/100\n|-status|p2a: Reuniclus|par\n|cant|p2a: Reuniclus|par\n|\n|-weather|RainDance|[upkeep]\n|upkeep\n|turn|24\n|\n|t:|1653938563\n|move|p1a: Zapdos|Hurricane|p2a: Reuniclus\n|-damage|p2a: Reuniclus|33\/100 par\n|-start|p2a: Reuniclus|confusion\n|-activate|p2a: Reuniclus|confusion\n|-damage|p2a: Reuniclus|30\/100 par|[from] confusion\n|\n|-weather|RainDance|[upkeep]\n|upkeep\n|turn|25\n|\n|t:|1653938569\n|move|p1a: Zapdos|Hurricane|p2a: Reuniclus\n|-damage|p2a: Reuniclus|0 fnt\n|faint|p2a: Reuniclus\n|\n|-weather|RainDance|[upkeep]\n|upkeep\n|\n|t:|1653938577\n|switch|p2a: Gastrodon|Gastrodon, M|90\/100\n|-damage|p2a: Gastrodon|65\/100|[from] Spikes\n|turn|26\n|j| NiteLite88\n|\n|t:|1653938584\n|move|p1a: Zapdos|Hurricane|p2a: Gastrodon\n|-damage|p2a: Gastrodon|27\/100\n|move|p2a: Gastrodon|Recover|p2a: Gastrodon\n|-heal|p2a: Gastrodon|77\/100\n|\n|-weather|none\n|-heal|p2a: Gastrodon|83\/100|[from] item: Leftovers\n|upkeep\n|turn|27\n|\n|t:|1653938593\n|switch|p1a: Ferrothorn|Ferrothorn, M|66\/100 brn\n|-damage|p1a: Ferrothorn|60\/100 brn|[from] Stealth Rock\n|move|p2a: Gastrodon|Curse|p2a: Gastrodon\n|-unboost|p2a: Gastrodon|spe|1\n|-boost|p2a: Gastrodon|atk|1\n|-boost|p2a: Gastrodon|def|1\n|\n|-heal|p2a: Gastrodon|89\/100|[from] item: Leftovers\n|-heal|p1a: Ferrothorn|66\/100 brn|[from] item: Leftovers\n|-damage|p1a: Ferrothorn|60\/100 brn|[from] brn\n|upkeep\n|turn|28\n|\n|t:|1653938595\n|move|p2a: Gastrodon|Earthquake|p1a: Ferrothorn\n|-damage|p1a: Ferrothorn|25\/100 brn\n|move|p1a: Ferrothorn|Leech Seed|p2a: Gastrodon\n|-start|p2a: Gastrodon|move: Leech Seed\n|\n|-heal|p2a: Gastrodon|96\/100|[from] item: Leftovers\n|-heal|p1a: Ferrothorn|32\/100 brn|[from] item: Leftovers\n|-damage|p2a: Gastrodon|83\/100|[from] Leech Seed|[of] p1a: Ferrothorn\n|-heal|p1a: Ferrothorn|47\/100 brn|[silent]\n|-damage|p1a: Ferrothorn|41\/100 brn|[from] brn\n|upkeep\n|turn|29\n|\n|t:|1653938601\n|switch|p2a: Dragapult|Dragapult, M|100\/100\n|switch|p1a: Pelipper|Pelipper, F|28\/100\n|-damage|p1a: Pelipper|3\/100|[from] Stealth Rock\n|-weather|RainDance|[from] ability: Drizzle|[of] p1a: Pelipper\n|\n|-weather|RainDance|[upkeep]\n|upkeep\n|turn|30\n|\n|t:|1653938605\n|move|p2a: Dragapult|Hex|p1a: Pelipper\n|-damage|p1a: Pelipper|0 fnt\n|faint|p1a: Pelipper\n|\n|-weather|RainDance|[upkeep]\n|upkeep\n|\n|t:|1653938609\n|switch|p1a: Zapdos|Zapdos, shiny|100\/100\n|turn|31\n|j| Loupicha8\n|\n|t:|1653938622\n|switch|p2a: Toxapex|Toxapex, F|100\/100\n|-damage|p2a: Toxapex|75\/100|[from] Spikes\n|move|p1a: Zapdos|Hurricane|p2a: Toxapex\n|-crit|p2a: Toxapex\n|-damage|p2a: Toxapex|9\/100\n|-start|p2a: Toxapex|confusion\n|\n|-weather|RainDance|[upkeep]\n|upkeep\n|turn|32\n|\n|t:|1653938627\n|move|p1a: Zapdos|Hurricane|p2a: Toxapex\n|-damage|p2a: Toxapex|0 fnt\n|faint|p2a: Toxapex\n|\n|-weather|RainDance|[upkeep]\n|upkeep\n|\n|t:|1653938628\n|switch|p2a: Gastrodon|Gastrodon, M|83\/100\n|-damage|p2a: Gastrodon|58\/100|[from] Spikes\n|turn|33\n|\n|t:|1653938648\n|switch|p1a: Ferrothorn|Ferrothorn, M|41\/100 brn\n|-damage|p1a: Ferrothorn|34\/100 brn|[from] Stealth Rock\n|move|p2a: Gastrodon|Recover|p2a: Gastrodon\n|-heal|p2a: Gastrodon|100\/100\n|\n|-weather|RainDance|[upkeep]\n|-heal|p1a: Ferrothorn|41\/100 brn|[from] item: Leftovers\n|-damage|p1a: Ferrothorn|34\/100 brn|[from] brn\n|upkeep\n|turn|34\n|\n|t:|1653938652\n|move|p2a: Gastrodon|Earthquake|p1a: Ferrothorn\n|-damage|p1a: Ferrothorn|12\/100 brn\n|move|p1a: Ferrothorn|Leech Seed|p2a: Gastrodon\n|-start|p2a: Gastrodon|move: Leech Seed\n|\n|-weather|RainDance|[upkeep]\n|-heal|p1a: Ferrothorn|18\/100 brn|[from] item: Leftovers\n|-damage|p2a: Gastrodon|88\/100|[from] Leech Seed|[of] p1a: Ferrothorn\n|-heal|p1a: Ferrothorn|33\/100 brn|[silent]\n|-damage|p1a: Ferrothorn|27\/100 brn|[from] brn\n|upkeep\n|turn|35\n|\n|t:|1653938660\n|switch|p2a: Dragapult|Dragapult, M|100\/100\n|move|p1a: Ferrothorn|Knock Off|p2a: Dragapult\n|-supereffective|p2a: Dragapult\n|-damage|p2a: Dragapult|70\/100\n|-enditem|p2a: Dragapult|Heavy-Duty Boots|[from] move: Knock Off|[of] p1a: Ferrothorn\n|\n|-weather|RainDance|[upkeep]\n|-heal|p1a: Ferrothorn|33\/100 brn|[from] item: Leftovers\n|-damage|p1a: Ferrothorn|27\/100 brn|[from] brn\n|upkeep\n|turn|36\n|\n|t:|1653938664\n|move|p2a: Dragapult|Hex|p1a: Ferrothorn\n|-damage|p1a: Ferrothorn|0 fnt\n|faint|p1a: Ferrothorn\n|\n|-weather|none\n|upkeep\n|\n|t:|1653938668\n|switch|p1a: Zapdos|Zapdos, shiny|100\/100\n|turn|37\n|\n|t:|1653938674\n|move|p2a: Dragapult|Hex|p1a: Zapdos\n|-damage|p1a: Zapdos|70\/100\n|move|p1a: Zapdos|Hurricane|p2a: Dragapult\n|-damage|p2a: Dragapult|0 fnt\n|faint|p2a: Dragapult\n|\n|upkeep\n|\n|t:|1653938676\n|switch|p2a: Gastrodon|Gastrodon, M|88\/100\n|-damage|p2a: Gastrodon|63\/100|[from] Spikes\n|turn|38\n|\n|t:|1653938680\n|switch|p1a: Garchomp|Garchomp, F, shiny|100\/100\n|-status|p1a: Garchomp|psn\n|-damage|p1a: Garchomp|94\/100 psn|[from] Stealth Rock\n|move|p2a: Gastrodon|Recover|p2a: Gastrodon\n|-heal|p2a: Gastrodon|100\/100\n|\n|-heal|p1a: Garchomp|100\/100 psn|[from] item: Leftovers\n|-damage|p1a: Garchomp|88\/100 psn|[from] psn\n|upkeep\n|turn|39\n|\n|t:|1653938685\n|switch|p2a: Clefable|Clefable, M|90\/100\n|-damage|p2a: Clefable|65\/100|[from] Spikes\n|move|p1a: Garchomp|Swords Dance|p1a: Garchomp\n|-boost|p1a: Garchomp|atk|2\n|\n|-heal|p1a: Garchomp|94\/100 psn|[from] item: Leftovers\n|-damage|p1a: Garchomp|82\/100 psn|[from] psn\n|upkeep\n|turn|40\n|\n|t:|1653938692\n|switch|p1a: Urshifu|Urshifu-Rapid-Strike, F|33\/100 psn\n|-damage|p1a: Urshifu|27\/100 psn|[from] Stealth Rock\n|move|p2a: Clefable|Soft-Boiled|p2a: Clefable\n|-heal|p2a: Clefable|100\/100\n|\n|-damage|p1a: Urshifu|14\/100 psn|[from] psn\n|upkeep\n|turn|41\n|\n|t:|1653938695\n|move|p1a: Urshifu|Surging Strikes|p2a: Clefable\n|-crit|p2a: Clefable\n|-damage|p2a: Clefable|83\/100\n|-crit|p2a: Clefable\n|-damage|p2a: Clefable|65\/100\n|-crit|p2a: Clefable\n|-damage|p2a: Clefable|45\/100\n|-hitcount|p2a: Clefable|3\n|move|p2a: Clefable|Soft-Boiled|p2a: Clefable\n|-heal|p2a: Clefable|95\/100\n|\n|-damage|p1a: Urshifu|2\/100 psn|[from] psn\n|upkeep\n|turn|42\n|\n|t:|1653938699\n|switch|p1a: Zapdos|Zapdos, shiny|70\/100\n|move|p2a: Clefable|Soft-Boiled|p2a: Clefable\n|-heal|p2a: Clefable|100\/100\n|\n|upkeep\n|turn|43\n|\n|t:|1653938702\n|move|p1a: Zapdos|Hurricane|p2a: Clefable\n|-damage|p2a: Clefable|53\/100\n|-start|p2a: Clefable|confusion\n|-activate|p2a: Clefable|confusion\n|move|p2a: Clefable|Moonblast|p1a: Zapdos\n|-damage|p1a: Zapdos|31\/100\n|-unboost|p1a: Zapdos|spa|1\n|\n|upkeep\n|turn|44\n|\n|t:|1653938706\n|move|p1a: Zapdos|Hurricane|p2a: Clefable\n|-damage|p2a: Clefable|10\/100\n|-end|p2a: Clefable|confusion\n|move|p2a: Clefable|Soft-Boiled|p2a: Clefable\n|-heal|p2a: Clefable|60\/100\n|\n|upkeep\n|turn|45\n|\n|t:|1653938710\n|move|p1a: Zapdos|Thunder|p2a: Clefable\n|-damage|p2a: Clefable|14\/100\n|move|p2a: Clefable|Soft-Boiled|p2a: Clefable\n|-heal|p2a: Clefable|64\/100\n|\n|upkeep\n|turn|46\n|\n|t:|1653938712\n|move|p1a: Zapdos|Thunder|p2a: Clefable\n|-damage|p2a: Clefable|18\/100\n|-status|p2a: Clefable|par\n|cant|p2a: Clefable|par\n|\n|upkeep\n|turn|47\n|\n|t:|1653938718\n|move|p1a: Zapdos|Hurricane|p2a: Clefable\n|-damage|p2a: Clefable|0 fnt\n|faint|p2a: Clefable\n|\n|upkeep\n|j| tapu moxo\n|\n|t:|1653938720\n|switch|p2a: Gastrodon|Gastrodon, M|100\/100\n|-damage|p2a: Gastrodon|76\/100|[from] Spikes\n|turn|48\n|\n|t:|1653938722\n|switch|p1a: Urshifu|Urshifu-Rapid-Strike, F|2\/100 psn\n|-damage|p1a: Urshifu|0 fnt|[from] Stealth Rock\n|faint|p1a: Urshifu\n|move|p2a: Gastrodon|Recover|p2a: Gastrodon\n|-heal|p2a: Gastrodon|100\/100\n|\n|upkeep\n|\n|t:|1653938724\n|switch|p1a: Garchomp|Garchomp, F, shiny|82\/100 psn\n|-damage|p1a: Garchomp|76\/100 psn|[from] Stealth Rock\n|turn|49\n|\n|t:|1653938728\n|move|p1a: Garchomp|Swords Dance|p1a: Garchomp\n|-boost|p1a: Garchomp|atk|2\n|move|p2a: Gastrodon|Curse|p2a: Gastrodon\n|-unboost|p2a: Gastrodon|spe|1\n|-boost|p2a: Gastrodon|atk|1\n|-boost|p2a: Gastrodon|def|1\n|\n|-heal|p1a: Garchomp|82\/100 psn|[from] item: Leftovers\n|-damage|p1a: Garchomp|69\/100 psn|[from] psn\n|upkeep\n|turn|50\n|j| HaloKappa\n|\n|t:|1653938738\n|move|p1a: Garchomp|Earthquake|p2a: Gastrodon\n|-damage|p2a: Gastrodon|29\/100\n|move|p2a: Gastrodon|Earthquake|p1a: Garchomp\n|-damage|p1a: Garchomp|29\/100 psn\n|\n|-heal|p1a: Garchomp|36\/100 psn|[from] item: Leftovers\n|-heal|p2a: Gastrodon|35\/100|[from] item: Leftovers\n|-damage|p1a: Garchomp|23\/100 psn|[from] psn\n|upkeep\n|turn|51\n|\n|t:|1653938741\n|move|p1a: Garchomp|Earthquake|p2a: Gastrodon\n|-damage|p2a: Gastrodon|0 fnt\n|faint|p2a: Gastrodon\n|\n|win|cucumber22\n|raw|cucumber22's rating: 1752 &rarr; <strong>1781<\/strong><br \/>(+29 for winning)\n|raw|Chokst du's rating: 1913 &rarr; <strong>1884<\/strong><br \/>(-29 for losing)\n|l|\u2606Chokst du\n||Ladder isn't responding, score probably updated but might not have (Request timeout).\n","uploadtime":1653938751,"views":40,"p1id":"cucumber22","p2id":"chokstdu","formatid":"gen8ou","rating":1781,"private":0,"password":null}