{"id":"gen8ou-1627584935","p1":"Not Sarcasm","p2":"LT91BB Quixana","format":"gen8ou","log":"|j|\u2606Not Sarcasm\n|j|\u2606LT91BB Quixana\n|t:|1659067594\n|gametype|singles\n|player|p1|Not Sarcasm|2|1544\n|player|p2|LT91BB Quixana|ethan-pokeathlon|1606\n|teamsize|p1|6\n|teamsize|p2|6\n|gen|8\n|tier|[Gen 8] OU\n|rated|\n|rule|Sleep Clause Mod: Limit one foe put to sleep\n|rule|Species Clause: Limit one of each Pok\u00e9mon\n|rule|OHKO Clause: OHKO moves are banned\n|rule|Evasion Moves Clause: Evasion moves are banned\n|rule|Endless Battle Clause: Forcing endless battles is banned\n|rule|HP Percentage Mod: HP is shown in percentages\n|rule|Dynamax Clause: You cannot dynamax\n|clearpoke\n|poke|p1|Tapu Lele|\n|poke|p1|Dragapult, M|\n|poke|p1|Landorus-Therian, M|\n|poke|p1|Weavile, F|\n|poke|p1|Tapu Fini|\n|poke|p1|Melmetal|\n|poke|p2|Tyranitar, F|\n|poke|p2|Clefable, F|\n|poke|p2|Excadrill, M|\n|poke|p2|Tangrowth, F|\n|poke|p2|Slowking-Galar, F|\n|poke|p2|Rotom-Wash|\n|teampreview\n|inactive|Battle timer is ON: inactive players will automatically lose when time's up. (requested by Not Sarcasm)\n|\n|t:|1659067612\n|start\n|switch|p1a: Tapu Lele|Tapu Lele|100\/100\n|switch|p2a: Rotom|Rotom-Wash, shiny|100\/100\n|-fieldstart|move: Psychic Terrain|[from] ability: Psychic Surge|[of] p1a: Tapu Lele\n|turn|1\n|\n|t:|1659067618\n|move|p1a: Tapu Lele|Psyshock|p2a: Rotom\n|-damage|p2a: Rotom|16\/100\n|move|p2a: Rotom|Pain Split|p1a: Tapu Lele\n|-sethp|p1a: Tapu Lele|59\/100|[from] move: Pain Split|[silent]\n|-sethp|p2a: Rotom|55\/100|[from] move: Pain Split\n|\n|-heal|p2a: Rotom|61\/100|[from] item: Leftovers\n|upkeep\n|turn|2\n|\n|t:|1659067628\n|switch|p1a: Weavile|Weavile, F|100\/100\n|-ability|p1a: Weavile|Pressure\n|switch|p2a: Tyranitar|Tyranitar, F, shiny|100\/100\n|-weather|Sandstorm|[from] ability: Sand Stream|[of] p2a: Tyranitar\n|\n|-weather|Sandstorm|[upkeep]\n|-damage|p1a: Weavile|94\/100|[from] Sandstorm\n|upkeep\n|turn|3\n|\n|t:|1659067637\n|switch|p2a: Clefable|Clefable, F, shiny|100\/100\n|move|p1a: Weavile|Triple Axel|p2a: Clefable\n|-damage|p2a: Clefable|90\/100\n|-damage|p1a: Weavile|78\/100|[from] item: Rocky Helmet|[of] p2a: Clefable\n|-damage|p2a: Clefable|69\/100\n|-damage|p1a: Weavile|62\/100|[from] item: Rocky Helmet|[of] p2a: Clefable\n|-hitcount|p2a: Clefable|2\n|\n|-weather|Sandstorm|[upkeep]\n|-damage|p1a: Weavile|56\/100|[from] Sandstorm\n|upkeep\n|turn|4\n|\n|t:|1659067649\n|move|p1a: Weavile|Triple Axel|p2a: Clefable\n|-damage|p2a: Clefable|57\/100\n|-damage|p1a: Weavile|39\/100|[from] item: Rocky Helmet|[of] p2a: Clefable\n|-damage|p2a: Clefable|34\/100\n|-damage|p1a: Weavile|23\/100|[from] item: Rocky Helmet|[of] p2a: Clefable\n|-hitcount|p2a: Clefable|2\n|move|p2a: Clefable|Soft-Boiled|p2a: Clefable\n|-heal|p2a: Clefable|84\/100\n|\n|-weather|Sandstorm|[upkeep]\n|-damage|p1a: Weavile|17\/100|[from] Sandstorm\n|upkeep\n|turn|5\n|c|\u2606Not Sarcasm|come on\n|c|\u2606LT91BB Quixana|sorry\n|c|\u2606Not Sarcasm|so lucky\n|\n|t:|1659067671\n|switch|p1a: Tapu Lele|Tapu Lele|59\/100\n|move|p2a: Clefable|Stealth Rock|p1a: Tapu Lele\n|-sidestart|p1: Not Sarcasm|move: Stealth Rock\n|\n|-weather|Sandstorm|[upkeep]\n|-damage|p1a: Tapu Lele|53\/100|[from] Sandstorm\n|-fieldend|move: Psychic Terrain\n|upkeep\n|turn|6\n|\n|t:|1659067678\n|switch|p2a: Slowking|Slowking-Galar, F|100\/100\n|move|p1a: Tapu Lele|Future Sight|p2a: Slowking\n|-start|p1a: Tapu Lele|move: Future Sight\n|\n|-weather|none\n|upkeep\n|turn|7\n|inactive|LT91BB Quixana has 120 seconds left.\n|\n|t:|1659067725\n|switch|p1a: Melmetal|Melmetal|100\/100\n|-damage|p1a: Melmetal|94\/100|[from] Stealth Rock\n|switch|p2a: Tyranitar|Tyranitar, F, shiny|100\/100\n|-weather|Sandstorm|[from] ability: Sand Stream|[of] p2a: Tyranitar\n|\n|-weather|Sandstorm|[upkeep]\n|upkeep\n|turn|8\n|inactive|LT91BB Quixana has 90 seconds left.\n|\n|t:|1659067754\n|switch|p2a: Clefable|Clefable, F, shiny|84\/100\n|move|p1a: Melmetal|Double Iron Bash|p2a: Clefable\n|-supereffective|p2a: Clefable\n|-damage|p2a: Clefable|0 fnt\n|-damage|p1a: Melmetal|78\/100|[from] item: Rocky Helmet|[of] p2a: Clefable\n|faint|p2a: Clefable\n|-hitcount|p2: Clefable|1\n|\n|-weather|Sandstorm|[upkeep]\n|-hint|Future Sight did not hit because the target is fainted.\n|upkeep\n|\n|t:|1659067761\n|switch|p2a: Rotom|Rotom-Wash, shiny|61\/100\n|turn|9\n|\n|t:|1659067765\n|move|p2a: Rotom|Will-O-Wisp|p1a: Melmetal|[miss]\n|-miss|p2a: Rotom|p1a: Melmetal\n|move|p1a: Melmetal|Double Iron Bash|p2a: Rotom\n|-resisted|p2a: Rotom\n|-damage|p2a: Rotom|42\/100\n|-resisted|p2a: Rotom\n|-damage|p2a: Rotom|26\/100\n|-hitcount|p2a: Rotom|2\n|\n|-weather|Sandstorm|[upkeep]\n|-damage|p2a: Rotom|20\/100|[from] Sandstorm\n|-heal|p2a: Rotom|26\/100|[from] item: Leftovers\n|upkeep\n|turn|10\n|\n|t:|1659067780\n|switch|p1a: Dragapult|Dragapult, M|100\/100\n|-damage|p1a: Dragapult|88\/100|[from] Stealth Rock\n|move|p2a: Rotom|Pain Split|p1a: Dragapult\n|-sethp|p1a: Dragapult|57\/100|[from] move: Pain Split|[silent]\n|-sethp|p2a: Rotom|59\/100|[from] move: Pain Split\n|\n|-weather|Sandstorm|[upkeep]\n|-damage|p1a: Dragapult|51\/100|[from] Sandstorm\n|-damage|p2a: Rotom|53\/100|[from] Sandstorm\n|-heal|p2a: Rotom|59\/100|[from] item: Leftovers\n|upkeep\n|turn|11\n|\n|t:|1659067796\n|switch|p2a: Slowking|Slowking-Galar, F|100\/100\n|move|p1a: Dragapult|Draco Meteor|p2a: Slowking\n|-damage|p2a: Slowking|30\/100\n|-unboost|p1a: Dragapult|spa|2\n|\n|-weather|none\n|-heal|p2a: Slowking|36\/100|[from] item: Black Sludge\n|upkeep\n|turn|12\n|\n|t:|1659067805\n|switch|p2a: Tyranitar|Tyranitar, F, shiny|100\/100\n|-weather|Sandstorm|[from] ability: Sand Stream|[of] p2a: Tyranitar\n|move|p1a: Dragapult|Draco Meteor|p2a: Tyranitar\n|-damage|p2a: Tyranitar|74\/100\n|-unboost|p1a: Dragapult|spa|2\n|\n|-weather|Sandstorm|[upkeep]\n|-damage|p1a: Dragapult|45\/100|[from] Sandstorm\n|upkeep\n|turn|13\n|\n|t:|1659067814\n|switch|p1a: Landorus|Landorus-Therian, M|100\/100\n|-damage|p1a: Landorus|88\/100|[from] Stealth Rock\n|-ability|p1a: Landorus|Intimidate|boost\n|-unboost|p2a: Tyranitar|atk|1\n|move|p2a: Tyranitar|Assurance|p1a: Landorus\n|-damage|p1a: Landorus|21\/100\n|\n|-weather|Sandstorm|[upkeep]\n|upkeep\n|turn|14\n|\n|t:|1659067822\n|switch|p2a: Rotom|Rotom-Wash, shiny|59\/100\n|move|p1a: Landorus|Defog|p2a: Rotom\n|-unboost|p2a: Rotom|evasion|1\n|-sideend|p1: Not Sarcasm|Stealth Rock|[from] move: Defog|[of] p1a: Landorus\n|\n|-weather|Sandstorm|[upkeep]\n|-damage|p2a: Rotom|53\/100|[from] Sandstorm\n|-heal|p2a: Rotom|59\/100|[from] item: Leftovers\n|upkeep\n|turn|15\n|\n|t:|1659067831\n|switch|p1a: Dragapult|Dragapult, M|45\/100\n|move|p2a: Rotom|Hydro Pump|p1a: Dragapult\n|-resisted|p1a: Dragapult\n|-damage|p1a: Dragapult|17\/100\n|\n|-weather|Sandstorm|[upkeep]\n|-damage|p1a: Dragapult|11\/100|[from] Sandstorm\n|-damage|p2a: Rotom|53\/100|[from] Sandstorm\n|-heal|p2a: Rotom|59\/100|[from] item: Leftovers\n|upkeep\n|turn|16\n|\n|t:|1659067841\n|switch|p2a: Excadrill|Excadrill, M, shiny|100\/100\n|move|p1a: Dragapult|Draco Meteor|p2a: Excadrill\n|-resisted|p2a: Excadrill\n|-damage|p2a: Excadrill|48\/100\n|-unboost|p1a: Dragapult|spa|2\n|\n|-weather|none\n|-heal|p2a: Excadrill|54\/100|[from] item: Leftovers\n|upkeep\n|turn|17\n|\n|t:|1659067853\n|move|p1a: Dragapult|Draco Meteor|p2a: Excadrill|[miss]\n|-miss|p1a: Dragapult|p2a: Excadrill\n|move|p2a: Excadrill|Iron Head|p1a: Dragapult\n|-damage|p1a: Dragapult|0 fnt\n|faint|p1a: Dragapult\n|\n|-heal|p2a: Excadrill|60\/100|[from] item: Leftovers\n|upkeep\n|\n|t:|1659067866\n|switch|p1a: Tapu Fini|Tapu Fini|100\/100\n|-fieldstart|move: Misty Terrain|[from] ability: Misty Surge|[of] p1a: Tapu Fini\n|turn|18\n|\n|t:|1659067872\n|switch|p2a: Slowking|Slowking-Galar, F|69\/100\n|switch|p1a: Weavile|Weavile, F|17\/100\n|-ability|p1a: Weavile|Pressure\n|\n|-heal|p2a: Slowking|75\/100|[from] item: Black Sludge\n|upkeep\n|turn|19\n|\n|t:|1659067880\n|switch|p2a: Tangrowth|Tangrowth, F, shiny|100\/100\n|move|p1a: Weavile|Knock Off|p2a: Tangrowth\n|-damage|p2a: Tangrowth|61\/100\n|-damage|p1a: Weavile|0 fnt|[from] item: Rocky Helmet|[of] p2a: Tangrowth\n|faint|p1a: Weavile\n|\n|upkeep\n|\n|t:|1659067889\n|switch|p1a: Tapu Lele|Tapu Lele|53\/100\n|-fieldstart|move: Psychic Terrain|[from] ability: Psychic Surge|[of] p1a: Tapu Lele\n|turn|20\n|\n|t:|1659067894\n|switch|p2a: Slowking|Slowking-Galar, F|100\/100\n|move|p1a: Tapu Lele|Psyshock|p2a: Slowking\n|-damage|p2a: Slowking|35\/100\n|\n|-heal|p2a: Slowking|42\/100|[from] item: Black Sludge\n|upkeep\n|turn|21\n|\n|t:|1659067900\n|switch|p2a: Tyranitar|Tyranitar, F, shiny|74\/100\n|-weather|Sandstorm|[from] ability: Sand Stream|[of] p2a: Tyranitar\n|move|p1a: Tapu Lele|Psyshock|p2a: Tyranitar\n|-immune|p2a: Tyranitar\n|\n|-weather|Sandstorm|[upkeep]\n|-damage|p1a: Tapu Lele|47\/100|[from] Sandstorm\n|upkeep\n|turn|22\n|\n|t:|1659067919\n|switch|p1a: Melmetal|Melmetal|78\/100\n|move|p2a: Tyranitar|Superpower|p1a: Melmetal\n|-supereffective|p1a: Melmetal\n|-damage|p1a: Melmetal|0 fnt\n|-unboost|p2a: Tyranitar|atk|1\n|-unboost|p2a: Tyranitar|def|1\n|faint|p1a: Melmetal\n|\n|-weather|Sandstorm|[upkeep]\n|upkeep\n|\n|t:|1659067928\n|switch|p1a: Tapu Lele|Tapu Lele|47\/100\n|turn|23\n|\n|t:|1659067954\n|switch|p2a: Excadrill|Excadrill, M, shiny|60\/100\n|move|p1a: Tapu Lele|Psyshock|p2a: Excadrill\n|-resisted|p2a: Excadrill\n|-damage|p2a: Excadrill|6\/100\n|\n|-weather|Sandstorm|[upkeep]\n|-damage|p1a: Tapu Lele|41\/100|[from] Sandstorm\n|-heal|p2a: Excadrill|12\/100|[from] item: Leftovers\n|upkeep\n|turn|24\n|-message|Not Sarcasm forfeited.\n|\n|win|LT91BB Quixana\n|raw|Not Sarcasm's rating: 1544 &rarr; <strong>1528<\/strong><br \/>(-16 for losing)\n|raw|LT91BB Quixana's rating: 1606 &rarr; <strong>1622<\/strong><br \/>(+16 for winning)\n|l|\u2606Not Sarcasm\n","uploadtime":1659067963,"views":15,"p1id":"notsarcasm","p2id":"lt91bbquixana","formatid":"gen8ou","rating":1528,"private":0,"password":null}