{"id":"gen8nationaldexag-1564108882","p1":"Rediyu","p2":"Galfano32","format":"gen8nationaldexag","log":"|j|\u2606Rediyu\n|j|\u2606Galfano32\n|t:|1651251953\n|gametype|singles\n|player|p1|Rediyu|guitarist|\n|player|p2|Galfano32|striker|\n|teamsize|p1|6\n|teamsize|p2|6\n|gen|8\n|tier|[Gen 8] National Dex AG\n|rule|HP Percentage Mod: HP is shown in percentages\n|rule|Endless Battle Clause: Forcing endless battles is banned\n|clearpoke\n|poke|p1|Latias, F|\n|poke|p1|Ditto|\n|poke|p1|Trevenant, M|\n|poke|p1|Diancie|\n|poke|p1|Rotom-Heat|\n|poke|p1|Weavile, F|\n|poke|p2|Beartic, F|\n|poke|p2|Swampert, F|\n|poke|p2|Pelipper, F|\n|poke|p2|Ambipom, F|\n|poke|p2|Incineroar, F|\n|poke|p2|Celebi|\n|teampreview\n|c|\u2606Rediyu|gl hf\n|c|\u2606Galfano32|gl hf\n|\n|t:|1651252043\n|start\n|switch|p1a: Peony|Diancie|100\/100\n|switch|p2a: Goe\u00dfling|Ambipom, F|100\/100\n|turn|1\n|\n|t:|1651252049\n|move|p2a: Goe\u00dfling|Fake Out|p1a: Peony\n|-resisted|p1a: Peony\n|-damage|p1a: Peony|90\/100\n|-damage|p2a: Goe\u00dfling|91\/100|[from] item: Life Orb\n|cant|p1a: Peony|flinch\n|\n|upkeep\n|turn|2\n|\n|t:|1651252058\n|switch|p2a: Mittag|Pelipper, F|100\/100\n|-weather|RainDance|[from] ability: Drizzle|[of] p2a: Mittag\n|move|p1a: Peony|Stealth Rock|p2a: Mittag\n|-sidestart|p2: Galfano32|move: Stealth Rock\n|\n|-weather|RainDance|[upkeep]\n|upkeep\n|turn|3\n|\n|t:|1651252119\n|move|p2a: Mittag|U-turn|p1a: Peony\n|-resisted|p1a: Peony\n|-damage|p1a: Peony|88\/100\n|\n|t:|1651252127\n|switch|p2a: Gwinn|Celebi, shiny|100\/100|[from]move: U-turn\n|-damage|p2a: Gwinn|88\/100|[from] Stealth Rock\n|move|p1a: Peony|Moonblast|p2a: Gwinn\n|-damage|p2a: Gwinn|62\/100\n|\n|-weather|RainDance|[upkeep]\n|upkeep\n|turn|4\n|\n|t:|1651252147\n|switch|p1a: Snowdrop|Weavile, F|100\/100\n|move|p2a: Gwinn|Stealth Rock|p1a: Snowdrop\n|-sidestart|p1: Rediyu|move: Stealth Rock\n|\n|-weather|RainDance|[upkeep]\n|upkeep\n|turn|5\n|\n|t:|1651252163\n|switch|p2a: Popp|Incineroar, F|100\/100\n|-damage|p2a: Popp|76\/100|[from] Stealth Rock\n|-ability|p2a: Popp|Intimidate|boost\n|-unboost|p1a: Snowdrop|atk|1\n|move|p1a: Snowdrop|Knock Off|p2a: Popp\n|-resisted|p2a: Popp\n|-damage|p2a: Popp|53\/100\n|-enditem|p2a: Popp|Assault Vest|[from] move: Knock Off|[of] p1a: Snowdrop\n|\n|-weather|RainDance|[upkeep]\n|upkeep\n|turn|6\n|\n|t:|1651252228\n|switch|p1a: Fire Blossom|Rotom-Heat|100\/100\n|move|p2a: Popp|Knock Off|p1a: Fire Blossom\n|-damage|p1a: Fire Blossom|53\/100\n|-enditem|p1a: Fire Blossom|Heavy-Duty Boots|[from] move: Knock Off|[of] p2a: Popp\n|\n|-weather|none\n|upkeep\n|turn|7\n|\n|t:|1651252282\n|move|p1a: Fire Blossom|Toxic|p2a: Popp\n|-status|p2a: Popp|tox\n|move|p2a: Popp|U-turn|p1a: Fire Blossom\n|-resisted|p1a: Fire Blossom\n|-damage|p1a: Fire Blossom|41\/100\n|\n|t:|1651252306\n|switch|p2a: Mittag|Pelipper, F|100\/100|[from]move: U-turn\n|-damage|p2a: Mittag|76\/100|[from] Stealth Rock\n|-weather|RainDance|[from] ability: Drizzle|[of] p2a: Mittag\n|\n|-weather|RainDance|[upkeep]\n|upkeep\n|turn|8\n|\n|t:|1651252314\n|switch|p2a: Gwinn|Celebi, shiny|62\/100\n|-damage|p2a: Gwinn|50\/100|[from] Stealth Rock\n|move|p1a: Fire Blossom|Pain Split|p2a: Gwinn\n|-sethp|p2a: Gwinn|41\/100|[from] move: Pain Split|[silent]\n|-sethp|p1a: Fire Blossom|54\/100|[from] move: Pain Split\n|\n|-weather|RainDance|[upkeep]\n|upkeep\n|turn|9\n|\n|t:|1651252326\n|move|p2a: Gwinn|Reflect|p2a: Gwinn\n|-sidestart|p2: Galfano32|Reflect\n|move|p1a: Fire Blossom|Volt Switch|p2a: Gwinn\n|-resisted|p2a: Gwinn\n|-damage|p2a: Gwinn|32\/100\n|\n|t:|1651252339\n|switch|p1a: Cyclamen|Latias, F|100\/100|[from]move: Volt Switch\n|-damage|p1a: Cyclamen|88\/100|[from] Stealth Rock\n|\n|-weather|RainDance|[upkeep]\n|upkeep\n|turn|10\n|\n|t:|1651252346\n|detailschange|p1a: Cyclamen|Latias-Mega, F\n|-mega|p1a: Cyclamen|Latias|Latiasite\n|move|p1a: Cyclamen|Calm Mind|p1a: Cyclamen\n|-boost|p1a: Cyclamen|spa|1\n|-boost|p1a: Cyclamen|spd|1\n|move|p2a: Gwinn|Light Screen|p2a: Gwinn\n|-sidestart|p2: Galfano32|move: Light Screen\n|\n|-weather|RainDance|[upkeep]\n|upkeep\n|turn|11\n|\n|t:|1651252359\n|switch|p2a: Goe\u00dfling|Ambipom, F|91\/100\n|-damage|p2a: Goe\u00dfling|78\/100|[from] Stealth Rock\n|move|p1a: Cyclamen|Calm Mind|p1a: Cyclamen\n|-boost|p1a: Cyclamen|spa|1\n|-boost|p1a: Cyclamen|spd|1\n|\n|-weather|none\n|upkeep\n|turn|12\n|\n|t:|1651252368\n|move|p2a: Goe\u00dfling|Fake Out|p1a: Cyclamen\n|-damage|p1a: Cyclamen|61\/100\n|-damage|p2a: Goe\u00dfling|68\/100|[from] item: Life Orb\n|cant|p1a: Cyclamen|flinch\n|\n|upkeep\n|turn|13\n|\n|t:|1651252374\n|move|p2a: Goe\u00dfling|Dual Chop|p1a: Cyclamen\n|-supereffective|p1a: Cyclamen\n|-damage|p1a: Cyclamen|25\/100\n|-supereffective|p1a: Cyclamen\n|-damage|p1a: Cyclamen|0 fnt\n|faint|p1a: Cyclamen\n|-hitcount|p1: Cyclamen|2\n|-damage|p2a: Goe\u00dfling|58\/100|[from] item: Life Orb\n|\n|upkeep\n|\n|t:|1651252420\n|switch|p1a: Snowdrop|Weavile, F|100\/100\n|-damage|p1a: Snowdrop|76\/100|[from] Stealth Rock\n|turn|14\n|\n|t:|1651252427\n|switch|p2a: Popp|Incineroar, F|53\/100 tox\n|-damage|p2a: Popp|28\/100 tox|[from] Stealth Rock\n|-ability|p2a: Popp|Intimidate|boost\n|-unboost|p1a: Snowdrop|atk|1\n|move|p1a: Snowdrop|Triple Axel|p2a: Popp\n|-resisted|p2a: Popp\n|-damage|p2a: Popp|26\/100 tox\n|-resisted|p2a: Popp\n|-damage|p2a: Popp|21\/100 tox\n|-hitcount|p2a: Popp|2\n|\n|-damage|p2a: Popp|15\/100 tox|[from] psn\n|upkeep\n|turn|15\n|\n|t:|1651252476\n|move|p1a: Snowdrop|Triple Axel|p2a: Popp\n|-resisted|p2a: Popp\n|-damage|p2a: Popp|13\/100 tox\n|-resisted|p2a: Popp\n|-damage|p2a: Popp|8\/100 tox\n|-resisted|p2a: Popp\n|-damage|p2a: Popp|2\/100 tox\n|-hitcount|p2a: Popp|3\n|move|p2a: Popp|Knock Off|p1a: Snowdrop\n|-resisted|p1a: Snowdrop\n|-damage|p1a: Snowdrop|42\/100\n|-enditem|p1a: Snowdrop|Choice Band|[from] move: Knock Off|[of] p2a: Popp\n|\n|-damage|p2a: Popp|0 fnt|[from] psn\n|faint|p2a: Popp\n|upkeep\n|\n|t:|1651252489\n|switch|p2a: Goe\u00dfling|Ambipom, F|58\/100\n|-damage|p2a: Goe\u00dfling|46\/100|[from] Stealth Rock\n|turn|16\n|\n|t:|1651252525\n|switch|p1a: Peony|Diancie|88\/100\n|-damage|p1a: Peony|75\/100|[from] Stealth Rock\n|move|p2a: Goe\u00dfling|U-turn|p1a: Peony\n|-resisted|p1a: Peony\n|-damage|p1a: Peony|68\/100\n|-damage|p2a: Goe\u00dfling|36\/100|[from] item: Life Orb\n|\n|t:|1651252537\n|switch|p2a: Mittag|Pelipper, F|76\/100|[from]move: U-turn\n|-damage|p2a: Mittag|51\/100|[from] Stealth Rock\n|-weather|RainDance|[from] ability: Drizzle|[of] p2a: Mittag\n|\n|-weather|RainDance|[upkeep]\n|-sideend|p2: Galfano32|Reflect\n|upkeep\n|turn|17\n|\n|t:|1651252578\n|move|p2a: Mittag|Weather Ball|p1a: Peony\n|-supereffective|p1a: Peony\n|-damage|p1a: Peony|0 fnt\n|faint|p1a: Peony\n|\n|-weather|RainDance|[upkeep]\n|-sideend|p2: Galfano32|move: Light Screen\n|upkeep\n|\n|t:|1651252605\n|switch|p1a: Erica|Ditto|100\/100\n|-damage|p1a: Erica|88\/100|[from] Stealth Rock\n|-transform|p1a: Erica|p2a: Mittag|[from] ability: Imposter\n|turn|18\n|\n|t:|1651252617\n|switch|p2a: Gwinn|Celebi, shiny|32\/100\n|-damage|p2a: Gwinn|20\/100|[from] Stealth Rock\n|move|p1a: Erica|Hurricane|p2a: Gwinn\n|-supereffective|p2a: Gwinn\n|-damage|p2a: Gwinn|0 fnt\n|faint|p2a: Gwinn\n|\n|-weather|RainDance|[upkeep]\n|upkeep\n|\n|t:|1651252649\n|switch|p2a: Goe\u00dfling|Ambipom, F|36\/100\n|-damage|p2a: Goe\u00dfling|24\/100|[from] Stealth Rock\n|turn|19\n|\n|t:|1651252726\n|switch|p1a: Fire Blossom|Rotom-Heat|54\/100\n|-damage|p1a: Fire Blossom|29\/100|[from] Stealth Rock\n|move|p2a: Goe\u00dfling|Fake Out|p1a: Fire Blossom\n|-damage|p1a: Fire Blossom|0 fnt\n|faint|p1a: Fire Blossom\n|-damage|p2a: Goe\u00dfling|14\/100|[from] item: Life Orb\n|\n|-weather|RainDance|[upkeep]\n|upkeep\n|\n|t:|1651252737\n|switch|p1a: Snowdrop|Weavile, F|42\/100\n|-damage|p1a: Snowdrop|17\/100|[from] Stealth Rock\n|turn|20\n|\n|t:|1651252755\n|switch|p2a: Solo|Swampert, F, shiny|100\/100\n|-damage|p2a: Solo|94\/100|[from] Stealth Rock\n|move|p1a: Snowdrop|Knock Off|p2a: Solo\n|-damage|p2a: Solo|62\/100\n|\n|-weather|none\n|upkeep\n|turn|21\n|\n|t:|1651252780\n|detailschange|p2a: Solo|Swampert-Mega, F, shiny\n|-mega|p2a: Solo|Swampert|Swampertite\n|move|p1a: Snowdrop|Triple Axel|p2a: Solo\n|-damage|p2a: Solo|55\/100\n|-damage|p2a: Solo|38\/100\n|-hitcount|p2a: Solo|2\n|move|p2a: Solo|Flip Turn|p1a: Snowdrop\n|-damage|p1a: Snowdrop|0 fnt\n|faint|p1a: Snowdrop\n|\n|t:|1651252803\n|switch|p2a: Mittag|Pelipper, F|51\/100|[from]move: Flip Turn\n|-damage|p2a: Mittag|26\/100|[from] Stealth Rock\n|-weather|RainDance|[from] ability: Drizzle|[of] p2a: Mittag\n|\n|-weather|RainDance|[upkeep]\n|upkeep\n|\n|t:|1651252813\n|switch|p1a: Erica|Ditto|88\/100\n|-damage|p1a: Erica|76\/100|[from] Stealth Rock\n|-transform|p1a: Erica|p2a: Mittag|[from] ability: Imposter\n|turn|22\n|\n|t:|1651252832\n|move|p1a: Erica|Weather Ball|p2a: Mittag\n|-resisted|p2a: Mittag\n|-damage|p2a: Mittag|0 fnt\n|faint|p2a: Mittag\n|\n|-weather|RainDance|[upkeep]\n|upkeep\n|\n|t:|1651252878\n|switch|p2a: Simic|Beartic, F|100\/100\n|-damage|p2a: Simic|76\/100|[from] Stealth Rock\n|turn|23\n|\n|t:|1651252945\n|move|p2a: Simic|Icicle Crash|p1a: Erica\n|-damage|p1a: Erica|0 fnt\n|faint|p1a: Erica\n|\n|-weather|RainDance|[upkeep]\n|upkeep\n|\n|t:|1651252948\n|switch|p1a: Kanzashi|Trevenant, M|100\/100\n|-damage|p1a: Kanzashi|88\/100|[from] Stealth Rock\n|turn|24\n|\n|t:|1651252953\n|move|p2a: Simic|Icicle Crash|p1a: Kanzashi\n|-supereffective|p1a: Kanzashi\n|-damage|p1a: Kanzashi|0 fnt\n|faint|p1a: Kanzashi\n|\n|win|Galfano32\n|c|\u2606Rediyu|gg\n|c|\u2606Galfano32|gg\n|c|\u2606Galfano32|war am schluss eine roll\n|c|\u2606Rediyu|dual chop auf ambi vergessen\n|c|\u2606Rediyu|besser gesagt nicht gewusst\n|c|\u2606Galfano32|wusste ich auch nicht, nur zuf\u00e4llig entdeckt bei ihm^^\n","uploadtime":1651253021,"views":42,"p1id":"rediyu","p2id":"galfano32","formatid":"gen8nationaldexag","rating":0,"private":0,"password":null}