{"id":"gen8ou-1176276300","p1":"LT73IU Pato","p2":"ranitidine","format":"gen8ou","log":"|raw|<div class=\"broadcast-blue\"><strong>This battle is required to be public due to a player having a name starting with 'LT73IU'.<\/div>\n|j|\u2606LT73IU Pato\n|j|\u2606ranitidine\n|t:|1598532396\n|player|p1|LT73IU Pato|dawn|1818\n|player|p2|ranitidine|101|1719\n|teamsize|p1|6\n|teamsize|p2|6\n|gametype|singles\n|gen|8\n|tier|[Gen 8] OU\n|rated|\n|clearpoke\n|poke|p1|Zeraora|\n|poke|p1|Excadrill, M|\n|poke|p1|Rillaboom, M|\n|poke|p1|Volcarona, M|\n|poke|p1|Urshifu-*, M|\n|poke|p1|Azumarill, M|\n|poke|p2|Kyurem|\n|poke|p2|Rhyperior, M|\n|poke|p2|Clefable, M|\n|poke|p2|Ferrothorn, M|\n|poke|p2|Rotom-Heat|\n|poke|p2|Dragapult, F|\n|rule|Sleep Clause Mod: Limit one foe put to sleep\n|rule|Species Clause: Limit one of each Pok\u00e9mon\n|rule|OHKO Clause: OHKO moves are banned\n|rule|Evasion Moves Clause: Evasion moves are banned\n|rule|Endless Battle Clause: Forcing endless battles is banned\n|rule|HP Percentage Mod: HP is shown in percentages\n|rule|Dynamax Clause: You cannot dynamax\n|teampreview\n|inactive|Battle timer is ON: inactive players will automatically lose when time's up. (requested by ranitidine)\n|\n|t:|1598532416\n|start\n|switch|p1a: Impaler|Excadrill, M, shiny|100\/100\n|switch|p2a: Ferrothorn|Ferrothorn, M|100\/100\n|-ability|p1a: Impaler|Mold Breaker\n|turn|1\n|inactive|LT73IU Pato has 120 seconds left.\n|inactive|LT73IU Pato has 90 seconds left.\n|\n|t:|1598532492\n|move|p1a: Impaler|Stealth Rock|p2a: Ferrothorn\n|-sidestart|p2: ranitidine|move: Stealth Rock\n|move|p2a: Ferrothorn|Body Press|p1a: Impaler\n|-supereffective|p1a: Impaler\n|-damage|p1a: Impaler|29\/100\n|\n|-heal|p1a: Impaler|35\/100|[from] item: Leftovers\n|upkeep\n|turn|2\n|\n|t:|1598532496\n|move|p1a: Impaler|Earthquake|p2a: Ferrothorn\n|-damage|p2a: Ferrothorn|74\/100\n|move|p2a: Ferrothorn|Body Press|p1a: Impaler\n|-supereffective|p1a: Impaler\n|-damage|p1a: Impaler|0 fnt\n|faint|p1a: Impaler\n|\n|-heal|p2a: Ferrothorn|80\/100|[from] item: Leftovers\n|upkeep\n|\n|t:|1598532517\n|switch|p1a: Silhouette|Urshifu, M|100\/100\n|turn|3\n|\n|t:|1598532522\n|switch|p2a: Clefable|Clefable, M|100\/100\n|move|p1a: Silhouette|Bulk Up|p1a: Silhouette\n|-boost|p1a: Silhouette|atk|1\n|-boost|p1a: Silhouette|def|1\n|\n|upkeep\n|turn|4\n|inactive|LT73IU Pato has 60 seconds left.\n|\n|t:|1598532580\n|move|p1a: Silhouette|Poison Jab|p2a: Clefable\n|-supereffective|p2a: Clefable\n|-damage|p2a: Clefable|11\/100\n|-damage|p1a: Silhouette|91\/100|[from] item: Life Orb\n|move|p2a: Clefable|Moonblast|p1a: Silhouette\n|-supereffective|p1a: Silhouette\n|-damage|p1a: Silhouette|0 fnt\n|faint|p1a: Silhouette\n|\n|upkeep\n|\n|t:|1598532587\n|switch|p1a: Tama Tonga|Rillaboom, M|100\/100\n|-fieldstart|move: Grassy Terrain|[from] ability: Grassy Surge|[of] p1a: Tama Tonga\n|turn|5\n|\n|t:|1598532590\n|move|p1a: Tama Tonga|Swords Dance|p1a: Tama Tonga\n|-boost|p1a: Tama Tonga|atk|2\n|move|p2a: Clefable|Moonblast|p1a: Tama Tonga\n|-damage|p1a: Tama Tonga|55\/100\n|\n|-heal|p1a: Tama Tonga|61\/100|[from] Grassy Terrain\n|-heal|p2a: Clefable|18\/100|[from] Grassy Terrain\n|upkeep\n|turn|6\n|inactive|LT73IU Pato has 30 seconds left.\n|inactive|LT73IU Pato has 20 seconds left.\n|inactive|LT73IU Pato has 15 seconds left.\n|\n|t:|1598532631\n|move|p1a: Tama Tonga|High Horsepower|p2a: Clefable\n|-damage|p2a: Clefable|0 fnt\n|-damage|p1a: Tama Tonga|51\/100|[from] item: Life Orb\n|faint|p2a: Clefable\n|\n|-heal|p1a: Tama Tonga|57\/100|[from] Grassy Terrain\n|upkeep\n|inactive|LT73IU Pato has 20 seconds left this turn.\n|\n|t:|1598532639\n|switch|p2a: Rotom|Rotom-Heat|100\/100\n|turn|7\n|inactive|LT73IU Pato has 30 seconds left this turn.\n|\n|t:|1598532647\n|move|p1a: Tama Tonga|Superpower|p2a: Rotom\n|-damage|p2a: Rotom|0 fnt\n|-unboost|p1a: Tama Tonga|atk|1\n|-unboost|p1a: Tama Tonga|def|1\n|-damage|p1a: Tama Tonga|47\/100|[from] item: Life Orb\n|faint|p2a: Rotom\n|\n|-heal|p1a: Tama Tonga|53\/100|[from] Grassy Terrain\n|upkeep\n|inactive|LT73IU Pato has 30 seconds left this turn.\n|\n|t:|1598532658\n|switch|p2a: Kyurem|Kyurem|100\/100\n|-damage|p2a: Kyurem|76\/100|[from] Stealth Rock\n|-ability|p2a: Kyurem|Pressure\n|turn|8\n|inactive|LT73IU Pato has 30 seconds left.\n|\n|t:|1598532670\n|switch|p1a: Amaterasu|Volcarona, M, shiny|100\/100\n|move|p2a: Kyurem|Freeze-Dry|p1a: Amaterasu\n|-resisted|p1a: Amaterasu\n|-damage|p1a: Amaterasu|78\/100\n|\n|-heal|p2a: Kyurem|82\/100|[from] Grassy Terrain\n|-heal|p1a: Amaterasu|84\/100|[from] Grassy Terrain\n|upkeep\n|turn|9\n|\n|t:|1598532679\n|switch|p2a: Rhyperior|Rhyperior, M|100\/100\n|-damage|p2a: Rhyperior|94\/100|[from] Stealth Rock\n|switch|p1a: Torrent|Azumarill, M|100\/100\n|\n|-heal|p2a: Rhyperior|100\/100|[from] item: Leftovers\n|-fieldend|move: Grassy Terrain\n|upkeep\n|turn|10\n|\n|t:|1598532685\n|switch|p2a: Ferrothorn|Ferrothorn, M|80\/100\n|-damage|p2a: Ferrothorn|74\/100|[from] Stealth Rock\n|move|p1a: Torrent|Whirlpool|p2a: Ferrothorn\n|-resisted|p2a: Ferrothorn\n|-damage|p2a: Ferrothorn|71\/100\n|-activate|p2a: Ferrothorn|move: Whirlpool|[of] p1a: Torrent\n|\n|-heal|p2a: Ferrothorn|77\/100|[from] item: Leftovers\n|-damage|p2a: Ferrothorn|64\/100|[from] move: Whirlpool|[partiallytrapped]\n|upkeep\n|turn|11\n|\n|t:|1598532690\n|move|p1a: Torrent|Perish Song|p1a: Torrent\n|-start|p1a: Torrent|perish3|[silent]\n|-start|p2a: Ferrothorn|perish3|[silent]\n|-fieldactivate|move: Perish Song\n|move|p2a: Ferrothorn|Spikes|p1a: Torrent\n|-sidestart|p1: LT73IU Pato|Spikes\n|\n|-heal|p2a: Ferrothorn|71\/100|[from] item: Leftovers\n|-damage|p2a: Ferrothorn|58\/100|[from] move: Whirlpool|[partiallytrapped]\n|-start|p1a: Torrent|perish3\n|-start|p2a: Ferrothorn|perish3\n|upkeep\n|turn|12\n|\n|t:|1598532692\n|move|p1a: Torrent|Whirlpool|p2a: Ferrothorn\n|-resisted|p2a: Ferrothorn\n|-damage|p2a: Ferrothorn|55\/100\n|move|p2a: Ferrothorn|Spikes|p1a: Torrent\n|-sidestart|p1: LT73IU Pato|Spikes\n|\n|-heal|p2a: Ferrothorn|61\/100|[from] item: Leftovers\n|-damage|p2a: Ferrothorn|49\/100|[from] move: Whirlpool|[partiallytrapped]\n|-start|p1a: Torrent|perish2\n|-start|p2a: Ferrothorn|perish2\n|upkeep\n|turn|13\n|\n|t:|1598532696\n|move|p1a: Torrent|Whirlpool|p2a: Ferrothorn\n|-resisted|p2a: Ferrothorn\n|-damage|p2a: Ferrothorn|45\/100\n|move|p2a: Ferrothorn|Spikes|p1a: Torrent\n|-sidestart|p1: LT73IU Pato|Spikes\n|\n|-heal|p2a: Ferrothorn|52\/100|[from] item: Leftovers\n|-damage|p2a: Ferrothorn|39\/100|[from] move: Whirlpool|[partiallytrapped]\n|-start|p1a: Torrent|perish1\n|-start|p2a: Ferrothorn|perish1\n|upkeep\n|turn|14\n|\n|t:|1598532700\n|switch|p1a: Amaterasu|Volcarona, M, shiny|84\/100\n|move|p2a: Ferrothorn|Knock Off|p1a: Amaterasu\n|-damage|p1a: Amaterasu|65\/100\n|-status|p2a: Ferrothorn|brn|[from] ability: Flame Body|[of] p1a: Amaterasu\n|-enditem|p1a: Amaterasu|Heavy-Duty Boots|[from] move: Knock Off|[of] p2a: Ferrothorn\n|\n|-heal|p2a: Ferrothorn|45\/100 brn|[from] item: Leftovers\n|-damage|p2a: Ferrothorn|39\/100 brn|[from] brn\n|-end|p2a: Ferrothorn|Whirlpool|[partiallytrapped]\n|-start|p2a: Ferrothorn|perish0\n|upkeep\n|faint|p2a: Ferrothorn\n|\n|t:|1598532713\n|switch|p2a: Dragapult|Dragapult, F|100\/100\n|turn|15\n|\n|t:|1598532716\n|move|p2a: Dragapult|Dragon Darts|p1a: Amaterasu\n|-damage|p1a: Amaterasu|44\/100\n|-anim|p2a: Dragapult|Dragon Darts|p1a: Amaterasu\n|-damage|p1a: Amaterasu|24\/100\n|move|p1a: Amaterasu|Quiver Dance|p1a: Amaterasu\n|-boost|p1a: Amaterasu|spa|1\n|-boost|p1a: Amaterasu|spd|1\n|-boost|p1a: Amaterasu|spe|1\n|\n|upkeep\n|turn|16\n|\n|t:|1598532719\n|move|p2a: Dragapult|Dragon Darts|p1a: Amaterasu\n|-damage|p1a: Amaterasu|3\/100\n|-anim|p2a: Dragapult|Dragon Darts|p1a: Amaterasu\n|-damage|p1a: Amaterasu|0 fnt\n|faint|p1a: Amaterasu\n|\n|upkeep\n|\n|t:|1598532722\n|switch|p1a: Torrent|Azumarill, M|100\/100\n|-damage|p1a: Torrent|75\/100|[from] Spikes\n|turn|17\n|\n|t:|1598532726\n|move|p2a: Dragapult|Thunder Wave|p1a: Torrent\n|-status|p1a: Torrent|par\n|move|p1a: Torrent|Toxic|p2a: Dragapult\n|-status|p2a: Dragapult|tox\n|\n|-heal|p1a: Torrent|82\/100 par|[from] item: Leftovers\n|-damage|p2a: Dragapult|95\/100 tox|[from] psn\n|upkeep\n|turn|18\n|\n|t:|1598532731\n|switch|p1a: Zephyr|Zeraora, shiny|100\/100\n|-damage|p1a: Zephyr|76\/100|[from] Spikes\n|move|p2a: Dragapult|Hex|p1a: Zephyr\n|-damage|p1a: Zephyr|39\/100\n|\n|-damage|p2a: Dragapult|83\/100 tox|[from] psn\n|upkeep\n|turn|19\n|\n|t:|1598532735\n|switch|p2a: Rhyperior|Rhyperior, M|100\/100\n|-damage|p2a: Rhyperior|94\/100|[from] Stealth Rock\n|move|p1a: Zephyr|Knock Off|p2a: Rhyperior\n|-damage|p2a: Rhyperior|74\/100\n|-enditem|p2a: Rhyperior|Leftovers|[from] move: Knock Off|[of] p1a: Zephyr\n|\n|upkeep\n|turn|20\n|\n|t:|1598532742\n|switch|p1a: Torrent|Azumarill, M|82\/100 par\n|-damage|p1a: Torrent|57\/100 par|[from] Spikes\n|move|p2a: Rhyperior|Heat Crash|p1a: Torrent\n|-resisted|p1a: Torrent\n|-damage|p1a: Torrent|41\/100 par\n|\n|-heal|p1a: Torrent|47\/100 par|[from] item: Leftovers\n|upkeep\n|turn|21\n|\n|t:|1598532751\n|switch|p1a: Tama Tonga|Rillaboom, M|53\/100\n|-damage|p1a: Tama Tonga|29\/100|[from] Spikes\n|-fieldstart|move: Grassy Terrain|[from] ability: Grassy Surge|[of] p1a: Tama Tonga\n|move|p2a: Rhyperior|Earthquake|p1a: Tama Tonga\n|-resisted|p1a: Tama Tonga\n|-damage|p1a: Tama Tonga|12\/100\n|\n|-heal|p1a: Tama Tonga|18\/100|[from] Grassy Terrain\n|-heal|p2a: Rhyperior|81\/100|[from] Grassy Terrain\n|upkeep\n|turn|22\n|\n|t:|1598532765\n|switch|p2a: Kyurem|Kyurem|82\/100\n|-damage|p2a: Kyurem|57\/100|[from] Stealth Rock\n|-ability|p2a: Kyurem|Pressure\n|move|p1a: Tama Tonga|High Horsepower|p2a: Kyurem\n|-damage|p2a: Kyurem|13\/100\n|-damage|p1a: Tama Tonga|8\/100|[from] item: Life Orb\n|\n|-heal|p2a: Kyurem|19\/100|[from] Grassy Terrain\n|-heal|p1a: Tama Tonga|14\/100|[from] Grassy Terrain\n|upkeep\n|turn|23\n|\n|t:|1598532768\n|move|p1a: Tama Tonga|Grassy Glide|p2a: Kyurem\n|-resisted|p2a: Kyurem\n|-damage|p2a: Kyurem|0 fnt\n|-damage|p1a: Tama Tonga|4\/100|[from] item: Life Orb\n|faint|p2a: Kyurem\n|\n|-heal|p1a: Tama Tonga|10\/100|[from] Grassy Terrain\n|upkeep\n|\n|t:|1598532770\n|switch|p2a: Dragapult|Dragapult, F|83\/100 tox\n|turn|24\n|\n|t:|1598532773\n|move|p1a: Tama Tonga|Grassy Glide|p2a: Dragapult\n|-resisted|p2a: Dragapult\n|-crit|p2a: Dragapult\n|-damage|p2a: Dragapult|12\/100 tox\n|-damage|p1a: Tama Tonga|0 fnt|[from] item: Life Orb\n|faint|p1a: Tama Tonga\n|move|p2a: Dragapult|U-turn|p1: Tama Tonga|[notarget]\n|-fail|p2a: Dragapult\n|\n|-heal|p2a: Dragapult|18\/100 tox|[from] Grassy Terrain\n|-damage|p2a: Dragapult|12\/100 tox|[from] psn\n|upkeep\n|\n|t:|1598532776\n|switch|p1a: Zephyr|Zeraora, shiny|39\/100\n|-damage|p1a: Zephyr|14\/100|[from] Spikes\n|turn|25\n|\n|t:|1598532785\n|move|p1a: Zephyr|Knock Off|p2a: Dragapult\n|-supereffective|p2a: Dragapult\n|-damage|p2a: Dragapult|0 fnt\n|-enditem|p2a: Dragapult|Heavy-Duty Boots|[from] move: Knock Off|[of] p1a: Zephyr\n|faint|p2a: Dragapult\n|\n|-heal|p1a: Zephyr|20\/100|[from] Grassy Terrain\n|-fieldend|move: Grassy Terrain\n|upkeep\n|\n|t:|1598532786\n|switch|p2a: Rhyperior|Rhyperior, M|81\/100\n|-damage|p2a: Rhyperior|74\/100|[from] Stealth Rock\n|turn|26\n|\n|t:|1598532791\n|move|p1a: Zephyr|Close Combat|p2a: Rhyperior\n|-supereffective|p2a: Rhyperior\n|-damage|p2a: Rhyperior|24\/100\n|-unboost|p1a: Zephyr|def|1\n|-unboost|p1a: Zephyr|spd|1\n|move|p2a: Rhyperior|Earthquake|p1a: Zephyr\n|-supereffective|p1a: Zephyr\n|-damage|p1a: Zephyr|0 fnt\n|faint|p1a: Zephyr\n|\n|upkeep\n|\n|t:|1598532793\n|switch|p1a: Torrent|Azumarill, M|47\/100 par\n|-damage|p1a: Torrent|22\/100 par|[from] Spikes\n|turn|27\n|\n|t:|1598532795\n|move|p2a: Rhyperior|Earthquake|p1a: Torrent\n|-damage|p1a: Torrent|0 fnt\n|faint|p1a: Torrent\n|\n|win|ranitidine\n|l|\u2606LT73IU Pato\n|raw|LT73IU Pato's rating: 1835 &rarr; <strong>1808<\/strong><br \/>(-27 for losing)\n|raw|ranitidine's rating: 1719 &rarr; <strong>1746<\/strong><br \/>(+27 for winning)\n","uploadtime":1598532803,"views":67,"p1id":"lt73iupato","p2id":"ranitidine","formatid":"gen8ou","rating":1746,"private":0,"password":null}