{"id":"gen8ou-1683997112","p1":"the tacoman","p2":"himynametay","format":"gen8ou","log":"|j|\u2606the tacoman\n|j|\u203dhimynametay\n|t:|1665590329\n|gametype|singles\n|player|p1|the tacoman|olympia|1710\n|player|p2|himynametay|elesa|1667\n|teamsize|p1|6\n|teamsize|p2|6\n|gen|8\n|tier|[Gen 8] OU\n|rated|\n|rule|Sleep Clause Mod: Limit one foe put to sleep\n|rule|Species Clause: Limit one of each Pok\u00e9mon\n|rule|OHKO Clause: OHKO moves are banned\n|rule|Evasion Items Clause: Evasion items are banned\n|rule|Evasion Moves Clause: Evasion moves are banned\n|rule|Endless Battle Clause: Forcing endless battles is banned\n|rule|HP Percentage Mod: HP is shown in percentages\n|rule|Dynamax Clause: You cannot dynamax\n|clearpoke\n|poke|p1|Slowking, F|\n|poke|p1|Blaziken, F|\n|poke|p1|Rillaboom, M|\n|poke|p1|Garchomp, F|\n|poke|p1|Melmetal|\n|poke|p1|Zapdos|\n|poke|p2|Slowking-Galar, M|\n|poke|p2|Urshifu-*, M|\n|poke|p2|Garchomp, F|\n|poke|p2|Weavile, M|\n|poke|p2|Corviknight, F|\n|poke|p2|Rillaboom, M|\n|teampreview\n|\n|t:|1665590346\n|start\n|switch|p1a: Garchomp|Garchomp, F|100\/100\n|switch|p2a: Urshifu|Urshifu-Rapid-Strike, M|100\/100\n|turn|1\n|inactive|Battle timer is ON: inactive players will automatically lose when time's up. (requested by himynametay)\n|j| StupidIdiotTest\n|\n|t:|1665590355\n|move|p2a: Urshifu|Close Combat|p1a: Garchomp\n|-damage|p1a: Garchomp|15\/100\n|-unboost|p2a: Urshifu|def|1\n|-unboost|p2a: Urshifu|spd|1\n|-damage|p2a: Urshifu|88\/100|[from] ability: Rough Skin|[of] p1a: Garchomp\n|move|p1a: Garchomp|Stealth Rock|p2a: Urshifu\n|-sidestart|p2: himynametay|move: Stealth Rock\n|\n|-heal|p1a: Garchomp|21\/100|[from] item: Leftovers\n|upkeep\n|turn|2\n|\n|t:|1665590361\n|switch|p2a: Slowking|Slowking-Galar, M|100\/100\n|-damage|p2a: Slowking|88\/100|[from] Stealth Rock\n|switch|p1a: Zapdos|Zapdos|100\/100\n|\n|upkeep\n|turn|3\n|\n|t:|1665590365\n|move|p1a: Zapdos|Volt Switch|p2a: Slowking\n|-damage|p2a: Slowking|75\/100\n|\n|t:|1665590367\n|switch|p1a: Slowking|Slowking, F|100\/100|[from]move: Volt Switch\n|move|p2a: Slowking|Future Sight|p1a: Slowking\n|-start|p2a: Slowking|move: Future Sight\n|\n|upkeep\n|turn|4\n|\n|t:|1665590370\n|switch|p2a: Weavile|Weavile, M|100\/100\n|-ability|p2a: Weavile|Pressure\n|move|p1a: Slowking|Future Sight|p2a: Weavile\n|-start|p1a: Slowking|move: Future Sight\n|\n|upkeep\n|turn|5\n|\n|t:|1665590375\n|switch|p1a: Ngannou|Melmetal|100\/100\n|move|p2a: Weavile|Knock Off|p1a: Ngannou\n|-damage|p1a: Ngannou|74\/100\n|-enditem|p1a: Ngannou|Leftovers|[from] move: Knock Off|[of] p2a: Weavile\n|\n|-end|p1a: Ngannou|move: Future Sight\n|-resisted|p1a: Ngannou\n|-damage|p1a: Ngannou|53\/100\n|upkeep\n|turn|6\n|\n|t:|1665590384\n|switch|p2a: Corviknight|Corviknight, F|100\/100\n|-damage|p2a: Corviknight|88\/100|[from] Stealth Rock\n|-ability|p2a: Corviknight|Pressure\n|move|p1a: Ngannou|Double Iron Bash|p2a: Corviknight\n|-resisted|p2a: Corviknight\n|-damage|p2a: Corviknight|76\/100\n|-damage|p1a: Ngannou|37\/100|[from] item: Rocky Helmet|[of] p2a: Corviknight\n|-resisted|p2a: Corviknight\n|-damage|p2a: Corviknight|63\/100\n|-damage|p1a: Ngannou|20\/100|[from] item: Rocky Helmet|[of] p2a: Corviknight\n|-hitcount|p2a: Corviknight|2\n|\n|-end|p2a: Corviknight|move: Future Sight\n|-resisted|p2a: Corviknight\n|-damage|p2a: Corviknight|43\/100\n|upkeep\n|turn|7\n|\n|t:|1665590395\n|switch|p1a: Blaziken|Blaziken, F|100\/100\n|move|p2a: Corviknight|Roost|p2a: Corviknight\n|-heal|p2a: Corviknight|93\/100\n|-singleturn|p2a: Corviknight|move: Roost\n|\n|upkeep\n|turn|8\n|\n|t:|1665590398\n|move|p1a: Blaziken|Swords Dance|p1a: Blaziken\n|-boost|p1a: Blaziken|atk|2\n|move|p2a: Corviknight|Brave Bird|p1a: Blaziken\n|-supereffective|p1a: Blaziken\n|-damage|p1a: Blaziken|0 fnt\n|faint|p1a: Blaziken\n|-damage|p2a: Corviknight|68\/100|[from] Recoil\n|\n|upkeep\n|\n|t:|1665590406\n|switch|p1a: Zapdos|Zapdos|100\/100\n|turn|9\n|\n|t:|1665590410\n|switch|p2a: Garchomp|Garchomp, F|100\/100\n|-damage|p2a: Garchomp|94\/100|[from] Stealth Rock\n|move|p1a: Zapdos|Volt Switch|p2a: Garchomp\n|-immune|p2a: Garchomp\n|\n|-heal|p2a: Garchomp|100\/100|[from] item: Leftovers\n|upkeep\n|turn|10\n|\n|t:|1665590417\n|switch|p1a: Slowking|Slowking, F|100\/100\n|move|p2a: Garchomp|Stealth Rock|p1a: Slowking\n|-sidestart|p1: the tacoman|move: Stealth Rock\n|\n|upkeep\n|turn|11\n|\n|t:|1665590420\n|move|p2a: Garchomp|Toxic|p1a: Slowking\n|-status|p1a: Slowking|tox\n|move|p1a: Slowking|Scald|p2a: Garchomp\n|-damage|p2a: Garchomp|84\/100\n|\n|-heal|p2a: Garchomp|90\/100|[from] item: Leftovers\n|-damage|p1a: Slowking|94\/100 tox|[from] psn\n|upkeep\n|turn|12\n|\n|t:|1665590422\n|switch|p2a: Slowking|Slowking-Galar, M|100\/100\n|-damage|p2a: Slowking|88\/100|[from] Stealth Rock\n|move|p1a: Slowking|Future Sight|p2a: Slowking\n|-start|p1a: Slowking|move: Future Sight\n|\n|-damage|p1a: Slowking|82\/100 tox|[from] psn\n|upkeep\n|turn|13\n|\n|t:|1665590426\n|move|p2a: Slowking|Flamethrower|p1a: Slowking\n|-resisted|p1a: Slowking\n|-damage|p1a: Slowking|75\/100 tox\n|move|p1a: Slowking|Teleport|p1a: Slowking\n|\n|t:|1665590427\n|switch|p1a: Rillaboom|Rillaboom, M|100\/100|[from]move: Teleport\n|-damage|p1a: Rillaboom|88\/100|[from] Stealth Rock\n|-fieldstart|move: Grassy Terrain|[from] ability: Grassy Surge|[of] p1a: Rillaboom\n|\n|-heal|p1a: Rillaboom|94\/100|[from] Grassy Terrain\n|-heal|p2a: Slowking|94\/100|[from] Grassy Terrain\n|upkeep\n|turn|14\n|\n|t:|1665590433\n|switch|p2a: Corviknight|Corviknight, F|68\/100\n|-damage|p2a: Corviknight|56\/100|[from] Stealth Rock\n|-ability|p2a: Corviknight|Pressure\n|move|p1a: Rillaboom|Knock Off|p2a: Corviknight\n|-damage|p2a: Corviknight|22\/100\n|-damage|p1a: Rillaboom|78\/100|[from] item: Rocky Helmet|[of] p2a: Corviknight\n|-enditem|p2a: Corviknight|Rocky Helmet|[from] move: Knock Off|[of] p1a: Rillaboom\n|\n|-end|p2a: Corviknight|move: Future Sight\n|-resisted|p2a: Corviknight\n|-damage|p2a: Corviknight|2\/100\n|-heal|p1a: Rillaboom|84\/100|[from] Grassy Terrain\n|upkeep\n|turn|15\n|\n|t:|1665590436\n|move|p1a: Rillaboom|Knock Off|p2a: Corviknight\n|-damage|p2a: Corviknight|0 fnt\n|faint|p2a: Corviknight\n|\n|-heal|p1a: Rillaboom|90\/100|[from] Grassy Terrain\n|upkeep\n|\n|t:|1665590442\n|switch|p2a: Rillaboom|Rillaboom, M|100\/100\n|-damage|p2a: Rillaboom|88\/100|[from] Stealth Rock\n|turn|16\n|\n|t:|1665590450\n|switch|p1a: Zapdos|Zapdos|100\/100\n|move|p2a: Rillaboom|Knock Off|p1a: Zapdos\n|-damage|p1a: Zapdos|74\/100\n|-enditem|p1a: Zapdos|Heavy-Duty Boots|[from] move: Knock Off|[of] p2a: Rillaboom\n|\n|-heal|p2a: Rillaboom|94\/100|[from] Grassy Terrain\n|-heal|p2a: Rillaboom|99\/100|[from] item: Leftovers\n|upkeep\n|turn|17\n|\n|t:|1665590456\n|switch|p2a: Garchomp|Garchomp, F|90\/100\n|-damage|p2a: Garchomp|84\/100|[from] Stealth Rock\n|move|p1a: Zapdos|Roost|p1a: Zapdos\n|-heal|p1a: Zapdos|100\/100\n|-singleturn|p1a: Zapdos|move: Roost\n|\n|-heal|p2a: Garchomp|90\/100|[from] Grassy Terrain\n|-heal|p2a: Garchomp|96\/100|[from] item: Leftovers\n|-fieldend|move: Grassy Terrain\n|upkeep\n|turn|18\n|\n|t:|1665590463\n|switch|p1a: Garchomp|Garchomp, F|21\/100\n|-damage|p1a: Garchomp|15\/100|[from] Stealth Rock\n|move|p2a: Garchomp|Toxic|p1a: Garchomp\n|-status|p1a: Garchomp|tox\n|\n|-heal|p1a: Garchomp|21\/100 tox|[from] item: Leftovers\n|-heal|p2a: Garchomp|100\/100|[from] item: Leftovers\n|-damage|p1a: Garchomp|15\/100 tox|[from] psn\n|upkeep\n|turn|19\n|\n|t:|1665590469\n|move|p1a: Garchomp|Toxic|p2a: Garchomp\n|-status|p2a: Garchomp|tox\n|move|p2a: Garchomp|Earthquake|p1a: Garchomp\n|-damage|p1a: Garchomp|0 fnt\n|faint|p1a: Garchomp\n|\n|-damage|p2a: Garchomp|94\/100 tox|[from] psn\n|upkeep\n|\n|t:|1665590485\n|switch|p1a: Slowking|Slowking, F|100\/100 tox\n|turn|20\n|\n|t:|1665590489\n|switch|p2a: Weavile|Weavile, M|100\/100\n|-ability|p2a: Weavile|Pressure\n|move|p1a: Slowking|Future Sight|p2a: Weavile\n|-start|p1a: Slowking|move: Future Sight\n|\n|-damage|p1a: Slowking|94\/100 tox|[from] psn\n|upkeep\n|turn|21\n|\n|t:|1665590493\n|switch|p1a: Ngannou|Melmetal|20\/100\n|-damage|p1a: Ngannou|14\/100|[from] Stealth Rock\n|move|p2a: Weavile|Swords Dance|p2a: Weavile\n|-boost|p2a: Weavile|atk|2\n|\n|upkeep\n|turn|22\n|\n|t:|1665590496\n|move|p2a: Weavile|Knock Off|p1a: Ngannou\n|-damage|p1a: Ngannou|0 fnt\n|faint|p1a: Ngannou\n|\n|-end|p2a: Weavile|move: Future Sight\n|-immune|p2a: Weavile\n|upkeep\n|\n|t:|1665590498\n|switch|p1a: Rillaboom|Rillaboom, M|90\/100\n|-damage|p1a: Rillaboom|78\/100|[from] Stealth Rock\n|-fieldstart|move: Grassy Terrain|[from] ability: Grassy Surge|[of] p1a: Rillaboom\n|turn|23\n|\n|t:|1665590522\n|move|p2a: Weavile|Ice Shard|p1a: Rillaboom\n|-supereffective|p1a: Rillaboom\n|-damage|p1a: Rillaboom|0 fnt\n|faint|p1a: Rillaboom\n|\n|upkeep\n|-message|the tacoman forfeited.\n|\n|win|himynametay\n|raw|the tacoman's rating: 1710 &rarr; <strong>1686<\/strong><br \/>(-24 for losing)\n|raw|himynametay's rating: 1648 &rarr; <strong>1672<\/strong><br \/>(+24 for winning)\n|l|\u2606the tacoman\n|l|\u203dhimynametay\n||Ladder isn't responding, score probably updated but might not have (Request timeout).\n|j|\u203dhimynametay\n|player|p2|himynametay|elesa\n","uploadtime":1665590531,"views":3,"p1id":"thetacoman","p2id":"himynametay","formatid":"gen8ou","rating":1672,"private":0,"password":null}