{"id":"gen8lc-1312691925","p1":"badalakazam","p2":"Nael222","format":"gen8lc","log":"|html|<div class=\"broadcast-blue\"><strong>[Gen 8] LC is currently suspecting Woobat! For information on how to participate check out the <a href=\"https:\/\/www.smogon.com\/forums\/threads\/lc-suspect-%E2%80%94-the-woo.3680552\/\">suspect thread<\/a>.<\/strong><\/div>\n|j|\u2606badalakazam\n|j|\u2606Nael222\n|t:|1617211026\n|player|p1|badalakazam|pokefan-gen4|\n|player|p2|Nael222|rosa|\n|teamsize|p1|6\n|teamsize|p2|6\n|gametype|singles\n|gen|8\n|tier|[Gen 8] LC\n|clearpoke\n|poke|p1|Helioptile, L5, F|\n|poke|p1|Hatenna, L5, F|\n|poke|p1|Horsea, L5, F|\n|poke|p1|Vullaby, L5, F|\n|poke|p1|Zorua, L5, M|\n|poke|p1|Gible, L5, M|\n|poke|p2|Dewpider, L5, M|\n|poke|p2|Pawniard, L5, F|\n|poke|p2|Vullaby, L5, F|\n|poke|p2|Grookey, L5, F|\n|poke|p2|Woobat, L5, M|\n|poke|p2|Scraggy, L5, F|\n|rule|Sleep Clause Mod: Limit one foe put to sleep\n|rule|Species Clause: Limit one of each Pok\u00e9mon\n|rule|OHKO Clause: OHKO moves are banned\n|rule|Evasion Moves Clause: Evasion moves are banned\n|rule|Endless Battle Clause: Forcing endless battles is banned\n|rule|HP Percentage Mod: HP is shown in percentages\n|rule|Dynamax Clause: You cannot dynamax\n|teampreview\n|j| Vextal\n|j| Remi25\n|j| Mdraa\n|l| Remi25\n|j| Bekaray \u8d1d\u5361\u96f7@!\n|j| eternal ocean\n|j| Foukrou\n|l| eternal ocean\n|j| Remi25\n|l| Foukrou\n|j| eternal ocean\n|l| Remi25\n|l| eternal ocean\n|j| Foukrou\n|l| Foukrou\n|j| Lokifan\n|j| Ghostricker0197\n|l| Ghostricker0197\n|\n|t:|1617211102\n|start\n|switch|p1a: Hatenna|Hatenna, L5, F|100\/100\n|switch|p2a: Dewpider|Dewpider, L5, M|100\/100\n|turn|1\n|j| Hervalt\n|j| Sciroccoo\n|c|\u2606badalakazam|bon match\n|l| Sciroccoo\n|\n|t:|1617211135\n|move|p1a: Hatenna|Dark Pulse|p2a: Dewpider\n|-damage|p2a: Dewpider|53\/100\n|move|p2a: Dewpider|Surf|p1a: Hatenna\n|-enditem|p1a: Hatenna|Focus Sash\n|-damage|p1a: Hatenna|5\/100\n|replace|p1a: Zorua|Zorua, L5, M\n|-end|p1a: Zorua|Illusion\n|\n|upkeep\n|turn|2\n|j| G4lactiK\n|c|\u2606badalakazam|il est jou\u00e9 comment ton pok\u00e9mon?\n|l| Lokifan\n|c| Hervalt|\u00e7a se demande en fin de match \u00e7a\n|\n|t:|1617211179\n|switch|p1a: Helioptile|Helioptile, L5, F|100\/100\n|switch|p2a: Pawniard|Pawniard, L5, F|100\/100\n|\n|upkeep\n|turn|3\n|\n|t:|1617211200\n|move|p1a: Helioptile|Substitute|p1a: Helioptile\n|-start|p1a: Helioptile|Substitute\n|-damage|p1a: Helioptile|77\/100\n|move|p2a: Pawniard|Knock Off|p1a: Helioptile\n|-end|p1a: Helioptile|Substitute\n|\n|-heal|p1a: Helioptile|81\/100|[from] item: Leftovers\n|upkeep\n|turn|4\n|\n|t:|1617211206\n|move|p1a: Helioptile|Glare|p2a: Pawniard\n|-status|p2a: Pawniard|par\n|move|p2a: Pawniard|Knock Off|p1a: Helioptile\n|-damage|p1a: Helioptile|0 fnt\n|-enditem|p1a: Helioptile|Leftovers|[from] move: Knock Off|[of] p2a: Pawniard\n|faint|p1a: Helioptile\n|\n|upkeep\n|l| Hervalt\n|\n|t:|1617211217\n|switch|p1a: Vullaby|Vullaby, L5, F|100\/100\n|turn|5\n|l| Bekaray \u8d1d\u5361\u96f7\n|\n|t:|1617211226\n|switch|p2a: Vullaby|Vullaby, L5, F|100\/100\n|move|p1a: Vullaby|Nasty Plot|p1a: Vullaby\n|-boost|p1a: Vullaby|spa|2\n|\n|upkeep\n|turn|6\n|\n|t:|1617211240\n|move|p2a: Vullaby|Air Slash|p1a: Vullaby\n|-damage|p1a: Vullaby|70\/100\n|cant|p1a: Vullaby|flinch\n|\n|upkeep\n|turn|7\n|\n|t:|1617211246\n|move|p2a: Vullaby|Air Slash|p1a: Vullaby\n|-damage|p1a: Vullaby|40\/100\n|cant|p1a: Vullaby|flinch\n|\n|upkeep\n|turn|8\n|\n|t:|1617211251\n|move|p2a: Vullaby|Air Slash|p1a: Vullaby\n|-damage|p1a: Vullaby|14\/100\n|move|p1a: Vullaby|Air Slash|p2a: Vullaby\n|-crit|p2a: Vullaby\n|-damage|p2a: Vullaby|0 fnt\n|faint|p2a: Vullaby\n|\n|upkeep\n|c|\u2606Nael222|PTDRR\n|c|\u2606Nael222|excellent karma\n|\n|t:|1617211271\n|switch|p2a: Grookey|Grookey, L5, F|100\/100\n|-fieldstart|move: Grassy Terrain|[from] ability: Grassy Surge|[of] p2a: Grookey\n|turn|9\n|c|\u2606badalakazam|je n'ai  pas assez cru au pouvoir de l'amiti\u00e9\n|\n|t:|1617211285\n|switch|p1a: Hatenna|Hatenna, L5, F|5\/100\n|move|p2a: Grookey|Grassy Glide|p1a: Hatenna\n|-damage|p1a: Hatenna|0 fnt\n|replace|p1a: Zorua|Zorua, L5, M\n|-end|p1a: Zorua|Illusion\n|faint|p1a: Zorua\n|\n|upkeep\n|\n|t:|1617211287\n|switch|p1a: Hatenna|Hatenna, L5, F|100\/100\n|turn|10\n|\n|t:|1617211296\n|switch|p2a: Pawniard|Pawniard, L5, F|100\/100 par\n|move|p1a: Hatenna|Healing Wish|p1a: Hatenna\n|faint|p1a: Hatenna\n|\n|upkeep\n|\n|t:|1617211300\n|switch|p1a: Vullaby|Vullaby, L5, F|14\/100\n|-heal|p1a: Vullaby|100\/100|[from] move: Healing Wish\n|turn|11\n|\n|t:|1617211306\n|move|p1a: Vullaby|Nasty Plot|p1a: Vullaby\n|-boost|p1a: Vullaby|spa|2\n|move|p2a: Pawniard|Iron Head|p1a: Vullaby\n|-damage|p1a: Vullaby|61\/100\n|-ability|p1a: Vullaby|Weak Armor|boost\n|-unboost|p1a: Vullaby|def|1\n|-boost|p1a: Vullaby|spe|2\n|\n|upkeep\n|turn|12\n|\n|t:|1617211317\n|move|p2a: Pawniard|Sucker Punch|p1a: Vullaby\n|-resisted|p1a: Vullaby\n|-damage|p1a: Vullaby|40\/100\n|-ability|p1a: Vullaby|Weak Armor|boost\n|-unboost|p1a: Vullaby|def|1\n|-boost|p1a: Vullaby|spe|2\n|move|p1a: Vullaby|Heat Wave|p2a: Pawniard\n|-supereffective|p2a: Pawniard\n|-damage|p2a: Pawniard|0 fnt\n|faint|p2a: Pawniard\n|\n|upkeep\n|\n|t:|1617211321\n|switch|p2a: Grookey|Grookey, L5, F|100\/100\n|turn|13\n|\n|t:|1617211331\n|move|p2a: Grookey|Grassy Glide|p1a: Vullaby\n|-resisted|p1a: Vullaby\n|-damage|p1a: Vullaby|0 fnt\n|faint|p1a: Vullaby\n|\n|-fieldend|move: Grassy Terrain\n|upkeep\n|\n|t:|1617211347\n|switch|p1a: Gible|Gible, L5, M|100\/100\n|turn|14\n|\n|t:|1617211355\n|move|p2a: Grookey|Grassy Glide|p1a: Gible\n|-damage|p1a: Gible|69\/100\n|-damage|p2a: Grookey|91\/100|[from] ability: Rough Skin|[of] p1a: Gible\n|move|p1a: Gible|Hone Claws|p1a: Gible\n|-boost|p1a: Gible|atk|1\n|-boost|p1a: Gible|accuracy|1\n|\n|upkeep\n|turn|15\n|\n|t:|1617211367\n|switch|p2a: Scraggy|Scraggy, L5, F|100\/100\n|move|p1a: Gible|Hone Claws|p1a: Gible\n|-boost|p1a: Gible|atk|1\n|-boost|p1a: Gible|accuracy|1\n|\n|upkeep\n|turn|16\n|\n|t:|1617211377\n|move|p2a: Scraggy|High Jump Kick|p1a: Gible|[miss]\n|-miss|p2a: Scraggy|p1a: Gible\n|-damage|p2a: Scraggy|50\/100|[from] highjumpkick\n|-enditem|p2a: Scraggy|Berry Juice\n|-heal|p2a: Scraggy|100\/100|[from] item: Berry Juice\n|move|p1a: Gible|Earthquake|p2a: Scraggy\n|-damage|p2a: Scraggy|0 fnt\n|faint|p2a: Scraggy\n|\n|upkeep\n|\n|t:|1617211390\n|switch|p2a: Grookey|Grookey, L5, F|91\/100\n|-fieldstart|move: Grassy Terrain|[from] ability: Grassy Surge|[of] p2a: Grookey\n|turn|17\n|c|\u2606Nael222|yeah g\u00e9nial\n|\n|t:|1617211406\n|move|p2a: Grookey|Grassy Glide|p1a: Gible\n|-damage|p1a: Gible|14\/100\n|-damage|p2a: Grookey|81\/100|[from] ability: Rough Skin|[of] p1a: Gible\n|move|p1a: Gible|Scale Shot|p2a: Grookey\n|-damage|p2a: Grookey|39\/100\n|-damage|p2a: Grookey|0 fnt\n|-hitcount|p2a: Grookey|2\n|-unboost|p1a: Gible|def|1\n|-boost|p1a: Gible|spe|1\n|faint|p2a: Grookey\n|\n|-heal|p1a: Gible|19\/100|[from] Grassy Terrain\n|upkeep\n|\n|t:|1617211415\n|switch|p2a: Woobat|Woobat, L5, M|100\/100\n|-enditem|p2a: Woobat|Grassy Seed\n|-boost|p2a: Woobat|def|2|[from] item: Grassy Seed\n|turn|18\n|\n|t:|1617211423\n|move|p1a: Gible|Scale Shot|p2a: Woobat\n|-damage|p2a: Woobat|84\/100\n|-damage|p2a: Woobat|67\/100\n|-damage|p2a: Woobat|50\/100\n|-hitcount|p2a: Woobat|3\n|-unboost|p1a: Gible|def|1\n|-boost|p1a: Gible|spe|1\n|move|p2a: Woobat|Stored Power|p1a: Gible\n|-damage|p1a: Gible|0 fnt\n|faint|p1a: Gible\n|\n|upkeep\n|\n|t:|1617211430\n|switch|p1a: Horsea|Horsea, L5, F|100\/100\n|turn|19\n|\n|t:|1617211435\n|move|p2a: Woobat|Calm Mind|p2a: Woobat\n|-boost|p2a: Woobat|spa|2\n|-boost|p2a: Woobat|spd|2\n|move|p1a: Horsea|Dragon Dance|p1a: Horsea\n|-boost|p1a: Horsea|atk|1\n|-boost|p1a: Horsea|spe|1\n|\n|upkeep\n|turn|20\n|\n|t:|1617211440\n|move|p1a: Horsea|Substitute|p1a: Horsea\n|-start|p1a: Horsea|Substitute\n|-damage|p1a: Horsea|75\/100\n|move|p2a: Woobat|Stored Power|p1a: Horsea\n|-end|p1a: Horsea|Substitute\n|\n|-heal|p1a: Horsea|80\/100|[from] Grassy Terrain\n|-heal|p1a: Horsea|85\/100|[from] item: Leftovers\n|upkeep\n|turn|21\n|\n|t:|1617211444\n|move|p1a: Horsea|Disable|p2a: Woobat\n|-start|p2a: Woobat|Disable|Stored Power\n|cant|p2a: Woobat|Disable|Stored Power\n|\n|-heal|p1a: Horsea|90\/100|[from] Grassy Terrain\n|-heal|p1a: Horsea|95\/100|[from] item: Leftovers\n|-fieldend|move: Grassy Terrain\n|upkeep\n|turn|22\n|\n|t:|1617211448\n|move|p1a: Horsea|Dragon Dance|p1a: Horsea\n|-boost|p1a: Horsea|atk|1\n|-boost|p1a: Horsea|spe|1\n|move|p2a: Woobat|Roost|p2a: Woobat\n|-heal|p2a: Woobat|100\/100\n|-singleturn|p2a: Woobat|move: Roost\n|\n|-heal|p1a: Horsea|100\/100|[from] item: Leftovers\n|upkeep\n|turn|23\n|\n|t:|1617211453\n|move|p1a: Horsea|Substitute|p1a: Horsea\n|-start|p1a: Horsea|Substitute\n|-damage|p1a: Horsea|75\/100\n|move|p2a: Woobat|Heat Wave|p1a: Horsea\n|-resisted|p1a: Horsea\n|-end|p1a: Horsea|Substitute\n|\n|-heal|p1a: Horsea|80\/100|[from] item: Leftovers\n|upkeep\n|turn|24\n|\n|t:|1617211458\n|move|p1a: Horsea|Dragon Dance|p1a: Horsea\n|-boost|p1a: Horsea|atk|1\n|-boost|p1a: Horsea|spe|1\n|move|p2a: Woobat|Heat Wave|p1a: Horsea\n|-resisted|p1a: Horsea\n|-damage|p1a: Horsea|35\/100\n|\n|-heal|p1a: Horsea|40\/100|[from] item: Leftovers\n|-end|p2a: Woobat|Disable\n|upkeep\n|turn|25\n|\n|t:|1617211469\n|move|p1a: Horsea|Dragon Dance|p1a: Horsea\n|-boost|p1a: Horsea|atk|1\n|-boost|p1a: Horsea|spe|1\n|move|p2a: Woobat|Stored Power|p1a: Horsea\n|-damage|p1a: Horsea|0 fnt\n|faint|p1a: Horsea\n|\n|win|Nael222\n|c|\u2606Nael222|gg\n|c|\u2606badalakazam|gg\n","uploadtime":1617211475,"views":25,"p1id":"badalakazam","p2id":"nael222","formatid":"gen8lc","rating":0,"private":0,"password":null}