{"id":"gen8nationaldex-1498487911","p1":"Blacksponge","p2":"Pwjrio","format":"gen8nationaldex","log":"|j|\u203dBlacksponge\n|j|\u2606Pwjrio\n|t:|1643157677\n|gametype|singles\n|player|p1|Blacksponge|169|1630\n|player|p2|Pwjrio|policeman-gen4|1549\n|teamsize|p1|6\n|teamsize|p2|6\n|gen|8\n|tier|[Gen 8] National Dex\n|rated|\n|rule|HP Percentage Mod: HP is shown in percentages\n|rule|Endless Battle Clause: Forcing endless battles is banned\n|rule|OHKO Clause: OHKO moves are banned\n|rule|Evasion Moves Clause: Evasion moves are banned\n|rule|Species Clause: Limit one of each Pok\u00e9mon\n|rule|Dynamax Clause: You cannot dynamax\n|rule|Sleep Clause Mod: Limit one foe put to sleep\n|clearpoke\n|poke|p1|Kyurem|\n|poke|p1|Lopunny, F|\n|poke|p1|Corviknight, F|\n|poke|p1|Blissey, F|\n|poke|p1|Serperior, M|\n|poke|p1|Victini|\n|poke|p2|Corviknight, M|\n|poke|p2|Kyurem|\n|poke|p2|Klefki, F|\n|poke|p2|Blacephalon|\n|poke|p2|Melmetal|\n|poke|p2|Greninja, M|\n|teampreview\n|\n|t:|1643157684\n|start\n|switch|p1a: Victini|Victini|100\/100\n|switch|p2a: Klefki|Klefki, F|100\/100\n|turn|1\n|\n|t:|1643157689\n|move|p2a: Klefki|Thunder Wave|p1a: Victini|[miss]\n|-miss|p2a: Klefki|p1a: Victini\n|move|p1a: Victini|V-create|p2a: Klefki\n|-supereffective|p2a: Klefki\n|-damage|p2a: Klefki|0 fnt\n|-unboost|p1a: Victini|spe|1\n|-unboost|p1a: Victini|def|1\n|-unboost|p1a: Victini|spd|1\n|faint|p2a: Klefki\n|\n|upkeep\n|inactive|Battle timer is ON: inactive players will automatically lose when time's up. (requested by Blacksponge)\n|\n|t:|1643157695\n|switch|p2a: Blacephalon|Blacephalon, shiny|100\/100\n|turn|2\n|\n|t:|1643157699\n|switch|p1a: Blissey|Blissey, F|100\/100\n|move|p2a: Blacephalon|Psyshock|p1a: Blissey\n|-damage|p1a: Blissey|73\/100\n|\n|upkeep\n|turn|3\n|\n|t:|1643157705\n|switch|p2a: Melmetal|Melmetal|100\/100\n|move|p1a: Blissey|Stealth Rock|p2a: Melmetal\n|-sidestart|p2: Pwjrio|move: Stealth Rock\n|\n|upkeep\n|turn|4\n|\n|t:|1643157716\n|switch|p1a: Corviknight|Corviknight, F|100\/100\n|-ability|p1a: Corviknight|Pressure\n|switch|p2a: Corviknight|Corviknight, M, shiny|100\/100\n|-damage|p2a: Corviknight|88\/100|[from] Stealth Rock\n|-ability|p2a: Corviknight|Pressure\n|\n|upkeep\n|turn|5\n|\n|t:|1643157722\n|switch|p1a: Victini|Victini|100\/100\n|move|p2a: Corviknight|Defog|p1a: Victini\n|-unboost|p1a: Victini|evasion|1\n|-sideend|p2: Pwjrio|Stealth Rock|[from] move: Defog|[of] p2a: Corviknight\n|\n|upkeep\n|turn|6\n|\n|t:|1643157730\n|switch|p2a: Greninja|Greninja, M|100\/100\n|move|p1a: Victini|V-create|p2a: Greninja\n|-resisted|p2a: Greninja\n|-damage|p2a: Greninja|0 fnt\n|-unboost|p1a: Victini|spe|1\n|-unboost|p1a: Victini|def|1\n|-unboost|p1a: Victini|spd|1\n|faint|p2a: Greninja\n|\n|upkeep\n|\n|t:|1643157735\n|switch|p2a: Melmetal|Melmetal|100\/100\n|turn|7\n|\n|t:|1643157751\n|move|p1a: Victini|V-create|p2a: Melmetal\n|-supereffective|p2a: Melmetal\n|-damage|p2a: Melmetal|0 fnt\n|-unboost|p1a: Victini|spe|1\n|-unboost|p1a: Victini|def|1\n|-unboost|p1a: Victini|spd|1\n|faint|p2a: Melmetal\n|\n|upkeep\n|\n|t:|1643157755\n|switch|p2a: Kyurem|Kyurem|100\/100\n|-ability|p2a: Kyurem|Pressure\n|turn|8\n|\n|t:|1643157765\n|switch|p2a: Blacephalon|Blacephalon, shiny|100\/100\n|switch|p1a: Blissey|Blissey, F|73\/100\n|\n|upkeep\n|turn|9\n|\n|t:|1643157770\n|move|p2a: Blacephalon|Mind Blown|p1a: Blissey\n|-damage|p1a: Blissey|39\/100\n|-damage|p2a: Blacephalon|50\/100|[from] mindblown\n|move|p1a: Blissey|Teleport|p1a: Blissey\n|\n|t:|1643157774\n|switch|p1a: Lopunny|Lopunny, F|100\/100|[from]move: Teleport\n|\n|upkeep\n|turn|10\n|\n|t:|1643157777\n|detailschange|p1a: Lopunny|Lopunny-Mega, F\n|-mega|p1a: Lopunny|Lopunny|Lopunnite\n|move|p2a: Blacephalon|Mind Blown|p1a: Lopunny\n|-damage|p1a: Lopunny|0 fnt\n|-damage|p2a: Blacephalon|0 fnt|[from] mindblown\n|faint|p2a: Blacephalon\n|faint|p1a: Lopunny\n|\n|upkeep\n|\n|t:|1643157784\n|switch|p1a: Victini|Victini|100\/100\n|switch|p2a: Kyurem|Kyurem|100\/100\n|-ability|p2a: Kyurem|Pressure\n|turn|11\n|\n|t:|1643157787\n|move|p1a: Victini|V-create|p2a: Kyurem\n|-damage|p2a: Kyurem|0 fnt\n|-unboost|p1a: Victini|spe|1\n|-unboost|p1a: Victini|def|1\n|-unboost|p1a: Victini|spd|1\n|faint|p2a: Kyurem\n|\n|upkeep\n|\n|t:|1643157789\n|switch|p2a: Corviknight|Corviknight, M, shiny|88\/100\n|-ability|p2a: Corviknight|Pressure\n|turn|12\n|\n|t:|1643157793\n|move|p1a: Victini|V-create|p2a: Corviknight\n|-supereffective|p2a: Corviknight\n|-damage|p2a: Corviknight|0 fnt\n|-unboost|p1a: Victini|spe|1\n|-unboost|p1a: Victini|def|1\n|-unboost|p1a: Victini|spd|1\n|faint|p2a: Corviknight\n|\n|win|Blacksponge\n|raw|Blacksponge's rating: 1630 &rarr; <strong>1645<\/strong><br \/>(+15 for winning)\n|raw|Pwjrio's rating: 1549 &rarr; <strong>1534<\/strong><br \/>(-15 for losing)\n|c|\u2606Pwjrio|gg\n|l|\u2606Pwjrio\n","uploadtime":1643157803,"views":16,"p1id":"blacksponge","p2id":"pwjrio","formatid":"gen8nationaldex","rating":1534,"private":0,"password":null}