{"id":"gen8nationaldexmonotype-1617911297","p1":"SuckMyToesies","p2":"SirFresh","format":"gen8nationaldexmonotype","log":"|j|\u2606SuckMyToesies\n|j|\u2606SirFresh\n|t:|1657900743\n|gametype|singles\n|player|p1|SuckMyToesies|265|\n|player|p2|SirFresh|palmer|\n|teamsize|p1|6\n|teamsize|p2|6\n|gen|8\n|tier|[Gen 8] National Dex Monotype\n|rule|HP Percentage Mod: HP is shown in percentages\n|rule|Endless Battle Clause: Forcing endless battles is banned\n|rule|Same Type Clause: Pok\u00e9mon in a team must share a type\n|rule|Species Clause: Limit one of each Pok\u00e9mon\n|rule|OHKO Clause: OHKO moves are banned\n|rule|Evasion Moves Clause: Evasion moves are banned\n|rule|Dynamax Clause: You cannot dynamax\n|rule|Sleep Clause Mod: Limit one foe put to sleep\n|clearpoke\n|poke|p1|Greninja, M|\n|poke|p1|Toxapex, F|\n|poke|p1|Urshifu-*, F|\n|poke|p1|Rotom-Wash|\n|poke|p1|Gyarados, M|\n|poke|p1|Swampert, F|\n|poke|p2|Greninja, M|\n|poke|p2|Crawdaunt, M|\n|poke|p2|Swampert, M|\n|poke|p2|Milotic, F|\n|poke|p2|Manaphy|\n|poke|p2|Lanturn, F|\n|teampreview\n|c|\u2606SirFresh|Glhf\n|c|\u2606SuckMyToesies|u2\n|\n|t:|1657900819\n|start\n|switch|p1a: Greninja|Greninja, M|100\/100\n|switch|p2a: Lanturn|Lanturn, F|100\/100\n|turn|1\n|\n|t:|1657900834\n|move|p1a: Greninja|U-turn|p2a: Lanturn\n|-start|p1a: Greninja|typechange|Bug|[from] ability: Protean\n|-damage|p2a: Lanturn|71\/100\n|-damage|p1a: Greninja|91\/100|[from] item: Life Orb\n|\n|t:|1657900841\n|switch|p1a: Swampert|Swampert, F|100\/100|[from]move: U-turn\n|move|p2a: Lanturn|Hidden Power|p1a: Swampert\n|-supereffective|p1a: Swampert\n|-damage|p1a: Swampert|71\/100\n|\n|-heal|p2a: Lanturn|77\/100|[from] item: Leftovers\n|-heal|p1a: Swampert|77\/100|[from] item: Leftovers\n|upkeep\n|turn|2\n|\n|t:|1657900856\n|switch|p2a: Milotic|Milotic, F|100\/100\n|move|p1a: Swampert|Stealth Rock|p2a: Milotic\n|-sidestart|p2: SirFresh|move: Stealth Rock\n|\n|-heal|p1a: Swampert|83\/100|[from] item: Leftovers\n|upkeep\n|turn|3\n|\n|t:|1657900863\n|move|p2a: Milotic|Toxic|p1a: Swampert\n|-status|p1a: Swampert|tox\n|move|p1a: Swampert|Yawn|p2a: Milotic\n|-start|p2a: Milotic|move: Yawn|[of] p1a: Swampert\n|\n|-heal|p1a: Swampert|89\/100 tox|[from] item: Leftovers\n|-damage|p1a: Swampert|83\/100 tox|[from] psn\n|upkeep\n|turn|4\n|\n|t:|1657900872\n|switch|p2a: Lanturn|Lanturn, F|77\/100\n|-damage|p2a: Lanturn|65\/100|[from] Stealth Rock\n|move|p1a: Swampert|Flip Turn|p2a: Lanturn\n|-resisted|p2a: Lanturn\n|-damage|p2a: Lanturn|51\/100\n|\n|t:|1657900884\n|switch|p1a: Urshifu|Urshifu-Rapid-Strike, F|100\/100|[from]move: Flip Turn\n|\n|-heal|p2a: Lanturn|57\/100|[from] item: Leftovers\n|upkeep\n|turn|5\n|\n|t:|1657900898\n|move|p1a: Urshifu|Close Combat|p2a: Lanturn\n|-damage|p2a: Lanturn|0 fnt\n|-unboost|p1a: Urshifu|def|1\n|-unboost|p1a: Urshifu|spd|1\n|faint|p2a: Lanturn\n|\n|upkeep\n|\n|t:|1657900922\n|switch|p2a: Greninja|Greninja, M|100\/100\n|-damage|p2a: Greninja|88\/100|[from] Stealth Rock\n|turn|6\n|\n|t:|1657900931\n|switch|p1a: Swampert|Swampert, F|83\/100 tox\n|move|p2a: Greninja|Extrasensory|p1a: Swampert\n|-start|p2a: Greninja|typechange|Psychic|[from] ability: Protean\n|-damage|p1a: Swampert|60\/100 tox\n|\n|-heal|p1a: Swampert|66\/100 tox|[from] item: Leftovers\n|-damage|p1a: Swampert|60\/100 tox|[from] psn\n|upkeep\n|turn|7\n|\n|t:|1657900988\n|switch|p2a: Crawdaunt|Crawdaunt, M|100\/100\n|-damage|p2a: Crawdaunt|88\/100|[from] Stealth Rock\n|move|p1a: Swampert|Flip Turn|p2a: Crawdaunt\n|-resisted|p2a: Crawdaunt\n|-crit|p2a: Crawdaunt\n|-damage|p2a: Crawdaunt|63\/100\n|\n|t:|1657900993\n|switch|p1a: Urshifu|Urshifu-Rapid-Strike, F|100\/100|[from]move: Flip Turn\n|\n|upkeep\n|turn|8\n|\n|t:|1657901002\n|move|p2a: Crawdaunt|Aqua Jet|p1a: Urshifu\n|-resisted|p1a: Urshifu\n|-damage|p1a: Urshifu|86\/100\n|move|p1a: Urshifu|Close Combat|p2a: Crawdaunt\n|-supereffective|p2a: Crawdaunt\n|-damage|p2a: Crawdaunt|0 fnt\n|-unboost|p1a: Urshifu|def|1\n|-unboost|p1a: Urshifu|spd|1\n|faint|p2a: Crawdaunt\n|\n|upkeep\n|\n|t:|1657901009\n|switch|p2a: Manaphy|Manaphy|100\/100\n|-damage|p2a: Manaphy|88\/100|[from] Stealth Rock\n|turn|9\n|\n|t:|1657901018\n|move|p1a: Urshifu|Close Combat|p2a: Manaphy\n|-damage|p2a: Manaphy|15\/100\n|-unboost|p1a: Urshifu|def|1\n|-unboost|p1a: Urshifu|spd|1\n|move|p2a: Manaphy|Tail Glow|p2a: Manaphy\n|-boost|p2a: Manaphy|spa|3\n|\n|upkeep\n|turn|10\n|\n|t:|1657901026\n|move|p1a: Urshifu|Close Combat|p2a: Manaphy\n|-damage|p2a: Manaphy|0 fnt\n|-unboost|p1a: Urshifu|def|1\n|-unboost|p1a: Urshifu|spd|1\n|faint|p2a: Manaphy\n|\n|upkeep\n|\n|t:|1657901030\n|switch|p2a: Greninja|Greninja, M|88\/100\n|-damage|p2a: Greninja|76\/100|[from] Stealth Rock\n|turn|11\n|\n|t:|1657901036\n|switch|p1a: Swampert|Swampert, F|60\/100 tox\n|move|p2a: Greninja|Work Up|p2a: Greninja\n|-start|p2a: Greninja|typechange|Normal|[from] ability: Protean\n|-boost|p2a: Greninja|atk|1\n|-boost|p2a: Greninja|spa|1\n|\n|-heal|p1a: Swampert|66\/100 tox|[from] item: Leftovers\n|-damage|p1a: Swampert|60\/100 tox|[from] psn\n|upkeep\n|turn|12\n|\n|t:|1657901042\n|move|p2a: Greninja|Hidden Power|p1a: Swampert\n|-start|p2a: Greninja|typechange|Grass|[from] ability: Protean\n|-supereffective|p1a: Swampert\n|-damage|p1a: Swampert|0 fnt\n|faint|p1a: Swampert\n|\n|upkeep\n|\n|t:|1657901068\n|switch|p1a: Toxapex|Toxapex, F|100\/100\n|turn|13\n|\n|t:|1657901072\n|switch|p1a: Greninja|Greninja, M|91\/100\n|-zpower|p2a: Greninja\n|move|p2a: Greninja|Shattered Psyche|p1a: Greninja|[zeffect]\n|-start|p2a: Greninja|typechange|Psychic|[from] ability: Protean\n|-immune|p1a: Greninja\n|\n|upkeep\n|turn|14\n|\n|t:|1657901079\n|move|p2a: Greninja|Hidden Power|p1a: Greninja\n|-start|p2a: Greninja|typechange|Grass|[from] ability: Protean\n|-supereffective|p1a: Greninja\n|-damage|p1a: Greninja|0 fnt\n|faint|p1a: Greninja\n|\n|upkeep\n|\n|t:|1657901113\n|switch|p1a: Gyarados|Gyarados, M|100\/100\n|-ability|p1a: Gyarados|Intimidate|boost\n|-unboost|p2a: Greninja|atk|1\n|turn|15\n|\n|t:|1657901136\n|detailschange|p1a: Gyarados|Gyarados-Mega, M\n|-mega|p1a: Gyarados|Gyarados|Gyaradosite\n|-ability|p1a: Gyarados|Mold Breaker\n|move|p2a: Greninja|Hidden Power|p1a: Gyarados\n|-supereffective|p1a: Gyarados\n|-damage|p1a: Gyarados|33\/100\n|move|p1a: Gyarados|Dragon Dance|p1a: Gyarados\n|-boost|p1a: Gyarados|atk|1\n|-boost|p1a: Gyarados|spe|1\n|\n|upkeep\n|turn|16\n|\n|t:|1657901152\n|switch|p2a: Swampert|Swampert, M|100\/100\n|-damage|p2a: Swampert|94\/100|[from] Stealth Rock\n|move|p1a: Gyarados|Crunch|p2a: Swampert\n|-damage|p2a: Swampert|2\/100\n|\n|upkeep\n|turn|17\n|\n|t:|1657901159\n|move|p1a: Gyarados|Crunch|p2a: Swampert\n|-damage|p2a: Swampert|0 fnt\n|faint|p2a: Swampert\n|\n|upkeep\n|\n|t:|1657901160\n|switch|p2a: Milotic|Milotic, F|100\/100\n|-damage|p2a: Milotic|88\/100|[from] Stealth Rock\n|turn|18\n|\n|t:|1657901166\n|move|p1a: Gyarados|Power Whip|p2a: Milotic\n|-supereffective|p2a: Milotic\n|-damage|p2a: Milotic|0 fnt\n|-damage|p1a: Gyarados|17\/100|[from] item: Rocky Helmet|[of] p2a: Milotic\n|faint|p2a: Milotic\n|\n|upkeep\n|c|\u2606SuckMyToesies|gg\n|\n|t:|1657901221\n|switch|p2a: Greninja|Greninja, M|76\/100\n|-damage|p2a: Greninja|64\/100|[from] Stealth Rock\n|turn|19\n|\n|t:|1657901233\n|move|p1a: Gyarados|Earthquake|p2a: Greninja\n|-damage|p2a: Greninja|0 fnt\n|faint|p2a: Greninja\n|\n|win|SuckMyToesies\n|l|\u2606SuckMyToesies\n","uploadtime":1657901237,"views":13,"p1id":"suckmytoesies","p2id":"sirfresh","formatid":"gen8nationaldexmonotype","rating":0,"private":0,"password":null}