{"id":"gen8ou-1683214475","p1":"mowlawner-bot","p2":"cows123p","format":"gen8ou","log":"|j|\u2606mowlawner-bot\n|j|\u2606cows123p\n|t:|1665506779\n|gametype|singles\n|player|p1|mowlawner-bot|1|1475\n|player|p2|cows123p|twins-gen4dp|1501\n|teamsize|p1|6\n|teamsize|p2|6\n|gen|8\n|tier|[Gen 8] OU\n|rated|\n|rule|Sleep Clause Mod: Limit one foe put to sleep\n|rule|Species Clause: Limit one of each Pok\u00e9mon\n|rule|OHKO Clause: OHKO moves are banned\n|rule|Evasion Items Clause: Evasion items are banned\n|rule|Evasion Moves Clause: Evasion moves are banned\n|rule|Endless Battle Clause: Forcing endless battles is banned\n|rule|HP Percentage Mod: HP is shown in percentages\n|rule|Dynamax Clause: You cannot dynamax\n|clearpoke\n|poke|p1|Seismitoad, M|\n|poke|p1|Rotom-Heat|\n|poke|p1|Corviknight, F|\n|poke|p1|Hatterene, F|\n|poke|p1|Dragapult, F|\n|poke|p1|Hippowdon, F|\n|poke|p2|Tapu Lele|\n|poke|p2|Gyarados, M|\n|poke|p2|Magnezone|\n|poke|p2|Aerodactyl, M|\n|poke|p2|Weavile, F|\n|poke|p2|Kartana|\n|teampreview\n|c|\u2606mowlawner-bot|Hello! I am a bot created to test my creator's coding ability. I may do some strange things during this battle. I cannot respond to your messages. Good luck and have fun!\n|inactive|Battle timer is ON: inactive players will automatically lose when time's up. (requested by mowlawner-bot)\n|\n|t:|1665506819\n|start\n|switch|p1a: rotomheat|Rotom-Heat|100\/100\n|switch|p2a: Aerodactyl|Aerodactyl, M|100\/100\n|-ability|p2a: Aerodactyl|Pressure\n|turn|1\n|\n|t:|1665506826\n|move|p1a: rotomheat|Volt Switch|p2a: Aerodactyl\n|-supereffective|p2a: Aerodactyl\n|-damage|p2a: Aerodactyl|24\/100\n|\n|t:|1665506827\n|switch|p1a: Corviknight|Corviknight, F|100\/100|[from]move: Volt Switch\n|-ability|p1a: Corviknight|Pressure\n|move|p2a: Aerodactyl|Taunt|p1a: Corviknight\n|-start|p1a: Corviknight|move: Taunt\n|\n|upkeep\n|turn|2\n|\n|t:|1665506836\n|move|p2a: Aerodactyl|Stealth Rock|p1a: Corviknight\n|-sidestart|p1: mowlawner-bot|move: Stealth Rock\n|move|p1a: Corviknight|U-turn|p2a: Aerodactyl\n|-resisted|p2a: Aerodactyl\n|-damage|p2a: Aerodactyl|13\/100\n|\n|t:|1665506836\n|switch|p1a: Seismitoad|Seismitoad, M|100\/100|[from]move: U-turn\n|-damage|p1a: Seismitoad|95\/100|[from] Stealth Rock\n|\n|upkeep\n|turn|3\n|\n|t:|1665506844\n|move|p2a: Aerodactyl|Taunt|p1a: Seismitoad\n|-start|p1a: Seismitoad|move: Taunt\n|move|p1a: Seismitoad|Liquidation|p2a: Aerodactyl\n|-supereffective|p2a: Aerodactyl\n|-damage|p2a: Aerodactyl|0 fnt\n|faint|p2a: Aerodactyl\n|\n|upkeep\n|\n|t:|1665506851\n|switch|p2a: Kartana|Kartana|100\/100\n|turn|4\n|\n|t:|1665506858\n|switch|p2a: Magnezone|Magnezone|100\/100\n|switch|p1a: Hippowdon|Hippowdon, F|100\/100\n|-damage|p1a: Hippowdon|94\/100|[from] Stealth Rock\n|-weather|Sandstorm|[from] ability: Sand Stream|[of] p1a: Hippowdon\n|\n|-weather|Sandstorm|[upkeep]\n|upkeep\n|turn|5\n|\n|t:|1665506867\n|switch|p2a: Gyarados|Gyarados, M|100\/100\n|move|p1a: Hippowdon|Earthquake|p2a: Gyarados\n|-immune|p2a: Gyarados\n|\n|-weather|Sandstorm|[upkeep]\n|-damage|p2a: Gyarados|94\/100|[from] Sandstorm\n|-heal|p2a: Gyarados|100\/100|[from] item: Leftovers\n|upkeep\n|turn|6\n|\n|t:|1665506875\n|move|p2a: Gyarados|Substitute|p2a: Gyarados\n|-start|p2a: Gyarados|Substitute\n|-damage|p2a: Gyarados|76\/100\n|move|p1a: Hippowdon|Stealth Rock|p2a: Gyarados\n|-sidestart|p2: cows123p|move: Stealth Rock\n|\n|-weather|Sandstorm|[upkeep]\n|-damage|p2a: Gyarados|70\/100|[from] Sandstorm\n|-heal|p2a: Gyarados|76\/100|[from] item: Leftovers\n|upkeep\n|turn|7\n|\n|t:|1665506883\n|switch|p1a: Dragapult|Dragapult, F|100\/100\n|-damage|p1a: Dragapult|88\/100|[from] Stealth Rock\n|move|p2a: Gyarados|Dragon Dance|p2a: Gyarados\n|-boost|p2a: Gyarados|atk|1\n|-boost|p2a: Gyarados|spe|1\n|\n|-weather|Sandstorm|[upkeep]\n|-damage|p2a: Gyarados|70\/100|[from] Sandstorm\n|-damage|p1a: Dragapult|82\/100|[from] Sandstorm\n|-heal|p2a: Gyarados|76\/100|[from] item: Leftovers\n|upkeep\n|turn|8\n|\n|t:|1665506893\n|move|p2a: Gyarados|Dragon Dance|p2a: Gyarados\n|-boost|p2a: Gyarados|atk|1\n|-boost|p2a: Gyarados|spe|1\n|move|p1a: Dragapult|Draco Meteor|p2a: Gyarados|[miss]\n|-miss|p1a: Dragapult|p2a: Gyarados\n|\n|-weather|none\n|-heal|p2a: Gyarados|82\/100|[from] item: Leftovers\n|upkeep\n|turn|9\n|\n|t:|1665506901\n|switch|p1a: Hippowdon|Hippowdon, F|94\/100\n|-damage|p1a: Hippowdon|88\/100|[from] Stealth Rock\n|-weather|Sandstorm|[from] ability: Sand Stream|[of] p1a: Hippowdon\n|move|p2a: Gyarados|Earthquake|p1a: Hippowdon\n|-damage|p1a: Hippowdon|47\/100\n|\n|-weather|Sandstorm|[upkeep]\n|-damage|p2a: Gyarados|76\/100|[from] Sandstorm\n|-heal|p2a: Gyarados|82\/100|[from] item: Leftovers\n|upkeep\n|turn|10\n|\n|t:|1665506913\n|move|p2a: Gyarados|Waterfall|p1a: Hippowdon\n|-supereffective|p1a: Hippowdon\n|-damage|p1a: Hippowdon|0 fnt\n|-damage|p2a: Gyarados|65\/100|[from] item: Rocky Helmet|[of] p1a: Hippowdon\n|faint|p1a: Hippowdon\n|-ability|p2a: Gyarados|Moxie|boost\n|-boost|p2a: Gyarados|atk|1\n|\n|-weather|Sandstorm|[upkeep]\n|-damage|p2a: Gyarados|59\/100|[from] Sandstorm\n|-heal|p2a: Gyarados|65\/100|[from] item: Leftovers\n|upkeep\n|\n|t:|1665506913\n|switch|p1a: Corviknight|Corviknight, F|100\/100\n|-damage|p1a: Corviknight|88\/100|[from] Stealth Rock\n|-ability|p1a: Corviknight|Pressure\n|turn|11\n|\n|t:|1665506927\n|move|p2a: Gyarados|Waterfall|p1a: Corviknight\n|-damage|p1a: Corviknight|16\/100\n|cant|p1a: Corviknight|flinch\n|\n|-weather|Sandstorm|[upkeep]\n|-damage|p2a: Gyarados|59\/100|[from] Sandstorm\n|-heal|p2a: Gyarados|65\/100|[from] item: Leftovers\n|-heal|p1a: Corviknight|22\/100|[from] item: Leftovers\n|upkeep\n|turn|12\n|\n|t:|1665506937\n|move|p2a: Gyarados|Waterfall|p1a: Corviknight\n|-damage|p1a: Corviknight|0 fnt\n|faint|p1a: Corviknight\n|-ability|p2a: Gyarados|Moxie|boost\n|-boost|p2a: Gyarados|atk|1\n|\n|-weather|Sandstorm|[upkeep]\n|-damage|p2a: Gyarados|59\/100|[from] Sandstorm\n|-heal|p2a: Gyarados|65\/100|[from] item: Leftovers\n|upkeep\n|\n|t:|1665506937\n|switch|p1a: Dragapult|Dragapult, F|82\/100\n|-damage|p1a: Dragapult|70\/100|[from] Stealth Rock\n|turn|13\n|\n|t:|1665506948\n|move|p2a: Gyarados|Earthquake|p1a: Dragapult\n|-damage|p1a: Dragapult|0 fnt\n|faint|p1a: Dragapult\n|-ability|p2a: Gyarados|Moxie|boost\n|-boost|p2a: Gyarados|atk|1\n|\n|-weather|none\n|-heal|p2a: Gyarados|71\/100|[from] item: Leftovers\n|upkeep\n|\n|t:|1665506948\n|switch|p1a: rotomheat|Rotom-Heat|100\/100\n|-damage|p1a: rotomheat|76\/100|[from] Stealth Rock\n|turn|14\n|\n|t:|1665506958\n|move|p2a: Gyarados|Waterfall|p1a: rotomheat\n|-supereffective|p1a: rotomheat\n|-damage|p1a: rotomheat|0 fnt\n|faint|p1a: rotomheat\n|-ability|p2a: Gyarados|Moxie|boost\n|-boost|p2a: Gyarados|atk|1\n|\n|-heal|p2a: Gyarados|77\/100|[from] item: Leftovers\n|upkeep\n|\n|t:|1665506958\n|switch|p1a: Seismitoad|Seismitoad, M|95\/100\n|-damage|p1a: Seismitoad|89\/100|[from] Stealth Rock\n|turn|15\n|c|\u2606cows123p|gg\n|\n|t:|1665506968\n|move|p2a: Gyarados|Earthquake|p1a: Seismitoad\n|-damage|p1a: Seismitoad|0 fnt\n|faint|p1a: Seismitoad\n|\n|-heal|p2a: Gyarados|83\/100|[from] item: Leftovers\n|upkeep\n|\n|t:|1665506968\n|switch|p1a: Hatterene|Hatterene, F|100\/100\n|-damage|p1a: Hatterene|88\/100|[from] Stealth Rock\n|turn|16\n|\n|t:|1665506977\n|move|p2a: Gyarados|Waterfall|p1a: Hatterene\n|-damage|p1a: Hatterene|0 fnt\n|faint|p1a: Hatterene\n|\n|win|cows123p\n|raw|mowlawner-bot's rating: 1475 &rarr; <strong>1456<\/strong><br \/>(-19 for losing)\n|raw|cows123p's rating: 1501 &rarr; <strong>1520<\/strong><br \/>(+19 for winning)\n|c|\u2606mowlawner-bot|Thanks for playing against me!\n","uploadtime":1665506981,"views":4,"p1id":"mowlawnerbot","p2id":"cows123p","formatid":"gen8ou","rating":1456,"private":0,"password":null}