{"id":"gen8anythinggoes-1679810196","p1":"yokobaby","p2":"Aglt5tx sasasasa","format":"gen8anythinggoes","log":"|raw|<div class=\"broadcast-blue\"><strong>This battle is required to be public due to a player having a name starting with 'aglt5tx'.<\/div>\n|j|\u2606yokobaby\n|j|\u2606Aglt5tx sasasasa\n|t:|1665132654\n|gametype|singles\n|player|p1|yokobaby|cynthia-masters|1758\n|player|p2|Aglt5tx sasasasa|1|1892\n|teamsize|p1|6\n|teamsize|p2|6\n|gen|8\n|tier|[Gen 8] Anything Goes\n|rated|\n|rule|HP Percentage Mod: HP is shown in percentages\n|rule|Endless Battle Clause: Forcing endless battles is banned\n|clearpoke\n|poke|p1|Marshadow|\n|poke|p1|Ho-Oh|\n|poke|p1|Zacian-*|\n|poke|p1|Eternatus|\n|poke|p1|Yveltal|\n|poke|p1|Necrozma-Dusk-Mane|\n|poke|p2|Kyogre|\n|poke|p2|Ditto|\n|poke|p2|Ferrothorn, F|\n|poke|p2|Eternatus|\n|poke|p2|Necrozma-Dusk-Mane|\n|poke|p2|Yveltal|\n|teampreview\n|inactive|Battle timer is ON: inactive players will automatically lose when time's up. (requested by Aglt5tx sasasasa)\n|\n|t:|1665132659\n|start\n|switch|p1a: Yveltal|Yveltal|100\/100\n|switch|p2a: Yveltal|Yveltal|100\/100\n|-ability|p1a: Yveltal|Dark Aura\n|-ability|p2a: Yveltal|Dark Aura\n|turn|1\n|\n|t:|1665132668\n|move|p2a: Yveltal|Knock Off|p1a: Yveltal\n|-resisted|p1a: Yveltal\n|-damage|p1a: Yveltal|75\/100\n|-enditem|p1a: Yveltal|Choice Band|[from] move: Knock Off|[of] p2a: Yveltal\n|move|p1a: Yveltal|U-turn|p2a: Yveltal\n|-damage|p2a: Yveltal|80\/100\n|\n|t:|1665132671\n|switch|p1a: Zacian|Zacian-Crowned|100\/100|[from]move: U-turn\n|-ability|p1a: Zacian|Intrepid Sword|boost\n|-boost|p1a: Zacian|atk|1\n|\n|upkeep\n|turn|2\n|\n|t:|1665132693\n|switch|p2a: Necrozma|Necrozma-Dusk-Mane|100\/100\n|move|p1a: Zacian|Close Combat|p2a: Necrozma\n|-damage|p2a: Necrozma|58\/100\n|-unboost|p1a: Zacian|def|1\n|-unboost|p1a: Zacian|spd|1\n|\n|upkeep\n|turn|3\n|\n|t:|1665132696\n|switch|p1a: Yveltal|Yveltal|75\/100\n|-ability|p1a: Yveltal|Dark Aura\n|move|p2a: Necrozma|Morning Sun|p2a: Necrozma\n|-heal|p2a: Necrozma|100\/100\n|\n|upkeep\n|turn|4\n|j| AGLT5TX poke\n|\n|t:|1665132701\n|switch|p2a: Eternatus|Eternatus|100\/100\n|-ability|p2a: Eternatus|Pressure\n|move|p1a: Yveltal|Knock Off|p2a: Eternatus\n|-damage|p2a: Eternatus|48\/100\n|-enditem|p2a: Eternatus|Leftovers|[from] move: Knock Off|[of] p1a: Yveltal\n|\n|upkeep\n|turn|5\n|\n|t:|1665132703\n|move|p2a: Eternatus|Recover|p2a: Eternatus\n|-heal|p2a: Eternatus|98\/100\n|move|p1a: Yveltal|U-turn|p2a: Eternatus\n|-resisted|p2a: Eternatus\n|-damage|p2a: Eternatus|88\/100\n|\n|t:|1665132707\n|switch|p1a: Zacian|Zacian-Crowned|100\/100|[from]move: U-turn\n|-ability|p1a: Zacian|Intrepid Sword|boost\n|-boost|p1a: Zacian|atk|1\n|\n|upkeep\n|turn|6\n|\n|t:|1665132722\n|switch|p2a: Necrozma|Necrozma-Dusk-Mane|100\/100\n|move|p1a: Zacian|Behemoth Blade|p2a: Necrozma\n|-resisted|p2a: Necrozma\n|-damage|p2a: Necrozma|72\/100\n|\n|upkeep\n|turn|7\n|\n|t:|1665132726\n|switch|p1a: Necrozma|Necrozma-Dusk-Mane|100\/100\n|move|p2a: Necrozma|Stealth Rock|p1a: Necrozma\n|-sidestart|p1: yokobaby|move: Stealth Rock\n|\n|upkeep\n|turn|8\n|\n|t:|1665132728\n|switch|p2a: Ferrothorn|Ferrothorn, F|100\/100\n|move|p1a: Necrozma|Stealth Rock|p2a: Ferrothorn\n|-sidestart|p2: Aglt5tx sasasasa|move: Stealth Rock\n|\n|upkeep\n|turn|9\n|\n|t:|1665132731\n|switch|p1a: Ho-Oh|Ho-Oh|100\/100\n|move|p2a: Ferrothorn|Spikes|p1a: Ho-Oh\n|-sidestart|p1: yokobaby|Spikes\n|\n|upkeep\n|turn|10\n|\n|t:|1665132733\n|switch|p2a: Eternatus|Eternatus|88\/100\n|-damage|p2a: Eternatus|76\/100|[from] Stealth Rock\n|-ability|p2a: Eternatus|Pressure\n|move|p1a: Ho-Oh|Sacred Fire|p2a: Eternatus\n|-resisted|p2a: Eternatus\n|-damage|p2a: Eternatus|60\/100\n|-status|p2a: Eternatus|brn\n|\n|-damage|p2a: Eternatus|53\/100 brn|[from] brn\n|upkeep\n|turn|11\n|\n|t:|1665132737\n|switch|p1a: Zacian|Zacian-Crowned|100\/100\n|-damage|p1a: Zacian|94\/100|[from] Stealth Rock\n|-damage|p1a: Zacian|82\/100|[from] Spikes\n|-ability|p1a: Zacian|Intrepid Sword|boost\n|-boost|p1a: Zacian|atk|1\n|move|p2a: Eternatus|Recover|p2a: Eternatus\n|-heal|p2a: Eternatus|100\/100 brn\n|\n|-damage|p2a: Eternatus|94\/100 brn|[from] brn\n|upkeep\n|turn|12\n|j| AGLT5TX Pain\n|\n|t:|1665132750\n|switch|p2a: Necrozma|Necrozma-Dusk-Mane|72\/100\n|move|p1a: Zacian|Behemoth Blade|p2a: Necrozma\n|-resisted|p2a: Necrozma\n|-damage|p2a: Necrozma|46\/100\n|\n|upkeep\n|turn|13\n|\n|t:|1665132755\n|move|p1a: Zacian|Close Combat|p2a: Necrozma\n|-damage|p2a: Necrozma|1\/100\n|-unboost|p1a: Zacian|def|1\n|-unboost|p1a: Zacian|spd|1\n|move|p2a: Necrozma|Morning Sun|p2a: Necrozma\n|-heal|p2a: Necrozma|51\/100\n|\n|upkeep\n|turn|14\n|\n|t:|1665132765\n|switch|p1a: Ho-Oh|Ho-Oh|100\/100\n|move|p2a: Necrozma|Morning Sun|p2a: Necrozma\n|-heal|p2a: Necrozma|100\/100\n|\n|upkeep\n|turn|15\n|\n|t:|1665132767\n|move|p1a: Ho-Oh|Defog|p2a: Necrozma\n|-unboost|p2a: Necrozma|evasion|1\n|-sideend|p2: Aglt5tx sasasasa|Stealth Rock|[from] move: Defog|[of] p1a: Ho-Oh\n|-sideend|p1: yokobaby|Spikes|[from] move: Defog|[of] p1a: Ho-Oh\n|-sideend|p1: yokobaby|Stealth Rock|[from] move: Defog|[of] p1a: Ho-Oh\n|move|p2a: Necrozma|Toxic|p1a: Ho-Oh\n|-status|p1a: Ho-Oh|tox\n|\n|-damage|p1a: Ho-Oh|94\/100 tox|[from] psn\n|upkeep\n|turn|16\n|\n|t:|1665132772\n|switch|p1a: Yveltal|Yveltal|75\/100\n|-ability|p1a: Yveltal|Dark Aura\n|move|p2a: Necrozma|Stealth Rock|p1a: Yveltal\n|-sidestart|p1: yokobaby|move: Stealth Rock\n|\n|upkeep\n|turn|17\n|\n|t:|1665132784\n|switch|p2a: Eternatus|Eternatus|94\/100 brn\n|-ability|p2a: Eternatus|Pressure\n|move|p1a: Yveltal|Knock Off|p2a: Eternatus\n|-damage|p2a: Eternatus|62\/100 brn\n|\n|-damage|p2a: Eternatus|56\/100 brn|[from] brn\n|upkeep\n|turn|18\n|\n|t:|1665132786\n|move|p2a: Eternatus|Recover|p2a: Eternatus\n|-heal|p2a: Eternatus|100\/100 brn\n|move|p1a: Yveltal|U-turn|p2a: Eternatus\n|-resisted|p2a: Eternatus\n|-damage|p2a: Eternatus|91\/100 brn\n|\n|t:|1665132804\n|switch|p1a: Ho-Oh|Ho-Oh|100\/100 tox|[from]move: U-turn\n|\n|-damage|p1a: Ho-Oh|94\/100 tox|[from] psn\n|-damage|p2a: Eternatus|85\/100 brn|[from] brn\n|upkeep\n|turn|19\n|\n|t:|1665132809\n|move|p2a: Eternatus|Light Screen|p2a: Eternatus\n|-sidestart|p2: Aglt5tx sasasasa|move: Light Screen\n|move|p1a: Ho-Oh|Defog|p2a: Eternatus\n|-unboost|p2a: Eternatus|evasion|1\n|-sideend|p2: Aglt5tx sasasasa|move: Light Screen\n|-sideend|p1: yokobaby|Stealth Rock|[from] move: Defog|[of] p1a: Ho-Oh\n|\n|-damage|p1a: Ho-Oh|82\/100 tox|[from] psn\n|-damage|p2a: Eternatus|79\/100 brn|[from] brn\n|upkeep\n|turn|20\n|\n|t:|1665132816\n|switch|p1a: Necrozma|Necrozma-Dusk-Mane|100\/100\n|move|p2a: Eternatus|Mystical Fire|p1a: Necrozma\n|-supereffective|p1a: Necrozma\n|-damage|p1a: Necrozma|70\/100\n|-unboost|p1a: Necrozma|spa|1\n|\n|-damage|p2a: Eternatus|73\/100 brn|[from] brn\n|upkeep\n|turn|21\n|\n|t:|1665132831\n|move|p2a: Eternatus|Recover|p2a: Eternatus\n|-heal|p2a: Eternatus|100\/100 brn\n|move|p1a: Necrozma|Stealth Rock|p2a: Eternatus\n|-sidestart|p2: Aglt5tx sasasasa|move: Stealth Rock\n|\n|-damage|p2a: Eternatus|94\/100 brn|[from] brn\n|upkeep\n|turn|22\n|\n|t:|1665132835\n|switch|p2a: Ferrothorn|Ferrothorn, F|100\/100\n|-damage|p2a: Ferrothorn|94\/100|[from] Stealth Rock\n|move|p1a: Necrozma|Moonlight|p1a: Necrozma\n|-heal|p1a: Necrozma|100\/100\n|\n|-heal|p2a: Ferrothorn|100\/100|[from] item: Leftovers\n|upkeep\n|turn|23\n|\n|t:|1665132839\n|switch|p1a: Marshadow|Marshadow|100\/100\n|move|p2a: Ferrothorn|Spikes|p1a: Marshadow\n|-sidestart|p1: yokobaby|Spikes\n|\n|upkeep\n|turn|24\n|\n|t:|1665132850\n|switch|p2a: Necrozma|Necrozma-Dusk-Mane|100\/100\n|move|p1a: Marshadow|Spectral Thief|p2a: Necrozma\n|-supereffective|p2a: Necrozma\n|-damage|p2a: Necrozma|50\/100\n|-damage|p1a: Marshadow|91\/100|[from] item: Life Orb\n|\n|upkeep\n|turn|25\n|\n|t:|1665132857\n|move|p1a: Marshadow|Spectral Thief|p2a: Necrozma\n|-supereffective|p2a: Necrozma\n|-damage|p2a: Necrozma|0 fnt\n|faint|p2a: Necrozma\n|-damage|p1a: Marshadow|81\/100|[from] item: Life Orb\n|\n|upkeep\n|\n|t:|1665132859\n|switch|p2a: Kyogre|Kyogre|100\/100\n|-damage|p2a: Kyogre|88\/100|[from] Stealth Rock\n|-weather|RainDance|[from] ability: Drizzle|[of] p2a: Kyogre\n|turn|26\n|\n|t:|1665132864\n|switch|p1a: Eternatus|Eternatus|100\/100\n|-ability|p1a: Eternatus|Pressure\n|move|p2a: Kyogre|Block|p1a: Eternatus\n|-activate|p1a: Eternatus|trapped\n|\n|-weather|RainDance|[upkeep]\n|-heal|p2a: Kyogre|94\/100|[from] item: Leftovers\n|upkeep\n|turn|27\n|\n|t:|1665132869\n|move|p1a: Eternatus|Dynamax Cannon|p2a: Kyogre\n|-damage|p2a: Kyogre|64\/100\n|move|p2a: Kyogre|Calm Mind|p2a: Kyogre\n|-boost|p2a: Kyogre|spa|1\n|-boost|p2a: Kyogre|spd|1\n|\n|-weather|RainDance|[upkeep]\n|-heal|p2a: Kyogre|70\/100|[from] item: Leftovers\n|upkeep\n|turn|28\n|c| AGLT5TX Pain|I would stay in\n|\n|t:|1665132876\n|move|p1a: Eternatus|Toxic|p2a: Kyogre\n|-status|p2a: Kyogre|tox\n|move|p2a: Kyogre|Rest|p2a: Kyogre\n|-status|p2a: Kyogre|slp|[from] move: Rest\n|-heal|p2a: Kyogre|100\/100 slp|[silent]\n|\n|-weather|RainDance|[upkeep]\n|upkeep\n|turn|29\n|c| AGLT5TX Pain|And sack\n|\n|t:|1665132878\n|move|p1a: Eternatus|Dynamax Cannon|p2a: Kyogre\n|-damage|p2a: Kyogre|81\/100 slp\n|cant|p2a: Kyogre|slp\n|\n|-weather|RainDance|[upkeep]\n|-heal|p2a: Kyogre|87\/100 slp|[from] item: Leftovers\n|upkeep\n|turn|30\n|\n|t:|1665132880\n|move|p1a: Eternatus|Dynamax Cannon|p2a: Kyogre\n|-damage|p2a: Kyogre|67\/100 slp\n|cant|p2a: Kyogre|slp\n|\n|-weather|none\n|-heal|p2a: Kyogre|73\/100 slp|[from] item: Leftovers\n|upkeep\n|turn|31\n|c| AGLT5TX Pain|Marsh\n|\n|t:|1665132882\n|move|p1a: Eternatus|Dynamax Cannon|p2a: Kyogre\n|-damage|p2a: Kyogre|52\/100 slp\n|-curestatus|p2a: Kyogre|slp|[msg]\n|move|p2a: Kyogre|Calm Mind|p2a: Kyogre\n|-boost|p2a: Kyogre|spa|1\n|-boost|p2a: Kyogre|spd|1\n|\n|-heal|p2a: Kyogre|58\/100|[from] item: Leftovers\n|upkeep\n|turn|32\n|\n|t:|1665132884\n|move|p1a: Eternatus|Dynamax Cannon|p2a: Kyogre\n|-damage|p2a: Kyogre|42\/100\n|move|p2a: Kyogre|Rest|p2a: Kyogre\n|-status|p2a: Kyogre|slp|[from] move: Rest\n|-heal|p2a: Kyogre|100\/100 slp|[silent]\n|\n|upkeep\n|turn|33\n|\n|t:|1665132886\n|move|p1a: Eternatus|Dynamax Cannon|p2a: Kyogre\n|-damage|p2a: Kyogre|86\/100 slp\n|cant|p2a: Kyogre|slp\n|\n|-heal|p2a: Kyogre|92\/100 slp|[from] item: Leftovers\n|upkeep\n|turn|34\n|\n|t:|1665132893\n|move|p1a: Eternatus|Dynamax Cannon|p2a: Kyogre\n|-damage|p2a: Kyogre|77\/100 slp\n|cant|p2a: Kyogre|slp\n|\n|-heal|p2a: Kyogre|83\/100 slp|[from] item: Leftovers\n|upkeep\n|turn|35\n|\n|t:|1665132907\n|move|p1a: Eternatus|Dynamax Cannon|p2a: Kyogre\n|-damage|p2a: Kyogre|67\/100 slp\n|-curestatus|p2a: Kyogre|slp|[msg]\n|move|p2a: Kyogre|Calm Mind|p2a: Kyogre\n|-boost|p2a: Kyogre|spa|1\n|-boost|p2a: Kyogre|spd|1\n|\n|-heal|p2a: Kyogre|74\/100|[from] item: Leftovers\n|upkeep\n|turn|36\n|\n|t:|1665132912\n|move|p1a: Eternatus|Mystical Fire|p2a: Kyogre\n|-resisted|p2a: Kyogre\n|-damage|p2a: Kyogre|70\/100\n|-unboost|p2a: Kyogre|spa|1\n|move|p2a: Kyogre|Rest|p2a: Kyogre\n|-status|p2a: Kyogre|slp|[from] move: Rest\n|-heal|p2a: Kyogre|100\/100 slp|[silent]\n|\n|upkeep\n|turn|37\n|\n|t:|1665132921\n|move|p1a: Eternatus|Toxic||[still]\n|-fail|p1a: Eternatus\n|cant|p2a: Kyogre|slp\n|\n|upkeep\n|turn|38\n|\n|t:|1665132923\n|move|p1a: Eternatus|Toxic||[still]\n|-fail|p1a: Eternatus\n|cant|p2a: Kyogre|slp\n|\n|upkeep\n|turn|39\n|\n|t:|1665132925\n|move|p1a: Eternatus|Toxic||[still]\n|-fail|p1a: Eternatus\n|-curestatus|p2a: Kyogre|slp|[msg]\n|move|p2a: Kyogre|Calm Mind|p2a: Kyogre\n|-boost|p2a: Kyogre|spa|1\n|-boost|p2a: Kyogre|spd|1\n|\n|upkeep\n|turn|40\n|\n|t:|1665132927\n|move|p1a: Eternatus|Toxic|p2a: Kyogre\n|-status|p2a: Kyogre|tox\n|move|p2a: Kyogre|Calm Mind|p2a: Kyogre\n|-boost|p2a: Kyogre|spa|1\n|-boost|p2a: Kyogre|spd|1\n|\n|-damage|p2a: Kyogre|94\/100 tox|[from] psn\n|upkeep\n|turn|41\n|\n|t:|1665132928\n|move|p1a: Eternatus|Toxic|p2a: Kyogre\n|-fail|p2a: Kyogre|tox\n|move|p2a: Kyogre|Rest|p2a: Kyogre\n|-status|p2a: Kyogre|slp|[from] move: Rest\n|-heal|p2a: Kyogre|100\/100 slp|[silent]\n|\n|upkeep\n|turn|42\n|\n|t:|1665132939\n|move|p1a: Eternatus|Toxic||[still]\n|-fail|p1a: Eternatus\n|cant|p2a: Kyogre|slp\n|\n|upkeep\n|turn|43\n|j| zgiata \u521b\u4e16\u795e\n|\n|t:|1665132956\n|move|p1a: Eternatus|Toxic||[still]\n|-fail|p1a: Eternatus\n|cant|p2a: Kyogre|slp\n|\n|upkeep\n|turn|44\n|\n|t:|1665132965\n|move|p1a: Eternatus|Toxic||[still]\n|-fail|p1a: Eternatus\n|-curestatus|p2a: Kyogre|slp|[msg]\n|move|p2a: Kyogre|Calm Mind|p2a: Kyogre\n|-boost|p2a: Kyogre|spa|1\n|-boost|p2a: Kyogre|spd|1\n|\n|upkeep\n|turn|45\n|\n|t:|1665132969\n|move|p1a: Eternatus|Recover||[still]\n|-fail|p1a: Eternatus|heal\n|move|p2a: Kyogre|Calm Mind|p2a: Kyogre\n|-boost|p2a: Kyogre|spa|1\n|-boost|p2a: Kyogre|spd|0\n|\n|upkeep\n|turn|46\n|\n|t:|1665132972\n|move|p1a: Eternatus|Mystical Fire|p2a: Kyogre\n|-resisted|p2a: Kyogre\n|-damage|p2a: Kyogre|99\/100\n|-unboost|p2a: Kyogre|spa|1\n|move|p2a: Kyogre|Calm Mind|p2a: Kyogre\n|-boost|p2a: Kyogre|spa|1\n|-boost|p2a: Kyogre|spd|0\n|\n|-heal|p2a: Kyogre|100\/100|[from] item: Leftovers\n|upkeep\n|turn|47\n|\n|t:|1665132975\n|move|p1a: Eternatus|Mystical Fire|p2a: Kyogre\n|-resisted|p2a: Kyogre\n|-damage|p2a: Kyogre|99\/100\n|-unboost|p2a: Kyogre|spa|1\n|move|p2a: Kyogre|Rest|p2a: Kyogre\n|-status|p2a: Kyogre|slp|[from] move: Rest\n|-heal|p2a: Kyogre|100\/100 slp|[silent]\n|\n|upkeep\n|turn|48\n|\n|t:|1665132980\n|move|p1a: Eternatus|Mystical Fire|p2a: Kyogre\n|-resisted|p2a: Kyogre\n|-damage|p2a: Kyogre|99\/100 slp\n|-unboost|p2a: Kyogre|spa|1\n|cant|p2a: Kyogre|slp\n|\n|-heal|p2a: Kyogre|100\/100 slp|[from] item: Leftovers\n|upkeep\n|turn|49\n|\n|t:|1665132982\n|move|p1a: Eternatus|Mystical Fire|p2a: Kyogre\n|-resisted|p2a: Kyogre\n|-damage|p2a: Kyogre|99\/100 slp\n|-unboost|p2a: Kyogre|spa|1\n|cant|p2a: Kyogre|slp\n|\n|-heal|p2a: Kyogre|100\/100 slp|[from] item: Leftovers\n|upkeep\n|turn|50\n|\n|t:|1665132984\n|move|p1a: Eternatus|Mystical Fire|p2a: Kyogre\n|-resisted|p2a: Kyogre\n|-damage|p2a: Kyogre|99\/100 slp\n|-unboost|p2a: Kyogre|spa|1\n|-curestatus|p2a: Kyogre|slp|[msg]\n|move|p2a: Kyogre|Rest|p2a: Kyogre\n|-status|p2a: Kyogre|slp|[from] move: Rest\n|-heal|p2a: Kyogre|100\/100 slp|[silent]\n|\n|upkeep\n|turn|51\n|\n|t:|1665132986\n|move|p1a: Eternatus|Mystical Fire|p2a: Kyogre\n|-resisted|p2a: Kyogre\n|-damage|p2a: Kyogre|99\/100 slp\n|-unboost|p2a: Kyogre|spa|1\n|cant|p2a: Kyogre|slp\n|\n|-heal|p2a: Kyogre|100\/100 slp|[from] item: Leftovers\n|upkeep\n|turn|52\n|\n|t:|1665132988\n|move|p1a: Eternatus|Mystical Fire|p2a: Kyogre\n|-resisted|p2a: Kyogre\n|-damage|p2a: Kyogre|99\/100 slp\n|-unboost|p2a: Kyogre|spa|1\n|cant|p2a: Kyogre|slp\n|\n|-heal|p2a: Kyogre|100\/100 slp|[from] item: Leftovers\n|upkeep\n|turn|53\n|\n|t:|1665132990\n|move|p1a: Eternatus|Mystical Fire|p2a: Kyogre\n|-resisted|p2a: Kyogre\n|-damage|p2a: Kyogre|99\/100 slp\n|-unboost|p2a: Kyogre|spa|1\n|-curestatus|p2a: Kyogre|slp|[msg]\n|move|p2a: Kyogre|Calm Mind|p2a: Kyogre\n|-boost|p2a: Kyogre|spa|1\n|-boost|p2a: Kyogre|spd|0\n|\n|-heal|p2a: Kyogre|100\/100|[from] item: Leftovers\n|upkeep\n|turn|54\n|\n|t:|1665132992\n|move|p1a: Eternatus|Mystical Fire|p2a: Kyogre\n|-resisted|p2a: Kyogre\n|-damage|p2a: Kyogre|99\/100\n|-unboost|p2a: Kyogre|spa|1\n|move|p2a: Kyogre|Calm Mind|p2a: Kyogre\n|-boost|p2a: Kyogre|spa|1\n|-boost|p2a: Kyogre|spd|0\n|\n|-heal|p2a: Kyogre|100\/100|[from] item: Leftovers\n|upkeep\n|turn|55\n|\n|t:|1665132993\n|move|p1a: Eternatus|Mystical Fire|p2a: Kyogre\n|-resisted|p2a: Kyogre\n|-damage|p2a: Kyogre|99\/100\n|-unboost|p2a: Kyogre|spa|1\n|move|p2a: Kyogre|Calm Mind|p2a: Kyogre\n|-boost|p2a: Kyogre|spa|1\n|-boost|p2a: Kyogre|spd|0\n|\n|-heal|p2a: Kyogre|100\/100|[from] item: Leftovers\n|upkeep\n|turn|56\n|\n|t:|1665132995\n|move|p1a: Eternatus|Mystical Fire|p2a: Kyogre\n|-resisted|p2a: Kyogre\n|-damage|p2a: Kyogre|99\/100\n|-unboost|p2a: Kyogre|spa|1\n|move|p2a: Kyogre|Calm Mind|p2a: Kyogre\n|-boost|p2a: Kyogre|spa|1\n|-boost|p2a: Kyogre|spd|0\n|\n|-heal|p2a: Kyogre|100\/100|[from] item: Leftovers\n|upkeep\n|turn|57\n|\n|t:|1665132997\n|move|p1a: Eternatus|Mystical Fire|p2a: Kyogre\n|-resisted|p2a: Kyogre\n|-damage|p2a: Kyogre|99\/100\n|-unboost|p2a: Kyogre|spa|1\n|move|p2a: Kyogre|Rest|p2a: Kyogre\n|-status|p2a: Kyogre|slp|[from] move: Rest\n|-heal|p2a: Kyogre|100\/100 slp|[silent]\n|\n|upkeep\n|turn|58\n|\n|t:|1665132999\n|move|p1a: Eternatus|Mystical Fire|p2a: Kyogre\n|-resisted|p2a: Kyogre\n|-damage|p2a: Kyogre|99\/100 slp\n|-unboost|p2a: Kyogre|spa|1\n|cant|p2a: Kyogre|slp\n|\n|-heal|p2a: Kyogre|100\/100 slp|[from] item: Leftovers\n|upkeep\n|turn|59\n|\n|t:|1665133001\n|move|p1a: Eternatus|Mystical Fire|p2a: Kyogre\n|-resisted|p2a: Kyogre\n|-damage|p2a: Kyogre|99\/100 slp\n|-unboost|p2a: Kyogre|spa|1\n|cant|p2a: Kyogre|slp\n|\n|-heal|p2a: Kyogre|100\/100 slp|[from] item: Leftovers\n|upkeep\n|turn|60\n|\n|t:|1665133007\n|move|p1a: Eternatus|Mystical Fire|p2a: Kyogre\n|-resisted|p2a: Kyogre\n|-damage|p2a: Kyogre|99\/100 slp\n|-unboost|p2a: Kyogre|spa|1\n|-curestatus|p2a: Kyogre|slp|[msg]\n|move|p2a: Kyogre|Calm Mind|p2a: Kyogre\n|-boost|p2a: Kyogre|spa|1\n|-boost|p2a: Kyogre|spd|0\n|\n|-heal|p2a: Kyogre|100\/100|[from] item: Leftovers\n|upkeep\n|turn|61\n|\n|t:|1665133010\n|move|p1a: Eternatus|Toxic|p2a: Kyogre\n|-status|p2a: Kyogre|tox\n|move|p2a: Kyogre|Calm Mind|p2a: Kyogre\n|-boost|p2a: Kyogre|spa|1\n|-boost|p2a: Kyogre|spd|0\n|\n|-damage|p2a: Kyogre|94\/100 tox|[from] psn\n|upkeep\n|turn|62\n|\n|t:|1665133013\n|move|p1a: Eternatus|Toxic|p2a: Kyogre\n|-fail|p2a: Kyogre|tox\n|move|p2a: Kyogre|Rest|p2a: Kyogre\n|-status|p2a: Kyogre|slp|[from] move: Rest\n|-heal|p2a: Kyogre|100\/100 slp|[silent]\n|\n|upkeep\n|turn|63\n|\n|t:|1665133014\n|move|p1a: Eternatus|Toxic||[still]\n|-fail|p1a: Eternatus\n|cant|p2a: Kyogre|slp\n|\n|upkeep\n|turn|64\n|\n|t:|1665133017\n|move|p1a: Eternatus|Toxic||[still]\n|-fail|p1a: Eternatus\n|cant|p2a: Kyogre|slp\n|\n|upkeep\n|turn|65\n|\n|t:|1665133019\n|move|p1a: Eternatus|Toxic||[still]\n|-fail|p1a: Eternatus\n|-curestatus|p2a: Kyogre|slp|[msg]\n|move|p2a: Kyogre|Calm Mind|p2a: Kyogre\n|-boost|p2a: Kyogre|spa|1\n|-boost|p2a: Kyogre|spd|0\n|\n|upkeep\n|turn|66\n|\n|t:|1665133020\n|move|p1a: Eternatus|Toxic|p2a: Kyogre\n|-status|p2a: Kyogre|tox\n|move|p2a: Kyogre|Calm Mind|p2a: Kyogre\n|-boost|p2a: Kyogre|spa|1\n|-boost|p2a: Kyogre|spd|0\n|\n|-damage|p2a: Kyogre|94\/100 tox|[from] psn\n|upkeep\n|turn|67\n|\n|t:|1665133024\n|move|p1a: Eternatus|Toxic|p2a: Kyogre\n|-fail|p2a: Kyogre|tox\n|move|p2a: Kyogre|Calm Mind|p2a: Kyogre\n|-boost|p2a: Kyogre|spa|1\n|-boost|p2a: Kyogre|spd|0\n|\n|-heal|p2a: Kyogre|100\/100 tox|[from] item: Leftovers\n|-damage|p2a: Kyogre|88\/100 tox|[from] psn\n|upkeep\n|turn|68\n|\n|t:|1665133026\n|move|p1a: Eternatus|Recover||[still]\n|-fail|p1a: Eternatus|heal\n|move|p2a: Kyogre|Calm Mind|p2a: Kyogre\n|-boost|p2a: Kyogre|spa|1\n|-boost|p2a: Kyogre|spd|0\n|\n|-heal|p2a: Kyogre|94\/100 tox|[from] item: Leftovers\n|-damage|p2a: Kyogre|76\/100 tox|[from] psn\n|upkeep\n|turn|69\n|\n|t:|1665133028\n|move|p1a: Eternatus|Recover||[still]\n|-fail|p1a: Eternatus|heal\n|move|p2a: Kyogre|Calm Mind|p2a: Kyogre\n|-boost|p2a: Kyogre|spa|1\n|-boost|p2a: Kyogre|spd|0\n|\n|-heal|p2a: Kyogre|82\/100 tox|[from] item: Leftovers\n|-damage|p2a: Kyogre|57\/100 tox|[from] psn\n|upkeep\n|turn|70\n|\n|t:|1665133030\n|move|p1a: Eternatus|Recover||[still]\n|-fail|p1a: Eternatus|heal\n|move|p2a: Kyogre|Rest|p2a: Kyogre\n|-status|p2a: Kyogre|slp|[from] move: Rest\n|-heal|p2a: Kyogre|100\/100 slp|[silent]\n|\n|upkeep\n|turn|71\n|\n|t:|1665133044\n|move|p1a: Eternatus|Recover||[still]\n|-fail|p1a: Eternatus|heal\n|cant|p2a: Kyogre|slp\n|\n|upkeep\n|turn|72\n|\n|t:|1665133046\n|move|p1a: Eternatus|Recover||[still]\n|-fail|p1a: Eternatus|heal\n|cant|p2a: Kyogre|slp\n|\n|upkeep\n|turn|73\n|\n|t:|1665133048\n|move|p1a: Eternatus|Recover||[still]\n|-fail|p1a: Eternatus|heal\n|-curestatus|p2a: Kyogre|slp|[msg]\n|move|p2a: Kyogre|Calm Mind|p2a: Kyogre\n|-boost|p2a: Kyogre|spa|1\n|-boost|p2a: Kyogre|spd|0\n|\n|upkeep\n|turn|74\n|\n|t:|1665133050\n|move|p1a: Eternatus|Recover||[still]\n|-fail|p1a: Eternatus|heal\n|move|p2a: Kyogre|Calm Mind|p2a: Kyogre\n|-boost|p2a: Kyogre|spa|1\n|-boost|p2a: Kyogre|spd|0\n|\n|upkeep\n|turn|75\n|\n|t:|1665133054\n|move|p1a: Eternatus|Recover||[still]\n|-fail|p1a: Eternatus|heal\n|move|p2a: Kyogre|Scald|p1a: Eternatus\n|-resisted|p1a: Eternatus\n|-crit|p1a: Eternatus\n|-damage|p1a: Eternatus|34\/100\n|\n|upkeep\n|turn|76\n|\n|t:|1665133056\n|move|p1a: Eternatus|Recover|p1a: Eternatus\n|-heal|p1a: Eternatus|84\/100\n|move|p2a: Kyogre|Scald|p1a: Eternatus\n|-resisted|p1a: Eternatus\n|-damage|p1a: Eternatus|44\/100\n|-status|p1a: Eternatus|brn\n|\n|-damage|p1a: Eternatus|38\/100 brn|[from] brn\n|upkeep\n|turn|77\n|\n|t:|1665133061\n|move|p1a: Eternatus|Recover|p1a: Eternatus\n|-heal|p1a: Eternatus|88\/100 brn\n|move|p2a: Kyogre|Block||[still]\n|-fail|p2a: Kyogre\n|\n|-damage|p1a: Eternatus|82\/100 brn|[from] brn\n|upkeep\n|turn|78\n|\n|t:|1665133065\n|move|p1a: Eternatus|Recover|p1a: Eternatus\n|-heal|p1a: Eternatus|100\/100 brn\n|move|p2a: Kyogre|Block||[still]\n|-fail|p2a: Kyogre\n|\n|-damage|p1a: Eternatus|94\/100 brn|[from] brn\n|upkeep\n|turn|79\n|\n|t:|1665133069\n|move|p1a: Eternatus|Recover|p1a: Eternatus\n|-heal|p1a: Eternatus|100\/100 brn\n|move|p2a: Kyogre|Calm Mind|p2a: Kyogre\n|-boost|p2a: Kyogre|spa|1\n|-boost|p2a: Kyogre|spd|0\n|\n|-damage|p1a: Eternatus|94\/100 brn|[from] brn\n|upkeep\n|turn|80\n|\n|t:|1665133071\n|move|p1a: Eternatus|Recover|p1a: Eternatus\n|-heal|p1a: Eternatus|100\/100 brn\n|move|p2a: Kyogre|Rest|p2a: Kyogre\n|-fail|p2a: Kyogre|heal\n|\n|-damage|p1a: Eternatus|94\/100 brn|[from] brn\n|upkeep\n|turn|81\n|\n|t:|1665133075\n|move|p1a: Eternatus|Recover|p1a: Eternatus\n|-heal|p1a: Eternatus|100\/100 brn\n|move|p2a: Kyogre|Calm Mind|p2a: Kyogre\n|-boost|p2a: Kyogre|spa|0\n|-boost|p2a: Kyogre|spd|0\n|\n|-damage|p1a: Eternatus|94\/100 brn|[from] brn\n|upkeep\n|turn|82\n|\n|t:|1665133078\n|move|p1a: Eternatus|Recover|p1a: Eternatus\n|-heal|p1a: Eternatus|100\/100 brn\n|move|p2a: Kyogre|Scald|p1a: Eternatus\n|-resisted|p1a: Eternatus\n|-damage|p1a: Eternatus|50\/100 brn\n|\n|-damage|p1a: Eternatus|44\/100 brn|[from] brn\n|upkeep\n|turn|83\n|\n|t:|1665133080\n|-activate|p1a: Eternatus|move: Struggle\n|move|p1a: Eternatus|Struggle|p2a: Kyogre\n|-damage|p2a: Kyogre|98\/100\n|-damage|p1a: Eternatus|19\/100 brn|[from] recoil\n|move|p2a: Kyogre|Scald|p1a: Eternatus\n|-resisted|p1a: Eternatus\n|-damage|p1a: Eternatus|0 fnt\n|faint|p1a: Eternatus\n|\n|-heal|p2a: Kyogre|100\/100|[from] item: Leftovers\n|upkeep\n|\n|t:|1665133083\n|switch|p1a: Marshadow|Marshadow|81\/100\n|-damage|p1a: Marshadow|68\/100|[from] Spikes\n|turn|84\n|\n|t:|1665133086\n|move|p1a: Marshadow|Spectral Thief||[still]\n|-clearpositiveboost|p2a: Kyogre|p1a: Marshadow|move: Spectral Thief\n|-boost|p1a: Marshadow|spa|6\n|-boost|p1a: Marshadow|spd|6\n|-anim|p1a: Marshadow|Spectral Thief|p2a: Kyogre\n|-damage|p2a: Kyogre|57\/100\n|-damage|p1a: Marshadow|58\/100|[from] item: Life Orb\n|move|p2a: Kyogre|Scald|p1a: Marshadow\n|-damage|p1a: Marshadow|46\/100\n|\n|-heal|p2a: Kyogre|63\/100|[from] item: Leftovers\n|upkeep\n|turn|85\n|\n|t:|1665133090\n|switch|p2a: Eternatus|Eternatus|94\/100 brn\n|-damage|p2a: Eternatus|82\/100 brn|[from] Stealth Rock\n|-ability|p2a: Eternatus|Pressure\n|move|p1a: Marshadow|Close Combat|p2a: Eternatus\n|-resisted|p2a: Eternatus\n|-damage|p2a: Eternatus|50\/100 brn\n|-unboost|p1a: Marshadow|def|1\n|-unboost|p1a: Marshadow|spd|1\n|-damage|p1a: Marshadow|36\/100|[from] item: Life Orb\n|\n|-damage|p2a: Eternatus|44\/100 brn|[from] brn\n|upkeep\n|turn|86\n|\n|t:|1665133093\n|move|p1a: Marshadow|Ice Punch|p2a: Eternatus\n|-supereffective|p2a: Eternatus\n|-damage|p2a: Eternatus|0 fnt\n|faint|p2a: Eternatus\n|-damage|p1a: Marshadow|26\/100|[from] item: Life Orb\n|\n|upkeep\n|\n|t:|1665133095\n|switch|p2a: Ditto|Ditto|100\/100\n|-damage|p2a: Ditto|88\/100|[from] Stealth Rock\n|-transform|p2a: Ditto|p1a: Marshadow|[from] ability: Imposter\n|turn|87\n|\n|t:|1665133104\n|move|p2a: Ditto|Shadow Sneak|p1a: Marshadow\n|-supereffective|p1a: Marshadow\n|-damage|p1a: Marshadow|0 fnt\n|faint|p1a: Marshadow\n|\n|upkeep\n|\n|t:|1665133112\n|switch|p1a: Zacian|Zacian-Crowned|82\/100\n|-damage|p1a: Zacian|70\/100|[from] Spikes\n|-ability|p1a: Zacian|Intrepid Sword|boost\n|-boost|p1a: Zacian|atk|1\n|turn|88\n|\n|t:|1665133120\n|switch|p2a: Ferrothorn|Ferrothorn, F|100\/100\n|-damage|p2a: Ferrothorn|94\/100|[from] Stealth Rock\n|move|p1a: Zacian|Behemoth Blade|p2a: Ferrothorn\n|-resisted|p2a: Ferrothorn\n|-damage|p2a: Ferrothorn|64\/100\n|-damage|p1a: Zacian|58\/100|[from] ability: Iron Barbs|[of] p2a: Ferrothorn\n|\n|-heal|p2a: Ferrothorn|70\/100|[from] item: Leftovers\n|upkeep\n|turn|89\n|\n|t:|1665133128\n|switch|p1a: Ho-Oh|Ho-Oh|100\/100 tox\n|move|p2a: Ferrothorn|Spikes|p1a: Ho-Oh\n|-sidestart|p1: yokobaby|Spikes\n|\n|-heal|p2a: Ferrothorn|76\/100|[from] item: Leftovers\n|-damage|p1a: Ho-Oh|94\/100 tox|[from] psn\n|upkeep\n|turn|90\n|\n|t:|1665133130\n|switch|p2a: Kyogre|Kyogre|63\/100\n|-damage|p2a: Kyogre|50\/100|[from] Stealth Rock\n|-weather|RainDance|[from] ability: Drizzle|[of] p2a: Kyogre\n|move|p1a: Ho-Oh|Defog|p2a: Kyogre\n|-unboost|p2a: Kyogre|evasion|1\n|-sideend|p2: Aglt5tx sasasasa|Stealth Rock|[from] move: Defog|[of] p1a: Ho-Oh\n|-sideend|p1: yokobaby|Spikes|[from] move: Defog|[of] p1a: Ho-Oh\n|\n|-weather|RainDance|[upkeep]\n|-heal|p2a: Kyogre|57\/100|[from] item: Leftovers\n|-damage|p1a: Ho-Oh|82\/100 tox|[from] psn\n|upkeep\n|turn|91\n|\n|t:|1665133134\n|move|p2a: Kyogre|Scald|p1a: Ho-Oh\n|-supereffective|p1a: Ho-Oh\n|-damage|p1a: Ho-Oh|34\/100 tox\n|move|p1a: Ho-Oh|Whirlwind|p2a: Kyogre\n|drag|p2a: Ferrothorn|Ferrothorn, F|76\/100\n|\n|-weather|RainDance|[upkeep]\n|-heal|p2a: Ferrothorn|82\/100|[from] item: Leftovers\n|-damage|p1a: Ho-Oh|15\/100 tox|[from] psn\n|upkeep\n|turn|92\n|\n|t:|1665133137\n|move|p1a: Ho-Oh|Thunder Wave|p2a: Ferrothorn\n|-status|p2a: Ferrothorn|par\n|cant|p2a: Ferrothorn|par\n|\n|-weather|RainDance|[upkeep]\n|-heal|p2a: Ferrothorn|89\/100 par|[from] item: Leftovers\n|-damage|p1a: Ho-Oh|0 fnt|[from] psn\n|faint|p1a: Ho-Oh\n|upkeep\n|\n|t:|1665133142\n|switch|p1a: Zacian|Zacian-Crowned|58\/100\n|-ability|p1a: Zacian|Intrepid Sword|boost\n|-boost|p1a: Zacian|atk|1\n|turn|93\n|\n|t:|1665133144\n|move|p1a: Zacian|Close Combat|p2a: Ferrothorn\n|-supereffective|p2a: Ferrothorn\n|-damage|p2a: Ferrothorn|0 fnt\n|-unboost|p1a: Zacian|def|1\n|-unboost|p1a: Zacian|spd|1\n|-damage|p1a: Zacian|45\/100|[from] ability: Iron Barbs|[of] p2a: Ferrothorn\n|faint|p2a: Ferrothorn\n|\n|-weather|RainDance|[upkeep]\n|upkeep\n|\n|t:|1665133147\n|switch|p2a: Ditto|Ditto|88\/100\n|-transform|p2a: Ditto|p1a: Zacian|[from] ability: Imposter\n|-ability|p2a: Ditto|Intrepid Sword|boost\n|-boost|p2a: Ditto|atk|1\n|turn|94\n|\n|t:|1665133150\n|move|p2a: Ditto|Close Combat|p1a: Zacian\n|-damage|p1a: Zacian|0 fnt\n|-unboost|p2a: Ditto|def|1\n|-unboost|p2a: Ditto|spd|1\n|faint|p1a: Zacian\n|\n|-weather|none\n|upkeep\n|\n|t:|1665133152\n|switch|p1a: Necrozma|Necrozma-Dusk-Mane|100\/100\n|turn|95\n|\n|t:|1665133155\n|switch|p2a: Kyogre|Kyogre|57\/100\n|-weather|RainDance|[from] ability: Drizzle|[of] p2a: Kyogre\n|move|p1a: Necrozma|Sunsteel Strike|p2a: Kyogre\n|-resisted|p2a: Kyogre\n|-damage|p2a: Kyogre|41\/100\n|\n|-weather|RainDance|[upkeep]\n|-heal|p2a: Kyogre|48\/100|[from] item: Leftovers\n|upkeep\n|turn|96\n|\n|t:|1665133160\n|switch|p1a: Yveltal|Yveltal|75\/100\n|-ability|p1a: Yveltal|Dark Aura\n|move|p2a: Kyogre|Scald|p1a: Yveltal\n|-damage|p1a: Yveltal|22\/100\n|-status|p1a: Yveltal|brn\n|\n|-weather|RainDance|[upkeep]\n|-heal|p2a: Kyogre|54\/100|[from] item: Leftovers\n|-damage|p1a: Yveltal|16\/100 brn|[from] brn\n|upkeep\n|turn|97\n|-message|yokobaby forfeited.\n|\n|win|Aglt5tx sasasasa\n|raw|yokobaby's rating: 1758 &rarr; <strong>1746<\/strong><br \/>(-12 for losing)\n|raw|Aglt5tx sasasasa's rating: 1907 &rarr; <strong>1919<\/strong><br \/>(+12 for winning)\n|l|\u2606yokobaby\n|l| AGLT5TX poke\n","uploadtime":1665133182,"views":8,"p1id":"yokobaby","p2id":"aglt5txsasasasa","formatid":"gen8anythinggoes","rating":1746,"private":0,"password":null}