{"id":"gen8randombattle-1699737130","p1":"MetalBendZen","p2":"misplayin","format":"gen8randombattle","log":"|j|\u2606MetalBendZen\n|j|\u2606misplayin\n|t:|1667263172\n|gametype|singles\n|player|p1|MetalBendZen|benga|\n|player|p2|misplayin|bugsy|\n|teamsize|p1|6\n|teamsize|p2|6\n|gen|8\n|tier|[Gen 8] Random Battle\n|rule|Species Clause: Limit one of each Pok\u00e9mon\n|rule|HP Percentage Mod: HP is shown in percentages\n|rule|Sleep Clause Mod: Limit one foe put to sleep\n|\n|t:|1667263172\n|start\n|switch|p1a: Sharpedo|Sharpedo, L82, F|249\/249\n|switch|p2a: Gallade|Gallade, L82, M|246\/246\n|turn|1\n|inactive|Battle timer is ON: inactive players will automatically lose when time's up. (requested by misplayin)\n|j| ops idk\n|j| Firelord Term\n|inactive|MetalBendZen has 270 seconds left.\n|\n|t:|1667263220\n|move|p1a: Sharpedo|Protect|p1a: Sharpedo\n|-singleturn|p1a: Sharpedo|Protect\n|move|p2a: Gallade|Close Combat|p1a: Sharpedo\n|-activate|p1a: Sharpedo|move: Protect\n|\n|-ability|p1a: Sharpedo|Speed Boost|boost\n|-boost|p1a: Sharpedo|spe|1\n|upkeep\n|turn|2\n|\n|t:|1667263224\n|switch|p1a: Accelgor|Accelgor, L86, M|278\/278\n|move|p2a: Gallade|Close Combat|p1a: Accelgor\n|-resisted|p1a: Accelgor\n|-damage|p1a: Accelgor|89\/278\n|-unboost|p2a: Gallade|def|1\n|-unboost|p2a: Gallade|spd|1\n|\n|upkeep\n|turn|3\n|c|\u2606misplayin|wtf is an accelgor\n|\n|t:|1667263241\n|move|p1a: Accelgor|Bug Buzz|p2a: Gallade\n|-damage|p2a: Gallade|117\/246\n|move|p2a: Gallade|Close Combat|p1a: Accelgor\n|-resisted|p1a: Accelgor\n|-crit|p1a: Accelgor\n|-damage|p1a: Accelgor|0 fnt\n|-unboost|p2a: Gallade|def|1\n|-unboost|p2a: Gallade|spd|1\n|faint|p1a: Accelgor\n|\n|upkeep\n|c| Firelord Term|banded af\n|c| Firelord Term|LOL\n|inactive|MetalBendZen has 270 seconds left.\n|\n|t:|1667263282\n|switch|p1a: Sharpedo|Sharpedo, L82, F|249\/249\n|turn|4\n|\n|t:|1667263289\n|move|p1a: Sharpedo|Crunch|p2a: Gallade\n|-damage|p2a: Gallade|0 fnt\n|faint|p2a: Gallade\n|-damage|p1a: Sharpedo|225\/249|[from] item: Life Orb\n|\n|-ability|p1a: Sharpedo|Speed Boost|boost\n|-boost|p1a: Sharpedo|spe|1\n|upkeep\n|\n|t:|1667263296\n|switch|p2a: Clefable|Clefable, L82, M|290\/290\n|turn|5\n|\n|t:|1667263305\n|switch|p1a: Slowbro|Slowbro-Galar, L86, M|304\/304\n|move|p2a: Clefable|Calm Mind|p2a: Clefable\n|-boost|p2a: Clefable|spa|1\n|-boost|p2a: Clefable|spd|1\n|\n|upkeep\n|turn|6\n|\n|t:|1667263315\n|switch|p2a: Excadrill|Excadrill, L78, M|300\/300\n|-ability|p2a: Excadrill|Mold Breaker\n|move|p1a: Slowbro|Shell Side Arm|p2a: Excadrill|[anim] Shell Side Arm Physical\n|-immune|p2a: Excadrill\n|\n|upkeep\n|turn|7\n|\n|t:|1667263322\n|switch|p1a: Sceptile|Sceptile, L86, M|261\/261\n|move|p2a: Excadrill|Earthquake|p1a: Sceptile\n|-resisted|p1a: Sceptile\n|-damage|p1a: Sceptile|188\/261\n|\n|-heal|p1a: Sceptile|204\/261|[from] item: Leftovers\n|upkeep\n|turn|8\n|\n|t:|1667263329\n|switch|p2a: Vileplume|Vileplume, L84, F|263\/263\n|move|p1a: Sceptile|Substitute|p1a: Sceptile\n|-start|p1a: Sceptile|Substitute\n|-damage|p1a: Sceptile|139\/261\n|\n|-heal|p1a: Sceptile|155\/261|[from] item: Leftovers\n|upkeep\n|turn|9\n|\n|t:|1667263337\n|move|p1a: Sceptile|Earthquake|p2a: Vileplume\n|-damage|p2a: Vileplume|193\/263\n|move|p2a: Vileplume|Sludge Bomb|p1a: Sceptile\n|-supereffective|p1a: Sceptile\n|-end|p1a: Sceptile|Substitute\n|\n|-heal|p1a: Sceptile|171\/261|[from] item: Leftovers\n|-heal|p2a: Vileplume|209\/263|[from] item: Black Sludge\n|upkeep\n|turn|10\n|\n|t:|1667263345\n|switch|p1a: Slowbro|Slowbro-Galar, L86, M|304\/304\n|move|p2a: Vileplume|Sleep Powder|p1a: Slowbro|[miss]\n|-miss|p2a: Vileplume|p1a: Slowbro\n|\n|-heal|p2a: Vileplume|225\/263|[from] item: Black Sludge\n|upkeep\n|turn|11\n|\n|t:|1667263362\n|move|p2a: Vileplume|Sleep Powder|p1a: Slowbro\n|-status|p1a: Slowbro|slp|[from] move: Sleep Powder\n|cant|p1a: Slowbro|slp\n|\n|-heal|p2a: Vileplume|241\/263|[from] item: Black Sludge\n|upkeep\n|turn|12\n|\n|t:|1667263369\n|switch|p2a: Excadrill|Excadrill, L78, M|300\/300\n|-ability|p2a: Excadrill|Mold Breaker\n|switch|p1a: Sharpedo|Sharpedo, L82, F|225\/249\n|\n|upkeep\n|turn|13\n|\n|t:|1667263374\n|switch|p2a: Vileplume|Vileplume, L84, F|241\/263\n|move|p1a: Sharpedo|Hydro Pump|p2a: Vileplume\n|-resisted|p2a: Vileplume\n|-damage|p2a: Vileplume|170\/263\n|-damage|p1a: Sharpedo|201\/249|[from] item: Life Orb\n|\n|-heal|p2a: Vileplume|186\/263|[from] item: Black Sludge\n|-ability|p1a: Sharpedo|Speed Boost|boost\n|-boost|p1a: Sharpedo|spe|1\n|upkeep\n|turn|14\n|\n|t:|1667263379\n|switch|p1a: Slowbro|Slowbro-Galar, L86, M|304\/304 slp\n|move|p2a: Vileplume|Giga Drain|p1a: Slowbro\n|-resisted|p1a: Slowbro\n|-damage|p1a: Slowbro|254\/304 slp\n|-heal|p2a: Vileplume|211\/263|[from] drain|[of] p1a: Slowbro\n|\n|-heal|p2a: Vileplume|227\/263|[from] item: Black Sludge\n|upkeep\n|turn|15\n|\n|t:|1667263387\n|switch|p2a: Duraludon|Duraludon, L84, M|255\/255\n|cant|p1a: Slowbro|slp\n|\n|upkeep\n|turn|16\n|\n|t:|1667263403\n|switch|p1a: Stunfisk|Stunfisk, L84, M|320\/320\n|move|p2a: Duraludon|Stealth Rock|p1a: Stunfisk\n|-sidestart|p1: MetalBendZen|move: Stealth Rock\n|\n|upkeep\n|turn|17\n|\n|t:|1667263410\n|move|p2a: Duraludon|Flash Cannon|p1a: Stunfisk\n|-resisted|p1a: Stunfisk\n|-damage|p1a: Stunfisk|260\/320\n|-damage|p2a: Duraludon|230\/255|[from] item: Life Orb\n|move|p1a: Stunfisk|Stealth Rock|p2a: Duraludon\n|-sidestart|p2: misplayin|move: Stealth Rock\n|\n|-heal|p1a: Stunfisk|280\/320|[from] item: Leftovers\n|upkeep\n|turn|18\n|\n|t:|1667263417\n|move|p2a: Duraludon|Body Press|p1a: Stunfisk\n|-damage|p1a: Stunfisk|193\/320\n|-damage|p2a: Duraludon|205\/255|[from] item: Life Orb\n|move|p1a: Stunfisk|Earth Power|p2a: Duraludon\n|-supereffective|p2a: Duraludon\n|-damage|p2a: Duraludon|0 fnt\n|faint|p2a: Duraludon\n|\n|-heal|p1a: Stunfisk|213\/320|[from] item: Leftovers\n|upkeep\n|\n|t:|1667263425\n|switch|p2a: Excadrill|Excadrill, L78, M|300\/300\n|-damage|p2a: Excadrill|291\/300|[from] Stealth Rock\n|-ability|p2a: Excadrill|Mold Breaker\n|turn|19\n|\n|t:|1667263431\n|switch|p1a: Sceptile|Sceptile, L86, M|171\/261\n|-damage|p1a: Sceptile|139\/261|[from] Stealth Rock\n|move|p2a: Excadrill|Earthquake|p1a: Sceptile\n|-resisted|p1a: Sceptile\n|-damage|p1a: Sceptile|63\/261\n|\n|-heal|p1a: Sceptile|79\/261|[from] item: Leftovers\n|upkeep\n|turn|20\n|\n|t:|1667263447\n|switch|p2a: Vileplume|Vileplume, L84, F|227\/263\n|-damage|p2a: Vileplume|195\/263|[from] Stealth Rock\n|move|p1a: Sceptile|Earthquake|p2a: Vileplume\n|-damage|p2a: Vileplume|132\/263\n|\n|-heal|p1a: Sceptile|95\/261|[from] item: Leftovers\n|-heal|p2a: Vileplume|148\/263|[from] item: Black Sludge\n|upkeep\n|turn|21\n|\n|t:|1667263464\n|switch|p1a: Slowbro|Slowbro-Galar, L86, M|304\/304 slp\n|-damage|p1a: Slowbro|266\/304 slp|[from] Stealth Rock\n|move|p2a: Vileplume|Giga Drain|p1a: Slowbro\n|-resisted|p1a: Slowbro\n|-damage|p1a: Slowbro|220\/304 slp\n|-heal|p2a: Vileplume|171\/263|[from] drain|[of] p1a: Slowbro\n|\n|-heal|p2a: Vileplume|187\/263|[from] item: Black Sludge\n|upkeep\n|turn|22\n|\n|t:|1667263469\n|switch|p2a: Excadrill|Excadrill, L78, M|291\/300\n|-damage|p2a: Excadrill|282\/300|[from] Stealth Rock\n|-ability|p2a: Excadrill|Mold Breaker\n|cant|p1a: Slowbro|slp\n|\n|upkeep\n|turn|23\n|\n|t:|1667263481\n|switch|p1a: Sceptile|Sceptile, L86, M|95\/261\n|-damage|p1a: Sceptile|63\/261|[from] Stealth Rock\n|move|p2a: Excadrill|Earthquake|p1a: Sceptile\n|-resisted|p1a: Sceptile\n|-damage|p1a: Sceptile|0 fnt\n|faint|p1a: Sceptile\n|\n|upkeep\n|\n|t:|1667263486\n|switch|p1a: Sharpedo|Sharpedo, L82, F|201\/249\n|-damage|p1a: Sharpedo|170\/249|[from] Stealth Rock\n|turn|24\n|\n|t:|1667263496\n|switch|p2a: Oranguru|Oranguru, L86, M|295\/295\n|-damage|p2a: Oranguru|259\/295|[from] Stealth Rock\n|move|p1a: Sharpedo|Crunch|p2a: Oranguru\n|-supereffective|p2a: Oranguru\n|-damage|p2a: Oranguru|22\/295\n|-damage|p1a: Sharpedo|146\/249|[from] item: Life Orb\n|\n|-heal|p2a: Oranguru|40\/295|[from] item: Leftovers\n|-ability|p1a: Sharpedo|Speed Boost|boost\n|-boost|p1a: Sharpedo|spe|1\n|upkeep\n|turn|25\n|\n|t:|1667263499\n|move|p1a: Sharpedo|Crunch|p2a: Oranguru\n|-supereffective|p2a: Oranguru\n|-damage|p2a: Oranguru|0 fnt\n|faint|p2a: Oranguru\n|-damage|p1a: Sharpedo|122\/249|[from] item: Life Orb\n|\n|-ability|p1a: Sharpedo|Speed Boost|boost\n|-boost|p1a: Sharpedo|spe|1\n|upkeep\n|\n|t:|1667263509\n|switch|p2a: Vileplume|Vileplume, L84, F|187\/263\n|-damage|p2a: Vileplume|155\/263|[from] Stealth Rock\n|turn|26\n|\n|t:|1667263514\n|switch|p1a: Slowbro|Slowbro-Galar, L86, M|304\/304 slp\n|-damage|p1a: Slowbro|266\/304 slp|[from] Stealth Rock\n|switch|p2a: Excadrill|Excadrill, L78, M|282\/300\n|-damage|p2a: Excadrill|273\/300|[from] Stealth Rock\n|-ability|p2a: Excadrill|Mold Breaker\n|\n|upkeep\n|turn|27\n|\n|t:|1667263532\n|switch|p1a: Sharpedo|Sharpedo, L82, F|122\/249\n|-damage|p1a: Sharpedo|91\/249|[from] Stealth Rock\n|move|p2a: Excadrill|Rapid Spin|p1a: Sharpedo\n|-damage|p1a: Sharpedo|19\/249\n|-boost|p2a: Excadrill|spe|1\n|-sideend|p2: misplayin|Stealth Rock|[from] move: Rapid Spin|[of] p2a: Excadrill\n|\n|upkeep\n|turn|28\n|\n|t:|1667263538\n|switch|p2a: Vileplume|Vileplume, L84, F|155\/263\n|move|p1a: Sharpedo|Protect||[still]\n|-fail|p1a: Sharpedo\n|\n|-heal|p2a: Vileplume|171\/263|[from] item: Black Sludge\n|-ability|p1a: Sharpedo|Speed Boost|boost\n|-boost|p1a: Sharpedo|spe|1\n|upkeep\n|turn|29\n|\n|t:|1667263544\n|move|p1a: Sharpedo|Crunch|p2a: Vileplume\n|-damage|p2a: Vileplume|49\/263\n|-unboost|p2a: Vileplume|def|1\n|-damage|p1a: Sharpedo|0 fnt|[from] item: Life Orb\n|faint|p1a: Sharpedo\n|move|p2a: Vileplume|Giga Drain|p1: Sharpedo|[notarget]\n|-fail|p2a: Vileplume\n|\n|-heal|p2a: Vileplume|65\/263|[from] item: Black Sludge\n|upkeep\n|c| Firelord Term|crazy plays\n|\n|t:|1667263551\n|switch|p1a: Arcanine|Arcanine, L82, F|282\/282\n|turn|30\n|\n|t:|1667263559\n|-start|p1a: Arcanine|Dynamax|\n|-heal|p1a: Arcanine|564\/564|[silent]\n|move|p1a: Arcanine|Max Flare|p2a: Vileplume\n|-supereffective|p2a: Vileplume\n|-damage|p2a: Vileplume|0 fnt\n|-weather|SunnyDay\n|faint|p2a: Vileplume\n|\n|-weather|SunnyDay|[upkeep]\n|upkeep\n|\n|t:|1667263563\n|switch|p2a: Clefable|Clefable, L82, M|290\/290\n|turn|31\n|c| Firelord Term|wait\n|c| Firelord Term|whyd u max\n|\n|t:|1667263579\n|-start|p2a: Clefable|Dynamax|\n|-heal|p2a: Clefable|580\/580|[silent]\n|move|p2a: Clefable|Max Guard|p2a: Clefable\n|-singleturn|p2a: Clefable|Max Guard\n|move|p1a: Arcanine|Max Flare|p2a: Clefable\n|-activate|p2a: Clefable|move: Max Guard\n|\n|-weather|SunnyDay|[upkeep]\n|upkeep\n|turn|32\n|c|\u2606MetalBendZen|I guess I maxed a turn erly\n|c| ops idk|yes you did\n|inactive|misplayin has 270 seconds left.\n|\n|t:|1667263613\n|move|p1a: Arcanine|Max Flare|p2a: Clefable\n|-damage|p2a: Clefable|316\/580\n|move|p2a: Clefable|Max Flare|p1a: Arcanine\n|-start|p1a: Arcanine|ability: Flash Fire\n|\n|-weather|SunnyDay|[upkeep]\n|upkeep\n|-end|p1a: Arcanine|Dynamax\n|-heal|p1a: Arcanine|282\/282|[silent]\n|turn|33\n|inactive|misplayin has 270 seconds left.\n|c| Firelord Term|crazy\n|c|\u2606misplayin|oh shit lmao\n|c| ops idk|WTF\n|\n|t:|1667263625\n|move|p1a: Arcanine|Flare Blitz|p2a: Clefable\n|-damage|p2a: Clefable|0 fnt\n|faint|p2a: Clefable\n|-damage|p1a: Arcanine|178\/282|[from] Recoil\n|\n|-weather|SunnyDay|[upkeep]\n|upkeep\n|\n|t:|1667263628\n|switch|p2a: Excadrill|Excadrill, L78, M|273\/300\n|-ability|p2a: Excadrill|Mold Breaker\n|turn|34\n|c| Firelord Term|gg\n|\n|t:|1667263630\n|move|p1a: Arcanine|Flare Blitz|p2a: Excadrill\n|-supereffective|p2a: Excadrill\n|-damage|p2a: Excadrill|0 fnt\n|faint|p2a: Excadrill\n|-damage|p1a: Arcanine|88\/282|[from] Recoil\n|\n|win|MetalBendZen\n|c|\u2606misplayin|lmaooo\n|c| ops idk|gg\n|c|\u2606MetalBendZen|ggs\n|c|\u2606misplayin|gg\n|l|\u2606misplayin\n|j|\u2606misplayin\n|player|p2|misplayin|bugsy\n|c| Firelord Term|2-2?\n|c|\u2606MetalBendZen|yessir\n|c|\u2606misplayin|yh\n","inputlog":">version f476352dc29ed5929b7549badb4aeb273fa50fa2\n>start {\"formatid\":\"gen8randombattle\",\"seed\":[37682,34437,10223,8519]}\n>player p1 {\"name\":\"MetalBendZen\",\"avatar\":\"benga\",\"rating\":0,\"seed\":[5673,39190,37323,56609]}\n>player p2 {\"name\":\"misplayin\",\"avatar\":\"bugsy\",\"rating\":0,\"seed\":[28194,44359,34053,36029]}\n>p1 move protect\n>p2 move closecombat\n>p1 switch 2\n>p2 move closecombat\n>chat \u2606misplayin|wtf is an accelgor\n>p1 move bugbuzz\n>p2 move closecombat\n>chat  Firelord Term|banded af \n>chat  Firelord Term|LOL\n>p1 switch 2\n>p1 move crunch\n>p2 move closecombat\n>p2 switch 6\n>p1 switch 6\n>p2 move calmmind\n>p1 move shellsidearm\n>p2 switch 3\n>p1 switch 3\n>p2 move earthquake\n>p1 move substitute\n>p2 switch 5\n>p1 move earthquake\n>p2 move sludgebomb\n>p1 switch 3\n>p2 move sleeppowder\n>p1 move psychic\n>p2 move sleeppowder\n>p1 switch 6\n>p2 switch 5\n>p1 move hydropump\n>p2 switch 5\n>p1 switch 6\n>p2 move gigadrain\n>p1 move trickroom\n>p2 switch 2\n>p1 switch 4\n>p2 move stealthrock\n>p1 move stealthrock\n>p2 move flashcannon\n>p1 move earthpower\n>p2 move bodypress\n>p2 switch 5\n>p1 switch 3\n>p2 move earthquake\n>p1 move earthquake\n>p2 switch 2\n>p1 switch 4\n>p2 move gigadrain\n>p1 move trickroom\n>p2 switch 2\n>p1 switch 4\n>p2 move earthquake\n>p1 switch 6\n>p1 move crunch\n>p2 switch 4\n>p1 move crunch\n>p2 move thunderbolt\n>p2 switch 2\n>p1 switch 4\n>p2 switch 4\n>p1 switch 4\n>p2 move rapidspin\n>p1 move protect\n>p2 switch 4\n>p1 move crunch\n>p2 move gigadrain\n>chat  Firelord Term|crazy plays\n>p1 switch 5\n>p1 move flareblitz dynamax\n>p2 move sleeppowder\n>p2 switch 3\n>chat  Firelord Term|wait\n>chat  Firelord Term|whyd u max \n>p1 move flareblitz dynamax\n>p2 move softboiled dynamax\n>chat \u2606MetalBendZen|I guess I maxed a turn erly\n>chat  ops idk|yes you did\n>p1 move flareblitz dynamax\n>p2 move fireblast dynamax\n>chat  Firelord Term|crazy\n>chat \u2606misplayin|oh shit lmao\n>chat  ops idk|WTF\n>p1 move flareblitz\n>p2 move moonblast dynamax\n>p2 switch 4\n>chat  Firelord Term|gg\n>p1 move flareblitz\n>p2 move earthquake","uploadtime":1667263650,"views":4,"p1id":"metalbendzen","p2id":"misplayin","formatid":"gen8randombattle","rating":0,"private":0,"password":null}