{"id":"gen8bdspou-1469951035","p1":"VirginJimmy99","p2":"cell0000","format":"gen8bdspou","log":"|html|<div class=\"broadcast-blue\"><strong>[Gen 8 BDSP] OU is currently suspecting Latios! For information on how to participate check out the <a href=\"https:\/\/www.smogon.com\/forums\/threads\/np-bdsp-ou-suspect-process-round-1-mr-blue-sky.3694109\/\">suspect thread<\/a>.<\/strong><\/div>\n|j|\u2606VirginJimmy99\n|j|\u2606cell0000\n|t:|1639075846\n|gametype|singles\n|player|p1|VirginJimmy99|rocketgrunt|1511\n|player|p2|cell0000|169|1408\n|teamsize|p1|6\n|teamsize|p2|6\n|gen|8\n|tier|[Gen 8 BDSP] OU\n|rated|\n|rule|Sleep Clause Mod: Limit one foe put to sleep\n|rule|Species Clause: Limit one of each Pok\u00e9mon\n|rule|OHKO Clause: OHKO moves are banned\n|rule|Evasion Moves Clause: Evasion moves are banned\n|rule|Endless Battle Clause: Forcing endless battles is banned\n|rule|HP Percentage Mod: HP is shown in percentages\n|clearpoke\n|poke|p1|Latios, M|\n|poke|p1|Garchomp, M|\n|poke|p1|Salamence, F|\n|poke|p1|Magnezone|\n|poke|p1|Clefable, F|\n|poke|p1|Scizor, F|\n|poke|p2|Ambipom, M|\n|poke|p2|Empoleon, M|\n|poke|p2|Donphan, F|\n|poke|p2|Infernape, M|\n|poke|p2|Tangrowth, F|\n|poke|p2|Gengar, M|\n|teampreview\n|inactive|Battle timer is ON: inactive players will automatically lose when time's up. (requested by cell0000)\n|\n|t:|1639075890\n|start\n|switch|p1a: Latios|Latios, M|100\/100\n|switch|p2a: Donphan|Donphan, F|100\/100\n|turn|1\n|\n|t:|1639075896\n|move|p1a: Latios|Draco Meteor|p2a: Donphan\n|-damage|p2a: Donphan|11\/100\n|-unboost|p1a: Latios|spa|2\n|move|p2a: Donphan|Knock Off|p1a: Latios\n|-supereffective|p1a: Latios\n|-damage|p1a: Latios|10\/100\n|-enditem|p1a: Latios|Choice Scarf|[from] move: Knock Off|[of] p2a: Donphan\n|\n|-heal|p2a: Donphan|17\/100|[from] item: Leftovers\n|upkeep\n|turn|2\n|\n|t:|1639075908\n|switch|p1a: Magnezone|Magnezone|100\/100\n|move|p2a: Donphan|Ice Shard|p1a: Magnezone\n|-resisted|p1a: Magnezone\n|-damage|p1a: Magnezone|93\/100\n|\n|-heal|p2a: Donphan|23\/100|[from] item: Leftovers\n|upkeep\n|turn|3\n|\n|t:|1639075915\n|move|p1a: Magnezone|Flash Cannon|p2a: Donphan\n|-damage|p2a: Donphan|0 fnt\n|faint|p2a: Donphan\n|\n|upkeep\n|\n|t:|1639075936\n|switch|p2a: Infernape|Infernape, M|100\/100\n|turn|4\n|\n|t:|1639075939\n|switch|p1a: Clefable|Clefable, F|100\/100\n|move|p2a: Infernape|U-turn|p1a: Clefable\n|-resisted|p1a: Clefable\n|-damage|p1a: Clefable|85\/100\n|\n|t:|1639075945\n|switch|p2a: Gengar|Gengar, M|100\/100|[from]move: U-turn\n|\n|-heal|p1a: Clefable|91\/100|[from] item: Leftovers\n|upkeep\n|turn|5\n|\n|t:|1639075952\n|move|p2a: Gengar|Shadow Ball|p1a: Clefable\n|-damage|p1a: Clefable|52\/100\n|-unboost|p1a: Clefable|spd|1\n|move|p1a: Clefable|Thunder Wave|p2a: Gengar\n|-status|p2a: Gengar|par\n|\n|-heal|p1a: Clefable|58\/100|[from] item: Leftovers\n|upkeep\n|turn|6\n|\n|t:|1639075960\n|move|p2a: Gengar|Shadow Ball|p1a: Clefable\n|-damage|p1a: Clefable|0 fnt\n|faint|p1a: Clefable\n|\n|upkeep\n|\n|t:|1639075969\n|switch|p1a: Garchomp|Garchomp, M|100\/100\n|turn|7\n|\n|t:|1639075973\n|switch|p2a: Tangrowth|Tangrowth, F|100\/100\n|move|p1a: Garchomp|Earthquake|p2a: Tangrowth\n|-resisted|p2a: Tangrowth\n|-damage|p2a: Tangrowth|86\/100\n|\n|-heal|p2a: Tangrowth|93\/100|[from] item: Leftovers\n|upkeep\n|turn|8\n|\n|t:|1639075985\n|move|p1a: Garchomp|Fire Blast|p2a: Tangrowth\n|-supereffective|p2a: Tangrowth\n|-damage|p2a: Tangrowth|35\/100\n|move|p2a: Tangrowth|Leech Seed|p1a: Garchomp\n|-start|p1a: Garchomp|move: Leech Seed\n|\n|-heal|p2a: Tangrowth|41\/100|[from] item: Leftovers\n|-damage|p1a: Garchomp|88\/100|[from] Leech Seed|[of] p2a: Tangrowth\n|-heal|p2a: Tangrowth|52\/100|[silent]\n|upkeep\n|turn|9\n|inactive|cell0000 has 120 seconds left.\n|\n|t:|1639076028\n|switch|p2a: Empoleon|Empoleon, M|100\/100\n|move|p1a: Garchomp|Earthquake|p2a: Empoleon\n|-supereffective|p2a: Empoleon\n|-damage|p2a: Empoleon|0 fnt\n|faint|p2a: Empoleon\n|\n|-heal|p1a: Garchomp|94\/100|[from] item: Leftovers\n|upkeep\n|\n|t:|1639076036\n|switch|p2a: Tangrowth|Tangrowth, F|85\/100\n|turn|10\n|\n|t:|1639076040\n|switch|p1a: Magnezone|Magnezone|93\/100\n|move|p2a: Tangrowth|Giga Drain|p1a: Magnezone\n|-resisted|p1a: Magnezone\n|-damage|p1a: Magnezone|76\/100\n|-heal|p2a: Tangrowth|91\/100|[from] drain|[of] p1a: Magnezone\n|\n|-heal|p2a: Tangrowth|97\/100|[from] item: Leftovers\n|upkeep\n|turn|11\n|\n|t:|1639076049\n|move|p1a: Magnezone|Volt Switch|p2a: Tangrowth\n|-resisted|p2a: Tangrowth\n|-damage|p2a: Tangrowth|52\/100\n|\n|t:|1639076052\n|switch|p1a: Scizor|Scizor, F|100\/100|[from]move: Volt Switch\n|move|p2a: Tangrowth|Knock Off|p1a: Scizor\n|-damage|p1a: Scizor|80\/100\n|-enditem|p1a: Scizor|Leftovers|[from] move: Knock Off|[of] p2a: Tangrowth\n|\n|-heal|p2a: Tangrowth|58\/100|[from] item: Leftovers\n|upkeep\n|turn|12\n|\n|t:|1639076061\n|switch|p2a: Infernape|Infernape, M|100\/100\n|move|p1a: Scizor|U-turn|p2a: Infernape\n|-resisted|p2a: Infernape\n|-damage|p2a: Infernape|85\/100\n|\n|t:|1639076073\n|switch|p1a: Garchomp|Garchomp, M|94\/100|[from]move: U-turn\n|\n|-heal|p1a: Garchomp|100\/100|[from] item: Leftovers\n|upkeep\n|turn|13\n|\n|t:|1639076078\n|move|p2a: Infernape|U-turn|p1a: Garchomp\n|-damage|p1a: Garchomp|69\/100\n|-damage|p2a: Infernape|73\/100|[from] ability: Rough Skin|[of] p1a: Garchomp\n|\n|t:|1639076082\n|switch|p2a: Tangrowth|Tangrowth, F|91\/100|[from]move: U-turn\n|move|p1a: Garchomp|Earthquake|p2a: Tangrowth\n|-resisted|p2a: Tangrowth\n|-damage|p2a: Tangrowth|77\/100\n|\n|-heal|p1a: Garchomp|76\/100|[from] item: Leftovers\n|-heal|p2a: Tangrowth|83\/100|[from] item: Leftovers\n|upkeep\n|turn|14\n|\n|t:|1639076092\n|move|p1a: Garchomp|Fire Blast|p2a: Tangrowth\n|-supereffective|p2a: Tangrowth\n|-damage|p2a: Tangrowth|26\/100\n|move|p2a: Tangrowth|Leech Seed|p1a: Garchomp\n|-start|p1a: Garchomp|move: Leech Seed\n|\n|-heal|p1a: Garchomp|82\/100|[from] item: Leftovers\n|-heal|p2a: Tangrowth|32\/100|[from] item: Leftovers\n|-damage|p1a: Garchomp|69\/100|[from] Leech Seed|[of] p2a: Tangrowth\n|-heal|p2a: Tangrowth|43\/100|[silent]\n|upkeep\n|turn|15\n|\n|t:|1639076103\n|switch|p2a: Infernape|Infernape, M|73\/100\n|move|p1a: Garchomp|Fire Blast|p2a: Infernape\n|-resisted|p2a: Infernape\n|-damage|p2a: Infernape|59\/100\n|\n|-heal|p1a: Garchomp|76\/100|[from] item: Leftovers\n|-damage|p1a: Garchomp|63\/100|[from] Leech Seed|[of] p2a: Infernape\n|-heal|p2a: Infernape|74\/100|[silent]\n|upkeep\n|turn|16\n|\n|t:|1639076116\n|switch|p1a: Magnezone|Magnezone|76\/100\n|move|p2a: Infernape|Close Combat|p1a: Magnezone\n|-supereffective|p1a: Magnezone\n|-damage|p1a: Magnezone|0 fnt\n|-unboost|p2a: Infernape|def|1\n|-unboost|p2a: Infernape|spd|1\n|faint|p1a: Magnezone\n|\n|upkeep\n|\n|t:|1639076130\n|switch|p1a: Latios|Latios, M|10\/100\n|turn|17\n|j| Oiseau Bleu\n|\n|t:|1639076135\n|switch|p2a: Gengar|Gengar, M|100\/100 par\n|move|p1a: Latios|Psychic|p2a: Gengar\n|-supereffective|p2a: Gengar\n|-damage|p2a: Gengar|0 fnt\n|faint|p2a: Gengar\n|\n|upkeep\n|l| Oiseau Bleu\n|\n|t:|1639076143\n|switch|p2a: Ambipom|Ambipom, M|100\/100\n|turn|18\n|\n|t:|1639076146\n|switch|p1a: Scizor|Scizor, F|80\/100\n|move|p2a: Ambipom|Fake Out|p1a: Scizor\n|-resisted|p1a: Scizor\n|-damage|p1a: Scizor|65\/100\n|\n|upkeep\n|turn|19\n|\n|t:|1639076154\n|move|p2a: Ambipom|Last Resort|p1a: Scizor\n|-resisted|p1a: Scizor\n|-damage|p1a: Scizor|27\/100\n|move|p1a: Scizor|U-turn|p2a: Ambipom\n|-damage|p2a: Ambipom|35\/100\n|\n|t:|1639076161\n|switch|p1a: Garchomp|Garchomp, M|63\/100|[from]move: U-turn\n|\n|-heal|p1a: Garchomp|69\/100|[from] item: Leftovers\n|upkeep\n|turn|20\n|\n|t:|1639076166\n|switch|p2a: Tangrowth|Tangrowth, F|76\/100\n|move|p1a: Garchomp|Earthquake|p2a: Tangrowth\n|-resisted|p2a: Tangrowth\n|-damage|p2a: Tangrowth|62\/100\n|\n|-heal|p1a: Garchomp|76\/100|[from] item: Leftovers\n|-heal|p2a: Tangrowth|68\/100|[from] item: Leftovers\n|upkeep\n|turn|21\n|\n|t:|1639076174\n|move|p1a: Garchomp|Fire Blast|p2a: Tangrowth\n|-supereffective|p2a: Tangrowth\n|-damage|p2a: Tangrowth|4\/100\n|move|p2a: Tangrowth|Giga Drain|p1a: Garchomp\n|-damage|p1a: Garchomp|44\/100\n|-heal|p2a: Tangrowth|18\/100|[from] drain|[of] p1a: Garchomp\n|\n|-heal|p1a: Garchomp|50\/100|[from] item: Leftovers\n|-heal|p2a: Tangrowth|24\/100|[from] item: Leftovers\n|upkeep\n|turn|22\n|\n|t:|1639076184\n|switch|p2a: Infernape|Infernape, M|74\/100\n|move|p1a: Garchomp|Fire Blast|p2a: Infernape\n|-resisted|p2a: Infernape\n|-damage|p2a: Infernape|60\/100\n|\n|-heal|p1a: Garchomp|56\/100|[from] item: Leftovers\n|upkeep\n|turn|23\n|\n|t:|1639076198\n|move|p2a: Infernape|Close Combat|p1a: Garchomp\n|-damage|p1a: Garchomp|0 fnt\n|-unboost|p2a: Infernape|def|1\n|-unboost|p2a: Infernape|spd|1\n|-damage|p2a: Infernape|48\/100|[from] ability: Rough Skin|[of] p1a: Garchomp\n|faint|p1a: Garchomp\n|\n|upkeep\n|\n|t:|1639076201\n|switch|p1a: Salamence|Salamence, F|100\/100\n|turn|24\n|\n|t:|1639076207\n|move|p2a: Infernape|Close Combat|p1a: Salamence\n|-resisted|p1a: Salamence\n|-damage|p1a: Salamence|49\/100\n|-unboost|p2a: Infernape|def|1\n|-unboost|p2a: Infernape|spd|1\n|move|p1a: Salamence|Dragon Dance|p1a: Salamence\n|-boost|p1a: Salamence|atk|1\n|-boost|p1a: Salamence|spe|1\n|\n|upkeep\n|turn|25\n|\n|t:|1639076216\n|switch|p2a: Tangrowth|Tangrowth, F|57\/100\n|move|p1a: Salamence|Outrage|p2a: Tangrowth\n|-damage|p2a: Tangrowth|0 fnt\n|faint|p2a: Tangrowth\n|-ability|p1a: Salamence|Moxie|boost\n|-boost|p1a: Salamence|atk|1\n|-damage|p1a: Salamence|39\/100|[from] item: Life Orb\n|\n|upkeep\n|\n|t:|1639076225\n|switch|p2a: Ambipom|Ambipom, M|35\/100\n|turn|26\n|\n|t:|1639076230\n|move|p2a: Ambipom|Fake Out|p1a: Salamence\n|-damage|p1a: Salamence|0 fnt\n|faint|p1a: Salamence\n|\n|upkeep\n|\n|t:|1639076234\n|switch|p1a: Scizor|Scizor, F|27\/100\n|turn|27\n|\n|t:|1639076242\n|switch|p2a: Infernape|Infernape, M|48\/100\n|move|p1a: Scizor|U-turn|p2a: Infernape\n|-resisted|p2a: Infernape\n|-damage|p2a: Infernape|32\/100\n|\n|t:|1639076245\n|switch|p1a: Latios|Latios, M|10\/100|[from]move: U-turn\n|\n|upkeep\n|turn|28\n|c|\u2606VirginJimmy99|gg\n|-message|VirginJimmy99 forfeited.\n|\n|win|cell0000\n|raw|VirginJimmy99's rating: 1511 &rarr; <strong>1485<\/strong><br \/>(-26 for losing)\n|raw|cell0000's rating: 1408 &rarr; <strong>1434<\/strong><br \/>(+26 for winning)\n|l|\u2606VirginJimmy99\n||Ladder isn't responding, score probably updated but might not have (Request timeout).\n","uploadtime":1639076266,"views":23,"p1id":"virginjimmy99","p2id":"cell0000","formatid":"gen8bdspou","rating":1434,"private":0,"password":null}