{"id":"gen8ou-1681612011","p1":"uppababy","p2":"jeandonis02","format":"gen8ou","log":"|j|\u2606uppababy\n|j|\u2606jeandonis02\n|t:|1665335613\n|gametype|singles\n|player|p1|uppababy|marlon|1700\n|player|p2|jeandonis02|lucas|1731\n|teamsize|p1|6\n|teamsize|p2|6\n|gen|8\n|tier|[Gen 8] OU\n|rated|\n|rule|Sleep Clause Mod: Limit one foe put to sleep\n|rule|Species Clause: Limit one of each Pok\u00e9mon\n|rule|OHKO Clause: OHKO moves are banned\n|rule|Evasion Items Clause: Evasion items are banned\n|rule|Evasion Moves Clause: Evasion moves are banned\n|rule|Endless Battle Clause: Forcing endless battles is banned\n|rule|HP Percentage Mod: HP is shown in percentages\n|rule|Dynamax Clause: You cannot dynamax\n|clearpoke\n|poke|p1|Tornadus-Therian, M|\n|poke|p1|Toxapex, M|\n|poke|p1|Garchomp, F|\n|poke|p1|Tapu Lele|\n|poke|p1|Ferrothorn, F|\n|poke|p1|Tapu Fini|\n|poke|p2|Zeraora|\n|poke|p2|Toxapex, F|\n|poke|p2|Garchomp, M|\n|poke|p2|Rotom-Wash|\n|poke|p2|Ferrothorn, F|\n|poke|p2|Charizard, M|\n|teampreview\n|\n|t:|1665335625\n|start\n|switch|p1a: Tornadus|Tornadus-Therian, M|100\/100\n|switch|p2a: Zeraora|Zeraora|100\/100\n|turn|1\n|inactive|Battle timer is ON: inactive players will automatically lose when time's up. (requested by jeandonis02)\n|\n|t:|1665335637\n|switch|p1a: Ferrothorn|Ferrothorn, F|100\/100\n|move|p2a: Zeraora|Knock Off|p1a: Ferrothorn\n|-damage|p1a: Ferrothorn|81\/100\n|-damage|p2a: Zeraora|88\/100|[from] ability: Iron Barbs|[of] p1a: Ferrothorn\n|-enditem|p1a: Ferrothorn|Leftovers|[from] move: Knock Off|[of] p2a: Zeraora\n|\n|upkeep\n|turn|2\n|\n|t:|1665335647\n|move|p2a: Zeraora|Close Combat|p1a: Ferrothorn\n|-supereffective|p1a: Ferrothorn\n|-damage|p1a: Ferrothorn|28\/100\n|-unboost|p2a: Zeraora|def|1\n|-unboost|p2a: Zeraora|spd|1\n|-damage|p2a: Zeraora|76\/100|[from] ability: Iron Barbs|[of] p1a: Ferrothorn\n|move|p1a: Ferrothorn|Stealth Rock|p2a: Zeraora\n|-sidestart|p2: jeandonis02|move: Stealth Rock\n|\n|upkeep\n|turn|3\n|\n|t:|1665335657\n|move|p2a: Zeraora|Close Combat|p1a: Ferrothorn\n|-supereffective|p1a: Ferrothorn\n|-damage|p1a: Ferrothorn|0 fnt\n|-unboost|p2a: Zeraora|def|1\n|-unboost|p2a: Zeraora|spd|1\n|-damage|p2a: Zeraora|64\/100|[from] ability: Iron Barbs|[of] p1a: Ferrothorn\n|faint|p1a: Ferrothorn\n|\n|upkeep\n|\n|t:|1665335659\n|switch|p1a: Garchomp|Garchomp, F|100\/100\n|turn|4\n|\n|t:|1665335661\n|move|p2a: Zeraora|Play Rough|p1a: Garchomp\n|-supereffective|p1a: Garchomp\n|-damage|p1a: Garchomp|44\/100\n|-damage|p2a: Zeraora|51\/100|[from] ability: Rough Skin|[of] p1a: Garchomp\n|move|p1a: Garchomp|Scale Shot|p2a: Zeraora\n|-damage|p2a: Zeraora|13\/100\n|-damage|p2a: Zeraora|0 fnt\n|faint|p2a: Zeraora\n|-hitcount|p2: Zeraora|2\n|-unboost|p1a: Garchomp|def|1\n|-boost|p1a: Garchomp|spe|1\n|\n|-heal|p1a: Garchomp|51\/100|[from] item: Leftovers\n|upkeep\n|\n|t:|1665335669\n|switch|p2a: Rotom|Rotom-Wash|100\/100\n|-damage|p2a: Rotom|88\/100|[from] Stealth Rock\n|turn|5\n|\n|t:|1665335678\n|switch|p1a: Tapu Lele|Tapu Lele, shiny|100\/100\n|-fieldstart|move: Psychic Terrain|[from] ability: Psychic Surge|[of] p1a: Tapu Lele\n|move|p2a: Rotom|Defog|p1a: Tapu Lele\n|-unboost|p1a: Tapu Lele|evasion|1\n|-sideend|p2: jeandonis02|Stealth Rock|[from] move: Defog|[of] p2a: Rotom\n|-fieldend|move: Psychic Terrain\n|\n|-heal|p2a: Rotom|94\/100|[from] item: Leftovers\n|upkeep\n|turn|6\n|\n|t:|1665335685\n|move|p1a: Tapu Lele|Moonblast|p2a: Rotom\n|-damage|p2a: Rotom|27\/100\n|move|p2a: Rotom|Hydro Pump|p1a: Tapu Lele\n|-damage|p1a: Tapu Lele|61\/100\n|\n|-heal|p2a: Rotom|33\/100|[from] item: Leftovers\n|upkeep\n|turn|7\n|\n|t:|1665335691\n|move|p1a: Tapu Lele|Moonblast|p2a: Rotom\n|-damage|p2a: Rotom|0 fnt\n|faint|p2a: Rotom\n|\n|upkeep\n|\n|t:|1665335695\n|switch|p2a: Ferrothorn|Ferrothorn, F|100\/100\n|turn|8\n|\n|t:|1665335698\n|switch|p1a: Toxapex|Toxapex, M|100\/100\n|move|p2a: Ferrothorn|Leech Seed|p1a: Toxapex\n|-start|p1a: Toxapex|move: Leech Seed\n|\n|-damage|p1a: Toxapex|88\/100|[from] Leech Seed|[of] p2a: Ferrothorn\n|upkeep\n|turn|9\n|\n|t:|1665335701\n|move|p1a: Toxapex|Knock Off|p2a: Ferrothorn\n|-damage|p2a: Ferrothorn|92\/100\n|-damage|p1a: Toxapex|76\/100|[from] ability: Iron Barbs|[of] p2a: Ferrothorn\n|-damage|p1a: Toxapex|60\/100|[from] item: Rocky Helmet|[of] p2a: Ferrothorn\n|-enditem|p2a: Ferrothorn|Rocky Helmet|[from] move: Knock Off|[of] p1a: Toxapex\n|move|p2a: Ferrothorn|Thunder Wave|p1a: Toxapex\n|-status|p1a: Toxapex|par\n|\n|-damage|p1a: Toxapex|47\/100 par|[from] Leech Seed|[of] p2a: Ferrothorn\n|-heal|p2a: Ferrothorn|100\/100|[silent]\n|upkeep\n|turn|10\n|\n|t:|1665335706\n|move|p2a: Ferrothorn|Leech Seed||[still]\n|-fail|p2a: Ferrothorn\n|move|p1a: Toxapex|Recover|p1a: Toxapex\n|-heal|p1a: Toxapex|98\/100 par\n|\n|-damage|p1a: Toxapex|85\/100 par|[from] Leech Seed|[of] p2a: Ferrothorn\n|upkeep\n|turn|11\n|\n|t:|1665335710\n|switch|p1a: Tapu Fini|Tapu Fini|100\/100\n|-fieldstart|move: Misty Terrain|[from] ability: Misty Surge|[of] p1a: Tapu Fini\n|move|p2a: Ferrothorn|Stealth Rock|p1a: Tapu Fini\n|-sidestart|p1: uppababy|move: Stealth Rock\n|\n|upkeep\n|turn|12\n|\n|t:|1665335716\n|switch|p2a: Garchomp|Garchomp, M|100\/100\n|move|p1a: Tapu Fini|Trick|p2a: Garchomp\n|-activate|p1a: Tapu Fini|move: Trick|[of] p2a: Garchomp\n|-item|p2a: Garchomp|Choice Scarf|[from] move: Trick\n|-item|p1a: Tapu Fini|Choice Band|[from] move: Trick\n|\n|upkeep\n|turn|13\n|j| sada is dafa\n|\n|t:|1665335724\n|switch|p2a: Ferrothorn|Ferrothorn, F|100\/100\n|move|p1a: Tapu Fini|Defog|p2a: Ferrothorn\n|-unboost|p2a: Ferrothorn|evasion|1\n|-sideend|p1: uppababy|Stealth Rock|[from] move: Defog|[of] p1a: Tapu Fini\n|-fieldend|Misty Terrain\n|\n|upkeep\n|turn|14\n|l| sada is dafa\n|\n|t:|1665335735\n|switch|p1a: Garchomp|Garchomp, F|51\/100\n|move|p2a: Ferrothorn|Stealth Rock|p1a: Garchomp\n|-sidestart|p1: uppababy|move: Stealth Rock\n|\n|-heal|p1a: Garchomp|57\/100|[from] item: Leftovers\n|upkeep\n|turn|15\n|\n|t:|1665335738\n|move|p1a: Garchomp|Substitute|p1a: Garchomp\n|-start|p1a: Garchomp|Substitute\n|-damage|p1a: Garchomp|32\/100\n|move|p2a: Ferrothorn|Leech Seed||[still]\n|-fail|p2a: Ferrothorn\n|\n|-heal|p1a: Garchomp|38\/100|[from] item: Leftovers\n|upkeep\n|turn|16\n|\n|t:|1665335742\n|move|p1a: Garchomp|Swords Dance|p1a: Garchomp\n|-boost|p1a: Garchomp|atk|2\n|move|p2a: Ferrothorn|Body Press|p1a: Garchomp\n|-crit|p1a: Garchomp\n|-end|p1a: Garchomp|Substitute\n|\n|-heal|p1a: Garchomp|44\/100|[from] item: Leftovers\n|upkeep\n|turn|17\n|\n|t:|1665335749\n|move|p1a: Garchomp|Earthquake|p2a: Ferrothorn\n|-damage|p2a: Ferrothorn|44\/100\n|move|p2a: Ferrothorn|Body Press|p1a: Garchomp\n|-damage|p1a: Garchomp|11\/100\n|-damage|p2a: Ferrothorn|31\/100|[from] ability: Rough Skin|[of] p1a: Garchomp\n|\n|-heal|p1a: Garchomp|17\/100|[from] item: Leftovers\n|upkeep\n|turn|18\n|\n|t:|1665335757\n|move|p1a: Garchomp|Earthquake|p2a: Ferrothorn\n|-damage|p2a: Ferrothorn|0 fnt\n|faint|p2a: Ferrothorn\n|\n|-heal|p1a: Garchomp|23\/100|[from] item: Leftovers\n|upkeep\n|\n|t:|1665335759\n|switch|p2a: Garchomp|Garchomp, M|100\/100\n|turn|19\n|\n|t:|1665335764\n|switch|p1a: Tornadus|Tornadus-Therian, M|100\/100\n|move|p2a: Garchomp|Earthquake|p1a: Tornadus\n|-immune|p1a: Tornadus\n|\n|upkeep\n|turn|20\n|\n|t:|1665335771\n|switch|p2a: Toxapex|Toxapex, F|100\/100\n|move|p1a: Tornadus|Hurricane|p2a: Toxapex\n|-damage|p2a: Toxapex|74\/100\n|\n|-heal|p2a: Toxapex|80\/100|[from] item: Black Sludge\n|upkeep\n|turn|21\n|\n|t:|1665335778\n|switch|p2a: Garchomp|Garchomp, M|100\/100\n|move|p1a: Tornadus|Defog|p2a: Garchomp\n|-unboost|p2a: Garchomp|evasion|1\n|-sideend|p1: uppababy|Stealth Rock|[from] move: Defog|[of] p1a: Tornadus\n|\n|upkeep\n|turn|22\n|\n|t:|1665335783\n|move|p2a: Garchomp|Outrage|p1a: Tornadus\n|-damage|p1a: Tornadus|34\/100\n|move|p1a: Tornadus|U-turn|p2a: Garchomp\n|-damage|p2a: Garchomp|86\/100\n|-damage|p1a: Tornadus|22\/100|[from] ability: Rough Skin|[of] p2a: Garchomp\n|\n|t:|1665335787\n|switch|p1a: Tapu Lele|Tapu Lele, shiny|61\/100|[from]move: U-turn\n|-fieldstart|move: Psychic Terrain|[from] ability: Psychic Surge|[of] p1a: Tapu Lele\n|\n|upkeep\n|turn|23\n|\n|t:|1665335789\n|move|p2a: Garchomp|Outrage|p1a: Tapu Lele|[from]lockedmove\n|-immune|p1a: Tapu Lele\n|move|p1a: Tapu Lele|Psyshock|p2a: Garchomp\n|-damage|p2a: Garchomp|7\/100\n|\n|upkeep\n|turn|24\n|\n|t:|1665335793\n|move|p2a: Garchomp|Outrage|p1a: Tapu Lele\n|-immune|p1a: Tapu Lele\n|move|p1a: Tapu Lele|Psyshock|p2a: Garchomp\n|-damage|p2a: Garchomp|0 fnt\n|faint|p2a: Garchomp\n|\n|upkeep\n|\n|t:|1665335795\n|switch|p2a: Charizard|Charizard, M|100\/100\n|turn|25\n|\n|t:|1665335797\n|move|p2a: Charizard|Belly Drum|p2a: Charizard\n|-damage|p2a: Charizard|50\/100\n|-setboost|p2a: Charizard|atk|6|[from] move: Belly Drum\n|-enditem|p2a: Charizard|Sitrus Berry|[eat]\n|-heal|p2a: Charizard|75\/100|[from] item: Sitrus Berry\n|move|p1a: Tapu Lele|Psyshock|p2a: Charizard\n|-damage|p2a: Charizard|0 fnt\n|faint|p2a: Charizard\n|\n|upkeep\n|-message|jeandonis02 forfeited.\n|\n|win|uppababy\n|raw|uppababy's rating: 1700 &rarr; <strong>1722<\/strong><br \/>(+22 for winning)\n|raw|jeandonis02's rating: 1731 &rarr; <strong>1709<\/strong><br \/>(-22 for losing)\n|l|\u2606jeandonis02\n|l|\u2606uppababy\n","uploadtime":1665335836,"views":8,"p1id":"uppababy","p2id":"jeandonis02","formatid":"gen8ou","rating":1709,"private":0,"password":null}