{"id":"gen8nationaldex-1203031889","p1":"Nicolas696","p2":"yhdrslb","format":"gen8nationaldex","log":"|j|\u2606Nicolas696\n|j|\u2606yhdrslb\n|t:|1602683494\n|player|p1|Nicolas696|hugh|1608\n|player|p2|yhdrslb|30|1503\n|teamsize|p1|6\n|teamsize|p2|6\n|gametype|singles\n|gen|8\n|tier|[Gen 8] National Dex\n|rated|\n|clearpoke\n|poke|p1|Clefable, M|\n|poke|p1|Gliscor, F|\n|poke|p1|Kyurem|\n|poke|p1|Heatran, F|\n|poke|p1|Hydreigon, F|\n|poke|p1|Lopunny, M|\n|poke|p2|Cinderace, F|\n|poke|p2|Landorus-Therian, M|\n|poke|p2|Rillaboom, F|\n|poke|p2|Beedrill, F|\n|poke|p2|Zeraora|\n|poke|p2|Dragapult, M|\n|rule|HP Percentage Mod: HP is shown in percentages\n|rule|Endless Battle Clause: Forcing endless battles is banned\n|rule|OHKO Clause: OHKO moves are banned\n|rule|Evasion Moves Clause: Evasion moves are banned\n|rule|Species Clause: Limit one of each Pok\u00e9mon\n|rule|Dynamax Clause: You cannot dynamax\n|rule|Sleep Clause Mod: Limit one foe put to sleep\n|teampreview\n|inactive|Battle timer is ON: inactive players will automatically lose when time's up. (requested by yhdrslb)\n|inactive|Nicolas696 has 120 seconds left.\n|\n|t:|1602683548\n|start\n|switch|p1a: Lopunny|Lopunny, M|100\/100\n|switch|p2a: Landorus|Landorus-Therian, M|100\/100\n|-ability|p2a: Landorus|Intimidate|boost\n|-unboost|p1a: Lopunny|atk|1\n|turn|1\n|\n|t:|1602683555\n|switch|p2a: Zeraora|Zeraora|100\/100\n|detailschange|p1a: Lopunny|Lopunny-Mega, M\n|-mega|p1a: Lopunny|Lopunny|Lopunnite\n|move|p1a: Lopunny|Return|p2a: Zeraora\n|-damage|p2a: Zeraora|53\/100\n|\n|upkeep\n|turn|2\n|\n|t:|1602683563\n|move|p2a: Zeraora|Hidden Power|p1a: Lopunny\n|-damage|p1a: Lopunny|69\/100\n|move|p1a: Lopunny|High Jump Kick|p2a: Zeraora\n|-damage|p2a: Zeraora|0 fnt\n|faint|p2a: Zeraora\n|\n|upkeep\n|\n|t:|1602683567\n|switch|p2a: Beedrill|Beedrill, F|100\/100\n|turn|3\n|\n|t:|1602683572\n|switch|p1a: Heatran|Heatran, F|100\/100\n|detailschange|p2a: Beedrill|Beedrill-Mega, F\n|-mega|p2a: Beedrill|Beedrill|Beedrillite\n|move|p2a: Beedrill|Knock Off|p1a: Heatran\n|-damage|p1a: Heatran|75\/100\n|\n|upkeep\n|turn|4\n|\n|t:|1602683576\n|move|p2a: Beedrill|Drill Run|p1a: Heatran\n|-supereffective|p1a: Heatran\n|-damage|p1a: Heatran|0 fnt\n|faint|p1a: Heatran\n|\n|upkeep\n|\n|t:|1602683581\n|switch|p1a: Lopunny|Lopunny-Mega, M|69\/100\n|turn|5\n|\n|t:|1602683586\n|switch|p2a: Rillaboom|Rillaboom, F|100\/100\n|-fieldstart|move: Grassy Terrain|[from] ability: Grassy Surge|[of] p2a: Rillaboom\n|move|p1a: Lopunny|Fake Out|p2a: Rillaboom\n|-crit|p2a: Rillaboom\n|-damage|p2a: Rillaboom|63\/100\n|\n|-heal|p1a: Lopunny|75\/100|[from] Grassy Terrain\n|-heal|p2a: Rillaboom|69\/100|[from] Grassy Terrain\n|upkeep\n|turn|6\n|\n|t:|1602683590\n|switch|p1a: Hydreigon|Hydreigon, F|100\/100\n|move|p2a: Rillaboom|Swords Dance|p2a: Rillaboom\n|-boost|p2a: Rillaboom|atk|2\n|\n|-heal|p2a: Rillaboom|75\/100|[from] Grassy Terrain\n|upkeep\n|turn|7\n|\n|t:|1602683595\n|move|p2a: Rillaboom|Grassy Glide|p1a: Hydreigon\n|-resisted|p1a: Hydreigon\n|-damage|p1a: Hydreigon|29\/100\n|-damage|p2a: Rillaboom|65\/100|[from] item: Life Orb\n|move|p1a: Hydreigon|Flamethrower|p2a: Rillaboom\n|-supereffective|p2a: Rillaboom\n|-damage|p2a: Rillaboom|0 fnt\n|faint|p2a: Rillaboom\n|\n|upkeep\n|\n|t:|1602683600\n|switch|p2a: Cinderace|Cinderace, F|100\/100\n|turn|8\n|\n|t:|1602683604\n|switch|p1a: Gliscor|Gliscor, F|100\/100\n|switch|p2a: Dragapult|Dragapult, M|100\/100\n|\n|-status|p1a: Gliscor|tox|[from] item: Toxic Orb\n|upkeep\n|turn|9\n|\n|t:|1602683608\n|switch|p1a: Hydreigon|Hydreigon, F|29\/100\n|move|p2a: Dragapult|Substitute|p2a: Dragapult\n|-start|p2a: Dragapult|Substitute\n|-damage|p2a: Dragapult|76\/100\n|\n|-heal|p2a: Dragapult|82\/100|[from] Grassy Terrain\n|-fieldend|move: Grassy Terrain\n|upkeep\n|turn|10\n|\n|t:|1602683610\n|move|p1a: Hydreigon|Dark Pulse|p2a: Dragapult\n|-supereffective|p2a: Dragapult\n|-end|p2a: Dragapult|Substitute\n|move|p2a: Dragapult|Dragon Dance|p2a: Dragapult\n|-boost|p2a: Dragapult|atk|1\n|-boost|p2a: Dragapult|spe|1\n|\n|upkeep\n|turn|11\n|\n|t:|1602683614\n|move|p2a: Dragapult|Dragon Darts|p1a: Hydreigon\n|-supereffective|p1a: Hydreigon\n|-damage|p1a: Hydreigon|0 fnt\n|faint|p1a: Hydreigon\n|\n|upkeep\n|\n|t:|1602683617\n|switch|p1a: Lopunny|Lopunny-Mega, M|75\/100\n|turn|12\n|\n|t:|1602683620\n|move|p1a: Lopunny|Fake Out|p2a: Dragapult\n|-damage|p2a: Dragapult|51\/100\n|cant|p2a: Dragapult|flinch\n|\n|upkeep\n|turn|13\n|\n|t:|1602683627\n|switch|p1a: Clefable|Clefable, M|100\/100\n|-zpower|p2a: Dragapult\n|move|p2a: Dragapult|Never-Ending Nightmare|p1a: Clefable|[zeffect]\n|-damage|p1a: Clefable|2\/100\n|\n|-heal|p1a: Clefable|8\/100|[from] item: Leftovers\n|upkeep\n|turn|14\n|\n|t:|1602683635\n|move|p2a: Dragapult|Dragon Dance|p2a: Dragapult\n|-boost|p2a: Dragapult|atk|1\n|-boost|p2a: Dragapult|spe|1\n|move|p1a: Clefable|Thunder Wave|p2a: Dragapult\n|-status|p2a: Dragapult|par\n|\n|-heal|p1a: Clefable|14\/100|[from] item: Leftovers\n|upkeep\n|turn|15\n|\n|t:|1602683640\n|move|p2a: Dragapult|Dragon Dance|p2a: Dragapult\n|-boost|p2a: Dragapult|atk|1\n|-boost|p2a: Dragapult|spe|1\n|move|p1a: Clefable|Moonblast|p2a: Dragapult\n|-supereffective|p2a: Dragapult\n|-damage|p2a: Dragapult|0 fnt\n|faint|p2a: Dragapult\n|\n|-heal|p1a: Clefable|20\/100|[from] item: Leftovers\n|upkeep\n|\n|t:|1602683643\n|switch|p2a: Beedrill|Beedrill-Mega, F|100\/100\n|turn|16\n|\n|t:|1602683646\n|move|p2a: Beedrill|Knock Off|p1a: Clefable\n|-resisted|p1a: Clefable\n|-damage|p1a: Clefable|7\/100\n|-enditem|p1a: Clefable|Leftovers|[from] move: Knock Off|[of] p2a: Beedrill\n|move|p1a: Clefable|Thunder Wave|p2a: Beedrill\n|-status|p2a: Beedrill|par\n|\n|upkeep\n|turn|17\n|\n|t:|1602683649\n|move|p2a: Beedrill|Poison Jab|p1a: Clefable\n|-supereffective|p1a: Clefable\n|-damage|p1a: Clefable|0 fnt\n|faint|p1a: Clefable\n|\n|upkeep\n|-message|yhdrslb forfeited.\n|\n|win|Nicolas696\n|l|\u2606yhdrslb\n","uploadtime":1602683653,"views":3,"p1id":"nicolas696","p2id":"yhdrslb","formatid":"gen8nationaldex","rating":0,"private":0,"password":null}