{"id":"gen8ou-1630613361","p1":"dracaufeu shiny","p2":"Material Pain","format":"gen8ou","log":"|j|\u2606dracaufeu shiny\n|j|\u2606Material Pain\n|t:|1659447922\n|gametype|singles\n|player|p1|dracaufeu shiny|red|1476\n|player|p2|Material Pain|hugh|1455\n|teamsize|p1|6\n|teamsize|p2|6\n|gen|8\n|tier|[Gen 8] OU\n|rated|\n|rule|Sleep Clause Mod: Limit one foe put to sleep\n|rule|Species Clause: Limit one of each Pok\u00e9mon\n|rule|OHKO Clause: OHKO moves are banned\n|rule|Evasion Moves Clause: Evasion moves are banned\n|rule|Endless Battle Clause: Forcing endless battles is banned\n|rule|HP Percentage Mod: HP is shown in percentages\n|rule|Dynamax Clause: You cannot dynamax\n|clearpoke\n|poke|p1|Tapu Lele|\n|poke|p1|Magnezone|\n|poke|p1|Landorus-Therian, M|\n|poke|p1|Weavile, M|\n|poke|p1|Toxapex, M|\n|poke|p1|Kartana|\n|poke|p2|Primarina, F|\n|poke|p2|Arcanine, M|\n|poke|p2|Blissey, F|\n|poke|p2|Kartana|\n|poke|p2|Hatterene, F|\n|poke|p2|Regieleki|\n|teampreview\n|inactive|Battle timer is ON: inactive players will automatically lose when time's up. (requested by Material Pain)\n|\n|t:|1659447940\n|start\n|switch|p1a: Magnezone|Magnezone|100\/100\n|switch|p2a: Primarina|Primarina, F|100\/100\n|turn|1\n|\n|t:|1659447946\n|switch|p1a: Toxapex|Toxapex, M|100\/100\n|move|p2a: Primarina|Hydro Pump|p1a: Toxapex\n|-resisted|p1a: Toxapex\n|-damage|p1a: Toxapex|69\/100\n|-enditem|p1a: Toxapex|Eject Button\n|\n|t:|1659447951\n|switch|p1a: Kartana|Kartana|100\/100\n|\n|upkeep\n|turn|2\n|\n|t:|1659447956\n|switch|p2a: Arcanine|Arcanine, M|100\/100\n|-ability|p2a: Arcanine|Intimidate|boost\n|-unboost|p1a: Kartana|atk|1\n|move|p1a: Kartana|Knock Off|p2a: Arcanine\n|-damage|p2a: Arcanine|80\/100\n|-damage|p1a: Kartana|84\/100|[from] item: Rocky Helmet|[of] p2a: Arcanine\n|-enditem|p2a: Arcanine|Rocky Helmet|[from] move: Knock Off|[of] p1a: Kartana\n|\n|upkeep\n|turn|3\n|\n|t:|1659447966\n|switch|p1a: Landorus|Landorus-Therian, M|100\/100\n|-ability|p1a: Landorus|Intimidate|boost\n|-unboost|p2a: Arcanine|atk|1\n|move|p2a: Arcanine|Will-O-Wisp|p1a: Landorus\n|-status|p1a: Landorus|brn\n|\n|-damage|p1a: Landorus|94\/100 brn|[from] brn\n|upkeep\n|turn|4\n|\n|t:|1659447976\n|switch|p2a: Hatterene|Hatterene, F|100\/100\n|move|p1a: Landorus|Earthquake|p2a: Hatterene\n|-damage|p2a: Hatterene|82\/100\n|\n|-heal|p1a: Landorus|100\/100 brn|[from] item: Leftovers\n|-heal|p2a: Hatterene|88\/100|[from] item: Leftovers\n|-damage|p1a: Landorus|94\/100 brn|[from] brn\n|upkeep\n|turn|5\n|\n|t:|1659447986\n|move|p1a: Landorus|U-turn|p2a: Hatterene\n|-damage|p2a: Hatterene|78\/100\n|\n|t:|1659447992\n|switch|p1a: Magnezone|Magnezone|100\/100|[from]move: U-turn\n|move|p2a: Hatterene|Calm Mind|p2a: Hatterene\n|-boost|p2a: Hatterene|spa|1\n|-boost|p2a: Hatterene|spd|1\n|\n|-heal|p2a: Hatterene|84\/100|[from] item: Leftovers\n|upkeep\n|turn|6\n|\n|t:|1659448006\n|switch|p2a: Arcanine|Arcanine, M|80\/100\n|-ability|p2a: Arcanine|Intimidate|boost\n|-unboost|p1a: Magnezone|atk|1\n|move|p1a: Magnezone|Flash Cannon|p2a: Arcanine\n|-resisted|p2a: Arcanine\n|-damage|p2a: Arcanine|62\/100\n|\n|upkeep\n|turn|7\n|\n|t:|1659448017\n|switch|p1a: Landorus|Landorus-Therian, M|94\/100 brn\n|-ability|p1a: Landorus|Intimidate|boost\n|-unboost|p2a: Arcanine|atk|1\n|move|p2a: Arcanine|Morning Sun|p2a: Arcanine\n|-heal|p2a: Arcanine|100\/100\n|\n|-heal|p1a: Landorus|100\/100 brn|[from] item: Leftovers\n|-damage|p1a: Landorus|94\/100 brn|[from] brn\n|upkeep\n|turn|8\n|\n|t:|1659448031\n|move|p1a: Landorus|U-turn|p2a: Arcanine\n|-resisted|p2a: Arcanine\n|-damage|p2a: Arcanine|96\/100\n|\n|t:|1659448037\n|switch|p1a: Toxapex|Toxapex, M|100\/100|[from]move: U-turn\n|move|p2a: Arcanine|Teleport|p2a: Arcanine\n|\n|t:|1659448049\n|switch|p2a: Hatterene|Hatterene, F|84\/100|[from]move: Teleport\n|\n|-heal|p2a: Hatterene|90\/100|[from] item: Leftovers\n|upkeep\n|turn|9\n|\n|t:|1659448056\n|move|p2a: Hatterene|Nuzzle|p1a: Toxapex\n|-supereffective|p1a: Toxapex\n|-damage|p1a: Toxapex|96\/100\n|-status|p1a: Toxapex|par\n|move|p1a: Toxapex|Knock Off|p2a: Hatterene\n|-damage|p2a: Hatterene|78\/100\n|-enditem|p2a: Hatterene|Leftovers|[from] move: Knock Off|[of] p1a: Toxapex\n|\n|upkeep\n|turn|10\n|\n|t:|1659448065\n|switch|p1a: Magnezone|Magnezone|100\/100\n|move|p2a: Hatterene|Psyshock|p1a: Magnezone\n|-resisted|p1a: Magnezone\n|-damage|p1a: Magnezone|84\/100\n|\n|-heal|p1a: Magnezone|90\/100|[from] item: Leftovers\n|upkeep\n|turn|11\n|\n|t:|1659448075\n|switch|p2a: Blissey|Blissey, F|100\/100\n|move|p1a: Magnezone|Thunderbolt|p2a: Blissey\n|-damage|p2a: Blissey|88\/100\n|\n|-heal|p1a: Magnezone|96\/100|[from] item: Leftovers\n|upkeep\n|turn|12\n|\n|t:|1659448083\n|move|p1a: Magnezone|Body Press|p2a: Blissey\n|-supereffective|p2a: Blissey\n|-damage|p2a: Blissey|36\/100\n|move|p2a: Blissey|Stealth Rock|p1a: Magnezone\n|-sidestart|p1: dracaufeu shiny|move: Stealth Rock\n|\n|-heal|p1a: Magnezone|100\/100|[from] item: Leftovers\n|upkeep\n|turn|13\n|\n|t:|1659448094\n|switch|p2a: Arcanine|Arcanine, M|96\/100\n|-ability|p2a: Arcanine|Intimidate|boost\n|-unboost|p1a: Magnezone|atk|1\n|move|p1a: Magnezone|Thunderbolt|p2a: Arcanine\n|-damage|p2a: Arcanine|55\/100\n|\n|upkeep\n|turn|14\n|\n|t:|1659448102\n|switch|p1a: Landorus|Landorus-Therian, M|94\/100 brn\n|-damage|p1a: Landorus|82\/100 brn|[from] Stealth Rock\n|-ability|p1a: Landorus|Intimidate|boost\n|-unboost|p2a: Arcanine|atk|1\n|move|p2a: Arcanine|Flamethrower|p1a: Landorus\n|-damage|p1a: Landorus|61\/100 brn\n|\n|-heal|p1a: Landorus|67\/100 brn|[from] item: Leftovers\n|-damage|p1a: Landorus|61\/100 brn|[from] brn\n|upkeep\n|turn|15\n|\n|t:|1659448116\n|move|p2a: Arcanine|Morning Sun|p2a: Arcanine\n|-heal|p2a: Arcanine|100\/100\n|move|p1a: Landorus|U-turn|p2a: Arcanine\n|-resisted|p2a: Arcanine\n|-crit|p2a: Arcanine\n|-damage|p2a: Arcanine|93\/100\n|\n|t:|1659448133\n|switch|p1a: Tapu Lele|Tapu Lele|100\/100|[from]move: U-turn\n|-damage|p1a: Tapu Lele|88\/100|[from] Stealth Rock\n|-fieldstart|move: Psychic Terrain|[from] ability: Psychic Surge|[of] p1a: Tapu Lele\n|\n|upkeep\n|turn|16\n|\n|t:|1659448141\n|switch|p2a: Kartana|Kartana|100\/100\n|move|p1a: Tapu Lele|Psyshock|p2a: Kartana\n|-resisted|p2a: Kartana\n|-damage|p2a: Kartana|70\/100\n|\n|upkeep\n|turn|17\n|\n|t:|1659448152\n|switch|p2a: Arcanine|Arcanine, M|93\/100\n|-ability|p2a: Arcanine|Intimidate|boost\n|-unboost|p1a: Tapu Lele|atk|1\n|switch|p1a: Magnezone|Magnezone|100\/100\n|-damage|p1a: Magnezone|94\/100|[from] Stealth Rock\n|\n|-heal|p1a: Magnezone|100\/100|[from] item: Leftovers\n|upkeep\n|turn|18\n|\n|t:|1659448163\n|move|p1a: Magnezone|Thunderbolt|p2a: Arcanine\n|-damage|p2a: Arcanine|55\/100\n|move|p2a: Arcanine|Flamethrower|p1a: Magnezone\n|-supereffective|p1a: Magnezone\n|-damage|p1a: Magnezone|18\/100\n|\n|-heal|p1a: Magnezone|24\/100|[from] item: Leftovers\n|upkeep\n|turn|19\n|\n|t:|1659448173\n|move|p2a: Arcanine|Morning Sun|p2a: Arcanine\n|-heal|p2a: Arcanine|100\/100\n|move|p1a: Magnezone|Thunderbolt|p2a: Arcanine\n|-damage|p2a: Arcanine|61\/100\n|\n|-heal|p1a: Magnezone|30\/100|[from] item: Leftovers\n|-fieldend|move: Psychic Terrain\n|upkeep\n|turn|20\n|\n|t:|1659448182\n|move|p1a: Magnezone|Thunderbolt|p2a: Arcanine\n|-damage|p2a: Arcanine|18\/100\n|move|p2a: Arcanine|Flamethrower|p1a: Magnezone\n|-supereffective|p1a: Magnezone\n|-damage|p1a: Magnezone|0 fnt\n|faint|p1a: Magnezone\n|\n|upkeep\n|\n|t:|1659448188\n|switch|p1a: Kartana|Kartana|84\/100\n|-damage|p1a: Kartana|78\/100|[from] Stealth Rock\n|turn|21\n|\n|t:|1659448197\n|switch|p2a: Primarina|Primarina, F|100\/100\n|move|p1a: Kartana|Leaf Blade|p2a: Primarina\n|-supereffective|p2a: Primarina\n|-damage|p2a: Primarina|0 fnt\n|faint|p2a: Primarina\n|-ability|p1a: Kartana|Beast Boost|boost\n|-boost|p1a: Kartana|atk|1\n|\n|upkeep\n|\n|t:|1659448212\n|switch|p2a: Kartana|Kartana|70\/100\n|turn|22\n|\n|t:|1659448217\n|switch|p1a: Toxapex|Toxapex, M|100\/100 par\n|-damage|p1a: Toxapex|88\/100 par|[from] Stealth Rock\n|move|p2a: Kartana|Knock Off|p1a: Toxapex\n|-damage|p1a: Toxapex|70\/100 par\n|\n|upkeep\n|turn|23\n|\n|t:|1659448229\n|switch|p2a: Hatterene|Hatterene, F|78\/100\n|switch|p1a: Weavile|Weavile, M|100\/100\n|-ability|p1a: Weavile|Pressure\n|\n|upkeep\n|turn|24\n|\n|t:|1659448237\n|move|p1a: Weavile|Knock Off|p2a: Hatterene\n|-damage|p2a: Hatterene|52\/100\n|move|p2a: Hatterene|Draining Kiss|p1a: Weavile\n|-supereffective|p1a: Weavile\n|-damage|p1a: Weavile|34\/100\n|-heal|p2a: Hatterene|96\/100|[from] drain|[of] p1a: Weavile\n|\n|upkeep\n|turn|25\n|\n|t:|1659448247\n|switch|p1a: Tapu Lele|Tapu Lele|88\/100\n|-damage|p1a: Tapu Lele|76\/100|[from] Stealth Rock\n|-fieldstart|move: Psychic Terrain|[from] ability: Psychic Surge|[of] p1a: Tapu Lele\n|move|p2a: Hatterene|Draining Kiss|p1a: Tapu Lele\n|-damage|p1a: Tapu Lele|52\/100\n|-heal|p2a: Hatterene|100\/100|[from] drain|[of] p1a: Tapu Lele\n|-enditem|p1a: Tapu Lele|Eject Button\n|\n|t:|1659448251\n|switch|p1a: Kartana|Kartana|78\/100\n|-damage|p1a: Kartana|72\/100|[from] Stealth Rock\n|\n|upkeep\n|turn|26\n|\n|t:|1659448260\n|move|p1a: Kartana|Smart Strike|p2a: Hatterene\n|-supereffective|p2a: Hatterene\n|-damage|p2a: Hatterene|21\/100\n|move|p2a: Hatterene|Nuzzle|p1a: Kartana\n|-resisted|p1a: Kartana\n|-damage|p1a: Kartana|70\/100\n|-status|p1a: Kartana|par\n|\n|upkeep\n|turn|27\n|\n|t:|1659448275\n|switch|p2a: Kartana|Kartana|70\/100\n|move|p1a: Kartana|Smart Strike|p2a: Kartana\n|-resisted|p2a: Kartana\n|-damage|p2a: Kartana|47\/100\n|\n|upkeep\n|turn|28\n|\n|t:|1659448285\n|switch|p1a: Toxapex|Toxapex, M|100\/100 par\n|-damage|p1a: Toxapex|88\/100 par|[from] Stealth Rock\n|move|p2a: Kartana|Sacred Sword|p1a: Toxapex\n|-resisted|p1a: Toxapex\n|-crit|p1a: Toxapex\n|-damage|p1a: Toxapex|69\/100 par\n|\n|upkeep\n|turn|29\n|\n|t:|1659448299\n|switch|p2a: Hatterene|Hatterene, F|21\/100\n|cant|p1a: Toxapex|par\n|\n|-fieldend|move: Psychic Terrain\n|upkeep\n|turn|30\n|\n|t:|1659448306\n|switch|p1a: Tapu Lele|Tapu Lele|52\/100\n|-damage|p1a: Tapu Lele|39\/100|[from] Stealth Rock\n|-fieldstart|move: Psychic Terrain|[from] ability: Psychic Surge|[of] p1a: Tapu Lele\n|move|p2a: Hatterene|Psyshock|p1a: Tapu Lele\n|-resisted|p1a: Tapu Lele\n|-damage|p1a: Tapu Lele|5\/100\n|\n|upkeep\n|turn|31\n|\n|t:|1659448322\n|move|p1a: Tapu Lele|Moonblast|p2a: Hatterene\n|-damage|p2a: Hatterene|0 fnt\n|faint|p2a: Hatterene\n|\n|upkeep\n|\n|t:|1659448327\n|switch|p2a: Kartana|Kartana|47\/100\n|turn|32\n|\n|t:|1659448333\n|switch|p1a: Toxapex|Toxapex, M|100\/100 par\n|-damage|p1a: Toxapex|88\/100 par|[from] Stealth Rock\n|move|p2a: Kartana|Leaf Blade|p1a: Toxapex\n|-damage|p1a: Toxapex|49\/100 par\n|\n|upkeep\n|turn|33\n|\n|t:|1659448342\n|switch|p1a: Tapu Lele|Tapu Lele|5\/100\n|-damage|p1a: Tapu Lele|0 fnt|[from] Stealth Rock\n|faint|p1a: Tapu Lele\n|move|p2a: Kartana|Leaf Blade|p1: Tapu Lele|[notarget]\n|-fail|p2a: Kartana\n|\n|upkeep\n|\n|t:|1659448346\n|switch|p1a: Kartana|Kartana|70\/100 par\n|-damage|p1a: Kartana|64\/100 par|[from] Stealth Rock\n|turn|34\n|\n|t:|1659448359\n|switch|p2a: Arcanine|Arcanine, M|18\/100\n|-ability|p2a: Arcanine|Intimidate|boost\n|-unboost|p1a: Kartana|atk|1\n|move|p1a: Kartana|Sacred Sword|p2a: Arcanine\n|-damage|p2a: Arcanine|0 fnt\n|faint|p2a: Arcanine\n|-ability|p1a: Kartana|Beast Boost|boost\n|-boost|p1a: Kartana|atk|1\n|\n|-fieldend|move: Psychic Terrain\n|upkeep\n|\n|t:|1659448373\n|switch|p2a: Kartana|Kartana|47\/100\n|turn|35\n|\n|t:|1659448376\n|switch|p1a: Toxapex|Toxapex, M|82\/100 par\n|-damage|p1a: Toxapex|70\/100 par|[from] Stealth Rock\n|move|p2a: Kartana|Leaf Blade|p1a: Toxapex\n|-damage|p1a: Toxapex|36\/100 par\n|\n|upkeep\n|turn|36\n|\n|t:|1659448398\n|move|p2a: Kartana|Leaf Blade|p1a: Toxapex\n|-damage|p1a: Toxapex|0 fnt\n|faint|p1a: Toxapex\n|-ability|p2a: Kartana|Beast Boost|boost\n|-boost|p2a: Kartana|atk|1\n|\n|upkeep\n|\n|t:|1659448401\n|switch|p1a: Kartana|Kartana|64\/100 par\n|-damage|p1a: Kartana|58\/100 par|[from] Stealth Rock\n|turn|37\n|\n|t:|1659448408\n|switch|p2a: Blissey|Blissey, F|36\/100\n|cant|p1a: Kartana|par\n|\n|upkeep\n|turn|38\n|\n|t:|1659448418\n|cant|p1a: Kartana|par\n|move|p2a: Blissey|Seismic Toss|p1a: Kartana\n|-damage|p1a: Kartana|19\/100 par\n|\n|upkeep\n|turn|39\n|\n|t:|1659448424\n|move|p1a: Kartana|Sacred Sword|p2a: Blissey\n|-supereffective|p2a: Blissey\n|-damage|p2a: Blissey|0 fnt\n|faint|p2a: Blissey\n|-ability|p1a: Kartana|Beast Boost|boost\n|-boost|p1a: Kartana|atk|1\n|\n|upkeep\n|\n|t:|1659448432\n|switch|p2a: Regieleki|Regieleki|100\/100\n|turn|40\n|\n|t:|1659448436\n|switch|p2a: Kartana|Kartana|47\/100\n|switch|p1a: Landorus|Landorus-Therian, M|61\/100 brn\n|-damage|p1a: Landorus|48\/100 brn|[from] Stealth Rock\n|-ability|p1a: Landorus|Intimidate|boost\n|-unboost|p2a: Kartana|atk|1\n|\n|-heal|p1a: Landorus|54\/100 brn|[from] item: Leftovers\n|-damage|p1a: Landorus|48\/100 brn|[from] brn\n|upkeep\n|turn|41\n|\n|t:|1659448447\n|switch|p1a: Kartana|Kartana|19\/100 par\n|-damage|p1a: Kartana|13\/100 par|[from] Stealth Rock\n|move|p2a: Kartana|Knock Off|p1a: Kartana\n|-damage|p1a: Kartana|0 fnt\n|-enditem|p1a: Kartana|Choice Scarf|[from] move: Knock Off|[of] p2a: Kartana\n|faint|p1a: Kartana\n|-ability|p2a: Kartana|Beast Boost|boost\n|-boost|p2a: Kartana|atk|1\n|\n|upkeep\n|\n|t:|1659448453\n|switch|p1a: Weavile|Weavile, M|34\/100\n|-ability|p1a: Weavile|Pressure\n|turn|42\n|\n|t:|1659448464\n|move|p2a: Kartana|Knock Off|p1a: Weavile\n|-resisted|p1a: Weavile\n|-damage|p1a: Weavile|0 fnt\n|-enditem|p1a: Weavile|Heavy-Duty Boots|[from] move: Knock Off|[of] p2a: Kartana\n|faint|p1a: Weavile\n|-ability|p2a: Kartana|Beast Boost|boost\n|-boost|p2a: Kartana|atk|1\n|\n|upkeep\n|-message|dracaufeu shiny forfeited.\n|\n|win|Material Pain\n|raw|dracaufeu shiny's rating: 1476 &rarr; <strong>1455<\/strong><br \/>(-21 for losing)\n|raw|Material Pain's rating: 1455 &rarr; <strong>1476<\/strong><br \/>(+21 for winning)\n|l|\u2606dracaufeu shiny\n|c|\u2606Material Pain|gg\n","uploadtime":1659448486,"views":12,"p1id":"dracaufeushiny","p2id":"materialpain","formatid":"gen8ou","rating":1455,"private":0,"password":null}