{"id":"gen8nationaldex-1669068331","p1":"Gay_du_93","p2":"Ferrothornail\u8349\u94a2\u7532","format":"gen8nationaldex","log":"|j|\u2606Gay_du_93\n|j|\u2606Ferrothornail\u8349\u94a2\u7532\n|t:|1664012258\n|gametype|singles\n|player|p1|Gay_du_93|beauty-gen5bw2|1203\n|player|p2|Ferrothornail\u8349\u94a2\u7532|lillie|1220\n|teamsize|p1|6\n|teamsize|p2|6\n|gen|8\n|tier|[Gen 8] National Dex\n|rated|\n|rule|HP Percentage Mod: HP is shown in percentages\n|rule|Endless Battle Clause: Forcing endless battles is banned\n|rule|OHKO Clause: OHKO moves are banned\n|rule|Evasion Moves Clause: Evasion moves are banned\n|rule|Species Clause: Limit one of each Pok\u00e9mon\n|rule|Dynamax Clause: You cannot dynamax\n|rule|Sleep Clause Mod: Limit one foe put to sleep\n|clearpoke\n|poke|p1|Drapion, M|\n|poke|p1|Weezing-Galar, F|\n|poke|p1|Toxicroak, F|\n|poke|p1|Toxapex, F|\n|poke|p1|Amoonguss, F|\n|poke|p1|Nihilego|\n|poke|p2|Gurdurr, F|\n|poke|p2|Kadabra, M|\n|poke|p2|Medicham, F|\n|poke|p2|Musharna, M|\n|poke|p2|Sudowoodo, M|\n|poke|p2|Porygon|\n|teampreview\n|\n|t:|1664012286\n|start\n|switch|p1a: Toxapex|Toxapex, F|100\/100\n|switch|p2a: Kadabra|Kadabra, M|100\/100\n|turn|1\n|\n|t:|1664012304\n|switch|p1a: Drapion|Drapion, M|100\/100\n|move|p2a: Kadabra|Trick Room|p2a: Kadabra\n|-fieldstart|move: Trick Room|[of] p2a: Kadabra\n|\n|upkeep\n|turn|2\n|\n|t:|1664012323\n|switch|p2a: Medicham|Medicham, F|100\/100\n|move|p1a: Drapion|Swords Dance|p1a: Drapion\n|-boost|p1a: Drapion|atk|2\n|\n|upkeep\n|turn|3\n|\n|t:|1664012333\n|move|p2a: Medicham|High Jump Kick|p1a: Drapion\n|-damage|p1a: Drapion|0 fnt\n|faint|p1a: Drapion\n|-damage|p2a: Medicham|91\/100|[from] item: Life Orb\n|\n|upkeep\n|\n|t:|1664012341\n|switch|p1a: Toxapex|Toxapex, F|100\/100\n|turn|4\n|\n|t:|1664012344\n|move|p1a: Toxapex|Toxic Spikes|p2a: Medicham\n|-sidestart|p2: Ferrothornail\u8349\u94a2\u7532|move: Toxic Spikes\n|move|p2a: Medicham|Psycho Cut|p1a: Toxapex\n|-supereffective|p1a: Toxapex\n|-damage|p1a: Toxapex|0 fnt\n|faint|p1a: Toxapex\n|-damage|p2a: Medicham|81\/100|[from] item: Life Orb\n|\n|upkeep\n|\n|t:|1664012364\n|switch|p1a: Amoonguss|Amoonguss, F|100\/100\n|turn|5\n|\n|t:|1664012376\n|move|p1a: Amoonguss|Spore|p2a: Medicham\n|-status|p2a: Medicham|slp|[from] move: Spore\n|cant|p2a: Medicham|slp\n|\n|-fieldend|move: Trick Room\n|upkeep\n|turn|6\n|\n|t:|1664012383\n|switch|p2a: Kadabra|Kadabra, M|100\/100\n|-status|p2a: Kadabra|psn\n|switch|p1a: Weezing|Weezing-Galar, F|100\/100\n|\n|upkeep\n|turn|7\n|\n|t:|1664012391\n|move|p1a: Weezing|Strange Steam|p2a: Kadabra\n|-damage|p2a: Kadabra|8\/100 psn\n|-damage|p1a: Weezing|91\/100|[from] item: Life Orb\n|move|p2a: Kadabra|Trick Room|p2a: Kadabra\n|-fieldstart|move: Trick Room|[of] p2a: Kadabra\n|\n|upkeep\n|turn|8\n|\n|t:|1664012408\n|switch|p1a: Toxicroak|Toxicroak, F|100\/100\n|move|p2a: Kadabra|Psyshock|p1a: Toxicroak\n|-supereffective|p1a: Toxicroak\n|-enditem|p1a: Toxicroak|Focus Sash\n|-damage|p1a: Toxicroak|1\/100\n|\n|upkeep\n|turn|9\n|\n|t:|1664012417\n|move|p1a: Toxicroak|Fake Out|p2a: Kadabra\n|-damage|p2a: Kadabra|0 fnt\n|faint|p2a: Kadabra\n|\n|upkeep\n|\n|t:|1664012430\n|switch|p2a: Gurdurr|Gurdurr, F|100\/100\n|-status|p2a: Gurdurr|psn\n|turn|10\n|\n|t:|1664012437\n|switch|p1a: Weezing|Weezing-Galar, F|91\/100\n|move|p2a: Gurdurr|Defog|p1a: Weezing\n|-unboost|p1a: Weezing|evasion|1\n|-sideend|p2: Ferrothornail\u8349\u94a2\u7532|Toxic Spikes|[from] move: Defog|[of] p2a: Gurdurr\n|\n|-damage|p2a: Gurdurr|88\/100 psn|[from] psn\n|upkeep\n|turn|11\n|\n|t:|1664012448\n|move|p2a: Gurdurr|Knock Off|p1a: Weezing\n|-resisted|p1a: Weezing\n|-damage|p1a: Weezing|78\/100\n|-enditem|p1a: Weezing|Life Orb|[from] move: Knock Off|[of] p2a: Gurdurr\n|move|p1a: Weezing|Strange Steam|p2a: Gurdurr\n|-supereffective|p2a: Gurdurr\n|-damage|p2a: Gurdurr|7\/100 psn\n|\n|-damage|p2a: Gurdurr|0 fnt|[from] psn\n|faint|p2a: Gurdurr\n|-fieldend|move: Trick Room\n|upkeep\n|\n|t:|1664012452\n|switch|p2a: Porygon|Porygon|100\/100\n|-ability|p2a: Porygon|Download|boost\n|-boost|p2a: Porygon|spa|1\n|turn|12\n|\n|t:|1664012474\n|switch|p1a: Amoonguss|Amoonguss, F|100\/100\n|move|p2a: Porygon|Trick Room|p2a: Porygon\n|-fieldstart|move: Trick Room|[of] p2a: Porygon\n|\n|upkeep\n|turn|13\n|\n|t:|1664012497\n|move|p1a: Amoonguss|Spore|p2a: Porygon\n|-message|Sleep Clause Mod activated.\n|move|p2a: Porygon|Teleport|p2a: Porygon\n|\n|t:|1664012500\n|switch|p2a: Sudowoodo|Sudowoodo, M|100\/100|[from]move: Teleport\n|\n|upkeep\n|turn|14\n|\n|t:|1664012519\n|-zpower|p2a: Sudowoodo\n|move|p2a: Sudowoodo|Continental Crush|p1a: Amoonguss|[zeffect]\n|-damage|p1a: Amoonguss|4\/100\n|move|p1a: Amoonguss|Giga Drain|p2a: Sudowoodo\n|-supereffective|p2a: Sudowoodo\n|-damage|p2a: Sudowoodo|14\/100\n|-heal|p1a: Amoonguss|39\/100|[from] drain|[of] p2a: Sudowoodo\n|\n|-heal|p1a: Amoonguss|45\/100|[from] item: Leftovers\n|upkeep\n|turn|15\n|\n|t:|1664012533\n|move|p2a: Sudowoodo|Head Smash|p1a: Amoonguss\n|-damage|p1a: Amoonguss|0 fnt\n|faint|p1a: Amoonguss\n|\n|upkeep\n|\n|t:|1664012538\n|switch|p1a: Toxicroak|Toxicroak, F|1\/100\n|turn|16\n|\n|t:|1664012542\n|switch|p2a: Musharna|Musharna, M|100\/100\n|move|p1a: Toxicroak|Sucker Punch||[still]\n|-fail|p1a: Toxicroak\n|\n|-fieldend|move: Trick Room\n|upkeep\n|turn|17\n|\n|t:|1664012552\n|switch|p1a: Nihilego|Nihilego|100\/100\n|move|p2a: Musharna|Trick Room|p2a: Musharna\n|-fieldstart|move: Trick Room|[of] p2a: Musharna\n|\n|upkeep\n|turn|18\n|\n|t:|1664012560\n|move|p2a: Musharna|Healing Wish|p2a: Musharna\n|faint|p2a: Musharna\n|move|p1a: Nihilego|Sludge Wave|p2: Musharna|[notarget]\n|-fail|p1a: Nihilego\n|\n|upkeep\n|\n|t:|1664012562\n|switch|p2a: Medicham|Medicham, F|81\/100 slp\n|-heal|p2a: Medicham|100\/100|[from] move: Healing Wish\n|turn|19\n|\n|t:|1664012573\n|move|p2a: Medicham|Psycho Cut|p1a: Nihilego\n|-supereffective|p1a: Nihilego\n|-crit|p1a: Nihilego\n|-damage|p1a: Nihilego|0 fnt\n|faint|p1a: Nihilego\n|-damage|p2a: Medicham|91\/100|[from] item: Life Orb\n|\n|upkeep\n|\n|t:|1664012580\n|switch|p1a: Weezing|Weezing-Galar, F|78\/100\n|turn|20\n|\n|t:|1664012585\n|move|p1a: Weezing|Strange Steam|p2a: Medicham\n|-supereffective|p2a: Medicham\n|-damage|p2a: Medicham|0 fnt\n|faint|p2a: Medicham\n|\n|upkeep\n|\n|t:|1664012594\n|switch|p2a: Sudowoodo|Sudowoodo, M|14\/100\n|turn|21\n|\n|t:|1664012609\n|move|p2a: Sudowoodo|Head Smash|p1a: Weezing\n|-damage|p1a: Weezing|24\/100\n|move|p1a: Weezing|Strange Steam|p2a: Sudowoodo\n|-damage|p2a: Sudowoodo|0 fnt\n|faint|p2a: Sudowoodo\n|\n|-fieldend|move: Trick Room\n|upkeep\n|\n|t:|1664012614\n|switch|p2a: Porygon|Porygon|100\/100\n|-ability|p2a: Porygon|Download|boost\n|-boost|p2a: Porygon|spa|1\n|turn|22\n|\n|t:|1664012624\n|move|p1a: Weezing|Pain Split|p2a: Porygon\n|-sethp|p2a: Porygon|60\/100|[from] move: Pain Split|[silent]\n|-sethp|p1a: Weezing|74\/100|[from] move: Pain Split\n|move|p2a: Porygon|Trick Room|p2a: Porygon\n|-fieldstart|move: Trick Room|[of] p2a: Porygon\n|\n|upkeep\n|turn|23\n|\n|t:|1664012631\n|move|p2a: Porygon|Tri Attack|p1a: Weezing\n|-damage|p1a: Weezing|12\/100\n|move|p1a: Weezing|Destiny Bond|p1a: Weezing\n|-singlemove|p1a: Weezing|Destiny Bond\n|\n|upkeep\n|turn|24\n|\n|t:|1664012642\n|move|p2a: Porygon|Recover|p2a: Porygon\n|-heal|p2a: Porygon|100\/100\n|move|p1a: Weezing|Strange Steam|p2a: Porygon|[miss]\n|-miss|p1a: Weezing|p2a: Porygon\n|\n|upkeep\n|turn|25\n|\n|t:|1664012652\n|move|p2a: Porygon|Tri Attack|p1a: Weezing\n|-damage|p1a: Weezing|0 fnt\n|faint|p1a: Weezing\n|\n|upkeep\n|\n|t:|1664012658\n|switch|p1a: Toxicroak|Toxicroak, F|1\/100\n|turn|26\n|\n|t:|1664012662\n|move|p1a: Toxicroak|Fake Out|p2a: Porygon\n|-crit|p2a: Porygon\n|-damage|p2a: Porygon|80\/100\n|cant|p2a: Porygon|flinch\n|\n|-fieldend|move: Trick Room\n|upkeep\n|turn|27\n|\n|t:|1664012669\n|move|p1a: Toxicroak|Drain Punch|p2a: Porygon\n|-supereffective|p2a: Porygon\n|-damage|p2a: Porygon|12\/100\n|-heal|p1a: Toxicroak|38\/100|[from] drain|[of] p2a: Porygon\n|move|p2a: Porygon|Tri Attack|p1a: Toxicroak\n|-damage|p1a: Toxicroak|0 fnt\n|faint|p1a: Toxicroak\n|\n|win|Ferrothornail\u8349\u94a2\u7532\n|raw|Gay_du_93's rating: 1203 &rarr; <strong>1179<\/strong><br \/>(-24 for losing)\n|raw|Ferrothornail\u8349\u94a2\u7532's rating: 1220 &rarr; <strong>1244<\/strong><br \/>(+24 for winning)\n|c|\u2606Gay_du_93|Gg\n","uploadtime":1664012673,"views":11,"p1id":"gaydu93","p2id":"ferrothornail","formatid":"gen8nationaldex","rating":1179,"private":0,"password":null}