{"id":"gen8ou-1377522177","p1":"LT82ZW Dasmer","p2":"Specs KD","format":"gen8ou","log":"|raw|<div class=\"broadcast-blue\"><strong>This battle is required to be public due to a player having a name starting with 'lt82zw'.<\/div>\n|j|\u2606LT82ZW Dasmer\n|j|\u2606Specs KD\n|t:|1626365324\n|gametype|singles\n|player|p1|LT82ZW Dasmer|lance-gen2|1833\n|player|p2|Specs KD|swimmerf|1691\n|teamsize|p1|6\n|teamsize|p2|6\n|gen|8\n|tier|[Gen 8] OU\n|rated|\n|rule|Sleep Clause Mod: Limit one foe put to sleep\n|rule|Species Clause: Limit one of each Pok\u00e9mon\n|rule|OHKO Clause: OHKO moves are banned\n|rule|Evasion Moves Clause: Evasion moves are banned\n|rule|Endless Battle Clause: Forcing endless battles is banned\n|rule|HP Percentage Mod: HP is shown in percentages\n|rule|Dynamax Clause: You cannot dynamax\n|clearpoke\n|poke|p1|Bisharp, M|\n|poke|p1|Cloyster, M|\n|poke|p1|Garchomp, M|\n|poke|p1|Hawlucha, M|\n|poke|p1|Skarmory, F|\n|poke|p1|Volcarona, F|\n|poke|p2|Latios, M|\n|poke|p2|Landorus-Therian, M|\n|poke|p2|Ferrothorn, F|\n|poke|p2|Melmetal|\n|poke|p2|Tapu Koko|\n|poke|p2|Nihilego|\n|teampreview\n|j| bgsddf\n|\n|t:|1626365339\n|start\n|switch|p1a: Skarmory|Skarmory, F|100\/100\n|switch|p2a: Landorus|Landorus-Therian, M|100\/100\n|-ability|p2a: Landorus|Intimidate|boost\n|-unboost|p1a: Skarmory|atk|1\n|turn|1\n|inactive|Battle timer is ON: inactive players will automatically lose when time's up. (requested by LT82ZW Dasmer)\n|\n|t:|1626365346\n|move|p1a: Skarmory|Taunt|p2a: Landorus\n|-start|p2a: Landorus|move: Taunt\n|cant|p2a: Landorus|move: Taunt|Defog\n|\n|upkeep\n|turn|2\n|\n|t:|1626365348\n|move|p1a: Skarmory|Stealth Rock|p2a: Landorus\n|-sidestart|p2: Specs KD|move: Stealth Rock\n|move|p2a: Landorus|U-turn|p1a: Skarmory\n|-resisted|p1a: Skarmory\n|-damage|p1a: Skarmory|96\/100\n|\n|t:|1626365354\n|switch|p2a: Tapu Koko|Tapu Koko|100\/100|[from]move: U-turn\n|-fieldstart|move: Electric Terrain|[from] ability: Electric Surge|[of] p2a: Tapu Koko\n|\n|upkeep\n|turn|3\n|\n|t:|1626365357\n|switch|p1a: Garchomp|Garchomp, M|100\/100\n|move|p2a: Tapu Koko|Thunderbolt|p1a: Garchomp\n|-immune|p1a: Garchomp\n|\n|upkeep\n|turn|4\n|\n|t:|1626365366\n|switch|p2a: Latios|Latios, M|100\/100\n|-damage|p2a: Latios|88\/100|[from] Stealth Rock\n|move|p1a: Garchomp|Swords Dance|p1a: Garchomp\n|-boost|p1a: Garchomp|atk|2\n|\n|upkeep\n|turn|5\n|\n|t:|1626365370\n|switch|p1a: Skarmory|Skarmory, F|96\/100\n|move|p2a: Latios|Draco Meteor|p1a: Skarmory\n|-resisted|p1a: Skarmory\n|-damage|p1a: Skarmory|12\/100\n|-unboost|p2a: Latios|spa|2\n|\n|upkeep\n|turn|6\n|-enditem|p1a: Skarmory|Custap Berry|[eat]\n|-activate|p1a: Skarmory|item: Custap Berry|[consumed]\n|\n|t:|1626365375\n|move|p1a: Skarmory|Spikes|p2a: Latios\n|-sidestart|p2: Specs KD|Spikes\n|move|p2a: Latios|Draco Meteor|p1a: Skarmory|[miss]\n|-miss|p2a: Latios|p1a: Skarmory\n|\n|-fieldend|move: Electric Terrain\n|upkeep\n|turn|7\n|\n|t:|1626365379\n|move|p2a: Latios|Draco Meteor|p1a: Skarmory\n|-resisted|p1a: Skarmory\n|-damage|p1a: Skarmory|0 fnt\n|-unboost|p2a: Latios|spa|2\n|faint|p1a: Skarmory\n|\n|upkeep\n|\n|t:|1626365386\n|switch|p1a: Bisharp|Bisharp, M|100\/100\n|turn|8\n|\n|t:|1626365390\n|switch|p2a: Ferrothorn|Ferrothorn, F|100\/100\n|-damage|p2a: Ferrothorn|95\/100|[from] Stealth Rock\n|-damage|p2a: Ferrothorn|82\/100|[from] Spikes\n|move|p1a: Bisharp|Swords Dance|p1a: Bisharp\n|-boost|p1a: Bisharp|atk|2\n|\n|-heal|p2a: Ferrothorn|88\/100|[from] item: Leftovers\n|upkeep\n|turn|9\n|\n|t:|1626365392\n|move|p1a: Bisharp|Knock Off|p2a: Ferrothorn\n|-damage|p2a: Ferrothorn|14\/100\n|-damage|p1a: Bisharp|88\/100|[from] ability: Iron Barbs|[of] p2a: Ferrothorn\n|-enditem|p2a: Ferrothorn|Leftovers|[from] move: Knock Off|[of] p1a: Bisharp\n|-damage|p1a: Bisharp|78\/100|[from] item: Life Orb\n|move|p2a: Ferrothorn|Body Press|p1a: Bisharp\n|-supereffective|p1a: Bisharp\n|-damage|p1a: Bisharp|0 fnt\n|faint|p1a: Bisharp\n|\n|upkeep\n|\n|t:|1626365411\n|switch|p1a: Cloyster|Cloyster, M|100\/100\n|turn|10\n|\n|t:|1626365422\n|move|p1a: Cloyster|Shell Smash|p1a: Cloyster\n|-unboost|p1a: Cloyster|def|1\n|-unboost|p1a: Cloyster|spd|1\n|-boost|p1a: Cloyster|atk|2\n|-boost|p1a: Cloyster|spa|2\n|-boost|p1a: Cloyster|spe|2\n|move|p2a: Ferrothorn|Body Press|p1a: Cloyster\n|-supereffective|p1a: Cloyster\n|-damage|p1a: Cloyster|22\/100\n|\n|upkeep\n|turn|11\n|\n|t:|1626365426\n|move|p1a: Cloyster|Icicle Spear|p2a: Ferrothorn\n|-damage|p2a: Ferrothorn|2\/100\n|-damage|p2a: Ferrothorn|0 fnt\n|faint|p2a: Ferrothorn\n|-hitcount|p2: Ferrothorn|2\n|\n|upkeep\n|j| pokemonkorea co kr\n|\n|t:|1626365433\n|switch|p2a: Landorus|Landorus-Therian, M|100\/100\n|-damage|p2a: Landorus|88\/100|[from] Stealth Rock\n|-ability|p2a: Landorus|Intimidate|boost\n|-unboost|p1a: Cloyster|atk|1\n|turn|12\n|inactive|Specs KD has 120 seconds left.\n|inactive|Specs KD has 90 seconds left.\n|\n|t:|1626365496\n|move|p1a: Cloyster|Icicle Spear|p2a: Landorus\n|-supereffective|p2a: Landorus\n|-damage|p2a: Landorus|22\/100\n|-supereffective|p2a: Landorus\n|-damage|p2a: Landorus|0 fnt\n|faint|p2a: Landorus\n|-hitcount|p2: Landorus|2\n|\n|upkeep\n|\n|t:|1626365498\n|switch|p2a: Melmetal|Melmetal|100\/100\n|-damage|p2a: Melmetal|88\/100|[from] Spikes\n|-damage|p2a: Melmetal|82\/100|[from] Stealth Rock\n|turn|13\n|\n|t:|1626365508\n|move|p1a: Cloyster|Icicle Spear|p2a: Melmetal\n|-resisted|p2a: Melmetal\n|-damage|p2a: Melmetal|78\/100\n|-resisted|p2a: Melmetal\n|-damage|p2a: Melmetal|73\/100\n|-resisted|p2a: Melmetal\n|-damage|p2a: Melmetal|70\/100\n|-resisted|p2a: Melmetal\n|-damage|p2a: Melmetal|65\/100\n|-resisted|p2a: Melmetal\n|-damage|p2a: Melmetal|61\/100\n|-hitcount|p2a: Melmetal|5\n|cant|p2a: Melmetal|flinch\n|\n|upkeep\n|turn|14\n|\n|t:|1626365511\n|move|p1a: Cloyster|Icicle Spear|p2a: Melmetal\n|-resisted|p2a: Melmetal\n|-damage|p2a: Melmetal|57\/100\n|-resisted|p2a: Melmetal\n|-damage|p2a: Melmetal|53\/100\n|-resisted|p2a: Melmetal\n|-crit|p2a: Melmetal\n|-damage|p2a: Melmetal|46\/100\n|-resisted|p2a: Melmetal\n|-damage|p2a: Melmetal|42\/100\n|-resisted|p2a: Melmetal\n|-damage|p2a: Melmetal|37\/100\n|-hitcount|p2a: Melmetal|5\n|move|p2a: Melmetal|Thunder Punch|p1a: Cloyster\n|-supereffective|p1a: Cloyster\n|-damage|p1a: Cloyster|0 fnt\n|faint|p1a: Cloyster\n|\n|upkeep\n|\n|t:|1626365528\n|switch|p1a: Volcarona|Volcarona, F|100\/100\n|turn|15\n|\n|t:|1626365531\n|switch|p2a: Nihilego|Nihilego, shiny|100\/100\n|-damage|p2a: Nihilego|88\/100|[from] Spikes\n|-damage|p2a: Nihilego|76\/100|[from] Stealth Rock\n|move|p1a: Volcarona|Quiver Dance|p1a: Volcarona\n|-boost|p1a: Volcarona|spa|1\n|-boost|p1a: Volcarona|spd|1\n|-boost|p1a: Volcarona|spe|1\n|\n|upkeep\n|turn|16\n|\n|t:|1626365534\n|switch|p1a: Garchomp|Garchomp, M|100\/100\n|move|p2a: Nihilego|Meteor Beam||[still]\n|-prepare|p2a: Nihilego|Meteor Beam\n|-boost|p2a: Nihilego|spa|1\n|-enditem|p2a: Nihilego|Power Herb\n|-anim|p2a: Nihilego|Meteor Beam|p1a: Garchomp\n|-resisted|p1a: Garchomp\n|-damage|p1a: Garchomp|51\/100\n|\n|upkeep\n|turn|17\n|\n|t:|1626365544\n|move|p2a: Nihilego|Meteor Beam||[still]\n|-prepare|p2a: Nihilego|Meteor Beam\n|-boost|p2a: Nihilego|spa|1\n|move|p1a: Garchomp|Earthquake|p2a: Nihilego\n|-supereffective|p2a: Nihilego\n|-damage|p2a: Nihilego|0 fnt\n|faint|p2a: Nihilego\n|-damage|p1a: Garchomp|41\/100|[from] item: Life Orb\n|\n|upkeep\n|l| bgsddf\n|\n|t:|1626365564\n|switch|p2a: Latios|Latios, M|88\/100\n|-damage|p2a: Latios|76\/100|[from] Stealth Rock\n|turn|18\n|\n|t:|1626365567\n|move|p2a: Latios|Psyshock|p1a: Garchomp\n|-damage|p1a: Garchomp|0 fnt\n|faint|p1a: Garchomp\n|\n|upkeep\n|\n|t:|1626365571\n|switch|p1a: Volcarona|Volcarona, F|100\/100\n|turn|19\n|\n|t:|1626365573\n|move|p2a: Latios|Psyshock|p1a: Volcarona\n|-damage|p1a: Volcarona|3\/100\n|move|p1a: Volcarona|Quiver Dance|p1a: Volcarona\n|-boost|p1a: Volcarona|spa|1\n|-boost|p1a: Volcarona|spd|1\n|-boost|p1a: Volcarona|spe|1\n|\n|upkeep\n|turn|20\n|\n|t:|1626365580\n|move|p1a: Volcarona|Bug Buzz|p2a: Latios\n|-supereffective|p2a: Latios\n|-damage|p2a: Latios|0 fnt\n|faint|p2a: Latios\n|\n|upkeep\n|c|\u2606Specs KD|f\n|\n|t:|1626365587\n|switch|p2a: Tapu Koko|Tapu Koko|100\/100\n|-fieldstart|move: Electric Terrain|[from] ability: Electric Surge|[of] p2a: Tapu Koko\n|turn|21\n|c|\u2606LT82ZW Dasmer|please\n|c|\u2606LT82ZW Dasmer|please\n|inactive|Specs KD has 120 seconds left.\n|\n|t:|1626365622\n|move|p1a: Volcarona|Fire Blast|p2a: Tapu Koko\n|-damage|p2a: Tapu Koko|0 fnt\n|faint|p2a: Tapu Koko\n|\n|upkeep\n|c|\u2606Specs KD|f\n|inactive|Specs KD has 120 seconds left.\n|\n|t:|1626365629\n|switch|p2a: Melmetal|Melmetal|37\/100\n|-damage|p2a: Melmetal|25\/100|[from] Spikes\n|-damage|p2a: Melmetal|19\/100|[from] Stealth Rock\n|turn|22\n|c| pokemonkorea co kr|few\n|\n|t:|1626365632\n|move|p1a: Volcarona|Bug Buzz|p2a: Melmetal\n|-resisted|p2a: Melmetal\n|-damage|p2a: Melmetal|0 fnt\n|faint|p2a: Melmetal\n|\n|win|LT82ZW Dasmer\n|raw|LT82ZW Dasmer's rating: 1833 &rarr; <strong>1845<\/strong><br \/>(+12 for winning)\n|raw|Specs KD's rating: 1691 &rarr; <strong>1679<\/strong><br \/>(-12 for losing)\n|c|\u2606Specs KD|phew* hahahha gg\n","uploadtime":1626365639,"views":15,"p1id":"lt82zwdasmer","p2id":"specskd","formatid":"gen8ou","rating":1679,"private":0,"password":null}