{"id":"gen8ubers-1685776039","p1":"A_Gamer8414","p2":"rooopos","format":"gen8ubers","log":"|j|\u2606A_Gamer8414\n|j|\u2606rooopos\n|t:|1665769660\n|gametype|singles\n|player|p1|A_Gamer8414|chili|\n|player|p2|rooopos|102|\n|teamsize|p1|6\n|teamsize|p2|6\n|gen|8\n|tier|[Gen 8] Ubers\n|rule|Sleep Clause Mod: Limit one foe put to sleep\n|rule|Species Clause: Limit one of each Pok\u00e9mon\n|rule|OHKO Clause: OHKO moves are banned\n|rule|Evasion Items Clause: Evasion items are banned\n|rule|Evasion Moves Clause: Evasion moves are banned\n|rule|Endless Battle Clause: Forcing endless battles is banned\n|rule|HP Percentage Mod: HP is shown in percentages\n|rule|Dynamax Clause: You cannot dynamax\n|clearpoke\n|poke|p1|Torkoal, F|\n|poke|p1|Cinderace, F|\n|poke|p1|Volcarona, M|\n|poke|p1|Victini|\n|poke|p1|Volcanion|\n|poke|p1|Blacephalon|\n|poke|p2|Dragapult, F|\n|poke|p2|Zapdos|\n|poke|p2|Nihilego|\n|poke|p2|Ferrothorn, M|\n|poke|p2|Landorus-Therian, M|\n|poke|p2|Crawdaunt, F|\n|teampreview\n|\n|t:|1665769718\n|start\n|switch|p1a: Volcanion|Volcanion|100\/100\n|switch|p2a: Landorus|Landorus-Therian, M|100\/100\n|-ability|p2a: Landorus|Intimidate|boost\n|-unboost|p1a: Volcanion|atk|1\n|turn|1\n|\n|t:|1665769723\n|switch|p2a: Ferrothorn|Ferrothorn, M|100\/100\n|move|p1a: Volcanion|Steam Eruption|p2a: Ferrothorn\n|-resisted|p2a: Ferrothorn\n|-damage|p2a: Ferrothorn|73\/100\n|-status|p2a: Ferrothorn|brn\n|\n|-damage|p2a: Ferrothorn|67\/100 brn|[from] brn\n|upkeep\n|turn|2\n|\n|t:|1665769732\n|move|p1a: Volcanion|Flamethrower|p2a: Ferrothorn\n|-supereffective|p2a: Ferrothorn\n|-enditem|p2a: Ferrothorn|Occa Berry|[eat]\n|-enditem|p2a: Ferrothorn|Occa Berry|[weaken]\n|-damage|p2a: Ferrothorn|0 fnt\n|faint|p2a: Ferrothorn\n|\n|upkeep\n|\n|t:|1665769740\n|switch|p2a: Zapdos|Zapdos|100\/100\n|turn|3\n|\n|t:|1665769754\n|move|p2a: Zapdos|Volt Switch|p1a: Volcanion\n|-supereffective|p1a: Volcanion\n|-damage|p1a: Volcanion|33\/100\n|\n|t:|1665769759\n|switch|p2a: Dragapult|Dragapult, F|100\/100|[from]move: Volt Switch\n|move|p1a: Volcanion|Steam Eruption|p2a: Dragapult\n|-resisted|p2a: Dragapult\n|-damage|p2a: Dragapult|66\/100\n|\n|upkeep\n|turn|4\n|\n|t:|1665769767\n|switch|p1a: Volcarona|Volcarona, M|100\/100\n|move|p2a: Dragapult|Shadow Ball|p1a: Volcarona\n|-damage|p1a: Volcarona|46\/100\n|\n|upkeep\n|turn|5\n|\n|t:|1665769776\n|move|p2a: Dragapult|Shadow Ball|p1a: Volcarona\n|-crit|p1a: Volcarona\n|-damage|p1a: Volcarona|0 fnt\n|faint|p1a: Volcarona\n|\n|upkeep\n|\n|t:|1665769788\n|switch|p1a: Cinderace|Cinderace, F|100\/100\n|turn|6\n|\n|t:|1665769793\n|switch|p2a: Zapdos|Zapdos|100\/100\n|move|p1a: Cinderace|Sucker Punch||[still]\n|-fail|p1a: Cinderace\n|\n|upkeep\n|turn|7\n|\n|t:|1665769799\n|move|p1a: Cinderace|Pyro Ball|p2a: Zapdos\n|-damage|p2a: Zapdos|54\/100\n|move|p2a: Zapdos|Thunderbolt|p1a: Cinderace\n|-damage|p1a: Cinderace|47\/100\n|\n|upkeep\n|turn|8\n|\n|t:|1665769808\n|move|p1a: Cinderace|Pyro Ball|p2a: Zapdos\n|-damage|p2a: Zapdos|12\/100\n|move|p2a: Zapdos|Thunderbolt|p1a: Cinderace\n|-damage|p1a: Cinderace|0 fnt\n|faint|p1a: Cinderace\n|\n|upkeep\n|\n|t:|1665769822\n|switch|p1a: Victini|Victini|100\/100\n|turn|9\n|\n|t:|1665769826\n|move|p1a: Victini|V-create|p2a: Zapdos\n|-damage|p2a: Zapdos|0 fnt\n|-unboost|p1a: Victini|spe|1\n|-unboost|p1a: Victini|def|1\n|-unboost|p1a: Victini|spd|1\n|-status|p1a: Victini|par|[from] ability: Static|[of] p2a: Zapdos\n|faint|p2a: Zapdos\n|\n|upkeep\n|c|\u2606A_Gamer8414|figures\n|\n|t:|1665769835\n|switch|p2a: Crawdaunt|Crawdaunt, F|100\/100\n|turn|10\n|\n|t:|1665769841\n|switch|p1a: Torkoal|Torkoal, F|100\/100\n|-weather|SunnyDay|[from] ability: Drought|[of] p1a: Torkoal\n|move|p2a: Crawdaunt|Knock Off|p1a: Torkoal\n|-damage|p1a: Torkoal|43\/100\n|-enditem|p1a: Torkoal|Heat Rock|[from] move: Knock Off|[of] p2a: Crawdaunt\n|\n|-weather|SunnyDay|[upkeep]\n|upkeep\n|turn|11\n|\n|t:|1665769853\n|move|p2a: Crawdaunt|Knock Off|p1a: Torkoal\n|-damage|p1a: Torkoal|1\/100\n|move|p1a: Torkoal|Body Press|p2a: Crawdaunt\n|-supereffective|p2a: Crawdaunt\n|-damage|p2a: Crawdaunt|3\/100\n|\n|-weather|SunnyDay|[upkeep]\n|upkeep\n|turn|12\n|\n|t:|1665769861\n|move|p2a: Crawdaunt|Knock Off|p1a: Torkoal\n|-damage|p1a: Torkoal|0 fnt\n|faint|p1a: Torkoal\n|\n|-weather|SunnyDay|[upkeep]\n|upkeep\n|j| Snapteryx\n|\n|t:|1665769870\n|switch|p1a: Blacephalon|Blacephalon|100\/100\n|turn|13\n|c| Snapteryx|It's time for another episode of spot the switch in\n|\n|t:|1665769928\n|move|p1a: Blacephalon|Shadow Ball|p2a: Crawdaunt\n|-resisted|p2a: Crawdaunt\n|-damage|p2a: Crawdaunt|0 fnt\n|faint|p2a: Crawdaunt\n|-ability|p1a: Blacephalon|Beast Boost|boost\n|-boost|p1a: Blacephalon|spa|1\n|\n|-weather|SunnyDay|[upkeep]\n|upkeep\n|\n|t:|1665769935\n|switch|p2a: Landorus|Landorus-Therian, M|100\/100\n|-ability|p2a: Landorus|Intimidate|boost\n|-unboost|p1a: Blacephalon|atk|1\n|turn|14\n|\n|t:|1665769938\n|move|p1a: Blacephalon|Shadow Ball|p2a: Landorus\n|-damage|p2a: Landorus|67\/100\n|move|p2a: Landorus|Earthquake|p1a: Blacephalon\n|-supereffective|p1a: Blacephalon\n|-damage|p1a: Blacephalon|0 fnt\n|faint|p1a: Blacephalon\n|\n|-weather|SunnyDay|[upkeep]\n|upkeep\n|c| Snapteryx|Nvm spdef lando cringe\n|c|\u2606rooopos|lando goat tho\n|c|\u2606A_Gamer8414|spedef av lando\n|c|\u2606A_Gamer8414|is my guess\n|\n|t:|1665769991\n|switch|p1a: Victini|Victini|100\/100 par\n|turn|15\n|c| Snapteryx|Lando and goat is literally too cursed to be in the same sentence\n|\n|t:|1665769997\n|move|p1a: Victini|V-create|p2a: Landorus\n|-damage|p2a: Landorus|0 fnt\n|-unboost|p1a: Victini|spe|1\n|-unboost|p1a: Victini|def|1\n|-unboost|p1a: Victini|spd|1\n|faint|p2a: Landorus\n|\n|-weather|SunnyDay|[upkeep]\n|upkeep\n|\n|t:|1665770001\n|switch|p2a: Nihilego|Nihilego|100\/100\n|turn|16\n|c|\u2606A_Gamer8414|which is very cringe\n|\n|t:|1665770005\n|move|p2a: Nihilego|Meteor Beam||[still]\n|-prepare|p2a: Nihilego|Meteor Beam\n|-boost|p2a: Nihilego|spa|1\n|-enditem|p2a: Nihilego|Power Herb\n|-anim|p2a: Nihilego|Meteor Beam|p1a: Victini\n|-supereffective|p1a: Victini\n|-damage|p1a: Victini|0 fnt\n|faint|p1a: Victini\n|-ability|p2a: Nihilego|Beast Boost|boost\n|-boost|p2a: Nihilego|spe|1\n|\n|-weather|SunnyDay|[upkeep]\n|upkeep\n|\n|t:|1665770007\n|switch|p1a: Volcanion|Volcanion|33\/100\n|turn|17\n|\n|t:|1665770012\n|move|p2a: Nihilego|Power Gem|p1a: Volcanion\n|-supereffective|p1a: Volcanion\n|-damage|p1a: Volcanion|0 fnt\n|faint|p1a: Volcanion\n|\n|win|rooopos\n|c|\u2606rooopos|gg\n","uploadtime":1665770020,"views":7,"p1id":"agamer8414","p2id":"rooopos","formatid":"gen8ubers","rating":0,"private":0,"password":null}