{"id":"gen8ou-1115464501","p1":"HOF69","p2":"TryHonesty","format":"gen8ou","log":"|j|\u2606HOF69\n|j|\u2606TryHonesty\n|player|p1|HOF69|red|1769\n|player|p2|TryHonesty|266|1714\n|teamsize|p1|6\n|teamsize|p2|6\n|gametype|singles\n|gen|8\n|tier|[Gen 8] OU\n|rated|\n|clearpoke\n|poke|p1|Excadrill, M|\n|poke|p1|Zeraora|\n|poke|p1|Bisharp, M|\n|poke|p1|Keldeo-Resolute|\n|poke|p1|Cloyster, M|\n|poke|p1|Togekiss, M|\n|poke|p2|Aegislash, M|\n|poke|p2|Dragapult, F|\n|poke|p2|Conkeldurr, F|\n|poke|p2|Bisharp, M|\n|poke|p2|Ferrothorn, F|\n|poke|p2|Excadrill, F|\n|rule|Sleep Clause Mod: Limit one foe put to sleep\n|rule|Species Clause: Limit one of each Pok\u00e9mon\n|rule|OHKO Clause: OHKO moves are banned\n|rule|Evasion Moves Clause: Evasion moves are banned\n|rule|Endless Battle Clause: Forcing endless battles is banned\n|rule|HP Percentage Mod: HP is shown in percentages\n|rule|Dynamax Clause: You cannot dynamax\n|teampreview\n|\n|start\n|switch|p1a: Togekiss|Togekiss, M|100\/100\n|switch|p2a: Ferrothorn|Ferrothorn, F|100\/100\n|turn|1\n|j| ViewtifulYosh\n|\n|move|p1a: Togekiss|Flamethrower|p2a: Ferrothorn\n|-supereffective|p2a: Ferrothorn\n|-damage|p2a: Ferrothorn|5\/100\n|move|p2a: Ferrothorn|Stealth Rock|p1a: Togekiss\n|-sidestart|p1: HOF69|move: Stealth Rock\n|\n|upkeep\n|turn|2\n|\n|switch|p2a: Dragapult|Dragapult, F|100\/100\n|move|p1a: Togekiss|Flamethrower|p2a: Dragapult\n|-resisted|p2a: Dragapult\n|-damage|p2a: Dragapult|79\/100\n|\n|upkeep\n|turn|3\n|\n|move|p2a: Dragapult|Dragon Dance|p2a: Dragapult\n|-boost|p2a: Dragapult|atk|1\n|-boost|p2a: Dragapult|spe|1\n|move|p1a: Togekiss|Dazzling Gleam|p2a: Dragapult\n|-supereffective|p2a: Dragapult\n|-damage|p2a: Dragapult|0 fnt\n|faint|p2a: Dragapult\n|\n|upkeep\n|\n|switch|p2a: Excadrill|Excadrill, F|100\/100\n|-ability|p2a: Excadrill|Mold Breaker\n|turn|4\n|j| phys2000\n|\n|switch|p1a: Keldeo|Keldeo-Resolute|100\/100\n|-damage|p1a: Keldeo|94\/100|[from] Stealth Rock\n|move|p2a: Excadrill|Earthquake|p1a: Keldeo\n|-damage|p1a: Keldeo|28\/100\n|\n|upkeep\n|turn|5\n|\n|move|p1a: Keldeo|Scald|p2a: Excadrill\n|-supereffective|p2a: Excadrill\n|-damage|p2a: Excadrill|0 fnt\n|faint|p2a: Excadrill\n|\n|upkeep\n|\n|switch|p2a: Conkeldurr|Conkeldurr, F|100\/100\n|turn|6\n|\n|move|p1a: Keldeo|Scald|p2a: Conkeldurr\n|-damage|p2a: Conkeldurr|56\/100\n|move|p2a: Conkeldurr|Poison Jab|p1a: Keldeo\n|-damage|p1a: Keldeo|0 fnt\n|faint|p1a: Keldeo\n|\n|-status|p2a: Conkeldurr|brn|[from] item: Flame Orb\n|upkeep\n|\n|switch|p1a: Togekiss|Togekiss, M|100\/100\n|turn|7\n|\n|switch|p2a: Bisharp|Bisharp, M|100\/100\n|move|p1a: Togekiss|Dazzling Gleam|p2a: Bisharp\n|-damage|p2a: Bisharp|40\/100\n|\n|upkeep\n|turn|8\n|\n|move|p1a: Togekiss|Dazzling Gleam|p2a: Bisharp\n|-damage|p2a: Bisharp|0 fnt\n|faint|p2a: Bisharp\n|\n|upkeep\n|\n|switch|p2a: Aegislash|Aegislash, M|100\/100\n|turn|9\n|\n|switch|p1a: Excadrill|Excadrill, M|100\/100\n|-damage|p1a: Excadrill|97\/100|[from] Stealth Rock\n|-ability|p1a: Excadrill|Mold Breaker\n|-formechange|p2a: Aegislash|Aegislash-Blade||[from] ability: Stance Change\n|move|p2a: Aegislash|Flash Cannon|p1a: Excadrill\n|-resisted|p1a: Excadrill\n|-damage|p1a: Excadrill|48\/100\n|\n|upkeep\n|turn|10\n|\n|switch|p2a: Ferrothorn|Ferrothorn, F|5\/100\n|move|p1a: Excadrill|Earthquake|p2a: Ferrothorn\n|-damage|p2a: Ferrothorn|0 fnt\n|faint|p2a: Ferrothorn\n|\n|upkeep\n|\n|switch|p2a: Conkeldurr|Conkeldurr, F|56\/100 brn\n|turn|11\n|\n|move|p2a: Conkeldurr|Mach Punch|p1a: Excadrill\n|-supereffective|p1a: Excadrill\n|-damage|p1a: Excadrill|0 fnt\n|faint|p1a: Excadrill\n|\n|-damage|p2a: Conkeldurr|50\/100 brn|[from] brn\n|upkeep\n|\n|switch|p1a: Togekiss|Togekiss, M|100\/100\n|turn|12\n|\n|move|p1a: Togekiss|Dazzling Gleam|p2a: Conkeldurr\n|-supereffective|p2a: Conkeldurr\n|-damage|p2a: Conkeldurr|0 fnt\n|faint|p2a: Conkeldurr\n|\n|upkeep\n|c|\u2606HOF69|gg\n|l|\u2606TryHonesty\n|player|p2|\n|inactive|Battle timer is ON: inactive players will automatically lose when time's up. (requested by HOF69)\n|inactive|TryHonesty has 30 seconds to reconnect!\n|inactive|TryHonesty has 20 seconds to reconnect!\n|inactive|TryHonesty has 15 seconds to reconnect!\n|inactive|TryHonesty has 10 seconds to reconnect!\n|inactive|TryHonesty has 5 seconds to reconnect!\n|-message|TryHonesty lost due to inactivity.\n|\n|win|HOF69\n|c| ViewtifulYosh|That wasnt honest\n|raw|HOF69's rating: 1754 &rarr; <strong>1772<\/strong><br \/>(+18 for winning)\n|raw|TryHonesty's rating: 1714 &rarr; <strong>1697<\/strong><br \/>(-17 for losing)\n|l| ViewtifulYosh\n|c|\u2606HOF69|lol\n|c|\u2606HOF69|indeed\n|l|\u2606HOF69\n","uploadtime":1589594032,"views":26,"p1id":"hof69","p2id":"tryhonesty","formatid":"gen8ou","rating":1697,"private":0,"password":null}