{"id":"gen8nationaldex-1695126856","p1":"MaNoHAR&7","p2":"Kikoobuster","format":"gen8nationaldex","log":"|j|\u2606MaNoHAR&7\n|j|\u2606Kikoobuster\n|t:|1666769942\n|gametype|singles\n|player|p1|MaNoHAR&7|red|1441\n|player|p2|Kikoobuster|1|1532\n|teamsize|p1|6\n|teamsize|p2|6\n|gen|8\n|tier|[Gen 8] National Dex\n|rated|\n|rule|HP Percentage Mod: HP is shown in percentages\n|rule|Endless Battle Clause: Forcing endless battles is banned\n|rule|OHKO Clause: OHKO moves are banned\n|rule|Evasion Moves Clause: Evasion moves are banned\n|rule|Species Clause: Limit one of each Pok\u00e9mon\n|rule|Dynamax Clause: You cannot dynamax\n|rule|Sleep Clause Mod: Limit one foe put to sleep\n|clearpoke\n|poke|p1|Medicham, M|\n|poke|p1|Rotom-Wash|\n|poke|p1|Greninja, M|\n|poke|p1|Ferrothorn, F|\n|poke|p1|Volcarona, F|\n|poke|p1|Landorus-Therian, M|\n|poke|p2|Sandaconda, F|\n|poke|p2|Excadrill, M|\n|poke|p2|Lycanroc, F|\n|poke|p2|Breloom, M|\n|poke|p2|Pinsir, F|\n|poke|p2|Tyranitar, F|\n|teampreview\n|inactive|Battle timer is ON: inactive players will automatically lose when time's up. (requested by MaNoHAR&7)\n|\n|t:|1666769954\n|start\n|switch|p1a: Ferrothorn|Ferrothorn, F|100\/100\n|switch|p2a: Sandaconda|Sandaconda, F|100\/100\n|turn|1\n|\n|t:|1666769957\n|move|p2a: Sandaconda|Glare|p1a: Ferrothorn\n|-status|p1a: Ferrothorn|par\n|move|p1a: Ferrothorn|Stealth Rock|p2a: Sandaconda\n|-sidestart|p2: Kikoobuster|move: Stealth Rock\n|\n|upkeep\n|turn|2\n|\n|t:|1666769964\n|move|p2a: Sandaconda|Stealth Rock|p1a: Ferrothorn\n|-sidestart|p1: MaNoHAR&7|move: Stealth Rock\n|cant|p1a: Ferrothorn|par\n|\n|upkeep\n|turn|3\n|\n|t:|1666769973\n|switch|p2a: Breloom|Breloom, M|100\/100\n|-damage|p2a: Breloom|94\/100|[from] Stealth Rock\n|move|p1a: Ferrothorn|Leech Seed|p2a: Breloom\n|-immune|p2a: Breloom\n|\n|-status|p2a: Breloom|tox|[from] item: Toxic Orb\n|upkeep\n|turn|4\n|\n|t:|1666769978\n|switch|p1a: Landorus|Landorus-Therian, M|100\/100\n|-damage|p1a: Landorus|88\/100|[from] Stealth Rock\n|-ability|p1a: Landorus|Intimidate|boost\n|-unboost|p2a: Breloom|atk|1\n|move|p2a: Breloom|Substitute|p2a: Breloom\n|-start|p2a: Breloom|Substitute\n|-damage|p2a: Breloom|69\/100 tox\n|\n|-heal|p2a: Breloom|82\/100 tox|[from] ability: Poison Heal\n|upkeep\n|turn|5\n|\n|t:|1666769987\n|move|p1a: Landorus|Defog|p2a: Breloom\n|-sideend|p2: Kikoobuster|Stealth Rock|[from] move: Defog|[of] p1a: Landorus\n|-sideend|p1: MaNoHAR&7|Stealth Rock|[from] move: Defog|[of] p1a: Landorus\n|move|p2a: Breloom|Spore|p1a: Landorus\n|-status|p1a: Landorus|slp|[from] move: Spore\n|\n|-heal|p2a: Breloom|94\/100 tox|[from] ability: Poison Heal\n|upkeep\n|turn|6\n|\n|t:|1666769995\n|switch|p1a: Volcarona|Volcarona, F|100\/100\n|move|p2a: Breloom|Leech Seed|p1a: Volcarona\n|-start|p1a: Volcarona|move: Leech Seed\n|\n|-damage|p1a: Volcarona|88\/100|[from] Leech Seed|[of] p2a: Breloom\n|-heal|p2a: Breloom|100\/100 tox|[silent]\n|upkeep\n|turn|7\n|\n|t:|1666770003\n|switch|p2a: Tyranitar|Tyranitar, F|100\/100\n|-weather|Sandstorm|[from] ability: Sand Stream|[of] p2a: Tyranitar\n|move|p1a: Volcarona|Flamethrower|p2a: Tyranitar\n|-resisted|p2a: Tyranitar\n|-crit|p2a: Tyranitar\n|-damage|p2a: Tyranitar|89\/100\n|\n|-weather|Sandstorm|[upkeep]\n|-damage|p1a: Volcarona|82\/100|[from] Sandstorm\n|-damage|p1a: Volcarona|70\/100|[from] Leech Seed|[of] p2a: Tyranitar\n|-heal|p2a: Tyranitar|99\/100|[silent]\n|upkeep\n|turn|8\n|\n|t:|1666770007\n|-activate|p1a: Volcarona|move: Pursuit\n|move|p2a: Tyranitar|Pursuit|p1a: Volcarona|[from]Pursuit\n|-damage|p1a: Volcarona|8\/100\n|-status|p2a: Tyranitar|brn|[from] ability: Flame Body|[of] p1a: Volcarona\n|switch|p1a: Landorus|Landorus-Therian, M|88\/100 slp\n|-ability|p1a: Landorus|Intimidate|boost\n|-unboost|p2a: Tyranitar|atk|1\n|\n|-weather|Sandstorm|[upkeep]\n|-damage|p2a: Tyranitar|93\/100 brn|[from] brn\n|upkeep\n|turn|9\n|\n|t:|1666770015\n|switch|p2a: Breloom|Breloom, M|100\/100 tox\n|cant|p1a: Landorus|slp\n|\n|-weather|Sandstorm|[upkeep]\n|-damage|p2a: Breloom|94\/100 tox|[from] Sandstorm\n|-heal|p2a: Breloom|100\/100 tox|[from] ability: Poison Heal\n|upkeep\n|turn|10\n|\n|t:|1666770023\n|-curestatus|p1a: Landorus|slp|[msg]\n|move|p1a: Landorus|U-turn|p2a: Breloom\n|-damage|p2a: Breloom|70\/100 tox\n|\n|t:|1666770031\n|switch|p1a: Ferrothorn|Ferrothorn, F|100\/100 par|[from]move: U-turn\n|move|p2a: Breloom|Substitute|p2a: Breloom\n|-start|p2a: Breloom|Substitute\n|-damage|p2a: Breloom|45\/100 tox\n|\n|-weather|Sandstorm|[upkeep]\n|-damage|p2a: Breloom|39\/100 tox|[from] Sandstorm\n|-heal|p2a: Breloom|52\/100 tox|[from] ability: Poison Heal\n|upkeep\n|turn|11\n|\n|t:|1666770035\n|-singleturn|p2a: Breloom|move: Focus Punch\n|move|p1a: Ferrothorn|Body Press|p2a: Breloom\n|-end|p2a: Breloom|Substitute\n|move|p2a: Breloom|Focus Punch|p1a: Ferrothorn\n|-supereffective|p1a: Ferrothorn\n|-damage|p1a: Ferrothorn|7\/100 par\n|-damage|p2a: Breloom|39\/100 tox|[from] ability: Iron Barbs|[of] p1a: Ferrothorn\n|\n|-weather|none\n|-heal|p1a: Ferrothorn|13\/100 par|[from] item: Leftovers\n|-heal|p2a: Breloom|52\/100 tox|[from] ability: Poison Heal\n|upkeep\n|turn|12\n|\n|t:|1666770045\n|switch|p1a: Landorus|Landorus-Therian, M|88\/100\n|-ability|p1a: Landorus|Intimidate|boost\n|-unboost|p2a: Breloom|atk|1\n|move|p2a: Breloom|Substitute|p2a: Breloom\n|-start|p2a: Breloom|Substitute\n|-damage|p2a: Breloom|27\/100 tox\n|\n|-heal|p2a: Breloom|39\/100 tox|[from] ability: Poison Heal\n|upkeep\n|turn|13\n|\n|t:|1666770052\n|move|p1a: Landorus|U-turn|p2a: Breloom\n|-end|p2a: Breloom|Substitute\n|\n|t:|1666770054\n|switch|p1a: Ferrothorn|Ferrothorn, F|13\/100 par|[from]move: U-turn\n|move|p2a: Breloom|Leech Seed|p1a: Ferrothorn\n|-immune|p1a: Ferrothorn\n|\n|-heal|p1a: Ferrothorn|19\/100 par|[from] item: Leftovers\n|-heal|p2a: Breloom|52\/100 tox|[from] ability: Poison Heal\n|upkeep\n|turn|14\n|\n|t:|1666770062\n|move|p2a: Breloom|Substitute|p2a: Breloom\n|-start|p2a: Breloom|Substitute\n|-damage|p2a: Breloom|27\/100 tox\n|cant|p1a: Ferrothorn|par\n|\n|-heal|p1a: Ferrothorn|25\/100 par|[from] item: Leftovers\n|-heal|p2a: Breloom|39\/100 tox|[from] ability: Poison Heal\n|upkeep\n|turn|15\n|\n|t:|1666770065\n|-singleturn|p2a: Breloom|move: Focus Punch\n|move|p1a: Ferrothorn|Body Press|p2a: Breloom\n|-end|p2a: Breloom|Substitute\n|move|p2a: Breloom|Focus Punch|p1a: Ferrothorn\n|-supereffective|p1a: Ferrothorn\n|-damage|p1a: Ferrothorn|0 fnt\n|-damage|p2a: Breloom|27\/100 tox|[from] ability: Iron Barbs|[of] p1a: Ferrothorn\n|faint|p1a: Ferrothorn\n|\n|-heal|p2a: Breloom|39\/100 tox|[from] ability: Poison Heal\n|upkeep\n|\n|t:|1666770076\n|switch|p1a: Medicham|Medicham, M|100\/100\n|turn|16\n|\n|t:|1666770080\n|switch|p2a: Sandaconda|Sandaconda, F|100\/100\n|detailschange|p1a: Medicham|Medicham-Mega, M\n|-mega|p1a: Medicham|Medicham|Medichamite\n|move|p1a: Medicham|Fake Out|p2a: Sandaconda\n|-damage|p2a: Sandaconda|87\/100\n|-weather|Sandstorm|[from] ability: Sand Spit|[of] p2a: Sandaconda\n|\n|-weather|Sandstorm|[upkeep]\n|-damage|p1a: Medicham|94\/100|[from] Sandstorm\n|upkeep\n|turn|17\n|\n|t:|1666770087\n|switch|p1a: Rotom|Rotom-Wash|100\/100\n|move|p2a: Sandaconda|Glare|p1a: Rotom\n|-immune|p1a: Rotom\n|\n|-weather|Sandstorm|[upkeep]\n|-damage|p1a: Rotom|94\/100|[from] Sandstorm\n|-heal|p1a: Rotom|100\/100|[from] item: Leftovers\n|upkeep\n|turn|18\n|\n|t:|1666770096\n|switch|p2a: Tyranitar|Tyranitar, F|93\/100 brn\n|move|p1a: Rotom|Hydro Pump|p2a: Tyranitar\n|-supereffective|p2a: Tyranitar\n|-damage|p2a: Tyranitar|73\/100 brn\n|\n|-weather|Sandstorm|[upkeep]\n|-damage|p1a: Rotom|94\/100|[from] Sandstorm\n|-heal|p1a: Rotom|100\/100|[from] item: Leftovers\n|-damage|p2a: Tyranitar|67\/100 brn|[from] brn\n|upkeep\n|turn|19\n|\n|t:|1666770100\n|move|p1a: Rotom|Volt Switch|p2a: Tyranitar\n|-damage|p2a: Tyranitar|60\/100 brn\n|\n|t:|1666770103\n|switch|p1a: Landorus|Landorus-Therian, M|88\/100|[from]move: Volt Switch\n|-ability|p1a: Landorus|Intimidate|boost\n|-unboost|p2a: Tyranitar|atk|1\n|move|p2a: Tyranitar|Crunch|p1a: Landorus\n|-damage|p1a: Landorus|79\/100\n|-damage|p2a: Tyranitar|43\/100 brn|[from] item: Rocky Helmet|[of] p1a: Landorus\n|\n|-weather|Sandstorm|[upkeep]\n|-damage|p2a: Tyranitar|37\/100 brn|[from] brn\n|upkeep\n|turn|20\n|\n|t:|1666770114\n|switch|p2a: Breloom|Breloom, M|39\/100 tox\n|move|p1a: Landorus|Knock Off|p2a: Breloom\n|-resisted|p2a: Breloom\n|-damage|p2a: Breloom|20\/100 tox\n|-enditem|p2a: Breloom|Toxic Orb|[from] move: Knock Off|[of] p1a: Landorus\n|\n|-weather|none\n|-heal|p2a: Breloom|32\/100 tox|[from] ability: Poison Heal\n|upkeep\n|turn|21\n|\n|t:|1666770123\n|move|p1a: Landorus|U-turn|p2a: Breloom\n|-damage|p2a: Breloom|2\/100 tox\n|\n|t:|1666770128\n|switch|p1a: Volcarona|Volcarona, F|8\/100|[from]move: U-turn\n|move|p2a: Breloom|Spore|p1a: Volcarona\n|-status|p1a: Volcarona|slp|[from] move: Spore\n|\n|-heal|p2a: Breloom|15\/100 tox|[from] ability: Poison Heal\n|upkeep\n|turn|22\n|\n|t:|1666770139\n|switch|p1a: Landorus|Landorus-Therian, M|79\/100\n|-ability|p1a: Landorus|Intimidate|boost\n|-unboost|p2a: Breloom|atk|1\n|move|p2a: Breloom|Leech Seed|p1a: Landorus\n|-start|p1a: Landorus|move: Leech Seed\n|\n|-damage|p1a: Landorus|67\/100|[from] Leech Seed|[of] p2a: Breloom\n|-heal|p2a: Breloom|29\/100 tox|[silent]\n|-heal|p2a: Breloom|42\/100 tox|[from] ability: Poison Heal\n|upkeep\n|turn|23\n|\n|t:|1666770146\n|move|p1a: Landorus|U-turn|p2a: Breloom\n|-damage|p2a: Breloom|11\/100 tox\n|\n|t:|1666770149\n|switch|p1a: Volcarona|Volcarona, F|8\/100 slp|[from]move: U-turn\n|move|p2a: Breloom|Leech Seed|p1a: Volcarona|[miss]\n|-miss|p2a: Breloom|p1a: Volcarona\n|\n|-heal|p2a: Breloom|24\/100 tox|[from] ability: Poison Heal\n|upkeep\n|turn|24\n|\n|t:|1666770155\n|cant|p1a: Volcarona|slp\n|move|p2a: Breloom|Leech Seed|p1a: Volcarona\n|-start|p1a: Volcarona|move: Leech Seed\n|\n|-damage|p1a: Volcarona|0 fnt|[from] Leech Seed|[of] p2a: Breloom\n|-heal|p2a: Breloom|31\/100 tox|[silent]\n|faint|p1a: Volcarona\n|-heal|p2a: Breloom|44\/100 tox|[from] ability: Poison Heal\n|upkeep\n|\n|t:|1666770160\n|switch|p1a: Landorus|Landorus-Therian, M|67\/100\n|-ability|p1a: Landorus|Intimidate|boost\n|-unboost|p2a: Breloom|atk|1\n|turn|25\n|\n|t:|1666770168\n|move|p1a: Landorus|Earthquake|p2a: Breloom\n|-resisted|p2a: Breloom\n|-damage|p2a: Breloom|15\/100 tox\n|move|p2a: Breloom|Spore|p1a: Landorus\n|-status|p1a: Landorus|slp|[from] move: Spore\n|\n|-heal|p2a: Breloom|27\/100 tox|[from] ability: Poison Heal\n|upkeep\n|turn|26\n|\n|t:|1666770175\n|cant|p1a: Landorus|slp\n|move|p2a: Breloom|Substitute|p2a: Breloom\n|-start|p2a: Breloom|Substitute\n|-damage|p2a: Breloom|2\/100 tox\n|\n|-heal|p2a: Breloom|15\/100 tox|[from] ability: Poison Heal\n|upkeep\n|turn|27\n|\n|t:|1666770178\n|cant|p1a: Landorus|slp\n|move|p2a: Breloom|Leech Seed|p1a: Landorus\n|-start|p1a: Landorus|move: Leech Seed\n|\n|-damage|p1a: Landorus|55\/100 slp|[from] Leech Seed|[of] p2a: Breloom\n|-heal|p2a: Breloom|30\/100 tox|[silent]\n|-heal|p2a: Breloom|42\/100 tox|[from] ability: Poison Heal\n|upkeep\n|turn|28\n|\n|t:|1666770183\n|cant|p1a: Landorus|slp\n|move|p2a: Breloom|Spore|p1a: Landorus\n|-fail|p1a: Landorus|slp\n|\n|-damage|p1a: Landorus|42\/100 slp|[from] Leech Seed|[of] p2a: Breloom\n|-heal|p2a: Breloom|57\/100 tox|[silent]\n|-heal|p2a: Breloom|69\/100 tox|[from] ability: Poison Heal\n|upkeep\n|turn|29\n|\n|t:|1666770185\n|-curestatus|p1a: Landorus|slp|[msg]\n|move|p1a: Landorus|U-turn|p2a: Breloom\n|-end|p2a: Breloom|Substitute\n|\n|t:|1666770199\n|switch|p1a: Rotom|Rotom-Wash|100\/100|[from]move: U-turn\n|move|p2a: Breloom|Spore|p1a: Rotom\n|-status|p1a: Rotom|slp|[from] move: Spore\n|\n|-heal|p2a: Breloom|82\/100 tox|[from] ability: Poison Heal\n|upkeep\n|turn|30\n|\n|t:|1666770204\n|cant|p1a: Rotom|slp\n|move|p2a: Breloom|Substitute|p2a: Breloom\n|-start|p2a: Breloom|Substitute\n|-damage|p2a: Breloom|57\/100 tox\n|\n|-heal|p2a: Breloom|69\/100 tox|[from] ability: Poison Heal\n|upkeep\n|turn|31\n|\n|t:|1666770209\n|-curestatus|p1a: Rotom|slp|[msg]\n|move|p1a: Rotom|Volt Switch|p2a: Breloom\n|-resisted|p2a: Breloom\n|-activate|p2a: Breloom|move: Substitute|[damage]\n|\n|t:|1666770215\n|switch|p1a: Landorus|Landorus-Therian, M|42\/100|[from]move: Volt Switch\n|-ability|p1a: Landorus|Intimidate|boost\n|-immune|p2a: Breloom\n|move|p2a: Breloom|Leech Seed|p1a: Landorus\n|-start|p1a: Landorus|move: Leech Seed\n|\n|-damage|p1a: Landorus|30\/100|[from] Leech Seed|[of] p2a: Breloom\n|-heal|p2a: Breloom|84\/100 tox|[silent]\n|-heal|p2a: Breloom|96\/100 tox|[from] ability: Poison Heal\n|upkeep\n|turn|32\n|\n|t:|1666770221\n|move|p1a: Landorus|Earthquake|p2a: Breloom\n|-resisted|p2a: Breloom\n|-end|p2a: Breloom|Substitute\n|move|p2a: Breloom|Spore|p1a: Landorus\n|-status|p1a: Landorus|slp|[from] move: Spore\n|\n|-damage|p1a: Landorus|18\/100 slp|[from] Leech Seed|[of] p2a: Breloom\n|-heal|p2a: Breloom|100\/100 tox|[silent]\n|upkeep\n|turn|33\n|\n|t:|1666770227\n|cant|p1a: Landorus|slp\n|move|p2a: Breloom|Substitute|p2a: Breloom\n|-start|p2a: Breloom|Substitute\n|-damage|p2a: Breloom|75\/100 tox\n|\n|-damage|p1a: Landorus|5\/100 slp|[from] Leech Seed|[of] p2a: Breloom\n|-heal|p2a: Breloom|90\/100 tox|[silent]\n|-heal|p2a: Breloom|100\/100 tox|[from] ability: Poison Heal\n|upkeep\n|turn|34\n|\n|t:|1666770231\n|cant|p1a: Landorus|slp\n|move|p2a: Breloom|Substitute|p2a: Breloom\n|-fail|p2a: Breloom|move: Substitute\n|\n|-damage|p1a: Landorus|0 fnt|[from] Leech Seed|[of] p2a: Breloom\n|faint|p1a: Landorus\n|upkeep\n|\n|t:|1666770235\n|switch|p1a: Medicham|Medicham-Mega, M|94\/100\n|turn|35\n|\n|t:|1666770241\n|move|p1a: Medicham|Fake Out|p2a: Breloom\n|-end|p2a: Breloom|Substitute\n|move|p2a: Breloom|Spore|p1a: Medicham\n|-status|p1a: Medicham|slp|[from] move: Spore\n|\n|upkeep\n|turn|36\n|-message|MaNoHAR&7 forfeited.\n|\n|win|Kikoobuster\n|raw|MaNoHAR&amp;7's rating: 1441 &rarr; <strong>1426<\/strong><br \/>(-15 for losing)\n|raw|Kikoobuster's rating: 1532 &rarr; <strong>1547<\/strong><br \/>(+15 for winning)\n|l|\u2606MaNoHAR&7\n","uploadtime":1666770261,"views":10,"p1id":"manohar7","p2id":"kikoobuster","formatid":"gen8nationaldex","rating":1426,"private":0,"password":null}