{"id":"gen8nationaldex-1391986044","p1":"NDLT2XLT Baro","p2":"Benjamin Gilbert","format":"gen8nationaldex","log":"|raw|<div class=\"broadcast-blue\"><strong>This battle is required to be public due to a player having a name starting with 'ndlt2xlt'.<\/div>\n|j|\u2606NDLT2XLT Baro\n|j|\u2606Benjamin Gilbert\n|t:|1628343612\n|gametype|singles\n|player|p1|NDLT2XLT Baro|grimsley|1678\n|player|p2|Benjamin Gilbert|169|1578\n|teamsize|p1|6\n|teamsize|p2|6\n|gen|8\n|tier|[Gen 8] National Dex\n|rated|\n|rule|HP Percentage Mod: HP is shown in percentages\n|rule|Endless Battle Clause: Forcing endless battles is banned\n|rule|OHKO Clause: OHKO moves are banned\n|rule|Evasion Moves Clause: Evasion moves are banned\n|rule|Species Clause: Limit one of each Pok\u00e9mon\n|rule|Dynamax Clause: You cannot dynamax\n|rule|Sleep Clause Mod: Limit one foe put to sleep\n|clearpoke\n|poke|p1|Kartana|\n|poke|p1|Tapu Lele|\n|poke|p1|Landorus-Therian, M|\n|poke|p1|Blissey, F|\n|poke|p1|Venusaur, M|\n|poke|p1|Urshifu-*, M|\n|poke|p2|Buzzwole|\n|poke|p2|Tapu Fini|\n|poke|p2|Aegislash, F|\n|poke|p2|Moltres|\n|poke|p2|Lopunny, M|\n|poke|p2|Garchomp, M|\n|teampreview\n|inactive|Battle timer is ON: inactive players will automatically lose when time's up. (requested by NDLT2XLT Baro)\n|\n|t:|1628343633\n|start\n|switch|p1a: Landorus|Landorus-Therian, M|100\/100\n|switch|p2a: Tapu Fini|Tapu Fini, shiny|100\/100\n|-ability|p1a: Landorus|Intimidate|boost\n|-unboost|p2a: Tapu Fini|atk|1\n|-fieldstart|move: Misty Terrain|[from] ability: Misty Surge|[of] p2a: Tapu Fini\n|turn|1\n|\n|t:|1628343638\n|move|p1a: Landorus|Knock Off|p2a: Tapu Fini\n|-resisted|p2a: Tapu Fini\n|-crit|p2a: Tapu Fini\n|-damage|p2a: Tapu Fini|85\/100\n|-enditem|p2a: Tapu Fini|Leftovers|[from] move: Knock Off|[of] p1a: Landorus\n|move|p2a: Tapu Fini|Scald|p1a: Landorus\n|-supereffective|p1a: Landorus\n|-damage|p1a: Landorus|40\/100\n|\n|-heal|p1a: Landorus|46\/100|[from] item: Leftovers\n|upkeep\n|turn|2\n|\n|t:|1628343644\n|move|p1a: Landorus|U-turn|p2a: Tapu Fini\n|-resisted|p2a: Tapu Fini\n|-damage|p2a: Tapu Fini|78\/100\n|\n|t:|1628343646\n|switch|p1a: Venusaur|Venusaur, M|100\/100|[from]move: U-turn\n|move|p2a: Tapu Fini|Draining Kiss|p1a: Venusaur\n|-resisted|p1a: Venusaur\n|-damage|p1a: Venusaur|95\/100\n|-heal|p2a: Tapu Fini|82\/100|[from] drain|[of] p1a: Venusaur\n|\n|upkeep\n|turn|3\n|\n|t:|1628343663\n|switch|p2a: Aegislash|Aegislash, F, shiny|100\/100\n|detailschange|p1a: Venusaur|Venusaur-Mega, M\n|-mega|p1a: Venusaur|Venusaur|Venusaurite\n|move|p1a: Venusaur|Earth Power|p2a: Aegislash\n|-supereffective|p2a: Aegislash\n|-damage|p2a: Aegislash|63\/100\n|\n|-heal|p2a: Aegislash|69\/100|[from] item: Leftovers\n|upkeep\n|turn|4\n|\n|t:|1628343675\n|move|p1a: Venusaur|Earth Power|p2a: Aegislash\n|-supereffective|p2a: Aegislash\n|-damage|p2a: Aegislash|30\/100\n|-formechange|p2a: Aegislash|Aegislash-Blade||[from] ability: Stance Change\n|move|p2a: Aegislash|Shadow Ball|p1a: Venusaur\n|-damage|p1a: Venusaur|66\/100\n|\n|-heal|p2a: Aegislash|37\/100|[from] item: Leftovers\n|upkeep\n|turn|5\n|\n|t:|1628343686\n|switch|p2a: Moltres|Moltres|100\/100\n|move|p1a: Venusaur|Synthesis|p1a: Venusaur\n|-heal|p1a: Venusaur|100\/100\n|\n|-fieldend|Misty Terrain\n|upkeep\n|turn|6\n|\n|t:|1628343700\n|switch|p2a: Aegislash|Aegislash, F, shiny|37\/100\n|move|p1a: Venusaur|Sludge Bomb|p2a: Aegislash\n|-immune|p2a: Aegislash\n|\n|-heal|p2a: Aegislash|43\/100|[from] item: Leftovers\n|upkeep\n|turn|7\n|\n|t:|1628343703\n|move|p2a: Aegislash|King's Shield|p2a: Aegislash\n|-singleturn|p2a: Aegislash|Protect\n|move|p1a: Venusaur|Earth Power|p2a: Aegislash\n|-activate|p2a: Aegislash|move: Protect\n|\n|-heal|p2a: Aegislash|49\/100|[from] item: Leftovers\n|upkeep\n|turn|8\n|\n|t:|1628343721\n|move|p1a: Venusaur|Earth Power|p2a: Aegislash\n|-supereffective|p2a: Aegislash\n|-damage|p2a: Aegislash|12\/100\n|-formechange|p2a: Aegislash|Aegislash-Blade||[from] ability: Stance Change\n|move|p2a: Aegislash|Shadow Ball|p1a: Venusaur\n|-damage|p1a: Venusaur|73\/100\n|\n|-heal|p2a: Aegislash|19\/100|[from] item: Leftovers\n|upkeep\n|turn|9\n|\n|t:|1628343725\n|move|p1a: Venusaur|Sludge Bomb|p2a: Aegislash\n|-immune|p2a: Aegislash\n|move|p2a: Aegislash|Shadow Ball|p1a: Venusaur\n|-damage|p1a: Venusaur|46\/100\n|\n|-heal|p2a: Aegislash|25\/100|[from] item: Leftovers\n|upkeep\n|turn|10\n|\n|t:|1628343731\n|switch|p2a: Garchomp|Garchomp, M|100\/100\n|move|p1a: Venusaur|Synthesis|p1a: Venusaur\n|-heal|p1a: Venusaur|96\/100\n|\n|upkeep\n|turn|11\n|\n|t:|1628343734\n|move|p2a: Garchomp|Stealth Rock|p1a: Venusaur\n|-sidestart|p1: NDLT2XLT Baro|move: Stealth Rock\n|move|p1a: Venusaur|Giga Drain|p2a: Garchomp\n|-damage|p2a: Garchomp|66\/100\n|-heal|p1a: Venusaur|100\/100|[from] drain|[of] p2a: Garchomp\n|\n|upkeep\n|turn|12\n|\n|t:|1628343736\n|move|p2a: Garchomp|Swords Dance|p2a: Garchomp\n|-boost|p2a: Garchomp|atk|2\n|move|p1a: Venusaur|Giga Drain|p2a: Garchomp\n|-damage|p2a: Garchomp|30\/100\n|\n|upkeep\n|turn|13\n|\n|t:|1628343741\n|switch|p1a: Landorus|Landorus-Therian, M|46\/100\n|-damage|p1a: Landorus|34\/100|[from] Stealth Rock\n|-ability|p1a: Landorus|Intimidate|boost\n|-unboost|p2a: Garchomp|atk|1\n|-zpower|p2a: Garchomp\n|move|p2a: Garchomp|Continental Crush|p1a: Landorus|[zeffect]\n|-damage|p1a: Landorus|0 fnt\n|faint|p1a: Landorus\n|\n|upkeep\n|\n|t:|1628343744\n|switch|p1a: Kartana|Kartana|100\/100\n|-damage|p1a: Kartana|94\/100|[from] Stealth Rock\n|turn|14\n|\n|t:|1628343751\n|switch|p2a: Moltres|Moltres|100\/100\n|move|p1a: Kartana|Leaf Blade|p2a: Moltres\n|-resisted|p2a: Moltres\n|-damage|p2a: Moltres|92\/100\n|\n|upkeep\n|turn|15\n|\n|t:|1628343758\n|switch|p1a: Blissey|Blissey, F|100\/100\n|move|p2a: Moltres|Scorching Sands|p1a: Blissey\n|-damage|p1a: Blissey|94\/100\n|\n|upkeep\n|turn|16\n|\n|t:|1628343762\n|switch|p2a: Aegislash|Aegislash, F, shiny|25\/100\n|move|p1a: Blissey|Teleport|p1a: Blissey\n|\n|t:|1628343765\n|switch|p1a: Urshifu|Urshifu-Rapid-Strike, M|100\/100|[from]move: Teleport\n|-damage|p1a: Urshifu|94\/100|[from] Stealth Rock\n|\n|-heal|p2a: Aegislash|31\/100|[from] item: Leftovers\n|upkeep\n|turn|17\n|\n|t:|1628343771\n|switch|p2a: Tapu Fini|Tapu Fini, shiny|82\/100\n|-fieldstart|move: Misty Terrain|[from] ability: Misty Surge|[of] p2a: Tapu Fini\n|move|p1a: Urshifu|Surging Strikes|p2a: Tapu Fini\n|-resisted|p2a: Tapu Fini\n|-crit|p2a: Tapu Fini\n|-damage|p2a: Tapu Fini|71\/100\n|-resisted|p2a: Tapu Fini\n|-crit|p2a: Tapu Fini\n|-damage|p2a: Tapu Fini|61\/100\n|-resisted|p2a: Tapu Fini\n|-crit|p2a: Tapu Fini\n|-damage|p2a: Tapu Fini|51\/100\n|-hitcount|p2a: Tapu Fini|3\n|\n|upkeep\n|turn|18\n|\n|t:|1628343780\n|switch|p2a: Garchomp|Garchomp, M|30\/100\n|move|p1a: Urshifu|Surging Strikes|p2a: Garchomp\n|-crit|p2a: Garchomp\n|-damage|p2a: Garchomp|2\/100\n|-damage|p1a: Urshifu|82\/100|[from] ability: Rough Skin|[of] p2a: Garchomp\n|-crit|p2a: Garchomp\n|-damage|p2a: Garchomp|0 fnt\n|-damage|p1a: Urshifu|70\/100|[from] ability: Rough Skin|[of] p2a: Garchomp\n|faint|p2a: Garchomp\n|-hitcount|p2: Garchomp|2\n|\n|upkeep\n|\n|t:|1628343786\n|switch|p2a: Tapu Fini|Tapu Fini, shiny|51\/100\n|turn|19\n|\n|t:|1628343788\n|switch|p1a: Venusaur|Venusaur-Mega, M|100\/100\n|-damage|p1a: Venusaur|88\/100|[from] Stealth Rock\n|move|p2a: Tapu Fini|Draining Kiss|p1a: Venusaur\n|-resisted|p1a: Venusaur\n|-damage|p1a: Venusaur|82\/100\n|-heal|p2a: Tapu Fini|56\/100|[from] drain|[of] p1a: Venusaur\n|\n|upkeep\n|turn|20\n|c|\u2606Benjamin Gilbert|gg\n|c|\u2606Benjamin Gilbert|do u know how i could make my team less weak to venu\n|\n|t:|1628343811\n|switch|p2a: Moltres|Moltres|92\/100\n|move|p1a: Venusaur|Sludge Bomb|p2a: Moltres\n|-damage|p2a: Moltres|55\/100\n|\n|upkeep\n|turn|21\n|c|\u2606NDLT2XLT Baro|idk\n|\n|t:|1628343821\n|move|p2a: Moltres|Roost|p2a: Moltres\n|-heal|p2a: Moltres|100\/100\n|-singleturn|p2a: Moltres|move: Roost\n|move|p1a: Venusaur|Sludge Bomb|p2a: Moltres\n|-damage|p2a: Moltres|69\/100\n|\n|-fieldend|Misty Terrain\n|upkeep\n|turn|22\n|\n|t:|1628343830\n|switch|p2a: Aegislash|Aegislash, F, shiny|31\/100\n|move|p1a: Venusaur|Sludge Bomb|p2a: Aegislash\n|-immune|p2a: Aegislash\n|\n|-heal|p2a: Aegislash|37\/100|[from] item: Leftovers\n|upkeep\n|turn|23\n|\n|t:|1628343836\n|move|p2a: Aegislash|King's Shield|p2a: Aegislash\n|-singleturn|p2a: Aegislash|Protect\n|move|p1a: Venusaur|Earth Power|p2a: Aegislash\n|-activate|p2a: Aegislash|move: Protect\n|\n|-heal|p2a: Aegislash|43\/100|[from] item: Leftovers\n|upkeep\n|turn|24\n|\n|t:|1628343845\n|switch|p2a: Moltres|Moltres|69\/100\n|move|p1a: Venusaur|Earth Power|p2a: Moltres\n|-immune|p2a: Moltres\n|\n|upkeep\n|turn|25\n|\n|t:|1628343848\n|switch|p1a: Urshifu|Urshifu-Rapid-Strike, M|70\/100\n|-damage|p1a: Urshifu|64\/100|[from] Stealth Rock\n|move|p2a: Moltres|Flamethrower|p1a: Urshifu\n|-resisted|p1a: Urshifu\n|-damage|p1a: Urshifu|37\/100\n|\n|upkeep\n|turn|26\n|inactive|Benjamin Gilbert has 120 seconds left.\n|\n|t:|1628343884\n|switch|p2a: Tapu Fini|Tapu Fini, shiny|56\/100\n|-fieldstart|move: Misty Terrain|[from] ability: Misty Surge|[of] p2a: Tapu Fini\n|move|p1a: Urshifu|Surging Strikes|p2a: Tapu Fini\n|-resisted|p2a: Tapu Fini\n|-crit|p2a: Tapu Fini\n|-damage|p2a: Tapu Fini|46\/100\n|-resisted|p2a: Tapu Fini\n|-crit|p2a: Tapu Fini\n|-damage|p2a: Tapu Fini|36\/100\n|-resisted|p2a: Tapu Fini\n|-crit|p2a: Tapu Fini\n|-damage|p2a: Tapu Fini|26\/100\n|-hitcount|p2a: Tapu Fini|3\n|\n|upkeep\n|turn|27\n|\n|t:|1628343898\n|move|p1a: Urshifu|Surging Strikes|p2a: Tapu Fini\n|-resisted|p2a: Tapu Fini\n|-crit|p2a: Tapu Fini\n|-damage|p2a: Tapu Fini|16\/100\n|-resisted|p2a: Tapu Fini\n|-crit|p2a: Tapu Fini\n|-damage|p2a: Tapu Fini|5\/100\n|-resisted|p2a: Tapu Fini\n|-crit|p2a: Tapu Fini\n|-damage|p2a: Tapu Fini|0 fnt\n|faint|p2a: Tapu Fini\n|-hitcount|p2: Tapu Fini|3\n|\n|upkeep\n|\n|t:|1628343901\n|switch|p2a: Lopunny|Lopunny, M|100\/100\n|turn|28\n|\n|t:|1628343907\n|switch|p1a: Tapu Lele|Tapu Lele|100\/100\n|-damage|p1a: Tapu Lele|88\/100|[from] Stealth Rock\n|-fieldstart|move: Psychic Terrain|[from] ability: Psychic Surge|[of] p1a: Tapu Lele\n|detailschange|p2a: Lopunny|Lopunny-Mega, M\n|-mega|p2a: Lopunny|Lopunny|Lopunnite\n|move|p2a: Lopunny|Frustration|p1a: Tapu Lele\n|-damage|p1a: Tapu Lele|0 fnt\n|faint|p1a: Tapu Lele\n|\n|upkeep\n|\n|t:|1628343910\n|switch|p1a: Venusaur|Venusaur-Mega, M|82\/100\n|-damage|p1a: Venusaur|70\/100|[from] Stealth Rock\n|turn|29\n|\n|t:|1628343914\n|move|p2a: Lopunny|Frustration|p1a: Venusaur\n|-damage|p1a: Venusaur|32\/100\n|move|p1a: Venusaur|Synthesis|p1a: Venusaur\n|-heal|p1a: Venusaur|82\/100\n|\n|upkeep\n|turn|30\n|\n|t:|1628343928\n|move|p2a: Lopunny|U-turn|p1a: Venusaur\n|-damage|p1a: Venusaur|65\/100\n|\n|t:|1628343931\n|switch|p2a: Moltres|Moltres|69\/100|[from]move: U-turn\n|move|p1a: Venusaur|Giga Drain|p2a: Moltres\n|-resisted|p2a: Moltres\n|-damage|p2a: Moltres|62\/100\n|-heal|p1a: Venusaur|68\/100|[from] drain|[of] p2a: Moltres\n|\n|upkeep\n|turn|31\n|\n|t:|1628343953\n|move|p2a: Moltres|Flamethrower|p1a: Venusaur\n|-supereffective|p1a: Venusaur\n|-damage|p1a: Venusaur|42\/100\n|move|p1a: Venusaur|Sludge Bomb|p2a: Moltres\n|-damage|p2a: Moltres|26\/100\n|-status|p2a: Moltres|psn\n|\n|-damage|p2a: Moltres|13\/100 psn|[from] psn\n|upkeep\n|turn|32\n|\n|t:|1628343959\n|move|p2a: Moltres|Scorching Sands|p1a: Venusaur\n|-damage|p1a: Venusaur|30\/100\n|move|p1a: Venusaur|Synthesis|p1a: Venusaur\n|-heal|p1a: Venusaur|80\/100\n|\n|-damage|p2a: Moltres|1\/100 psn|[from] psn\n|-fieldend|move: Psychic Terrain\n|upkeep\n|turn|33\n|\n|t:|1628343974\n|move|p2a: Moltres|Scorching Sands|p1a: Venusaur\n|-damage|p1a: Venusaur|66\/100\n|move|p1a: Venusaur|Synthesis|p1a: Venusaur\n|-heal|p1a: Venusaur|100\/100\n|\n|-damage|p2a: Moltres|0 fnt|[from] psn\n|faint|p2a: Moltres\n|upkeep\n|\n|t:|1628343978\n|switch|p2a: Lopunny|Lopunny-Mega, M|100\/100\n|turn|34\n|\n|t:|1628343981\n|move|p2a: Lopunny|Fake Out|p1a: Venusaur\n|-damage|p1a: Venusaur|83\/100\n|cant|p1a: Venusaur|flinch\n|\n|upkeep\n|turn|35\n|\n|t:|1628343985\n|move|p2a: Lopunny|U-turn|p1a: Venusaur\n|-damage|p1a: Venusaur|66\/100\n|\n|t:|1628343987\n|switch|p2a: Arnold|Buzzwole|100\/100|[from]move: U-turn\n|move|p1a: Venusaur|Giga Drain|p2a: Arnold\n|-resisted|p2a: Arnold\n|-damage|p2a: Arnold|80\/100\n|-heal|p1a: Venusaur|77\/100|[from] drain|[of] p2a: Arnold\n|\n|upkeep\n|turn|36\n|\n|t:|1628344028\n|move|p2a: Arnold|Earthquake|p1a: Venusaur\n|-damage|p1a: Venusaur|51\/100\n|move|p1a: Venusaur|Synthesis|p1a: Venusaur\n|-heal|p1a: Venusaur|100\/100\n|\n|upkeep\n|turn|37\n|\n|t:|1628344035\n|move|p2a: Arnold|Earthquake|p1a: Venusaur\n|-damage|p1a: Venusaur|68\/100\n|move|p1a: Venusaur|Sludge Bomb|p2a: Arnold\n|-damage|p2a: Arnold|34\/100\n|\n|upkeep\n|turn|38\n|\n|t:|1628344039\n|move|p2a: Arnold|Earthquake|p1a: Venusaur\n|-damage|p1a: Venusaur|35\/100\n|move|p1a: Venusaur|Synthesis|p1a: Venusaur\n|-heal|p1a: Venusaur|85\/100\n|\n|upkeep\n|turn|39\n|\n|t:|1628344051\n|move|p2a: Arnold|Earthquake|p1a: Venusaur\n|-damage|p1a: Venusaur|48\/100\n|move|p1a: Venusaur|Sludge Bomb|p2a: Arnold\n|-damage|p2a: Arnold|0 fnt\n|faint|p2a: Arnold\n|\n|upkeep\n|\n|t:|1628344057\n|switch|p2a: Lopunny|Lopunny-Mega, M|100\/100\n|turn|40\n|\n|t:|1628344064\n|move|p2a: Lopunny|Fake Out|p1a: Venusaur\n|-damage|p1a: Venusaur|32\/100\n|cant|p1a: Venusaur|flinch\n|\n|upkeep\n|turn|41\n|\n|t:|1628344068\n|move|p2a: Lopunny|Frustration|p1a: Venusaur\n|-damage|p1a: Venusaur|0 fnt\n|faint|p1a: Venusaur\n|\n|upkeep\n|-message|NDLT2XLT Baro forfeited.\n|\n|win|Benjamin Gilbert\n|raw|NDLT2XLT Baro's rating: 1687 &rarr; <strong>1661<\/strong><br \/>(-26 for losing)\n|raw|Benjamin Gilbert's rating: 1578 &rarr; <strong>1604<\/strong><br \/>(+26 for winning)\n|l|\u2606NDLT2XLT Baro\n|c|\u2606Benjamin Gilbert|GG\n|c|\u2606Benjamin Gilbert|LOLOLOL\n","uploadtime":1628344086,"views":29,"p1id":"ndlt2xltbaro","p2id":"benjamingilbert","formatid":"gen8nationaldex","rating":1604,"private":0,"password":null}