{"id":"gen8bdspou-1478936138","p1":"Not Sarcasm","p2":"Dr. Drake6782","format":"gen8bdspou","log":"|j|\u2606Not Sarcasm\n|j|\u2606Dr. Drake6782\n|t:|1640304815\n|gametype|singles\n|player|p1|Not Sarcasm|266|1145\n|player|p2|Dr. Drake6782|palmer|1203\n|teamsize|p1|6\n|teamsize|p2|6\n|gen|8\n|tier|[Gen 8 BDSP] OU\n|rated|\n|rule|Sleep Clause Mod: Limit one foe put to sleep\n|rule|Species Clause: Limit one of each Pok\u00e9mon\n|rule|OHKO Clause: OHKO moves are banned\n|rule|Evasion Moves Clause: Evasion moves are banned\n|rule|Endless Battle Clause: Forcing endless battles is banned\n|rule|HP Percentage Mod: HP is shown in percentages\n|clearpoke\n|poke|p1|Manaphy|\n|poke|p1|Garchomp, F|\n|poke|p1|Gliscor, M|\n|poke|p1|Latios, M|\n|poke|p1|Gengar, F|\n|poke|p1|Infernape, M|\n|poke|p2|Azelf|\n|poke|p2|Gyarados, M|\n|poke|p2|Dragonite, M|\n|poke|p2|Infernape, M|\n|poke|p2|Scizor, F|\n|poke|p2|Weavile, M|\n|teampreview\n|inactive|Battle timer is ON: inactive players will automatically lose when time's up. (requested by Dr. Drake6782)\n|inactive|Not Sarcasm also wants the timer to be on.\n|\n|t:|1640304827\n|start\n|switch|p1a: Gengar|Gengar, F|100\/100\n|switch|p2a: Azelf|Azelf, shiny|100\/100\n|turn|1\n|\n|t:|1640304845\n|move|p1a: Gengar|Shadow Ball|p2a: Azelf\n|-supereffective|p2a: Azelf\n|-damage|p2a: Azelf|0 fnt\n|faint|p2a: Azelf\n|\n|upkeep\n|\n|t:|1640304864\n|switch|p2a: Weavile|Weavile, M|100\/100\n|-ability|p2a: Weavile|Pressure\n|turn|2\n|\n|t:|1640304868\n|switch|p1a: Manaphy|Manaphy|100\/100\n|move|p2a: Weavile|Throat Chop|p1a: Manaphy\n|-damage|p1a: Manaphy|57\/100\n|-start|p1a: Manaphy|Throat Chop|[silent]\n|-damage|p2a: Weavile|91\/100|[from] item: Life Orb\n|\n|-heal|p1a: Manaphy|63\/100|[from] item: Leftovers\n|upkeep\n|turn|3\n|\n|t:|1640304877\n|move|p2a: Weavile|Swords Dance|p2a: Weavile\n|-boost|p2a: Weavile|atk|2\n|move|p1a: Manaphy|Scald|p2a: Weavile\n|-damage|p2a: Weavile|39\/100\n|\n|-heal|p1a: Manaphy|69\/100|[from] item: Leftovers\n|-end|p1a: Manaphy|Throat Chop|[silent]\n|upkeep\n|turn|4\n|\n|t:|1640304889\n|switch|p1a: Garchomp|Garchomp, F|100\/100\n|move|p2a: Weavile|Throat Chop|p1a: Garchomp\n|-damage|p1a: Garchomp|0 fnt\n|-damage|p2a: Weavile|27\/100|[from] ability: Rough Skin|[of] p1a: Garchomp\n|faint|p1a: Garchomp\n|-damage|p2a: Weavile|17\/100|[from] item: Life Orb\n|\n|upkeep\n|\n|t:|1640304904\n|switch|p1a: Gengar|Gengar, F|100\/100\n|turn|5\n|\n|t:|1640304909\n|move|p2a: Weavile|Ice Shard|p1a: Gengar\n|-damage|p1a: Gengar|7\/100\n|-damage|p2a: Weavile|7\/100|[from] item: Life Orb\n|move|p1a: Gengar|Shadow Ball|p2a: Weavile\n|-resisted|p2a: Weavile\n|-damage|p2a: Weavile|0 fnt\n|faint|p2a: Weavile\n|\n|upkeep\n|\n|t:|1640304915\n|switch|p2a: Scizor|Scizor, F|100\/100\n|turn|6\n|\n|t:|1640304924\n|switch|p1a: Infernape|Infernape, M|100\/100\n|move|p2a: Scizor|Bullet Punch|p1a: Infernape\n|-resisted|p1a: Infernape\n|-damage|p1a: Infernape|77\/100\n|\n|upkeep\n|turn|7\n|\n|t:|1640304941\n|switch|p2a: Gyarados|Gyarados, M, shiny|100\/100\n|move|p1a: Infernape|Overheat|p2a: Gyarados\n|-resisted|p2a: Gyarados\n|-damage|p2a: Gyarados|65\/100\n|-unboost|p1a: Infernape|spa|2\n|-damage|p1a: Infernape|67\/100|[from] item: Life Orb\n|\n|-heal|p2a: Gyarados|71\/100|[from] item: Leftovers\n|upkeep\n|turn|8\n|\n|t:|1640304951\n|move|p1a: Infernape|Stone Edge|p2a: Gyarados\n|-supereffective|p2a: Gyarados\n|-crit|p2a: Gyarados\n|-damage|p2a: Gyarados|0 fnt\n|faint|p2a: Gyarados\n|-damage|p1a: Infernape|57\/100|[from] item: Life Orb\n|\n|upkeep\n|\n|t:|1640304961\n|switch|p2a: Dragonite|Dragonite, M, shiny|100\/100\n|turn|9\n|\n|t:|1640304966\n|move|p1a: Infernape|Stone Edge|p2a: Dragonite\n|-supereffective|p2a: Dragonite\n|-damage|p2a: Dragonite|61\/100\n|-damage|p1a: Infernape|47\/100|[from] item: Life Orb\n|move|p2a: Dragonite|Dragon Dance|p2a: Dragonite\n|-boost|p2a: Dragonite|atk|1\n|-boost|p2a: Dragonite|spe|1\n|\n|upkeep\n|turn|10\n|\n|t:|1640304975\n|move|p2a: Dragonite|Extreme Speed|p1a: Infernape\n|-damage|p1a: Infernape|0 fnt\n|faint|p1a: Infernape\n|\n|upkeep\n|\n|t:|1640304981\n|switch|p1a: Gliscor|Gliscor, M|100\/100\n|turn|11\n|\n|t:|1640304993\n|move|p2a: Dragonite|Dragon Dance|p2a: Dragonite\n|-boost|p2a: Dragonite|atk|1\n|-boost|p2a: Dragonite|spe|1\n|move|p1a: Gliscor|Roost||[still]\n|-fail|p1a: Gliscor|heal\n|\n|-status|p1a: Gliscor|tox|[from] item: Toxic Orb\n|upkeep\n|turn|12\n|\n|t:|1640304999\n|move|p2a: Dragonite|Outrage|p1a: Gliscor\n|-damage|p1a: Gliscor|0 fnt\n|faint|p1a: Gliscor\n|\n|upkeep\n|\n|t:|1640305005\n|switch|p1a: Gengar|Gengar, F|7\/100\n|turn|13\n|\n|t:|1640305011\n|move|p1a: Gengar|Sludge Bomb|p2a: Dragonite\n|-damage|p2a: Dragonite|9\/100\n|move|p2a: Dragonite|Outrage|p1a: Gengar|[from]lockedmove\n|-damage|p1a: Gengar|0 fnt\n|faint|p1a: Gengar\n|\n|upkeep\n|\n|t:|1640305023\n|switch|p1a: Manaphy|Manaphy|69\/100\n|turn|14\n|-message|Not Sarcasm forfeited.\n|\n|win|Dr. Drake6782\n|raw|Not Sarcasm's rating: 1145 &rarr; <strong>1126<\/strong><br \/>(-19 for losing)\n|raw|Dr. Drake6782's rating: 1231 &rarr; <strong>1250<\/strong><br \/>(+19 for winning)\n|l|\u2606Not Sarcasm\n","uploadtime":1640305029,"views":9,"p1id":"notsarcasm","p2id":"drdrake6782","formatid":"gen8bdspou","rating":1126,"private":0,"password":null}