{"id":"gen8bdspou-1475797764","p1":"incelkingdom","p2":"TryHonesty","format":"gen8bdspou","log":"|j|\u2606incelkingdom\n|j|\u2606TryHonesty\n|t:|1639849089\n|gametype|singles\n|player|p1|incelkingdom|lance-gen1rb|1479\n|player|p2|TryHonesty|2|1493\n|teamsize|p1|6\n|teamsize|p2|6\n|gen|8\n|tier|[Gen 8 BDSP] OU\n|rated|\n|rule|Sleep Clause Mod: Limit one foe put to sleep\n|rule|Species Clause: Limit one of each Pok\u00e9mon\n|rule|OHKO Clause: OHKO moves are banned\n|rule|Evasion Moves Clause: Evasion moves are banned\n|rule|Endless Battle Clause: Forcing endless battles is banned\n|rule|HP Percentage Mod: HP is shown in percentages\n|clearpoke\n|poke|p1|Abomasnow, M|\n|poke|p1|Latios, M|\n|poke|p1|Scizor, F|\n|poke|p1|Manaphy|\n|poke|p1|Azumarill, M|\n|poke|p1|Heatran, M|\n|poke|p2|Gardevoir, F|\n|poke|p2|Magnezone|\n|poke|p2|Forretress, F|\n|poke|p2|Entei|\n|poke|p2|Mamoswine, M|\n|poke|p2|Latios, M|\n|teampreview\n|inactive|Battle timer is ON: inactive players will automatically lose when time's up. (requested by incelkingdom)\n|inactive|TryHonesty has 120 seconds left.\n|\n|t:|1639849126\n|start\n|switch|p1a: Manaphy|Manaphy|100\/100\n|switch|p2a: Gardevoir|Gardevoir, F|100\/100\n|-ability|p2a: Gardevoir|Hydration|[from] ability: Trace|[of] p1a: Manaphy\n|turn|1\n|\n|t:|1639849134\n|switch|p1a: Heatran|Heatran, M, shiny|100\/100\n|move|p2a: Gardevoir|Moonblast|p1a: Heatran\n|-resisted|p1a: Heatran\n|-damage|p1a: Heatran|79\/100\n|-unboost|p1a: Heatran|spa|1\n|\n|-heal|p1a: Heatran|85\/100|[from] item: Leftovers\n|upkeep\n|turn|2\n|\n|t:|1639849152\n|switch|p2a: Magnezone|Magnezone|100\/100\n|move|p1a: Heatran|Stealth Rock|p2a: Magnezone\n|-sidestart|p2: TryHonesty|move: Stealth Rock\n|\n|-heal|p1a: Heatran|92\/100|[from] item: Leftovers\n|upkeep\n|turn|3\n|\n|t:|1639849164\n|move|p1a: Heatran|Magma Storm|p2a: Magnezone\n|-supereffective|p2a: Magnezone\n|-damage|p2a: Magnezone|15\/100\n|-activate|p2a: Magnezone|move: Magma Storm|[of] p1a: Heatran\n|move|p2a: Magnezone|Volt Switch|p1a: Heatran\n|-damage|p1a: Heatran|26\/100\n|\n|t:|1639849184\n|switch|p2a: Gardevoir|Gardevoir, F|100\/100|[from]move: Volt Switch\n|-damage|p2a: Gardevoir|88\/100|[from] Stealth Rock\n|-ability|p2a: Gardevoir|Flash Fire|[from] ability: Trace|[of] p1a: Heatran\n|\n|-heal|p1a: Heatran|32\/100|[from] item: Leftovers\n|upkeep\n|turn|4\n|\n|t:|1639849205\n|move|p1a: Heatran|Magma Storm|p2a: Gardevoir\n|-start|p2a: Gardevoir|ability: Flash Fire\n|move|p2a: Gardevoir|Psychic|p1a: Heatran\n|-resisted|p1a: Heatran\n|-damage|p1a: Heatran|0 fnt\n|faint|p1a: Heatran\n|\n|upkeep\n|\n|t:|1639849220\n|switch|p1a: Scizor|Scizor, F, shiny|100\/100\n|turn|5\n|\n|t:|1639849228\n|-end|p2a: Gardevoir|ability: Flash Fire|[silent]\n|switch|p2a: Forretress|Forretress, F|100\/100\n|-damage|p2a: Forretress|88\/100|[from] Stealth Rock\n|move|p1a: Scizor|Swords Dance|p1a: Scizor\n|-boost|p1a: Scizor|atk|2\n|\n|-heal|p2a: Forretress|94\/100|[from] item: Leftovers\n|upkeep\n|turn|6\n|\n|t:|1639849237\n|move|p1a: Scizor|Swords Dance|p1a: Scizor\n|-boost|p1a: Scizor|atk|2\n|move|p2a: Forretress|Rapid Spin|p1a: Scizor\n|-resisted|p1a: Scizor\n|-damage|p1a: Scizor|93\/100\n|-boost|p2a: Forretress|spe|1\n|-sideend|p2: TryHonesty|Stealth Rock|[from] move: Rapid Spin|[of] p2a: Forretress\n|\n|-heal|p1a: Scizor|99\/100|[from] item: Leftovers\n|-heal|p2a: Forretress|100\/100|[from] item: Leftovers\n|upkeep\n|turn|7\n|\n|t:|1639849241\n|move|p1a: Scizor|Brick Break|p2a: Forretress\n|-damage|p2a: Forretress|54\/100\n|move|p2a: Forretress|Spikes|p1a: Scizor\n|-sidestart|p1: incelkingdom|Spikes\n|\n|-heal|p1a: Scizor|100\/100|[from] item: Leftovers\n|-heal|p2a: Forretress|60\/100|[from] item: Leftovers\n|upkeep\n|turn|8\n|\n|t:|1639849247\n|move|p1a: Scizor|Swords Dance|p1a: Scizor\n|-boost|p1a: Scizor|atk|2\n|move|p2a: Forretress|Volt Switch|p1a: Scizor\n|-damage|p1a: Scizor|84\/100\n|\n|t:|1639849250\n|switch|p2a: Entei|Entei|100\/100|[from]move: Volt Switch\n|\n|-heal|p1a: Scizor|90\/100|[from] item: Leftovers\n|upkeep\n|turn|9\n|\n|t:|1639849258\n|move|p1a: Scizor|Bullet Punch|p2a: Entei\n|-resisted|p2a: Entei\n|-damage|p2a: Entei|28\/100\n|move|p2a: Entei|Sacred Fire|p1a: Scizor\n|-supereffective|p1a: Scizor\n|-damage|p1a: Scizor|0 fnt\n|faint|p1a: Scizor\n|\n|upkeep\n|\n|t:|1639849262\n|switch|p1a: Azumarill|Azumarill, M, shiny|100\/100\n|-damage|p1a: Azumarill|88\/100|[from] Spikes\n|turn|10\n|\n|t:|1639849270\n|switch|p2a: Magnezone|Magnezone|15\/100\n|move|p1a: Azumarill|Belly Drum|p1a: Azumarill\n|-damage|p1a: Azumarill|38\/100\n|-setboost|p1a: Azumarill|atk|6|[from] move: Belly Drum\n|-enditem|p1a: Azumarill|Sitrus Berry|[eat]\n|-heal|p1a: Azumarill|63\/100|[from] item: Sitrus Berry\n|\n|upkeep\n|turn|11\n|\n|t:|1639849273\n|move|p1a: Azumarill|Aqua Jet|p2a: Magnezone\n|-damage|p2a: Magnezone|0 fnt\n|faint|p2a: Magnezone\n|\n|upkeep\n|\n|t:|1639849277\n|switch|p2a: Latios|Latios, M|100\/100\n|turn|12\n|\n|t:|1639849281\n|move|p1a: Azumarill|Aqua Jet|p2a: Latios\n|-resisted|p2a: Latios\n|-damage|p2a: Latios|28\/100\n|move|p2a: Latios|Thunderbolt|p1a: Azumarill\n|-supereffective|p1a: Azumarill\n|-damage|p1a: Azumarill|0 fnt\n|faint|p1a: Azumarill\n|\n|upkeep\n|\n|t:|1639849285\n|switch|p1a: Abomasnow|Abomasnow, M, shiny|100\/100\n|-damage|p1a: Abomasnow|88\/100|[from] Spikes\n|-weather|Hail|[from] ability: Snow Warning|[of] p1a: Abomasnow\n|turn|13\n|\n|t:|1639849314\n|switch|p2a: Forretress|Forretress, F|60\/100\n|move|p1a: Abomasnow|Aurora Veil|p1a: Abomasnow\n|-sidestart|p1: incelkingdom|move: Aurora Veil\n|\n|-weather|Hail|[upkeep]\n|-heal|p2a: Forretress|67\/100|[from] item: Leftovers\n|upkeep\n|turn|14\n|\n|t:|1639849330\n|switch|p1a: Manaphy|Manaphy|100\/100\n|-damage|p1a: Manaphy|88\/100|[from] Spikes\n|move|p2a: Forretress|Spikes|p1a: Manaphy\n|-sidestart|p1: incelkingdom|Spikes\n|\n|-weather|Hail|[upkeep]\n|-damage|p1a: Manaphy|82\/100|[from] Hail\n|-heal|p1a: Manaphy|88\/100|[from] item: Leftovers\n|-heal|p2a: Forretress|73\/100|[from] item: Leftovers\n|upkeep\n|turn|15\n|inactive|TryHonesty has 120 seconds left.\n|\n|t:|1639849346\n|move|p1a: Manaphy|Tail Glow|p1a: Manaphy\n|-boost|p1a: Manaphy|spa|3\n|move|p2a: Forretress|Volt Switch|p1a: Manaphy\n|-supereffective|p1a: Manaphy\n|-damage|p1a: Manaphy|80\/100\n|inactive|TryHonesty has 120 seconds left.\n|\n|t:|1639849351\n|switch|p2a: Gardevoir|Gardevoir, F|88\/100|[from]move: Volt Switch\n|-ability|p2a: Gardevoir|Hydration|[from] ability: Trace|[of] p1a: Manaphy\n|\n|-weather|Hail|[upkeep]\n|-damage|p1a: Manaphy|73\/100|[from] Hail\n|-damage|p2a: Gardevoir|82\/100|[from] Hail\n|-heal|p1a: Manaphy|80\/100|[from] item: Leftovers\n|upkeep\n|turn|16\n|inactive|TryHonesty has 120 seconds left.\n|\n|t:|1639849372\n|move|p1a: Manaphy|Scald|p2a: Gardevoir\n|-damage|p2a: Gardevoir|9\/100\n|move|p2a: Gardevoir|Moonblast|p1a: Manaphy\n|-damage|p1a: Manaphy|45\/100\n|\n|-weather|Hail|[upkeep]\n|-damage|p1a: Manaphy|38\/100|[from] Hail\n|-damage|p2a: Gardevoir|3\/100|[from] Hail\n|-heal|p1a: Manaphy|45\/100|[from] item: Leftovers\n|upkeep\n|turn|17\n|j| Bryceyy\n|l| Bryceyy\n|\n|t:|1639849394\n|move|p1a: Manaphy|Ice Beam|p2a: Gardevoir\n|-damage|p2a: Gardevoir|0 fnt\n|faint|p2a: Gardevoir\n|\n|-weather|none\n|-heal|p1a: Manaphy|51\/100|[from] item: Leftovers\n|upkeep\n|\n|t:|1639849399\n|switch|p2a: Latios|Latios, M|28\/100\n|turn|18\n|j| Bryceyy\n|\n|t:|1639849416\n|move|p2a: Latios|Thunderbolt|p1a: Manaphy\n|-supereffective|p1a: Manaphy\n|-damage|p1a: Manaphy|23\/100\n|move|p1a: Manaphy|Scald|p2a: Latios\n|-resisted|p2a: Latios\n|-damage|p2a: Latios|0 fnt\n|faint|p2a: Latios\n|\n|-heal|p1a: Manaphy|29\/100|[from] item: Leftovers\n|upkeep\n|inactive|TryHonesty has 120 seconds left.\n|\n|t:|1639849449\n|switch|p2a: Forretress|Forretress, F|73\/100\n|turn|19\n|inactive|incelkingdom has 120 seconds left.\n|\n|t:|1639849475\n|move|p1a: Manaphy|Scald|p2a: Forretress\n|-damage|p2a: Forretress|0 fnt\n|faint|p2a: Forretress\n|\n|-heal|p1a: Manaphy|35\/100|[from] item: Leftovers\n|upkeep\n|c|\u2606incelkingdom|ez\n|\n|t:|1639849485\n|switch|p2a: Entei|Entei|28\/100\n|turn|20\n|\n|t:|1639849487\n|move|p2a: Entei|Extreme Speed|p1a: Manaphy\n|-damage|p1a: Manaphy|19\/100\n|move|p1a: Manaphy|Scald|p2a: Entei\n|-supereffective|p2a: Entei\n|-damage|p2a: Entei|0 fnt\n|faint|p2a: Entei\n|\n|-heal|p1a: Manaphy|25\/100|[from] item: Leftovers\n|-sideend|p1: incelkingdom|move: Aurora Veil\n|upkeep\n|-message|TryHonesty forfeited.\n|\n|win|incelkingdom\n|raw|incelkingdom's rating: 1489 &rarr; <strong>1509<\/strong><br \/>(+20 for winning)\n|raw|TryHonesty's rating: 1493 &rarr; <strong>1473<\/strong><br \/>(-20 for losing)\n|l|\u2606TryHonesty\n","uploadtime":1639849497,"views":11,"p1id":"incelkingdom","p2id":"tryhonesty","formatid":"gen8bdspou","rating":1473,"private":0,"password":null}