{"id":"gen8ou-1677286952","p1":"Scoots Mgee","p2":"minimax_ai","format":"gen8ou","log":"|j|\u2606Scoots Mgee\n|j|\u2606minimax_ai\n|t:|1664886005\n|gametype|singles\n|player|p1|Scoots Mgee|2|1486\n|player|p2|minimax_ai|lusamine-nihilego|1487\n|teamsize|p1|6\n|teamsize|p2|6\n|gen|8\n|tier|[Gen 8] OU\n|rated|\n|rule|Sleep Clause Mod: Limit one foe put to sleep\n|rule|Species Clause: Limit one of each Pok\u00e9mon\n|rule|OHKO Clause: OHKO moves are banned\n|rule|Evasion Items Clause: Evasion items are banned\n|rule|Evasion Moves Clause: Evasion moves are banned\n|rule|Endless Battle Clause: Forcing endless battles is banned\n|rule|HP Percentage Mod: HP is shown in percentages\n|rule|Dynamax Clause: You cannot dynamax\n|clearpoke\n|poke|p1|Victini|\n|poke|p1|Blissey, F|\n|poke|p1|Corviknight, M|\n|poke|p1|Dragapult, M|\n|poke|p1|Seismitoad, F|\n|poke|p1|Ferrothorn, M|\n|poke|p2|Rotom-Wash|\n|poke|p2|Weavile, F|\n|poke|p2|Landorus-Therian, M|\n|poke|p2|Heatran, M|\n|poke|p2|Tangrowth, M|\n|poke|p2|Melmetal|\n|teampreview\n|c|\u2606minimax_ai|hf\n|inactive|Battle timer is ON: inactive players will automatically lose when time's up. (requested by minimax_ai)\n|\n|t:|1664886014\n|start\n|switch|p1a: Seismitoad|Seismitoad, F|100\/100\n|switch|p2a: landorustherian|Landorus-Therian, M|100\/100\n|-ability|p2a: landorustherian|Intimidate|boost\n|-unboost|p1a: Seismitoad|atk|1\n|turn|1\n|\n|t:|1664886017\n|move|p2a: landorustherian|Earthquake|p1a: Seismitoad\n|-damage|p1a: Seismitoad|69\/100\n|move|p1a: Seismitoad|Toxic|p2a: landorustherian\n|-status|p2a: landorustherian|tox\n|\n|-heal|p1a: Seismitoad|75\/100|[from] item: Leftovers\n|-damage|p2a: landorustherian|94\/100 tox|[from] psn\n|upkeep\n|turn|2\n|\n|t:|1664886022\n|switch|p1a: Corviknight|Corviknight, M|100\/100\n|-ability|p1a: Corviknight|Pressure\n|move|p2a: landorustherian|U-turn|p1a: Corviknight\n|-resisted|p1a: Corviknight\n|-damage|p1a: Corviknight|97\/100\n|-damage|p2a: landorustherian|78\/100 tox|[from] item: Rocky Helmet|[of] p1a: Corviknight\n|\n|t:|1664886022\n|switch|p2a: Heatran|Heatran, M|100\/100|[from]move: U-turn\n|-item|p2a: Heatran|Air Balloon\n|\n|upkeep\n|turn|3\n|\n|t:|1664886029\n|switch|p1a: Blissey|Blissey, F|100\/100\n|move|p2a: Heatran|Eruption|p1a: Blissey\n|-damage|p1a: Blissey|72\/100\n|\n|upkeep\n|turn|4\n|\n|t:|1664886036\n|move|p2a: Heatran|Magma Storm|p1a: Blissey\n|-damage|p1a: Blissey|53\/100\n|-activate|p1a: Blissey|move: Magma Storm|[of] p2a: Heatran\n|move|p1a: Blissey|Wish|p1a: Blissey\n|\n|-damage|p1a: Blissey|40\/100|[from] move: Magma Storm|[partiallytrapped]\n|upkeep\n|turn|5\n|\n|t:|1664886040\n|move|p2a: Heatran|Stealth Rock|p1a: Blissey\n|-sidestart|p1: Scoots Mgee|move: Stealth Rock\n|move|p1a: Blissey|Seismic Toss|p2a: Heatran\n|-damage|p2a: Heatran|70\/100\n|-enditem|p2a: Heatran|Air Balloon\n|\n|-heal|p1a: Blissey|90\/100|[from] move: Wish|[wisher] Blissey\n|-damage|p1a: Blissey|78\/100|[from] move: Magma Storm|[partiallytrapped]\n|upkeep\n|turn|6\n|\n|t:|1664886043\n|move|p2a: Heatran|Magma Storm|p1a: Blissey\n|-damage|p1a: Blissey|59\/100\n|move|p1a: Blissey|Wish|p1a: Blissey\n|\n|-damage|p1a: Blissey|47\/100|[from] move: Magma Storm|[partiallytrapped]\n|upkeep\n|turn|7\n|\n|t:|1664886045\n|move|p2a: Heatran|Magma Storm|p1a: Blissey\n|-damage|p1a: Blissey|27\/100\n|move|p1a: Blissey|Seismic Toss|p2a: Heatran\n|-damage|p2a: Heatran|39\/100\n|\n|-heal|p1a: Blissey|77\/100|[from] move: Wish|[wisher] Blissey\n|-damage|p1a: Blissey|65\/100|[from] move: Magma Storm|[partiallytrapped]\n|upkeep\n|turn|8\n|\n|t:|1664886048\n|move|p2a: Heatran|Magma Storm|p1a: Blissey|[miss]\n|-miss|p2a: Heatran|p1a: Blissey\n|move|p1a: Blissey|Wish|p1a: Blissey\n|\n|-end|p1a: Blissey|Magma Storm|[partiallytrapped]\n|upkeep\n|turn|9\n|\n|t:|1664886049\n|switch|p2a: Weavile|Weavile, F|100\/100\n|-ability|p2a: Weavile|Pressure\n|move|p1a: Blissey|Seismic Toss|p2a: Weavile\n|-damage|p2a: Weavile|65\/100\n|\n|-heal|p1a: Blissey|100\/100|[from] move: Wish|[wisher] Blissey\n|upkeep\n|turn|10\n|\n|t:|1664886052\n|move|p2a: Weavile|Knock Off|p1a: Blissey\n|-damage|p1a: Blissey|35\/100\n|-enditem|p1a: Blissey|Heavy-Duty Boots|[from] move: Knock Off|[of] p2a: Weavile\n|move|p1a: Blissey|Thunder Wave|p2a: Weavile\n|-status|p2a: Weavile|par\n|\n|upkeep\n|turn|11\n|\n|t:|1664886056\n|switch|p1a: Corviknight|Corviknight, M|97\/100\n|-damage|p1a: Corviknight|84\/100|[from] Stealth Rock\n|-ability|p1a: Corviknight|Pressure\n|move|p2a: Weavile|Knock Off|p1a: Corviknight\n|-damage|p1a: Corviknight|39\/100\n|-damage|p2a: Weavile|49\/100 par|[from] item: Rocky Helmet|[of] p1a: Corviknight\n|-enditem|p1a: Corviknight|Rocky Helmet|[from] move: Knock Off|[of] p2a: Weavile\n|\n|upkeep\n|turn|12\n|\n|t:|1664886062\n|switch|p2a: rotomwash|Rotom-Wash|100\/100\n|move|p1a: Corviknight|Roost|p1a: Corviknight\n|-heal|p1a: Corviknight|89\/100\n|-singleturn|p1a: Corviknight|move: Roost\n|\n|upkeep\n|turn|13\n|\n|t:|1664886064\n|switch|p1a: Seismitoad|Seismitoad, F|75\/100\n|-damage|p1a: Seismitoad|69\/100|[from] Stealth Rock\n|move|p2a: rotomwash|Thunderbolt|p1a: Seismitoad\n|-immune|p1a: Seismitoad\n|\n|-heal|p1a: Seismitoad|75\/100|[from] item: Leftovers\n|upkeep\n|turn|14\n|\n|t:|1664886070\n|switch|p2a: Tangrowth|Tangrowth, M|100\/100\n|move|p1a: Seismitoad|Toxic|p2a: Tangrowth\n|-status|p2a: Tangrowth|tox\n|\n|-heal|p1a: Seismitoad|81\/100|[from] item: Leftovers\n|-damage|p2a: Tangrowth|94\/100 tox|[from] psn\n|upkeep\n|turn|15\n|\n|t:|1664886074\n|switch|p1a: Ferrothorn|Ferrothorn, M|100\/100\n|-damage|p1a: Ferrothorn|95\/100|[from] Stealth Rock\n|move|p2a: Tangrowth|Giga Drain|p1a: Ferrothorn\n|-resisted|p1a: Ferrothorn\n|-damage|p1a: Ferrothorn|88\/100\n|-heal|p2a: Tangrowth|97\/100 tox|[from] drain|[of] p1a: Ferrothorn\n|\n|-heal|p1a: Ferrothorn|94\/100|[from] item: Leftovers\n|-damage|p2a: Tangrowth|85\/100 tox|[from] psn\n|upkeep\n|turn|16\n|\n|t:|1664886080\n|switch|p2a: landorustherian|Landorus-Therian, M|78\/100 tox\n|-ability|p2a: landorustherian|Intimidate|boost\n|-unboost|p1a: Ferrothorn|atk|1\n|move|p1a: Ferrothorn|Substitute|p1a: Ferrothorn\n|-start|p1a: Ferrothorn|Substitute\n|-damage|p1a: Ferrothorn|69\/100\n|\n|-heal|p2a: landorustherian|84\/100 tox|[from] item: Leftovers\n|-heal|p1a: Ferrothorn|75\/100|[from] item: Leftovers\n|-damage|p2a: landorustherian|78\/100 tox|[from] psn\n|upkeep\n|turn|17\n|\n|t:|1664886082\n|move|p2a: landorustherian|Earthquake|p1a: Ferrothorn\n|-end|p1a: Ferrothorn|Substitute\n|move|p1a: Ferrothorn|Curse|p1a: Ferrothorn\n|-unboost|p1a: Ferrothorn|spe|1\n|-boost|p1a: Ferrothorn|atk|1\n|-boost|p1a: Ferrothorn|def|1\n|\n|-heal|p2a: landorustherian|84\/100 tox|[from] item: Leftovers\n|-heal|p1a: Ferrothorn|81\/100|[from] item: Leftovers\n|-damage|p2a: landorustherian|72\/100 tox|[from] psn\n|upkeep\n|turn|18\n|\n|t:|1664886088\n|move|p2a: landorustherian|U-turn|p1a: Ferrothorn\n|-damage|p1a: Ferrothorn|71\/100\n|-damage|p2a: landorustherian|60\/100 tox|[from] ability: Iron Barbs|[of] p1a: Ferrothorn\n|\n|t:|1664886089\n|switch|p2a: Tangrowth|Tangrowth, M|100\/100 tox|[from]move: U-turn\n|move|p1a: Ferrothorn|Substitute|p1a: Ferrothorn\n|-start|p1a: Ferrothorn|Substitute\n|-damage|p1a: Ferrothorn|46\/100\n|\n|-heal|p1a: Ferrothorn|52\/100|[from] item: Leftovers\n|-damage|p2a: Tangrowth|94\/100 tox|[from] psn\n|upkeep\n|turn|19\n|\n|t:|1664886091\n|move|p2a: Tangrowth|Focus Blast|p1a: Ferrothorn|[miss]\n|-miss|p2a: Tangrowth|p1a: Ferrothorn\n|move|p1a: Ferrothorn|Curse|p1a: Ferrothorn\n|-unboost|p1a: Ferrothorn|spe|1\n|-boost|p1a: Ferrothorn|atk|1\n|-boost|p1a: Ferrothorn|def|1\n|\n|-heal|p1a: Ferrothorn|58\/100|[from] item: Leftovers\n|-damage|p2a: Tangrowth|82\/100 tox|[from] psn\n|upkeep\n|turn|20\n|\n|t:|1664886101\n|switch|p2a: landorustherian|Landorus-Therian, M|60\/100 tox\n|-ability|p2a: landorustherian|Intimidate|boost\n|-immune|p1a: Ferrothorn\n|move|p1a: Ferrothorn|Curse|p1a: Ferrothorn\n|-unboost|p1a: Ferrothorn|spe|1\n|-boost|p1a: Ferrothorn|atk|1\n|-boost|p1a: Ferrothorn|def|1\n|\n|-heal|p2a: landorustherian|66\/100 tox|[from] item: Leftovers\n|-heal|p1a: Ferrothorn|64\/100|[from] item: Leftovers\n|-damage|p2a: landorustherian|60\/100 tox|[from] psn\n|upkeep\n|turn|21\n|\n|t:|1664886104\n|switch|p2a: Tangrowth|Tangrowth, M|100\/100 tox\n|move|p1a: Ferrothorn|Gyro Ball|p2a: Tangrowth\n|-damage|p2a: Tangrowth|53\/100 tox\n|-damage|p1a: Ferrothorn|48\/100|[from] item: Rocky Helmet|[of] p2a: Tangrowth\n|\n|-heal|p1a: Ferrothorn|54\/100|[from] item: Leftovers\n|-damage|p2a: Tangrowth|47\/100 tox|[from] psn\n|upkeep\n|turn|22\n|\n|t:|1664886115\n|switch|p2a: Heatran|Heatran, M|39\/100\n|move|p1a: Ferrothorn|Substitute|p1a: Ferrothorn\n|-fail|p1a: Ferrothorn|move: Substitute\n|\n|-heal|p1a: Ferrothorn|60\/100|[from] item: Leftovers\n|upkeep\n|turn|23\n|\n|t:|1664886117\n|move|p2a: Heatran|Magma Storm|p1a: Ferrothorn\n|-supereffective|p1a: Ferrothorn\n|-end|p1a: Ferrothorn|Substitute\n|move|p1a: Ferrothorn|Body Press|p2a: Heatran\n|-supereffective|p2a: Heatran\n|-damage|p2a: Heatran|0 fnt\n|faint|p2a: Heatran\n|\n|-heal|p1a: Ferrothorn|66\/100|[from] item: Leftovers\n|upkeep\n|\n|t:|1664886117\n|switch|p2a: Tangrowth|Tangrowth, M|80\/100 tox\n|turn|24\n|\n|t:|1664886122\n|move|p2a: Tangrowth|Focus Blast|p1a: Ferrothorn\n|-supereffective|p1a: Ferrothorn\n|-crit|p1a: Ferrothorn\n|-damage|p1a: Ferrothorn|0 fnt\n|faint|p1a: Ferrothorn\n|\n|-damage|p2a: Tangrowth|74\/100 tox|[from] psn\n|upkeep\n|\n|t:|1664886125\n|switch|p1a: Victini|Victini|100\/100\n|-damage|p1a: Victini|76\/100|[from] Stealth Rock\n|turn|25\n|\n|t:|1664886128\n|switch|p2a: landorustherian|Landorus-Therian, M|60\/100 tox\n|-ability|p2a: landorustherian|Intimidate|boost\n|-unboost|p1a: Victini|atk|1\n|move|p1a: Victini|U-turn|p2a: landorustherian\n|-resisted|p2a: landorustherian\n|-damage|p2a: landorustherian|53\/100 tox\n|\n|t:|1664886131\n|switch|p1a: Dragapult|Dragapult, M|100\/100|[from]move: U-turn\n|-damage|p1a: Dragapult|88\/100|[from] Stealth Rock\n|\n|-heal|p2a: landorustherian|59\/100 tox|[from] item: Leftovers\n|-damage|p2a: landorustherian|53\/100 tox|[from] psn\n|upkeep\n|turn|26\n|\n|t:|1664886137\n|switch|p2a: Melmetal|Melmetal|100\/100\n|move|p1a: Dragapult|Draco Meteor|p2a: Melmetal\n|-resisted|p2a: Melmetal\n|-damage|p2a: Melmetal|78\/100\n|-unboost|p1a: Dragapult|spa|2\n|\n|upkeep\n|turn|27\n|\n|t:|1664886139\n|switch|p1a: Corviknight|Corviknight, M|89\/100\n|-damage|p1a: Corviknight|77\/100|[from] Stealth Rock\n|-ability|p1a: Corviknight|Pressure\n|move|p2a: Melmetal|Ice Punch|p1a: Corviknight\n|-crit|p1a: Corviknight\n|-damage|p1a: Corviknight|44\/100\n|\n|upkeep\n|turn|28\n|\n|t:|1664886143\n|move|p1a: Corviknight|Roost|p1a: Corviknight\n|-heal|p1a: Corviknight|94\/100\n|-singleturn|p1a: Corviknight|move: Roost\n|move|p2a: Melmetal|Thunder Punch|p1a: Corviknight\n|-damage|p1a: Corviknight|71\/100\n|\n|upkeep\n|turn|29\n|\n|t:|1664886147\n|move|p1a: Corviknight|U-turn|p2a: Melmetal\n|-resisted|p2a: Melmetal\n|-damage|p2a: Melmetal|74\/100\n|\n|t:|1664886153\n|switch|p1a: Seismitoad|Seismitoad, F|81\/100|[from]move: U-turn\n|-damage|p1a: Seismitoad|75\/100|[from] Stealth Rock\n|move|p2a: Melmetal|Thunder Punch|p1a: Seismitoad\n|-immune|p1a: Seismitoad\n|\n|-heal|p1a: Seismitoad|81\/100|[from] item: Leftovers\n|upkeep\n|turn|30\n|\n|t:|1664886157\n|switch|p2a: Tangrowth|Tangrowth, M|100\/100 tox\n|move|p1a: Seismitoad|Knock Off|p2a: Tangrowth\n|-damage|p2a: Tangrowth|89\/100 tox\n|-damage|p1a: Seismitoad|64\/100|[from] item: Rocky Helmet|[of] p2a: Tangrowth\n|-enditem|p2a: Tangrowth|Rocky Helmet|[from] move: Knock Off|[of] p1a: Seismitoad\n|\n|-heal|p1a: Seismitoad|70\/100|[from] item: Leftovers\n|-damage|p2a: Tangrowth|83\/100 tox|[from] psn\n|upkeep\n|turn|31\n|\n|t:|1664886163\n|switch|p1a: Corviknight|Corviknight, M|71\/100\n|-damage|p1a: Corviknight|58\/100|[from] Stealth Rock\n|-ability|p1a: Corviknight|Pressure\n|move|p2a: Tangrowth|Giga Drain|p1a: Corviknight\n|-resisted|p1a: Corviknight\n|-damage|p1a: Corviknight|52\/100\n|-heal|p2a: Tangrowth|86\/100 tox|[from] drain|[of] p1a: Corviknight\n|\n|-damage|p2a: Tangrowth|74\/100 tox|[from] psn\n|upkeep\n|turn|32\n|\n|t:|1664886165\n|switch|p2a: rotomwash|Rotom-Wash|100\/100\n|move|p1a: Corviknight|Defog|p2a: rotomwash\n|-unboost|p2a: rotomwash|evasion|1\n|-sideend|p1: Scoots Mgee|Stealth Rock|[from] move: Defog|[of] p1a: Corviknight\n|\n|upkeep\n|turn|33\n|\n|t:|1664886167\n|switch|p1a: Seismitoad|Seismitoad, F|70\/100\n|move|p2a: rotomwash|Nasty Plot|p2a: rotomwash\n|-boost|p2a: rotomwash|spa|2\n|\n|-heal|p1a: Seismitoad|76\/100|[from] item: Leftovers\n|upkeep\n|turn|34\n|\n|t:|1664886170\n|move|p2a: rotomwash|Nasty Plot|p2a: rotomwash\n|-boost|p2a: rotomwash|spa|2\n|move|p1a: Seismitoad|Toxic|p2a: rotomwash\n|-status|p2a: rotomwash|tox\n|\n|-heal|p1a: Seismitoad|82\/100|[from] item: Leftovers\n|-damage|p2a: rotomwash|94\/100 tox|[from] psn\n|upkeep\n|turn|35\n|\n|t:|1664886172\n|move|p2a: rotomwash|Thunderbolt|p1a: Seismitoad\n|-immune|p1a: Seismitoad\n|move|p1a: Seismitoad|Knock Off|p2a: rotomwash\n|-damage|p2a: rotomwash|70\/100 tox\n|-enditem|p2a: rotomwash|Leftovers|[from] move: Knock Off|[of] p1a: Seismitoad\n|\n|-heal|p1a: Seismitoad|88\/100|[from] item: Leftovers\n|-damage|p2a: rotomwash|57\/100 tox|[from] psn\n|upkeep\n|turn|36\n|\n|t:|1664886178\n|move|p2a: rotomwash|Thunderbolt|p1a: Seismitoad\n|-immune|p1a: Seismitoad\n|move|p1a: Seismitoad|Knock Off|p2a: rotomwash\n|-crit|p2a: rotomwash\n|-damage|p2a: rotomwash|35\/100 tox\n|\n|-heal|p1a: Seismitoad|94\/100|[from] item: Leftovers\n|-damage|p2a: rotomwash|16\/100 tox|[from] psn\n|upkeep\n|turn|37\n|\n|t:|1664886180\n|move|p2a: rotomwash|Pain Split|p1a: Seismitoad\n|-sethp|p1a: Seismitoad|53\/100|[from] move: Pain Split|[silent]\n|-sethp|p2a: rotomwash|72\/100 tox|[from] move: Pain Split\n|move|p1a: Seismitoad|Knock Off|p2a: rotomwash\n|-damage|p2a: rotomwash|56\/100 tox\n|\n|-heal|p1a: Seismitoad|59\/100|[from] item: Leftovers\n|-damage|p2a: rotomwash|31\/100 tox|[from] psn\n|upkeep\n|turn|38\n|\n|t:|1664886182\n|move|p2a: rotomwash|Pain Split|p1a: Seismitoad\n|-sethp|p1a: Seismitoad|41\/100|[from] move: Pain Split|[silent]\n|-sethp|p2a: rotomwash|55\/100 tox|[from] move: Pain Split\n|move|p1a: Seismitoad|Knock Off|p2a: rotomwash\n|-damage|p2a: rotomwash|40\/100 tox\n|\n|-heal|p1a: Seismitoad|47\/100|[from] item: Leftovers\n|-damage|p2a: rotomwash|8\/100 tox|[from] psn\n|upkeep\n|turn|39\n|\n|t:|1664886184\n|switch|p2a: landorustherian|Landorus-Therian, M|53\/100 tox\n|-ability|p2a: landorustherian|Intimidate|boost\n|-unboost|p1a: Seismitoad|atk|1\n|move|p1a: Seismitoad|Knock Off|p2a: landorustherian\n|-damage|p2a: landorustherian|38\/100 tox\n|-enditem|p2a: landorustherian|Leftovers|[from] move: Knock Off|[of] p1a: Seismitoad\n|\n|-heal|p1a: Seismitoad|53\/100|[from] item: Leftovers\n|-damage|p2a: landorustherian|32\/100 tox|[from] psn\n|upkeep\n|turn|40\n|\n|t:|1664886187\n|switch|p2a: Melmetal|Melmetal|74\/100\n|switch|p1a: Corviknight|Corviknight, M|52\/100\n|-ability|p1a: Corviknight|Pressure\n|\n|upkeep\n|turn|41\n|\n|t:|1664886189\n|move|p1a: Corviknight|Roost|p1a: Corviknight\n|-heal|p1a: Corviknight|100\/100\n|-singleturn|p1a: Corviknight|move: Roost\n|move|p2a: Melmetal|Ice Punch|p1a: Corviknight\n|-resisted|p1a: Corviknight\n|-damage|p1a: Corviknight|90\/100\n|\n|upkeep\n|turn|42\n|\n|t:|1664886193\n|move|p1a: Corviknight|U-turn|p2a: Melmetal\n|-resisted|p2a: Melmetal\n|-damage|p2a: Melmetal|70\/100\n|\n|t:|1664886194\n|switch|p1a: Seismitoad|Seismitoad, F|53\/100|[from]move: U-turn\n|move|p2a: Melmetal|Ice Punch|p1a: Seismitoad\n|-damage|p1a: Seismitoad|28\/100\n|\n|-heal|p1a: Seismitoad|34\/100|[from] item: Leftovers\n|upkeep\n|turn|43\n|\n|t:|1664886201\n|switch|p2a: rotomwash|Rotom-Wash|8\/100 tox\n|move|p1a: Seismitoad|Knock Off|p2a: rotomwash\n|-damage|p2a: rotomwash|0 fnt\n|faint|p2a: rotomwash\n|\n|-heal|p1a: Seismitoad|40\/100|[from] item: Leftovers\n|upkeep\n|\n|t:|1664886201\n|switch|p2a: Weavile|Weavile, F|49\/100 par\n|-ability|p2a: Weavile|Pressure\n|turn|44\n|\n|t:|1664886204\n|cant|p2a: Weavile|par\n|move|p1a: Seismitoad|Earthquake|p2a: Weavile\n|-damage|p2a: Weavile|0 fnt\n|faint|p2a: Weavile\n|\n|-heal|p1a: Seismitoad|46\/100|[from] item: Leftovers\n|upkeep\n|\n|t:|1664886204\n|switch|p2a: Tangrowth|Tangrowth, M|100\/100 tox\n|turn|45\n|\n|t:|1664886207\n|switch|p1a: Corviknight|Corviknight, M|90\/100\n|-ability|p1a: Corviknight|Pressure\n|move|p2a: Tangrowth|Sleep Powder|p1a: Corviknight\n|-status|p1a: Corviknight|slp|[from] move: Sleep Powder\n|\n|-damage|p2a: Tangrowth|94\/100 tox|[from] psn\n|upkeep\n|turn|46\n|\n|t:|1664886209\n|switch|p1a: Blissey|Blissey, F|35\/100\n|move|p2a: Tangrowth|Knock Off|p1a: Blissey\n|-damage|p1a: Blissey|23\/100\n|\n|-damage|p2a: Tangrowth|82\/100 tox|[from] psn\n|upkeep\n|turn|47\n|\n|t:|1664886211\n|switch|p2a: Melmetal|Melmetal|70\/100\n|move|p1a: Blissey|Wish|p1a: Blissey\n|\n|upkeep\n|turn|48\n|\n|t:|1664886213\n|move|p1a: Blissey|Protect|p1a: Blissey\n|-singleturn|p1a: Blissey|Protect\n|move|p2a: Melmetal|Ice Punch|p1a: Blissey\n|-activate|p1a: Blissey|move: Protect\n|\n|-heal|p1a: Blissey|73\/100|[from] move: Wish|[wisher] Blissey\n|upkeep\n|turn|49\n|\n|t:|1664886222\n|switch|p1a: Corviknight|Corviknight, M|90\/100 slp\n|-ability|p1a: Corviknight|Pressure\n|move|p2a: Melmetal|Double Iron Bash|p1a: Corviknight\n|-resisted|p1a: Corviknight\n|-damage|p1a: Corviknight|77\/100 slp\n|-resisted|p1a: Corviknight\n|-damage|p1a: Corviknight|63\/100 slp\n|-hitcount|p1a: Corviknight|2\n|\n|upkeep\n|turn|50\n|\n|t:|1664886224\n|cant|p1a: Corviknight|slp\n|move|p2a: Melmetal|Double Iron Bash|p1a: Corviknight\n|-resisted|p1a: Corviknight\n|-damage|p1a: Corviknight|50\/100 slp\n|-resisted|p1a: Corviknight\n|-damage|p1a: Corviknight|36\/100 slp\n|-hitcount|p1a: Corviknight|2\n|\n|upkeep\n|turn|51\n|\n|t:|1664886226\n|-curestatus|p1a: Corviknight|slp|[msg]\n|move|p1a: Corviknight|Roost|p1a: Corviknight\n|-heal|p1a: Corviknight|86\/100\n|-singleturn|p1a: Corviknight|move: Roost\n|move|p2a: Melmetal|Double Iron Bash|p1a: Corviknight\n|-resisted|p1a: Corviknight\n|-damage|p1a: Corviknight|74\/100\n|-resisted|p1a: Corviknight\n|-damage|p1a: Corviknight|60\/100\n|-hitcount|p1a: Corviknight|2\n|\n|upkeep\n|turn|52\n|\n|t:|1664886228\n|move|p1a: Corviknight|Roost|p1a: Corviknight\n|-heal|p1a: Corviknight|100\/100\n|-singleturn|p1a: Corviknight|move: Roost\n|move|p2a: Melmetal|Ice Punch|p1a: Corviknight\n|-resisted|p1a: Corviknight\n|-damage|p1a: Corviknight|89\/100\n|-status|p1a: Corviknight|frz\n|\n|upkeep\n|turn|53\n|\n|t:|1664886231\n|cant|p1a: Corviknight|frz\n|move|p2a: Melmetal|Double Iron Bash|p1a: Corviknight\n|-resisted|p1a: Corviknight\n|-damage|p1a: Corviknight|76\/100 frz\n|-resisted|p1a: Corviknight\n|-damage|p1a: Corviknight|63\/100 frz\n|-hitcount|p1a: Corviknight|2\n|\n|upkeep\n|turn|54\n|\n|t:|1664886233\n|-curestatus|p1a: Corviknight|frz|[msg]\n|move|p1a: Corviknight|Roost|p1a: Corviknight\n|-heal|p1a: Corviknight|100\/100\n|-singleturn|p1a: Corviknight|move: Roost\n|move|p2a: Melmetal|Ice Punch|p1a: Corviknight\n|-resisted|p1a: Corviknight\n|-damage|p1a: Corviknight|89\/100\n|\n|upkeep\n|turn|55\n|\n|t:|1664886235\n|move|p1a: Corviknight|U-turn|p2a: Melmetal\n|-resisted|p2a: Melmetal\n|-damage|p2a: Melmetal|66\/100\n|\n|t:|1664886237\n|switch|p1a: Seismitoad|Seismitoad, F|46\/100|[from]move: U-turn\n|move|p2a: Melmetal|Ice Punch|p1a: Seismitoad\n|-damage|p1a: Seismitoad|20\/100\n|\n|-heal|p1a: Seismitoad|26\/100|[from] item: Leftovers\n|upkeep\n|turn|56\n|\n|t:|1664886240\n|move|p1a: Seismitoad|Knock Off|p2a: Melmetal\n|-damage|p2a: Melmetal|54\/100\n|-enditem|p2a: Melmetal|Assault Vest|[from] move: Knock Off|[of] p1a: Seismitoad\n|move|p2a: Melmetal|Earthquake|p1a: Seismitoad\n|-damage|p1a: Seismitoad|0 fnt\n|faint|p1a: Seismitoad\n|\n|upkeep\n|\n|t:|1664886245\n|switch|p1a: Victini|Victini|76\/100\n|turn|57\n|\n|t:|1664886246\n|move|p1a: Victini|V-create|p2a: Melmetal\n|-supereffective|p2a: Melmetal\n|-damage|p2a: Melmetal|0 fnt\n|-unboost|p1a: Victini|spe|1\n|-unboost|p1a: Victini|def|1\n|-unboost|p1a: Victini|spd|1\n|faint|p2a: Melmetal\n|\n|upkeep\n|\n|t:|1664886246\n|switch|p2a: Tangrowth|Tangrowth, M|100\/100 tox\n|turn|58\n|\n|t:|1664886249\n|move|p1a: Victini|V-create|p2a: Tangrowth\n|-supereffective|p2a: Tangrowth\n|-damage|p2a: Tangrowth|19\/100 tox\n|-unboost|p1a: Victini|spe|1\n|-unboost|p1a: Victini|def|1\n|-unboost|p1a: Victini|spd|1\n|move|p2a: Tangrowth|Knock Off|p1a: Victini\n|-supereffective|p1a: Victini\n|-damage|p1a: Victini|0 fnt\n|-enditem|p1a: Victini|Choice Scarf|[from] move: Knock Off|[of] p2a: Tangrowth\n|faint|p1a: Victini\n|\n|-damage|p2a: Tangrowth|13\/100 tox|[from] psn\n|upkeep\n|\n|t:|1664886252\n|switch|p1a: Dragapult|Dragapult, M|88\/100\n|turn|59\n|\n|t:|1664886253\n|switch|p2a: landorustherian|Landorus-Therian, M|32\/100 tox\n|-ability|p2a: landorustherian|Intimidate|boost\n|-unboost|p1a: Dragapult|atk|1\n|move|p1a: Dragapult|Shadow Ball|p2a: landorustherian\n|-damage|p2a: landorustherian|0 fnt\n|faint|p2a: landorustherian\n|\n|upkeep\n|\n|t:|1664886253\n|switch|p2a: Tangrowth|Tangrowth, M|46\/100 tox\n|turn|60\n|\n|t:|1664886255\n|move|p1a: Dragapult|Shadow Ball|p2a: Tangrowth\n|-damage|p2a: Tangrowth|0 fnt\n|faint|p2a: Tangrowth\n|\n|win|Scoots Mgee\n|raw|Scoots Mgee's rating: 1486 &rarr; <strong>1506<\/strong><br \/>(+20 for winning)\n|raw|minimax_ai's rating: 1487 &rarr; <strong>1467<\/strong><br \/>(-20 for losing)\n|c|\u2606minimax_ai|gg\n","uploadtime":1664886257,"views":5,"p1id":"scootsmgee","p2id":"minimaxai","formatid":"gen8ou","rating":1467,"private":0,"password":null}