{"id":"gen8balancedhackmons-1672023053","p1":"Redflix","p2":"XxSevagxX","format":"gen8balancedhackmons","log":"|j|\u2606Redflix\n|j|\u2606XxSevagxX\n|t:|1664320409\n|gametype|singles\n|player|p1|Redflix|erika|\n|player|p2|XxSevagxX|clerkf|\n|teamsize|p1|6\n|teamsize|p2|6\n|gen|8\n|tier|[Gen 8] Balanced Hackmons\n|rule|OHKO Clause: OHKO moves are banned\n|rule|Evasion Moves Clause: Evasion moves are banned\n|rule|Forme Clause: Limit one of each forme of a Pok\u00e9mon\n|rule|HP Percentage Mod: HP is shown in percentages\n|rule|Dynamax Clause: You cannot dynamax\n|rule|Sleep Clause: Sleep-inducing moves are banned\n|rule|Endless Battle Clause: Forcing endless battles is banned\n|clearpoke\n|poke|p1|Celesteela|\n|poke|p1|Regigigas|\n|poke|p1|Giratina|\n|poke|p1|Ho-Oh|\n|poke|p1|Xerneas-*|\n|poke|p1|Eternatus|\n|poke|p2|Regigigas|\n|poke|p2|Ho-Oh|\n|poke|p2|Zamazenta-Crowned|\n|poke|p2|Zygarde-Complete|\n|poke|p2|Chansey, F|\n|poke|p2|Xerneas-*|\n|teampreview\n|c|\u2606XxSevagxX|gl hf\n|c|\u2606Redflix|hf\n|inactive|Battle timer is ON: inactive players will automatically lose when time's up. (requested by Redflix)\n|inactive|Redflix has 270 seconds left.\n|inactive|Redflix has 240 seconds left.\n|\n|t:|1664320510\n|start\n|switch|p1a: Giratina|Giratina|100\/100\n|switch|p2a: aninterestingidea|Chansey, F|100\/100\n|-transform|p2a: aninterestingidea|p1a: Giratina|[from] ability: Imposter\n|turn|1\n|c|\u2606XxSevagxX|magic bounce: flip \/ core \/ slack off \/ defog\n|\n|t:|1664320527\n|move|p2a: aninterestingidea|Flip Turn|p1a: Giratina\n|-resisted|p1a: Giratina\n|-damage|p1a: Giratina|97\/100\n|\n|t:|1664320532\n|switch|p2a: achadidea|Regigigas|100\/100|[from]move: Flip Turn\n|move|p1a: Giratina|Flip Turn|p2a: achadidea\n|-damage|p2a: achadidea|89\/100\n|\n|t:|1664320536\n|switch|p1a: Regigigas|Regigigas|100\/100|[from]move: Flip Turn\n|\n|-status|p2a: achadidea|tox|[from] item: Toxic Orb\n|-status|p1a: Regigigas|tox|[from] item: Toxic Orb\n|upkeep\n|turn|2\n|\n|t:|1664320541\n|move|p2a: achadidea|Swords Dance|p2a: achadidea\n|-boost|p2a: achadidea|atk|2\n|move|p1a: Regigigas|Facade|p2a: achadidea\n|-damage|p2a: achadidea|32\/100 tox\n|\n|-heal|p2a: achadidea|44\/100 tox|[from] ability: Poison Heal\n|upkeep\n|turn|3\n|\n|t:|1664320546\n|switch|p1a: Celesteela|Celesteela|100\/100\n|move|p2a: achadidea|Facade|p1a: Celesteela\n|-resisted|p1a: Celesteela\n|-damage|p1a: Celesteela|76\/100\n|-damage|p2a: achadidea|28\/100 tox|[from] item: Rocky Helmet|[of] p1a: Celesteela\n|\n|-heal|p2a: achadidea|40\/100 tox|[from] ability: Poison Heal\n|upkeep\n|turn|4\n|\n|t:|1664320558\n|switch|p2a: ageniusidea|Xerneas|100\/100\n|move|p1a: Celesteela|Anchor Shot|p2a: ageniusidea\n|-supereffective|p2a: ageniusidea\n|-damage|p2a: ageniusidea|61\/100\n|-activate|p2a: ageniusidea|trapped\n|\n|upkeep\n|turn|5\n|\n|t:|1664320565\n|switch|p1a: Eternatus|Eternatus|100\/100\n|move|p2a: ageniusidea|Volt Switch|p1a: Eternatus\n|-resisted|p1a: Eternatus\n|-damage|p1a: Eternatus|93\/100\n|\n|t:|1664320571\n|switch|p2a: aninterestingidea|Chansey, F|100\/100|[from]move: Volt Switch\n|-transform|p2a: aninterestingidea|p1a: Eternatus|[from] ability: Imposter\n|\n|upkeep\n|turn|6\n|c|\u2606XxSevagxX|regen: core \/ sludge \/ ep \/ spikes\n|\n|t:|1664320589\n|move|p1a: Eternatus|Core Enforcer|p2a: aninterestingidea\n|-supereffective|p2a: aninterestingidea\n|-damage|p2a: aninterestingidea|58\/100\n|-damage|p1a: Eternatus|84\/100|[from] item: Life Orb\n|move|p2a: aninterestingidea|Spikes|p1a: Eternatus\n|-sidestart|p1: Redflix|Spikes\n|\n|upkeep\n|turn|7\n|\n|t:|1664320606\n|move|p1a: Eternatus|Spikes|p2a: aninterestingidea\n|-sidestart|p2: XxSevagxX|Spikes\n|move|p2a: aninterestingidea|Core Enforcer|p1a: Eternatus\n|-supereffective|p1a: Eternatus\n|-damage|p1a: Eternatus|17\/100\n|-endability|p1a: Eternatus\n|\n|upkeep\n|turn|8\n|\n|t:|1664320629\n|switch|p1a: Celesteela|Celesteela|76\/100\n|move|p2a: aninterestingidea|Spikes|p1a: Celesteela\n|-sidestart|p1: Redflix|Spikes\n|\n|upkeep\n|turn|9\n|\n|t:|1664320637\n|switch|p2a: abasedidea|Ho-Oh|100\/100\n|-weather|DesolateLand|[from] ability: Desolate Land|[of] p2a: abasedidea\n|switch|p1a: Giratina|Giratina|97\/100\n|-damage|p1a: Giratina|80\/100|[from] Spikes\n|\n|-weather|DesolateLand|[upkeep]\n|-heal|p1a: Giratina|86\/100|[from] item: Leftovers\n|upkeep\n|turn|10\n|\n|t:|1664320665\n|move|p2a: abasedidea|Swords Dance|p2a: abasedidea\n|-boost|p2a: abasedidea|atk|2\n|move|p1a: Giratina|Defog|p2a: abasedidea\n|-unboost|p2a: abasedidea|evasion|1\n|-sideend|p2: XxSevagxX|Spikes|[from] move: Defog|[of] p1a: Giratina\n|-sideend|p1: Redflix|Spikes|[from] move: Defog|[of] p1a: Giratina\n|\n|-weather|DesolateLand|[upkeep]\n|-heal|p1a: Giratina|93\/100|[from] item: Leftovers\n|upkeep\n|turn|11\n|\n|t:|1664320674\n|move|p2a: abasedidea|Glacial Lance|p1a: Giratina\n|-supereffective|p1a: Giratina\n|-damage|p1a: Giratina|20\/100\n|move|p1a: Giratina|Core Enforcer|p2a: abasedidea\n|-damage|p2a: abasedidea|81\/100\n|-endability|p2a: abasedidea\n|-weather|none\n|\n|-heal|p1a: Giratina|26\/100|[from] item: Leftovers\n|upkeep\n|turn|12\n|inactive|Redflix has 270 seconds left.\n|inactive|Redflix has 240 seconds left.\n|inactive|Redflix has 210 seconds left.\n|inactive|Redflix has 180 seconds left.\n|\n|t:|1664320802\n|move|p2a: abasedidea|Glacial Lance|p1a: Giratina\n|-supereffective|p1a: Giratina\n|-damage|p1a: Giratina|0 fnt\n|faint|p1a: Giratina\n|\n|upkeep\n|\n|t:|1664320803\n|switch|p1a: Ho-Oh|Ho-Oh|100\/100\n|turn|13\n|\n|t:|1664320809\n|switch|p2a: aflamboyantidea|Zamazenta-Crowned|100\/100\n|-weather|PrimordialSea|[from] ability: Primordial Sea|[of] p2a: aflamboyantidea\n|move|p1a: Ho-Oh|Topsy-Turvy||[still]\n|-fail|p1a: Ho-Oh\n|\n|-weather|PrimordialSea|[upkeep]\n|upkeep\n|turn|14\n|\n|t:|1664320815\n|move|p1a: Ho-Oh|Glare|p2a: aflamboyantidea\n|-status|p2a: aflamboyantidea|par\n|move|p2a: aflamboyantidea|Fishious Rend|p1a: Ho-Oh\n|-supereffective|p1a: Ho-Oh\n|-damage|p1a: Ho-Oh|24\/100\n|\n|-weather|PrimordialSea|[upkeep]\n|upkeep\n|turn|15\n|\n|t:|1664320818\n|move|p1a: Ho-Oh|Recover|p1a: Ho-Oh\n|-heal|p1a: Ho-Oh|74\/100\n|move|p2a: aflamboyantidea|Glacial Lance|p1a: Ho-Oh\n|-damage|p1a: Ho-Oh|43\/100\n|\n|-weather|PrimordialSea|[upkeep]\n|upkeep\n|turn|16\n|inactive|Redflix has 210 seconds left.\n|\n|t:|1664320844\n|switch|p1a: Xerneas|Xerneas|100\/100\n|move|p2a: aflamboyantidea|Glacial Lance|p1a: Xerneas\n|-damage|p1a: Xerneas|70\/100\n|\n|-weather|PrimordialSea|[upkeep]\n|upkeep\n|turn|17\n|\n|t:|1664320850\n|-weather|none\n|switch|p2a: aninterestingidea|Chansey, F|91\/100\n|-transform|p2a: aninterestingidea|p1a: Xerneas|[from] ability: Imposter\n|move|p1a: Xerneas|Boomburst|p2a: aninterestingidea\n|-damage|p2a: aninterestingidea|62\/100\n|\n|upkeep\n|turn|18\n|\n|t:|1664320876\n|move|p2a: aninterestingidea|Boomburst|p1a: Xerneas\n|-crit|p1a: Xerneas\n|-damage|p1a: Xerneas|0 fnt\n|faint|p1a: Xerneas\n|\n|upkeep\n|c|\u2606XxSevagxX|my b\n|inactive|Redflix has 180 seconds left.\n|c|\u2606XxSevagxX|~~unless u were -spdef~~\n|inactive|Redflix has 150 seconds left.\n|c|\u2606Redflix|!showset 5\n|c| Redflix|\/raw <div class=\"infobox\">Xerneas @ Pixie Plate  <br \/>Ability: Pixilate  <br \/>EVs: 252 HP &#x2f; 252 Atk &#x2f; 252 Def &#x2f; 252 SpA &#x2f; 252 SpD &#x2f; 252 Spe  <br \/>Hasty Nature  <br \/>- Explosion  <br \/>- V-create  <br \/>- Boomburst  <br \/>- Volt Switch  <br \/><br \/><\/div>\n|c|\u2606XxSevagxX|eek\n|inactive|Redflix has 120 seconds left.\n|c|\u2606Redflix|o well\n|inactive|Redflix has 90 seconds left.\n|\n|t:|1664321008\n|switch|p1a: Celesteela|Celesteela|76\/100\n|turn|19\n|\n|t:|1664321015\n|switch|p1a: Eternatus|Eternatus|17\/100\n|move|p2a: aninterestingidea|Volt Switch|p1a: Eternatus\n|-resisted|p1a: Eternatus\n|-damage|p1a: Eternatus|9\/100\n|\n|t:|1664321026\n|switch|p2a: abasedidea|Ho-Oh|81\/100|[from]move: Volt Switch\n|-weather|DesolateLand|[from] ability: Desolate Land|[of] p2a: abasedidea\n|\n|-weather|DesolateLand|[upkeep]\n|upkeep\n|turn|20\n|\n|t:|1664321037\n|switch|p1a: Ho-Oh|Ho-Oh|43\/100\n|move|p2a: abasedidea|V-create|p1a: Ho-Oh\n|-resisted|p1a: Ho-Oh\n|-damage|p1a: Ho-Oh|0 fnt\n|-unboost|p2a: abasedidea|spe|1\n|-unboost|p2a: abasedidea|def|1\n|-unboost|p2a: abasedidea|spd|1\n|faint|p1a: Ho-Oh\n|\n|-weather|DesolateLand|[upkeep]\n|upkeep\n|\n|t:|1664321040\n|switch|p1a: Regigigas|Regigigas|100\/100 tox\n|turn|21\n|\n|t:|1664321057\n|move|p1a: Regigigas|Swords Dance|p1a: Regigigas\n|-boost|p1a: Regigigas|atk|2\n|move|p2a: abasedidea|V-create|p1a: Regigigas\n|-damage|p1a: Regigigas|23\/100 tox\n|-unboost|p2a: abasedidea|spe|1\n|-unboost|p2a: abasedidea|def|1\n|-unboost|p2a: abasedidea|spd|1\n|\n|-weather|DesolateLand|[upkeep]\n|-heal|p1a: Regigigas|36\/100 tox|[from] ability: Poison Heal\n|upkeep\n|turn|22\n|\n|t:|1664321070\n|-weather|none\n|switch|p2a: achadidea|Regigigas|40\/100 tox\n|move|p1a: Regigigas|Facade|p2a: achadidea\n|-damage|p2a: achadidea|0 fnt\n|faint|p2a: achadidea\n|\n|-heal|p1a: Regigigas|48\/100 tox|[from] ability: Poison Heal\n|upkeep\n|\n|t:|1664321071\n|switch|p2a: ageniusidea|Xerneas|61\/100\n|turn|23\n|\n|t:|1664321075\n|switch|p1a: Celesteela|Celesteela|76\/100\n|move|p2a: ageniusidea|Boomburst|p1a: Celesteela\n|-resisted|p1a: Celesteela\n|-damage|p1a: Celesteela|49\/100\n|\n|upkeep\n|turn|24\n|inactive|Redflix has 120 seconds left.\n|\n|t:|1664321089\n|move|p2a: ageniusidea|Volt Switch|p1a: Celesteela\n|-supereffective|p1a: Celesteela\n|-damage|p1a: Celesteela|16\/100\n|\n|t:|1664321091\n|switch|p2a: abasedidea|Ho-Oh|81\/100|[from]move: Volt Switch\n|-weather|DesolateLand|[from] ability: Desolate Land|[of] p2a: abasedidea\n|move|p1a: Celesteela|Roost|p1a: Celesteela\n|-heal|p1a: Celesteela|66\/100\n|-singleturn|p1a: Celesteela|move: Roost\n|\n|-weather|DesolateLand|[upkeep]\n|upkeep\n|turn|25\n|\n|t:|1664321105\n|move|p2a: abasedidea|Swords Dance|p2a: abasedidea\n|-boost|p2a: abasedidea|atk|2\n|move|p1a: Celesteela|Oblivion Wing|p2a: abasedidea\n|-damage|p2a: abasedidea|63\/100\n|-heal|p1a: Celesteela|80\/100|[from] drain|[of] p2a: abasedidea\n|\n|-weather|DesolateLand|[upkeep]\n|upkeep\n|turn|26\n|\n|t:|1664321110\n|move|p2a: abasedidea|V-create|p1a: Celesteela\n|-supereffective|p1a: Celesteela\n|-damage|p1a: Celesteela|0 fnt\n|-unboost|p2a: abasedidea|spe|1\n|-unboost|p2a: abasedidea|def|1\n|-unboost|p2a: abasedidea|spd|1\n|-damage|p2a: abasedidea|46\/100|[from] item: Rocky Helmet|[of] p1a: Celesteela\n|faint|p1a: Celesteela\n|\n|-weather|DesolateLand|[upkeep]\n|upkeep\n|\n|t:|1664321115\n|switch|p1a: Regigigas|Regigigas|48\/100 tox\n|turn|27\n|\n|t:|1664321128\n|-weather|none\n|switch|p2a: ageniusidea|Xerneas|61\/100\n|move|p1a: Regigigas|Facade|p2a: ageniusidea\n|-damage|p2a: ageniusidea|1\/100\n|\n|-heal|p1a: Regigigas|61\/100 tox|[from] ability: Poison Heal\n|upkeep\n|turn|28\n|inactive|XxSevagxX has 270 seconds left.\n|inactive|Redflix has 120 seconds left.\n|inactive|Redflix has 90 seconds left.\n|c|\u2606Redflix|surprised u risked the explosion on chansey with the tie when gigas full set wasnt even revealed\n|c|\u2606Redflix|(i clicked explosion too)\n|\n|t:|1664321215\n|move|p2a: ageniusidea|Boomburst|p1a: Regigigas\n|-damage|p1a: Regigigas|7\/100 tox\n|move|p1a: Regigigas|Facade|p2a: ageniusidea\n|-damage|p2a: ageniusidea|0 fnt\n|faint|p2a: ageniusidea\n|\n|-heal|p1a: Regigigas|19\/100 tox|[from] ability: Poison Heal\n|upkeep\n|inactive|XxSevagxX has 270 seconds left.\n|c|\u2606XxSevagxX|since xern and ho-oh are +spe\n|c|\u2606XxSevagxX|and regigigas is adament\n|c|\u2606XxSevagxX|i felt p confident about it beig swords dance\n|c|\u2606XxSevagxX|i figured xern + ho-oh would win\n|\n|t:|1664321247\n|switch|p2a: abasedidea|Ho-Oh|46\/100\n|-weather|DesolateLand|[from] ability: Desolate Land|[of] p2a: abasedidea\n|turn|29\n|\n|t:|1664321258\n|move|p2a: abasedidea|Glacial Lance|p1a: Regigigas\n|-damage|p1a: Regigigas|0 fnt\n|faint|p1a: Regigigas\n|\n|-weather|DesolateLand|[upkeep]\n|upkeep\n|\n|t:|1664321260\n|switch|p1a: Eternatus|Eternatus|43\/100\n|turn|30\n|inactive|Redflix has 90 seconds left.\n|\n|t:|1664321269\n|move|p1a: Eternatus|Core Enforcer|p2a: abasedidea\n|-damage|p2a: abasedidea|10\/100\n|-damage|p1a: Eternatus|33\/100|[from] item: Life Orb\n|move|p2a: abasedidea|Glacial Lance|p1a: Eternatus\n|-supereffective|p1a: Eternatus\n|-damage|p1a: Eternatus|0 fnt\n|faint|p1a: Eternatus\n|\n|win|XxSevagxX\n|l|\u2606XxSevagxX\n","uploadtime":1664321274,"views":74,"p1id":"redflix","p2id":"xxsevagxx","formatid":"gen8balancedhackmons","rating":0,"private":0,"password":null}