{"id":"gen8nu-1519276239","p1":"IJustClickRandom","p2":"Ivyon","format":"gen8nu","log":"|j|\u2606IJustClickRandom\n|j|\u2606Ivyon\n|t:|1645891655\n|gametype|singles\n|player|p1|IJustClickRandom|erika|1245\n|player|p2|Ivyon|blue|1252\n|teamsize|p1|6\n|teamsize|p2|6\n|gen|8\n|tier|[Gen 8] NU\n|rated|\n|rule|Sleep Clause Mod: Limit one foe put to sleep\n|rule|Species Clause: Limit one of each Pok\u00e9mon\n|rule|OHKO Clause: OHKO moves are banned\n|rule|Evasion Moves Clause: Evasion moves are banned\n|rule|Endless Battle Clause: Forcing endless battles is banned\n|rule|HP Percentage Mod: HP is shown in percentages\n|rule|Dynamax Clause: You cannot dynamax\n|clearpoke\n|poke|p1|Rotom-Mow|\n|poke|p1|Diancie|\n|poke|p1|Copperajah, F|\n|poke|p1|Galvantula, F|\n|poke|p1|Virizion|\n|poke|p1|Salazzle, F|\n|poke|p2|Tyrantrum, M|\n|poke|p2|Doublade, M|\n|poke|p2|Rotom-Mow|\n|poke|p2|Sylveon, F|\n|poke|p2|Sirfetch\u2019d, M|\n|poke|p2|Arcanine, M|\n|teampreview\n|inactive|Battle timer is ON: inactive players will automatically lose when time's up. (requested by IJustClickRandom)\n|\n|t:|1645891677\n|start\n|switch|p1a: Galvantula|Galvantula, F|100\/100\n|switch|p2a: Rotom|Rotom-Mow, shiny|100\/100\n|turn|1\n|\n|t:|1645891687\n|move|p2a: Rotom|Trick|p1a: Galvantula\n|-activate|p2a: Rotom|move: Trick|[of] p1a: Galvantula\n|-item|p1a: Galvantula|Choice Scarf|[from] move: Trick\n|-item|p2a: Rotom|Focus Sash|[from] move: Trick\n|move|p1a: Galvantula|Bug Buzz|p2a: Rotom\n|-supereffective|p2a: Rotom\n|-enditem|p2a: Rotom|Focus Sash\n|-damage|p2a: Rotom|1\/100\n|\n|upkeep\n|turn|2\n|\n|t:|1645891695\n|switch|p2a: Arcanine|Arcanine, M|100\/100\n|-ability|p2a: Arcanine|Intimidate|boost\n|-unboost|p1a: Galvantula|atk|1\n|move|p1a: Galvantula|Bug Buzz|p2a: Arcanine\n|-resisted|p2a: Arcanine\n|-damage|p2a: Arcanine|81\/100\n|\n|upkeep\n|turn|3\n|\n|t:|1645891701\n|switch|p1a: Diancie|Diancie|100\/100\n|switch|p2a: Rotom|Rotom-Mow, shiny|1\/100\n|\n|upkeep\n|turn|4\n|\n|t:|1645891710\n|move|p2a: Rotom|Volt Switch|p1a: Diancie\n|-crit|p1a: Diancie\n|-damage|p1a: Diancie|60\/100\n|\n|t:|1645891723\n|switch|p2a: Doublade|Doublade, M, shiny|100\/100|[from]move: Volt Switch\n|move|p1a: Diancie|Stealth Rock|p2a: Doublade\n|-sidestart|p2: Ivyon|move: Stealth Rock\n|\n|-heal|p1a: Diancie|66\/100|[from] item: Leftovers\n|upkeep\n|turn|5\n|\n|t:|1645891731\n|switch|p1a: Copperajah|Copperajah, F|100\/100\n|move|p2a: Doublade|Swords Dance|p2a: Doublade\n|-boost|p2a: Doublade|atk|2\n|\n|upkeep\n|turn|6\n|\n|t:|1645891734\n|move|p2a: Doublade|Close Combat|p1a: Copperajah\n|-supereffective|p1a: Copperajah\n|-damage|p1a: Copperajah|0 fnt\n|-unboost|p2a: Doublade|def|1\n|-unboost|p2a: Doublade|spd|1\n|faint|p1a: Copperajah\n|\n|upkeep\n|\n|t:|1645891736\n|switch|p1a: Salazzle|Salazzle, F|100\/100\n|turn|7\n|\n|t:|1645891746\n|switch|p2a: Rotom|Rotom-Mow, shiny|1\/100\n|-damage|p2a: Rotom|0 fnt|[from] Stealth Rock\n|faint|p2a: Rotom\n|move|p1a: Salazzle|Flamethrower|p2: Rotom|[notarget]\n|-fail|p1a: Salazzle\n|\n|upkeep\n|\n|t:|1645891756\n|switch|p2a: Tyrantrum|Tyrantrum, M, shiny|100\/100\n|-damage|p2a: Tyrantrum|88\/100|[from] Stealth Rock\n|turn|8\n|\n|t:|1645891759\n|switch|p1a: Virizion|Virizion|100\/100\n|move|p2a: Tyrantrum|Dragon Dance|p2a: Tyrantrum\n|-boost|p2a: Tyrantrum|atk|1\n|-boost|p2a: Tyrantrum|spe|1\n|\n|upkeep\n|turn|9\n|\n|t:|1645891765\n|switch|p2a: Doublade|Doublade, M, shiny|100\/100\n|-damage|p2a: Doublade|94\/100|[from] Stealth Rock\n|move|p1a: Virizion|Close Combat|p2a: Doublade\n|-immune|p2a: Doublade\n|\n|upkeep\n|turn|10\n|\n|t:|1645891774\n|switch|p1a: Galvantula|Galvantula, F|100\/100\n|move|p2a: Doublade|Iron Head|p1a: Galvantula\n|-resisted|p1a: Galvantula\n|-damage|p1a: Galvantula|64\/100\n|\n|upkeep\n|turn|11\n|\n|t:|1645891779\n|move|p1a: Galvantula|Thunder Wave|p2a: Doublade\n|-status|p2a: Doublade|par\n|move|p2a: Doublade|Iron Head|p1a: Galvantula\n|-resisted|p1a: Galvantula\n|-damage|p1a: Galvantula|25\/100\n|\n|upkeep\n|turn|12\n|\n|t:|1645891800\n|switch|p1a: Rotom|Rotom-Mow|100\/100\n|move|p2a: Doublade|Shadow Sneak|p1a: Rotom\n|-damage|p1a: Rotom|72\/100\n|\n|upkeep\n|turn|13\n|\n|t:|1645891807\n|switch|p2a: Sylveon|Sylveon, F, shiny|100\/100\n|-damage|p2a: Sylveon|88\/100|[from] Stealth Rock\n|move|p1a: Rotom|Nasty Plot|p1a: Rotom\n|-boost|p1a: Rotom|spa|2\n|\n|-heal|p2a: Sylveon|94\/100|[from] item: Leftovers\n|upkeep\n|turn|14\n|\n|t:|1645891812\n|move|p1a: Rotom|Leaf Storm|p2a: Sylveon|[miss]\n|-miss|p1a: Rotom|p2a: Sylveon\n|move|p2a: Sylveon|Mystical Fire|p1a: Rotom\n|-supereffective|p1a: Rotom\n|-damage|p1a: Rotom|16\/100\n|-unboost|p1a: Rotom|spa|1\n|\n|-heal|p2a: Sylveon|99\/100|[from] item: Leftovers\n|upkeep\n|turn|15\n|\n|t:|1645891817\n|move|p1a: Rotom|Leaf Storm|p2a: Sylveon\n|-damage|p2a: Sylveon|47\/100\n|-unboost|p1a: Rotom|spa|2\n|move|p2a: Sylveon|Wish|p2a: Sylveon\n|\n|-heal|p2a: Sylveon|53\/100|[from] item: Leftovers\n|upkeep\n|turn|16\n|\n|t:|1645891821\n|move|p1a: Rotom|Thunderbolt|p2a: Sylveon\n|-damage|p2a: Sylveon|39\/100\n|-status|p2a: Sylveon|par\n|move|p2a: Sylveon|Mystical Fire|p1a: Rotom\n|-supereffective|p1a: Rotom\n|-damage|p1a: Rotom|0 fnt\n|faint|p1a: Rotom\n|\n|-heal|p2a: Sylveon|89\/100 par|[from] move: Wish|[wisher] Sylveon\n|-heal|p2a: Sylveon|95\/100 par|[from] item: Leftovers\n|upkeep\n|\n|t:|1645891824\n|switch|p1a: Salazzle|Salazzle, F|100\/100\n|turn|17\n|\n|t:|1645891833\n|move|p1a: Salazzle|Substitute|p1a: Salazzle\n|-start|p1a: Salazzle|Substitute\n|-damage|p1a: Salazzle|76\/100\n|move|p2a: Sylveon|Hyper Voice|p1a: Salazzle\n|-resisted|p1a: Salazzle\n|-damage|p1a: Salazzle|56\/100\n|\n|-heal|p1a: Salazzle|62\/100|[from] item: Leftovers\n|-heal|p2a: Sylveon|100\/100 par|[from] item: Leftovers\n|upkeep\n|turn|18\n|\n|t:|1645891836\n|move|p1a: Salazzle|Nasty Plot|p1a: Salazzle\n|-boost|p1a: Salazzle|spa|2\n|move|p2a: Sylveon|Mystical Fire|p1a: Salazzle\n|-resisted|p1a: Salazzle\n|-activate|p1a: Salazzle|move: Substitute|[damage]\n|\n|-heal|p1a: Salazzle|68\/100|[from] item: Leftovers\n|upkeep\n|turn|19\n|\n|t:|1645891839\n|move|p1a: Salazzle|Nasty Plot|p1a: Salazzle\n|-boost|p1a: Salazzle|spa|2\n|move|p2a: Sylveon|Hyper Voice|p1a: Salazzle\n|-resisted|p1a: Salazzle\n|-damage|p1a: Salazzle|47\/100\n|\n|-heal|p1a: Salazzle|53\/100|[from] item: Leftovers\n|upkeep\n|turn|20\n|\n|t:|1645891842\n|move|p1a: Salazzle|Sludge Wave|p2a: Sylveon\n|-supereffective|p2a: Sylveon\n|-damage|p2a: Sylveon|0 fnt\n|faint|p2a: Sylveon\n|\n|-heal|p1a: Salazzle|59\/100|[from] item: Leftovers\n|upkeep\n|\n|t:|1645891847\n|switch|p2a: Doublade|Doublade, M, shiny|94\/100 par\n|-damage|p2a: Doublade|88\/100 par|[from] Stealth Rock\n|turn|21\n|\n|t:|1645891851\n|move|p2a: Doublade|Shadow Sneak|p1a: Salazzle\n|-crit|p1a: Salazzle\n|-end|p1a: Salazzle|Substitute\n|move|p1a: Salazzle|Flamethrower|p2a: Doublade\n|-supereffective|p2a: Doublade\n|-damage|p2a: Doublade|0 fnt\n|faint|p2a: Doublade\n|\n|-heal|p1a: Salazzle|66\/100|[from] item: Leftovers\n|upkeep\n|\n|t:|1645891861\n|switch|p2a: Arcanine|Arcanine, M|81\/100\n|-damage|p2a: Arcanine|56\/100|[from] Stealth Rock\n|-ability|p2a: Arcanine|Intimidate|boost\n|-unboost|p1a: Salazzle|atk|1\n|turn|22\n|\n|t:|1645891864\n|move|p2a: Arcanine|Extreme Speed|p1a: Salazzle\n|-damage|p1a: Salazzle|13\/100\n|move|p1a: Salazzle|Sludge Wave|p2a: Arcanine\n|-damage|p2a: Arcanine|0 fnt\n|faint|p2a: Arcanine\n|\n|-heal|p1a: Salazzle|19\/100|[from] item: Leftovers\n|upkeep\n|\n|t:|1645891869\n|switch|p2a: Tyrantrum|Tyrantrum, M, shiny|88\/100\n|-damage|p2a: Tyrantrum|76\/100|[from] Stealth Rock\n|turn|23\n|\n|t:|1645891873\n|move|p1a: Salazzle|Sludge Wave|p2a: Tyrantrum\n|-resisted|p2a: Tyrantrum\n|-damage|p2a: Tyrantrum|0 fnt\n|faint|p2a: Tyrantrum\n|\n|-heal|p1a: Salazzle|25\/100|[from] item: Leftovers\n|upkeep\n|\n|t:|1645891875\n|switch|p2a: Sirfetch\u2019d|Sirfetch\u2019d, M|100\/100\n|-damage|p2a: Sirfetch\u2019d|94\/100|[from] Stealth Rock\n|turn|24\n|\n|t:|1645891878\n|move|p1a: Salazzle|Sludge Wave|p2a: Sirfetch\u2019d\n|-damage|p2a: Sirfetch\u2019d|0 fnt\n|faint|p2a: Sirfetch\u2019d\n|\n|win|IJustClickRandom\n|raw|IJustClickRandom's rating: 1245 &rarr; <strong>1271<\/strong><br \/>(+26 for winning)\n|raw|Ivyon's rating: 1252 &rarr; <strong>1226<\/strong><br \/>(-26 for losing)\n|l|\u2606Ivyon\n||Ladder isn't responding, score probably updated but might not have (Request timeout).\n","uploadtime":1645891883,"views":54,"p1id":"ijustclickrandom","p2id":"ivyon","formatid":"gen8nu","rating":1226,"private":0,"password":null}