{"id":"gen8mixandmega-1658671822","p1":"astro on top","p2":"Faygos","format":"gen8mixandmega","log":"|j|\u2606astro on top\n|j|\u2606Faygos\n|inactive|Battle timer is ON: inactive players will automatically lose when time's up.\n|t:|1662586851\n|gametype|singles\n|player|p1|astro on top|acetrainersnowf|\n|player|p2|Faygos|102|\n|teamsize|p1|6\n|teamsize|p2|6\n|gen|8\n|tier|[Gen 8] Mix and Mega\n|rated|Tournament battle\n|rule|Species Clause: Limit one of each Pok\u00e9mon\n|rule|OHKO Clause: OHKO moves are banned\n|rule|Evasion Moves Clause: Evasion moves are banned\n|rule|Endless Battle Clause: Forcing endless battles is banned\n|rule|Dynamax Clause: You cannot dynamax\n|rule|HP Percentage Mod: HP is shown in percentages\n|rule|Sleep Clause Mod: Limit one foe put to sleep\n|clearpoke\n|poke|p1|Heatran, M|\n|poke|p1|Zarude|\n|poke|p1|Milotic, M|\n|poke|p1|Landorus-Therian, M|\n|poke|p1|Regieleki|\n|poke|p1|Mew|\n|poke|p2|Xerneas-*|\n|poke|p2|Entei|\n|poke|p2|Solgaleo|\n|poke|p2|Hippowdon, F|\n|poke|p2|Blissey, F|\n|poke|p2|Reshiram|\n|teampreview\n|inactive|Faygos also wants the timer to be on.\n|j|%Clastia\n|c|\u2606astro on top|using my own team\n|c|\u2606astro on top|!\n|c|\u2606Faygos|first time\n|\n|t:|1662586876\n|start\n|switch|p1a: Heatran|Heatran, M|100\/100\n|switch|p2a: Bissey|Blissey, F|100\/100\n|turn|1\n|c|%Clastia|ngl i wouldnt have thought of that as ur team derp lol\n|j| yoyolord\n|c|\u2606astro on top|it's old\n|\n|t:|1662586898\n|detailschange|p1a: Heatran|Heatran, M\n|-mega|p1a: Heatran|Heatran|Charizardite Y\n|-weather|SunnyDay|[from] ability: Drought|[of] p1a: Heatran\n|-start|p1a: Heatran|Charizardite Y|[silent]\n|detailschange|p2a: Bissey|Blissey, F\n|-mega|p2a: Bissey|Blissey|Slowbronite\n|-start|p2a: Bissey|Slowbronite|[silent]\n|move|p1a: Heatran|Eruption|p2a: Bissey\n|-damage|p2a: Bissey|38\/100\n|move|p2a: Bissey|Teleport|p2a: Bissey\n|c|%Clastia|really? kinda surprising\n|c|\u2606Faygos|62\n|c|%Clastia|nvm\n|\n|t:|1662586911\n|-end|p2a: Bissey|Slowbronite|[silent]\n|switch|p2a: Hippowdon|Hippowdon, F|100\/100|[from]move: Teleport\n|-weather|Sandstorm|[from] ability: Sand Stream|[of] p2a: Hippowdon\n|\n|-weather|Sandstorm|[upkeep]\n|upkeep\n|turn|2\n|c|\u2606astro on top|62\n|\n|t:|1662586922\n|-end|p1a: Heatran|Charizardite Y|[silent]\n|switch|p1a: Zarude|Zarude|100\/100\n|switch|p2a: Bissey|Blissey, F|38\/100\n|-start|p2a: Bissey|Slowbronite|[silent]\n|\n|-weather|Sandstorm|[upkeep]\n|-damage|p1a: Zarude|95\/100|[from] Sandstorm\n|-damage|p2a: Bissey|32\/100|[from] Sandstorm\n|upkeep\n|turn|3\n|\n|t:|1662586925\n|detailschange|p1a: Zarude|Zarude\n|-mega|p1a: Zarude|Zarude|Metagrossite\n|-start|p1a: Zarude|Metagrossite|[silent]\n|move|p1a: Zarude|Power Whip|p2a: Bissey|[miss]\n|-miss|p1a: Zarude|p2a: Bissey\n|move|p2a: Bissey|Soft-Boiled|p2a: Bissey\n|-heal|p2a: Bissey|82\/100\n|\n|-weather|Sandstorm|[upkeep]\n|-damage|p1a: Zarude|89\/100|[from] Sandstorm\n|-damage|p2a: Bissey|76\/100|[from] Sandstorm\n|upkeep\n|turn|4\n|c|%Clastia|i can see bronite blissey being something u chose lmao\n|j| Iynhe\n|c|\u2606astro on top|NOOOO\n|c|\u2606Faygos|rolled\n|c|\u2606astro on top|noob\n|\n|t:|1662586933\n|move|p1a: Zarude|Power Whip|p2a: Bissey\n|-damage|p2a: Bissey|45\/100\n|move|p2a: Bissey|Teleport|p2a: Bissey\n|c|%Clastia|over sable + pins hippo\n|inactive|Faygos has 120 seconds left.\n|\n|t:|1662586964\n|-end|p2a: Bissey|Slowbronite|[silent]\n|switch|p2a: Entei|Entei, shiny|100\/100|[from]move: Teleport\n|\n|-weather|Sandstorm|[upkeep]\n|-damage|p1a: Zarude|83\/100|[from] Sandstorm\n|-damage|p2a: Entei|94\/100|[from] Sandstorm\n|upkeep\n|turn|5\n|\n|t:|1662586974\n|-end|p1a: Zarude|Metagrossite|[silent]\n|switch|p1a: Landorus|Landorus-Therian, M|100\/100\n|-ability|p1a: Landorus|Intimidate|boost\n|-fail|p2a: Entei|unboost|Attack|[from] ability: Inner Focus|[of] p2a: Entei\n|detailschange|p2a: Entei|Entei, shiny\n|-mega|p2a: Entei|Entei|Altarianite\n|-start|p2a: Entei|Altarianite|[silent]\n|-start|p2a: Entei|typechange|Fire\/Fairy|[silent]\n|move|p2a: Entei|Extreme Speed|p1a: Landorus\n|-damage|p1a: Landorus|59\/100\n|\n|-weather|none\n|upkeep\n|turn|6\n|\n|t:|1662586982\n|-end|p2a: Entei|Altarianite|[silent]\n|switch|p2a: Bissey|Blissey, F|45\/100\n|-start|p2a: Bissey|Slowbronite|[silent]\n|detailschange|p1a: Landorus|Landorus-Therian, M\n|-mega|p1a: Landorus|Landorus|Salamencite\n|-start|p1a: Landorus|Salamencite|[silent]\n|move|p1a: Landorus|Earthquake|p2a: Bissey\n|-damage|p2a: Bissey|26\/100\n|\n|upkeep\n|turn|7\n|\n|t:|1662586996\n|move|p1a: Landorus|Stealth Rock|p2a: Bissey\n|-sidestart|p2: Faygos|move: Stealth Rock\n|move|p2a: Bissey|Soft-Boiled|p2a: Bissey\n|-heal|p2a: Bissey|76\/100\n|\n|upkeep\n|turn|8\n|\n|t:|1662587000\n|move|p1a: Landorus|Explosion|p2a: Bissey\n|-damage|p2a: Bissey|17\/100\n|faint|p1a: Landorus\n|move|p2a: Bissey|Ice Beam|p1: Landorus|[notarget]\n|-fail|p2a: Bissey\n|\n|upkeep\n|c|\u2606Faygos|frick\n|\n|t:|1662587009\n|switch|p1a: Heatran|Heatran, M|100\/100\n|-start|p1a: Heatran|Charizardite Y|[silent]\n|-weather|SunnyDay|[from] ability: Drought|[of] p1a: Heatran\n|turn|9\n|\n|t:|1662587021\n|move|p1a: Heatran|Eruption|p2a: Bissey\n|-damage|p2a: Bissey|0 fnt\n|faint|p2a: Bissey\n|\n|-weather|SunnyDay|[upkeep]\n|upkeep\n|\n|t:|1662587022\n|switch|p2a: Hippowdon|Hippowdon, F|100\/100\n|-damage|p2a: Hippowdon|94\/100|[from] Stealth Rock\n|-weather|Sandstorm|[from] ability: Sand Stream|[of] p2a: Hippowdon\n|turn|10\n|j| Apollo choaz\n|c| Apollo choaz|im just in time\n|inactive|astro on top has 120 seconds left.\n|c|\u2606astro on top|i wanna click it\n|c|\u2606astro on top|so badly\n|n|!astro on top|astroontop\n|\n|t:|1662587063\n|-end|p1a: Heatran|Charizardite Y|[silent]\n|switch|p1a: Zarude|Zarude|83\/100\n|-start|p1a: Zarude|Metagrossite|[silent]\n|move|p2a: Hippowdon|Stealth Rock|p1a: Zarude\n|-sidestart|p1: astro on top|move: Stealth Rock\n|\n|-weather|Sandstorm|[upkeep]\n|-damage|p1a: Zarude|77\/100|[from] Sandstorm\n|upkeep\n|turn|11\n|c|\u2606Faygos|ok\n|\n|t:|1662587069\n|switch|p2a: Reshiram|Reshiram, shiny|100\/100\n|-ability|p2a: Reshiram|Turboblaze\n|move|p1a: Zarude|Power Whip|p2a: Reshiram\n|-resisted|p2a: Reshiram\n|-damage|p2a: Reshiram|87\/100\n|\n|-weather|Sandstorm|[upkeep]\n|-damage|p1a: Zarude|71\/100|[from] Sandstorm\n|-damage|p2a: Reshiram|81\/100|[from] Sandstorm\n|upkeep\n|turn|12\n|\n|t:|1662587074\n|move|p1a: Zarude|Rock Slide|p2a: Reshiram\n|-supereffective|p2a: Reshiram\n|-damage|p2a: Reshiram|44\/100\n|move|p2a: Reshiram|Flamethrower|p1a: Zarude\n|-supereffective|p1a: Zarude\n|-damage|p1a: Zarude|0 fnt\n|faint|p1a: Zarude\n|\n|-weather|Sandstorm|[upkeep]\n|-damage|p2a: Reshiram|38\/100|[from] Sandstorm\n|upkeep\n|inactive|astro on top has 120 seconds left.\n|l| yoyolord\n|\n|t:|1662587091\n|switch|p1a: Regieleki|Regieleki|100\/100\n|-damage|p1a: Regieleki|88\/100|[from] Stealth Rock\n|turn|13\n|j|+Tea Guzzler\n|\n|t:|1662587099\n|detailschange|p1a: Regieleki|Regieleki\n|-mega|p1a: Regieleki|Regieleki|Altarianite\n|-start|p1a: Regieleki|Altarianite|[silent]\n|-start|p1a: Regieleki|typechange|Electric\/Fairy|[silent]\n|move|p1a: Regieleki|Extreme Speed|p2a: Reshiram\n|-damage|p2a: Reshiram|0 fnt\n|faint|p2a: Reshiram\n|\n|-weather|Sandstorm|[upkeep]\n|-damage|p1a: Regieleki|82\/100|[from] Sandstorm\n|upkeep\n|\n|t:|1662587113\n|switch|p2a: Sogaeo|Solgaleo|100\/100\n|-damage|p2a: Sogaeo|94\/100|[from] Stealth Rock\n|turn|14\n|\n|t:|1662587119\n|detailschange|p2a: Sogaeo|Solgaleo\n|-mega|p2a: Sogaeo|Solgaleo|Aerodactylite\n|-start|p2a: Sogaeo|Aerodactylite|[silent]\n|move|p1a: Regieleki|Rapid Spin|p2a: Sogaeo\n|-resisted|p2a: Sogaeo\n|-damage|p2a: Sogaeo|82\/100\n|-boost|p1a: Regieleki|spe|1\n|-sideend|p1: astro on top|Stealth Rock|[from] move: Rapid Spin|[of] p1a: Regieleki\n|move|p2a: Sogaeo|Sunsteel Strike|p1a: Regieleki\n|-damage|p1a: Regieleki|0 fnt\n|faint|p1a: Regieleki\n|\n|-weather|none\n|upkeep\n|\n|t:|1662587124\n|switch|p1a: Mew|Mew|100\/100\n|turn|15\n|\n|t:|1662587135\n|detailschange|p1a: Mew|Mew\n|-mega|p1a: Mew|Mew|Manectite\n|-ability|p1a: Mew|Intimidate|boost\n|-unboost|p2a: Sogaeo|atk|1\n|-start|p1a: Mew|Manectite|[silent]\n|move|p1a: Mew|Nasty Plot|p1a: Mew\n|-boost|p1a: Mew|spa|2\n|move|p2a: Sogaeo|Sunsteel Strike|p1a: Mew\n|-damage|p1a: Mew|52\/100\n|\n|upkeep\n|turn|16\n|c|\u2606Faygos|so cool!!\n|c| Apollo choaz|woah\n|\n|t:|1662587154\n|move|p1a: Mew|Fire Blast|p2a: Sogaeo\n|-supereffective|p2a: Sogaeo\n|-crit|p2a: Sogaeo\n|-damage|p2a: Sogaeo|0 fnt\n|faint|p2a: Sogaeo\n|\n|upkeep\n|\n|t:|1662587158\n|switch|p2a: Entei|Entei, shiny|94\/100\n|-start|p2a: Entei|Altarianite|[silent]\n|-start|p2a: Entei|typechange|Fire\/Fairy|[silent]\n|-damage|p2a: Entei|70\/100|[from] Stealth Rock\n|turn|17\n|c| Apollo choaz|those are some good stats\n|c|%Clastia|clearly mattered\n|\n|t:|1662587169\n|-end|p1a: Mew|Manectite|[silent]\n|switch|p1a: Milotic|Milotic, M|100\/100\n|move|p2a: Entei|Extreme Speed|p1a: Milotic\n|-damage|p1a: Milotic|51\/100\n|\n|upkeep\n|turn|18\n|\n|t:|1662587183\n|detailschange|p1a: Milotic|Milotic, M\n|-mega|p1a: Milotic|Milotic|Sablenite\n|-start|p1a: Milotic|Sablenite|[silent]\n|move|p2a: Entei|Howl|p2a: Entei\n|-boost|p2a: Entei|atk|1\n|move|p1a: Milotic|Recover|p1a: Milotic\n|-heal|p1a: Milotic|100\/100\n|\n|upkeep\n|turn|19\n|\n|t:|1662587186\n|move|p2a: Entei|Extreme Speed|p1a: Milotic\n|-damage|p1a: Milotic|52\/100\n|move|p1a: Milotic|Scald|p2a: Entei\n|-supereffective|p2a: Entei\n|-damage|p2a: Entei|0 fnt\n|faint|p2a: Entei\n|\n|upkeep\n|\n|t:|1662587191\n|switch|p2a: Xerneas|Xerneas|100\/100\n|-damage|p2a: Xerneas|88\/100|[from] Stealth Rock\n|-ability|p2a: Xerneas|Fairy Aura\n|turn|20\n|\n|t:|1662587193\n|move|p2a: Xerneas|Moonblast|p1a: Milotic\n|-damage|p1a: Milotic|0 fnt\n|faint|p1a: Milotic\n|\n|upkeep\n|\n|t:|1662587196\n|switch|p1a: Heatran|Heatran, M|100\/100\n|-start|p1a: Heatran|Charizardite Y|[silent]\n|-weather|SunnyDay|[from] ability: Drought|[of] p1a: Heatran\n|turn|21\n|\n|t:|1662587197\n|move|p2a: Xerneas|Moonblast|p1a: Heatran\n|-resisted|p1a: Heatran\n|-damage|p1a: Heatran|82\/100\n|move|p1a: Heatran|Eruption|p2a: Xerneas\n|-damage|p2a: Xerneas|0 fnt\n|faint|p2a: Xerneas\n|\n|-weather|SunnyDay|[upkeep]\n|upkeep\n|\n|t:|1662587200\n|switch|p2a: Hippowdon|Hippowdon, F|94\/100\n|-damage|p2a: Hippowdon|88\/100|[from] Stealth Rock\n|-weather|Sandstorm|[from] ability: Sand Stream|[of] p2a: Hippowdon\n|turn|22\n|\n|t:|1662587203\n|-end|p1a: Heatran|Charizardite Y|[silent]\n|switch|p1a: Mew|Mew|52\/100\n|-start|p1a: Mew|Manectite|[silent]\n|-ability|p1a: Mew|Intimidate|boost\n|-unboost|p2a: Hippowdon|atk|1\n|detailschange|p2a: Hippowdon|Hippowdon, F\n|-mega|p2a: Hippowdon|Hippowdon|Sablenite\n|-start|p2a: Hippowdon|Sablenite|[silent]\n|move|p2a: Hippowdon|Earthquake|p1a: Mew\n|-damage|p1a: Mew|30\/100\n|\n|-weather|Sandstorm|[upkeep]\n|-damage|p1a: Mew|24\/100|[from] Sandstorm\n|upkeep\n|turn|23\n|c|\u2606Faygos|frick i lost\n|\n|t:|1662587208\n|move|p1a: Mew|Roost|p1a: Mew\n|-heal|p1a: Mew|74\/100\n|-singleturn|p1a: Mew|move: Roost\n|move|p2a: Hippowdon|Earthquake|p1a: Mew\n|-damage|p1a: Mew|50\/100\n|\n|-weather|Sandstorm|[upkeep]\n|-damage|p1a: Mew|44\/100|[from] Sandstorm\n|upkeep\n|turn|24\n|\n|t:|1662587210\n|move|p1a: Mew|Nasty Plot|p1a: Mew\n|-boost|p1a: Mew|spa|2\n|move|p2a: Hippowdon|Stealth Rock|p1a: Mew\n|-sidestart|p1: astro on top|move: Stealth Rock\n|\n|-weather|Sandstorm|[upkeep]\n|-damage|p1a: Mew|37\/100|[from] Sandstorm\n|upkeep\n|turn|25\n|\n|t:|1662587214\n|move|p1a: Mew|Psyshock|p2a: Hippowdon\n|-damage|p2a: Hippowdon|51\/100\n|move|p2a: Hippowdon|Whirlwind|p1a: Mew\n|-end|p1a: Mew|Manectite|[silent]\n|drag|p1a: Heatran|Heatran, M|82\/100\n|-start|p1a: Heatran|Charizardite Y|[silent]\n|-damage|p1a: Heatran|69\/100|[from] Stealth Rock\n|-weather|SunnyDay|[from] ability: Drought|[of] p1a: Heatran\n|\n|-weather|SunnyDay|[upkeep]\n|upkeep\n|turn|26\n|\n|t:|1662587217\n|move|p1a: Heatran|Eruption|p2a: Hippowdon\n|-damage|p2a: Hippowdon|0 fnt\n|faint|p2a: Hippowdon\n|\n|win|astro on top\n|n|!astro on top|astroontop\n|n|\u2606Faygos|faygos\n|n| Clastia|clastia\n|n| Iynhe|iynhe\n|n| Apollo choaz|apollochoaz\n|n| Tea Guzzler|teaguzzler\n","uploadtime":1662587062,"views":26,"p1id":"astroontop","p2id":"faygos","formatid":"gen8mixandmega","rating":0,"private":0,"password":null}