{"id":"gen8ou-1690973310","p1":"winniefornite","p2":"HQSNonsense","format":"gen8ou","log":"|html|<div class=\"broadcast-blue\"><strong>[Gen 8] OU is currently suspecting Melmetal! For information on how to participate check out the <a href=\"https:\/\/www.smogon.com\/forums\/threads\/np-ss-ou-suspect-process-round-12-monster-mash.3709234\/\">suspect thread<\/a>.<\/strong><\/div>\n|j|\u2606winniefornite\n|j|\u2606HQSNonsense\n|t:|1666323774\n|gametype|singles\n|player|p1|winniefornite|swimmerf|1402\n|player|p2|HQSNonsense|veteranf|1469\n|teamsize|p1|6\n|teamsize|p2|6\n|gen|8\n|tier|[Gen 8] OU\n|rated|\n|rule|Sleep Clause Mod: Limit one foe put to sleep\n|rule|Species Clause: Limit one of each Pok\u00e9mon\n|rule|OHKO Clause: OHKO moves are banned\n|rule|Evasion Items Clause: Evasion items are banned\n|rule|Evasion Moves Clause: Evasion moves are banned\n|rule|Endless Battle Clause: Forcing endless battles is banned\n|rule|HP Percentage Mod: HP is shown in percentages\n|rule|Dynamax Clause: You cannot dynamax\n|clearpoke\n|poke|p1|Slowking-Galar, M|\n|poke|p1|Mandibuzz, F|\n|poke|p1|Dragapult, F|\n|poke|p1|Tapu Lele|\n|poke|p1|Heatran, M|\n|poke|p1|Landorus-Therian, M|\n|poke|p2|Scizor, M|\n|poke|p2|Rillaboom, F|\n|poke|p2|Landorus-Therian, M|\n|poke|p2|Urshifu-*, M|\n|poke|p2|Weavile, F|\n|poke|p2|Dragonite, M|\n|teampreview\n|inactive|Battle timer is ON: inactive players will automatically lose when time's up. (requested by HQSNonsense)\n|inactive|winniefornite has 120 seconds left.\n|\n|t:|1666323818\n|start\n|switch|p1a: Landorus|Landorus-Therian, M|100\/100\n|switch|p2a: Urshifu|Urshifu-Rapid-Strike, M|100\/100\n|-ability|p1a: Landorus|Intimidate|boost\n|-unboost|p2a: Urshifu|atk|1\n|turn|1\n|inactive|HQSNonsense has 120 seconds left.\n|\n|t:|1666323865\n|move|p1a: Landorus|U-turn|p2a: Urshifu\n|-resisted|p2a: Urshifu\n|-damage|p2a: Urshifu|88\/100\n|\n|t:|1666323873\n|switch|p1a: Dragapult|Dragapult, F|100\/100|[from]move: U-turn\n|move|p2a: Urshifu|Surging Strikes|p1a: Dragapult\n|-resisted|p1a: Dragapult\n|-crit|p1a: Dragapult\n|-damage|p1a: Dragapult|87\/100\n|-resisted|p1a: Dragapult\n|-crit|p1a: Dragapult\n|-damage|p1a: Dragapult|75\/100\n|-resisted|p1a: Dragapult\n|-crit|p1a: Dragapult\n|-damage|p1a: Dragapult|62\/100\n|-hitcount|p1a: Dragapult|3\n|\n|upkeep\n|turn|2\n|\n|t:|1666323892\n|move|p1a: Dragapult|Dragon Darts|p2a: Urshifu\n|-damage|p2a: Urshifu|48\/100\n|-anim|p1a: Dragapult|Dragon Darts|p2a: Urshifu\n|-damage|p2a: Urshifu|10\/100\n|move|p2a: Urshifu|Surging Strikes|p1a: Dragapult\n|-resisted|p1a: Dragapult\n|-crit|p1a: Dragapult\n|-damage|p1a: Dragapult|50\/100\n|-resisted|p1a: Dragapult\n|-crit|p1a: Dragapult\n|-damage|p1a: Dragapult|37\/100\n|-resisted|p1a: Dragapult\n|-crit|p1a: Dragapult\n|-damage|p1a: Dragapult|23\/100\n|-hitcount|p1a: Dragapult|3\n|\n|upkeep\n|turn|3\n|\n|t:|1666323907\n|switch|p1a: Landorus|Landorus-Therian, M|100\/100\n|-ability|p1a: Landorus|Intimidate|boost\n|-unboost|p2a: Urshifu|atk|1\n|move|p2a: Urshifu|Surging Strikes|p1a: Landorus\n|-supereffective|p1a: Landorus\n|-crit|p1a: Landorus\n|-damage|p1a: Landorus|61\/100\n|-supereffective|p1a: Landorus\n|-crit|p1a: Landorus\n|-damage|p1a: Landorus|21\/100\n|-supereffective|p1a: Landorus\n|-crit|p1a: Landorus\n|-damage|p1a: Landorus|0 fnt\n|faint|p1a: Landorus\n|-hitcount|p1: Landorus|3\n|\n|upkeep\n|inactive|winniefornite has 120 seconds left.\n|\n|t:|1666323923\n|switch|p1a: Dragapult|Dragapult, F|23\/100\n|turn|4\n|inactive|HQSNonsense has 120 seconds left.\n|\n|t:|1666323929\n|move|p1a: Dragapult|Dragon Darts|p2a: Urshifu\n|-damage|p2a: Urshifu|0 fnt\n|faint|p2a: Urshifu\n|\n|upkeep\n|\n|t:|1666323933\n|switch|p2a: Scizor|Scizor, M|100\/100\n|turn|5\n|\n|t:|1666323936\n|switch|p1a: Heatran|Heatran, M|100\/100\n|move|p2a: Scizor|Superpower|p1a: Heatran\n|-supereffective|p1a: Heatran\n|-damage|p1a: Heatran|20\/100\n|-unboost|p2a: Scizor|atk|1\n|-unboost|p2a: Scizor|def|1\n|-damage|p2a: Scizor|91\/100|[from] item: Life Orb\n|\n|-heal|p1a: Heatran|27\/100|[from] item: Leftovers\n|upkeep\n|turn|6\n|\n|t:|1666323952\n|move|p2a: Scizor|Superpower|p1a: Heatran\n|-supereffective|p1a: Heatran\n|-damage|p1a: Heatran|0 fnt\n|-unboost|p2a: Scizor|atk|1\n|-unboost|p2a: Scizor|def|1\n|faint|p1a: Heatran\n|-damage|p2a: Scizor|81\/100|[from] item: Life Orb\n|\n|upkeep\n|\n|t:|1666323962\n|switch|p1a: Slowking|Slowking-Galar, M|100\/100\n|turn|7\n|\n|t:|1666323967\n|switch|p2a: Landorus|Landorus-Therian, M|100\/100\n|-ability|p2a: Landorus|Intimidate|boost\n|-unboost|p1a: Slowking|atk|1\n|move|p1a: Slowking|Iron Defense|p1a: Slowking\n|-boost|p1a: Slowking|def|2\n|\n|upkeep\n|turn|8\n|\n|t:|1666323977\n|move|p2a: Landorus|Earthquake|p1a: Slowking\n|-supereffective|p1a: Slowking\n|-crit|p1a: Slowking\n|-damage|p1a: Slowking|0 fnt\n|faint|p1a: Slowking\n|\n|upkeep\n|\n|t:|1666323985\n|switch|p1a: Tapu Lele|Tapu Lele, shiny|100\/100\n|-fieldstart|move: Psychic Terrain|[from] ability: Psychic Surge|[of] p1a: Tapu Lele\n|turn|9\n|\n|t:|1666323996\n|move|p1a: Tapu Lele|Psyshock|p2a: Landorus\n|-damage|p2a: Landorus|0 fnt\n|faint|p2a: Landorus\n|\n|upkeep\n|\n|t:|1666323999\n|switch|p2a: Weavile|Weavile, F|100\/100\n|turn|10\n|\n|t:|1666324006\n|switch|p1a: Dragapult|Dragapult, F|23\/100\n|move|p2a: Weavile|Swords Dance|p2a: Weavile\n|-boost|p2a: Weavile|atk|2\n|\n|upkeep\n|turn|11\n|\n|t:|1666324014\n|switch|p2a: Scizor|Scizor, M|81\/100\n|move|p1a: Dragapult|Sucker Punch||[still]\n|-fail|p1a: Dragapult\n|\n|upkeep\n|turn|12\n|\n|t:|1666324021\n|move|p1a: Dragapult|Sucker Punch||[still]\n|-fail|p1a: Dragapult\n|move|p2a: Scizor|Swords Dance|p2a: Scizor\n|-boost|p2a: Scizor|atk|2\n|\n|upkeep\n|turn|13\n|\n|t:|1666324026\n|move|p1a: Dragapult|Sucker Punch|p2a: Scizor\n|-activate|p2a: Scizor|move: Psychic Terrain\n|move|p2a: Scizor|Bullet Punch|p1a: Dragapult\n|-activate|p1a: Dragapult|move: Psychic Terrain\n|\n|-fieldend|move: Psychic Terrain\n|upkeep\n|turn|14\n|\n|t:|1666324030\n|move|p1a: Dragapult|Sucker Punch||[still]\n|-fail|p1a: Dragapult\n|move|p2a: Scizor|Swords Dance|p2a: Scizor\n|-boost|p2a: Scizor|atk|2\n|\n|upkeep\n|turn|15\n|\n|t:|1666324035\n|move|p1a: Dragapult|Sucker Punch|p2a: Scizor\n|-damage|p2a: Scizor|38\/100\n|move|p2a: Scizor|Double-Edge|p1a: Dragapult\n|-immune|p1a: Dragapult\n|\n|upkeep\n|turn|16\n|\n|t:|1666324041\n|move|p1a: Dragapult|Sucker Punch||[still]\n|-fail|p1a: Dragapult\n|move|p2a: Scizor|Swords Dance|p2a: Scizor\n|-boost|p2a: Scizor|atk|2\n|\n|upkeep\n|turn|17\n|\n|t:|1666324046\n|move|p1a: Dragapult|Sucker Punch||[still]\n|-fail|p1a: Dragapult\n|move|p2a: Scizor|Swords Dance|p2a: Scizor\n|-boost|p2a: Scizor|atk|0\n|\n|upkeep\n|turn|18\n|\n|t:|1666324066\n|move|p1a: Dragapult|Sucker Punch|p2a: Scizor\n|-damage|p2a: Scizor|0 fnt\n|faint|p2a: Scizor\n|\n|upkeep\n|\n|t:|1666324069\n|switch|p2a: Weavile|Weavile, F|100\/100\n|turn|19\n|\n|t:|1666324073\n|switch|p1a: Mandibuzz|Mandibuzz, F|100\/100\n|move|p2a: Weavile|Swords Dance|p2a: Weavile\n|-boost|p2a: Weavile|atk|2\n|\n|upkeep\n|turn|20\n|\n|t:|1666324080\n|move|p2a: Weavile|Triple Axel|p1a: Mandibuzz\n|-supereffective|p1a: Mandibuzz\n|-damage|p1a: Mandibuzz|69\/100\n|-supereffective|p1a: Mandibuzz\n|-damage|p1a: Mandibuzz|11\/100\n|-hitcount|p1a: Mandibuzz|2\n|-damage|p2a: Weavile|91\/100|[from] item: Life Orb\n|move|p1a: Mandibuzz|Foul Play|p2a: Weavile\n|-resisted|p2a: Weavile\n|-damage|p2a: Weavile|15\/100\n|\n|upkeep\n|turn|21\n|\n|t:|1666324090\n|move|p2a: Weavile|Knock Off|p1a: Mandibuzz\n|-resisted|p1a: Mandibuzz\n|-damage|p1a: Mandibuzz|0 fnt\n|-enditem|p1a: Mandibuzz|Heavy-Duty Boots|[from] move: Knock Off|[of] p2a: Weavile\n|faint|p1a: Mandibuzz\n|-damage|p2a: Weavile|5\/100|[from] item: Life Orb\n|\n|upkeep\n|\n|t:|1666324099\n|switch|p1a: Dragapult|Dragapult, F|23\/100\n|turn|22\n|\n|t:|1666324105\n|move|p2a: Weavile|Ice Shard|p1a: Dragapult\n|-supereffective|p1a: Dragapult\n|-damage|p1a: Dragapult|0 fnt\n|faint|p1a: Dragapult\n|-damage|p2a: Weavile|0 fnt|[from] item: Life Orb\n|faint|p2a: Weavile\n|\n|upkeep\n|\n|t:|1666324113\n|switch|p2a: Dragonite|Dragonite, M|100\/100\n|switch|p1a: Tapu Lele|Tapu Lele, shiny|100\/100\n|-fieldstart|move: Psychic Terrain|[from] ability: Psychic Surge|[of] p1a: Tapu Lele\n|turn|23\n|\n|t:|1666324118\n|move|p1a: Tapu Lele|Moonblast|p2a: Dragonite\n|-supereffective|p2a: Dragonite\n|-damage|p2a: Dragonite|12\/100\n|-unboost|p2a: Dragonite|spa|1\n|move|p2a: Dragonite|Earthquake|p1a: Tapu Lele\n|-damage|p1a: Tapu Lele|44\/100\n|\n|upkeep\n|turn|24\n|\n|t:|1666324125\n|move|p1a: Tapu Lele|Moonblast|p2a: Dragonite\n|-supereffective|p2a: Dragonite\n|-damage|p2a: Dragonite|0 fnt\n|faint|p2a: Dragonite\n|\n|upkeep\n|\n|t:|1666324127\n|switch|p2a: Rillaboom|Rillaboom, F|100\/100\n|-fieldstart|move: Grassy Terrain|[from] ability: Grassy Surge|[of] p2a: Rillaboom\n|turn|25\n|\n|t:|1666324132\n|move|p2a: Rillaboom|Grassy Glide|p1a: Tapu Lele\n|-damage|p1a: Tapu Lele|0 fnt\n|faint|p1a: Tapu Lele\n|-damage|p2a: Rillaboom|91\/100|[from] item: Life Orb\n|\n|win|HQSNonsense\n|raw|winniefornite's rating: 1402 &rarr; <strong>1386<\/strong><br \/>(-16 for losing)\n|raw|HQSNonsense's rating: 1469 &rarr; <strong>1485<\/strong><br \/>(+16 for winning)\n|l|\u2606winniefornite\n","uploadtime":1666324140,"views":12,"p1id":"winniefornite","p2id":"hqsnonsense","formatid":"gen8ou","rating":1386,"private":0,"password":null}