{"id":"gen8doublesou-1595220489","p1":"Yuuki_98","p2":"AlphaTherai","format":"gen8doublesou","log":"|j|\u2606Yuuki_98\n|j|\u2606AlphaTherai\n|t:|1655105517\n|gametype|doubles\n|player|p1|Yuuki_98|ruinmaniac|1178\n|player|p2|AlphaTherai|clemont|1216\n|teamsize|p1|6\n|teamsize|p2|6\n|gen|8\n|tier|[Gen 8] Doubles OU\n|rated|\n|rule|Species Clause: Limit one of each Pok\u00e9mon\n|rule|OHKO Clause: OHKO moves are banned\n|rule|Evasion Moves Clause: Evasion moves are banned\n|rule|Gravity Sleep Clause: The combination of sleep-inducing moves with imperfect accuracy and Gravity or Gigantamax Orbeetle are banned\n|rule|Endless Battle Clause: Forcing endless battles is banned\n|rule|HP Percentage Mod: HP is shown in percentages\n|rule|Dynamax Clause: You cannot dynamax\n|rule|Swagger Clause: Swagger is banned\n|clearpoke\n|poke|p1|Naganadel|\n|poke|p1|Oranguru, M|\n|poke|p1|Cursola, M|\n|poke|p1|Toxtricity, F|\n|poke|p1|Kommo-o, M|\n|poke|p1|Zapdos-Galar|\n|poke|p2|Hatterene, F|\n|poke|p2|Indeedee-F, F|\n|poke|p2|Amoonguss, F|\n|poke|p2|Stakataka|\n|poke|p2|Diancie|\n|poke|p2|Rhyperior, M|\n|teampreview\n|inactive|Battle timer is ON: inactive players will automatically lose when time's up. (requested by Yuuki_98)\n|\n|t:|1655105523\n|start\n|switch|p1a: Cursola|Cursola, M|100\/100\n|switch|p1b: Toxtricity|Toxtricity, F|100\/100\n|switch|p2a: Hatterene|Hatterene, F|100\/100\n|switch|p2b: Indeedee|Indeedee-F, F|100\/100\n|-fieldstart|move: Psychic Terrain|[from] ability: Psychic Surge|[of] p2b: Indeedee\n|turn|1\n|\n|t:|1655105540\n|move|p2b: Indeedee|Follow Me|p2b: Indeedee\n|-singleturn|p2b: Indeedee|move: Follow Me\n|move|p1b: Toxtricity|Boomburst|p2b: Indeedee|[spread] p2a,p2b\n|-immune|p1a: Cursola\n|-damage|p2a: Hatterene|67\/100\n|-damage|p2b: Indeedee|62\/100\n|-enditem|p1b: Toxtricity|Throat Spray\n|-boost|p1b: Toxtricity|spa|1|[from] item: Throat Spray\n|move|p1a: Cursola|Night Shade|p2b: Indeedee\n|-immune|p2b: Indeedee\n|move|p2a: Hatterene|Trick Room|p2a: Hatterene\n|-fieldstart|move: Trick Room|[of] p2a: Hatterene\n|\n|upkeep\n|turn|2\n|\n|t:|1655105560\n|move|p2a: Hatterene|Expanding Force|p1a: Cursola|[spread] p1a,p1b\n|-crit|p1a: Cursola\n|-supereffective|p1b: Toxtricity\n|-damage|p1a: Cursola|34\/100\n|-damage|p1b: Toxtricity|0 fnt\n|faint|p1b: Toxtricity\n|move|p2b: Indeedee|Expanding Force|p1a: Cursola\n|-damage|p1a: Cursola|0 fnt\n|faint|p1a: Cursola\n|\n|upkeep\n|\n|t:|1655105572\n|switch|p1a: Kommo-o|Kommo-o, M|100\/100\n|switch|p1b: Zapdos|Zapdos-Galar|100\/100\n|turn|3\n|\n|t:|1655105590\n|move|p2a: Hatterene|Dazzling Gleam|p1a: Kommo-o|[spread] p1a,p1b\n|-supereffective|p1a: Kommo-o\n|-supereffective|p1b: Zapdos\n|-crit|p1b: Zapdos\n|-damage|p1a: Kommo-o|0 fnt\n|-damage|p1b: Zapdos|8\/100\n|faint|p1a: Kommo-o\n|move|p2b: Indeedee|Expanding Force|p1b: Zapdos\n|-supereffective|p1b: Zapdos\n|-damage|p1b: Zapdos|0 fnt\n|faint|p1b: Zapdos\n|\n|upkeep\n|\n|t:|1655105601\n|switch|p1a: Naganadel|Naganadel|100\/100\n|switch|p1b: Oranguru|Oranguru, M|100\/100\n|turn|4\n|\n|t:|1655105610\n|move|p1b: Oranguru|Ally Switch|p1b: Oranguru\n|swap|p1b: Oranguru|0|[from] move: Ally Switch\n|move|p2a: Hatterene|Expanding Force|p1b: Naganadel|[spread] p1a,p1b\n|-resisted|p1a: Oranguru\n|-supereffective|p1b: Naganadel\n|-damage|p1a: Oranguru|85\/100\n|-damage|p1b: Naganadel|0 fnt\n|faint|p1b: Naganadel\n|move|p2b: Indeedee|Expanding Force|p1a: Oranguru\n|-resisted|p1a: Oranguru\n|-damage|p1a: Oranguru|64\/100\n|\n|upkeep\n|turn|5\n|\n|t:|1655105622\n|move|p2a: Hatterene|Dazzling Gleam|p1a: Oranguru\n|-damage|p1a: Oranguru|43\/100\n|move|p2b: Indeedee|Expanding Force|p1a: Oranguru\n|-resisted|p1a: Oranguru\n|-damage|p1a: Oranguru|23\/100\n|move|p1a: Oranguru|Yawn|p2a: Hatterene\n|move|p2a: Hatterene|Yawn|p1a: Oranguru|[from]ability: Magic Bounce\n|-start|p1a: Oranguru|move: Yawn|[of] p2a: Hatterene\n|\n|-fieldend|move: Trick Room\n|-fieldend|move: Psychic Terrain\n|upkeep\n|turn|6\n|\n|t:|1655105638\n|move|p1a: Oranguru|Pain Split|p2b: Indeedee\n|-sethp|p2b: Indeedee|47\/100|[from] move: Pain Split|[silent]\n|-sethp|p1a: Oranguru|34\/100|[from] move: Pain Split\n|move|p2b: Indeedee|Expanding Force|p1a: Oranguru\n|-resisted|p1a: Oranguru\n|-damage|p1a: Oranguru|25\/100\n|move|p2a: Hatterene|Dazzling Gleam|p1a: Oranguru\n|-damage|p1a: Oranguru|4\/100\n|\n|-end|p1a: Oranguru|move: Yawn|[silent]\n|-status|p1a: Oranguru|slp\n|-enditem|p1a: Oranguru|Lum Berry|[eat]\n|-curestatus|p1a: Oranguru|slp|[msg]\n|upkeep\n|turn|7\n|\n|t:|1655105655\n|move|p1a: Oranguru|Ally Switch||[still]\n|-fail|p1a: Oranguru\n|move|p2b: Indeedee|Expanding Force|p1a: Oranguru\n|-resisted|p1a: Oranguru\n|-crit|p1a: Oranguru\n|-damage|p1a: Oranguru|0 fnt\n|faint|p1a: Oranguru\n|\n|win|AlphaTherai\n|raw|Yuuki_98's rating: 1178 &rarr; <strong>1156<\/strong><br \/>(-22 for losing)\n|raw|AlphaTherai's rating: 1216 &rarr; <strong>1238<\/strong><br \/>(+22 for winning)\n|l|\u2606Yuuki_98\n","uploadtime":1655105669,"views":9,"p1id":"yuuki98","p2id":"alphatherai","formatid":"gen8doublesou","rating":1156,"private":0,"password":null}