{"id":"gen8randombattle-1696930457","p1":"playeraccount","p2":"JJDL","format":"gen8randombattle","log":"|j|\u2606playeraccount\n|j|\u2606JJDL\n|t:|1666950853\n|gametype|singles\n|player|p1|playeraccount|2|\n|player|p2|JJDL|fisherman-gen4|\n|teamsize|p1|6\n|teamsize|p2|6\n|gen|8\n|tier|[Gen 8] Random Battle\n|rated|Tournament battle\n|rule|Species Clause: Limit one of each Pok\u00e9mon\n|rule|HP Percentage Mod: HP is shown in percentages\n|rule|Sleep Clause Mod: Limit one foe put to sleep\n|\n|t:|1666950853\n|start\n|switch|p1a: Garchomp|Garchomp, L74, M|282\/282\n|switch|p2a: Skarmory|Skarmory, L80, F|235\/235\n|turn|1\n|j| Aldente Fettucino\n|\n|t:|1666950860\n|move|p1a: Garchomp|Swords Dance|p1a: Garchomp\n|-boost|p1a: Garchomp|atk|2\n|move|p2a: Skarmory|Stealth Rock|p1a: Garchomp\n|-sidestart|p1: playeraccount|move: Stealth Rock\n|\n|upkeep\n|turn|2\n|\n|t:|1666950878\n|move|p1a: Garchomp|Swords Dance|p1a: Garchomp\n|-boost|p1a: Garchomp|atk|2\n|move|p2a: Skarmory|Brave Bird|p1a: Garchomp\n|-damage|p1a: Garchomp|176\/282\n|-damage|p2a: Skarmory|206\/235|[from] ability: Rough Skin|[of] p1a: Garchomp\n|-damage|p2a: Skarmory|171\/235|[from] Recoil\n|\n|-heal|p2a: Skarmory|185\/235|[from] item: Leftovers\n|upkeep\n|turn|3\n|\n|t:|1666950881\n|move|p1a: Garchomp|Stone Edge|p2a: Skarmory|[miss]\n|-miss|p1a: Garchomp|p2a: Skarmory\n|move|p2a: Skarmory|Brave Bird|p1a: Garchomp\n|-damage|p1a: Garchomp|61\/282\n|-damage|p2a: Skarmory|156\/235|[from] ability: Rough Skin|[of] p1a: Garchomp\n|-damage|p2a: Skarmory|118\/235|[from] Recoil\n|\n|-heal|p2a: Skarmory|132\/235|[from] item: Leftovers\n|upkeep\n|turn|4\n|\n|t:|1666950884\n|move|p1a: Garchomp|Stone Edge|p2a: Skarmory\n|-damage|p2a: Skarmory|0 fnt\n|faint|p2a: Skarmory\n|\n|upkeep\n|\n|t:|1666950888\n|switch|p2a: Xurkitree|Xurkitree, L76|251\/251\n|turn|5\n|\n|t:|1666950892\n|move|p2a: Xurkitree|Dazzling Gleam|p1a: Garchomp\n|-supereffective|p1a: Garchomp\n|-damage|p1a: Garchomp|0 fnt\n|faint|p1a: Garchomp\n|-ability|p2a: Xurkitree|Beast Boost|boost\n|-boost|p2a: Xurkitree|spa|1\n|\n|upkeep\n|\n|t:|1666950900\n|switch|p1a: Pyukumuku|Pyukumuku, L84, M|230\/230\n|-damage|p1a: Pyukumuku|202\/230|[from] Stealth Rock\n|turn|6\n|\n|t:|1666950906\n|switch|p2a: Appletun|Appletun, L90, F|344\/344\n|move|p1a: Pyukumuku|Toxic|p2a: Appletun\n|-status|p2a: Appletun|tox\n|\n|-heal|p1a: Pyukumuku|216\/230|[from] item: Leftovers\n|-damage|p2a: Appletun|323\/344 tox|[from] psn\n|upkeep\n|turn|7\n|inactive|Battle timer is ON: inactive players will automatically lose when time's up. (requested by playeraccount)\n|\n|t:|1666950922\n|move|p2a: Appletun|Apple Acid|p1a: Pyukumuku\n|-supereffective|p1a: Pyukumuku\n|-damage|p1a: Pyukumuku|82\/230\n|-unboost|p1a: Pyukumuku|spd|1\n|move|p1a: Pyukumuku|Counter||[still]\n|-fail|p1a: Pyukumuku\n|\n|-heal|p2a: Appletun|344\/344 tox|[from] item: Leftovers\n|-heal|p1a: Pyukumuku|96\/230|[from] item: Leftovers\n|-damage|p2a: Appletun|302\/344 tox|[from] psn\n|upkeep\n|turn|8\n|\n|t:|1666950932\n|switch|p1a: Aromatisse|Aromatisse, L88, F|321\/321\n|-damage|p1a: Aromatisse|281\/321|[from] Stealth Rock\n|move|p2a: Appletun|Apple Acid|p1a: Aromatisse\n|-damage|p1a: Aromatisse|191\/321\n|-unboost|p1a: Aromatisse|spd|1\n|\n|-heal|p2a: Appletun|323\/344 tox|[from] item: Leftovers\n|-heal|p1a: Aromatisse|211\/321|[from] item: Leftovers\n|-damage|p2a: Appletun|260\/344 tox|[from] psn\n|upkeep\n|turn|9\n|j| 147258369jusu\n|\n|t:|1666950945\n|move|p2a: Appletun|Leech Seed|p1a: Aromatisse\n|-start|p1a: Aromatisse|move: Leech Seed\n|move|p1a: Aromatisse|Wish|p1a: Aromatisse\n|\n|-heal|p2a: Appletun|281\/344 tox|[from] item: Leftovers\n|-heal|p1a: Aromatisse|231\/321|[from] item: Leftovers\n|-damage|p1a: Aromatisse|191\/321|[from] Leech Seed|[of] p2a: Appletun\n|-heal|p2a: Appletun|321\/344 tox|[silent]\n|-damage|p2a: Appletun|237\/344 tox|[from] psn\n|upkeep\n|turn|10\n|\n|t:|1666950957\n|switch|p2a: Xurkitree|Xurkitree, L76|251\/251\n|switch|p1a: Pyukumuku|Pyukumuku, L84, M|96\/230\n|-damage|p1a: Pyukumuku|68\/230|[from] Stealth Rock\n|\n|-heal|p1a: Pyukumuku|228\/230|[from] move: Wish|[wisher] Aromatisse\n|-heal|p1a: Pyukumuku|230\/230|[from] item: Leftovers\n|upkeep\n|turn|11\n|\n|t:|1666950961\n|move|p2a: Xurkitree|Thunderbolt|p1a: Pyukumuku\n|-supereffective|p1a: Pyukumuku\n|-damage|p1a: Pyukumuku|30\/230\n|move|p1a: Pyukumuku|Mirror Coat|p2a: Xurkitree\n|-damage|p2a: Xurkitree|0 fnt\n|faint|p2a: Xurkitree\n|\n|-heal|p1a: Pyukumuku|44\/230|[from] item: Leftovers\n|upkeep\n|\n|t:|1666950966\n|switch|p2a: Morpeko|Morpeko, L86, M|240\/240\n|turn|12\n|\n|t:|1666950972\n|move|p2a: Morpeko|Aura Wheel|p1a: Pyukumuku\n|-supereffective|p1a: Pyukumuku\n|-damage|p1a: Pyukumuku|0 fnt\n|-boost|p2a: Morpeko|spe|1\n|faint|p1a: Pyukumuku\n|\n|-formechange|p2a: Morpeko|Morpeko-Hangry||[from] ability: Hunger Switch\n|upkeep\n|\n|t:|1666950976\n|switch|p1a: Rapidash|Rapidash-Galar, L84, M|246\/246\n|-damage|p1a: Rapidash|216\/246|[from] Stealth Rock\n|turn|13\n|\n|t:|1666950983\n|move|p2a: Morpeko|Aura Wheel|p1a: Rapidash\n|-damage|p1a: Rapidash|6\/246\n|-boost|p2a: Morpeko|spe|1\n|move|p1a: Rapidash|Play Rough|p2a: Morpeko\n|-supereffective|p2a: Morpeko\n|-damage|p2a: Morpeko|0 fnt\n|faint|p2a: Morpeko\n|-damage|p1a: Rapidash|0 fnt|[from] item: Life Orb\n|faint|p1a: Rapidash\n|\n|upkeep\n|\n|t:|1666951002\n|switch|p1a: Aromatisse|Aromatisse, L88, F|191\/321\n|switch|p2a: Haxorus|Haxorus, L77, M|244\/244\n|-ability|p2a: Haxorus|Mold Breaker\n|-damage|p1a: Aromatisse|151\/321|[from] Stealth Rock\n|turn|14\n|\n|t:|1666951007\n|-start|p2a: Haxorus|Dynamax|\n|-heal|p2a: Haxorus|488\/488|[silent]\n|move|p2a: Haxorus|Max Quake|p1a: Aromatisse\n|-crit|p1a: Aromatisse\n|-damage|p1a: Aromatisse|0 fnt\n|-boost|p2a: Haxorus|spd|1\n|faint|p1a: Aromatisse\n|-damage|p2a: Haxorus|464\/488|[from] item: Life Orb\n|\n|upkeep\n|\n|t:|1666951024\n|switch|p1a: Indeedee|Indeedee, L83, M|235\/235\n|-damage|p1a: Indeedee|206\/235|[from] Stealth Rock\n|-fieldstart|move: Psychic Terrain|[from] ability: Psychic Surge|[of] p1a: Indeedee\n|turn|15\n|\n|t:|1666951037\n|-start|p1a: Indeedee|Dynamax|\n|-heal|p1a: Indeedee|412\/470|[silent]\n|move|p1a: Indeedee|Max Guard|p1a: Indeedee\n|-singleturn|p1a: Indeedee|Max Guard\n|move|p2a: Haxorus|Max Wyrmwind|p1a: Indeedee\n|-activate|p1a: Indeedee|move: Max Guard\n|\n|upkeep\n|turn|16\n|\n|t:|1666951043\n|move|p1a: Indeedee|Max Mindstorm|p2a: Haxorus\n|-damage|p2a: Haxorus|261\/488\n|-damage|p1a: Indeedee|389\/470|[from] item: Life Orb\n|move|p2a: Haxorus|Max Wyrmwind|p1a: Indeedee\n|-damage|p1a: Indeedee|68\/470\n|-unboost|p1a: Indeedee|atk|1\n|-damage|p2a: Haxorus|237\/488|[from] item: Life Orb\n|\n|upkeep\n|-end|p2a: Haxorus|Dynamax\n|-heal|p2a: Haxorus|119\/244|[silent]\n|turn|17\n|j| woshixinshou123\n|\n|t:|1666951052\n|switch|p2a: Appletun|Appletun, L90, F|237\/344 tox\n|move|p1a: Indeedee|Max Mindstorm|p2a: Appletun\n|-damage|p2a: Appletun|0 fnt\n|faint|p2a: Appletun\n|-damage|p1a: Indeedee|45\/470|[from] item: Life Orb\n|\n|upkeep\n|\n|t:|1666951056\n|switch|p2a: Passimian|Passimian, L82, M|298\/298\n|-end|p1a: Indeedee|Dynamax\n|-heal|p1a: Indeedee|23\/235|[silent]\n|turn|18\n|\n|t:|1666951062\n|move|p2a: Passimian|Knock Off|p1a: Indeedee\n|-supereffective|p1a: Indeedee\n|-damage|p1a: Indeedee|0 fnt\n|-enditem|p1a: Indeedee|Life Orb|[from] move: Knock Off|[of] p2a: Passimian\n|faint|p1a: Indeedee\n|\n|upkeep\n|l| woshixinshou123\n|\n|t:|1666951066\n|switch|p1a: Cinderace|Cinderace, L74, F|240\/240\n|turn|19\n|\n|t:|1666951072\n|move|p2a: Passimian|Knock Off|p1a: Cinderace\n|-damage|p1a: Cinderace|147\/240\n|-enditem|p1a: Cinderace|Heavy-Duty Boots|[from] move: Knock Off|[of] p2a: Passimian\n|move|p1a: Cinderace|Zen Headbutt|p2a: Passimian\n|-start|p1a: Cinderace|typechange|Psychic|[from] ability: Libero\n|-supereffective|p2a: Passimian\n|-damage|p2a: Passimian|94\/298\n|\n|-fieldend|move: Psychic Terrain\n|upkeep\n|turn|20\n|\n|t:|1666951077\n|switch|p2a: Haxorus|Haxorus, L77, M|119\/244\n|-ability|p2a: Haxorus|Mold Breaker\n|move|p1a: Cinderace|Zen Headbutt|p2a: Haxorus\n|-damage|p2a: Haxorus|43\/244\n|\n|upkeep\n|turn|21\n|\n|t:|1666951082\n|move|p1a: Cinderace|Zen Headbutt|p2a: Haxorus\n|-damage|p2a: Haxorus|0 fnt\n|faint|p2a: Haxorus\n|\n|upkeep\n|\n|t:|1666951085\n|switch|p2a: Passimian|Passimian, L82, M|94\/298\n|turn|22\n|\n|t:|1666951096\n|move|p2a: Passimian|Knock Off|p1a: Cinderace\n|-supereffective|p1a: Cinderace\n|-damage|p1a: Cinderace|17\/240\n|move|p1a: Cinderace|Pyro Ball|p2a: Passimian\n|-start|p1a: Cinderace|typechange|Fire|[from] ability: Libero\n|-damage|p2a: Passimian|0 fnt\n|faint|p2a: Passimian\n|\n|win|playeraccount\n|n|\u2606playeraccount|playeraccount\n|n|\u2606JJDL|jjdl\n|n| Aldente Fettucino|aldentefettucino\n|n| 147258369jusu|147258369jusu\n","inputlog":">version 855bee47758c8e203fce9c72050fbccc525688e2\n>start {\"formatid\":\"gen8randombattle\",\"seed\":[46862,59695,60538,56874],\"rated\":\"Tournament battle\"}\n>player p1 {\"name\":\"playeraccount\",\"avatar\":\"2\",\"rating\":0,\"seed\":[9224,23701,10061,46452]}\n>player p2 {\"name\":\"JJDL\",\"avatar\":\"fisherman-gen4\",\"rating\":0,\"seed\":[9027,21915,13918,18807]}\n>p1 move swordsdance\n>p2 move stealthrock\n>p1 move swordsdance\n>p2 move bravebird\n>p1 move stoneedge\n>p2 move bravebird\n>p1 move stoneedge\n>p2 move bravebird\n>p2 switch 3\n>p1 move earthquake\n>p2 move dazzlinggleam\n>p1 switch 6\n>p1 move toxic\n>p2 switch 4\n>p1 move counter\n>p2 move appleacid\n>p1 switch 4\n>p2 move appleacid\n>p1 move wish\n>p2 move leechseed\n>p1 switch 4\n>p2 switch 4\n>p1 move mirrorcoat\n>p2 move thunderbolt\n>p2 switch 2\n>p1 move toxic\n>p2 move aurawheel\n>p1 switch 3\n>p1 move playrough\n>p2 move aurawheel\n>p1 switch 4\n>p2 switch 6\n>p1 move moonblast\n>p2 move earthquake dynamax\n>p1 switch 5\n>p1 move calmmind dynamax\n>p2 move outrage dynamax\n>p1 move expandingforce dynamax\n>p2 move outrage dynamax\n>p1 move expandingforce dynamax\n>p2 switch 4\n>p2 switch 5\n>p1 move expandingforce\n>p2 move knockoff\n>p1 switch 2\n>p1 move zenheadbutt\n>p2 move knockoff\n>p1 move zenheadbutt\n>p2 switch 4\n>p1 move zenheadbutt\n>p2 move outrage\n>p2 switch 4\n>p1 move pyroball\n>p2 move knockoff","uploadtime":1666951097,"views":5,"p1id":"playeraccount","p2id":"jjdl","formatid":"gen8randombattle","rating":0,"private":0,"password":null}