{"id":"gen8ou-1670938795","p1":"jeandonis02","p2":"a jellyfish","format":"gen8ou","log":"|j|\u2606jeandonis02\n|j|\u2606a jellyfish\n|t:|1663880162\n|gametype|singles\n|player|p1|jeandonis02|lucas|1706\n|player|p2|a jellyfish|fisherman-gen4|1692\n|teamsize|p1|6\n|teamsize|p2|6\n|gen|8\n|tier|[Gen 8] OU\n|rated|\n|rule|Sleep Clause Mod: Limit one foe put to sleep\n|rule|Species Clause: Limit one of each Pok\u00e9mon\n|rule|OHKO Clause: OHKO moves are banned\n|rule|Evasion Items Clause: Evasion items are banned\n|rule|Evasion Moves Clause: Evasion moves are banned\n|rule|Endless Battle Clause: Forcing endless battles is banned\n|rule|HP Percentage Mod: HP is shown in percentages\n|rule|Dynamax Clause: You cannot dynamax\n|clearpoke\n|poke|p1|Zeraora|\n|poke|p1|Toxapex, F|\n|poke|p1|Garchomp, M|\n|poke|p1|Rotom-Wash|\n|poke|p1|Ferrothorn, M|\n|poke|p1|Charizard, F|\n|poke|p2|Moltres-Galar|\n|poke|p2|Dragapult, M|\n|poke|p2|Landorus-Therian, M|\n|poke|p2|Dragonite, M|\n|poke|p2|Victini|\n|poke|p2|Heatran, M|\n|teampreview\n|inactive|Battle timer is ON: inactive players will automatically lose when time's up. (requested by a jellyfish)\n|\n|t:|1663880184\n|start\n|switch|p1a: Charizard|Charizard, F|100\/100\n|switch|p2a: Dragapult|Dragapult, M|100\/100\n|turn|1\n|\n|t:|1663880187\n|switch|p1a: Toxapex|Toxapex, F|100\/100\n|move|p2a: Dragapult|U-turn|p1a: Toxapex\n|-resisted|p1a: Toxapex\n|-damage|p1a: Toxapex|94\/100\n|\n|t:|1663880192\n|switch|p2a: Heatran|Heatran, M|100\/100|[from]move: U-turn\n|\n|-heal|p1a: Toxapex|99\/100|[from] item: Black Sludge\n|upkeep\n|turn|2\n|\n|t:|1663880196\n|switch|p1a: Garchomp|Garchomp, M|100\/100\n|move|p2a: Heatran|Magma Storm|p1a: Garchomp\n|-resisted|p1a: Garchomp\n|-damage|p1a: Garchomp|76\/100\n|-activate|p1a: Garchomp|move: Magma Storm|[of] p2a: Heatran\n|\n|-damage|p1a: Garchomp|64\/100|[from] move: Magma Storm|[partiallytrapped]\n|upkeep\n|turn|3\n|j| NDHB\n|\n|t:|1663880201\n|switch|p2a: Landorus|Landorus-Therian, M|100\/100\n|-ability|p2a: Landorus|Intimidate|boost\n|-unboost|p1a: Garchomp|atk|1\n|move|p1a: Garchomp|Outrage|p2a: Landorus\n|-damage|p2a: Landorus|47\/100\n|\n|-heal|p2a: Landorus|54\/100|[from] item: Leftovers\n|-end|p1a: Garchomp|Magma Storm|[partiallytrapped]|[silent]\n|upkeep\n|turn|4\n|\n|t:|1663880206\n|switch|p2a: Heatran|Heatran, M|100\/100\n|move|p1a: Garchomp|Outrage|p2a: Heatran|[from]lockedmove\n|-resisted|p2a: Heatran\n|-damage|p2a: Heatran|76\/100\n|\n|-heal|p2a: Heatran|82\/100|[from] item: Leftovers\n|upkeep\n|turn|5\n|\n|t:|1663880229\n|move|p1a: Garchomp|Outrage|p2a: Heatran|[from]lockedmove\n|-resisted|p2a: Heatran\n|-damage|p2a: Heatran|57\/100\n|-start|p1a: Garchomp|confusion|[fatigue]\n|move|p2a: Heatran|Toxic|p1a: Garchomp\n|-status|p1a: Garchomp|tox\n|\n|-heal|p2a: Heatran|63\/100|[from] item: Leftovers\n|-damage|p1a: Garchomp|57\/100 tox|[from] psn\n|upkeep\n|turn|6\n|\n|t:|1663880237\n|switch|p1a: Toxapex|Toxapex, F|100\/100\n|move|p2a: Heatran|Stealth Rock|p1a: Toxapex\n|-sidestart|p1: jeandonis02|move: Stealth Rock\n|\n|-heal|p2a: Heatran|70\/100|[from] item: Leftovers\n|upkeep\n|turn|7\n|\n|t:|1663880238\n|move|p2a: Heatran|Magma Storm|p1a: Toxapex\n|-resisted|p1a: Toxapex\n|-damage|p1a: Toxapex|86\/100\n|-activate|p1a: Toxapex|move: Magma Storm|[of] p2a: Heatran\n|move|p1a: Toxapex|Scald|p2a: Heatran\n|-supereffective|p2a: Heatran\n|-damage|p2a: Heatran|49\/100\n|\n|-heal|p2a: Heatran|56\/100|[from] item: Leftovers\n|-heal|p1a: Toxapex|92\/100|[from] item: Black Sludge\n|-damage|p1a: Toxapex|79\/100|[from] move: Magma Storm|[partiallytrapped]\n|upkeep\n|turn|8\n|\n|t:|1663880240\n|move|p2a: Heatran|Earth Power|p1a: Toxapex\n|-supereffective|p1a: Toxapex\n|-damage|p1a: Toxapex|46\/100\n|move|p1a: Toxapex|Scald|p2a: Heatran\n|-supereffective|p2a: Heatran\n|-damage|p2a: Heatran|33\/100\n|\n|-heal|p2a: Heatran|40\/100|[from] item: Leftovers\n|-heal|p1a: Toxapex|52\/100|[from] item: Black Sludge\n|-damage|p1a: Toxapex|40\/100|[from] move: Magma Storm|[partiallytrapped]\n|upkeep\n|turn|9\n|\n|t:|1663880242\n|move|p2a: Heatran|Earth Power|p1a: Toxapex\n|-supereffective|p1a: Toxapex\n|-damage|p1a: Toxapex|7\/100\n|move|p1a: Toxapex|Scald|p2a: Heatran\n|-supereffective|p2a: Heatran\n|-crit|p2a: Heatran\n|-damage|p2a: Heatran|8\/100\n|\n|-heal|p2a: Heatran|14\/100|[from] item: Leftovers\n|-heal|p1a: Toxapex|14\/100|[from] item: Black Sludge\n|-damage|p1a: Toxapex|1\/100|[from] move: Magma Storm|[partiallytrapped]\n|upkeep\n|turn|10\n|\n|t:|1663880246\n|move|p2a: Heatran|Earth Power|p1a: Toxapex\n|-supereffective|p1a: Toxapex\n|-damage|p1a: Toxapex|0 fnt\n|faint|p1a: Toxapex\n|\n|-heal|p2a: Heatran|20\/100|[from] item: Leftovers\n|upkeep\n|\n|t:|1663880247\n|switch|p1a: Rotom|Rotom-Wash|100\/100\n|-damage|p1a: Rotom|88\/100|[from] Stealth Rock\n|turn|11\n|\n|t:|1663880254\n|move|p1a: Rotom|Defog|p2a: Heatran\n|-unboost|p2a: Heatran|evasion|1\n|-sideend|p1: jeandonis02|Stealth Rock|[from] move: Defog|[of] p1a: Rotom\n|move|p2a: Heatran|Toxic|p1a: Rotom\n|-status|p1a: Rotom|tox\n|\n|-heal|p1a: Rotom|94\/100 tox|[from] item: Leftovers\n|-heal|p2a: Heatran|27\/100|[from] item: Leftovers\n|-damage|p1a: Rotom|88\/100 tox|[from] psn\n|upkeep\n|turn|12\n|\n|t:|1663880257\n|switch|p2a: Dragapult|Dragapult, M|100\/100\n|move|p1a: Rotom|Volt Switch|p2a: Dragapult\n|-resisted|p2a: Dragapult\n|-damage|p2a: Dragapult|84\/100\n|\n|t:|1663880260\n|switch|p1a: Zeraora|Zeraora|100\/100|[from]move: Volt Switch\n|\n|upkeep\n|turn|13\n|\n|t:|1663880263\n|switch|p2a: Landorus|Landorus-Therian, M|54\/100\n|-ability|p2a: Landorus|Intimidate|boost\n|-unboost|p1a: Zeraora|atk|1\n|move|p1a: Zeraora|Knock Off|p2a: Landorus\n|-damage|p2a: Landorus|38\/100\n|-enditem|p2a: Landorus|Leftovers|[from] move: Knock Off|[of] p1a: Zeraora\n|\n|upkeep\n|turn|14\n|\n|t:|1663880266\n|switch|p1a: Ferrothorn|Ferrothorn, M|100\/100\n|move|p2a: Landorus|U-turn|p1a: Ferrothorn\n|-damage|p1a: Ferrothorn|86\/100\n|-damage|p2a: Landorus|26\/100|[from] ability: Iron Barbs|[of] p1a: Ferrothorn\n|-damage|p2a: Landorus|9\/100|[from] item: Rocky Helmet|[of] p1a: Ferrothorn\n|\n|t:|1663880273\n|switch|p2a: Moltres|Moltres-Galar|100\/100|[from]move: U-turn\n|\n|upkeep\n|turn|15\n|\n|t:|1663880277\n|move|p2a: Moltres|Nasty Plot|p2a: Moltres\n|-boost|p2a: Moltres|spa|2\n|move|p1a: Ferrothorn|Thunder Wave|p2a: Moltres\n|-status|p2a: Moltres|par\n|\n|upkeep\n|turn|16\n|\n|t:|1663880279\n|cant|p2a: Moltres|par\n|move|p1a: Ferrothorn|Leech Seed|p2a: Moltres\n|-start|p2a: Moltres|move: Leech Seed\n|\n|-damage|p2a: Moltres|88\/100 par|[from] Leech Seed|[of] p1a: Ferrothorn\n|-heal|p1a: Ferrothorn|99\/100|[silent]\n|upkeep\n|turn|17\n|\n|t:|1663880280\n|cant|p2a: Moltres|par\n|move|p1a: Ferrothorn|Stealth Rock|p2a: Moltres\n|-sidestart|p2: a jellyfish|move: Stealth Rock\n|\n|-heal|p2a: Moltres|94\/100 par|[from] item: Leftovers\n|-damage|p2a: Moltres|82\/100 par|[from] Leech Seed|[of] p1a: Ferrothorn\n|-heal|p1a: Ferrothorn|100\/100|[silent]\n|upkeep\n|turn|18\n|\n|t:|1663880284\n|switch|p1a: Rotom|Rotom-Wash|88\/100 tox\n|move|p2a: Moltres|Fiery Wrath|p1a: Rotom\n|-damage|p1a: Rotom|21\/100 tox\n|\n|-heal|p1a: Rotom|27\/100 tox|[from] item: Leftovers\n|-heal|p2a: Moltres|88\/100 par|[from] item: Leftovers\n|-damage|p2a: Moltres|75\/100 par|[from] Leech Seed|[of] p1a: Rotom\n|-heal|p1a: Rotom|41\/100 tox|[silent]\n|-damage|p1a: Rotom|35\/100 tox|[from] psn\n|upkeep\n|turn|19\n|\n|t:|1663880289\n|move|p1a: Rotom|Volt Switch|p2a: Moltres\n|-supereffective|p2a: Moltres\n|-damage|p2a: Moltres|35\/100 par\n|-ability|p2a: Moltres|Berserk|boost\n|-boost|p2a: Moltres|spa|1\n|\n|t:|1663880298\n|switch|p1a: Garchomp|Garchomp, M|57\/100 tox|[from]move: Volt Switch\n|cant|p2a: Moltres|par\n|\n|-heal|p2a: Moltres|41\/100 par|[from] item: Leftovers\n|-damage|p2a: Moltres|29\/100 par|[from] Leech Seed|[of] p1a: Garchomp\n|-heal|p1a: Garchomp|69\/100 tox|[silent]\n|-damage|p1a: Garchomp|63\/100 tox|[from] psn\n|upkeep\n|turn|20\n|\n|t:|1663880304\n|move|p1a: Garchomp|Iron Head|p2a: Moltres\n|-damage|p2a: Moltres|0 fnt\n|faint|p2a: Moltres\n|\n|-damage|p1a: Garchomp|51\/100 tox|[from] psn\n|upkeep\n|\n|t:|1663880316\n|switch|p2a: Victini|Victini|100\/100\n|turn|21\n|\n|t:|1663880320\n|move|p1a: Garchomp|Iron Head|p2a: Victini\n|-resisted|p2a: Victini\n|-damage|p2a: Victini|78\/100\n|move|p2a: Victini|Glaciate|p1a: Garchomp\n|-supereffective|p1a: Garchomp\n|-damage|p1a: Garchomp|0 fnt\n|faint|p1a: Garchomp\n|\n|upkeep\n|j| fdghsfgsdfd\n|\n|t:|1663880324\n|switch|p1a: Zeraora|Zeraora|100\/100\n|turn|22\n|\n|t:|1663880330\n|switch|p2a: Landorus|Landorus-Therian, M|9\/100\n|-damage|p2a: Landorus|0 fnt|[from] Stealth Rock\n|faint|p2a: Landorus\n|move|p1a: Zeraora|Knock Off|p2: Landorus|[notarget]\n|-fail|p1a: Zeraora\n|\n|upkeep\n|\n|t:|1663880331\n|switch|p2a: Dragonite|Dragonite, M, shiny|100\/100\n|turn|23\n|\n|t:|1663880336\n|move|p1a: Zeraora|Play Rough|p2a: Dragonite\n|-supereffective|p2a: Dragonite\n|-damage|p2a: Dragonite|70\/100\n|move|p2a: Dragonite|Earthquake|p1a: Zeraora\n|-supereffective|p1a: Zeraora\n|-damage|p1a: Zeraora|10\/100\n|\n|upkeep\n|turn|24\n|\n|t:|1663880339\n|switch|p1a: Ferrothorn|Ferrothorn, M|100\/100\n|move|p2a: Dragonite|Earthquake|p1a: Ferrothorn\n|-damage|p1a: Ferrothorn|78\/100\n|\n|upkeep\n|turn|25\n|\n|t:|1663880342\n|switch|p2a: Heatran|Heatran, M|27\/100\n|-damage|p2a: Heatran|14\/100|[from] Stealth Rock\n|move|p1a: Ferrothorn|Leech Seed|p2a: Heatran\n|-start|p2a: Heatran|move: Leech Seed\n|\n|-heal|p2a: Heatran|20\/100|[from] item: Leftovers\n|-damage|p2a: Heatran|8\/100|[from] Leech Seed|[of] p1a: Ferrothorn\n|-heal|p1a: Ferrothorn|92\/100|[silent]\n|upkeep\n|turn|26\n|\n|t:|1663880345\n|switch|p1a: Rotom|Rotom-Wash|35\/100 tox\n|move|p2a: Heatran|Stealth Rock|p1a: Rotom\n|-sidestart|p1: jeandonis02|move: Stealth Rock\n|\n|-heal|p1a: Rotom|41\/100 tox|[from] item: Leftovers\n|-heal|p2a: Heatran|14\/100|[from] item: Leftovers\n|-damage|p2a: Heatran|2\/100|[from] Leech Seed|[of] p1a: Rotom\n|-heal|p1a: Rotom|57\/100 tox|[silent]\n|-damage|p1a: Rotom|51\/100 tox|[from] psn\n|upkeep\n|turn|27\n|\n|t:|1663880349\n|move|p1a: Rotom|Defog|p2a: Heatran\n|-unboost|p2a: Heatran|evasion|1\n|-sideend|p2: a jellyfish|Stealth Rock|[from] move: Defog|[of] p1a: Rotom\n|-sideend|p1: jeandonis02|Stealth Rock|[from] move: Defog|[of] p1a: Rotom\n|move|p2a: Heatran|Magma Storm|p1a: Rotom\n|-resisted|p1a: Rotom\n|-crit|p1a: Rotom\n|-damage|p1a: Rotom|20\/100 tox\n|-activate|p1a: Rotom|move: Magma Storm|[of] p2a: Heatran\n|\n|-heal|p1a: Rotom|26\/100 tox|[from] item: Leftovers\n|-heal|p2a: Heatran|8\/100|[from] item: Leftovers\n|-damage|p2a: Heatran|0 fnt|[from] Leech Seed|[of] p1a: Rotom\n|-heal|p1a: Rotom|36\/100 tox|[silent]\n|faint|p2a: Heatran\n|-damage|p1a: Rotom|23\/100 tox|[from] psn\n|-end|p1a: Rotom|Magma Storm|[partiallytrapped]|[silent]\n|upkeep\n|\n|t:|1663880371\n|switch|p2a: Victini|Victini|78\/100\n|turn|28\n|\n|t:|1663880378\n|move|p2a: Victini|U-turn|p1a: Rotom\n|-damage|p1a: Rotom|6\/100 tox\n|\n|t:|1663880380\n|switch|p2a: Dragapult|Dragapult, M|84\/100|[from]move: U-turn\n|move|p1a: Rotom|Volt Switch|p2a: Dragapult\n|-resisted|p2a: Dragapult\n|-damage|p2a: Dragapult|67\/100\n|\n|t:|1663880385\n|switch|p1a: Zeraora|Zeraora|10\/100|[from]move: Volt Switch\n|\n|upkeep\n|turn|29\n|\n|t:|1663880388\n|move|p1a: Zeraora|Knock Off|p2a: Dragapult\n|-supereffective|p2a: Dragapult\n|-damage|p2a: Dragapult|0 fnt\n|-enditem|p2a: Dragapult|Choice Specs|[from] move: Knock Off|[of] p1a: Zeraora\n|faint|p2a: Dragapult\n|\n|upkeep\n|\n|t:|1663880390\n|switch|p2a: Dragonite|Dragonite, M, shiny|70\/100\n|turn|30\n|\n|t:|1663880393\n|switch|p1a: Ferrothorn|Ferrothorn, M|92\/100\n|move|p2a: Dragonite|Roost|p2a: Dragonite\n|-heal|p2a: Dragonite|100\/100\n|-singleturn|p2a: Dragonite|move: Roost\n|\n|upkeep\n|turn|31\n|\n|t:|1663880398\n|switch|p2a: Victini|Victini|78\/100\n|move|p1a: Ferrothorn|Leech Seed|p2a: Victini\n|-start|p2a: Victini|move: Leech Seed\n|\n|-damage|p2a: Victini|66\/100|[from] Leech Seed|[of] p1a: Ferrothorn\n|-heal|p1a: Ferrothorn|100\/100|[silent]\n|upkeep\n|turn|32\n|\n|t:|1663880402\n|switch|p1a: Charizard|Charizard, F|100\/100\n|move|p2a: Victini|U-turn|p1a: Charizard\n|-resisted|p1a: Charizard\n|-damage|p1a: Charizard|94\/100\n|\n|t:|1663880404\n|switch|p2a: Dragonite|Dragonite, M, shiny|100\/100|[from]move: U-turn\n|\n|upkeep\n|turn|33\n|\n|t:|1663880406\n|switch|p2a: Victini|Victini|66\/100\n|move|p1a: Charizard|Flame Charge|p2a: Victini\n|-resisted|p2a: Victini\n|-damage|p2a: Victini|57\/100\n|-boost|p1a: Charizard|spe|1\n|\n|upkeep\n|turn|34\n|\n|t:|1663880413\n|switch|p1a: Rotom|Rotom-Wash|6\/100 tox\n|switch|p2a: Dragonite|Dragonite, M, shiny|100\/100\n|\n|-heal|p1a: Rotom|13\/100 tox|[from] item: Leftovers\n|-damage|p1a: Rotom|6\/100 tox|[from] psn\n|upkeep\n|turn|35\n|\n|t:|1663880418\n|move|p2a: Dragonite|Ice Punch|p1a: Rotom\n|-resisted|p1a: Rotom\n|-damage|p1a: Rotom|0 fnt\n|faint|p1a: Rotom\n|\n|upkeep\n|\n|t:|1663880421\n|switch|p1a: Ferrothorn|Ferrothorn, M|100\/100\n|turn|36\n|\n|t:|1663880422\n|switch|p2a: Victini|Victini|57\/100\n|move|p1a: Ferrothorn|Thunder Wave|p2a: Victini|[miss]\n|-miss|p1a: Ferrothorn|p2a: Victini\n|\n|upkeep\n|turn|37\n|\n|t:|1663880428\n|move|p2a: Victini|V-create|p1a: Ferrothorn\n|-supereffective|p1a: Ferrothorn\n|-damage|p1a: Ferrothorn|0 fnt\n|-unboost|p2a: Victini|spe|1\n|-unboost|p2a: Victini|def|1\n|-unboost|p2a: Victini|spd|1\n|-damage|p2a: Victini|44\/100|[from] ability: Iron Barbs|[of] p1a: Ferrothorn\n|-damage|p2a: Victini|28\/100|[from] item: Rocky Helmet|[of] p1a: Ferrothorn\n|faint|p1a: Ferrothorn\n|\n|upkeep\n|\n|t:|1663880435\n|switch|p1a: Charizard|Charizard, F|94\/100\n|turn|38\n|\n|t:|1663880438\n|move|p1a: Charizard|Belly Drum|p1a: Charizard\n|-damage|p1a: Charizard|44\/100\n|-setboost|p1a: Charizard|atk|6|[from] move: Belly Drum\n|-enditem|p1a: Charizard|Sitrus Berry|[eat]\n|-heal|p1a: Charizard|69\/100|[from] item: Sitrus Berry\n|move|p2a: Victini|Bolt Strike|p1a: Charizard\n|-supereffective|p1a: Charizard\n|-damage|p1a: Charizard|0 fnt\n|faint|p1a: Charizard\n|\n|upkeep\n|\n|t:|1663880444\n|switch|p1a: Zeraora|Zeraora|10\/100\n|turn|39\n|c|\u2606a jellyfish|gg\n|\n|t:|1663880448\n|move|p1a: Zeraora|Knock Off|p2a: Victini\n|-supereffective|p2a: Victini\n|-damage|p2a: Victini|0 fnt\n|-enditem|p2a: Victini|Heavy-Duty Boots|[from] move: Knock Off|[of] p1a: Zeraora\n|faint|p2a: Victini\n|\n|upkeep\n|\n|t:|1663880452\n|switch|p2a: Dragonite|Dragonite, M, shiny|100\/100\n|turn|40\n|\n|t:|1663880455\n|move|p1a: Zeraora|Play Rough|p2a: Dragonite\n|-supereffective|p2a: Dragonite\n|-damage|p2a: Dragonite|67\/100\n|move|p2a: Dragonite|Earthquake|p1a: Zeraora\n|-supereffective|p1a: Zeraora\n|-damage|p1a: Zeraora|0 fnt\n|faint|p1a: Zeraora\n|\n|win|a jellyfish\n|raw|jeandonis02's rating: 1706 &rarr; <strong>1685<\/strong><br \/>(-21 for losing)\n|raw|a jellyfish's rating: 1692 &rarr; <strong>1713<\/strong><br \/>(+21 for winning)\n|l|\u2606jeandonis02\n|l|\u2606a jellyfish\n||Ladder isn't responding, score probably updated but might not have (Request timeout).\n","uploadtime":1663880553,"views":32,"p1id":"jeandonis02","p2id":"ajellyfish","formatid":"gen8ou","rating":1685,"private":0,"password":null}