{"id":"gen8ou-1681043024","p1":"Dindon Ductile","p2":"minimax_ai","format":"gen8ou","log":"|j|\u2606Dindon Ductile\n|j|\u2606minimax_ai\n|t:|1665263992\n|gametype|singles\n|player|p1|Dindon Ductile|bruno|1661\n|player|p2|minimax_ai|lusamine-nihilego|1649\n|teamsize|p1|6\n|teamsize|p2|6\n|gen|8\n|tier|[Gen 8] OU\n|rated|\n|rule|Sleep Clause Mod: Limit one foe put to sleep\n|rule|Species Clause: Limit one of each Pok\u00e9mon\n|rule|OHKO Clause: OHKO moves are banned\n|rule|Evasion Items Clause: Evasion items are banned\n|rule|Evasion Moves Clause: Evasion moves are banned\n|rule|Endless Battle Clause: Forcing endless battles is banned\n|rule|HP Percentage Mod: HP is shown in percentages\n|rule|Dynamax Clause: You cannot dynamax\n|clearpoke\n|poke|p1|Nidoking, M|\n|poke|p1|Celesteela|\n|poke|p1|Tyranitar, M|\n|poke|p1|Dragapult, F|\n|poke|p1|Kartana|\n|poke|p1|Tapu Fini|\n|poke|p2|Rotom-Wash|\n|poke|p2|Weavile, M|\n|poke|p2|Landorus-Therian, M|\n|poke|p2|Heatran, M|\n|poke|p2|Tangrowth, M|\n|poke|p2|Melmetal|\n|teampreview\n|c|\u2606minimax_ai|hf\n|inactive|Battle timer is ON: inactive players will automatically lose when time's up. (requested by minimax_ai)\n|\n|t:|1665264009\n|start\n|switch|p1a: Tyranitar|Tyranitar, M|100\/100\n|switch|p2a: Melmetal|Melmetal|100\/100\n|-weather|Sandstorm|[from] ability: Sand Stream|[of] p1a: Tyranitar\n|turn|1\n|\n|t:|1665264021\n|switch|p1a: Celesteela|Celesteela|100\/100\n|move|p2a: Melmetal|Double Iron Bash|p1a: Celesteela\n|-resisted|p1a: Celesteela\n|-damage|p1a: Celesteela|84\/100\n|-resisted|p1a: Celesteela\n|-damage|p1a: Celesteela|68\/100\n|-hitcount|p1a: Celesteela|2\n|\n|-weather|Sandstorm|[upkeep]\n|-heal|p1a: Celesteela|74\/100|[from] item: Leftovers\n|upkeep\n|turn|2\n|\n|t:|1665264026\n|move|p1a: Celesteela|Protect|p1a: Celesteela\n|-singleturn|p1a: Celesteela|Protect\n|move|p2a: Melmetal|Thunder Punch|p1a: Celesteela\n|-activate|p1a: Celesteela|move: Protect\n|\n|-weather|Sandstorm|[upkeep]\n|-heal|p1a: Celesteela|80\/100|[from] item: Leftovers\n|upkeep\n|turn|3\n|\n|t:|1665264035\n|switch|p1a: Nidoking|Nidoking, M|100\/100\n|move|p2a: Melmetal|Thunder Punch|p1a: Nidoking\n|-immune|p1a: Nidoking\n|\n|-weather|Sandstorm|[upkeep]\n|upkeep\n|turn|4\n|\n|t:|1665264043\n|move|p1a: Nidoking|Earth Power|p2a: Melmetal\n|-supereffective|p2a: Melmetal\n|-damage|p2a: Melmetal|40\/100\n|move|p2a: Melmetal|Ice Punch|p1a: Nidoking\n|-supereffective|p1a: Nidoking\n|-crit|p1a: Nidoking\n|-damage|p1a: Nidoking|0 fnt\n|faint|p1a: Nidoking\n|\n|-weather|Sandstorm|[upkeep]\n|upkeep\n|\n|t:|1665264061\n|switch|p1a: Dragapult|Dragapult, F|100\/100\n|turn|5\n|\n|t:|1665264065\n|switch|p2a: landorustherian|Landorus-Therian, M|100\/100\n|-ability|p2a: landorustherian|Intimidate|boost\n|-unboost|p1a: Dragapult|atk|1\n|move|p1a: Dragapult|U-turn|p2a: landorustherian\n|-resisted|p2a: landorustherian\n|-damage|p2a: landorustherian|95\/100\n|\n|t:|1665264076\n|switch|p1a: Celesteela|Celesteela|80\/100|[from]move: U-turn\n|\n|-weather|none\n|-heal|p2a: landorustherian|100\/100|[from] item: Leftovers\n|-heal|p1a: Celesteela|86\/100|[from] item: Leftovers\n|upkeep\n|turn|6\n|\n|t:|1665264079\n|switch|p2a: Heatran|Heatran, M|100\/100\n|-item|p2a: Heatran|Air Balloon\n|move|p1a: Celesteela|Toxic|p2a: Heatran|[miss]\n|-miss|p1a: Celesteela|p2a: Heatran\n|\n|-heal|p1a: Celesteela|92\/100|[from] item: Leftovers\n|upkeep\n|turn|7\n|\n|t:|1665264083\n|switch|p1a: Tyranitar|Tyranitar, M|100\/100\n|-weather|Sandstorm|[from] ability: Sand Stream|[of] p1a: Tyranitar\n|move|p2a: Heatran|Magma Storm|p1a: Tyranitar\n|-resisted|p1a: Tyranitar\n|-damage|p1a: Tyranitar|90\/100\n|-activate|p1a: Tyranitar|move: Magma Storm|[of] p2a: Heatran\n|\n|-weather|Sandstorm|[upkeep]\n|-heal|p1a: Tyranitar|96\/100|[from] item: Leftovers\n|-damage|p1a: Tyranitar|84\/100|[from] move: Magma Storm|[partiallytrapped]\n|upkeep\n|turn|8\n|\n|t:|1665264089\n|move|p2a: Heatran|Earth Power|p1a: Tyranitar\n|-supereffective|p1a: Tyranitar\n|-damage|p1a: Tyranitar|57\/100\n|move|p1a: Tyranitar|Rock Blast|p2a: Heatran\n|-damage|p2a: Heatran|88\/100\n|-enditem|p2a: Heatran|Air Balloon\n|-damage|p2a: Heatran|77\/100\n|-damage|p2a: Heatran|66\/100\n|-hitcount|p2a: Heatran|3\n|\n|-weather|Sandstorm|[upkeep]\n|-heal|p1a: Tyranitar|63\/100|[from] item: Leftovers\n|-damage|p1a: Tyranitar|51\/100|[from] move: Magma Storm|[partiallytrapped]\n|upkeep\n|turn|9\n|\n|t:|1665264098\n|switch|p2a: landorustherian|Landorus-Therian, M|100\/100\n|-ability|p2a: landorustherian|Intimidate|boost\n|-unboost|p1a: Tyranitar|atk|1\n|move|p1a: Tyranitar|Stealth Rock|p2a: landorustherian\n|-sidestart|p2: minimax_ai|move: Stealth Rock\n|\n|-weather|Sandstorm|[upkeep]\n|-heal|p1a: Tyranitar|57\/100|[from] item: Leftovers\n|-end|p1a: Tyranitar|Magma Storm|[partiallytrapped]|[silent]\n|upkeep\n|turn|10\n|\n|t:|1665264106\n|switch|p1a: Celesteela|Celesteela|92\/100\n|move|p2a: landorustherian|Defog|p1a: Celesteela\n|-unboost|p1a: Celesteela|evasion|1\n|-sideend|p2: minimax_ai|Stealth Rock|[from] move: Defog|[of] p2a: landorustherian\n|\n|-weather|Sandstorm|[upkeep]\n|-heal|p1a: Celesteela|98\/100|[from] item: Leftovers\n|upkeep\n|turn|11\n|\n|t:|1665264117\n|move|p1a: Celesteela|Protect|p1a: Celesteela\n|-singleturn|p1a: Celesteela|Protect\n|move|p2a: landorustherian|U-turn|p1a: Celesteela\n|-activate|p1a: Celesteela|move: Protect\n|\n|-weather|none\n|-heal|p1a: Celesteela|100\/100|[from] item: Leftovers\n|upkeep\n|turn|12\n|\n|t:|1665264124\n|move|p2a: landorustherian|U-turn|p1a: Celesteela\n|-resisted|p1a: Celesteela\n|-damage|p1a: Celesteela|96\/100\n|\n|t:|1665264124\n|switch|p2a: Heatran|Heatran, M|66\/100|[from]move: U-turn\n|move|p1a: Celesteela|Flamethrower|p2a: Heatran\n|-start|p2a: Heatran|ability: Flash Fire\n|\n|-heal|p1a: Celesteela|100\/100|[from] item: Leftovers\n|upkeep\n|turn|13\n|\n|t:|1665264130\n|switch|p1a: Tyranitar|Tyranitar, M|57\/100\n|-weather|Sandstorm|[from] ability: Sand Stream|[of] p1a: Tyranitar\n|move|p2a: Heatran|Stealth Rock|p1a: Tyranitar\n|-sidestart|p1: Dindon Ductile|move: Stealth Rock\n|\n|-weather|Sandstorm|[upkeep]\n|-heal|p1a: Tyranitar|63\/100|[from] item: Leftovers\n|upkeep\n|turn|14\n|\n|t:|1665264137\n|-end|p2a: Heatran|ability: Flash Fire|[silent]\n|switch|p2a: landorustherian|Landorus-Therian, M|100\/100\n|-ability|p2a: landorustherian|Intimidate|boost\n|-unboost|p1a: Tyranitar|atk|1\n|move|p1a: Tyranitar|Stealth Rock|p2a: landorustherian\n|-sidestart|p2: minimax_ai|move: Stealth Rock\n|\n|-weather|Sandstorm|[upkeep]\n|-heal|p1a: Tyranitar|69\/100|[from] item: Leftovers\n|upkeep\n|turn|15\n|\n|t:|1665264150\n|move|p2a: landorustherian|U-turn|p1a: Tyranitar\n|-supereffective|p1a: Tyranitar\n|-damage|p1a: Tyranitar|33\/100\n|\n|t:|1665264150\n|switch|p2a: rotomwash|Rotom-Wash|100\/100|[from]move: U-turn\n|-damage|p2a: rotomwash|88\/100|[from] Stealth Rock\n|move|p1a: Tyranitar|Toxic|p2a: rotomwash\n|-status|p2a: rotomwash|tox\n|\n|-weather|Sandstorm|[upkeep]\n|-damage|p2a: rotomwash|82\/100 tox|[from] Sandstorm\n|-heal|p2a: rotomwash|88\/100 tox|[from] item: Leftovers\n|-heal|p1a: Tyranitar|39\/100|[from] item: Leftovers\n|-damage|p2a: rotomwash|82\/100 tox|[from] psn\n|upkeep\n|turn|16\n|\n|t:|1665264162\n|switch|p1a: Dragapult|Dragapult, F|100\/100\n|move|p2a: rotomwash|Hydro Pump|p1a: Dragapult\n|-resisted|p1a: Dragapult\n|-damage|p1a: Dragapult|70\/100\n|\n|-weather|Sandstorm|[upkeep]\n|-damage|p1a: Dragapult|64\/100|[from] Sandstorm\n|-damage|p2a: rotomwash|75\/100 tox|[from] Sandstorm\n|-heal|p2a: rotomwash|82\/100 tox|[from] item: Leftovers\n|-damage|p2a: rotomwash|69\/100 tox|[from] psn\n|upkeep\n|turn|17\n|\n|t:|1665264169\n|switch|p2a: landorustherian|Landorus-Therian, M|100\/100\n|-damage|p2a: landorustherian|88\/100|[from] Stealth Rock\n|-ability|p2a: landorustherian|Intimidate|boost\n|-unboost|p1a: Dragapult|atk|1\n|move|p1a: Dragapult|Hex|p2a: landorustherian\n|-damage|p2a: landorustherian|65\/100\n|\n|-weather|none\n|-heal|p2a: landorustherian|71\/100|[from] item: Leftovers\n|upkeep\n|turn|18\n|\n|t:|1665264194\n|move|p1a: Dragapult|U-turn|p2a: landorustherian\n|-resisted|p2a: landorustherian\n|-damage|p2a: landorustherian|66\/100\n|\n|t:|1665264196\n|switch|p1a: Celesteela|Celesteela|100\/100|[from]move: U-turn\n|-damage|p1a: Celesteela|88\/100|[from] Stealth Rock\n|move|p2a: landorustherian|U-turn|p1a: Celesteela\n|-resisted|p1a: Celesteela\n|-damage|p1a: Celesteela|84\/100\n|\n|t:|1665264196\n|switch|p2a: Heatran|Heatran, M|66\/100|[from]move: U-turn\n|-damage|p2a: Heatran|54\/100|[from] Stealth Rock\n|\n|-heal|p1a: Celesteela|90\/100|[from] item: Leftovers\n|upkeep\n|turn|19\n|\n|t:|1665264200\n|move|p1a: Celesteela|Protect|p1a: Celesteela\n|-singleturn|p1a: Celesteela|Protect\n|move|p2a: Heatran|Magma Storm|p1a: Celesteela\n|-activate|p1a: Celesteela|move: Protect\n|\n|-heal|p1a: Celesteela|96\/100|[from] item: Leftovers\n|upkeep\n|turn|20\n|\n|t:|1665264209\n|switch|p1a: Tapu Fini|Tapu Fini|100\/100\n|-damage|p1a: Tapu Fini|88\/100|[from] Stealth Rock\n|-fieldstart|move: Misty Terrain|[from] ability: Misty Surge|[of] p1a: Tapu Fini\n|move|p2a: Heatran|Magma Storm|p1a: Tapu Fini\n|-resisted|p1a: Tapu Fini\n|-damage|p1a: Tapu Fini|71\/100\n|-activate|p1a: Tapu Fini|move: Magma Storm|[of] p2a: Heatran\n|\n|-heal|p1a: Tapu Fini|77\/100|[from] item: Leftovers\n|-damage|p1a: Tapu Fini|64\/100|[from] move: Magma Storm|[partiallytrapped]\n|upkeep\n|turn|21\n|\n|t:|1665264216\n|switch|p2a: Melmetal|Melmetal|40\/100\n|-damage|p2a: Melmetal|34\/100|[from] Stealth Rock\n|move|p1a: Tapu Fini|Scald|p2a: Melmetal\n|-damage|p2a: Melmetal|19\/100\n|\n|-heal|p1a: Tapu Fini|70\/100|[from] item: Leftovers\n|-end|p1a: Tapu Fini|Magma Storm|[partiallytrapped]|[silent]\n|upkeep\n|turn|22\n|\n|t:|1665264223\n|switch|p1a: Celesteela|Celesteela|96\/100\n|-damage|p1a: Celesteela|83\/100|[from] Stealth Rock\n|move|p2a: Melmetal|Double Iron Bash|p1a: Celesteela\n|-resisted|p1a: Celesteela\n|-damage|p1a: Celesteela|67\/100\n|-resisted|p1a: Celesteela\n|-damage|p1a: Celesteela|51\/100\n|-hitcount|p1a: Celesteela|2\n|\n|-heal|p1a: Celesteela|57\/100|[from] item: Leftovers\n|upkeep\n|turn|23\n|\n|t:|1665264231\n|switch|p2a: landorustherian|Landorus-Therian, M|66\/100\n|-damage|p2a: landorustherian|54\/100|[from] Stealth Rock\n|-ability|p2a: landorustherian|Intimidate|boost\n|-unboost|p1a: Celesteela|atk|1\n|move|p1a: Celesteela|Flamethrower|p2a: landorustherian\n|-damage|p2a: landorustherian|37\/100\n|\n|-heal|p2a: landorustherian|43\/100|[from] item: Leftovers\n|-heal|p1a: Celesteela|63\/100|[from] item: Leftovers\n|upkeep\n|turn|24\n|\n|t:|1665264245\n|move|p1a: Celesteela|Protect|p1a: Celesteela\n|-singleturn|p1a: Celesteela|Protect\n|move|p2a: landorustherian|U-turn|p1a: Celesteela\n|-activate|p1a: Celesteela|move: Protect\n|\n|-heal|p2a: landorustherian|49\/100|[from] item: Leftovers\n|-heal|p1a: Celesteela|69\/100|[from] item: Leftovers\n|-fieldend|Misty Terrain\n|upkeep\n|turn|25\n|\n|t:|1665264256\n|switch|p1a: Kartana|Kartana|100\/100\n|-damage|p1a: Kartana|94\/100|[from] Stealth Rock\n|move|p2a: landorustherian|U-turn|p1a: Kartana\n|-damage|p1a: Kartana|73\/100\n|\n|t:|1665264256\n|switch|p2a: Tangrowth|Tangrowth, M|100\/100|[from]move: U-turn\n|-damage|p2a: Tangrowth|88\/100|[from] Stealth Rock\n|\n|upkeep\n|turn|26\n|inactive|Dindon Ductile has 120 seconds left.\n|\n|t:|1665264304\n|switch|p1a: Tyranitar|Tyranitar, M|39\/100\n|-damage|p1a: Tyranitar|26\/100|[from] Stealth Rock\n|-weather|Sandstorm|[from] ability: Sand Stream|[of] p1a: Tyranitar\n|move|p2a: Tangrowth|Sleep Powder|p1a: Tyranitar|[miss]\n|-miss|p2a: Tangrowth|p1a: Tyranitar\n|\n|-weather|Sandstorm|[upkeep]\n|-damage|p2a: Tangrowth|82\/100|[from] Sandstorm\n|-heal|p1a: Tyranitar|33\/100|[from] item: Leftovers\n|upkeep\n|turn|27\n|\n|t:|1665264308\n|move|p1a: Tyranitar|Toxic|p2a: Tangrowth\n|-status|p2a: Tangrowth|tox\n|move|p2a: Tangrowth|Sleep Powder|p1a: Tyranitar\n|-status|p1a: Tyranitar|slp|[from] move: Sleep Powder\n|\n|-weather|Sandstorm|[upkeep]\n|-damage|p2a: Tangrowth|76\/100 tox|[from] Sandstorm\n|-heal|p1a: Tyranitar|39\/100 slp|[from] item: Leftovers\n|-damage|p2a: Tangrowth|70\/100 tox|[from] psn\n|upkeep\n|turn|28\n|inactive|Dindon Ductile has 120 seconds left.\n|\n|t:|1665264317\n|switch|p2a: landorustherian|Landorus-Therian, M|49\/100\n|-damage|p2a: landorustherian|37\/100|[from] Stealth Rock\n|-ability|p2a: landorustherian|Intimidate|boost\n|-unboost|p1a: Tyranitar|atk|1\n|cant|p1a: Tyranitar|slp\n|\n|-weather|Sandstorm|[upkeep]\n|-heal|p2a: landorustherian|43\/100|[from] item: Leftovers\n|-heal|p1a: Tyranitar|45\/100 slp|[from] item: Leftovers\n|upkeep\n|turn|29\n|\n|t:|1665264322\n|move|p2a: landorustherian|Defog|p1a: Tyranitar\n|-unboost|p1a: Tyranitar|evasion|1\n|-sideend|p1: Dindon Ductile|Stealth Rock|[from] move: Defog|[of] p2a: landorustherian\n|-sideend|p2: minimax_ai|Stealth Rock|[from] move: Defog|[of] p2a: landorustherian\n|cant|p1a: Tyranitar|slp\n|\n|-weather|Sandstorm|[upkeep]\n|-heal|p2a: landorustherian|49\/100|[from] item: Leftovers\n|-heal|p1a: Tyranitar|51\/100 slp|[from] item: Leftovers\n|upkeep\n|turn|30\n|\n|t:|1665264330\n|switch|p2a: Heatran|Heatran, M|54\/100\n|cant|p1a: Tyranitar|slp\n|\n|-weather|none\n|-heal|p1a: Tyranitar|57\/100 slp|[from] item: Leftovers\n|upkeep\n|turn|31\n|\n|t:|1665264337\n|move|p2a: Heatran|Stealth Rock|p1a: Tyranitar\n|-sidestart|p1: Dindon Ductile|move: Stealth Rock\n|-curestatus|p1a: Tyranitar|slp|[msg]\n|move|p1a: Tyranitar|Toxic|p2a: Heatran\n|-immune|p2a: Heatran\n|\n|-heal|p1a: Tyranitar|64\/100|[from] item: Leftovers\n|upkeep\n|turn|32\n|\n|t:|1665264344\n|move|p2a: Heatran|Magma Storm|p1a: Tyranitar\n|-resisted|p1a: Tyranitar\n|-damage|p1a: Tyranitar|48\/100\n|-activate|p1a: Tyranitar|move: Magma Storm|[of] p2a: Heatran\n|move|p1a: Tyranitar|Toxic|p2a: Heatran\n|-immune|p2a: Heatran\n|\n|-heal|p1a: Tyranitar|54\/100|[from] item: Leftovers\n|-damage|p1a: Tyranitar|42\/100|[from] move: Magma Storm|[partiallytrapped]\n|upkeep\n|turn|33\n|\n|t:|1665264349\n|move|p2a: Heatran|Magma Storm|p1a: Tyranitar\n|-resisted|p1a: Tyranitar\n|-damage|p1a: Tyranitar|25\/100\n|move|p1a: Tyranitar|Toxic|p2a: Heatran\n|-immune|p2a: Heatran\n|\n|-heal|p1a: Tyranitar|31\/100|[from] item: Leftovers\n|-damage|p1a: Tyranitar|18\/100|[from] move: Magma Storm|[partiallytrapped]\n|upkeep\n|turn|34\n|\n|t:|1665264353\n|move|p2a: Heatran|Magma Storm|p1a: Tyranitar\n|-resisted|p1a: Tyranitar\n|-damage|p1a: Tyranitar|2\/100\n|move|p1a: Tyranitar|Earthquake|p2a: Heatran\n|-supereffective|p2a: Heatran\n|-damage|p2a: Heatran|0 fnt\n|faint|p2a: Heatran\n|\n|-heal|p1a: Tyranitar|8\/100|[from] item: Leftovers\n|-end|p1a: Tyranitar|Magma Storm|[partiallytrapped]|[silent]\n|upkeep\n|\n|t:|1665264353\n|switch|p2a: Weavile|Weavile, M|100\/100\n|-ability|p2a: Weavile|Pressure\n|turn|35\n|\n|t:|1665264360\n|move|p2a: Weavile|Knock Off|p1a: Tyranitar\n|-resisted|p1a: Tyranitar\n|-damage|p1a: Tyranitar|0 fnt\n|-enditem|p1a: Tyranitar|Leftovers|[from] move: Knock Off|[of] p2a: Weavile\n|faint|p1a: Tyranitar\n|\n|upkeep\n|\n|t:|1665264381\n|switch|p1a: Tapu Fini|Tapu Fini|70\/100\n|-damage|p1a: Tapu Fini|58\/100|[from] Stealth Rock\n|-fieldstart|move: Misty Terrain|[from] ability: Misty Surge|[of] p1a: Tapu Fini\n|turn|36\n|\n|t:|1665264384\n|switch|p2a: rotomwash|Rotom-Wash|69\/100 tox\n|move|p1a: Tapu Fini|Moonblast|p2a: rotomwash\n|-damage|p2a: rotomwash|35\/100 tox\n|\n|-heal|p2a: rotomwash|41\/100 tox|[from] item: Leftovers\n|-heal|p1a: Tapu Fini|64\/100|[from] item: Leftovers\n|-damage|p2a: rotomwash|35\/100 tox|[from] psn\n|upkeep\n|turn|37\n|\n|t:|1665264393\n|switch|p1a: Dragapult|Dragapult, F|64\/100\n|move|p2a: rotomwash|Thunderbolt|p1a: Dragapult\n|-resisted|p1a: Dragapult\n|-damage|p1a: Dragapult|38\/100\n|\n|-heal|p2a: rotomwash|41\/100 tox|[from] item: Leftovers\n|-damage|p2a: rotomwash|28\/100 tox|[from] psn\n|upkeep\n|turn|38\n|\n|t:|1665264398\n|switch|p2a: landorustherian|Landorus-Therian, M|49\/100\n|-ability|p2a: landorustherian|Intimidate|boost\n|-unboost|p1a: Dragapult|atk|1\n|move|p1a: Dragapult|Hex|p2a: landorustherian\n|-damage|p2a: landorustherian|28\/100\n|\n|-heal|p2a: landorustherian|34\/100|[from] item: Leftovers\n|upkeep\n|turn|39\n|\n|t:|1665264404\n|switch|p2a: rotomwash|Rotom-Wash|28\/100 tox\n|move|p1a: Dragapult|Draco Meteor|p2a: rotomwash\n|-damage|p2a: rotomwash|0 fnt\n|-unboost|p1a: Dragapult|spa|2\n|faint|p2a: rotomwash\n|\n|upkeep\n|\n|t:|1665264404\n|switch|p2a: Melmetal|Melmetal|19\/100\n|turn|40\n|\n|t:|1665264415\n|move|p1a: Dragapult|U-turn|p2a: Melmetal\n|-resisted|p2a: Melmetal\n|-damage|p2a: Melmetal|16\/100\n|\n|t:|1665264417\n|switch|p1a: Celesteela|Celesteela|69\/100|[from]move: U-turn\n|-damage|p1a: Celesteela|57\/100|[from] Stealth Rock\n|move|p2a: Melmetal|Ice Punch|p1a: Celesteela\n|-damage|p1a: Celesteela|28\/100\n|\n|-heal|p1a: Celesteela|34\/100|[from] item: Leftovers\n|-fieldend|Misty Terrain\n|upkeep\n|turn|41\n|\n|t:|1665264422\n|move|p1a: Celesteela|Flamethrower|p2a: Melmetal\n|-supereffective|p2a: Melmetal\n|-damage|p2a: Melmetal|0 fnt\n|faint|p2a: Melmetal\n|-ability|p1a: Celesteela|Beast Boost|boost\n|-boost|p1a: Celesteela|spd|1\n|\n|-heal|p1a: Celesteela|40\/100|[from] item: Leftovers\n|upkeep\n|\n|t:|1665264422\n|switch|p2a: Weavile|Weavile, M|100\/100\n|-ability|p2a: Weavile|Pressure\n|turn|42\n|\n|t:|1665264432\n|move|p1a: Celesteela|Protect|p1a: Celesteela\n|-singleturn|p1a: Celesteela|Protect\n|move|p2a: Weavile|Knock Off|p1a: Celesteela\n|-activate|p1a: Celesteela|move: Protect\n|\n|-heal|p1a: Celesteela|46\/100|[from] item: Leftovers\n|upkeep\n|turn|43\n|\n|t:|1665264443\n|switch|p1a: Tapu Fini|Tapu Fini|64\/100\n|-damage|p1a: Tapu Fini|51\/100|[from] Stealth Rock\n|-fieldstart|move: Misty Terrain|[from] ability: Misty Surge|[of] p1a: Tapu Fini\n|move|p2a: Weavile|Knock Off|p1a: Tapu Fini\n|-resisted|p1a: Tapu Fini\n|-damage|p1a: Tapu Fini|25\/100\n|-enditem|p1a: Tapu Fini|Leftovers|[from] move: Knock Off|[of] p2a: Weavile\n|\n|upkeep\n|turn|44\n|\n|t:|1665264450\n|move|p2a: Weavile|Knock Off|p1a: Tapu Fini\n|-resisted|p1a: Tapu Fini\n|-damage|p1a: Tapu Fini|7\/100\n|move|p1a: Tapu Fini|Moonblast|p2a: Weavile\n|-supereffective|p2a: Weavile\n|-damage|p2a: Weavile|17\/100\n|\n|upkeep\n|turn|45\n|\n|t:|1665264468\n|move|p2a: Weavile|Knock Off|p1a: Tapu Fini\n|-resisted|p1a: Tapu Fini\n|-damage|p1a: Tapu Fini|0 fnt\n|faint|p1a: Tapu Fini\n|\n|upkeep\n|\n|t:|1665264470\n|switch|p1a: Kartana|Kartana|73\/100\n|-damage|p1a: Kartana|67\/100|[from] Stealth Rock\n|turn|46\n|\n|t:|1665264479\n|move|p1a: Kartana|Knock Off|p2a: Weavile\n|-resisted|p2a: Weavile\n|-damage|p2a: Weavile|0 fnt\n|-enditem|p2a: Weavile|Choice Band|[from] move: Knock Off|[of] p1a: Kartana\n|faint|p2a: Weavile\n|-ability|p1a: Kartana|Beast Boost|boost\n|-boost|p1a: Kartana|atk|1\n|\n|upkeep\n|\n|t:|1665264479\n|switch|p2a: Tangrowth|Tangrowth, M|100\/100 tox\n|turn|47\n|\n|t:|1665264484\n|move|p1a: Kartana|Knock Off|p2a: Tangrowth\n|-damage|p2a: Tangrowth|69\/100 tox\n|-damage|p1a: Kartana|50\/100|[from] item: Rocky Helmet|[of] p2a: Tangrowth\n|-enditem|p2a: Tangrowth|Rocky Helmet|[from] move: Knock Off|[of] p1a: Kartana\n|move|p2a: Tangrowth|Knock Off|p1a: Kartana\n|-damage|p1a: Kartana|25\/100\n|-enditem|p1a: Kartana|Choice Scarf|[from] move: Knock Off|[of] p2a: Tangrowth\n|\n|-damage|p2a: Tangrowth|63\/100 tox|[from] psn\n|-fieldend|Misty Terrain\n|upkeep\n|turn|48\n|\n|t:|1665264496\n|move|p1a: Kartana|Sacred Sword|p2a: Tangrowth\n|-damage|p2a: Tangrowth|33\/100 tox\n|move|p2a: Tangrowth|Focus Blast|p1a: Kartana\n|-supereffective|p1a: Kartana\n|-damage|p1a: Kartana|0 fnt\n|faint|p1a: Kartana\n|\n|-damage|p2a: Tangrowth|21\/100 tox|[from] psn\n|upkeep\n|\n|t:|1665264500\n|switch|p1a: Celesteela|Celesteela|46\/100\n|-damage|p1a: Celesteela|34\/100|[from] Stealth Rock\n|turn|49\n|\n|t:|1665264501\n|move|p1a: Celesteela|Flamethrower|p2a: Tangrowth\n|-supereffective|p2a: Tangrowth\n|-damage|p2a: Tangrowth|0 fnt\n|faint|p2a: Tangrowth\n|-ability|p1a: Celesteela|Beast Boost|boost\n|-boost|p1a: Celesteela|spd|1\n|\n|-heal|p1a: Celesteela|40\/100|[from] item: Leftovers\n|upkeep\n|\n|t:|1665264501\n|switch|p2a: landorustherian|Landorus-Therian, M|34\/100\n|-ability|p2a: landorustherian|Intimidate|boost\n|-unboost|p1a: Celesteela|atk|1\n|turn|50\n|\n|t:|1665264507\n|move|p2a: landorustherian|U-turn|p1a: Celesteela\n|-resisted|p1a: Celesteela\n|-damage|p1a: Celesteela|35\/100\n|move|p1a: Celesteela|Toxic|p2a: landorustherian\n|-status|p2a: landorustherian|tox\n|\n|-heal|p2a: landorustherian|40\/100 tox|[from] item: Leftovers\n|-heal|p1a: Celesteela|41\/100|[from] item: Leftovers\n|-damage|p2a: landorustherian|34\/100 tox|[from] psn\n|upkeep\n|turn|51\n|\n|t:|1665264511\n|move|p1a: Celesteela|Protect|p1a: Celesteela\n|-singleturn|p1a: Celesteela|Protect\n|move|p2a: landorustherian|U-turn|p1a: Celesteela\n|-activate|p1a: Celesteela|move: Protect\n|\n|-heal|p2a: landorustherian|40\/100 tox|[from] item: Leftovers\n|-heal|p1a: Celesteela|47\/100|[from] item: Leftovers\n|-damage|p2a: landorustherian|28\/100 tox|[from] psn\n|upkeep\n|turn|52\n|\n|t:|1665264513\n|move|p2a: landorustherian|U-turn|p1a: Celesteela\n|-resisted|p1a: Celesteela\n|-damage|p1a: Celesteela|43\/100\n|move|p1a: Celesteela|Heavy Slam|p2a: landorustherian\n|-damage|p2a: landorustherian|0 fnt\n|faint|p2a: landorustherian\n|\n|win|Dindon Ductile\n|raw|Dindon Ductile's rating: 1661 &rarr; <strong>1680<\/strong><br \/>(+19 for winning)\n|raw|minimax_ai's rating: 1649 &rarr; <strong>1630<\/strong><br \/>(-19 for losing)\n|c|\u2606minimax_ai|gg\n","uploadtime":1665264514,"views":5,"p1id":"dindonductile","p2id":"minimaxai","formatid":"gen8ou","rating":1630,"private":0,"password":null}