{"id":"gen8ou-1680562047","p1":"minimax_ai","p2":"smoglin doglin","format":"gen8ou","log":"|j|\u2606minimax_ai\n|j|\u2606smoglin doglin\n|t:|1665205939\n|gametype|singles\n|player|p1|minimax_ai|lusamine-nihilego|1507\n|player|p2|smoglin doglin|flannery|1622\n|teamsize|p1|6\n|teamsize|p2|6\n|gen|8\n|tier|[Gen 8] OU\n|rated|\n|rule|Sleep Clause Mod: Limit one foe put to sleep\n|rule|Species Clause: Limit one of each Pok\u00e9mon\n|rule|OHKO Clause: OHKO moves are banned\n|rule|Evasion Items Clause: Evasion items are banned\n|rule|Evasion Moves Clause: Evasion moves are banned\n|rule|Endless Battle Clause: Forcing endless battles is banned\n|rule|HP Percentage Mod: HP is shown in percentages\n|rule|Dynamax Clause: You cannot dynamax\n|clearpoke\n|poke|p1|Rotom-Wash|\n|poke|p1|Weavile, F|\n|poke|p1|Landorus-Therian, M|\n|poke|p1|Heatran, M|\n|poke|p1|Tangrowth, M|\n|poke|p1|Melmetal|\n|poke|p2|Dusknoir, F|\n|poke|p2|Zapdos-Galar|\n|poke|p2|Skarmory, F|\n|poke|p2|Excadrill, M|\n|poke|p2|Mandibuzz, F|\n|poke|p2|Volcanion|\n|teampreview\n|c|\u2606minimax_ai|hf\n|inactive|Battle timer is ON: inactive players will automatically lose when time's up. (requested by minimax_ai)\n|\n|t:|1665205957\n|start\n|switch|p1a: rotomwash|Rotom-Wash|100\/100\n|switch|p2a: Volcanion|Volcanion|100\/100\n|turn|1\n|\n|t:|1665205963\n|switch|p2a: Excadrill|Excadrill, M|100\/100\n|-ability|p2a: Excadrill|Mold Breaker\n|move|p1a: rotomwash|Thunderbolt|p2a: Excadrill\n|-immune|p2a: Excadrill\n|\n|upkeep\n|turn|2\n|\n|t:|1665205965\n|switch|p1a: Tangrowth|Tangrowth, M|100\/100\n|move|p2a: Excadrill|Earthquake|p1a: Tangrowth\n|-resisted|p1a: Tangrowth\n|-damage|p1a: Tangrowth|89\/100\n|\n|upkeep\n|turn|3\n|\n|t:|1665205967\n|move|p2a: Excadrill|Stealth Rock|p1a: Tangrowth\n|-sidestart|p1: minimax_ai|move: Stealth Rock\n|move|p1a: Tangrowth|Knock Off|p2a: Excadrill\n|-damage|p2a: Excadrill|69\/100\n|-enditem|p2a: Excadrill|Leftovers|[from] move: Knock Off|[of] p1a: Tangrowth\n|\n|upkeep\n|turn|4\n|\n|t:|1665205969\n|move|p2a: Excadrill|Toxic|p1a: Tangrowth\n|-status|p1a: Tangrowth|tox\n|move|p1a: Tangrowth|Knock Off|p2a: Excadrill\n|-damage|p2a: Excadrill|48\/100\n|\n|-damage|p1a: Tangrowth|82\/100 tox|[from] psn\n|upkeep\n|turn|5\n|\n|t:|1665205976\n|switch|p2a: Mandibuzz|Mandibuzz, F|100\/100\n|move|p1a: Tangrowth|Sleep Powder|p2a: Mandibuzz\n|-immune|p2a: Mandibuzz|[from] ability: Overcoat\n|\n|-damage|p1a: Tangrowth|70\/100 tox|[from] psn\n|upkeep\n|turn|6\n|\n|t:|1665205978\n|move|p2a: Mandibuzz|U-turn|p1a: Tangrowth\n|-supereffective|p1a: Tangrowth\n|-damage|p1a: Tangrowth|57\/100 tox\n|-damage|p2a: Mandibuzz|84\/100|[from] item: Rocky Helmet|[of] p1a: Tangrowth\n|\n|t:|1665205981\n|switch|p2a: Excadrill|Excadrill, M|48\/100|[from]move: U-turn\n|-ability|p2a: Excadrill|Mold Breaker\n|move|p1a: Tangrowth|Sleep Powder|p2a: Excadrill\n|-status|p2a: Excadrill|slp|[from] move: Sleep Powder\n|\n|-damage|p1a: Tangrowth|38\/100 tox|[from] psn\n|upkeep\n|turn|7\n|\n|t:|1665205984\n|switch|p2a: Volcanion|Volcanion|100\/100\n|switch|p1a: Weavile|Weavile, F|100\/100\n|-damage|p1a: Weavile|76\/100|[from] Stealth Rock\n|-ability|p1a: Weavile|Pressure\n|\n|upkeep\n|turn|8\n|\n|t:|1665205988\n|move|p2a: Volcanion|Steam Eruption|p1a: Weavile\n|-damage|p1a: Weavile|0 fnt\n|faint|p1a: Weavile\n|\n|upkeep\n|\n|t:|1665205988\n|switch|p1a: rotomwash|Rotom-Wash|100\/100\n|-damage|p1a: rotomwash|88\/100|[from] Stealth Rock\n|turn|9\n|\n|t:|1665205996\n|switch|p2a: Dusknoir|Dusknoir, F|100\/100\n|-item|p1a: rotomwash|Leftovers|[from] ability: Frisk|[of] p2a: Dusknoir|[identify]\n|move|p1a: rotomwash|Thunderbolt|p2a: Dusknoir\n|-crit|p2a: Dusknoir\n|-damage|p2a: Dusknoir|44\/100\n|\n|-heal|p1a: rotomwash|94\/100|[from] item: Leftovers\n|upkeep\n|turn|10\n|\n|t:|1665206001\n|move|p1a: rotomwash|Nasty Plot|p1a: rotomwash\n|-boost|p1a: rotomwash|spa|2\n|move|p2a: Dusknoir|Pain Split|p1a: rotomwash\n|-sethp|p1a: rotomwash|65\/100|[from] move: Pain Split|[silent]\n|-sethp|p2a: Dusknoir|79\/100|[from] move: Pain Split\n|\n|-heal|p1a: rotomwash|72\/100|[from] item: Leftovers\n|upkeep\n|turn|11\n|\n|t:|1665206005\n|switch|p2a: Excadrill|Excadrill, M|48\/100 slp\n|-ability|p2a: Excadrill|Mold Breaker\n|move|p1a: rotomwash|Hydro Pump|p2a: Excadrill\n|-supereffective|p2a: Excadrill\n|-damage|p2a: Excadrill|0 fnt\n|faint|p2a: Excadrill\n|\n|-heal|p1a: rotomwash|78\/100|[from] item: Leftovers\n|upkeep\n|\n|t:|1665206007\n|switch|p2a: Zapdos|Zapdos-Galar|100\/100\n|turn|12\n|\n|t:|1665206010\n|switch|p1a: Tangrowth|Tangrowth, M|71\/100 tox\n|-damage|p1a: Tangrowth|59\/100 tox|[from] Stealth Rock\n|move|p2a: Zapdos|Close Combat|p1a: Tangrowth\n|-damage|p1a: Tangrowth|12\/100 tox\n|-unboost|p2a: Zapdos|def|1\n|-unboost|p2a: Zapdos|spd|1\n|-damage|p2a: Zapdos|84\/100|[from] item: Rocky Helmet|[of] p1a: Tangrowth\n|\n|-damage|p1a: Tangrowth|6\/100 tox|[from] psn\n|upkeep\n|turn|13\n|\n|t:|1665206012\n|move|p2a: Zapdos|Close Combat|p1a: Tangrowth\n|-damage|p1a: Tangrowth|0 fnt\n|-unboost|p2a: Zapdos|def|1\n|-unboost|p2a: Zapdos|spd|1\n|-damage|p2a: Zapdos|67\/100|[from] item: Rocky Helmet|[of] p1a: Tangrowth\n|faint|p1a: Tangrowth\n|\n|upkeep\n|\n|t:|1665206012\n|switch|p1a: landorustherian|Landorus-Therian, M|100\/100\n|-damage|p1a: landorustherian|88\/100|[from] Stealth Rock\n|-ability|p1a: landorustherian|Intimidate|boost\n|-unboost|p2a: Zapdos|atk|1\n|-ability|p2a: Zapdos|Defiant\n|-boost|p2a: Zapdos|atk|2\n|turn|14\n|\n|t:|1665206016\n|move|p2a: Zapdos|Close Combat|p1a: landorustherian\n|-resisted|p1a: landorustherian\n|-damage|p1a: landorustherian|27\/100\n|-unboost|p2a: Zapdos|def|1\n|-unboost|p2a: Zapdos|spd|1\n|move|p1a: landorustherian|Toxic|p2a: Zapdos\n|-status|p2a: Zapdos|tox\n|\n|-heal|p1a: landorustherian|33\/100|[from] item: Leftovers\n|-damage|p2a: Zapdos|61\/100 tox|[from] psn\n|upkeep\n|turn|15\n|\n|t:|1665206019\n|move|p2a: Zapdos|Close Combat|p1a: landorustherian\n|-resisted|p1a: landorustherian\n|-damage|p1a: landorustherian|0 fnt\n|-unboost|p2a: Zapdos|def|1\n|-unboost|p2a: Zapdos|spd|1\n|faint|p1a: landorustherian\n|\n|-damage|p2a: Zapdos|49\/100 tox|[from] psn\n|upkeep\n|\n|t:|1665206019\n|switch|p1a: rotomwash|Rotom-Wash|78\/100\n|-damage|p1a: rotomwash|65\/100|[from] Stealth Rock\n|turn|16\n|\n|t:|1665206020\n|move|p2a: Zapdos|Close Combat|p1a: rotomwash\n|-damage|p1a: rotomwash|0 fnt\n|-unboost|p2a: Zapdos|def|1\n|-unboost|p2a: Zapdos|spd|1\n|faint|p1a: rotomwash\n|\n|-damage|p2a: Zapdos|30\/100 tox|[from] psn\n|upkeep\n|\n|t:|1665206020\n|switch|p1a: Melmetal|Melmetal|100\/100\n|-damage|p1a: Melmetal|94\/100|[from] Stealth Rock\n|turn|17\n|\n|t:|1665206026\n|switch|p2a: Skarmory|Skarmory, F|100\/100\n|move|p1a: Melmetal|Double Iron Bash|p2a: Skarmory\n|-resisted|p2a: Skarmory\n|-damage|p2a: Skarmory|89\/100\n|-damage|p1a: Melmetal|78\/100|[from] item: Rocky Helmet|[of] p2a: Skarmory\n|-resisted|p2a: Skarmory\n|-damage|p2a: Skarmory|78\/100\n|-damage|p1a: Melmetal|61\/100|[from] item: Rocky Helmet|[of] p2a: Skarmory\n|-hitcount|p2a: Skarmory|2\n|\n|upkeep\n|turn|18\n|\n|t:|1665206028\n|switch|p1a: Heatran|Heatran, M|100\/100\n|-damage|p1a: Heatran|88\/100|[from] Stealth Rock\n|-item|p1a: Heatran|Air Balloon\n|move|p2a: Skarmory|Body Press|p1a: Heatran\n|-supereffective|p1a: Heatran\n|-damage|p1a: Heatran|22\/100\n|-enditem|p1a: Heatran|Air Balloon\n|\n|upkeep\n|turn|19\n|\n|t:|1665206033\n|move|p1a: Heatran|Magma Storm|p2a: Skarmory\n|-supereffective|p2a: Skarmory\n|-crit|p2a: Skarmory\n|-damage|p2a: Skarmory|0 fnt\n|faint|p2a: Skarmory\n|\n|upkeep\n|\n|t:|1665206034\n|switch|p2a: Zapdos|Zapdos-Galar|30\/100 tox\n|turn|20\n|\n|t:|1665206036\n|move|p2a: Zapdos|Close Combat|p1a: Heatran\n|-supereffective|p1a: Heatran\n|-damage|p1a: Heatran|0 fnt\n|-unboost|p2a: Zapdos|def|1\n|-unboost|p2a: Zapdos|spd|1\n|faint|p1a: Heatran\n|\n|-damage|p2a: Zapdos|24\/100 tox|[from] psn\n|upkeep\n|\n|t:|1665206036\n|switch|p1a: Melmetal|Melmetal|61\/100\n|-damage|p1a: Melmetal|55\/100|[from] Stealth Rock\n|turn|21\n|\n|t:|1665206037\n|move|p2a: Zapdos|Close Combat|p1a: Melmetal\n|-supereffective|p1a: Melmetal\n|-damage|p1a: Melmetal|0 fnt\n|-unboost|p2a: Zapdos|def|1\n|-unboost|p2a: Zapdos|spd|1\n|faint|p1a: Melmetal\n|\n|win|smoglin doglin\n|raw|minimax_ai's rating: 1507 &rarr; <strong>1493<\/strong><br \/>(-14 for losing)\n|raw|smoglin doglin's rating: 1622 &rarr; <strong>1636<\/strong><br \/>(+14 for winning)\n|c|\u2606minimax_ai|gg\n|l|\u2606minimax_ai\n","uploadtime":1665206039,"views":22,"p1id":"minimaxai","p2id":"smoglindoglin","formatid":"gen8ou","rating":1493,"private":0,"password":null}