{"id":"gen8natureswap-1418698459","p1":"lukasjoel1","p2":"xasahbae","format":"gen8natureswap","log":"|j|\u2606lukasjoel1\n|j|\u2606xasahbae\n|inactive|Battle timer is ON: inactive players will automatically lose when time's up.\n|t:|1631896749\n|gametype|singles\n|player|p1|lukasjoel1|richboy-gen4|\n|player|p2|xasahbae|lass-gen4dp|\n|teamsize|p1|6\n|teamsize|p2|6\n|gen|8\n|tier|[Gen 8] Nature Swap\n|rated|Tournament battle\n|rule|Sleep Clause Mod: Limit one foe put to sleep\n|rule|Species Clause: Limit one of each Pok\u00e9mon\n|rule|OHKO Clause: OHKO moves are banned\n|rule|Evasion Moves Clause: Evasion moves are banned\n|rule|Endless Battle Clause: Forcing endless battles is banned\n|rule|HP Percentage Mod: HP is shown in percentages\n|rule|Dynamax Clause: You cannot dynamax\n|clearpoke\n|poke|p1|Regieleki|\n|poke|p1|Landorus-Therian, M|\n|poke|p1|Corviknight, M|\n|poke|p1|Marowak-Alola, F|\n|poke|p1|Aggron, F|\n|poke|p1|Dragapult, F|\n|poke|p2|Landorus-Therian, M|\n|poke|p2|Dragapult, F|\n|poke|p2|Tyranitar, M|\n|poke|p2|Glastrier|\n|poke|p2|Toxapex, M|\n|poke|p2|Pheromosa|\n|teampreview\n|j|*Lady Monita\n|j| GeoJumper0001\n|j| Kiruuki\n|\n|t:|1631896766\n|start\n|switch|p1a: Landorus|Landorus-Therian, M|100\/100\n|switch|p2a: man|Glastrier|100\/100\n|-ability|p1a: Landorus|Intimidate|boost\n|-unboost|p2a: man|atk|1\n|turn|1\n|j| sjjjjjjj\n|\n|t:|1631896771\n|switch|p1a: Corviknight|Corviknight, M|100\/100\n|-ability|p1a: Corviknight|Pressure\n|move|p2a: man|Icicle Crash|p1a: Corviknight\n|-damage|p1a: Corviknight|73\/100\n|\n|-heal|p1a: Corviknight|79\/100|[from] item: Leftovers\n|upkeep\n|turn|2\n|\n|t:|1631896778\n|switch|p2a: Patrick|Toxapex, M, shiny|100\/100\n|move|p1a: Corviknight|U-turn|p2a: Patrick\n|-resisted|p2a: Patrick\n|-damage|p2a: Patrick|96\/100\n|j| ScottOBrian\n|inactive|lukasjoel1 has 120 seconds left.\n|\n|t:|1631896814\n|switch|p1a: Dragapult|Dragapult, F|100\/100|[from]move: U-turn\n|\n|-heal|p2a: Patrick|100\/100|[from] item: Black Sludge\n|upkeep\n|turn|3\n|l| sjjjjjjj\n|\n|t:|1631896840\n|move|p1a: Dragapult|Shadow Ball|p2a: Patrick\n|-damage|p2a: Patrick|58\/100\n|-unboost|p2a: Patrick|spd|1\n|move|p2a: Patrick|Knock Off|p1a: Dragapult\n|-supereffective|p1a: Dragapult\n|-damage|p1a: Dragapult|56\/100\n|-enditem|p1a: Dragapult|Choice Specs|[from] move: Knock Off|[of] p2a: Patrick\n|\n|-heal|p2a: Patrick|64\/100|[from] item: Black Sludge\n|upkeep\n|turn|4\n|\n|t:|1631896850\n|switch|p2a: Gojira|Tyranitar, M|100\/100\n|-weather|Sandstorm|[from] ability: Sand Stream|[of] p2a: Gojira\n|move|p1a: Dragapult|U-turn|p2a: Gojira\n|-supereffective|p2a: Gojira\n|-damage|p2a: Gojira|72\/100\n|\n|t:|1631896856\n|switch|p1a: Aggron|Aggron, F|100\/100|[from]move: U-turn\n|\n|-weather|Sandstorm|[upkeep]\n|upkeep\n|turn|5\n|\n|t:|1631896863\n|move|p1a: Aggron|Head Smash|p2a: Gojira\n|-damage|p2a: Gojira|0 fnt\n|faint|p2a: Gojira\n|\n|-weather|Sandstorm|[upkeep]\n|upkeep\n|\n|t:|1631896868\n|switch|p2a: MoustacheMan|Landorus-Therian, M|100\/100\n|-ability|p2a: MoustacheMan|Intimidate|boost\n|-unboost|p1a: Aggron|atk|1\n|turn|6\n|\n|t:|1631896871\n|switch|p1a: Landorus|Landorus-Therian, M|100\/100\n|-ability|p1a: Landorus|Intimidate|boost\n|-unboost|p2a: MoustacheMan|atk|1\n|move|p2a: MoustacheMan|Stealth Rock|p1a: Landorus\n|-sidestart|p1: lukasjoel1|move: Stealth Rock\n|\n|-weather|Sandstorm|[upkeep]\n|upkeep\n|turn|7\n|\n|t:|1631896874\n|move|p1a: Landorus|Stealth Rock|p2a: MoustacheMan\n|-sidestart|p2: xasahbae|move: Stealth Rock\n|move|p2a: MoustacheMan|Knock Off|p1a: Landorus\n|-damage|p1a: Landorus|73\/100\n|-enditem|p1a: Landorus|Leftovers|[from] move: Knock Off|[of] p2a: MoustacheMan\n|\n|-weather|Sandstorm|[upkeep]\n|upkeep\n|turn|8\n|j| wesh papillon\n|\n|t:|1631896880\n|move|p1a: Landorus|Knock Off|p2a: MoustacheMan\n|-damage|p2a: MoustacheMan|56\/100\n|-enditem|p2a: MoustacheMan|Heavy-Duty Boots|[from] move: Knock Off|[of] p1a: Landorus\n|move|p2a: MoustacheMan|Knock Off|p1a: Landorus\n|-damage|p1a: Landorus|54\/100\n|\n|-weather|none\n|upkeep\n|turn|9\n|j| Gamer Boi YT\n|\n|t:|1631896886\n|move|p1a: Landorus|Knock Off|p2a: MoustacheMan\n|-damage|p2a: MoustacheMan|27\/100\n|move|p2a: MoustacheMan|Knock Off|p1a: Landorus\n|-damage|p1a: Landorus|35\/100\n|\n|upkeep\n|turn|10\n|\n|t:|1631896888\n|move|p1a: Landorus|Knock Off|p2a: MoustacheMan\n|-damage|p2a: MoustacheMan|0 fnt\n|faint|p2a: MoustacheMan\n|\n|upkeep\n|\n|t:|1631896891\n|switch|p2a: BoastRoach|Pheromosa, shiny|100\/100\n|turn|11\n|\n|t:|1631896896\n|move|p2a: BoastRoach|Triple Axel|p1a: Landorus\n|-supereffective|p1a: Landorus\n|-damage|p1a: Landorus|2\/100\n|-supereffective|p1a: Landorus\n|-damage|p1a: Landorus|0 fnt\n|faint|p1a: Landorus\n|-ability|p2a: BoastRoach|Beast Boost|boost\n|-boost|p2a: BoastRoach|spe|1\n|-hitcount|p1: Landorus|2\n|\n|upkeep\n|\n|t:|1631896907\n|switch|p1a: Corviknight|Corviknight, M|79\/100\n|-damage|p1a: Corviknight|67\/100|[from] Stealth Rock\n|-ability|p1a: Corviknight|Pressure\n|turn|12\n|\n|t:|1631896918\n|move|p2a: BoastRoach|U-turn|p1a: Corviknight\n|-resisted|p1a: Corviknight\n|-damage|p1a: Corviknight|59\/100\n|\n|t:|1631896919\n|switch|p2a: Patrick|Toxapex, M, shiny|98\/100|[from]move: U-turn\n|-damage|p2a: Patrick|85\/100|[from] Stealth Rock\n|move|p1a: Corviknight|Roost|p1a: Corviknight\n|-heal|p1a: Corviknight|100\/100\n|-singleturn|p1a: Corviknight|move: Roost\n|\n|-heal|p2a: Patrick|91\/100|[from] item: Black Sludge\n|upkeep\n|turn|13\n|\n|t:|1631896925\n|move|p1a: Corviknight|Taunt|p2a: Patrick\n|-start|p2a: Patrick|move: Taunt\n|move|p2a: Patrick|Knock Off|p1a: Corviknight\n|-damage|p1a: Corviknight|88\/100\n|-enditem|p1a: Corviknight|Leftovers|[from] move: Knock Off|[of] p2a: Patrick\n|\n|-heal|p2a: Patrick|98\/100|[from] item: Black Sludge\n|upkeep\n|turn|14\n|\n|t:|1631896929\n|move|p1a: Corviknight|U-turn|p2a: Patrick\n|-resisted|p2a: Patrick\n|-damage|p2a: Patrick|93\/100\n|\n|t:|1631896931\n|switch|p1a: Regieleki|Regieleki|100\/100|[from]move: U-turn\n|-damage|p1a: Regieleki|88\/100|[from] Stealth Rock\n|move|p2a: Patrick|Liquidation|p1a: Regieleki\n|-damage|p1a: Regieleki|49\/100\n|\n|-heal|p2a: Patrick|99\/100|[from] item: Black Sludge\n|upkeep\n|turn|15\n|\n|t:|1631896941\n|move|p1a: Regieleki|Thunderbolt|p2a: Patrick\n|-supereffective|p2a: Patrick\n|-damage|p2a: Patrick|0 fnt\n|faint|p2a: Patrick\n|\n|upkeep\n|\n|t:|1631896949\n|switch|p2a: man|Glastrier|100\/100\n|-damage|p2a: man|76\/100|[from] Stealth Rock\n|turn|16\n|\n|t:|1631896964\n|switch|p1a: Dragapult|Dragapult, F|56\/100\n|-damage|p1a: Dragapult|44\/100|[from] Stealth Rock\n|move|p2a: man|Swords Dance|p2a: man\n|-boost|p2a: man|atk|2\n|\n|upkeep\n|turn|17\n|\n|t:|1631896969\n|move|p2a: man|Icicle Crash|p1a: Dragapult\n|-supereffective|p1a: Dragapult\n|-damage|p1a: Dragapult|0 fnt\n|faint|p1a: Dragapult\n|-ability|p2a: man|Chilling Neigh|boost\n|-boost|p2a: man|atk|1\n|\n|upkeep\n|\n|t:|1631896972\n|switch|p1a: Aggron|Aggron, F|100\/100\n|-damage|p1a: Aggron|94\/100|[from] Stealth Rock\n|turn|18\n|\n|t:|1631896974\n|move|p1a: Aggron|Head Smash|p2a: man|[miss]\n|-miss|p1a: Aggron|p2a: man\n|move|p2a: man|Close Combat|p1a: Aggron\n|-supereffective|p1a: Aggron\n|-damage|p1a: Aggron|0 fnt\n|-unboost|p2a: man|def|1\n|-unboost|p2a: man|spd|1\n|faint|p1a: Aggron\n|-ability|p2a: man|Chilling Neigh|boost\n|-boost|p2a: man|atk|1\n|\n|upkeep\n|j| ShhhwettyBallz\n|\n|t:|1631896989\n|switch|p1a: Regieleki|Regieleki|49\/100\n|-damage|p1a: Regieleki|37\/100|[from] Stealth Rock\n|turn|19\n|\n|t:|1631896992\n|move|p1a: Regieleki|Thunderbolt|p2a: man\n|-damage|p2a: man|0 fnt\n|faint|p2a: man\n|\n|upkeep\n|\n|t:|1631896998\n|switch|p2a: BoastRoach|Pheromosa, shiny|100\/100\n|turn|20\n|j| Elfuseon\n|\n|t:|1631897001\n|move|p1a: Regieleki|Thunderbolt|p2a: BoastRoach\n|-damage|p2a: BoastRoach|0 fnt\n|faint|p2a: BoastRoach\n|\n|upkeep\n|\n|t:|1631897003\n|switch|p2a: Drop a Draco|Dragapult, F|100\/100\n|-damage|p2a: Drop a Draco|88\/100|[from] Stealth Rock\n|turn|21\n|c|\u2606xasahbae|gg\n|\n|t:|1631897009\n|switch|p1a: Corviknight|Corviknight, M|88\/100\n|-damage|p1a: Corviknight|75\/100|[from] Stealth Rock\n|-ability|p1a: Corviknight|Pressure\n|move|p2a: Drop a Draco|Shadow Ball|p1a: Corviknight\n|-damage|p1a: Corviknight|35\/100\n|\n|upkeep\n|turn|22\n|j| mushamu\n|\n|t:|1631897013\n|move|p2a: Drop a Draco|Shadow Ball|p1a: Corviknight\n|-damage|p1a: Corviknight|0 fnt\n|faint|p1a: Corviknight\n|\n|upkeep\n|\n|t:|1631897014\n|switch|p1a: Regieleki|Regieleki|37\/100\n|-damage|p1a: Regieleki|25\/100|[from] Stealth Rock\n|turn|23\n|\n|t:|1631897016\n|move|p1a: Regieleki|Volt Switch|p2a: Drop a Draco\n|-resisted|p2a: Drop a Draco\n|-damage|p2a: Drop a Draco|33\/100\n|l| mushamu\n|\n|t:|1631897018\n|switch|p1a: Marowak|Marowak-Alola, F|100\/100|[from]move: Volt Switch\n|-damage|p1a: Marowak|76\/100|[from] Stealth Rock\n|move|p2a: Drop a Draco|Shadow Ball|p1a: Marowak\n|-supereffective|p1a: Marowak\n|-damage|p1a: Marowak|0 fnt\n|faint|p1a: Marowak\n|\n|upkeep\n|\n|t:|1631897019\n|switch|p1a: Regieleki|Regieleki|25\/100\n|-damage|p1a: Regieleki|12\/100|[from] Stealth Rock\n|turn|24\n|\n|t:|1631897021\n|move|p1a: Regieleki|Thunderbolt|p2a: Drop a Draco\n|-resisted|p2a: Drop a Draco\n|-damage|p2a: Drop a Draco|0 fnt\n|faint|p2a: Drop a Draco\n|\n|win|lukasjoel1\n|n|\u2606lukasjoel1|lukasjoel1\n|n|\u2606xasahbae|xasahbae\n|n|*Lady Monita|ladymonita\n|n| GeoJumper0001|geojumper0001\n|n| Kiruuki|kiruuki\n|n| ScottOBrian|scottobrian\n|n| wesh papillon|weshpapillon\n|n| Gamer Boi YT|gamerboiyt\n|n| ShhhwettyBallz|shhhwettyballz\n|n| Elfuseon|elfuseon\n","uploadtime":1631897022,"views":7,"p1id":"lukasjoel1","p2id":"xasahbae","formatid":"gen8natureswap","rating":0,"private":0,"password":null}