{"id":"gen8ru-1433390435","p1":"lordcube","p2":"Pave Low","format":"gen8ru","log":"|j|\u2606lordcube\n|j|\u2606Pave Low\n|inactive|Battle timer is ON: inactive players will automatically lose when time's up.\n|t:|1633964894\n|gametype|singles\n|player|p1|lordcube|artist-gen4|\n|player|p2|Pave Low|ghetsis-gen5bw|\n|teamsize|p1|6\n|teamsize|p2|6\n|gen|8\n|tier|[Gen 8] RU\n|rated|Tournament battle\n|rule|Sleep Clause Mod: Limit one foe put to sleep\n|rule|Species Clause: Limit one of each Pok\u00e9mon\n|rule|OHKO Clause: OHKO moves are banned\n|rule|Evasion Moves Clause: Evasion moves are banned\n|rule|Endless Battle Clause: Forcing endless battles is banned\n|rule|HP Percentage Mod: HP is shown in percentages\n|rule|Dynamax Clause: You cannot dynamax\n|clearpoke\n|poke|p1|Ninjask, F|\n|poke|p1|Lucario, F|\n|poke|p1|Polteageist-Antique|\n|poke|p1|Druddigon, M|\n|poke|p1|Xurkitree|\n|poke|p1|Metagross|\n|poke|p2|Raikou|\n|poke|p2|Roserade, F|\n|poke|p2|Golisopod, M|\n|poke|p2|Togekiss, F|\n|poke|p2|Incineroar, M|\n|poke|p2|Steelix, M|\n|teampreview\n|j|*Lady Monita \u263d\n|c|\u2606lordcube|gl hf\n|c|\u2606Pave Low|gl you big cuboid\n|j| bdsdjfzgbz\n|j| IIZSAENL\n|\n|t:|1633964915\n|start\n|switch|p1a: Druddigon|Druddigon, M|100\/100\n|switch|p2a: Incineroar|Incineroar, M|100\/100\n|-ability|p1a: Druddigon|Mold Breaker\n|-ability|p2a: Incineroar|Intimidate|boost\n|-unboost|p1a: Druddigon|atk|1\n|turn|1\n|\n|t:|1633964920\n|move|p1a: Druddigon|Stealth Rock|p2a: Incineroar\n|-sidestart|p2: Pave Low|move: Stealth Rock\n|move|p2a: Incineroar|Knock Off|p1a: Druddigon\n|-damage|p1a: Druddigon|59\/100\n|-enditem|p1a: Druddigon|Focus Sash|[from] move: Knock Off|[of] p2a: Incineroar\n|\n|upkeep\n|turn|2\n|\n|t:|1633964924\n|move|p1a: Druddigon|Glare|p2a: Incineroar\n|-status|p2a: Incineroar|par\n|cant|p2a: Incineroar|par\n|\n|upkeep\n|turn|3\n|\n|t:|1633964928\n|move|p1a: Druddigon|Scale Shot|p2a: Incineroar\n|-damage|p2a: Incineroar|95\/100 par\n|-damage|p2a: Incineroar|90\/100 par\n|-damage|p2a: Incineroar|84\/100 par\n|-damage|p2a: Incineroar|78\/100 par\n|-damage|p2a: Incineroar|73\/100 par\n|-hitcount|p2a: Incineroar|5\n|-unboost|p1a: Druddigon|def|1\n|-boost|p1a: Druddigon|spe|1\n|cant|p2a: Incineroar|par\n|\n|upkeep\n|turn|4\n|j| Tiggerio\n|\n|t:|1633964943\n|move|p1a: Druddigon|Glare|p2a: Incineroar\n|-fail|p2a: Incineroar|par\n|cant|p2a: Incineroar|par\n|\n|upkeep\n|turn|5\n|c|\u2606Pave Low|pls\n|c|\u2606Pave Low|lol ffs\n|\n|t:|1633964961\n|move|p1a: Druddigon|Scale Shot|p2a: Incineroar\n|-damage|p2a: Incineroar|67\/100 par\n|-damage|p2a: Incineroar|61\/100 par\n|-damage|p2a: Incineroar|56\/100 par\n|-hitcount|p2a: Incineroar|3\n|-unboost|p1a: Druddigon|def|1\n|-boost|p1a: Druddigon|spe|1\n|move|p2a: Incineroar|Toxic|p1a: Druddigon\n|-status|p1a: Druddigon|tox\n|\n|-damage|p1a: Druddigon|53\/100 tox|[from] psn\n|upkeep\n|turn|6\n|\n|t:|1633964972\n|move|p1a: Druddigon|Scale Shot|p2a: Incineroar\n|-damage|p2a: Incineroar|50\/100 par\n|-damage|p2a: Incineroar|44\/100 par\n|-hitcount|p2a: Incineroar|2\n|-unboost|p1a: Druddigon|def|1\n|-boost|p1a: Druddigon|spe|1\n|move|p2a: Incineroar|Parting Shot|p1a: Druddigon\n|-unboost|p1a: Druddigon|atk|1\n|-unboost|p1a: Druddigon|spa|1\n|\n|t:|1633964987\n|switch|p2a: Steelix|Steelix, M|100\/100|[from]move: Parting Shot\n|-damage|p2a: Steelix|97\/100|[from] Stealth Rock\n|\n|-heal|p2a: Steelix|100\/100|[from] item: Leftovers\n|-damage|p1a: Druddigon|41\/100 tox|[from] psn\n|upkeep\n|turn|7\n|\n|t:|1633965001\n|move|p1a: Druddigon|Taunt|p2a: Steelix\n|-start|p2a: Steelix|move: Taunt\n|cant|p2a: Steelix|move: Taunt|Stealth Rock\n|\n|-damage|p1a: Druddigon|23\/100 tox|[from] psn\n|upkeep\n|turn|8\n|\n|t:|1633965011\n|move|p1a: Druddigon|Glare|p2a: Steelix\n|-status|p2a: Steelix|par\n|move|p2a: Steelix|Earthquake|p1a: Druddigon\n|-damage|p1a: Druddigon|0 fnt\n|faint|p1a: Druddigon\n|\n|upkeep\n|l| bdsdjfzgbz\n|\n|t:|1633965021\n|switch|p1a: Lucario|Lucario, F|100\/100\n|turn|9\n|\n|t:|1633965025\n|move|p1a: Lucario|Close Combat|p2a: Steelix\n|-supereffective|p2a: Steelix\n|-crit|p2a: Steelix\n|-ability|p2a: Steelix|Sturdy\n|-damage|p2a: Steelix|1\/100 par\n|-unboost|p1a: Lucario|def|1\n|-unboost|p1a: Lucario|spd|1\n|-damage|p1a: Lucario|91\/100|[from] item: Life Orb\n|cant|p2a: Steelix|par\n|\n|-heal|p2a: Steelix|7\/100 par|[from] item: Leftovers\n|-end|p2a: Steelix|move: Taunt\n|upkeep\n|turn|10\n|c|\u2606Pave Low|ok\n|-message|Pave Low forfeited.\n|\n|win|lordcube\n|n|\u2606lordcube|lordcube\n|n|\u2606Pave Low|pavelow\n|n|*Lady Monita \u263d|ladymonita\n|n| IIZSAENL|iizsaenl\n|n| Tiggerio|tiggerio\n","uploadtime":1633965037,"views":15,"p1id":"lordcube","p2id":"pavelow","formatid":"gen8ru","rating":0,"private":0,"password":null}