{"id":"gen8ou-1582939857","p1":"Elite4Donovan","p2":"CALL THE CREW","format":"gen8ou","log":"|j|\u2606Elite4Donovan\n|j|\u2606CALL THE CREW\n|t:|1653533408\n|gametype|singles\n|player|p1|Elite4Donovan|lucas|1772\n|player|p2|CALL THE CREW|lucas|1851\n|teamsize|p1|6\n|teamsize|p2|6\n|gen|8\n|tier|[Gen 8] OU\n|rated|\n|rule|Sleep Clause Mod: Limit one foe put to sleep\n|rule|Species Clause: Limit one of each Pok\u00e9mon\n|rule|OHKO Clause: OHKO moves are banned\n|rule|Evasion Moves Clause: Evasion moves are banned\n|rule|Endless Battle Clause: Forcing endless battles is banned\n|rule|HP Percentage Mod: HP is shown in percentages\n|rule|Dynamax Clause: You cannot dynamax\n|clearpoke\n|poke|p1|Sharpedo, F|\n|poke|p1|Mew|\n|poke|p1|Tapu Lele|\n|poke|p1|Kommo-o, M|\n|poke|p1|Landorus-Therian, M|\n|poke|p1|Blacephalon|\n|poke|p2|Clefable, F|\n|poke|p2|Landorus-Therian, M|\n|poke|p2|Tornadus-Therian, M|\n|poke|p2|Jirachi|\n|poke|p2|Tyranitar, M|\n|poke|p2|Toxapex, M|\n|teampreview\n|c|\u2606CALL THE CREW|wait\n|c|\u2606CALL THE CREW|who are you\n|\n|t:|1653533427\n|start\n|switch|p1a: Mew|Mew|100\/100\n|switch|p2a: Tornadus|Tornadus-Therian, M|100\/100\n|turn|1\n|c|\u2606Elite4Donovan|in what regard\n|\n|t:|1653533437\n|move|p2a: Tornadus|Hurricane|p1a: Mew|[miss]\n|-miss|p2a: Tornadus|p1a: Mew\n|move|p1a: Mew|Thunder Wave|p2a: Tornadus\n|-status|p2a: Tornadus|par\n|\n|upkeep\n|turn|2\n|\n|t:|1653533441\n|move|p1a: Mew|Stealth Rock|p2a: Tornadus\n|-sidestart|p2: CALL THE CREW|move: Stealth Rock\n|move|p2a: Tornadus|Knock Off|p1a: Mew\n|-supereffective|p1a: Mew\n|-damage|p1a: Mew|63\/100\n|-enditem|p1a: Mew|Red Card|[from] move: Knock Off|[of] p2a: Tornadus\n|\n|upkeep\n|turn|3\n|\n|t:|1653533446\n|move|p1a: Mew|Taunt|p2a: Tornadus\n|-start|p2a: Tornadus|move: Taunt\n|cant|p2a: Tornadus|par\n|\n|upkeep\n|turn|4\n|\n|t:|1653533448\n|move|p1a: Mew|Spikes|p2a: Tornadus\n|-sidestart|p2: CALL THE CREW|Spikes\n|move|p2a: Tornadus|Knock Off|p1a: Mew\n|-supereffective|p1a: Mew\n|-damage|p1a: Mew|39\/100\n|\n|upkeep\n|turn|5\n|j| lunan0713\n|\n|t:|1653533459\n|move|p1a: Mew|Spikes|p2a: Tornadus\n|-sidestart|p2: CALL THE CREW|Spikes\n|move|p2a: Tornadus|Knock Off|p1a: Mew\n|-supereffective|p1a: Mew\n|-damage|p1a: Mew|11\/100\n|\n|-end|p2a: Tornadus|move: Taunt\n|upkeep\n|turn|6\n|\n|t:|1653533464\n|move|p1a: Mew|Taunt|p2a: Tornadus\n|-start|p2a: Tornadus|move: Taunt\n|move|p2a: Tornadus|U-turn|p1a: Mew\n|-supereffective|p1a: Mew\n|-damage|p1a: Mew|0 fnt\n|faint|p1a: Mew\n|\n|t:|1653533475\n|switch|p2a: Landorus|Landorus-Therian, M|100\/100|[from]move: U-turn\n|-damage|p2a: Landorus|88\/100|[from] Stealth Rock\n|\n|-heal|p2a: Landorus|94\/100|[from] item: Leftovers\n|upkeep\n|\n|t:|1653533478\n|switch|p1a: Sharpedo|Sharpedo, F|100\/100\n|turn|7\n|\n|t:|1653533483\n|move|p1a: Sharpedo|Ice Beam|p2a: Landorus\n|-supereffective|p2a: Landorus\n|-damage|p2a: Landorus|0 fnt\n|faint|p2a: Landorus\n|-damage|p1a: Sharpedo|91\/100|[from] item: Life Orb\n|\n|-ability|p1a: Sharpedo|Speed Boost|boost\n|-boost|p1a: Sharpedo|spe|1\n|upkeep\n|\n|t:|1653533492\n|switch|p2a: Clefable|Clefable, F|100\/100\n|turn|8\n|\n|t:|1653533495\n|move|p1a: Sharpedo|Hydro Pump|p2a: Clefable\n|-damage|p2a: Clefable|34\/100\n|-damage|p1a: Sharpedo|81\/100|[from] item: Life Orb\n|move|p2a: Clefable|Calm Mind|p2a: Clefable\n|-boost|p2a: Clefable|spa|1\n|-boost|p2a: Clefable|spd|1\n|\n|-ability|p1a: Sharpedo|Speed Boost|boost\n|-boost|p1a: Sharpedo|spe|1\n|upkeep\n|turn|9\n|j| Jessayy\n|\n|t:|1653533497\n|move|p1a: Sharpedo|Hydro Pump|p2a: Clefable\n|-damage|p2a: Clefable|0 fnt\n|faint|p2a: Clefable\n|-damage|p1a: Sharpedo|71\/100|[from] item: Life Orb\n|\n|-ability|p1a: Sharpedo|Speed Boost|boost\n|-boost|p1a: Sharpedo|spe|1\n|upkeep\n|\n|t:|1653533504\n|switch|p2a: Tornadus|Tornadus-Therian, M|100\/100 par\n|-damage|p2a: Tornadus|76\/100 par|[from] Stealth Rock\n|turn|10\n|\n|t:|1653533507\n|move|p1a: Sharpedo|Ice Beam|p2a: Tornadus\n|-supereffective|p2a: Tornadus\n|-damage|p2a: Tornadus|33\/100 par\n|-damage|p1a: Sharpedo|61\/100|[from] item: Life Orb\n|cant|p2a: Tornadus|par\n|\n|-ability|p1a: Sharpedo|Speed Boost|boost\n|-boost|p1a: Sharpedo|spe|1\n|upkeep\n|turn|11\n|\n|t:|1653533515\n|switch|p2a: Toxapex|Toxapex, M|100\/100\n|-damage|p2a: Toxapex|88\/100|[from] Stealth Rock\n|-damage|p2a: Toxapex|72\/100|[from] Spikes\n|move|p1a: Sharpedo|Dark Pulse|p2a: Toxapex\n|-damage|p2a: Toxapex|30\/100\n|-damage|p1a: Sharpedo|51\/100|[from] item: Life Orb\n|\n|-ability|p1a: Sharpedo|Speed Boost|boost\n|-boost|p1a: Sharpedo|spe|1\n|upkeep\n|turn|12\n|\n|t:|1653533519\n|switch|p2a: Tyranitar|Tyranitar, M|100\/100\n|-weather|Sandstorm|[from] ability: Sand Stream|[of] p2a: Tyranitar\n|move|p1a: Sharpedo|Dark Pulse|p2a: Tyranitar\n|-resisted|p2a: Tyranitar\n|-damage|p2a: Tyranitar|91\/100\n|-damage|p1a: Sharpedo|41\/100|[from] item: Life Orb\n|\n|-weather|Sandstorm|[upkeep]\n|-damage|p1a: Sharpedo|35\/100|[from] Sandstorm\n|-ability|p1a: Sharpedo|Speed Boost|boost\n|-boost|p1a: Sharpedo|spe|1\n|upkeep\n|turn|13\n|\n|t:|1653533527\n|switch|p2a: Toxapex|Toxapex, M|64\/100\n|-damage|p2a: Toxapex|51\/100|[from] Stealth Rock\n|-damage|p2a: Toxapex|35\/100|[from] Spikes\n|move|p1a: Sharpedo|Close Combat|p2a: Toxapex\n|-resisted|p2a: Toxapex\n|-damage|p2a: Toxapex|22\/100\n|-unboost|p1a: Sharpedo|def|1\n|-unboost|p1a: Sharpedo|spd|1\n|-damage|p1a: Sharpedo|25\/100|[from] item: Life Orb\n|\n|-weather|Sandstorm|[upkeep]\n|-damage|p1a: Sharpedo|19\/100|[from] Sandstorm\n|-damage|p2a: Toxapex|16\/100|[from] Sandstorm\n|upkeep\n|turn|14\n|\n|t:|1653533537\n|move|p1a: Sharpedo|Hydro Pump|p2a: Toxapex\n|-resisted|p2a: Toxapex\n|-damage|p2a: Toxapex|0 fnt\n|faint|p2a: Toxapex\n|-damage|p1a: Sharpedo|9\/100|[from] item: Life Orb\n|\n|-weather|Sandstorm|[upkeep]\n|-damage|p1a: Sharpedo|3\/100|[from] Sandstorm\n|upkeep\n|\n|t:|1653533540\n|switch|p2a: Jirachi|Jirachi|100\/100\n|-damage|p2a: Jirachi|94\/100|[from] Stealth Rock\n|-damage|p2a: Jirachi|78\/100|[from] Spikes\n|turn|15\n|\n|t:|1653533542\n|move|p2a: Jirachi|Protect|p2a: Jirachi\n|-singleturn|p2a: Jirachi|Protect\n|move|p1a: Sharpedo|Dark Pulse|p2a: Jirachi\n|-activate|p2a: Jirachi|move: Protect\n|\n|-weather|Sandstorm|[upkeep]\n|-damage|p1a: Sharpedo|0 fnt|[from] Sandstorm\n|faint|p1a: Sharpedo\n|-heal|p2a: Jirachi|84\/100|[from] item: Leftovers\n|upkeep\n|\n|t:|1653533549\n|switch|p1a: Blacephalon|Blacephalon|100\/100\n|turn|16\n|\n|t:|1653533552\n|switch|p2a: Tyranitar|Tyranitar, M|91\/100\n|move|p1a: Blacephalon|Shadow Ball|p2a: Tyranitar\n|-resisted|p2a: Tyranitar\n|-damage|p2a: Tyranitar|77\/100\n|\n|-weather|none\n|upkeep\n|turn|17\n|\n|t:|1653533564\n|switch|p1a: Tapu Lele|Tapu Lele|100\/100\n|-fieldstart|move: Psychic Terrain|[from] ability: Psychic Surge|[of] p1a: Tapu Lele\n|move|p2a: Tyranitar|Ice Beam|p1a: Tapu Lele\n|-damage|p1a: Tapu Lele|80\/100\n|\n|upkeep\n|turn|18\n|\n|t:|1653533569\n|switch|p2a: Jirachi|Jirachi|84\/100\n|-damage|p2a: Jirachi|78\/100|[from] Stealth Rock\n|-damage|p2a: Jirachi|61\/100|[from] Spikes\n|move|p1a: Tapu Lele|Focus Blast|p2a: Jirachi\n|-damage|p2a: Jirachi|34\/100\n|\n|-heal|p2a: Jirachi|40\/100|[from] item: Leftovers\n|upkeep\n|turn|19\n|\n|t:|1653533571\n|switch|p1a: Blacephalon|Blacephalon|100\/100\n|move|p2a: Jirachi|Wish|p2a: Jirachi\n|\n|-heal|p2a: Jirachi|46\/100|[from] item: Leftovers\n|upkeep\n|turn|20\n|\n|t:|1653533577\n|move|p2a: Jirachi|Protect|p2a: Jirachi\n|-singleturn|p2a: Jirachi|Protect\n|move|p1a: Blacephalon|Overheat|p2a: Jirachi\n|-activate|p2a: Jirachi|move: Protect\n|\n|-heal|p2a: Jirachi|96\/100|[from] move: Wish|[wisher] Jirachi\n|-heal|p2a: Jirachi|100\/100|[from] item: Leftovers\n|upkeep\n|turn|21\n|\n|t:|1653533584\n|switch|p2a: Tyranitar|Tyranitar, M|77\/100\n|-weather|Sandstorm|[from] ability: Sand Stream|[of] p2a: Tyranitar\n|move|p1a: Blacephalon|Overheat|p2a: Tyranitar\n|-resisted|p2a: Tyranitar\n|-damage|p2a: Tyranitar|55\/100\n|-unboost|p1a: Blacephalon|spa|2\n|\n|-weather|Sandstorm|[upkeep]\n|-damage|p1a: Blacephalon|94\/100|[from] Sandstorm\n|-fieldend|move: Psychic Terrain\n|upkeep\n|turn|22\n|\n|t:|1653533592\n|switch|p1a: Tapu Lele|Tapu Lele|80\/100\n|-fieldstart|move: Psychic Terrain|[from] ability: Psychic Surge|[of] p1a: Tapu Lele\n|move|p2a: Tyranitar|Stealth Rock|p1a: Tapu Lele\n|-sidestart|p1: Elite4Donovan|move: Stealth Rock\n|\n|-weather|Sandstorm|[upkeep]\n|-damage|p1a: Tapu Lele|73\/100|[from] Sandstorm\n|upkeep\n|turn|23\n|\n|t:|1653533599\n|switch|p2a: Jirachi|Jirachi|100\/100\n|-damage|p2a: Jirachi|94\/100|[from] Stealth Rock\n|-damage|p2a: Jirachi|78\/100|[from] Spikes\n|move|p1a: Tapu Lele|Future Sight|p2a: Jirachi\n|-start|p1a: Tapu Lele|move: Future Sight\n|\n|-weather|Sandstorm|[upkeep]\n|-damage|p1a: Tapu Lele|67\/100|[from] Sandstorm\n|-heal|p2a: Jirachi|84\/100|[from] item: Leftovers\n|upkeep\n|turn|24\n|\n|t:|1653533604\n|switch|p1a: Landorus|Landorus-Therian, M|100\/100\n|-damage|p1a: Landorus|88\/100|[from] Stealth Rock\n|-ability|p1a: Landorus|Intimidate|boost\n|-unboost|p2a: Jirachi|atk|1\n|move|p2a: Jirachi|Body Slam|p1a: Landorus\n|-damage|p1a: Landorus|72\/100\n|-status|p1a: Landorus|par\n|-enditem|p1a: Landorus|Lum Berry|[eat]\n|-curestatus|p1a: Landorus|par|[msg]\n|\n|-weather|Sandstorm|[upkeep]\n|-heal|p2a: Jirachi|90\/100|[from] item: Leftovers\n|upkeep\n|turn|25\n|\n|t:|1653533608\n|move|p1a: Landorus|Earthquake|p2a: Jirachi\n|-supereffective|p2a: Jirachi\n|-crit|p2a: Jirachi\n|-damage|p2a: Jirachi|0 fnt\n|faint|p2a: Jirachi\n|\n|-weather|none\n|-hint|Future Sight did not hit because the target is fainted.\n|upkeep\n|\n|t:|1653533613\n|switch|p2a: Tornadus|Tornadus-Therian, M|66\/100 par\n|-damage|p2a: Tornadus|41\/100 par|[from] Stealth Rock\n|turn|26\n|\n|t:|1653533615\n|move|p1a: Landorus|Stone Edge|p2a: Tornadus\n|-supereffective|p2a: Tornadus\n|-damage|p2a: Tornadus|0 fnt\n|faint|p2a: Tornadus\n|\n|-fieldend|move: Psychic Terrain\n|upkeep\n|c|\u2606CALL THE CREW|bg\n|c|\u2606Elite4Donovan|curious what you meant by who are you\n|c|\u2606Elite4Donovan|have you seen my name before\n|c|\u2606CALL THE CREW|it literally\n|c|\u2606CALL THE CREW|doesn't matter\n|c|\u2606Elite4Donovan|ok\n|c|\u2606Elite4Donovan|sorry\n|c|\u2606CALL THE CREW|yeah sure you are\n|c|\u2606Elite4Donovan|I am I didn't mean to come off rude\n|j| peetyeety\n|\n|t:|1653533697\n|switch|p2a: Tyranitar|Tyranitar, M|55\/100\n|-weather|Sandstorm|[from] ability: Sand Stream|[of] p2a: Tyranitar\n|turn|27\n|\n|t:|1653533703\n|move|p1a: Landorus|Earthquake|p2a: Tyranitar\n|-supereffective|p2a: Tyranitar\n|-damage|p2a: Tyranitar|0 fnt\n|faint|p2a: Tyranitar\n|\n|win|Elite4Donovan\n|raw|Elite4Donovan's rating: 1772 &rarr; <strong>1796<\/strong><br \/>(+24 for winning)\n|raw|CALL THE CREW's rating: 1851 &rarr; <strong>1827<\/strong><br \/>(-24 for losing)\n|l| Jessayy\n|l| peetyeety\n||Ladder isn't responding, score probably updated but might not have (Request timeout).\n|l| lunan0713\n","uploadtime":1653535226,"views":64,"p1id":"elite4donovan","p2id":"callthecrew","formatid":"gen8ou","rating":1796,"private":0,"password":null}