{"id":"gen8ou-1230224604","p1":"glaed13","p2":"Outu yuhh","format":"gen8ou","log":"|j|\u2606glaed13\n|j|\u2606Outu yuhh\n|t:|1606195679\n|player|p1|glaed13|cheren-gen5bw2|1845\n|player|p2|Outu yuhh|hoopster|1835\n|teamsize|p1|6\n|teamsize|p2|6\n|gametype|singles\n|gen|8\n|tier|[Gen 8] OU\n|rated|\n|clearpoke\n|poke|p1|Blaziken, M|\n|poke|p1|Klefki, F|\n|poke|p1|Ninetales, M|\n|poke|p1|Zapdos-Galar|\n|poke|p1|Cinderace, F|\n|poke|p1|Garchomp, F|\n|poke|p2|Zapdos|\n|poke|p2|Cinderace, M|\n|poke|p2|Spectrier|\n|poke|p2|Tangrowth, F|\n|poke|p2|Clefable, M|\n|poke|p2|Garchomp, M|\n|rule|Sleep Clause Mod: Limit one foe put to sleep\n|rule|Species Clause: Limit one of each Pok\u00e9mon\n|rule|OHKO Clause: OHKO moves are banned\n|rule|Evasion Moves Clause: Evasion moves are banned\n|rule|Endless Battle Clause: Forcing endless battles is banned\n|rule|HP Percentage Mod: HP is shown in percentages\n|rule|Dynamax Clause: You cannot dynamax\n|teampreview\n|inactive|Battle timer is ON: inactive players will automatically lose when time's up. (requested by glaed13)\n|j| Promii\n|j| blessed days\n|j| hujiaobing\n|\n|t:|1606195708\n|start\n|switch|p1a: Klefki|Klefki, F, shiny|100\/100\n|switch|p2a: Zapdos|Zapdos|100\/100\n|turn|1\n|\n|t:|1606195716\n|move|p1a: Klefki|Light Screen|p1a: Klefki\n|-sidestart|p1: glaed13|move: Light Screen\n|move|p2a: Zapdos|Heat Wave|p1a: Klefki\n|-supereffective|p1a: Klefki\n|-damage|p1a: Klefki|69\/100\n|\n|upkeep\n|turn|2\n|j| EscapeTheMence\n|\n|t:|1606195726\n|switch|p1a: Garchomp|Garchomp, F|100\/100\n|move|p2a: Zapdos|Defog|p1a: Garchomp\n|-unboost|p1a: Garchomp|evasion|1\n|-sideend|p1: glaed13|move: Light Screen\n|\n|upkeep\n|turn|3\n|\n|t:|1606195733\n|switch|p2a: Tangrowth|Tangrowth, F|100\/100\n|move|p1a: Garchomp|Swords Dance|p1a: Garchomp\n|-boost|p1a: Garchomp|atk|2\n|\n|upkeep\n|turn|4\n|\n|t:|1606195741\n|move|p1a: Garchomp|Poison Jab|p2a: Tangrowth\n|-supereffective|p2a: Tangrowth\n|-damage|p2a: Tangrowth|41\/100\n|-status|p2a: Tangrowth|psn\n|-damage|p1a: Garchomp|84\/100|[from] item: Rocky Helmet|[of] p2a: Tangrowth\n|move|p2a: Tangrowth|Giga Drain|p1a: Garchomp\n|-damage|p1a: Garchomp|56\/100\n|-heal|p2a: Tangrowth|53\/100 psn|[from] drain|[of] p1a: Garchomp\n|\n|-damage|p2a: Tangrowth|41\/100 psn|[from] psn\n|upkeep\n|turn|5\n|j| ILikeTheDonald\n|\n|t:|1606195754\n|move|p1a: Garchomp|Scale Shot|p2a: Tangrowth\n|-damage|p2a: Tangrowth|27\/100 psn\n|-damage|p2a: Tangrowth|12\/100 psn\n|-damage|p2a: Tangrowth|0 fnt\n|-hitcount|p2a: Tangrowth|3\n|-unboost|p1a: Garchomp|def|1\n|-boost|p1a: Garchomp|spe|1\n|faint|p2a: Tangrowth\n|\n|upkeep\n|\n|t:|1606195761\n|switch|p2a: Spectrier|Spectrier|100\/100\n|turn|6\n|j| Vessev\n|\n|t:|1606195778\n|move|p2a: Spectrier|Shadow Ball|p1a: Garchomp\n|-damage|p1a: Garchomp|7\/100\n|-unboost|p1a: Garchomp|spd|1\n|move|p1a: Garchomp|Earthquake|p2a: Spectrier\n|-damage|p2a: Spectrier|0 fnt\n|faint|p2a: Spectrier\n|\n|upkeep\n|\n|t:|1606195787\n|switch|p2a: Cinderace|Cinderace, M|100\/100\n|turn|7\n|l| EscapeTheMence\n|\n|t:|1606195803\n|switch|p1a: Klefki|Klefki, F, shiny|69\/100\n|move|p2a: Cinderace|Sucker Punch||[still]\n|-fail|p2a: Cinderace\n|\n|upkeep\n|turn|8\n|\n|t:|1606195809\n|move|p1a: Klefki|Thunder Wave|p2a: Cinderace|[miss]\n|-miss|p1a: Klefki|p2a: Cinderace\n|move|p2a: Cinderace|Pyro Ball|p1a: Klefki\n|-supereffective|p1a: Klefki\n|-damage|p1a: Klefki|0 fnt\n|faint|p1a: Klefki\n|\n|upkeep\n|j|+rosa\n|\n|t:|1606195823\n|switch|p1a: Ninetales|Ninetales, M|100\/100\n|-weather|SunnyDay|[from] ability: Drought|[of] p1a: Ninetales\n|turn|9\n|j| Fart Stinky\n|j|+Jumpman16\n|inactive|glaed13 has 120 seconds left.\n|\n|t:|1606195850\n|move|p2a: Cinderace|Pyro Ball|p1a: Ninetales\n|-resisted|p1a: Ninetales\n|-damage|p1a: Ninetales|26\/100\n|move|p1a: Ninetales|Memento|p2a: Cinderace\n|-unboost|p2a: Cinderace|atk|2\n|-unboost|p2a: Cinderace|spa|2\n|faint|p1a: Ninetales\n|\n|-weather|SunnyDay|[upkeep]\n|upkeep\n|inactive|glaed13 has 120 seconds left.\n|j| I'M AT MY LIMIT!\n|\n|t:|1606195860\n|switch|p1a: Cinderace|Cinderace, F|100\/100\n|turn|10\n|\n|t:|1606195864\n|switch|p2a: Garchomp|Garchomp, M|100\/100\n|move|p1a: Cinderace|Bulk Up|p1a: Cinderace\n|-start|p1a: Cinderace|typechange|Fighting|[from] ability: Libero\n|-boost|p1a: Cinderace|atk|1\n|-boost|p1a: Cinderace|def|1\n|\n|-weather|SunnyDay|[upkeep]\n|upkeep\n|turn|11\n|\n|t:|1606195874\n|move|p1a: Cinderace|High Jump Kick|p2a: Garchomp\n|-damage|p2a: Garchomp|0 fnt\n|-damage|p1a: Cinderace|88\/100|[from] ability: Rough Skin|[of] p2a: Garchomp\n|faint|p2a: Garchomp\n|\n|-weather|SunnyDay|[upkeep]\n|upkeep\n|\n|t:|1606195884\n|switch|p2a: Zapdos|Zapdos|100\/100\n|turn|12\n|j| gjccc\n|\n|t:|1606195889\n|move|p1a: Cinderace|Pyro Ball|p2a: Zapdos\n|-start|p1a: Cinderace|typechange|Fire|[from] ability: Libero\n|-damage|p2a: Zapdos|0 fnt\n|faint|p2a: Zapdos\n|\n|-weather|SunnyDay|[upkeep]\n|upkeep\n|\n|t:|1606195892\n|switch|p2a: Clefable|Clefable, M|100\/100\n|turn|13\n|\n|t:|1606195900\n|move|p1a: Cinderace|Pyro Ball|p2a: Clefable\n|-damage|p2a: Clefable|30\/100\n|move|p2a: Clefable|Soft-Boiled|p2a: Clefable\n|-heal|p2a: Clefable|80\/100\n|\n|-weather|none\n|-heal|p2a: Clefable|86\/100|[from] item: Leftovers\n|upkeep\n|turn|14\n|\n|t:|1606195912\n|move|p1a: Cinderace|Pyro Ball|p2a: Clefable\n|-damage|p2a: Clefable|38\/100\n|-status|p2a: Clefable|brn\n|move|p2a: Clefable|Soft-Boiled|p2a: Clefable\n|-heal|p2a: Clefable|88\/100 brn\n|\n|-heal|p2a: Clefable|94\/100 brn|[from] item: Leftovers\n|-damage|p2a: Clefable|88\/100 brn|[from] brn\n|upkeep\n|turn|15\n|\n|t:|1606195924\n|move|p1a: Cinderace|Pyro Ball|p2a: Clefable\n|-damage|p2a: Clefable|35\/100 brn\n|move|p2a: Clefable|Soft-Boiled|p2a: Clefable\n|-heal|p2a: Clefable|85\/100 brn\n|\n|-heal|p2a: Clefable|91\/100 brn|[from] item: Leftovers\n|-damage|p2a: Clefable|85\/100 brn|[from] brn\n|upkeep\n|turn|16\n|j| Limited_Toolkit\n|\n|t:|1606195934\n|switch|p1a: Garchomp|Garchomp, F|7\/100\n|move|p2a: Clefable|Soft-Boiled|p2a: Clefable\n|-heal|p2a: Clefable|100\/100 brn\n|\n|-damage|p2a: Clefable|94\/100 brn|[from] brn\n|upkeep\n|turn|17\n|\n|t:|1606195944\n|switch|p2a: Cinderace|Cinderace, M|100\/100\n|move|p1a: Garchomp|Poison Jab|p2a: Cinderace\n|-damage|p2a: Cinderace|53\/100\n|\n|upkeep\n|turn|18\n|\n|t:|1606195954\n|move|p2a: Cinderace|Pyro Ball|p1a: Garchomp\n|-resisted|p1a: Garchomp\n|-damage|p1a: Garchomp|0 fnt\n|faint|p1a: Garchomp\n|\n|upkeep\n|c| Fart Stinky|how can Outu yuhh win?\n|\n|t:|1606195962\n|switch|p1a: Zapdos|Zapdos-Galar|100\/100\n|turn|19\n|\n|t:|1606195967\n|move|p2a: Cinderace|Gunk Shot|p1a: Zapdos\n|-start|p2a: Cinderace|typechange|Poison|[from] ability: Libero\n|-damage|p1a: Zapdos|26\/100\n|-status|p1a: Zapdos|psn\n|move|p1a: Zapdos|Acrobatics|p2a: Cinderace\n|-damage|p2a: Cinderace|0 fnt\n|faint|p2a: Cinderace\n|\n|-damage|p1a: Zapdos|14\/100 psn|[from] psn\n|upkeep\n|\n|t:|1606195974\n|switch|p2a: Clefable|Clefable, M|94\/100 brn\n|turn|20\n|\n|t:|1606195983\n|move|p1a: Zapdos|Taunt|p2a: Clefable\n|-start|p2a: Clefable|move: Taunt\n|cant|p2a: Clefable|move: Taunt|Soft-Boiled\n|\n|-heal|p2a: Clefable|100\/100 brn|[from] item: Leftovers\n|-damage|p1a: Zapdos|1\/100 psn|[from] psn\n|-damage|p2a: Clefable|94\/100 brn|[from] brn\n|upkeep\n|turn|21\n|\n|t:|1606195990\n|move|p1a: Zapdos|Thunderous Kick|p2a: Clefable\n|-resisted|p2a: Clefable\n|-damage|p2a: Clefable|76\/100 brn\n|-unboost|p2a: Clefable|def|1\n|move|p2a: Clefable|Moonblast|p1a: Zapdos\n|-supereffective|p1a: Zapdos\n|-damage|p1a: Zapdos|0 fnt\n|faint|p1a: Zapdos\n|\n|-heal|p2a: Clefable|82\/100 brn|[from] item: Leftovers\n|-damage|p2a: Clefable|76\/100 brn|[from] brn\n|upkeep\n|\n|t:|1606195994\n|switch|p1a: Cinderace|Cinderace, F|88\/100\n|turn|22\n|\n|t:|1606195998\n|move|p1a: Cinderace|Pyro Ball|p2a: Clefable\n|-crit|p2a: Clefable\n|-damage|p2a: Clefable|0 fnt\n|faint|p2a: Clefable\n|\n|win|glaed13\n|c|\u2606Outu yuhh|gg\n|l| I'M AT MY LIMIT!\n|raw|glaed13's rating: 1845 &rarr; <strong>1864<\/strong><br \/>(+19 for winning)\n|raw|Outu yuhh's rating: 1835 &rarr; <strong>1816<\/strong><br \/>(-19 for losing)\n|c|+Jumpman16|cool tech\n|l|+rosa\n|c|\u2606Outu yuhh|definitely\n|l| ILikeTheDonald\n|c|\u2606Outu yuhh|otherwise clef just won\n|c|+Jumpman16|good sport\n|c|\u2606Outu yuhh|very cool tech\n|c|+Jumpman16|you're a good sport\n|l| Fart Stinky\n|c|\u2606Outu yuhh|ty\n|c|\u2606Outu yuhh|have a good one\n|c|\u2606Outu yuhh|gg\n|c|+Jumpman16|u2\n|l|\u2606Outu yuhh\n|l|+Jumpman16\n|l| gjccc\n|l| blessed days\n","uploadtime":1606196030,"views":48,"p1id":"glaed13","p2id":"outuyuhh","formatid":"gen8ou","rating":1816,"private":0,"password":null}