{"id":"gen8nationaldex-1680567519","p1":"Miserious","p2":"Capital Cruiser","format":"gen8nationaldex","log":"|j|\u2606Miserious\n|j|\u203dCapital Cruiser\n|t:|1665206765\n|gametype|singles\n|player|p1|Miserious|169|1396\n|player|p2|Capital Cruiser|cheren-gen5bw2|1473\n|teamsize|p1|6\n|teamsize|p2|6\n|gen|8\n|tier|[Gen 8] National Dex\n|rated|\n|rule|HP Percentage Mod: HP is shown in percentages\n|rule|Endless Battle Clause: Forcing endless battles is banned\n|rule|OHKO Clause: OHKO moves are banned\n|rule|Evasion Moves Clause: Evasion moves are banned\n|rule|Species Clause: Limit one of each Pok\u00e9mon\n|rule|Dynamax Clause: You cannot dynamax\n|rule|Sleep Clause Mod: Limit one foe put to sleep\n|clearpoke\n|poke|p1|Slaking, M|\n|poke|p1|Clefable, F|\n|poke|p1|Manectric, M|\n|poke|p1|Barraskewda, F|\n|poke|p1|Ferrothorn, M|\n|poke|p1|Hydreigon, M|\n|poke|p2|Chansey, F|\n|poke|p2|Keldeo-Resolute|\n|poke|p2|Scizor, M|\n|poke|p2|Landorus-Therian, M|\n|poke|p2|Tapu Fini|\n|poke|p2|Tapu Koko|\n|teampreview\n|inactive|Battle timer is ON: inactive players will automatically lose when time's up. (requested by Capital Cruiser)\n|inactive|Miserious also wants the timer to be on.\n|\n|t:|1665206779\n|start\n|switch|p1a: Manectric|Manectric, M|100\/100\n|switch|p2a: Keldeo|Keldeo-Resolute|100\/100\n|turn|1\n|\n|t:|1665206784\n|switch|p2a: Chansey|Chansey, F, shiny|100\/100\n|detailschange|p1a: Manectric|Manectric-Mega, M\n|-mega|p1a: Manectric|Manectric|Manectite\n|-ability|p1a: Manectric|Intimidate|boost\n|-unboost|p2a: Chansey|atk|1\n|move|p1a: Manectric|Volt Switch|p2a: Chansey\n|-damage|p2a: Chansey|90\/100\n|\n|t:|1665206788\n|switch|p1a: Slaking|Slaking, M|100\/100|[from]move: Volt Switch\n|\n|upkeep\n|turn|2\n|\n|t:|1665206791\n|switch|p2a: Landorus|Landorus-Therian, M, shiny|100\/100\n|-ability|p2a: Landorus|Intimidate|boost\n|-unboost|p1a: Slaking|atk|1\n|move|p1a: Slaking|Return|p2a: Landorus\n|-damage|p2a: Landorus|70\/100\n|-damage|p1a: Slaking|84\/100|[from] item: Rocky Helmet|[of] p2a: Landorus\n|\n|upkeep\n|turn|3\n|\n|t:|1665206798\n|switch|p1a: Hydreigon|Hydreigon, M|100\/100\n|move|p2a: Landorus|Stealth Rock|p1a: Hydreigon\n|-sidestart|p1: Miserious|move: Stealth Rock\n|\n|upkeep\n|turn|4\n|\n|t:|1665206801\n|switch|p2a: Tapu Fini|Tapu Fini, shiny|100\/100\n|-fieldstart|move: Misty Terrain|[from] ability: Misty Surge|[of] p2a: Tapu Fini\n|move|p1a: Hydreigon|Draco Meteor|p2a: Tapu Fini\n|-immune|p2a: Tapu Fini\n|\n|upkeep\n|turn|5\n|\n|t:|1665206806\n|switch|p1a: Ferrothorn|Ferrothorn, M|100\/100\n|-damage|p1a: Ferrothorn|95\/100|[from] Stealth Rock\n|switch|p2a: Keldeo|Keldeo-Resolute|100\/100\n|\n|upkeep\n|turn|6\n|\n|t:|1665206812\n|switch|p1a: Clefable|Clefable, F|100\/100\n|move|p2a: Keldeo|Secret Sword|p1a: Clefable\n|-resisted|p1a: Clefable\n|-damage|p1a: Clefable|62\/100\n|\n|-heal|p1a: Clefable|68\/100|[from] item: Leftovers\n|upkeep\n|turn|7\n|\n|t:|1665206815\n|switch|p2a: Scizor|Scizor, M, shiny|100\/100\n|move|p1a: Clefable|Moonblast|p2a: Scizor\n|-resisted|p2a: Scizor\n|-damage|p2a: Scizor|83\/100\n|\n|-heal|p1a: Clefable|74\/100|[from] item: Leftovers\n|upkeep\n|turn|8\n|\n|t:|1665206823\n|switch|p1a: Ferrothorn|Ferrothorn, M|95\/100\n|-damage|p1a: Ferrothorn|89\/100|[from] Stealth Rock\n|detailschange|p2a: Scizor|Scizor-Mega, M, shiny\n|-mega|p2a: Scizor|Scizor|Scizorite\n|move|p2a: Scizor|Swords Dance|p2a: Scizor\n|-boost|p2a: Scizor|atk|2\n|\n|-fieldend|Misty Terrain\n|upkeep\n|turn|9\n|\n|t:|1665206827\n|move|p2a: Scizor|Knock Off|p1a: Ferrothorn\n|-damage|p1a: Ferrothorn|46\/100\n|-damage|p2a: Scizor|71\/100|[from] ability: Iron Barbs|[of] p1a: Ferrothorn\n|-damage|p2a: Scizor|54\/100|[from] item: Rocky Helmet|[of] p1a: Ferrothorn\n|-enditem|p1a: Ferrothorn|Rocky Helmet|[from] move: Knock Off|[of] p2a: Scizor\n|move|p1a: Ferrothorn|Leech Seed|p2a: Scizor\n|-start|p2a: Scizor|move: Leech Seed\n|\n|-damage|p2a: Scizor|42\/100|[from] Leech Seed|[of] p1a: Ferrothorn\n|-heal|p1a: Ferrothorn|58\/100|[silent]\n|upkeep\n|turn|10\n|\n|t:|1665206833\n|move|p2a: Scizor|Roost|p2a: Scizor\n|-heal|p2a: Scizor|92\/100\n|-singleturn|p2a: Scizor|move: Roost\n|move|p1a: Ferrothorn|Stealth Rock|p2a: Scizor\n|-sidestart|p2: Capital Cruiser|move: Stealth Rock\n|\n|-damage|p2a: Scizor|80\/100|[from] Leech Seed|[of] p1a: Ferrothorn\n|-heal|p1a: Ferrothorn|70\/100|[silent]\n|upkeep\n|turn|11\n|\n|t:|1665206835\n|move|p1a: Ferrothorn|Protect|p1a: Ferrothorn\n|-singleturn|p1a: Ferrothorn|Protect\n|move|p2a: Scizor|Swords Dance|p2a: Scizor\n|-boost|p2a: Scizor|atk|2\n|\n|-damage|p2a: Scizor|68\/100|[from] Leech Seed|[of] p1a: Ferrothorn\n|-heal|p1a: Ferrothorn|82\/100|[silent]\n|upkeep\n|turn|12\n|\n|t:|1665206839\n|switch|p1a: Slaking|Slaking, M|84\/100\n|-damage|p1a: Slaking|71\/100|[from] Stealth Rock\n|move|p2a: Scizor|Knock Off|p1a: Slaking\n|-damage|p1a: Slaking|0 fnt\n|-enditem|p1a: Slaking|Choice Scarf|[from] move: Knock Off|[of] p2a: Scizor\n|faint|p1a: Slaking\n|\n|upkeep\n|\n|t:|1665206847\n|switch|p1a: Manectric|Manectric-Mega, M|100\/100\n|-damage|p1a: Manectric|88\/100|[from] Stealth Rock\n|-ability|p1a: Manectric|Intimidate|boost\n|-unboost|p2a: Scizor|atk|1\n|turn|13\n|\n|t:|1665206851\n|switch|p2a: Chansey|Chansey, F, shiny|90\/100\n|-damage|p2a: Chansey|78\/100|[from] Stealth Rock\n|move|p1a: Manectric|Volt Switch|p2a: Chansey\n|-damage|p2a: Chansey|67\/100\n|\n|t:|1665206855\n|switch|p1a: Barraskewda|Barraskewda, F|100\/100|[from]move: Volt Switch\n|-damage|p1a: Barraskewda|88\/100|[from] Stealth Rock\n|\n|upkeep\n|turn|14\n|\n|t:|1665206860\n|switch|p2a: Tapu Fini|Tapu Fini, shiny|100\/100\n|-damage|p2a: Tapu Fini|88\/100|[from] Stealth Rock\n|-fieldstart|move: Misty Terrain|[from] ability: Misty Surge|[of] p2a: Tapu Fini\n|move|p1a: Barraskewda|Flip Turn|p2a: Tapu Fini\n|-resisted|p2a: Tapu Fini\n|-damage|p2a: Tapu Fini|68\/100\n|\n|t:|1665206876\n|switch|p1a: Ferrothorn|Ferrothorn, M|82\/100|[from]move: Flip Turn\n|-damage|p1a: Ferrothorn|76\/100|[from] Stealth Rock\n|\n|-heal|p2a: Tapu Fini|74\/100|[from] item: Leftovers\n|upkeep\n|turn|15\n|\n|t:|1665206885\n|switch|p2a: Keldeo|Keldeo-Resolute|100\/100\n|-damage|p2a: Keldeo|94\/100|[from] Stealth Rock\n|move|p1a: Ferrothorn|Leech Seed|p2a: Keldeo\n|-start|p2a: Keldeo|move: Leech Seed\n|\n|-damage|p2a: Keldeo|82\/100|[from] Leech Seed|[of] p1a: Ferrothorn\n|-heal|p1a: Ferrothorn|87\/100|[silent]\n|upkeep\n|turn|16\n|\n|t:|1665206897\n|move|p1a: Ferrothorn|Protect|p1a: Ferrothorn\n|-singleturn|p1a: Ferrothorn|Protect\n|move|p2a: Keldeo|Secret Sword|p1a: Ferrothorn\n|-activate|p1a: Ferrothorn|move: Protect\n|\n|-damage|p2a: Keldeo|70\/100|[from] Leech Seed|[of] p1a: Ferrothorn\n|-heal|p1a: Ferrothorn|99\/100|[silent]\n|upkeep\n|turn|17\n|\n|t:|1665206900\n|switch|p1a: Clefable|Clefable, F|74\/100\n|move|p2a: Keldeo|Secret Sword|p1a: Clefable\n|-resisted|p1a: Clefable\n|-damage|p1a: Clefable|35\/100\n|\n|-heal|p1a: Clefable|41\/100|[from] item: Leftovers\n|-damage|p2a: Keldeo|57\/100|[from] Leech Seed|[of] p1a: Clefable\n|-heal|p1a: Clefable|51\/100|[silent]\n|upkeep\n|turn|18\n|\n|t:|1665206904\n|switch|p2a: Scizor|Scizor-Mega, M, shiny|68\/100\n|-damage|p2a: Scizor|55\/100|[from] Stealth Rock\n|move|p1a: Clefable|Soft-Boiled|p1a: Clefable\n|-heal|p1a: Clefable|100\/100\n|\n|-fieldend|Misty Terrain\n|upkeep\n|turn|19\n|\n|t:|1665206915\n|move|p2a: Scizor|Swords Dance|p2a: Scizor\n|-boost|p2a: Scizor|atk|2\n|move|p1a: Clefable|Flamethrower|p2a: Scizor\n|-supereffective|p2a: Scizor\n|-damage|p2a: Scizor|0 fnt\n|faint|p2a: Scizor\n|\n|upkeep\n|\n|t:|1665206921\n|switch|p2a: Tapu Koko|Tapu Koko, shiny|100\/100\n|-damage|p2a: Tapu Koko|88\/100|[from] Stealth Rock\n|-fieldstart|move: Electric Terrain|[from] ability: Electric Surge|[of] p2a: Tapu Koko\n|turn|20\n|\n|t:|1665206928\n|switch|p1a: Ferrothorn|Ferrothorn, M|99\/100\n|-damage|p1a: Ferrothorn|93\/100|[from] Stealth Rock\n|move|p2a: Tapu Koko|Electro Ball|p1a: Ferrothorn\n|-resisted|p1a: Ferrothorn\n|-damage|p1a: Ferrothorn|62\/100\n|\n|upkeep\n|turn|21\n|\n|t:|1665206941\n|switch|p2a: Landorus|Landorus-Therian, M, shiny|70\/100\n|-damage|p2a: Landorus|58\/100|[from] Stealth Rock\n|-ability|p2a: Landorus|Intimidate|boost\n|-unboost|p1a: Ferrothorn|atk|1\n|move|p1a: Ferrothorn|Leech Seed|p2a: Landorus\n|-start|p2a: Landorus|move: Leech Seed\n|\n|-damage|p2a: Landorus|45\/100|[from] Leech Seed|[of] p1a: Ferrothorn\n|-heal|p1a: Ferrothorn|76\/100|[silent]\n|upkeep\n|turn|22\n|\n|t:|1665206944\n|move|p1a: Ferrothorn|Protect|p1a: Ferrothorn\n|-singleturn|p1a: Ferrothorn|Protect\n|move|p2a: Landorus|Hidden Power|p1a: Ferrothorn\n|-activate|p1a: Ferrothorn|move: Protect\n|\n|-damage|p2a: Landorus|33\/100|[from] Leech Seed|[of] p1a: Ferrothorn\n|-heal|p1a: Ferrothorn|89\/100|[silent]\n|upkeep\n|turn|23\n|-message|Capital Cruiser forfeited.\n|\n|win|Miserious\n|raw|Miserious's rating: 1396 &rarr; <strong>1420<\/strong><br \/>(+24 for winning)\n|raw|Capital Cruiser's rating: 1473 &rarr; <strong>1449<\/strong><br \/>(-24 for losing)\n|l|\u203dCapital Cruiser\n","uploadtime":1665206952,"views":10,"p1id":"miserious","p2id":"capitalcruiser","formatid":"gen8nationaldex","rating":1420,"private":0,"password":null}