{"id":"gen8ou-1655884058","p1":"reionatro","p2":"marcosotoluna","format":"gen8ou","log":"|j|\u2606reionatro\n|j|\u2606marcosotoluna\n|t:|1662299709\n|gametype|singles\n|player|p1|reionatro|265|1888\n|player|p2|marcosotoluna|101|1783\n|teamsize|p1|6\n|teamsize|p2|6\n|gen|8\n|tier|[Gen 8] OU\n|rated|\n|rule|Sleep Clause Mod: Limit one foe put to sleep\n|rule|Species Clause: Limit one of each Pok\u00e9mon\n|rule|OHKO Clause: OHKO moves are banned\n|rule|Evasion Items Clause: Evasion items are banned\n|rule|Evasion Moves Clause: Evasion moves are banned\n|rule|Endless Battle Clause: Forcing endless battles is banned\n|rule|HP Percentage Mod: HP is shown in percentages\n|rule|Dynamax Clause: You cannot dynamax\n|clearpoke\n|poke|p1|Urshifu-*, F|\n|poke|p1|Tapu Koko|\n|poke|p1|Melmetal|\n|poke|p1|Zapdos|\n|poke|p1|Landorus-Therian, M|\n|poke|p1|Rillaboom, M|\n|poke|p2|Venusaur, F|\n|poke|p2|Scizor, F|\n|poke|p2|Torkoal, M|\n|poke|p2|Garchomp, M|\n|poke|p2|Keldeo-Resolute|\n|poke|p2|Volcarona, M|\n|teampreview\n|inactive|Battle timer is ON: inactive players will automatically lose when time's up. (requested by marcosotoluna)\n|c|\u2606reionatro|hf\n|j| guho\n|j| PrezBoy10\n|j| Vegdfgfg\n|j| PU11 Kingston9629\n|c|\u2606marcosotoluna|Fun?\n|c|\u2606marcosotoluna|fun!?\n|c|\u2606marcosotoluna|FUN!?\n|j| ulwan\n|c| guho|yes\n|c|\u2606reionatro|mons is fun!\n|inactive|reionatro has 120 seconds left.\n|c|\u2606marcosotoluna|There is no fun only victory! >:o\n|c|\u2606reionatro|word\n|j| ahmad bassam\n|l| Vegdfgfg\n|inactive|reionatro has 90 seconds left.\n|j| TempInDisguise\n|j| Vegdfgfg\n|\n|t:|1662299781\n|start\n|switch|p1a: Tapu Koko|Tapu Koko|100\/100\n|switch|p2a: Keldeo|Keldeo-Resolute|100\/100\n|-fieldstart|move: Electric Terrain|[from] ability: Electric Surge|[of] p1a: Tapu Koko\n|turn|1\n|\n|t:|1662299793\n|switch|p2a: Beth|Torkoal, M, shiny|100\/100\n|-weather|SunnyDay|[from] ability: Drought|[of] p2a: Beth\n|move|p1a: Tapu Koko|Dazzling Gleam|p2a: Beth\n|-resisted|p2a: Beth\n|-damage|p2a: Beth|80\/100\n|\n|-weather|SunnyDay|[upkeep]\n|upkeep\n|turn|2\n|j| Adam the gun\n|\n|t:|1662299821\n|switch|p1a: Landorus|Landorus-Therian, M|100\/100\n|-ability|p1a: Landorus|Intimidate|boost\n|-unboost|p2a: Beth|atk|1\n|move|p2a: Beth|Will-O-Wisp|p1a: Landorus\n|-status|p1a: Landorus|brn\n|\n|-weather|SunnyDay|[upkeep]\n|-damage|p1a: Landorus|94\/100 brn|[from] brn\n|upkeep\n|turn|3\n|c| TempInDisguise|uwu\n|c|\u2606marcosotoluna|That shit was specs\n|\n|t:|1662299829\n|move|p1a: Landorus|Stealth Rock|p2a: Beth\n|-sidestart|p2: marcosotoluna|move: Stealth Rock\n|move|p2a: Beth|Stealth Rock|p1a: Landorus\n|-sidestart|p1: reionatro|move: Stealth Rock\n|\n|-weather|SunnyDay|[upkeep]\n|-heal|p1a: Landorus|100\/100 brn|[from] item: Leftovers\n|-damage|p1a: Landorus|94\/100 brn|[from] brn\n|upkeep\n|turn|4\n|c| TempInDisguise|rip burn\n|\n|t:|1662299833\n|move|p1a: Landorus|Knock Off|p2a: Beth\n|-damage|p2a: Beth|68\/100\n|-enditem|p2a: Beth|Heat Rock|[from] move: Knock Off|[of] p1a: Landorus\n|move|p2a: Beth|Rapid Spin|p1a: Landorus\n|-damage|p1a: Landorus|89\/100 brn\n|-boost|p2a: Beth|spe|1\n|-sideend|p2: marcosotoluna|Stealth Rock|[from] move: Rapid Spin|[of] p2a: Beth\n|\n|-weather|SunnyDay|[upkeep]\n|-heal|p1a: Landorus|95\/100 brn|[from] item: Leftovers\n|-damage|p1a: Landorus|89\/100 brn|[from] brn\n|upkeep\n|turn|5\n|c| Adam the gun|UwU\n|\n|t:|1662299838\n|switch|p2a: Pest control|Venusaur, F, shiny|100\/100\n|move|p1a: Landorus|Stealth Rock|p2a: Pest control\n|-sidestart|p2: marcosotoluna|move: Stealth Rock\n|\n|-weather|SunnyDay|[upkeep]\n|-heal|p1a: Landorus|95\/100 brn|[from] item: Leftovers\n|-damage|p1a: Landorus|89\/100 brn|[from] brn\n|-fieldend|move: Electric Terrain\n|upkeep\n|turn|6\n|\n|t:|1662299852\n|move|p2a: Pest control|Solar Beam||[still]\n|-prepare|p2a: Pest control|Solar Beam\n|-anim|p2a: Pest control|Solar Beam|p1a: Landorus\n|-damage|p1a: Landorus|34\/100 brn\n|-damage|p2a: Pest control|91\/100|[from] item: Life Orb\n|move|p1a: Landorus|Earthquake|p2a: Pest control\n|-damage|p2a: Pest control|59\/100\n|\n|-weather|SunnyDay|[upkeep]\n|-heal|p1a: Landorus|40\/100 brn|[from] item: Leftovers\n|-damage|p1a: Landorus|34\/100 brn|[from] brn\n|upkeep\n|turn|7\n|j| TJ Too Smooth\n|\n|t:|1662299861\n|move|p2a: Pest control|Solar Beam||[still]\n|-prepare|p2a: Pest control|Solar Beam\n|-anim|p2a: Pest control|Solar Beam|p1a: Landorus\n|-damage|p1a: Landorus|0 fnt\n|faint|p1a: Landorus\n|-damage|p2a: Pest control|49\/100|[from] item: Life Orb\n|\n|-weather|SunnyDay|[upkeep]\n|upkeep\n|l| ahmad bassam\n|j| CakeyShowdown\n|c| TempInDisguise|sooo tankyyy owo\n|j| ihavebestsandteam\n|\n|t:|1662299878\n|switch|p1a: Zapdos|Zapdos|100\/100\n|turn|8\n|j| Pika Sup\n|\n|t:|1662299885\n|move|p2a: Pest control|Weather Ball|p1a: Zapdos\n|-damage|p1a: Zapdos|38\/100\n|-damage|p2a: Pest control|39\/100|[from] item: Life Orb\n|move|p1a: Zapdos|Hurricane|p2a: Pest control\n|-supereffective|p2a: Pest control\n|-damage|p2a: Pest control|0 fnt\n|faint|p2a: Pest control\n|\n|-weather|none\n|upkeep\n|c| TempInDisguise|ou vena?\n|c| TempInDisguise|why?\n|l| Pika Sup\n|\n|t:|1662299901\n|switch|p2a: Beth|Torkoal, M, shiny|68\/100\n|-damage|p2a: Beth|43\/100|[from] Stealth Rock\n|-weather|SunnyDay|[from] ability: Drought|[of] p2a: Beth\n|turn|9\n|l| ihavebestsandteam\n|c| Adam the gun|OwO wow this is a.strangebattle\n|j| invincible rohan\n|l| invincible rohan\n|\n|t:|1662299925\n|switch|p2a: Garchomp|Garchomp, M|100\/100\n|-damage|p2a: Garchomp|94\/100|[from] Stealth Rock\n|move|p1a: Zapdos|Hurricane|p2a: Garchomp|[miss]\n|-miss|p1a: Zapdos|p2a: Garchomp\n|\n|-weather|SunnyDay|[upkeep]\n|upkeep\n|turn|10\n|c|\u2606marcosotoluna|Because i like vena\n|c| Adam the gun|Miss\n|c| PU11 Kingston9629|it's a sun team\n|c| PU11 Kingston9629|venusaur defines sun\n|c|\u2606marcosotoluna|i like scizor and keld as well\n|c| TempInDisguise|wowwww\n|inactive|reionatro has 120 seconds left.\n|c| TempInDisguise|hurricane in sun\n|c|\u2606reionatro|oh shit i forgot lol\n|c| PU11 Kingston9629|it's actually good in ou\n|c| PrezBoy10|chlorophyll makes it viable w\/ sun\n|inactive|reionatro has 90 seconds left.\n|inactive|marcosotoluna has 120 seconds left.\n|c| TempInDisguise|ic ic\n|c| PU11 Kingston9629|it also has weather ball\n|c| PU11 Kingston9629|growth\n|c| PU11 Kingston9629|a great typing\n|inactive|reionatro has 60 seconds left.\n|c|\u2606marcosotoluna|Im afraid!\n|\n|t:|1662300013\n|switch|p1a: Rillaboom|Rillaboom, M|100\/100\n|-damage|p1a: Rillaboom|88\/100|[from] Stealth Rock\n|-fieldstart|move: Grassy Terrain|[from] ability: Grassy Surge|[of] p1a: Rillaboom\n|move|p2a: Garchomp|Fire Fang|p1a: Rillaboom\n|-supereffective|p1a: Rillaboom\n|-damage|p1a: Rillaboom|0 fnt\n|faint|p1a: Rillaboom\n|-damage|p2a: Garchomp|85\/100|[from] item: Life Orb\n|\n|-weather|SunnyDay|[upkeep]\n|-heal|p2a: Garchomp|91\/100|[from] Grassy Terrain\n|upkeep\n|c| PU11 Kingston9629|boss play\n|c|\u2606marcosotoluna|Nah but in all seriousness i only use mons i have fun with\n|c| PrezBoy10|good read\n|c| Adam the gun|*DONG* i knew it\n|inactive|reionatro has 30 seconds left.\n|inactive|reionatro has 20 seconds left.\n|inactive|reionatro has 15 seconds left.\n|\n|t:|1662300060\n|switch|p1a: Melmetal|Melmetal|100\/100\n|-damage|p1a: Melmetal|94\/100|[from] Stealth Rock\n|turn|11\n|inactive|reionatro has 25 seconds left this turn.\n|inactive|marcosotoluna has 120 seconds left.\n|\n|t:|1662300073\n|move|p2a: Garchomp|Earthquake|p1a: Melmetal\n|-supereffective|p1a: Melmetal\n|-damage|p1a: Melmetal|56\/100\n|-damage|p2a: Garchomp|81\/100|[from] item: Life Orb\n|move|p1a: Melmetal|Double Iron Bash|p2a: Garchomp\n|-damage|p2a: Garchomp|39\/100\n|-damage|p1a: Melmetal|44\/100|[from] ability: Rough Skin|[of] p2a: Garchomp\n|-damage|p2a: Garchomp|0 fnt\n|-damage|p1a: Melmetal|32\/100|[from] ability: Rough Skin|[of] p2a: Garchomp\n|faint|p2a: Garchomp\n|-hitcount|p2: Garchomp|2\n|\n|-weather|SunnyDay|[upkeep]\n|-heal|p1a: Melmetal|38\/100|[from] Grassy Terrain\n|-heal|p1a: Melmetal|44\/100|[from] item: Leftovers\n|upkeep\n|inactive|reionatro has 30 seconds left this turn.\n|j| SHARKB1TE\n|c| TempInDisguise|BOOM\n|\n|t:|1662300080\n|switch|p2a: Keldeo|Keldeo-Resolute|100\/100\n|-damage|p2a: Keldeo|94\/100|[from] Stealth Rock\n|turn|12\n|c| Adam the gun|:\/\n|c| TempInDisguise|suprise suprise\n|inactive|reionatro has 30 seconds left.\n|j| hiimdavi\n|inactive|reionatro has 20 seconds left.\n|l| Vegdfgfg\n|inactive|reionatro has 15 seconds left.\n|\n|t:|1662300105\n|move|p2a: Keldeo|Secret Sword|p1a: Melmetal\n|-supereffective|p1a: Melmetal\n|-damage|p1a: Melmetal|0 fnt\n|faint|p1a: Melmetal\n|-damage|p2a: Keldeo|84\/100|[from] item: Life Orb\n|\n|-weather|SunnyDay|[upkeep]\n|-heal|p2a: Keldeo|91\/100|[from] Grassy Terrain\n|upkeep\n|inactive|reionatro has 20 seconds left this turn.\n|l| hiimdavi\n|inactive|reionatro has 15 seconds left.\n|\n|t:|1662300112\n|switch|p1a: Tapu Koko|Tapu Koko|100\/100\n|-damage|p1a: Tapu Koko|88\/100|[from] Stealth Rock\n|-fieldstart|move: Electric Terrain|[from] ability: Electric Surge|[of] p1a: Tapu Koko\n|turn|13\n|inactive|reionatro has 25 seconds left this turn.\n|\n|t:|1662300116\n|switch|p2a: Beth|Torkoal, M, shiny|43\/100\n|-damage|p2a: Beth|19\/100|[from] Stealth Rock\n|move|p1a: Tapu Koko|Thunderbolt|p2a: Beth\n|-damage|p2a: Beth|0 fnt\n|faint|p2a: Beth\n|\n|-weather|none\n|upkeep\n|inactive|reionatro has 30 seconds left this turn.\n|\n|t:|1662300120\n|switch|p2a: Volcarona|Volcarona, M|100\/100\n|turn|14\n|inactive|reionatro has 30 seconds left.\n|\n|t:|1662300135\n|move|p1a: Tapu Koko|Thunderbolt|p2a: Volcarona\n|-damage|p2a: Volcarona|29\/100\n|move|p2a: Volcarona|Fiery Dance|p1a: Tapu Koko\n|-damage|p1a: Tapu Koko|23\/100\n|\n|upkeep\n|turn|15\n|c| TempInDisguise|what are the elos of u guys????\n|inactive|reionatro has 30 seconds left.\n|\n|t:|1662300145\n|move|p1a: Tapu Koko|Thunderbolt|p2a: Volcarona\n|-damage|p2a: Volcarona|0 fnt\n|faint|p2a: Volcarona\n|\n|upkeep\n|c| PU11 Kingston9629|1888\n|\n|t:|1662300146\n|switch|p2a: Scizor|Scizor, F|100\/100\n|-damage|p2a: Scizor|88\/100|[from] Stealth Rock\n|turn|16\n|c| PU11 Kingston9629|and 1793\n|c| PU11 Kingston9629|1783*\n|inactive|reionatro has 30 seconds left.\n|c| PrezBoy10|1000\n|\n|t:|1662300167\n|switch|p1a: Urshifu|Urshifu-Rapid-Strike, F|100\/100\n|-damage|p1a: Urshifu|94\/100|[from] Stealth Rock\n|move|p2a: Scizor|Swords Dance|p2a: Scizor\n|-boost|p2a: Scizor|atk|2\n|\n|upkeep\n|turn|17\n|j| IceHot77\n|c| PU11 Kingston9629|rieonatro is higher\n|inactive|reionatro has 30 seconds left.\n|\n|t:|1662300176\n|move|p2a: Scizor|Bullet Punch|p1a: Urshifu\n|-resisted|p1a: Urshifu\n|-damage|p1a: Urshifu|53\/100\n|-damage|p2a: Scizor|78\/100|[from] item: Life Orb\n|move|p1a: Urshifu|Surging Strikes|p2a: Scizor\n|-crit|p2a: Scizor\n|-damage|p2a: Scizor|54\/100\n|-crit|p2a: Scizor\n|-damage|p2a: Scizor|27\/100\n|-crit|p2a: Scizor\n|-damage|p2a: Scizor|0 fnt\n|faint|p2a: Scizor\n|-hitcount|p2: Scizor|3\n|\n|-fieldend|move: Electric Terrain\n|upkeep\n|\n|t:|1662300180\n|switch|p2a: Keldeo|Keldeo-Resolute|91\/100\n|-damage|p2a: Keldeo|84\/100|[from] Stealth Rock\n|turn|18\n|c|\u2606marcosotoluna|Gg\n|\n|t:|1662300187\n|move|p2a: Keldeo|Secret Sword|p1a: Urshifu\n|-damage|p1a: Urshifu|0 fnt\n|faint|p1a: Urshifu\n|-damage|p2a: Keldeo|74\/100|[from] item: Life Orb\n|\n|upkeep\n|\n|t:|1662300190\n|switch|p1a: Tapu Koko|Tapu Koko|23\/100\n|-damage|p1a: Tapu Koko|10\/100|[from] Stealth Rock\n|-fieldstart|move: Electric Terrain|[from] ability: Electric Surge|[of] p1a: Tapu Koko\n|turn|19\n|c| TempInDisguise|damn\n|c|\u2606reionatro|gg\n|\n|t:|1662300195\n|move|p1a: Tapu Koko|Thunderbolt|p2a: Keldeo\n|-supereffective|p2a: Keldeo\n|-damage|p2a: Keldeo|0 fnt\n|faint|p2a: Keldeo\n|\n|win|reionatro\n|raw|reionatro's rating: 1888 &rarr; <strong>1902<\/strong><br \/>(+14 for winning)\n|raw|marcosotoluna's rating: 1783 &rarr; <strong>1769<\/strong><br \/>(-14 for losing)\n|c|\u2606reionatro|yes\n|c|\u2606reionatro|1900\n|c|\u2606reionatro|finally\n|c| PrezBoy10|gg\n|l| PU11 Kingston9629\n|c|\u2606marcosotoluna|Pog\n|l| PrezBoy10\n|l| Adam the gun\n|l| TJ Too Smooth\n||Ladder isn't responding, score probably updated but might not have (Request timeout).\n","uploadtime":1662300216,"views":54,"p1id":"reionatro","p2id":"marcosotoluna","formatid":"gen8ou","rating":1769,"private":0,"password":null}