{"id":"gen8monotype-1697532921","p1":"try010","p2":"Eclipse77","format":"gen8monotype","log":"|j|\u2606try010\n|j|\u2606Eclipse77\n|t:|1667004504\n|gametype|singles\n|player|p1|try010|archie-gen6|1419\n|player|p2|Eclipse77|hilda-wonderlauncher|1530\n|teamsize|p1|6\n|teamsize|p2|6\n|gen|8\n|tier|[Gen 8] Monotype\n|rated|\n|rule|Same Type Clause: Pok\u00e9mon in a team must share a type\n|rule|Sleep Clause Mod: Limit one foe put to sleep\n|rule|Species Clause: Limit one of each Pok\u00e9mon\n|rule|OHKO Clause: OHKO moves are banned\n|rule|Evasion Items Clause: Evasion items are banned\n|rule|Evasion Moves Clause: Evasion moves are banned\n|rule|Endless Battle Clause: Forcing endless battles is banned\n|rule|HP Percentage Mod: HP is shown in percentages\n|rule|Dynamax Clause: You cannot dynamax\n|clearpoke\n|poke|p1|Spectrier|\n|poke|p1|Mimikyu, F|\n|poke|p1|Dragapult, M|\n|poke|p1|Froslass, F|\n|poke|p1|Blacephalon|\n|poke|p1|Dhelmise|\n|poke|p2|Landorus-Therian, M|\n|poke|p2|Nidoking, M|\n|poke|p2|Mamoswine, M|\n|poke|p2|Hippowdon, M|\n|poke|p2|Excadrill, M|\n|poke|p2|Gastrodon, F|\n|teampreview\n|\n|t:|1667004542\n|start\n|switch|p1a: Froslass|Froslass, F|100\/100\n|switch|p2a: Mamoswine|Mamoswine, M|100\/100\n|turn|1\n|inactive|Battle timer is ON: inactive players will automatically lose when time's up. (requested by Eclipse77)\n|\n|t:|1667004550\n|move|p1a: Froslass|Spikes|p2a: Mamoswine\n|-sidestart|p2: Eclipse77|Spikes\n|move|p2a: Mamoswine|Knock Off|p1a: Froslass\n|-supereffective|p1a: Froslass\n|-enditem|p1a: Froslass|Focus Sash\n|-damage|p1a: Froslass|1\/100\n|\n|upkeep\n|turn|2\n|\n|t:|1667004573\n|move|p1a: Froslass|Spikes|p2a: Mamoswine\n|-sidestart|p2: Eclipse77|Spikes\n|move|p2a: Mamoswine|Knock Off|p1a: Froslass\n|-supereffective|p1a: Froslass\n|-damage|p1a: Froslass|0 fnt\n|faint|p1a: Froslass\n|\n|upkeep\n|inactive|try010 has 120 seconds left.\n|\n|t:|1667004613\n|switch|p1a: Dhelmise|Dhelmise|100\/100\n|turn|3\n|\n|t:|1667004622\n|move|p2a: Mamoswine|Knock Off|p1a: Dhelmise\n|-supereffective|p1a: Dhelmise\n|-damage|p1a: Dhelmise|0 fnt\n|-enditem|p1a: Dhelmise|Assault Vest|[from] move: Knock Off|[of] p2a: Mamoswine\n|faint|p1a: Dhelmise\n|\n|upkeep\n|\n|t:|1667004641\n|switch|p1a: Mimikyu|Mimikyu, F|100\/100\n|turn|4\n|inactive|Eclipse77 has 120 seconds left.\n|\n|t:|1667004683\n|move|p1a: Mimikyu|Swords Dance|p1a: Mimikyu\n|-boost|p1a: Mimikyu|atk|2\n|move|p2a: Mamoswine|Knock Off|p1a: Mimikyu\n|-activate|p1a: Mimikyu|ability: Disguise\n|-damage|p1a: Mimikyu|100\/100\n|-enditem|p1a: Mimikyu|Life Orb|[from] move: Knock Off|[of] p2a: Mamoswine\n|detailschange|p1a: Mimikyu|Mimikyu-Busted, F\n|-damage|p1a: Mimikyu|88\/100|[from] pokemon: Mimikyu-Busted\n|\n|upkeep\n|turn|5\n|\n|t:|1667004710\n|move|p1a: Mimikyu|Drain Punch|p2a: Mamoswine\n|-supereffective|p2a: Mamoswine\n|-damage|p2a: Mamoswine|2\/100\n|-heal|p1a: Mimikyu|100\/100|[from] drain|[of] p2a: Mamoswine\n|move|p2a: Mamoswine|Knock Off|p1a: Mimikyu\n|-damage|p1a: Mimikyu|43\/100\n|\n|upkeep\n|turn|6\n|\n|t:|1667004718\n|move|p1a: Mimikyu|Drain Punch|p2a: Mamoswine\n|-supereffective|p2a: Mamoswine\n|-damage|p2a: Mamoswine|0 fnt\n|-heal|p1a: Mimikyu|45\/100|[from] drain|[of] p2a: Mamoswine\n|faint|p2a: Mamoswine\n|\n|upkeep\n|\n|t:|1667004720\n|switch|p2a: Landorus|Landorus-Therian, M|100\/100\n|-ability|p2a: Landorus|Intimidate|boost\n|-unboost|p1a: Mimikyu|atk|1\n|turn|7\n|\n|t:|1667004728\n|move|p1a: Mimikyu|Play Rough|p2a: Landorus\n|-damage|p2a: Landorus|48\/100\n|-unboost|p2a: Landorus|atk|1\n|move|p2a: Landorus|Earthquake|p1a: Mimikyu\n|-damage|p1a: Mimikyu|0 fnt\n|faint|p1a: Mimikyu\n|\n|-heal|p2a: Landorus|54\/100|[from] item: Leftovers\n|upkeep\n|\n|t:|1667004752\n|switch|p1a: Dragapult|Dragapult, M|100\/100\n|turn|8\n|\n|t:|1667004767\n|switch|p2a: Hippowdon|Hippowdon, M|100\/100\n|-damage|p2a: Hippowdon|84\/100|[from] Spikes\n|-weather|Sandstorm|[from] ability: Sand Stream|[of] p2a: Hippowdon\n|move|p1a: Dragapult|Dragon Dance|p1a: Dragapult\n|-boost|p1a: Dragapult|atk|1\n|-boost|p1a: Dragapult|spe|1\n|\n|-weather|Sandstorm|[upkeep]\n|-damage|p1a: Dragapult|95\/100|[from] Sandstorm\n|upkeep\n|turn|9\n|\n|t:|1667004776\n|move|p1a: Dragapult|Dragon Darts|p2a: Hippowdon\n|-damage|p2a: Hippowdon|60\/100\n|-anim|p1a: Dragapult|Dragon Darts|p2a: Hippowdon\n|-damage|p2a: Hippowdon|34\/100\n|-enditem|p2a: Hippowdon|Eject Button\n|-damage|p1a: Dragapult|85\/100|[from] item: Life Orb\n|\n|t:|1667004781\n|switch|p2a: Excadrill|Excadrill, M|100\/100\n|-damage|p2a: Excadrill|84\/100|[from] Spikes\n|\n|-weather|Sandstorm|[upkeep]\n|-damage|p1a: Dragapult|79\/100|[from] Sandstorm\n|upkeep\n|turn|10\n|inactive|try010 has 120 seconds left.\n|\n|t:|1667004794\n|move|p1a: Dragapult|Phantom Force||[still]\n|-prepare|p1a: Dragapult|Phantom Force\n|move|p2a: Excadrill|Earthquake|p1a: Dragapult|[miss]\n|-miss|p2a: Excadrill|p1a: Dragapult\n|\n|-weather|Sandstorm|[upkeep]\n|-damage|p1a: Dragapult|73\/100|[from] Sandstorm\n|upkeep\n|turn|11\n|\n|t:|1667004796\n|move|p1a: Dragapult|Phantom Force|p2a: Excadrill|[from]lockedmove\n|-damage|p2a: Excadrill|0 fnt\n|faint|p2a: Excadrill\n|-damage|p1a: Dragapult|63\/100|[from] item: Life Orb\n|\n|-weather|Sandstorm|[upkeep]\n|-damage|p1a: Dragapult|57\/100|[from] Sandstorm\n|upkeep\n|\n|t:|1667004807\n|switch|p2a: Landorus|Landorus-Therian, M|54\/100\n|-ability|p2a: Landorus|Intimidate|boost\n|-unboost|p1a: Dragapult|atk|1\n|turn|12\n|\n|t:|1667004816\n|move|p1a: Dragapult|Dragon Darts|p2a: Landorus\n|-damage|p2a: Landorus|22\/100\n|-anim|p1a: Dragapult|Dragon Darts|p2a: Landorus\n|-damage|p2a: Landorus|0 fnt\n|faint|p2a: Landorus\n|-damage|p1a: Dragapult|47\/100|[from] item: Life Orb\n|\n|-weather|none\n|upkeep\n|-message|Eclipse77 forfeited.\n|\n|win|try010\n|raw|try010's rating: 1419 &rarr; <strong>1445<\/strong><br \/>(+26 for winning)\n|raw|Eclipse77's rating: 1530 &rarr; <strong>1504<\/strong><br \/>(-26 for losing)\n|l|\u2606Eclipse77\n||Ladder isn't responding, score probably updated but might not have (Request timeout).\n","uploadtime":1667004826,"views":5,"p1id":"try010","p2id":"eclipse77","formatid":"gen8monotype","rating":1445,"private":0,"password":null}