{"id":"gen8ou-1230803991","p1":"guude anakin","p2":"glaed13","format":"gen8ou","log":"|j|\u2606guude anakin\n|j|\u2606glaed13\n|t:|1606263004\n|player|p1|guude anakin|smasher|1832\n|player|p2|glaed13|cheren-gen5bw2|1778\n|teamsize|p1|6\n|teamsize|p2|6\n|gametype|singles\n|gen|8\n|tier|[Gen 8] OU\n|rated|\n|clearpoke\n|poke|p1|Slowking-Galar, F|\n|poke|p1|Ferrothorn, M|\n|poke|p1|Hippowdon, M|\n|poke|p1|Moltres|\n|poke|p1|Pheromosa|\n|poke|p1|Rotom-Wash|\n|poke|p2|Blaziken, M|\n|poke|p2|Klefki, F|\n|poke|p2|Ninetales, M|\n|poke|p2|Zapdos-Galar|\n|poke|p2|Cinderace, F|\n|poke|p2|Garchomp, F|\n|rule|Sleep Clause Mod: Limit one foe put to sleep\n|rule|Species Clause: Limit one of each Pok\u00e9mon\n|rule|OHKO Clause: OHKO moves are banned\n|rule|Evasion Moves Clause: Evasion moves are banned\n|rule|Endless Battle Clause: Forcing endless battles is banned\n|rule|HP Percentage Mod: HP is shown in percentages\n|rule|Dynamax Clause: You cannot dynamax\n|teampreview\n|inactive|Battle timer is ON: inactive players will automatically lose when time's up. (requested by glaed13)\n|\n|t:|1606263008\n|start\n|switch|p1a: Rotom|Rotom-Wash|100\/100\n|switch|p2a: Zapdos|Zapdos-Galar|100\/100\n|turn|1\n|j| Vessev\n|\n|t:|1606263017\n|switch|p2a: Garchomp|Garchomp, F|100\/100\n|move|p1a: Rotom|Volt Switch|p2a: Garchomp\n|-immune|p2a: Garchomp\n|\n|upkeep\n|turn|2\n|\n|t:|1606263025\n|switch|p1a: Hippowdon|Hippowdon, M|100\/100\n|-weather|Sandstorm|[from] ability: Sand Stream|[of] p1a: Hippowdon\n|move|p2a: Garchomp|Swords Dance|p2a: Garchomp\n|-boost|p2a: Garchomp|atk|2\n|\n|-weather|Sandstorm|[upkeep]\n|upkeep\n|turn|3\n|\n|t:|1606263034\n|move|p2a: Garchomp|Earthquake|p1a: Hippowdon\n|-crit|p1a: Hippowdon\n|-damage|p1a: Hippowdon|0 fnt\n|faint|p1a: Hippowdon\n|\n|-weather|Sandstorm|[upkeep]\n|upkeep\n|\n|t:|1606263039\n|switch|p1a: Pheromosa|Pheromosa|100\/100\n|turn|4\n|\n|t:|1606263044\n|switch|p2a: Klefki|Klefki, F, shiny|100\/100\n|move|p1a: Pheromosa|Ice Beam|p2a: Klefki\n|-resisted|p2a: Klefki\n|-damage|p2a: Klefki|86\/100\n|\n|-weather|Sandstorm|[upkeep]\n|-damage|p1a: Pheromosa|94\/100|[from] Sandstorm\n|upkeep\n|turn|5\n|\n|t:|1606263054\n|switch|p1a: Ferrothorn|Ferrothorn, M|100\/100\n|move|p2a: Klefki|Thunder Wave|p1a: Ferrothorn\n|-status|p1a: Ferrothorn|par\n|\n|-weather|Sandstorm|[upkeep]\n|upkeep\n|turn|6\n|\n|t:|1606263060\n|move|p2a: Klefki|Light Screen|p2a: Klefki\n|-sidestart|p2: glaed13|move: Light Screen\n|move|p1a: Ferrothorn|Leech Seed|p2a: Klefki\n|-start|p2a: Klefki|move: Leech Seed\n|\n|-weather|none\n|-damage|p2a: Klefki|74\/100|[from] Leech Seed|[of] p1a: Ferrothorn\n|upkeep\n|turn|7\n|\n|t:|1606263064\n|move|p2a: Klefki|Reflect|p2a: Klefki\n|-sidestart|p2: glaed13|Reflect\n|cant|p1a: Ferrothorn|par\n|\n|-damage|p2a: Klefki|61\/100|[from] Leech Seed|[of] p1a: Ferrothorn\n|upkeep\n|turn|8\n|j| isabela\u2764200\u2310\u25fc_\u25fc\n|\n|t:|1606263077\n|switch|p2a: Ninetales|Ninetales, M, shiny|100\/100\n|-weather|SunnyDay|[from] ability: Drought|[of] p2a: Ninetales\n|move|p1a: Ferrothorn|Leech Seed|p2a: Ninetales\n|-start|p2a: Ninetales|move: Leech Seed\n|\n|-weather|SunnyDay|[upkeep]\n|-damage|p2a: Ninetales|88\/100|[from] Leech Seed|[of] p1a: Ferrothorn\n|upkeep\n|turn|9\n|\n|t:|1606263083\n|switch|p1a: Moltres|Moltres|100\/100\n|move|p2a: Ninetales|Flamethrower|p1a: Moltres\n|-resisted|p1a: Moltres\n|-crit|p1a: Moltres\n|-damage|p1a: Moltres|53\/100\n|\n|-weather|SunnyDay|[upkeep]\n|-damage|p2a: Ninetales|76\/100|[from] Leech Seed|[of] p1a: Moltres\n|-heal|p1a: Moltres|64\/100|[silent]\n|upkeep\n|turn|10\n|\n|t:|1606263092\n|move|p2a: Ninetales|Memento|p1a: Moltres\n|-unboost|p1a: Moltres|atk|2\n|-unboost|p1a: Moltres|spa|2\n|faint|p2a: Ninetales\n|move|p1a: Moltres|Flamethrower|p2: Ninetales|[notarget]\n|-fail|p1a: Moltres\n|\n|-weather|SunnyDay|[upkeep]\n|upkeep\n|\n|t:|1606263101\n|switch|p2a: Blaziken|Blaziken, M|100\/100\n|turn|11\n|\n|t:|1606263105\n|switch|p1a: Rotom|Rotom-Wash|100\/100\n|move|p2a: Blaziken|Swords Dance|p2a: Blaziken\n|-boost|p2a: Blaziken|atk|2\n|\n|-weather|SunnyDay|[upkeep]\n|-ability|p2a: Blaziken|Speed Boost|boost\n|-boost|p2a: Blaziken|spe|1\n|upkeep\n|turn|12\n|j| YAMIALIVE\n|\n|t:|1606263114\n|move|p1a: Rotom|Trick|p2a: Blaziken\n|-activate|p1a: Rotom|move: Trick|[of] p2a: Blaziken\n|-item|p2a: Blaziken|Choice Scarf|[from] move: Trick\n|-item|p1a: Rotom|Wide Lens|[from] move: Trick\n|move|p2a: Blaziken|High Jump Kick|p1a: Rotom\n|-damage|p1a: Rotom|0 fnt\n|faint|p1a: Rotom\n|\n|-weather|none\n|-ability|p2a: Blaziken|Speed Boost|boost\n|-boost|p2a: Blaziken|spe|1\n|upkeep\n|\n|t:|1606263121\n|switch|p1a: Slowking|Slowking-Galar, F|100\/100\n|turn|13\n|j| Kyphoon\n|l| Kyphoon\n|\n|t:|1606263130\n|move|p2a: Blaziken|High Jump Kick|p1a: Slowking\n|-resisted|p1a: Slowking\n|-damage|p1a: Slowking|63\/100\n|move|p1a: Slowking|Future Sight|p2a: Blaziken\n|-start|p1a: Slowking|move: Future Sight\n|\n|-sideend|p2: glaed13|move: Light Screen\n|-ability|p2a: Blaziken|Speed Boost|boost\n|-boost|p2a: Blaziken|spe|1\n|upkeep\n|turn|14\n|\n|t:|1606263142\n|move|p2a: Blaziken|High Jump Kick|p1a: Slowking\n|-resisted|p1a: Slowking\n|-damage|p1a: Slowking|27\/100\n|move|p1a: Slowking|Scald|p2a: Blaziken\n|-supereffective|p2a: Blaziken\n|-damage|p2a: Blaziken|22\/100\n|\n|-sideend|p2: glaed13|Reflect\n|-ability|p2a: Blaziken|Speed Boost|boost\n|-boost|p2a: Blaziken|spe|1\n|upkeep\n|turn|15\n|\n|t:|1606263153\n|move|p2a: Blaziken|High Jump Kick|p1a: Slowking\n|-resisted|p1a: Slowking\n|-damage|p1a: Slowking|0 fnt\n|faint|p1a: Slowking\n|\n|-end|p2a: Blaziken|move: Future Sight\n|-supereffective|p2a: Blaziken\n|-damage|p2a: Blaziken|0 fnt\n|faint|p2a: Blaziken\n|upkeep\n|\n|t:|1606263168\n|switch|p2a: Zapdos|Zapdos-Galar|100\/100\n|switch|p1a: Moltres|Moltres|64\/100\n|turn|16\n|inactive|guude anakin has 120 seconds left.\n|\n|t:|1606263207\n|move|p2a: Zapdos|Acrobatics|p1a: Moltres\n|-damage|p1a: Moltres|0 fnt\n|-status|p2a: Zapdos|brn|[from] ability: Flame Body|[of] p1a: Moltres\n|faint|p1a: Moltres\n|\n|-damage|p2a: Zapdos|94\/100 brn|[from] brn\n|upkeep\n|\n|t:|1606263217\n|switch|p1a: Pheromosa|Pheromosa|94\/100\n|turn|17\n|\n|t:|1606263221\n|move|p1a: Pheromosa|U-turn|p2a: Zapdos\n|-resisted|p2a: Zapdos\n|-damage|p2a: Zapdos|83\/100 brn\n|\n|t:|1606263223\n|switch|p1a: Ferrothorn|Ferrothorn, M|100\/100 par|[from]move: U-turn\n|move|p2a: Zapdos|Acrobatics|p1a: Ferrothorn\n|-damage|p1a: Ferrothorn|83\/100 par\n|-damage|p2a: Zapdos|71\/100 brn|[from] ability: Iron Barbs|[of] p1a: Ferrothorn\n|\n|-heal|p1a: Ferrothorn|89\/100 par|[from] item: Leftovers\n|-damage|p2a: Zapdos|64\/100 brn|[from] brn\n|upkeep\n|turn|18\n|\n|t:|1606263228\n|move|p2a: Zapdos|Taunt|p1a: Ferrothorn\n|-start|p1a: Ferrothorn|move: Taunt\n|cant|p1a: Ferrothorn|move: Taunt|Spikes\n|\n|-heal|p1a: Ferrothorn|96\/100 par|[from] item: Leftovers\n|-damage|p2a: Zapdos|58\/100 brn|[from] brn\n|upkeep\n|turn|19\n|\n|t:|1606263240\n|switch|p2a: Cinderace|Cinderace, F|100\/100\n|cant|p1a: Ferrothorn|par\n|\n|-heal|p1a: Ferrothorn|100\/100 par|[from] item: Leftovers\n|upkeep\n|turn|20\n|j| sdmag\n|\n|t:|1606263248\n|move|p2a: Cinderace|Pyro Ball|p1a: Ferrothorn\n|-supereffective|p1a: Ferrothorn\n|-damage|p1a: Ferrothorn|0 fnt\n|faint|p1a: Ferrothorn\n|\n|upkeep\n|\n|t:|1606263250\n|switch|p1a: Pheromosa|Pheromosa|94\/100\n|turn|21\n|\n|t:|1606263256\n|move|p1a: Pheromosa|Close Combat|p2a: Cinderace\n|-damage|p2a: Cinderace|2\/100\n|-unboost|p1a: Pheromosa|def|1\n|-unboost|p1a: Pheromosa|spd|1\n|move|p2a: Cinderace|Pyro Ball|p1a: Pheromosa\n|-supereffective|p1a: Pheromosa\n|-damage|p1a: Pheromosa|0 fnt\n|faint|p1a: Pheromosa\n|\n|win|glaed13\n|l|\u2606guude anakin\n|l| isabela\u2764200\u2310\u25fc_\u25fc\n|l|\u2606glaed13\n||Ladder (probably) updated, but score could not be retrieved (Request timeout).\n","uploadtime":1606263420,"views":11,"p1id":"guudeanakin","p2id":"glaed13","formatid":"gen8ou","rating":0,"private":0,"password":null}