{"id":"gen8monotype-1562604737","p1":"Imbadgoezonme","p2":"Eclipse77","format":"gen8monotype","log":"|j|\u2606Imbadgoezonme\n|j|\u2606Eclipse77\n|t:|1651078377\n|gametype|singles\n|player|p1|Imbadgoezonme|agatha-lgpe|1494\n|player|p2|Eclipse77|kahili|1681\n|teamsize|p1|6\n|teamsize|p2|6\n|gen|8\n|tier|[Gen 8] Monotype\n|rated|\n|rule|Same Type Clause: Pok\u00e9mon in a team must share a type\n|rule|Sleep Clause Mod: Limit one foe put to sleep\n|rule|Species Clause: Limit one of each Pok\u00e9mon\n|rule|OHKO Clause: OHKO moves are banned\n|rule|Evasion Moves Clause: Evasion moves are banned\n|rule|Endless Battle Clause: Forcing endless battles is banned\n|rule|HP Percentage Mod: HP is shown in percentages\n|rule|Dynamax Clause: You cannot dynamax\n|clearpoke\n|poke|p1|Tapu Koko|\n|poke|p1|Tapu Fini|\n|poke|p1|Azumarill, M|\n|poke|p1|Klefki, M|\n|poke|p1|Tapu Bulu|\n|poke|p1|Gardevoir, F|\n|poke|p2|Slowking, M|\n|poke|p2|Urshifu-*, F|\n|poke|p2|Tapu Fini|\n|poke|p2|Toxapex, F|\n|poke|p2|Gastrodon, F|\n|poke|p2|Rotom-Wash|\n|teampreview\n|\n|t:|1651078392\n|start\n|switch|p1a: Ferdinand|Tapu Bulu|100\/100\n|switch|p2a: Crit Machine|Urshifu-Rapid-Strike, F|100\/100\n|-fieldstart|move: Grassy Terrain|[from] ability: Grassy Surge|[of] p1a: Ferdinand\n|turn|1\n|\n|t:|1651078396\n|move|p2a: Crit Machine|Poison Jab|p1a: Ferdinand\n|-supereffective|p1a: Ferdinand\n|-damage|p1a: Ferdinand|0 fnt\n|faint|p1a: Ferdinand\n|\n|upkeep\n|inactive|Battle timer is ON: inactive players will automatically lose when time's up. (requested by Eclipse77)\n|\n|t:|1651078400\n|switch|p1a: Raiden|Tapu Koko|100\/100\n|-fieldstart|move: Electric Terrain|[from] ability: Electric Surge|[of] p1a: Raiden\n|turn|2\n|\n|t:|1651078404\n|switch|p2a: Take This Mantine|Rotom-Wash, shiny|100\/100\n|move|p1a: Raiden|Grass Knot|p2a: Take This Mantine\n|-supereffective|p2a: Take This Mantine\n|-damage|p2a: Take This Mantine|78\/100\n|\n|upkeep\n|turn|3\n|\n|t:|1651078412\n|switch|p1a: Faith|Gardevoir, F, shiny|100\/100\n|-ability|p1a: Faith|Levitate|[from] ability: Trace|[of] p2a: Take This Mantine\n|move|p2a: Take This Mantine|Hydro Pump|p1a: Faith\n|-damage|p1a: Faith|48\/100\n|\n|upkeep\n|turn|4\n|\n|t:|1651078419\n|switch|p1a: Serra|Tapu Fini, shiny|100\/100\n|-fieldstart|move: Misty Terrain|[from] ability: Misty Surge|[of] p1a: Serra\n|move|p2a: Take This Mantine|Hydro Pump|p1a: Serra\n|-resisted|p1a: Serra\n|-damage|p1a: Serra|85\/100\n|\n|-heal|p1a: Serra|91\/100|[from] item: Leftovers\n|upkeep\n|turn|5\n|\n|t:|1651078423\n|switch|p2a: ?|Slowking, M|100\/100\n|move|p1a: Serra|Calm Mind|p1a: Serra\n|-boost|p1a: Serra|spa|1\n|-boost|p1a: Serra|spd|1\n|\n|-heal|p1a: Serra|97\/100|[from] item: Leftovers\n|upkeep\n|turn|6\n|\n|t:|1651078429\n|move|p1a: Serra|Calm Mind|p1a: Serra\n|-boost|p1a: Serra|spa|1\n|-boost|p1a: Serra|spd|1\n|move|p2a: ?|Teleport|p2a: ?\n|\n|t:|1651078432\n|switch|p2a: Tapu Fini|Tapu Fini, shiny|100\/100|[from]move: Teleport\n|\n|-heal|p1a: Serra|100\/100|[from] item: Leftovers\n|upkeep\n|turn|7\n|\n|t:|1651078439\n|move|p1a: Serra|Taunt|p2a: Tapu Fini\n|-start|p2a: Tapu Fini|move: Taunt\n|cant|p2a: Tapu Fini|move: Taunt|Haze\n|\n|upkeep\n|turn|8\n|\n|t:|1651078446\n|switch|p2a: Take This Mantine|Rotom-Wash, shiny|78\/100\n|move|p1a: Serra|Calm Mind|p1a: Serra\n|-boost|p1a: Serra|spa|1\n|-boost|p1a: Serra|spd|1\n|\n|-fieldend|Misty Terrain\n|upkeep\n|turn|9\n|\n|t:|1651078451\n|move|p2a: Take This Mantine|Trick|p1a: Serra\n|-activate|p2a: Take This Mantine|move: Trick|[of] p1a: Serra\n|-item|p1a: Serra|Choice Scarf|[from] move: Trick\n|-item|p2a: Take This Mantine|Leftovers|[from] move: Trick\n|move|p1a: Serra|Draining Kiss|p2a: Take This Mantine\n|-crit|p2a: Take This Mantine\n|-damage|p2a: Take This Mantine|0 fnt\n|faint|p2a: Take This Mantine\n|\n|upkeep\n|\n|t:|1651078458\n|switch|p2a: JJ|Toxapex, F, shiny|100\/100\n|turn|10\n|\n|t:|1651078467\n|switch|p1a: Faith|Gardevoir, F, shiny|48\/100\n|-ability|p1a: Faith|Regenerator|[from] ability: Trace|[of] p2a: JJ\n|move|p2a: JJ|Toxic|p1a: Faith\n|-status|p1a: Faith|tox\n|\n|-damage|p1a: Faith|42\/100 tox|[from] psn\n|upkeep\n|turn|11\n|\n|t:|1651078473\n|switch|p1a: Raiden|Tapu Koko|100\/100\n|-fieldstart|move: Electric Terrain|[from] ability: Electric Surge|[of] p1a: Raiden\n|switch|p2a: ?|Slowking, M|100\/100\n|\n|upkeep\n|turn|12\n|\n|t:|1651078504\n|move|p1a: Raiden|Thunderbolt|p2a: ?\n|-supereffective|p2a: ?\n|-damage|p2a: ?|21\/100\n|move|p2a: ?|Slack Off|p2a: ?\n|-heal|p2a: ?|71\/100\n|\n|upkeep\n|turn|13\n|inactive|Imbadgoezonme has 120 seconds left.\n|\n|t:|1651078519\n|switch|p1a: Mizu|Azumarill, M|100\/100\n|switch|p2a: Please No Grass|Gastrodon, F|100\/100\n|\n|upkeep\n|turn|14\n|\n|t:|1651078528\n|switch|p2a: JJ|Toxapex, F, shiny|100\/100\n|move|p1a: Mizu|Substitute|p1a: Mizu\n|-start|p1a: Mizu|Substitute\n|-damage|p1a: Mizu|76\/100\n|\n|upkeep\n|turn|15\n|inactive|Eclipse77 has 120 seconds left.\n|\n|t:|1651078569\n|move|p1a: Mizu|Knock Off|p2a: JJ\n|-damage|p2a: JJ|77\/100\n|-enditem|p2a: JJ|Black Sludge|[from] move: Knock Off|[of] p1a: Mizu\n|move|p2a: JJ|Haze|p2a: JJ\n|-clearallboost\n|\n|-fieldend|move: Electric Terrain\n|upkeep\n|turn|16\n|inactive|Imbadgoezonme has 120 seconds left.\n|\n|t:|1651078595\n|move|p1a: Mizu|Knock Off|p2a: JJ\n|-damage|p2a: JJ|62\/100\n|move|p2a: JJ|Recover|p2a: JJ\n|-heal|p2a: JJ|100\/100\n|\n|upkeep\n|turn|17\n|\n|t:|1651078606\n|move|p1a: Mizu|Knock Off|p2a: JJ\n|-damage|p2a: JJ|84\/100\n|move|p2a: JJ|Haze|p2a: JJ\n|-clearallboost\n|\n|upkeep\n|turn|18\n|\n|t:|1651078613\n|move|p1a: Mizu|Knock Off|p2a: JJ\n|-damage|p2a: JJ|67\/100\n|move|p2a: JJ|Scald|p1a: Mizu\n|-resisted|p1a: Mizu\n|-activate|p1a: Mizu|move: Substitute|[damage]\n|\n|upkeep\n|turn|19\n|\n|t:|1651078625\n|switch|p1a: Raiden|Tapu Koko|100\/100\n|-fieldstart|move: Electric Terrain|[from] ability: Electric Surge|[of] p1a: Raiden\n|move|p2a: JJ|Recover|p2a: JJ\n|-heal|p2a: JJ|100\/100\n|\n|upkeep\n|turn|20\n|inactive|Imbadgoezonme has 120 seconds left.\n|\n|t:|1651078652\n|move|p1a: Raiden|Thunderbolt|p2a: JJ\n|-supereffective|p2a: JJ\n|-damage|p2a: JJ|0 fnt\n|faint|p2a: JJ\n|\n|upkeep\n|-message|Eclipse77 forfeited.\n|inactive|Eclipse77 has 120 seconds left.\n|\n|win|Imbadgoezonme\n|raw|Imbadgoezonme's rating: 1494 &rarr; <strong>1524<\/strong><br \/>(+30 for winning)\n|raw|Eclipse77's rating: 1681 &rarr; <strong>1651<\/strong><br \/>(-30 for losing)\n|l|\u2606Eclipse77\n||Ladder isn't responding, score probably updated but might not have (Request timeout).\n","uploadtime":1651078693,"views":9,"p1id":"imbadgoezonme","p2id":"eclipse77","formatid":"gen8monotype","rating":1524,"private":0,"password":null}