{"id":"gen8almostanyability-1664109755","p1":"TalkTheTalk","p2":"Redflix","format":"gen8almostanyability","log":"|j|\u2606TalkTheTalk\n|j|\u2606Redflix\n|t:|1663167208\n|gametype|singles\n|player|p1|TalkTheTalk|steven|1315\n|player|p2|Redflix|erika|1596\n|teamsize|p1|6\n|teamsize|p2|6\n|gen|8\n|tier|[Gen 8] Almost Any Ability\n|rated|\n|rule|Species Clause: Limit one of each Pok\u00e9mon\n|rule|OHKO Clause: OHKO moves are banned\n|rule|Evasion Moves Clause: Evasion moves are banned\n|rule|Endless Battle Clause: Forcing endless battles is banned\n|rule|Dynamax Clause: You cannot dynamax\n|rule|HP Percentage Mod: HP is shown in percentages\n|rule|2 Ability Clause: Limit two of each ability\n|rule|Sleep Clause: Sleep-inducing moves are banned\n|clearpoke\n|poke|p1|Genesect|\n|poke|p1|Garchomp, M|\n|poke|p1|Zapdos|\n|poke|p1|Cinderace, F|\n|poke|p1|Tapu Bulu|\n|poke|p1|Polteageist|\n|poke|p2|Latios, M|\n|poke|p2|Inteleon, M|\n|poke|p2|Garchomp, M|\n|poke|p2|Mandibuzz, F|\n|poke|p2|Palossand, F|\n|poke|p2|Jirachi|\n|teampreview\n|inactive|Battle timer is ON: inactive players will automatically lose when time's up. (requested by TalkTheTalk)\n|inactive|Redflix has 120 seconds left.\n|\n|t:|1663167242\n|start\n|switch|p1a: Polteageist|Polteageist|100\/100\n|switch|p2a: I gotta stay high|Inteleon, M|100\/100\n|-weather|PrimordialSea|[from] ability: Primordial Sea|[of] p2a: I gotta stay high\n|turn|1\n|\n|t:|1663167247\n|move|p2a: I gotta stay high|U-turn|p1a: Polteageist\n|-resisted|p1a: Polteageist\n|-damage|p1a: Polteageist|89\/100\n|\n|t:|1663167249\n|-weather|none\n|switch|p2a: To keep you|Mandibuzz, F|100\/100|[from]move: U-turn\n|move|p1a: Polteageist|Shell Smash|p1a: Polteageist\n|-unboost|p1a: Polteageist|def|1\n|-unboost|p1a: Polteageist|spd|1\n|-boost|p1a: Polteageist|atk|2\n|-boost|p1a: Polteageist|spa|2\n|-boost|p1a: Polteageist|spe|2\n|\n|upkeep\n|turn|2\n|\n|t:|1663167257\n|move|p1a: Polteageist|Hyper Beam|p2a: To keep you\n|-supereffective|p2a: To keep you\n|-damage|p2a: To keep you|0 fnt\n|-mustrecharge|p1a: Polteageist\n|faint|p2a: To keep you\n|\n|upkeep\n|\n|t:|1663167266\n|switch|p2a: I gotta stay high|Inteleon, M|100\/100\n|-weather|PrimordialSea|[from] ability: Primordial Sea|[of] p2a: I gotta stay high\n|turn|3\n|\n|t:|1663167267\n|cant|p1a: Polteageist|recharge\n|move|p2a: I gotta stay high|Weather Ball|p1a: Polteageist\n|-damage|p1a: Polteageist|0 fnt\n|faint|p1a: Polteageist\n|\n|-weather|PrimordialSea|[upkeep]\n|upkeep\n|\n|t:|1663167273\n|switch|p1a: Zapdos|Zapdos|100\/100\n|turn|4\n|\n|t:|1663167279\n|-weather|none\n|switch|p2a: Ooh-ooh ooh-ooh|Jirachi|100\/100\n|move|p1a: Zapdos|Hurricane|p2a: Ooh-ooh ooh-ooh\n|-resisted|p2a: Ooh-ooh ooh-ooh\n|-damage|p2a: Ooh-ooh ooh-ooh|90\/100\n|\n|upkeep\n|turn|5\n|\n|t:|1663167288\n|switch|p1a: Cinderace|Cinderace, F|100\/100\n|-weather|DesolateLand|[from] ability: Desolate Land|[of] p1a: Cinderace\n|move|p2a: Ooh-ooh ooh-ooh|U-turn|p1a: Cinderace\n|-resisted|p1a: Cinderace\n|-damage|p1a: Cinderace|89\/100\n|\n|t:|1663167291\n|switch|p2a: I gotta stay high|Inteleon, M|100\/100|[from]move: U-turn\n|-weather|PrimordialSea|[from] ability: Primordial Sea|[of] p2a: I gotta stay high\n|\n|-weather|PrimordialSea|[upkeep]\n|upkeep\n|turn|6\n|\n|t:|1663167300\n|move|p2a: I gotta stay high|Ice Beam|p1a: Cinderace\n|-resisted|p1a: Cinderace\n|-damage|p1a: Cinderace|57\/100\n|move|p1a: Cinderace|U-turn|p2a: I gotta stay high\n|-damage|p2a: I gotta stay high|64\/100\n|c|\u2606Redflix|talk about\n|c|\u2606Redflix|a gutsy play\n|c|\u2606TalkTheTalk|gotta have guts\n|c|\u2606Redflix|to talk the talk\n|c|\u2606Redflix|def\n|inactive|TalkTheTalk has 120 seconds left.\n|\n|t:|1663167330\n|switch|p1a: Genesect|Genesect, shiny|100\/100|[from]move: U-turn\n|\n|-weather|PrimordialSea|[upkeep]\n|upkeep\n|turn|7\n|\n|t:|1663167335\n|-weather|none\n|switch|p2a: Ooh-ooh ooh-ooh|Jirachi|100\/100\n|move|p1a: Genesect|Shift Gear|p1a: Genesect\n|-boost|p1a: Genesect|spe|2\n|-boost|p1a: Genesect|atk|1\n|\n|upkeep\n|turn|8\n|\n|t:|1663167343\n|move|p1a: Genesect|Iron Head|p2a: Ooh-ooh ooh-ooh\n|-resisted|p2a: Ooh-ooh ooh-ooh\n|-damage|p2a: Ooh-ooh ooh-ooh|25\/100\n|-damage|p1a: Genesect|91\/100|[from] item: Life Orb\n|move|p2a: Ooh-ooh ooh-ooh|Fire Punch|p1a: Genesect\n|-supereffective|p1a: Genesect\n|-damage|p1a: Genesect|4\/100\n|\n|upkeep\n|turn|9\n|\n|t:|1663167350\n|switch|p2a: All the time|Garchomp, M|100\/100\n|move|p1a: Genesect|Leech Life|p2a: All the time\n|-damage|p2a: All the time|34\/100\n|-heal|p1a: Genesect|54\/100|[from] drain|[of] p2a: All the time\n|-damage|p1a: Genesect|44\/100|[from] item: Life Orb\n|\n|-heal|p2a: All the time|40\/100|[from] item: Leftovers\n|upkeep\n|turn|10\n|\n|t:|1663167366\n|switch|p2a: Off my mind|Palossand, F|100\/100\n|move|p1a: Genesect|Leech Life|p2a: Off my mind\n|-resisted|p2a: Off my mind\n|-damage|p2a: Off my mind|46\/100\n|-heal|p1a: Genesect|80\/100|[from] drain|[of] p2a: Off my mind\n|-damage|p1a: Genesect|70\/100|[from] item: Life Orb\n|\n|-heal|p2a: Off my mind|52\/100|[from] item: Leftovers\n|upkeep\n|turn|11\n|inactive|Redflix has 120 seconds left.\n|c|\u2606TalkTheTalk|what you gonna do\n|c|\u2606TalkTheTalk|backs against the wall here\n|\n|t:|1663167405\n|move|p1a: Genesect|Leech Life|p2a: Off my mind\n|-resisted|p2a: Off my mind\n|-damage|p2a: Off my mind|0 fnt\n|-heal|p1a: Genesect|100\/100|[from] drain|[of] p2a: Off my mind\n|faint|p2a: Off my mind\n|-damage|p1a: Genesect|91\/100|[from] item: Life Orb\n|\n|upkeep\n|\n|t:|1663167408\n|switch|p2a: You're gone and|Latios, M|100\/100\n|turn|12\n|\n|t:|1663167411\n|move|p1a: Genesect|Leech Life|p2a: You're gone and\n|-supereffective|p2a: You're gone and\n|-damage|p2a: You're gone and|0 fnt\n|-heal|p1a: Genesect|100\/100|[from] drain|[of] p2a: You're gone and\n|faint|p2a: You're gone and\n|-damage|p1a: Genesect|91\/100|[from] item: Life Orb\n|\n|upkeep\n|c|\u2606TalkTheTalk|gg\n|inactive|Redflix has 120 seconds left.\n|c|\u2606Redflix|gg\n|-message|Redflix forfeited.\n|\n|win|TalkTheTalk\n|raw|TalkTheTalk's rating: 1315 &rarr; <strong>1348<\/strong><br \/>(+33 for winning)\n|raw|Redflix's rating: 1596 &rarr; <strong>1563<\/strong><br \/>(-33 for losing)\n","uploadtime":1663167430,"views":14,"p1id":"talkthetalk","p2id":"redflix","formatid":"gen8almostanyability","rating":1348,"private":0,"password":null}