{"id":"gen8ou-1680499729","p1":"freerobuxman","p2":"Gotham Paladin","format":"gen8ou","log":"|j|\u2606freerobuxman\n|j|\u2606Gotham Paladin\n|inactive|Battle timer is ON: inactive players will automatically lose when time's up.\n|t:|1665198078\n|gametype|singles\n|player|p1|freerobuxman|psychic-gen4|\n|player|p2|Gotham Paladin|oak-gen1rb|\n|teamsize|p1|6\n|teamsize|p2|6\n|gen|8\n|tier|[Gen 8] OU\n|rated|Tournament battle\n|rule|Sleep Clause Mod: Limit one foe put to sleep\n|rule|Species Clause: Limit one of each Pok\u00e9mon\n|rule|OHKO Clause: OHKO moves are banned\n|rule|Evasion Items Clause: Evasion items are banned\n|rule|Evasion Moves Clause: Evasion moves are banned\n|rule|Endless Battle Clause: Forcing endless battles is banned\n|rule|HP Percentage Mod: HP is shown in percentages\n|rule|Dynamax Clause: You cannot dynamax\n|clearpoke\n|poke|p1|Heatran, M|\n|poke|p1|Dragapult, M|\n|poke|p1|Toxapex, M|\n|poke|p1|Hydreigon, F|\n|poke|p1|Landorus-Therian, M|\n|poke|p1|Rillaboom, M|\n|poke|p2|Rillaboom, M|\n|poke|p2|Zapdos|\n|poke|p2|Melmetal|\n|poke|p2|Landorus-Therian, M|\n|poke|p2|Tapu Fini|\n|poke|p2|Tapu Lele|\n|teampreview\n|j| Okitsegg\n|l| Okitsegg\n|j|@Sww-Suwa\n|inactive|freerobuxman has 120 seconds left.\n|\n|t:|1665198120\n|start\n|switch|p1a: Rillaboom|Rillaboom, M, shiny|100\/100\n|switch|p2a: Tapu Fini|Tapu Fini|100\/100\n|-fieldstart|move: Grassy Terrain|[from] ability: Grassy Surge|[of] p1a: Rillaboom\n|turn|1\n|c|\u2606freerobuxman|wait\n|j| stunnagirl\n|c|\u2606freerobuxman|why???\n|inactive|freerobuxman has 120 seconds left.\n|j| NoTollsNoRolls\n|inactive|freerobuxman has 90 seconds left.\n|\n|t:|1665198180\n|switch|p2a: Zapdos|Zapdos|100\/100\n|switch|p1a: Dragapult|Dragapult, M, shiny|100\/100\n|\n|upkeep\n|turn|2\n|\n|t:|1665198188\n|switch|p2a: Melmetal|Melmetal|100\/100\n|move|p1a: Dragapult|Shadow Ball|p2a: Melmetal\n|-damage|p2a: Melmetal|62\/100\n|\n|-heal|p2a: Melmetal|69\/100|[from] Grassy Terrain\n|-heal|p2a: Melmetal|75\/100|[from] item: Leftovers\n|upkeep\n|turn|3\n|\n|t:|1665198197\n|switch|p1a: Toxapex|Toxapex, M|100\/100\n|move|p2a: Melmetal|Toxic|p1a: Toxapex\n|-immune|p1a: Toxapex\n|\n|-heal|p2a: Melmetal|81\/100|[from] Grassy Terrain\n|-heal|p2a: Melmetal|87\/100|[from] item: Leftovers\n|upkeep\n|turn|4\n|j| thornyferrothorn\n|\n|t:|1665198204\n|switch|p2a: Tapu Lele|Tapu Lele|100\/100\n|-fieldstart|move: Psychic Terrain|[from] ability: Psychic Surge|[of] p2a: Tapu Lele\n|move|p1a: Toxapex|Knock Off|p2a: Tapu Lele\n|-damage|p2a: Tapu Lele|76\/100\n|-enditem|p2a: Tapu Lele|Choice Scarf|[from] move: Knock Off|[of] p1a: Toxapex\n|\n|upkeep\n|turn|5\n|l| stunnagirl\n|\n|t:|1665198232\n|move|p2a: Tapu Lele|Future Sight|p1a: Toxapex\n|-start|p2a: Tapu Lele|move: Future Sight\n|move|p1a: Toxapex|Poison Jab|p2a: Tapu Lele\n|-supereffective|p2a: Tapu Lele\n|-damage|p2a: Tapu Lele|14\/100\n|\n|upkeep\n|turn|6\n|l| thornyferrothorn\n|\n|t:|1665198243\n|switch|p1a: Landorus|Landorus-Therian, M, shiny|100\/100\n|-ability|p1a: Landorus|Intimidate|boost\n|-unboost|p2a: Tapu Lele|atk|1\n|move|p2a: Tapu Lele|Psychic|p1a: Landorus\n|-damage|p1a: Landorus|51\/100\n|\n|-heal|p1a: Landorus|57\/100|[from] item: Leftovers\n|upkeep\n|turn|7\n|\n|t:|1665198251\n|move|p2a: Tapu Lele|Moonblast|p1a: Landorus\n|-damage|p1a: Landorus|22\/100\n|-unboost|p1a: Landorus|spa|1\n|move|p1a: Landorus|U-turn|p2a: Tapu Lele\n|-damage|p2a: Tapu Lele|0 fnt\n|faint|p2a: Tapu Lele\n|\n|t:|1665198258\n|switch|p1a: Hydreigon|Hydreigon, F|100\/100|[from]move: U-turn\n|\n|-end|p1a: Hydreigon|move: Future Sight\n|-immune|p1a: Hydreigon\n|upkeep\n|\n|t:|1665198270\n|switch|p2a: Landorus|Landorus-Therian, M|100\/100\n|-ability|p2a: Landorus|Intimidate|boost\n|-unboost|p1a: Hydreigon|atk|1\n|turn|8\n|\n|t:|1665198295\n|switch|p1a: Landorus|Landorus-Therian, M, shiny|22\/100\n|-ability|p1a: Landorus|Intimidate|boost\n|-unboost|p2a: Landorus|atk|1\n|move|p2a: Landorus|Stealth Rock|p1a: Landorus\n|-sidestart|p1: freerobuxman|move: Stealth Rock\n|\n|-heal|p1a: Landorus|28\/100|[from] item: Leftovers\n|-fieldend|move: Psychic Terrain\n|upkeep\n|turn|9\n|\n|t:|1665198303\n|switch|p2a: Zapdos|Zapdos|100\/100\n|move|p1a: Landorus|Defog|p2a: Zapdos\n|-unboost|p2a: Zapdos|evasion|1\n|-sideend|p1: freerobuxman|Stealth Rock|[from] move: Defog|[of] p1a: Landorus\n|\n|-heal|p1a: Landorus|34\/100|[from] item: Leftovers\n|upkeep\n|turn|10\n|\n|t:|1665198310\n|switch|p1a: Heatran|Heatran, M, shiny|100\/100\n|move|p2a: Zapdos|Hurricane|p1a: Heatran\n|-resisted|p1a: Heatran\n|-damage|p1a: Heatran|82\/100\n|\n|-heal|p1a: Heatran|89\/100|[from] item: Leftovers\n|upkeep\n|turn|11\n|\n|t:|1665198319\n|move|p2a: Zapdos|Discharge|p1a: Heatran\n|-damage|p1a: Heatran|63\/100\n|move|p1a: Heatran|Toxic|p2a: Zapdos\n|-status|p2a: Zapdos|tox\n|\n|-heal|p1a: Heatran|70\/100|[from] item: Leftovers\n|-damage|p2a: Zapdos|94\/100 tox|[from] psn\n|upkeep\n|turn|12\n|j| averagealt99\n|inactive|freerobuxman has 120 seconds left.\n|\n|t:|1665198325\n|switch|p2a: Landorus|Landorus-Therian, M|100\/100\n|-ability|p2a: Landorus|Intimidate|boost\n|-unboost|p1a: Heatran|atk|1\n|move|p1a: Heatran|Magma Storm|p2a: Landorus\n|-damage|p2a: Landorus|69\/100\n|-activate|p2a: Landorus|move: Magma Storm|[of] p1a: Heatran\n|\n|-heal|p2a: Landorus|75\/100|[from] item: Leftovers\n|-heal|p1a: Heatran|76\/100|[from] item: Leftovers\n|-damage|p2a: Landorus|63\/100|[from] move: Magma Storm|[partiallytrapped]\n|upkeep\n|turn|13\n|inactive|freerobuxman has 120 seconds left.\n|\n|t:|1665198353\n|switch|p1a: Landorus|Landorus-Therian, M, shiny|34\/100\n|-ability|p1a: Landorus|Intimidate|boost\n|-unboost|p2a: Landorus|atk|1\n|move|p2a: Landorus|Stealth Rock|p1a: Landorus\n|-sidestart|p1: freerobuxman|move: Stealth Rock\n|\n|-heal|p2a: Landorus|69\/100|[from] item: Leftovers\n|-heal|p1a: Landorus|40\/100|[from] item: Leftovers\n|-end|p2a: Landorus|Magma Storm|[partiallytrapped]|[silent]\n|upkeep\n|turn|14\n|\n|t:|1665198356\n|move|p2a: Landorus|Stone Edge|p1a: Landorus\n|-damage|p1a: Landorus|20\/100\n|move|p1a: Landorus|Defog|p2a: Landorus\n|-unboost|p2a: Landorus|evasion|1\n|-sideend|p1: freerobuxman|Stealth Rock|[from] move: Defog|[of] p1a: Landorus\n|\n|-heal|p2a: Landorus|75\/100|[from] item: Leftovers\n|-heal|p1a: Landorus|26\/100|[from] item: Leftovers\n|upkeep\n|turn|15\n|inactive|freerobuxman has 120 seconds left.\n|\n|t:|1665198365\n|move|p2a: Landorus|Stone Edge|p1a: Landorus|[miss]\n|-miss|p2a: Landorus|p1a: Landorus\n|move|p1a: Landorus|Toxic|p2a: Landorus\n|-status|p2a: Landorus|tox\n|\n|-heal|p2a: Landorus|81\/100 tox|[from] item: Leftovers\n|-heal|p1a: Landorus|32\/100|[from] item: Leftovers\n|-damage|p2a: Landorus|75\/100 tox|[from] psn\n|upkeep\n|turn|16\n|inactive|freerobuxman has 120 seconds left.\n|\n|t:|1665198390\n|move|p2a: Landorus|Stone Edge|p1a: Landorus\n|-damage|p1a: Landorus|12\/100\n|move|p1a: Landorus|U-turn|p2a: Landorus\n|-resisted|p2a: Landorus\n|-damage|p2a: Landorus|63\/100 tox\n|\n|t:|1665198403\n|switch|p1a: Dragapult|Dragapult, M, shiny|100\/100|[from]move: U-turn\n|\n|-heal|p2a: Landorus|69\/100 tox|[from] item: Leftovers\n|-damage|p2a: Landorus|57\/100 tox|[from] psn\n|upkeep\n|turn|17\n|\n|t:|1665198409\n|move|p1a: Dragapult|Shadow Ball|p2a: Landorus\n|-damage|p2a: Landorus|13\/100 tox\n|move|p2a: Landorus|Stealth Rock|p1a: Dragapult\n|-sidestart|p1: freerobuxman|move: Stealth Rock\n|\n|-heal|p2a: Landorus|19\/100 tox|[from] item: Leftovers\n|-damage|p2a: Landorus|1\/100 tox|[from] psn\n|upkeep\n|turn|18\n|\n|t:|1665198417\n|switch|p2a: Melmetal|Melmetal|87\/100\n|move|p1a: Dragapult|Shadow Ball|p2a: Melmetal\n|-damage|p2a: Melmetal|48\/100\n|-unboost|p2a: Melmetal|spd|1\n|\n|-heal|p2a: Melmetal|54\/100|[from] item: Leftovers\n|upkeep\n|turn|19\n|inactive|freerobuxman has 120 seconds left.\n|\n|t:|1665198437\n|switch|p1a: Toxapex|Toxapex, M|100\/100\n|-damage|p1a: Toxapex|88\/100|[from] Stealth Rock\n|move|p2a: Melmetal|Protect||[still]\n|-fail|p2a: Melmetal\n|\n|-heal|p2a: Melmetal|60\/100|[from] item: Leftovers\n|upkeep\n|turn|20\n|\n|t:|1665198445\n|move|p1a: Toxapex|Knock Off|p2a: Melmetal\n|-damage|p2a: Melmetal|52\/100\n|-enditem|p2a: Melmetal|Leftovers|[from] move: Knock Off|[of] p1a: Toxapex\n|move|p2a: Melmetal|Earthquake|p1a: Toxapex\n|-supereffective|p1a: Toxapex\n|-damage|p1a: Toxapex|47\/100\n|\n|upkeep\n|turn|21\n|\n|t:|1665198452\n|move|p1a: Toxapex|Recover|p1a: Toxapex\n|-heal|p1a: Toxapex|97\/100\n|move|p2a: Melmetal|Earthquake|p1a: Toxapex\n|-supereffective|p1a: Toxapex\n|-damage|p1a: Toxapex|54\/100\n|\n|upkeep\n|turn|22\n|\n|t:|1665198457\n|move|p1a: Toxapex|Recover|p1a: Toxapex\n|-heal|p1a: Toxapex|100\/100\n|move|p2a: Melmetal|Earthquake|p1a: Toxapex\n|-supereffective|p1a: Toxapex\n|-crit|p1a: Toxapex\n|-damage|p1a: Toxapex|45\/100\n|\n|upkeep\n|turn|23\n|\n|t:|1665198461\n|move|p1a: Toxapex|Recover|p1a: Toxapex\n|-heal|p1a: Toxapex|95\/100\n|move|p2a: Melmetal|Earthquake|p1a: Toxapex\n|-supereffective|p1a: Toxapex\n|-damage|p1a: Toxapex|50\/100\n|\n|upkeep\n|turn|24\n|\n|t:|1665198464\n|switch|p1a: Rillaboom|Rillaboom, M, shiny|100\/100\n|-damage|p1a: Rillaboom|88\/100|[from] Stealth Rock\n|-fieldstart|move: Grassy Terrain|[from] ability: Grassy Surge|[of] p1a: Rillaboom\n|move|p2a: Melmetal|Earthquake|p1a: Rillaboom\n|-resisted|p1a: Rillaboom\n|-crit|p1a: Rillaboom\n|-damage|p1a: Rillaboom|76\/100\n|\n|-heal|p1a: Rillaboom|83\/100|[from] Grassy Terrain\n|-heal|p2a: Melmetal|58\/100|[from] Grassy Terrain\n|upkeep\n|turn|25\n|\n|t:|1665198474\n|switch|p1a: Heatran|Heatran, M, shiny|76\/100\n|-damage|p1a: Heatran|63\/100|[from] Stealth Rock\n|move|p2a: Melmetal|Protect||[still]\n|-fail|p2a: Melmetal\n|\n|-heal|p1a: Heatran|70\/100|[from] Grassy Terrain\n|-heal|p1a: Heatran|76\/100|[from] item: Leftovers\n|-heal|p2a: Melmetal|64\/100|[from] Grassy Terrain\n|upkeep\n|turn|26\n|\n|t:|1665198485\n|move|p2a: Melmetal|Protect|p2a: Melmetal\n|-singleturn|p2a: Melmetal|Protect\n|move|p1a: Heatran|Magma Storm|p2a: Melmetal\n|-activate|p2a: Melmetal|move: Protect\n|\n|-heal|p1a: Heatran|82\/100|[from] Grassy Terrain\n|-heal|p1a: Heatran|88\/100|[from] item: Leftovers\n|-heal|p2a: Melmetal|71\/100|[from] Grassy Terrain\n|upkeep\n|turn|27\n|\n|t:|1665198489\n|switch|p2a: Tapu Fini|Tapu Fini|100\/100\n|move|p1a: Heatran|Magma Storm|p2a: Tapu Fini\n|-resisted|p2a: Tapu Fini\n|-damage|p2a: Tapu Fini|82\/100\n|-activate|p2a: Tapu Fini|move: Magma Storm|[of] p1a: Heatran\n|\n|-heal|p2a: Tapu Fini|89\/100|[from] Grassy Terrain\n|-heal|p2a: Tapu Fini|95\/100|[from] item: Leftovers\n|-heal|p1a: Heatran|95\/100|[from] Grassy Terrain\n|-heal|p1a: Heatran|100\/100|[from] item: Leftovers\n|-damage|p2a: Tapu Fini|82\/100|[from] move: Magma Storm|[partiallytrapped]\n|upkeep\n|turn|28\n|\n|t:|1665198500\n|move|p2a: Tapu Fini|Scald|p1a: Heatran\n|-supereffective|p1a: Heatran\n|-damage|p1a: Heatran|51\/100\n|move|p1a: Heatran|Toxic|p2a: Tapu Fini\n|-status|p2a: Tapu Fini|tox\n|\n|-heal|p2a: Tapu Fini|88\/100 tox|[from] Grassy Terrain\n|-heal|p2a: Tapu Fini|94\/100 tox|[from] item: Leftovers\n|-heal|p1a: Heatran|57\/100|[from] Grassy Terrain\n|-heal|p1a: Heatran|63\/100|[from] item: Leftovers\n|-damage|p2a: Tapu Fini|88\/100 tox|[from] psn\n|-damage|p2a: Tapu Fini|76\/100 tox|[from] move: Magma Storm|[partiallytrapped]\n|-fieldend|move: Grassy Terrain\n|upkeep\n|turn|29\n|\n|t:|1665198506\n|switch|p1a: Toxapex|Toxapex, M|84\/100\n|-damage|p1a: Toxapex|71\/100|[from] Stealth Rock\n|move|p2a: Tapu Fini|Scald|p1a: Toxapex\n|-resisted|p1a: Toxapex\n|-damage|p1a: Toxapex|57\/100\n|-status|p1a: Toxapex|brn\n|\n|-heal|p2a: Tapu Fini|82\/100 tox|[from] item: Leftovers\n|-damage|p2a: Tapu Fini|70\/100 tox|[from] psn\n|-damage|p1a: Toxapex|50\/100 brn|[from] brn\n|-end|p2a: Tapu Fini|Magma Storm|[partiallytrapped]|[silent]\n|upkeep\n|turn|30\n|\n|t:|1665198513\n|move|p2a: Tapu Fini|Moonblast|p1a: Toxapex\n|-resisted|p1a: Toxapex\n|-damage|p1a: Toxapex|33\/100 brn\n|move|p1a: Toxapex|Poison Jab|p2a: Tapu Fini\n|-supereffective|p2a: Tapu Fini\n|-damage|p2a: Tapu Fini|54\/100 tox\n|\n|-heal|p2a: Tapu Fini|60\/100 tox|[from] item: Leftovers\n|-damage|p2a: Tapu Fini|42\/100 tox|[from] psn\n|-damage|p1a: Toxapex|27\/100 brn|[from] brn\n|upkeep\n|turn|31\n|\n|t:|1665198518\n|move|p2a: Tapu Fini|Rest|p2a: Tapu Fini\n|-status|p2a: Tapu Fini|slp|[from] move: Rest\n|-heal|p2a: Tapu Fini|100\/100 slp|[silent]\n|move|p1a: Toxapex|Recover|p1a: Toxapex\n|-heal|p1a: Toxapex|77\/100 brn\n|\n|-damage|p1a: Toxapex|71\/100 brn|[from] brn\n|upkeep\n|turn|32\n|\n|t:|1665198522\n|switch|p2a: Zapdos|Zapdos|94\/100 tox\n|move|p1a: Toxapex|Knock Off|p2a: Zapdos\n|-damage|p2a: Zapdos|85\/100 tox\n|-enditem|p2a: Zapdos|Heavy-Duty Boots|[from] move: Knock Off|[of] p1a: Toxapex\n|\n|-damage|p2a: Zapdos|78\/100 tox|[from] psn\n|-damage|p1a: Toxapex|64\/100 brn|[from] brn\n|upkeep\n|turn|33\n|inactive|freerobuxman has 120 seconds left.\n|j| Cra3k\n|\n|t:|1665198570\n|switch|p2a: Tapu Fini|Tapu Fini|100\/100 slp\n|switch|p1a: Landorus|Landorus-Therian, M, shiny|12\/100\n|-damage|p1a: Landorus|0 fnt|[from] Stealth Rock\n|faint|p1a: Landorus\n|\n|upkeep\n|\n|t:|1665198579\n|switch|p1a: Heatran|Heatran, M, shiny|63\/100\n|-damage|p1a: Heatran|51\/100|[from] Stealth Rock\n|turn|34\n|\n|t:|1665198583\n|cant|p2a: Tapu Fini|slp\n|move|p2a: Tapu Fini|Sleep Talk|p2a: Tapu Fini\n|move|p2a: Tapu Fini|Moonblast|p1a: Heatran|[from]move: Sleep Talk\n|-resisted|p1a: Heatran\n|-damage|p1a: Heatran|44\/100\n|move|p1a: Heatran|Stealth Rock|p2a: Tapu Fini\n|-sidestart|p2: Gotham Paladin|move: Stealth Rock\n|\n|-heal|p1a: Heatran|50\/100|[from] item: Leftovers\n|upkeep\n|turn|35\n|inactive|freerobuxman has 120 seconds left.\n|\n|t:|1665198590\n|switch|p1a: Toxapex|Toxapex, M|98\/100 brn\n|-damage|p1a: Toxapex|85\/100 brn|[from] Stealth Rock\n|cant|p2a: Tapu Fini|slp\n|move|p2a: Tapu Fini|Sleep Talk|p2a: Tapu Fini\n|move|p2a: Tapu Fini|Scald|p1a: Toxapex|[from]move: Sleep Talk\n|-resisted|p1a: Toxapex\n|-damage|p1a: Toxapex|69\/100 brn\n|\n|-damage|p1a: Toxapex|63\/100 brn|[from] brn\n|upkeep\n|turn|36\n|\n|t:|1665198596\n|-curestatus|p2a: Tapu Fini|slp|[msg]\n|move|p2a: Tapu Fini|Moonblast|p1a: Toxapex\n|-resisted|p1a: Toxapex\n|-crit|p1a: Toxapex\n|-damage|p1a: Toxapex|37\/100 brn\n|-unboost|p1a: Toxapex|spa|1\n|move|p1a: Toxapex|Poison Jab|p2a: Tapu Fini\n|-supereffective|p2a: Tapu Fini\n|-damage|p2a: Tapu Fini|84\/100\n|-status|p2a: Tapu Fini|psn\n|\n|-heal|p2a: Tapu Fini|90\/100 psn|[from] item: Leftovers\n|-damage|p2a: Tapu Fini|77\/100 psn|[from] psn\n|-damage|p1a: Toxapex|31\/100 brn|[from] brn\n|upkeep\n|turn|37\n|\n|t:|1665198606\n|switch|p2a: Zapdos|Zapdos|78\/100 tox\n|-damage|p2a: Zapdos|54\/100 tox|[from] Stealth Rock\n|move|p1a: Toxapex|Recover|p1a: Toxapex\n|-heal|p1a: Toxapex|81\/100 brn\n|\n|-damage|p2a: Zapdos|47\/100 tox|[from] psn\n|-damage|p1a: Toxapex|75\/100 brn|[from] brn\n|upkeep\n|turn|38\n|\n|t:|1665198617\n|switch|p1a: Hydreigon|Hydreigon, F|100\/100\n|-damage|p1a: Hydreigon|88\/100|[from] Stealth Rock\n|move|p2a: Zapdos|Roost|p2a: Zapdos\n|-heal|p2a: Zapdos|97\/100 tox\n|-singleturn|p2a: Zapdos|move: Roost\n|\n|-damage|p2a: Zapdos|85\/100 tox|[from] psn\n|upkeep\n|turn|39\n|\n|t:|1665198627\n|switch|p2a: Tapu Fini|Tapu Fini|77\/100 psn\n|-damage|p2a: Tapu Fini|65\/100 psn|[from] Stealth Rock\n|move|p1a: Hydreigon|Dark Pulse|p2a: Tapu Fini\n|-resisted|p2a: Tapu Fini\n|-damage|p2a: Tapu Fini|41\/100 psn\n|-damage|p1a: Hydreigon|78\/100|[from] item: Life Orb\n|\n|-heal|p2a: Tapu Fini|47\/100 psn|[from] item: Leftovers\n|-damage|p2a: Tapu Fini|35\/100 psn|[from] psn\n|upkeep\n|turn|40\n|\n|t:|1665198637\n|move|p1a: Hydreigon|Earth Power|p2a: Tapu Fini\n|-damage|p2a: Tapu Fini|3\/100 psn\n|-unboost|p2a: Tapu Fini|spd|1\n|-damage|p1a: Hydreigon|68\/100|[from] item: Life Orb\n|move|p2a: Tapu Fini|Rest|p2a: Tapu Fini\n|-status|p2a: Tapu Fini|slp|[from] move: Rest\n|-heal|p2a: Tapu Fini|100\/100 slp|[silent]\n|\n|upkeep\n|turn|41\n|inactive|freerobuxman has 120 seconds left.\n|\n|t:|1665198680\n|switch|p1a: Toxapex|Toxapex, M|100\/100 brn\n|-damage|p1a: Toxapex|88\/100 brn|[from] Stealth Rock\n|cant|p2a: Tapu Fini|slp\n|move|p2a: Tapu Fini|Sleep Talk|p2a: Tapu Fini\n|move|p2a: Tapu Fini|Rest||[from]move: Sleep Talk|[still]\n|-fail|p2a: Tapu Fini\n|\n|-damage|p1a: Toxapex|82\/100 brn|[from] brn\n|upkeep\n|turn|42\n|inactive|freerobuxman has 90 seconds left.\n|\n|t:|1665198722\n|switch|p1a: Dragapult|Dragapult, M, shiny|100\/100\n|-damage|p1a: Dragapult|88\/100|[from] Stealth Rock\n|cant|p2a: Tapu Fini|slp\n|move|p2a: Tapu Fini|Sleep Talk|p2a: Tapu Fini\n|move|p2a: Tapu Fini|Moonblast|p1a: Dragapult|[from]move: Sleep Talk\n|-supereffective|p1a: Dragapult\n|-damage|p1a: Dragapult|0 fnt\n|faint|p1a: Dragapult\n|\n|upkeep\n|c|\u2606freerobuxman|r54gttrg\n|\n|t:|1665198737\n|switch|p1a: Heatran|Heatran, M, shiny|50\/100\n|-damage|p1a: Heatran|38\/100|[from] Stealth Rock\n|turn|43\n|\n|t:|1665198748\n|-curestatus|p2a: Tapu Fini|slp|[msg]\n|move|p2a: Tapu Fini|Scald|p1a: Heatran\n|-supereffective|p1a: Heatran\n|-damage|p1a: Heatran|0 fnt\n|faint|p1a: Heatran\n|\n|upkeep\n|\n|t:|1665198756\n|switch|p1a: Toxapex|Toxapex, M|100\/100 brn\n|-damage|p1a: Toxapex|88\/100 brn|[from] Stealth Rock\n|turn|44\n|\n|t:|1665198772\n|move|p2a: Tapu Fini|Moonblast|p1a: Toxapex\n|-resisted|p1a: Toxapex\n|-damage|p1a: Toxapex|69\/100 brn\n|move|p1a: Toxapex|Knock Off|p2a: Tapu Fini\n|-resisted|p2a: Tapu Fini\n|-damage|p2a: Tapu Fini|97\/100\n|-enditem|p2a: Tapu Fini|Leftovers|[from] move: Knock Off|[of] p1a: Toxapex\n|\n|-damage|p1a: Toxapex|63\/100 brn|[from] brn\n|upkeep\n|turn|45\n|\n|t:|1665198778\n|move|p2a: Tapu Fini|Moonblast|p1a: Toxapex\n|-resisted|p1a: Toxapex\n|-damage|p1a: Toxapex|43\/100 brn\n|move|p1a: Toxapex|Recover|p1a: Toxapex\n|-heal|p1a: Toxapex|93\/100 brn\n|\n|-damage|p1a: Toxapex|87\/100 brn|[from] brn\n|upkeep\n|turn|46\n|\n|t:|1665198784\n|move|p2a: Tapu Fini|Moonblast|p1a: Toxapex\n|-resisted|p1a: Toxapex\n|-damage|p1a: Toxapex|68\/100 brn\n|-unboost|p1a: Toxapex|spa|1\n|move|p1a: Toxapex|Poison Jab|p2a: Tapu Fini\n|-supereffective|p2a: Tapu Fini\n|-damage|p2a: Tapu Fini|80\/100\n|\n|-damage|p1a: Toxapex|62\/100 brn|[from] brn\n|upkeep\n|turn|47\n|l| Cra3k\n|\n|t:|1665198787\n|move|p2a: Tapu Fini|Moonblast|p1a: Toxapex\n|-resisted|p1a: Toxapex\n|-damage|p1a: Toxapex|44\/100 brn\n|move|p1a: Toxapex|Recover|p1a: Toxapex\n|-heal|p1a: Toxapex|94\/100 brn\n|\n|-damage|p1a: Toxapex|88\/100 brn|[from] brn\n|upkeep\n|turn|48\n|\n|t:|1665198790\n|move|p2a: Tapu Fini|Moonblast|p1a: Toxapex\n|-resisted|p1a: Toxapex\n|-damage|p1a: Toxapex|71\/100 brn\n|move|p1a: Toxapex|Poison Jab|p2a: Tapu Fini\n|-supereffective|p2a: Tapu Fini\n|-damage|p2a: Tapu Fini|63\/100\n|\n|-damage|p1a: Toxapex|65\/100 brn|[from] brn\n|upkeep\n|turn|49\n|\n|t:|1665198794\n|switch|p2a: Zapdos|Zapdos|85\/100 tox\n|-damage|p2a: Zapdos|60\/100 tox|[from] Stealth Rock\n|move|p1a: Toxapex|Recover|p1a: Toxapex\n|-heal|p1a: Toxapex|100\/100 brn\n|\n|-damage|p2a: Zapdos|54\/100 tox|[from] psn\n|-damage|p1a: Toxapex|94\/100 brn|[from] brn\n|upkeep\n|turn|50\n|inactive|freerobuxman has 120 seconds left.\n|\n|t:|1665198800\n|move|p2a: Zapdos|Roost|p2a: Zapdos\n|-heal|p2a: Zapdos|100\/100 tox\n|-singleturn|p2a: Zapdos|move: Roost\n|move|p1a: Toxapex|Recover|p1a: Toxapex\n|-heal|p1a: Toxapex|100\/100 brn\n|\n|-damage|p2a: Zapdos|88\/100 tox|[from] psn\n|-damage|p1a: Toxapex|94\/100 brn|[from] brn\n|upkeep\n|turn|51\n|\n|t:|1665198805\n|move|p2a: Zapdos|Discharge|p1a: Toxapex\n|-supereffective|p1a: Toxapex\n|-damage|p1a: Toxapex|31\/100 brn\n|move|p1a: Toxapex|Recover|p1a: Toxapex\n|-heal|p1a: Toxapex|81\/100 brn\n|\n|-damage|p2a: Zapdos|69\/100 tox|[from] psn\n|-damage|p1a: Toxapex|75\/100 brn|[from] brn\n|upkeep\n|turn|52\n|l| averagealt99\n|\n|t:|1665198810\n|move|p2a: Zapdos|Discharge|p1a: Toxapex\n|-supereffective|p1a: Toxapex\n|-damage|p1a: Toxapex|10\/100 brn\n|move|p1a: Toxapex|Recover|p1a: Toxapex\n|-heal|p1a: Toxapex|60\/100 brn\n|\n|-damage|p2a: Zapdos|45\/100 tox|[from] psn\n|-damage|p1a: Toxapex|53\/100 brn|[from] brn\n|upkeep\n|turn|53\n|\n|t:|1665198818\n|switch|p1a: Rillaboom|Rillaboom, M, shiny|83\/100\n|-damage|p1a: Rillaboom|70\/100|[from] Stealth Rock\n|-fieldstart|move: Grassy Terrain|[from] ability: Grassy Surge|[of] p1a: Rillaboom\n|move|p2a: Zapdos|Roost|p2a: Zapdos\n|-heal|p2a: Zapdos|95\/100 tox\n|-singleturn|p2a: Zapdos|move: Roost\n|\n|-heal|p2a: Zapdos|100\/100 tox|[from] Grassy Terrain\n|-heal|p1a: Rillaboom|76\/100|[from] Grassy Terrain\n|-damage|p2a: Zapdos|69\/100 tox|[from] psn\n|upkeep\n|turn|54\n|j| danfuz01\n|inactive|freerobuxman has 120 seconds left.\n|\n|t:|1665198850\n|switch|p2a: Melmetal|Melmetal|71\/100\n|-damage|p2a: Melmetal|64\/100|[from] Stealth Rock\n|switch|p1a: Toxapex|Toxapex, M|87\/100 brn\n|-damage|p1a: Toxapex|74\/100 brn|[from] Stealth Rock\n|\n|-heal|p1a: Toxapex|80\/100 brn|[from] Grassy Terrain\n|-heal|p2a: Melmetal|71\/100|[from] Grassy Terrain\n|-damage|p1a: Toxapex|74\/100 brn|[from] brn\n|upkeep\n|turn|55\n|inactive|freerobuxman has 120 seconds left.\n|\n|t:|1665198863\n|switch|p1a: Hydreigon|Hydreigon, F|68\/100\n|-damage|p1a: Hydreigon|56\/100|[from] Stealth Rock\n|move|p2a: Melmetal|Protect||[still]\n|-fail|p2a: Melmetal\n|\n|-heal|p2a: Melmetal|77\/100|[from] Grassy Terrain\n|upkeep\n|turn|56\n|\n|t:|1665198872\n|switch|p1a: Toxapex|Toxapex, M|100\/100 brn\n|-damage|p1a: Toxapex|88\/100 brn|[from] Stealth Rock\n|switch|p2a: Landorus|Landorus-Therian, M|1\/100 tox\n|-damage|p2a: Landorus|0 fnt|[from] Stealth Rock\n|faint|p2a: Landorus\n|\n|-heal|p1a: Toxapex|94\/100 brn|[from] Grassy Terrain\n|-damage|p1a: Toxapex|88\/100 brn|[from] brn\n|upkeep\n|\n|t:|1665198877\n|switch|p2a: Rillaboom|Rillaboom, M|100\/100\n|-damage|p2a: Rillaboom|88\/100|[from] Stealth Rock\n|turn|57\n|\n|t:|1665198885\n|move|p2a: Rillaboom|Swords Dance|p2a: Rillaboom\n|-boost|p2a: Rillaboom|atk|2\n|move|p1a: Toxapex|Haze|p1a: Toxapex\n|-clearallboost\n|\n|-heal|p2a: Rillaboom|94\/100|[from] Grassy Terrain\n|-heal|p2a: Rillaboom|100\/100|[from] item: Leftovers\n|-heal|p1a: Toxapex|94\/100 brn|[from] Grassy Terrain\n|-damage|p1a: Toxapex|88\/100 brn|[from] brn\n|-fieldend|move: Grassy Terrain\n|upkeep\n|turn|58\n|\n|t:|1665198897\n|move|p2a: Rillaboom|Swords Dance|p2a: Rillaboom\n|-boost|p2a: Rillaboom|atk|2\n|move|p1a: Toxapex|Poison Jab|p2a: Rillaboom\n|-supereffective|p2a: Rillaboom\n|-damage|p2a: Rillaboom|81\/100\n|\n|-heal|p2a: Rillaboom|87\/100|[from] item: Leftovers\n|-damage|p1a: Toxapex|82\/100 brn|[from] brn\n|upkeep\n|turn|59\n|\n|t:|1665198903\n|move|p2a: Rillaboom|Taunt|p1a: Toxapex\n|-start|p1a: Toxapex|move: Taunt\n|cant|p1a: Toxapex|move: Taunt|Haze\n|\n|-heal|p2a: Rillaboom|93\/100|[from] item: Leftovers\n|-damage|p1a: Toxapex|75\/100 brn|[from] brn\n|upkeep\n|turn|60\n|\n|t:|1665198909\n|switch|p1a: Hydreigon|Hydreigon, F|56\/100\n|-damage|p1a: Hydreigon|44\/100|[from] Stealth Rock\n|move|p2a: Rillaboom|Knock Off|p1a: Hydreigon\n|-resisted|p1a: Hydreigon\n|-damage|p1a: Hydreigon|6\/100\n|-enditem|p1a: Hydreigon|Life Orb|[from] move: Knock Off|[of] p2a: Rillaboom\n|\n|-heal|p2a: Rillaboom|99\/100|[from] item: Leftovers\n|upkeep\n|turn|61\n|\n|t:|1665198919\n|switch|p2a: Tapu Fini|Tapu Fini|63\/100\n|-damage|p2a: Tapu Fini|50\/100|[from] Stealth Rock\n|move|p1a: Hydreigon|Roost|p1a: Hydreigon\n|-heal|p1a: Hydreigon|56\/100\n|-singleturn|p1a: Hydreigon|move: Roost\n|\n|upkeep\n|turn|62\n|\n|t:|1665198932\n|switch|p1a: Rillaboom|Rillaboom, M, shiny|76\/100\n|-damage|p1a: Rillaboom|64\/100|[from] Stealth Rock\n|-fieldstart|move: Grassy Terrain|[from] ability: Grassy Surge|[of] p1a: Rillaboom\n|move|p2a: Tapu Fini|Moonblast|p1a: Rillaboom\n|-damage|p1a: Rillaboom|12\/100\n|\n|-heal|p1a: Rillaboom|18\/100|[from] Grassy Terrain\n|-heal|p2a: Tapu Fini|57\/100|[from] Grassy Terrain\n|upkeep\n|turn|63\n|\n|t:|1665198938\n|switch|p2a: Melmetal|Melmetal|77\/100\n|-damage|p2a: Melmetal|71\/100|[from] Stealth Rock\n|move|p1a: Rillaboom|Grassy Glide|p2a: Melmetal\n|-resisted|p2a: Melmetal\n|-damage|p2a: Melmetal|52\/100\n|-damage|p1a: Rillaboom|8\/100|[from] item: Life Orb\n|\n|-heal|p1a: Rillaboom|15\/100|[from] Grassy Terrain\n|-heal|p2a: Melmetal|59\/100|[from] Grassy Terrain\n|upkeep\n|turn|64\n|\n|t:|1665198949\n|switch|p1a: Toxapex|Toxapex, M|100\/100 brn\n|-damage|p1a: Toxapex|88\/100 brn|[from] Stealth Rock\n|move|p2a: Melmetal|Earthquake|p1a: Toxapex\n|-supereffective|p1a: Toxapex\n|-damage|p1a: Toxapex|68\/100 brn\n|\n|-heal|p1a: Toxapex|74\/100 brn|[from] Grassy Terrain\n|-heal|p2a: Melmetal|65\/100|[from] Grassy Terrain\n|-damage|p1a: Toxapex|68\/100 brn|[from] brn\n|upkeep\n|turn|65\n|\n|t:|1665198966\n|move|p1a: Toxapex|Knock Off|p2a: Melmetal\n|-damage|p2a: Melmetal|62\/100\n|move|p2a: Melmetal|Earthquake|p1a: Toxapex\n|-supereffective|p1a: Toxapex\n|-damage|p1a: Toxapex|49\/100 brn\n|\n|-heal|p1a: Toxapex|55\/100 brn|[from] Grassy Terrain\n|-heal|p2a: Melmetal|68\/100|[from] Grassy Terrain\n|-damage|p1a: Toxapex|49\/100 brn|[from] brn\n|upkeep\n|turn|66\n|\n|t:|1665198973\n|switch|p1a: Hydreigon|Hydreigon, F|56\/100\n|-damage|p1a: Hydreigon|44\/100|[from] Stealth Rock\n|move|p2a: Melmetal|Earthquake|p1a: Hydreigon\n|-immune|p1a: Hydreigon|[from] ability: Levitate\n|\n|-heal|p2a: Melmetal|74\/100|[from] Grassy Terrain\n|-fieldend|move: Grassy Terrain\n|upkeep\n|turn|67\n|\n|t:|1665198982\n|switch|p1a: Toxapex|Toxapex, M|82\/100 brn\n|-damage|p1a: Toxapex|69\/100 brn|[from] Stealth Rock\n|move|p2a: Melmetal|Earthquake|p1a: Toxapex\n|-supereffective|p1a: Toxapex\n|-damage|p1a: Toxapex|31\/100 brn\n|\n|-damage|p1a: Toxapex|25\/100 brn|[from] brn\n|upkeep\n|turn|68\n|\n|t:|1665198989\n|move|p1a: Toxapex|Recover|p1a: Toxapex\n|-heal|p1a: Toxapex|75\/100 brn\n|move|p2a: Melmetal|Earthquake|p1a: Toxapex\n|-supereffective|p1a: Toxapex\n|-damage|p1a: Toxapex|35\/100 brn\n|\n|-damage|p1a: Toxapex|29\/100 brn|[from] brn\n|upkeep\n|turn|69\n|\n|t:|1665198995\n|switch|p2a: Zapdos|Zapdos|69\/100 tox\n|-damage|p2a: Zapdos|45\/100 tox|[from] Stealth Rock\n|move|p1a: Toxapex|Recover|p1a: Toxapex\n|-heal|p1a: Toxapex|79\/100 brn\n|\n|-damage|p2a: Zapdos|38\/100 tox|[from] psn\n|-damage|p1a: Toxapex|73\/100 brn|[from] brn\n|upkeep\n|turn|70\n|\n|t:|1665199007\n|switch|p1a: Hydreigon|Hydreigon, F|44\/100\n|-damage|p1a: Hydreigon|31\/100|[from] Stealth Rock\n|move|p2a: Zapdos|Roost|p2a: Zapdos\n|-heal|p2a: Zapdos|88\/100 tox\n|-singleturn|p2a: Zapdos|move: Roost\n|\n|-damage|p2a: Zapdos|76\/100 tox|[from] psn\n|upkeep\n|turn|71\n|\n|t:|1665199011\n|move|p2a: Zapdos|Hurricane|p1a: Hydreigon\n|-damage|p1a: Hydreigon|0 fnt\n|faint|p1a: Hydreigon\n|\n|-damage|p2a: Zapdos|57\/100 tox|[from] psn\n|upkeep\n|c|\u2606freerobuxman|gg\n|\n|t:|1665199017\n|switch|p1a: Toxapex|Toxapex, M|100\/100 brn\n|-damage|p1a: Toxapex|88\/100 brn|[from] Stealth Rock\n|turn|72\n|c|\u2606Gotham Paladin|gg\n|\n|t:|1665199031\n|move|p2a: Zapdos|Roost|p2a: Zapdos\n|-heal|p2a: Zapdos|100\/100 tox\n|-singleturn|p2a: Zapdos|move: Roost\n|move|p1a: Toxapex|Recover|p1a: Toxapex\n|-heal|p1a: Toxapex|100\/100 brn\n|\n|-damage|p2a: Zapdos|76\/100 tox|[from] psn\n|-damage|p1a: Toxapex|94\/100 brn|[from] brn\n|upkeep\n|turn|73\n|\n|t:|1665199038\n|switch|p2a: Tapu Fini|Tapu Fini|57\/100\n|-damage|p2a: Tapu Fini|44\/100|[from] Stealth Rock\n|move|p1a: Toxapex|Poison Jab|p2a: Tapu Fini\n|-supereffective|p2a: Tapu Fini\n|-damage|p2a: Tapu Fini|28\/100\n|-status|p2a: Tapu Fini|psn\n|\n|-damage|p2a: Tapu Fini|15\/100 psn|[from] psn\n|-damage|p1a: Toxapex|88\/100 brn|[from] brn\n|upkeep\n|turn|74\n|\n|t:|1665199041\n|move|p2a: Tapu Fini|Rest|p2a: Tapu Fini\n|-status|p2a: Tapu Fini|slp|[from] move: Rest\n|-heal|p2a: Tapu Fini|100\/100 slp|[silent]\n|move|p1a: Toxapex|Poison Jab|p2a: Tapu Fini\n|-supereffective|p2a: Tapu Fini\n|-crit|p2a: Tapu Fini\n|-damage|p2a: Tapu Fini|77\/100 slp\n|\n|-damage|p1a: Toxapex|82\/100 brn|[from] brn\n|upkeep\n|turn|75\n|\n|t:|1665199045\n|switch|p1a: Rillaboom|Rillaboom, M, shiny|15\/100\n|-damage|p1a: Rillaboom|2\/100|[from] Stealth Rock\n|-fieldstart|move: Grassy Terrain|[from] ability: Grassy Surge|[of] p1a: Rillaboom\n|cant|p2a: Tapu Fini|slp\n|move|p2a: Tapu Fini|Sleep Talk|p2a: Tapu Fini\n|move|p2a: Tapu Fini|Rest||[from]move: Sleep Talk|[still]\n|-fail|p2a: Tapu Fini\n|\n|-heal|p2a: Tapu Fini|83\/100 slp|[from] Grassy Terrain\n|-heal|p1a: Rillaboom|8\/100|[from] Grassy Terrain\n|upkeep\n|turn|76\n|\n|t:|1665199053\n|switch|p2a: Melmetal|Melmetal|74\/100\n|-damage|p2a: Melmetal|68\/100|[from] Stealth Rock\n|move|p1a: Rillaboom|Grassy Glide|p2a: Melmetal\n|-resisted|p2a: Melmetal\n|-damage|p2a: Melmetal|51\/100\n|-damage|p1a: Rillaboom|0 fnt|[from] item: Life Orb\n|faint|p1a: Rillaboom\n|\n|-heal|p2a: Melmetal|57\/100|[from] Grassy Terrain\n|upkeep\n|\n|t:|1665199056\n|switch|p1a: Toxapex|Toxapex, M|100\/100 brn\n|-damage|p1a: Toxapex|88\/100 brn|[from] Stealth Rock\n|turn|77\n|\n|t:|1665199060\n|move|p1a: Toxapex|Knock Off|p2a: Melmetal\n|-damage|p2a: Melmetal|54\/100\n|move|p2a: Melmetal|Earthquake|p1a: Toxapex\n|-supereffective|p1a: Toxapex\n|-damage|p1a: Toxapex|68\/100 brn\n|\n|-heal|p1a: Toxapex|75\/100 brn|[from] Grassy Terrain\n|-heal|p2a: Melmetal|60\/100|[from] Grassy Terrain\n|-damage|p1a: Toxapex|68\/100 brn|[from] brn\n|upkeep\n|turn|78\n|c|\u2606Gotham Paladin|thats why\n|c|\u2606Gotham Paladin|its not misty surge\n|\n|t:|1665199070\n|move|p1a: Toxapex|Knock Off|p2a: Melmetal\n|-damage|p2a: Melmetal|57\/100\n|move|p2a: Melmetal|Earthquake|p1a: Toxapex\n|-supereffective|p1a: Toxapex\n|-damage|p1a: Toxapex|47\/100 brn\n|\n|-heal|p1a: Toxapex|53\/100 brn|[from] Grassy Terrain\n|-heal|p2a: Melmetal|63\/100|[from] Grassy Terrain\n|-damage|p1a: Toxapex|47\/100 brn|[from] brn\n|upkeep\n|turn|79\n|c|\u2606freerobuxman|for grassy terrain?\n|c|\u2606freerobuxman|but you already have\n|c|\u2606Gotham Paladin|so i can rest\n|c|\u2606freerobuxman|oh\n|c|\u2606freerobuxman|right\n|j| Arishemm~\n|inactive|freerobuxman has 120 seconds left.\n|c|\u2606freerobuxman|never seen rest fini before\n|\n|t:|1665199117\n|move|p1a: Toxapex|Knock Off|p2a: Melmetal\n|-damage|p2a: Melmetal|61\/100\n|move|p2a: Melmetal|Earthquake|p1a: Toxapex\n|-supereffective|p1a: Toxapex\n|-damage|p1a: Toxapex|27\/100 brn\n|\n|-heal|p1a: Toxapex|34\/100 brn|[from] Grassy Terrain\n|-heal|p2a: Melmetal|67\/100|[from] Grassy Terrain\n|-damage|p1a: Toxapex|27\/100 brn|[from] brn\n|-fieldend|move: Grassy Terrain\n|upkeep\n|turn|80\n|\n|t:|1665199121\n|move|p1a: Toxapex|Knock Off|p2a: Melmetal\n|-damage|p2a: Melmetal|64\/100\n|move|p2a: Melmetal|Earthquake|p1a: Toxapex\n|-supereffective|p1a: Toxapex\n|-damage|p1a: Toxapex|0 fnt\n|faint|p1a: Toxapex\n|\n|win|Gotham Paladin\n|n|\u2606freerobuxman|freerobuxman\n|n|\u2606Gotham Paladin|gothampaladin\n|n| Sww-Suwa|swwsuwa\n|n| NoTollsNoRolls|notollsnorolls\n|n| danfuz01|danfuz01\n|n| Arishemm~|arishemm\n|l| Arishemm~\n|c|\u2606freerobuxman|gg\n|c|\u2606Gotham Paladin|gg\n|l|\u2606Gotham Paladin\n","uploadtime":1665199130,"views":9,"p1id":"freerobuxman","p2id":"gothampaladin","formatid":"gen8ou","rating":0,"private":0,"password":null}