{"id":"gen8ou-1690917959","p1":"cucumber22","p2":"Infernoss","format":"gen8ou","log":"|html|<div class=\"broadcast-blue\"><strong>[Gen 8] OU is currently suspecting Melmetal! For information on how to participate check out the <a href=\"https:\/\/www.smogon.com\/forums\/threads\/np-ss-ou-suspect-process-round-12-monster-mash.3709234\/\">suspect thread<\/a>.<\/strong><\/div>\n|j|\u2606cucumber22\n|j|\u2606Infernoss\n|t:|1666317214\n|gametype|singles\n|player|p1|cucumber22|dancer|1884\n|player|p2|Infernoss|blue|1810\n|teamsize|p1|6\n|teamsize|p2|6\n|gen|8\n|tier|[Gen 8] OU\n|rated|\n|rule|Sleep Clause Mod: Limit one foe put to sleep\n|rule|Species Clause: Limit one of each Pok\u00e9mon\n|rule|OHKO Clause: OHKO moves are banned\n|rule|Evasion Items Clause: Evasion items are banned\n|rule|Evasion Moves Clause: Evasion moves are banned\n|rule|Endless Battle Clause: Forcing endless battles is banned\n|rule|HP Percentage Mod: HP is shown in percentages\n|rule|Dynamax Clause: You cannot dynamax\n|clearpoke\n|poke|p1|Aegislash, M|\n|poke|p1|Buzzwole|\n|poke|p1|Landorus-Therian, M|\n|poke|p1|Heatran, F|\n|poke|p1|Hydreigon, M|\n|poke|p1|Tapu Fini|\n|poke|p2|Marowak-Alola, M|\n|poke|p2|Slowbro, M|\n|poke|p2|Hatterene, F|\n|poke|p2|Garchomp, M|\n|poke|p2|Ferrothorn, M|\n|poke|p2|Drampa, M|\n|teampreview\n|inactive|Battle timer is ON: inactive players will automatically lose when time's up. (requested by Infernoss)\n|\n|t:|1666317249\n|start\n|switch|p1a: Heatran|Heatran, F|100\/100\n|switch|p2a: Falkor|Drampa, M|100\/100\n|turn|1\n|j| jly8\n|\n|t:|1666317253\n|move|p1a: Heatran|Taunt|p2a: Falkor\n|-start|p2a: Falkor|move: Taunt\n|move|p2a: Falkor|Focus Blast|p1a: Heatran|[miss]\n|-miss|p2a: Falkor|p1a: Heatran\n|\n|upkeep\n|turn|2\n|\n|t:|1666317260\n|switch|p1a: Landorus|Landorus-Therian, M|100\/100\n|-ability|p1a: Landorus|Intimidate|boost\n|-unboost|p2a: Falkor|atk|1\n|move|p2a: Falkor|Focus Blast|p1a: Landorus|[miss]\n|-miss|p2a: Falkor|p1a: Landorus\n|\n|upkeep\n|turn|3\n|\n|t:|1666317267\n|move|p1a: Landorus|Earthquake|p2a: Falkor\n|-damage|p2a: Falkor|49\/100\n|-ability|p2a: Falkor|Berserk|boost\n|-boost|p2a: Falkor|spa|1\n|move|p2a: Falkor|Ice Beam|p1a: Landorus\n|-supereffective|p1a: Landorus\n|-damage|p1a: Landorus|0 fnt\n|faint|p1a: Landorus\n|\n|-end|p2a: Falkor|move: Taunt\n|upkeep\n|j| Spyer2k\n|\n|t:|1666317283\n|switch|p1a: Tapu Fini|Tapu Fini|100\/100\n|-fieldstart|move: Misty Terrain|[from] ability: Misty Surge|[of] p1a: Tapu Fini\n|turn|4\n|\n|t:|1666317287\n|switch|p2a: Thorns|Ferrothorn, M|100\/100\n|move|p1a: Tapu Fini|Moonblast|p2a: Thorns\n|-resisted|p2a: Thorns\n|-damage|p2a: Thorns|88\/100\n|\n|upkeep\n|turn|5\n|\n|t:|1666317293\n|switch|p1a: Heatran|Heatran, F|100\/100\n|move|p2a: Thorns|Stealth Rock|p1a: Heatran\n|-sidestart|p1: cucumber22|move: Stealth Rock\n|\n|upkeep\n|turn|6\n|\n|t:|1666317298\n|switch|p2a: Sharko|Garchomp, M|100\/100\n|move|p1a: Heatran|Magma Storm|p2a: Sharko\n|-resisted|p2a: Sharko\n|-damage|p2a: Sharko|71\/100\n|-activate|p2a: Sharko|move: Magma Storm|[of] p1a: Heatran\n|\n|-heal|p2a: Sharko|77\/100|[from] item: Leftovers\n|-damage|p2a: Sharko|65\/100|[from] move: Magma Storm|[partiallytrapped]\n|upkeep\n|turn|7\n|\n|t:|1666317307\n|switch|p1a: Buzzwole|Buzzwole|100\/100\n|move|p2a: Sharko|Stone Edge|p1a: Buzzwole\n|-damage|p1a: Buzzwole|82\/100\n|\n|-heal|p2a: Sharko|71\/100|[from] item: Leftovers\n|-end|p2a: Sharko|Magma Storm|[partiallytrapped]|[silent]\n|upkeep\n|turn|8\n|\n|t:|1666317320\n|switch|p2a: Sonso|Slowbro, M|100\/100\n|switch|p1a: Heatran|Heatran, F|100\/100\n|-damage|p1a: Heatran|88\/100|[from] Stealth Rock\n|\n|-fieldend|Misty Terrain\n|upkeep\n|turn|9\n|\n|t:|1666317327\n|move|p1a: Heatran|Solar Beam||[still]\n|-prepare|p1a: Heatran|Solar Beam\n|-enditem|p1a: Heatran|Power Herb\n|-anim|p1a: Heatran|Solar Beam|p2a: Sonso\n|-supereffective|p2a: Sonso\n|-damage|p2a: Sonso|12\/100\n|move|p2a: Sonso|Body Press|p1a: Heatran\n|-supereffective|p1a: Heatran\n|-damage|p1a: Heatran|30\/100\n|\n|upkeep\n|turn|10\n|j| win gg lose bg\n|\n|t:|1666317339\n|switch|p2a: Sharko|Garchomp, M|71\/100\n|move|p1a: Heatran|Earth Power|p2a: Sharko\n|-damage|p2a: Sharko|36\/100\n|\n|-heal|p2a: Sharko|42\/100|[from] item: Leftovers\n|upkeep\n|turn|11\n|\n|t:|1666317347\n|switch|p1a: Buzzwole|Buzzwole|82\/100\n|move|p2a: Sharko|Swords Dance|p2a: Sharko\n|-boost|p2a: Sharko|atk|2\n|\n|-heal|p2a: Sharko|48\/100|[from] item: Leftovers\n|upkeep\n|turn|12\n|\n|t:|1666317354\n|switch|p2a: Billy B.|Marowak-Alola, M, shiny|100\/100\n|move|p1a: Buzzwole|Ice Punch|p2a: Billy B.\n|-resisted|p2a: Billy B.\n|-damage|p2a: Billy B.|87\/100\n|\n|upkeep\n|turn|13\n|\n|t:|1666317360\n|switch|p1a: Hydreigon|Hydreigon, M|100\/100\n|-damage|p1a: Hydreigon|88\/100|[from] Stealth Rock\n|move|p2a: Billy B.|Flare Blitz|p1a: Hydreigon\n|-resisted|p1a: Hydreigon\n|-damage|p1a: Hydreigon|30\/100\n|\n|upkeep\n|turn|14\n|\n|t:|1666317367\n|switch|p2a: Thorns|Ferrothorn, M|88\/100\n|move|p1a: Hydreigon|Roost|p1a: Hydreigon\n|-heal|p1a: Hydreigon|80\/100\n|-singleturn|p1a: Hydreigon|move: Roost\n|\n|upkeep\n|turn|15\n|\n|t:|1666317377\n|move|p1a: Hydreigon|Nasty Plot|p1a: Hydreigon\n|-boost|p1a: Hydreigon|spa|2\n|move|p2a: Thorns|Leech Seed|p1a: Hydreigon\n|-start|p1a: Hydreigon|move: Leech Seed\n|\n|-damage|p1a: Hydreigon|68\/100|[from] Leech Seed|[of] p2a: Thorns\n|-heal|p2a: Thorns|99\/100|[silent]\n|upkeep\n|turn|16\n|\n|t:|1666317383\n|move|p1a: Hydreigon|Dark Pulse|p2a: Thorns\n|-crit|p2a: Thorns\n|-damage|p2a: Thorns|22\/100\n|cant|p2a: Thorns|flinch\n|\n|-damage|p1a: Hydreigon|56\/100|[from] Leech Seed|[of] p2a: Thorns\n|-heal|p2a: Thorns|34\/100|[silent]\n|upkeep\n|turn|17\n|l| Spyer2k\n|c|\u2606Infernoss|......\n|\n|t:|1666317398\n|move|p1a: Hydreigon|Dark Pulse|p2a: Thorns\n|-damage|p2a: Thorns|0 fnt\n|faint|p2a: Thorns\n|\n|upkeep\n|j| Bad Players\n|\n|t:|1666317401\n|switch|p2a: Gorra|Hatterene, F, shiny|100\/100\n|turn|18\n|\n|t:|1666317408\n|switch|p1a: Aegislash|Aegislash, M|100\/100\n|-damage|p1a: Aegislash|94\/100|[from] Stealth Rock\n|move|p2a: Gorra|Trick Room|p2a: Gorra\n|-fieldstart|move: Trick Room|[of] p2a: Gorra\n|\n|upkeep\n|turn|19\n|\n|t:|1666317413\n|move|p2a: Gorra|Mystical Fire|p1a: Aegislash\n|-supereffective|p1a: Aegislash\n|-damage|p1a: Aegislash|57\/100\n|-unboost|p1a: Aegislash|spa|1\n|-enditem|p1a: Aegislash|Weakness Policy\n|-boost|p1a: Aegislash|atk|2|[from] item: Weakness Policy\n|-boost|p1a: Aegislash|spa|2|[from] item: Weakness Policy\n|-formechange|p1a: Aegislash|Aegislash-Blade||[from] ability: Stance Change\n|move|p1a: Aegislash|Iron Head|p2a: Gorra\n|-supereffective|p2a: Gorra\n|-crit|p2a: Gorra\n|-damage|p2a: Gorra|0 fnt\n|faint|p2a: Gorra\n|\n|upkeep\n|\n|t:|1666317430\n|switch|p2a: Sonso|Slowbro, M|45\/100\n|turn|20\n|\n|t:|1666317433\n|switch|p2a: Falkor|Drampa, M|49\/100\n|move|p1a: Aegislash|Shadow Sneak|p2a: Falkor\n|-immune|p2a: Falkor\n|\n|upkeep\n|turn|21\n|\n|t:|1666317444\n|switch|p1a: Heatran|Heatran, F|30\/100\n|-damage|p1a: Heatran|17\/100|[from] Stealth Rock\n|move|p2a: Falkor|Thunderbolt|p1a: Heatran\n|-damage|p1a: Heatran|0 fnt\n|faint|p1a: Heatran\n|\n|upkeep\n|\n|t:|1666317450\n|switch|p1a: Buzzwole|Buzzwole|82\/100\n|turn|22\n|\n|t:|1666317453\n|switch|p2a: Sonso|Slowbro, M|79\/100\n|move|p1a: Buzzwole|Ice Punch|p2a: Sonso\n|-resisted|p2a: Sonso\n|-damage|p2a: Sonso|72\/100\n|\n|-fieldend|move: Trick Room\n|upkeep\n|turn|23\n|\n|t:|1666317460\n|switch|p1a: Hydreigon|Hydreigon, M|56\/100\n|-damage|p1a: Hydreigon|43\/100|[from] Stealth Rock\n|move|p2a: Sonso|Trick Room|p2a: Sonso\n|-fieldstart|move: Trick Room|[of] p2a: Sonso\n|\n|upkeep\n|turn|24\n|l| win gg lose bg\n|\n|t:|1666317472\n|switch|p1a: Aegislash|Aegislash, M|57\/100\n|-damage|p1a: Aegislash|51\/100|[from] Stealth Rock\n|move|p2a: Sonso|Body Press|p1a: Aegislash\n|-immune|p1a: Aegislash\n|\n|upkeep\n|turn|25\n|\n|t:|1666317479\n|move|p2a: Sonso|Scald|p1a: Aegislash\n|-damage|p1a: Aegislash|28\/100\n|-formechange|p1a: Aegislash|Aegislash-Blade||[from] ability: Stance Change\n|move|p1a: Aegislash|Shadow Claw|p2a: Sonso\n|-supereffective|p2a: Sonso\n|-crit|p2a: Sonso\n|-damage|p2a: Sonso|0 fnt\n|faint|p2a: Sonso\n|\n|upkeep\n|c|\u2606Infernoss|lol\n|c|\u2606Infernoss|more fucking luck\n|\n|t:|1666317495\n|switch|p2a: Falkor|Drampa, M|49\/100\n|turn|26\n|inactive|cucumber22 has 120 seconds left.\n|\n|t:|1666317530\n|move|p2a: Falkor|Thunderbolt|p1a: Aegislash\n|-damage|p1a: Aegislash|0 fnt\n|faint|p1a: Aegislash\n|\n|upkeep\n|inactive|cucumber22 has 120 seconds left.\n|c|\u2606cucumber22|must be expert belt\n|c|\u2606cucumber22|crazy coverage\n|\n|t:|1666317560\n|switch|p1a: Tapu Fini|Tapu Fini|100\/100\n|-damage|p1a: Tapu Fini|88\/100|[from] Stealth Rock\n|-fieldstart|move: Misty Terrain|[from] ability: Misty Surge|[of] p1a: Tapu Fini\n|turn|27\n|c|\u2606Infernoss|yea, expert belt\n|\n|t:|1666317569\n|switch|p1a: Hydreigon|Hydreigon, M|43\/100\n|-damage|p1a: Hydreigon|31\/100|[from] Stealth Rock\n|move|p2a: Falkor|Thunderbolt|p1a: Hydreigon\n|-resisted|p1a: Hydreigon\n|-crit|p1a: Hydreigon\n|-damage|p1a: Hydreigon|3\/100\n|\n|-fieldend|move: Trick Room\n|upkeep\n|turn|28\n|\n|t:|1666317577\n|move|p1a: Hydreigon|Draco Meteor|p2a: Falkor|[miss]\n|-miss|p1a: Hydreigon|p2a: Falkor\n|move|p2a: Falkor|Ice Beam|p1a: Hydreigon\n|-supereffective|p1a: Hydreigon\n|-damage|p1a: Hydreigon|0 fnt\n|faint|p1a: Hydreigon\n|\n|upkeep\n|\n|t:|1666317581\n|switch|p1a: Tapu Fini|Tapu Fini|88\/100\n|-damage|p1a: Tapu Fini|76\/100|[from] Stealth Rock\n|turn|29\n|\n|t:|1666317597\n|move|p1a: Tapu Fini|Moonblast|p2a: Falkor\n|-supereffective|p2a: Falkor\n|-damage|p2a: Falkor|0 fnt\n|faint|p2a: Falkor\n|\n|upkeep\n|\n|t:|1666317604\n|switch|p2a: Billy B.|Marowak-Alola, M, shiny|87\/100\n|turn|30\n|j| Zombini62\n|\n|t:|1666317607\n|switch|p1a: Buzzwole|Buzzwole|82\/100\n|move|p2a: Billy B.|Poltergeist|p1a: Buzzwole\n|-activate|p1a: Buzzwole|move: Poltergeist|Heavy-Duty Boots\n|-damage|p1a: Buzzwole|36\/100\n|\n|upkeep\n|turn|31\n|\n|t:|1666317616\n|move|p1a: Buzzwole|Ice Punch|p2a: Billy B.\n|-resisted|p2a: Billy B.\n|-damage|p2a: Billy B.|75\/100\n|move|p2a: Billy B.|Substitute|p2a: Billy B.\n|-start|p2a: Billy B.|Substitute\n|-damage|p2a: Billy B.|50\/100\n|\n|-fieldend|Misty Terrain\n|upkeep\n|turn|32\n|-message|cucumber22 forfeited.\n|\n|win|Infernoss\n|raw|cucumber22's rating: 1884 &rarr; <strong>1860<\/strong><br \/>(-24 for losing)\n|raw|Infernoss's rating: 1810 &rarr; <strong>1834<\/strong><br \/>(+24 for winning)\n|l|\u2606cucumber22\n|l| jly8\n|l| Zombini62\n|j| LucaSienge\n|c|\u2606Infernoss|so close\n||Ladder isn't responding, score probably updated but might not have (Request timeout).\n","uploadtime":1666317634,"views":21,"p1id":"cucumber22","p2id":"infernoss","formatid":"gen8ou","rating":1834,"private":0,"password":null}