{"id":"gen8battlefactory-1701649124","p1":"yokobaby","p2":"Mr.CaiNiao","format":"gen8battlefactory","log":"|j|\u2606yokobaby\n|j|\u2606Mr.CaiNiao\n|t:|1667475720\n|gametype|singles\n|player|p1|yokobaby|cynthia-masters|\n|player|p2|Mr.CaiNiao|nessa-masters|\n|teamsize|p1|6\n|teamsize|p2|6\n|gen|8\n|tier|[Gen 8] Battle Factory\n|rated|Tournament battle\n|rule|Sleep Clause Mod: Limit one foe put to sleep\n|rule|Species Clause: Limit one of each Pok\u00e9mon\n|rule|OHKO Clause: OHKO moves are banned\n|rule|Evasion Items Clause: Evasion items are banned\n|rule|Evasion Moves Clause: Evasion moves are banned\n|rule|Endless Battle Clause: Forcing endless battles is banned\n|rule|HP Percentage Mod: HP is shown in percentages\n|rule|Dynamax Clause: You cannot dynamax\n|clearpoke\n|poke|p1|Coalossal, M|\n|poke|p1|Uxie|\n|poke|p1|Scrafty, M|\n|poke|p1|Ribombee, F|\n|poke|p1|Qwilfish, F|\n|poke|p1|Ninjask, F|\n|poke|p2|Archeops, F|\n|poke|p2|Sneasel, M|\n|poke|p2|Mesprit|\n|poke|p2|Scrafty, F|\n|poke|p2|Charizard, F|\n|poke|p2|Glastrier|\n|teampreview\n|inactive|Battle timer is ON: inactive players will automatically lose when time's up. (requested by Mr.CaiNiao)\n|j| mew2629\u6b3a\u4e16\u76d7\u540d\u5ca9\u96f7\u9e1f\n|j| leotung\n|j| totoko.xyz\u6faa\u54b2\n|j| lu_ren_qwq\n|c|\u2606Mr.CaiNiao|\u8fd9\n|c|\u2606Mr.CaiNiao|\u6211\u548b\u8fd8\u6709\u4e2a\u5b9d\u5b9d\u554a\n|c|\u2606yokobaby|\u6211\u90fd\u4e0d\u6e05\u695a\u8fd9\u662f\u4ec0\u4e48\u5206\u7ea7\n|j| Q coin army\n|inactive|Mr.CaiNiao has 120 seconds left.\n|l| totoko.xyz\u6faa\u54b2\n|\n|t:|1667475753\n|start\n|switch|p1a: Coalossal|Coalossal, M|424\/424\n|switch|p2a: Mesprit|Mesprit|301\/301\n|turn|1\n|c|\u2606yokobaby|\u6211\u7b2c\u4e00\u8f6e\u6253\u7684\u660e\u660e\u662f\u795e\u517d\n|c| leotung|\u600e\u9ebc\u53c8\u662fpu\u5de5\u5ee0\n|c| leotung|\u7d10\u62c9\u5f88\u5f37\u7684\n|\n|t:|1667475766\n|move|p2a: Mesprit|Trick|p1a: Coalossal\n|-activate|p2a: Mesprit|move: Trick|[of] p1a: Coalossal\n|-item|p1a: Coalossal|Choice Specs|[from] move: Trick\n|-item|p2a: Mesprit|Heavy-Duty Boots|[from] move: Trick\n|move|p1a: Coalossal|Stealth Rock|p2a: Mesprit\n|-sidestart|p2: Mr.CaiNiao|move: Stealth Rock\n|\n|upkeep\n|turn|2\n|\n|t:|1667475782\n|switch|p1a: Uxie|Uxie, shiny|354\/354\n|move|p2a: Mesprit|U-turn|p1a: Uxie\n|-supereffective|p1a: Uxie\n|-damage|p1a: Uxie|302\/354\n|-enditem|p1a: Uxie|Kee Berry|[eat]\n|-boost|p1a: Uxie|def|1|[from] item: Kee Berry\n|c| leotung|\u5c31\u662f\u9019\u6b21\u6c92\u4ed6\u4e8b\u4e86\n|c|\u2606Mr.CaiNiao|\u95ea\u5149\u9ec4\u8611\u83c7\n|c|\u2606yokobaby|\u5e05\u4e0d\u5e05\n|\n|t:|1667475803\n|switch|p2a: Scrafty|Scrafty, F|271\/271\n|-damage|p2a: Scrafty|255\/271|[from] Stealth Rock\n|\n|upkeep\n|turn|3\n|c|\u2606Mr.CaiNiao|\u6709\u4e00\u8bf4\u4e00\n|c|\u2606Mr.CaiNiao|\u786e\u5b9e\u86ee\u5e05\u7684\n|\n|t:|1667475814\n|move|p2a: Scrafty|Dragon Dance|p2a: Scrafty\n|-boost|p2a: Scrafty|atk|1\n|-boost|p2a: Scrafty|spe|1\n|move|p1a: Uxie|Draining Kiss|p2a: Scrafty\n|-supereffective|p2a: Scrafty\n|-damage|p2a: Scrafty|139\/271\n|-heal|p1a: Uxie|354\/354|[from] drain|[of] p2a: Scrafty\n|\n|upkeep\n|turn|4\n|\n|t:|1667475821\n|move|p2a: Scrafty|Knock Off|p1a: Uxie\n|-supereffective|p1a: Uxie\n|-damage|p1a: Uxie|246\/354\n|move|p1a: Uxie|Draining Kiss|p2a: Scrafty\n|-supereffective|p2a: Scrafty\n|-crit|p2a: Scrafty\n|-damage|p2a: Scrafty|0 fnt\n|-heal|p1a: Uxie|350\/354|[from] drain|[of] p2a: Scrafty\n|faint|p2a: Scrafty\n|\n|upkeep\n|c|\u2606yokobaby|\u8fd9\u4e48\u786c\n|inactive|Mr.CaiNiao has 120 seconds left.\n|c|\u2606Mr.CaiNiao|\u6211484\u6253\u4e0d\u52a8\u8fd9\u73a9\u610f\u4e86\n|\n|t:|1667475851\n|switch|p2a: Charizard|Charizard, F|297\/297\n|turn|5\n|c| leotung|\u5c0d\n|inactive|Mr.CaiNiao has 120 seconds left.\n|\n|t:|1667475858\n|move|p2a: Charizard|Flamethrower|p1a: Uxie\n|-damage|p1a: Uxie|242\/354\n|-status|p1a: Uxie|brn\n|move|p1a: Uxie|Calm Mind|p1a: Uxie\n|-boost|p1a: Uxie|spa|1\n|-boost|p1a: Uxie|spd|1\n|\n|-damage|p1a: Uxie|220\/354 brn|[from] brn\n|upkeep\n|turn|6\n|c| leotung|\u6253\u4e0d\u52d5\u4e86\n|c|\u2606Mr.CaiNiao|\u8fd9\u73a9\u610f\u6709\u56de\u8840\u5417\n|\n|t:|1667475871\n|move|p2a: Charizard|Flamethrower|p1a: Uxie\n|-damage|p1a: Uxie|141\/354 brn\n|move|p1a: Uxie|Calm Mind|p1a: Uxie\n|-boost|p1a: Uxie|spa|1\n|-boost|p1a: Uxie|spd|1\n|\n|-damage|p1a: Uxie|119\/354 brn|[from] brn\n|upkeep\n|turn|7\n|c| leotung|\u7d10\u62c9\u4e5f\u6c92\u6551\u4e86\n|c| leotung|\u6c92\u6709\n|\n|t:|1667475883\n|move|p2a: Charizard|Flamethrower|p1a: Uxie\n|-crit|p1a: Uxie\n|-damage|p1a: Uxie|0 fnt\n|faint|p1a: Uxie\n|\n|upkeep\n|c| leotung|\u80fd\u8017\u6b7b\n|c|\u2606yokobaby|CAO\n|c|\u2606Mr.CaiNiao|\u8001\u55b7\u725b\u903c\n|c|\u2606yokobaby|\u53ef\u6076\u7684ct\n|c|\u2606yokobaby|\u6211\u6709\u7761\u89c9\n|\n|t:|1667475902\n|switch|p1a: Coalossal|Coalossal, M|424\/424\n|turn|8\n|\n|t:|1667475921\n|switch|p2a: Mesprit|Mesprit|301\/301\n|move|p1a: Coalossal|Rock Blast|p2a: Mesprit\n|-damage|p2a: Mesprit|274\/301\n|-damage|p2a: Mesprit|250\/301\n|-hitcount|p2a: Mesprit|2\n|\n|upkeep\n|turn|9\n|\n|t:|1667475929\n|switch|p1a: Qwilfish|Qwilfish, F|334\/334\n|-ability|p1a: Qwilfish|Intimidate|boost\n|-unboost|p2a: Mesprit|atk|1\n|move|p2a: Mesprit|Psychic|p1a: Qwilfish\n|-supereffective|p1a: Qwilfish\n|-damage|p1a: Qwilfish|0 fnt\n|faint|p1a: Qwilfish\n|\n|upkeep\n|\n|t:|1667475940\n|switch|p1a: Scrafty|Scrafty, M|271\/271\n|turn|10\n|c| leotung|\u600e\u9ebc\u6562\u7684\n|c|\u2606yokobaby|\u79bb\u8c31\n|j| gevamjh\n|inactive|Mr.CaiNiao has 120 seconds left.\n|\n|t:|1667475965\n|switch|p2a: Glastrier|Glastrier|342\/342\n|move|p1a: Scrafty|Dragon Dance|p1a: Scrafty\n|-boost|p1a: Scrafty|atk|1\n|-boost|p1a: Scrafty|spe|1\n|\n|upkeep\n|turn|11\n|l| gevamjh\n|\n|t:|1667475978\n|move|p1a: Scrafty|Close Combat|p2a: Glastrier\n|-supereffective|p2a: Glastrier\n|-damage|p2a: Glastrier|0 fnt\n|-unboost|p1a: Scrafty|def|1\n|-unboost|p1a: Scrafty|spd|1\n|faint|p2a: Glastrier\n|-ability|p1a: Scrafty|Moxie|boost\n|-boost|p1a: Scrafty|atk|1\n|\n|upkeep\n|c| leotung|gg\n|c|\u2606Mr.CaiNiao|\u6211\u5728\u5e72\u561b\n|c|\u2606Mr.CaiNiao|\u6211\u6ca1\u770b\u61c2\n|\n|t:|1667475988\n|switch|p2a: Charizard|Charizard, F|297\/297\n|turn|12\n|\n|t:|1667475994\n|switch|p1a: Coalossal|Coalossal, M|424\/424\n|move|p2a: Charizard|Focus Blast|p1a: Coalossal\n|-supereffective|p1a: Coalossal\n|-damage|p1a: Coalossal|244\/424\n|\n|upkeep\n|turn|13\n|\n|t:|1667476003\n|switch|p2a: Mesprit|Mesprit|250\/301\n|move|p1a: Coalossal|Rock Blast|p2a: Mesprit\n|-damage|p2a: Mesprit|228\/301\n|-damage|p2a: Mesprit|203\/301\n|-damage|p2a: Mesprit|179\/301\n|-damage|p2a: Mesprit|155\/301\n|-damage|p2a: Mesprit|130\/301\n|-hitcount|p2a: Mesprit|5\n|\n|upkeep\n|turn|14\n|\n|t:|1667476009\n|move|p2a: Mesprit|Psychic|p1a: Coalossal\n|-damage|p1a: Coalossal|133\/424\n|move|p1a: Coalossal|Rock Blast|p2a: Mesprit\n|-damage|p2a: Mesprit|108\/301\n|-damage|p2a: Mesprit|86\/301\n|-hitcount|p2a: Mesprit|2\n|\n|upkeep\n|turn|15\n|\n|t:|1667476014\n|switch|p1a: Scrafty|Scrafty, M|271\/271\n|move|p2a: Mesprit|Psychic|p1a: Scrafty\n|-immune|p1a: Scrafty\n|\n|upkeep\n|turn|16\n|\n|t:|1667476020\n|move|p2a: Mesprit|Dazzling Gleam|p1a: Scrafty\n|-supereffective|p1a: Scrafty\n|-damage|p1a: Scrafty|0 fnt\n|faint|p1a: Scrafty\n|\n|upkeep\n|c|\u2606yokobaby|\u53ef\u6076\n|c|\u2606yokobaby|\u4f60\u4e0d\u65e9\u6253\u6211\n|\n|t:|1667476031\n|switch|p1a: Ribombee|Ribombee, F|261\/261\n|turn|17\n|\n|t:|1667476039\n|move|p1a: Ribombee|Quiver Dance|p1a: Ribombee\n|-boost|p1a: Ribombee|spa|1\n|-boost|p1a: Ribombee|spd|1\n|-boost|p1a: Ribombee|spe|1\n|move|p2a: Mesprit|U-turn|p1a: Ribombee\n|-resisted|p1a: Ribombee\n|-damage|p1a: Ribombee|230\/261\n|j| Sweetdoll\n|\n|t:|1667476046\n|switch|p2a: Charizard|Charizard, F|297\/297\n|\n|upkeep\n|turn|18\n|c|\u2606Mr.CaiNiao|\u522b\u638f\u51fa\u4e2a\n|c|\u2606Mr.CaiNiao|\u7761\u7720\u7c89\n|c| Sweetdoll|\u6253\u5230\u73b0\u5728\uff1f\n|c|\u2606Mr.CaiNiao|\u8fd9\u79cd\u9634\u95f4\u73a9\u610f\n|\n|t:|1667476062\n|move|p1a: Ribombee|U-turn|p2a: Charizard\n|-resisted|p2a: Charizard\n|-damage|p2a: Charizard|286\/297\n|\n|t:|1667476065\n|switch|p1a: Coalossal|Coalossal, M|133\/424\n|move|p2a: Charizard|Flamethrower|p1a: Coalossal\n|-resisted|p1a: Coalossal\n|-damage|p1a: Coalossal|103\/424\n|\n|upkeep\n|turn|19\n|c|\u2606yokobaby|\u80fd\u4e0d\u80fd\u6f14\u4e00\u4e0b\n|\n|t:|1667476079\n|switch|p2a: Mesprit|Mesprit|86\/301\n|move|p1a: Coalossal|Rock Blast|p2a: Mesprit\n|-damage|p2a: Mesprit|62\/301\n|-damage|p2a: Mesprit|35\/301\n|-damage|p2a: Mesprit|13\/301\n|-hitcount|p2a: Mesprit|3\n|\n|upkeep\n|turn|20\n|c|\u2606yokobaby|\u4eca\u5929\u597d\u975e\n|c|\u2606yokobaby|\u997f\u554a\n|\n|t:|1667476089\n|move|p2a: Mesprit|Psychic|p1a: Coalossal\n|-damage|p1a: Coalossal|0 fnt\n|faint|p1a: Coalossal\n|\n|upkeep\n|\n|t:|1667476092\n|switch|p1a: Ninjask|Ninjask, F|301\/301\n|turn|21\n|\n|t:|1667476098\n|move|p1a: Ninjask|Swords Dance|p1a: Ninjask\n|-boost|p1a: Ninjask|atk|2\n|move|p2a: Mesprit|Psychic|p1a: Ninjask\n|-damage|p1a: Ninjask|31\/301\n|\n|-ability|p1a: Ninjask|Speed Boost|boost\n|-boost|p1a: Ninjask|spe|1\n|upkeep\n|turn|22\n|\n|t:|1667476102\n|move|p1a: Ninjask|Dual Wingbeat|p2a: Mesprit\n|-damage|p2a: Mesprit|0 fnt\n|faint|p2a: Mesprit\n|-hitcount|p2: Mesprit|1\n|\n|-ability|p1a: Ninjask|Speed Boost|boost\n|-boost|p1a: Ninjask|spe|1\n|upkeep\n|c| leotung|\u6211\u8a18\u5f97\n|\n|t:|1667476109\n|switch|p2a: Archeops|Archeops, F|291\/291\n|-damage|p2a: Archeops|219\/291|[from] Stealth Rock\n|turn|23\n|\n|t:|1667476114\n|move|p1a: Ninjask|Protect|p1a: Ninjask\n|-singleturn|p1a: Ninjask|Protect\n|move|p2a: Archeops|Air Slash|p1a: Ninjask\n|-activate|p1a: Ninjask|move: Protect\n|\n|-ability|p1a: Ninjask|Speed Boost|boost\n|-boost|p1a: Ninjask|spe|1\n|upkeep\n|turn|24\n|\n|t:|1667476119\n|move|p1a: Ninjask|Dual Wingbeat|p2a: Archeops\n|-resisted|p2a: Archeops\n|-damage|p2a: Archeops|135\/291\n|-resisted|p2a: Archeops\n|-damage|p2a: Archeops|43\/291\n|-hitcount|p2a: Archeops|2\n|move|p2a: Archeops|Air Slash|p1a: Ninjask\n|-supereffective|p1a: Ninjask\n|-damage|p1a: Ninjask|0 fnt\n|faint|p1a: Ninjask\n|\n|upkeep\n|c| leotung|\u662f\u6709\u51b0\u98db\u7684\n|\n|t:|1667476123\n|switch|p1a: Ribombee|Ribombee, F|230\/261\n|turn|25\n|\n|t:|1667476129\n|move|p1a: Ribombee|Quiver Dance|p1a: Ribombee\n|-boost|p1a: Ribombee|spa|1\n|-boost|p1a: Ribombee|spd|1\n|-boost|p1a: Ribombee|spe|1\n|move|p2a: Archeops|Meteor Beam||[still]\n|-prepare|p2a: Archeops|Meteor Beam\n|-boost|p2a: Archeops|spa|1\n|-enditem|p2a: Archeops|Power Herb\n|-anim|p2a: Archeops|Meteor Beam|p1a: Ribombee\n|-supereffective|p1a: Ribombee\n|-damage|p1a: Ribombee|0 fnt\n|faint|p1a: Ribombee\n|\n|win|Mr.CaiNiao\n|n|\u2606yokobaby|yokobaby\n|n|\u2606Mr.CaiNiao|mrcainiao\n|n| mew2629\u6b3a\u4e16\u76d7\u540d\u5ca9\u96f7\u9e1f|mew2629\n|n| leotung|leotung\n|n| lu_ren_qwq|lurenqwq\n|n| Q coin army|qcoinarmy\n|n| Sweetdoll|sweetdoll\n","uploadtime":1667476131,"views":5,"p1id":"yokobaby","p2id":"mrcainiao","formatid":"gen8battlefactory","rating":0,"private":0,"password":null}