{"id":"gen8nationaldex-1554933383","p1":"cump4","p2":"AsRda","format":"gen8nationaldex","log":"|j|\u2606cump4\n|j|\u2606AsRda\n|t:|1650145647\n|gametype|singles\n|player|p1|cump4|265|1430\n|player|p2|AsRda|lillie|1515\n|teamsize|p1|6\n|teamsize|p2|6\n|gen|8\n|tier|[Gen 8] National Dex\n|rated|\n|rule|HP Percentage Mod: HP is shown in percentages\n|rule|Endless Battle Clause: Forcing endless battles is banned\n|rule|OHKO Clause: OHKO moves are banned\n|rule|Evasion Moves Clause: Evasion moves are banned\n|rule|Species Clause: Limit one of each Pok\u00e9mon\n|rule|Dynamax Clause: You cannot dynamax\n|rule|Sleep Clause Mod: Limit one foe put to sleep\n|clearpoke\n|poke|p1|Kyurem|\n|poke|p1|Serperior, M|\n|poke|p1|Toxapex, F|\n|poke|p1|Heatran, M|\n|poke|p1|Gliscor, F|\n|poke|p1|Lopunny, F|\n|poke|p2|Aerodactyl, M|\n|poke|p2|Magnezone|\n|poke|p2|Tapu Fini|\n|poke|p2|Tangrowth, F|\n|poke|p2|Greninja, M|\n|poke|p2|Garchomp, M|\n|teampreview\n|\n|t:|1650145653\n|start\n|switch|p1a: Lopunny|Lopunny, F|100\/100\n|switch|p2a: Aerodactyl|Aerodactyl, M|100\/100\n|turn|1\n|\n|t:|1650145656\n|detailschange|p2a: Aerodactyl|Aerodactyl-Mega, M\n|-mega|p2a: Aerodactyl|Aerodactyl|Aerodactylite\n|detailschange|p1a: Lopunny|Lopunny-Mega, F\n|-mega|p1a: Lopunny|Lopunny|Lopunnite\n|move|p1a: Lopunny|Fake Out|p2a: Aerodactyl\n|-resisted|p2a: Aerodactyl\n|-damage|p2a: Aerodactyl|87\/100\n|cant|p2a: Aerodactyl|flinch\n|\n|upkeep\n|turn|2\n|\n|t:|1650145662\n|move|p2a: Aerodactyl|Dual Wingbeat|p1a: Lopunny\n|-supereffective|p1a: Lopunny\n|-damage|p1a: Lopunny|23\/100\n|-supereffective|p1a: Lopunny\n|-damage|p1a: Lopunny|0 fnt\n|faint|p1a: Lopunny\n|-hitcount|p1: Lopunny|2\n|\n|upkeep\n|\n|t:|1650145668\n|switch|p1a: Gliscor|Gliscor, F, shiny|100\/100\n|turn|3\n|\n|t:|1650145671\n|move|p2a: Aerodactyl|Ice Fang|p1a: Gliscor\n|-supereffective|p1a: Gliscor\n|-damage|p1a: Gliscor|0 fnt\n|faint|p1a: Gliscor\n|\n|upkeep\n|c|\u2606AsRda|lol\n|\n|t:|1650145675\n|switch|p1a: Toxapex|Toxapex, F|100\/100\n|turn|4\n|\n|t:|1650145681\n|switch|p2a: Magnezone|Magnezone|100\/100\n|move|p1a: Toxapex|Toxic Spikes|p2a: Magnezone\n|-sidestart|p2: AsRda|move: Toxic Spikes\n|\n|upkeep\n|turn|5\n|\n|t:|1650145686\n|switch|p1a: Heatran|Heatran, M|100\/100\n|-item|p1a: Heatran|Air Balloon\n|move|p2a: Magnezone|Volt Switch|p1a: Heatran\n|-damage|p1a: Heatran|41\/100\n|-enditem|p1a: Heatran|Air Balloon\n|\n|t:|1650145691\n|switch|p2a: Aerodactyl|Aerodactyl-Mega, M|87\/100|[from]move: Volt Switch\n|\n|upkeep\n|turn|6\n|\n|t:|1650145695\n|move|p2a: Aerodactyl|Stone Edge|p1a: Heatran\n|-damage|p1a: Heatran|0 fnt\n|faint|p1a: Heatran\n|\n|upkeep\n|\n|t:|1650145697\n|switch|p1a: Kyurem|Kyurem, shiny|100\/100\n|-ability|p1a: Kyurem|Pressure\n|turn|7\n|\n|t:|1650145700\n|move|p2a: Aerodactyl|Stone Edge|p1a: Kyurem\n|-supereffective|p1a: Kyurem\n|-damage|p1a: Kyurem|5\/100\n|move|p1a: Kyurem|Freeze-Dry|p2a: Aerodactyl\n|-supereffective|p2a: Aerodactyl\n|-damage|p2a: Aerodactyl|2\/100\n|\n|upkeep\n|turn|8\n|\n|t:|1650145707\n|switch|p1a: Toxapex|Toxapex, F|100\/100\n|move|p2a: Aerodactyl|Roost|p2a: Aerodactyl\n|-heal|p2a: Aerodactyl|53\/100\n|-singleturn|p2a: Aerodactyl|move: Roost\n|\n|upkeep\n|turn|9\n|\n|t:|1650145710\n|switch|p2a: Magnezone|Magnezone|100\/100\n|move|p1a: Toxapex|Scald|p2a: Magnezone\n|-damage|p2a: Magnezone|78\/100\n|\n|upkeep\n|turn|10\n|-message|cump4 forfeited.\n|\n|win|AsRda\n|raw|cump4's rating: 1430 &rarr; <strong>1415<\/strong><br \/>(-15 for losing)\n|raw|AsRda's rating: 1515 &rarr; <strong>1530<\/strong><br \/>(+15 for winning)\n|l|\u2606cump4\n","uploadtime":1650145718,"views":8,"p1id":"cump4","p2id":"asrda","formatid":"gen8nationaldex","rating":1415,"private":0,"password":null}