{"id":"gen8ou-1158587821","p1":"delchef","p2":"Bl153","format":"gen8ou","log":"|j|\u2606delchef\n|j|\u2606Bl153\n|t:|1595866654\n|player|p1|delchef|266|1430\n|player|p2|Bl153|266|1406\n|teamsize|p1|6\n|teamsize|p2|6\n|gametype|singles\n|gen|8\n|tier|[Gen 8] OU\n|rated|\n|html|<div class=\"broadcast-blue\"><strong>OU is currently suspecting Magearna! For information on how to participate check out the <a href=\"https:\/\/www.smogon.com\/forums\/threads\/3667669\/\">suspect thread<\/a>.<\/strong><\/div>\n|clearpoke\n|poke|p1|Rotom-Heat|\n|poke|p1|Seismitoad, F|\n|poke|p1|Clefable, F|\n|poke|p1|Hydreigon, M|\n|poke|p1|Aegislash, M|\n|poke|p1|Corviknight, M|\n|poke|p2|Crawdaunt, M|\n|poke|p2|Cinderace, M|\n|poke|p2|Tangrowth, M|\n|poke|p2|Zeraora|\n|poke|p2|Escavalier, M|\n|poke|p2|Dragapult, M|\n|rule|Sleep Clause Mod: Limit one foe put to sleep\n|rule|Species Clause: Limit one of each Pok\u00e9mon\n|rule|OHKO Clause: OHKO moves are banned\n|rule|Evasion Moves Clause: Evasion moves are banned\n|rule|Endless Battle Clause: Forcing endless battles is banned\n|rule|HP Percentage Mod: HP is shown in percentages\n|rule|Dynamax Clause: You cannot dynamax\n|teampreview\n|c|\u2606Bl153|hf\n|c|\u2606delchef|u2\n|\n|t:|1595866683\n|start\n|switch|p1a: Hydreigon|Hydreigon, M|100\/100\n|switch|p2a: Crawdaunt|Crawdaunt, M|100\/100\n|turn|1\n|\n|t:|1595866710\n|switch|p2a: Escavalier|Escavalier, M|100\/100\n|move|p1a: Hydreigon|U-turn|p2a: Escavalier\n|-resisted|p2a: Escavalier\n|-damage|p2a: Escavalier|93\/100\n|\n|t:|1595866715\n|switch|p1a: Rotom|Rotom-Heat|100\/100|[from]move: U-turn\n|\n|upkeep\n|turn|2\n|\n|t:|1595866725\n|move|p1a: Rotom|Will-O-Wisp|p2a: Escavalier\n|-status|p2a: Escavalier|brn\n|move|p2a: Escavalier|Knock Off|p1a: Rotom\n|-damage|p1a: Rotom|77\/100\n|-enditem|p1a: Rotom|Heavy-Duty Boots|[from] move: Knock Off|[of] p2a: Escavalier\n|\n|-damage|p2a: Escavalier|87\/100 brn|[from] brn\n|upkeep\n|turn|3\n|\n|t:|1595866733\n|switch|p2a: Cinderace|Cinderace, M|100\/100\n|move|p1a: Rotom|Overheat|p2a: Cinderace\n|-resisted|p2a: Cinderace\n|-damage|p2a: Cinderace|55\/100\n|-unboost|p1a: Rotom|spa|2\n|\n|upkeep\n|turn|4\n|\n|t:|1595866741\n|switch|p1a: Seismitoad|Seismitoad, F|100\/100\n|move|p2a: Cinderace|Gunk Shot|p1a: Seismitoad\n|-start|p2a: Cinderace|typechange|Poison|[from] ability: Libero\n|-resisted|p1a: Seismitoad\n|-damage|p1a: Seismitoad|82\/100\n|-status|p1a: Seismitoad|psn\n|\n|-heal|p1a: Seismitoad|88\/100 psn|[from] item: Leftovers\n|-damage|p1a: Seismitoad|75\/100 psn|[from] psn\n|upkeep\n|turn|5\n|\n|t:|1595866749\n|move|p2a: Cinderace|U-turn|p1a: Seismitoad\n|-start|p2a: Cinderace|typechange|Bug|[from] ability: Libero\n|-damage|p1a: Seismitoad|53\/100 psn\n|\n|t:|1595866756\n|switch|p2a: Crawdaunt|Crawdaunt, M|100\/100|[from]move: U-turn\n|move|p1a: Seismitoad|Stealth Rock|p2a: Crawdaunt\n|-sidestart|p2: Bl153|move: Stealth Rock\n|\n|-heal|p1a: Seismitoad|59\/100 psn|[from] item: Leftovers\n|-damage|p1a: Seismitoad|47\/100 psn|[from] psn\n|upkeep\n|turn|6\n|\n|t:|1595866764\n|move|p2a: Crawdaunt|Knock Off|p1a: Seismitoad\n|-damage|p1a: Seismitoad|0 fnt\n|-enditem|p1a: Seismitoad|Leftovers|[from] move: Knock Off|[of] p2a: Crawdaunt\n|faint|p1a: Seismitoad\n|\n|upkeep\n|\n|t:|1595866767\n|switch|p1a: Hydreigon|Hydreigon, M|100\/100\n|turn|7\n|\n|t:|1595866780\n|switch|p2a: Escavalier|Escavalier, M|87\/100 brn\n|-damage|p2a: Escavalier|75\/100 brn|[from] Stealth Rock\n|move|p1a: Hydreigon|Draco Meteor|p2a: Escavalier\n|-resisted|p2a: Escavalier\n|-damage|p2a: Escavalier|52\/100 brn\n|-unboost|p1a: Hydreigon|spa|2\n|\n|-damage|p2a: Escavalier|46\/100 brn|[from] brn\n|upkeep\n|turn|8\n|\n|t:|1595866789\n|switch|p1a: Corviknight|Corviknight, M|100\/100\n|-ability|p1a: Corviknight|Pressure\n|move|p2a: Escavalier|Iron Head|p1a: Corviknight\n|-resisted|p1a: Corviknight\n|-crit|p1a: Corviknight\n|-damage|p1a: Corviknight|90\/100\n|\n|-heal|p1a: Corviknight|96\/100|[from] item: Leftovers\n|-damage|p2a: Escavalier|40\/100 brn|[from] brn\n|upkeep\n|turn|9\n|\n|t:|1595866794\n|move|p1a: Corviknight|U-turn|p2a: Escavalier\n|-resisted|p2a: Escavalier\n|-damage|p2a: Escavalier|33\/100 brn\n|\n|t:|1595866799\n|switch|p1a: Rotom|Rotom-Heat|77\/100|[from]move: U-turn\n|move|p2a: Escavalier|Knock Off|p1a: Rotom\n|-damage|p1a: Rotom|60\/100\n|\n|-damage|p2a: Escavalier|27\/100 brn|[from] brn\n|upkeep\n|turn|10\n|\n|t:|1595866808\n|move|p1a: Rotom|Volt Switch|p2a: Escavalier\n|-damage|p2a: Escavalier|4\/100 brn\n|\n|t:|1595866812\n|switch|p1a: Corviknight|Corviknight, M|96\/100|[from]move: Volt Switch\n|-ability|p1a: Corviknight|Pressure\n|move|p2a: Escavalier|Megahorn|p1a: Corviknight\n|-resisted|p1a: Corviknight\n|-damage|p1a: Corviknight|91\/100\n|\n|-heal|p1a: Corviknight|97\/100|[from] item: Leftovers\n|-damage|p2a: Escavalier|0 fnt|[from] brn\n|faint|p2a: Escavalier\n|upkeep\n|\n|t:|1595866819\n|switch|p2a: Zeraora|Zeraora|100\/100\n|-damage|p2a: Zeraora|88\/100|[from] Stealth Rock\n|turn|11\n|\n|t:|1595866825\n|move|p2a: Zeraora|Plasma Fists|p1a: Corviknight\n|-supereffective|p1a: Corviknight\n|-damage|p1a: Corviknight|22\/100\n|-fieldactivate|move: Ion Deluge\n|-damage|p2a: Zeraora|78\/100|[from] item: Life Orb\n|move|p1a: Corviknight|Roost|p1a: Corviknight\n|-heal|p1a: Corviknight|72\/100\n|-singleturn|p1a: Corviknight|move: Roost\n|\n|-heal|p1a: Corviknight|79\/100|[from] item: Leftovers\n|upkeep\n|turn|12\n|\n|t:|1595866836\n|switch|p1a: Hydreigon|Hydreigon, M|100\/100\n|move|p2a: Zeraora|Knock Off|p1a: Hydreigon\n|-resisted|p1a: Hydreigon\n|-damage|p1a: Hydreigon|80\/100\n|-enditem|p1a: Hydreigon|Choice Scarf|[from] move: Knock Off|[of] p2a: Zeraora\n|-damage|p2a: Zeraora|69\/100|[from] item: Life Orb\n|\n|upkeep\n|turn|13\n|\n|t:|1595866843\n|switch|p1a: Aegislash|Aegislash, M|100\/100\n|move|p2a: Zeraora|Close Combat|p1a: Aegislash\n|-immune|p1a: Aegislash\n|\n|upkeep\n|turn|14\n|\n|t:|1595866850\n|switch|p2a: Tangrowth|Tangrowth, M|100\/100\n|-damage|p2a: Tangrowth|88\/100|[from] Stealth Rock\n|move|p1a: Aegislash|King's Shield||[still]\n|-fail|p1a: Aegislash\n|\n|upkeep\n|turn|15\n|\n|t:|1595866856\n|move|p1a: Aegislash|Substitute|p1a: Aegislash\n|-start|p1a: Aegislash|Substitute\n|-damage|p1a: Aegislash|76\/100\n|move|p2a: Tangrowth|Sleep Powder||[still]\n|-fail|p2a: Tangrowth\n|\n|-heal|p1a: Aegislash|82\/100|[from] item: Leftovers\n|upkeep\n|turn|16\n|\n|t:|1595866861\n|move|p1a: Aegislash|Toxic|p2a: Tangrowth\n|-status|p2a: Tangrowth|tox\n|move|p2a: Tangrowth|Knock Off|p1a: Aegislash\n|-supereffective|p1a: Aegislash\n|-end|p1a: Aegislash|Substitute\n|\n|-heal|p1a: Aegislash|88\/100|[from] item: Leftovers\n|-damage|p2a: Tangrowth|82\/100 tox|[from] psn\n|upkeep\n|turn|17\n|\n|t:|1595866867\n|switch|p2a: Crawdaunt|Crawdaunt, M|100\/100\n|-damage|p2a: Crawdaunt|88\/100|[from] Stealth Rock\n|move|p1a: Aegislash|Substitute|p1a: Aegislash\n|-start|p1a: Aegislash|Substitute\n|-damage|p1a: Aegislash|63\/100\n|\n|-heal|p1a: Aegislash|70\/100|[from] item: Leftovers\n|upkeep\n|turn|18\n|\n|t:|1595866875\n|switch|p2a: Dragapult|Dragapult, M|100\/100\n|-damage|p2a: Dragapult|88\/100|[from] Stealth Rock\n|move|p1a: Aegislash|King's Shield||[still]\n|-fail|p1a: Aegislash\n|\n|-heal|p1a: Aegislash|76\/100|[from] item: Leftovers\n|upkeep\n|turn|19\n|\n|t:|1595866886\n|switch|p1a: Hydreigon|Hydreigon, M|80\/100\n|move|p2a: Dragapult|Shadow Ball|p1a: Hydreigon\n|-resisted|p1a: Hydreigon\n|-damage|p1a: Hydreigon|59\/100\n|\n|upkeep\n|turn|20\n|\n|t:|1595866897\n|switch|p2a: Tangrowth|Tangrowth, M|100\/100 tox\n|-damage|p2a: Tangrowth|88\/100 tox|[from] Stealth Rock\n|move|p1a: Hydreigon|U-turn|p2a: Tangrowth\n|-supereffective|p2a: Tangrowth\n|-damage|p2a: Tangrowth|72\/100 tox\n|-damage|p1a: Hydreigon|43\/100|[from] item: Rocky Helmet|[of] p2a: Tangrowth\n|\n|t:|1595866901\n|switch|p1a: Aegislash|Aegislash, M|76\/100|[from]move: U-turn\n|\n|-heal|p1a: Aegislash|82\/100|[from] item: Leftovers\n|-damage|p2a: Tangrowth|66\/100 tox|[from] psn\n|upkeep\n|turn|21\n|\n|t:|1595866916\n|move|p1a: Aegislash|Substitute|p1a: Aegislash\n|-start|p1a: Aegislash|Substitute\n|-damage|p1a: Aegislash|57\/100\n|move|p2a: Tangrowth|Knock Off|p1a: Aegislash\n|-supereffective|p1a: Aegislash\n|-end|p1a: Aegislash|Substitute\n|\n|-heal|p1a: Aegislash|63\/100|[from] item: Leftovers\n|-damage|p2a: Tangrowth|54\/100 tox|[from] psn\n|upkeep\n|turn|22\n|\n|t:|1595866927\n|move|p1a: Aegislash|Substitute|p1a: Aegislash\n|-start|p1a: Aegislash|Substitute\n|-damage|p1a: Aegislash|39\/100\n|move|p2a: Tangrowth|Knock Off|p1a: Aegislash\n|-supereffective|p1a: Aegislash\n|-end|p1a: Aegislash|Substitute\n|\n|-heal|p1a: Aegislash|45\/100|[from] item: Leftovers\n|-damage|p2a: Tangrowth|35\/100 tox|[from] psn\n|upkeep\n|turn|23\n|\n|t:|1595866934\n|switch|p1a: Rotom|Rotom-Heat|60\/100\n|switch|p2a: Crawdaunt|Crawdaunt, M|88\/100\n|-damage|p2a: Crawdaunt|76\/100|[from] Stealth Rock\n|\n|upkeep\n|turn|24\n|\n|t:|1595866943\n|switch|p1a: Corviknight|Corviknight, M|79\/100\n|-ability|p1a: Corviknight|Pressure\n|move|p2a: Crawdaunt|Aqua Jet|p1a: Corviknight\n|-damage|p1a: Corviknight|55\/100\n|\n|-heal|p1a: Corviknight|61\/100|[from] item: Leftovers\n|upkeep\n|turn|25\n|\n|t:|1595866954\n|switch|p2a: Tangrowth|Tangrowth, M|68\/100 tox\n|-damage|p2a: Tangrowth|56\/100 tox|[from] Stealth Rock\n|move|p1a: Corviknight|U-turn|p2a: Tangrowth\n|-supereffective|p2a: Tangrowth\n|-damage|p2a: Tangrowth|40\/100 tox\n|-damage|p1a: Corviknight|45\/100|[from] item: Rocky Helmet|[of] p2a: Tangrowth\n|\n|t:|1595866960\n|switch|p1a: Aegislash|Aegislash, M|45\/100|[from]move: U-turn\n|\n|-heal|p1a: Aegislash|51\/100|[from] item: Leftovers\n|-damage|p2a: Tangrowth|33\/100 tox|[from] psn\n|upkeep\n|turn|26\n|\n|t:|1595866967\n|-formechange|p1a: Aegislash|Aegislash-Blade||[from] ability: Stance Change\n|move|p1a: Aegislash|Shadow Ball|p2a: Tangrowth\n|-damage|p2a: Tangrowth|0 fnt\n|faint|p2a: Tangrowth\n|\n|-heal|p1a: Aegislash|57\/100|[from] item: Leftovers\n|upkeep\n|\n|t:|1595866974\n|switch|p2a: Dragapult|Dragapult, M|88\/100\n|-damage|p2a: Dragapult|76\/100|[from] Stealth Rock\n|turn|27\n|\n|t:|1595866978\n|-formechange|p1a: Aegislash|Aegislash||[from] ability: Stance Change\n|move|p1a: Aegislash|King's Shield|p1a: Aegislash\n|-singleturn|p1a: Aegislash|Protect\n|move|p2a: Dragapult|Shadow Ball|p1a: Aegislash\n|-activate|p1a: Aegislash|move: Protect\n|\n|-heal|p1a: Aegislash|63\/100|[from] item: Leftovers\n|upkeep\n|turn|28\n|\n|t:|1595866996\n|switch|p1a: Clefable|Clefable, F|100\/100\n|move|p2a: Dragapult|Shadow Ball|p1a: Clefable\n|-damage|p1a: Clefable|76\/100\n|-unboost|p1a: Clefable|spd|1\n|\n|-heal|p1a: Clefable|82\/100|[from] item: Leftovers\n|upkeep\n|turn|29\n|c|\u2606Bl153|your team reminds me of early Sword and shield\n|c|\u2606delchef|you know why?\n|c|\u2606Bl153|nope\n|c|\u2606delchef|kuz i was searching my old teams lol\n|c|\u2606Bl153|ahhhh haha\n|c|\u2606Bl153|nice\n|\n|t:|1595867037\n|switch|p2a: Cinderace|Cinderace, M|55\/100\n|move|p1a: Clefable|Protect||[still]\n|-fail|p1a: Clefable\n|\n|-heal|p1a: Clefable|88\/100|[from] item: Leftovers\n|upkeep\n|turn|30\n|c|\u2606Bl153|I sort of figured\n|c|\u2606Bl153|it was something like that\n|\n|t:|1595867046\n|switch|p1a: Rotom|Rotom-Heat|60\/100\n|move|p2a: Cinderace|Pyro Ball|p1a: Rotom\n|-resisted|p1a: Rotom\n|-damage|p1a: Rotom|21\/100\n|\n|upkeep\n|turn|31\n|\n|t:|1595867056\n|move|p2a: Cinderace|Pyro Ball|p1a: Rotom\n|-resisted|p1a: Rotom\n|-damage|p1a: Rotom|0 fnt\n|faint|p1a: Rotom\n|\n|upkeep\n|\n|t:|1595867058\n|switch|p1a: Hydreigon|Hydreigon, M|43\/100\n|turn|32\n|\n|t:|1595867065\n|switch|p1a: Aegislash|Aegislash, M|63\/100\n|move|p2a: Cinderace|Gunk Shot|p1a: Aegislash\n|-start|p2a: Cinderace|typechange|Poison|[from] ability: Libero\n|-immune|p1a: Aegislash\n|\n|-heal|p1a: Aegislash|70\/100|[from] item: Leftovers\n|upkeep\n|turn|33\n|\n|t:|1595867071\n|move|p1a: Aegislash|King's Shield|p1a: Aegislash\n|-singleturn|p1a: Aegislash|Protect\n|move|p2a: Cinderace|Pyro Ball|p1a: Aegislash\n|-start|p2a: Cinderace|typechange|Fire|[from] ability: Libero\n|-activate|p1a: Aegislash|move: Protect\n|\n|-heal|p1a: Aegislash|76\/100|[from] item: Leftovers\n|upkeep\n|turn|34\n|\n|t:|1595867084\n|move|p2a: Cinderace|Pyro Ball|p1a: Aegislash\n|-supereffective|p1a: Aegislash\n|-damage|p1a: Aegislash|0 fnt\n|faint|p1a: Aegislash\n|\n|upkeep\n|\n|t:|1595867089\n|switch|p1a: Clefable|Clefable, F|88\/100\n|turn|35\n|c|\u2606Bl153|soccer rabbit OP\n|c|\u2606Bl153|with support\n|\n|t:|1595867095\n|move|p2a: Cinderace|Gunk Shot|p1a: Clefable|[miss]\n|-start|p2a: Cinderace|typechange|Poison|[from] ability: Libero\n|-miss|p2a: Cinderace|p1a: Clefable\n|move|p1a: Clefable|Thunder Wave|p2a: Cinderace\n|-status|p2a: Cinderace|par\n|\n|-heal|p1a: Clefable|94\/100|[from] item: Leftovers\n|upkeep\n|turn|36\n|\n|t:|1595867108\n|move|p2a: Cinderace|Pyro Ball|p1a: Clefable|[miss]\n|-start|p2a: Cinderace|typechange|Fire|[from] ability: Libero\n|-miss|p2a: Cinderace|p1a: Clefable\n|move|p1a: Clefable|Wish|p1a: Clefable\n|\n|-heal|p1a: Clefable|100\/100|[from] item: Leftovers\n|upkeep\n|turn|37\n|\n|t:|1595867118\n|switch|p1a: Hydreigon|Hydreigon, M|43\/100\n|move|p2a: Cinderace|U-turn|p1a: Hydreigon\n|-start|p2a: Cinderace|typechange|Bug|[from] ability: Libero\n|-supereffective|p1a: Hydreigon\n|-damage|p1a: Hydreigon|0 fnt\n|faint|p1a: Hydreigon\n|\n|t:|1595867126\n|switch|p2a: Zeraora|Zeraora|69\/100|[from]move: U-turn\n|-damage|p2a: Zeraora|56\/100|[from] Stealth Rock\n|\n|upkeep\n|\n|t:|1595867129\n|switch|p1a: Clefable|Clefable, F|100\/100\n|turn|38\n|\n|t:|1595867134\n|move|p2a: Zeraora|Knock Off|p1a: Clefable\n|-resisted|p1a: Clefable\n|-damage|p1a: Clefable|76\/100\n|-enditem|p1a: Clefable|Leftovers|[from] move: Knock Off|[of] p2a: Zeraora\n|-damage|p2a: Zeraora|47\/100|[from] item: Life Orb\n|move|p1a: Clefable|Moonblast|p2a: Zeraora\n|-damage|p2a: Zeraora|0 fnt\n|faint|p2a: Zeraora\n|\n|upkeep\n|\n|t:|1595867142\n|switch|p2a: Cinderace|Cinderace, M|55\/100 par\n|turn|39\n|\n|t:|1595867149\n|move|p1a: Clefable|Protect|p1a: Clefable\n|-singleturn|p1a: Clefable|Protect\n|cant|p2a: Cinderace|par\n|\n|upkeep\n|turn|40\n|\n|t:|1595867154\n|switch|p1a: Corviknight|Corviknight, M|45\/100\n|-ability|p1a: Corviknight|Pressure\n|move|p2a: Cinderace|Pyro Ball|p1a: Corviknight\n|-supereffective|p1a: Corviknight\n|-damage|p1a: Corviknight|0 fnt\n|faint|p1a: Corviknight\n|\n|upkeep\n|\n|t:|1595867160\n|switch|p1a: Clefable|Clefable, F|76\/100\n|turn|41\n|c|\u2606Bl153|gg\n|c|\u2606delchef|gg\n|-message|delchef forfeited.\n|\n|win|Bl153\n|l|\u2606delchef\n||Ladder (probably) updated, but score could not be retrieved (Request timeout).\n","uploadtime":1595867174,"views":8,"p1id":"delchef","p2id":"bl153","formatid":"gen8ou","rating":0,"private":0,"password":null}