{"id":"gen8ou-1630864262","p1":"RTSG tests","p2":"LT91BB tq","format":"gen8ou","log":"|raw|<div class=\"broadcast-blue\"><strong>This battle is required to be public due to a player having a name starting with 'lt91bb'.<\/div>\n|j|\u2606RTSG tests\n|j|\u2606LT91BB tq\n|t:|1659472083\n|gametype|singles\n|player|p1|RTSG tests|birdkeeper|1586\n|player|p2|LT91BB tq|1|1615\n|teamsize|p1|6\n|teamsize|p2|6\n|gen|8\n|tier|[Gen 8] OU\n|rated|\n|rule|Sleep Clause Mod: Limit one foe put to sleep\n|rule|Species Clause: Limit one of each Pok\u00e9mon\n|rule|OHKO Clause: OHKO moves are banned\n|rule|Evasion Moves Clause: Evasion moves are banned\n|rule|Endless Battle Clause: Forcing endless battles is banned\n|rule|HP Percentage Mod: HP is shown in percentages\n|rule|Dynamax Clause: You cannot dynamax\n|clearpoke\n|poke|p1|Sceptile, M|\n|poke|p1|Salamence, M|\n|poke|p1|Excadrill, F|\n|poke|p1|Tapu Koko|\n|poke|p1|Magnezone|\n|poke|p1|Weavile, F|\n|poke|p2|Tapu Koko|\n|poke|p2|Urshifu-*, F|\n|poke|p2|Slowking-Galar, F|\n|poke|p2|Corviknight, F|\n|poke|p2|Landorus-Therian, M|\n|poke|p2|Weavile, M|\n|teampreview\n|inactive|Battle timer is ON: inactive players will automatically lose when time's up. (requested by RTSG tests)\n|\n|t:|1659472091\n|start\n|switch|p1a: Salamence|Salamence, M|100\/100\n|switch|p2a: Urshifu|Urshifu-Rapid-Strike, F|100\/100\n|turn|1\n|\n|t:|1659472097\n|switch|p2a: Corviknight|Corviknight, F|100\/100\n|-ability|p2a: Corviknight|Pressure\n|move|p1a: Salamence|Dual Wingbeat|p2a: Corviknight\n|-resisted|p2a: Corviknight\n|-damage|p2a: Corviknight|94\/100\n|-damage|p1a: Salamence|84\/100|[from] item: Rocky Helmet|[of] p2a: Corviknight\n|-resisted|p2a: Corviknight\n|-damage|p2a: Corviknight|88\/100\n|-damage|p1a: Salamence|67\/100|[from] item: Rocky Helmet|[of] p2a: Corviknight\n|-hitcount|p2a: Corviknight|2\n|\n|upkeep\n|turn|2\n|\n|t:|1659472103\n|move|p1a: Salamence|Dragon Dance|p1a: Salamence\n|-boost|p1a: Salamence|atk|1\n|-boost|p1a: Salamence|spe|1\n|move|p2a: Corviknight|U-turn|p1a: Salamence\n|-resisted|p1a: Salamence\n|-damage|p1a: Salamence|58\/100\n|\n|t:|1659472107\n|switch|p2a: Weavile|Weavile, M|100\/100|[from]move: U-turn\n|-ability|p2a: Weavile|Pressure\n|\n|upkeep\n|turn|3\n|\n|t:|1659472110\n|switch|p1a: Magnezone|Magnezone|100\/100\n|move|p2a: Weavile|Ice Shard|p1a: Magnezone\n|-resisted|p1a: Magnezone\n|-damage|p1a: Magnezone|90\/100\n|\n|upkeep\n|turn|4\n|\n|t:|1659472115\n|switch|p2a: Slowking|Slowking-Galar, F|100\/100\n|switch|p1a: Excadrill|Excadrill, F|100\/100\n|-ability|p1a: Excadrill|Mold Breaker\n|\n|upkeep\n|turn|5\n|\n|t:|1659472121\n|switch|p2a: Landorus|Landorus-Therian, M|100\/100\n|-ability|p2a: Landorus|Intimidate|boost\n|-unboost|p1a: Excadrill|atk|1\n|move|p1a: Excadrill|Stealth Rock|p2a: Landorus\n|-sidestart|p2: LT91BB tq|move: Stealth Rock\n|\n|upkeep\n|turn|6\n|\n|t:|1659472124\n|move|p1a: Excadrill|Toxic|p2a: Landorus\n|-status|p2a: Landorus|tox\n|move|p2a: Landorus|Stealth Rock|p1a: Excadrill\n|-sidestart|p1: RTSG tests|move: Stealth Rock\n|\n|-damage|p2a: Landorus|94\/100 tox|[from] psn\n|upkeep\n|turn|7\n|\n|t:|1659472128\n|move|p1a: Excadrill|Rapid Spin|p2a: Landorus\n|-damage|p2a: Landorus|84\/100 tox\n|-boost|p1a: Excadrill|spe|1\n|-sideend|p1: RTSG tests|Stealth Rock|[from] move: Rapid Spin|[of] p1a: Excadrill\n|move|p2a: Landorus|Earthquake|p1a: Excadrill\n|-supereffective|p1a: Excadrill\n|-enditem|p1a: Excadrill|Focus Sash\n|-damage|p1a: Excadrill|1\/100\n|\n|-heal|p2a: Landorus|90\/100 tox|[from] item: Leftovers\n|-damage|p2a: Landorus|78\/100 tox|[from] psn\n|upkeep\n|turn|8\n|\n|t:|1659472134\n|move|p1a: Excadrill|Rapid Spin|p2a: Landorus\n|-damage|p2a: Landorus|68\/100 tox\n|-boost|p1a: Excadrill|spe|1\n|move|p2a: Landorus|U-turn|p1a: Excadrill\n|-resisted|p1a: Excadrill\n|-damage|p1a: Excadrill|0 fnt\n|faint|p1a: Excadrill\n|\n|t:|1659472145\n|switch|p2a: Tapu Koko|Tapu Koko|100\/100|[from]move: U-turn\n|-fieldstart|move: Electric Terrain|[from] ability: Electric Surge|[of] p2a: Tapu Koko\n|\n|upkeep\n|\n|t:|1659472151\n|switch|p1a: Magnezone|Magnezone|90\/100\n|turn|9\n|\n|t:|1659472162\n|move|p2a: Tapu Koko|U-turn|p1a: Magnezone\n|-resisted|p1a: Magnezone\n|-damage|p1a: Magnezone|82\/100\n|\n|t:|1659472164\n|switch|p2a: Slowking|Slowking-Galar, F|100\/100|[from]move: U-turn\n|-damage|p2a: Slowking|88\/100|[from] Stealth Rock\n|move|p1a: Magnezone|Flash Cannon|p2a: Slowking\n|-damage|p2a: Slowking|59\/100\n|\n|upkeep\n|turn|10\n|\n|t:|1659472169\n|switch|p1a: Salamence|Salamence, M|58\/100\n|move|p2a: Slowking|Earthquake|p1a: Salamence\n|-immune|p1a: Salamence\n|\n|upkeep\n|turn|11\n|\n|t:|1659472174\n|switch|p2a: Corviknight|Corviknight, F|88\/100\n|-damage|p2a: Corviknight|75\/100|[from] Stealth Rock\n|-ability|p2a: Corviknight|Pressure\n|move|p1a: Salamence|Earthquake|p2a: Corviknight\n|-immune|p2a: Corviknight\n|\n|upkeep\n|turn|12\n|\n|t:|1659472177\n|switch|p1a: Magnezone|Magnezone|82\/100\n|move|p2a: Corviknight|U-turn|p1a: Magnezone\n|-resisted|p1a: Magnezone\n|-crit|p1a: Magnezone\n|-damage|p1a: Magnezone|71\/100\n|\n|t:|1659472181\n|switch|p2a: Slowking|Slowking-Galar, F|92\/100|[from]move: U-turn\n|-damage|p2a: Slowking|80\/100|[from] Stealth Rock\n|\n|-fieldend|move: Electric Terrain\n|upkeep\n|turn|13\n|\n|t:|1659472184\n|move|p1a: Magnezone|Volt Switch|p2a: Slowking\n|-damage|p2a: Slowking|54\/100\n|\n|t:|1659472187\n|switch|p1a: Tapu Koko|Tapu Koko|100\/100|[from]move: Volt Switch\n|-fieldstart|move: Electric Terrain|[from] ability: Electric Surge|[of] p1a: Tapu Koko\n|move|p2a: Slowking|Future Sight|p1a: Tapu Koko\n|-start|p2a: Slowking|move: Future Sight\n|\n|upkeep\n|turn|14\n|\n|t:|1659472204\n|move|p1a: Tapu Koko|Light Screen|p1a: Tapu Koko\n|-sidestart|p1: RTSG tests|move: Light Screen\n|move|p2a: Slowking|Earthquake|p1a: Tapu Koko\n|-supereffective|p1a: Tapu Koko\n|-damage|p1a: Tapu Koko|65\/100\n|\n|upkeep\n|turn|15\n|\n|t:|1659472221\n|move|p1a: Tapu Koko|Volt Switch|p2a: Slowking\n|-damage|p2a: Slowking|40\/100\n|\n|t:|1659472223\n|switch|p1a: Weavile|Weavile, F|100\/100|[from]move: Volt Switch\n|-ability|p1a: Weavile|Pressure\n|move|p2a: Slowking|Sludge Bomb|p1a: Weavile\n|-damage|p1a: Weavile|75\/100\n|-status|p1a: Weavile|psn\n|\n|-end|p1a: Weavile|move: Future Sight\n|-immune|p1a: Weavile\n|-damage|p1a: Weavile|62\/100 psn|[from] psn\n|upkeep\n|turn|16\n|\n|t:|1659472227\n|switch|p2a: Corviknight|Corviknight, F|75\/100\n|-damage|p2a: Corviknight|63\/100|[from] Stealth Rock\n|-ability|p2a: Corviknight|Pressure\n|move|p1a: Weavile|Swords Dance|p1a: Weavile\n|-boost|p1a: Weavile|atk|2\n|\n|-damage|p1a: Weavile|50\/100 psn|[from] psn\n|upkeep\n|turn|17\n|\n|t:|1659472230\n|move|p1a: Weavile|Knock Off|p2a: Corviknight\n|-damage|p2a: Corviknight|0 fnt\n|-damage|p1a: Weavile|33\/100 psn|[from] item: Rocky Helmet|[of] p2a: Corviknight\n|-enditem|p2a: Corviknight|Rocky Helmet|[from] move: Knock Off|[of] p1a: Weavile\n|faint|p2a: Corviknight\n|-damage|p1a: Weavile|23\/100 psn|[from] item: Life Orb\n|\n|-damage|p1a: Weavile|11\/100 psn|[from] psn\n|-fieldend|move: Electric Terrain\n|upkeep\n|\n|t:|1659472238\n|switch|p2a: Weavile|Weavile, M|100\/100\n|-ability|p2a: Weavile|Pressure\n|turn|18\n|\n|t:|1659472241\n|move|p2a: Weavile|Ice Shard|p1a: Weavile\n|-resisted|p1a: Weavile\n|-damage|p1a: Weavile|0 fnt\n|faint|p1a: Weavile\n|\n|upkeep\n|\n|t:|1659472247\n|switch|p1a: Magnezone|Magnezone|71\/100\n|turn|19\n|\n|t:|1659472255\n|switch|p2a: Tapu Koko|Tapu Koko|100\/100\n|-fieldstart|move: Electric Terrain|[from] ability: Electric Surge|[of] p2a: Tapu Koko\n|move|p1a: Magnezone|Volt Switch|p2a: Tapu Koko\n|-resisted|p2a: Tapu Koko\n|-damage|p2a: Tapu Koko|37\/100\n|\n|t:|1659472269\n|switch|p1a: Salamence|Salamence, M|58\/100|[from]move: Volt Switch\n|\n|upkeep\n|turn|20\n|\n|t:|1659472281\n|move|p2a: Tapu Koko|U-turn|p1a: Salamence\n|-resisted|p1a: Salamence\n|-damage|p1a: Salamence|48\/100\n|\n|t:|1659472282\n|switch|p2a: Landorus|Landorus-Therian, M|68\/100 tox|[from]move: U-turn\n|-damage|p2a: Landorus|55\/100 tox|[from] Stealth Rock\n|-ability|p2a: Landorus|Intimidate|boost\n|-unboost|p1a: Salamence|atk|1\n|move|p1a: Salamence|Dragon Dance|p1a: Salamence\n|-boost|p1a: Salamence|atk|1\n|-boost|p1a: Salamence|spe|1\n|\n|-heal|p2a: Landorus|61\/100 tox|[from] item: Leftovers\n|-damage|p2a: Landorus|55\/100 tox|[from] psn\n|upkeep\n|turn|21\n|\n|t:|1659472287\n|move|p1a: Salamence|Substitute|p1a: Salamence\n|-start|p1a: Salamence|Substitute\n|-damage|p1a: Salamence|23\/100\n|move|p2a: Landorus|Toxic||[still]\n|-fail|p2a: Landorus\n|\n|-heal|p2a: Landorus|61\/100 tox|[from] item: Leftovers\n|-damage|p2a: Landorus|49\/100 tox|[from] psn\n|-sideend|p1: RTSG tests|move: Light Screen\n|upkeep\n|turn|22\n|\n|t:|1659472293\n|move|p1a: Salamence|Dragon Dance|p1a: Salamence\n|-boost|p1a: Salamence|atk|1\n|-boost|p1a: Salamence|spe|1\n|move|p2a: Landorus|U-turn|p1a: Salamence\n|-resisted|p1a: Salamence\n|-activate|p1a: Salamence|move: Substitute|[damage]\n|\n|t:|1659472299\n|switch|p2a: Weavile|Weavile, M|100\/100|[from]move: U-turn\n|-ability|p2a: Weavile|Pressure\n|\n|upkeep\n|turn|23\n|\n|t:|1659472304\n|move|p1a: Salamence|Dual Wingbeat|p2a: Weavile\n|-damage|p2a: Weavile|48\/100\n|-damage|p2a: Weavile|0 fnt\n|faint|p2a: Weavile\n|-ability|p1a: Salamence|Moxie|boost\n|-boost|p1a: Salamence|atk|1\n|-hitcount|p2: Weavile|2\n|\n|-fieldend|move: Electric Terrain\n|upkeep\n|-message|LT91BB tq forfeited.\n|\n|win|RTSG tests\n|raw|RTSG tests's rating: 1586 &rarr; <strong>1608<\/strong><br \/>(+22 for winning)\n|raw|LT91BB tq's rating: 1615 &rarr; <strong>1593<\/strong><br \/>(-22 for losing)\n|l|\u2606LT91BB tq\n","uploadtime":1659472311,"views":11,"p1id":"rtsgtests","p2id":"lt91bbtq","formatid":"gen8ou","rating":1593,"private":0,"password":null}