{"id":"gen8ou-1635283392","p1":"RaichuLovesAcid","p2":"BeastyJ157","format":"gen8ou","log":"|j|\u2606RaichuLovesAcid\n|j|\u2606BeastyJ157\n|inactive|Battle timer is ON: inactive players will automatically lose when time's up.\n|t:|1659994312\n|gametype|singles\n|player|p1|RaichuLovesAcid|teamrocket|\n|player|p2|BeastyJ157|lucas|\n|teamsize|p1|6\n|teamsize|p2|6\n|gen|8\n|tier|[Gen 8] OU\n|rated|Tournament battle\n|rule|Sleep Clause Mod: Limit one foe put to sleep\n|rule|Species Clause: Limit one of each Pok\u00e9mon\n|rule|OHKO Clause: OHKO moves are banned\n|rule|Evasion Items Clause: Evasion items are banned\n|rule|Evasion Moves Clause: Evasion moves are banned\n|rule|Endless Battle Clause: Forcing endless battles is banned\n|rule|HP Percentage Mod: HP is shown in percentages\n|rule|Dynamax Clause: You cannot dynamax\n|clearpoke\n|poke|p1|Garchomp, M|\n|poke|p1|Ferrothorn, F|\n|poke|p1|Heatran, F|\n|poke|p1|Zapdos|\n|poke|p1|Tapu Fini|\n|poke|p1|Weavile, M|\n|poke|p2|Garchomp, M|\n|poke|p2|Ferrothorn, M|\n|poke|p2|Clefable, F|\n|poke|p2|Tornadus-Therian, M|\n|poke|p2|Weavile, F|\n|poke|p2|Tapu Fini|\n|teampreview\n|inactive|BeastyJ157 also wants the timer to be on.\n|j| Juni01\n|c|\u2606BeastyJ157|how did u not dq lol\n|c|\u2606BeastyJ157|well dm hf\n|\n|t:|1659994337\n|start\n|switch|p1a: Heatran|Heatran, F|100\/100\n|switch|p2a: IShowSpeed|Weavile, F, shiny|100\/100\n|-ability|p2a: IShowSpeed|Pressure\n|-item|p1a: Heatran|Air Balloon\n|turn|1\n|\n|t:|1659994347\n|switch|p2a: IShowQuick|Garchomp, M|100\/100\n|move|p1a: Heatran|Stealth Rock|p2a: IShowQuick\n|-sidestart|p2: BeastyJ157|move: Stealth Rock\n|\n|upkeep\n|turn|2\n|inactive|RaichuLovesAcid has 120 seconds left.\n|\n|t:|1659994377\n|switch|p1a: Tapu Fini|Tapu Fini|100\/100\n|-fieldstart|move: Misty Terrain|[from] ability: Misty Surge|[of] p1a: Tapu Fini\n|move|p2a: IShowQuick|Stealth Rock|p1a: Tapu Fini\n|-sidestart|p1: RaichuLovesAcid|move: Stealth Rock\n|\n|upkeep\n|turn|3\n|inactive|RaichuLovesAcid has 120 seconds left.\n|\n|t:|1659994395\n|switch|p2a: Tapu Fini|Tapu Fini|100\/100\n|-damage|p2a: Tapu Fini|88\/100|[from] Stealth Rock\n|move|p1a: Tapu Fini|Nature's Madness|p2a: Tapu Fini\n|-damage|p2a: Tapu Fini|45\/100\n|\n|-heal|p2a: Tapu Fini|51\/100|[from] item: Leftovers\n|upkeep\n|turn|4\n|inactive|RaichuLovesAcid has 120 seconds left.\n|j|%htcl (>\u25e1<)\n|\n|t:|1659994415\n|switch|p1a: Ferrothorn|Ferrothorn, F|100\/100\n|-damage|p1a: Ferrothorn|94\/100|[from] Stealth Rock\n|move|p2a: Tapu Fini|Moonblast|p1a: Ferrothorn\n|-resisted|p1a: Ferrothorn\n|-damage|p1a: Ferrothorn|82\/100\n|\n|-heal|p2a: Tapu Fini|57\/100|[from] item: Leftovers\n|upkeep\n|turn|5\n|\n|t:|1659994426\n|switch|p2a: IShowMedicirity|Clefable, F|100\/100\n|move|p1a: Ferrothorn|Spikes|p2a: IShowMedicirity\n|-sidestart|p2: BeastyJ157|Spikes\n|\n|upkeep\n|turn|6\n|inactive|RaichuLovesAcid has 120 seconds left.\n|\n|t:|1659994434\n|move|p2a: IShowMedicirity|Calm Mind|p2a: IShowMedicirity\n|-boost|p2a: IShowMedicirity|spa|1\n|-boost|p2a: IShowMedicirity|spd|1\n|move|p1a: Ferrothorn|Iron Head|p2a: IShowMedicirity\n|-supereffective|p2a: IShowMedicirity\n|-damage|p2a: IShowMedicirity|54\/100\n|\n|-fieldend|Misty Terrain\n|upkeep\n|turn|7\n|\n|t:|1659994445\n|switch|p2a: Tapu Fini|Tapu Fini|57\/100\n|-damage|p2a: Tapu Fini|45\/100|[from] Stealth Rock\n|-damage|p2a: Tapu Fini|32\/100|[from] Spikes\n|-fieldstart|move: Misty Terrain|[from] ability: Misty Surge|[of] p2a: Tapu Fini\n|move|p1a: Ferrothorn|Iron Head|p2a: Tapu Fini\n|-damage|p2a: Tapu Fini|10\/100\n|\n|-heal|p2a: Tapu Fini|16\/100|[from] item: Leftovers\n|upkeep\n|turn|8\n|\n|t:|1659994456\n|move|p2a: Tapu Fini|Defog|p1a: Ferrothorn\n|-unboost|p1a: Ferrothorn|evasion|1\n|-sideend|p1: RaichuLovesAcid|Stealth Rock|[from] move: Defog|[of] p2a: Tapu Fini\n|-sideend|p2: BeastyJ157|Spikes|[from] move: Defog|[of] p2a: Tapu Fini\n|-sideend|p2: BeastyJ157|Stealth Rock|[from] move: Defog|[of] p2a: Tapu Fini\n|-fieldend|Misty Terrain\n|move|p1a: Ferrothorn|Spikes|p2a: Tapu Fini\n|-sidestart|p2: BeastyJ157|Spikes\n|\n|-heal|p2a: Tapu Fini|22\/100|[from] item: Leftovers\n|upkeep\n|turn|9\n|\n|t:|1659994466\n|move|p2a: Tapu Fini|Defog|p1a: Ferrothorn\n|-unboost|p1a: Ferrothorn|evasion|1\n|-sideend|p2: BeastyJ157|Spikes|[from] move: Defog|[of] p2a: Tapu Fini\n|move|p1a: Ferrothorn|Leech Seed|p2a: Tapu Fini\n|-start|p2a: Tapu Fini|move: Leech Seed\n|\n|-heal|p2a: Tapu Fini|28\/100|[from] item: Leftovers\n|-damage|p2a: Tapu Fini|16\/100|[from] Leech Seed|[of] p1a: Ferrothorn\n|-heal|p1a: Ferrothorn|94\/100|[silent]\n|upkeep\n|turn|10\n|\n|t:|1659994471\n|move|p2a: Tapu Fini|Taunt|p1a: Ferrothorn\n|-start|p1a: Ferrothorn|move: Taunt\n|move|p1a: Ferrothorn|Knock Off|p2a: Tapu Fini\n|-resisted|p2a: Tapu Fini\n|-damage|p2a: Tapu Fini|7\/100\n|-enditem|p2a: Tapu Fini|Leftovers|[from] move: Knock Off|[of] p1a: Ferrothorn\n|\n|-damage|p2a: Tapu Fini|0 fnt|[from] Leech Seed|[of] p1a: Ferrothorn\n|-heal|p1a: Ferrothorn|100\/100|[silent]\n|faint|p2a: Tapu Fini\n|upkeep\n|\n|t:|1659994480\n|switch|p2a: IShowVelocity|Tornadus-Therian, M|100\/100\n|turn|11\n|\n|t:|1659994485\n|switch|p1a: Heatran|Heatran, F|100\/100\n|-item|p1a: Heatran|Air Balloon\n|move|p2a: IShowVelocity|Nasty Plot|p2a: IShowVelocity\n|-boost|p2a: IShowVelocity|spa|2\n|\n|upkeep\n|turn|12\n|\n|t:|1659994499\n|switch|p1a: Zapdos|Zapdos|100\/100\n|move|p2a: IShowVelocity|Focus Blast|p1a: Zapdos\n|-resisted|p1a: Zapdos\n|-damage|p1a: Zapdos|62\/100\n|\n|upkeep\n|turn|13\n|\n|t:|1659994506\n|move|p2a: IShowVelocity|Hurricane|p1a: Zapdos\n|-resisted|p1a: Zapdos\n|-damage|p1a: Zapdos|5\/100\n|-start|p1a: Zapdos|confusion\n|-activate|p1a: Zapdos|confusion\n|move|p1a: Zapdos|Volt Switch|p2a: IShowVelocity\n|-supereffective|p2a: IShowVelocity\n|-damage|p2a: IShowVelocity|0 fnt\n|faint|p2a: IShowVelocity\n|l| Juni01\n|inactive|RaichuLovesAcid has 120 seconds left.\n|\n|t:|1659994536\n|switch|p1a: Heatran|Heatran, F|100\/100|[from]move: Volt Switch\n|-item|p1a: Heatran|Air Balloon\n|\n|upkeep\n|\n|t:|1659994546\n|switch|p2a: IShowQuick|Garchomp, M|100\/100\n|turn|14\n|\n|t:|1659994557\n|switch|p1a: Ferrothorn|Ferrothorn, F|100\/100\n|move|p2a: IShowQuick|Scale Shot|p1a: Ferrothorn\n|-resisted|p1a: Ferrothorn\n|-damage|p1a: Ferrothorn|97\/100\n|-resisted|p1a: Ferrothorn\n|-damage|p1a: Ferrothorn|93\/100\n|-resisted|p1a: Ferrothorn\n|-damage|p1a: Ferrothorn|88\/100\n|-hitcount|p1a: Ferrothorn|3\n|-unboost|p2a: IShowQuick|def|1\n|-boost|p2a: IShowQuick|spe|1\n|\n|upkeep\n|turn|15\n|\n|t:|1659994569\n|move|p2a: IShowQuick|Stealth Rock|p1a: Ferrothorn\n|-sidestart|p1: RaichuLovesAcid|move: Stealth Rock\n|move|p1a: Ferrothorn|Spikes|p2a: IShowQuick\n|-sidestart|p2: BeastyJ157|Spikes\n|\n|upkeep\n|turn|16\n|\n|t:|1659994578\n|switch|p2a: IShowSlow|Ferrothorn, M, shiny|100\/100\n|-damage|p2a: IShowSlow|88\/100|[from] Spikes\n|move|p1a: Ferrothorn|Spikes|p2a: IShowSlow\n|-sidestart|p2: BeastyJ157|Spikes\n|\n|-heal|p2a: IShowSlow|94\/100|[from] item: Leftovers\n|upkeep\n|turn|17\n|\n|t:|1659994583\n|move|p2a: IShowSlow|Spikes|p1a: Ferrothorn\n|-sidestart|p1: RaichuLovesAcid|Spikes\n|move|p1a: Ferrothorn|Knock Off|p2a: IShowSlow\n|-damage|p2a: IShowSlow|83\/100\n|-damage|p1a: Ferrothorn|76\/100|[from] ability: Iron Barbs|[of] p2a: IShowSlow\n|-enditem|p2a: IShowSlow|Leftovers|[from] move: Knock Off|[of] p1a: Ferrothorn\n|\n|upkeep\n|turn|18\n|\n|t:|1659994589\n|switch|p1a: Zapdos|Zapdos|5\/100\n|move|p2a: IShowSlow|Knock Off|p1a: Zapdos\n|-damage|p1a: Zapdos|0 fnt\n|-enditem|p1a: Zapdos|Heavy-Duty Boots|[from] move: Knock Off|[of] p2a: IShowSlow\n|faint|p1a: Zapdos\n|\n|upkeep\n|\n|t:|1659994614\n|switch|p1a: Heatran|Heatran, F|100\/100\n|-damage|p1a: Heatran|88\/100|[from] Stealth Rock\n|-item|p1a: Heatran|Air Balloon\n|turn|19\n|\n|t:|1659994623\n|move|p1a: Heatran|Stealth Rock|p2a: IShowSlow\n|-sidestart|p2: BeastyJ157|move: Stealth Rock\n|move|p2a: IShowSlow|Body Press|p1a: Heatran\n|-supereffective|p1a: Heatran\n|-damage|p1a: Heatran|24\/100\n|-enditem|p1a: Heatran|Air Balloon\n|\n|upkeep\n|turn|20\n|j| bloodclipse\n|l| bloodclipse\n|\n|t:|1659994632\n|switch|p2a: IShowQuick|Garchomp, M|100\/100\n|-damage|p2a: IShowQuick|84\/100|[from] Spikes\n|-damage|p2a: IShowQuick|78\/100|[from] Stealth Rock\n|move|p1a: Heatran|Magma Storm|p2a: IShowQuick\n|-resisted|p2a: IShowQuick\n|-damage|p2a: IShowQuick|49\/100\n|-activate|p2a: IShowQuick|move: Magma Storm|[of] p1a: Heatran\n|\n|-heal|p2a: IShowQuick|55\/100|[from] item: Leftovers\n|-damage|p2a: IShowQuick|43\/100|[from] move: Magma Storm|[partiallytrapped]\n|upkeep\n|turn|21\n|\n|t:|1659994657\n|switch|p1a: Ferrothorn|Ferrothorn, F|76\/100\n|-damage|p1a: Ferrothorn|70\/100|[from] Stealth Rock\n|-damage|p1a: Ferrothorn|57\/100|[from] Spikes\n|move|p2a: IShowQuick|Earthquake|p1a: Ferrothorn\n|-damage|p1a: Ferrothorn|27\/100\n|\n|-heal|p2a: IShowQuick|49\/100|[from] item: Leftovers\n|-end|p2a: IShowQuick|Magma Storm|[partiallytrapped]|[silent]\n|upkeep\n|turn|22\n|\n|t:|1659994664\n|move|p2a: IShowQuick|Earthquake|p1a: Ferrothorn\n|-damage|p1a: Ferrothorn|0 fnt\n|faint|p1a: Ferrothorn\n|\n|-heal|p2a: IShowQuick|55\/100|[from] item: Leftovers\n|upkeep\n|\n|t:|1659994670\n|switch|p1a: Weavile|Weavile, M|100\/100\n|-damage|p1a: Weavile|76\/100|[from] Stealth Rock\n|-damage|p1a: Weavile|63\/100|[from] Spikes\n|-ability|p1a: Weavile|Pressure\n|turn|23\n|\n|t:|1659994692\n|switch|p2a: IShowMedicirity|Clefable, F|54\/100\n|move|p1a: Weavile|Triple Axel|p2a: IShowMedicirity\n|-damage|p2a: IShowMedicirity|43\/100\n|-damage|p2a: IShowMedicirity|19\/100\n|-hitcount|p2a: IShowMedicirity|2\n|\n|upkeep\n|turn|24\n|j| bloodclipse\n|\n|t:|1659994708\n|move|p1a: Weavile|Triple Axel|p2a: IShowMedicirity\n|-damage|p2a: IShowMedicirity|7\/100\n|-damage|p2a: IShowMedicirity|0 fnt\n|faint|p2a: IShowMedicirity\n|-hitcount|p2: IShowMedicirity|2\n|\n|upkeep\n|\n|t:|1659994710\n|switch|p2a: IShowSlow|Ferrothorn, M, shiny|83\/100\n|-damage|p2a: IShowSlow|67\/100|[from] Spikes\n|-damage|p2a: IShowSlow|61\/100|[from] Stealth Rock\n|turn|25\n|inactive|RaichuLovesAcid has 120 seconds left.\n|\n|t:|1659994739\n|switch|p1a: Garchomp|Garchomp, M|100\/100\n|-damage|p1a: Garchomp|94\/100|[from] Stealth Rock\n|-damage|p1a: Garchomp|82\/100|[from] Spikes\n|move|p2a: IShowSlow|Body Press|p1a: Garchomp\n|-damage|p1a: Garchomp|53\/100\n|-damage|p2a: IShowSlow|48\/100|[from] ability: Rough Skin|[of] p1a: Garchomp\n|\n|-heal|p1a: Garchomp|60\/100|[from] item: Leftovers\n|upkeep\n|turn|26\n|\n|t:|1659994744\n|move|p1a: Garchomp|Fire Blast|p2a: IShowSlow\n|-supereffective|p2a: IShowSlow\n|-damage|p2a: IShowSlow|0 fnt\n|faint|p2a: IShowSlow\n|\n|-heal|p1a: Garchomp|66\/100|[from] item: Leftovers\n|upkeep\n|\n|t:|1659994749\n|switch|p2a: IShowSpeed|Weavile, F, shiny|100\/100\n|-damage|p2a: IShowSpeed|84\/100|[from] Spikes\n|-damage|p2a: IShowSpeed|59\/100|[from] Stealth Rock\n|-ability|p2a: IShowSpeed|Pressure\n|turn|27\n|\n|t:|1659994761\n|move|p2a: IShowSpeed|Poison Jab|p1a: Garchomp\n|-resisted|p1a: Garchomp\n|-damage|p1a: Garchomp|47\/100\n|-damage|p2a: IShowSpeed|47\/100|[from] ability: Rough Skin|[of] p1a: Garchomp\n|move|p1a: Garchomp|Earthquake|p2a: IShowSpeed\n|-damage|p2a: IShowSpeed|0 fnt\n|faint|p2a: IShowSpeed\n|\n|-heal|p1a: Garchomp|53\/100|[from] item: Leftovers\n|upkeep\n|c|\u2606BeastyJ157|gg\n|-message|BeastyJ157 forfeited.\n|\n|win|RaichuLovesAcid\n|n|\u2606RaichuLovesAcid|raichulovesacid\n|n|\u2606BeastyJ157|beastyj157\n|n| htcl (>\u25e1<)|htcl\n|n| bloodclipse|bloodclipse\n|l|\u2606BeastyJ157\n|c|\u2606RaichuLovesAcid|gg\n|l| htcl (>\u25e1<)\n","uploadtime":1659994781,"views":28,"p1id":"raichulovesacid","p2id":"beastyj157","formatid":"gen8ou","rating":0,"private":0,"password":null}