{"id":"gen8ou-1670134756","p1":"machugen","p2":"Cracky sap","format":"gen8ou","log":"|j|\u2606machugen\n|j|\u2606Cracky sap\n|t:|1664132015\n|gametype|singles\n|player|p1|machugen|byron|1612\n|player|p2|Cracky sap|266|1570\n|teamsize|p1|6\n|teamsize|p2|6\n|gen|8\n|tier|[Gen 8] OU\n|rated|\n|rule|Sleep Clause Mod: Limit one foe put to sleep\n|rule|Species Clause: Limit one of each Pok\u00e9mon\n|rule|OHKO Clause: OHKO moves are banned\n|rule|Evasion Items Clause: Evasion items are banned\n|rule|Evasion Moves Clause: Evasion moves are banned\n|rule|Endless Battle Clause: Forcing endless battles is banned\n|rule|HP Percentage Mod: HP is shown in percentages\n|rule|Dynamax Clause: You cannot dynamax\n|clearpoke\n|poke|p1|Rillaboom, F|\n|poke|p1|Kartana|\n|poke|p1|Clefable, M|\n|poke|p1|Heatran, F|\n|poke|p1|Gastrodon-East, M|\n|poke|p1|Tornadus-Therian, M|\n|poke|p2|Ferrothorn, F|\n|poke|p2|Rotom-Wash|\n|poke|p2|Tyranitar, F|\n|poke|p2|Excadrill, F|\n|poke|p2|Clefable, F|\n|poke|p2|Dragapult, M|\n|teampreview\n|inactive|Battle timer is ON: inactive players will automatically lose when time's up. (requested by Cracky sap)\n|\n|t:|1664132042\n|start\n|switch|p1a: Clefable|Clefable, M|100\/100\n|switch|p2a: Dragapult|Dragapult, M|100\/100\n|turn|1\n|\n|t:|1664132068\n|move|p2a: Dragapult|U-turn|p1a: Clefable\n|-resisted|p1a: Clefable\n|-damage|p1a: Clefable|94\/100\n|-damage|p2a: Dragapult|84\/100|[from] item: Rocky Helmet|[of] p1a: Clefable\n|\n|t:|1664132076\n|switch|p2a: Clefable|Clefable, F|100\/100|[from]move: U-turn\n|move|p1a: Clefable|Moonblast|p2a: Clefable\n|-damage|p2a: Clefable|73\/100\n|\n|upkeep\n|turn|2\n|\n|t:|1664132088\n|move|p2a: Clefable|Knock Off|p1a: Clefable\n|-resisted|p1a: Clefable\n|-damage|p1a: Clefable|89\/100\n|-enditem|p1a: Clefable|Rocky Helmet|[from] move: Knock Off|[of] p2a: Clefable\n|move|p1a: Clefable|Thunder Wave|p2a: Clefable\n|-status|p2a: Clefable|par\n|\n|upkeep\n|turn|3\n|\n|t:|1664132095\n|move|p1a: Clefable|Moonblast|p2a: Clefable\n|-damage|p2a: Clefable|43\/100 par\n|-unboost|p2a: Clefable|spa|1\n|move|p2a: Clefable|Stealth Rock|p1a: Clefable\n|-sidestart|p1: machugen|move: Stealth Rock\n|\n|upkeep\n|turn|4\n|\n|t:|1664132100\n|switch|p1a: Tornadus|Tornadus-Therian, M|100\/100\n|move|p2a: Clefable|Soft-Boiled|p2a: Clefable\n|-heal|p2a: Clefable|93\/100 par\n|\n|upkeep\n|turn|5\n|\n|t:|1664132106\n|move|p1a: Tornadus|Defog|p2a: Clefable\n|-unboost|p2a: Clefable|evasion|1\n|-sideend|p1: machugen|Stealth Rock|[from] move: Defog|[of] p1a: Tornadus\n|move|p2a: Clefable|Knock Off|p1a: Tornadus\n|-damage|p1a: Tornadus|84\/100\n|-enditem|p1a: Tornadus|Heavy-Duty Boots|[from] move: Knock Off|[of] p2a: Clefable\n|\n|upkeep\n|turn|6\n|\n|t:|1664132112\n|move|p1a: Tornadus|Hurricane|p2a: Clefable\n|-damage|p2a: Clefable|55\/100 par\n|cant|p2a: Clefable|par\n|\n|upkeep\n|turn|7\n|\n|t:|1664132116\n|move|p1a: Tornadus|Hurricane|p2a: Clefable\n|-damage|p2a: Clefable|18\/100 par\n|move|p2a: Clefable|Soft-Boiled|p2a: Clefable\n|-heal|p2a: Clefable|68\/100 par\n|\n|upkeep\n|turn|8\n|\n|t:|1664132121\n|move|p1a: Tornadus|Hurricane|p2a: Clefable\n|-damage|p2a: Clefable|32\/100 par\n|move|p2a: Clefable|Soft-Boiled|p2a: Clefable\n|-heal|p2a: Clefable|82\/100 par\n|\n|upkeep\n|turn|9\n|\n|t:|1664132129\n|switch|p2a: Tyranitar|Tyranitar, F|100\/100\n|-weather|Sandstorm|[from] ability: Sand Stream|[of] p2a: Tyranitar\n|move|p1a: Tornadus|Taunt|p2a: Tyranitar\n|-start|p2a: Tyranitar|move: Taunt\n|\n|-weather|Sandstorm|[upkeep]\n|-damage|p1a: Tornadus|78\/100|[from] Sandstorm\n|upkeep\n|turn|10\n|\n|t:|1664132142\n|move|p1a: Tornadus|U-turn|p2a: Tyranitar\n|-supereffective|p2a: Tyranitar\n|-damage|p2a: Tyranitar|73\/100\n|\n|t:|1664132144\n|switch|p1a: Gastrodon|Gastrodon-East, M|100\/100|[from]move: U-turn\n|move|p2a: Tyranitar|Stone Edge|p1a: Gastrodon\n|-resisted|p1a: Gastrodon\n|-crit|p1a: Gastrodon\n|-damage|p1a: Gastrodon|32\/100\n|\n|-weather|Sandstorm|[upkeep]\n|-heal|p1a: Gastrodon|38\/100|[from] item: Leftovers\n|upkeep\n|turn|11\n|\n|t:|1664132156\n|switch|p2a: Clefable|Clefable, F|82\/100 par\n|move|p1a: Gastrodon|Recover|p1a: Gastrodon\n|-heal|p1a: Gastrodon|88\/100\n|\n|-weather|Sandstorm|[upkeep]\n|-heal|p1a: Gastrodon|94\/100|[from] item: Leftovers\n|upkeep\n|turn|12\n|\n|t:|1664132163\n|switch|p1a: Tornadus|Tornadus-Therian, M|100\/100\n|move|p2a: Clefable|Stealth Rock|p1a: Tornadus\n|-sidestart|p1: machugen|move: Stealth Rock\n|\n|-weather|Sandstorm|[upkeep]\n|-damage|p1a: Tornadus|94\/100|[from] Sandstorm\n|upkeep\n|turn|13\n|\n|t:|1664132168\n|move|p1a: Tornadus|Defog|p2a: Clefable\n|-unboost|p2a: Clefable|evasion|1\n|-sideend|p1: machugen|Stealth Rock|[from] move: Defog|[of] p1a: Tornadus\n|move|p2a: Clefable|Moonblast|p1a: Tornadus\n|-damage|p1a: Tornadus|64\/100\n|-unboost|p1a: Tornadus|spa|1\n|\n|-weather|none\n|upkeep\n|turn|14\n|\n|t:|1664132176\n|move|p1a: Tornadus|Taunt|p2a: Clefable\n|-start|p2a: Clefable|move: Taunt\n|cant|p2a: Clefable|move: Taunt|Stealth Rock\n|\n|upkeep\n|turn|15\n|\n|t:|1664132182\n|switch|p2a: Ferrothorn|Ferrothorn, F|100\/100\n|move|p1a: Tornadus|U-turn|p2a: Ferrothorn\n|-damage|p2a: Ferrothorn|93\/100\n|-damage|p1a: Tornadus|52\/100|[from] ability: Iron Barbs|[of] p2a: Ferrothorn\n|\n|t:|1664132184\n|switch|p1a: Heatran|Heatran, F|100\/100|[from]move: U-turn\n|\n|-heal|p2a: Ferrothorn|99\/100|[from] item: Leftovers\n|upkeep\n|turn|16\n|\n|t:|1664132190\n|switch|p2a: Rotom|Rotom-Wash|100\/100\n|move|p1a: Heatran|Stealth Rock|p2a: Rotom\n|-sidestart|p2: Cracky sap|move: Stealth Rock\n|\n|upkeep\n|turn|17\n|\n|t:|1664132195\n|switch|p1a: Clefable|Clefable, M|89\/100\n|move|p2a: Rotom|Hydro Pump|p1a: Clefable\n|-damage|p1a: Clefable|54\/100\n|\n|upkeep\n|turn|18\n|\n|t:|1664132201\n|move|p2a: Rotom|Volt Switch|p1a: Clefable\n|-damage|p1a: Clefable|30\/100\n|\n|t:|1664132205\n|switch|p2a: Clefable|Clefable, F|82\/100 par|[from]move: Volt Switch\n|move|p1a: Clefable|Soft-Boiled|p1a: Clefable\n|-heal|p1a: Clefable|80\/100\n|\n|upkeep\n|turn|19\n|\n|t:|1664132208\n|move|p1a: Clefable|Moonblast|p2a: Clefable\n|-damage|p2a: Clefable|52\/100 par\n|cant|p2a: Clefable|par\n|\n|upkeep\n|turn|20\n|\n|t:|1664132212\n|switch|p1a: Heatran|Heatran, F|100\/100\n|move|p2a: Clefable|Stealth Rock|p1a: Heatran\n|-sidestart|p1: machugen|move: Stealth Rock\n|\n|upkeep\n|turn|21\n|\n|t:|1664132222\n|switch|p2a: Rotom|Rotom-Wash|100\/100\n|-damage|p2a: Rotom|88\/100|[from] Stealth Rock\n|move|p1a: Heatran|Magma Storm|p2a: Rotom\n|-resisted|p2a: Rotom\n|-damage|p2a: Rotom|67\/100\n|-activate|p2a: Rotom|move: Magma Storm|[of] p1a: Heatran\n|\n|-heal|p2a: Rotom|73\/100|[from] item: Leftovers\n|-damage|p2a: Rotom|61\/100|[from] move: Magma Storm|[partiallytrapped]\n|upkeep\n|turn|22\n|\n|t:|1664132231\n|move|p2a: Rotom|Hydro Pump|p1a: Heatran|[miss]\n|-miss|p2a: Rotom|p1a: Heatran\n|move|p1a: Heatran|Taunt|p2a: Rotom\n|-start|p2a: Rotom|move: Taunt\n|\n|-heal|p2a: Rotom|67\/100|[from] item: Leftovers\n|-damage|p2a: Rotom|54\/100|[from] move: Magma Storm|[partiallytrapped]\n|upkeep\n|turn|23\n|\n|t:|1664132236\n|switch|p1a: Gastrodon|Gastrodon-East, M|94\/100\n|-damage|p1a: Gastrodon|88\/100|[from] Stealth Rock\n|move|p2a: Rotom|Hydro Pump|p1a: Gastrodon\n|-ability|p1a: Gastrodon|Storm Drain|boost\n|-boost|p1a: Gastrodon|spa|1\n|\n|-heal|p2a: Rotom|61\/100|[from] item: Leftovers\n|-heal|p1a: Gastrodon|94\/100|[from] item: Leftovers\n|-end|p2a: Rotom|Magma Storm|[partiallytrapped]|[silent]\n|upkeep\n|turn|24\n|\n|t:|1664132244\n|switch|p2a: Ferrothorn|Ferrothorn, F|99\/100\n|-damage|p2a: Ferrothorn|93\/100|[from] Stealth Rock\n|move|p1a: Gastrodon|Scald|p2a: Ferrothorn\n|-resisted|p2a: Ferrothorn\n|-damage|p2a: Ferrothorn|76\/100\n|-status|p2a: Ferrothorn|brn\n|\n|-heal|p1a: Gastrodon|99\/100|[from] item: Leftovers\n|-heal|p2a: Ferrothorn|82\/100 brn|[from] item: Leftovers\n|-damage|p2a: Ferrothorn|76\/100 brn|[from] brn\n|upkeep\n|turn|25\n|\n|t:|1664132250\n|move|p1a: Gastrodon|Earth Power|p2a: Ferrothorn\n|-damage|p2a: Ferrothorn|40\/100 brn\n|move|p2a: Ferrothorn|Leech Seed|p1a: Gastrodon\n|-start|p1a: Gastrodon|move: Leech Seed\n|\n|-heal|p1a: Gastrodon|100\/100|[from] item: Leftovers\n|-heal|p2a: Ferrothorn|47\/100 brn|[from] item: Leftovers\n|-damage|p1a: Gastrodon|88\/100|[from] Leech Seed|[of] p2a: Ferrothorn\n|-heal|p2a: Ferrothorn|62\/100 brn|[silent]\n|-damage|p2a: Ferrothorn|55\/100 brn|[from] brn\n|upkeep\n|turn|26\n|\n|t:|1664132260\n|switch|p1a: Clefable|Clefable, M|80\/100\n|switch|p2a: Rotom|Rotom-Wash|61\/100\n|-damage|p2a: Rotom|48\/100|[from] Stealth Rock\n|\n|-heal|p2a: Rotom|54\/100|[from] item: Leftovers\n|upkeep\n|turn|27\n|\n|t:|1664132267\n|switch|p1a: Gastrodon|Gastrodon-East, M|88\/100\n|-damage|p1a: Gastrodon|82\/100|[from] Stealth Rock\n|move|p2a: Rotom|Hydro Pump|p1a: Gastrodon\n|-ability|p1a: Gastrodon|Storm Drain|boost\n|-boost|p1a: Gastrodon|spa|1\n|\n|-heal|p2a: Rotom|61\/100|[from] item: Leftovers\n|-heal|p1a: Gastrodon|88\/100|[from] item: Leftovers\n|upkeep\n|turn|28\n|\n|t:|1664132271\n|move|p2a: Rotom|Toxic|p1a: Gastrodon\n|-status|p1a: Gastrodon|tox\n|move|p1a: Gastrodon|Toxic|p2a: Rotom|[miss]\n|-miss|p1a: Gastrodon|p2a: Rotom\n|\n|-heal|p2a: Rotom|67\/100|[from] item: Leftovers\n|-heal|p1a: Gastrodon|94\/100 tox|[from] item: Leftovers\n|-damage|p1a: Gastrodon|88\/100 tox|[from] psn\n|upkeep\n|turn|29\n|\n|t:|1664132283\n|switch|p2a: Ferrothorn|Ferrothorn, F|55\/100 brn\n|-damage|p2a: Ferrothorn|49\/100 brn|[from] Stealth Rock\n|switch|p1a: Clefable|Clefable, M|80\/100\n|\n|-heal|p2a: Ferrothorn|55\/100 brn|[from] item: Leftovers\n|-damage|p2a: Ferrothorn|49\/100 brn|[from] brn\n|upkeep\n|turn|30\n|\n|t:|1664132290\n|move|p1a: Clefable|Aromatherapy|p1a: Clefable\n|-activate|p1a: Clefable|move: Aromatherapy\n|-curestatus|p1: Gastrodon|tox|[msg]\n|move|p2a: Ferrothorn|Spikes|p1a: Clefable\n|-sidestart|p1: machugen|Spikes\n|\n|-heal|p2a: Ferrothorn|55\/100 brn|[from] item: Leftovers\n|-damage|p2a: Ferrothorn|49\/100 brn|[from] brn\n|upkeep\n|turn|31\n|\n|t:|1664132297\n|switch|p1a: Tornadus|Tornadus-Therian, M|85\/100\n|-damage|p1a: Tornadus|60\/100|[from] Stealth Rock\n|move|p2a: Ferrothorn|Leech Seed|p1a: Tornadus\n|-start|p1a: Tornadus|move: Leech Seed\n|\n|-heal|p2a: Ferrothorn|55\/100 brn|[from] item: Leftovers\n|-damage|p1a: Tornadus|48\/100|[from] Leech Seed|[of] p2a: Ferrothorn\n|-heal|p2a: Ferrothorn|68\/100 brn|[silent]\n|-damage|p2a: Ferrothorn|62\/100 brn|[from] brn\n|upkeep\n|turn|32\n|\n|t:|1664132312\n|switch|p2a: Dragapult|Dragapult, M|84\/100\n|-damage|p2a: Dragapult|72\/100|[from] Stealth Rock\n|move|p1a: Tornadus|Defog|p2a: Dragapult\n|-unboost|p2a: Dragapult|evasion|1\n|-sideend|p2: Cracky sap|Stealth Rock|[from] move: Defog|[of] p1a: Tornadus\n|-sideend|p1: machugen|Spikes|[from] move: Defog|[of] p1a: Tornadus\n|-sideend|p1: machugen|Stealth Rock|[from] move: Defog|[of] p1a: Tornadus\n|\n|-damage|p1a: Tornadus|35\/100|[from] Leech Seed|[of] p2a: Dragapult\n|-heal|p2a: Dragapult|86\/100|[silent]\n|upkeep\n|turn|33\n|\n|t:|1664132325\n|switch|p1a: Heatran|Heatran, F|100\/100\n|move|p2a: Dragapult|Shadow Ball|p1a: Heatran\n|-damage|p1a: Heatran|64\/100\n|\n|-heal|p1a: Heatran|70\/100|[from] item: Leftovers\n|upkeep\n|turn|34\n|\n|t:|1664132332\n|move|p2a: Dragapult|Shadow Ball|p1a: Heatran\n|-damage|p1a: Heatran|35\/100\n|move|p1a: Heatran|Stealth Rock|p2a: Dragapult\n|-sidestart|p2: Cracky sap|move: Stealth Rock\n|\n|-heal|p1a: Heatran|42\/100|[from] item: Leftovers\n|upkeep\n|turn|35\n|\n|t:|1664132336\n|switch|p1a: Gastrodon|Gastrodon-East, M|88\/100\n|move|p2a: Dragapult|Shadow Ball|p1a: Gastrodon\n|-damage|p1a: Gastrodon|48\/100\n|-unboost|p1a: Gastrodon|spd|1\n|\n|-heal|p1a: Gastrodon|54\/100|[from] item: Leftovers\n|upkeep\n|turn|36\n|\n|t:|1664132342\n|switch|p1a: Heatran|Heatran, F|42\/100\n|move|p2a: Dragapult|Shadow Ball|p1a: Heatran\n|-crit|p1a: Heatran\n|-damage|p1a: Heatran|0 fnt\n|faint|p1a: Heatran\n|\n|upkeep\n|\n|t:|1664132347\n|switch|p1a: Kartana|Kartana|100\/100\n|turn|37\n|\n|t:|1664132351\n|switch|p2a: Ferrothorn|Ferrothorn, F|62\/100 brn\n|-damage|p2a: Ferrothorn|56\/100 brn|[from] Stealth Rock\n|move|p1a: Kartana|Swords Dance|p1a: Kartana\n|-boost|p1a: Kartana|atk|2\n|\n|-heal|p2a: Ferrothorn|62\/100 brn|[from] item: Leftovers\n|-damage|p2a: Ferrothorn|56\/100 brn|[from] brn\n|upkeep\n|turn|38\n|\n|t:|1664132358\n|move|p1a: Kartana|Sacred Sword|p2a: Ferrothorn\n|-supereffective|p2a: Ferrothorn\n|-damage|p2a: Ferrothorn|0 fnt\n|-activate|p2a: Ferrothorn|ability: Iron Barbs\n|-activate|p1a: Kartana|item: Protective Pads\n|faint|p2a: Ferrothorn\n|-ability|p1a: Kartana|Beast Boost|boost\n|-boost|p1a: Kartana|atk|1\n|\n|upkeep\n|\n|t:|1664132363\n|switch|p2a: Dragapult|Dragapult, M|86\/100\n|-damage|p2a: Dragapult|74\/100|[from] Stealth Rock\n|turn|39\n|\n|t:|1664132368\n|switch|p1a: Tornadus|Tornadus-Therian, M|69\/100\n|move|p2a: Dragapult|Flamethrower|p1a: Tornadus\n|-damage|p1a: Tornadus|25\/100\n|\n|upkeep\n|turn|40\n|\n|t:|1664132373\n|switch|p1a: Gastrodon|Gastrodon-East, M|54\/100\n|move|p2a: Dragapult|Flamethrower|p1a: Gastrodon\n|-resisted|p1a: Gastrodon\n|-damage|p1a: Gastrodon|39\/100\n|\n|-heal|p1a: Gastrodon|45\/100|[from] item: Leftovers\n|upkeep\n|turn|41\n|\n|t:|1664132381\n|switch|p2a: Clefable|Clefable, F|52\/100 par\n|move|p1a: Gastrodon|Recover|p1a: Gastrodon\n|-heal|p1a: Gastrodon|95\/100\n|\n|-heal|p1a: Gastrodon|100\/100|[from] item: Leftovers\n|upkeep\n|turn|42\n|\n|t:|1664132388\n|switch|p1a: Tornadus|Tornadus-Therian, M|59\/100\n|cant|p2a: Clefable|par\n|\n|upkeep\n|turn|43\n|\n|t:|1664132391\n|move|p1a: Tornadus|Taunt|p2a: Clefable\n|-start|p2a: Clefable|move: Taunt\n|cant|p2a: Clefable|move: Taunt|Soft-Boiled\n|\n|upkeep\n|turn|44\n|\n|t:|1664132396\n|switch|p2a: Tyranitar|Tyranitar, F|73\/100\n|-damage|p2a: Tyranitar|61\/100|[from] Stealth Rock\n|-weather|Sandstorm|[from] ability: Sand Stream|[of] p2a: Tyranitar\n|move|p1a: Tornadus|U-turn|p2a: Tyranitar\n|-supereffective|p2a: Tyranitar\n|-damage|p2a: Tyranitar|34\/100\n|\n|t:|1664132402\n|switch|p1a: Kartana|Kartana|100\/100|[from]move: U-turn\n|\n|-weather|Sandstorm|[upkeep]\n|upkeep\n|turn|45\n|\n|t:|1664132408\n|move|p1a: Kartana|Leaf Blade|p2a: Tyranitar\n|-supereffective|p2a: Tyranitar\n|-damage|p2a: Tyranitar|0 fnt\n|faint|p2a: Tyranitar\n|-ability|p1a: Kartana|Beast Boost|boost\n|-boost|p1a: Kartana|atk|1\n|\n|-weather|Sandstorm|[upkeep]\n|upkeep\n|\n|t:|1664132412\n|switch|p2a: Dragapult|Dragapult, M|74\/100\n|-damage|p2a: Dragapult|61\/100|[from] Stealth Rock\n|turn|46\n|\n|t:|1664132422\n|switch|p1a: Clefable|Clefable, M|80\/100\n|move|p2a: Dragapult|Flamethrower|p1a: Clefable\n|-damage|p1a: Clefable|37\/100\n|\n|-weather|Sandstorm|[upkeep]\n|-damage|p2a: Dragapult|55\/100|[from] Sandstorm\n|upkeep\n|turn|47\n|\n|t:|1664132425\n|switch|p1a: Gastrodon|Gastrodon-East, M|100\/100\n|move|p2a: Dragapult|Flamethrower|p1a: Gastrodon\n|-resisted|p1a: Gastrodon\n|-damage|p1a: Gastrodon|86\/100\n|\n|-weather|Sandstorm|[upkeep]\n|-damage|p2a: Dragapult|49\/100|[from] Sandstorm\n|-heal|p1a: Gastrodon|92\/100|[from] item: Leftovers\n|upkeep\n|turn|48\n|\n|t:|1664132431\n|switch|p2a: Clefable|Clefable, F|52\/100 par\n|move|p1a: Gastrodon|Scald|p2a: Clefable\n|-crit|p2a: Clefable\n|-damage|p2a: Clefable|16\/100 par\n|\n|-weather|none\n|-heal|p1a: Gastrodon|98\/100|[from] item: Leftovers\n|upkeep\n|turn|49\n|\n|t:|1664132435\n|move|p1a: Gastrodon|Scald|p2a: Clefable\n|-damage|p2a: Clefable|0 fnt\n|faint|p2a: Clefable\n|\n|-heal|p1a: Gastrodon|100\/100|[from] item: Leftovers\n|upkeep\n|-message|Cracky sap forfeited.\n|\n|win|machugen\n|raw|machugen's rating: 1593 &rarr; <strong>1612<\/strong><br \/>(+19 for winning)\n|raw|Cracky sap's rating: 1570 &rarr; <strong>1551<\/strong><br \/>(-19 for losing)\n|l|\u2606Cracky sap\n","uploadtime":1664132443,"views":27,"p1id":"machugen","p2id":"crackysap","formatid":"gen8ou","rating":1551,"private":0,"password":null}