{"id":"gen8waterparadise-1371161508","p1":"lebanesestinker","p2":"AgentOcelot #001","format":"gen8waterparadise","log":"|j|\u2606lebanesestinker\n|j|\u2606AgentOcelot #001\n|t:|1625513467\n|gametype|singles\n|player|p1|lebanesestinker|policeman|1175\n|player|p2|AgentOcelot #001|169|1083\n|teamsize|p1|6\n|teamsize|p2|6\n|gen|8\n|tier|[Gen 8] Water Paradise\n|rated|\n|rule|Species Clause: Limit one of each Pok\u00e9mon\n|rule|Item Clause: Limit one of each item\n|clearpoke\n|poke|p1|Barbaracle, L50, M|\n|poke|p1|Ludicolo, L50, F|\n|poke|p1|Starmie, L50|\n|poke|p1|Lanturn, L50, F|\n|poke|p1|Sharpedo, L50, F|\n|poke|p1|Gyarados, L50, M|\n|poke|p2|Lapras, L50, F|\n|poke|p2|Toxapex, L50, F|\n|poke|p2|Gyarados, L50, M|\n|poke|p2|Ludicolo, L50, M|\n|poke|p2|Arctovish, L50|\n|poke|p2|Rotom-Wash, L50|\n|teampreview|3\n|inactive|Battle timer is ON: inactive players will automatically lose when time's up. (requested by AgentOcelot #001)\n|\n|t:|1625513504\n|start\n|switch|p1a: Sharpedo|Sharpedo, L50, F|100\/100\n|switch|p2a: Ludwig|Ludicolo, L50, M|100\/100\n|turn|1\n|\n|t:|1625513524\n|move|p1a: Sharpedo|Crunch|p2a: Ludwig\n|-damage|p2a: Ludwig|9\/100\n|move|p2a: Ludwig|Rain Dance|p2a: Ludwig\n|-weather|RainDance\n|\n|-weather|RainDance|[upkeep]\n|-ability|p1a: Sharpedo|Speed Boost|boost\n|-boost|p1a: Sharpedo|spe|1\n|upkeep\n|turn|2\n|\n|t:|1625513536\n|move|p2a: Ludwig|Seed Bomb|p1a: Sharpedo\n|-supereffective|p1a: Sharpedo\n|-damage|p1a: Sharpedo|0 fnt\n|faint|p1a: Sharpedo\n|\n|-weather|RainDance|[upkeep]\n|upkeep\n|\n|t:|1625513542\n|switch|p1a: Gyarados|Gyarados, L50, M|100\/100\n|turn|3\n|\n|t:|1625513545\n|-start|p1a: Gyarados|Dynamax\n|-heal|p1a: Gyarados|100\/100|[silent]\n|move|p2a: Ludwig|Thunder Punch|p1a: Gyarados\n|-supereffective|p1a: Gyarados\n|-damage|p1a: Gyarados|46\/100\n|-status|p1a: Gyarados|par\n|-enditem|p1a: Gyarados|Lum Berry|[eat]\n|-curestatus|p1a: Gyarados|par|[msg]\n|move|p1a: Gyarados|Max Airstream|p2a: Ludwig\n|-supereffective|p2a: Ludwig\n|-crit|p2a: Ludwig\n|-damage|p2a: Ludwig|0 fnt\n|-boost|p1a: Gyarados|spe|1\n|faint|p2a: Ludwig\n|-ability|p1a: Gyarados|Moxie|boost\n|-boost|p1a: Gyarados|atk|1\n|\n|-weather|RainDance|[upkeep]\n|upkeep\n|\n|t:|1625513564\n|switch|p2a: xQc|Rotom-Wash, L50|100\/100\n|turn|4\n|\n|t:|1625513576\n|move|p1a: Gyarados|Max Overgrowth|p2a: xQc\n|-supereffective|p2a: xQc\n|-enditem|p2a: xQc|Focus Sash\n|-damage|p2a: xQc|1\/100\n|-fieldstart|move: Grassy Terrain\n|move|p2a: xQc|Will-O-Wisp|p1a: Gyarados\n|-status|p1a: Gyarados|brn\n|\n|-weather|RainDance|[upkeep]\n|-damage|p1a: Gyarados|43\/100 brn|[from] brn\n|upkeep\n|turn|5\n|\n|t:|1625513589\n|move|p1a: Gyarados|Max Airstream|p2a: xQc\n|-resisted|p2a: xQc\n|-damage|p2a: xQc|0 fnt\n|-boost|p1a: Gyarados|spe|1\n|faint|p2a: xQc\n|-ability|p1a: Gyarados|Moxie|boost\n|-boost|p1a: Gyarados|atk|1\n|\n|-weather|none\n|-damage|p1a: Gyarados|40\/100 brn|[from] brn\n|-end|p1a: Gyarados|Dynamax\n|-heal|p1a: Gyarados|40\/100 brn|[silent]\n|upkeep\n|\n|t:|1625513599\n|switch|p2a: Pokimane|Lapras, L50, F|100\/100\n|turn|6\n|\n|t:|1625513604\n|move|p1a: Gyarados|Power Whip|p2a: Pokimane|[miss]\n|-miss|p1a: Gyarados|p2a: Pokimane\n|move|p2a: Pokimane|Freeze-Dry|p1a: Gyarados\n|-supereffective|p1a: Gyarados\n|-damage|p1a: Gyarados|0 fnt\n|faint|p1a: Gyarados\n|\n|upkeep\n|\n|t:|1625513606\n|switch|p1a: Barbaracle|Barbaracle, L50, M|100\/100\n|turn|7\n|\n|t:|1625513625\n|move|p1a: Barbaracle|Shell Smash|p1a: Barbaracle\n|-unboost|p1a: Barbaracle|def|1\n|-unboost|p1a: Barbaracle|spd|1\n|-boost|p1a: Barbaracle|atk|2\n|-boost|p1a: Barbaracle|spa|2\n|-boost|p1a: Barbaracle|spe|2\n|move|p2a: Pokimane|Thunderbolt|p1a: Barbaracle\n|-supereffective|p1a: Barbaracle\n|-damage|p1a: Barbaracle|4\/100\n|\n|-heal|p1a: Barbaracle|10\/100|[from] Grassy Terrain\n|upkeep\n|turn|8\n|\n|t:|1625513634\n|move|p2a: Pokimane|Ice Shard|p1a: Barbaracle\n|-resisted|p1a: Barbaracle\n|-damage|p1a: Barbaracle|1\/100\n|move|p1a: Barbaracle|Stone Edge|p2a: Pokimane\n|-supereffective|p2a: Pokimane\n|-damage|p2a: Pokimane|0 fnt\n|faint|p2a: Pokimane\n|\n|win|lebanesestinker\n|raw|lebanesestinker's rating: 1175 &rarr; <strong>1194<\/strong><br \/>(+19 for winning)\n|raw|AgentOcelot #001's rating: 1083 &rarr; <strong>1066<\/strong><br \/>(-17 for losing)\n|l|\u2606lebanesestinker\n|l|\u2606AgentOcelot #001\n||Ladder isn't responding, score probably updated but might not have (Request timeout).\n","uploadtime":1625513735,"views":9,"p1id":"lebanesestinker","p2id":"agentocelot001","formatid":"gen8waterparadise","rating":1066,"private":0,"password":null}