{"id":"gen8ou-1667779104","p1":"Chomp11","p2":"machugen","format":"gen8ou","log":"|j|\u2606Chomp11\n|j|\u2606machugen\n|t:|1663556380\n|gametype|singles\n|player|p1|Chomp11|steven|1794\n|player|p2|machugen|artist|1693\n|teamsize|p1|6\n|teamsize|p2|6\n|gen|8\n|tier|[Gen 8] OU\n|rated|\n|rule|Sleep Clause Mod: Limit one foe put to sleep\n|rule|Species Clause: Limit one of each Pok\u00e9mon\n|rule|OHKO Clause: OHKO moves are banned\n|rule|Evasion Items Clause: Evasion items are banned\n|rule|Evasion Moves Clause: Evasion moves are banned\n|rule|Endless Battle Clause: Forcing endless battles is banned\n|rule|HP Percentage Mod: HP is shown in percentages\n|rule|Dynamax Clause: You cannot dynamax\n|clearpoke\n|poke|p1|Hippowdon, M|\n|poke|p1|Dracozolt|\n|poke|p1|Zapdos|\n|poke|p1|Melmetal|\n|poke|p1|Blissey, F|\n|poke|p1|Ferrothorn, F|\n|poke|p2|Urshifu-*, M|\n|poke|p2|Tapu Lele|\n|poke|p2|Dragapult, F|\n|poke|p2|Tornadus-Therian, M|\n|poke|p2|Ferrothorn, M|\n|poke|p2|Landorus-Therian, M|\n|teampreview\n|\n|t:|1663556386\n|start\n|switch|p1a: Zapdos|Zapdos|100\/100\n|switch|p2a: Tornadus|Tornadus-Therian, M|100\/100\n|turn|1\n|\n|t:|1663556390\n|switch|p2a: Landorus|Landorus-Therian, M|100\/100\n|-ability|p2a: Landorus|Intimidate|boost\n|-unboost|p1a: Zapdos|atk|1\n|move|p1a: Zapdos|Discharge|p2a: Landorus\n|-immune|p2a: Landorus\n|\n|upkeep\n|turn|2\n|inactive|Battle timer is ON: inactive players will automatically lose when time's up. (requested by Chomp11)\n|\n|t:|1663556394\n|switch|p1a: Ferrothorn|Ferrothorn, F|100\/100\n|move|p2a: Landorus|U-turn|p1a: Ferrothorn\n|-damage|p1a: Ferrothorn|87\/100\n|-damage|p2a: Landorus|88\/100|[from] ability: Iron Barbs|[of] p1a: Ferrothorn\n|-damage|p2a: Landorus|72\/100|[from] item: Rocky Helmet|[of] p1a: Ferrothorn\n|\n|t:|1663556399\n|switch|p2a: Urshifu|Urshifu-Rapid-Strike, M|100\/100|[from]move: U-turn\n|\n|upkeep\n|turn|3\n|\n|t:|1663556407\n|switch|p1a: Zapdos|Zapdos|100\/100\n|move|p2a: Urshifu|Surging Strikes|p1a: Zapdos\n|-crit|p1a: Zapdos\n|-damage|p1a: Zapdos|83\/100\n|-crit|p1a: Zapdos\n|-damage|p1a: Zapdos|67\/100\n|-crit|p1a: Zapdos\n|-damage|p1a: Zapdos|51\/100\n|-hitcount|p1a: Zapdos|3\n|\n|upkeep\n|turn|4\n|\n|t:|1663556414\n|move|p2a: Urshifu|Taunt|p1a: Zapdos\n|-start|p1a: Zapdos|move: Taunt\n|move|p1a: Zapdos|Discharge|p2a: Urshifu\n|-supereffective|p2a: Urshifu\n|-damage|p2a: Urshifu|2\/100\n|\n|upkeep\n|turn|5\n|\n|t:|1663556422\n|switch|p1a: Hippowdon|Hippowdon, M|100\/100\n|-weather|Sandstorm|[from] ability: Sand Stream|[of] p1a: Hippowdon\n|move|p2a: Urshifu|U-turn|p1a: Hippowdon\n|-damage|p1a: Hippowdon|87\/100\n|\n|t:|1663556426\n|switch|p2a: Ferrothorn|Ferrothorn, M|100\/100|[from]move: U-turn\n|\n|-weather|Sandstorm|[upkeep]\n|upkeep\n|turn|6\n|\n|t:|1663556429\n|switch|p1a: Ferrothorn|Ferrothorn, F|87\/100\n|move|p2a: Ferrothorn|Stealth Rock|p1a: Ferrothorn\n|-sidestart|p1: Chomp11|move: Stealth Rock\n|\n|-weather|Sandstorm|[upkeep]\n|upkeep\n|turn|7\n|\n|t:|1663556432\n|move|p2a: Ferrothorn|Thunder Wave|p1a: Ferrothorn\n|-status|p1a: Ferrothorn|par\n|move|p1a: Ferrothorn|Knock Off|p2a: Ferrothorn\n|-damage|p2a: Ferrothorn|88\/100\n|-damage|p1a: Ferrothorn|75\/100 par|[from] ability: Iron Barbs|[of] p2a: Ferrothorn\n|-enditem|p2a: Ferrothorn|Leftovers|[from] move: Knock Off|[of] p1a: Ferrothorn\n|\n|-weather|Sandstorm|[upkeep]\n|upkeep\n|turn|8\n|\n|t:|1663556440\n|switch|p2a: Dragapult|Dragapult, F|100\/100\n|move|p1a: Ferrothorn|Body Press|p2a: Dragapult\n|-immune|p2a: Dragapult\n|\n|-weather|Sandstorm|[upkeep]\n|-damage|p2a: Dragapult|95\/100|[from] Sandstorm\n|upkeep\n|turn|9\n|\n|t:|1663556444\n|switch|p1a: Blissey|Blissey, F|100\/100\n|-damage|p1a: Blissey|88\/100|[from] Stealth Rock\n|move|p2a: Dragapult|U-turn|p1a: Blissey\n|-damage|p1a: Blissey|56\/100\n|\n|t:|1663556450\n|switch|p2a: Tornadus|Tornadus-Therian, M|100\/100|[from]move: U-turn\n|\n|-weather|Sandstorm|[upkeep]\n|-damage|p2a: Tornadus|94\/100|[from] Sandstorm\n|-damage|p1a: Blissey|50\/100|[from] Sandstorm\n|-heal|p1a: Blissey|56\/100|[from] item: Leftovers\n|upkeep\n|turn|10\n|\n|t:|1663556453\n|move|p2a: Tornadus|Knock Off|p1a: Blissey\n|-damage|p1a: Blissey|15\/100\n|-enditem|p1a: Blissey|Leftovers|[from] move: Knock Off|[of] p2a: Tornadus\n|move|p1a: Blissey|Thunder Wave|p2a: Tornadus\n|-status|p2a: Tornadus|par\n|\n|-weather|Sandstorm|[upkeep]\n|-damage|p2a: Tornadus|88\/100 par|[from] Sandstorm\n|-damage|p1a: Blissey|9\/100|[from] Sandstorm\n|upkeep\n|turn|11\n|\n|t:|1663556458\n|switch|p1a: Ferrothorn|Ferrothorn, F|75\/100 par\n|-damage|p1a: Ferrothorn|68\/100 par|[from] Stealth Rock\n|move|p2a: Tornadus|U-turn|p1a: Ferrothorn\n|-damage|p1a: Ferrothorn|59\/100 par\n|-damage|p2a: Tornadus|76\/100 par|[from] ability: Iron Barbs|[of] p1a: Ferrothorn\n|-damage|p2a: Tornadus|59\/100 par|[from] item: Rocky Helmet|[of] p1a: Ferrothorn\n|\n|t:|1663556461\n|switch|p2a: Dragapult|Dragapult, F|95\/100|[from]move: U-turn\n|\n|-weather|Sandstorm|[upkeep]\n|-damage|p2a: Dragapult|89\/100|[from] Sandstorm\n|upkeep\n|turn|12\n|\n|t:|1663556469\n|move|p2a: Dragapult|Shadow Ball|p1a: Ferrothorn\n|-damage|p1a: Ferrothorn|8\/100 par\n|cant|p1a: Ferrothorn|par\n|\n|-weather|none\n|upkeep\n|turn|13\n|\n|t:|1663556475\n|switch|p1a: Blissey|Blissey, F|9\/100\n|-damage|p1a: Blissey|0 fnt|[from] Stealth Rock\n|faint|p1a: Blissey\n|move|p2a: Dragapult|Shadow Ball|p1: Blissey|[notarget]\n|-fail|p2a: Dragapult\n|\n|upkeep\n|\n|t:|1663556479\n|switch|p1a: Melmetal|Melmetal|100\/100\n|-damage|p1a: Melmetal|94\/100|[from] Stealth Rock\n|turn|14\n|\n|t:|1663556487\n|switch|p2a: Ferrothorn|Ferrothorn, M|88\/100\n|move|p1a: Melmetal|Earthquake|p2a: Ferrothorn\n|-damage|p2a: Ferrothorn|65\/100\n|\n|-heal|p1a: Melmetal|100\/100|[from] item: Leftovers\n|upkeep\n|turn|15\n|\n|t:|1663556490\n|move|p1a: Melmetal|Superpower|p2a: Ferrothorn\n|-supereffective|p2a: Ferrothorn\n|-damage|p2a: Ferrothorn|3\/100\n|-unboost|p1a: Melmetal|atk|1\n|-unboost|p1a: Melmetal|def|1\n|-damage|p1a: Melmetal|88\/100|[from] ability: Iron Barbs|[of] p2a: Ferrothorn\n|move|p2a: Ferrothorn|Thunder Wave|p1a: Melmetal\n|-status|p1a: Melmetal|par\n|\n|-heal|p1a: Melmetal|94\/100 par|[from] item: Leftovers\n|upkeep\n|turn|16\n|\n|t:|1663556501\n|move|p2a: Ferrothorn|Leech Seed|p1a: Melmetal\n|-start|p1a: Melmetal|move: Leech Seed\n|move|p1a: Melmetal|Ice Punch|p2a: Ferrothorn\n|-damage|p2a: Ferrothorn|0 fnt\n|-damage|p1a: Melmetal|82\/100 par|[from] ability: Iron Barbs|[of] p2a: Ferrothorn\n|faint|p2a: Ferrothorn\n|\n|-heal|p1a: Melmetal|88\/100 par|[from] item: Leftovers\n|upkeep\n|\n|t:|1663556504\n|switch|p2a: Landorus|Landorus-Therian, M|72\/100\n|-ability|p2a: Landorus|Intimidate|boost\n|-unboost|p1a: Melmetal|atk|1\n|turn|17\n|\n|t:|1663556508\n|switch|p1a: Zapdos|Zapdos|51\/100\n|move|p2a: Landorus|Toxic|p1a: Zapdos\n|-status|p1a: Zapdos|tox\n|\n|-heal|p2a: Landorus|78\/100|[from] item: Leftovers\n|-damage|p1a: Zapdos|45\/100 tox|[from] psn\n|upkeep\n|turn|18\n|\n|t:|1663556515\n|switch|p2a: Dragapult|Dragapult, F|89\/100\n|move|p1a: Zapdos|Defog|p2a: Dragapult\n|-unboost|p2a: Dragapult|evasion|1\n|-sideend|p1: Chomp11|Stealth Rock|[from] move: Defog|[of] p1a: Zapdos\n|\n|-damage|p1a: Zapdos|32\/100 tox|[from] psn\n|upkeep\n|turn|19\n|\n|t:|1663556519\n|switch|p1a: Ferrothorn|Ferrothorn, F|8\/100 par\n|move|p2a: Dragapult|Shadow Ball|p1a: Ferrothorn\n|-damage|p1a: Ferrothorn|0 fnt\n|faint|p1a: Ferrothorn\n|\n|upkeep\n|\n|t:|1663556523\n|switch|p1a: Hippowdon|Hippowdon, M|87\/100\n|-weather|Sandstorm|[from] ability: Sand Stream|[of] p1a: Hippowdon\n|turn|20\n|\n|t:|1663556526\n|switch|p2a: Tornadus|Tornadus-Therian, M|92\/100 par\n|move|p1a: Hippowdon|Earthquake|p2a: Tornadus\n|-immune|p2a: Tornadus\n|\n|-weather|Sandstorm|[upkeep]\n|-damage|p2a: Tornadus|86\/100 par|[from] Sandstorm\n|upkeep\n|turn|21\n|\n|t:|1663556530\n|move|p2a: Tornadus|U-turn|p1a: Hippowdon\n|-damage|p1a: Hippowdon|79\/100\n|\n|t:|1663556532\n|switch|p2a: Landorus|Landorus-Therian, M|78\/100|[from]move: U-turn\n|-ability|p2a: Landorus|Intimidate|boost\n|-unboost|p1a: Hippowdon|atk|1\n|move|p1a: Hippowdon|Stealth Rock|p2a: Landorus\n|-sidestart|p2: machugen|move: Stealth Rock\n|\n|-weather|Sandstorm|[upkeep]\n|-heal|p2a: Landorus|84\/100|[from] item: Leftovers\n|upkeep\n|turn|22\n|\n|t:|1663556536\n|move|p2a: Landorus|U-turn|p1a: Hippowdon\n|-damage|p1a: Hippowdon|66\/100\n|\n|t:|1663556539\n|switch|p2a: Tornadus|Tornadus-Therian, M|100\/100 par|[from]move: U-turn\n|-damage|p2a: Tornadus|76\/100 par|[from] Stealth Rock\n|move|p1a: Hippowdon|Toxic||[still]\n|-fail|p1a: Hippowdon\n|\n|-weather|Sandstorm|[upkeep]\n|-damage|p2a: Tornadus|69\/100 par|[from] Sandstorm\n|upkeep\n|turn|23\n|\n|t:|1663556542\n|switch|p1a: Dracozolt|Dracozolt|100\/100\n|move|p2a: Tornadus|Knock Off|p1a: Dracozolt\n|-damage|p1a: Dracozolt|73\/100\n|-enditem|p1a: Dracozolt|Life Orb|[from] move: Knock Off|[of] p2a: Tornadus\n|\n|-weather|Sandstorm|[upkeep]\n|-damage|p2a: Tornadus|63\/100 par|[from] Sandstorm\n|upkeep\n|turn|24\n|\n|t:|1663556546\n|move|p1a: Dracozolt|Draco Meteor|p2a: Tornadus|[miss]\n|-miss|p1a: Dracozolt|p2a: Tornadus\n|move|p2a: Tornadus|U-turn|p1a: Dracozolt\n|-damage|p1a: Dracozolt|52\/100\n|\n|t:|1663556549\n|switch|p2a: Landorus|Landorus-Therian, M|84\/100|[from]move: U-turn\n|-damage|p2a: Landorus|71\/100|[from] Stealth Rock\n|-ability|p2a: Landorus|Intimidate|boost\n|-unboost|p1a: Dracozolt|atk|1\n|\n|-weather|Sandstorm|[upkeep]\n|-heal|p2a: Landorus|77\/100|[from] item: Leftovers\n|upkeep\n|turn|25\n|\n|t:|1663556551\n|switch|p1a: Zapdos|Zapdos|32\/100 tox\n|move|p2a: Landorus|Defog|p1a: Zapdos\n|-unboost|p1a: Zapdos|evasion|1\n|-sideend|p2: machugen|Stealth Rock|[from] move: Defog|[of] p2a: Landorus\n|\n|-weather|Sandstorm|[upkeep]\n|-damage|p1a: Zapdos|26\/100 tox|[from] Sandstorm\n|-heal|p2a: Landorus|83\/100|[from] item: Leftovers\n|-damage|p1a: Zapdos|20\/100 tox|[from] psn\n|upkeep\n|turn|26\n|\n|t:|1663556555\n|move|p1a: Zapdos|Heat Wave|p2a: Landorus\n|-damage|p2a: Landorus|62\/100\n|move|p2a: Landorus|Earthquake|p1a: Zapdos\n|-immune|p1a: Zapdos\n|\n|-weather|Sandstorm|[upkeep]\n|-damage|p1a: Zapdos|13\/100 tox|[from] Sandstorm\n|-heal|p2a: Landorus|68\/100|[from] item: Leftovers\n|-damage|p1a: Zapdos|1\/100 tox|[from] psn\n|upkeep\n|turn|27\n|\n|t:|1663556561\n|switch|p2a: Tornadus|Tornadus-Therian, M|97\/100 par\n|move|p1a: Zapdos|Roost|p1a: Zapdos\n|-heal|p1a: Zapdos|51\/100 tox\n|-singleturn|p1a: Zapdos|move: Roost\n|\n|-weather|none\n|-damage|p1a: Zapdos|32\/100 tox|[from] psn\n|upkeep\n|turn|28\n|\n|t:|1663556566\n|move|p1a: Zapdos|Roost|p1a: Zapdos\n|-heal|p1a: Zapdos|82\/100 tox\n|-singleturn|p1a: Zapdos|move: Roost\n|move|p2a: Tornadus|Icy Wind|p1a: Zapdos\n|-damage|p1a: Zapdos|68\/100 tox\n|-unboost|p1a: Zapdos|spe|1\n|\n|-damage|p1a: Zapdos|43\/100 tox|[from] psn\n|upkeep\n|turn|29\n|\n|t:|1663556573\n|switch|p1a: Melmetal|Melmetal|88\/100 par\n|move|p2a: Tornadus|U-turn|p1a: Melmetal\n|-resisted|p1a: Melmetal\n|-damage|p1a: Melmetal|84\/100 par\n|\n|t:|1663556576\n|switch|p2a: Urshifu|Urshifu-Rapid-Strike, M|2\/100|[from]move: U-turn\n|\n|-heal|p1a: Melmetal|90\/100 par|[from] item: Leftovers\n|upkeep\n|turn|30\n|\n|t:|1663556580\n|switch|p1a: Hippowdon|Hippowdon, M|66\/100\n|-weather|Sandstorm|[from] ability: Sand Stream|[of] p1a: Hippowdon\n|move|p2a: Urshifu|Surging Strikes|p1a: Hippowdon\n|-supereffective|p1a: Hippowdon\n|-crit|p1a: Hippowdon\n|-damage|p1a: Hippowdon|44\/100\n|-supereffective|p1a: Hippowdon\n|-crit|p1a: Hippowdon\n|-damage|p1a: Hippowdon|22\/100\n|-supereffective|p1a: Hippowdon\n|-crit|p1a: Hippowdon\n|-damage|p1a: Hippowdon|2\/100\n|-hitcount|p1a: Hippowdon|3\n|\n|-weather|Sandstorm|[upkeep]\n|-damage|p2a: Urshifu|0 fnt|[from] Sandstorm\n|faint|p2a: Urshifu\n|upkeep\n|j| Alexis5000\n|\n|t:|1663556590\n|switch|p2a: Dragapult|Dragapult, F|89\/100\n|turn|31\n|\n|t:|1663556604\n|switch|p1a: Zapdos|Zapdos|43\/100 tox\n|move|p2a: Dragapult|Shadow Ball|p1a: Zapdos\n|-damage|p1a: Zapdos|0 fnt\n|faint|p1a: Zapdos\n|\n|-weather|Sandstorm|[upkeep]\n|-damage|p2a: Dragapult|83\/100|[from] Sandstorm\n|upkeep\n|\n|t:|1663556608\n|switch|p1a: Dracozolt|Dracozolt|52\/100\n|turn|32\n|\n|t:|1663556612\n|switch|p2a: Tornadus|Tornadus-Therian, M|100\/100 par\n|move|p1a: Dracozolt|Bolt Beak|p2a: Tornadus\n|-supereffective|p2a: Tornadus\n|-damage|p2a: Tornadus|0 fnt\n|faint|p2a: Tornadus\n|\n|-weather|Sandstorm|[upkeep]\n|upkeep\n|\n|t:|1663556614\n|switch|p2a: Landorus|Landorus-Therian, M|68\/100\n|-ability|p2a: Landorus|Intimidate|boost\n|-unboost|p1a: Dracozolt|atk|1\n|turn|33\n|\n|t:|1663556619\n|switch|p1a: Hippowdon|Hippowdon, M|2\/100\n|move|p2a: Landorus|Earthquake|p1a: Hippowdon\n|-damage|p1a: Hippowdon|0 fnt\n|faint|p1a: Hippowdon\n|\n|-weather|Sandstorm|[upkeep]\n|-heal|p2a: Landorus|74\/100|[from] item: Leftovers\n|upkeep\n|\n|t:|1663556621\n|switch|p1a: Dracozolt|Dracozolt|52\/100\n|turn|34\n|\n|t:|1663556626\n|move|p1a: Dracozolt|Draco Meteor|p2a: Landorus\n|-damage|p2a: Landorus|47\/100\n|-unboost|p1a: Dracozolt|spa|2\n|move|p2a: Landorus|Earthquake|p1a: Dracozolt\n|-supereffective|p1a: Dracozolt\n|-damage|p1a: Dracozolt|0 fnt\n|faint|p1a: Dracozolt\n|\n|-weather|Sandstorm|[upkeep]\n|-heal|p2a: Landorus|53\/100|[from] item: Leftovers\n|upkeep\n|\n|t:|1663556629\n|switch|p1a: Melmetal|Melmetal|90\/100 par\n|turn|35\n|\n|t:|1663556631\n|move|p2a: Landorus|Earthquake|p1a: Melmetal\n|-supereffective|p1a: Melmetal\n|-damage|p1a: Melmetal|44\/100 par\n|cant|p1a: Melmetal|par\n|\n|-weather|Sandstorm|[upkeep]\n|-heal|p2a: Landorus|59\/100|[from] item: Leftovers\n|-heal|p1a: Melmetal|50\/100 par|[from] item: Leftovers\n|upkeep\n|turn|36\n|\n|t:|1663556633\n|move|p2a: Landorus|Earthquake|p1a: Melmetal\n|-supereffective|p1a: Melmetal\n|-damage|p1a: Melmetal|0 fnt\n|faint|p1a: Melmetal\n|\n|win|machugen\n|raw|Chomp11's rating: 1794 &rarr; <strong>1768<\/strong><br \/>(-26 for losing)\n|raw|machugen's rating: 1693 &rarr; <strong>1719<\/strong><br \/>(+26 for winning)\n","uploadtime":1663556636,"views":20,"p1id":"chomp11","p2id":"machugen","formatid":"gen8ou","rating":1719,"private":0,"password":null}