{"id":"gen8ou-1635423623","p1":"LT92PF rej","p2":"Infernoss","format":"gen8ou","log":"|raw|<div class=\"broadcast-blue\"><strong>This battle is required to be public due to a player having a name starting with 'lt92pf'.<\/div>\n|j|\u2606LT92PF rej\n|j|\u2606Infernoss\n|t:|1660008313\n|gametype|singles\n|player|p1|LT92PF rej|pokefanf-gen4|1752\n|player|p2|Infernoss|blue|1843\n|teamsize|p1|6\n|teamsize|p2|6\n|gen|8\n|tier|[Gen 8] OU\n|rated|\n|rule|Sleep Clause Mod: Limit one foe put to sleep\n|rule|Species Clause: Limit one of each Pok\u00e9mon\n|rule|OHKO Clause: OHKO moves are banned\n|rule|Evasion Items Clause: Evasion items are banned\n|rule|Evasion Moves Clause: Evasion moves are banned\n|rule|Endless Battle Clause: Forcing endless battles is banned\n|rule|HP Percentage Mod: HP is shown in percentages\n|rule|Dynamax Clause: You cannot dynamax\n|clearpoke\n|poke|p1|Ferrothorn, M|\n|poke|p1|Pelipper, F|\n|poke|p1|Barraskewda, M|\n|poke|p1|Nidoking, M|\n|poke|p1|Tapu Lele|\n|poke|p1|Zapdos|\n|poke|p2|Slowbro, F|\n|poke|p2|Hatterene, F|\n|poke|p2|Marowak-Alola, M|\n|poke|p2|Ferrothorn, F|\n|poke|p2|Garchomp, M|\n|poke|p2|Drampa, F|\n|teampreview\n|inactive|Battle timer is ON: inactive players will automatically lose when time's up. (requested by LT92PF rej)\n|j| Enzonana\n|\n|t:|1660008327\n|start\n|switch|p1a: Nidoking|Nidoking, M|100\/100\n|switch|p2a: Sharpo|Garchomp, M|100\/100\n|turn|1\n|\n|t:|1660008332\n|switch|p1a: Zapdos|Zapdos|100\/100\n|move|p2a: Sharpo|Earthquake|p1a: Zapdos\n|-immune|p1a: Zapdos\n|\n|upkeep\n|turn|2\n|j| RaiZen1704\n|\n|t:|1660008347\n|move|p2a: Sharpo|Swords Dance|p2a: Sharpo\n|-boost|p2a: Sharpo|atk|2\n|move|p1a: Zapdos|Hurricane|p2a: Sharpo|[miss]\n|-miss|p1a: Zapdos|p2a: Sharpo\n|\n|upkeep\n|turn|3\n|j| wanderbucuo\n|c| RaiZen1704|dons meetup\n|l| wanderbucuo\n|\n|t:|1660008353\n|switch|p1a: Tapu Lele|Tapu Lele|100\/100\n|-fieldstart|move: Psychic Terrain|[from] ability: Psychic Surge|[of] p1a: Tapu Lele\n|move|p2a: Sharpo|Stone Edge|p1a: Tapu Lele\n|-crit|p1a: Tapu Lele\n|-damage|p1a: Tapu Lele|0 fnt\n|faint|p1a: Tapu Lele\n|\n|upkeep\n|\n|t:|1660008361\n|switch|p1a: Barraskewda|Barraskewda, M|100\/100\n|turn|4\n|inactive|Infernoss has 120 seconds left.\n|\n|t:|1660008402\n|switch|p2a: Sonso|Slowbro, F|100\/100\n|move|p1a: Barraskewda|Flip Turn|p2a: Sonso\n|-resisted|p2a: Sonso\n|-damage|p2a: Sonso|89\/100\n|j| chainsawhand\n|\n|t:|1660008416\n|switch|p1a: Zapdos|Zapdos|100\/100|[from]move: Flip Turn\n|\n|upkeep\n|turn|5\n|\n|t:|1660008421\n|switch|p2a: Thorns|Ferrothorn, F|100\/100\n|move|p1a: Zapdos|Hurricane|p2a: Thorns\n|-damage|p2a: Thorns|67\/100\n|\n|upkeep\n|turn|6\n|\n|t:|1660008427\n|move|p1a: Zapdos|Volt Switch|p2a: Thorns\n|-resisted|p2a: Thorns\n|-damage|p2a: Thorns|55\/100\n|\n|t:|1660008429\n|switch|p1a: Ferrothorn|Ferrothorn, M|100\/100|[from]move: Volt Switch\n|move|p2a: Thorns|Leech Seed|p1a: Ferrothorn\n|-immune|p1a: Ferrothorn\n|\n|upkeep\n|turn|7\n|\n|t:|1660008435\n|move|p1a: Ferrothorn|Stealth Rock|p2a: Thorns\n|-sidestart|p2: Infernoss|move: Stealth Rock\n|move|p2a: Thorns|Stealth Rock|p1a: Ferrothorn\n|-sidestart|p1: LT92PF rej|move: Stealth Rock\n|\n|-fieldend|move: Psychic Terrain\n|upkeep\n|turn|8\n|j| LT92PF dragonnb\n|\n|t:|1660008444\n|switch|p1a: Nidoking|Nidoking, M|100\/100\n|-damage|p1a: Nidoking|95\/100|[from] Stealth Rock\n|switch|p2a: Falko|Drampa, F|100\/100\n|-damage|p2a: Falko|88\/100|[from] Stealth Rock\n|\n|upkeep\n|turn|9\n|j| have we gone\n|\n|t:|1660008452\n|move|p1a: Nidoking|Ice Beam|p2a: Falko\n|-supereffective|p2a: Falko\n|-damage|p2a: Falko|11\/100\n|move|p2a: Falko|Ice Beam|p1a: Nidoking\n|-supereffective|p1a: Nidoking\n|-damage|p1a: Nidoking|0 fnt\n|faint|p1a: Nidoking\n|\n|upkeep\n|\n|t:|1660008458\n|switch|p1a: Zapdos|Zapdos|100\/100\n|turn|10\n|j| LT92PF nagoL\n|\n|t:|1660008466\n|switch|p2a: Thorns|Ferrothorn, F|55\/100\n|-damage|p2a: Thorns|49\/100|[from] Stealth Rock\n|move|p1a: Zapdos|Volt Switch|p2a: Thorns\n|-resisted|p2a: Thorns\n|-damage|p2a: Thorns|37\/100\n|\n|t:|1660008470\n|switch|p1a: Barraskewda|Barraskewda, M|100\/100|[from]move: Volt Switch\n|-damage|p1a: Barraskewda|88\/100|[from] Stealth Rock\n|\n|upkeep\n|turn|11\n|j| Yuipo\n|\n|t:|1660008476\n|move|p1a: Barraskewda|Close Combat|p2a: Thorns\n|-supereffective|p2a: Thorns\n|-crit|p2a: Thorns\n|-damage|p2a: Thorns|0 fnt\n|-unboost|p1a: Barraskewda|def|1\n|-unboost|p1a: Barraskewda|spd|1\n|-damage|p1a: Barraskewda|76\/100|[from] ability: Iron Barbs|[of] p2a: Thorns\n|faint|p2a: Thorns\n|\n|upkeep\n|\n|t:|1660008487\n|switch|p2a: Gorra|Hatterene, F|100\/100\n|-damage|p2a: Gorra|88\/100|[from] Stealth Rock\n|turn|12\n|j| rheysali\n|\n|t:|1660008492\n|move|p1a: Barraskewda|Flip Turn|p2a: Gorra\n|-damage|p2a: Gorra|50\/100\n|\n|t:|1660008494\n|switch|p1a: Zapdos|Zapdos|100\/100|[from]move: Flip Turn\n|move|p2a: Gorra|Mystical Fire|p1a: Zapdos\n|-damage|p1a: Zapdos|74\/100\n|-unboost|p1a: Zapdos|spa|1\n|\n|upkeep\n|turn|13\n|\n|t:|1660008502\n|move|p1a: Zapdos|Hurricane|p2a: Gorra\n|-damage|p2a: Gorra|21\/100\n|move|p2a: Gorra|Trick Room|p2a: Gorra\n|-fieldstart|move: Trick Room|[of] p2a: Gorra\n|\n|upkeep\n|turn|14\n|j| LT92PF LOOR\n|c| LT92PF LOOR|rej\n|\n|t:|1660008510\n|switch|p1a: Ferrothorn|Ferrothorn, M|100\/100\n|-damage|p1a: Ferrothorn|95\/100|[from] Stealth Rock\n|move|p2a: Gorra|Healing Wish|p2a: Gorra\n|faint|p2a: Gorra\n|\n|upkeep\n|\n|t:|1660008516\n|switch|p2a: Falko|Drampa, F|11\/100\n|-heal|p2a: Falko|100\/100|[from] move: Healing Wish\n|-damage|p2a: Falko|88\/100|[from] Stealth Rock\n|turn|15\n|\n|t:|1660008523\n|switch|p1a: Pelipper|Pelipper, F|100\/100\n|-damage|p1a: Pelipper|76\/100|[from] Stealth Rock\n|-weather|RainDance|[from] ability: Drizzle|[of] p1a: Pelipper\n|move|p2a: Falko|Focus Blast|p1a: Pelipper\n|-resisted|p1a: Pelipper\n|-damage|p1a: Pelipper|43\/100\n|-unboost|p1a: Pelipper|spd|1\n|\n|-weather|RainDance|[upkeep]\n|upkeep\n|turn|16\n|n| BALOOR|lt92pfloor\n|\n|t:|1660008533\n|switch|p1a: Zapdos|Zapdos|74\/100\n|move|p2a: Falko|Ice Beam|p1a: Zapdos\n|-supereffective|p1a: Zapdos\n|-damage|p1a: Zapdos|0 fnt\n|faint|p1a: Zapdos\n|\n|-weather|RainDance|[upkeep]\n|upkeep\n|\n|t:|1660008539\n|switch|p1a: Ferrothorn|Ferrothorn, M|95\/100\n|-damage|p1a: Ferrothorn|89\/100|[from] Stealth Rock\n|turn|17\n|\n|t:|1660008543\n|move|p2a: Falko|Focus Blast|p1a: Ferrothorn\n|-supereffective|p1a: Ferrothorn\n|-damage|p1a: Ferrothorn|0 fnt\n|faint|p1a: Ferrothorn\n|\n|-weather|RainDance|[upkeep]\n|-fieldend|move: Trick Room\n|upkeep\n|\n|t:|1660008545\n|switch|p1a: Barraskewda|Barraskewda, M|76\/100\n|-damage|p1a: Barraskewda|64\/100|[from] Stealth Rock\n|turn|18\n|\n|t:|1660008553\n|switch|p2a: Sonso|Slowbro, F|100\/100\n|-damage|p2a: Sonso|88\/100|[from] Stealth Rock\n|move|p1a: Barraskewda|Close Combat|p2a: Sonso\n|-resisted|p2a: Sonso\n|-damage|p2a: Sonso|74\/100\n|-unboost|p1a: Barraskewda|def|1\n|-unboost|p1a: Barraskewda|spd|1\n|\n|-weather|RainDance|[upkeep]\n|upkeep\n|turn|19\n|\n|t:|1660008563\n|move|p1a: Barraskewda|Flip Turn|p2a: Sonso\n|-resisted|p2a: Sonso\n|-damage|p2a: Sonso|56\/100\n|\n|t:|1660008565\n|switch|p1a: Pelipper|Pelipper, F|43\/100|[from]move: Flip Turn\n|-damage|p1a: Pelipper|18\/100|[from] Stealth Rock\n|move|p2a: Sonso|Scald|p1a: Pelipper\n|-resisted|p1a: Pelipper\n|-damage|p1a: Pelipper|0 fnt\n|faint|p1a: Pelipper\n|\n|-weather|RainDance|[upkeep]\n|upkeep\n|\n|t:|1660008567\n|switch|p1a: Barraskewda|Barraskewda, M|64\/100\n|-damage|p1a: Barraskewda|52\/100|[from] Stealth Rock\n|turn|20\n|\n|t:|1660008577\n|move|p1a: Barraskewda|Liquidation|p2a: Sonso\n|-resisted|p2a: Sonso\n|-damage|p2a: Sonso|29\/100\n|move|p2a: Sonso|Trick Room|p2a: Sonso\n|-fieldstart|move: Trick Room|[of] p2a: Sonso\n|\n|-weather|RainDance|[upkeep]\n|upkeep\n|turn|21\n|\n|t:|1660008584\n|switch|p2a: Billy B.|Marowak-Alola, M|100\/100\n|-damage|p2a: Billy B.|76\/100|[from] Stealth Rock\n|move|p1a: Barraskewda|Flip Turn|p2a: Billy B.\n|-supereffective|p2a: Billy B.\n|-damage|p2a: Billy B.|0 fnt\n|faint|p2a: Billy B.\n|\n|-weather|RainDance|[upkeep]\n|upkeep\n|\n|t:|1660008592\n|switch|p2a: Sharpo|Garchomp, M|100\/100\n|-damage|p2a: Sharpo|94\/100|[from] Stealth Rock\n|turn|22\n|\n|t:|1660008598\n|move|p2a: Sharpo|Earthquake|p1a: Barraskewda\n|-damage|p1a: Barraskewda|0 fnt\n|faint|p1a: Barraskewda\n|\n|win|Infernoss\n|raw|LT92PF rej's rating: 1752 &rarr; <strong>1737<\/strong><br \/>(-15 for losing)\n|raw|Infernoss's rating: 1843 &rarr; <strong>1858<\/strong><br \/>(+15 for winning)\n|l| LT92PF nagoL\n|l|\u2606Infernoss\n|l| RaiZen1704\n||Ladder isn't responding, score probably updated but might not have (Request timeout).\n|l| Yuipo\n|j| RaiZen1704\n|l| chainsawhand\n|l|\u2606LT92PF rej\n|l| RaiZen1704\n|j| Kqt\n|l| LT92PF dragonnb\n|l| Kqt\n|l| rheysali\n|j| lt92pf leo\n|l| lt92pf leo\n|j| Santiago Bernabeu\n","uploadtime":1660008671,"views":29,"p1id":"lt92pfrej","p2id":"infernoss","formatid":"gen8ou","rating":1737,"private":0,"password":null}