{"id":"gen8ou-1109777138","p1":"Storm Zone","p2":"testotesto321","format":"gen8ou","log":"|j|\u2606Storm Zone\n|j|\u2606testotesto321\n|player|p1|Storm Zone|zinnia|1903\n|player|p2|testotesto321|bellelba|1667\n|teamsize|p1|6\n|teamsize|p2|6\n|gametype|singles\n|gen|8\n|tier|[Gen 8] OU\n|rated|\n|clearpoke\n|poke|p1|Seismitoad, M|\n|poke|p1|Cinderace, M|\n|poke|p1|Toxtricity, M|\n|poke|p1|Sigilyph, M|\n|poke|p1|Kommo-o, M|\n|poke|p1|Whimsicott, F|\n|poke|p2|Gengar, M|\n|poke|p2|Zeraora|\n|poke|p2|Clefable, F|\n|poke|p2|Hippowdon, F|\n|poke|p2|Corviknight, F|\n|poke|p2|Toxapex, F|\n|rule|Sleep Clause Mod: Limit one foe put to sleep\n|rule|Species Clause: Limit one of each Pok\u00e9mon\n|rule|OHKO Clause: OHKO moves are banned\n|rule|Evasion Moves Clause: Evasion moves are banned\n|rule|Endless Battle Clause: Forcing endless battles is banned\n|rule|HP Percentage Mod: HP is shown in percentages\n|rule|Dynamax Clause: You cannot dynamax\n|teampreview\n|\n|start\n|switch|p1a: Cyclops|Sigilyph, M|100\/100\n|switch|p2a: Clefable|Clefable, F, shiny|100\/100\n|turn|1\n|\n|move|p1a: Cyclops|Psyshock|p2a: Clefable\n|-damage|p2a: Clefable|44\/100\n|move|p2a: Clefable|Moonblast|p1a: Cyclops\n|-damage|p1a: Cyclops|25\/100\n|-unboost|p1a: Cyclops|spa|1\n|\n|upkeep\n|turn|2\n|\n|move|p1a: Cyclops|Psyshock|p2a: Clefable\n|-damage|p2a: Clefable|8\/100\n|move|p2a: Clefable|Soft-Boiled|p2a: Clefable\n|-heal|p2a: Clefable|58\/100\n|\n|upkeep\n|turn|3\n|\n|switch|p1a: Annie|Whimsicott, F|100\/100\n|move|p2a: Clefable|Soft-Boiled|p2a: Clefable\n|-heal|p2a: Clefable|100\/100\n|\n|upkeep\n|turn|4\n|\n|move|p1a: Annie|Switcheroo|p2a: Clefable\n|-activate|p1a: Annie|move: Trick|[of] p2a: Clefable\n|-item|p2a: Clefable|Choice Scarf|[from] move: Switcheroo\n|-item|p1a: Annie|Life Orb|[from] move: Switcheroo\n|move|p2a: Clefable|Thunder Wave|p1a: Annie\n|-status|p1a: Annie|par\n|\n|upkeep\n|turn|5\n|\n|switch|p2a: Corviknight|Corviknight, F, shiny|100\/100\n|-ability|p2a: Corviknight|Pressure\n|move|p1a: Annie|U-turn|p2a: Corviknight\n|-resisted|p2a: Corviknight\n|-damage|p2a: Corviknight|96\/100\n|-damage|p1a: Annie|91\/100 par|[from] item: Life Orb\n|\n|switch|p1a: Liberacy|Cinderace, M|100\/100|[from]move: U-turn\n|\n|-heal|p2a: Corviknight|100\/100|[from] item: Leftovers\n|upkeep\n|turn|6\n|\n|switch|p2a: Toxapex|Toxapex, F, shiny|100\/100\n|move|p1a: Liberacy|Pyro Ball|p2a: Toxapex\n|-resisted|p2a: Toxapex\n|-damage|p2a: Toxapex|84\/100\n|\n|-heal|p2a: Toxapex|91\/100|[from] item: Black Sludge\n|upkeep\n|turn|7\n|\n|switch|p2a: Corviknight|Corviknight, F, shiny|100\/100\n|-ability|p2a: Corviknight|Pressure\n|move|p1a: Liberacy|U-turn|p2a: Corviknight\n|-resisted|p2a: Corviknight\n|-damage|p2a: Corviknight|95\/100\n|\n|switch|p1a: Globox|Seismitoad, M|100\/100|[from]move: U-turn\n|\n|-heal|p2a: Corviknight|100\/100|[from] item: Leftovers\n|upkeep\n|turn|8\n|\n|move|p2a: Corviknight|U-turn|p1a: Globox\n|-damage|p1a: Globox|89\/100\n|\n|switch|p2a: Clefable|Clefable, F, shiny|100\/100|[from]move: U-turn\n|move|p1a: Globox|Stealth Rock|p2a: Clefable\n|-sidestart|p2: testotesto321|move: Stealth Rock\n|\n|-heal|p1a: Globox|95\/100|[from] item: Leftovers\n|upkeep\n|turn|9\n|\n|switch|p1a: Liberacy|Cinderace, M|100\/100\n|move|p2a: Clefable|Moonblast|p1a: Liberacy\n|-resisted|p1a: Liberacy\n|-damage|p1a: Liberacy|69\/100\n|\n|upkeep\n|turn|10\n|\n|switch|p2a: Toxapex|Toxapex, F, shiny|100\/100\n|-damage|p2a: Toxapex|88\/100|[from] Stealth Rock\n|move|p1a: Liberacy|U-turn|p2a: Toxapex\n|-resisted|p2a: Toxapex\n|-damage|p2a: Toxapex|81\/100\n|\n|switch|p1a: Kurt Cobain|Toxtricity, M|100\/100|[from]move: U-turn\n|\n|-heal|p2a: Toxapex|87\/100|[from] item: Black Sludge\n|upkeep\n|turn|11\n|\n|switch|p2a: Gengar|Gengar, M|100\/100\n|-damage|p2a: Gengar|88\/100|[from] Stealth Rock\n|move|p1a: Kurt Cobain|Shift Gear|p1a: Kurt Cobain\n|-boost|p1a: Kurt Cobain|spe|2\n|-boost|p1a: Kurt Cobain|atk|1\n|\n|upkeep\n|turn|12\n|\n|switch|p2a: Clefable|Clefable, F, shiny|100\/100\n|move|p1a: Kurt Cobain|Overdrive|p2a: Clefable\n|-damage|p2a: Clefable|40\/100\n|-enditem|p1a: Kurt Cobain|Throat Spray\n|-boost|p1a: Kurt Cobain|spa|1|[from] item: Throat Spray\n|\n|upkeep\n|turn|13\n|\n|move|p1a: Kurt Cobain|Overdrive|p2a: Clefable\n|-damage|p2a: Clefable|0 fnt\n|faint|p2a: Clefable\n|\n|upkeep\n|\n|switch|p2a: Hippowdon|Hippowdon, F|100\/100\n|-damage|p2a: Hippowdon|94\/100|[from] Stealth Rock\n|-weather|Sandstorm|[from] ability: Sand Stream|[of] p2a: Hippowdon\n|turn|14\n|\n|move|p1a: Kurt Cobain|Boomburst|p2a: Hippowdon\n|-damage|p2a: Hippowdon|0 fnt\n|faint|p2a: Hippowdon\n|\n|-weather|Sandstorm|[upkeep]\n|-damage|p1a: Kurt Cobain|94\/100|[from] Sandstorm\n|upkeep\n|-message|testotesto321 forfeited.\n|\n|win|Storm Zone\n|l|\u2606testotesto321\n","uploadtime":1588778042,"views":59,"p1id":"stormzone","p2id":"testotesto321","formatid":"gen8ou","rating":0,"private":0,"password":null}