{"id":"gen8uu-1317377153","p1":"Fragments","p2":"Bannedbyweek2","format":"gen8uu","log":"|j|\u2606Fragments\n|j|\u2606Bannedbyweek2\n|t:|1617864518\n|gametype|singles\n|player|p1|Fragments|#teamgapdos|\n|player|p2|Bannedbyweek2|unknown|\n|teamsize|p1|6\n|teamsize|p2|6\n|gen|8\n|tier|[Gen 8] UU\n|rated|Tournament battle\n|clearpoke\n|poke|p1|Ninetales-Alola, F|\n|poke|p1|Mew|\n|poke|p1|Thundurus-Therian, M|\n|poke|p1|Scizor, F|\n|poke|p1|Conkeldurr, F|\n|poke|p1|Krookodile, M|\n|poke|p2|Slowbro-Galar, M|\n|poke|p2|Chansey, F|\n|poke|p2|Salamence, F|\n|poke|p2|Umbreon, F|\n|poke|p2|Quagsire, M|\n|poke|p2|Tangrowth, F|\n|rule|Sleep Clause Mod: Limit one foe put to sleep\n|rule|Species Clause: Limit one of each Pok\u00e9mon\n|rule|OHKO Clause: OHKO moves are banned\n|rule|Evasion Moves Clause: Evasion moves are banned\n|rule|Endless Battle Clause: Forcing endless battles is banned\n|rule|HP Percentage Mod: HP is shown in percentages\n|rule|Dynamax Clause: You cannot dynamax\n|teampreview\n|j|*Lady Monita\n|inactive|Battle timer is ON: inactive players will automatically lose when time's up. (requested by Bannedbyweek2)\n|c|\u2606Bannedbyweek2|HF\n|inactive|Fragments has 120 seconds left.\n|\n|t:|1617864562\n|start\n|switch|p1a: The Fear|Krookodile, M|100\/100\n|switch|p2a: Tangrowth|Tangrowth, F|100\/100\n|-ability|p1a: The Fear|Intimidate|boost\n|-unboost|p2a: Tangrowth|atk|1\n|turn|1\n|\n|t:|1617864569\n|move|p1a: The Fear|Stealth Rock|p2a: Tangrowth\n|-sidestart|p2: Bannedbyweek2|move: Stealth Rock\n|move|p2a: Tangrowth|Giga Drain|p1a: The Fear\n|-supereffective|p1a: The Fear\n|-damage|p1a: The Fear|20\/100\n|\n|upkeep\n|turn|2\n|\n|t:|1617864578\n|switch|p1a: Black Flies|Scizor, F|100\/100\n|move|p2a: Tangrowth|Giga Drain|p1a: Black Flies\n|-resisted|p1a: Black Flies\n|-damage|p1a: Black Flies|93\/100\n|\n|upkeep\n|turn|3\n|\n|t:|1617864584\n|move|p1a: Black Flies|Swords Dance|p1a: Black Flies\n|-boost|p1a: Black Flies|atk|2\n|move|p2a: Tangrowth|Knock Off|p1a: Black Flies\n|-damage|p1a: Black Flies|78\/100\n|-enditem|p1a: Black Flies|Metal Coat|[from] move: Knock Off|[of] p2a: Tangrowth\n|\n|upkeep\n|turn|4\n|\n|t:|1617864590\n|switch|p2a: Quagsire|Quagsire, M|100\/100\n|-damage|p2a: Quagsire|94\/100|[from] Stealth Rock\n|move|p1a: Black Flies|Knock Off|p2a: Quagsire\n|-damage|p2a: Quagsire|70\/100\n|-enditem|p2a: Quagsire|Leftovers|[from] move: Knock Off|[of] p1a: Black Flies\n|\n|upkeep\n|turn|5\n|\n|t:|1617864598\n|switch|p1a: Only Love|Ninetales-Alola, F|100\/100\n|-weather|Hail|[from] ability: Snow Warning|[of] p1a: Only Love\n|move|p2a: Quagsire|Recover|p2a: Quagsire\n|-heal|p2a: Quagsire|100\/100\n|\n|-weather|Hail|[upkeep]\n|-damage|p2a: Quagsire|94\/100|[from] Hail\n|upkeep\n|turn|6\n|\n|t:|1617864609\n|switch|p2a: Chansey|Chansey, F|100\/100\n|-damage|p2a: Chansey|88\/100|[from] Stealth Rock\n|move|p1a: Only Love|Aurora Veil|p1a: Only Love\n|-sidestart|p1: Fragments|move: Aurora Veil\n|\n|-weather|Hail|[upkeep]\n|-damage|p2a: Chansey|82\/100|[from] Hail\n|upkeep\n|turn|7\n|\n|t:|1617864615\n|switch|p1a: Time Is Dancing|Conkeldurr, F|100\/100\n|move|p2a: Chansey|Toxic|p1a: Time Is Dancing|[miss]\n|-miss|p2a: Chansey|p1a: Time Is Dancing\n|\n|-weather|Hail|[upkeep]\n|-damage|p2a: Chansey|75\/100|[from] Hail\n|-damage|p1a: Time Is Dancing|94\/100|[from] Hail\n|-heal|p1a: Time Is Dancing|100\/100|[from] item: Leftovers\n|upkeep\n|turn|8\n|\n|t:|1617864623\n|switch|p2a: Salamence|Salamence, F|100\/100\n|-ability|p2a: Salamence|Intimidate|boost\n|-unboost|p1a: Time Is Dancing|atk|1\n|move|p1a: Time Is Dancing|Drain Punch|p2a: Salamence\n|-resisted|p2a: Salamence\n|-damage|p2a: Salamence|90\/100\n|\n|-weather|Hail|[upkeep]\n|-damage|p2a: Salamence|84\/100|[from] Hail\n|-damage|p1a: Time Is Dancing|94\/100|[from] Hail\n|-heal|p1a: Time Is Dancing|100\/100|[from] item: Leftovers\n|upkeep\n|turn|9\n|\n|t:|1617864637\n|switch|p1a: Only Love|Ninetales-Alola, F|100\/100\n|move|p2a: Salamence|Defog|p1a: Only Love\n|-unboost|p1a: Only Love|evasion|1\n|-sideend|p1: Fragments|move: Aurora Veil\n|-sideend|p2: Bannedbyweek2|Stealth Rock|[from] move: Defog|[of] p2a: Salamence\n|\n|-weather|none\n|upkeep\n|turn|10\n|\n|t:|1617864646\n|switch|p1a: In Dreams|Mew|100\/100\n|switch|p2a: Chansey|Chansey, F|75\/100\n|\n|upkeep\n|turn|11\n|\n|t:|1617864649\n|move|p1a: In Dreams|Cosmic Power|p1a: In Dreams\n|-boost|p1a: In Dreams|def|1\n|-boost|p1a: In Dreams|spd|1\n|move|p2a: Chansey|Stealth Rock|p1a: In Dreams\n|-sidestart|p1: Fragments|move: Stealth Rock\n|\n|upkeep\n|turn|12\n|\n|t:|1617864653\n|move|p1a: In Dreams|Body Press|p2a: Chansey\n|-supereffective|p2a: Chansey\n|-damage|p2a: Chansey|41\/100\n|move|p2a: Chansey|Toxic|p1a: In Dreams\n|-status|p1a: In Dreams|tox\n|-activate|p1a: In Dreams|ability: Synchronize\n|-status|p2a: Chansey|tox\n|\n|-damage|p1a: In Dreams|94\/100 tox|[from] psn\n|-damage|p2a: Chansey|35\/100 tox|[from] psn\n|upkeep\n|turn|13\n|\n|t:|1617864661\n|switch|p2a: Quagsire|Quagsire, M|94\/100\n|move|p1a: In Dreams|Cosmic Power|p1a: In Dreams\n|-boost|p1a: In Dreams|def|1\n|-boost|p1a: In Dreams|spd|1\n|\n|-heal|p1a: In Dreams|100\/100 tox|[from] item: Leftovers\n|-damage|p1a: In Dreams|88\/100 tox|[from] psn\n|upkeep\n|turn|14\n|\n|t:|1617864664\n|move|p1a: In Dreams|Stored Power|p2a: Quagsire\n|-damage|p2a: Quagsire|52\/100\n|move|p2a: Quagsire|Haze|p2a: Quagsire\n|-clearallboost\n|\n|-heal|p1a: In Dreams|94\/100 tox|[from] item: Leftovers\n|-damage|p1a: In Dreams|76\/100 tox|[from] psn\n|upkeep\n|turn|15\n|\n|t:|1617864674\n|switch|p1a: Only Love|Ninetales-Alola, F|100\/100\n|-damage|p1a: Only Love|76\/100|[from] Stealth Rock\n|-weather|Hail|[from] ability: Snow Warning|[of] p1a: Only Love\n|move|p2a: Quagsire|Recover|p2a: Quagsire\n|-heal|p2a: Quagsire|100\/100\n|\n|-weather|Hail|[upkeep]\n|-damage|p2a: Quagsire|94\/100|[from] Hail\n|upkeep\n|turn|16\n|\n|t:|1617864680\n|switch|p2a: Chansey|Chansey, F|35\/100\n|move|p1a: Only Love|Freeze-Dry|p2a: Chansey\n|-damage|p2a: Chansey|27\/100\n|\n|-weather|Hail|[upkeep]\n|-damage|p2a: Chansey|20\/100|[from] Hail\n|upkeep\n|turn|17\n|\n|t:|1617864683\n|move|p1a: Only Love|Aurora Veil|p1a: Only Love\n|-sidestart|p1: Fragments|move: Aurora Veil\n|move|p2a: Chansey|Soft-Boiled|p2a: Chansey\n|-heal|p2a: Chansey|70\/100\n|\n|-weather|Hail|[upkeep]\n|-damage|p2a: Chansey|64\/100|[from] Hail\n|upkeep\n|turn|18\n|\n|t:|1617864687\n|switch|p1a: Time Is Dancing|Conkeldurr, F|100\/100\n|-damage|p1a: Time Is Dancing|94\/100|[from] Stealth Rock\n|move|p2a: Chansey|Seismic Toss|p1a: Time Is Dancing\n|-damage|p1a: Time Is Dancing|70\/100\n|\n|-weather|Hail|[upkeep]\n|-damage|p2a: Chansey|58\/100|[from] Hail\n|-damage|p1a: Time Is Dancing|64\/100|[from] Hail\n|-heal|p1a: Time Is Dancing|70\/100|[from] item: Leftovers\n|upkeep\n|turn|19\n|\n|t:|1617864693\n|switch|p2a: Salamence|Salamence, F|84\/100\n|-ability|p2a: Salamence|Intimidate|boost\n|-unboost|p1a: Time Is Dancing|atk|1\n|move|p1a: Time Is Dancing|Knock Off|p2a: Salamence\n|-damage|p2a: Salamence|64\/100\n|-enditem|p2a: Salamence|Heavy-Duty Boots|[from] move: Knock Off|[of] p1a: Time Is Dancing\n|\n|-weather|none\n|-heal|p1a: Time Is Dancing|76\/100|[from] item: Leftovers\n|upkeep\n|turn|20\n|\n|t:|1617864704\n|switch|p1a: In Dreams|Mew|76\/100 tox\n|-damage|p1a: In Dreams|63\/100 tox|[from] Stealth Rock\n|move|p2a: Salamence|Roost|p2a: Salamence\n|-heal|p2a: Salamence|100\/100\n|-singleturn|p2a: Salamence|move: Roost\n|\n|-heal|p1a: In Dreams|70\/100 tox|[from] item: Leftovers\n|-damage|p1a: In Dreams|63\/100 tox|[from] psn\n|upkeep\n|turn|21\n|\n|t:|1617864709\n|switch|p2a: Chansey|Chansey, F|58\/100\n|move|p1a: In Dreams|Rest|p1a: In Dreams\n|-status|p1a: In Dreams|slp|[from] move: Rest\n|-heal|p1a: In Dreams|100\/100 slp|[silent]\n|\n|upkeep\n|turn|22\n|\n|t:|1617864713\n|switch|p1a: Time Is Dancing|Conkeldurr, F|76\/100\n|-damage|p1a: Time Is Dancing|70\/100|[from] Stealth Rock\n|move|p2a: Chansey|Soft-Boiled|p2a: Chansey\n|-heal|p2a: Chansey|100\/100\n|\n|-heal|p1a: Time Is Dancing|76\/100|[from] item: Leftovers\n|upkeep\n|turn|23\n|\n|t:|1617864717\n|switch|p2a: Salamence|Salamence, F|100\/100\n|-ability|p2a: Salamence|Intimidate|boost\n|-unboost|p1a: Time Is Dancing|atk|1\n|move|p1a: Time Is Dancing|Bulk Up|p1a: Time Is Dancing\n|-boost|p1a: Time Is Dancing|atk|1\n|-boost|p1a: Time Is Dancing|def|1\n|\n|-heal|p1a: Time Is Dancing|82\/100|[from] item: Leftovers\n|upkeep\n|turn|24\n|\n|t:|1617864725\n|move|p2a: Salamence|Flamethrower|p1a: Time Is Dancing\n|-damage|p1a: Time Is Dancing|71\/100\n|move|p1a: Time Is Dancing|Bulk Up|p1a: Time Is Dancing\n|-boost|p1a: Time Is Dancing|atk|1\n|-boost|p1a: Time Is Dancing|def|1\n|\n|-heal|p1a: Time Is Dancing|77\/100|[from] item: Leftovers\n|-sideend|p1: Fragments|move: Aurora Veil\n|upkeep\n|turn|25\n|\n|t:|1617864728\n|move|p2a: Salamence|Dual Wingbeat|p1a: Time Is Dancing\n|-supereffective|p1a: Time Is Dancing\n|-damage|p1a: Time Is Dancing|61\/100\n|-supereffective|p1a: Time Is Dancing\n|-damage|p1a: Time Is Dancing|45\/100\n|-hitcount|p1a: Time Is Dancing|2\n|move|p1a: Time Is Dancing|Drain Punch|p2a: Salamence\n|-resisted|p2a: Salamence\n|-damage|p2a: Salamence|77\/100\n|-heal|p1a: Time Is Dancing|56\/100|[from] drain|[of] p2a: Salamence\n|\n|-heal|p1a: Time Is Dancing|62\/100|[from] item: Leftovers\n|upkeep\n|turn|26\n|\n|t:|1617864733\n|move|p2a: Salamence|Dual Wingbeat|p1a: Time Is Dancing\n|-supereffective|p1a: Time Is Dancing\n|-damage|p1a: Time Is Dancing|47\/100\n|-supereffective|p1a: Time Is Dancing\n|-damage|p1a: Time Is Dancing|31\/100\n|-hitcount|p1a: Time Is Dancing|2\n|move|p1a: Time Is Dancing|Drain Punch|p2a: Salamence\n|-resisted|p2a: Salamence\n|-damage|p2a: Salamence|53\/100\n|-heal|p1a: Time Is Dancing|42\/100|[from] drain|[of] p2a: Salamence\n|\n|-heal|p1a: Time Is Dancing|48\/100|[from] item: Leftovers\n|upkeep\n|turn|27\n|\n|t:|1617864741\n|switch|p2a: Slowbro|Slowbro-Galar, M|100\/100\n|move|p1a: Time Is Dancing|Drain Punch|p2a: Slowbro\n|-resisted|p2a: Slowbro\n|-damage|p2a: Slowbro|89\/100\n|-heal|p1a: Time Is Dancing|54\/100|[from] drain|[of] p2a: Slowbro\n|\n|-heal|p1a: Time Is Dancing|60\/100|[from] item: Leftovers\n|upkeep\n|turn|28\n|\n|t:|1617864746\n|switch|p1a: The Fear|Krookodile, M|20\/100\n|-damage|p1a: The Fear|14\/100|[from] Stealth Rock\n|-ability|p1a: The Fear|Intimidate|boost\n|-unboost|p2a: Slowbro|atk|1\n|move|p2a: Slowbro|Shell Side Arm|p1a: The Fear\n|-resisted|p1a: The Fear\n|-damage|p1a: The Fear|0 fnt\n|-hint|Special Shell Side Arm\n|faint|p1a: The Fear\n|\n|upkeep\n|\n|t:|1617864755\n|switch|p1a: The Wolves|Thundurus-Therian, M|100\/100\n|turn|29\n|\n|t:|1617864760\n|switch|p2a: Chansey|Chansey, F|100\/100\n|move|p1a: The Wolves|Dark Pulse|p2a: Chansey\n|-damage|p2a: Chansey|91\/100\n|\n|upkeep\n|turn|30\n|\n|t:|1617864764\n|switch|p1a: Time Is Dancing|Conkeldurr, F|60\/100\n|-damage|p1a: Time Is Dancing|54\/100|[from] Stealth Rock\n|move|p2a: Chansey|Seismic Toss|p1a: Time Is Dancing\n|-damage|p1a: Time Is Dancing|30\/100\n|\n|-heal|p1a: Time Is Dancing|36\/100|[from] item: Leftovers\n|upkeep\n|turn|31\n|\n|t:|1617864768\n|switch|p2a: Salamence|Salamence, F|53\/100\n|-ability|p2a: Salamence|Intimidate|boost\n|-unboost|p1a: Time Is Dancing|atk|1\n|switch|p1a: Only Love|Ninetales-Alola, F|76\/100\n|-damage|p1a: Only Love|51\/100|[from] Stealth Rock\n|-weather|Hail|[from] ability: Snow Warning|[of] p1a: Only Love\n|\n|-weather|Hail|[upkeep]\n|-damage|p2a: Salamence|47\/100|[from] Hail\n|upkeep\n|turn|32\n|\n|t:|1617864774\n|switch|p2a: Chansey|Chansey, F|91\/100\n|move|p1a: Only Love|Aurora Veil|p1a: Only Love\n|-sidestart|p1: Fragments|move: Aurora Veil\n|\n|-weather|Hail|[upkeep]\n|-damage|p2a: Chansey|85\/100|[from] Hail\n|upkeep\n|turn|33\n|\n|t:|1617864777\n|switch|p1a: Black Flies|Scizor, F|78\/100\n|-damage|p1a: Black Flies|66\/100|[from] Stealth Rock\n|move|p2a: Chansey|Seismic Toss|p1a: Black Flies\n|-damage|p1a: Black Flies|37\/100\n|\n|-weather|Hail|[upkeep]\n|-damage|p1a: Black Flies|31\/100|[from] Hail\n|-damage|p2a: Chansey|79\/100|[from] Hail\n|upkeep\n|turn|34\n|\n|t:|1617864785\n|switch|p2a: Salamence|Salamence, F|47\/100\n|-ability|p2a: Salamence|Intimidate|boost\n|-unboost|p1a: Black Flies|atk|1\n|move|p1a: Black Flies|Roost|p1a: Black Flies\n|-heal|p1a: Black Flies|81\/100\n|-singleturn|p1a: Black Flies|move: Roost\n|\n|-weather|Hail|[upkeep]\n|-damage|p2a: Salamence|41\/100|[from] Hail\n|-damage|p1a: Black Flies|75\/100|[from] Hail\n|upkeep\n|turn|35\n|\n|t:|1617864789\n|move|p2a: Salamence|Roost|p2a: Salamence\n|-heal|p2a: Salamence|91\/100\n|-singleturn|p2a: Salamence|move: Roost\n|move|p1a: Black Flies|Swords Dance|p1a: Black Flies\n|-boost|p1a: Black Flies|atk|2\n|\n|-weather|none\n|upkeep\n|turn|36\n|\n|t:|1617864793\n|move|p1a: Black Flies|Bullet Punch|p2a: Salamence\n|-damage|p2a: Salamence|56\/100\n|move|p2a: Salamence|Flamethrower|p1a: Black Flies\n|-supereffective|p1a: Black Flies\n|-damage|p1a: Black Flies|26\/100\n|\n|upkeep\n|turn|37\n|\n|t:|1617864799\n|move|p2a: Salamence|Roost|p2a: Salamence\n|-heal|p2a: Salamence|100\/100\n|-singleturn|p2a: Salamence|move: Roost\n|move|p1a: Black Flies|Swords Dance|p1a: Black Flies\n|-boost|p1a: Black Flies|atk|2\n|\n|upkeep\n|turn|38\n|\n|t:|1617864802\n|move|p1a: Black Flies|Bullet Punch|p2a: Salamence\n|-damage|p2a: Salamence|35\/100\n|move|p2a: Salamence|Flamethrower|p1a: Black Flies\n|-supereffective|p1a: Black Flies\n|-damage|p1a: Black Flies|0 fnt\n|faint|p1a: Black Flies\n|\n|upkeep\n|\n|t:|1617864810\n|switch|p1a: Only Love|Ninetales-Alola, F|51\/100\n|-damage|p1a: Only Love|26\/100|[from] Stealth Rock\n|-weather|Hail|[from] ability: Snow Warning|[of] p1a: Only Love\n|turn|39\n|\n|t:|1617864823\n|switch|p2a: Chansey|Chansey, F|79\/100\n|move|p1a: Only Love|Moonblast|p2a: Chansey\n|-damage|p2a: Chansey|67\/100\n|\n|-weather|Hail|[upkeep]\n|-damage|p2a: Chansey|60\/100|[from] Hail\n|-sideend|p1: Fragments|move: Aurora Veil\n|upkeep\n|turn|40\n|\n|t:|1617864828\n|move|p1a: Only Love|Aurora Veil|p1a: Only Love\n|-sidestart|p1: Fragments|move: Aurora Veil\n|move|p2a: Chansey|Soft-Boiled|p2a: Chansey\n|-heal|p2a: Chansey|100\/100\n|\n|-weather|Hail|[upkeep]\n|-damage|p2a: Chansey|94\/100|[from] Hail\n|upkeep\n|turn|41\n|\n|t:|1617864834\n|switch|p1a: In Dreams|Mew|100\/100 slp\n|-damage|p1a: In Dreams|88\/100 slp|[from] Stealth Rock\n|move|p2a: Chansey|Seismic Toss|p1a: In Dreams\n|-damage|p1a: In Dreams|63\/100 slp\n|\n|-weather|Hail|[upkeep]\n|-damage|p1a: In Dreams|57\/100 slp|[from] Hail\n|-damage|p2a: Chansey|88\/100|[from] Hail\n|-heal|p1a: In Dreams|63\/100 slp|[from] item: Leftovers\n|upkeep\n|turn|42\n|\n|t:|1617864840\n|switch|p2a: Salamence|Salamence, F|35\/100\n|-ability|p2a: Salamence|Intimidate|boost\n|-unboost|p1a: In Dreams|atk|1\n|cant|p1a: In Dreams|slp\n|\n|-weather|Hail|[upkeep]\n|-damage|p1a: In Dreams|57\/100 slp|[from] Hail\n|-damage|p2a: Salamence|29\/100|[from] Hail\n|-heal|p1a: In Dreams|63\/100 slp|[from] item: Leftovers\n|upkeep\n|turn|43\n|\n|t:|1617864842\n|cant|p1a: In Dreams|slp\n|move|p2a: Salamence|Roost|p2a: Salamence\n|-heal|p2a: Salamence|79\/100\n|-singleturn|p2a: Salamence|move: Roost\n|\n|-weather|none\n|-heal|p1a: In Dreams|70\/100 slp|[from] item: Leftovers\n|upkeep\n|turn|44\n|\n|t:|1617864855\n|switch|p2a: Tangrowth|Tangrowth, F|100\/100\n|-curestatus|p1a: In Dreams|slp|[msg]\n|move|p1a: In Dreams|Cosmic Power|p1a: In Dreams\n|-boost|p1a: In Dreams|def|1\n|-boost|p1a: In Dreams|spd|1\n|\n|-heal|p1a: In Dreams|76\/100|[from] item: Leftovers\n|upkeep\n|turn|45\n|\n|t:|1617864859\n|move|p1a: In Dreams|Cosmic Power|p1a: In Dreams\n|-boost|p1a: In Dreams|def|1\n|-boost|p1a: In Dreams|spd|1\n|move|p2a: Tangrowth|Knock Off|p1a: In Dreams\n|-supereffective|p1a: In Dreams\n|-damage|p1a: In Dreams|67\/100\n|-enditem|p1a: In Dreams|Leftovers|[from] move: Knock Off|[of] p2a: Tangrowth\n|\n|upkeep\n|turn|46\n|\n|t:|1617864862\n|switch|p2a: Quagsire|Quagsire, M|94\/100\n|move|p1a: In Dreams|Cosmic Power|p1a: In Dreams\n|-boost|p1a: In Dreams|def|1\n|-boost|p1a: In Dreams|spd|1\n|\n|upkeep\n|turn|47\n|\n|t:|1617864866\n|move|p1a: In Dreams|Stored Power|p2a: Quagsire\n|-damage|p2a: Quagsire|33\/100\n|move|p2a: Quagsire|Haze|p2a: Quagsire\n|-clearallboost\n|\n|-sideend|p1: Fragments|move: Aurora Veil\n|upkeep\n|turn|48\n|\n|t:|1617864879\n|switch|p1a: The Wolves|Thundurus-Therian, M|100\/100\n|move|p2a: Quagsire|Recover|p2a: Quagsire\n|-heal|p2a: Quagsire|83\/100\n|\n|upkeep\n|turn|49\n|\n|t:|1617864883\n|switch|p2a: Tangrowth|Tangrowth, F|100\/100\n|move|p1a: The Wolves|Nasty Plot|p1a: The Wolves\n|-boost|p1a: The Wolves|spa|2\n|\n|upkeep\n|turn|50\n|\n|t:|1617864890\n|move|p1a: The Wolves|Dark Pulse|p2a: Tangrowth\n|-damage|p2a: Tangrowth|66\/100\n|cant|p2a: Tangrowth|flinch\n|\n|upkeep\n|turn|51\n|\n|t:|1617864895\n|switch|p2a: Chansey|Chansey, F|88\/100\n|move|p1a: The Wolves|Dark Pulse|p2a: Chansey\n|-damage|p2a: Chansey|71\/100\n|\n|upkeep\n|turn|52\n|\n|t:|1617864900\n|move|p1a: The Wolves|Volt Switch|p2a: Chansey\n|-damage|p2a: Chansey|48\/100\n|\n|t:|1617864902\n|switch|p1a: Time Is Dancing|Conkeldurr, F|36\/100|[from]move: Volt Switch\n|-damage|p1a: Time Is Dancing|30\/100|[from] Stealth Rock\n|move|p2a: Chansey|Soft-Boiled|p2a: Chansey\n|-heal|p2a: Chansey|98\/100\n|\n|-heal|p1a: Time Is Dancing|36\/100|[from] item: Leftovers\n|upkeep\n|turn|53\n|\n|t:|1617864908\n|switch|p2a: Salamence|Salamence, F|79\/100\n|-ability|p2a: Salamence|Intimidate|boost\n|-unboost|p1a: Time Is Dancing|atk|1\n|switch|p1a: Only Love|Ninetales-Alola, F|26\/100\n|-damage|p1a: Only Love|2\/100|[from] Stealth Rock\n|-weather|Hail|[from] ability: Snow Warning|[of] p1a: Only Love\n|\n|-weather|Hail|[upkeep]\n|-damage|p2a: Salamence|73\/100|[from] Hail\n|upkeep\n|turn|54\n|\n|t:|1617864917\n|switch|p2a: Tangrowth|Tangrowth, F|99\/100\n|move|p1a: Only Love|Freeze-Dry|p2a: Tangrowth\n|-supereffective|p2a: Tangrowth\n|-damage|p2a: Tangrowth|65\/100\n|-status|p2a: Tangrowth|frz\n|\n|-weather|Hail|[upkeep]\n|-damage|p2a: Tangrowth|59\/100 frz|[from] Hail\n|upkeep\n|turn|55\n|\n|t:|1617864923\n|switch|p2a: Chansey|Chansey, F|98\/100\n|move|p1a: Only Love|Nasty Plot|p1a: Only Love\n|-boost|p1a: Only Love|spa|2\n|\n|-weather|Hail|[upkeep]\n|-damage|p2a: Chansey|92\/100|[from] Hail\n|upkeep\n|turn|56\n|\n|t:|1617864927\n|move|p1a: Only Love|Aurora Veil|p1a: Only Love\n|-sidestart|p1: Fragments|move: Aurora Veil\n|move|p2a: Chansey|Toxic|p1a: Only Love|[miss]\n|-miss|p2a: Chansey|p1a: Only Love\n|\n|-weather|Hail|[upkeep]\n|-damage|p2a: Chansey|86\/100|[from] Hail\n|upkeep\n|turn|57\n|\n|t:|1617864932\n|move|p1a: Only Love|Moonblast|p2a: Chansey\n|-damage|p2a: Chansey|63\/100\n|-unboost|p2a: Chansey|spa|1\n|move|p2a: Chansey|Soft-Boiled|p2a: Chansey\n|-heal|p2a: Chansey|100\/100\n|\n|-weather|none\n|upkeep\n|turn|58\n|\n|t:|1617864937\n|move|p1a: Only Love|Moonblast|p2a: Chansey\n|-damage|p2a: Chansey|77\/100\n|move|p2a: Chansey|Seismic Toss|p1a: Only Love\n|-damage|p1a: Only Love|0 fnt\n|faint|p1a: Only Love\n|\n|upkeep\n|\n|t:|1617864944\n|switch|p1a: The Wolves|Thundurus-Therian, M|100\/100\n|turn|59\n|\n|t:|1617864947\n|move|p1a: The Wolves|Nasty Plot|p1a: The Wolves\n|-boost|p1a: The Wolves|spa|2\n|move|p2a: Chansey|Toxic|p1a: The Wolves\n|-status|p1a: The Wolves|tox\n|\n|-damage|p1a: The Wolves|94\/100 tox|[from] psn\n|upkeep\n|turn|60\n|\n|t:|1617864949\n|move|p1a: The Wolves|Nasty Plot|p1a: The Wolves\n|-boost|p1a: The Wolves|spa|2\n|move|p2a: Chansey|Soft-Boiled|p2a: Chansey\n|-heal|p2a: Chansey|100\/100\n|\n|-damage|p1a: The Wolves|82\/100 tox|[from] psn\n|upkeep\n|turn|61\n|\n|t:|1617864951\n|move|p1a: The Wolves|Thunderbolt|p2a: Chansey\n|-damage|p2a: Chansey|56\/100\n|-status|p2a: Chansey|par\n|move|p2a: Chansey|Seismic Toss|p1a: The Wolves\n|-damage|p1a: The Wolves|49\/100 tox\n|\n|-damage|p1a: The Wolves|31\/100 tox|[from] psn\n|upkeep\n|turn|62\n|\n|t:|1617864955\n|move|p1a: The Wolves|Dark Pulse|p2a: Chansey\n|-damage|p2a: Chansey|29\/100 par\n|move|p2a: Chansey|Soft-Boiled|p2a: Chansey\n|-heal|p2a: Chansey|79\/100 par\n|\n|-damage|p1a: The Wolves|7\/100 tox|[from] psn\n|upkeep\n|turn|63\n|\n|t:|1617864958\n|move|p1a: The Wolves|Thunderbolt|p2a: Chansey\n|-damage|p2a: Chansey|30\/100 par\n|move|p2a: Chansey|Soft-Boiled|p2a: Chansey\n|-heal|p2a: Chansey|80\/100 par\n|\n|-damage|p1a: The Wolves|0 fnt|[from] psn\n|faint|p1a: The Wolves\n|-sideend|p1: Fragments|move: Aurora Veil\n|upkeep\n|\n|t:|1617864961\n|switch|p1a: Time Is Dancing|Conkeldurr, F|36\/100\n|-damage|p1a: Time Is Dancing|30\/100|[from] Stealth Rock\n|turn|64\n|c|\u2606Fragments|gg\n|-message|Fragments forfeited.\n|\n|win|Bannedbyweek2\n|n|\u2606Fragments|fragments\n|n|\u2606Bannedbyweek2|bannedbyweek2\n|n|*Lady Monita|ladymonita\n|l|*Lady Monita\n|l|\u2606Fragments\n|c|\u2606Bannedbyweek2|gg man\n","uploadtime":1617864974,"views":97,"p1id":"fragments","p2id":"bannedbyweek2","formatid":"gen8uu","rating":0,"private":0,"password":null}