{"id":"gen8randombattle-1686324082","p1":"Ferrothornail\u8349\u94a2\u7532","p2":"ZBX171010","format":"gen8randombattle","log":"|j|\u2606Ferrothornail\u8349\u94a2\u7532\n|j|\u2606ZBX171010\n|t:|1665834926\n|gametype|singles\n|player|p1|Ferrothornail\u8349\u94a2\u7532|lillie|\n|player|p2|ZBX171010|swimmerf-gen4dp|\n|teamsize|p1|6\n|teamsize|p2|6\n|gen|8\n|tier|[Gen 8] Random Battle\n|rated|Tournament battle\n|rule|Species Clause: Limit one of each Pok\u00e9mon\n|rule|HP Percentage Mod: HP is shown in percentages\n|rule|Sleep Clause Mod: Limit one foe put to sleep\n|\n|t:|1665834926\n|start\n|switch|p1a: Corviknight|Corviknight, L78, F|281\/281\n|switch|p2a: Octillery|Octillery, L86, M|269\/269\n|turn|1\n|inactive|Battle timer is ON: inactive players will automatically lose when time's up. (requested by ZBX171010)\n|c|\u2606ZBX171010|\u5927\u4f6c\u597d\n|inactive|Ferrothornail\u8349\u94a2\u7532 has 120 seconds left.\n|inactive|ZBX171010 has 120 seconds left.\n|\n|t:|1665834977\n|move|p1a: Corviknight|Brave Bird|p2a: Octillery\n|-damage|p2a: Octillery|164\/269\n|-damage|p1a: Corviknight|246\/281|[from] Recoil\n|move|p2a: Octillery|Hydro Pump|p1a: Corviknight\n|-damage|p1a: Corviknight|104\/281\n|\n|-heal|p1a: Corviknight|121\/281|[from] item: Leftovers\n|-heal|p2a: Octillery|180\/269|[from] item: Leftovers\n|-ability|p2a: Octillery|Moody|boost\n|-boost|p2a: Octillery|spa|2\n|-unboost|p2a: Octillery|spe|1\n|upkeep\n|turn|2\n|j| lizili\n|\n|t:|1665834992\n|move|p2a: Octillery|Protect|p2a: Octillery\n|-singleturn|p2a: Octillery|Protect\n|move|p1a: Corviknight|Brave Bird|p2a: Octillery\n|-activate|p2a: Octillery|move: Protect\n|\n|-heal|p1a: Corviknight|138\/281|[from] item: Leftovers\n|-heal|p2a: Octillery|196\/269|[from] item: Leftovers\n|-ability|p2a: Octillery|Moody|boost\n|-boost|p2a: Octillery|spe|2\n|-unboost|p2a: Octillery|spd|1\n|upkeep\n|turn|3\n|\n|t:|1665835007\n|move|p2a: Octillery|Hydro Pump|p1a: Corviknight\n|-damage|p1a: Corviknight|0 fnt\n|faint|p1a: Corviknight\n|\n|-heal|p2a: Octillery|212\/269|[from] item: Leftovers\n|-ability|p2a: Octillery|Moody|boost\n|-boost|p2a: Octillery|spa|2\n|-unboost|p2a: Octillery|spe|1\n|upkeep\n|\n|t:|1665835016\n|switch|p1a: Magnezone|Magnezone, L84|255\/255\n|turn|4\n|\n|t:|1665835021\n|move|p2a: Octillery|Protect|p2a: Octillery\n|-singleturn|p2a: Octillery|Protect\n|move|p1a: Magnezone|Thunderbolt|p2a: Octillery\n|-activate|p2a: Octillery|move: Protect\n|\n|-heal|p2a: Octillery|228\/269|[from] item: Leftovers\n|-ability|p2a: Octillery|Moody|boost\n|-boost|p2a: Octillery|spd|2\n|-unboost|p2a: Octillery|spa|1\n|upkeep\n|turn|5\n|\n|t:|1665835037\n|move|p1a: Magnezone|Thunderbolt|p2a: Octillery\n|-supereffective|p2a: Octillery\n|-damage|p2a: Octillery|58\/269\n|move|p2a: Octillery|Ice Beam|p1a: Magnezone\n|-resisted|p1a: Magnezone\n|-damage|p1a: Magnezone|195\/255\n|\n|-heal|p2a: Octillery|74\/269|[from] item: Leftovers\n|-ability|p2a: Octillery|Moody|boost\n|-boost|p2a: Octillery|atk|2\n|-unboost|p2a: Octillery|spe|1\n|upkeep\n|turn|6\n|\n|t:|1665835053\n|move|p2a: Octillery|Protect|p2a: Octillery\n|-singleturn|p2a: Octillery|Protect\n|move|p1a: Magnezone|Thunderbolt|p2a: Octillery\n|-activate|p2a: Octillery|move: Protect\n|\n|-heal|p2a: Octillery|90\/269|[from] item: Leftovers\n|-ability|p2a: Octillery|Moody|boost\n|-boost|p2a: Octillery|atk|2\n|-unboost|p2a: Octillery|spe|1\n|upkeep\n|turn|7\n|\n|t:|1665835072\n|move|p2a: Octillery|Protect|p2a: Octillery\n|-singleturn|p2a: Octillery|Protect\n|move|p1a: Magnezone|Thunderbolt|p2a: Octillery\n|-activate|p2a: Octillery|move: Protect\n|\n|-heal|p2a: Octillery|106\/269|[from] item: Leftovers\n|-ability|p2a: Octillery|Moody|boost\n|-boost|p2a: Octillery|spa|2\n|-unboost|p2a: Octillery|atk|1\n|upkeep\n|turn|8\n|\n|t:|1665835083\n|move|p2a: Octillery|Protect|p2a: Octillery\n|-singleturn|p2a: Octillery|Protect\n|move|p1a: Magnezone|Thunderbolt|p2a: Octillery\n|-activate|p2a: Octillery|move: Protect\n|\n|-heal|p2a: Octillery|122\/269|[from] item: Leftovers\n|-ability|p2a: Octillery|Moody|boost\n|-boost|p2a: Octillery|atk|2\n|-unboost|p2a: Octillery|spa|1\n|upkeep\n|turn|9\n|\n|t:|1665835099\n|move|p1a: Magnezone|Thunderbolt|p2a: Octillery\n|-supereffective|p2a: Octillery\n|-damage|p2a: Octillery|0 fnt\n|faint|p2a: Octillery\n|\n|upkeep\n|\n|t:|1665835107\n|switch|p2a: Blaziken|Blaziken, L76, M|247\/247\n|turn|10\n|inactive|ZBX171010 has 120 seconds left.\n|\n|t:|1665835124\n|switch|p1a: Weezing|Weezing, L86, M|252\/252\n|move|p2a: Blaziken|Close Combat|p1a: Weezing\n|-resisted|p1a: Weezing\n|-damage|p1a: Weezing|178\/252\n|-unboost|p2a: Blaziken|def|1\n|-unboost|p2a: Blaziken|spd|1\n|\n|-heal|p1a: Weezing|193\/252|[from] item: Black Sludge\n|-ability|p2a: Blaziken|Speed Boost|boost\n|-boost|p2a: Blaziken|spe|1\n|upkeep\n|turn|11\n|inactive|ZBX171010 has 120 seconds left.\n|\n|t:|1665835143\n|switch|p2a: Meowstic|Meowstic, L84, M|262\/262\n|move|p1a: Weezing|Sludge Bomb|p2a: Meowstic\n|-damage|p2a: Meowstic|159\/262\n|-status|p2a: Meowstic|psn\n|\n|-heal|p1a: Weezing|208\/252|[from] item: Black Sludge\n|-damage|p2a: Meowstic|127\/262 psn|[from] psn\n|upkeep\n|turn|12\n|inactive|ZBX171010 has 120 seconds left.\n|\n|t:|1665835156\n|switch|p1a: Mr. Mime|Mr. Mime, L86, F|209\/209\n|move|p2a: Meowstic|Psychic|p1a: Mr. Mime\n|-resisted|p1a: Mr. Mime\n|-damage|p1a: Mr. Mime|178\/209\n|\n|-damage|p2a: Meowstic|95\/262 psn|[from] psn\n|upkeep\n|turn|13\n|inactive|ZBX171010 has 120 seconds left.\n|\n|t:|1665835166\n|move|p2a: Meowstic|Light Screen|p2a: Meowstic\n|-sidestart|p2: ZBX171010|move: Light Screen\n|move|p1a: Mr. Mime|Nasty Plot|p1a: Mr. Mime\n|-boost|p1a: Mr. Mime|spa|2\n|\n|-damage|p2a: Meowstic|63\/262 psn|[from] psn\n|upkeep\n|turn|14\n|\n|t:|1665835173\n|move|p2a: Meowstic|Yawn|p1a: Mr. Mime\n|-start|p1a: Mr. Mime|move: Yawn|[of] p2a: Meowstic\n|move|p1a: Mr. Mime|Nasty Plot|p1a: Mr. Mime\n|-boost|p1a: Mr. Mime|spa|2\n|\n|-damage|p2a: Meowstic|31\/262 psn|[from] psn\n|upkeep\n|turn|15\n|\n|t:|1665835183\n|-start|p1a: Mr. Mime|Dynamax|\n|-heal|p1a: Mr. Mime|356\/418|[silent]\n|move|p2a: Meowstic|Reflect|p2a: Meowstic\n|-sidestart|p2: ZBX171010|Reflect\n|move|p1a: Mr. Mime|Max Starfall|p2a: Meowstic\n|-damage|p2a: Meowstic|0 fnt\n|-fieldstart|move: Misty Terrain\n|faint|p2a: Meowstic\n|-damage|p1a: Mr. Mime|336\/418|[from] item: Life Orb\n|\n|-end|p1a: Mr. Mime|move: Yawn|[silent]\n|-activate|p1a: Mr. Mime|move: Misty Terrain\n|upkeep\n|inactive|ZBX171010 has 120 seconds left.\n|\n|t:|1665835207\n|switch|p2a: Crustle|Crustle, L82, M|249\/249\n|turn|16\n|inactive|ZBX171010 has 120 seconds left.\n|\n|t:|1665835217\n|move|p1a: Mr. Mime|Max Mindstorm|p2a: Crustle\n|-ability|p2a: Crustle|Sturdy\n|-damage|p2a: Crustle|1\/249\n|-fieldstart|move: Psychic Terrain\n|-damage|p1a: Mr. Mime|316\/418|[from] item: Life Orb\n|move|p2a: Crustle|Stone Edge|p1a: Mr. Mime\n|-damage|p1a: Mr. Mime|196\/418\n|\n|upkeep\n|turn|17\n|inactive|ZBX171010 has 120 seconds left.\n|\n|t:|1665835228\n|move|p1a: Mr. Mime|Max Mindstorm|p2a: Crustle\n|-damage|p2a: Crustle|0 fnt\n|faint|p2a: Crustle\n|-damage|p1a: Mr. Mime|176\/418|[from] item: Life Orb\n|\n|upkeep\n|l| lizili\n|\n|t:|1665835244\n|switch|p2a: Blaziken|Blaziken, L76, M|247\/247\n|-end|p1a: Mr. Mime|Dynamax\n|-heal|p1a: Mr. Mime|88\/209|[silent]\n|turn|18\n|\n|t:|1665835257\n|switch|p2a: Grimmsnarl|Grimmsnarl, L82, M|290\/290\n|move|p1a: Mr. Mime|Psychic|p2a: Grimmsnarl\n|-immune|p2a: Grimmsnarl\n|\n|upkeep\n|turn|19\n|inactive|ZBX171010 has 90 seconds left.\n|\n|t:|1665835286\n|move|p1a: Mr. Mime|Dazzling Gleam|p2a: Grimmsnarl\n|-supereffective|p2a: Grimmsnarl\n|-damage|p2a: Grimmsnarl|0 fnt\n|faint|p2a: Grimmsnarl\n|-damage|p1a: Mr. Mime|68\/209|[from] item: Life Orb\n|\n|upkeep\n|inactive|ZBX171010 has 90 seconds left.\n|\n|t:|1665835294\n|switch|p2a: Blaziken|Blaziken, L76, M|247\/247\n|turn|20\n|inactive|ZBX171010 has 90 seconds left.\n|\n|t:|1665835305\n|-start|p2a: Blaziken|Dynamax|\n|-heal|p2a: Blaziken|494\/494|[silent]\n|move|p1a: Mr. Mime|Psychic|p2a: Blaziken\n|-supereffective|p2a: Blaziken\n|-damage|p2a: Blaziken|0 fnt\n|faint|p2a: Blaziken\n|-damage|p1a: Mr. Mime|48\/209|[from] item: Life Orb\n|\n|-sideend|p2: ZBX171010|move: Light Screen\n|-fieldend|move: Psychic Terrain\n|upkeep\n|inactive|ZBX171010 has 90 seconds left.\n|\n|t:|1665835311\n|switch|p2a: Dracovish|Dracovish, L80|275\/275\n|turn|21\n|\n|t:|1665835336\n|move|p1a: Mr. Mime|Dazzling Gleam|p2a: Dracovish\n|-supereffective|p2a: Dracovish\n|-damage|p2a: Dracovish|0 fnt\n|faint|p2a: Dracovish\n|-damage|p1a: Mr. Mime|28\/209|[from] item: Life Orb\n|\n|win|Ferrothornail\u8349\u94a2\u7532\n|n|\u2606Ferrothornail\u8349\u94a2\u7532|ferrothornail\n|n|\u2606ZBX171010|zbx171010\n|l|\u2606Ferrothornail\u8349\u94a2\u7532\n|l|\u2606ZBX171010\n|j|\u2606Ferrothornail\u8349\u94a2\u7532\n|player|p1|Ferrothornail\u8349\u94a2\u7532|lillie\n","inputlog":">version ef613a9475d6dbd637653866edadf31f5286d49e\n>start {\"formatid\":\"gen8randombattle\",\"seed\":[49257,54255,37698,52789],\"rated\":\"Tournament battle\"}\n>player p1 {\"name\":\"Ferrothornail\u8349\u94a2\u7532\",\"avatar\":\"lillie\",\"rating\":0,\"seed\":[63891,14686,38999,5317]}\n>player p2 {\"name\":\"ZBX171010\",\"avatar\":\"swimmerf-gen4dp\",\"rating\":0,\"seed\":[15627,12683,59785,29153]}\n>chat \u2606ZBX171010|\u5927\u4f6c\u597d\n>p1 move bravebird\n>p2 move hydropump\n>p1 move bravebird\n>p2 move protect\n>p1 move bravebird\n>p2 move hydropump\n>p1 switch 3\n>p1 move thunderbolt\n>p2 move protect\n>p1 move thunderbolt\n>p2 move icebeam\n>p1 move thunderbolt\n>p2 move protect\n>p1 move thunderbolt\n>p2 move protect\n>p1 move thunderbolt\n>p2 move protect\n>p1 move thunderbolt\n>p2 move hydropump\n>p2 switch 5\n>p1 switch 5\n>p2 move closecombat\n>p1 move sludgebomb\n>p2 switch 4\n>p1 switch 2\n>p2 move psychic\n>p1 move nastyplot\n>p2 move lightscreen\n>p1 move nastyplot\n>p2 move yawn\n>p1 move dazzlinggleam dynamax\n>p2 move reflect\n>p2 switch 6\n>p1 move psychic dynamax\n>p2 move stoneedge\n>p1 move psychic dynamax\n>p2 move stealthrock\n>p2 switch 4\n>p1 move psychic\n>p2 switch 2\n>p1 move dazzlinggleam\n>p2 move darkestlariat\n>p2 switch 2\n>p1 move psychic\n>p2 move flareblitz dynamax\n>p2 switch 3\n>p1 move dazzlinggleam\n>p2 move fishiousrend","uploadtime":1665835351,"views":5,"p1id":"ferrothornail","p2id":"zbx171010","formatid":"gen8randombattle","rating":0,"private":0,"password":null}