{"id":"gen8bdspou-1471158655","p1":"2022 flare","p2":"VirginJimmy99","format":"gen8bdspou","log":"|html|<div class=\"broadcast-blue\"><strong>[Gen 8 BDSP] OU is currently suspecting Latios! For information on how to participate check out the <a href=\"https:\/\/www.smogon.com\/forums\/threads\/np-bdsp-ou-suspect-process-round-1-mr-blue-sky.3694109\/\">suspect thread<\/a>.<\/strong><\/div>\n|j|\u26062022 flare\n|j|\u2606VirginJimmy99\n|t:|1639235836\n|gametype|singles\n|player|p1|2022 flare|psychicf-gen4|1349\n|player|p2|VirginJimmy99|rocketgrunt|1477\n|teamsize|p1|6\n|teamsize|p2|6\n|gen|8\n|tier|[Gen 8 BDSP] OU\n|rated|\n|rule|Sleep Clause Mod: Limit one foe put to sleep\n|rule|Species Clause: Limit one of each Pok\u00e9mon\n|rule|OHKO Clause: OHKO moves are banned\n|rule|Evasion Moves Clause: Evasion moves are banned\n|rule|Endless Battle Clause: Forcing endless battles is banned\n|rule|HP Percentage Mod: HP is shown in percentages\n|clearpoke\n|poke|p1|Tangrowth, F|\n|poke|p1|Blissey, F|\n|poke|p1|Gliscor, F|\n|poke|p1|Quagsire, F|\n|poke|p1|Skarmory, M|\n|poke|p1|Starmie|\n|poke|p2|Bastiodon, F|\n|poke|p2|Roserade, F|\n|poke|p2|Starmie|\n|poke|p2|Scizor, M|\n|poke|p2|Mismagius, M|\n|poke|p2|Garchomp, M|\n|teampreview\n|\n|t:|1639235842\n|start\n|switch|p1a: Gliscor|Gliscor, F|100\/100\n|switch|p2a: Roserade|Roserade, F|100\/100\n|turn|1\n|inactive|Battle timer is ON: inactive players will automatically lose when time's up. (requested by 2022 flare)\n|\n|t:|1639235849\n|switch|p1a: Skarmory|Skarmory, M|100\/100\n|move|p2a: Roserade|Sleep Powder|p1a: Skarmory|[miss]\n|-miss|p2a: Roserade|p1a: Skarmory\n|\n|upkeep\n|turn|2\n|\n|t:|1639235855\n|move|p2a: Roserade|Sleep Powder|p1a: Skarmory|[miss]\n|-miss|p2a: Roserade|p1a: Skarmory\n|move|p1a: Skarmory|Taunt|p2a: Roserade\n|-start|p2a: Roserade|move: Taunt\n|\n|upkeep\n|turn|3\n|\n|t:|1639235860\n|switch|p2a: Starmie|Starmie|100\/100\n|move|p1a: Skarmory|Spikes|p2a: Starmie\n|-sidestart|p2: VirginJimmy99|Spikes\n|\n|upkeep\n|turn|4\n|\n|t:|1639235865\n|switch|p1a: Blissey|Blissey, F|100\/100\n|move|p2a: Starmie|Rapid Spin|p1a: Blissey\n|-damage|p1a: Blissey|85\/100\n|-boost|p2a: Starmie|spe|1\n|-sideend|p2: VirginJimmy99|Spikes|[from] move: Rapid Spin|[of] p2a: Starmie\n|\n|-heal|p1a: Blissey|91\/100|[from] item: Leftovers\n|upkeep\n|turn|5\n|\n|t:|1639235890\n|switch|p2a: Big Nut|Bastiodon, F|100\/100\n|move|p1a: Blissey|Ice Beam|p2a: Big Nut\n|-resisted|p2a: Big Nut\n|-damage|p2a: Big Nut|95\/100\n|\n|-heal|p1a: Blissey|97\/100|[from] item: Leftovers\n|-heal|p2a: Big Nut|100\/100|[from] item: Leftovers\n|upkeep\n|turn|6\n|\n|t:|1639235898\n|switch|p1a: Gliscor|Gliscor, F|100\/100\n|move|p2a: Big Nut|Stealth Rock|p1a: Gliscor\n|-sidestart|p1: 2022 flare|move: Stealth Rock\n|\n|-status|p1a: Gliscor|tox|[from] item: Toxic Orb\n|upkeep\n|turn|7\n|\n|t:|1639235918\n|move|p2a: Big Nut|Protect|p2a: Big Nut\n|-singleturn|p2a: Big Nut|Protect\n|move|p1a: Gliscor|Earthquake|p2a: Big Nut\n|-activate|p2a: Big Nut|move: Protect\n|\n|upkeep\n|turn|8\n|\n|t:|1639235921\n|move|p1a: Gliscor|Knock Off|p2a: Big Nut\n|-damage|p2a: Big Nut|89\/100\n|-enditem|p2a: Big Nut|Leftovers|[from] move: Knock Off|[of] p1a: Gliscor\n|move|p2a: Big Nut|Metal Burst|p1a: Gliscor\n|-damage|p1a: Gliscor|85\/100 tox\n|\n|-heal|p1a: Gliscor|97\/100 tox|[from] ability: Poison Heal\n|upkeep\n|turn|9\n|\n|t:|1639235928\n|switch|p2a: Mismagius|Mismagius, M|100\/100\n|move|p1a: Gliscor|Knock Off|p2a: Mismagius\n|-supereffective|p2a: Mismagius\n|-damage|p2a: Mismagius|17\/100\n|-enditem|p2a: Mismagius|Choice Scarf|[from] move: Knock Off|[of] p1a: Gliscor\n|\n|-heal|p1a: Gliscor|100\/100 tox|[from] ability: Poison Heal\n|upkeep\n|turn|10\n|\n|t:|1639235935\n|switch|p1a: Blissey|Blissey, F|97\/100\n|-damage|p1a: Blissey|85\/100|[from] Stealth Rock\n|move|p2a: Mismagius|Destiny Bond|p2a: Mismagius\n|-singlemove|p2a: Mismagius|Destiny Bond\n|\n|-heal|p1a: Blissey|91\/100|[from] item: Leftovers\n|upkeep\n|turn|11\n|\n|t:|1639235944\n|switch|p2a: Roserade|Roserade, F|100\/100\n|move|p1a: Blissey|Calm Mind|p1a: Blissey\n|-boost|p1a: Blissey|spa|1\n|-boost|p1a: Blissey|spd|1\n|\n|-heal|p1a: Blissey|97\/100|[from] item: Leftovers\n|upkeep\n|turn|12\n|\n|t:|1639235948\n|move|p2a: Roserade|Spikes|p1a: Blissey\n|-sidestart|p1: 2022 flare|Spikes\n|move|p1a: Blissey|Ice Beam|p2a: Roserade\n|-supereffective|p2a: Roserade\n|-damage|p2a: Roserade|35\/100\n|\n|-heal|p2a: Roserade|41\/100|[from] item: Black Sludge\n|-heal|p1a: Blissey|100\/100|[from] item: Leftovers\n|upkeep\n|turn|13\n|\n|t:|1639235956\n|switch|p2a: Garchomp|Garchomp, M|100\/100\n|move|p1a: Blissey|Ice Beam|p2a: Garchomp\n|-supereffective|p2a: Garchomp\n|-damage|p2a: Garchomp|0 fnt\n|faint|p2a: Garchomp\n|\n|upkeep\n|c|\u26062022 flare|???\n|c|\u2606VirginJimmy99|o oops\n|\n|t:|1639235977\n|switch|p2a: Scizor|Scizor, M|100\/100\n|turn|14\n|\n|t:|1639236004\n|switch|p1a: Gliscor|Gliscor, F|100\/100 tox\n|-damage|p1a: Gliscor|88\/100 tox|[from] Stealth Rock\n|move|p2a: Scizor|Swords Dance|p2a: Scizor\n|-boost|p2a: Scizor|atk|2\n|\n|-heal|p1a: Gliscor|100\/100 tox|[from] ability: Poison Heal\n|upkeep\n|turn|15\n|\n|t:|1639236008\n|move|p1a: Gliscor|Stealth Rock|p2a: Scizor\n|-sidestart|p2: VirginJimmy99|move: Stealth Rock\n|move|p2a: Scizor|Swords Dance|p2a: Scizor\n|-boost|p2a: Scizor|atk|2\n|\n|upkeep\n|turn|16\n|\n|t:|1639236011\n|move|p1a: Gliscor|Roost||[still]\n|-fail|p1a: Gliscor|heal\n|move|p2a: Scizor|Swords Dance|p2a: Scizor\n|-boost|p2a: Scizor|atk|2\n|\n|upkeep\n|turn|17\n|\n|t:|1639236014\n|move|p2a: Scizor|Bullet Punch|p1a: Gliscor\n|-damage|p1a: Gliscor|17\/100 tox\n|move|p1a: Gliscor|Roost|p1a: Gliscor\n|-heal|p1a: Gliscor|67\/100 tox\n|-singleturn|p1a: Gliscor|move: Roost\n|\n|-heal|p1a: Gliscor|79\/100 tox|[from] ability: Poison Heal\n|upkeep\n|turn|18\n|\n|t:|1639236017\n|move|p2a: Scizor|Bullet Punch|p1a: Gliscor\n|-damage|p1a: Gliscor|2\/100 tox\n|move|p1a: Gliscor|Roost|p1a: Gliscor\n|-heal|p1a: Gliscor|52\/100 tox\n|-singleturn|p1a: Gliscor|move: Roost\n|\n|-heal|p1a: Gliscor|65\/100 tox|[from] ability: Poison Heal\n|upkeep\n|turn|19\n|\n|t:|1639236020\n|switch|p1a: Quagsire|Quagsire, F|100\/100\n|-damage|p1a: Quagsire|88\/100|[from] Spikes\n|-damage|p1a: Quagsire|82\/100|[from] Stealth Rock\n|move|p2a: Scizor|Bullet Punch|p1a: Quagsire\n|-resisted|p1a: Quagsire\n|-damage|p1a: Quagsire|74\/100\n|\n|-heal|p1a: Quagsire|80\/100|[from] item: Leftovers\n|upkeep\n|turn|20\n|\n|t:|1639236023\n|move|p2a: Scizor|U-turn|p1a: Quagsire\n|-damage|p1a: Quagsire|59\/100\n|\n|t:|1639236028\n|switch|p2a: Roserade|Roserade, F|41\/100|[from]move: U-turn\n|-damage|p2a: Roserade|28\/100|[from] Stealth Rock\n|move|p1a: Quagsire|Recover|p1a: Quagsire\n|-heal|p1a: Quagsire|100\/100\n|\n|-heal|p2a: Roserade|35\/100|[from] item: Black Sludge\n|upkeep\n|turn|21\n|\n|t:|1639236033\n|switch|p1a: Blissey|Blissey, F|100\/100\n|-damage|p1a: Blissey|88\/100|[from] Stealth Rock\n|-damage|p1a: Blissey|76\/100|[from] Spikes\n|move|p2a: Roserade|Giga Drain|p1a: Blissey\n|-damage|p1a: Blissey|65\/100\n|-heal|p2a: Roserade|50\/100|[from] drain|[of] p1a: Blissey\n|\n|-heal|p2a: Roserade|56\/100|[from] item: Black Sludge\n|-heal|p1a: Blissey|71\/100|[from] item: Leftovers\n|upkeep\n|turn|22\n|\n|t:|1639236039\n|switch|p1a: Starmie|Starmie|100\/100\n|-damage|p1a: Starmie|88\/100|[from] Stealth Rock\n|-damage|p1a: Starmie|76\/100|[from] Spikes\n|move|p2a: Roserade|Sleep Powder|p1a: Starmie\n|-status|p1a: Starmie|slp|[from] move: Sleep Powder\n|\n|-heal|p1a: Starmie|82\/100 slp|[from] item: Leftovers\n|-heal|p2a: Roserade|62\/100|[from] item: Black Sludge\n|upkeep\n|turn|23\n|\n|t:|1639236047\n|-curestatus|p1a: Starmie|slp|[from] ability: Natural Cure\n|switch|p1a: Blissey|Blissey, F|71\/100\n|-damage|p1a: Blissey|58\/100|[from] Stealth Rock\n|-damage|p1a: Blissey|46\/100|[from] Spikes\n|move|p2a: Roserade|Sleep Powder|p1a: Blissey\n|-status|p1a: Blissey|slp|[from] move: Sleep Powder\n|\n|-heal|p2a: Roserade|68\/100|[from] item: Black Sludge\n|-heal|p1a: Blissey|52\/100 slp|[from] item: Leftovers\n|upkeep\n|turn|24\n|\n|t:|1639236051\n|-curestatus|p1a: Blissey|slp|[from] ability: Natural Cure\n|switch|p1a: Gliscor|Gliscor, F|65\/100 tox\n|-damage|p1a: Gliscor|52\/100 tox|[from] Stealth Rock\n|move|p2a: Roserade|Giga Drain|p1a: Gliscor\n|-damage|p1a: Gliscor|12\/100 tox\n|-heal|p2a: Roserade|95\/100|[from] drain|[of] p1a: Gliscor\n|\n|-heal|p2a: Roserade|100\/100|[from] item: Black Sludge\n|-heal|p1a: Gliscor|25\/100 tox|[from] ability: Poison Heal\n|upkeep\n|turn|25\n|\n|t:|1639236057\n|move|p2a: Roserade|Giga Drain|p1a: Gliscor\n|-damage|p1a: Gliscor|0 fnt\n|faint|p1a: Gliscor\n|\n|upkeep\n|\n|t:|1639236068\n|switch|p1a: Starmie|Starmie|82\/100\n|-damage|p1a: Starmie|70\/100|[from] Spikes\n|-damage|p1a: Starmie|57\/100|[from] Stealth Rock\n|turn|26\n|\n|t:|1639236089\n|move|p1a: Starmie|Rapid Spin|p2a: Roserade\n|-damage|p2a: Roserade|86\/100\n|-boost|p1a: Starmie|spe|1\n|-sideend|p1: 2022 flare|Spikes|[from] move: Rapid Spin|[of] p1a: Starmie\n|-sideend|p1: 2022 flare|Stealth Rock|[from] move: Rapid Spin|[of] p1a: Starmie\n|move|p2a: Roserade|Giga Drain|p1a: Starmie\n|-supereffective|p1a: Starmie\n|-damage|p1a: Starmie|0 fnt\n|-heal|p2a: Roserade|100\/100|[from] drain|[of] p1a: Starmie\n|faint|p1a: Starmie\n|\n|upkeep\n|\n|t:|1639236092\n|switch|p1a: Blissey|Blissey, F|52\/100\n|turn|27\n|\n|t:|1639236094\n|switch|p1a: Quagsire|Quagsire, F|100\/100\n|move|p2a: Roserade|Sleep Powder|p1a: Quagsire|[miss]\n|-miss|p2a: Roserade|p1a: Quagsire\n|\n|upkeep\n|turn|28\n|\n|t:|1639236098\n|switch|p1a: Blissey|Blissey, F|52\/100\n|move|p2a: Roserade|Sleep Powder|p1a: Blissey\n|-status|p1a: Blissey|slp|[from] move: Sleep Powder\n|\n|-heal|p1a: Blissey|58\/100 slp|[from] item: Leftovers\n|upkeep\n|turn|29\n|\n|t:|1639236104\n|-curestatus|p1a: Blissey|slp|[from] ability: Natural Cure\n|switch|p1a: Skarmory|Skarmory, M|100\/100\n|move|p2a: Roserade|Spikes|p1a: Skarmory\n|-sidestart|p1: 2022 flare|Spikes\n|\n|upkeep\n|turn|30\n|\n|t:|1639236109\n|move|p2a: Roserade|Sleep Powder|p1a: Skarmory\n|-status|p1a: Skarmory|slp|[from] move: Sleep Powder\n|cant|p1a: Skarmory|slp\n|\n|upkeep\n|turn|31\n|\n|t:|1639236113\n|switch|p2a: Big Nut|Bastiodon, F|89\/100\n|-damage|p2a: Big Nut|83\/100|[from] Stealth Rock\n|switch|p1a: Blissey|Blissey, F|58\/100\n|-damage|p1a: Blissey|46\/100|[from] Spikes\n|\n|-heal|p1a: Blissey|52\/100|[from] item: Leftovers\n|upkeep\n|turn|32\n|\n|t:|1639236119\n|switch|p1a: Quagsire|Quagsire, F|100\/100\n|-damage|p1a: Quagsire|88\/100|[from] Spikes\n|move|p2a: Big Nut|Stealth Rock|p1a: Quagsire\n|-sidestart|p1: 2022 flare|move: Stealth Rock\n|\n|-heal|p1a: Quagsire|94\/100|[from] item: Leftovers\n|upkeep\n|turn|33\n|\n|t:|1639236140\n|switch|p2a: Starmie|Starmie|100\/100\n|-damage|p2a: Starmie|88\/100|[from] Stealth Rock\n|move|p1a: Quagsire|Earthquake|p2a: Starmie\n|-damage|p2a: Starmie|50\/100\n|\n|-heal|p2a: Starmie|56\/100|[from] item: Leftovers\n|-heal|p1a: Quagsire|99\/100|[from] item: Leftovers\n|upkeep\n|turn|34\n|inactive|2022 flare has 120 seconds left.\n|\n|t:|1639236177\n|move|p2a: Starmie|Rapid Spin|p1a: Quagsire\n|-damage|p1a: Quagsire|94\/100\n|-boost|p2a: Starmie|spe|1\n|-sideend|p2: VirginJimmy99|Stealth Rock|[from] move: Rapid Spin|[of] p2a: Starmie\n|move|p1a: Quagsire|Scald|p2a: Starmie\n|-resisted|p2a: Starmie\n|-damage|p2a: Starmie|44\/100\n|\n|-heal|p2a: Starmie|50\/100|[from] item: Leftovers\n|-heal|p1a: Quagsire|100\/100|[from] item: Leftovers\n|upkeep\n|turn|35\n|\n|t:|1639236184\n|move|p2a: Starmie|Scald|p1a: Quagsire\n|-damage|p1a: Quagsire|69\/100\n|move|p1a: Quagsire|Earthquake|p2a: Starmie\n|-damage|p2a: Starmie|14\/100\n|\n|-heal|p2a: Starmie|20\/100|[from] item: Leftovers\n|-heal|p1a: Quagsire|75\/100|[from] item: Leftovers\n|upkeep\n|turn|36\n|\n|t:|1639236189\n|move|p2a: Starmie|Scald|p1a: Quagsire\n|-damage|p1a: Quagsire|38\/100\n|move|p1a: Quagsire|Earthquake|p2a: Starmie\n|-damage|p2a: Starmie|0 fnt\n|faint|p2a: Starmie\n|\n|-heal|p1a: Quagsire|45\/100|[from] item: Leftovers\n|upkeep\n|\n|t:|1639236199\n|switch|p2a: Roserade|Roserade, F|100\/100\n|turn|37\n|\n|t:|1639236217\n|switch|p1a: Tangrowth|Tangrowth, F|100\/100\n|-damage|p1a: Tangrowth|88\/100|[from] Spikes\n|-damage|p1a: Tangrowth|76\/100|[from] Stealth Rock\n|move|p2a: Roserade|Spikes|p1a: Tangrowth\n|-sidestart|p1: 2022 flare|Spikes\n|\n|upkeep\n|turn|38\n|\n|t:|1639236226\n|move|p2a: Roserade|Spikes|p1a: Tangrowth\n|-sidestart|p1: 2022 flare|Spikes\n|move|p1a: Tangrowth|Sludge Bomb|p2a: Roserade\n|-damage|p2a: Roserade|70\/100\n|\n|-heal|p2a: Roserade|76\/100|[from] item: Black Sludge\n|upkeep\n|turn|39\n|\n|t:|1639236233\n|switch|p1a: Blissey|Blissey, F|52\/100\n|-damage|p1a: Blissey|27\/100|[from] Spikes\n|-damage|p1a: Blissey|14\/100|[from] Stealth Rock\n|move|p2a: Roserade|Sludge Bomb|p1a: Blissey\n|-damage|p1a: Blissey|3\/100\n|-status|p1a: Blissey|psn\n|\n|-heal|p2a: Roserade|82\/100|[from] item: Black Sludge\n|-heal|p1a: Blissey|9\/100 psn|[from] item: Leftovers\n|-damage|p1a: Blissey|0 fnt|[from] psn\n|faint|p1a: Blissey\n|upkeep\n|-message|2022 flare forfeited.\n|\n|win|VirginJimmy99\n|raw|2022 flare's rating: 1349 &rarr; <strong>1336<\/strong><br \/>(-13 for losing)\n|raw|VirginJimmy99's rating: 1477 &rarr; <strong>1490<\/strong><br \/>(+13 for winning)\n|l|\u26062022 flare\n||Ladder isn't responding, score probably updated but might not have (Request timeout).\n","uploadtime":1639236246,"views":16,"p1id":"2022flare","p2id":"virginjimmy99","formatid":"gen8bdspou","rating":1336,"private":0,"password":null}