{"id":"gen8waterparadise-1371279687","p1":"lebanesestinker","p2":"powerjuice","format":"gen8waterparadise","log":"|j|\u2606lebanesestinker\n|j|\u2606powerjuice\n|t:|1625526815\n|gametype|singles\n|player|p1|lebanesestinker|policeman|1218\n|player|p2|powerjuice|265|1344\n|teamsize|p1|6\n|teamsize|p2|6\n|gen|8\n|tier|[Gen 8] Water Paradise\n|rated|\n|rule|Species Clause: Limit one of each Pok\u00e9mon\n|rule|Item Clause: Limit one of each item\n|clearpoke\n|poke|p1|Barbaracle, L50, F|\n|poke|p1|Ludicolo, L50, M|\n|poke|p1|Starmie, L50|\n|poke|p1|Lanturn, L50, F|\n|poke|p1|Sharpedo, L50, M|\n|poke|p1|Gyarados, L50, F|\n|poke|p2|Octillery, L50, F|\n|poke|p2|Qwilfish, L50, M|\n|poke|p2|Lanturn, L50, F|\n|poke|p2|Ludicolo, L50, M|\n|poke|p2|Gyarados, L50, M|\n|poke|p2|Lapras, L50, F|\n|teampreview|3\n|\n|t:|1625526859\n|start\n|switch|p1a: Starmie|Starmie, L50|100\/100\n|switch|p2a: Qwilfish|Qwilfish, L50, M|100\/100\n|-ability|p2a: Qwilfish|Intimidate|boost\n|-unboost|p1a: Starmie|atk|1\n|turn|1\n|inactive|Battle timer is ON: inactive players will automatically lose when time's up. (requested by lebanesestinker)\n|inactive|powerjuice has 120 seconds left.\n|\n|t:|1625526893\n|move|p1a: Starmie|Psychic|p2a: Qwilfish\n|-supereffective|p2a: Qwilfish\n|-enditem|p2a: Qwilfish|Focus Sash\n|-damage|p2a: Qwilfish|1\/100\n|-unboost|p2a: Qwilfish|spd|1\n|move|p2a: Qwilfish|Poison Jab|p1a: Starmie\n|-damage|p1a: Starmie|49\/100\n|-status|p1a: Starmie|psn\n|\n|-damage|p1a: Starmie|38\/100 psn|[from] psn\n|upkeep\n|turn|2\n|\n|t:|1625526910\n|move|p1a: Starmie|Thunderbolt|p2a: Qwilfish\n|-supereffective|p2a: Qwilfish\n|-damage|p2a: Qwilfish|0 fnt\n|faint|p2a: Qwilfish\n|\n|-damage|p1a: Starmie|26\/100 psn|[from] psn\n|upkeep\n|\n|t:|1625526916\n|switch|p2a: Octillery|Octillery, L50, F|100\/100\n|turn|3\n|\n|t:|1625526919\n|move|p1a: Starmie|Thunderbolt|p2a: Octillery\n|-supereffective|p2a: Octillery\n|-damage|p2a: Octillery|22\/100\n|move|p2a: Octillery|Substitute|p2a: Octillery\n|-fail|p2a: Octillery|move: Substitute|[weak]\n|\n|-heal|p2a: Octillery|28\/100|[from] item: Leftovers\n|-damage|p1a: Starmie|14\/100 psn|[from] psn\n|-ability|p2a: Octillery|Moody|boost\n|-boost|p2a: Octillery|spa|2\n|-unboost|p2a: Octillery|spd|1\n|upkeep\n|turn|4\n|\n|t:|1625526926\n|move|p2a: Octillery|Protect|p2a: Octillery\n|-singleturn|p2a: Octillery|Protect\n|move|p1a: Starmie|Psychic|p2a: Octillery\n|-activate|p2a: Octillery|move: Protect\n|\n|-heal|p2a: Octillery|34\/100|[from] item: Leftovers\n|-damage|p1a: Starmie|2\/100 psn|[from] psn\n|-ability|p2a: Octillery|Moody|boost\n|-boost|p2a: Octillery|spe|2\n|-unboost|p2a: Octillery|def|1\n|upkeep\n|turn|5\n|\n|t:|1625526933\n|move|p2a: Octillery|Protect||[still]\n|-fail|p2a: Octillery\n|move|p1a: Starmie|Thunderbolt|p2a: Octillery\n|-supereffective|p2a: Octillery\n|-damage|p2a: Octillery|0 fnt\n|faint|p2a: Octillery\n|\n|-damage|p1a: Starmie|0 fnt|[from] psn\n|faint|p1a: Starmie\n|upkeep\n|\n|t:|1625526939\n|switch|p1a: Sharpedo|Sharpedo, L50, M|100\/100\n|switch|p2a: Lapras|Lapras, L50, F|100\/100\n|turn|6\n|\n|t:|1625526948\n|move|p2a: Lapras|Protect|p2a: Lapras\n|-singleturn|p2a: Lapras|Protect\n|move|p1a: Sharpedo|Close Combat|p2a: Lapras\n|-activate|p2a: Lapras|move: Protect\n|\n|-ability|p1a: Sharpedo|Speed Boost|boost\n|-boost|p1a: Sharpedo|spe|1\n|upkeep\n|turn|7\n|\n|t:|1625526957\n|-start|p2a: Lapras|Dynamax\n|-formechange|p2a: Lapras|Lapras-Gmax\n|-heal|p2a: Lapras|100\/100|[silent]\n|move|p1a: Sharpedo|Close Combat|p2a: Lapras\n|-supereffective|p2a: Lapras\n|-damage|p2a: Lapras|46\/100\n|-unboost|p1a: Sharpedo|def|1\n|-unboost|p1a: Sharpedo|spd|1\n|move|p2a: Lapras|G-Max Resonance|p1a: Sharpedo\n|-resisted|p1a: Sharpedo\n|-damage|p1a: Sharpedo|9\/100\n|-sidestart|p2: powerjuice|move: Aurora Veil\n|\n|-ability|p1a: Sharpedo|Speed Boost|boost\n|-boost|p1a: Sharpedo|spe|1\n|upkeep\n|turn|8\n|\n|t:|1625526963\n|move|p1a: Sharpedo|Close Combat|p2a: Lapras\n|-supereffective|p2a: Lapras\n|-damage|p2a: Lapras|19\/100\n|-unboost|p1a: Sharpedo|def|1\n|-unboost|p1a: Sharpedo|spd|1\n|move|p2a: Lapras|Max Lightning|p1a: Sharpedo\n|-supereffective|p1a: Sharpedo\n|-damage|p1a: Sharpedo|0 fnt\n|-fieldstart|move: Electric Terrain\n|faint|p1a: Sharpedo\n|\n|upkeep\n|\n|t:|1625526966\n|switch|p1a: Gyarados|Gyarados, L50, F|100\/100\n|turn|9\n|\n|t:|1625526969\n|-start|p1a: Gyarados|Dynamax\n|-heal|p1a: Gyarados|100\/100|[silent]\n|move|p1a: Gyarados|Max Overgrowth|p2a: Lapras\n|-supereffective|p2a: Lapras\n|-enditem|p2a: Lapras|Rindo Berry|[eat]\n|-enditem|p2a: Lapras|Rindo Berry|[weaken]\n|-damage|p2a: Lapras|10\/100\n|-fieldstart|move: Grassy Terrain\n|move|p2a: Lapras|Max Lightning|p1a: Gyarados\n|-supereffective|p1a: Gyarados\n|-damage|p1a: Gyarados|26\/100\n|-fieldstart|move: Electric Terrain\n|\n|-end|p2a: Lapras|Dynamax\n|-formechange|p2a: Lapras|Lapras\n|-heal|p2a: Lapras|10\/100|[silent]\n|upkeep\n|turn|10\n|\n|t:|1625526975\n|move|p1a: Gyarados|Max Overgrowth|p2a: Lapras\n|-supereffective|p2a: Lapras\n|-damage|p2a: Lapras|0 fnt\n|-fieldstart|move: Grassy Terrain\n|faint|p2a: Lapras\n|\n|win|lebanesestinker\n|raw|lebanesestinker's rating: 1218 &rarr; <strong>1252<\/strong><br \/>(+34 for winning)\n|raw|powerjuice's rating: 1344 &rarr; <strong>1317<\/strong><br \/>(-27 for losing)\n|l|\u2606powerjuice\n|l|\u2606lebanesestinker\n","uploadtime":1625527081,"views":12,"p1id":"lebanesestinker","p2id":"powerjuice","formatid":"gen8waterparadise","rating":1252,"private":0,"password":null}