{"id":"gen8monotype-1556472955","p1":"Allelaja","p2":"IDrinkSteelTears","format":"gen8monotype","log":"|j|\u2606Allelaja\n|j|\u2606IDrinkSteelTears\n|t:|1650340071\n|gametype|singles\n|player|p1|Allelaja|170|1484\n|player|p2|IDrinkSteelTears|youngn|1729\n|teamsize|p1|6\n|teamsize|p2|6\n|gen|8\n|tier|[Gen 8] Monotype\n|rated|\n|rule|Same Type Clause: Pok\u00e9mon in a team must share a type\n|rule|Sleep Clause Mod: Limit one foe put to sleep\n|rule|Species Clause: Limit one of each Pok\u00e9mon\n|rule|OHKO Clause: OHKO moves are banned\n|rule|Evasion Moves Clause: Evasion moves are banned\n|rule|Endless Battle Clause: Forcing endless battles is banned\n|rule|HP Percentage Mod: HP is shown in percentages\n|rule|Dynamax Clause: You cannot dynamax\n|clearpoke\n|poke|p1|Torkoal, M|\n|poke|p1|Cinderace, M|\n|poke|p1|Volcarona, M|\n|poke|p1|Heatran, M|\n|poke|p1|Victini|\n|poke|p1|Blacephalon|\n|poke|p2|Cinderace, M|\n|poke|p2|Torkoal, F|\n|poke|p2|Heatran, F|\n|poke|p2|Moltres|\n|poke|p2|Volcanion|\n|poke|p2|Rotom-Heat|\n|teampreview\n|inactive|Battle timer is ON: inactive players will automatically lose when time's up. (requested by Allelaja)\n|c|\u2606IDrinkSteelTears|hf\n|\n|t:|1650340096\n|start\n|switch|p1a: Victini|Victini|100\/100\n|switch|p2a: *volt switches*|Rotom-Heat|100\/100\n|turn|1\n|\n|t:|1650340105\n|move|p2a: *volt switches*|Volt Switch|p1a: Victini\n|-damage|p1a: Victini|71\/100\n|\n|t:|1650340108\n|switch|p2a: ms bird|Moltres|100\/100|[from]move: Volt Switch\n|move|p1a: Victini|V-create|p2a: ms bird\n|-resisted|p2a: ms bird\n|-damage|p2a: ms bird|59\/100\n|-unboost|p1a: Victini|spe|1\n|-unboost|p1a: Victini|def|1\n|-unboost|p1a: Victini|spd|1\n|\n|upkeep\n|turn|2\n|\n|t:|1650340116\n|switch|p1a: Torkoal|Torkoal, M|100\/100\n|-weather|SunnyDay|[from] ability: Drought|[of] p1a: Torkoal\n|move|p2a: ms bird|U-turn|p1a: Torkoal\n|-resisted|p1a: Torkoal\n|-damage|p1a: Torkoal|96\/100\n|\n|t:|1650340120\n|switch|p2a: BRING ME AZUMARILL|Volcanion|100\/100|[from]move: U-turn\n|\n|-weather|SunnyDay|[upkeep]\n|upkeep\n|turn|3\n|\n|t:|1650340126\n|move|p2a: BRING ME AZUMARILL|Earth Power|p1a: Torkoal\n|-supereffective|p1a: Torkoal\n|-damage|p1a: Torkoal|21\/100\n|-unboost|p1a: Torkoal|spd|1\n|move|p1a: Torkoal|Stealth Rock|p2a: BRING ME AZUMARILL\n|-sidestart|p2: IDrinkSteelTears|move: Stealth Rock\n|\n|-weather|SunnyDay|[upkeep]\n|upkeep\n|turn|4\n|\n|t:|1650340132\n|switch|p2a: big koal|Torkoal, F|100\/100\n|switch|p1a: Heatran|Heatran, M|100\/100\n|-item|p1a: Heatran|Air Balloon\n|\n|-weather|SunnyDay|[upkeep]\n|upkeep\n|turn|5\n|\n|t:|1650340139\n|switch|p1a: Blacephalon|Blacephalon|100\/100\n|switch|p2a: ms bird|Moltres|59\/100\n|\n|-weather|SunnyDay|[upkeep]\n|upkeep\n|turn|6\n|\n|t:|1650340147\n|switch|p2a: tran rights|Heatran, F|100\/100\n|-damage|p2a: tran rights|88\/100|[from] Stealth Rock\n|move|p1a: Blacephalon|Shadow Ball|p2a: tran rights\n|-damage|p2a: tran rights|59\/100\n|\n|-weather|SunnyDay|[upkeep]\n|-heal|p2a: tran rights|65\/100|[from] item: Leftovers\n|upkeep\n|turn|7\n|\n|t:|1650340158\n|move|p2a: tran rights|Protect|p2a: tran rights\n|-singleturn|p2a: tran rights|Protect\n|move|p1a: Blacephalon|Shadow Ball|p2a: tran rights\n|-activate|p2a: tran rights|move: Protect\n|\n|-weather|SunnyDay|[upkeep]\n|-heal|p2a: tran rights|71\/100|[from] item: Leftovers\n|upkeep\n|turn|8\n|\n|t:|1650340161\n|move|p1a: Blacephalon|Shadow Ball|p2a: tran rights\n|-damage|p2a: tran rights|40\/100\n|-unboost|p2a: tran rights|spd|1\n|move|p2a: tran rights|Earth Power|p1a: Blacephalon\n|-supereffective|p1a: Blacephalon\n|-damage|p1a: Blacephalon|17\/100\n|\n|-weather|SunnyDay|[upkeep]\n|-heal|p2a: tran rights|47\/100|[from] item: Leftovers\n|upkeep\n|turn|9\n|\n|t:|1650340165\n|move|p2a: tran rights|Protect|p2a: tran rights\n|-singleturn|p2a: tran rights|Protect\n|move|p1a: Blacephalon|Shadow Ball|p2a: tran rights\n|-activate|p2a: tran rights|move: Protect\n|\n|-weather|none\n|-heal|p2a: tran rights|53\/100|[from] item: Leftovers\n|upkeep\n|turn|10\n|\n|t:|1650340182\n|switch|p2a: BRING ME AZUMARILL|Volcanion|100\/100\n|-damage|p2a: BRING ME AZUMARILL|75\/100|[from] Stealth Rock\n|move|p1a: Blacephalon|Shadow Ball|p2a: BRING ME AZUMARILL\n|-damage|p2a: BRING ME AZUMARILL|50\/100\n|\n|upkeep\n|turn|11\n|\n|t:|1650340188\n|switch|p1a: Torkoal|Torkoal, M|21\/100\n|-weather|SunnyDay|[from] ability: Drought|[of] p1a: Torkoal\n|move|p2a: BRING ME AZUMARILL|Steam Eruption|p1a: Torkoal\n|-supereffective|p1a: Torkoal\n|-damage|p1a: Torkoal|0 fnt\n|faint|p1a: Torkoal\n|\n|-weather|SunnyDay|[upkeep]\n|upkeep\n|\n|t:|1650340197\n|switch|p1a: Volcarona|Volcarona, M|100\/100\n|turn|12\n|inactive|IDrinkSteelTears has 120 seconds left.\n|\n|t:|1650340232\n|switch|p2a: ms bird|Moltres|59\/100\n|move|p1a: Volcarona|Quiver Dance|p1a: Volcarona\n|-boost|p1a: Volcarona|spa|1\n|-boost|p1a: Volcarona|spd|1\n|-boost|p1a: Volcarona|spe|1\n|\n|-weather|SunnyDay|[upkeep]\n|upkeep\n|turn|13\n|\n|t:|1650340236\n|move|p1a: Volcarona|Substitute|p1a: Volcarona\n|-start|p1a: Volcarona|Substitute\n|-damage|p1a: Volcarona|76\/100\n|move|p2a: ms bird|Toxic||[still]\n|-fail|p2a: ms bird\n|\n|-weather|SunnyDay|[upkeep]\n|upkeep\n|turn|14\n|\n|t:|1650340241\n|move|p1a: Volcarona|Quiver Dance|p1a: Volcarona\n|-boost|p1a: Volcarona|spa|1\n|-boost|p1a: Volcarona|spd|1\n|-boost|p1a: Volcarona|spe|1\n|move|p2a: ms bird|Defog|p1a: Volcarona\n|-sideend|p2: IDrinkSteelTears|Stealth Rock|[from] move: Defog|[of] p2a: ms bird\n|\n|-weather|SunnyDay|[upkeep]\n|upkeep\n|turn|15\n|\n|t:|1650340244\n|move|p1a: Volcarona|Psychic|p2a: ms bird\n|-damage|p2a: ms bird|0 fnt\n|faint|p2a: ms bird\n|\n|-weather|SunnyDay|[upkeep]\n|upkeep\n|\n|t:|1650340252\n|switch|p2a: tran rights|Heatran, F|53\/100\n|turn|16\n|\n|t:|1650340256\n|move|p1a: Volcarona|Psychic|p2a: tran rights\n|-resisted|p2a: tran rights\n|-damage|p2a: tran rights|34\/100\n|move|p2a: tran rights|Magma Storm|p1a: Volcarona\n|-end|p1a: Volcarona|Substitute\n|\n|-weather|SunnyDay|[upkeep]\n|-heal|p2a: tran rights|40\/100|[from] item: Leftovers\n|upkeep\n|turn|17\n|\n|t:|1650340265\n|move|p1a: Volcarona|Substitute|p1a: Volcarona\n|-start|p1a: Volcarona|Substitute\n|-damage|p1a: Volcarona|51\/100\n|move|p2a: tran rights|Magma Storm|p1a: Volcarona|[miss]\n|-miss|p2a: tran rights|p1a: Volcarona\n|\n|-weather|SunnyDay|[upkeep]\n|-heal|p2a: tran rights|46\/100|[from] item: Leftovers\n|upkeep\n|turn|18\n|\n|t:|1650340270\n|move|p1a: Volcarona|Quiver Dance|p1a: Volcarona\n|-boost|p1a: Volcarona|spa|1\n|-boost|p1a: Volcarona|spd|1\n|-boost|p1a: Volcarona|spe|1\n|move|p2a: tran rights|Magma Storm|p1a: Volcarona\n|-end|p1a: Volcarona|Substitute\n|\n|-weather|none\n|-heal|p2a: tran rights|52\/100|[from] item: Leftovers\n|upkeep\n|turn|19\n|\n|t:|1650340275\n|move|p1a: Volcarona|Substitute|p1a: Volcarona\n|-start|p1a: Volcarona|Substitute\n|-damage|p1a: Volcarona|26\/100\n|move|p2a: tran rights|Taunt|p1a: Volcarona\n|-start|p1a: Volcarona|move: Taunt\n|\n|-heal|p2a: tran rights|59\/100|[from] item: Leftovers\n|upkeep\n|turn|20\n|\n|t:|1650340281\n|move|p2a: tran rights|Protect|p2a: tran rights\n|-singleturn|p2a: tran rights|Protect\n|move|p1a: Volcarona|Psychic|p2a: tran rights\n|-activate|p2a: tran rights|move: Protect\n|\n|-heal|p2a: tran rights|65\/100|[from] item: Leftovers\n|upkeep\n|turn|21\n|\n|t:|1650340285\n|move|p1a: Volcarona|Psychic|p2a: tran rights\n|-resisted|p2a: tran rights\n|-damage|p2a: tran rights|38\/100\n|move|p2a: tran rights|Magma Storm|p1a: Volcarona\n|-activate|p1a: Volcarona|move: Substitute|[damage]\n|\n|-heal|p2a: tran rights|45\/100|[from] item: Leftovers\n|upkeep\n|turn|22\n|\n|t:|1650340292\n|switch|p2a: big koal|Torkoal, F|100\/100\n|-weather|SunnyDay|[from] ability: Drought|[of] p2a: big koal\n|move|p1a: Volcarona|Psychic|p2a: big koal\n|-damage|p2a: big koal|0 fnt\n|faint|p2a: big koal\n|\n|-weather|SunnyDay|[upkeep]\n|-end|p1a: Volcarona|move: Taunt\n|upkeep\n|\n|t:|1650340296\n|switch|p2a: tran rights|Heatran, F|45\/100\n|turn|23\n|\n|t:|1650340302\n|move|p1a: Volcarona|Psychic|p2a: tran rights\n|-resisted|p2a: tran rights\n|-crit|p2a: tran rights\n|-damage|p2a: tran rights|4\/100\n|move|p2a: tran rights|Magma Storm|p1a: Volcarona\n|-end|p1a: Volcarona|Substitute\n|\n|-weather|SunnyDay|[upkeep]\n|-heal|p2a: tran rights|10\/100|[from] item: Leftovers\n|upkeep\n|turn|24\n|\n|t:|1650340312\n|move|p1a: Volcarona|Psychic|p2a: tran rights\n|-resisted|p2a: tran rights\n|-damage|p2a: tran rights|0 fnt\n|faint|p2a: tran rights\n|\n|-weather|SunnyDay|[upkeep]\n|upkeep\n|\n|t:|1650340316\n|switch|p2a: bunny of fairness|Cinderace, M|100\/100\n|turn|25\n|\n|t:|1650340322\n|move|p1a: Volcarona|Quiver Dance|p1a: Volcarona\n|-boost|p1a: Volcarona|spa|1\n|-boost|p1a: Volcarona|spd|1\n|-boost|p1a: Volcarona|spe|1\n|move|p2a: bunny of fairness|U-turn|p1a: Volcarona\n|-start|p2a: bunny of fairness|typechange|Bug|[from] ability: Libero\n|-resisted|p1a: Volcarona\n|-damage|p1a: Volcarona|0 fnt\n|faint|p1a: Volcarona\n|\n|t:|1650340328\n|switch|p2a: *volt switches*|Rotom-Heat|100\/100|[from]move: U-turn\n|\n|-weather|SunnyDay|[upkeep]\n|upkeep\n|\n|t:|1650340344\n|switch|p1a: Heatran|Heatran, M|100\/100\n|-item|p1a: Heatran|Air Balloon\n|turn|26\n|\n|t:|1650340349\n|move|p2a: *volt switches*|Trick|p1a: Heatran\n|-activate|p2a: *volt switches*|move: Trick|[of] p1a: Heatran\n|-item|p1a: Heatran|Choice Scarf|[from] move: Trick\n|-item|p2a: *volt switches*|Air Balloon\n|-item|p2a: *volt switches*|Air Balloon|[from] move: Trick\n|move|p1a: Heatran|Magma Storm|p2a: *volt switches*\n|-resisted|p2a: *volt switches*\n|-damage|p2a: *volt switches*|47\/100\n|-activate|p2a: *volt switches*|move: Magma Storm|[of] p1a: Heatran\n|-enditem|p2a: *volt switches*|Air Balloon\n|\n|-weather|none\n|-damage|p2a: *volt switches*|35\/100|[from] move: Magma Storm|[partiallytrapped]\n|upkeep\n|turn|27\n|\n|t:|1650340356\n|move|p1a: Heatran|Magma Storm|p2a: *volt switches*\n|-resisted|p2a: *volt switches*\n|-damage|p2a: *volt switches*|0 fnt\n|faint|p2a: *volt switches*\n|\n|upkeep\n|\n|t:|1650340358\n|switch|p2a: BRING ME AZUMARILL|Volcanion|50\/100\n|turn|28\n|\n|t:|1650340380\n|switch|p1a: Cinderace|Cinderace, M|100\/100\n|move|p2a: BRING ME AZUMARILL|Earth Power|p1a: Cinderace\n|-supereffective|p1a: Cinderace\n|-crit|p1a: Cinderace\n|-damage|p1a: Cinderace|0 fnt\n|faint|p1a: Cinderace\n|\n|upkeep\n|\n|t:|1650340381\n|switch|p1a: Victini|Victini|71\/100\n|turn|29\n|\n|t:|1650340396\n|switch|p2a: bunny of fairness|Cinderace, M|100\/100\n|move|p1a: Victini|Bolt Strike|p2a: bunny of fairness\n|-damage|p2a: bunny of fairness|17\/100\n|\n|upkeep\n|turn|30\n|\n|t:|1650340407\n|move|p2a: bunny of fairness|U-turn|p1a: Victini\n|-start|p2a: bunny of fairness|typechange|Bug|[from] ability: Libero\n|-damage|p1a: Victini|24\/100\n|\n|t:|1650340409\n|switch|p2a: BRING ME AZUMARILL|Volcanion|50\/100|[from]move: U-turn\n|move|p1a: Victini|Bolt Strike|p2a: BRING ME AZUMARILL\n|-supereffective|p2a: BRING ME AZUMARILL\n|-damage|p2a: BRING ME AZUMARILL|0 fnt\n|faint|p2a: BRING ME AZUMARILL\n|\n|upkeep\n|\n|t:|1650340410\n|switch|p2a: bunny of fairness|Cinderace, M|17\/100\n|turn|31\n|\n|t:|1650340417\n|move|p2a: bunny of fairness|Sucker Punch|p1a: Victini\n|-start|p2a: bunny of fairness|typechange|Dark|[from] ability: Libero\n|-supereffective|p1a: Victini\n|-damage|p1a: Victini|0 fnt\n|faint|p1a: Victini\n|\n|upkeep\n|\n|t:|1650340422\n|switch|p1a: Heatran|Heatran, M|100\/100\n|turn|32\n|\n|t:|1650340424\n|move|p2a: bunny of fairness|Sucker Punch|p1a: Heatran\n|-damage|p1a: Heatran|50\/100\n|move|p1a: Heatran|Flash Cannon|p2a: bunny of fairness\n|-damage|p2a: bunny of fairness|0 fnt\n|faint|p2a: bunny of fairness\n|\n|win|Allelaja\n|raw|Allelaja's rating: 1484 &rarr; <strong>1516<\/strong><br \/>(+32 for winning)\n|raw|IDrinkSteelTears's rating: 1729 &rarr; <strong>1697<\/strong><br \/>(-32 for losing)\n|c|\u2606Allelaja|Gg\n|l|\u2606IDrinkSteelTears\n","uploadtime":1650340432,"views":10,"p1id":"allelaja","p2id":"idrinksteeltears","formatid":"gen8monotype","rating":1516,"private":0,"password":null}