{"id":"gen8nationaldexag-1669945561","p1":"Meracx","p2":"Butterchoke","format":"gen8nationaldexag","log":"|j|\u2606Meracx\n|j|\u2606Butterchoke\n|t:|1664114734\n|gametype|singles\n|player|p1|Meracx|thorton|\n|player|p2|Butterchoke|pryce|\n|teamsize|p1|6\n|teamsize|p2|6\n|gen|8\n|tier|[Gen 8] National Dex AG\n|rule|HP Percentage Mod: HP is shown in percentages\n|rule|Endless Battle Clause: Forcing endless battles is banned\n|clearpoke\n|poke|p1|Genesect|\n|poke|p1|Volcanion|\n|poke|p1|Mudsdale, F|\n|poke|p1|Tapu Koko|\n|poke|p1|Drapion, M|\n|poke|p1|Virizion|\n|poke|p2|Cinderace, F|\n|poke|p2|Eelektross, F|\n|poke|p2|Medicham, F|\n|poke|p2|Hydreigon, M|\n|poke|p2|Klefki, M|\n|poke|p2|Runerigus, M|\n|teampreview\n|c|\u2606Meracx|hf\n|c|\u2606Butterchoke|hf\n|\n|t:|1664114822\n|start\n|switch|p1a: Eyjafj\u00f6ll|Genesect, shiny|100\/100\n|switch|p2a: Runerigus|Runerigus, M|100\/100\n|-ability|p1a: Eyjafj\u00f6ll|Download|boost\n|-boost|p1a: Eyjafj\u00f6ll|atk|1\n|turn|1\n|j| FlorentM\n|\n|t:|1664114857\n|move|p1a: Eyjafj\u00f6ll|Iron Head|p2a: Runerigus\n|-damage|p2a: Runerigus|37\/100\n|-damage|p1a: Eyjafj\u00f6ll|84\/100|[from] item: Rocky Helmet|[of] p2a: Runerigus\n|-activate|p2a: Runerigus|ability: Wandering Spirit|Download|Wandering Spirit|[of] p1a: Eyjafj\u00f6ll\n|-ability|p2a: Runerigus|Download|boost\n|-boost|p2a: Runerigus|atk|1\n|cant|p2a: Runerigus|flinch\n|\n|upkeep\n|turn|2\n|c|\u2606Meracx|Oups d\u00e9so\n|c|\u2606Butterchoke|relou\n|c|\u2606Butterchoke|j avais tap\u00e9 wow\n|\n|t:|1664114944\n|switch|p2a: Cinderace|Cinderace, F|100\/100\n|move|p1a: Eyjafj\u00f6ll|Iron Head|p2a: Cinderace\n|-resisted|p2a: Cinderace\n|-damage|p2a: Cinderace|45\/100\n|\n|upkeep\n|turn|3\n|\n|t:|1664114962\n|switch|p1a: Kilimandjaro|Mudsdale, F|100\/100\n|move|p2a: Cinderace|Super Fang|p1a: Kilimandjaro\n|-damage|p1a: Kilimandjaro|50\/100\n|-ability|p1a: Kilimandjaro|Stamina|boost\n|-boost|p1a: Kilimandjaro|def|1\n|\n|-heal|p1a: Kilimandjaro|57\/100|[from] item: Leftovers\n|upkeep\n|turn|4\n|\n|t:|1664114979\n|move|p2a: Cinderace|U-turn|p1a: Kilimandjaro\n|-damage|p1a: Kilimandjaro|48\/100\n|-ability|p1a: Kilimandjaro|Stamina|boost\n|-boost|p1a: Kilimandjaro|def|1\n|\n|t:|1664114988\n|switch|p2a: Runerigus|Runerigus, M|37\/100|[from]move: U-turn\n|move|p1a: Kilimandjaro|Body Press|p2a: Runerigus\n|-immune|p2a: Runerigus\n|\n|-heal|p1a: Kilimandjaro|54\/100|[from] item: Leftovers\n|upkeep\n|turn|5\n|\n|t:|1664114997\n|move|p2a: Runerigus|Stealth Rock|p1a: Kilimandjaro\n|-sidestart|p1: Meracx|move: Stealth Rock\n|move|p1a: Kilimandjaro|Substitute|p1a: Kilimandjaro\n|-start|p1a: Kilimandjaro|Substitute\n|-damage|p1a: Kilimandjaro|29\/100\n|\n|-heal|p1a: Kilimandjaro|35\/100|[from] item: Leftovers\n|upkeep\n|turn|6\n|\n|t:|1664115008\n|switch|p2a: Eelektross|Eelektross, F|100\/100\n|move|p1a: Kilimandjaro|Iron Defense|p1a: Kilimandjaro\n|-boost|p1a: Kilimandjaro|def|2\n|\n|-heal|p1a: Kilimandjaro|42\/100|[from] item: Leftovers\n|upkeep\n|turn|7\n|\n|t:|1664115015\n|move|p2a: Eelektross|Giga Drain|p1a: Kilimandjaro\n|-supereffective|p1a: Kilimandjaro\n|-end|p1a: Kilimandjaro|Substitute\n|move|p1a: Kilimandjaro|Body Press|p2a: Eelektross\n|-damage|p2a: Eelektross|17\/100\n|\n|-heal|p1a: Kilimandjaro|48\/100|[from] item: Leftovers\n|upkeep\n|turn|8\n|\n|t:|1664115042\n|switch|p1a: Piton de Fournaise|Drapion, M|100\/100\n|-damage|p1a: Piton de Fournaise|88\/100|[from] Stealth Rock\n|move|p2a: Eelektross|Giga Drain|p1a: Piton de Fournaise\n|-resisted|p1a: Piton de Fournaise\n|-damage|p1a: Piton de Fournaise|72\/100\n|-heal|p2a: Eelektross|24\/100|[from] drain|[of] p1a: Piton de Fournaise\n|\n|upkeep\n|turn|9\n|\n|t:|1664115067\n|switch|p2a: Hydreigon|Hydreigon, M|100\/100\n|move|p1a: Piton de Fournaise|Knock Off|p2a: Hydreigon\n|-resisted|p2a: Hydreigon\n|-damage|p2a: Hydreigon|85\/100\n|\n|upkeep\n|turn|10\n|\n|t:|1664115084\n|switch|p1a: Mont Fuji|Tapu Koko|100\/100\n|-fieldstart|move: Electric Terrain|[from] ability: Electric Surge|[of] p1a: Mont Fuji\n|move|p2a: Hydreigon|Dragon Dance|p2a: Hydreigon\n|-boost|p2a: Hydreigon|atk|1\n|-boost|p2a: Hydreigon|spe|1\n|\n|upkeep\n|turn|11\n|\n|t:|1664115103\n|switch|p1a: Piton de Fournaise|Drapion, M|72\/100\n|-damage|p1a: Piton de Fournaise|60\/100|[from] Stealth Rock\n|move|p2a: Hydreigon|Earthquake|p1a: Piton de Fournaise\n|-supereffective|p1a: Piton de Fournaise\n|-damage|p1a: Piton de Fournaise|0 fnt\n|faint|p1a: Piton de Fournaise\n|\n|upkeep\n|\n|t:|1664115119\n|switch|p1a: Stromboli|Virizion|100\/100\n|-damage|p1a: Stromboli|94\/100|[from] Stealth Rock\n|turn|12\n|\n|t:|1664115158\n|switch|p1a: Kilimandjaro|Mudsdale, F|48\/100\n|-damage|p1a: Kilimandjaro|42\/100|[from] Stealth Rock\n|move|p2a: Hydreigon|Dual Wingbeat|p1a: Kilimandjaro\n|-damage|p1a: Kilimandjaro|29\/100\n|-ability|p1a: Kilimandjaro|Stamina|boost\n|-boost|p1a: Kilimandjaro|def|1\n|-damage|p1a: Kilimandjaro|20\/100\n|-ability|p1a: Kilimandjaro|Stamina|boost\n|-boost|p1a: Kilimandjaro|def|1\n|-hitcount|p1a: Kilimandjaro|2\n|\n|-heal|p1a: Kilimandjaro|26\/100|[from] item: Leftovers\n|upkeep\n|turn|13\n|\n|t:|1664115171\n|-zpower|p2a: Hydreigon\n|move|p2a: Hydreigon|Hydro Vortex|p1a: Kilimandjaro|[zeffect]\n|-supereffective|p1a: Kilimandjaro\n|-damage|p1a: Kilimandjaro|0 fnt\n|faint|p1a: Kilimandjaro\n|\n|upkeep\n|\n|t:|1664115177\n|switch|p1a: Eyjafj\u00f6ll|Genesect, shiny|84\/100\n|-damage|p1a: Eyjafj\u00f6ll|72\/100|[from] Stealth Rock\n|-ability|p1a: Eyjafj\u00f6ll|Download|boost\n|-boost|p1a: Eyjafj\u00f6ll|spa|1\n|turn|14\n|\n|t:|1664115211\n|switch|p2a: Runerigus|Runerigus, M|37\/100\n|move|p1a: Eyjafj\u00f6ll|U-turn|p2a: Runerigus\n|-resisted|p2a: Runerigus\n|-damage|p2a: Runerigus|16\/100\n|-damage|p1a: Eyjafj\u00f6ll|55\/100|[from] item: Rocky Helmet|[of] p2a: Runerigus\n|-activate|p2a: Runerigus|ability: Wandering Spirit|Download|Wandering Spirit|[of] p1a: Eyjafj\u00f6ll\n|-ability|p2a: Runerigus|Download|boost\n|-boost|p2a: Runerigus|atk|1\n|\n|t:|1664115250\n|switch|p1a: Stromboli|Virizion|94\/100|[from]move: U-turn\n|-damage|p1a: Stromboli|88\/100|[from] Stealth Rock\n|\n|-fieldend|move: Electric Terrain\n|upkeep\n|turn|15\n|\n|t:|1664115257\n|move|p1a: Stromboli|Substitute|p1a: Stromboli\n|-start|p1a: Stromboli|Substitute\n|-damage|p1a: Stromboli|63\/100\n|move|p2a: Runerigus|Will-O-Wisp||[still]\n|-fail|p2a: Runerigus\n|\n|upkeep\n|turn|16\n|\n|t:|1664115264\n|move|p1a: Stromboli|Swords Dance|p1a: Stromboli\n|-boost|p1a: Stromboli|atk|2\n|move|p2a: Runerigus|Poltergeist|p1a: Stromboli|[miss]\n|-miss|p2a: Runerigus|p1a: Stromboli\n|\n|upkeep\n|turn|17\n|c|\u2606Meracx|D\u00e9so encore...\n|c|\u2606Butterchoke|c est infame la\n|\n|t:|1664115289\n|move|p1a: Stromboli|Swords Dance|p1a: Stromboli\n|-boost|p1a: Stromboli|atk|2\n|move|p2a: Runerigus|Earthquake|p1a: Stromboli\n|-resisted|p1a: Stromboli\n|-end|p1a: Stromboli|Substitute\n|\n|upkeep\n|turn|18\n|\n|t:|1664115295\n|move|p1a: Stromboli|Substitute|p1a: Stromboli\n|-start|p1a: Stromboli|Substitute\n|-damage|p1a: Stromboli|38\/100\n|move|p2a: Runerigus|Poltergeist|p1a: Stromboli\n|-activate|p1a: Stromboli|move: Poltergeist|Salac Berry\n|-end|p1a: Stromboli|Substitute\n|\n|upkeep\n|turn|19\n|\n|t:|1664115305\n|move|p1a: Stromboli|Substitute|p1a: Stromboli\n|-start|p1a: Stromboli|Substitute\n|-damage|p1a: Stromboli|13\/100\n|-enditem|p1a: Stromboli|Salac Berry|[eat]\n|-boost|p1a: Stromboli|spe|1|[from] item: Salac Berry\n|move|p2a: Runerigus|Poltergeist||[still]\n|-fail|p2a: Runerigus\n|\n|upkeep\n|turn|20\n|\n|t:|1664115315\n|move|p1a: Stromboli|Leaf Blade|p2a: Runerigus\n|-supereffective|p2a: Runerigus\n|-damage|p2a: Runerigus|0 fnt\n|-damage|p1a: Stromboli|0 fnt|[from] item: Rocky Helmet|[of] p2a: Runerigus\n|faint|p2a: Runerigus\n|faint|p1a: Stromboli\n|\n|upkeep\n|c|\u2606Butterchoke|bon j ai pas compris\n|c|\u2606Meracx|Je suis d\u00e9bile\n|c|\u2606Butterchoke|mais si c fair play merci\n|c|\u2606Meracx|C'est tout\n|\n|t:|1664115347\n|switch|p1a: Eyjafj\u00f6ll|Genesect, shiny|55\/100\n|switch|p2a: Eelektross|Eelektross, F|24\/100\n|-damage|p1a: Eyjafj\u00f6ll|43\/100|[from] Stealth Rock\n|-ability|p1a: Eyjafj\u00f6ll|Download|boost\n|-boost|p1a: Eyjafj\u00f6ll|spa|1\n|turn|21\n|\n|t:|1664115360\n|move|p1a: Eyjafj\u00f6ll|U-turn|p2a: Eelektross\n|-damage|p2a: Eelektross|0 fnt\n|faint|p2a: Eelektross\n|\n|t:|1664115362\n|switch|p1a: Mont Fuji|Tapu Koko|100\/100|[from]move: U-turn\n|-fieldstart|move: Electric Terrain|[from] ability: Electric Surge|[of] p1a: Mont Fuji\n|\n|upkeep\n|\n|t:|1664115399\n|switch|p2a: Medicham|Medicham, F|100\/100\n|turn|22\n|\n|t:|1664115414\n|detailschange|p2a: Medicham|Medicham-Mega, F\n|-mega|p2a: Medicham|Medicham|Medichamite\n|move|p1a: Mont Fuji|Dazzling Gleam|p2a: Medicham\n|-supereffective|p2a: Medicham\n|-crit|p2a: Medicham\n|-damage|p2a: Medicham|5\/100\n|move|p2a: Medicham|Psycho Cut|p1a: Mont Fuji\n|-damage|p1a: Mont Fuji|31\/100\n|\n|upkeep\n|turn|23\n|\n|t:|1664115453\n|move|p1a: Mont Fuji|Dazzling Gleam|p2a: Medicham\n|-supereffective|p2a: Medicham\n|-damage|p2a: Medicham|0 fnt\n|faint|p2a: Medicham\n|\n|upkeep\n|\n|t:|1664115488\n|switch|p2a: Klefki|Klefki, M|100\/100\n|turn|24\n|\n|t:|1664115500\n|move|p2a: Klefki|Iron Defense|p2a: Klefki\n|-boost|p2a: Klefki|def|2\n|move|p1a: Mont Fuji|Roost|p1a: Mont Fuji\n|-heal|p1a: Mont Fuji|81\/100\n|-singleturn|p1a: Mont Fuji|move: Roost\n|\n|upkeep\n|turn|25\n|\n|t:|1664115506\n|move|p2a: Klefki|Calm Mind|p2a: Klefki\n|-boost|p2a: Klefki|spa|1\n|-boost|p2a: Klefki|spd|1\n|move|p1a: Mont Fuji|U-turn|p2a: Klefki\n|-resisted|p2a: Klefki\n|-damage|p2a: Klefki|98\/100\n|\n|t:|1664115512\n|switch|p1a: V\u00e9suve|Volcanion|100\/100|[from]move: U-turn\n|-damage|p1a: V\u00e9suve|76\/100|[from] Stealth Rock\n|\n|-heal|p2a: Klefki|100\/100|[from] item: Leftovers\n|-fieldend|move: Electric Terrain\n|upkeep\n|turn|26\n|\n|t:|1664115532\n|switch|p2a: Hydreigon|Hydreigon, M|85\/100\n|move|p1a: V\u00e9suve|Flamethrower|p2a: Hydreigon\n|-resisted|p2a: Hydreigon\n|-damage|p2a: Hydreigon|60\/100\n|\n|upkeep\n|turn|27\n|\n|t:|1664115554\n|move|p2a: Hydreigon|Dragon Dance|p2a: Hydreigon\n|-boost|p2a: Hydreigon|atk|1\n|-boost|p2a: Hydreigon|spe|1\n|-zpower|p1a: V\u00e9suve\n|move|p1a: V\u00e9suve|All-Out Pummeling|p2a: Hydreigon|[zeffect]\n|-supereffective|p2a: Hydreigon\n|-damage|p2a: Hydreigon|0 fnt\n|faint|p2a: Hydreigon\n|\n|upkeep\n|c|\u2606Butterchoke|je suis con\n|c|\u2606Butterchoke|j ai zapp\u00e9 il a focus blast\n|c|\u2606Butterchoke|gg\n|\n|t:|1664115591\n|switch|p2a: Cinderace|Cinderace, F|45\/100\n|turn|28\n|c|\u2606Meracx|gg, et encore pardon c'\u00e9tait vol\u00e9\n|\n|t:|1664115599\n|move|p2a: Cinderace|High Jump Kick|p1a: V\u00e9suve\n|-damage|p1a: V\u00e9suve|36\/100\n|move|p1a: V\u00e9suve|Steam Eruption|p2a: Cinderace\n|-supereffective|p2a: Cinderace\n|-damage|p2a: Cinderace|0 fnt\n|faint|p2a: Cinderace\n|\n|upkeep\n|\n|t:|1664115606\n|switch|p2a: Klefki|Klefki, M|100\/100\n|turn|29\n|\n|t:|1664115609\n|move|p2a: Klefki|Calm Mind|p2a: Klefki\n|-boost|p2a: Klefki|spa|1\n|-boost|p2a: Klefki|spd|1\n|move|p1a: V\u00e9suve|Flamethrower|p2a: Klefki\n|-supereffective|p2a: Klefki\n|-damage|p2a: Klefki|43\/100\n|\n|-heal|p2a: Klefki|49\/100|[from] item: Leftovers\n|upkeep\n|turn|30\n|j| crecerelle\n|\n|t:|1664115620\n|move|p2a: Klefki|Calm Mind|p2a: Klefki\n|-boost|p2a: Klefki|spa|1\n|-boost|p2a: Klefki|spd|1\n|move|p1a: V\u00e9suve|Flamethrower|p2a: Klefki\n|-supereffective|p2a: Klefki\n|-damage|p2a: Klefki|8\/100\n|\n|-heal|p2a: Klefki|14\/100|[from] item: Leftovers\n|upkeep\n|turn|31\n|\n|t:|1664115627\n|move|p1a: V\u00e9suve|Flamethrower|p2a: Klefki\n|-supereffective|p2a: Klefki\n|-damage|p2a: Klefki|0 fnt\n|faint|p2a: Klefki\n|\n|win|Meracx\n","uploadtime":1664115634,"views":17,"p1id":"meracx","p2id":"butterchoke","formatid":"gen8nationaldexag","rating":0,"private":0,"password":null}