{"id":"gen8ubers-1553266230","p1":"Xasah\u2764\ufe0eBae","p2":"gandora-x ftk","format":"gen8ubers","log":"|j|\u2606Xasah\u2764\ufe0eBae\n|j|\u2606gandora-x ftk\n|inactive|Battle timer is ON: inactive players will automatically lose when time's up.\n|t:|1649945991\n|gametype|singles\n|player|p1|Xasah\u2764\ufe0eBae|beauty-gen7|\n|player|p2|gandora-x ftk|102|\n|teamsize|p1|6\n|teamsize|p2|6\n|gen|8\n|tier|[Gen 8] Ubers\n|rated|Tournament battle\n|rule|Sleep Clause Mod: Limit one foe put to sleep\n|rule|Species Clause: Limit one of each Pok\u00e9mon\n|rule|OHKO Clause: OHKO moves are banned\n|rule|Evasion Moves Clause: Evasion moves are banned\n|rule|Endless Battle Clause: Forcing endless battles is banned\n|rule|HP Percentage Mod: HP is shown in percentages\n|rule|Dynamax Clause: You cannot dynamax\n|clearpoke\n|poke|p1|Slurpuff, M|\n|poke|p1|Eternatus|\n|poke|p1|Yveltal|\n|poke|p1|Necrozma-Dusk-Mane|\n|poke|p1|Kyogre|\n|poke|p1|Calyrex-Shadow|\n|poke|p2|Xerneas-*|\n|poke|p2|Darmanitan-Galar, F|\n|poke|p2|Magnezone|\n|poke|p2|Necrozma-Dusk-Mane|\n|poke|p2|Eternatus|\n|poke|p2|Yveltal|\n|teampreview\n|j|*Lady Monita \u273f\n|j| BB-8-NU\n|inactive|gandora-x ftk also wants the timer to be on.\n|j| SharkWithKunai\n|j| bubba1204\n|\n|t:|1649945996\n|start\n|switch|p1a: Slurpuff|Slurpuff, M|100\/100\n|switch|p2a: Xerneas|Xerneas|100\/100\n|-ability|p2a: Xerneas|Fairy Aura\n|turn|1\n|\n|t:|1649946002\n|move|p2a: Xerneas|Substitute|p2a: Xerneas\n|-start|p2a: Xerneas|Substitute\n|-damage|p2a: Xerneas|76\/100\n|move|p1a: Slurpuff|Sticky Web|p2a: Xerneas\n|-sidestart|p2: gandora-x ftk|move: Sticky Web\n|\n|upkeep\n|turn|2\n|j| test 7412\n|j| gg i guess lmao\n|j| TDR\n|l| TDR\n|\n|t:|1649946017\n|move|p2a: Xerneas|Geomancy||[still]\n|-prepare|p2a: Xerneas|Geomancy\n|-enditem|p2a: Xerneas|Power Herb\n|-anim|p2a: Xerneas|Geomancy|p2a: Xerneas\n|-boost|p2a: Xerneas|spa|2\n|-boost|p2a: Xerneas|spd|2\n|-boost|p2a: Xerneas|spe|2\n|move|p1a: Slurpuff|Misty Explosion|p2a: Xerneas\n|-activate|p2a: Xerneas|move: Substitute|[damage]\n|faint|p1a: Slurpuff\n|\n|upkeep\n|j| Failbor21\n|\n|t:|1649946020\n|switch|p1a: Necrozma|Necrozma-Dusk-Mane|100\/100\n|turn|3\n|j| Emerald_minato\n|\n|t:|1649946040\n|switch|p1a: Kyogre|Kyogre|100\/100\n|-weather|RainDance|[from] ability: Drizzle|[of] p1a: Kyogre\n|move|p2a: Xerneas|Moonblast|p1a: Kyogre\n|-damage|p1a: Kyogre|0 fnt\n|faint|p1a: Kyogre\n|\n|-weather|RainDance|[upkeep]\n|upkeep\n|\n|t:|1649946042\n|switch|p1a: Calyrex|Calyrex-Shadow|100\/100\n|-ability|p1a: Calyrex|As One\n|-ability|p1a: Calyrex|Unnerve\n|turn|4\n|\n|t:|1649946044\n|move|p2a: Xerneas|Moonblast|p1a: Calyrex\n|-enditem|p1a: Calyrex|Focus Sash\n|-damage|p1a: Calyrex|1\/100\n|-unboost|p1a: Calyrex|spa|1\n|move|p1a: Calyrex|Psyshock|p2a: Xerneas\n|-end|p2a: Xerneas|Substitute\n|\n|-weather|RainDance|[upkeep]\n|upkeep\n|turn|5\n|\n|t:|1649946048\n|move|p2a: Xerneas|Moonblast|p1a: Calyrex\n|-damage|p1a: Calyrex|0 fnt\n|faint|p1a: Calyrex\n|\n|-weather|RainDance|[upkeep]\n|upkeep\n|\n|t:|1649946050\n|switch|p1a: Necrozma|Necrozma-Dusk-Mane|100\/100\n|turn|6\n|j| drrb5\n|\n|t:|1649946053\n|move|p2a: Xerneas|Thunder|p1a: Necrozma\n|-damage|p1a: Necrozma|22\/100\n|-status|p1a: Necrozma|par\n|move|p1a: Necrozma|Sunsteel Strike|p2a: Xerneas\n|-supereffective|p2a: Xerneas\n|-damage|p2a: Xerneas|0 fnt\n|faint|p2a: Xerneas\n|-damage|p1a: Necrozma|12\/100 par|[from] item: Life Orb\n|\n|-weather|RainDance|[upkeep]\n|upkeep\n|\n|t:|1649946055\n|switch|p2a: Yveltal|Yveltal|100\/100\n|-ability|p2a: Yveltal|Dark Aura\n|turn|7\n|\n|t:|1649946057\n|move|p2a: Yveltal|Defog|p1a: Necrozma\n|-unboost|p1a: Necrozma|evasion|1\n|-sideend|p2: gandora-x ftk|Sticky Web|[from] move: Defog|[of] p2a: Yveltal\n|move|p1a: Necrozma|Stone Edge|p2a: Yveltal\n|-supereffective|p2a: Yveltal\n|-damage|p2a: Yveltal|2\/100\n|-damage|p1a: Necrozma|3\/100 par|[from] item: Life Orb\n|\n|-weather|none\n|upkeep\n|turn|8\n|\n|t:|1649946060\n|move|p2a: Yveltal|U-turn|p1a: Necrozma\n|-damage|p1a: Necrozma|0 fnt\n|faint|p1a: Necrozma\n|\n|t:|1649946061\n|switch|p2a: Darmanitan|Darmanitan-Galar, F|100\/100|[from]move: U-turn\n|\n|upkeep\n|c|\u2606Xasah\u2764\ufe0eBae|welp\n|j| GooNinja12\n|c|\u2606Xasah\u2764\ufe0eBae|gg\n|c|\u2606gandora-x ftk|gg.\n|\n|t:|1649946067\n|switch|p1a: Yveltal|Yveltal|100\/100\n|-ability|p1a: Yveltal|Dark Aura\n|turn|9\n|\n|t:|1649946073\n|move|p2a: Darmanitan|U-turn|p1a: Yveltal\n|-damage|p1a: Yveltal|68\/100\n|c| GooNinja12|GG\n|\n|t:|1649946075\n|switch|p2a: Yveltal|Yveltal|2\/100|[from]move: U-turn\n|-ability|p2a: Yveltal|Dark Aura\n|move|p1a: Yveltal|Dark Pulse|p2a: Yveltal\n|-resisted|p2a: Yveltal\n|-damage|p2a: Yveltal|0 fnt\n|faint|p2a: Yveltal\n|\n|upkeep\n|\n|t:|1649946077\n|switch|p2a: Eternatus|Eternatus|100\/100\n|-ability|p2a: Eternatus|Pressure\n|turn|10\n|\n|t:|1649946081\n|move|p2a: Eternatus|Dynamax Cannon|p1a: Yveltal\n|-damage|p1a: Yveltal|23\/100\n|move|p1a: Yveltal|Dark Pulse|p2a: Eternatus\n|-damage|p2a: Eternatus|58\/100\n|\n|upkeep\n|turn|11\n|\n|t:|1649946085\n|move|p2a: Eternatus|Dynamax Cannon|p1a: Yveltal\n|-damage|p1a: Yveltal|0 fnt\n|faint|p1a: Yveltal\n|\n|upkeep\n|\n|t:|1649946087\n|switch|p1a: Eternatus|Eternatus|100\/100\n|-ability|p1a: Eternatus|Pressure\n|turn|12\n|\n|t:|1649946090\n|move|p2a: Eternatus|Dynamax Cannon|p1a: Eternatus\n|-supereffective|p1a: Eternatus\n|-damage|p1a: Eternatus|26\/100\n|move|p1a: Eternatus|Dynamax Cannon|p2a: Eternatus\n|-supereffective|p2a: Eternatus\n|-damage|p2a: Eternatus|0 fnt\n|faint|p2a: Eternatus\n|\n|upkeep\n|\n|t:|1649946092\n|switch|p2a: Darmanitan|Darmanitan-Galar, F|100\/100\n|turn|13\n|-message|Xasah\u2764\ufe0eBae forfeited.\n|\n|win|gandora-x ftk\n|n|\u2606Xasah\u2764\ufe0eBae|xasahbae\n|n|\u2606gandora-x ftk|gandoraxftk\n|n|*Lady Monita \u273f|ladymonita\n|n| BB-8-NU|bb8nu\n|n| SharkWithKunai|sharkwithkunai\n|n| bubba1204|bubba1204\n|n| test 7412|test7412\n|n| gg i guess lmao|ggiguesslmao\n|n| Failbor21|failbor21\n|n| Emerald_minato|emeraldminato\n|n| drrb5|drrb5\n|n| GooNinja12|gooninja12\n|l|*Lady Monita \u273f\n|l| BB-8-NU\n|l| gg i guess lmao\n|l|\u2606Xasah\u2764\ufe0eBae\n|l|\u2606gandora-x ftk\n|j| MonsMustGoOn\n|l| SharkWithKunai\n","uploadtime":1649946118,"views":7,"p1id":"xasahbae","p2id":"gandoraxftk","formatid":"gen8ubers","rating":0,"private":0,"password":null}