{"id":"gen8ou-1689458848","p1":"Aim on mai wei","p2":"mamaw31180","format":"gen8ou","log":"|html|<div class=\"broadcast-blue\"><strong>[Gen 8] OU is currently suspecting Melmetal! For information on how to participate check out the <a href=\"https:\/\/www.smogon.com\/forums\/threads\/np-ss-ou-suspect-process-round-12-monster-mash.3709234\/\">suspect thread<\/a>.<\/strong><\/div>\n|j|\u2606Aim on mai wei\n|j|\u2606mamaw31180\n|t:|1666178066\n|gametype|singles\n|player|p1|Aim on mai wei|102|1798\n|player|p2|mamaw31180|lucas|1726\n|teamsize|p1|6\n|teamsize|p2|6\n|gen|8\n|tier|[Gen 8] OU\n|rated|\n|rule|Sleep Clause Mod: Limit one foe put to sleep\n|rule|Species Clause: Limit one of each Pok\u00e9mon\n|rule|OHKO Clause: OHKO moves are banned\n|rule|Evasion Items Clause: Evasion items are banned\n|rule|Evasion Moves Clause: Evasion moves are banned\n|rule|Endless Battle Clause: Forcing endless battles is banned\n|rule|HP Percentage Mod: HP is shown in percentages\n|rule|Dynamax Clause: You cannot dynamax\n|clearpoke\n|poke|p1|Ditto|\n|poke|p1|Blissey, F|\n|poke|p1|Corviknight, F|\n|poke|p1|Dragonite, F|\n|poke|p1|Quagsire, M|\n|poke|p1|Crawdaunt, F|\n|poke|p2|Kartana|\n|poke|p2|Blacephalon|\n|poke|p2|Landorus-Therian, M|\n|poke|p2|Slowbro, M|\n|poke|p2|Zapdos|\n|poke|p2|Tyranitar, M|\n|teampreview\n|j| XuanRZZ\n|inactive|Battle timer is ON: inactive players will automatically lose when time's up. (requested by Aim on mai wei)\n|\n|t:|1666178081\n|start\n|switch|p1a: Dragonite|Dragonite, F|100\/100\n|switch|p2a: Landorus|Landorus-Therian, M|100\/100\n|-ability|p2a: Landorus|Intimidate|boost\n|-unboost|p1a: Dragonite|atk|1\n|turn|1\n|\n|t:|1666178085\n|switch|p2a: Slowbro|Slowbro, M|100\/100\n|move|p1a: Dragonite|Ice Beam|p2a: Slowbro\n|-resisted|p2a: Slowbro\n|-damage|p2a: Slowbro|89\/100\n|\n|upkeep\n|turn|2\n|\n|t:|1666178090\n|switch|p1a: Blissey|Blissey, F|100\/100\n|move|p2a: Slowbro|Teleport|p2a: Slowbro\n|\n|t:|1666178093\n|switch|p2a: Tyranitar|Tyranitar, M|100\/100|[from]move: Teleport\n|-weather|Sandstorm|[from] ability: Sand Stream|[of] p2a: Tyranitar\n|\n|-weather|Sandstorm|[upkeep]\n|-damage|p1a: Blissey|94\/100|[from] Sandstorm\n|upkeep\n|turn|3\n|\n|t:|1666178098\n|switch|p1a: Corviknight|Corviknight, F|100\/100\n|-ability|p1a: Corviknight|Pressure\n|move|p2a: Tyranitar|Stone Edge|p1a: Corviknight\n|-crit|p1a: Corviknight\n|-damage|p1a: Corviknight|9\/100\n|\n|-weather|Sandstorm|[upkeep]\n|upkeep\n|turn|4\n|j| cubone_bigking\n|\n|t:|1666178106\n|switch|p1a: Quagsire|Quagsire, M|100\/100\n|move|p2a: Tyranitar|Stone Edge|p1a: Quagsire|[miss]\n|-miss|p2a: Tyranitar|p1a: Quagsire\n|\n|-weather|Sandstorm|[upkeep]\n|upkeep\n|turn|5\n|l| XuanRZZ\n|\n|t:|1666178116\n|switch|p2a: Landorus|Landorus-Therian, M|100\/100\n|-ability|p2a: Landorus|Intimidate|boost\n|-unboost|p1a: Quagsire|atk|1\n|move|p1a: Quagsire|Toxic|p2a: Landorus\n|-status|p2a: Landorus|tox\n|\n|-weather|Sandstorm|[upkeep]\n|-damage|p2a: Landorus|94\/100 tox|[from] psn\n|upkeep\n|turn|6\n|\n|t:|1666178131\n|switch|p1a: Corviknight|Corviknight, F|9\/100\n|-ability|p1a: Corviknight|Pressure\n|move|p2a: Landorus|Stealth Rock|p1a: Corviknight\n|-sidestart|p1: Aim on mai wei|move: Stealth Rock\n|\n|-weather|none\n|-heal|p2a: Landorus|100\/100 tox|[from] item: Leftovers\n|-damage|p2a: Landorus|88\/100 tox|[from] psn\n|upkeep\n|turn|7\n|j| XuanRZZ\n|j| Palladiawa A\n|\n|t:|1666178154\n|switch|p1a: Ditto|Ditto|100\/100\n|-damage|p1a: Ditto|88\/100|[from] Stealth Rock\n|-transform|p1a: Ditto|p2a: Landorus|[from] ability: Imposter\n|-ability|p1a: Ditto|Intimidate|boost\n|-unboost|p2a: Landorus|atk|1\n|move|p2a: Landorus|U-turn|p1a: Ditto\n|-resisted|p1a: Ditto\n|-damage|p1a: Ditto|78\/100\n|j|+Dragonillis\n|\n|t:|1666178162\n|switch|p2a: Slowbro|Slowbro, M|100\/100|[from]move: U-turn\n|\n|upkeep\n|turn|8\n|\n|t:|1666178170\n|move|p1a: Ditto|U-turn|p2a: Slowbro\n|-supereffective|p2a: Slowbro\n|-damage|p2a: Slowbro|75\/100\n|\n|t:|1666178172\n|switch|p1a: Blissey|Blissey, F|94\/100|[from]move: U-turn\n|move|p2a: Slowbro|Ice Beam|p1a: Blissey\n|-damage|p1a: Blissey|86\/100\n|\n|upkeep\n|turn|9\n|\n|t:|1666178177\n|move|p1a: Blissey|Stealth Rock|p2a: Slowbro\n|-sidestart|p2: mamaw31180|move: Stealth Rock\n|move|p2a: Slowbro|Teleport|p2a: Slowbro\n|\n|t:|1666178180\n|switch|p2a: Tyranitar|Tyranitar, M|100\/100|[from]move: Teleport\n|-damage|p2a: Tyranitar|88\/100|[from] Stealth Rock\n|-weather|Sandstorm|[from] ability: Sand Stream|[of] p2a: Tyranitar\n|\n|-weather|Sandstorm|[upkeep]\n|-damage|p1a: Blissey|80\/100|[from] Sandstorm\n|upkeep\n|turn|10\n|\n|t:|1666178186\n|switch|p1a: Corviknight|Corviknight, F|9\/100\n|-damage|p1a: Corviknight|0 fnt|[from] Stealth Rock\n|faint|p1a: Corviknight\n|move|p2a: Tyranitar|Crunch|p1: Corviknight|[notarget]\n|-fail|p2a: Tyranitar\n|\n|-weather|Sandstorm|[upkeep]\n|upkeep\n|\n|t:|1666178192\n|switch|p1a: Crawdaunt|Crawdaunt, F|100\/100\n|-damage|p1a: Crawdaunt|88\/100|[from] Stealth Rock\n|turn|11\n|\n|t:|1666178198\n|switch|p2a: Landorus|Landorus-Therian, M|88\/100 tox\n|-damage|p2a: Landorus|76\/100 tox|[from] Stealth Rock\n|-ability|p2a: Landorus|Intimidate|boost\n|-unboost|p1a: Crawdaunt|atk|1\n|move|p1a: Crawdaunt|Knock Off|p2a: Landorus\n|-damage|p2a: Landorus|3\/100 tox\n|-enditem|p2a: Landorus|Leftovers|[from] move: Knock Off|[of] p1a: Crawdaunt\n|\n|-weather|Sandstorm|[upkeep]\n|-damage|p1a: Crawdaunt|82\/100|[from] Sandstorm\n|-damage|p2a: Landorus|0 fnt|[from] psn\n|faint|p2a: Landorus\n|upkeep\n|\n|t:|1666178208\n|switch|p2a: Slowbro|Slowbro, M|100\/100\n|-damage|p2a: Slowbro|88\/100|[from] Stealth Rock\n|turn|12\n|\n|t:|1666178212\n|move|p1a: Crawdaunt|Knock Off|p2a: Slowbro\n|-supereffective|p2a: Slowbro\n|-enditem|p2a: Slowbro|Colbur Berry|[eat]\n|-enditem|p2a: Slowbro|Colbur Berry|[weaken]\n|-damage|p2a: Slowbro|47\/100\n|move|p2a: Slowbro|Body Press|p1a: Crawdaunt\n|-supereffective|p1a: Crawdaunt\n|-damage|p1a: Crawdaunt|0 fnt\n|faint|p1a: Crawdaunt\n|\n|-weather|Sandstorm|[upkeep]\n|-damage|p2a: Slowbro|41\/100|[from] Sandstorm\n|upkeep\n|j| Ragnnis\n|l| Ragnnis\n|\n|t:|1666178227\n|switch|p1a: Quagsire|Quagsire, M|100\/100\n|-damage|p1a: Quagsire|94\/100|[from] Stealth Rock\n|turn|13\n|\n|t:|1666178230\n|move|p1a: Quagsire|Toxic|p2a: Slowbro\n|-status|p2a: Slowbro|tox\n|move|p2a: Slowbro|Teleport|p2a: Slowbro\n|\n|t:|1666178232\n|switch|p2a: Kartana|Kartana|100\/100|[from]move: Teleport\n|-damage|p2a: Kartana|94\/100|[from] Stealth Rock\n|\n|-weather|none\n|-heal|p1a: Quagsire|100\/100|[from] item: Leftovers\n|upkeep\n|turn|14\n|\n|t:|1666178238\n|switch|p1a: Dragonite|Dragonite, F|100\/100\n|move|p2a: Kartana|Knock Off|p1a: Dragonite\n|-damage|p1a: Dragonite|87\/100\n|-enditem|p1a: Dragonite|Heavy-Duty Boots|[from] move: Knock Off|[of] p2a: Kartana\n|\n|upkeep\n|turn|15\n|j| JackTen\n|\n|t:|1666178249\n|switch|p2a: Tyranitar|Tyranitar, M|88\/100\n|-damage|p2a: Tyranitar|76\/100|[from] Stealth Rock\n|-weather|Sandstorm|[from] ability: Sand Stream|[of] p2a: Tyranitar\n|move|p1a: Dragonite|Roost|p1a: Dragonite\n|-heal|p1a: Dragonite|100\/100\n|-singleturn|p1a: Dragonite|move: Roost\n|\n|-weather|Sandstorm|[upkeep]\n|-damage|p1a: Dragonite|94\/100|[from] Sandstorm\n|upkeep\n|turn|16\n|\n|t:|1666178266\n|switch|p1a: Ditto|Ditto|78\/100\n|-damage|p1a: Ditto|66\/100|[from] Stealth Rock\n|-transform|p1a: Ditto|p2a: Tyranitar|[from] ability: Imposter\n|move|p2a: Tyranitar|Crunch|p1a: Ditto\n|-resisted|p1a: Ditto\n|-damage|p1a: Ditto|29\/100\n|\n|-weather|Sandstorm|[upkeep]\n|upkeep\n|turn|17\n|\n|t:|1666178276\n|switch|p2a: Slowbro|Slowbro, M|75\/100 tox\n|-damage|p2a: Slowbro|62\/100 tox|[from] Stealth Rock\n|move|p1a: Ditto|Stone Edge|p2a: Slowbro\n|-damage|p2a: Slowbro|30\/100 tox\n|\n|-weather|Sandstorm|[upkeep]\n|-damage|p2a: Slowbro|24\/100 tox|[from] Sandstorm\n|-damage|p2a: Slowbro|18\/100 tox|[from] psn\n|upkeep\n|turn|18\n|\n|t:|1666178283\n|switch|p2a: Kartana|Kartana|94\/100\n|-damage|p2a: Kartana|88\/100|[from] Stealth Rock\n|move|p1a: Ditto|Stone Edge|p2a: Kartana\n|-resisted|p2a: Kartana\n|-crit|p2a: Kartana\n|-damage|p2a: Kartana|45\/100\n|\n|-weather|Sandstorm|[upkeep]\n|upkeep\n|turn|19\n|\n|t:|1666178295\n|switch|p1a: Dragonite|Dragonite, F|94\/100\n|-damage|p1a: Dragonite|69\/100|[from] Stealth Rock\n|move|p2a: Kartana|Smart Strike|p1a: Dragonite\n|-damage|p1a: Dragonite|38\/100\n|\n|-weather|none\n|upkeep\n|turn|20\n|j| Quagshi\n|\n|t:|1666178307\n|switch|p2a: Slowbro|Slowbro, M|51\/100 tox\n|-damage|p2a: Slowbro|38\/100 tox|[from] Stealth Rock\n|move|p1a: Dragonite|Roost|p1a: Dragonite\n|-heal|p1a: Dragonite|88\/100\n|-singleturn|p1a: Dragonite|move: Roost\n|\n|-damage|p2a: Slowbro|32\/100 tox|[from] psn\n|upkeep\n|turn|21\n|\n|t:|1666178318\n|switch|p1a: Ditto|Ditto|29\/100\n|-damage|p1a: Ditto|17\/100|[from] Stealth Rock\n|-transform|p1a: Ditto|p2a: Slowbro|[from] ability: Imposter\n|move|p2a: Slowbro|Teleport|p2a: Slowbro\n|\n|t:|1666178324\n|switch|p2a: Tyranitar|Tyranitar, M|76\/100|[from]move: Teleport\n|-damage|p2a: Tyranitar|64\/100|[from] Stealth Rock\n|-weather|Sandstorm|[from] ability: Sand Stream|[of] p2a: Tyranitar\n|\n|-weather|Sandstorm|[upkeep]\n|-damage|p1a: Ditto|11\/100|[from] Sandstorm\n|upkeep\n|turn|22\n|l|\u2606Aim on mai wei\n|inactive|Aim on mai wei disconnected and has a minute to reconnect!\n|player|p1|\n|j|\u2606Aim on mai wei\n|inactive|Aim on mai wei reconnected and has 135 seconds left.\n|player|p1|Aim on mai wei|102\n|\n|t:|1666178349\n|move|p2a: Tyranitar|Crunch|p1a: Ditto\n|-supereffective|p1a: Ditto\n|-damage|p1a: Ditto|0 fnt\n|faint|p1a: Ditto\n|\n|-weather|Sandstorm|[upkeep]\n|upkeep\n|inactive|Aim on mai wei has 120 seconds left.\n|\n|t:|1666178362\n|switch|p1a: Quagsire|Quagsire, M|100\/100\n|-damage|p1a: Quagsire|94\/100|[from] Stealth Rock\n|turn|23\n|\n|t:|1666178367\n|switch|p2a: Slowbro|Slowbro, M|66\/100 tox\n|-damage|p2a: Slowbro|53\/100 tox|[from] Stealth Rock\n|move|p1a: Quagsire|Scald|p2a: Slowbro\n|-resisted|p2a: Slowbro\n|-damage|p2a: Slowbro|42\/100 tox\n|\n|-weather|Sandstorm|[upkeep]\n|-damage|p2a: Slowbro|36\/100 tox|[from] Sandstorm\n|-heal|p1a: Quagsire|100\/100|[from] item: Leftovers\n|-damage|p2a: Slowbro|30\/100 tox|[from] psn\n|upkeep\n|turn|24\n|\n|t:|1666178373\n|move|p1a: Quagsire|Earthquake|p2a: Slowbro\n|-damage|p2a: Slowbro|13\/100 tox\n|move|p2a: Slowbro|Teleport|p2a: Slowbro\n|\n|t:|1666178378\n|switch|p2a: Kartana|Kartana|45\/100|[from]move: Teleport\n|-damage|p2a: Kartana|38\/100|[from] Stealth Rock\n|\n|-weather|Sandstorm|[upkeep]\n|upkeep\n|turn|25\n|\n|t:|1666178382\n|switch|p1a: Dragonite|Dragonite, F|88\/100\n|-damage|p1a: Dragonite|63\/100|[from] Stealth Rock\n|move|p2a: Kartana|Leaf Blade|p1a: Dragonite\n|-resisted|p1a: Dragonite\n|-damage|p1a: Dragonite|54\/100\n|\n|-weather|none\n|upkeep\n|turn|26\n|\n|t:|1666178394\n|switch|p2a: Slowbro|Slowbro, M|47\/100 tox\n|-damage|p2a: Slowbro|34\/100 tox|[from] Stealth Rock\n|move|p1a: Dragonite|Earthquake|p2a: Slowbro\n|-damage|p2a: Slowbro|18\/100 tox\n|\n|-damage|p2a: Slowbro|12\/100 tox|[from] psn\n|upkeep\n|turn|27\n|j| Sober umbreon\n|\n|t:|1666178404\n|switch|p2a: Zapdos|Zapdos|100\/100\n|move|p1a: Dragonite|Earthquake|p2a: Zapdos\n|-immune|p2a: Zapdos\n|\n|upkeep\n|turn|28\n|\n|t:|1666178410\n|move|p2a: Zapdos|Volt Switch|p1a: Dragonite\n|-damage|p1a: Dragonite|26\/100\n|\n|t:|1666178414\n|switch|p2a: Tyranitar|Tyranitar, M|64\/100|[from]move: Volt Switch\n|-damage|p2a: Tyranitar|51\/100|[from] Stealth Rock\n|-weather|Sandstorm|[from] ability: Sand Stream|[of] p2a: Tyranitar\n|move|p1a: Dragonite|Roost|p1a: Dragonite\n|-heal|p1a: Dragonite|76\/100\n|-singleturn|p1a: Dragonite|move: Roost\n|\n|-weather|Sandstorm|[upkeep]\n|-damage|p1a: Dragonite|70\/100|[from] Sandstorm\n|upkeep\n|turn|29\n|\n|t:|1666178423\n|switch|p1a: Quagsire|Quagsire, M|100\/100\n|-damage|p1a: Quagsire|94\/100|[from] Stealth Rock\n|move|p2a: Tyranitar|Crunch|p1a: Quagsire\n|-damage|p1a: Quagsire|43\/100\n|\n|-weather|Sandstorm|[upkeep]\n|-heal|p1a: Quagsire|49\/100|[from] item: Leftovers\n|upkeep\n|turn|30\n|\n|t:|1666178429\n|move|p2a: Tyranitar|Crunch|p1a: Quagsire\n|-damage|p1a: Quagsire|0 fnt\n|faint|p1a: Quagsire\n|\n|-weather|Sandstorm|[upkeep]\n|upkeep\n|-message|Aim on mai wei forfeited.\n|\n|win|mamaw31180\n|raw|Aim on mai wei's rating: 1798 &rarr; <strong>1774<\/strong><br \/>(-24 for losing)\n|raw|mamaw31180's rating: 1726 &rarr; <strong>1750<\/strong><br \/>(+24 for winning)\n|l|\u2606Aim on mai wei\n","uploadtime":1666178438,"views":27,"p1id":"aimonmaiwei","p2id":"mamaw31180","formatid":"gen8ou","rating":1750,"private":0,"password":null}