{"id":"gen8nationaldex-1215696451","p1":"Diego6788","p2":"yhdrslb","format":"gen8nationaldex","log":"|j|\u2606Diego6788\n|j|\u2606yhdrslb\n|t:|1604418358\n|player|p1|Diego6788|ingo|1724\n|player|p2|yhdrslb|30|1601\n|teamsize|p1|6\n|teamsize|p2|6\n|gametype|singles\n|gen|8\n|tier|[Gen 8] National Dex\n|rated|\n|clearpoke\n|poke|p1|Slowbro, F|\n|poke|p1|Chansey, F|\n|poke|p1|Tapu Koko|\n|poke|p1|Landorus-Therian, M|\n|poke|p1|Dragapult, M|\n|poke|p1|Pinsir, F|\n|poke|p2|Cinderace, F|\n|poke|p2|Landorus-Therian, M|\n|poke|p2|Rillaboom, M|\n|poke|p2|Beedrill, F|\n|poke|p2|Zeraora|\n|poke|p2|Dragapult, M|\n|rule|HP Percentage Mod: HP is shown in percentages\n|rule|Endless Battle Clause: Forcing endless battles is banned\n|rule|OHKO Clause: OHKO moves are banned\n|rule|Evasion Moves Clause: Evasion moves are banned\n|rule|Species Clause: Limit one of each Pok\u00e9mon\n|rule|Dynamax Clause: You cannot dynamax\n|rule|Sleep Clause Mod: Limit one foe put to sleep\n|teampreview\n|inactive|Battle timer is ON: inactive players will automatically lose when time's up. (requested by Diego6788)\n|\n|t:|1604418405\n|start\n|switch|p1a: Pinsir|Pinsir, F, shiny|100\/100\n|switch|p2a: Zeraora|Zeraora|100\/100\n|turn|1\n|\n|t:|1604418412\n|switch|p1a: manso|Landorus-Therian, M, shiny|100\/100\n|-ability|p1a: manso|Intimidate|boost\n|-unboost|p2a: Zeraora|atk|1\n|move|p2a: Zeraora|Volt Switch|p1a: manso\n|-immune|p1a: manso\n|\n|upkeep\n|turn|2\n|\n|t:|1604418418\n|switch|p2a: Landorus|Landorus-Therian, M|100\/100\n|-ability|p2a: Landorus|Intimidate|boost\n|-unboost|p1a: manso|atk|1\n|move|p1a: manso|U-turn|p2a: Landorus\n|-resisted|p2a: Landorus\n|-crit|p2a: Landorus\n|-damage|p2a: Landorus|76\/100\n|\n|t:|1604418421\n|switch|p1a: tapu kokeko|Tapu Koko, shiny|100\/100|[from]move: U-turn\n|-fieldstart|move: Electric Terrain|[from] ability: Electric Surge|[of] p1a: tapu kokeko\n|\n|upkeep\n|turn|3\n|\n|t:|1604418432\n|switch|p2a: Zeraora|Zeraora|100\/100\n|move|p1a: tapu kokeko|Hidden Power|p2a: Zeraora\n|-damage|p2a: Zeraora|71\/100\n|\n|upkeep\n|turn|4\n|\n|t:|1604418447\n|switch|p1a: manso|Landorus-Therian, M, shiny|100\/100\n|-ability|p1a: manso|Intimidate|boost\n|-unboost|p2a: Zeraora|atk|1\n|move|p2a: Zeraora|Volt Switch|p1a: manso\n|-immune|p1a: manso\n|\n|upkeep\n|turn|5\n|\n|t:|1604418452\n|move|p1a: manso|U-turn|p2a: Zeraora\n|-damage|p2a: Zeraora|36\/100\n|\n|t:|1604418455\n|switch|p1a: amor|Chansey, F|100\/100|[from]move: U-turn\n|move|p2a: Zeraora|Volt Switch|p1a: amor\n|-damage|p1a: amor|83\/100\n|\n|t:|1604418462\n|switch|p2a: Dragapult|Dragapult, M|100\/100|[from]move: Volt Switch\n|\n|upkeep\n|turn|6\n|\n|t:|1604418467\n|switch|p1a: tapu kokeko|Tapu Koko, shiny|100\/100\n|move|p2a: Dragapult|Substitute|p2a: Dragapult\n|-start|p2a: Dragapult|Substitute\n|-damage|p2a: Dragapult|76\/100\n|\n|-fieldend|move: Electric Terrain\n|upkeep\n|turn|7\n|\n|t:|1604418471\n|switch|p1a: amor|Chansey, F|83\/100\n|move|p2a: Dragapult|Dragon Dance|p2a: Dragapult\n|-boost|p2a: Dragapult|atk|1\n|-boost|p2a: Dragapult|spe|1\n|\n|upkeep\n|turn|8\n|j| supremegamer\n|\n|t:|1604418475\n|switch|p1a: tapu kokeko|Tapu Koko, shiny|100\/100\n|-fieldstart|move: Electric Terrain|[from] ability: Electric Surge|[of] p1a: tapu kokeko\n|move|p2a: Dragapult|Dragon Dance|p2a: Dragapult\n|-boost|p2a: Dragapult|atk|1\n|-boost|p2a: Dragapult|spe|1\n|\n|upkeep\n|turn|9\n|\n|t:|1604418482\n|switch|p1a: amor|Chansey, F|83\/100\n|move|p2a: Dragapult|Dragon Darts|p1a: amor\n|-damage|p1a: amor|42\/100\n|-anim|p2a: Dragapult|Dragon Darts|p1a: amor\n|-damage|p1a: amor|3\/100\n|\n|upkeep\n|turn|10\n|\n|t:|1604418490\n|move|p2a: Dragapult|Dragon Dance|p2a: Dragapult\n|-boost|p2a: Dragapult|atk|1\n|-boost|p2a: Dragapult|spe|1\n|move|p1a: amor|Soft-Boiled|p1a: amor\n|-heal|p1a: amor|53\/100\n|\n|upkeep\n|turn|11\n|\n|t:|1604418495\n|switch|p1a: tapu kokeko|Tapu Koko, shiny|100\/100\n|-zpower|p2a: Dragapult\n|move|p2a: Dragapult|Never-Ending Nightmare|p1a: tapu kokeko|[zeffect]\n|-damage|p1a: tapu kokeko|0 fnt\n|faint|p1a: tapu kokeko\n|\n|upkeep\n|\n|t:|1604418500\n|switch|p1a: Pinsir|Pinsir, F, shiny|100\/100\n|turn|12\n|c|\u2606yhdrslb|man o man\n|\n|t:|1604418503\n|detailschange|p1a: Pinsir|Pinsir-Mega, F, shiny\n|-mega|p1a: Pinsir|Pinsir|Pinsirite\n|move|p1a: Pinsir|Quick Attack|p2a: Dragapult\n|-end|p2a: Dragapult|Substitute\n|move|p2a: Dragapult|Dragon Darts|p1a: Pinsir\n|-damage|p1a: Pinsir|29\/100\n|-anim|p2a: Dragapult|Dragon Darts|p1a: Pinsir\n|-damage|p1a: Pinsir|0 fnt\n|faint|p1a: Pinsir\n|\n|-fieldend|move: Electric Terrain\n|upkeep\n|\n|t:|1604418508\n|switch|p1a: manso|Landorus-Therian, M, shiny|100\/100\n|-ability|p1a: manso|Intimidate|boost\n|-fail|p2a: Dragapult|unboost|[from] ability: Clear Body|[of] p2a: Dragapult\n|turn|13\n|\n|t:|1604418512\n|move|p2a: Dragapult|Dragon Darts|p1a: manso\n|-crit|p1a: manso\n|-damage|p1a: manso|0 fnt\n|faint|p1a: manso\n|\n|upkeep\n|c|\u2606Diego6788|gg\n|-message|Diego6788 forfeited.\n|\n|win|yhdrslb\n|l|\u2606Diego6788\n||Ladder (probably) updated, but score could not be retrieved (Request timeout).\n","uploadtime":1604418554,"views":30,"p1id":"diego6788","p2id":"yhdrslb","formatid":"gen8nationaldex","rating":0,"private":0,"password":null}