{"id":"gen8ou-1510593815","p1":"skyexperimenter","p2":"LECH24","format":"gen8ou","log":"|j|\u2606skyexperimenter\n|j|\u2606LECH24\n|t:|1644823620\n|gametype|singles\n|player|p1|skyexperimenter|madame|1694\n|player|p2|LECH24|265|1630\n|teamsize|p1|6\n|teamsize|p2|6\n|gen|8\n|tier|[Gen 8] OU\n|rated|\n|rule|Sleep Clause Mod: Limit one foe put to sleep\n|rule|Species Clause: Limit one of each Pok\u00e9mon\n|rule|OHKO Clause: OHKO moves are banned\n|rule|Evasion Moves Clause: Evasion moves are banned\n|rule|Endless Battle Clause: Forcing endless battles is banned\n|rule|HP Percentage Mod: HP is shown in percentages\n|rule|Dynamax Clause: You cannot dynamax\n|clearpoke\n|poke|p1|Regieleki|\n|poke|p1|Landorus-Therian, M|\n|poke|p1|Ferrothorn, F|\n|poke|p1|Slowking, F|\n|poke|p1|Zapdos-Galar|\n|poke|p1|Weavile, F|\n|poke|p2|Heatran, M|\n|poke|p2|Tapu Lele|\n|poke|p2|Landorus-Therian, M|\n|poke|p2|Clefable, M|\n|poke|p2|Dragapult, M|\n|poke|p2|Urshifu-*, M|\n|teampreview\n|inactive|Battle timer is ON: inactive players will automatically lose when time's up. (requested by skyexperimenter)\n|\n|t:|1644823633\n|start\n|switch|p1a: Landorus|Landorus-Therian, M|100\/100\n|switch|p2a: Clefable|Clefable, M|100\/100\n|-ability|p1a: Landorus|Intimidate|boost\n|-unboost|p2a: Clefable|atk|1\n|turn|1\n|\n|t:|1644823637\n|move|p1a: Landorus|Stealth Rock|p2a: Clefable\n|-sidestart|p2: LECH24|move: Stealth Rock\n|move|p2a: Clefable|Knock Off|p1a: Landorus\n|-damage|p1a: Landorus|91\/100\n|-enditem|p1a: Landorus|Leftovers|[from] move: Knock Off|[of] p2a: Clefable\n|\n|upkeep\n|turn|2\n|\n|t:|1644823641\n|move|p1a: Landorus|U-turn|p2a: Clefable\n|-resisted|p2a: Clefable\n|-damage|p2a: Clefable|91\/100\n|\n|t:|1644823644\n|switch|p1a: Slowking|Slowking, F|100\/100|[from]move: U-turn\n|move|p2a: Clefable|Stealth Rock|p1a: Slowking\n|-sidestart|p1: skyexperimenter|move: Stealth Rock\n|\n|-heal|p2a: Clefable|97\/100|[from] item: Leftovers\n|upkeep\n|turn|3\n|\n|t:|1644823647\n|move|p2a: Clefable|Knock Off|p1a: Slowking\n|-supereffective|p1a: Slowking\n|-damage|p1a: Slowking|80\/100\n|-enditem|p1a: Slowking|Heavy-Duty Boots|[from] move: Knock Off|[of] p2a: Clefable\n|move|p1a: Slowking|Future Sight|p2a: Clefable\n|-start|p1a: Slowking|move: Future Sight\n|\n|-heal|p2a: Clefable|100\/100|[from] item: Leftovers\n|upkeep\n|turn|4\n|j| LT62HG devans2048\n|\n|t:|1644823658\n|move|p2a: Clefable|Moonblast|p1a: Slowking\n|-damage|p1a: Slowking|62\/100\n|-unboost|p1a: Slowking|spa|1\n|move|p1a: Slowking|Teleport|p1a: Slowking\n|\n|t:|1644823671\n|switch|p1a: Regieleki|Regieleki, shiny|100\/100|[from]move: Teleport\n|\n|upkeep\n|turn|5\n|\n|t:|1644823677\n|move|p1a: Regieleki|Volt Switch|p2a: Clefable\n|-damage|p2a: Clefable|55\/100\n|j| xTest01\n|\n|t:|1644823688\n|switch|p1a: Ferrothorn|Ferrothorn, F|100\/100|[from]move: Volt Switch\n|-damage|p1a: Ferrothorn|95\/100|[from] Stealth Rock\n|move|p2a: Clefable|Soft-Boiled|p2a: Clefable\n|-heal|p2a: Clefable|100\/100\n|\n|-end|p2a: Clefable|move: Future Sight\n|-damage|p2a: Clefable|58\/100\n|-heal|p2a: Clefable|64\/100|[from] item: Leftovers\n|upkeep\n|turn|6\n|j| Nesnot\n|\n|t:|1644823703\n|move|p2a: Clefable|Knock Off|p1a: Ferrothorn\n|-damage|p1a: Ferrothorn|89\/100\n|-activate|p1a: Ferrothorn|ability: Iron Barbs\n|-enditem|p1a: Ferrothorn|Rocky Helmet|[from] move: Knock Off|[of] p2a: Clefable\n|move|p1a: Ferrothorn|Knock Off|p2a: Clefable\n|-resisted|p2a: Clefable\n|-damage|p2a: Clefable|57\/100\n|-enditem|p2a: Clefable|Leftovers|[from] move: Knock Off|[of] p1a: Ferrothorn\n|\n|upkeep\n|turn|7\n|\n|t:|1644823706\n|move|p2a: Clefable|Soft-Boiled|p2a: Clefable\n|-heal|p2a: Clefable|100\/100\n|move|p1a: Ferrothorn|Spikes|p2a: Clefable\n|-sidestart|p2: LECH24|Spikes\n|\n|upkeep\n|turn|8\n|\n|t:|1644823709\n|move|p2a: Clefable|Moonblast|p1a: Ferrothorn\n|-resisted|p1a: Ferrothorn\n|-damage|p1a: Ferrothorn|75\/100\n|move|p1a: Ferrothorn|Spikes|p2a: Clefable\n|-sidestart|p2: LECH24|Spikes\n|\n|upkeep\n|turn|9\n|\n|t:|1644823713\n|switch|p1a: Slowking|Slowking, F|95\/100\n|-damage|p1a: Slowking|83\/100|[from] Stealth Rock\n|move|p2a: Clefable|Moonblast|p1a: Slowking\n|-damage|p1a: Slowking|65\/100\n|\n|upkeep\n|turn|10\n|\n|t:|1644823716\n|move|p2a: Clefable|Moonblast|p1a: Slowking\n|-damage|p1a: Slowking|46\/100\n|-unboost|p1a: Slowking|spa|1\n|move|p1a: Slowking|Future Sight|p2a: Clefable\n|-start|p1a: Slowking|move: Future Sight\n|\n|upkeep\n|turn|11\n|\n|t:|1644823724\n|move|p2a: Clefable|Moonblast|p1a: Slowking\n|-damage|p1a: Slowking|28\/100\n|move|p1a: Slowking|Slack Off|p1a: Slowking\n|-heal|p1a: Slowking|78\/100\n|\n|upkeep\n|turn|12\n|j| jgkhej\n|\n|t:|1644823731\n|move|p2a: Clefable|Knock Off|p1a: Slowking\n|-supereffective|p1a: Slowking\n|-damage|p1a: Slowking|64\/100\n|move|p1a: Slowking|Teleport|p1a: Slowking\n|\n|t:|1644823734\n|switch|p1a: Regieleki|Regieleki, shiny|100\/100|[from]move: Teleport\n|\n|-end|p2a: Clefable|move: Future Sight\n|-damage|p2a: Clefable|62\/100\n|upkeep\n|turn|13\n|\n|t:|1644823743\n|switch|p2a: Landorus|Landorus-Therian, M|100\/100\n|-damage|p2a: Landorus|88\/100|[from] Stealth Rock\n|-ability|p2a: Landorus|Intimidate|boost\n|-unboost|p1a: Regieleki|atk|1\n|move|p1a: Regieleki|Rapid Spin|p2a: Landorus\n|-damage|p2a: Landorus|81\/100\n|-boost|p1a: Regieleki|spe|1\n|-sideend|p1: skyexperimenter|Stealth Rock|[from] move: Rapid Spin|[of] p1a: Regieleki\n|\n|-heal|p2a: Landorus|87\/100|[from] item: Leftovers\n|upkeep\n|turn|14\n|\n|t:|1644823747\n|switch|p1a: Zapdos|Zapdos-Galar|100\/100\n|move|p2a: Landorus|Defog|p1a: Zapdos\n|-unboost|p1a: Zapdos|evasion|1\n|-ability|p1a: Zapdos|Defiant\n|-boost|p1a: Zapdos|atk|2\n|-sideend|p2: LECH24|Spikes|[from] move: Defog|[of] p2a: Landorus\n|-sideend|p2: LECH24|Stealth Rock|[from] move: Defog|[of] p2a: Landorus\n|\n|-heal|p2a: Landorus|93\/100|[from] item: Leftovers\n|upkeep\n|turn|15\n|\n|t:|1644823758\n|switch|p2a: Tapu Lele|Tapu Lele|100\/100\n|-fieldstart|move: Psychic Terrain|[from] ability: Psychic Surge|[of] p2a: Tapu Lele\n|move|p1a: Zapdos|Brave Bird|p2a: Tapu Lele\n|-damage|p2a: Tapu Lele|0 fnt\n|faint|p2a: Tapu Lele\n|-damage|p1a: Zapdos|72\/100|[from] Recoil\n|\n|upkeep\n|l| jgkhej\n|\n|t:|1644823766\n|switch|p2a: Heatran|Heatran, M|100\/100\n|turn|16\n|\n|t:|1644823773\n|switch|p1a: Landorus|Landorus-Therian, M|91\/100\n|-ability|p1a: Landorus|Intimidate|boost\n|-unboost|p2a: Heatran|atk|1\n|move|p2a: Heatran|Flash Cannon|p1a: Landorus\n|-damage|p1a: Landorus|33\/100\n|\n|upkeep\n|turn|17\n|\n|t:|1644823781\n|switch|p1a: Slowking|Slowking, F|97\/100\n|switch|p2a: Dragapult|Dragapult, M|100\/100\n|\n|upkeep\n|turn|18\n|\n|t:|1644823785\n|move|p2a: Dragapult|Shadow Ball|p1a: Slowking\n|-supereffective|p1a: Slowking\n|-damage|p1a: Slowking|34\/100\n|move|p1a: Slowking|Teleport|p1a: Slowking\n|\n|t:|1644823789\n|switch|p1a: Weavile|Weavile, F|100\/100|[from]move: Teleport\n|-ability|p1a: Weavile|Pressure\n|\n|upkeep\n|turn|19\n|\n|t:|1644823799\n|move|p2a: Dragapult|Shadow Ball|p1a: Weavile\n|-resisted|p1a: Weavile\n|-damage|p1a: Weavile|64\/100\n|move|p1a: Weavile|Triple Axel|p2a: Dragapult\n|-supereffective|p2a: Dragapult\n|-damage|p2a: Dragapult|72\/100\n|-supereffective|p2a: Dragapult\n|-damage|p2a: Dragapult|21\/100\n|-supereffective|p2a: Dragapult\n|-damage|p2a: Dragapult|0 fnt\n|faint|p2a: Dragapult\n|-hitcount|p2: Dragapult|3\n|\n|-fieldend|move: Psychic Terrain\n|upkeep\n|\n|t:|1644823802\n|switch|p2a: Urshifu|Urshifu-Rapid-Strike, M|100\/100\n|turn|20\n|\n|t:|1644823828\n|switch|p1a: Ferrothorn|Ferrothorn, F|75\/100\n|move|p2a: Urshifu|Surging Strikes|p1a: Ferrothorn\n|-resisted|p1a: Ferrothorn\n|-crit|p1a: Ferrothorn\n|-damage|p1a: Ferrothorn|69\/100\n|-activate|p1a: Ferrothorn|ability: Iron Barbs\n|-activate|p2a: Urshifu|item: Protective Pads\n|-resisted|p1a: Ferrothorn\n|-crit|p1a: Ferrothorn\n|-damage|p1a: Ferrothorn|63\/100\n|-activate|p1a: Ferrothorn|ability: Iron Barbs\n|-activate|p2a: Urshifu|item: Protective Pads\n|-resisted|p1a: Ferrothorn\n|-crit|p1a: Ferrothorn\n|-damage|p1a: Ferrothorn|57\/100\n|-activate|p1a: Ferrothorn|ability: Iron Barbs\n|-activate|p2a: Urshifu|item: Protective Pads\n|-hitcount|p1a: Ferrothorn|3\n|\n|upkeep\n|turn|21\n|\n|t:|1644823841\n|move|p2a: Urshifu|Surging Strikes|p1a: Ferrothorn\n|-resisted|p1a: Ferrothorn\n|-crit|p1a: Ferrothorn\n|-damage|p1a: Ferrothorn|51\/100\n|-activate|p1a: Ferrothorn|ability: Iron Barbs\n|-activate|p2a: Urshifu|item: Protective Pads\n|-resisted|p1a: Ferrothorn\n|-crit|p1a: Ferrothorn\n|-damage|p1a: Ferrothorn|46\/100\n|-activate|p1a: Ferrothorn|ability: Iron Barbs\n|-activate|p2a: Urshifu|item: Protective Pads\n|-resisted|p1a: Ferrothorn\n|-crit|p1a: Ferrothorn\n|-damage|p1a: Ferrothorn|40\/100\n|-activate|p1a: Ferrothorn|ability: Iron Barbs\n|-activate|p2a: Urshifu|item: Protective Pads\n|-hitcount|p1a: Ferrothorn|3\n|move|p1a: Ferrothorn|Spikes|p2a: Urshifu\n|-sidestart|p2: LECH24|Spikes\n|\n|upkeep\n|turn|22\n|\n|t:|1644823850\n|move|p2a: Urshifu|Close Combat|p1a: Ferrothorn\n|-supereffective|p1a: Ferrothorn\n|-damage|p1a: Ferrothorn|0 fnt\n|-unboost|p2a: Urshifu|def|1\n|-unboost|p2a: Urshifu|spd|1\n|-activate|p1a: Ferrothorn|ability: Iron Barbs\n|-activate|p2a: Urshifu|item: Protective Pads\n|faint|p1a: Ferrothorn\n|\n|upkeep\n|\n|t:|1644823854\n|switch|p1a: Zapdos|Zapdos-Galar|72\/100\n|turn|23\n|-message|LECH24 forfeited.\n|\n|win|skyexperimenter\n|raw|skyexperimenter's rating: 1694 &rarr; <strong>1710<\/strong><br \/>(+16 for winning)\n|raw|LECH24's rating: 1630 &rarr; <strong>1614<\/strong><br \/>(-16 for losing)\n|l|\u2606LECH24\n","uploadtime":1644823873,"views":36,"p1id":"skyexperimenter","p2id":"lech24","formatid":"gen8ou","rating":1614,"private":0,"password":null}