{"id":"gen8bdspou-1493566076","p1":"bhkg","p2":"BrodyisBooga","format":"gen8bdspou","log":"|html|<div class=\"broadcast-blue\"><strong>[Gen 8 BDSP] OU is currently suspecting Manaphy! For information on how to participate check out the <a href=\"https:\/\/www.smogon.com\/forums\/threads\/np-bdsp-ou-suspect-process-round-2-afterglow.3696052\/\">suspect thread<\/a>.<\/strong><\/div>\n|j|\u2606bhkg\n|j|\u2606BrodyisBooga\n|t:|1642481953\n|gametype|singles\n|player|p1|bhkg|169|1603\n|player|p2|BrodyisBooga|265|1613\n|teamsize|p1|6\n|teamsize|p2|6\n|gen|8\n|tier|[Gen 8 BDSP] OU\n|rated|\n|rule|Sleep Clause Mod: Limit one foe put to sleep\n|rule|Species Clause: Limit one of each Pok\u00e9mon\n|rule|OHKO Clause: OHKO moves are banned\n|rule|Evasion Moves Clause: Evasion moves are banned\n|rule|Endless Battle Clause: Forcing endless battles is banned\n|rule|HP Percentage Mod: HP is shown in percentages\n|clearpoke\n|poke|p1|Dragonite, F|\n|poke|p1|Azumarill, M|\n|poke|p1|Lucario, F|\n|poke|p1|Donphan, M|\n|poke|p1|Raikou|\n|poke|p1|Roserade, M|\n|poke|p2|Suicune|\n|poke|p2|Quagsire, M|\n|poke|p2|Heatran, F|\n|poke|p2|Togekiss, F|\n|poke|p2|Garchomp, M|\n|poke|p2|Gengar, M|\n|teampreview\n|\n|t:|1642481981\n|start\n|switch|p1a: Azumarill|Azumarill, M|100\/100\n|switch|p2a: Quagsire|Quagsire, M|100\/100\n|turn|1\n|\n|t:|1642481995\n|move|p1a: Azumarill|Play Rough|p2a: Quagsire|[miss]\n|-miss|p1a: Azumarill|p2a: Quagsire\n|move|p2a: Quagsire|Recover||[still]\n|-fail|p2a: Quagsire|heal\n|\n|upkeep\n|turn|2\n|\n|t:|1642482009\n|switch|p2a: Heatran|Heatran, F|100\/100\n|move|p1a: Azumarill|Play Rough|p2a: Heatran\n|-resisted|p2a: Heatran\n|-damage|p2a: Heatran|84\/100\n|-unboost|p2a: Heatran|atk|1\n|-status|p1a: Azumarill|brn|[from] ability: Flame Body|[of] p2a: Heatran\n|\n|-heal|p2a: Heatran|90\/100|[from] item: Leftovers\n|-damage|p1a: Azumarill|94\/100 brn|[from] brn\n|upkeep\n|turn|3\n|\n|t:|1642482015\n|switch|p1a: Dragonite|Dragonite, F, shiny|100\/100\n|move|p2a: Heatran|Stealth Rock|p1a: Dragonite\n|-sidestart|p1: bhkg|move: Stealth Rock\n|\n|-heal|p2a: Heatran|96\/100|[from] item: Leftovers\n|upkeep\n|turn|4\n|\n|t:|1642482021\n|switch|p2a: Suicune|Suicune|100\/100\n|move|p1a: Dragonite|Earthquake|p2a: Suicune\n|-damage|p2a: Suicune|77\/100\n|\n|-heal|p2a: Suicune|83\/100|[from] item: Leftovers\n|upkeep\n|turn|5\n|\n|t:|1642482024\n|switch|p1a: Roserade|Roserade, M|100\/100\n|-damage|p1a: Roserade|88\/100|[from] Stealth Rock\n|move|p2a: Suicune|Ice Beam|p1a: Roserade\n|-supereffective|p1a: Roserade\n|-crit|p1a: Roserade\n|-damage|p1a: Roserade|34\/100\n|\n|-heal|p1a: Roserade|41\/100|[from] item: Black Sludge\n|-heal|p2a: Suicune|89\/100|[from] item: Leftovers\n|upkeep\n|turn|6\n|\n|t:|1642482037\n|switch|p2a: Heatran|Heatran, F|96\/100\n|move|p1a: Roserade|Sleep Powder|p2a: Heatran\n|-status|p2a: Heatran|slp|[from] move: Sleep Powder\n|\n|-heal|p1a: Roserade|47\/100|[from] item: Black Sludge\n|-heal|p2a: Heatran|100\/100 slp|[from] item: Leftovers\n|upkeep\n|turn|7\n|\n|t:|1642482041\n|switch|p2a: Garchomp|Garchomp, M|100\/100\n|move|p1a: Roserade|Spikes|p2a: Garchomp\n|-sidestart|p2: BrodyisBooga|Spikes\n|\n|-heal|p1a: Roserade|53\/100|[from] item: Black Sludge\n|upkeep\n|turn|8\n|\n|t:|1642482047\n|switch|p1a: Donphan|Donphan, M|100\/100\n|-damage|p1a: Donphan|94\/100|[from] Stealth Rock\n|move|p2a: Garchomp|Earthquake|p1a: Donphan\n|-damage|p1a: Donphan|57\/100\n|\n|-heal|p1a: Donphan|63\/100|[from] item: Leftovers\n|upkeep\n|turn|9\n|\n|t:|1642482064\n|switch|p2a: Quagsire|Quagsire, M|100\/100\n|-damage|p2a: Quagsire|88\/100|[from] Spikes\n|move|p1a: Donphan|Rapid Spin|p2a: Quagsire\n|-damage|p2a: Quagsire|77\/100\n|-boost|p1a: Donphan|spe|1\n|-sideend|p1: bhkg|Stealth Rock|[from] move: Rapid Spin|[of] p1a: Donphan\n|\n|-heal|p1a: Donphan|69\/100|[from] item: Leftovers\n|upkeep\n|turn|10\n|j| CANADIAN RAT\n|j| altmelmeddle\n|\n|t:|1642482075\n|move|p1a: Donphan|Stealth Rock|p2a: Quagsire\n|-sidestart|p2: BrodyisBooga|move: Stealth Rock\n|move|p2a: Quagsire|Ice Beam|p1a: Donphan\n|-supereffective|p1a: Donphan\n|-damage|p1a: Donphan|22\/100\n|\n|-heal|p1a: Donphan|28\/100|[from] item: Leftovers\n|upkeep\n|turn|11\n|\n|t:|1642482087\n|move|p1a: Donphan|Knock Off|p2a: Quagsire\n|-damage|p2a: Quagsire|62\/100\n|move|p2a: Quagsire|Ice Beam|p1a: Donphan\n|-supereffective|p1a: Donphan\n|-crit|p1a: Donphan\n|-damage|p1a: Donphan|0 fnt\n|faint|p1a: Donphan\n|\n|upkeep\n|\n|t:|1642482091\n|switch|p1a: Lucario|Lucario, F|100\/100\n|turn|12\n|\n|t:|1642482094\n|move|p1a: Lucario|Focus Blast|p2a: Quagsire\n|-damage|p2a: Quagsire|0 fnt\n|faint|p2a: Quagsire\n|-damage|p1a: Lucario|91\/100|[from] item: Life Orb\n|\n|upkeep\n|c| CANADIAN RAT|confidence\n|\n|t:|1642482114\n|switch|p2a: Garchomp|Garchomp, M|100\/100\n|-damage|p2a: Garchomp|88\/100|[from] Spikes\n|-damage|p2a: Garchomp|82\/100|[from] Stealth Rock\n|turn|13\n|\n|t:|1642482118\n|switch|p1a: Azumarill|Azumarill, M|94\/100 brn\n|move|p2a: Garchomp|Earthquake|p1a: Azumarill\n|-damage|p1a: Azumarill|38\/100 brn\n|\n|-damage|p1a: Azumarill|32\/100 brn|[from] brn\n|upkeep\n|turn|14\n|\n|t:|1642482126\n|switch|p2a: Togekiss|Togekiss, F|100\/100\n|-damage|p2a: Togekiss|76\/100|[from] Stealth Rock\n|move|p1a: Azumarill|Play Rough|p2a: Togekiss\n|-crit|p2a: Togekiss\n|-damage|p2a: Togekiss|30\/100\n|\n|-heal|p2a: Togekiss|36\/100|[from] item: Leftovers\n|-damage|p1a: Azumarill|25\/100 brn|[from] brn\n|upkeep\n|turn|15\n|\n|t:|1642482131\n|switch|p1a: Lucario|Lucario, F|91\/100\n|move|p2a: Togekiss|Defog|p1a: Lucario\n|-unboost|p1a: Lucario|evasion|1\n|-sideend|p2: BrodyisBooga|Spikes|[from] move: Defog|[of] p2a: Togekiss\n|-sideend|p2: BrodyisBooga|Stealth Rock|[from] move: Defog|[of] p2a: Togekiss\n|\n|-heal|p2a: Togekiss|42\/100|[from] item: Leftovers\n|upkeep\n|turn|16\n|\n|t:|1642482138\n|move|p1a: Lucario|Flash Cannon|p2a: Togekiss\n|-supereffective|p2a: Togekiss\n|-damage|p2a: Togekiss|0 fnt\n|faint|p2a: Togekiss\n|-damage|p1a: Lucario|81\/100|[from] item: Life Orb\n|\n|upkeep\n|\n|t:|1642482141\n|switch|p2a: Garchomp|Garchomp, M|82\/100\n|turn|17\n|\n|t:|1642482143\n|switch|p1a: Azumarill|Azumarill, M|25\/100 brn\n|move|p2a: Garchomp|Earthquake|p1a: Azumarill\n|-damage|p1a: Azumarill|0 fnt\n|faint|p1a: Azumarill\n|\n|upkeep\n|\n|t:|1642482149\n|switch|p1a: Dragonite|Dragonite, F, shiny|100\/100\n|turn|18\n|\n|t:|1642482160\n|switch|p2a: Suicune|Suicune|89\/100\n|move|p1a: Dragonite|Earthquake|p2a: Suicune\n|-damage|p2a: Suicune|66\/100\n|\n|-heal|p2a: Suicune|73\/100|[from] item: Leftovers\n|upkeep\n|turn|19\n|j| Lessjelly\n|\n|t:|1642482168\n|switch|p1a: Lucario|Lucario, F|81\/100\n|move|p2a: Suicune|Ice Beam|p1a: Lucario\n|-resisted|p1a: Lucario\n|-damage|p1a: Lucario|65\/100\n|\n|-heal|p2a: Suicune|79\/100|[from] item: Leftovers\n|upkeep\n|turn|20\n|\n|t:|1642482181\n|switch|p2a: Gengar|Gengar, M|100\/100\n|move|p1a: Lucario|Flash Cannon|p2a: Gengar\n|-damage|p2a: Gengar|24\/100\n|-damage|p1a: Lucario|55\/100|[from] item: Life Orb\n|\n|upkeep\n|turn|21\n|\n|t:|1642482186\n|move|p2a: Gengar|Shadow Ball|p1a: Lucario\n|-damage|p1a: Lucario|0 fnt\n|faint|p1a: Lucario\n|\n|upkeep\n|\n|t:|1642482188\n|switch|p1a: Raikou|Raikou|100\/100\n|turn|22\n|\n|t:|1642482195\n|move|p2a: Gengar|Shadow Ball|p1a: Raikou\n|-damage|p1a: Raikou|55\/100\n|move|p1a: Raikou|Shadow Ball|p2a: Gengar\n|-supereffective|p2a: Gengar\n|-damage|p2a: Gengar|0 fnt\n|faint|p2a: Gengar\n|\n|upkeep\n|\n|t:|1642482207\n|switch|p2a: Garchomp|Garchomp, M|82\/100\n|turn|23\n|\n|t:|1642482214\n|switch|p1a: Roserade|Roserade, M|53\/100\n|move|p2a: Garchomp|Outrage|p1a: Roserade\n|-crit|p1a: Roserade\n|-damage|p1a: Roserade|0 fnt\n|faint|p1a: Roserade\n|\n|upkeep\n|\n|t:|1642482217\n|switch|p1a: Dragonite|Dragonite, F, shiny|100\/100\n|turn|24\n|\n|t:|1642482219\n|move|p2a: Garchomp|Outrage|p1a: Dragonite|[from]lockedmove\n|-supereffective|p1a: Dragonite\n|-damage|p1a: Dragonite|30\/100\n|-start|p2a: Garchomp|confusion|[fatigue]\n|move|p1a: Dragonite|Dragon Claw|p2a: Garchomp\n|-supereffective|p2a: Garchomp\n|-damage|p2a: Garchomp|0 fnt\n|-damage|p1a: Dragonite|18\/100|[from] ability: Rough Skin|[of] p2a: Garchomp\n|faint|p2a: Garchomp\n|\n|-heal|p1a: Dragonite|24\/100|[from] item: Leftovers\n|upkeep\n|\n|t:|1642482226\n|switch|p2a: Suicune|Suicune|79\/100\n|turn|25\n|\n|t:|1642482233\n|switch|p1a: Raikou|Raikou|55\/100\n|move|p2a: Suicune|Ice Beam|p1a: Raikou\n|-damage|p1a: Raikou|34\/100\n|\n|-heal|p2a: Suicune|85\/100|[from] item: Leftovers\n|upkeep\n|turn|26\n|\n|t:|1642482241\n|switch|p2a: Heatran|Heatran, F|100\/100 slp\n|move|p1a: Raikou|Thunderbolt|p2a: Heatran\n|-damage|p2a: Heatran|63\/100 slp\n|\n|-heal|p2a: Heatran|69\/100 slp|[from] item: Leftovers\n|upkeep\n|turn|27\n|\n|t:|1642482247\n|switch|p1a: Dragonite|Dragonite, F, shiny|24\/100\n|cant|p2a: Heatran|slp\n|\n|-heal|p1a: Dragonite|30\/100|[from] item: Leftovers\n|-heal|p2a: Heatran|76\/100 slp|[from] item: Leftovers\n|upkeep\n|turn|28\n|\n|t:|1642482253\n|switch|p2a: Suicune|Suicune|85\/100\n|move|p1a: Dragonite|Earthquake|p2a: Suicune\n|-damage|p2a: Suicune|62\/100\n|\n|-heal|p1a: Dragonite|36\/100|[from] item: Leftovers\n|-heal|p2a: Suicune|68\/100|[from] item: Leftovers\n|upkeep\n|turn|29\n|\n|t:|1642482258\n|move|p1a: Dragonite|Dragon Claw|p2a: Suicune\n|-damage|p2a: Suicune|41\/100\n|move|p2a: Suicune|Ice Beam|p1a: Dragonite\n|-supereffective|p1a: Dragonite\n|-damage|p1a: Dragonite|0 fnt\n|faint|p1a: Dragonite\n|\n|-heal|p2a: Suicune|48\/100|[from] item: Leftovers\n|upkeep\n|\n|t:|1642482260\n|switch|p1a: Raikou|Raikou|34\/100\n|turn|30\n|\n|t:|1642482264\n|move|p1a: Raikou|Thunderbolt|p2a: Suicune\n|-supereffective|p2a: Suicune\n|-damage|p2a: Suicune|0 fnt\n|faint|p2a: Suicune\n|\n|upkeep\n|\n|t:|1642482267\n|switch|p2a: Heatran|Heatran, F|76\/100 slp\n|turn|31\n|\n|t:|1642482270\n|move|p1a: Raikou|Thunderbolt|p2a: Heatran\n|-damage|p2a: Heatran|38\/100 slp\n|cant|p2a: Heatran|slp\n|\n|-heal|p2a: Heatran|45\/100 slp|[from] item: Leftovers\n|upkeep\n|turn|32\n|\n|t:|1642482276\n|move|p1a: Raikou|Thunderbolt|p2a: Heatran\n|-damage|p2a: Heatran|7\/100 slp\n|-curestatus|p2a: Heatran|slp|[msg]\n|move|p2a: Heatran|Earth Power|p1a: Raikou\n|-supereffective|p1a: Raikou\n|-damage|p1a: Raikou|0 fnt\n|faint|p1a: Raikou\n|\n|win|BrodyisBooga\n|raw|bhkg's rating: 1603 &rarr; <strong>1584<\/strong><br \/>(-19 for losing)\n|raw|BrodyisBooga's rating: 1613 &rarr; <strong>1632<\/strong><br \/>(+19 for winning)\n|l|\u2606BrodyisBooga\n|c|\u2606bhkg|gg\n|l| Lessjelly\n|l| CANADIAN RAT\n","uploadtime":1642482309,"views":31,"p1id":"bhkg","p2id":"brodyisbooga","formatid":"gen8bdspou","rating":1584,"private":0,"password":null}