{"id":"gen8nationaldex-1678720866","p1":"Thedebatablereaper","p2":"row12col24","format":"gen8nationaldex","log":"|j|\u2606Thedebatablereaper\n|j|\u2606row12col24\n|t:|1665017051\n|gametype|singles\n|player|p1|Thedebatablereaper|1|1611\n|player|p2|row12col24|1|1691\n|teamsize|p1|6\n|teamsize|p2|6\n|gen|8\n|tier|[Gen 8] National Dex\n|rated|\n|rule|HP Percentage Mod: HP is shown in percentages\n|rule|Endless Battle Clause: Forcing endless battles is banned\n|rule|OHKO Clause: OHKO moves are banned\n|rule|Evasion Moves Clause: Evasion moves are banned\n|rule|Species Clause: Limit one of each Pok\u00e9mon\n|rule|Dynamax Clause: You cannot dynamax\n|rule|Sleep Clause Mod: Limit one foe put to sleep\n|clearpoke\n|poke|p1|Pelipper, F|\n|poke|p1|Urshifu-*, M|\n|poke|p1|Charizard, M|\n|poke|p1|Darmanitan, F|\n|poke|p1|Hippowdon, F|\n|poke|p1|Excadrill, M|\n|poke|p2|Charizard, F|\n|poke|p2|Blaziken, F|\n|poke|p2|Grimmsnarl, M|\n|poke|p2|Donphan, F|\n|poke|p2|Greninja, F|\n|poke|p2|Kartana|\n|teampreview\n|\n|t:|1665017075\n|start\n|switch|p1a: Pelipper|Pelipper, F|100\/100\n|switch|p2a: Grimmsnarl|Grimmsnarl, M|100\/100\n|-weather|RainDance|[from] ability: Drizzle|[of] p1a: Pelipper\n|turn|1\n|\n|t:|1665017081\n|move|p2a: Grimmsnarl|Light Screen|p2a: Grimmsnarl\n|-sidestart|p2: row12col24|move: Light Screen\n|move|p1a: Pelipper|Weather Ball|p2a: Grimmsnarl\n|-damage|p2a: Grimmsnarl|57\/100\n|\n|-weather|RainDance|[upkeep]\n|upkeep\n|turn|2\n|\n|t:|1665017094\n|move|p2a: Grimmsnarl|Reflect|p2a: Grimmsnarl\n|-sidestart|p2: row12col24|Reflect\n|move|p1a: Pelipper|Weather Ball|p2a: Grimmsnarl\n|-crit|p2a: Grimmsnarl\n|-damage|p2a: Grimmsnarl|0 fnt\n|faint|p2a: Grimmsnarl\n|\n|-weather|RainDance|[upkeep]\n|upkeep\n|\n|t:|1665017115\n|switch|p2a: Greninja|Greninja, F|100\/100\n|turn|3\n|\n|t:|1665017134\n|move|p2a: Greninja|Dark Pulse|p1a: Pelipper\n|-start|p2a: Greninja|typechange|Dark|[from] ability: Protean\n|-damage|p1a: Pelipper|38\/100\n|cant|p1a: Pelipper|flinch\n|\n|-weather|RainDance|[upkeep]\n|upkeep\n|turn|4\n|\n|t:|1665017142\n|move|p2a: Greninja|Dark Pulse|p1a: Pelipper\n|-damage|p1a: Pelipper|0 fnt\n|faint|p1a: Pelipper\n|\n|-weather|RainDance|[upkeep]\n|upkeep\n|\n|t:|1665017148\n|switch|p1a: Urshifu|Urshifu-Rapid-Strike, M|100\/100\n|turn|5\n|\n|t:|1665017154\n|move|p1a: Urshifu|Surging Strikes|p2a: Greninja\n|-crit|p2a: Greninja\n|-damage|p2a: Greninja|43\/100\n|-crit|p2a: Greninja\n|-damage|p2a: Greninja|0 fnt\n|faint|p2a: Greninja\n|-hitcount|p2: Greninja|2\n|\n|-weather|none\n|upkeep\n|\n|t:|1665017161\n|switch|p2a: Kartana|Kartana|100\/100\n|turn|6\n|\n|t:|1665017172\n|switch|p1a: Charizard|Charizard, M|100\/100\n|move|p2a: Kartana|Knock Off|p1a: Charizard\n|-damage|p1a: Charizard|63\/100\n|\n|upkeep\n|turn|7\n|\n|t:|1665017186\n|switch|p2a: Blaziken|Blaziken, F|100\/100\n|detailschange|p1a: Charizard|Charizard-Mega-Y, M\n|-mega|p1a: Charizard|Charizard|Charizardite Y\n|-weather|SunnyDay|[from] ability: Drought|[of] p1a: Charizard\n|move|p1a: Charizard|Roost|p1a: Charizard\n|-heal|p1a: Charizard|100\/100\n|-singleturn|p1a: Charizard|move: Roost\n|\n|-weather|SunnyDay|[upkeep]\n|upkeep\n|turn|8\n|\n|t:|1665017204\n|move|p1a: Charizard|Weather Ball|p2a: Blaziken\n|-resisted|p2a: Blaziken\n|-damage|p2a: Blaziken|65\/100\n|move|p2a: Blaziken|Swords Dance|p2a: Blaziken\n|-boost|p2a: Blaziken|atk|2\n|\n|-weather|SunnyDay|[upkeep]\n|-heal|p2a: Blaziken|71\/100|[from] item: Leftovers\n|-sideend|p2: row12col24|move: Light Screen\n|-ability|p2a: Blaziken|Speed Boost|boost\n|-boost|p2a: Blaziken|spe|1\n|upkeep\n|turn|9\n|\n|t:|1665017213\n|move|p2a: Blaziken|Flare Blitz|p1a: Charizard\n|-resisted|p1a: Charizard\n|-damage|p1a: Charizard|0 fnt\n|faint|p1a: Charizard\n|-damage|p2a: Blaziken|38\/100|[from] Recoil\n|\n|-weather|SunnyDay|[upkeep]\n|-heal|p2a: Blaziken|44\/100|[from] item: Leftovers\n|-sideend|p2: row12col24|Reflect\n|-ability|p2a: Blaziken|Speed Boost|boost\n|-boost|p2a: Blaziken|spe|1\n|upkeep\n|\n|t:|1665017224\n|switch|p1a: Hippowdon|Hippowdon, F|100\/100\n|-weather|Sandstorm|[from] ability: Sand Stream|[of] p1a: Hippowdon\n|turn|10\n|\n|t:|1665017240\n|move|p2a: Blaziken|Close Combat|p1a: Hippowdon\n|-crit|p1a: Hippowdon\n|-damage|p1a: Hippowdon|0 fnt\n|-unboost|p2a: Blaziken|def|1\n|-unboost|p2a: Blaziken|spd|1\n|faint|p1a: Hippowdon\n|\n|-weather|Sandstorm|[upkeep]\n|-damage|p2a: Blaziken|38\/100|[from] Sandstorm\n|-heal|p2a: Blaziken|44\/100|[from] item: Leftovers\n|-ability|p2a: Blaziken|Speed Boost|boost\n|-boost|p2a: Blaziken|spe|1\n|upkeep\n|\n|t:|1665017250\n|switch|p1a: Urshifu|Urshifu-Rapid-Strike, M|100\/100\n|turn|11\n|\n|t:|1665017254\n|switch|p2a: Kartana|Kartana|100\/100\n|move|p1a: Urshifu|Aqua Jet|p2a: Kartana\n|-resisted|p2a: Kartana\n|-damage|p2a: Kartana|90\/100\n|\n|-weather|Sandstorm|[upkeep]\n|-damage|p1a: Urshifu|94\/100|[from] Sandstorm\n|upkeep\n|turn|12\n|\n|t:|1665017269\n|switch|p1a: Darmanitan|Darmanitan, F|100\/100\n|move|p2a: Kartana|Sacred Sword|p1a: Darmanitan\n|-damage|p1a: Darmanitan|39\/100\n|\n|-weather|Sandstorm|[upkeep]\n|-damage|p1a: Darmanitan|33\/100|[from] Sandstorm\n|upkeep\n|turn|13\n|\n|t:|1665017279\n|switch|p2a: Donphan|Donphan, F|100\/100\n|move|p1a: Darmanitan|Fire Punch|p2a: Donphan\n|-damage|p2a: Donphan|43\/100\n|\n|-weather|Sandstorm|[upkeep]\n|-damage|p1a: Darmanitan|27\/100|[from] Sandstorm\n|-heal|p2a: Donphan|50\/100|[from] item: Leftovers\n|upkeep\n|turn|14\n|\n|t:|1665017287\n|move|p1a: Darmanitan|Fire Punch|p2a: Donphan\n|-damage|p2a: Donphan|0 fnt\n|faint|p2a: Donphan\n|\n|-weather|none\n|upkeep\n|\n|t:|1665017293\n|switch|p2a: Charizard|Charizard, F|100\/100\n|turn|15\n|\n|t:|1665017302\n|switch|p1a: Urshifu|Urshifu-Rapid-Strike, M|94\/100\n|detailschange|p2a: Charizard|Charizard-Mega-X, F\n|-mega|p2a: Charizard|Charizard|Charizardite X\n|move|p2a: Charizard|Dragon Claw|p1a: Urshifu\n|-damage|p1a: Urshifu|40\/100\n|\n|upkeep\n|turn|16\n|\n|t:|1665017316\n|move|p1a: Urshifu|Surging Strikes|p2a: Charizard\n|-crit|p2a: Charizard\n|-damage|p2a: Charizard|77\/100\n|-crit|p2a: Charizard\n|-damage|p2a: Charizard|58\/100\n|-crit|p2a: Charizard\n|-damage|p2a: Charizard|38\/100\n|-hitcount|p2a: Charizard|3\n|move|p2a: Charizard|Dragon Claw|p1a: Urshifu\n|-damage|p1a: Urshifu|0 fnt\n|faint|p1a: Urshifu\n|\n|upkeep\n|\n|t:|1665017325\n|switch|p1a: Excadrill|Excadrill, M|100\/100\n|turn|17\n|\n|t:|1665017330\n|move|p2a: Charizard|Flare Blitz|p1a: Excadrill\n|-supereffective|p1a: Excadrill\n|-damage|p1a: Excadrill|0 fnt\n|faint|p1a: Excadrill\n|-damage|p2a: Charizard|0 fnt|[from] Recoil\n|faint|p2a: Charizard\n|\n|upkeep\n|-message|Thedebatablereaper forfeited.\n|\n|win|row12col24\n|raw|Thedebatablereaper's rating: 1611 &rarr; <strong>1596<\/strong><br \/>(-15 for losing)\n|raw|row12col24's rating: 1691 &rarr; <strong>1706<\/strong><br \/>(+15 for winning)\n|l|\u2606Thedebatablereaper\n","uploadtime":1665017343,"views":3,"p1id":"thedebatablereaper","p2id":"row12col24","formatid":"gen8nationaldex","rating":1596,"private":0,"password":null}