{"id":"gen8nationaldex-1692580652","p1":"El Ryuk456","p2":"iopkj09","format":"gen8nationaldex","log":"|j|\u2606El Ryuk456\n|j|\u2606iopkj09\n|t:|1666502240\n|gametype|singles\n|player|p1|El Ryuk456|giovanni|1550\n|player|p2|iopkj09|nate|1762\n|teamsize|p1|6\n|teamsize|p2|6\n|gen|8\n|tier|[Gen 8] National Dex\n|rated|\n|rule|HP Percentage Mod: HP is shown in percentages\n|rule|Endless Battle Clause: Forcing endless battles is banned\n|rule|OHKO Clause: OHKO moves are banned\n|rule|Evasion Moves Clause: Evasion moves are banned\n|rule|Species Clause: Limit one of each Pok\u00e9mon\n|rule|Dynamax Clause: You cannot dynamax\n|rule|Sleep Clause Mod: Limit one foe put to sleep\n|clearpoke\n|poke|p1|Manectric, M|\n|poke|p1|Blastoise, M|\n|poke|p1|Garchomp, M|\n|poke|p1|Sylveon, M|\n|poke|p1|Hitmontop, M|\n|poke|p1|Vespiquen, F|\n|poke|p2|Kyurem|\n|poke|p2|Zapdos|\n|poke|p2|Mawile, F|\n|poke|p2|Garchomp, M|\n|poke|p2|Tapu Lele|\n|poke|p2|Melmetal|\n|teampreview\n|inactive|Battle timer is ON: inactive players will automatically lose when time's up. (requested by iopkj09)\n|\n|t:|1666502248\n|start\n|switch|p1a: Neo|Manectric, M, shiny|100\/100\n|switch|p2a: Kyurem|Kyurem, shiny|100\/100\n|-ability|p2a: Kyurem|Pressure\n|turn|1\n|j| 303abc\n|\n|t:|1666502258\n|detailschange|p1a: Neo|Manectric-Mega, M, shiny\n|-mega|p1a: Neo|Manectric|Manectite\n|-ability|p1a: Neo|Intimidate|boost\n|-unboost|p2a: Kyurem|atk|1\n|move|p1a: Neo|Volt Switch|p2a: Kyurem\n|-resisted|p2a: Kyurem\n|-damage|p2a: Kyurem|90\/100\n|\n|t:|1666502262\n|switch|p1a: Alejandro|Sylveon, M|100\/100|[from]move: Volt Switch\n|move|p2a: Kyurem|Earth Power|p1a: Alejandro\n|-damage|p1a: Alejandro|79\/100\n|\n|upkeep\n|turn|2\n|\n|t:|1666502269\n|switch|p2a: Melmetal|Melmetal, shiny|100\/100\n|move|p1a: Alejandro|Hyper Voice|p2a: Melmetal\n|-resisted|p2a: Melmetal\n|-damage|p2a: Melmetal|84\/100\n|\n|upkeep\n|turn|3\n|l| 303abc\n|\n|t:|1666502285\n|switch|p1a: Garchomp|Garchomp, M|100\/100\n|move|p2a: Melmetal|Double Iron Bash|p1a: Garchomp\n|-damage|p1a: Garchomp|72\/100\n|-damage|p2a: Melmetal|72\/100|[from] ability: Rough Skin|[of] p1a: Garchomp\n|-damage|p2a: Melmetal|55\/100|[from] item: Rocky Helmet|[of] p1a: Garchomp\n|-damage|p1a: Garchomp|42\/100\n|-damage|p2a: Melmetal|43\/100|[from] ability: Rough Skin|[of] p1a: Garchomp\n|-damage|p2a: Melmetal|26\/100|[from] item: Rocky Helmet|[of] p1a: Garchomp\n|-hitcount|p1a: Garchomp|2\n|\n|upkeep\n|turn|4\n|\n|t:|1666502296\n|move|p1a: Garchomp|Stealth Rock|p2a: Melmetal\n|-sidestart|p2: iopkj09|move: Stealth Rock\n|move|p2a: Melmetal|Ice Punch|p1a: Garchomp\n|-supereffective|p1a: Garchomp\n|-damage|p1a: Garchomp|0 fnt\n|-damage|p2a: Melmetal|14\/100|[from] ability: Rough Skin|[of] p1a: Garchomp\n|-damage|p2a: Melmetal|0 fnt|[from] item: Rocky Helmet|[of] p1a: Garchomp\n|faint|p1a: Garchomp\n|faint|p2a: Melmetal\n|\n|upkeep\n|\n|t:|1666502311\n|switch|p1a: Neo|Manectric-Mega, M, shiny|100\/100\n|switch|p2a: Tapu Lele|Tapu Lele|100\/100\n|-ability|p1a: Neo|Intimidate|boost\n|-unboost|p2a: Tapu Lele|atk|1\n|-damage|p2a: Tapu Lele|88\/100|[from] Stealth Rock\n|-fieldstart|move: Psychic Terrain|[from] ability: Psychic Surge|[of] p2a: Tapu Lele\n|turn|5\n|\n|t:|1666502314\n|move|p1a: Neo|Volt Switch|p2a: Tapu Lele\n|-damage|p2a: Tapu Lele|50\/100\n|\n|t:|1666502319\n|switch|p1a: Vespiquen|Vespiquen, F|100\/100|[from]move: Volt Switch\n|-ability|p1a: Vespiquen|Pressure\n|move|p2a: Tapu Lele|Psychic|p1a: Vespiquen\n|-damage|p1a: Vespiquen|9\/100\n|\n|upkeep\n|turn|6\n|\n|t:|1666502326\n|move|p2a: Tapu Lele|Psychic|p1a: Vespiquen\n|-damage|p1a: Vespiquen|0 fnt\n|faint|p1a: Vespiquen\n|\n|upkeep\n|\n|t:|1666502327\n|switch|p1a: Neo|Manectric-Mega, M, shiny|100\/100\n|-ability|p1a: Neo|Intimidate|boost\n|-unboost|p2a: Tapu Lele|atk|1\n|turn|7\n|\n|t:|1666502330\n|switch|p2a: Garchomp|Garchomp, M, shiny|100\/100\n|-damage|p2a: Garchomp|94\/100|[from] Stealth Rock\n|move|p1a: Neo|Volt Switch|p2a: Garchomp\n|-immune|p2a: Garchomp\n|\n|upkeep\n|turn|8\n|\n|t:|1666502334\n|move|p2a: Garchomp|Earthquake|p1a: Neo\n|-supereffective|p1a: Neo\n|-damage|p1a: Neo|0 fnt\n|faint|p1a: Neo\n|\n|upkeep\n|\n|t:|1666502337\n|switch|p1a: Harbor|Blastoise, M|100\/100\n|turn|9\n|\n|t:|1666502340\n|move|p2a: Garchomp|Earthquake|p1a: Harbor\n|-damage|p1a: Harbor|49\/100\n|move|p1a: Harbor|Ice Beam|p2a: Garchomp\n|-supereffective|p2a: Garchomp\n|-damage|p2a: Garchomp|0 fnt\n|faint|p2a: Garchomp\n|\n|-fieldend|move: Psychic Terrain\n|upkeep\n|\n|t:|1666502345\n|switch|p2a: Tapu Lele|Tapu Lele|50\/100\n|-damage|p2a: Tapu Lele|37\/100|[from] Stealth Rock\n|-fieldstart|move: Psychic Terrain|[from] ability: Psychic Surge|[of] p2a: Tapu Lele\n|turn|10\n|\n|t:|1666502350\n|move|p2a: Tapu Lele|Psychic|p1a: Harbor\n|-damage|p1a: Harbor|6\/100\n|move|p1a: Harbor|Mirror Coat|p2a: Tapu Lele\n|-damage|p2a: Tapu Lele|0 fnt\n|faint|p2a: Tapu Lele\n|\n|upkeep\n|\n|t:|1666502354\n|switch|p2a: Zapdos|Zapdos, shiny|100\/100\n|-damage|p2a: Zapdos|76\/100|[from] Stealth Rock\n|turn|11\n|\n|t:|1666502357\n|move|p2a: Zapdos|Thunderbolt|p1a: Harbor\n|-supereffective|p1a: Harbor\n|-damage|p1a: Harbor|0 fnt\n|faint|p1a: Harbor\n|\n|upkeep\n|\n|t:|1666502361\n|switch|p1a: Alejandro|Sylveon, M|79\/100\n|turn|12\n|\n|t:|1666502363\n|move|p2a: Zapdos|Thunderbolt|p1a: Alejandro\n|-damage|p1a: Alejandro|45\/100\n|move|p1a: Alejandro|Hyper Voice|p2a: Zapdos\n|-damage|p2a: Zapdos|18\/100\n|\n|upkeep\n|turn|13\n|\n|t:|1666502367\n|move|p2a: Zapdos|Thunderbolt|p1a: Alejandro\n|-damage|p1a: Alejandro|14\/100\n|move|p1a: Alejandro|Wish|p1a: Alejandro\n|\n|upkeep\n|turn|14\n|\n|t:|1666502369\n|move|p1a: Alejandro|Protect|p1a: Alejandro\n|-singleturn|p1a: Alejandro|Protect\n|move|p2a: Zapdos|Thunderbolt|p1a: Alejandro\n|-activate|p1a: Alejandro|move: Protect\n|\n|-heal|p1a: Alejandro|64\/100|[from] move: Wish|[wisher] Alejandro\n|-fieldend|move: Psychic Terrain\n|upkeep\n|turn|15\n|\n|t:|1666502372\n|move|p2a: Zapdos|Hurricane|p1a: Alejandro|[miss]\n|-miss|p2a: Zapdos|p1a: Alejandro\n|move|p1a: Alejandro|Wish|p1a: Alejandro\n|\n|upkeep\n|turn|16\n|\n|t:|1666502375\n|move|p1a: Alejandro|Protect|p1a: Alejandro\n|-singleturn|p1a: Alejandro|Protect\n|move|p2a: Zapdos|Hurricane|p1a: Alejandro\n|-activate|p1a: Alejandro|move: Protect\n|\n|-heal|p1a: Alejandro|100\/100|[from] move: Wish|[wisher] Alejandro\n|upkeep\n|turn|17\n|\n|t:|1666502377\n|move|p2a: Zapdos|Thunderbolt|p1a: Alejandro\n|-damage|p1a: Alejandro|70\/100\n|move|p1a: Alejandro|Wish|p1a: Alejandro\n|\n|upkeep\n|turn|18\n|\n|t:|1666502379\n|move|p2a: Zapdos|Thunderbolt|p1a: Alejandro\n|-damage|p1a: Alejandro|37\/100\n|move|p1a: Alejandro|Hyper Voice|p2a: Zapdos\n|-damage|p2a: Zapdos|0 fnt\n|faint|p2a: Zapdos\n|\n|-heal|p1a: Alejandro|87\/100|[from] move: Wish|[wisher] Alejandro\n|upkeep\n|\n|t:|1666502382\n|switch|p2a: Kyurem|Kyurem, shiny|90\/100\n|-damage|p2a: Kyurem|65\/100|[from] Stealth Rock\n|-ability|p2a: Kyurem|Pressure\n|turn|19\n|\n|t:|1666502385\n|move|p2a: Kyurem|Flash Cannon|p1a: Alejandro\n|-supereffective|p1a: Alejandro\n|-damage|p1a: Alejandro|51\/100\n|move|p1a: Alejandro|Hyper Voice|p2a: Kyurem\n|-supereffective|p2a: Kyurem\n|-damage|p2a: Kyurem|14\/100\n|\n|upkeep\n|turn|20\n|\n|t:|1666502388\n|move|p2a: Kyurem|Flash Cannon|p1a: Alejandro\n|-supereffective|p1a: Alejandro\n|-damage|p1a: Alejandro|11\/100\n|move|p1a: Alejandro|Wish|p1a: Alejandro\n|\n|upkeep\n|turn|21\n|\n|t:|1666502390\n|move|p1a: Alejandro|Protect|p1a: Alejandro\n|-singleturn|p1a: Alejandro|Protect\n|move|p2a: Kyurem|Flash Cannon|p1a: Alejandro\n|-activate|p1a: Alejandro|move: Protect\n|\n|-heal|p1a: Alejandro|61\/100|[from] move: Wish|[wisher] Alejandro\n|upkeep\n|turn|22\n|\n|t:|1666502395\n|move|p2a: Kyurem|Flash Cannon|p1a: Alejandro\n|-supereffective|p1a: Alejandro\n|-damage|p1a: Alejandro|22\/100\n|move|p1a: Alejandro|Wish|p1a: Alejandro\n|\n|upkeep\n|turn|23\n|\n|t:|1666502398\n|move|p1a: Alejandro|Protect|p1a: Alejandro\n|-singleturn|p1a: Alejandro|Protect\n|move|p2a: Kyurem|Flash Cannon|p1a: Alejandro\n|-activate|p1a: Alejandro|move: Protect\n|\n|-heal|p1a: Alejandro|72\/100|[from] move: Wish|[wisher] Alejandro\n|upkeep\n|turn|24\n|\n|t:|1666502406\n|move|p2a: Kyurem|Flash Cannon|p1a: Alejandro\n|-supereffective|p1a: Alejandro\n|-damage|p1a: Alejandro|31\/100\n|move|p1a: Alejandro|Wish|p1a: Alejandro\n|\n|upkeep\n|turn|25\n|\n|t:|1666502409\n|move|p1a: Alejandro|Protect|p1a: Alejandro\n|-singleturn|p1a: Alejandro|Protect\n|move|p2a: Kyurem|Flash Cannon|p1a: Alejandro\n|-activate|p1a: Alejandro|move: Protect\n|\n|-heal|p1a: Alejandro|81\/100|[from] move: Wish|[wisher] Alejandro\n|upkeep\n|turn|26\n|\n|t:|1666502416\n|move|p2a: Kyurem|Flash Cannon|p1a: Alejandro\n|-supereffective|p1a: Alejandro\n|-damage|p1a: Alejandro|40\/100\n|move|p1a: Alejandro|Wish|p1a: Alejandro\n|\n|upkeep\n|turn|27\n|\n|t:|1666502418\n|move|p1a: Alejandro|Protect|p1a: Alejandro\n|-singleturn|p1a: Alejandro|Protect\n|move|p2a: Kyurem|Flash Cannon|p1a: Alejandro\n|-activate|p1a: Alejandro|move: Protect\n|\n|-heal|p1a: Alejandro|90\/100|[from] move: Wish|[wisher] Alejandro\n|upkeep\n|turn|28\n|\n|t:|1666502424\n|move|p2a: Kyurem|Flash Cannon|p1a: Alejandro\n|-supereffective|p1a: Alejandro\n|-damage|p1a: Alejandro|51\/100\n|move|p1a: Alejandro|Wish|p1a: Alejandro\n|\n|upkeep\n|turn|29\n|\n|t:|1666502426\n|move|p1a: Alejandro|Protect|p1a: Alejandro\n|-singleturn|p1a: Alejandro|Protect\n|move|p2a: Kyurem|Flash Cannon|p1a: Alejandro\n|-activate|p1a: Alejandro|move: Protect\n|\n|-heal|p1a: Alejandro|100\/100|[from] move: Wish|[wisher] Alejandro\n|upkeep\n|turn|30\n|\n|t:|1666502432\n|move|p2a: Kyurem|Flash Cannon|p1a: Alejandro\n|-supereffective|p1a: Alejandro\n|-damage|p1a: Alejandro|61\/100\n|move|p1a: Alejandro|Hyper Voice|p2a: Kyurem\n|-supereffective|p2a: Kyurem\n|-damage|p2a: Kyurem|0 fnt\n|faint|p2a: Kyurem\n|\n|upkeep\n|\n|t:|1666502435\n|switch|p2a: Mawile|Mawile, F|100\/100\n|-damage|p2a: Mawile|94\/100|[from] Stealth Rock\n|-ability|p2a: Mawile|Intimidate|boost\n|-unboost|p1a: Alejandro|atk|1\n|turn|31\n|\n|t:|1666502438\n|detailschange|p2a: Mawile|Mawile-Mega, F\n|-mega|p2a: Mawile|Mawile|Mawilite\n|move|p1a: Alejandro|Mystical Fire|p2a: Mawile\n|-supereffective|p2a: Mawile\n|-damage|p2a: Mawile|50\/100\n|-unboost|p2a: Mawile|spa|1\n|move|p2a: Mawile|Swords Dance|p2a: Mawile\n|-boost|p2a: Mawile|atk|2\n|\n|upkeep\n|turn|32\n|\n|t:|1666502452\n|move|p1a: Alejandro|Mystical Fire|p2a: Mawile\n|-supereffective|p2a: Mawile\n|-damage|p2a: Mawile|7\/100\n|-unboost|p2a: Mawile|spa|1\n|move|p2a: Mawile|Fire Fang|p1a: Alejandro\n|-crit|p1a: Alejandro\n|-damage|p1a: Alejandro|0 fnt\n|faint|p1a: Alejandro\n|\n|upkeep\n|\n|t:|1666502458\n|switch|p1a: Hitmontop|Hitmontop, M|100\/100\n|-ability|p1a: Hitmontop|Intimidate|boost\n|-unboost|p2a: Mawile|atk|1\n|turn|33\n|\n|t:|1666502465\n|move|p1a: Hitmontop|Mach Punch|p2a: Mawile\n|-damage|p2a: Mawile|0 fnt\n|faint|p2a: Mawile\n|\n|win|El Ryuk456\n|raw|El Ryuk456's rating: 1550 &rarr; <strong>1582<\/strong><br \/>(+32 for winning)\n|raw|iopkj09's rating: 1778 &rarr; <strong>1746<\/strong><br \/>(-32 for losing)\n","uploadtime":1666502472,"views":15,"p1id":"elryuk456","p2id":"iopkj09","formatid":"gen8nationaldex","rating":1582,"private":0,"password":null}