{"id":"gen8ou-1602851528","p1":"Highv0ltag3","p2":"jushu1","format":"gen8ou","log":"|j|\u2606Highv0ltag3\n|j|\u2606jushu1\n|t:|1656023139\n|gametype|singles\n|player|p1|Highv0ltag3|volo|1839\n|player|p2|jushu1|cyrus|1836\n|teamsize|p1|6\n|teamsize|p2|6\n|gen|8\n|tier|[Gen 8] OU\n|rated|\n|rule|Sleep Clause Mod: Limit one foe put to sleep\n|rule|Species Clause: Limit one of each Pok\u00e9mon\n|rule|OHKO Clause: OHKO moves are banned\n|rule|Evasion Moves Clause: Evasion moves are banned\n|rule|Endless Battle Clause: Forcing endless battles is banned\n|rule|HP Percentage Mod: HP is shown in percentages\n|rule|Dynamax Clause: You cannot dynamax\n|clearpoke\n|poke|p1|Xatu, M|\n|poke|p1|Corviknight, F|\n|poke|p1|Buzzwole|\n|poke|p1|Chansey, F|\n|poke|p1|Toxapex, F|\n|poke|p1|Hippowdon, M|\n|poke|p2|Zapdos|\n|poke|p2|Weavile, M|\n|poke|p2|Kartana|\n|poke|p2|Landorus-Therian, M|\n|poke|p2|Volcanion|\n|poke|p2|Melmetal|\n|teampreview\n|inactive|Battle timer is ON: inactive players will automatically lose when time's up. (requested by jushu1)\n|\n|t:|1656023149\n|start\n|switch|p1a: Hippowdon|Hippowdon, M|100\/100\n|switch|p2a: Volcanion|Volcanion|100\/100\n|turn|1\n|c|\u2606jushu1|\uff1f\n|c|\u2606Highv0ltag3|glhf\n|\n|t:|1656023160\n|switch|p1a: Chansey|Chansey, F|100\/100\n|move|p2a: Volcanion|Earth Power|p1a: Chansey\n|-damage|p1a: Chansey|85\/100\n|\n|upkeep\n|turn|2\n|\n|t:|1656023170\n|switch|p2a: Landorus|Landorus-Therian, M|100\/100\n|-ability|p2a: Landorus|Intimidate|boost\n|-unboost|p1a: Chansey|atk|1\n|move|p1a: Chansey|Seismic Toss|p2a: Landorus\n|-damage|p2a: Landorus|74\/100\n|\n|-heal|p2a: Landorus|80\/100|[from] item: Leftovers\n|upkeep\n|turn|3\n|\n|t:|1656023174\n|switch|p1a: Corviknight|Corviknight, F|100\/100\n|-ability|p1a: Corviknight|Pressure\n|move|p2a: Landorus|Stealth Rock|p1a: Corviknight\n|-sidestart|p1: Highv0ltag3|move: Stealth Rock\n|\n|-heal|p2a: Landorus|86\/100|[from] item: Leftovers\n|upkeep\n|turn|4\n|\n|t:|1656023180\n|switch|p2a: Volcanion|Volcanion|100\/100\n|move|p1a: Corviknight|Defog|p2a: Volcanion\n|-unboost|p2a: Volcanion|evasion|1\n|-sideend|p1: Highv0ltag3|Stealth Rock|[from] move: Defog|[of] p1a: Corviknight\n|\n|upkeep\n|turn|5\n|\n|t:|1656023184\n|switch|p1a: Chansey|Chansey, F|85\/100\n|move|p2a: Volcanion|Steam Eruption|p1a: Chansey\n|-damage|p1a: Chansey|55\/100\n|-status|p1a: Chansey|brn\n|\n|-damage|p1a: Chansey|48\/100 brn|[from] brn\n|upkeep\n|turn|6\n|\n|t:|1656023191\n|switch|p2a: Weavile|Weavile, M|100\/100\n|-ability|p2a: Weavile|Pressure\n|move|p1a: Chansey|Soft-Boiled|p1a: Chansey\n|-heal|p1a: Chansey|98\/100 brn\n|\n|-damage|p1a: Chansey|92\/100 brn|[from] brn\n|upkeep\n|turn|7\n|j| SuperNUTZ126\n|\n|t:|1656023202\n|-curestatus|p1a: Chansey|brn|[from] ability: Natural Cure\n|switch|p1a: Toxapex|Toxapex, F|100\/100\n|move|p2a: Weavile|Knock Off|p1a: Toxapex\n|-damage|p1a: Toxapex|54\/100\n|-enditem|p1a: Toxapex|Black Sludge|[from] move: Knock Off|[of] p2a: Weavile\n|\n|upkeep\n|turn|8\n|j| Ragnnis\n|\n|t:|1656023211\n|switch|p2a: Melmetal|Melmetal|100\/100\n|move|p1a: Toxapex|Recover|p1a: Toxapex\n|-heal|p1a: Toxapex|100\/100\n|\n|upkeep\n|turn|9\n|\n|t:|1656023216\n|move|p2a: Melmetal|Thunder Punch|p1a: Toxapex\n|-supereffective|p1a: Toxapex\n|-damage|p1a: Toxapex|32\/100\n|move|p1a: Toxapex|Knock Off|p2a: Melmetal\n|-damage|p2a: Melmetal|91\/100\n|-enditem|p2a: Melmetal|Choice Band|[from] move: Knock Off|[of] p1a: Toxapex\n|\n|upkeep\n|turn|10\n|\n|t:|1656023227\n|switch|p1a: Buzzwole|Buzzwole|100\/100\n|move|p2a: Melmetal|Double Iron Bash|p1a: Buzzwole\n|-damage|p1a: Buzzwole|77\/100\n|-damage|p1a: Buzzwole|57\/100\n|-hitcount|p1a: Buzzwole|2\n|\n|-heal|p1a: Buzzwole|63\/100|[from] item: Leftovers\n|upkeep\n|turn|11\n|\n|t:|1656023233\n|switch|p2a: Zapdos|Zapdos|100\/100\n|move|p1a: Buzzwole|Roost|p1a: Buzzwole\n|-heal|p1a: Buzzwole|100\/100\n|-singleturn|p1a: Buzzwole|move: Roost\n|\n|upkeep\n|turn|12\n|\n|t:|1656023236\n|switch|p1a: Hippowdon|Hippowdon, M|100\/100\n|move|p2a: Zapdos|Volt Switch|p1a: Hippowdon\n|-immune|p1a: Hippowdon\n|\n|upkeep\n|turn|13\n|\n|t:|1656023238\n|move|p2a: Zapdos|Hurricane|p1a: Hippowdon|[miss]\n|-miss|p2a: Zapdos|p1a: Hippowdon\n|move|p1a: Hippowdon|Stealth Rock|p2a: Zapdos\n|-sidestart|p2: jushu1|move: Stealth Rock\n|\n|upkeep\n|turn|14\n|\n|t:|1656023240\n|move|p2a: Zapdos|Hurricane|p1a: Hippowdon\n|-damage|p1a: Hippowdon|60\/100\n|move|p1a: Hippowdon|Toxic|p2a: Zapdos|[miss]\n|-miss|p1a: Hippowdon|p2a: Zapdos\n|\n|-heal|p1a: Hippowdon|66\/100|[from] item: Leftovers\n|upkeep\n|turn|15\n|\n|t:|1656023242\n|move|p2a: Zapdos|Hurricane|p1a: Hippowdon\n|-damage|p1a: Hippowdon|20\/100\n|move|p1a: Hippowdon|Slack Off|p1a: Hippowdon\n|-heal|p1a: Hippowdon|70\/100\n|\n|-heal|p1a: Hippowdon|77\/100|[from] item: Leftovers\n|upkeep\n|turn|16\n|\n|t:|1656023245\n|move|p2a: Zapdos|Hurricane|p1a: Hippowdon\n|-damage|p1a: Hippowdon|35\/100\n|move|p1a: Hippowdon|Slack Off|p1a: Hippowdon\n|-heal|p1a: Hippowdon|85\/100\n|\n|-heal|p1a: Hippowdon|91\/100|[from] item: Leftovers\n|upkeep\n|turn|17\n|\n|t:|1656023251\n|move|p2a: Zapdos|Hurricane|p1a: Hippowdon|[miss]\n|-miss|p2a: Zapdos|p1a: Hippowdon\n|move|p1a: Hippowdon|Toxic|p2a: Zapdos\n|-status|p2a: Zapdos|tox\n|\n|-heal|p1a: Hippowdon|97\/100|[from] item: Leftovers\n|-damage|p2a: Zapdos|94\/100 tox|[from] psn\n|upkeep\n|turn|18\n|\n|t:|1656023253\n|switch|p2a: Landorus|Landorus-Therian, M|86\/100\n|-damage|p2a: Landorus|74\/100|[from] Stealth Rock\n|-ability|p2a: Landorus|Intimidate|boost\n|-unboost|p1a: Hippowdon|atk|1\n|move|p1a: Hippowdon|Slack Off|p1a: Hippowdon\n|-heal|p1a: Hippowdon|100\/100\n|\n|-heal|p2a: Landorus|80\/100|[from] item: Leftovers\n|upkeep\n|turn|19\n|\n|t:|1656023257\n|switch|p1a: Xatu|Xatu, M|100\/100\n|move|p2a: Landorus|Defog|p1a: Xatu\n|move|p1a: Xatu|Defog|p2a: Landorus|[from]ability: Magic Bounce\n|-unboost|p2a: Landorus|evasion|1\n|-sideend|p2: jushu1|Stealth Rock|[from] move: Defog|[of] p1a: Xatu\n|\n|-heal|p2a: Landorus|86\/100|[from] item: Leftovers\n|upkeep\n|turn|20\n|\n|t:|1656023261\n|move|p1a: Xatu|Toxic|p2a: Landorus\n|-status|p2a: Landorus|tox\n|move|p2a: Landorus|U-turn|p1a: Xatu\n|-damage|p1a: Xatu|68\/100\n|\n|t:|1656023266\n|switch|p2a: Weavile|Weavile, M|100\/100|[from]move: U-turn\n|-ability|p2a: Weavile|Pressure\n|\n|-heal|p1a: Xatu|74\/100|[from] item: Leftovers\n|upkeep\n|turn|21\n|\n|t:|1656023271\n|switch|p1a: Toxapex|Toxapex, F|65\/100\n|move|p2a: Weavile|Triple Axel|p1a: Toxapex\n|-resisted|p1a: Toxapex\n|-damage|p1a: Toxapex|60\/100\n|-resisted|p1a: Toxapex\n|-damage|p1a: Toxapex|51\/100\n|-hitcount|p1a: Toxapex|2\n|\n|upkeep\n|turn|22\n|\n|t:|1656023285\n|switch|p2a: Melmetal|Melmetal|91\/100\n|move|p1a: Toxapex|Knock Off|p2a: Melmetal\n|-damage|p2a: Melmetal|85\/100\n|\n|upkeep\n|turn|23\n|\n|t:|1656023290\n|switch|p1a: Buzzwole|Buzzwole|100\/100\n|move|p2a: Melmetal|Thunder Punch|p1a: Buzzwole\n|-damage|p1a: Buzzwole|82\/100\n|\n|-heal|p1a: Buzzwole|88\/100|[from] item: Leftovers\n|upkeep\n|turn|24\n|\n|t:|1656023294\n|move|p1a: Buzzwole|Toxic|p2a: Melmetal\n|-immune|p2a: Melmetal\n|move|p2a: Melmetal|Double Iron Bash|p1a: Buzzwole\n|-damage|p1a: Buzzwole|66\/100\n|-damage|p1a: Buzzwole|45\/100\n|-hitcount|p1a: Buzzwole|2\n|\n|-heal|p1a: Buzzwole|51\/100|[from] item: Leftovers\n|upkeep\n|turn|25\n|\n|t:|1656023297\n|move|p1a: Buzzwole|Roost|p1a: Buzzwole\n|-heal|p1a: Buzzwole|100\/100\n|-singleturn|p1a: Buzzwole|move: Roost\n|move|p2a: Melmetal|Double Iron Bash|p1a: Buzzwole\n|-damage|p1a: Buzzwole|80\/100\n|-crit|p1a: Buzzwole\n|-damage|p1a: Buzzwole|47\/100\n|-hitcount|p1a: Buzzwole|2\n|\n|-heal|p1a: Buzzwole|53\/100|[from] item: Leftovers\n|upkeep\n|turn|26\n|\n|t:|1656023299\n|move|p1a: Buzzwole|Roost|p1a: Buzzwole\n|-heal|p1a: Buzzwole|100\/100\n|-singleturn|p1a: Buzzwole|move: Roost\n|move|p2a: Melmetal|Thunder Punch|p1a: Buzzwole\n|-damage|p1a: Buzzwole|83\/100\n|\n|-heal|p1a: Buzzwole|89\/100|[from] item: Leftovers\n|upkeep\n|turn|27\n|\n|t:|1656023304\n|move|p1a: Buzzwole|Ice Punch|p2a: Melmetal\n|-resisted|p2a: Melmetal\n|-damage|p2a: Melmetal|78\/100\n|move|p2a: Melmetal|Thunder Punch|p1a: Buzzwole\n|-damage|p1a: Buzzwole|70\/100\n|\n|-heal|p1a: Buzzwole|76\/100|[from] item: Leftovers\n|upkeep\n|turn|28\n|\n|t:|1656023309\n|switch|p2a: Zapdos|Zapdos|94\/100 tox\n|move|p1a: Buzzwole|Drain Punch|p2a: Zapdos\n|-resisted|p2a: Zapdos\n|-damage|p2a: Zapdos|72\/100 tox\n|-heal|p1a: Buzzwole|84\/100|[from] drain|[of] p2a: Zapdos\n|\n|-heal|p1a: Buzzwole|91\/100|[from] item: Leftovers\n|-damage|p2a: Zapdos|66\/100 tox|[from] psn\n|upkeep\n|turn|29\n|\n|t:|1656023314\n|switch|p2a: Volcanion|Volcanion|100\/100\n|switch|p1a: Hippowdon|Hippowdon, M|100\/100\n|\n|upkeep\n|turn|30\n|\n|t:|1656023317\n|switch|p1a: Chansey|Chansey, F|92\/100\n|move|p2a: Volcanion|Steam Eruption|p1a: Chansey\n|-damage|p1a: Chansey|61\/100\n|\n|upkeep\n|turn|31\n|\n|t:|1656023321\n|switch|p2a: Weavile|Weavile, M|100\/100\n|-ability|p2a: Weavile|Pressure\n|move|p1a: Chansey|Soft-Boiled|p1a: Chansey\n|-heal|p1a: Chansey|100\/100\n|\n|upkeep\n|turn|32\n|\n|t:|1656023324\n|switch|p1a: Toxapex|Toxapex, F|85\/100\n|move|p2a: Weavile|Beat Up|p1a: Toxapex\n|-damage|p1a: Toxapex|77\/100\n|-damage|p1a: Toxapex|67\/100\n|-damage|p1a: Toxapex|58\/100\n|-damage|p1a: Toxapex|50\/100\n|-hitcount|p1a: Toxapex|4\n|\n|upkeep\n|turn|33\n|\n|t:|1656023328\n|switch|p1a: Buzzwole|Buzzwole|91\/100\n|move|p2a: Weavile|Beat Up|p1a: Buzzwole\n|-resisted|p1a: Buzzwole\n|-damage|p1a: Buzzwole|88\/100\n|-resisted|p1a: Buzzwole\n|-damage|p1a: Buzzwole|84\/100\n|-resisted|p1a: Buzzwole\n|-damage|p1a: Buzzwole|80\/100\n|-resisted|p1a: Buzzwole\n|-damage|p1a: Buzzwole|78\/100\n|-hitcount|p1a: Buzzwole|4\n|\n|-heal|p1a: Buzzwole|84\/100|[from] item: Leftovers\n|upkeep\n|turn|34\n|\n|t:|1656023333\n|switch|p2a: Volcanion|Volcanion|100\/100\n|move|p1a: Buzzwole|Ice Punch|p2a: Volcanion\n|-resisted|p2a: Volcanion\n|-damage|p2a: Volcanion|95\/100\n|-status|p2a: Volcanion|frz\n|\n|-heal|p1a: Buzzwole|90\/100|[from] item: Leftovers\n|upkeep\n|turn|35\n|\n|t:|1656023339\n|switch|p2a: Landorus|Landorus-Therian, M|86\/100 tox\n|-ability|p2a: Landorus|Intimidate|boost\n|-unboost|p1a: Buzzwole|atk|1\n|switch|p1a: Chansey|Chansey, F|100\/100\n|\n|-heal|p2a: Landorus|92\/100 tox|[from] item: Leftovers\n|-damage|p2a: Landorus|86\/100 tox|[from] psn\n|upkeep\n|turn|36\n|\n|t:|1656023342\n|switch|p1a: Xatu|Xatu, M|74\/100\n|move|p2a: Landorus|Stealth Rock|p1a: Xatu\n|move|p1a: Xatu|Stealth Rock|p2a: Landorus|[from]ability: Magic Bounce\n|-sidestart|p2: jushu1|move: Stealth Rock\n|\n|-heal|p1a: Xatu|80\/100|[from] item: Leftovers\n|-heal|p2a: Landorus|92\/100 tox|[from] item: Leftovers\n|-damage|p2a: Landorus|80\/100 tox|[from] psn\n|upkeep\n|turn|37\n|\n|t:|1656023345\n|move|p1a: Xatu|Night Shade|p2a: Landorus\n|-damage|p2a: Landorus|54\/100 tox\n|move|p2a: Landorus|Defog|p1a: Xatu\n|move|p1a: Xatu|Defog|p2a: Landorus|[from]ability: Magic Bounce\n|-unboost|p2a: Landorus|evasion|1\n|-sideend|p2: jushu1|Stealth Rock|[from] move: Defog|[of] p1a: Xatu\n|\n|-heal|p1a: Xatu|86\/100|[from] item: Leftovers\n|-heal|p2a: Landorus|60\/100 tox|[from] item: Leftovers\n|-damage|p2a: Landorus|42\/100 tox|[from] psn\n|upkeep\n|turn|38\n|\n|t:|1656023350\n|move|p1a: Xatu|Night Shade|p2a: Landorus\n|-damage|p2a: Landorus|15\/100 tox\n|move|p2a: Landorus|U-turn|p1a: Xatu\n|-damage|p1a: Xatu|53\/100\n|\n|t:|1656023352\n|switch|p2a: Weavile|Weavile, M|100\/100|[from]move: U-turn\n|-ability|p2a: Weavile|Pressure\n|\n|-heal|p1a: Xatu|59\/100|[from] item: Leftovers\n|upkeep\n|turn|39\n|\n|t:|1656023355\n|switch|p2a: Volcanion|Volcanion|95\/100 frz\n|switch|p1a: Toxapex|Toxapex, F|84\/100\n|\n|upkeep\n|turn|40\n|\n|t:|1656023358\n|switch|p1a: Chansey|Chansey, F|100\/100\n|cant|p2a: Volcanion|frz\n|\n|upkeep\n|turn|41\n|\n|t:|1656023360\n|-curestatus|p2a: Volcanion|frz|[from] move: Steam Eruption\n|move|p2a: Volcanion|Steam Eruption|p1a: Chansey\n|-damage|p1a: Chansey|73\/100\n|-status|p1a: Chansey|brn\n|move|p1a: Chansey|Seismic Toss|p2a: Volcanion\n|-damage|p2a: Volcanion|62\/100\n|\n|-damage|p1a: Chansey|67\/100 brn|[from] brn\n|upkeep\n|turn|42\n|\n|t:|1656023363\n|move|p2a: Volcanion|Steam Eruption|p1a: Chansey\n|-damage|p1a: Chansey|37\/100 brn\n|move|p1a: Chansey|Soft-Boiled|p1a: Chansey\n|-heal|p1a: Chansey|87\/100 brn\n|\n|-damage|p1a: Chansey|81\/100 brn|[from] brn\n|upkeep\n|turn|43\n|\n|t:|1656023365\n|switch|p2a: Weavile|Weavile, M|100\/100\n|-ability|p2a: Weavile|Pressure\n|move|p1a: Chansey|Soft-Boiled|p1a: Chansey\n|-heal|p1a: Chansey|100\/100 brn\n|\n|-damage|p1a: Chansey|94\/100 brn|[from] brn\n|upkeep\n|turn|44\n|\n|t:|1656023371\n|-curestatus|p1a: Chansey|brn|[from] ability: Natural Cure\n|switch|p1a: Toxapex|Toxapex, F|100\/100\n|move|p2a: Weavile|Knock Off|p1a: Toxapex\n|-damage|p1a: Toxapex|74\/100\n|\n|upkeep\n|turn|45\n|\n|t:|1656023376\n|switch|p2a: Volcanion|Volcanion|62\/100\n|move|p1a: Toxapex|Knock Off|p2a: Volcanion\n|-damage|p2a: Volcanion|47\/100\n|-enditem|p2a: Volcanion|Choice Specs|[from] move: Knock Off|[of] p1a: Toxapex\n|\n|upkeep\n|turn|46\n|\n|t:|1656023379\n|switch|p1a: Chansey|Chansey, F|94\/100\n|move|p2a: Volcanion|Steam Eruption|p1a: Chansey\n|-damage|p1a: Chansey|74\/100\n|\n|upkeep\n|turn|47\n|\n|t:|1656023381\n|move|p2a: Volcanion|Earth Power|p1a: Chansey\n|-damage|p1a: Chansey|64\/100\n|move|p1a: Chansey|Soft-Boiled|p1a: Chansey\n|-heal|p1a: Chansey|100\/100\n|\n|upkeep\n|turn|48\n|\n|t:|1656023383\n|move|p2a: Volcanion|Earth Power|p1a: Chansey\n|-damage|p1a: Chansey|89\/100\n|move|p1a: Chansey|Seismic Toss|p2a: Volcanion\n|-damage|p2a: Volcanion|14\/100\n|\n|upkeep\n|turn|49\n|\n|t:|1656023385\n|switch|p2a: Melmetal|Melmetal|78\/100\n|move|p1a: Chansey|Seismic Toss|p2a: Melmetal\n|-damage|p2a: Melmetal|54\/100\n|\n|upkeep\n|turn|50\n|\n|t:|1656023388\n|switch|p1a: Buzzwole|Buzzwole|90\/100\n|move|p2a: Melmetal|Thunder Punch|p1a: Buzzwole\n|-damage|p1a: Buzzwole|72\/100\n|\n|-heal|p1a: Buzzwole|78\/100|[from] item: Leftovers\n|upkeep\n|turn|51\n|\n|t:|1656023391\n|move|p1a: Buzzwole|Drain Punch|p2a: Melmetal\n|-supereffective|p2a: Melmetal\n|-damage|p2a: Melmetal|9\/100\n|-heal|p1a: Buzzwole|100\/100|[from] drain|[of] p2a: Melmetal\n|move|p2a: Melmetal|Thunder Punch|p1a: Buzzwole\n|-damage|p1a: Buzzwole|82\/100\n|-status|p1a: Buzzwole|par\n|\n|-heal|p1a: Buzzwole|88\/100 par|[from] item: Leftovers\n|upkeep\n|turn|52\n|\n|t:|1656023397\n|move|p2a: Melmetal|Double Iron Bash|p1a: Buzzwole\n|-damage|p1a: Buzzwole|66\/100 par\n|-damage|p1a: Buzzwole|43\/100 par\n|-hitcount|p1a: Buzzwole|2\n|cant|p1a: Buzzwole|flinch\n|\n|-heal|p1a: Buzzwole|49\/100 par|[from] item: Leftovers\n|upkeep\n|turn|53\n|j| May Too\n|\n|t:|1656023404\n|switch|p1a: Toxapex|Toxapex, F|100\/100\n|move|p2a: Melmetal|Double Iron Bash|p1a: Toxapex\n|-resisted|p1a: Toxapex\n|-damage|p1a: Toxapex|88\/100\n|-resisted|p1a: Toxapex\n|-damage|p1a: Toxapex|75\/100\n|-hitcount|p1a: Toxapex|2\n|\n|upkeep\n|turn|54\n|\n|t:|1656023408\n|move|p2a: Melmetal|Thunder Punch|p1a: Toxapex\n|-supereffective|p1a: Toxapex\n|-crit|p1a: Toxapex\n|-damage|p1a: Toxapex|6\/100\n|move|p1a: Toxapex|Knock Off|p2a: Melmetal\n|-damage|p2a: Melmetal|3\/100\n|\n|upkeep\n|turn|55\n|\n|t:|1656023413\n|switch|p1a: Corviknight|Corviknight, F|100\/100\n|-ability|p1a: Corviknight|Pressure\n|move|p2a: Melmetal|Double Iron Bash|p1a: Corviknight\n|-resisted|p1a: Corviknight\n|-damage|p1a: Corviknight|86\/100\n|-resisted|p1a: Corviknight\n|-damage|p1a: Corviknight|72\/100\n|-hitcount|p1a: Corviknight|2\n|\n|upkeep\n|turn|56\n|\n|t:|1656023418\n|move|p1a: Corviknight|Iron Defense|p1a: Corviknight\n|-boost|p1a: Corviknight|def|2\n|move|p2a: Melmetal|Thunder Punch|p1a: Corviknight\n|-supereffective|p1a: Corviknight\n|-crit|p1a: Corviknight\n|-damage|p1a: Corviknight|1\/100\n|\n|upkeep\n|turn|57\n|\n|t:|1656023423\n|move|p1a: Corviknight|Roost|p1a: Corviknight\n|-heal|p1a: Corviknight|51\/100\n|-singleturn|p1a: Corviknight|move: Roost\n|move|p2a: Melmetal|Thunder Punch|p1a: Corviknight\n|-damage|p1a: Corviknight|39\/100\n|\n|upkeep\n|turn|58\n|\n|t:|1656023425\n|move|p1a: Corviknight|Roost|p1a: Corviknight\n|-heal|p1a: Corviknight|89\/100\n|-singleturn|p1a: Corviknight|move: Roost\n|move|p2a: Melmetal|Superpower|p1a: Corviknight\n|-supereffective|p1a: Corviknight\n|-damage|p1a: Corviknight|60\/100\n|-unboost|p2a: Melmetal|atk|1\n|-unboost|p2a: Melmetal|def|1\n|\n|upkeep\n|turn|59\n|\n|t:|1656023428\n|switch|p2a: Volcanion|Volcanion|14\/100\n|move|p1a: Corviknight|Roost|p1a: Corviknight\n|-heal|p1a: Corviknight|100\/100\n|-singleturn|p1a: Corviknight|move: Roost\n|\n|upkeep\n|turn|60\n|\n|t:|1656023432\n|switch|p1a: Chansey|Chansey, F|89\/100\n|move|p2a: Volcanion|Flamethrower|p1a: Chansey\n|-damage|p1a: Chansey|73\/100\n|\n|upkeep\n|turn|61\n|\n|t:|1656023438\n|switch|p2a: Melmetal|Melmetal|3\/100\n|move|p1a: Chansey|Heal Bell|p1a: Chansey\n|-activate|p1a: Chansey|move: Heal Bell\n|-curestatus|p1: Buzzwole|par|[msg]\n|\n|upkeep\n|turn|62\n|j| Calipodecarne\n|\n|t:|1656023442\n|switch|p1a: Corviknight|Corviknight, F|100\/100\n|-ability|p1a: Corviknight|Pressure\n|move|p2a: Melmetal|Thunder Punch|p1a: Corviknight\n|-supereffective|p1a: Corviknight\n|-damage|p1a: Corviknight|54\/100\n|\n|upkeep\n|turn|63\n|\n|t:|1656023445\n|move|p1a: Corviknight|Roost|p1a: Corviknight\n|-heal|p1a: Corviknight|100\/100\n|-singleturn|p1a: Corviknight|move: Roost\n|move|p2a: Melmetal|Thunder Punch|p1a: Corviknight\n|-damage|p1a: Corviknight|78\/100\n|\n|upkeep\n|turn|64\n|\n|t:|1656023448\n|move|p1a: Corviknight|Body Press|p2a: Melmetal\n|-supereffective|p2a: Melmetal\n|-damage|p2a: Melmetal|0 fnt\n|faint|p2a: Melmetal\n|\n|upkeep\n|\n|t:|1656023451\n|switch|p2a: Volcanion|Volcanion|14\/100\n|turn|65\n|\n|t:|1656023462\n|switch|p2a: Weavile|Weavile, M|100\/100\n|-ability|p2a: Weavile|Pressure\n|switch|p1a: Chansey|Chansey, F|73\/100\n|\n|upkeep\n|turn|66\n|\n|t:|1656023478\n|switch|p1a: Toxapex|Toxapex, F|39\/100\n|move|p2a: Weavile|Beat Up|p1a: Toxapex\n|-damage|p1a: Toxapex|31\/100\n|-damage|p1a: Toxapex|21\/100\n|-damage|p1a: Toxapex|13\/100\n|-hitcount|p1a: Toxapex|3\n|\n|upkeep\n|turn|67\n|\n|t:|1656023485\n|switch|p2a: Volcanion|Volcanion|14\/100\n|switch|p1a: Buzzwole|Buzzwole|49\/100\n|\n|-heal|p1a: Buzzwole|55\/100|[from] item: Leftovers\n|upkeep\n|turn|68\n|\n|t:|1656023491\n|switch|p2a: Weavile|Weavile, M|100\/100\n|-ability|p2a: Weavile|Pressure\n|switch|p1a: Chansey|Chansey, F|73\/100\n|\n|upkeep\n|turn|69\n|\n|t:|1656023504\n|switch|p1a: Toxapex|Toxapex, F|46\/100\n|move|p2a: Weavile|Triple Axel|p1a: Toxapex\n|-resisted|p1a: Toxapex\n|-damage|p1a: Toxapex|42\/100\n|-resisted|p1a: Toxapex\n|-damage|p1a: Toxapex|32\/100\n|-resisted|p1a: Toxapex\n|-damage|p1a: Toxapex|20\/100\n|-hitcount|p1a: Toxapex|3\n|\n|upkeep\n|turn|70\n|l| Calipodecarne\n|j| tapu moxo\n|j| mjknj\n|\n|t:|1656023534\n|switch|p1a: Xatu|Xatu, M|59\/100\n|move|p2a: Weavile|Triple Axel|p1a: Xatu\n|-supereffective|p1a: Xatu\n|-damage|p1a: Xatu|16\/100\n|-supereffective|p1a: Xatu\n|-damage|p1a: Xatu|0 fnt\n|faint|p1a: Xatu\n|-hitcount|p1: Xatu|2\n|\n|upkeep\n|\n|t:|1656023537\n|switch|p1a: Toxapex|Toxapex, F|53\/100\n|turn|71\n|\n|t:|1656023541\n|switch|p2a: Kartana|Kartana|100\/100\n|move|p1a: Toxapex|Recover|p1a: Toxapex\n|-heal|p1a: Toxapex|100\/100\n|\n|upkeep\n|turn|72\n|\n|t:|1656023544\n|move|p2a: Kartana|Leaf Blade|p1a: Toxapex\n|-damage|p1a: Toxapex|63\/100\n|move|p1a: Toxapex|Haze|p1a: Toxapex\n|-clearallboost\n|\n|upkeep\n|turn|73\n|\n|t:|1656023551\n|switch|p1a: Buzzwole|Buzzwole|55\/100\n|move|p2a: Kartana|Leaf Blade|p1a: Buzzwole\n|-resisted|p1a: Buzzwole\n|-damage|p1a: Buzzwole|42\/100\n|\n|-heal|p1a: Buzzwole|48\/100|[from] item: Leftovers\n|upkeep\n|turn|74\n|\n|t:|1656023555\n|switch|p2a: Volcanion|Volcanion|14\/100\n|move|p1a: Buzzwole|Roost|p1a: Buzzwole\n|-heal|p1a: Buzzwole|98\/100\n|-singleturn|p1a: Buzzwole|move: Roost\n|\n|-heal|p1a: Buzzwole|100\/100|[from] item: Leftovers\n|upkeep\n|turn|75\n|l| May Too\n|\n|t:|1656023567\n|switch|p2a: Landorus|Landorus-Therian, M|15\/100 tox\n|-ability|p2a: Landorus|Intimidate|boost\n|-unboost|p1a: Buzzwole|atk|1\n|switch|p1a: Chansey|Chansey, F|73\/100\n|\n|-heal|p2a: Landorus|21\/100 tox|[from] item: Leftovers\n|-damage|p2a: Landorus|15\/100 tox|[from] psn\n|upkeep\n|turn|76\n|\n|t:|1656023571\n|switch|p1a: Corviknight|Corviknight, F|78\/100\n|-ability|p1a: Corviknight|Pressure\n|move|p2a: Landorus|Stealth Rock|p1a: Corviknight\n|-sidestart|p1: Highv0ltag3|move: Stealth Rock\n|\n|-heal|p2a: Landorus|21\/100 tox|[from] item: Leftovers\n|-damage|p2a: Landorus|9\/100 tox|[from] psn\n|upkeep\n|turn|77\n|j| Volkerr\n|\n|t:|1656023574\n|switch|p2a: Volcanion|Volcanion|14\/100\n|move|p1a: Corviknight|Defog|p2a: Volcanion\n|-unboost|p2a: Volcanion|evasion|1\n|-sideend|p1: Highv0ltag3|Stealth Rock|[from] move: Defog|[of] p1a: Corviknight\n|\n|upkeep\n|turn|78\n|\n|t:|1656023582\n|switch|p2a: Weavile|Weavile, M|100\/100\n|-ability|p2a: Weavile|Pressure\n|switch|p1a: Chansey|Chansey, F|73\/100\n|\n|upkeep\n|turn|79\n|j| poiuytr445\n|\n|t:|1656023589\n|switch|p1a: Toxapex|Toxapex, F|96\/100\n|move|p2a: Weavile|Beat Up|p1a: Toxapex\n|-damage|p1a: Toxapex|88\/100\n|-damage|p1a: Toxapex|80\/100\n|-damage|p1a: Toxapex|68\/100\n|-hitcount|p1a: Toxapex|3\n|\n|upkeep\n|turn|80\n|\n|t:|1656023593\n|switch|p1a: Buzzwole|Buzzwole|100\/100\n|move|p2a: Weavile|Beat Up|p1a: Buzzwole\n|-resisted|p1a: Buzzwole\n|-crit|p1a: Buzzwole\n|-damage|p1a: Buzzwole|96\/100\n|-resisted|p1a: Buzzwole\n|-damage|p1a: Buzzwole|93\/100\n|-resisted|p1a: Buzzwole\n|-damage|p1a: Buzzwole|88\/100\n|-hitcount|p1a: Buzzwole|3\n|\n|-heal|p1a: Buzzwole|95\/100|[from] item: Leftovers\n|upkeep\n|turn|81\n|\n|t:|1656023597\n|switch|p2a: Landorus|Landorus-Therian, M|9\/100 tox\n|-ability|p2a: Landorus|Intimidate|boost\n|-unboost|p1a: Buzzwole|atk|1\n|move|p1a: Buzzwole|Ice Punch|p2a: Landorus\n|-supereffective|p2a: Landorus\n|-crit|p2a: Landorus\n|-damage|p2a: Landorus|0 fnt\n|faint|p2a: Landorus\n|-ability|p1a: Buzzwole|Beast Boost|boost\n|-boost|p1a: Buzzwole|def|1\n|\n|-heal|p1a: Buzzwole|100\/100|[from] item: Leftovers\n|upkeep\n|\n|t:|1656023605\n|switch|p2a: Zapdos|Zapdos|66\/100 tox\n|turn|82\n|\n|t:|1656023608\n|switch|p2a: Kartana|Kartana|100\/100\n|switch|p1a: Hippowdon|Hippowdon, M|100\/100\n|\n|upkeep\n|turn|83\n|\n|t:|1656023617\n|switch|p1a: Buzzwole|Buzzwole|100\/100\n|move|p2a: Kartana|Knock Off|p1a: Buzzwole\n|-resisted|p1a: Buzzwole\n|-damage|p1a: Buzzwole|90\/100\n|-enditem|p1a: Buzzwole|Leftovers|[from] move: Knock Off|[of] p2a: Kartana\n|\n|upkeep\n|turn|84\n|\n|t:|1656023623\n|switch|p2a: Zapdos|Zapdos|66\/100 tox\n|move|p1a: Buzzwole|Ice Punch|p2a: Zapdos\n|-supereffective|p2a: Zapdos\n|-damage|p2a: Zapdos|6\/100 tox\n|\n|-damage|p2a: Zapdos|0 fnt|[from] psn\n|faint|p2a: Zapdos\n|upkeep\n|\n|t:|1656023626\n|switch|p2a: Volcanion|Volcanion|14\/100\n|turn|85\n|l| mjknj\n|\n|t:|1656023630\n|switch|p2a: Weavile|Weavile, M|100\/100\n|-ability|p2a: Weavile|Pressure\n|switch|p1a: Chansey|Chansey, F|73\/100\n|\n|upkeep\n|turn|86\n|\n|t:|1656023632\n|switch|p1a: Toxapex|Toxapex, F|100\/100\n|move|p2a: Weavile|Triple Axel|p1a: Toxapex\n|-resisted|p1a: Toxapex\n|-damage|p1a: Toxapex|96\/100\n|-resisted|p1a: Toxapex\n|-damage|p1a: Toxapex|87\/100\n|-resisted|p1a: Toxapex\n|-damage|p1a: Toxapex|73\/100\n|-hitcount|p1a: Toxapex|3\n|\n|upkeep\n|turn|87\n|\n|t:|1656023636\n|move|p2a: Weavile|Triple Axel|p1a: Toxapex\n|-resisted|p1a: Toxapex\n|-damage|p1a: Toxapex|68\/100\n|-resisted|p1a: Toxapex\n|-crit|p1a: Toxapex\n|-damage|p1a: Toxapex|53\/100\n|-hitcount|p1a: Toxapex|2\n|move|p1a: Toxapex|Knock Off|p2a: Weavile\n|-resisted|p2a: Weavile\n|-damage|p2a: Weavile|87\/100\n|-enditem|p2a: Weavile|Choice Band|[from] move: Knock Off|[of] p1a: Toxapex\n|\n|upkeep\n|turn|88\n|\n|t:|1656023640\n|move|p2a: Weavile|Beat Up|p1a: Toxapex\n|-damage|p1a: Toxapex|49\/100\n|-damage|p1a: Toxapex|44\/100\n|-damage|p1a: Toxapex|37\/100\n|-hitcount|p1a: Toxapex|3\n|move|p1a: Toxapex|Recover|p1a: Toxapex\n|-heal|p1a: Toxapex|87\/100\n|\n|upkeep\n|turn|89\n|-message|jushu1 forfeited.\n|\n|win|Highv0ltag3\n|raw|Highv0ltag3's rating: 1839 &rarr; <strong>1859<\/strong><br \/>(+20 for winning)\n|raw|jushu1's rating: 1836 &rarr; <strong>1816<\/strong><br \/>(-20 for losing)\n|l|\u2606jushu1\n||Ladder isn't responding, score probably updated but might not have (Request timeout).\n","uploadtime":1656023646,"views":77,"p1id":"highv0ltag3","p2id":"jushu1","formatid":"gen8ou","rating":1816,"private":0,"password":null}