{"id":"gen8ou-1622938769","p1":"Jakerocks73","p2":"bizarman","format":"gen8ou","log":"|j|\u2606Jakerocks73\n|j|\u2606bizarman\n|t:|1658509517\n|gametype|singles\n|player|p1|Jakerocks73|pokekid|1743\n|player|p2|bizarman|scientist-gen4|1749\n|teamsize|p1|6\n|teamsize|p2|6\n|gen|8\n|tier|[Gen 8] OU\n|rated|\n|rule|Sleep Clause Mod: Limit one foe put to sleep\n|rule|Species Clause: Limit one of each Pok\u00e9mon\n|rule|OHKO Clause: OHKO moves are banned\n|rule|Evasion Moves Clause: Evasion moves are banned\n|rule|Endless Battle Clause: Forcing endless battles is banned\n|rule|HP Percentage Mod: HP is shown in percentages\n|rule|Dynamax Clause: You cannot dynamax\n|clearpoke\n|poke|p1|Mandibuzz, F|\n|poke|p1|Terrakion|\n|poke|p1|Nidoking, M|\n|poke|p1|Dragapult, F|\n|poke|p1|Gengar, F|\n|poke|p1|Volcanion|\n|poke|p2|Moltres-Galar|\n|poke|p2|Slowbro, M|\n|poke|p2|Melmetal|\n|poke|p2|Tapu Koko|\n|poke|p2|Urshifu-*, F|\n|poke|p2|Landorus-Therian, M|\n|teampreview\n|inactive|Battle timer is ON: inactive players will automatically lose when time's up. (requested by Jakerocks73)\n|\n|t:|1658509528\n|start\n|switch|p1a: Nidoking|Nidoking, M|100\/100\n|switch|p2a: Urshifu|Urshifu-Rapid-Strike, F|100\/100\n|turn|1\n|\n|t:|1658509533\n|switch|p1a: Mandibuzz|Mandibuzz, F, shiny|100\/100\n|move|p2a: Urshifu|Surging Strikes|p1a: Mandibuzz\n|-crit|p1a: Mandibuzz\n|-damage|p1a: Mandibuzz|82\/100\n|-damage|p2a: Urshifu|84\/100|[from] item: Rocky Helmet|[of] p1a: Mandibuzz\n|-crit|p1a: Mandibuzz\n|-damage|p1a: Mandibuzz|64\/100\n|-damage|p2a: Urshifu|68\/100|[from] item: Rocky Helmet|[of] p1a: Mandibuzz\n|-crit|p1a: Mandibuzz\n|-damage|p1a: Mandibuzz|46\/100\n|-damage|p2a: Urshifu|51\/100|[from] item: Rocky Helmet|[of] p1a: Mandibuzz\n|-hitcount|p1a: Mandibuzz|3\n|\n|upkeep\n|turn|2\n|\n|t:|1658509547\n|switch|p2a: Tapu Koko|Tapu Koko|100\/100\n|-fieldstart|move: Electric Terrain|[from] ability: Electric Surge|[of] p2a: Tapu Koko\n|move|p1a: Mandibuzz|Roost|p1a: Mandibuzz\n|-heal|p1a: Mandibuzz|96\/100\n|-singleturn|p1a: Mandibuzz|move: Roost\n|\n|upkeep\n|turn|3\n|\n|t:|1658509554\n|switch|p1a: Nidoking|Nidoking, M|100\/100\n|move|p2a: Tapu Koko|U-turn|p1a: Nidoking\n|-resisted|p1a: Nidoking\n|-damage|p1a: Nidoking|90\/100\n|\n|t:|1658509560\n|switch|p2a: Urshifu|Urshifu-Rapid-Strike, F|51\/100|[from]move: U-turn\n|\n|upkeep\n|turn|4\n|\n|t:|1658509568\n|move|p2a: Urshifu|Close Combat|p1a: Nidoking\n|-resisted|p1a: Nidoking\n|-damage|p1a: Nidoking|27\/100\n|-unboost|p2a: Urshifu|def|1\n|-unboost|p2a: Urshifu|spd|1\n|move|p1a: Nidoking|Earth Power|p2a: Urshifu\n|-damage|p2a: Urshifu|0 fnt\n|faint|p2a: Urshifu\n|\n|upkeep\n|\n|t:|1658509580\n|switch|p2a: Moltres|Moltres-Galar|100\/100\n|turn|5\n|\n|t:|1658509590\n|move|p2a: Moltres|Agility|p2a: Moltres\n|-boost|p2a: Moltres|spe|2\n|move|p1a: Nidoking|Ice Beam|p2a: Moltres\n|-supereffective|p2a: Moltres\n|-crit|p2a: Moltres\n|-damage|p2a: Moltres|18\/100\n|\n|upkeep\n|turn|6\n|j| 9905ILF\n|\n|t:|1658509607\n|move|p2a: Moltres|Fiery Wrath|p1a: Nidoking\n|-damage|p1a: Nidoking|0 fnt\n|faint|p1a: Nidoking\n|\n|-fieldend|move: Electric Terrain\n|upkeep\n|\n|t:|1658509615\n|switch|p1a: Volcanion|Volcanion|100\/100\n|turn|7\n|c|\u2606bizarman|why berserk didnt proc\n|j| 50 at max\n|c|\u2606Jakerocks73|sheer force\n|c|\u2606Jakerocks73|i think\n|\n|t:|1658509635\n|move|p2a: Moltres|Fiery Wrath|p1a: Volcanion\n|-damage|p1a: Volcanion|75\/100\n|move|p1a: Volcanion|Sludge Bomb|p2a: Moltres\n|-damage|p2a: Moltres|0 fnt\n|faint|p2a: Moltres\n|\n|upkeep\n|c|\u2606bizarman|wth\n|c|\u2606Jakerocks73|sheer force is kinda weird so\n|l| 50 at max\n|c|\u2606bizarman|it should not work that way\n|inactive|bizarman has 120 seconds left.\n|\n|t:|1658509660\n|switch|p2a: Tapu Koko|Tapu Koko|100\/100\n|-fieldstart|move: Electric Terrain|[from] ability: Electric Surge|[of] p2a: Tapu Koko\n|turn|8\n|c|\u2606Jakerocks73|sheer force disables like eject button so\n|\n|t:|1658509668\n|move|p2a: Tapu Koko|Thunderbolt|p1a: Volcanion\n|-supereffective|p1a: Volcanion\n|-damage|p1a: Volcanion|8\/100\n|move|p1a: Volcanion|Steam Eruption|p2a: Tapu Koko\n|-damage|p2a: Tapu Koko|11\/100\n|\n|upkeep\n|turn|9\n|\n|t:|1658509675\n|move|p2a: Tapu Koko|Thunderbolt|p1a: Volcanion\n|-supereffective|p1a: Volcanion\n|-damage|p1a: Volcanion|0 fnt\n|faint|p1a: Volcanion\n|\n|upkeep\n|\n|t:|1658509676\n|switch|p1a: Gengar|Gengar, F|100\/100\n|turn|10\n|\n|t:|1658509683\n|switch|p2a: Melmetal|Melmetal|100\/100\n|move|p1a: Gengar|Shadow Ball|p2a: Melmetal\n|-damage|p2a: Melmetal|78\/100\n|-unboost|p2a: Melmetal|spd|1\n|\n|upkeep\n|turn|11\n|\n|t:|1658509689\n|switch|p1a: Mandibuzz|Mandibuzz, F, shiny|96\/100\n|move|p2a: Melmetal|Double Iron Bash|p1a: Mandibuzz\n|-damage|p1a: Mandibuzz|76\/100\n|-damage|p2a: Melmetal|62\/100|[from] item: Rocky Helmet|[of] p1a: Mandibuzz\n|-damage|p1a: Mandibuzz|53\/100\n|-damage|p2a: Melmetal|45\/100|[from] item: Rocky Helmet|[of] p1a: Mandibuzz\n|-hitcount|p1a: Mandibuzz|2\n|\n|upkeep\n|turn|12\n|\n|t:|1658509697\n|move|p1a: Mandibuzz|Foul Play|p2a: Melmetal\n|-damage|p2a: Melmetal|16\/100\n|move|p2a: Melmetal|Thunder Punch|p1a: Mandibuzz\n|-supereffective|p1a: Mandibuzz\n|-damage|p1a: Mandibuzz|10\/100\n|-damage|p2a: Melmetal|0 fnt|[from] item: Rocky Helmet|[of] p1a: Mandibuzz\n|faint|p2a: Melmetal\n|\n|-fieldend|move: Electric Terrain\n|upkeep\n|j| GoldenStateIdiots\n|\n|t:|1658509706\n|switch|p2a: Tapu Koko|Tapu Koko|11\/100\n|-fieldstart|move: Electric Terrain|[from] ability: Electric Surge|[of] p2a: Tapu Koko\n|turn|13\n|\n|t:|1658509718\n|move|p2a: Tapu Koko|Roost|p2a: Tapu Koko\n|-heal|p2a: Tapu Koko|61\/100\n|-singleturn|p2a: Tapu Koko|move: Roost\n|move|p1a: Mandibuzz|Foul Play|p2a: Tapu Koko\n|-resisted|p2a: Tapu Koko\n|-damage|p2a: Tapu Koko|40\/100\n|\n|upkeep\n|turn|14\n|j| tapu moxo\n|\n|t:|1658509725\n|move|p2a: Tapu Koko|Roost|p2a: Tapu Koko\n|-heal|p2a: Tapu Koko|90\/100\n|-singleturn|p2a: Tapu Koko|move: Roost\n|move|p1a: Mandibuzz|Toxic|p2a: Tapu Koko\n|-status|p2a: Tapu Koko|tox\n|\n|-damage|p2a: Tapu Koko|84\/100 tox|[from] psn\n|upkeep\n|turn|15\n|\n|t:|1658509732\n|move|p2a: Tapu Koko|Thunderbolt|p1a: Mandibuzz\n|-supereffective|p1a: Mandibuzz\n|-damage|p1a: Mandibuzz|0 fnt\n|faint|p1a: Mandibuzz\n|\n|-damage|p2a: Tapu Koko|72\/100 tox|[from] psn\n|upkeep\n|\n|t:|1658509736\n|switch|p1a: Gengar|Gengar, F|100\/100\n|turn|16\n|j| D Great Dane\n|l| D Great Dane\n|\n|t:|1658509748\n|switch|p2a: Landorus|Landorus-Therian, M|100\/100\n|-ability|p2a: Landorus|Intimidate|boost\n|-unboost|p1a: Gengar|atk|1\n|move|p1a: Gengar|Shadow Ball|p2a: Landorus\n|-damage|p2a: Landorus|68\/100\n|\n|-heal|p2a: Landorus|74\/100|[from] item: Leftovers\n|upkeep\n|turn|17\n|\n|t:|1658509757\n|move|p1a: Gengar|Shadow Ball|p2a: Landorus\n|-damage|p2a: Landorus|40\/100\n|-unboost|p2a: Landorus|spd|1\n|move|p2a: Landorus|Earthquake|p1a: Gengar\n|-supereffective|p1a: Gengar\n|-damage|p1a: Gengar|0 fnt\n|-start|p2a: Landorus|Disable|Earthquake|[from] ability: Cursed Body|[of] p1a: Gengar\n|faint|p1a: Gengar\n|\n|-heal|p2a: Landorus|46\/100|[from] item: Leftovers\n|-fieldend|move: Electric Terrain\n|upkeep\n|\n|t:|1658509763\n|switch|p1a: Dragapult|Dragapult, F|100\/100\n|turn|18\n|\n|t:|1658509785\n|switch|p2a: Slowbro|Slowbro, M|100\/100\n|move|p1a: Dragapult|Dragon Dance|p1a: Dragapult\n|-boost|p1a: Dragapult|atk|1\n|-boost|p1a: Dragapult|spe|1\n|\n|upkeep\n|turn|19\n|l| 9905ILF\n|\n|t:|1658509794\n|move|p1a: Dragapult|Phantom Force||[still]\n|-prepare|p1a: Dragapult|Phantom Force\n|move|p2a: Slowbro|Future Sight|p1a: Dragapult\n|-start|p2a: Slowbro|move: Future Sight\n|\n|upkeep\n|turn|20\n|\n|t:|1658509797\n|move|p1a: Dragapult|Phantom Force|p2a: Slowbro|[from]lockedmove\n|-supereffective|p2a: Slowbro\n|-crit|p2a: Slowbro\n|-damage|p2a: Slowbro|0 fnt\n|-damage|p1a: Dragapult|84\/100|[from] item: Rocky Helmet|[of] p2a: Slowbro\n|faint|p2a: Slowbro\n|-damage|p1a: Dragapult|74\/100|[from] item: Life Orb\n|\n|upkeep\n|c|\u2606bizarman|TT\n|\n|t:|1658509814\n|switch|p2a: Landorus|Landorus-Therian, M|46\/100\n|-ability|p2a: Landorus|Intimidate|boost\n|-fail|p1a: Dragapult|unboost|[from] ability: Clear Body|[of] p1a: Dragapult\n|turn|21\n|\n|t:|1658509824\n|switch|p2a: Tapu Koko|Tapu Koko|72\/100 tox\n|-fieldstart|move: Electric Terrain|[from] ability: Electric Surge|[of] p2a: Tapu Koko\n|move|p1a: Dragapult|Phantom Force||[still]|[miss]\n|-prepare|p1a: Dragapult|Phantom Force\n|\n|-end|p1a: Dragapult|move: Future Sight\n|-miss|p2: Slowbro|p1a: Dragapult\n|-damage|p2a: Tapu Koko|66\/100 tox|[from] psn\n|upkeep\n|turn|22\n|-message|bizarman forfeited.\n|\n|win|Jakerocks73\n|raw|Jakerocks73's rating: 1743 &rarr; <strong>1763<\/strong><br \/>(+20 for winning)\n|raw|bizarman's rating: 1749 &rarr; <strong>1729<\/strong><br \/>(-20 for losing)\n|l|\u2606bizarman\n|l|\u2606Jakerocks73\n|j| 2x4is8Skin\n","uploadtime":1658509853,"views":30,"p1id":"jakerocks73","p2id":"bizarman","formatid":"gen8ou","rating":1729,"private":0,"password":null}