{"id":"gen8customgame-1037187953","p1":"BL Pawn","p2":"Walletinspector62","format":"gen8customgame","log":"|j|\u2606BL Pawn\n|j|\u2606Walletinspector62\n|player|p1|BL Pawn|pilot|\n|player|p2|Walletinspector62|102|\n|teamsize|p1|6\n|teamsize|p2|6\n|gametype|singles\n|gen|8\n|tier|[Gen 8] Custom Game\n|clearpoke\n|poke|p1|Cinderace, F|\n|poke|p1|Dragapult, M|\n|poke|p1|Zeraora|\n|poke|p1|Ditto|\n|poke|p1|Empoleon, M|\n|poke|p1|Grimmsnarl, M|\n|poke|p2|Tapu Koko|\n|poke|p2|Gyarados, M|\n|poke|p2|Sceptile, F|\n|poke|p2|Volcarona, M|\n|poke|p2|Landorus-Therian, M|\n|poke|p2|Metagross|\n|teampreview|24\n|c|\u2606Walletinspector62|Glhf\n|c|\u2606BL Pawn|my b\n|c|\u2606BL Pawn|glhf\n|\n|start\n|switch|p1a: Zeraora|Zeraora|317\/317\n|switch|p2a: Tapu Koko|Tapu Koko|343\/343\n|-fieldstart|move: Electric Terrain|[from] ability: Electric Surge|[of] p2a: Tapu Koko\n|turn|1\n|\n|move|p1a: Zeraora|Knock Off|p2a: Tapu Koko\n|-resisted|p2a: Tapu Koko\n|-damage|p2a: Tapu Koko|286\/343\n|-enditem|p2a: Tapu Koko|Light Clay|[from] move: Knock Off|[of] p1a: Zeraora\n|move|p2a: Tapu Koko|Reflect|p2a: Tapu Koko\n|-sidestart|p2: Walletinspector62|Reflect\n|\n|upkeep\n|turn|2\n|\n|move|p1a: Zeraora|Volt Switch|p2a: Tapu Koko\n|debug|electric terrain boost\n|-resisted|p2a: Tapu Koko\n|-damage|p2a: Tapu Koko|215\/343\n|\n|switch|p1a: Cinderace|Cinderace, F|309\/309\n|move|p2a: Tapu Koko|Light Screen|p2a: Tapu Koko\n|-sidestart|p2: Walletinspector62|move: Light Screen\n|\n|upkeep\n|turn|3\n|\n|move|p2a: Tapu Koko|U-turn|p1a: Cinderace\n|-resisted|p1a: Cinderace\n|-damage|p1a: Cinderace|271\/309\n|\n|switch|p2a: Gyarados|Gyarados, M|331\/331\n|move|p1a: Cinderace|Gunk Shot|p2a: Gyarados\n|-start|p1a: Cinderace|typechange|Poison|[from] ability: Libero\n|debug|Reflect weaken\n|-damage|p2a: Gyarados|214\/331\n|\n|-heal|p2a: Gyarados|234\/331|[from] item: Leftovers\n|upkeep\n|turn|4\n|\n|move|p1a: Cinderace|U-turn|p2a: Gyarados\n|-start|p1a: Cinderace|typechange|Bug|[from] ability: Libero\n|-resisted|p2a: Gyarados\n|debug|Reflect weaken\n|-damage|p2a: Gyarados|201\/331\n|\n|switch|p1a: Empoleon|Empoleon, M|372\/372\n|move|p2a: Gyarados|Dragon Dance|p2a: Gyarados\n|-boost|p2a: Gyarados|atk|1\n|-boost|p2a: Gyarados|spe|1\n|\n|-heal|p2a: Gyarados|221\/331|[from] item: Leftovers\n|upkeep\n|turn|5\n|\n|move|p2a: Gyarados|Earthquake|p1a: Empoleon\n|-supereffective|p1a: Empoleon\n|-damage|p1a: Empoleon|44\/372\n|move|p1a: Empoleon|Hidden Power|p2a: Gyarados\n|debug|electric terrain boost\n|-supereffective|p2a: Gyarados\n|debug|Light Screen weaken\n|-damage|p2a: Gyarados|81\/331\n|\n|-heal|p2a: Gyarados|101\/331|[from] item: Leftovers\n|-heal|p1a: Empoleon|67\/372|[from] item: Leftovers\n|-sideend|p2: Walletinspector62|Reflect\n|-fieldend|move: Electric Terrain\n|upkeep\n|turn|6\n|\n|switch|p1a: Grimmsnarl|Grimmsnarl, M|394\/394\n|-start|p2a: Gyarados|Dynamax\n|-heal|p2a: Gyarados|202\/662|[silent]\n|move|p2a: Gyarados|Max Airstream|p1a: Grimmsnarl\n|-damage|p1a: Grimmsnarl|0 fnt\n|-boost|p2a: Gyarados|spe|1\n|faint|p1a: Grimmsnarl\n|-ability|p2a: Gyarados|Moxie|boost\n|-boost|p2a: Gyarados|atk|1\n|\n|-heal|p2a: Gyarados|222\/662|[from] item: Leftovers\n|-sideend|p2: Walletinspector62|move: Light Screen\n|upkeep\n|\n|switch|p1a: Ditto|Ditto|299\/299\n|-transform|p1a: Ditto|p2a: Gyarados|[from] ability: Imposter\n|turn|7\n|\n|-start|p1a: Ditto|Dynamax\n|-heal|p1a: Ditto|598\/598|[silent]\n|move|p1a: Ditto|Max Airstream|p2a: Gyarados\n|-damage|p2a: Gyarados|0 fnt\n|-boost|p1a: Ditto|spe|1\n|faint|p2a: Gyarados\n|-ability|p1a: Ditto|Moxie|boost\n|-boost|p1a: Ditto|atk|1\n|\n|upkeep\n|\n|switch|p2a: Landorus|Landorus-Therian, M|319\/319\n|-ability|p2a: Landorus|Intimidate|boost\n|-unboost|p1a: Ditto|atk|1\n|turn|8\n|\n|switch|p2a: Sceptile|Sceptile, F|281\/281\n|move|p1a: Ditto|Max Geyser|p2a: Sceptile\n|-resisted|p2a: Sceptile\n|-damage|p2a: Sceptile|0 fnt\n|-weather|RainDance\n|faint|p2a: Sceptile\n|-ability|p1a: Ditto|Moxie|boost\n|-boost|p1a: Ditto|atk|1\n|\n|-weather|RainDance|[upkeep]\n|upkeep\n|\n|switch|p2a: Landorus|Landorus-Therian, M|319\/319\n|-ability|p2a: Landorus|Intimidate|boost\n|-unboost|p1a: Ditto|atk|1\n|turn|9\n|\n|switch|p2a: Tapu Koko|Tapu Koko|215\/343\n|-fieldstart|move: Electric Terrain|[from] ability: Electric Surge|[of] p2a: Tapu Koko\n|move|p1a: Ditto|Max Geyser|p2a: Tapu Koko\n|debug|rain water boost\n|-damage|p2a: Tapu Koko|0 fnt\n|faint|p2a: Tapu Koko\n|-ability|p1a: Ditto|Moxie|boost\n|-boost|p1a: Ditto|atk|1\n|\n|-weather|RainDance|[upkeep]\n|-end|p1a: Ditto|Dynamax\n|-heal|p1a: Ditto|299\/299|[silent]\n|upkeep\n|\n|switch|p2a: Landorus|Landorus-Therian, M|319\/319\n|-ability|p2a: Landorus|Intimidate|boost\n|-unboost|p1a: Ditto|atk|1\n|turn|10\n|\n|move|p1a: Ditto|Waterfall|p2a: Landorus\n|debug|rain water boost\n|-supereffective|p2a: Landorus\n|-damage|p2a: Landorus|0 fnt\n|faint|p2a: Landorus\n|-ability|p1a: Ditto|Moxie|boost\n|-boost|p1a: Ditto|atk|1\n|\n|-weather|RainDance|[upkeep]\n|upkeep\n|\n|switch|p2a: Volcarona|Volcarona, M, shiny|311\/311\n|turn|11\n|\n|move|p1a: Ditto|Waterfall|p2a: Volcarona\n|debug|rain water boost\n|-supereffective|p2a: Volcarona\n|-damage|p2a: Volcarona|0 fnt\n|faint|p2a: Volcarona\n|-ability|p1a: Ditto|Moxie|boost\n|-boost|p1a: Ditto|atk|1\n|\n|-weather|RainDance|[upkeep]\n|upkeep\n|c|\u2606BL Pawn|gg\n|\n|switch|p2a: Metagross|Metagross|364\/364\n|turn|12\n|c|\u2606Walletinspector62|Gg\n|\n|move|p2a: Metagross|Bullet Punch|p1a: Ditto\n|-resisted|p1a: Ditto\n|-damage|p1a: Ditto|250\/299\n|move|p1a: Ditto|Waterfall|p2a: Metagross\n|debug|rain water boost\n|-damage|p2a: Metagross|0 fnt\n|faint|p2a: Metagross\n|\n|win|BL Pawn\n","uploadtime":1577564367,"views":9,"p1id":"blpawn","p2id":"walletinspector62","formatid":"gen8customgame","rating":0,"private":0,"password":null}