{"id":"gen8bdspou-1469856817","p1":"Pipoune36","p2":"VirginJimmy99","format":"gen8bdspou","log":"|html|<div class=\"broadcast-blue\"><strong>[Gen 8 BDSP] OU is currently suspecting Latios! For information on how to participate check out the <a href=\"https:\/\/www.smogon.com\/forums\/threads\/np-bdsp-ou-suspect-process-round-1-mr-blue-sky.3694109\/\">suspect thread<\/a>.<\/strong><\/div>\n|j|\u2606Pipoune36\n|j|\u2606VirginJimmy99\n|t:|1639067125\n|gametype|singles\n|player|p1|Pipoune36|101|1473\n|player|p2|VirginJimmy99|rocketgrunt|1399\n|teamsize|p1|6\n|teamsize|p2|6\n|gen|8\n|tier|[Gen 8 BDSP] OU\n|rated|\n|rule|Sleep Clause Mod: Limit one foe put to sleep\n|rule|Species Clause: Limit one of each Pok\u00e9mon\n|rule|OHKO Clause: OHKO moves are banned\n|rule|Evasion Moves Clause: Evasion moves are banned\n|rule|Endless Battle Clause: Forcing endless battles is banned\n|rule|HP Percentage Mod: HP is shown in percentages\n|clearpoke\n|poke|p1|Rampardos, F|\n|poke|p1|Masquerain, F|\n|poke|p1|Garchomp, M|\n|poke|p1|Magnezone|\n|poke|p1|Scizor, F|\n|poke|p1|Breloom, M|\n|poke|p2|Armaldo, M|\n|poke|p2|Zapdos|\n|poke|p2|Kingdra, M|\n|poke|p2|Donphan, M|\n|poke|p2|Scizor, F|\n|poke|p2|Manaphy|\n|teampreview\n|\n|t:|1639067138\n|start\n|switch|p1a: Masquerain|Masquerain, F|100\/100\n|switch|p2a: Zapdos|Zapdos|100\/100\n|-ability|p1a: Masquerain|Intimidate|boost\n|-unboost|p2a: Zapdos|atk|1\n|turn|1\n|j| cha00s\n|\n|t:|1639067159\n|move|p1a: Masquerain|Sticky Web|p2a: Zapdos\n|-sidestart|p2: VirginJimmy99|move: Sticky Web\n|move|p2a: Zapdos|Rain Dance|p2a: Zapdos\n|-weather|RainDance\n|\n|-weather|RainDance|[upkeep]\n|upkeep\n|turn|2\n|\n|t:|1639067163\n|move|p1a: Masquerain|U-turn|p2a: Zapdos\n|-resisted|p2a: Zapdos\n|-damage|p2a: Zapdos|95\/100\n|-status|p1a: Masquerain|par|[from] ability: Static|[of] p2a: Zapdos\n|\n|t:|1639067173\n|switch|p1a: Garchomp|Garchomp, M|100\/100|[from]move: U-turn\n|move|p2a: Zapdos|Volt Switch|p1a: Garchomp\n|-immune|p1a: Garchomp\n|\n|-weather|RainDance|[upkeep]\n|upkeep\n|turn|3\n|\n|t:|1639067187\n|switch|p2a: Donphan|Donphan, M|100\/100\n|-activate|p2a: Donphan|move: Sticky Web\n|-unboost|p2a: Donphan|spe|1\n|move|p1a: Garchomp|Swords Dance|p1a: Garchomp\n|-boost|p1a: Garchomp|atk|2\n|\n|-weather|RainDance|[upkeep]\n|upkeep\n|turn|4\n|\n|t:|1639067194\n|move|p1a: Garchomp|Earthquake|p2a: Donphan\n|-damage|p2a: Donphan|42\/100\n|move|p2a: Donphan|Stealth Rock|p1a: Garchomp\n|-sidestart|p1: Pipoune36|move: Stealth Rock\n|\n|-weather|RainDance|[upkeep]\n|-heal|p2a: Donphan|49\/100|[from] item: Leftovers\n|upkeep\n|turn|5\n|\n|t:|1639067207\n|move|p2a: Donphan|Ice Shard|p1a: Garchomp\n|-supereffective|p1a: Garchomp\n|-damage|p1a: Garchomp|60\/100\n|move|p1a: Garchomp|Outrage|p2a: Donphan\n|-damage|p2a: Donphan|0 fnt\n|faint|p2a: Donphan\n|\n|-weather|RainDance|[upkeep]\n|-heal|p1a: Garchomp|66\/100|[from] item: Leftovers\n|upkeep\n|\n|t:|1639067209\n|switch|p2a: Kingdra|Kingdra, M|100\/100\n|-activate|p2a: Kingdra|move: Sticky Web\n|-unboost|p2a: Kingdra|spe|1\n|turn|6\n|\n|t:|1639067238\n|move|p2a: Kingdra|Surf|p1a: Garchomp\n|-damage|p1a: Garchomp|0 fnt\n|faint|p1a: Garchomp\n|\n|-weather|RainDance|[upkeep]\n|upkeep\n|\n|t:|1639067244\n|switch|p1a: Breloom|Breloom, M|100\/100\n|-damage|p1a: Breloom|94\/100|[from] Stealth Rock\n|turn|7\n|\n|t:|1639067252\n|switch|p2a: Scizor|Scizor, F|100\/100\n|-activate|p2a: Scizor|move: Sticky Web\n|-unboost|p2a: Scizor|spe|1\n|move|p1a: Breloom|Spore|p2a: Scizor\n|-status|p2a: Scizor|slp|[from] move: Spore\n|\n|-weather|RainDance|[upkeep]\n|upkeep\n|turn|8\n|\n|t:|1639067261\n|switch|p1a: Magnezone|Magnezone|100\/100\n|-damage|p1a: Magnezone|94\/100|[from] Stealth Rock\n|switch|p2a: Zapdos|Zapdos|95\/100\n|\n|-weather|none\n|-heal|p1a: Magnezone|100\/100|[from] item: Leftovers\n|upkeep\n|turn|9\n|\n|t:|1639067270\n|move|p2a: Zapdos|Rain Dance|p2a: Zapdos\n|-weather|RainDance\n|move|p1a: Magnezone|Substitute|p1a: Magnezone\n|-start|p1a: Magnezone|Substitute\n|-damage|p1a: Magnezone|76\/100\n|\n|-weather|RainDance|[upkeep]\n|-heal|p1a: Magnezone|82\/100|[from] item: Leftovers\n|upkeep\n|turn|10\n|\n|t:|1639067276\n|move|p2a: Zapdos|Volt Switch|p1a: Magnezone\n|-resisted|p1a: Magnezone\n|-activate|p1a: Magnezone|move: Substitute|[damage]\n|\n|t:|1639067278\n|switch|p2a: Armaldo|Armaldo, M|100\/100|[from]move: Volt Switch\n|-activate|p2a: Armaldo|move: Sticky Web\n|-unboost|p2a: Armaldo|spe|1\n|move|p1a: Magnezone|Thunderbolt|p2a: Armaldo\n|-damage|p2a: Armaldo|33\/100\n|\n|-weather|RainDance|[upkeep]\n|-heal|p1a: Magnezone|88\/100|[from] item: Leftovers\n|upkeep\n|turn|11\n|\n|t:|1639067287\n|move|p2a: Armaldo|Earthquake|p1a: Magnezone\n|-supereffective|p1a: Magnezone\n|-end|p1a: Magnezone|Substitute\n|-damage|p2a: Armaldo|23\/100|[from] item: Life Orb\n|move|p1a: Magnezone|Thunderbolt|p2a: Armaldo\n|-damage|p2a: Armaldo|0 fnt\n|faint|p2a: Armaldo\n|\n|-weather|RainDance|[upkeep]\n|-heal|p1a: Magnezone|94\/100|[from] item: Leftovers\n|upkeep\n|l| cha00s\n|\n|t:|1639067293\n|switch|p2a: Kingdra|Kingdra, M|100\/100\n|-activate|p2a: Kingdra|move: Sticky Web\n|-unboost|p2a: Kingdra|spe|1\n|turn|12\n|\n|t:|1639067301\n|switch|p1a: Masquerain|Masquerain, F|100\/100 par\n|-damage|p1a: Masquerain|50\/100 par|[from] Stealth Rock\n|-ability|p1a: Masquerain|Intimidate|boost\n|-unboost|p2a: Kingdra|atk|1\n|move|p2a: Kingdra|Surf|p1a: Masquerain\n|-damage|p1a: Masquerain|0 fnt\n|faint|p1a: Masquerain\n|\n|-weather|RainDance|[upkeep]\n|upkeep\n|\n|t:|1639067312\n|switch|p1a: Breloom|Breloom, M|94\/100\n|-damage|p1a: Breloom|88\/100|[from] Stealth Rock\n|turn|13\n|\n|t:|1639067339\n|switch|p2a: Zapdos|Zapdos|95\/100\n|move|p1a: Breloom|Bullet Seed|p2a: Zapdos\n|-resisted|p2a: Zapdos\n|-damage|p2a: Zapdos|86\/100\n|-resisted|p2a: Zapdos\n|-damage|p2a: Zapdos|76\/100\n|-resisted|p2a: Zapdos\n|-damage|p2a: Zapdos|67\/100\n|-hitcount|p2a: Zapdos|3\n|-damage|p1a: Breloom|78\/100|[from] item: Life Orb\n|\n|-weather|RainDance|[upkeep]\n|upkeep\n|turn|14\n|\n|t:|1639067363\n|move|p2a: Zapdos|Volt Switch|p1a: Breloom\n|-resisted|p1a: Breloom\n|-damage|p1a: Breloom|48\/100\n|\n|t:|1639067370\n|switch|p2a: Manaphy|Manaphy|100\/100|[from]move: Volt Switch\n|-activate|p2a: Manaphy|move: Sticky Web\n|-unboost|p2a: Manaphy|spe|1\n|move|p1a: Breloom|Swords Dance|p1a: Breloom\n|-boost|p1a: Breloom|atk|2\n|\n|-weather|RainDance|[upkeep]\n|upkeep\n|turn|15\n|\n|t:|1639067377\n|move|p1a: Breloom|Bullet Seed|p2a: Manaphy\n|-supereffective|p2a: Manaphy\n|-damage|p2a: Manaphy|0 fnt\n|faint|p2a: Manaphy\n|-hitcount|p2: Manaphy|1\n|-damage|p1a: Breloom|38\/100|[from] item: Life Orb\n|\n|-weather|RainDance|[upkeep]\n|upkeep\n|\n|t:|1639067384\n|switch|p2a: Zapdos|Zapdos|67\/100\n|turn|16\n|\n|t:|1639067393\n|move|p1a: Breloom|Mach Punch|p2a: Zapdos\n|-resisted|p2a: Zapdos\n|-damage|p2a: Zapdos|34\/100\n|-damage|p1a: Breloom|28\/100|[from] item: Life Orb\n|move|p2a: Zapdos|Roost|p2a: Zapdos\n|-heal|p2a: Zapdos|84\/100\n|-singleturn|p2a: Zapdos|move: Roost\n|\n|-weather|none\n|upkeep\n|turn|17\n|\n|t:|1639067413\n|move|p2a: Zapdos|Rain Dance|p2a: Zapdos\n|-weather|RainDance\n|move|p1a: Breloom|Bullet Seed|p2a: Zapdos\n|-resisted|p2a: Zapdos\n|-damage|p2a: Zapdos|65\/100\n|-resisted|p2a: Zapdos\n|-damage|p2a: Zapdos|45\/100\n|-resisted|p2a: Zapdos\n|-crit|p2a: Zapdos\n|-damage|p2a: Zapdos|17\/100\n|-resisted|p2a: Zapdos\n|-crit|p2a: Zapdos\n|-damage|p2a: Zapdos|0 fnt\n|faint|p2a: Zapdos\n|-hitcount|p2: Zapdos|4\n|-damage|p1a: Breloom|19\/100|[from] item: Life Orb\n|\n|-weather|RainDance|[upkeep]\n|upkeep\n|\n|t:|1639067427\n|switch|p2a: Kingdra|Kingdra, M|100\/100\n|-activate|p2a: Kingdra|move: Sticky Web\n|-unboost|p2a: Kingdra|spe|1\n|turn|18\n|\n|t:|1639067432\n|switch|p2a: Scizor|Scizor, F|100\/100 slp\n|-activate|p2a: Scizor|move: Sticky Web\n|-unboost|p2a: Scizor|spe|1\n|move|p1a: Breloom|Mach Punch|p2a: Scizor\n|-damage|p2a: Scizor|23\/100 slp\n|-damage|p1a: Breloom|9\/100|[from] item: Life Orb\n|\n|-weather|RainDance|[upkeep]\n|-heal|p2a: Scizor|30\/100 slp|[from] item: Leftovers\n|upkeep\n|turn|19\n|\n|t:|1639067442\n|move|p1a: Breloom|Spore|p2a: Scizor\n|-fail|p2a: Scizor|slp\n|cant|p2a: Scizor|slp\n|\n|-weather|RainDance|[upkeep]\n|-heal|p2a: Scizor|36\/100 slp|[from] item: Leftovers\n|upkeep\n|turn|20\n|\n|t:|1639067450\n|move|p1a: Breloom|Spore|p2a: Scizor\n|-fail|p2a: Scizor|slp\n|-curestatus|p2a: Scizor|slp|[msg]\n|move|p2a: Scizor|U-turn|p1a: Breloom\n|-damage|p1a: Breloom|0 fnt\n|faint|p1a: Breloom\n|\n|t:|1639067452\n|switch|p2a: Kingdra|Kingdra, M|100\/100|[from]move: U-turn\n|-activate|p2a: Kingdra|move: Sticky Web\n|-unboost|p2a: Kingdra|spe|1\n|\n|-weather|RainDance|[upkeep]\n|upkeep\n|\n|t:|1639067468\n|switch|p1a: Magnezone|Magnezone|94\/100\n|-damage|p1a: Magnezone|88\/100|[from] Stealth Rock\n|turn|21\n|\n|t:|1639067472\n|move|p2a: Kingdra|Surf|p1a: Magnezone\n|-damage|p1a: Magnezone|0 fnt\n|faint|p1a: Magnezone\n|\n|-weather|RainDance|[upkeep]\n|upkeep\n|\n|t:|1639067477\n|switch|p1a: Scizor|Scizor, F|100\/100\n|-damage|p1a: Scizor|88\/100|[from] Stealth Rock\n|turn|22\n|\n|t:|1639067481\n|move|p2a: Kingdra|Surf|p1a: Scizor\n|-crit|p1a: Scizor\n|-damage|p1a: Scizor|0 fnt\n|faint|p1a: Scizor\n|\n|-weather|RainDance|[upkeep]\n|upkeep\n|c|\u2606Pipoune36|oof\n|c|\u2606Pipoune36|that crit\n|c|\u2606Pipoune36|SpeDef zor\n|c|\u2606Pipoune36|252\/252 calm\n|\n|t:|1639067499\n|switch|p1a: Rampardos|Rampardos, F|100\/100\n|-damage|p1a: Rampardos|88\/100|[from] Stealth Rock\n|turn|23\n|\n|t:|1639067507\n|move|p2a: Kingdra|Surf|p1a: Rampardos\n|-supereffective|p1a: Rampardos\n|-crit|p1a: Rampardos\n|-damage|p1a: Rampardos|0 fnt\n|faint|p1a: Rampardos\n|\n|win|VirginJimmy99\n|raw|Pipoune36's rating: 1473 &rarr; <strong>1449<\/strong><br \/>(-24 for losing)\n|raw|VirginJimmy99's rating: 1399 &rarr; <strong>1423<\/strong><br \/>(+24 for winning)\n|l|\u2606Pipoune36\n||Ladder isn't responding, score probably updated but might not have (Request timeout).\n","uploadtime":1639067518,"views":10,"p1id":"pipoune36","p2id":"virginjimmy99","formatid":"gen8bdspou","rating":1423,"private":0,"password":null}