{"id":"gen8nationaldexag-1676727935","p1":"Rediyu","p2":"Racer2022","format":"gen8nationaldexag","log":"|j|\u2606Rediyu\n|j|\u2606Racer2022\n|t:|1664819774\n|gametype|singles\n|player|p1|Rediyu|guitarist|\n|player|p2|Racer2022|colress|\n|teamsize|p1|6\n|teamsize|p2|6\n|gen|8\n|tier|[Gen 8] National Dex AG\n|rule|HP Percentage Mod: HP is shown in percentages\n|rule|Endless Battle Clause: Forcing endless battles is banned\n|clearpoke\n|poke|p1|Registeel|\n|poke|p1|Mesprit|\n|poke|p1|Raichu, F|\n|poke|p1|Sylveon, F|\n|poke|p1|Donphan, M|\n|poke|p1|Silvally-*|\n|poke|p2|Kingdra, M|\n|poke|p2|Zarude|\n|poke|p2|Flareon, M|\n|poke|p2|Corviknight, M|\n|poke|p2|Zapdos-Galar|\n|poke|p2|Porygon2|\n|teampreview\n|c|\u2606Rediyu|gl hf\n|c|\u2606Racer2022|gl hf\n|\n|t:|1664819816\n|start\n|switch|p1a: Ground Dumbo|Donphan, M|100\/100\n|switch|p2a: keine Gefahr|Kingdra, M, shiny|100\/100\n|turn|1\n|\n|t:|1664819823\n|move|p2a: keine Gefahr|Hydro Pump|p1a: Ground Dumbo\n|-supereffective|p1a: Ground Dumbo\n|-ability|p1a: Ground Dumbo|Sturdy\n|-damage|p1a: Ground Dumbo|1\/100\n|move|p1a: Ground Dumbo|Stealth Rock|p2a: keine Gefahr\n|-sidestart|p2: Racer2022|move: Stealth Rock\n|\n|upkeep\n|turn|2\n|-enditem|p1a: Ground Dumbo|Custap Berry|[eat]\n|-activate|p1a: Ground Dumbo|item: Custap Berry|[consumed]\n|\n|t:|1664819831\n|move|p1a: Ground Dumbo|Endeavor|p2a: keine Gefahr\n|-damage|p2a: keine Gefahr|1\/100\n|move|p2a: keine Gefahr|Hydro Pump|p1a: Ground Dumbo\n|-supereffective|p1a: Ground Dumbo\n|-damage|p1a: Ground Dumbo|0 fnt\n|faint|p1a: Ground Dumbo\n|\n|upkeep\n|\n|t:|1664819842\n|switch|p1a: Eletric Mouse|Raichu, F|100\/100\n|turn|3\n|\n|t:|1664819847\n|move|p1a: Eletric Mouse|Thunderbolt|p2a: keine Gefahr\n|-damage|p2a: keine Gefahr|0 fnt\n|faint|p2a: keine Gefahr\n|\n|upkeep\n|\n|t:|1664819859\n|switch|p2a: Ungewinnbar|Zapdos-Galar, shiny|100\/100\n|-damage|p2a: Ungewinnbar|88\/100|[from] Stealth Rock\n|turn|4\n|\n|t:|1664819887\n|switch|p1a: Psychic Elfe|Mesprit|100\/100\n|move|p2a: Ungewinnbar|Close Combat|p1a: Psychic Elfe\n|-resisted|p1a: Psychic Elfe\n|-damage|p1a: Psychic Elfe|67\/100\n|-unboost|p2a: Ungewinnbar|def|1\n|-unboost|p2a: Ungewinnbar|spd|1\n|\n|upkeep\n|turn|5\n|\n|t:|1664819910\n|switch|p2a: keine Lust|Corviknight, M, shiny|100\/100\n|-ability|p2a: keine Lust|Pressure\n|move|p1a: Psychic Elfe|Nasty Plot|p1a: Psychic Elfe\n|-boost|p1a: Psychic Elfe|spa|2\n|\n|upkeep\n|turn|6\n|\n|t:|1664819917\n|move|p1a: Psychic Elfe|Thunderbolt|p2a: keine Lust\n|-supereffective|p2a: keine Lust\n|-damage|p2a: keine Lust|25\/100\n|move|p2a: keine Lust|Defog|p1a: Psychic Elfe\n|-unboost|p1a: Psychic Elfe|evasion|1\n|-sideend|p2: Racer2022|Stealth Rock|[from] move: Defog|[of] p2a: keine Lust\n|\n|upkeep\n|turn|7\n|\n|t:|1664819929\n|move|p1a: Psychic Elfe|Psychic|p2a: keine Lust\n|-resisted|p2a: keine Lust\n|-damage|p2a: keine Lust|0 fnt\n|faint|p2a: keine Lust\n|\n|upkeep\n|\n|t:|1664819944\n|switch|p2a: I am a looser|Porygon2, shiny|100\/100\n|turn|8\n|\n|t:|1664819952\n|move|p1a: Psychic Elfe|Psychic|p2a: I am a looser\n|-damage|p2a: I am a looser|47\/100\n|move|p2a: I am a looser|Shadow Ball|p1a: Psychic Elfe\n|-supereffective|p1a: Psychic Elfe\n|-damage|p1a: Psychic Elfe|0 fnt\n|faint|p1a: Psychic Elfe\n|\n|upkeep\n|\n|t:|1664819991\n|switch|p1a: Steel Regi|Registeel|100\/100\n|turn|9\n|\n|t:|1664820004\n|move|p2a: I am a looser|Recover|p2a: I am a looser\n|-heal|p2a: I am a looser|98\/100\n|move|p1a: Steel Regi|Iron Defense|p1a: Steel Regi\n|-boost|p1a: Steel Regi|def|2\n|\n|upkeep\n|turn|10\n|\n|t:|1664820010\n|move|p2a: I am a looser|Shadow Ball|p1a: Steel Regi\n|-damage|p1a: Steel Regi|87\/100\n|move|p1a: Steel Regi|Iron Defense|p1a: Steel Regi\n|-boost|p1a: Steel Regi|def|2\n|\n|upkeep\n|turn|11\n|\n|t:|1664820018\n|switch|p2a: Nutzlos|Flareon, M, shiny|100\/100\n|move|p1a: Steel Regi|Iron Defense|p1a: Steel Regi\n|-boost|p1a: Steel Regi|def|2\n|\n|upkeep\n|turn|12\n|\n|t:|1664820028\n|move|p2a: Nutzlos|Flamethrower|p1a: Steel Regi\n|-supereffective|p1a: Steel Regi\n|-damage|p1a: Steel Regi|57\/100\n|move|p1a: Steel Regi|Body Press|p2a: Nutzlos\n|-damage|p2a: Nutzlos|0 fnt\n|faint|p2a: Nutzlos\n|\n|upkeep\n|\n|t:|1664820037\n|switch|p2a: Ungewinnbar|Zapdos-Galar, shiny|88\/100\n|turn|13\n|\n|t:|1664820040\n|move|p2a: Ungewinnbar|Close Combat|p1a: Steel Regi\n|-supereffective|p1a: Steel Regi\n|-damage|p1a: Steel Regi|34\/100\n|-unboost|p2a: Ungewinnbar|def|1\n|-unboost|p2a: Ungewinnbar|spd|1\n|move|p1a: Steel Regi|Rest|p1a: Steel Regi\n|-status|p1a: Steel Regi|slp|[from] move: Rest\n|-heal|p1a: Steel Regi|100\/100 slp|[silent]\n|-enditem|p1a: Steel Regi|Chesto Berry|[eat]\n|-curestatus|p1a: Steel Regi|slp|[msg]\n|\n|upkeep\n|turn|14\n|\n|t:|1664820052\n|move|p2a: Ungewinnbar|Close Combat|p1a: Steel Regi\n|-supereffective|p1a: Steel Regi\n|-damage|p1a: Steel Regi|80\/100\n|-unboost|p2a: Ungewinnbar|def|1\n|-unboost|p2a: Ungewinnbar|spd|1\n|move|p1a: Steel Regi|Body Press|p2a: Ungewinnbar\n|-resisted|p2a: Ungewinnbar\n|-damage|p2a: Ungewinnbar|0 fnt\n|faint|p2a: Ungewinnbar\n|\n|upkeep\n|\n|t:|1664820077\n|switch|p2a: I am a looser|Porygon2, shiny|98\/100\n|turn|15\n|\n|t:|1664820089\n|move|p2a: I am a looser|Recover|p2a: I am a looser\n|-heal|p2a: I am a looser|100\/100\n|move|p1a: Steel Regi|Body Press|p2a: I am a looser\n|-supereffective|p2a: I am a looser\n|-damage|p2a: I am a looser|0 fnt\n|faint|p2a: I am a looser\n|\n|upkeep\n|\n|t:|1664820095\n|switch|p2a: Ohnezahn|Zarude|100\/100\n|turn|16\n|\n|t:|1664820106\n|move|p2a: Ohnezahn|Darkest Lariat|p1a: Steel Regi\n|-damage|p1a: Steel Regi|51\/100\n|move|p1a: Steel Regi|Body Press|p2a: Ohnezahn\n|-supereffective|p2a: Ohnezahn\n|-damage|p2a: Ohnezahn|0 fnt\n|faint|p2a: Ohnezahn\n|\n|win|Rediyu\n|c|\u2606Rediyu|gg\n|c|\u2606Racer2022|will nochmal for fun\n","uploadtime":1664820120,"views":10,"p1id":"rediyu","p2id":"racer2022","formatid":"gen8nationaldexag","rating":0,"private":0,"password":null}