{"id":"gen8ou-1184255659","p1":"xskelly34","p2":"AgAzumarill","format":"gen8ou","log":"|j|\u2606xskelly34\n|j|\u2606AgAzumarill\n|t:|1599701379\n|player|p1|xskelly34|cyclist|1736\n|player|p2|AgAzumarill|wally|1656\n|teamsize|p1|6\n|teamsize|p2|6\n|gametype|singles\n|gen|8\n|tier|[Gen 8] OU\n|rated|\n|clearpoke\n|poke|p1|Coalossal, M|\n|poke|p1|Rillaboom, F|\n|poke|p1|Primarina, M|\n|poke|p1|Volcarona, F|\n|poke|p1|Jirachi|\n|poke|p1|Urshifu-*, F|\n|poke|p2|Urshifu-*, F|\n|poke|p2|Rillaboom, F|\n|poke|p2|Lycanroc-Dusk, M|\n|poke|p2|Hawlucha, F|\n|poke|p2|Toxtricity, M|\n|poke|p2|Alakazam, F|\n|rule|Sleep Clause Mod: Limit one foe put to sleep\n|rule|Species Clause: Limit one of each Pok\u00e9mon\n|rule|OHKO Clause: OHKO moves are banned\n|rule|Evasion Moves Clause: Evasion moves are banned\n|rule|Endless Battle Clause: Forcing endless battles is banned\n|rule|HP Percentage Mod: HP is shown in percentages\n|rule|Dynamax Clause: You cannot dynamax\n|teampreview\n|inactive|Battle timer is ON: inactive players will automatically lose when time's up. (requested by AgAzumarill)\n|\n|t:|1599701404\n|start\n|switch|p1a: Rillaboom|Rillaboom, F|100\/100\n|switch|p2a: Lycanroc|Lycanroc-Dusk, M|100\/100\n|-fieldstart|move: Grassy Terrain|[from] ability: Grassy Surge|[of] p1a: Rillaboom\n|turn|1\n|\n|t:|1599701427\n|move|p1a: Rillaboom|Grassy Glide|p2a: Lycanroc\n|-supereffective|p2a: Lycanroc\n|-enditem|p2a: Lycanroc|Focus Sash\n|-damage|p2a: Lycanroc|1\/100\n|-damage|p1a: Rillaboom|91\/100|[from] item: Life Orb\n|move|p2a: Lycanroc|Endeavor|p1a: Rillaboom\n|-damage|p1a: Rillaboom|1\/100\n|\n|-heal|p2a: Lycanroc|7\/100|[from] Grassy Terrain\n|-heal|p1a: Rillaboom|7\/100|[from] Grassy Terrain\n|upkeep\n|turn|2\n|\n|t:|1599701438\n|move|p2a: Lycanroc|Accelerock|p1a: Rillaboom\n|-damage|p1a: Rillaboom|0 fnt\n|faint|p1a: Rillaboom\n|\n|-heal|p2a: Lycanroc|13\/100|[from] Grassy Terrain\n|upkeep\n|j| mentalsoft\n|\n|t:|1599701448\n|switch|p1a: Primarina|Primarina, M|100\/100\n|turn|3\n|\n|t:|1599701453\n|move|p2a: Lycanroc|Stealth Rock|p1a: Primarina\n|-sidestart|p1: xskelly34|move: Stealth Rock\n|move|p1a: Primarina|Scald|p2a: Lycanroc\n|-supereffective|p2a: Lycanroc\n|-damage|p2a: Lycanroc|0 fnt\n|faint|p2a: Lycanroc\n|\n|upkeep\n|\n|t:|1599701460\n|switch|p2a: Toxtricity|Toxtricity, M|100\/100\n|turn|4\n|j| I quit the game\n|\n|t:|1599701480\n|switch|p1a: Jirachi|Jirachi|100\/100\n|-damage|p1a: Jirachi|94\/100|[from] Stealth Rock\n|move|p2a: Toxtricity|Overdrive|p1a: Jirachi\n|-damage|p1a: Jirachi|28\/100\n|-damage|p2a: Toxtricity|91\/100|[from] item: Life Orb\n|\n|-heal|p1a: Jirachi|34\/100|[from] Grassy Terrain\n|-heal|p2a: Toxtricity|97\/100|[from] Grassy Terrain\n|upkeep\n|turn|5\n|\n|t:|1599701490\n|switch|p2a: Urshifu|Urshifu, F|100\/100\n|move|p1a: Jirachi|Psychic|p2a: Urshifu\n|-immune|p2a: Urshifu\n|\n|-heal|p1a: Jirachi|40\/100|[from] Grassy Terrain\n|-fieldend|move: Grassy Terrain\n|upkeep\n|turn|6\n|\n|t:|1599701505\n|switch|p1a: Primarina|Primarina, M|100\/100\n|-damage|p1a: Primarina|88\/100|[from] Stealth Rock\n|move|p2a: Urshifu|Bulk Up|p2a: Urshifu\n|-boost|p2a: Urshifu|atk|1\n|-boost|p2a: Urshifu|def|1\n|\n|-heal|p1a: Primarina|94\/100|[from] item: Leftovers\n|upkeep\n|turn|7\n|\n|t:|1599701513\n|move|p2a: Urshifu|Poison Jab|p1a: Primarina\n|-supereffective|p1a: Primarina\n|-damage|p1a: Primarina|1\/100\n|-damage|p2a: Urshifu|91\/100|[from] item: Life Orb\n|move|p1a: Primarina|Draining Kiss|p2a: Urshifu\n|-supereffective|p2a: Urshifu\n|-damage|p2a: Urshifu|0 fnt\n|-heal|p1a: Primarina|64\/100|[from] drain|[of] p2a: Urshifu\n|faint|p2a: Urshifu\n|\n|-heal|p1a: Primarina|70\/100|[from] item: Leftovers\n|upkeep\n|j| Zxirus\n|\n|t:|1599701525\n|switch|p2a: Toxtricity|Toxtricity, M|97\/100\n|turn|8\n|\n|t:|1599701529\n|move|p2a: Toxtricity|Overdrive|p1a: Primarina\n|-supereffective|p1a: Primarina\n|-damage|p1a: Primarina|0 fnt\n|-damage|p2a: Toxtricity|87\/100|[from] item: Life Orb\n|faint|p1a: Primarina\n|\n|upkeep\n|\n|t:|1599701531\n|switch|p1a: Jirachi|Jirachi|40\/100\n|-damage|p1a: Jirachi|34\/100|[from] Stealth Rock\n|turn|9\n|\n|t:|1599701540\n|switch|p2a: Alakazam|Alakazam, F|100\/100\n|move|p1a: Jirachi|Psychic|p2a: Alakazam\n|-resisted|p2a: Alakazam\n|-damage|p2a: Alakazam|72\/100\n|\n|upkeep\n|turn|10\n|c| I quit the game|zxirus how has the team stealing gone?\n|l| Zxirus\n|\n|t:|1599701551\n|switch|p1a: Coalossal|Coalossal, M|100\/100\n|move|p2a: Alakazam|Shadow Ball|p1a: Coalossal\n|-damage|p1a: Coalossal|74\/100\n|\n|upkeep\n|turn|11\n|j| Zxirus\n|j| jbjbjbbbnnjiop\n|l| Zxirus\n|\n|t:|1599701559\n|move|p2a: Alakazam|Nasty Plot|p2a: Alakazam\n|-boost|p2a: Alakazam|spa|2\n|move|p1a: Coalossal|Rock Blast|p2a: Alakazam\n|-damage|p2a: Alakazam|53\/100\n|-damage|p2a: Alakazam|34\/100\n|-damage|p2a: Alakazam|15\/100\n|-hitcount|p2a: Alakazam|3\n|\n|upkeep\n|turn|12\n|\n|t:|1599701567\n|move|p2a: Alakazam|Psychic|p1a: Coalossal\n|-damage|p1a: Coalossal|0 fnt\n|faint|p1a: Coalossal\n|\n|upkeep\n|j| MeteorNate\n|\n|t:|1599701571\n|switch|p1a: Urshifu|Urshifu, F|100\/100\n|-damage|p1a: Urshifu|94\/100|[from] Stealth Rock\n|turn|13\n|\n|t:|1599701575\n|move|p1a: Urshifu|Sucker Punch|p2a: Alakazam\n|-supereffective|p2a: Alakazam\n|-damage|p2a: Alakazam|0 fnt\n|faint|p2a: Alakazam\n|\n|upkeep\n|\n|t:|1599701581\n|switch|p2a: Rillaboom|Rillaboom, F|100\/100\n|-fieldstart|move: Grassy Terrain|[from] ability: Grassy Surge|[of] p2a: Rillaboom\n|turn|14\n|\n|t:|1599701589\n|switch|p1a: Volcarona|Volcarona, F|100\/100\n|move|p2a: Rillaboom|U-turn|p1a: Volcarona\n|-resisted|p1a: Volcarona\n|-damage|p1a: Volcarona|70\/100\n|-status|p2a: Rillaboom|brn|[from] ability: Flame Body|[of] p1a: Volcarona\n|j| taw\n|\n|t:|1599701607\n|switch|p2a: Hawlucha|Hawlucha, F|100\/100|[from]move: U-turn\n|-enditem|p2a: Hawlucha|Grassy Seed\n|-boost|p2a: Hawlucha|def|1|[from] item: Grassy Seed\n|\n|-heal|p1a: Volcarona|76\/100|[from] Grassy Terrain\n|upkeep\n|turn|15\n|\n|t:|1599701614\n|move|p2a: Hawlucha|Substitute|p2a: Hawlucha\n|-start|p2a: Hawlucha|Substitute\n|-damage|p2a: Hawlucha|76\/100\n|move|p1a: Volcarona|Psychic|p2a: Hawlucha\n|-supereffective|p2a: Hawlucha\n|-end|p2a: Hawlucha|Substitute\n|\n|-heal|p1a: Volcarona|82\/100|[from] Grassy Terrain\n|upkeep\n|turn|16\n|\n|t:|1599701621\n|move|p2a: Hawlucha|Acrobatics|p1a: Volcarona\n|-supereffective|p1a: Volcarona\n|-damage|p1a: Volcarona|0 fnt\n|faint|p1a: Volcarona\n|\n|upkeep\n|\n|t:|1599701626\n|switch|p1a: Jirachi|Jirachi|34\/100\n|-damage|p1a: Jirachi|28\/100|[from] Stealth Rock\n|turn|17\n|\n|t:|1599701631\n|move|p2a: Hawlucha|Close Combat|p1a: Jirachi\n|-damage|p1a: Jirachi|0 fnt\n|-unboost|p2a: Hawlucha|def|1\n|-unboost|p2a: Hawlucha|spd|1\n|faint|p1a: Jirachi\n|\n|upkeep\n|l| jbjbjbbbnnjiop\n|c|\u2606AgAzumarill|gg\n|j| jbjbjbbbnnjiop\n|l| jbjbjbbbnnjiop\n|\n|t:|1599701641\n|switch|p1a: Urshifu|Urshifu, F|94\/100\n|-damage|p1a: Urshifu|88\/100|[from] Stealth Rock\n|turn|18\n|\n|t:|1599701645\n|move|p1a: Urshifu|Sucker Punch|p2a: Hawlucha\n|-resisted|p2a: Hawlucha\n|-damage|p2a: Hawlucha|49\/100\n|move|p2a: Hawlucha|Acrobatics|p1a: Urshifu\n|-supereffective|p1a: Urshifu\n|-damage|p1a: Urshifu|0 fnt\n|faint|p1a: Urshifu\n|\n|win|AgAzumarill\n|l|\u2606xskelly34\n|l| mentalsoft\n|l| taw\n|raw|xskelly34's rating: 1736 &rarr; <strong>1710<\/strong><br \/>(-26 for losing)\n|raw|AgAzumarill's rating: 1629 &rarr; <strong>1655<\/strong><br \/>(+26 for winning)\n","uploadtime":1599701654,"views":9,"p1id":"xskelly34","p2id":"agazumarill","formatid":"gen8ou","rating":1655,"private":0,"password":null}