{"id":"gen8uu-1330896307","p1":"urndanger","p2":"SkipTheDripBayless","format":"gen8uu","log":"|j|\u2606urndanger\n|j|\u2606SkipTheDripBayless\n|t:|1619698342\n|gametype|singles\n|player|p1|urndanger|baker|1577\n|player|p2|SkipTheDripBayless|worker-gen4|1598\n|teamsize|p1|6\n|teamsize|p2|6\n|gen|8\n|tier|[Gen 8] UU\n|rated|\n|clearpoke\n|poke|p1|Golurk|\n|poke|p1|Primarina, M|\n|poke|p1|Salamence, M|\n|poke|p1|Zarude-Dada|\n|poke|p1|Slowbro-Galar, M|\n|poke|p1|Thundurus, M|\n|poke|p2|Tapu Bulu|\n|poke|p2|Porygon2|\n|poke|p2|Torkoal, F|\n|poke|p2|Hatterene, F|\n|poke|p2|Marowak-Alola, F|\n|poke|p2|Cresselia, F|\n|rule|Sleep Clause Mod: Limit one foe put to sleep\n|rule|Species Clause: Limit one of each Pok\u00e9mon\n|rule|OHKO Clause: OHKO moves are banned\n|rule|Evasion Moves Clause: Evasion moves are banned\n|rule|Endless Battle Clause: Forcing endless battles is banned\n|rule|HP Percentage Mod: HP is shown in percentages\n|rule|Dynamax Clause: You cannot dynamax\n|teampreview\n|c|\u2606SkipTheDripBayless|lol\n|c|\u2606SkipTheDripBayless|lol\n|c|\u2606urndanger|the odds of that\n|c|\u2606urndanger|wtf\n|c|\u2606SkipTheDripBayless|lololol\n|c|\u2606SkipTheDripBayless|u cant stop my peak\n|c|\u2606SkipTheDripBayless|buddy\n|c|\u2606urndanger|hm\n|c|\u2606SkipTheDripBayless|just know this\n|c|\u2606urndanger|u wont get 1848\n|c|\u2606urndanger|not that i wll\n|c|\u2606SkipTheDripBayless|???\n|c|\u2606urndanger|it will be pif stopping u\n|c|\u2606urndanger|not be\n|c|\u2606SkipTheDripBayless|1848\n|\n|t:|1619698384\n|start\n|switch|p1a: Thundurus|Thundurus, M|100\/100\n|switch|p2a: Tapu Bulu|Tapu Bulu|100\/100\n|-fieldstart|move: Grassy Terrain|[from] ability: Grassy Surge|[of] p2a: Tapu Bulu\n|turn|1\n|c|\u2606SkipTheDripBayless|is free\n|\n|t:|1619698392\n|move|p2a: Tapu Bulu|Wood Hammer|p1a: Thundurus\n|-resisted|p1a: Thundurus\n|-damage|p1a: Thundurus|27\/100\n|-damage|p2a: Tapu Bulu|75\/100|[from] Recoil\n|move|p1a: Thundurus|U-turn|p2a: Tapu Bulu\n|-damage|p2a: Tapu Bulu|54\/100\n|\n|t:|1619698399\n|switch|p1a: Slowbro|Slowbro-Galar, M|100\/100|[from]move: U-turn\n|\n|-heal|p2a: Tapu Bulu|60\/100|[from] Grassy Terrain\n|upkeep\n|turn|2\n|\n|t:|1619698403\n|switch|p2a: Porygon2|Porygon2|100\/100\n|-ability|p2a: Porygon2|Regenerator|[from] ability: Trace|[of] p1a: Slowbro\n|switch|p1a: Golurk|Golurk|100\/100\n|\n|upkeep\n|turn|3\n|\n|t:|1619698407\n|move|p1a: Golurk|Stealth Rock|p2a: Porygon2\n|-sidestart|p2: SkipTheDripBayless|move: Stealth Rock\n|move|p2a: Porygon2|Trick Room|p2a: Porygon2\n|-fieldstart|move: Trick Room|[of] p2a: Porygon2\n|\n|upkeep\n|turn|4\n|\n|t:|1619698413\n|switch|p1a: Primarina|Primarina, M|100\/100\n|move|p2a: Porygon2|Teleport|p2a: Porygon2\n|\n|t:|1619698416\n|switch|p2a: Torkoal|Torkoal, F|100\/100|[from]move: Teleport\n|-damage|p2a: Torkoal|76\/100|[from] Stealth Rock\n|-weather|SunnyDay|[from] ability: Drought|[of] p2a: Torkoal\n|\n|-weather|SunnyDay|[upkeep]\n|-heal|p2a: Torkoal|82\/100|[from] Grassy Terrain\n|upkeep\n|turn|5\n|\n|t:|1619698420\n|switch|p2a: Marowak|Marowak-Alola, F|100\/100\n|-damage|p2a: Marowak|75\/100|[from] Stealth Rock\n|move|p1a: Primarina|Scald|p2a: Marowak\n|-supereffective|p2a: Marowak\n|-damage|p2a: Marowak|34\/100\n|\n|-weather|SunnyDay|[upkeep]\n|-heal|p2a: Marowak|40\/100|[from] Grassy Terrain\n|-fieldend|move: Grassy Terrain\n|upkeep\n|turn|6\n|\n|t:|1619698424\n|move|p2a: Marowak|Poltergeist|p1a: Primarina\n|-activate|p1a: Primarina|move: Poltergeist|Leftovers\n|-damage|p1a: Primarina|29\/100\n|move|p1a: Primarina|Scald|p2a: Marowak\n|-supereffective|p2a: Marowak\n|-damage|p2a: Marowak|0 fnt\n|faint|p2a: Marowak\n|\n|-weather|SunnyDay|[upkeep]\n|-heal|p1a: Primarina|35\/100|[from] item: Leftovers\n|upkeep\n|c|\u2606SkipTheDripBayless|bro\n|c|\u2606SkipTheDripBayless|what a shit u play\n|c|\u2606SkipTheDripBayless|u made\n|c|\u2606SkipTheDripBayless|that turn\n|c|\u2606SkipTheDripBayless|honestly\n|c|\u2606urndanger|solar\n|c|\u2606SkipTheDripBayless|a shit play\n|c|\u2606urndanger|doesnt even come close\n|c|\u2606urndanger|to killing\n|c|\u2606urndanger|and u put me in torrent\n|c|\u2606urndanger|that way\n|c|\u2606SkipTheDripBayless|in terrain\n|c|\u2606SkipTheDripBayless|??\n|c|\u2606SkipTheDripBayless|are u\n|c|\u2606SkipTheDripBayless|slow\n|c|\u2606urndanger|what terrain\n|\n|t:|1619698448\n|switch|p2a: Torkoal|Torkoal, F|82\/100\n|-damage|p2a: Torkoal|57\/100|[from] Stealth Rock\n|turn|7\n|c|\u2606urndanger|the terrain is gone\n|c|\u2606SkipTheDripBayless|grassy\n|\n|t:|1619698457\n|switch|p1a: Salamence|Salamence, M|100\/100\n|-ability|p1a: Salamence|Intimidate|boost\n|-unboost|p2a: Torkoal|atk|1\n|move|p2a: Torkoal|Fire Blast|p1a: Salamence\n|-resisted|p1a: Salamence\n|-damage|p1a: Salamence|49\/100\n|\n|-weather|SunnyDay|[upkeep]\n|-fieldend|move: Trick Room\n|upkeep\n|turn|8\n|\n|t:|1619698462\n|switch|p2a: Porygon2|Porygon2|100\/100\n|-damage|p2a: Porygon2|88\/100|[from] Stealth Rock\n|-ability|p2a: Porygon2|Intimidate|[from] ability: Trace|[of] p1a: Salamence\n|-ability|p2a: Porygon2|Intimidate|boost\n|-unboost|p1a: Salamence|atk|1\n|move|p1a: Salamence|Roost|p1a: Salamence\n|-heal|p1a: Salamence|99\/100\n|-singleturn|p1a: Salamence|move: Roost\n|\n|-weather|none\n|upkeep\n|turn|9\n|\n|t:|1619698472\n|switch|p1a: Slowbro|Slowbro-Galar, M|100\/100\n|move|p2a: Porygon2|Trick Room|p2a: Porygon2\n|-fieldstart|move: Trick Room|[of] p2a: Porygon2\n|\n|upkeep\n|turn|10\n|\n|t:|1619698476\n|move|p1a: Slowbro|Calm Mind|p1a: Slowbro\n|-boost|p1a: Slowbro|spa|1\n|-boost|p1a: Slowbro|spd|1\n|move|p2a: Porygon2|Teleport|p2a: Porygon2\n|\n|t:|1619698480\n|switch|p2a: Hatterene|Hatterene, F|100\/100|[from]move: Teleport\n|-damage|p2a: Hatterene|88\/100|[from] Stealth Rock\n|\n|-heal|p2a: Hatterene|94\/100|[from] item: Leftovers\n|upkeep\n|turn|11\n|\n|t:|1619698483\n|move|p2a: Hatterene|Mystical Fire|p1a: Slowbro\n|-crit|p1a: Slowbro\n|-damage|p1a: Slowbro|65\/100\n|-unboost|p1a: Slowbro|spa|1\n|move|p1a: Slowbro|Sludge Bomb|p2a: Hatterene\n|-supereffective|p2a: Hatterene\n|-damage|p2a: Hatterene|24\/100\n|-status|p2a: Hatterene|psn\n|\n|-heal|p2a: Hatterene|30\/100 psn|[from] item: Leftovers\n|-damage|p2a: Hatterene|17\/100 psn|[from] psn\n|upkeep\n|turn|12\n|c|\u2606SkipTheDripBayless|ur trash\n|c|\u2606urndanger|ok thats unfortunate\n|\n|t:|1619698497\n|move|p2a: Hatterene|Healing Wish|p2a: Hatterene\n|faint|p2a: Hatterene\n|move|p1a: Slowbro|Slack Off|p1a: Slowbro\n|-heal|p1a: Slowbro|100\/100\n|\n|upkeep\n|\n|t:|1619698499\n|switch|p2a: Torkoal|Torkoal, F|57\/100\n|-heal|p2a: Torkoal|100\/100|[from] move: Healing Wish\n|-damage|p2a: Torkoal|76\/100|[from] Stealth Rock\n|-weather|SunnyDay|[from] ability: Drought|[of] p2a: Torkoal\n|turn|13\n|\n|t:|1619698503\n|move|p2a: Torkoal|Fire Blast|p1a: Slowbro\n|-damage|p1a: Slowbro|13\/100\n|move|p1a: Slowbro|Sludge Bomb|p2a: Torkoal\n|-damage|p2a: Torkoal|35\/100\n|\n|-weather|SunnyDay|[upkeep]\n|-fieldend|move: Trick Room\n|upkeep\n|turn|14\n|-message|SkipTheDripBayless forfeited.\n|\n|win|urndanger\n|raw|urndanger's rating: 1577 &rarr; <strong>1598<\/strong><br \/>(+21 for winning)\n|raw|SkipTheDripBayless's rating: 1598 &rarr; <strong>1577<\/strong><br \/>(-21 for losing)\n|l|\u2606SkipTheDripBayless\n|c|\u2606urndanger|gg.\n","uploadtime":1619698518,"views":33,"p1id":"urndanger","p2id":"skipthedripbayless","formatid":"gen8uu","rating":1577,"private":0,"password":null}