{"id":"gen8unratedrandombattle-1685168991","p1":"Spectre Ace","p2":"hatv0512","format":"gen8unratedrandombattle","log":"|j|\u2606Spectre Ace\n|j|\u2606hatv0512\n|t:|1665703694\n|gametype|singles\n|player|p1|Spectre Ace|juggler|\n|player|p2|hatv0512|red-masters|\n|teamsize|p1|6\n|teamsize|p2|6\n|gen|8\n|tier|[Gen 8] Unrated Random Battle\n|rule|Species Clause: Limit one of each Pok\u00e9mon\n|rule|HP Percentage Mod: HP is shown in percentages\n|rule|Sleep Clause Mod: Limit one foe put to sleep\n|\n|t:|1665703694\n|start\n|switch|p1a: Rillaboom|Rillaboom, L78, F|284\/284\n|switch|p2a: Zapdos|Zapdos, L78|267\/267\n|-fieldstart|move: Grassy Terrain|[from] ability: Grassy Surge|[of] p1a: Rillaboom\n|turn|1\n|\n|t:|1665703704\n|switch|p1a: Galvantula|Galvantula, L82, M|249\/249\n|move|p2a: Zapdos|U-turn|p1a: Galvantula\n|-damage|p1a: Galvantula|191\/249\n|\n|t:|1665703715\n|switch|p2a: Hitmontop|Hitmontop, L85, M|224\/224\n|\n|-heal|p1a: Galvantula|206\/249|[from] Grassy Terrain\n|upkeep\n|turn|2\n|\n|t:|1665703722\n|move|p1a: Galvantula|Thunder|p2a: Hitmontop\n|-damage|p2a: Hitmontop|163\/224\n|move|p2a: Hitmontop|Triple Axel|p1a: Galvantula\n|-damage|p1a: Galvantula|174\/249\n|-damage|p1a: Galvantula|111\/249\n|-damage|p1a: Galvantula|17\/249\n|-hitcount|p1a: Galvantula|3\n|\n|-heal|p1a: Galvantula|32\/249|[from] Grassy Terrain\n|-heal|p2a: Hitmontop|177\/224|[from] Grassy Terrain\n|upkeep\n|turn|3\n|\n|t:|1665703736\n|move|p1a: Galvantula|Sticky Web|p2a: Hitmontop\n|-sidestart|p2: hatv0512|move: Sticky Web\n|move|p2a: Hitmontop|Rapid Spin|p1a: Galvantula\n|-damage|p1a: Galvantula|0 fnt\n|-boost|p2a: Hitmontop|spe|1\n|-sideend|p2: hatv0512|Sticky Web|[from] move: Rapid Spin|[of] p2a: Hitmontop\n|faint|p1a: Galvantula\n|\n|-heal|p2a: Hitmontop|191\/224|[from] Grassy Terrain\n|upkeep\n|\n|t:|1665703748\n|switch|p1a: Metagross|Metagross, L79|256\/256\n|turn|4\n|\n|t:|1665703755\n|move|p2a: Hitmontop|Rapid Spin|p1a: Metagross\n|-resisted|p1a: Metagross\n|-damage|p1a: Metagross|234\/256\n|-boost|p2a: Hitmontop|spe|1\n|move|p1a: Metagross|Agility|p1a: Metagross\n|-boost|p1a: Metagross|spe|2\n|\n|-heal|p2a: Hitmontop|205\/224|[from] Grassy Terrain\n|-heal|p1a: Metagross|250\/256|[from] Grassy Terrain\n|upkeep\n|turn|5\n|\n|t:|1665703767\n|move|p2a: Hitmontop|Earthquake|p1a: Metagross\n|-supereffective|p1a: Metagross\n|-crit|p1a: Metagross\n|-damage|p1a: Metagross|164\/256\n|-enditem|p1a: Metagross|Weakness Policy\n|-boost|p1a: Metagross|atk|2|[from] item: Weakness Policy\n|-boost|p1a: Metagross|spa|2|[from] item: Weakness Policy\n|move|p1a: Metagross|Agility|p1a: Metagross\n|-boost|p1a: Metagross|spe|2\n|\n|-heal|p1a: Metagross|180\/256|[from] Grassy Terrain\n|-heal|p2a: Hitmontop|219\/224|[from] Grassy Terrain\n|-fieldend|move: Grassy Terrain\n|upkeep\n|turn|6\n|\n|t:|1665703773\n|move|p1a: Metagross|Meteor Mash|p2a: Hitmontop\n|-damage|p2a: Hitmontop|27\/224\n|move|p2a: Hitmontop|Earthquake|p1a: Metagross\n|-supereffective|p1a: Metagross\n|-damage|p1a: Metagross|60\/256\n|\n|upkeep\n|turn|7\n|\n|t:|1665703782\n|move|p1a: Metagross|Earthquake|p2a: Hitmontop\n|-damage|p2a: Hitmontop|0 fnt\n|faint|p2a: Hitmontop\n|\n|upkeep\n|\n|t:|1665703791\n|switch|p2a: Zapdos|Zapdos, L78|267\/267\n|turn|8\n|\n|t:|1665703795\n|-start|p1a: Metagross|Dynamax|\n|-heal|p1a: Metagross|120\/512|[silent]\n|move|p1a: Metagross|Max Lightning|p2a: Zapdos\n|-damage|p2a: Zapdos|19\/267\n|-fieldstart|move: Electric Terrain\n|move|p2a: Zapdos|Heat Wave|p1a: Metagross\n|-supereffective|p1a: Metagross\n|-damage|p1a: Metagross|0 fnt\n|faint|p1a: Metagross\n|\n|upkeep\n|\n|t:|1665703805\n|switch|p1a: Rillaboom|Rillaboom, L78, F|284\/284\n|-fieldstart|move: Grassy Terrain|[from] ability: Grassy Surge|[of] p1a: Rillaboom\n|turn|9\n|\n|t:|1665703807\n|move|p1a: Rillaboom|Grassy Glide|p2a: Zapdos\n|-resisted|p2a: Zapdos\n|-crit|p2a: Zapdos\n|-damage|p2a: Zapdos|0 fnt\n|faint|p2a: Zapdos\n|\n|upkeep\n|\n|t:|1665703812\n|switch|p2a: Glastrier|Glastrier, L82|298\/298\n|turn|10\n|\n|t:|1665703817\n|switch|p1a: Pangoro|Pangoro, L84, F|297\/297\n|move|p2a: Glastrier|Swords Dance|p2a: Glastrier\n|-boost|p2a: Glastrier|atk|2\n|\n|upkeep\n|turn|11\n|\n|t:|1665703824\n|switch|p2a: Hatterene|Hatterene, L86, F|238\/238\n|move|p1a: Pangoro|Close Combat|p2a: Hatterene\n|-resisted|p2a: Hatterene\n|-damage|p2a: Hatterene|189\/238\n|-unboost|p1a: Pangoro|def|1\n|-unboost|p1a: Pangoro|spd|1\n|\n|-heal|p2a: Hatterene|203\/238|[from] Grassy Terrain\n|-heal|p2a: Hatterene|217\/238|[from] item: Leftovers\n|upkeep\n|turn|12\n|\n|t:|1665703828\n|switch|p1a: Rillaboom|Rillaboom, L78, F|284\/284\n|move|p2a: Hatterene|Calm Mind|p2a: Hatterene\n|-boost|p2a: Hatterene|spa|1\n|-boost|p2a: Hatterene|spd|1\n|\n|-heal|p2a: Hatterene|231\/238|[from] Grassy Terrain\n|-heal|p2a: Hatterene|238\/238|[from] item: Leftovers\n|upkeep\n|turn|13\n|\n|t:|1665703831\n|move|p1a: Rillaboom|Wood Hammer|p2a: Hatterene\n|-crit|p2a: Hatterene\n|-damage|p2a: Hatterene|0 fnt\n|faint|p2a: Hatterene\n|-damage|p1a: Rillaboom|205\/284|[from] Recoil\n|\n|-heal|p1a: Rillaboom|222\/284|[from] Grassy Terrain\n|-fieldend|move: Grassy Terrain\n|upkeep\n|\n|t:|1665703842\n|switch|p2a: Raikou|Raikou, L80|275\/275\n|-ability|p2a: Raikou|Pressure\n|turn|14\n|\n|t:|1665703853\n|switch|p1a: Seaking|Seaking, L88, F|284\/284\n|move|p2a: Raikou|Calm Mind|p2a: Raikou\n|-boost|p2a: Raikou|spa|1\n|-boost|p2a: Raikou|spd|1\n|\n|upkeep\n|turn|15\n|\n|t:|1665703867\n|-start|p2a: Raikou|Dynamax|\n|-heal|p2a: Raikou|550\/550|[silent]\n|move|p2a: Raikou|Max Knuckle|p1a: Seaking\n|-damage|p1a: Seaking|144\/284\n|-boost|p2a: Raikou|atk|1\n|-damage|p2a: Raikou|523\/550|[from] item: Life Orb\n|move|p1a: Seaking|Drill Run|p2a: Raikou\n|-supereffective|p2a: Raikou\n|-damage|p2a: Raikou|327\/550\n|\n|upkeep\n|turn|16\n|\n|t:|1665703884\n|move|p2a: Raikou|Max Knuckle|p1a: Seaking\n|-damage|p1a: Seaking|15\/284\n|-boost|p2a: Raikou|atk|1\n|-damage|p2a: Raikou|300\/550|[from] item: Life Orb\n|move|p1a: Seaking|Drill Run|p2a: Raikou\n|-supereffective|p2a: Raikou\n|-damage|p2a: Raikou|80\/550\n|\n|upkeep\n|turn|17\n|\n|t:|1665703903\n|move|p2a: Raikou|Max Geyser|p1a: Seaking\n|-resisted|p1a: Seaking\n|-damage|p1a: Seaking|0 fnt\n|-weather|RainDance\n|faint|p1a: Seaking\n|-damage|p2a: Raikou|53\/550|[from] item: Life Orb\n|\n|-weather|RainDance|[upkeep]\n|upkeep\n|\n|t:|1665703905\n|switch|p1a: Rillaboom|Rillaboom, L78, F|222\/284\n|-fieldstart|move: Grassy Terrain|[from] ability: Grassy Surge|[of] p1a: Rillaboom\n|-end|p2a: Raikou|Dynamax\n|-heal|p2a: Raikou|27\/275|[silent]\n|turn|18\n|\n|t:|1665703909\n|move|p1a: Rillaboom|Grassy Glide|p2a: Raikou\n|-damage|p2a: Raikou|0 fnt\n|faint|p2a: Raikou\n|\n|-weather|RainDance|[upkeep]\n|-heal|p1a: Rillaboom|239\/284|[from] Grassy Terrain\n|upkeep\n|\n|t:|1665703911\n|switch|p2a: Glastrier|Glastrier, L82|298\/298\n|turn|19\n|\n|t:|1665703919\n|switch|p1a: Pangoro|Pangoro, L84, F|297\/297\n|move|p2a: Glastrier|Close Combat|p1a: Pangoro\n|-supereffective|p1a: Pangoro\n|-damage|p1a: Pangoro|75\/297\n|-unboost|p2a: Glastrier|def|1\n|-unboost|p2a: Glastrier|spd|1\n|\n|-weather|RainDance|[upkeep]\n|-heal|p1a: Pangoro|93\/297|[from] Grassy Terrain\n|upkeep\n|turn|20\n|\n|t:|1665703924\n|switch|p2a: Primarina|Primarina, L82, M|265\/265\n|move|p1a: Pangoro|Close Combat|p2a: Primarina\n|-resisted|p2a: Primarina\n|-damage|p2a: Primarina|139\/265\n|-unboost|p1a: Pangoro|def|1\n|-unboost|p1a: Pangoro|spd|1\n|\n|-weather|RainDance|[upkeep]\n|-heal|p2a: Primarina|155\/265|[from] Grassy Terrain\n|-heal|p1a: Pangoro|111\/297|[from] Grassy Terrain\n|upkeep\n|turn|21\n|\n|t:|1665703931\n|switch|p1a: Drednaw|Drednaw, L84, F|288\/288\n|move|p2a: Primarina|Moonblast|p1a: Drednaw\n|-damage|p1a: Drednaw|87\/288\n|\n|-weather|none\n|-heal|p1a: Drednaw|105\/288|[from] Grassy Terrain\n|-heal|p2a: Primarina|171\/265|[from] Grassy Terrain\n|upkeep\n|turn|22\n|\n|t:|1665703937\n|move|p1a: Drednaw|Stone Edge|p2a: Primarina|[miss]\n|-miss|p1a: Drednaw|p2a: Primarina\n|move|p2a: Primarina|Moonblast|p1a: Drednaw\n|-damage|p1a: Drednaw|0 fnt\n|faint|p1a: Drednaw\n|\n|-heal|p2a: Primarina|187\/265|[from] Grassy Terrain\n|-fieldend|move: Grassy Terrain\n|upkeep\n|\n|t:|1665703939\n|switch|p1a: Rillaboom|Rillaboom, L78, F|239\/284\n|-fieldstart|move: Grassy Terrain|[from] ability: Grassy Surge|[of] p1a: Rillaboom\n|turn|23\n|\n|t:|1665703945\n|switch|p2a: Glastrier|Glastrier, L82|298\/298\n|move|p1a: Rillaboom|Wood Hammer|p2a: Glastrier\n|-damage|p2a: Glastrier|96\/298\n|-damage|p1a: Rillaboom|172\/284|[from] Recoil\n|\n|-heal|p1a: Rillaboom|189\/284|[from] Grassy Terrain\n|-heal|p2a: Glastrier|114\/298|[from] Grassy Terrain\n|upkeep\n|turn|24\n|\n|t:|1665703949\n|move|p1a: Rillaboom|Wood Hammer|p2a: Glastrier\n|-damage|p2a: Glastrier|0 fnt\n|faint|p2a: Glastrier\n|-damage|p1a: Rillaboom|151\/284|[from] Recoil\n|\n|-heal|p1a: Rillaboom|168\/284|[from] Grassy Terrain\n|upkeep\n|-message|hatv0512 forfeited.\n|\n|win|Spectre Ace\n|l|\u2606hatv0512\n","inputlog":">version ee3903879dd92fa0a0bba6303065983b970e844a\n>start {\"formatid\":\"gen8unratedrandombattle\",\"seed\":[14183,19530,42231,12681]}\n>player p1 {\"name\":\"Spectre Ace\",\"avatar\":\"juggler\",\"rating\":0,\"seed\":[6968,53257,4072,48362]}\n>player p2 {\"name\":\"hatv0512\",\"avatar\":\"red-masters\",\"rating\":0,\"seed\":[39510,53614,4748,2840]}\n>p1 switch 4\n>p2 move uturn\n>p2 switch 3\n>p1 move thunder\n>p2 move tripleaxel\n>p1 move stickyweb\n>p2 move rapidspin\n>p1 switch 5\n>p1 move agility\n>p2 move rapidspin\n>p1 move agility\n>p2 move earthquake\n>p1 move meteormash\n>p2 move earthquake\n>p1 move earthquake\n>p2 move earthquake\n>p2 switch 3\n>p1 move thunderpunch dynamax\n>p2 move heatwave\n>p1 switch 4\n>p1 move grassyglide\n>p2 move heatwave\n>p2 switch 4\n>p1 switch 6\n>p2 move swordsdance\n>p1 move closecombat\n>p2 switch 2\n>p1 switch 6\n>p2 move calmmind\n>p1 move woodhammer\n>p2 move mysticalfire\n>p2 switch 5\n>p1 switch 2\n>p2 move calmmind\n>p1 move drillrun\n>p2 move aurasphere dynamax\n>p1 move drillrun\n>p2 move aurasphere dynamax\n>p1 move drillrun\n>p2 move scald dynamax\n>p1 switch 2\n>p1 move grassyglide\n>p2 move scald\n>p2 switch 2\n>p1 switch 6\n>p2 move closecombat\n>p1 move closecombat\n>p2 switch 6\n>p1 switch 3\n>p2 move moonblast\n>p1 move stoneedge\n>p2 move moonblast\n>p1 switch 6\n>p1 move woodhammer\n>p2 switch 6\n>p1 move woodhammer\n>p2 move iciclecrash\n>forcelose p2","uploadtime":1665704045,"views":4,"p1id":"spectreace","p2id":"hatv0512","formatid":"gen8unratedrandombattle","rating":0,"private":0,"password":null}