{"id":"gen8ou-1067315066","p1":"TheCaptainReturns","p2":"Igotthegat","format":"gen8ou","log":"|j|\u2606TheCaptainReturns\n|j|\u2606Igotthegat\n|player|p1|TheCaptainReturns|beauty-gen2jp|1337\n|player|p2|Igotthegat|hilda|1327\n|teamsize|p1|6\n|teamsize|p2|6\n|gametype|singles\n|gen|8\n|tier|[Gen 8] OU\n|rated|\n|clearpoke\n|poke|p1|Cinderace, F|\n|poke|p1|Jirachi|\n|poke|p1|Darmanitan, F|\n|poke|p1|Blastoise, M|\n|poke|p1|Torkoal, M|\n|poke|p1|Venusaur, F|\n|poke|p2|Blastoise, F|\n|poke|p2|Hydreigon, F|\n|poke|p2|Incineroar, M|\n|poke|p2|Ferrothorn, F|\n|poke|p2|Mew|\n|poke|p2|Rotom-Wash|\n|rule|Sleep Clause Mod: Limit one foe put to sleep\n|rule|Species Clause: Limit one of each Pok\u00e9mon\n|rule|OHKO Clause: OHKO moves are banned\n|rule|Evasion Moves Clause: Evasion moves are banned\n|rule|Endless Battle Clause: Forcing endless battles is banned\n|rule|HP Percentage Mod: HP is shown in percentages\n|rule|Dynamax Clause: You cannot dynamax\n|teampreview\n|\n|start\n|switch|p1a: Torkoal|Torkoal, M|100\/100\n|switch|p2a: Rotom|Rotom-Wash|100\/100\n|-weather|SunnyDay|[from] ability: Drought|[of] p1a: Torkoal\n|turn|1\n|\n|move|p2a: Rotom|Volt Switch|p1a: Torkoal\n|-damage|p1a: Torkoal|67\/100\n|\n|switch|p2a: Blastoise|Blastoise, F|100\/100|[from]move: Volt Switch\n|move|p1a: Torkoal|Yawn|p2a: Blastoise\n|-start|p2a: Blastoise|move: Yawn|[of] p1a: Torkoal\n|\n|-weather|SunnyDay|[upkeep]\n|upkeep\n|turn|2\n|\n|switch|p2a: Hydreigon|Hydreigon, F|100\/100\n|switch|p1a: Venusaur|Venusaur, F|100\/100\n|\n|-weather|SunnyDay|[upkeep]\n|upkeep\n|turn|3\n|inactive|Battle timer is ON: inactive players will automatically lose when time's up. (requested by Igotthegat)\n|\n|move|p1a: Venusaur|Sludge Bomb|p2a: Hydreigon\n|-damage|p2a: Hydreigon|41\/100\n|-damage|p1a: Venusaur|91\/100|[from] item: Life Orb\n|move|p2a: Hydreigon|Draco Meteor|p1a: Venusaur\n|-damage|p1a: Venusaur|0 fnt\n|-unboost|p2a: Hydreigon|spa|2\n|faint|p1a: Venusaur\n|\n|-weather|SunnyDay|[upkeep]\n|upkeep\n|\n|switch|p1a: Blastoise|Blastoise, M|100\/100\n|turn|4\n|\n|switch|p2a: Ferrothorn|Ferrothorn, F, shiny|100\/100\n|move|p1a: Blastoise|Shell Smash|p1a: Blastoise\n|-unboost|p1a: Blastoise|def|1\n|-unboost|p1a: Blastoise|spd|1\n|-boost|p1a: Blastoise|atk|2\n|-boost|p1a: Blastoise|spa|2\n|-boost|p1a: Blastoise|spe|2\n|\n|-weather|SunnyDay|[upkeep]\n|upkeep\n|turn|5\n|\n|move|p1a: Blastoise|Weather Ball|p2a: Ferrothorn\n|-supereffective|p2a: Ferrothorn\n|-damage|p2a: Ferrothorn|0 fnt\n|faint|p2a: Ferrothorn\n|\n|-weather|SunnyDay|[upkeep]\n|upkeep\n|\n|switch|p2a: Incineroar|Incineroar, M|100\/100\n|-ability|p2a: Incineroar|Intimidate|boost\n|-unboost|p1a: Blastoise|atk|1\n|turn|6\n|\n|move|p1a: Blastoise|Water Spout|p2a: Incineroar\n|-supereffective|p2a: Incineroar\n|-damage|p2a: Incineroar|0 fnt\n|faint|p2a: Incineroar\n|\n|-weather|SunnyDay|[upkeep]\n|upkeep\n|\n|switch|p2a: Rotom|Rotom-Wash|100\/100\n|turn|7\n|inactive|TheCaptainReturns has 120 seconds left.\n|\n|switch|p1a: Darmanitan|Darmanitan, F|100\/100\n|move|p2a: Rotom|Toxic|p1a: Darmanitan|[miss]\n|-miss|p2a: Rotom|p1a: Darmanitan\n|\n|-weather|SunnyDay|[upkeep]\n|upkeep\n|turn|8\n|\n|move|p1a: Darmanitan|Flare Blitz|p2a: Rotom\n|-resisted|p2a: Rotom\n|-damage|p2a: Rotom|25\/100\n|-damage|p1a: Darmanitan|79\/100|[from] Recoil\n|move|p2a: Rotom|Volt Switch|p1a: Darmanitan\n|-damage|p1a: Darmanitan|37\/100\n|\n|switch|p2a: Blastoise|Blastoise, F|100\/100|[from]move: Volt Switch\n|\n|-weather|none\n|upkeep\n|turn|9\n|inactive|TheCaptainReturns has 120 seconds left.\n|\n|switch|p1a: Jirachi|Jirachi|100\/100\n|move|p2a: Blastoise|Shell Smash|p2a: Blastoise\n|-unboost|p2a: Blastoise|def|1\n|-unboost|p2a: Blastoise|spd|1\n|-boost|p2a: Blastoise|atk|2\n|-boost|p2a: Blastoise|spa|2\n|-boost|p2a: Blastoise|spe|2\n|-enditem|p2a: Blastoise|White Herb\n|-clearnegativeboost|p2a: Blastoise|[silent]\n|\n|upkeep\n|turn|10\n|inactive|TheCaptainReturns has 120 seconds left.\n|\n|move|p2a: Blastoise|Crunch|p1a: Jirachi\n|-supereffective|p1a: Jirachi\n|-damage|p1a: Jirachi|8\/100\n|move|p1a: Jirachi|Thunder Wave|p2a: Blastoise\n|-status|p2a: Blastoise|par\n|\n|upkeep\n|turn|11\n|inactive|TheCaptainReturns has 120 seconds left.\n|\n|switch|p1a: Darmanitan|Darmanitan, F|37\/100\n|move|p2a: Blastoise|Shell Smash|p2a: Blastoise\n|-unboost|p2a: Blastoise|def|1\n|-unboost|p2a: Blastoise|spd|1\n|-boost|p2a: Blastoise|atk|2\n|-boost|p2a: Blastoise|spa|2\n|-boost|p2a: Blastoise|spe|2\n|\n|upkeep\n|turn|12\n|\n|cant|p2a: Blastoise|par\n|move|p1a: Darmanitan|Earthquake|p2a: Blastoise\n|-crit|p2a: Blastoise\n|-damage|p2a: Blastoise|0 fnt\n|-damage|p1a: Darmanitan|27\/100|[from] item: Life Orb\n|faint|p2a: Blastoise\n|\n|upkeep\n|-message|Igotthegat forfeited.\n|\n|win|TheCaptainReturns\n|l|\u2606Igotthegat\n|raw|TheCaptainReturns's rating: 1337 &rarr; <strong>1356<\/strong><br \/>(+19 for winning)\n|raw|Igotthegat's rating: 1328 &rarr; <strong>1308<\/strong><br \/>(-20 for losing)\n","uploadtime":1582349807,"views":17,"p1id":"thecaptainreturns","p2id":"igotthegat","formatid":"gen8ou","rating":1308,"private":0,"password":null}