{"id":"gen8ou-1706966557","p1":"Moki3","p2":"Robot_XYZ","format":"gen8ou","log":"|j|\u2606Moki3\n|j|\u2606Robot_XYZ\n|t:|1668037149\n|gametype|singles\n|player|p1|Moki3|ingo|\n|player|p2|Robot_XYZ|depotagent|\n|teamsize|p1|6\n|teamsize|p2|6\n|gen|8\n|tier|[Gen 8] OU\n|rule|Sleep Clause Mod: Limit one foe put to sleep\n|rule|Species Clause: Limit one of each Pok\u00e9mon\n|rule|OHKO Clause: OHKO moves are banned\n|rule|Evasion Items Clause: Evasion items are banned\n|rule|Evasion Moves Clause: Evasion moves are banned\n|rule|Endless Battle Clause: Forcing endless battles is banned\n|rule|HP Percentage Mod: HP is shown in percentages\n|rule|Dynamax Clause: You cannot dynamax\n|clearpoke\n|poke|p1|Jolteon, M|\n|poke|p1|Glaceon, M|\n|poke|p1|Leafeon, F|\n|poke|p1|Sylveon, F|\n|poke|p1|Flareon, F|\n|poke|p1|Persian, F|\n|poke|p2|Chandelure, F|\n|poke|p2|Galvantula, M|\n|poke|p2|Sylveon, F|\n|poke|p2|Zapdos-Galar|\n|poke|p2|Blissey, F|\n|poke|p2|Garchomp, M|\n|teampreview\n|\n|t:|1668037156\n|start\n|switch|p1a: Glaceon|Glaceon, M, shiny|100\/100\n|switch|p2a: Mantar|Garchomp, M|100\/100\n|turn|1\n|\n|t:|1668037164\n|move|p2a: Mantar|Stealth Rock|p1a: Glaceon\n|-sidestart|p1: Moki3|move: Stealth Rock\n|move|p1a: Glaceon|Hail|p1a: Glaceon\n|-weather|Hail\n|\n|-weather|Hail|[upkeep]\n|-damage|p2a: Mantar|94\/100|[from] Hail\n|upkeep\n|turn|2\n|c|\u2606Moki3|try switching\n|-activate|p1a: Glaceon|item: Quick Claw\n|\n|t:|1668037208\n|move|p1a: Glaceon|Blizzard|p2a: Mantar\n|-supereffective|p2a: Mantar\n|-damage|p2a: Mantar|0 fnt\n|faint|p2a: Mantar\n|\n|-weather|Hail|[upkeep]\n|upkeep\n|\n|t:|1668037215\n|switch|p2a: Fiz|Galvantula, M|100\/100\n|turn|3\n|\n|t:|1668037218\n|move|p2a: Fiz|Sticky Web|p1a: Glaceon\n|-sidestart|p1: Moki3|move: Sticky Web\n|move|p1a: Glaceon|Blizzard|p2a: Fiz\n|-damage|p2a: Fiz|0 fnt\n|faint|p2a: Fiz\n|\n|-weather|Hail|[upkeep]\n|upkeep\n|c|\u2606Robot_XYZ|how is that so strong eghjn\n|\n|t:|1668037242\n|switch|p2a: Dori|Zapdos-Galar|100\/100\n|turn|4\n|\n|t:|1668037246\n|move|p2a: Dori|Acrobatics|p1a: Glaceon\n|-damage|p1a: Glaceon|69\/100\n|move|p1a: Glaceon|Blizzard|p2a: Dori\n|-supereffective|p2a: Dori\n|-damage|p2a: Dori|0 fnt\n|faint|p2a: Dori\n|\n|-weather|Hail|[upkeep]\n|-heal|p1a: Glaceon|75\/100|[from] ability: Ice Body\n|upkeep\n|\n|t:|1668037271\n|switch|p2a: Sylvi|Sylveon, F|100\/100\n|turn|5\n|-activate|p1a: Glaceon|item: Quick Claw\n|\n|t:|1668037275\n|move|p1a: Glaceon|Dig||[still]\n|-prepare|p1a: Glaceon|Dig\n|move|p2a: Sylvi|Wish|p2a: Sylvi\n|\n|-weather|none\n|upkeep\n|turn|6\n|\n|t:|1668037282\n|move|p1a: Glaceon|Dig|p2a: Sylvi|[from]lockedmove\n|-damage|p2a: Sylvi|87\/100\n|move|p2a: Sylvi|Body Slam|p1a: Glaceon\n|-damage|p1a: Glaceon|48\/100\n|-status|p1a: Glaceon|par\n|\n|-heal|p2a: Sylvi|100\/100|[from] move: Wish|[wisher] Sylvi\n|upkeep\n|turn|7\n|\n|t:|1668037295\n|move|p2a: Sylvi|Dazzling Gleam|p1a: Glaceon\n|-damage|p1a: Glaceon|15\/100 par\n|cant|p1a: Glaceon|par\n|\n|upkeep\n|turn|8\n|\n|t:|1668037303\n|move|p2a: Sylvi|Wish|p2a: Sylvi\n|move|p1a: Glaceon|Dig||[still]\n|-prepare|p1a: Glaceon|Dig\n|\n|upkeep\n|turn|9\n|\n|t:|1668037308\n|move|p2a: Sylvi|Dazzling Gleam|p1a: Glaceon|[miss]\n|-miss|p2a: Sylvi|p1a: Glaceon\n|move|p1a: Glaceon|Dig|p2a: Sylvi|[from]lockedmove\n|-damage|p2a: Sylvi|88\/100\n|\n|-heal|p2a: Sylvi|100\/100|[from] move: Wish|[wisher] Sylvi\n|upkeep\n|turn|10\n|\n|t:|1668037317\n|move|p2a: Sylvi|Dazzling Gleam|p1a: Glaceon\n|-damage|p1a: Glaceon|0 fnt\n|faint|p1a: Glaceon\n|\n|upkeep\n|\n|t:|1668037323\n|switch|p1a: Persian|Persian, F, shiny|100\/100\n|-damage|p1a: Persian|88\/100|[from] Stealth Rock\n|-activate|p1a: Persian|move: Sticky Web\n|-unboost|p1a: Persian|spe|1\n|turn|11\n|\n|t:|1668037330\n|move|p1a: Persian|Fake Out|p2a: Sylvi\n|-damage|p2a: Sylvi|70\/100\n|-damage|p1a: Persian|78\/100|[from] item: Life Orb\n|cant|p2a: Sylvi|flinch\n|\n|upkeep\n|turn|12\n|\n|t:|1668037356\n|move|p1a: Persian|Fury Swipes|p2a: Sylvi\n|-damage|p2a: Sylvi|56\/100\n|-damage|p2a: Sylvi|41\/100\n|-hitcount|p2a: Sylvi|2\n|-damage|p1a: Persian|68\/100|[from] item: Life Orb\n|move|p2a: Sylvi|Wish|p2a: Sylvi\n|\n|upkeep\n|turn|13\n|\n|t:|1668037380\n|move|p1a: Persian|Fury Swipes|p2a: Sylvi|[miss]\n|-miss|p1a: Persian|p2a: Sylvi\n|move|p2a: Sylvi|Dazzling Gleam|p1a: Persian\n|-damage|p1a: Persian|19\/100\n|\n|-heal|p2a: Sylvi|91\/100|[from] move: Wish|[wisher] Sylvi\n|upkeep\n|turn|14\n|\n|t:|1668037390\n|move|p1a: Persian|Fury Swipes|p2a: Sylvi|[miss]\n|-miss|p1a: Persian|p2a: Sylvi\n|move|p2a: Sylvi|Body Slam|p1a: Persian\n|-damage|p1a: Persian|0 fnt\n|faint|p1a: Persian\n|\n|upkeep\n|\n|t:|1668037401\n|switch|p1a: Leafeon|Leafeon, F, shiny|100\/100\n|-damage|p1a: Leafeon|88\/100|[from] Stealth Rock\n|-activate|p1a: Leafeon|move: Sticky Web\n|-unboost|p1a: Leafeon|spe|1\n|turn|15\n|\n|t:|1668037409\n|switch|p1a: Flareon|Flareon, F, shiny|100\/100\n|-damage|p1a: Flareon|76\/100|[from] Stealth Rock\n|-activate|p1a: Flareon|move: Sticky Web\n|-unboost|p1a: Flareon|spe|1\n|move|p2a: Sylvi|Wish|p2a: Sylvi\n|\n|upkeep\n|turn|16\n|\n|t:|1668037421\n|move|p1a: Flareon|Flare Blitz|p2a: Sylvi\n|-damage|p2a: Sylvi|2\/100\n|-enditem|p2a: Sylvi|Figy Berry|[eat]\n|-heal|p2a: Sylvi|35\/100|[from] item: Figy Berry\n|-damage|p1a: Flareon|33\/100|[from] Recoil\n|move|p2a: Sylvi|Dazzling Gleam|p1a: Flareon\n|-resisted|p1a: Flareon\n|-damage|p1a: Flareon|16\/100\n|\n|-heal|p2a: Sylvi|85\/100|[from] move: Wish|[wisher] Sylvi\n|upkeep\n|turn|17\n|\n|t:|1668037446\n|move|p1a: Flareon|Flare Blitz|p2a: Sylvi\n|-damage|p2a: Sylvi|0 fnt\n|faint|p2a: Sylvi\n|-damage|p1a: Flareon|0 fnt|[from] Recoil\n|faint|p1a: Flareon\n|\n|upkeep\n|\n|t:|1668037464\n|switch|p1a: Sylveon|Sylveon, F|100\/100\n|switch|p2a: Chann|Chandelure, F|100\/100\n|-damage|p1a: Sylveon|88\/100|[from] Stealth Rock\n|-activate|p1a: Sylveon|move: Sticky Web\n|-unboost|p1a: Sylveon|spe|1\n|turn|18\n|\n|t:|1668037482\n|move|p2a: Chann|Flamethrower|p1a: Sylveon\n|-damage|p1a: Sylveon|51\/100\n|move|p1a: Sylveon|Psyshock|p2a: Chann\n|-damage|p2a: Chann|63\/100\n|\n|-heal|p1a: Sylveon|57\/100|[from] item: Leftovers\n|upkeep\n|turn|19\n|\n|t:|1668037493\n|move|p2a: Chann|Substitute|p2a: Chann\n|-start|p2a: Chann|Substitute\n|-damage|p2a: Chann|38\/100\n|move|p1a: Sylveon|Psyshock|p2a: Chann\n|-end|p2a: Chann|Substitute\n|\n|-heal|p1a: Sylveon|63\/100|[from] item: Leftovers\n|upkeep\n|turn|20\n|\n|t:|1668037502\n|switch|p2a: Foofy|Blissey, F|100\/100\n|move|p1a: Sylveon|Psyshock|p2a: Foofy\n|-damage|p2a: Foofy|54\/100\n|\n|-heal|p1a: Sylveon|69\/100|[from] item: Leftovers\n|upkeep\n|turn|21\n|\n|t:|1668037516\n|move|p2a: Foofy|Tri Attack|p1a: Sylveon\n|-damage|p1a: Sylveon|36\/100\n|move|p1a: Sylveon|Psyshock|p2a: Foofy\n|-damage|p2a: Foofy|4\/100\n|\n|-heal|p1a: Sylveon|42\/100|[from] item: Leftovers\n|upkeep\n|turn|22\n|\n|t:|1668037525\n|move|p2a: Foofy|Tri Attack|p1a: Sylveon\n|-damage|p1a: Sylveon|10\/100\n|-status|p1a: Sylveon|par\n|move|p1a: Sylveon|Psyshock|p2a: Foofy\n|-damage|p2a: Foofy|0 fnt\n|faint|p2a: Foofy\n|\n|-heal|p1a: Sylveon|16\/100 par|[from] item: Leftovers\n|upkeep\n|\n|t:|1668037536\n|switch|p2a: Chann|Chandelure, F|38\/100\n|turn|23\n|\n|t:|1668037540\n|move|p2a: Chann|Hex|p1a: Sylveon\n|-damage|p1a: Sylveon|0 fnt\n|faint|p1a: Sylveon\n|\n|upkeep\n|\n|t:|1668037546\n|switch|p1a: Jolteon|Jolteon, M, shiny|100\/100\n|-damage|p1a: Jolteon|88\/100|[from] Stealth Rock\n|-item|p1a: Jolteon|Air Balloon\n|turn|24\n|\n|t:|1668037552\n|move|p1a: Jolteon|Shadow Ball|p2a: Chann\n|-supereffective|p2a: Chann\n|-damage|p2a: Chann|0 fnt\n|faint|p2a: Chann\n|\n|win|Moki3\n|l|\u2606Moki3\n","uploadtime":1668037715,"views":5,"p1id":"moki3","p2id":"robotxyz","formatid":"gen8ou","rating":0,"private":0,"password":null}