{"id":"gen8nationaldexag-1273687024","p1":"LolzMachine","p2":"Nonsocosascrivere","format":"gen8nationaldexag","log":"|j|\u2606LolzMachine\n|j|\u2606Nonsocosascrivere\n|t:|1612172263\n|player|p1|LolzMachine|294|1368\n|player|p2|Nonsocosascrivere|n|1408\n|teamsize|p1|6\n|teamsize|p2|6\n|gametype|singles\n|gen|8\n|tier|[Gen 8] National Dex AG\n|rated|\n|clearpoke\n|poke|p1|Braviary, M|\n|poke|p1|Incineroar, M|\n|poke|p1|Lucario, F|\n|poke|p1|Venusaur, M|\n|poke|p1|Empoleon, F|\n|poke|p1|Tapu Koko|\n|poke|p2|Slowking, M|\n|poke|p2|Rillaboom, M|\n|poke|p2|Zeraora|\n|poke|p2|Nihilego|\n|poke|p2|Talonflame, F|\n|poke|p2|Salamence, M|\n|rule|HP Percentage Mod: HP is shown in percentages\n|rule|Endless Battle Clause: Forcing endless battles is banned\n|teampreview\n|\n|t:|1612172278\n|start\n|switch|p1a: Empoleon|Empoleon, F|100\/100\n|switch|p2a: Zeraora|Zeraora|100\/100\n|turn|1\n|\n|t:|1612172283\n|move|p2a: Zeraora|Plasma Fists|p1a: Empoleon\n|-supereffective|p1a: Empoleon\n|-enditem|p1a: Empoleon|Focus Sash\n|-damage|p1a: Empoleon|1\/100\n|-fieldactivate|move: Ion Deluge\n|move|p1a: Empoleon|Hydro Pump|p2a: Zeraora\n|-damage|p2a: Zeraora|0 fnt\n|faint|p2a: Zeraora\n|\n|upkeep\n|j| ChetManlyRSA\n|\n|t:|1612172298\n|switch|p2a: Nihilego|Nihilego|100\/100\n|turn|2\n|\n|t:|1612172302\n|switch|p1a: Lucario|Lucario, F|100\/100\n|move|p2a: Nihilego|Power Gem|p1a: Lucario\n|-resisted|p1a: Lucario\n|-damage|p1a: Lucario|83\/100\n|\n|upkeep\n|turn|3\n|\n|t:|1612172310\n|switch|p2a: Salamence|Salamence, M|100\/100\n|-ability|p2a: Salamence|Intimidate|boost\n|-fail|p1a: Lucario|unboost|Attack|[from] ability: Inner Focus|[of] p1a: Lucario\n|switch|p1a: Empoleon|Empoleon, F|1\/100\n|\n|upkeep\n|turn|4\n|\n|t:|1612172323\n|move|p2a: Salamence|Earthquake|p1a: Empoleon\n|-supereffective|p1a: Empoleon\n|-damage|p1a: Empoleon|0 fnt\n|faint|p1a: Empoleon\n|\n|upkeep\n|\n|t:|1612172331\n|switch|p1a: Incineroar|Incineroar, M|100\/100\n|-ability|p1a: Incineroar|Intimidate|boost\n|-unboost|p2a: Salamence|atk|1\n|turn|5\n|\n|t:|1612172344\n|switch|p2a: Talonflame|Talonflame, F|100\/100\n|switch|p1a: Braviary|Braviary, M|100\/100\n|\n|upkeep\n|turn|6\n|c| ChetManlyRSA|clap those cheeks boi\n|\n|t:|1612172353\n|switch|p2a: Salamence|Salamence, M|100\/100\n|-ability|p2a: Salamence|Intimidate|boost\n|-unboost|p1a: Braviary|atk|1\n|-ability|p1a: Braviary|Defiant\n|-boost|p1a: Braviary|atk|2\n|move|p1a: Braviary|Brave Bird|p2a: Salamence\n|-damage|p2a: Salamence|0 fnt\n|-damage|p1a: Braviary|69\/100|[from] Recoil\n|faint|p2a: Salamence\n|\n|upkeep\n|c|\u2606Nonsocosascrivere|whattttt\n|\n|t:|1612172366\n|switch|p2a: Nihilego|Nihilego|100\/100\n|turn|7\n|\n|t:|1612172371\n|switch|p1a: Lucario|Lucario, F|83\/100\n|move|p2a: Nihilego|Psychic|p1a: Lucario\n|-damage|p1a: Lucario|36\/100\n|\n|upkeep\n|turn|8\n|c| ChetManlyRSA|that was a smack\n|\n|t:|1612172380\n|switch|p2a: Talonflame|Talonflame, F|100\/100\n|switch|p1a: Incineroar|Incineroar, M|100\/100\n|-ability|p1a: Incineroar|Intimidate|boost\n|-unboost|p2a: Talonflame|atk|1\n|\n|upkeep\n|turn|9\n|\n|t:|1612172395\n|switch|p2a: Rillaboom|Rillaboom, M|100\/100\n|-fieldstart|move: Grassy Terrain|[from] ability: Grassy Surge|[of] p2a: Rillaboom\n|move|p1a: Incineroar|Bulk Up|p1a: Incineroar\n|-boost|p1a: Incineroar|atk|1\n|-boost|p1a: Incineroar|def|1\n|\n|upkeep\n|turn|10\n|\n|t:|1612172399\n|move|p1a: Incineroar|Flame Charge|p2a: Rillaboom\n|-supereffective|p2a: Rillaboom\n|-damage|p2a: Rillaboom|36\/100\n|-boost|p1a: Incineroar|spe|1\n|move|p2a: Rillaboom|Superpower|p1a: Incineroar\n|-supereffective|p1a: Incineroar\n|-enditem|p1a: Incineroar|Chople Berry|[eat]\n|-enditem|p1a: Incineroar|Chople Berry|[weaken]\n|-damage|p1a: Incineroar|51\/100\n|-unboost|p2a: Rillaboom|atk|1\n|-unboost|p2a: Rillaboom|def|1\n|\n|-heal|p1a: Incineroar|57\/100|[from] Grassy Terrain\n|-heal|p2a: Rillaboom|42\/100|[from] Grassy Terrain\n|upkeep\n|turn|11\n|\n|t:|1612172418\n|switch|p2a: Talonflame|Talonflame, F|100\/100\n|move|p1a: Incineroar|Flame Charge|p2a: Talonflame\n|-resisted|p2a: Talonflame\n|-damage|p2a: Talonflame|75\/100\n|-boost|p1a: Incineroar|spe|1\n|\n|-heal|p1a: Incineroar|63\/100|[from] Grassy Terrain\n|upkeep\n|turn|12\n|c| ChetManlyRSA|inceneroar pog\n|\n|t:|1612172426\n|move|p1a: Incineroar|Bulk Up|p1a: Incineroar\n|-boost|p1a: Incineroar|atk|1\n|-boost|p1a: Incineroar|def|1\n|move|p2a: Talonflame|Brave Bird|p1a: Incineroar\n|-crit|p1a: Incineroar\n|-damage|p1a: Incineroar|0 fnt\n|-damage|p2a: Talonflame|52\/100|[from] Recoil\n|faint|p1a: Incineroar\n|\n|upkeep\n|\n|t:|1612172433\n|switch|p1a: Tapu Koko|Tapu Koko|100\/100\n|-fieldstart|move: Electric Terrain|[from] ability: Electric Surge|[of] p1a: Tapu Koko\n|turn|13\n|c|\u2606Nonsocosascrivere|ffffff\n|c| ChetManlyRSA|F\n|\n|t:|1612172442\n|switch|p2a: Nihilego|Nihilego|100\/100\n|move|p1a: Tapu Koko|Thunderbolt|p2a: Nihilego\n|-damage|p2a: Nihilego|58\/100\n|-status|p2a: Nihilego|par\n|\n|upkeep\n|turn|14\n|c|\u2606Nonsocosascrivere|uffff\n|\n|t:|1612172455\n|move|p1a: Tapu Koko|U-turn|p2a: Nihilego\n|-resisted|p2a: Nihilego\n|-damage|p2a: Nihilego|44\/100 par\n|\n|t:|1612172458\n|switch|p1a: Lucario|Lucario, F|36\/100|[from]move: U-turn\n|move|p2a: Nihilego|Meteor Beam||[still]\n|-prepare|p2a: Nihilego|Meteor Beam\n|-boost|p2a: Nihilego|spa|1\n|-enditem|p2a: Nihilego|Power Herb\n|-anim|p2a: Nihilego|Meteor Beam|p1a: Lucario\n|-resisted|p1a: Lucario\n|-damage|p1a: Lucario|0 fnt\n|faint|p1a: Lucario\n|-ability|p2a: Nihilego|Beast Boost|boost\n|-boost|p2a: Nihilego|spa|1\n|\n|upkeep\n|\n|t:|1612172463\n|switch|p1a: Braviary|Braviary, M|69\/100\n|turn|15\n|c| ChetManlyRSA|bruh.wav\n|c|\u2606Nonsocosascrivere|shit\n|\n|t:|1612172478\n|-start|p1a: Braviary|Dynamax\n|-heal|p1a: Braviary|69\/100|[silent]\n|move|p1a: Braviary|Max Airstream|p2a: Nihilego\n|-resisted|p2a: Nihilego\n|-damage|p2a: Nihilego|0 fnt\n|-boost|p1a: Braviary|spe|1\n|faint|p2a: Nihilego\n|\n|upkeep\n|c| ChetManlyRSA|good ol dynawank\n|\n|t:|1612172505\n|switch|p2a: Talonflame|Talonflame, F|52\/100\n|turn|16\n|\n|t:|1612172509\n|-start|p2a: Talonflame|Dynamax\n|-heal|p2a: Talonflame|52\/100|[silent]\n|move|p2a: Talonflame|Max Guard|p2a: Talonflame\n|-singleturn|p2a: Talonflame|Max Guard\n|move|p1a: Braviary|Max Airstream|p2a: Talonflame\n|-activate|p2a: Talonflame|move: Max Guard\n|\n|upkeep\n|turn|17\n|\n|t:|1612172516\n|move|p1a: Braviary|Max Airstream|p2a: Talonflame\n|-damage|p2a: Talonflame|0 fnt\n|-boost|p1a: Braviary|spe|1\n|faint|p2a: Talonflame\n|\n|-fieldend|move: Electric Terrain\n|-end|p1a: Braviary|Dynamax\n|-heal|p1a: Braviary|69\/100|[silent]\n|upkeep\n|\n|t:|1612172529\n|switch|p2a: Slowking|Slowking, M|100\/100\n|turn|18\n|\n|t:|1612172532\n|move|p1a: Braviary|U-turn|p2a: Slowking\n|-supereffective|p2a: Slowking\n|-damage|p2a: Slowking|52\/100\n|\n|t:|1612172535\n|switch|p1a: Tapu Koko|Tapu Koko|100\/100|[from]move: U-turn\n|-fieldstart|move: Electric Terrain|[from] ability: Electric Surge|[of] p1a: Tapu Koko\n|move|p2a: Slowking|Psychic|p1a: Tapu Koko\n|-damage|p1a: Tapu Koko|33\/100\n|-unboost|p1a: Tapu Koko|spd|1\n|\n|upkeep\n|turn|19\n|c|\u2606Nonsocosascrivere|brh\n|c|\u2606Nonsocosascrivere|bruh\n|c| ChetManlyRSA|b\n|c| ChetManlyRSA|r\n|c| ChetManlyRSA|u\n|c| ChetManlyRSA|h\n|\n|t:|1612172546\n|switch|p2a: Rillaboom|Rillaboom, M|42\/100\n|-fieldstart|move: Grassy Terrain|[from] ability: Grassy Surge|[of] p2a: Rillaboom\n|move|p1a: Tapu Koko|U-turn|p2a: Rillaboom\n|-supereffective|p2a: Rillaboom\n|-damage|p2a: Rillaboom|12\/100\n|\n|t:|1612172548\n|switch|p1a: Braviary|Braviary, M|69\/100|[from]move: U-turn\n|\n|-heal|p2a: Rillaboom|18\/100|[from] Grassy Terrain\n|upkeep\n|turn|20\n|\n|t:|1612172553\n|move|p2a: Rillaboom|Grassy Glide|p1a: Braviary\n|-resisted|p1a: Braviary\n|-damage|p1a: Braviary|17\/100\n|move|p1a: Braviary|Brave Bird|p2a: Rillaboom\n|-supereffective|p2a: Rillaboom\n|-crit|p2a: Rillaboom\n|-damage|p2a: Rillaboom|0 fnt\n|-damage|p1a: Braviary|10\/100|[from] Recoil\n|faint|p2a: Rillaboom\n|\n|upkeep\n|\n|t:|1612172562\n|switch|p2a: Slowking|Slowking, M|85\/100\n|turn|21\n|\n|t:|1612172567\n|move|p1a: Braviary|Brave Bird|p2a: Slowking\n|-damage|p2a: Slowking|21\/100\n|-damage|p1a: Braviary|0 fnt|[from] Recoil\n|faint|p1a: Braviary\n|move|p2a: Slowking|Scald|p1: Braviary|[notarget]\n|-fail|p2a: Slowking\n|\n|-heal|p2a: Slowking|27\/100|[from] Grassy Terrain\n|upkeep\n|\n|t:|1612172569\n|switch|p1a: Tapu Koko|Tapu Koko|33\/100\n|-fieldstart|move: Electric Terrain|[from] ability: Electric Surge|[of] p1a: Tapu Koko\n|turn|22\n|c|\u2606LolzMachine|gg\n|c|\u2606Nonsocosascrivere|gg\n|c|\u2606Nonsocosascrivere|i hate dynamax\n|\n|t:|1612172589\n|move|p1a: Tapu Koko|Thunderbolt|p2a: Slowking\n|-supereffective|p2a: Slowking\n|-damage|p2a: Slowking|0 fnt\n|faint|p2a: Slowking\n|\n|win|LolzMachine\n|raw|LolzMachine's rating: 1368 &rarr; <strong>1390<\/strong><br \/>(+22 for winning)\n|raw|Nonsocosascrivere's rating: 1408 &rarr; <strong>1386<\/strong><br \/>(-22 for losing)\n|l|\u2606Nonsocosascrivere\n","uploadtime":1612172675,"views":6,"p1id":"lolzmachine","p2id":"nonsocosascrivere","formatid":"gen8nationaldexag","rating":1386,"private":0,"password":null}