{"id":"gen8ou-1682020176","p1":"cows123p","p2":"minimax_ai","format":"gen8ou","log":"|j|\u2606cows123p\n|j|\u2606minimax_ai\n|t:|1665378115\n|gametype|singles\n|player|p1|cows123p|twins-gen4dp|1528\n|player|p2|minimax_ai|lusamine-nihilego|1453\n|teamsize|p1|6\n|teamsize|p2|6\n|gen|8\n|tier|[Gen 8] OU\n|rated|\n|rule|Sleep Clause Mod: Limit one foe put to sleep\n|rule|Species Clause: Limit one of each Pok\u00e9mon\n|rule|OHKO Clause: OHKO moves are banned\n|rule|Evasion Items Clause: Evasion items are banned\n|rule|Evasion Moves Clause: Evasion moves are banned\n|rule|Endless Battle Clause: Forcing endless battles is banned\n|rule|HP Percentage Mod: HP is shown in percentages\n|rule|Dynamax Clause: You cannot dynamax\n|clearpoke\n|poke|p1|Azelf|\n|poke|p1|Garchomp, M|\n|poke|p1|Tapu Lele|\n|poke|p1|Dragapult, F|\n|poke|p1|Urshifu-*, M|\n|poke|p1|Magnezone|\n|poke|p2|Rotom-Wash|\n|poke|p2|Weavile, F|\n|poke|p2|Landorus-Therian, M|\n|poke|p2|Heatran, M|\n|poke|p2|Tangrowth, M|\n|poke|p2|Melmetal|\n|teampreview\n|c|\u2606minimax_ai|hf\n|inactive|Battle timer is ON: inactive players will automatically lose when time's up. (requested by minimax_ai)\n|\n|t:|1665378127\n|start\n|switch|p1a: Azelf|Azelf|100\/100\n|switch|p2a: landorustherian|Landorus-Therian, M|100\/100\n|-ability|p2a: landorustherian|Intimidate|boost\n|-unboost|p1a: Azelf|atk|1\n|turn|1\n|\n|t:|1665378133\n|move|p1a: Azelf|Stealth Rock|p2a: landorustherian\n|-sidestart|p2: minimax_ai|move: Stealth Rock\n|move|p2a: landorustherian|U-turn|p1a: Azelf\n|-supereffective|p1a: Azelf\n|-damage|p1a: Azelf|39\/100\n|\n|t:|1665378133\n|switch|p2a: Melmetal|Melmetal|100\/100|[from]move: U-turn\n|-damage|p2a: Melmetal|94\/100|[from] Stealth Rock\n|\n|upkeep\n|turn|2\n|\n|t:|1665378143\n|move|p1a: Azelf|Fire Blast|p2a: Melmetal\n|-supereffective|p2a: Melmetal\n|-crit|p2a: Melmetal\n|-damage|p2a: Melmetal|48\/100\n|move|p2a: Melmetal|Thunder Punch|p1a: Azelf\n|-damage|p1a: Azelf|0 fnt\n|faint|p1a: Azelf\n|\n|upkeep\n|\n|t:|1665378155\n|switch|p1a: Urshifu|Urshifu-Rapid-Strike, M|100\/100\n|turn|3\n|\n|t:|1665378158\n|switch|p2a: Tangrowth|Tangrowth, M|100\/100\n|-damage|p2a: Tangrowth|88\/100|[from] Stealth Rock\n|move|p1a: Urshifu|U-turn|p2a: Tangrowth\n|-supereffective|p2a: Tangrowth\n|-damage|p2a: Tangrowth|60\/100\n|-damage|p1a: Urshifu|84\/100|[from] item: Rocky Helmet|[of] p2a: Tangrowth\n|\n|t:|1665378166\n|switch|p1a: Tapu Lele|Tapu Lele|100\/100|[from]move: U-turn\n|-fieldstart|move: Psychic Terrain|[from] ability: Psychic Surge|[of] p1a: Tapu Lele\n|\n|upkeep\n|turn|4\n|\n|t:|1665378172\n|switch|p2a: Melmetal|Melmetal|48\/100\n|-damage|p2a: Melmetal|42\/100|[from] Stealth Rock\n|move|p1a: Tapu Lele|Psychic|p2a: Melmetal\n|-resisted|p2a: Melmetal\n|-crit|p2a: Melmetal\n|-damage|p2a: Melmetal|8\/100\n|\n|upkeep\n|turn|5\n|\n|t:|1665378179\n|switch|p2a: Weavile|Weavile, F|100\/100\n|-damage|p2a: Weavile|76\/100|[from] Stealth Rock\n|-ability|p2a: Weavile|Pressure\n|move|p1a: Tapu Lele|Psychic|p2a: Weavile\n|-immune|p2a: Weavile\n|\n|upkeep\n|turn|6\n|\n|t:|1665378196\n|switch|p1a: Urshifu|Urshifu-Rapid-Strike, M|84\/100\n|move|p2a: Weavile|Knock Off|p1a: Urshifu\n|-resisted|p1a: Urshifu\n|-damage|p1a: Urshifu|51\/100\n|-enditem|p1a: Urshifu|Choice Scarf|[from] move: Knock Off|[of] p2a: Weavile\n|\n|upkeep\n|turn|7\n|\n|t:|1665378203\n|switch|p2a: Tangrowth|Tangrowth, M|93\/100\n|-damage|p2a: Tangrowth|81\/100|[from] Stealth Rock\n|move|p1a: Urshifu|U-turn|p2a: Tangrowth\n|-supereffective|p2a: Tangrowth\n|-damage|p2a: Tangrowth|52\/100\n|-damage|p1a: Urshifu|34\/100|[from] item: Rocky Helmet|[of] p2a: Tangrowth\n|\n|t:|1665378214\n|switch|p1a: Tapu Lele|Tapu Lele|100\/100|[from]move: U-turn\n|\n|-fieldend|move: Psychic Terrain\n|upkeep\n|turn|8\n|\n|t:|1665378221\n|switch|p2a: Melmetal|Melmetal|8\/100\n|-damage|p2a: Melmetal|2\/100|[from] Stealth Rock\n|move|p1a: Tapu Lele|Focus Blast|p2a: Melmetal\n|-supereffective|p2a: Melmetal\n|-crit|p2a: Melmetal\n|-damage|p2a: Melmetal|0 fnt\n|faint|p2a: Melmetal\n|\n|upkeep\n|\n|t:|1665378221\n|switch|p2a: landorustherian|Landorus-Therian, M|100\/100\n|-damage|p2a: landorustherian|88\/100|[from] Stealth Rock\n|-ability|p2a: landorustherian|Intimidate|boost\n|-unboost|p1a: Tapu Lele|atk|1\n|turn|9\n|\n|t:|1665378235\n|switch|p1a: Urshifu|Urshifu-Rapid-Strike, M|34\/100\n|move|p2a: landorustherian|Earthquake|p1a: Urshifu\n|-damage|p1a: Urshifu|0 fnt\n|faint|p1a: Urshifu\n|\n|-heal|p2a: landorustherian|94\/100|[from] item: Leftovers\n|upkeep\n|\n|t:|1665378243\n|switch|p1a: Tapu Lele|Tapu Lele|100\/100\n|-fieldstart|move: Psychic Terrain|[from] ability: Psychic Surge|[of] p1a: Tapu Lele\n|turn|10\n|\n|t:|1665378254\n|move|p1a: Tapu Lele|Psychic|p2a: landorustherian\n|-damage|p2a: landorustherian|27\/100\n|move|p2a: landorustherian|Earthquake|p1a: Tapu Lele\n|-damage|p1a: Tapu Lele|26\/100\n|\n|-heal|p2a: landorustherian|33\/100|[from] item: Leftovers\n|upkeep\n|turn|11\n|\n|t:|1665378260\n|switch|p2a: Heatran|Heatran, M|100\/100\n|-damage|p2a: Heatran|88\/100|[from] Stealth Rock\n|-item|p2a: Heatran|Air Balloon\n|move|p1a: Tapu Lele|Psychic|p2a: Heatran\n|-resisted|p2a: Heatran\n|-crit|p2a: Heatran\n|-damage|p2a: Heatran|23\/100\n|-enditem|p2a: Heatran|Air Balloon\n|\n|upkeep\n|turn|12\n|\n|t:|1665378268\n|switch|p2a: landorustherian|Landorus-Therian, M|33\/100\n|-damage|p2a: landorustherian|21\/100|[from] Stealth Rock\n|-ability|p2a: landorustherian|Intimidate|boost\n|-unboost|p1a: Tapu Lele|atk|1\n|move|p1a: Tapu Lele|Psychic|p2a: landorustherian\n|-damage|p2a: landorustherian|0 fnt\n|faint|p2a: landorustherian\n|\n|upkeep\n|\n|t:|1665378268\n|switch|p2a: Weavile|Weavile, F|76\/100\n|-damage|p2a: Weavile|51\/100|[from] Stealth Rock\n|-ability|p2a: Weavile|Pressure\n|turn|13\n|\n|t:|1665378280\n|switch|p1a: Magnezone|Magnezone|100\/100\n|move|p2a: Weavile|Knock Off|p1a: Magnezone\n|-crit|p1a: Magnezone\n|-damage|p1a: Magnezone|0 fnt\n|-enditem|p1a: Magnezone|Choice Scarf|[from] move: Knock Off|[of] p2a: Weavile\n|faint|p1a: Magnezone\n|\n|upkeep\n|\n|t:|1665378289\n|switch|p1a: Dragapult|Dragapult, F|100\/100\n|turn|14\n|\n|t:|1665378293\n|move|p1a: Dragapult|Dragon Darts|p2a: Weavile\n|-damage|p2a: Weavile|8\/100\n|-anim|p1a: Dragapult|Dragon Darts|p2a: Weavile\n|-damage|p2a: Weavile|0 fnt\n|faint|p2a: Weavile\n|\n|-fieldend|move: Psychic Terrain\n|upkeep\n|\n|t:|1665378293\n|switch|p2a: Tangrowth|Tangrowth, M|86\/100\n|-damage|p2a: Tangrowth|73\/100|[from] Stealth Rock\n|turn|15\n|\n|t:|1665378303\n|move|p1a: Dragapult|Dragon Dance|p1a: Dragapult\n|-boost|p1a: Dragapult|atk|1\n|-boost|p1a: Dragapult|spe|1\n|move|p2a: Tangrowth|Knock Off|p1a: Dragapult\n|-supereffective|p1a: Dragapult\n|-damage|p1a: Dragapult|37\/100\n|-enditem|p1a: Dragapult|Leftovers|[from] move: Knock Off|[of] p2a: Tangrowth\n|\n|upkeep\n|turn|16\n|\n|t:|1665378315\n|move|p1a: Dragapult|Dragon Darts|p2a: Tangrowth\n|-damage|p2a: Tangrowth|54\/100\n|-anim|p1a: Dragapult|Dragon Darts|p2a: Tangrowth\n|-damage|p2a: Tangrowth|35\/100\n|move|p2a: Tangrowth|Knock Off|p1a: Dragapult\n|-supereffective|p1a: Dragapult\n|-damage|p1a: Dragapult|0 fnt\n|faint|p1a: Dragapult\n|\n|upkeep\n|\n|t:|1665378322\n|switch|p1a: Tapu Lele|Tapu Lele|26\/100\n|-fieldstart|move: Psychic Terrain|[from] ability: Psychic Surge|[of] p1a: Tapu Lele\n|turn|17\n|\n|t:|1665378329\n|switch|p2a: Heatran|Heatran, M|23\/100\n|-damage|p2a: Heatran|11\/100|[from] Stealth Rock\n|move|p1a: Tapu Lele|Psychic|p2a: Heatran\n|-resisted|p2a: Heatran\n|-damage|p2a: Heatran|0 fnt\n|faint|p2a: Heatran\n|\n|upkeep\n|\n|t:|1665378329\n|switch|p2a: Tangrowth|Tangrowth, M|68\/100\n|-damage|p2a: Tangrowth|56\/100|[from] Stealth Rock\n|turn|18\n|\n|t:|1665378338\n|move|p1a: Tapu Lele|Psychic|p2a: Tangrowth\n|-damage|p2a: Tangrowth|0 fnt\n|faint|p2a: Tangrowth\n|\n|upkeep\n|\n|t:|1665378338\n|switch|p2a: rotomwash|Rotom-Wash|100\/100\n|-damage|p2a: rotomwash|88\/100|[from] Stealth Rock\n|turn|19\n|\n|t:|1665378352\n|move|p1a: Tapu Lele|Psychic|p2a: rotomwash\n|-damage|p2a: rotomwash|0 fnt\n|faint|p2a: rotomwash\n|\n|win|cows123p\n|raw|cows123p's rating: 1528 &rarr; <strong>1544<\/strong><br \/>(+16 for winning)\n|raw|minimax_ai's rating: 1453 &rarr; <strong>1437<\/strong><br \/>(-16 for losing)\n|c|\u2606minimax_ai|gg\n","uploadtime":1665378354,"views":7,"p1id":"cows123p","p2id":"minimaxai","formatid":"gen8ou","rating":1437,"private":0,"password":null}