{"id":"gen8nu-1149133238","p1":"OGamer289","p2":"cacharel","format":"gen8nu","log":"|j|\u2606OGamer289\n|j|\u2606cacharel\n|player|p1|OGamer289|153|1240\n|player|p2|cacharel|101|1121\n|teamsize|p1|6\n|teamsize|p2|6\n|gametype|singles\n|gen|8\n|tier|[Gen 8] NU\n|rated|\n|clearpoke\n|poke|p1|Flapple, M|\n|poke|p1|Abomasnow, F|\n|poke|p1|Stunfisk-Galar, F|\n|poke|p1|Clefairy, M|\n|poke|p1|Ninjask, M|\n|poke|p1|Rotom|\n|poke|p2|Liepard, F|\n|poke|p2|Weezing, F|\n|poke|p2|Lanturn, F|\n|poke|p2|Silvally-*|\n|poke|p2|Cramorant, M|\n|poke|p2|Sandaconda, F|\n|rule|Sleep Clause Mod: Limit one foe put to sleep\n|rule|Species Clause: Limit one of each Pok\u00e9mon\n|rule|OHKO Clause: OHKO moves are banned\n|rule|Evasion Moves Clause: Evasion moves are banned\n|rule|Endless Battle Clause: Forcing endless battles is banned\n|rule|HP Percentage Mod: HP is shown in percentages\n|rule|Dynamax Clause: You cannot dynamax\n|teampreview\n|inactive|Battle timer is ON: inactive players will automatically lose when time's up. (requested by OGamer289)\n|\n|start\n|switch|p1a: Rotom|Rotom|100\/100\n|switch|p2a: Liepard|Liepard, F|100\/100\n|turn|1\n|\n|move|p2a: Liepard|Dark Pulse|p1a: Rotom\n|-supereffective|p1a: Rotom\n|-damage|p1a: Rotom|10\/100\n|cant|p1a: Rotom|flinch\n|\n|-heal|p1a: Rotom|16\/100|[from] item: Leftovers\n|upkeep\n|turn|2\n|\n|switch|p2a: Lanturn|Lanturn, F|100\/100\n|switch|p1a: Stunfisk|Stunfisk-Galar, F|100\/100\n|\n|upkeep\n|turn|3\n|\n|move|p2a: Lanturn|Scald|p1a: Stunfisk\n|-supereffective|p1a: Stunfisk\n|-damage|p1a: Stunfisk|24\/100\n|-status|p1a: Stunfisk|brn\n|move|p1a: Stunfisk|Stealth Rock|p2a: Lanturn\n|-sidestart|p2: cacharel|move: Stealth Rock\n|\n|-heal|p1a: Stunfisk|30\/100 brn|[from] item: Leftovers\n|-damage|p1a: Stunfisk|24\/100 brn|[from] brn\n|upkeep\n|turn|4\n|\n|switch|p2a: Cramorant|Cramorant, M|100\/100\n|move|p1a: Stunfisk|Earthquake|p2a: Cramorant\n|-immune|p2a: Cramorant\n|\n|-heal|p1a: Stunfisk|30\/100 brn|[from] item: Leftovers\n|-damage|p1a: Stunfisk|24\/100 brn|[from] brn\n|upkeep\n|turn|5\n|\n|move|p2a: Cramorant|Defog|p1a: Stunfisk\n|-unboost|p1a: Stunfisk|evasion|1\n|-sideend|p2: cacharel|Stealth Rock|[from] move: Defog|[of] p2a: Cramorant\n|move|p1a: Stunfisk|Thunder Wave|p2a: Cramorant\n|-status|p2a: Cramorant|par\n|\n|-heal|p1a: Stunfisk|30\/100 brn|[from] item: Leftovers\n|-damage|p1a: Stunfisk|24\/100 brn|[from] brn\n|upkeep\n|turn|6\n|\n|move|p2a: Cramorant|Surf|p1a: Stunfisk\n|-supereffective|p1a: Stunfisk\n|-formechange|p2a: Cramorant|Cramorant-Gulping|\n|-damage|p1a: Stunfisk|0 fnt\n|faint|p1a: Stunfisk\n|\n|upkeep\n|\n|switch|p1a: Rotom|Rotom|16\/100\n|turn|7\n|\n|move|p1a: Rotom|Thunderbolt|p2a: Cramorant\n|-supereffective|p2a: Cramorant\n|-damage|p2a: Cramorant|0 fnt\n|-damage|p1a: Rotom|0 fnt|[from] ability: Gulp Missile|[of] p2a: Cramorant\n|-formechange|p2a: Cramorant|Cramorant|\n|faint|p2a: Cramorant\n|faint|p1a: Rotom\n|\n|upkeep\n|\n|switch|p1a: Flapple|Flapple, M|100\/100\n|switch|p2a: Liepard|Liepard, F|100\/100\n|turn|8\n|j| cute thai girl\n|\n|switch|p2a: Silvally|Silvally-Steel|100\/100\n|move|p1a: Flapple|Grav Apple|p2a: Silvally\n|-resisted|p2a: Silvally\n|-damage|p2a: Silvally|72\/100\n|-unboost|p2a: Silvally|def|1\n|\n|upkeep\n|turn|9\n|\n|move|p2a: Silvally|U-turn|p1a: Flapple\n|-supereffective|p1a: Flapple\n|-damage|p1a: Flapple|45\/100\n|\n|switch|p2a: Weezing|Weezing, F|100\/100|[from]move: U-turn\n|move|p1a: Flapple|Outrage|p2a: Weezing\n|-damage|p2a: Weezing|49\/100\n|-damage|p1a: Flapple|29\/100|[from] item: Rocky Helmet|[of] p2a: Weezing\n|\n|upkeep\n|turn|10\n|\n|move|p1a: Flapple|Outrage|p2a: Weezing|[from]lockedmove\n|-damage|p2a: Weezing|0 fnt\n|-damage|p1a: Flapple|12\/100|[from] item: Rocky Helmet|[of] p2a: Weezing\n|faint|p2a: Weezing\n|\n|upkeep\n|\n|switch|p2a: Silvally|Silvally-Steel|72\/100\n|turn|11\n|\n|move|p2a: Silvally|U-turn|p1a: Flapple\n|-supereffective|p1a: Flapple\n|-damage|p1a: Flapple|0 fnt\n|faint|p1a: Flapple\n|\n|switch|p2a: Liepard|Liepard, F|100\/100|[from]move: U-turn\n|\n|upkeep\n|\n|switch|p1a: Ninjask|Ninjask, M|100\/100\n|turn|12\n|\n|move|p2a: Liepard|Burning Jealousy|p1a: Ninjask\n|-supereffective|p1a: Ninjask\n|-damage|p1a: Ninjask|20\/100\n|move|p1a: Ninjask|Swords Dance|p1a: Ninjask\n|-boost|p1a: Ninjask|atk|2\n|\n|-ability|p1a: Ninjask|Speed Boost|boost\n|-boost|p1a: Ninjask|spe|1\n|upkeep\n|turn|13\n|\n|switch|p2a: Sandaconda|Sandaconda, F|100\/100\n|move|p1a: Ninjask|Leech Life|p2a: Sandaconda\n|-damage|p2a: Sandaconda|53\/100\n|-heal|p1a: Ninjask|45\/100|[from] drain|[of] p2a: Sandaconda\n|-damage|p1a: Ninjask|29\/100|[from] item: Rocky Helmet|[of] p2a: Sandaconda\n|\n|-ability|p1a: Ninjask|Speed Boost|boost\n|-boost|p1a: Ninjask|spe|1\n|upkeep\n|turn|14\n|\n|move|p1a: Ninjask|Leech Life|p2a: Sandaconda\n|-damage|p2a: Sandaconda|7\/100\n|-heal|p1a: Ninjask|53\/100|[from] drain|[of] p2a: Sandaconda\n|-damage|p1a: Ninjask|36\/100|[from] item: Rocky Helmet|[of] p2a: Sandaconda\n|move|p2a: Sandaconda|Body Press|p1a: Ninjask\n|-resisted|p1a: Ninjask\n|-damage|p1a: Ninjask|21\/100\n|\n|-ability|p1a: Ninjask|Speed Boost|boost\n|-boost|p1a: Ninjask|spe|1\n|upkeep\n|turn|15\n|\n|move|p1a: Ninjask|Leech Life|p2a: Sandaconda\n|-damage|p2a: Sandaconda|0 fnt\n|-heal|p1a: Ninjask|24\/100|[from] drain|[of] p2a: Sandaconda\n|-damage|p1a: Ninjask|8\/100|[from] item: Rocky Helmet|[of] p2a: Sandaconda\n|faint|p2a: Sandaconda\n|\n|-ability|p1a: Ninjask|Speed Boost|boost\n|-boost|p1a: Ninjask|spe|1\n|upkeep\n|\n|switch|p2a: Silvally|Silvally-Steel|72\/100\n|turn|16\n|\n|move|p1a: Ninjask|Leech Life|p2a: Silvally\n|-resisted|p2a: Silvally\n|-damage|p2a: Silvally|33\/100\n|-heal|p1a: Ninjask|28\/100|[from] drain|[of] p2a: Silvally\n|move|p2a: Silvally|Multi-Attack|p1a: Ninjask\n|-crit|p1a: Ninjask\n|-damage|p1a: Ninjask|0 fnt\n|faint|p1a: Ninjask\n|\n|upkeep\n|\n|switch|p1a: Abomasnow|Abomasnow, F|100\/100\n|-weather|Hail|[from] ability: Snow Warning|[of] p1a: Abomasnow\n|turn|17\n|\n|switch|p2a: Liepard|Liepard, F|100\/100\n|move|p1a: Abomasnow|Earth Power|p2a: Liepard\n|-damage|p2a: Liepard|46\/100\n|\n|-weather|Hail|[upkeep]\n|-damage|p2a: Liepard|40\/100|[from] Hail\n|upkeep\n|turn|18\n|\n|move|p2a: Liepard|Burning Jealousy|p1a: Abomasnow\n|-supereffective|p1a: Abomasnow\n|-damage|p1a: Abomasnow|6\/100\n|move|p1a: Abomasnow|Earth Power|p2a: Liepard\n|-damage|p2a: Liepard|0 fnt\n|faint|p2a: Liepard\n|\n|-weather|Hail|[upkeep]\n|upkeep\n|\n|switch|p2a: Lanturn|Lanturn, F|100\/100\n|turn|19\n|\n|switch|p1a: Clefairy|Clefairy, M|100\/100\n|move|p2a: Lanturn|Volt Switch|p1a: Clefairy\n|-damage|p1a: Clefairy|73\/100\n|\n|switch|p2a: Silvally|Silvally-Steel|33\/100|[from]move: Volt Switch\n|\n|-weather|Hail|[upkeep]\n|-damage|p2a: Silvally|27\/100|[from] Hail\n|upkeep\n|turn|20\n|\n|move|p2a: Silvally|Multi-Attack|p1a: Clefairy\n|-supereffective|p1a: Clefairy\n|-damage|p1a: Clefairy|0 fnt\n|faint|p1a: Clefairy\n|\n|-weather|Hail|[upkeep]\n|-damage|p2a: Silvally|21\/100|[from] Hail\n|upkeep\n|\n|switch|p1a: Abomasnow|Abomasnow, F|6\/100\n|turn|21\n|\n|move|p1a: Abomasnow|Giga Drain|p2a: Silvally\n|-resisted|p2a: Silvally\n|-damage|p2a: Silvally|3\/100\n|-heal|p1a: Abomasnow|15\/100|[from] drain|[of] p2a: Silvally\n|move|p2a: Silvally|Multi-Attack|p1a: Abomasnow\n|-supereffective|p1a: Abomasnow\n|-damage|p1a: Abomasnow|0 fnt\n|faint|p1a: Abomasnow\n|\n|win|cacharel\n|raw|OGamer289's rating: 1240 &rarr; <strong>1207<\/strong><br \/>(-33 for losing)\n|raw|cacharel's rating: 1121 &rarr; <strong>1155<\/strong><br \/>(+34 for winning)\n|l|\u2606OGamer289\n","uploadtime":1594456323,"views":6,"p1id":"ogamer289","p2id":"cacharel","formatid":"gen8nu","rating":1155,"private":0,"password":null}