{"id":"gen8ou-1587098090","p1":"Dysipius","p2":"Scoots Mgee","format":"gen8ou","log":"|j|\u2606Dysipius\n|j|\u2606Scoots Mgee\n|t:|1654094607\n|gametype|singles\n|player|p1|Dysipius|riley|1443\n|player|p2|Scoots Mgee|acetrainerf|1430\n|teamsize|p1|6\n|teamsize|p2|6\n|gen|8\n|tier|[Gen 8] OU\n|rated|\n|rule|Sleep Clause Mod: Limit one foe put to sleep\n|rule|Species Clause: Limit one of each Pok\u00e9mon\n|rule|OHKO Clause: OHKO moves are banned\n|rule|Evasion Moves Clause: Evasion moves are banned\n|rule|Endless Battle Clause: Forcing endless battles is banned\n|rule|HP Percentage Mod: HP is shown in percentages\n|rule|Dynamax Clause: You cannot dynamax\n|clearpoke\n|poke|p1|Galvantula, F|\n|poke|p1|Blacephalon|\n|poke|p1|Slowbro, M|\n|poke|p1|Ferrothorn, F|\n|poke|p1|Kartana|\n|poke|p1|Landorus-Therian, M|\n|poke|p2|Melmetal|\n|poke|p2|Landorus-Therian, M|\n|poke|p2|Heatran, M|\n|poke|p2|Slowbro, M|\n|poke|p2|Tapu Fini|\n|poke|p2|Mienshao, F|\n|teampreview\n|inactive|Battle timer is ON: inactive players will automatically lose when time's up. (requested by Dysipius)\n|\n|t:|1654094618\n|start\n|switch|p1a: Galvantula|Galvantula, F|100\/100\n|switch|p2a: Mienshao|Mienshao, F|100\/100\n|turn|1\n|\n|t:|1654094625\n|move|p2a: Mienshao|Fake Out|p1a: Galvantula\n|-damage|p1a: Galvantula|77\/100\n|cant|p1a: Galvantula|flinch\n|\n|upkeep\n|turn|2\n|\n|t:|1654094631\n|move|p1a: Galvantula|Sticky Web|p2a: Mienshao\n|-sidestart|p2: Scoots Mgee|move: Sticky Web\n|move|p2a: Mienshao|Knock Off|p1a: Galvantula\n|-damage|p1a: Galvantula|19\/100\n|-enditem|p1a: Galvantula|Focus Sash|[from] move: Knock Off|[of] p2a: Mienshao\n|\n|upkeep\n|turn|3\n|\n|t:|1654094640\n|move|p1a: Galvantula|Volt Switch|p2a: Mienshao\n|-damage|p2a: Mienshao|41\/100\n|\n|t:|1654094643\n|switch|p1a: Slowbro|Slowbro, M|100\/100|[from]move: Volt Switch\n|move|p2a: Mienshao|Knock Off|p1a: Slowbro\n|-supereffective|p1a: Slowbro\n|-damage|p1a: Slowbro|61\/100\n|-damage|p2a: Mienshao|25\/100|[from] item: Rocky Helmet|[of] p1a: Slowbro\n|-enditem|p1a: Slowbro|Rocky Helmet|[from] move: Knock Off|[of] p2a: Mienshao\n|\n|upkeep\n|turn|4\n|\n|t:|1654094654\n|move|p2a: Mienshao|U-turn|p1a: Slowbro\n|-supereffective|p1a: Slowbro\n|-damage|p1a: Slowbro|31\/100\n|\n|t:|1654094656\n|switch|p2a: Tapu Fini|Tapu Fini|100\/100|[from]move: U-turn\n|-activate|p2a: Tapu Fini|move: Sticky Web\n|-unboost|p2a: Tapu Fini|spe|1\n|-fieldstart|move: Misty Terrain|[from] ability: Misty Surge|[of] p2a: Tapu Fini\n|move|p1a: Slowbro|Scald|p2a: Tapu Fini\n|-resisted|p2a: Tapu Fini\n|-damage|p2a: Tapu Fini|90\/100\n|\n|upkeep\n|turn|5\n|\n|t:|1654094668\n|switch|p1a: Ferrothorn|Ferrothorn, F|100\/100\n|move|p2a: Tapu Fini|Defog|p1a: Ferrothorn\n|-unboost|p1a: Ferrothorn|evasion|1\n|-sideend|p2: Scoots Mgee|Sticky Web|[from] move: Defog|[of] p2a: Tapu Fini\n|-fieldend|Misty Terrain\n|\n|upkeep\n|turn|6\n|\n|t:|1654094679\n|switch|p2a: Heatran|Heatran, M|100\/100\n|move|p1a: Ferrothorn|Spikes|p2a: Heatran\n|-sidestart|p2: Scoots Mgee|Spikes\n|\n|upkeep\n|turn|7\n|\n|t:|1654094685\n|switch|p1a: Landorus|Landorus-Therian, M|100\/100\n|-ability|p1a: Landorus|Intimidate|boost\n|-unboost|p2a: Heatran|atk|1\n|move|p2a: Heatran|Lava Plume|p1a: Landorus\n|-damage|p1a: Landorus|77\/100\n|\n|-heal|p1a: Landorus|83\/100|[from] item: Leftovers\n|upkeep\n|turn|8\n|\n|t:|1654094696\n|switch|p2a: Landorus|Landorus-Therian, M|100\/100\n|-ability|p2a: Landorus|Intimidate|boost\n|-unboost|p1a: Landorus|atk|1\n|move|p1a: Landorus|Earthquake|p2a: Landorus\n|-immune|p2a: Landorus\n|\n|-heal|p1a: Landorus|89\/100|[from] item: Leftovers\n|upkeep\n|turn|9\n|\n|t:|1654094705\n|move|p2a: Landorus|Stealth Rock|p1a: Landorus\n|-sidestart|p1: Dysipius|move: Stealth Rock\n|move|p1a: Landorus|Toxic|p2a: Landorus\n|-status|p2a: Landorus|tox\n|\n|-heal|p1a: Landorus|95\/100|[from] item: Leftovers\n|-damage|p2a: Landorus|94\/100 tox|[from] psn\n|upkeep\n|turn|10\n|\n|t:|1654094714\n|move|p2a: Landorus|Toxic|p1a: Landorus\n|-status|p1a: Landorus|tox\n|move|p1a: Landorus|Defog|p2a: Landorus\n|-unboost|p2a: Landorus|evasion|1\n|-sideend|p2: Scoots Mgee|Spikes|[from] move: Defog|[of] p1a: Landorus\n|-sideend|p1: Dysipius|Stealth Rock|[from] move: Defog|[of] p1a: Landorus\n|\n|-heal|p2a: Landorus|100\/100 tox|[from] item: Leftovers\n|-heal|p1a: Landorus|100\/100 tox|[from] item: Leftovers\n|-damage|p2a: Landorus|88\/100 tox|[from] psn\n|-damage|p1a: Landorus|94\/100 tox|[from] psn\n|upkeep\n|turn|11\n|\n|t:|1654094726\n|move|p2a: Landorus|U-turn|p1a: Landorus\n|-resisted|p1a: Landorus\n|-damage|p1a: Landorus|84\/100 tox\n|\n|t:|1654094734\n|switch|p2a: Tapu Fini|Tapu Fini|90\/100|[from]move: U-turn\n|-fieldstart|move: Misty Terrain|[from] ability: Misty Surge|[of] p2a: Tapu Fini\n|move|p1a: Landorus|U-turn|p2a: Tapu Fini\n|-resisted|p2a: Tapu Fini\n|-damage|p2a: Tapu Fini|83\/100\n|\n|t:|1654094742\n|switch|p1a: Kartana|Kartana|100\/100|[from]move: U-turn\n|\n|upkeep\n|turn|12\n|\n|t:|1654094754\n|switch|p2a: Landorus|Landorus-Therian, M|88\/100 tox\n|-ability|p2a: Landorus|Intimidate|boost\n|-unboost|p1a: Kartana|atk|1\n|move|p1a: Kartana|Sacred Sword|p2a: Landorus\n|-resisted|p2a: Landorus\n|-damage|p2a: Landorus|79\/100 tox\n|\n|-heal|p2a: Landorus|85\/100 tox|[from] item: Leftovers\n|-damage|p2a: Landorus|79\/100 tox|[from] psn\n|upkeep\n|turn|13\n|\n|t:|1654094766\n|switch|p1a: Landorus|Landorus-Therian, M|84\/100 tox\n|-ability|p1a: Landorus|Intimidate|boost\n|-unboost|p2a: Landorus|atk|1\n|move|p2a: Landorus|U-turn|p1a: Landorus\n|-resisted|p1a: Landorus\n|-damage|p1a: Landorus|77\/100 tox\n|\n|t:|1654094771\n|switch|p2a: Slowbro|Slowbro, M|100\/100|[from]move: U-turn\n|\n|-heal|p1a: Landorus|83\/100 tox|[from] item: Leftovers\n|-damage|p1a: Landorus|77\/100 tox|[from] psn\n|upkeep\n|turn|14\n|\n|t:|1654094781\n|switch|p1a: Slowbro|Slowbro, M|64\/100\n|move|p2a: Slowbro|Future Sight|p1a: Slowbro\n|-start|p2a: Slowbro|move: Future Sight\n|\n|upkeep\n|turn|15\n|\n|t:|1654094788\n|move|p1a: Slowbro|Future Sight|p2a: Slowbro\n|-start|p1a: Slowbro|move: Future Sight\n|move|p2a: Slowbro|Teleport|p2a: Slowbro\n|\n|t:|1654094792\n|switch|p2a: Mienshao|Mienshao, F|58\/100|[from]move: Teleport\n|\n|-fieldend|Misty Terrain\n|upkeep\n|turn|16\n|\n|t:|1654094808\n|switch|p1a: Ferrothorn|Ferrothorn, F|100\/100\n|move|p2a: Mienshao|Fake Out|p1a: Ferrothorn\n|-resisted|p1a: Ferrothorn\n|-damage|p1a: Ferrothorn|96\/100\n|-damage|p2a: Mienshao|46\/100|[from] ability: Iron Barbs|[of] p1a: Ferrothorn\n|\n|-end|p1a: Ferrothorn|move: Future Sight\n|-resisted|p1a: Ferrothorn\n|-damage|p1a: Ferrothorn|81\/100\n|-heal|p1a: Ferrothorn|88\/100|[from] item: Leftovers\n|upkeep\n|turn|17\n|\n|t:|1654094821\n|switch|p1a: Slowbro|Slowbro, M|97\/100\n|move|p2a: Mienshao|U-turn|p1a: Slowbro\n|-supereffective|p1a: Slowbro\n|-damage|p1a: Slowbro|69\/100\n|\n|t:|1654094826\n|switch|p2a: Heatran|Heatran, M|100\/100|[from]move: U-turn\n|\n|-end|p2a: Heatran|move: Future Sight\n|-resisted|p2a: Heatran\n|-damage|p2a: Heatran|88\/100\n|-heal|p2a: Heatran|94\/100|[from] item: Leftovers\n|upkeep\n|turn|18\n|\n|t:|1654094835\n|move|p2a: Heatran|Toxic|p1a: Slowbro\n|-status|p1a: Slowbro|tox\n|move|p1a: Slowbro|Scald|p2a: Heatran\n|-supereffective|p2a: Heatran\n|-damage|p2a: Heatran|59\/100\n|\n|-heal|p2a: Heatran|66\/100|[from] item: Leftovers\n|-damage|p1a: Slowbro|63\/100 tox|[from] psn\n|upkeep\n|turn|19\n|\n|t:|1654094845\n|move|p2a: Heatran|Taunt|p1a: Slowbro\n|-start|p1a: Slowbro|move: Taunt\n|cant|p1a: Slowbro|move: Taunt|Teleport\n|\n|-heal|p2a: Heatran|72\/100|[from] item: Leftovers\n|-damage|p1a: Slowbro|51\/100 tox|[from] psn\n|upkeep\n|turn|20\n|\n|t:|1654094854\n|switch|p1a: Landorus|Landorus-Therian, M|77\/100 tox\n|-ability|p1a: Landorus|Intimidate|boost\n|-unboost|p2a: Heatran|atk|1\n|move|p2a: Heatran|Lava Plume|p1a: Landorus\n|-damage|p1a: Landorus|53\/100 tox\n|\n|-heal|p1a: Landorus|59\/100 tox|[from] item: Leftovers\n|-heal|p2a: Heatran|78\/100|[from] item: Leftovers\n|-damage|p1a: Landorus|53\/100 tox|[from] psn\n|upkeep\n|turn|21\n|\n|t:|1654094866\n|switch|p2a: Landorus|Landorus-Therian, M|79\/100 tox\n|-ability|p2a: Landorus|Intimidate|boost\n|-unboost|p1a: Landorus|atk|1\n|move|p1a: Landorus|U-turn|p2a: Landorus\n|-resisted|p2a: Landorus\n|-damage|p2a: Landorus|73\/100 tox\n|\n|t:|1654094875\n|switch|p1a: Ferrothorn|Ferrothorn, F|88\/100|[from]move: U-turn\n|\n|-heal|p2a: Landorus|79\/100 tox|[from] item: Leftovers\n|-heal|p1a: Ferrothorn|94\/100|[from] item: Leftovers\n|-damage|p2a: Landorus|73\/100 tox|[from] psn\n|upkeep\n|turn|22\n|\n|t:|1654094886\n|switch|p2a: Slowbro|Slowbro, M|100\/100\n|move|p1a: Ferrothorn|Spikes|p2a: Slowbro\n|-sidestart|p2: Scoots Mgee|Spikes\n|\n|-heal|p1a: Ferrothorn|99\/100|[from] item: Leftovers\n|upkeep\n|turn|23\n|\n|t:|1654094895\n|move|p1a: Ferrothorn|Thunder Wave|p2a: Slowbro\n|-status|p2a: Slowbro|par\n|move|p2a: Slowbro|Future Sight|p1a: Ferrothorn\n|-start|p2a: Slowbro|move: Future Sight\n|\n|-heal|p1a: Ferrothorn|100\/100|[from] item: Leftovers\n|upkeep\n|turn|24\n|\n|t:|1654094903\n|move|p1a: Ferrothorn|Knock Off|p2a: Slowbro\n|-supereffective|p2a: Slowbro\n|-damage|p2a: Slowbro|73\/100 par\n|-enditem|p2a: Slowbro|Heavy-Duty Boots|[from] move: Knock Off|[of] p1a: Ferrothorn\n|cant|p2a: Slowbro|par\n|\n|upkeep\n|turn|25\n|\n|t:|1654094913\n|switch|p2a: Heatran|Heatran, M|78\/100\n|-damage|p2a: Heatran|66\/100|[from] Spikes\n|move|p1a: Ferrothorn|Knock Off|p2a: Heatran\n|-damage|p2a: Heatran|49\/100\n|-enditem|p2a: Heatran|Leftovers|[from] move: Knock Off|[of] p1a: Ferrothorn\n|\n|-end|p1a: Ferrothorn|move: Future Sight\n|-resisted|p1a: Ferrothorn\n|-damage|p1a: Ferrothorn|86\/100\n|-heal|p1a: Ferrothorn|93\/100|[from] item: Leftovers\n|upkeep\n|turn|26\n|\n|t:|1654094927\n|switch|p1a: Slowbro|Slowbro, M|84\/100 tox\n|move|p2a: Heatran|Lava Plume|p1a: Slowbro\n|-resisted|p1a: Slowbro\n|-damage|p1a: Slowbro|66\/100 tox\n|\n|-damage|p1a: Slowbro|60\/100 tox|[from] psn\n|upkeep\n|turn|27\n|\n|t:|1654094936\n|switch|p2a: Tapu Fini|Tapu Fini|83\/100\n|-damage|p2a: Tapu Fini|71\/100|[from] Spikes\n|-fieldstart|move: Misty Terrain|[from] ability: Misty Surge|[of] p2a: Tapu Fini\n|move|p1a: Slowbro|Scald|p2a: Tapu Fini\n|-resisted|p2a: Tapu Fini\n|-damage|p2a: Tapu Fini|59\/100\n|\n|-damage|p1a: Slowbro|47\/100 tox|[from] psn\n|upkeep\n|turn|28\n|\n|t:|1654094948\n|move|p2a: Tapu Fini|Moonblast|p1a: Slowbro\n|-damage|p1a: Slowbro|15\/100 tox\n|move|p1a: Slowbro|Teleport|p1a: Slowbro\n|\n|t:|1654094954\n|switch|p1a: Kartana|Kartana|100\/100|[from]move: Teleport\n|\n|upkeep\n|turn|29\n|\n|t:|1654094958\n|switch|p2a: Heatran|Heatran, M|49\/100\n|-damage|p2a: Heatran|37\/100|[from] Spikes\n|move|p1a: Kartana|Leaf Blade|p2a: Heatran\n|-resisted|p2a: Heatran\n|-damage|p2a: Heatran|25\/100\n|\n|upkeep\n|turn|30\n|\n|t:|1654094970\n|switch|p1a: Landorus|Landorus-Therian, M|53\/100 tox\n|-ability|p1a: Landorus|Intimidate|boost\n|-unboost|p2a: Heatran|atk|1\n|switch|p2a: Tapu Fini|Tapu Fini|59\/100\n|-damage|p2a: Tapu Fini|47\/100|[from] Spikes\n|\n|-heal|p1a: Landorus|59\/100 tox|[from] item: Leftovers\n|-damage|p1a: Landorus|53\/100 tox|[from] psn\n|upkeep\n|turn|31\n|\n|t:|1654094984\n|switch|p1a: Ferrothorn|Ferrothorn, F|93\/100\n|move|p2a: Tapu Fini|Defog|p1a: Ferrothorn\n|-unboost|p1a: Ferrothorn|evasion|1\n|-sideend|p2: Scoots Mgee|Spikes|[from] move: Defog|[of] p2a: Tapu Fini\n|-fieldend|Misty Terrain\n|\n|-heal|p1a: Ferrothorn|99\/100|[from] item: Leftovers\n|upkeep\n|turn|32\n|\n|t:|1654094997\n|switch|p2a: Melmetal|Melmetal|100\/100\n|move|p1a: Ferrothorn|Thunder Wave|p2a: Melmetal\n|-status|p2a: Melmetal|par\n|\n|-heal|p1a: Ferrothorn|100\/100|[from] item: Leftovers\n|upkeep\n|turn|33\n|\n|t:|1654095006\n|move|p1a: Ferrothorn|Knock Off|p2a: Melmetal\n|-damage|p2a: Melmetal|90\/100 par\n|-enditem|p2a: Melmetal|Choice Band|[from] move: Knock Off|[of] p1a: Ferrothorn\n|move|p2a: Melmetal|Earthquake|p1a: Ferrothorn\n|-damage|p1a: Ferrothorn|68\/100\n|\n|-heal|p1a: Ferrothorn|74\/100|[from] item: Leftovers\n|upkeep\n|turn|34\n|\n|t:|1654095019\n|move|p1a: Ferrothorn|Leech Seed|p2a: Melmetal|[miss]\n|-miss|p1a: Ferrothorn|p2a: Melmetal\n|move|p2a: Melmetal|Ice Punch|p1a: Ferrothorn\n|-damage|p1a: Ferrothorn|45\/100\n|-status|p1a: Ferrothorn|frz\n|-damage|p2a: Melmetal|78\/100 par|[from] ability: Iron Barbs|[of] p1a: Ferrothorn\n|\n|-heal|p1a: Ferrothorn|52\/100 frz|[from] item: Leftovers\n|upkeep\n|turn|35\n|\n|t:|1654095032\n|switch|p1a: Slowbro|Slowbro, M|49\/100 tox\n|move|p2a: Melmetal|Superpower|p1a: Slowbro\n|-resisted|p1a: Slowbro\n|-damage|p1a: Slowbro|34\/100 tox\n|-unboost|p2a: Melmetal|atk|1\n|-unboost|p2a: Melmetal|def|1\n|\n|-damage|p1a: Slowbro|28\/100 tox|[from] psn\n|upkeep\n|turn|36\n|\n|t:|1654095045\n|switch|p1a: Landorus|Landorus-Therian, M|53\/100 tox\n|-ability|p1a: Landorus|Intimidate|boost\n|-unboost|p2a: Melmetal|atk|1\n|move|p2a: Melmetal|Double Iron Bash|p1a: Landorus\n|-damage|p1a: Landorus|32\/100 tox\n|-damage|p1a: Landorus|10\/100 tox\n|-hitcount|p1a: Landorus|2\n|\n|-heal|p1a: Landorus|16\/100 tox|[from] item: Leftovers\n|-damage|p1a: Landorus|10\/100 tox|[from] psn\n|upkeep\n|turn|37\n|\n|t:|1654095063\n|switch|p2a: Landorus|Landorus-Therian, M|73\/100 tox\n|-ability|p2a: Landorus|Intimidate|boost\n|-unboost|p1a: Landorus|atk|1\n|move|p1a: Landorus|U-turn|p2a: Landorus\n|-resisted|p2a: Landorus\n|-damage|p2a: Landorus|68\/100 tox\n|\n|t:|1654095076\n|switch|p1a: Slowbro|Slowbro, M|61\/100 tox|[from]move: U-turn\n|\n|-heal|p2a: Landorus|74\/100 tox|[from] item: Leftovers\n|-damage|p2a: Landorus|68\/100 tox|[from] psn\n|-damage|p1a: Slowbro|55\/100 tox|[from] psn\n|upkeep\n|turn|38\n|\n|t:|1654095086\n|move|p2a: Landorus|U-turn|p1a: Slowbro\n|-supereffective|p1a: Slowbro\n|-damage|p1a: Slowbro|28\/100 tox\n|\n|t:|1654095089\n|switch|p2a: Mienshao|Mienshao, F|79\/100|[from]move: U-turn\n|move|p1a: Slowbro|Scald|p2a: Mienshao\n|-damage|p2a: Mienshao|24\/100\n|\n|-damage|p1a: Slowbro|16\/100 tox|[from] psn\n|upkeep\n|turn|39\n|\n|t:|1654095108\n|switch|p1a: Ferrothorn|Ferrothorn, F|52\/100 frz\n|move|p2a: Mienshao|Close Combat|p1a: Ferrothorn\n|-supereffective|p1a: Ferrothorn\n|-damage|p1a: Ferrothorn|0 fnt\n|-unboost|p2a: Mienshao|def|1\n|-unboost|p2a: Mienshao|spd|1\n|-damage|p2a: Mienshao|12\/100|[from] ability: Iron Barbs|[of] p1a: Ferrothorn\n|faint|p1a: Ferrothorn\n|\n|upkeep\n|\n|t:|1654095120\n|switch|p1a: Galvantula|Galvantula, F|19\/100\n|turn|40\n|\n|t:|1654095128\n|switch|p2a: Landorus|Landorus-Therian, M|68\/100 tox\n|-ability|p2a: Landorus|Intimidate|boost\n|-unboost|p1a: Galvantula|atk|1\n|move|p1a: Galvantula|Bug Buzz|p2a: Landorus\n|-resisted|p2a: Landorus\n|-damage|p2a: Landorus|46\/100 tox\n|\n|-heal|p2a: Landorus|52\/100 tox|[from] item: Leftovers\n|-damage|p2a: Landorus|46\/100 tox|[from] psn\n|upkeep\n|turn|41\n|\n|t:|1654095145\n|switch|p1a: Landorus|Landorus-Therian, M|10\/100 tox\n|-ability|p1a: Landorus|Intimidate|boost\n|-unboost|p2a: Landorus|atk|1\n|move|p2a: Landorus|Stealth Rock|p1a: Landorus\n|-sidestart|p1: Dysipius|move: Stealth Rock\n|\n|-heal|p2a: Landorus|52\/100 tox|[from] item: Leftovers\n|-heal|p1a: Landorus|16\/100 tox|[from] item: Leftovers\n|-damage|p2a: Landorus|40\/100 tox|[from] psn\n|-damage|p1a: Landorus|10\/100 tox|[from] psn\n|upkeep\n|turn|42\n|inactive|Dysipius has 120 seconds left.\n|\n|t:|1654095166\n|move|p2a: Landorus|U-turn|p1a: Landorus\n|-resisted|p1a: Landorus\n|-damage|p1a: Landorus|3\/100 tox\n|\n|t:|1654095169\n|switch|p2a: Mienshao|Mienshao, F|45\/100|[from]move: U-turn\n|move|p1a: Landorus|Defog|p2a: Mienshao\n|-unboost|p2a: Mienshao|evasion|1\n|-sideend|p1: Dysipius|Stealth Rock|[from] move: Defog|[of] p1a: Landorus\n|\n|-heal|p1a: Landorus|9\/100 tox|[from] item: Leftovers\n|-damage|p1a: Landorus|0 fnt|[from] psn\n|faint|p1a: Landorus\n|upkeep\n|inactive|Dysipius has 120 seconds left.\n|\n|t:|1654095187\n|switch|p1a: Galvantula|Galvantula, F|19\/100\n|turn|43\n|\n|t:|1654095191\n|switch|p1a: Blacephalon|Blacephalon|100\/100\n|move|p2a: Mienshao|Fake Out|p1a: Blacephalon\n|-immune|p1a: Blacephalon\n|\n|upkeep\n|turn|44\n|\n|t:|1654095202\n|switch|p2a: Landorus|Landorus-Therian, M|40\/100 tox\n|-ability|p2a: Landorus|Intimidate|boost\n|-unboost|p1a: Blacephalon|atk|1\n|move|p1a: Blacephalon|Shadow Ball|p2a: Landorus\n|-damage|p2a: Landorus|0 fnt\n|faint|p2a: Landorus\n|-ability|p1a: Blacephalon|Beast Boost|boost\n|-boost|p1a: Blacephalon|spa|1\n|\n|upkeep\n|\n|t:|1654095209\n|switch|p2a: Melmetal|Melmetal|78\/100 par\n|turn|45\n|\n|t:|1654095215\n|move|p1a: Blacephalon|Shadow Ball|p2a: Melmetal\n|-damage|p2a: Melmetal|0 fnt\n|faint|p2a: Melmetal\n|-ability|p1a: Blacephalon|Beast Boost|boost\n|-boost|p1a: Blacephalon|spa|1\n|\n|upkeep\n|\n|t:|1654095217\n|switch|p2a: Tapu Fini|Tapu Fini|47\/100\n|-fieldstart|move: Misty Terrain|[from] ability: Misty Surge|[of] p2a: Tapu Fini\n|turn|46\n|\n|t:|1654095234\n|move|p2a: Tapu Fini|Scald|p1a: Blacephalon\n|-supereffective|p1a: Blacephalon\n|-damage|p1a: Blacephalon|15\/100\n|move|p1a: Blacephalon|Shadow Ball|p2a: Tapu Fini\n|-damage|p2a: Tapu Fini|0 fnt\n|faint|p2a: Tapu Fini\n|-ability|p1a: Blacephalon|Beast Boost|boost\n|-boost|p1a: Blacephalon|spa|1\n|\n|upkeep\n|\n|t:|1654095239\n|switch|p2a: Mienshao|Mienshao, F|78\/100\n|turn|47\n|\n|t:|1654095268\n|switch|p2a: Heatran|Heatran, M|25\/100\n|move|p1a: Blacephalon|Shadow Ball|p2a: Heatran\n|-damage|p2a: Heatran|0 fnt\n|faint|p2a: Heatran\n|-ability|p1a: Blacephalon|Beast Boost|boost\n|-boost|p1a: Blacephalon|spa|1\n|\n|upkeep\n|\n|t:|1654095270\n|switch|p2a: Mienshao|Mienshao, F|100\/100\n|turn|48\n|\n|t:|1654095279\n|move|p1a: Blacephalon|Shadow Ball|p2a: Mienshao\n|-enditem|p2a: Mienshao|Focus Sash\n|-damage|p2a: Mienshao|1\/100\n|-unboost|p2a: Mienshao|spd|1\n|move|p2a: Mienshao|Knock Off|p1a: Blacephalon\n|-supereffective|p1a: Blacephalon\n|-damage|p1a: Blacephalon|0 fnt\n|-enditem|p1a: Blacephalon|Choice Specs|[from] move: Knock Off|[of] p2a: Mienshao\n|faint|p1a: Blacephalon\n|\n|upkeep\n|\n|t:|1654095294\n|switch|p1a: Galvantula|Galvantula, F|19\/100\n|turn|49\n|\n|t:|1654095297\n|move|p2a: Mienshao|Fake Out||[still]\n|-hint|Fake Out only works on your first turn out.\n|-fail|p2a: Mienshao\n|move|p1a: Galvantula|Volt Switch|p2a: Mienshao\n|-damage|p2a: Mienshao|0 fnt\n|faint|p2a: Mienshao\n|-message|Scoots Mgee forfeited.\n|\n|win|Dysipius\n|raw|Dysipius's rating: 1443 &rarr; <strong>1462<\/strong><br \/>(+19 for winning)\n|raw|Scoots Mgee's rating: 1430 &rarr; <strong>1411<\/strong><br \/>(-19 for losing)\n|l|\u2606Scoots Mgee\n||Ladder isn't responding, score probably updated but might not have (Request timeout).\n","uploadtime":1654095309,"views":7,"p1id":"dysipius","p2id":"scootsmgee","formatid":"gen8ou","rating":1411,"private":0,"password":null}