{"id":"gen8ou-1040012601","p1":"Rheinmetal","p2":"ionsama","format":"gen8ou","log":"|j|\u2606Rheinmetal\n|j|\u2606ionsama\n|player|p1|Rheinmetal|cynthia|1166\n|player|p2|ionsama|266|1199\n|teamsize|p1|6\n|teamsize|p2|6\n|gametype|singles\n|gen|8\n|tier|[Gen 8] OU\n|rated|\n|rule|Sleep Clause Mod: Limit one foe put to sleep\n|rule|Species Clause: Limit one of each Pok\u00e9mon\n|rule|OHKO Clause: OHKO moves are banned\n|rule|Evasion Moves Clause: Evasion moves are banned\n|rule|Endless Battle Clause: Forcing endless battles is banned\n|rule|HP Percentage Mod: HP is shown in percentages\n|clearpoke\n|poke|p1|Grimmsnarl, M|\n|poke|p1|Kommo-o, M|\n|poke|p1|Sylveon, F|\n|poke|p1|Tyranitar, F|\n|poke|p1|Seismitoad, M|\n|poke|p1|Corviknight, F|\n|poke|p2|Dugtrio, M|\n|poke|p2|Cinderace, F|\n|poke|p2|Dragapult, F|\n|poke|p2|Ferrothorn, F|\n|poke|p2|Togekiss, M|\n|poke|p2|Rotom-Wash|\n|rule|Dynamax Clause: You cannot dynamax\n|teampreview\n|\n|start\n|switch|p1a: Seismitoad|Seismitoad, M|100\/100\n|switch|p2a: Cinderace|Cinderace, F|100\/100\n|turn|1\n|\n|move|p2a: Cinderace|U-turn|p1a: Seismitoad\n|-damage|p1a: Seismitoad|84\/100\n|\n|switch|p2a: Ferrothorn|Ferrothorn, F|100\/100|[from]move: U-turn\n|move|p1a: Seismitoad|Toxic|p2a: Ferrothorn\n|-immune|p2a: Ferrothorn\n|\n|-heal|p1a: Seismitoad|90\/100|[from] item: Leftovers\n|upkeep\n|turn|2\n|\n|switch|p1a: Corviknight|Corviknight, F|100\/100\n|move|p2a: Ferrothorn|Leech Seed|p1a: Corviknight\n|-start|p1a: Corviknight|move: Leech Seed\n|\n|-damage|p1a: Corviknight|88\/100|[from] Leech Seed|[of] p2a: Ferrothorn\n|upkeep\n|turn|3\n|\n|switch|p1a: Seismitoad|Seismitoad, M|90\/100\n|switch|p2a: Cinderace|Cinderace, F|100\/100\n|\n|-heal|p1a: Seismitoad|96\/100|[from] item: Leftovers\n|upkeep\n|turn|4\n|\n|move|p2a: Cinderace|U-turn|p1a: Seismitoad\n|-damage|p1a: Seismitoad|78\/100\n|\n|switch|p2a: Ferrothorn|Ferrothorn, F|100\/100|[from]move: U-turn\n|move|p1a: Seismitoad|Toxic|p2a: Ferrothorn\n|-immune|p2a: Ferrothorn\n|\n|-heal|p1a: Seismitoad|84\/100|[from] item: Leftovers\n|upkeep\n|turn|5\n|\n|switch|p1a: Kommo-o|Kommo-o, M|100\/100\n|move|p2a: Ferrothorn|Spikes|p1a: Kommo-o\n|-sidestart|p1: Rheinmetal|Spikes\n|\n|upkeep\n|turn|6\n|\n|switch|p2a: Togekiss|Togekiss, M, shiny|100\/100\n|move|p1a: Kommo-o|Flamethrower|p2a: Togekiss\n|-damage|p2a: Togekiss|74\/100\n|\n|-heal|p2a: Togekiss|80\/100|[from] item: Leftovers\n|upkeep\n|turn|7\n|\n|switch|p1a: Corviknight|Corviknight, F|88\/100\n|move|p2a: Togekiss|Thunder Wave|p1a: Corviknight|[miss]\n|-miss|p2a: Togekiss|p1a: Corviknight\n|\n|-heal|p2a: Togekiss|86\/100|[from] item: Leftovers\n|-heal|p1a: Corviknight|94\/100|[from] item: Leftovers\n|upkeep\n|turn|8\n|\n|move|p2a: Togekiss|Thunder Wave|p1a: Corviknight\n|-status|p1a: Corviknight|par\n|move|p1a: Corviknight|Brave Bird|p2a: Togekiss\n|-damage|p2a: Togekiss|44\/100\n|-damage|p1a: Corviknight|83\/100 par|[from] Recoil\n|\n|-heal|p2a: Togekiss|50\/100|[from] item: Leftovers\n|-heal|p1a: Corviknight|89\/100 par|[from] item: Leftovers\n|upkeep\n|turn|9\n|\n|switch|p1a: Seismitoad|Seismitoad, M|84\/100\n|-damage|p1a: Seismitoad|72\/100|[from] Spikes\n|move|p2a: Togekiss|Air Slash|p1a: Seismitoad|[miss]\n|-miss|p2a: Togekiss|p1a: Seismitoad\n|\n|-heal|p2a: Togekiss|57\/100|[from] item: Leftovers\n|-heal|p1a: Seismitoad|78\/100|[from] item: Leftovers\n|upkeep\n|turn|10\n|\n|move|p2a: Togekiss|Substitute|p2a: Togekiss\n|-start|p2a: Togekiss|Substitute\n|-damage|p2a: Togekiss|32\/100\n|move|p1a: Seismitoad|Stealth Rock|p2a: Togekiss\n|-sidestart|p2: ionsama|move: Stealth Rock\n|\n|-heal|p2a: Togekiss|38\/100|[from] item: Leftovers\n|-heal|p1a: Seismitoad|84\/100|[from] item: Leftovers\n|upkeep\n|turn|11\n|\n|switch|p1a: Sylveon|Sylveon, F, shiny|100\/100\n|-damage|p1a: Sylveon|88\/100|[from] Spikes\n|move|p2a: Togekiss|Nasty Plot|p2a: Togekiss\n|-boost|p2a: Togekiss|spa|2\n|\n|-heal|p2a: Togekiss|44\/100|[from] item: Leftovers\n|-heal|p1a: Sylveon|94\/100|[from] item: Leftovers\n|upkeep\n|turn|12\n|\n|move|p2a: Togekiss|Air Slash|p1a: Sylveon\n|-damage|p1a: Sylveon|58\/100\n|cant|p1a: Sylveon|flinch\n|\n|-heal|p2a: Togekiss|50\/100|[from] item: Leftovers\n|-heal|p1a: Sylveon|64\/100|[from] item: Leftovers\n|upkeep\n|turn|13\n|inactive|Battle timer is ON: inactive players will automatically lose when time's up. (requested by Rheinmetal)\n|\n|move|p2a: Togekiss|Air Slash|p1a: Sylveon\n|-damage|p1a: Sylveon|29\/100\n|cant|p1a: Sylveon|flinch\n|\n|-heal|p2a: Togekiss|56\/100|[from] item: Leftovers\n|-heal|p1a: Sylveon|35\/100|[from] item: Leftovers\n|upkeep\n|turn|14\n|\n|move|p1a: Sylveon|Protect|p1a: Sylveon\n|-singleturn|p1a: Sylveon|Protect\n|move|p2a: Togekiss|Air Slash|p1a: Sylveon\n|-activate|p1a: Sylveon|move: Protect\n|\n|-heal|p2a: Togekiss|62\/100|[from] item: Leftovers\n|-heal|p1a: Sylveon|41\/100|[from] item: Leftovers\n|upkeep\n|turn|15\n|\n|switch|p2a: Cinderace|Cinderace, F|100\/100\n|move|p1a: Sylveon|Wish|p1a: Sylveon\n|\n|-heal|p1a: Sylveon|47\/100|[from] item: Leftovers\n|upkeep\n|turn|16\n|\n|move|p1a: Sylveon|Protect|p1a: Sylveon\n|-singleturn|p1a: Sylveon|Protect\n|move|p2a: Cinderace|Pyro Ball|p1a: Sylveon\n|-activate|p1a: Sylveon|move: Protect\n|\n|-heal|p1a: Sylveon|97\/100|[from] move: Wish|[wisher] Sylveon\n|-heal|p1a: Sylveon|100\/100|[from] item: Leftovers\n|upkeep\n|turn|17\n|\n|switch|p1a: Seismitoad|Seismitoad, M|84\/100\n|-damage|p1a: Seismitoad|71\/100|[from] Spikes\n|move|p2a: Cinderace|Pyro Ball|p1a: Seismitoad\n|-resisted|p1a: Seismitoad\n|-damage|p1a: Seismitoad|50\/100\n|\n|-heal|p1a: Seismitoad|56\/100|[from] item: Leftovers\n|upkeep\n|turn|18\n|\n|move|p1a: Seismitoad|Protect|p1a: Seismitoad\n|-singleturn|p1a: Seismitoad|Protect\n|move|p2a: Cinderace|U-turn|p1a: Seismitoad\n|-activate|p1a: Seismitoad|move: Protect\n|\n|-heal|p1a: Seismitoad|62\/100|[from] item: Leftovers\n|upkeep\n|turn|19\n|\n|switch|p1a: Corviknight|Corviknight, F|89\/100 par\n|move|p2a: Cinderace|U-turn|p1a: Corviknight\n|-resisted|p1a: Corviknight\n|-damage|p1a: Corviknight|85\/100 par\n|\n|switch|p2a: Dragapult|Dragapult, F|100\/100|[from]move: U-turn\n|-damage|p2a: Dragapult|88\/100|[from] Stealth Rock\n|\n|-heal|p1a: Corviknight|91\/100 par|[from] item: Leftovers\n|upkeep\n|turn|20\n|\n|move|p2a: Dragapult|Shadow Ball|p1a: Corviknight\n|-damage|p1a: Corviknight|41\/100 par\n|cant|p1a: Corviknight|par\n|\n|-heal|p1a: Corviknight|47\/100 par|[from] item: Leftovers\n|upkeep\n|turn|21\n|\n|switch|p1a: Sylveon|Sylveon, F, shiny|100\/100\n|-damage|p1a: Sylveon|88\/100|[from] Spikes\n|move|p2a: Dragapult|Shadow Ball|p1a: Sylveon\n|-damage|p1a: Sylveon|61\/100\n|\n|-heal|p1a: Sylveon|68\/100|[from] item: Leftovers\n|upkeep\n|turn|22\n|l|\u2606ionsama\n|inactive|ionsama disconnected and has a minute to reconnect!\n|player|p2|\n|j|\u2606ionsama\n|inactive|ionsama reconnected and has 110 seconds left.\n|player|p2|ionsama|266\n|\n|switch|p2a: Dugtrio|Dugtrio, M|100\/100\n|-damage|p2a: Dugtrio|94\/100|[from] Stealth Rock\n|move|p1a: Sylveon|Wish|p1a: Sylveon\n|\n|-heal|p1a: Sylveon|74\/100|[from] item: Leftovers\n|upkeep\n|turn|23\n|\n|move|p1a: Sylveon|Protect|p1a: Sylveon\n|-singleturn|p1a: Sylveon|Protect\n|move|p2a: Dugtrio|Stealth Rock|p1a: Sylveon\n|-sidestart|p1: Rheinmetal|move: Stealth Rock\n|\n|-heal|p1a: Sylveon|100\/100|[from] move: Wish|[wisher] Sylveon\n|upkeep\n|turn|24\n|inactive|ionsama has 120 seconds left.\n|\n|move|p2a: Dugtrio|Earthquake|p1a: Sylveon\n|-damage|p1a: Sylveon|51\/100\n|move|p1a: Sylveon|Hyper Voice|p2a: Dugtrio\n|-damage|p2a: Dugtrio|4\/100\n|\n|-heal|p1a: Sylveon|57\/100|[from] item: Leftovers\n|upkeep\n|turn|25\n|\n|move|p1a: Sylveon|Protect|p1a: Sylveon\n|-singleturn|p1a: Sylveon|Protect\n|move|p2a: Dugtrio|Earthquake|p1a: Sylveon\n|-activate|p1a: Sylveon|move: Protect\n|\n|-heal|p1a: Sylveon|63\/100|[from] item: Leftovers\n|upkeep\n|turn|26\n|\n|move|p2a: Dugtrio|Earthquake|p1a: Sylveon\n|-damage|p1a: Sylveon|8\/100\n|move|p1a: Sylveon|Wish|p1a: Sylveon\n|\n|-heal|p1a: Sylveon|14\/100|[from] item: Leftovers\n|upkeep\n|turn|27\n|\n|move|p1a: Sylveon|Protect|p1a: Sylveon\n|-singleturn|p1a: Sylveon|Protect\n|move|p2a: Dugtrio|Earthquake|p1a: Sylveon\n|-activate|p1a: Sylveon|move: Protect\n|\n|-heal|p1a: Sylveon|64\/100|[from] move: Wish|[wisher] Sylveon\n|-heal|p1a: Sylveon|70\/100|[from] item: Leftovers\n|upkeep\n|turn|28\n|\n|move|p2a: Dugtrio|Earthquake|p1a: Sylveon\n|-damage|p1a: Sylveon|14\/100\n|move|p1a: Sylveon|Wish|p1a: Sylveon\n|\n|-heal|p1a: Sylveon|20\/100|[from] item: Leftovers\n|upkeep\n|turn|29\n|\n|move|p1a: Sylveon|Protect|p1a: Sylveon\n|-singleturn|p1a: Sylveon|Protect\n|move|p2a: Dugtrio|Earthquake|p1a: Sylveon\n|-activate|p1a: Sylveon|move: Protect\n|\n|-heal|p1a: Sylveon|70\/100|[from] move: Wish|[wisher] Sylveon\n|-heal|p1a: Sylveon|76\/100|[from] item: Leftovers\n|upkeep\n|turn|30\n|\n|move|p2a: Dugtrio|Earthquake|p1a: Sylveon\n|-damage|p1a: Sylveon|27\/100\n|move|p1a: Sylveon|Mystical Fire|p2a: Dugtrio\n|-damage|p2a: Dugtrio|0 fnt\n|faint|p2a: Dugtrio\n|\n|-heal|p1a: Sylveon|33\/100|[from] item: Leftovers\n|upkeep\n|\n|switch|p2a: Cinderace|Cinderace, F|100\/100\n|turn|31\n|\n|move|p1a: Sylveon|Protect|p1a: Sylveon\n|-singleturn|p1a: Sylveon|Protect\n|move|p2a: Cinderace|Pyro Ball|p1a: Sylveon\n|-activate|p1a: Sylveon|move: Protect\n|\n|-heal|p1a: Sylveon|39\/100|[from] item: Leftovers\n|upkeep\n|turn|32\n|\n|switch|p1a: Seismitoad|Seismitoad, M|62\/100\n|-damage|p1a: Seismitoad|56\/100|[from] Stealth Rock\n|-damage|p1a: Seismitoad|44\/100|[from] Spikes\n|move|p2a: Cinderace|U-turn|p1a: Seismitoad\n|-crit|p1a: Seismitoad\n|-damage|p1a: Seismitoad|15\/100\n|\n|switch|p2a: Dragapult|Dragapult, F|88\/100|[from]move: U-turn\n|-damage|p2a: Dragapult|76\/100|[from] Stealth Rock\n|\n|-heal|p1a: Seismitoad|22\/100|[from] item: Leftovers\n|upkeep\n|turn|33\n|\n|move|p2a: Dragapult|Shadow Ball|p1a: Seismitoad\n|-damage|p1a: Seismitoad|0 fnt\n|faint|p1a: Seismitoad\n|\n|upkeep\n|\n|switch|p1a: Grimmsnarl|Grimmsnarl, M|100\/100\n|-damage|p1a: Grimmsnarl|88\/100|[from] Spikes\n|-damage|p1a: Grimmsnarl|76\/100|[from] Stealth Rock\n|turn|34\n|\n|switch|p2a: Ferrothorn|Ferrothorn, F|100\/100\n|-damage|p2a: Ferrothorn|95\/100|[from] Stealth Rock\n|move|p1a: Grimmsnarl|Light Screen|p1a: Grimmsnarl\n|-sidestart|p1: Rheinmetal|move: Light Screen\n|\n|upkeep\n|turn|35\n|\n|switch|p1a: Corviknight|Corviknight, F|47\/100 par\n|-damage|p1a: Corviknight|35\/100 par|[from] Stealth Rock\n|move|p2a: Ferrothorn|Gyro Ball|p1a: Corviknight\n|-resisted|p1a: Corviknight\n|-damage|p1a: Corviknight|29\/100 par\n|\n|-heal|p1a: Corviknight|35\/100 par|[from] item: Leftovers\n|upkeep\n|turn|36\n|\n|switch|p2a: Cinderace|Cinderace, F|100\/100\n|cant|p1a: Corviknight|par\n|\n|-heal|p1a: Corviknight|42\/100 par|[from] item: Leftovers\n|upkeep\n|turn|37\n|\n|move|p2a: Cinderace|Pyro Ball|p1a: Corviknight\n|-supereffective|p1a: Corviknight\n|-damage|p1a: Corviknight|0 fnt\n|faint|p1a: Corviknight\n|\n|upkeep\n|\n|switch|p1a: Grimmsnarl|Grimmsnarl, M|76\/100\n|-damage|p1a: Grimmsnarl|63\/100|[from] Spikes\n|-damage|p1a: Grimmsnarl|51\/100|[from] Stealth Rock\n|turn|38\n|\n|move|p1a: Grimmsnarl|Thunder Wave|p2a: Cinderace\n|-status|p2a: Cinderace|par\n|move|p2a: Cinderace|Pyro Ball|p1a: Grimmsnarl\n|-damage|p1a: Grimmsnarl|0 fnt\n|faint|p1a: Grimmsnarl\n|\n|upkeep\n|\n|switch|p1a: Kommo-o|Kommo-o, M|100\/100\n|-damage|p1a: Kommo-o|88\/100|[from] Spikes\n|-damage|p1a: Kommo-o|82\/100|[from] Stealth Rock\n|turn|39\n|inactive|ionsama has 120 seconds left.\n|l|\u2606ionsama\n|inactive|ionsama disconnected and has a minute to reconnect!\n|player|p2|\n|j|\u2606ionsama\n|inactive|ionsama reconnected and has 80 seconds left.\n|player|p2|ionsama|266\n|\n|switch|p2a: Rotom|Rotom-Wash|100\/100\n|-damage|p2a: Rotom|88\/100|[from] Stealth Rock\n|move|p1a: Kommo-o|Clangorous Soul|p1a: Kommo-o\n|-boost|p1a: Kommo-o|atk|1\n|-boost|p1a: Kommo-o|def|1\n|-boost|p1a: Kommo-o|spa|1\n|-boost|p1a: Kommo-o|spd|1\n|-boost|p1a: Kommo-o|spe|1\n|-damage|p1a: Kommo-o|49\/100\n|-enditem|p1a: Kommo-o|Throat Spray\n|-boost|p1a: Kommo-o|spa|1\n|\n|upkeep\n|turn|40\n|\n|move|p2a: Rotom|Will-O-Wisp|p1a: Kommo-o\n|-status|p1a: Kommo-o|brn\n|move|p1a: Kommo-o|Clangorous Soul|p1a: Kommo-o\n|-boost|p1a: Kommo-o|atk|1\n|-boost|p1a: Kommo-o|def|1\n|-boost|p1a: Kommo-o|spa|1\n|-boost|p1a: Kommo-o|spd|1\n|-boost|p1a: Kommo-o|spe|1\n|-damage|p1a: Kommo-o|16\/100 brn\n|\n|-damage|p1a: Kommo-o|9\/100 brn|[from] brn\n|upkeep\n|turn|41\n|\n|switch|p2a: Ferrothorn|Ferrothorn, F|95\/100\n|-damage|p2a: Ferrothorn|89\/100|[from] Stealth Rock\n|move|p1a: Kommo-o|Clanging Scales|p2a: Ferrothorn\n|-resisted|p2a: Ferrothorn\n|-damage|p2a: Ferrothorn|42\/100\n|-unboost|p1a: Kommo-o|def|1\n|\n|-damage|p1a: Kommo-o|3\/100 brn|[from] brn\n|-sideend|p1: Rheinmetal|move: Light Screen\n|upkeep\n|turn|42\n|\n|move|p2a: Ferrothorn|Protect|p2a: Ferrothorn\n|-singleturn|p2a: Ferrothorn|Protect\n|move|p1a: Kommo-o|Clanging Scales|p2a: Ferrothorn\n|-activate|p2a: Ferrothorn|move: Protect\n|\n|-damage|p1a: Kommo-o|0 fnt|[from] brn\n|faint|p1a: Kommo-o\n|upkeep\n|-message|Rheinmetal forfeited.\n|\n|win|ionsama\n|l|\u2606Rheinmetal\n|raw|Rheinmetal's rating: 1166 &rarr; <strong>1143<\/strong><br \/>(-23 for losing)\n|raw|ionsama's rating: 1199 &rarr; <strong>1222<\/strong><br \/>(+23 for winning)\n","uploadtime":1578019075,"views":28,"p1id":"rheinmetal","p2id":"ionsama","formatid":"gen8ou","rating":1143,"private":0,"password":null}