{"id":"gen8ou-1675290720","p1":"knexhawk2","p2":"IExistYouDont","format":"gen8ou","log":"|j|\u2606knexhawk2\n|j|\u2606IExistYouDont\n|t:|1664660996\n|gametype|singles\n|player|p1|knexhawk2|red-masters|1654\n|player|p2|IExistYouDont|teamrocket|1664\n|teamsize|p1|6\n|teamsize|p2|6\n|gen|8\n|tier|[Gen 8] OU\n|rated|\n|rule|Sleep Clause Mod: Limit one foe put to sleep\n|rule|Species Clause: Limit one of each Pok\u00e9mon\n|rule|OHKO Clause: OHKO moves are banned\n|rule|Evasion Items Clause: Evasion items are banned\n|rule|Evasion Moves Clause: Evasion moves are banned\n|rule|Endless Battle Clause: Forcing endless battles is banned\n|rule|HP Percentage Mod: HP is shown in percentages\n|rule|Dynamax Clause: You cannot dynamax\n|clearpoke\n|poke|p1|Rotom-Wash|\n|poke|p1|Magnezone|\n|poke|p1|Zapdos|\n|poke|p1|Tornadus-Therian, M|\n|poke|p1|Gastrodon, F|\n|poke|p1|Heatran, F|\n|poke|p2|Tapu Koko|\n|poke|p2|Garchomp, M|\n|poke|p2|Weavile, M|\n|poke|p2|Volcarona, F|\n|poke|p2|Kartana|\n|poke|p2|Dragonite, M|\n|teampreview\n|inactive|Battle timer is ON: inactive players will automatically lose when time's up. (requested by IExistYouDont)\n|c|\u2606IExistYouDont|LMFAO\n|c|\u2606IExistYouDont|YOU\n|c|\u2606IExistYouDont|AGAIN\n|c|\u2606knexhawk2|ok\n|\n|t:|1664661022\n|start\n|switch|p1a: Rotom|Rotom-Wash|100\/100\n|switch|p2a: Tapu Koko|Tapu Koko|100\/100\n|-fieldstart|move: Electric Terrain|[from] ability: Electric Surge|[of] p2a: Tapu Koko\n|turn|1\n|j| Billaboom\n|\n|t:|1664661027\n|move|p2a: Tapu Koko|Light Screen|p2a: Tapu Koko\n|-sidestart|p2: IExistYouDont|move: Light Screen\n|move|p1a: Rotom|Will-O-Wisp|p2a: Tapu Koko\n|-status|p2a: Tapu Koko|brn\n|\n|-damage|p2a: Tapu Koko|94\/100 brn|[from] brn\n|upkeep\n|turn|2\n|j| burner1011\n|j| Drop a burn\n|j| Mochoffee\n|\n|t:|1664661030\n|move|p2a: Tapu Koko|Taunt|p1a: Rotom\n|-start|p1a: Rotom|move: Taunt\n|cant|p1a: Rotom|move: Taunt|Nasty Plot\n|\n|-damage|p2a: Tapu Koko|88\/100 brn|[from] brn\n|upkeep\n|turn|3\n|\n|t:|1664661033\n|move|p2a: Tapu Koko|Reflect|p2a: Tapu Koko\n|-sidestart|p2: IExistYouDont|Reflect\n|move|p1a: Rotom|Volt Switch|p2a: Tapu Koko\n|-resisted|p2a: Tapu Koko\n|-damage|p2a: Tapu Koko|78\/100 brn\n|\n|t:|1664661041\n|switch|p1a: Magnezone|Magnezone|100\/100|[from]move: Volt Switch\n|\n|-damage|p2a: Tapu Koko|72\/100 brn|[from] brn\n|upkeep\n|turn|4\n|j| fearsgtehhet\n|\n|t:|1664661045\n|move|p2a: Tapu Koko|Volt Switch|p1a: Magnezone\n|-resisted|p1a: Magnezone\n|-damage|p1a: Magnezone|85\/100\n|\n|t:|1664661046\n|switch|p2a: Garchomp|Garchomp, M|100\/100|[from]move: Volt Switch\n|move|p1a: Magnezone|Substitute|p1a: Magnezone\n|-start|p1a: Magnezone|Substitute\n|-damage|p1a: Magnezone|60\/100\n|\n|-heal|p1a: Magnezone|66\/100|[from] item: Leftovers\n|upkeep\n|turn|5\n|j| Pokeemon noob\n|\n|t:|1664661059\n|switch|p1a: Rotom|Rotom-Wash|100\/100\n|move|p2a: Garchomp|Earthquake|p1a: Rotom\n|-immune|p1a: Rotom|[from] ability: Levitate\n|\n|-fieldend|move: Electric Terrain\n|upkeep\n|turn|6\n|\n|t:|1664661061\n|move|p2a: Garchomp|Substitute|p2a: Garchomp\n|-start|p2a: Garchomp|Substitute\n|-damage|p2a: Garchomp|76\/100\n|move|p1a: Rotom|Will-O-Wisp||[still]\n|-fail|p1a: Rotom\n|\n|-heal|p2a: Garchomp|82\/100|[from] item: Leftovers\n|upkeep\n|turn|7\n|\n|t:|1664661063\n|move|p2a: Garchomp|Swords Dance|p2a: Garchomp\n|-boost|p2a: Garchomp|atk|2\n|move|p1a: Rotom|Hydro Pump|p2a: Garchomp\n|-end|p2a: Garchomp|Substitute\n|\n|-heal|p2a: Garchomp|88\/100|[from] item: Leftovers\n|upkeep\n|turn|8\n|j| Pawni\n|l| fearsgtehhet\n|c|\u2606IExistYouDont|haxchomp?\n|\n|t:|1664661075\n|switch|p1a: Magnezone|Magnezone|66\/100\n|move|p2a: Garchomp|Substitute|p2a: Garchomp\n|-start|p2a: Garchomp|Substitute\n|-damage|p2a: Garchomp|63\/100\n|\n|-heal|p2a: Garchomp|69\/100|[from] item: Leftovers\n|-heal|p1a: Magnezone|72\/100|[from] item: Leftovers\n|-sideend|p2: IExistYouDont|move: Light Screen\n|upkeep\n|turn|9\n|\n|t:|1664661078\n|switch|p1a: Rotom|Rotom-Wash|100\/100\n|move|p2a: Garchomp|Swords Dance|p2a: Garchomp\n|-boost|p2a: Garchomp|atk|2\n|\n|-heal|p2a: Garchomp|76\/100|[from] item: Leftovers\n|upkeep\n|turn|10\n|\n|t:|1664661080\n|move|p2a: Garchomp|Scale Shot|p1a: Rotom\n|-damage|p1a: Rotom|46\/100\n|-damage|p1a: Rotom|0 fnt\n|faint|p1a: Rotom\n|-hitcount|p1: Rotom|2\n|-unboost|p2a: Garchomp|def|1\n|-boost|p2a: Garchomp|spe|1\n|\n|-heal|p2a: Garchomp|82\/100|[from] item: Leftovers\n|-sideend|p2: IExistYouDont|Reflect\n|upkeep\n|-message|knexhawk2 forfeited.\n|\n|win|IExistYouDont\n|raw|knexhawk2's rating: 1654 &rarr; <strong>1635<\/strong><br \/>(-19 for losing)\n|raw|IExistYouDont's rating: 1664 &rarr; <strong>1683<\/strong><br \/>(+19 for winning)\n|l|\u2606knexhawk2\n|c|\u2606IExistYouDont|gg\n|l|\u2606IExistYouDont\n|l| Pawni\n|l| Drop a burn\n|j|\u2606IExistYouDont\n|player|p2|IExistYouDont|teamrocket\n|l|\u2606IExistYouDont\n|player|p2|\n|j|\u2606IExistYouDont\n|player|p2|IExistYouDont|teamrocket\n|l|\u2606IExistYouDont\n|player|p2|\n|l| Pokeemon noob\n|l| Billaboom\n|j| Pokeemon noob\n||Ladder isn't responding, score probably updated but might not have (Request timeout).\n","uploadtime":1664661157,"views":35,"p1id":"knexhawk2","p2id":"iexistyoudont","formatid":"gen8ou","rating":1635,"private":0,"password":null}