{"id":"gen8ou-1614952227","p1":"rooopos","p2":"PlayForDreams","format":"gen8ou","log":"|j|\u2606rooopos\n|j|\u2606PlayForDreams\n|t:|1657546081\n|gametype|singles\n|player|p1|rooopos|265|1640\n|player|p2|PlayForDreams|roxie|1693\n|teamsize|p1|6\n|teamsize|p2|6\n|gen|8\n|tier|[Gen 8] OU\n|rated|\n|rule|Sleep Clause Mod: Limit one foe put to sleep\n|rule|Species Clause: Limit one of each Pok\u00e9mon\n|rule|OHKO Clause: OHKO moves are banned\n|rule|Evasion Moves Clause: Evasion moves are banned\n|rule|Endless Battle Clause: Forcing endless battles is banned\n|rule|HP Percentage Mod: HP is shown in percentages\n|rule|Dynamax Clause: You cannot dynamax\n|clearpoke\n|poke|p1|Urshifu-*, M|\n|poke|p1|Blacephalon|\n|poke|p1|Slowking, M|\n|poke|p1|Tornadus-Therian, M|\n|poke|p1|Landorus-Therian, M|\n|poke|p1|Ferrothorn, M|\n|poke|p2|Ninetales, M|\n|poke|p2|Venusaur, M|\n|poke|p2|Swampert, F|\n|poke|p2|Mandibuzz, F|\n|poke|p2|Dragapult, M|\n|poke|p2|Tapu Fini|\n|teampreview\n|inactive|Battle timer is ON: inactive players will automatically lose when time's up. (requested by PlayForDreams)\n|\n|t:|1657546206\n|start\n|switch|p1a: Birb|Tornadus-Therian, M, shiny|100\/100\n|switch|p2a: Swampert|Swampert, F|100\/100\n|turn|1\n|\n|t:|1657546215\n|move|p1a: Birb|Knock Off|p2a: Swampert\n|-damage|p2a: Swampert|83\/100\n|-enditem|p2a: Swampert|Leftovers|[from] move: Knock Off|[of] p1a: Birb\n|move|p2a: Swampert|Flip Turn|p1a: Birb\n|-damage|p1a: Birb|76\/100\n|\n|t:|1657546224\n|switch|p2a: Dragapult|Dragapult, M, shiny|100\/100|[from]move: Flip Turn\n|\n|upkeep\n|turn|2\n|\n|t:|1657546230\n|switch|p1a: Dogo|Landorus-Therian, M|100\/100\n|-ability|p1a: Dogo|Intimidate|boost\n|-fail|p2a: Dragapult|unboost|[from] ability: Clear Body|[of] p2a: Dragapult\n|move|p2a: Dragapult|Dragon Darts|p1a: Dogo\n|-damage|p1a: Dogo|65\/100\n|-anim|p2a: Dragapult|Dragon Darts|p1a: Dogo\n|-damage|p1a: Dogo|33\/100\n|\n|-heal|p1a: Dogo|39\/100|[from] item: Leftovers\n|upkeep\n|turn|3\n|\n|t:|1657546241\n|switch|p1a: Hugs for Free|Ferrothorn, M|100\/100\n|move|p2a: Dragapult|Dragon Darts|p1a: Hugs for Free\n|-resisted|p1a: Hugs for Free\n|-crit|p1a: Hugs for Free\n|-damage|p1a: Hugs for Free|85\/100\n|-anim|p2a: Dragapult|Dragon Darts|p1a: Hugs for Free\n|-resisted|p1a: Hugs for Free\n|-damage|p1a: Hugs for Free|75\/100\n|\n|upkeep\n|turn|4\n|\n|t:|1657546256\n|switch|p2a: Ninetales|Ninetales, M, shiny|100\/100\n|-weather|SunnyDay|[from] ability: Drought|[of] p2a: Ninetales\n|switch|p1a: Speed|Slowking, M, shiny|100\/100\n|\n|-weather|SunnyDay|[upkeep]\n|upkeep\n|turn|5\n|\n|t:|1657546265\n|switch|p2a: Swampert|Swampert, F|83\/100\n|move|p1a: Speed|Future Sight|p2a: Swampert\n|-start|p1a: Speed|move: Future Sight\n|\n|-weather|SunnyDay|[upkeep]\n|upkeep\n|turn|6\n|\n|t:|1657546271\n|move|p2a: Swampert|Stealth Rock|p1a: Speed\n|-sidestart|p1: rooopos|move: Stealth Rock\n|move|p1a: Speed|Teleport|p1a: Speed\n|\n|t:|1657546275\n|switch|p1a: Bruce Lee|Urshifu-Rapid-Strike, M|100\/100|[from]move: Teleport\n|-damage|p1a: Bruce Lee|94\/100|[from] Stealth Rock\n|\n|-weather|SunnyDay|[upkeep]\n|upkeep\n|turn|7\n|\n|t:|1657546286\n|move|p1a: Bruce Lee|Close Combat|p2a: Swampert\n|-damage|p2a: Swampert|0 fnt\n|-unboost|p1a: Bruce Lee|def|1\n|-unboost|p1a: Bruce Lee|spd|1\n|faint|p2a: Swampert\n|\n|-weather|SunnyDay|[upkeep]\n|-hint|Future Sight did not hit because the target is fainted.\n|upkeep\n|inactive|PlayForDreams has 120 seconds left.\n|\n|t:|1657546313\n|switch|p2a: Venusaur|Venusaur, M, shiny|100\/100\n|turn|8\n|inactive|rooopos has 120 seconds left.\n|\n|t:|1657546359\n|switch|p1a: Dogo|Landorus-Therian, M|39\/100\n|-damage|p1a: Dogo|27\/100|[from] Stealth Rock\n|-ability|p1a: Dogo|Intimidate|boost\n|-unboost|p2a: Venusaur|atk|1\n|move|p2a: Venusaur|Growth|p2a: Venusaur\n|-boost|p2a: Venusaur|atk|2\n|-boost|p2a: Venusaur|spa|2\n|\n|-weather|SunnyDay|[upkeep]\n|-heal|p1a: Dogo|33\/100|[from] item: Leftovers\n|upkeep\n|turn|9\n|\n|t:|1657546370\n|move|p2a: Venusaur|Weather Ball|p1a: Dogo\n|-damage|p1a: Dogo|0 fnt\n|faint|p1a: Dogo\n|-damage|p2a: Venusaur|91\/100|[from] item: Life Orb\n|\n|-weather|SunnyDay|[upkeep]\n|upkeep\n|\n|t:|1657546376\n|switch|p1a: Speed|Slowking, M, shiny|100\/100\n|turn|10\n|\n|t:|1657546380\n|switch|p1a: Birb|Tornadus-Therian, M, shiny|100\/100\n|move|p2a: Venusaur|Sludge Bomb|p1a: Birb\n|-damage|p1a: Birb|0 fnt\n|faint|p1a: Birb\n|-damage|p2a: Venusaur|81\/100|[from] item: Life Orb\n|\n|-weather|SunnyDay|[upkeep]\n|upkeep\n|inactive|rooopos has 120 seconds left.\n|\n|t:|1657546389\n|switch|p1a: Speed|Slowking, M, shiny|100\/100\n|turn|11\n|\n|t:|1657546393\n|move|p2a: Venusaur|Sludge Bomb|p1a: Speed\n|-damage|p1a: Speed|36\/100\n|-damage|p2a: Venusaur|71\/100|[from] item: Life Orb\n|move|p1a: Speed|Future Sight|p2a: Venusaur\n|-start|p1a: Speed|move: Future Sight\n|\n|-weather|none\n|upkeep\n|turn|12\n|\n|t:|1657546403\n|switch|p1a: Hugs for Free|Ferrothorn, M|75\/100\n|-damage|p1a: Hugs for Free|68\/100|[from] Stealth Rock\n|move|p2a: Venusaur|Earth Power|p1a: Hugs for Free\n|-damage|p1a: Hugs for Free|11\/100\n|-damage|p2a: Venusaur|61\/100|[from] item: Life Orb\n|\n|upkeep\n|turn|13\n|\n|t:|1657546417\n|switch|p2a: Mandibuzz|Mandibuzz, F, shiny|100\/100\n|move|p1a: Hugs for Free|Spikes|p2a: Mandibuzz\n|-sidestart|p2: PlayForDreams|Spikes\n|\n|-end|p2a: Mandibuzz|move: Future Sight\n|-immune|p2a: Mandibuzz\n|upkeep\n|turn|14\n|\n|t:|1657546424\n|move|p2a: Mandibuzz|Foul Play|p1a: Hugs for Free\n|-damage|p1a: Hugs for Free|0 fnt\n|-damage|p2a: Mandibuzz|88\/100|[from] ability: Iron Barbs|[of] p1a: Hugs for Free\n|-damage|p2a: Mandibuzz|72\/100|[from] item: Rocky Helmet|[of] p1a: Hugs for Free\n|faint|p1a: Hugs for Free\n|\n|upkeep\n|\n|t:|1657546429\n|switch|p1a: Bruce Lee|Urshifu-Rapid-Strike, M|94\/100\n|-damage|p1a: Bruce Lee|88\/100|[from] Stealth Rock\n|turn|15\n|\n|t:|1657546438\n|switch|p2a: Ninetales|Ninetales, M, shiny|100\/100\n|-damage|p2a: Ninetales|88\/100|[from] Spikes\n|-weather|SunnyDay|[from] ability: Drought|[of] p2a: Ninetales\n|move|p1a: Bruce Lee|Surging Strikes|p2a: Ninetales\n|-supereffective|p2a: Ninetales\n|-crit|p2a: Ninetales\n|-damage|p2a: Ninetales|50\/100\n|-supereffective|p2a: Ninetales\n|-crit|p2a: Ninetales\n|-damage|p2a: Ninetales|11\/100\n|-supereffective|p2a: Ninetales\n|-crit|p2a: Ninetales\n|-damage|p2a: Ninetales|0 fnt\n|faint|p2a: Ninetales\n|-hitcount|p2: Ninetales|3\n|\n|-weather|SunnyDay|[upkeep]\n|upkeep\n|\n|t:|1657546454\n|switch|p2a: Venusaur|Venusaur, M, shiny|61\/100\n|-damage|p2a: Venusaur|48\/100|[from] Spikes\n|turn|16\n|\n|t:|1657546468\n|move|p2a: Venusaur|Growth|p2a: Venusaur\n|-boost|p2a: Venusaur|atk|2\n|-boost|p2a: Venusaur|spa|2\n|move|p1a: Bruce Lee|Surging Strikes|p2a: Venusaur\n|-resisted|p2a: Venusaur\n|-crit|p2a: Venusaur\n|-damage|p2a: Venusaur|38\/100\n|-resisted|p2a: Venusaur\n|-crit|p2a: Venusaur\n|-damage|p2a: Venusaur|28\/100\n|-resisted|p2a: Venusaur\n|-crit|p2a: Venusaur\n|-damage|p2a: Venusaur|17\/100\n|-hitcount|p2a: Venusaur|3\n|\n|-weather|SunnyDay|[upkeep]\n|upkeep\n|turn|17\n|\n|t:|1657546483\n|switch|p1a: Speed|Slowking, M, shiny|70\/100\n|move|p2a: Venusaur|Sludge Bomb|p1a: Speed\n|-damage|p1a: Speed|7\/100\n|-damage|p2a: Venusaur|7\/100|[from] item: Life Orb\n|\n|-weather|SunnyDay|[upkeep]\n|upkeep\n|turn|18\n|\n|t:|1657546494\n|move|p2a: Venusaur|Earth Power|p1a: Speed\n|-damage|p1a: Speed|0 fnt\n|faint|p1a: Speed\n|-damage|p2a: Venusaur|0 fnt|[from] item: Life Orb\n|faint|p2a: Venusaur\n|\n|-weather|SunnyDay|[upkeep]\n|upkeep\n|\n|t:|1657546504\n|switch|p2a: Dragapult|Dragapult, M, shiny|100\/100\n|switch|p1a: Bruce Lee|Urshifu-Rapid-Strike, M|88\/100\n|-damage|p2a: Dragapult|88\/100|[from] Spikes\n|-damage|p1a: Bruce Lee|82\/100|[from] Stealth Rock\n|turn|19\n|\n|t:|1657546515\n|move|p2a: Dragapult|U-turn|p1a: Bruce Lee\n|-resisted|p1a: Bruce Lee\n|-damage|p1a: Bruce Lee|65\/100\n|\n|t:|1657546519\n|switch|p2a: Mandibuzz|Mandibuzz, F, shiny|72\/100|[from]move: U-turn\n|move|p1a: Bruce Lee|Surging Strikes|p2a: Mandibuzz\n|-crit|p2a: Mandibuzz\n|-damage|p2a: Mandibuzz|61\/100\n|-crit|p2a: Mandibuzz\n|-damage|p2a: Mandibuzz|50\/100\n|-crit|p2a: Mandibuzz\n|-damage|p2a: Mandibuzz|39\/100\n|-hitcount|p2a: Mandibuzz|3\n|\n|-weather|SunnyDay|[upkeep]\n|upkeep\n|turn|20\n|\n|t:|1657546534\n|move|p1a: Bruce Lee|Surging Strikes|p2a: Mandibuzz\n|-crit|p2a: Mandibuzz\n|-damage|p2a: Mandibuzz|28\/100\n|-crit|p2a: Mandibuzz\n|-damage|p2a: Mandibuzz|17\/100\n|-crit|p2a: Mandibuzz\n|-damage|p2a: Mandibuzz|6\/100\n|-hitcount|p2a: Mandibuzz|3\n|move|p2a: Mandibuzz|Roost|p2a: Mandibuzz\n|-heal|p2a: Mandibuzz|56\/100\n|-singleturn|p2a: Mandibuzz|move: Roost\n|\n|-weather|SunnyDay|[upkeep]\n|upkeep\n|turn|21\n|\n|t:|1657546545\n|move|p1a: Bruce Lee|Surging Strikes|p2a: Mandibuzz\n|-crit|p2a: Mandibuzz\n|-damage|p2a: Mandibuzz|46\/100\n|-crit|p2a: Mandibuzz\n|-damage|p2a: Mandibuzz|35\/100\n|-crit|p2a: Mandibuzz\n|-damage|p2a: Mandibuzz|24\/100\n|-hitcount|p2a: Mandibuzz|3\n|move|p2a: Mandibuzz|Roost|p2a: Mandibuzz\n|-heal|p2a: Mandibuzz|74\/100\n|-singleturn|p2a: Mandibuzz|move: Roost\n|\n|-weather|SunnyDay|[upkeep]\n|upkeep\n|turn|22\n|\n|t:|1657546562\n|switch|p2a: Tapu Fini|Tapu Fini, shiny|100\/100\n|-damage|p2a: Tapu Fini|88\/100|[from] Spikes\n|-fieldstart|move: Misty Terrain|[from] ability: Misty Surge|[of] p2a: Tapu Fini\n|move|p1a: Bruce Lee|Surging Strikes|p2a: Tapu Fini\n|-resisted|p2a: Tapu Fini\n|-crit|p2a: Tapu Fini\n|-damage|p2a: Tapu Fini|82\/100\n|-resisted|p2a: Tapu Fini\n|-crit|p2a: Tapu Fini\n|-damage|p2a: Tapu Fini|77\/100\n|-resisted|p2a: Tapu Fini\n|-crit|p2a: Tapu Fini\n|-damage|p2a: Tapu Fini|70\/100\n|-hitcount|p2a: Tapu Fini|3\n|\n|-weather|none\n|-heal|p2a: Tapu Fini|76\/100|[from] item: Leftovers\n|upkeep\n|turn|23\n|\n|t:|1657546579\n|move|p1a: Bruce Lee|Surging Strikes|p2a: Tapu Fini\n|-resisted|p2a: Tapu Fini\n|-crit|p2a: Tapu Fini\n|-damage|p2a: Tapu Fini|62\/100\n|-resisted|p2a: Tapu Fini\n|-crit|p2a: Tapu Fini\n|-damage|p2a: Tapu Fini|50\/100\n|-resisted|p2a: Tapu Fini\n|-crit|p2a: Tapu Fini\n|-damage|p2a: Tapu Fini|36\/100\n|-hitcount|p2a: Tapu Fini|3\n|move|p2a: Tapu Fini|Calm Mind|p2a: Tapu Fini\n|-boost|p2a: Tapu Fini|spa|1\n|-boost|p2a: Tapu Fini|spd|1\n|\n|-heal|p2a: Tapu Fini|42\/100|[from] item: Leftovers\n|upkeep\n|turn|24\n|\n|t:|1657546594\n|move|p1a: Bruce Lee|Surging Strikes|p2a: Tapu Fini\n|-resisted|p2a: Tapu Fini\n|-crit|p2a: Tapu Fini\n|-damage|p2a: Tapu Fini|29\/100\n|-resisted|p2a: Tapu Fini\n|-crit|p2a: Tapu Fini\n|-damage|p2a: Tapu Fini|15\/100\n|-resisted|p2a: Tapu Fini\n|-crit|p2a: Tapu Fini\n|-damage|p2a: Tapu Fini|1\/100\n|-hitcount|p2a: Tapu Fini|3\n|move|p2a: Tapu Fini|Draining Kiss|p1a: Bruce Lee\n|-supereffective|p1a: Bruce Lee\n|-damage|p1a: Bruce Lee|0 fnt\n|-heal|p2a: Tapu Fini|49\/100|[from] drain|[of] p1a: Bruce Lee\n|faint|p1a: Bruce Lee\n|\n|-heal|p2a: Tapu Fini|56\/100|[from] item: Leftovers\n|upkeep\n|\n|t:|1657546602\n|switch|p1a: Pennywise|Blacephalon, shiny|100\/100\n|-damage|p1a: Pennywise|76\/100|[from] Stealth Rock\n|turn|25\n|\n|t:|1657546611\n|move|p1a: Pennywise|Shadow Ball|p2a: Tapu Fini\n|-damage|p2a: Tapu Fini|31\/100\n|move|p2a: Tapu Fini|Scald|p1a: Pennywise\n|-supereffective|p1a: Pennywise\n|-damage|p1a: Pennywise|0 fnt\n|faint|p1a: Pennywise\n|\n|win|PlayForDreams\n|raw|rooopos's rating: 1640 &rarr; <strong>1623<\/strong><br \/>(-17 for losing)\n|raw|PlayForDreams's rating: 1693 &rarr; <strong>1710<\/strong><br \/>(+17 for winning)\n|c|\u2606PlayForDreams|gg\n||Ladder isn't responding, score probably updated but might not have (Request timeout).\n","uploadtime":1657546625,"views":33,"p1id":"rooopos","p2id":"playfordreams","formatid":"gen8ou","rating":1623,"private":0,"password":null}