{"id":"gen8ou-1306649741","p1":"cump2","p2":"lefistdefer","format":"gen8ou","log":"|j|\u2606cump2\n|j|\u2606lefistdefer\n|t:|1616434994\n|player|p1|cump2|schoolkid-gen4dp|1373\n|player|p2|lefistdefer|ghetsis|1402\n|teamsize|p1|6\n|teamsize|p2|6\n|gametype|singles\n|gen|8\n|tier|[Gen 8] OU\n|rated|\n|clearpoke\n|poke|p1|Landorus-Therian, M|\n|poke|p1|Mantine, F|\n|poke|p1|Volcarona, F|\n|poke|p1|Rillaboom, F|\n|poke|p1|Obstagoon, M|\n|poke|p1|Tapu Lele|\n|poke|p2|Tapu Lele|\n|poke|p2|Celesteela|\n|poke|p2|Urshifu-*, F|\n|poke|p2|Landorus-Therian, M|\n|poke|p2|Blacephalon|\n|poke|p2|Zapdos|\n|rule|Sleep Clause Mod: Limit one foe put to sleep\n|rule|Species Clause: Limit one of each Pok\u00e9mon\n|rule|OHKO Clause: OHKO moves are banned\n|rule|Evasion Moves Clause: Evasion moves are banned\n|rule|Endless Battle Clause: Forcing endless battles is banned\n|rule|HP Percentage Mod: HP is shown in percentages\n|rule|Dynamax Clause: You cannot dynamax\n|teampreview\n|\n|t:|1616435005\n|start\n|switch|p1a: Obstagoon|Obstagoon, M|100\/100\n|switch|p2a: Urshifu|Urshifu-Rapid-Strike, F|100\/100\n|turn|1\n|\n|t:|1616435016\n|switch|p1a: Mantine|Mantine, F|100\/100\n|move|p2a: Urshifu|U-turn|p1a: Mantine\n|-resisted|p1a: Mantine\n|-damage|p1a: Mantine|86\/100\n|\n|t:|1616435021\n|switch|p2a: Zapdos|Zapdos|100\/100|[from]move: U-turn\n|\n|upkeep\n|turn|2\n|\n|t:|1616435025\n|switch|p1a: Landorus|Landorus-Therian, M|100\/100\n|-ability|p1a: Landorus|Intimidate|boost\n|-unboost|p2a: Zapdos|atk|1\n|move|p2a: Zapdos|Heat Wave|p1a: Landorus\n|-damage|p1a: Landorus|71\/100\n|\n|-heal|p1a: Landorus|77\/100|[from] item: Leftovers\n|upkeep\n|turn|3\n|\n|t:|1616435035\n|switch|p2a: Urshifu|Urshifu-Rapid-Strike, F|100\/100\n|move|p1a: Landorus|Stealth Rock|p2a: Urshifu\n|-sidestart|p2: lefistdefer|move: Stealth Rock\n|\n|-heal|p1a: Landorus|83\/100|[from] item: Leftovers\n|upkeep\n|turn|4\n|\n|t:|1616435045\n|switch|p1a: Mantine|Mantine, F|86\/100\n|move|p2a: Urshifu|U-turn|p1a: Mantine\n|-resisted|p1a: Mantine\n|-damage|p1a: Mantine|71\/100\n|\n|t:|1616435050\n|switch|p2a: Zapdos|Zapdos|100\/100|[from]move: U-turn\n|\n|upkeep\n|turn|5\n|\n|t:|1616435055\n|move|p2a: Zapdos|Volt Switch|p1a: Mantine\n|-supereffective|p1a: Mantine\n|-damage|p1a: Mantine|9\/100\n|\n|t:|1616435066\n|switch|p2a: Urshifu|Urshifu-Rapid-Strike, F|100\/100|[from]move: Volt Switch\n|-damage|p2a: Urshifu|94\/100|[from] Stealth Rock\n|move|p1a: Mantine|Toxic|p2a: Urshifu\n|-status|p2a: Urshifu|tox\n|\n|-damage|p2a: Urshifu|88\/100 tox|[from] psn\n|upkeep\n|turn|6\n|\n|t:|1616435076\n|switch|p1a: Volcarona|Volcarona, F|100\/100\n|move|p2a: Urshifu|U-turn|p1a: Volcarona\n|-resisted|p1a: Volcarona\n|-damage|p1a: Volcarona|81\/100\n|\n|t:|1616435086\n|switch|p2a: Tapu Lele|Tapu Lele|100\/100|[from]move: U-turn\n|-damage|p2a: Tapu Lele|88\/100|[from] Stealth Rock\n|-fieldstart|move: Psychic Terrain|[from] ability: Psychic Surge|[of] p2a: Tapu Lele\n|\n|upkeep\n|turn|7\n|\n|t:|1616435092\n|switch|p1a: Mantine|Mantine, F|9\/100\n|move|p2a: Tapu Lele|Psyshock|p1a: Mantine\n|-damage|p1a: Mantine|0 fnt\n|faint|p1a: Mantine\n|\n|upkeep\n|\n|t:|1616435102\n|switch|p1a: Obstagoon|Obstagoon, M|100\/100\n|turn|8\n|\n|t:|1616435106\n|switch|p2a: Landorus|Landorus-Therian, M|100\/100\n|-damage|p2a: Landorus|88\/100|[from] Stealth Rock\n|-ability|p2a: Landorus|Intimidate|boost\n|-unboost|p1a: Obstagoon|atk|1\n|move|p1a: Obstagoon|Parting Shot|p2a: Landorus\n|-unboost|p2a: Landorus|atk|1\n|-unboost|p2a: Landorus|spa|1\n|\n|t:|1616435120\n|switch|p1a: Rillaboom|Rillaboom, F|100\/100|[from]move: Parting Shot\n|-fieldstart|move: Grassy Terrain|[from] ability: Grassy Surge|[of] p1a: Rillaboom\n|\n|-heal|p2a: Landorus|94\/100|[from] item: Leftovers\n|upkeep\n|turn|9\n|\n|t:|1616435126\n|move|p1a: Rillaboom|Knock Off|p2a: Landorus\n|-damage|p2a: Landorus|53\/100\n|-enditem|p2a: Landorus|Leftovers|[from] move: Knock Off|[of] p1a: Rillaboom\n|move|p2a: Landorus|U-turn|p1a: Rillaboom\n|-supereffective|p1a: Rillaboom\n|-damage|p1a: Rillaboom|68\/100\n|\n|t:|1616435135\n|switch|p2a: Tapu Lele|Tapu Lele|88\/100|[from]move: U-turn\n|-damage|p2a: Tapu Lele|76\/100|[from] Stealth Rock\n|-fieldstart|move: Psychic Terrain|[from] ability: Psychic Surge|[of] p2a: Tapu Lele\n|\n|upkeep\n|turn|10\n|\n|t:|1616435146\n|switch|p1a: Volcarona|Volcarona, F|81\/100\n|move|p2a: Tapu Lele|Psyshock|p1a: Volcarona\n|-damage|p1a: Volcarona|0 fnt\n|faint|p1a: Volcarona\n|\n|upkeep\n|\n|t:|1616435148\n|switch|p1a: Obstagoon|Obstagoon, M|100\/100\n|turn|11\n|\n|t:|1616435162\n|switch|p2a: Zapdos|Zapdos|100\/100\n|move|p1a: Obstagoon|Knock Off|p2a: Zapdos\n|-damage|p2a: Zapdos|71\/100\n|-status|p1a: Obstagoon|par|[from] ability: Static|[of] p2a: Zapdos\n|-enditem|p2a: Zapdos|Heavy-Duty Boots|[from] move: Knock Off|[of] p1a: Obstagoon\n|\n|upkeep\n|turn|12\n|-message|cump2 forfeited.\n|\n|win|lefistdefer\n|raw|cump2's rating: 1373 &rarr; <strong>1355<\/strong><br \/>(-18 for losing)\n|raw|lefistdefer's rating: 1402 &rarr; <strong>1420<\/strong><br \/>(+18 for winning)\n|l|\u2606cump2\n||Ladder isn't responding, score probably updated but might not have (Request timeout).\n","uploadtime":1616435178,"views":17,"p1id":"cump2","p2id":"lefistdefer","formatid":"gen8ou","rating":1355,"private":0,"password":null}