{"id":"gen8randombattle-1634143623","p1":"legitteambuilder","p2":"Shuem","format":"gen8randombattle","log":"|j|\u2606legitteambuilder\n|j|\u2606Shuem\n|t:|1659865374\n|gametype|singles\n|player|p1|legitteambuilder|cyrus|2051\n|player|p2|Shuem|1|2019\n|teamsize|p1|6\n|teamsize|p2|6\n|gen|8\n|tier|[Gen 8] Random Battle\n|rated|\n|rule|Species Clause: Limit one of each Pok\u00e9mon\n|rule|HP Percentage Mod: HP is shown in percentages\n|rule|Sleep Clause Mod: Limit one foe put to sleep\n|\n|t:|1659865374\n|start\n|switch|p1a: Toxtricity|Toxtricity, L82, F|257\/257\n|switch|p2a: Reshiram|Reshiram, L74|270\/270\n|-ability|p2a: Reshiram|Turboblaze\n|turn|1\n|inactive|Battle timer is ON: inactive players will automatically lose when time's up. (requested by legitteambuilder)\n|inactive|Shuem also wants the timer to be on.\n|\n|t:|1659865386\n|move|p1a: Toxtricity|Volt Switch|p2a: Reshiram\n|-resisted|p2a: Reshiram\n|-damage|p2a: Reshiram|234\/270\n|\n|t:|1659865388\n|switch|p1a: Lugia|Lugia, L74|279\/279\n|move|p2a: Reshiram|Blue Flare|p1a: Lugia\n|-damage|p1a: Lugia|162\/279\n|\n|upkeep\n|turn|2\n|\n|t:|1659865400\n|move|p1a: Lugia|Toxic|p2a: Reshiram\n|-status|p2a: Reshiram|tox\n|move|p2a: Reshiram|Blue Flare|p1a: Lugia\n|-crit|p1a: Lugia\n|-damage|p1a: Lugia|0 fnt\n|faint|p1a: Lugia\n|\n|-damage|p2a: Reshiram|218\/270 tox|[from] psn\n|upkeep\n|c|\u2606Shuem|Yoo wtf\n|c|\u2606legitteambuilder|:\/\n|c|\u2606Shuem|Reshiram hits\n|c|\u2606Shuem|hits HARD\n|inactive|legitteambuilder has 120 seconds left.\n|c|\u2606legitteambuilder|it do\n|c|\u2606legitteambuilder|turboblaze ignores multiscale right\n|\n|t:|1659865453\n|switch|p1a: Barbaracle|Barbaracle, L80, M|246\/246\n|turn|3\n|c|\u2606Shuem|O yea\n|c|\u2606Shuem|Yeah\n|\n|t:|1659865470\n|switch|p2a: Oranguru|Oranguru, L86, F|295\/295\n|move|p1a: Barbaracle|Shell Smash|p1a: Barbaracle\n|-unboost|p1a: Barbaracle|def|1\n|-unboost|p1a: Barbaracle|spd|1\n|-boost|p1a: Barbaracle|atk|2\n|-boost|p1a: Barbaracle|spa|2\n|-boost|p1a: Barbaracle|spe|2\n|-enditem|p1a: Barbaracle|White Herb\n|-clearnegativeboost|p1a: Barbaracle|[silent]\n|\n|upkeep\n|turn|4\n|\n|t:|1659865490\n|switch|p2a: Stoutland|Stoutland, L86, M|286\/286\n|move|p1a: Barbaracle|Liquidation|p2a: Stoutland\n|-damage|p2a: Stoutland|76\/286\n|\n|upkeep\n|turn|5\n|\n|t:|1659865496\n|move|p1a: Barbaracle|Liquidation|p2a: Stoutland\n|-damage|p2a: Stoutland|0 fnt\n|faint|p2a: Stoutland\n|\n|upkeep\n|\n|t:|1659865501\n|switch|p2a: Oranguru|Oranguru, L86, F|295\/295\n|turn|6\n|\n|t:|1659865503\n|move|p1a: Barbaracle|Liquidation|p2a: Oranguru\n|-damage|p2a: Oranguru|75\/295\n|move|p2a: Oranguru|Trick Room|p2a: Oranguru\n|-fieldstart|move: Trick Room|[of] p2a: Oranguru\n|\n|-heal|p2a: Oranguru|93\/295|[from] item: Leftovers\n|upkeep\n|turn|7\n|inactive|legitteambuilder has 120 seconds left.\n|\n|t:|1659865530\n|switch|p1a: Meowstic|Meowstic-F, L86, F|268\/268\n|move|p2a: Oranguru|Thunderbolt|p1a: Meowstic\n|-damage|p1a: Meowstic|204\/268\n|\n|-heal|p2a: Oranguru|111\/295|[from] item: Leftovers\n|upkeep\n|turn|8\n|\n|t:|1659865555\n|switch|p2a: Ribombee|Ribombee, L82, F|233\/233\n|move|p1a: Meowstic|Thunderbolt|p2a: Ribombee\n|-damage|p2a: Ribombee|128\/233\n|\n|-heal|p2a: Ribombee|142\/233|[from] item: Leftovers\n|upkeep\n|turn|9\n|\n|t:|1659865567\n|move|p1a: Meowstic|Thunderbolt|p2a: Ribombee\n|-damage|p2a: Ribombee|30\/233\n|move|p2a: Ribombee|Sticky Web|p1a: Meowstic\n|-sidestart|p1: legitteambuilder|move: Sticky Web\n|\n|-heal|p2a: Ribombee|44\/233|[from] item: Leftovers\n|upkeep\n|turn|10\n|\n|t:|1659865581\n|switch|p2a: Reshiram|Reshiram, L74|218\/270 tox\n|-ability|p2a: Reshiram|Turboblaze\n|move|p1a: Meowstic|Thunderbolt|p2a: Reshiram\n|-resisted|p2a: Reshiram\n|-damage|p2a: Reshiram|178\/270 tox\n|\n|-damage|p2a: Reshiram|162\/270 tox|[from] psn\n|-fieldend|move: Trick Room\n|upkeep\n|turn|11\n|\n|t:|1659865589\n|move|p1a: Meowstic|Thunderbolt|p2a: Reshiram\n|-resisted|p2a: Reshiram\n|-crit|p2a: Reshiram\n|-damage|p2a: Reshiram|106\/270 tox\n|move|p2a: Reshiram|Roost|p2a: Reshiram\n|-heal|p2a: Reshiram|241\/270 tox\n|-singleturn|p2a: Reshiram|move: Roost\n|\n|-damage|p2a: Reshiram|209\/270 tox|[from] psn\n|upkeep\n|turn|12\n|\n|t:|1659865600\n|switch|p1a: Barbaracle|Barbaracle, L80, M|246\/246\n|-activate|p1a: Barbaracle|move: Sticky Web\n|-unboost|p1a: Barbaracle|spe|1\n|move|p2a: Reshiram|Draco Meteor|p1a: Barbaracle\n|-damage|p1a: Barbaracle|89\/246\n|-unboost|p2a: Reshiram|spa|2\n|\n|-damage|p2a: Reshiram|161\/270 tox|[from] psn\n|upkeep\n|turn|13\n|\n|t:|1659865621\n|switch|p2a: Ribombee|Ribombee, L82, F|44\/233\n|move|p1a: Barbaracle|Shell Smash|p1a: Barbaracle\n|-unboost|p1a: Barbaracle|def|1\n|-unboost|p1a: Barbaracle|spd|1\n|-boost|p1a: Barbaracle|atk|2\n|-boost|p1a: Barbaracle|spa|2\n|-boost|p1a: Barbaracle|spe|2\n|\n|-heal|p2a: Ribombee|58\/233|[from] item: Leftovers\n|upkeep\n|turn|14\n|inactive|legitteambuilder has 120 seconds left.\n|\n|t:|1659865646\n|-start|p1a: Barbaracle|Dynamax|\n|-heal|p1a: Barbaracle|178\/492|[silent]\n|move|p2a: Ribombee|Moonblast|p1a: Barbaracle\n|-damage|p1a: Barbaracle|33\/492\n|move|p1a: Barbaracle|Max Rockfall|p2a: Ribombee\n|-supereffective|p2a: Ribombee\n|-damage|p2a: Ribombee|0 fnt\n|-weather|Sandstorm\n|faint|p2a: Ribombee\n|\n|-weather|Sandstorm|[upkeep]\n|upkeep\n|\n|t:|1659865659\n|switch|p2a: Garbodor|Garbodor, L87, M|281\/281\n|turn|15\n|\n|t:|1659865680\n|-start|p2a: Garbodor|Dynamax|Gmax\n|-heal|p2a: Garbodor|562\/562|[silent]\n|move|p1a: Barbaracle|Max Geyser|p2a: Garbodor\n|-damage|p2a: Garbodor|267\/562\n|-weather|RainDance\n|move|p2a: Garbodor|Max Quake|p1a: Barbaracle\n|-supereffective|p1a: Barbaracle\n|-damage|p1a: Barbaracle|0 fnt\n|-boost|p2a: Garbodor|spd|1\n|faint|p1a: Barbaracle\n|\n|-weather|RainDance|[upkeep]\n|-heal|p2a: Garbodor|284\/562|[from] item: Black Sludge\n|upkeep\n|\n|t:|1659865689\n|switch|p1a: Meowstic|Meowstic-F, L86, F|204\/268\n|-activate|p1a: Meowstic|move: Sticky Web\n|-unboost|p1a: Meowstic|spe|1\n|-ability|p1a: Meowstic|Competitive\n|-boost|p1a: Meowstic|spa|2\n|turn|16\n|\n|t:|1659865696\n|move|p2a: Garbodor|G-Max Malodor|p1a: Meowstic\n|-damage|p1a: Meowstic|96\/268\n|-status|p1a: Meowstic|psn\n|move|p1a: Meowstic|Psychic|p2a: Garbodor\n|-supereffective|p2a: Garbodor\n|-damage|p2a: Garbodor|0 fnt\n|faint|p2a: Garbodor\n|\n|-weather|RainDance|[upkeep]\n|-damage|p1a: Meowstic|63\/268 psn|[from] psn\n|upkeep\n|\n|t:|1659865706\n|switch|p2a: Moltres|Moltres, L80|275\/275\n|turn|17\n|\n|t:|1659865709\n|move|p2a: Moltres|Air Slash|p1a: Meowstic\n|-damage|p1a: Meowstic|0 fnt\n|faint|p1a: Meowstic\n|\n|-weather|RainDance|[upkeep]\n|upkeep\n|inactive|legitteambuilder has 120 seconds left.\n|\n|t:|1659865716\n|switch|p1a: Toxtricity|Toxtricity, L82, F|257\/257\n|-activate|p1a: Toxtricity|move: Sticky Web\n|-unboost|p1a: Toxtricity|spe|1\n|turn|18\n|j| Mad_skilz3\n|\n|t:|1659865724\n|move|p2a: Moltres|U-turn|p1a: Toxtricity\n|-resisted|p1a: Toxtricity\n|-damage|p1a: Toxtricity|226\/257\n|\n|t:|1659865728\n|switch|p2a: Reshiram|Reshiram, L74|161\/270 tox\n|-ability|p2a: Reshiram|Turboblaze\n|move|p1a: Toxtricity|Boomburst|p2a: Reshiram\n|-damage|p2a: Reshiram|44\/270 tox\n|\n|-weather|RainDance|[upkeep]\n|-damage|p2a: Reshiram|28\/270 tox|[from] psn\n|upkeep\n|turn|19\n|\n|t:|1659865743\n|switch|p1a: Silvally|Silvally-Dark, L84|297\/297\n|-activate|p1a: Silvally|move: Sticky Web\n|-unboost|p1a: Silvally|spe|1\n|move|p2a: Reshiram|Roost|p2a: Reshiram\n|-heal|p2a: Reshiram|163\/270 tox\n|-singleturn|p2a: Reshiram|move: Roost\n|\n|-weather|none\n|-damage|p2a: Reshiram|131\/270 tox|[from] psn\n|upkeep\n|turn|20\n|\n|t:|1659865753\n|switch|p2a: Moltres|Moltres, L80|275\/275\n|move|p1a: Silvally|Multi-Attack|p2a: Moltres\n|-damage|p2a: Moltres|137\/275\n|\n|upkeep\n|turn|21\n|\n|t:|1659865759\n|move|p2a: Moltres|Roost|p2a: Moltres\n|-heal|p2a: Moltres|275\/275\n|-singleturn|p2a: Moltres|move: Roost\n|move|p1a: Silvally|Multi-Attack|p2a: Moltres\n|-damage|p2a: Moltres|139\/275\n|\n|upkeep\n|turn|22\n|\n|t:|1659865761\n|move|p2a: Moltres|Roost|p2a: Moltres\n|-heal|p2a: Moltres|275\/275\n|-singleturn|p2a: Moltres|move: Roost\n|move|p1a: Silvally|Swords Dance|p1a: Silvally\n|-boost|p1a: Silvally|atk|2\n|\n|upkeep\n|turn|23\n|\n|t:|1659865765\n|move|p2a: Moltres|Fire Blast|p1a: Silvally\n|-damage|p1a: Silvally|177\/297\n|move|p1a: Silvally|Multi-Attack|p2a: Moltres\n|-damage|p2a: Moltres|20\/275\n|-status|p1a: Silvally|brn|[from] ability: Flame Body|[of] p2a: Moltres\n|\n|-damage|p1a: Silvally|159\/297 brn|[from] brn\n|upkeep\n|turn|24\n|\n|t:|1659865775\n|move|p2a: Moltres|Roost|p2a: Moltres\n|-heal|p2a: Moltres|158\/275\n|-singleturn|p2a: Moltres|move: Roost\n|move|p1a: Silvally|Swords Dance|p1a: Silvally\n|-boost|p1a: Silvally|atk|2\n|\n|-damage|p1a: Silvally|141\/297 brn|[from] brn\n|upkeep\n|turn|25\n|\n|t:|1659865780\n|move|p2a: Moltres|Roost|p2a: Moltres\n|-heal|p2a: Moltres|275\/275\n|-singleturn|p2a: Moltres|move: Roost\n|move|p1a: Silvally|Multi-Attack|p2a: Moltres\n|-damage|p2a: Moltres|74\/275\n|\n|-damage|p1a: Silvally|123\/297 brn|[from] brn\n|upkeep\n|turn|26\n|\n|t:|1659865787\n|move|p2a: Moltres|Roost|p2a: Moltres\n|-heal|p2a: Moltres|212\/275\n|-singleturn|p2a: Moltres|move: Roost\n|move|p1a: Silvally|Multi-Attack|p2a: Moltres\n|-damage|p2a: Moltres|15\/275\n|\n|-damage|p1a: Silvally|105\/297 brn|[from] brn\n|upkeep\n|turn|27\n|\n|t:|1659865792\n|move|p2a: Moltres|Fire Blast|p1a: Silvally\n|-damage|p1a: Silvally|0 fnt\n|faint|p1a: Silvally\n|\n|upkeep\n|\n|t:|1659865801\n|switch|p1a: Toxtricity|Toxtricity, L82, F|226\/257\n|-activate|p1a: Toxtricity|move: Sticky Web\n|-unboost|p1a: Toxtricity|spe|1\n|turn|28\n|\n|t:|1659865806\n|move|p2a: Moltres|Roost|p2a: Moltres\n|-heal|p2a: Moltres|153\/275\n|-singleturn|p2a: Moltres|move: Roost\n|move|p1a: Toxtricity|Boomburst|p2a: Moltres\n|-damage|p2a: Moltres|9\/275\n|\n|upkeep\n|turn|29\n|\n|t:|1659865814\n|move|p2a: Moltres|Roost|p2a: Moltres\n|-heal|p2a: Moltres|147\/275\n|-singleturn|p2a: Moltres|move: Roost\n|move|p1a: Toxtricity|Boomburst|p2a: Moltres\n|-damage|p2a: Moltres|6\/275\n|\n|upkeep\n|turn|30\n|\n|t:|1659865822\n|move|p2a: Moltres|Fire Blast|p1a: Toxtricity\n|-damage|p1a: Toxtricity|76\/257\n|move|p1a: Toxtricity|Boomburst|p2a: Moltres\n|-damage|p2a: Moltres|0 fnt\n|faint|p2a: Moltres\n|\n|upkeep\n|\n|t:|1659865826\n|switch|p2a: Reshiram|Reshiram, L74|131\/270 tox\n|-ability|p2a: Reshiram|Turboblaze\n|turn|31\n|j| azsxdxaa\n|\n|t:|1659865832\n|move|p2a: Reshiram|Blue Flare|p1a: Toxtricity\n|-damage|p1a: Toxtricity|0 fnt\n|faint|p1a: Toxtricity\n|\n|-damage|p2a: Reshiram|115\/270 tox|[from] psn\n|upkeep\n|\n|t:|1659865834\n|switch|p1a: Exeggutor|Exeggutor-Alola, L87, F|307\/307\n|-activate|p1a: Exeggutor|move: Sticky Web\n|-unboost|p1a: Exeggutor|spe|1\n|-item|p2a: Reshiram|Heavy-Duty Boots|[from] ability: Frisk|[of] p1a: Exeggutor|[identify]\n|turn|32\n|\n|t:|1659865843\n|switch|p2a: Oranguru|Oranguru, L86, F|111\/295\n|move|p1a: Exeggutor|Draco Meteor|p2a: Oranguru\n|-damage|p2a: Oranguru|0 fnt\n|-unboost|p1a: Exeggutor|spa|2\n|faint|p2a: Oranguru\n|\n|upkeep\n|\n|t:|1659865846\n|switch|p2a: Reshiram|Reshiram, L74|115\/270 tox\n|-ability|p2a: Reshiram|Turboblaze\n|turn|33\n|\n|t:|1659865849\n|move|p2a: Reshiram|Roost|p2a: Reshiram\n|-heal|p2a: Reshiram|250\/270 tox\n|-singleturn|p2a: Reshiram|move: Roost\n|move|p1a: Exeggutor|Draco Meteor|p2a: Reshiram\n|-supereffective|p2a: Reshiram\n|-damage|p2a: Reshiram|14\/270 tox\n|-unboost|p1a: Exeggutor|spa|2\n|\n|-damage|p2a: Reshiram|0 fnt|[from] psn\n|faint|p2a: Reshiram\n|\n|win|legitteambuilder\n|upkeep\n|raw|legitteambuilder's rating: 2051 &rarr; <strong>2069<\/strong><br \/>(+18 for winning)\n|raw|Shuem's rating: 2019 &rarr; <strong>2001<\/strong><br \/>(-18 for losing)\n|c|\u2606legitteambuilder|gg\n|l|\u2606legitteambuilder\n|c|\u2606Shuem|Yo wtf\n|c|\u2606Shuem|Gg\n","inputlog":">version 0d1bbd7a1d1392198beecd38968d4bbdb7a66532\n>start {\"formatid\":\"gen8randombattle\",\"seed\":[27233,37685,25049,29772],\"rated\":\"Rated battle\"}\n>player p1 {\"name\":\"legitteambuilder\",\"avatar\":\"cyrus\",\"rating\":2051,\"seed\":[39481,30934,10834,63429]}\n>player p2 {\"name\":\"Shuem\",\"avatar\":\"1\",\"rating\":2019,\"seed\":[14226,61847,22935,61977]}\n>p1 move voltswitch\n>p2 move blueflare\n>p1 switch 4\n>p1 move toxic\n>p2 move blueflare\n>chat \u2606Shuem|Yoo wtf\n>chat \u2606legitteambuilder|:\/\n>chat \u2606Shuem|Reshiram hits\n>chat \u2606Shuem| hits HARD \n>chat \u2606legitteambuilder|it do\n>chat \u2606legitteambuilder|turboblaze ignores multiscale right\n>p1 switch 3\n>chat \u2606Shuem|O yea\n>chat \u2606Shuem|Yeah\n>p1 move shellsmash\n>p2 switch 3\n>p1 move liquidation\n>p2 switch 4\n>p1 move liquidation\n>p2 move superpower\n>p2 switch 4\n>p1 move liquidation\n>p2 move trickroom\n>p1 switch 2\n>p2 move thunderbolt\n>p1 move thunderbolt\n>p2 switch 5\n>p1 move thunderbolt\n>p2 move stickyweb\n>p1 move thunderbolt\n>p2 switch 3\n>p1 move thunderbolt\n>p2 move roost\n>p1 switch 2\n>p2 move dracometeor\n>p1 move shellsmash\n>p2 switch 3\n>p1 move stoneedge dynamax\n>p2 move moonblast\n>p2 switch 2\n>p1 move liquidation dynamax\n>p2 move stompingtantrum dynamax\n>p1 switch 2\n>p1 move psychic\n>p2 move gunkshot dynamax\n>p2 switch 6\n>p1 move psychic\n>p2 move airslash\n>p1 switch 4\n>p1 move boomburst\n>p2 move uturn\n>p2 switch 3\n>p1 switch 6\n>p2 move roost\n>p1 move multiattack\n>p2 switch 3\n>p1 move multiattack\n>p2 move roost\n>p1 move swordsdance\n>p2 move roost\n>p1 move multiattack\n>p2 move fireblast\n>p1 move swordsdance\n>p2 move roost\n>p1 move multiattack\n>p2 move roost\n>p1 move multiattack\n>p2 move roost\n>p1 move multiattack\n>p2 move fireblast\n>p1 switch 6\n>p1 move boomburst\n>p2 move roost\n>p1 move boomburst\n>p2 move roost\n>p1 move boomburst\n>p2 move fireblast\n>p2 switch 3\n>p1 move boomburst\n>p2 move blueflare\n>p1 switch 5\n>p1 move dracometeor\n>p2 switch 5\n>p2 switch 5\n>p1 move dracometeor\n>p2 move roost","uploadtime":1659865874,"views":9,"p1id":"legitteambuilder","p2id":"shuem","formatid":"gen8randombattle","rating":2001,"private":0,"password":null}