{"id":"gen8uu-1117515709","p1":"OGamer289","p2":"RandomDude98","format":"gen8uu","log":"|j|\u2606OGamer289\n|j|\u2606RandomDude98\n|player|p1|OGamer289|153|1203\n|player|p2|RandomDude98|290|1296\n|teamsize|p1|6\n|teamsize|p2|6\n|gametype|singles\n|gen|8\n|tier|[Gen 8] UU\n|rated|\n|html|<div class=\"broadcast-blue\"><strong>UU is currently suspecting Haxorus! For information on how to participate check out the <a href=\"https:\/\/www.smogon.com\/forums\/threads\/3664575\/\">suspect thread<\/a>.<\/strong><\/div>\n|clearpoke\n|poke|p1|Haxorus, M|\n|poke|p1|Mantine, F|\n|poke|p1|Toxtricity, F|\n|poke|p1|Runerigus, M|\n|poke|p1|Arcanine, M|\n|poke|p1|Hitmonlee, M|\n|poke|p2|Sirfetch\u2019d, M|\n|poke|p2|Bronzong|\n|poke|p2|Toxtricity, F|\n|poke|p2|Umbreon, F|\n|poke|p2|Noivern, M|\n|poke|p2|Celebi|\n|rule|Sleep Clause Mod: Limit one foe put to sleep\n|rule|Species Clause: Limit one of each Pok\u00e9mon\n|rule|OHKO Clause: OHKO moves are banned\n|rule|Evasion Moves Clause: Evasion moves are banned\n|rule|Endless Battle Clause: Forcing endless battles is banned\n|rule|HP Percentage Mod: HP is shown in percentages\n|rule|Dynamax Clause: You cannot dynamax\n|teampreview\n|inactive|Battle timer is ON: inactive players will automatically lose when time's up. (requested by OGamer289)\n|\n|start\n|switch|p1a: Komisch|Runerigus, M|100\/100\n|switch|p2a: Quasimodo|Bronzong|100\/100\n|turn|1\n|\n|move|p2a: Quasimodo|Stealth Rock|p1a: Komisch\n|-sidestart|p1: OGamer289|move: Stealth Rock\n|move|p1a: Komisch|Stealth Rock|p2a: Quasimodo\n|-sidestart|p2: RandomDude98|move: Stealth Rock\n|\n|upkeep\n|turn|2\n|\n|switch|p1a: Flex|Toxtricity, F|100\/100\n|-damage|p1a: Flex|88\/100|[from] Stealth Rock\n|move|p2a: Quasimodo|Toxic|p1a: Flex\n|-immune|p1a: Flex\n|\n|upkeep\n|turn|3\n|\n|move|p1a: Flex|Thunderbolt|p2a: Quasimodo\n|-damage|p2a: Quasimodo|53\/100\n|move|p2a: Quasimodo|Psychic|p1a: Flex\n|-supereffective|p1a: Flex\n|-damage|p1a: Flex|9\/100\n|\n|-heal|p2a: Quasimodo|59\/100|[from] item: Leftovers\n|upkeep\n|turn|4\n|\n|move|p2a: Quasimodo|Protect|p2a: Quasimodo\n|-singleturn|p2a: Quasimodo|Protect\n|move|p1a: Flex|Thunderbolt|p2a: Quasimodo\n|-activate|p2a: Quasimodo|move: Protect\n|\n|-heal|p2a: Quasimodo|65\/100|[from] item: Leftovers\n|upkeep\n|turn|5\n|\n|move|p1a: Flex|Thunderbolt|p2a: Quasimodo\n|-damage|p2a: Quasimodo|18\/100\n|move|p2a: Quasimodo|Psychic|p1a: Flex\n|-supereffective|p1a: Flex\n|-damage|p1a: Flex|0 fnt\n|faint|p1a: Flex\n|\n|-heal|p2a: Quasimodo|24\/100|[from] item: Leftovers\n|upkeep\n|\n|switch|p1a: Zu schlecht|Arcanine, M|100\/100\n|-ability|p1a: Zu schlecht|Intimidate|boost\n|-unboost|p2a: Quasimodo|atk|1\n|turn|6\n|c|\u2606RandomDude98|warum sind hier eigentlich nur deutsche\n|\n|move|p2a: Quasimodo|Protect|p2a: Quasimodo\n|-singleturn|p2a: Quasimodo|Protect\n|move|p1a: Zu schlecht|Flare Blitz|p2a: Quasimodo\n|-activate|p2a: Quasimodo|move: Protect\n|\n|-heal|p2a: Quasimodo|30\/100|[from] item: Leftovers\n|upkeep\n|turn|7\n|\n|move|p1a: Zu schlecht|Flare Blitz|p2a: Quasimodo\n|-supereffective|p2a: Quasimodo\n|-damage|p2a: Quasimodo|0 fnt\n|-damage|p1a: Zu schlecht|92\/100|[from] Recoil\n|faint|p2a: Quasimodo\n|\n|upkeep\n|\n|switch|p2a: Just a cat|Umbreon, F, shiny|100\/100\n|-damage|p2a: Just a cat|88\/100|[from] Stealth Rock\n|turn|8\n|c|\u2606OGamer289|Ich seh selten deutsche\n|\n|switch|p1a: Mantarochen|Mantine, F|100\/100\n|-damage|p1a: Mantarochen|76\/100|[from] Stealth Rock\n|move|p2a: Just a cat|Wish|p2a: Just a cat\n|\n|-heal|p1a: Mantarochen|82\/100|[from] item: Leftovers\n|-heal|p2a: Just a cat|94\/100|[from] item: Leftovers\n|upkeep\n|turn|9\n|\n|switch|p1a: Komisch|Runerigus, M|100\/100\n|-damage|p1a: Komisch|94\/100|[from] Stealth Rock\n|switch|p2a: Kurt Cobain|Toxtricity, F|100\/100\n|-damage|p2a: Kurt Cobain|88\/100|[from] Stealth Rock\n|\n|-heal|p2a: Kurt Cobain|100\/100|[from] move: Wish|[wisher] Just a cat\n|-heal|p1a: Komisch|100\/100|[from] item: Leftovers\n|upkeep\n|turn|10\n|inactive|OGamer289 has 120 seconds left.\n|\n|switch|p2a: Just a cat|Umbreon, F, shiny|94\/100\n|-damage|p2a: Just a cat|82\/100|[from] Stealth Rock\n|move|p1a: Komisch|Taunt|p2a: Just a cat\n|-start|p2a: Just a cat|move: Taunt\n|\n|-heal|p2a: Just a cat|88\/100|[from] item: Leftovers\n|upkeep\n|turn|11\n|\n|move|p2a: Just a cat|Foul Play|p1a: Komisch\n|-supereffective|p1a: Komisch\n|-damage|p1a: Komisch|65\/100\n|-activate|p1a: Komisch|ability: Wandering Spirit|Synchronize|Wandering Spirit|[of] p2a: Just a cat\n|move|p1a: Komisch|Body Press|p2a: Just a cat\n|-supereffective|p2a: Just a cat\n|-damage|p2a: Just a cat|36\/100\n|-activate|p2a: Just a cat|ability: Wandering Spirit|Synchronize|Wandering Spirit|[of] p1a: Komisch\n|\n|-heal|p2a: Just a cat|42\/100|[from] item: Leftovers\n|-heal|p1a: Komisch|71\/100|[from] item: Leftovers\n|upkeep\n|turn|12\n|\n|switch|p2a: Cause of Covid-19|Noivern, M|100\/100\n|-damage|p2a: Cause of Covid-19|76\/100|[from] Stealth Rock\n|-item|p1a: Komisch|Leftovers|[from] ability: Frisk|[of] p2a: Cause of Covid-19|[identify]\n|switch|p1a: Dragon Fly|Haxorus, M, shiny|100\/100\n|-damage|p1a: Dragon Fly|88\/100|[from] Stealth Rock\n|-ability|p1a: Dragon Fly|Mold Breaker\n|\n|upkeep\n|turn|13\n|\n|switch|p1a: Mantarochen|Mantine, F|82\/100\n|-damage|p1a: Mantarochen|57\/100|[from] Stealth Rock\n|move|p2a: Cause of Covid-19|Boomburst|p1a: Mantarochen\n|-damage|p1a: Mantarochen|24\/100\n|\n|-heal|p1a: Mantarochen|30\/100|[from] item: Leftovers\n|upkeep\n|turn|14\n|\n|switch|p1a: Komisch|Runerigus, M|71\/100\n|-damage|p1a: Komisch|65\/100|[from] Stealth Rock\n|move|p2a: Cause of Covid-19|Boomburst|p1a: Komisch\n|-immune|p1a: Komisch\n|\n|-heal|p1a: Komisch|71\/100|[from] item: Leftovers\n|upkeep\n|turn|15\n|\n|switch|p2a: *insert nickname*|Celebi|100\/100\n|-damage|p2a: *insert nickname*|88\/100|[from] Stealth Rock\n|move|p1a: Komisch|Taunt|p2a: *insert nickname*\n|-start|p2a: *insert nickname*|move: Taunt\n|\n|-heal|p2a: *insert nickname*|94\/100|[from] item: Leftovers\n|-heal|p1a: Komisch|77\/100|[from] item: Leftovers\n|upkeep\n|turn|16\n|\n|switch|p1a: Mantarochen|Mantine, F|30\/100\n|-damage|p1a: Mantarochen|5\/100|[from] Stealth Rock\n|move|p2a: *insert nickname*|Giga Drain|p1a: Mantarochen\n|-damage|p1a: Mantarochen|0 fnt\n|-heal|p2a: *insert nickname*|97\/100|[from] drain|[of] p1a: Mantarochen\n|faint|p1a: Mantarochen\n|\n|-heal|p2a: *insert nickname*|100\/100|[from] item: Leftovers\n|upkeep\n|\n|switch|p1a: Dragon Fly|Haxorus, M, shiny|88\/100\n|-damage|p1a: Dragon Fly|76\/100|[from] Stealth Rock\n|-ability|p1a: Dragon Fly|Mold Breaker\n|turn|17\n|\n|move|p1a: Dragon Fly|First Impression|p2a: *insert nickname*\n|-supereffective|p2a: *insert nickname*\n|-damage|p2a: *insert nickname*|0 fnt\n|-damage|p1a: Dragon Fly|66\/100|[from] item: Life Orb\n|faint|p2a: *insert nickname*\n|\n|upkeep\n|\n|switch|p2a: Cause of Covid-19|Noivern, M|76\/100\n|-damage|p2a: Cause of Covid-19|51\/100|[from] Stealth Rock\n|-item|p1a: Dragon Fly|Life Orb|[from] ability: Frisk|[of] p2a: Cause of Covid-19|[identify]\n|turn|18\n|\n|switch|p1a: In die Fresse|Hitmonlee, M|100\/100\n|-damage|p1a: In die Fresse|94\/100|[from] Stealth Rock\n|move|p2a: Cause of Covid-19|Draco Meteor|p1a: In die Fresse\n|-damage|p1a: In die Fresse|0 fnt\n|-unboost|p2a: Cause of Covid-19|spa|2\n|faint|p1a: In die Fresse\n|\n|upkeep\n|\n|switch|p1a: Zu schlecht|Arcanine, M|92\/100\n|-ability|p1a: Zu schlecht|Intimidate|boost\n|-unboost|p2a: Cause of Covid-19|atk|1\n|turn|19\n|\n|switch|p2a: Just a cat|Umbreon, F, shiny|42\/100\n|-damage|p2a: Just a cat|30\/100|[from] Stealth Rock\n|move|p1a: Zu schlecht|Extreme Speed|p2a: Just a cat\n|-damage|p2a: Just a cat|10\/100\n|\n|-heal|p2a: Just a cat|16\/100|[from] item: Leftovers\n|upkeep\n|turn|20\n|\n|move|p2a: Just a cat|Protect|p2a: Just a cat\n|-singleturn|p2a: Just a cat|Protect\n|move|p1a: Zu schlecht|Extreme Speed|p2a: Just a cat\n|-activate|p2a: Just a cat|move: Protect\n|\n|-heal|p2a: Just a cat|22\/100|[from] item: Leftovers\n|upkeep\n|turn|21\n|\n|move|p1a: Zu schlecht|Flare Blitz|p2a: Just a cat\n|-damage|p2a: Just a cat|0 fnt\n|-damage|p1a: Zu schlecht|85\/100|[from] Recoil\n|faint|p2a: Just a cat\n|\n|upkeep\n|\n|switch|p2a: Der Lauch|Sirfetch\u2019d, M, shiny|100\/100\n|-damage|p2a: Der Lauch|94\/100|[from] Stealth Rock\n|turn|22\n|\n|switch|p1a: Komisch|Runerigus, M|77\/100\n|-damage|p1a: Komisch|71\/100|[from] Stealth Rock\n|move|p2a: Der Lauch|Close Combat|p1a: Komisch\n|-damage|p1a: Komisch|7\/100\n|-unboost|p2a: Der Lauch|def|1\n|-unboost|p2a: Der Lauch|spd|1\n|-activate|p1a: Komisch|ability: Wandering Spirit|Scrappy|Wandering Spirit|[of] p2a: Der Lauch\n|\n|-heal|p1a: Komisch|13\/100|[from] item: Leftovers\n|upkeep\n|turn|23\n|\n|move|p2a: Der Lauch|Close Combat|p1a: Komisch\n|-immune|p1a: Komisch\n|move|p1a: Komisch|Earthquake|p2a: Der Lauch\n|-damage|p2a: Der Lauch|22\/100\n|\n|-heal|p1a: Komisch|20\/100|[from] item: Leftovers\n|upkeep\n|turn|24\n|\n|switch|p2a: Cause of Covid-19|Noivern, M|51\/100\n|-damage|p2a: Cause of Covid-19|26\/100|[from] Stealth Rock\n|-item|p1a: Komisch|Leftovers|[from] ability: Frisk|[of] p2a: Cause of Covid-19|[identify]\n|move|p1a: Komisch|Body Press|p2a: Cause of Covid-19\n|-resisted|p2a: Cause of Covid-19\n|-damage|p2a: Cause of Covid-19|3\/100\n|\n|-heal|p1a: Komisch|26\/100|[from] item: Leftovers\n|upkeep\n|turn|25\n|\n|move|p2a: Cause of Covid-19|Draco Meteor|p1a: Komisch\n|-crit|p1a: Komisch\n|-damage|p1a: Komisch|0 fnt\n|-unboost|p2a: Cause of Covid-19|spa|2\n|faint|p1a: Komisch\n|\n|upkeep\n|\n|switch|p1a: Dragon Fly|Haxorus, M, shiny|66\/100\n|-damage|p1a: Dragon Fly|54\/100|[from] Stealth Rock\n|-ability|p1a: Dragon Fly|Mold Breaker\n|turn|26\n|\n|move|p1a: Dragon Fly|First Impression|p2a: Cause of Covid-19\n|-resisted|p2a: Cause of Covid-19\n|-damage|p2a: Cause of Covid-19|0 fnt\n|-damage|p1a: Dragon Fly|44\/100|[from] item: Life Orb\n|faint|p2a: Cause of Covid-19\n|\n|upkeep\n|\n|switch|p2a: Der Lauch|Sirfetch\u2019d, M, shiny|22\/100\n|-damage|p2a: Der Lauch|16\/100|[from] Stealth Rock\n|turn|27\n|\n|move|p2a: Der Lauch|First Impression|p1a: Dragon Fly\n|-damage|p1a: Dragon Fly|0 fnt\n|faint|p1a: Dragon Fly\n|\n|upkeep\n|\n|switch|p1a: Zu schlecht|Arcanine, M|85\/100\n|-ability|p1a: Zu schlecht|Intimidate|boost\n|-immune|p2a: Der Lauch|[from] ability: Scrappy\n|turn|28\n|\n|move|p2a: Der Lauch|First Impression||[still]\n|-fail|p2a: Der Lauch\n|-hint|First Impression only works on your first turn out.\n|move|p1a: Zu schlecht|Extreme Speed|p2a: Der Lauch\n|-damage|p2a: Der Lauch|0 fnt\n|faint|p2a: Der Lauch\n|\n|upkeep\n|\n|switch|p2a: Kurt Cobain|Toxtricity, F|100\/100\n|-damage|p2a: Kurt Cobain|88\/100|[from] Stealth Rock\n|turn|29\n|\n|move|p2a: Kurt Cobain|Boomburst|p1a: Zu schlecht\n|-damage|p1a: Zu schlecht|16\/100\n|-enditem|p2a: Kurt Cobain|Throat Spray\n|-boost|p2a: Kurt Cobain|spa|1|[from] item: Throat Spray\n|move|p1a: Zu schlecht|Flare Blitz|p2a: Kurt Cobain\n|-damage|p2a: Kurt Cobain|0 fnt\n|-damage|p1a: Zu schlecht|0 fnt|[from] Recoil\n|faint|p2a: Kurt Cobain\n|faint|p1a: Zu schlecht\n|\n|win|OGamer289\n|c|\u2606RandomDude98|gg\n|c|\u2606OGamer289|gg\n","uploadtime":1589906560,"views":3,"p1id":"ogamer289","p2id":"randomdude98","formatid":"gen8uu","rating":0,"private":0,"password":null}