{"id":"gen8nationaldex-1650019926","p1":"Matieu","p2":"FleetFoxxx","format":"gen8nationaldex","log":"|j|\u2606Matieu\n|j|\u2606FleetFoxxx\n|t:|1661660219\n|gametype|singles\n|player|p1|Matieu|palmer|\n|player|p2|FleetFoxxx|flannery|\n|teamsize|p1|6\n|teamsize|p2|6\n|gen|8\n|tier|[Gen 8] National Dex\n|rule|HP Percentage Mod: HP is shown in percentages\n|rule|Endless Battle Clause: Forcing endless battles is banned\n|rule|OHKO Clause: OHKO moves are banned\n|rule|Evasion Moves Clause: Evasion moves are banned\n|rule|Species Clause: Limit one of each Pok\u00e9mon\n|rule|Dynamax Clause: You cannot dynamax\n|rule|Sleep Clause Mod: Limit one foe put to sleep\n|clearpoke\n|poke|p1|Stunfisk-Galar, F|\n|poke|p1|Volcanion|\n|poke|p1|Roserade, M|\n|poke|p1|Machamp, F|\n|poke|p1|Sharpedo, M|\n|poke|p1|Xatu, F|\n|poke|p2|Bisharp, F|\n|poke|p2|Whimsicott, F|\n|poke|p2|Galvantula, M|\n|poke|p2|Banette, M|\n|poke|p2|Togetic, F|\n|poke|p2|Runerigus, M|\n|teampreview\n|\n|t:|1661660226\n|start\n|switch|p1a: Roserade|Roserade, M|100\/100\n|switch|p2a: Runerigus|Runerigus, M|100\/100\n|turn|1\n|j|+111ace111\n|\n|t:|1661660235\n|switch|p1a: Xatu|Xatu, F|100\/100\n|move|p2a: Runerigus|Earthquake|p1a: Xatu\n|-immune|p1a: Xatu\n|\n|upkeep\n|turn|2\n|\n|t:|1661660241\n|move|p1a: Xatu|Shadow Ball|p2a: Runerigus\n|-supereffective|p2a: Runerigus\n|-damage|p2a: Runerigus|62\/100\n|-unboost|p2a: Runerigus|spd|1\n|move|p2a: Runerigus|Poltergeist||[still]\n|-fail|p2a: Runerigus\n|\n|upkeep\n|turn|3\n|j| DerpyDots\n|j| yes munchlax\n|j| Deathbypudding\n|j| Bugsileus\n|j| Paghetti Mash\n|j| bsvhsvj\n|\n|t:|1661660293\n|switch|p2a: Bisharp|Bisharp, F|100\/100\n|move|p1a: Xatu|Shadow Ball|p2a: Bisharp\n|-resisted|p2a: Bisharp\n|-damage|p2a: Bisharp|80\/100\n|-unboost|p2a: Bisharp|spd|1\n|-ability|p2a: Bisharp|Defiant\n|-boost|p2a: Bisharp|atk|2\n|\n|upkeep\n|turn|4\n|j| Flare1498\n|c| DerpyDots|Reminder to the league: Matieu picked Machamp this season because it reminded him of me.\n|\n|t:|1661660312\n|move|p2a: Bisharp|Sucker Punch|p1a: Xatu\n|-supereffective|p1a: Xatu\n|-damage|p1a: Xatu|0 fnt\n|faint|p1a: Xatu\n|-damage|p2a: Bisharp|70\/100|[from] item: Life Orb\n|\n|upkeep\n|c| bsvhsvj|Right when you don't want a spdef drop\n|l| bsvhsvj\n|j| bsvhsvj\n|\n|t:|1661660382\n|switch|p1a: Roserade|Roserade, M|100\/100\n|turn|5\n|j| evilhanaklaus\n|\n|t:|1661660455\n|move|p2a: Bisharp|Sucker Punch||[still]\n|-fail|p2a: Bisharp\n|move|p1a: Roserade|Sleep Powder|p2a: Bisharp\n|-status|p2a: Bisharp|slp|[from] move: Sleep Powder\n|\n|upkeep\n|turn|6\n|\n|t:|1661660460\n|switch|p2a: Togetic|Togetic, F|100\/100\n|move|p1a: Roserade|Hidden Power|p2a: Togetic\n|-damage|p2a: Togetic|79\/100\n|\n|upkeep\n|turn|7\n|l| Bugsileus\n|\n|t:|1661660467\n|move|p1a: Roserade|Sludge Bomb|p2a: Togetic\n|-supereffective|p2a: Togetic\n|-damage|p2a: Togetic|1\/100\n|move|p2a: Togetic|Flamethrower|p1a: Roserade\n|-supereffective|p1a: Roserade\n|-damage|p1a: Roserade|61\/100\n|\n|upkeep\n|turn|8\n|j| Bugsileus\n|\n|t:|1661660487\n|move|p1a: Roserade|Giga Drain|p2a: Togetic\n|-resisted|p2a: Togetic\n|-damage|p2a: Togetic|0 fnt\n|-heal|p1a: Roserade|62\/100|[from] drain|[of] p2a: Togetic\n|faint|p2a: Togetic\n|\n|upkeep\n|\n|t:|1661660489\n|switch|p2a: Whimsicott|Whimsicott, F|100\/100\n|turn|9\n|j| blissymaster\n|\n|t:|1661660531\n|switch|p2a: Runerigus|Runerigus, M|62\/100\n|switch|p1a: Stunfisk|Stunfisk-Galar, F|100\/100\n|\n|upkeep\n|turn|10\n|\n|t:|1661660548\n|move|p1a: Stunfisk|Stealth Rock|p2a: Runerigus\n|-sidestart|p2: FleetFoxxx|move: Stealth Rock\n|move|p2a: Runerigus|Stealth Rock|p1a: Stunfisk\n|-sidestart|p1: Matieu|move: Stealth Rock\n|\n|upkeep\n|turn|11\n|\n|t:|1661660551\n|move|p1a: Stunfisk|Snap Trap|p2a: Runerigus\n|-supereffective|p2a: Runerigus\n|-damage|p2a: Runerigus|51\/100\n|-activate|p2a: Runerigus|move: Snap Trap|[of] p1a: Stunfisk\n|-activate|p2a: Runerigus|ability: Wandering Spirit|Mimicry|Wandering Spirit|[of] p1a: Stunfisk\n|move|p2a: Runerigus|Earthquake|p1a: Stunfisk\n|-supereffective|p1a: Stunfisk\n|-damage|p1a: Stunfisk|59\/100\n|\n|-heal|p1a: Stunfisk|65\/100|[from] item: Leftovers\n|-damage|p2a: Runerigus|39\/100|[from] move: Snap Trap|[partiallytrapped]\n|upkeep\n|turn|12\n|\n|t:|1661660559\n|move|p1a: Stunfisk|Earthquake|p2a: Runerigus\n|-damage|p2a: Runerigus|16\/100\n|move|p2a: Runerigus|Earthquake|p1a: Stunfisk\n|-supereffective|p1a: Stunfisk\n|-damage|p1a: Stunfisk|23\/100\n|\n|-heal|p1a: Stunfisk|29\/100|[from] item: Leftovers\n|-damage|p2a: Runerigus|4\/100|[from] move: Snap Trap|[partiallytrapped]\n|upkeep\n|turn|13\n|\n|t:|1661660571\n|move|p1a: Stunfisk|Earthquake|p2a: Runerigus\n|-damage|p2a: Runerigus|0 fnt\n|faint|p2a: Runerigus\n|\n|-heal|p1a: Stunfisk|36\/100|[from] item: Leftovers\n|upkeep\n|\n|t:|1661660574\n|switch|p2a: Banette|Banette, M|100\/100\n|-damage|p2a: Banette|88\/100|[from] Stealth Rock\n|-item|p1a: Stunfisk|Leftovers|[from] ability: Frisk|[of] p2a: Banette|[identify]\n|turn|14\n|\n|t:|1661660580\n|detailschange|p2a: Banette|Banette-Mega, M\n|-mega|p2a: Banette|Banette|Banettite\n|move|p2a: Banette|Shadow Claw|p1a: Stunfisk\n|-damage|p1a: Stunfisk|8\/100\n|-activate|p1a: Stunfisk|ability: Wandering Spirit|Prankster|Wandering Spirit|[of] p2a: Banette\n|move|p1a: Stunfisk|Thunder Wave|p2a: Banette\n|-status|p2a: Banette|par\n|\n|-heal|p1a: Stunfisk|14\/100|[from] item: Leftovers\n|upkeep\n|turn|15\n|\n|t:|1661660586\n|move|p2a: Banette|Shadow Claw|p1a: Stunfisk\n|-damage|p1a: Stunfisk|0 fnt\n|faint|p1a: Stunfisk\n|\n|upkeep\n|\n|t:|1661660592\n|switch|p1a: Machamp|Machamp, F|100\/100\n|-damage|p1a: Machamp|94\/100|[from] Stealth Rock\n|turn|16\n|\n|t:|1661660630\n|switch|p2a: Whimsicott|Whimsicott, F|100\/100\n|-damage|p2a: Whimsicott|88\/100|[from] Stealth Rock\n|move|p1a: Machamp|Knock Off|p2a: Whimsicott\n|-resisted|p2a: Whimsicott\n|-damage|p2a: Whimsicott|71\/100\n|\n|-status|p1a: Machamp|brn|[from] item: Flame Orb\n|upkeep\n|turn|17\n|l| bsvhsvj\n|\n|t:|1661660655\n|move|p1a: Machamp|Bullet Punch|p2a: Whimsicott\n|-supereffective|p2a: Whimsicott\n|-damage|p2a: Whimsicott|2\/100\n|-zpower|p2a: Whimsicott\n|move|p2a: Whimsicott|Supersonic Skystrike|p1a: Machamp|[zeffect]\n|-supereffective|p1a: Machamp\n|-damage|p1a: Machamp|0 fnt\n|faint|p1a: Machamp\n|\n|upkeep\n|j| bsvhsvj\n|c| Bugsileus|maximum oof\n|\n|t:|1661660682\n|switch|p1a: Sharpedo|Sharpedo, M|100\/100\n|-damage|p1a: Sharpedo|88\/100|[from] Stealth Rock\n|turn|18\n|\n|t:|1661660729\n|move|p1a: Sharpedo|Protect|p1a: Sharpedo\n|-singleturn|p1a: Sharpedo|Protect\n|move|p2a: Whimsicott|Tailwind|p2a: Whimsicott\n|-sidestart|p2: FleetFoxxx|move: Tailwind\n|\n|-ability|p1a: Sharpedo|Speed Boost|boost\n|-boost|p1a: Sharpedo|spe|1\n|upkeep\n|turn|19\n|\n|t:|1661660741\n|switch|p1a: Volcanion|Volcanion|100\/100\n|-damage|p1a: Volcanion|76\/100|[from] Stealth Rock\n|move|p2a: Whimsicott|Moonblast|p1a: Volcanion\n|-resisted|p1a: Volcanion\n|-damage|p1a: Volcanion|52\/100\n|\n|upkeep\n|turn|20\n|\n|t:|1661660759\n|move|p2a: Whimsicott|Moonblast|p1a: Volcanion\n|-resisted|p1a: Volcanion\n|-damage|p1a: Volcanion|28\/100\n|-unboost|p1a: Volcanion|spa|1\n|move|p1a: Volcanion|Flamethrower|p2a: Whimsicott\n|-supereffective|p2a: Whimsicott\n|-damage|p2a: Whimsicott|0 fnt\n|faint|p2a: Whimsicott\n|\n|upkeep\n|\n|t:|1661660778\n|switch|p2a: Galvantula|Galvantula, M|100\/100\n|turn|21\n|\n|t:|1661660782\n|move|p2a: Galvantula|Thunder|p1a: Volcanion\n|-supereffective|p1a: Volcanion\n|-damage|p1a: Volcanion|0 fnt\n|faint|p1a: Volcanion\n|\n|-sideend|p2: FleetFoxxx|move: Tailwind\n|upkeep\n|\n|t:|1661660784\n|switch|p1a: Roserade|Roserade, M|62\/100\n|-damage|p1a: Roserade|50\/100|[from] Stealth Rock\n|turn|22\n|\n|t:|1661660823\n|move|p2a: Galvantula|Volt Switch|p1a: Roserade\n|-resisted|p1a: Roserade\n|-damage|p1a: Roserade|32\/100\n|\n|t:|1661660827\n|switch|p2a: Bisharp|Bisharp, F|70\/100 slp|[from]move: Volt Switch\n|-damage|p2a: Bisharp|64\/100 slp|[from] Stealth Rock\n|move|p1a: Roserade|Hidden Power|p2a: Bisharp\n|-supereffective|p2a: Bisharp\n|-damage|p2a: Bisharp|0 fnt\n|faint|p2a: Bisharp\n|\n|upkeep\n|\n|t:|1661660845\n|switch|p2a: Galvantula|Galvantula, M|100\/100\n|turn|23\n|\n|t:|1661660848\n|move|p2a: Galvantula|Hidden Power|p1a: Roserade\n|-supereffective|p1a: Roserade\n|-damage|p1a: Roserade|0 fnt\n|faint|p1a: Roserade\n|\n|upkeep\n|\n|t:|1661660852\n|switch|p1a: Sharpedo|Sharpedo, M|88\/100\n|-damage|p1a: Sharpedo|76\/100|[from] Stealth Rock\n|turn|24\n|\n|t:|1661660867\n|move|p1a: Sharpedo|Protect|p1a: Sharpedo\n|-singleturn|p1a: Sharpedo|Protect\n|move|p2a: Galvantula|Volt Switch|p1a: Sharpedo\n|-activate|p1a: Sharpedo|move: Protect\n|\n|-ability|p1a: Sharpedo|Speed Boost|boost\n|-boost|p1a: Sharpedo|spe|1\n|upkeep\n|turn|25\n|\n|t:|1661660873\n|detailschange|p1a: Sharpedo|Sharpedo-Mega, M\n|-mega|p1a: Sharpedo|Sharpedo|Sharpedonite\n|move|p1a: Sharpedo|Crunch|p2a: Galvantula\n|-damage|p2a: Galvantula|0 fnt\n|faint|p2a: Galvantula\n|\n|upkeep\n|\n|t:|1661660879\n|switch|p2a: Banette|Banette-Mega, M|88\/100 par\n|-damage|p2a: Banette|76\/100 par|[from] Stealth Rock\n|turn|26\n|l| bsvhsvj\n|l| evilhanaklaus\n|j| bsvhsvj\n|\n|t:|1661660930\n|move|p2a: Banette|Destiny Bond|p2a: Banette\n|-singlemove|p2a: Banette|Destiny Bond\n|move|p1a: Sharpedo|Crunch|p2a: Banette\n|-supereffective|p2a: Banette\n|-damage|p2a: Banette|0 fnt\n|faint|p2a: Banette\n|-activate|p2a: Banette|move: Destiny Bond\n|faint|p1a: Sharpedo\n|\n|win|Matieu\n","uploadtime":1661660936,"views":16,"p1id":"matieu","p2id":"fleetfoxxx","formatid":"gen8nationaldex","rating":0,"private":0,"password":null}