{"id":"gen8ou-1665587671","p1":"jotto","p2":"broked on bricks","format":"gen8ou","log":"|j|\u2606jotto\n|j|\u2606broked on bricks\n|t:|1663318371\n|gametype|singles\n|player|p1|jotto|266|1429\n|player|p2|broked on bricks|psychic-gen2|1485\n|teamsize|p1|6\n|teamsize|p2|6\n|gen|8\n|tier|[Gen 8] OU\n|rated|\n|rule|Sleep Clause Mod: Limit one foe put to sleep\n|rule|Species Clause: Limit one of each Pok\u00e9mon\n|rule|OHKO Clause: OHKO moves are banned\n|rule|Evasion Items Clause: Evasion items are banned\n|rule|Evasion Moves Clause: Evasion moves are banned\n|rule|Endless Battle Clause: Forcing endless battles is banned\n|rule|HP Percentage Mod: HP is shown in percentages\n|rule|Dynamax Clause: You cannot dynamax\n|clearpoke\n|poke|p1|Landorus-Therian, M|\n|poke|p1|Toxapex, F|\n|poke|p1|Victini|\n|poke|p1|Garchomp, M|\n|poke|p1|Tapu Lele|\n|poke|p1|Thundurus, M|\n|poke|p2|Pelipper, F|\n|poke|p2|Keldeo-Resolute|\n|poke|p2|Dragapult, F|\n|poke|p2|Tapu Lele|\n|poke|p2|Melmetal|\n|poke|p2|Landorus-Therian, M|\n|teampreview\n|c|\u2606broked on bricks|cool team glhf\n|inactive|Battle timer is ON: inactive players will automatically lose when time's up. (requested by jotto)\n|c|\u2606jotto|glhf :)\n|\n|t:|1663318387\n|start\n|switch|p1a: Thundurus|Thundurus, M|100\/100\n|switch|p2a: Tapu Lele|Tapu Lele|100\/100\n|-fieldstart|move: Psychic Terrain|[from] ability: Psychic Surge|[of] p2a: Tapu Lele\n|turn|1\n|c|\u2606broked on bricks|vgc moment incoming\n|\n|t:|1663318414\n|move|p2a: Tapu Lele|Future Sight|p1a: Thundurus\n|-start|p2a: Tapu Lele|move: Future Sight\n|move|p1a: Thundurus|Volt Switch|p2a: Tapu Lele\n|-damage|p2a: Tapu Lele|68\/100\n|\n|t:|1663318422\n|switch|p1a: Victini|Victini|100\/100|[from]move: Volt Switch\n|\n|upkeep\n|turn|2\n|\n|t:|1663318427\n|switch|p2a: Landorus|Landorus-Therian, M|100\/100\n|-ability|p2a: Landorus|Intimidate|boost\n|-unboost|p1a: Victini|atk|1\n|move|p1a: Victini|U-turn|p2a: Landorus\n|-resisted|p2a: Landorus\n|-damage|p2a: Landorus|94\/100\n|-enditem|p2a: Landorus|Eject Button\n|\n|t:|1663318437\n|switch|p2a: Keldeo|Keldeo-Resolute|100\/100\n|\n|upkeep\n|turn|3\n|\n|t:|1663318450\n|switch|p2a: Tapu Lele|Tapu Lele|68\/100\n|switch|p1a: Toxapex|Toxapex, F|100\/100\n|\n|-end|p1a: Toxapex|move: Future Sight\n|-supereffective|p1a: Toxapex\n|-damage|p1a: Toxapex|0 fnt\n|faint|p1a: Toxapex\n|upkeep\n|\n|t:|1663318459\n|switch|p1a: Tapu Lele|Tapu Lele|100\/100\n|turn|4\n|\n|t:|1663318481\n|switch|p2a: Melmetal|Melmetal|100\/100\n|move|p1a: Tapu Lele|Psyshock|p2a: Melmetal\n|-resisted|p2a: Melmetal\n|-damage|p2a: Melmetal|82\/100\n|\n|-heal|p2a: Melmetal|89\/100|[from] item: Leftovers\n|upkeep\n|turn|5\n|\n|t:|1663318488\n|switch|p1a: Garchomp|Garchomp, M|100\/100\n|switch|p2a: Pelipper|Pelipper, F|100\/100\n|-weather|RainDance|[from] ability: Drizzle|[of] p2a: Pelipper\n|\n|-weather|RainDance|[upkeep]\n|-fieldend|move: Psychic Terrain\n|upkeep\n|turn|6\n|\n|t:|1663318498\n|move|p1a: Garchomp|Swords Dance|p1a: Garchomp\n|-boost|p1a: Garchomp|atk|2\n|move|p2a: Pelipper|Weather Ball|p1a: Garchomp\n|-damage|p1a: Garchomp|0 fnt\n|faint|p1a: Garchomp\n|\n|-weather|RainDance|[upkeep]\n|upkeep\n|\n|t:|1663318510\n|switch|p1a: Thundurus|Thundurus, M|100\/100\n|turn|7\n|\n|t:|1663318514\n|move|p1a: Thundurus|Volt Switch|p2a: Pelipper\n|-supereffective|p2a: Pelipper\n|-damage|p2a: Pelipper|0 fnt\n|faint|p2a: Pelipper\n|\n|t:|1663318518\n|switch|p1a: Tapu Lele|Tapu Lele|100\/100|[from]move: Volt Switch\n|-fieldstart|move: Psychic Terrain|[from] ability: Psychic Surge|[of] p1a: Tapu Lele\n|\n|-weather|RainDance|[upkeep]\n|upkeep\n|\n|t:|1663318525\n|switch|p2a: Melmetal|Melmetal|89\/100\n|turn|8\n|\n|t:|1663318529\n|switch|p2a: Dragapult|Dragapult, F|100\/100\n|move|p1a: Tapu Lele|Focus Blast|p2a: Dragapult\n|-immune|p2a: Dragapult\n|\n|-weather|RainDance|[upkeep]\n|upkeep\n|turn|9\n|\n|t:|1663318537\n|switch|p1a: Thundurus|Thundurus, M|100\/100\n|move|p2a: Dragapult|Shadow Ball|p1a: Thundurus\n|-damage|p1a: Thundurus|62\/100\n|-unboost|p1a: Thundurus|spd|1\n|\n|-weather|none\n|upkeep\n|turn|10\n|\n|t:|1663318547\n|move|p2a: Dragapult|Shadow Ball|p1a: Thundurus\n|-damage|p1a: Thundurus|5\/100\n|move|p1a: Thundurus|Volt Switch|p2a: Dragapult\n|-resisted|p2a: Dragapult\n|-damage|p2a: Dragapult|81\/100\n|\n|t:|1663318553\n|switch|p1a: Tapu Lele|Tapu Lele|100\/100|[from]move: Volt Switch\n|\n|upkeep\n|turn|11\n|\n|t:|1663318571\n|move|p1a: Tapu Lele|Future Sight|p2a: Dragapult\n|-start|p1a: Tapu Lele|move: Future Sight\n|move|p2a: Dragapult|Shadow Ball|p1a: Tapu Lele\n|-supereffective|p1a: Tapu Lele\n|-damage|p1a: Tapu Lele|0 fnt\n|faint|p1a: Tapu Lele\n|\n|-fieldend|move: Psychic Terrain\n|upkeep\n|\n|t:|1663318585\n|switch|p1a: Victini|Victini|100\/100\n|turn|12\n|\n|t:|1663318589\n|move|p2a: Dragapult|Shadow Ball|p1a: Victini\n|-supereffective|p1a: Victini\n|-damage|p1a: Victini|5\/100\n|move|p1a: Victini|V-create|p2a: Dragapult\n|-resisted|p2a: Dragapult\n|-damage|p2a: Dragapult|24\/100\n|-unboost|p1a: Victini|spe|1\n|-unboost|p1a: Victini|def|1\n|-unboost|p1a: Victini|spd|1\n|\n|upkeep\n|turn|13\n|c|\u2606jotto|gg\n|-message|jotto forfeited.\n|\n|win|broked on bricks\n|raw|jotto's rating: 1429 &rarr; <strong>1412<\/strong><br \/>(-17 for losing)\n|raw|broked on bricks's rating: 1485 &rarr; <strong>1502<\/strong><br \/>(+17 for winning)\n|l|\u2606jotto\n|c|\u2606broked on bricks|ggs\n","uploadtime":1663318603,"views":7,"p1id":"jotto","p2id":"brokedonbricks","formatid":"gen8ou","rating":1412,"private":0,"password":null}