{"id":"gen8randombattle-1363456178","p1":"Bunny Girl Mai","p2":"not mb","format":"gen8randombattle","log":"|j|\u2606Bunny Girl Mai\n|j|\u203dnot mb\n|t:|1624389528\n|gametype|singles\n|player|p1|Bunny Girl Mai|169|\n|player|p2|not mb|#wcop2020uswest|\n|teamsize|p1|6\n|teamsize|p2|6\n|gen|8\n|tier|[Gen 8] Random Battle\n|rule|Species Clause: Limit one of each Pok\u00e9mon\n|rule|HP Percentage Mod: HP is shown in percentages\n|rule|Sleep Clause Mod: Limit one foe put to sleep\n|\n|t:|1624389528\n|start\n|switch|p1a: Raichu|Raichu-Alola, L84, M|238\/238\n|switch|p2a: Mandibuzz|Mandibuzz, L82, F|315\/315\n|turn|1\n|\n|t:|1624389539\n|switch|p2a: Dracozolt|Dracozolt, L79|272\/272\n|move|p1a: Raichu|Thunderbolt|p2a: Dracozolt\n|-resisted|p2a: Dracozolt\n|-crit|p2a: Dracozolt\n|-damage|p2a: Dracozolt|228\/272\n|\n|upkeep\n|turn|2\n|inactive|Battle timer is ON: inactive players will automatically lose when time's up. (requested by not mb)\n|\n|t:|1624389549\n|move|p2a: Dracozolt|Bolt Beak|p1a: Raichu\n|-resisted|p1a: Raichu\n|-crit|p1a: Raichu\n|-enditem|p1a: Raichu|Focus Sash\n|-damage|p1a: Raichu|1\/238\n|move|p1a: Raichu|Psyshock|p2a: Dracozolt\n|-damage|p2a: Dracozolt|135\/272\n|\n|upkeep\n|turn|3\n|\n|t:|1624389559\n|move|p2a: Dracozolt|Bolt Beak|p1a: Raichu\n|-resisted|p1a: Raichu\n|-damage|p1a: Raichu|0 fnt\n|faint|p1a: Raichu\n|\n|upkeep\n|\n|t:|1624389564\n|switch|p1a: Galvantula|Galvantula, L82, M|249\/249\n|turn|4\n|c|\u2606Bunny Girl Mai|lol!\n|\n|t:|1624389577\n|move|p2a: Dracozolt|Bolt Beak|p1a: Galvantula\n|-resisted|p1a: Galvantula\n|-damage|p1a: Galvantula|93\/249\n|move|p1a: Galvantula|Sticky Web|p2a: Dracozolt\n|-sidestart|p2: not mb|move: Sticky Web\n|\n|upkeep\n|turn|5\n|c|\u2606Bunny Girl Mai|when u have no elec resist\n|j| pal1122\n|\n|t:|1624389581\n|move|p2a: Dracozolt|Bolt Beak|p1a: Galvantula\n|-resisted|p1a: Galvantula\n|-damage|p1a: Galvantula|0 fnt\n|faint|p1a: Galvantula\n|\n|upkeep\n|\n|t:|1624389587\n|switch|p1a: Slowbro|Slowbro-Galar, L86, M|304\/304\n|turn|6\n|j| I hate shadow ball\n|inactive|not mb has 270 seconds left.\n|\n|t:|1624389631\n|move|p2a: Dracozolt|Bolt Beak|p1a: Slowbro\n|-damage|p1a: Slowbro|67\/304\n|move|p1a: Slowbro|Shell Side Arm|p2a: Dracozolt|[anim] Shell Side Arm Special\n|-damage|p2a: Dracozolt|0 fnt\n|-hint|Special Shell Side Arm\n|faint|p2a: Dracozolt\n|\n|upkeep\n|\n|t:|1624389643\n|switch|p2a: Butterfree|Butterfree, L86, F|243\/243\n|turn|7\n|\n|t:|1624389657\n|switch|p1a: Tornadus|Tornadus-Therian, L78, M|251\/251\n|move|p2a: Butterfree|Sleep Powder|p1a: Tornadus\n|-status|p1a: Tornadus|slp|[from] move: Sleep Powder\n|\n|upkeep\n|turn|8\n|\n|t:|1624389662\n|switch|p1a: Beartic|Beartic, L86, M|303\/303\n|move|p2a: Butterfree|Quiver Dance|p2a: Butterfree\n|-boost|p2a: Butterfree|spa|1\n|-boost|p2a: Butterfree|spd|1\n|-boost|p2a: Butterfree|spe|1\n|\n|upkeep\n|turn|9\n|inactive|not mb has 270 seconds left.\n|\n|t:|1624389681\n|switch|p2a: Arctovish|Arctovish, L86|295\/295\n|-activate|p2a: Arctovish|move: Sticky Web\n|-unboost|p2a: Arctovish|spe|1\n|move|p1a: Beartic|Icicle Crash|p2a: Arctovish\n|-resisted|p2a: Arctovish\n|-damage|p2a: Arctovish|263\/295\n|-damage|p1a: Beartic|273\/303|[from] item: Life Orb\n|\n|upkeep\n|turn|10\n|\n|t:|1624389690\n|switch|p2a: Mandibuzz|Mandibuzz, L82, F|315\/315\n|move|p1a: Beartic|Superpower|p2a: Mandibuzz\n|-damage|p2a: Mandibuzz|188\/315\n|-unboost|p1a: Beartic|atk|1\n|-unboost|p1a: Beartic|def|1\n|-damage|p1a: Beartic|243\/303|[from] item: Life Orb\n|\n|upkeep\n|turn|11\n|\n|t:|1624389709\n|move|p2a: Mandibuzz|Roost|p2a: Mandibuzz\n|-heal|p2a: Mandibuzz|315\/315\n|-singleturn|p2a: Mandibuzz|move: Roost\n|move|p1a: Beartic|Icicle Crash|p2a: Mandibuzz\n|-damage|p2a: Mandibuzz|224\/315\n|-damage|p1a: Beartic|213\/303|[from] item: Life Orb\n|\n|upkeep\n|turn|12\n|\n|t:|1624389721\n|switch|p1a: Tornadus|Tornadus-Therian, L78, M|251\/251 slp\n|move|p2a: Mandibuzz|Roost|p2a: Mandibuzz\n|-heal|p2a: Mandibuzz|315\/315\n|-singleturn|p2a: Mandibuzz|move: Roost\n|\n|upkeep\n|turn|13\n|\n|t:|1624389731\n|switch|p2a: Arctovish|Arctovish, L86|263\/295\n|-activate|p2a: Arctovish|move: Sticky Web\n|-unboost|p2a: Arctovish|spe|1\n|cant|p1a: Tornadus|slp\n|\n|upkeep\n|turn|14\n|\n|t:|1624389749\n|cant|p1a: Tornadus|slp\n|move|p2a: Arctovish|Fishious Rend|p1a: Tornadus\n|-damage|p1a: Tornadus|143\/251 slp\n|\n|upkeep\n|turn|15\n|\n|t:|1624389756\n|cant|p1a: Tornadus|slp\n|move|p2a: Arctovish|Fishious Rend|p1a: Tornadus\n|-damage|p1a: Tornadus|35\/251 slp\n|\n|upkeep\n|turn|16\n|c|\u2606Bunny Girl Mai|AHAHAS\n|c|\u2606Bunny Girl Mai|HAHAHAHA\n|\n|t:|1624389768\n|-curestatus|p1a: Tornadus|slp|[msg]\n|move|p1a: Tornadus|U-turn|p2a: Arctovish\n|-damage|p2a: Arctovish|221\/295\n|\n|t:|1624389773\n|switch|p1a: Beartic|Beartic, L86, M|213\/303\n|move|p2a: Arctovish|Fishious Rend|p1a: Beartic\n|-damage|p1a: Beartic|32\/303\n|\n|upkeep\n|turn|17\n|c| I hate shadow ball|great\n|\n|t:|1624389782\n|switch|p2a: Mr. Mime|Mr. Mime-Galar, L86, F|226\/226\n|-activate|p2a: Mr. Mime|move: Sticky Web\n|-unboost|p2a: Mr. Mime|spe|1\n|move|p1a: Beartic|Stone Edge|p2a: Mr. Mime\n|-supereffective|p2a: Mr. Mime\n|-damage|p2a: Mr. Mime|28\/226\n|-damage|p1a: Beartic|2\/303|[from] item: Life Orb\n|\n|upkeep\n|turn|18\n|c| I hate shadow ball|wasting the 1 mon that couldve won\n|\n|t:|1624389795\n|move|p2a: Mr. Mime|Nasty Plot|p2a: Mr. Mime\n|-boost|p2a: Mr. Mime|spa|2\n|move|p1a: Beartic|Superpower|p2a: Mr. Mime\n|-damage|p2a: Mr. Mime|0 fnt\n|-unboost|p1a: Beartic|atk|1\n|-unboost|p1a: Beartic|def|1\n|faint|p2a: Mr. Mime\n|-damage|p1a: Beartic|0 fnt|[from] item: Life Orb\n|faint|p1a: Beartic\n|\n|upkeep\n|\n|t:|1624389807\n|switch|p2a: Arctovish|Arctovish, L86|221\/295\n|switch|p1a: Tornadus|Tornadus-Therian, L78, M|118\/251\n|-activate|p2a: Arctovish|move: Sticky Web\n|-unboost|p2a: Arctovish|spe|1\n|turn|19\n|\n|t:|1624389814\n|move|p1a: Tornadus|Hurricane|p2a: Arctovish|[miss]\n|-miss|p1a: Tornadus|p2a: Arctovish\n|move|p2a: Arctovish|Icicle Crash|p1a: Tornadus\n|-supereffective|p1a: Tornadus\n|-damage|p1a: Tornadus|0 fnt\n|faint|p1a: Tornadus\n|\n|upkeep\n|c|\u2606Bunny Girl Mai|Great play\n|\n|t:|1624389822\n|switch|p1a: Chandelure|Chandelure, L82, F|233\/233\n|turn|20\n|\n|t:|1624389825\n|move|p1a: Chandelure|Calm Mind|p1a: Chandelure\n|-boost|p1a: Chandelure|spa|1\n|-boost|p1a: Chandelure|spd|1\n|move|p2a: Arctovish|Fishious Rend|p1a: Chandelure\n|-supereffective|p1a: Chandelure\n|-damage|p1a: Chandelure|47\/233\n|\n|upkeep\n|turn|21\n|\n|t:|1624389842\n|move|p1a: Chandelure|Energy Ball|p2a: Arctovish\n|-supereffective|p2a: Arctovish\n|-damage|p2a: Arctovish|61\/295\n|move|p2a: Arctovish|Fishious Rend|p1a: Chandelure\n|-supereffective|p1a: Chandelure\n|-damage|p1a: Chandelure|0 fnt\n|faint|p1a: Chandelure\n|\n|upkeep\n|-message|Bunny Girl Mai forfeited.\n|\n|win|not mb\n|l|\u2606Bunny Girl Mai\n","inputlog":">version 9c7781480f615ad0055a6810a329a1a8f6af9e1b\n>start {\"formatid\":\"gen8randombattle\",\"seed\":[6866,18001,11446,39853]}\n>player p1 {\"name\":\"Bunny Girl Mai\",\"avatar\":\"169\",\"rating\":0,\"seed\":[10645,59280,19247,27531]}\n>player p2 {\"name\":\"not mb\",\"avatar\":\"#wcop2020uswest\",\"rating\":0,\"seed\":[36401,28406,11762,44695]}\n>p1 move thunderbolt\n>p2 switch 4\n>p1 move psyshock\n>p2 move boltbeak\n>p1 move psyshock\n>p2 move boltbeak\n>p1 switch 2\n>chat \u2606Bunny Girl Mai|lol!\n>p1 move stickyweb\n>p2 move boltbeak\n>chat \u2606Bunny Girl Mai|when u have no elec resist\n>p1 move bugbuzz\n>p2 move boltbeak\n>p1 switch 4\n>p1 move shellsidearm\n>p2 move boltbeak\n>p2 switch 5\n>p1 switch 5\n>p2 move sleeppowder\n>p1 switch 6\n>p2 move quiverdance\n>p1 move iciclecrash\n>p2 switch 3\n>p1 move superpower\n>p2 switch 4\n>p1 move iciclecrash\n>p2 move roost\n>p1 switch 6\n>p2 move roost\n>p1 move hurricane\n>p2 switch 4\n>p1 move hurricane\n>p2 move fishiousrend\n>p1 move hurricane\n>p2 move fishiousrend\n>chat \u2606Bunny Girl Mai|AHAHAS\n>chat \u2606Bunny Girl Mai|HAHAHAHA\n>p1 move uturn\n>p2 move fishiousrend\n>p1 switch 6\n>chat  I hate shadow ball|great\n>p1 move stoneedge\n>p2 switch 2\n>chat  I hate shadow ball|wasting the 1 mon that couldve won\n>p1 move superpower\n>p2 move nastyplot\n>p1 switch 6\n>p2 switch 2\n>p1 move hurricane\n>p2 move iciclecrash\n>chat \u2606Bunny Girl Mai|Great play\n>p1 switch 3\n>p1 move calmmind\n>p2 move fishiousrend\n>p1 move energyball\n>p2 move fishiousrend\n>forcelose p1","uploadtime":1624389918,"views":38,"p1id":"bunnygirlmai","p2id":"notmb","formatid":"gen8randombattle","rating":0,"private":0,"password":null}