{"id":"gen8randombattle-1558807004","p1":"gtcs","p2":"firepunch917","format":"gen8randombattle","log":"|j|\u2606gtcs\n|j|\u2606firepunch917\n|t:|1650613982\n|gametype|singles\n|player|p1|gtcs|2|1878\n|player|p2|firepunch917|1|1936\n|teamsize|p1|6\n|teamsize|p2|6\n|gen|8\n|tier|[Gen 8] Random Battle\n|rated|\n|rule|Species Clause: Limit one of each Pok\u00e9mon\n|rule|HP Percentage Mod: HP is shown in percentages\n|rule|Sleep Clause Mod: Limit one foe put to sleep\n|\n|t:|1650613982\n|start\n|switch|p1a: Gourgeist|Gourgeist-Small, L84, F|230\/230\n|switch|p2a: Musharna|Musharna, L86, M|340\/340\n|-item|p2a: Musharna|Leftovers|[from] ability: Frisk|[of] p1a: Gourgeist|[identify]\n|turn|1\n|\n|t:|1650613994\n|switch|p2a: Audino|Audino, L91, M|335\/335\n|move|p1a: Gourgeist|Substitute|p1a: Gourgeist\n|-start|p1a: Gourgeist|Substitute\n|-damage|p1a: Gourgeist|173\/230\n|\n|-heal|p1a: Gourgeist|187\/230|[from] item: Leftovers\n|upkeep\n|turn|2\n|\n|t:|1650613997\n|move|p1a: Gourgeist|Leech Seed|p2a: Audino\n|-start|p2a: Audino|move: Leech Seed\n|move|p2a: Audino|Knock Off|p1a: Gourgeist\n|-supereffective|p1a: Gourgeist\n|-end|p1a: Gourgeist|Substitute\n|\n|-heal|p1a: Gourgeist|201\/230|[from] item: Leftovers\n|-damage|p2a: Audino|294\/335|[from] Leech Seed|[of] p1a: Gourgeist\n|-heal|p1a: Gourgeist|230\/230|[silent]\n|upkeep\n|turn|3\n|\n|t:|1650614002\n|switch|p2a: Kyurem|Kyurem-Black, L73|303\/303\n|-ability|p2a: Kyurem|Teravolt\n|move|p1a: Gourgeist|Substitute|p1a: Gourgeist\n|-start|p1a: Gourgeist|Substitute\n|-damage|p1a: Gourgeist|173\/230\n|\n|-heal|p1a: Gourgeist|187\/230|[from] item: Leftovers\n|upkeep\n|turn|4\n|\n|t:|1650614006\n|move|p1a: Gourgeist|Leech Seed|p2a: Kyurem\n|-start|p2a: Kyurem|move: Leech Seed\n|move|p2a: Kyurem|Dragon Dance|p2a: Kyurem\n|-boost|p2a: Kyurem|atk|1\n|-boost|p2a: Kyurem|spe|1\n|\n|-heal|p1a: Gourgeist|201\/230|[from] item: Leftovers\n|-damage|p2a: Kyurem|266\/303|[from] Leech Seed|[of] p1a: Gourgeist\n|-heal|p1a: Gourgeist|230\/230|[silent]\n|upkeep\n|turn|5\n|\n|t:|1650614011\n|move|p2a: Kyurem|Icicle Spear|p1a: Gourgeist\n|-supereffective|p1a: Gourgeist\n|-end|p1a: Gourgeist|Substitute\n|-supereffective|p1a: Gourgeist\n|-damage|p1a: Gourgeist|158\/230\n|-supereffective|p1a: Gourgeist\n|-damage|p1a: Gourgeist|78\/230\n|-supereffective|p1a: Gourgeist\n|-damage|p1a: Gourgeist|4\/230\n|-supereffective|p1a: Gourgeist\n|-damage|p1a: Gourgeist|0 fnt\n|faint|p1a: Gourgeist\n|-hitcount|p1: Gourgeist|5\n|\n|upkeep\n|\n|t:|1650614021\n|switch|p1a: Bewear|Bewear, L82, F|331\/331\n|turn|6\n|\n|t:|1650614025\n|switch|p2a: Musharna|Musharna, L86, M|340\/340\n|move|p1a: Bewear|Swords Dance|p1a: Bewear\n|-boost|p1a: Bewear|atk|2\n|\n|upkeep\n|turn|7\n|\n|t:|1650614029\n|move|p1a: Bewear|Darkest Lariat|p2a: Musharna\n|-supereffective|p2a: Musharna\n|-damage|p2a: Musharna|0 fnt\n|faint|p2a: Musharna\n|-damage|p1a: Bewear|298\/331|[from] item: Life Orb\n|\n|upkeep\n|\n|t:|1650614035\n|switch|p2a: Glalie|Glalie, L80, M|259\/259\n|turn|8\n|\n|t:|1650614043\n|move|p2a: Glalie|Substitute|p2a: Glalie\n|-start|p2a: Glalie|Substitute\n|-damage|p2a: Glalie|195\/259\n|move|p1a: Bewear|Swords Dance|p1a: Bewear\n|-boost|p1a: Bewear|atk|2\n|\n|-heal|p2a: Glalie|211\/259|[from] item: Leftovers\n|-ability|p2a: Glalie|Moody|boost\n|-boost|p2a: Glalie|atk|2\n|-unboost|p2a: Glalie|spa|1\n|upkeep\n|turn|9\n|\n|t:|1650614047\n|move|p2a: Glalie|Protect|p2a: Glalie\n|-singleturn|p2a: Glalie|Protect\n|move|p1a: Bewear|Darkest Lariat|p2a: Glalie\n|-activate|p2a: Glalie|move: Protect\n|\n|-heal|p2a: Glalie|227\/259|[from] item: Leftovers\n|-ability|p2a: Glalie|Moody|boost\n|-boost|p2a: Glalie|spe|2\n|-unboost|p2a: Glalie|atk|1\n|upkeep\n|turn|10\n|\n|t:|1650614051\n|move|p2a: Glalie|Earthquake|p1a: Bewear\n|-damage|p1a: Bewear|209\/331\n|move|p1a: Bewear|Darkest Lariat|p2a: Glalie\n|-end|p2a: Glalie|Substitute\n|-damage|p1a: Bewear|176\/331|[from] item: Life Orb\n|\n|-heal|p2a: Glalie|243\/259|[from] item: Leftovers\n|-ability|p2a: Glalie|Moody|boost\n|-boost|p2a: Glalie|atk|2\n|-unboost|p2a: Glalie|spa|1\n|upkeep\n|turn|11\n|\n|t:|1650614056\n|move|p2a: Glalie|Substitute|p2a: Glalie\n|-start|p2a: Glalie|Substitute\n|-damage|p2a: Glalie|179\/259\n|move|p1a: Bewear|Darkest Lariat|p2a: Glalie\n|-end|p2a: Glalie|Substitute\n|-damage|p1a: Bewear|143\/331|[from] item: Life Orb\n|\n|-heal|p2a: Glalie|195\/259|[from] item: Leftovers\n|-ability|p2a: Glalie|Moody|boost\n|-boost|p2a: Glalie|spe|2\n|-unboost|p2a: Glalie|spd|1\n|upkeep\n|turn|12\n|\n|t:|1650614059\n|move|p2a: Glalie|Protect|p2a: Glalie\n|-singleturn|p2a: Glalie|Protect\n|move|p1a: Bewear|Darkest Lariat|p2a: Glalie\n|-activate|p2a: Glalie|move: Protect\n|\n|-heal|p2a: Glalie|211\/259|[from] item: Leftovers\n|-ability|p2a: Glalie|Moody|boost\n|-boost|p2a: Glalie|spd|2\n|-unboost|p2a: Glalie|spa|1\n|upkeep\n|turn|13\n|\n|t:|1650614062\n|move|p2a: Glalie|Substitute|p2a: Glalie\n|-start|p2a: Glalie|Substitute\n|-damage|p2a: Glalie|147\/259\n|move|p1a: Bewear|Darkest Lariat|p2a: Glalie\n|-end|p2a: Glalie|Substitute\n|-damage|p1a: Bewear|110\/331|[from] item: Life Orb\n|\n|-heal|p2a: Glalie|163\/259|[from] item: Leftovers\n|-ability|p2a: Glalie|Moody|boost\n|-boost|p2a: Glalie|atk|2\n|-unboost|p2a: Glalie|def|1\n|upkeep\n|turn|14\n|\n|t:|1650614065\n|move|p2a: Glalie|Protect|p2a: Glalie\n|-singleturn|p2a: Glalie|Protect\n|move|p1a: Bewear|Darkest Lariat|p2a: Glalie\n|-activate|p2a: Glalie|move: Protect\n|\n|-heal|p2a: Glalie|179\/259|[from] item: Leftovers\n|-ability|p2a: Glalie|Moody|boost\n|-boost|p2a: Glalie|atk|1\n|-unboost|p2a: Glalie|spd|1\n|upkeep\n|turn|15\n|\n|t:|1650614068\n|move|p2a: Glalie|Substitute|p2a: Glalie\n|-start|p2a: Glalie|Substitute\n|-damage|p2a: Glalie|115\/259\n|move|p1a: Bewear|Darkest Lariat|p2a: Glalie\n|-end|p2a: Glalie|Substitute\n|-damage|p1a: Bewear|77\/331|[from] item: Life Orb\n|\n|-heal|p2a: Glalie|131\/259|[from] item: Leftovers\n|-ability|p2a: Glalie|Moody|boost\n|-boost|p2a: Glalie|spd|2\n|-unboost|p2a: Glalie|spa|1\n|upkeep\n|turn|16\n|\n|t:|1650614071\n|move|p2a: Glalie|Protect|p2a: Glalie\n|-singleturn|p2a: Glalie|Protect\n|move|p1a: Bewear|Darkest Lariat|p2a: Glalie\n|-activate|p2a: Glalie|move: Protect\n|\n|-heal|p2a: Glalie|147\/259|[from] item: Leftovers\n|-ability|p2a: Glalie|Moody|boost\n|-boost|p2a: Glalie|spa|2\n|-unboost|p2a: Glalie|spe|1\n|upkeep\n|turn|17\n|\n|t:|1650614073\n|move|p2a: Glalie|Earthquake|p1a: Bewear\n|-damage|p1a: Bewear|0 fnt\n|faint|p1a: Bewear\n|\n|-heal|p2a: Glalie|163\/259|[from] item: Leftovers\n|-ability|p2a: Glalie|Moody|boost\n|-boost|p2a: Glalie|spd|2\n|-unboost|p2a: Glalie|atk|1\n|upkeep\n|\n|t:|1650614083\n|switch|p1a: Lycanroc|Lycanroc, L80, F|251\/251\n|turn|18\n|\n|t:|1650614087\n|move|p2a: Glalie|Earthquake|p1a: Lycanroc\n|-supereffective|p1a: Lycanroc\n|-damage|p1a: Lycanroc|0 fnt\n|faint|p1a: Lycanroc\n|\n|-heal|p2a: Glalie|179\/259|[from] item: Leftovers\n|-ability|p2a: Glalie|Moody|boost\n|-boost|p2a: Glalie|spa|2\n|-unboost|p2a: Glalie|spd|1\n|upkeep\n|\n|t:|1650614092\n|switch|p1a: Gardevoir|Gardevoir, L82, M|246\/246\n|-ability|p1a: Gardevoir|Moody|[from] ability: Trace|[of] p2a: Glalie\n|turn|19\n|\n|t:|1650614101\n|-start|p1a: Gardevoir|Dynamax|\n|-heal|p1a: Gardevoir|492\/492|[silent]\n|move|p1a: Gardevoir|Max Guard|p1a: Gardevoir\n|-singleturn|p1a: Gardevoir|Max Guard\n|move|p2a: Glalie|Earthquake|p1a: Gardevoir\n|-activate|p1a: Gardevoir|move: Max Guard\n|\n|-heal|p2a: Glalie|195\/259|[from] item: Leftovers\n|-ability|p2a: Glalie|Moody|boost\n|-boost|p2a: Glalie|def|2\n|-unboost|p2a: Glalie|spd|1\n|-ability|p1a: Gardevoir|Moody|boost\n|-boost|p1a: Gardevoir|spa|2\n|-unboost|p1a: Gardevoir|def|1\n|upkeep\n|turn|20\n|\n|t:|1650614106\n|move|p2a: Glalie|Earthquake|p1a: Gardevoir\n|-damage|p1a: Gardevoir|109\/492\n|move|p1a: Gardevoir|Max Starfall|p2a: Glalie\n|-damage|p2a: Glalie|20\/259\n|-fieldstart|move: Misty Terrain\n|\n|-heal|p2a: Glalie|36\/259|[from] item: Leftovers\n|-heal|p1a: Gardevoir|124\/492|[from] item: Leftovers\n|-ability|p2a: Glalie|Moody|boost\n|-boost|p2a: Glalie|spa|2\n|-unboost|p2a: Glalie|spd|1\n|-ability|p1a: Gardevoir|Moody|boost\n|-boost|p1a: Gardevoir|def|2\n|-unboost|p1a: Gardevoir|spd|1\n|upkeep\n|turn|21\n|\n|t:|1650614113\n|move|p1a: Gardevoir|Max Guard|p1a: Gardevoir\n|-singleturn|p1a: Gardevoir|Max Guard\n|move|p2a: Glalie|Freeze-Dry|p1a: Gardevoir\n|-activate|p1a: Gardevoir|move: Max Guard\n|\n|-heal|p2a: Glalie|52\/259|[from] item: Leftovers\n|-heal|p1a: Gardevoir|139\/492|[from] item: Leftovers\n|-ability|p2a: Glalie|Moody|boost\n|-boost|p2a: Glalie|def|2\n|-unboost|p2a: Glalie|spe|1\n|-ability|p1a: Gardevoir|Moody|boost\n|-boost|p1a: Gardevoir|spa|2\n|-unboost|p1a: Gardevoir|atk|1\n|-end|p1a: Gardevoir|Dynamax\n|-heal|p1a: Gardevoir|70\/246|[silent]\n|upkeep\n|turn|22\n|\n|t:|1650614122\n|move|p2a: Glalie|Freeze-Dry|p1a: Gardevoir\n|-damage|p1a: Gardevoir|0 fnt\n|faint|p1a: Gardevoir\n|\n|-heal|p2a: Glalie|68\/259|[from] item: Leftovers\n|-ability|p2a: Glalie|Moody|boost\n|-boost|p2a: Glalie|spa|2\n|-unboost|p2a: Glalie|def|1\n|upkeep\n|\n|t:|1650614124\n|switch|p1a: Hawlucha|Hawlucha, L80, F|256\/256\n|turn|23\n|\n|t:|1650614127\n|move|p2a: Glalie|Freeze-Dry|p1a: Hawlucha\n|-supereffective|p1a: Hawlucha\n|-damage|p1a: Hawlucha|0 fnt\n|faint|p1a: Hawlucha\n|\n|-heal|p2a: Glalie|84\/259|[from] item: Leftovers\n|-ability|p2a: Glalie|Moody|boost\n|-boost|p2a: Glalie|atk|1\n|-unboost|p2a: Glalie|spe|1\n|upkeep\n|\n|t:|1650614129\n|switch|p1a: Swampert|Swampert, L80, M|291\/291\n|turn|24\n|\n|t:|1650614130\n|move|p2a: Glalie|Freeze-Dry|p1a: Swampert\n|-supereffective|p1a: Swampert\n|-damage|p1a: Swampert|0 fnt\n|faint|p1a: Swampert\n|\n|win|firepunch917\n|raw|gtcs's rating: 1878 &rarr; <strong>1861<\/strong><br \/>(-17 for losing)\n|raw|firepunch917's rating: 1936 &rarr; <strong>1953<\/strong><br \/>(+17 for winning)\n","inputlog":">version 0162639e2be10fee1f1935f037788d778e37d0f7\n>start {\"formatid\":\"gen8randombattle\",\"seed\":[13932,3688,5697,7024],\"rated\":\"Rated battle\"}\n>player p1 {\"name\":\"gtcs\",\"avatar\":\"2\",\"rating\":1878,\"seed\":[4993,22356,29601,61834]}\n>player p2 {\"name\":\"firepunch917\",\"avatar\":\"1\",\"rating\":1936,\"seed\":[30976,3968,60719,17384]}\n>p1 move substitute\n>p2 switch 3\n>p1 move leechseed\n>p2 move knockoff\n>p1 move substitute\n>p2 switch 2\n>p1 move leechseed\n>p2 move dragondance\n>p1 move poltergeist\n>p2 move iciclespear\n>p1 switch 4\n>p1 move swordsdance\n>p2 switch 3\n>p1 move darkestlariat\n>p2 move psychic\n>p2 switch 5\n>p1 move swordsdance\n>p2 move substitute\n>p1 move darkestlariat\n>p2 move protect\n>p1 move darkestlariat\n>p2 move earthquake\n>p1 move darkestlariat\n>p2 move substitute\n>p1 move darkestlariat\n>p2 move protect\n>p1 move darkestlariat\n>p2 move substitute\n>p1 move darkestlariat\n>p2 move protect\n>p1 move darkestlariat\n>p2 move substitute\n>p1 move darkestlariat\n>p2 move protect\n>p1 move darkestlariat\n>p2 move earthquake\n>p1 switch 6\n>p1 move stoneedge\n>p2 move earthquake\n>p1 switch 2\n>p1 move calmmind dynamax\n>p2 move earthquake\n>p1 move moonblast dynamax\n>p2 move earthquake\n>p1 move calmmind dynamax\n>p2 move freezedry\n>p1 move moonblast\n>p2 move freezedry\n>p1 switch 3\n>p1 move throatchop\n>p2 move freezedry\n>p1 switch 5\n>p1 move earthquake\n>p2 move freezedry","uploadtime":1650614134,"views":4,"p1id":"gtcs","p2id":"firepunch917","formatid":"gen8randombattle","rating":1861,"private":0,"password":null}