{"id":"gen8doublesoudynamaxlevel0-1147405747","p1":"FullMetalJon117","p2":"cold.exe","format":"gen8doublesoudynamaxlevel0","log":"|j|\u2606FullMetalJon117\n|j|\u2606cold.exe\n|player|p1|FullMetalJon117|red|1167\n|player|p2|cold.exe|flannery|1094\n|teamsize|p1|6\n|teamsize|p2|6\n|gametype|doubles\n|gen|8\n|tier|[Gen 8] Doubles OU (Dynamax Level 0)\n|rated|\n|clearpoke\n|poke|p1|Dragapult, F|\n|poke|p1|Milotic, M|\n|poke|p1|Rotom-Wash|\n|poke|p1|Snorlax, F|\n|poke|p1|Togekiss, F|\n|poke|p1|Arcanine, M|\n|poke|p2|Diggersby, M|\n|poke|p2|Cinderace, M|\n|poke|p2|Amoonguss, F|\n|poke|p2|Hitmontop, M|\n|poke|p2|Togekiss, F|\n|poke|p2|Dragapult, F|\n|rule|Species Clause: Limit one of each Pok\u00e9mon\n|rule|OHKO Clause: OHKO moves are banned\n|rule|Evasion Moves Clause: Evasion moves are banned\n|rule|Gravity Sleep Clause: The combination of sleep-inducing moves with imperfect accuracy and Gravity or Gigantamax Orbeetle are banned\n|rule|Endless Battle Clause: Forcing endless battles is banned\n|rule|HP Percentage Mod: HP is shown in percentages\n|teampreview\n|\n|start\n|switch|p1a: Dragapult|Dragapult, F|100\/100\n|switch|p1b: Milotic|Milotic, M|100\/100\n|switch|p2a: Diggersby|Diggersby, M|100\/100\n|switch|p2b: Cinderace|Cinderace, M|100\/100\n|turn|1\n|inactive|Battle timer is ON: inactive players will automatically lose when time's up. (requested by cold.exe)\n|inactive|FullMetalJon117 has 120 seconds left.\n|\n|-start|p2b: Cinderace|Dynamax\n|-heal|p2b: Cinderace|100\/100|[silent]\n|move|p1a: Dragapult|Dragon Darts|p2b: Cinderace\n|-damage|p2b: Cinderace|69\/100\n|-anim|p1a: Dragapult|Dragon Darts|p2a: Diggersby\n|-damage|p2a: Diggersby|49\/100\n|-damage|p1a: Dragapult|91\/100|[from] item: Life Orb\n|move|p2b: Cinderace|Max Airstream|p1b: Milotic\n|-start|p2b: Cinderace|typechange|Flying|[from] ability: Libero\n|-damage|p1b: Milotic|23\/100\n|-boost|p2a: Diggersby|spe|1\n|-boost|p2b: Cinderace|spe|1\n|move|p2a: Diggersby|Earthquake|p1b: Milotic|[spread] p1a,p1b\n|-immune|p2b: Cinderace\n|-damage|p1a: Dragapult|0 fnt\n|-damage|p1b: Milotic|0 fnt\n|faint|p1a: Dragapult\n|faint|p1b: Milotic\n|\n|upkeep\n|inactive|FullMetalJon117 has 120 seconds left.\n|inactive|FullMetalJon117 has 90 seconds left.\n|\n|switch|p1a: Rotom|Rotom-Wash, shiny|100\/100\n|switch|p1b: Togekiss|Togekiss, F|100\/100\n|turn|2\n|\n|switch|p2a: Amoonguss|Amoonguss, F|100\/100\n|-start|p1a: Rotom|Dynamax\n|-heal|p1a: Rotom|100\/100|[silent]\n|move|p2b: Cinderace|Max Flare|p1b: Togekiss\n|-start|p2b: Cinderace|typechange|Fire|[from] ability: Libero\n|-damage|p1b: Togekiss|22\/100\n|-weather|SunnyDay\n|move|p1a: Rotom|Max Geyser|p2b: Cinderace\n|-supereffective|p2b: Cinderace\n|-damage|p2b: Cinderace|9\/100\n|-weather|RainDance\n|move|p1b: Togekiss|Tailwind|p1b: Togekiss\n|-sidestart|p1: FullMetalJon117|move: Tailwind\n|\n|-weather|RainDance|[upkeep]\n|upkeep\n|turn|3\n|inactive|FullMetalJon117 has 120 seconds left.\n|inactive|FullMetalJon117 has 90 seconds left.\n|\n|move|p2a: Amoonguss|Rage Powder|p2a: Amoonguss\n|-singleturn|p2a: Amoonguss|move: Rage Powder\n|move|p1a: Rotom|Max Geyser|p2a: Amoonguss\n|-resisted|p2a: Amoonguss\n|-damage|p2a: Amoonguss|56\/100\n|move|p1b: Togekiss|Dazzling Gleam|p2b: Cinderace|[spread] p2a,p2b\n|-resisted|p2a: Amoonguss\n|-crit|p2a: Amoonguss\n|-resisted|p2b: Cinderace\n|-damage|p2a: Amoonguss|36\/100\n|-damage|p2b: Cinderace|0 fnt\n|faint|p2b: Cinderace\n|\n|-weather|RainDance|[upkeep]\n|-heal|p2a: Amoonguss|42\/100|[from] item: Black Sludge\n|upkeep\n|inactive|cold.exe has 120 seconds left.\n|\n|switch|p2b: Diggersby|Diggersby, M|49\/100\n|turn|4\n|inactive|FullMetalJon117 has 90 seconds left.\n|inactive|FullMetalJon117 has 60 seconds left.\n|inactive|FullMetalJon117 has 30 seconds left.\n|inactive|FullMetalJon117 has 20 seconds left.\n|inactive|FullMetalJon117 has 15 seconds left.\n|\n|move|p2a: Amoonguss|Rage Powder|p2a: Amoonguss\n|-singleturn|p2a: Amoonguss|move: Rage Powder\n|move|p1a: Rotom|Max Geyser|p2a: Amoonguss\n|-resisted|p2a: Amoonguss\n|-damage|p2a: Amoonguss|0 fnt\n|faint|p2a: Amoonguss\n|move|p1b: Togekiss|Dazzling Gleam|p2b: Diggersby\n|-crit|p2b: Diggersby\n|-damage|p2b: Diggersby|0 fnt\n|faint|p2b: Diggersby\n|\n|-weather|RainDance|[upkeep]\n|-end|p1a: Rotom|Dynamax\n|-heal|p1a: Rotom|100\/100|[silent]\n|upkeep\n|inactive|FullMetalJon117 has 20 seconds left this turn.\n|inactive|cold.exe has 120 seconds left.\n|\n|switch|p2b: Dragapult|Dragapult, F|100\/100\n|switch|p2a: Togekiss|Togekiss, F|100\/100\n|turn|5\n|inactive|FullMetalJon117 has 30 seconds left.\n|inactive|FullMetalJon117 has 20 seconds left.\n|inactive|FullMetalJon117 has 15 seconds left.\n|inactive|FullMetalJon117 has 10 seconds left.\n|\n|switch|p2b: Hitmontop|Hitmontop, M|100\/100\n|-ability|p2b: Hitmontop|Intimidate|boost\n|-unboost|p1a: Rotom|atk|1\n|-unboost|p1b: Togekiss|atk|1\n|move|p1a: Rotom|Electroweb|p2b: Hitmontop|[spread] p2a,p2b\n|-supereffective|p2a: Togekiss\n|-damage|p2a: Togekiss|74\/100\n|-damage|p2b: Hitmontop|83\/100\n|-unboost|p2a: Togekiss|spe|1\n|-unboost|p2b: Hitmontop|spe|1\n|move|p1b: Togekiss|Dazzling Gleam|p2b: Hitmontop|[spread] p2a,p2b\n|-crit|p2a: Togekiss\n|-supereffective|p2b: Hitmontop\n|-crit|p2b: Hitmontop\n|-damage|p2a: Togekiss|44\/100\n|-damage|p2b: Hitmontop|3\/100\n|-enditem|p2b: Hitmontop|Sitrus Berry|[eat]\n|-heal|p2b: Hitmontop|28\/100|[from] item: Sitrus Berry\n|move|p2a: Togekiss|Thunder Wave|p1b: Togekiss\n|-status|p1b: Togekiss|par\n|\n|-weather|RainDance|[upkeep]\n|-sideend|p1: FullMetalJon117|move: Tailwind\n|upkeep\n|turn|6\n|inactive|FullMetalJon117 has 30 seconds left.\n|inactive|FullMetalJon117 has 20 seconds left.\n|inactive|FullMetalJon117 has 15 seconds left.\n|inactive|FullMetalJon117 has 10 seconds left.\n|inactive|cold.exe has 120 seconds left.\n|\n|switch|p2a: Dragapult|Dragapult, F|100\/100\n|move|p2b: Hitmontop|Wide Guard|p2b: Hitmontop\n|-singleturn|p2b: Hitmontop|Wide Guard\n|move|p1a: Rotom|Electroweb|p2b: Hitmontop|[spread] \n|-activate|p2a: Dragapult|move: Wide Guard\n|-activate|p2b: Hitmontop|move: Wide Guard\n|move|p1b: Togekiss|Dazzling Gleam|p2b: Hitmontop|[spread] \n|-activate|p2a: Dragapult|move: Wide Guard\n|-activate|p2b: Hitmontop|move: Wide Guard\n|\n|-weather|none\n|upkeep\n|turn|7\n|inactive|FullMetalJon117 has 30 seconds left.\n|inactive|FullMetalJon117 has 20 seconds left.\n|\n|move|p2b: Hitmontop|Wide Guard|p2b: Hitmontop\n|-singleturn|p2b: Hitmontop|Wide Guard\n|move|p2a: Dragapult|Substitute|p2a: Dragapult\n|-start|p2a: Dragapult|Substitute\n|-damage|p2a: Dragapult|76\/100\n|move|p1a: Rotom|Electroweb|p2b: Hitmontop|[spread] \n|-activate|p2a: Dragapult|move: Wide Guard\n|-activate|p2b: Hitmontop|move: Wide Guard\n|move|p1b: Togekiss|Air Slash|p2b: Hitmontop\n|-supereffective|p2b: Hitmontop\n|-damage|p2b: Hitmontop|0 fnt\n|faint|p2b: Hitmontop\n|\n|upkeep\n|inactive|FullMetalJon117 has 25 seconds left this turn.\n|inactive|cold.exe has 120 seconds left.\n|\n|switch|p2b: Togekiss|Togekiss, F|44\/100\n|turn|8\n|inactive|FullMetalJon117 has 30 seconds left.\n|inactive|FullMetalJon117 has 20 seconds left.\n|inactive|FullMetalJon117 has 15 seconds left.\n|\n|move|p2a: Dragapult|Dragon Dance|p2a: Dragapult\n|-boost|p2a: Dragapult|atk|1\n|-boost|p2a: Dragapult|spe|1\n|move|p1a: Rotom|Electroweb|p2a: Dragapult|[spread] p2a,p2b\n|-resisted|p2a: Dragapult\n|-activate|p2a: Dragapult|move: Substitute|[damage]\n|-supereffective|p2b: Togekiss\n|-damage|p2b: Togekiss|18\/100\n|-unboost|p2b: Togekiss|spe|1\n|move|p1b: Togekiss|Dazzling Gleam|p2b: Togekiss|[spread] p2a,p2b\n|-supereffective|p2a: Dragapult\n|-end|p2a: Dragapult|Substitute\n|-crit|p2b: Togekiss\n|-damage|p2b: Togekiss|0 fnt\n|faint|p2b: Togekiss\n|\n|upkeep\n|turn|9\n|inactive|FullMetalJon117 has 30 seconds left.\n|inactive|FullMetalJon117 has 20 seconds left.\n|inactive|cold.exe has 120 seconds left.\n|\n|move|p2a: Dragapult|Phantom Force||[still]\n|-prepare|p2a: Dragapult|Phantom Force|p1b: Togekiss\n|move|p1a: Rotom|Electroweb|p2a: Dragapult|[miss]\n|-miss|p1a: Rotom|p2a: Dragapult\n|move|p1b: Togekiss|Tailwind|p1b: Togekiss\n|-sidestart|p1: FullMetalJon117|move: Tailwind\n|\n|upkeep\n|turn|10\n|inactive|FullMetalJon117 has 30 seconds left.\n|inactive|FullMetalJon117 has 20 seconds left.\n|inactive|FullMetalJon117 has 15 seconds left.\n|inactive|FullMetalJon117 has 10 seconds left.\n|inactive|FullMetalJon117 has 5 seconds left.\n|\n|move|p1a: Rotom|Electroweb|p2a: Dragapult|[miss]\n|-miss|p1a: Rotom|p2a: Dragapult\n|move|p2a: Dragapult|Phantom Force|p1b: Togekiss|[from]lockedmove\n|-damage|p1b: Togekiss|0 fnt\n|faint|p1b: Togekiss\n|\n|upkeep\n|inactive|FullMetalJon117 has 10 seconds left this turn.\n|inactive|FullMetalJon117 has 5 seconds left.\n|\n|switch|p1b: Snorlax|Snorlax, F, shiny|100\/100\n|turn|11\n|inactive|FullMetalJon117 has 30 seconds left this turn.\n|\n|move|p1a: Rotom|Electroweb|p2a: Dragapult\n|-resisted|p2a: Dragapult\n|-damage|p2a: Dragapult|59\/100\n|move|p2a: Dragapult|Dragon Darts|p1a: Rotom\n|-damage|p1a: Rotom|34\/100\n|-anim|p2a: Dragapult|Dragon Darts|p1b: Snorlax\n|-damage|p1b: Snorlax|57\/100\n|move|p1b: Snorlax|Belly Drum|p1b: Snorlax\n|-damage|p1b: Snorlax|8\/100\n|-setboost|p1b: Snorlax|atk|6|[from] move: Belly Drum\n|-enditem|p1b: Snorlax|Mago Berry|[eat]\n|-heal|p1b: Snorlax|40\/100|[from] item: Mago Berry\n|\n|upkeep\n|turn|12\n|inactive|FullMetalJon117 has 30 seconds left.\n|inactive|FullMetalJon117 has 20 seconds left.\n|\n|move|p1a: Rotom|Thunder|p2a: Dragapult\n|-resisted|p2a: Dragapult\n|-damage|p2a: Dragapult|23\/100\n|move|p2a: Dragapult|Dragon Darts|p1a: Rotom\n|-damage|p1a: Rotom|0 fnt\n|-anim|p2a: Dragapult|Dragon Darts|p1b: Snorlax\n|-damage|p1b: Snorlax|0 fnt\n|faint|p1a: Rotom\n|faint|p1b: Snorlax\n|\n|-sideend|p1: FullMetalJon117|move: Tailwind\n|upkeep\n|inactive|FullMetalJon117 has 25 seconds left this turn.\n|inactive|FullMetalJon117 has 20 seconds left.\n|inactive|FullMetalJon117 has 15 seconds left.\n|\n|switch|p1b: Arcanine|Arcanine, M, shiny|100\/100\n|-ability|p1b: Arcanine|Intimidate|boost\n|-fail|p2a: Dragapult|unboost|[from] ability: Clear Body|[of] p2a: Dragapult\n|turn|13\n|\n|move|p2a: Dragapult|Dragon Darts|p1b: Arcanine\n|-crit|p1b: Arcanine\n|-damage|p1b: Arcanine|0 fnt\n|faint|p1b: Arcanine\n|\n|win|cold.exe\n|l|\u2606FullMetalJon117\n||Ladder (probably) updated, but score could not be retrieved (Request timeout).\n","uploadtime":1594219074,"views":0,"p1id":"fullmetaljon117","p2id":"coldexe","formatid":"gen8doublesoudynamaxlevel0","rating":0,"private":0,"password":null}