{"id":"gen8ou-1679106626","p1":"LT94JE Allistair","p2":"Kamikaz 100","format":"gen8ou","log":"|j|\u2606LT94JE Allistair\n|j|\u2606Kamikaz 100\n|t:|1665064026\n|gametype|singles\n|player|p1|LT94JE Allistair|102|1746\n|player|p2|Kamikaz 100|2|1785\n|teamsize|p1|6\n|teamsize|p2|6\n|gen|8\n|tier|[Gen 8] OU\n|rated|\n|rule|Sleep Clause Mod: Limit one foe put to sleep\n|rule|Species Clause: Limit one of each Pok\u00e9mon\n|rule|OHKO Clause: OHKO moves are banned\n|rule|Evasion Items Clause: Evasion items are banned\n|rule|Evasion Moves Clause: Evasion moves are banned\n|rule|Endless Battle Clause: Forcing endless battles is banned\n|rule|HP Percentage Mod: HP is shown in percentages\n|rule|Dynamax Clause: You cannot dynamax\n|clearpoke\n|poke|p1|Mew|\n|poke|p1|Slurpuff, M|\n|poke|p1|Vanilluxe, F|\n|poke|p1|Jirachi|\n|poke|p1|Tapu Fini|\n|poke|p1|Buzzwole|\n|poke|p2|Ferrothorn, M|\n|poke|p2|Rotom-Wash|\n|poke|p2|Tyranitar, M|\n|poke|p2|Excadrill, M|\n|poke|p2|Clefable, F|\n|poke|p2|Dragapult, M|\n|teampreview\n|\n|t:|1665064034\n|start\n|switch|p1a: Slurpuff|Slurpuff, M|100\/100\n|switch|p2a: Tyranitar|Tyranitar, M|100\/100\n|-weather|Sandstorm|[from] ability: Sand Stream|[of] p2a: Tyranitar\n|turn|1\n|\n|t:|1665064038\n|move|p1a: Slurpuff|Sticky Web|p2a: Tyranitar\n|-sidestart|p2: Kamikaz 100|move: Sticky Web\n|move|p2a: Tyranitar|Heavy Slam|p1a: Slurpuff\n|-supereffective|p1a: Slurpuff\n|-enditem|p1a: Slurpuff|Focus Sash\n|-damage|p1a: Slurpuff|1\/100\n|\n|-weather|Sandstorm|[upkeep]\n|-damage|p1a: Slurpuff|0 fnt|[from] Sandstorm\n|faint|p1a: Slurpuff\n|upkeep\n|\n|t:|1665064044\n|switch|p1a: Vanilluxe|Vanilluxe, F|100\/100\n|-weather|Hail|[from] ability: Snow Warning|[of] p1a: Vanilluxe\n|turn|2\n|j| Rem!x\n|\n|t:|1665064050\n|switch|p2a: Excadrill|Excadrill, M|100\/100\n|-activate|p2a: Excadrill|move: Sticky Web\n|-unboost|p2a: Excadrill|spe|1\n|move|p1a: Vanilluxe|Aurora Veil|p1a: Vanilluxe\n|-sidestart|p1: LT94JE Allistair|move: Aurora Veil\n|\n|-weather|Hail|[upkeep]\n|-damage|p2a: Excadrill|94\/100|[from] Hail\n|-heal|p2a: Excadrill|100\/100|[from] item: Leftovers\n|upkeep\n|turn|3\n|\n|t:|1665064058\n|move|p1a: Vanilluxe|Explosion|p2a: Excadrill\n|-resisted|p2a: Excadrill\n|-damage|p2a: Excadrill|47\/100\n|faint|p1a: Vanilluxe\n|move|p2a: Excadrill|Swords Dance|p2a: Excadrill\n|-boost|p2a: Excadrill|atk|2\n|\n|-weather|Hail|[upkeep]\n|-damage|p2a: Excadrill|41\/100|[from] Hail\n|-heal|p2a: Excadrill|47\/100|[from] item: Leftovers\n|upkeep\n|\n|t:|1665064062\n|switch|p1a: Buzzwole|Buzzwole|100\/100\n|turn|4\n|\n|t:|1665064066\n|switch|p2a: Clefable|Clefable, F|100\/100\n|-activate|p2a: Clefable|move: Sticky Web\n|-unboost|p2a: Clefable|spe|1\n|move|p1a: Buzzwole|Drain Punch|p2a: Clefable\n|-resisted|p2a: Clefable\n|-damage|p2a: Clefable|85\/100\n|-damage|p1a: Buzzwole|84\/100|[from] item: Rocky Helmet|[of] p2a: Clefable\n|\n|-weather|Hail|[upkeep]\n|-damage|p1a: Buzzwole|78\/100|[from] Hail\n|-heal|p1a: Buzzwole|84\/100|[from] item: Leftovers\n|upkeep\n|turn|5\n|j| EVIL ROCCO\n|\n|t:|1665064076\n|move|p1a: Buzzwole|Taunt|p2a: Clefable\n|-start|p2a: Clefable|move: Taunt\n|cant|p2a: Clefable|move: Taunt|Stealth Rock\n|\n|-weather|Hail|[upkeep]\n|-damage|p1a: Buzzwole|78\/100|[from] Hail\n|-heal|p1a: Buzzwole|84\/100|[from] item: Leftovers\n|upkeep\n|turn|6\n|\n|t:|1665064082\n|switch|p2a: Excadrill|Excadrill, M|47\/100\n|-activate|p2a: Excadrill|move: Sticky Web\n|-unboost|p2a: Excadrill|spe|1\n|move|p1a: Buzzwole|Earthquake|p2a: Excadrill\n|-supereffective|p2a: Excadrill\n|-damage|p2a: Excadrill|0 fnt\n|faint|p2a: Excadrill\n|-ability|p1a: Buzzwole|Beast Boost|boost\n|-boost|p1a: Buzzwole|atk|1\n|\n|-weather|none\n|-heal|p1a: Buzzwole|90\/100|[from] item: Leftovers\n|upkeep\n|\n|t:|1665064092\n|switch|p2a: Clefable|Clefable, F|85\/100\n|-activate|p2a: Clefable|move: Sticky Web\n|-unboost|p2a: Clefable|spe|1\n|turn|7\n|j| lancemoser\n|\n|t:|1665064102\n|move|p1a: Buzzwole|Earthquake|p2a: Clefable\n|-damage|p2a: Clefable|42\/100\n|move|p2a: Clefable|Knock Off|p1a: Buzzwole\n|-resisted|p1a: Buzzwole\n|-damage|p1a: Buzzwole|87\/100\n|-enditem|p1a: Buzzwole|Leftovers|[from] move: Knock Off|[of] p2a: Clefable\n|\n|upkeep\n|turn|8\n|\n|t:|1665064108\n|move|p1a: Buzzwole|Earthquake|p2a: Clefable\n|-damage|p2a: Clefable|1\/100\n|move|p2a: Clefable|Moonblast|p1a: Buzzwole\n|-supereffective|p1a: Buzzwole\n|-damage|p1a: Buzzwole|36\/100\n|\n|upkeep\n|turn|9\n|l| Rem!x\n|\n|t:|1665064116\n|move|p1a: Buzzwole|Drain Punch|p2a: Clefable\n|-resisted|p2a: Clefable\n|-damage|p2a: Clefable|0 fnt\n|-heal|p1a: Buzzwole|37\/100|[from] drain|[of] p2a: Clefable\n|-damage|p1a: Buzzwole|20\/100|[from] item: Rocky Helmet|[of] p2a: Clefable\n|faint|p2a: Clefable\n|-ability|p1a: Buzzwole|Beast Boost|boost\n|-boost|p1a: Buzzwole|atk|1\n|\n|-sideend|p1: LT94JE Allistair|move: Aurora Veil\n|upkeep\n|\n|t:|1665064119\n|switch|p2a: Dragapult|Dragapult, M|100\/100\n|-activate|p2a: Dragapult|move: Sticky Web\n|-unboost|p2a: Dragapult|spe|1\n|turn|10\n|\n|t:|1665064125\n|move|p1a: Buzzwole|Ice Punch|p2a: Dragapult\n|-supereffective|p2a: Dragapult\n|-damage|p2a: Dragapult|0 fnt\n|faint|p2a: Dragapult\n|-ability|p1a: Buzzwole|Beast Boost|boost\n|-boost|p1a: Buzzwole|atk|1\n|\n|upkeep\n|\n|t:|1665064132\n|switch|p2a: Rotom|Rotom-Wash|100\/100\n|turn|11\n|\n|t:|1665064134\n|move|p2a: Rotom|Volt Switch|p1a: Buzzwole\n|-damage|p1a: Buzzwole|0 fnt\n|faint|p1a: Buzzwole\n|j| gold bottle\n|\n|t:|1665064140\n|switch|p2a: Tyranitar|Tyranitar, M|100\/100|[from]move: Volt Switch\n|-activate|p2a: Tyranitar|move: Sticky Web\n|-unboost|p2a: Tyranitar|spe|1\n|-weather|Sandstorm|[from] ability: Sand Stream|[of] p2a: Tyranitar\n|\n|-weather|Sandstorm|[upkeep]\n|upkeep\n|\n|t:|1665064146\n|switch|p1a: Tapu Fini|Tapu Fini|100\/100\n|-fieldstart|move: Misty Terrain|[from] ability: Misty Surge|[of] p1a: Tapu Fini\n|turn|12\n|\n|t:|1665064149\n|switch|p2a: Ferrothorn|Ferrothorn, M|100\/100\n|-activate|p2a: Ferrothorn|move: Sticky Web\n|-unboost|p2a: Ferrothorn|spe|1\n|move|p1a: Tapu Fini|Surf|p2a: Ferrothorn\n|-resisted|p2a: Ferrothorn\n|-damage|p2a: Ferrothorn|85\/100\n|\n|-weather|Sandstorm|[upkeep]\n|-damage|p1a: Tapu Fini|94\/100|[from] Sandstorm\n|-heal|p1a: Tapu Fini|100\/100|[from] item: Leftovers\n|-heal|p2a: Ferrothorn|91\/100|[from] item: Leftovers\n|upkeep\n|turn|13\n|\n|t:|1665064153\n|move|p1a: Tapu Fini|Calm Mind|p1a: Tapu Fini\n|-boost|p1a: Tapu Fini|spa|1\n|-boost|p1a: Tapu Fini|spd|1\n|move|p2a: Ferrothorn|Iron Defense|p2a: Ferrothorn\n|-boost|p2a: Ferrothorn|def|2\n|\n|-weather|Sandstorm|[upkeep]\n|-damage|p1a: Tapu Fini|94\/100|[from] Sandstorm\n|-heal|p1a: Tapu Fini|100\/100|[from] item: Leftovers\n|-heal|p2a: Ferrothorn|98\/100|[from] item: Leftovers\n|upkeep\n|turn|14\n|\n|t:|1665064157\n|move|p1a: Tapu Fini|Taunt|p2a: Ferrothorn\n|-start|p2a: Ferrothorn|move: Taunt\n|cant|p2a: Ferrothorn|move: Taunt|Leech Seed\n|\n|-weather|Sandstorm|[upkeep]\n|-damage|p1a: Tapu Fini|94\/100|[from] Sandstorm\n|-heal|p1a: Tapu Fini|100\/100|[from] item: Leftovers\n|-heal|p2a: Ferrothorn|100\/100|[from] item: Leftovers\n|upkeep\n|turn|15\n|\n|t:|1665064161\n|move|p1a: Tapu Fini|Surf|p2a: Ferrothorn\n|-resisted|p2a: Ferrothorn\n|-damage|p2a: Ferrothorn|78\/100\n|move|p2a: Ferrothorn|Body Press|p1a: Tapu Fini\n|-resisted|p1a: Tapu Fini\n|-damage|p1a: Tapu Fini|67\/100\n|\n|-weather|none\n|-heal|p1a: Tapu Fini|73\/100|[from] item: Leftovers\n|-heal|p2a: Ferrothorn|85\/100|[from] item: Leftovers\n|upkeep\n|turn|16\n|\n|t:|1665064168\n|move|p1a: Tapu Fini|Surf|p2a: Ferrothorn\n|-resisted|p2a: Ferrothorn\n|-damage|p2a: Ferrothorn|61\/100\n|move|p2a: Ferrothorn|Body Press|p1a: Tapu Fini\n|-resisted|p1a: Tapu Fini\n|-damage|p1a: Tapu Fini|41\/100\n|\n|-heal|p1a: Tapu Fini|47\/100|[from] item: Leftovers\n|-heal|p2a: Ferrothorn|67\/100|[from] item: Leftovers\n|-end|p2a: Ferrothorn|move: Taunt\n|-fieldend|Misty Terrain\n|upkeep\n|turn|17\n|j| Deino Nuggets\n|\n|t:|1665064174\n|move|p1a: Tapu Fini|Taunt|p2a: Ferrothorn\n|-start|p2a: Ferrothorn|move: Taunt\n|move|p2a: Ferrothorn|Body Press|p1a: Tapu Fini\n|-resisted|p1a: Tapu Fini\n|-damage|p1a: Tapu Fini|16\/100\n|\n|-heal|p1a: Tapu Fini|22\/100|[from] item: Leftovers\n|-heal|p2a: Ferrothorn|73\/100|[from] item: Leftovers\n|upkeep\n|turn|18\n|\n|t:|1665064182\n|switch|p2a: Rotom|Rotom-Wash|100\/100\n|move|p1a: Tapu Fini|Surf|p2a: Rotom\n|-resisted|p2a: Rotom\n|-damage|p2a: Rotom|72\/100\n|\n|-heal|p2a: Rotom|78\/100|[from] item: Leftovers\n|-heal|p1a: Tapu Fini|28\/100|[from] item: Leftovers\n|upkeep\n|turn|19\n|\n|t:|1665064185\n|move|p2a: Rotom|Volt Switch|p1a: Tapu Fini\n|-supereffective|p1a: Tapu Fini\n|-damage|p1a: Tapu Fini|0 fnt\n|faint|p1a: Tapu Fini\n|\n|t:|1665064189\n|switch|p2a: Tyranitar|Tyranitar, M|100\/100|[from]move: Volt Switch\n|-activate|p2a: Tyranitar|move: Sticky Web\n|-unboost|p2a: Tyranitar|spe|1\n|-weather|Sandstorm|[from] ability: Sand Stream|[of] p2a: Tyranitar\n|\n|-weather|Sandstorm|[upkeep]\n|upkeep\n|\n|t:|1665064202\n|switch|p1a: Jirachi|Jirachi|100\/100\n|turn|20\n|\n|t:|1665064206\n|move|p1a: Jirachi|Cosmic Power|p1a: Jirachi\n|-boost|p1a: Jirachi|def|1\n|-boost|p1a: Jirachi|spd|1\n|move|p2a: Tyranitar|Crunch|p1a: Jirachi\n|-supereffective|p1a: Jirachi\n|-damage|p1a: Jirachi|20\/100\n|-enditem|p1a: Jirachi|Weakness Policy\n|-boost|p1a: Jirachi|atk|2|[from] item: Weakness Policy\n|-boost|p1a: Jirachi|spa|2|[from] item: Weakness Policy\n|\n|-weather|Sandstorm|[upkeep]\n|upkeep\n|turn|21\n|\n|t:|1665064213\n|move|p1a: Jirachi|Aura Sphere|p2a: Tyranitar\n|-supereffective|p2a: Tyranitar\n|-damage|p2a: Tyranitar|0 fnt\n|faint|p2a: Tyranitar\n|\n|-weather|Sandstorm|[upkeep]\n|upkeep\n|\n|t:|1665064217\n|switch|p2a: Rotom|Rotom-Wash|78\/100\n|turn|22\n|\n|t:|1665064221\n|move|p1a: Jirachi|Stored Power|p2a: Rotom\n|-damage|p2a: Rotom|0 fnt\n|faint|p2a: Rotom\n|\n|-weather|Sandstorm|[upkeep]\n|upkeep\n|-message|Kamikaz 100 forfeited.\n|\n|win|LT94JE Allistair\n|raw|LT94JE Allistair's rating: 1746 &rarr; <strong>1768<\/strong><br \/>(+22 for winning)\n|raw|Kamikaz 100's rating: 1785 &rarr; <strong>1763<\/strong><br \/>(-22 for losing)\n|l|\u2606Kamikaz 100\n|l| lancemoser\n|l| gold bottle\n||Ladder isn't responding, score probably updated but might not have (Request timeout).\n","uploadtime":1665064239,"views":27,"p1id":"lt94jeallistair","p2id":"kamikaz100","formatid":"gen8ou","rating":1763,"private":0,"password":null}