{"id":"gen8ou-1616474217","p1":"andrewm0n","p2":"QuenouilleRouge","format":"gen8ou","log":"|j|\u2606andrewm0n\n|j|\u2606QuenouilleRouge\n|t:|1657727256\n|gametype|singles\n|player|p1|andrewm0n|swimmerf|1668\n|player|p2|QuenouilleRouge|preschooler|1824\n|teamsize|p1|6\n|teamsize|p2|6\n|gen|8\n|tier|[Gen 8] OU\n|rated|\n|rule|Sleep Clause Mod: Limit one foe put to sleep\n|rule|Species Clause: Limit one of each Pok\u00e9mon\n|rule|OHKO Clause: OHKO moves are banned\n|rule|Evasion Moves Clause: Evasion moves are banned\n|rule|Endless Battle Clause: Forcing endless battles is banned\n|rule|HP Percentage Mod: HP is shown in percentages\n|rule|Dynamax Clause: You cannot dynamax\n|clearpoke\n|poke|p1|Blaziken, M|\n|poke|p1|Clefable, F|\n|poke|p1|Slowbro-Galar, M|\n|poke|p1|Corviknight, M|\n|poke|p1|Seismitoad, M|\n|poke|p1|Diggersby, M|\n|poke|p2|Zapdos|\n|poke|p2|Heatran, M|\n|poke|p2|Ferrothorn, F|\n|poke|p2|Dragapult, M|\n|poke|p2|Buzzwole|\n|poke|p2|Blissey, F|\n|teampreview\n|inactive|Battle timer is ON: inactive players will automatically lose when time's up. (requested by andrewm0n)\n|\n|t:|1657727324\n|start\n|switch|p1a: Diggersby|Diggersby, M|100\/100\n|switch|p2a: Dragapult|Dragapult, M|100\/100\n|turn|1\n|inactive|andrewm0n has 120 seconds left.\n|\n|t:|1657727381\n|move|p2a: Dragapult|Draco Meteor|p1a: Diggersby\n|-damage|p1a: Diggersby|0 fnt\n|-unboost|p2a: Dragapult|spa|2\n|faint|p1a: Diggersby\n|\n|upkeep\n|j| xiao123\n|\n|t:|1657727387\n|switch|p1a: Blaziken|Blaziken, M|100\/100\n|turn|2\n|j| azer_emperor\n|\n|t:|1657727411\n|switch|p2a: Zapdos|Zapdos|100\/100\n|move|p1a: Blaziken|Swords Dance|p1a: Blaziken\n|-boost|p1a: Blaziken|atk|2\n|\n|-ability|p1a: Blaziken|Speed Boost|boost\n|-boost|p1a: Blaziken|spe|1\n|upkeep\n|turn|3\n|j| Fitzcarraldo\n|\n|t:|1657727421\n|move|p1a: Blaziken|Protect|p1a: Blaziken\n|-singleturn|p1a: Blaziken|Protect\n|move|p2a: Zapdos|Volt Switch|p1a: Blaziken\n|-activate|p1a: Blaziken|move: Protect\n|\n|-ability|p1a: Blaziken|Speed Boost|boost\n|-boost|p1a: Blaziken|spe|1\n|upkeep\n|turn|4\n|\n|t:|1657727437\n|move|p1a: Blaziken|Flare Blitz|p2a: Zapdos\n|-damage|p2a: Zapdos|0 fnt\n|-status|p1a: Blaziken|par|[from] ability: Static|[of] p2a: Zapdos\n|faint|p2a: Zapdos\n|-damage|p1a: Blaziken|59\/100 par|[from] Recoil\n|\n|-heal|p1a: Blaziken|65\/100 par|[from] item: Leftovers\n|-ability|p1a: Blaziken|Speed Boost|boost\n|-boost|p1a: Blaziken|spe|1\n|upkeep\n|\n|t:|1657727443\n|switch|p2a: Dragapult|Dragapult, M|100\/100\n|turn|5\n|\n|t:|1657727448\n|move|p1a: Blaziken|Protect|p1a: Blaziken\n|-singleturn|p1a: Blaziken|Protect\n|move|p2a: Dragapult|Shadow Ball|p1a: Blaziken\n|-activate|p1a: Blaziken|move: Protect\n|\n|-heal|p1a: Blaziken|71\/100 par|[from] item: Leftovers\n|-ability|p1a: Blaziken|Speed Boost|boost\n|-boost|p1a: Blaziken|spe|1\n|upkeep\n|turn|6\n|\n|t:|1657727450\n|switch|p1a: Corviknight|Corviknight, M|100\/100\n|move|p2a: Dragapult|Shadow Ball|p1a: Corviknight\n|-damage|p1a: Corviknight|60\/100\n|-ability|p1a: Corviknight|Mirror Armor\n|-unboost|p2a: Dragapult|spd|1\n|\n|upkeep\n|turn|7\n|j| ActiveShoot3r\n|\n|t:|1657727465\n|switch|p2a: Heatran|Heatran, M|100\/100\n|-item|p2a: Heatran|Air Balloon\n|move|p1a: Corviknight|Roost|p1a: Corviknight\n|-heal|p1a: Corviknight|100\/100\n|-singleturn|p1a: Corviknight|move: Roost\n|\n|upkeep\n|turn|8\n|\n|t:|1657727472\n|move|p2a: Heatran|Stealth Rock|p1a: Corviknight\n|-sidestart|p1: andrewm0n|move: Stealth Rock\n|move|p1a: Corviknight|U-turn|p2a: Heatran\n|-resisted|p2a: Heatran\n|-damage|p2a: Heatran|97\/100\n|-enditem|p2a: Heatran|Air Balloon\n|\n|t:|1657727477\n|switch|p1a: Seismitoad|Seismitoad, M|100\/100|[from]move: U-turn\n|-damage|p1a: Seismitoad|94\/100|[from] Stealth Rock\n|\n|-heal|p1a: Seismitoad|100\/100|[from] item: Leftovers\n|upkeep\n|turn|9\n|j| dieMoldau\n|\n|t:|1657727489\n|switch|p2a: Buzzwole|Buzzwole|100\/100\n|move|p1a: Seismitoad|Earth Power|p2a: Buzzwole\n|-resisted|p2a: Buzzwole\n|-damage|p2a: Buzzwole|81\/100\n|\n|upkeep\n|turn|10\n|\n|t:|1657727494\n|move|p2a: Buzzwole|Close Combat|p1a: Seismitoad\n|-damage|p1a: Seismitoad|20\/100\n|-unboost|p2a: Buzzwole|def|1\n|-unboost|p2a: Buzzwole|spd|1\n|move|p1a: Seismitoad|Toxic|p2a: Buzzwole\n|-status|p2a: Buzzwole|tox\n|\n|-heal|p1a: Seismitoad|26\/100|[from] item: Leftovers\n|-damage|p2a: Buzzwole|75\/100 tox|[from] psn\n|upkeep\n|turn|11\n|\n|t:|1657727498\n|switch|p1a: Slowbro|Slowbro-Galar, M|100\/100\n|-damage|p1a: Slowbro|88\/100|[from] Stealth Rock\n|move|p2a: Buzzwole|Close Combat|p1a: Slowbro\n|-resisted|p1a: Slowbro\n|-damage|p1a: Slowbro|67\/100\n|-unboost|p2a: Buzzwole|def|1\n|-unboost|p2a: Buzzwole|spd|1\n|\n|-damage|p2a: Buzzwole|62\/100 tox|[from] psn\n|upkeep\n|turn|12\n|\n|t:|1657727504\n|switch|p2a: Blissey|Blissey, F|100\/100\n|move|p1a: Slowbro|Future Sight|p2a: Blissey\n|-start|p1a: Slowbro|move: Future Sight\n|\n|upkeep\n|turn|13\n|\n|t:|1657727517\n|switch|p1a: Clefable|Clefable, F|100\/100\n|-damage|p1a: Clefable|88\/100|[from] Stealth Rock\n|move|p2a: Blissey|Teleport|p2a: Blissey\n|\n|t:|1657727524\n|switch|p2a: Ferrothorn|Ferrothorn, F|100\/100|[from]move: Teleport\n|\n|-heal|p1a: Clefable|94\/100|[from] item: Leftovers\n|upkeep\n|turn|14\n|j| my emoji is goat\n|\n|t:|1657727531\n|move|p1a: Clefable|Heal Bell|p1a: Clefable\n|-activate|p1a: Clefable|move: Heal Bell\n|-curestatus|p1: Blaziken|par|[msg]\n|move|p2a: Ferrothorn|Leech Seed|p1a: Clefable\n|-start|p1a: Clefable|move: Leech Seed\n|\n|-end|p2a: Ferrothorn|move: Future Sight\n|-resisted|p2a: Ferrothorn\n|-damage|p2a: Ferrothorn|84\/100\n|-heal|p1a: Clefable|99\/100|[from] item: Leftovers\n|-heal|p2a: Ferrothorn|91\/100|[from] item: Leftovers\n|-damage|p1a: Clefable|88\/100|[from] Leech Seed|[of] p2a: Ferrothorn\n|-heal|p2a: Ferrothorn|100\/100|[silent]\n|upkeep\n|turn|15\n|\n|t:|1657727545\n|switch|p2a: Dragapult|Dragapult, M|100\/100\n|move|p1a: Clefable|Wish|p1a: Clefable\n|\n|-heal|p1a: Clefable|94\/100|[from] item: Leftovers\n|-damage|p1a: Clefable|81\/100|[from] Leech Seed|[of] p2a: Dragapult\n|upkeep\n|turn|16\n|\n|t:|1657727551\n|switch|p1a: Corviknight|Corviknight, M|100\/100\n|-damage|p1a: Corviknight|88\/100|[from] Stealth Rock\n|move|p2a: Dragapult|U-turn|p1a: Corviknight\n|-resisted|p1a: Corviknight\n|-damage|p1a: Corviknight|85\/100\n|-damage|p2a: Dragapult|84\/100|[from] item: Rocky Helmet|[of] p1a: Corviknight\n|\n|t:|1657727555\n|switch|p2a: Heatran|Heatran, M|97\/100|[from]move: U-turn\n|\n|-heal|p1a: Corviknight|100\/100|[from] move: Wish|[wisher] Clefable\n|upkeep\n|turn|17\n|\n|t:|1657727566\n|switch|p1a: Seismitoad|Seismitoad, M|26\/100\n|-damage|p1a: Seismitoad|20\/100|[from] Stealth Rock\n|move|p2a: Heatran|Eruption|p1a: Seismitoad\n|-resisted|p1a: Seismitoad\n|-damage|p1a: Seismitoad|0 fnt\n|faint|p1a: Seismitoad\n|\n|upkeep\n|\n|t:|1657727568\n|switch|p1a: Blaziken|Blaziken, M|71\/100\n|-damage|p1a: Blaziken|58\/100|[from] Stealth Rock\n|turn|18\n|inactive|QuenouilleRouge has 120 seconds left.\n|inactive|QuenouilleRouge has 90 seconds left.\n|\n|t:|1657727632\n|move|p1a: Blaziken|Protect|p1a: Blaziken\n|-singleturn|p1a: Blaziken|Protect\n|move|p2a: Heatran|Earth Power|p1a: Blaziken\n|-activate|p1a: Blaziken|move: Protect\n|\n|-heal|p1a: Blaziken|64\/100|[from] item: Leftovers\n|-ability|p1a: Blaziken|Speed Boost|boost\n|-boost|p1a: Blaziken|spe|1\n|upkeep\n|turn|19\n|\n|t:|1657727642\n|switch|p2a: Dragapult|Dragapult, M|84\/100\n|move|p1a: Blaziken|Close Combat|p2a: Dragapult\n|-immune|p2a: Dragapult\n|\n|-heal|p1a: Blaziken|70\/100|[from] item: Leftovers\n|-ability|p1a: Blaziken|Speed Boost|boost\n|-boost|p1a: Blaziken|spe|1\n|upkeep\n|turn|20\n|\n|t:|1657727650\n|move|p1a: Blaziken|Protect|p1a: Blaziken\n|-singleturn|p1a: Blaziken|Protect\n|move|p2a: Dragapult|Draco Meteor|p1a: Blaziken\n|-activate|p1a: Blaziken|move: Protect\n|\n|-heal|p1a: Blaziken|76\/100|[from] item: Leftovers\n|-ability|p1a: Blaziken|Speed Boost|boost\n|-boost|p1a: Blaziken|spe|1\n|upkeep\n|turn|21\n|\n|t:|1657727655\n|switch|p1a: Clefable|Clefable, F|81\/100\n|-damage|p1a: Clefable|69\/100|[from] Stealth Rock\n|move|p2a: Dragapult|Draco Meteor|p1a: Clefable\n|-immune|p1a: Clefable\n|\n|-heal|p1a: Clefable|75\/100|[from] item: Leftovers\n|upkeep\n|turn|22\n|\n|t:|1657727659\n|switch|p2a: Blissey|Blissey, F|100\/100\n|move|p1a: Clefable|Wish|p1a: Clefable\n|\n|-heal|p1a: Clefable|81\/100|[from] item: Leftovers\n|upkeep\n|turn|23\n|\n|t:|1657727668\n|switch|p1a: Blaziken|Blaziken, M|76\/100\n|-damage|p1a: Blaziken|64\/100|[from] Stealth Rock\n|move|p2a: Blissey|Thunder Wave|p1a: Blaziken\n|-status|p1a: Blaziken|par\n|\n|-heal|p1a: Blaziken|100\/100 par|[from] move: Wish|[wisher] Clefable\n|upkeep\n|turn|24\n|\n|t:|1657727681\n|switch|p2a: Dragapult|Dragapult, M|84\/100\n|move|p1a: Blaziken|Flare Blitz|p2a: Dragapult\n|-resisted|p2a: Dragapult\n|-damage|p2a: Dragapult|41\/100\n|-damage|p1a: Blaziken|85\/100 par|[from] Recoil\n|\n|-heal|p1a: Blaziken|91\/100 par|[from] item: Leftovers\n|-ability|p1a: Blaziken|Speed Boost|boost\n|-boost|p1a: Blaziken|spe|1\n|upkeep\n|turn|25\n|\n|t:|1657727688\n|switch|p1a: Corviknight|Corviknight, M|100\/100\n|-damage|p1a: Corviknight|88\/100|[from] Stealth Rock\n|move|p2a: Dragapult|Draco Meteor|p1a: Corviknight\n|-resisted|p1a: Corviknight\n|-damage|p1a: Corviknight|58\/100\n|-unboost|p2a: Dragapult|spa|2\n|\n|upkeep\n|turn|26\n|\n|t:|1657727696\n|switch|p2a: Heatran|Heatran, M|97\/100\n|move|p1a: Corviknight|Defog|p2a: Heatran\n|-unboost|p2a: Heatran|evasion|1\n|-sideend|p1: andrewm0n|Stealth Rock|[from] move: Defog|[of] p1a: Corviknight\n|\n|upkeep\n|turn|27\n|\n|t:|1657727705\n|move|p2a: Heatran|Eruption|p1a: Corviknight\n|-supereffective|p1a: Corviknight\n|-damage|p1a: Corviknight|0 fnt\n|faint|p1a: Corviknight\n|\n|upkeep\n|\n|t:|1657727707\n|switch|p1a: Slowbro|Slowbro-Galar, M|99\/100\n|turn|28\n|\n|t:|1657727715\n|move|p2a: Heatran|Eruption|p1a: Slowbro\n|-damage|p1a: Slowbro|48\/100\n|move|p1a: Slowbro|Earthquake|p2a: Heatran\n|-supereffective|p2a: Heatran\n|-damage|p2a: Heatran|0 fnt\n|faint|p2a: Heatran\n|\n|upkeep\n|\n|t:|1657727720\n|switch|p2a: Dragapult|Dragapult, M|41\/100\n|turn|29\n|\n|t:|1657727741\n|move|p2a: Dragapult|Shadow Ball|p1a: Slowbro\n|-supereffective|p1a: Slowbro\n|-damage|p1a: Slowbro|0 fnt\n|faint|p1a: Slowbro\n|\n|upkeep\n|\n|t:|1657727743\n|switch|p1a: Clefable|Clefable, F|81\/100\n|turn|30\n|j| Jweir06\n|l| Jweir06\n|inactive|QuenouilleRouge has 120 seconds left.\n|\n|t:|1657727793\n|move|p2a: Dragapult|Shadow Ball|p1a: Clefable\n|-damage|p1a: Clefable|35\/100\n|-unboost|p1a: Clefable|spd|1\n|move|p1a: Clefable|Heal Bell|p1a: Clefable\n|-activate|p1a: Clefable|move: Heal Bell\n|-curestatus|p1: Blaziken|par|[msg]\n|\n|-heal|p1a: Clefable|41\/100|[from] item: Leftovers\n|upkeep\n|turn|31\n|\n|t:|1657727804\n|move|p2a: Dragapult|Shadow Ball|p1a: Clefable\n|-damage|p1a: Clefable|0 fnt\n|faint|p1a: Clefable\n|\n|upkeep\n|\n|t:|1657727805\n|switch|p1a: Blaziken|Blaziken, M|91\/100\n|turn|32\n|inactive|QuenouilleRouge has 120 seconds left.\n|\n|t:|1657727816\n|switch|p2a: Blissey|Blissey, F|100\/100\n|move|p1a: Blaziken|Swords Dance|p1a: Blaziken\n|-boost|p1a: Blaziken|atk|2\n|\n|-heal|p1a: Blaziken|97\/100|[from] item: Leftovers\n|-ability|p1a: Blaziken|Speed Boost|boost\n|-boost|p1a: Blaziken|spe|1\n|upkeep\n|turn|33\n|\n|t:|1657727819\n|move|p1a: Blaziken|Protect|p1a: Blaziken\n|-singleturn|p1a: Blaziken|Protect\n|move|p2a: Blissey|Thunder Wave|p1a: Blaziken\n|-activate|p1a: Blaziken|move: Protect\n|\n|-heal|p1a: Blaziken|100\/100|[from] item: Leftovers\n|-ability|p1a: Blaziken|Speed Boost|boost\n|-boost|p1a: Blaziken|spe|1\n|upkeep\n|turn|34\n|\n|t:|1657727822\n|move|p1a: Blaziken|Close Combat|p2a: Blissey\n|-supereffective|p2a: Blissey\n|-damage|p2a: Blissey|0 fnt\n|-unboost|p1a: Blaziken|def|1\n|-unboost|p1a: Blaziken|spd|1\n|faint|p2a: Blissey\n|\n|-ability|p1a: Blaziken|Speed Boost|boost\n|-boost|p1a: Blaziken|spe|1\n|upkeep\n|\n|t:|1657727827\n|switch|p2a: Buzzwole|Buzzwole|62\/100 tox\n|turn|35\n|\n|t:|1657727832\n|switch|p2a: Ferrothorn|Ferrothorn, F|100\/100\n|move|p1a: Blaziken|Flare Blitz|p2a: Ferrothorn\n|-supereffective|p2a: Ferrothorn\n|-damage|p2a: Ferrothorn|0 fnt\n|-damage|p1a: Blaziken|88\/100|[from] ability: Iron Barbs|[of] p2a: Ferrothorn\n|faint|p2a: Ferrothorn\n|-damage|p1a: Blaziken|50\/100|[from] Recoil\n|\n|-heal|p1a: Blaziken|56\/100|[from] item: Leftovers\n|-ability|p1a: Blaziken|Speed Boost|boost\n|-boost|p1a: Blaziken|spe|1\n|upkeep\n|\n|t:|1657727840\n|switch|p2a: Buzzwole|Buzzwole|62\/100 tox\n|turn|36\n|\n|t:|1657727842\n|move|p1a: Blaziken|Flare Blitz|p2a: Buzzwole\n|-supereffective|p2a: Buzzwole\n|-damage|p2a: Buzzwole|0 fnt\n|faint|p2a: Buzzwole\n|-damage|p1a: Blaziken|31\/100|[from] Recoil\n|\n|-heal|p1a: Blaziken|37\/100|[from] item: Leftovers\n|-ability|p1a: Blaziken|Speed Boost|boost\n|-boost|p1a: Blaziken|spe|1\n|upkeep\n|\n|t:|1657727845\n|switch|p2a: Dragapult|Dragapult, M|41\/100\n|turn|37\n|\n|t:|1657727847\n|move|p1a: Blaziken|Flare Blitz|p2a: Dragapult\n|-resisted|p2a: Dragapult\n|-damage|p2a: Dragapult|0 fnt\n|faint|p2a: Dragapult\n|-damage|p1a: Blaziken|23\/100|[from] Recoil\n|\n|win|andrewm0n\n|raw|andrewm0n's rating: 1668 &rarr; <strong>1696<\/strong><br \/>(+28 for winning)\n|raw|QuenouilleRouge's rating: 1824 &rarr; <strong>1796<\/strong><br \/>(-28 for losing)\n|l|\u2606QuenouilleRouge\n|l| ActiveShoot3r\n||Ladder isn't responding, score probably updated but might not have (Request timeout).\n|l| xiao123\n","uploadtime":1657727917,"views":72,"p1id":"andrewm0n","p2id":"quenouillerouge","formatid":"gen8ou","rating":1696,"private":0,"password":null}