{"id":"gen8nationaldex-1592044136","p1":"yung_iznamakin","p2":"Ndlt3hpu=RL losers","format":"gen8nationaldex","log":"|raw|<div class=\"broadcast-blue\"><strong>This battle is required to be public due to a player having a name starting with 'ndlt3hpu'.<\/div>\n|j|\u2606yung_iznamakin\n|j|\u2606Ndlt3hpu=RL losers\n|t:|1654713607\n|gametype|singles\n|player|p1|yung_iznamakin|lady|1634\n|player|p2|Ndlt3hpu=RL losers|102|1811\n|teamsize|p1|6\n|teamsize|p2|6\n|gen|8\n|tier|[Gen 8] National Dex\n|rated|\n|rule|HP Percentage Mod: HP is shown in percentages\n|rule|Endless Battle Clause: Forcing endless battles is banned\n|rule|OHKO Clause: OHKO moves are banned\n|rule|Evasion Moves Clause: Evasion moves are banned\n|rule|Species Clause: Limit one of each Pok\u00e9mon\n|rule|Dynamax Clause: You cannot dynamax\n|rule|Sleep Clause Mod: Limit one foe put to sleep\n|clearpoke\n|poke|p1|Charizard, M|\n|poke|p1|Greninja, M|\n|poke|p1|Nidoking, M|\n|poke|p1|Kommo-o, M|\n|poke|p1|Blissey, F|\n|poke|p1|Corviknight, M|\n|poke|p2|Charizard, F|\n|poke|p2|Landorus-Therian, M|\n|poke|p2|Jirachi|\n|poke|p2|Toxapex, M|\n|poke|p2|Greninja, M|\n|poke|p2|Regieleki|\n|teampreview\n|inactive|Battle timer is ON: inactive players will automatically lose when time's up. (requested by Ndlt3hpu=RL losers)\n|\n|t:|1654713623\n|start\n|switch|p1a: Nidoking|Nidoking, M|100\/100\n|switch|p2a: Greninja|Greninja, M|100\/100\n|turn|1\n|\n|t:|1654713629\n|switch|p1a: Blissey|Blissey, F|100\/100\n|move|p2a: Greninja|Hydro Pump|p1a: Blissey\n|-damage|p1a: Blissey|84\/100\n|\n|upkeep\n|turn|2\n|\n|t:|1654713635\n|move|p2a: Greninja|Spikes|p1a: Blissey\n|-sidestart|p1: yung_iznamakin|Spikes\n|move|p1a: Blissey|Teleport|p1a: Blissey\n|c|\u2606yung_iznamakin|clever play\n|\n|t:|1654713644\n|switch|p1a: Greninja|Greninja, M|100\/100|[from]move: Teleport\n|-damage|p1a: Greninja|88\/100|[from] Spikes\n|\n|upkeep\n|turn|3\n|\n|t:|1654713648\n|switch|p2a: Toxapex|Toxapex, M|100\/100\n|move|p1a: Greninja|U-turn|p2a: Toxapex\n|-start|p1a: Greninja|typechange|Bug|[from] ability: Protean\n|-resisted|p2a: Toxapex\n|-damage|p2a: Toxapex|86\/100\n|-damage|p1a: Greninja|72\/100|[from] item: Rocky Helmet|[of] p2a: Toxapex\n|\n|t:|1654713652\n|switch|p1a: Nidoking|Nidoking, M|100\/100|[from]move: U-turn\n|-damage|p1a: Nidoking|88\/100|[from] Spikes\n|\n|upkeep\n|turn|4\n|\n|t:|1654713656\n|switch|p2a: Charizard|Charizard, F|100\/100\n|move|p1a: Nidoking|Earth Power|p2a: Charizard\n|-immune|p2a: Charizard\n|\n|upkeep\n|turn|5\n|\n|t:|1654713659\n|detailschange|p2a: Charizard|Charizard-Mega-X, F\n|-mega|p2a: Charizard|Charizard|Charizardite X\n|move|p2a: Charizard|Dragon Dance|p2a: Charizard\n|-boost|p2a: Charizard|atk|1\n|-boost|p2a: Charizard|spe|1\n|move|p1a: Nidoking|Sludge Wave|p2a: Charizard\n|-damage|p2a: Charizard|16\/100\n|\n|upkeep\n|turn|6\n|\n|t:|1654713669\n|switch|p1a: Corviknight|Corviknight, M|100\/100\n|-ability|p1a: Corviknight|Pressure\n|move|p2a: Charizard|Roost|p2a: Charizard\n|-heal|p2a: Charizard|66\/100\n|-singleturn|p2a: Charizard|move: Roost\n|\n|upkeep\n|turn|7\n|\n|t:|1654713671\n|switch|p1a: Blissey|Blissey, F|84\/100\n|move|p2a: Charizard|Blaze Kick|p1a: Blissey\n|-damage|p1a: Blissey|13\/100\n|\n|upkeep\n|turn|8\n|\n|t:|1654713677\n|move|p2a: Charizard|Dragon Claw|p1a: Blissey\n|-damage|p1a: Blissey|0 fnt\n|faint|p1a: Blissey\n|\n|upkeep\n|\n|t:|1654713681\n|switch|p1a: Corviknight|Corviknight, M|100\/100\n|-ability|p1a: Corviknight|Pressure\n|turn|9\n|\n|t:|1654713682\n|move|p2a: Charizard|Blaze Kick|p1a: Corviknight|[miss]\n|-miss|p2a: Charizard|p1a: Corviknight\n|move|p1a: Corviknight|Iron Defense|p1a: Corviknight\n|-boost|p1a: Corviknight|def|2\n|\n|upkeep\n|turn|10\n|\n|t:|1654713685\n|move|p2a: Charizard|Dragon Dance|p2a: Charizard\n|-boost|p2a: Charizard|atk|1\n|-boost|p2a: Charizard|spe|1\n|move|p1a: Corviknight|Iron Defense|p1a: Corviknight\n|-boost|p1a: Corviknight|def|2\n|\n|upkeep\n|turn|11\n|\n|t:|1654713687\n|move|p2a: Charizard|Blaze Kick|p1a: Corviknight\n|-supereffective|p1a: Corviknight\n|-damage|p1a: Corviknight|57\/100\n|move|p1a: Corviknight|Body Press|p2a: Charizard\n|-damage|p2a: Charizard|0 fnt\n|faint|p2a: Charizard\n|\n|-heal|p1a: Corviknight|63\/100|[from] item: Leftovers\n|upkeep\n|\n|t:|1654713693\n|switch|p2a: Greninja|Greninja, M|100\/100\n|turn|12\n|\n|t:|1654713696\n|-zpower|p2a: Greninja\n|move|p2a: Greninja|Hydro Vortex|p1a: Corviknight|[zeffect]\n|-damage|p1a: Corviknight|0 fnt\n|faint|p1a: Corviknight\n|-activate|p2a: Greninja|ability: Battle Bond\n|detailschange|p2a: Greninja|Greninja-Ash, M\n|\n|upkeep\n|\n|t:|1654713702\n|switch|p1a: Kommo-o|Kommo-o, M|100\/100\n|-damage|p1a: Kommo-o|88\/100|[from] Spikes\n|turn|13\n|\n|t:|1654713704\n|switch|p2a: Toxapex|Toxapex, M|100\/100\n|-zpower|p1a: Kommo-o\n|move|p1a: Kommo-o|Clangorous Soulblaze|p2a: Toxapex|[zeffect]\n|-damage|p2a: Toxapex|37\/100\n|-boost|p1a: Kommo-o|atk|1\n|-boost|p1a: Kommo-o|def|1\n|-boost|p1a: Kommo-o|spa|1\n|-boost|p1a: Kommo-o|spd|1\n|-boost|p1a: Kommo-o|spe|1\n|\n|upkeep\n|turn|14\n|\n|t:|1654713708\n|switch|p2a: Jirachi|Jirachi|100\/100\n|move|p1a: Kommo-o|Clanging Scales|p2a: Jirachi\n|-resisted|p2a: Jirachi\n|-damage|p2a: Jirachi|78\/100\n|-unboost|p1a: Kommo-o|def|1\n|\n|-heal|p2a: Jirachi|84\/100|[from] item: Leftovers\n|upkeep\n|turn|15\n|\n|t:|1654713715\n|move|p1a: Kommo-o|Clangorous Soul|p1a: Kommo-o\n|-boost|p1a: Kommo-o|atk|1\n|-boost|p1a: Kommo-o|def|1\n|-boost|p1a: Kommo-o|spa|1\n|-boost|p1a: Kommo-o|spd|1\n|-boost|p1a: Kommo-o|spe|1\n|-damage|p1a: Kommo-o|55\/100\n|move|p2a: Jirachi|Stealth Rock|p1a: Kommo-o\n|-sidestart|p1: yung_iznamakin|move: Stealth Rock\n|\n|-heal|p2a: Jirachi|90\/100|[from] item: Leftovers\n|upkeep\n|turn|16\n|\n|t:|1654713718\n|move|p1a: Kommo-o|Focus Blast|p2a: Jirachi\n|-damage|p2a: Jirachi|20\/100\n|move|p2a: Jirachi|Iron Head|p1a: Kommo-o\n|-damage|p1a: Kommo-o|37\/100\n|\n|-heal|p2a: Jirachi|27\/100|[from] item: Leftovers\n|upkeep\n|turn|17\n|\n|t:|1654713721\n|move|p2a: Jirachi|Protect|p2a: Jirachi\n|-singleturn|p2a: Jirachi|Protect\n|move|p1a: Kommo-o|Focus Blast|p2a: Jirachi\n|-activate|p2a: Jirachi|move: Protect\n|\n|-heal|p2a: Jirachi|33\/100|[from] item: Leftovers\n|upkeep\n|turn|18\n|\n|t:|1654713723\n|move|p1a: Kommo-o|Focus Blast|p2a: Jirachi|[miss]\n|-miss|p1a: Kommo-o|p2a: Jirachi\n|move|p2a: Jirachi|Iron Head|p1a: Kommo-o\n|-damage|p1a: Kommo-o|20\/100\n|\n|-heal|p2a: Jirachi|39\/100|[from] item: Leftovers\n|upkeep\n|turn|19\n|\n|t:|1654713726\n|move|p2a: Jirachi|Protect|p2a: Jirachi\n|-singleturn|p2a: Jirachi|Protect\n|move|p1a: Kommo-o|Focus Blast|p2a: Jirachi\n|-activate|p2a: Jirachi|move: Protect\n|\n|-heal|p2a: Jirachi|45\/100|[from] item: Leftovers\n|upkeep\n|turn|20\n|\n|t:|1654713728\n|move|p1a: Kommo-o|Focus Blast|p2a: Jirachi|[miss]\n|-miss|p1a: Kommo-o|p2a: Jirachi\n|move|p2a: Jirachi|Iron Head|p1a: Kommo-o\n|-damage|p1a: Kommo-o|2\/100\n|\n|-heal|p2a: Jirachi|51\/100|[from] item: Leftovers\n|upkeep\n|turn|21\n|\n|t:|1654713732\n|move|p2a: Jirachi|Protect|p2a: Jirachi\n|-singleturn|p2a: Jirachi|Protect\n|move|p1a: Kommo-o|Focus Blast|p2a: Jirachi\n|-activate|p2a: Jirachi|move: Protect\n|\n|-heal|p2a: Jirachi|58\/100|[from] item: Leftovers\n|upkeep\n|turn|22\n|\n|t:|1654713734\n|move|p1a: Kommo-o|Focus Blast|p2a: Jirachi|[miss]\n|-miss|p1a: Kommo-o|p2a: Jirachi\n|move|p2a: Jirachi|Iron Head|p1a: Kommo-o\n|-damage|p1a: Kommo-o|0 fnt\n|faint|p1a: Kommo-o\n|\n|-heal|p2a: Jirachi|64\/100|[from] item: Leftovers\n|upkeep\n|c|\u2606yung_iznamakin|lol\n|j| placement12\n|c|\u2606yung_iznamakin|gg\n|c|\u2606Ndlt3hpu=RL losers|Gg\n|c|\u2606yung_iznamakin|well played\n|-message|yung_iznamakin forfeited.\n|\n|win|Ndlt3hpu=RL losers\n|raw|yung_iznamakin's rating: 1634 &rarr; <strong>1623<\/strong><br \/>(-11 for losing)\n|raw|Ndlt3hpu=RL losers's rating: 1811 &rarr; <strong>1822<\/strong><br \/>(+11 for winning)\n|c|\u2606Ndlt3hpu=RL losers|Indeed\n","uploadtime":1654713760,"views":16,"p1id":"yungiznamakin","p2id":"ndlt3hpurllosers","formatid":"gen8nationaldex","rating":1623,"private":0,"password":null}