{"id":"gen8ou-1649388680","p1":"hypervortexreturns","p2":"bramitoboy","format":"gen8ou","log":"|j|\u203dhypervortexreturns\n|j|\u2606bramitoboy\n|t:|1661589773\n|gametype|singles\n|player|p1|hypervortexreturns|169|1750\n|player|p2|bramitoboy|265|1863\n|teamsize|p1|6\n|teamsize|p2|6\n|gen|8\n|tier|[Gen 8] OU\n|rated|\n|rule|Sleep Clause Mod: Limit one foe put to sleep\n|rule|Species Clause: Limit one of each Pok\u00e9mon\n|rule|OHKO Clause: OHKO moves are banned\n|rule|Evasion Items Clause: Evasion items are banned\n|rule|Evasion Moves Clause: Evasion moves are banned\n|rule|Endless Battle Clause: Forcing endless battles is banned\n|rule|HP Percentage Mod: HP is shown in percentages\n|rule|Dynamax Clause: You cannot dynamax\n|clearpoke\n|poke|p1|Hydreigon, F|\n|poke|p1|Zapdos|\n|poke|p1|Tangrowth, F|\n|poke|p1|Corviknight, M|\n|poke|p1|Excadrill, M|\n|poke|p1|Azumarill, F|\n|poke|p2|Zarude-Dada|\n|poke|p2|Keldeo-Resolute|\n|poke|p2|Tapu Lele|\n|poke|p2|Tapu Koko|\n|poke|p2|Heatran, F|\n|poke|p2|Landorus-Therian, M|\n|teampreview\n|inactive|Battle timer is ON: inactive players will automatically lose when time's up. (requested by bramitoboy)\n|\n|t:|1661589787\n|start\n|switch|p1a: Excadrill|Excadrill, M|100\/100\n|switch|p2a: Landorus|Landorus-Therian, M|100\/100\n|-ability|p1a: Excadrill|Mold Breaker\n|-ability|p2a: Landorus|Intimidate|boost\n|-unboost|p1a: Excadrill|atk|1\n|turn|1\n|\n|t:|1661589804\n|switch|p1a: Tangrowth|Tangrowth, F|100\/100\n|move|p2a: Landorus|Knock Off|p1a: Tangrowth\n|-damage|p1a: Tangrowth|82\/100\n|-damage|p2a: Landorus|84\/100|[from] item: Rocky Helmet|[of] p1a: Tangrowth\n|-enditem|p1a: Tangrowth|Rocky Helmet|[from] move: Knock Off|[of] p2a: Landorus\n|\n|upkeep\n|turn|2\n|\n|t:|1661589818\n|switch|p2a: Zarude|Zarude-Dada|100\/100\n|move|p1a: Tangrowth|Power Whip|p2a: Zarude\n|-resisted|p2a: Zarude\n|-damage|p2a: Zarude|83\/100\n|\n|upkeep\n|turn|3\n|\n|t:|1661589827\n|switch|p2a: Tapu Lele|Tapu Lele|100\/100\n|-fieldstart|move: Psychic Terrain|[from] ability: Psychic Surge|[of] p2a: Tapu Lele\n|move|p1a: Tangrowth|Knock Off|p2a: Tapu Lele\n|-damage|p2a: Tapu Lele|66\/100\n|-enditem|p2a: Tapu Lele|Assault Vest|[from] move: Knock Off|[of] p1a: Tangrowth\n|\n|upkeep\n|turn|4\n|inactive|hypervortexreturns has 120 seconds left.\n|\n|t:|1661589863\n|switch|p1a: Excadrill|Excadrill, M|100\/100\n|-ability|p1a: Excadrill|Mold Breaker\n|move|p2a: Tapu Lele|Focus Blast|p1a: Excadrill\n|-supereffective|p1a: Excadrill\n|-damage|p1a: Excadrill|0 fnt\n|faint|p1a: Excadrill\n|\n|upkeep\n|inactive|hypervortexreturns has 90 seconds left.\n|\n|t:|1661589897\n|switch|p1a: Azumarill|Azumarill, F|100\/100\n|turn|5\n|\n|t:|1661589906\n|switch|p2a: Landorus|Landorus-Therian, M|84\/100\n|-ability|p2a: Landorus|Intimidate|boost\n|-unboost|p1a: Azumarill|atk|1\n|move|p1a: Azumarill|Play Rough|p2a: Landorus\n|-damage|p2a: Landorus|53\/100\n|-damage|p1a: Azumarill|84\/100|[from] item: Rocky Helmet|[of] p2a: Landorus\n|\n|upkeep\n|turn|6\n|inactive|hypervortexreturns has 90 seconds left.\n|\n|t:|1661589938\n|switch|p2a: Zarude|Zarude-Dada|83\/100\n|move|p1a: Azumarill|Knock Off|p2a: Zarude\n|-resisted|p2a: Zarude\n|-damage|p2a: Zarude|70\/100\n|-enditem|p2a: Zarude|Life Orb|[from] move: Knock Off|[of] p1a: Azumarill\n|\n|upkeep\n|turn|7\n|\n|t:|1661589957\n|switch|p2a: Heatran|Heatran, F|100\/100\n|-item|p2a: Heatran|Air Balloon\n|switch|p1a: Zapdos|Zapdos|100\/100\n|\n|-fieldend|move: Psychic Terrain\n|upkeep\n|turn|8\n|\n|t:|1661589976\n|switch|p1a: Azumarill|Azumarill, F|84\/100\n|move|p2a: Heatran|Stealth Rock|p1a: Azumarill\n|-sidestart|p1: hypervortexreturns|move: Stealth Rock\n|\n|upkeep\n|turn|9\n|\n|t:|1661589988\n|switch|p2a: Zarude|Zarude-Dada|70\/100\n|move|p1a: Azumarill|Play Rough|p2a: Zarude\n|-supereffective|p2a: Zarude\n|-damage|p2a: Zarude|0 fnt\n|faint|p2a: Zarude\n|\n|upkeep\n|\n|t:|1661589995\n|switch|p2a: Tapu Koko|Tapu Koko|100\/100\n|-fieldstart|move: Electric Terrain|[from] ability: Electric Surge|[of] p2a: Tapu Koko\n|turn|10\n|\n|t:|1661590011\n|switch|p1a: Tangrowth|Tangrowth, F|100\/100\n|-damage|p1a: Tangrowth|88\/100|[from] Stealth Rock\n|move|p2a: Tapu Koko|Volt Switch|p1a: Tangrowth\n|-resisted|p1a: Tangrowth\n|-damage|p1a: Tangrowth|57\/100\n|\n|t:|1661590016\n|switch|p2a: Tapu Lele|Tapu Lele|66\/100|[from]move: Volt Switch\n|-fieldstart|move: Psychic Terrain|[from] ability: Psychic Surge|[of] p2a: Tapu Lele\n|\n|upkeep\n|turn|11\n|\n|t:|1661590037\n|switch|p1a: Corviknight|Corviknight, M|100\/100\n|-damage|p1a: Corviknight|88\/100|[from] Stealth Rock\n|-ability|p1a: Corviknight|Pressure\n|move|p2a: Tapu Lele|Moonblast|p1a: Corviknight\n|-resisted|p1a: Corviknight\n|-damage|p1a: Corviknight|70\/100\n|-unboost|p1a: Corviknight|spa|1\n|\n|-heal|p1a: Corviknight|77\/100|[from] item: Leftovers\n|upkeep\n|turn|12\n|\n|t:|1661590051\n|move|p2a: Tapu Lele|Thunderbolt|p1a: Corviknight\n|-supereffective|p1a: Corviknight\n|-damage|p1a: Corviknight|28\/100\n|move|p1a: Corviknight|Roost|p1a: Corviknight\n|-heal|p1a: Corviknight|78\/100\n|-singleturn|p1a: Corviknight|move: Roost\n|\n|-heal|p1a: Corviknight|84\/100|[from] item: Leftovers\n|upkeep\n|turn|13\n|\n|t:|1661590062\n|switch|p2a: Tapu Koko|Tapu Koko|100\/100\n|-fieldstart|move: Electric Terrain|[from] ability: Electric Surge|[of] p2a: Tapu Koko\n|move|p1a: Corviknight|Brave Bird|p2a: Tapu Koko\n|-resisted|p2a: Tapu Koko\n|-damage|p2a: Tapu Koko|75\/100\n|-damage|p1a: Corviknight|79\/100|[from] Recoil\n|\n|-heal|p1a: Corviknight|85\/100|[from] item: Leftovers\n|upkeep\n|turn|14\n|inactive|hypervortexreturns has 60 seconds left.\n|\n|t:|1661590082\n|switch|p1a: Tangrowth|Tangrowth, F|90\/100\n|-damage|p1a: Tangrowth|78\/100|[from] Stealth Rock\n|move|p2a: Tapu Koko|Volt Switch|p1a: Tangrowth\n|-resisted|p1a: Tangrowth\n|-damage|p1a: Tangrowth|46\/100\n|\n|t:|1661590096\n|switch|p2a: Tapu Lele|Tapu Lele|66\/100|[from]move: Volt Switch\n|-fieldstart|move: Psychic Terrain|[from] ability: Psychic Surge|[of] p2a: Tapu Lele\n|\n|upkeep\n|turn|15\n|inactive|hypervortexreturns has 60 seconds left.\n|\n|t:|1661590119\n|switch|p1a: Corviknight|Corviknight, M|85\/100\n|-damage|p1a: Corviknight|72\/100|[from] Stealth Rock\n|-ability|p1a: Corviknight|Pressure\n|move|p2a: Tapu Lele|Moonblast|p1a: Corviknight\n|-resisted|p1a: Corviknight\n|-damage|p1a: Corviknight|53\/100\n|\n|-heal|p1a: Corviknight|59\/100|[from] item: Leftovers\n|upkeep\n|turn|16\n|inactive|hypervortexreturns has 60 seconds left.\n|\n|t:|1661590131\n|switch|p2a: Tapu Koko|Tapu Koko|75\/100\n|-fieldstart|move: Electric Terrain|[from] ability: Electric Surge|[of] p2a: Tapu Koko\n|move|p1a: Corviknight|Roost|p1a: Corviknight\n|-heal|p1a: Corviknight|100\/100\n|-singleturn|p1a: Corviknight|move: Roost\n|\n|upkeep\n|turn|17\n|inactive|hypervortexreturns has 60 seconds left.\n|\n|t:|1661590145\n|move|p2a: Tapu Koko|Thunderbolt|p1a: Corviknight\n|-supereffective|p1a: Corviknight\n|-damage|p1a: Corviknight|23\/100\n|-status|p1a: Corviknight|par\n|cant|p1a: Corviknight|par\n|\n|-heal|p1a: Corviknight|30\/100 par|[from] item: Leftovers\n|upkeep\n|turn|18\n|inactive|hypervortexreturns has 60 seconds left.\n|\n|t:|1661590157\n|switch|p1a: Hydreigon|Hydreigon, F|100\/100\n|-damage|p1a: Hydreigon|88\/100|[from] Stealth Rock\n|move|p2a: Tapu Koko|Thunderbolt|p1a: Hydreigon\n|-resisted|p1a: Hydreigon\n|-damage|p1a: Hydreigon|62\/100\n|\n|-heal|p1a: Hydreigon|68\/100|[from] item: Leftovers\n|upkeep\n|turn|19\n|j| Bowensonfire\n|inactive|hypervortexreturns has 60 seconds left.\n|l| Bowensonfire\n|\n|t:|1661590169\n|switch|p2a: Keldeo|Keldeo-Resolute|100\/100\n|switch|p1a: Azumarill|Azumarill, F|84\/100\n|-damage|p1a: Azumarill|72\/100|[from] Stealth Rock\n|\n|upkeep\n|turn|20\n|inactive|hypervortexreturns has 60 seconds left.\n|\n|t:|1661590182\n|switch|p2a: Landorus|Landorus-Therian, M|53\/100\n|-ability|p2a: Landorus|Intimidate|boost\n|-unboost|p1a: Azumarill|atk|1\n|move|p1a: Azumarill|Play Rough|p2a: Landorus\n|-crit|p2a: Landorus\n|-damage|p2a: Landorus|0 fnt\n|-damage|p1a: Azumarill|55\/100|[from] item: Rocky Helmet|[of] p2a: Landorus\n|faint|p2a: Landorus\n|\n|-fieldend|move: Electric Terrain\n|upkeep\n|\n|t:|1661590192\n|switch|p2a: Tapu Lele|Tapu Lele|66\/100\n|-fieldstart|move: Psychic Terrain|[from] ability: Psychic Surge|[of] p2a: Tapu Lele\n|turn|21\n|\n|t:|1661590205\n|switch|p1a: Corviknight|Corviknight, M|30\/100 par\n|-damage|p1a: Corviknight|17\/100 par|[from] Stealth Rock\n|-ability|p1a: Corviknight|Pressure\n|move|p2a: Tapu Lele|Thunderbolt|p1a: Corviknight\n|-supereffective|p1a: Corviknight\n|-damage|p1a: Corviknight|0 fnt\n|faint|p1a: Corviknight\n|\n|upkeep\n|inactive|hypervortexreturns has 60 seconds left.\n|\n|t:|1661590238\n|switch|p1a: Zapdos|Zapdos|100\/100\n|turn|22\n|j| ripreckful\n|\n|t:|1661590244\n|switch|p2a: Tapu Koko|Tapu Koko|75\/100\n|-fieldstart|move: Electric Terrain|[from] ability: Electric Surge|[of] p2a: Tapu Koko\n|move|p1a: Zapdos|Discharge|p2a: Tapu Koko\n|-resisted|p2a: Tapu Koko\n|-damage|p2a: Tapu Koko|52\/100\n|\n|upkeep\n|turn|23\n|\n|t:|1661590257\n|move|p2a: Tapu Koko|Toxic|p1a: Zapdos|[miss]\n|-miss|p2a: Tapu Koko|p1a: Zapdos\n|move|p1a: Zapdos|Roost||[still]\n|-fail|p1a: Zapdos|heal\n|\n|upkeep\n|turn|24\n|\n|t:|1661590269\n|switch|p2a: Tapu Lele|Tapu Lele|66\/100\n|-fieldstart|move: Psychic Terrain|[from] ability: Psychic Surge|[of] p2a: Tapu Lele\n|switch|p1a: Azumarill|Azumarill, F|55\/100\n|-damage|p1a: Azumarill|43\/100|[from] Stealth Rock\n|-enditem|p1a: Azumarill|Sitrus Berry|[eat]\n|-heal|p1a: Azumarill|67\/100|[from] item: Sitrus Berry\n|\n|upkeep\n|turn|25\n|j| baila como el tapu\n|inactive|hypervortexreturns has 30 seconds left.\n|inactive|hypervortexreturns has 20 seconds left.\n|inactive|hypervortexreturns has 15 seconds left.\n|\n|t:|1661590318\n|switch|p1a: Zapdos|Zapdos|100\/100\n|move|p2a: Tapu Lele|Thunderbolt|p1a: Zapdos\n|-damage|p1a: Zapdos|68\/100\n|\n|upkeep\n|turn|26\n|inactive|hypervortexreturns has 25 seconds left this turn.\n|inactive|hypervortexreturns has 20 seconds left.\n|\n|t:|1661590326\n|move|p1a: Zapdos|Discharge|p2a: Tapu Lele\n|-damage|p2a: Tapu Lele|29\/100\n|-status|p2a: Tapu Lele|par\n|move|p2a: Tapu Lele|Psyshock|p1a: Zapdos\n|-damage|p1a: Zapdos|4\/100\n|\n|upkeep\n|turn|27\n|inactive|hypervortexreturns has 30 seconds left this turn.\n|inactive|hypervortexreturns has 20 seconds left.\n|\n|t:|1661590341\n|switch|p2a: Tapu Koko|Tapu Koko|52\/100\n|-fieldstart|move: Electric Terrain|[from] ability: Electric Surge|[of] p2a: Tapu Koko\n|move|p1a: Zapdos|Roost|p1a: Zapdos\n|-heal|p1a: Zapdos|54\/100\n|-singleturn|p1a: Zapdos|move: Roost\n|\n|upkeep\n|turn|28\n|inactive|hypervortexreturns has 30 seconds left this turn.\n|inactive|hypervortexreturns has 20 seconds left.\n|inactive|hypervortexreturns has 15 seconds left.\n|inactive|hypervortexreturns has 10 seconds left.\n|l| ripreckful\n|\n|t:|1661590365\n|switch|p1a: Hydreigon|Hydreigon, F|68\/100\n|-damage|p1a: Hydreigon|55\/100|[from] Stealth Rock\n|move|p2a: Tapu Koko|Volt Switch|p1a: Hydreigon\n|-resisted|p1a: Hydreigon\n|-crit|p1a: Hydreigon\n|-damage|p1a: Hydreigon|23\/100\n|inactive|hypervortexreturns has 15 seconds left this turn.\n|\n|t:|1661590371\n|switch|p2a: Keldeo|Keldeo-Resolute|100\/100|[from]move: Volt Switch\n|\n|-heal|p1a: Hydreigon|30\/100|[from] item: Leftovers\n|upkeep\n|turn|29\n|inactive|hypervortexreturns has 25 seconds left this turn.\n|inactive|hypervortexreturns has 20 seconds left.\n|\n|t:|1661590380\n|switch|p1a: Tangrowth|Tangrowth, F|79\/100\n|-damage|p1a: Tangrowth|67\/100|[from] Stealth Rock\n|move|p2a: Keldeo|Secret Sword|p1a: Tangrowth\n|-damage|p1a: Tangrowth|44\/100\n|\n|upkeep\n|turn|30\n|inactive|hypervortexreturns has 30 seconds left this turn.\n|inactive|hypervortexreturns has 20 seconds left.\n|\n|t:|1661590392\n|move|p2a: Keldeo|Substitute|p2a: Keldeo\n|-start|p2a: Keldeo|Substitute\n|-damage|p2a: Keldeo|75\/100\n|move|p1a: Tangrowth|Power Whip|p2a: Keldeo\n|-supereffective|p2a: Keldeo\n|-end|p2a: Keldeo|Substitute\n|\n|-heal|p2a: Keldeo|82\/100|[from] item: Leftovers\n|upkeep\n|turn|31\n|inactive|hypervortexreturns has 30 seconds left this turn.\n|\n|t:|1661590402\n|switch|p2a: Heatran|Heatran, F|100\/100\n|-item|p2a: Heatran|Air Balloon\n|move|p1a: Tangrowth|Power Whip|p2a: Heatran\n|-resisted|p2a: Heatran\n|-damage|p2a: Heatran|92\/100\n|-enditem|p2a: Heatran|Air Balloon\n|\n|-fieldend|move: Electric Terrain\n|upkeep\n|turn|32\n|inactive|hypervortexreturns has 30 seconds left.\n|\n|t:|1661590415\n|switch|p1a: Azumarill|Azumarill, F|67\/100\n|-damage|p1a: Azumarill|55\/100|[from] Stealth Rock\n|move|p2a: Heatran|Magma Storm|p1a: Azumarill\n|-resisted|p1a: Azumarill\n|-damage|p1a: Azumarill|22\/100\n|-activate|p1a: Azumarill|move: Magma Storm|[of] p2a: Heatran\n|\n|-damage|p1a: Azumarill|10\/100|[from] move: Magma Storm|[partiallytrapped]\n|upkeep\n|turn|33\n|inactive|hypervortexreturns has 30 seconds left.\n|\n|t:|1661590426\n|switch|p2a: Tapu Lele|Tapu Lele|29\/100 par\n|-fieldstart|move: Psychic Terrain|[from] ability: Psychic Surge|[of] p2a: Tapu Lele\n|move|p1a: Azumarill|Aqua Jet|p2a: Tapu Lele\n|-activate|p2a: Tapu Lele|move: Psychic Terrain\n|\n|-end|p1a: Azumarill|Magma Storm|[partiallytrapped]|[silent]\n|upkeep\n|turn|34\n|inactive|hypervortexreturns has 30 seconds left.\n|\n|t:|1661590436\n|move|p1a: Azumarill|Knock Off|p2a: Tapu Lele\n|-damage|p2a: Tapu Lele|0 fnt\n|faint|p2a: Tapu Lele\n|\n|upkeep\n|\n|t:|1661590444\n|switch|p2a: Keldeo|Keldeo-Resolute|82\/100\n|turn|35\n|\n|t:|1661590449\n|move|p2a: Keldeo|Scald|p1a: Azumarill\n|-resisted|p1a: Azumarill\n|-damage|p1a: Azumarill|0 fnt\n|faint|p1a: Azumarill\n|\n|-heal|p2a: Keldeo|88\/100|[from] item: Leftovers\n|upkeep\n|\n|t:|1661590457\n|switch|p1a: Zapdos|Zapdos|54\/100\n|turn|36\n|\n|t:|1661590464\n|switch|p2a: Tapu Koko|Tapu Koko|52\/100\n|-fieldstart|move: Electric Terrain|[from] ability: Electric Surge|[of] p2a: Tapu Koko\n|move|p1a: Zapdos|Discharge|p2a: Tapu Koko\n|-resisted|p2a: Tapu Koko\n|-damage|p2a: Tapu Koko|25\/100\n|\n|upkeep\n|turn|37\n|inactive|hypervortexreturns has 60 seconds left.\n|\n|t:|1661590484\n|move|p2a: Tapu Koko|Thunderbolt|p1a: Zapdos\n|-damage|p1a: Zapdos|0 fnt\n|faint|p1a: Zapdos\n|\n|upkeep\n|\n|t:|1661590491\n|switch|p1a: Tangrowth|Tangrowth, F|77\/100\n|-damage|p1a: Tangrowth|64\/100|[from] Stealth Rock\n|turn|38\n|\n|t:|1661590509\n|move|p2a: Tapu Koko|Thunderbolt|p1a: Tangrowth\n|-resisted|p1a: Tangrowth\n|-damage|p1a: Tangrowth|24\/100\n|move|p1a: Tangrowth|Power Whip|p2a: Tapu Koko\n|-damage|p2a: Tapu Koko|0 fnt\n|faint|p2a: Tapu Koko\n|\n|upkeep\n|\n|t:|1661590516\n|switch|p2a: Keldeo|Keldeo-Resolute|88\/100\n|turn|39\n|\n|t:|1661590520\n|move|p2a: Keldeo|Substitute|p2a: Keldeo\n|-start|p2a: Keldeo|Substitute\n|-damage|p2a: Keldeo|63\/100\n|move|p1a: Tangrowth|Power Whip|p2a: Keldeo\n|-supereffective|p2a: Keldeo\n|-end|p2a: Keldeo|Substitute\n|\n|-heal|p2a: Keldeo|69\/100|[from] item: Leftovers\n|upkeep\n|turn|40\n|inactive|hypervortexreturns has 60 seconds left.\n|\n|t:|1661590530\n|move|p2a: Keldeo|Scald|p1a: Tangrowth\n|-resisted|p1a: Tangrowth\n|-damage|p1a: Tangrowth|0 fnt\n|faint|p1a: Tangrowth\n|\n|-heal|p2a: Keldeo|75\/100|[from] item: Leftovers\n|-fieldend|move: Electric Terrain\n|upkeep\n|inactive|hypervortexreturns has 60 seconds left.\n|-message|hypervortexreturns forfeited.\n|\n|win|bramitoboy\n|raw|hypervortexreturns's rating: 1750 &rarr; <strong>1736<\/strong><br \/>(-14 for losing)\n|raw|bramitoboy's rating: 1863 &rarr; <strong>1877<\/strong><br \/>(+14 for winning)\n|l|\u203dhypervortexreturns\n","uploadtime":1661590546,"views":100,"p1id":"hypervortexreturns","p2id":"bramitoboy","formatid":"gen8ou","rating":1736,"private":0,"password":null}