{"id":"gen8ou-1638148162","p1":"Adel19","p2":"Stads","format":"gen8ou","log":"|j|\u2606Adel19\n|j|\u2606Stads\n|t:|1660320459\n|gametype|singles\n|player|p1|Adel19|169|1785\n|player|p2|Stads|266|1820\n|teamsize|p1|6\n|teamsize|p2|6\n|gen|8\n|tier|[Gen 8] OU\n|rated|\n|rule|Sleep Clause Mod: Limit one foe put to sleep\n|rule|Species Clause: Limit one of each Pok\u00e9mon\n|rule|OHKO Clause: OHKO moves are banned\n|rule|Evasion Items Clause: Evasion items are banned\n|rule|Evasion Moves Clause: Evasion moves are banned\n|rule|Endless Battle Clause: Forcing endless battles is banned\n|rule|HP Percentage Mod: HP is shown in percentages\n|rule|Dynamax Clause: You cannot dynamax\n|clearpoke\n|poke|p1|Landorus-Therian, M|\n|poke|p1|Zeraora|\n|poke|p1|Kartana|\n|poke|p1|Tapu Fini|\n|poke|p1|Blissey, F|\n|poke|p1|Zapdos|\n|poke|p2|Tornadus-Therian, M|\n|poke|p2|Corviknight, M|\n|poke|p2|Kartana|\n|poke|p2|Toxapex, F|\n|poke|p2|Hippowdon, F|\n|poke|p2|Heatran, M|\n|teampreview\n|\n|t:|1660320472\n|start\n|switch|p1a: Landorus|Landorus-Therian, M|100\/100\n|switch|p2a: Tornadus|Tornadus-Therian, M|100\/100\n|-ability|p1a: Landorus|Intimidate|boost\n|-unboost|p2a: Tornadus|atk|1\n|turn|1\n|\n|t:|1660320477\n|move|p2a: Tornadus|Knock Off|p1a: Landorus\n|-damage|p1a: Landorus|83\/100\n|-enditem|p1a: Landorus|Soft Sand|[from] move: Knock Off|[of] p2a: Tornadus\n|move|p1a: Landorus|Swords Dance|p1a: Landorus\n|-boost|p1a: Landorus|atk|2\n|\n|upkeep\n|turn|2\n|inactive|Battle timer is ON: inactive players will automatically lose when time's up. (requested by Stads)\n|\n|t:|1660320481\n|move|p2a: Tornadus|Hurricane|p1a: Landorus|[miss]\n|-miss|p2a: Tornadus|p1a: Landorus\n|move|p1a: Landorus|Rock Polish|p1a: Landorus\n|-boost|p1a: Landorus|spe|2\n|\n|upkeep\n|turn|3\n|\n|t:|1660320484\n|switch|p2a: Corviknight|Corviknight, M|100\/100\n|-ability|p2a: Corviknight|Pressure\n|move|p1a: Landorus|Stone Edge|p2a: Corviknight|[miss]\n|-miss|p1a: Landorus|p2a: Corviknight\n|\n|upkeep\n|turn|4\n|j| Ninjack21\n|\n|t:|1660320489\n|move|p1a: Landorus|Swords Dance|p1a: Landorus\n|-boost|p1a: Landorus|atk|2\n|move|p2a: Corviknight|Body Press|p1a: Landorus\n|-resisted|p1a: Landorus\n|-damage|p1a: Landorus|70\/100\n|\n|upkeep\n|turn|5\n|\n|t:|1660320496\n|move|p1a: Landorus|Stone Edge|p2a: Corviknight\n|-damage|p2a: Corviknight|24\/100\n|move|p2a: Corviknight|Body Press|p1a: Landorus\n|-resisted|p1a: Landorus\n|-damage|p1a: Landorus|56\/100\n|\n|-heal|p2a: Corviknight|31\/100|[from] item: Leftovers\n|upkeep\n|turn|6\n|\n|t:|1660320501\n|move|p1a: Landorus|Earthquake|p2a: Corviknight\n|-immune|p2a: Corviknight\n|move|p2a: Corviknight|Roost|p2a: Corviknight\n|-heal|p2a: Corviknight|81\/100\n|-singleturn|p2a: Corviknight|move: Roost\n|\n|-heal|p2a: Corviknight|87\/100|[from] item: Leftovers\n|upkeep\n|turn|7\n|\n|t:|1660320505\n|move|p1a: Landorus|Stone Edge|p2a: Corviknight\n|-damage|p2a: Corviknight|4\/100\n|move|p2a: Corviknight|Roost|p2a: Corviknight\n|-heal|p2a: Corviknight|54\/100\n|-singleturn|p2a: Corviknight|move: Roost\n|\n|-heal|p2a: Corviknight|60\/100|[from] item: Leftovers\n|upkeep\n|turn|8\n|\n|t:|1660320508\n|move|p1a: Landorus|Earthquake|p2a: Corviknight\n|-immune|p2a: Corviknight\n|move|p2a: Corviknight|Roost|p2a: Corviknight\n|-heal|p2a: Corviknight|100\/100\n|-singleturn|p2a: Corviknight|move: Roost\n|\n|upkeep\n|turn|9\n|\n|t:|1660320511\n|switch|p1a: Tapu Fini|Tapu Fini|100\/100\n|-fieldstart|move: Misty Terrain|[from] ability: Misty Surge|[of] p1a: Tapu Fini\n|move|p2a: Corviknight|Body Press|p1a: Tapu Fini\n|-resisted|p1a: Tapu Fini\n|-damage|p1a: Tapu Fini|91\/100\n|\n|-heal|p1a: Tapu Fini|97\/100|[from] item: Leftovers\n|upkeep\n|turn|10\n|\n|t:|1660320514\n|move|p1a: Tapu Fini|Calm Mind|p1a: Tapu Fini\n|-boost|p1a: Tapu Fini|spa|1\n|-boost|p1a: Tapu Fini|spd|1\n|move|p2a: Corviknight|U-turn|p1a: Tapu Fini\n|-resisted|p1a: Tapu Fini\n|-damage|p1a: Tapu Fini|92\/100\n|\n|t:|1660320516\n|switch|p2a: Toxapex|Toxapex, F|100\/100|[from]move: U-turn\n|\n|-heal|p1a: Tapu Fini|98\/100|[from] item: Leftovers\n|upkeep\n|turn|11\n|\n|t:|1660320519\n|move|p1a: Tapu Fini|Calm Mind|p1a: Tapu Fini\n|-boost|p1a: Tapu Fini|spa|1\n|-boost|p1a: Tapu Fini|spd|1\n|move|p2a: Toxapex|Knock Off|p1a: Tapu Fini\n|-resisted|p1a: Tapu Fini\n|-damage|p1a: Tapu Fini|94\/100\n|-enditem|p1a: Tapu Fini|Leftovers|[from] move: Knock Off|[of] p2a: Toxapex\n|\n|upkeep\n|turn|12\n|\n|t:|1660320521\n|move|p1a: Tapu Fini|Taunt|p2a: Toxapex\n|-start|p2a: Toxapex|move: Taunt\n|cant|p2a: Toxapex|move: Taunt|Haze\n|\n|upkeep\n|turn|13\n|\n|t:|1660320523\n|switch|p2a: Kartana|Kartana|100\/100\n|move|p1a: Tapu Fini|Moonblast|p2a: Kartana\n|-resisted|p2a: Kartana\n|-damage|p2a: Kartana|0 fnt\n|faint|p2a: Kartana\n|\n|-fieldend|Misty Terrain\n|upkeep\n|\n|t:|1660320526\n|switch|p2a: Hippowdon|Hippowdon, F|100\/100\n|-weather|Sandstorm|[from] ability: Sand Stream|[of] p2a: Hippowdon\n|turn|14\n|\n|t:|1660320533\n|switch|p2a: Toxapex|Toxapex, F|100\/100\n|move|p1a: Tapu Fini|Surf|p2a: Toxapex\n|-resisted|p2a: Toxapex\n|-damage|p2a: Toxapex|72\/100\n|\n|-weather|Sandstorm|[upkeep]\n|-damage|p1a: Tapu Fini|87\/100|[from] Sandstorm\n|-damage|p2a: Toxapex|66\/100|[from] Sandstorm\n|upkeep\n|turn|15\n|\n|t:|1660320536\n|switch|p2a: Heatran|Heatran, M|100\/100\n|move|p1a: Tapu Fini|Taunt|p2a: Heatran\n|-start|p2a: Heatran|move: Taunt\n|\n|-weather|Sandstorm|[upkeep]\n|-damage|p1a: Tapu Fini|81\/100|[from] Sandstorm\n|upkeep\n|turn|16\n|j| Ragnnis\n|\n|t:|1660320538\n|switch|p2a: Toxapex|Toxapex, F|99\/100\n|move|p1a: Tapu Fini|Surf|p2a: Toxapex\n|-resisted|p2a: Toxapex\n|-damage|p2a: Toxapex|70\/100\n|\n|-weather|Sandstorm|[upkeep]\n|-damage|p1a: Tapu Fini|75\/100|[from] Sandstorm\n|-damage|p2a: Toxapex|64\/100|[from] Sandstorm\n|upkeep\n|turn|17\n|j| LT92PF Silk\n|l| LT92PF Silk\n|\n|t:|1660320545\n|move|p1a: Tapu Fini|Taunt|p2a: Toxapex\n|-start|p2a: Toxapex|move: Taunt\n|move|p2a: Toxapex|Scald|p1a: Tapu Fini\n|-resisted|p1a: Tapu Fini\n|-damage|p1a: Tapu Fini|72\/100\n|-status|p1a: Tapu Fini|brn\n|\n|-weather|Sandstorm|[upkeep]\n|-damage|p1a: Tapu Fini|66\/100 brn|[from] Sandstorm\n|-damage|p2a: Toxapex|58\/100|[from] Sandstorm\n|-damage|p1a: Tapu Fini|60\/100 brn|[from] brn\n|upkeep\n|turn|18\n|j| LT92PF Silk\n|l| LT92PF Silk\n|\n|t:|1660320551\n|switch|p2a: Tornadus|Tornadus-Therian, M|100\/100\n|move|p1a: Tapu Fini|Calm Mind|p1a: Tapu Fini\n|-boost|p1a: Tapu Fini|spa|1\n|-boost|p1a: Tapu Fini|spd|1\n|\n|-weather|none\n|-damage|p1a: Tapu Fini|53\/100 brn|[from] brn\n|upkeep\n|turn|19\n|\n|t:|1660320553\n|move|p2a: Tornadus|U-turn|p1a: Tapu Fini\n|-resisted|p1a: Tapu Fini\n|-damage|p1a: Tapu Fini|49\/100 brn\n|\n|t:|1660320556\n|switch|p2a: Toxapex|Toxapex, F|91\/100|[from]move: U-turn\n|move|p1a: Tapu Fini|Moonblast|p2a: Toxapex\n|-resisted|p2a: Toxapex\n|-damage|p2a: Toxapex|54\/100\n|\n|-damage|p1a: Tapu Fini|43\/100 brn|[from] brn\n|upkeep\n|turn|20\n|\n|t:|1660320558\n|move|p1a: Tapu Fini|Taunt|p2a: Toxapex\n|-start|p2a: Toxapex|move: Taunt\n|cant|p2a: Toxapex|move: Taunt|Haze\n|\n|-damage|p1a: Tapu Fini|37\/100 brn|[from] brn\n|upkeep\n|turn|21\n|\n|t:|1660320560\n|switch|p2a: Tornadus|Tornadus-Therian, M|100\/100\n|move|p1a: Tapu Fini|Moonblast|p2a: Tornadus\n|-damage|p2a: Tornadus|25\/100\n|\n|-damage|p1a: Tapu Fini|30\/100 brn|[from] brn\n|upkeep\n|turn|22\n|\n|t:|1660320563\n|move|p2a: Tornadus|U-turn|p1a: Tapu Fini\n|-resisted|p1a: Tapu Fini\n|-damage|p1a: Tapu Fini|25\/100 brn\n|\n|t:|1660320565\n|switch|p2a: Toxapex|Toxapex, F|87\/100|[from]move: U-turn\n|move|p1a: Tapu Fini|Moonblast|p2a: Toxapex\n|-resisted|p2a: Toxapex\n|-damage|p2a: Toxapex|49\/100\n|\n|-damage|p1a: Tapu Fini|19\/100 brn|[from] brn\n|upkeep\n|turn|23\n|\n|t:|1660320569\n|move|p1a: Tapu Fini|Moonblast|p2a: Toxapex\n|-resisted|p2a: Toxapex\n|-damage|p2a: Toxapex|11\/100\n|move|p2a: Toxapex|Haze|p2a: Toxapex\n|-clearallboost\n|\n|-damage|p1a: Tapu Fini|13\/100 brn|[from] brn\n|upkeep\n|turn|24\n|\n|t:|1660320574\n|switch|p2a: Tornadus|Tornadus-Therian, M|58\/100\n|move|p1a: Tapu Fini|Taunt|p2a: Tornadus\n|-start|p2a: Tornadus|move: Taunt\n|\n|-damage|p1a: Tapu Fini|7\/100 brn|[from] brn\n|upkeep\n|turn|25\n|\n|t:|1660320576\n|move|p2a: Tornadus|U-turn|p1a: Tapu Fini\n|-resisted|p1a: Tapu Fini\n|-damage|p1a: Tapu Fini|2\/100 brn\n|\n|t:|1660320578\n|switch|p2a: Toxapex|Toxapex, F|45\/100|[from]move: U-turn\n|move|p1a: Tapu Fini|Moonblast|p2a: Toxapex\n|-resisted|p2a: Toxapex\n|-damage|p2a: Toxapex|29\/100\n|\n|-damage|p1a: Tapu Fini|0 fnt|[from] brn\n|faint|p1a: Tapu Fini\n|upkeep\n|\n|t:|1660320587\n|switch|p1a: Zeraora|Zeraora|100\/100\n|turn|26\n|\n|t:|1660320590\n|switch|p2a: Hippowdon|Hippowdon, F|100\/100\n|-weather|Sandstorm|[from] ability: Sand Stream|[of] p2a: Hippowdon\n|move|p1a: Zeraora|Knock Off|p2a: Hippowdon\n|-damage|p2a: Hippowdon|79\/100\n|-enditem|p2a: Hippowdon|Leftovers|[from] move: Knock Off|[of] p1a: Zeraora\n|\n|-weather|Sandstorm|[upkeep]\n|-damage|p1a: Zeraora|95\/100|[from] Sandstorm\n|upkeep\n|turn|27\n|\n|t:|1660320593\n|move|p1a: Zeraora|Taunt|p2a: Hippowdon\n|-start|p2a: Hippowdon|move: Taunt\n|cant|p2a: Hippowdon|move: Taunt|Stealth Rock\n|\n|-weather|Sandstorm|[upkeep]\n|-damage|p1a: Zeraora|89\/100|[from] Sandstorm\n|upkeep\n|turn|28\n|\n|t:|1660320596\n|switch|p1a: Landorus|Landorus-Therian, M|56\/100\n|-ability|p1a: Landorus|Intimidate|boost\n|-unboost|p2a: Hippowdon|atk|1\n|switch|p2a: Heatran|Heatran, M|100\/100\n|\n|-weather|Sandstorm|[upkeep]\n|upkeep\n|turn|29\n|\n|t:|1660320607\n|switch|p2a: Corviknight|Corviknight, M|100\/100\n|-ability|p2a: Corviknight|Pressure\n|move|p1a: Landorus|Swords Dance|p1a: Landorus\n|-boost|p1a: Landorus|atk|2\n|\n|-weather|Sandstorm|[upkeep]\n|upkeep\n|turn|30\n|\n|t:|1660320609\n|move|p1a: Landorus|Swords Dance|p1a: Landorus\n|-boost|p1a: Landorus|atk|2\n|move|p2a: Corviknight|Body Press|p1a: Landorus\n|-resisted|p1a: Landorus\n|-damage|p1a: Landorus|40\/100\n|\n|-weather|none\n|upkeep\n|turn|31\n|\n|t:|1660320615\n|move|p1a: Landorus|Rock Polish|p1a: Landorus\n|-boost|p1a: Landorus|spe|2\n|move|p2a: Corviknight|Body Press|p1a: Landorus\n|-resisted|p1a: Landorus\n|-damage|p1a: Landorus|26\/100\n|\n|upkeep\n|turn|32\n|\n|t:|1660320620\n|move|p1a: Landorus|Swords Dance|p1a: Landorus\n|-boost|p1a: Landorus|atk|2\n|move|p2a: Corviknight|Body Press|p1a: Landorus\n|-resisted|p1a: Landorus\n|-damage|p1a: Landorus|12\/100\n|\n|upkeep\n|turn|33\n|\n|t:|1660320625\n|move|p1a: Landorus|Stone Edge|p2a: Corviknight\n|-damage|p2a: Corviknight|0 fnt\n|faint|p2a: Corviknight\n|\n|upkeep\n|\n|t:|1660320629\n|switch|p2a: Tornadus|Tornadus-Therian, M|92\/100\n|turn|34\n|\n|t:|1660320644\n|switch|p1a: Zapdos|Zapdos|100\/100\n|move|p2a: Tornadus|Heat Wave|p1a: Zapdos\n|-damage|p1a: Zapdos|73\/100\n|\n|upkeep\n|turn|35\n|\n|t:|1660320654\n|switch|p2a: Hippowdon|Hippowdon, F|79\/100\n|-weather|Sandstorm|[from] ability: Sand Stream|[of] p2a: Hippowdon\n|move|p1a: Zapdos|Toxic|p2a: Hippowdon|[miss]\n|-miss|p1a: Zapdos|p2a: Hippowdon\n|\n|-weather|Sandstorm|[upkeep]\n|-damage|p1a: Zapdos|67\/100|[from] Sandstorm\n|upkeep\n|turn|36\n|\n|t:|1660320660\n|move|p1a: Zapdos|Volt Switch|p2a: Hippowdon\n|-immune|p2a: Hippowdon\n|move|p2a: Hippowdon|Stealth Rock|p1a: Zapdos\n|-sidestart|p1: Adel19|move: Stealth Rock\n|\n|-weather|Sandstorm|[upkeep]\n|-damage|p1a: Zapdos|61\/100|[from] Sandstorm\n|upkeep\n|turn|37\n|\n|t:|1660320662\n|move|p1a: Zapdos|Toxic|p2a: Hippowdon\n|-status|p2a: Hippowdon|tox\n|move|p2a: Hippowdon|Toxic|p1a: Zapdos\n|-status|p1a: Zapdos|tox\n|\n|-weather|Sandstorm|[upkeep]\n|-damage|p1a: Zapdos|55\/100 tox|[from] Sandstorm\n|-damage|p1a: Zapdos|48\/100 tox|[from] psn\n|-damage|p2a: Hippowdon|72\/100 tox|[from] psn\n|upkeep\n|turn|38\n|\n|t:|1660320667\n|switch|p1a: Blissey|Blissey, F|100\/100\n|switch|p2a: Heatran|Heatran, M|100\/100\n|\n|-weather|Sandstorm|[upkeep]\n|-damage|p1a: Blissey|94\/100|[from] Sandstorm\n|upkeep\n|turn|39\n|\n|t:|1660320671\n|move|p2a: Heatran|Magma Storm|p1a: Blissey\n|-crit|p1a: Blissey\n|-damage|p1a: Blissey|71\/100\n|-activate|p1a: Blissey|move: Magma Storm|[of] p2a: Heatran\n|move|p1a: Blissey|Seismic Toss|p2a: Heatran\n|-damage|p2a: Heatran|75\/100\n|\n|-weather|none\n|-heal|p2a: Heatran|81\/100|[from] item: Leftovers\n|-damage|p1a: Blissey|58\/100|[from] move: Magma Storm|[partiallytrapped]\n|upkeep\n|turn|40\n|\n|t:|1660320673\n|move|p2a: Heatran|Toxic|p1a: Blissey\n|-status|p1a: Blissey|tox\n|move|p1a: Blissey|Stealth Rock|p2a: Heatran\n|-sidestart|p2: Stads|move: Stealth Rock\n|\n|-heal|p2a: Heatran|87\/100|[from] item: Leftovers\n|-damage|p1a: Blissey|52\/100 tox|[from] psn\n|-damage|p1a: Blissey|40\/100 tox|[from] move: Magma Storm|[partiallytrapped]\n|upkeep\n|turn|41\n|j| wocaowocao\n|\n|t:|1660320676\n|move|p2a: Heatran|Taunt|p1a: Blissey\n|-start|p1a: Blissey|move: Taunt\n|move|p1a: Blissey|Seismic Toss|p2a: Heatran\n|-damage|p2a: Heatran|61\/100\n|\n|-heal|p2a: Heatran|67\/100|[from] item: Leftovers\n|-damage|p1a: Blissey|27\/100 tox|[from] psn\n|-damage|p1a: Blissey|15\/100 tox|[from] move: Magma Storm|[partiallytrapped]\n|upkeep\n|turn|42\n|\n|t:|1660320678\n|move|p2a: Heatran|Protect|p2a: Heatran\n|-singleturn|p2a: Heatran|Protect\n|move|p1a: Blissey|Seismic Toss|p2a: Heatran\n|-activate|p2a: Heatran|move: Protect\n|\n|-heal|p2a: Heatran|74\/100|[from] item: Leftovers\n|-damage|p1a: Blissey|0 fnt|[from] psn\n|faint|p1a: Blissey\n|upkeep\n|l| wocaowocao\n|\n|t:|1660320689\n|switch|p1a: Kartana|Kartana|100\/100\n|-damage|p1a: Kartana|94\/100|[from] Stealth Rock\n|turn|43\n|\n|t:|1660320694\n|move|p1a: Kartana|Swords Dance|p1a: Kartana\n|-boost|p1a: Kartana|atk|2\n|move|p2a: Heatran|Magma Storm|p1a: Kartana\n|-supereffective|p1a: Kartana\n|-damage|p1a: Kartana|0 fnt\n|faint|p1a: Kartana\n|\n|-heal|p2a: Heatran|80\/100|[from] item: Leftovers\n|upkeep\n|\n|t:|1660320697\n|switch|p1a: Zeraora|Zeraora|89\/100\n|turn|44\n|j| wocaowocao\n|\n|t:|1660320700\n|move|p1a: Zeraora|Knock Off|p2a: Heatran\n|-damage|p2a: Heatran|52\/100\n|-enditem|p2a: Heatran|Leftovers|[from] move: Knock Off|[of] p1a: Zeraora\n|move|p2a: Heatran|Toxic|p1a: Zeraora\n|-status|p1a: Zeraora|tox\n|\n|-damage|p1a: Zeraora|83\/100 tox|[from] psn\n|upkeep\n|turn|45\n|l| wocaowocao\n|\n|t:|1660320705\n|switch|p1a: Landorus|Landorus-Therian, M|12\/100\n|-damage|p1a: Landorus|0 fnt|[from] Stealth Rock\n|faint|p1a: Landorus\n|move|p2a: Heatran|Magma Storm|p1: Landorus|[notarget]\n|-fail|p2a: Heatran\n|\n|upkeep\n|-message|Adel19 forfeited.\n|\n|win|Stads\n|raw|Adel19's rating: 1785 &rarr; <strong>1767<\/strong><br \/>(-18 for losing)\n|raw|Stads's rating: 1820 &rarr; <strong>1838<\/strong><br \/>(+18 for winning)\n|l|\u2606Adel19\n|l|\u2606Stads\n","uploadtime":1660320751,"views":63,"p1id":"adel19","p2id":"stads","formatid":"gen8ou","rating":1767,"private":0,"password":null}