{"id":"gen8mixandmega-1657807852","p1":"Faygos","p2":"AkemiHagato987","format":"gen8mixandmega","log":"|j|\u2606Faygos\n|j|\u2606AkemiHagato987\n|t:|1662497390\n|gametype|singles\n|player|p1|Faygos|169|\n|player|p2|AkemiHagato987|102|\n|teamsize|p1|6\n|teamsize|p2|6\n|gen|8\n|tier|[Gen 8] Mix and Mega\n|rated|Tournament battle\n|rule|Species Clause: Limit one of each Pok\u00e9mon\n|rule|OHKO Clause: OHKO moves are banned\n|rule|Evasion Moves Clause: Evasion moves are banned\n|rule|Endless Battle Clause: Forcing endless battles is banned\n|rule|Dynamax Clause: You cannot dynamax\n|rule|HP Percentage Mod: HP is shown in percentages\n|rule|Sleep Clause Mod: Limit one foe put to sleep\n|clearpoke\n|poke|p1|Pheromosa|\n|poke|p1|Heatran, M|\n|poke|p1|Magearna|\n|poke|p1|Toxapex, M|\n|poke|p1|Zygarde|\n|poke|p1|Swampert, M|\n|poke|p2|Bisharp, F|\n|poke|p2|Dragonite, F|\n|poke|p2|Garchomp, M|\n|poke|p2|Zeraora|\n|poke|p2|Tyranitar, M|\n|poke|p2|Eternatus|\n|teampreview\n|j|%Iolanthe\n|inactive|Battle timer is ON: inactive players will automatically lose when time's up. (requested by Faygos)\n|\n|t:|1662497414\n|start\n|switch|p1a: Swampert|Swampert, M|100\/100\n|switch|p2a: Dragonite|Dragonite, F|100\/100\n|turn|1\n|l|%Iolanthe\n|\n|t:|1662497422\n|detailschange|p1a: Swampert|Swampert, M\n|-mega|p1a: Swampert|Swampert|Sablenite\n|-start|p1a: Swampert|Sablenite|[silent]\n|move|p2a: Dragonite|Fly||[still]\n|-prepare|p2a: Dragonite|Fly\n|move|p1a: Swampert|Stealth Rock|p2a: Dragonite\n|-sidestart|p2: AkemiHagato987|move: Stealth Rock\n|\n|upkeep\n|turn|2\n|\n|t:|1662497424\n|move|p2a: Dragonite|Fly|p1a: Swampert|[from]lockedmove\n|-damage|p1a: Swampert|74\/100\n|move|p1a: Swampert|Flip Turn|p2a: Dragonite\n|-resisted|p2a: Dragonite\n|-damage|p2a: Dragonite|94\/100\n|\n|t:|1662497428\n|-end|p1a: Swampert|Sablenite|[silent]\n|switch|p1a: Pheromosa|Pheromosa|100\/100|[from]move: Flip Turn\n|\n|upkeep\n|turn|3\n|\n|t:|1662497432\n|detailschange|p1a: Pheromosa|Pheromosa\n|-mega|p1a: Pheromosa|Pheromosa|Aerodactylite\n|-start|p1a: Pheromosa|Aerodactylite|[silent]\n|move|p1a: Pheromosa|Triple Axel|p2a: Dragonite\n|-supereffective|p2a: Dragonite\n|-damage|p2a: Dragonite|37\/100\n|-supereffective|p2a: Dragonite\n|-damage|p2a: Dragonite|0 fnt\n|faint|p2a: Dragonite\n|-hitcount|p2: Dragonite|2\n|\n|upkeep\n|\n|t:|1662497444\n|switch|p2a: Bisharp|Bisharp, F|100\/100\n|-damage|p2a: Bisharp|95\/100|[from] Stealth Rock\n|turn|4\n|\n|t:|1662497448\n|move|p1a: Pheromosa|Close Combat|p2a: Bisharp\n|-supereffective|p2a: Bisharp\n|-damage|p2a: Bisharp|0 fnt\n|-unboost|p1a: Pheromosa|def|1\n|-unboost|p1a: Pheromosa|spd|1\n|faint|p2a: Bisharp\n|\n|upkeep\n|\n|t:|1662497452\n|switch|p2a: Tyranitar|Tyranitar, M|100\/100\n|-damage|p2a: Tyranitar|88\/100|[from] Stealth Rock\n|-weather|Sandstorm|[from] ability: Sand Stream|[of] p2a: Tyranitar\n|turn|5\n|\n|t:|1662497458\n|detailschange|p2a: Tyranitar|Tyranitar-Mega, M\n|-mega|p2a: Tyranitar|Tyranitar|Tyranitarite\n|move|p1a: Pheromosa|Close Combat|p2a: Tyranitar\n|-supereffective|p2a: Tyranitar\n|-damage|p2a: Tyranitar|0 fnt\n|-unboost|p1a: Pheromosa|def|1\n|-unboost|p1a: Pheromosa|spd|1\n|faint|p2a: Tyranitar\n|\n|-weather|Sandstorm|[upkeep]\n|-damage|p1a: Pheromosa|94\/100|[from] Sandstorm\n|upkeep\n|\n|t:|1662497461\n|switch|p2a: Zeraora|Zeraora|100\/100\n|-damage|p2a: Zeraora|88\/100|[from] Stealth Rock\n|turn|6\n|\n|t:|1662497465\n|move|p1a: Pheromosa|Close Combat|p2a: Zeraora\n|-damage|p2a: Zeraora|0 fnt\n|-unboost|p1a: Pheromosa|def|1\n|-unboost|p1a: Pheromosa|spd|1\n|faint|p2a: Zeraora\n|\n|-weather|Sandstorm|[upkeep]\n|-damage|p1a: Pheromosa|88\/100|[from] Sandstorm\n|upkeep\n|c|\u2606AkemiHagato987|what\n|\n|t:|1662497473\n|switch|p2a: Garchomp|Garchomp, M|100\/100\n|-damage|p2a: Garchomp|94\/100|[from] Stealth Rock\n|turn|7\n|\n|t:|1662497480\n|move|p1a: Pheromosa|Triple Axel|p2a: Garchomp\n|-supereffective|p2a: Garchomp\n|-damage|p2a: Garchomp|48\/100\n|-damage|p1a: Pheromosa|76\/100|[from] ability: Rough Skin|[of] p2a: Garchomp\n|-supereffective|p2a: Garchomp\n|-damage|p2a: Garchomp|0 fnt\n|-damage|p1a: Pheromosa|64\/100|[from] ability: Rough Skin|[of] p2a: Garchomp\n|faint|p2a: Garchomp\n|-hitcount|p2: Garchomp|2\n|\n|-weather|Sandstorm|[upkeep]\n|-damage|p1a: Pheromosa|58\/100|[from] Sandstorm\n|upkeep\n|\n|t:|1662497483\n|switch|p2a: Eternatus|Eternatus|100\/100\n|-damage|p2a: Eternatus|88\/100|[from] Stealth Rock\n|-ability|p2a: Eternatus|Pressure\n|turn|8\n|\n|t:|1662497486\n|move|p1a: Pheromosa|Triple Axel|p2a: Eternatus\n|-supereffective|p2a: Eternatus\n|-damage|p2a: Eternatus|69\/100\n|-supereffective|p2a: Eternatus\n|-damage|p2a: Eternatus|26\/100\n|-supereffective|p2a: Eternatus\n|-damage|p2a: Eternatus|0 fnt\n|faint|p2a: Eternatus\n|-hitcount|p2: Eternatus|3\n|\n|win|Faygos\n|n|\u2606Faygos|faygos\n|n|\u2606AkemiHagato987|akemihagato987\n","uploadtime":1662497487,"views":22,"p1id":"faygos","p2id":"akemihagato987","formatid":"gen8mixandmega","rating":0,"private":0,"password":null}