{"id":"gen8ou-1622257471","p1":"Hariaki","p2":"FENDINI","format":"gen8ou","log":"|j|\u2606Hariaki\n|j|\u2606FENDINI\n|t:|1658427197\n|gametype|singles\n|player|p1|Hariaki|crasherwake|1824\n|player|p2|FENDINI|n|1791\n|teamsize|p1|6\n|teamsize|p2|6\n|gen|8\n|tier|[Gen 8] OU\n|rated|\n|rule|Sleep Clause Mod: Limit one foe put to sleep\n|rule|Species Clause: Limit one of each Pok\u00e9mon\n|rule|OHKO Clause: OHKO moves are banned\n|rule|Evasion Moves Clause: Evasion moves are banned\n|rule|Endless Battle Clause: Forcing endless battles is banned\n|rule|HP Percentage Mod: HP is shown in percentages\n|rule|Dynamax Clause: You cannot dynamax\n|clearpoke\n|poke|p1|Corviknight, M|\n|poke|p1|Polteageist-Antique|\n|poke|p1|Nidoking, M|\n|poke|p1|Blissey, F|\n|poke|p1|Urshifu-*, F|\n|poke|p1|Dragonite, M|\n|poke|p2|Tyranitar, F|\n|poke|p2|Clefable, F|\n|poke|p2|Excadrill, F|\n|poke|p2|Tangrowth, M|\n|poke|p2|Slowking-Galar, F|\n|poke|p2|Rotom-Wash|\n|teampreview\n|j| GoldenStateIdiots\n|j| aFgszgghsh\n|inactive|Battle timer is ON: inactive players will automatically lose when time's up. (requested by FENDINI)\n|\n|t:|1658427212\n|start\n|switch|p1a: Urshifu|Urshifu-Rapid-Strike, F|100\/100\n|switch|p2a: Rotom|Rotom-Wash|100\/100\n|turn|1\n|\n|t:|1658427219\n|switch|p2a: Clefable|Clefable, F|100\/100\n|move|p1a: Urshifu|U-turn|p2a: Clefable\n|-resisted|p2a: Clefable\n|-damage|p2a: Clefable|90\/100\n|-damage|p1a: Urshifu|84\/100|[from] item: Rocky Helmet|[of] p2a: Clefable\n|\n|t:|1658427222\n|switch|p1a: Nidoking|Nidoking, M|100\/100|[from]move: U-turn\n|\n|upkeep\n|turn|2\n|\n|t:|1658427224\n|switch|p2a: Rotom|Rotom-Wash|100\/100\n|move|p1a: Nidoking|Sludge Wave|p2a: Rotom\n|-damage|p2a: Rotom|51\/100\n|\n|-heal|p2a: Rotom|57\/100|[from] item: Leftovers\n|upkeep\n|turn|3\n|j| Atomise\n|c| GoldenStateIdiots|hariaki is this like semi stall or just BO\n|\n|t:|1658427235\n|move|p1a: Nidoking|Sludge Wave|p2a: Rotom\n|-damage|p2a: Rotom|1\/100\n|move|p2a: Rotom|Pain Split|p1a: Nidoking\n|-sethp|p1a: Nidoking|51\/100|[from] move: Pain Split|[silent]\n|-sethp|p2a: Rotom|51\/100|[from] move: Pain Split\n|\n|-heal|p2a: Rotom|57\/100|[from] item: Leftovers\n|upkeep\n|turn|4\n|l| Atomise\n|\n|t:|1658427240\n|move|p1a: Nidoking|Sludge Wave|p2a: Rotom\n|-damage|p2a: Rotom|0 fnt\n|faint|p2a: Rotom\n|\n|upkeep\n|\n|t:|1658427246\n|switch|p2a: Excadrill|Excadrill, F|100\/100\n|turn|5\n|c|\u2606Hariaki|This is just a team hahahaha\n|c| GoldenStateIdiots|fair lel\n|inactive|Hariaki has 120 seconds left.\n|c|\u2606Hariaki|Diesnt really have a clear style\n|c|\u2606Hariaki|Its no stall tho\n|\n|t:|1658427295\n|move|p2a: Excadrill|Earthquake|p1a: Nidoking\n|-supereffective|p1a: Nidoking\n|-damage|p1a: Nidoking|0 fnt\n|faint|p1a: Nidoking\n|\n|upkeep\n|\n|t:|1658427297\n|switch|p1a: Urshifu|Urshifu-Rapid-Strike, F|84\/100\n|turn|6\n|c| GoldenStateIdiots|makes sense\n|\n|t:|1658427306\n|switch|p2a: Tangrowth|Tangrowth, M|100\/100\n|move|p1a: Urshifu|U-turn|p2a: Tangrowth\n|-supereffective|p2a: Tangrowth\n|-damage|p2a: Tangrowth|71\/100\n|-damage|p1a: Urshifu|68\/100|[from] item: Rocky Helmet|[of] p2a: Tangrowth\n|inactive|Hariaki has 120 seconds left.\n|\n|t:|1658427315\n|switch|p1a: Corviknight|Corviknight, M|100\/100|[from]move: U-turn\n|\n|upkeep\n|turn|7\n|\n|t:|1658427319\n|switch|p2a: Slowking|Slowking-Galar, F|100\/100\n|move|p1a: Corviknight|Brave Bird|p2a: Slowking\n|-crit|p2a: Slowking\n|-damage|p2a: Slowking|57\/100\n|-damage|p1a: Corviknight|87\/100|[from] Recoil\n|\n|-heal|p2a: Slowking|63\/100|[from] item: Black Sludge\n|upkeep\n|turn|8\n|j| testing im ghey\n|\n|t:|1658427322\n|move|p1a: Corviknight|Brave Bird|p2a: Slowking\n|-damage|p2a: Slowking|34\/100\n|-damage|p1a: Corviknight|78\/100|[from] Recoil\n|move|p2a: Slowking|Trick|p1a: Corviknight\n|-activate|p2a: Slowking|move: Trick|[of] p1a: Corviknight\n|-item|p1a: Corviknight|Black Sludge|[from] move: Trick\n|-item|p2a: Slowking|Rocky Helmet|[from] move: Trick\n|\n|-damage|p1a: Corviknight|65\/100|[from] item: Black Sludge\n|upkeep\n|turn|9\n|j| 50 at max\n|j| liet32120\n|\n|t:|1658427330\n|switch|p2a: Clefable|Clefable, F|90\/100\n|move|p1a: Corviknight|Body Press|p2a: Clefable\n|-resisted|p2a: Clefable\n|-damage|p2a: Clefable|81\/100\n|-damage|p1a: Corviknight|49\/100|[from] item: Rocky Helmet|[of] p2a: Clefable\n|\n|-damage|p1a: Corviknight|36\/100|[from] item: Black Sludge\n|upkeep\n|turn|10\n|\n|t:|1658427332\n|move|p1a: Corviknight|Roost|p1a: Corviknight\n|-heal|p1a: Corviknight|86\/100\n|-singleturn|p1a: Corviknight|move: Roost\n|move|p2a: Clefable|Stealth Rock|p1a: Corviknight\n|-sidestart|p1: Hariaki|move: Stealth Rock\n|\n|-damage|p1a: Corviknight|74\/100|[from] item: Black Sludge\n|upkeep\n|turn|11\n|\n|t:|1658427335\n|move|p1a: Corviknight|Defog|p2a: Clefable\n|-unboost|p2a: Clefable|evasion|1\n|-sideend|p1: Hariaki|Stealth Rock|[from] move: Defog|[of] p1a: Corviknight\n|move|p2a: Clefable|Soft-Boiled|p2a: Clefable\n|-heal|p2a: Clefable|100\/100\n|\n|-damage|p1a: Corviknight|61\/100|[from] item: Black Sludge\n|upkeep\n|turn|12\n|\n|t:|1658427338\n|move|p1a: Corviknight|Roost|p1a: Corviknight\n|-heal|p1a: Corviknight|100\/100\n|-singleturn|p1a: Corviknight|move: Roost\n|move|p2a: Clefable|Stealth Rock|p1a: Corviknight\n|-sidestart|p1: Hariaki|move: Stealth Rock\n|\n|-damage|p1a: Corviknight|88\/100|[from] item: Black Sludge\n|upkeep\n|turn|13\n|\n|t:|1658427340\n|move|p1a: Corviknight|Defog|p2a: Clefable\n|-unboost|p2a: Clefable|evasion|1\n|-sideend|p1: Hariaki|Stealth Rock|[from] move: Defog|[of] p1a: Corviknight\n|move|p2a: Clefable|Flamethrower|p1a: Corviknight\n|-supereffective|p1a: Corviknight\n|-damage|p1a: Corviknight|48\/100\n|-status|p1a: Corviknight|brn\n|\n|-damage|p1a: Corviknight|35\/100 brn|[from] item: Black Sludge\n|-damage|p1a: Corviknight|29\/100 brn|[from] brn\n|upkeep\n|turn|14\n|\n|t:|1658427348\n|switch|p1a: Dragonite|Dragonite, M|100\/100\n|move|p2a: Clefable|Stealth Rock|p1a: Dragonite\n|-sidestart|p1: Hariaki|move: Stealth Rock\n|\n|upkeep\n|turn|15\n|\n|t:|1658427351\n|move|p1a: Dragonite|Dragon Dance|p1a: Dragonite\n|-boost|p1a: Dragonite|atk|1\n|-boost|p1a: Dragonite|spe|1\n|move|p2a: Clefable|Moonblast|p1a: Dragonite\n|-supereffective|p1a: Dragonite\n|-damage|p1a: Dragonite|74\/100\n|\n|-heal|p1a: Dragonite|80\/100|[from] item: Leftovers\n|upkeep\n|turn|16\n|\n|t:|1658427360\n|move|p1a: Dragonite|Dragon Dance|p1a: Dragonite\n|-boost|p1a: Dragonite|atk|1\n|-boost|p1a: Dragonite|spe|1\n|move|p2a: Clefable|Moonblast|p1a: Dragonite\n|-supereffective|p1a: Dragonite\n|-damage|p1a: Dragonite|25\/100\n|\n|-heal|p1a: Dragonite|32\/100|[from] item: Leftovers\n|upkeep\n|turn|17\n|\n|t:|1658427362\n|move|p1a: Dragonite|Roost|p1a: Dragonite\n|-heal|p1a: Dragonite|82\/100\n|-singleturn|p1a: Dragonite|move: Roost\n|move|p2a: Clefable|Moonblast|p1a: Dragonite\n|-supereffective|p1a: Dragonite\n|-damage|p1a: Dragonite|27\/100\n|\n|-heal|p1a: Dragonite|33\/100|[from] item: Leftovers\n|upkeep\n|turn|18\n|\n|t:|1658427366\n|move|p1a: Dragonite|Roost|p1a: Dragonite\n|-heal|p1a: Dragonite|83\/100\n|-singleturn|p1a: Dragonite|move: Roost\n|move|p2a: Clefable|Moonblast|p1a: Dragonite\n|-supereffective|p1a: Dragonite\n|-damage|p1a: Dragonite|29\/100\n|\n|-heal|p1a: Dragonite|35\/100|[from] item: Leftovers\n|upkeep\n|turn|19\n|\n|t:|1658427369\n|move|p1a: Dragonite|Roost|p1a: Dragonite\n|-heal|p1a: Dragonite|85\/100\n|-singleturn|p1a: Dragonite|move: Roost\n|move|p2a: Clefable|Moonblast|p1a: Dragonite\n|-supereffective|p1a: Dragonite\n|-damage|p1a: Dragonite|34\/100\n|\n|-heal|p1a: Dragonite|40\/100|[from] item: Leftovers\n|upkeep\n|turn|20\n|\n|t:|1658427371\n|move|p1a: Dragonite|Roost|p1a: Dragonite\n|-heal|p1a: Dragonite|90\/100\n|-singleturn|p1a: Dragonite|move: Roost\n|move|p2a: Clefable|Moonblast|p1a: Dragonite\n|-supereffective|p1a: Dragonite\n|-damage|p1a: Dragonite|35\/100\n|\n|-heal|p1a: Dragonite|41\/100|[from] item: Leftovers\n|upkeep\n|turn|21\n|\n|t:|1658427378\n|move|p1a: Dragonite|Roost|p1a: Dragonite\n|-heal|p1a: Dragonite|91\/100\n|-singleturn|p1a: Dragonite|move: Roost\n|move|p2a: Clefable|Moonblast|p1a: Dragonite\n|-supereffective|p1a: Dragonite\n|-crit|p1a: Dragonite\n|-damage|p1a: Dragonite|13\/100\n|\n|-heal|p1a: Dragonite|19\/100|[from] item: Leftovers\n|upkeep\n|turn|22\n|\n|t:|1658427380\n|move|p1a: Dragonite|Roost|p1a: Dragonite\n|-heal|p1a: Dragonite|69\/100\n|-singleturn|p1a: Dragonite|move: Roost\n|move|p2a: Clefable|Moonblast|p1a: Dragonite\n|-supereffective|p1a: Dragonite\n|-crit|p1a: Dragonite\n|-damage|p1a: Dragonite|0 fnt\n|faint|p1a: Dragonite\n|\n|upkeep\n|c|\u2606Hariaki|Ah yes.\n|inactive|Hariaki has 120 seconds left.\n|c| GoldenStateIdiots|robbery\n|\n|t:|1658427412\n|switch|p1a: Corviknight|Corviknight, M|29\/100 brn\n|-damage|p1a: Corviknight|17\/100 brn|[from] Stealth Rock\n|turn|23\n|j| animekingreal\n|\n|t:|1658427418\n|move|p1a: Corviknight|Defog|p2a: Clefable\n|-unboost|p2a: Clefable|evasion|1\n|-sideend|p1: Hariaki|Stealth Rock|[from] move: Defog|[of] p1a: Corviknight\n|move|p2a: Clefable|Flamethrower|p1a: Corviknight\n|-supereffective|p1a: Corviknight\n|-damage|p1a: Corviknight|0 fnt\n|faint|p1a: Corviknight\n|\n|upkeep\n|c|\u2606Hariaki|Yeah this some bs\n|\n|t:|1658427425\n|switch|p1a: Polteageist|Polteageist-Antique|100\/100\n|turn|24\n|\n|t:|1658427427\n|switch|p2a: Tyranitar|Tyranitar, F|100\/100\n|-weather|Sandstorm|[from] ability: Sand Stream|[of] p2a: Tyranitar\n|move|p1a: Polteageist|Shell Smash|p1a: Polteageist\n|-unboost|p1a: Polteageist|def|1\n|-unboost|p1a: Polteageist|spd|1\n|-boost|p1a: Polteageist|atk|2\n|-boost|p1a: Polteageist|spa|2\n|-boost|p1a: Polteageist|spe|2\n|\n|-weather|Sandstorm|[upkeep]\n|-damage|p1a: Polteageist|94\/100|[from] Sandstorm\n|upkeep\n|turn|25\n|\n|t:|1658427431\n|switch|p1a: Urshifu|Urshifu-Rapid-Strike, F|68\/100\n|move|p2a: Tyranitar|Crunch|p1a: Urshifu\n|-resisted|p1a: Urshifu\n|-damage|p1a: Urshifu|33\/100\n|\n|-weather|Sandstorm|[upkeep]\n|-damage|p1a: Urshifu|27\/100|[from] Sandstorm\n|upkeep\n|turn|26\n|\n|t:|1658427436\n|switch|p2a: Clefable|Clefable, F|100\/100\n|move|p1a: Urshifu|U-turn|p2a: Clefable\n|-resisted|p2a: Clefable\n|-damage|p2a: Clefable|90\/100\n|-damage|p1a: Urshifu|10\/100|[from] item: Rocky Helmet|[of] p2a: Clefable\n|\n|t:|1658427437\n|switch|p1a: Polteageist|Polteageist-Antique|94\/100|[from]move: U-turn\n|\n|-weather|Sandstorm|[upkeep]\n|-damage|p1a: Polteageist|88\/100|[from] Sandstorm\n|upkeep\n|turn|27\n|\n|t:|1658427440\n|switch|p2a: Tyranitar|Tyranitar, F|100\/100\n|move|p1a: Polteageist|Giga Drain|p2a: Tyranitar\n|-supereffective|p2a: Tyranitar\n|-damage|p2a: Tyranitar|64\/100\n|-heal|p1a: Polteageist|100\/100|[from] drain|[of] p2a: Tyranitar\n|\n|-weather|Sandstorm|[upkeep]\n|-damage|p1a: Polteageist|94\/100|[from] Sandstorm\n|upkeep\n|turn|28\n|\n|t:|1658427452\n|switch|p1a: Blissey|Blissey, F|100\/100\n|move|p2a: Tyranitar|Crunch|p1a: Blissey\n|-damage|p1a: Blissey|35\/100\n|-unboost|p1a: Blissey|def|1\n|\n|-weather|none\n|-heal|p1a: Blissey|41\/100|[from] item: Leftovers\n|upkeep\n|turn|29\n|\n|t:|1658427459\n|switch|p2a: Excadrill|Excadrill, F|100\/100\n|move|p1a: Blissey|Seismic Toss|p2a: Excadrill\n|-damage|p2a: Excadrill|73\/100\n|\n|-heal|p2a: Excadrill|79\/100|[from] item: Leftovers\n|-heal|p1a: Blissey|47\/100|[from] item: Leftovers\n|upkeep\n|turn|30\n|\n|t:|1658427463\n|move|p2a: Excadrill|Earthquake|p1a: Blissey\n|-damage|p1a: Blissey|0 fnt\n|faint|p1a: Blissey\n|\n|-heal|p2a: Excadrill|85\/100|[from] item: Leftovers\n|upkeep\n|\n|t:|1658427465\n|switch|p1a: Urshifu|Urshifu-Rapid-Strike, F|10\/100\n|turn|31\n|\n|t:|1658427473\n|switch|p2a: Tyranitar|Tyranitar, F|64\/100\n|-weather|Sandstorm|[from] ability: Sand Stream|[of] p2a: Tyranitar\n|move|p1a: Urshifu|U-turn|p2a: Tyranitar\n|-supereffective|p2a: Tyranitar\n|-damage|p2a: Tyranitar|14\/100\n|\n|t:|1658427476\n|switch|p1a: Polteageist|Polteageist-Antique|94\/100|[from]move: U-turn\n|\n|-weather|Sandstorm|[upkeep]\n|-damage|p1a: Polteageist|88\/100|[from] Sandstorm\n|upkeep\n|turn|32\n|\n|t:|1658427478\n|move|p1a: Polteageist|Giga Drain|p2a: Tyranitar\n|-supereffective|p2a: Tyranitar\n|-damage|p2a: Tyranitar|0 fnt\n|-heal|p1a: Polteageist|97\/100|[from] drain|[of] p2a: Tyranitar\n|faint|p2a: Tyranitar\n|\n|-weather|Sandstorm|[upkeep]\n|-damage|p1a: Polteageist|91\/100|[from] Sandstorm\n|upkeep\n|\n|t:|1658427479\n|switch|p2a: Excadrill|Excadrill, F|85\/100\n|turn|33\n|\n|t:|1658427481\n|move|p2a: Excadrill|Earthquake|p1a: Polteageist\n|-damage|p1a: Polteageist|0 fnt\n|faint|p1a: Polteageist\n|\n|-weather|Sandstorm|[upkeep]\n|-heal|p2a: Excadrill|91\/100|[from] item: Leftovers\n|upkeep\n|\n|t:|1658427483\n|switch|p1a: Urshifu|Urshifu-Rapid-Strike, F|10\/100\n|turn|34\n|\n|t:|1658427487\n|move|p2a: Excadrill|Earthquake|p1a: Urshifu\n|-damage|p1a: Urshifu|0 fnt\n|faint|p1a: Urshifu\n|\n|win|FENDINI\n|raw|Hariaki's rating: 1824 &rarr; <strong>1802<\/strong><br \/>(-22 for losing)\n|raw|FENDINI's rating: 1791 &rarr; <strong>1813<\/strong><br \/>(+22 for winning)\n|l| GoldenStateIdiots\n|l|\u2606Hariaki\n||Ladder isn't responding, score probably updated but might not have (Request timeout).\n","uploadtime":1658427494,"views":50,"p1id":"hariaki","p2id":"fendini","formatid":"gen8ou","rating":1802,"private":0,"password":null}