{"id":"gen8monotype-1322495235","p1":"mets3569","p2":"X-Wing Fighter","format":"gen8monotype","log":"|j|\u2606mets3569\n|j|\u2606X-Wing Fighter\n|t:|1618542583\n|gametype|singles\n|player|p1|mets3569|101|\n|player|p2|X-Wing Fighter|dawn|\n|teamsize|p1|6\n|teamsize|p2|6\n|gen|8\n|tier|[Gen 8] Monotype\n|rated|Tournament battle\n|rule|Same Type Clause: Pok\u00e9mon in a team must share a type\n|clearpoke\n|poke|p1|Slowking-Galar, M|\n|poke|p1|Toxapex, F|\n|poke|p1|Amoonguss, F|\n|poke|p1|Nidoking, M|\n|poke|p1|Weezing-Galar, F|\n|poke|p1|Drapion, M|\n|poke|p2|Regieleki|\n|poke|p2|Tapu Koko|\n|poke|p2|Rotom-Wash|\n|poke|p2|Zapdos|\n|poke|p2|Zeraora|\n|poke|p2|Magnezone|\n|rule|Sleep Clause Mod: Limit one foe put to sleep\n|rule|Species Clause: Limit one of each Pok\u00e9mon\n|rule|OHKO Clause: OHKO moves are banned\n|rule|Evasion Moves Clause: Evasion moves are banned\n|rule|Endless Battle Clause: Forcing endless battles is banned\n|rule|HP Percentage Mod: HP is shown in percentages\n|rule|Dynamax Clause: You cannot dynamax\n|teampreview\n|j|*Lady Monita\n|c|\u2606mets3569|hf\n|c|\u2606X-Wing Fighter|u2\n|j| AgentKirby007\n|j| Alphons123\n|\n|t:|1618542609\n|start\n|switch|p1a: Slowking|Slowking-Galar, M|100\/100\n|switch|p2a: Rotom|Rotom-Wash|100\/100\n|turn|1\n|j|@Thinkerino\u203d\n|\n|t:|1618542617\n|move|p2a: Rotom|Volt Switch|p1a: Slowking\n|-damage|p1a: Slowking|90\/100\n|\n|t:|1618542621\n|switch|p2a: Zeraora|Zeraora|100\/100|[from]move: Volt Switch\n|move|p1a: Slowking|Future Sight|p2a: Zeraora\n|-start|p1a: Slowking|move: Future Sight\n|\n|upkeep\n|turn|2\n|\n|t:|1618542629\n|switch|p1a: Amoonguss|Amoonguss, F|100\/100\n|move|p2a: Zeraora|Knock Off|p1a: Amoonguss\n|-crit|p1a: Amoonguss\n|-damage|p1a: Amoonguss|55\/100\n|-enditem|p1a: Amoonguss|Heavy-Duty Boots|[from] move: Knock Off|[of] p2a: Zeraora\n|\n|upkeep\n|turn|3\n|j| KnightKingg\n|\n|t:|1618542642\n|switch|p2a: Zapdos|Zapdos|100\/100\n|move|p1a: Amoonguss|Synthesis|p1a: Amoonguss\n|-heal|p1a: Amoonguss|100\/100\n|\n|-end|p2a: Zapdos|move: Future Sight\n|-damage|p2a: Zapdos|69\/100\n|upkeep\n|turn|4\n|\n|t:|1618542647\n|switch|p1a: Slowking|Slowking-Galar, M|100\/100\n|move|p2a: Zapdos|Volt Switch|p1a: Slowking\n|-damage|p1a: Slowking|88\/100\n|\n|t:|1618542651\n|switch|p2a: Zeraora|Zeraora|100\/100|[from]move: Volt Switch\n|\n|upkeep\n|turn|5\n|\n|t:|1618542659\n|switch|p2a: Magnezone|Magnezone|100\/100\n|switch|p1a: Amoonguss|Amoonguss, F|100\/100\n|\n|upkeep\n|turn|6\n|\n|t:|1618542663\n|move|p2a: Magnezone|Substitute|p2a: Magnezone\n|-start|p2a: Magnezone|Substitute\n|-damage|p2a: Magnezone|76\/100\n|move|p1a: Amoonguss|Spore||[still]\n|-fail|p1a: Amoonguss\n|\n|-heal|p2a: Magnezone|82\/100|[from] item: Leftovers\n|upkeep\n|turn|7\n|\n|t:|1618542668\n|switch|p1a: Drapion|Drapion, M|100\/100\n|move|p2a: Magnezone|Iron Defense|p2a: Magnezone\n|-boost|p2a: Magnezone|def|2\n|\n|-heal|p2a: Magnezone|88\/100|[from] item: Leftovers\n|upkeep\n|turn|8\n|j| Tytz\n|\n|t:|1618542675\n|move|p2a: Magnezone|Substitute|p2a: Magnezone\n|-fail|p2a: Magnezone|move: Substitute\n|move|p1a: Drapion|Whirlwind|p2a: Magnezone\n|drag|p2a: Zapdos|Zapdos|69\/100\n|\n|upkeep\n|turn|9\n|\n|t:|1618542680\n|move|p2a: Zapdos|Volt Switch|p1a: Drapion\n|-damage|p1a: Drapion|75\/100\n|\n|t:|1618542682\n|switch|p2a: Rotom|Rotom-Wash|100\/100|[from]move: Volt Switch\n|move|p1a: Drapion|Knock Off|p2a: Rotom\n|-damage|p2a: Rotom|77\/100\n|-enditem|p2a: Rotom|Leftovers|[from] move: Knock Off|[of] p1a: Drapion\n|\n|-heal|p1a: Drapion|81\/100|[from] item: Black Sludge\n|upkeep\n|turn|10\n|j| Anghult \u265e\n|\n|t:|1618542691\n|switch|p1a: Slowking|Slowking-Galar, M|100\/100\n|move|p2a: Rotom|Will-O-Wisp|p1a: Slowking|[miss]\n|-miss|p2a: Rotom|p1a: Slowking\n|\n|upkeep\n|turn|11\n|\n|t:|1618542694\n|move|p2a: Rotom|Volt Switch|p1a: Slowking\n|-damage|p1a: Slowking|90\/100\n|\n|t:|1618542697\n|switch|p2a: Zeraora|Zeraora|100\/100|[from]move: Volt Switch\n|move|p1a: Slowking|Future Sight|p2a: Zeraora\n|-start|p1a: Slowking|move: Future Sight\n|\n|upkeep\n|turn|12\n|\n|t:|1618542704\n|switch|p1a: Amoonguss|Amoonguss, F|100\/100\n|move|p2a: Zeraora|Knock Off|p1a: Amoonguss\n|-damage|p1a: Amoonguss|79\/100\n|\n|upkeep\n|turn|13\n|\n|t:|1618542708\n|switch|p2a: Zapdos|Zapdos|69\/100\n|move|p1a: Amoonguss|Spore|p2a: Zapdos\n|-status|p2a: Zapdos|slp|[from] move: Spore\n|\n|-end|p2a: Zapdos|move: Future Sight\n|-damage|p2a: Zapdos|39\/100 slp\n|upkeep\n|turn|14\n|\n|t:|1618542716\n|switch|p2a: Magnezone|Magnezone|88\/100\n|switch|p1a: Nidoking|Nidoking, M|100\/100\n|\n|-heal|p2a: Magnezone|94\/100|[from] item: Leftovers\n|upkeep\n|turn|15\n|\n|t:|1618542729\n|switch|p2a: Rotom|Rotom-Wash|77\/100\n|move|p1a: Nidoking|Thunderbolt|p2a: Rotom\n|-damage|p2a: Rotom|35\/100\n|\n|upkeep\n|turn|16\n|\n|t:|1618542744\n|switch|p1a: Slowking|Slowking-Galar, M|100\/100\n|move|p2a: Rotom|Pain Split|p1a: Slowking\n|-sethp|p1a: Slowking|64\/100|[from] move: Pain Split|[silent]\n|-sethp|p2a: Rotom|83\/100|[from] move: Pain Split\n|\n|upkeep\n|turn|17\n|j| Sosaso\n|\n|t:|1618542750\n|move|p2a: Rotom|Volt Switch|p1a: Slowking\n|-damage|p1a: Slowking|55\/100\n|\n|t:|1618542752\n|switch|p2a: Zeraora|Zeraora|100\/100|[from]move: Volt Switch\n|move|p1a: Slowking|Future Sight|p2a: Zeraora\n|-start|p1a: Slowking|move: Future Sight\n|\n|upkeep\n|turn|18\n|\n|t:|1618542757\n|switch|p2a: Zapdos|Zapdos|39\/100 slp\n|switch|p1a: Amoonguss|Amoonguss, F|100\/100\n|\n|upkeep\n|turn|19\n|\n|t:|1618542762\n|cant|p2a: Zapdos|slp\n|move|p1a: Amoonguss|Foul Play|p2a: Zapdos\n|-damage|p2a: Zapdos|24\/100 slp\n|\n|-end|p2a: Zapdos|move: Future Sight\n|-damage|p2a: Zapdos|0 fnt\n|upkeep\n|faint|p2a: Zapdos\n|\n|t:|1618542764\n|switch|p2a: Magnezone|Magnezone|94\/100\n|turn|20\n|\n|t:|1618542775\n|switch|p1a: Drapion|Drapion, M|81\/100\n|move|p2a: Magnezone|Substitute|p2a: Magnezone\n|-start|p2a: Magnezone|Substitute\n|-damage|p2a: Magnezone|69\/100\n|\n|-heal|p1a: Drapion|87\/100|[from] item: Black Sludge\n|-heal|p2a: Magnezone|75\/100|[from] item: Leftovers\n|upkeep\n|turn|21\n|\n|t:|1618542777\n|move|p2a: Magnezone|Body Press|p1a: Drapion\n|-damage|p1a: Drapion|68\/100\n|move|p1a: Drapion|Whirlwind|p2a: Magnezone\n|drag|p2a: Rotom|Rotom-Wash|83\/100\n|\n|-heal|p1a: Drapion|74\/100|[from] item: Black Sludge\n|upkeep\n|turn|22\n|\n|t:|1618542787\n|switch|p1a: Slowking|Slowking-Galar, M|88\/100\n|move|p2a: Rotom|Volt Switch|p1a: Slowking\n|-damage|p1a: Slowking|78\/100\n|\n|t:|1618542789\n|switch|p2a: Zeraora|Zeraora|100\/100|[from]move: Volt Switch\n|\n|upkeep\n|turn|23\n|\n|t:|1618542794\n|switch|p2a: Magnezone|Magnezone|75\/100\n|switch|p1a: Amoonguss|Amoonguss, F|100\/100\n|\n|-heal|p2a: Magnezone|81\/100|[from] item: Leftovers\n|upkeep\n|turn|24\n|\n|t:|1618542800\n|switch|p1a: Drapion|Drapion, M|74\/100\n|move|p2a: Magnezone|Substitute|p2a: Magnezone\n|-start|p2a: Magnezone|Substitute\n|-damage|p2a: Magnezone|56\/100\n|\n|-heal|p1a: Drapion|80\/100|[from] item: Black Sludge\n|-heal|p2a: Magnezone|62\/100|[from] item: Leftovers\n|upkeep\n|turn|25\n|\n|t:|1618542805\n|move|p1a: Drapion|Knock Off|p2a: Magnezone\n|-end|p2a: Magnezone|Substitute\n|move|p2a: Magnezone|Thunderbolt|p1a: Drapion\n|-damage|p1a: Drapion|39\/100\n|\n|-heal|p1a: Drapion|45\/100|[from] item: Black Sludge\n|-heal|p2a: Magnezone|68\/100|[from] item: Leftovers\n|upkeep\n|turn|26\n|\n|t:|1618542811\n|switch|p1a: Nidoking|Nidoking, M|100\/100\n|switch|p2a: Rotom|Rotom-Wash|83\/100\n|\n|upkeep\n|turn|27\n|j| LemonSqueezy45\n|\n|t:|1618542819\n|switch|p1a: Slowking|Slowking-Galar, M|100\/100\n|move|p2a: Rotom|Volt Switch|p1a: Slowking\n|-damage|p1a: Slowking|91\/100\n|\n|t:|1618542823\n|switch|p2a: Zeraora|Zeraora|100\/100|[from]move: Volt Switch\n|\n|upkeep\n|turn|28\n|\n|t:|1618542832\n|switch|p1a: Amoonguss|Amoonguss, F|100\/100\n|move|p2a: Zeraora|Knock Off|p1a: Amoonguss\n|-damage|p1a: Amoonguss|77\/100\n|\n|upkeep\n|turn|29\n|\n|t:|1618542838\n|switch|p2a: Tapu Koko|Tapu Koko|100\/100\n|-fieldstart|move: Electric Terrain|[from] ability: Electric Surge|[of] p2a: Tapu Koko\n|move|p1a: Amoonguss|Foul Play|p2a: Tapu Koko\n|-resisted|p2a: Tapu Koko\n|-damage|p2a: Tapu Koko|85\/100\n|\n|upkeep\n|turn|30\n|\n|t:|1618542846\n|switch|p1a: Nidoking|Nidoking, M|100\/100\n|move|p2a: Tapu Koko|U-turn|p1a: Nidoking\n|-resisted|p1a: Nidoking\n|-damage|p1a: Nidoking|89\/100\n|\n|t:|1618542853\n|switch|p2a: Rotom|Rotom-Wash|83\/100|[from]move: U-turn\n|\n|upkeep\n|turn|31\n|\n|t:|1618542864\n|switch|p1a: Slowking|Slowking-Galar, M|100\/100\n|move|p2a: Rotom|Volt Switch|p1a: Slowking\n|-damage|p1a: Slowking|91\/100\n|\n|t:|1618542871\n|switch|p2a: Zeraora|Zeraora|100\/100|[from]move: Volt Switch\n|\n|upkeep\n|turn|32\n|\n|t:|1618542874\n|switch|p2a: Magnezone|Magnezone|68\/100\n|switch|p1a: Amoonguss|Amoonguss, F|100\/100\n|\n|-heal|p2a: Magnezone|74\/100|[from] item: Leftovers\n|upkeep\n|turn|33\n|\n|t:|1618542876\n|switch|p1a: Nidoking|Nidoking, M|89\/100\n|move|p2a: Magnezone|Substitute|p2a: Magnezone\n|-start|p2a: Magnezone|Substitute\n|-damage|p2a: Magnezone|49\/100\n|\n|-heal|p2a: Magnezone|55\/100|[from] item: Leftovers\n|-fieldend|move: Electric Terrain\n|upkeep\n|turn|34\n|\n|t:|1618542879\n|move|p1a: Nidoking|Earth Power|p2a: Magnezone\n|-supereffective|p2a: Magnezone\n|-end|p2a: Magnezone|Substitute\n|move|p2a: Magnezone|Body Press|p1a: Nidoking\n|-resisted|p1a: Nidoking\n|-damage|p1a: Nidoking|75\/100\n|\n|-heal|p2a: Magnezone|61\/100|[from] item: Leftovers\n|upkeep\n|turn|35\n|\n|t:|1618542883\n|switch|p2a: Rotom|Rotom-Wash|83\/100\n|move|p1a: Nidoking|Thunderbolt|p2a: Rotom\n|-damage|p2a: Rotom|43\/100\n|\n|upkeep\n|turn|36\n|\n|t:|1618542888\n|switch|p1a: Drapion|Drapion, M|45\/100\n|move|p2a: Rotom|Pain Split|p1a: Drapion\n|-sethp|p1a: Drapion|41\/100|[from] move: Pain Split|[silent]\n|-sethp|p2a: Rotom|47\/100|[from] move: Pain Split\n|\n|-heal|p1a: Drapion|48\/100|[from] item: Black Sludge\n|upkeep\n|turn|37\n|\n|t:|1618542899\n|move|p1a: Drapion|Rest|p1a: Drapion\n|-status|p1a: Drapion|slp|[from] move: Rest\n|-heal|p1a: Drapion|100\/100 slp|[silent]\n|move|p2a: Rotom|Volt Switch|p1a: Drapion\n|-damage|p1a: Drapion|79\/100 slp\n|\n|t:|1618542915\n|switch|p2a: Tapu Koko|Tapu Koko|85\/100|[from]move: Volt Switch\n|-fieldstart|move: Electric Terrain|[from] ability: Electric Surge|[of] p2a: Tapu Koko\n|\n|-heal|p1a: Drapion|85\/100 slp|[from] item: Black Sludge\n|upkeep\n|turn|38\n|\n|t:|1618542926\n|switch|p1a: Amoonguss|Amoonguss, F|100\/100\n|move|p2a: Tapu Koko|U-turn|p1a: Amoonguss\n|-damage|p1a: Amoonguss|89\/100\n|\n|t:|1618542932\n|switch|p2a: Magnezone|Magnezone|61\/100|[from]move: U-turn\n|\n|-heal|p2a: Magnezone|67\/100|[from] item: Leftovers\n|upkeep\n|turn|39\n|l| KnightKingg\n|\n|t:|1618542947\n|switch|p1a: Slowking|Slowking-Galar, M|100\/100\n|move|p2a: Magnezone|Body Press|p1a: Slowking\n|-resisted|p1a: Slowking\n|-damage|p1a: Slowking|95\/100\n|\n|-heal|p2a: Magnezone|73\/100|[from] item: Leftovers\n|upkeep\n|turn|40\n|l| LemonSqueezy45\n|\n|t:|1618542955\n|switch|p2a: Zeraora|Zeraora|100\/100\n|move|p1a: Slowking|Earthquake|p2a: Zeraora\n|-supereffective|p2a: Zeraora\n|-crit|p2a: Zeraora\n|-damage|p2a: Zeraora|31\/100\n|\n|upkeep\n|turn|41\n|\n|t:|1618542963\n|switch|p1a: Amoonguss|Amoonguss, F|100\/100\n|move|p2a: Zeraora|Plasma Fists|p1a: Amoonguss\n|-resisted|p1a: Amoonguss\n|-damage|p1a: Amoonguss|70\/100\n|-fieldactivate|move: Ion Deluge\n|\n|-fieldend|move: Electric Terrain\n|upkeep\n|turn|42\n|\n|t:|1618542972\n|switch|p2a: Magnezone|Magnezone|73\/100\n|move|p1a: Amoonguss|Giga Drain|p2a: Magnezone\n|-resisted|p2a: Magnezone\n|-damage|p2a: Magnezone|59\/100\n|-heal|p1a: Amoonguss|75\/100|[from] drain|[of] p2a: Magnezone\n|\n|-heal|p2a: Magnezone|65\/100|[from] item: Leftovers\n|upkeep\n|turn|43\n|\n|t:|1618542976\n|switch|p2a: Tapu Koko|Tapu Koko|85\/100\n|-fieldstart|move: Electric Terrain|[from] ability: Electric Surge|[of] p2a: Tapu Koko\n|switch|p1a: Slowking|Slowking-Galar, M|100\/100\n|\n|upkeep\n|turn|44\n|\n|t:|1618542983\n|switch|p1a: Weezing|Weezing-Galar, F|100\/100\n|move|p2a: Tapu Koko|U-turn|p1a: Weezing\n|-resisted|p1a: Weezing\n|-damage|p1a: Weezing|98\/100\n|\n|t:|1618542988\n|switch|p2a: Regieleki|Regieleki|100\/100|[from]move: U-turn\n|\n|-heal|p1a: Weezing|100\/100|[from] item: Black Sludge\n|upkeep\n|turn|45\n|j| Dragon246\n|\n|t:|1618542997\n|switch|p1a: Amoonguss|Amoonguss, F|100\/100\n|move|p2a: Regieleki|Ancient Power|p1a: Amoonguss\n|-damage|p1a: Amoonguss|76\/100\n|\n|upkeep\n|turn|46\n|\n|t:|1618543006\n|switch|p2a: Tapu Koko|Tapu Koko|85\/100\n|move|p1a: Amoonguss|Giga Drain|p2a: Tapu Koko\n|-damage|p2a: Tapu Koko|47\/100\n|-heal|p1a: Amoonguss|88\/100|[from] drain|[of] p2a: Tapu Koko\n|\n|upkeep\n|turn|47\n|\n|t:|1618543012\n|switch|p1a: Weezing|Weezing-Galar, F|100\/100\n|move|p2a: Tapu Koko|U-turn|p1a: Weezing\n|-resisted|p1a: Weezing\n|-damage|p1a: Weezing|98\/100\n|\n|t:|1618543018\n|switch|p2a: Regieleki|Regieleki|100\/100|[from]move: U-turn\n|\n|-heal|p1a: Weezing|100\/100|[from] item: Black Sludge\n|-fieldend|move: Electric Terrain\n|upkeep\n|turn|48\n|\n|t:|1618543022\n|switch|p1a: Amoonguss|Amoonguss, F|100\/100\n|move|p2a: Regieleki|Volt Switch|p1a: Amoonguss\n|-resisted|p1a: Amoonguss\n|-damage|p1a: Amoonguss|71\/100\n|\n|t:|1618543024\n|switch|p2a: Tapu Koko|Tapu Koko|47\/100|[from]move: Volt Switch\n|-fieldstart|move: Electric Terrain|[from] ability: Electric Surge|[of] p2a: Tapu Koko\n|\n|upkeep\n|turn|49\n|\n|t:|1618543027\n|move|p2a: Tapu Koko|U-turn|p1a: Amoonguss\n|-damage|p1a: Amoonguss|59\/100\n|\n|t:|1618543029\n|switch|p2a: Magnezone|Magnezone|65\/100|[from]move: U-turn\n|move|p1a: Amoonguss|Giga Drain|p2a: Magnezone\n|-resisted|p2a: Magnezone\n|-damage|p2a: Magnezone|50\/100\n|-heal|p1a: Amoonguss|65\/100|[from] drain|[of] p2a: Magnezone\n|\n|-heal|p2a: Magnezone|56\/100|[from] item: Leftovers\n|upkeep\n|turn|50\n|\n|t:|1618543035\n|switch|p2a: Rotom|Rotom-Wash|47\/100\n|switch|p1a: Slowking|Slowking-Galar, M|100\/100\n|\n|upkeep\n|turn|51\n|\n|t:|1618543050\n|move|p2a: Rotom|Pain Split|p1a: Slowking\n|-sethp|p1a: Slowking|68\/100|[from] move: Pain Split|[silent]\n|-sethp|p2a: Rotom|88\/100|[from] move: Pain Split\n|move|p1a: Slowking|Future Sight|p2a: Rotom\n|-start|p1a: Slowking|move: Future Sight\n|\n|upkeep\n|turn|52\n|\n|t:|1618543056\n|move|p2a: Rotom|Volt Switch|p1a: Slowking\n|-damage|p1a: Slowking|57\/100\n|\n|t:|1618543063\n|switch|p2a: Magnezone|Magnezone|56\/100|[from]move: Volt Switch\n|move|p1a: Slowking|Sludge Bomb|p2a: Magnezone\n|-immune|p2a: Magnezone\n|\n|-heal|p2a: Magnezone|62\/100|[from] item: Leftovers\n|-fieldend|move: Electric Terrain\n|upkeep\n|turn|53\n|\n|t:|1618543067\n|switch|p2a: Rotom|Rotom-Wash|88\/100\n|move|p1a: Slowking|Earthquake|p2a: Rotom\n|-immune|p2a: Rotom|[from] ability: Levitate\n|\n|-end|p2a: Rotom|move: Future Sight\n|-damage|p2a: Rotom|43\/100\n|upkeep\n|turn|54\n|\n|t:|1618543074\n|move|p2a: Rotom|Volt Switch|p1a: Slowking\n|-damage|p1a: Slowking|47\/100\n|\n|t:|1618543081\n|switch|p2a: Zeraora|Zeraora|31\/100|[from]move: Volt Switch\n|move|p1a: Slowking|Future Sight|p2a: Zeraora\n|-start|p1a: Slowking|move: Future Sight\n|\n|upkeep\n|turn|55\n|\n|t:|1618543093\n|switch|p2a: Tapu Koko|Tapu Koko|47\/100\n|-fieldstart|move: Electric Terrain|[from] ability: Electric Surge|[of] p2a: Tapu Koko\n|switch|p1a: Amoonguss|Amoonguss, F|98\/100\n|\n|upkeep\n|turn|56\n|\n|t:|1618543097\n|move|p2a: Tapu Koko|Roost|p2a: Tapu Koko\n|-heal|p2a: Tapu Koko|97\/100\n|-singleturn|p2a: Tapu Koko|move: Roost\n|move|p1a: Amoonguss|Giga Drain|p2a: Tapu Koko\n|-damage|p2a: Tapu Koko|63\/100\n|-heal|p1a: Amoonguss|100\/100|[from] drain|[of] p2a: Tapu Koko\n|\n|-end|p2a: Tapu Koko|move: Future Sight\n|-damage|p2a: Tapu Koko|0 fnt\n|faint|p2a: Tapu Koko\n|upkeep\n|\n|t:|1618543103\n|switch|p2a: Regieleki|Regieleki|100\/100\n|turn|57\n|\n|t:|1618543107\n|move|p2a: Regieleki|Rising Voltage|p1a: Amoonguss\n|-resisted|p1a: Amoonguss\n|-damage|p1a: Amoonguss|19\/100\n|move|p1a: Amoonguss|Giga Drain|p2a: Regieleki\n|-damage|p2a: Regieleki|59\/100\n|-heal|p1a: Amoonguss|33\/100|[from] drain|[of] p2a: Regieleki\n|\n|upkeep\n|turn|58\n|\n|t:|1618543113\n|switch|p2a: Rotom|Rotom-Wash|43\/100\n|switch|p1a: Nidoking|Nidoking, M|75\/100\n|\n|upkeep\n|turn|59\n|\n|t:|1618543118\n|move|p1a: Nidoking|Thunderbolt|p2a: Rotom\n|-damage|p2a: Rotom|0 fnt\n|faint|p2a: Rotom\n|\n|-fieldend|move: Electric Terrain\n|upkeep\n|\n|t:|1618543121\n|switch|p2a: Zeraora|Zeraora|31\/100\n|turn|60\n|\n|t:|1618543128\n|switch|p1a: Amoonguss|Amoonguss, F|66\/100\n|move|p2a: Zeraora|Knock Off|p1a: Amoonguss\n|-damage|p1a: Amoonguss|45\/100\n|\n|upkeep\n|turn|61\n|\n|t:|1618543133\n|switch|p2a: Magnezone|Magnezone|62\/100\n|move|p1a: Amoonguss|Synthesis|p1a: Amoonguss\n|-heal|p1a: Amoonguss|95\/100\n|\n|-heal|p2a: Magnezone|68\/100|[from] item: Leftovers\n|upkeep\n|turn|62\n|\n|t:|1618543139\n|switch|p1a: Slowking|Slowking-Galar, M|81\/100\n|move|p2a: Magnezone|Substitute|p2a: Magnezone\n|-start|p2a: Magnezone|Substitute\n|-damage|p2a: Magnezone|43\/100\n|\n|-heal|p2a: Magnezone|49\/100|[from] item: Leftovers\n|upkeep\n|turn|63\n|l| Tytz\n|\n|t:|1618543142\n|move|p2a: Magnezone|Thunderbolt|p1a: Slowking\n|-damage|p1a: Slowking|61\/100\n|move|p1a: Slowking|Earthquake|p2a: Magnezone\n|-supereffective|p2a: Magnezone\n|-end|p2a: Magnezone|Substitute\n|\n|-heal|p2a: Magnezone|55\/100|[from] item: Leftovers\n|upkeep\n|turn|64\n|\n|t:|1618543148\n|move|p2a: Magnezone|Thunderbolt|p1a: Slowking\n|-damage|p1a: Slowking|41\/100\n|move|p1a: Slowking|Earthquake|p2a: Magnezone\n|-supereffective|p2a: Magnezone\n|-damage|p2a: Magnezone|0 fnt\n|faint|p2a: Magnezone\n|\n|upkeep\n|\n|t:|1618543152\n|switch|p2a: Regieleki|Regieleki|59\/100\n|turn|65\n|\n|t:|1618543156\n|move|p2a: Regieleki|Volt Switch|p1a: Slowking\n|-damage|p1a: Slowking|15\/100\n|\n|t:|1618543159\n|switch|p2a: Zeraora|Zeraora|31\/100|[from]move: Volt Switch\n|move|p1a: Slowking|Earthquake|p2a: Zeraora\n|-supereffective|p2a: Zeraora\n|-damage|p2a: Zeraora|0 fnt\n|faint|p2a: Zeraora\n|\n|upkeep\n|\n|t:|1618543161\n|switch|p2a: Regieleki|Regieleki|59\/100\n|turn|66\n|\n|t:|1618543162\n|move|p2a: Regieleki|Ancient Power|p1a: Slowking\n|-damage|p1a: Slowking|5\/100\n|move|p1a: Slowking|Earthquake|p2a: Regieleki\n|-supereffective|p2a: Regieleki\n|-damage|p2a: Regieleki|0 fnt\n|faint|p2a: Regieleki\n|\n|win|mets3569\n|n|\u2606mets3569|mets3569\n|n|\u2606X-Wing Fighter|xwingfighter\n|n|*Lady Monita|ladymonita\n|n| AgentKirby007|agentkirby007\n|n| Alphons123|alphons123\n|n|+Thinkerino\u203d|thinkerino\n|n| Anghult \u265e|anghult\n|n| Sosaso|sosaso\n|n| Dragon246|dragon246\n","uploadtime":1618543163,"views":16,"p1id":"mets3569","p2id":"xwingfighter","formatid":"gen8monotype","rating":0,"private":0,"password":null}