{"id":"gen8ou-1678920537","p1":"minimax_ai","p2":"superrouchuan","format":"gen8ou","log":"|j|\u2606minimax_ai\n|j|\u2606superrouchuan\n|t:|1665042434\n|gametype|singles\n|player|p1|minimax_ai|lusamine-nihilego|1470\n|player|p2|superrouchuan|juan|1467\n|teamsize|p1|6\n|teamsize|p2|6\n|gen|8\n|tier|[Gen 8] OU\n|rated|\n|rule|Sleep Clause Mod: Limit one foe put to sleep\n|rule|Species Clause: Limit one of each Pok\u00e9mon\n|rule|OHKO Clause: OHKO moves are banned\n|rule|Evasion Items Clause: Evasion items are banned\n|rule|Evasion Moves Clause: Evasion moves are banned\n|rule|Endless Battle Clause: Forcing endless battles is banned\n|rule|HP Percentage Mod: HP is shown in percentages\n|rule|Dynamax Clause: You cannot dynamax\n|clearpoke\n|poke|p1|Rotom-Wash|\n|poke|p1|Weavile, M|\n|poke|p1|Landorus-Therian, M|\n|poke|p1|Heatran, M|\n|poke|p1|Tangrowth, M|\n|poke|p1|Melmetal|\n|poke|p2|Snorlax, F|\n|poke|p2|Tapu Lele|\n|poke|p2|Tyranitar, M|\n|poke|p2|Zapdos|\n|poke|p2|Garchomp, M|\n|poke|p2|Buzzwole|\n|teampreview\n|c|\u2606minimax_ai|hf\n|inactive|Battle timer is ON: inactive players will automatically lose when time's up. (requested by minimax_ai)\n|\n|t:|1665042447\n|start\n|switch|p1a: landorustherian|Landorus-Therian, M|100\/100\n|switch|p2a: \u8776\u8776|Tapu Lele|100\/100\n|-fieldstart|move: Psychic Terrain|[from] ability: Psychic Surge|[of] p2a: \u8776\u8776\n|-ability|p1a: landorustherian|Intimidate|boost\n|-unboost|p2a: \u8776\u8776|atk|1\n|turn|1\n|\n|t:|1665042451\n|move|p2a: \u8776\u8776|Psychic|p1a: landorustherian\n|-damage|p1a: landorustherian|47\/100\n|move|p1a: landorustherian|Earthquake|p2a: \u8776\u8776\n|-damage|p2a: \u8776\u8776|31\/100\n|\n|-heal|p1a: landorustherian|54\/100|[from] item: Leftovers\n|upkeep\n|turn|2\n|\n|t:|1665042459\n|move|p2a: \u8776\u8776|Psychic|p1a: landorustherian\n|-damage|p1a: landorustherian|5\/100\n|move|p1a: landorustherian|Toxic|p2a: \u8776\u8776\n|-status|p2a: \u8776\u8776|tox\n|\n|-heal|p1a: landorustherian|11\/100|[from] item: Leftovers\n|-damage|p2a: \u8776\u8776|25\/100 tox|[from] psn\n|upkeep\n|turn|3\n|\n|t:|1665042469\n|switch|p2a: \u868a\u7237\u7237|Buzzwole|100\/100\n|switch|p1a: Melmetal|Melmetal|100\/100\n|\n|upkeep\n|turn|4\n|\n|t:|1665042472\n|switch|p1a: Tangrowth|Tangrowth, M|100\/100\n|move|p2a: \u868a\u7237\u7237|Close Combat|p1a: Tangrowth\n|-damage|p1a: Tangrowth|66\/100\n|-unboost|p2a: \u868a\u7237\u7237|def|1\n|-unboost|p2a: \u868a\u7237\u7237|spd|1\n|-damage|p2a: \u868a\u7237\u7237|84\/100|[from] item: Rocky Helmet|[of] p1a: Tangrowth\n|\n|upkeep\n|turn|5\n|\n|t:|1665042478\n|switch|p2a: \u9e1f\u54e5\u4e0d\u4ec5\u6709\u7a33\u91cd\u7684\u4e00\u9762|Zapdos|100\/100\n|move|p1a: Tangrowth|Giga Drain|p2a: \u9e1f\u54e5\u4e0d\u4ec5\u6709\u7a33\u91cd\u7684\u4e00\u9762\n|-resisted|p2a: \u9e1f\u54e5\u4e0d\u4ec5\u6709\u7a33\u91cd\u7684\u4e00\u9762\n|-damage|p2a: \u9e1f\u54e5\u4e0d\u4ec5\u6709\u7a33\u91cd\u7684\u4e00\u9762|83\/100\n|-heal|p1a: Tangrowth|73\/100|[from] drain|[of] p2a: \u9e1f\u54e5\u4e0d\u4ec5\u6709\u7a33\u91cd\u7684\u4e00\u9762\n|\n|-fieldend|move: Psychic Terrain\n|upkeep\n|turn|6\n|\n|t:|1665042485\n|switch|p1a: Melmetal|Melmetal|100\/100\n|move|p2a: \u9e1f\u54e5\u4e0d\u4ec5\u6709\u7a33\u91cd\u7684\u4e00\u9762|Hurricane|p1a: Melmetal\n|-resisted|p1a: Melmetal\n|-damage|p1a: Melmetal|75\/100\n|\n|upkeep\n|turn|7\n|\n|t:|1665042496\n|switch|p2a: \u8776\u8776|Tapu Lele|25\/100 tox\n|-fieldstart|move: Psychic Terrain|[from] ability: Psychic Surge|[of] p2a: \u8776\u8776\n|move|p1a: Melmetal|Ice Punch|p2a: \u8776\u8776\n|-damage|p2a: \u8776\u8776|0 fnt\n|faint|p2a: \u8776\u8776\n|\n|upkeep\n|\n|t:|1665042503\n|switch|p2a: \u9e1f\u54e5\u4e0d\u4ec5\u6709\u7a33\u91cd\u7684\u4e00\u9762|Zapdos|83\/100\n|turn|8\n|\n|t:|1665042504\n|move|p2a: \u9e1f\u54e5\u4e0d\u4ec5\u6709\u7a33\u91cd\u7684\u4e00\u9762|Heat Wave|p1a: Melmetal\n|-supereffective|p1a: Melmetal\n|-damage|p1a: Melmetal|22\/100\n|move|p1a: Melmetal|Ice Punch|p2a: \u9e1f\u54e5\u4e0d\u4ec5\u6709\u7a33\u91cd\u7684\u4e00\u9762\n|-supereffective|p2a: \u9e1f\u54e5\u4e0d\u4ec5\u6709\u7a33\u91cd\u7684\u4e00\u9762\n|-damage|p2a: \u9e1f\u54e5\u4e0d\u4ec5\u6709\u7a33\u91cd\u7684\u4e00\u9762|4\/100\n|\n|upkeep\n|turn|9\n|\n|t:|1665042509\n|switch|p1a: rotomwash|Rotom-Wash|100\/100\n|move|p2a: \u9e1f\u54e5\u4e0d\u4ec5\u6709\u7a33\u91cd\u7684\u4e00\u9762|Heat Wave|p1a: rotomwash\n|-resisted|p1a: rotomwash\n|-damage|p1a: rotomwash|70\/100\n|\n|-heal|p1a: rotomwash|76\/100|[from] item: Leftovers\n|upkeep\n|turn|10\n|\n|t:|1665042516\n|switch|p2a: \u5e26\u6076\u4eba|Tyranitar, M|100\/100\n|-weather|Sandstorm|[from] ability: Sand Stream|[of] p2a: \u5e26\u6076\u4eba\n|move|p1a: rotomwash|Nasty Plot|p1a: rotomwash\n|-boost|p1a: rotomwash|spa|2\n|\n|-weather|Sandstorm|[upkeep]\n|-damage|p1a: rotomwash|70\/100|[from] Sandstorm\n|-heal|p1a: rotomwash|76\/100|[from] item: Leftovers\n|upkeep\n|turn|11\n|\n|t:|1665042519\n|switch|p1a: Tangrowth|Tangrowth, M|100\/100\n|move|p2a: \u5e26\u6076\u4eba|Dragon Tail|p1a: Tangrowth\n|-damage|p1a: Tangrowth|91\/100\n|-damage|p2a: \u5e26\u6076\u4eba|84\/100|[from] item: Rocky Helmet|[of] p1a: Tangrowth\n|drag|p1a: Heatran|Heatran, M|100\/100\n|-item|p1a: Heatran|Air Balloon\n|\n|-weather|Sandstorm|[upkeep]\n|-fieldend|move: Psychic Terrain\n|upkeep\n|turn|12\n|\n|t:|1665042523\n|switch|p1a: Tangrowth|Tangrowth, M|100\/100\n|move|p2a: \u5e26\u6076\u4eba|Crunch|p1a: Tangrowth\n|-damage|p1a: Tangrowth|83\/100\n|-damage|p2a: \u5e26\u6076\u4eba|67\/100|[from] item: Rocky Helmet|[of] p1a: Tangrowth\n|\n|-weather|Sandstorm|[upkeep]\n|-damage|p1a: Tangrowth|77\/100|[from] Sandstorm\n|upkeep\n|turn|13\n|\n|t:|1665042529\n|switch|p2a: \u6253\u4e86\u4e94\u5c40\u4e00\u4e2a\u6280\u80fd\u6ca1\u653e|Garchomp, M|100\/100\n|move|p1a: Tangrowth|Giga Drain|p2a: \u6253\u4e86\u4e94\u5c40\u4e00\u4e2a\u6280\u80fd\u6ca1\u653e\n|-damage|p2a: \u6253\u4e86\u4e94\u5c40\u4e00\u4e2a\u6280\u80fd\u6ca1\u653e|69\/100\n|-heal|p1a: Tangrowth|91\/100|[from] drain|[of] p2a: \u6253\u4e86\u4e94\u5c40\u4e00\u4e2a\u6280\u80fd\u6ca1\u653e\n|\n|-weather|Sandstorm|[upkeep]\n|-damage|p1a: Tangrowth|85\/100|[from] Sandstorm\n|upkeep\n|turn|14\n|\n|t:|1665042532\n|move|p2a: \u6253\u4e86\u4e94\u5c40\u4e00\u4e2a\u6280\u80fd\u6ca1\u653e|Poison Jab|p1a: Tangrowth\n|-supereffective|p1a: Tangrowth\n|-damage|p1a: Tangrowth|41\/100\n|-damage|p2a: \u6253\u4e86\u4e94\u5c40\u4e00\u4e2a\u6280\u80fd\u6ca1\u653e|52\/100|[from] item: Rocky Helmet|[of] p1a: Tangrowth\n|move|p1a: Tangrowth|Sleep Powder|p2a: \u6253\u4e86\u4e94\u5c40\u4e00\u4e2a\u6280\u80fd\u6ca1\u653e\n|-status|p2a: \u6253\u4e86\u4e94\u5c40\u4e00\u4e2a\u6280\u80fd\u6ca1\u653e|slp|[from] move: Sleep Powder\n|\n|-weather|none\n|upkeep\n|turn|15\n|\n|t:|1665042539\n|cant|p2a: \u6253\u4e86\u4e94\u5c40\u4e00\u4e2a\u6280\u80fd\u6ca1\u653e|slp\n|move|p1a: Tangrowth|Giga Drain|p2a: \u6253\u4e86\u4e94\u5c40\u4e00\u4e2a\u6280\u80fd\u6ca1\u653e\n|-damage|p2a: \u6253\u4e86\u4e94\u5c40\u4e00\u4e2a\u6280\u80fd\u6ca1\u653e|19\/100 slp\n|-heal|p1a: Tangrowth|56\/100|[from] drain|[of] p2a: \u6253\u4e86\u4e94\u5c40\u4e00\u4e2a\u6280\u80fd\u6ca1\u653e\n|\n|upkeep\n|turn|16\n|\n|t:|1665042541\n|-curestatus|p2a: \u6253\u4e86\u4e94\u5c40\u4e00\u4e2a\u6280\u80fd\u6ca1\u653e|slp|[msg]\n|move|p2a: \u6253\u4e86\u4e94\u5c40\u4e00\u4e2a\u6280\u80fd\u6ca1\u653e|Poison Jab|p1a: Tangrowth\n|-supereffective|p1a: Tangrowth\n|-damage|p1a: Tangrowth|13\/100\n|-damage|p2a: \u6253\u4e86\u4e94\u5c40\u4e00\u4e2a\u6280\u80fd\u6ca1\u653e|2\/100|[from] item: Rocky Helmet|[of] p1a: Tangrowth\n|move|p1a: Tangrowth|Giga Drain|p2a: \u6253\u4e86\u4e94\u5c40\u4e00\u4e2a\u6280\u80fd\u6ca1\u653e\n|-damage|p2a: \u6253\u4e86\u4e94\u5c40\u4e00\u4e2a\u6280\u80fd\u6ca1\u653e|0 fnt\n|-heal|p1a: Tangrowth|14\/100|[from] drain|[of] p2a: \u6253\u4e86\u4e94\u5c40\u4e00\u4e2a\u6280\u80fd\u6ca1\u653e\n|faint|p2a: \u6253\u4e86\u4e94\u5c40\u4e00\u4e2a\u6280\u80fd\u6ca1\u653e\n|\n|upkeep\n|\n|t:|1665042545\n|switch|p2a: \u9e1f\u54e5\u4e0d\u4ec5\u6709\u7a33\u91cd\u7684\u4e00\u9762|Zapdos|4\/100\n|turn|17\n|\n|t:|1665042550\n|switch|p1a: landorustherian|Landorus-Therian, M|11\/100\n|-ability|p1a: landorustherian|Intimidate|boost\n|-unboost|p2a: \u9e1f\u54e5\u4e0d\u4ec5\u6709\u7a33\u91cd\u7684\u4e00\u9762|atk|1\n|move|p2a: \u9e1f\u54e5\u4e0d\u4ec5\u6709\u7a33\u91cd\u7684\u4e00\u9762|Volt Switch|p1a: landorustherian\n|-immune|p1a: landorustherian\n|\n|-heal|p1a: landorustherian|17\/100|[from] item: Leftovers\n|upkeep\n|turn|18\n|\n|t:|1665042553\n|switch|p2a: \u6c38\u8fdc\u7684\u5361\u5723|Snorlax, F|100\/100\n|move|p1a: landorustherian|Toxic|p2a: \u6c38\u8fdc\u7684\u5361\u5723|[miss]\n|-miss|p1a: landorustherian|p2a: \u6c38\u8fdc\u7684\u5361\u5723\n|\n|-heal|p1a: landorustherian|23\/100|[from] item: Leftovers\n|upkeep\n|turn|19\n|\n|t:|1665042558\n|switch|p1a: Tangrowth|Tangrowth, M|47\/100\n|move|p2a: \u6c38\u8fdc\u7684\u5361\u5723|Heavy Slam|p1a: Tangrowth\n|-damage|p1a: Tangrowth|32\/100\n|-damage|p2a: \u6c38\u8fdc\u7684\u5361\u5723|84\/100|[from] item: Rocky Helmet|[of] p1a: Tangrowth\n|\n|upkeep\n|turn|20\n|\n|t:|1665042565\n|move|p1a: Tangrowth|Sleep Powder|p2a: \u6c38\u8fdc\u7684\u5361\u5723|[miss]\n|-miss|p1a: Tangrowth|p2a: \u6c38\u8fdc\u7684\u5361\u5723\n|move|p2a: \u6c38\u8fdc\u7684\u5361\u5723|Heat Crash|p1a: Tangrowth\n|-supereffective|p1a: Tangrowth\n|-damage|p1a: Tangrowth|4\/100\n|-damage|p2a: \u6c38\u8fdc\u7684\u5361\u5723|67\/100|[from] item: Rocky Helmet|[of] p1a: Tangrowth\n|\n|upkeep\n|turn|21\n|\n|t:|1665042571\n|switch|p1a: Heatran|Heatran, M|100\/100\n|-item|p1a: Heatran|Air Balloon\n|switch|p2a: \u5e26\u6076\u4eba|Tyranitar, M|67\/100\n|-weather|Sandstorm|[from] ability: Sand Stream|[of] p2a: \u5e26\u6076\u4eba\n|\n|-weather|Sandstorm|[upkeep]\n|upkeep\n|turn|22\n|\n|t:|1665042575\n|move|p1a: Heatran|Earth Power|p2a: \u5e26\u6076\u4eba\n|-supereffective|p2a: \u5e26\u6076\u4eba\n|-damage|p2a: \u5e26\u6076\u4eba|34\/100\n|move|p2a: \u5e26\u6076\u4eba|Crunch|p1a: Heatran\n|-damage|p1a: Heatran|63\/100\n|-enditem|p1a: Heatran|Air Balloon\n|\n|-weather|Sandstorm|[upkeep]\n|upkeep\n|turn|23\n|\n|t:|1665042586\n|switch|p1a: rotomwash|Rotom-Wash|76\/100\n|move|p2a: \u5e26\u6076\u4eba|Dragon Tail|p1a: rotomwash\n|-damage|p1a: rotomwash|56\/100\n|drag|p1a: Melmetal|Melmetal|22\/100\n|\n|-weather|Sandstorm|[upkeep]\n|upkeep\n|turn|24\n|\n|t:|1665042592\n|switch|p1a: landorustherian|Landorus-Therian, M|23\/100\n|-ability|p1a: landorustherian|Intimidate|boost\n|-unboost|p2a: \u5e26\u6076\u4eba|atk|1\n|move|p2a: \u5e26\u6076\u4eba|Crunch|p1a: landorustherian\n|-damage|p1a: landorustherian|0 fnt\n|faint|p1a: landorustherian\n|\n|-weather|Sandstorm|[upkeep]\n|upkeep\n|\n|t:|1665042592\n|switch|p1a: Tangrowth|Tangrowth, M|37\/100\n|turn|25\n|\n|t:|1665042599\n|move|p1a: Tangrowth|Giga Drain|p2a: \u5e26\u6076\u4eba\n|-supereffective|p2a: \u5e26\u6076\u4eba\n|-damage|p2a: \u5e26\u6076\u4eba|0 fnt\n|-heal|p1a: Tangrowth|53\/100|[from] drain|[of] p2a: \u5e26\u6076\u4eba\n|faint|p2a: \u5e26\u6076\u4eba\n|\n|-weather|none\n|upkeep\n|\n|t:|1665042602\n|switch|p2a: \u9e1f\u54e5\u4e0d\u4ec5\u6709\u7a33\u91cd\u7684\u4e00\u9762|Zapdos|4\/100\n|turn|26\n|\n|t:|1665042611\n|switch|p1a: Melmetal|Melmetal|22\/100\n|move|p2a: \u9e1f\u54e5\u4e0d\u4ec5\u6709\u7a33\u91cd\u7684\u4e00\u9762|Hurricane|p1a: Melmetal\n|-resisted|p1a: Melmetal\n|-damage|p1a: Melmetal|0 fnt\n|faint|p1a: Melmetal\n|\n|upkeep\n|\n|t:|1665042611\n|switch|p1a: rotomwash|Rotom-Wash|56\/100\n|turn|27\n|\n|t:|1665042620\n|switch|p2a: \u6c38\u8fdc\u7684\u5361\u5723|Snorlax, F|67\/100\n|move|p1a: rotomwash|Thunderbolt|p2a: \u6c38\u8fdc\u7684\u5361\u5723\n|-damage|p2a: \u6c38\u8fdc\u7684\u5361\u5723|46\/100\n|\n|-heal|p1a: rotomwash|63\/100|[from] item: Leftovers\n|upkeep\n|turn|28\n|\n|t:|1665042629\n|move|p1a: rotomwash|Thunderbolt|p2a: \u6c38\u8fdc\u7684\u5361\u5723\n|-damage|p2a: \u6c38\u8fdc\u7684\u5361\u5723|25\/100\n|move|p2a: \u6c38\u8fdc\u7684\u5361\u5723|Self-Destruct|p1a: rotomwash\n|-enditem|p2a: \u6c38\u8fdc\u7684\u5361\u5723|Normal Gem|[from] gem\n|-damage|p1a: rotomwash|0 fnt\n|faint|p2a: \u6c38\u8fdc\u7684\u5361\u5723\n|faint|p1a: rotomwash\n|\n|upkeep\n|\n|t:|1665042633\n|switch|p1a: Weavile|Weavile, M|100\/100\n|switch|p2a: \u868a\u7237\u7237|Buzzwole|84\/100\n|-ability|p1a: Weavile|Pressure\n|turn|29\n|\n|t:|1665042635\n|move|p2a: \u868a\u7237\u7237|Close Combat|p1a: Weavile\n|-supereffective|p1a: Weavile\n|-damage|p1a: Weavile|0 fnt\n|-unboost|p2a: \u868a\u7237\u7237|def|1\n|-unboost|p2a: \u868a\u7237\u7237|spd|1\n|faint|p1a: Weavile\n|-ability|p2a: \u868a\u7237\u7237|Beast Boost|boost\n|-boost|p2a: \u868a\u7237\u7237|atk|1\n|\n|upkeep\n|\n|t:|1665042635\n|switch|p1a: Heatran|Heatran, M|63\/100\n|turn|30\n|\n|t:|1665042638\n|move|p2a: \u868a\u7237\u7237|Close Combat|p1a: Heatran\n|-supereffective|p1a: Heatran\n|-damage|p1a: Heatran|0 fnt\n|-unboost|p2a: \u868a\u7237\u7237|def|1\n|-unboost|p2a: \u868a\u7237\u7237|spd|1\n|faint|p1a: Heatran\n|-ability|p2a: \u868a\u7237\u7237|Beast Boost|boost\n|-boost|p2a: \u868a\u7237\u7237|atk|1\n|\n|upkeep\n|\n|t:|1665042638\n|switch|p1a: Tangrowth|Tangrowth, M|87\/100\n|turn|31\n|\n|t:|1665042643\n|move|p2a: \u868a\u7237\u7237|Close Combat|p1a: Tangrowth\n|-damage|p1a: Tangrowth|21\/100\n|-unboost|p2a: \u868a\u7237\u7237|def|1\n|-unboost|p2a: \u868a\u7237\u7237|spd|1\n|-damage|p2a: \u868a\u7237\u7237|68\/100|[from] item: Rocky Helmet|[of] p1a: Tangrowth\n|move|p1a: Tangrowth|Sleep Powder|p2a: \u868a\u7237\u7237\n|-status|p2a: \u868a\u7237\u7237|slp|[from] move: Sleep Powder\n|\n|upkeep\n|turn|32\n|\n|t:|1665042649\n|cant|p2a: \u868a\u7237\u7237|slp\n|move|p1a: Tangrowth|Giga Drain|p2a: \u868a\u7237\u7237\n|-resisted|p2a: \u868a\u7237\u7237\n|-damage|p2a: \u868a\u7237\u7237|17\/100 slp\n|-heal|p1a: Tangrowth|44\/100|[from] drain|[of] p2a: \u868a\u7237\u7237\n|\n|upkeep\n|turn|33\n|\n|t:|1665042653\n|-curestatus|p2a: \u868a\u7237\u7237|slp|[msg]\n|move|p2a: \u868a\u7237\u7237|Close Combat|p1a: Tangrowth\n|-damage|p1a: Tangrowth|0 fnt\n|-unboost|p2a: \u868a\u7237\u7237|def|1\n|-unboost|p2a: \u868a\u7237\u7237|spd|1\n|-damage|p2a: \u868a\u7237\u7237|0 fnt|[from] item: Rocky Helmet|[of] p1a: Tangrowth\n|faint|p1a: Tangrowth\n|faint|p2a: \u868a\u7237\u7237\n|\n|win|superrouchuan\n|raw|minimax_ai's rating: 1470 &rarr; <strong>1450<\/strong><br \/>(-20 for losing)\n|raw|superrouchuan's rating: 1467 &rarr; <strong>1487<\/strong><br \/>(+20 for winning)\n|c|\u2606minimax_ai|gg\n|l|\u2606minimax_ai\n|l|\u2606superrouchuan\n|j|\u2606superrouchuan\n|player|p2|superrouchuan|juan\n|l|\u2606superrouchuan\n|player|p2|\n|j|\u2606superrouchuan\n|player|p2|superrouchuan|juan\n","uploadtime":1665042655,"views":19,"p1id":"minimaxai","p2id":"superrouchuan","formatid":"gen8ou","rating":1450,"private":0,"password":null}