{"id":"gen8uu-1112725528","p1":"banito13","p2":"OGamer289","format":"gen8uu","log":"|j|\u2606banito13\n|j|\u2606OGamer289\n|player|p1|banito13|barry|1120\n|player|p2|OGamer289|153|1111\n|teamsize|p1|6\n|teamsize|p2|6\n|gametype|singles\n|gen|8\n|tier|[Gen 8] UU\n|rated|\n|clearpoke\n|poke|p1|Copperajah, M|\n|poke|p1|Dusclops, M|\n|poke|p1|Bronzong|\n|poke|p1|Machamp, F|\n|poke|p1|Vikavolt, M|\n|poke|p1|Chandelure, M|\n|poke|p2|Haxorus, M|\n|poke|p2|Mantine, M|\n|poke|p2|Toxtricity, F|\n|poke|p2|Runerigus, M|\n|poke|p2|Arcanine, F|\n|poke|p2|Hitmonlee, M|\n|rule|Sleep Clause Mod: Limit one foe put to sleep\n|rule|Species Clause: Limit one of each Pok\u00e9mon\n|rule|OHKO Clause: OHKO moves are banned\n|rule|Evasion Moves Clause: Evasion moves are banned\n|rule|Endless Battle Clause: Forcing endless battles is banned\n|rule|HP Percentage Mod: HP is shown in percentages\n|rule|Dynamax Clause: You cannot dynamax\n|teampreview\n|inactive|Battle timer is ON: inactive players will automatically lose when time's up. (requested by OGamer289)\n|\n|start\n|switch|p1a: Bronzong|Bronzong, shiny|100\/100\n|switch|p2a: Komisch|Runerigus, M|100\/100\n|turn|1\n|\n|move|p2a: Komisch|Stealth Rock|p1a: Bronzong\n|-sidestart|p1: banito13|move: Stealth Rock\n|move|p1a: Bronzong|Stealth Rock|p2a: Komisch\n|-sidestart|p2: OGamer289|move: Stealth Rock\n|\n|upkeep\n|turn|2\n|\n|switch|p2a: Zu schlecht|Arcanine, F|100\/100\n|-ability|p2a: Zu schlecht|Intimidate|boost\n|-unboost|p1a: Bronzong|atk|1\n|move|p1a: Bronzong|Trick Room|p1a: Bronzong\n|-fieldstart|move: Trick Room|[of] p1a: Bronzong\n|\n|upkeep\n|turn|3\n|\n|move|p1a: Bronzong|Earthquake|p2a: Zu schlecht\n|-supereffective|p2a: Zu schlecht\n|-damage|p2a: Zu schlecht|58\/100\n|move|p2a: Zu schlecht|Flare Blitz|p1a: Bronzong\n|-supereffective|p1a: Bronzong\n|-damage|p1a: Bronzong|0 fnt\n|-damage|p2a: Zu schlecht|29\/100|[from] Recoil\n|faint|p1a: Bronzong\n|\n|upkeep\n|\n|switch|p1a: Copperajah|Copperajah, M, shiny|100\/100\n|-damage|p1a: Copperajah|94\/100|[from] Stealth Rock\n|turn|4\n|\n|switch|p2a: Komisch|Runerigus, M|100\/100\n|-damage|p2a: Komisch|94\/100|[from] Stealth Rock\n|move|p1a: Copperajah|Earthquake|p2a: Komisch\n|-damage|p2a: Komisch|73\/100\n|\n|-heal|p2a: Komisch|79\/100|[from] item: Leftovers\n|upkeep\n|turn|5\n|\n|move|p1a: Copperajah|Power Whip|p2a: Komisch\n|-supereffective|p2a: Komisch\n|-damage|p2a: Komisch|27\/100\n|-activate|p2a: Komisch|ability: Wandering Spirit|Heavy Metal|Wandering Spirit|[of] p1a: Copperajah\n|move|p2a: Komisch|Earthquake|p1a: Copperajah\n|-supereffective|p1a: Copperajah\n|-damage|p1a: Copperajah|23\/100\n|\n|-heal|p2a: Komisch|33\/100|[from] item: Leftovers\n|upkeep\n|turn|6\n|\n|switch|p2a: Zu schlecht|Arcanine, F|29\/100\n|-ability|p2a: Zu schlecht|Intimidate|boost\n|-unboost|p1a: Copperajah|atk|1\n|move|p1a: Copperajah|Power Whip|p2a: Zu schlecht\n|-resisted|p2a: Zu schlecht\n|-damage|p2a: Zu schlecht|12\/100\n|\n|-fieldend|move: Trick Room\n|upkeep\n|turn|7\n|\n|move|p2a: Zu schlecht|Flare Blitz|p1a: Copperajah\n|-supereffective|p1a: Copperajah\n|-damage|p1a: Copperajah|0 fnt\n|-activate|p1a: Copperajah|ability: Wandering Spirit|Intimidate|Wandering Spirit|[of] p2a: Zu schlecht\n|-damage|p2a: Zu schlecht|3\/100|[from] Recoil\n|faint|p1a: Copperajah\n|\n|upkeep\n|\n|switch|p1a: Chandelure|Chandelure, M|100\/100\n|-damage|p1a: Chandelure|76\/100|[from] Stealth Rock\n|turn|8\n|\n|switch|p2a: Mantarochen|Mantine, M|100\/100\n|-damage|p2a: Mantarochen|76\/100|[from] Stealth Rock\n|move|p1a: Chandelure|Shadow Ball|p2a: Mantarochen\n|-damage|p2a: Mantarochen|52\/100\n|\n|-heal|p2a: Mantarochen|58\/100|[from] item: Leftovers\n|upkeep\n|turn|9\n|\n|switch|p1a: Dusclops|Dusclops, M, shiny|100\/100\n|-damage|p1a: Dusclops|88\/100|[from] Stealth Rock\n|-ability|p1a: Dusclops|Pressure\n|move|p2a: Mantarochen|Roost|p2a: Mantarochen\n|-heal|p2a: Mantarochen|100\/100\n|-singleturn|p2a: Mantarochen|move: Roost\n|\n|upkeep\n|turn|10\n|\n|move|p2a: Mantarochen|Toxic|p1a: Dusclops|[miss]\n|-miss|p2a: Mantarochen|p1a: Dusclops\n|move|p1a: Dusclops|Trick Room|p1a: Dusclops\n|-fieldstart|move: Trick Room|[of] p1a: Dusclops\n|\n|upkeep\n|turn|11\n|\n|switch|p1a: Vikavolt|Vikavolt, M, shiny|100\/100\n|-damage|p1a: Vikavolt|76\/100|[from] Stealth Rock\n|move|p2a: Mantarochen|Toxic|p1a: Vikavolt\n|-status|p1a: Vikavolt|tox\n|\n|-damage|p1a: Vikavolt|69\/100 tox|[from] psn\n|upkeep\n|turn|12\n|\n|switch|p2a: Zu schlecht|Arcanine, F|3\/100\n|-ability|p2a: Zu schlecht|Intimidate|boost\n|-unboost|p1a: Vikavolt|atk|1\n|move|p1a: Vikavolt|Volt Switch|p2a: Zu schlecht\n|-damage|p2a: Zu schlecht|0 fnt\n|faint|p2a: Zu schlecht\n|\n|switch|p1a: Machamp|Machamp, F|100\/100|[from]move: Volt Switch\n|-damage|p1a: Machamp|94\/100|[from] Stealth Rock\n|\n|upkeep\n|\n|switch|p2a: Flex|Toxtricity, F|100\/100\n|-damage|p2a: Flex|88\/100|[from] Stealth Rock\n|turn|13\n|\n|move|p1a: Machamp|Earthquake|p2a: Flex\n|-supereffective|p2a: Flex\n|-damage|p2a: Flex|0 fnt\n|faint|p2a: Flex\n|\n|upkeep\n|\n|switch|p2a: Komisch|Runerigus, M|33\/100\n|-damage|p2a: Komisch|27\/100|[from] Stealth Rock\n|turn|14\n|\n|move|p2a: Komisch|Earthquake|p1a: Machamp\n|-damage|p1a: Machamp|60\/100\n|move|p1a: Machamp|Earthquake|p2a: Komisch\n|-damage|p2a: Komisch|0 fnt\n|faint|p2a: Komisch\n|\n|-fieldend|move: Trick Room\n|upkeep\n|\n|switch|p2a: Dragon Fly|Haxorus, M, shiny|100\/100\n|-damage|p2a: Dragon Fly|88\/100|[from] Stealth Rock\n|-ability|p2a: Dragon Fly|Mold Breaker\n|turn|15\n|\n|switch|p1a: Dusclops|Dusclops, M, shiny|88\/100\n|-damage|p1a: Dusclops|76\/100|[from] Stealth Rock\n|-ability|p1a: Dusclops|Pressure\n|move|p2a: Dragon Fly|Dragon Claw|p1a: Dusclops\n|-damage|p1a: Dusclops|43\/100\n|-damage|p2a: Dragon Fly|78\/100|[from] item: Life Orb\n|\n|upkeep\n|turn|16\n|\n|move|p2a: Dragon Fly|Dragon Claw|p1a: Dusclops\n|-damage|p1a: Dusclops|11\/100\n|-damage|p2a: Dragon Fly|69\/100|[from] item: Life Orb\n|move|p1a: Dusclops|Trick Room|p1a: Dusclops\n|-fieldstart|move: Trick Room|[of] p1a: Dusclops\n|\n|upkeep\n|turn|17\n|\n|switch|p2a: Mantarochen|Mantine, M|100\/100\n|-damage|p2a: Mantarochen|76\/100|[from] Stealth Rock\n|move|p1a: Dusclops|Will-O-Wisp|p2a: Mantarochen\n|-status|p2a: Mantarochen|brn\n|\n|-heal|p2a: Mantarochen|82\/100 brn|[from] item: Leftovers\n|-damage|p2a: Mantarochen|76\/100 brn|[from] brn\n|upkeep\n|turn|18\n|\n|move|p1a: Dusclops|Memento|p2a: Mantarochen\n|-unboost|p2a: Mantarochen|atk|2\n|-unboost|p2a: Mantarochen|spa|2\n|faint|p1a: Dusclops\n|move|p2a: Mantarochen|Scald|p1: Dusclops|[notarget]\n|-fail|p2a: Mantarochen\n|\n|-heal|p2a: Mantarochen|82\/100 brn|[from] item: Leftovers\n|-damage|p2a: Mantarochen|76\/100 brn|[from] brn\n|upkeep\n|\n|switch|p1a: Vikavolt|Vikavolt, M, shiny|69\/100 tox\n|-damage|p1a: Vikavolt|45\/100 tox|[from] Stealth Rock\n|turn|19\n|\n|move|p1a: Vikavolt|Volt Switch|p2a: Mantarochen\n|-supereffective|p2a: Mantarochen\n|-damage|p2a: Mantarochen|0 fnt\n|faint|p2a: Mantarochen\n|\n|switch|p1a: Machamp|Machamp, F|60\/100|[from]move: Volt Switch\n|-damage|p1a: Machamp|54\/100|[from] Stealth Rock\n|\n|upkeep\n|\n|switch|p2a: Dragon Fly|Haxorus, M, shiny|69\/100\n|-damage|p2a: Dragon Fly|56\/100|[from] Stealth Rock\n|-ability|p2a: Dragon Fly|Mold Breaker\n|turn|20\n|\n|move|p2a: Dragon Fly|First Impression|p1a: Machamp\n|-resisted|p1a: Machamp\n|-damage|p1a: Machamp|26\/100\n|-damage|p2a: Dragon Fly|46\/100|[from] item: Life Orb\n|move|p1a: Machamp|Dynamic Punch|p2a: Dragon Fly\n|-damage|p2a: Dragon Fly|0 fnt\n|faint|p2a: Dragon Fly\n|\n|-fieldend|move: Trick Room\n|upkeep\n|\n|switch|p2a: In die Fresse|Hitmonlee, M|100\/100\n|-damage|p2a: In die Fresse|94\/100|[from] Stealth Rock\n|turn|21\n|\n|move|p2a: In die Fresse|Poison Jab|p1a: Machamp\n|-damage|p1a: Machamp|0 fnt\n|-damage|p2a: In die Fresse|84\/100|[from] item: Life Orb\n|faint|p1a: Machamp\n|\n|upkeep\n|\n|switch|p1a: Chandelure|Chandelure, M|76\/100\n|-damage|p1a: Chandelure|51\/100|[from] Stealth Rock\n|turn|22\n|\n|move|p1a: Chandelure|Flamethrower|p2a: In die Fresse\n|-damage|p2a: In die Fresse|20\/100\n|move|p2a: In die Fresse|Stone Edge|p1a: Chandelure\n|-supereffective|p1a: Chandelure\n|-damage|p1a: Chandelure|0 fnt\n|-damage|p2a: In die Fresse|10\/100|[from] item: Life Orb\n|faint|p1a: Chandelure\n|\n|upkeep\n|\n|switch|p1a: Vikavolt|Vikavolt, M, shiny|45\/100 tox\n|-damage|p1a: Vikavolt|20\/100 tox|[from] Stealth Rock\n|turn|23\n|\n|move|p2a: In die Fresse|Poison Jab|p1a: Vikavolt\n|-damage|p1a: Vikavolt|0 fnt\n|-damage|p2a: In die Fresse|0 fnt|[from] item: Life Orb\n|faint|p1a: Vikavolt\n|faint|p2a: In die Fresse\n|\n|win|OGamer289\n|l|\u2606OGamer289\n","uploadtime":1589208866,"views":6,"p1id":"banito13","p2id":"ogamer289","formatid":"gen8uu","rating":0,"private":0,"password":null}