{"id":"gen8uu-1264324067","p1":"SkipTheDripBayless","p2":"Solobigbagalert","format":"gen8uu","log":"|j|\u2606SkipTheDripBayless\n|j|\u2606Solobigbagalert\n|t:|1610929907\n|player|p1|SkipTheDripBayless|youngathletef|\n|player|p2|Solobigbagalert|lucas|\n|teamsize|p1|6\n|teamsize|p2|6\n|gametype|singles\n|gen|8\n|tier|[Gen 8] UU\n|clearpoke\n|poke|p1|Bisharp, F|\n|poke|p1|Amoonguss, M|\n|poke|p1|Skarmory, F|\n|poke|p1|Chansey, F|\n|poke|p1|Keldeo-Resolute|\n|poke|p1|Rotom-Heat|\n|poke|p2|Magnezone|\n|poke|p2|Alakazam, M|\n|poke|p2|Krookodile, F|\n|poke|p2|Kyurem|\n|poke|p2|Gyarados, F|\n|poke|p2|Amoonguss, M|\n|rule|Sleep Clause Mod: Limit one foe put to sleep\n|rule|Species Clause: Limit one of each Pok\u00e9mon\n|rule|OHKO Clause: OHKO moves are banned\n|rule|Evasion Moves Clause: Evasion moves are banned\n|rule|Endless Battle Clause: Forcing endless battles is banned\n|rule|HP Percentage Mod: HP is shown in percentages\n|rule|Dynamax Clause: You cannot dynamax\n|teampreview\n|c|\u2606SkipTheDripBayless|do u remember\n|c|\u2606SkipTheDripBayless|that prim team\n|c|\u2606SkipTheDripBayless|u havent beat\n|c|\u2606Solobigbagalert|2 times\n|c|\u2606Solobigbagalert|do u remember all those shit stalls i owned\n|c|\u2606Solobigbagalert|with that kommo zera team for reqs\n|\n|t:|1610929970\n|start\n|switch|p1a: Keldeo|Keldeo-Resolute|100\/100\n|switch|p2a: Krookodile|Krookodile, F|100\/100\n|-ability|p2a: Krookodile|Intimidate|boost\n|-unboost|p1a: Keldeo|atk|1\n|turn|1\n|c|\u2606SkipTheDripBayless|u beat me 2 times\n|c|\u2606Solobigbagalert|more than that\n|c|\u2606SkipTheDripBayless|and then i beat u 2 times\n|c|\u2606Solobigbagalert|u just have bad memoryu\n|j| Katopris\n|\n|t:|1610929982\n|switch|p2a: Amoonguss|Amoonguss, M|100\/100\n|move|p1a: Keldeo|Scald|p2a: Amoonguss\n|-resisted|p2a: Amoonguss\n|-damage|p2a: Amoonguss|81\/100\n|-status|p2a: Amoonguss|brn\n|-enditem|p2a: Amoonguss|Eject Button\n|c|\u2606Solobigbagalert|eject\n|c|\u2606Solobigbagalert|br\n|\n|t:|1610929988\n|switch|p2a: Kyurem|Kyurem|100\/100\n|-ability|p2a: Kyurem|Pressure\n|\n|upkeep\n|turn|2\n|l| Katopris\n|c|\u2606Solobigbagalert|cm\n|\n|t:|1610930013\n|switch|p1a: Chansey|Chansey, F|100\/100\n|move|p2a: Kyurem|Freeze-Dry|p1a: Chansey\n|-damage|p1a: Chansey|90\/100\n|\n|upkeep\n|turn|3\n|c|\u2606SkipTheDripBayless|broksi\n|c|\u2606SkipTheDripBayless|if u dont click\n|c|\u2606Solobigbagalert|mb\n|\n|t:|1610930076\n|switch|p2a: Krookodile|Krookodile, F|100\/100\n|-ability|p2a: Krookodile|Intimidate|boost\n|-unboost|p1a: Chansey|atk|1\n|move|p1a: Chansey|Stealth Rock|p2a: Krookodile\n|-sidestart|p2: Solobigbagalert|move: Stealth Rock\n|\n|upkeep\n|turn|4\n|\n|t:|1610930085\n|switch|p1a: Amoonguss|Amoonguss, M, shiny|100\/100\n|move|p2a: Krookodile|Stealth Rock|p1a: Amoonguss\n|-sidestart|p1: SkipTheDripBayless|move: Stealth Rock\n|\n|upkeep\n|turn|5\n|\n|t:|1610930089\n|switch|p2a: Amoonguss|Amoonguss, M|100\/100 brn\n|-damage|p2a: Amoonguss|88\/100 brn|[from] Stealth Rock\n|move|p1a: Amoonguss|Giga Drain|p2a: Amoonguss\n|-resisted|p2a: Amoonguss\n|-damage|p2a: Amoonguss|82\/100 brn\n|\n|-damage|p2a: Amoonguss|76\/100 brn|[from] brn\n|upkeep\n|turn|6\n|\n|t:|1610930092\n|switch|p2a: Magnezone|Magnezone|100\/100\n|-damage|p2a: Magnezone|94\/100|[from] Stealth Rock\n|move|p1a: Amoonguss|Sludge Bomb|p2a: Magnezone\n|-immune|p2a: Magnezone\n|\n|upkeep\n|turn|7\n|\n|t:|1610930101\n|move|p2a: Magnezone|Volt Switch|p1a: Amoonguss\n|-resisted|p1a: Amoonguss\n|-damage|p1a: Amoonguss|74\/100\n|\n|t:|1610930102\n|switch|p2a: Amoonguss|Amoonguss, M|100\/100 brn|[from]move: Volt Switch\n|-damage|p2a: Amoonguss|88\/100 brn|[from] Stealth Rock\n|move|p1a: Amoonguss|Spore|p2a: Amoonguss\n|-immune|p2a: Amoonguss\n|\n|-heal|p1a: Amoonguss|80\/100|[from] item: Black Sludge\n|-damage|p2a: Amoonguss|82\/100 brn|[from] brn\n|upkeep\n|turn|8\n|c|\u2606SkipTheDripBayless|jesus\n|\n|t:|1610930114\n|move|p2a: Amoonguss|Sludge Bomb|p1a: Amoonguss\n|-damage|p1a: Amoonguss|57\/100\n|move|p1a: Amoonguss|Sludge Bomb|p2a: Amoonguss\n|-damage|p2a: Amoonguss|57\/100 brn\n|\n|-heal|p1a: Amoonguss|63\/100|[from] item: Black Sludge\n|-damage|p2a: Amoonguss|50\/100 brn|[from] brn\n|upkeep\n|turn|9\n|\n|t:|1610930126\n|switch|p1a: Chansey|Chansey, F|90\/100\n|-damage|p1a: Chansey|78\/100|[from] Stealth Rock\n|move|p2a: Amoonguss|Sludge Bomb|p1a: Chansey\n|-damage|p1a: Chansey|70\/100\n|\n|-damage|p2a: Amoonguss|44\/100 brn|[from] brn\n|upkeep\n|turn|10\n|\n|t:|1610930153\n|switch|p2a: Krookodile|Krookodile, F|100\/100\n|-damage|p2a: Krookodile|94\/100|[from] Stealth Rock\n|-ability|p2a: Krookodile|Intimidate|boost\n|-unboost|p1a: Chansey|atk|1\n|move|p1a: Chansey|Soft-Boiled|p1a: Chansey\n|-heal|p1a: Chansey|100\/100\n|\n|upkeep\n|turn|11\n|\n|t:|1610930165\n|switch|p1a: Amoonguss|Amoonguss, M, shiny|97\/100\n|-damage|p1a: Amoonguss|84\/100|[from] Stealth Rock\n|move|p2a: Krookodile|Knock Off|p1a: Amoonguss\n|-damage|p1a: Amoonguss|49\/100\n|-enditem|p1a: Amoonguss|Black Sludge|[from] move: Knock Off|[of] p2a: Krookodile\n|\n|upkeep\n|turn|12\n|\n|t:|1610930171\n|switch|p2a: Amoonguss|Amoonguss, M|78\/100 brn\n|-damage|p2a: Amoonguss|65\/100 brn|[from] Stealth Rock\n|switch|p1a: Rotom|Rotom-Heat|100\/100\n|\n|-damage|p2a: Amoonguss|59\/100 brn|[from] brn\n|upkeep\n|turn|13\n|c|\u2606Solobigbagalert|fuck off\n|c|\u2606Solobigbagalert|i be playing too safe\n|c|\u2606Solobigbagalert|ur not tox\n|c|\u2606SkipTheDripBayless|midground\n|c|\u2606Solobigbagalert|i know this\n|\n|t:|1610930197\n|switch|p2a: Kyurem|Kyurem|100\/100\n|-ability|p2a: Kyurem|Pressure\n|move|p1a: Rotom|Overheat|p2a: Kyurem\n|-damage|p2a: Kyurem|58\/100\n|-unboost|p1a: Rotom|spa|2\n|\n|upkeep\n|turn|14\n|c|\u2606Solobigbagalert|question skip\n|c|\u2606Solobigbagalert|how does zam not win\n|c|\u2606SkipTheDripBayless|you'll see\n|c|\u2606Solobigbagalert|after i knock\n|c|\u2606SkipTheDripBayless|wk strats\n|c|\u2606Solobigbagalert|hansey\n|\n|t:|1610930215\n|move|p2a: Kyurem|Substitute|p2a: Kyurem\n|-start|p2a: Kyurem|Substitute\n|-damage|p2a: Kyurem|33\/100\n|move|p1a: Rotom|Nasty Plot|p1a: Rotom\n|-boost|p1a: Rotom|spa|2\n|\n|upkeep\n|turn|15\n|c|\u2606Solobigbagalert|how does\n|c|\u2606Solobigbagalert|it not win\n|\n|t:|1610930227\n|switch|p1a: Chansey|Chansey, F|100\/100\n|-damage|p1a: Chansey|88\/100|[from] Stealth Rock\n|move|p2a: Kyurem|Roost|p2a: Kyurem\n|-heal|p2a: Kyurem|83\/100\n|-singleturn|p2a: Kyurem|move: Roost\n|\n|upkeep\n|turn|16\n|c|\u2606Solobigbagalert|i just hit 2 blasts\n|c|\u2606Solobigbagalert|on bish and\n|c|\u2606Solobigbagalert|skarm\n|c|\u2606SkipTheDripBayless|listen\n|\n|t:|1610930238\n|move|p2a: Kyurem|Freeze-Dry|p1a: Chansey\n|-damage|p1a: Chansey|77\/100\n|move|p1a: Chansey|Seismic Toss|p2a: Kyurem\n|-activate|p2a: Kyurem|move: Substitute|[damage]\n|\n|upkeep\n|turn|17\n|c|\u2606SkipTheDripBayless|i have\n|c|\u2606SkipTheDripBayless|wk\n|c|\u2606SkipTheDripBayless|strats\n|c|\u2606Solobigbagalert|simp\n|\n|t:|1610930244\n|move|p2a: Kyurem|Freeze-Dry|p1a: Chansey\n|-damage|p1a: Chansey|65\/100\n|move|p1a: Chansey|Seismic Toss|p2a: Kyurem\n|-end|p2a: Kyurem|Substitute\n|\n|upkeep\n|turn|18\n|\n|t:|1610930249\n|move|p2a: Kyurem|Substitute|p2a: Kyurem\n|-start|p2a: Kyurem|Substitute\n|-damage|p2a: Kyurem|59\/100\n|move|p1a: Chansey|Soft-Boiled|p1a: Chansey\n|-heal|p1a: Chansey|100\/100\n|\n|upkeep\n|turn|19\n|\n|t:|1610930253\n|move|p2a: Kyurem|Roost|p2a: Kyurem\n|-heal|p2a: Kyurem|100\/100\n|-singleturn|p2a: Kyurem|move: Roost\n|move|p1a: Chansey|Seismic Toss|p2a: Kyurem\n|-activate|p2a: Kyurem|move: Substitute|[damage]\n|\n|upkeep\n|turn|20\n|c|\u2606Solobigbagalert|same shit as ramo did bro\n|c|\u2606Solobigbagalert|kyu fucks ur shit\n|\n|t:|1610930259\n|move|p2a: Kyurem|Freeze-Dry|p1a: Chansey\n|-damage|p1a: Chansey|90\/100\n|move|p1a: Chansey|Seismic Toss|p2a: Kyurem\n|-end|p2a: Kyurem|Substitute\n|\n|upkeep\n|turn|21\n|c|\u2606SkipTheDripBayless|ye\n|c|\u2606SkipTheDripBayless|im so fucked\n|c|\u2606SkipTheDripBayless|XD\n|\n|t:|1610930272\n|move|p2a: Kyurem|Substitute|p2a: Kyurem\n|-start|p2a: Kyurem|Substitute\n|-damage|p2a: Kyurem|76\/100\n|move|p1a: Chansey|Stealth Rock||[still]\n|-fail|p1a: Chansey\n|\n|upkeep\n|turn|22\n|\n|t:|1610930275\n|move|p2a: Kyurem|Freeze-Dry|p1a: Chansey\n|-damage|p1a: Chansey|79\/100\n|move|p1a: Chansey|Stealth Rock||[still]\n|-fail|p1a: Chansey\n|\n|upkeep\n|turn|23\n|c|\u2606SkipTheDripBayless|not the 10%\n|c|\u2606SkipTheDripBayless|please\n|c|\u2606SkipTheDripBayless|anything but that\n|c|\u2606Solobigbagalert|itll freeze eventually\n|\n|t:|1610930288\n|move|p2a: Kyurem|Freeze-Dry|p1a: Chansey\n|-damage|p1a: Chansey|68\/100\n|move|p1a: Chansey|Stealth Rock||[still]\n|-fail|p1a: Chansey\n|\n|upkeep\n|turn|24\n|c|\u2606Solobigbagalert|force switches\n|c|\u2606Solobigbagalert|32pp\n|c|\u2606Solobigbagalert|idt u realize\n|c|\u2606Solobigbagalert|how good kyu is\n|\n|t:|1610930298\n|move|p2a: Kyurem|Freeze-Dry|p1a: Chansey\n|-damage|p1a: Chansey|57\/100\n|-status|p1a: Chansey|frz\n|-curestatus|p1a: Chansey|frz|[msg]\n|move|p1a: Chansey|Soft-Boiled|p1a: Chansey\n|-heal|p1a: Chansey|100\/100\n|\n|upkeep\n|turn|25\n|c|\u2606Solobigbagalert|with the pp\n|c|\u2606Solobigbagalert|biff\n|c|\u2606Solobigbagalert|buff\n|\n|t:|1610930305\n|move|p2a: Kyurem|Freeze-Dry|p1a: Chansey\n|-damage|p1a: Chansey|89\/100\n|move|p1a: Chansey|Stealth Rock||[still]\n|-fail|p1a: Chansey\n|\n|upkeep\n|turn|26\n|c|\u2606SkipTheDripBayless|the freeze\n|c|\u2606SkipTheDripBayless|got me\n|\n|t:|1610930313\n|move|p2a: Kyurem|Freeze-Dry|p1a: Chansey\n|-damage|p1a: Chansey|79\/100\n|move|p1a: Chansey|Stealth Rock||[still]\n|-fail|p1a: Chansey\n|\n|upkeep\n|turn|27\n|c|\u2606Solobigbagalert|lucky that one was 1 turn\n|c|\u2606Solobigbagalert|ramo had a 5 turn one\n|c|\u2606Solobigbagalert|just wait bro\n|\n|t:|1610930319\n|move|p2a: Kyurem|Freeze-Dry|p1a: Chansey\n|-damage|p1a: Chansey|69\/100\n|move|p1a: Chansey|Stealth Rock||[still]\n|-fail|p1a: Chansey\n|\n|upkeep\n|turn|28\n|\n|t:|1610930321\n|move|p2a: Kyurem|Freeze-Dry|p1a: Chansey\n|-crit|p1a: Chansey\n|-damage|p1a: Chansey|51\/100\n|move|p1a: Chansey|Soft-Boiled|p1a: Chansey\n|-heal|p1a: Chansey|100\/100\n|\n|upkeep\n|turn|29\n|\n|t:|1610930327\n|move|p2a: Kyurem|Freeze-Dry|p1a: Chansey\n|-damage|p1a: Chansey|89\/100\n|move|p1a: Chansey|Seismic Toss|p2a: Kyurem\n|-activate|p2a: Kyurem|move: Substitute|[damage]\n|\n|upkeep\n|turn|30\n|\n|t:|1610930332\n|move|p2a: Kyurem|Earth Power|p1a: Chansey\n|-damage|p1a: Chansey|80\/100\n|move|p1a: Chansey|Seismic Toss|p2a: Kyurem\n|-end|p2a: Kyurem|Substitute\n|\n|upkeep\n|turn|31\n|\n|t:|1610930336\n|move|p2a: Kyurem|Substitute|p2a: Kyurem\n|-start|p2a: Kyurem|Substitute\n|-damage|p2a: Kyurem|51\/100\n|move|p1a: Chansey|Seismic Toss|p2a: Kyurem\n|-activate|p2a: Kyurem|move: Substitute|[damage]\n|\n|upkeep\n|turn|32\n|\n|t:|1610930341\n|move|p2a: Kyurem|Roost|p2a: Kyurem\n|-heal|p2a: Kyurem|100\/100\n|-singleturn|p2a: Kyurem|move: Roost\n|move|p1a: Chansey|Seismic Toss|p2a: Kyurem\n|-end|p2a: Kyurem|Substitute\n|\n|upkeep\n|turn|33\n|\n|t:|1610930353\n|move|p2a: Kyurem|Substitute|p2a: Kyurem\n|-start|p2a: Kyurem|Substitute\n|-damage|p2a: Kyurem|76\/100\n|move|p1a: Chansey|Thunder Wave||[still]\n|-fail|p1a: Chansey\n|\n|upkeep\n|turn|34\n|\n|t:|1610930357\n|move|p2a: Kyurem|Earth Power|p1a: Chansey\n|-damage|p1a: Chansey|70\/100\n|move|p1a: Chansey|Stealth Rock||[still]\n|-fail|p1a: Chansey\n|\n|upkeep\n|turn|35\n|c|\u2606Solobigbagalert|all day\n|\n|t:|1610930362\n|move|p2a: Kyurem|Earth Power|p1a: Chansey\n|-damage|p1a: Chansey|61\/100\n|move|p1a: Chansey|Soft-Boiled|p1a: Chansey\n|-heal|p1a: Chansey|100\/100\n|\n|upkeep\n|turn|36\n|c|\u2606SkipTheDripBayless|?\n|c|\u2606Solobigbagalert|just like ur seventyshitters\n|c|\u2606Solobigbagalert|76shitters\n|\n|t:|1610930370\n|move|p2a: Kyurem|Earth Power|p1a: Chansey\n|-damage|p1a: Chansey|91\/100\n|move|p1a: Chansey|Stealth Rock||[still]\n|-fail|p1a: Chansey\n|\n|upkeep\n|turn|37\n|\n|t:|1610930375\n|move|p2a: Kyurem|Earth Power|p1a: Chansey\n|-damage|p1a: Chansey|82\/100\n|move|p1a: Chansey|Thunder Wave||[still]\n|-fail|p1a: Chansey\n|\n|upkeep\n|turn|38\n|\n|t:|1610930381\n|move|p2a: Kyurem|Earth Power|p1a: Chansey\n|-damage|p1a: Chansey|73\/100\n|move|p1a: Chansey|Seismic Toss|p2a: Kyurem\n|-activate|p2a: Kyurem|move: Substitute|[damage]\n|\n|upkeep\n|turn|39\n|\n|t:|1610930392\n|move|p2a: Kyurem|Freeze-Dry|p1a: Chansey\n|-damage|p1a: Chansey|61\/100\n|move|p1a: Chansey|Thunder Wave||[still]\n|-fail|p1a: Chansey\n|\n|upkeep\n|turn|40\n|\n|t:|1610930397\n|move|p2a: Kyurem|Freeze-Dry|p1a: Chansey\n|-damage|p1a: Chansey|51\/100\n|move|p1a: Chansey|Soft-Boiled|p1a: Chansey\n|-heal|p1a: Chansey|100\/100\n|\n|upkeep\n|turn|41\n|\n|t:|1610930403\n|move|p2a: Kyurem|Freeze-Dry|p1a: Chansey\n|-damage|p1a: Chansey|91\/100\n|move|p1a: Chansey|Stealth Rock||[still]\n|-fail|p1a: Chansey\n|\n|upkeep\n|turn|42\n|\n|t:|1610930431\n|switch|p1a: Rotom|Rotom-Heat|100\/100\n|move|p2a: Kyurem|Freeze-Dry|p1a: Rotom\n|-resisted|p1a: Rotom\n|-damage|p1a: Rotom|83\/100\n|\n|upkeep\n|turn|43\n|\n|t:|1610930435\n|move|p2a: Kyurem|Freeze-Dry|p1a: Rotom\n|-resisted|p1a: Rotom\n|-damage|p1a: Rotom|66\/100\n|move|p1a: Rotom|Nasty Plot|p1a: Rotom\n|-boost|p1a: Rotom|spa|2\n|\n|upkeep\n|turn|44\n|\n|t:|1610930439\n|move|p2a: Kyurem|Freeze-Dry|p1a: Rotom\n|-resisted|p1a: Rotom\n|-damage|p1a: Rotom|46\/100\n|move|p1a: Rotom|Volt Switch|p2a: Kyurem\n|-resisted|p2a: Kyurem\n|-end|p2a: Kyurem|Substitute\n|\n|t:|1610930441\n|switch|p1a: Keldeo|Keldeo-Resolute|100\/100|[from]move: Volt Switch\n|-damage|p1a: Keldeo|94\/100|[from] Stealth Rock\n|\n|-heal|p1a: Keldeo|100\/100|[from] item: Leftovers\n|upkeep\n|turn|45\n|\n|t:|1610930459\n|switch|p2a: Gyarados|Gyarados, F|100\/100\n|move|p1a: Keldeo|Substitute|p1a: Keldeo\n|-start|p1a: Keldeo|Substitute\n|-damage|p1a: Keldeo|76\/100\n|\n|-heal|p1a: Keldeo|82\/100|[from] item: Leftovers\n|upkeep\n|turn|46\n|c|\u2606Solobigbagalert|subbed eh\n|c|\u2606Solobigbagalert|ok boy\n|\n|t:|1610930472\n|move|p1a: Keldeo|Scald|p2a: Gyarados\n|-resisted|p2a: Gyarados\n|-damage|p2a: Gyarados|78\/100\n|-status|p2a: Gyarados|brn\n|move|p2a: Gyarados|Dragon Dance|p2a: Gyarados\n|-boost|p2a: Gyarados|atk|1\n|-boost|p2a: Gyarados|spe|1\n|\n|-heal|p1a: Keldeo|88\/100|[from] item: Leftovers\n|-damage|p2a: Gyarados|72\/100 brn|[from] brn\n|upkeep\n|turn|47\n|c|\u2606Solobigbagalert|oh nice\n|c|\u2606SkipTheDripBayless|gg\n|c|\u2606Solobigbagalert|ur so good man\n|\n|t:|1610930480\n|move|p2a: Gyarados|Power Whip|p1a: Keldeo\n|-supereffective|p1a: Keldeo\n|-end|p1a: Keldeo|Substitute\n|move|p1a: Keldeo|Secret Sword|p2a: Gyarados\n|-resisted|p2a: Gyarados\n|-damage|p2a: Gyarados|43\/100 brn\n|\n|-heal|p1a: Keldeo|94\/100|[from] item: Leftovers\n|-damage|p2a: Gyarados|37\/100 brn|[from] brn\n|upkeep\n|turn|48\n|c|\u2606Solobigbagalert|i wish i was u\n|\n|t:|1610930489\n|switch|p2a: Magnezone|Magnezone|94\/100\n|-damage|p2a: Magnezone|88\/100|[from] Stealth Rock\n|move|p1a: Keldeo|Scald|p2a: Magnezone\n|-damage|p2a: Magnezone|37\/100\n|\n|-heal|p1a: Keldeo|100\/100|[from] item: Leftovers\n|upkeep\n|turn|49\n|c|\u2606Solobigbagalert|???\n|c|\u2606SkipTheDripBayless|gg\n|c|\u2606Solobigbagalert|so\n|c|\u2606Solobigbagalert|bad\n|c|\u2606Solobigbagalert|so\n|c|\u2606Solobigbagalert|fucking\n|c|\u2606Solobigbagalert|bad\n|\n|t:|1610930497\n|switch|p2a: Gyarados|Gyarados, F|37\/100 brn\n|move|p1a: Keldeo|Scald|p2a: Gyarados\n|-resisted|p2a: Gyarados\n|-damage|p2a: Gyarados|16\/100 brn\n|\n|-damage|p2a: Gyarados|10\/100 brn|[from] brn\n|upkeep\n|turn|50\n|\n|t:|1610930500\n|move|p1a: Keldeo|Scald|p2a: Gyarados\n|-resisted|p2a: Gyarados\n|-damage|p2a: Gyarados|0 fnt\n|faint|p2a: Gyarados\n|\n|upkeep\n|\n|t:|1610930541\n|switch|p2a: Alakazam|Alakazam, M|100\/100\n|turn|51\n|\n|t:|1610930549\n|switch|p1a: Chansey|Chansey, F|91\/100\n|-damage|p1a: Chansey|78\/100|[from] Stealth Rock\n|move|p2a: Alakazam|Psychic|p1a: Chansey\n|-damage|p1a: Chansey|63\/100\n|\n|upkeep\n|turn|52\n|\n|t:|1610930586\n|switch|p2a: Krookodile|Krookodile, F|94\/100\n|-damage|p2a: Krookodile|88\/100|[from] Stealth Rock\n|-ability|p2a: Krookodile|Intimidate|boost\n|-unboost|p1a: Chansey|atk|1\n|move|p1a: Chansey|Soft-Boiled|p1a: Chansey\n|-heal|p1a: Chansey|100\/100\n|\n|upkeep\n|turn|53\n|\n|t:|1610930602\n|switch|p2a: Magnezone|Magnezone|37\/100\n|-damage|p2a: Magnezone|31\/100|[from] Stealth Rock\n|switch|p1a: Skarmory|Skarmory, F|100\/100\n|-damage|p1a: Skarmory|88\/100|[from] Stealth Rock\n|\n|upkeep\n|turn|54\n|c|\u2606Solobigbagalert|oh\n|c|\u2606Solobigbagalert|whats up then\n|c|\u2606Solobigbagalert|?\n|c|\u2606SkipTheDripBayless|wow\n|c|\u2606Solobigbagalert|dont lie that was hella\n|c|\u2606Solobigbagalert|impressive\n|c|\u2606SkipTheDripBayless|got me 1 play\n|c|\u2606Solobigbagalert|solo play\n|c|\u2606SkipTheDripBayless|bro\n|\n|t:|1610930623\n|move|p2a: Magnezone|Volt Switch|p1a: Skarmory\n|-supereffective|p1a: Skarmory\n|-damage|p1a: Skarmory|0 fnt\n|faint|p1a: Skarmory\n|c|\u2606SkipTheDripBayless|i was gonna go amon\n|c|\u2606SkipTheDripBayless|or keld\n|c|\u2606SkipTheDripBayless|but im texting\n|c|\u2606Solobigbagalert|ik cuz u didnt htink\n|c|\u2606SkipTheDripBayless|so i sad fuck it\n|c|\u2606Solobigbagalert|i had the balls\n|c|\u2606Solobigbagalert|to go mag\n|\n|t:|1610930640\n|switch|p2a: Alakazam|Alakazam, M|100\/100|[from]move: Volt Switch\n|\n|upkeep\n|\n|t:|1610930646\n|switch|p1a: Chansey|Chansey, F|100\/100\n|-damage|p1a: Chansey|88\/100|[from] Stealth Rock\n|turn|55\n|\n|t:|1610930665\n|switch|p2a: Krookodile|Krookodile, F|88\/100\n|-damage|p2a: Krookodile|82\/100|[from] Stealth Rock\n|-ability|p2a: Krookodile|Intimidate|boost\n|-unboost|p1a: Chansey|atk|1\n|move|p1a: Chansey|Seismic Toss|p2a: Krookodile\n|-damage|p2a: Krookodile|52\/100\n|\n|upkeep\n|turn|56\n|\n|t:|1610930672\n|switch|p2a: Magnezone|Magnezone|31\/100\n|-damage|p2a: Magnezone|25\/100|[from] Stealth Rock\n|switch|p1a: Keldeo|Keldeo-Resolute|100\/100\n|-damage|p1a: Keldeo|94\/100|[from] Stealth Rock\n|\n|-heal|p1a: Keldeo|100\/100|[from] item: Leftovers\n|upkeep\n|turn|57\n|c|\u2606Solobigbagalert|bro\n|c|\u2606Solobigbagalert|who\n|c|\u2606SkipTheDripBayless|why\n|c|\u2606Solobigbagalert|goes\n|c|\u2606Solobigbagalert|keld\n|c|\u2606Solobigbagalert|why\n|c|\u2606Solobigbagalert|why\n|c|\u2606Solobigbagalert|why\n|c|\u2606SkipTheDripBayless|no\n|c|\u2606SkipTheDripBayless|why would u\n|c|\u2606SkipTheDripBayless|go into mag\n|c|\u2606Solobigbagalert|u dont know why cuz ur bad\n|c|\u2606Solobigbagalert|i didnt predicted keld\n|\n|t:|1610930692\n|switch|p2a: Amoonguss|Amoonguss, M|92\/100 brn\n|-damage|p2a: Amoonguss|80\/100 brn|[from] Stealth Rock\n|move|p1a: Keldeo|Scald|p2a: Amoonguss\n|-resisted|p2a: Amoonguss\n|-damage|p2a: Amoonguss|59\/100 brn\n|\n|-damage|p2a: Amoonguss|53\/100 brn|[from] brn\n|upkeep\n|turn|58\n|c|\u2606SkipTheDripBayless|ik\n|c|\u2606SkipTheDripBayless|amon\n|c|\u2606SkipTheDripBayless|but\n|c|\u2606SkipTheDripBayless|why would i go amon\n|c|\u2606Solobigbagalert|so go amoon\n|c|\u2606Solobigbagalert|just so i can show\n|c|\u2606Solobigbagalert|im going mag\n|c|\u2606Solobigbagalert|rn\n|c|\u2606SkipTheDripBayless|show what\n|\n|t:|1610930718\n|switch|p1a: Amoonguss|Amoonguss, M, shiny|82\/100\n|-damage|p1a: Amoonguss|69\/100|[from] Stealth Rock\n|switch|p2a: Magnezone|Magnezone|25\/100\n|-damage|p2a: Magnezone|19\/100|[from] Stealth Rock\n|\n|upkeep\n|turn|59\n|c|\u2606Solobigbagalert|the tech\n|c|\u2606Solobigbagalert|what would u do\n|c|\u2606SkipTheDripBayless|it's steel beams\n|c|\u2606SkipTheDripBayless|i already know\n|c|\u2606Solobigbagalert|u woulda stayed\n|c|\u2606SkipTheDripBayless|but ill sack\n|c|\u2606Solobigbagalert|ight\n|\n|t:|1610930737\n|move|p2a: Magnezone|Steel Beam|p1a: Amoonguss\n|-damage|p1a: Amoonguss|0 fnt\n|-damage|p2a: Magnezone|0 fnt|[from] mindblown\n|faint|p2a: Magnezone\n|faint|p1a: Amoonguss\n|\n|upkeep\n|\n|t:|1610930748\n|switch|p2a: Krookodile|Krookodile, F|52\/100\n|switch|p1a: Bisharp|Bisharp, F, shiny|100\/100\n|-damage|p2a: Krookodile|46\/100|[from] Stealth Rock\n|-ability|p2a: Krookodile|Intimidate|boost\n|-unboost|p1a: Bisharp|atk|1\n|-ability|p1a: Bisharp|Defiant\n|-boost|p1a: Bisharp|atk|2\n|-damage|p1a: Bisharp|95\/100|[from] Stealth Rock\n|turn|60\n|c|\u2606Solobigbagalert|enough\n|c|\u2606SkipTheDripBayless|goat sharo\n|c|\u2606SkipTheDripBayless|sharp\n|\n|t:|1610930759\n|move|p1a: Bisharp|Sucker Punch|p2a: Krookodile\n|-resisted|p2a: Krookodile\n|-damage|p2a: Krookodile|7\/100\n|move|p2a: Krookodile|Earthquake|p1a: Bisharp\n|-supereffective|p1a: Bisharp\n|-damage|p1a: Bisharp|0 fnt\n|faint|p1a: Bisharp\n|\n|upkeep\n|c|\u2606Solobigbagalert|ated\n|\n|t:|1610930763\n|switch|p1a: Keldeo|Keldeo-Resolute|100\/100\n|-damage|p1a: Keldeo|94\/100|[from] Stealth Rock\n|turn|61\n|c|\u2606Solobigbagalert|hp on\n|c|\u2606Solobigbagalert|the krook\n|c|\u2606Solobigbagalert|uak\n|c|\u2606Solobigbagalert|the\n|c|\u2606Solobigbagalert|vibes\n|\n|t:|1610930769\n|move|p2a: Krookodile|Earthquake|p1a: Keldeo\n|-damage|p1a: Keldeo|37\/100\n|move|p1a: Keldeo|Scald|p2a: Krookodile\n|-supereffective|p2a: Krookodile\n|-damage|p2a: Krookodile|0 fnt\n|faint|p2a: Krookodile\n|\n|-heal|p1a: Keldeo|43\/100|[from] item: Leftovers\n|upkeep\n|\n|t:|1610930771\n|switch|p2a: Alakazam|Alakazam, M|100\/100\n|turn|62\n|c|\u2606SkipTheDripBayless|ur scarf\n|\n|t:|1610930777\n|switch|p1a: Chansey|Chansey, F|88\/100\n|-damage|p1a: Chansey|75\/100|[from] Stealth Rock\n|move|p2a: Alakazam|Nasty Plot|p2a: Alakazam\n|-boost|p2a: Alakazam|spa|2\n|\n|upkeep\n|turn|63\n|c|\u2606Solobigbagalert|scarf\n|c|\u2606Solobigbagalert|with\n|c|\u2606Solobigbagalert|hp\n|c|\u2606Solobigbagalert|im just that good\n|\n|t:|1610930787\n|switch|p2a: Amoonguss|Amoonguss, M|86\/100 brn\n|-damage|p2a: Amoonguss|73\/100 brn|[from] Stealth Rock\n|move|p1a: Chansey|Thunder Wave||[still]\n|-fail|p1a: Chansey\n|\n|-damage|p2a: Amoonguss|67\/100 brn|[from] brn\n|upkeep\n|turn|64\n|\n|t:|1610930791\n|move|p1a: Chansey|Soft-Boiled|p1a: Chansey\n|-heal|p1a: Chansey|100\/100\n|move|p2a: Amoonguss|Spore|p1a: Chansey\n|-status|p1a: Chansey|slp|[from] move: Spore\n|\n|-damage|p2a: Amoonguss|61\/100 brn|[from] brn\n|upkeep\n|turn|65\n|\n|t:|1610930793\n|switch|p2a: Kyurem|Kyurem|76\/100\n|-ability|p2a: Kyurem|Pressure\n|cant|p1a: Chansey|slp\n|\n|upkeep\n|turn|66\n|\n|t:|1610930798\n|switch|p1a: Rotom|Rotom-Heat|46\/100\n|move|p2a: Kyurem|Substitute|p2a: Kyurem\n|-start|p2a: Kyurem|Substitute\n|-damage|p2a: Kyurem|51\/100\n|\n|upkeep\n|turn|67\n|\n|t:|1610930810\n|move|p2a: Kyurem|Freeze-Dry|p1a: Rotom\n|-resisted|p1a: Rotom\n|-crit|p1a: Rotom\n|-damage|p1a: Rotom|21\/100\n|move|p1a: Rotom|Pain Split||[still]\n|-fail|p1a: Rotom\n|\n|upkeep\n|turn|68\n|\n|t:|1610930815\n|move|p2a: Kyurem|Freeze-Dry|p1a: Rotom\n|-resisted|p1a: Rotom\n|-damage|p1a: Rotom|3\/100\n|move|p1a: Rotom|Overheat|p2a: Kyurem\n|-end|p2a: Kyurem|Substitute\n|-unboost|p1a: Rotom|spa|2\n|\n|upkeep\n|turn|69\n|\n|t:|1610930820\n|move|p2a: Kyurem|Substitute|p2a: Kyurem\n|-start|p2a: Kyurem|Substitute\n|-damage|p2a: Kyurem|26\/100\n|move|p1a: Rotom|Volt Switch|p2a: Kyurem\n|-resisted|p2a: Kyurem\n|-activate|p2a: Kyurem|move: Substitute|[damage]\n|\n|t:|1610930825\n|switch|p1a: Chansey|Chansey, F|100\/100|[from]move: Volt Switch\n|-damage|p1a: Chansey|88\/100|[from] Stealth Rock\n|\n|upkeep\n|turn|70\n|\n|t:|1610930837\n|move|p2a: Kyurem|Roost|p2a: Kyurem\n|-heal|p2a: Kyurem|76\/100\n|-singleturn|p2a: Kyurem|move: Roost\n|move|p1a: Chansey|Stealth Rock||[still]\n|-fail|p1a: Chansey\n|\n|upkeep\n|turn|71\n|c|\u2606Solobigbagalert|rip to skip eh\n|\n|t:|1610930842\n|move|p2a: Kyurem|Freeze-Dry|p1a: Chansey\n|-damage|p1a: Chansey|77\/100\n|move|p1a: Chansey|Stealth Rock||[still]\n|-fail|p1a: Chansey\n|\n|upkeep\n|turn|72\n|c|\u2606SkipTheDripBayless|?\n|\n|t:|1610930852\n|move|p2a: Kyurem|Earth Power|p1a: Chansey\n|-damage|p1a: Chansey|68\/100\n|move|p1a: Chansey|Stealth Rock||[still]\n|-fail|p1a: Chansey\n|\n|upkeep\n|turn|73\n|\n|t:|1610930856\n|move|p2a: Kyurem|Earth Power|p1a: Chansey\n|-damage|p1a: Chansey|59\/100\n|move|p1a: Chansey|Stealth Rock||[still]\n|-fail|p1a: Chansey\n|\n|upkeep\n|turn|74\n|\n|t:|1610930861\n|move|p2a: Kyurem|Substitute|p2a: Kyurem\n|-fail|p2a: Kyurem|move: Substitute\n|move|p1a: Chansey|Soft-Boiled|p1a: Chansey\n|-heal|p1a: Chansey|100\/100\n|\n|upkeep\n|turn|75\n|c|\u2606SkipTheDripBayless|i gave u a free mon\n|c|\u2606SkipTheDripBayless|and u still lose\n|c|\u2606Solobigbagalert|u stayed in there regardless\n|c|\u2606SkipTheDripBayless|what\n|\n|t:|1610930878\n|move|p2a: Kyurem|Substitute|p2a: Kyurem\n|-fail|p2a: Kyurem|move: Substitute\n|move|p1a: Chansey|Stealth Rock||[still]\n|-fail|p1a: Chansey\n|\n|upkeep\n|turn|76\n|c|\u2606SkipTheDripBayless|i said\n|c|\u2606SkipTheDripBayless|im going amon\n|c|\u2606Solobigbagalert|yea but\n|c|\u2606SkipTheDripBayless|i would of went chansey\n|c|\u2606Solobigbagalert|lets say u\n|c|\u2606Solobigbagalert|originally\n|c|\u2606Solobigbagalert|went amoong\n|c|\u2606Solobigbagalert|what do u do\n|c|\u2606SkipTheDripBayless|bro\n|c|\u2606SkipTheDripBayless|i didnt\n|c|\u2606SkipTheDripBayless|tho\n|c|\u2606SkipTheDripBayless|LOL\n|\n|t:|1610930901\n|move|p2a: Kyurem|Earth Power|p1a: Chansey\n|-damage|p1a: Chansey|90\/100\n|move|p1a: Chansey|Stealth Rock||[still]\n|-fail|p1a: Chansey\n|\n|upkeep\n|turn|77\n|c|\u2606Solobigbagalert|ik but this situation\n|c|\u2606Solobigbagalert|woulda\n|c|\u2606Solobigbagalert|happened\n|c|\u2606Solobigbagalert|i highkey\n|c|\u2606SkipTheDripBayless|but\n|c|\u2606SkipTheDripBayless|it didnt\n|c|\u2606Solobigbagalert|win without kyu\n|c|\u2606SkipTheDripBayless|??\n|c|\u2606Solobigbagalert|anyways\n|c|\u2606SkipTheDripBayless|u lost\n|c|\u2606Solobigbagalert|how\n|c|\u2606Solobigbagalert|zam\n|c|\u2606SkipTheDripBayless|and u still lose\n|c|\u2606SkipTheDripBayless|i twave\n|c|\u2606SkipTheDripBayless|zam\n|c|\u2606SkipTheDripBayless|kill wit keldo\n|c|\u2606Solobigbagalert|u have to hope and pray for misses\n|c|\u2606SkipTheDripBayless|??\n|c|\u2606Solobigbagalert|u realize u cant sub braek this right\n|c|\u2606SkipTheDripBayless|what\n|c|\u2606Solobigbagalert|ur so fucked\n|\n|t:|1610930940\n|move|p2a: Kyurem|Earth Power|p1a: Chansey\n|-damage|p1a: Chansey|81\/100\n|move|p1a: Chansey|Stealth Rock||[still]\n|-fail|p1a: Chansey\n|\n|upkeep\n|turn|78\n|\n|t:|1610930948\n|move|p2a: Kyurem|Freeze-Dry|p1a: Chansey\n|-damage|p1a: Chansey|69\/100\n|move|p1a: Chansey|Seismic Toss|p2a: Kyurem\n|-end|p2a: Kyurem|Substitute\n|\n|upkeep\n|turn|79\n|\n|t:|1610930954\n|move|p2a: Kyurem|Substitute|p2a: Kyurem\n|-start|p2a: Kyurem|Substitute\n|-damage|p2a: Kyurem|51\/100\n|move|p1a: Chansey|Thunder Wave||[still]\n|-fail|p1a: Chansey\n|\n|upkeep\n|turn|80\n|\n|t:|1610930964\n|move|p2a: Kyurem|Freeze-Dry|p1a: Chansey\n|-damage|p1a: Chansey|59\/100\n|move|p1a: Chansey|Seismic Toss|p2a: Kyurem\n|-activate|p2a: Kyurem|move: Substitute|[damage]\n|\n|upkeep\n|turn|81\n|\n|t:|1610930970\n|move|p2a: Kyurem|Roost|p2a: Kyurem\n|-heal|p2a: Kyurem|100\/100\n|-singleturn|p2a: Kyurem|move: Roost\n|move|p1a: Chansey|Soft-Boiled|p1a: Chansey\n|-heal|p1a: Chansey|100\/100\n|\n|upkeep\n|turn|82\n|\n|t:|1610930978\n|switch|p2a: Amoonguss|Amoonguss, M|94\/100 brn\n|-damage|p2a: Amoonguss|82\/100 brn|[from] Stealth Rock\n|move|p1a: Chansey|Thunder Wave||[still]\n|-fail|p1a: Chansey\n|\n|-damage|p2a: Amoonguss|75\/100 brn|[from] brn\n|upkeep\n|turn|83\n|\n|t:|1610930981\n|move|p1a: Chansey|Seismic Toss|p2a: Amoonguss\n|-damage|p2a: Amoonguss|52\/100 brn\n|move|p2a: Amoonguss|Spore|p1a: Chansey\n|-status|p1a: Chansey|slp|[from] move: Spore\n|\n|-damage|p2a: Amoonguss|46\/100 brn|[from] brn\n|upkeep\n|turn|84\n|\n|t:|1610930984\n|switch|p2a: Kyurem|Kyurem|100\/100\n|-ability|p2a: Kyurem|Pressure\n|cant|p1a: Chansey|slp\n|\n|upkeep\n|turn|85\n|\n|t:|1610930990\n|switch|p2a: Amoonguss|Amoonguss, M|79\/100 brn\n|-damage|p2a: Amoonguss|67\/100 brn|[from] Stealth Rock\n|cant|p1a: Chansey|slp\n|\n|-damage|p2a: Amoonguss|61\/100 brn|[from] brn\n|upkeep\n|turn|86\n|\n|t:|1610930997\n|-curestatus|p1a: Chansey|slp|[msg]\n|move|p1a: Chansey|Seismic Toss|p2a: Amoonguss\n|-damage|p2a: Amoonguss|38\/100 brn\n|move|p2a: Amoonguss|Spore|p1a: Chansey\n|-status|p1a: Chansey|slp|[from] move: Spore\n|\n|-damage|p2a: Amoonguss|31\/100 brn|[from] brn\n|upkeep\n|turn|87\n|\n|t:|1610931006\n|switch|p2a: Kyurem|Kyurem|100\/100\n|-ability|p2a: Kyurem|Pressure\n|cant|p1a: Chansey|slp\n|\n|upkeep\n|turn|88\n|\n|t:|1610931017\n|move|p2a: Kyurem|Substitute|p2a: Kyurem\n|-start|p2a: Kyurem|Substitute\n|-damage|p2a: Kyurem|76\/100\n|-curestatus|p1a: Chansey|slp|[msg]\n|move|p1a: Chansey|Thunder Wave||[still]\n|-fail|p1a: Chansey\n|\n|upkeep\n|turn|89\n|\n|t:|1610931025\n|move|p2a: Kyurem|Substitute|p2a: Kyurem\n|-fail|p2a: Kyurem|move: Substitute\n|move|p1a: Chansey|Seismic Toss|p2a: Kyurem\n|-activate|p2a: Kyurem|move: Substitute|[damage]\n|\n|upkeep\n|turn|90\n|\n|t:|1610931032\n|move|p2a: Kyurem|Freeze-Dry|p1a: Chansey\n|-damage|p1a: Chansey|91\/100\n|move|p1a: Chansey|Thunder Wave||[still]\n|-fail|p1a: Chansey\n|\n|upkeep\n|turn|91\n|\n|t:|1610931040\n|move|p2a: Kyurem|Earth Power|p1a: Chansey\n|-damage|p1a: Chansey|81\/100\n|move|p1a: Chansey|Thunder Wave||[still]\n|-fail|p1a: Chansey\n|\n|upkeep\n|turn|92\n|\n|t:|1610931044\n|switch|p2a: Amoonguss|Amoonguss, M|65\/100 brn\n|-damage|p2a: Amoonguss|52\/100 brn|[from] Stealth Rock\n|move|p1a: Chansey|Soft-Boiled|p1a: Chansey\n|-heal|p1a: Chansey|100\/100\n|\n|-damage|p2a: Amoonguss|46\/100 brn|[from] brn\n|upkeep\n|turn|93\n|\n|t:|1610931052\n|move|p1a: Chansey|Seismic Toss|p2a: Amoonguss\n|-damage|p2a: Amoonguss|23\/100 brn\n|move|p2a: Amoonguss|Spore|p1a: Chansey\n|-status|p1a: Chansey|slp|[from] move: Spore\n|\n|-damage|p2a: Amoonguss|16\/100 brn|[from] brn\n|upkeep\n|turn|94\n|\n|t:|1610931056\n|switch|p2a: Alakazam|Alakazam, M|100\/100\n|cant|p1a: Chansey|slp\n|\n|upkeep\n|turn|95\n|\n|t:|1610931059\n|switch|p2a: Amoonguss|Amoonguss, M|50\/100 brn\n|-damage|p2a: Amoonguss|37\/100 brn|[from] Stealth Rock\n|cant|p1a: Chansey|slp\n|\n|-damage|p2a: Amoonguss|31\/100 brn|[from] brn\n|upkeep\n|turn|96\n|\n|t:|1610931066\n|switch|p2a: Kyurem|Kyurem|76\/100\n|-ability|p2a: Kyurem|Pressure\n|cant|p1a: Chansey|slp\n|\n|upkeep\n|turn|97\n|c|\u2606SkipTheDripBayless|bro\n|c|\u2606SkipTheDripBayless|i twaved there\n|c|\u2606SkipTheDripBayless|xD\n|c|\u2606Solobigbagalert|lol\n|c|\u2606SkipTheDripBayless|choke plays\n|c|\u2606Solobigbagalert|doesnt matter\n|c|\u2606SkipTheDripBayless|like\n|\n|t:|1610931084\n|move|p2a: Kyurem|Substitute|p2a: Kyurem\n|-start|p2a: Kyurem|Substitute\n|-damage|p2a: Kyurem|51\/100\n|-curestatus|p1a: Chansey|slp|[msg]\n|move|p1a: Chansey|Thunder Wave||[still]\n|-fail|p1a: Chansey\n|\n|upkeep\n|turn|98\n|c|\u2606Solobigbagalert|if this get twage\n|c|\u2606Solobigbagalert|its highkey\n|c|\u2606Solobigbagalert|better\n|c|\u2606Solobigbagalert|for me\n|c|\u2606Solobigbagalert|if u think abt it\n|c|\u2606SkipTheDripBayless|how\n|\n|t:|1610931094\n|move|p2a: Kyurem|Earth Power|p1a: Chansey\n|-damage|p1a: Chansey|90\/100\n|move|p1a: Chansey|Thunder Wave||[still]\n|-fail|p1a: Chansey\n|\n|upkeep\n|turn|99\n|c|\u2606Solobigbagalert|waste less pp\n|\n|t:|1610931101\n|move|p2a: Kyurem|Earth Power|p1a: Chansey\n|-damage|p1a: Chansey|82\/100\n|move|p1a: Chansey|Thunder Wave||[still]\n|-fail|p1a: Chansey\n|\n|upkeep\n|turn|100\n|\n|t:|1610931106\n|switch|p2a: Amoonguss|Amoonguss, M|64\/100 brn\n|-damage|p2a: Amoonguss|52\/100 brn|[from] Stealth Rock\n|move|p1a: Chansey|Soft-Boiled|p1a: Chansey\n|-heal|p1a: Chansey|100\/100\n|\n|-damage|p2a: Amoonguss|46\/100 brn|[from] brn\n|upkeep\n|turn|101\n|c|\u2606Solobigbagalert|watch\n|c|\u2606Solobigbagalert|twave it idc\n|c|\u2606Solobigbagalert|wastes bare less pp\n|\n|t:|1610931121\n|switch|p2a: Kyurem|Kyurem|51\/100\n|-ability|p2a: Kyurem|Pressure\n|move|p1a: Chansey|Seismic Toss|p2a: Kyurem\n|-damage|p2a: Kyurem|26\/100\n|\n|upkeep\n|turn|102\n|\n|t:|1610931128\n|move|p2a: Kyurem|Roost|p2a: Kyurem\n|-heal|p2a: Kyurem|76\/100\n|-singleturn|p2a: Kyurem|move: Roost\n|move|p1a: Chansey|Thunder Wave|p2a: Kyurem|[miss]\n|-miss|p1a: Chansey|p2a: Kyurem\n|\n|upkeep\n|turn|103\n|c|\u2606SkipTheDripBayless|bro\n|c|\u2606Solobigbagalert|wow\n|c|\u2606SkipTheDripBayless|WTF\n|c|\u2606Solobigbagalert|bad\n|c|\u2606SkipTheDripBayless|let me twave this then\n|c|\u2606Solobigbagalert|i said twave it\n|\n|t:|1610931144\n|move|p2a: Kyurem|Earth Power|p1a: Chansey\n|-damage|p1a: Chansey|91\/100\n|move|p1a: Chansey|Thunder Wave|p2a: Kyurem|[miss]\n|-miss|p1a: Chansey|p2a: Kyurem\n|\n|upkeep\n|turn|104\n|c|\u2606Solobigbagalert|the solo aura\n|c|\u2606Solobigbagalert|fam\n|\n|t:|1610931159\n|move|p2a: Kyurem|Earth Power|p1a: Chansey\n|-damage|p1a: Chansey|82\/100\n|move|p1a: Chansey|Thunder Wave|p2a: Kyurem\n|-status|p2a: Kyurem|par\n|\n|upkeep\n|turn|105\n|\n|t:|1610931173\n|switch|p1a: Keldeo|Keldeo-Resolute|43\/100\n|-damage|p1a: Keldeo|37\/100|[from] Stealth Rock\n|move|p2a: Kyurem|Substitute|p2a: Kyurem\n|-start|p2a: Kyurem|Substitute\n|-damage|p2a: Kyurem|51\/100 par\n|\n|-heal|p1a: Keldeo|43\/100|[from] item: Leftovers\n|upkeep\n|turn|106\n|c|\u2606Solobigbagalert|yea\n|\n|t:|1610931180\n|move|p1a: Keldeo|Substitute|p1a: Keldeo\n|-start|p1a: Keldeo|Substitute\n|-damage|p1a: Keldeo|18\/100\n|move|p2a: Kyurem|Freeze-Dry|p1a: Keldeo\n|-supereffective|p1a: Keldeo\n|-end|p1a: Keldeo|Substitute\n|\n|-heal|p1a: Keldeo|24\/100|[from] item: Leftovers\n|upkeep\n|turn|107\n|c|\u2606Solobigbagalert|good one\n|c|\u2606Solobigbagalert|bro\n|\n|t:|1610931187\n|switch|p1a: Chansey|Chansey, F|82\/100\n|-damage|p1a: Chansey|69\/100|[from] Stealth Rock\n|move|p2a: Kyurem|Freeze-Dry|p1a: Chansey\n|-damage|p1a: Chansey|58\/100\n|\n|upkeep\n|turn|108\n|\n|t:|1610931193\n|move|p2a: Kyurem|Roost|p2a: Kyurem\n|-heal|p2a: Kyurem|100\/100 par\n|-singleturn|p2a: Kyurem|move: Roost\n|move|p1a: Chansey|Soft-Boiled|p1a: Chansey\n|-heal|p1a: Chansey|100\/100\n|\n|upkeep\n|turn|109\n|\n|t:|1610931208\n|cant|p2a: Kyurem|par\n|move|p1a: Chansey|Soft-Boiled||[still]\n|-fail|p1a: Chansey|heal\n|\n|upkeep\n|turn|110\n|\n|t:|1610931222\n|switch|p2a: Amoonguss|Amoonguss, M|79\/100 brn\n|-damage|p2a: Amoonguss|66\/100 brn|[from] Stealth Rock\n|move|p1a: Chansey|Thunder Wave||[still]\n|-fail|p1a: Chansey\n|\n|-damage|p2a: Amoonguss|60\/100 brn|[from] brn\n|upkeep\n|turn|111\n|\n|t:|1610931234\n|switch|p1a: Keldeo|Keldeo-Resolute|24\/100\n|-damage|p1a: Keldeo|18\/100|[from] Stealth Rock\n|move|p2a: Amoonguss|Spore|p1a: Keldeo\n|-status|p1a: Keldeo|slp|[from] move: Spore\n|\n|-heal|p1a: Keldeo|24\/100 slp|[from] item: Leftovers\n|-damage|p2a: Amoonguss|54\/100 brn|[from] brn\n|upkeep\n|turn|112\n|\n|t:|1610931253\n|switch|p1a: Chansey|Chansey, F|100\/100\n|-damage|p1a: Chansey|88\/100|[from] Stealth Rock\n|switch|p2a: Alakazam|Alakazam, M|100\/100\n|\n|upkeep\n|turn|113\n|\n|t:|1610931262\n|switch|p2a: Amoonguss|Amoonguss, M|87\/100 brn\n|-damage|p2a: Amoonguss|75\/100 brn|[from] Stealth Rock\n|move|p1a: Chansey|Thunder Wave||[still]\n|-fail|p1a: Chansey\n|\n|-damage|p2a: Amoonguss|69\/100 brn|[from] brn\n|upkeep\n|turn|114\n|\n|t:|1610931268\n|move|p1a: Chansey|Seismic Toss|p2a: Amoonguss\n|-damage|p2a: Amoonguss|45\/100 brn\n|move|p2a: Amoonguss|Sludge Bomb|p1a: Chansey\n|-damage|p1a: Chansey|79\/100\n|\n|-damage|p2a: Amoonguss|39\/100 brn|[from] brn\n|upkeep\n|turn|115\n|\n|t:|1610931274\n|switch|p1a: Keldeo|Keldeo-Resolute|24\/100 slp\n|-damage|p1a: Keldeo|18\/100 slp|[from] Stealth Rock\n|switch|p2a: Kyurem|Kyurem|100\/100 par\n|-ability|p2a: Kyurem|Pressure\n|\n|-heal|p1a: Keldeo|24\/100 slp|[from] item: Leftovers\n|upkeep\n|turn|116\n|\n|t:|1610931280\n|cant|p1a: Keldeo|slp\n|move|p2a: Kyurem|Freeze-Dry|p1a: Keldeo\n|-supereffective|p1a: Keldeo\n|-damage|p1a: Keldeo|0 fnt\n|faint|p1a: Keldeo\n|\n|upkeep\n|\n|t:|1610931283\n|switch|p1a: Rotom|Rotom-Heat|3\/100\n|turn|117\n|c|\u2606SkipTheDripBayless|nice\n|\n|t:|1610931303\n|switch|p2a: Alakazam|Alakazam, M|100\/100\n|move|p1a: Rotom|Pain Split|p2a: Alakazam\n|-sethp|p2a: Alakazam|52\/100|[from] move: Pain Split|[silent]\n|-sethp|p1a: Rotom|43\/100|[from] move: Pain Split\n|\n|upkeep\n|turn|118\n|\n|t:|1610931325\n|switch|p1a: Chansey|Chansey, F|79\/100\n|-damage|p1a: Chansey|67\/100|[from] Stealth Rock\n|move|p2a: Alakazam|Psychic|p1a: Chansey\n|-damage|p1a: Chansey|53\/100\n|-unboost|p1a: Chansey|spd|1\n|\n|upkeep\n|turn|119\n|\n|t:|1610931357\n|switch|p2a: Kyurem|Kyurem|100\/100 par\n|-ability|p2a: Kyurem|Pressure\n|move|p1a: Chansey|Soft-Boiled|p1a: Chansey\n|-heal|p1a: Chansey|100\/100\n|\n|upkeep\n|turn|120\n|\n|t:|1610931364\n|switch|p1a: Rotom|Rotom-Heat|43\/100\n|cant|p2a: Kyurem|par\n|\n|upkeep\n|turn|121\n|\n|t:|1610931374\n|move|p1a: Rotom|Pain Split|p2a: Kyurem\n|-sethp|p2a: Kyurem|66\/100 par|[from] move: Pain Split|[silent]\n|-sethp|p1a: Rotom|89\/100|[from] move: Pain Split\n|cant|p2a: Kyurem|par\n|\n|upkeep\n|turn|122\n|c|\u2606SkipTheDripBayless|nice\n|c|\u2606SkipTheDripBayless|that para\n|c|\u2606SkipTheDripBayless|was good for u\n|c|\u2606SkipTheDripBayless|tho\n|\n|t:|1610931385\n|move|p1a: Rotom|Nasty Plot|p1a: Rotom\n|-boost|p1a: Rotom|spa|2\n|move|p2a: Kyurem|Substitute|p2a: Kyurem\n|-start|p2a: Kyurem|Substitute\n|-damage|p2a: Kyurem|41\/100 par\n|\n|upkeep\n|turn|123\n|c|\u2606SkipTheDripBayless|right\n|\n|t:|1610931405\n|move|p1a: Rotom|Volt Switch|p2a: Kyurem\n|-resisted|p2a: Kyurem\n|-activate|p2a: Kyurem|move: Substitute|[damage]\n|\n|t:|1610931406\n|switch|p1a: Chansey|Chansey, F|100\/100|[from]move: Volt Switch\n|-damage|p1a: Chansey|88\/100|[from] Stealth Rock\n|move|p2a: Kyurem|Roost|p2a: Kyurem\n|-heal|p2a: Kyurem|92\/100 par\n|-singleturn|p2a: Kyurem|move: Roost\n|\n|upkeep\n|turn|124\n|\n|t:|1610931416\n|move|p2a: Kyurem|Freeze-Dry|p1a: Chansey\n|-damage|p1a: Chansey|77\/100\n|-status|p1a: Chansey|frz\n|cant|p1a: Chansey|frz\n|\n|upkeep\n|turn|125\n|\n|t:|1610931421\n|switch|p2a: Alakazam|Alakazam, M|52\/100\n|cant|p1a: Chansey|frz\n|\n|upkeep\n|turn|126\n|\n|t:|1610931424\n|move|p2a: Alakazam|Nasty Plot|p2a: Alakazam\n|-boost|p2a: Alakazam|spa|2\n|cant|p1a: Chansey|frz\n|\n|upkeep\n|turn|127\n|c|\u2606SkipTheDripBayless|no way\n|\n|t:|1610931429\n|move|p2a: Alakazam|Focus Blast|p1a: Chansey\n|-supereffective|p1a: Chansey\n|-damage|p1a: Chansey|23\/100 frz\n|-curestatus|p1a: Chansey|frz|[msg]\n|move|p1a: Chansey|Thunder Wave|p2a: Alakazam\n|-status|p2a: Alakazam|par\n|\n|upkeep\n|turn|128\n|c|\u2606SkipTheDripBayless|yesss\n|\n|t:|1610931436\n|move|p2a: Alakazam|Psychic|p1a: Chansey\n|-damage|p1a: Chansey|0 fnt\n|faint|p1a: Chansey\n|\n|upkeep\n|c|\u2606Solobigbagalert|u lost anyways\n|\n|t:|1610931450\n|switch|p1a: Rotom|Rotom-Heat|89\/100\n|turn|129\n|\n|t:|1610931453\n|move|p1a: Rotom|Overheat|p2a: Alakazam\n|-damage|p2a: Alakazam|0 fnt\n|-unboost|p1a: Rotom|spa|2\n|faint|p2a: Alakazam\n|\n|upkeep\n|c|\u2606SkipTheDripBayless|how\n|\n|t:|1610931457\n|switch|p2a: Amoonguss|Amoonguss, M|72\/100 brn\n|-damage|p2a: Amoonguss|60\/100 brn|[from] Stealth Rock\n|turn|130\n|\n|t:|1610931461\n|move|p1a: Rotom|Nasty Plot|p1a: Rotom\n|-boost|p1a: Rotom|spa|2\n|move|p2a: Amoonguss|Spore|p1a: Rotom\n|-status|p1a: Rotom|slp|[from] move: Spore\n|\n|-damage|p2a: Amoonguss|54\/100 brn|[from] brn\n|upkeep\n|turn|131\n|\n|t:|1610931466\n|cant|p1a: Rotom|slp\n|move|p2a: Amoonguss|Sludge Bomb|p1a: Rotom\n|-damage|p1a: Rotom|62\/100 slp\n|\n|-damage|p2a: Amoonguss|47\/100 brn|[from] brn\n|upkeep\n|turn|132\n|\n|t:|1610931473\n|switch|p2a: Kyurem|Kyurem|92\/100 par\n|-ability|p2a: Kyurem|Pressure\n|-curestatus|p1a: Rotom|slp|[msg]\n|move|p1a: Rotom|Nasty Plot|p1a: Rotom\n|-boost|p1a: Rotom|spa|2\n|\n|upkeep\n|turn|133\n|\n|t:|1610931482\n|move|p1a: Rotom|Pain Split|p2a: Kyurem\n|-sethp|p2a: Kyurem|69\/100 par|[from] move: Pain Split|[silent]\n|-sethp|p1a: Rotom|92\/100|[from] move: Pain Split\n|move|p2a: Kyurem|Freeze-Dry|p1a: Rotom\n|-resisted|p1a: Rotom\n|-damage|p1a: Rotom|73\/100\n|\n|upkeep\n|turn|134\n|c|\u2606SkipTheDripBayless|damn\n|\n|t:|1610931489\n|move|p1a: Rotom|Overheat|p2a: Kyurem\n|-crit|p2a: Kyurem\n|-damage|p2a: Kyurem|0 fnt\n|-unboost|p1a: Rotom|spa|2\n|faint|p2a: Kyurem\n|\n|upkeep\n|c|\u2606SkipTheDripBayless|imagine\n|c|\u2606SkipTheDripBayless|losing\n|\n|t:|1610931493\n|switch|p2a: Amoonguss|Amoonguss, M|81\/100 brn\n|-damage|p2a: Amoonguss|68\/100 brn|[from] Stealth Rock\n|turn|135\n|c|\u2606SkipTheDripBayless|fomr this spot\n|\n|t:|1610931497\n|move|p1a: Rotom|Overheat|p2a: Amoonguss\n|-supereffective|p2a: Amoonguss\n|-damage|p2a: Amoonguss|0 fnt\n|-unboost|p1a: Rotom|spa|2\n|faint|p2a: Amoonguss\n|\n|win|SkipTheDripBayless\n","uploadtime":1610931501,"views":40,"p1id":"skipthedripbayless","p2id":"solobigbagalert","formatid":"gen8uu","rating":0,"private":0,"password":null}