{"id":"gen8bdspou-1485518015","p1":"Charmalane","p2":"Buhrito","format":"gen8bdspou","log":"|j|\u2606Charmalane\n|j|\u2606Buhrito\n|t:|1641344274\n|gametype|singles\n|player|p1|Charmalane|brawly|1645\n|player|p2|Buhrito|birdkeeper-gen3rs|1734\n|teamsize|p1|6\n|teamsize|p2|6\n|gen|8\n|tier|[Gen 8 BDSP] OU\n|rated|\n|rule|Sleep Clause Mod: Limit one foe put to sleep\n|rule|Species Clause: Limit one of each Pok\u00e9mon\n|rule|OHKO Clause: OHKO moves are banned\n|rule|Evasion Moves Clause: Evasion moves are banned\n|rule|Endless Battle Clause: Forcing endless battles is banned\n|rule|HP Percentage Mod: HP is shown in percentages\n|clearpoke\n|poke|p1|Gengar, M|\n|poke|p1|Rotom-Wash|\n|poke|p1|Scizor, F|\n|poke|p1|Gliscor, F|\n|poke|p1|Clefable, F|\n|poke|p1|Tangrowth, M|\n|poke|p2|Mamoswine, F|\n|poke|p2|Scizor, M|\n|poke|p2|Jirachi|\n|poke|p2|Rotom-Wash|\n|poke|p2|Tyranitar, M|\n|poke|p2|Starmie|\n|teampreview\n|j| Waddahxd\n|\n|t:|1641344295\n|start\n|switch|p1a: Upgrade|Rotom-Wash|100\/100\n|switch|p2a: Rotom|Rotom-Wash|100\/100\n|turn|1\n|j| sneedofeed68\n|\n|t:|1641344319\n|move|p1a: Upgrade|Volt Switch|p2a: Rotom\n|-damage|p2a: Rotom|74\/100\n|\n|t:|1641344333\n|switch|p1a: Soba|Tangrowth, M|100\/100|[from]move: Volt Switch\n|move|p2a: Rotom|Will-O-Wisp|p1a: Soba|[miss]\n|-miss|p2a: Rotom|p1a: Soba\n|\n|-heal|p2a: Rotom|80\/100|[from] item: Leftovers\n|upkeep\n|turn|2\n|\n|t:|1641344339\n|move|p2a: Rotom|Volt Switch|p1a: Soba\n|-resisted|p1a: Soba\n|-damage|p1a: Soba|81\/100\n|\n|t:|1641344342\n|switch|p2a: Scizor|Scizor, M|100\/100|[from]move: Volt Switch\n|move|p1a: Soba|Knock Off|p2a: Scizor\n|-damage|p2a: Scizor|84\/100\n|-enditem|p2a: Scizor|Leftovers|[from] move: Knock Off|[of] p1a: Soba\n|\n|upkeep\n|turn|3\n|\n|t:|1641344356\n|switch|p1a: Alucard|Gliscor, F|100\/100\n|move|p2a: Scizor|Swords Dance|p2a: Scizor\n|-boost|p2a: Scizor|atk|2\n|\n|-status|p1a: Alucard|tox|[from] item: Toxic Orb\n|upkeep\n|turn|4\n|\n|t:|1641344367\n|move|p2a: Scizor|Bullet Punch|p1a: Alucard\n|-damage|p1a: Alucard|58\/100 tox\n|move|p1a: Alucard|U-turn|p2a: Scizor\n|-resisted|p2a: Scizor\n|-damage|p2a: Scizor|78\/100\n|\n|t:|1641344369\n|switch|p1a: Upgrade|Rotom-Wash|100\/100|[from]move: U-turn\n|\n|upkeep\n|turn|5\n|\n|t:|1641344375\n|switch|p2a: Rotom|Rotom-Wash|80\/100\n|move|p1a: Upgrade|Will-O-Wisp|p2a: Rotom\n|-status|p2a: Rotom|brn\n|\n|-heal|p2a: Rotom|86\/100 brn|[from] item: Leftovers\n|-damage|p2a: Rotom|80\/100 brn|[from] brn\n|upkeep\n|turn|6\n|\n|t:|1641344383\n|move|p1a: Upgrade|Volt Switch|p2a: Rotom\n|-damage|p2a: Rotom|55\/100 brn\n|\n|t:|1641344387\n|switch|p1a: Soba|Tangrowth, M|100\/100|[from]move: Volt Switch\n|move|p2a: Rotom|Will-O-Wisp|p1a: Soba\n|-status|p1a: Soba|brn\n|\n|-heal|p2a: Rotom|61\/100 brn|[from] item: Leftovers\n|-damage|p2a: Rotom|55\/100 brn|[from] brn\n|-damage|p1a: Soba|94\/100 brn|[from] brn\n|upkeep\n|turn|7\n|\n|t:|1641344400\n|move|p2a: Rotom|Volt Switch|p1a: Soba\n|-resisted|p1a: Soba\n|-damage|p1a: Soba|77\/100 brn\n|\n|t:|1641344401\n|switch|p2a: Scizor|Scizor, M|78\/100|[from]move: Volt Switch\n|move|p1a: Soba|Knock Off|p2a: Scizor\n|-damage|p2a: Scizor|73\/100\n|\n|-damage|p1a: Soba|71\/100 brn|[from] brn\n|upkeep\n|turn|8\n|\n|t:|1641344414\n|switch|p1a: Alucard|Gliscor, F|58\/100 tox\n|move|p2a: Scizor|U-turn|p1a: Alucard\n|-resisted|p1a: Alucard\n|-damage|p1a: Alucard|46\/100 tox\n|\n|t:|1641344421\n|switch|p2a: Starmie|Starmie|100\/100|[from]move: U-turn\n|\n|-heal|p1a: Alucard|58\/100 tox|[from] ability: Poison Heal\n|upkeep\n|turn|9\n|\n|t:|1641344457\n|switch|p1a: Soba|Tangrowth, M|100\/100 brn\n|move|p2a: Starmie|Hydro Pump|p1a: Soba\n|-resisted|p1a: Soba\n|-damage|p1a: Soba|33\/100 brn\n|\n|-damage|p1a: Soba|26\/100 brn|[from] brn\n|upkeep\n|turn|10\n|\n|t:|1641344478\n|move|p2a: Starmie|Hydro Pump|p1a: Soba\n|-resisted|p1a: Soba\n|-damage|p1a: Soba|0 fnt\n|faint|p1a: Soba\n|\n|upkeep\n|\n|t:|1641344480\n|switch|p1a: Upgrade|Rotom-Wash|100\/100\n|turn|11\n|j| LT_Alt1\n|\n|t:|1641344486\n|switch|p2a: Rotom|Rotom-Wash|55\/100 brn\n|move|p1a: Upgrade|Volt Switch|p2a: Rotom\n|-damage|p2a: Rotom|29\/100 brn\n|\n|t:|1641344492\n|switch|p1a: Kage|Gengar, M|100\/100|[from]move: Volt Switch\n|\n|-heal|p2a: Rotom|36\/100 brn|[from] item: Leftovers\n|-damage|p2a: Rotom|29\/100 brn|[from] brn\n|upkeep\n|turn|12\n|j| pursuit fanboi\n|\n|t:|1641344497\n|move|p1a: Kage|Focus Blast|p2a: Rotom\n|-damage|p2a: Rotom|0 fnt\n|faint|p2a: Rotom\n|\n|upkeep\n|\n|t:|1641344499\n|switch|p2a: Starmie|Starmie|100\/100\n|turn|13\n|\n|t:|1641344526\n|switch|p1a: Alucard|Gliscor, F|58\/100 tox\n|move|p2a: Starmie|Hydro Pump|p1a: Alucard|[miss]\n|-miss|p2a: Starmie|p1a: Alucard\n|\n|-heal|p1a: Alucard|71\/100 tox|[from] ability: Poison Heal\n|upkeep\n|turn|14\n|\n|t:|1641344532\n|move|p2a: Starmie|Hydro Pump|p1a: Alucard\n|-supereffective|p1a: Alucard\n|-damage|p1a: Alucard|0 fnt\n|faint|p1a: Alucard\n|\n|upkeep\n|\n|t:|1641344534\n|switch|p1a: Upgrade|Rotom-Wash|100\/100\n|turn|15\n|\n|t:|1641344548\n|switch|p2a: Jirachi|Jirachi|100\/100\n|move|p1a: Upgrade|Nasty Plot|p1a: Upgrade\n|-boost|p1a: Upgrade|spa|2\n|\n|upkeep\n|turn|16\n|\n|t:|1641344565\n|move|p1a: Upgrade|Volt Switch|p2a: Jirachi\n|-damage|p2a: Jirachi|68\/100\n|\n|t:|1641344582\n|switch|p1a: Samus|Scizor, F|100\/100|[from]move: Volt Switch\n|move|p2a: Jirachi|Stealth Rock|p1a: Samus\n|-sidestart|p1: Charmalane|move: Stealth Rock\n|\n|-heal|p2a: Jirachi|74\/100|[from] item: Leftovers\n|upkeep\n|turn|17\n|j| Blaazen\n|\n|t:|1641344589\n|move|p2a: Jirachi|Doom Desire|p1a: Samus\n|-start|p2a: Jirachi|Doom Desire\n|move|p1a: Samus|Swords Dance|p1a: Samus\n|-boost|p1a: Samus|atk|2\n|\n|-heal|p2a: Jirachi|80\/100|[from] item: Leftovers\n|upkeep\n|turn|18\n|\n|t:|1641344604\n|move|p2a: Jirachi|U-turn|p1a: Samus\n|-resisted|p1a: Samus\n|-damage|p1a: Samus|94\/100\n|\n|t:|1641344608\n|switch|p2a: Scizor|Scizor, M|73\/100|[from]move: U-turn\n|move|p1a: Samus|U-turn|p2a: Scizor\n|-resisted|p2a: Scizor\n|-damage|p2a: Scizor|40\/100\n|\n|t:|1641344644\n|switch|p1a: Kage|Gengar, M|100\/100|[from]move: U-turn\n|-damage|p1a: Kage|88\/100|[from] Stealth Rock\n|\n|upkeep\n|turn|19\n|\n|t:|1641344658\n|move|p1a: Kage|Focus Blast|p2a: Scizor|[miss]\n|-miss|p1a: Kage|p2a: Scizor\n|move|p2a: Scizor|Roost|p2a: Scizor\n|-heal|p2a: Scizor|90\/100\n|-singleturn|p2a: Scizor|move: Roost\n|\n|-end|p1a: Kage|move: Doom Desire\n|-damage|p1a: Kage|11\/100\n|upkeep\n|turn|20\n|\n|t:|1641344664\n|switch|p1a: Upgrade|Rotom-Wash|100\/100\n|-damage|p1a: Upgrade|88\/100|[from] Stealth Rock\n|move|p2a: Scizor|Bullet Punch|p1a: Upgrade\n|-resisted|p1a: Upgrade\n|-crit|p1a: Upgrade\n|-damage|p1a: Upgrade|78\/100\n|\n|-heal|p1a: Upgrade|85\/100|[from] item: Leftovers\n|upkeep\n|turn|21\n|l| LT_Alt1\n|\n|t:|1641344672\n|move|p1a: Upgrade|Will-O-Wisp|p2a: Scizor\n|-status|p2a: Scizor|brn\n|move|p2a: Scizor|U-turn|p1a: Upgrade\n|-damage|p1a: Upgrade|69\/100\n|\n|t:|1641344679\n|switch|p2a: Tyranitar|Tyranitar, M|100\/100|[from]move: U-turn\n|-weather|Sandstorm|[from] ability: Sand Stream|[of] p2a: Tyranitar\n|\n|-weather|Sandstorm|[upkeep]\n|-damage|p1a: Upgrade|63\/100|[from] Sandstorm\n|-heal|p1a: Upgrade|69\/100|[from] item: Leftovers\n|upkeep\n|turn|22\n|l| Waddahxd\n|\n|t:|1641344708\n|move|p1a: Upgrade|Volt Switch|p2a: Tyranitar\n|-crit|p2a: Tyranitar\n|-damage|p2a: Tyranitar|77\/100\n|\n|t:|1641344711\n|switch|p1a: Kage|Gengar, M|11\/100|[from]move: Volt Switch\n|-damage|p1a: Kage|0 fnt|[from] Stealth Rock\n|faint|p1a: Kage\n|move|p2a: Tyranitar|Stone Edge|p1: Kage|[notarget]\n|-fail|p2a: Tyranitar\n|\n|-weather|Sandstorm|[upkeep]\n|upkeep\n|\n|t:|1641344715\n|switch|p1a: Hikari|Clefable, F|100\/100\n|-damage|p1a: Hikari|88\/100|[from] Stealth Rock\n|turn|23\n|\n|t:|1641344725\n|move|p2a: Tyranitar|Stone Edge|p1a: Hikari|[miss]\n|-miss|p2a: Tyranitar|p1a: Hikari\n|move|p1a: Hikari|Wish|p1a: Hikari\n|\n|-weather|Sandstorm|[upkeep]\n|-damage|p1a: Hikari|82\/100|[from] Sandstorm\n|-heal|p1a: Hikari|88\/100|[from] item: Leftovers\n|upkeep\n|turn|24\n|\n|t:|1641344731\n|move|p2a: Tyranitar|Stone Edge|p1a: Hikari|[miss]\n|-miss|p2a: Tyranitar|p1a: Hikari\n|move|p1a: Hikari|Stealth Rock|p2a: Tyranitar\n|-sidestart|p2: Buhrito|move: Stealth Rock\n|\n|-weather|Sandstorm|[upkeep]\n|-damage|p1a: Hikari|82\/100|[from] Sandstorm\n|-heal|p1a: Hikari|100\/100|[from] move: Wish|[wisher] Hikari\n|upkeep\n|turn|25\n|\n|t:|1641344737\n|move|p1a: Hikari|Protect|p1a: Hikari\n|-singleturn|p1a: Hikari|Protect\n|move|p2a: Tyranitar|Stone Edge|p1a: Hikari\n|-activate|p1a: Hikari|move: Protect\n|\n|-weather|none\n|upkeep\n|turn|26\n|\n|t:|1641344740\n|move|p2a: Tyranitar|Stone Edge|p1a: Hikari\n|-damage|p1a: Hikari|34\/100\n|move|p1a: Hikari|Wish|p1a: Hikari\n|\n|-heal|p1a: Hikari|40\/100|[from] item: Leftovers\n|upkeep\n|turn|27\n|\n|t:|1641344746\n|switch|p2a: Jirachi|Jirachi|80\/100\n|-damage|p2a: Jirachi|74\/100|[from] Stealth Rock\n|move|p1a: Hikari|Protect||[still]\n|-fail|p1a: Hikari\n|\n|-heal|p1a: Hikari|90\/100|[from] move: Wish|[wisher] Hikari\n|-heal|p2a: Jirachi|80\/100|[from] item: Leftovers\n|-heal|p1a: Hikari|96\/100|[from] item: Leftovers\n|upkeep\n|turn|28\n|\n|t:|1641344750\n|switch|p1a: Samus|Scizor, F|94\/100\n|-damage|p1a: Samus|82\/100|[from] Stealth Rock\n|move|p2a: Jirachi|Doom Desire|p1a: Samus\n|-start|p2a: Jirachi|Doom Desire\n|\n|-heal|p2a: Jirachi|86\/100|[from] item: Leftovers\n|-heal|p1a: Samus|88\/100|[from] item: Leftovers\n|upkeep\n|turn|29\n|\n|t:|1641344752\n|move|p2a: Jirachi|U-turn|p1a: Samus\n|-resisted|p1a: Samus\n|-damage|p1a: Samus|81\/100\n|\n|t:|1641344757\n|switch|p2a: Scizor|Scizor, M|90\/100 brn|[from]move: U-turn\n|-damage|p2a: Scizor|78\/100 brn|[from] Stealth Rock\n|move|p1a: Samus|Swords Dance|p1a: Samus\n|-boost|p1a: Samus|atk|2\n|\n|-heal|p1a: Samus|87\/100|[from] item: Leftovers\n|-damage|p2a: Scizor|72\/100 brn|[from] brn\n|upkeep\n|turn|30\n|\n|t:|1641344760\n|move|p2a: Scizor|Swords Dance|p2a: Scizor\n|-boost|p2a: Scizor|atk|2\n|move|p1a: Samus|Swords Dance|p1a: Samus\n|-boost|p1a: Samus|atk|2\n|\n|-end|p1a: Samus|move: Doom Desire\n|-resisted|p1a: Samus\n|-damage|p1a: Samus|58\/100\n|-heal|p1a: Samus|64\/100|[from] item: Leftovers\n|-damage|p2a: Scizor|66\/100 brn|[from] brn\n|upkeep\n|turn|31\n|\n|t:|1641344766\n|move|p2a: Scizor|Roost|p2a: Scizor\n|-heal|p2a: Scizor|100\/100 brn\n|-singleturn|p2a: Scizor|move: Roost\n|move|p1a: Samus|Roost|p1a: Samus\n|-heal|p1a: Samus|100\/100\n|-singleturn|p1a: Samus|move: Roost\n|\n|-damage|p2a: Scizor|94\/100 brn|[from] brn\n|upkeep\n|turn|32\n|\n|t:|1641344769\n|move|p2a: Scizor|Swords Dance|p2a: Scizor\n|-boost|p2a: Scizor|atk|2\n|move|p1a: Samus|Swords Dance|p1a: Samus\n|-boost|p1a: Samus|atk|2\n|\n|-damage|p2a: Scizor|88\/100 brn|[from] brn\n|upkeep\n|turn|33\n|\n|t:|1641344772\n|move|p1a: Samus|Bullet Punch|p2a: Scizor\n|-resisted|p2a: Scizor\n|-damage|p2a: Scizor|35\/100 brn\n|move|p2a: Scizor|Swords Dance|p2a: Scizor\n|-boost|p2a: Scizor|atk|2\n|\n|-damage|p2a: Scizor|29\/100 brn|[from] brn\n|upkeep\n|turn|34\n|\n|t:|1641344776\n|move|p2a: Scizor|Bullet Punch|p1a: Samus\n|-resisted|p1a: Samus\n|-damage|p1a: Samus|77\/100\n|move|p1a: Samus|Bullet Punch|p2a: Scizor\n|-resisted|p2a: Scizor\n|-damage|p2a: Scizor|0 fnt\n|faint|p2a: Scizor\n|\n|-heal|p1a: Samus|83\/100|[from] item: Leftovers\n|upkeep\n|\n|t:|1641344781\n|switch|p2a: Starmie|Starmie|100\/100\n|-damage|p2a: Starmie|88\/100|[from] Stealth Rock\n|turn|35\n|\n|t:|1641344784\n|move|p1a: Samus|Bullet Punch|p2a: Starmie\n|-resisted|p2a: Starmie\n|-damage|p2a: Starmie|0 fnt\n|faint|p2a: Starmie\n|\n|-heal|p1a: Samus|89\/100|[from] item: Leftovers\n|upkeep\n|-message|Buhrito forfeited.\n|\n|win|Charmalane\n|raw|Charmalane's rating: 1645 &rarr; <strong>1670<\/strong><br \/>(+25 for winning)\n|raw|Buhrito's rating: 1734 &rarr; <strong>1709<\/strong><br \/>(-25 for losing)\n|l|\u2606Buhrito\n","uploadtime":1641344792,"views":45,"p1id":"charmalane","p2id":"buhrito","formatid":"gen8bdspou","rating":1670,"private":0,"password":null}