{"id":"gen8ou-1053287383","p1":"Burnt Bright","p2":"Ikilledthelooker","format":"gen8ou","log":"|j|\u2606Burnt Bright\n|j|\u2606Ikilledthelooker\n|player|p1|Burnt Bright|226|1622\n|player|p2|Ikilledthelooker|sailor|1618\n|teamsize|p1|6\n|teamsize|p2|6\n|gametype|singles\n|gen|8\n|tier|[Gen 8] OU\n|rated|\n|clearpoke\n|poke|p1|Morpeko, M|\n|poke|p1|Corviknight, F|\n|poke|p1|Gengar, F|\n|poke|p1|Ditto|\n|poke|p1|Grimmsnarl, M|\n|poke|p1|Froslass, F|\n|poke|p2|Toxapex, F|\n|poke|p2|Sylveon, F|\n|poke|p2|Corviknight, M|\n|poke|p2|Rotom-Mow|\n|poke|p2|Mew|\n|poke|p2|Kommo-o, F|\n|rule|Sleep Clause Mod: Limit one foe put to sleep\n|rule|Species Clause: Limit one of each Pok\u00e9mon\n|rule|OHKO Clause: OHKO moves are banned\n|rule|Evasion Moves Clause: Evasion moves are banned\n|rule|Endless Battle Clause: Forcing endless battles is banned\n|rule|HP Percentage Mod: HP is shown in percentages\n|rule|Dynamax Clause: You cannot dynamax\n|teampreview\n|\n|start\n|switch|p1a: Froslass|Froslass, F|100\/100\n|switch|p2a: Rotom|Rotom-Mow|100\/100\n|turn|1\n|\n|move|p2a: Rotom|Trick|p1a: Froslass\n|-activate|p2a: Rotom|move: Trick|[of] p1a: Froslass\n|-item|p1a: Froslass|Choice Scarf|[from] move: Trick\n|-item|p2a: Rotom|Focus Sash|[from] move: Trick\n|move|p1a: Froslass|Spikes|p2a: Rotom\n|-sidestart|p2: Ikilledthelooker|Spikes\n|\n|upkeep\n|turn|2\n|\n|switch|p1a: Ditto|Ditto|100\/100\n|-transform|p1a: Ditto|p2a: Rotom|[from] ability: Imposter\n|switch|p2a: Corviknight|Corviknight, M|100\/100\n|-ability|p2a: Corviknight|Pressure\n|\n|upkeep\n|turn|3\n|\n|switch|p2a: Rotom|Rotom-Mow|100\/100\n|move|p1a: Ditto|Volt Switch|p2a: Rotom\n|-resisted|p2a: Rotom\n|-damage|p2a: Rotom|90\/100\n|\n|switch|p1a: Gengar|Gengar, F|100\/100|[from]move: Volt Switch\n|\n|upkeep\n|turn|4\n|\n|switch|p2a: Corviknight|Corviknight, M|100\/100\n|-ability|p2a: Corviknight|Pressure\n|move|p1a: Gengar|Nasty Plot|p1a: Gengar\n|-boost|p1a: Gengar|spa|2\n|\n|upkeep\n|turn|5\n|\n|move|p1a: Gengar|Shadow Ball|p2a: Corviknight\n|-damage|p2a: Corviknight|18\/100\n|move|p2a: Corviknight|Brave Bird|p1a: Gengar\n|-damage|p1a: Gengar|29\/100\n|-start|p2a: Corviknight|Disable|Brave Bird|[from] ability: Cursed Body|[of] p1a: Gengar\n|-damage|p2a: Corviknight|3\/100|[from] Recoil\n|\n|-heal|p1a: Gengar|35\/100|[from] item: Black Sludge\n|-heal|p2a: Corviknight|9\/100|[from] item: Leftovers\n|upkeep\n|turn|6\n|\n|move|p1a: Gengar|Shadow Ball|p2a: Corviknight\n|-damage|p2a: Corviknight|0 fnt\n|faint|p2a: Corviknight\n|\n|-heal|p1a: Gengar|41\/100|[from] item: Black Sludge\n|upkeep\n|\n|switch|p2a: Kommo-o|Kommo-o, F|100\/100\n|-damage|p2a: Kommo-o|88\/100|[from] Spikes\n|turn|7\n|\n|move|p1a: Gengar|Sludge Wave|p2a: Kommo-o\n|-damage|p2a: Kommo-o|0 fnt\n|faint|p2a: Kommo-o\n|\n|-heal|p1a: Gengar|47\/100|[from] item: Black Sludge\n|upkeep\n|-message|Ikilledthelooker forfeited.\n|\n|win|Burnt Bright\n|l|\u2606Ikilledthelooker\n|raw|Burnt Bright's rating: 1622 &rarr; <strong>1642<\/strong><br \/>(+20 for winning)\n|raw|Ikilledthelooker's rating: 1618 &rarr; <strong>1598<\/strong><br \/>(-20 for losing)\n","uploadtime":1580092462,"views":16,"p1id":"burntbright","p2id":"ikilledthelooker","formatid":"gen8ou","rating":1598,"private":0,"password":null}