{"id":"gen8ou-1173115533","p1":"relic stone","p2":"LT73IU HYper","format":"gen8ou","log":"|raw|<div class=\"broadcast-blue\"><strong>This battle is required to be public due to a player having a name prefixed by 'LT73IU'.<\/div>\n|j|\u2606relic stone\n|j|\u2606LT73IU HYper\n|t:|1598060045\n|player|p1|relic stone|lusamine-nihilego|1906\n|player|p2|LT73IU HYper|nate-dueldisk|1765\n|teamsize|p1|6\n|teamsize|p2|6\n|gametype|singles\n|gen|8\n|tier|[Gen 8] OU\n|rated|\n|clearpoke\n|poke|p1|Hippowdon, M|\n|poke|p1|Volcarona, M|\n|poke|p1|Ferrothorn, M|\n|poke|p1|Hydreigon, M|\n|poke|p1|Azumarill, M|\n|poke|p1|Excadrill, M|\n|poke|p2|Avalugg, F|\n|poke|p2|Blissey, F|\n|poke|p2|Ditto|\n|poke|p2|Keldeo|\n|poke|p2|Quagsire, M|\n|poke|p2|Amoonguss, M|\n|rule|Sleep Clause Mod: Limit one foe put to sleep\n|rule|Species Clause: Limit one of each Pok\u00e9mon\n|rule|OHKO Clause: OHKO moves are banned\n|rule|Evasion Moves Clause: Evasion moves are banned\n|rule|Endless Battle Clause: Forcing endless battles is banned\n|rule|HP Percentage Mod: HP is shown in percentages\n|rule|Dynamax Clause: You cannot dynamax\n|teampreview\n|j| Jytcampbell\n|inactive|Battle timer is ON: inactive players will automatically lose when time's up. (requested by LT73IU HYper)\n|j| vight\n|j| whyad\n|j| LT73IU Enrique\n|j| javoon\n|c|\u2606relic stone|loooool\n|c|\u2606relic stone|hf\n|c|\u2606LT73IU HYper|u2\n|\n|t:|1598060066\n|start\n|switch|p1a: Hades|Hippowdon, M|100\/100\n|switch|p2a: Keldeo|Keldeo|100\/100\n|-weather|Sandstorm|[from] ability: Sand Stream|[of] p1a: Hades\n|turn|1\n|j| koookie\n|j| Treyvion\n|l| vight\n|\n|t:|1598060081\n|move|p2a: Keldeo|Scald|p1a: Hades\n|-supereffective|p1a: Hades\n|-damage|p1a: Hades|40\/100\n|move|p1a: Hades|Stealth Rock|p2a: Keldeo\n|-sidestart|p2: LT73IU HYper|move: Stealth Rock\n|\n|-weather|Sandstorm|[upkeep]\n|-damage|p2a: Keldeo|94\/100|[from] Sandstorm\n|-heal|p2a: Keldeo|100\/100|[from] item: Leftovers\n|upkeep\n|turn|2\n|\n|t:|1598060087\n|switch|p1a: Hybrid|Hydreigon, M|100\/100\n|move|p2a: Keldeo|Scald|p1a: Hybrid\n|-resisted|p1a: Hybrid\n|-damage|p1a: Hybrid|76\/100\n|-status|p1a: Hybrid|brn\n|\n|-weather|Sandstorm|[upkeep]\n|-damage|p1a: Hybrid|70\/100 brn|[from] Sandstorm\n|-damage|p2a: Keldeo|94\/100|[from] Sandstorm\n|-heal|p2a: Keldeo|100\/100|[from] item: Leftovers\n|-damage|p1a: Hybrid|64\/100 brn|[from] brn\n|upkeep\n|turn|3\n|j| weirdthings\u00b7com\n|\n|t:|1598060091\n|switch|p2a: Blissey|Blissey, F|100\/100\n|move|p1a: Hybrid|U-turn|p2a: Blissey\n|-crit|p2a: Blissey\n|-damage|p2a: Blissey|91\/100\n|\n|t:|1598060094\n|switch|p1a: Impaler|Excadrill, M|100\/100|[from]move: U-turn\n|\n|-weather|Sandstorm|[upkeep]\n|-damage|p2a: Blissey|85\/100|[from] Sandstorm\n|upkeep\n|turn|4\n|\n|t:|1598060097\n|switch|p2a: Avalugg|Avalugg, F|100\/100\n|move|p1a: Impaler|Earthquake|p2a: Avalugg\n|-damage|p2a: Avalugg|67\/100\n|\n|-weather|Sandstorm|[upkeep]\n|-damage|p2a: Avalugg|61\/100|[from] Sandstorm\n|upkeep\n|turn|5\n|\n|t:|1598060101\n|switch|p1a: Amaterasu|Volcarona, M, shiny|100\/100\n|move|p2a: Avalugg|Recover|p2a: Avalugg\n|-heal|p2a: Avalugg|100\/100\n|\n|-weather|Sandstorm|[upkeep]\n|-damage|p1a: Amaterasu|94\/100|[from] Sandstorm\n|-damage|p2a: Avalugg|94\/100|[from] Sandstorm\n|upkeep\n|turn|6\n|\n|t:|1598060105\n|switch|p2a: Quagsire|Quagsire, M|100\/100\n|move|p1a: Amaterasu|Fiery Dance|p2a: Quagsire\n|-resisted|p2a: Quagsire\n|-damage|p2a: Quagsire|75\/100\n|\n|-weather|Sandstorm|[upkeep]\n|-damage|p1a: Amaterasu|88\/100|[from] Sandstorm\n|upkeep\n|turn|7\n|j| Chuerk\n|\n|t:|1598060110\n|switch|p2a: Blissey|Blissey, F|85\/100\n|move|p1a: Amaterasu|Psychic|p2a: Blissey\n|-damage|p2a: Blissey|74\/100\n|-unboost|p2a: Blissey|spd|1\n|\n|-weather|Sandstorm|[upkeep]\n|-damage|p1a: Amaterasu|82\/100|[from] Sandstorm\n|-damage|p2a: Blissey|68\/100|[from] Sandstorm\n|upkeep\n|turn|8\n|\n|t:|1598060113\n|switch|p1a: Impaler|Excadrill, M|100\/100\n|move|p2a: Blissey|Toxic|p1a: Impaler\n|-immune|p1a: Impaler\n|\n|-weather|none\n|upkeep\n|turn|9\n|l| Treyvion\n|\n|t:|1598060117\n|switch|p2a: Avalugg|Avalugg, F|94\/100\n|move|p1a: Impaler|Iron Head|p2a: Avalugg\n|-supereffective|p2a: Avalugg\n|-crit|p2a: Avalugg\n|-damage|p2a: Avalugg|4\/100\n|\n|upkeep\n|turn|10\n|c|\u2606LT73IU HYper|:D\n|\n|t:|1598060123\n|switch|p2a: Ditto|Ditto|100\/100\n|-damage|p2a: Ditto|88\/100|[from] Stealth Rock\n|-transform|p2a: Ditto|p1a: Impaler|[from] ability: Imposter\n|move|p1a: Impaler|Iron Head|p2a: Ditto\n|-resisted|p2a: Ditto\n|-damage|p2a: Ditto|26\/100\n|\n|upkeep\n|turn|11\n|\n|t:|1598060129\n|switch|p2a: Avalugg|Avalugg, F|4\/100\n|switch|p1a: Temple|Ferrothorn, M|100\/100\n|\n|upkeep\n|turn|12\n|\n|t:|1598060131\n|move|p2a: Avalugg|Recover|p2a: Avalugg\n|-heal|p2a: Avalugg|54\/100\n|move|p1a: Temple|Knock Off|p2a: Avalugg\n|-damage|p2a: Avalugg|47\/100\n|-enditem|p2a: Avalugg|Heavy-Duty Boots|[from] move: Knock Off|[of] p1a: Temple\n|\n|upkeep\n|turn|13\n|j|@Eo\n|\n|t:|1598060134\n|move|p2a: Avalugg|Recover|p2a: Avalugg\n|-heal|p2a: Avalugg|97\/100\n|move|p1a: Temple|Leech Seed|p2a: Avalugg\n|-start|p2a: Avalugg|move: Leech Seed\n|\n|-damage|p2a: Avalugg|84\/100|[from] Leech Seed|[of] p1a: Temple\n|upkeep\n|turn|14\n|\n|t:|1598060139\n|switch|p1a: Impaler|Excadrill, M|100\/100\n|move|p2a: Avalugg|Rapid Spin|p1a: Impaler\n|-resisted|p1a: Impaler\n|-damage|p1a: Impaler|91\/100\n|-boost|p2a: Avalugg|spe|1\n|-end|p2a: Avalugg|Leech Seed|[from] move: Rapid Spin|[of] p2a: Avalugg\n|-sideend|p2: LT73IU HYper|Stealth Rock|[from] move: Rapid Spin|[of] p2a: Avalugg\n|\n|upkeep\n|turn|15\n|\n|t:|1598060142\n|move|p1a: Impaler|Iron Head|p2a: Avalugg\n|-supereffective|p2a: Avalugg\n|-damage|p2a: Avalugg|29\/100\n|move|p2a: Avalugg|Body Press|p1a: Impaler\n|-supereffective|p1a: Impaler\n|-damage|p1a: Impaler|0 fnt\n|faint|p1a: Impaler\n|\n|upkeep\n|\n|t:|1598060148\n|switch|p1a: Amaterasu|Volcarona, M, shiny|82\/100\n|turn|16\n|\n|t:|1598060151\n|switch|p2a: Blissey|Blissey, F|68\/100\n|move|p1a: Amaterasu|Fiery Dance|p2a: Blissey\n|-damage|p2a: Blissey|54\/100\n|\n|upkeep\n|turn|17\n|j| Ikuzeeee\n|\n|t:|1598060155\n|switch|p1a: Hades|Hippowdon, M|40\/100\n|-weather|Sandstorm|[from] ability: Sand Stream|[of] p1a: Hades\n|move|p2a: Blissey|Soft-Boiled|p2a: Blissey\n|-heal|p2a: Blissey|100\/100\n|\n|-weather|Sandstorm|[upkeep]\n|-damage|p2a: Blissey|94\/100|[from] Sandstorm\n|upkeep\n|turn|18\n|\n|t:|1598060157\n|move|p2a: Blissey|Toxic|p1a: Hades\n|-status|p1a: Hades|tox\n|move|p1a: Hades|Stealth Rock|p2a: Blissey\n|-sidestart|p2: LT73IU HYper|move: Stealth Rock\n|\n|-weather|Sandstorm|[upkeep]\n|-damage|p2a: Blissey|88\/100|[from] Sandstorm\n|-damage|p1a: Hades|34\/100 tox|[from] psn\n|upkeep\n|turn|19\n|\n|t:|1598060165\n|switch|p2a: Keldeo|Keldeo|100\/100\n|-damage|p2a: Keldeo|94\/100|[from] Stealth Rock\n|switch|p1a: Temple|Ferrothorn, M|100\/100\n|\n|-weather|Sandstorm|[upkeep]\n|-damage|p2a: Keldeo|88\/100|[from] Sandstorm\n|-heal|p2a: Keldeo|94\/100|[from] item: Leftovers\n|upkeep\n|turn|20\n|j| Davon\n|\n|t:|1598060169\n|move|p2a: Keldeo|Taunt|p1a: Temple\n|-start|p1a: Temple|move: Taunt\n|move|p1a: Temple|Gyro Ball|p2a: Keldeo\n|-resisted|p2a: Keldeo\n|-crit|p2a: Keldeo\n|-damage|p2a: Keldeo|53\/100\n|\n|-weather|Sandstorm|[upkeep]\n|-damage|p2a: Keldeo|47\/100|[from] Sandstorm\n|-heal|p2a: Keldeo|53\/100|[from] item: Leftovers\n|upkeep\n|turn|21\n|\n|t:|1598060176\n|move|p2a: Keldeo|Scald|p1a: Temple\n|-resisted|p1a: Temple\n|-damage|p1a: Temple|87\/100\n|-status|p1a: Temple|brn\n|move|p1a: Temple|Gyro Ball|p2a: Keldeo\n|-resisted|p2a: Keldeo\n|-crit|p2a: Keldeo\n|-damage|p2a: Keldeo|34\/100\n|\n|-weather|Sandstorm|[upkeep]\n|-damage|p2a: Keldeo|27\/100|[from] Sandstorm\n|-heal|p2a: Keldeo|34\/100|[from] item: Leftovers\n|-heal|p1a: Temple|93\/100 brn|[from] item: Leftovers\n|-damage|p1a: Temple|87\/100 brn|[from] brn\n|upkeep\n|turn|22\n|\n|t:|1598060182\n|move|p2a: Keldeo|Substitute|p2a: Keldeo\n|-start|p2a: Keldeo|Substitute\n|-damage|p2a: Keldeo|9\/100\n|move|p1a: Temple|Gyro Ball|p2a: Keldeo\n|-resisted|p2a: Keldeo\n|-activate|p2a: Keldeo|move: Substitute|[damage]\n|\n|-weather|Sandstorm|[upkeep]\n|-damage|p2a: Keldeo|3\/100|[from] Sandstorm\n|-heal|p2a: Keldeo|9\/100|[from] item: Leftovers\n|-heal|p1a: Temple|93\/100 brn|[from] item: Leftovers\n|-damage|p1a: Temple|87\/100 brn|[from] brn\n|-end|p1a: Temple|move: Taunt\n|upkeep\n|turn|23\n|\n|t:|1598060185\n|move|p2a: Keldeo|Taunt|p1a: Temple\n|-start|p1a: Temple|move: Taunt\n|move|p1a: Temple|Gyro Ball|p2a: Keldeo\n|-resisted|p2a: Keldeo\n|-end|p2a: Keldeo|Substitute\n|\n|-weather|Sandstorm|[upkeep]\n|-damage|p2a: Keldeo|3\/100|[from] Sandstorm\n|-heal|p2a: Keldeo|9\/100|[from] item: Leftovers\n|-heal|p1a: Temple|93\/100 brn|[from] item: Leftovers\n|-damage|p1a: Temple|87\/100 brn|[from] brn\n|upkeep\n|turn|24\n|\n|t:|1598060193\n|move|p2a: Keldeo|Scald|p1a: Temple\n|-resisted|p1a: Temple\n|-damage|p1a: Temple|75\/100 brn\n|move|p1a: Temple|Gyro Ball|p2a: Keldeo\n|-resisted|p2a: Keldeo\n|-damage|p2a: Keldeo|0 fnt\n|faint|p2a: Keldeo\n|\n|-weather|none\n|-heal|p1a: Temple|81\/100 brn|[from] item: Leftovers\n|-damage|p1a: Temple|75\/100 brn|[from] brn\n|upkeep\n|\n|t:|1598060195\n|switch|p2a: Avalugg|Avalugg, F|29\/100\n|-damage|p2a: Avalugg|4\/100|[from] Stealth Rock\n|turn|25\n|\n|t:|1598060199\n|switch|p1a: Amaterasu|Volcarona, M, shiny|82\/100\n|move|p2a: Avalugg|Recover|p2a: Avalugg\n|-heal|p2a: Avalugg|54\/100\n|\n|upkeep\n|turn|26\n|j| Koq\n|\n|t:|1598060203\n|switch|p2a: Blissey|Blissey, F|88\/100\n|move|p1a: Amaterasu|Fiery Dance|p2a: Blissey\n|-damage|p2a: Blissey|73\/100\n|-boost|p1a: Amaterasu|spa|1\n|\n|upkeep\n|turn|27\n|\n|t:|1598060207\n|move|p1a: Amaterasu|Substitute|p1a: Amaterasu\n|-start|p1a: Amaterasu|Substitute\n|-damage|p1a: Amaterasu|57\/100\n|move|p2a: Blissey|Seismic Toss|p1a: Amaterasu\n|-end|p1a: Amaterasu|Substitute\n|\n|upkeep\n|turn|28\n|\n|t:|1598060210\n|move|p1a: Amaterasu|Fiery Dance|p2a: Blissey\n|-damage|p2a: Blissey|51\/100\n|-boost|p1a: Amaterasu|spa|1\n|move|p2a: Blissey|Seismic Toss|p1a: Amaterasu\n|-damage|p1a: Amaterasu|26\/100\n|\n|upkeep\n|turn|29\n|\n|t:|1598060214\n|move|p1a: Amaterasu|Fiery Dance|p2a: Blissey\n|-damage|p2a: Blissey|23\/100\n|-boost|p1a: Amaterasu|spa|1\n|move|p2a: Blissey|Seismic Toss|p1a: Amaterasu\n|-damage|p1a: Amaterasu|0 fnt\n|faint|p1a: Amaterasu\n|\n|upkeep\n|\n|t:|1598060219\n|switch|p1a: Torrent|Azumarill, M|100\/100\n|turn|30\n|j| Boulicrok\n|\n|t:|1598060221\n|switch|p2a: Amoonguss|Amoonguss, M|100\/100\n|-damage|p2a: Amoonguss|88\/100|[from] Stealth Rock\n|move|p1a: Torrent|Whirlpool|p2a: Amoonguss\n|-resisted|p2a: Amoonguss\n|-damage|p2a: Amoonguss|85\/100\n|-activate|p2a: Amoonguss|move: Whirlpool|[of] p1a: Torrent\n|\n|-damage|p2a: Amoonguss|72\/100|[from] move: Whirlpool|[partiallytrapped]\n|upkeep\n|turn|31\n|\n|t:|1598060226\n|switch|p1a: Temple|Ferrothorn, M|75\/100 brn\n|move|p2a: Amoonguss|Sludge Bomb|p1a: Temple\n|-immune|p1a: Temple\n|\n|-heal|p1a: Temple|81\/100 brn|[from] item: Leftovers\n|-damage|p1a: Temple|75\/100 brn|[from] brn\n|-end|p2a: Amoonguss|Whirlpool|[partiallytrapped]|[silent]\n|upkeep\n|turn|32\n|\n|t:|1598060235\n|switch|p2a: Avalugg|Avalugg, F|54\/100\n|-damage|p2a: Avalugg|30\/100|[from] Stealth Rock\n|switch|p1a: Hybrid|Hydreigon, M|64\/100 brn\n|\n|-damage|p1a: Hybrid|57\/100 brn|[from] brn\n|upkeep\n|turn|33\n|\n|t:|1598060244\n|move|p1a: Hybrid|Dark Pulse|p2a: Avalugg\n|-damage|p2a: Avalugg|0 fnt\n|faint|p2a: Avalugg\n|\n|-damage|p1a: Hybrid|51\/100 brn|[from] brn\n|upkeep\n|\n|t:|1598060246\n|switch|p2a: Blissey|Blissey, F|23\/100\n|turn|34\n|\n|t:|1598060249\n|move|p1a: Hybrid|Dark Pulse|p2a: Blissey\n|-damage|p2a: Blissey|9\/100\n|move|p2a: Blissey|Soft-Boiled|p2a: Blissey\n|-heal|p2a: Blissey|59\/100\n|\n|-damage|p1a: Hybrid|45\/100 brn|[from] brn\n|upkeep\n|turn|35\n|\n|t:|1598060254\n|switch|p1a: Temple|Ferrothorn, M|75\/100 brn\n|move|p2a: Blissey|Soft-Boiled|p2a: Blissey\n|-heal|p2a: Blissey|100\/100\n|\n|-heal|p1a: Temple|81\/100 brn|[from] item: Leftovers\n|-damage|p1a: Temple|75\/100 brn|[from] brn\n|upkeep\n|turn|36\n|\n|t:|1598060260\n|move|p2a: Blissey|Seismic Toss|p1a: Temple\n|-damage|p1a: Temple|46\/100 brn\n|-damage|p2a: Blissey|88\/100|[from] ability: Iron Barbs|[of] p1a: Temple\n|move|p1a: Temple|Knock Off|p2a: Blissey\n|-damage|p2a: Blissey|79\/100\n|-enditem|p2a: Blissey|Heavy-Duty Boots|[from] move: Knock Off|[of] p1a: Temple\n|\n|-heal|p1a: Temple|52\/100 brn|[from] item: Leftovers\n|-damage|p1a: Temple|46\/100 brn|[from] brn\n|upkeep\n|turn|37\n|\n|t:|1598060264\n|switch|p2a: Amoonguss|Amoonguss, M|100\/100\n|-damage|p2a: Amoonguss|88\/100|[from] Stealth Rock\n|move|p1a: Temple|Leech Seed|p2a: Amoonguss\n|-immune|p2a: Amoonguss\n|\n|-heal|p1a: Temple|52\/100 brn|[from] item: Leftovers\n|-damage|p1a: Temple|46\/100 brn|[from] brn\n|upkeep\n|turn|38\n|\n|t:|1598060269\n|move|p2a: Amoonguss|Stomping Tantrum|p1a: Temple\n|-damage|p1a: Temple|34\/100 brn\n|-damage|p2a: Amoonguss|75\/100|[from] ability: Iron Barbs|[of] p1a: Temple\n|move|p1a: Temple|Spikes|p2a: Amoonguss\n|-sidestart|p2: LT73IU HYper|Spikes\n|\n|-heal|p1a: Temple|40\/100 brn|[from] item: Leftovers\n|-damage|p1a: Temple|34\/100 brn|[from] brn\n|upkeep\n|turn|39\n|j| chin hater\n|c| chin hater|hyper\n|c| chin hater|i love ur vids\n|c| chin hater|pls post more\n|c| chin hater|vid(s)\n|c|\u2606LT73IU HYper|thanks boss im goin big\n|j| Biden Kamala 2020\n|\n|t:|1598060298\n|move|p2a: Amoonguss|Stomping Tantrum|p1a: Temple\n|-damage|p1a: Temple|22\/100 brn\n|-damage|p2a: Amoonguss|63\/100|[from] ability: Iron Barbs|[of] p1a: Temple\n|move|p1a: Temple|Spikes|p2a: Amoonguss\n|-sidestart|p2: LT73IU HYper|Spikes\n|\n|-heal|p1a: Temple|29\/100 brn|[from] item: Leftovers\n|-damage|p1a: Temple|22\/100 brn|[from] brn\n|upkeep\n|turn|40\n|c| Biden Kamala 2020|go hyper!\n|\n|t:|1598060303\n|move|p2a: Amoonguss|Stomping Tantrum|p1a: Temple\n|-crit|p1a: Temple\n|-damage|p1a: Temple|6\/100 brn\n|-damage|p2a: Amoonguss|50\/100|[from] ability: Iron Barbs|[of] p1a: Temple\n|move|p1a: Temple|Spikes|p2a: Amoonguss\n|-sidestart|p2: LT73IU HYper|Spikes\n|\n|-heal|p1a: Temple|12\/100 brn|[from] item: Leftovers\n|-damage|p1a: Temple|6\/100 brn|[from] brn\n|upkeep\n|turn|41\n|\n|t:|1598060306\n|switch|p1a: Hybrid|Hydreigon, M|45\/100 brn\n|move|p2a: Amoonguss|Giga Drain|p1a: Hybrid\n|-resisted|p1a: Hybrid\n|-damage|p1a: Hybrid|33\/100 brn\n|-heal|p2a: Amoonguss|55\/100|[from] drain|[of] p1a: Hybrid\n|\n|-damage|p1a: Hybrid|27\/100 brn|[from] brn\n|upkeep\n|turn|42\n|\n|t:|1598060313\n|switch|p2a: Ditto|Ditto|26\/100\n|-damage|p2a: Ditto|1\/100|[from] Spikes\n|-damage|p2a: Ditto|0 fnt|[from] Stealth Rock\n|faint|p2a: Ditto\n|move|p1a: Hybrid|Flamethrower|p2: Ditto|[notarget]\n|-fail|p1a: Hybrid\n|\n|-damage|p1a: Hybrid|20\/100 brn|[from] brn\n|upkeep\n|j| bannrlane\n|\n|t:|1598060327\n|switch|p2a: Quagsire|Quagsire, M|75\/100\n|turn|43\n|l| Davon\n|j|+rosa\n|j| Cheerios69\n|c|\u2606LT73IU HYper|loool forgot about the hdb tek\n|l| Ikuzeeee\n|\n|t:|1598060345\n|switch|p1a: Temple|Ferrothorn, M|6\/100 brn\n|move|p2a: Quagsire|Toxic||[still]\n|-fail|p2a: Quagsire\n|\n|-heal|p1a: Temple|12\/100 brn|[from] item: Leftovers\n|-damage|p1a: Temple|6\/100 brn|[from] brn\n|upkeep\n|turn|44\n|c| bannrlane|what's ur yt?\n|\n|t:|1598060352\n|switch|p1a: Torrent|Azumarill, M|100\/100\n|move|p2a: Quagsire|Scald|p1a: Torrent\n|-resisted|p1a: Torrent\n|-damage|p1a: Torrent|91\/100\n|-status|p1a: Torrent|brn\n|\n|-heal|p1a: Torrent|97\/100 brn|[from] item: Leftovers\n|-damage|p1a: Torrent|91\/100 brn|[from] brn\n|upkeep\n|turn|45\n|l| Biden Kamala 2020\n|l| Koq\n|c| chin hater|HYper\n|c|\u2606LT73IU HYper|https:\/\/youtu.be\/j2G3YY5Ptnw\n|j| PEDREG\n|c|\u2606LT73IU HYper|subscribe\n|c| bannrlane|alright thanks\n|c| chin hater|yes\n|inactive|LT73IU HYper has 120 seconds left.\n|\n|t:|1598060393\n|switch|p2a: Amoonguss|Amoonguss, M|88\/100\n|-damage|p2a: Amoonguss|76\/100|[from] Stealth Rock\n|-damage|p2a: Amoonguss|51\/100|[from] Spikes\n|move|p1a: Torrent|Whirlpool|p2a: Amoonguss\n|-resisted|p2a: Amoonguss\n|-damage|p2a: Amoonguss|47\/100\n|-activate|p2a: Amoonguss|move: Whirlpool|[of] p1a: Torrent\n|\n|-heal|p1a: Torrent|97\/100 brn|[from] item: Leftovers\n|-damage|p1a: Torrent|91\/100 brn|[from] brn\n|-damage|p2a: Amoonguss|35\/100|[from] move: Whirlpool|[partiallytrapped]\n|upkeep\n|turn|46\n|j| sugarhigh\n|\n|t:|1598060410\n|move|p1a: Torrent|Protect|p1a: Torrent\n|-singleturn|p1a: Torrent|Protect\n|move|p2a: Amoonguss|Sludge Bomb|p1a: Torrent\n|-activate|p1a: Torrent|move: Protect\n|\n|-heal|p1a: Torrent|97\/100 brn|[from] item: Leftovers\n|-damage|p1a: Torrent|91\/100 brn|[from] brn\n|-damage|p2a: Amoonguss|22\/100|[from] move: Whirlpool|[partiallytrapped]\n|upkeep\n|turn|47\n|l| sugarhigh\n|\n|t:|1598060414\n|switch|p1a: Temple|Ferrothorn, M|6\/100 brn\n|move|p2a: Amoonguss|Sludge Bomb|p1a: Temple\n|-immune|p1a: Temple\n|\n|-heal|p1a: Temple|12\/100 brn|[from] item: Leftovers\n|-damage|p1a: Temple|6\/100 brn|[from] brn\n|-end|p2a: Amoonguss|Whirlpool|[partiallytrapped]|[silent]\n|upkeep\n|turn|48\n|\n|t:|1598060426\n|move|p2a: Amoonguss|Sludge Bomb|p1a: Temple\n|-immune|p1a: Temple\n|move|p1a: Temple|Knock Off|p2a: Amoonguss\n|-damage|p2a: Amoonguss|14\/100\n|-damage|p1a: Temple|0 fnt|[from] item: Rocky Helmet|[of] p2a: Amoonguss\n|faint|p1a: Temple\n|\n|upkeep\n|j| hjjb1\n|\n|t:|1598060431\n|switch|p1a: Hybrid|Hydreigon, M|20\/100 brn\n|turn|49\n|\n|t:|1598060437\n|move|p1a: Hybrid|Dark Pulse|p2a: Amoonguss\n|-damage|p2a: Amoonguss|0 fnt\n|faint|p2a: Amoonguss\n|\n|-damage|p1a: Hybrid|14\/100 brn|[from] brn\n|upkeep\n|\n|t:|1598060439\n|switch|p2a: Blissey|Blissey, F|79\/100\n|-damage|p2a: Blissey|54\/100|[from] Spikes\n|-damage|p2a: Blissey|42\/100|[from] Stealth Rock\n|turn|50\n|j| LT73IU OK\n|l| chin hater\n|\n|t:|1598060444\n|switch|p1a: Hades|Hippowdon, M|34\/100 tox\n|-weather|Sandstorm|[from] ability: Sand Stream|[of] p1a: Hades\n|move|p2a: Blissey|Soft-Boiled|p2a: Blissey\n|-heal|p2a: Blissey|92\/100\n|\n|-weather|Sandstorm|[upkeep]\n|-damage|p2a: Blissey|86\/100|[from] Sandstorm\n|-damage|p1a: Hades|28\/100 tox|[from] psn\n|upkeep\n|turn|51\n|\n|t:|1598060448\n|move|p2a: Blissey|Seismic Toss|p1a: Hades\n|-damage|p1a: Hades|4\/100 tox\n|move|p1a: Hades|Slack Off|p1a: Hades\n|-heal|p1a: Hades|54\/100 tox\n|\n|-weather|Sandstorm|[upkeep]\n|-damage|p2a: Blissey|79\/100|[from] Sandstorm\n|-damage|p1a: Hades|42\/100 tox|[from] psn\n|upkeep\n|turn|52\n|\n|t:|1598060454\n|move|p2a: Blissey|Seismic Toss|p1a: Hades\n|-damage|p1a: Hades|18\/100 tox\n|move|p1a: Hades|Toxic|p2a: Blissey\n|-status|p2a: Blissey|tox\n|\n|-weather|Sandstorm|[upkeep]\n|-damage|p2a: Blissey|73\/100 tox|[from] Sandstorm\n|-damage|p2a: Blissey|67\/100 tox|[from] psn\n|-damage|p1a: Hades|0 fnt|[from] psn\n|faint|p1a: Hades\n|upkeep\n|\n|t:|1598060459\n|switch|p1a: Torrent|Azumarill, M|91\/100 brn\n|turn|53\n|\n|t:|1598060463\n|move|p2a: Blissey|Heal Bell|p2a: Blissey\n|-activate|p2a: Blissey|move: Heal Bell\n|-curestatus|p2a: Blissey|tox|[msg]\n|move|p1a: Torrent|Whirlpool|p2a: Blissey\n|-damage|p2a: Blissey|64\/100\n|-activate|p2a: Blissey|move: Whirlpool|[of] p1a: Torrent\n|\n|-weather|Sandstorm|[upkeep]\n|-damage|p2a: Blissey|58\/100|[from] Sandstorm\n|-damage|p1a: Torrent|85\/100 brn|[from] Sandstorm\n|-heal|p1a: Torrent|91\/100 brn|[from] item: Leftovers\n|-damage|p1a: Torrent|85\/100 brn|[from] brn\n|-damage|p2a: Blissey|46\/100|[from] move: Whirlpool|[partiallytrapped]\n|upkeep\n|turn|54\n|j| abigvwpeu\n|\n|t:|1598060469\n|move|p2a: Blissey|Seismic Toss|p1a: Torrent\n|-damage|p1a: Torrent|60\/100 brn\n|move|p1a: Torrent|Perish Song|p1a: Torrent\n|-start|p1a: Torrent|perish3|[silent]\n|-start|p2a: Blissey|perish3|[silent]\n|-fieldactivate|move: Perish Song\n|\n|-weather|Sandstorm|[upkeep]\n|-damage|p2a: Blissey|39\/100|[from] Sandstorm\n|-damage|p1a: Torrent|54\/100 brn|[from] Sandstorm\n|-heal|p1a: Torrent|60\/100 brn|[from] item: Leftovers\n|-damage|p1a: Torrent|54\/100 brn|[from] brn\n|-damage|p2a: Blissey|27\/100|[from] move: Whirlpool|[partiallytrapped]\n|-start|p2a: Blissey|perish3\n|-start|p1a: Torrent|perish3\n|upkeep\n|turn|55\n|\n|t:|1598060472\n|move|p1a: Torrent|Protect|p1a: Torrent\n|-singleturn|p1a: Torrent|Protect\n|move|p2a: Blissey|Soft-Boiled|p2a: Blissey\n|-heal|p2a: Blissey|77\/100\n|\n|-weather|Sandstorm|[upkeep]\n|-damage|p2a: Blissey|71\/100|[from] Sandstorm\n|-damage|p1a: Torrent|48\/100 brn|[from] Sandstorm\n|-heal|p1a: Torrent|54\/100 brn|[from] item: Leftovers\n|-damage|p1a: Torrent|48\/100 brn|[from] brn\n|-damage|p2a: Blissey|59\/100|[from] move: Whirlpool|[partiallytrapped]\n|-start|p2a: Blissey|perish2\n|-start|p1a: Torrent|perish2\n|upkeep\n|turn|56\n|l| abigvwpeu\n|\n|t:|1598060478\n|move|p1a: Torrent|Protect|p1a: Torrent\n|-singleturn|p1a: Torrent|Protect\n|move|p2a: Blissey|Seismic Toss|p1a: Torrent\n|-activate|p1a: Torrent|move: Protect\n|\n|-weather|Sandstorm|[upkeep]\n|-damage|p2a: Blissey|52\/100|[from] Sandstorm\n|-damage|p1a: Torrent|41\/100 brn|[from] Sandstorm\n|-heal|p1a: Torrent|48\/100 brn|[from] item: Leftovers\n|-damage|p1a: Torrent|41\/100 brn|[from] brn\n|-damage|p2a: Blissey|40\/100|[from] move: Whirlpool|[partiallytrapped]\n|-start|p2a: Blissey|perish1\n|-start|p1a: Torrent|perish1\n|upkeep\n|turn|57\n|\n|t:|1598060489\n|move|p2a: Blissey|Seismic Toss|p1a: Torrent\n|-damage|p1a: Torrent|17\/100 brn\n|move|p1a: Torrent|Whirlpool|p2a: Blissey\n|-damage|p2a: Blissey|37\/100\n|\n|-weather|none\n|-heal|p1a: Torrent|23\/100 brn|[from] item: Leftovers\n|-damage|p1a: Torrent|17\/100 brn|[from] brn\n|-end|p2a: Blissey|Whirlpool|[partiallytrapped]\n|-start|p2a: Blissey|perish0\n|-start|p1a: Torrent|perish0\n|upkeep\n|faint|p2a: Blissey\n|faint|p1a: Torrent\n|\n|t:|1598060492\n|switch|p2a: Quagsire|Quagsire, M|75\/100\n|switch|p1a: Hybrid|Hydreigon, M|14\/100 brn\n|turn|58\n|c|\u2606LT73IU HYper|gg\n|l| javoon\n|c|\u2606LT73IU HYper|GG\n|c|\u2606relic stone|gg\n|\n|t:|1598060508\n|move|p1a: Hybrid|Draco Meteor|p2a: Quagsire\n|-damage|p2a: Quagsire|0 fnt\n|-unboost|p1a: Hybrid|spa|2\n|faint|p2a: Quagsire\n|\n|win|relic stone\n|c|\u2606relic stone|xd\n|l| LT73IU Enrique\n|l| Boulicrok\n|l|\u2606LT73IU HYper\n|raw|relic stone's rating: 1906 &rarr; <strong>1918<\/strong><br \/>(+12 for winning)\n|raw|LT73IU HYper's rating: 1765 &rarr; <strong>1753<\/strong><br \/>(-12 for losing)\n","uploadtime":1598060514,"views":153,"p1id":"relicstone","p2id":"lt73iuhyper","formatid":"gen8ou","rating":1753,"private":0,"password":null}