{"id":"gen8uu-1681363086","p1":"Orepharus","p2":"cows123p","format":"gen8uu","log":"|j|\u2606Orepharus\n|j|\u2606cows123p\n|t:|1665304934\n|gametype|singles\n|player|p1|Orepharus|2|1243\n|player|p2|cows123p|twins-gen4dp|1435\n|teamsize|p1|6\n|teamsize|p2|6\n|gen|8\n|tier|[Gen 8] UU\n|rated|\n|rule|Sleep Clause Mod: Limit one foe put to sleep\n|rule|Species Clause: Limit one of each Pok\u00e9mon\n|rule|OHKO Clause: OHKO moves are banned\n|rule|Evasion Items Clause: Evasion items are banned\n|rule|Evasion Moves Clause: Evasion moves are banned\n|rule|Endless Battle Clause: Forcing endless battles is banned\n|rule|HP Percentage Mod: HP is shown in percentages\n|rule|Dynamax Clause: You cannot dynamax\n|clearpoke\n|poke|p1|Tentacruel, F|\n|poke|p1|Haxorus, M|\n|poke|p1|Primarina, M|\n|poke|p1|Moltres|\n|poke|p1|Snorlax, M|\n|poke|p1|Hydreigon, F|\n|poke|p2|Conkeldurr, F|\n|poke|p2|Jellicent, M|\n|poke|p2|Mandibuzz, F|\n|poke|p2|Mamoswine, F|\n|poke|p2|Crawdaunt, F|\n|poke|p2|Jirachi|\n|teampreview\n|inactive|Battle timer is ON: inactive players will automatically lose when time's up. (requested by Orepharus)\n|\n|t:|1665304945\n|start\n|switch|p1a: Hydreigon|Hydreigon, F|100\/100\n|switch|p2a: Mamoswine|Mamoswine, F|100\/100\n|turn|1\n|\n|t:|1665304950\n|move|p1a: Hydreigon|Fire Blast|p2a: Mamoswine|[miss]\n|-miss|p1a: Hydreigon|p2a: Mamoswine\n|-enditem|p1a: Hydreigon|Blunder Policy\n|-boost|p1a: Hydreigon|spe|2\n|move|p2a: Mamoswine|Icicle Crash|p1a: Hydreigon\n|-supereffective|p1a: Hydreigon\n|-damage|p1a: Hydreigon|0 fnt\n|faint|p1a: Hydreigon\n|\n|upkeep\n|\n|t:|1665304956\n|switch|p1a: Primarina|Primarina, M|100\/100\n|turn|2\n|\n|t:|1665304962\n|switch|p2a: Jirachi|Jirachi|100\/100\n|move|p1a: Primarina|Energy Ball|p2a: Jirachi\n|-resisted|p2a: Jirachi\n|-damage|p2a: Jirachi|91\/100\n|\n|-heal|p2a: Jirachi|97\/100|[from] item: Leftovers\n|upkeep\n|turn|3\n|\n|t:|1665304970\n|switch|p1a: Moltres|Moltres|100\/100\n|move|p2a: Jirachi|Stealth Rock|p1a: Moltres\n|-sidestart|p1: Orepharus|move: Stealth Rock\n|\n|-heal|p2a: Jirachi|100\/100|[from] item: Leftovers\n|upkeep\n|turn|4\n|\n|t:|1665304977\n|switch|p2a: Mamoswine|Mamoswine, F|100\/100\n|move|p1a: Moltres|Defog|p2a: Mamoswine\n|-unboost|p2a: Mamoswine|evasion|1\n|-sideend|p1: Orepharus|Stealth Rock|[from] move: Defog|[of] p1a: Moltres\n|\n|upkeep\n|turn|5\n|\n|t:|1665304983\n|move|p1a: Moltres|Mystical Fire|p2a: Mamoswine\n|-supereffective|p2a: Mamoswine\n|-damage|p2a: Mamoswine|49\/100\n|-unboost|p2a: Mamoswine|spa|1\n|move|p2a: Mamoswine|Earthquake|p1a: Moltres\n|-immune|p1a: Moltres\n|\n|upkeep\n|turn|6\n|\n|t:|1665304991\n|move|p1a: Moltres|Mystical Fire|p2a: Mamoswine\n|-supereffective|p2a: Mamoswine\n|-damage|p2a: Mamoswine|0 fnt\n|faint|p2a: Mamoswine\n|\n|upkeep\n|\n|t:|1665304996\n|switch|p2a: Crawdaunt|Crawdaunt, F|100\/100\n|turn|7\n|\n|t:|1665305002\n|switch|p1a: Tentacruel|Tentacruel, F|100\/100\n|move|p2a: Crawdaunt|Crabhammer|p1a: Tentacruel\n|-resisted|p1a: Tentacruel\n|-damage|p1a: Tentacruel|22\/100\n|\n|-heal|p1a: Tentacruel|28\/100|[from] item: Black Sludge\n|upkeep\n|turn|8\n|\n|t:|1665305011\n|switch|p2a: Jellicent|Jellicent, M|100\/100\n|move|p1a: Tentacruel|Scald|p2a: Jellicent\n|-immune|p2a: Jellicent|[from] ability: Water Absorb\n|\n|-heal|p1a: Tentacruel|34\/100|[from] item: Black Sludge\n|upkeep\n|turn|9\n|\n|t:|1665305019\n|move|p1a: Tentacruel|Knock Off|p2a: Jellicent\n|-supereffective|p2a: Jellicent\n|-damage|p2a: Jellicent|75\/100\n|-enditem|p2a: Jellicent|Leftovers|[from] move: Knock Off|[of] p1a: Tentacruel\n|move|p2a: Jellicent|Scald|p1a: Tentacruel\n|-resisted|p1a: Tentacruel\n|-damage|p1a: Tentacruel|24\/100\n|-status|p1a: Tentacruel|brn\n|\n|-heal|p1a: Tentacruel|30\/100 brn|[from] item: Black Sludge\n|-damage|p1a: Tentacruel|24\/100 brn|[from] brn\n|upkeep\n|turn|10\n|\n|t:|1665305029\n|move|p1a: Tentacruel|Toxic Spikes|p2a: Jellicent\n|-sidestart|p2: cows123p|move: Toxic Spikes\n|move|p2a: Jellicent|Scald|p1a: Tentacruel\n|-resisted|p1a: Tentacruel\n|-damage|p1a: Tentacruel|14\/100 brn\n|\n|-heal|p1a: Tentacruel|20\/100 brn|[from] item: Black Sludge\n|-damage|p1a: Tentacruel|14\/100 brn|[from] brn\n|upkeep\n|turn|11\n|\n|t:|1665305037\n|move|p1a: Tentacruel|Toxic Spikes|p2a: Jellicent\n|-sidestart|p2: cows123p|move: Toxic Spikes\n|move|p2a: Jellicent|Hex|p1a: Tentacruel\n|-crit|p1a: Tentacruel\n|-damage|p1a: Tentacruel|0 fnt\n|faint|p1a: Tentacruel\n|\n|upkeep\n|\n|t:|1665305050\n|switch|p1a: Primarina|Primarina, M|100\/100\n|turn|12\n|\n|t:|1665305053\n|switch|p2a: Jirachi|Jirachi|100\/100\n|move|p1a: Primarina|Hyper Voice|p2a: Jirachi\n|-damage|p2a: Jirachi|73\/100\n|\n|-heal|p2a: Jirachi|79\/100|[from] item: Leftovers\n|upkeep\n|turn|13\n|\n|t:|1665305061\n|move|p1a: Primarina|Hyper Voice|p2a: Jirachi\n|-damage|p2a: Jirachi|49\/100\n|move|p2a: Jirachi|Wish|p2a: Jirachi\n|\n|-heal|p2a: Jirachi|55\/100|[from] item: Leftovers\n|upkeep\n|turn|14\n|\n|t:|1665305068\n|switch|p1a: Snorlax|Snorlax, M|100\/100\n|switch|p2a: Mandibuzz|Mandibuzz, F|100\/100\n|\n|upkeep\n|turn|15\n|\n|t:|1665305075\n|move|p2a: Mandibuzz|Defog|p1a: Snorlax\n|-unboost|p1a: Snorlax|evasion|1\n|-sideend|p2: cows123p|Toxic Spikes|[from] move: Defog|[of] p2a: Mandibuzz\n|move|p1a: Snorlax|Curse|p1a: Snorlax\n|-unboost|p1a: Snorlax|spe|1\n|-boost|p1a: Snorlax|atk|1\n|-boost|p1a: Snorlax|def|1\n|\n|upkeep\n|turn|16\n|\n|t:|1665305082\n|move|p2a: Mandibuzz|U-turn|p1a: Snorlax\n|-damage|p1a: Snorlax|95\/100\n|\n|t:|1665305085\n|switch|p2a: Conkeldurr|Conkeldurr, F|100\/100|[from]move: U-turn\n|move|p1a: Snorlax|Curse|p1a: Snorlax\n|-unboost|p1a: Snorlax|spe|1\n|-boost|p1a: Snorlax|atk|1\n|-boost|p1a: Snorlax|def|1\n|\n|-heal|p1a: Snorlax|100\/100|[from] item: Leftovers\n|-status|p2a: Conkeldurr|brn|[from] item: Flame Orb\n|upkeep\n|turn|17\n|\n|t:|1665305094\n|move|p2a: Conkeldurr|Close Combat|p1a: Snorlax\n|-supereffective|p1a: Snorlax\n|-damage|p1a: Snorlax|16\/100\n|-unboost|p2a: Conkeldurr|def|1\n|-unboost|p2a: Conkeldurr|spd|1\n|move|p1a: Snorlax|Body Slam|p2a: Conkeldurr\n|-damage|p2a: Conkeldurr|8\/100 brn\n|\n|-heal|p1a: Snorlax|22\/100|[from] item: Leftovers\n|-damage|p2a: Conkeldurr|2\/100 brn|[from] brn\n|upkeep\n|turn|18\n|\n|t:|1665305105\n|switch|p1a: Moltres|Moltres|100\/100\n|move|p2a: Conkeldurr|Facade|p1a: Moltres\n|-damage|p1a: Moltres|16\/100\n|\n|-damage|p2a: Conkeldurr|0 fnt|[from] brn\n|faint|p2a: Conkeldurr\n|upkeep\n|\n|t:|1665305113\n|switch|p2a: Crawdaunt|Crawdaunt, F|100\/100\n|turn|19\n|\n|t:|1665305118\n|move|p2a: Crawdaunt|Aqua Jet|p1a: Moltres\n|-supereffective|p1a: Moltres\n|-damage|p1a: Moltres|0 fnt\n|-status|p2a: Crawdaunt|brn|[from] ability: Flame Body|[of] p1a: Moltres\n|faint|p1a: Moltres\n|\n|-damage|p2a: Crawdaunt|95\/100 brn|[from] brn\n|upkeep\n|\n|t:|1665305124\n|switch|p1a: Snorlax|Snorlax, M|22\/100\n|turn|20\n|\n|t:|1665305128\n|switch|p2a: Jellicent|Jellicent, M|75\/100\n|move|p1a: Snorlax|Rest|p1a: Snorlax\n|-status|p1a: Snorlax|slp|[from] move: Rest\n|-heal|p1a: Snorlax|100\/100 slp|[silent]\n|\n|upkeep\n|turn|21\n|\n|t:|1665305134\n|move|p2a: Jellicent|Taunt|p1a: Snorlax\n|-start|p1a: Snorlax|move: Taunt\n|cant|p1a: Snorlax|slp\n|\n|upkeep\n|turn|22\n|\n|t:|1665305139\n|move|p2a: Jellicent|Scald|p1a: Snorlax\n|-damage|p1a: Snorlax|88\/100 slp\n|cant|p1a: Snorlax|slp\n|\n|-heal|p1a: Snorlax|94\/100 slp|[from] item: Leftovers\n|upkeep\n|turn|23\n|\n|t:|1665305145\n|switch|p1a: Primarina|Primarina, M|100\/100\n|move|p2a: Jellicent|Scald|p1a: Primarina\n|-resisted|p1a: Primarina\n|-damage|p1a: Primarina|89\/100\n|\n|upkeep\n|turn|24\n|\n|t:|1665305161\n|move|p1a: Primarina|Hyper Voice|p2a: Jellicent\n|-heal|p2a: Jellicent|99\/100|[from] ability: Water Absorb|[of] p1a: Primarina\n|move|p2a: Jellicent|Recover|p2a: Jellicent\n|-heal|p2a: Jellicent|100\/100\n|\n|upkeep\n|turn|25\n|\n|t:|1665305174\n|switch|p1a: Snorlax|Snorlax, M|94\/100 slp\n|move|p2a: Jellicent|Scald|p1a: Snorlax\n|-damage|p1a: Snorlax|82\/100 slp\n|\n|-heal|p1a: Snorlax|88\/100 slp|[from] item: Leftovers\n|upkeep\n|turn|26\n|\n|t:|1665305181\n|switch|p1a: Primarina|Primarina, M|89\/100\n|move|p2a: Jellicent|Scald|p1a: Primarina\n|-resisted|p1a: Primarina\n|-damage|p1a: Primarina|77\/100\n|\n|upkeep\n|turn|27\n|\n|t:|1665305188\n|switch|p2a: Mandibuzz|Mandibuzz, F|100\/100\n|move|p1a: Primarina|Energy Ball|p2a: Mandibuzz\n|-resisted|p2a: Mandibuzz\n|-damage|p2a: Mandibuzz|87\/100\n|\n|upkeep\n|turn|28\n|\n|t:|1665305196\n|switch|p1a: Snorlax|Snorlax, M|88\/100 slp\n|move|p2a: Mandibuzz|U-turn|p1a: Snorlax\n|-damage|p1a: Snorlax|81\/100 slp\n|\n|t:|1665305200\n|switch|p2a: Jellicent|Jellicent, M|100\/100|[from]move: U-turn\n|\n|-heal|p1a: Snorlax|87\/100 slp|[from] item: Leftovers\n|upkeep\n|turn|29\n|\n|t:|1665305205\n|move|p2a: Jellicent|Scald|p1a: Snorlax\n|-damage|p1a: Snorlax|74\/100 slp\n|-curestatus|p1a: Snorlax|slp|[msg]\n|move|p1a: Snorlax|Curse|p1a: Snorlax\n|-unboost|p1a: Snorlax|spe|1\n|-boost|p1a: Snorlax|atk|1\n|-boost|p1a: Snorlax|def|1\n|\n|-heal|p1a: Snorlax|80\/100|[from] item: Leftovers\n|upkeep\n|turn|30\n|\n|t:|1665305214\n|move|p2a: Jellicent|Taunt|p1a: Snorlax\n|-start|p1a: Snorlax|move: Taunt\n|move|p1a: Snorlax|Darkest Lariat|p2a: Jellicent\n|-supereffective|p2a: Jellicent\n|-crit|p2a: Jellicent\n|-damage|p2a: Jellicent|22\/100\n|\n|-heal|p1a: Snorlax|86\/100|[from] item: Leftovers\n|upkeep\n|turn|31\n|\n|t:|1665305223\n|move|p2a: Jellicent|Recover|p2a: Jellicent\n|-heal|p2a: Jellicent|72\/100\n|move|p1a: Snorlax|Darkest Lariat|p2a: Jellicent\n|-supereffective|p2a: Jellicent\n|-damage|p2a: Jellicent|20\/100\n|\n|-heal|p1a: Snorlax|92\/100|[from] item: Leftovers\n|upkeep\n|turn|32\n|\n|t:|1665305231\n|move|p2a: Jellicent|Recover|p2a: Jellicent\n|-heal|p2a: Jellicent|70\/100\n|move|p1a: Snorlax|Darkest Lariat|p2a: Jellicent\n|-supereffective|p2a: Jellicent\n|-crit|p2a: Jellicent\n|-damage|p2a: Jellicent|0 fnt\n|faint|p2a: Jellicent\n|\n|-heal|p1a: Snorlax|98\/100|[from] item: Leftovers\n|-end|p1a: Snorlax|move: Taunt\n|upkeep\n|\n|t:|1665305241\n|switch|p2a: Jirachi|Jirachi|55\/100\n|turn|33\n|\n|t:|1665305244\n|move|p2a: Jirachi|Iron Head|p1a: Snorlax\n|-damage|p1a: Snorlax|83\/100\n|cant|p1a: Snorlax|flinch\n|\n|-heal|p2a: Jirachi|61\/100|[from] item: Leftovers\n|-heal|p1a: Snorlax|89\/100|[from] item: Leftovers\n|upkeep\n|turn|34\n|\n|t:|1665305250\n|move|p2a: Jirachi|Iron Head|p1a: Snorlax\n|-damage|p1a: Snorlax|75\/100\n|cant|p1a: Snorlax|flinch\n|\n|-heal|p2a: Jirachi|67\/100|[from] item: Leftovers\n|-heal|p1a: Snorlax|81\/100|[from] item: Leftovers\n|upkeep\n|turn|35\n|\n|t:|1665305260\n|move|p2a: Jirachi|Iron Head|p1a: Snorlax\n|-damage|p1a: Snorlax|67\/100\n|cant|p1a: Snorlax|flinch\n|\n|-heal|p2a: Jirachi|74\/100|[from] item: Leftovers\n|-heal|p1a: Snorlax|73\/100|[from] item: Leftovers\n|upkeep\n|turn|36\n|\n|t:|1665305266\n|move|p2a: Jirachi|Iron Head|p1a: Snorlax\n|-damage|p1a: Snorlax|60\/100\n|move|p1a: Snorlax|Curse|p1a: Snorlax\n|-unboost|p1a: Snorlax|spe|1\n|-boost|p1a: Snorlax|atk|1\n|-boost|p1a: Snorlax|def|1\n|\n|-heal|p2a: Jirachi|80\/100|[from] item: Leftovers\n|-heal|p1a: Snorlax|66\/100|[from] item: Leftovers\n|upkeep\n|turn|37\n|-message|cows123p forfeited.\n|\n|win|Orepharus\n|raw|Orepharus's rating: 1259 &rarr; <strong>1296<\/strong><br \/>(+37 for winning)\n|raw|cows123p's rating: 1435 &rarr; <strong>1406<\/strong><br \/>(-29 for losing)\n|l|\u2606cows123p\n","uploadtime":1665305275,"views":21,"p1id":"orepharus","p2id":"cows123p","formatid":"gen8uu","rating":1296,"private":0,"password":null}