{"id":"gen8pu-1490644731","p1":"jumboTEST","p2":"Ivyon","format":"gen8pu","log":"|j|\u2606jumboTEST\n|j|\u2606Ivyon\n|t:|1642070140\n|gametype|singles\n|player|p1|jumboTEST|rocketgrunt|1103\n|player|p2|Ivyon|blue|1177\n|teamsize|p1|6\n|teamsize|p2|6\n|gen|8\n|tier|[Gen 8] PU\n|rated|\n|rule|Sleep Clause Mod: Limit one foe put to sleep\n|rule|Species Clause: Limit one of each Pok\u00e9mon\n|rule|OHKO Clause: OHKO moves are banned\n|rule|Evasion Moves Clause: Evasion moves are banned\n|rule|Endless Battle Clause: Forcing endless battles is banned\n|rule|HP Percentage Mod: HP is shown in percentages\n|rule|Dynamax Clause: You cannot dynamax\n|clearpoke\n|poke|p1|Ninjask, F|\n|poke|p1|Sawk, M|\n|poke|p1|Gigalith, M|\n|poke|p1|Espeon, F|\n|poke|p1|Ribombee, F|\n|poke|p1|Rotom|\n|poke|p2|Delibird, M|\n|poke|p2|Vikavolt, M|\n|poke|p2|Silvally-*|\n|poke|p2|Rapidash, F|\n|poke|p2|Ninjask, M|\n|poke|p2|Espeon, F|\n|teampreview\n|\n|t:|1642070150\n|start\n|switch|p1a: Ninjask|Ninjask, F|100\/100\n|switch|p2a: Vikavolt|Vikavolt, M|100\/100\n|turn|1\n|\n|t:|1642070170\n|move|p1a: Ninjask|U-turn|p2a: Vikavolt\n|-damage|p2a: Vikavolt|58\/100\n|\n|t:|1642070181\n|switch|p1a: Espeon|Espeon, F|100\/100|[from]move: U-turn\n|move|p2a: Vikavolt|Bug Buzz|p1a: Espeon\n|-supereffective|p1a: Espeon\n|-damage|p1a: Espeon|0 fnt\n|faint|p1a: Espeon\n|\n|upkeep\n|\n|t:|1642070188\n|switch|p1a: Gigalith|Gigalith, M|100\/100\n|turn|2\n|\n|t:|1642070202\n|move|p2a: Vikavolt|Energy Ball|p1a: Gigalith\n|-supereffective|p1a: Gigalith\n|-damage|p1a: Gigalith|13\/100\n|move|p1a: Gigalith|Stealth Rock|p2a: Vikavolt\n|-sidestart|p2: Ivyon|move: Stealth Rock\n|\n|upkeep\n|turn|3\n|-enditem|p1a: Gigalith|Custap Berry|[eat]\n|-activate|p1a: Gigalith|item: Custap Berry|[consumed]\n|\n|t:|1642070212\n|move|p1a: Gigalith|Explosion|p2a: Vikavolt\n|-damage|p2a: Vikavolt|0 fnt\n|faint|p1a: Gigalith\n|faint|p2a: Vikavolt\n|\n|upkeep\n|\n|t:|1642070230\n|switch|p2a: Ninjask|Ninjask, M, shiny|100\/100\n|switch|p1a: Ninjask|Ninjask, F|100\/100\n|-damage|p2a: Ninjask|51\/100|[from] Stealth Rock\n|turn|4\n|\n|t:|1642070241\n|move|p1a: Ninjask|Dual Wingbeat|p2a: Ninjask\n|-supereffective|p2a: Ninjask\n|-damage|p2a: Ninjask|0 fnt\n|faint|p2a: Ninjask\n|-hitcount|p2: Ninjask|1\n|\n|upkeep\n|\n|t:|1642070249\n|switch|p2a: Rapidash|Rapidash, F, shiny|100\/100\n|turn|5\n|\n|t:|1642070270\n|move|p1a: Ninjask|Dual Wingbeat|p2a: Rapidash\n|-damage|p2a: Rapidash|56\/100\n|-damage|p2a: Rapidash|14\/100\n|-hitcount|p2a: Rapidash|2\n|move|p2a: Rapidash|Flare Blitz|p1a: Ninjask\n|-supereffective|p1a: Ninjask\n|-damage|p1a: Ninjask|0 fnt\n|faint|p1a: Ninjask\n|-damage|p2a: Rapidash|0 fnt|[from] Recoil\n|faint|p2a: Rapidash\n|\n|upkeep\n|\n|t:|1642070289\n|switch|p1a: Rotom|Rotom|100\/100\n|switch|p2a: Delibird|Delibird, M|100\/100\n|-damage|p2a: Delibird|50\/100|[from] Stealth Rock\n|turn|6\n|\n|t:|1642070297\n|move|p1a: Rotom|Volt Switch|p2a: Delibird\n|-supereffective|p2a: Delibird\n|-damage|p2a: Delibird|0 fnt\n|faint|p2a: Delibird\n|\n|t:|1642070301\n|switch|p1a: Ribombee|Ribombee, F|100\/100|[from]move: Volt Switch\n|\n|upkeep\n|\n|t:|1642070305\n|switch|p2a: Espeon|Espeon, F|100\/100\n|-damage|p2a: Espeon|88\/100|[from] Stealth Rock\n|turn|7\n|\n|t:|1642070319\n|move|p1a: Ribombee|Bug Buzz|p2a: Espeon\n|-supereffective|p2a: Espeon\n|-damage|p2a: Espeon|0 fnt\n|faint|p2a: Espeon\n|\n|upkeep\n|\n|t:|1642070323\n|switch|p2a: Silvally|Silvally-Dark, shiny|100\/100\n|-damage|p2a: Silvally|88\/100|[from] Stealth Rock\n|turn|8\n|\n|t:|1642070328\n|move|p1a: Ribombee|Bug Buzz|p2a: Silvally\n|-supereffective|p2a: Silvally\n|-damage|p2a: Silvally|0 fnt\n|faint|p2a: Silvally\n|\n|win|jumboTEST\n|raw|jumboTEST's rating: 1103 &rarr; <strong>1133<\/strong><br \/>(+30 for winning)\n|raw|Ivyon's rating: 1177 &rarr; <strong>1147<\/strong><br \/>(-30 for losing)\n|l|\u2606Ivyon\n","uploadtime":1642070339,"views":18,"p1id":"jumbotest","p2id":"ivyon","formatid":"gen8pu","rating":1133,"private":0,"password":null}