{"id":"gen8ou-1606798235","p1":"Down$hift","p2":"aquy","format":"gen8ou","log":"|j|\u2606Down$hift\n|j|\u2606aquy\n|t:|1656520552\n|gametype|singles\n|player|p1|Down$hift|teamrocket|1837\n|player|p2|aquy|shauntal|1758\n|teamsize|p1|6\n|teamsize|p2|6\n|gen|8\n|tier|[Gen 8] OU\n|rated|\n|rule|Sleep Clause Mod: Limit one foe put to sleep\n|rule|Species Clause: Limit one of each Pok\u00e9mon\n|rule|OHKO Clause: OHKO moves are banned\n|rule|Evasion Moves Clause: Evasion moves are banned\n|rule|Endless Battle Clause: Forcing endless battles is banned\n|rule|HP Percentage Mod: HP is shown in percentages\n|rule|Dynamax Clause: You cannot dynamax\n|clearpoke\n|poke|p1|Magnezone|\n|poke|p1|Volcarona, M|\n|poke|p1|Clefable, F|\n|poke|p1|Tornadus-Therian, M|\n|poke|p1|Toxapex, F|\n|poke|p1|Landorus-Therian, M|\n|poke|p2|Zapdos-Galar|\n|poke|p2|Landorus-Therian, M|\n|poke|p2|Melmetal|\n|poke|p2|Volcanion|\n|poke|p2|Tornadus-Therian, M|\n|poke|p2|Ferrothorn, F|\n|teampreview\n|inactive|Battle timer is ON: inactive players will automatically lose when time's up. (requested by aquy)\n|c|\u2606Down$hift|hf\n|c|\u2606aquy|u2\n|inactive|aquy has 120 seconds left.\n|\n|t:|1656520610\n|start\n|switch|p1a: Torn Anus|Tornadus-Therian, M|100\/100\n|switch|p2a: kartana counter|Tornadus-Therian, M|100\/100\n|turn|1\n|\n|t:|1656520616\n|switch|p1a: Pr\u00e9dast\u00e9rie|Toxapex, F|100\/100\n|move|p2a: kartana counter|Knock Off|p1a: Pr\u00e9dast\u00e9rie\n|-damage|p1a: Pr\u00e9dast\u00e9rie|86\/100\n|-enditem|p1a: Pr\u00e9dast\u00e9rie|Eject Button|[from] move: Knock Off|[of] p2a: kartana counter\n|\n|upkeep\n|turn|2\n|j| Ran Kob\n|\n|t:|1656520621\n|move|p2a: kartana counter|U-turn|p1a: Pr\u00e9dast\u00e9rie\n|-resisted|p1a: Pr\u00e9dast\u00e9rie\n|-damage|p1a: Pr\u00e9dast\u00e9rie|80\/100\n|l| Ran Kob\n|j| Sino pacific\n|\n|t:|1656520630\n|switch|p2a: i fell off|Ferrothorn, F|100\/100|[from]move: U-turn\n|move|p1a: Pr\u00e9dast\u00e9rie|Knock Off|p2a: i fell off\n|-damage|p2a: i fell off|91\/100\n|-damage|p1a: Pr\u00e9dast\u00e9rie|68\/100|[from] ability: Iron Barbs|[of] p2a: i fell off\n|-enditem|p2a: i fell off|Leftovers|[from] move: Knock Off|[of] p1a: Pr\u00e9dast\u00e9rie\n|\n|upkeep\n|turn|3\n|\n|t:|1656520638\n|switch|p1a: Pink Menace|Clefable, F|100\/100\n|switch|p2a: i hit hard 2|Volcanion|100\/100\n|\n|upkeep\n|turn|4\n|\n|t:|1656520642\n|switch|p1a: Pr\u00e9dast\u00e9rie|Toxapex, F|100\/100\n|move|p2a: i hit hard 2|Sludge Wave|p1a: Pr\u00e9dast\u00e9rie\n|-resisted|p1a: Pr\u00e9dast\u00e9rie\n|-crit|p1a: Pr\u00e9dast\u00e9rie\n|-damage|p1a: Pr\u00e9dast\u00e9rie|72\/100\n|\n|upkeep\n|turn|5\n|j| Ran Kob\n|l| Ran Kob\n|j| rdieu\n|\n|t:|1656520670\n|switch|p2a: i fell off|Ferrothorn, F|91\/100\n|switch|p1a: Torn Anus|Tornadus-Therian, M|100\/100\n|\n|upkeep\n|turn|6\n|\n|t:|1656520683\n|switch|p2a: kartana counter|Tornadus-Therian, M|100\/100\n|move|p1a: Torn Anus|Nasty Plot|p1a: Torn Anus\n|-boost|p1a: Torn Anus|spa|2\n|\n|upkeep\n|turn|7\n|\n|t:|1656520696\n|move|p1a: Torn Anus|Hurricane|p2a: kartana counter\n|-damage|p2a: kartana counter|12\/100\n|move|p2a: kartana counter|U-turn|p1a: Torn Anus\n|-resisted|p1a: Torn Anus\n|-damage|p1a: Torn Anus|92\/100\n|\n|t:|1656520706\n|switch|p2a: i hit hard 2|Volcanion|100\/100|[from]move: U-turn\n|\n|upkeep\n|turn|8\n|\n|t:|1656520709\n|move|p1a: Torn Anus|Hurricane|p2a: i hit hard 2\n|-damage|p2a: i hit hard 2|0 fnt\n|faint|p2a: i hit hard 2\n|\n|upkeep\n|\n|t:|1656520716\n|switch|p2a: fat metal|Melmetal|100\/100\n|turn|9\n|j| imzosi\n|\n|t:|1656520719\n|switch|p1a: Pr\u00e9dast\u00e9rie|Toxapex, F|100\/100\n|move|p2a: fat metal|Double Iron Bash|p1a: Pr\u00e9dast\u00e9rie\n|-resisted|p1a: Pr\u00e9dast\u00e9rie\n|-damage|p1a: Pr\u00e9dast\u00e9rie|85\/100\n|-resisted|p1a: Pr\u00e9dast\u00e9rie\n|-damage|p1a: Pr\u00e9dast\u00e9rie|68\/100\n|-hitcount|p1a: Pr\u00e9dast\u00e9rie|2\n|\n|upkeep\n|turn|10\n|\n|t:|1656520722\n|move|p2a: fat metal|Earthquake|p1a: Pr\u00e9dast\u00e9rie\n|-supereffective|p1a: Pr\u00e9dast\u00e9rie\n|-damage|p1a: Pr\u00e9dast\u00e9rie|10\/100\n|move|p1a: Pr\u00e9dast\u00e9rie|Knock Off|p2a: fat metal\n|-damage|p2a: fat metal|91\/100\n|-enditem|p2a: fat metal|Leftovers|[from] move: Knock Off|[of] p1a: Pr\u00e9dast\u00e9rie\n|\n|upkeep\n|turn|11\n|\n|t:|1656520729\n|switch|p1a: Pandemic|Volcarona, M|100\/100\n|move|p2a: fat metal|Double Iron Bash|p1a: Pandemic\n|-resisted|p1a: Pandemic\n|-damage|p1a: Pandemic|76\/100\n|-status|p2a: fat metal|brn|[from] ability: Flame Body|[of] p1a: Pandemic\n|-resisted|p1a: Pandemic\n|-damage|p1a: Pandemic|65\/100\n|-hitcount|p1a: Pandemic|2\n|\n|-damage|p2a: fat metal|85\/100 brn|[from] brn\n|upkeep\n|turn|12\n|j| aisudfijafgdfg\n|\n|t:|1656520734\n|switch|p2a: ate that up|Landorus-Therian, M|100\/100\n|-ability|p2a: ate that up|Intimidate|boost\n|-unboost|p1a: Pandemic|atk|1\n|move|p1a: Pandemic|Flamethrower|p2a: ate that up\n|-damage|p2a: ate that up|70\/100\n|\n|-heal|p2a: ate that up|76\/100|[from] item: Leftovers\n|upkeep\n|turn|13\n|\n|t:|1656520738\n|switch|p1a: Pink Menace|Clefable, F|100\/100\n|move|p2a: ate that up|Stealth Rock|p1a: Pink Menace\n|-sidestart|p1: Down$hift|move: Stealth Rock\n|\n|-heal|p2a: ate that up|82\/100|[from] item: Leftovers\n|upkeep\n|turn|14\n|\n|t:|1656520741\n|move|p2a: ate that up|Toxic|p1a: Pink Menace\n|-status|p1a: Pink Menace|tox\n|move|p1a: Pink Menace|Stealth Rock|p2a: ate that up\n|-sidestart|p2: aquy|move: Stealth Rock\n|\n|-heal|p2a: ate that up|88\/100|[from] item: Leftovers\n|upkeep\n|turn|15\n|\n|t:|1656520744\n|move|p2a: ate that up|U-turn|p1a: Pink Menace\n|-resisted|p1a: Pink Menace\n|-damage|p1a: Pink Menace|92\/100 tox\n|-damage|p2a: ate that up|71\/100|[from] item: Rocky Helmet|[of] p1a: Pink Menace\n|\n|t:|1656520750\n|switch|p2a: i fell off|Ferrothorn, F|91\/100|[from]move: U-turn\n|-damage|p2a: i fell off|85\/100|[from] Stealth Rock\n|move|p1a: Pink Menace|Wish|p1a: Pink Menace\n|\n|upkeep\n|turn|16\n|\n|t:|1656520757\n|move|p1a: Pink Menace|Moonblast|p2a: i fell off\n|-resisted|p2a: i fell off\n|-damage|p2a: i fell off|72\/100\n|move|p2a: i fell off|Spikes|p1a: Pink Menace\n|-sidestart|p1: Down$hift|Spikes\n|\n|-heal|p1a: Pink Menace|100\/100 tox|[from] move: Wish|[wisher] Pink Menace\n|upkeep\n|turn|17\n|\n|t:|1656520760\n|move|p1a: Pink Menace|Moonblast|p2a: i fell off\n|-resisted|p2a: i fell off\n|-damage|p2a: i fell off|59\/100\n|move|p2a: i fell off|Knock Off|p1a: Pink Menace\n|-resisted|p1a: Pink Menace\n|-damage|p1a: Pink Menace|92\/100 tox\n|-damage|p2a: i fell off|42\/100|[from] item: Rocky Helmet|[of] p1a: Pink Menace\n|-enditem|p1a: Pink Menace|Rocky Helmet|[from] move: Knock Off|[of] p2a: i fell off\n|\n|upkeep\n|turn|18\n|\n|t:|1656520764\n|switch|p2a: fat metal|Melmetal|85\/100 brn\n|-damage|p2a: fat metal|79\/100 brn|[from] Stealth Rock\n|move|p1a: Pink Menace|Moonblast|p2a: fat metal\n|-resisted|p2a: fat metal\n|-damage|p2a: fat metal|64\/100 brn\n|\n|-damage|p2a: fat metal|58\/100 brn|[from] brn\n|upkeep\n|turn|19\n|\n|t:|1656520771\n|move|p1a: Pink Menace|Wish|p1a: Pink Menace\n|move|p2a: fat metal|Toxic|p1a: Pink Menace\n|-fail|p1a: Pink Menace|tox\n|\n|-damage|p2a: fat metal|52\/100 brn|[from] brn\n|upkeep\n|turn|20\n|\n|t:|1656520778\n|switch|p1a: $wagnezone|Magnezone|100\/100\n|-damage|p1a: $wagnezone|94\/100|[from] Stealth Rock\n|-damage|p1a: $wagnezone|82\/100|[from] Spikes\n|move|p2a: fat metal|Toxic|p1a: $wagnezone\n|-immune|p1a: $wagnezone\n|\n|-heal|p1a: $wagnezone|100\/100|[from] move: Wish|[wisher] Pink Menace\n|-damage|p2a: fat metal|46\/100 brn|[from] brn\n|upkeep\n|turn|21\n|\n|t:|1656520783\n|move|p1a: $wagnezone|Volt Switch|p2a: fat metal\n|-damage|p2a: fat metal|12\/100 brn\n|\n|t:|1656520786\n|switch|p1a: Pink Menace|Clefable, F|92\/100 tox|[from]move: Volt Switch\n|move|p2a: fat metal|Earthquake|p1a: Pink Menace\n|-damage|p1a: Pink Menace|77\/100 tox\n|\n|-damage|p2a: fat metal|6\/100 brn|[from] brn\n|upkeep\n|turn|22\n|\n|t:|1656520791\n|move|p1a: Pink Menace|Moonblast|p2a: fat metal\n|-resisted|p2a: fat metal\n|-damage|p2a: fat metal|0 fnt\n|faint|p2a: fat metal\n|\n|upkeep\n|\n|t:|1656520794\n|switch|p2a: i hit hard|Zapdos-Galar|100\/100\n|-damage|p2a: i hit hard|88\/100|[from] Stealth Rock\n|turn|23\n|\n|t:|1656520797\n|move|p2a: i hit hard|Brave Bird|p1a: Pink Menace\n|-damage|p1a: Pink Menace|8\/100 tox\n|-damage|p2a: i hit hard|60\/100|[from] Recoil\n|move|p1a: Pink Menace|Moonblast|p2a: i hit hard\n|-supereffective|p2a: i hit hard\n|-damage|p2a: i hit hard|0 fnt\n|faint|p2a: i hit hard\n|\n|upkeep\n|\n|t:|1656520805\n|switch|p2a: ate that up|Landorus-Therian, M|71\/100\n|-damage|p2a: ate that up|59\/100|[from] Stealth Rock\n|-ability|p2a: ate that up|Intimidate|boost\n|-unboost|p1a: Pink Menace|atk|1\n|turn|24\n|\n|t:|1656520810\n|move|p2a: ate that up|Earthquake|p1a: Pink Menace\n|-damage|p1a: Pink Menace|0 fnt\n|faint|p1a: Pink Menace\n|\n|-heal|p2a: ate that up|65\/100|[from] item: Leftovers\n|upkeep\n|\n|t:|1656520812\n|switch|p1a: Torn Anus|Tornadus-Therian, M|100\/100\n|turn|25\n|\n|t:|1656520820\n|move|p1a: Torn Anus|Taunt|p2a: ate that up\n|-start|p2a: ate that up|move: Taunt\n|cant|p2a: ate that up|move: Taunt|Toxic\n|\n|-heal|p2a: ate that up|71\/100|[from] item: Leftovers\n|upkeep\n|turn|26\n|\n|t:|1656520822\n|move|p1a: Torn Anus|Nasty Plot|p1a: Torn Anus\n|-boost|p1a: Torn Anus|spa|2\n|move|p2a: ate that up|U-turn|p1a: Torn Anus\n|-resisted|p1a: Torn Anus\n|-damage|p1a: Torn Anus|88\/100\n|c|\u2606aquy|gg\n|c|\u2606aquy|that torn t destroyed me\n|-message|aquy forfeited.\n|\n|win|Down$hift\n|raw|Down$hift's rating: 1837 &rarr; <strong>1853<\/strong><br \/>(+16 for winning)\n|raw|aquy's rating: 1758 &rarr; <strong>1742<\/strong><br \/>(-16 for losing)\n|l|\u2606aquy\n|c|\u2606Down$hift|gg\n|c|\u2606Down$hift|istg more ppl need to use this set\n|l|\u2606Down$hift\n||Ladder isn't responding, score probably updated but might not have (Request timeout).\n|j|\u2606Down$hift\n|player|p1|Down$hift|teamrocket\n|j|\u2606aquy\n|player|p2|aquy|shauntal\n","uploadtime":1656520891,"views":72,"p1id":"downhift","p2id":"aquy","formatid":"gen8ou","rating":1742,"private":0,"password":null}