{"id":"gen8ou-1702559281","p1":"tesla roadster","p2":"reionatro","format":"gen8ou","log":"|j|\u2606tesla roadster\n|j|\u2606reionatro\n|t:|1667567829\n|gametype|singles\n|player|p1|tesla roadster|1|1912\n|player|p2|reionatro|1|1879\n|teamsize|p1|6\n|teamsize|p2|6\n|gen|8\n|tier|[Gen 8] OU\n|rated|\n|rule|Sleep Clause Mod: Limit one foe put to sleep\n|rule|Species Clause: Limit one of each Pok\u00e9mon\n|rule|OHKO Clause: OHKO moves are banned\n|rule|Evasion Items Clause: Evasion items are banned\n|rule|Evasion Moves Clause: Evasion moves are banned\n|rule|Endless Battle Clause: Forcing endless battles is banned\n|rule|HP Percentage Mod: HP is shown in percentages\n|rule|Dynamax Clause: You cannot dynamax\n|clearpoke\n|poke|p1|Kommo-o, F|\n|poke|p1|Clefable, F|\n|poke|p1|Ferrothorn, F|\n|poke|p1|Blacephalon|\n|poke|p1|Dragapult, M|\n|poke|p1|Landorus-Therian, M|\n|poke|p2|Landorus-Therian, M|\n|poke|p2|Melmetal|\n|poke|p2|Rillaboom, F|\n|poke|p2|Tapu Koko|\n|poke|p2|Urshifu-*, F|\n|poke|p2|Zapdos|\n|teampreview\n|c|\u2606reionatro|lets go\n|j| A\n|c|\u2606reionatro|hf\n|j| Animemer\n|c|\u2606tesla roadster|hf\n|c| A|goats\n|c| A|hf\n|j| PkmnMasterEclipse\n|c| Animemer|hf\n|j| sincronizador\n|c| Animemer|gl\n|j| hajand\n|c| PkmnMasterEclipse|dang you guys are really high up lol\n|c| PkmnMasterEclipse|hf :)\n|\n|t:|1667567870\n|start\n|switch|p1a: Landorus|Landorus-Therian, M|100\/100\n|switch|p2a: Tapu Koko|Tapu Koko|100\/100\n|-fieldstart|move: Electric Terrain|[from] ability: Electric Surge|[of] p2a: Tapu Koko\n|-ability|p1a: Landorus|Intimidate|boost\n|-unboost|p2a: Tapu Koko|atk|1\n|turn|1\n|j| ty-tyui\u21bb\n|\n|t:|1667567884\n|switch|p2a: Landorus|Landorus-Therian, M|100\/100\n|-ability|p2a: Landorus|Intimidate|boost\n|-unboost|p1a: Landorus|atk|1\n|move|p1a: Landorus|U-turn|p2a: Landorus\n|-resisted|p2a: Landorus\n|-damage|p2a: Landorus|93\/100\n|\n|t:|1667567896\n|switch|p1a: Clefable|Clefable, F|100\/100|[from]move: U-turn\n|\n|-heal|p2a: Landorus|99\/100|[from] item: Leftovers\n|upkeep\n|turn|2\n|\n|t:|1667567903\n|move|p2a: Landorus|Stealth Rock|p1a: Clefable\n|-sidestart|p1: tesla roadster|move: Stealth Rock\n|move|p1a: Clefable|Knock Off|p2a: Landorus\n|-damage|p2a: Landorus|84\/100\n|-enditem|p2a: Landorus|Leftovers|[from] move: Knock Off|[of] p1a: Clefable\n|\n|upkeep\n|turn|3\n|j| switchbladess\n|\n|t:|1667567912\n|move|p2a: Landorus|U-turn|p1a: Clefable\n|-resisted|p1a: Clefable\n|-damage|p1a: Clefable|92\/100\n|-damage|p2a: Landorus|67\/100|[from] item: Rocky Helmet|[of] p1a: Clefable\n|j| Moonlightprayer\n|\n|t:|1667567921\n|switch|p2a: Melmetal|Melmetal, shiny|100\/100|[from]move: U-turn\n|move|p1a: Clefable|Wish|p1a: Clefable\n|\n|upkeep\n|turn|4\n|c|\u2606tesla roadster|10 bad bitches in the mansion\n|c| A|clef the goat\n|c|\u2606tesla roadster|wrist on milly rock them diamonds got me dancin\n|c| Animemer|Crazy\n|c| PkmnMasterEclipse|my sincerest reaction\n|\n|t:|1667567956\n|switch|p1a: Ferrothorn|Ferrothorn, F|100\/100\n|-damage|p1a: Ferrothorn|94\/100|[from] Stealth Rock\n|move|p2a: Melmetal|Earthquake|p1a: Ferrothorn\n|-damage|p1a: Ferrothorn|69\/100\n|\n|-heal|p1a: Ferrothorn|100\/100|[from] move: Wish|[wisher] Clefable\n|upkeep\n|turn|5\n|l| Moonlightprayer\n|j| Moonlightprayer\n|l| Moonlightprayer\n|\n|t:|1667568015\n|switch|p2a: Zapdos|Zapdos, shiny|100\/100\n|move|p1a: Ferrothorn|Knock Off|p2a: Zapdos\n|-damage|p2a: Zapdos|84\/100\n|-status|p1a: Ferrothorn|par|[from] ability: Static|[of] p2a: Zapdos\n|-enditem|p2a: Zapdos|Heavy-Duty Boots|[from] move: Knock Off|[of] p1a: Ferrothorn\n|\n|-fieldend|move: Electric Terrain\n|upkeep\n|turn|6\n|j| opela\n|c| Animemer|BOOM! Crippled!\n|l| Animemer\n|\n|t:|1667568053\n|switch|p1a: Clefable|Clefable, F|92\/100\n|move|p2a: Zapdos|Hurricane|p1a: Clefable\n|-damage|p1a: Clefable|46\/100\n|\n|upkeep\n|turn|7\n|j| Animemer\n|\n|t:|1667568064\n|move|p2a: Zapdos|Hurricane|p1a: Clefable|[miss]\n|-miss|p2a: Zapdos|p1a: Clefable\n|move|p1a: Clefable|Soft-Boiled|p1a: Clefable\n|-heal|p1a: Clefable|96\/100\n|\n|upkeep\n|turn|8\n|l| hajand\n|c| Animemer|That\u2019s rough\n|\n|t:|1667568103\n|move|p2a: Zapdos|Volt Switch|p1a: Clefable\n|-damage|p1a: Clefable|67\/100\n|\n|t:|1667568108\n|switch|p2a: Melmetal|Melmetal, shiny|100\/100|[from]move: Volt Switch\n|move|p1a: Clefable|Wish|p1a: Clefable\n|\n|upkeep\n|turn|9\n|\n|t:|1667568117\n|switch|p1a: Landorus|Landorus-Therian, M|100\/100\n|-damage|p1a: Landorus|88\/100|[from] Stealth Rock\n|-ability|p1a: Landorus|Intimidate|boost\n|-unboost|p2a: Melmetal|atk|1\n|move|p2a: Melmetal|Earthquake|p1a: Landorus\n|-immune|p1a: Landorus\n|\n|-heal|p1a: Landorus|100\/100|[from] move: Wish|[wisher] Clefable\n|upkeep\n|turn|10\n|\n|t:|1667568141\n|switch|p2a: Zapdos|Zapdos, shiny|84\/100\n|move|p1a: Landorus|Earthquake|p2a: Zapdos\n|-immune|p2a: Zapdos\n|\n|upkeep\n|turn|11\n|j| xasahbae\n|l| xasahbae\n|\n|t:|1667568162\n|move|p2a: Zapdos|Volt Switch|p1a: Landorus\n|-immune|p1a: Landorus\n|move|p1a: Landorus|Toxic|p2a: Zapdos\n|-status|p2a: Zapdos|tox\n|\n|-damage|p2a: Zapdos|78\/100 tox|[from] psn\n|upkeep\n|turn|12\n|\n|t:|1667568171\n|move|p2a: Zapdos|Volt Switch|p1a: Landorus\n|-immune|p1a: Landorus\n|move|p1a: Landorus|Defog|p2a: Zapdos\n|-unboost|p2a: Zapdos|evasion|1\n|-sideend|p1: tesla roadster|Stealth Rock|[from] move: Defog|[of] p1a: Landorus\n|\n|-damage|p2a: Zapdos|66\/100 tox|[from] psn\n|upkeep\n|turn|13\n|l| Animemer\n|\n|t:|1667568186\n|move|p2a: Zapdos|Roost|p2a: Zapdos\n|-heal|p2a: Zapdos|100\/100 tox\n|-singleturn|p2a: Zapdos|move: Roost\n|move|p1a: Landorus|U-turn|p2a: Zapdos\n|-damage|p2a: Zapdos|82\/100 tox\n|-status|p1a: Landorus|par|[from] ability: Static|[of] p2a: Zapdos\n|\n|t:|1667568197\n|switch|p1a: Blacephalon|Blacephalon|100\/100|[from]move: U-turn\n|\n|-damage|p2a: Zapdos|64\/100 tox|[from] psn\n|upkeep\n|turn|14\n|\n|t:|1667568227\n|move|p1a: Blacephalon|Overheat|p2a: Zapdos\n|-damage|p2a: Zapdos|0 fnt\n|-unboost|p1a: Blacephalon|spa|2\n|faint|p2a: Zapdos\n|-ability|p1a: Blacephalon|Beast Boost|boost\n|-boost|p1a: Blacephalon|spa|1\n|\n|upkeep\n|\n|t:|1667568235\n|switch|p2a: Urshifu|Urshifu-Rapid-Strike, F|100\/100\n|turn|15\n|j| Cattibob\n|l| Cattibob\n|\n|t:|1667568267\n|switch|p1a: Clefable|Clefable, F|67\/100\n|move|p2a: Urshifu|Surging Strikes|p1a: Clefable\n|-crit|p1a: Clefable\n|-damage|p1a: Clefable|52\/100\n|-crit|p1a: Clefable\n|-damage|p1a: Clefable|36\/100\n|-crit|p1a: Clefable\n|-damage|p1a: Clefable|21\/100\n|-hitcount|p1a: Clefable|3\n|\n|upkeep\n|turn|16\n|inactive|Battle timer is ON: inactive players will automatically lose when time's up. (requested by tesla roadster)\n|\n|t:|1667568311\n|move|p2a: Urshifu|Surging Strikes|p1a: Clefable\n|-crit|p1a: Clefable\n|-damage|p1a: Clefable|7\/100\n|-crit|p1a: Clefable\n|-damage|p1a: Clefable|0 fnt\n|faint|p1a: Clefable\n|-hitcount|p1: Clefable|2\n|\n|upkeep\n|\n|t:|1667568318\n|switch|p1a: Blacephalon|Blacephalon|100\/100\n|turn|17\n|j| pocus pocus\n|\n|t:|1667568343\n|move|p2a: Urshifu|Aqua Jet|p1a: Blacephalon\n|-supereffective|p1a: Blacephalon\n|-damage|p1a: Blacephalon|0 fnt\n|faint|p1a: Blacephalon\n|\n|upkeep\n|c|\u2606tesla roadster|thats a tuff roll\n|\n|t:|1667568354\n|switch|p1a: Dragapult|Dragapult, M|100\/100\n|turn|18\n|c|\u2606reionatro|true but u could just gone to pult\n|c|\u2606tesla roadster|25%\n|c|\u2606reionatro|ye but why risk it\n|inactive|tesla roadster has 120 seconds left.\n|c|\u2606tesla roadster|cause i won almost guaranteed\n|c|\u2606tesla roadster|i got a kill there\n|\n|t:|1667568401\n|switch|p2a: Melmetal|Melmetal, shiny|100\/100\n|move|p1a: Dragapult|Shadow Ball|p2a: Melmetal\n|-damage|p2a: Melmetal|52\/100\n|\n|-heal|p2a: Melmetal|58\/100|[from] item: Leftovers\n|upkeep\n|turn|19\n|inactive|tesla roadster has 90 seconds left.\n|j| Ink0588\n|j| tricks av\n|inactive|tesla roadster has 60 seconds left.\n|\n|t:|1667568460\n|switch|p1a: Ferrothorn|Ferrothorn, F|100\/100 par\n|switch|p2a: Urshifu|Urshifu-Rapid-Strike, F|100\/100\n|\n|upkeep\n|turn|20\n|inactive|tesla roadster has 60 seconds left.\n|\n|t:|1667568481\n|switch|p1a: Dragapult|Dragapult, M|100\/100\n|move|p2a: Urshifu|Close Combat|p1a: Dragapult\n|-immune|p1a: Dragapult\n|\n|upkeep\n|turn|21\n|\n|t:|1667568491\n|move|p1a: Dragapult|Shadow Ball|p2a: Urshifu\n|-damage|p2a: Urshifu|20\/100\n|move|p2a: Urshifu|Surging Strikes|p1a: Dragapult\n|-resisted|p1a: Dragapult\n|-crit|p1a: Dragapult\n|-damage|p1a: Dragapult|87\/100\n|-resisted|p1a: Dragapult\n|-crit|p1a: Dragapult\n|-damage|p1a: Dragapult|73\/100\n|-resisted|p1a: Dragapult\n|-crit|p1a: Dragapult\n|-damage|p1a: Dragapult|59\/100\n|-hitcount|p1a: Dragapult|3\n|\n|upkeep\n|turn|22\n|inactive|tesla roadster has 60 seconds left.\n|\n|t:|1667568500\n|move|p2a: Urshifu|Aqua Jet|p1a: Dragapult\n|-resisted|p1a: Dragapult\n|-damage|p1a: Dragapult|44\/100\n|move|p1a: Dragapult|Shadow Ball|p2a: Urshifu\n|-damage|p2a: Urshifu|0 fnt\n|faint|p2a: Urshifu\n|\n|upkeep\n|j| Tokyo EZ\n|l| Ink0588\n|inactive|reionatro has 120 seconds left.\n|\n|t:|1667568542\n|switch|p2a: Landorus|Landorus-Therian, M|67\/100\n|-ability|p2a: Landorus|Intimidate|boost\n|-unboost|p1a: Dragapult|atk|1\n|turn|23\n|\n|t:|1667568552\n|switch|p1a: Landorus|Landorus-Therian, M|100\/100 par\n|-ability|p1a: Landorus|Intimidate|boost\n|-unboost|p2a: Landorus|atk|1\n|move|p2a: Landorus|Stealth Rock|p1a: Landorus\n|-sidestart|p1: tesla roadster|move: Stealth Rock\n|\n|upkeep\n|turn|24\n|inactive|reionatro has 120 seconds left.\n|\n|t:|1667568567\n|move|p2a: Landorus|Knock Off|p1a: Landorus\n|-damage|p1a: Landorus|80\/100 par\n|-enditem|p1a: Landorus|Leftovers|[from] move: Knock Off|[of] p2a: Landorus\n|move|p1a: Landorus|Defog|p2a: Landorus\n|-unboost|p2a: Landorus|evasion|1\n|-sideend|p1: tesla roadster|Stealth Rock|[from] move: Defog|[of] p1a: Landorus\n|\n|upkeep\n|turn|25\n|\n|t:|1667568572\n|move|p2a: Landorus|Stealth Rock|p1a: Landorus\n|-sidestart|p1: tesla roadster|move: Stealth Rock\n|move|p1a: Landorus|Toxic|p2a: Landorus\n|-status|p2a: Landorus|tox\n|\n|-damage|p2a: Landorus|61\/100 tox|[from] psn\n|upkeep\n|turn|26\n|inactive|reionatro has 120 seconds left.\n|\n|t:|1667568608\n|move|p2a: Landorus|Knock Off|p1a: Landorus\n|-damage|p1a: Landorus|66\/100 par\n|move|p1a: Landorus|Defog|p2a: Landorus\n|-unboost|p2a: Landorus|evasion|1\n|-sideend|p1: tesla roadster|Stealth Rock|[from] move: Defog|[of] p1a: Landorus\n|\n|-damage|p2a: Landorus|49\/100 tox|[from] psn\n|upkeep\n|turn|27\n|\n|t:|1667568615\n|move|p2a: Landorus|Stealth Rock|p1a: Landorus\n|-sidestart|p1: tesla roadster|move: Stealth Rock\n|move|p1a: Landorus|Defog|p2a: Landorus\n|-unboost|p2a: Landorus|evasion|1\n|-sideend|p1: tesla roadster|Stealth Rock|[from] move: Defog|[of] p1a: Landorus\n|\n|-damage|p2a: Landorus|31\/100 tox|[from] psn\n|upkeep\n|turn|28\n|\n|t:|1667568638\n|move|p2a: Landorus|Knock Off|p1a: Landorus\n|-damage|p1a: Landorus|53\/100 par\n|cant|p1a: Landorus|par\n|\n|-damage|p2a: Landorus|7\/100 tox|[from] psn\n|upkeep\n|turn|29\n|\n|t:|1667568642\n|move|p2a: Landorus|Stealth Rock|p1a: Landorus\n|-sidestart|p1: tesla roadster|move: Stealth Rock\n|move|p1a: Landorus|Defog|p2a: Landorus\n|-unboost|p2a: Landorus|evasion|1\n|-sideend|p1: tesla roadster|Stealth Rock|[from] move: Defog|[of] p1a: Landorus\n|\n|-damage|p2a: Landorus|0 fnt|[from] psn\n|faint|p2a: Landorus\n|upkeep\n|\n|t:|1667568646\n|switch|p2a: Rillaboom|Rillaboom, F|100\/100\n|-fieldstart|move: Grassy Terrain|[from] ability: Grassy Surge|[of] p2a: Rillaboom\n|turn|30\n|inactive|tesla roadster has 120 seconds left.\n|\n|t:|1667568677\n|switch|p1a: Kommo-o|Kommo-o, F|100\/100\n|move|p2a: Rillaboom|Swords Dance|p2a: Rillaboom\n|-boost|p2a: Rillaboom|atk|2\n|\n|upkeep\n|turn|31\n|inactive|reionatro has 120 seconds left.\n|\n|t:|1667568712\n|move|p2a: Rillaboom|Drain Punch|p1a: Kommo-o\n|-damage|p1a: Kommo-o|62\/100\n|-damage|p2a: Rillaboom|84\/100|[from] item: Rocky Helmet|[of] p1a: Kommo-o\n|move|p1a: Kommo-o|Toxic|p2a: Rillaboom\n|-status|p2a: Rillaboom|tox\n|\n|-heal|p2a: Rillaboom|90\/100 tox|[from] Grassy Terrain\n|-heal|p2a: Rillaboom|96\/100 tox|[from] item: Leftovers\n|-heal|p1a: Kommo-o|68\/100|[from] Grassy Terrain\n|-damage|p2a: Rillaboom|90\/100 tox|[from] psn\n|upkeep\n|turn|32\n|inactive|tesla roadster has 120 seconds left.\n|\n|t:|1667568724\n|move|p2a: Rillaboom|Swords Dance|p2a: Rillaboom\n|-boost|p2a: Rillaboom|atk|2\n|move|p1a: Kommo-o|Toxic|p2a: Rillaboom\n|-fail|p2a: Rillaboom|tox\n|\n|-heal|p2a: Rillaboom|96\/100 tox|[from] Grassy Terrain\n|-heal|p2a: Rillaboom|100\/100 tox|[from] item: Leftovers\n|-heal|p1a: Kommo-o|75\/100|[from] Grassy Terrain\n|-damage|p2a: Rillaboom|88\/100 tox|[from] psn\n|upkeep\n|turn|33\n|c|\u2606tesla roadster|wtf\n|c|\u2606tesla roadster|miscclick\n|c| A|oh no\n|\n|t:|1667568734\n|move|p2a: Rillaboom|Drain Punch|p1a: Kommo-o\n|-damage|p1a: Kommo-o|12\/100\n|-heal|p2a: Rillaboom|100\/100 tox|[from] drain|[of] p1a: Kommo-o\n|-damage|p2a: Rillaboom|84\/100 tox|[from] item: Rocky Helmet|[of] p1a: Kommo-o\n|move|p1a: Kommo-o|Dragon Tail|p2a: Rillaboom\n|-damage|p2a: Rillaboom|63\/100 tox\n|drag|p2a: Melmetal|Melmetal, shiny|58\/100\n|\n|-heal|p1a: Kommo-o|19\/100|[from] Grassy Terrain\n|-heal|p2a: Melmetal|64\/100|[from] Grassy Terrain\n|-heal|p2a: Melmetal|71\/100|[from] item: Leftovers\n|upkeep\n|turn|34\n|c| A|crisis averted\n|inactive|tesla roadster has 120 seconds left.\n|inactive|reionatro has 90 seconds left.\n|\n|t:|1667568757\n|switch|p1a: Ferrothorn|Ferrothorn, F|100\/100 par\n|switch|p2a: Tapu Koko|Tapu Koko|100\/100\n|-fieldstart|move: Electric Terrain|[from] ability: Electric Surge|[of] p2a: Tapu Koko\n|\n|upkeep\n|turn|35\n|inactive|tesla roadster has 120 seconds left.\n|inactive|reionatro has 90 seconds left.\n|\n|t:|1667568769\n|move|p2a: Tapu Koko|Thunderbolt|p1a: Ferrothorn\n|-resisted|p1a: Ferrothorn\n|-damage|p1a: Ferrothorn|69\/100 par\n|move|p1a: Ferrothorn|Spikes|p2a: Tapu Koko\n|-sidestart|p2: reionatro|Spikes\n|\n|-heal|p1a: Ferrothorn|75\/100 par|[from] item: Leftovers\n|upkeep\n|turn|36\n|\n|t:|1667568774\n|move|p2a: Tapu Koko|Thunderbolt|p1a: Ferrothorn\n|-resisted|p1a: Ferrothorn\n|-damage|p1a: Ferrothorn|42\/100 par\n|move|p1a: Ferrothorn|Gyro Ball|p2a: Tapu Koko\n|-damage|p2a: Tapu Koko|30\/100\n|\n|-heal|p1a: Ferrothorn|49\/100 par|[from] item: Leftovers\n|upkeep\n|turn|37\n|j| Ink0588\n|\n|t:|1667568784\n|switch|p1a: Landorus|Landorus-Therian, M|53\/100 par\n|-ability|p1a: Landorus|Intimidate|boost\n|-unboost|p2a: Tapu Koko|atk|1\n|move|p2a: Tapu Koko|Thunderbolt|p1a: Landorus\n|-immune|p1a: Landorus\n|\n|upkeep\n|turn|38\n|\n|t:|1667568793\n|move|p2a: Tapu Koko|Thunderbolt|p1a: Landorus\n|-immune|p1a: Landorus\n|move|p1a: Landorus|Earthquake|p2a: Tapu Koko\n|-supereffective|p2a: Tapu Koko\n|-damage|p2a: Tapu Koko|0 fnt\n|faint|p2a: Tapu Koko\n|\n|-fieldend|move: Electric Terrain\n|upkeep\n|\n|t:|1667568801\n|switch|p2a: Rillaboom|Rillaboom, F|63\/100 tox\n|-damage|p2a: Rillaboom|50\/100 tox|[from] Spikes\n|-fieldstart|move: Grassy Terrain|[from] ability: Grassy Surge|[of] p2a: Rillaboom\n|turn|39\n|j| Gronesito\n|inactive|reionatro has 90 seconds left.\n|\n|t:|1667568834\n|move|p2a: Rillaboom|Grassy Glide|p1a: Landorus\n|-damage|p1a: Landorus|3\/100 par\n|move|p1a: Landorus|U-turn|p2a: Rillaboom\n|-supereffective|p2a: Rillaboom\n|-damage|p2a: Rillaboom|10\/100 tox\n|\n|t:|1667568856\n|switch|p1a: Ferrothorn|Ferrothorn, F|49\/100 par|[from]move: U-turn\n|\n|-heal|p2a: Rillaboom|16\/100 tox|[from] Grassy Terrain\n|-heal|p2a: Rillaboom|22\/100 tox|[from] item: Leftovers\n|-heal|p1a: Ferrothorn|55\/100 par|[from] Grassy Terrain\n|-heal|p1a: Ferrothorn|61\/100 par|[from] item: Leftovers\n|-damage|p2a: Rillaboom|16\/100 tox|[from] psn\n|upkeep\n|turn|40\n|inactive|tesla roadster has 120 seconds left.\n|\n|t:|1667568880\n|move|p2a: Rillaboom|Drain Punch|p1a: Ferrothorn\n|-supereffective|p1a: Ferrothorn\n|-damage|p1a: Ferrothorn|29\/100 par\n|-heal|p2a: Rillaboom|30\/100 tox|[from] drain|[of] p1a: Ferrothorn\n|-damage|p2a: Rillaboom|18\/100 tox|[from] ability: Iron Barbs|[of] p1a: Ferrothorn\n|move|p1a: Ferrothorn|Gyro Ball|p2a: Rillaboom\n|-damage|p2a: Rillaboom|0 fnt\n|faint|p2a: Rillaboom\n|\n|-heal|p1a: Ferrothorn|35\/100 par|[from] Grassy Terrain\n|-heal|p1a: Ferrothorn|41\/100 par|[from] item: Leftovers\n|upkeep\n|c|\u2606tesla roadster|gg\n|\n|t:|1667568890\n|switch|p2a: Melmetal|Melmetal, shiny|71\/100\n|-damage|p2a: Melmetal|58\/100|[from] Spikes\n|turn|41\n|\n|t:|1667568896\n|switch|p1a: Landorus|Landorus-Therian, M|3\/100 par\n|-ability|p1a: Landorus|Intimidate|boost\n|-unboost|p2a: Melmetal|atk|1\n|move|p2a: Melmetal|Earthquake|p1a: Landorus\n|-immune|p1a: Landorus\n|\n|-heal|p2a: Melmetal|64\/100|[from] Grassy Terrain\n|-heal|p2a: Melmetal|70\/100|[from] item: Leftovers\n|upkeep\n|turn|42\n|\n|t:|1667568900\n|cant|p1a: Landorus|par\n|move|p2a: Melmetal|Double Iron Bash|p1a: Landorus\n|-damage|p1a: Landorus|0 fnt\n|faint|p1a: Landorus\n|-hitcount|p1: Landorus|1\n|\n|-heal|p2a: Melmetal|76\/100|[from] Grassy Terrain\n|-heal|p2a: Melmetal|82\/100|[from] item: Leftovers\n|upkeep\n|\n|t:|1667568908\n|switch|p1a: Ferrothorn|Ferrothorn, F|41\/100 par\n|turn|43\n|\n|t:|1667568911\n|move|p2a: Melmetal|Earthquake|p1a: Ferrothorn\n|-damage|p1a: Ferrothorn|33\/100 par\n|move|p1a: Ferrothorn|Knock Off|p2a: Melmetal\n|-damage|p2a: Melmetal|70\/100\n|-enditem|p2a: Melmetal|Leftovers|[from] move: Knock Off|[of] p1a: Ferrothorn\n|\n|-heal|p2a: Melmetal|76\/100|[from] Grassy Terrain\n|-heal|p1a: Ferrothorn|39\/100 par|[from] Grassy Terrain\n|-heal|p1a: Ferrothorn|46\/100 par|[from] item: Leftovers\n|-fieldend|move: Grassy Terrain\n|upkeep\n|turn|44\n|\n|t:|1667568914\n|move|p2a: Melmetal|Earthquake|p1a: Ferrothorn\n|-damage|p1a: Ferrothorn|30\/100 par\n|move|p1a: Ferrothorn|Leech Seed|p2a: Melmetal\n|-start|p2a: Melmetal|move: Leech Seed\n|\n|-heal|p1a: Ferrothorn|37\/100 par|[from] item: Leftovers\n|-damage|p2a: Melmetal|63\/100|[from] Leech Seed|[of] p1a: Ferrothorn\n|-heal|p1a: Ferrothorn|51\/100 par|[silent]\n|upkeep\n|turn|45\n|l| pocus pocus\n|c|\u2606reionatro|gg\n|l| Gronesito\n|\n|t:|1667568921\n|move|p2a: Melmetal|Earthquake|p1a: Ferrothorn\n|-damage|p1a: Ferrothorn|35\/100 par\n|cant|p1a: Ferrothorn|par\n|\n|-heal|p1a: Ferrothorn|41\/100 par|[from] item: Leftovers\n|-damage|p2a: Melmetal|51\/100|[from] Leech Seed|[of] p1a: Ferrothorn\n|-heal|p1a: Ferrothorn|55\/100 par|[silent]\n|upkeep\n|turn|46\n|-message|reionatro forfeited.\n|\n|win|tesla roadster\n|raw|tesla roadster's rating: 1912 &rarr; <strong>1930<\/strong><br \/>(+18 for winning)\n|raw|reionatro's rating: 1879 &rarr; <strong>1861<\/strong><br \/>(-18 for losing)\n|l|\u2606tesla roadster\n|j|\u2606tesla roadster\n|player|p1|tesla roadster|1\n|l|\u2606reionatro\n|l| ty-tyui\u21bb\n|l| sincronizador\n||Ladder isn't responding, score probably updated but might not have (Request timeout).\n","uploadtime":1667568943,"views":18,"p1id":"teslaroadster","p2id":"reionatro","formatid":"gen8ou","rating":1861,"private":0,"password":null}