{"id":"gen8ou-1288763900","p1":"Jamario Mariomario","p2":"Frozzen","format":"gen8ou","log":"|j|\u2606Jamario Mariomario\n|j|\u2606Frozzen\n|t:|1614163490\n|player|p1|Jamario Mariomario|bugcatcher|1523\n|player|p2|Frozzen|lady|1575\n|teamsize|p1|6\n|teamsize|p2|6\n|gametype|singles\n|gen|8\n|tier|[Gen 8] OU\n|rated|\n|clearpoke\n|poke|p1|Volcanion|\n|poke|p1|Moltres|\n|poke|p1|Mamoswine, F|\n|poke|p1|Blissey, F|\n|poke|p1|Rillaboom, F|\n|poke|p1|Dragonite, F|\n|poke|p2|Pelipper, M|\n|poke|p2|Shedinja|\n|poke|p2|Seismitoad, F|\n|poke|p2|Tapu Koko|\n|poke|p2|Mandibuzz, F|\n|poke|p2|Calyrex|\n|rule|Sleep Clause Mod: Limit one foe put to sleep\n|rule|Species Clause: Limit one of each Pok\u00e9mon\n|rule|OHKO Clause: OHKO moves are banned\n|rule|Evasion Moves Clause: Evasion moves are banned\n|rule|Endless Battle Clause: Forcing endless battles is banned\n|rule|HP Percentage Mod: HP is shown in percentages\n|rule|Dynamax Clause: You cannot dynamax\n|teampreview\n|inactive|Battle timer is ON: inactive players will automatically lose when time's up. (requested by Jamario Mariomario)\n|inactive|Frozzen has 120 seconds left.\n|c|\u2606Frozzen|you have a quite weird team\n|c|\u2606Frozzen|(?)\n|c|\u2606Jamario Mariomario|really\n|inactive|Frozzen has 90 seconds left.\n|c|\u2606Jamario Mariomario|well so do you :D\n|c|\u2606Frozzen|keeding, I like saying that with a calyx and shedinja in the team\n|c|\u2606Frozzen|haha\n|c|\u2606Frozzen|kiding* oops\n|c|\u2606Jamario Mariomario|haha good one\n|\n|t:|1614163577\n|start\n|switch|p1a: Mamoswine|Mamoswine, F|100\/100\n|switch|p2a: Calyrex|Calyrex|100\/100\n|-ability|p2a: Calyrex|Unnerve|p1: Jamario Mariomario\n|turn|1\n|\n|t:|1614163595\n|switch|p2a: Shedinja|Shedinja|100\/100\n|move|p1a: Mamoswine|Icicle Crash|p2a: Shedinja\n|-immune|p2a: Shedinja|[from] ability: Wonder Guard\n|\n|upkeep\n|turn|2\n|\n|t:|1614163605\n|switch|p1a: Moltres|Moltres|100\/100\n|switch|p2a: Pelipper|Pelipper, M|100\/100\n|-weather|RainDance|[from] ability: Drizzle|[of] p2a: Pelipper\n|\n|-weather|RainDance|[upkeep]\n|upkeep\n|turn|3\n|\n|t:|1614163611\n|move|p2a: Pelipper|Hurricane|p1a: Moltres\n|-damage|p1a: Moltres|35\/100\n|-start|p1a: Moltres|confusion\n|-activate|p1a: Moltres|confusion\n|move|p1a: Moltres|U-turn|p2a: Pelipper\n|-resisted|p2a: Pelipper\n|-damage|p2a: Pelipper|91\/100\n|\n|t:|1614163617\n|switch|p1a: Volcanion|Volcanion|100\/100|[from]move: U-turn\n|\n|-weather|RainDance|[upkeep]\n|upkeep\n|turn|4\n|\n|t:|1614163621\n|move|p2a: Pelipper|Hurricane|p1a: Volcanion\n|-damage|p1a: Volcanion|31\/100\n|move|p1a: Volcanion|Fire Blast|p2a: Pelipper\n|-resisted|p2a: Pelipper\n|-damage|p2a: Pelipper|53\/100\n|\n|-weather|RainDance|[upkeep]\n|upkeep\n|turn|5\n|\n|t:|1614163628\n|switch|p2a: Calyrex|Calyrex|100\/100\n|-ability|p2a: Calyrex|Unnerve|p1: Jamario Mariomario\n|switch|p1a: Blissey|Blissey, F|100\/100\n|\n|-weather|RainDance|[upkeep]\n|upkeep\n|turn|6\n|\n|t:|1614163636\n|move|p2a: Calyrex|Trick|p1a: Blissey\n|-activate|p2a: Calyrex|move: Trick|[of] p1a: Blissey\n|-item|p1a: Blissey|Choice Scarf|[from] move: Trick\n|-item|p2a: Calyrex|Heavy-Duty Boots|[from] move: Trick\n|move|p1a: Blissey|Toxic|p2a: Calyrex\n|-status|p2a: Calyrex|tox\n|\n|-weather|none\n|-damage|p2a: Calyrex|94\/100 tox|[from] psn\n|upkeep\n|turn|7\n|\n|t:|1614163644\n|move|p2a: Calyrex|Leech Seed|p1a: Blissey\n|-start|p1a: Blissey|move: Leech Seed\n|move|p1a: Blissey|Toxic|p2a: Calyrex\n|-fail|p2a: Calyrex|tox\n|\n|-damage|p1a: Blissey|88\/100|[from] Leech Seed|[of] p2a: Calyrex\n|-heal|p2a: Calyrex|100\/100 tox|[silent]\n|-damage|p2a: Calyrex|88\/100 tox|[from] psn\n|upkeep\n|turn|8\n|\n|t:|1614163653\n|switch|p2a: Pelipper|Pelipper, M|53\/100\n|-weather|RainDance|[from] ability: Drizzle|[of] p2a: Pelipper\n|switch|p1a: Rillaboom|Rillaboom, F|100\/100\n|-fieldstart|move: Grassy Terrain|[from] ability: Grassy Surge|[of] p1a: Rillaboom\n|\n|-weather|RainDance|[upkeep]\n|upkeep\n|turn|9\n|\n|t:|1614163668\n|switch|p1a: Blissey|Blissey, F|88\/100\n|switch|p2a: Mandibuzz|Mandibuzz, F|100\/100\n|\n|-weather|RainDance|[upkeep]\n|-heal|p1a: Blissey|94\/100|[from] Grassy Terrain\n|upkeep\n|turn|10\n|\n|t:|1614163672\n|move|p2a: Mandibuzz|U-turn|p1a: Blissey\n|-damage|p1a: Blissey|84\/100\n|\n|t:|1614163675\n|switch|p2a: Calyrex|Calyrex|88\/100 tox|[from]move: U-turn\n|-ability|p2a: Calyrex|Unnerve|p1: Jamario Mariomario\n|move|p1a: Blissey|Teleport|p1a: Blissey\n|\n|t:|1614163677\n|switch|p1a: Rillaboom|Rillaboom, F|100\/100|[from]move: Teleport\n|\n|-weather|RainDance|[upkeep]\n|-heal|p2a: Calyrex|94\/100 tox|[from] Grassy Terrain\n|-damage|p2a: Calyrex|88\/100 tox|[from] psn\n|upkeep\n|turn|11\n|\n|t:|1614163688\n|move|p2a: Calyrex|Psychic|p1a: Rillaboom\n|-damage|p1a: Rillaboom|53\/100\n|move|p1a: Rillaboom|Knock Off|p2a: Calyrex\n|-supereffective|p2a: Calyrex\n|-damage|p2a: Calyrex|0 fnt\n|-enditem|p2a: Calyrex|Heavy-Duty Boots|[from] move: Knock Off|[of] p1a: Rillaboom\n|faint|p2a: Calyrex\n|\n|-weather|RainDance|[upkeep]\n|-heal|p1a: Rillaboom|59\/100|[from] Grassy Terrain\n|upkeep\n|c|\u2606Frozzen|you did it well caly\n|c|\u2606Jamario Mariomario|it did indeed\n|inactive|Frozzen has 120 seconds left.\n|\n|t:|1614163726\n|switch|p2a: Seismitoad|Seismitoad, F|100\/100\n|turn|12\n|c|\u2606Jamario Mariomario|i've also fallen into some shedinja mind tricks\n|\n|t:|1614163751\n|switch|p2a: Mandibuzz|Mandibuzz, F|100\/100\n|switch|p1a: Moltres|Moltres|35\/100\n|\n|-weather|none\n|-fieldend|move: Grassy Terrain\n|upkeep\n|turn|13\n|\n|t:|1614163756\n|switch|p2a: Pelipper|Pelipper, M|53\/100\n|-weather|RainDance|[from] ability: Drizzle|[of] p2a: Pelipper\n|move|p1a: Moltres|Roost|p1a: Moltres\n|-heal|p1a: Moltres|86\/100\n|-singleturn|p1a: Moltres|move: Roost\n|\n|-weather|RainDance|[upkeep]\n|upkeep\n|turn|14\n|\n|t:|1614163764\n|switch|p1a: Blissey|Blissey, F|84\/100\n|move|p2a: Pelipper|U-turn|p1a: Blissey\n|-damage|p1a: Blissey|76\/100\n|\n|t:|1614163768\n|switch|p2a: Seismitoad|Seismitoad, F|100\/100|[from]move: U-turn\n|\n|-weather|RainDance|[upkeep]\n|upkeep\n|turn|15\n|\n|t:|1614163771\n|move|p2a: Seismitoad|Stealth Rock|p1a: Blissey\n|-sidestart|p1: Jamario Mariomario|move: Stealth Rock\n|move|p1a: Blissey|Toxic|p2a: Seismitoad|[miss]\n|-miss|p1a: Blissey|p2a: Seismitoad\n|\n|-weather|RainDance|[upkeep]\n|upkeep\n|turn|16\n|\n|t:|1614163778\n|move|p2a: Seismitoad|Hydro Pump|p1a: Blissey\n|-damage|p1a: Blissey|41\/100\n|-damage|p2a: Seismitoad|91\/100|[from] item: Life Orb\n|move|p1a: Blissey|Toxic|p2a: Seismitoad\n|-status|p2a: Seismitoad|tox\n|\n|-weather|RainDance|[upkeep]\n|-damage|p2a: Seismitoad|85\/100 tox|[from] psn\n|upkeep\n|turn|17\n|\n|t:|1614163786\n|move|p2a: Seismitoad|Sludge Bomb|p1a: Blissey\n|-damage|p1a: Blissey|30\/100\n|-damage|p2a: Seismitoad|75\/100 tox|[from] item: Life Orb\n|move|p1a: Blissey|Toxic|p2a: Seismitoad\n|-fail|p2a: Seismitoad|tox\n|\n|-weather|none\n|-damage|p2a: Seismitoad|63\/100 tox|[from] psn\n|upkeep\n|turn|18\n|\n|t:|1614163789\n|switch|p1a: Volcanion|Volcanion|31\/100\n|-damage|p1a: Volcanion|6\/100|[from] Stealth Rock\n|move|p2a: Seismitoad|Earth Power|p1a: Volcanion\n|-supereffective|p1a: Volcanion\n|-damage|p1a: Volcanion|0 fnt\n|-damage|p2a: Seismitoad|53\/100 tox|[from] item: Life Orb\n|faint|p1a: Volcanion\n|\n|-damage|p2a: Seismitoad|35\/100 tox|[from] psn\n|upkeep\n|\n|t:|1614163793\n|switch|p1a: Moltres|Moltres|86\/100\n|turn|19\n|\n|t:|1614163799\n|move|p2a: Seismitoad|Sludge Bomb|p1a: Moltres\n|-damage|p1a: Moltres|49\/100\n|-status|p1a: Moltres|psn\n|-damage|p2a: Seismitoad|25\/100 tox|[from] item: Life Orb\n|move|p1a: Moltres|Defog|p2a: Seismitoad\n|-unboost|p2a: Seismitoad|evasion|1\n|-sideend|p1: Jamario Mariomario|Stealth Rock|[from] move: Defog|[of] p1a: Moltres\n|\n|-damage|p2a: Seismitoad|1\/100 tox|[from] psn\n|-damage|p1a: Moltres|37\/100 psn|[from] psn\n|upkeep\n|turn|20\n|c|\u2606Frozzen|why I try to overpredict\n|c|\u2606Frozzen|if I know it will not work\n|inactive|Frozzen has 120 seconds left.\n|\n|t:|1614163831\n|move|p2a: Seismitoad|Hydro Pump|p1a: Moltres\n|-supereffective|p1a: Moltres\n|-damage|p1a: Moltres|0 fnt\n|-damage|p2a: Seismitoad|0 fnt|[from] item: Life Orb\n|faint|p1a: Moltres\n|faint|p2a: Seismitoad\n|\n|upkeep\n|inactive|Frozzen has 120 seconds left.\n|\n|t:|1614163843\n|switch|p2a: Pelipper|Pelipper, M|53\/100\n|switch|p1a: Mamoswine|Mamoswine, F|100\/100\n|-weather|RainDance|[from] ability: Drizzle|[of] p2a: Pelipper\n|turn|21\n|\n|t:|1614163845\n|move|p1a: Mamoswine|Stealth Rock|p2a: Pelipper\n|-sidestart|p2: Frozzen|move: Stealth Rock\n|move|p2a: Pelipper|Surf|p1a: Mamoswine\n|-supereffective|p1a: Mamoswine\n|-enditem|p1a: Mamoswine|Focus Sash\n|-damage|p1a: Mamoswine|1\/100\n|\n|-weather|RainDance|[upkeep]\n|upkeep\n|turn|22\n|\n|t:|1614163849\n|switch|p2a: Shedinja|Shedinja|100\/100\n|move|p1a: Mamoswine|Icicle Crash|p2a: Shedinja\n|-immune|p2a: Shedinja|[from] ability: Wonder Guard\n|\n|-weather|RainDance|[upkeep]\n|upkeep\n|turn|23\n|\n|t:|1614163859\n|switch|p1a: Blissey|Blissey, F|30\/100\n|move|p2a: Shedinja|Will-O-Wisp|p1a: Blissey\n|-status|p1a: Blissey|brn\n|\n|-weather|RainDance|[upkeep]\n|-damage|p1a: Blissey|23\/100 brn|[from] brn\n|upkeep\n|turn|24\n|\n|t:|1614163875\n|switch|p2a: Mandibuzz|Mandibuzz, F|100\/100\n|move|p1a: Blissey|Toxic|p2a: Mandibuzz\n|-status|p2a: Mandibuzz|tox\n|\n|-weather|RainDance|[upkeep]\n|-damage|p1a: Blissey|17\/100 brn|[from] brn\n|-damage|p2a: Mandibuzz|94\/100 tox|[from] psn\n|upkeep\n|turn|25\n|\n|t:|1614163880\n|switch|p1a: Mamoswine|Mamoswine, F|1\/100\n|move|p2a: Mandibuzz|Defog|p1a: Mamoswine\n|-unboost|p1a: Mamoswine|evasion|1\n|-sideend|p2: Frozzen|Stealth Rock|[from] move: Defog|[of] p2a: Mandibuzz\n|\n|-weather|none\n|-damage|p2a: Mandibuzz|82\/100 tox|[from] psn\n|upkeep\n|turn|26\n|\n|t:|1614163886\n|move|p1a: Mamoswine|Stealth Rock|p2a: Mandibuzz\n|-sidestart|p2: Frozzen|move: Stealth Rock\n|move|p2a: Mandibuzz|U-turn|p1a: Mamoswine\n|-damage|p1a: Mamoswine|0 fnt\n|faint|p1a: Mamoswine\n|\n|t:|1614163891\n|switch|p2a: Tapu Koko|Tapu Koko|100\/100|[from]move: U-turn\n|-fieldstart|move: Electric Terrain|[from] ability: Electric Surge|[of] p2a: Tapu Koko\n|\n|upkeep\n|\n|t:|1614163895\n|switch|p1a: Rillaboom|Rillaboom, F|59\/100\n|-fieldstart|move: Grassy Terrain|[from] ability: Grassy Surge|[of] p1a: Rillaboom\n|turn|27\n|\n|t:|1614163898\n|move|p1a: Rillaboom|Grassy Glide|p2a: Tapu Koko\n|-damage|p2a: Tapu Koko|0 fnt\n|faint|p2a: Tapu Koko\n|\n|-heal|p1a: Rillaboom|65\/100|[from] Grassy Terrain\n|upkeep\n|\n|t:|1614163904\n|switch|p2a: Shedinja|Shedinja|100\/100\n|turn|28\n|\n|t:|1614163912\n|switch|p1a: Blissey|Blissey, F|17\/100\n|move|p2a: Shedinja|Will-O-Wisp|p1a: Blissey|[miss]\n|-miss|p2a: Shedinja|p1a: Blissey\n|\n|-heal|p1a: Blissey|23\/100|[from] Grassy Terrain\n|upkeep\n|turn|29\n|\n|t:|1614163919\n|move|p1a: Blissey|Soft-Boiled|p1a: Blissey\n|-heal|p1a: Blissey|73\/100\n|move|p2a: Shedinja|Swords Dance|p2a: Shedinja\n|-boost|p2a: Shedinja|atk|2\n|\n|-heal|p1a: Blissey|80\/100|[from] Grassy Terrain\n|upkeep\n|turn|30\n|\n|t:|1614163929\n|switch|p1a: Dragonite|Dragonite, F|100\/100\n|move|p2a: Shedinja|Poltergeist|p1a: Dragonite\n|-activate|p1a: Dragonite|move: Poltergeist|Weakness Policy\n|-damage|p1a: Dragonite|46\/100\n|\n|upkeep\n|turn|31\n|c|\u2606Frozzen|are you carrying dual wings?\n|c|\u2606Frozzen|:(\n|c|\u2606Jamario Mariomario|ofc\n|inactive|Frozzen has 120 seconds left.\n|c|\u2606Frozzen|uwu\n|\n|t:|1614163964\n|switch|p2a: Mandibuzz|Mandibuzz, F|82\/100 tox\n|move|p1a: Dragonite|Dual Wingbeat|p2a: Mandibuzz\n|-damage|p2a: Mandibuzz|70\/100 tox\n|-damage|p2a: Mandibuzz|58\/100 tox\n|-hitcount|p2a: Mandibuzz|2\n|\n|-fieldend|move: Grassy Terrain\n|-damage|p2a: Mandibuzz|52\/100 tox|[from] psn\n|upkeep\n|turn|32\n|inactive|Frozzen has 120 seconds left.\n|\n|t:|1614163976\n|move|p1a: Dragonite|Dragon Dance|p1a: Dragonite\n|-boost|p1a: Dragonite|atk|1\n|-boost|p1a: Dragonite|spe|1\n|move|p2a: Mandibuzz|Foul Play|p1a: Dragonite\n|-damage|p1a: Dragonite|0 fnt\n|faint|p1a: Dragonite\n|\n|-damage|p2a: Mandibuzz|39\/100 tox|[from] psn\n|upkeep\n|\n|t:|1614163979\n|switch|p1a: Blissey|Blissey, F|80\/100\n|turn|33\n|\n|t:|1614163984\n|move|p2a: Mandibuzz|Roost|p2a: Mandibuzz\n|-heal|p2a: Mandibuzz|89\/100 tox\n|-singleturn|p2a: Mandibuzz|move: Roost\n|move|p1a: Blissey|Teleport|p1a: Blissey\n|\n|t:|1614163986\n|switch|p1a: Rillaboom|Rillaboom, F|65\/100|[from]move: Teleport\n|-fieldstart|move: Grassy Terrain|[from] ability: Grassy Surge|[of] p1a: Rillaboom\n|\n|-heal|p1a: Rillaboom|71\/100|[from] Grassy Terrain\n|-heal|p2a: Mandibuzz|96\/100 tox|[from] Grassy Terrain\n|-damage|p2a: Mandibuzz|77\/100 tox|[from] psn\n|upkeep\n|turn|34\n|\n|t:|1614163991\n|move|p1a: Rillaboom|Knock Off|p2a: Mandibuzz\n|-resisted|p2a: Mandibuzz\n|-damage|p2a: Mandibuzz|61\/100 tox\n|-enditem|p2a: Mandibuzz|Heavy-Duty Boots|[from] move: Knock Off|[of] p1a: Rillaboom\n|move|p2a: Mandibuzz|U-turn|p1a: Rillaboom\n|-supereffective|p1a: Rillaboom\n|-damage|p1a: Rillaboom|45\/100\n|\n|t:|1614163998\n|switch|p2a: Pelipper|Pelipper, M|53\/100|[from]move: U-turn\n|-damage|p2a: Pelipper|28\/100|[from] Stealth Rock\n|-weather|RainDance|[from] ability: Drizzle|[of] p2a: Pelipper\n|\n|-weather|RainDance|[upkeep]\n|-heal|p1a: Rillaboom|51\/100|[from] Grassy Terrain\n|upkeep\n|turn|35\n|\n|t:|1614164003\n|move|p1a: Rillaboom|Knock Off|p2a: Pelipper\n|-damage|p2a: Pelipper|0 fnt\n|-enditem|p2a: Pelipper|Choice Specs|[from] move: Knock Off|[of] p1a: Rillaboom\n|faint|p2a: Pelipper\n|\n|-weather|RainDance|[upkeep]\n|-heal|p1a: Rillaboom|57\/100|[from] Grassy Terrain\n|upkeep\n|\n|t:|1614164006\n|switch|p2a: Mandibuzz|Mandibuzz, F|61\/100 tox\n|-damage|p2a: Mandibuzz|36\/100 tox|[from] Stealth Rock\n|turn|36\n|\n|t:|1614164008\n|switch|p1a: Blissey|Blissey, F|80\/100\n|move|p2a: Mandibuzz|Roost|p2a: Mandibuzz\n|-heal|p2a: Mandibuzz|86\/100 tox\n|-singleturn|p2a: Mandibuzz|move: Roost\n|\n|-weather|RainDance|[upkeep]\n|-heal|p1a: Blissey|86\/100|[from] Grassy Terrain\n|-heal|p2a: Mandibuzz|92\/100 tox|[from] Grassy Terrain\n|-damage|p2a: Mandibuzz|86\/100 tox|[from] psn\n|upkeep\n|turn|37\n|\n|t:|1614164012\n|move|p2a: Mandibuzz|Defog|p1a: Blissey\n|-unboost|p1a: Blissey|evasion|1\n|-sideend|p2: Frozzen|Stealth Rock|[from] move: Defog|[of] p2a: Mandibuzz\n|-fieldend|move: Grassy Terrain\n|move|p1a: Blissey|Teleport|p1a: Blissey\n|\n|t:|1614164015\n|switch|p1a: Rillaboom|Rillaboom, F|57\/100|[from]move: Teleport\n|-fieldstart|move: Grassy Terrain|[from] ability: Grassy Surge|[of] p1a: Rillaboom\n|\n|-weather|RainDance|[upkeep]\n|-heal|p1a: Rillaboom|63\/100|[from] Grassy Terrain\n|-damage|p2a: Mandibuzz|74\/100 tox|[from] psn\n|upkeep\n|turn|38\n|\n|t:|1614164019\n|switch|p1a: Blissey|Blissey, F|86\/100\n|move|p2a: Mandibuzz|Foul Play|p1a: Blissey\n|-damage|p1a: Blissey|80\/100\n|\n|-weather|none\n|-heal|p1a: Blissey|86\/100|[from] Grassy Terrain\n|-damage|p2a: Mandibuzz|55\/100 tox|[from] psn\n|upkeep\n|turn|39\n|\n|t:|1614164026\n|move|p1a: Blissey|Toxic|p2a: Mandibuzz\n|-fail|p2a: Mandibuzz|tox\n|move|p2a: Mandibuzz|Roost|p2a: Mandibuzz\n|-heal|p2a: Mandibuzz|100\/100 tox\n|-singleturn|p2a: Mandibuzz|move: Roost\n|\n|-heal|p1a: Blissey|93\/100|[from] Grassy Terrain\n|-damage|p2a: Mandibuzz|76\/100 tox|[from] psn\n|upkeep\n|turn|40\n|c|\u2606Jamario Mariomario|gg\n|\n|t:|1614164031\n|move|p1a: Blissey|Toxic|p2a: Mandibuzz\n|-fail|p2a: Mandibuzz|tox\n|move|p2a: Mandibuzz|U-turn|p1a: Blissey\n|-damage|p1a: Blissey|83\/100\n|\n|t:|1614164033\n|switch|p2a: Shedinja|Shedinja|100\/100|[from]move: U-turn\n|\n|-heal|p1a: Blissey|89\/100|[from] Grassy Terrain\n|upkeep\n|turn|41\n|\n|t:|1614164036\n|switch|p2a: Mandibuzz|Mandibuzz, F|76\/100 tox\n|move|p1a: Blissey|Toxic|p2a: Mandibuzz\n|-fail|p2a: Mandibuzz|tox\n|\n|-heal|p1a: Blissey|95\/100|[from] Grassy Terrain\n|-fieldend|move: Grassy Terrain\n|-damage|p2a: Mandibuzz|70\/100 tox|[from] psn\n|upkeep\n|turn|42\n|\n|t:|1614164040\n|move|p1a: Blissey|Toxic|p2a: Mandibuzz\n|-fail|p2a: Mandibuzz|tox\n|move|p2a: Mandibuzz|Roost|p2a: Mandibuzz\n|-heal|p2a: Mandibuzz|100\/100 tox\n|-singleturn|p2a: Mandibuzz|move: Roost\n|\n|-damage|p2a: Mandibuzz|88\/100 tox|[from] psn\n|upkeep\n|turn|43\n|\n|t:|1614164043\n|switch|p1a: Rillaboom|Rillaboom, F|63\/100\n|-fieldstart|move: Grassy Terrain|[from] ability: Grassy Surge|[of] p1a: Rillaboom\n|move|p2a: Mandibuzz|U-turn|p1a: Rillaboom\n|-supereffective|p1a: Rillaboom\n|-damage|p1a: Rillaboom|38\/100\n|\n|t:|1614164048\n|switch|p2a: Shedinja|Shedinja|100\/100|[from]move: U-turn\n|\n|-heal|p1a: Rillaboom|44\/100|[from] Grassy Terrain\n|upkeep\n|turn|44\n|\n|t:|1614164054\n|switch|p2a: Mandibuzz|Mandibuzz, F|88\/100 tox\n|move|p1a: Rillaboom|Knock Off|p2a: Mandibuzz\n|-resisted|p2a: Mandibuzz\n|-damage|p2a: Mandibuzz|78\/100 tox\n|\n|-heal|p1a: Rillaboom|50\/100|[from] Grassy Terrain\n|-damage|p2a: Mandibuzz|71\/100 tox|[from] psn\n|upkeep\n|turn|45\n|\n|t:|1614164062\n|switch|p1a: Blissey|Blissey, F|95\/100\n|move|p2a: Mandibuzz|U-turn|p1a: Blissey\n|-damage|p1a: Blissey|85\/100\n|\n|t:|1614164064\n|switch|p2a: Shedinja|Shedinja|100\/100|[from]move: U-turn\n|\n|-heal|p1a: Blissey|91\/100|[from] Grassy Terrain\n|upkeep\n|turn|46\n|\n|t:|1614164079\n|switch|p2a: Mandibuzz|Mandibuzz, F|71\/100 tox\n|move|p1a: Blissey|Teleport|p1a: Blissey\n|\n|t:|1614164081\n|switch|p1a: Rillaboom|Rillaboom, F|50\/100|[from]move: Teleport\n|\n|-heal|p1a: Rillaboom|57\/100|[from] Grassy Terrain\n|-damage|p2a: Mandibuzz|65\/100 tox|[from] psn\n|upkeep\n|turn|47\n|\n|t:|1614164084\n|move|p1a: Rillaboom|U-turn|p2a: Mandibuzz\n|-damage|p2a: Mandibuzz|44\/100 tox\n|\n|t:|1614164087\n|switch|p1a: Blissey|Blissey, F|91\/100|[from]move: U-turn\n|move|p2a: Mandibuzz|Foul Play|p1a: Blissey\n|-damage|p1a: Blissey|85\/100\n|\n|-heal|p1a: Blissey|91\/100|[from] Grassy Terrain\n|-fieldend|move: Grassy Terrain\n|-damage|p2a: Mandibuzz|31\/100 tox|[from] psn\n|upkeep\n|turn|48\n|\n|t:|1614164093\n|move|p1a: Blissey|Seismic Toss|p2a: Mandibuzz\n|-damage|p2a: Mandibuzz|8\/100 tox\n|move|p2a: Mandibuzz|Roost|p2a: Mandibuzz\n|-heal|p2a: Mandibuzz|58\/100 tox\n|-singleturn|p2a: Mandibuzz|move: Roost\n|\n|-damage|p2a: Mandibuzz|39\/100 tox|[from] psn\n|upkeep\n|turn|49\n|\n|t:|1614164099\n|switch|p1a: Rillaboom|Rillaboom, F|57\/100\n|-fieldstart|move: Grassy Terrain|[from] ability: Grassy Surge|[of] p1a: Rillaboom\n|move|p2a: Mandibuzz|Foul Play|p1a: Rillaboom\n|-damage|p1a: Rillaboom|0 fnt\n|faint|p1a: Rillaboom\n|\n|-damage|p2a: Mandibuzz|15\/100 tox|[from] psn\n|upkeep\n|\n|t:|1614164102\n|switch|p1a: Blissey|Blissey, F|91\/100\n|turn|50\n|c|\u2606Frozzen|yeee\n|\n|t:|1614164112\n|move|p1a: Blissey|Toxic|p2a: Mandibuzz|[miss]\n|-miss|p1a: Blissey|p2a: Mandibuzz\n|move|p2a: Mandibuzz|Roost|p2a: Mandibuzz\n|-heal|p2a: Mandibuzz|65\/100 tox\n|-singleturn|p2a: Mandibuzz|move: Roost\n|\n|-heal|p1a: Blissey|97\/100|[from] Grassy Terrain\n|-heal|p2a: Mandibuzz|71\/100 tox|[from] Grassy Terrain\n|-damage|p2a: Mandibuzz|40\/100 tox|[from] psn\n|upkeep\n|turn|51\n|\n|t:|1614164121\n|move|p1a: Blissey|Toxic|p2a: Mandibuzz\n|-fail|p2a: Mandibuzz|tox\n|move|p2a: Mandibuzz|U-turn|p1a: Blissey\n|-damage|p1a: Blissey|86\/100\n|\n|t:|1614164123\n|switch|p2a: Shedinja|Shedinja|100\/100|[from]move: U-turn\n|\n|-heal|p1a: Blissey|93\/100|[from] Grassy Terrain\n|upkeep\n|turn|52\n|-message|Jamario Mariomario forfeited.\n|\n|win|Frozzen\n|l|\u2606Jamario Mariomario\n|c|\u2606Frozzen|gg\n|raw|Jamario Mariomario's rating: 1523 &rarr; <strong>1506<\/strong><br \/>(-17 for losing)\n|raw|Frozzen's rating: 1576 &rarr; <strong>1593<\/strong><br \/>(+17 for winning)\n","uploadtime":1614164152,"views":10,"p1id":"jamariomariomario","p2id":"frozzen","formatid":"gen8ou","rating":1506,"private":0,"password":null}