{"id":"gen8almostanyability-1661556382","p1":"Faygos","p2":"placuszek","format":"gen8almostanyability","log":"|j|\u2606Faygos\n|j|\u2606placuszek\n|t:|1662900494\n|gametype|singles\n|player|p1|Faygos|1|\n|player|p2|placuszek|preschooler|\n|teamsize|p1|6\n|teamsize|p2|6\n|gen|8\n|tier|[Gen 8] Almost Any Ability\n|rated|Tournament battle\n|rule|Species Clause: Limit one of each Pok\u00e9mon\n|rule|OHKO Clause: OHKO moves are banned\n|rule|Evasion Moves Clause: Evasion moves are banned\n|rule|Endless Battle Clause: Forcing endless battles is banned\n|rule|Dynamax Clause: You cannot dynamax\n|rule|HP Percentage Mod: HP is shown in percentages\n|rule|2 Ability Clause: Limit two of each ability\n|rule|Sleep Clause: Sleep-inducing moves are banned\n|rule|Tier Shift Mod: Pok\u00e9mon get stat buffs depending on their tier, excluding HP.\n|clearpoke\n|poke|p1|Ho-Oh|\n|poke|p1|Togedemaru, F|\n|poke|p1|Palossand, F|\n|poke|p1|Silvally-*|\n|poke|p1|Aromatisse, F|\n|poke|p1|Throh, M|\n|poke|p2|Gallade, M|\n|poke|p2|Silvally-*|\n|poke|p2|Inteleon, M|\n|poke|p2|Golisopod, F|\n|poke|p2|Groudon|\n|poke|p2|Ho-Oh|\n|teampreview\n|j|%Iolanthe\n|inactive|Battle timer is ON: inactive players will automatically lose when time's up. (requested by Faygos)\n|c|\u2606Faygos|this is my main tier now\n|c|\u2606placuszek|this is an oaklies team\n|c|\u2606Faygos|impossible\n|inactive|Faygos has 120 seconds left.\n|inactive|placuszek has 120 seconds left.\n|c|\u2606placuszek|i literally have it in my builder\n|c|\u2606placuszek|lol\n|c|\u2606Faygos|:(\n|\n|t:|1662900547\n|start\n|switch|p1a: Silvally|Silvally-Dragon|100\/100\n|switch|p2a: Tsuki the Lop|Silvally-Steel|100\/100\n|turn|1\n|l|%Iolanthe\n|\n|t:|1662900553\n|move|p1a: Silvally|U-turn|p2a: Tsuki the Lop\n|-resisted|p2a: Tsuki the Lop\n|-damage|p2a: Tsuki the Lop|94\/100\n|\n|t:|1662900556\n|switch|p1a: Ho-Oh|Ho-Oh|100\/100|[from]move: U-turn\n|move|p2a: Tsuki the Lop|Poison Fang|p1a: Ho-Oh\n|-damage|p1a: Ho-Oh|91\/100\n|-status|p1a: Ho-Oh|tox\n|\n|upkeep\n|turn|2\n|\n|t:|1662900561\n|switch|p2a: The Ultra Beasts|Ho-Oh|100\/100\n|move|p1a: Ho-Oh|Brave Bird|p2a: The Ultra Beasts\n|-damage|p2a: The Ultra Beasts|38\/100\n|\n|upkeep\n|turn|3\n|\n|t:|1662900568\n|move|p1a: Ho-Oh|Brave Bird|p2a: The Ultra Beasts\n|-damage|p2a: The Ultra Beasts|0 fnt\n|faint|p2a: The Ultra Beasts\n|\n|upkeep\n|\n|t:|1662900578\n|switch|p2a: A Gallade's Rage|Inteleon, M|100\/100\n|-weather|PrimordialSea|[from] ability: Primordial Sea|[of] p2a: A Gallade's Rage\n|turn|4\n|\n|t:|1662900594\n|switch|p1a: Togedemaru|Togedemaru, F|100\/100\n|move|p2a: A Gallade's Rage|U-turn|p1a: Togedemaru\n|-resisted|p1a: Togedemaru\n|-damage|p1a: Togedemaru|92\/100\n|\n|t:|1662900598\n|-weather|none\n|switch|p2a: Huge Power|Groudon|100\/100|[from]move: U-turn\n|\n|upkeep\n|turn|5\n|\n|t:|1662900602\n|move|p1a: Togedemaru|U-turn|p2a: Huge Power\n|-damage|p2a: Huge Power|87\/100\n|\n|t:|1662900605\n|switch|p1a: Aromatisse|Aromatisse, F|100\/100|[from]move: U-turn\n|-ability|p1a: Aromatisse|Dauntless Shield|boost\n|-boost|p1a: Aromatisse|def|1\n|move|p2a: Huge Power|Precipice Blades|p1a: Aromatisse|[miss]\n|-miss|p2a: Huge Power|p1a: Aromatisse\n|\n|-heal|p2a: Huge Power|93\/100|[from] item: Leftovers\n|upkeep\n|turn|6\n|\n|t:|1662900609\n|move|p2a: Huge Power|Toxic|p1a: Aromatisse\n|-status|p1a: Aromatisse|tox\n|move|p1a: Aromatisse|Calm Mind|p1a: Aromatisse\n|-boost|p1a: Aromatisse|spa|1\n|-boost|p1a: Aromatisse|spd|1\n|\n|-heal|p2a: Huge Power|99\/100|[from] item: Leftovers\n|-damage|p1a: Aromatisse|94\/100 tox|[from] psn\n|upkeep\n|turn|7\n|\n|t:|1662900613\n|switch|p2a: Tsuki the Lop|Silvally-Steel|100\/100\n|move|p1a: Aromatisse|Moonblast|p2a: Tsuki the Lop\n|-resisted|p2a: Tsuki the Lop\n|-damage|p2a: Tsuki the Lop|89\/100\n|-unboost|p2a: Tsuki the Lop|spa|1\n|\n|-heal|p1a: Aromatisse|100\/100 tox|[from] item: Leftovers\n|-damage|p1a: Aromatisse|88\/100 tox|[from] psn\n|upkeep\n|turn|8\n|j| sunkernvibe\n|\n|t:|1662900617\n|switch|p1a: Ho-Oh|Ho-Oh|91\/100 tox\n|move|p2a: Tsuki the Lop|U-turn|p1a: Ho-Oh\n|-resisted|p1a: Ho-Oh\n|-damage|p1a: Ho-Oh|87\/100 tox\n|\n|t:|1662900619\n|switch|p2a: Huge Power|Groudon|99\/100|[from]move: U-turn\n|\n|-heal|p2a: Huge Power|100\/100|[from] item: Leftovers\n|upkeep\n|turn|9\n|\n|t:|1662900623\n|switch|p1a: Palossand|Palossand, F|100\/100\n|move|p2a: Huge Power|Stone Edge|p1a: Palossand\n|-resisted|p1a: Palossand\n|-damage|p1a: Palossand|89\/100\n|\n|upkeep\n|turn|10\n|\n|t:|1662900631\n|switch|p2a: Betrayal|Golisopod, F|100\/100\n|move|p1a: Palossand|Stealth Rock|p2a: Betrayal\n|-sidestart|p2: placuszek|move: Stealth Rock\n|\n|upkeep\n|turn|11\n|\n|t:|1662900637\n|switch|p1a: Aromatisse|Aromatisse, F|88\/100 tox\n|-ability|p1a: Aromatisse|Dauntless Shield|boost\n|-boost|p1a: Aromatisse|def|1\n|move|p2a: Betrayal|Knock Off|p1a: Aromatisse\n|-resisted|p1a: Aromatisse\n|-damage|p1a: Aromatisse|83\/100 tox\n|-enditem|p1a: Aromatisse|Leftovers|[from] move: Knock Off|[of] p2a: Betrayal\n|\n|-damage|p1a: Aromatisse|77\/100 tox|[from] psn\n|upkeep\n|turn|12\n|l| sunkernvibe\n|\n|t:|1662900640\n|switch|p2a: Tsuki the Lop|Silvally-Steel|100\/100\n|-damage|p2a: Tsuki the Lop|94\/100|[from] Stealth Rock\n|move|p1a: Aromatisse|Wish|p1a: Aromatisse\n|\n|-damage|p1a: Aromatisse|65\/100 tox|[from] psn\n|upkeep\n|turn|13\n|\n|t:|1662900643\n|move|p2a: Tsuki the Lop|Thunderbolt|p1a: Aromatisse\n|-damage|p1a: Aromatisse|48\/100 tox\n|move|p1a: Aromatisse|Moonblast|p2a: Tsuki the Lop\n|-resisted|p2a: Tsuki the Lop\n|-damage|p2a: Tsuki the Lop|86\/100\n|\n|-heal|p1a: Aromatisse|98\/100 tox|[from] move: Wish|[wisher] Aromatisse\n|-damage|p1a: Aromatisse|80\/100 tox|[from] psn\n|upkeep\n|turn|14\n|\n|t:|1662900649\n|switch|p1a: Palossand|Palossand, F|89\/100\n|move|p2a: Tsuki the Lop|U-turn|p1a: Palossand\n|-resisted|p1a: Palossand\n|-damage|p1a: Palossand|84\/100\n|-damage|p2a: Tsuki the Lop|70\/100|[from] item: Rocky Helmet|[of] p1a: Palossand\n|\n|t:|1662900658\n|switch|p2a: Betrayal|Golisopod, F|100\/100|[from]move: U-turn\n|\n|upkeep\n|turn|15\n|\n|t:|1662900661\n|switch|p1a: Aromatisse|Aromatisse, F|80\/100 tox\n|-ability|p1a: Aromatisse|Dauntless Shield|boost\n|-boost|p1a: Aromatisse|def|1\n|move|p2a: Betrayal|Swords Dance|p2a: Betrayal\n|-boost|p2a: Betrayal|atk|2\n|\n|-damage|p1a: Aromatisse|74\/100 tox|[from] psn\n|upkeep\n|turn|16\n|\n|t:|1662900663\n|move|p1a: Aromatisse|Moonblast|p2a: Betrayal\n|-crit|p2a: Betrayal\n|-damage|p2a: Betrayal|48\/100\n|-unboost|p2a: Betrayal|spa|1\n|move|p2a: Betrayal|Swords Dance|p2a: Betrayal\n|-boost|p2a: Betrayal|atk|2\n|\n|-damage|p1a: Aromatisse|61\/100 tox|[from] psn\n|upkeep\n|turn|17\n|\n|t:|1662900674\n|switch|p1a: Silvally|Silvally-Dragon|100\/100\n|move|p2a: Betrayal|Leech Life|p1a: Silvally\n|-damage|p1a: Silvally|3\/100\n|-heal|p2a: Betrayal|93\/100|[from] drain|[of] p1a: Silvally\n|\n|upkeep\n|turn|18\n|\n|t:|1662900680\n|move|p2a: Betrayal|Aqua Jet|p1a: Silvally\n|-resisted|p1a: Silvally\n|-damage|p1a: Silvally|0 fnt\n|faint|p1a: Silvally\n|\n|upkeep\n|c|\u2606Faygos|not good\n|\n|t:|1662900692\n|switch|p1a: Togedemaru|Togedemaru, F|100\/100\n|turn|19\n|\n|t:|1662900697\n|move|p1a: Togedemaru|Nuzzle|p2a: Betrayal\n|-supereffective|p2a: Betrayal\n|-damage|p2a: Betrayal|83\/100\n|-status|p2a: Betrayal|par\n|move|p2a: Betrayal|Knock Off|p1a: Togedemaru\n|-damage|p1a: Togedemaru|6\/100\n|-enditem|p1a: Togedemaru|Assault Vest|[from] move: Knock Off|[of] p2a: Betrayal\n|\n|upkeep\n|turn|20\n|\n|t:|1662900700\n|move|p2a: Betrayal|Aqua Jet|p1a: Togedemaru\n|-damage|p1a: Togedemaru|0 fnt\n|faint|p1a: Togedemaru\n|\n|upkeep\n|\n|t:|1662900702\n|switch|p1a: Throh|Throh, M|100\/100\n|turn|21\n|\n|t:|1662900704\n|move|p2a: Betrayal|Knock Off|p1a: Throh\n|-resisted|p1a: Throh\n|-damage|p1a: Throh|77\/100\n|-enditem|p1a: Throh|Leftovers|[from] move: Knock Off|[of] p2a: Betrayal\n|move|p1a: Throh|Circle Throw|p2a: Betrayal\n|-resisted|p2a: Betrayal\n|-damage|p2a: Betrayal|76\/100 par\n|drag|p2a: A Gallade's Rage|Inteleon, M|100\/100\n|-damage|p2a: A Gallade's Rage|88\/100|[from] Stealth Rock\n|-weather|PrimordialSea|[from] ability: Primordial Sea|[of] p2a: A Gallade's Rage\n|\n|-weather|PrimordialSea|[upkeep]\n|upkeep\n|turn|22\n|c|\u2606placuszek|is this unaware damage\n|c|\u2606placuszek|this doesnt seem to be\n|\n|t:|1662900718\n|move|p2a: A Gallade's Rage|Weather Ball|p1a: Throh\n|-damage|p1a: Throh|0 fnt\n|faint|p1a: Throh\n|\n|-weather|PrimordialSea|[upkeep]\n|upkeep\n|\n|t:|1662900724\n|switch|p1a: Aromatisse|Aromatisse, F|61\/100 tox\n|-ability|p1a: Aromatisse|Dauntless Shield|boost\n|-boost|p1a: Aromatisse|def|1\n|turn|23\n|\n|t:|1662900726\n|move|p2a: A Gallade's Rage|Weather Ball|p1a: Aromatisse\n|-damage|p1a: Aromatisse|0 fnt\n|faint|p1a: Aromatisse\n|\n|-weather|PrimordialSea|[upkeep]\n|upkeep\n|\n|t:|1662900728\n|switch|p1a: Ho-Oh|Ho-Oh|87\/100 tox\n|turn|24\n|\n|t:|1662900730\n|move|p2a: A Gallade's Rage|Weather Ball|p1a: Ho-Oh\n|-supereffective|p1a: Ho-Oh\n|-damage|p1a: Ho-Oh|0 fnt\n|faint|p1a: Ho-Oh\n|\n|-weather|PrimordialSea|[upkeep]\n|upkeep\n|\n|t:|1662900731\n|switch|p1a: Palossand|Palossand, F|84\/100\n|turn|25\n|\n|t:|1662900732\n|move|p2a: A Gallade's Rage|Weather Ball|p1a: Palossand\n|-heal|p1a: Palossand|100\/100|[from] ability: Water Absorb|[of] p2a: A Gallade's Rage\n|move|p1a: Palossand|Earth Power|p2a: A Gallade's Rage\n|-damage|p2a: A Gallade's Rage|34\/100\n|\n|-weather|PrimordialSea|[upkeep]\n|upkeep\n|turn|26\n|c|\u2606Faygos|OH\n|c|\u2606Faygos|i didnt even know\n|c|\u2606placuszek|what\n|c|\u2606placuszek|wtf is this team\n|c|\u2606placuszek|is this mbounzon throh then\n|c|\u2606Faygos|idk i copied from teamcord\n|c|\u2606Faygos|!showteam\n|c| Faygos|\/raw <div class=\"infobox\"><details><summary>View team<\/summary>Ho-Oh @ Life Orb  <br \/>Ability: Magic Guard  <br \/>EVs: 248 HP &#x2f; 16 Atk &#x2f; 244 Def  <br \/>Adamant Nature  <br \/>- Brave Bird  <br \/>- Defog  <br \/>- Sacred Fire  <br \/>- Roost  <br \/><br \/>Togedemaru @ Assault Vest  <br \/>Ability: Regenerator  <br \/>EVs: 252 HP &#x2f; 4 Atk &#x2f; 252 SpD  <br \/>Careful Nature  <br \/>- U-turn  <br \/>- Nuzzle  <br \/>- Iron Head  <br \/>- Zing Zap  <br \/><br \/>Palossand @ Rocky Helmet  <br \/>Ability: Water Absorb  <br \/>EVs: 252 HP &#x2f; 216 Def &#x2f; 4 SpA &#x2f; 36 SpD  <br \/>Bold Nature  <br \/>IVs: 0 Atk  <br \/>- Shore Up  <br \/>- Shadow Ball  <br \/>- Earth Power  <br \/>- Stealth Rock  <br \/><br \/>Silvally (Silvally-Dragon) @ Choice Specs  <br \/>Ability: Dragon&apos;s Maw  <br \/>EVs: 252 SpA &#x2f; 4 SpD &#x2f; 252 Spe  <br \/>Timid Nature  <br \/>- Draco Meteor  <br \/>- Flamethrower  <br \/>- U-turn  <br \/>- Flash Cannon  <br \/><br \/>Aromatisse @ Leftovers  <br \/>Ability: Dauntless Shield  <br \/>EVs: 252 HP &#x2f; 252 Def &#x2f; 4 SpA  <br \/>Bold Nature  <br \/>IVs: 0 Atk  <br \/>- Calm Mind  <br \/>- Moonblast  <br \/>- Wish  <br \/>- Protect  <br \/><br \/>Throh (M) @ Leftovers  <br \/>Ability: Regenerator  <br \/>EVs: 252 HP &#x2f; 252 Def &#x2f; 4 SpD  <br \/>Impish Nature  <br \/>- Circle Throw  <br \/>- Toxic  <br \/>- Knock Off  <br \/>- Stone Edge  <br \/><br \/><\/details><\/div>\n|inactive|placuszek has 120 seconds left.\n|c|\u2606placuszek|specs dragvally on stall\n|c|\u2606placuszek|sure ig\n|c|\u2606Faygos|LOL\n|c|\u2606Faygos|flame oaklies not me\n|inactive|placuszek has 90 seconds left.\n|c|\u2606placuszek|!code\n|c|\u2606placuszek|\/raw <div class=\"infobox\"><details class=\"readmore code\" style=\"white-space: pre-wrap; display: table; tab-size: 3\"><summary>Ho-Oh @ Life Orb  <br \/>Ability: Magic Guard  <br \/>EVs: 252 HP &#x2f; 252 Atk  <\/summary>Adamant Nature  <br \/>- Brave Bird  <br \/>- Sacred Fire  <br \/>- Roost  <br \/>- Toxic  <br \/><br \/>Aromatisse @ Leftovers  <br \/>Ability: Dauntless Shield  <br \/>EVs: 252 HP &#x2f; 252 Def &#x2f; 4 SpA  <br \/>Bold Nature  <br \/>IVs: 0 Atk  <br \/>- Moonblast  <br \/>- Calm Mind  <br \/>- Protect  <br \/>- Wish  <br \/><br \/>Throh (M) @ Leftovers  <br \/>Ability: Unaware  <br \/>EVs: 252 HP &#x2f; 252 Atk &#x2f; 4 SpD  <br \/>Adamant Nature  <br \/>- Knock Off  <br \/>- Bulk Up  <br \/>- Circle Throw  <br \/>- Rest  <br \/><br \/>Palossand @ Leftovers  <br \/>Ability: Magic Bounce  <br \/>EVs: 252 HP &#x2f; 252 SpA &#x2f; 4 SpD  <br \/>Modest Nature  <br \/>IVs: 0 Atk  <br \/>- Stealth Rock  <br \/>- Shore Up  <br \/>- Shadow Ball  <br \/>- Earth Power  <br \/><br \/>Togedemaru @ Rocky Helmet  <br \/>Ability: Regenerator  <br \/>EVs: 252 Atk &#x2f; 4 SpD &#x2f; 252 Spe  <br \/>Jolly Nature  <br \/>- Iron Head  <br \/>- U-turn  <br \/>- Nuzzle  <br \/>- Zing Zap  <br \/><br \/>Silvally-Dragon @ Assault Vest  <br \/>Ability: Regenerator  <br \/>EVs: 252 HP &#x2f; 252 SpD  <br \/>Sassy Nature  <br \/>- U-turn  <br \/>- Draco Meteor  <br \/>- Poison Fang  <br \/>- Thunderbolt<\/details><\/div>\n|c|\u2606Faygos|palosand wins\n|c|\u2606placuszek|thats what i thought this team was\n|\n|t:|1662900813\n|-weather|none\n|switch|p2a: Huge Power|Groudon|100\/100\n|-damage|p2a: Huge Power|94\/100|[from] Stealth Rock\n|move|p1a: Palossand|Earth Power|p2a: Huge Power\n|-crit|p2a: Huge Power\n|-damage|p2a: Huge Power|32\/100\n|\n|-heal|p2a: Huge Power|38\/100|[from] item: Leftovers\n|upkeep\n|turn|27\n|\n|t:|1662900817\n|move|p2a: Huge Power|Toxic|p1a: Palossand\n|-status|p1a: Palossand|tox\n|move|p1a: Palossand|Earth Power|p2a: Huge Power\n|-crit|p2a: Huge Power\n|-damage|p2a: Huge Power|0 fnt\n|faint|p2a: Huge Power\n|\n|-damage|p1a: Palossand|94\/100 tox|[from] psn\n|upkeep\n|\n|t:|1662900821\n|switch|p2a: Betrayal|Golisopod, F|100\/100 par\n|turn|28\n|\n|t:|1662900824\n|move|p1a: Palossand|Shadow Ball|p2a: Betrayal\n|-damage|p2a: Betrayal|70\/100 par\n|move|p2a: Betrayal|Knock Off|p1a: Palossand\n|-supereffective|p1a: Palossand\n|-crit|p1a: Palossand\n|-damage|p1a: Palossand|47\/100 tox\n|-damage|p2a: Betrayal|53\/100 par|[from] item: Rocky Helmet|[of] p1a: Palossand\n|-enditem|p1a: Palossand|Rocky Helmet|[from] move: Knock Off|[of] p2a: Betrayal\n|\n|-damage|p1a: Palossand|35\/100 tox|[from] psn\n|upkeep\n|turn|29\n|\n|t:|1662900827\n|move|p1a: Palossand|Shadow Ball|p2a: Betrayal\n|-damage|p2a: Betrayal|18\/100 par\n|move|p2a: Betrayal|Knock Off|p1a: Palossand\n|-supereffective|p1a: Palossand\n|-damage|p1a: Palossand|14\/100 tox\n|\n|-damage|p1a: Palossand|0 fnt|[from] psn\n|faint|p1a: Palossand\n|\n|win|placuszek\n|upkeep\n|n|\u2606Faygos|faygos\n|n|\u2606placuszek|placuszek\n","uploadtime":1662900828,"views":9,"p1id":"faygos","p2id":"placuszek","formatid":"gen8almostanyability","rating":0,"private":0,"password":null}