{"id":"gen8ou-1694160266","p1":"Kwaga","p2":"gay_curse69","format":"gen8ou","log":"|html|<div class=\"broadcast-blue\"><strong>[Gen 8] OU is currently suspecting Melmetal! For information on how to participate check out the <a href=\"https:\/\/www.smogon.com\/forums\/threads\/np-ss-ou-suspect-process-round-12-monster-mash.3709234\/\">suspect thread<\/a>.<\/strong><\/div>\n|j|\u2606Kwaga\n|j|\u2606gay_curse69\n|t:|1666670317\n|gametype|singles\n|player|p1|Kwaga|brock-gen1rb|1627\n|player|p2|gay_curse69|psychic|1614\n|teamsize|p1|6\n|teamsize|p2|6\n|gen|8\n|tier|[Gen 8] OU\n|rated|\n|rule|Sleep Clause Mod: Limit one foe put to sleep\n|rule|Species Clause: Limit one of each Pok\u00e9mon\n|rule|OHKO Clause: OHKO moves are banned\n|rule|Evasion Items Clause: Evasion items are banned\n|rule|Evasion Moves Clause: Evasion moves are banned\n|rule|Endless Battle Clause: Forcing endless battles is banned\n|rule|HP Percentage Mod: HP is shown in percentages\n|rule|Dynamax Clause: You cannot dynamax\n|clearpoke\n|poke|p1|Weavile, M|\n|poke|p1|Buzzwole|\n|poke|p1|Tapu Koko|\n|poke|p1|Slowking, M|\n|poke|p1|Ferrothorn, M|\n|poke|p1|Landorus-Therian, M|\n|poke|p2|Tyranitar, M|\n|poke|p2|Ribombee, M|\n|poke|p2|Buzzwole|\n|poke|p2|Kartana|\n|poke|p2|Landorus-Therian, M|\n|poke|p2|Aegislash, M|\n|teampreview\n|inactive|Battle timer is ON: inactive players will automatically lose when time's up. (requested by gay_curse69)\n|\n|t:|1666670331\n|start\n|switch|p1a: Weavile|Weavile, M|100\/100\n|switch|p2a: Bombit|Ribombee, M|100\/100\n|-ability|p1a: Weavile|Pressure\n|turn|1\n|\n|t:|1666670336\n|move|p1a: Weavile|Triple Axel|p2a: Bombit\n|-damage|p2a: Bombit|67\/100\n|-damage|p2a: Bombit|2\/100\n|-crit|p2a: Bombit\n|-damage|p2a: Bombit|0 fnt\n|faint|p2a: Bombit\n|-hitcount|p2: Bombit|3\n|\n|upkeep\n|\n|t:|1666670359\n|switch|p2a: Captain Gnash|Kartana|100\/100\n|turn|2\n|\n|t:|1666670363\n|switch|p1a: Ferrothorn|Ferrothorn, M|100\/100\n|move|p2a: Captain Gnash|Swords Dance|p2a: Captain Gnash\n|-boost|p2a: Captain Gnash|atk|2\n|\n|upkeep\n|turn|3\n|\n|t:|1666670366\n|move|p2a: Captain Gnash|Sacred Sword|p1a: Ferrothorn\n|-supereffective|p1a: Ferrothorn\n|-damage|p1a: Ferrothorn|0 fnt\n|-damage|p2a: Captain Gnash|88\/100|[from] ability: Iron Barbs|[of] p1a: Ferrothorn\n|faint|p1a: Ferrothorn\n|-ability|p2a: Captain Gnash|Beast Boost|boost\n|-boost|p2a: Captain Gnash|atk|1\n|\n|upkeep\n|\n|t:|1666670371\n|switch|p1a: Buzzwole|Buzzwole|100\/100\n|turn|4\n|\n|t:|1666670378\n|switch|p2a: O'Hagen|Aegislash, M|100\/100\n|move|p1a: Buzzwole|Close Combat|p2a: O'Hagen\n|-immune|p2a: O'Hagen\n|\n|upkeep\n|turn|5\n|\n|t:|1666670382\n|switch|p1a: Landorus|Landorus-Therian, M|100\/100\n|-ability|p1a: Landorus|Intimidate|boost\n|-unboost|p2a: O'Hagen|atk|1\n|move|p2a: O'Hagen|Swords Dance|p2a: O'Hagen\n|-boost|p2a: O'Hagen|atk|2\n|\n|upkeep\n|turn|6\n|\n|t:|1666670388\n|move|p1a: Landorus|Earthquake|p2a: O'Hagen\n|-supereffective|p2a: O'Hagen\n|-damage|p2a: O'Hagen|20\/100\n|-enditem|p2a: O'Hagen|Weakness Policy\n|-boost|p2a: O'Hagen|atk|2|[from] item: Weakness Policy\n|-boost|p2a: O'Hagen|spa|2|[from] item: Weakness Policy\n|move|p2a: O'Hagen|Swords Dance|p2a: O'Hagen\n|-boost|p2a: O'Hagen|atk|2\n|\n|upkeep\n|turn|7\n|\n|t:|1666670392\n|-formechange|p2a: O'Hagen|Aegislash-Blade||[from] ability: Stance Change\n|move|p2a: O'Hagen|Shadow Sneak|p1a: Landorus\n|-damage|p1a: Landorus|19\/100\n|move|p1a: Landorus|Earthquake|p2a: O'Hagen\n|-supereffective|p2a: O'Hagen\n|-damage|p2a: O'Hagen|0 fnt\n|faint|p2a: O'Hagen\n|\n|-heal|p1a: Landorus|25\/100|[from] item: Leftovers\n|upkeep\n|\n|t:|1666670399\n|switch|p2a: Captain Gnash|Kartana|88\/100\n|turn|8\n|\n|t:|1666670403\n|switch|p1a: Slowking|Slowking, M|100\/100\n|move|p2a: Captain Gnash|Knock Off|p1a: Slowking\n|-supereffective|p1a: Slowking\n|-damage|p1a: Slowking|0 fnt\n|-enditem|p1a: Slowking|Eject Button|[from] move: Knock Off|[of] p2a: Captain Gnash\n|faint|p1a: Slowking\n|-ability|p2a: Captain Gnash|Beast Boost|boost\n|-boost|p2a: Captain Gnash|atk|1\n|\n|upkeep\n|\n|t:|1666670405\n|switch|p1a: Weavile|Weavile, M|100\/100\n|-ability|p1a: Weavile|Pressure\n|turn|9\n|\n|t:|1666670409\n|move|p1a: Weavile|Triple Axel|p2a: Captain Gnash\n|-damage|p2a: Captain Gnash|70\/100\n|-damage|p2a: Captain Gnash|36\/100\n|-damage|p2a: Captain Gnash|0 fnt\n|faint|p2a: Captain Gnash\n|-hitcount|p2: Captain Gnash|3\n|\n|upkeep\n|\n|t:|1666670423\n|switch|p2a: Shiesty|Buzzwole|100\/100\n|turn|10\n|\n|t:|1666670429\n|switch|p1a: Landorus|Landorus-Therian, M|25\/100\n|-ability|p1a: Landorus|Intimidate|boost\n|-unboost|p2a: Shiesty|atk|1\n|move|p2a: Shiesty|Close Combat|p1a: Landorus\n|-resisted|p1a: Landorus\n|-damage|p1a: Landorus|0 fnt\n|-unboost|p2a: Shiesty|def|1\n|-unboost|p2a: Shiesty|spd|1\n|faint|p1a: Landorus\n|-ability|p2a: Shiesty|Beast Boost|boost\n|-boost|p2a: Shiesty|atk|1\n|\n|upkeep\n|\n|t:|1666670431\n|switch|p1a: Tapu Koko|Tapu Koko, shiny|100\/100\n|-fieldstart|move: Electric Terrain|[from] ability: Electric Surge|[of] p1a: Tapu Koko\n|turn|11\n|\n|t:|1666670434\n|switch|p2a: Mister Lang|Landorus-Therian, M|100\/100\n|-ability|p2a: Mister Lang|Intimidate|boost\n|-unboost|p1a: Tapu Koko|atk|1\n|move|p1a: Tapu Koko|U-turn|p2a: Mister Lang\n|-resisted|p2a: Mister Lang\n|-damage|p2a: Mister Lang|94\/100\n|\n|t:|1666670436\n|switch|p1a: Buzzwole|Buzzwole|100\/100|[from]move: U-turn\n|\n|-heal|p2a: Mister Lang|99\/100|[from] item: Leftovers\n|upkeep\n|turn|12\n|\n|t:|1666670447\n|move|p1a: Buzzwole|Ice Punch|p2a: Mister Lang\n|-supereffective|p2a: Mister Lang\n|-damage|p2a: Mister Lang|0 fnt\n|faint|p2a: Mister Lang\n|-ability|p1a: Buzzwole|Beast Boost|boost\n|-boost|p1a: Buzzwole|atk|1\n|\n|upkeep\n|\n|t:|1666670451\n|switch|p2a: Shiesty|Buzzwole|100\/100\n|turn|13\n|\n|t:|1666670456\n|move|p1a: Buzzwole|Ice Punch|p2a: Shiesty\n|-damage|p2a: Shiesty|75\/100\n|-status|p2a: Shiesty|frz\n|cant|p2a: Shiesty|frz\n|\n|upkeep\n|turn|14\n|\n|t:|1666670462\n|switch|p1a: Tapu Koko|Tapu Koko, shiny|100\/100\n|cant|p2a: Shiesty|frz\n|\n|upkeep\n|turn|15\n|\n|t:|1666670466\n|switch|p2a: Da Dawg|Tyranitar, M|100\/100\n|-weather|Sandstorm|[from] ability: Sand Stream|[of] p2a: Da Dawg\n|move|p1a: Tapu Koko|Dazzling Gleam|p2a: Da Dawg\n|-supereffective|p2a: Da Dawg\n|-damage|p2a: Da Dawg|59\/100\n|\n|-weather|Sandstorm|[upkeep]\n|-damage|p1a: Tapu Koko|94\/100|[from] Sandstorm\n|-fieldend|move: Electric Terrain\n|upkeep\n|turn|16\n|\n|t:|1666670471\n|move|p1a: Tapu Koko|U-turn|p2a: Da Dawg\n|-supereffective|p2a: Da Dawg\n|-damage|p2a: Da Dawg|28\/100\n|\n|t:|1666670473\n|switch|p1a: Buzzwole|Buzzwole|100\/100|[from]move: U-turn\n|move|p2a: Da Dawg|Fire Punch|p1a: Buzzwole\n|-supereffective|p1a: Buzzwole\n|-damage|p1a: Buzzwole|36\/100\n|\n|-weather|Sandstorm|[upkeep]\n|-damage|p1a: Buzzwole|30\/100|[from] Sandstorm\n|upkeep\n|turn|17\n|\n|t:|1666670476\n|move|p1a: Buzzwole|Earthquake|p2a: Da Dawg\n|-supereffective|p2a: Da Dawg\n|-crit|p2a: Da Dawg\n|-damage|p2a: Da Dawg|0 fnt\n|faint|p2a: Da Dawg\n|-ability|p1a: Buzzwole|Beast Boost|boost\n|-boost|p1a: Buzzwole|atk|1\n|\n|-weather|Sandstorm|[upkeep]\n|-damage|p1a: Buzzwole|23\/100|[from] Sandstorm\n|upkeep\n|\n|t:|1666670478\n|switch|p2a: Shiesty|Buzzwole|75\/100 frz\n|turn|18\n|\n|t:|1666670481\n|move|p1a: Buzzwole|Ice Punch|p2a: Shiesty\n|-damage|p2a: Shiesty|50\/100 frz\n|cant|p2a: Shiesty|frz\n|\n|-weather|Sandstorm|[upkeep]\n|-damage|p1a: Buzzwole|17\/100|[from] Sandstorm\n|-damage|p2a: Shiesty|44\/100 frz|[from] Sandstorm\n|upkeep\n|turn|19\n|-message|gay_curse69 forfeited.\n|\n|win|Kwaga\n|raw|Kwaga's rating: 1627 &rarr; <strong>1646<\/strong><br \/>(+19 for winning)\n|raw|gay_curse69's rating: 1614 &rarr; <strong>1595<\/strong><br \/>(-19 for losing)\n|l|\u2606gay_curse69\n","uploadtime":1666670486,"views":4,"p1id":"kwaga","p2id":"gaycurse69","formatid":"gen8ou","rating":1595,"private":0,"password":null}