{"id":"gen8ou-1172543754","p1":"relic stone","p2":"LT72MS Lyster","format":"gen8ou","log":"|raw|<div class=\"broadcast-blue\"><strong>This battle is required to be public due to a player having a name prefixed by 'LT72MS'.<\/div>\n|j|\u2606relic stone\n|j|\u2606LT72MS Lyster\n|t:|1597976081\n|player|p1|relic stone|lusamine-nihilego|1890\n|player|p2|LT72MS Lyster|parasollady-gen3|1887\n|teamsize|p1|6\n|teamsize|p2|6\n|gametype|singles\n|gen|8\n|tier|[Gen 8] OU\n|rated|\n|clearpoke\n|poke|p1|Clefable, M|\n|poke|p1|Slowbro-Galar, M|\n|poke|p1|Rotom-Heat|\n|poke|p1|Gastrodon, M|\n|poke|p1|Aegislash, M|\n|poke|p1|Mandibuzz, F|\n|poke|p2|Excadrill, M|\n|poke|p2|Rillaboom, M|\n|poke|p2|Volcarona, M|\n|poke|p2|Urshifu-*, M|\n|poke|p2|Toxtricity, M|\n|poke|p2|Primarina, M|\n|rule|Sleep Clause Mod: Limit one foe put to sleep\n|rule|Species Clause: Limit one of each Pok\u00e9mon\n|rule|OHKO Clause: OHKO moves are banned\n|rule|Evasion Moves Clause: Evasion moves are banned\n|rule|Endless Battle Clause: Forcing endless battles is banned\n|rule|HP Percentage Mod: HP is shown in percentages\n|rule|Dynamax Clause: You cannot dynamax\n|teampreview\n|c|\u2606relic stone|hf!\n|j| eee err\n|c|\u2606LT72MS Lyster|Hf\n|\n|t:|1597976102\n|start\n|switch|p1a: Achilles|Aegislash, M|100\/100\n|switch|p2a: Impaler|Excadrill, M, shiny|100\/100\n|-ability|p2a: Impaler|Mold Breaker\n|turn|1\n|\n|t:|1597976108\n|move|p2a: Impaler|Earthquake|p1a: Achilles\n|-supereffective|p1a: Achilles\n|-damage|p1a: Achilles|11\/100\n|-formechange|p1a: Achilles|Aegislash-Blade||[from] ability: Stance Change\n|move|p1a: Achilles|Close Combat|p2a: Impaler\n|-supereffective|p2a: Impaler\n|-damage|p2a: Impaler|0 fnt\n|-unboost|p1a: Achilles|def|1\n|-unboost|p1a: Achilles|spd|1\n|faint|p2a: Impaler\n|\n|upkeep\n|\n|t:|1597976130\n|switch|p2a: Toxtricity|Toxtricity, M|100\/100\n|turn|2\n|\n|t:|1597976136\n|switch|p1a: Poseidon|Gastrodon, M, shiny|100\/100\n|move|p2a: Toxtricity|Overdrive|p1a: Poseidon\n|-immune|p1a: Poseidon\n|\n|upkeep\n|turn|3\n|\n|t:|1597976143\n|switch|p2a: Primarina|Primarina, M|100\/100\n|move|p1a: Poseidon|Earth Power|p2a: Primarina\n|-damage|p2a: Primarina|77\/100\n|\n|-heal|p2a: Primarina|83\/100|[from] item: Leftovers\n|upkeep\n|turn|4\n|\n|t:|1597976148\n|switch|p1a: Jabba|Slowbro-Galar, M|100\/100\n|move|p2a: Primarina|Substitute|p2a: Primarina\n|-start|p2a: Primarina|Substitute\n|-damage|p2a: Primarina|59\/100\n|\n|-heal|p2a: Primarina|65\/100|[from] item: Leftovers\n|upkeep\n|turn|5\n|\n|t:|1597976155\n|move|p2a: Primarina|Scald|p1a: Jabba\n|-damage|p1a: Jabba|61\/100\n|move|p1a: Jabba|Shell Side Arm|p2a: Primarina\n|-supereffective|p2a: Primarina\n|-end|p2a: Primarina|Substitute\n|-hint|Special Shell Side Arm\n|\n|-heal|p2a: Primarina|71\/100|[from] item: Leftovers\n|upkeep\n|turn|6\n|\n|t:|1597976167\n|switch|p2a: Toxtricity|Toxtricity, M|100\/100\n|move|p1a: Jabba|Shell Side Arm|p2a: Toxtricity\n|-resisted|p2a: Toxtricity\n|-damage|p2a: Toxtricity|69\/100\n|-hint|Special Shell Side Arm\n|\n|upkeep\n|turn|7\n|j| TheDarkSwirl\n|\n|t:|1597976179\n|switch|p1a: Achilles|Aegislash, M|11\/100\n|move|p2a: Toxtricity|Boomburst|p1a: Achilles\n|-immune|p1a: Achilles\n|\n|upkeep\n|turn|8\n|l| eee err\n|\n|t:|1597976187\n|move|p2a: Toxtricity|Overdrive|p1a: Achilles\n|-damage|p1a: Achilles|0 fnt\n|-damage|p2a: Toxtricity|59\/100|[from] item: Life Orb\n|faint|p1a: Achilles\n|\n|upkeep\n|\n|t:|1597976191\n|switch|p1a: Poseidon|Gastrodon, M, shiny|100\/100\n|turn|9\n|\n|t:|1597976199\n|move|p2a: Toxtricity|Boomburst|p1a: Poseidon\n|-damage|p1a: Poseidon|51\/100\n|-damage|p2a: Toxtricity|49\/100|[from] item: Life Orb\n|move|p1a: Poseidon|Earth Power|p2a: Toxtricity\n|-supereffective|p2a: Toxtricity\n|-damage|p2a: Toxtricity|0 fnt\n|faint|p2a: Toxtricity\n|\n|-heal|p1a: Poseidon|57\/100|[from] item: Leftovers\n|upkeep\n|\n|t:|1597976223\n|switch|p2a: Amaterasu|Volcarona, M, shiny|100\/100\n|turn|10\n|\n|t:|1597976228\n|switch|p1a: Phantom|Rotom-Heat, shiny|100\/100\n|move|p2a: Amaterasu|Safeguard|p2a: Amaterasu\n|-sidestart|p2: LT72MS Lyster|Safeguard\n|\n|upkeep\n|turn|11\n|\n|t:|1597976232\n|move|p2a: Amaterasu|Quiver Dance|p2a: Amaterasu\n|-boost|p2a: Amaterasu|spa|1\n|-boost|p2a: Amaterasu|spd|1\n|-boost|p2a: Amaterasu|spe|1\n|move|p1a: Phantom|Nasty Plot|p1a: Phantom\n|-boost|p1a: Phantom|spa|2\n|\n|upkeep\n|turn|12\n|\n|t:|1597976235\n|move|p2a: Amaterasu|Quiver Dance|p2a: Amaterasu\n|-boost|p2a: Amaterasu|spa|1\n|-boost|p2a: Amaterasu|spd|1\n|-boost|p2a: Amaterasu|spe|1\n|move|p1a: Phantom|Nasty Plot|p1a: Phantom\n|-boost|p1a: Phantom|spa|2\n|\n|upkeep\n|turn|13\n|\n|t:|1597976239\n|move|p2a: Amaterasu|Quiver Dance|p2a: Amaterasu\n|-boost|p2a: Amaterasu|spa|1\n|-boost|p2a: Amaterasu|spd|1\n|-boost|p2a: Amaterasu|spe|1\n|move|p1a: Phantom|Nasty Plot|p1a: Phantom\n|-boost|p1a: Phantom|spa|2\n|\n|upkeep\n|turn|14\n|\n|t:|1597976245\n|move|p2a: Amaterasu|Quiver Dance|p2a: Amaterasu\n|-boost|p2a: Amaterasu|spa|1\n|-boost|p2a: Amaterasu|spd|1\n|-boost|p2a: Amaterasu|spe|1\n|move|p1a: Phantom|Overheat|p2a: Amaterasu\n|-damage|p2a: Amaterasu|48\/100\n|-unboost|p1a: Phantom|spa|2\n|\n|-sideend|p2: LT72MS Lyster|Safeguard\n|upkeep\n|turn|15\n|\n|t:|1597976250\n|move|p2a: Amaterasu|Roost|p2a: Amaterasu\n|-heal|p2a: Amaterasu|98\/100\n|-singleturn|p2a: Amaterasu|move: Roost\n|move|p1a: Phantom|Volt Switch|p2a: Amaterasu\n|-damage|p2a: Amaterasu|79\/100\n|\n|t:|1597976252\n|switch|p1a: Poseidon|Gastrodon, M, shiny|57\/100|[from]move: Volt Switch\n|\n|-heal|p1a: Poseidon|63\/100|[from] item: Leftovers\n|upkeep\n|turn|16\n|\n|t:|1597976255\n|move|p2a: Amaterasu|Flamethrower|p1a: Poseidon\n|-resisted|p1a: Poseidon\n|-damage|p1a: Poseidon|24\/100\n|move|p1a: Poseidon|Clear Smog|p2a: Amaterasu\n|-damage|p2a: Amaterasu|76\/100\n|-clearboost|p2a: Amaterasu\n|\n|-heal|p1a: Poseidon|30\/100|[from] item: Leftovers\n|upkeep\n|turn|17\n|\n|t:|1597976262\n|switch|p2a: Primarina|Primarina, M|71\/100\n|move|p1a: Poseidon|Recover|p1a: Poseidon\n|-heal|p1a: Poseidon|80\/100\n|\n|-heal|p2a: Primarina|77\/100|[from] item: Leftovers\n|-heal|p1a: Poseidon|86\/100|[from] item: Leftovers\n|upkeep\n|turn|18\n|\n|t:|1597976267\n|switch|p1a: Jabba|Slowbro-Galar, M|61\/100\n|move|p2a: Primarina|Substitute|p2a: Primarina\n|-start|p2a: Primarina|Substitute\n|-damage|p2a: Primarina|52\/100\n|\n|-heal|p2a: Primarina|58\/100|[from] item: Leftovers\n|upkeep\n|turn|19\n|\n|t:|1597976270\n|move|p2a: Primarina|Scald|p1a: Jabba\n|-damage|p1a: Jabba|22\/100\n|-status|p1a: Jabba|brn\n|move|p1a: Jabba|Shell Side Arm|p2a: Primarina\n|-supereffective|p2a: Primarina\n|-crit|p2a: Primarina\n|-end|p2a: Primarina|Substitute\n|-hint|Special Shell Side Arm\n|\n|-heal|p2a: Primarina|64\/100|[from] item: Leftovers\n|-damage|p1a: Jabba|15\/100 brn|[from] brn\n|upkeep\n|turn|20\n|-activate|p1a: Jabba|ability: Quick Draw\n|\n|t:|1597976276\n|move|p1a: Jabba|Shell Side Arm|p2a: Primarina\n|-supereffective|p2a: Primarina\n|-damage|p2a: Primarina|0 fnt\n|-hint|Special Shell Side Arm\n|faint|p2a: Primarina\n|\n|-damage|p1a: Jabba|9\/100 brn|[from] brn\n|upkeep\n|\n|t:|1597976285\n|switch|p2a: Amaterasu|Volcarona, M, shiny|76\/100\n|turn|21\n|-activate|p1a: Jabba|ability: Quick Draw\n|\n|t:|1597976292\n|move|p1a: Jabba|Shell Side Arm|p2a: Amaterasu\n|-damage|p2a: Amaterasu|43\/100\n|-hint|Special Shell Side Arm\n|move|p2a: Amaterasu|Flamethrower|p1a: Jabba\n|-damage|p1a: Jabba|0 fnt\n|faint|p1a: Jabba\n|\n|upkeep\n|\n|t:|1597976304\n|switch|p1a: Phantom|Rotom-Heat, shiny|100\/100\n|turn|22\n|\n|t:|1597976312\n|move|p2a: Amaterasu|Roost|p2a: Amaterasu\n|-heal|p2a: Amaterasu|93\/100\n|-singleturn|p2a: Amaterasu|move: Roost\n|move|p1a: Phantom|Nasty Plot|p1a: Phantom\n|-boost|p1a: Phantom|spa|2\n|\n|upkeep\n|turn|23\n|\n|t:|1597976319\n|move|p2a: Amaterasu|Quiver Dance|p2a: Amaterasu\n|-boost|p2a: Amaterasu|spa|1\n|-boost|p2a: Amaterasu|spd|1\n|-boost|p2a: Amaterasu|spe|1\n|move|p1a: Phantom|Nasty Plot|p1a: Phantom\n|-boost|p1a: Phantom|spa|2\n|\n|upkeep\n|turn|24\n|\n|t:|1597976325\n|move|p2a: Amaterasu|Quiver Dance|p2a: Amaterasu\n|-boost|p2a: Amaterasu|spa|1\n|-boost|p2a: Amaterasu|spd|1\n|-boost|p2a: Amaterasu|spe|1\n|move|p1a: Phantom|Nasty Plot|p1a: Phantom\n|-boost|p1a: Phantom|spa|2\n|\n|upkeep\n|turn|25\n|\n|t:|1597976330\n|move|p2a: Amaterasu|Quiver Dance|p2a: Amaterasu\n|-boost|p2a: Amaterasu|spa|1\n|-boost|p2a: Amaterasu|spd|1\n|-boost|p2a: Amaterasu|spe|1\n|move|p1a: Phantom|Overheat|p2a: Amaterasu\n|-damage|p2a: Amaterasu|33\/100\n|-unboost|p1a: Phantom|spa|2\n|\n|upkeep\n|turn|26\n|\n|t:|1597976336\n|move|p2a: Amaterasu|Roost|p2a: Amaterasu\n|-heal|p2a: Amaterasu|83\/100\n|-singleturn|p2a: Amaterasu|move: Roost\n|move|p1a: Phantom|Volt Switch|p2a: Amaterasu\n|-damage|p2a: Amaterasu|56\/100\n|\n|t:|1597976339\n|switch|p1a: Poseidon|Gastrodon, M, shiny|86\/100|[from]move: Volt Switch\n|\n|-heal|p1a: Poseidon|92\/100|[from] item: Leftovers\n|upkeep\n|turn|27\n|\n|t:|1597976345\n|move|p2a: Amaterasu|Flamethrower|p1a: Poseidon\n|-resisted|p1a: Poseidon\n|-damage|p1a: Poseidon|58\/100\n|move|p1a: Poseidon|Clear Smog|p2a: Amaterasu\n|-damage|p2a: Amaterasu|52\/100\n|-clearboost|p2a: Amaterasu\n|\n|-heal|p1a: Poseidon|64\/100|[from] item: Leftovers\n|upkeep\n|turn|28\n|\n|t:|1597976351\n|move|p2a: Amaterasu|Roost|p2a: Amaterasu\n|-heal|p2a: Amaterasu|100\/100\n|-singleturn|p2a: Amaterasu|move: Roost\n|move|p1a: Poseidon|Toxic|p2a: Amaterasu\n|-status|p2a: Amaterasu|tox\n|\n|-heal|p1a: Poseidon|70\/100|[from] item: Leftovers\n|-damage|p2a: Amaterasu|94\/100 tox|[from] psn\n|upkeep\n|turn|29\n|\n|t:|1597976362\n|switch|p2a: Tama Tonga|Rillaboom, M|100\/100\n|-fieldstart|move: Grassy Terrain|[from] ability: Grassy Surge|[of] p2a: Tama Tonga\n|move|p1a: Poseidon|Toxic|p2a: Tama Tonga|[miss]\n|-miss|p1a: Poseidon|p2a: Tama Tonga\n|\n|-heal|p1a: Poseidon|76\/100|[from] item: Leftovers\n|-heal|p1a: Poseidon|82\/100|[from] Grassy Terrain\n|upkeep\n|turn|30\n|\n|t:|1597976370\n|switch|p1a: Yami|Mandibuzz, F, shiny|100\/100\n|move|p2a: Tama Tonga|Swords Dance|p2a: Tama Tonga\n|-boost|p2a: Tama Tonga|atk|2\n|\n|upkeep\n|turn|31\n|\n|t:|1597976375\n|move|p2a: Tama Tonga|Superpower|p1a: Yami\n|-damage|p1a: Yami|23\/100\n|-unboost|p2a: Tama Tonga|atk|1\n|-unboost|p2a: Tama Tonga|def|1\n|-damage|p2a: Tama Tonga|91\/100|[from] item: Life Orb\n|move|p1a: Yami|Foul Play|p2a: Tama Tonga\n|-damage|p2a: Tama Tonga|0 fnt\n|faint|p2a: Tama Tonga\n|\n|upkeep\n|\n|t:|1597976380\n|switch|p2a: Silhouette|Urshifu, M|100\/100\n|turn|32\n|\n|t:|1597976384\n|move|p2a: Silhouette|Bulk Up|p2a: Silhouette\n|-boost|p2a: Silhouette|atk|1\n|-boost|p2a: Silhouette|def|1\n|move|p1a: Yami|Toxic|p2a: Silhouette\n|-status|p2a: Silhouette|tox\n|\n|-damage|p2a: Silhouette|94\/100 tox|[from] psn\n|upkeep\n|turn|33\n|\n|t:|1597976391\n|move|p2a: Silhouette|Wicked Blow|p1a: Yami\n|-resisted|p1a: Yami\n|-crit|p1a: Yami\n|-damage|p1a: Yami|0 fnt\n|-damage|p2a: Silhouette|84\/100 tox|[from] item: Life Orb\n|faint|p1a: Yami\n|\n|-heal|p2a: Silhouette|91\/100 tox|[from] Grassy Terrain\n|-fieldend|move: Grassy Terrain\n|-damage|p2a: Silhouette|78\/100 tox|[from] psn\n|upkeep\n|\n|t:|1597976394\n|switch|p1a: Crescent|Clefable, M, shiny|100\/100\n|turn|34\n|\n|t:|1597976404\n|move|p2a: Silhouette|Poison Jab|p1a: Crescent\n|-supereffective|p1a: Crescent\n|-damage|p1a: Crescent|22\/100\n|-damage|p2a: Silhouette|68\/100 tox|[from] item: Life Orb\n|move|p1a: Crescent|Moonblast|p2a: Silhouette\n|-supereffective|p2a: Silhouette\n|-damage|p2a: Silhouette|0 fnt\n|faint|p2a: Silhouette\n|\n|-heal|p1a: Crescent|28\/100|[from] item: Leftovers\n|upkeep\n|-message|LT72MS Lyster forfeited.\n|\n|win|relic stone\n|l|\u2606LT72MS Lyster\n","uploadtime":1597976412,"views":153,"p1id":"relicstone","p2id":"lt72mslyster","formatid":"gen8ou","rating":0,"private":0,"password":null}