{"id":"gen8ou-1593009811","p1":"mlxgzhc","p2":"fishy8995","format":"gen8ou","log":"|j|\u2606mlxgzhc\n|j|\u2606fishy8995\n|t:|1654824058\n|gametype|singles\n|player|p1|mlxgzhc|blue|1585\n|player|p2|fishy8995|170|1709\n|teamsize|p1|6\n|teamsize|p2|6\n|gen|8\n|tier|[Gen 8] OU\n|rated|\n|rule|Sleep Clause Mod: Limit one foe put to sleep\n|rule|Species Clause: Limit one of each Pok\u00e9mon\n|rule|OHKO Clause: OHKO moves are banned\n|rule|Evasion Moves Clause: Evasion moves are banned\n|rule|Endless Battle Clause: Forcing endless battles is banned\n|rule|HP Percentage Mod: HP is shown in percentages\n|rule|Dynamax Clause: You cannot dynamax\n|clearpoke\n|poke|p1|Landorus-Therian, M|\n|poke|p1|Corviknight, M|\n|poke|p1|Ninetales-Alola, M|\n|poke|p1|Tornadus-Therian, M|\n|poke|p1|Volcanion|\n|poke|p1|Arctozolt|\n|poke|p2|Hippowdon, M|\n|poke|p2|Tyranitar, M|\n|poke|p2|Excadrill, F|\n|poke|p2|Rotom-Heat|\n|poke|p2|Toxapex, F|\n|poke|p2|Dracozolt|\n|teampreview\n|\n|t:|1654824068\n|start\n|switch|p1a: Volcanion|Volcanion|100\/100\n|switch|p2a: Tyranitar|Tyranitar, M|100\/100\n|-weather|Sandstorm|[from] ability: Sand Stream|[of] p2a: Tyranitar\n|turn|1\n|\n|t:|1654824074\n|move|p1a: Volcanion|Steam Eruption|p2a: Tyranitar\n|-supereffective|p2a: Tyranitar\n|-damage|p2a: Tyranitar|2\/100\n|-status|p2a: Tyranitar|brn\n|move|p2a: Tyranitar|Thunderbolt|p1a: Volcanion\n|-supereffective|p1a: Volcanion\n|-damage|p1a: Volcanion|25\/100\n|\n|-weather|Sandstorm|[upkeep]\n|-damage|p1a: Volcanion|19\/100|[from] Sandstorm\n|-damage|p2a: Tyranitar|0 fnt|[from] brn\n|faint|p2a: Tyranitar\n|upkeep\n|\n|t:|1654824080\n|switch|p2a: Excadrill|Excadrill, F, shiny|100\/100\n|turn|2\n|\n|t:|1654824086\n|switch|p1a: Landorus|Landorus-Therian, M|100\/100\n|-ability|p1a: Landorus|Intimidate|boost\n|-unboost|p2a: Excadrill|atk|1\n|move|p2a: Excadrill|Swords Dance|p2a: Excadrill\n|-boost|p2a: Excadrill|atk|2\n|\n|-weather|Sandstorm|[upkeep]\n|upkeep\n|turn|3\n|\n|t:|1654824088\n|move|p2a: Excadrill|Iron Head|p1a: Landorus\n|-damage|p1a: Landorus|31\/100\n|move|p1a: Landorus|Earthquake|p2a: Excadrill\n|-supereffective|p2a: Excadrill\n|-enditem|p2a: Excadrill|Focus Sash\n|-damage|p2a: Excadrill|1\/100\n|\n|-weather|Sandstorm|[upkeep]\n|-heal|p1a: Landorus|37\/100|[from] item: Leftovers\n|upkeep\n|turn|4\n|\n|t:|1654824093\n|switch|p1a: Corviknight|Corviknight, M|100\/100\n|-ability|p1a: Corviknight|Pressure\n|move|p2a: Excadrill|Rock Slide|p1a: Corviknight|[miss]\n|-miss|p2a: Excadrill|p1a: Corviknight\n|\n|-weather|Sandstorm|[upkeep]\n|upkeep\n|turn|5\n|\n|t:|1654824097\n|switch|p2a: Hippowdon|Hippowdon, M|100\/100\n|move|p1a: Corviknight|U-turn|p2a: Hippowdon\n|-damage|p2a: Hippowdon|94\/100\n|\n|t:|1654824103\n|switch|p1a: Volcanion|Volcanion|19\/100|[from]move: U-turn\n|\n|-weather|none\n|upkeep\n|turn|6\n|\n|t:|1654824106\n|switch|p2a: Rotom|Rotom-Heat|100\/100\n|move|p1a: Volcanion|Steam Eruption|p2a: Rotom\n|-supereffective|p2a: Rotom\n|-damage|p2a: Rotom|0 fnt\n|faint|p2a: Rotom\n|\n|upkeep\n|\n|t:|1654824114\n|switch|p2a: Excadrill|Excadrill, F, shiny|1\/100\n|turn|7\n|\n|t:|1654824121\n|switch|p1a: Corviknight|Corviknight, M|100\/100\n|-ability|p1a: Corviknight|Pressure\n|move|p2a: Excadrill|Iron Head|p1a: Corviknight\n|-resisted|p1a: Corviknight\n|-damage|p1a: Corviknight|87\/100\n|-damage|p2a: Excadrill|0 fnt|[from] item: Rocky Helmet|[of] p1a: Corviknight\n|faint|p2a: Excadrill\n|\n|upkeep\n|\n|t:|1654824125\n|switch|p2a: Hippowdon|Hippowdon, M|94\/100\n|-weather|Sandstorm|[from] ability: Sand Stream|[of] p2a: Hippowdon\n|turn|8\n|\n|t:|1654824130\n|move|p1a: Corviknight|Body Press|p2a: Hippowdon\n|-damage|p2a: Hippowdon|80\/100\n|move|p2a: Hippowdon|Stealth Rock|p1a: Corviknight\n|-sidestart|p1: mlxgzhc|move: Stealth Rock\n|\n|-weather|Sandstorm|[upkeep]\n|upkeep\n|turn|9\n|\n|t:|1654824134\n|move|p1a: Corviknight|Defog|p2a: Hippowdon\n|-unboost|p2a: Hippowdon|evasion|1\n|-sideend|p1: mlxgzhc|Stealth Rock|[from] move: Defog|[of] p1a: Corviknight\n|move|p2a: Hippowdon|Stealth Rock|p1a: Corviknight\n|-sidestart|p1: mlxgzhc|move: Stealth Rock\n|\n|-weather|Sandstorm|[upkeep]\n|upkeep\n|turn|10\n|\n|t:|1654824137\n|move|p1a: Corviknight|Defog|p2a: Hippowdon\n|-unboost|p2a: Hippowdon|evasion|1\n|-sideend|p1: mlxgzhc|Stealth Rock|[from] move: Defog|[of] p1a: Corviknight\n|move|p2a: Hippowdon|Stealth Rock|p1a: Corviknight\n|-sidestart|p1: mlxgzhc|move: Stealth Rock\n|\n|-weather|Sandstorm|[upkeep]\n|upkeep\n|turn|11\n|\n|t:|1654824139\n|move|p1a: Corviknight|Defog|p2a: Hippowdon\n|-unboost|p2a: Hippowdon|evasion|1\n|-sideend|p1: mlxgzhc|Stealth Rock|[from] move: Defog|[of] p1a: Corviknight\n|move|p2a: Hippowdon|Stealth Rock|p1a: Corviknight\n|-sidestart|p1: mlxgzhc|move: Stealth Rock\n|\n|-weather|Sandstorm|[upkeep]\n|upkeep\n|turn|12\n|\n|t:|1654824142\n|move|p1a: Corviknight|Defog|p2a: Hippowdon\n|-unboost|p2a: Hippowdon|evasion|1\n|-sideend|p1: mlxgzhc|Stealth Rock|[from] move: Defog|[of] p1a: Corviknight\n|move|p2a: Hippowdon|Stealth Rock|p1a: Corviknight\n|-sidestart|p1: mlxgzhc|move: Stealth Rock\n|\n|-weather|Sandstorm|[upkeep]\n|upkeep\n|turn|13\n|\n|t:|1654824145\n|move|p1a: Corviknight|U-turn|p2a: Hippowdon\n|-damage|p2a: Hippowdon|71\/100\n|\n|t:|1654824146\n|switch|p1a: Volcanion|Volcanion|19\/100|[from]move: U-turn\n|-damage|p1a: Volcanion|0 fnt|[from] Stealth Rock\n|faint|p1a: Volcanion\n|move|p2a: Hippowdon|Stealth Rock||[still]\n|-fail|p2a: Hippowdon\n|\n|-weather|Sandstorm|[upkeep]\n|upkeep\n|\n|t:|1654824150\n|switch|p1a: Ninetales|Ninetales-Alola, M|100\/100\n|-damage|p1a: Ninetales|76\/100|[from] Stealth Rock\n|-weather|Hail|[from] ability: Snow Warning|[of] p1a: Ninetales\n|turn|14\n|j| Chiwis Del Norte\n|\n|t:|1654824160\n|switch|p2a: Toxapex|Toxapex, F|100\/100\n|move|p1a: Ninetales|Nasty Plot|p1a: Ninetales\n|-boost|p1a: Ninetales|spa|2\n|\n|-weather|Hail|[upkeep]\n|-damage|p2a: Toxapex|94\/100|[from] Hail\n|-heal|p2a: Toxapex|100\/100|[from] item: Black Sludge\n|upkeep\n|turn|15\n|\n|t:|1654824165\n|switch|p2a: Hippowdon|Hippowdon, M|71\/100\n|-weather|Sandstorm|[from] ability: Sand Stream|[of] p2a: Hippowdon\n|move|p1a: Ninetales|Freeze-Dry|p2a: Hippowdon\n|-supereffective|p2a: Hippowdon\n|-damage|p2a: Hippowdon|0 fnt\n|faint|p2a: Hippowdon\n|\n|-weather|Sandstorm|[upkeep]\n|-damage|p1a: Ninetales|70\/100|[from] Sandstorm\n|upkeep\n|l| Chiwis Del Norte\n|\n|t:|1654824167\n|switch|p2a: Dracozolt|Dracozolt|100\/100\n|turn|16\n|\n|t:|1654824171\n|switch|p1a: Landorus|Landorus-Therian, M|37\/100\n|-damage|p1a: Landorus|25\/100|[from] Stealth Rock\n|-ability|p1a: Landorus|Intimidate|boost\n|-unboost|p2a: Dracozolt|atk|1\n|move|p2a: Dracozolt|Flamethrower|p1a: Landorus\n|-damage|p1a: Landorus|7\/100\n|-damage|p2a: Dracozolt|91\/100|[from] item: Life Orb\n|\n|-weather|Sandstorm|[upkeep]\n|-heal|p1a: Landorus|13\/100|[from] item: Leftovers\n|upkeep\n|turn|17\n|\n|t:|1654824176\n|move|p2a: Dracozolt|Flamethrower|p1a: Landorus\n|-damage|p1a: Landorus|0 fnt\n|faint|p1a: Landorus\n|-damage|p2a: Dracozolt|81\/100|[from] item: Life Orb\n|\n|-weather|Sandstorm|[upkeep]\n|upkeep\n|\n|t:|1654824184\n|switch|p1a: Ninetales|Ninetales-Alola, M|70\/100\n|-damage|p1a: Ninetales|45\/100|[from] Stealth Rock\n|-weather|Hail|[from] ability: Snow Warning|[of] p1a: Ninetales\n|turn|18\n|\n|t:|1654824187\n|move|p1a: Ninetales|Moonblast|p2a: Dracozolt\n|-supereffective|p2a: Dracozolt\n|-damage|p2a: Dracozolt|0 fnt\n|faint|p2a: Dracozolt\n|\n|-weather|Hail|[upkeep]\n|upkeep\n|\n|t:|1654824189\n|switch|p2a: Toxapex|Toxapex, F|100\/100\n|turn|19\n|\n|t:|1654824191\n|move|p1a: Ninetales|Nasty Plot|p1a: Ninetales\n|-boost|p1a: Ninetales|spa|2\n|move|p2a: Toxapex|Stockpile|p2a: Toxapex\n|-start|p2a: Toxapex|stockpile1\n|-boost|p2a: Toxapex|def|1\n|-boost|p2a: Toxapex|spd|1\n|\n|-weather|Hail|[upkeep]\n|-damage|p2a: Toxapex|94\/100|[from] Hail\n|-heal|p2a: Toxapex|100\/100|[from] item: Black Sludge\n|upkeep\n|turn|20\n|\n|t:|1654824198\n|move|p1a: Ninetales|Freeze-Dry|p2a: Toxapex\n|-supereffective|p2a: Toxapex\n|-damage|p2a: Toxapex|43\/100\n|move|p2a: Toxapex|Toxic|p1a: Ninetales\n|-status|p1a: Ninetales|tox\n|\n|-weather|Hail|[upkeep]\n|-damage|p2a: Toxapex|36\/100|[from] Hail\n|-heal|p2a: Toxapex|43\/100|[from] item: Black Sludge\n|-damage|p1a: Ninetales|39\/100 tox|[from] psn\n|upkeep\n|turn|21\n|\n|t:|1654824201\n|move|p1a: Ninetales|Freeze-Dry|p2a: Toxapex\n|-supereffective|p2a: Toxapex\n|-damage|p2a: Toxapex|0 fnt\n|faint|p2a: Toxapex\n|\n|win|mlxgzhc\n|raw|mlxgzhc's rating: 1585 &rarr; <strong>1612<\/strong><br \/>(+27 for winning)\n|raw|fishy8995's rating: 1709 &rarr; <strong>1682<\/strong><br \/>(-27 for losing)\n|l|\u2606fishy8995\n|l|\u2606mlxgzhc\n|j|\u2606mlxgzhc\n|player|p1|mlxgzhc|blue\n||Ladder isn't responding, score probably updated but might not have (Request timeout).\n","uploadtime":1654824252,"views":19,"p1id":"mlxgzhc","p2id":"fishy8995","formatid":"gen8ou","rating":1612,"private":0,"password":null}