{"id":"gen8ou-1698276430","p1":"ninjadouche","p2":"dddjfdw","format":"gen8ou","log":"|j|\u2606ninjadouche\n|j|\u2606dddjfdw\n|t:|1667095420\n|gametype|singles\n|player|p1|ninjadouche|burglar|1460\n|player|p2|dddjfdw|266|1544\n|teamsize|p1|6\n|teamsize|p2|6\n|gen|8\n|tier|[Gen 8] OU\n|rated|\n|rule|Sleep Clause Mod: Limit one foe put to sleep\n|rule|Species Clause: Limit one of each Pok\u00e9mon\n|rule|OHKO Clause: OHKO moves are banned\n|rule|Evasion Items Clause: Evasion items are banned\n|rule|Evasion Moves Clause: Evasion moves are banned\n|rule|Endless Battle Clause: Forcing endless battles is banned\n|rule|HP Percentage Mod: HP is shown in percentages\n|rule|Dynamax Clause: You cannot dynamax\n|clearpoke\n|poke|p1|Marowak-Alola, F|\n|poke|p1|Ninetales, F|\n|poke|p1|Rotom-Wash|\n|poke|p1|Snorlax, F|\n|poke|p1|Shiftry, M|\n|poke|p1|Aggron, M|\n|poke|p2|Urshifu-*, M|\n|poke|p2|Slowbro, F|\n|poke|p2|Landorus-Therian, M|\n|poke|p2|Heatran, M|\n|poke|p2|Rillaboom, F|\n|poke|p2|Zapdos|\n|teampreview\n|inactive|Battle timer is ON: inactive players will automatically lose when time's up. (requested by dddjfdw)\n|\n|t:|1667095439\n|start\n|switch|p1a: Ninetales|Ninetales, F, shiny|100\/100\n|switch|p2a: Landorus|Landorus-Therian, M|100\/100\n|-weather|SunnyDay|[from] ability: Drought|[of] p1a: Ninetales\n|-ability|p2a: Landorus|Intimidate|boost\n|-unboost|p1a: Ninetales|atk|1\n|turn|1\n|\n|t:|1667095449\n|move|p1a: Ninetales|Overheat|p2a: Landorus|[miss]\n|-miss|p1a: Ninetales|p2a: Landorus\n|move|p2a: Landorus|Stealth Rock|p1a: Ninetales\n|-sidestart|p1: ninjadouche|move: Stealth Rock\n|\n|-weather|SunnyDay|[upkeep]\n|upkeep\n|turn|2\n|\n|t:|1667095456\n|switch|p1a: Rotom|Rotom-Wash|100\/100\n|-damage|p1a: Rotom|88\/100|[from] Stealth Rock\n|switch|p2a: Heatran|Heatran, M|100\/100\n|\n|-weather|SunnyDay|[upkeep]\n|-heal|p1a: Rotom|94\/100|[from] item: Leftovers\n|upkeep\n|turn|3\n|\n|t:|1667095460\n|move|p1a: Rotom|Defog|p2a: Heatran\n|-unboost|p2a: Heatran|evasion|1\n|-sideend|p1: ninjadouche|Stealth Rock|[from] move: Defog|[of] p1a: Rotom\n|move|p2a: Heatran|Toxic|p1a: Rotom\n|-status|p1a: Rotom|tox\n|\n|-weather|SunnyDay|[upkeep]\n|-heal|p1a: Rotom|99\/100 tox|[from] item: Leftovers\n|-damage|p1a: Rotom|94\/100 tox|[from] psn\n|upkeep\n|turn|4\n|\n|t:|1667095470\n|move|p1a: Rotom|Volt Switch|p2a: Heatran\n|-damage|p2a: Heatran|84\/100\n|\n|t:|1667095472\n|switch|p1a: Snorlax|Snorlax, F|100\/100|[from]move: Volt Switch\n|move|p2a: Heatran|Magma Storm|p1a: Snorlax\n|-damage|p1a: Snorlax|80\/100\n|-activate|p1a: Snorlax|move: Magma Storm|[of] p2a: Heatran\n|\n|-weather|SunnyDay|[upkeep]\n|-heal|p2a: Heatran|90\/100|[from] item: Leftovers\n|-damage|p1a: Snorlax|68\/100|[from] move: Magma Storm|[partiallytrapped]\n|upkeep\n|turn|5\n|\n|t:|1667095487\n|move|p2a: Heatran|Toxic|p1a: Snorlax|[miss]\n|-miss|p2a: Heatran|p1a: Snorlax\n|move|p1a: Snorlax|Superpower|p2a: Heatran\n|-supereffective|p2a: Heatran\n|-damage|p2a: Heatran|0 fnt\n|-unboost|p1a: Snorlax|atk|1\n|-unboost|p1a: Snorlax|def|1\n|faint|p2a: Heatran\n|\n|-weather|none\n|-end|p1a: Snorlax|Magma Storm|[partiallytrapped]|[silent]\n|upkeep\n|\n|t:|1667095501\n|switch|p2a: Landorus|Landorus-Therian, M|100\/100\n|-ability|p2a: Landorus|Intimidate|boost\n|-unboost|p1a: Snorlax|atk|1\n|turn|6\n|\n|t:|1667095506\n|switch|p1a: Rotom|Rotom-Wash|94\/100 tox\n|move|p2a: Landorus|Stealth Rock|p1a: Rotom\n|-sidestart|p1: ninjadouche|move: Stealth Rock\n|\n|-heal|p1a: Rotom|99\/100 tox|[from] item: Leftovers\n|-damage|p1a: Rotom|94\/100 tox|[from] psn\n|upkeep\n|turn|7\n|\n|t:|1667095509\n|move|p2a: Landorus|Knock Off|p1a: Rotom\n|-damage|p1a: Rotom|66\/100 tox\n|-enditem|p1a: Rotom|Leftovers|[from] move: Knock Off|[of] p2a: Landorus\n|move|p1a: Rotom|Defog|p2a: Landorus\n|-unboost|p2a: Landorus|evasion|1\n|-sideend|p1: ninjadouche|Stealth Rock|[from] move: Defog|[of] p1a: Rotom\n|\n|-damage|p1a: Rotom|54\/100 tox|[from] psn\n|upkeep\n|turn|8\n|\n|t:|1667095516\n|move|p2a: Landorus|U-turn|p1a: Rotom\n|-damage|p1a: Rotom|33\/100 tox\n|\n|t:|1667095518\n|switch|p2a: Rillaboom|Rillaboom, F|100\/100|[from]move: U-turn\n|-fieldstart|move: Grassy Terrain|[from] ability: Grassy Surge|[of] p2a: Rillaboom\n|move|p1a: Rotom|Hydro Pump|p2a: Rillaboom\n|-resisted|p2a: Rillaboom\n|-damage|p2a: Rillaboom|77\/100\n|\n|-heal|p2a: Rillaboom|83\/100|[from] Grassy Terrain\n|-damage|p1a: Rotom|15\/100 tox|[from] psn\n|upkeep\n|turn|9\n|\n|t:|1667095530\n|move|p1a: Rotom|Will-O-Wisp|p2a: Rillaboom\n|-status|p2a: Rillaboom|brn\n|move|p2a: Rillaboom|U-turn|p1a: Rotom\n|-damage|p1a: Rotom|0 fnt\n|faint|p1a: Rotom\n|\n|t:|1667095543\n|switch|p2a: Landorus|Landorus-Therian, M|100\/100|[from]move: U-turn\n|\n|upkeep\n|\n|t:|1667095545\n|switch|p1a: Ninetales|Ninetales, F, shiny|100\/100\n|-weather|SunnyDay|[from] ability: Drought|[of] p1a: Ninetales\n|turn|10\n|\n|t:|1667095555\n|switch|p2a: Slowbro|Slowbro, F|100\/100\n|move|p1a: Ninetales|Overheat|p2a: Slowbro\n|-resisted|p2a: Slowbro\n|-damage|p2a: Slowbro|44\/100\n|-unboost|p1a: Ninetales|spa|2\n|\n|-weather|SunnyDay|[upkeep]\n|-heal|p2a: Slowbro|50\/100|[from] Grassy Terrain\n|upkeep\n|turn|11\n|\n|t:|1667095563\n|switch|p1a: Shiftry|Shiftry, M|100\/100\n|switch|p2a: Landorus|Landorus-Therian, M|100\/100\n|-ability|p2a: Landorus|Intimidate|boost\n|-unboost|p1a: Shiftry|atk|1\n|\n|-weather|SunnyDay|[upkeep]\n|upkeep\n|turn|12\n|\n|t:|1667095571\n|move|p1a: Shiftry|Solar Blade||[still]\n|-prepare|p1a: Shiftry|Solar Blade\n|-anim|p1a: Shiftry|Solar Blade|p2a: Landorus\n|-damage|p2a: Landorus|35\/100\n|-damage|p1a: Shiftry|91\/100|[from] item: Life Orb\n|move|p2a: Landorus|U-turn|p1a: Shiftry\n|-supereffective|p1a: Shiftry\n|-damage|p1a: Shiftry|0 fnt\n|faint|p1a: Shiftry\n|\n|t:|1667095590\n|switch|p2a: Slowbro|Slowbro, F|83\/100|[from]move: U-turn\n|\n|-weather|SunnyDay|[upkeep]\n|-heal|p2a: Slowbro|89\/100|[from] Grassy Terrain\n|-fieldend|move: Grassy Terrain\n|upkeep\n|\n|t:|1667095599\n|switch|p1a: Marowak|Marowak-Alola, F|100\/100\n|turn|13\n|\n|t:|1667095611\n|switch|p2a: Rillaboom|Rillaboom, F|83\/100 brn\n|-fieldstart|move: Grassy Terrain|[from] ability: Grassy Surge|[of] p2a: Rillaboom\n|move|p1a: Marowak|Poltergeist|p2a: Rillaboom\n|-activate|p2a: Rillaboom|move: Poltergeist|Choice Band\n|-damage|p2a: Rillaboom|3\/100 brn\n|\n|-weather|SunnyDay|[upkeep]\n|-heal|p2a: Rillaboom|9\/100 brn|[from] Grassy Terrain\n|-damage|p2a: Rillaboom|3\/100 brn|[from] brn\n|upkeep\n|turn|14\n|\n|t:|1667095620\n|switch|p1a: Snorlax|Snorlax, F|68\/100\n|move|p2a: Rillaboom|Knock Off|p1a: Snorlax\n|-damage|p1a: Snorlax|42\/100\n|-enditem|p1a: Snorlax|Choice Band|[from] move: Knock Off|[of] p2a: Rillaboom\n|\n|-weather|none\n|-heal|p2a: Rillaboom|9\/100 brn|[from] Grassy Terrain\n|-heal|p1a: Snorlax|48\/100|[from] Grassy Terrain\n|-damage|p2a: Rillaboom|3\/100 brn|[from] brn\n|upkeep\n|turn|15\n|\n|t:|1667095629\n|switch|p2a: Slowbro|Slowbro, F|100\/100\n|move|p1a: Snorlax|Double-Edge|p2a: Slowbro\n|-damage|p2a: Slowbro|68\/100\n|-damage|p1a: Snorlax|39\/100|[from] Recoil\n|\n|-heal|p1a: Snorlax|45\/100|[from] Grassy Terrain\n|-heal|p2a: Slowbro|74\/100|[from] Grassy Terrain\n|upkeep\n|turn|16\n|\n|t:|1667095639\n|switch|p1a: Ninetales|Ninetales, F, shiny|100\/100\n|-weather|SunnyDay|[from] ability: Drought|[of] p1a: Ninetales\n|move|p2a: Slowbro|Future Sight|p1a: Ninetales\n|-start|p2a: Slowbro|move: Future Sight\n|\n|-weather|SunnyDay|[upkeep]\n|-heal|p2a: Slowbro|80\/100|[from] Grassy Terrain\n|upkeep\n|turn|17\n|\n|t:|1667095643\n|switch|p2a: Rillaboom|Rillaboom, F|3\/100 brn\n|move|p1a: Ninetales|Solar Beam||[still]\n|-prepare|p1a: Ninetales|Solar Beam\n|-anim|p1a: Ninetales|Solar Beam|p2a: Rillaboom\n|-resisted|p2a: Rillaboom\n|-damage|p2a: Rillaboom|0 fnt\n|faint|p2a: Rillaboom\n|\n|-weather|SunnyDay|[upkeep]\n|-fieldend|move: Grassy Terrain\n|upkeep\n|\n|t:|1667095654\n|switch|p2a: Zapdos|Zapdos|100\/100\n|turn|18\n|\n|t:|1667095660\n|switch|p1a: Snorlax|Snorlax, F|45\/100\n|move|p2a: Zapdos|Hurricane|p1a: Snorlax\n|-crit|p1a: Snorlax\n|-damage|p1a: Snorlax|0 fnt\n|faint|p1a: Snorlax\n|\n|-weather|SunnyDay|[upkeep]\n|-hint|Future Sight did not hit because the target is fainted.\n|upkeep\n|\n|t:|1667095670\n|switch|p1a: Aggron|Aggron, M|100\/100\n|turn|19\n|\n|t:|1667095678\n|move|p2a: Zapdos|Volt Switch|p1a: Aggron\n|-damage|p1a: Aggron|31\/100\n|\n|t:|1667095684\n|switch|p2a: Slowbro|Slowbro, F|100\/100|[from]move: Volt Switch\n|move|p1a: Aggron|Metal Burst|p2a: Slowbro\n|-damage|p2a: Slowbro|21\/100\n|\n|-weather|SunnyDay|[upkeep]\n|upkeep\n|turn|20\n|\n|t:|1667095707\n|switch|p2a: Urshifu|Urshifu-Rapid-Strike, M|100\/100\n|move|p1a: Aggron|Head Smash|p2a: Urshifu\n|-resisted|p2a: Urshifu\n|-damage|p2a: Urshifu|62\/100\n|-damage|p1a: Aggron|10\/100|[from] Recoil\n|\n|-weather|none\n|upkeep\n|turn|21\n|-enditem|p1a: Aggron|Custap Berry|[eat]\n|-activate|p1a: Aggron|item: Custap Berry|[consumed]\n|\n|t:|1667095720\n|move|p2a: Urshifu|Aqua Jet|p1a: Aggron\n|-supereffective|p1a: Aggron\n|-damage|p1a: Aggron|0 fnt\n|faint|p1a: Aggron\n|\n|upkeep\n|\n|t:|1667095726\n|switch|p1a: Ninetales|Ninetales, F, shiny|100\/100\n|-weather|SunnyDay|[from] ability: Drought|[of] p1a: Ninetales\n|turn|22\n|\n|t:|1667095733\n|switch|p2a: Zapdos|Zapdos|100\/100\n|move|p1a: Ninetales|Overheat|p2a: Zapdos\n|-damage|p2a: Zapdos|0 fnt\n|-unboost|p1a: Ninetales|spa|2\n|faint|p2a: Zapdos\n|\n|-weather|SunnyDay|[upkeep]\n|upkeep\n|\n|t:|1667095741\n|switch|p2a: Urshifu|Urshifu-Rapid-Strike, M|62\/100\n|turn|23\n|\n|t:|1667095746\n|switch|p1a: Marowak|Marowak-Alola, F|100\/100\n|move|p2a: Urshifu|Surging Strikes|p1a: Marowak\n|-supereffective|p1a: Marowak\n|-crit|p1a: Marowak\n|-damage|p1a: Marowak|67\/100\n|-supereffective|p1a: Marowak\n|-crit|p1a: Marowak\n|-damage|p1a: Marowak|37\/100\n|-supereffective|p1a: Marowak\n|-crit|p1a: Marowak\n|-damage|p1a: Marowak|8\/100\n|-hitcount|p1a: Marowak|3\n|\n|-weather|SunnyDay|[upkeep]\n|upkeep\n|turn|24\n|\n|t:|1667095758\n|move|p2a: Urshifu|Surging Strikes|p1a: Marowak\n|-supereffective|p1a: Marowak\n|-crit|p1a: Marowak\n|-damage|p1a: Marowak|0 fnt\n|faint|p1a: Marowak\n|-hitcount|p1: Marowak|1\n|\n|-weather|SunnyDay|[upkeep]\n|upkeep\n|\n|t:|1667095760\n|switch|p1a: Ninetales|Ninetales, F, shiny|100\/100\n|turn|25\n|\n|t:|1667095770\n|switch|p2a: Slowbro|Slowbro, F|55\/100\n|move|p1a: Ninetales|Energy Ball|p2a: Slowbro\n|-supereffective|p2a: Slowbro\n|-damage|p2a: Slowbro|0 fnt\n|faint|p2a: Slowbro\n|\n|-weather|SunnyDay|[upkeep]\n|upkeep\n|\n|t:|1667095785\n|switch|p2a: Landorus|Landorus-Therian, M|35\/100\n|-ability|p2a: Landorus|Intimidate|boost\n|-unboost|p1a: Ninetales|atk|1\n|turn|26\n|c|\u2606ninjadouche|this is my last resort\n|\n|t:|1667095790\n|move|p1a: Ninetales|Energy Ball|p2a: Landorus\n|-damage|p2a: Landorus|0 fnt\n|faint|p2a: Landorus\n|\n|-weather|none\n|upkeep\n|\n|t:|1667095795\n|switch|p2a: Urshifu|Urshifu-Rapid-Strike, M|62\/100\n|turn|27\n|\n|t:|1667095800\n|move|p2a: Urshifu|Aqua Jet|p1a: Ninetales\n|-supereffective|p1a: Ninetales\n|-crit|p1a: Ninetales\n|-damage|p1a: Ninetales|0 fnt\n|faint|p1a: Ninetales\n|\n|win|dddjfdw\n|raw|ninjadouche's rating: 1460 &rarr; <strong>1445<\/strong><br \/>(-15 for losing)\n|raw|dddjfdw's rating: 1544 &rarr; <strong>1559<\/strong><br \/>(+15 for winning)\n|c|\u2606ninjadouche|gg\n|c|\u2606ninjadouche|wp\n|c|\u2606ninjadouche|did crit mattered?\n||Ladder isn't responding, score probably updated but might not have (Request timeout).\n","uploadtime":1667095845,"views":12,"p1id":"ninjadouche","p2id":"dddjfdw","formatid":"gen8ou","rating":1445,"private":0,"password":null}