{"id":"gen8ou-1387489739","p1":"SMxVale","p2":"LT84JM Starbit","format":"gen8ou","log":"|raw|<div class=\"broadcast-blue\"><strong>This battle is required to be public due to a player having a name starting with 'lt84jm'.<\/div>\n|j|\u2606SMxVale\n|j|\u2606LT84JM Starbit\n|t:|1627734465\n|gametype|singles\n|player|p1|SMxVale|sabrina|1756\n|player|p2|LT84JM Starbit|galacticgrunt|1752\n|teamsize|p1|6\n|teamsize|p2|6\n|gen|8\n|tier|[Gen 8] OU\n|rated|\n|rule|Sleep Clause Mod: Limit one foe put to sleep\n|rule|Species Clause: Limit one of each Pok\u00e9mon\n|rule|OHKO Clause: OHKO moves are banned\n|rule|Evasion Moves Clause: Evasion moves are banned\n|rule|Endless Battle Clause: Forcing endless battles is banned\n|rule|HP Percentage Mod: HP is shown in percentages\n|rule|Dynamax Clause: You cannot dynamax\n|clearpoke\n|poke|p1|Melmetal|\n|poke|p1|Landorus-Therian, M|\n|poke|p1|Volcanion|\n|poke|p1|Dragapult, F|\n|poke|p1|Clefable, M|\n|poke|p1|Garchomp, F|\n|poke|p2|Zapdos|\n|poke|p2|Umbreon, M|\n|poke|p2|Toxapex, M|\n|poke|p2|Ditto|\n|poke|p2|Reuniclus, F|\n|poke|p2|Garchomp, F|\n|teampreview\n|inactive|Battle timer is ON: inactive players will automatically lose when time's up. (requested by LT84JM Starbit)\n|inactive|LT84JM Starbit has 120 seconds left.\n|\n|t:|1627734511\n|start\n|switch|p1a: Landorus|Landorus-Therian, M|100\/100\n|switch|p2a: Ditto|Ditto|100\/100\n|-ability|p1a: Landorus|Intimidate|boost\n|-unboost|p2a: Ditto|atk|1\n|-transform|p2a: Ditto|p1a: Landorus|[from] ability: Imposter\n|-ability|p2a: Ditto|Intimidate|boost\n|-unboost|p1a: Landorus|atk|1\n|turn|1\n|\n|t:|1627734542\n|move|p2a: Ditto|Toxic|p1a: Landorus|[miss]\n|-miss|p2a: Ditto|p1a: Landorus\n|move|p1a: Landorus|Knock Off|p2a: Ditto\n|-damage|p2a: Ditto|75\/100\n|-enditem|p2a: Ditto|Choice Scarf|[from] move: Knock Off|[of] p1a: Landorus\n|\n|upkeep\n|turn|2\n|\n|t:|1627734560\n|move|p2a: Ditto|Toxic|p1a: Landorus\n|-status|p1a: Landorus|tox\n|move|p1a: Landorus|Toxic|p2a: Ditto\n|-status|p2a: Ditto|tox\n|\n|-damage|p2a: Ditto|69\/100 tox|[from] psn\n|-damage|p1a: Landorus|94\/100 tox|[from] psn\n|upkeep\n|turn|3\n|j| 55th doge\n|j| Simple Spectator\n|inactive|SMxVale has 120 seconds left.\n|\n|t:|1627734584\n|switch|p1a: Garchomp|Garchomp, F|100\/100\n|move|p2a: Ditto|Knock Off|p1a: Garchomp\n|-damage|p1a: Garchomp|81\/100\n|-damage|p2a: Ditto|57\/100 tox|[from] ability: Rough Skin|[of] p1a: Garchomp\n|-enditem|p1a: Garchomp|Leftovers|[from] move: Knock Off|[of] p2a: Ditto\n|\n|-damage|p2a: Ditto|45\/100 tox|[from] psn\n|upkeep\n|turn|4\n|inactive|SMxVale has 120 seconds left.\n|\n|t:|1627734593\n|switch|p2a: Umbreon|Umbreon, M|100\/100\n|switch|p1a: Clefable|Clefable, M|100\/100\n|\n|upkeep\n|turn|5\n|\n|t:|1627734603\n|switch|p2a: Toxapex|Toxapex, M|100\/100\n|move|p1a: Clefable|Aromatherapy|p1a: Clefable\n|-activate|p1a: Clefable|move: Aromatherapy\n|-curestatus|p1: Landorus|tox|[msg]\n|\n|upkeep\n|turn|6\n|inactive|SMxVale has 120 seconds left.\n|\n|t:|1627734621\n|switch|p1a: Garchomp|Garchomp, F|81\/100\n|move|p2a: Toxapex|Toxic Spikes|p1a: Garchomp\n|-sidestart|p1: SMxVale|move: Toxic Spikes\n|\n|upkeep\n|turn|7\n|j| vhkv\n|\n|t:|1627734628\n|move|p1a: Garchomp|Stealth Rock|p2a: Toxapex\n|-sidestart|p2: LT84JM Starbit|move: Stealth Rock\n|move|p2a: Toxapex|Scald|p1a: Garchomp\n|-damage|p1a: Garchomp|64\/100\n|\n|upkeep\n|turn|8\n|\n|t:|1627734634\n|move|p1a: Garchomp|Earthquake|p2a: Toxapex\n|-supereffective|p2a: Toxapex\n|-damage|p2a: Toxapex|51\/100\n|move|p2a: Toxapex|Scald|p1a: Garchomp\n|-damage|p1a: Garchomp|46\/100\n|\n|upkeep\n|turn|9\n|l| 55th doge\n|\n|t:|1627734646\n|switch|p2a: Umbreon|Umbreon, M|100\/100\n|-damage|p2a: Umbreon|88\/100|[from] Stealth Rock\n|move|p1a: Garchomp|Toxic|p2a: Umbreon\n|-status|p2a: Umbreon|tox\n|-activate|p2a: Umbreon|ability: Synchronize\n|-status|p1a: Garchomp|tox\n|\n|-heal|p2a: Umbreon|94\/100 tox|[from] item: Leftovers\n|-damage|p1a: Garchomp|40\/100 tox|[from] psn\n|-damage|p2a: Umbreon|88\/100 tox|[from] psn\n|upkeep\n|turn|10\n|inactive|SMxVale has 120 seconds left.\n|\n|t:|1627734678\n|switch|p1a: Melmetal|Melmetal|100\/100\n|move|p2a: Umbreon|Heal Bell|p2a: Umbreon\n|-activate|p2a: Umbreon|move: Heal Bell\n|-curestatus|p2a: Umbreon|tox|[msg]\n|-curestatus|p2: Ditto|tox|[msg]\n|\n|-heal|p2a: Umbreon|94\/100|[from] item: Leftovers\n|upkeep\n|turn|11\n|\n|t:|1627734691\n|move|p2a: Umbreon|Protect|p2a: Umbreon\n|-singleturn|p2a: Umbreon|Protect\n|move|p1a: Melmetal|Double Iron Bash|p2a: Umbreon\n|-activate|p2a: Umbreon|move: Protect\n|\n|-heal|p2a: Umbreon|99\/100|[from] item: Leftovers\n|upkeep\n|turn|12\n|\n|t:|1627734713\n|switch|p1a: Landorus|Landorus-Therian, M|94\/100\n|-ability|p1a: Landorus|Intimidate|boost\n|-unboost|p2a: Umbreon|atk|1\n|switch|p2a: Toxapex|Toxapex, M|84\/100\n|-damage|p2a: Toxapex|72\/100|[from] Stealth Rock\n|\n|-heal|p1a: Landorus|100\/100|[from] item: Leftovers\n|upkeep\n|turn|13\n|\n|t:|1627734725\n|move|p1a: Landorus|Earthquake|p2a: Toxapex\n|-supereffective|p2a: Toxapex\n|-damage|p2a: Toxapex|12\/100\n|move|p2a: Toxapex|Scald|p1a: Landorus\n|-supereffective|p1a: Landorus\n|-damage|p1a: Landorus|62\/100\n|-status|p1a: Landorus|brn\n|\n|-heal|p1a: Landorus|68\/100 brn|[from] item: Leftovers\n|-damage|p1a: Landorus|62\/100 brn|[from] brn\n|upkeep\n|turn|14\n|inactive|LT84JM Starbit has 120 seconds left.\n|\n|t:|1627734747\n|switch|p2a: Garchomp|Garchomp, F|100\/100\n|-damage|p2a: Garchomp|94\/100|[from] Stealth Rock\n|move|p1a: Landorus|Knock Off|p2a: Garchomp\n|-damage|p2a: Garchomp|83\/100\n|-damage|p1a: Landorus|50\/100 brn|[from] ability: Rough Skin|[of] p2a: Garchomp\n|-enditem|p2a: Garchomp|Leftovers|[from] move: Knock Off|[of] p1a: Landorus\n|\n|-heal|p1a: Landorus|56\/100 brn|[from] item: Leftovers\n|-damage|p1a: Landorus|50\/100 brn|[from] brn\n|upkeep\n|turn|15\n|l| vhkv\n|\n|t:|1627734759\n|move|p1a: Landorus|Toxic|p2a: Garchomp\n|-status|p2a: Garchomp|tox\n|move|p2a: Garchomp|Stealth Rock|p1a: Landorus\n|-sidestart|p1: SMxVale|move: Stealth Rock\n|\n|-heal|p1a: Landorus|56\/100 brn|[from] item: Leftovers\n|-damage|p2a: Garchomp|76\/100 tox|[from] psn\n|-damage|p1a: Landorus|50\/100 brn|[from] brn\n|upkeep\n|turn|16\n|\n|t:|1627734772\n|switch|p2a: Toxapex|Toxapex, M|45\/100\n|-damage|p2a: Toxapex|33\/100|[from] Stealth Rock\n|move|p1a: Landorus|Defog|p2a: Toxapex\n|-unboost|p2a: Toxapex|evasion|1\n|-sideend|p2: LT84JM Starbit|Stealth Rock|[from] move: Defog|[of] p1a: Landorus\n|-sideend|p1: SMxVale|Toxic Spikes|[from] move: Defog|[of] p1a: Landorus\n|-sideend|p1: SMxVale|Stealth Rock|[from] move: Defog|[of] p1a: Landorus\n|\n|-heal|p1a: Landorus|56\/100 brn|[from] item: Leftovers\n|-damage|p1a: Landorus|50\/100 brn|[from] brn\n|upkeep\n|turn|17\n|inactive|LT84JM Starbit has 120 seconds left.\n|\n|t:|1627734804\n|switch|p1a: Clefable|Clefable, M|100\/100\n|switch|p2a: Garchomp|Garchomp, F|76\/100 tox\n|\n|-damage|p2a: Garchomp|70\/100 tox|[from] psn\n|upkeep\n|turn|18\n|\n|t:|1627734818\n|switch|p2a: Reuniclus|Reuniclus, F|100\/100\n|move|p1a: Clefable|Aromatherapy|p1a: Clefable\n|-activate|p1a: Clefable|move: Aromatherapy\n|-curestatus|p1: Garchomp|tox|[msg]\n|-curestatus|p1: Landorus|brn|[msg]\n|\n|upkeep\n|turn|19\n|\n|t:|1627734831\n|move|p1a: Clefable|Wish|p1a: Clefable\n|move|p2a: Reuniclus|Future Sight|p1a: Clefable\n|-start|p2a: Reuniclus|move: Future Sight\n|\n|upkeep\n|turn|20\n|\n|t:|1627734844\n|switch|p1a: Landorus|Landorus-Therian, M|50\/100\n|-ability|p1a: Landorus|Intimidate|boost\n|-unboost|p2a: Reuniclus|atk|1\n|move|p2a: Reuniclus|Psyshock|p1a: Landorus\n|-damage|p1a: Landorus|20\/100\n|\n|-heal|p1a: Landorus|71\/100|[from] move: Wish|[wisher] Clefable\n|-heal|p1a: Landorus|77\/100|[from] item: Leftovers\n|upkeep\n|turn|21\n|inactive|LT84JM Starbit has 120 seconds left.\n|\n|t:|1627734888\n|switch|p1a: Clefable|Clefable, M|100\/100\n|move|p2a: Reuniclus|Psyshock|p1a: Clefable\n|-damage|p1a: Clefable|65\/100\n|\n|-end|p1a: Clefable|move: Future Sight\n|-damage|p1a: Clefable|30\/100\n|-heal|p1a: Clefable|36\/100|[from] item: Leftovers\n|upkeep\n|turn|22\n|\n|t:|1627734901\n|move|p1a: Clefable|Protect|p1a: Clefable\n|-singleturn|p1a: Clefable|Protect\n|move|p2a: Reuniclus|Knock Off|p1a: Clefable\n|-activate|p1a: Clefable|move: Protect\n|\n|-heal|p1a: Clefable|42\/100|[from] item: Leftovers\n|upkeep\n|turn|23\n|\n|t:|1627734909\n|move|p1a: Clefable|Wish|p1a: Clefable\n|move|p2a: Reuniclus|Knock Off|p1a: Clefable\n|-resisted|p1a: Clefable\n|-damage|p1a: Clefable|36\/100\n|-enditem|p1a: Clefable|Leftovers|[from] move: Knock Off|[of] p2a: Reuniclus\n|\n|upkeep\n|turn|24\n|j| MangoStyle\n|\n|t:|1627734919\n|move|p1a: Clefable|Moonblast|p2a: Reuniclus\n|-damage|p2a: Reuniclus|86\/100\n|-unboost|p2a: Reuniclus|spa|1\n|move|p2a: Reuniclus|Future Sight|p1a: Clefable\n|-start|p2a: Reuniclus|move: Future Sight\n|\n|-heal|p1a: Clefable|86\/100|[from] move: Wish|[wisher] Clefable\n|upkeep\n|turn|25\n|\n|t:|1627734930\n|switch|p2a: Zapdos|Zapdos|100\/100\n|-ability|p2a: Zapdos|Pressure\n|move|p1a: Clefable|Wish|p1a: Clefable\n|\n|upkeep\n|turn|26\n|\n|t:|1627734957\n|move|p2a: Zapdos|Heat Wave|p1a: Clefable\n|-damage|p1a: Clefable|67\/100\n|move|p1a: Clefable|Moonblast|p2a: Zapdos\n|-damage|p2a: Zapdos|71\/100\n|-unboost|p2a: Zapdos|spa|1\n|\n|-end|p1a: Clefable|move: Future Sight\n|-damage|p1a: Clefable|34\/100\n|-heal|p1a: Clefable|84\/100|[from] move: Wish|[wisher] Clefable\n|upkeep\n|turn|27\n|\n|t:|1627734968\n|move|p2a: Zapdos|Volt Switch|p1a: Clefable\n|-damage|p1a: Clefable|71\/100\n|\n|t:|1627734975\n|switch|p2a: Umbreon|Umbreon, M|99\/100|[from]move: Volt Switch\n|move|p1a: Clefable|Wish|p1a: Clefable\n|\n|-heal|p2a: Umbreon|100\/100|[from] item: Leftovers\n|upkeep\n|turn|28\n|\n|t:|1627734982\n|switch|p1a: Garchomp|Garchomp, F|40\/100\n|move|p2a: Umbreon|Foul Play|p1a: Garchomp\n|-damage|p1a: Garchomp|11\/100\n|-damage|p2a: Umbreon|88\/100|[from] ability: Rough Skin|[of] p1a: Garchomp\n|\n|-heal|p1a: Garchomp|58\/100|[from] move: Wish|[wisher] Clefable\n|-heal|p2a: Umbreon|94\/100|[from] item: Leftovers\n|upkeep\n|turn|29\n|inactive|LT84JM Starbit has 120 seconds left.\n|inactive|SMxVale has 120 seconds left.\n|\n|t:|1627735032\n|move|p1a: Garchomp|Stealth Rock|p2a: Umbreon\n|-sidestart|p2: LT84JM Starbit|move: Stealth Rock\n|move|p2a: Umbreon|Foul Play|p1a: Garchomp\n|-damage|p1a: Garchomp|32\/100\n|-damage|p2a: Umbreon|82\/100|[from] ability: Rough Skin|[of] p1a: Garchomp\n|\n|-heal|p2a: Umbreon|88\/100|[from] item: Leftovers\n|upkeep\n|turn|30\n|j| tapu moxo\n|inactive|SMxVale has 120 seconds left.\n|inactive|LT84JM Starbit has 90 seconds left.\n|\n|t:|1627735054\n|switch|p1a: Clefable|Clefable, M|71\/100\n|move|p2a: Umbreon|Foul Play|p1a: Clefable\n|-resisted|p1a: Clefable\n|-damage|p1a: Clefable|61\/100\n|\n|-heal|p2a: Umbreon|94\/100|[from] item: Leftovers\n|upkeep\n|turn|31\n|inactive|SMxVale has 120 seconds left.\n|inactive|LT84JM Starbit has 90 seconds left.\n|\n|t:|1627735076\n|switch|p2a: Toxapex|Toxapex, M|67\/100\n|-damage|p2a: Toxapex|54\/100|[from] Stealth Rock\n|move|p1a: Clefable|Wish|p1a: Clefable\n|\n|upkeep\n|turn|32\n|inactive|SMxVale has 120 seconds left.\n|\n|t:|1627735088\n|switch|p1a: Garchomp|Garchomp, F|32\/100\n|move|p2a: Toxapex|Toxic Spikes|p1a: Garchomp\n|-sidestart|p1: SMxVale|move: Toxic Spikes\n|\n|-heal|p1a: Garchomp|79\/100|[from] move: Wish|[wisher] Clefable\n|upkeep\n|turn|33\n|\n|t:|1627735100\n|switch|p2a: Umbreon|Umbreon, M|94\/100\n|-damage|p2a: Umbreon|81\/100|[from] Stealth Rock\n|move|p1a: Garchomp|Earthquake|p2a: Umbreon\n|-damage|p2a: Umbreon|57\/100\n|\n|-heal|p2a: Umbreon|63\/100|[from] item: Leftovers\n|upkeep\n|turn|34\n|inactive|SMxVale has 120 seconds left.\n|\n|t:|1627735124\n|switch|p1a: Melmetal|Melmetal|100\/100\n|move|p2a: Umbreon|Protect||[still]\n|-fail|p2a: Umbreon\n|\n|-heal|p2a: Umbreon|69\/100|[from] item: Leftovers\n|upkeep\n|turn|35\n|inactive|SMxVale has 120 seconds left.\n|\n|t:|1627735132\n|move|p2a: Umbreon|Protect|p2a: Umbreon\n|-singleturn|p2a: Umbreon|Protect\n|move|p1a: Melmetal|Thunder Punch|p2a: Umbreon\n|-activate|p2a: Umbreon|move: Protect\n|\n|-heal|p2a: Umbreon|75\/100|[from] item: Leftovers\n|upkeep\n|turn|36\n|\n|t:|1627735138\n|move|p1a: Melmetal|Double Iron Bash|p2a: Umbreon\n|-damage|p2a: Umbreon|52\/100\n|-damage|p2a: Umbreon|28\/100\n|-hitcount|p2a: Umbreon|2\n|move|p2a: Umbreon|Wish|p2a: Umbreon\n|\n|-heal|p2a: Umbreon|34\/100|[from] item: Leftovers\n|upkeep\n|turn|37\n|\n|t:|1627735150\n|move|p2a: Umbreon|Protect|p2a: Umbreon\n|-singleturn|p2a: Umbreon|Protect\n|move|p1a: Melmetal|Thunder Punch|p2a: Umbreon\n|-activate|p2a: Umbreon|move: Protect\n|\n|-heal|p2a: Umbreon|84\/100|[from] move: Wish|[wisher] Umbreon\n|-heal|p2a: Umbreon|90\/100|[from] item: Leftovers\n|upkeep\n|turn|38\n|l| Simple Spectator\n|inactive|LT84JM Starbit has 120 seconds left.\n|\n|t:|1627735159\n|switch|p2a: Toxapex|Toxapex, M|88\/100\n|-damage|p2a: Toxapex|75\/100|[from] Stealth Rock\n|move|p1a: Melmetal|Double Iron Bash|p2a: Toxapex\n|-resisted|p2a: Toxapex\n|-damage|p2a: Toxapex|63\/100\n|-resisted|p2a: Toxapex\n|-damage|p2a: Toxapex|52\/100\n|-hitcount|p2a: Toxapex|2\n|\n|upkeep\n|turn|39\n|\n|t:|1627735171\n|move|p1a: Melmetal|Thunder Punch|p2a: Toxapex\n|-supereffective|p2a: Toxapex\n|-damage|p2a: Toxapex|13\/100\n|move|p2a: Toxapex|Recover|p2a: Toxapex\n|-heal|p2a: Toxapex|63\/100\n|\n|upkeep\n|turn|40\n|\n|t:|1627735184\n|move|p1a: Melmetal|Earthquake|p2a: Toxapex\n|-supereffective|p2a: Toxapex\n|-damage|p2a: Toxapex|21\/100\n|move|p2a: Toxapex|Recover|p2a: Toxapex\n|-heal|p2a: Toxapex|71\/100\n|\n|upkeep\n|turn|41\n|\n|t:|1627735195\n|move|p1a: Melmetal|Thunder Wave|p2a: Toxapex\n|-status|p2a: Toxapex|par\n|cant|p2a: Toxapex|par\n|\n|upkeep\n|turn|42\n|inactive|LT84JM Starbit has 120 seconds left.\n|\n|t:|1627735218\n|switch|p2a: Zapdos|Zapdos|71\/100\n|-ability|p2a: Zapdos|Pressure\n|move|p1a: Melmetal|Thunder Punch|p2a: Zapdos\n|-damage|p2a: Zapdos|45\/100\n|\n|upkeep\n|turn|43\n|\n|t:|1627735232\n|move|p2a: Zapdos|Heat Wave|p1a: Melmetal\n|-supereffective|p1a: Melmetal\n|-damage|p1a: Melmetal|41\/100\n|move|p1a: Melmetal|Earthquake|p2a: Zapdos\n|-immune|p2a: Zapdos\n|\n|upkeep\n|turn|44\n|\n|t:|1627735244\n|switch|p1a: Landorus|Landorus-Therian, M|77\/100\n|-ability|p1a: Landorus|Intimidate|boost\n|-unboost|p2a: Zapdos|atk|1\n|move|p2a: Zapdos|Heat Wave|p1a: Landorus\n|-damage|p1a: Landorus|46\/100\n|\n|-heal|p1a: Landorus|52\/100|[from] item: Leftovers\n|upkeep\n|turn|45\n|\n|t:|1627735265\n|switch|p2a: Toxapex|Toxapex, M|100\/100 par\n|-damage|p2a: Toxapex|88\/100 par|[from] Stealth Rock\n|move|p1a: Landorus|Toxic||[still]\n|-fail|p1a: Landorus\n|\n|-heal|p1a: Landorus|59\/100|[from] item: Leftovers\n|upkeep\n|turn|46\n|\n|t:|1627735269\n|move|p1a: Landorus|Earthquake|p2a: Toxapex\n|-supereffective|p2a: Toxapex\n|-damage|p2a: Toxapex|34\/100 par\n|move|p2a: Toxapex|Scald|p1a: Landorus\n|-supereffective|p1a: Landorus\n|-damage|p1a: Landorus|20\/100\n|\n|-heal|p1a: Landorus|26\/100|[from] item: Leftovers\n|upkeep\n|turn|47\n|\n|t:|1627735285\n|switch|p2a: Garchomp|Garchomp, F|70\/100 tox\n|-damage|p2a: Garchomp|64\/100 tox|[from] Stealth Rock\n|move|p1a: Landorus|Knock Off|p2a: Garchomp\n|-damage|p2a: Garchomp|49\/100 tox\n|-damage|p1a: Landorus|14\/100|[from] ability: Rough Skin|[of] p2a: Garchomp\n|\n|-heal|p1a: Landorus|20\/100|[from] item: Leftovers\n|-damage|p2a: Garchomp|43\/100 tox|[from] psn\n|upkeep\n|turn|48\n|l| tapu moxo\n|inactive|LT84JM Starbit has 120 seconds left.\n|\n|t:|1627735317\n|move|p1a: Landorus|Earthquake|p2a: Garchomp\n|-damage|p2a: Garchomp|7\/100 tox\n|move|p2a: Garchomp|Rest|p2a: Garchomp\n|-status|p2a: Garchomp|slp|[from] move: Rest\n|-heal|p2a: Garchomp|100\/100 slp|[silent]\n|\n|-heal|p1a: Landorus|26\/100|[from] item: Leftovers\n|upkeep\n|turn|49\n|inactive|LT84JM Starbit has 120 seconds left.\n|\n|t:|1627735342\n|move|p1a: Landorus|Earthquake|p2a: Garchomp\n|-damage|p2a: Garchomp|67\/100 slp\n|cant|p2a: Garchomp|slp\n|\n|-heal|p1a: Landorus|32\/100|[from] item: Leftovers\n|upkeep\n|turn|50\n|\n|t:|1627735349\n|move|p1a: Landorus|Earthquake|p2a: Garchomp\n|-damage|p2a: Garchomp|27\/100 slp\n|cant|p2a: Garchomp|slp\n|\n|-heal|p1a: Landorus|38\/100|[from] item: Leftovers\n|upkeep\n|turn|51\n|j| Tapppp\n|\n|t:|1627735372\n|switch|p2a: Umbreon|Umbreon, M|90\/100\n|-damage|p2a: Umbreon|78\/100|[from] Stealth Rock\n|move|p1a: Landorus|Knock Off|p2a: Umbreon\n|-resisted|p2a: Umbreon\n|-damage|p2a: Umbreon|68\/100\n|-enditem|p2a: Umbreon|Leftovers|[from] move: Knock Off|[of] p1a: Landorus\n|\n|-heal|p1a: Landorus|44\/100|[from] item: Leftovers\n|upkeep\n|turn|52\n|\n|t:|1627735382\n|move|p1a: Landorus|Earthquake|p2a: Umbreon\n|-damage|p2a: Umbreon|38\/100\n|move|p2a: Umbreon|Wish|p2a: Umbreon\n|\n|-heal|p1a: Landorus|50\/100|[from] item: Leftovers\n|upkeep\n|turn|53\n|inactive|LT84JM Starbit has 120 seconds left.\n|inactive|SMxVale has 120 seconds left.\n|\n|t:|1627735408\n|switch|p1a: Clefable|Clefable, M|61\/100\n|-status|p1a: Clefable|psn\n|move|p2a: Umbreon|Foul Play|p1a: Clefable\n|-resisted|p1a: Clefable\n|-damage|p1a: Clefable|51\/100 psn\n|\n|-heal|p2a: Umbreon|88\/100|[from] move: Wish|[wisher] Umbreon\n|upkeep\n|turn|54\n|inactive|LT84JM Starbit has 120 seconds left.\n|\n|t:|1627735416\n|move|p2a: Umbreon|Heal Bell|p2a: Umbreon\n|-activate|p2a: Umbreon|move: Heal Bell\n|-curestatus|p2: Toxapex|par|[msg]\n|-curestatus|p2: Garchomp|slp|[msg]\n|move|p1a: Clefable|Wish|p1a: Clefable\n|\n|upkeep\n|turn|55\n|inactive|LT84JM Starbit has 120 seconds left.\n|\n|t:|1627735437\n|switch|p1a: Melmetal|Melmetal|41\/100\n|move|p2a: Umbreon|Wish|p2a: Umbreon\n|\n|-heal|p1a: Melmetal|88\/100|[from] move: Wish|[wisher] Clefable\n|upkeep\n|turn|56\n|l| Tapppp\n|inactive|SMxVale has 120 seconds left.\n|\n|t:|1627735466\n|switch|p1a: Volcanion|Volcanion|100\/100\n|move|p2a: Umbreon|Foul Play|p1a: Volcanion\n|-damage|p1a: Volcanion|76\/100\n|\n|-heal|p2a: Umbreon|100\/100|[from] move: Wish|[wisher] Umbreon\n|upkeep\n|turn|57\n|inactive|LT84JM Starbit has 120 seconds left.\n|\n|t:|1627735491\n|switch|p2a: Reuniclus|Reuniclus, F|100\/100\n|-damage|p2a: Reuniclus|88\/100|[from] Stealth Rock\n|move|p1a: Volcanion|Steam Eruption|p2a: Reuniclus\n|-damage|p2a: Reuniclus|59\/100\n|\n|upkeep\n|turn|58\n|inactive|LT84JM Starbit has 120 seconds left.\n|inactive|SMxVale has 90 seconds left.\n|\n|t:|1627735527\n|move|p1a: Volcanion|Steam Eruption|p2a: Reuniclus\n|-damage|p2a: Reuniclus|30\/100\n|-status|p2a: Reuniclus|brn\n|move|p2a: Reuniclus|Knock Off|p1a: Volcanion\n|-damage|p1a: Volcanion|70\/100\n|-enditem|p1a: Volcanion|Heavy-Duty Boots|[from] move: Knock Off|[of] p2a: Reuniclus\n|\n|-damage|p2a: Reuniclus|23\/100 brn|[from] brn\n|upkeep\n|turn|59\n|j| bougzen\n|\n|t:|1627735548\n|switch|p2a: Ditto|Ditto|45\/100\n|-damage|p2a: Ditto|33\/100|[from] Stealth Rock\n|-transform|p2a: Ditto|p1a: Volcanion|[from] ability: Imposter\n|move|p1a: Volcanion|Sludge Wave|p2a: Ditto\n|-damage|p2a: Ditto|0 fnt\n|faint|p2a: Ditto\n|\n|upkeep\n|\n|t:|1627735554\n|switch|p2a: Umbreon|Umbreon, M|100\/100\n|-damage|p2a: Umbreon|88\/100|[from] Stealth Rock\n|turn|60\n|inactive|SMxVale has 90 seconds left.\n|\n|t:|1627735569\n|move|p1a: Volcanion|Will-O-Wisp|p2a: Umbreon\n|-status|p2a: Umbreon|brn\n|-activate|p2a: Umbreon|ability: Synchronize\n|-immune|p1a: Volcanion\n|move|p2a: Umbreon|Wish|p2a: Umbreon\n|\n|-damage|p2a: Umbreon|82\/100 brn|[from] brn\n|upkeep\n|turn|61\n|inactive|SMxVale has 90 seconds left.\n|\n|t:|1627735595\n|move|p1a: Volcanion|Steam Eruption|p2a: Umbreon\n|-damage|p2a: Umbreon|39\/100 brn\n|move|p2a: Umbreon|Heal Bell|p2a: Umbreon\n|-activate|p2a: Umbreon|move: Heal Bell\n|-curestatus|p2a: Umbreon|brn|[msg]\n|-curestatus|p2: Reuniclus|brn|[msg]\n|\n|-heal|p2a: Umbreon|89\/100|[from] move: Wish|[wisher] Umbreon\n|upkeep\n|turn|62\n|inactive|SMxVale has 60 seconds left.\n|inactive|LT84JM Starbit has 90 seconds left.\n|\n|t:|1627735625\n|move|p1a: Volcanion|Will-O-Wisp|p2a: Umbreon\n|-status|p2a: Umbreon|brn\n|-activate|p2a: Umbreon|ability: Synchronize\n|-immune|p1a: Volcanion\n|move|p2a: Umbreon|Wish|p2a: Umbreon\n|\n|-damage|p2a: Umbreon|83\/100 brn|[from] brn\n|upkeep\n|turn|63\n|inactive|SMxVale has 60 seconds left.\n|inactive|LT84JM Starbit has 90 seconds left.\n|\n|t:|1627735642\n|switch|p1a: Clefable|Clefable, M|51\/100 psn\n|switch|p2a: Reuniclus|Reuniclus, F|57\/100\n|-damage|p2a: Reuniclus|44\/100|[from] Stealth Rock\n|\n|-heal|p2a: Reuniclus|91\/100|[from] move: Wish|[wisher] Umbreon\n|upkeep\n|turn|64\n|\n|t:|1627735649\n|move|p1a: Clefable|Wish|p1a: Clefable\n|move|p2a: Reuniclus|Infestation|p1a: Clefable\n|-resisted|p1a: Clefable\n|-damage|p1a: Clefable|49\/100 psn\n|-activate|p1a: Clefable|move: Infestation|[of] p2a: Reuniclus\n|\n|upkeep\n|turn|65\n|\n|t:|1627735660\n|move|p1a: Clefable|Moonblast|p2a: Reuniclus\n|-damage|p2a: Reuniclus|77\/100\n|move|p2a: Reuniclus|Future Sight|p1a: Clefable\n|-start|p2a: Reuniclus|move: Future Sight\n|\n|-heal|p1a: Clefable|98\/100 psn|[from] move: Wish|[wisher] Clefable\n|upkeep\n|turn|66\n|inactive|SMxVale has 60 seconds left.\n|\n|t:|1627735687\n|move|p1a: Clefable|Protect|p1a: Clefable\n|-singleturn|p1a: Clefable|Protect\n|move|p2a: Reuniclus|Psyshock|p1a: Clefable\n|-activate|p1a: Clefable|move: Protect\n|\n|upkeep\n|turn|67\n|\n|t:|1627735691\n|move|p1a: Clefable|Wish|p1a: Clefable\n|move|p2a: Reuniclus|Psyshock|p1a: Clefable\n|-damage|p1a: Clefable|60\/100 psn\n|\n|-end|p1a: Clefable|move: Future Sight\n|-damage|p1a: Clefable|24\/100 psn\n|upkeep\n|turn|68\n|\n|t:|1627735698\n|move|p1a: Clefable|Protect|p1a: Clefable\n|-singleturn|p1a: Clefable|Protect\n|move|p2a: Reuniclus|Psyshock|p1a: Clefable\n|-activate|p1a: Clefable|move: Protect\n|\n|-heal|p1a: Clefable|74\/100 psn|[from] move: Wish|[wisher] Clefable\n|-end|p1a: Clefable|Infestation|[partiallytrapped]\n|upkeep\n|turn|69\n|inactive|SMxVale has 60 seconds left.\n|inactive|LT84JM Starbit has 120 seconds left.\n|\n|t:|1627735738\n|move|p1a: Clefable|Moonblast|p2a: Reuniclus\n|-damage|p2a: Reuniclus|63\/100\n|move|p2a: Reuniclus|Knock Off|p1a: Clefable\n|-resisted|p1a: Clefable\n|-damage|p1a: Clefable|67\/100 psn\n|\n|upkeep\n|turn|70\n|j| throw-rah\n|\n|t:|1627735746\n|move|p1a: Clefable|Moonblast|p2a: Reuniclus\n|-damage|p2a: Reuniclus|51\/100\n|-unboost|p2a: Reuniclus|spa|1\n|move|p2a: Reuniclus|Infestation|p1a: Clefable\n|-resisted|p1a: Clefable\n|-damage|p1a: Clefable|66\/100 psn\n|-activate|p1a: Clefable|move: Infestation|[of] p2a: Reuniclus\n|\n|upkeep\n|turn|71\n|\n|t:|1627735755\n|move|p1a: Clefable|Moonblast|p2a: Reuniclus\n|-damage|p2a: Reuniclus|36\/100\n|-unboost|p2a: Reuniclus|spa|1\n|move|p2a: Reuniclus|Future Sight|p1a: Clefable\n|-start|p2a: Reuniclus|move: Future Sight\n|\n|upkeep\n|turn|72\n|\n|t:|1627735766\n|switch|p2a: Zapdos|Zapdos|45\/100\n|-ability|p2a: Zapdos|Pressure\n|move|p1a: Clefable|Wish|p1a: Clefable\n|\n|-end|p1a: Clefable|Infestation|[partiallytrapped]|[silent]\n|upkeep\n|turn|73\n|\n|t:|1627735780\n|move|p2a: Zapdos|Roost|p2a: Zapdos\n|-heal|p2a: Zapdos|95\/100\n|-singleturn|p2a: Zapdos|move: Roost\n|move|p1a: Clefable|Moonblast|p2a: Zapdos\n|-damage|p2a: Zapdos|68\/100\n|\n|-end|p1a: Clefable|move: Future Sight\n|-damage|p1a: Clefable|33\/100 psn\n|-heal|p1a: Clefable|83\/100 psn|[from] move: Wish|[wisher] Clefable\n|upkeep\n|turn|74\n|\n|t:|1627735795\n|switch|p1a: Landorus|Landorus-Therian, M|50\/100\n|-ability|p1a: Landorus|Intimidate|boost\n|-unboost|p2a: Zapdos|atk|1\n|move|p2a: Zapdos|Roost|p2a: Zapdos\n|-heal|p2a: Zapdos|100\/100\n|-singleturn|p2a: Zapdos|move: Roost\n|\n|-heal|p1a: Landorus|56\/100|[from] item: Leftovers\n|upkeep\n|turn|75\n|inactive|SMxVale has 30 seconds left.\n|\n|t:|1627735824\n|move|p1a: Landorus|Knock Off|p2a: Zapdos\n|-damage|p2a: Zapdos|76\/100\n|-enditem|p2a: Zapdos|Heavy-Duty Boots|[from] move: Knock Off|[of] p1a: Landorus\n|move|p2a: Zapdos|Heat Wave|p1a: Landorus\n|-damage|p1a: Landorus|26\/100\n|\n|-heal|p1a: Landorus|32\/100|[from] item: Leftovers\n|upkeep\n|turn|76\n|inactive|SMxVale has 30 seconds left.\n|j| ejie\n|\n|t:|1627735841\n|switch|p1a: Clefable|Clefable, M|83\/100 psn\n|move|p2a: Zapdos|Heat Wave|p1a: Clefable\n|-damage|p1a: Clefable|64\/100 psn\n|\n|upkeep\n|turn|77\n|inactive|SMxVale has 30 seconds left.\n|inactive|SMxVale has 20 seconds left.\n|\n|t:|1627735858\n|move|p1a: Clefable|Protect|p1a: Clefable\n|-singleturn|p1a: Clefable|Protect\n|move|p2a: Zapdos|Volt Switch|p1a: Clefable\n|-activate|p1a: Clefable|move: Protect\n|\n|upkeep\n|turn|78\n|inactive|SMxVale has 30 seconds left this turn.\n|\n|t:|1627735863\n|move|p2a: Zapdos|Heat Wave|p1a: Clefable\n|-damage|p1a: Clefable|45\/100 psn\n|move|p1a: Clefable|Wish|p1a: Clefable\n|\n|upkeep\n|turn|79\n|inactive|SMxVale has 30 seconds left.\n|inactive|SMxVale has 20 seconds left.\n|\n|t:|1627735884\n|move|p1a: Clefable|Protect|p1a: Clefable\n|-singleturn|p1a: Clefable|Protect\n|move|p2a: Zapdos|Heat Wave|p1a: Clefable\n|-activate|p1a: Clefable|move: Protect\n|\n|-heal|p1a: Clefable|95\/100 psn|[from] move: Wish|[wisher] Clefable\n|upkeep\n|turn|80\n|inactive|SMxVale has 30 seconds left this turn.\n|l| bougzen\n|\n|t:|1627735897\n|move|p2a: Zapdos|Roost|p2a: Zapdos\n|-heal|p2a: Zapdos|100\/100\n|-singleturn|p2a: Zapdos|move: Roost\n|move|p1a: Clefable|Wish|p1a: Clefable\n|\n|upkeep\n|turn|81\n|inactive|SMxVale has 30 seconds left.\n|\n|t:|1627735917\n|switch|p1a: Landorus|Landorus-Therian, M|32\/100\n|-ability|p1a: Landorus|Intimidate|boost\n|-unboost|p2a: Zapdos|atk|1\n|move|p2a: Zapdos|Heat Wave|p1a: Landorus\n|-damage|p1a: Landorus|2\/100\n|\n|-heal|p1a: Landorus|53\/100|[from] move: Wish|[wisher] Clefable\n|-heal|p1a: Landorus|59\/100|[from] item: Leftovers\n|upkeep\n|turn|82\n|inactive|SMxVale has 30 seconds left.\n|\n|t:|1627735927\n|switch|p2a: Umbreon|Umbreon, M|83\/100 brn\n|-damage|p2a: Umbreon|71\/100 brn|[from] Stealth Rock\n|move|p1a: Landorus|Toxic||[still]\n|-fail|p1a: Landorus\n|\n|-heal|p1a: Landorus|65\/100|[from] item: Leftovers\n|-damage|p2a: Umbreon|65\/100 brn|[from] brn\n|upkeep\n|turn|83\n|\n|t:|1627735936\n|move|p1a: Landorus|Earthquake|p2a: Umbreon\n|-crit|p2a: Umbreon\n|-damage|p2a: Umbreon|21\/100 brn\n|move|p2a: Umbreon|Wish|p2a: Umbreon\n|\n|-heal|p1a: Landorus|71\/100|[from] item: Leftovers\n|-damage|p2a: Umbreon|14\/100 brn|[from] brn\n|upkeep\n|turn|84\n|\n|t:|1627735950\n|move|p2a: Umbreon|Protect|p2a: Umbreon\n|-singleturn|p2a: Umbreon|Protect\n|move|p1a: Landorus|Defog|p2a: Umbreon\n|-activate|p2a: Umbreon|move: Protect\n|\n|-heal|p2a: Umbreon|64\/100 brn|[from] move: Wish|[wisher] Umbreon\n|-heal|p1a: Landorus|77\/100|[from] item: Leftovers\n|-damage|p2a: Umbreon|58\/100 brn|[from] brn\n|upkeep\n|turn|85\n|\n|t:|1627735958\n|move|p1a: Landorus|Earthquake|p2a: Umbreon\n|-damage|p2a: Umbreon|32\/100 brn\n|move|p2a: Umbreon|Wish|p2a: Umbreon\n|\n|-heal|p1a: Landorus|83\/100|[from] item: Leftovers\n|-damage|p2a: Umbreon|26\/100 brn|[from] brn\n|upkeep\n|turn|86\n|\n|t:|1627735967\n|move|p2a: Umbreon|Protect|p2a: Umbreon\n|-singleturn|p2a: Umbreon|Protect\n|move|p1a: Landorus|Knock Off|p2a: Umbreon\n|-activate|p2a: Umbreon|move: Protect\n|\n|-heal|p2a: Umbreon|76\/100 brn|[from] move: Wish|[wisher] Umbreon\n|-heal|p1a: Landorus|89\/100|[from] item: Leftovers\n|-damage|p2a: Umbreon|70\/100 brn|[from] brn\n|upkeep\n|turn|87\n|\n|t:|1627735974\n|move|p1a: Landorus|Earthquake|p2a: Umbreon\n|-damage|p2a: Umbreon|41\/100 brn\n|move|p2a: Umbreon|Wish|p2a: Umbreon\n|\n|-heal|p1a: Landorus|96\/100|[from] item: Leftovers\n|-damage|p2a: Umbreon|35\/100 brn|[from] brn\n|upkeep\n|turn|88\n|\n|t:|1627735985\n|move|p1a: Landorus|Toxic||[still]\n|-fail|p1a: Landorus\n|move|p2a: Umbreon|Heal Bell|p2a: Umbreon\n|-activate|p2a: Umbreon|move: Heal Bell\n|-curestatus|p2a: Umbreon|brn|[msg]\n|\n|-heal|p2a: Umbreon|85\/100|[from] move: Wish|[wisher] Umbreon\n|-heal|p1a: Landorus|100\/100|[from] item: Leftovers\n|upkeep\n|turn|89\n|inactive|LT84JM Starbit has 120 seconds left.\n|\n|t:|1627736024\n|move|p1a: Landorus|Defog|p2a: Umbreon\n|-unboost|p2a: Umbreon|evasion|1\n|-sideend|p2: LT84JM Starbit|Stealth Rock|[from] move: Defog|[of] p1a: Landorus\n|-sideend|p1: SMxVale|Toxic Spikes|[from] move: Defog|[of] p1a: Landorus\n|move|p2a: Umbreon|Foul Play|p1a: Landorus\n|-damage|p1a: Landorus|53\/100\n|\n|-heal|p1a: Landorus|59\/100|[from] item: Leftovers\n|upkeep\n|turn|90\n|\n|t:|1627736040\n|move|p1a: Landorus|Earthquake|p2a: Umbreon\n|-damage|p2a: Umbreon|58\/100\n|move|p2a: Umbreon|Foul Play|p1a: Landorus\n|-damage|p1a: Landorus|13\/100\n|\n|-heal|p1a: Landorus|19\/100|[from] item: Leftovers\n|upkeep\n|turn|91\n|\n|t:|1627736057\n|switch|p1a: Garchomp|Garchomp, F|79\/100\n|move|p2a: Umbreon|Wish|p2a: Umbreon\n|\n|upkeep\n|turn|92\n|\n|t:|1627736066\n|move|p1a: Garchomp|Stealth Rock|p2a: Umbreon\n|-sidestart|p2: LT84JM Starbit|move: Stealth Rock\n|move|p2a: Umbreon|Foul Play|p1a: Garchomp\n|-damage|p1a: Garchomp|54\/100\n|-damage|p2a: Umbreon|45\/100|[from] ability: Rough Skin|[of] p1a: Garchomp\n|\n|-heal|p2a: Umbreon|95\/100|[from] move: Wish|[wisher] Umbreon\n|upkeep\n|turn|93\n|\n|t:|1627736076\n|move|p1a: Garchomp|Earthquake|p2a: Umbreon\n|-damage|p2a: Umbreon|72\/100\n|move|p2a: Umbreon|Foul Play|p1a: Garchomp\n|-damage|p1a: Garchomp|24\/100\n|-damage|p2a: Umbreon|59\/100|[from] ability: Rough Skin|[of] p1a: Garchomp\n|\n|upkeep\n|turn|94\n|\n|t:|1627736086\n|move|p1a: Garchomp|Earthquake|p2a: Umbreon\n|-damage|p2a: Umbreon|35\/100\n|move|p2a: Umbreon|Wish|p2a: Umbreon\n|\n|upkeep\n|turn|95\n|\n|t:|1627736110\n|switch|p1a: Clefable|Clefable, M|95\/100 psn\n|move|p2a: Umbreon|Protect||[still]\n|-fail|p2a: Umbreon\n|\n|-heal|p2a: Umbreon|85\/100|[from] move: Wish|[wisher] Umbreon\n|upkeep\n|turn|96\n|inactive|LT84JM Starbit has 120 seconds left.\n|inactive|LT84JM Starbit has 90 seconds left.\n|\n|t:|1627736195\n|switch|p2a: Reuniclus|Reuniclus, F|70\/100\n|-damage|p2a: Reuniclus|57\/100|[from] Stealth Rock\n|switch|p1a: Melmetal|Melmetal|88\/100\n|\n|upkeep\n|turn|97\n|\n|t:|1627736209\n|switch|p2a: Zapdos|Zapdos|100\/100\n|-damage|p2a: Zapdos|76\/100|[from] Stealth Rock\n|-ability|p2a: Zapdos|Pressure\n|move|p1a: Melmetal|Double Iron Bash|p2a: Zapdos\n|-resisted|p2a: Zapdos\n|-damage|p2a: Zapdos|59\/100\n|-resisted|p2a: Zapdos\n|-damage|p2a: Zapdos|42\/100\n|-hitcount|p2a: Zapdos|2\n|\n|upkeep\n|turn|98\n|\n|t:|1627736227\n|switch|p1a: Dragapult|Dragapult, F|100\/100\n|move|p2a: Zapdos|Roost|p2a: Zapdos\n|-heal|p2a: Zapdos|92\/100\n|-singleturn|p2a: Zapdos|move: Roost\n|\n|upkeep\n|turn|99\n|inactive|SMxVale has 30 seconds left.\n|\n|t:|1627736238\n|switch|p2a: Reuniclus|Reuniclus, F|90\/100\n|-damage|p2a: Reuniclus|78\/100|[from] Stealth Rock\n|move|p1a: Dragapult|Shadow Ball|p2a: Reuniclus\n|-supereffective|p2a: Reuniclus\n|-damage|p2a: Reuniclus|31\/100\n|\n|upkeep\n|turn|100\n|j| ChanseyDeBotas\n|inactive|SMxVale has 30 seconds left.\n|\n|t:|1627736245\n|switch|p2a: Umbreon|Umbreon, M|85\/100\n|-damage|p2a: Umbreon|73\/100|[from] Stealth Rock\n|move|p1a: Dragapult|Shadow Ball|p2a: Umbreon\n|-resisted|p2a: Umbreon\n|-damage|p2a: Umbreon|53\/100\n|\n|upkeep\n|turn|101\n|inactive|SMxVale has 30 seconds left.\n|\n|t:|1627736258\n|switch|p1a: Clefable|Clefable, M|95\/100 psn\n|move|p2a: Umbreon|Wish|p2a: Umbreon\n|\n|upkeep\n|turn|102\n|inactive|SMxVale has 30 seconds left this turn.\n|inactive|SMxVale has 20 seconds left.\n|\n|t:|1627736269\n|switch|p1a: Melmetal|Melmetal|88\/100\n|move|p2a: Umbreon|Protect||[still]\n|-fail|p2a: Umbreon\n|\n|-heal|p2a: Umbreon|100\/100|[from] move: Wish|[wisher] Umbreon\n|upkeep\n|turn|103\n|inactive|SMxVale has 25 seconds left this turn.\n|inactive|SMxVale has 20 seconds left.\n|inactive|LT84JM Starbit has 90 seconds left.\n|inactive|SMxVale has 15 seconds left.\n|inactive|SMxVale has 10 seconds left.\n|\n|t:|1627736291\n|switch|p1a: Clefable|Clefable, M|95\/100 psn\n|move|p2a: Umbreon|Foul Play|p1a: Clefable\n|-resisted|p1a: Clefable\n|-damage|p1a: Clefable|86\/100 psn\n|\n|upkeep\n|turn|104\n|inactive|SMxVale has 15 seconds left this turn.\n|inactive|SMxVale has 10 seconds left.\n|\n|t:|1627736297\n|switch|p2a: Zapdos|Zapdos|92\/100\n|-damage|p2a: Zapdos|67\/100|[from] Stealth Rock\n|-ability|p2a: Zapdos|Pressure\n|move|p1a: Clefable|Moonblast|p2a: Zapdos\n|-damage|p2a: Zapdos|38\/100\n|\n|upkeep\n|turn|105\n|inactive|SMxVale has 15 seconds left this turn.\n|inactive|SMxVale has 10 seconds left.\n|\n|t:|1627736304\n|move|p2a: Zapdos|Defog|p1a: Clefable\n|-unboost|p1a: Clefable|evasion|1\n|-sideend|p2: LT84JM Starbit|Stealth Rock|[from] move: Defog|[of] p2a: Zapdos\n|move|p1a: Clefable|Wish|p1a: Clefable\n|\n|upkeep\n|turn|106\n|inactive|SMxVale has 15 seconds left this turn.\n|inactive|SMxVale has 10 seconds left.\n|\n|t:|1627736318\n|switch|p1a: Garchomp|Garchomp, F|24\/100\n|move|p2a: Zapdos|Roost|p2a: Zapdos\n|-heal|p2a: Zapdos|88\/100\n|-singleturn|p2a: Zapdos|move: Roost\n|\n|-heal|p1a: Garchomp|71\/100|[from] move: Wish|[wisher] Clefable\n|upkeep\n|turn|107\n|inactive|SMxVale has 15 seconds left this turn.\n|inactive|SMxVale has 10 seconds left.\n|\n|t:|1627736324\n|switch|p2a: Toxapex|Toxapex, M|67\/100\n|move|p1a: Garchomp|Stealth Rock|p2a: Toxapex\n|-sidestart|p2: LT84JM Starbit|move: Stealth Rock\n|\n|upkeep\n|turn|108\n|inactive|SMxVale has 15 seconds left this turn.\n|\n|t:|1627736326\n|move|p1a: Garchomp|Earthquake|p2a: Toxapex\n|-supereffective|p2a: Toxapex\n|-damage|p2a: Toxapex|11\/100\n|move|p2a: Toxapex|Toxic Spikes|p1a: Garchomp\n|-sidestart|p1: SMxVale|move: Toxic Spikes\n|\n|upkeep\n|turn|109\n|inactive|SMxVale has 20 seconds left this turn.\n|inactive|SMxVale has 15 seconds left.\n|inactive|SMxVale has 10 seconds left.\n|\n|t:|1627736337\n|switch|p2a: Umbreon|Umbreon, M|100\/100\n|-damage|p2a: Umbreon|88\/100|[from] Stealth Rock\n|move|p1a: Garchomp|Earthquake|p2a: Umbreon\n|-damage|p2a: Umbreon|61\/100\n|\n|upkeep\n|turn|110\n|inactive|SMxVale has 15 seconds left this turn.\n|\n|t:|1627736341\n|move|p1a: Garchomp|Earthquake|p2a: Umbreon\n|-damage|p2a: Umbreon|33\/100\n|move|p2a: Umbreon|Wish|p2a: Umbreon\n|\n|upkeep\n|turn|111\n|inactive|SMxVale has 20 seconds left this turn.\n|inactive|SMxVale has 15 seconds left.\n|\n|t:|1627736347\n|move|p2a: Umbreon|Protect|p2a: Umbreon\n|-singleturn|p2a: Umbreon|Protect\n|move|p1a: Garchomp|Toxic|p2a: Umbreon\n|-activate|p2a: Umbreon|move: Protect\n|\n|-heal|p2a: Umbreon|83\/100|[from] move: Wish|[wisher] Umbreon\n|upkeep\n|turn|112\n|inactive|SMxVale has 20 seconds left this turn.\n|inactive|SMxVale has 15 seconds left.\n|\n|t:|1627736354\n|move|p1a: Garchomp|Earthquake|p2a: Umbreon\n|-damage|p2a: Umbreon|59\/100\n|move|p2a: Umbreon|Foul Play|p1a: Garchomp\n|-damage|p1a: Garchomp|43\/100\n|-damage|p2a: Umbreon|47\/100|[from] ability: Rough Skin|[of] p1a: Garchomp\n|\n|upkeep\n|turn|113\n|inactive|SMxVale has 20 seconds left this turn.\n|\n|t:|1627736358\n|move|p1a: Garchomp|Earthquake|p2a: Umbreon\n|-damage|p2a: Umbreon|22\/100\n|move|p2a: Umbreon|Wish|p2a: Umbreon\n|\n|upkeep\n|turn|114\n|inactive|SMxVale has 25 seconds left this turn.\n|inactive|SMxVale has 20 seconds left.\n|\n|t:|1627736364\n|move|p2a: Umbreon|Protect|p2a: Umbreon\n|-singleturn|p2a: Umbreon|Protect\n|move|p1a: Garchomp|Flamethrower|p2a: Umbreon\n|-activate|p2a: Umbreon|move: Protect\n|\n|-heal|p2a: Umbreon|72\/100|[from] move: Wish|[wisher] Umbreon\n|upkeep\n|turn|115\n|inactive|SMxVale has 25 seconds left this turn.\n|inactive|LT84JM Starbit has 120 seconds left.\n|\n|t:|1627736370\n|move|p1a: Garchomp|Earthquake|p2a: Umbreon\n|-damage|p2a: Umbreon|46\/100\n|move|p2a: Umbreon|Foul Play|p1a: Garchomp\n|-damage|p1a: Garchomp|18\/100\n|-damage|p2a: Umbreon|34\/100|[from] ability: Rough Skin|[of] p1a: Garchomp\n|\n|upkeep\n|turn|116\n|inactive|SMxVale has 30 seconds left this turn.\n|\n|t:|1627736376\n|move|p1a: Garchomp|Earthquake|p2a: Umbreon\n|-damage|p2a: Umbreon|9\/100\n|move|p2a: Umbreon|Wish|p2a: Umbreon\n|\n|upkeep\n|turn|117\n|inactive|SMxVale has 30 seconds left this turn.\n|\n|t:|1627736382\n|switch|p1a: Landorus|Landorus-Therian, M|19\/100\n|-ability|p1a: Landorus|Intimidate|boost\n|-unboost|p2a: Umbreon|atk|1\n|move|p2a: Umbreon|Protect||[still]\n|-fail|p2a: Umbreon\n|\n|-heal|p2a: Umbreon|59\/100|[from] move: Wish|[wisher] Umbreon\n|-heal|p1a: Landorus|25\/100|[from] item: Leftovers\n|upkeep\n|turn|118\n|inactive|SMxVale has 30 seconds left this turn.\n|\n|t:|1627736390\n|switch|p1a: Clefable|Clefable, M|86\/100 psn\n|move|p2a: Umbreon|Foul Play|p1a: Clefable\n|-resisted|p1a: Clefable\n|-damage|p1a: Clefable|76\/100 psn\n|\n|upkeep\n|turn|119\n|inactive|SMxVale has 30 seconds left this turn.\n|\n|t:|1627736400\n|switch|p2a: Reuniclus|Reuniclus, F|64\/100\n|-damage|p2a: Reuniclus|51\/100|[from] Stealth Rock\n|move|p1a: Clefable|Moonblast|p2a: Reuniclus\n|-damage|p2a: Reuniclus|39\/100\n|\n|upkeep\n|turn|120\n|inactive|SMxVale has 30 seconds left this turn.\n|\n|t:|1627736413\n|move|p1a: Clefable|Moonblast|p2a: Reuniclus\n|-damage|p2a: Reuniclus|26\/100\n|-unboost|p2a: Reuniclus|spa|1\n|move|p2a: Reuniclus|Future Sight|p1a: Clefable\n|-start|p2a: Reuniclus|move: Future Sight\n|\n|upkeep\n|turn|121\n|inactive|SMxVale has 30 seconds left.\n|\n|t:|1627736419\n|switch|p2a: Toxapex|Toxapex, M|45\/100\n|-damage|p2a: Toxapex|33\/100|[from] Stealth Rock\n|move|p1a: Clefable|Moonblast|p2a: Toxapex\n|-resisted|p2a: Toxapex\n|-damage|p2a: Toxapex|20\/100\n|\n|upkeep\n|turn|122\n|inactive|SMxVale has 30 seconds left.\n|inactive|SMxVale has 20 seconds left.\n|inactive|SMxVale has 15 seconds left.\n|inactive|SMxVale has 10 seconds left.\n|\n|t:|1627736446\n|switch|p1a: Landorus|Landorus-Therian, M|25\/100\n|-ability|p1a: Landorus|Intimidate|boost\n|-unboost|p2a: Toxapex|atk|1\n|move|p2a: Toxapex|Recover|p2a: Toxapex\n|-heal|p2a: Toxapex|70\/100\n|\n|-end|p1a: Landorus|move: Future Sight\n|-damage|p1a: Landorus|0 fnt\n|faint|p1a: Landorus\n|upkeep\n|inactive|SMxVale has 15 seconds left this turn.\n|inactive|SMxVale has 10 seconds left.\n|\n|t:|1627736452\n|switch|p1a: Melmetal|Melmetal|88\/100\n|turn|123\n|inactive|SMxVale has 15 seconds left this turn.\n|inactive|SMxVale has 10 seconds left.\n|\n|t:|1627736461\n|switch|p2a: Garchomp|Garchomp, F|27\/100\n|-damage|p2a: Garchomp|21\/100|[from] Stealth Rock\n|move|p1a: Melmetal|Thunder Punch|p2a: Garchomp\n|-immune|p2a: Garchomp\n|\n|upkeep\n|turn|124\n|inactive|SMxVale has 15 seconds left this turn.\n|inactive|SMxVale has 10 seconds left.\n|inactive|SMxVale has 5 seconds left.\n|\n|t:|1627736474\n|move|p2a: Garchomp|Rest|p2a: Garchomp\n|-status|p2a: Garchomp|slp|[from] move: Rest\n|-heal|p2a: Garchomp|100\/100 slp|[silent]\n|move|p1a: Melmetal|Double Iron Bash|p2a: Garchomp\n|-damage|p2a: Garchomp|69\/100 slp\n|-activate|p2a: Garchomp|ability: Rough Skin\n|-activate|p1a: Melmetal|item: Protective Pads\n|-damage|p2a: Garchomp|39\/100 slp\n|-activate|p2a: Garchomp|ability: Rough Skin\n|-activate|p1a: Melmetal|item: Protective Pads\n|-hitcount|p2a: Garchomp|2\n|\n|upkeep\n|turn|125\n|inactive|SMxVale has 10 seconds left this turn.\n|\n|t:|1627736478\n|switch|p2a: Zapdos|Zapdos|88\/100\n|-damage|p2a: Zapdos|63\/100|[from] Stealth Rock\n|-ability|p2a: Zapdos|Pressure\n|move|p1a: Melmetal|Double Iron Bash|p2a: Zapdos\n|-resisted|p2a: Zapdos\n|-damage|p2a: Zapdos|46\/100\n|-resisted|p2a: Zapdos\n|-damage|p2a: Zapdos|29\/100\n|-hitcount|p2a: Zapdos|2\n|\n|upkeep\n|turn|126\n|inactive|SMxVale has 15 seconds left this turn.\n|inactive|SMxVale has 10 seconds left.\n|\n|t:|1627736492\n|switch|p1a: Clefable|Clefable, M|76\/100 psn\n|move|p2a: Zapdos|Heat Wave|p1a: Clefable\n|-damage|p1a: Clefable|56\/100 psn\n|\n|upkeep\n|turn|127\n|inactive|SMxVale has 15 seconds left this turn.\n|\n|t:|1627736496\n|move|p2a: Zapdos|Roost|p2a: Zapdos\n|-heal|p2a: Zapdos|79\/100\n|-singleturn|p2a: Zapdos|move: Roost\n|move|p1a: Clefable|Wish|p1a: Clefable\n|\n|upkeep\n|turn|128\n|inactive|SMxVale has 20 seconds left this turn.\n|inactive|SMxVale has 15 seconds left.\n|\n|t:|1627736503\n|switch|p2a: Toxapex|Toxapex, M|100\/100\n|-damage|p2a: Toxapex|88\/100|[from] Stealth Rock\n|move|p1a: Clefable|Moonblast|p2a: Toxapex\n|-resisted|p2a: Toxapex\n|-damage|p2a: Toxapex|76\/100\n|-unboost|p2a: Toxapex|spa|1\n|\n|-heal|p1a: Clefable|100\/100 psn|[from] move: Wish|[wisher] Clefable\n|upkeep\n|turn|129\n|inactive|SMxVale has 20 seconds left this turn.\n|inactive|SMxVale has 15 seconds left.\n|inactive|SMxVale has 10 seconds left.\n|inactive|SMxVale has 5 seconds left.\n|\n|t:|1627736519\n|switch|p2a: Reuniclus|Reuniclus, F|59\/100\n|-damage|p2a: Reuniclus|47\/100|[from] Stealth Rock\n|move|p1a: Clefable|Protect||[still]\n|-fail|p1a: Clefable\n|\n|upkeep\n|turn|130\n|inactive|SMxVale has 10 seconds left this turn.\n|\n|t:|1627736522\n|switch|p1a: Melmetal|Melmetal|88\/100\n|switch|p2a: Toxapex|Toxapex, M|100\/100\n|-damage|p2a: Toxapex|88\/100|[from] Stealth Rock\n|\n|upkeep\n|turn|131\n|inactive|SMxVale has 15 seconds left this turn.\n|j| LT84JM womenfist\n|\n|t:|1627736526\n|move|p1a: Melmetal|Thunder Wave|p2a: Toxapex\n|-status|p2a: Toxapex|par\n|move|p2a: Toxapex|Scald|p1a: Melmetal\n|-damage|p1a: Melmetal|70\/100\n|-status|p1a: Melmetal|brn\n|\n|-damage|p1a: Melmetal|64\/100 brn|[from] brn\n|upkeep\n|turn|132\n|inactive|SMxVale has 20 seconds left this turn.\n|\n|t:|1627736532\n|switch|p1a: Clefable|Clefable, M|100\/100 psn\n|switch|p2a: Umbreon|Umbreon, M|59\/100\n|-damage|p2a: Umbreon|47\/100|[from] Stealth Rock\n|\n|upkeep\n|turn|133\n|inactive|SMxVale has 25 seconds left this turn.\n|\n|t:|1627736536\n|switch|p2a: Zapdos|Zapdos|79\/100\n|-damage|p2a: Zapdos|54\/100|[from] Stealth Rock\n|-ability|p2a: Zapdos|Pressure\n|move|p1a: Clefable|Aromatherapy|p1a: Clefable\n|-activate|p1a: Clefable|move: Aromatherapy\n|-curestatus|p1a: Clefable|psn|[msg]\n|-curestatus|p1: Melmetal|brn|[msg]\n|\n|upkeep\n|turn|134\n|inactive|SMxVale has 30 seconds left this turn.\n|\n|t:|1627736556\n|move|p1a: Clefable|Protect|p1a: Clefable\n|-singleturn|p1a: Clefable|Protect\n|move|p2a: Zapdos|Roost|p2a: Zapdos\n|-heal|p2a: Zapdos|100\/100\n|-singleturn|p2a: Zapdos|move: Roost\n|\n|upkeep\n|turn|135\n|inactive|SMxVale has 30 seconds left this turn.\n|\n|t:|1627736564\n|move|p2a: Zapdos|Volt Switch|p1a: Clefable\n|-damage|p1a: Clefable|82\/100\n|inactive|SMxVale has 30 seconds left this turn.\n|\n|t:|1627736583\n|switch|p2a: Toxapex|Toxapex, M|100\/100 par|[from]move: Volt Switch\n|-damage|p2a: Toxapex|88\/100 par|[from] Stealth Rock\n|move|p1a: Clefable|Wish|p1a: Clefable\n|\n|upkeep\n|turn|136\n|inactive|SMxVale has 30 seconds left.\n|\n|t:|1627736590\n|switch|p1a: Dragapult|Dragapult, F|100\/100\n|-status|p1a: Dragapult|psn\n|move|p2a: Toxapex|Scald|p1a: Dragapult\n|-resisted|p1a: Dragapult\n|-damage|p1a: Dragapult|89\/100 psn\n|\n|-heal|p1a: Dragapult|100\/100 psn|[from] move: Wish|[wisher] Clefable\n|-damage|p1a: Dragapult|88\/100 psn|[from] psn\n|upkeep\n|turn|137\n|inactive|SMxVale has 30 seconds left.\n|\n|t:|1627736598\n|move|p1a: Dragapult|Thunder|p2a: Toxapex|[miss]\n|-miss|p1a: Dragapult|p2a: Toxapex\n|move|p2a: Toxapex|Recover|p2a: Toxapex\n|-heal|p2a: Toxapex|100\/100 par\n|\n|-damage|p1a: Dragapult|76\/100 psn|[from] psn\n|upkeep\n|turn|138\n|inactive|SMxVale has 30 seconds left.\n|\n|t:|1627736604\n|switch|p1a: Clefable|Clefable, M|82\/100\n|-status|p1a: Clefable|psn\n|switch|p2a: Garchomp|Garchomp, F|39\/100 slp\n|-damage|p2a: Garchomp|33\/100 slp|[from] Stealth Rock\n|\n|upkeep\n|turn|139\n|l| ChanseyDeBotas\n|inactive|SMxVale has 30 seconds left.\n|\n|t:|1627736617\n|switch|p2a: Toxapex|Toxapex, M|100\/100 par\n|-damage|p2a: Toxapex|88\/100 par|[from] Stealth Rock\n|switch|p1a: Melmetal|Melmetal|64\/100\n|\n|upkeep\n|turn|140\n|inactive|SMxVale has 30 seconds left this turn.\n|\n|t:|1627736624\n|switch|p1a: Dragapult|Dragapult, F|76\/100 psn\n|switch|p2a: Zapdos|Zapdos|100\/100\n|-damage|p2a: Zapdos|76\/100|[from] Stealth Rock\n|-ability|p2a: Zapdos|Pressure\n|\n|-damage|p1a: Dragapult|64\/100 psn|[from] psn\n|upkeep\n|turn|141\n|inactive|SMxVale has 30 seconds left this turn.\n|\n|t:|1627736630\n|switch|p2a: Reuniclus|Reuniclus, F|80\/100\n|-damage|p2a: Reuniclus|67\/100|[from] Stealth Rock\n|move|p1a: Dragapult|Shadow Ball|p2a: Reuniclus\n|-supereffective|p2a: Reuniclus\n|-damage|p2a: Reuniclus|19\/100\n|\n|-damage|p1a: Dragapult|51\/100 psn|[from] psn\n|upkeep\n|turn|142\n|\n|t:|1627736633\n|switch|p2a: Toxapex|Toxapex, M|100\/100 par\n|-damage|p2a: Toxapex|88\/100 par|[from] Stealth Rock\n|move|p1a: Dragapult|Shadow Ball|p2a: Toxapex\n|-crit|p2a: Toxapex\n|-damage|p2a: Toxapex|16\/100 par\n|\n|-damage|p1a: Dragapult|39\/100 psn|[from] psn\n|upkeep\n|turn|143\n|\n|t:|1627736662\n|switch|p1a: Clefable|Clefable, M|82\/100 psn\n|switch|p2a: Garchomp|Garchomp, F|33\/100 slp\n|-damage|p2a: Garchomp|26\/100 slp|[from] Stealth Rock\n|\n|upkeep\n|turn|144\n|\n|t:|1627736672\n|switch|p2a: Reuniclus|Reuniclus, F|52\/100\n|-damage|p2a: Reuniclus|40\/100|[from] Stealth Rock\n|move|p1a: Clefable|Wish|p1a: Clefable\n|\n|upkeep\n|turn|145\n|\n|t:|1627736679\n|switch|p1a: Melmetal|Melmetal|64\/100\n|move|p2a: Reuniclus|Knock Off|p1a: Melmetal\n|-damage|p1a: Melmetal|54\/100\n|-enditem|p1a: Melmetal|Protective Pads|[from] move: Knock Off|[of] p2a: Reuniclus\n|\n|-heal|p1a: Melmetal|100\/100|[from] move: Wish|[wisher] Clefable\n|upkeep\n|turn|146\n|\n|t:|1627736692\n|switch|p2a: Zapdos|Zapdos|76\/100\n|-damage|p2a: Zapdos|51\/100|[from] Stealth Rock\n|-ability|p2a: Zapdos|Pressure\n|move|p1a: Melmetal|Thunder Punch|p2a: Zapdos\n|-damage|p2a: Zapdos|23\/100\n|\n|upkeep\n|turn|147\n|inactive|SMxVale has 30 seconds left.\n|inactive|LT84JM Starbit has 120 seconds left.\n|c|\u2606SMxVale|wild game\n|\n|t:|1627736723\n|move|p2a: Zapdos|Heat Wave|p1a: Melmetal\n|-supereffective|p1a: Melmetal\n|-damage|p1a: Melmetal|36\/100\n|move|p1a: Melmetal|Earthquake|p2a: Zapdos\n|-immune|p2a: Zapdos\n|\n|upkeep\n|turn|148\n|\n|t:|1627736728\n|move|p2a: Zapdos|Heat Wave|p1a: Melmetal\n|-supereffective|p1a: Melmetal\n|-damage|p1a: Melmetal|0 fnt\n|faint|p1a: Melmetal\n|\n|upkeep\n|\n|t:|1627736732\n|switch|p1a: Dragapult|Dragapult, F|39\/100 psn\n|turn|149\n|inactive|LT84JM Starbit has 120 seconds left.\n|c|\u2606LT84JM Starbit|the fact that im still in this amazes me beyond belief\n|c|\u2606LT84JM Starbit|this mu was so disgusting\n|c|\u2606SMxVale|mu?\n|c|\u2606LT84JM Starbit|match up\n|j| LT84JM reje\n|c|\u2606SMxVale|ahh yeah\n|inactive|LT84JM Starbit has 90 seconds left.\n|c|\u2606SMxVale|double wish\n|\n|t:|1627736786\n|move|p1a: Dragapult|Shadow Ball|p2a: Zapdos\n|-damage|p2a: Zapdos|0 fnt\n|faint|p2a: Zapdos\n|\n|-damage|p1a: Dragapult|27\/100 psn|[from] psn\n|upkeep\n|\n|t:|1627736788\n|switch|p2a: Umbreon|Umbreon, M|47\/100\n|-damage|p2a: Umbreon|34\/100|[from] Stealth Rock\n|turn|150\n|\n|t:|1627736794\n|switch|p1a: Clefable|Clefable, M|82\/100 psn\n|move|p2a: Umbreon|Wish|p2a: Umbreon\n|\n|upkeep\n|turn|151\n|\n|t:|1627736808\n|move|p2a: Umbreon|Protect|p2a: Umbreon\n|-singleturn|p2a: Umbreon|Protect\n|move|p1a: Clefable|Moonblast|p2a: Umbreon\n|-activate|p2a: Umbreon|move: Protect\n|\n|-heal|p2a: Umbreon|84\/100|[from] move: Wish|[wisher] Umbreon\n|upkeep\n|turn|152\n|inactive|LT84JM Starbit has 90 seconds left.\n|c|\u2606SMxVale|last wishes lol\n|\n|t:|1627736827\n|switch|p2a: Reuniclus|Reuniclus, F|73\/100\n|-damage|p2a: Reuniclus|60\/100|[from] Stealth Rock\n|move|p1a: Clefable|Wish|p1a: Clefable\n|\n|upkeep\n|turn|153\n|inactive|LT84JM Starbit has 90 seconds left.\n|c| throw-rah|I've never seen this many aromatherapy's and heal bells used before :p\n|inactive|SMxVale has 30 seconds left.\n|\n|t:|1627736843\n|switch|p1a: Volcanion|Volcanion|70\/100\n|-status|p1a: Volcanion|psn\n|move|p2a: Reuniclus|Psyshock|p1a: Volcanion\n|-damage|p1a: Volcanion|42\/100 psn\n|\n|-heal|p1a: Volcanion|97\/100 psn|[from] move: Wish|[wisher] Clefable\n|-damage|p1a: Volcanion|84\/100 psn|[from] psn\n|upkeep\n|turn|154\n|inactive|SMxVale has 30 seconds left.\n|c|\u2606SMxVale|haha\n|c|\u2606SMxVale|yeah\n|\n|t:|1627736859\n|switch|p2a: Toxapex|Toxapex, M|49\/100 par\n|-damage|p2a: Toxapex|37\/100 par|[from] Stealth Rock\n|move|p1a: Volcanion|Steam Eruption|p2a: Toxapex\n|-resisted|p2a: Toxapex\n|-damage|p2a: Toxapex|10\/100 par\n|\n|-damage|p1a: Volcanion|72\/100 psn|[from] psn\n|upkeep\n|turn|155\n|inactive|SMxVale has 30 seconds left.\n|\n|t:|1627736868\n|switch|p2a: Reuniclus|Reuniclus, F|94\/100\n|-damage|p2a: Reuniclus|81\/100|[from] Stealth Rock\n|move|p1a: Volcanion|Steam Eruption|p2a: Reuniclus\n|-damage|p2a: Reuniclus|56\/100\n|\n|-damage|p1a: Volcanion|60\/100 psn|[from] psn\n|upkeep\n|turn|156\n|inactive|SMxVale has 30 seconds left.\n|inactive|SMxVale has 20 seconds left.\n|inactive|LT84JM Starbit has 60 seconds left.\n|\n|t:|1627736913\n|switch|p1a: Garchomp|Garchomp, F|18\/100\n|-status|p1a: Garchomp|psn\n|switch|p2a: Garchomp|Garchomp, F|26\/100 slp\n|-damage|p2a: Garchomp|20\/100 slp|[from] Stealth Rock\n|\n|-damage|p1a: Garchomp|5\/100 psn|[from] psn\n|upkeep\n|turn|157\n|inactive|SMxVale has 25 seconds left this turn.\n|c|\u2606SMxVale|i lost too much time thinking and made bad plays\n|inactive|SMxVale has 20 seconds left.\n|inactive|SMxVale has 15 seconds left.\n|\n|t:|1627736924\n|move|p1a: Garchomp|Earthquake|p2a: Garchomp\n|-damage|p2a: Garchomp|0 fnt\n|faint|p2a: Garchomp\n|\n|-damage|p1a: Garchomp|0 fnt|[from] psn\n|faint|p1a: Garchomp\n|upkeep\n|inactive|SMxVale has 20 seconds left this turn.\n|\n|t:|1627736939\n|switch|p1a: Dragapult|Dragapult, F|27\/100 psn\n|switch|p2a: Umbreon|Umbreon, M|84\/100\n|-damage|p2a: Umbreon|72\/100|[from] Stealth Rock\n|turn|158\n|inactive|SMxVale has 25 seconds left this turn.\n|inactive|SMxVale has 20 seconds left.\n|\n|t:|1627736948\n|switch|p1a: Clefable|Clefable, M|82\/100 psn\n|move|p2a: Umbreon|Protect||[still]\n|-fail|p2a: Umbreon\n|\n|upkeep\n|turn|159\n|inactive|SMxVale has 25 seconds left this turn.\n|inactive|SMxVale has 20 seconds left.\n|\n|t:|1627736960\n|move|p2a: Umbreon|Protect|p2a: Umbreon\n|-singleturn|p2a: Umbreon|Protect\n|move|p1a: Clefable|Moonblast|p2a: Umbreon\n|-activate|p2a: Umbreon|move: Protect\n|\n|upkeep\n|turn|160\n|inactive|SMxVale has 25 seconds left this turn.\n|inactive|SMxVale has 20 seconds left.\n|inactive|SMxVale has 15 seconds left.\n|c| throw-rah|how will the last wish be spent? lmao\n|\n|t:|1627736972\n|move|p2a: Umbreon|Heal Bell|p2a: Umbreon\n|-activate|p2a: Umbreon|move: Heal Bell\n|-curestatus|p2: Toxapex|par|[msg]\n|move|p1a: Clefable|Moonblast|p2a: Umbreon\n|-supereffective|p2a: Umbreon\n|-damage|p2a: Umbreon|29\/100\n|\n|upkeep\n|turn|161\n|inactive|SMxVale has 20 seconds left this turn.\n|inactive|SMxVale has 15 seconds left.\n|\n|t:|1627736980\n|switch|p2a: Toxapex|Toxapex, M|43\/100\n|-damage|p2a: Toxapex|31\/100|[from] Stealth Rock\n|move|p1a: Clefable|Moonblast|p2a: Toxapex\n|-resisted|p2a: Toxapex\n|-damage|p2a: Toxapex|18\/100\n|-unboost|p2a: Toxapex|spa|1\n|\n|upkeep\n|turn|162\n|inactive|SMxVale has 20 seconds left this turn.\n|inactive|SMxVale has 15 seconds left.\n|\n|t:|1627736989\n|switch|p1a: Dragapult|Dragapult, F|27\/100 psn\n|move|p2a: Toxapex|Recover|p2a: Toxapex\n|-heal|p2a: Toxapex|68\/100\n|\n|-damage|p1a: Dragapult|14\/100 psn|[from] psn\n|upkeep\n|turn|163\n|inactive|SMxVale has 20 seconds left this turn.\n|\n|t:|1627737001\n|switch|p2a: Reuniclus|Reuniclus, F|89\/100\n|-damage|p2a: Reuniclus|77\/100|[from] Stealth Rock\n|move|p1a: Dragapult|Thunder|p2a: Reuniclus\n|-damage|p2a: Reuniclus|56\/100\n|\n|-damage|p1a: Dragapult|2\/100 psn|[from] psn\n|upkeep\n|turn|164\n|inactive|SMxVale has 25 seconds left this turn.\n|inactive|SMxVale has 20 seconds left.\n|\n|t:|1627737007\n|switch|p1a: Clefable|Clefable, M|82\/100 psn\n|switch|p2a: Umbreon|Umbreon, M|29\/100\n|-damage|p2a: Umbreon|16\/100|[from] Stealth Rock\n|\n|upkeep\n|turn|165\n|inactive|SMxVale has 25 seconds left this turn.\n|inactive|SMxVale has 20 seconds left.\n|inactive|SMxVale has 15 seconds left.\n|c|\u2606LT84JM Starbit|trick question\n|c|\u2606LT84JM Starbit|it won't\n|inactive|SMxVale has 10 seconds left.\n|\n|t:|1627737025\n|switch|p2a: Reuniclus|Reuniclus, F|89\/100\n|-damage|p2a: Reuniclus|77\/100|[from] Stealth Rock\n|switch|p1a: Volcanion|Volcanion|60\/100 psn\n|\n|-damage|p1a: Volcanion|47\/100 psn|[from] psn\n|upkeep\n|turn|166\n|inactive|SMxVale has 15 seconds left this turn.\n|inactive|SMxVale has 10 seconds left.\n|inactive|SMxVale has 5 seconds left.\n|\n|t:|1627737036\n|move|p1a: Volcanion|Steam Eruption|p2a: Reuniclus\n|-damage|p2a: Reuniclus|52\/100\n|move|p2a: Reuniclus|Psyshock|p1a: Volcanion\n|-damage|p1a: Volcanion|19\/100 psn\n|\n|-damage|p1a: Volcanion|7\/100 psn|[from] psn\n|upkeep\n|turn|167\n|inactive|SMxVale has 10 seconds left this turn.\n|inactive|SMxVale has 5 seconds left.\n|inactive|LT84JM Starbit has 60 seconds left.\n|c| throw-rah|such a tease\n|\n|t:|1627737042\n|switch|p2a: Toxapex|Toxapex, M|100\/100\n|-damage|p2a: Toxapex|88\/100|[from] Stealth Rock\n|move|p1a: Volcanion|Steam Eruption|p2a: Toxapex\n|-resisted|p2a: Toxapex\n|-damage|p2a: Toxapex|62\/100\n|\n|-damage|p1a: Volcanion|0 fnt|[from] psn\n|faint|p1a: Volcanion\n|upkeep\n|inactive|SMxVale has 10 seconds left this turn.\n|\n|t:|1627737045\n|switch|p1a: Dragapult|Dragapult, F|2\/100 psn\n|turn|168\n|inactive|SMxVale has 15 seconds left this turn.\n|inactive|SMxVale has 10 seconds left.\n|inactive|LT84JM Starbit has 60 seconds left.\n|\n|t:|1627737066\n|switch|p2a: Umbreon|Umbreon, M|16\/100\n|-damage|p2a: Umbreon|4\/100|[from] Stealth Rock\n|move|p1a: Dragapult|U-turn|p2a: Umbreon\n|-supereffective|p2a: Umbreon\n|-damage|p2a: Umbreon|0 fnt\n|faint|p2a: Umbreon\n|inactive|SMxVale has 15 seconds left this turn.\n|\n|t:|1627737069\n|switch|p1a: Clefable|Clefable, M|82\/100 psn|[from]move: U-turn\n|\n|upkeep\n|inactive|SMxVale has 20 seconds left this turn.\n|\n|t:|1627737073\n|switch|p2a: Reuniclus|Reuniclus, F|85\/100\n|-damage|p2a: Reuniclus|73\/100|[from] Stealth Rock\n|turn|169\n|inactive|SMxVale has 25 seconds left this turn.\n|c| throw-rah|Wild\n|inactive|SMxVale has 20 seconds left.\n|inactive|SMxVale has 15 seconds left.\n|\n|t:|1627737086\n|move|p1a: Clefable|Protect|p1a: Clefable\n|-singleturn|p1a: Clefable|Protect\n|move|p2a: Reuniclus|Future Sight|p1a: Clefable\n|-start|p2a: Reuniclus|move: Future Sight\n|\n|upkeep\n|turn|170\n|inactive|SMxVale has 20 seconds left this turn.\n|inactive|SMxVale has 15 seconds left.\n|\n|t:|1627737093\n|move|p1a: Clefable|Aromatherapy|p1a: Clefable\n|-activate|p1a: Clefable|move: Aromatherapy\n|-curestatus|p1a: Clefable|psn|[msg]\n|-curestatus|p1: Dragapult|psn|[msg]\n|move|p2a: Reuniclus|Psyshock|p1a: Clefable\n|-damage|p1a: Clefable|42\/100\n|\n|upkeep\n|turn|171\n|inactive|SMxVale has 20 seconds left this turn.\n|\n|t:|1627737096\n|move|p1a: Clefable|Moonblast|p2a: Reuniclus\n|-damage|p2a: Reuniclus|60\/100\n|-unboost|p2a: Reuniclus|spa|1\n|move|p2a: Reuniclus|Psyshock|p1a: Clefable\n|-damage|p1a: Clefable|18\/100\n|\n|-end|p1a: Clefable|move: Future Sight\n|-damage|p1a: Clefable|0 fnt\n|faint|p1a: Clefable\n|upkeep\n|inactive|SMxVale has 25 seconds left this turn.\n|c|\u2606LT84JM Starbit|ggs\n|c|\u2606SMxVale|gg\n|\n|t:|1627737101\n|switch|p1a: Dragapult|Dragapult, F|2\/100\n|-status|p1a: Dragapult|psn\n|turn|172\n|inactive|SMxVale has 30 seconds left this turn.\n|\n|t:|1627737104\n|switch|p2a: Toxapex|Toxapex, M|95\/100\n|-damage|p2a: Toxapex|83\/100|[from] Stealth Rock\n|move|p1a: Dragapult|Shadow Ball|p2a: Toxapex\n|-damage|p2a: Toxapex|37\/100\n|\n|-damage|p1a: Dragapult|0 fnt|[from] psn\n|faint|p1a: Dragapult\n|\n|win|LT84JM Starbit\n|upkeep\n|raw|SMxVale's rating: 1756 &rarr; <strong>1736<\/strong><br \/>(-20 for losing)\n|raw|LT84JM Starbit's rating: 1752 &rarr; <strong>1772<\/strong><br \/>(+20 for winning)\n","uploadtime":1627737111,"views":10,"p1id":"smxvale","p2id":"lt84jmstarbit","formatid":"gen8ou","rating":1736,"private":0,"password":null}