{"id":"gen8bdspou-1467947491","p1":"Foolish Players","p2":"Kneeckohla Gaming","format":"gen8bdspou","log":"|html|<div class=\"broadcast-blue\"><strong>[Gen 8 BDSP] OU is currently suspecting Latios! For information on how to participate check out the <a href=\"https:\/\/www.smogon.com\/forums\/threads\/np-bdsp-ou-suspect-process-round-1-mr-blue-sky.3694109\/\">suspect thread<\/a>.<\/strong><\/div>\n|j|\u2606Foolish Players\n|j|\u2606Kneeckohla Gaming\n|t:|1638825060\n|gametype|singles\n|player|p1|Foolish Players|swimmer-gen1rb|1114\n|player|p2|Kneeckohla Gaming|lucas|1115\n|teamsize|p1|6\n|teamsize|p2|6\n|gen|8\n|tier|[Gen 8 BDSP] OU\n|rated|\n|rule|Sleep Clause Mod: Limit one foe put to sleep\n|rule|Species Clause: Limit one of each Pok\u00e9mon\n|rule|OHKO Clause: OHKO moves are banned\n|rule|Evasion Moves Clause: Evasion moves are banned\n|rule|Endless Battle Clause: Forcing endless battles is banned\n|rule|HP Percentage Mod: HP is shown in percentages\n|clearpoke\n|poke|p1|Mantine, F|\n|poke|p1|Tyranitar, F|\n|poke|p1|Hippowdon, F|\n|poke|p1|Latios, M|\n|poke|p1|Heatran, F|\n|poke|p1|Garchomp, F|\n|poke|p2|Garchomp, F|\n|poke|p2|Manaphy|\n|poke|p2|Scizor, M|\n|poke|p2|Gengar, M|\n|poke|p2|Infernape, M|\n|poke|p2|Glaceon, M|\n|teampreview\n|inactive|Battle timer is ON: inactive players will automatically lose when time's up. (requested by Kneeckohla Gaming)\n|inactive|Foolish Players also wants the timer to be on.\n|inactive|Foolish Players has 120 seconds left.\n|\n|t:|1638825110\n|start\n|switch|p1a: Hippowdon|Hippowdon, F|100\/100\n|switch|p2a: Manaphy|Manaphy|100\/100\n|-weather|Sandstorm|[from] ability: Sand Stream|[of] p1a: Hippowdon\n|turn|1\n|inactive|Foolish Players has 120 seconds left.\n|\n|t:|1638825141\n|switch|p1a: Latios|Latios, M|100\/100\n|move|p2a: Manaphy|Tail Glow|p2a: Manaphy\n|-boost|p2a: Manaphy|spa|3\n|\n|-weather|Sandstorm|[upkeep]\n|-damage|p1a: Latios|95\/100|[from] Sandstorm\n|-damage|p2a: Manaphy|94\/100|[from] Sandstorm\n|upkeep\n|turn|2\n|\n|t:|1638825149\n|move|p1a: Latios|Thunderbolt|p2a: Manaphy\n|-supereffective|p2a: Manaphy\n|-damage|p2a: Manaphy|8\/100\n|-damage|p1a: Latios|85\/100|[from] item: Life Orb\n|move|p2a: Manaphy|Ice Beam|p1a: Latios\n|-supereffective|p1a: Latios\n|-damage|p1a: Latios|0 fnt\n|faint|p1a: Latios\n|-damage|p2a: Manaphy|0 fnt|[from] item: Life Orb\n|faint|p2a: Manaphy\n|\n|-weather|Sandstorm|[upkeep]\n|upkeep\n|inactive|Foolish Players has 120 seconds left.\n|inactive|Kneeckohla Gaming has 120 seconds left.\n|\n|t:|1638825186\n|switch|p1a: Garchomp|Garchomp, F, shiny|100\/100\n|switch|p2a: Garchomp|Garchomp, F|100\/100\n|turn|3\n|inactive|Kneeckohla Gaming has 120 seconds left.\n|inactive|Foolish Players has 120 seconds left.\n|\n|t:|1638825207\n|switch|p2a: Scizor|Scizor, M|100\/100\n|move|p1a: Garchomp|Outrage|p2a: Scizor\n|-resisted|p2a: Scizor\n|-damage|p2a: Scizor|69\/100\n|\n|-weather|Sandstorm|[upkeep]\n|upkeep\n|turn|4\n|inactive|Kneeckohla Gaming has 120 seconds left.\n|\n|t:|1638825236\n|move|p2a: Scizor|Bullet Punch|p1a: Garchomp\n|-damage|p1a: Garchomp|59\/100\n|move|p1a: Garchomp|Outrage|p2a: Scizor|[from]lockedmove\n|-resisted|p2a: Scizor\n|-damage|p2a: Scizor|38\/100\n|\n|-weather|Sandstorm|[upkeep]\n|-heal|p1a: Garchomp|66\/100|[from] item: Leftovers\n|upkeep\n|turn|5\n|inactive|Foolish Players has 120 seconds left.\n|\n|t:|1638825249\n|move|p2a: Scizor|Bullet Punch|p1a: Garchomp|[miss]\n|-miss|p2a: Scizor|p1a: Garchomp\n|move|p1a: Garchomp|Outrage|p2a: Scizor|[from]lockedmove\n|-resisted|p2a: Scizor\n|-damage|p2a: Scizor|8\/100\n|-start|p1a: Garchomp|confusion|[fatigue]\n|\n|-weather|none\n|-heal|p1a: Garchomp|72\/100|[from] item: Leftovers\n|upkeep\n|turn|6\n|inactive|Foolish Players has 120 seconds left.\n|\n|t:|1638825267\n|switch|p2a: Glaceon|Glaceon, M|100\/100\n|-activate|p1a: Garchomp|confusion\n|move|p1a: Garchomp|Earthquake|p2a: Glaceon\n|-damage|p2a: Glaceon|51\/100\n|\n|-heal|p1a: Garchomp|78\/100|[from] item: Leftovers\n|upkeep\n|turn|7\n|inactive|Foolish Players has 120 seconds left.\n|\n|t:|1638825289\n|switch|p1a: Heatran|Heatran, F, shiny|100\/100\n|move|p2a: Glaceon|Ice Beam|p1a: Heatran\n|-resisted|p1a: Heatran\n|-damage|p1a: Heatran|89\/100\n|\n|upkeep\n|turn|8\n|\n|t:|1638825304\n|switch|p2a: Garchomp|Garchomp, F|100\/100\n|move|p1a: Heatran|Flash Cannon|p2a: Garchomp\n|-damage|p2a: Garchomp|34\/100\n|-unboost|p2a: Garchomp|spd|1\n|\n|upkeep\n|turn|9\n|inactive|Kneeckohla Gaming has 90 seconds left.\n|\n|t:|1638825345\n|switch|p1a: Hippowdon|Hippowdon, F|100\/100\n|-weather|Sandstorm|[from] ability: Sand Stream|[of] p1a: Hippowdon\n|move|p2a: Garchomp|Earthquake|p1a: Hippowdon\n|-damage|p1a: Hippowdon|77\/100\n|\n|-weather|Sandstorm|[upkeep]\n|-heal|p1a: Hippowdon|83\/100|[from] item: Leftovers\n|upkeep\n|turn|10\n|inactive|Foolish Players has 120 seconds left.\n|inactive|Kneeckohla Gaming has 60 seconds left.\n|\n|t:|1638825363\n|move|p2a: Garchomp|Earthquake|p1a: Hippowdon\n|-damage|p1a: Hippowdon|59\/100\n|move|p1a: Hippowdon|Earthquake|p2a: Garchomp\n|-damage|p2a: Garchomp|0 fnt\n|faint|p2a: Garchomp\n|\n|-weather|Sandstorm|[upkeep]\n|-heal|p1a: Hippowdon|65\/100|[from] item: Leftovers\n|upkeep\n|inactive|Kneeckohla Gaming has 60 seconds left.\n|\n|t:|1638825373\n|switch|p2a: Infernape|Infernape, M|100\/100\n|turn|11\n|inactive|Foolish Players has 120 seconds left.\n|\n|t:|1638825383\n|move|p2a: Infernape|Close Combat|p1a: Hippowdon\n|-damage|p1a: Hippowdon|40\/100\n|-unboost|p2a: Infernape|def|1\n|-unboost|p2a: Infernape|spd|1\n|move|p1a: Hippowdon|Earthquake|p2a: Infernape\n|-supereffective|p2a: Infernape\n|-damage|p2a: Infernape|0 fnt\n|faint|p2a: Infernape\n|\n|-weather|Sandstorm|[upkeep]\n|-heal|p1a: Hippowdon|46\/100|[from] item: Leftovers\n|upkeep\n|-message|Kneeckohla Gaming forfeited.\n|\n|win|Foolish Players\n|raw|Foolish Players's rating: 1114 &rarr; <strong>1139<\/strong><br \/>(+25 for winning)\n|raw|Kneeckohla Gaming's rating: 1115 &rarr; <strong>1090<\/strong><br \/>(-25 for losing)\n","uploadtime":1638825395,"views":5,"p1id":"foolishplayers","p2id":"kneeckohlagaming","formatid":"gen8bdspou","rating":1090,"private":0,"password":null}