{"id":"gen8nationaldex-1440423641","p1":"Hikari-miyako","p2":"Banda Calypso","format":"gen8nationaldex","log":"|j|\u2606Hikari-miyako\n|j|\u2606Banda Calypso\n|t:|1634931272\n|gametype|singles\n|player|p1|Hikari-miyako|ariana|1668\n|player|p2|Banda Calypso|ash-kalos|1740\n|teamsize|p1|6\n|teamsize|p2|6\n|gen|8\n|tier|[Gen 8] National Dex\n|rated|\n|rule|HP Percentage Mod: HP is shown in percentages\n|rule|Endless Battle Clause: Forcing endless battles is banned\n|rule|OHKO Clause: OHKO moves are banned\n|rule|Evasion Moves Clause: Evasion moves are banned\n|rule|Species Clause: Limit one of each Pok\u00e9mon\n|rule|Dynamax Clause: You cannot dynamax\n|rule|Sleep Clause Mod: Limit one foe put to sleep\n|clearpoke\n|poke|p1|Zapdos|\n|poke|p1|Greninja, F|\n|poke|p1|Tyranitar, M|\n|poke|p1|Serperior, M|\n|poke|p1|Landorus-Therian, M|\n|poke|p1|Aegislash, F|\n|poke|p2|Pelipper, F|\n|poke|p2|Swampert, M|\n|poke|p2|Ferrothorn, F|\n|poke|p2|Zapdos|\n|poke|p2|Barraskewda, F|\n|poke|p2|Kommo-o, M|\n|teampreview\n|inactive|Battle timer is ON: inactive players will automatically lose when time's up. (requested by Hikari-miyako)\n|\n|t:|1634931290\n|start\n|switch|p1a: Landorus|Landorus-Therian, M|100\/100\n|switch|p2a: Pelipper|Pelipper, F, shiny|100\/100\n|-ability|p1a: Landorus|Intimidate|boost\n|-unboost|p2a: Pelipper|atk|1\n|-weather|RainDance|[from] ability: Drizzle|[of] p2a: Pelipper\n|turn|1\n|\n|t:|1634931299\n|move|p1a: Landorus|Stealth Rock|p2a: Pelipper\n|-sidestart|p2: Banda Calypso|move: Stealth Rock\n|move|p2a: Pelipper|Scald|p1a: Landorus\n|-supereffective|p1a: Landorus\n|-damage|p1a: Landorus|5\/100\n|\n|-weather|RainDance|[upkeep]\n|upkeep\n|turn|2\n|\n|t:|1634931306\n|move|p1a: Landorus|U-turn|p2a: Pelipper\n|-resisted|p2a: Pelipper\n|-damage|p2a: Pelipper|90\/100\n|\n|t:|1634931309\n|switch|p1a: Tyranitar|Tyranitar, M|100\/100|[from]move: U-turn\n|-weather|Sandstorm|[from] ability: Sand Stream|[of] p1a: Tyranitar\n|move|p2a: Pelipper|Defog|p1a: Tyranitar\n|-unboost|p1a: Tyranitar|evasion|1\n|-sideend|p2: Banda Calypso|Stealth Rock|[from] move: Defog|[of] p2a: Pelipper\n|\n|-weather|Sandstorm|[upkeep]\n|-damage|p2a: Pelipper|84\/100|[from] Sandstorm\n|upkeep\n|turn|3\n|\n|t:|1634931325\n|switch|p2a: Swampert|Swampert, M|100\/100\n|move|p1a: Tyranitar|Crunch|p2a: Swampert\n|-damage|p2a: Swampert|49\/100\n|\n|-weather|Sandstorm|[upkeep]\n|upkeep\n|turn|4\n|\n|t:|1634931332\n|detailschange|p1a: Tyranitar|Tyranitar-Mega, M\n|-mega|p1a: Tyranitar|Tyranitar|Tyranitarite\n|detailschange|p2a: Swampert|Swampert-Mega, M\n|-mega|p2a: Swampert|Swampert|Swampertite\n|move|p1a: Tyranitar|Crunch|p2a: Swampert\n|-damage|p2a: Swampert|1\/100\n|move|p2a: Swampert|Flip Turn|p1a: Tyranitar\n|-supereffective|p1a: Tyranitar\n|-damage|p1a: Tyranitar|51\/100\n|\n|t:|1634931342\n|switch|p2a: Barraskewda|Barraskewda, F|100\/100|[from]move: Flip Turn\n|\n|-weather|Sandstorm|[upkeep]\n|-damage|p2a: Barraskewda|94\/100|[from] Sandstorm\n|upkeep\n|turn|5\n|\n|t:|1634931345\n|switch|p1a: Zapdos|Zapdos|100\/100\n|move|p2a: Barraskewda|Flip Turn|p1a: Zapdos\n|-damage|p1a: Zapdos|51\/100\n|-status|p2a: Barraskewda|par|[from] ability: Static|[of] p1a: Zapdos\n|\n|t:|1634931353\n|switch|p2a: Pelipper|Pelipper, F, shiny|84\/100|[from]move: Flip Turn\n|-weather|RainDance|[from] ability: Drizzle|[of] p2a: Pelipper\n|\n|-weather|RainDance|[upkeep]\n|upkeep\n|turn|6\n|\n|t:|1634931356\n|switch|p2a: Swampert|Swampert-Mega, M|1\/100\n|move|p1a: Zapdos|Roost|p1a: Zapdos\n|-heal|p1a: Zapdos|100\/100\n|-singleturn|p1a: Zapdos|move: Roost\n|\n|-weather|RainDance|[upkeep]\n|upkeep\n|turn|7\n|\n|t:|1634931362\n|switch|p1a: Landorus|Landorus-Therian, M|5\/100\n|-ability|p1a: Landorus|Intimidate|boost\n|-unboost|p2a: Swampert|atk|1\n|move|p2a: Swampert|Waterfall|p1a: Landorus\n|-supereffective|p1a: Landorus\n|-damage|p1a: Landorus|0 fnt\n|-damage|p2a: Swampert|0 fnt|[from] item: Rocky Helmet|[of] p1a: Landorus\n|faint|p1a: Landorus\n|faint|p2a: Swampert\n|\n|-weather|RainDance|[upkeep]\n|upkeep\n|\n|t:|1634931370\n|switch|p1a: Tyranitar|Tyranitar-Mega, M|51\/100\n|switch|p2a: Kommo-o|Kommo-o, M|100\/100\n|-weather|Sandstorm|[from] ability: Sand Stream|[of] p1a: Tyranitar\n|turn|8\n|\n|t:|1634931377\n|switch|p1a: Aegislash|Aegislash, F|100\/100\n|move|p2a: Kommo-o|Drain Punch|p1a: Aegislash\n|-immune|p1a: Aegislash\n|\n|-weather|Sandstorm|[upkeep]\n|-damage|p2a: Kommo-o|94\/100|[from] Sandstorm\n|upkeep\n|turn|9\n|\n|t:|1634931392\n|switch|p2a: Pelipper|Pelipper, F, shiny|84\/100\n|-weather|RainDance|[from] ability: Drizzle|[of] p2a: Pelipper\n|move|p1a: Aegislash|King's Shield||[still]\n|-fail|p1a: Aegislash\n|\n|-weather|RainDance|[upkeep]\n|upkeep\n|turn|10\n|\n|t:|1634931396\n|move|p2a: Pelipper|Scald|p1a: Aegislash\n|-damage|p1a: Aegislash|71\/100\n|-formechange|p1a: Aegislash|Aegislash-Blade||[from] ability: Stance Change\n|move|p1a: Aegislash|Shadow Ball|p2a: Pelipper\n|-damage|p2a: Pelipper|27\/100\n|\n|-weather|RainDance|[upkeep]\n|upkeep\n|turn|11\n|\n|t:|1634931404\n|switch|p1a: Zapdos|Zapdos|100\/100\n|move|p2a: Pelipper|Roost|p2a: Pelipper\n|-heal|p2a: Pelipper|77\/100\n|-singleturn|p2a: Pelipper|move: Roost\n|\n|-weather|RainDance|[upkeep]\n|upkeep\n|turn|12\n|\n|t:|1634931409\n|switch|p2a: Zapdos|Zapdos, shiny|100\/100\n|move|p1a: Zapdos|Volt Switch|p2a: Zapdos\n|-damage|p2a: Zapdos|56\/100\n|\n|t:|1634931412\n|switch|p1a: Greninja|Greninja, F|100\/100|[from]move: Volt Switch\n|\n|-weather|RainDance|[upkeep]\n|upkeep\n|turn|13\n|\n|t:|1634931416\n|switch|p2a: Ferrothorn|Ferrothorn, F|100\/100\n|move|p1a: Greninja|Ice Beam|p2a: Ferrothorn\n|-start|p1a: Greninja|typechange|Ice|[from] ability: Protean\n|-damage|p2a: Ferrothorn|58\/100\n|-damage|p1a: Greninja|91\/100|[from] item: Life Orb\n|\n|-weather|RainDance|[upkeep]\n|-heal|p2a: Ferrothorn|64\/100|[from] item: Leftovers\n|upkeep\n|turn|14\n|\n|t:|1634931427\n|switch|p1a: Tyranitar|Tyranitar-Mega, M|51\/100\n|-weather|Sandstorm|[from] ability: Sand Stream|[of] p1a: Tyranitar\n|move|p2a: Ferrothorn|Thunder Wave|p1a: Tyranitar\n|-status|p1a: Tyranitar|par\n|\n|-weather|Sandstorm|[upkeep]\n|-heal|p2a: Ferrothorn|70\/100|[from] item: Leftovers\n|upkeep\n|turn|15\n|\n|t:|1634931431\n|move|p1a: Tyranitar|Crunch|p2a: Ferrothorn\n|-damage|p2a: Ferrothorn|40\/100\n|-damage|p1a: Tyranitar|38\/100 par|[from] ability: Iron Barbs|[of] p2a: Ferrothorn\n|move|p2a: Ferrothorn|Power Whip|p1a: Tyranitar\n|-supereffective|p1a: Tyranitar\n|-damage|p1a: Tyranitar|0 fnt\n|faint|p1a: Tyranitar\n|\n|-weather|Sandstorm|[upkeep]\n|-heal|p2a: Ferrothorn|46\/100|[from] item: Leftovers\n|upkeep\n|\n|t:|1634931435\n|switch|p1a: Greninja|Greninja, F|91\/100\n|turn|16\n|\n|t:|1634931439\n|switch|p2a: Pelipper|Pelipper, F, shiny|77\/100\n|-weather|RainDance|[from] ability: Drizzle|[of] p2a: Pelipper\n|move|p1a: Greninja|Hidden Power|p2a: Pelipper\n|-start|p1a: Greninja|typechange|Fire|[from] ability: Protean\n|-resisted|p2a: Pelipper\n|-damage|p2a: Pelipper|65\/100\n|-damage|p1a: Greninja|81\/100|[from] item: Life Orb\n|\n|-weather|RainDance|[upkeep]\n|upkeep\n|turn|17\n|\n|t:|1634931443\n|switch|p2a: Barraskewda|Barraskewda, F|94\/100 par\n|move|p1a: Greninja|Ice Beam|p2a: Barraskewda\n|-start|p1a: Greninja|typechange|Ice|[from] ability: Protean\n|-resisted|p2a: Barraskewda\n|-damage|p2a: Barraskewda|39\/100 par\n|-damage|p1a: Greninja|71\/100|[from] item: Life Orb\n|\n|-weather|RainDance|[upkeep]\n|upkeep\n|turn|18\n|\n|t:|1634931459\n|switch|p1a: Zapdos|Zapdos|100\/100\n|switch|p2a: Zapdos|Zapdos, shiny|56\/100\n|\n|-weather|RainDance|[upkeep]\n|upkeep\n|turn|19\n|\n|t:|1634931466\n|move|p2a: Zapdos|Thunder|p1a: Zapdos\n|-damage|p1a: Zapdos|48\/100\n|move|p1a: Zapdos|Hidden Power|p2a: Zapdos\n|-supereffective|p2a: Zapdos\n|-damage|p2a: Zapdos|10\/100\n|\n|-weather|RainDance|[upkeep]\n|upkeep\n|turn|20\n|\n|t:|1634931472\n|move|p2a: Zapdos|Thunder|p1a: Zapdos\n|-damage|p1a: Zapdos|0 fnt\n|faint|p1a: Zapdos\n|\n|-weather|RainDance|[upkeep]\n|upkeep\n|\n|t:|1634931474\n|switch|p1a: Serperior|Serperior, M|100\/100\n|turn|21\n|\n|t:|1634931476\n|move|p1a: Serperior|Leaf Storm|p2a: Zapdos\n|-resisted|p2a: Zapdos\n|-damage|p2a: Zapdos|0 fnt\n|-boost|p1a: Serperior|spa|2\n|faint|p2a: Zapdos\n|\n|-weather|RainDance|[upkeep]\n|upkeep\n|\n|t:|1634931482\n|switch|p2a: Kommo-o|Kommo-o, M|94\/100\n|turn|22\n|\n|t:|1634931484\n|move|p1a: Serperior|Leaf Storm|p2a: Kommo-o|[miss]\n|-miss|p1a: Serperior|p2a: Kommo-o\n|-zpower|p2a: Kommo-o\n|move|p2a: Kommo-o|Clangorous Soulblaze|p1a: Serperior|[zeffect]\n|-damage|p1a: Serperior|4\/100\n|-boost|p2a: Kommo-o|atk|1\n|-boost|p2a: Kommo-o|def|1\n|-boost|p2a: Kommo-o|spa|1\n|-boost|p2a: Kommo-o|spd|1\n|-boost|p2a: Kommo-o|spe|1\n|\n|-weather|RainDance|[upkeep]\n|upkeep\n|turn|23\n|\n|t:|1634931490\n|move|p1a: Serperior|Leaf Storm|p2a: Kommo-o\n|-resisted|p2a: Kommo-o\n|-damage|p2a: Kommo-o|52\/100\n|-boost|p1a: Serperior|spa|2\n|move|p2a: Kommo-o|Flamethrower|p1a: Serperior\n|-supereffective|p1a: Serperior\n|-damage|p1a: Serperior|0 fnt\n|faint|p1a: Serperior\n|\n|-weather|none\n|upkeep\n|\n|t:|1634931493\n|switch|p1a: Aegislash|Aegislash, F|71\/100\n|turn|24\n|\n|t:|1634931496\n|move|p2a: Kommo-o|Flamethrower|p1a: Aegislash\n|-supereffective|p1a: Aegislash\n|-damage|p1a: Aegislash|15\/100\n|-enditem|p1a: Aegislash|Weakness Policy\n|-boost|p1a: Aegislash|atk|2|[from] item: Weakness Policy\n|-boost|p1a: Aegislash|spa|2|[from] item: Weakness Policy\n|-formechange|p1a: Aegislash|Aegislash-Blade||[from] ability: Stance Change\n|move|p1a: Aegislash|Close Combat|p2a: Kommo-o\n|-damage|p2a: Kommo-o|7\/100\n|-unboost|p1a: Aegislash|def|1\n|-unboost|p1a: Aegislash|spd|1\n|\n|upkeep\n|turn|25\n|\n|t:|1634931501\n|move|p1a: Aegislash|Shadow Sneak|p2a: Kommo-o\n|-damage|p2a: Kommo-o|0 fnt\n|faint|p2a: Kommo-o\n|\n|upkeep\n|\n|t:|1634931514\n|switch|p2a: Pelipper|Pelipper, F, shiny|65\/100\n|-weather|RainDance|[from] ability: Drizzle|[of] p2a: Pelipper\n|turn|26\n|\n|t:|1634931517\n|-formechange|p1a: Aegislash|Aegislash||[from] ability: Stance Change\n|move|p1a: Aegislash|King's Shield|p1a: Aegislash\n|-singleturn|p1a: Aegislash|Protect\n|move|p2a: Pelipper|Scald|p1a: Aegislash\n|-activate|p1a: Aegislash|move: Protect\n|\n|-weather|RainDance|[upkeep]\n|upkeep\n|turn|27\n|\n|t:|1634931522\n|switch|p1a: Greninja|Greninja, F|71\/100\n|move|p2a: Pelipper|Scald|p1a: Greninja\n|-resisted|p1a: Greninja\n|-crit|p1a: Greninja\n|-damage|p1a: Greninja|23\/100\n|\n|-weather|RainDance|[upkeep]\n|upkeep\n|turn|28\n|\n|t:|1634931526\n|switch|p2a: Ferrothorn|Ferrothorn, F|46\/100\n|move|p1a: Greninja|Ice Beam|p2a: Ferrothorn\n|-start|p1a: Greninja|typechange|Ice|[from] ability: Protean\n|-damage|p2a: Ferrothorn|6\/100\n|-damage|p1a: Greninja|13\/100|[from] item: Life Orb\n|\n|-weather|RainDance|[upkeep]\n|-heal|p2a: Ferrothorn|12\/100|[from] item: Leftovers\n|upkeep\n|turn|29\n|\n|t:|1634931529\n|move|p1a: Greninja|Ice Beam|p2a: Ferrothorn\n|-damage|p2a: Ferrothorn|0 fnt\n|faint|p2a: Ferrothorn\n|-damage|p1a: Greninja|3\/100|[from] item: Life Orb\n|\n|-weather|RainDance|[upkeep]\n|upkeep\n|\n|t:|1634931540\n|switch|p2a: Barraskewda|Barraskewda, F|39\/100 par\n|turn|30\n|\n|t:|1634931542\n|move|p1a: Greninja|Ice Beam|p2a: Barraskewda\n|-resisted|p2a: Barraskewda\n|-damage|p2a: Barraskewda|0 fnt\n|faint|p2a: Barraskewda\n|-damage|p1a: Greninja|0 fnt|[from] item: Life Orb\n|faint|p1a: Greninja\n|\n|-weather|RainDance|[upkeep]\n|upkeep\n|\n|t:|1634931545\n|switch|p1a: Aegislash|Aegislash, F|15\/100\n|switch|p2a: Pelipper|Pelipper, F, shiny|65\/100\n|turn|31\n|\n|t:|1634931549\n|move|p2a: Pelipper|Scald|p1a: Aegislash\n|-damage|p1a: Aegislash|0 fnt\n|faint|p1a: Aegislash\n|\n|win|Banda Calypso\n|raw|Hikari-miyako's rating: 1668 &rarr; <strong>1652<\/strong><br \/>(-16 for losing)\n|raw|Banda Calypso's rating: 1740 &rarr; <strong>1756<\/strong><br \/>(+16 for winning)\n|l|\u2606Hikari-miyako\n","uploadtime":1634931553,"views":19,"p1id":"hikarimiyako","p2id":"bandacalypso","formatid":"gen8nationaldex","rating":1652,"private":0,"password":null}