{"id":"gen8ou-1368045608","p1":"Burnt Bright","p2":"LT81YL stareal","format":"gen8ou","log":"|raw|<div class=\"broadcast-blue\"><strong>This battle is required to be public due to a player having a name starting with 'lt81yl'.<\/div>\n|j|\u2606Burnt Bright\n|j|\u2606LT81YL stareal\n|t:|1625067150\n|gametype|singles\n|player|p1|Burnt Bright|musician|1619\n|player|p2|LT81YL stareal|#stareal|1701\n|teamsize|p1|6\n|teamsize|p2|6\n|gen|8\n|tier|[Gen 8] OU\n|rated|\n|rule|Sleep Clause Mod: Limit one foe put to sleep\n|rule|Species Clause: Limit one of each Pok\u00e9mon\n|rule|OHKO Clause: OHKO moves are banned\n|rule|Evasion Moves Clause: Evasion moves are banned\n|rule|Endless Battle Clause: Forcing endless battles is banned\n|rule|HP Percentage Mod: HP is shown in percentages\n|rule|Dynamax Clause: You cannot dynamax\n|clearpoke\n|poke|p1|Zeraora|\n|poke|p1|Landorus-Therian, M|\n|poke|p1|Ferrothorn, F|\n|poke|p1|Dragonite, M|\n|poke|p1|Bisharp, F|\n|poke|p1|Clefable, M|\n|poke|p2|Blissey, F|\n|poke|p2|Urshifu-*, F|\n|poke|p2|Landorus-Therian, M|\n|poke|p2|Dragapult, F|\n|poke|p2|Tapu Lele|\n|poke|p2|Tornadus-Therian, M|\n|teampreview\n|j| Siiroth\n|c|\u2606Burnt Bright|That's a sick avatar\n|\n|t:|1625067204\n|start\n|switch|p1a: Clefable|Clefable, M|100\/100\n|switch|p2a: kung lao|Urshifu-Rapid-Strike, F|100\/100\n|turn|1\n|\n|t:|1625067209\n|switch|p2a: cetrion|Blissey, F|100\/100\n|move|p1a: Clefable|Moonblast|p2a: cetrion\n|-damage|p2a: cetrion|89\/100\n|\n|upkeep\n|turn|2\n|\n|t:|1625067217\n|move|p1a: Clefable|Moonblast|p2a: cetrion\n|-damage|p2a: cetrion|77\/100\n|move|p2a: cetrion|Teleport|p2a: cetrion\n|\n|t:|1625067219\n|switch|p2a: kronika|Tapu Lele|100\/100|[from]move: Teleport\n|-fieldstart|move: Psychic Terrain|[from] ability: Psychic Surge|[of] p2a: kronika\n|\n|upkeep\n|turn|3\n|\n|t:|1625067226\n|switch|p1a: Ferrothorn|Ferrothorn, F|100\/100\n|move|p2a: kronika|Moonblast|p1a: Ferrothorn\n|-resisted|p1a: Ferrothorn\n|-damage|p1a: Ferrothorn|76\/100\n|\n|-heal|p1a: Ferrothorn|82\/100|[from] item: Leftovers\n|upkeep\n|turn|4\n|\n|t:|1625067232\n|switch|p2a: reptile|Tornadus-Therian, M|100\/100\n|move|p1a: Ferrothorn|Stealth Rock|p2a: reptile\n|-sidestart|p2: LT81YL stareal|move: Stealth Rock\n|\n|-heal|p1a: Ferrothorn|89\/100|[from] item: Leftovers\n|upkeep\n|turn|5\n|l| Siiroth\n|\n|t:|1625067279\n|switch|p1a: Zeraora|Zeraora|100\/100\n|move|p2a: reptile|Knock Off|p1a: Zeraora\n|-damage|p1a: Zeraora|76\/100\n|-enditem|p1a: Zeraora|Leftovers|[from] move: Knock Off|[of] p2a: reptile\n|\n|upkeep\n|turn|6\n|\n|t:|1625067290\n|move|p1a: Zeraora|Knock Off|p2a: reptile\n|-damage|p2a: reptile|67\/100\n|-enditem|p2a: reptile|Heavy-Duty Boots|[from] move: Knock Off|[of] p1a: Zeraora\n|move|p2a: reptile|Defog|p1a: Zeraora\n|-unboost|p1a: Zeraora|evasion|1\n|-sideend|p2: LT81YL stareal|Stealth Rock|[from] move: Defog|[of] p2a: reptile\n|-fieldend|move: Psychic Terrain\n|\n|upkeep\n|turn|7\n|\n|t:|1625067300\n|switch|p2a: baraka|Landorus-Therian, M|100\/100\n|-ability|p2a: baraka|Intimidate|boost\n|-unboost|p1a: Zeraora|atk|1\n|move|p1a: Zeraora|Knock Off|p2a: baraka\n|-crit|p2a: baraka\n|-damage|p2a: baraka|64\/100\n|-enditem|p2a: baraka|Leftovers|[from] move: Knock Off|[of] p1a: Zeraora\n|\n|upkeep\n|turn|8\n|\n|t:|1625067338\n|switch|p1a: Landorus|Landorus-Therian, M|100\/100\n|-ability|p1a: Landorus|Intimidate|boost\n|-unboost|p2a: baraka|atk|1\n|move|p2a: baraka|Stealth Rock|p1a: Landorus\n|-sidestart|p1: Burnt Bright|move: Stealth Rock\n|\n|upkeep\n|turn|9\n|\n|t:|1625067341\n|move|p1a: Landorus|Defog|p2a: baraka\n|-unboost|p2a: baraka|evasion|1\n|-sideend|p1: Burnt Bright|Stealth Rock|[from] move: Defog|[of] p1a: Landorus\n|move|p2a: baraka|U-turn|p1a: Landorus\n|-resisted|p1a: Landorus\n|-damage|p1a: Landorus|96\/100\n|\n|t:|1625067345\n|switch|p2a: kronika|Tapu Lele|100\/100|[from]move: U-turn\n|-fieldstart|move: Psychic Terrain|[from] ability: Psychic Surge|[of] p2a: kronika\n|\n|-heal|p1a: Landorus|100\/100|[from] item: Leftovers\n|upkeep\n|turn|10\n|\n|t:|1625067354\n|switch|p1a: Ferrothorn|Ferrothorn, F|89\/100\n|move|p2a: kronika|Moonblast|p1a: Ferrothorn\n|-resisted|p1a: Ferrothorn\n|-damage|p1a: Ferrothorn|62\/100\n|-unboost|p1a: Ferrothorn|spa|1\n|\n|-heal|p1a: Ferrothorn|68\/100|[from] item: Leftovers\n|upkeep\n|turn|11\n|\n|t:|1625067378\n|move|p2a: kronika|Moonblast|p1a: Ferrothorn\n|-resisted|p1a: Ferrothorn\n|-damage|p1a: Ferrothorn|42\/100\n|move|p1a: Ferrothorn|Leech Seed|p2a: kronika|[miss]\n|-miss|p1a: Ferrothorn|p2a: kronika\n|\n|-heal|p1a: Ferrothorn|49\/100|[from] item: Leftovers\n|upkeep\n|turn|12\n|\n|t:|1625067382\n|move|p2a: kronika|Moonblast|p1a: Ferrothorn\n|-resisted|p1a: Ferrothorn\n|-damage|p1a: Ferrothorn|24\/100\n|move|p1a: Ferrothorn|Leech Seed|p2a: kronika|[miss]\n|-miss|p1a: Ferrothorn|p2a: kronika\n|\n|-heal|p1a: Ferrothorn|30\/100|[from] item: Leftovers\n|upkeep\n|turn|13\n|\n|t:|1625067385\n|move|p2a: kronika|Moonblast|p1a: Ferrothorn\n|-resisted|p1a: Ferrothorn\n|-damage|p1a: Ferrothorn|3\/100\n|move|p1a: Ferrothorn|Leech Seed|p2a: kronika\n|-start|p2a: kronika|move: Leech Seed\n|\n|-heal|p1a: Ferrothorn|9\/100|[from] item: Leftovers\n|-damage|p2a: kronika|88\/100|[from] Leech Seed|[of] p1a: Ferrothorn\n|-heal|p1a: Ferrothorn|19\/100|[silent]\n|-fieldend|move: Psychic Terrain\n|upkeep\n|turn|14\n|\n|t:|1625067406\n|move|p2a: kronika|Moonblast|p1a: Ferrothorn\n|-resisted|p1a: Ferrothorn\n|-damage|p1a: Ferrothorn|0 fnt\n|faint|p1a: Ferrothorn\n|\n|upkeep\n|\n|t:|1625067416\n|switch|p1a: Bisharp|Bisharp, F|100\/100\n|turn|15\n|\n|t:|1625067442\n|switch|p2a: kung lao|Urshifu-Rapid-Strike, F|100\/100\n|move|p1a: Bisharp|Knock Off|p2a: kung lao\n|-resisted|p2a: kung lao\n|-damage|p2a: kung lao|62\/100\n|-enditem|p2a: kung lao|Choice Band|[from] move: Knock Off|[of] p1a: Bisharp\n|\n|upkeep\n|turn|16\n|\n|t:|1625067461\n|move|p2a: kung lao|Surging Strikes|p1a: Bisharp\n|-crit|p1a: Bisharp\n|-damage|p1a: Bisharp|76\/100\n|-crit|p1a: Bisharp\n|-damage|p1a: Bisharp|51\/100\n|-crit|p1a: Bisharp\n|-damage|p1a: Bisharp|24\/100\n|-hitcount|p1a: Bisharp|3\n|move|p1a: Bisharp|Knock Off|p2a: kung lao\n|-resisted|p2a: kung lao\n|-damage|p2a: kung lao|36\/100\n|\n|upkeep\n|turn|17\n|\n|t:|1625067469\n|switch|p1a: Dragonite|Dragonite, M|100\/100\n|move|p2a: kung lao|Surging Strikes|p1a: Dragonite\n|-resisted|p1a: Dragonite\n|-crit|p1a: Dragonite\n|-damage|p1a: Dragonite|97\/100\n|-resisted|p1a: Dragonite\n|-crit|p1a: Dragonite\n|-damage|p1a: Dragonite|91\/100\n|-resisted|p1a: Dragonite\n|-crit|p1a: Dragonite\n|-damage|p1a: Dragonite|84\/100\n|-hitcount|p1a: Dragonite|3\n|\n|upkeep\n|turn|18\n|\n|t:|1625067479\n|switch|p1a: Zeraora|Zeraora|76\/100\n|move|p2a: kung lao|Ice Punch|p1a: Zeraora\n|-damage|p1a: Zeraora|42\/100\n|\n|upkeep\n|turn|19\n|j| LT81YL Lillia\n|\n|t:|1625067489\n|switch|p2a: baraka|Landorus-Therian, M|64\/100\n|-ability|p2a: baraka|Intimidate|boost\n|-unboost|p1a: Zeraora|atk|1\n|move|p1a: Zeraora|Close Combat|p2a: baraka\n|-resisted|p2a: baraka\n|-damage|p2a: baraka|54\/100\n|-unboost|p1a: Zeraora|def|1\n|-unboost|p1a: Zeraora|spd|1\n|\n|upkeep\n|turn|20\n|\n|t:|1625067505\n|switch|p1a: Bisharp|Bisharp, F|24\/100\n|move|p2a: baraka|U-turn|p1a: Bisharp\n|-damage|p1a: Bisharp|0 fnt\n|faint|p1a: Bisharp\n|\n|t:|1625067513\n|switch|p2a: shao kahn|Dragapult, F|100\/100|[from]move: U-turn\n|\n|upkeep\n|\n|t:|1625067520\n|switch|p1a: Clefable|Clefable, M|100\/100\n|turn|21\n|\n|t:|1625067527\n|move|p2a: shao kahn|U-turn|p1a: Clefable\n|-resisted|p1a: Clefable\n|-damage|p1a: Clefable|94\/100\n|\n|t:|1625067530\n|switch|p2a: cetrion|Blissey, F|77\/100|[from]move: U-turn\n|move|p1a: Clefable|Calm Mind|p1a: Clefable\n|-boost|p1a: Clefable|spa|1\n|-boost|p1a: Clefable|spd|1\n|\n|-heal|p1a: Clefable|99\/100|[from] item: Leftovers\n|upkeep\n|turn|22\n|\n|t:|1625067534\n|switch|p2a: reptile|Tornadus-Therian, M|100\/100\n|move|p1a: Clefable|Calm Mind|p1a: Clefable\n|-boost|p1a: Clefable|spa|1\n|-boost|p1a: Clefable|spd|1\n|\n|-heal|p1a: Clefable|100\/100|[from] item: Leftovers\n|upkeep\n|turn|23\n|\n|t:|1625067541\n|move|p2a: reptile|Knock Off|p1a: Clefable\n|-resisted|p1a: Clefable\n|-damage|p1a: Clefable|93\/100\n|-enditem|p1a: Clefable|Leftovers|[from] move: Knock Off|[of] p2a: reptile\n|move|p1a: Clefable|Calm Mind|p1a: Clefable\n|-boost|p1a: Clefable|spa|1\n|-boost|p1a: Clefable|spd|1\n|\n|upkeep\n|turn|24\n|\n|t:|1625067545\n|move|p2a: reptile|U-turn|p1a: Clefable\n|-resisted|p1a: Clefable\n|-damage|p1a: Clefable|88\/100\n|\n|t:|1625067547\n|switch|p2a: cetrion|Blissey, F|77\/100|[from]move: U-turn\n|move|p1a: Clefable|Moonblast|p2a: cetrion\n|-damage|p2a: cetrion|49\/100\n|-unboost|p2a: cetrion|spa|1\n|\n|upkeep\n|turn|25\n|\n|t:|1625067550\n|move|p1a: Clefable|Calm Mind|p1a: Clefable\n|-boost|p1a: Clefable|spa|1\n|-boost|p1a: Clefable|spd|1\n|move|p2a: cetrion|Soft-Boiled|p2a: cetrion\n|-heal|p2a: cetrion|99\/100\n|\n|upkeep\n|turn|26\n|\n|t:|1625067556\n|move|p1a: Clefable|Soft-Boiled|p1a: Clefable\n|-heal|p1a: Clefable|100\/100\n|move|p2a: cetrion|Seismic Toss|p1a: Clefable\n|-damage|p1a: Clefable|75\/100\n|\n|upkeep\n|turn|27\n|\n|t:|1625067562\n|move|p1a: Clefable|Calm Mind|p1a: Clefable\n|-boost|p1a: Clefable|spa|1\n|-boost|p1a: Clefable|spd|1\n|move|p2a: cetrion|Teleport|p2a: cetrion\n|\n|t:|1625067572\n|switch|p2a: kung lao|Urshifu-Rapid-Strike, F|36\/100|[from]move: Teleport\n|\n|upkeep\n|turn|28\n|\n|t:|1625067585\n|move|p2a: kung lao|Surging Strikes|p1a: Clefable\n|-crit|p1a: Clefable\n|-damage|p1a: Clefable|60\/100\n|-crit|p1a: Clefable\n|-damage|p1a: Clefable|45\/100\n|-crit|p1a: Clefable\n|-damage|p1a: Clefable|31\/100\n|-hitcount|p1a: Clefable|3\n|move|p1a: Clefable|Soft-Boiled|p1a: Clefable\n|-heal|p1a: Clefable|81\/100\n|\n|upkeep\n|turn|29\n|\n|t:|1625067593\n|move|p2a: kung lao|Surging Strikes|p1a: Clefable\n|-crit|p1a: Clefable\n|-damage|p1a: Clefable|66\/100\n|-crit|p1a: Clefable\n|-damage|p1a: Clefable|49\/100\n|-crit|p1a: Clefable\n|-damage|p1a: Clefable|33\/100\n|-hitcount|p1a: Clefable|3\n|move|p1a: Clefable|Soft-Boiled|p1a: Clefable\n|-heal|p1a: Clefable|83\/100\n|\n|upkeep\n|turn|30\n|\n|t:|1625067598\n|move|p2a: kung lao|Surging Strikes|p1a: Clefable\n|-crit|p1a: Clefable\n|-damage|p1a: Clefable|68\/100\n|-crit|p1a: Clefable\n|-damage|p1a: Clefable|53\/100\n|-crit|p1a: Clefable\n|-damage|p1a: Clefable|37\/100\n|-hitcount|p1a: Clefable|3\n|move|p1a: Clefable|Soft-Boiled|p1a: Clefable\n|-heal|p1a: Clefable|87\/100\n|\n|upkeep\n|turn|31\n|\n|t:|1625067603\n|move|p2a: kung lao|Surging Strikes|p1a: Clefable\n|-crit|p1a: Clefable\n|-damage|p1a: Clefable|73\/100\n|-crit|p1a: Clefable\n|-damage|p1a: Clefable|58\/100\n|-crit|p1a: Clefable\n|-damage|p1a: Clefable|43\/100\n|-hitcount|p1a: Clefable|3\n|move|p1a: Clefable|Soft-Boiled|p1a: Clefable\n|-heal|p1a: Clefable|93\/100\n|\n|upkeep\n|turn|32\n|\n|t:|1625067606\n|move|p2a: kung lao|Surging Strikes|p1a: Clefable\n|-crit|p1a: Clefable\n|-damage|p1a: Clefable|78\/100\n|-crit|p1a: Clefable\n|-damage|p1a: Clefable|64\/100\n|-crit|p1a: Clefable\n|-damage|p1a: Clefable|48\/100\n|-hitcount|p1a: Clefable|3\n|move|p1a: Clefable|Soft-Boiled|p1a: Clefable\n|-heal|p1a: Clefable|98\/100\n|\n|upkeep\n|turn|33\n|\n|t:|1625067610\n|switch|p2a: cetrion|Blissey, F|99\/100\n|move|p1a: Clefable|Soft-Boiled|p1a: Clefable\n|-heal|p1a: Clefable|100\/100\n|\n|upkeep\n|turn|34\n|j| reje\n|\n|t:|1625067613\n|move|p1a: Clefable|Calm Mind|p1a: Clefable\n|-boost|p1a: Clefable|spa|1\n|-boost|p1a: Clefable|spd|1\n|move|p2a: cetrion|Seismic Toss|p1a: Clefable\n|-damage|p1a: Clefable|75\/100\n|\n|upkeep\n|turn|35\n|\n|t:|1625067616\n|move|p1a: Clefable|Moonblast|p2a: cetrion\n|-damage|p2a: cetrion|55\/100\n|move|p2a: cetrion|Seismic Toss|p1a: Clefable\n|-damage|p1a: Clefable|50\/100\n|\n|upkeep\n|turn|36\n|\n|t:|1625067620\n|move|p1a: Clefable|Soft-Boiled|p1a: Clefable\n|-heal|p1a: Clefable|99\/100\n|move|p2a: cetrion|Soft-Boiled|p2a: cetrion\n|-heal|p2a: cetrion|100\/100\n|\n|upkeep\n|turn|37\n|\n|t:|1625067622\n|move|p1a: Clefable|Moonblast|p2a: cetrion\n|-damage|p2a: cetrion|58\/100\n|move|p2a: cetrion|Seismic Toss|p1a: Clefable\n|-damage|p1a: Clefable|74\/100\n|\n|upkeep\n|turn|38\n|\n|t:|1625067624\n|move|p1a: Clefable|Moonblast|p2a: cetrion\n|-damage|p2a: cetrion|9\/100\n|move|p2a: cetrion|Soft-Boiled|p2a: cetrion\n|-heal|p2a: cetrion|59\/100\n|\n|upkeep\n|turn|39\n|\n|t:|1625067630\n|move|p1a: Clefable|Moonblast|p2a: cetrion\n|-damage|p2a: cetrion|17\/100\n|move|p2a: cetrion|Soft-Boiled|p2a: cetrion\n|-heal|p2a: cetrion|67\/100\n|\n|upkeep\n|turn|40\n|\n|t:|1625067635\n|move|p1a: Clefable|Moonblast|p2a: cetrion\n|-damage|p2a: cetrion|21\/100\n|-unboost|p2a: cetrion|spa|1\n|move|p2a: cetrion|Soft-Boiled|p2a: cetrion\n|-heal|p2a: cetrion|71\/100\n|\n|upkeep\n|turn|41\n|\n|t:|1625067665\n|move|p1a: Clefable|Moonblast|p2a: cetrion\n|-damage|p2a: cetrion|24\/100\n|move|p2a: cetrion|Soft-Boiled|p2a: cetrion\n|-heal|p2a: cetrion|74\/100\n|\n|upkeep\n|turn|42\n|\n|t:|1625067670\n|move|p1a: Clefable|Moonblast|p2a: cetrion\n|-damage|p2a: cetrion|27\/100\n|move|p2a: cetrion|Soft-Boiled|p2a: cetrion\n|-heal|p2a: cetrion|77\/100\n|\n|upkeep\n|turn|43\n|\n|t:|1625067674\n|move|p1a: Clefable|Moonblast|p2a: cetrion\n|-damage|p2a: cetrion|32\/100\n|-unboost|p2a: cetrion|spa|1\n|move|p2a: cetrion|Soft-Boiled|p2a: cetrion\n|-heal|p2a: cetrion|82\/100\n|\n|upkeep\n|turn|44\n|\n|t:|1625067678\n|move|p1a: Clefable|Moonblast|p2a: cetrion\n|-damage|p2a: cetrion|39\/100\n|move|p2a: cetrion|Soft-Boiled|p2a: cetrion\n|-heal|p2a: cetrion|89\/100\n|\n|upkeep\n|turn|45\n|\n|t:|1625067682\n|move|p1a: Clefable|Moonblast|p2a: cetrion\n|-damage|p2a: cetrion|44\/100\n|-unboost|p2a: cetrion|spa|1\n|move|p2a: cetrion|Soft-Boiled|p2a: cetrion\n|-heal|p2a: cetrion|94\/100\n|\n|upkeep\n|turn|46\n|\n|t:|1625067687\n|move|p1a: Clefable|Moonblast|p2a: cetrion\n|-damage|p2a: cetrion|50\/100\n|move|p2a: cetrion|Soft-Boiled|p2a: cetrion\n|-heal|p2a: cetrion|99\/100\n|\n|upkeep\n|turn|47\n|\n|t:|1625067690\n|move|p1a: Clefable|Flamethrower|p2a: cetrion\n|-crit|p2a: cetrion\n|-damage|p2a: cetrion|59\/100\n|move|p2a: cetrion|Seismic Toss|p1a: Clefable\n|-damage|p1a: Clefable|49\/100\n|\n|upkeep\n|turn|48\n|\n|t:|1625067694\n|move|p1a: Clefable|Soft-Boiled|p1a: Clefable\n|-heal|p1a: Clefable|99\/100\n|move|p2a: cetrion|Soft-Boiled|p2a: cetrion\n|-heal|p2a: cetrion|100\/100\n|\n|upkeep\n|turn|49\n|\n|t:|1625067696\n|move|p1a: Clefable|Flamethrower|p2a: cetrion\n|-damage|p2a: cetrion|70\/100\n|move|p2a: cetrion|Seismic Toss|p1a: Clefable\n|-damage|p1a: Clefable|74\/100\n|\n|upkeep\n|turn|50\n|\n|t:|1625067700\n|move|p1a: Clefable|Flamethrower|p2a: cetrion\n|-damage|p2a: cetrion|41\/100\n|move|p2a: cetrion|Teleport|p2a: cetrion\n|j| Vfkekkskqzamxwnn\n|\n|t:|1625067728\n|switch|p2a: kung lao|Urshifu-Rapid-Strike, F|36\/100|[from]move: Teleport\n|\n|upkeep\n|turn|51\n|\n|t:|1625067733\n|move|p2a: kung lao|Ice Punch|p1a: Clefable\n|-damage|p1a: Clefable|52\/100\n|move|p1a: Clefable|Soft-Boiled|p1a: Clefable\n|-heal|p1a: Clefable|100\/100\n|\n|upkeep\n|turn|52\n|\n|t:|1625067751\n|move|p2a: kung lao|Surging Strikes|p1a: Clefable\n|-crit|p1a: Clefable\n|-damage|p1a: Clefable|84\/100\n|-crit|p1a: Clefable\n|-damage|p1a: Clefable|69\/100\n|-crit|p1a: Clefable\n|-damage|p1a: Clefable|53\/100\n|-hitcount|p1a: Clefable|3\n|move|p1a: Clefable|Flamethrower|p2a: kung lao\n|-resisted|p2a: kung lao\n|-damage|p2a: kung lao|0 fnt\n|faint|p2a: kung lao\n|\n|upkeep\n|\n|t:|1625067769\n|switch|p2a: kronika|Tapu Lele|88\/100\n|-fieldstart|move: Psychic Terrain|[from] ability: Psychic Surge|[of] p2a: kronika\n|turn|53\n|\n|t:|1625067783\n|move|p2a: kronika|Psyshock|p1a: Clefable\n|-damage|p1a: Clefable|0 fnt\n|faint|p1a: Clefable\n|\n|upkeep\n|\n|t:|1625067787\n|switch|p1a: Landorus|Landorus-Therian, M|100\/100\n|-ability|p1a: Landorus|Intimidate|boost\n|-unboost|p2a: kronika|atk|1\n|turn|54\n|\n|t:|1625067801\n|switch|p2a: baraka|Landorus-Therian, M|54\/100\n|-ability|p2a: baraka|Intimidate|boost\n|-unboost|p1a: Landorus|atk|1\n|move|p1a: Landorus|U-turn|p2a: baraka\n|-resisted|p2a: baraka\n|-damage|p2a: baraka|49\/100\n|\n|t:|1625067805\n|switch|p1a: Dragonite|Dragonite, M|84\/100|[from]move: U-turn\n|\n|upkeep\n|turn|55\n|\n|t:|1625067813\n|switch|p2a: kronika|Tapu Lele|88\/100\n|move|p1a: Dragonite|Ice Beam|p2a: kronika\n|-damage|p2a: kronika|65\/100\n|\n|upkeep\n|turn|56\n|\n|t:|1625067820\n|move|p2a: kronika|Moonblast|p1a: Dragonite\n|-supereffective|p1a: Dragonite\n|-damage|p1a: Dragonite|0 fnt\n|faint|p1a: Dragonite\n|\n|upkeep\n|\n|t:|1625067824\n|switch|p1a: Zeraora|Zeraora|42\/100\n|turn|57\n|j| yop on the flux\n|\n|t:|1625067850\n|switch|p2a: baraka|Landorus-Therian, M|49\/100\n|-ability|p2a: baraka|Intimidate|boost\n|-unboost|p1a: Zeraora|atk|1\n|move|p1a: Zeraora|Knock Off|p2a: baraka\n|-damage|p2a: baraka|39\/100\n|\n|-fieldend|move: Psychic Terrain\n|upkeep\n|turn|58\n|\n|t:|1625067858\n|move|p1a: Zeraora|Knock Off|p2a: baraka\n|-damage|p2a: baraka|29\/100\n|move|p2a: baraka|U-turn|p1a: Zeraora\n|-damage|p1a: Zeraora|11\/100\n|\n|t:|1625067863\n|switch|p2a: reptile|Tornadus-Therian, M|100\/100|[from]move: U-turn\n|\n|upkeep\n|turn|59\n|\n|t:|1625067871\n|switch|p1a: Landorus|Landorus-Therian, M|100\/100\n|-ability|p1a: Landorus|Intimidate|boost\n|-unboost|p2a: reptile|atk|1\n|move|p2a: reptile|U-turn|p1a: Landorus\n|-resisted|p1a: Landorus\n|-damage|p1a: Landorus|97\/100\n|\n|t:|1625067886\n|switch|p2a: kronika|Tapu Lele|65\/100|[from]move: U-turn\n|-fieldstart|move: Psychic Terrain|[from] ability: Psychic Surge|[of] p2a: kronika\n|\n|-heal|p1a: Landorus|100\/100|[from] item: Leftovers\n|upkeep\n|turn|60\n|\n|t:|1625067890\n|move|p2a: kronika|Moonblast|p1a: Landorus\n|-damage|p1a: Landorus|14\/100\n|move|p1a: Landorus|U-turn|p2a: kronika\n|-damage|p2a: kronika|31\/100\n|\n|t:|1625067893\n|switch|p1a: Zeraora|Zeraora|11\/100|[from]move: U-turn\n|\n|upkeep\n|turn|61\n|-message|Burnt Bright forfeited.\n|\n|win|LT81YL stareal\n|raw|Burnt Bright's rating: 1619 &rarr; <strong>1600<\/strong><br \/>(-19 for losing)\n|raw|LT81YL stareal's rating: 1640 &rarr; <strong>1659<\/strong><br \/>(+19 for winning)\n|l|\u2606Burnt Bright\n|l| Vfkekkskqzamxwnn\n|l| LT81YL Lillia\n|l| reje\n||Ladder isn't responding, score probably updated but might not have (Request timeout).\n","uploadtime":1625068084,"views":38,"p1id":"burntbright","p2id":"lt81ylstareal","formatid":"gen8ou","rating":1600,"private":0,"password":null}