{"id":"gen8ou-1690795399","p1":"machugen","p2":"testteams69420","format":"gen8ou","log":"|html|<div class=\"broadcast-blue\"><strong>[Gen 8] OU is currently suspecting Melmetal! For information on how to participate check out the <a href=\"https:\/\/www.smogon.com\/forums\/threads\/np-ss-ou-suspect-process-round-12-monster-mash.3709234\/\">suspect thread<\/a>.<\/strong><\/div>\n|j|\u2606machugen\n|j|\u2606testteams69420\n|t:|1666304434\n|gametype|singles\n|player|p1|machugen|koga-gen1|1752\n|player|p2|testteams69420|gambler|1651\n|teamsize|p1|6\n|teamsize|p2|6\n|gen|8\n|tier|[Gen 8] OU\n|rated|\n|rule|Sleep Clause Mod: Limit one foe put to sleep\n|rule|Species Clause: Limit one of each Pok\u00e9mon\n|rule|OHKO Clause: OHKO moves are banned\n|rule|Evasion Items Clause: Evasion items are banned\n|rule|Evasion Moves Clause: Evasion moves are banned\n|rule|Endless Battle Clause: Forcing endless battles is banned\n|rule|HP Percentage Mod: HP is shown in percentages\n|rule|Dynamax Clause: You cannot dynamax\n|clearpoke\n|poke|p1|Rillaboom, M|\n|poke|p1|Kartana|\n|poke|p1|Melmetal|\n|poke|p1|Zapdos|\n|poke|p1|Gastrodon-East, F|\n|poke|p1|Clefable, F|\n|poke|p2|Grimmsnarl, M|\n|poke|p2|Slurpuff, M|\n|poke|p2|Dragonite, M|\n|poke|p2|Blaziken, F|\n|poke|p2|Dragapult, F|\n|poke|p2|Heatran, M|\n|teampreview\n|inactive|Battle timer is ON: inactive players will automatically lose when time's up. (requested by testteams69420)\n|\n|t:|1666304440\n|start\n|switch|p1a: Melmetal|Melmetal, shiny|100\/100\n|switch|p2a: Hansel and Gretel|Grimmsnarl, M, shiny|100\/100\n|turn|1\n|\n|t:|1666304450\n|move|p2a: Hansel and Gretel|Reflect|p2a: Hansel and Gretel\n|-sidestart|p2: testteams69420|Reflect\n|move|p1a: Melmetal|Double Iron Bash|p2a: Hansel and Gretel\n|-supereffective|p2a: Hansel and Gretel\n|-crit|p2a: Hansel and Gretel\n|-damage|p2a: Hansel and Gretel|9\/100\n|-supereffective|p2a: Hansel and Gretel\n|-damage|p2a: Hansel and Gretel|0 fnt\n|faint|p2a: Hansel and Gretel\n|-hitcount|p2: Hansel and Gretel|2\n|\n|upkeep\n|\n|t:|1666304465\n|switch|p2a: Tran's Gender|Heatran, M|100\/100\n|-item|p2a: Tran's Gender|Air Balloon\n|turn|2\n|\n|t:|1666304467\n|switch|p1a: Gastrodon|Gastrodon-East, F, shiny|100\/100\n|move|p2a: Tran's Gender|Magma Storm|p1a: Gastrodon\n|-resisted|p1a: Gastrodon\n|-damage|p1a: Gastrodon|87\/100\n|-activate|p1a: Gastrodon|move: Magma Storm|[of] p2a: Tran's Gender\n|\n|-heal|p1a: Gastrodon|93\/100|[from] item: Leftovers\n|-damage|p1a: Gastrodon|80\/100|[from] move: Magma Storm|[partiallytrapped]\n|upkeep\n|turn|3\n|\n|t:|1666304479\n|move|p2a: Tran's Gender|Taunt|p1a: Gastrodon\n|-start|p1a: Gastrodon|move: Taunt\n|move|p1a: Gastrodon|Scald|p2a: Tran's Gender\n|-supereffective|p2a: Tran's Gender\n|-damage|p2a: Tran's Gender|68\/100\n|-enditem|p2a: Tran's Gender|Air Balloon\n|\n|-heal|p1a: Gastrodon|86\/100|[from] item: Leftovers\n|-damage|p1a: Gastrodon|74\/100|[from] move: Magma Storm|[partiallytrapped]\n|upkeep\n|turn|4\n|\n|t:|1666304486\n|switch|p2a: racist slur|Slurpuff, M|100\/100\n|move|p1a: Gastrodon|Scald|p2a: racist slur\n|-damage|p2a: racist slur|64\/100\n|-status|p2a: racist slur|brn\n|\n|-heal|p1a: Gastrodon|80\/100|[from] item: Leftovers\n|-damage|p2a: racist slur|58\/100 brn|[from] brn\n|-end|p1a: Gastrodon|Magma Storm|[partiallytrapped]|[silent]\n|upkeep\n|turn|5\n|\n|t:|1666304494\n|move|p2a: racist slur|Belly Drum|p2a: racist slur\n|-damage|p2a: racist slur|8\/100 brn\n|-setboost|p2a: racist slur|atk|6|[from] move: Belly Drum\n|-enditem|p2a: racist slur|Sitrus Berry|[eat]\n|-heal|p2a: racist slur|33\/100 brn|[from] item: Sitrus Berry\n|move|p1a: Gastrodon|Scald|p2a: racist slur\n|-damage|p2a: racist slur|0 fnt\n|faint|p2a: racist slur\n|\n|-heal|p1a: Gastrodon|86\/100|[from] item: Leftovers\n|-end|p1a: Gastrodon|move: Taunt\n|upkeep\n|\n|t:|1666304499\n|switch|p2a: pult deez nuts|Dragapult, F|100\/100\n|turn|6\n|\n|t:|1666304501\n|switch|p1a: Clefable|Clefable, F, shiny|100\/100\n|move|p2a: pult deez nuts|Dragon Dance|p2a: pult deez nuts\n|-boost|p2a: pult deez nuts|atk|1\n|-boost|p2a: pult deez nuts|spe|1\n|\n|upkeep\n|turn|7\n|\n|t:|1666304506\n|switch|p2a: Tran's Gender|Heatran, M|68\/100\n|move|p1a: Clefable|Stealth Rock|p2a: Tran's Gender\n|-sidestart|p2: testteams69420|move: Stealth Rock\n|\n|upkeep\n|turn|8\n|\n|t:|1666304510\n|switch|p2a: pult deez nuts|Dragapult, F|100\/100\n|-damage|p2a: pult deez nuts|88\/100|[from] Stealth Rock\n|switch|p1a: Gastrodon|Gastrodon-East, F, shiny|86\/100\n|\n|-heal|p1a: Gastrodon|92\/100|[from] item: Leftovers\n|-sideend|p2: testteams69420|Reflect\n|upkeep\n|turn|9\n|\n|t:|1666304516\n|switch|p1a: Clefable|Clefable, F, shiny|100\/100\n|move|p2a: pult deez nuts|Dragon Dance|p2a: pult deez nuts\n|-boost|p2a: pult deez nuts|atk|1\n|-boost|p2a: pult deez nuts|spe|1\n|\n|upkeep\n|turn|10\n|\n|t:|1666304532\n|move|p2a: pult deez nuts|Phantom Force||[still]\n|-prepare|p2a: pult deez nuts|Phantom Force\n|move|p1a: Clefable|Moonblast|p2a: pult deez nuts|[miss]\n|-miss|p1a: Clefable|p2a: pult deez nuts\n|\n|upkeep\n|turn|11\n|\n|t:|1666304534\n|move|p2a: pult deez nuts|Phantom Force|p1a: Clefable|[from]lockedmove\n|-damage|p1a: Clefable|44\/100\n|-damage|p2a: pult deez nuts|72\/100|[from] item: Rocky Helmet|[of] p1a: Clefable\n|move|p1a: Clefable|Soft-Boiled|p1a: Clefable\n|-heal|p1a: Clefable|94\/100\n|\n|upkeep\n|turn|12\n|\n|t:|1666304543\n|move|p2a: pult deez nuts|Dragon Dance|p2a: pult deez nuts\n|-boost|p2a: pult deez nuts|atk|1\n|-boost|p2a: pult deez nuts|spe|1\n|move|p1a: Clefable|Moonblast|p2a: pult deez nuts\n|-supereffective|p2a: pult deez nuts\n|-damage|p2a: pult deez nuts|0 fnt\n|faint|p2a: pult deez nuts\n|\n|upkeep\n|\n|t:|1666304553\n|switch|p2a: on a balloon|Blaziken, F|100\/100\n|-damage|p2a: on a balloon|88\/100|[from] Stealth Rock\n|-item|p2a: on a balloon|Air Balloon\n|turn|13\n|\n|t:|1666304561\n|move|p2a: on a balloon|Swords Dance|p2a: on a balloon\n|-boost|p2a: on a balloon|atk|2\n|move|p1a: Clefable|Moonblast|p2a: on a balloon\n|-damage|p2a: on a balloon|44\/100\n|-enditem|p2a: on a balloon|Air Balloon\n|\n|-ability|p2a: on a balloon|Speed Boost|boost\n|-boost|p2a: on a balloon|spe|1\n|upkeep\n|turn|14\n|\n|t:|1666304571\n|move|p2a: on a balloon|Flare Blitz|p1a: Clefable\n|-damage|p1a: Clefable|0 fnt\n|-damage|p2a: on a balloon|28\/100|[from] item: Rocky Helmet|[of] p1a: Clefable\n|faint|p1a: Clefable\n|-damage|p2a: on a balloon|0 fnt|[from] Recoil\n|faint|p2a: on a balloon\n|\n|upkeep\n|\n|t:|1666304577\n|switch|p2a: Tran's Gender|Heatran, M|68\/100\n|switch|p1a: Gastrodon|Gastrodon-East, F, shiny|92\/100\n|-damage|p2a: Tran's Gender|55\/100|[from] Stealth Rock\n|turn|15\n|-message|testteams69420 forfeited.\n|\n|win|machugen\n|raw|machugen's rating: 1752 &rarr; <strong>1766<\/strong><br \/>(+14 for winning)\n|raw|testteams69420's rating: 1651 &rarr; <strong>1637<\/strong><br \/>(-14 for losing)\n|l|\u2606testteams69420\n","uploadtime":1666304583,"views":4,"p1id":"machugen","p2id":"testteams69420","formatid":"gen8ou","rating":1637,"private":0,"password":null}