{"id":"gen8nu-1525478854","p1":"phatinum","p2":"Xasah\u2764\ufe0eBae","format":"gen8nu","log":"|j|\u2606phatinum\n|j|\u2606Xasah\u2764\ufe0eBae\n|inactive|Battle timer is ON: inactive players will automatically lose when time's up.\n|t:|1646666269\n|gametype|singles\n|player|p1|phatinum|#splxwolfpack|\n|player|p2|Xasah\u2764\ufe0eBae|beauty-gen7|\n|teamsize|p1|6\n|teamsize|p2|6\n|gen|8\n|tier|[Gen 8] NU\n|rated|Tournament battle\n|rule|Sleep Clause Mod: Limit one foe put to sleep\n|rule|Species Clause: Limit one of each Pok\u00e9mon\n|rule|OHKO Clause: OHKO moves are banned\n|rule|Evasion Moves Clause: Evasion moves are banned\n|rule|Endless Battle Clause: Forcing endless battles is banned\n|rule|HP Percentage Mod: HP is shown in percentages\n|rule|Dynamax Clause: You cannot dynamax\n|clearpoke\n|poke|p1|Togedemaru, F|\n|poke|p1|Vanilluxe, F|\n|poke|p1|Mudsdale, F|\n|poke|p1|Garbodor, M|\n|poke|p1|Copperajah, M|\n|poke|p1|Scrafty, M|\n|poke|p2|Aerodactyl, F|\n|poke|p2|Xatu, M|\n|poke|p2|Glastrier|\n|poke|p2|Decidueye, F|\n|poke|p2|Salazzle, F|\n|poke|p2|Blastoise, M|\n|teampreview\n|j|*Lady Monita \u2744\n|j| jasontheman348\n|j| BB-8-NU\n|j| datoneboi1\n|j| floatzelnite\n|\n|t:|1646666280\n|start\n|switch|p1a: Copperajah|Copperajah, M|100\/100\n|switch|p2a: Aerodactyl|Aerodactyl, F|100\/100\n|turn|1\n|j| Yahoo12\n|\n|t:|1646666286\n|move|p2a: Aerodactyl|Taunt|p1a: Copperajah\n|-start|p1a: Copperajah|move: Taunt\n|move|p1a: Copperajah|Heavy Slam|p2a: Aerodactyl\n|-supereffective|p2a: Aerodactyl\n|-enditem|p2a: Aerodactyl|Focus Sash\n|-damage|p2a: Aerodactyl|1\/100\n|\n|upkeep\n|turn|2\n|j| Jevilite\n|\n|t:|1646666293\n|switch|p1a: Vanilluxe|Vanilluxe, F, shiny|100\/100\n|-weather|Hail|[from] ability: Snow Warning|[of] p1a: Vanilluxe\n|move|p2a: Aerodactyl|Stealth Rock|p1a: Vanilluxe\n|-sidestart|p1: phatinum|move: Stealth Rock\n|\n|-weather|Hail|[upkeep]\n|-damage|p2a: Aerodactyl|0 fnt|[from] Hail\n|faint|p2a: Aerodactyl\n|upkeep\n|j| yDutz\n|\n|t:|1646666300\n|switch|p2a: Salazzle|Salazzle, F|100\/100\n|turn|3\n|l| jasontheman348\n|\n|t:|1646666306\n|switch|p1a: Garbodor|Garbodor, M|100\/100\n|-damage|p1a: Garbodor|88\/100|[from] Stealth Rock\n|move|p2a: Salazzle|Flamethrower|p1a: Garbodor\n|-damage|p1a: Garbodor|58\/100\n|\n|-weather|Hail|[upkeep]\n|-damage|p2a: Salazzle|94\/100|[from] Hail\n|-damage|p1a: Garbodor|52\/100|[from] Hail\n|-heal|p1a: Garbodor|58\/100|[from] item: Black Sludge\n|upkeep\n|turn|4\n|j| Mystixc\n|\n|t:|1646666312\n|move|p2a: Salazzle|Nasty Plot|p2a: Salazzle\n|-boost|p2a: Salazzle|spa|2\n|move|p1a: Garbodor|Psychic|p2a: Salazzle\n|-supereffective|p2a: Salazzle\n|-damage|p2a: Salazzle|41\/100\n|\n|-weather|Hail|[upkeep]\n|-damage|p2a: Salazzle|35\/100|[from] Hail\n|-damage|p1a: Garbodor|52\/100|[from] Hail\n|-heal|p1a: Garbodor|58\/100|[from] item: Black Sludge\n|upkeep\n|turn|5\n|j| krabbie\n|l| Jevilite\n|j| CrazBeCrazy\n|\n|t:|1646666329\n|move|p2a: Salazzle|Flamethrower|p1a: Garbodor\n|-damage|p1a: Garbodor|0 fnt\n|faint|p1a: Garbodor\n|\n|-weather|Hail|[upkeep]\n|-damage|p2a: Salazzle|29\/100|[from] Hail\n|upkeep\n|\n|t:|1646666332\n|switch|p1a: Scrafty|Scrafty, M|100\/100\n|-damage|p1a: Scrafty|94\/100|[from] Stealth Rock\n|turn|6\n|\n|t:|1646666348\n|move|p2a: Salazzle|Sludge Wave|p1a: Scrafty\n|-damage|p1a: Scrafty|27\/100\n|-status|p1a: Scrafty|psn\n|move|p1a: Scrafty|Knock Off|p2a: Salazzle\n|-damage|p2a: Salazzle|0 fnt\n|-enditem|p2a: Salazzle|Focus Sash|[from] move: Knock Off|[of] p1a: Scrafty\n|faint|p2a: Salazzle\n|\n|-weather|none\n|-heal|p1a: Scrafty|33\/100 psn|[from] item: Leftovers\n|-damage|p1a: Scrafty|21\/100 psn|[from] psn\n|upkeep\n|j| Pakbot1\n|l| datoneboi1\n|inactive|Xasah\u2764\ufe0eBae has 120 seconds left.\n|j| AG) Ascend\n|\n|t:|1646666376\n|switch|p2a: Decidueye|Decidueye, F|100\/100\n|turn|7\n|\n|t:|1646666382\n|move|p2a: Decidueye|Leaf Blade|p1a: Scrafty\n|-damage|p1a: Scrafty|0 fnt\n|faint|p1a: Scrafty\n|\n|upkeep\n|\n|t:|1646666386\n|switch|p1a: Vanilluxe|Vanilluxe, F, shiny|100\/100\n|-weather|Hail|[from] ability: Snow Warning|[of] p1a: Vanilluxe\n|turn|8\n|inactive|Xasah\u2764\ufe0eBae has 120 seconds left.\n|\n|t:|1646666406\n|move|p2a: Decidueye|Shadow Sneak|p1a: Vanilluxe\n|-damage|p1a: Vanilluxe|69\/100\n|move|p1a: Vanilluxe|Blizzard|p2a: Decidueye\n|-supereffective|p2a: Decidueye\n|-damage|p2a: Decidueye|0 fnt\n|faint|p2a: Decidueye\n|\n|-weather|Hail|[upkeep]\n|upkeep\n|j| zek4040\n|\n|t:|1646666409\n|switch|p2a: Glastrier|Glastrier|100\/100\n|turn|9\n|\n|t:|1646666419\n|switch|p1a: Copperajah|Copperajah, M|100\/100\n|-damage|p1a: Copperajah|94\/100|[from] Stealth Rock\n|move|p2a: Glastrier|Close Combat|p1a: Copperajah\n|-supereffective|p1a: Copperajah\n|-damage|p1a: Copperajah|2\/100\n|-unboost|p2a: Glastrier|def|1\n|-unboost|p2a: Glastrier|spd|1\n|\n|-weather|Hail|[upkeep]\n|-damage|p1a: Copperajah|0 fnt|[from] Hail\n|faint|p1a: Copperajah\n|upkeep\n|\n|t:|1646666426\n|switch|p1a: Togedemaru|Togedemaru, F|100\/100\n|-damage|p1a: Togedemaru|95\/100|[from] Stealth Rock\n|turn|10\n|\n|t:|1646666436\n|switch|p2a: Blastoise|Blastoise, M|100\/100\n|move|p1a: Togedemaru|U-turn|p2a: Blastoise\n|-damage|p2a: Blastoise|66\/100\n|\n|t:|1646666442\n|switch|p1a: Vanilluxe|Vanilluxe, F, shiny|69\/100|[from]move: U-turn\n|\n|-weather|Hail|[upkeep]\n|-damage|p2a: Blastoise|60\/100|[from] Hail\n|upkeep\n|turn|11\n|j|+StreetBoom\n|\n|t:|1646666445\n|move|p1a: Vanilluxe|Freeze-Dry|p2a: Blastoise\n|-supereffective|p2a: Blastoise\n|-damage|p2a: Blastoise|0 fnt\n|faint|p2a: Blastoise\n|\n|-weather|Hail|[upkeep]\n|upkeep\n|\n|t:|1646666448\n|switch|p2a: Xatu|Xatu, M|100\/100\n|turn|12\n|\n|t:|1646666453\n|move|p1a: Vanilluxe|Blizzard|p2a: Xatu\n|-supereffective|p2a: Xatu\n|-damage|p2a: Xatu|0 fnt\n|faint|p2a: Xatu\n|\n|-weather|none\n|upkeep\n|j| datoneboi1\n|\n|t:|1646666456\n|switch|p2a: Glastrier|Glastrier|100\/100\n|turn|13\n|j| Wubben\n|\n|t:|1646666461\n|move|p1a: Vanilluxe|Freeze-Dry|p2a: Glastrier\n|-resisted|p2a: Glastrier\n|-damage|p2a: Glastrier|87\/100\n|move|p2a: Glastrier|Substitute|p2a: Glastrier\n|-start|p2a: Glastrier|Substitute\n|-damage|p2a: Glastrier|62\/100\n|\n|-heal|p2a: Glastrier|68\/100|[from] item: Leftovers\n|upkeep\n|turn|14\n|\n|t:|1646666470\n|move|p1a: Vanilluxe|Freeze-Dry|p2a: Glastrier\n|-resisted|p2a: Glastrier\n|-activate|p2a: Glastrier|move: Substitute|[damage]\n|move|p2a: Glastrier|Swords Dance|p2a: Glastrier\n|-boost|p2a: Glastrier|atk|2\n|\n|-heal|p2a: Glastrier|75\/100|[from] item: Leftovers\n|upkeep\n|turn|15\n|\n|t:|1646666478\n|move|p1a: Vanilluxe|Blizzard|p2a: Glastrier|[miss]\n|-miss|p1a: Vanilluxe|p2a: Glastrier\n|move|p2a: Glastrier|Swords Dance|p2a: Glastrier\n|-boost|p2a: Glastrier|atk|2\n|\n|-heal|p2a: Glastrier|81\/100|[from] item: Leftovers\n|upkeep\n|turn|16\n|\n|t:|1646666483\n|move|p1a: Vanilluxe|Blizzard|p2a: Glastrier|[miss]\n|-miss|p1a: Vanilluxe|p2a: Glastrier\n|move|p2a: Glastrier|Substitute|p2a: Glastrier\n|-fail|p2a: Glastrier|move: Substitute\n|\n|-heal|p2a: Glastrier|87\/100|[from] item: Leftovers\n|upkeep\n|turn|17\n|\n|t:|1646666486\n|move|p1a: Vanilluxe|Freeze-Dry|p2a: Glastrier\n|-resisted|p2a: Glastrier\n|-activate|p2a: Glastrier|move: Substitute|[damage]\n|move|p2a: Glastrier|Substitute|p2a: Glastrier\n|-fail|p2a: Glastrier|move: Substitute\n|\n|-heal|p2a: Glastrier|93\/100|[from] item: Leftovers\n|upkeep\n|turn|18\n|\n|t:|1646666489\n|move|p1a: Vanilluxe|Blizzard|p2a: Glastrier\n|-resisted|p2a: Glastrier\n|-end|p2a: Glastrier|Substitute\n|move|p2a: Glastrier|Substitute|p2a: Glastrier\n|-start|p2a: Glastrier|Substitute\n|-damage|p2a: Glastrier|68\/100\n|\n|-heal|p2a: Glastrier|74\/100|[from] item: Leftovers\n|upkeep\n|turn|19\n|\n|t:|1646666493\n|move|p1a: Vanilluxe|Blizzard|p2a: Glastrier|[miss]\n|-miss|p1a: Vanilluxe|p2a: Glastrier\n|move|p2a: Glastrier|Close Combat|p1a: Vanilluxe\n|-supereffective|p1a: Vanilluxe\n|-damage|p1a: Vanilluxe|0 fnt\n|-unboost|p2a: Glastrier|def|1\n|-unboost|p2a: Glastrier|spd|1\n|faint|p1a: Vanilluxe\n|-ability|p2a: Glastrier|Chilling Neigh|boost\n|-boost|p2a: Glastrier|atk|1\n|\n|-heal|p2a: Glastrier|80\/100|[from] item: Leftovers\n|upkeep\n|\n|t:|1646666495\n|switch|p1a: Mudsdale|Mudsdale, F|100\/100\n|-damage|p1a: Mudsdale|94\/100|[from] Stealth Rock\n|turn|20\n|\n|t:|1646666498\n|move|p2a: Glastrier|Icicle Crash|p1a: Mudsdale\n|-supereffective|p1a: Mudsdale\n|-damage|p1a: Mudsdale|0 fnt\n|faint|p1a: Mudsdale\n|-ability|p2a: Glastrier|Chilling Neigh|boost\n|-boost|p2a: Glastrier|atk|1\n|\n|-heal|p2a: Glastrier|87\/100|[from] item: Leftovers\n|upkeep\n|\n|t:|1646666501\n|switch|p1a: Togedemaru|Togedemaru, F|95\/100\n|-damage|p1a: Togedemaru|89\/100|[from] Stealth Rock\n|turn|21\n|c|\u2606Xasah\u2764\ufe0eBae|gg\n|c|\u2606phatinum|gg\n|\n|t:|1646666504\n|move|p1a: Togedemaru|Iron Head|p2a: Glastrier\n|-supereffective|p2a: Glastrier\n|-end|p2a: Glastrier|Substitute\n|move|p2a: Glastrier|Close Combat|p1a: Togedemaru\n|-supereffective|p1a: Togedemaru\n|-crit|p1a: Togedemaru\n|-damage|p1a: Togedemaru|0 fnt\n|-unboost|p2a: Glastrier|def|1\n|-unboost|p2a: Glastrier|spd|1\n|-damage|p2a: Glastrier|74\/100|[from] ability: Iron Barbs|[of] p1a: Togedemaru\n|faint|p1a: Togedemaru\n|\n|win|Xasah\u2764\ufe0eBae\n|n|\u2606phatinum|phatinum\n|n|\u2606Xasah\u2764\ufe0eBae|xasahbae\n|n|*Lady Monita \u2744|ladymonita\n|n| BB-8-NU|bb8nu\n|n| floatzelnite|floatzelnite\n|n| Yahoo12|yahoo12\n|n| yDutz|ydutz\n|n| Mystixc|mystixc\n|n| krabbie|krabbie\n|n| CrazBeCrazy|crazbecrazy\n|n| Pakbot1|pakbot1\n|n| AG) Ascend|agascend\n|n| zek4040|zek4040\n|n| StreetBoom|streetboom\n|n| datoneboi1|datoneboi1\n|n| Wubben|wubben\n|l|*Lady Monita \u2744\n|l| BB-8-NU\n|l|\u2606phatinum\n","uploadtime":1646666512,"views":14,"p1id":"phatinum","p2id":"xasahbae","formatid":"gen8nu","rating":0,"private":0,"password":null}