{"id":"gen8randombattle-1491382750","p1":"Green Symphony","p2":"Allelaja","format":"gen8randombattle","log":"|j|\u2606Green Symphony\n|j|\u2606Allelaja\n|t:|1642169793\n|gametype|singles\n|player|p1|Green Symphony|erika|1749\n|player|p2|Allelaja|265|1777\n|teamsize|p1|6\n|teamsize|p2|6\n|gen|8\n|tier|[Gen 8] Random Battle\n|rated|\n|rule|Species Clause: Limit one of each Pok\u00e9mon\n|rule|HP Percentage Mod: HP is shown in percentages\n|rule|Sleep Clause Mod: Limit one foe put to sleep\n|\n|t:|1642169793\n|start\n|switch|p1a: Arcanine|Arcanine, L82, M|282\/282\n|switch|p2a: Barbaracle|Barbaracle, L80, F|246\/246\n|-ability|p1a: Arcanine|Intimidate|boost\n|-unboost|p2a: Barbaracle|atk|1\n|-enditem|p2a: Barbaracle|White Herb\n|-clearnegativeboost|p2a: Barbaracle|[silent]\n|turn|1\n|inactive|Battle timer is ON: inactive players will automatically lose when time's up. (requested by Allelaja)\n|\n|t:|1642169804\n|move|p1a: Arcanine|Toxic|p2a: Barbaracle|[miss]\n|-miss|p1a: Arcanine|p2a: Barbaracle\n|move|p2a: Barbaracle|Shell Smash|p2a: Barbaracle\n|-unboost|p2a: Barbaracle|def|1\n|-unboost|p2a: Barbaracle|spd|1\n|-boost|p2a: Barbaracle|atk|2\n|-boost|p2a: Barbaracle|spa|2\n|-boost|p2a: Barbaracle|spe|2\n|\n|upkeep\n|turn|2\n|inactive|Green Symphony has 120 seconds left.\n|j| PigeonManEpic\n|inactive|Green Symphony has 90 seconds left.\n|\n|t:|1642169878\n|move|p2a: Barbaracle|Liquidation|p1a: Arcanine\n|-supereffective|p1a: Arcanine\n|-damage|p1a: Arcanine|0 fnt\n|faint|p1a: Arcanine\n|\n|upkeep\n|\n|t:|1642169881\n|switch|p1a: Uxie|Uxie, L82|257\/257\n|turn|3\n|\n|t:|1642169890\n|move|p2a: Barbaracle|Liquidation|p1a: Uxie\n|-damage|p1a: Uxie|89\/257\n|move|p1a: Uxie|Yawn|p2a: Barbaracle\n|-start|p2a: Barbaracle|move: Yawn|[of] p1a: Uxie\n|\n|-heal|p1a: Uxie|105\/257|[from] item: Leftovers\n|upkeep\n|turn|4\n|\n|t:|1642169895\n|move|p2a: Barbaracle|Liquidation|p1a: Uxie\n|-damage|p1a: Uxie|0 fnt\n|faint|p1a: Uxie\n|\n|-end|p2a: Barbaracle|move: Yawn|[silent]\n|-status|p2a: Barbaracle|slp\n|upkeep\n|\n|t:|1642169898\n|switch|p1a: Exeggutor|Exeggutor-Alola, L87, M|307\/307\n|turn|5\n|\n|t:|1642169903\n|switch|p2a: Eldegoss|Eldegoss, L90, F|254\/254\n|move|p1a: Exeggutor|Giga Drain|p2a: Eldegoss\n|-resisted|p2a: Eldegoss\n|-damage|p2a: Eldegoss|205\/254\n|-damage|p1a: Exeggutor|277\/307|[from] item: Life Orb\n|\n|-heal|p2a: Eldegoss|220\/254|[from] item: Leftovers\n|upkeep\n|turn|6\n|inactive|Green Symphony has 120 seconds left.\n|\n|t:|1642169919\n|move|p2a: Eldegoss|Pollen Puff|p1a: Exeggutor\n|-supereffective|p1a: Exeggutor\n|-damage|p1a: Exeggutor|141\/307\n|move|p1a: Exeggutor|Flamethrower|p2a: Eldegoss\n|-supereffective|p2a: Eldegoss\n|-damage|p2a: Eldegoss|56\/254\n|-damage|p1a: Exeggutor|111\/307|[from] item: Life Orb\n|\n|-heal|p2a: Eldegoss|71\/254|[from] item: Leftovers\n|upkeep\n|turn|7\n|inactive|Green Symphony has 120 seconds left.\n|\n|t:|1642169928\n|switch|p1a: Cursola|Cursola, L86, M|243\/243\n|move|p2a: Eldegoss|Pollen Puff|p1a: Cursola\n|-resisted|p1a: Cursola\n|-damage|p1a: Cursola|219\/243\n|\n|-heal|p2a: Eldegoss|86\/254|[from] item: Leftovers\n|upkeep\n|turn|8\n|\n|t:|1642169933\n|switch|p2a: Aromatisse|Aromatisse, L88, M|321\/321\n|move|p1a: Cursola|Shadow Ball|p2a: Aromatisse\n|-damage|p2a: Aromatisse|152\/321\n|\n|-heal|p2a: Aromatisse|172\/321|[from] item: Leftovers\n|upkeep\n|turn|9\n|\n|t:|1642169938\n|move|p1a: Cursola|Shadow Ball|p2a: Aromatisse\n|-damage|p2a: Aromatisse|0 fnt\n|faint|p2a: Aromatisse\n|\n|upkeep\n|\n|t:|1642169954\n|switch|p2a: Eldegoss|Eldegoss, L90, F|170\/254\n|turn|10\n|\n|t:|1642169957\n|move|p2a: Eldegoss|Sleep Powder|p1a: Cursola\n|-status|p1a: Cursola|slp|[from] move: Sleep Powder\n|cant|p1a: Cursola|slp\n|\n|-heal|p2a: Eldegoss|185\/254|[from] item: Leftovers\n|upkeep\n|turn|11\n|\n|t:|1642169961\n|move|p2a: Eldegoss|Leech Seed|p1a: Cursola\n|-start|p1a: Cursola|move: Leech Seed\n|cant|p1a: Cursola|slp\n|\n|-heal|p2a: Eldegoss|200\/254|[from] item: Leftovers\n|-damage|p1a: Cursola|189\/243 slp|[from] Leech Seed|[of] p2a: Eldegoss\n|-heal|p2a: Eldegoss|230\/254|[silent]\n|upkeep\n|turn|12\n|\n|t:|1642169966\n|switch|p2a: Goodra|Goodra, L82, F|282\/282\n|switch|p1a: Gigalith|Gigalith, L82, M|274\/274\n|-weather|Sandstorm|[from] ability: Sand Stream|[of] p1a: Gigalith\n|\n|-weather|Sandstorm|[upkeep]\n|-damage|p2a: Goodra|265\/282|[from] Sandstorm\n|upkeep\n|turn|13\n|\n|t:|1642169973\n|switch|p2a: Eldegoss|Eldegoss, L90, F|254\/254\n|move|p1a: Gigalith|Stone Edge|p2a: Eldegoss|[miss]\n|-miss|p1a: Gigalith|p2a: Eldegoss\n|\n|-weather|Sandstorm|[upkeep]\n|-damage|p2a: Eldegoss|239\/254|[from] Sandstorm\n|-heal|p2a: Eldegoss|254\/254|[from] item: Leftovers\n|upkeep\n|turn|14\n|\n|t:|1642169977\n|move|p2a: Eldegoss|Energy Ball|p1a: Gigalith\n|-supereffective|p1a: Gigalith\n|-damage|p1a: Gigalith|124\/274\n|move|p1a: Gigalith|Stone Edge|p2a: Eldegoss\n|-damage|p2a: Eldegoss|127\/254\n|\n|-weather|Sandstorm|[upkeep]\n|-damage|p2a: Eldegoss|112\/254|[from] Sandstorm\n|-heal|p2a: Eldegoss|127\/254|[from] item: Leftovers\n|-heal|p1a: Gigalith|141\/274|[from] item: Leftovers\n|upkeep\n|turn|15\n|\n|t:|1642169986\n|switch|p1a: Exeggutor|Exeggutor-Alola, L87, M|111\/307\n|-item|p2a: Eldegoss|Leftovers|[from] ability: Frisk|[of] p1a: Exeggutor|[identify]\n|move|p2a: Eldegoss|Energy Ball|p1a: Exeggutor\n|-resisted|p1a: Exeggutor\n|-damage|p1a: Exeggutor|86\/307\n|-unboost|p1a: Exeggutor|spd|1\n|\n|-weather|Sandstorm|[upkeep]\n|-damage|p2a: Eldegoss|112\/254|[from] Sandstorm\n|-damage|p1a: Exeggutor|67\/307|[from] Sandstorm\n|-heal|p2a: Eldegoss|127\/254|[from] item: Leftovers\n|upkeep\n|turn|16\n|\n|t:|1642169991\n|move|p2a: Eldegoss|Pollen Puff|p1a: Exeggutor\n|-supereffective|p1a: Exeggutor\n|-damage|p1a: Exeggutor|0 fnt\n|faint|p1a: Exeggutor\n|\n|-weather|none\n|-heal|p2a: Eldegoss|142\/254|[from] item: Leftovers\n|upkeep\n|\n|t:|1642169993\n|switch|p1a: Cursola|Cursola, L86, M|189\/243 slp\n|turn|17\n|\n|t:|1642169997\n|move|p2a: Eldegoss|Leech Seed|p1a: Cursola\n|-start|p1a: Cursola|move: Leech Seed\n|-curestatus|p1a: Cursola|slp|[msg]\n|move|p1a: Cursola|Shadow Ball|p2a: Eldegoss\n|-damage|p2a: Eldegoss|6\/254\n|-unboost|p2a: Eldegoss|spd|1\n|\n|-heal|p2a: Eldegoss|21\/254|[from] item: Leftovers\n|-damage|p1a: Cursola|159\/243|[from] Leech Seed|[of] p2a: Eldegoss\n|-heal|p2a: Eldegoss|51\/254|[silent]\n|upkeep\n|turn|18\n|\n|t:|1642170003\n|switch|p2a: Goodra|Goodra, L82, F|265\/282\n|move|p1a: Cursola|Shadow Ball|p2a: Goodra\n|-damage|p2a: Goodra|145\/282\n|\n|-damage|p1a: Cursola|129\/243|[from] Leech Seed|[of] p2a: Goodra\n|-heal|p2a: Goodra|175\/282|[silent]\n|upkeep\n|turn|19\n|\n|t:|1642170009\n|switch|p1a: Gigalith|Gigalith, L82, M|141\/274\n|-weather|Sandstorm|[from] ability: Sand Stream|[of] p1a: Gigalith\n|move|p2a: Goodra|Draco Meteor|p1a: Gigalith\n|-damage|p1a: Gigalith|0 fnt\n|-unboost|p2a: Goodra|spa|2\n|faint|p1a: Gigalith\n|\n|-weather|Sandstorm|[upkeep]\n|-damage|p2a: Goodra|158\/282|[from] Sandstorm\n|upkeep\n|\n|t:|1642170012\n|switch|p1a: Cursola|Cursola, L86, M|129\/243\n|turn|20\n|\n|t:|1642170017\n|move|p2a: Goodra|Draco Meteor|p1a: Cursola\n|-damage|p1a: Cursola|54\/243\n|-unboost|p2a: Goodra|spa|2\n|move|p1a: Cursola|Shadow Ball|p2a: Goodra\n|-damage|p2a: Goodra|37\/282\n|\n|-weather|Sandstorm|[upkeep]\n|-damage|p2a: Goodra|20\/282|[from] Sandstorm\n|-damage|p1a: Cursola|39\/243|[from] Sandstorm\n|upkeep\n|turn|21\n|\n|t:|1642170023\n|move|p2a: Goodra|Draco Meteor|p1a: Cursola\n|-damage|p1a: Cursola|0 fnt\n|-unboost|p2a: Goodra|spa|2\n|faint|p1a: Cursola\n|\n|-weather|Sandstorm|[upkeep]\n|-damage|p2a: Goodra|3\/282|[from] Sandstorm\n|upkeep\n|\n|t:|1642170025\n|switch|p1a: Eiscue|Eiscue, L82, M|256\/256\n|turn|22\n|l| PigeonManEpic\n|\n|t:|1642170032\n|switch|p2a: Regieleki|Regieleki, L78|253\/253\n|move|p1a: Eiscue|Belly Drum|p1a: Eiscue\n|-damage|p1a: Eiscue|128\/256\n|-setboost|p1a: Eiscue|atk|6|[from] move: Belly Drum\n|-enditem|p1a: Eiscue|Sitrus Berry|[eat]\n|-heal|p1a: Eiscue|192\/256|[from] item: Sitrus Berry\n|\n|-weather|Sandstorm|[upkeep]\n|-damage|p2a: Regieleki|238\/253|[from] Sandstorm\n|-damage|p1a: Eiscue|176\/256|[from] Sandstorm\n|upkeep\n|turn|23\n|\n|t:|1642170038\n|-start|p1a: Eiscue|Dynamax\n|-heal|p1a: Eiscue|352\/512|[silent]\n|move|p2a: Regieleki|Volt Switch|p1a: Eiscue\n|-damage|p1a: Eiscue|223\/512\n|\n|t:|1642170044\n|switch|p2a: Barbaracle|Barbaracle, L80, F|246\/246 slp\n|move|p1a: Eiscue|Max Hailstorm|p2a: Barbaracle\n|-resisted|p2a: Barbaracle\n|-damage|p2a: Barbaracle|65\/246 slp\n|-weather|Hail\n|\n|-weather|Hail|[upkeep]\n|-damage|p2a: Barbaracle|50\/246 slp|[from] Hail\n|upkeep\n|turn|24\n|\n|t:|1642170052\n|cant|p2a: Barbaracle|slp\n|move|p1a: Eiscue|Max Hailstorm|p2a: Barbaracle\n|-resisted|p2a: Barbaracle\n|-damage|p2a: Barbaracle|0 fnt\n|faint|p2a: Barbaracle\n|\n|-weather|Hail|[upkeep]\n|upkeep\n|\n|t:|1642170054\n|switch|p2a: Regieleki|Regieleki, L78|238\/253\n|turn|25\n|\n|t:|1642170056\n|move|p2a: Regieleki|Volt Switch|p1a: Eiscue\n|-damage|p1a: Eiscue|94\/512\n|\n|t:|1642170058\n|switch|p2a: Goodra|Goodra, L82, F|3\/282\n|move|p1a: Eiscue|Max Hailstorm|p2a: Goodra\n|-supereffective|p2a: Goodra\n|-damage|p2a: Goodra|0 fnt\n|faint|p2a: Goodra\n|\n|-weather|Hail|[upkeep]\n|-end|p1a: Eiscue|Dynamax\n|-heal|p1a: Eiscue|47\/256|[silent]\n|upkeep\n|\n|t:|1642170060\n|switch|p2a: Regieleki|Regieleki, L78|238\/253\n|turn|26\n|\n|t:|1642170065\n|move|p2a: Regieleki|Volt Switch|p1a: Eiscue\n|-damage|p1a: Eiscue|0 fnt\n|faint|p1a: Eiscue\n|\n|win|Allelaja\n|raw|Green Symphony's rating: 1749 &rarr; <strong>1731<\/strong><br \/>(-18 for losing)\n|raw|Allelaja's rating: 1777 &rarr; <strong>1795<\/strong><br \/>(+18 for winning)\n|l|\u2606Green Symphony\n","inputlog":">version 45aa870868dc2c2c709f41fcc3d4cc3e091e4d07\n>start {\"formatid\":\"gen8randombattle\",\"seed\":[56293,56613,27400,29798],\"rated\":\"Rated battle\"}\n>player p1 {\"name\":\"Green Symphony\",\"avatar\":\"erika\",\"rating\":1749,\"seed\":[8142,52228,53905,65019]}\n>player p2 {\"name\":\"Allelaja\",\"avatar\":\"265\",\"rating\":1777,\"seed\":[28526,7504,63045,3188]}\n>p1 move toxic\n>p2 move shellsmash\n>p1 move toxic\n>p2 move liquidation\n>p1 switch 4\n>p1 move yawn\n>p2 move liquidation\n>p1 move uturn\n>p2 move liquidation\n>p1 switch 2\n>p1 move gigadrain\n>p2 switch 4\n>p1 move flamethrower\n>p2 move pollenpuff\n>p1 switch 6\n>p2 move pollenpuff\n>p1 move shadowball\n>p2 switch 6\n>p1 move shadowball\n>p2 move wish\n>p2 switch 6\n>p1 move shadowball\n>p2 move sleeppowder\n>p1 move shadowball\n>p2 move leechseed\n>p1 switch 3\n>p2 switch 2\n>p1 move stoneedge\n>p2 switch 2\n>p1 move stoneedge\n>p2 move energyball\n>p1 switch 6\n>p2 move energyball\n>p1 move flamethrower\n>p2 move pollenpuff\n>p1 switch 3\n>p1 move shadowball\n>p2 move leechseed\n>p1 move shadowball\n>p2 switch 2\n>p1 switch 6\n>p2 move dracometeor\n>p1 switch 6\n>p1 move shadowball\n>p2 move dracometeor\n>p1 move shadowball\n>p2 move dracometeor\n>p1 switch 5\n>p1 move bellydrum\n>p2 switch 3\n>p1 move iciclecrash dynamax\n>p2 move voltswitch\n>p2 switch 4\n>p1 move iciclecrash dynamax\n>p2 move shellsmash\n>p2 switch 4\n>p1 move iciclecrash dynamax\n>p2 move voltswitch\n>p2 switch 3\n>p2 switch 3\n>p1 move iciclecrash\n>p2 move voltswitch","uploadtime":1642170071,"views":7,"p1id":"greensymphony","p2id":"allelaja","formatid":"gen8randombattle","rating":1731,"private":0,"password":null}