{"id":"gen8pu-1706972249","p1":"clinical psych","p2":"TsunamiKay","format":"gen8pu","log":"|j|\u2606clinical psych\n|j|\u2606TsunamiKay\n|t:|1668037715\n|gametype|singles\n|player|p1|clinical psych|nate|1145\n|player|p2|TsunamiKay|iris|1088\n|teamsize|p1|6\n|teamsize|p2|6\n|gen|8\n|tier|[Gen 8] PU\n|rated|\n|rule|Sleep Clause Mod: Limit one foe put to sleep\n|rule|Species Clause: Limit one of each Pok\u00e9mon\n|rule|OHKO Clause: OHKO moves are banned\n|rule|Evasion Items Clause: Evasion items are banned\n|rule|Evasion Moves Clause: Evasion moves are banned\n|rule|Endless Battle Clause: Forcing endless battles is banned\n|rule|HP Percentage Mod: HP is shown in percentages\n|rule|Dynamax Clause: You cannot dynamax\n|clearpoke\n|poke|p1|Galvantula, M|\n|poke|p1|Shelgon, F|\n|poke|p1|Archeops, M|\n|poke|p1|Audino, M|\n|poke|p1|Accelgor, M|\n|poke|p1|Tentacool, M|\n|poke|p2|Absol, F|\n|poke|p2|Audino, M|\n|poke|p2|Galvantula, F|\n|poke|p2|Mesprit|\n|poke|p2|Hitmonlee, M|\n|poke|p2|Aggron, F|\n|teampreview\n|inactive|Battle timer is ON: inactive players will automatically lose when time's up. (requested by clinical psych)\n|\n|t:|1668037733\n|start\n|switch|p1a: Accelgor|Accelgor, M|100\/100\n|switch|p2a: Galvantula|Galvantula, F|100\/100\n|turn|1\n|\n|t:|1668037740\n|move|p1a: Accelgor|Knock Off|p2a: Galvantula\n|-damage|p2a: Galvantula|55\/100\n|-enditem|p2a: Galvantula|Focus Sash|[from] move: Knock Off|[of] p1a: Accelgor\n|move|p2a: Galvantula|Sticky Web|p1a: Accelgor\n|-sidestart|p1: clinical psych|move: Sticky Web\n|\n|upkeep\n|turn|2\n|\n|t:|1668037748\n|move|p1a: Accelgor|Encore|p2a: Galvantula\n|-start|p2a: Galvantula|Encore\n|move|p2a: Galvantula|Sticky Web||[still]\n|-fail|p2a: Galvantula\n|\n|upkeep\n|turn|3\n|\n|t:|1668037759\n|switch|p2a: Audino|Audino, M|100\/100\n|move|p1a: Accelgor|U-turn|p2a: Audino\n|-damage|p2a: Audino|82\/100\n|\n|t:|1668037764\n|switch|p1a: Tentacool|Tentacool, M|100\/100|[from]move: U-turn\n|-activate|p1a: Tentacool|move: Sticky Web\n|-unboost|p1a: Tentacool|spe|1\n|\n|-heal|p2a: Audino|88\/100|[from] item: Leftovers\n|upkeep\n|turn|4\n|\n|t:|1668037771\n|move|p2a: Audino|Psyshock|p1a: Tentacool\n|-supereffective|p1a: Tentacool\n|-damage|p1a: Tentacool|52\/100\n|move|p1a: Tentacool|Rapid Spin|p2a: Audino\n|-damage|p2a: Audino|84\/100\n|-boost|p1a: Tentacool|spe|1\n|-sideend|p1: clinical psych|Sticky Web|[from] move: Rapid Spin|[of] p1a: Tentacool\n|\n|-heal|p2a: Audino|90\/100|[from] item: Leftovers\n|upkeep\n|turn|5\n|inactive|TsunamiKay has 120 seconds left.\n|\n|t:|1668037802\n|move|p1a: Tentacool|Knock Off|p2a: Audino\n|-damage|p2a: Audino|81\/100\n|-enditem|p2a: Audino|Leftovers|[from] move: Knock Off|[of] p1a: Tentacool\n|move|p2a: Audino|Psyshock|p1a: Tentacool\n|-supereffective|p1a: Tentacool\n|-damage|p1a: Tentacool|10\/100\n|\n|upkeep\n|turn|6\n|\n|t:|1668037811\n|move|p1a: Tentacool|Toxic|p2a: Audino\n|-status|p2a: Audino|tox\n|move|p2a: Audino|Psyshock|p1a: Tentacool\n|-supereffective|p1a: Tentacool\n|-damage|p1a: Tentacool|0 fnt\n|faint|p1a: Tentacool\n|\n|-damage|p2a: Audino|75\/100 tox|[from] psn\n|upkeep\n|\n|t:|1668037829\n|switch|p1a: Audino|Audino, M|100\/100\n|turn|7\n|\n|t:|1668037841\n|move|p2a: Audino|Thunder Wave|p1a: Audino\n|-status|p1a: Audino|par\n|move|p1a: Audino|Calm Mind|p1a: Audino\n|-boost|p1a: Audino|spa|1\n|-boost|p1a: Audino|spd|1\n|\n|-damage|p2a: Audino|63\/100 tox|[from] psn\n|upkeep\n|turn|8\n|\n|t:|1668037861\n|switch|p2a: Absol|Absol, F|100\/100\n|move|p1a: Audino|Wish|p1a: Audino\n|\n|upkeep\n|turn|9\n|\n|t:|1668037867\n|move|p2a: Absol|Close Combat|p1a: Audino\n|-supereffective|p1a: Audino\n|-crit|p1a: Audino\n|-damage|p1a: Audino|0 fnt\n|-unboost|p2a: Absol|def|1\n|-unboost|p2a: Absol|spd|1\n|faint|p1a: Audino\n|\n|upkeep\n|\n|t:|1668037874\n|switch|p1a: Accelgor|Accelgor, M|100\/100\n|turn|10\n|\n|t:|1668037882\n|switch|p2a: Audino|Audino, M|96\/100 tox\n|move|p1a: Accelgor|Knock Off|p2a: Audino\n|-damage|p2a: Audino|84\/100 tox\n|\n|-damage|p2a: Audino|78\/100 tox|[from] psn\n|upkeep\n|turn|11\n|\n|t:|1668037889\n|move|p1a: Accelgor|U-turn|p2a: Audino\n|-damage|p2a: Audino|57\/100 tox\n|\n|t:|1668037892\n|switch|p1a: Galvantula|Galvantula, M|100\/100|[from]move: U-turn\n|move|p2a: Audino|Psyshock|p1a: Galvantula\n|-damage|p1a: Galvantula|79\/100\n|\n|-damage|p2a: Audino|44\/100 tox|[from] psn\n|upkeep\n|turn|12\n|\n|t:|1668037902\n|move|p1a: Galvantula|Thunder|p2a: Audino\n|-damage|p2a: Audino|0 fnt\n|faint|p2a: Audino\n|\n|upkeep\n|\n|t:|1668037913\n|switch|p2a: Aggron|Aggron, F|100\/100\n|turn|13\n|\n|t:|1668037922\n|switch|p1a: Shelgon|Shelgon, F|100\/100\n|move|p2a: Aggron|Head Smash|p1a: Shelgon\n|-damage|p1a: Shelgon|66\/100\n|\n|upkeep\n|turn|14\n|\n|t:|1668037930\n|move|p2a: Aggron|Stealth Rock|p1a: Shelgon\n|-sidestart|p1: clinical psych|move: Stealth Rock\n|move|p1a: Shelgon|Roar|p2a: Aggron\n|drag|p2a: Mesprit|Mesprit|100\/100\n|\n|upkeep\n|turn|15\n|\n|t:|1668037936\n|move|p2a: Mesprit|Dazzling Gleam|p1a: Shelgon\n|-supereffective|p1a: Shelgon\n|-crit|p1a: Shelgon\n|-damage|p1a: Shelgon|0 fnt\n|faint|p1a: Shelgon\n|\n|upkeep\n|\n|t:|1668037946\n|switch|p1a: Archeops|Archeops, M|100\/100\n|-damage|p1a: Archeops|76\/100|[from] Stealth Rock\n|turn|16\n|\n|t:|1668037955\n|switch|p2a: Galvantula|Galvantula, F|55\/100\n|move|p1a: Archeops|Rock Polish|p1a: Archeops\n|-boost|p1a: Archeops|spe|2\n|\n|upkeep\n|turn|17\n|\n|t:|1668037963\n|move|p1a: Archeops|Air Slash|p2a: Galvantula\n|-damage|p2a: Galvantula|0 fnt\n|faint|p2a: Galvantula\n|\n|upkeep\n|\n|t:|1668037979\n|switch|p2a: Absol|Absol, F|100\/100\n|turn|18\n|\n|t:|1668037984\n|move|p2a: Absol|Sucker Punch|p1a: Archeops\n|-damage|p1a: Archeops|8\/100\n|move|p1a: Archeops|Meteor Beam||[still]\n|-prepare|p1a: Archeops|Meteor Beam\n|-boost|p1a: Archeops|spa|1\n|-enditem|p1a: Archeops|Power Herb\n|-anim|p1a: Archeops|Meteor Beam|p2a: Absol\n|-damage|p2a: Absol|10\/100\n|\n|upkeep\n|turn|19\n|\n|t:|1668037993\n|move|p2a: Absol|Sucker Punch||[still]\n|-fail|p2a: Absol\n|move|p1a: Archeops|Roost|p1a: Archeops\n|-heal|p1a: Archeops|58\/100\n|-singleturn|p1a: Archeops|move: Roost\n|\n|upkeep\n|turn|20\n|\n|t:|1668038008\n|move|p1a: Archeops|Roost|p1a: Archeops\n|-heal|p1a: Archeops|100\/100\n|-singleturn|p1a: Archeops|move: Roost\n|move|p2a: Absol|Close Combat|p1a: Archeops\n|-supereffective|p1a: Archeops\n|-crit|p1a: Archeops\n|-damage|p1a: Archeops|0 fnt\n|-unboost|p2a: Absol|def|1\n|-unboost|p2a: Absol|spd|1\n|faint|p1a: Archeops\n|\n|upkeep\n|\n|t:|1668038020\n|switch|p1a: Accelgor|Accelgor, M|100\/100\n|-damage|p1a: Accelgor|76\/100|[from] Stealth Rock\n|turn|21\n|\n|t:|1668038028\n|move|p2a: Absol|Sucker Punch||[still]\n|-fail|p2a: Absol\n|move|p1a: Accelgor|Encore|p2a: Absol\n|-start|p2a: Absol|Encore\n|\n|upkeep\n|turn|22\n|\n|t:|1668038037\n|move|p2a: Absol|Sucker Punch|p1a: Accelgor\n|-crit|p1a: Accelgor\n|-damage|p1a: Accelgor|0 fnt\n|faint|p1a: Accelgor\n|\n|upkeep\n|\n|t:|1668038042\n|switch|p1a: Galvantula|Galvantula, M|79\/100\n|-damage|p1a: Galvantula|54\/100|[from] Stealth Rock\n|turn|23\n|-message|clinical psych forfeited.\n|\n|win|TsunamiKay\n|raw|clinical psych's rating: 1145 &rarr; <strong>1116<\/strong><br \/>(-29 for losing)\n|raw|TsunamiKay's rating: 1088 &rarr; <strong>1119<\/strong><br \/>(+31 for winning)\n|l|\u2606clinical psych\n|c|\u2606TsunamiKay|gg\n||Ladder isn't responding, score probably updated but might not have (Request timeout).\n","uploadtime":1668038112,"views":4,"p1id":"clinicalpsych","p2id":"tsunamikay","formatid":"gen8pu","rating":1116,"private":0,"password":null}