{"id":"gen8ou-1654314797","p1":"Bloody Busybody","p2":"minimax_ai","format":"gen8ou","log":"|j|\u2606Bloody Busybody\n|j|\u2606minimax_ai\n|t:|1662128952\n|gametype|singles\n|player|p1|Bloody Busybody|bugcatcher|1584\n|player|p2|minimax_ai|102|1604\n|teamsize|p1|6\n|teamsize|p2|6\n|gen|8\n|tier|[Gen 8] OU\n|rated|\n|rule|Sleep Clause Mod: Limit one foe put to sleep\n|rule|Species Clause: Limit one of each Pok\u00e9mon\n|rule|OHKO Clause: OHKO moves are banned\n|rule|Evasion Items Clause: Evasion items are banned\n|rule|Evasion Moves Clause: Evasion moves are banned\n|rule|Endless Battle Clause: Forcing endless battles is banned\n|rule|HP Percentage Mod: HP is shown in percentages\n|rule|Dynamax Clause: You cannot dynamax\n|clearpoke\n|poke|p1|Volcanion|\n|poke|p1|Corviknight, F|\n|poke|p1|Mamoswine, M|\n|poke|p1|Blissey, F|\n|poke|p1|Rillaboom, F|\n|poke|p1|Hydreigon, M|\n|poke|p2|Rotom-Wash|\n|poke|p2|Weavile, M|\n|poke|p2|Landorus-Therian, M|\n|poke|p2|Heatran, M|\n|poke|p2|Tangrowth, M|\n|poke|p2|Melmetal|\n|teampreview\n|c|\u2606minimax_ai|hf\n|inactive|Battle timer is ON: inactive players will automatically lose when time's up. (requested by minimax_ai)\n|\n|t:|1662128961\n|start\n|switch|p1a: Volcanion|Volcanion|100\/100\n|switch|p2a: Melmetal|Melmetal|100\/100\n|turn|1\n|\n|t:|1662128969\n|switch|p2a: rotomwash|Rotom-Wash|100\/100\n|move|p1a: Volcanion|Fire Blast|p2a: rotomwash\n|-resisted|p2a: rotomwash\n|-damage|p2a: rotomwash|54\/100\n|\n|-heal|p2a: rotomwash|60\/100|[from] item: Leftovers\n|upkeep\n|turn|2\n|\n|t:|1662128973\n|switch|p1a: Mamoswine|Mamoswine, M|100\/100\n|move|p2a: rotomwash|Pain Split|p1a: Mamoswine\n|-sethp|p1a: Mamoswine|76\/100|[from] move: Pain Split|[silent]\n|-sethp|p2a: rotomwash|90\/100|[from] move: Pain Split\n|\n|-heal|p2a: rotomwash|96\/100|[from] item: Leftovers\n|upkeep\n|turn|3\n|\n|t:|1662128980\n|switch|p1a: Blissey|Blissey, F|100\/100\n|move|p2a: rotomwash|Hydro Pump|p1a: Blissey|[miss]\n|-miss|p2a: rotomwash|p1a: Blissey\n|\n|-heal|p2a: rotomwash|100\/100|[from] item: Leftovers\n|upkeep\n|turn|4\n|\n|t:|1662128982\n|move|p2a: rotomwash|Pain Split|p1a: Blissey\n|-sethp|p1a: Blissey|72\/100|[from] move: Pain Split|[silent]\n|-sethp|p2a: rotomwash|100\/100|[from] move: Pain Split\n|move|p1a: Blissey|Teleport|p1a: Blissey\n|\n|t:|1662128985\n|switch|p1a: Rillaboom|Rillaboom, F|100\/100|[from]move: Teleport\n|-fieldstart|move: Grassy Terrain|[from] ability: Grassy Surge|[of] p1a: Rillaboom\n|\n|upkeep\n|turn|5\n|\n|t:|1662128992\n|switch|p2a: Tangrowth|Tangrowth, M|100\/100\n|move|p1a: Rillaboom|U-turn|p2a: Tangrowth\n|-supereffective|p2a: Tangrowth\n|-damage|p2a: Tangrowth|56\/100\n|-damage|p1a: Rillaboom|84\/100|[from] item: Rocky Helmet|[of] p2a: Tangrowth\n|\n|t:|1662128994\n|switch|p1a: Hydreigon|Hydreigon, M|100\/100|[from]move: U-turn\n|\n|-heal|p2a: Tangrowth|63\/100|[from] Grassy Terrain\n|upkeep\n|turn|6\n|\n|t:|1662129001\n|switch|p2a: Melmetal|Melmetal|100\/100\n|move|p1a: Hydreigon|Dark Pulse|p2a: Melmetal\n|-damage|p2a: Melmetal|71\/100\n|-damage|p1a: Hydreigon|91\/100|[from] item: Life Orb\n|\n|-heal|p2a: Melmetal|77\/100|[from] Grassy Terrain\n|upkeep\n|turn|7\n|\n|t:|1662129004\n|switch|p1a: Corviknight|Corviknight, F|100\/100\n|-ability|p1a: Corviknight|Pressure\n|move|p2a: Melmetal|Double Iron Bash|p1a: Corviknight\n|-resisted|p1a: Corviknight\n|-damage|p1a: Corviknight|88\/100\n|-damage|p2a: Melmetal|61\/100|[from] item: Rocky Helmet|[of] p1a: Corviknight\n|-resisted|p1a: Corviknight\n|-damage|p1a: Corviknight|77\/100\n|-damage|p2a: Melmetal|44\/100|[from] item: Rocky Helmet|[of] p1a: Corviknight\n|-hitcount|p1a: Corviknight|2\n|\n|-heal|p2a: Melmetal|50\/100|[from] Grassy Terrain\n|upkeep\n|turn|8\n|\n|t:|1662129006\n|switch|p2a: rotomwash|Rotom-Wash|100\/100\n|move|p1a: Corviknight|U-turn|p2a: rotomwash\n|-damage|p2a: rotomwash|86\/100\n|\n|t:|1662129008\n|switch|p1a: Hydreigon|Hydreigon, M|91\/100|[from]move: U-turn\n|\n|-heal|p2a: rotomwash|93\/100|[from] item: Leftovers\n|-fieldend|move: Grassy Terrain\n|upkeep\n|turn|9\n|\n|t:|1662129011\n|move|p1a: Hydreigon|Dark Pulse|p2a: rotomwash\n|-damage|p2a: rotomwash|41\/100\n|-damage|p1a: Hydreigon|81\/100|[from] item: Life Orb\n|move|p2a: rotomwash|Pain Split|p1a: Hydreigon\n|-sethp|p1a: Hydreigon|60\/100|[from] move: Pain Split|[silent]\n|-sethp|p2a: rotomwash|64\/100|[from] move: Pain Split\n|\n|-heal|p2a: rotomwash|70\/100|[from] item: Leftovers\n|upkeep\n|turn|10\n|\n|t:|1662129015\n|switch|p2a: landorustherian|Landorus-Therian, M|100\/100\n|-ability|p2a: landorustherian|Intimidate|boost\n|-unboost|p1a: Hydreigon|atk|1\n|move|p1a: Hydreigon|Roost|p1a: Hydreigon\n|-heal|p1a: Hydreigon|100\/100\n|-singleturn|p1a: Hydreigon|move: Roost\n|\n|upkeep\n|turn|11\n|\n|t:|1662129021\n|move|p1a: Hydreigon|Draco Meteor|p2a: landorustherian\n|-damage|p2a: landorustherian|41\/100\n|-unboost|p1a: Hydreigon|spa|2\n|-damage|p1a: Hydreigon|91\/100|[from] item: Life Orb\n|move|p2a: landorustherian|Toxic|p1a: Hydreigon|[miss]\n|-miss|p2a: landorustherian|p1a: Hydreigon\n|\n|-heal|p2a: landorustherian|47\/100|[from] item: Leftovers\n|upkeep\n|turn|12\n|\n|t:|1662129025\n|switch|p1a: Corviknight|Corviknight, F|77\/100\n|-ability|p1a: Corviknight|Pressure\n|move|p2a: landorustherian|Toxic|p1a: Corviknight\n|-immune|p1a: Corviknight\n|\n|-heal|p2a: landorustherian|53\/100|[from] item: Leftovers\n|upkeep\n|turn|13\n|\n|t:|1662129027\n|switch|p2a: rotomwash|Rotom-Wash|70\/100\n|move|p1a: Corviknight|U-turn|p2a: rotomwash\n|-damage|p2a: rotomwash|55\/100\n|\n|t:|1662129030\n|switch|p1a: Hydreigon|Hydreigon, M|91\/100|[from]move: U-turn\n|\n|-heal|p2a: rotomwash|61\/100|[from] item: Leftovers\n|upkeep\n|turn|14\n|\n|t:|1662129035\n|switch|p2a: landorustherian|Landorus-Therian, M|53\/100\n|-ability|p2a: landorustherian|Intimidate|boost\n|-unboost|p1a: Hydreigon|atk|1\n|move|p1a: Hydreigon|Dark Pulse|p2a: landorustherian\n|-damage|p2a: landorustherian|13\/100\n|-damage|p1a: Hydreigon|81\/100|[from] item: Life Orb\n|\n|-heal|p2a: landorustherian|19\/100|[from] item: Leftovers\n|upkeep\n|turn|15\n|\n|t:|1662129037\n|move|p1a: Hydreigon|Dark Pulse|p2a: landorustherian\n|-damage|p2a: landorustherian|0 fnt\n|faint|p2a: landorustherian\n|-damage|p1a: Hydreigon|71\/100|[from] item: Life Orb\n|\n|upkeep\n|\n|t:|1662129037\n|switch|p2a: Weavile|Weavile, M|100\/100\n|-ability|p2a: Weavile|Pressure\n|turn|16\n|\n|t:|1662129040\n|switch|p1a: Corviknight|Corviknight, F|77\/100\n|-ability|p1a: Corviknight|Pressure\n|move|p2a: Weavile|Low Kick|p1a: Corviknight\n|-damage|p1a: Corviknight|51\/100\n|-damage|p2a: Weavile|84\/100|[from] item: Rocky Helmet|[of] p1a: Corviknight\n|\n|upkeep\n|turn|17\n|\n|t:|1662129042\n|switch|p2a: rotomwash|Rotom-Wash|61\/100\n|move|p1a: Corviknight|Roost|p1a: Corviknight\n|-heal|p1a: Corviknight|100\/100\n|-singleturn|p1a: Corviknight|move: Roost\n|\n|-heal|p2a: rotomwash|68\/100|[from] item: Leftovers\n|upkeep\n|turn|18\n|\n|t:|1662129045\n|switch|p1a: Mamoswine|Mamoswine, M|76\/100\n|move|p2a: rotomwash|Thunderbolt|p1a: Mamoswine\n|-immune|p1a: Mamoswine\n|\n|-heal|p2a: rotomwash|74\/100|[from] item: Leftovers\n|upkeep\n|turn|19\n|\n|t:|1662129052\n|switch|p1a: Blissey|Blissey, F|72\/100\n|move|p2a: rotomwash|Hydro Pump|p1a: Blissey\n|-damage|p1a: Blissey|55\/100\n|\n|-heal|p2a: rotomwash|80\/100|[from] item: Leftovers\n|upkeep\n|turn|20\n|\n|t:|1662129053\n|move|p2a: rotomwash|Nasty Plot|p2a: rotomwash\n|-boost|p2a: rotomwash|spa|2\n|move|p1a: Blissey|Teleport|p1a: Blissey\n|\n|t:|1662129055\n|switch|p1a: Rillaboom|Rillaboom, F|84\/100|[from]move: Teleport\n|-fieldstart|move: Grassy Terrain|[from] ability: Grassy Surge|[of] p1a: Rillaboom\n|\n|-heal|p2a: rotomwash|86\/100|[from] item: Leftovers\n|-heal|p1a: Rillaboom|90\/100|[from] Grassy Terrain\n|upkeep\n|turn|21\n|\n|t:|1662129057\n|switch|p2a: Tangrowth|Tangrowth, M|96\/100\n|move|p1a: Rillaboom|Grassy Glide|p2a: Tangrowth\n|-resisted|p2a: Tangrowth\n|-damage|p2a: Tangrowth|75\/100\n|-damage|p1a: Rillaboom|74\/100|[from] item: Rocky Helmet|[of] p2a: Tangrowth\n|\n|-heal|p1a: Rillaboom|80\/100|[from] Grassy Terrain\n|-heal|p2a: Tangrowth|81\/100|[from] Grassy Terrain\n|upkeep\n|turn|22\n|\n|t:|1662129063\n|switch|p1a: Blissey|Blissey, F|55\/100\n|move|p2a: Tangrowth|Sleep Powder|p1a: Blissey|[miss]\n|-miss|p2a: Tangrowth|p1a: Blissey\n|\n|-heal|p1a: Blissey|61\/100|[from] Grassy Terrain\n|-heal|p2a: Tangrowth|87\/100|[from] Grassy Terrain\n|upkeep\n|turn|23\n|\n|t:|1662129067\n|move|p1a: Blissey|Toxic|p2a: Tangrowth\n|-status|p2a: Tangrowth|tox\n|move|p2a: Tangrowth|Sleep Powder|p1a: Blissey|[miss]\n|-miss|p2a: Tangrowth|p1a: Blissey\n|\n|-heal|p1a: Blissey|67\/100|[from] Grassy Terrain\n|-heal|p2a: Tangrowth|94\/100 tox|[from] Grassy Terrain\n|-damage|p2a: Tangrowth|87\/100 tox|[from] psn\n|upkeep\n|turn|24\n|\n|t:|1662129070\n|move|p2a: Tangrowth|Knock Off|p1a: Blissey\n|-damage|p1a: Blissey|47\/100\n|-enditem|p1a: Blissey|Heavy-Duty Boots|[from] move: Knock Off|[of] p2a: Tangrowth\n|move|p1a: Blissey|Teleport|p1a: Blissey\n|\n|t:|1662129075\n|switch|p1a: Volcanion|Volcanion|100\/100|[from]move: Teleport\n|\n|-heal|p2a: Tangrowth|94\/100 tox|[from] Grassy Terrain\n|-damage|p2a: Tangrowth|81\/100 tox|[from] psn\n|-fieldend|move: Grassy Terrain\n|upkeep\n|turn|25\n|\n|t:|1662129078\n|switch|p2a: rotomwash|Rotom-Wash|86\/100\n|move|p1a: Volcanion|Steam Eruption|p2a: rotomwash\n|-resisted|p2a: rotomwash\n|-damage|p2a: rotomwash|34\/100\n|\n|-heal|p2a: rotomwash|40\/100|[from] item: Leftovers\n|upkeep\n|turn|26\n|\n|t:|1662129081\n|switch|p1a: Rillaboom|Rillaboom, F|80\/100\n|-fieldstart|move: Grassy Terrain|[from] ability: Grassy Surge|[of] p1a: Rillaboom\n|move|p2a: rotomwash|Pain Split|p1a: Rillaboom\n|-sethp|p1a: Rillaboom|58\/100|[from] move: Pain Split|[silent]\n|-sethp|p2a: rotomwash|65\/100|[from] move: Pain Split\n|\n|-heal|p2a: rotomwash|71\/100|[from] item: Leftovers\n|-heal|p1a: Rillaboom|64\/100|[from] Grassy Terrain\n|upkeep\n|turn|27\n|\n|t:|1662129083\n|switch|p2a: Tangrowth|Tangrowth, M|100\/100 tox\n|move|p1a: Rillaboom|Knock Off|p2a: Tangrowth\n|-damage|p2a: Tangrowth|73\/100 tox\n|-damage|p1a: Rillaboom|48\/100|[from] item: Rocky Helmet|[of] p2a: Tangrowth\n|-enditem|p2a: Tangrowth|Rocky Helmet|[from] move: Knock Off|[of] p1a: Rillaboom\n|\n|-heal|p1a: Rillaboom|54\/100|[from] Grassy Terrain\n|-heal|p2a: Tangrowth|79\/100 tox|[from] Grassy Terrain\n|-damage|p2a: Tangrowth|73\/100 tox|[from] psn\n|upkeep\n|turn|28\n|\n|t:|1662129087\n|switch|p1a: Blissey|Blissey, F|47\/100\n|move|p2a: Tangrowth|Giga Drain|p1a: Blissey\n|-damage|p1a: Blissey|34\/100\n|-heal|p2a: Tangrowth|85\/100 tox|[from] drain|[of] p1a: Blissey\n|\n|-heal|p1a: Blissey|40\/100|[from] Grassy Terrain\n|-heal|p2a: Tangrowth|91\/100 tox|[from] Grassy Terrain\n|-damage|p2a: Tangrowth|78\/100 tox|[from] psn\n|upkeep\n|turn|29\n|\n|t:|1662129088\n|move|p1a: Blissey|Soft-Boiled|p1a: Blissey\n|-heal|p1a: Blissey|90\/100\n|move|p2a: Tangrowth|Giga Drain|p1a: Blissey\n|-damage|p1a: Blissey|77\/100\n|-heal|p2a: Tangrowth|91\/100 tox|[from] drain|[of] p1a: Blissey\n|\n|-heal|p1a: Blissey|83\/100|[from] Grassy Terrain\n|-heal|p2a: Tangrowth|97\/100 tox|[from] Grassy Terrain\n|-damage|p2a: Tangrowth|78\/100 tox|[from] psn\n|upkeep\n|turn|30\n|\n|t:|1662129092\n|switch|p2a: rotomwash|Rotom-Wash|71\/100\n|move|p1a: Blissey|Teleport|p1a: Blissey\n|\n|t:|1662129096\n|switch|p1a: Hydreigon|Hydreigon, M|71\/100|[from]move: Teleport\n|\n|-heal|p2a: rotomwash|77\/100|[from] item: Leftovers\n|-fieldend|move: Grassy Terrain\n|upkeep\n|turn|31\n|\n|t:|1662129097\n|switch|p2a: Heatran|Heatran, M|100\/100\n|-item|p2a: Heatran|Air Balloon\n|move|p1a: Hydreigon|Draco Meteor|p2a: Heatran\n|-resisted|p2a: Heatran\n|-damage|p2a: Heatran|60\/100\n|-unboost|p1a: Hydreigon|spa|2\n|-enditem|p2a: Heatran|Air Balloon\n|-damage|p1a: Hydreigon|61\/100|[from] item: Life Orb\n|\n|upkeep\n|turn|32\n|\n|t:|1662129103\n|switch|p1a: Volcanion|Volcanion|100\/100\n|switch|p2a: rotomwash|Rotom-Wash|77\/100\n|\n|-heal|p2a: rotomwash|84\/100|[from] item: Leftovers\n|upkeep\n|turn|33\n|\n|t:|1662129105\n|switch|p1a: Mamoswine|Mamoswine, M|76\/100\n|move|p2a: rotomwash|Thunderbolt|p1a: Mamoswine\n|-immune|p1a: Mamoswine\n|\n|-heal|p2a: rotomwash|90\/100|[from] item: Leftovers\n|upkeep\n|turn|34\n|\n|t:|1662129110\n|move|p1a: Mamoswine|Stealth Rock|p2a: rotomwash\n|-sidestart|p2: minimax_ai|move: Stealth Rock\n|move|p2a: rotomwash|Hydro Pump|p1a: Mamoswine\n|-supereffective|p1a: Mamoswine\n|-damage|p1a: Mamoswine|0 fnt\n|faint|p1a: Mamoswine\n|\n|-heal|p2a: rotomwash|96\/100|[from] item: Leftovers\n|upkeep\n|\n|t:|1662129115\n|switch|p1a: Rillaboom|Rillaboom, F|54\/100\n|-fieldstart|move: Grassy Terrain|[from] ability: Grassy Surge|[of] p1a: Rillaboom\n|turn|35\n|\n|t:|1662129116\n|switch|p2a: Heatran|Heatran, M|60\/100\n|-damage|p2a: Heatran|48\/100|[from] Stealth Rock\n|move|p1a: Rillaboom|U-turn|p2a: Heatran\n|-resisted|p2a: Heatran\n|-damage|p2a: Heatran|38\/100\n|\n|t:|1662129120\n|switch|p1a: Hydreigon|Hydreigon, M|61\/100|[from]move: U-turn\n|\n|-heal|p2a: Heatran|44\/100|[from] Grassy Terrain\n|upkeep\n|turn|36\n|\n|t:|1662129121\n|switch|p2a: Melmetal|Melmetal|50\/100\n|-damage|p2a: Melmetal|44\/100|[from] Stealth Rock\n|move|p1a: Hydreigon|Dark Pulse|p2a: Melmetal\n|-damage|p2a: Melmetal|16\/100\n|-damage|p1a: Hydreigon|51\/100|[from] item: Life Orb\n|\n|-heal|p2a: Melmetal|22\/100|[from] Grassy Terrain\n|upkeep\n|turn|37\n|\n|t:|1662129124\n|move|p1a: Hydreigon|Dark Pulse|p2a: Melmetal\n|-damage|p2a: Melmetal|0 fnt\n|faint|p2a: Melmetal\n|-damage|p1a: Hydreigon|41\/100|[from] item: Life Orb\n|\n|upkeep\n|\n|t:|1662129124\n|switch|p2a: Weavile|Weavile, M|84\/100\n|-damage|p2a: Weavile|59\/100|[from] Stealth Rock\n|-ability|p2a: Weavile|Pressure\n|turn|38\n|\n|t:|1662129126\n|switch|p1a: Corviknight|Corviknight, F|100\/100\n|-ability|p1a: Corviknight|Pressure\n|move|p2a: Weavile|Knock Off|p1a: Corviknight\n|-damage|p1a: Corviknight|61\/100\n|-damage|p2a: Weavile|43\/100|[from] item: Rocky Helmet|[of] p1a: Corviknight\n|-enditem|p1a: Corviknight|Rocky Helmet|[from] move: Knock Off|[of] p2a: Weavile\n|\n|-heal|p2a: Weavile|49\/100|[from] Grassy Terrain\n|upkeep\n|turn|39\n|\n|t:|1662129128\n|move|p2a: Weavile|Knock Off|p1a: Corviknight\n|-damage|p1a: Corviknight|30\/100\n|move|p1a: Corviknight|Roost|p1a: Corviknight\n|-heal|p1a: Corviknight|80\/100\n|-singleturn|p1a: Corviknight|move: Roost\n|\n|-heal|p2a: Weavile|55\/100|[from] Grassy Terrain\n|-heal|p1a: Corviknight|86\/100|[from] Grassy Terrain\n|-fieldend|move: Grassy Terrain\n|upkeep\n|turn|40\n|\n|t:|1662129130\n|move|p2a: Weavile|Knock Off|p1a: Corviknight\n|-damage|p1a: Corviknight|57\/100\n|move|p1a: Corviknight|U-turn|p2a: Weavile\n|-supereffective|p2a: Weavile\n|-damage|p2a: Weavile|2\/100\n|\n|t:|1662129137\n|switch|p1a: Rillaboom|Rillaboom, F|54\/100|[from]move: U-turn\n|-fieldstart|move: Grassy Terrain|[from] ability: Grassy Surge|[of] p1a: Rillaboom\n|\n|-heal|p2a: Weavile|8\/100|[from] Grassy Terrain\n|-heal|p1a: Rillaboom|60\/100|[from] Grassy Terrain\n|upkeep\n|turn|41\n|\n|t:|1662129138\n|move|p1a: Rillaboom|Grassy Glide|p2a: Weavile\n|-damage|p2a: Weavile|0 fnt\n|faint|p2a: Weavile\n|\n|-heal|p1a: Rillaboom|66\/100|[from] Grassy Terrain\n|upkeep\n|\n|t:|1662129138\n|switch|p2a: Heatran|Heatran, M|44\/100\n|-damage|p2a: Heatran|32\/100|[from] Stealth Rock\n|turn|42\n|\n|t:|1662129141\n|switch|p1a: Volcanion|Volcanion|100\/100\n|move|p2a: Heatran|Magma Storm|p1a: Volcanion\n|-resisted|p1a: Volcanion\n|-damage|p1a: Volcanion|86\/100\n|-activate|p1a: Volcanion|move: Magma Storm|[of] p2a: Heatran\n|\n|-heal|p2a: Heatran|38\/100|[from] Grassy Terrain\n|-heal|p1a: Volcanion|92\/100|[from] Grassy Terrain\n|-damage|p1a: Volcanion|80\/100|[from] move: Magma Storm|[partiallytrapped]\n|upkeep\n|turn|43\n|\n|t:|1662129142\n|move|p2a: Heatran|Stealth Rock|p1a: Volcanion\n|-sidestart|p1: Bloody Busybody|move: Stealth Rock\n|move|p1a: Volcanion|Steam Eruption|p2a: Heatran\n|-supereffective|p2a: Heatran\n|-damage|p2a: Heatran|0 fnt\n|faint|p2a: Heatran\n|\n|-heal|p1a: Volcanion|86\/100|[from] Grassy Terrain\n|-end|p1a: Volcanion|Magma Storm|[partiallytrapped]|[silent]\n|upkeep\n|\n|t:|1662129142\n|switch|p2a: rotomwash|Rotom-Wash|96\/100\n|-damage|p2a: rotomwash|84\/100|[from] Stealth Rock\n|turn|44\n|c|\u2606Bloody Busybody|ok gg\n|\n|t:|1662129152\n|move|p2a: rotomwash|Thunderbolt|p1a: Volcanion\n|-supereffective|p1a: Volcanion\n|-damage|p1a: Volcanion|0 fnt\n|faint|p1a: Volcanion\n|\n|-heal|p2a: rotomwash|90\/100|[from] item: Leftovers\n|-fieldend|move: Grassy Terrain\n|upkeep\n|\n|t:|1662129154\n|switch|p1a: Blissey|Blissey, F|83\/100\n|-damage|p1a: Blissey|70\/100|[from] Stealth Rock\n|turn|45\n|\n|t:|1662129157\n|move|p2a: rotomwash|Thunderbolt|p1a: Blissey\n|-damage|p1a: Blissey|58\/100\n|move|p1a: Blissey|Toxic|p2a: rotomwash\n|-status|p2a: rotomwash|tox\n|\n|-heal|p2a: rotomwash|96\/100 tox|[from] item: Leftovers\n|-damage|p2a: rotomwash|90\/100 tox|[from] psn\n|upkeep\n|turn|46\n|\n|t:|1662129158\n|move|p2a: rotomwash|Thunderbolt|p1a: Blissey\n|-damage|p1a: Blissey|45\/100\n|move|p1a: Blissey|Soft-Boiled|p1a: Blissey\n|-heal|p1a: Blissey|95\/100\n|\n|-heal|p2a: rotomwash|96\/100 tox|[from] item: Leftovers\n|-damage|p2a: rotomwash|84\/100 tox|[from] psn\n|upkeep\n|turn|47\n|\n|t:|1662129160\n|move|p2a: rotomwash|Thunderbolt|p1a: Blissey\n|-damage|p1a: Blissey|82\/100\n|move|p1a: Blissey|Soft-Boiled|p1a: Blissey\n|-heal|p1a: Blissey|100\/100\n|\n|-heal|p2a: rotomwash|90\/100 tox|[from] item: Leftovers\n|-damage|p2a: rotomwash|71\/100 tox|[from] psn\n|upkeep\n|turn|48\n|\n|t:|1662129164\n|move|p2a: rotomwash|Thunderbolt|p1a: Blissey\n|-damage|p1a: Blissey|88\/100\n|move|p1a: Blissey|Seismic Toss|p2a: rotomwash\n|-damage|p2a: rotomwash|38\/100 tox\n|\n|-heal|p2a: rotomwash|45\/100 tox|[from] item: Leftovers\n|-damage|p2a: rotomwash|20\/100 tox|[from] psn\n|upkeep\n|turn|49\n|\n|t:|1662129166\n|move|p2a: rotomwash|Pain Split|p1a: Blissey\n|-sethp|p1a: Blissey|48\/100|[from] move: Pain Split|[silent]\n|-sethp|p2a: rotomwash|100\/100 tox|[from] move: Pain Split\n|move|p1a: Blissey|Soft-Boiled|p1a: Blissey\n|-heal|p1a: Blissey|98\/100\n|\n|-damage|p2a: rotomwash|69\/100 tox|[from] psn\n|upkeep\n|turn|50\n|\n|t:|1662129168\n|switch|p2a: Tangrowth|Tangrowth, M|100\/100 tox\n|-damage|p2a: Tangrowth|88\/100 tox|[from] Stealth Rock\n|move|p1a: Blissey|Seismic Toss|p2a: Tangrowth\n|-damage|p2a: Tangrowth|63\/100 tox\n|\n|-damage|p2a: Tangrowth|57\/100 tox|[from] psn\n|upkeep\n|turn|51\n|\n|t:|1662129171\n|switch|p2a: rotomwash|Rotom-Wash|69\/100 tox\n|-damage|p2a: rotomwash|57\/100 tox|[from] Stealth Rock\n|move|p1a: Blissey|Seismic Toss|p2a: rotomwash\n|-damage|p2a: rotomwash|24\/100 tox\n|\n|-heal|p2a: rotomwash|30\/100 tox|[from] item: Leftovers\n|-damage|p2a: rotomwash|24\/100 tox|[from] psn\n|upkeep\n|turn|52\n|\n|t:|1662129173\n|move|p2a: rotomwash|Pain Split|p1a: Blissey\n|-sethp|p1a: Blissey|54\/100|[from] move: Pain Split|[silent]\n|-sethp|p2a: rotomwash|100\/100 tox|[from] move: Pain Split\n|move|p1a: Blissey|Seismic Toss|p2a: rotomwash\n|-damage|p2a: rotomwash|68\/100 tox\n|\n|-heal|p2a: rotomwash|74\/100 tox|[from] item: Leftovers\n|-damage|p2a: rotomwash|61\/100 tox|[from] psn\n|upkeep\n|turn|53\n|\n|t:|1662129175\n|move|p2a: rotomwash|Thunderbolt|p1a: Blissey\n|-damage|p1a: Blissey|42\/100\n|move|p1a: Blissey|Soft-Boiled|p1a: Blissey\n|-heal|p1a: Blissey|92\/100\n|\n|-heal|p2a: rotomwash|68\/100 tox|[from] item: Leftovers\n|-damage|p2a: rotomwash|49\/100 tox|[from] psn\n|upkeep\n|turn|54\n|\n|t:|1662129176\n|switch|p2a: Tangrowth|Tangrowth, M|90\/100 tox\n|-damage|p2a: Tangrowth|78\/100 tox|[from] Stealth Rock\n|move|p1a: Blissey|Seismic Toss|p2a: Tangrowth\n|-damage|p2a: Tangrowth|53\/100 tox\n|\n|-damage|p2a: Tangrowth|47\/100 tox|[from] psn\n|upkeep\n|turn|55\n|\n|t:|1662129179\n|move|p1a: Blissey|Seismic Toss|p2a: Tangrowth\n|-damage|p2a: Tangrowth|22\/100 tox\n|move|p2a: Tangrowth|Giga Drain|p1a: Blissey\n|-damage|p1a: Blissey|81\/100\n|-heal|p2a: Tangrowth|32\/100 tox|[from] drain|[of] p1a: Blissey\n|\n|-damage|p2a: Tangrowth|19\/100 tox|[from] psn\n|upkeep\n|turn|56\n|\n|t:|1662129182\n|switch|p2a: rotomwash|Rotom-Wash|49\/100 tox\n|-damage|p2a: rotomwash|36\/100 tox|[from] Stealth Rock\n|move|p1a: Blissey|Seismic Toss|p2a: rotomwash\n|-damage|p2a: rotomwash|3\/100 tox\n|\n|-heal|p2a: rotomwash|10\/100 tox|[from] item: Leftovers\n|-damage|p2a: rotomwash|3\/100 tox|[from] psn\n|upkeep\n|turn|57\n|\n|t:|1662129184\n|move|p2a: rotomwash|Pain Split|p1a: Blissey\n|-sethp|p1a: Blissey|41\/100|[from] move: Pain Split|[silent]\n|-sethp|p2a: rotomwash|97\/100 tox|[from] move: Pain Split\n|move|p1a: Blissey|Seismic Toss|p2a: rotomwash\n|-damage|p2a: rotomwash|64\/100 tox\n|\n|-heal|p2a: rotomwash|70\/100 tox|[from] item: Leftovers\n|-damage|p2a: rotomwash|57\/100 tox|[from] psn\n|upkeep\n|turn|58\n|\n|t:|1662129187\n|switch|p2a: Tangrowth|Tangrowth, M|52\/100 tox\n|-damage|p2a: Tangrowth|40\/100 tox|[from] Stealth Rock\n|move|p1a: Blissey|Seismic Toss|p2a: Tangrowth\n|-damage|p2a: Tangrowth|15\/100 tox\n|\n|-damage|p2a: Tangrowth|9\/100 tox|[from] psn\n|upkeep\n|turn|59\n|\n|t:|1662129189\n|switch|p2a: rotomwash|Rotom-Wash|57\/100 tox\n|-damage|p2a: rotomwash|45\/100 tox|[from] Stealth Rock\n|move|p1a: Blissey|Seismic Toss|p2a: rotomwash\n|-damage|p2a: rotomwash|12\/100 tox\n|\n|-heal|p2a: rotomwash|18\/100 tox|[from] item: Leftovers\n|-damage|p2a: rotomwash|12\/100 tox|[from] psn\n|upkeep\n|turn|60\n|\n|t:|1662129191\n|move|p2a: rotomwash|Pain Split|p1a: Blissey\n|-sethp|p1a: Blissey|23\/100|[from] move: Pain Split|[silent]\n|-sethp|p2a: rotomwash|54\/100 tox|[from] move: Pain Split\n|move|p1a: Blissey|Seismic Toss|p2a: rotomwash\n|-damage|p2a: rotomwash|21\/100 tox\n|\n|-heal|p2a: rotomwash|27\/100 tox|[from] item: Leftovers\n|-damage|p2a: rotomwash|15\/100 tox|[from] psn\n|upkeep\n|turn|61\n|\n|t:|1662129193\n|move|p2a: rotomwash|Pain Split|p1a: Blissey\n|-sethp|p1a: Blissey|15\/100|[from] move: Pain Split|[silent]\n|-sethp|p2a: rotomwash|34\/100 tox|[from] move: Pain Split\n|move|p1a: Blissey|Soft-Boiled|p1a: Blissey\n|-heal|p1a: Blissey|65\/100\n|\n|-heal|p2a: rotomwash|41\/100 tox|[from] item: Leftovers\n|-damage|p2a: rotomwash|22\/100 tox|[from] psn\n|upkeep\n|turn|62\n|\n|t:|1662129195\n|move|p2a: rotomwash|Pain Split|p1a: Blissey\n|-sethp|p1a: Blissey|37\/100|[from] move: Pain Split|[silent]\n|-sethp|p2a: rotomwash|87\/100 tox|[from] move: Pain Split\n|move|p1a: Blissey|Seismic Toss|p2a: rotomwash\n|-damage|p2a: rotomwash|54\/100 tox\n|\n|-heal|p2a: rotomwash|60\/100 tox|[from] item: Leftovers\n|-damage|p2a: rotomwash|35\/100 tox|[from] psn\n|upkeep\n|turn|63\n|\n|t:|1662129197\n|move|p2a: rotomwash|Thunderbolt|p1a: Blissey\n|-damage|p1a: Blissey|24\/100\n|move|p1a: Blissey|Seismic Toss|p2a: rotomwash\n|-damage|p2a: rotomwash|2\/100 tox\n|\n|-heal|p2a: rotomwash|8\/100 tox|[from] item: Leftovers\n|-damage|p2a: rotomwash|0 fnt|[from] psn\n|faint|p2a: rotomwash\n|upkeep\n|\n|t:|1662129197\n|switch|p2a: Tangrowth|Tangrowth, M|42\/100 tox\n|-damage|p2a: Tangrowth|30\/100 tox|[from] Stealth Rock\n|turn|64\n|\n|t:|1662129200\n|move|p1a: Blissey|Soft-Boiled|p1a: Blissey\n|-heal|p1a: Blissey|74\/100\n|move|p2a: Tangrowth|Giga Drain|p1a: Blissey\n|-damage|p1a: Blissey|63\/100\n|-heal|p2a: Tangrowth|40\/100 tox|[from] drain|[of] p1a: Blissey\n|\n|-damage|p2a: Tangrowth|34\/100 tox|[from] psn\n|upkeep\n|turn|65\n|\n|t:|1662129203\n|move|p1a: Blissey|Seismic Toss|p2a: Tangrowth\n|-damage|p2a: Tangrowth|9\/100 tox\n|move|p2a: Tangrowth|Giga Drain|p1a: Blissey\n|-damage|p1a: Blissey|52\/100\n|-heal|p2a: Tangrowth|18\/100 tox|[from] drain|[of] p1a: Blissey\n|\n|-damage|p2a: Tangrowth|6\/100 tox|[from] psn\n|upkeep\n|turn|66\n|\n|t:|1662129205\n|move|p1a: Blissey|Seismic Toss|p2a: Tangrowth\n|-damage|p2a: Tangrowth|0 fnt\n|faint|p2a: Tangrowth\n|\n|win|Bloody Busybody\n|raw|Bloody Busybody's rating: 1564 &rarr; <strong>1586<\/strong><br \/>(+22 for winning)\n|raw|minimax_ai's rating: 1604 &rarr; <strong>1582<\/strong><br \/>(-22 for losing)\n|c|\u2606minimax_ai|gg\n|l|\u2606minimax_ai\n||Ladder isn't responding, score probably updated but might not have (Request timeout).\n","uploadtime":1662129207,"views":19,"p1id":"bloodybusybody","p2id":"minimaxai","formatid":"gen8ou","rating":1582,"private":0,"password":null}