{"id":"gen8ou-1695333608","p1":"singx6ds","p2":"superrouchuan","format":"gen8ou","log":"|html|<div class=\"broadcast-blue\"><strong>[Gen 8] OU is currently suspecting Melmetal! For information on how to participate check out the <a href=\"https:\/\/www.smogon.com\/forums\/threads\/np-ss-ou-suspect-process-round-12-monster-mash.3709234\/\">suspect thread<\/a>.<\/strong><\/div>\n|j|\u2606singx6ds\n|j|\u2606superrouchuan\n|t:|1666792653\n|gametype|singles\n|player|p1|singx6ds|2|1474\n|player|p2|superrouchuan|clown|1514\n|teamsize|p1|6\n|teamsize|p2|6\n|gen|8\n|tier|[Gen 8] OU\n|rated|\n|rule|Sleep Clause Mod: Limit one foe put to sleep\n|rule|Species Clause: Limit one of each Pok\u00e9mon\n|rule|OHKO Clause: OHKO moves are banned\n|rule|Evasion Items Clause: Evasion items are banned\n|rule|Evasion Moves Clause: Evasion moves are banned\n|rule|Endless Battle Clause: Forcing endless battles is banned\n|rule|HP Percentage Mod: HP is shown in percentages\n|rule|Dynamax Clause: You cannot dynamax\n|clearpoke\n|poke|p1|Lanturn, F|\n|poke|p1|Tapu Bulu|\n|poke|p1|Heatran, F|\n|poke|p1|Kartana|\n|poke|p1|Tornadus-Therian, M|\n|poke|p1|Clefable, M|\n|poke|p2|Snorlax, M|\n|poke|p2|Tapu Lele|\n|poke|p2|Tyranitar, F|\n|poke|p2|Zapdos|\n|poke|p2|Garchomp, F|\n|poke|p2|Buzzwole|\n|teampreview\n|c|\u2606singx6ds|\u6211\u64e6\n|c|\u2606singx6ds|\u8089\u4e32\u54e5\n|c|\u2606singx6ds|\u600e\u4e48\u5728\u8fd9\u4e2a\u6bb5\u4f4d\n|inactive|Battle timer is ON: inactive players will automatically lose when time's up. (requested by singx6ds)\n|c|\u2606superrouchuan|\u6211\u4e00\u4e2a\u5c0f\u65f6\u524d\u8fd8\u5728k6\n|\n|t:|1666792693\n|start\n|switch|p1a: Tornadus|Tornadus-Therian, M|100\/100\n|switch|p2a: \u5927\u5c06\u548b\u666e\u591a\u65af|Zapdos, shiny|100\/100\n|turn|1\n|inactive|singx6ds has 120 seconds left.\n|\n|t:|1666792725\n|switch|p1a: Lanturn|Lanturn, F|100\/100\n|move|p2a: \u5927\u5c06\u548b\u666e\u591a\u65af|Volt Switch|p1a: Lanturn\n|-immune|p1a: Lanturn|[from] ability: Volt Absorb\n|\n|upkeep\n|turn|2\n|inactive|singx6ds has 120 seconds left.\n|\n|t:|1666792736\n|switch|p2a: \u8001\u73ed|Tyranitar, F, shiny|100\/100\n|-weather|Sandstorm|[from] ability: Sand Stream|[of] p2a: \u8001\u73ed\n|move|p1a: Lanturn|Scald|p2a: \u8001\u73ed\n|-supereffective|p2a: \u8001\u73ed\n|-damage|p2a: \u8001\u73ed|77\/100\n|\n|-weather|Sandstorm|[upkeep]\n|-damage|p1a: Lanturn|94\/100|[from] Sandstorm\n|-heal|p1a: Lanturn|100\/100|[from] item: Leftovers\n|-heal|p2a: \u8001\u73ed|83\/100|[from] item: Leftovers\n|upkeep\n|turn|3\n|inactive|singx6ds has 120 seconds left.\n|\n|t:|1666792751\n|switch|p1a: Tapu Bulu|Tapu Bulu|100\/100\n|-fieldstart|move: Grassy Terrain|[from] ability: Grassy Surge|[of] p1a: Tapu Bulu\n|move|p2a: \u8001\u73ed|Stealth Rock|p1a: Tapu Bulu\n|-sidestart|p1: singx6ds|move: Stealth Rock\n|\n|-weather|Sandstorm|[upkeep]\n|-damage|p1a: Tapu Bulu|94\/100|[from] Sandstorm\n|-heal|p1a: Tapu Bulu|100\/100|[from] Grassy Terrain\n|-heal|p2a: \u8001\u73ed|89\/100|[from] Grassy Terrain\n|-heal|p2a: \u8001\u73ed|95\/100|[from] item: Leftovers\n|upkeep\n|turn|4\n|inactive|singx6ds has 120 seconds left.\n|\n|t:|1666792765\n|switch|p2a: \u9f99\u9f99\u9f99\u9f99\u821e\u8d77\u6765\uff01\uff01|Garchomp, F|100\/100\n|move|p1a: Tapu Bulu|Toxic|p2a: \u9f99\u9f99\u9f99\u9f99\u821e\u8d77\u6765\uff01\uff01\n|-status|p2a: \u9f99\u9f99\u9f99\u9f99\u821e\u8d77\u6765\uff01\uff01|tox\n|\n|-weather|Sandstorm|[upkeep]\n|-damage|p1a: Tapu Bulu|94\/100|[from] Sandstorm\n|-heal|p1a: Tapu Bulu|100\/100|[from] Grassy Terrain\n|-damage|p2a: \u9f99\u9f99\u9f99\u9f99\u821e\u8d77\u6765\uff01\uff01|94\/100 tox|[from] psn\n|upkeep\n|turn|5\n|inactive|singx6ds has 120 seconds left.\n|\n|t:|1666792776\n|move|p2a: \u9f99\u9f99\u9f99\u9f99\u821e\u8d77\u6765\uff01\uff01|Poison Jab|p1a: Tapu Bulu\n|-supereffective|p1a: Tapu Bulu\n|-damage|p1a: Tapu Bulu|0 fnt\n|faint|p1a: Tapu Bulu\n|\n|-weather|Sandstorm|[upkeep]\n|-heal|p2a: \u9f99\u9f99\u9f99\u9f99\u821e\u8d77\u6765\uff01\uff01|100\/100 tox|[from] Grassy Terrain\n|-damage|p2a: \u9f99\u9f99\u9f99\u9f99\u821e\u8d77\u6765\uff01\uff01|88\/100 tox|[from] psn\n|upkeep\n|inactive|singx6ds has 120 seconds left.\n|\n|t:|1666792785\n|switch|p1a: Kartana|Kartana|100\/100\n|-damage|p1a: Kartana|94\/100|[from] Stealth Rock\n|turn|6\n|\n|t:|1666792792\n|switch|p2a: \u8001\u73ed|Tyranitar, F, shiny|95\/100\n|move|p1a: Kartana|Leaf Blade|p2a: \u8001\u73ed\n|-supereffective|p2a: \u8001\u73ed\n|-damage|p2a: \u8001\u73ed|0 fnt\n|faint|p2a: \u8001\u73ed\n|-ability|p1a: Kartana|Beast Boost|boost\n|-boost|p1a: Kartana|atk|1\n|\n|-weather|none\n|-heal|p1a: Kartana|100\/100|[from] Grassy Terrain\n|upkeep\n|\n|t:|1666792799\n|switch|p2a: \u868a\u5927\u7237|Buzzwole|100\/100\n|turn|7\n|\n|t:|1666792816\n|switch|p1a: Heatran|Heatran, F|100\/100\n|-damage|p1a: Heatran|88\/100|[from] Stealth Rock\n|move|p2a: \u868a\u5927\u7237|Close Combat|p1a: Heatran\n|-supereffective|p1a: Heatran\n|-damage|p1a: Heatran|0 fnt\n|-unboost|p2a: \u868a\u5927\u7237|def|1\n|-unboost|p2a: \u868a\u5927\u7237|spd|1\n|faint|p1a: Heatran\n|-ability|p2a: \u868a\u5927\u7237|Beast Boost|boost\n|-boost|p2a: \u868a\u5927\u7237|atk|1\n|\n|-fieldend|move: Grassy Terrain\n|upkeep\n|\n|t:|1666792824\n|switch|p1a: Tornadus|Tornadus-Therian, M|100\/100\n|turn|8\n|\n|t:|1666792829\n|switch|p2a: \u6c38\u8fdc\u7684\u5361\u5723|Snorlax, M, shiny|100\/100\n|move|p1a: Tornadus|Defog|p2a: \u6c38\u8fdc\u7684\u5361\u5723\n|-unboost|p2a: \u6c38\u8fdc\u7684\u5361\u5723|evasion|1\n|-sideend|p1: singx6ds|Stealth Rock|[from] move: Defog|[of] p1a: Tornadus\n|\n|upkeep\n|turn|9\n|\n|t:|1666792839\n|move|p1a: Tornadus|Taunt|p2a: \u6c38\u8fdc\u7684\u5361\u5723\n|-start|p2a: \u6c38\u8fdc\u7684\u5361\u5723|move: Taunt\n|cant|p2a: \u6c38\u8fdc\u7684\u5361\u5723|move: Taunt|Block\n|\n|upkeep\n|turn|10\n|\n|t:|1666792848\n|switch|p2a: \u9f99\u9f99\u9f99\u9f99\u821e\u8d77\u6765\uff01\uff01|Garchomp, F|88\/100 tox\n|move|p1a: Tornadus|U-turn|p2a: \u9f99\u9f99\u9f99\u9f99\u821e\u8d77\u6765\uff01\uff01\n|-damage|p2a: \u9f99\u9f99\u9f99\u9f99\u821e\u8d77\u6765\uff01\uff01|73\/100 tox\n|-damage|p1a: Tornadus|88\/100|[from] ability: Rough Skin|[of] p2a: \u9f99\u9f99\u9f99\u9f99\u821e\u8d77\u6765\uff01\uff01\n|\n|t:|1666792854\n|switch|p1a: Kartana|Kartana|100\/100|[from]move: U-turn\n|\n|-damage|p2a: \u9f99\u9f99\u9f99\u9f99\u821e\u8d77\u6765\uff01\uff01|67\/100 tox|[from] psn\n|upkeep\n|turn|11\n|\n|t:|1666792859\n|move|p1a: Kartana|Knock Off|p2a: \u9f99\u9f99\u9f99\u9f99\u821e\u8d77\u6765\uff01\uff01\n|-damage|p2a: \u9f99\u9f99\u9f99\u9f99\u821e\u8d77\u6765\uff01\uff01|7\/100 tox\n|-damage|p1a: Kartana|88\/100|[from] ability: Rough Skin|[of] p2a: \u9f99\u9f99\u9f99\u9f99\u821e\u8d77\u6765\uff01\uff01\n|-enditem|p2a: \u9f99\u9f99\u9f99\u9f99\u821e\u8d77\u6765\uff01\uff01|Choice Band|[from] move: Knock Off|[of] p1a: Kartana\n|move|p2a: \u9f99\u9f99\u9f99\u9f99\u821e\u8d77\u6765\uff01\uff01|Fire Fang|p1a: Kartana\n|-supereffective|p1a: Kartana\n|-damage|p1a: Kartana|0 fnt\n|faint|p1a: Kartana\n|\n|-damage|p2a: \u9f99\u9f99\u9f99\u9f99\u821e\u8d77\u6765\uff01\uff01|0 fnt|[from] psn\n|faint|p2a: \u9f99\u9f99\u9f99\u9f99\u821e\u8d77\u6765\uff01\uff01\n|upkeep\n|\n|t:|1666792874\n|switch|p1a: Tornadus|Tornadus-Therian, M|100\/100\n|switch|p2a: \u6c38\u8fdc\u7684\u5361\u5723|Snorlax, M, shiny|100\/100\n|turn|12\n|\n|t:|1666792882\n|move|p1a: Tornadus|U-turn|p2a: \u6c38\u8fdc\u7684\u5361\u5723\n|-damage|p2a: \u6c38\u8fdc\u7684\u5361\u5723|88\/100\n|\n|t:|1666792886\n|switch|p1a: Lanturn|Lanturn, F|100\/100|[from]move: U-turn\n|move|p2a: \u6c38\u8fdc\u7684\u5361\u5723|Self-Destruct|p1a: Lanturn\n|-enditem|p2a: \u6c38\u8fdc\u7684\u5361\u5723|Normal Gem|[from] gem\n|-damage|p1a: Lanturn|0 fnt\n|faint|p2a: \u6c38\u8fdc\u7684\u5361\u5723\n|faint|p1a: Lanturn\n|\n|upkeep\n|\n|t:|1666792899\n|switch|p1a: Tornadus|Tornadus-Therian, M|100\/100\n|switch|p2a: \u5927\u5c06\u548b\u666e\u591a\u65af|Zapdos, shiny|100\/100\n|turn|13\n|\n|t:|1666792904\n|switch|p1a: Clefable|Clefable, M|100\/100\n|move|p2a: \u5927\u5c06\u548b\u666e\u591a\u65af|Thunder|p1a: Clefable\n|-damage|p1a: Clefable|36\/100\n|-status|p1a: Clefable|par\n|\n|-heal|p1a: Clefable|42\/100 par|[from] item: Leftovers\n|upkeep\n|turn|14\n|\n|t:|1666792909\n|cant|p1a: Clefable|par\n|move|p2a: \u5927\u5c06\u548b\u666e\u591a\u65af|Thunder|p1a: Clefable|[miss]\n|-miss|p2a: \u5927\u5c06\u548b\u666e\u591a\u65af|p1a: Clefable\n|\n|-heal|p1a: Clefable|48\/100 par|[from] item: Leftovers\n|upkeep\n|turn|15\n|\n|t:|1666792917\n|move|p1a: Clefable|Protect|p1a: Clefable\n|-singleturn|p1a: Clefable|Protect\n|move|p2a: \u5927\u5c06\u548b\u666e\u591a\u65af|Thunder|p1a: Clefable\n|-activate|p1a: Clefable|move: Protect\n|\n|-heal|p1a: Clefable|55\/100 par|[from] item: Leftovers\n|upkeep\n|turn|16\n|\n|t:|1666792923\n|move|p2a: \u5927\u5c06\u548b\u666e\u591a\u65af|Thunder|p1a: Clefable\n|-damage|p1a: Clefable|0 fnt\n|faint|p1a: Clefable\n|\n|upkeep\n|\n|t:|1666792926\n|switch|p1a: Tornadus|Tornadus-Therian, M|100\/100\n|turn|17\n|\n|t:|1666792929\n|move|p1a: Tornadus|Taunt|p2a: \u5927\u5c06\u548b\u666e\u591a\u65af\n|-start|p2a: \u5927\u5c06\u548b\u666e\u591a\u65af|move: Taunt\n|move|p2a: \u5927\u5c06\u548b\u666e\u591a\u65af|Thunder|p1a: Tornadus\n|-supereffective|p1a: Tornadus\n|-damage|p1a: Tornadus|0 fnt\n|faint|p1a: Tornadus\n|\n|win|superrouchuan\n|raw|singx6ds's rating: 1474 &rarr; <strong>1456<\/strong><br \/>(-18 for losing)\n|raw|superrouchuan's rating: 1514 &rarr; <strong>1532<\/strong><br \/>(+18 for winning)\n|l|\u2606superrouchuan\n","uploadtime":1666792955,"views":4,"p1id":"singx6ds","p2id":"superrouchuan","formatid":"gen8ou","rating":1456,"private":0,"password":null}