{"id":"gen8ou-1644126190","p1":"superrouchuan","p2":"Hoshi sama desu yo","format":"gen8ou","log":"|j|\u2606superrouchuan\n|j|\u2606Hoshi sama desu yo\n|t:|1661018759\n|gametype|singles\n|player|p1|superrouchuan|juan|1423\n|player|p2|Hoshi sama desu yo|lady-gen4|1364\n|teamsize|p1|6\n|teamsize|p2|6\n|gen|8\n|tier|[Gen 8] OU\n|rated|\n|rule|Sleep Clause Mod: Limit one foe put to sleep\n|rule|Species Clause: Limit one of each Pok\u00e9mon\n|rule|OHKO Clause: OHKO moves are banned\n|rule|Evasion Items Clause: Evasion items are banned\n|rule|Evasion Moves Clause: Evasion moves are banned\n|rule|Endless Battle Clause: Forcing endless battles is banned\n|rule|HP Percentage Mod: HP is shown in percentages\n|rule|Dynamax Clause: You cannot dynamax\n|clearpoke\n|poke|p1|Snorlax, M|\n|poke|p1|Tapu Lele|\n|poke|p1|Tyranitar, F|\n|poke|p1|Zapdos|\n|poke|p1|Garchomp, F|\n|poke|p1|Buzzwole|\n|poke|p2|Togekiss, M|\n|poke|p2|Crobat, M|\n|poke|p2|Xatu, M|\n|poke|p2|Lanturn, M|\n|poke|p2|Umbreon, M|\n|poke|p2|Corsola-Galar, F|\n|teampreview\n|\n|t:|1661018769\n|start\n|switch|p1a: \u868a\u7237|Buzzwole|100\/100\n|switch|p2a: Pink|Corsola-Galar, F, shiny|100\/100\n|turn|1\n|\n|t:|1661018776\n|move|p1a: \u868a\u7237|Earthquake|p2a: Pink\n|-damage|p2a: Pink|72\/100\n|move|p2a: Pink|Will-O-Wisp|p1a: \u868a\u7237|[miss]\n|-miss|p2a: Pink|p1a: \u868a\u7237\n|\n|upkeep\n|turn|2\n|\n|t:|1661018786\n|switch|p1a: \u9e1f\u54e5|Zapdos, shiny|100\/100\n|move|p2a: Pink|Will-O-Wisp|p1a: \u9e1f\u54e5\n|-status|p1a: \u9e1f\u54e5|brn\n|\n|-damage|p1a: \u9e1f\u54e5|94\/100 brn|[from] brn\n|upkeep\n|turn|3\n|\n|t:|1661018791\n|switch|p2a: Lumi|Lanturn, M, shiny|100\/100\n|move|p1a: \u9e1f\u54e5|Thunder Wave|p2a: Lumi\n|-immune|p2a: Lumi|[from] ability: Volt Absorb\n|\n|-damage|p1a: \u9e1f\u54e5|88\/100 brn|[from] brn\n|upkeep\n|turn|4\n|\n|t:|1661018795\n|move|p1a: \u9e1f\u54e5|Hurricane|p2a: Lumi\n|-resisted|p2a: Lumi\n|-damage|p2a: Lumi|85\/100\n|-start|p2a: Lumi|confusion\n|-activate|p2a: Lumi|confusion\n|move|p2a: Lumi|Ice Beam|p1a: \u9e1f\u54e5\n|-supereffective|p1a: \u9e1f\u54e5\n|-damage|p1a: \u9e1f\u54e5|40\/100 brn\n|\n|-damage|p1a: \u9e1f\u54e5|33\/100 brn|[from] brn\n|upkeep\n|turn|5\n|\n|t:|1661018803\n|move|p1a: \u9e1f\u54e5|Roost|p1a: \u9e1f\u54e5\n|-heal|p1a: \u9e1f\u54e5|83\/100 brn\n|-singleturn|p1a: \u9e1f\u54e5|move: Roost\n|-activate|p2a: Lumi|confusion\n|move|p2a: Lumi|Ice Beam|p1a: \u9e1f\u54e5\n|-damage|p1a: \u9e1f\u54e5|58\/100 brn\n|\n|-damage|p1a: \u9e1f\u54e5|52\/100 brn|[from] brn\n|upkeep\n|turn|6\n|\n|t:|1661018809\n|move|p1a: \u9e1f\u54e5|Roost|p1a: \u9e1f\u54e5\n|-heal|p1a: \u9e1f\u54e5|100\/100 brn\n|-singleturn|p1a: \u9e1f\u54e5|move: Roost\n|-end|p2a: Lumi|confusion\n|move|p2a: Lumi|Volt Switch|p1a: \u9e1f\u54e5\n|-resisted|p1a: \u9e1f\u54e5\n|-damage|p1a: \u9e1f\u54e5|86\/100 brn\n|\n|t:|1661018815\n|switch|p2a: Crawns|Crobat, M|100\/100|[from]move: Volt Switch\n|\n|-damage|p1a: \u9e1f\u54e5|79\/100 brn|[from] brn\n|upkeep\n|turn|7\n|\n|t:|1661018821\n|move|p2a: Crawns|U-turn|p1a: \u9e1f\u54e5\n|-resisted|p1a: \u9e1f\u54e5\n|-damage|p1a: \u9e1f\u54e5|70\/100 brn\n|-damage|p2a: Crawns|84\/100|[from] item: Rocky Helmet|[of] p1a: \u9e1f\u54e5\n|\n|t:|1661018824\n|switch|p2a: Lumi|Lanturn, M, shiny|85\/100|[from]move: U-turn\n|move|p1a: \u9e1f\u54e5|Thunder Wave|p2a: Lumi\n|-heal|p2a: Lumi|100\/100|[from] ability: Volt Absorb|[of] p1a: \u9e1f\u54e5\n|\n|-damage|p1a: \u9e1f\u54e5|64\/100 brn|[from] brn\n|upkeep\n|turn|8\n|\n|t:|1661018829\n|move|p1a: \u9e1f\u54e5|Roost|p1a: \u9e1f\u54e5\n|-heal|p1a: \u9e1f\u54e5|100\/100 brn\n|-singleturn|p1a: \u9e1f\u54e5|move: Roost\n|move|p2a: Lumi|Ice Beam|p1a: \u9e1f\u54e5\n|-damage|p1a: \u9e1f\u54e5|77\/100 brn\n|\n|-damage|p1a: \u9e1f\u54e5|71\/100 brn|[from] brn\n|upkeep\n|turn|9\n|\n|t:|1661018837\n|move|p1a: \u9e1f\u54e5|Hurricane|p2a: Lumi\n|-resisted|p2a: Lumi\n|-damage|p2a: Lumi|85\/100\n|-start|p2a: Lumi|confusion\n|-activate|p2a: Lumi|confusion\n|move|p2a: Lumi|Scald|p1a: \u9e1f\u54e5\n|-damage|p1a: \u9e1f\u54e5|42\/100 brn\n|\n|-damage|p1a: \u9e1f\u54e5|36\/100 brn|[from] brn\n|upkeep\n|turn|10\n|\n|t:|1661018863\n|move|p1a: \u9e1f\u54e5|Roost|p1a: \u9e1f\u54e5\n|-heal|p1a: \u9e1f\u54e5|86\/100 brn\n|-singleturn|p1a: \u9e1f\u54e5|move: Roost\n|-activate|p2a: Lumi|confusion\n|-damage|p2a: Lumi|80\/100|[from] confusion\n|\n|-damage|p1a: \u9e1f\u54e5|79\/100 brn|[from] brn\n|upkeep\n|turn|11\n|\n|t:|1661018870\n|move|p1a: \u9e1f\u54e5|Hurricane|p2a: Lumi\n|-resisted|p2a: Lumi\n|-crit|p2a: Lumi\n|-damage|p2a: Lumi|57\/100\n|-activate|p2a: Lumi|confusion\n|-damage|p2a: Lumi|52\/100|[from] confusion\n|\n|-damage|p1a: \u9e1f\u54e5|73\/100 brn|[from] brn\n|upkeep\n|turn|12\n|\n|t:|1661018894\n|move|p1a: \u9e1f\u54e5|Hurricane|p2a: Lumi|[miss]\n|-miss|p1a: \u9e1f\u54e5|p2a: Lumi\n|-activate|p2a: Lumi|confusion\n|move|p2a: Lumi|Scald|p1a: \u9e1f\u54e5\n|-damage|p1a: \u9e1f\u54e5|40\/100 brn\n|\n|-damage|p1a: \u9e1f\u54e5|33\/100 brn|[from] brn\n|upkeep\n|turn|13\n|\n|t:|1661018897\n|move|p1a: \u9e1f\u54e5|Roost|p1a: \u9e1f\u54e5\n|-heal|p1a: \u9e1f\u54e5|83\/100 brn\n|-singleturn|p1a: \u9e1f\u54e5|move: Roost\n|-end|p2a: Lumi|confusion\n|move|p2a: Lumi|Scald|p1a: \u9e1f\u54e5\n|-damage|p1a: \u9e1f\u54e5|54\/100 brn\n|\n|-damage|p1a: \u9e1f\u54e5|48\/100 brn|[from] brn\n|upkeep\n|turn|14\n|\n|t:|1661018904\n|move|p1a: \u9e1f\u54e5|Roost|p1a: \u9e1f\u54e5\n|-heal|p1a: \u9e1f\u54e5|98\/100 brn\n|-singleturn|p1a: \u9e1f\u54e5|move: Roost\n|move|p2a: Lumi|Volt Switch|p1a: \u9e1f\u54e5\n|-resisted|p1a: \u9e1f\u54e5\n|-damage|p1a: \u9e1f\u54e5|83\/100 brn\n|\n|t:|1661018909\n|switch|p2a: Crawns|Crobat, M|84\/100|[from]move: Volt Switch\n|\n|-damage|p1a: \u9e1f\u54e5|77\/100 brn|[from] brn\n|upkeep\n|turn|15\n|\n|t:|1661018912\n|switch|p2a: Lumi|Lanturn, M, shiny|52\/100\n|move|p1a: \u9e1f\u54e5|Hurricane|p2a: Lumi\n|-resisted|p2a: Lumi\n|-damage|p2a: Lumi|36\/100\n|-start|p2a: Lumi|confusion\n|\n|-damage|p1a: \u9e1f\u54e5|71\/100 brn|[from] brn\n|upkeep\n|turn|16\n|\n|t:|1661018919\n|switch|p2a: Luce|Umbreon, M, shiny|100\/100\n|move|p1a: \u9e1f\u54e5|Hurricane|p2a: Luce\n|-damage|p2a: Luce|77\/100\n|\n|-heal|p2a: Luce|83\/100|[from] item: Leftovers\n|-damage|p1a: \u9e1f\u54e5|65\/100 brn|[from] brn\n|upkeep\n|turn|17\n|\n|t:|1661018930\n|move|p1a: \u9e1f\u54e5|Hurricane|p2a: Luce\n|-damage|p2a: Luce|59\/100\n|move|p2a: Luce|Foul Play|p1a: \u9e1f\u54e5\n|-damage|p1a: \u9e1f\u54e5|48\/100 brn\n|-damage|p2a: Luce|42\/100|[from] item: Rocky Helmet|[of] p1a: \u9e1f\u54e5\n|\n|-heal|p2a: Luce|48\/100|[from] item: Leftovers\n|-damage|p1a: \u9e1f\u54e5|42\/100 brn|[from] brn\n|upkeep\n|turn|18\n|\n|t:|1661018935\n|move|p1a: \u9e1f\u54e5|Roost|p1a: \u9e1f\u54e5\n|-heal|p1a: \u9e1f\u54e5|92\/100 brn\n|-singleturn|p1a: \u9e1f\u54e5|move: Roost\n|move|p2a: Luce|Moonlight|p2a: Luce\n|-heal|p2a: Luce|98\/100\n|\n|-heal|p2a: Luce|100\/100|[from] item: Leftovers\n|-damage|p1a: \u9e1f\u54e5|86\/100 brn|[from] brn\n|upkeep\n|turn|19\n|\n|t:|1661018943\n|move|p1a: \u9e1f\u54e5|Thunder Wave||[still]\n|-status|p2a: Luce|par\n|-activate|p2a: Luce|ability: Synchronize\n|-fail|p2a: Luce\n|cant|p2a: Luce|par\n|\n|-damage|p1a: \u9e1f\u54e5|79\/100 brn|[from] brn\n|upkeep\n|turn|20\n|\n|t:|1661018951\n|move|p1a: \u9e1f\u54e5|Hurricane|p2a: Luce|[miss]\n|-miss|p1a: \u9e1f\u54e5|p2a: Luce\n|move|p2a: Luce|Heal Bell|p2a: Luce\n|-activate|p2a: Luce|move: Heal Bell\n|-curestatus|p2a: Luce|par|[msg]\n|\n|-damage|p1a: \u9e1f\u54e5|73\/100 brn|[from] brn\n|upkeep\n|turn|21\n|\n|t:|1661018954\n|switch|p2a: Lumi|Lanturn, M, shiny|36\/100\n|move|p1a: \u9e1f\u54e5|Roost|p1a: \u9e1f\u54e5\n|-heal|p1a: \u9e1f\u54e5|100\/100 brn\n|-singleturn|p1a: \u9e1f\u54e5|move: Roost\n|\n|-damage|p1a: \u9e1f\u54e5|94\/100 brn|[from] brn\n|upkeep\n|turn|22\n|\n|t:|1661018959\n|switch|p2a: Luce|Umbreon, M, shiny|100\/100\n|move|p1a: \u9e1f\u54e5|Hurricane|p2a: Luce\n|-damage|p2a: Luce|75\/100\n|\n|-heal|p2a: Luce|81\/100|[from] item: Leftovers\n|-damage|p1a: \u9e1f\u54e5|88\/100 brn|[from] brn\n|upkeep\n|turn|23\n|inactive|Battle timer is ON: inactive players will automatically lose when time's up. (requested by superrouchuan)\n|\n|t:|1661018971\n|switch|p2a: Lumi|Lanturn, M, shiny|36\/100\n|move|p1a: \u9e1f\u54e5|Hurricane|p2a: Lumi|[miss]\n|-miss|p1a: \u9e1f\u54e5|p2a: Lumi\n|\n|-damage|p1a: \u9e1f\u54e5|82\/100 brn|[from] brn\n|upkeep\n|turn|24\n|\n|t:|1661018978\n|switch|p2a: Luce|Umbreon, M, shiny|81\/100\n|move|p1a: \u9e1f\u54e5|Hurricane|p2a: Luce\n|-damage|p2a: Luce|59\/100\n|-start|p2a: Luce|confusion\n|\n|-heal|p2a: Luce|65\/100|[from] item: Leftovers\n|-damage|p1a: \u9e1f\u54e5|75\/100 brn|[from] brn\n|upkeep\n|turn|25\n|\n|t:|1661018986\n|switch|p1a: \u868a\u7237|Buzzwole|100\/100\n|switch|p2a: Lumi|Lanturn, M, shiny|36\/100\n|\n|upkeep\n|turn|26\n|\n|t:|1661018995\n|switch|p2a: Pink|Corsola-Galar, F, shiny|72\/100\n|move|p1a: \u868a\u7237|Close Combat|p2a: Pink\n|-immune|p2a: Pink\n|\n|upkeep\n|turn|27\n|\n|t:|1661019008\n|switch|p1a: B.I.G|Snorlax, M, shiny|100\/100\n|move|p2a: Pink|Calm Mind|p2a: Pink\n|-boost|p2a: Pink|spa|1\n|-boost|p2a: Pink|spd|1\n|\n|upkeep\n|turn|28\n|\n|t:|1661019013\n|move|p2a: Pink|Will-O-Wisp|p1a: B.I.G\n|-status|p1a: B.I.G|brn\n|move|p1a: B.I.G|Yawn|p2a: Pink\n|-start|p2a: Pink|move: Yawn|[of] p1a: B.I.G\n|\n|-damage|p1a: B.I.G|94\/100 brn|[from] brn\n|upkeep\n|turn|29\n|\n|t:|1661019022\n|switch|p2a: Toni|Togekiss, M, shiny|100\/100\n|move|p1a: B.I.G|Self-Destruct|p2a: Toni\n|-enditem|p1a: B.I.G|Normal Gem|[from] gem\n|-damage|p2a: Toni|31\/100\n|faint|p1a: B.I.G\n|\n|upkeep\n|\n|t:|1661019028\n|switch|p1a: \u795e|Tapu Lele|100\/100\n|-fieldstart|move: Psychic Terrain|[from] ability: Psychic Surge|[of] p1a: \u795e\n|turn|30\n|\n|t:|1661019031\n|move|p1a: \u795e|Moonblast|p2a: Toni\n|-damage|p2a: Toni|0 fnt\n|faint|p2a: Toni\n|\n|upkeep\n|\n|t:|1661019035\n|switch|p2a: Crawns|Crobat, M|84\/100\n|turn|31\n|\n|t:|1661019040\n|switch|p1a: \u9e1f\u54e5|Zapdos, shiny|75\/100 brn\n|move|p2a: Crawns|Brave Bird|p1a: \u9e1f\u54e5\n|-resisted|p1a: \u9e1f\u54e5\n|-damage|p1a: \u9e1f\u54e5|50\/100 brn\n|-damage|p2a: Crawns|68\/100|[from] item: Rocky Helmet|[of] p1a: \u9e1f\u54e5\n|-damage|p2a: Crawns|57\/100|[from] Recoil\n|\n|-damage|p1a: \u9e1f\u54e5|44\/100 brn|[from] brn\n|upkeep\n|turn|32\n|\n|t:|1661019051\n|switch|p2a: Lumi|Lanturn, M, shiny|36\/100\n|move|p1a: \u9e1f\u54e5|Hurricane|p2a: Lumi|[miss]\n|-miss|p1a: \u9e1f\u54e5|p2a: Lumi\n|\n|-damage|p1a: \u9e1f\u54e5|38\/100 brn|[from] brn\n|upkeep\n|turn|33\n|\n|t:|1661019056\n|move|p1a: \u9e1f\u54e5|Roost|p1a: \u9e1f\u54e5\n|-heal|p1a: \u9e1f\u54e5|88\/100 brn\n|-singleturn|p1a: \u9e1f\u54e5|move: Roost\n|move|p2a: Lumi|Thunderbolt|p1a: \u9e1f\u54e5\n|-resisted|p1a: \u9e1f\u54e5\n|-damage|p1a: \u9e1f\u54e5|72\/100 brn\n|\n|-damage|p1a: \u9e1f\u54e5|65\/100 brn|[from] brn\n|upkeep\n|turn|34\n|\n|t:|1661019058\n|move|p1a: \u9e1f\u54e5|Hurricane|p2a: Lumi\n|-resisted|p2a: Lumi\n|-damage|p2a: Lumi|21\/100\n|move|p2a: Lumi|Scald|p1a: \u9e1f\u54e5\n|-damage|p1a: \u9e1f\u54e5|36\/100 brn\n|\n|-damage|p1a: \u9e1f\u54e5|29\/100 brn|[from] brn\n|-fieldend|move: Psychic Terrain\n|upkeep\n|turn|35\n|\n|t:|1661019067\n|move|p1a: \u9e1f\u54e5|Roost|p1a: \u9e1f\u54e5\n|-heal|p1a: \u9e1f\u54e5|79\/100 brn\n|-singleturn|p1a: \u9e1f\u54e5|move: Roost\n|move|p2a: Lumi|Scald|p1a: \u9e1f\u54e5\n|-damage|p1a: \u9e1f\u54e5|47\/100 brn\n|\n|-damage|p1a: \u9e1f\u54e5|41\/100 brn|[from] brn\n|upkeep\n|turn|36\n|\n|t:|1661019070\n|move|p1a: \u9e1f\u54e5|Hurricane|p2a: Lumi\n|-resisted|p2a: Lumi\n|-damage|p2a: Lumi|6\/100\n|move|p2a: Lumi|Scald|p1a: \u9e1f\u54e5\n|-damage|p1a: \u9e1f\u54e5|10\/100 brn\n|\n|-damage|p1a: \u9e1f\u54e5|3\/100 brn|[from] brn\n|upkeep\n|turn|37\n|\n|t:|1661019074\n|move|p1a: \u9e1f\u54e5|Roost|p1a: \u9e1f\u54e5\n|-heal|p1a: \u9e1f\u54e5|53\/100 brn\n|-singleturn|p1a: \u9e1f\u54e5|move: Roost\n|move|p2a: Lumi|Scald|p1a: \u9e1f\u54e5\n|-damage|p1a: \u9e1f\u54e5|25\/100 brn\n|\n|-damage|p1a: \u9e1f\u54e5|19\/100 brn|[from] brn\n|upkeep\n|turn|38\n|\n|t:|1661019080\n|move|p1a: \u9e1f\u54e5|Roost|p1a: \u9e1f\u54e5\n|-heal|p1a: \u9e1f\u54e5|69\/100 brn\n|-singleturn|p1a: \u9e1f\u54e5|move: Roost\n|move|p2a: Lumi|Scald|p1a: \u9e1f\u54e5\n|-damage|p1a: \u9e1f\u54e5|37\/100 brn\n|\n|-damage|p1a: \u9e1f\u54e5|31\/100 brn|[from] brn\n|upkeep\n|turn|39\n|\n|t:|1661019086\n|move|p1a: \u9e1f\u54e5|Roost|p1a: \u9e1f\u54e5\n|-heal|p1a: \u9e1f\u54e5|81\/100 brn\n|-singleturn|p1a: \u9e1f\u54e5|move: Roost\n|move|p2a: Lumi|Scald|p1a: \u9e1f\u54e5\n|-damage|p1a: \u9e1f\u54e5|47\/100 brn\n|\n|-damage|p1a: \u9e1f\u54e5|41\/100 brn|[from] brn\n|upkeep\n|turn|40\n|\n|t:|1661019095\n|move|p1a: \u9e1f\u54e5|Roost|p1a: \u9e1f\u54e5\n|-heal|p1a: \u9e1f\u54e5|91\/100 brn\n|-singleturn|p1a: \u9e1f\u54e5|move: Roost\n|move|p2a: Lumi|Scald|p1a: \u9e1f\u54e5\n|-damage|p1a: \u9e1f\u54e5|58\/100 brn\n|\n|-damage|p1a: \u9e1f\u54e5|52\/100 brn|[from] brn\n|upkeep\n|turn|41\n|\n|t:|1661019101\n|switch|p2a: Luce|Umbreon, M, shiny|65\/100\n|move|p1a: \u9e1f\u54e5|Roost|p1a: \u9e1f\u54e5\n|-heal|p1a: \u9e1f\u54e5|100\/100 brn\n|-singleturn|p1a: \u9e1f\u54e5|move: Roost\n|\n|-heal|p2a: Luce|71\/100|[from] item: Leftovers\n|-damage|p1a: \u9e1f\u54e5|94\/100 brn|[from] brn\n|upkeep\n|turn|42\n|\n|t:|1661019106\n|move|p1a: \u9e1f\u54e5|Hurricane|p2a: Luce\n|-damage|p2a: Luce|48\/100\n|-start|p2a: Luce|confusion\n|-activate|p2a: Luce|confusion\n|-damage|p2a: Luce|44\/100|[from] confusion\n|\n|-heal|p2a: Luce|50\/100|[from] item: Leftovers\n|-damage|p1a: \u9e1f\u54e5|88\/100 brn|[from] brn\n|upkeep\n|turn|43\n|\n|t:|1661019116\n|switch|p1a: \u868a\u7237|Buzzwole|100\/100\n|-activate|p2a: Luce|confusion\n|move|p2a: Luce|Moonlight|p2a: Luce\n|-heal|p2a: Luce|100\/100\n|\n|upkeep\n|turn|44\n|\n|t:|1661019122\n|switch|p2a: Pink|Corsola-Galar, F, shiny|72\/100\n|move|p1a: \u868a\u7237|Earthquake|p2a: Pink\n|-damage|p2a: Pink|44\/100\n|-start|p1a: \u868a\u7237|Disable|Earthquake|[from] ability: Cursed Body|[of] p2a: Pink\n|\n|upkeep\n|turn|45\n|\n|t:|1661019133\n|switch|p1a: \u8001\u73ed|Tyranitar, F, shiny|100\/100\n|-weather|Sandstorm|[from] ability: Sand Stream|[of] p1a: \u8001\u73ed\n|move|p2a: Pink|Strength Sap|p1a: \u8001\u73ed\n|-unboost|p1a: \u8001\u73ed|atk|1\n|-heal|p2a: Pink|100\/100\n|\n|-weather|Sandstorm|[upkeep]\n|-damage|p2a: Pink|94\/100|[from] Sandstorm\n|upkeep\n|turn|46\n|\n|t:|1661019138\n|move|p1a: \u8001\u73ed|Stealth Rock|p2a: Pink\n|-sidestart|p2: Hoshi sama desu yo|move: Stealth Rock\n|move|p2a: Pink|Will-O-Wisp|p1a: \u8001\u73ed\n|-status|p1a: \u8001\u73ed|brn\n|\n|-weather|Sandstorm|[upkeep]\n|-damage|p2a: Pink|88\/100|[from] Sandstorm\n|-damage|p1a: \u8001\u73ed|94\/100 brn|[from] brn\n|upkeep\n|turn|47\n|\n|t:|1661019144\n|move|p1a: \u8001\u73ed|Ice Beam|p2a: Pink\n|-damage|p2a: Pink|71\/100\n|-start|p1a: \u8001\u73ed|Disable|Ice Beam|[from] ability: Cursed Body|[of] p2a: Pink\n|move|p2a: Pink|Calm Mind|p2a: Pink\n|-boost|p2a: Pink|spa|1\n|-boost|p2a: Pink|spd|1\n|\n|-weather|Sandstorm|[upkeep]\n|-damage|p2a: Pink|65\/100|[from] Sandstorm\n|-heal|p1a: \u8001\u73ed|100\/100 brn|[from] item: Leftovers\n|-damage|p1a: \u8001\u73ed|94\/100 brn|[from] brn\n|upkeep\n|turn|48\n|\n|t:|1661019153\n|switch|p1a: \u4e0d\u4f1a\u9f99\u821e\u7684\u53ef\u601c\u5b69\u5b50|Garchomp, F|100\/100\n|move|p2a: Pink|Calm Mind|p2a: Pink\n|-boost|p2a: Pink|spa|1\n|-boost|p2a: Pink|spd|1\n|\n|-weather|Sandstorm|[upkeep]\n|-damage|p2a: Pink|59\/100|[from] Sandstorm\n|upkeep\n|turn|49\n|\n|t:|1661019158\n|move|p1a: \u4e0d\u4f1a\u9f99\u821e\u7684\u53ef\u601c\u5b69\u5b50|Earthquake|p2a: Pink\n|-crit|p2a: Pink\n|-damage|p2a: Pink|0 fnt\n|faint|p2a: Pink\n|\n|-weather|none\n|upkeep\n|l|\u2606Hoshi sama desu yo\n|inactive|Hoshi sama desu yo disconnected and has a minute to reconnect!\n|player|p2|\n|inactive|Hoshi sama desu yo has 30 seconds to reconnect!\n|inactive|Hoshi sama desu yo has 20 seconds to reconnect!\n|inactive|Hoshi sama desu yo has 15 seconds to reconnect!\n|inactive|Hoshi sama desu yo has 10 seconds to reconnect!\n|inactive|Hoshi sama desu yo has 5 seconds to reconnect!\n|-message|Hoshi sama desu yo lost due to inactivity.\n|\n|win|superrouchuan\n|raw|superrouchuan's rating: 1423 &rarr; <strong>1440<\/strong><br \/>(+17 for winning)\n|raw|Hoshi sama desu yo's rating: 1364 &rarr; <strong>1347<\/strong><br \/>(-17 for losing)\n|player|p1|superrouchuan|juan\n||Ladder isn't responding, score probably updated but might not have (Request timeout).\n","uploadtime":1661019228,"views":18,"p1id":"superrouchuan","p2id":"hoshisamadesuyo","formatid":"gen8ou","rating":1347,"private":0,"password":null}