{"id":"gen8randombattle-1105416596","p1":"A","p2":"pidahluk","format":"gen8randombattle","log":"|j|\u2606A\n|j|\u2606pidahluk\n|player|p1|A|clemont|1306\n|player|p2|pidahluk|170|1330\n|teamsize|p1|6\n|teamsize|p2|6\n|gametype|singles\n|gen|8\n|tier|[Gen 8] Random Battle\n|rated|\n|rule|Species Clause: Limit one of each Pok\u00e9mon\n|rule|HP Percentage Mod: HP is shown in percentages\n|rule|Sleep Clause Mod: Limit one foe put to sleep\n|\n|start\n|switch|p1a: Octillery|Octillery, L88, M|275\/275\n|switch|p2a: Arctovish|Arctovish, L88|302\/302\n|turn|1\n|inactive|Battle timer is ON: inactive players will automatically lose when time's up. (requested by pidahluk)\n|\n|move|p2a: Arctovish|Freeze-Dry|p1a: Octillery\n|-supereffective|p1a: Octillery\n|-damage|p1a: Octillery|131\/275\n|move|p1a: Octillery|Energy Ball|p2a: Arctovish\n|-supereffective|p2a: Arctovish\n|-damage|p2a: Arctovish|214\/302\n|\n|upkeep\n|turn|2\n|\n|switch|p1a: Regice|Regice, L84|271\/271\n|move|p2a: Arctovish|Freeze-Dry|p1a: Regice\n|-resisted|p1a: Regice\n|-damage|p1a: Regice|254\/271\n|\n|-heal|p1a: Regice|270\/271|[from] item: Leftovers\n|upkeep\n|turn|3\n|\n|move|p2a: Arctovish|Fishious Rend|p1a: Regice\n|-damage|p1a: Regice|96\/271\n|move|p1a: Regice|Thunderbolt|p2a: Arctovish\n|-supereffective|p2a: Arctovish\n|-damage|p2a: Arctovish|130\/302\n|\n|-heal|p1a: Regice|112\/271|[from] item: Leftovers\n|upkeep\n|turn|4\n|\n|switch|p1a: Octillery|Octillery, L88, M|131\/275\n|move|p2a: Arctovish|Fishious Rend|p1a: Octillery\n|-resisted|p1a: Octillery\n|-damage|p1a: Octillery|36\/275\n|\n|upkeep\n|turn|5\n|\n|move|p2a: Arctovish|Fishious Rend|p1a: Octillery\n|-resisted|p1a: Octillery\n|-damage|p1a: Octillery|0 fnt\n|faint|p1a: Octillery\n|\n|upkeep\n|\n|switch|p1a: Morpeko|Morpeko, L84, M|235\/235\n|turn|6\n|inactive|pidahluk has 120 seconds left.\n|j| FDB96\n|inactive|pidahluk has 90 seconds left.\n|\n|switch|p2a: Appletun|Appletun, L86, M|329\/329\n|move|p1a: Morpeko|Aura Wheel|p2a: Appletun\n|-resisted|p2a: Appletun\n|-damage|p2a: Appletun|299\/329\n|-boost|p1a: Morpeko|spe|1\n|\n|-heal|p2a: Appletun|319\/329|[from] item: Leftovers\n|-formechange|p1a: Morpeko|Morpeko-Hangry||[from] ability: Hunger Switch\n|upkeep\n|turn|7\n|\n|switch|p1a: Regice|Regice, L84|112\/271\n|move|p2a: Appletun|Apple Acid|p1a: Regice\n|-damage|p1a: Regice|63\/271\n|\n|-heal|p1a: Regice|79\/271|[from] item: Leftovers\n|-heal|p2a: Appletun|329\/329|[from] item: Leftovers\n|upkeep\n|turn|8\n|l| FDB96\n|\n|switch|p2a: Arctovish|Arctovish, L88|130\/302\n|move|p1a: Regice|Rest|p1a: Regice\n|-status|p1a: Regice|slp|[from] move: Rest\n|-heal|p1a: Regice|271\/271 slp|[silent]\n|\n|upkeep\n|turn|9\n|\n|move|p2a: Arctovish|Fishious Rend|p1a: Regice\n|-damage|p1a: Regice|105\/271 slp\n|cant|p1a: Regice|slp\n|move|p1a: Regice|Sleep Talk|p1a: Regice\n|move|p1a: Regice|Rest|p1a: Regice|[from]Sleep Talk\n|-fail|p1a: Regice\n|\n|-heal|p1a: Regice|121\/271 slp|[from] item: Leftovers\n|upkeep\n|turn|10\n|\n|switch|p1a: Tapu Bulu|Tapu Bulu, L80|243\/243\n|-fieldstart|move: Grassy Terrain|[from] ability: Grassy Surge|[of] p1a: Tapu Bulu\n|move|p2a: Arctovish|Fishious Rend|p1a: Tapu Bulu\n|-resisted|p1a: Tapu Bulu\n|-damage|p1a: Tapu Bulu|166\/243\n|\n|-heal|p1a: Tapu Bulu|181\/243|[from] Grassy Terrain\n|-heal|p2a: Arctovish|148\/302|[from] Grassy Terrain\n|upkeep\n|turn|11\n|\n|move|p1a: Tapu Bulu|Play Rough|p2a: Arctovish\n|-damage|p2a: Arctovish|51\/302\n|move|p2a: Arctovish|Icicle Crash|p1a: Tapu Bulu\n|-supereffective|p1a: Tapu Bulu\n|-damage|p1a: Tapu Bulu|29\/243\n|\n|-heal|p1a: Tapu Bulu|44\/243|[from] Grassy Terrain\n|-heal|p2a: Arctovish|69\/302|[from] Grassy Terrain\n|upkeep\n|turn|12\n|\n|move|p1a: Tapu Bulu|Play Rough|p2a: Arctovish\n|-damage|p2a: Arctovish|0 fnt\n|faint|p2a: Arctovish\n|\n|-heal|p1a: Tapu Bulu|59\/243|[from] Grassy Terrain\n|upkeep\n|\n|switch|p2a: Ninetales|Ninetales-Alola, L82, M|254\/254\n|-weather|Hail|[from] ability: Snow Warning|[of] p2a: Ninetales\n|turn|13\n|\n|move|p1a: Tapu Bulu|Play Rough|p2a: Ninetales\n|-damage|p2a: Ninetales|122\/254\n|move|p2a: Ninetales|Aurora Veil|p2a: Ninetales\n|-sidestart|p2: pidahluk|move: Aurora Veil\n|\n|-weather|Hail|[upkeep]\n|-damage|p1a: Tapu Bulu|44\/243|[from] Hail\n|-heal|p1a: Tapu Bulu|59\/243|[from] Grassy Terrain\n|-heal|p2a: Ninetales|137\/254|[from] Grassy Terrain\n|upkeep\n|turn|14\n|\n|switch|p1a: Regice|Regice, L84|121\/271 slp\n|move|p2a: Ninetales|Blizzard|p1a: Regice\n|-resisted|p1a: Regice\n|-damage|p1a: Regice|98\/271 slp\n|\n|-weather|Hail|[upkeep]\n|-heal|p2a: Ninetales|152\/254|[from] Grassy Terrain\n|-heal|p1a: Regice|114\/271 slp|[from] item: Leftovers\n|-heal|p1a: Regice|130\/271 slp|[from] Grassy Terrain\n|-fieldend|move: Grassy Terrain\n|upkeep\n|turn|15\n|\n|move|p2a: Ninetales|Moonblast|p1a: Regice\n|-damage|p1a: Regice|87\/271 slp\n|cant|p1a: Regice|slp\n|move|p1a: Regice|Sleep Talk|p1a: Regice\n|move|p1a: Regice|Ice Beam|p2a: Ninetales|[from]Sleep Talk\n|-resisted|p2a: Ninetales\n|-damage|p2a: Ninetales|128\/254\n|\n|-weather|Hail|[upkeep]\n|-heal|p1a: Regice|103\/271 slp|[from] item: Leftovers\n|upkeep\n|turn|16\n|\n|switch|p2a: Conkeldurr|Conkeldurr, L80, M|299\/299\n|-curestatus|p1a: Regice|slp|[msg]\n|move|p1a: Regice|Rest|p1a: Regice\n|-status|p1a: Regice|slp|[from] move: Rest\n|-heal|p1a: Regice|271\/271 slp|[silent]\n|\n|-weather|Hail|[upkeep]\n|-damage|p2a: Conkeldurr|281\/299|[from] Hail\n|upkeep\n|turn|17\n|\n|switch|p1a: Toxtricity|Toxtricity-Low-Key, L82, F|257\/257\n|move|p2a: Conkeldurr|Bulk Up|p2a: Conkeldurr\n|-boost|p2a: Conkeldurr|atk|1\n|-boost|p2a: Conkeldurr|def|1\n|\n|-weather|none\n|upkeep\n|turn|18\n|\n|-start|p2a: Conkeldurr|Dynamax\n|-heal|p2a: Conkeldurr|562\/598|[silent]\n|move|p1a: Toxtricity|Volt Switch|p2a: Conkeldurr\n|-damage|p2a: Conkeldurr|511\/598\n|\n|switch|p1a: Regice|Regice, L84|271\/271 slp\n|move|p2a: Conkeldurr|Max Darkness|p1a: Regice\n|-damage|p1a: Regice|97\/271 slp\n|-fail|p1a: Regice|unboost|[from] ability: Clear Body|[of] p1a: Regice\n|-damage|p2a: Conkeldurr|482\/598|[from] item: Life Orb\n|\n|-heal|p1a: Regice|113\/271 slp|[from] item: Leftovers\n|upkeep\n|turn|19\n|inactive|pidahluk has 90 seconds left.\n|\n|switch|p1a: Tapu Bulu|Tapu Bulu, L80|59\/243\n|-fieldstart|move: Grassy Terrain|[from] ability: Grassy Surge|[of] p1a: Tapu Bulu\n|move|p2a: Conkeldurr|Max Knuckle|p1a: Tapu Bulu\n|-resisted|p1a: Tapu Bulu\n|-damage|p1a: Tapu Bulu|0 fnt\n|-boost|p2a: Conkeldurr|atk|1\n|-damage|p2a: Conkeldurr|453\/598|[from] item: Life Orb\n|faint|p1a: Tapu Bulu\n|\n|-heal|p2a: Conkeldurr|471\/598|[from] Grassy Terrain\n|upkeep\n|\n|switch|p1a: Morpeko|Morpeko, L84, M|235\/235\n|turn|20\n|\n|move|p1a: Morpeko|Psychic Fangs|p2a: Conkeldurr\n|-sideend|p2: pidahluk|move: Aurora Veil\n|-supereffective|p2a: Conkeldurr\n|-damage|p2a: Conkeldurr|387\/598\n|move|p2a: Conkeldurr|Max Knuckle|p1a: Morpeko\n|-supereffective|p1a: Morpeko\n|-damage|p1a: Morpeko|0 fnt\n|-boost|p2a: Conkeldurr|atk|1\n|-damage|p2a: Conkeldurr|358\/598|[from] item: Life Orb\n|faint|p1a: Morpeko\n|\n|-heal|p2a: Conkeldurr|376\/598|[from] Grassy Terrain\n|-end|p2a: Conkeldurr|Dynamax\n|-heal|p2a: Conkeldurr|188\/299|[silent]\n|upkeep\n|\n|switch|p1a: Toxtricity|Toxtricity-Low-Key, L82, F|257\/257\n|turn|21\n|inactive|pidahluk has 90 seconds left.\n|\n|-start|p1a: Toxtricity|Dynamax\n|-heal|p1a: Toxtricity|514\/514|[silent]\n|move|p1a: Toxtricity|Max Lightning|p2a: Conkeldurr\n|-damage|p2a: Conkeldurr|4\/299\n|-fieldstart|move: Electric Terrain\n|move|p2a: Conkeldurr|Knock Off|p1a: Toxtricity\n|-damage|p1a: Toxtricity|192\/514\n|-enditem|p1a: Toxtricity|Choice Scarf|[from] move: Knock Off|[of] p2a: Conkeldurr\n|-damage|p2a: Conkeldurr|0 fnt|[from] item: Life Orb\n|faint|p2a: Conkeldurr\n|\n|upkeep\n|\n|switch|p2a: Ninetales|Ninetales-Alola, L82, M|128\/254\n|-weather|Hail|[from] ability: Snow Warning|[of] p2a: Ninetales\n|turn|22\n|\n|move|p2a: Ninetales|Blizzard|p1a: Toxtricity\n|-damage|p1a: Toxtricity|83\/514\n|move|p1a: Toxtricity|Max Strike|p2a: Ninetales\n|-damage|p2a: Ninetales|24\/254\n|-unboost|p2a: Ninetales|spe|1\n|\n|-weather|Hail|[upkeep]\n|-damage|p1a: Toxtricity|67\/514|[from] Hail\n|upkeep\n|turn|23\n|\n|move|p1a: Toxtricity|Max Ooze|p2a: Ninetales\n|-supereffective|p2a: Ninetales\n|-damage|p2a: Ninetales|0 fnt\n|-boost|p1a: Toxtricity|spa|1\n|faint|p2a: Ninetales\n|\n|-weather|Hail|[upkeep]\n|-damage|p1a: Toxtricity|51\/514|[from] Hail\n|-end|p1a: Toxtricity|Dynamax\n|-heal|p1a: Toxtricity|26\/257|[silent]\n|upkeep\n|\n|switch|p2a: Farfetch'd|Farfetch'd, L84, F|225\/225\n|turn|24\n|\n|move|p1a: Toxtricity|Overdrive|p2a: Farfetch'd\n|-supereffective|p2a: Farfetch'd\n|-damage|p2a: Farfetch'd|0 fnt\n|faint|p2a: Farfetch'd\n|\n|-weather|Hail|[upkeep]\n|-damage|p1a: Toxtricity|10\/257|[from] Hail\n|upkeep\n|\n|switch|p2a: Appletun|Appletun, L86, M|329\/329\n|turn|25\n|\n|move|p1a: Toxtricity|Sludge Wave|p2a: Appletun\n|-supereffective|p2a: Appletun\n|-damage|p2a: Appletun|0 fnt\n|faint|p2a: Appletun\n|\n|-weather|Hail|[upkeep]\n|-damage|p1a: Toxtricity|0 fnt|[from] Hail\n|faint|p1a: Toxtricity\n|-fieldend|move: Electric Terrain\n|upkeep\n|\n|switch|p1a: Durant|Durant, L82, M|229\/229\n|switch|p2a: Slowbro|Slowbro, L82, F|290\/290\n|turn|26\n|\n|move|p1a: Durant|First Impression|p2a: Slowbro\n|-supereffective|p2a: Slowbro\n|-damage|p2a: Slowbro|0 fnt\n|faint|p2a: Slowbro\n|\n|win|A\n|raw|A's rating: 1306 &rarr; <strong>1327<\/strong><br \/>(+21 for winning)\n|raw|pidahluk's rating: 1331 &rarr; <strong>1309<\/strong><br \/>(-22 for losing)\n|c|\u2606A|gg\n","inputlog":">version 839c835752c0139e0785101cfc74f459d73e8bf4\n>start {\"formatid\":\"gen8randombattle\",\"seed\":[418,30536,23832,25550],\"rated\":\"Rated battle\"}\n>player p1 {\"name\":\"A\",\"avatar\":\"clemont\",\"team\":\"\",\"rating\":1306,\"seed\":[47291,44167,30405,24456]}\n>player p2 {\"name\":\"pidahluk\",\"avatar\":\"170\",\"team\":\"\",\"rating\":1330,\"seed\":[20897,60372,64853,32782]}\n>p1 move energyball\n>p2 move freezedry\n>p1 switch 6\n>p2 move freezedry\n>p1 move thunderbolt\n>p2 move fishiousrend\n>p1 switch 6\n>p2 move fishiousrend\n>p1 move energyball\n>p2 move fishiousrend\n>p1 switch 2\n>p1 move aurawheel\n>p2 switch 5\n>p1 switch 6\n>p2 move appleacid\n>p1 move rest\n>p2 switch 5\n>p1 move sleeptalk\n>p2 move fishiousrend\n>p1 switch 4\n>p2 move fishiousrend\n>p1 move playrough\n>p2 move iciclecrash\n>p1 move playrough\n>p2 move freezedry\n>p2 switch 6\n>p1 move playrough\n>p2 move auroraveil\n>p1 switch 4\n>p2 move blizzard\n>p1 move sleeptalk\n>p2 move moonblast\n>p1 move rest\n>p2 switch 3\n>p1 switch 5\n>p2 move bulkup\n>p1 move voltswitch\n>p2 move knockoff dynamax\n>p1 switch 5\n>p1 switch 4\n>p2 move drainpunch dynamax\n>p1 switch 6\n>p1 move psychicfangs\n>p2 move drainpunch dynamax\n>p1 switch 5\n>p1 move overdrive dynamax\n>p2 move knockoff\n>p2 switch 3\n>p1 move boomburst dynamax\n>p2 move blizzard\n>p1 move sludgewave dynamax\n>p2 move blizzard\n>p2 switch 2\n>p1 move overdrive\n>p2 move bravebird\n>p2 switch 5\n>p1 move sludgewave\n>p2 move dragonpulse\n>p1 switch 3\n>p2 switch 4\n>p1 move firstimpression\n>p2 move scald","uploadtime":1588153091,"views":3,"p1id":"a","p2id":"pidahluk","formatid":"gen8randombattle","rating":1309,"private":0,"password":null}