{"id":"gen8ou-1698654005","p1":"Shinjou Akane","p2":"COEP","format":"gen8ou","log":"|j|\u2606Shinjou Akane\n|j|\u2606COEP\n|t:|1667149135\n|gametype|singles\n|player|p1|Shinjou Akane|nurse|1647\n|player|p2|COEP|steven|1657\n|teamsize|p1|6\n|teamsize|p2|6\n|gen|8\n|tier|[Gen 8] OU\n|rated|\n|rule|Sleep Clause Mod: Limit one foe put to sleep\n|rule|Species Clause: Limit one of each Pok\u00e9mon\n|rule|OHKO Clause: OHKO moves are banned\n|rule|Evasion Items Clause: Evasion items are banned\n|rule|Evasion Moves Clause: Evasion moves are banned\n|rule|Endless Battle Clause: Forcing endless battles is banned\n|rule|HP Percentage Mod: HP is shown in percentages\n|rule|Dynamax Clause: You cannot dynamax\n|clearpoke\n|poke|p1|Klefki, F|\n|poke|p1|Nidoking, M|\n|poke|p1|Urshifu-*, F|\n|poke|p1|Kartana|\n|poke|p1|Tapu Fini|\n|poke|p1|Landorus-Therian, M|\n|poke|p2|Regieleki|\n|poke|p2|Ferrothorn, F|\n|poke|p2|Garchomp, M|\n|poke|p2|Landorus-Therian, M|\n|poke|p2|Pelipper, F|\n|poke|p2|Weavile, F|\n|teampreview\n|inactive|Battle timer is ON: inactive players will automatically lose when time's up. (requested by COEP)\n|\n|t:|1667149158\n|start\n|switch|p1a: Klefki|Klefki, F|100\/100\n|switch|p2a: Pelipper|Pelipper, F|100\/100\n|-weather|RainDance|[from] ability: Drizzle|[of] p2a: Pelipper\n|turn|1\n|\n|t:|1667149165\n|move|p1a: Klefki|Fairy Lock|p1a: Klefki\n|-fieldactivate|move: Fairy Lock\n|move|p2a: Pelipper|Weather Ball|p1a: Klefki\n|-damage|p1a: Klefki|0 fnt\n|faint|p1a: Klefki\n|\n|-weather|RainDance|[upkeep]\n|upkeep\n|\n|t:|1667149172\n|switch|p1a: Nidoking|Nidoking, M|100\/100\n|turn|2\n|\n|t:|1667149176\n|move|p1a: Nidoking|Sludge Wave|p2a: Pelipper\n|-damage|p2a: Pelipper|0 fnt\n|faint|p2a: Pelipper\n|\n|-weather|RainDance|[upkeep]\n|upkeep\n|\n|t:|1667149184\n|switch|p2a: Weavile|Weavile, F|100\/100\n|-ability|p2a: Weavile|Pressure\n|turn|3\n|\n|t:|1667149190\n|move|p2a: Weavile|Knock Off|p1a: Nidoking\n|-damage|p1a: Nidoking|38\/100\n|-enditem|p1a: Nidoking|Life Orb|[from] move: Knock Off|[of] p2a: Weavile\n|move|p1a: Nidoking|Sludge Wave|p2a: Weavile\n|-damage|p2a: Weavile|25\/100\n|\n|-weather|RainDance|[upkeep]\n|upkeep\n|turn|4\n|\n|t:|1667149199\n|move|p2a: Weavile|Triple Axel|p1a: Nidoking\n|-supereffective|p1a: Nidoking\n|-damage|p1a: Nidoking|8\/100\n|-supereffective|p1a: Nidoking\n|-damage|p1a: Nidoking|0 fnt\n|faint|p1a: Nidoking\n|-hitcount|p1: Nidoking|2\n|\n|-weather|RainDance|[upkeep]\n|upkeep\n|\n|t:|1667149203\n|switch|p1a: Urshifu|Urshifu-Rapid-Strike, F|100\/100\n|turn|5\n|\n|t:|1667149219\n|move|p2a: Weavile|Low Kick|p1a: Urshifu\n|-damage|p1a: Urshifu|67\/100\n|move|p1a: Urshifu|Close Combat|p2a: Weavile\n|-supereffective|p2a: Weavile\n|-damage|p2a: Weavile|0 fnt\n|-unboost|p1a: Urshifu|def|1\n|-unboost|p1a: Urshifu|spd|1\n|faint|p2a: Weavile\n|\n|-weather|none\n|upkeep\n|\n|t:|1667149229\n|switch|p2a: Landorus|Landorus-Therian, M|100\/100\n|-ability|p2a: Landorus|Intimidate|boost\n|-unboost|p1a: Urshifu|atk|1\n|turn|6\n|\n|t:|1667149234\n|switch|p1a: Tapu Fini|Tapu Fini, shiny|100\/100\n|-fieldstart|move: Misty Terrain|[from] ability: Misty Surge|[of] p1a: Tapu Fini\n|move|p2a: Landorus|Stealth Rock|p1a: Tapu Fini\n|-sidestart|p1: Shinjou Akane|move: Stealth Rock\n|\n|upkeep\n|turn|7\n|\n|t:|1667149240\n|move|p1a: Tapu Fini|Trick|p2a: Landorus\n|-activate|p1a: Tapu Fini|move: Trick|[of] p2a: Landorus\n|-item|p2a: Landorus|Choice Scarf|[from] move: Trick\n|-item|p1a: Tapu Fini|Leftovers|[from] move: Trick\n|move|p2a: Landorus|Earthquake|p1a: Tapu Fini\n|-damage|p1a: Tapu Fini|47\/100\n|\n|-heal|p1a: Tapu Fini|53\/100|[from] item: Leftovers\n|upkeep\n|turn|8\n|\n|t:|1667149254\n|switch|p1a: Landorus|Landorus-Therian, M|100\/100\n|-damage|p1a: Landorus|88\/100|[from] Stealth Rock\n|-ability|p1a: Landorus|Intimidate|boost\n|-unboost|p2a: Landorus|atk|1\n|switch|p2a: Garchomp|Garchomp, M|100\/100\n|\n|upkeep\n|turn|9\n|\n|t:|1667149262\n|move|p2a: Garchomp|Swords Dance|p2a: Garchomp\n|-boost|p2a: Garchomp|atk|2\n|move|p1a: Landorus|Earthquake|p2a: Garchomp\n|-damage|p2a: Garchomp|55\/100\n|\n|-heal|p2a: Garchomp|61\/100|[from] item: Leftovers\n|upkeep\n|turn|10\n|\n|t:|1667149270\n|switch|p1a: Tapu Fini|Tapu Fini, shiny|53\/100\n|-damage|p1a: Tapu Fini|41\/100|[from] Stealth Rock\n|move|p2a: Garchomp|Scale Shot|p1a: Tapu Fini\n|-immune|p1a: Tapu Fini\n|\n|-heal|p2a: Garchomp|67\/100|[from] item: Leftovers\n|-heal|p1a: Tapu Fini|47\/100|[from] item: Leftovers\n|-fieldend|Misty Terrain\n|upkeep\n|turn|11\n|\n|t:|1667149286\n|move|p2a: Garchomp|Earthquake|p1a: Tapu Fini\n|-damage|p1a: Tapu Fini|0 fnt\n|faint|p1a: Tapu Fini\n|\n|-heal|p2a: Garchomp|74\/100|[from] item: Leftovers\n|upkeep\n|\n|t:|1667149288\n|switch|p1a: Kartana|Kartana|100\/100\n|-damage|p1a: Kartana|94\/100|[from] Stealth Rock\n|turn|12\n|\n|t:|1667149295\n|switch|p2a: Landorus|Landorus-Therian, M|100\/100\n|-ability|p2a: Landorus|Intimidate|boost\n|-unboost|p1a: Kartana|atk|1\n|move|p1a: Kartana|Leaf Blade|p2a: Landorus\n|-damage|p2a: Landorus|59\/100\n|\n|upkeep\n|turn|13\n|\n|t:|1667149305\n|move|p1a: Kartana|Leaf Blade|p2a: Landorus\n|-crit|p2a: Landorus\n|-damage|p2a: Landorus|0 fnt\n|faint|p2a: Landorus\n|-ability|p1a: Kartana|Beast Boost|boost\n|-boost|p1a: Kartana|atk|1\n|\n|upkeep\n|\n|t:|1667149312\n|switch|p2a: Ferrothorn|Ferrothorn, F|100\/100\n|turn|14\n|j| Blyksnis\n|\n|t:|1667149317\n|switch|p1a: Urshifu|Urshifu-Rapid-Strike, F|67\/100\n|-damage|p1a: Urshifu|61\/100|[from] Stealth Rock\n|move|p2a: Ferrothorn|Leech Seed|p1a: Urshifu\n|-start|p1a: Urshifu|move: Leech Seed\n|\n|-damage|p1a: Urshifu|49\/100|[from] Leech Seed|[of] p2a: Ferrothorn\n|upkeep\n|turn|15\n|\n|t:|1667149325\n|switch|p2a: Garchomp|Garchomp, M|74\/100\n|move|p1a: Urshifu|Close Combat|p2a: Garchomp\n|-damage|p2a: Garchomp|0 fnt\n|-unboost|p1a: Urshifu|def|1\n|-unboost|p1a: Urshifu|spd|1\n|-damage|p1a: Urshifu|37\/100|[from] ability: Rough Skin|[of] p2a: Garchomp\n|faint|p2a: Garchomp\n|\n|upkeep\n|\n|t:|1667149335\n|switch|p2a: Regieleki|Regieleki|100\/100\n|turn|16\n|\n|t:|1667149339\n|switch|p1a: Landorus|Landorus-Therian, M|88\/100\n|-damage|p1a: Landorus|76\/100|[from] Stealth Rock\n|-ability|p1a: Landorus|Intimidate|boost\n|-unboost|p2a: Regieleki|atk|1\n|move|p2a: Regieleki|Rapid Spin|p1a: Landorus\n|-damage|p1a: Landorus|69\/100\n|-boost|p2a: Regieleki|spe|1\n|-damage|p2a: Regieleki|84\/100|[from] item: Rocky Helmet|[of] p1a: Landorus\n|\n|upkeep\n|turn|17\n|\n|t:|1667149350\n|move|p2a: Regieleki|Rapid Spin|p1a: Landorus\n|-damage|p1a: Landorus|61\/100\n|-boost|p2a: Regieleki|spe|1\n|-damage|p2a: Regieleki|67\/100|[from] item: Rocky Helmet|[of] p1a: Landorus\n|move|p1a: Landorus|Earthquake|p2a: Regieleki\n|-supereffective|p2a: Regieleki\n|-damage|p2a: Regieleki|0 fnt\n|faint|p2a: Regieleki\n|\n|upkeep\n|-message|COEP forfeited.\n|\n|win|Shinjou Akane\n|raw|Shinjou Akane's rating: 1647 &rarr; <strong>1668<\/strong><br \/>(+21 for winning)\n|raw|COEP's rating: 1657 &rarr; <strong>1636<\/strong><br \/>(-21 for losing)\n|l|\u2606COEP\n","uploadtime":1667149361,"views":11,"p1id":"shinjouakane","p2id":"coep","formatid":"gen8ou","rating":1636,"private":0,"password":null}