{"id":"gen8vgc2020-1197886195","p1":"bhkg","p2":"JZJaws","format":"gen8vgc2020","log":"|j|\u2606bhkg\n|j|\u2606JZJaws\n|t:|1601845986\n|player|p1|bhkg|1|1661\n|player|p2|JZJaws|pokemaniac|1759\n|teamsize|p1|6\n|teamsize|p2|6\n|gametype|doubles\n|gen|8\n|tier|[Gen 8] VGC 2020\n|rated|\n|clearpoke\n|poke|p1|Noivern, L50, M|\n|poke|p1|Tsareena, L50, F|\n|poke|p1|Mamoswine, L50, M|\n|poke|p1|Chandelure, L50, M|\n|poke|p1|Azumarill, L50, F|\n|poke|p1|Silvally-*, L50|\n|poke|p2|Lapras, L50, M|\n|poke|p2|Comfey, L50, M|\n|poke|p2|Goodra, L50, M|\n|poke|p2|Incineroar, L50, F|\n|poke|p2|Ferrothorn, L50, M|\n|poke|p2|Milotic, L50, F|\n|rule|Species Clause: Limit one of each Pok\u00e9mon\n|rule|Item Clause: Limit one of each item\n|teampreview|4\n|\n|t:|1601846017\n|start\n|switch|p1a: Silvally|Silvally-Electric, L50|48\/48\n|switch|p1b: Mamoswine|Mamoswine, L50, M|48\/48\n|switch|p2a: fish me|Lapras, L50, M|48\/48\n|switch|p2b: Red cross|Comfey, L50, M|48\/48\n|turn|1\n|\n|t:|1601846032\n|switch|p2b: The meta\u2122|Incineroar, L50, F|48\/48\n|-ability|p2b: The meta\u2122|Intimidate|boost\n|-unboost|p1a: Silvally|atk|1\n|-unboost|p1b: Mamoswine|atk|1\n|-start|p1b: Mamoswine|Dynamax\n|-heal|p1b: Mamoswine|48\/48|[silent]\n|-start|p2a: fish me|Dynamax\n|-formechange|p2a: fish me|Lapras-Gmax\n|-heal|p2a: fish me|48\/48|[silent]\n|move|p1a: Silvally|Snarl|p2b: The meta\u2122|[spread] p2a,p2b\n|-resisted|p2b: The meta\u2122\n|-damage|p2a: fish me|46\/48\n|-damage|p2b: The meta\u2122|46\/48\n|-unboost|p2a: fish me|spa|1\n|-unboost|p2b: The meta\u2122|spa|1\n|move|p1b: Mamoswine|Max Quake|p2b: The meta\u2122\n|-supereffective|p2b: The meta\u2122\n|-damage|p2b: The meta\u2122|4\/48\n|-boost|p1a: Silvally|spd|1\n|-boost|p1b: Mamoswine|spd|1\n|-enditem|p2b: The meta\u2122|Iapapa Berry|[eat]\n|-heal|p2b: The meta\u2122|20\/48|[from] item: Iapapa Berry\n|move|p2a: fish me|G-Max Resonance|p1a: Silvally\n|-damage|p1a: Silvally|37\/48\n|-sidestart|p2: JZJaws|move: Aurora Veil\n|\n|upkeep\n|turn|2\n|\n|t:|1601846054\n|move|p1a: Silvally|Snarl|p2b: The meta\u2122|[spread] p2a,p2b\n|-resisted|p2b: The meta\u2122\n|-damage|p2a: fish me|45\/48\n|-damage|p2b: The meta\u2122|19\/48\n|-unboost|p2a: fish me|spa|1\n|-unboost|p2b: The meta\u2122|spa|1\n|move|p1b: Mamoswine|Max Quake|p2b: The meta\u2122\n|-supereffective|p2b: The meta\u2122\n|-damage|p2b: The meta\u2122|0 fnt\n|-boost|p1a: Silvally|spd|1\n|-boost|p1b: Mamoswine|spd|1\n|faint|p2b: The meta\u2122\n|move|p2a: fish me|Max Geyser|p1b: Mamoswine\n|-supereffective|p1b: Mamoswine\n|-damage|p1b: Mamoswine|39\/48\n|-weather|RainDance\n|-enditem|p1b: Mamoswine|Weakness Policy\n|-boost|p1b: Mamoswine|atk|2|[from] item: Weakness Policy\n|-boost|p1b: Mamoswine|spa|2|[from] item: Weakness Policy\n|\n|-weather|RainDance|[upkeep]\n|upkeep\n|\n|t:|1601846056\n|switch|p2b: Red cross|Comfey, L50, M|48\/48\n|turn|3\n|\n|t:|1601846062\n|move|p2b: Red cross|Giga Drain|p2a: fish me\n|-supereffective|p2a: fish me\n|-damage|p2a: fish me|41\/48\n|-enditem|p2a: fish me|Weakness Policy\n|-boost|p2a: fish me|atk|2|[from] item: Weakness Policy\n|-boost|p2a: fish me|spa|2|[from] item: Weakness Policy\n|move|p1a: Silvally|Snarl|p2a: fish me|[spread] p2a,p2b\n|-resisted|p2b: Red cross\n|-damage|p2a: fish me|40\/48\n|-damage|p2b: Red cross|47\/48\n|-unboost|p2a: fish me|spa|1\n|-unboost|p2b: Red cross|spa|1\n|move|p1b: Mamoswine|Max Quake|p2b: Red cross\n|-damage|p2b: Red cross|12\/48\n|-boost|p1a: Silvally|spd|1\n|-boost|p1b: Mamoswine|spd|1\n|move|p2a: fish me|Max Geyser|p1b: Mamoswine\n|-supereffective|p1b: Mamoswine\n|-damage|p1b: Mamoswine|26\/48\n|\n|-weather|RainDance|[upkeep]\n|-end|p1b: Mamoswine|Dynamax\n|-heal|p1b: Mamoswine|26\/48|[silent]\n|-end|p2a: fish me|Dynamax\n|-formechange|p2a: fish me|Lapras\n|-heal|p2a: fish me|40\/48|[silent]\n|upkeep\n|turn|4\n|\n|t:|1601846069\n|move|p2b: Red cross|Giga Drain|p1b: Mamoswine\n|-supereffective|p1b: Mamoswine\n|-damage|p1b: Mamoswine|21\/48\n|-heal|p2b: Red cross|15\/48|[from] drain|[of] p1b: Mamoswine\n|move|p1a: Silvally|Multi-Attack|p2a: fish me\n|-supereffective|p2a: fish me\n|-damage|p2a: fish me|27\/48\n|move|p1b: Mamoswine|Rock Slide|p2b: Red cross|[spread] p2a,p2b\n|-supereffective|p2a: fish me\n|-damage|p2a: fish me|10\/48\n|-damage|p2b: Red cross|5\/48\n|move|p2a: fish me|Hydro Pump|p1b: Mamoswine\n|-supereffective|p1b: Mamoswine\n|-damage|p1b: Mamoswine|0 fnt\n|faint|p1b: Mamoswine\n|\n|-weather|RainDance|[upkeep]\n|upkeep\n|\n|t:|1601846084\n|switch|p1b: Tsareena|Tsareena, L50, F|48\/48\n|turn|5\n|\n|t:|1601846100\n|switch|p2b: stall to win|Ferrothorn, L50, M|48\/48\n|move|p2a: fish me|Protect|p2a: fish me\n|-singleturn|p2a: fish me|Protect\n|move|p1a: Silvally|Multi-Attack|p2a: fish me\n|-activate|p2a: fish me|move: Protect\n|move|p1b: Tsareena|Power Whip|p2b: stall to win\n|-resisted|p2b: stall to win\n|-damage|p2b: stall to win|44\/48\n|-damage|p1b: Tsareena|42\/48|[from] ability: Iron Barbs|[of] p2b: stall to win\n|\n|-weather|RainDance|[upkeep]\n|-heal|p2b: stall to win|47\/48|[from] item: Leftovers\n|-sideend|p2: JZJaws|move: Aurora Veil\n|upkeep\n|turn|6\n|\n|t:|1601846113\n|switch|p2a: Red cross|Comfey, L50, M|5\/48\n|move|p1a: Silvally|Multi-Attack|p2a: Red cross\n|-damage|p2a: Red cross|0 fnt\n|faint|p2a: Red cross\n|move|p1b: Tsareena|Taunt|p2b: stall to win\n|-start|p2b: stall to win|move: Taunt\n|cant|p2b: stall to win|move: Taunt|Iron Defense\n|\n|-weather|none\n|-heal|p2b: stall to win|48\/48|[from] item: Leftovers\n|upkeep\n|\n|t:|1601846119\n|switch|p2a: fish me|Lapras, L50, M|10\/48\n|turn|7\n|\n|t:|1601846123\n|move|p2a: fish me|Protect|p2a: fish me\n|-singleturn|p2a: fish me|Protect\n|move|p1a: Silvally|Multi-Attack|p2a: fish me\n|-activate|p2a: fish me|move: Protect\n|move|p1b: Tsareena|High Jump Kick|p2b: stall to win\n|-supereffective|p2b: stall to win\n|-damage|p2b: stall to win|19\/48\n|-damage|p1b: Tsareena|36\/48|[from] ability: Iron Barbs|[of] p2b: stall to win\n|move|p2b: stall to win|Body Press|p1a: Silvally\n|-damage|p1a: Silvally|24\/48g\n|\n|-heal|p2b: stall to win|22\/48|[from] item: Leftovers\n|upkeep\n|turn|8\n|\n|t:|1601846135\n|move|p1a: Silvally|Multi-Attack|p2a: fish me\n|-supereffective|p2a: fish me\n|-damage|p2a: fish me|0 fnt\n|faint|p2a: fish me\n|move|p1b: Tsareena|High Jump Kick|p2b: stall to win\n|-supereffective|p2b: stall to win\n|-damage|p2b: stall to win|0 fnt\n|-damage|p1b: Tsareena|30\/48|[from] ability: Iron Barbs|[of] p2b: stall to win\n|faint|p2b: stall to win\n|\n|win|bhkg\n|raw|bhkg's rating: 1661 &rarr; <strong>1687<\/strong><br \/>(+26 for winning)\n|raw|JZJaws's rating: 1771 &rarr; <strong>1745<\/strong><br \/>(-26 for losing)\n","uploadtime":1601846193,"views":13,"p1id":"bhkg","p2id":"jzjaws","formatid":"gen8vgc2020","rating":1687,"private":0,"password":null}