{"id":"gen8ou-1135430383","p1":"testotesto321","p2":"roboPOKE","format":"gen8ou","log":"|j|\u2606testotesto321\n|j|\u2606roboPOKE\n|player|p1|testotesto321|bellelba|1595\n|player|p2|roboPOKE|266|1622\n|teamsize|p1|6\n|teamsize|p2|6\n|gametype|singles\n|gen|8\n|tier|[Gen 8] OU\n|rated|\n|clearpoke\n|poke|p1|Alakazam, M|\n|poke|p1|Cinderace, F|\n|poke|p1|Urshifu, F|\n|poke|p1|Hippowdon, F|\n|poke|p1|Corviknight, F|\n|poke|p1|Toxapex, F|\n|poke|p2|Starmie|\n|poke|p2|Hippowdon, M|\n|poke|p2|Urshifu, F|\n|poke|p2|Magearna|\n|poke|p2|Centiskorch, F|\n|poke|p2|Scyther, F|\n|rule|Sleep Clause Mod: Limit one foe put to sleep\n|rule|Species Clause: Limit one of each Pok\u00e9mon\n|rule|OHKO Clause: OHKO moves are banned\n|rule|Evasion Moves Clause: Evasion moves are banned\n|rule|Endless Battle Clause: Forcing endless battles is banned\n|rule|HP Percentage Mod: HP is shown in percentages\n|rule|Dynamax Clause: You cannot dynamax\n|teampreview\n|inactive|Battle timer is ON: inactive players will automatically lose when time's up. (requested by roboPOKE)\n|\n|start\n|switch|p1a: Hippowdon|Hippowdon, F|100\/100\n|switch|p2a: Hippowdon|Hippowdon, M|100\/100\n|-weather|Sandstorm|[from] ability: Sand Stream|[of] p1a: Hippowdon\n|turn|1\n|\n|move|p1a: Hippowdon|Stealth Rock|p2a: Hippowdon\n|-sidestart|p2: roboPOKE|move: Stealth Rock\n|move|p2a: Hippowdon|Stealth Rock|p1a: Hippowdon\n|-sidestart|p1: testotesto321|move: Stealth Rock\n|\n|-weather|Sandstorm|[upkeep]\n|upkeep\n|turn|2\n|\n|move|p1a: Hippowdon|Toxic|p2a: Hippowdon\n|-status|p2a: Hippowdon|tox\n|move|p2a: Hippowdon|Scorching Sands|p1a: Hippowdon\n|-damage|p1a: Hippowdon|80\/100\n|\n|-weather|Sandstorm|[upkeep]\n|-damage|p2a: Hippowdon|94\/100 tox|[from] psn\n|upkeep\n|turn|3\n|\n|move|p1a: Hippowdon|Slack Off|p1a: Hippowdon\n|-heal|p1a: Hippowdon|100\/100\n|move|p2a: Hippowdon|Whirlwind|p1a: Hippowdon\n|drag|p1a: Toxapex|Toxapex, F, shiny|100\/100\n|-damage|p1a: Toxapex|88\/100|[from] Stealth Rock\n|\n|-weather|Sandstorm|[upkeep]\n|-damage|p1a: Toxapex|82\/100|[from] Sandstorm\n|-heal|p2a: Hippowdon|100\/100 tox|[from] item: Leftovers\n|-heal|p1a: Toxapex|88\/100|[from] item: Black Sludge\n|-damage|p2a: Hippowdon|88\/100 tox|[from] psn\n|upkeep\n|turn|4\n|\n|move|p2a: Hippowdon|Scorching Sands|p1a: Toxapex\n|-supereffective|p1a: Toxapex\n|-damage|p1a: Toxapex|58\/100\n|-status|p1a: Toxapex|brn\n|move|p1a: Toxapex|Scald|p2a: Hippowdon\n|-supereffective|p2a: Hippowdon\n|-damage|p2a: Hippowdon|54\/100 tox\n|\n|-weather|Sandstorm|[upkeep]\n|-damage|p1a: Toxapex|52\/100 brn|[from] Sandstorm\n|-heal|p2a: Hippowdon|60\/100 tox|[from] item: Leftovers\n|-heal|p1a: Toxapex|58\/100 brn|[from] item: Black Sludge\n|-damage|p2a: Hippowdon|41\/100 tox|[from] psn\n|-damage|p1a: Toxapex|52\/100 brn|[from] brn\n|upkeep\n|turn|5\n|\n|move|p2a: Hippowdon|Slack Off|p2a: Hippowdon\n|-heal|p2a: Hippowdon|91\/100 tox\n|move|p1a: Toxapex|Recover|p1a: Toxapex\n|-heal|p1a: Toxapex|100\/100 brn\n|\n|-weather|none\n|-heal|p2a: Hippowdon|98\/100 tox|[from] item: Leftovers\n|-damage|p2a: Hippowdon|73\/100 tox|[from] psn\n|-damage|p1a: Toxapex|94\/100 brn|[from] brn\n|upkeep\n|turn|6\n|\n|switch|p2a: Starmie|Starmie|100\/100\n|-damage|p2a: Starmie|88\/100|[from] Stealth Rock\n|move|p1a: Toxapex|Scald|p2a: Starmie\n|-resisted|p2a: Starmie\n|-damage|p2a: Starmie|75\/100\n|\n|-heal|p1a: Toxapex|100\/100 brn|[from] item: Black Sludge\n|-damage|p1a: Toxapex|94\/100 brn|[from] brn\n|upkeep\n|turn|7\n|\n|switch|p1a: Corviknight|Corviknight, F|100\/100\n|-damage|p1a: Corviknight|88\/100|[from] Stealth Rock\n|-ability|p1a: Corviknight|Pressure\n|move|p2a: Starmie|Surf|p1a: Corviknight\n|-damage|p1a: Corviknight|28\/100\n|\n|-heal|p1a: Corviknight|34\/100|[from] item: Leftovers\n|upkeep\n|turn|8\n|\n|switch|p1a: Toxapex|Toxapex, F, shiny|100\/100 brn\n|-damage|p1a: Toxapex|88\/100 brn|[from] Stealth Rock\n|move|p2a: Starmie|Surf|p1a: Toxapex\n|-resisted|p1a: Toxapex\n|-damage|p1a: Toxapex|54\/100 brn\n|\n|-heal|p1a: Toxapex|61\/100 brn|[from] item: Black Sludge\n|-damage|p1a: Toxapex|54\/100 brn|[from] brn\n|upkeep\n|turn|9\n|\n|switch|p2a: Magearna|Magearna|100\/100\n|-damage|p2a: Magearna|94\/100|[from] Stealth Rock\n|move|p1a: Toxapex|Recover|p1a: Toxapex\n|-heal|p1a: Toxapex|100\/100 brn\n|\n|-damage|p1a: Toxapex|94\/100 brn|[from] brn\n|upkeep\n|turn|10\n|\n|switch|p1a: Cinderace|Cinderace, F|100\/100\n|move|p2a: Magearna|Thunderbolt|p1a: Cinderace\n|-damage|p1a: Cinderace|47\/100\n|\n|upkeep\n|turn|11\n|\n|move|p1a: Cinderace|Pyro Ball|p2a: Magearna\n|-supereffective|p2a: Magearna\n|-enditem|p2a: Magearna|Occa Berry|[eat]\n|-enditem|p2a: Magearna|Occa Berry|[weaken]\n|-damage|p2a: Magearna|38\/100\n|move|p2a: Magearna|Thunderbolt|p1a: Cinderace\n|-damage|p1a: Cinderace|0 fnt\n|faint|p1a: Cinderace\n|-ability|p2a: Magearna|Soul-Heart|boost\n|-boost|p2a: Magearna|spa|1\n|\n|upkeep\n|\n|switch|p1a: Urshifu|Urshifu, F|100\/100\n|-damage|p1a: Urshifu|94\/100|[from] Stealth Rock\n|turn|12\n|j| VarunR\n|\n|switch|p2a: Hippowdon|Hippowdon, M|73\/100 tox\n|-damage|p2a: Hippowdon|67\/100 tox|[from] Stealth Rock\n|-weather|Sandstorm|[from] ability: Sand Stream|[of] p2a: Hippowdon\n|move|p1a: Urshifu|Close Combat|p2a: Hippowdon\n|-damage|p2a: Hippowdon|35\/100 tox\n|-unboost|p1a: Urshifu|def|1\n|-unboost|p1a: Urshifu|spd|1\n|\n|-weather|Sandstorm|[upkeep]\n|-damage|p1a: Urshifu|88\/100|[from] Sandstorm\n|-heal|p2a: Hippowdon|41\/100 tox|[from] item: Leftovers\n|-damage|p2a: Hippowdon|35\/100 tox|[from] psn\n|upkeep\n|turn|13\n|l| VarunR\n|\n|switch|p1a: Corviknight|Corviknight, F|34\/100\n|-damage|p1a: Corviknight|21\/100|[from] Stealth Rock\n|-ability|p1a: Corviknight|Pressure\n|switch|p2a: Centiskorch|Centiskorch, F|100\/100\n|\n|-weather|Sandstorm|[upkeep]\n|-damage|p2a: Centiskorch|94\/100|[from] Sandstorm\n|-heal|p1a: Corviknight|28\/100|[from] item: Leftovers\n|upkeep\n|turn|14\n|\n|switch|p1a: Hippowdon|Hippowdon, F|100\/100\n|-damage|p1a: Hippowdon|94\/100|[from] Stealth Rock\n|move|p2a: Centiskorch|Fire Lash|p1a: Hippowdon\n|-damage|p1a: Hippowdon|74\/100\n|-unboost|p1a: Hippowdon|def|1\n|-damage|p2a: Centiskorch|78\/100|[from] item: Rocky Helmet|[of] p1a: Hippowdon\n|\n|-weather|Sandstorm|[upkeep]\n|-damage|p2a: Centiskorch|71\/100|[from] Sandstorm\n|upkeep\n|turn|15\n|\n|move|p2a: Centiskorch|Knock Off|p1a: Hippowdon\n|-crit|p1a: Hippowdon\n|-damage|p1a: Hippowdon|37\/100\n|-damage|p2a: Centiskorch|55\/100|[from] item: Rocky Helmet|[of] p1a: Hippowdon\n|-enditem|p1a: Hippowdon|Rocky Helmet|[from] move: Knock Off|[of] p2a: Centiskorch\n|move|p1a: Hippowdon|Toxic|p2a: Centiskorch\n|-status|p2a: Centiskorch|tox\n|\n|-weather|Sandstorm|[upkeep]\n|-damage|p2a: Centiskorch|49\/100 tox|[from] Sandstorm\n|-damage|p2a: Centiskorch|42\/100 tox|[from] psn\n|upkeep\n|turn|16\n|\n|switch|p1a: Toxapex|Toxapex, F, shiny|100\/100 brn\n|-damage|p1a: Toxapex|88\/100 brn|[from] Stealth Rock\n|move|p2a: Centiskorch|Rest|p2a: Centiskorch\n|-status|p2a: Centiskorch|slp|[from] move: Rest\n|-heal|p2a: Centiskorch|100\/100 slp|[silent]\n|\n|-weather|none\n|-heal|p1a: Toxapex|94\/100 brn|[from] item: Black Sludge\n|-damage|p1a: Toxapex|88\/100 brn|[from] brn\n|upkeep\n|turn|17\n|\n|switch|p1a: Alakazam|Alakazam, M|100\/100\n|cant|p2a: Centiskorch|slp\n|move|p2a: Centiskorch|Sleep Talk|p2a: Centiskorch\n|move|p2a: Centiskorch|Fire Lash|p1a: Alakazam|[from]Sleep Talk\n|-damage|p1a: Alakazam|0 fnt\n|faint|p1a: Alakazam\n|\n|upkeep\n|\n|switch|p1a: Urshifu|Urshifu, F|88\/100\n|-damage|p1a: Urshifu|82\/100|[from] Stealth Rock\n|turn|18\n|\n|switch|p2a: Urshifu|Urshifu, F|100\/100\n|-damage|p2a: Urshifu|94\/100|[from] Stealth Rock\n|move|p1a: Urshifu|Wicked Blow|p2a: Urshifu\n|-resisted|p2a: Urshifu\n|-crit|p2a: Urshifu\n|-damage|p2a: Urshifu|79\/100\n|\n|upkeep\n|turn|19\n|\n|switch|p1a: Hippowdon|Hippowdon, F|37\/100\n|-damage|p1a: Hippowdon|30\/100|[from] Stealth Rock\n|-weather|Sandstorm|[from] ability: Sand Stream|[of] p1a: Hippowdon\n|move|p2a: Urshifu|Work Up|p2a: Urshifu\n|-boost|p2a: Urshifu|atk|1\n|-boost|p2a: Urshifu|spa|1\n|\n|-weather|Sandstorm|[upkeep]\n|-damage|p2a: Urshifu|72\/100|[from] Sandstorm\n|upkeep\n|turn|20\n|\n|move|p2a: Urshifu|Wicked Blow|p1a: Hippowdon\n|-crit|p1a: Hippowdon\n|-damage|p1a: Hippowdon|0 fnt\n|-damage|p2a: Urshifu|62\/100|[from] item: Life Orb\n|faint|p1a: Hippowdon\n|\n|-weather|Sandstorm|[upkeep]\n|-damage|p2a: Urshifu|56\/100|[from] Sandstorm\n|upkeep\n|\n|switch|p1a: Urshifu|Urshifu, F|82\/100\n|-damage|p1a: Urshifu|76\/100|[from] Stealth Rock\n|turn|21\n|\n|move|p2a: Urshifu|Sucker Punch|p1a: Urshifu\n|-resisted|p1a: Urshifu\n|-damage|p1a: Urshifu|57\/100\n|-damage|p2a: Urshifu|46\/100|[from] item: Life Orb\n|move|p1a: Urshifu|Close Combat|p2a: Urshifu\n|-supereffective|p2a: Urshifu\n|-damage|p2a: Urshifu|0 fnt\n|-unboost|p1a: Urshifu|def|1\n|-unboost|p1a: Urshifu|spd|1\n|faint|p2a: Urshifu\n|\n|-weather|Sandstorm|[upkeep]\n|-damage|p1a: Urshifu|51\/100|[from] Sandstorm\n|upkeep\n|\n|switch|p2a: Scyther|Scyther, F|100\/100\n|turn|22\n|\n|switch|p1a: Corviknight|Corviknight, F|28\/100\n|-damage|p1a: Corviknight|15\/100|[from] Stealth Rock\n|-ability|p1a: Corviknight|Pressure\n|move|p2a: Scyther|Swords Dance|p2a: Scyther\n|-boost|p2a: Scyther|atk|2\n|\n|-weather|Sandstorm|[upkeep]\n|-damage|p2a: Scyther|94\/100|[from] Sandstorm\n|-heal|p1a: Corviknight|21\/100|[from] item: Leftovers\n|upkeep\n|turn|23\n|\n|move|p2a: Scyther|Dual Wingbeat|p1a: Corviknight|[miss]\n|-miss|p2a: Scyther|p1a: Corviknight\n|move|p1a: Corviknight|Brave Bird|p2a: Scyther\n|-supereffective|p2a: Scyther\n|-damage|p2a: Scyther|0 fnt\n|-damage|p1a: Corviknight|0 fnt|[from] Recoil\n|faint|p2a: Scyther\n|faint|p1a: Corviknight\n|\n|-weather|none\n|upkeep\n|\n|switch|p2a: Hippowdon|Hippowdon, M|35\/100 tox\n|switch|p1a: Urshifu|Urshifu, F|51\/100\n|-damage|p1a: Urshifu|45\/100|[from] Stealth Rock\n|-damage|p2a: Hippowdon|28\/100 tox|[from] Stealth Rock\n|-weather|Sandstorm|[from] ability: Sand Stream|[of] p2a: Hippowdon\n|turn|24\n|\n|switch|p2a: Centiskorch|Centiskorch, F|100\/100 slp\n|move|p1a: Urshifu|Wicked Blow|p2a: Centiskorch\n|-crit|p2a: Centiskorch\n|-damage|p2a: Centiskorch|27\/100 slp\n|\n|-weather|Sandstorm|[upkeep]\n|-damage|p1a: Urshifu|39\/100|[from] Sandstorm\n|-damage|p2a: Centiskorch|21\/100 slp|[from] Sandstorm\n|upkeep\n|turn|25\n|\n|move|p1a: Urshifu|Wicked Blow|p2a: Centiskorch\n|-crit|p2a: Centiskorch\n|-damage|p2a: Centiskorch|0 fnt\n|faint|p2a: Centiskorch\n|\n|-weather|Sandstorm|[upkeep]\n|-damage|p1a: Urshifu|32\/100|[from] Sandstorm\n|upkeep\n|\n|switch|p2a: Magearna|Magearna|38\/100\n|-damage|p2a: Magearna|32\/100|[from] Stealth Rock\n|turn|26\n|\n|switch|p1a: Toxapex|Toxapex, F, shiny|100\/100 brn\n|-damage|p1a: Toxapex|88\/100 brn|[from] Stealth Rock\n|move|p2a: Magearna|Thunderbolt|p1a: Toxapex\n|-supereffective|p1a: Toxapex\n|-damage|p1a: Toxapex|32\/100 brn\n|\n|-weather|Sandstorm|[upkeep]\n|-damage|p1a: Toxapex|26\/100 brn|[from] Sandstorm\n|-heal|p1a: Toxapex|32\/100 brn|[from] item: Black Sludge\n|-damage|p1a: Toxapex|26\/100 brn|[from] brn\n|upkeep\n|turn|27\n|\n|move|p2a: Magearna|Thunderbolt|p1a: Toxapex\n|-supereffective|p1a: Toxapex\n|-damage|p1a: Toxapex|0 fnt\n|faint|p1a: Toxapex\n|-ability|p2a: Magearna|Soul-Heart|boost\n|-boost|p2a: Magearna|spa|1\n|\n|-weather|Sandstorm|[upkeep]\n|upkeep\n|\n|switch|p1a: Urshifu|Urshifu, F|32\/100\n|-damage|p1a: Urshifu|26\/100|[from] Stealth Rock\n|turn|28\n|\n|move|p1a: Urshifu|Wicked Blow|p2a: Magearna\n|-resisted|p2a: Magearna\n|-crit|p2a: Magearna\n|-damage|p2a: Magearna|4\/100\n|move|p2a: Magearna|Thunderbolt|p1a: Urshifu\n|-damage|p1a: Urshifu|0 fnt\n|faint|p1a: Urshifu\n|\n|win|roboPOKE\n","uploadtime":1592572397,"views":19,"p1id":"testotesto321","p2id":"robopoke","formatid":"gen8ou","rating":0,"private":0,"password":null}