{"id":"gen8ou-1706959805","p1":"A$AP PUCK","p2":"minimax_ai","format":"gen8ou","log":"|j|\u2606A$AP PUCK\n|j|\u2606minimax_ai\n|t:|1668036480\n|gametype|singles\n|player|p1|A$AP PUCK|grimsley|1486\n|player|p2|minimax_ai|169|1483\n|teamsize|p1|6\n|teamsize|p2|6\n|gen|8\n|tier|[Gen 8] OU\n|rated|\n|rule|Sleep Clause Mod: Limit one foe put to sleep\n|rule|Species Clause: Limit one of each Pok\u00e9mon\n|rule|OHKO Clause: OHKO moves are banned\n|rule|Evasion Items Clause: Evasion items are banned\n|rule|Evasion Moves Clause: Evasion moves are banned\n|rule|Endless Battle Clause: Forcing endless battles is banned\n|rule|HP Percentage Mod: HP is shown in percentages\n|rule|Dynamax Clause: You cannot dynamax\n|clearpoke\n|poke|p1|Tyranitar, M|\n|poke|p1|Dracozolt|\n|poke|p1|Hippowdon, F|\n|poke|p1|Excadrill, F|\n|poke|p1|Volcanion|\n|poke|p1|Corviknight, M|\n|poke|p2|Rotom-Wash|\n|poke|p2|Weavile, M|\n|poke|p2|Landorus-Therian, M|\n|poke|p2|Heatran, M|\n|poke|p2|Tangrowth, M|\n|poke|p2|Melmetal|\n|teampreview\n|c|\u2606minimax_ai|hf\n|inactive|Battle timer is ON: inactive players will automatically lose when time's up. (requested by minimax_ai)\n|\n|t:|1668036497\n|start\n|switch|p1a: Hippowdon|Hippowdon, F|100\/100\n|switch|p2a: Melmetal|Melmetal|100\/100\n|-weather|Sandstorm|[from] ability: Sand Stream|[of] p1a: Hippowdon\n|turn|1\n|c|\u2606A$AP PUCK|u 2 man\n|\n|t:|1668036508\n|move|p1a: Hippowdon|Stealth Rock|p2a: Melmetal\n|-sidestart|p2: minimax_ai|move: Stealth Rock\n|move|p2a: Melmetal|Double Iron Bash|p1a: Hippowdon\n|-damage|p1a: Hippowdon|79\/100\n|-damage|p1a: Hippowdon|59\/100\n|-hitcount|p1a: Hippowdon|2\n|\n|-weather|Sandstorm|[upkeep]\n|upkeep\n|turn|2\n|\n|t:|1668036527\n|switch|p1a: Volcanion|Volcanion|100\/100\n|move|p2a: Melmetal|Double Iron Bash|p1a: Volcanion\n|-resisted|p1a: Volcanion\n|-damage|p1a: Volcanion|92\/100\n|-resisted|p1a: Volcanion\n|-damage|p1a: Volcanion|84\/100\n|-hitcount|p1a: Volcanion|2\n|\n|-weather|Sandstorm|[upkeep]\n|-damage|p1a: Volcanion|78\/100|[from] Sandstorm\n|upkeep\n|turn|3\n|\n|t:|1668036536\n|move|p1a: Volcanion|Steam Eruption|p2a: Melmetal\n|-damage|p2a: Melmetal|48\/100\n|move|p2a: Melmetal|Thunder Punch|p1a: Volcanion\n|-supereffective|p1a: Volcanion\n|-damage|p1a: Volcanion|23\/100\n|\n|-weather|Sandstorm|[upkeep]\n|-damage|p1a: Volcanion|17\/100|[from] Sandstorm\n|upkeep\n|turn|4\n|\n|t:|1668036540\n|switch|p2a: rotomwash|Rotom-Wash|100\/100\n|-damage|p2a: rotomwash|88\/100|[from] Stealth Rock\n|move|p1a: Volcanion|Steam Eruption|p2a: rotomwash\n|-resisted|p2a: rotomwash\n|-damage|p2a: rotomwash|41\/100\n|\n|-weather|Sandstorm|[upkeep]\n|-damage|p2a: rotomwash|34\/100|[from] Sandstorm\n|-damage|p1a: Volcanion|11\/100|[from] Sandstorm\n|-heal|p2a: rotomwash|41\/100|[from] item: Leftovers\n|upkeep\n|turn|5\n|\n|t:|1668036550\n|switch|p1a: Tyranitar|Tyranitar, M|100\/100\n|move|p2a: rotomwash|Thunderbolt|p1a: Tyranitar\n|-damage|p1a: Tyranitar|87\/100\n|\n|-weather|Sandstorm|[upkeep]\n|-damage|p2a: rotomwash|34\/100|[from] Sandstorm\n|-heal|p2a: rotomwash|41\/100|[from] item: Leftovers\n|upkeep\n|turn|6\n|\n|t:|1668036554\n|switch|p2a: Tangrowth|Tangrowth, M|100\/100\n|-damage|p2a: Tangrowth|88\/100|[from] Stealth Rock\n|move|p1a: Tyranitar|Stone Edge|p2a: Tangrowth\n|-crit|p2a: Tangrowth\n|-damage|p2a: Tangrowth|55\/100\n|\n|-weather|Sandstorm|[upkeep]\n|-damage|p2a: Tangrowth|49\/100|[from] Sandstorm\n|upkeep\n|turn|7\n|\n|t:|1668036561\n|move|p1a: Tyranitar|Ice Beam|p2a: Tangrowth\n|-supereffective|p2a: Tangrowth\n|-damage|p2a: Tangrowth|0 fnt\n|faint|p2a: Tangrowth\n|\n|-weather|Sandstorm|[upkeep]\n|upkeep\n|\n|t:|1668036561\n|switch|p2a: Melmetal|Melmetal|48\/100\n|-damage|p2a: Melmetal|42\/100|[from] Stealth Rock\n|turn|8\n|\n|t:|1668036572\n|switch|p1a: Corviknight|Corviknight, M|100\/100\n|-ability|p1a: Corviknight|Pressure\n|move|p2a: Melmetal|Ice Punch|p1a: Corviknight\n|-damage|p1a: Corviknight|74\/100\n|\n|-weather|none\n|-heal|p1a: Corviknight|80\/100|[from] item: Leftovers\n|upkeep\n|turn|9\n|\n|t:|1668036592\n|move|p1a: Corviknight|Roost|p1a: Corviknight\n|-heal|p1a: Corviknight|100\/100\n|-singleturn|p1a: Corviknight|move: Roost\n|move|p2a: Melmetal|Thunder Punch|p1a: Corviknight\n|-damage|p1a: Corviknight|73\/100\n|\n|-heal|p1a: Corviknight|79\/100|[from] item: Leftovers\n|upkeep\n|turn|10\n|\n|t:|1668036601\n|switch|p2a: rotomwash|Rotom-Wash|41\/100\n|-damage|p2a: rotomwash|28\/100|[from] Stealth Rock\n|move|p1a: Corviknight|U-turn|p2a: rotomwash\n|-damage|p2a: rotomwash|12\/100\n|\n|t:|1668036613\n|switch|p1a: Excadrill|Excadrill, F|100\/100|[from]move: U-turn\n|\n|-heal|p2a: rotomwash|18\/100|[from] item: Leftovers\n|upkeep\n|turn|11\n|\n|t:|1668036616\n|switch|p2a: Heatran|Heatran, M|100\/100\n|-damage|p2a: Heatran|88\/100|[from] Stealth Rock\n|-item|p2a: Heatran|Air Balloon\n|move|p1a: Excadrill|Iron Head|p2a: Heatran\n|-resisted|p2a: Heatran\n|-damage|p2a: Heatran|69\/100\n|-enditem|p2a: Heatran|Air Balloon\n|\n|upkeep\n|turn|12\n|\n|t:|1668036623\n|switch|p1a: Tyranitar|Tyranitar, M|87\/100\n|-weather|Sandstorm|[from] ability: Sand Stream|[of] p1a: Tyranitar\n|move|p2a: Heatran|Magma Storm|p1a: Tyranitar\n|-resisted|p1a: Tyranitar\n|-damage|p1a: Tyranitar|78\/100\n|-activate|p1a: Tyranitar|move: Magma Storm|[of] p2a: Heatran\n|\n|-weather|Sandstorm|[upkeep]\n|-damage|p1a: Tyranitar|66\/100|[from] move: Magma Storm|[partiallytrapped]\n|upkeep\n|turn|13\n|\n|t:|1668036627\n|move|p2a: Heatran|Stealth Rock|p1a: Tyranitar\n|-sidestart|p1: A$AP PUCK|move: Stealth Rock\n|move|p1a: Tyranitar|Stone Edge|p2a: Heatran\n|-damage|p2a: Heatran|25\/100\n|\n|-weather|Sandstorm|[upkeep]\n|-damage|p1a: Tyranitar|53\/100|[from] move: Magma Storm|[partiallytrapped]\n|upkeep\n|turn|14\n|\n|t:|1668036634\n|move|p2a: Heatran|Earth Power|p1a: Tyranitar\n|-supereffective|p1a: Tyranitar\n|-damage|p1a: Tyranitar|29\/100\n|move|p1a: Tyranitar|Stone Edge|p2a: Heatran|[miss]\n|-miss|p1a: Tyranitar|p2a: Heatran\n|\n|-weather|Sandstorm|[upkeep]\n|-damage|p1a: Tyranitar|17\/100|[from] move: Magma Storm|[partiallytrapped]\n|upkeep\n|turn|15\n|\n|t:|1668036637\n|move|p2a: Heatran|Earth Power|p1a: Tyranitar\n|-supereffective|p1a: Tyranitar\n|-damage|p1a: Tyranitar|0 fnt\n|faint|p1a: Tyranitar\n|\n|-weather|Sandstorm|[upkeep]\n|upkeep\n|\n|t:|1668036653\n|switch|p1a: Excadrill|Excadrill, F|100\/100\n|-damage|p1a: Excadrill|97\/100|[from] Stealth Rock\n|turn|16\n|\n|t:|1668036659\n|switch|p2a: landorustherian|Landorus-Therian, M|100\/100\n|-damage|p2a: landorustherian|88\/100|[from] Stealth Rock\n|-ability|p2a: landorustherian|Intimidate|boost\n|-unboost|p1a: Excadrill|atk|1\n|move|p1a: Excadrill|Brick Break|p2a: landorustherian\n|-resisted|p2a: landorustherian\n|-damage|p2a: landorustherian|74\/100\n|\n|-weather|none\n|-heal|p2a: landorustherian|80\/100|[from] item: Leftovers\n|upkeep\n|turn|17\n|\n|t:|1668036667\n|switch|p1a: Corviknight|Corviknight, M|79\/100\n|-damage|p1a: Corviknight|67\/100|[from] Stealth Rock\n|-ability|p1a: Corviknight|Pressure\n|move|p2a: landorustherian|Defog|p1a: Corviknight\n|-unboost|p1a: Corviknight|evasion|1\n|-sideend|p1: A$AP PUCK|Stealth Rock|[from] move: Defog|[of] p2a: landorustherian\n|-sideend|p2: minimax_ai|Stealth Rock|[from] move: Defog|[of] p2a: landorustherian\n|\n|-heal|p2a: landorustherian|86\/100|[from] item: Leftovers\n|-heal|p1a: Corviknight|73\/100|[from] item: Leftovers\n|upkeep\n|turn|18\n|\n|t:|1668036672\n|move|p2a: landorustherian|U-turn|p1a: Corviknight\n|-resisted|p1a: Corviknight\n|-damage|p1a: Corviknight|69\/100\n|\n|t:|1668036672\n|switch|p2a: rotomwash|Rotom-Wash|18\/100|[from]move: U-turn\n|move|p1a: Corviknight|Roost|p1a: Corviknight\n|-heal|p1a: Corviknight|100\/100\n|-singleturn|p1a: Corviknight|move: Roost\n|\n|-heal|p2a: rotomwash|25\/100|[from] item: Leftovers\n|upkeep\n|turn|19\n|\n|t:|1668036682\n|switch|p1a: Dracozolt|Dracozolt|100\/100\n|move|p2a: rotomwash|Pain Split|p1a: Dracozolt\n|-sethp|p1a: Dracozolt|62\/100|[from] move: Pain Split|[silent]\n|-sethp|p2a: rotomwash|65\/100|[from] move: Pain Split\n|\n|-heal|p2a: rotomwash|72\/100|[from] item: Leftovers\n|upkeep\n|turn|20\n|\n|t:|1668036686\n|switch|p2a: landorustherian|Landorus-Therian, M|86\/100\n|-ability|p2a: landorustherian|Intimidate|boost\n|-unboost|p1a: Dracozolt|atk|1\n|move|p1a: Dracozolt|Bolt Beak|p2a: landorustherian\n|-immune|p2a: landorustherian\n|\n|-heal|p2a: landorustherian|92\/100|[from] item: Leftovers\n|upkeep\n|turn|21\n|\n|t:|1668036692\n|switch|p1a: Hippowdon|Hippowdon, F|59\/100\n|-weather|Sandstorm|[from] ability: Sand Stream|[of] p1a: Hippowdon\n|move|p2a: landorustherian|U-turn|p1a: Hippowdon\n|-damage|p1a: Hippowdon|48\/100\n|\n|t:|1668036692\n|switch|p2a: Weavile|Weavile, M|100\/100|[from]move: U-turn\n|-ability|p2a: Weavile|Pressure\n|\n|-weather|Sandstorm|[upkeep]\n|-damage|p2a: Weavile|94\/100|[from] Sandstorm\n|upkeep\n|turn|22\n|\n|t:|1668036697\n|switch|p1a: Volcanion|Volcanion|11\/100\n|move|p2a: Weavile|Triple Axel|p1a: Volcanion\n|-resisted|p1a: Volcanion\n|-damage|p1a: Volcanion|8\/100\n|-resisted|p1a: Volcanion\n|-damage|p1a: Volcanion|3\/100\n|-resisted|p1a: Volcanion\n|-damage|p1a: Volcanion|0 fnt\n|faint|p1a: Volcanion\n|-hitcount|p1: Volcanion|3\n|\n|-weather|Sandstorm|[upkeep]\n|-damage|p2a: Weavile|88\/100|[from] Sandstorm\n|upkeep\n|\n|t:|1668036701\n|switch|p1a: Excadrill|Excadrill, F|97\/100\n|turn|23\n|\n|t:|1668036703\n|switch|p2a: rotomwash|Rotom-Wash|72\/100\n|move|p1a: Excadrill|Iron Head|p2a: rotomwash\n|-resisted|p2a: rotomwash\n|-crit|p2a: rotomwash\n|-damage|p2a: rotomwash|45\/100\n|\n|-weather|Sandstorm|[upkeep]\n|-damage|p2a: rotomwash|39\/100|[from] Sandstorm\n|-heal|p2a: rotomwash|45\/100|[from] item: Leftovers\n|upkeep\n|turn|24\n|\n|t:|1668036715\n|switch|p1a: Dracozolt|Dracozolt|62\/100\n|move|p2a: rotomwash|Hydro Pump|p1a: Dracozolt\n|-resisted|p1a: Dracozolt\n|-damage|p1a: Dracozolt|33\/100\n|\n|-weather|Sandstorm|[upkeep]\n|-damage|p2a: rotomwash|39\/100|[from] Sandstorm\n|-heal|p2a: rotomwash|45\/100|[from] item: Leftovers\n|upkeep\n|turn|25\n|\n|t:|1668036724\n|switch|p2a: landorustherian|Landorus-Therian, M|92\/100\n|-ability|p2a: landorustherian|Intimidate|boost\n|-unboost|p1a: Dracozolt|atk|1\n|move|p1a: Dracozolt|Outrage|p2a: landorustherian\n|-damage|p2a: landorustherian|42\/100\n|-damage|p1a: Dracozolt|23\/100|[from] item: Life Orb\n|\n|-weather|Sandstorm|[upkeep]\n|-heal|p2a: landorustherian|48\/100|[from] item: Leftovers\n|upkeep\n|turn|26\n|\n|t:|1668036727\n|switch|p2a: Melmetal|Melmetal|42\/100\n|move|p1a: Dracozolt|Outrage|p2a: Melmetal|[from]lockedmove\n|-resisted|p2a: Melmetal\n|-damage|p2a: Melmetal|27\/100\n|-damage|p1a: Dracozolt|13\/100|[from] item: Life Orb\n|\n|-weather|Sandstorm|[upkeep]\n|upkeep\n|turn|27\n|\n|t:|1668036731\n|switch|p2a: landorustherian|Landorus-Therian, M|48\/100\n|-ability|p2a: landorustherian|Intimidate|boost\n|-unboost|p1a: Dracozolt|atk|1\n|move|p1a: Dracozolt|Outrage|p2a: landorustherian|[from]lockedmove\n|-damage|p2a: landorustherian|12\/100\n|-damage|p1a: Dracozolt|3\/100|[from] item: Life Orb\n|-start|p1a: Dracozolt|confusion|[fatigue]\n|\n|-weather|Sandstorm|[upkeep]\n|-heal|p2a: landorustherian|18\/100|[from] item: Leftovers\n|upkeep\n|turn|28\n|\n|t:|1668036737\n|-activate|p1a: Dracozolt|confusion\n|-damage|p1a: Dracozolt|0 fnt|[from] confusion\n|faint|p1a: Dracozolt\n|move|p2a: landorustherian|Earthquake|p1: Dracozolt|[notarget]\n|-fail|p2a: landorustherian\n|\n|-weather|none\n|-heal|p2a: landorustherian|24\/100|[from] item: Leftovers\n|upkeep\n|\n|t:|1668036741\n|switch|p1a: Hippowdon|Hippowdon, F|48\/100\n|-weather|Sandstorm|[from] ability: Sand Stream|[of] p1a: Hippowdon\n|turn|29\n|\n|t:|1668036744\n|switch|p2a: rotomwash|Rotom-Wash|45\/100\n|switch|p1a: Corviknight|Corviknight, M|100\/100\n|-ability|p1a: Corviknight|Pressure\n|\n|-weather|Sandstorm|[upkeep]\n|-damage|p2a: rotomwash|39\/100|[from] Sandstorm\n|-heal|p2a: rotomwash|45\/100|[from] item: Leftovers\n|upkeep\n|turn|30\n|\n|t:|1668036751\n|switch|p1a: Hippowdon|Hippowdon, F|48\/100\n|move|p2a: rotomwash|Pain Split|p1a: Hippowdon\n|-sethp|p1a: Hippowdon|40\/100|[from] move: Pain Split|[silent]\n|-sethp|p2a: rotomwash|56\/100|[from] move: Pain Split\n|\n|-weather|Sandstorm|[upkeep]\n|-damage|p2a: rotomwash|50\/100|[from] Sandstorm\n|-heal|p2a: rotomwash|56\/100|[from] item: Leftovers\n|upkeep\n|turn|31\n|\n|t:|1668036755\n|move|p2a: rotomwash|Nasty Plot|p2a: rotomwash\n|-boost|p2a: rotomwash|spa|2\n|move|p1a: Hippowdon|Toxic|p2a: rotomwash\n|-status|p2a: rotomwash|tox\n|\n|-weather|Sandstorm|[upkeep]\n|-damage|p2a: rotomwash|50\/100 tox|[from] Sandstorm\n|-heal|p2a: rotomwash|56\/100 tox|[from] item: Leftovers\n|-damage|p2a: rotomwash|50\/100 tox|[from] psn\n|upkeep\n|turn|32\n|\n|t:|1668036761\n|switch|p1a: Corviknight|Corviknight, M|100\/100\n|-ability|p1a: Corviknight|Pressure\n|move|p2a: rotomwash|Hydro Pump|p1a: Corviknight\n|-damage|p1a: Corviknight|30\/100\n|\n|-weather|Sandstorm|[upkeep]\n|-damage|p2a: rotomwash|43\/100 tox|[from] Sandstorm\n|-heal|p2a: rotomwash|50\/100 tox|[from] item: Leftovers\n|-heal|p1a: Corviknight|36\/100|[from] item: Leftovers\n|-damage|p2a: rotomwash|37\/100 tox|[from] psn\n|upkeep\n|turn|33\n|\n|t:|1668036767\n|move|p2a: rotomwash|Hydro Pump|p1a: Corviknight\n|-damage|p1a: Corviknight|0 fnt\n|faint|p1a: Corviknight\n|\n|-weather|Sandstorm|[upkeep]\n|-damage|p2a: rotomwash|31\/100 tox|[from] Sandstorm\n|-heal|p2a: rotomwash|37\/100 tox|[from] item: Leftovers\n|-damage|p2a: rotomwash|18\/100 tox|[from] psn\n|upkeep\n|\n|t:|1668036770\n|switch|p1a: Excadrill|Excadrill, F|97\/100\n|turn|34\n|\n|t:|1668036776\n|move|p1a: Excadrill|Iron Head|p2a: rotomwash\n|-resisted|p2a: rotomwash\n|-damage|p2a: rotomwash|0 fnt\n|faint|p2a: rotomwash\n|\n|-weather|Sandstorm|[upkeep]\n|upkeep\n|\n|t:|1668036776\n|switch|p2a: Heatran|Heatran, M|25\/100\n|turn|35\n|\n|t:|1668036782\n|move|p1a: Excadrill|Iron Head|p2a: Heatran\n|-resisted|p2a: Heatran\n|-damage|p2a: Heatran|7\/100\n|move|p2a: Heatran|Magma Storm|p1a: Excadrill\n|-supereffective|p1a: Excadrill\n|-damage|p1a: Excadrill|0 fnt\n|faint|p1a: Excadrill\n|\n|-weather|Sandstorm|[upkeep]\n|upkeep\n|\n|t:|1668036785\n|switch|p1a: Hippowdon|Hippowdon, F|40\/100\n|turn|36\n|-message|A$AP PUCK forfeited.\n|\n|win|minimax_ai\n|raw|A$AP PUCK's rating: 1486 &rarr; <strong>1466<\/strong><br \/>(-20 for losing)\n|raw|minimax_ai's rating: 1483 &rarr; <strong>1503<\/strong><br \/>(+20 for winning)\n|c|\u2606minimax_ai|gg\n|l|\u2606A$AP PUCK\n","uploadtime":1668036791,"views":4,"p1id":"aappuck","p2id":"minimaxai","formatid":"gen8ou","rating":1466,"private":0,"password":null}