{"id":"gen8ou-1699367545","p1":"craw meat","p2":"rooopos","format":"gen8ou","log":"|j|\u2606craw meat\n|j|\u2606rooopos\n|t:|1667231427\n|gametype|singles\n|player|p1|craw meat|sisandbro|1647\n|player|p2|rooopos|2|1669\n|teamsize|p1|6\n|teamsize|p2|6\n|gen|8\n|tier|[Gen 8] OU\n|rated|\n|rule|Sleep Clause Mod: Limit one foe put to sleep\n|rule|Species Clause: Limit one of each Pok\u00e9mon\n|rule|OHKO Clause: OHKO moves are banned\n|rule|Evasion Items Clause: Evasion items are banned\n|rule|Evasion Moves Clause: Evasion moves are banned\n|rule|Endless Battle Clause: Forcing endless battles is banned\n|rule|HP Percentage Mod: HP is shown in percentages\n|rule|Dynamax Clause: You cannot dynamax\n|clearpoke\n|poke|p1|Rillaboom, M|\n|poke|p1|Hawlucha, F|\n|poke|p1|Weavile, F|\n|poke|p1|Crawdaunt, M|\n|poke|p1|Kartana|\n|poke|p1|Bisharp, F|\n|poke|p2|Dragapult, M|\n|poke|p2|Urshifu-*, M|\n|poke|p2|Tapu Lele|\n|poke|p2|Landorus-Therian, M|\n|poke|p2|Zapdos|\n|poke|p2|Melmetal|\n|teampreview\n|inactive|Battle timer is ON: inactive players will automatically lose when time's up. (requested by rooopos)\n|\n|t:|1667231440\n|start\n|switch|p1a: Arnold|Bisharp, F|100\/100\n|switch|p2a: Zapdos|Zapdos|100\/100\n|turn|1\n|\n|t:|1667231443\n|move|p2a: Zapdos|Heat Wave|p1a: Arnold\n|-supereffective|p1a: Arnold\n|-enditem|p1a: Arnold|Focus Sash\n|-damage|p1a: Arnold|1\/100\n|move|p1a: Arnold|Beat Up|p2a: Zapdos\n|-damage|p2a: Zapdos|88\/100\n|-damage|p2a: Zapdos|79\/100\n|-damage|p2a: Zapdos|67\/100\n|-damage|p2a: Zapdos|56\/100\n|-damage|p2a: Zapdos|40\/100\n|-damage|p2a: Zapdos|29\/100\n|-hitcount|p2a: Zapdos|6\n|\n|upkeep\n|turn|2\n|\n|t:|1667231455\n|switch|p2a: Urshifu|Urshifu-Rapid-Strike, M|100\/100\n|move|p1a: Arnold|Sucker Punch||[still]\n|-fail|p1a: Arnold\n|\n|upkeep\n|turn|3\n|\n|t:|1667231459\n|switch|p1a: Bubba|Rillaboom, M|100\/100\n|-fieldstart|move: Grassy Terrain|[from] ability: Grassy Surge|[of] p1a: Bubba\n|move|p2a: Urshifu|U-turn|p1a: Bubba\n|-supereffective|p1a: Bubba\n|-damage|p1a: Bubba|22\/100\n|\n|t:|1667231462\n|switch|p2a: Dragapult|Dragapult, M|100\/100|[from]move: U-turn\n|\n|-heal|p1a: Bubba|29\/100|[from] Grassy Terrain\n|upkeep\n|turn|4\n|\n|t:|1667231469\n|switch|p1a: Arnold|Bisharp, F|1\/100\n|move|p2a: Dragapult|Shadow Ball|p1a: Arnold\n|-resisted|p1a: Arnold\n|-damage|p1a: Arnold|0 fnt\n|faint|p1a: Arnold\n|\n|upkeep\n|\n|t:|1667231473\n|switch|p1a: Donnie|Weavile, F|100\/100\n|-ability|p1a: Donnie|Pressure\n|turn|5\n|\n|t:|1667231476\n|switch|p2a: Melmetal|Melmetal|100\/100\n|move|p1a: Donnie|Swords Dance|p1a: Donnie\n|-boost|p1a: Donnie|atk|2\n|\n|upkeep\n|turn|6\n|\n|t:|1667231478\n|move|p1a: Donnie|Knock Off|p2a: Melmetal\n|-damage|p2a: Melmetal|28\/100\n|-enditem|p2a: Melmetal|Leftovers|[from] move: Knock Off|[of] p1a: Donnie\n|-damage|p1a: Donnie|91\/100|[from] item: Life Orb\n|move|p2a: Melmetal|Double Iron Bash|p1a: Donnie\n|-supereffective|p1a: Donnie\n|-damage|p1a: Donnie|0 fnt\n|faint|p1a: Donnie\n|-hitcount|p1: Donnie|1\n|\n|-heal|p2a: Melmetal|35\/100|[from] Grassy Terrain\n|upkeep\n|\n|t:|1667231481\n|switch|p1a: Jimmy|Kartana|100\/100\n|turn|7\n|\n|t:|1667231486\n|switch|p2a: Landorus|Landorus-Therian, M|100\/100\n|-ability|p2a: Landorus|Intimidate|boost\n|-unboost|p1a: Jimmy|atk|1\n|move|p1a: Jimmy|Swords Dance|p1a: Jimmy\n|-boost|p1a: Jimmy|atk|2\n|\n|-fieldend|move: Grassy Terrain\n|upkeep\n|turn|8\n|\n|t:|1667231489\n|move|p1a: Jimmy|Swords Dance|p1a: Jimmy\n|-boost|p1a: Jimmy|atk|2\n|move|p2a: Landorus|Stealth Rock|p1a: Jimmy\n|-sidestart|p1: craw meat|move: Stealth Rock\n|\n|upkeep\n|turn|9\n|\n|t:|1667231491\n|move|p1a: Jimmy|Leaf Blade|p2a: Landorus\n|-damage|p2a: Landorus|0 fnt\n|faint|p2a: Landorus\n|-ability|p1a: Jimmy|Beast Boost|boost\n|-boost|p1a: Jimmy|spe|1\n|\n|upkeep\n|\n|t:|1667231497\n|switch|p2a: Dragapult|Dragapult, M|100\/100\n|turn|10\n|\n|t:|1667231502\n|move|p1a: Jimmy|Knock Off|p2a: Dragapult\n|-supereffective|p2a: Dragapult\n|-damage|p2a: Dragapult|0 fnt\n|-enditem|p2a: Dragapult|Choice Specs|[from] move: Knock Off|[of] p1a: Jimmy\n|faint|p2a: Dragapult\n|-ability|p1a: Jimmy|Beast Boost|boost\n|-boost|p1a: Jimmy|spe|1\n|\n|upkeep\n|\n|t:|1667231506\n|switch|p2a: Urshifu|Urshifu-Rapid-Strike, M|100\/100\n|turn|11\n|\n|t:|1667231509\n|switch|p2a: Zapdos|Zapdos|29\/100\n|move|p1a: Jimmy|Leaf Blade|p2a: Zapdos\n|-resisted|p2a: Zapdos\n|-damage|p2a: Zapdos|0 fnt\n|faint|p2a: Zapdos\n|-ability|p1a: Jimmy|Beast Boost|boost\n|-boost|p1a: Jimmy|spe|1\n|\n|upkeep\n|\n|t:|1667231512\n|switch|p2a: Tapu Lele|Tapu Lele|100\/100\n|-fieldstart|move: Psychic Terrain|[from] ability: Psychic Surge|[of] p2a: Tapu Lele\n|turn|12\n|\n|t:|1667231514\n|move|p1a: Jimmy|Leaf Blade|p2a: Tapu Lele\n|-damage|p2a: Tapu Lele|0 fnt\n|faint|p2a: Tapu Lele\n|-ability|p1a: Jimmy|Beast Boost|boost\n|-boost|p1a: Jimmy|spe|1\n|\n|upkeep\n|\n|t:|1667231517\n|switch|p2a: Melmetal|Melmetal|35\/100\n|turn|13\n|\n|t:|1667231519\n|move|p1a: Jimmy|Sacred Sword|p2a: Melmetal\n|-supereffective|p2a: Melmetal\n|-damage|p2a: Melmetal|0 fnt\n|faint|p2a: Melmetal\n|-ability|p1a: Jimmy|Beast Boost|boost\n|-boost|p1a: Jimmy|spe|1\n|\n|upkeep\n|\n|t:|1667231521\n|switch|p2a: Urshifu|Urshifu-Rapid-Strike, M|100\/100\n|turn|14\n|\n|t:|1667231522\n|move|p1a: Jimmy|Leaf Blade|p2a: Urshifu\n|-supereffective|p2a: Urshifu\n|-damage|p2a: Urshifu|0 fnt\n|faint|p2a: Urshifu\n|\n|win|craw meat\n|raw|craw meat's rating: 1647 &rarr; <strong>1668<\/strong><br \/>(+21 for winning)\n|raw|rooopos's rating: 1669 &rarr; <strong>1648<\/strong><br \/>(-21 for losing)\n","uploadtime":1667231527,"views":10,"p1id":"crawmeat","p2id":"rooopos","formatid":"gen8ou","rating":1648,"private":0,"password":null}