{"id":"gen8ou-1634435254","p1":"fil41c","p2":"jeandonis02","format":"gen8ou","log":"|j|\u2606fil41c\n|j|\u2606jeandonis02\n|t:|1659899947\n|gametype|singles\n|player|p1|fil41c|fisherman|1538\n|player|p2|jeandonis02|lucas|1558\n|teamsize|p1|6\n|teamsize|p2|6\n|gen|8\n|tier|[Gen 8] OU\n|rated|\n|rule|Sleep Clause Mod: Limit one foe put to sleep\n|rule|Species Clause: Limit one of each Pok\u00e9mon\n|rule|OHKO Clause: OHKO moves are banned\n|rule|Evasion Items Clause: Evasion items are banned\n|rule|Evasion Moves Clause: Evasion moves are banned\n|rule|Endless Battle Clause: Forcing endless battles is banned\n|rule|HP Percentage Mod: HP is shown in percentages\n|rule|Dynamax Clause: You cannot dynamax\n|clearpoke\n|poke|p1|Blissey, F|\n|poke|p1|Toxapex, F|\n|poke|p1|Corviknight, F|\n|poke|p1|Clefable, F|\n|poke|p1|Dragonite, M|\n|poke|p1|Shedinja|\n|poke|p2|Zeraora|\n|poke|p2|Toxapex, M|\n|poke|p2|Garchomp, M|\n|poke|p2|Rotom-Wash|\n|poke|p2|Ferrothorn, F|\n|poke|p2|Charizard, F|\n|teampreview\n|inactive|Battle timer is ON: inactive players will automatically lose when time's up. (requested by fil41c)\n|\n|t:|1659899959\n|start\n|switch|p1a: Toxapex|Toxapex, F|100\/100\n|switch|p2a: Zeraora|Zeraora|100\/100\n|turn|1\n|\n|t:|1659899962\n|move|p2a: Zeraora|Knock Off|p1a: Toxapex\n|-damage|p1a: Toxapex|83\/100\n|-enditem|p1a: Toxapex|Shed Shell|[from] move: Knock Off|[of] p2a: Zeraora\n|move|p1a: Toxapex|Toxic|p2a: Zeraora\n|-status|p2a: Zeraora|tox\n|\n|-damage|p2a: Zeraora|95\/100 tox|[from] psn\n|upkeep\n|turn|2\n|\n|t:|1659899969\n|switch|p2a: Rotom|Rotom-Wash|100\/100\n|switch|p1a: Clefable|Clefable, F|100\/100\n|\n|upkeep\n|turn|3\n|\n|t:|1659899973\n|switch|p1a: Blissey|Blissey, F|100\/100\n|move|p2a: Rotom|Volt Switch|p1a: Blissey\n|-damage|p1a: Blissey|91\/100\n|\n|t:|1659899976\n|switch|p2a: Ferrothorn|Ferrothorn, F|100\/100|[from]move: Volt Switch\n|\n|upkeep\n|turn|4\n|\n|t:|1659899983\n|switch|p1a: Corviknight|Corviknight, F|100\/100\n|-ability|p1a: Corviknight|Pressure\n|move|p2a: Ferrothorn|Stealth Rock|p1a: Corviknight\n|-sidestart|p1: fil41c|move: Stealth Rock\n|\n|upkeep\n|turn|5\n|\n|t:|1659899988\n|move|p1a: Corviknight|Defog|p2a: Ferrothorn\n|-unboost|p2a: Ferrothorn|evasion|1\n|-sideend|p1: fil41c|Stealth Rock|[from] move: Defog|[of] p1a: Corviknight\n|move|p2a: Ferrothorn|Thunder Wave|p1a: Corviknight\n|-status|p1a: Corviknight|par\n|\n|upkeep\n|turn|6\n|\n|t:|1659899996\n|move|p1a: Corviknight|Iron Defense|p1a: Corviknight\n|-boost|p1a: Corviknight|def|2\n|move|p2a: Ferrothorn|Leech Seed|p1a: Corviknight\n|-start|p1a: Corviknight|move: Leech Seed\n|\n|-damage|p1a: Corviknight|88\/100 par|[from] Leech Seed|[of] p2a: Ferrothorn\n|upkeep\n|turn|7\n|\n|t:|1659899999\n|switch|p1a: Blissey|Blissey, F|91\/100\n|switch|p2a: Toxapex|Toxapex, M|100\/100\n|\n|upkeep\n|turn|8\n|\n|t:|1659900008\n|switch|p1a: Toxapex|Toxapex, F|100\/100\n|switch|p2a: Ferrothorn|Ferrothorn, F|100\/100\n|\n|upkeep\n|turn|9\n|\n|t:|1659900016\n|switch|p1a: Blissey|Blissey, F|91\/100\n|move|p2a: Ferrothorn|Thunder Wave|p1a: Blissey\n|-status|p1a: Blissey|par\n|\n|upkeep\n|turn|10\n|\n|t:|1659900020\n|cant|p1a: Blissey|par\n|move|p2a: Ferrothorn|Stealth Rock|p1a: Blissey\n|-sidestart|p1: fil41c|move: Stealth Rock\n|\n|upkeep\n|turn|11\n|\n|t:|1659900024\n|switch|p2a: Garchomp|Garchomp, M|100\/100\n|move|p1a: Blissey|Stealth Rock|p2a: Garchomp\n|-sidestart|p2: jeandonis02|move: Stealth Rock\n|\n|upkeep\n|turn|12\n|\n|t:|1659900030\n|-curestatus|p1a: Blissey|par|[from] ability: Natural Cure\n|switch|p1a: Clefable|Clefable, F|100\/100\n|-damage|p1a: Clefable|88\/100|[from] Stealth Rock\n|move|p2a: Garchomp|Fire Fang|p1a: Clefable\n|-damage|p1a: Clefable|63\/100\n|\n|-heal|p1a: Clefable|70\/100|[from] item: Leftovers\n|upkeep\n|turn|13\n|\n|t:|1659900035\n|switch|p2a: Ferrothorn|Ferrothorn, F|100\/100\n|-damage|p2a: Ferrothorn|94\/100|[from] Stealth Rock\n|move|p1a: Clefable|Aromatherapy|p1a: Clefable\n|-activate|p1a: Clefable|move: Aromatherapy\n|-curestatus|p1: Corviknight|par|[msg]\n|\n|-heal|p1a: Clefable|76\/100|[from] item: Leftovers\n|upkeep\n|turn|14\n|\n|t:|1659900041\n|switch|p1a: Blissey|Blissey, F|91\/100\n|move|p2a: Ferrothorn|Leech Seed|p1a: Blissey\n|-start|p1a: Blissey|move: Leech Seed\n|\n|-damage|p1a: Blissey|78\/100|[from] Leech Seed|[of] p2a: Ferrothorn\n|-heal|p2a: Ferrothorn|100\/100|[silent]\n|upkeep\n|turn|15\n|\n|t:|1659900049\n|move|p1a: Blissey|Soft-Boiled|p1a: Blissey\n|-heal|p1a: Blissey|100\/100\n|move|p2a: Ferrothorn|Thunder Wave|p1a: Blissey\n|-status|p1a: Blissey|par\n|\n|-damage|p1a: Blissey|88\/100 par|[from] Leech Seed|[of] p2a: Ferrothorn\n|upkeep\n|turn|16\n|\n|t:|1659900054\n|switch|p2a: Garchomp|Garchomp, M|100\/100\n|-damage|p2a: Garchomp|94\/100|[from] Stealth Rock\n|move|p1a: Blissey|Teleport|p1a: Blissey\n|\n|t:|1659900059\n|-curestatus|p1a: Blissey|par|[from] ability: Natural Cure\n|switch|p1a: Clefable|Clefable, F|76\/100|[from]move: Teleport\n|-damage|p1a: Clefable|63\/100|[from] Stealth Rock\n|\n|-heal|p1a: Clefable|69\/100|[from] item: Leftovers\n|upkeep\n|turn|17\n|\n|t:|1659900060\n|move|p2a: Garchomp|Iron Head|p1a: Clefable\n|-supereffective|p1a: Clefable\n|-damage|p1a: Clefable|7\/100\n|move|p1a: Clefable|Soft-Boiled|p1a: Clefable\n|-heal|p1a: Clefable|57\/100\n|\n|-heal|p1a: Clefable|63\/100|[from] item: Leftovers\n|upkeep\n|turn|18\n|\n|t:|1659900079\n|switch|p2a: Ferrothorn|Ferrothorn, F|100\/100\n|-damage|p2a: Ferrothorn|94\/100|[from] Stealth Rock\n|switch|p1a: Dragonite|Dragonite, M|100\/100\n|\n|upkeep\n|turn|19\n|\n|t:|1659900085\n|switch|p1a: Clefable|Clefable, F|63\/100\n|-damage|p1a: Clefable|51\/100|[from] Stealth Rock\n|move|p2a: Ferrothorn|Leech Seed|p1a: Clefable\n|-start|p1a: Clefable|move: Leech Seed\n|\n|-heal|p1a: Clefable|57\/100|[from] item: Leftovers\n|-damage|p1a: Clefable|45\/100|[from] Leech Seed|[of] p2a: Ferrothorn\n|-heal|p2a: Ferrothorn|100\/100|[silent]\n|upkeep\n|turn|20\n|\n|t:|1659900089\n|move|p1a: Clefable|Soft-Boiled|p1a: Clefable\n|-heal|p1a: Clefable|95\/100\n|move|p2a: Ferrothorn|Gyro Ball|p1a: Clefable\n|-supereffective|p1a: Clefable\n|-damage|p1a: Clefable|44\/100\n|\n|-heal|p1a: Clefable|50\/100|[from] item: Leftovers\n|-damage|p1a: Clefable|38\/100|[from] Leech Seed|[of] p2a: Ferrothorn\n|upkeep\n|turn|21\n|\n|t:|1659900101\n|switch|p1a: Toxapex|Toxapex, F|100\/100\n|-damage|p1a: Toxapex|88\/100|[from] Stealth Rock\n|move|p2a: Ferrothorn|Gyro Ball|p1a: Toxapex\n|-resisted|p1a: Toxapex\n|-crit|p1a: Toxapex\n|-damage|p1a: Toxapex|82\/100\n|\n|upkeep\n|turn|22\n|\n|t:|1659900104\n|move|p1a: Toxapex|Scald|p2a: Ferrothorn\n|-resisted|p2a: Ferrothorn\n|-damage|p2a: Ferrothorn|93\/100\n|move|p2a: Ferrothorn|Thunder Wave|p1a: Toxapex\n|-status|p1a: Toxapex|par\n|\n|upkeep\n|turn|23\n|\n|t:|1659900111\n|move|p2a: Ferrothorn|Leech Seed|p1a: Toxapex\n|-start|p1a: Toxapex|move: Leech Seed\n|move|p1a: Toxapex|Scald|p2a: Ferrothorn\n|-resisted|p2a: Ferrothorn\n|-damage|p2a: Ferrothorn|86\/100\n|\n|-damage|p1a: Toxapex|70\/100 par|[from] Leech Seed|[of] p2a: Ferrothorn\n|-heal|p2a: Ferrothorn|97\/100|[silent]\n|upkeep\n|turn|24\n|\n|t:|1659900114\n|switch|p2a: Zeraora|Zeraora|95\/100 tox\n|-damage|p2a: Zeraora|82\/100 tox|[from] Stealth Rock\n|switch|p1a: Dragonite|Dragonite, M|100\/100\n|\n|-damage|p2a: Zeraora|76\/100 tox|[from] psn\n|upkeep\n|turn|25\n|\n|t:|1659900119\n|switch|p1a: Toxapex|Toxapex, F|100\/100 par\n|-damage|p1a: Toxapex|88\/100 par|[from] Stealth Rock\n|move|p2a: Zeraora|Knock Off|p1a: Toxapex\n|-damage|p1a: Toxapex|76\/100 par\n|\n|-damage|p2a: Zeraora|64\/100 tox|[from] psn\n|upkeep\n|turn|26\n|\n|t:|1659900126\n|switch|p1a: Dragonite|Dragonite, M|100\/100\n|move|p2a: Zeraora|Plasma Fists|p1a: Dragonite\n|-damage|p1a: Dragonite|76\/100\n|-fieldactivate|move: Ion Deluge\n|-hint|Normal-type moves become Electric-type after using Plasma Fists.\n|\n|-damage|p2a: Zeraora|46\/100 tox|[from] psn\n|upkeep\n|turn|27\n|\n|t:|1659900135\n|switch|p2a: Ferrothorn|Ferrothorn, F|97\/100\n|-damage|p2a: Ferrothorn|91\/100|[from] Stealth Rock\n|switch|p1a: Shedinja|Shedinja|100\/100\n|\n|upkeep\n|turn|28\n|\n|t:|1659900144\n|move|p1a: Shedinja|Protect|p1a: Shedinja\n|-singleturn|p1a: Shedinja|Protect\n|move|p2a: Ferrothorn|Leech Seed|p1a: Shedinja\n|-activate|p1a: Shedinja|move: Protect\n|\n|upkeep\n|turn|29\n|\n|t:|1659900155\n|switch|p1a: Toxapex|Toxapex, F|100\/100 par\n|-damage|p1a: Toxapex|88\/100 par|[from] Stealth Rock\n|move|p2a: Ferrothorn|Leech Seed|p1a: Toxapex\n|-start|p1a: Toxapex|move: Leech Seed\n|\n|-damage|p1a: Toxapex|75\/100 par|[from] Leech Seed|[of] p2a: Ferrothorn\n|-heal|p2a: Ferrothorn|100\/100|[silent]\n|upkeep\n|turn|30\n|\n|t:|1659900157\n|switch|p2a: Rotom|Rotom-Wash|100\/100\n|-damage|p2a: Rotom|88\/100|[from] Stealth Rock\n|move|p1a: Toxapex|Scald|p2a: Rotom\n|-resisted|p2a: Rotom\n|-damage|p2a: Rotom|81\/100\n|\n|-heal|p2a: Rotom|87\/100|[from] item: Leftovers\n|-damage|p1a: Toxapex|63\/100 par|[from] Leech Seed|[of] p2a: Rotom\n|-heal|p2a: Rotom|99\/100|[silent]\n|upkeep\n|turn|31\n|\n|t:|1659900160\n|switch|p1a: Blissey|Blissey, F|88\/100\n|move|p2a: Rotom|Volt Switch|p1a: Blissey\n|-damage|p1a: Blissey|79\/100\n|\n|t:|1659900162\n|switch|p2a: Garchomp|Garchomp, M|94\/100|[from]move: Volt Switch\n|-damage|p2a: Garchomp|88\/100|[from] Stealth Rock\n|\n|upkeep\n|turn|32\n|\n|t:|1659900170\n|switch|p1a: Dragonite|Dragonite, M|76\/100\n|move|p2a: Garchomp|Outrage|p1a: Dragonite\n|-supereffective|p1a: Dragonite\n|-damage|p1a: Dragonite|0 fnt\n|faint|p1a: Dragonite\n|\n|upkeep\n|\n|t:|1659900175\n|switch|p1a: Clefable|Clefable, F|38\/100\n|-damage|p1a: Clefable|26\/100|[from] Stealth Rock\n|turn|33\n|\n|t:|1659900177\n|move|p2a: Garchomp|Outrage|p1a: Clefable|[from]lockedmove\n|-immune|p1a: Clefable\n|-start|p2a: Garchomp|confusion|[fatigue]\n|move|p1a: Clefable|Soft-Boiled|p1a: Clefable\n|-heal|p1a: Clefable|76\/100\n|\n|-heal|p1a: Clefable|82\/100|[from] item: Leftovers\n|upkeep\n|turn|34\n|\n|t:|1659900182\n|switch|p2a: Ferrothorn|Ferrothorn, F|100\/100\n|-damage|p2a: Ferrothorn|94\/100|[from] Stealth Rock\n|move|p1a: Clefable|Moonblast|p2a: Ferrothorn\n|-resisted|p2a: Ferrothorn\n|-damage|p2a: Ferrothorn|81\/100\n|\n|-heal|p1a: Clefable|88\/100|[from] item: Leftovers\n|upkeep\n|turn|35\n|\n|t:|1659900189\n|switch|p1a: Toxapex|Toxapex, F|96\/100 par\n|-damage|p1a: Toxapex|84\/100 par|[from] Stealth Rock\n|move|p2a: Ferrothorn|Gyro Ball|p1a: Toxapex\n|-resisted|p1a: Toxapex\n|-damage|p1a: Toxapex|81\/100 par\n|\n|upkeep\n|turn|36\n|\n|t:|1659900192\n|move|p2a: Ferrothorn|Leech Seed|p1a: Toxapex\n|-start|p1a: Toxapex|move: Leech Seed\n|move|p1a: Toxapex|Scald|p2a: Ferrothorn\n|-resisted|p2a: Ferrothorn\n|-damage|p2a: Ferrothorn|74\/100\n|\n|-damage|p1a: Toxapex|69\/100 par|[from] Leech Seed|[of] p2a: Ferrothorn\n|-heal|p2a: Ferrothorn|85\/100|[silent]\n|upkeep\n|turn|37\n|\n|t:|1659900195\n|switch|p2a: Rotom|Rotom-Wash|99\/100\n|-damage|p2a: Rotom|87\/100|[from] Stealth Rock\n|move|p1a: Toxapex|Knock Off|p2a: Rotom\n|-damage|p2a: Rotom|74\/100\n|-enditem|p2a: Rotom|Leftovers|[from] move: Knock Off|[of] p1a: Toxapex\n|\n|-damage|p1a: Toxapex|56\/100 par|[from] Leech Seed|[of] p2a: Rotom\n|-heal|p2a: Rotom|86\/100|[silent]\n|upkeep\n|turn|38\n|\n|t:|1659900199\n|switch|p1a: Shedinja|Shedinja|100\/100\n|move|p2a: Rotom|Volt Switch|p1a: Shedinja\n|-immune|p1a: Shedinja|[from] ability: Wonder Guard\n|\n|upkeep\n|turn|39\n|\n|t:|1659900203\n|move|p1a: Shedinja|Protect|p1a: Shedinja\n|-singleturn|p1a: Shedinja|Protect\n|move|p2a: Rotom|Will-O-Wisp|p1a: Shedinja\n|-activate|p1a: Shedinja|move: Protect\n|\n|upkeep\n|turn|40\n|\n|t:|1659900207\n|switch|p1a: Blissey|Blissey, F|79\/100\n|move|p2a: Rotom|Volt Switch|p1a: Blissey\n|-damage|p1a: Blissey|69\/100\n|\n|t:|1659900210\n|switch|p2a: Garchomp|Garchomp, M|88\/100|[from]move: Volt Switch\n|-damage|p2a: Garchomp|82\/100|[from] Stealth Rock\n|\n|upkeep\n|turn|41\n|\n|t:|1659900218\n|switch|p1a: Corviknight|Corviknight, F|88\/100\n|-damage|p1a: Corviknight|75\/100|[from] Stealth Rock\n|-ability|p1a: Corviknight|Pressure\n|move|p2a: Garchomp|Fire Fang|p1a: Corviknight\n|-supereffective|p1a: Corviknight\n|-damage|p1a: Corviknight|35\/100\n|\n|-heal|p1a: Corviknight|42\/100|[from] item: Leftovers\n|upkeep\n|turn|42\n|\n|t:|1659900224\n|switch|p2a: Rotom|Rotom-Wash|86\/100\n|-damage|p2a: Rotom|74\/100|[from] Stealth Rock\n|move|p1a: Corviknight|Roost|p1a: Corviknight\n|-heal|p1a: Corviknight|92\/100\n|-singleturn|p1a: Corviknight|move: Roost\n|\n|-heal|p1a: Corviknight|98\/100|[from] item: Leftovers\n|upkeep\n|turn|43\n|\n|t:|1659900229\n|switch|p1a: Shedinja|Shedinja|100\/100\n|move|p2a: Rotom|Will-O-Wisp|p1a: Shedinja\n|-status|p1a: Shedinja|brn\n|\n|-damage|p1a: Shedinja|0 fnt|[from] brn\n|faint|p1a: Shedinja\n|upkeep\n|\n|t:|1659900232\n|switch|p1a: Blissey|Blissey, F|69\/100\n|turn|44\n|\n|t:|1659900235\n|move|p2a: Rotom|Volt Switch|p1a: Blissey\n|-damage|p1a: Blissey|59\/100\n|\n|t:|1659900236\n|switch|p2a: Ferrothorn|Ferrothorn, F|85\/100|[from]move: Volt Switch\n|-damage|p2a: Ferrothorn|78\/100|[from] Stealth Rock\n|move|p1a: Blissey|Soft-Boiled|p1a: Blissey\n|-heal|p1a: Blissey|100\/100\n|\n|upkeep\n|turn|45\n|\n|t:|1659900244\n|switch|p1a: Toxapex|Toxapex, F|90\/100 par\n|-damage|p1a: Toxapex|77\/100 par|[from] Stealth Rock\n|move|p2a: Ferrothorn|Thunder Wave|p1a: Toxapex|[miss]\n|-miss|p2a: Ferrothorn|p1a: Toxapex\n|\n|upkeep\n|turn|46\n|\n|t:|1659900252\n|switch|p1a: Blissey|Blissey, F|100\/100\n|move|p2a: Ferrothorn|Leech Seed|p1a: Blissey\n|-start|p1a: Blissey|move: Leech Seed\n|\n|-damage|p1a: Blissey|88\/100|[from] Leech Seed|[of] p2a: Ferrothorn\n|-heal|p2a: Ferrothorn|100\/100|[silent]\n|upkeep\n|turn|47\n|\n|t:|1659900255\n|switch|p1a: Toxapex|Toxapex, F|100\/100 par\n|-damage|p1a: Toxapex|88\/100 par|[from] Stealth Rock\n|switch|p2a: Garchomp|Garchomp, M|82\/100\n|-damage|p2a: Garchomp|76\/100|[from] Stealth Rock\n|\n|upkeep\n|turn|48\n|\n|t:|1659900263\n|move|p2a: Garchomp|Earthquake|p1a: Toxapex\n|-supereffective|p1a: Toxapex\n|-damage|p1a: Toxapex|0 fnt\n|faint|p1a: Toxapex\n|\n|upkeep\n|-message|fil41c forfeited.\n|\n|win|jeandonis02\n|raw|fil41c's rating: 1538 &rarr; <strong>1519<\/strong><br \/>(-19 for losing)\n|raw|jeandonis02's rating: 1558 &rarr; <strong>1577<\/strong><br \/>(+19 for winning)\n|l|\u2606fil41c\n|c|\u2606jeandonis02|Gg\n||Ladder isn't responding, score probably updated but might not have (Request timeout).\n","uploadtime":1659900272,"views":41,"p1id":"fil41c","p2id":"jeandonis02","formatid":"gen8ou","rating":1519,"private":0,"password":null}