{"id":"gen8customgame-1691853894","p1":"Danganronpa Stan","p2":"Elon Musk Rusk","format":"gen8customgame","log":"|j|\u2606Danganronpa Stan\n|j|\u2606Elon Musk Rusk\n|t:|1666416496\n|gametype|singles\n|player|p1|Danganronpa Stan|rosa|\n|player|p2|Elon Musk Rusk|102|\n|teamsize|p1|6\n|teamsize|p2|6\n|gen|8\n|tier|[Gen 8] Custom Game\n|clearpoke\n|poke|p1|Ho-Oh|\n|poke|p1|Sylveon, F|\n|poke|p1|Darkrai|\n|poke|p1|Slowking, F|\n|poke|p1|Aggron-Mega, M|\n|poke|p1|Vikavolt, F|\n|poke|p2|Shaymin|\n|poke|p2|Hydreigon, F|\n|poke|p2|Metagross-Mega|\n|poke|p2|Talonflame, F|\n|poke|p2|Tapu Fini|\n|poke|p2|Porygon2|\n|teampreview\n|c|\u2606Danganronpa Stan|glhf\n|\n|t:|1666416508\n|start\n|switch|p1a: Vikavolt|Vikavolt, F|343\/343\n|switch|p2a: Hydreigon|Hydreigon, F|325\/325\n|turn|1\n|\n|t:|1666416524\n|move|p2a: Hydreigon|Rock Slide|p1a: Vikavolt\n|-supereffective|p1a: Vikavolt\n|-damage|p1a: Vikavolt|217\/343\n|move|p1a: Vikavolt|Bug Buzz|p2a: Hydreigon\n|-supereffective|p2a: Hydreigon\n|-damage|p2a: Hydreigon|0 fnt\n|faint|p2a: Hydreigon\n|\n|upkeep\n|\n|t:|1666416534\n|switch|p2a: Talonflame|Talonflame, F|359\/359\n|turn|2\n|\n|t:|1666416579\n|switch|p1a: Ho-Oh|Ho-Oh|385\/385\n|move|p2a: Talonflame|Toxic|p1a: Ho-Oh\n|-status|p1a: Ho-Oh|tox\n|\n|-damage|p1a: Ho-Oh|361\/385 tox|[from] psn\n|upkeep\n|turn|3\n|\n|t:|1666416585\n|move|p2a: Talonflame|Flamethrower|p1a: Ho-Oh\n|-resisted|p1a: Ho-Oh\n|-damage|p1a: Ho-Oh|333\/385 tox\n|debug|move failed because it did nothing\n|move|p1a: Ho-Oh|Brave Bird|p2a: Talonflame\n|-damage|p2a: Talonflame|16\/359\n|-damage|p1a: Ho-Oh|220\/385 tox|[from] Recoil\n|\n|-damage|p1a: Ho-Oh|172\/385 tox|[from] psn\n|upkeep\n|turn|4\n|\n|t:|1666416595\n|switch|p2a: Metagross|Metagross-Mega|313\/313\n|switch|p1a: Sylveon|Sylveon, F|393\/393\n|\n|upkeep\n|turn|5\n|\n|t:|1666416600\n|switch|p1a: Slowking|Slowking, F|393\/393\n|move|p2a: Metagross|Stealth Rock|p1a: Slowking\n|-sidestart|p1: Danganronpa Stan|move: Stealth Rock\n|\n|upkeep\n|turn|6\n|\n|t:|1666416609\n|move|p2a: Metagross|Meteor Mash|p1a: Slowking\n|-resisted|p1a: Slowking\n|-damage|p1a: Slowking|297\/393\n|move|p1a: Slowking|Teleport|p1a: Slowking\n|\n|t:|1666416622\n|switch|p1a: Darkrai|Darkrai|311\/311\n|-damage|p1a: Darkrai|273\/311|[from] Stealth Rock\n|\n|upkeep\n|turn|7\n|\n|t:|1666416626\n|switch|p2a: Porygon2|Porygon2|373\/373\n|-ability|p2a: Porygon2|Bad Dreams|[from] ability: Trace|[of] p1a: Darkrai\n|move|p1a: Darkrai|Knock Off|p2a: Porygon2\n|-damage|p2a: Porygon2|303\/373\n|-enditem|p2a: Porygon2|Eviolite|[from] move: Knock Off|[of] p1a: Darkrai\n|\n|upkeep\n|turn|8\n|\n|t:|1666416642\n|move|p1a: Darkrai|Focus Blast|p2a: Porygon2\n|-supereffective|p2a: Porygon2\n|-damage|p2a: Porygon2|75\/373\n|move|p2a: Porygon2|Discharge|p1a: Darkrai\n|-damage|p1a: Darkrai|197\/311\n|\n|upkeep\n|turn|9\n|\n|t:|1666416651\n|switch|p2a: Tapu Fini|Tapu Fini|343\/343\n|-fieldstart|move: Misty Terrain|[from] ability: Misty Surge|[of] p2a: Tapu Fini\n|move|p1a: Darkrai|Dark Pulse|p2a: Tapu Fini\n|-resisted|p2a: Tapu Fini\n|-damage|p2a: Tapu Fini|284\/343\n|\n|-heal|p2a: Tapu Fini|305\/343|[from] item: Leftovers\n|upkeep\n|turn|10\n|\n|t:|1666416658\n|switch|p1a: Aggron|Aggron-Mega, M|343\/343\n|-damage|p1a: Aggron|322\/343|[from] Stealth Rock\n|move|p2a: Tapu Fini|Knock Off|p1a: Aggron\n|-damage|p1a: Aggron|303\/343\n|\n|-heal|p2a: Tapu Fini|326\/343|[from] item: Leftovers\n|upkeep\n|turn|11\n|\n|t:|1666416665\n|switch|p2a: Shaymin|Shaymin|361\/361\n|move|p1a: Aggron|Roar|p2a: Shaymin\n|drag|p2a: Talonflame|Talonflame, F|16\/359\n|\n|upkeep\n|turn|12\n|\n|t:|1666416669\n|move|p2a: Talonflame|Roost|p2a: Talonflame\n|-heal|p2a: Talonflame|196\/359\n|-singleturn|p2a: Talonflame|move: Roost\n|move|p1a: Aggron|Heavy Slam|p2a: Talonflame\n|-resisted|p2a: Talonflame\n|-damage|p2a: Talonflame|107\/359\n|\n|upkeep\n|turn|13\n|\n|t:|1666416675\n|switch|p1a: Slowking|Slowking, F|393\/393\n|-damage|p1a: Slowking|344\/393|[from] Stealth Rock\n|move|p2a: Talonflame|Flamethrower|p1a: Slowking\n|-resisted|p1a: Slowking\n|-damage|p1a: Slowking|305\/393\n|\n|-fieldend|Misty Terrain\n|upkeep\n|turn|14\n|\n|t:|1666416681\n|move|p2a: Talonflame|Roost|p2a: Talonflame\n|-heal|p2a: Talonflame|287\/359\n|-singleturn|p2a: Talonflame|move: Roost\n|move|p1a: Slowking|Teleport|p1a: Slowking\n|\n|t:|1666416685\n|switch|p1a: Sylveon|Sylveon, F|393\/393\n|-damage|p1a: Sylveon|344\/393|[from] Stealth Rock\n|\n|-heal|p1a: Sylveon|368\/393|[from] item: Leftovers\n|upkeep\n|turn|15\n|\n|t:|1666416687\n|move|p2a: Talonflame|Toxic|p1a: Sylveon\n|-status|p1a: Sylveon|tox\n|move|p1a: Sylveon|Heal Bell|p1a: Sylveon\n|-activate|p1a: Sylveon|move: Heal Bell\n|-curestatus|p1a: Sylveon|tox|[msg]\n|-curestatus|p1: Ho-Oh|tox|[msg]\n|\n|-heal|p1a: Sylveon|392\/393|[from] item: Leftovers\n|upkeep\n|turn|16\n|\n|t:|1666416692\n|move|p2a: Talonflame|Toxic|p1a: Sylveon\n|-status|p1a: Sylveon|tox\n|move|p1a: Sylveon|Wish|p1a: Sylveon\n|\n|-heal|p1a: Sylveon|393\/393 tox|[from] item: Leftovers\n|-damage|p1a: Sylveon|369\/393 tox|[from] psn\n|upkeep\n|turn|17\n|\n|t:|1666416696\n|switch|p2a: Metagross|Metagross-Mega|313\/313\n|switch|p1a: Darkrai|Darkrai|197\/311\n|-damage|p1a: Darkrai|159\/311|[from] Stealth Rock\n|\n|-heal|p1a: Darkrai|311\/311|[from] move: Wish|[wisher] Sylveon\n|upkeep\n|turn|18\n|\n|t:|1666416707\n|switch|p2a: Tapu Fini|Tapu Fini|326\/343\n|-fieldstart|move: Misty Terrain|[from] ability: Misty Surge|[of] p2a: Tapu Fini\n|move|p1a: Darkrai|Dark Pulse|p2a: Tapu Fini\n|-resisted|p2a: Tapu Fini\n|-damage|p2a: Tapu Fini|267\/343\n|\n|-heal|p2a: Tapu Fini|288\/343|[from] item: Leftovers\n|upkeep\n|turn|19\n|\n|t:|1666416734\n|switch|p1a: Sylveon|Sylveon, F|369\/393 tox\n|-damage|p1a: Sylveon|320\/393 tox|[from] Stealth Rock\n|move|p2a: Tapu Fini|Nature's Madness|p1a: Sylveon\n|-damage|p1a: Sylveon|160\/393 tox\n|\n|-heal|p2a: Tapu Fini|309\/343|[from] item: Leftovers\n|-heal|p1a: Sylveon|184\/393 tox|[from] item: Leftovers\n|-damage|p1a: Sylveon|160\/393 tox|[from] psn\n|upkeep\n|turn|20\n|\n|t:|1666416745\n|move|p2a: Tapu Fini|Nature's Madness|p1a: Sylveon\n|-damage|p1a: Sylveon|80\/393 tox\n|move|p1a: Sylveon|Heal Bell|p1a: Sylveon\n|-activate|p1a: Sylveon|move: Heal Bell\n|-curestatus|p1a: Sylveon|tox|[msg]\n|\n|-heal|p2a: Tapu Fini|330\/343|[from] item: Leftovers\n|-heal|p1a: Sylveon|104\/393|[from] item: Leftovers\n|upkeep\n|turn|21\n|\n|t:|1666416751\n|move|p2a: Tapu Fini|Moonblast|p1a: Sylveon\n|-damage|p1a: Sylveon|32\/393\n|-unboost|p1a: Sylveon|spa|1\n|move|p1a: Sylveon|Wish|p1a: Sylveon\n|\n|-heal|p2a: Tapu Fini|343\/343|[from] item: Leftovers\n|-heal|p1a: Sylveon|56\/393|[from] item: Leftovers\n|upkeep\n|turn|22\n|\n|t:|1666416765\n|move|p1a: Sylveon|Protect|p1a: Sylveon\n|-singleturn|p1a: Sylveon|Protect\n|move|p2a: Tapu Fini|Surf|p1a: Sylveon\n|-activate|p1a: Sylveon|move: Protect\n|\n|-heal|p1a: Sylveon|252\/393|[from] move: Wish|[wisher] Sylveon\n|-heal|p1a: Sylveon|276\/393|[from] item: Leftovers\n|-fieldend|Misty Terrain\n|upkeep\n|turn|23\n|\n|t:|1666416770\n|move|p2a: Tapu Fini|Knock Off|p1a: Sylveon\n|-resisted|p1a: Sylveon\n|-damage|p1a: Sylveon|242\/393\n|-enditem|p1a: Sylveon|Leftovers|[from] move: Knock Off|[of] p2a: Tapu Fini\n|move|p1a: Sylveon|Wish|p1a: Sylveon\n|\n|upkeep\n|turn|24\n|\n|t:|1666416776\n|switch|p1a: Vikavolt|Vikavolt, F|217\/343\n|-damage|p1a: Vikavolt|132\/343|[from] Stealth Rock\n|move|p2a: Tapu Fini|Nature's Madness|p1a: Vikavolt\n|-damage|p1a: Vikavolt|66\/343\n|\n|-heal|p1a: Vikavolt|262\/343|[from] move: Wish|[wisher] Sylveon\n|upkeep\n|turn|25\n|\n|t:|1666416785\n|switch|p2a: Porygon2|Porygon2|75\/373\n|-ability|p2a: Porygon2|Levitate|[from] ability: Trace|[of] p1a: Vikavolt\n|move|p1a: Vikavolt|Thunderbolt|p2a: Porygon2\n|-damage|p2a: Porygon2|0 fnt\n|debug|move failed because it did nothing\n|faint|p2a: Porygon2\n|\n|upkeep\n|\n|t:|1666416787\n|switch|p2a: Metagross|Metagross-Mega|313\/313\n|turn|26\n|\n|t:|1666416799\n|switch|p1a: Slowking|Slowking, F|393\/393\n|-damage|p1a: Slowking|344\/393|[from] Stealth Rock\n|move|p2a: Metagross|Rock Slide|p1a: Slowking\n|-damage|p1a: Slowking|250\/393\n|\n|upkeep\n|turn|27\n|\n|t:|1666416808\n|switch|p2a: Shaymin|Shaymin|361\/361\n|move|p1a: Slowking|Foul Play|p2a: Shaymin\n|-damage|p2a: Shaymin|298\/361\n|\n|-heal|p2a: Shaymin|320\/361|[from] item: Leftovers\n|upkeep\n|turn|28\n|\n|t:|1666416833\n|switch|p2a: Metagross|Metagross-Mega|313\/313\n|switch|p1a: Darkrai|Darkrai|311\/311\n|-damage|p1a: Darkrai|273\/311|[from] Stealth Rock\n|\n|upkeep\n|turn|29\n|\n|t:|1666416840\n|switch|p2a: Tapu Fini|Tapu Fini|343\/343\n|-fieldstart|move: Misty Terrain|[from] ability: Misty Surge|[of] p2a: Tapu Fini\n|move|p1a: Darkrai|Thunderbolt|p2a: Tapu Fini\n|-supereffective|p2a: Tapu Fini\n|-damage|p2a: Tapu Fini|181\/343\n|\n|-heal|p2a: Tapu Fini|202\/343|[from] item: Leftovers\n|upkeep\n|turn|30\n|\n|t:|1666416852\n|switch|p1a: Sylveon|Sylveon, F|242\/393\n|-damage|p1a: Sylveon|193\/393|[from] Stealth Rock\n|move|p2a: Tapu Fini|Moonblast|p1a: Sylveon\n|-damage|p1a: Sylveon|124\/393\n|\n|-heal|p2a: Tapu Fini|223\/343|[from] item: Leftovers\n|upkeep\n|turn|31\n|\n|t:|1666416863\n|move|p2a: Tapu Fini|Nature's Madness|p1a: Sylveon\n|-damage|p1a: Sylveon|62\/393\n|move|p1a: Sylveon|Wish|p1a: Sylveon\n|\n|-heal|p2a: Tapu Fini|244\/343|[from] item: Leftovers\n|upkeep\n|turn|32\n|\n|t:|1666416871\n|switch|p2a: Metagross|Metagross-Mega|313\/313\n|switch|p1a: Vikavolt|Vikavolt, F|262\/343\n|-damage|p1a: Vikavolt|177\/343|[from] Stealth Rock\n|\n|-heal|p1a: Vikavolt|343\/343|[from] move: Wish|[wisher] Sylveon\n|upkeep\n|turn|33\n|\n|t:|1666416885\n|move|p2a: Metagross|Rock Slide|p1a: Vikavolt\n|-supereffective|p1a: Vikavolt\n|-damage|p1a: Vikavolt|97\/343\n|cant|p1a: Vikavolt|flinch\n|\n|-fieldend|Misty Terrain\n|upkeep\n|turn|34\n|\n|t:|1666416911\n|move|p2a: Metagross|Meteor Mash|p1a: Vikavolt\n|-resisted|p1a: Vikavolt\n|-damage|p1a: Vikavolt|0 fnt\n|faint|p1a: Vikavolt\n|\n|upkeep\n|\n|t:|1666416922\n|switch|p1a: Aggron|Aggron-Mega, M|303\/343\n|-damage|p1a: Aggron|282\/343|[from] Stealth Rock\n|turn|35\n|\n|t:|1666416926\n|switch|p2a: Talonflame|Talonflame, F|287\/359\n|move|p1a: Aggron|Earthquake|p2a: Talonflame\n|-immune|p2a: Talonflame\n|\n|upkeep\n|turn|36\n|\n|t:|1666416933\n|move|p2a: Talonflame|Toxic|p1a: Aggron\n|debug|natural status immunity\n|debug|immune to status\n|-immune|p1a: Aggron\n|debug|move failed because it did nothing\n|move|p1a: Aggron|Stealth Rock|p2a: Talonflame\n|-sidestart|p2: Elon Musk Rusk|move: Stealth Rock\n|\n|upkeep\n|turn|37\n|\n|t:|1666416940\n|move|p2a: Talonflame|Toxic|p1a: Aggron|[miss]\n|-miss|p2a: Talonflame|p1a: Aggron\n|move|p1a: Aggron|Roar|p2a: Talonflame\n|drag|p2a: Shaymin|Shaymin|320\/361\n|-damage|p2a: Shaymin|275\/361|[from] Stealth Rock\n|\n|-heal|p2a: Shaymin|297\/361|[from] item: Leftovers\n|upkeep\n|turn|38\n|\n|t:|1666416944\n|move|p2a: Shaymin|Earth Power|p1a: Aggron\n|-supereffective|p1a: Aggron\n|debug|Filter neutralize\n|-damage|p1a: Aggron|174\/343\n|move|p1a: Aggron|Heavy Slam|p2a: Shaymin\n|-damage|p2a: Shaymin|102\/361\n|\n|-heal|p2a: Shaymin|124\/361|[from] item: Leftovers\n|upkeep\n|turn|39\n|\n|t:|1666416953\n|move|p2a: Shaymin|Synthesis|p2a: Shaymin\n|-heal|p2a: Shaymin|304\/361\n|move|p1a: Aggron|Heavy Slam|p2a: Shaymin\n|-damage|p2a: Shaymin|103\/361\n|\n|-heal|p2a: Shaymin|125\/361|[from] item: Leftovers\n|upkeep\n|turn|40\n|\n|t:|1666416961\n|move|p2a: Shaymin|Earth Power|p1a: Aggron\n|-supereffective|p1a: Aggron\n|debug|Filter neutralize\n|-damage|p1a: Aggron|54\/343\n|move|p1a: Aggron|Heavy Slam|p2a: Shaymin\n|-damage|p2a: Shaymin|0 fnt\n|faint|p2a: Shaymin\n|\n|upkeep\n|\n|t:|1666416978\n|switch|p2a: Talonflame|Talonflame, F|287\/359\n|turn|41\n|\n|t:|1666416989\n|move|p2a: Talonflame|Flamethrower|p1a: Aggron\n|-supereffective|p1a: Aggron\n|debug|Filter neutralize\n|-damage|p1a: Aggron|0 fnt\n|faint|p1a: Aggron\n|\n|upkeep\n|\n|t:|1666416998\n|switch|p1a: Ho-Oh|Ho-Oh|300\/385\n|-damage|p1a: Ho-Oh|108\/385|[from] Stealth Rock\n|turn|42\n|\n|t:|1666417004\n|switch|p2a: Metagross|Metagross-Mega|313\/313\n|-damage|p2a: Metagross|294\/313|[from] Stealth Rock\n|move|p1a: Ho-Oh|Brave Bird|p2a: Metagross\n|-resisted|p2a: Metagross\n|-damage|p2a: Metagross|178\/313\n|-damage|p1a: Ho-Oh|70\/385|[from] Recoil\n|\n|upkeep\n|turn|43\n|\n|t:|1666417013\n|move|p2a: Metagross|Meteor Mash|p1a: Ho-Oh|[miss]\n|-miss|p2a: Metagross|p1a: Ho-Oh\n|move|p1a: Ho-Oh|Brave Bird|p2a: Metagross\n|-resisted|p2a: Metagross\n|-damage|p2a: Metagross|59\/313\n|-damage|p1a: Ho-Oh|31\/385|[from] Recoil\n|\n|upkeep\n|turn|44\n|\n|t:|1666417017\n|move|p2a: Metagross|Meteor Mash|p1a: Ho-Oh\n|-resisted|p1a: Ho-Oh\n|-damage|p1a: Ho-Oh|0 fnt\n|-boost|p2a: Metagross|atk|1\n|faint|p1a: Ho-Oh\n|\n|upkeep\n|\n|t:|1666417021\n|switch|p1a: Darkrai|Darkrai|273\/311\n|-damage|p1a: Darkrai|235\/311|[from] Stealth Rock\n|turn|45\n|\n|t:|1666417086\n|move|p2a: Metagross|Bullet Punch|p1a: Darkrai\n|-damage|p1a: Darkrai|67\/311\n|move|p1a: Darkrai|Thunderbolt|p2a: Metagross\n|-damage|p2a: Metagross|0 fnt\n|faint|p2a: Metagross\n|\n|upkeep\n|\n|t:|1666417093\n|switch|p2a: Talonflame|Talonflame, F|287\/359\n|turn|46\n|\n|t:|1666417096\n|switch|p1a: Slowking|Slowking, F|381\/393\n|-damage|p1a: Slowking|332\/393|[from] Stealth Rock\n|move|p2a: Talonflame|Flamethrower|p1a: Slowking\n|-resisted|p1a: Slowking\n|-damage|p1a: Slowking|293\/393\n|\n|upkeep\n|turn|47\n|\n|t:|1666417102\n|move|p2a: Talonflame|Toxic|p1a: Slowking\n|-status|p1a: Slowking|tox\n|move|p1a: Slowking|Scald|p2a: Talonflame\n|-supereffective|p2a: Talonflame\n|-damage|p2a: Talonflame|53\/359\n|debug|natural status immunity\n|debug|immune to status\n|debug|move failed because it did nothing\n|\n|-damage|p1a: Slowking|269\/393 tox|[from] psn\n|upkeep\n|turn|48\n|\n|t:|1666417117\n|move|p2a: Talonflame|Defog|p1a: Slowking\n|-unboost|p1a: Slowking|evasion|1\n|-sideend|p1: Danganronpa Stan|Stealth Rock|[from] move: Defog|[of] p2a: Talonflame\n|-sideend|p2: Elon Musk Rusk|Stealth Rock|[from] move: Defog|[of] p2a: Talonflame\n|move|p1a: Slowking|Scald|p2a: Talonflame\n|-supereffective|p2a: Talonflame\n|-damage|p2a: Talonflame|0 fnt\n|faint|p2a: Talonflame\n|\n|-damage|p1a: Slowking|221\/393 tox|[from] psn\n|upkeep\n|\n|t:|1666417120\n|switch|p2a: Tapu Fini|Tapu Fini|244\/343\n|-fieldstart|move: Misty Terrain|[from] ability: Misty Surge|[of] p2a: Tapu Fini\n|turn|49\n|\n|t:|1666417128\n|move|p2a: Tapu Fini|Knock Off|p1a: Slowking\n|-supereffective|p1a: Slowking\n|-damage|p1a: Slowking|121\/393 tox\n|-enditem|p1a: Slowking|Wacan Berry|[from] move: Knock Off|[of] p2a: Tapu Fini\n|move|p1a: Slowking|Scald|p2a: Tapu Fini\n|-resisted|p2a: Tapu Fini\n|-damage|p2a: Tapu Fini|213\/343\n|\n|-heal|p2a: Tapu Fini|234\/343|[from] item: Leftovers\n|-damage|p1a: Slowking|49\/393 tox|[from] psn\n|upkeep\n|turn|50\n|\n|t:|1666417136\n|move|p2a: Tapu Fini|Moonblast|p1a: Slowking\n|-damage|p1a: Slowking|0 fnt\n|faint|p1a: Slowking\n|\n|-heal|p2a: Tapu Fini|255\/343|[from] item: Leftovers\n|upkeep\n|\n|t:|1666417138\n|switch|p1a: Sylveon|Sylveon, F|62\/393\n|turn|51\n|\n|t:|1666417143\n|move|p2a: Tapu Fini|Moonblast|p1a: Sylveon\n|-damage|p1a: Sylveon|0 fnt\n|faint|p1a: Sylveon\n|\n|-heal|p2a: Tapu Fini|276\/343|[from] item: Leftovers\n|upkeep\n|\n|t:|1666417147\n|switch|p1a: Darkrai|Darkrai|67\/311\n|turn|52\n|c|\u2606Elon Musk Rusk|gg\n|\n|t:|1666417152\n|move|p1a: Darkrai|Thunderbolt|p2a: Tapu Fini\n|-supereffective|p2a: Tapu Fini\n|-damage|p2a: Tapu Fini|96\/343\n|move|p2a: Tapu Fini|Moonblast|p1a: Darkrai\n|-supereffective|p1a: Darkrai\n|-damage|p1a: Darkrai|0 fnt\n|faint|p1a: Darkrai\n|\n|win|Elon Musk Rusk\n|c|\u2606Danganronpa Stan|gg\n|l|\u2606Danganronpa Stan\n","uploadtime":1666417160,"views":24,"p1id":"danganronpastan","p2id":"elonmuskrusk","formatid":"gen8customgame","rating":0,"private":0,"password":null}