{"id":"gen8ou-1376949361","p1":"OU make me yawn","p2":"SMxVale","format":"gen8ou","log":"|j|\u2606OU make me yawn\n|j|\u2606SMxVale\n|t:|1626289005\n|gametype|singles\n|player|p1|OU make me yawn|zinnia|1757\n|player|p2|SMxVale|2|1660\n|teamsize|p1|6\n|teamsize|p2|6\n|gen|8\n|tier|[Gen 8] OU\n|rated|\n|rule|Sleep Clause Mod: Limit one foe put to sleep\n|rule|Species Clause: Limit one of each Pok\u00e9mon\n|rule|OHKO Clause: OHKO moves are banned\n|rule|Evasion Moves Clause: Evasion moves are banned\n|rule|Endless Battle Clause: Forcing endless battles is banned\n|rule|HP Percentage Mod: HP is shown in percentages\n|rule|Dynamax Clause: You cannot dynamax\n|clearpoke\n|poke|p1|Tapu Koko|\n|poke|p1|Reuniclus, M|\n|poke|p1|Gastrodon-East, F|\n|poke|p1|Blissey, F|\n|poke|p1|Scizor, F|\n|poke|p1|Dragonite, F|\n|poke|p2|Dragonite, M|\n|poke|p2|Magnezone|\n|poke|p2|Landorus-Therian, M|\n|poke|p2|Weavile, M|\n|poke|p2|Tapu Fini|\n|poke|p2|Melmetal|\n|teampreview\n|inactive|Battle timer is ON: inactive players will automatically lose when time's up. (requested by SMxVale)\n|c|\u2606SMxVale|stall makes me yawn\n|inactive|OU make me yawn has 120 seconds left.\n|c|\u2606OU make me yawn|man\n|c|\u2606OU make me yawn|you aren't funny\n|c|\u2606OU make me yawn|gl hf\n|\n|t:|1626289070\n|start\n|switch|p1a: Dragonite|Dragonite, F|100\/100\n|switch|p2a: Landorus|Landorus-Therian, M|100\/100\n|-ability|p2a: Landorus|Intimidate|boost\n|-unboost|p1a: Dragonite|atk|1\n|turn|1\n|c|\u2606SMxVale|i think i am lol\n|c|\u2606SMxVale|hf\n|\n|t:|1626289084\n|switch|p2a: Tapu Fini|Tapu Fini|100\/100\n|-fieldstart|move: Misty Terrain|[from] ability: Misty Surge|[of] p2a: Tapu Fini\n|move|p1a: Dragonite|Ice Beam|p2a: Tapu Fini\n|-resisted|p2a: Tapu Fini\n|-damage|p2a: Tapu Fini|92\/100\n|\n|-heal|p2a: Tapu Fini|98\/100|[from] item: Leftovers\n|upkeep\n|turn|2\n|\n|t:|1626289094\n|move|p2a: Tapu Fini|Nature's Madness|p1a: Dragonite\n|-damage|p1a: Dragonite|50\/100\n|move|p1a: Dragonite|Ice Beam|p2a: Tapu Fini\n|-resisted|p2a: Tapu Fini\n|-damage|p2a: Tapu Fini|91\/100\n|\n|-heal|p2a: Tapu Fini|97\/100|[from] item: Leftovers\n|upkeep\n|turn|3\n|\n|t:|1626289104\n|switch|p1a: Tapu Koko|Tapu Koko|100\/100\n|-fieldstart|move: Electric Terrain|[from] ability: Electric Surge|[of] p1a: Tapu Koko\n|move|p2a: Tapu Fini|Whirlpool|p1a: Tapu Koko|[miss]\n|-miss|p2a: Tapu Fini|p1a: Tapu Koko\n|\n|-heal|p2a: Tapu Fini|100\/100|[from] item: Leftovers\n|upkeep\n|turn|4\n|\n|t:|1626289119\n|switch|p2a: Magnezone|Magnezone|100\/100\n|move|p1a: Tapu Koko|U-turn|p2a: Magnezone\n|-resisted|p2a: Magnezone\n|-damage|p2a: Magnezone|94\/100\n|\n|t:|1626289122\n|switch|p1a: Dragonite|Dragonite, F|50\/100|[from]move: U-turn\n|\n|upkeep\n|turn|5\n|\n|t:|1626289131\n|switch|p2a: Tapu Fini|Tapu Fini|100\/100\n|-fieldstart|move: Misty Terrain|[from] ability: Misty Surge|[of] p2a: Tapu Fini\n|move|p1a: Dragonite|Roost|p1a: Dragonite\n|-heal|p1a: Dragonite|100\/100\n|-singleturn|p1a: Dragonite|move: Roost\n|\n|upkeep\n|turn|6\n|inactive|OU make me yawn has 120 seconds left.\n|\n|t:|1626289165\n|switch|p1a: Gastrodon|Gastrodon-East, F|100\/100\n|move|p2a: Tapu Fini|Moonblast|p1a: Gastrodon\n|-damage|p1a: Gastrodon|75\/100\n|\n|-heal|p1a: Gastrodon|81\/100|[from] item: Leftovers\n|upkeep\n|turn|7\n|inactive|OU make me yawn has 120 seconds left.\n|\n|t:|1626289190\n|move|p2a: Tapu Fini|Taunt|p1a: Gastrodon\n|-start|p1a: Gastrodon|move: Taunt\n|move|p1a: Gastrodon|Earth Power|p2a: Tapu Fini\n|-damage|p2a: Tapu Fini|81\/100\n|\n|-heal|p2a: Tapu Fini|87\/100|[from] item: Leftovers\n|-heal|p1a: Gastrodon|87\/100|[from] item: Leftovers\n|upkeep\n|turn|8\n|\n|t:|1626289199\n|move|p2a: Tapu Fini|Nature's Madness|p1a: Gastrodon\n|-damage|p1a: Gastrodon|44\/100\n|move|p1a: Gastrodon|Earth Power|p2a: Tapu Fini\n|-damage|p2a: Tapu Fini|66\/100\n|\n|-heal|p2a: Tapu Fini|73\/100|[from] item: Leftovers\n|-heal|p1a: Gastrodon|50\/100|[from] item: Leftovers\n|upkeep\n|turn|9\n|\n|t:|1626289204\n|move|p2a: Tapu Fini|Nature's Madness|p1a: Gastrodon\n|-damage|p1a: Gastrodon|25\/100\n|move|p1a: Gastrodon|Earth Power|p2a: Tapu Fini\n|-damage|p2a: Tapu Fini|53\/100\n|\n|-heal|p2a: Tapu Fini|59\/100|[from] item: Leftovers\n|-heal|p1a: Gastrodon|31\/100|[from] item: Leftovers\n|-end|p1a: Gastrodon|move: Taunt\n|-fieldend|Misty Terrain\n|upkeep\n|turn|10\n|\n|t:|1626289219\n|move|p2a: Tapu Fini|Taunt|p1a: Gastrodon\n|-start|p1a: Gastrodon|move: Taunt\n|move|p1a: Gastrodon|Earth Power|p2a: Tapu Fini\n|-damage|p2a: Tapu Fini|37\/100\n|\n|-heal|p2a: Tapu Fini|43\/100|[from] item: Leftovers\n|-heal|p1a: Gastrodon|38\/100|[from] item: Leftovers\n|upkeep\n|turn|11\n|\n|t:|1626289225\n|switch|p2a: Weavile|Weavile, M|100\/100\n|-ability|p2a: Weavile|Pressure\n|move|p1a: Gastrodon|Earth Power|p2a: Weavile\n|-damage|p2a: Weavile|60\/100\n|\n|-heal|p1a: Gastrodon|44\/100|[from] item: Leftovers\n|upkeep\n|turn|12\n|\n|t:|1626289241\n|switch|p1a: Scizor|Scizor, F|100\/100\n|move|p2a: Weavile|Knock Off|p1a: Scizor\n|-damage|p1a: Scizor|46\/100\n|-enditem|p1a: Scizor|Heavy-Duty Boots|[from] move: Knock Off|[of] p2a: Weavile\n|-damage|p2a: Weavile|50\/100|[from] item: Life Orb\n|\n|upkeep\n|turn|13\n|inactive|OU make me yawn has 120 seconds left.\n|\n|t:|1626289279\n|switch|p2a: Magnezone|Magnezone|94\/100\n|switch|p1a: Gastrodon|Gastrodon-East, F|44\/100\n|\n|-heal|p1a: Gastrodon|50\/100|[from] item: Leftovers\n|upkeep\n|turn|14\n|\n|t:|1626289288\n|move|p2a: Magnezone|Body Press|p1a: Gastrodon\n|-damage|p1a: Gastrodon|25\/100\n|move|p1a: Gastrodon|Scald|p2a: Magnezone\n|-damage|p2a: Magnezone|60\/100\n|\n|-heal|p1a: Gastrodon|31\/100|[from] item: Leftovers\n|upkeep\n|turn|15\n|\n|t:|1626289303\n|switch|p2a: Dragonite|Dragonite, M|100\/100\n|move|p1a: Gastrodon|Recover|p1a: Gastrodon\n|-heal|p1a: Gastrodon|81\/100\n|\n|-heal|p1a: Gastrodon|88\/100|[from] item: Leftovers\n|upkeep\n|turn|16\n|\n|t:|1626289308\n|move|p2a: Dragonite|Dual Wingbeat|p1a: Gastrodon\n|-damage|p1a: Gastrodon|56\/100\n|-damage|p1a: Gastrodon|20\/100\n|-hitcount|p1a: Gastrodon|2\n|move|p1a: Gastrodon|Scald|p2a: Dragonite\n|-resisted|p2a: Dragonite\n|-damage|p2a: Dragonite|94\/100\n|\n|-heal|p1a: Gastrodon|26\/100|[from] item: Leftovers\n|upkeep\n|turn|17\n|\n|t:|1626289336\n|move|p2a: Dragonite|Dual Wingbeat|p1a: Gastrodon\n|-damage|p1a: Gastrodon|0 fnt\n|faint|p1a: Gastrodon\n|-hitcount|p1: Gastrodon|1\n|\n|upkeep\n|\n|t:|1626289338\n|switch|p1a: Blissey|Blissey, F|100\/100\n|turn|18\n|\n|t:|1626289343\n|switch|p2a: Melmetal|Melmetal|100\/100\n|move|p1a: Blissey|Stealth Rock|p2a: Melmetal\n|-sidestart|p2: SMxVale|move: Stealth Rock\n|\n|upkeep\n|turn|19\n|\n|t:|1626289351\n|move|p2a: Melmetal|Double Iron Bash|p1a: Blissey\n|-damage|p1a: Blissey|40\/100\n|-damage|p1a: Blissey|0 fnt\n|faint|p1a: Blissey\n|-hitcount|p1: Blissey|2\n|\n|upkeep\n|\n|t:|1626289365\n|switch|p1a: Dragonite|Dragonite, F|100\/100\n|turn|20\n|\n|t:|1626289369\n|move|p1a: Dragonite|Earthquake|p2a: Melmetal\n|-supereffective|p2a: Melmetal\n|-damage|p2a: Melmetal|63\/100\n|move|p2a: Melmetal|Double Iron Bash|p1a: Dragonite\n|-crit|p1a: Dragonite\n|-damage|p1a: Dragonite|60\/100\n|-damage|p1a: Dragonite|7\/100\n|-hitcount|p1a: Dragonite|2\n|\n|upkeep\n|turn|21\n|\n|t:|1626289391\n|switch|p2a: Dragonite|Dragonite, M|94\/100\n|-damage|p2a: Dragonite|69\/100|[from] Stealth Rock\n|move|p1a: Dragonite|Earthquake|p2a: Dragonite\n|-immune|p2a: Dragonite\n|\n|upkeep\n|turn|22\n|\n|t:|1626289417\n|switch|p1a: Tapu Koko|Tapu Koko|100\/100\n|-fieldstart|move: Electric Terrain|[from] ability: Electric Surge|[of] p1a: Tapu Koko\n|move|p2a: Dragonite|Dual Wingbeat|p1a: Tapu Koko\n|-resisted|p1a: Tapu Koko\n|-damage|p1a: Tapu Koko|81\/100\n|-resisted|p1a: Tapu Koko\n|-damage|p1a: Tapu Koko|59\/100\n|-hitcount|p1a: Tapu Koko|2\n|\n|upkeep\n|turn|23\n|\n|t:|1626289428\n|switch|p2a: Magnezone|Magnezone|60\/100\n|-damage|p2a: Magnezone|54\/100|[from] Stealth Rock\n|move|p1a: Tapu Koko|Dazzling Gleam|p2a: Magnezone\n|-resisted|p2a: Magnezone\n|-damage|p2a: Magnezone|37\/100\n|\n|upkeep\n|turn|24\n|\n|t:|1626289436\n|move|p1a: Tapu Koko|U-turn|p2a: Magnezone\n|-resisted|p2a: Magnezone\n|-damage|p2a: Magnezone|30\/100\n|\n|t:|1626289441\n|switch|p1a: Reuniclus|Reuniclus, M|100\/100|[from]move: U-turn\n|move|p2a: Magnezone|Flash Cannon|p1a: Reuniclus\n|-damage|p1a: Reuniclus|57\/100\n|\n|-heal|p1a: Reuniclus|63\/100|[from] item: Leftovers\n|upkeep\n|turn|25\n|\n|t:|1626289448\n|move|p2a: Magnezone|Thunderbolt|p1a: Reuniclus\n|-damage|p1a: Reuniclus|5\/100\n|move|p1a: Reuniclus|Focus Blast|p2a: Magnezone\n|-supereffective|p2a: Magnezone\n|-damage|p2a: Magnezone|0 fnt\n|faint|p2a: Magnezone\n|\n|-heal|p1a: Reuniclus|11\/100|[from] item: Leftovers\n|upkeep\n|\n|t:|1626289469\n|switch|p2a: Landorus|Landorus-Therian, M|100\/100\n|-damage|p2a: Landorus|88\/100|[from] Stealth Rock\n|-ability|p2a: Landorus|Intimidate|boost\n|-unboost|p1a: Reuniclus|atk|1\n|turn|26\n|inactive|SMxVale has 120 seconds left.\n|\n|t:|1626289513\n|move|p2a: Landorus|U-turn|p1a: Reuniclus\n|-supereffective|p1a: Reuniclus\n|-damage|p1a: Reuniclus|0 fnt\n|faint|p1a: Reuniclus\n|inactive|SMxVale has 90 seconds left.\n|\n|t:|1626289542\n|switch|p2a: Tapu Fini|Tapu Fini|43\/100|[from]move: U-turn\n|-damage|p2a: Tapu Fini|30\/100|[from] Stealth Rock\n|-fieldstart|move: Misty Terrain|[from] ability: Misty Surge|[of] p2a: Tapu Fini\n|\n|-heal|p2a: Tapu Fini|37\/100|[from] item: Leftovers\n|upkeep\n|\n|t:|1626289545\n|switch|p1a: Tapu Koko|Tapu Koko|59\/100\n|-fieldstart|move: Electric Terrain|[from] ability: Electric Surge|[of] p1a: Tapu Koko\n|turn|27\n|\n|t:|1626289562\n|move|p1a: Tapu Koko|Roost|p1a: Tapu Koko\n|-heal|p1a: Tapu Koko|100\/100\n|-singleturn|p1a: Tapu Koko|move: Roost\n|move|p2a: Tapu Fini|Moonblast|p1a: Tapu Koko\n|-damage|p1a: Tapu Koko|62\/100\n|\n|-heal|p2a: Tapu Fini|43\/100|[from] item: Leftovers\n|upkeep\n|turn|28\n|\n|t:|1626289574\n|move|p1a: Tapu Koko|Thunderbolt|p2a: Tapu Fini\n|-supereffective|p2a: Tapu Fini\n|-damage|p2a: Tapu Fini|0 fnt\n|faint|p2a: Tapu Fini\n|\n|upkeep\n|\n|t:|1626289576\n|switch|p2a: Landorus|Landorus-Therian, M|88\/100\n|-damage|p2a: Landorus|76\/100|[from] Stealth Rock\n|-ability|p2a: Landorus|Intimidate|boost\n|-unboost|p1a: Tapu Koko|atk|1\n|turn|29\n|inactive|OU make me yawn has 120 seconds left.\n|inactive|OU make me yawn has 90 seconds left.\n|inactive|OU make me yawn has 60 seconds left.\n|\n|t:|1626289689\n|move|p1a: Tapu Koko|Dazzling Gleam|p2a: Landorus\n|-damage|p2a: Landorus|45\/100\n|move|p2a: Landorus|Defog|p1a: Tapu Koko\n|-unboost|p1a: Tapu Koko|evasion|1\n|-sideend|p2: SMxVale|Stealth Rock|[from] move: Defog|[of] p2a: Landorus\n|-fieldend|move: Electric Terrain\n|\n|-heal|p2a: Landorus|51\/100|[from] item: Leftovers\n|upkeep\n|turn|30\n|\n|t:|1626289709\n|move|p1a: Tapu Koko|U-turn|p2a: Landorus\n|-resisted|p2a: Landorus\n|-damage|p2a: Landorus|46\/100\n|\n|t:|1626289712\n|switch|p1a: Dragonite|Dragonite, F|7\/100|[from]move: U-turn\n|move|p2a: Landorus|Earthquake|p1a: Dragonite\n|-immune|p1a: Dragonite\n|\n|-heal|p2a: Landorus|52\/100|[from] item: Leftovers\n|upkeep\n|turn|31\n|\n|t:|1626289726\n|switch|p1a: Tapu Koko|Tapu Koko|62\/100\n|-fieldstart|move: Electric Terrain|[from] ability: Electric Surge|[of] p1a: Tapu Koko\n|move|p2a: Landorus|U-turn|p1a: Tapu Koko\n|-resisted|p1a: Tapu Koko\n|-damage|p1a: Tapu Koko|50\/100\n|\n|t:|1626289744\n|switch|p2a: Dragonite|Dragonite, M|69\/100|[from]move: U-turn\n|\n|upkeep\n|turn|32\n|\n|t:|1626289750\n|switch|p1a: Dragonite|Dragonite, F|7\/100\n|move|p2a: Dragonite|Extreme Speed|p1a: Dragonite\n|-damage|p1a: Dragonite|0 fnt\n|faint|p1a: Dragonite\n|\n|upkeep\n|\n|t:|1626289752\n|switch|p1a: Scizor|Scizor, F|46\/100\n|turn|33\n|\n|t:|1626289765\n|switch|p2a: Landorus|Landorus-Therian, M|52\/100\n|-ability|p2a: Landorus|Intimidate|boost\n|-unboost|p1a: Scizor|atk|1\n|move|p1a: Scizor|Roost|p1a: Scizor\n|-heal|p1a: Scizor|96\/100\n|-singleturn|p1a: Scizor|move: Roost\n|\n|-heal|p2a: Landorus|59\/100|[from] item: Leftovers\n|upkeep\n|turn|34\n|\n|t:|1626289780\n|move|p2a: Landorus|U-turn|p1a: Scizor\n|-resisted|p1a: Scizor\n|-damage|p1a: Scizor|86\/100\n|\n|t:|1626289785\n|switch|p2a: Dragonite|Dragonite, M|69\/100|[from]move: U-turn\n|move|p1a: Scizor|Knock Off|p2a: Dragonite\n|-damage|p2a: Dragonite|46\/100\n|-enditem|p2a: Dragonite|Choice Band|[from] move: Knock Off|[of] p1a: Scizor\n|\n|upkeep\n|turn|35\n|inactive|OU make me yawn has 90 seconds left.\n|\n|t:|1626289819\n|move|p2a: Dragonite|Dual Wingbeat|p1a: Scizor\n|-damage|p1a: Scizor|65\/100\n|-damage|p1a: Scizor|46\/100\n|-hitcount|p1a: Scizor|2\n|move|p1a: Scizor|Roost|p1a: Scizor\n|-heal|p1a: Scizor|96\/100\n|-singleturn|p1a: Scizor|move: Roost\n|\n|-fieldend|move: Electric Terrain\n|upkeep\n|turn|36\n|\n|t:|1626289844\n|move|p2a: Dragonite|Dual Wingbeat|p1a: Scizor\n|-damage|p1a: Scizor|79\/100\n|-damage|p1a: Scizor|58\/100\n|-hitcount|p1a: Scizor|2\n|move|p1a: Scizor|Knock Off|p2a: Dragonite\n|-damage|p2a: Dragonite|33\/100\n|\n|upkeep\n|turn|37\n|\n|t:|1626289853\n|move|p2a: Dragonite|Dual Wingbeat|p1a: Scizor\n|-damage|p1a: Scizor|37\/100\n|-damage|p1a: Scizor|17\/100\n|-hitcount|p1a: Scizor|2\n|move|p1a: Scizor|Roost|p1a: Scizor\n|-heal|p1a: Scizor|67\/100\n|-singleturn|p1a: Scizor|move: Roost\n|\n|upkeep\n|turn|38\n|\n|t:|1626289859\n|move|p2a: Dragonite|Dual Wingbeat|p1a: Scizor\n|-damage|p1a: Scizor|47\/100\n|-damage|p1a: Scizor|28\/100\n|-hitcount|p1a: Scizor|2\n|move|p1a: Scizor|Roost|p1a: Scizor\n|-heal|p1a: Scizor|78\/100\n|-singleturn|p1a: Scizor|move: Roost\n|\n|upkeep\n|turn|39\n|\n|t:|1626289868\n|move|p2a: Dragonite|Dual Wingbeat|p1a: Scizor\n|-damage|p1a: Scizor|59\/100\n|-damage|p1a: Scizor|39\/100\n|-hitcount|p1a: Scizor|2\n|move|p1a: Scizor|Roost|p1a: Scizor\n|-heal|p1a: Scizor|89\/100\n|-singleturn|p1a: Scizor|move: Roost\n|\n|upkeep\n|turn|40\n|inactive|SMxVale has 120 seconds left.\n|\n|t:|1626289885\n|move|p2a: Dragonite|Dual Wingbeat|p1a: Scizor\n|-damage|p1a: Scizor|68\/100\n|-damage|p1a: Scizor|48\/100\n|-hitcount|p1a: Scizor|2\n|move|p1a: Scizor|Knock Off|p2a: Dragonite\n|-damage|p2a: Dragonite|19\/100\n|\n|upkeep\n|turn|41\n|\n|t:|1626289893\n|move|p2a: Dragonite|Dual Wingbeat|p1a: Scizor\n|-damage|p1a: Scizor|29\/100\n|-damage|p1a: Scizor|12\/100\n|-hitcount|p1a: Scizor|2\n|move|p1a: Scizor|Roost|p1a: Scizor\n|-heal|p1a: Scizor|62\/100\n|-singleturn|p1a: Scizor|move: Roost\n|\n|upkeep\n|turn|42\n|inactive|SMxVale has 120 seconds left.\n|\n|t:|1626289904\n|move|p2a: Dragonite|Dual Wingbeat|p1a: Scizor\n|-damage|p1a: Scizor|43\/100\n|-damage|p1a: Scizor|23\/100\n|-hitcount|p1a: Scizor|2\n|move|p1a: Scizor|Roost|p1a: Scizor\n|-heal|p1a: Scizor|73\/100\n|-singleturn|p1a: Scizor|move: Roost\n|\n|upkeep\n|turn|43\n|inactive|SMxVale has 120 seconds left.\n|\n|t:|1626289911\n|move|p1a: Scizor|Bullet Punch|p2a: Dragonite\n|-damage|p2a: Dragonite|0 fnt\n|faint|p2a: Dragonite\n|\n|upkeep\n|inactive|SMxVale has 120 seconds left.\n|\n|t:|1626289929\n|switch|p2a: Melmetal|Melmetal|63\/100\n|turn|44\n|\n|t:|1626289955\n|move|p1a: Scizor|Knock Off|p2a: Melmetal\n|-damage|p2a: Melmetal|51\/100\n|-enditem|p2a: Melmetal|Choice Band|[from] move: Knock Off|[of] p1a: Scizor\n|move|p2a: Melmetal|Double Iron Bash|p1a: Scizor\n|-resisted|p1a: Scizor\n|-damage|p1a: Scizor|54\/100\n|-resisted|p1a: Scizor\n|-damage|p1a: Scizor|34\/100\n|-hitcount|p1a: Scizor|2\n|\n|upkeep\n|turn|45\n|\n|t:|1626289972\n|move|p1a: Scizor|Roost|p1a: Scizor\n|-heal|p1a: Scizor|84\/100\n|-singleturn|p1a: Scizor|move: Roost\n|move|p2a: Melmetal|Double Iron Bash|p1a: Scizor\n|-resisted|p1a: Scizor\n|-damage|p1a: Scizor|64\/100\n|-resisted|p1a: Scizor\n|-damage|p1a: Scizor|45\/100\n|-hitcount|p1a: Scizor|2\n|\n|upkeep\n|turn|46\n|\n|t:|1626289992\n|move|p1a: Scizor|Roost|p1a: Scizor\n|-heal|p1a: Scizor|96\/100\n|-singleturn|p1a: Scizor|move: Roost\n|move|p2a: Melmetal|Double Iron Bash|p1a: Scizor\n|-resisted|p1a: Scizor\n|-damage|p1a: Scizor|78\/100\n|-resisted|p1a: Scizor\n|-damage|p1a: Scizor|61\/100\n|-hitcount|p1a: Scizor|2\n|\n|upkeep\n|turn|47\n|\n|t:|1626290000\n|move|p1a: Scizor|Roost|p1a: Scizor\n|-heal|p1a: Scizor|100\/100\n|-singleturn|p1a: Scizor|move: Roost\n|move|p2a: Melmetal|Double Iron Bash|p1a: Scizor\n|-resisted|p1a: Scizor\n|-damage|p1a: Scizor|83\/100\n|-resisted|p1a: Scizor\n|-damage|p1a: Scizor|64\/100\n|-hitcount|p1a: Scizor|2\n|\n|upkeep\n|turn|48\n|\n|t:|1626290005\n|move|p1a: Scizor|Knock Off|p2a: Melmetal\n|-damage|p2a: Melmetal|43\/100\n|move|p2a: Melmetal|Double Iron Bash|p1a: Scizor\n|-resisted|p1a: Scizor\n|-damage|p1a: Scizor|44\/100\n|-resisted|p1a: Scizor\n|-damage|p1a: Scizor|27\/100\n|-hitcount|p1a: Scizor|2\n|\n|upkeep\n|turn|49\n|\n|t:|1626290009\n|move|p1a: Scizor|Roost|p1a: Scizor\n|-heal|p1a: Scizor|77\/100\n|-singleturn|p1a: Scizor|move: Roost\n|move|p2a: Melmetal|Double Iron Bash|p1a: Scizor\n|-resisted|p1a: Scizor\n|-damage|p1a: Scizor|57\/100\n|-resisted|p1a: Scizor\n|-damage|p1a: Scizor|38\/100\n|-hitcount|p1a: Scizor|2\n|\n|upkeep\n|turn|50\n|\n|t:|1626290014\n|move|p1a: Scizor|Roost|p1a: Scizor\n|-heal|p1a: Scizor|88\/100\n|-singleturn|p1a: Scizor|move: Roost\n|move|p2a: Melmetal|Thunder Punch|p1a: Scizor\n|-damage|p1a: Scizor|60\/100\n|\n|upkeep\n|turn|51\n|\n|t:|1626290019\n|move|p1a: Scizor|Knock Off|p2a: Melmetal\n|-damage|p2a: Melmetal|35\/100\n|move|p2a: Melmetal|Earthquake|p1a: Scizor\n|-damage|p1a: Scizor|28\/100\n|\n|upkeep\n|turn|52\n|\n|t:|1626290029\n|move|p1a: Scizor|Roost|p1a: Scizor\n|-heal|p1a: Scizor|78\/100\n|-singleturn|p1a: Scizor|move: Roost\n|move|p2a: Melmetal|Earthquake|p1a: Scizor\n|-damage|p1a: Scizor|45\/100\n|\n|upkeep\n|turn|53\n|\n|t:|1626290031\n|move|p1a: Scizor|Roost|p1a: Scizor\n|-heal|p1a: Scizor|95\/100\n|-singleturn|p1a: Scizor|move: Roost\n|move|p2a: Melmetal|Earthquake|p1a: Scizor\n|-damage|p1a: Scizor|62\/100\n|\n|upkeep\n|turn|54\n|\n|t:|1626290034\n|move|p1a: Scizor|Knock Off|p2a: Melmetal\n|-damage|p2a: Melmetal|28\/100\n|move|p2a: Melmetal|Earthquake|p1a: Scizor\n|-damage|p1a: Scizor|28\/100\n|\n|upkeep\n|turn|55\n|c|\u2606SMxVale|it really game down to stall\n|c|\u2606SMxVale|came\n|inactive|OU make me yawn has 120 seconds left.\n|\n|t:|1626290076\n|move|p1a: Scizor|Roost|p1a: Scizor\n|-heal|p1a: Scizor|79\/100\n|-singleturn|p1a: Scizor|move: Roost\n|move|p2a: Melmetal|Earthquake|p1a: Scizor\n|-damage|p1a: Scizor|44\/100\n|\n|upkeep\n|turn|56\n|\n|t:|1626290083\n|move|p1a: Scizor|Knock Off|p2a: Melmetal\n|-damage|p2a: Melmetal|20\/100\n|move|p2a: Melmetal|Earthquake|p1a: Scizor\n|-damage|p1a: Scizor|12\/100\n|\n|upkeep\n|turn|57\n|inactive|OU make me yawn has 120 seconds left.\n|\n|t:|1626290091\n|move|p1a: Scizor|Roost|p1a: Scizor\n|-heal|p1a: Scizor|62\/100\n|-singleturn|p1a: Scizor|move: Roost\n|move|p2a: Melmetal|Earthquake|p1a: Scizor\n|-damage|p1a: Scizor|30\/100\n|\n|upkeep\n|turn|58\n|\n|t:|1626290097\n|move|p1a: Scizor|Knock Off|p2a: Melmetal\n|-damage|p2a: Melmetal|12\/100\n|move|p2a: Melmetal|Earthquake|p1a: Scizor\n|-damage|p1a: Scizor|0 fnt\n|faint|p1a: Scizor\n|\n|upkeep\n|\n|t:|1626290099\n|switch|p1a: Tapu Koko|Tapu Koko|50\/100\n|-fieldstart|move: Electric Terrain|[from] ability: Electric Surge|[of] p1a: Tapu Koko\n|turn|59\n|\n|t:|1626290102\n|move|p1a: Tapu Koko|Dazzling Gleam|p2a: Melmetal\n|-resisted|p2a: Melmetal\n|-damage|p2a: Melmetal|0 fnt\n|faint|p2a: Melmetal\n|\n|upkeep\n|c|\u2606SMxVale|dont crrit pls\n|\n|t:|1626290107\n|switch|p2a: Landorus|Landorus-Therian, M|59\/100\n|-ability|p2a: Landorus|Intimidate|boost\n|-unboost|p1a: Tapu Koko|atk|1\n|turn|60\n|\n|t:|1626290109\n|move|p1a: Tapu Koko|Dazzling Gleam|p2a: Landorus\n|-damage|p2a: Landorus|31\/100\n|move|p2a: Landorus|Earthquake|p1a: Tapu Koko\n|-supereffective|p1a: Tapu Koko\n|-damage|p1a: Tapu Koko|0 fnt\n|faint|p1a: Tapu Koko\n|\n|win|SMxVale\n|c|\u2606SMxVale|gg\n|raw|OU make me yawn's rating: 1757 &rarr; <strong>1732<\/strong><br \/>(-25 for losing)\n|raw|SMxVale's rating: 1661 &rarr; <strong>1686<\/strong><br \/>(+25 for winning)\n|c|\u2606OU make me yawn|bg\n|l|\u2606OU make me yawn\n|c|\u2606SMxVale|yh bg\n||Ladder isn't responding, score probably updated but might not have (Request timeout).\n|l|\u2606SMxVale\n|j|\u2606OU make me yawn\n|player|p1|OU make me yawn|zinnia\n","uploadtime":1626291146,"views":21,"p1id":"oumakemeyawn","p2id":"smxvale","formatid":"gen8ou","rating":1686,"private":0,"password":null}