{"id":"gen8ou-1688408106","p1":"Vodyne","p2":"Bigfo123","format":"gen8ou","log":"|html|<div class=\"broadcast-blue\"><strong>[Gen 8] OU is currently suspecting Melmetal! For information on how to participate check out the <a href=\"https:\/\/www.smogon.com\/forums\/threads\/np-ss-ou-suspect-process-round-12-monster-mash.3709234\/\">suspect thread<\/a>.<\/strong><\/div>\n|j|\u2606Vodyne\n|j|\u2606Bigfo123\n|t:|1666062069\n|gametype|singles\n|player|p1|Vodyne|169|1604\n|player|p2|Bigfo123|hiker|1615\n|teamsize|p1|6\n|teamsize|p2|6\n|gen|8\n|tier|[Gen 8] OU\n|rated|\n|rule|Sleep Clause Mod: Limit one foe put to sleep\n|rule|Species Clause: Limit one of each Pok\u00e9mon\n|rule|OHKO Clause: OHKO moves are banned\n|rule|Evasion Items Clause: Evasion items are banned\n|rule|Evasion Moves Clause: Evasion moves are banned\n|rule|Endless Battle Clause: Forcing endless battles is banned\n|rule|HP Percentage Mod: HP is shown in percentages\n|rule|Dynamax Clause: You cannot dynamax\n|clearpoke\n|poke|p1|Snorlax, M|\n|poke|p1|Suicune|\n|poke|p1|Melmetal|\n|poke|p1|Victini|\n|poke|p1|Landorus-Therian, M|\n|poke|p1|Zapdos|\n|poke|p2|Victini|\n|poke|p2|Slowking, M|\n|poke|p2|Buzzwole|\n|poke|p2|Landorus-Therian, M|\n|poke|p2|Corviknight, M|\n|poke|p2|Rillaboom, M|\n|teampreview\n|inactive|Battle timer is ON: inactive players will automatically lose when time's up. (requested by Bigfo123)\n|\n|t:|1666062092\n|start\n|switch|p1a: Landorus|Landorus-Therian, M|100\/100\n|switch|p2a: Landorus|Landorus-Therian, M|100\/100\n|-ability|p2a: Landorus|Intimidate|boost\n|-unboost|p1a: Landorus|atk|1\n|-ability|p1a: Landorus|Intimidate|boost\n|-unboost|p2a: Landorus|atk|1\n|turn|1\n|\n|t:|1666062117\n|move|p1a: Landorus|Knock Off|p2a: Landorus\n|-damage|p2a: Landorus|70\/100\n|-enditem|p2a: Landorus|Choice Scarf|[from] move: Knock Off|[of] p1a: Landorus\n|move|p2a: Landorus|Knock Off|p1a: Landorus\n|-damage|p1a: Landorus|70\/100\n|-enditem|p1a: Landorus|Choice Scarf|[from] move: Knock Off|[of] p2a: Landorus\n|\n|upkeep\n|turn|2\n|c|\u2606Bigfo123|eyy\n|c|\u2606Vodyne|eyyy\n|\n|t:|1666062131\n|move|p1a: Landorus|U-turn|p2a: Landorus\n|-resisted|p2a: Landorus\n|-crit|p2a: Landorus\n|-damage|p2a: Landorus|46\/100\n|\n|t:|1666062135\n|switch|p1a: Zapdos|Zapdos|100\/100|[from]move: U-turn\n|move|p2a: Landorus|U-turn|p1a: Zapdos\n|-resisted|p1a: Zapdos\n|-damage|p1a: Zapdos|91\/100\n|-status|p2a: Landorus|par|[from] ability: Static|[of] p1a: Zapdos\n|\n|t:|1666062146\n|switch|p2a: Victini|Victini|100\/100|[from]move: U-turn\n|\n|upkeep\n|turn|3\n|\n|t:|1666062151\n|switch|p1a: Snorlax|Snorlax, M|100\/100\n|move|p2a: Victini|V-create|p1a: Snorlax\n|-damage|p1a: Snorlax|49\/100\n|-unboost|p2a: Victini|spe|1\n|-unboost|p2a: Victini|def|1\n|-unboost|p2a: Victini|spd|1\n|\n|-heal|p1a: Snorlax|55\/100|[from] item: Leftovers\n|upkeep\n|turn|4\n|\n|t:|1666062159\n|switch|p2a: Corviknight|Corviknight, M|100\/100\n|-ability|p2a: Corviknight|Pressure\n|switch|p1a: Suicune|Suicune|100\/100\n|-ability|p1a: Suicune|Pressure\n|\n|upkeep\n|turn|5\n|\n|t:|1666062165\n|switch|p1a: Zapdos|Zapdos|91\/100\n|move|p2a: Corviknight|Brave Bird|p1a: Zapdos\n|-resisted|p1a: Zapdos\n|-damage|p1a: Zapdos|72\/100\n|-damage|p2a: Corviknight|95\/100|[from] Recoil\n|\n|-heal|p2a: Corviknight|100\/100|[from] item: Leftovers\n|upkeep\n|turn|6\n|\n|t:|1666062172\n|move|p1a: Zapdos|Heat Wave|p2a: Corviknight\n|-supereffective|p2a: Corviknight\n|-damage|p2a: Corviknight|50\/100\n|move|p2a: Corviknight|U-turn|p1a: Zapdos\n|-resisted|p1a: Zapdos\n|-damage|p1a: Zapdos|64\/100\n|\n|t:|1666062175\n|switch|p2a: Victini|Victini|100\/100|[from]move: U-turn\n|\n|upkeep\n|turn|7\n|\n|t:|1666062182\n|switch|p1a: Snorlax|Snorlax, M|55\/100\n|move|p2a: Victini|V-create|p1a: Snorlax\n|-damage|p1a: Snorlax|4\/100\n|-unboost|p2a: Victini|spe|1\n|-unboost|p2a: Victini|def|1\n|-unboost|p2a: Victini|spd|1\n|\n|-heal|p1a: Snorlax|10\/100|[from] item: Leftovers\n|upkeep\n|turn|8\n|\n|t:|1666062191\n|switch|p1a: Suicune|Suicune|100\/100\n|-ability|p1a: Suicune|Pressure\n|move|p2a: Victini|V-create|p1a: Suicune\n|-resisted|p1a: Suicune\n|-damage|p1a: Suicune|65\/100\n|-unboost|p2a: Victini|spe|1\n|-unboost|p2a: Victini|def|1\n|-unboost|p2a: Victini|spd|1\n|\n|-heal|p1a: Suicune|71\/100|[from] item: Leftovers\n|upkeep\n|turn|9\n|\n|t:|1666062202\n|switch|p2a: Slowking|Slowking, M|100\/100\n|move|p1a: Suicune|Scald|p2a: Slowking\n|-resisted|p2a: Slowking\n|-damage|p2a: Slowking|94\/100\n|\n|-heal|p1a: Suicune|78\/100|[from] item: Leftovers\n|upkeep\n|turn|10\n|\n|t:|1666062208\n|switch|p1a: Snorlax|Snorlax, M|10\/100\n|move|p2a: Slowking|Future Sight|p1a: Snorlax\n|-start|p2a: Slowking|move: Future Sight\n|\n|-heal|p1a: Snorlax|17\/100|[from] item: Leftovers\n|upkeep\n|turn|11\n|\n|t:|1666062211\n|move|p1a: Snorlax|Heat Crash|p2a: Slowking\n|-resisted|p2a: Slowking\n|-damage|p2a: Slowking|77\/100\n|move|p2a: Slowking|Scald|p1a: Snorlax\n|-damage|p1a: Snorlax|4\/100\n|\n|-heal|p1a: Snorlax|10\/100|[from] item: Leftovers\n|upkeep\n|turn|12\n|\n|t:|1666062218\n|switch|p2a: Buzzwole|Buzzwole|100\/100\n|move|p1a: Snorlax|Rest|p1a: Snorlax\n|-status|p1a: Snorlax|slp|[from] move: Rest\n|-heal|p1a: Snorlax|100\/100 slp|[silent]\n|\n|-end|p1a: Snorlax|move: Future Sight\n|-damage|p1a: Snorlax|81\/100 slp\n|-heal|p1a: Snorlax|87\/100 slp|[from] item: Leftovers\n|upkeep\n|turn|13\n|\n|t:|1666062223\n|switch|p1a: Suicune|Suicune|78\/100\n|-ability|p1a: Suicune|Pressure\n|move|p2a: Buzzwole|Close Combat|p1a: Suicune\n|-damage|p1a: Suicune|48\/100\n|-unboost|p2a: Buzzwole|def|1\n|-unboost|p2a: Buzzwole|spd|1\n|\n|-heal|p1a: Suicune|54\/100|[from] item: Leftovers\n|upkeep\n|turn|14\n|\n|t:|1666062229\n|move|p1a: Suicune|Scald|p2a: Buzzwole\n|-damage|p2a: Buzzwole|46\/100\n|move|p2a: Buzzwole|Toxic|p1a: Suicune\n|-status|p1a: Suicune|tox\n|\n|-heal|p1a: Suicune|61\/100 tox|[from] item: Leftovers\n|-damage|p1a: Suicune|54\/100 tox|[from] psn\n|upkeep\n|turn|15\n|\n|t:|1666062235\n|switch|p2a: Rillaboom|Rillaboom, M|100\/100\n|-fieldstart|move: Grassy Terrain|[from] ability: Grassy Surge|[of] p2a: Rillaboom\n|move|p1a: Suicune|Ice Beam|p2a: Rillaboom\n|-supereffective|p2a: Rillaboom\n|-damage|p2a: Rillaboom|61\/100\n|\n|-heal|p1a: Suicune|61\/100 tox|[from] Grassy Terrain\n|-heal|p1a: Suicune|67\/100 tox|[from] item: Leftovers\n|-heal|p2a: Rillaboom|67\/100|[from] Grassy Terrain\n|-damage|p1a: Suicune|54\/100 tox|[from] psn\n|upkeep\n|turn|16\n|\n|t:|1666062239\n|switch|p1a: Zapdos|Zapdos|64\/100\n|move|p2a: Rillaboom|Knock Off|p1a: Zapdos\n|-damage|p1a: Zapdos|6\/100\n|-enditem|p1a: Zapdos|Heavy-Duty Boots|[from] move: Knock Off|[of] p2a: Rillaboom\n|\n|-heal|p2a: Rillaboom|73\/100|[from] Grassy Terrain\n|upkeep\n|turn|17\n|\n|t:|1666062251\n|switch|p2a: Victini|Victini|100\/100\n|move|p1a: Zapdos|Heat Wave|p2a: Victini\n|-resisted|p2a: Victini\n|-damage|p2a: Victini|83\/100\n|\n|-heal|p2a: Victini|89\/100|[from] Grassy Terrain\n|upkeep\n|turn|18\n|\n|t:|1666062259\n|switch|p1a: Snorlax|Snorlax, M|87\/100 slp\n|move|p2a: Victini|V-create|p1a: Snorlax\n|-damage|p1a: Snorlax|37\/100 slp\n|-unboost|p2a: Victini|spe|1\n|-unboost|p2a: Victini|def|1\n|-unboost|p2a: Victini|spd|1\n|\n|-heal|p2a: Victini|95\/100|[from] Grassy Terrain\n|-heal|p1a: Snorlax|43\/100 slp|[from] Grassy Terrain\n|-heal|p1a: Snorlax|49\/100 slp|[from] item: Leftovers\n|upkeep\n|turn|19\n|\n|t:|1666062268\n|switch|p2a: Rillaboom|Rillaboom, M|73\/100\n|cant|p1a: Snorlax|slp\n|\n|-heal|p2a: Rillaboom|79\/100|[from] Grassy Terrain\n|-heal|p1a: Snorlax|55\/100 slp|[from] Grassy Terrain\n|-heal|p1a: Snorlax|62\/100 slp|[from] item: Leftovers\n|-fieldend|move: Grassy Terrain\n|upkeep\n|turn|20\n|\n|t:|1666062272\n|move|p2a: Rillaboom|Superpower|p1a: Snorlax\n|-supereffective|p1a: Snorlax\n|-damage|p1a: Snorlax|0 fnt\n|-unboost|p2a: Rillaboom|atk|1\n|-unboost|p2a: Rillaboom|def|1\n|faint|p1a: Snorlax\n|\n|upkeep\n|\n|t:|1666062275\n|switch|p1a: Victini|Victini|100\/100\n|turn|21\n|\n|t:|1666062278\n|switch|p2a: Victini|Victini|95\/100\n|move|p1a: Victini|U-turn|p2a: Victini\n|-damage|p2a: Victini|63\/100\n|\n|t:|1666062284\n|switch|p1a: Landorus|Landorus-Therian, M|70\/100|[from]move: U-turn\n|-ability|p1a: Landorus|Intimidate|boost\n|-unboost|p2a: Victini|atk|1\n|\n|upkeep\n|turn|22\n|\n|t:|1666062287\n|switch|p1a: Suicune|Suicune|54\/100 tox\n|-ability|p1a: Suicune|Pressure\n|move|p2a: Victini|V-create|p1a: Suicune\n|-resisted|p1a: Suicune\n|-damage|p1a: Suicune|32\/100 tox\n|-unboost|p2a: Victini|spe|1\n|-unboost|p2a: Victini|def|1\n|-unboost|p2a: Victini|spd|1\n|\n|-heal|p1a: Suicune|38\/100 tox|[from] item: Leftovers\n|-damage|p1a: Suicune|32\/100 tox|[from] psn\n|upkeep\n|turn|23\n|\n|t:|1666062293\n|switch|p2a: Rillaboom|Rillaboom, M|79\/100\n|-fieldstart|move: Grassy Terrain|[from] ability: Grassy Surge|[of] p2a: Rillaboom\n|move|p1a: Suicune|Rest|p1a: Suicune\n|-status|p1a: Suicune|slp|[from] move: Rest\n|-heal|p1a: Suicune|100\/100 slp|[silent]\n|\n|-heal|p2a: Rillaboom|86\/100|[from] Grassy Terrain\n|upkeep\n|turn|24\n|\n|t:|1666062309\n|switch|p1a: Landorus|Landorus-Therian, M|70\/100\n|-ability|p1a: Landorus|Intimidate|boost\n|-unboost|p2a: Rillaboom|atk|1\n|move|p2a: Rillaboom|Knock Off|p1a: Landorus\n|-damage|p1a: Landorus|43\/100\n|\n|-heal|p2a: Rillaboom|92\/100|[from] Grassy Terrain\n|upkeep\n|turn|25\n|\n|t:|1666062316\n|switch|p2a: Buzzwole|Buzzwole|46\/100\n|move|p1a: Landorus|U-turn|p2a: Buzzwole\n|-resisted|p2a: Buzzwole\n|-damage|p2a: Buzzwole|40\/100\n|-damage|p1a: Landorus|27\/100|[from] item: Rocky Helmet|[of] p2a: Buzzwole\n|\n|t:|1666062318\n|switch|p1a: Zapdos|Zapdos|6\/100|[from]move: U-turn\n|\n|-heal|p2a: Buzzwole|46\/100|[from] Grassy Terrain\n|upkeep\n|turn|26\n|\n|t:|1666062320\n|move|p1a: Zapdos|Heat Wave|p2a: Buzzwole\n|-supereffective|p2a: Buzzwole\n|-damage|p2a: Buzzwole|0 fnt\n|faint|p2a: Buzzwole\n|\n|upkeep\n|\n|t:|1666062329\n|switch|p2a: Victini|Victini|63\/100\n|turn|27\n|\n|t:|1666062335\n|switch|p1a: Landorus|Landorus-Therian, M|27\/100\n|-ability|p1a: Landorus|Intimidate|boost\n|-unboost|p2a: Victini|atk|1\n|move|p2a: Victini|U-turn|p1a: Landorus\n|-resisted|p1a: Landorus\n|-damage|p1a: Landorus|15\/100\n|\n|t:|1666062341\n|switch|p2a: Rillaboom|Rillaboom, M|92\/100|[from]move: U-turn\n|\n|-heal|p2a: Rillaboom|98\/100|[from] Grassy Terrain\n|-fieldend|move: Grassy Terrain\n|upkeep\n|turn|28\n|\n|t:|1666062346\n|move|p1a: Landorus|U-turn|p2a: Rillaboom\n|-supereffective|p2a: Rillaboom\n|-damage|p2a: Rillaboom|50\/100\n|\n|t:|1666062367\n|switch|p1a: Zapdos|Zapdos|6\/100|[from]move: U-turn\n|move|p2a: Rillaboom|Wood Hammer|p1a: Zapdos\n|-resisted|p1a: Zapdos\n|-damage|p1a: Zapdos|0 fnt\n|faint|p1a: Zapdos\n|-damage|p2a: Rillaboom|48\/100|[from] Recoil\n|\n|upkeep\n|\n|t:|1666062375\n|switch|p1a: Victini|Victini|100\/100\n|turn|29\n|\n|t:|1666062382\n|switch|p2a: Landorus|Landorus-Therian, M|46\/100 par\n|-ability|p2a: Landorus|Intimidate|boost\n|-unboost|p1a: Victini|atk|1\n|move|p1a: Victini|U-turn|p2a: Landorus\n|-resisted|p2a: Landorus\n|-damage|p2a: Landorus|34\/100 par\n|\n|t:|1666062396\n|switch|p1a: Landorus|Landorus-Therian, M|15\/100|[from]move: U-turn\n|-ability|p1a: Landorus|Intimidate|boost\n|-unboost|p2a: Landorus|atk|1\n|\n|upkeep\n|turn|30\n|\n|t:|1666062400\n|move|p1a: Landorus|Stone Edge|p2a: Landorus|[miss]\n|-miss|p1a: Landorus|p2a: Landorus\n|move|p2a: Landorus|Knock Off|p1a: Landorus\n|-damage|p1a: Landorus|0 fnt\n|faint|p1a: Landorus\n|\n|upkeep\n|\n|t:|1666062406\n|switch|p1a: Suicune|Suicune|100\/100 slp\n|-ability|p1a: Suicune|Pressure\n|turn|31\n|\n|t:|1666062418\n|switch|p1a: Victini|Victini|100\/100\n|cant|p2a: Landorus|par\n|\n|upkeep\n|turn|32\n|\n|t:|1666062424\n|move|p1a: Victini|V-create|p2a: Landorus\n|-damage|p2a: Landorus|0 fnt\n|-unboost|p1a: Victini|spe|1\n|-unboost|p1a: Victini|def|1\n|-unboost|p1a: Victini|spd|1\n|faint|p2a: Landorus\n|\n|upkeep\n|\n|t:|1666062427\n|switch|p2a: Victini|Victini|63\/100\n|turn|33\n|\n|t:|1666062433\n|switch|p1a: Suicune|Suicune|100\/100 slp\n|-ability|p1a: Suicune|Pressure\n|move|p2a: Victini|Bolt Strike|p1a: Suicune\n|-supereffective|p1a: Suicune\n|-damage|p1a: Suicune|33\/100 slp\n|\n|-heal|p1a: Suicune|39\/100 slp|[from] item: Leftovers\n|upkeep\n|turn|34\n|\n|t:|1666062440\n|move|p2a: Victini|Bolt Strike|p1a: Suicune\n|-supereffective|p1a: Suicune\n|-damage|p1a: Suicune|0 fnt\n|faint|p1a: Suicune\n|\n|upkeep\n|\n|t:|1666062445\n|switch|p1a: Melmetal|Melmetal|100\/100\n|turn|35\n|\n|t:|1666062462\n|switch|p2a: Slowking|Slowking, M|100\/100\n|move|p1a: Melmetal|Thunder Punch|p2a: Slowking\n|-supereffective|p2a: Slowking\n|-damage|p2a: Slowking|23\/100\n|\n|upkeep\n|turn|36\n|\n|t:|1666062471\n|move|p1a: Melmetal|Earthquake|p2a: Slowking\n|-damage|p2a: Slowking|0 fnt\n|faint|p2a: Slowking\n|\n|upkeep\n|\n|t:|1666062474\n|switch|p2a: Victini|Victini|63\/100\n|turn|37\n|\n|t:|1666062477\n|switch|p1a: Victini|Victini|100\/100\n|move|p2a: Victini|V-create|p1a: Victini\n|-resisted|p1a: Victini\n|-damage|p1a: Victini|43\/100\n|-unboost|p2a: Victini|spe|1\n|-unboost|p2a: Victini|def|1\n|-unboost|p2a: Victini|spd|1\n|\n|upkeep\n|turn|38\n|\n|t:|1666062486\n|switch|p2a: Corviknight|Corviknight, M|50\/100\n|-ability|p2a: Corviknight|Pressure\n|move|p1a: Victini|V-create|p2a: Corviknight\n|-supereffective|p2a: Corviknight\n|-damage|p2a: Corviknight|0 fnt\n|-unboost|p1a: Victini|spe|1\n|-unboost|p1a: Victini|def|1\n|-unboost|p1a: Victini|spd|1\n|faint|p2a: Corviknight\n|\n|upkeep\n|\n|t:|1666062487\n|switch|p2a: Rillaboom|Rillaboom, M|48\/100\n|-fieldstart|move: Grassy Terrain|[from] ability: Grassy Surge|[of] p2a: Rillaboom\n|turn|39\n|\n|t:|1666062490\n|switch|p1a: Melmetal|Melmetal|100\/100\n|move|p2a: Rillaboom|Superpower|p1a: Melmetal\n|-supereffective|p1a: Melmetal\n|-damage|p1a: Melmetal|15\/100\n|-unboost|p2a: Rillaboom|atk|1\n|-unboost|p2a: Rillaboom|def|1\n|\n|-heal|p2a: Rillaboom|54\/100|[from] Grassy Terrain\n|-heal|p1a: Melmetal|21\/100|[from] Grassy Terrain\n|upkeep\n|turn|40\n|\n|t:|1666062504\n|switch|p2a: Victini|Victini|63\/100\n|move|p1a: Melmetal|Double Iron Bash|p2a: Victini\n|-resisted|p2a: Victini\n|-damage|p2a: Victini|40\/100\n|-resisted|p2a: Victini\n|-damage|p2a: Victini|19\/100\n|-hitcount|p2a: Victini|2\n|\n|-heal|p2a: Victini|25\/100|[from] Grassy Terrain\n|-heal|p1a: Melmetal|28\/100|[from] Grassy Terrain\n|upkeep\n|turn|41\n|\n|t:|1666062509\n|move|p2a: Victini|Bolt Strike|p1a: Melmetal\n|-damage|p1a: Melmetal|0 fnt\n|faint|p1a: Melmetal\n|\n|-heal|p2a: Victini|31\/100|[from] Grassy Terrain\n|upkeep\n|\n|t:|1666062511\n|switch|p1a: Victini|Victini|43\/100\n|turn|42\n|\n|t:|1666062517\n|move|p2a: Victini|Bolt Strike|p1a: Victini\n|-damage|p1a: Victini|0 fnt\n|faint|p1a: Victini\n|\n|win|Bigfo123\n|raw|Vodyne's rating: 1604 &rarr; <strong>1585<\/strong><br \/>(-19 for losing)\n|raw|Bigfo123's rating: 1615 &rarr; <strong>1634<\/strong><br \/>(+19 for winning)\n|c|\u2606Vodyne|gg\n|c|\u2606Bigfo123|gg\n|l|\u2606Bigfo123\n","uploadtime":1666062527,"views":19,"p1id":"vodyne","p2id":"bigfo123","formatid":"gen8ou","rating":1585,"private":0,"password":null}