{"id":"gen8ou-1627385647","p1":"LT91BB Raizen","p2":"nthirteen","format":"gen8ou","log":"|raw|<div class=\"broadcast-blue\"><strong>This battle is required to be public due to a player having a name starting with 'lt91bb'.<\/div>\n|j|\u2606LT91BB Raizen\n|j|\u2606nthirteen\n|t:|1659045539\n|gametype|singles\n|player|p1|LT91BB Raizen|#raizen1704|1896\n|player|p2|nthirteen|102|1817\n|teamsize|p1|6\n|teamsize|p2|6\n|gen|8\n|tier|[Gen 8] OU\n|rated|\n|rule|Sleep Clause Mod: Limit one foe put to sleep\n|rule|Species Clause: Limit one of each Pok\u00e9mon\n|rule|OHKO Clause: OHKO moves are banned\n|rule|Evasion Moves Clause: Evasion moves are banned\n|rule|Endless Battle Clause: Forcing endless battles is banned\n|rule|HP Percentage Mod: HP is shown in percentages\n|rule|Dynamax Clause: You cannot dynamax\n|clearpoke\n|poke|p1|Tornadus-Therian, M|\n|poke|p1|Kartana|\n|poke|p1|Landorus-Therian, M|\n|poke|p1|Dragonite, F|\n|poke|p1|Magnezone|\n|poke|p1|Melmetal|\n|poke|p2|Urshifu-*, F|\n|poke|p2|Toxapex, F|\n|poke|p2|Slowking-Galar, M|\n|poke|p2|Landorus-Therian, M|\n|poke|p2|Weavile, F|\n|poke|p2|Corviknight, M|\n|teampreview\n|inactive|Battle timer is ON: inactive players will automatically lose when time's up. (requested by LT91BB Raizen)\n|\n|t:|1659045553\n|start\n|switch|p1a: Tornadus|Tornadus-Therian, M, shiny|100\/100\n|switch|p2a: Slowking|Slowking-Galar, M|100\/100\n|turn|1\n|\n|t:|1659045557\n|move|p1a: Tornadus|Knock Off|p2a: Slowking\n|-supereffective|p2a: Slowking\n|-damage|p2a: Slowking|55\/100\n|-enditem|p2a: Slowking|Assault Vest|[from] move: Knock Off|[of] p1a: Tornadus\n|move|p2a: Slowking|Future Sight|p1a: Tornadus\n|-start|p2a: Slowking|move: Future Sight\n|\n|upkeep\n|turn|2\n|\n|t:|1659045559\n|move|p1a: Tornadus|Knock Off|p2a: Slowking\n|-supereffective|p2a: Slowking\n|-damage|p2a: Slowking|23\/100\n|move|p2a: Slowking|Scald|p1a: Tornadus\n|-damage|p1a: Tornadus|74\/100\n|\n|upkeep\n|turn|3\n|j| rheysali\n|\n|t:|1659045570\n|switch|p1a: Melmetal|Melmetal, shiny|100\/100\n|switch|p2a: Toxapex|Toxapex, F|100\/100\n|\n|-end|p1a: Melmetal|move: Future Sight\n|-resisted|p1a: Melmetal\n|-damage|p1a: Melmetal|74\/100\n|-heal|p1a: Melmetal|81\/100|[from] item: Leftovers\n|upkeep\n|turn|4\n|j| edrala\n|j| aesnop\n|\n|t:|1659045597\n|switch|p2a: Corviknight|Corviknight, M|100\/100\n|-ability|p2a: Corviknight|Pressure\n|move|p1a: Melmetal|Earthquake|p2a: Corviknight\n|-immune|p2a: Corviknight\n|\n|-heal|p1a: Melmetal|87\/100|[from] item: Leftovers\n|upkeep\n|turn|5\n|j|@ironwater\n|\n|t:|1659045608\n|switch|p1a: Magnezone|Magnezone, shiny|100\/100\n|move|p2a: Corviknight|U-turn|p1a: Magnezone\n|-resisted|p1a: Magnezone\n|-crit|p1a: Magnezone\n|-damage|p1a: Magnezone|92\/100\n|-damage|p2a: Corviknight|84\/100|[from] item: Rocky Helmet|[of] p1a: Magnezone\n|j| 9INDU Karma\n|j| Barracades\n|\n|t:|1659045615\n|switch|p2a: Slowking|Slowking-Galar, M|56\/100|[from]move: U-turn\n|\n|upkeep\n|turn|6\n|j| ekt0m0rf\n|\n|t:|1659045621\n|switch|p1a: Landorus|Landorus-Therian, M, shiny|100\/100\n|-ability|p1a: Landorus|Intimidate|boost\n|-unboost|p2a: Slowking|atk|1\n|move|p2a: Slowking|Future Sight|p1a: Landorus\n|-start|p2a: Slowking|move: Future Sight\n|\n|upkeep\n|turn|7\n|j| LT_Alt1\n|\n|t:|1659045625\n|switch|p2a: Urshifu|Urshifu-Rapid-Strike, F|100\/100\n|move|p1a: Landorus|Stealth Rock|p2a: Urshifu\n|-sidestart|p2: nthirteen|move: Stealth Rock\n|\n|upkeep\n|turn|8\n|\n|t:|1659045631\n|switch|p1a: Dragonite|Dragonite, F, shiny|100\/100\n|move|p2a: Urshifu|Surging Strikes|p1a: Dragonite\n|-resisted|p1a: Dragonite\n|-crit|p1a: Dragonite\n|-damage|p1a: Dragonite|96\/100\n|-resisted|p1a: Dragonite\n|-crit|p1a: Dragonite\n|-damage|p1a: Dragonite|86\/100\n|-resisted|p1a: Dragonite\n|-crit|p1a: Dragonite\n|-damage|p1a: Dragonite|77\/100\n|-hitcount|p1a: Dragonite|3\n|\n|-end|p1a: Dragonite|move: Future Sight\n|-damage|p1a: Dragonite|34\/100\n|upkeep\n|turn|9\n|\n|t:|1659045634\n|move|p2a: Urshifu|Taunt|p1a: Dragonite\n|-start|p1a: Dragonite|move: Taunt\n|cant|p1a: Dragonite|move: Taunt|Roost\n|\n|upkeep\n|turn|10\n|\n|t:|1659045637\n|switch|p1a: Tornadus|Tornadus-Therian, M, shiny|100\/100\n|move|p2a: Urshifu|U-turn|p1a: Tornadus\n|-resisted|p1a: Tornadus\n|-damage|p1a: Tornadus|91\/100\n|\n|t:|1659045639\n|switch|p2a: Slowking|Slowking-Galar, M|90\/100|[from]move: U-turn\n|-damage|p2a: Slowking|77\/100|[from] Stealth Rock\n|\n|upkeep\n|turn|11\n|j| riquelme\u273f14\n|\n|t:|1659045642\n|move|p1a: Tornadus|U-turn|p2a: Slowking\n|-damage|p2a: Slowking|61\/100\n|\n|t:|1659045643\n|switch|p1a: Dragonite|Dragonite, F, shiny|34\/100|[from]move: U-turn\n|move|p2a: Slowking|Scald|p1a: Dragonite\n|-resisted|p1a: Dragonite\n|-damage|p1a: Dragonite|25\/100\n|-status|p1a: Dragonite|brn\n|\n|-damage|p1a: Dragonite|19\/100 brn|[from] brn\n|upkeep\n|turn|12\n|\n|t:|1659045646\n|move|p1a: Dragonite|Roost|p1a: Dragonite\n|-heal|p1a: Dragonite|69\/100 brn\n|-singleturn|p1a: Dragonite|move: Roost\n|move|p2a: Slowking|Future Sight|p1a: Dragonite\n|-start|p2a: Slowking|move: Future Sight\n|\n|-damage|p1a: Dragonite|63\/100 brn|[from] brn\n|upkeep\n|turn|13\n|\n|t:|1659045655\n|switch|p1a: Kartana|Kartana, shiny|100\/100\n|switch|p2a: Landorus|Landorus-Therian, M|100\/100\n|-damage|p2a: Landorus|88\/100|[from] Stealth Rock\n|-ability|p2a: Landorus|Intimidate|boost\n|-unboost|p1a: Kartana|atk|1\n|\n|-heal|p2a: Landorus|94\/100|[from] item: Leftovers\n|upkeep\n|turn|14\n|\n|t:|1659045660\n|switch|p1a: Landorus|Landorus-Therian, M, shiny|100\/100\n|-ability|p1a: Landorus|Intimidate|boost\n|-unboost|p2a: Landorus|atk|1\n|move|p2a: Landorus|Stealth Rock|p1a: Landorus\n|-sidestart|p1: LT91BB Raizen|move: Stealth Rock\n|\n|-end|p1a: Landorus|move: Future Sight\n|-damage|p1a: Landorus|55\/100\n|-heal|p1a: Landorus|61\/100|[from] item: Leftovers\n|-heal|p2a: Landorus|99\/100|[from] item: Leftovers\n|upkeep\n|turn|15\n|\n|t:|1659045665\n|switch|p2a: Toxapex|Toxapex, F|100\/100\n|-damage|p2a: Toxapex|88\/100|[from] Stealth Rock\n|move|p1a: Landorus|U-turn|p2a: Toxapex\n|-resisted|p2a: Toxapex\n|-damage|p2a: Toxapex|81\/100\n|-enditem|p2a: Toxapex|Eject Button\n|\n|t:|1659045668\n|switch|p2a: Urshifu|Urshifu-Rapid-Strike, F|100\/100\n|-damage|p2a: Urshifu|94\/100|[from] Stealth Rock\n|\n|-heal|p1a: Landorus|68\/100|[from] item: Leftovers\n|upkeep\n|turn|16\n|\n|t:|1659045673\n|switch|p1a: Tornadus|Tornadus-Therian, M, shiny|100\/100\n|move|p2a: Urshifu|U-turn|p1a: Tornadus\n|-resisted|p1a: Tornadus\n|-damage|p1a: Tornadus|91\/100\n|\n|t:|1659045675\n|switch|p2a: Weavile|Weavile, F|100\/100|[from]move: U-turn\n|-ability|p2a: Weavile|Pressure\n|\n|upkeep\n|turn|17\n|\n|t:|1659045684\n|switch|p1a: Melmetal|Melmetal, shiny|87\/100\n|-damage|p1a: Melmetal|81\/100|[from] Stealth Rock\n|move|p2a: Weavile|Triple Axel|p1a: Melmetal\n|-resisted|p1a: Melmetal\n|-damage|p1a: Melmetal|77\/100\n|-resisted|p1a: Melmetal\n|-damage|p1a: Melmetal|71\/100\n|-resisted|p1a: Melmetal\n|-damage|p1a: Melmetal|62\/100\n|-hitcount|p1a: Melmetal|3\n|\n|-heal|p1a: Melmetal|69\/100|[from] item: Leftovers\n|upkeep\n|turn|18\n|\n|t:|1659045689\n|switch|p2a: Landorus|Landorus-Therian, M|99\/100\n|-damage|p2a: Landorus|88\/100|[from] Stealth Rock\n|-ability|p2a: Landorus|Intimidate|boost\n|-unboost|p1a: Melmetal|atk|1\n|move|p1a: Melmetal|Double Iron Bash|p2a: Landorus\n|-damage|p2a: Landorus|61\/100\n|-damage|p2a: Landorus|36\/100\n|-hitcount|p2a: Landorus|2\n|\n|-heal|p2a: Landorus|42\/100|[from] item: Leftovers\n|-heal|p1a: Melmetal|75\/100|[from] item: Leftovers\n|upkeep\n|turn|19\n|\n|t:|1659045693\n|move|p2a: Landorus|U-turn|p1a: Melmetal\n|-resisted|p1a: Melmetal\n|-damage|p1a: Melmetal|68\/100\n|\n|t:|1659045694\n|switch|p2a: Corviknight|Corviknight, M|84\/100|[from]move: U-turn\n|-damage|p2a: Corviknight|72\/100|[from] Stealth Rock\n|-ability|p2a: Corviknight|Pressure\n|move|p1a: Melmetal|Double Iron Bash|p2a: Corviknight\n|-resisted|p2a: Corviknight\n|-damage|p2a: Corviknight|63\/100\n|-damage|p1a: Melmetal|52\/100|[from] item: Rocky Helmet|[of] p2a: Corviknight\n|-resisted|p2a: Corviknight\n|-damage|p2a: Corviknight|54\/100\n|-damage|p1a: Melmetal|35\/100|[from] item: Rocky Helmet|[of] p2a: Corviknight\n|-hitcount|p2a: Corviknight|2\n|\n|-heal|p1a: Melmetal|41\/100|[from] item: Leftovers\n|upkeep\n|turn|20\n|\n|t:|1659045697\n|switch|p1a: Magnezone|Magnezone, shiny|92\/100\n|-damage|p1a: Magnezone|86\/100|[from] Stealth Rock\n|move|p2a: Corviknight|U-turn|p1a: Magnezone\n|-resisted|p1a: Magnezone\n|-damage|p1a: Magnezone|81\/100\n|-damage|p2a: Corviknight|38\/100|[from] item: Rocky Helmet|[of] p1a: Magnezone\n|\n|t:|1659045703\n|switch|p2a: Slowking|Slowking-Galar, M|94\/100|[from]move: U-turn\n|-damage|p2a: Slowking|82\/100|[from] Stealth Rock\n|\n|upkeep\n|turn|21\n|\n|t:|1659045708\n|switch|p1a: Melmetal|Melmetal, shiny|41\/100\n|-damage|p1a: Melmetal|35\/100|[from] Stealth Rock\n|move|p2a: Slowking|Scald|p1a: Melmetal\n|-damage|p1a: Melmetal|10\/100\n|\n|-heal|p1a: Melmetal|16\/100|[from] item: Leftovers\n|upkeep\n|turn|22\n|\n|t:|1659045712\n|switch|p2a: Toxapex|Toxapex, F|100\/100\n|-damage|p2a: Toxapex|88\/100|[from] Stealth Rock\n|move|p1a: Melmetal|Rest|p1a: Melmetal\n|-status|p1a: Melmetal|slp|[from] move: Rest\n|-heal|p1a: Melmetal|100\/100 slp|[silent]\n|\n|upkeep\n|turn|23\n|\n|t:|1659045717\n|cant|p1a: Melmetal|slp\n|move|p1a: Melmetal|Sleep Talk|p1a: Melmetal\n|move|p1a: Melmetal|Rest||[from]move: Sleep Talk|[still]\n|-fail|p1a: Melmetal\n|move|p2a: Toxapex|Knock Off|p1a: Melmetal\n|-damage|p1a: Melmetal|91\/100 slp\n|-enditem|p1a: Melmetal|Leftovers|[from] move: Knock Off|[of] p2a: Toxapex\n|\n|upkeep\n|turn|24\n|\n|t:|1659045720\n|switch|p2a: Landorus|Landorus-Therian, M|42\/100\n|-damage|p2a: Landorus|29\/100|[from] Stealth Rock\n|-ability|p2a: Landorus|Intimidate|boost\n|-unboost|p1a: Melmetal|atk|1\n|cant|p1a: Melmetal|slp\n|move|p1a: Melmetal|Sleep Talk|p1a: Melmetal\n|move|p1a: Melmetal|Earthquake|p2a: Landorus|[from]move: Sleep Talk\n|-immune|p2a: Landorus\n|\n|-heal|p2a: Landorus|35\/100|[from] item: Leftovers\n|upkeep\n|turn|25\n|\n|t:|1659045724\n|move|p2a: Landorus|U-turn|p1a: Melmetal\n|-resisted|p1a: Melmetal\n|-damage|p1a: Melmetal|84\/100 slp\n|\n|t:|1659045728\n|switch|p2a: Urshifu|Urshifu-Rapid-Strike, F|94\/100|[from]move: U-turn\n|-damage|p2a: Urshifu|88\/100|[from] Stealth Rock\n|-curestatus|p1a: Melmetal|slp|[msg]\n|move|p1a: Melmetal|Double Iron Bash|p2a: Urshifu\n|-resisted|p2a: Urshifu\n|-damage|p2a: Urshifu|74\/100\n|-resisted|p2a: Urshifu\n|-damage|p2a: Urshifu|59\/100\n|-hitcount|p2a: Urshifu|2\n|\n|upkeep\n|turn|26\n|\n|t:|1659045734\n|switch|p1a: Kartana|Kartana, shiny|100\/100\n|-damage|p1a: Kartana|94\/100|[from] Stealth Rock\n|move|p2a: Urshifu|U-turn|p1a: Kartana\n|-damage|p1a: Kartana|70\/100\n|\n|t:|1659045736\n|switch|p2a: Slowking|Slowking-Galar, M|100\/100|[from]move: U-turn\n|-damage|p2a: Slowking|88\/100|[from] Stealth Rock\n|\n|upkeep\n|turn|27\n|\n|t:|1659045741\n|switch|p1a: Melmetal|Melmetal, shiny|84\/100\n|-damage|p1a: Melmetal|78\/100|[from] Stealth Rock\n|move|p2a: Slowking|Flamethrower|p1a: Melmetal\n|-supereffective|p1a: Melmetal\n|-damage|p1a: Melmetal|22\/100\n|\n|upkeep\n|turn|28\n|\n|t:|1659045748\n|move|p1a: Melmetal|Rest|p1a: Melmetal\n|-status|p1a: Melmetal|slp|[from] move: Rest\n|-heal|p1a: Melmetal|100\/100 slp|[silent]\n|move|p2a: Slowking|Flamethrower|p1a: Melmetal\n|-supereffective|p1a: Melmetal\n|-damage|p1a: Melmetal|48\/100 slp\n|\n|upkeep\n|turn|29\n|\n|t:|1659045749\n|cant|p1a: Melmetal|slp\n|move|p1a: Melmetal|Sleep Talk|p1a: Melmetal\n|move|p1a: Melmetal|Earthquake|p2a: Slowking|[from]move: Sleep Talk\n|-supereffective|p2a: Slowking\n|-damage|p2a: Slowking|2\/100\n|move|p2a: Slowking|Flamethrower|p1a: Melmetal\n|-supereffective|p1a: Melmetal\n|-damage|p1a: Melmetal|0 fnt\n|faint|p1a: Melmetal\n|\n|upkeep\n|\n|t:|1659045753\n|switch|p1a: Kartana|Kartana, shiny|70\/100\n|-damage|p1a: Kartana|63\/100|[from] Stealth Rock\n|turn|30\n|\n|t:|1659045759\n|switch|p2a: Toxapex|Toxapex, F|100\/100\n|-damage|p2a: Toxapex|88\/100|[from] Stealth Rock\n|move|p1a: Kartana|Leaf Blade|p2a: Toxapex\n|-damage|p2a: Toxapex|47\/100\n|\n|upkeep\n|turn|31\n|\n|t:|1659045766\n|move|p1a: Kartana|Leaf Blade|p2a: Toxapex\n|-damage|p2a: Toxapex|9\/100\n|move|p2a: Toxapex|Knock Off|p1a: Kartana\n|-damage|p1a: Kartana|48\/100\n|-enditem|p1a: Kartana|Choice Scarf|[from] move: Knock Off|[of] p2a: Toxapex\n|\n|upkeep\n|turn|32\n|j| Minato Mirai 21\n|j| MPEKAS\n|\n|t:|1659045778\n|switch|p2a: Corviknight|Corviknight, M|38\/100\n|-damage|p2a: Corviknight|26\/100|[from] Stealth Rock\n|-ability|p2a: Corviknight|Pressure\n|move|p1a: Kartana|Knock Off|p2a: Corviknight\n|-damage|p2a: Corviknight|0 fnt\n|-damage|p1a: Kartana|31\/100|[from] item: Rocky Helmet|[of] p2a: Corviknight\n|-enditem|p2a: Corviknight|Rocky Helmet|[from] move: Knock Off|[of] p1a: Kartana\n|faint|p2a: Corviknight\n|-ability|p1a: Kartana|Beast Boost|boost\n|-boost|p1a: Kartana|atk|1\n|\n|upkeep\n|j| lt91bb metamence\n|\n|t:|1659045781\n|switch|p2a: Weavile|Weavile, F|100\/100\n|-ability|p2a: Weavile|Pressure\n|turn|33\n|j| ferrocaril\n|\n|t:|1659045796\n|switch|p1a: Magnezone|Magnezone, shiny|81\/100\n|-damage|p1a: Magnezone|75\/100|[from] Stealth Rock\n|move|p2a: Weavile|Knock Off|p1a: Magnezone\n|-damage|p1a: Magnezone|43\/100\n|-damage|p2a: Weavile|84\/100|[from] item: Rocky Helmet|[of] p1a: Magnezone\n|-enditem|p1a: Magnezone|Rocky Helmet|[from] move: Knock Off|[of] p2a: Weavile\n|\n|upkeep\n|turn|34\n|\n|t:|1659045802\n|switch|p2a: Landorus|Landorus-Therian, M|35\/100\n|-damage|p2a: Landorus|23\/100|[from] Stealth Rock\n|-ability|p2a: Landorus|Intimidate|boost\n|-unboost|p1a: Magnezone|atk|1\n|move|p1a: Magnezone|Toxic|p2a: Landorus\n|-status|p2a: Landorus|tox\n|\n|-heal|p2a: Landorus|29\/100 tox|[from] item: Leftovers\n|-damage|p2a: Landorus|23\/100 tox|[from] psn\n|upkeep\n|turn|35\n|j| kankan's uncle\n|j| yovan33321\n|\n|t:|1659045812\n|switch|p1a: Tornadus|Tornadus-Therian, M, shiny|100\/100\n|move|p2a: Landorus|Earthquake|p1a: Tornadus\n|-immune|p1a: Tornadus\n|\n|-heal|p2a: Landorus|29\/100 tox|[from] item: Leftovers\n|-damage|p2a: Landorus|17\/100 tox|[from] psn\n|upkeep\n|turn|36\n|l| kankan's uncle\n|\n|t:|1659045815\n|move|p1a: Tornadus|Knock Off|p2a: Landorus\n|-damage|p2a: Landorus|0 fnt\n|-enditem|p2a: Landorus|Leftovers|[from] move: Knock Off|[of] p1a: Tornadus\n|faint|p2a: Landorus\n|\n|upkeep\n|\n|t:|1659045816\n|switch|p2a: Weavile|Weavile, F|84\/100\n|-ability|p2a: Weavile|Pressure\n|turn|37\n|\n|t:|1659045825\n|move|p2a: Weavile|Triple Axel|p1a: Tornadus\n|-supereffective|p1a: Tornadus\n|-damage|p1a: Tornadus|83\/100\n|-supereffective|p1a: Tornadus\n|-damage|p1a: Tornadus|48\/100\n|-supereffective|p1a: Tornadus\n|-damage|p1a: Tornadus|0 fnt\n|faint|p1a: Tornadus\n|-hitcount|p1: Tornadus|3\n|\n|upkeep\n|j| Escalando\n|\n|t:|1659045828\n|switch|p1a: Magnezone|Magnezone, shiny|43\/100\n|-damage|p1a: Magnezone|37\/100|[from] Stealth Rock\n|turn|38\n|\n|t:|1659045833\n|switch|p2a: Toxapex|Toxapex, F|42\/100\n|-damage|p2a: Toxapex|30\/100|[from] Stealth Rock\n|move|p1a: Magnezone|Thunderbolt|p2a: Toxapex\n|-supereffective|p2a: Toxapex\n|-damage|p2a: Toxapex|0 fnt\n|faint|p2a: Toxapex\n|\n|upkeep\n|l| MPEKAS\n|\n|t:|1659045836\n|switch|p2a: Urshifu|Urshifu-Rapid-Strike, F|59\/100\n|-damage|p2a: Urshifu|52\/100|[from] Stealth Rock\n|turn|39\n|j| Electric win\n|\n|t:|1659045839\n|switch|p1a: Dragonite|Dragonite, F, shiny|63\/100 brn\n|move|p2a: Urshifu|Surging Strikes|p1a: Dragonite\n|-resisted|p1a: Dragonite\n|-crit|p1a: Dragonite\n|-damage|p1a: Dragonite|54\/100 brn\n|-resisted|p1a: Dragonite\n|-crit|p1a: Dragonite\n|-damage|p1a: Dragonite|44\/100 brn\n|-resisted|p1a: Dragonite\n|-crit|p1a: Dragonite\n|-damage|p1a: Dragonite|35\/100 brn\n|-hitcount|p1a: Dragonite|3\n|\n|-damage|p1a: Dragonite|29\/100 brn|[from] brn\n|upkeep\n|turn|40\n|j| cloudstepping\n|\n|t:|1659045848\n|move|p2a: Urshifu|U-turn|p1a: Dragonite\n|-resisted|p1a: Dragonite\n|-damage|p1a: Dragonite|18\/100 brn\n|l|@ironwater\n|j| ClumsyClefable\n|\n|t:|1659045852\n|switch|p2a: Weavile|Weavile, F|84\/100|[from]move: U-turn\n|-ability|p2a: Weavile|Pressure\n|move|p1a: Dragonite|Earthquake|p2a: Weavile\n|-damage|p2a: Weavile|60\/100\n|\n|-damage|p1a: Dragonite|12\/100 brn|[from] brn\n|upkeep\n|turn|41\n|\n|t:|1659045863\n|move|p2a: Weavile|Swords Dance|p2a: Weavile\n|-boost|p2a: Weavile|atk|2\n|move|p1a: Dragonite|Earthquake|p2a: Weavile\n|-damage|p2a: Weavile|37\/100\n|\n|-damage|p1a: Dragonite|6\/100 brn|[from] brn\n|upkeep\n|turn|42\n|l| riquelme\u273f14\n|\n|t:|1659045874\n|switch|p1a: Landorus|Landorus-Therian, M, shiny|68\/100\n|-damage|p1a: Landorus|55\/100|[from] Stealth Rock\n|-ability|p1a: Landorus|Intimidate|boost\n|-unboost|p2a: Weavile|atk|1\n|move|p2a: Weavile|Knock Off|p1a: Landorus\n|-damage|p1a: Landorus|0 fnt\n|-enditem|p1a: Landorus|Leftovers|[from] move: Knock Off|[of] p2a: Weavile\n|faint|p1a: Landorus\n|\n|upkeep\n|\n|t:|1659045875\n|switch|p1a: Magnezone|Magnezone, shiny|37\/100\n|-damage|p1a: Magnezone|31\/100|[from] Stealth Rock\n|turn|43\n|\n|t:|1659045888\n|move|p2a: Weavile|Knock Off|p1a: Magnezone\n|-damage|p1a: Magnezone|0 fnt\n|faint|p1a: Magnezone\n|\n|upkeep\n|\n|t:|1659045891\n|switch|p1a: Kartana|Kartana, shiny|31\/100\n|-damage|p1a: Kartana|25\/100|[from] Stealth Rock\n|turn|44\n|\n|t:|1659045893\n|move|p2a: Weavile|Knock Off|p1a: Kartana\n|-damage|p1a: Kartana|0 fnt\n|faint|p1a: Kartana\n|\n|upkeep\n|-message|LT91BB Raizen forfeited.\n|\n|win|nthirteen\n|raw|LT91BB Raizen's rating: 1896 &rarr; <strong>1872<\/strong><br \/>(-24 for losing)\n|raw|nthirteen's rating: 1817 &rarr; <strong>1841<\/strong><br \/>(+24 for winning)\n|l| ClumsyClefable\n|l|\u2606LT91BB Raizen\n|j| zReptar\n|l| yovan33321\n|l| edrala\n||Ladder isn't responding, score probably updated but might not have (Request timeout).\n","uploadtime":1659045910,"views":44,"p1id":"lt91bbraizen","p2id":"nthirteen","formatid":"gen8ou","rating":1841,"private":0,"password":null}