{"id":"gen8ou-1667012584","p1":"quixana","p2":"superrouchuan","format":"gen8ou","log":"|j|\u2606quixana\n|j|\u2606superrouchuan\n|t:|1663468982\n|gametype|singles\n|player|p1|quixana|ethan-pokeathlon|1556\n|player|p2|superrouchuan|juan|1604\n|teamsize|p1|6\n|teamsize|p2|6\n|gen|8\n|tier|[Gen 8] OU\n|rated|\n|rule|Sleep Clause Mod: Limit one foe put to sleep\n|rule|Species Clause: Limit one of each Pok\u00e9mon\n|rule|OHKO Clause: OHKO moves are banned\n|rule|Evasion Items Clause: Evasion items are banned\n|rule|Evasion Moves Clause: Evasion moves are banned\n|rule|Endless Battle Clause: Forcing endless battles is banned\n|rule|HP Percentage Mod: HP is shown in percentages\n|rule|Dynamax Clause: You cannot dynamax\n|clearpoke\n|poke|p1|Rillaboom, F|\n|poke|p1|Tornadus-Therian, M|\n|poke|p1|Blaziken, F|\n|poke|p1|Melmetal|\n|poke|p1|Garchomp, F|\n|poke|p1|Slowbro, F|\n|poke|p2|Snorlax, M|\n|poke|p2|Tapu Lele|\n|poke|p2|Tyranitar, F|\n|poke|p2|Zapdos|\n|poke|p2|Garchomp, F|\n|poke|p2|Buzzwole|\n|teampreview\n|\n|t:|1663468997\n|start\n|switch|p1a: Tornadus|Tornadus-Therian, M|100\/100\n|switch|p2a: \u868a\u5927\u7237|Buzzwole|100\/100\n|turn|1\n|inactive|Battle timer is ON: inactive players will automatically lose when time's up. (requested by superrouchuan)\n|\n|t:|1663469004\n|switch|p2a: \u8001\u73ed|Tyranitar, F, shiny|100\/100\n|-weather|Sandstorm|[from] ability: Sand Stream|[of] p2a: \u8001\u73ed\n|move|p1a: Tornadus|Hurricane|p2a: \u8001\u73ed\n|-resisted|p2a: \u8001\u73ed\n|-damage|p2a: \u8001\u73ed|90\/100\n|\n|-weather|Sandstorm|[upkeep]\n|-damage|p1a: Tornadus|94\/100|[from] Sandstorm\n|-heal|p2a: \u8001\u73ed|96\/100|[from] item: Leftovers\n|upkeep\n|turn|2\n|\n|t:|1663469010\n|move|p1a: Tornadus|U-turn|p2a: \u8001\u73ed\n|-supereffective|p2a: \u8001\u73ed\n|-damage|p2a: \u8001\u73ed|75\/100\n|\n|t:|1663469012\n|switch|p1a: Garchomp|Garchomp, F|100\/100|[from]move: U-turn\n|move|p2a: \u8001\u73ed|Stealth Rock|p1a: Garchomp\n|-sidestart|p1: quixana|move: Stealth Rock\n|\n|-weather|Sandstorm|[upkeep]\n|-heal|p2a: \u8001\u73ed|81\/100|[from] item: Leftovers\n|upkeep\n|turn|3\n|\n|t:|1663469017\n|move|p1a: Garchomp|Stealth Rock|p2a: \u8001\u73ed\n|-sidestart|p2: superrouchuan|move: Stealth Rock\n|move|p2a: \u8001\u73ed|Ice Beam|p1a: Garchomp\n|-supereffective|p1a: Garchomp\n|-damage|p1a: Garchomp|34\/100\n|\n|-weather|Sandstorm|[upkeep]\n|-heal|p1a: Garchomp|41\/100|[from] item: Leftovers\n|-heal|p2a: \u8001\u73ed|87\/100|[from] item: Leftovers\n|upkeep\n|turn|4\n|\n|t:|1663469021\n|move|p1a: Garchomp|Protect|p1a: Garchomp\n|-singleturn|p1a: Garchomp|Protect\n|move|p2a: \u8001\u73ed|Ice Beam|p1a: Garchomp\n|-activate|p1a: Garchomp|move: Protect\n|\n|-weather|Sandstorm|[upkeep]\n|-heal|p1a: Garchomp|47\/100|[from] item: Leftovers\n|-heal|p2a: \u8001\u73ed|93\/100|[from] item: Leftovers\n|upkeep\n|turn|5\n|\n|t:|1663469027\n|switch|p1a: Slowbro|Slowbro, F|100\/100\n|-damage|p1a: Slowbro|88\/100|[from] Stealth Rock\n|move|p2a: \u8001\u73ed|Ice Beam|p1a: Slowbro\n|-resisted|p1a: Slowbro\n|-damage|p1a: Slowbro|75\/100\n|\n|-weather|none\n|-heal|p2a: \u8001\u73ed|99\/100|[from] item: Leftovers\n|upkeep\n|turn|6\n|\n|t:|1663469035\n|switch|p2a: \u5361\u5723|Snorlax, M, shiny|100\/100\n|-damage|p2a: \u5361\u5723|88\/100|[from] Stealth Rock\n|move|p1a: Slowbro|Teleport|p1a: Slowbro\n|\n|t:|1663469039\n|switch|p1a: Blaziken|Blaziken, F|100\/100|[from]move: Teleport\n|-damage|p1a: Blaziken|88\/100|[from] Stealth Rock\n|\n|-heal|p1a: Blaziken|94\/100|[from] item: Leftovers\n|upkeep\n|turn|7\n|\n|t:|1663469048\n|move|p1a: Blaziken|Swords Dance|p1a: Blaziken\n|-boost|p1a: Blaziken|atk|2\n|move|p2a: \u5361\u5723|Yawn|p1a: Blaziken\n|-start|p1a: Blaziken|move: Yawn|[of] p2a: \u5361\u5723\n|\n|-heal|p1a: Blaziken|100\/100|[from] item: Leftovers\n|-ability|p1a: Blaziken|Speed Boost|boost\n|-boost|p1a: Blaziken|spe|1\n|upkeep\n|turn|8\n|\n|t:|1663469063\n|switch|p1a: Tornadus|Tornadus-Therian, M|100\/100\n|switch|p2a: \u8001\u73ed|Tyranitar, F, shiny|99\/100\n|-damage|p2a: \u8001\u73ed|87\/100|[from] Stealth Rock\n|-weather|Sandstorm|[from] ability: Sand Stream|[of] p2a: \u8001\u73ed\n|\n|-weather|Sandstorm|[upkeep]\n|-damage|p1a: Tornadus|94\/100|[from] Sandstorm\n|-heal|p2a: \u8001\u73ed|93\/100|[from] item: Leftovers\n|upkeep\n|turn|9\n|\n|t:|1663469073\n|switch|p2a: \u9f99\u7237\uff08\u867d\u7136\u8fd8\u662f\u4e0d\u4f1a\u9f99\u821e\uff09|Garchomp, F|100\/100\n|-damage|p2a: \u9f99\u7237\uff08\u867d\u7136\u8fd8\u662f\u4e0d\u4f1a\u9f99\u821e\uff09|94\/100|[from] Stealth Rock\n|move|p1a: Tornadus|U-turn|p2a: \u9f99\u7237\uff08\u867d\u7136\u8fd8\u662f\u4e0d\u4f1a\u9f99\u821e\uff09\n|-damage|p2a: \u9f99\u7237\uff08\u867d\u7136\u8fd8\u662f\u4e0d\u4f1a\u9f99\u821e\uff09|81\/100\n|-damage|p1a: Tornadus|82\/100|[from] ability: Rough Skin|[of] p2a: \u9f99\u7237\uff08\u867d\u7136\u8fd8\u662f\u4e0d\u4f1a\u9f99\u821e\uff09\n|\n|t:|1663469081\n|switch|p1a: Slowbro|Slowbro, F|100\/100|[from]move: U-turn\n|-damage|p1a: Slowbro|88\/100|[from] Stealth Rock\n|\n|-weather|Sandstorm|[upkeep]\n|-damage|p1a: Slowbro|82\/100|[from] Sandstorm\n|upkeep\n|turn|10\n|\n|t:|1663469085\n|move|p2a: \u9f99\u7237\uff08\u867d\u7136\u8fd8\u662f\u4e0d\u4f1a\u9f99\u821e\uff09|Earthquake|p1a: Slowbro\n|-damage|p1a: Slowbro|32\/100\n|move|p1a: Slowbro|Toxic|p2a: \u9f99\u7237\uff08\u867d\u7136\u8fd8\u662f\u4e0d\u4f1a\u9f99\u821e\uff09\n|-status|p2a: \u9f99\u7237\uff08\u867d\u7136\u8fd8\u662f\u4e0d\u4f1a\u9f99\u821e\uff09|tox\n|\n|-weather|Sandstorm|[upkeep]\n|-damage|p1a: Slowbro|26\/100|[from] Sandstorm\n|-damage|p2a: \u9f99\u7237\uff08\u867d\u7136\u8fd8\u662f\u4e0d\u4f1a\u9f99\u821e\uff09|75\/100 tox|[from] psn\n|upkeep\n|turn|11\n|\n|t:|1663469089\n|switch|p1a: Tornadus|Tornadus-Therian, M|100\/100\n|move|p2a: \u9f99\u7237\uff08\u867d\u7136\u8fd8\u662f\u4e0d\u4f1a\u9f99\u821e\uff09|Earthquake|p1a: Tornadus\n|-immune|p1a: Tornadus\n|\n|-weather|Sandstorm|[upkeep]\n|-damage|p1a: Tornadus|94\/100|[from] Sandstorm\n|-damage|p2a: \u9f99\u7237\uff08\u867d\u7136\u8fd8\u662f\u4e0d\u4f1a\u9f99\u821e\uff09|62\/100 tox|[from] psn\n|upkeep\n|turn|12\n|\n|t:|1663469097\n|switch|p2a: \u9e1f\u54e5|Zapdos, shiny|100\/100\n|-damage|p2a: \u9e1f\u54e5|75\/100|[from] Stealth Rock\n|move|p1a: Tornadus|Hurricane|p2a: \u9e1f\u54e5\n|-resisted|p2a: \u9e1f\u54e5\n|-damage|p2a: \u9e1f\u54e5|57\/100\n|\n|-weather|none\n|upkeep\n|turn|13\n|\n|t:|1663469105\n|switch|p1a: Melmetal|Melmetal|100\/100\n|-damage|p1a: Melmetal|94\/100|[from] Stealth Rock\n|move|p2a: \u9e1f\u54e5|Roost|p2a: \u9e1f\u54e5\n|-heal|p2a: \u9e1f\u54e5|100\/100\n|-singleturn|p2a: \u9e1f\u54e5|move: Roost\n|\n|-heal|p1a: Melmetal|100\/100|[from] item: Leftovers\n|upkeep\n|turn|14\n|\n|t:|1663469110\n|move|p1a: Melmetal|Protect|p1a: Melmetal\n|-singleturn|p1a: Melmetal|Protect\n|move|p2a: \u9e1f\u54e5|Discharge|p1a: Melmetal\n|-activate|p1a: Melmetal|move: Protect\n|\n|upkeep\n|turn|15\n|\n|t:|1663469113\n|switch|p1a: Garchomp|Garchomp, F|47\/100\n|-damage|p1a: Garchomp|41\/100|[from] Stealth Rock\n|move|p2a: \u9e1f\u54e5|Discharge|p1a: Garchomp\n|-immune|p1a: Garchomp\n|\n|-heal|p1a: Garchomp|47\/100|[from] item: Leftovers\n|upkeep\n|turn|16\n|\n|t:|1663469118\n|move|p1a: Garchomp|Protect|p1a: Garchomp\n|-singleturn|p1a: Garchomp|Protect\n|move|p2a: \u9e1f\u54e5|Hurricane|p1a: Garchomp\n|-activate|p1a: Garchomp|move: Protect\n|\n|-heal|p1a: Garchomp|53\/100|[from] item: Leftovers\n|upkeep\n|turn|17\n|\n|t:|1663469120\n|move|p1a: Garchomp|Toxic|p2a: \u9e1f\u54e5\n|-status|p2a: \u9e1f\u54e5|tox\n|move|p2a: \u9e1f\u54e5|Hurricane|p1a: Garchomp\n|-damage|p1a: Garchomp|25\/100\n|\n|-heal|p1a: Garchomp|31\/100|[from] item: Leftovers\n|-damage|p2a: \u9e1f\u54e5|94\/100 tox|[from] psn\n|upkeep\n|turn|18\n|\n|t:|1663469128\n|switch|p2a: \u868a\u5927\u7237|Buzzwole|100\/100\n|-damage|p2a: \u868a\u5927\u7237|88\/100|[from] Stealth Rock\n|move|p1a: Garchomp|Protect||[still]\n|-fail|p1a: Garchomp\n|\n|-heal|p1a: Garchomp|37\/100|[from] item: Leftovers\n|upkeep\n|turn|19\n|\n|t:|1663469135\n|move|p1a: Garchomp|Protect|p1a: Garchomp\n|-singleturn|p1a: Garchomp|Protect\n|move|p2a: \u868a\u5927\u7237|Close Combat|p1a: Garchomp\n|-activate|p1a: Garchomp|move: Protect\n|\n|-heal|p1a: Garchomp|44\/100|[from] item: Leftovers\n|upkeep\n|turn|20\n|\n|t:|1663469153\n|switch|p1a: Slowbro|Slowbro, F|59\/100\n|-damage|p1a: Slowbro|47\/100|[from] Stealth Rock\n|move|p2a: \u868a\u5927\u7237|Close Combat|p1a: Slowbro\n|-resisted|p1a: Slowbro\n|-damage|p1a: Slowbro|16\/100\n|-unboost|p2a: \u868a\u5927\u7237|def|1\n|-unboost|p2a: \u868a\u5927\u7237|spd|1\n|-damage|p2a: \u868a\u5927\u7237|71\/100|[from] item: Rocky Helmet|[of] p1a: Slowbro\n|\n|upkeep\n|turn|21\n|\n|t:|1663469158\n|switch|p1a: Tornadus|Tornadus-Therian, M|100\/100\n|move|p2a: \u868a\u5927\u7237|Close Combat|p1a: Tornadus\n|-resisted|p1a: Tornadus\n|-damage|p1a: Tornadus|40\/100\n|-unboost|p2a: \u868a\u5927\u7237|def|1\n|-unboost|p2a: \u868a\u5927\u7237|spd|1\n|\n|upkeep\n|turn|22\n|\n|t:|1663469165\n|switch|p2a: \u8001\u73ed|Tyranitar, F, shiny|93\/100\n|-damage|p2a: \u8001\u73ed|80\/100|[from] Stealth Rock\n|-weather|Sandstorm|[from] ability: Sand Stream|[of] p2a: \u8001\u73ed\n|move|p1a: Tornadus|Hurricane|p2a: \u8001\u73ed\n|-resisted|p2a: \u8001\u73ed\n|-damage|p2a: \u8001\u73ed|70\/100\n|-start|p2a: \u8001\u73ed|confusion\n|\n|-weather|Sandstorm|[upkeep]\n|-damage|p1a: Tornadus|34\/100|[from] Sandstorm\n|-heal|p2a: \u8001\u73ed|76\/100|[from] item: Leftovers\n|upkeep\n|turn|23\n|\n|t:|1663469174\n|move|p1a: Tornadus|U-turn|p2a: \u8001\u73ed\n|-supereffective|p2a: \u8001\u73ed\n|-damage|p2a: \u8001\u73ed|54\/100\n|\n|t:|1663469180\n|switch|p1a: Slowbro|Slowbro, F|49\/100|[from]move: U-turn\n|-damage|p1a: Slowbro|37\/100|[from] Stealth Rock\n|-activate|p2a: \u8001\u73ed|confusion\n|move|p2a: \u8001\u73ed|Earthquake|p1a: Slowbro\n|-damage|p1a: Slowbro|20\/100\n|\n|-weather|Sandstorm|[upkeep]\n|-damage|p1a: Slowbro|13\/100|[from] Sandstorm\n|-heal|p2a: \u8001\u73ed|60\/100|[from] item: Leftovers\n|upkeep\n|turn|24\n|\n|t:|1663469191\n|switch|p1a: Tornadus|Tornadus-Therian, M|67\/100\n|-activate|p2a: \u8001\u73ed|confusion\n|move|p2a: \u8001\u73ed|Earthquake|p1a: Tornadus\n|-immune|p1a: Tornadus\n|\n|-weather|Sandstorm|[upkeep]\n|-damage|p1a: Tornadus|61\/100|[from] Sandstorm\n|-heal|p2a: \u8001\u73ed|66\/100|[from] item: Leftovers\n|upkeep\n|turn|25\n|\n|t:|1663469197\n|move|p1a: Tornadus|Knock Off|p2a: \u8001\u73ed\n|-resisted|p2a: \u8001\u73ed\n|-damage|p2a: \u8001\u73ed|59\/100\n|-enditem|p2a: \u8001\u73ed|Leftovers|[from] move: Knock Off|[of] p1a: Tornadus\n|-activate|p2a: \u8001\u73ed|confusion\n|move|p2a: \u8001\u73ed|Ice Beam|p1a: Tornadus\n|-supereffective|p1a: Tornadus\n|-damage|p1a: Tornadus|9\/100\n|-status|p1a: Tornadus|frz\n|\n|-weather|Sandstorm|[upkeep]\n|-damage|p1a: Tornadus|3\/100 frz|[from] Sandstorm\n|upkeep\n|turn|26\n|j| Haitunsama\n|l| Haitunsama\n|\n|t:|1663469207\n|switch|p1a: Slowbro|Slowbro, F|47\/100\n|-damage|p1a: Slowbro|34\/100|[from] Stealth Rock\n|-end|p2a: \u8001\u73ed|confusion\n|move|p2a: \u8001\u73ed|Earthquake|p1a: Slowbro\n|-damage|p1a: Slowbro|20\/100\n|\n|-weather|none\n|upkeep\n|turn|27\n|\n|t:|1663469217\n|move|p2a: \u8001\u73ed|Earthquake|p1a: Slowbro\n|-damage|p1a: Slowbro|5\/100\n|move|p1a: Slowbro|Teleport|p1a: Slowbro\n|\n|t:|1663469221\n|switch|p1a: Blaziken|Blaziken, F|100\/100|[from]move: Teleport\n|-damage|p1a: Blaziken|88\/100|[from] Stealth Rock\n|\n|-heal|p1a: Blaziken|94\/100|[from] item: Leftovers\n|upkeep\n|turn|28\n|\n|t:|1663469225\n|move|p1a: Blaziken|Close Combat|p2a: \u8001\u73ed\n|-supereffective|p2a: \u8001\u73ed\n|-damage|p2a: \u8001\u73ed|0 fnt\n|-unboost|p1a: Blaziken|def|1\n|-unboost|p1a: Blaziken|spd|1\n|faint|p2a: \u8001\u73ed\n|\n|-heal|p1a: Blaziken|100\/100|[from] item: Leftovers\n|-ability|p1a: Blaziken|Speed Boost|boost\n|-boost|p1a: Blaziken|spe|1\n|upkeep\n|\n|t:|1663469229\n|switch|p2a: \u8776\u795e|Tapu Lele|100\/100\n|-damage|p2a: \u8776\u795e|88\/100|[from] Stealth Rock\n|-fieldstart|move: Psychic Terrain|[from] ability: Psychic Surge|[of] p2a: \u8776\u795e\n|turn|29\n|\n|t:|1663469234\n|move|p1a: Blaziken|Protect|p1a: Blaziken\n|-singleturn|p1a: Blaziken|Protect\n|move|p2a: \u8776\u795e|Psychic|p1a: Blaziken\n|-activate|p1a: Blaziken|move: Protect\n|\n|-ability|p1a: Blaziken|Speed Boost|boost\n|-boost|p1a: Blaziken|spe|1\n|upkeep\n|turn|30\n|\n|t:|1663469243\n|switch|p1a: Tornadus|Tornadus-Therian, M|36\/100 frz\n|move|p2a: \u8776\u795e|Psychic|p1a: Tornadus\n|-damage|p1a: Tornadus|0 fnt\n|faint|p1a: Tornadus\n|\n|upkeep\n|\n|t:|1663469256\n|switch|p1a: Melmetal|Melmetal|100\/100\n|-damage|p1a: Melmetal|94\/100|[from] Stealth Rock\n|turn|31\n|\n|t:|1663469261\n|switch|p2a: \u9e1f\u54e5|Zapdos, shiny|94\/100 tox\n|-damage|p2a: \u9e1f\u54e5|69\/100 tox|[from] Stealth Rock\n|move|p1a: Melmetal|Double Iron Bash|p2a: \u9e1f\u54e5\n|-resisted|p2a: \u9e1f\u54e5\n|-damage|p2a: \u9e1f\u54e5|54\/100 tox\n|-damage|p1a: Melmetal|78\/100|[from] item: Rocky Helmet|[of] p2a: \u9e1f\u54e5\n|-resisted|p2a: \u9e1f\u54e5\n|-damage|p2a: \u9e1f\u54e5|40\/100 tox\n|-damage|p1a: Melmetal|61\/100|[from] item: Rocky Helmet|[of] p2a: \u9e1f\u54e5\n|-status|p1a: Melmetal|par|[from] ability: Static|[of] p2a: \u9e1f\u54e5\n|-hitcount|p2a: \u9e1f\u54e5|2\n|\n|-heal|p1a: Melmetal|67\/100 par|[from] item: Leftovers\n|-damage|p2a: \u9e1f\u54e5|34\/100 tox|[from] psn\n|upkeep\n|turn|32\n|\n|t:|1663469273\n|switch|p1a: Garchomp|Garchomp, F|44\/100\n|-damage|p1a: Garchomp|37\/100|[from] Stealth Rock\n|move|p2a: \u9e1f\u54e5|Roost|p2a: \u9e1f\u54e5\n|-heal|p2a: \u9e1f\u54e5|84\/100 tox\n|-singleturn|p2a: \u9e1f\u54e5|move: Roost\n|\n|-heal|p1a: Garchomp|44\/100|[from] item: Leftovers\n|-damage|p2a: \u9e1f\u54e5|72\/100 tox|[from] psn\n|upkeep\n|turn|33\n|\n|t:|1663469279\n|switch|p2a: \u868a\u5927\u7237|Buzzwole|71\/100\n|-damage|p2a: \u868a\u5927\u7237|59\/100|[from] Stealth Rock\n|move|p1a: Garchomp|Toxic|p2a: \u868a\u5927\u7237\n|-status|p2a: \u868a\u5927\u7237|tox\n|\n|-heal|p1a: Garchomp|50\/100|[from] item: Leftovers\n|-damage|p2a: \u868a\u5927\u7237|53\/100 tox|[from] psn\n|-fieldend|move: Psychic Terrain\n|upkeep\n|turn|34\n|\n|t:|1663469283\n|move|p1a: Garchomp|Protect|p1a: Garchomp\n|-singleturn|p1a: Garchomp|Protect\n|move|p2a: \u868a\u5927\u7237|Close Combat|p1a: Garchomp\n|-activate|p1a: Garchomp|move: Protect\n|\n|-heal|p1a: Garchomp|56\/100|[from] item: Leftovers\n|-damage|p2a: \u868a\u5927\u7237|40\/100 tox|[from] psn\n|upkeep\n|turn|35\n|\n|t:|1663469288\n|switch|p1a: Slowbro|Slowbro, F|38\/100\n|-damage|p1a: Slowbro|26\/100|[from] Stealth Rock\n|move|p2a: \u868a\u5927\u7237|Close Combat|p1a: Slowbro\n|-resisted|p1a: Slowbro\n|-damage|p1a: Slowbro|0 fnt\n|-unboost|p2a: \u868a\u5927\u7237|def|1\n|-unboost|p2a: \u868a\u5927\u7237|spd|1\n|-damage|p2a: \u868a\u5927\u7237|24\/100 tox|[from] item: Rocky Helmet|[of] p1a: Slowbro\n|faint|p1a: Slowbro\n|-ability|p2a: \u868a\u5927\u7237|Beast Boost|boost\n|-boost|p2a: \u868a\u5927\u7237|atk|1\n|\n|-damage|p2a: \u868a\u5927\u7237|5\/100 tox|[from] psn\n|upkeep\n|\n|t:|1663469292\n|switch|p1a: Blaziken|Blaziken, F|100\/100\n|-damage|p1a: Blaziken|88\/100|[from] Stealth Rock\n|turn|36\n|\n|t:|1663469298\n|move|p1a: Blaziken|Protect|p1a: Blaziken\n|-singleturn|p1a: Blaziken|Protect\n|move|p2a: \u868a\u5927\u7237|Close Combat|p1a: Blaziken\n|-activate|p1a: Blaziken|move: Protect\n|\n|-heal|p1a: Blaziken|94\/100|[from] item: Leftovers\n|-damage|p2a: \u868a\u5927\u7237|0 fnt|[from] psn\n|faint|p2a: \u868a\u5927\u7237\n|-ability|p1a: Blaziken|Speed Boost|boost\n|-boost|p1a: Blaziken|spe|1\n|upkeep\n|\n|t:|1663469300\n|switch|p2a: \u8776\u795e|Tapu Lele|88\/100\n|-damage|p2a: \u8776\u795e|76\/100|[from] Stealth Rock\n|-fieldstart|move: Psychic Terrain|[from] ability: Psychic Surge|[of] p2a: \u8776\u795e\n|turn|37\n|\n|t:|1663469310\n|switch|p1a: Melmetal|Melmetal|67\/100 par\n|-damage|p1a: Melmetal|61\/100 par|[from] Stealth Rock\n|move|p2a: \u8776\u795e|Psychic|p1a: Melmetal\n|-resisted|p1a: Melmetal\n|-damage|p1a: Melmetal|32\/100 par\n|\n|-heal|p1a: Melmetal|38\/100 par|[from] item: Leftovers\n|upkeep\n|turn|38\n|\n|t:|1663469321\n|switch|p2a: \u9e1f\u54e5|Zapdos, shiny|72\/100 tox\n|-damage|p2a: \u9e1f\u54e5|47\/100 tox|[from] Stealth Rock\n|switch|p1a: Rillaboom|Rillaboom, F|100\/100\n|-damage|p1a: Rillaboom|88\/100|[from] Stealth Rock\n|-fieldstart|move: Grassy Terrain|[from] ability: Grassy Surge|[of] p1a: Rillaboom\n|\n|-heal|p1a: Rillaboom|94\/100|[from] Grassy Terrain\n|-heal|p1a: Rillaboom|100\/100|[from] item: Leftovers\n|-damage|p2a: \u9e1f\u54e5|40\/100 tox|[from] psn\n|upkeep\n|turn|39\n|\n|t:|1663469330\n|switch|p1a: Garchomp|Garchomp, F|56\/100\n|-damage|p1a: Garchomp|50\/100|[from] Stealth Rock\n|move|p2a: \u9e1f\u54e5|Hurricane|p1a: Garchomp|[miss]\n|-miss|p2a: \u9e1f\u54e5|p1a: Garchomp\n|\n|-heal|p1a: Garchomp|56\/100|[from] Grassy Terrain\n|-heal|p1a: Garchomp|62\/100|[from] item: Leftovers\n|-damage|p2a: \u9e1f\u54e5|28\/100 tox|[from] psn\n|upkeep\n|turn|40\n|\n|t:|1663469337\n|move|p1a: Garchomp|Earthquake|p2a: \u9e1f\u54e5\n|-immune|p2a: \u9e1f\u54e5\n|move|p2a: \u9e1f\u54e5|Defog|p1a: Garchomp\n|-unboost|p1a: Garchomp|evasion|1\n|-sideend|p1: quixana|Stealth Rock|[from] move: Defog|[of] p2a: \u9e1f\u54e5\n|-sideend|p2: superrouchuan|Stealth Rock|[from] move: Defog|[of] p2a: \u9e1f\u54e5\n|-fieldend|move: Grassy Terrain\n|\n|-heal|p1a: Garchomp|69\/100|[from] item: Leftovers\n|-damage|p2a: \u9e1f\u54e5|9\/100 tox|[from] psn\n|upkeep\n|turn|41\n|\n|t:|1663469343\n|move|p1a: Garchomp|Stealth Rock|p2a: \u9e1f\u54e5\n|-sidestart|p2: superrouchuan|move: Stealth Rock\n|move|p2a: \u9e1f\u54e5|Roost|p2a: \u9e1f\u54e5\n|-heal|p2a: \u9e1f\u54e5|59\/100 tox\n|-singleturn|p2a: \u9e1f\u54e5|move: Roost\n|\n|-heal|p1a: Garchomp|75\/100|[from] item: Leftovers\n|-damage|p2a: \u9e1f\u54e5|34\/100 tox|[from] psn\n|upkeep\n|turn|42\n|\n|t:|1663469347\n|move|p1a: Garchomp|Earthquake|p2a: \u9e1f\u54e5\n|-immune|p2a: \u9e1f\u54e5\n|move|p2a: \u9e1f\u54e5|Roost|p2a: \u9e1f\u54e5\n|-heal|p2a: \u9e1f\u54e5|84\/100 tox\n|-singleturn|p2a: \u9e1f\u54e5|move: Roost\n|\n|-heal|p1a: Garchomp|81\/100|[from] item: Leftovers\n|-damage|p2a: \u9e1f\u54e5|53\/100 tox|[from] psn\n|upkeep\n|turn|43\n|\n|t:|1663469352\n|move|p1a: Garchomp|Earthquake|p2a: \u9e1f\u54e5\n|-immune|p2a: \u9e1f\u54e5\n|move|p2a: \u9e1f\u54e5|Defog|p1a: Garchomp\n|-unboost|p1a: Garchomp|evasion|1\n|-sideend|p2: superrouchuan|Stealth Rock|[from] move: Defog|[of] p2a: \u9e1f\u54e5\n|\n|-heal|p1a: Garchomp|87\/100|[from] item: Leftovers\n|-damage|p2a: \u9e1f\u54e5|15\/100 tox|[from] psn\n|upkeep\n|turn|44\n|\n|t:|1663469356\n|move|p1a: Garchomp|Stealth Rock|p2a: \u9e1f\u54e5\n|-sidestart|p2: superrouchuan|move: Stealth Rock\n|move|p2a: \u9e1f\u54e5|Defog|p1a: Garchomp\n|-unboost|p1a: Garchomp|evasion|1\n|-sideend|p2: superrouchuan|Stealth Rock|[from] move: Defog|[of] p2a: \u9e1f\u54e5\n|\n|-heal|p1a: Garchomp|94\/100|[from] item: Leftovers\n|-damage|p2a: \u9e1f\u54e5|0 fnt|[from] psn\n|faint|p2a: \u9e1f\u54e5\n|upkeep\n|\n|t:|1663469362\n|switch|p2a: \u8776\u795e|Tapu Lele|76\/100\n|-fieldstart|move: Psychic Terrain|[from] ability: Psychic Surge|[of] p2a: \u8776\u795e\n|turn|45\n|\n|t:|1663469364\n|move|p1a: Garchomp|Protect|p1a: Garchomp\n|-singleturn|p1a: Garchomp|Protect\n|move|p2a: \u8776\u795e|Moonblast|p1a: Garchomp\n|-activate|p1a: Garchomp|move: Protect\n|\n|-heal|p1a: Garchomp|99\/100|[from] item: Leftovers\n|upkeep\n|turn|46\n|\n|t:|1663469384\n|move|p2a: \u8776\u795e|Moonblast|p1a: Garchomp\n|-supereffective|p1a: Garchomp\n|-damage|p1a: Garchomp|35\/100\n|-unboost|p1a: Garchomp|spa|1\n|move|p1a: Garchomp|Earthquake|p2a: \u8776\u795e\n|-damage|p2a: \u8776\u795e|5\/100\n|\n|-heal|p1a: Garchomp|41\/100|[from] item: Leftovers\n|upkeep\n|turn|47\n|\n|t:|1663469393\n|move|p1a: Garchomp|Protect|p1a: Garchomp\n|-singleturn|p1a: Garchomp|Protect\n|move|p2a: \u8776\u795e|Moonblast|p1a: Garchomp\n|-activate|p1a: Garchomp|move: Protect\n|\n|-heal|p1a: Garchomp|48\/100|[from] item: Leftovers\n|upkeep\n|turn|48\n|\n|t:|1663469404\n|switch|p1a: Melmetal|Melmetal|38\/100 par\n|move|p2a: \u8776\u795e|Moonblast|p1a: Melmetal\n|-resisted|p1a: Melmetal\n|-damage|p1a: Melmetal|16\/100 par\n|-unboost|p1a: Melmetal|spa|1\n|\n|-heal|p1a: Melmetal|22\/100 par|[from] item: Leftovers\n|upkeep\n|turn|49\n|\n|t:|1663469414\n|switch|p2a: \u9f99\u7237\uff08\u867d\u7136\u8fd8\u662f\u4e0d\u4f1a\u9f99\u821e\uff09|Garchomp, F|62\/100 tox\n|move|p1a: Melmetal|Double Iron Bash|p2a: \u9f99\u7237\uff08\u867d\u7136\u8fd8\u662f\u4e0d\u4f1a\u9f99\u821e\uff09\n|-damage|p2a: \u9f99\u7237\uff08\u867d\u7136\u8fd8\u662f\u4e0d\u4f1a\u9f99\u821e\uff09|21\/100 tox\n|-damage|p1a: Melmetal|10\/100 par|[from] ability: Rough Skin|[of] p2a: \u9f99\u7237\uff08\u867d\u7136\u8fd8\u662f\u4e0d\u4f1a\u9f99\u821e\uff09\n|-damage|p2a: \u9f99\u7237\uff08\u867d\u7136\u8fd8\u662f\u4e0d\u4f1a\u9f99\u821e\uff09|0 fnt\n|-damage|p1a: Melmetal|0 fnt|[from] ability: Rough Skin|[of] p2a: \u9f99\u7237\uff08\u867d\u7136\u8fd8\u662f\u4e0d\u4f1a\u9f99\u821e\uff09\n|faint|p2a: \u9f99\u7237\uff08\u867d\u7136\u8fd8\u662f\u4e0d\u4f1a\u9f99\u821e\uff09\n|faint|p1a: Melmetal\n|-hitcount|p2: \u9f99\u7237\uff08\u867d\u7136\u8fd8\u662f\u4e0d\u4f1a\u9f99\u821e\uff09|2\n|\n|-fieldend|move: Psychic Terrain\n|upkeep\n|\n|t:|1663469421\n|switch|p2a: \u5361\u5723|Snorlax, M, shiny|88\/100\n|switch|p1a: Rillaboom|Rillaboom, F|100\/100\n|-fieldstart|move: Grassy Terrain|[from] ability: Grassy Surge|[of] p1a: Rillaboom\n|turn|50\n|\n|t:|1663469436\n|move|p1a: Rillaboom|Knock Off|p2a: \u5361\u5723\n|-damage|p2a: \u5361\u5723|61\/100\n|-enditem|p2a: \u5361\u5723|Normal Gem|[from] move: Knock Off|[of] p1a: Rillaboom\n|move|p2a: \u5361\u5723|Heat Crash|p1a: Rillaboom\n|-supereffective|p1a: Rillaboom\n|-damage|p1a: Rillaboom|25\/100\n|\n|-heal|p1a: Rillaboom|31\/100|[from] Grassy Terrain\n|-heal|p1a: Rillaboom|37\/100|[from] item: Leftovers\n|-heal|p2a: \u5361\u5723|68\/100|[from] Grassy Terrain\n|upkeep\n|turn|51\n|\n|t:|1663469444\n|switch|p1a: Garchomp|Garchomp, F|48\/100\n|move|p2a: \u5361\u5723|Heat Crash|p1a: Garchomp\n|-resisted|p1a: Garchomp\n|-damage|p1a: Garchomp|32\/100\n|-damage|p2a: \u5361\u5723|55\/100|[from] ability: Rough Skin|[of] p1a: Garchomp\n|\n|-heal|p1a: Garchomp|38\/100|[from] Grassy Terrain\n|-heal|p1a: Garchomp|44\/100|[from] item: Leftovers\n|-heal|p2a: \u5361\u5723|61\/100|[from] Grassy Terrain\n|upkeep\n|turn|52\n|\n|t:|1663469448\n|move|p1a: Garchomp|Stealth Rock|p2a: \u5361\u5723\n|-sidestart|p2: superrouchuan|move: Stealth Rock\n|move|p2a: \u5361\u5723|Self-Destruct|p1a: Garchomp\n|-damage|p1a: Garchomp|0 fnt\n|faint|p2a: \u5361\u5723\n|faint|p1a: Garchomp\n|\n|upkeep\n|\n|t:|1663469452\n|switch|p1a: Blaziken|Blaziken, F|94\/100\n|switch|p2a: \u8776\u795e|Tapu Lele|5\/100\n|-damage|p2a: \u8776\u795e|0 fnt|[from] Stealth Rock\n|faint|p2a: \u8776\u795e\n|\n|win|quixana\n|raw|quixana's rating: 1556 &rarr; <strong>1579<\/strong><br \/>(+23 for winning)\n|raw|superrouchuan's rating: 1604 &rarr; <strong>1581<\/strong><br \/>(-23 for losing)\n|l|\u2606superrouchuan\n||Ladder isn't responding, score probably updated but might not have (Request timeout).\n","uploadtime":1663469459,"views":25,"p1id":"quixana","p2id":"superrouchuan","formatid":"gen8ou","rating":1579,"private":0,"password":null}