{"id":"gen8anythinggoes-1706972023","p1":"just a random soul","p2":"PheonixDez","format":"gen8anythinggoes","log":"|j|\u2606just a random soul\n|j|\u2606PheonixDez\n|t:|1668037694\n|gametype|singles\n|player|p1|just a random soul|iris-gen5bw2|\n|player|p2|PheonixDez|steven|\n|teamsize|p1|6\n|teamsize|p2|6\n|gen|8\n|tier|[Gen 8] Anything Goes\n|rule|HP Percentage Mod: HP is shown in percentages\n|rule|Endless Battle Clause: Forcing endless battles is banned\n|clearpoke\n|poke|p1|Dragonite, M|\n|poke|p1|Clefable, F|\n|poke|p1|Uxie|\n|poke|p1|Dugtrio, F|\n|poke|p1|Scrafty, M|\n|poke|p1|Regieleki|\n|poke|p2|Zacian-*|\n|poke|p2|Kyogre|\n|poke|p2|Calyrex-Shadow|\n|poke|p2|Regieleki|\n|poke|p2|Darmanitan-Galar, M|\n|poke|p2|Xerneas-*|\n|teampreview\n|inactive|Battle timer is ON: inactive players will automatically lose when time's up. (requested by PheonixDez)\n|\n|t:|1668037708\n|start\n|switch|p1a: Uxie|Uxie|100\/100\n|switch|p2a: Darmanitan|Darmanitan-Galar, M|100\/100\n|turn|1\n|\n|t:|1668037725\n|move|p2a: Darmanitan|Icicle Crash|p1a: Uxie\n|-damage|p1a: Uxie|66\/100\n|move|p1a: Uxie|Light Screen|p1a: Uxie\n|-sidestart|p1: just a random soul|move: Light Screen\n|\n|upkeep\n|turn|2\n|\n|t:|1668037748\n|move|p2a: Darmanitan|Fire Punch|p1a: Uxie\n|-damage|p1a: Uxie|43\/100\n|move|p1a: Uxie|Reflect|p1a: Uxie\n|-sidestart|p1: just a random soul|Reflect\n|\n|upkeep\n|turn|3\n|inactive|PheonixDez has 270 seconds left.\n|\n|t:|1668037768\n|move|p1a: Uxie|Yawn|p2a: Darmanitan\n|-start|p2a: Darmanitan|move: Yawn|[of] p1a: Uxie\n|move|p2a: Darmanitan|Fire Punch|p1a: Uxie\n|-damage|p1a: Uxie|32\/100\n|\n|upkeep\n|turn|4\n|inactive|PheonixDez has 270 seconds left.\n|\n|t:|1668037776\n|move|p1a: Uxie|Memento|p2a: Darmanitan\n|-unboost|p2a: Darmanitan|atk|2\n|-unboost|p2a: Darmanitan|spa|2\n|faint|p1a: Uxie\n|move|p2a: Darmanitan|Bulk Up|p2a: Darmanitan\n|-boost|p2a: Darmanitan|atk|1\n|-boost|p2a: Darmanitan|def|1\n|\n|-end|p2a: Darmanitan|move: Yawn|[silent]\n|-status|p2a: Darmanitan|slp\n|upkeep\n|\n|t:|1668037786\n|switch|p1a: Scrafty|Scrafty, M|100\/100\n|turn|5\n|\n|t:|1668037800\n|cant|p2a: Darmanitan|slp\n|move|p1a: Scrafty|Dragon Dance|p1a: Scrafty\n|-boost|p1a: Scrafty|atk|1\n|-boost|p1a: Scrafty|spe|1\n|\n|upkeep\n|turn|6\n|\n|t:|1668037807\n|move|p1a: Scrafty|Dragon Dance|p1a: Scrafty\n|-boost|p1a: Scrafty|atk|1\n|-boost|p1a: Scrafty|spe|1\n|cant|p2a: Darmanitan|slp\n|\n|upkeep\n|turn|7\n|\n|t:|1668037824\n|move|p1a: Scrafty|Drain Punch|p2a: Darmanitan\n|-supereffective|p2a: Darmanitan\n|-enditem|p2a: Darmanitan|Focus Sash\n|-damage|p2a: Darmanitan|1\/100 slp\n|-curestatus|p2a: Darmanitan|slp|[msg]\n|move|p2a: Darmanitan|Earthquake|p1a: Scrafty\n|-damage|p1a: Scrafty|86\/100\n|\n|-formechange|p2a: Darmanitan|Darmanitan-Galar-Zen|\n|upkeep\n|turn|8\n|inactive|PheonixDez has 270 seconds left.\n|\n|t:|1668037861\n|move|p1a: Scrafty|Drain Punch|p2a: Darmanitan\n|-supereffective|p2a: Darmanitan\n|-damage|p2a: Darmanitan|0 fnt\n|-heal|p1a: Scrafty|86\/100|[from] drain|[of] p2a: Darmanitan\n|faint|p2a: Darmanitan\n|-ability|p1a: Scrafty|Moxie|boost\n|-boost|p1a: Scrafty|atk|1\n|\n|-sideend|p1: just a random soul|move: Light Screen\n|upkeep\n|inactive|PheonixDez has 240 seconds left.\n|\n|t:|1668037895\n|switch|p2a: Xerneas|Xerneas|100\/100\n|-ability|p2a: Xerneas|Fairy Aura\n|turn|9\n|inactive|PheonixDez has 210 seconds left.\n|\n|t:|1668037940\n|move|p1a: Scrafty|Poison Jab|p2a: Xerneas\n|-supereffective|p2a: Xerneas\n|-damage|p2a: Xerneas|18\/100\n|-status|p2a: Xerneas|psn\n|move|p2a: Xerneas|Moonblast|p1a: Scrafty\n|-supereffective|p1a: Scrafty\n|-damage|p1a: Scrafty|0 fnt\n|faint|p1a: Scrafty\n|\n|-damage|p2a: Xerneas|6\/100 psn|[from] psn\n|-sideend|p1: just a random soul|Reflect\n|upkeep\n|\n|t:|1668037959\n|switch|p1a: Dugtrio|Dugtrio, F|100\/100\n|turn|10\n|\n|t:|1668037978\n|move|p1a: Dugtrio|Earthquake|p2a: Xerneas\n|-damage|p2a: Xerneas|0 fnt\n|faint|p2a: Xerneas\n|\n|upkeep\n|\n|t:|1668037986\n|switch|p2a: Kyogre|Kyogre|100\/100\n|-weather|RainDance|[from] ability: Drizzle|[of] p2a: Kyogre\n|turn|11\n|\n|t:|1668037999\n|move|p2a: Kyogre|Ice Beam|p1a: Dugtrio\n|-supereffective|p1a: Dugtrio\n|-enditem|p1a: Dugtrio|Focus Sash\n|-damage|p1a: Dugtrio|1\/100\n|-status|p1a: Dugtrio|frz\n|cant|p1a: Dugtrio|frz\n|\n|-weather|RainDance|[upkeep]\n|upkeep\n|turn|12\n|\n|t:|1668038009\n|move|p2a: Kyogre|Ice Beam|p1a: Dugtrio\n|-supereffective|p1a: Dugtrio\n|-damage|p1a: Dugtrio|0 fnt\n|faint|p1a: Dugtrio\n|\n|-weather|RainDance|[upkeep]\n|upkeep\n|\n|t:|1668038012\n|switch|p1a: Clefable|Clefable, F|100\/100\n|turn|13\n|inactive|PheonixDez has 210 seconds left.\n|\n|t:|1668038020\n|move|p2a: Kyogre|Ice Beam|p1a: Clefable\n|-damage|p1a: Clefable|76\/100\n|-status|p1a: Clefable|frz\n|cant|p1a: Clefable|frz\n|\n|-weather|RainDance|[upkeep]\n|-heal|p1a: Clefable|82\/100 frz|[from] item: Leftovers\n|upkeep\n|turn|14\n|inactive|PheonixDez has 210 seconds left.\n|\n|t:|1668038038\n|switch|p2a: Regieleki|Regieleki|100\/100\n|-curestatus|p1a: Clefable|frz|[msg]\n|move|p1a: Clefable|Cosmic Power|p1a: Clefable\n|-boost|p1a: Clefable|def|1\n|-boost|p1a: Clefable|spd|1\n|\n|-weather|RainDance|[upkeep]\n|-heal|p1a: Clefable|88\/100|[from] item: Leftovers\n|upkeep\n|turn|15\n|inactive|PheonixDez has 210 seconds left.\n|\n|t:|1668038051\n|move|p2a: Regieleki|Thunder Wave|p1a: Clefable\n|-status|p1a: Clefable|par\n|move|p1a: Clefable|Cosmic Power|p1a: Clefable\n|-boost|p1a: Clefable|def|1\n|-boost|p1a: Clefable|spd|1\n|\n|-weather|none\n|-heal|p1a: Clefable|94\/100 par|[from] item: Leftovers\n|upkeep\n|turn|16\n|inactive|PheonixDez has 210 seconds left.\n|\n|t:|1668038060\n|move|p2a: Regieleki|Thunder Cage|p1a: Clefable\n|-damage|p1a: Clefable|78\/100 par\n|-activate|p1a: Clefable|move: Thunder Cage|[of] p2a: Regieleki\n|move|p1a: Clefable|Cosmic Power|p1a: Clefable\n|-boost|p1a: Clefable|def|1\n|-boost|p1a: Clefable|spd|1\n|\n|-heal|p1a: Clefable|84\/100 par|[from] item: Leftovers\n|-damage|p1a: Clefable|71\/100 par|[from] move: Thunder Cage|[partiallytrapped]\n|upkeep\n|turn|17\n|inactive|PheonixDez has 210 seconds left.\n|\n|t:|1668038090\n|-start|p2a: Regieleki|Dynamax|\n|-heal|p2a: Regieleki|100\/100|[silent]\n|move|p2a: Regieleki|Max Lightning|p1a: Clefable\n|-crit|p1a: Clefable\n|-damage|p1a: Clefable|0 fnt\n|-fieldstart|move: Electric Terrain\n|faint|p1a: Clefable\n|\n|upkeep\n|\n|t:|1668038099\n|switch|p1a: Regieleki|Regieleki|100\/100\n|turn|18\n|\n|t:|1668038117\n|-start|p1a: Regieleki|Dynamax|\n|-heal|p1a: Regieleki|100\/100|[silent]\n|move|p2a: Regieleki|Max Lightning|p1a: Regieleki\n|-resisted|p1a: Regieleki\n|-damage|p1a: Regieleki|50\/100\n|move|p1a: Regieleki|Max Strike|p2a: Regieleki\n|-damage|p2a: Regieleki|81\/100\n|-unboost|p2a: Regieleki|spe|1\n|\n|upkeep\n|turn|19\n|inactive|PheonixDez has 180 seconds left.\n|\n|t:|1668038166\n|move|p1a: Regieleki|Max Lightning|p2a: Regieleki\n|-resisted|p2a: Regieleki\n|-damage|p2a: Regieleki|23\/100\n|move|p2a: Regieleki|Max Lightning|p1a: Regieleki\n|-resisted|p1a: Regieleki\n|-damage|p1a: Regieleki|0 fnt\n|faint|p1a: Regieleki\n|\n|upkeep\n|\n|t:|1668038176\n|switch|p1a: Dragonite|Dragonite, M|100\/100\n|-end|p2a: Regieleki|Dynamax\n|-heal|p2a: Regieleki|23\/100|[silent]\n|turn|20\n|\n|t:|1668038196\n|move|p2a: Regieleki|Thunder|p1a: Dragonite\n|-crit|p1a: Dragonite\n|-damage|p1a: Dragonite|32\/100\n|move|p1a: Dragonite|Substitute|p1a: Dragonite\n|-start|p1a: Dragonite|Substitute\n|-damage|p1a: Dragonite|7\/100\n|\n|-heal|p1a: Dragonite|13\/100|[from] item: Leftovers\n|upkeep\n|turn|21\n|inactive|PheonixDez has 150 seconds left.\n|\n|t:|1668038214\n|move|p2a: Regieleki|Volt Switch|p1a: Dragonite\n|-end|p1a: Dragonite|Substitute\n|inactive|PheonixDez has 150 seconds left.\n|\n|t:|1668038233\n|switch|p2a: Kyogre|Kyogre|100\/100|[from]move: Volt Switch\n|-weather|RainDance|[from] ability: Drizzle|[of] p2a: Kyogre\n|move|p1a: Dragonite|Roost|p1a: Dragonite\n|-heal|p1a: Dragonite|63\/100\n|-singleturn|p1a: Dragonite|move: Roost\n|\n|-weather|RainDance|[upkeep]\n|-heal|p1a: Dragonite|70\/100|[from] item: Leftovers\n|-fieldend|move: Electric Terrain\n|upkeep\n|turn|22\n|\n|t:|1668038248\n|move|p2a: Kyogre|Ice Beam|p1a: Dragonite\n|-supereffective|p1a: Dragonite\n|-damage|p1a: Dragonite|0 fnt\n|faint|p1a: Dragonite\n|\n|win|PheonixDez\n","uploadtime":1668038260,"views":3,"p1id":"justarandomsoul","p2id":"pheonixdez","formatid":"gen8anythinggoes","rating":0,"private":0,"password":null}