{"id":"gen8ou-1689711033","p1":"Scoots Mgee","p2":"minimax_ai","format":"gen8ou","log":"|html|<div class=\"broadcast-blue\"><strong>[Gen 8] OU is currently suspecting Melmetal! For information on how to participate check out the <a href=\"https:\/\/www.smogon.com\/forums\/threads\/np-ss-ou-suspect-process-round-12-monster-mash.3709234\/\">suspect thread<\/a>.<\/strong><\/div>\n|j|\u2606Scoots Mgee\n|j|\u2606minimax_ai\n|t:|1666198846\n|gametype|singles\n|player|p1|Scoots Mgee|acetrainerf|1558\n|player|p2|minimax_ai|lusamine-nihilego|1652\n|teamsize|p1|6\n|teamsize|p2|6\n|gen|8\n|tier|[Gen 8] OU\n|rated|\n|rule|Sleep Clause Mod: Limit one foe put to sleep\n|rule|Species Clause: Limit one of each Pok\u00e9mon\n|rule|OHKO Clause: OHKO moves are banned\n|rule|Evasion Items Clause: Evasion items are banned\n|rule|Evasion Moves Clause: Evasion moves are banned\n|rule|Endless Battle Clause: Forcing endless battles is banned\n|rule|HP Percentage Mod: HP is shown in percentages\n|rule|Dynamax Clause: You cannot dynamax\n|clearpoke\n|poke|p1|Gastrodon, F|\n|poke|p1|Ferrothorn, M|\n|poke|p1|Urshifu-*, M|\n|poke|p1|Hippowdon, F|\n|poke|p1|Heatran, M|\n|poke|p1|Zapdos|\n|poke|p2|Rotom-Wash|\n|poke|p2|Weavile, M|\n|poke|p2|Landorus-Therian, M|\n|poke|p2|Heatran, M|\n|poke|p2|Tangrowth, M|\n|poke|p2|Melmetal|\n|teampreview\n|inactive|Battle timer is ON: inactive players will automatically lose when time's up. (requested by Scoots Mgee)\n|c|\u2606minimax_ai|hf\n|inactive|minimax_ai also wants the timer to be on.\n|\n|t:|1666198853\n|start\n|switch|p1a: Urshifu|Urshifu-Rapid-Strike, M|100\/100\n|switch|p2a: landorustherian|Landorus-Therian, M|100\/100\n|-ability|p2a: landorustherian|Intimidate|boost\n|-unboost|p1a: Urshifu|atk|1\n|turn|1\n|\n|t:|1666198856\n|switch|p2a: Tangrowth|Tangrowth, M|100\/100\n|move|p1a: Urshifu|U-turn|p2a: Tangrowth\n|-supereffective|p2a: Tangrowth\n|-damage|p2a: Tangrowth|83\/100\n|-damage|p1a: Urshifu|84\/100|[from] item: Rocky Helmet|[of] p2a: Tangrowth\n|\n|t:|1666198859\n|switch|p1a: Hippowdon|Hippowdon, F|100\/100|[from]move: U-turn\n|-weather|Sandstorm|[from] ability: Sand Stream|[of] p1a: Hippowdon\n|\n|-weather|Sandstorm|[upkeep]\n|-damage|p2a: Tangrowth|77\/100|[from] Sandstorm\n|upkeep\n|turn|2\n|\n|t:|1666198860\n|switch|p2a: Heatran|Heatran, M|100\/100\n|-item|p2a: Heatran|Air Balloon\n|move|p1a: Hippowdon|Toxic|p2a: Heatran\n|-immune|p2a: Heatran\n|\n|-weather|Sandstorm|[upkeep]\n|upkeep\n|turn|3\n|\n|t:|1666198865\n|switch|p1a: Gastrodon|Gastrodon, F|100\/100\n|move|p2a: Heatran|Magma Storm|p1a: Gastrodon\n|-resisted|p1a: Gastrodon\n|-damage|p1a: Gastrodon|82\/100\n|-activate|p1a: Gastrodon|move: Magma Storm|[of] p2a: Heatran\n|\n|-weather|Sandstorm|[upkeep]\n|-damage|p1a: Gastrodon|70\/100|[from] move: Magma Storm|[partiallytrapped]\n|upkeep\n|turn|4\n|\n|t:|1666198867\n|move|p2a: Heatran|Stealth Rock|p1a: Gastrodon\n|-sidestart|p1: Scoots Mgee|move: Stealth Rock\n|move|p1a: Gastrodon|Scald|p2a: Heatran\n|-supereffective|p2a: Heatran\n|-damage|p2a: Heatran|48\/100\n|-enditem|p2a: Heatran|Air Balloon\n|\n|-weather|Sandstorm|[upkeep]\n|-damage|p1a: Gastrodon|58\/100|[from] move: Magma Storm|[partiallytrapped]\n|upkeep\n|turn|5\n|\n|t:|1666198869\n|switch|p2a: landorustherian|Landorus-Therian, M|100\/100\n|-ability|p2a: landorustherian|Intimidate|boost\n|-unboost|p1a: Gastrodon|atk|1\n|move|p1a: Gastrodon|Toxic|p2a: landorustherian\n|-status|p2a: landorustherian|tox\n|\n|-weather|none\n|-damage|p2a: landorustherian|94\/100 tox|[from] psn\n|-end|p1a: Gastrodon|Magma Storm|[partiallytrapped]|[silent]\n|upkeep\n|turn|6\n|\n|t:|1666198873\n|switch|p1a: Ferrothorn|Ferrothorn, M|100\/100\n|-damage|p1a: Ferrothorn|95\/100|[from] Stealth Rock\n|move|p2a: landorustherian|U-turn|p1a: Ferrothorn\n|-damage|p1a: Ferrothorn|81\/100\n|-damage|p2a: landorustherian|82\/100 tox|[from] ability: Iron Barbs|[of] p1a: Ferrothorn\n|-damage|p2a: landorustherian|66\/100 tox|[from] item: Rocky Helmet|[of] p1a: Ferrothorn\n|\n|t:|1666198873\n|switch|p2a: Heatran|Heatran, M|48\/100|[from]move: U-turn\n|\n|upkeep\n|turn|7\n|\n|t:|1666198875\n|move|p1a: Ferrothorn|Protect|p1a: Ferrothorn\n|-singleturn|p1a: Ferrothorn|Protect\n|move|p2a: Heatran|Magma Storm|p1a: Ferrothorn\n|-activate|p1a: Ferrothorn|move: Protect\n|\n|upkeep\n|turn|8\n|\n|t:|1666198880\n|switch|p1a: Zapdos|Zapdos|100\/100\n|move|p2a: Heatran|Magma Storm|p1a: Zapdos\n|-damage|p1a: Zapdos|52\/100\n|-activate|p1a: Zapdos|move: Magma Storm|[of] p2a: Heatran\n|\n|-damage|p1a: Zapdos|40\/100|[from] move: Magma Storm|[partiallytrapped]\n|upkeep\n|turn|9\n|\n|t:|1666198883\n|move|p2a: Heatran|Magma Storm|p1a: Zapdos\n|-damage|p1a: Zapdos|0 fnt\n|faint|p1a: Zapdos\n|\n|upkeep\n|\n|t:|1666198885\n|switch|p1a: Hippowdon|Hippowdon, F|100\/100\n|-damage|p1a: Hippowdon|94\/100|[from] Stealth Rock\n|-weather|Sandstorm|[from] ability: Sand Stream|[of] p1a: Hippowdon\n|turn|10\n|\n|t:|1666198887\n|switch|p2a: landorustherian|Landorus-Therian, M|66\/100 tox\n|-ability|p2a: landorustherian|Intimidate|boost\n|-unboost|p1a: Hippowdon|atk|1\n|move|p1a: Hippowdon|Stealth Rock|p2a: landorustherian\n|-sidestart|p2: minimax_ai|move: Stealth Rock\n|\n|-weather|Sandstorm|[upkeep]\n|-heal|p2a: landorustherian|72\/100 tox|[from] item: Leftovers\n|-heal|p1a: Hippowdon|100\/100|[from] item: Leftovers\n|-damage|p2a: landorustherian|66\/100 tox|[from] psn\n|upkeep\n|turn|11\n|\n|t:|1666198890\n|move|p2a: landorustherian|Earthquake|p1a: Hippowdon\n|-damage|p1a: Hippowdon|66\/100\n|move|p1a: Hippowdon|Earthquake|p2a: landorustherian\n|-immune|p2a: landorustherian\n|\n|-weather|Sandstorm|[upkeep]\n|-heal|p2a: landorustherian|72\/100 tox|[from] item: Leftovers\n|-heal|p1a: Hippowdon|72\/100|[from] item: Leftovers\n|-damage|p2a: landorustherian|60\/100 tox|[from] psn\n|upkeep\n|turn|12\n|\n|t:|1666198892\n|switch|p2a: Melmetal|Melmetal|100\/100\n|-damage|p2a: Melmetal|94\/100|[from] Stealth Rock\n|move|p1a: Hippowdon|Earthquake|p2a: Melmetal\n|-supereffective|p2a: Melmetal\n|-damage|p2a: Melmetal|67\/100\n|\n|-weather|Sandstorm|[upkeep]\n|-heal|p1a: Hippowdon|78\/100|[from] item: Leftovers\n|upkeep\n|turn|13\n|\n|t:|1666198897\n|move|p1a: Hippowdon|Earthquake|p2a: Melmetal\n|-supereffective|p2a: Melmetal\n|-damage|p2a: Melmetal|40\/100\n|move|p2a: Melmetal|Ice Punch|p1a: Hippowdon\n|-supereffective|p1a: Hippowdon\n|-damage|p1a: Hippowdon|32\/100\n|\n|-weather|Sandstorm|[upkeep]\n|-heal|p1a: Hippowdon|38\/100|[from] item: Leftovers\n|upkeep\n|turn|14\n|\n|t:|1666198903\n|move|p1a: Hippowdon|Earthquake|p2a: Melmetal\n|-supereffective|p2a: Melmetal\n|-damage|p2a: Melmetal|13\/100\n|move|p2a: Melmetal|Ice Punch|p1a: Hippowdon\n|-supereffective|p1a: Hippowdon\n|-damage|p1a: Hippowdon|0 fnt\n|faint|p1a: Hippowdon\n|\n|-weather|none\n|upkeep\n|\n|t:|1666198909\n|switch|p1a: Urshifu|Urshifu-Rapid-Strike, M|84\/100\n|-damage|p1a: Urshifu|78\/100|[from] Stealth Rock\n|turn|15\n|\n|t:|1666198914\n|switch|p2a: Tangrowth|Tangrowth, M|100\/100\n|-damage|p2a: Tangrowth|88\/100|[from] Stealth Rock\n|move|p1a: Urshifu|U-turn|p2a: Tangrowth\n|-supereffective|p2a: Tangrowth\n|-damage|p2a: Tangrowth|61\/100\n|-damage|p1a: Urshifu|61\/100|[from] item: Rocky Helmet|[of] p2a: Tangrowth\n|\n|t:|1666198916\n|switch|p1a: Heatran|Heatran, M|100\/100|[from]move: U-turn\n|-damage|p1a: Heatran|88\/100|[from] Stealth Rock\n|\n|upkeep\n|turn|16\n|\n|t:|1666198919\n|switch|p2a: rotomwash|Rotom-Wash|100\/100\n|-damage|p2a: rotomwash|88\/100|[from] Stealth Rock\n|move|p1a: Heatran|Earth Power|p2a: rotomwash\n|-immune|p2a: rotomwash|[from] ability: Levitate\n|\n|-heal|p2a: rotomwash|94\/100|[from] item: Leftovers\n|upkeep\n|turn|17\n|\n|t:|1666198922\n|switch|p1a: Gastrodon|Gastrodon, F|58\/100\n|move|p2a: rotomwash|Nasty Plot|p2a: rotomwash\n|-boost|p2a: rotomwash|spa|2\n|\n|-heal|p2a: rotomwash|100\/100|[from] item: Leftovers\n|upkeep\n|turn|18\n|\n|t:|1666198924\n|move|p2a: rotomwash|Nasty Plot|p2a: rotomwash\n|-boost|p2a: rotomwash|spa|2\n|move|p1a: Gastrodon|Toxic|p2a: rotomwash\n|-status|p2a: rotomwash|tox\n|\n|-damage|p2a: rotomwash|94\/100 tox|[from] psn\n|upkeep\n|turn|19\n|\n|t:|1666198925\n|move|p2a: rotomwash|Thunderbolt|p1a: Gastrodon\n|-immune|p1a: Gastrodon\n|move|p1a: Gastrodon|Recover|p1a: Gastrodon\n|-heal|p1a: Gastrodon|100\/100\n|\n|-heal|p2a: rotomwash|100\/100 tox|[from] item: Leftovers\n|-damage|p2a: rotomwash|88\/100 tox|[from] psn\n|upkeep\n|turn|20\n|\n|t:|1666198930\n|move|p2a: rotomwash|Hydro Pump|p1a: Gastrodon\n|-ability|p1a: Gastrodon|Storm Drain|boost\n|-boost|p1a: Gastrodon|spa|1\n|move|p1a: Gastrodon|Earthquake|p2a: rotomwash\n|-immune|p2a: rotomwash|[from] ability: Levitate\n|\n|-heal|p2a: rotomwash|94\/100 tox|[from] item: Leftovers\n|-damage|p2a: rotomwash|75\/100 tox|[from] psn\n|upkeep\n|turn|21\n|\n|t:|1666198933\n|move|p2a: rotomwash|Thunderbolt|p1a: Gastrodon\n|-immune|p1a: Gastrodon\n|move|p1a: Gastrodon|Scald|p2a: rotomwash\n|-resisted|p2a: rotomwash\n|-damage|p2a: rotomwash|55\/100 tox\n|\n|-heal|p2a: rotomwash|61\/100 tox|[from] item: Leftovers\n|-damage|p2a: rotomwash|36\/100 tox|[from] psn\n|upkeep\n|turn|22\n|\n|t:|1666198936\n|move|p2a: rotomwash|Pain Split|p1a: Gastrodon\n|-sethp|p1a: Gastrodon|63\/100|[from] move: Pain Split|[silent]\n|-sethp|p2a: rotomwash|88\/100 tox|[from] move: Pain Split\n|move|p1a: Gastrodon|Recover|p1a: Gastrodon\n|-heal|p1a: Gastrodon|100\/100\n|\n|-heal|p2a: rotomwash|95\/100 tox|[from] item: Leftovers\n|-damage|p2a: rotomwash|63\/100 tox|[from] psn\n|upkeep\n|turn|23\n|\n|t:|1666198938\n|move|p2a: rotomwash|Thunderbolt|p1a: Gastrodon\n|-immune|p1a: Gastrodon\n|move|p1a: Gastrodon|Earthquake|p2a: rotomwash\n|-immune|p2a: rotomwash|[from] ability: Levitate\n|\n|-heal|p2a: rotomwash|70\/100 tox|[from] item: Leftovers\n|-damage|p2a: rotomwash|32\/100 tox|[from] psn\n|upkeep\n|turn|24\n|\n|t:|1666198940\n|move|p2a: rotomwash|Pain Split|p1a: Gastrodon\n|-sethp|p1a: Gastrodon|62\/100|[from] move: Pain Split|[silent]\n|-sethp|p2a: rotomwash|86\/100 tox|[from] move: Pain Split\n|move|p1a: Gastrodon|Recover|p1a: Gastrodon\n|-heal|p1a: Gastrodon|100\/100\n|\n|-heal|p2a: rotomwash|93\/100 tox|[from] item: Leftovers\n|-damage|p2a: rotomwash|49\/100 tox|[from] psn\n|upkeep\n|turn|25\n|\n|t:|1666198942\n|move|p2a: rotomwash|Pain Split|p1a: Gastrodon\n|-sethp|p1a: Gastrodon|68\/100|[from] move: Pain Split|[silent]\n|-sethp|p2a: rotomwash|95\/100 tox|[from] move: Pain Split\n|move|p1a: Gastrodon|Earthquake|p2a: rotomwash\n|-immune|p2a: rotomwash|[from] ability: Levitate\n|\n|-heal|p2a: rotomwash|100\/100 tox|[from] item: Leftovers\n|-damage|p2a: rotomwash|50\/100 tox|[from] psn\n|upkeep\n|turn|26\n|\n|t:|1666198944\n|move|p2a: rotomwash|Pain Split|p1a: Gastrodon\n|-sethp|p1a: Gastrodon|52\/100|[from] move: Pain Split|[silent]\n|-sethp|p2a: rotomwash|73\/100 tox|[from] move: Pain Split\n|move|p1a: Gastrodon|Scald|p2a: rotomwash\n|-resisted|p2a: rotomwash\n|-damage|p2a: rotomwash|53\/100 tox\n|\n|-heal|p2a: rotomwash|59\/100 tox|[from] item: Leftovers\n|-damage|p2a: rotomwash|3\/100 tox|[from] psn\n|upkeep\n|turn|27\n|\n|t:|1666198945\n|move|p2a: rotomwash|Pain Split|p1a: Gastrodon\n|-sethp|p1a: Gastrodon|27\/100|[from] move: Pain Split|[silent]\n|-sethp|p2a: rotomwash|38\/100 tox|[from] move: Pain Split\n|move|p1a: Gastrodon|Recover|p1a: Gastrodon\n|-heal|p1a: Gastrodon|77\/100\n|\n|-heal|p2a: rotomwash|44\/100 tox|[from] item: Leftovers\n|-damage|p2a: rotomwash|0 fnt|[from] psn\n|faint|p2a: rotomwash\n|upkeep\n|\n|t:|1666198945\n|switch|p2a: Weavile|Weavile, M|100\/100\n|-damage|p2a: Weavile|76\/100|[from] Stealth Rock\n|-ability|p2a: Weavile|Pressure\n|turn|28\n|\n|t:|1666198949\n|switch|p1a: Ferrothorn|Ferrothorn, M|81\/100\n|-damage|p1a: Ferrothorn|75\/100|[from] Stealth Rock\n|move|p2a: Weavile|Knock Off|p1a: Ferrothorn\n|-damage|p1a: Ferrothorn|32\/100\n|-damage|p2a: Weavile|63\/100|[from] ability: Iron Barbs|[of] p1a: Ferrothorn\n|-damage|p2a: Weavile|47\/100|[from] item: Rocky Helmet|[of] p1a: Ferrothorn\n|-enditem|p1a: Ferrothorn|Rocky Helmet|[from] move: Knock Off|[of] p2a: Weavile\n|\n|upkeep\n|turn|29\n|\n|t:|1666198952\n|switch|p2a: Tangrowth|Tangrowth, M|95\/100\n|-damage|p2a: Tangrowth|82\/100|[from] Stealth Rock\n|move|p1a: Ferrothorn|Leech Seed|p2a: Tangrowth\n|-immune|p2a: Tangrowth\n|\n|upkeep\n|turn|30\n|\n|t:|1666198954\n|move|p2a: Tangrowth|Focus Blast|p1a: Ferrothorn\n|-supereffective|p1a: Ferrothorn\n|-damage|p1a: Ferrothorn|0 fnt\n|faint|p1a: Ferrothorn\n|\n|upkeep\n|\n|t:|1666198956\n|switch|p1a: Heatran|Heatran, M|88\/100\n|-damage|p1a: Heatran|76\/100|[from] Stealth Rock\n|turn|31\n|\n|t:|1666198959\n|switch|p2a: landorustherian|Landorus-Therian, M|60\/100 tox\n|-damage|p2a: landorustherian|47\/100 tox|[from] Stealth Rock\n|-ability|p2a: landorustherian|Intimidate|boost\n|-unboost|p1a: Heatran|atk|1\n|move|p1a: Heatran|Eruption|p2a: landorustherian\n|-crit|p2a: landorustherian\n|-damage|p2a: landorustherian|0 fnt\n|faint|p2a: landorustherian\n|\n|upkeep\n|\n|t:|1666198959\n|switch|p2a: Weavile|Weavile, M|47\/100\n|-damage|p2a: Weavile|22\/100|[from] Stealth Rock\n|-ability|p2a: Weavile|Pressure\n|turn|32\n|\n|t:|1666198961\n|move|p2a: Weavile|Knock Off|p1a: Heatran\n|-damage|p1a: Heatran|15\/100\n|-enditem|p1a: Heatran|Choice Specs|[from] move: Knock Off|[of] p2a: Weavile\n|move|p1a: Heatran|Eruption|p2a: Weavile\n|-supereffective|p2a: Weavile\n|-damage|p2a: Weavile|0 fnt\n|faint|p2a: Weavile\n|\n|upkeep\n|\n|t:|1666198961\n|switch|p2a: Heatran|Heatran, M|48\/100\n|-damage|p2a: Heatran|35\/100|[from] Stealth Rock\n|turn|33\n|\n|t:|1666198964\n|move|p2a: Heatran|Earth Power|p1a: Heatran\n|-supereffective|p1a: Heatran\n|-damage|p1a: Heatran|0 fnt\n|faint|p1a: Heatran\n|\n|upkeep\n|\n|t:|1666198966\n|switch|p1a: Urshifu|Urshifu-Rapid-Strike, M|61\/100\n|-damage|p1a: Urshifu|55\/100|[from] Stealth Rock\n|turn|34\n|\n|t:|1666198967\n|switch|p2a: Tangrowth|Tangrowth, M|100\/100\n|-damage|p2a: Tangrowth|88\/100|[from] Stealth Rock\n|move|p1a: Urshifu|U-turn|p2a: Tangrowth\n|-supereffective|p2a: Tangrowth\n|-damage|p2a: Tangrowth|60\/100\n|-damage|p1a: Urshifu|39\/100|[from] item: Rocky Helmet|[of] p2a: Tangrowth\n|\n|t:|1666198969\n|switch|p1a: Gastrodon|Gastrodon, F|77\/100|[from]move: U-turn\n|\n|upkeep\n|turn|35\n|\n|t:|1666198970\n|move|p2a: Tangrowth|Giga Drain|p1a: Gastrodon\n|-supereffective|p1a: Gastrodon\n|-damage|p1a: Gastrodon|3\/100\n|-heal|p2a: Tangrowth|99\/100|[from] drain|[of] p1a: Gastrodon\n|move|p1a: Gastrodon|Toxic|p2a: Tangrowth\n|-status|p2a: Tangrowth|tox\n|\n|-damage|p2a: Tangrowth|93\/100 tox|[from] psn\n|upkeep\n|turn|36\n|\n|t:|1666198973\n|move|p2a: Tangrowth|Giga Drain|p1a: Gastrodon\n|-supereffective|p1a: Gastrodon\n|-damage|p1a: Gastrodon|0 fnt\n|-heal|p2a: Tangrowth|95\/100 tox|[from] drain|[of] p1a: Gastrodon\n|faint|p1a: Gastrodon\n|\n|-damage|p2a: Tangrowth|82\/100 tox|[from] psn\n|upkeep\n|\n|t:|1666198975\n|switch|p1a: Urshifu|Urshifu-Rapid-Strike, M|39\/100\n|-damage|p1a: Urshifu|33\/100|[from] Stealth Rock\n|turn|37\n|\n|t:|1666198976\n|move|p1a: Urshifu|Ice Punch|p2a: Tangrowth\n|-supereffective|p2a: Tangrowth\n|-damage|p2a: Tangrowth|56\/100 tox\n|-damage|p1a: Urshifu|16\/100|[from] item: Rocky Helmet|[of] p2a: Tangrowth\n|move|p2a: Tangrowth|Giga Drain|p1a: Urshifu\n|-supereffective|p1a: Urshifu\n|-damage|p1a: Urshifu|0 fnt\n|-heal|p2a: Tangrowth|63\/100 tox|[from] drain|[of] p1a: Urshifu\n|faint|p1a: Urshifu\n|\n|win|minimax_ai\n|raw|Scoots Mgee's rating: 1558 &rarr; <strong>1543<\/strong><br \/>(-15 for losing)\n|raw|minimax_ai's rating: 1652 &rarr; <strong>1667<\/strong><br \/>(+15 for winning)\n|c|\u2606minimax_ai|gg\n","uploadtime":1666198978,"views":3,"p1id":"scootsmgee","p2id":"minimaxai","formatid":"gen8ou","rating":1543,"private":0,"password":null}