{"id":"gen8nationaldex-1194706229","p1":"Commando 55","p2":"Super Suit","format":"gen8nationaldex","log":"|j|\u2606Commando 55\n|j|\u2606Super Suit\n|t:|1601329048\n|player|p1|Commando 55|iris-gen5bw2|1625\n|player|p2|Super Suit|yellow|1665\n|teamsize|p1|6\n|teamsize|p2|6\n|gametype|singles\n|gen|8\n|tier|[Gen 8] National Dex\n|rated|\n|html|<div class=\"broadcast-blue\"><strong>National Dex is currently suspecting Dracovish! For information on how to participate check out the <a href=\"https:\/\/www.smogon.com\/forums\/threads\/3670967\/\">suspect thread<\/a>.<\/strong><\/div>\n|clearpoke\n|poke|p1|Melmetal|\n|poke|p1|Mantine, M|\n|poke|p1|Clefable, M|\n|poke|p1|Zygarde-10%|\n|poke|p1|Venusaur, F|\n|poke|p1|Tyranitar, F|\n|poke|p2|Hoopa-Unbound|\n|poke|p2|Cinderace, M|\n|poke|p2|Garchomp, F|\n|poke|p2|Dracovish|\n|poke|p2|Greninja, M|\n|poke|p2|Rillaboom, F|\n|rule|HP Percentage Mod: HP is shown in percentages\n|rule|Endless Battle Clause: Forcing endless battles is banned\n|rule|OHKO Clause: OHKO moves are banned\n|rule|Evasion Moves Clause: Evasion moves are banned\n|rule|Species Clause: Limit one of each Pok\u00e9mon\n|rule|Dynamax Clause: You cannot dynamax\n|rule|Sleep Clause Mod: Limit one foe put to sleep\n|teampreview\n|inactive|Battle timer is ON: inactive players will automatically lose when time's up. (requested by Super Suit)\n|inactive|Commando 55 has 120 seconds left.\n|inactive|Super Suit has 120 seconds left.\n|\n|t:|1601329082\n|start\n|switch|p1a: Venusaur|Venusaur, F|100\/100\n|switch|p2a: Greninja|Greninja, M|100\/100\n|turn|1\n|\n|t:|1601329088\n|detailschange|p1a: Venusaur|Venusaur-Mega, F\n|-mega|p1a: Venusaur|Venusaur|Venusaurite\n|move|p2a: Greninja|U-turn|p1a: Venusaur\n|-start|p2a: Greninja|typechange|Bug|[from] ability: Protean\n|-damage|p1a: Venusaur|80\/100\n|\n|t:|1601329098\n|switch|p2a: Cinderace|Cinderace, M|100\/100|[from]move: U-turn\n|move|p1a: Venusaur|Giga Drain|p2a: Cinderace\n|-resisted|p2a: Cinderace\n|-damage|p2a: Cinderace|69\/100\n|-heal|p1a: Venusaur|93\/100|[from] drain|[of] p2a: Cinderace\n|\n|upkeep\n|turn|2\n|\n|t:|1601329125\n|move|p2a: Cinderace|Zen Headbutt|p1a: Venusaur|[miss]\n|-start|p2a: Cinderace|typechange|Psychic|[from] ability: Libero\n|-miss|p2a: Cinderace|p1a: Venusaur\n|move|p1a: Venusaur|Earth Power|p2a: Cinderace\n|-damage|p2a: Cinderace|20\/100\n|\n|upkeep\n|turn|3\n|\n|t:|1601329128\n|move|p2a: Cinderace|Zen Headbutt|p1a: Venusaur\n|-supereffective|p1a: Venusaur\n|-damage|p1a: Venusaur|36\/100\n|move|p1a: Venusaur|Giga Drain|p2a: Cinderace\n|-damage|p2a: Cinderace|0 fnt\n|-heal|p1a: Venusaur|45\/100|[from] drain|[of] p2a: Cinderace\n|faint|p2a: Cinderace\n|\n|upkeep\n|\n|t:|1601329136\n|switch|p2a: Dracovish|Dracovish|100\/100\n|turn|4\n|\n|t:|1601329140\n|switch|p1a: Mantine|Mantine, M|100\/100\n|move|p2a: Dracovish|Crunch|p1a: Mantine\n|-damage|p1a: Mantine|59\/100\n|\n|upkeep\n|turn|5\n|\n|t:|1601329145\n|switch|p2a: Garchomp|Garchomp, F|100\/100\n|move|p1a: Mantine|Roost|p1a: Mantine\n|-heal|p1a: Mantine|100\/100\n|-singleturn|p1a: Mantine|move: Roost\n|\n|upkeep\n|turn|6\n|\n|t:|1601329149\n|move|p2a: Garchomp|Stealth Rock|p1a: Mantine\n|-sidestart|p1: Commando 55|move: Stealth Rock\n|move|p1a: Mantine|Scald|p2a: Garchomp\n|-damage|p2a: Garchomp|76\/100\n|\n|upkeep\n|turn|7\n|inactive|Commando 55 has 120 seconds left.\n|\n|t:|1601329183\n|switch|p1a: Clefable|Clefable, M|100\/100\n|-zpower|p2a: Garchomp\n|move|p2a: Garchomp|Continental Crush|p1a: Clefable|[zeffect]\n|-damage|p1a: Clefable|53\/100\n|\n|-heal|p1a: Clefable|59\/100|[from] item: Leftovers\n|upkeep\n|turn|8\n|\n|t:|1601329190\n|move|p2a: Garchomp|Swords Dance|p2a: Garchomp\n|-boost|p2a: Garchomp|atk|2\n|move|p1a: Clefable|Wish|p1a: Clefable\n|\n|-heal|p1a: Clefable|65\/100|[from] item: Leftovers\n|upkeep\n|turn|9\n|inactive|Commando 55 has 120 seconds left.\n|\n|t:|1601329206\n|move|p1a: Clefable|Protect|p1a: Clefable\n|-singleturn|p1a: Clefable|Protect\n|move|p2a: Garchomp|Earthquake|p1a: Clefable\n|-activate|p1a: Clefable|move: Protect\n|\n|-heal|p1a: Clefable|100\/100|[from] move: Wish|[wisher] Clefable\n|upkeep\n|turn|10\n|\n|t:|1601329210\n|move|p2a: Garchomp|Earthquake|p1a: Clefable\n|-damage|p1a: Clefable|28\/100\n|move|p1a: Clefable|Moonblast|p2a: Garchomp\n|-supereffective|p2a: Garchomp\n|-damage|p2a: Garchomp|9\/100\n|\n|-heal|p1a: Clefable|34\/100|[from] item: Leftovers\n|upkeep\n|turn|11\n|\n|t:|1601329216\n|move|p1a: Clefable|Protect|p1a: Clefable\n|-singleturn|p1a: Clefable|Protect\n|move|p2a: Garchomp|Earthquake|p1a: Clefable\n|-activate|p1a: Clefable|move: Protect\n|\n|-heal|p1a: Clefable|40\/100|[from] item: Leftovers\n|upkeep\n|turn|12\n|\n|t:|1601329228\n|switch|p1a: Venusaur|Venusaur-Mega, F|45\/100\n|-damage|p1a: Venusaur|32\/100|[from] Stealth Rock\n|move|p2a: Garchomp|Earthquake|p1a: Venusaur\n|-damage|p1a: Venusaur|0 fnt\n|faint|p1a: Venusaur\n|\n|upkeep\n|\n|t:|1601329231\n|switch|p1a: Zygarde|Zygarde-10%, shiny|100\/100\n|-damage|p1a: Zygarde|94\/100|[from] Stealth Rock\n|-ability|p1a: Zygarde|Aura Break\n|turn|13\n|\n|t:|1601329237\n|move|p1a: Zygarde|Extreme Speed|p2a: Garchomp\n|-damage|p2a: Garchomp|0 fnt\n|-damage|p1a: Zygarde|82\/100|[from] ability: Rough Skin|[of] p2a: Garchomp\n|faint|p2a: Garchomp\n|\n|upkeep\n|\n|t:|1601329240\n|switch|p2a: Greninja|Greninja, M|100\/100\n|turn|14\n|\n|t:|1601329254\n|switch|p1a: Mantine|Mantine, M|100\/100\n|move|p2a: Greninja|Ice Beam|p1a: Mantine\n|-start|p2a: Greninja|typechange|Ice|[from] ability: Protean\n|-crit|p1a: Mantine\n|-damage|p1a: Mantine|63\/100\n|\n|upkeep\n|turn|15\n|\n|t:|1601329270\n|move|p2a: Greninja|Gunk Shot|p1a: Mantine\n|-start|p2a: Greninja|typechange|Poison|[from] ability: Protean\n|-damage|p1a: Mantine|23\/100\n|move|p1a: Mantine|Roost|p1a: Mantine\n|-heal|p1a: Mantine|73\/100\n|-singleturn|p1a: Mantine|move: Roost\n|\n|upkeep\n|turn|16\n|\n|t:|1601329276\n|move|p2a: Greninja|U-turn|p1a: Mantine\n|-start|p2a: Greninja|typechange|Bug|[from] ability: Protean\n|-resisted|p1a: Mantine\n|-damage|p1a: Mantine|61\/100\n|\n|t:|1601329280\n|switch|p2a: Hoopa|Hoopa-Unbound|100\/100|[from]move: U-turn\n|move|p1a: Mantine|Roost|p1a: Mantine\n|-heal|p1a: Mantine|100\/100\n|-singleturn|p1a: Mantine|move: Roost\n|\n|upkeep\n|turn|17\n|\n|t:|1601329299\n|switch|p1a: Zygarde|Zygarde-10%, shiny|82\/100\n|-damage|p1a: Zygarde|76\/100|[from] Stealth Rock\n|-ability|p1a: Zygarde|Aura Break\n|move|p2a: Hoopa|Trick|p1a: Zygarde\n|-activate|p2a: Hoopa|move: Trick|[of] p1a: Zygarde\n|-item|p1a: Zygarde|Choice Specs|[from] move: Trick\n|-item|p2a: Hoopa|Choice Band|[from] move: Trick\n|\n|upkeep\n|turn|18\n|\n|t:|1601329316\n|move|p1a: Zygarde|Outrage|p2a: Hoopa\n|-damage|p2a: Hoopa|0 fnt\n|faint|p2a: Hoopa\n|\n|upkeep\n|\n|t:|1601329320\n|switch|p2a: Greninja|Greninja, M|100\/100\n|turn|19\n|\n|t:|1601329322\n|move|p2a: Greninja|Ice Beam|p1a: Zygarde\n|-start|p2a: Greninja|typechange|Ice|[from] ability: Protean\n|-supereffective|p1a: Zygarde\n|-damage|p1a: Zygarde|0 fnt\n|faint|p1a: Zygarde\n|\n|upkeep\n|\n|t:|1601329351\n|switch|p1a: Melmetal|Melmetal, shiny|100\/100\n|-damage|p1a: Melmetal|94\/100|[from] Stealth Rock\n|turn|20\n|\n|t:|1601329363\n|move|p2a: Greninja|Spikes|p1a: Melmetal\n|-start|p2a: Greninja|typechange|Ground|[from] ability: Protean\n|-sidestart|p1: Commando 55|Spikes\n|move|p1a: Melmetal|Double Iron Bash|p2a: Greninja\n|-damage|p2a: Greninja|0 fnt\n|-hitcount|p2a: Greninja|1\n|faint|p2a: Greninja\n|\n|upkeep\n|\n|t:|1601329370\n|switch|p2a: Dracovish|Dracovish|100\/100\n|turn|21\n|\n|t:|1601329389\n|switch|p1a: Mantine|Mantine, M|100\/100\n|move|p2a: Dracovish|Outrage|p1a: Mantine\n|-damage|p1a: Mantine|35\/100\n|\n|upkeep\n|turn|22\n|\n|t:|1601329393\n|switch|p1a: Clefable|Clefable, M|40\/100\n|move|p2a: Dracovish|Outrage|p1a: Clefable|[from]lockedmove\n|-immune|p1a: Clefable\n|\n|-heal|p1a: Clefable|46\/100|[from] item: Leftovers\n|upkeep\n|turn|23\n|\n|t:|1601329396\n|switch|p2a: Rillaboom|Rillaboom, F|100\/100\n|-fieldstart|move: Grassy Terrain|[from] ability: Grassy Surge|[of] p2a: Rillaboom\n|move|p1a: Clefable|Wish|p1a: Clefable\n|\n|-heal|p1a: Clefable|53\/100|[from] item: Leftovers\n|-heal|p1a: Clefable|59\/100|[from] Grassy Terrain\n|upkeep\n|turn|24\n|\n|t:|1601329405\n|move|p2a: Rillaboom|Swords Dance|p2a: Rillaboom\n|-boost|p2a: Rillaboom|atk|2\n|move|p1a: Clefable|Moonblast|p2a: Rillaboom\n|-damage|p2a: Rillaboom|60\/100\n|\n|-heal|p1a: Clefable|100\/100|[from] move: Wish|[wisher] Clefable\n|-heal|p2a: Rillaboom|66\/100|[from] Grassy Terrain\n|upkeep\n|turn|25\n|\n|t:|1601329419\n|move|p2a: Rillaboom|Grassy Glide|p1a: Clefable\n|-damage|p1a: Clefable|1\/100\n|-damage|p2a: Rillaboom|56\/100|[from] item: Life Orb\n|move|p1a: Clefable|Moonblast|p2a: Rillaboom\n|-damage|p2a: Rillaboom|14\/100\n|-unboost|p2a: Rillaboom|spa|1\n|\n|-heal|p2a: Rillaboom|20\/100|[from] Grassy Terrain\n|-heal|p1a: Clefable|7\/100|[from] item: Leftovers\n|-heal|p1a: Clefable|13\/100|[from] Grassy Terrain\n|upkeep\n|turn|26\n|\n|t:|1601329435\n|move|p2a: Rillaboom|Grassy Glide|p1a: Clefable\n|-damage|p1a: Clefable|0 fnt\n|-damage|p2a: Rillaboom|10\/100|[from] item: Life Orb\n|faint|p1a: Clefable\n|\n|-heal|p2a: Rillaboom|17\/100|[from] Grassy Terrain\n|upkeep\n|inactive|Commando 55 has 120 seconds left.\n|inactive|Commando 55 has 90 seconds left.\n|c|\u2606Super Suit|your one hope is melmetal my dude\n|c|\u2606Super Suit|just gonna say that\n|inactive|Commando 55 has 60 seconds left.\n|inactive|Commando 55 has 30 seconds left.\n|inactive|Commando 55 has 20 seconds left.\n|\n|t:|1601329558\n|switch|p1a: Melmetal|Melmetal, shiny|94\/100\n|-damage|p1a: Melmetal|82\/100|[from] Spikes\n|-damage|p1a: Melmetal|76\/100|[from] Stealth Rock\n|turn|27\n|inactive|Commando 55 has 30 seconds left this turn.\n|\n|t:|1601329561\n|move|p2a: Rillaboom|Superpower|p1a: Melmetal\n|-supereffective|p1a: Melmetal\n|-damage|p1a: Melmetal|0 fnt\n|-unboost|p2a: Rillaboom|atk|1\n|-unboost|p2a: Rillaboom|def|1\n|-damage|p2a: Rillaboom|7\/100|[from] item: Life Orb\n|faint|p1a: Melmetal\n|\n|-heal|p2a: Rillaboom|13\/100|[from] Grassy Terrain\n|-fieldend|move: Grassy Terrain\n|upkeep\n|inactive|Commando 55 has 30 seconds left.\n|\n|t:|1601329567\n|switch|p1a: Tyranitar|Tyranitar, F|100\/100\n|-damage|p1a: Tyranitar|88\/100|[from] Spikes\n|-damage|p1a: Tyranitar|76\/100|[from] Stealth Rock\n|-weather|Sandstorm|[from] ability: Sand Stream|[of] p1a: Tyranitar\n|turn|28\n|\n|t:|1601329576\n|move|p2a: Rillaboom|Superpower|p1a: Tyranitar\n|-supereffective|p1a: Tyranitar\n|-damage|p1a: Tyranitar|0 fnt\n|-unboost|p2a: Rillaboom|atk|1\n|-unboost|p2a: Rillaboom|def|1\n|-damage|p2a: Rillaboom|3\/100|[from] item: Life Orb\n|faint|p1a: Tyranitar\n|\n|-weather|Sandstorm|[upkeep]\n|-damage|p2a: Rillaboom|0 fnt|[from] Sandstorm\n|faint|p2a: Rillaboom\n|upkeep\n|\n|t:|1601329578\n|switch|p2a: Dracovish|Dracovish|100\/100\n|switch|p1a: Mantine|Mantine, M|35\/100\n|turn|29\n|\n|t:|1601329581\n|move|p2a: Dracovish|Outrage|p1a: Mantine\n|-damage|p1a: Mantine|0 fnt\n|faint|p1a: Mantine\n|\n|win|Super Suit\n|l|\u2606Commando 55\n|c|\u2606Super Suit|gg\n|raw|Commando 55's rating: 1625 &rarr; <strong>1608<\/strong><br \/>(-17 for losing)\n|raw|Super Suit's rating: 1680 &rarr; <strong>1697<\/strong><br \/>(+17 for winning)\n","uploadtime":1601329593,"views":10,"p1id":"commando55","p2id":"supersuit","formatid":"gen8nationaldex","rating":1608,"private":0,"password":null}