{"id":"gen8nationaldex-1677840606","p1":"brettfavreinnocent","p2":"juan lopez 69","format":"gen8nationaldex","log":"|j|\u2606brettfavreinnocent\n|j|\u2606juan lopez 69\n|t:|1664929944\n|gametype|singles\n|player|p1|brettfavreinnocent|youngster-gen4dp|1076\n|player|p2|juan lopez 69|101|1142\n|teamsize|p1|6\n|teamsize|p2|6\n|gen|8\n|tier|[Gen 8] National Dex\n|rated|\n|rule|HP Percentage Mod: HP is shown in percentages\n|rule|Endless Battle Clause: Forcing endless battles is banned\n|rule|OHKO Clause: OHKO moves are banned\n|rule|Evasion Moves Clause: Evasion moves are banned\n|rule|Species Clause: Limit one of each Pok\u00e9mon\n|rule|Dynamax Clause: You cannot dynamax\n|rule|Sleep Clause Mod: Limit one foe put to sleep\n|clearpoke\n|poke|p1|Aggron, F|\n|poke|p1|Drapion, F|\n|poke|p1|Electivire, M|\n|poke|p1|Gliscor, M|\n|poke|p1|Ursaring, F|\n|poke|p1|Torterra, M|\n|poke|p2|Aegislash, M|\n|poke|p2|Gliscor, M|\n|poke|p2|Infernape, M|\n|poke|p2|Lycanroc-Dusk, M|\n|poke|p2|Slowbro, M|\n|poke|p2|Walrein, M|\n|teampreview\n|\n|t:|1664929955\n|start\n|switch|p1a: KAREEM HUNT|Torterra, M|100\/100\n|switch|p2a: woof|Lycanroc-Dusk, M|100\/100\n|turn|1\n|\n|t:|1664929977\n|move|p2a: woof|Hidden Power|p1a: KAREEM HUNT\n|-supereffective|p1a: KAREEM HUNT\n|-damage|p1a: KAREEM HUNT|61\/100\n|move|p1a: KAREEM HUNT|Rock Polish|p1a: KAREEM HUNT\n|-boost|p1a: KAREEM HUNT|spe|2\n|\n|upkeep\n|turn|2\n|inactive|Battle timer is ON: inactive players will automatically lose when time's up. (requested by juan lopez 69)\n|\n|t:|1664930047\n|move|p1a: KAREEM HUNT|Wood Hammer|p2a: woof\n|-supereffective|p2a: woof\n|-damage|p2a: woof|0 fnt\n|faint|p2a: woof\n|-damage|p1a: KAREEM HUNT|32\/100|[from] Recoil\n|\n|upkeep\n|\n|t:|1664930055\n|switch|p2a: Walrein|Walrein, M, shiny|100\/100\n|turn|3\n|\n|t:|1664930076\n|-zpower|p1a: KAREEM HUNT\n|move|p1a: KAREEM HUNT|Continental Crush|p2a: Walrein|[zeffect]\n|-supereffective|p2a: Walrein\n|-damage|p2a: Walrein|0 fnt\n|faint|p2a: Walrein\n|\n|upkeep\n|\n|t:|1664930099\n|switch|p2a: monke|Infernape, M, shiny|100\/100\n|turn|4\n|\n|t:|1664930106\n|move|p1a: KAREEM HUNT|Earthquake|p2a: monke\n|-supereffective|p2a: monke\n|-enditem|p2a: monke|Focus Sash\n|-damage|p2a: monke|1\/100\n|move|p2a: monke|Overheat|p1a: KAREEM HUNT\n|-supereffective|p1a: KAREEM HUNT\n|-damage|p1a: KAREEM HUNT|0 fnt\n|-unboost|p2a: monke|spa|2\n|faint|p1a: KAREEM HUNT\n|\n|upkeep\n|inactive|brettfavreinnocent has 120 seconds left.\n|\n|t:|1664930142\n|switch|p1a: Gliscor|Gliscor, M|100\/100\n|turn|5\n|\n|t:|1664930155\n|switch|p2a: sowbo|Slowbro, M|100\/100\n|move|p1a: Gliscor|U-turn|p2a: sowbo\n|-supereffective|p2a: sowbo\n|-damage|p2a: sowbo|83\/100\n|\n|t:|1664930160\n|switch|p1a: Drapion|Drapion, F|100\/100|[from]move: U-turn\n|\n|upkeep\n|turn|6\n|inactive|brettfavreinnocent has 120 seconds left.\n|\n|t:|1664930186\n|switch|p2a: blu|Gliscor, M, shiny|100\/100\n|move|p1a: Drapion|Night Slash|p2a: blu\n|-damage|p2a: blu|79\/100\n|\n|-status|p2a: blu|tox|[from] item: Toxic Orb\n|upkeep\n|turn|7\n|inactive|brettfavreinnocent has 120 seconds left.\n|\n|t:|1664930196\n|move|p1a: Drapion|Swords Dance|p1a: Drapion\n|-boost|p1a: Drapion|atk|2\n|move|p2a: blu|Earthquake|p1a: Drapion\n|-supereffective|p1a: Drapion\n|-damage|p1a: Drapion|27\/100\n|\n|-heal|p2a: blu|91\/100 tox|[from] ability: Poison Heal\n|upkeep\n|turn|8\n|\n|t:|1664930203\n|move|p1a: Drapion|Night Slash|p2a: blu\n|-damage|p2a: blu|45\/100 tox\n|move|p2a: blu|Earthquake|p1a: Drapion\n|-supereffective|p1a: Drapion\n|-damage|p1a: Drapion|0 fnt\n|faint|p1a: Drapion\n|\n|-heal|p2a: blu|58\/100 tox|[from] ability: Poison Heal\n|upkeep\n|inactive|brettfavreinnocent has 120 seconds left.\n|\n|t:|1664930217\n|switch|p1a: Ursaring|Ursaring, F|100\/100\n|turn|9\n|inactive|brettfavreinnocent has 120 seconds left.\n|\n|t:|1664930243\n|move|p2a: blu|Roost|p2a: blu\n|-heal|p2a: blu|100\/100 tox\n|-singleturn|p2a: blu|move: Roost\n|move|p1a: Ursaring|Bulk Up|p1a: Ursaring\n|-boost|p1a: Ursaring|atk|1\n|-boost|p1a: Ursaring|def|1\n|\n|-status|p1a: Ursaring|brn|[from] item: Flame Orb\n|upkeep\n|turn|10\n|inactive|brettfavreinnocent has 120 seconds left.\n|\n|t:|1664930254\n|move|p2a: blu|Facade|p1a: Ursaring\n|-damage|p1a: Ursaring|78\/100 brn\n|move|p1a: Ursaring|Facade|p2a: blu\n|-crit|p2a: blu\n|-damage|p2a: blu|0 fnt\n|faint|p2a: blu\n|\n|-damage|p1a: Ursaring|72\/100 brn|[from] brn\n|upkeep\n|\n|t:|1664930271\n|switch|p2a: black-man|Aegislash, M, shiny|100\/100\n|turn|11\n|\n|t:|1664930281\n|-formechange|p2a: black-man|Aegislash-Blade||[from] ability: Stance Change\n|move|p2a: black-man|Close Combat|p1a: Ursaring\n|-supereffective|p1a: Ursaring\n|-damage|p1a: Ursaring|14\/100 brn\n|-unboost|p2a: black-man|def|1\n|-unboost|p2a: black-man|spd|1\n|move|p1a: Ursaring|Crunch|p2a: black-man\n|-supereffective|p2a: black-man\n|-damage|p2a: black-man|0 fnt\n|faint|p2a: black-man\n|\n|-damage|p1a: Ursaring|8\/100 brn|[from] brn\n|upkeep\n|\n|t:|1664930294\n|switch|p2a: sowbo|Slowbro, M|100\/100\n|turn|12\n|\n|t:|1664930301\n|move|p1a: Ursaring|Facade|p2a: sowbo\n|-damage|p2a: sowbo|0 fnt\n|faint|p2a: sowbo\n|\n|-damage|p1a: Ursaring|2\/100 brn|[from] brn\n|upkeep\n|\n|t:|1664930307\n|switch|p2a: monke|Infernape, M, shiny|1\/100\n|turn|13\n|\n|t:|1664930310\n|move|p2a: monke|Stone Edge|p1a: Ursaring|[miss]\n|-miss|p2a: monke|p1a: Ursaring\n|move|p1a: Ursaring|Facade|p2a: monke\n|-crit|p2a: monke\n|-damage|p2a: monke|0 fnt\n|faint|p2a: monke\n|\n|win|brettfavreinnocent\n|raw|brettfavreinnocent's rating: 1076 &rarr; <strong>1110<\/strong><br \/>(+34 for winning)\n|raw|juan lopez 69's rating: 1142 &rarr; <strong>1112<\/strong><br \/>(-30 for losing)\n|l|\u2606juan lopez 69\n||Ladder isn't responding, score probably updated but might not have (Request timeout).\n","uploadtime":1664930315,"views":6,"p1id":"brettfavreinnocent","p2id":"juanlopez69","formatid":"gen8nationaldex","rating":1110,"private":0,"password":null}