{"id":"gen8ou-1704669402","p1":"EVERYOPPSHOT","p2":"minimax_ai","format":"gen8ou","log":"|j|\u2606EVERYOPPSHOT\n|j|\u2606minimax_ai\n|t:|1667802890\n|gametype|singles\n|player|p1|EVERYOPPSHOT|265|1691\n|player|p2|minimax_ai|169|1714\n|teamsize|p1|6\n|teamsize|p2|6\n|gen|8\n|tier|[Gen 8] OU\n|rated|\n|rule|Sleep Clause Mod: Limit one foe put to sleep\n|rule|Species Clause: Limit one of each Pok\u00e9mon\n|rule|OHKO Clause: OHKO moves are banned\n|rule|Evasion Items Clause: Evasion items are banned\n|rule|Evasion Moves Clause: Evasion moves are banned\n|rule|Endless Battle Clause: Forcing endless battles is banned\n|rule|HP Percentage Mod: HP is shown in percentages\n|rule|Dynamax Clause: You cannot dynamax\n|clearpoke\n|poke|p1|Volcarona, F|\n|poke|p1|Corviknight, M|\n|poke|p1|Tornadus-Therian, M|\n|poke|p1|Hippowdon, M|\n|poke|p1|Hatterene, F|\n|poke|p1|Urshifu-*, F|\n|poke|p2|Rotom-Wash|\n|poke|p2|Weavile, M|\n|poke|p2|Landorus-Therian, M|\n|poke|p2|Heatran, M|\n|poke|p2|Tangrowth, F|\n|poke|p2|Melmetal|\n|teampreview\n|c|\u2606minimax_ai|hf\n|inactive|Battle timer is ON: inactive players will automatically lose when time's up. (requested by minimax_ai)\n|\n|t:|1667802898\n|start\n|switch|p1a: Corviknight|Corviknight, M|100\/100\n|switch|p2a: rotomwash|Rotom-Wash|100\/100\n|-ability|p1a: Corviknight|Pressure\n|turn|1\n|j| Fourthstar\n|\n|t:|1667802901\n|switch|p1a: Hippowdon|Hippowdon, M|100\/100\n|-weather|Sandstorm|[from] ability: Sand Stream|[of] p1a: Hippowdon\n|move|p2a: rotomwash|Thunderbolt|p1a: Hippowdon\n|-immune|p1a: Hippowdon\n|\n|-weather|Sandstorm|[upkeep]\n|-damage|p2a: rotomwash|94\/100|[from] Sandstorm\n|-heal|p2a: rotomwash|100\/100|[from] item: Leftovers\n|upkeep\n|turn|2\n|\n|t:|1667802907\n|move|p2a: rotomwash|Hydro Pump|p1a: Hippowdon\n|-supereffective|p1a: Hippowdon\n|-damage|p1a: Hippowdon|38\/100\n|move|p1a: Hippowdon|Stealth Rock|p2a: rotomwash\n|-sidestart|p2: minimax_ai|move: Stealth Rock\n|\n|-weather|Sandstorm|[upkeep]\n|-damage|p2a: rotomwash|94\/100|[from] Sandstorm\n|-heal|p2a: rotomwash|100\/100|[from] item: Leftovers\n|-heal|p1a: Hippowdon|44\/100|[from] item: Leftovers\n|upkeep\n|turn|3\n|j| Calico S\n|\n|t:|1667802917\n|move|p2a: rotomwash|Nasty Plot|p2a: rotomwash\n|-boost|p2a: rotomwash|spa|2\n|move|p1a: Hippowdon|Slack Off|p1a: Hippowdon\n|-heal|p1a: Hippowdon|94\/100\n|\n|-weather|Sandstorm|[upkeep]\n|-damage|p2a: rotomwash|94\/100|[from] Sandstorm\n|-heal|p2a: rotomwash|100\/100|[from] item: Leftovers\n|-heal|p1a: Hippowdon|99\/100|[from] item: Leftovers\n|upkeep\n|turn|4\n|\n|t:|1667802925\n|move|p2a: rotomwash|Nasty Plot|p2a: rotomwash\n|-boost|p2a: rotomwash|spa|2\n|move|p1a: Hippowdon|Toxic|p2a: rotomwash\n|-status|p2a: rotomwash|tox\n|\n|-weather|Sandstorm|[upkeep]\n|-damage|p2a: rotomwash|94\/100 tox|[from] Sandstorm\n|-heal|p2a: rotomwash|100\/100 tox|[from] item: Leftovers\n|-heal|p1a: Hippowdon|100\/100|[from] item: Leftovers\n|-damage|p2a: rotomwash|94\/100 tox|[from] psn\n|upkeep\n|turn|5\n|\n|t:|1667802930\n|move|p2a: rotomwash|Hydro Pump|p1a: Hippowdon\n|-supereffective|p1a: Hippowdon\n|-damage|p1a: Hippowdon|0 fnt\n|faint|p1a: Hippowdon\n|\n|-weather|none\n|-heal|p2a: rotomwash|100\/100 tox|[from] item: Leftovers\n|-damage|p2a: rotomwash|88\/100 tox|[from] psn\n|upkeep\n|\n|t:|1667802934\n|switch|p1a: Urshifu|Urshifu-Rapid-Strike, F|100\/100\n|turn|6\n|j| stevenrosas12\n|\n|t:|1667802939\n|switch|p2a: Tangrowth|Tangrowth, F|100\/100\n|-damage|p2a: Tangrowth|88\/100|[from] Stealth Rock\n|move|p1a: Urshifu|Close Combat|p2a: Tangrowth\n|-damage|p2a: Tangrowth|53\/100\n|-unboost|p1a: Urshifu|def|1\n|-unboost|p1a: Urshifu|spd|1\n|-damage|p1a: Urshifu|84\/100|[from] item: Rocky Helmet|[of] p2a: Tangrowth\n|\n|upkeep\n|turn|7\n|\n|t:|1667802942\n|switch|p1a: Tornadus|Tornadus-Therian, M|100\/100\n|move|p2a: Tangrowth|Focus Blast|p1a: Tornadus\n|-resisted|p1a: Tornadus\n|-damage|p1a: Tornadus|91\/100\n|\n|upkeep\n|turn|8\n|j| cypherstest\n|\n|t:|1667802945\n|switch|p2a: landorustherian|Landorus-Therian, M|100\/100\n|-damage|p2a: landorustherian|88\/100|[from] Stealth Rock\n|-ability|p2a: landorustherian|Intimidate|boost\n|-unboost|p1a: Tornadus|atk|1\n|move|p1a: Tornadus|Knock Off|p2a: landorustherian\n|-damage|p2a: landorustherian|75\/100\n|-enditem|p2a: landorustherian|Leftovers|[from] move: Knock Off|[of] p1a: Tornadus\n|\n|upkeep\n|turn|9\n|\n|t:|1667802948\n|move|p1a: Tornadus|U-turn|p2a: landorustherian\n|-resisted|p2a: landorustherian\n|-crit|p2a: landorustherian\n|-damage|p2a: landorustherian|65\/100\n|\n|t:|1667802949\n|switch|p1a: Hatterene|Hatterene, F|100\/100|[from]move: U-turn\n|move|p2a: landorustherian|Defog|p1a: Hatterene\n|move|p1a: Hatterene|Defog|p2a: landorustherian|[from]ability: Magic Bounce\n|-unboost|p2a: landorustherian|evasion|1\n|-sideend|p2: minimax_ai|Stealth Rock|[from] move: Defog|[of] p1a: Hatterene\n|\n|upkeep\n|turn|10\n|\n|t:|1667802951\n|move|p2a: landorustherian|U-turn|p1a: Hatterene\n|-damage|p1a: Hatterene|80\/100\n|\n|t:|1667802952\n|switch|p2a: Heatran|Heatran, M|100\/100|[from]move: U-turn\n|-item|p2a: Heatran|Air Balloon\n|move|p1a: Hatterene|Future Sight|p2a: Heatran\n|-start|p1a: Hatterene|move: Future Sight\n|\n|-heal|p1a: Hatterene|86\/100|[from] item: Leftovers\n|upkeep\n|turn|11\n|\n|t:|1667802956\n|switch|p2a: Melmetal|Melmetal|100\/100\n|move|p1a: Hatterene|Nuzzle|p2a: Melmetal\n|-damage|p2a: Melmetal|98\/100\n|-status|p2a: Melmetal|par\n|\n|-heal|p1a: Hatterene|92\/100|[from] item: Leftovers\n|upkeep\n|turn|12\n|\n|t:|1667802959\n|switch|p1a: Corviknight|Corviknight, M|100\/100\n|-ability|p1a: Corviknight|Pressure\n|cant|p2a: Melmetal|par\n|\n|-end|p2a: Melmetal|move: Future Sight\n|-resisted|p2a: Melmetal\n|-damage|p2a: Melmetal|84\/100 par\n|upkeep\n|turn|13\n|\n|t:|1667802962\n|move|p1a: Corviknight|Body Press|p2a: Melmetal\n|-supereffective|p2a: Melmetal\n|-damage|p2a: Melmetal|58\/100 par\n|cant|p2a: Melmetal|par\n|\n|upkeep\n|turn|14\n|\n|t:|1667802965\n|move|p1a: Corviknight|Body Press|p2a: Melmetal\n|-supereffective|p2a: Melmetal\n|-damage|p2a: Melmetal|31\/100 par\n|move|p2a: Melmetal|Thunder Punch|p1a: Corviknight\n|-supereffective|p1a: Corviknight\n|-damage|p1a: Corviknight|57\/100\n|-damage|p2a: Melmetal|15\/100 par|[from] item: Rocky Helmet|[of] p1a: Corviknight\n|\n|upkeep\n|turn|15\n|\n|t:|1667802968\n|switch|p2a: Heatran|Heatran, M|100\/100\n|-item|p2a: Heatran|Air Balloon\n|move|p1a: Corviknight|Body Press|p2a: Heatran\n|-supereffective|p2a: Heatran\n|-damage|p2a: Heatran|52\/100\n|-enditem|p2a: Heatran|Air Balloon\n|\n|upkeep\n|turn|16\n|\n|t:|1667802974\n|switch|p1a: Hatterene|Hatterene, F|92\/100\n|move|p2a: Heatran|Magma Storm|p1a: Hatterene\n|-damage|p1a: Hatterene|42\/100\n|-activate|p1a: Hatterene|move: Magma Storm|[of] p2a: Heatran\n|\n|-heal|p1a: Hatterene|48\/100|[from] item: Leftovers\n|-damage|p1a: Hatterene|36\/100|[from] move: Magma Storm|[partiallytrapped]\n|upkeep\n|turn|17\n|\n|t:|1667802976\n|move|p2a: Heatran|Magma Storm|p1a: Hatterene|[miss]\n|-miss|p2a: Heatran|p1a: Hatterene\n|move|p1a: Hatterene|Healing Wish|p1a: Hatterene\n|faint|p1a: Hatterene\n|\n|upkeep\n|j| Horuskoria\n|\n|t:|1667802981\n|switch|p1a: Urshifu|Urshifu-Rapid-Strike, F|84\/100\n|-heal|p1a: Urshifu|100\/100|[from] move: Healing Wish\n|turn|18\n|\n|t:|1667802985\n|switch|p2a: Tangrowth|Tangrowth, F|86\/100\n|move|p1a: Urshifu|U-turn|p2a: Tangrowth\n|-supereffective|p2a: Tangrowth\n|-damage|p2a: Tangrowth|61\/100\n|-damage|p1a: Urshifu|84\/100|[from] item: Rocky Helmet|[of] p2a: Tangrowth\n|\n|t:|1667802986\n|switch|p1a: Volcarona|Volcarona, F|100\/100|[from]move: U-turn\n|\n|upkeep\n|turn|19\n|\n|t:|1667802989\n|switch|p2a: Heatran|Heatran, M|52\/100\n|move|p1a: Volcarona|Quiver Dance|p1a: Volcarona\n|-boost|p1a: Volcarona|spa|1\n|-boost|p1a: Volcarona|spd|1\n|-boost|p1a: Volcarona|spe|1\n|\n|upkeep\n|turn|20\n|\n|t:|1667802992\n|move|p1a: Volcarona|Quiver Dance|p1a: Volcarona\n|-boost|p1a: Volcarona|spa|1\n|-boost|p1a: Volcarona|spd|1\n|-boost|p1a: Volcarona|spe|1\n|move|p2a: Heatran|Magma Storm|p1a: Volcarona\n|-damage|p1a: Volcarona|73\/100\n|-activate|p1a: Volcarona|move: Magma Storm|[of] p2a: Heatran\n|\n|-damage|p1a: Volcarona|60\/100|[from] move: Magma Storm|[partiallytrapped]\n|upkeep\n|turn|21\n|\n|t:|1667802994\n|switch|p2a: Melmetal|Melmetal|15\/100 par\n|move|p1a: Volcarona|Psychic|p2a: Melmetal\n|-resisted|p2a: Melmetal\n|-damage|p2a: Melmetal|0 fnt\n|faint|p2a: Melmetal\n|-damage|p1a: Volcarona|50\/100|[from] item: Life Orb\n|\n|-end|p1a: Volcarona|Magma Storm|[partiallytrapped]|[silent]\n|upkeep\n|\n|t:|1667802994\n|switch|p2a: Heatran|Heatran, M|52\/100\n|turn|22\n|\n|t:|1667802997\n|move|p1a: Volcarona|Psychic|p2a: Heatran\n|-resisted|p2a: Heatran\n|-damage|p2a: Heatran|7\/100\n|-damage|p1a: Volcarona|40\/100|[from] item: Life Orb\n|move|p2a: Heatran|Magma Storm|p1a: Volcarona|[miss]\n|-miss|p2a: Heatran|p1a: Volcarona\n|\n|upkeep\n|turn|23\n|\n|t:|1667803001\n|move|p1a: Volcarona|Bug Buzz|p2a: Heatran\n|-resisted|p2a: Heatran\n|-damage|p2a: Heatran|0 fnt\n|faint|p2a: Heatran\n|-damage|p1a: Volcarona|30\/100|[from] item: Life Orb\n|\n|upkeep\n|\n|t:|1667803001\n|switch|p2a: Weavile|Weavile, M|100\/100\n|-ability|p2a: Weavile|Pressure\n|turn|24\n|\n|t:|1667803004\n|move|p2a: Weavile|Ice Shard|p1a: Volcarona\n|-resisted|p1a: Volcarona\n|-damage|p1a: Volcarona|6\/100\n|move|p1a: Volcarona|Bug Buzz|p2a: Weavile\n|-supereffective|p2a: Weavile\n|-damage|p2a: Weavile|0 fnt\n|faint|p2a: Weavile\n|-damage|p1a: Volcarona|0 fnt|[from] item: Life Orb\n|faint|p1a: Volcarona\n|\n|upkeep\n|\n|t:|1667803009\n|switch|p2a: rotomwash|Rotom-Wash|88\/100 tox\n|switch|p1a: Tornadus|Tornadus-Therian, M|100\/100\n|turn|25\n|\n|t:|1667803011\n|move|p1a: Tornadus|Knock Off|p2a: rotomwash\n|-damage|p2a: rotomwash|65\/100 tox\n|-enditem|p2a: rotomwash|Leftovers|[from] move: Knock Off|[of] p1a: Tornadus\n|move|p2a: rotomwash|Thunderbolt|p1a: Tornadus\n|-supereffective|p1a: Tornadus\n|-damage|p1a: Tornadus|57\/100\n|\n|-damage|p2a: rotomwash|59\/100 tox|[from] psn\n|upkeep\n|turn|26\n|\n|t:|1667803014\n|move|p1a: Tornadus|Hurricane|p2a: rotomwash\n|-resisted|p2a: rotomwash\n|-damage|p2a: rotomwash|38\/100 tox\n|move|p2a: rotomwash|Thunderbolt|p1a: Tornadus\n|-supereffective|p1a: Tornadus\n|-damage|p1a: Tornadus|12\/100\n|\n|-damage|p2a: rotomwash|26\/100 tox|[from] psn\n|upkeep\n|turn|27\n|l| Calico S\n|\n|t:|1667803022\n|switch|p1a: Corviknight|Corviknight, M|57\/100\n|-ability|p1a: Corviknight|Pressure\n|move|p2a: rotomwash|Thunderbolt|p1a: Corviknight\n|-supereffective|p1a: Corviknight\n|-damage|p1a: Corviknight|0 fnt\n|faint|p1a: Corviknight\n|\n|-damage|p2a: rotomwash|7\/100 tox|[from] psn\n|upkeep\n|\n|t:|1667803024\n|switch|p1a: Urshifu|Urshifu-Rapid-Strike, F|84\/100\n|turn|28\n|\n|t:|1667803025\n|switch|p2a: Tangrowth|Tangrowth, F|95\/100\n|move|p1a: Urshifu|U-turn|p2a: Tangrowth\n|-supereffective|p2a: Tangrowth\n|-damage|p2a: Tangrowth|70\/100\n|-damage|p1a: Urshifu|68\/100|[from] item: Rocky Helmet|[of] p2a: Tangrowth\n|\n|t:|1667803026\n|switch|p1a: Tornadus|Tornadus-Therian, M|45\/100|[from]move: U-turn\n|\n|upkeep\n|turn|29\n|\n|t:|1667803027\n|switch|p2a: rotomwash|Rotom-Wash|7\/100 tox\n|move|p1a: Tornadus|Hurricane|p2a: rotomwash\n|-resisted|p2a: rotomwash\n|-damage|p2a: rotomwash|0 fnt\n|faint|p2a: rotomwash\n|\n|upkeep\n|\n|t:|1667803027\n|switch|p2a: landorustherian|Landorus-Therian, M|65\/100\n|-ability|p2a: landorustherian|Intimidate|boost\n|-unboost|p1a: Tornadus|atk|1\n|turn|30\n|\n|t:|1667803031\n|move|p1a: Tornadus|Icy Wind|p2a: landorustherian\n|-supereffective|p2a: landorustherian\n|-crit|p2a: landorustherian\n|-damage|p2a: landorustherian|1\/100\n|-unboost|p2a: landorustherian|spe|1\n|move|p2a: landorustherian|U-turn|p1a: Tornadus\n|-resisted|p1a: Tornadus\n|-damage|p1a: Tornadus|33\/100\n|\n|t:|1667803031\n|switch|p2a: Tangrowth|Tangrowth, F|100\/100|[from]move: U-turn\n|\n|upkeep\n|turn|31\n|\n|t:|1667803035\n|switch|p2a: landorustherian|Landorus-Therian, M|1\/100\n|-ability|p2a: landorustherian|Intimidate|boost\n|-unboost|p1a: Tornadus|atk|1\n|move|p1a: Tornadus|Hurricane|p2a: landorustherian\n|-damage|p2a: landorustherian|0 fnt\n|faint|p2a: landorustherian\n|\n|upkeep\n|\n|t:|1667803035\n|switch|p2a: Tangrowth|Tangrowth, F|100\/100\n|turn|32\n|\n|t:|1667803037\n|move|p1a: Tornadus|Hurricane|p2a: Tangrowth|[miss]\n|-miss|p1a: Tornadus|p2a: Tangrowth\n|move|p2a: Tangrowth|Sleep Powder|p1a: Tornadus\n|-status|p1a: Tornadus|slp|[from] move: Sleep Powder\n|\n|upkeep\n|turn|33\n|\n|t:|1667803039\n|switch|p1a: Urshifu|Urshifu-Rapid-Strike, F|68\/100\n|move|p2a: Tangrowth|Knock Off|p1a: Urshifu\n|-resisted|p1a: Urshifu\n|-damage|p1a: Urshifu|56\/100\n|-enditem|p1a: Urshifu|Choice Scarf|[from] move: Knock Off|[of] p2a: Tangrowth\n|\n|upkeep\n|turn|34\n|\n|t:|1667803043\n|move|p1a: Urshifu|Ice Punch|p2a: Tangrowth\n|-supereffective|p2a: Tangrowth\n|-damage|p2a: Tangrowth|71\/100\n|-damage|p1a: Urshifu|39\/100|[from] item: Rocky Helmet|[of] p2a: Tangrowth\n|move|p2a: Tangrowth|Knock Off|p1a: Urshifu\n|-resisted|p1a: Urshifu\n|-damage|p1a: Urshifu|31\/100\n|\n|upkeep\n|turn|35\n|\n|t:|1667803046\n|move|p1a: Urshifu|U-turn|p2a: Tangrowth\n|-supereffective|p2a: Tangrowth\n|-damage|p2a: Tangrowth|43\/100\n|-damage|p1a: Urshifu|15\/100|[from] item: Rocky Helmet|[of] p2a: Tangrowth\n|\n|t:|1667803047\n|switch|p1a: Tornadus|Tornadus-Therian, M|66\/100 slp|[from]move: U-turn\n|move|p2a: Tangrowth|Giga Drain|p1a: Tornadus\n|-resisted|p1a: Tornadus\n|-damage|p1a: Tornadus|56\/100 slp\n|-heal|p2a: Tangrowth|47\/100|[from] drain|[of] p1a: Tornadus\n|\n|upkeep\n|turn|36\n|\n|t:|1667803050\n|switch|p1a: Urshifu|Urshifu-Rapid-Strike, F|15\/100\n|move|p2a: Tangrowth|Knock Off|p1a: Urshifu\n|-resisted|p1a: Urshifu\n|-damage|p1a: Urshifu|8\/100\n|\n|upkeep\n|turn|37\n|\n|t:|1667803052\n|move|p1a: Urshifu|Ice Punch|p2a: Tangrowth\n|-supereffective|p2a: Tangrowth\n|-damage|p2a: Tangrowth|20\/100\n|-damage|p1a: Urshifu|0 fnt|[from] item: Rocky Helmet|[of] p2a: Tangrowth\n|faint|p1a: Urshifu\n|move|p2a: Tangrowth|Giga Drain|p1: Urshifu|[notarget]\n|-fail|p2a: Tangrowth\n|\n|upkeep\n|\n|t:|1667803054\n|switch|p1a: Tornadus|Tornadus-Therian, M|90\/100 slp\n|turn|38\n|\n|t:|1667803055\n|cant|p1a: Tornadus|slp\n|move|p2a: Tangrowth|Knock Off|p1a: Tornadus\n|-damage|p1a: Tornadus|67\/100 slp\n|-enditem|p1a: Tornadus|Assault Vest|[from] move: Knock Off|[of] p2a: Tangrowth\n|\n|upkeep\n|turn|39\n|\n|t:|1667803056\n|cant|p1a: Tornadus|slp\n|move|p2a: Tangrowth|Giga Drain|p1a: Tornadus\n|-resisted|p1a: Tornadus\n|-damage|p1a: Tornadus|53\/100 slp\n|-heal|p2a: Tangrowth|27\/100|[from] drain|[of] p1a: Tornadus\n|\n|upkeep\n|turn|40\n|\n|t:|1667803058\n|cant|p1a: Tornadus|slp\n|move|p2a: Tangrowth|Giga Drain|p1a: Tornadus\n|-resisted|p1a: Tornadus\n|-damage|p1a: Tornadus|40\/100 slp\n|-heal|p2a: Tangrowth|32\/100|[from] drain|[of] p1a: Tornadus\n|\n|upkeep\n|turn|41\n|\n|t:|1667803060\n|-curestatus|p1a: Tornadus|slp|[msg]\n|move|p1a: Tornadus|Icy Wind|p2a: Tangrowth\n|-supereffective|p2a: Tangrowth\n|-damage|p2a: Tangrowth|0 fnt\n|faint|p2a: Tangrowth\n|\n|win|EVERYOPPSHOT\n|raw|EVERYOPPSHOT's rating: 1691 &rarr; <strong>1712<\/strong><br \/>(+21 for winning)\n|raw|minimax_ai's rating: 1714 &rarr; <strong>1693<\/strong><br \/>(-21 for losing)\n|c|\u2606minimax_ai|gg\n","uploadtime":1667803062,"views":6,"p1id":"everyoppshot","p2id":"minimaxai","formatid":"gen8ou","rating":1693,"private":0,"password":null}