{"id":"gen8ou-1700460246","p1":"quixana","p2":"Raimei Hakkei 2","format":"gen8ou","log":"|j|\u2606quixana\n|j|\u2606Raimei Hakkei 2\n|t:|1667341875\n|gametype|singles\n|player|p1|quixana|1|1739\n|player|p2|Raimei Hakkei 2|265|1716\n|teamsize|p1|6\n|teamsize|p2|6\n|gen|8\n|tier|[Gen 8] OU\n|rated|\n|rule|Sleep Clause Mod: Limit one foe put to sleep\n|rule|Species Clause: Limit one of each Pok\u00e9mon\n|rule|OHKO Clause: OHKO moves are banned\n|rule|Evasion Items Clause: Evasion items are banned\n|rule|Evasion Moves Clause: Evasion moves are banned\n|rule|Endless Battle Clause: Forcing endless battles is banned\n|rule|HP Percentage Mod: HP is shown in percentages\n|rule|Dynamax Clause: You cannot dynamax\n|clearpoke\n|poke|p1|Kartana|\n|poke|p1|Buzzwole|\n|poke|p1|Tapu Lele|\n|poke|p1|Landorus-Therian, M|\n|poke|p1|Slowbro, M|\n|poke|p1|Blissey, F|\n|poke|p2|Landorus-Therian, M|\n|poke|p2|Urshifu-*, F|\n|poke|p2|Dragonite, F|\n|poke|p2|Tyrantrum, M|\n|poke|p2|Aegislash, F|\n|poke|p2|Chansey, F|\n|teampreview\n|inactive|Battle timer is ON: inactive players will automatically lose when time's up. (requested by Raimei Hakkei 2)\n|\n|t:|1667341890\n|start\n|switch|p1a: Slowbro|Slowbro, M, shiny|100\/100\n|switch|p2a: Death Destroyer|Aegislash, F|100\/100\n|turn|1\n|j| Le Herbo\n|\n|t:|1667341895\n|switch|p1a: Blissey|Blissey, F|100\/100\n|-formechange|p2a: Death Destroyer|Aegislash-Blade||[from] ability: Stance Change\n|move|p2a: Death Destroyer|Shadow Ball|p1a: Blissey\n|-immune|p1a: Blissey\n|\n|upkeep\n|turn|2\n|\n|t:|1667341912\n|move|p2a: Death Destroyer|Shadow Ball|p1a: Blissey\n|-immune|p1a: Blissey\n|move|p1a: Blissey|Stealth Rock|p2a: Death Destroyer\n|-sidestart|p2: Raimei Hakkei 2|move: Stealth Rock\n|\n|upkeep\n|turn|3\n|\n|t:|1667341918\n|switch|p2a: Raging Drunk|Landorus-Therian, M|100\/100\n|-damage|p2a: Raging Drunk|88\/100|[from] Stealth Rock\n|-ability|p2a: Raging Drunk|Intimidate|boost\n|-unboost|p1a: Blissey|atk|1\n|move|p1a: Blissey|Seismic Toss|p2a: Raging Drunk\n|-damage|p2a: Raging Drunk|61\/100\n|\n|upkeep\n|turn|4\n|\n|t:|1667341926\n|move|p2a: Raging Drunk|Knock Off|p1a: Blissey\n|-damage|p1a: Blissey|72\/100\n|-enditem|p1a: Blissey|Heavy-Duty Boots|[from] move: Knock Off|[of] p2a: Raging Drunk\n|move|p1a: Blissey|Seismic Toss|p2a: Raging Drunk\n|-damage|p2a: Raging Drunk|35\/100\n|\n|upkeep\n|turn|5\n|\n|t:|1667341941\n|move|p2a: Raging Drunk|Stealth Rock|p1a: Blissey\n|-sidestart|p1: quixana|move: Stealth Rock\n|move|p1a: Blissey|Seismic Toss|p2a: Raging Drunk\n|-damage|p2a: Raging Drunk|8\/100\n|\n|upkeep\n|turn|6\n|\n|t:|1667341946\n|switch|p2a: Death Destroyer|Aegislash, F|100\/100\n|-damage|p2a: Death Destroyer|94\/100|[from] Stealth Rock\n|move|p1a: Blissey|Soft-Boiled|p1a: Blissey\n|-heal|p1a: Blissey|100\/100\n|\n|upkeep\n|turn|7\n|\n|t:|1667341952\n|-formechange|p2a: Death Destroyer|Aegislash-Blade||[from] ability: Stance Change\n|move|p2a: Death Destroyer|Shadow Ball|p1a: Blissey\n|-immune|p1a: Blissey\n|move|p1a: Blissey|Soft-Boiled||[still]\n|-fail|p1a: Blissey|heal\n|\n|upkeep\n|turn|8\n|\n|t:|1667341970\n|move|p2a: Death Destroyer|Shadow Ball|p1a: Blissey\n|-immune|p1a: Blissey\n|move|p1a: Blissey|Seismic Toss|p2a: Death Destroyer\n|-immune|p2a: Death Destroyer\n|\n|upkeep\n|turn|9\n|\n|t:|1667341974\n|move|p2a: Death Destroyer|Close Combat|p1a: Blissey\n|-supereffective|p1a: Blissey\n|-damage|p1a: Blissey|27\/100\n|-unboost|p2a: Death Destroyer|def|1\n|-unboost|p2a: Death Destroyer|spd|1\n|move|p1a: Blissey|Seismic Toss|p2a: Death Destroyer\n|-immune|p2a: Death Destroyer\n|\n|upkeep\n|turn|10\n|\n|t:|1667341979\n|switch|p1a: Landorus|Landorus-Therian, M|100\/100\n|-damage|p1a: Landorus|88\/100|[from] Stealth Rock\n|-ability|p1a: Landorus|Intimidate|boost\n|-unboost|p2a: Death Destroyer|atk|1\n|move|p2a: Death Destroyer|Close Combat|p1a: Landorus\n|-resisted|p1a: Landorus\n|-damage|p1a: Landorus|74\/100\n|-unboost|p2a: Death Destroyer|def|1\n|-unboost|p2a: Death Destroyer|spd|1\n|\n|-heal|p1a: Landorus|80\/100|[from] item: Leftovers\n|upkeep\n|turn|11\n|\n|t:|1667341984\n|switch|p2a: Raging Drunk|Landorus-Therian, M|8\/100\n|-damage|p2a: Raging Drunk|0 fnt|[from] Stealth Rock\n|faint|p2a: Raging Drunk\n|move|p1a: Landorus|U-turn|p2: Raging Drunk|[notarget]\n|-fail|p1a: Landorus\n|\n|-heal|p1a: Landorus|86\/100|[from] item: Leftovers\n|upkeep\n|\n|t:|1667341988\n|switch|p2a: Gundari: Ryuseigun|Urshifu-Rapid-Strike, F|100\/100\n|-damage|p2a: Gundari: Ryuseigun|94\/100|[from] Stealth Rock\n|turn|12\n|\n|t:|1667341992\n|switch|p1a: Slowbro|Slowbro, M, shiny|100\/100\n|-damage|p1a: Slowbro|88\/100|[from] Stealth Rock\n|move|p2a: Gundari: Ryuseigun|U-turn|p1a: Slowbro\n|-supereffective|p1a: Slowbro\n|-damage|p1a: Slowbro|43\/100\n|-damage|p2a: Gundari: Ryuseigun|78\/100|[from] item: Rocky Helmet|[of] p1a: Slowbro\n|\n|t:|1667341994\n|switch|p2a: Death Destroyer|Aegislash, F|94\/100|[from]move: U-turn\n|-damage|p2a: Death Destroyer|88\/100|[from] Stealth Rock\n|\n|upkeep\n|turn|13\n|\n|t:|1667342013\n|switch|p1a: Blissey|Blissey, F|27\/100\n|-damage|p1a: Blissey|15\/100|[from] Stealth Rock\n|-formechange|p2a: Death Destroyer|Aegislash-Blade||[from] ability: Stance Change\n|move|p2a: Death Destroyer|Shadow Ball|p1a: Blissey\n|-immune|p1a: Blissey\n|\n|upkeep\n|turn|14\n|\n|t:|1667342016\n|move|p2a: Death Destroyer|Shadow Ball|p1a: Blissey\n|-immune|p1a: Blissey\n|move|p1a: Blissey|Soft-Boiled|p1a: Blissey\n|-heal|p1a: Blissey|65\/100\n|\n|upkeep\n|turn|15\n|\n|t:|1667342019\n|move|p2a: Death Destroyer|Shadow Ball|p1a: Blissey\n|-immune|p1a: Blissey\n|move|p1a: Blissey|Soft-Boiled|p1a: Blissey\n|-heal|p1a: Blissey|100\/100\n|\n|upkeep\n|turn|16\n|\n|t:|1667342031\n|move|p2a: Death Destroyer|Shadow Ball|p1a: Blissey\n|-immune|p1a: Blissey\n|move|p1a: Blissey|Seismic Toss|p2a: Death Destroyer\n|-immune|p2a: Death Destroyer\n|\n|upkeep\n|turn|17\n|\n|t:|1667342035\n|move|p2a: Death Destroyer|Shadow Ball|p1a: Blissey\n|-immune|p1a: Blissey\n|move|p1a: Blissey|Soft-Boiled||[still]\n|-fail|p1a: Blissey|heal\n|\n|upkeep\n|turn|18\n|\n|t:|1667342037\n|move|p2a: Death Destroyer|Shadow Ball|p1a: Blissey\n|-immune|p1a: Blissey\n|move|p1a: Blissey|Seismic Toss|p2a: Death Destroyer\n|-immune|p2a: Death Destroyer\n|\n|upkeep\n|turn|19\n|\n|t:|1667342044\n|move|p2a: Death Destroyer|Shadow Ball|p1a: Blissey\n|-immune|p1a: Blissey\n|move|p1a: Blissey|Soft-Boiled||[still]\n|-fail|p1a: Blissey|heal\n|\n|upkeep\n|turn|20\n|\n|t:|1667342047\n|move|p2a: Death Destroyer|Close Combat|p1a: Blissey\n|-supereffective|p1a: Blissey\n|-damage|p1a: Blissey|36\/100\n|-unboost|p2a: Death Destroyer|def|1\n|-unboost|p2a: Death Destroyer|spd|1\n|move|p1a: Blissey|Seismic Toss|p2a: Death Destroyer\n|-immune|p2a: Death Destroyer\n|\n|upkeep\n|turn|21\n|\n|t:|1667342055\n|switch|p1a: Landorus|Landorus-Therian, M|86\/100\n|-damage|p1a: Landorus|74\/100|[from] Stealth Rock\n|-ability|p1a: Landorus|Intimidate|boost\n|-unboost|p2a: Death Destroyer|atk|1\n|move|p2a: Death Destroyer|Close Combat|p1a: Landorus\n|-resisted|p1a: Landorus\n|-damage|p1a: Landorus|60\/100\n|-unboost|p2a: Death Destroyer|def|1\n|-unboost|p2a: Death Destroyer|spd|1\n|\n|-heal|p1a: Landorus|66\/100|[from] item: Leftovers\n|upkeep\n|turn|22\n|\n|t:|1667342060\n|-formechange|p2a: Death Destroyer|Aegislash||[from] ability: Stance Change\n|move|p2a: Death Destroyer|King's Shield|p2a: Death Destroyer\n|-singleturn|p2a: Death Destroyer|Protect\n|move|p1a: Landorus|U-turn|p2a: Death Destroyer\n|-activate|p2a: Death Destroyer|move: Protect\n|-unboost|p1a: Landorus|atk|1\n|\n|-heal|p1a: Landorus|72\/100|[from] item: Leftovers\n|upkeep\n|turn|23\n|\n|t:|1667342070\n|switch|p2a: Gundari: Ryuseigun|Urshifu-Rapid-Strike, F|78\/100\n|-damage|p2a: Gundari: Ryuseigun|72\/100|[from] Stealth Rock\n|move|p1a: Landorus|Earthquake|p2a: Gundari: Ryuseigun\n|-damage|p2a: Gundari: Ryuseigun|41\/100\n|\n|-heal|p1a: Landorus|78\/100|[from] item: Leftovers\n|upkeep\n|turn|24\n|\n|t:|1667342078\n|switch|p1a: Slowbro|Slowbro, M, shiny|76\/100\n|-damage|p1a: Slowbro|64\/100|[from] Stealth Rock\n|move|p2a: Gundari: Ryuseigun|Surging Strikes|p1a: Slowbro\n|-resisted|p1a: Slowbro\n|-crit|p1a: Slowbro\n|-damage|p1a: Slowbro|55\/100\n|-damage|p2a: Gundari: Ryuseigun|25\/100|[from] item: Rocky Helmet|[of] p1a: Slowbro\n|-resisted|p1a: Slowbro\n|-crit|p1a: Slowbro\n|-damage|p1a: Slowbro|47\/100\n|-damage|p2a: Gundari: Ryuseigun|8\/100|[from] item: Rocky Helmet|[of] p1a: Slowbro\n|-resisted|p1a: Slowbro\n|-crit|p1a: Slowbro\n|-damage|p1a: Slowbro|39\/100\n|-damage|p2a: Gundari: Ryuseigun|0 fnt|[from] item: Rocky Helmet|[of] p1a: Slowbro\n|faint|p2a: Gundari: Ryuseigun\n|-hitcount|p1a: Slowbro|3\n|\n|upkeep\n|\n|t:|1667342082\n|switch|p2a: Death Destroyer|Aegislash, F|88\/100\n|-damage|p2a: Death Destroyer|82\/100|[from] Stealth Rock\n|turn|25\n|\n|t:|1667342090\n|switch|p1a: Blissey|Blissey, F|36\/100\n|-damage|p1a: Blissey|24\/100|[from] Stealth Rock\n|-formechange|p2a: Death Destroyer|Aegislash-Blade||[from] ability: Stance Change\n|move|p2a: Death Destroyer|Shadow Ball|p1a: Blissey\n|-immune|p1a: Blissey\n|\n|upkeep\n|turn|26\n|\n|t:|1667342110\n|move|p2a: Death Destroyer|Shadow Ball|p1a: Blissey\n|-immune|p1a: Blissey\n|move|p1a: Blissey|Soft-Boiled|p1a: Blissey\n|-heal|p1a: Blissey|74\/100\n|\n|upkeep\n|turn|27\n|\n|t:|1667342113\n|move|p2a: Death Destroyer|Close Combat|p1a: Blissey\n|-supereffective|p1a: Blissey\n|-damage|p1a: Blissey|8\/100\n|-unboost|p2a: Death Destroyer|def|1\n|-unboost|p2a: Death Destroyer|spd|1\n|move|p1a: Blissey|Soft-Boiled|p1a: Blissey\n|-heal|p1a: Blissey|58\/100\n|\n|upkeep\n|turn|28\n|\n|t:|1667342121\n|move|p2a: Death Destroyer|Close Combat|p1a: Blissey\n|-supereffective|p1a: Blissey\n|-damage|p1a: Blissey|0 fnt\n|-unboost|p2a: Death Destroyer|def|1\n|-unboost|p2a: Death Destroyer|spd|1\n|faint|p1a: Blissey\n|\n|upkeep\n|inactive|quixana has 120 seconds left.\n|\n|t:|1667342164\n|switch|p1a: Tapu Lele|Tapu Lele|100\/100\n|-damage|p1a: Tapu Lele|88\/100|[from] Stealth Rock\n|-fieldstart|move: Psychic Terrain|[from] ability: Psychic Surge|[of] p1a: Tapu Lele\n|turn|29\n|\n|t:|1667342172\n|-formechange|p2a: Death Destroyer|Aegislash||[from] ability: Stance Change\n|move|p2a: Death Destroyer|King's Shield|p2a: Death Destroyer\n|-singleturn|p2a: Death Destroyer|Protect\n|move|p1a: Tapu Lele|Psyshock|p2a: Death Destroyer\n|-activate|p2a: Death Destroyer|move: Protect\n|\n|upkeep\n|turn|30\n|\n|t:|1667342178\n|switch|p2a: Flirty Drunk|Chansey, F|100\/100\n|-damage|p2a: Flirty Drunk|88\/100|[from] Stealth Rock\n|move|p1a: Tapu Lele|Psyshock|p2a: Flirty Drunk\n|-damage|p2a: Flirty Drunk|26\/100\n|\n|upkeep\n|turn|31\n|\n|t:|1667342182\n|move|p1a: Tapu Lele|Psyshock|p2a: Flirty Drunk\n|-damage|p2a: Flirty Drunk|0 fnt\n|faint|p2a: Flirty Drunk\n|\n|upkeep\n|\n|t:|1667342185\n|switch|p2a: Thieving Drunk|Dragonite, F|100\/100\n|turn|32\n|\n|t:|1667342194\n|switch|p1a: Slowbro|Slowbro, M, shiny|72\/100\n|-damage|p1a: Slowbro|59\/100|[from] Stealth Rock\n|move|p2a: Thieving Drunk|Dragon Dance|p2a: Thieving Drunk\n|-boost|p2a: Thieving Drunk|atk|1\n|-boost|p2a: Thieving Drunk|spe|1\n|\n|upkeep\n|turn|33\n|\n|t:|1667342206\n|switch|p2a: Death Destroyer|Aegislash, F|82\/100\n|-damage|p2a: Death Destroyer|76\/100|[from] Stealth Rock\n|move|p1a: Slowbro|Scald|p2a: Death Destroyer\n|-damage|p2a: Death Destroyer|50\/100\n|-status|p2a: Death Destroyer|brn\n|\n|-damage|p2a: Death Destroyer|44\/100 brn|[from] brn\n|-fieldend|move: Psychic Terrain\n|upkeep\n|turn|34\n|\n|t:|1667342211\n|switch|p1a: Landorus|Landorus-Therian, M|78\/100\n|-damage|p1a: Landorus|66\/100|[from] Stealth Rock\n|-ability|p1a: Landorus|Intimidate|boost\n|-unboost|p2a: Death Destroyer|atk|1\n|-formechange|p2a: Death Destroyer|Aegislash-Blade||[from] ability: Stance Change\n|move|p2a: Death Destroyer|Shadow Ball|p1a: Landorus\n|-damage|p1a: Landorus|22\/100\n|\n|-heal|p1a: Landorus|29\/100|[from] item: Leftovers\n|-damage|p2a: Death Destroyer|38\/100 brn|[from] brn\n|upkeep\n|turn|35\n|\n|t:|1667342218\n|switch|p2a: Horai Hakke|Tyrantrum, M|100\/100\n|-damage|p2a: Horai Hakke|88\/100|[from] Stealth Rock\n|move|p1a: Landorus|Earthquake|p2a: Horai Hakke\n|-supereffective|p2a: Horai Hakke\n|-damage|p2a: Horai Hakke|0 fnt\n|faint|p2a: Horai Hakke\n|\n|-heal|p1a: Landorus|35\/100|[from] item: Leftovers\n|upkeep\n|\n|t:|1667342224\n|switch|p2a: Thieving Drunk|Dragonite, F|100\/100\n|turn|36\n|\n|t:|1667342230\n|move|p2a: Thieving Drunk|Dragon Dance|p2a: Thieving Drunk\n|-boost|p2a: Thieving Drunk|atk|1\n|-boost|p2a: Thieving Drunk|spe|1\n|move|p1a: Landorus|U-turn|p2a: Thieving Drunk\n|-resisted|p2a: Thieving Drunk\n|-damage|p2a: Thieving Drunk|95\/100\n|\n|t:|1667342243\n|switch|p1a: Slowbro|Slowbro, M, shiny|93\/100|[from]move: U-turn\n|-damage|p1a: Slowbro|80\/100|[from] Stealth Rock\n|\n|upkeep\n|turn|37\n|\n|t:|1667342248\n|move|p2a: Thieving Drunk|Dragon Dance|p2a: Thieving Drunk\n|-boost|p2a: Thieving Drunk|atk|1\n|-boost|p2a: Thieving Drunk|spe|1\n|move|p1a: Slowbro|Scald|p2a: Thieving Drunk\n|-resisted|p2a: Thieving Drunk\n|-damage|p2a: Thieving Drunk|81\/100\n|-status|p2a: Thieving Drunk|brn\n|\n|-damage|p2a: Thieving Drunk|74\/100 brn|[from] brn\n|upkeep\n|turn|38\n|\n|t:|1667342253\n|move|p2a: Thieving Drunk|Earthquake|p1a: Slowbro\n|-damage|p1a: Slowbro|59\/100\n|move|p1a: Slowbro|Future Sight|p2a: Thieving Drunk\n|-start|p1a: Slowbro|move: Future Sight\n|\n|-damage|p2a: Thieving Drunk|68\/100 brn|[from] brn\n|upkeep\n|turn|39\n|\n|t:|1667342257\n|move|p2a: Thieving Drunk|Roost|p2a: Thieving Drunk\n|-heal|p2a: Thieving Drunk|100\/100 brn\n|-singleturn|p2a: Thieving Drunk|move: Roost\n|move|p1a: Slowbro|Slack Off|p1a: Slowbro\n|-heal|p1a: Slowbro|100\/100\n|\n|-damage|p2a: Thieving Drunk|94\/100 brn|[from] brn\n|upkeep\n|turn|40\n|\n|t:|1667342260\n|move|p2a: Thieving Drunk|Dragon Dance|p2a: Thieving Drunk\n|-boost|p2a: Thieving Drunk|atk|1\n|-boost|p2a: Thieving Drunk|spe|1\n|move|p1a: Slowbro|Teleport|p1a: Slowbro\n|\n|t:|1667342269\n|switch|p1a: Landorus|Landorus-Therian, M|35\/100|[from]move: Teleport\n|-damage|p1a: Landorus|22\/100|[from] Stealth Rock\n|-ability|p1a: Landorus|Intimidate|boost\n|-unboost|p2a: Thieving Drunk|atk|1\n|\n|-end|p2a: Thieving Drunk|move: Future Sight\n|-damage|p2a: Thieving Drunk|51\/100 brn\n|-heal|p1a: Landorus|28\/100|[from] item: Leftovers\n|-damage|p2a: Thieving Drunk|45\/100 brn|[from] brn\n|upkeep\n|turn|41\n|\n|t:|1667342277\n|move|p2a: Thieving Drunk|Roost|p2a: Thieving Drunk\n|-heal|p2a: Thieving Drunk|95\/100 brn\n|-singleturn|p2a: Thieving Drunk|move: Roost\n|move|p1a: Landorus|Stone Edge|p2a: Thieving Drunk\n|-damage|p2a: Thieving Drunk|60\/100 brn\n|\n|-heal|p1a: Landorus|34\/100|[from] item: Leftovers\n|-damage|p2a: Thieving Drunk|54\/100 brn|[from] brn\n|upkeep\n|turn|42\n|\n|t:|1667342282\n|move|p2a: Thieving Drunk|Roost|p2a: Thieving Drunk\n|-heal|p2a: Thieving Drunk|100\/100 brn\n|-singleturn|p2a: Thieving Drunk|move: Roost\n|move|p1a: Landorus|Earthquake|p2a: Thieving Drunk\n|-damage|p2a: Thieving Drunk|76\/100 brn\n|\n|-heal|p1a: Landorus|40\/100|[from] item: Leftovers\n|-damage|p2a: Thieving Drunk|70\/100 brn|[from] brn\n|upkeep\n|turn|43\n|\n|t:|1667342286\n|move|p2a: Thieving Drunk|Dual Wingbeat|p1a: Landorus\n|-damage|p1a: Landorus|21\/100\n|-damage|p1a: Landorus|2\/100\n|-hitcount|p1a: Landorus|2\n|move|p1a: Landorus|U-turn|p2a: Thieving Drunk\n|-resisted|p2a: Thieving Drunk\n|-damage|p2a: Thieving Drunk|57\/100 brn\n|\n|t:|1667342295\n|switch|p1a: Tapu Lele|Tapu Lele|88\/100|[from]move: U-turn\n|-damage|p1a: Tapu Lele|76\/100|[from] Stealth Rock\n|-fieldstart|move: Psychic Terrain|[from] ability: Psychic Surge|[of] p1a: Tapu Lele\n|\n|-damage|p2a: Thieving Drunk|51\/100 brn|[from] brn\n|upkeep\n|turn|44\n|\n|t:|1667342299\n|move|p2a: Thieving Drunk|Roost|p2a: Thieving Drunk\n|-heal|p2a: Thieving Drunk|100\/100 brn\n|-singleturn|p2a: Thieving Drunk|move: Roost\n|move|p1a: Tapu Lele|Moonblast|p2a: Thieving Drunk\n|-supereffective|p2a: Thieving Drunk\n|-damage|p2a: Thieving Drunk|18\/100 brn\n|-unboost|p2a: Thieving Drunk|spa|1\n|\n|-damage|p2a: Thieving Drunk|12\/100 brn|[from] brn\n|upkeep\n|turn|45\n|\n|t:|1667342303\n|move|p2a: Thieving Drunk|Earthquake|p1a: Tapu Lele\n|-damage|p1a: Tapu Lele|17\/100\n|move|p1a: Tapu Lele|Moonblast|p2a: Thieving Drunk\n|-supereffective|p2a: Thieving Drunk\n|-damage|p2a: Thieving Drunk|0 fnt\n|faint|p2a: Thieving Drunk\n|\n|upkeep\n|-message|Raimei Hakkei 2 forfeited.\n|\n|win|quixana\n|raw|quixana's rating: 1739 &rarr; <strong>1758<\/strong><br \/>(+19 for winning)\n|raw|Raimei Hakkei 2's rating: 1716 &rarr; <strong>1697<\/strong><br \/>(-19 for losing)\n|l|\u2606Raimei Hakkei 2\n||Ladder isn't responding, score probably updated but might not have (Request timeout).\n","uploadtime":1667342320,"views":14,"p1id":"quixana","p2id":"raimeihakkei2","formatid":"gen8ou","rating":1697,"private":0,"password":null}