{"id":"gen8ou-1688472714","p1":"Infernoss","p2":"wokhxrt","format":"gen8ou","log":"|html|<div class=\"broadcast-blue\"><strong>[Gen 8] OU is currently suspecting Melmetal! For information on how to participate check out the <a href=\"https:\/\/www.smogon.com\/forums\/threads\/np-ss-ou-suspect-process-round-12-monster-mash.3709234\/\">suspect thread<\/a>.<\/strong><\/div>\n|j|\u2606Infernoss\n|j|\u2606wokhxrt\n|t:|1666071347\n|gametype|singles\n|player|p1|Infernoss|blue|1703\n|player|p2|wokhxrt|2|1539\n|teamsize|p1|6\n|teamsize|p2|6\n|gen|8\n|tier|[Gen 8] OU\n|rated|\n|rule|Sleep Clause Mod: Limit one foe put to sleep\n|rule|Species Clause: Limit one of each Pok\u00e9mon\n|rule|OHKO Clause: OHKO moves are banned\n|rule|Evasion Items Clause: Evasion items are banned\n|rule|Evasion Moves Clause: Evasion moves are banned\n|rule|Endless Battle Clause: Forcing endless battles is banned\n|rule|HP Percentage Mod: HP is shown in percentages\n|rule|Dynamax Clause: You cannot dynamax\n|clearpoke\n|poke|p1|Marowak-Alola, M|\n|poke|p1|Slowbro, M|\n|poke|p1|Hatterene, F|\n|poke|p1|Garchomp, M|\n|poke|p1|Ferrothorn, M|\n|poke|p1|Drampa, M|\n|poke|p2|Pelipper, F|\n|poke|p2|Barraskewda, M|\n|poke|p2|Tapu Lele|\n|poke|p2|Blissey, F|\n|poke|p2|Hawlucha, M|\n|poke|p2|Melmetal|\n|teampreview\n|inactive|Battle timer is ON: inactive players will automatically lose when time's up. (requested by wokhxrt)\n|\n|t:|1666071366\n|start\n|switch|p1a: Sonso|Slowbro, M|100\/100\n|switch|p2a: Tapu Lele|Tapu Lele|100\/100\n|-fieldstart|move: Psychic Terrain|[from] ability: Psychic Surge|[of] p2a: Tapu Lele\n|turn|1\n|j| LordDarkSkin\n|\n|t:|1666071374\n|switch|p1a: Thorns|Ferrothorn, M|100\/100\n|move|p2a: Tapu Lele|Moonblast|p1a: Thorns\n|-resisted|p1a: Thorns\n|-damage|p1a: Thorns|74\/100\n|\n|upkeep\n|turn|2\n|\n|t:|1666071390\n|switch|p2a: Hawlucha|Hawlucha, M|100\/100\n|-enditem|p2a: Hawlucha|Psychic Seed\n|-boost|p2a: Hawlucha|spd|1|[from] item: Psychic Seed\n|move|p1a: Thorns|Leech Seed|p2a: Hawlucha\n|-start|p2a: Hawlucha|move: Leech Seed\n|\n|-damage|p2a: Hawlucha|88\/100|[from] Leech Seed|[of] p1a: Thorns\n|-heal|p1a: Thorns|85\/100|[silent]\n|upkeep\n|turn|3\n|\n|t:|1666071399\n|switch|p1a: Sonso|Slowbro, M|100\/100\n|move|p2a: Hawlucha|Swords Dance|p2a: Hawlucha\n|-boost|p2a: Hawlucha|atk|2\n|\n|-damage|p2a: Hawlucha|76\/100|[from] Leech Seed|[of] p1a: Sonso\n|upkeep\n|turn|4\n|\n|t:|1666071406\n|move|p2a: Hawlucha|Swords Dance|p2a: Hawlucha\n|-boost|p2a: Hawlucha|atk|2\n|move|p1a: Sonso|Trick Room|p1a: Sonso\n|-fieldstart|move: Trick Room|[of] p1a: Sonso\n|\n|-damage|p2a: Hawlucha|63\/100|[from] Leech Seed|[of] p1a: Sonso\n|upkeep\n|turn|5\n|\n|t:|1666071426\n|switch|p1a: Falkor|Drampa, M|100\/100\n|move|p2a: Hawlucha|Acrobatics|p1a: Falkor\n|-damage|p1a: Falkor|0 fnt\n|faint|p1a: Falkor\n|\n|-fieldend|move: Psychic Terrain\n|upkeep\n|\n|t:|1666071434\n|switch|p1a: Billy B.|Marowak-Alola, M, shiny|100\/100\n|turn|6\n|\n|t:|1666071439\n|switch|p2a: Pelipper|Pelipper, F|100\/100\n|-weather|RainDance|[from] ability: Drizzle|[of] p2a: Pelipper\n|move|p1a: Billy B.|Substitute|p1a: Billy B.\n|-start|p1a: Billy B.|Substitute\n|-damage|p1a: Billy B.|76\/100\n|\n|-weather|RainDance|[upkeep]\n|upkeep\n|turn|7\n|\n|t:|1666071446\n|move|p2a: Pelipper|Scald|p1a: Billy B.\n|-supereffective|p1a: Billy B.\n|-end|p1a: Billy B.|Substitute\n|move|p1a: Billy B.|Poltergeist|p2a: Pelipper\n|-activate|p2a: Pelipper|move: Poltergeist|Damp Rock\n|-damage|p2a: Pelipper|30\/100\n|\n|-weather|RainDance|[upkeep]\n|upkeep\n|turn|8\n|\n|t:|1666071466\n|switch|p1a: Thorns|Ferrothorn, M|85\/100\n|move|p2a: Pelipper|Scald|p1a: Thorns\n|-resisted|p1a: Thorns\n|-damage|p1a: Thorns|73\/100\n|-status|p1a: Thorns|brn\n|\n|-weather|RainDance|[upkeep]\n|-damage|p1a: Thorns|67\/100 brn|[from] brn\n|-fieldend|move: Trick Room\n|upkeep\n|turn|9\n|\n|t:|1666071475\n|switch|p2a: Hawlucha|Hawlucha, M|63\/100\n|move|p1a: Thorns|Stealth Rock|p2a: Hawlucha\n|-sidestart|p2: wokhxrt|move: Stealth Rock\n|\n|-weather|RainDance|[upkeep]\n|-damage|p1a: Thorns|60\/100 brn|[from] brn\n|upkeep\n|turn|10\n|\n|t:|1666071483\n|switch|p1a: Sonso|Slowbro, M|100\/100\n|move|p2a: Hawlucha|Swords Dance|p2a: Hawlucha\n|-boost|p2a: Hawlucha|atk|2\n|\n|-weather|RainDance|[upkeep]\n|upkeep\n|turn|11\n|\n|t:|1666071488\n|move|p2a: Hawlucha|Swords Dance|p2a: Hawlucha\n|-boost|p2a: Hawlucha|atk|2\n|move|p1a: Sonso|Trick Room|p1a: Sonso\n|-fieldstart|move: Trick Room|[of] p1a: Sonso\n|\n|-weather|RainDance|[upkeep]\n|upkeep\n|turn|12\n|\n|t:|1666071493\n|move|p1a: Sonso|Scald|p2a: Hawlucha\n|-damage|p2a: Hawlucha|0 fnt\n|faint|p2a: Hawlucha\n|\n|-weather|RainDance|[upkeep]\n|upkeep\n|\n|t:|1666071503\n|switch|p2a: Tapu Lele|Tapu Lele|100\/100\n|-damage|p2a: Tapu Lele|88\/100|[from] Stealth Rock\n|-fieldstart|move: Psychic Terrain|[from] ability: Psychic Surge|[of] p2a: Tapu Lele\n|turn|13\n|\n|t:|1666071512\n|move|p1a: Sonso|Scald|p2a: Tapu Lele\n|-damage|p2a: Tapu Lele|45\/100\n|move|p2a: Tapu Lele|Moonblast|p1a: Sonso\n|-damage|p1a: Sonso|14\/100\n|\n|-weather|none\n|upkeep\n|turn|14\n|\n|t:|1666071521\n|switch|p1a: Thorns|Ferrothorn, M|60\/100 brn\n|switch|p2a: Blissey|Blissey, F|100\/100\n|\n|-damage|p1a: Thorns|54\/100 brn|[from] brn\n|upkeep\n|turn|15\n|\n|t:|1666071529\n|switch|p1a: Sonso|Slowbro, M|48\/100\n|move|p2a: Blissey|Teleport|p2a: Blissey\n|c|\u2606wokhxrt|!dt trickroom\n|raw|<ul class=\"utilichart\"><li class=\"result\"><span class=\"col movenamecol\"><a href=\"https:\/\/dex.pokemonshowdown.com\/moves\/trickroom\">Trick Room<\/a><\/span> <span class=\"col typecol\"><img src=\"\/\/play.pokemonshowdown.com\/sprites\/types\/Psychic.png\" alt=\"Psychic\" width=\"32\" height=\"14\"><img src=\"\/\/play.pokemonshowdown.com\/sprites\/categories\/Status.png\" alt=\"Status\" width=\"32\" height=\"14\"><\/span> <span class=\"col widelabelcol\"><em>Accuracy<\/em><br>\u2014<\/span> <span class=\"col pplabelcol\"><em>PP<\/em><br>8<\/span> <span class=\"col movedesccol\">Goes last. For 5 turns, turn order is reversed.<\/span> <\/li><li style=\"clear:both\"><\/li><\/ul>\n|raw|<font size=\"1\"><font color=\"#686868\">Priority:<\/font> -7&nbsp;|&ThickSpace;<font color=\"#686868\">Gen:<\/font> 4&nbsp;|&ThickSpace;&#10003; Bypasses Protect&nbsp;|&ThickSpace;<font color=\"#686868\">Z-Effect:<\/font>  Accuracy +1&nbsp;|&ThickSpace;<font color=\"#686868\">Target:<\/font> All Pok\u00e9mon<\/font>\n\n|inactive|wokhxrt has 120 seconds left.\n|\n|t:|1666071559\n|switch|p2a: Melmetal|Melmetal|100\/100|[from]move: Teleport\n|-damage|p2a: Melmetal|94\/100|[from] Stealth Rock\n|\n|-fieldend|move: Trick Room\n|upkeep\n|turn|16\n|\n|t:|1666071569\n|switch|p1a: Billy B.|Marowak-Alola, M, shiny|76\/100\n|move|p2a: Melmetal|Earthquake|p1a: Billy B.\n|-supereffective|p1a: Billy B.\n|-damage|p1a: Billy B.|0 fnt\n|faint|p1a: Billy B.\n|\n|upkeep\n|\n|t:|1666071576\n|switch|p1a: Sharko|Garchomp, M|100\/100\n|turn|17\n|\n|t:|1666071583\n|move|p1a: Sharko|Earthquake|p2a: Melmetal\n|-supereffective|p2a: Melmetal\n|-damage|p2a: Melmetal|42\/100\n|move|p2a: Melmetal|Earthquake|p1a: Sharko\n|-damage|p1a: Sharko|41\/100\n|\n|-heal|p1a: Sharko|47\/100|[from] item: Leftovers\n|-fieldend|move: Psychic Terrain\n|upkeep\n|turn|18\n|\n|t:|1666071595\n|switch|p2a: Pelipper|Pelipper, F|30\/100\n|-damage|p2a: Pelipper|5\/100|[from] Stealth Rock\n|-weather|RainDance|[from] ability: Drizzle|[of] p2a: Pelipper\n|move|p1a: Sharko|Earthquake|p2a: Pelipper\n|-immune|p2a: Pelipper\n|\n|-weather|RainDance|[upkeep]\n|-heal|p1a: Sharko|53\/100|[from] item: Leftovers\n|upkeep\n|turn|19\n|\n|t:|1666071605\n|move|p1a: Sharko|Scale Shot|p2a: Pelipper|[miss]\n|-miss|p1a: Sharko|p2a: Pelipper\n|move|p2a: Pelipper|U-turn|p1a: Sharko\n|-damage|p1a: Sharko|44\/100\n|-damage|p2a: Pelipper|0 fnt|[from] ability: Rough Skin|[of] p1a: Sharko\n|faint|p2a: Pelipper\n|\n|-weather|RainDance|[upkeep]\n|-heal|p1a: Sharko|50\/100|[from] item: Leftovers\n|upkeep\n|\n|t:|1666071609\n|switch|p2a: Barraskewda|Barraskewda, M|100\/100\n|-damage|p2a: Barraskewda|88\/100|[from] Stealth Rock\n|turn|20\n|\n|t:|1666071620\n|switch|p1a: Sonso|Slowbro, M|81\/100\n|move|p2a: Barraskewda|Flip Turn|p1a: Sonso\n|-resisted|p1a: Sonso\n|-damage|p1a: Sonso|60\/100\n|\n|t:|1666071625\n|switch|p2a: Tapu Lele|Tapu Lele|45\/100|[from]move: Flip Turn\n|-damage|p2a: Tapu Lele|33\/100|[from] Stealth Rock\n|-fieldstart|move: Psychic Terrain|[from] ability: Psychic Surge|[of] p2a: Tapu Lele\n|\n|-weather|RainDance|[upkeep]\n|upkeep\n|turn|21\n|\n|t:|1666071633\n|switch|p1a: Thorns|Ferrothorn, M|54\/100 brn\n|move|p2a: Tapu Lele|Moonblast|p1a: Thorns\n|-resisted|p1a: Thorns\n|-damage|p1a: Thorns|27\/100 brn\n|\n|-weather|RainDance|[upkeep]\n|-damage|p1a: Thorns|21\/100 brn|[from] brn\n|upkeep\n|turn|22\n|\n|t:|1666071640\n|move|p2a: Tapu Lele|Moonblast|p1a: Thorns\n|-resisted|p1a: Thorns\n|-damage|p1a: Thorns|0 fnt\n|faint|p1a: Thorns\n|\n|-weather|RainDance|[upkeep]\n|upkeep\n|\n|t:|1666071646\n|switch|p1a: Sharko|Garchomp, M|50\/100\n|turn|23\n|\n|t:|1666071663\n|switch|p2a: Melmetal|Melmetal|42\/100\n|-damage|p2a: Melmetal|36\/100|[from] Stealth Rock\n|move|p1a: Sharko|Earthquake|p2a: Melmetal\n|-supereffective|p2a: Melmetal\n|-damage|p2a: Melmetal|0 fnt\n|faint|p2a: Melmetal\n|\n|-weather|RainDance|[upkeep]\n|-heal|p1a: Sharko|56\/100|[from] item: Leftovers\n|upkeep\n|\n|t:|1666071666\n|switch|p2a: Barraskewda|Barraskewda, M|88\/100\n|-damage|p2a: Barraskewda|76\/100|[from] Stealth Rock\n|turn|24\n|j| LegendaryBlastoise\n|\n|t:|1666071681\n|switch|p1a: Sonso|Slowbro, M|94\/100\n|move|p2a: Barraskewda|Flip Turn|p1a: Sonso\n|-resisted|p1a: Sonso\n|-damage|p1a: Sonso|72\/100\n|l| LegendaryBlastoise\n|\n|t:|1666071683\n|switch|p2a: Tapu Lele|Tapu Lele|33\/100|[from]move: Flip Turn\n|-damage|p2a: Tapu Lele|20\/100|[from] Stealth Rock\n|\n|-weather|RainDance|[upkeep]\n|-fieldend|move: Psychic Terrain\n|upkeep\n|turn|25\n|\n|t:|1666071696\n|move|p2a: Tapu Lele|Moonblast|p1a: Sonso\n|-damage|p1a: Sonso|0 fnt\n|faint|p1a: Sonso\n|\n|-weather|none\n|upkeep\n|\n|t:|1666071708\n|switch|p1a: Gorra|Hatterene, F, shiny|100\/100\n|turn|26\n|\n|t:|1666071715\n|move|p2a: Tapu Lele|Moonblast|p1a: Gorra\n|-damage|p1a: Gorra|35\/100\n|-unboost|p1a: Gorra|spa|1\n|move|p1a: Gorra|Trick Room|p1a: Gorra\n|-fieldstart|move: Trick Room|[of] p1a: Gorra\n|\n|upkeep\n|turn|27\n|\n|t:|1666071722\n|move|p1a: Gorra|Draining Kiss|p2a: Tapu Lele\n|-damage|p2a: Tapu Lele|3\/100\n|-heal|p1a: Gorra|46\/100|[from] drain|[of] p2a: Tapu Lele\n|move|p2a: Tapu Lele|Moonblast|p1a: Gorra\n|-damage|p1a: Gorra|0 fnt\n|faint|p1a: Gorra\n|\n|upkeep\n|c|\u2606Infernoss|come on!!\n|c|\u2606wokhxrt|loool\n|c|\u2606Infernoss|pure fucking luck\n|c|\u2606wokhxrt|bros praying on that trick room bs\n|c|\u2606Infernoss|you noob, won for luck\n|inactive|Infernoss has 120 seconds left.\n|c|\u2606wokhxrt|ur jsut not good\n|c|\u2606Infernoss|hahaha\n|c|\u2606wokhxrt|thoight that weakass hatteren would save u\n|c|\u2606wokhxrt|just forfeit trash\n|c|\u2606Infernoss|i kill that shit, use healing wish on garchomp and GG noob\n|c|\u2606Infernoss|you are trash\n|c|\u2606wokhxrt|but sumhow u didnt win\n|c|\u2606wokhxrt|loool\n|inactive|Infernoss has 90 seconds left.\n|c|\u2606wokhxrt|trashman\n|c| LordDarkSkin|how about this\n|c| LordDarkSkin|yall run it back\n|c| LordDarkSkin|like some real men\n|c|\u2606wokhxrt|take the L and go to sleep\n|c|\u2606Infernoss|noob\n|c| LordDarkSkin|play him again\n|inactive|Infernoss has 60 seconds left.\n|c| LordDarkSkin|inferno i won't ;ie\n|c|\u2606wokhxrt|1700 losing to a 1500 that dont look too good for u lil bro\n|c| LordDarkSkin|you're kinda trash for lsoing that one thoe\n|c|\u2606Infernoss|Real men apologize for HAX\n|c|\u2606wokhxrt|i dont think u know what that means\n|inactive|Infernoss has 30 seconds left.\n|c|\u2606wokhxrt|know one haxed u\n|c|\u2606wokhxrt|ur hatterene set just aint good\n|inactive|Infernoss has 20 seconds left.\n|c|\u2606Infernoss|the fucking drop noob\n|inactive|Infernoss has 15 seconds left.\n|c|\u2606wokhxrt|maybe put more evs for spa\n|inactive|Infernoss has 10 seconds left.\n|inactive|Infernoss has 5 seconds left.\n|c|\u2606Infernoss|10% of special atack drop\n|-message|Infernoss lost due to inactivity.\n|\n|win|wokhxrt\n|raw|Infernoss's rating: 1703 &rarr; <strong>1674<\/strong><br \/>(-29 for losing)\n|raw|wokhxrt's rating: 1539 &rarr; <strong>1568<\/strong><br \/>(+29 for winning)\n","uploadtime":1666071857,"views":13,"p1id":"infernoss","p2id":"wokhxrt","formatid":"gen8ou","rating":1568,"private":0,"password":null}