{"id":"gen8nationaldex-1576729479","p1":"Sir Fresh","p2":"NhatVN","format":"gen8nationaldex","log":"|j|\u2606Sir Fresh\n|j|\u2606NhatVN\n|t:|1652793297\n|gametype|singles\n|player|p1|Sir Fresh|palmer|\n|player|p2|NhatVN|hapu|\n|teamsize|p1|6\n|teamsize|p2|6\n|gen|8\n|tier|[Gen 8] National Dex\n|rule|HP Percentage Mod: HP is shown in percentages\n|rule|Endless Battle Clause: Forcing endless battles is banned\n|rule|OHKO Clause: OHKO moves are banned\n|rule|Evasion Moves Clause: Evasion moves are banned\n|rule|Species Clause: Limit one of each Pok\u00e9mon\n|rule|Dynamax Clause: You cannot dynamax\n|rule|Sleep Clause Mod: Limit one foe put to sleep\n|clearpoke\n|poke|p1|Skarmory, M|\n|poke|p1|Umbreon, M|\n|poke|p1|Feraligatr, M|\n|poke|p1|Gligar, M|\n|poke|p1|Typhlosion, M|\n|poke|p1|Ampharos, F|\n|poke|p2|Typhlosion, F|\n|poke|p2|Meganium, F|\n|poke|p2|Feraligatr, F|\n|poke|p2|Espeon, F|\n|poke|p2|Scizor, M|\n|poke|p2|Raikou|\n|teampreview\n|c|\u2606Sir Fresh|Glhf\n|c|\u2606NhatVN|glhf\n|\n|t:|1652793313\n|start\n|switch|p1a: Umbreon|Umbreon, M|100\/100\n|switch|p2a: PLS USE HAZARD|Espeon, F|100\/100\n|turn|1\n|\n|t:|1652793320\n|move|p2a: PLS USE HAZARD|Calm Mind|p2a: PLS USE HAZARD\n|-boost|p2a: PLS USE HAZARD|spa|1\n|-boost|p2a: PLS USE HAZARD|spd|1\n|move|p1a: Umbreon|Toxic|p2a: PLS USE HAZARD\n|move|p2a: PLS USE HAZARD|Toxic|p1a: Umbreon|[from]ability: Magic Bounce\n|-status|p1a: Umbreon|tox\n|-activate|p1a: Umbreon|ability: Synchronize\n|-status|p2a: PLS USE HAZARD|tox\n|\n|-damage|p2a: PLS USE HAZARD|95\/100 tox|[from] psn\n|-damage|p1a: Umbreon|94\/100 tox|[from] psn\n|upkeep\n|turn|2\n|\n|t:|1652793329\n|switch|p1a: Ampharos|Ampharos, F|100\/100\n|move|p2a: PLS USE HAZARD|Heal Bell|p2a: PLS USE HAZARD\n|-activate|p2a: PLS USE HAZARD|move: Heal Bell\n|-curestatus|p2a: PLS USE HAZARD|tox|[msg]\n|\n|-heal|p2a: PLS USE HAZARD|100\/100|[from] item: Leftovers\n|upkeep\n|turn|3\n|\n|t:|1652793342\n|detailschange|p1a: Ampharos|Ampharos-Mega, F\n|-mega|p1a: Ampharos|Ampharos|Ampharosite\n|-ability|p1a: Ampharos|Mold Breaker\n|move|p2a: PLS USE HAZARD|Psychic|p1a: Ampharos\n|-damage|p1a: Ampharos|46\/100\n|move|p1a: Ampharos|Heal Bell|p1a: Ampharos\n|-activate|p1a: Ampharos|move: Heal Bell\n|-curestatus|p1: Umbreon|tox|[msg]\n|\n|upkeep\n|turn|4\n|\n|t:|1652793349\n|switch|p1a: Umbreon|Umbreon, M|94\/100\n|move|p2a: PLS USE HAZARD|Psychic|p1a: Umbreon\n|-immune|p1a: Umbreon\n|\n|-heal|p1a: Umbreon|100\/100|[from] item: Leftovers\n|upkeep\n|turn|5\n|\n|t:|1652793353\n|move|p2a: PLS USE HAZARD|Calm Mind|p2a: PLS USE HAZARD\n|-boost|p2a: PLS USE HAZARD|spa|1\n|-boost|p2a: PLS USE HAZARD|spd|1\n|move|p1a: Umbreon|Foul Play|p2a: PLS USE HAZARD\n|-supereffective|p2a: PLS USE HAZARD\n|-damage|p2a: PLS USE HAZARD|39\/100\n|\n|-heal|p2a: PLS USE HAZARD|44\/100|[from] item: Leftovers\n|upkeep\n|turn|6\n|\n|t:|1652793358\n|move|p2a: PLS USE HAZARD|Morning Sun|p2a: PLS USE HAZARD\n|-heal|p2a: PLS USE HAZARD|94\/100\n|move|p1a: Umbreon|Foul Play|p2a: PLS USE HAZARD\n|-supereffective|p2a: PLS USE HAZARD\n|-damage|p2a: PLS USE HAZARD|27\/100\n|\n|-heal|p2a: PLS USE HAZARD|33\/100|[from] item: Leftovers\n|upkeep\n|turn|7\n|\n|t:|1652793387\n|switch|p2a: ARLO LOOKING ASS|Meganium, F|100\/100\n|move|p1a: Umbreon|Foul Play|p2a: ARLO LOOKING ASS\n|-damage|p2a: ARLO LOOKING ASS|87\/100\n|\n|-heal|p2a: ARLO LOOKING ASS|93\/100|[from] item: Leftovers\n|upkeep\n|turn|8\n|\n|t:|1652793398\n|move|p2a: ARLO LOOKING ASS|Giga Drain|p1a: Umbreon\n|-damage|p1a: Umbreon|89\/100\n|-heal|p2a: ARLO LOOKING ASS|99\/100|[from] drain|[of] p1a: Umbreon\n|move|p1a: Umbreon|Toxic|p2a: ARLO LOOKING ASS\n|-status|p2a: ARLO LOOKING ASS|tox\n|\n|-heal|p2a: ARLO LOOKING ASS|100\/100 tox|[from] item: Leftovers\n|-heal|p1a: Umbreon|95\/100|[from] item: Leftovers\n|-damage|p2a: ARLO LOOKING ASS|94\/100 tox|[from] psn\n|upkeep\n|turn|9\n|\n|t:|1652793402\n|move|p2a: ARLO LOOKING ASS|Toxic|p1a: Umbreon\n|-status|p1a: Umbreon|tox\n|-activate|p1a: Umbreon|ability: Synchronize\n|-fail|p2a: ARLO LOOKING ASS|tox\n|move|p1a: Umbreon|Wish|p1a: Umbreon\n|\n|-heal|p2a: ARLO LOOKING ASS|100\/100 tox|[from] item: Leftovers\n|-heal|p1a: Umbreon|100\/100 tox|[from] item: Leftovers\n|-damage|p2a: ARLO LOOKING ASS|88\/100 tox|[from] psn\n|-damage|p1a: Umbreon|94\/100 tox|[from] psn\n|upkeep\n|turn|10\n|\n|t:|1652793408\n|switch|p1a: Ampharos|Ampharos-Mega, F|46\/100\n|-ability|p1a: Ampharos|Mold Breaker\n|move|p2a: ARLO LOOKING ASS|Leech Seed|p1a: Ampharos\n|-start|p1a: Ampharos|move: Leech Seed\n|\n|-heal|p1a: Ampharos|98\/100|[from] move: Wish|[wisher] Umbreon\n|-heal|p2a: ARLO LOOKING ASS|94\/100 tox|[from] item: Leftovers\n|-damage|p1a: Ampharos|85\/100|[from] Leech Seed|[of] p2a: ARLO LOOKING ASS\n|-heal|p2a: ARLO LOOKING ASS|100\/100 tox|[silent]\n|-damage|p2a: ARLO LOOKING ASS|82\/100 tox|[from] psn\n|upkeep\n|turn|11\n|\n|t:|1652793418\n|move|p2a: ARLO LOOKING ASS|Toxic|p1a: Ampharos\n|-status|p1a: Ampharos|tox\n|move|p1a: Ampharos|Volt Switch|p2a: ARLO LOOKING ASS\n|-resisted|p2a: ARLO LOOKING ASS\n|-damage|p2a: ARLO LOOKING ASS|61\/100 tox\n|\n|t:|1652793429\n|switch|p1a: Typhlosion|Typhlosion, M|100\/100|[from]move: Volt Switch\n|\n|-heal|p2a: ARLO LOOKING ASS|68\/100 tox|[from] item: Leftovers\n|-damage|p2a: ARLO LOOKING ASS|43\/100 tox|[from] psn\n|upkeep\n|turn|12\n|\n|t:|1652793457\n|move|p1a: Typhlosion|Extrasensory|p2a: ARLO LOOKING ASS\n|-damage|p2a: ARLO LOOKING ASS|20\/100 tox\n|move|p2a: ARLO LOOKING ASS|Toxic|p1a: Typhlosion\n|-status|p1a: Typhlosion|tox\n|\n|-heal|p2a: ARLO LOOKING ASS|26\/100 tox|[from] item: Leftovers\n|-damage|p1a: Typhlosion|94\/100 tox|[from] psn\n|-damage|p2a: ARLO LOOKING ASS|0 fnt|[from] psn\n|faint|p2a: ARLO LOOKING ASS\n|upkeep\n|\n|t:|1652793468\n|switch|p2a: PLS USE HAZARD|Espeon, F|33\/100\n|turn|13\n|\n|t:|1652793473\n|switch|p1a: Ampharos|Ampharos-Mega, F|85\/100 tox\n|-ability|p1a: Ampharos|Mold Breaker\n|move|p2a: PLS USE HAZARD|Morning Sun|p2a: PLS USE HAZARD\n|-heal|p2a: PLS USE HAZARD|83\/100\n|\n|-heal|p2a: PLS USE HAZARD|89\/100|[from] item: Leftovers\n|-damage|p1a: Ampharos|79\/100 tox|[from] psn\n|upkeep\n|turn|14\n|\n|t:|1652793492\n|move|p2a: PLS USE HAZARD|Psychic|p1a: Ampharos\n|-damage|p1a: Ampharos|39\/100 tox\n|move|p1a: Ampharos|Heal Bell|p1a: Ampharos\n|-activate|p1a: Ampharos|move: Heal Bell\n|-curestatus|p1a: Ampharos|tox|[msg]\n|-curestatus|p1: Typhlosion|tox|[msg]\n|-curestatus|p1: Umbreon|tox|[msg]\n|\n|-heal|p2a: PLS USE HAZARD|95\/100|[from] item: Leftovers\n|upkeep\n|turn|15\n|\n|t:|1652793505\n|switch|p2a: MINATO|Raikou|100\/100\n|switch|p1a: Umbreon|Umbreon, M|94\/100\n|\n|-heal|p1a: Umbreon|100\/100|[from] item: Leftovers\n|upkeep\n|turn|16\n|\n|t:|1652793518\n|move|p2a: MINATO|Thunder Wave|p1a: Umbreon\n|-status|p1a: Umbreon|par\n|-activate|p1a: Umbreon|ability: Synchronize\n|-immune|p2a: MINATO\n|move|p1a: Umbreon|Foul Play|p2a: MINATO\n|-damage|p2a: MINATO|72\/100\n|\n|upkeep\n|turn|17\n|\n|t:|1652793523\n|move|p2a: MINATO|Aura Sphere|p1a: Umbreon\n|-supereffective|p1a: Umbreon\n|-damage|p1a: Umbreon|67\/100 par\n|-damage|p2a: MINATO|62\/100|[from] item: Life Orb\n|move|p1a: Umbreon|Toxic|p2a: MINATO\n|-status|p2a: MINATO|tox\n|\n|-heal|p1a: Umbreon|73\/100 par|[from] item: Leftovers\n|-damage|p2a: MINATO|56\/100 tox|[from] psn\n|upkeep\n|turn|18\n|\n|t:|1652793531\n|move|p2a: MINATO|Volt Switch|p1a: Umbreon\n|-damage|p1a: Umbreon|51\/100 par\n|-damage|p2a: MINATO|46\/100 tox|[from] item: Life Orb\n|\n|t:|1652793537\n|switch|p2a: THICC ASS|Feraligatr, F|100\/100|[from]move: Volt Switch\n|cant|p1a: Umbreon|par\n|\n|-heal|p1a: Umbreon|57\/100 par|[from] item: Leftovers\n|upkeep\n|turn|19\n|\n|t:|1652793542\n|switch|p1a: Skarmory|Skarmory, M|100\/100\n|move|p2a: THICC ASS|Brick Break|p1a: Skarmory\n|-damage|p1a: Skarmory|83\/100\n|-damage|p2a: THICC ASS|84\/100|[from] item: Rocky Helmet|[of] p1a: Skarmory\n|-damage|p2a: THICC ASS|74\/100|[from] item: Life Orb\n|\n|upkeep\n|turn|20\n|\n|t:|1652793554\n|switch|p2a: MINATO|Raikou|46\/100 tox\n|move|p1a: Skarmory|Body Press|p2a: MINATO\n|-damage|p2a: MINATO|0 fnt\n|faint|p2a: MINATO\n|\n|upkeep\n|\n|t:|1652793562\n|switch|p2a: WHERE FIRE|Typhlosion, F|100\/100\n|turn|21\n|\n|t:|1652793569\n|switch|p1a: Typhlosion|Typhlosion, M|94\/100\n|move|p2a: WHERE FIRE|Eruption|p1a: Typhlosion\n|-start|p1a: Typhlosion|ability: Flash Fire\n|\n|upkeep\n|turn|22\n|\n|t:|1652793580\n|move|p1a: Typhlosion|Extrasensory|p2a: WHERE FIRE\n|-damage|p2a: WHERE FIRE|71\/100\n|move|p2a: WHERE FIRE|Eruption|p1a: Typhlosion\n|-immune|p1a: Typhlosion|[from] ability: Flash Fire\n|\n|upkeep\n|turn|23\n|\n|t:|1652793591\n|switch|p2a: IRON MAN|Scizor, M|100\/100\n|move|p1a: Typhlosion|Extrasensory|p2a: IRON MAN\n|-resisted|p2a: IRON MAN\n|-damage|p2a: IRON MAN|87\/100\n|\n|upkeep\n|turn|24\n|\n|t:|1652793599\n|-end|p1a: Typhlosion|ability: Flash Fire|[silent]\n|switch|p1a: Skarmory|Skarmory, M|83\/100\n|detailschange|p2a: IRON MAN|Scizor-Mega, M\n|-mega|p2a: IRON MAN|Scizor|Scizorite\n|move|p2a: IRON MAN|Swords Dance|p2a: IRON MAN\n|-boost|p2a: IRON MAN|atk|2\n|\n|upkeep\n|turn|25\n|\n|t:|1652793603\n|move|p2a: IRON MAN|Bullet Punch|p1a: Skarmory\n|-resisted|p1a: Skarmory\n|-damage|p1a: Skarmory|65\/100\n|-damage|p2a: IRON MAN|70\/100|[from] item: Rocky Helmet|[of] p1a: Skarmory\n|move|p1a: Skarmory|Iron Defense|p1a: Skarmory\n|-boost|p1a: Skarmory|def|2\n|\n|upkeep\n|turn|26\n|\n|t:|1652793611\n|switch|p2a: WHERE FIRE|Typhlosion, F|71\/100\n|move|p1a: Skarmory|Roost|p1a: Skarmory\n|-heal|p1a: Skarmory|100\/100\n|-singleturn|p1a: Skarmory|move: Roost\n|\n|upkeep\n|turn|27\n|\n|t:|1652793622\n|switch|p1a: Typhlosion|Typhlosion, M|94\/100\n|move|p2a: WHERE FIRE|Eruption|p1a: Typhlosion\n|-start|p1a: Typhlosion|ability: Flash Fire\n|\n|upkeep\n|turn|28\n|\n|t:|1652793631\n|move|p1a: Typhlosion|Extrasensory|p2a: WHERE FIRE\n|-damage|p2a: WHERE FIRE|37\/100\n|move|p2a: WHERE FIRE|Eruption|p1a: Typhlosion\n|-immune|p1a: Typhlosion|[from] ability: Flash Fire\n|\n|upkeep\n|turn|29\n|\n|t:|1652793637\n|-end|p1a: Typhlosion|ability: Flash Fire|[silent]\n|switch|p1a: Ampharos|Ampharos-Mega, F|39\/100\n|-ability|p1a: Ampharos|Mold Breaker\n|switch|p2a: PLS USE HAZARD|Espeon, F|95\/100\n|\n|-heal|p2a: PLS USE HAZARD|100\/100|[from] item: Leftovers\n|upkeep\n|turn|30\n|\n|t:|1652793645\n|move|p2a: PLS USE HAZARD|Psychic|p1a: Ampharos\n|-damage|p1a: Ampharos|0 fnt\n|faint|p1a: Ampharos\n|\n|upkeep\n|\n|t:|1652793653\n|switch|p1a: Feraligatr|Feraligatr, M|100\/100\n|turn|31\n|\n|t:|1652793659\n|move|p2a: PLS USE HAZARD|Psychic|p1a: Feraligatr\n|-damage|p1a: Feraligatr|38\/100\n|move|p1a: Feraligatr|Dragon Dance|p1a: Feraligatr\n|-boost|p1a: Feraligatr|atk|1\n|-boost|p1a: Feraligatr|spe|1\n|\n|upkeep\n|turn|32\n|\n|t:|1652793662\n|move|p1a: Feraligatr|Waterfall|p2a: PLS USE HAZARD\n|-damage|p2a: PLS USE HAZARD|0 fnt\n|faint|p2a: PLS USE HAZARD\n|\n|upkeep\n|\n|t:|1652793670\n|switch|p2a: IRON MAN|Scizor-Mega, M|70\/100\n|turn|33\n|\n|t:|1652793676\n|move|p2a: IRON MAN|Bullet Punch|p1a: Feraligatr\n|-resisted|p1a: Feraligatr\n|-damage|p1a: Feraligatr|21\/100\n|move|p1a: Feraligatr|Waterfall|p2a: IRON MAN\n|-damage|p2a: IRON MAN|9\/100\n|\n|upkeep\n|turn|34\n|\n|t:|1652793694\n|move|p1a: Feraligatr|Waterfall|p2a: IRON MAN\n|-damage|p2a: IRON MAN|0 fnt\n|faint|p2a: IRON MAN\n|\n|upkeep\n|\n|t:|1652793702\n|switch|p2a: THICC ASS|Feraligatr, F|74\/100\n|turn|35\n|\n|t:|1652793721\n|move|p1a: Feraligatr|Crunch|p2a: THICC ASS\n|-damage|p2a: THICC ASS|0 fnt\n|faint|p2a: THICC ASS\n|\n|upkeep\n|\n|t:|1652793723\n|switch|p2a: WHERE FIRE|Typhlosion, F|37\/100\n|turn|36\n|\n|t:|1652793726\n|move|p1a: Feraligatr|Waterfall|p2a: WHERE FIRE\n|-supereffective|p2a: WHERE FIRE\n|-damage|p2a: WHERE FIRE|0 fnt\n|faint|p2a: WHERE FIRE\n|\n|win|Sir Fresh\n|c|\u2606Sir Fresh|Gg\n|c|\u2606NhatVN|gg\n","uploadtime":1652793733,"views":11,"p1id":"sirfresh","p2id":"nhatvn","formatid":"gen8nationaldex","rating":0,"private":0,"password":null}