{"id":"gen8ubers-1289043683","p1":"Malphur \u8d64","p2":"Therockcena","format":"gen8ubers","log":"|j|\u2606Malphur \u8d64\n|j|\u203dTherockcena\n|t:|1614193682\n|player|p1|Malphur \u8d64|nita|1285\n|player|p2|Therockcena|170|1339\n|teamsize|p1|6\n|teamsize|p2|6\n|gametype|singles\n|gen|8\n|tier|[Gen 8] Ubers\n|rated|\n|clearpoke\n|poke|p1|Eternatus|\n|poke|p1|Zacian|\n|poke|p1|Necrozma-Dusk-Mane|\n|poke|p1|Ho-Oh|\n|poke|p1|Calyrex-Shadow|\n|poke|p1|Gastrodon-East, F|\n|poke|p2|Xerneas|\n|poke|p2|Ho-Oh|\n|poke|p2|Tornadus-Therian, M|\n|poke|p2|Ferrothorn, M|\n|poke|p2|Marshadow|\n|poke|p2|Eternatus|\n|rule|Sleep Clause Mod: Limit one foe put to sleep\n|rule|Species Clause: Limit one of each Pok\u00e9mon\n|rule|OHKO Clause: OHKO moves are banned\n|rule|Evasion Moves Clause: Evasion moves are banned\n|rule|Endless Battle Clause: Forcing endless battles is banned\n|rule|HP Percentage Mod: HP is shown in percentages\n|rule|Dynamax Clause: You cannot dynamax\n|teampreview\n|inactive|Battle timer is ON: inactive players will automatically lose when time's up. (requested by Malphur \u8d64)\n|\n|t:|1614193691\n|start\n|switch|p1a: Ho-Oh|Ho-Oh|100\/100\n|switch|p2a: Tornadus|Tornadus-Therian, M|100\/100\n|turn|1\n|\n|t:|1614193694\n|move|p2a: Tornadus|U-turn|p1a: Ho-Oh\n|-resisted|p1a: Ho-Oh\n|-damage|p1a: Ho-Oh|98\/100\n|\n|t:|1614193708\n|switch|p2a: Eternatus|Eternatus|100\/100|[from]move: U-turn\n|-ability|p2a: Eternatus|Pressure\n|move|p1a: Ho-Oh|Thunder Wave|p2a: Eternatus\n|-status|p2a: Eternatus|par\n|\n|upkeep\n|turn|2\n|\n|t:|1614193717\n|move|p2a: Eternatus|Dynamax Cannon|p1a: Ho-Oh\n|-damage|p1a: Ho-Oh|60\/100\n|-damage|p2a: Eternatus|91\/100 par|[from] item: Life Orb\n|move|p1a: Ho-Oh|Whirlwind|p2a: Eternatus\n|drag|p2a: Tornadus|Tornadus-Therian, M|100\/100\n|\n|upkeep\n|turn|3\n|\n|t:|1614193728\n|move|p2a: Tornadus|Hurricane|p1a: Ho-Oh\n|-damage|p1a: Ho-Oh|38\/100\n|move|p1a: Ho-Oh|Sacred Fire|p2a: Tornadus\n|-damage|p2a: Tornadus|54\/100\n|-status|p2a: Tornadus|brn\n|\n|-heal|p2a: Tornadus|60\/100 brn|[from] item: Leftovers\n|-damage|p2a: Tornadus|54\/100 brn|[from] brn\n|upkeep\n|turn|4\n|j| Lucasggcorno\n|\n|t:|1614193742\n|switch|p1a: Necrozma|Necrozma-Dusk-Mane|100\/100\n|move|p2a: Tornadus|U-turn|p1a: Necrozma\n|-damage|p1a: Necrozma|97\/100\n|-damage|p2a: Tornadus|37\/100 brn|[from] item: Rocky Helmet|[of] p1a: Necrozma\n|c| Lucasggcorno|Caiu\n|\n|t:|1614193750\n|switch|p2a: Marshadow|Marshadow|100\/100|[from]move: U-turn\n|\n|upkeep\n|turn|5\n|\n|t:|1614193761\n|switch|p1a: Gastrodon|Gastrodon-East, F|100\/100\n|move|p2a: Marshadow|Knock Off|p1a: Gastrodon\n|-damage|p1a: Gastrodon|54\/100\n|-enditem|p1a: Gastrodon|Leftovers|[from] move: Knock Off|[of] p2a: Marshadow\n|\n|upkeep\n|turn|6\n|\n|t:|1614193769\n|switch|p2a: Xerneas|Xerneas|100\/100\n|-ability|p2a: Xerneas|Fairy Aura\n|move|p1a: Gastrodon|Toxic|p2a: Xerneas\n|-status|p2a: Xerneas|tox\n|\n|-damage|p2a: Xerneas|94\/100 tox|[from] psn\n|upkeep\n|turn|7\n|\n|t:|1614193776\n|switch|p1a: Ho-Oh|Ho-Oh|72\/100\n|move|p2a: Xerneas|Aromatherapy|p2a: Xerneas\n|-activate|p2a: Xerneas|move: Aromatherapy\n|-curestatus|p2a: Xerneas|tox|[msg]\n|-curestatus|p2: Tornadus|brn|[msg]\n|-curestatus|p2: Eternatus|par|[msg]\n|\n|-heal|p2a: Xerneas|100\/100|[from] item: Leftovers\n|upkeep\n|turn|8\n|\n|t:|1614193782\n|switch|p2a: Tornadus|Tornadus-Therian, M|70\/100\n|move|p1a: Ho-Oh|Whirlwind|p2a: Tornadus\n|drag|p2a: Eternatus|Eternatus|91\/100\n|-ability|p2a: Eternatus|Pressure\n|\n|upkeep\n|turn|9\n|\n|t:|1614193791\n|switch|p1a: Necrozma|Necrozma-Dusk-Mane|97\/100\n|move|p2a: Eternatus|Dynamax Cannon|p1a: Necrozma\n|-resisted|p1a: Necrozma\n|-damage|p1a: Necrozma|70\/100\n|-damage|p2a: Eternatus|81\/100|[from] item: Life Orb\n|\n|upkeep\n|turn|10\n|\n|t:|1614193799\n|move|p2a: Eternatus|Flamethrower|p1a: Necrozma\n|-supereffective|p1a: Necrozma\n|-damage|p1a: Necrozma|13\/100\n|-damage|p2a: Eternatus|71\/100|[from] item: Life Orb\n|move|p1a: Necrozma|Stealth Rock|p2a: Eternatus\n|-sidestart|p2: Therockcena|move: Stealth Rock\n|\n|upkeep\n|turn|11\n|\n|t:|1614193809\n|switch|p1a: Gastrodon|Gastrodon-East, F|54\/100\n|move|p2a: Eternatus|Dynamax Cannon|p1a: Gastrodon\n|-damage|p1a: Gastrodon|2\/100\n|-damage|p2a: Eternatus|61\/100|[from] item: Life Orb\n|\n|upkeep\n|turn|12\n|\n|t:|1614193817\n|move|p2a: Eternatus|Dragon Pulse|p1a: Gastrodon\n|-crit|p1a: Gastrodon\n|-damage|p1a: Gastrodon|0 fnt\n|-damage|p2a: Eternatus|51\/100|[from] item: Life Orb\n|faint|p1a: Gastrodon\n|\n|upkeep\n|c| Lucasggcorno|Vaiiiiiiiiii\n|\n|t:|1614193827\n|switch|p1a: Calyrex|Calyrex-Shadow|100\/100\n|-ability|p1a: Calyrex|As One\n|-ability|p1a: Calyrex|Unnerve|p2: Therockcena\n|turn|13\n|\n|t:|1614193834\n|move|p1a: Calyrex|Psyshock|p2a: Eternatus\n|-supereffective|p2a: Eternatus\n|-damage|p2a: Eternatus|0 fnt\n|-damage|p1a: Calyrex|91\/100|[from] item: Life Orb\n|faint|p2a: Eternatus\n|-ability|p1a: Calyrex|Grim Neigh|boost\n|-boost|p1a: Calyrex|spa|1\n|\n|upkeep\n|\n|t:|1614193836\n|switch|p2a: Marshadow|Marshadow|100\/100\n|-damage|p2a: Marshadow|94\/100|[from] Stealth Rock\n|turn|14\n|\n|t:|1614193847\n|switch|p1a: Necrozma|Necrozma-Dusk-Mane|13\/100\n|move|p2a: Marshadow|Shadow Sneak|p1a: Necrozma\n|-supereffective|p1a: Necrozma\n|-damage|p1a: Necrozma|0 fnt\n|-damage|p2a: Marshadow|78\/100|[from] item: Rocky Helmet|[of] p1a: Necrozma\n|faint|p1a: Necrozma\n|\n|upkeep\n|\n|t:|1614193856\n|switch|p1a: Ho-Oh|Ho-Oh|100\/100\n|turn|15\n|\n|t:|1614193860\n|switch|p2a: Tornadus|Tornadus-Therian, M|100\/100\n|-damage|p2a: Tornadus|76\/100|[from] Stealth Rock\n|move|p1a: Ho-Oh|Sacred Fire|p2a: Tornadus\n|-damage|p2a: Tornadus|30\/100\n|\n|-heal|p2a: Tornadus|36\/100|[from] item: Leftovers\n|upkeep\n|turn|16\n|\n|t:|1614193876\n|move|p2a: Tornadus|Defog|p1a: Ho-Oh\n|-unboost|p1a: Ho-Oh|evasion|1\n|-sideend|p2: Therockcena|Stealth Rock|[from] move: Defog|[of] p2a: Tornadus\n|move|p1a: Ho-Oh|Thunder Wave|p2a: Tornadus\n|-status|p2a: Tornadus|par\n|\n|-heal|p2a: Tornadus|42\/100 par|[from] item: Leftovers\n|upkeep\n|turn|17\n|\n|t:|1614193888\n|switch|p2a: Xerneas|Xerneas|100\/100\n|-ability|p2a: Xerneas|Fairy Aura\n|move|p1a: Ho-Oh|Sacred Fire|p2a: Xerneas\n|-damage|p2a: Xerneas|65\/100\n|\n|-heal|p2a: Xerneas|71\/100|[from] item: Leftovers\n|upkeep\n|turn|18\n|\n|t:|1614193898\n|move|p2a: Xerneas|Aromatherapy|p2a: Xerneas\n|-activate|p2a: Xerneas|move: Aromatherapy\n|-curestatus|p2: Tornadus|par|[msg]\n|move|p1a: Ho-Oh|Whirlwind|p2a: Xerneas\n|drag|p2a: Ferrothorn|Ferrothorn, M|100\/100\n|\n|upkeep\n|turn|19\n|\n|t:|1614193908\n|move|p2a: Ferrothorn|Stealth Rock|p1a: Ho-Oh\n|-sidestart|p1: Malphur \u8d64|move: Stealth Rock\n|move|p1a: Ho-Oh|Whirlwind|p2a: Ferrothorn\n|drag|p2a: Tornadus|Tornadus-Therian, M|75\/100\n|\n|-heal|p2a: Tornadus|81\/100|[from] item: Leftovers\n|upkeep\n|turn|20\n|\n|t:|1614193914\n|move|p2a: Tornadus|Hurricane|p1a: Ho-Oh\n|-damage|p1a: Ho-Oh|78\/100\n|move|p1a: Ho-Oh|Sacred Fire|p2a: Tornadus|[miss]\n|-miss|p1a: Ho-Oh|p2a: Tornadus\n|\n|-heal|p2a: Tornadus|87\/100|[from] item: Leftovers\n|upkeep\n|turn|21\n|\n|t:|1614193921\n|move|p2a: Tornadus|Hurricane|p1a: Ho-Oh\n|-damage|p1a: Ho-Oh|56\/100\n|-start|p1a: Ho-Oh|confusion\n|-activate|p1a: Ho-Oh|confusion\n|move|p1a: Ho-Oh|Defog|p2a: Tornadus\n|-unboost|p2a: Tornadus|evasion|1\n|-sideend|p1: Malphur \u8d64|Stealth Rock|[from] move: Defog|[of] p1a: Ho-Oh\n|\n|-heal|p2a: Tornadus|93\/100|[from] item: Leftovers\n|upkeep\n|turn|22\n|\n|t:|1614193930\n|switch|p1a: Eternatus|Eternatus|100\/100\n|-ability|p1a: Eternatus|Pressure\n|move|p2a: Tornadus|Hurricane|p1a: Eternatus\n|-damage|p1a: Eternatus|74\/100\n|\n|-heal|p2a: Tornadus|99\/100|[from] item: Leftovers\n|upkeep\n|turn|23\n|c|\u2606Malphur \u8d64|wtf\n|\n|t:|1614193940\n|move|p1a: Eternatus|Toxic Spikes|p2a: Tornadus\n|-sidestart|p2: Therockcena|move: Toxic Spikes\n|move|p2a: Tornadus|U-turn|p1a: Eternatus\n|-resisted|p1a: Eternatus\n|-damage|p1a: Eternatus|69\/100\n|\n|t:|1614193961\n|switch|p2a: Marshadow|Marshadow|78\/100|[from]move: U-turn\n|-status|p2a: Marshadow|psn\n|\n|-damage|p2a: Marshadow|65\/100 psn|[from] psn\n|upkeep\n|turn|24\n|\n|t:|1614193968\n|move|p2a: Marshadow|Spectral Thief|p1a: Eternatus\n|-damage|p1a: Eternatus|19\/100\n|move|p1a: Eternatus|Draco Meteor|p2a: Marshadow|[miss]\n|-miss|p1a: Eternatus|p2a: Marshadow\n|\n|-damage|p2a: Marshadow|53\/100 psn|[from] psn\n|upkeep\n|turn|25\n|c|\u2606Malphur \u8d64|FUCK\n|\n|t:|1614193984\n|switch|p2a: Tornadus|Tornadus-Therian, M|100\/100\n|switch|p1a: Ho-Oh|Ho-Oh|89\/100\n|\n|upkeep\n|turn|26\n|\n|t:|1614193991\n|move|p2a: Tornadus|Defog|p1a: Ho-Oh\n|-unboost|p1a: Ho-Oh|evasion|1\n|-sideend|p2: Therockcena|Toxic Spikes|[from] move: Defog|[of] p2a: Tornadus\n|move|p1a: Ho-Oh|Sacred Fire|p2a: Tornadus\n|-damage|p2a: Tornadus|54\/100\n|\n|-heal|p2a: Tornadus|60\/100|[from] item: Leftovers\n|upkeep\n|turn|27\n|\n|t:|1614193998\n|move|p2a: Tornadus|Hurricane|p1a: Ho-Oh\n|-damage|p1a: Ho-Oh|66\/100\n|move|p1a: Ho-Oh|Thunder Wave|p2a: Tornadus\n|-status|p2a: Tornadus|par\n|\n|-heal|p2a: Tornadus|66\/100 par|[from] item: Leftovers\n|upkeep\n|turn|28\n|\n|t:|1614194008\n|move|p1a: Ho-Oh|Sacred Fire|p2a: Tornadus|[miss]\n|-miss|p1a: Ho-Oh|p2a: Tornadus\n|move|p2a: Tornadus|U-turn|p1a: Ho-Oh\n|-resisted|p1a: Ho-Oh\n|-damage|p1a: Ho-Oh|64\/100\n|\n|t:|1614194013\n|switch|p2a: Xerneas|Xerneas|71\/100|[from]move: U-turn\n|-ability|p2a: Xerneas|Fairy Aura\n|\n|-heal|p2a: Xerneas|77\/100|[from] item: Leftovers\n|upkeep\n|turn|29\n|\n|t:|1614194017\n|move|p2a: Xerneas|Aromatherapy|p2a: Xerneas\n|-activate|p2a: Xerneas|move: Aromatherapy\n|-curestatus|p2: Tornadus|par|[msg]\n|-curestatus|p2: Marshadow|psn|[msg]\n|move|p1a: Ho-Oh|Sacred Fire|p2a: Xerneas\n|-damage|p2a: Xerneas|39\/100\n|-status|p2a: Xerneas|brn\n|\n|-heal|p2a: Xerneas|45\/100 brn|[from] item: Leftovers\n|-damage|p2a: Xerneas|39\/100 brn|[from] brn\n|upkeep\n|turn|30\n|\n|t:|1614194026\n|move|p2a: Xerneas|Aromatherapy|p2a: Xerneas\n|-activate|p2a: Xerneas|move: Aromatherapy\n|-curestatus|p2a: Xerneas|brn|[msg]\n|move|p1a: Ho-Oh|Sacred Fire|p2a: Xerneas\n|-damage|p2a: Xerneas|6\/100\n|\n|-heal|p2a: Xerneas|12\/100|[from] item: Leftovers\n|upkeep\n|turn|31\n|\n|t:|1614194037\n|switch|p2a: Ferrothorn|Ferrothorn, M|100\/100\n|move|p1a: Ho-Oh|Whirlwind|p2a: Ferrothorn\n|drag|p2a: Tornadus|Tornadus-Therian, M|99\/100\n|\n|-heal|p2a: Tornadus|100\/100|[from] item: Leftovers\n|upkeep\n|turn|32\n|\n|t:|1614194047\n|move|p2a: Tornadus|U-turn|p1a: Ho-Oh\n|-resisted|p1a: Ho-Oh\n|-damage|p1a: Ho-Oh|61\/100\n|\n|t:|1614194049\n|switch|p2a: Ferrothorn|Ferrothorn, M|100\/100|[from]move: U-turn\n|move|p1a: Ho-Oh|Thunder Wave|p2a: Ferrothorn\n|-status|p2a: Ferrothorn|par\n|\n|upkeep\n|turn|33\n|\n|t:|1614194053\n|switch|p1a: Eternatus|Eternatus|19\/100\n|-ability|p1a: Eternatus|Pressure\n|move|p2a: Ferrothorn|Stealth Rock|p1a: Eternatus\n|-sidestart|p1: Malphur \u8d64|move: Stealth Rock\n|\n|upkeep\n|turn|34\n|\n|t:|1614194061\n|switch|p2a: Tornadus|Tornadus-Therian, M|100\/100\n|move|p1a: Eternatus|Recover|p1a: Eternatus\n|-heal|p1a: Eternatus|69\/100\n|\n|upkeep\n|turn|35\n|\n|t:|1614194067\n|move|p1a: Eternatus|Toxic Spikes|p2a: Tornadus\n|-sidestart|p2: Therockcena|move: Toxic Spikes\n|move|p2a: Tornadus|Hurricane|p1a: Eternatus\n|-damage|p1a: Eternatus|45\/100\n|\n|upkeep\n|turn|36\n|\n|t:|1614194073\n|move|p1a: Eternatus|Recover|p1a: Eternatus\n|-heal|p1a: Eternatus|95\/100\n|move|p2a: Tornadus|Defog|p1a: Eternatus\n|-unboost|p1a: Eternatus|evasion|1\n|-sideend|p1: Malphur \u8d64|Stealth Rock|[from] move: Defog|[of] p2a: Tornadus\n|-sideend|p2: Therockcena|Toxic Spikes|[from] move: Defog|[of] p2a: Tornadus\n|\n|upkeep\n|turn|37\n|\n|t:|1614194079\n|move|p1a: Eternatus|Toxic Spikes|p2a: Tornadus\n|-sidestart|p2: Therockcena|move: Toxic Spikes\n|move|p2a: Tornadus|Hurricane|p1a: Eternatus\n|-damage|p1a: Eternatus|67\/100\n|\n|upkeep\n|turn|38\n|\n|t:|1614194085\n|move|p1a: Eternatus|Draco Meteor|p2a: Tornadus|[miss]\n|-miss|p1a: Eternatus|p2a: Tornadus\n|move|p2a: Tornadus|Defog|p1a: Eternatus\n|-unboost|p1a: Eternatus|evasion|1\n|-sideend|p2: Therockcena|Toxic Spikes|[from] move: Defog|[of] p2a: Tornadus\n|\n|upkeep\n|turn|39\n|\n|t:|1614194096\n|switch|p2a: Ferrothorn|Ferrothorn, M|100\/100 par\n|move|p1a: Eternatus|Toxic Spikes|p2a: Ferrothorn\n|-sidestart|p2: Therockcena|move: Toxic Spikes\n|\n|upkeep\n|turn|40\n|\n|t:|1614194105\n|switch|p2a: Tornadus|Tornadus-Therian, M|100\/100\n|move|p1a: Eternatus|Flamethrower|p2a: Tornadus\n|-damage|p2a: Tornadus|73\/100\n|\n|-heal|p2a: Tornadus|80\/100|[from] item: Leftovers\n|upkeep\n|turn|41\n|\n|t:|1614194113\n|move|p1a: Eternatus|Draco Meteor|p2a: Tornadus\n|-damage|p2a: Tornadus|18\/100\n|-unboost|p1a: Eternatus|spa|2\n|move|p2a: Tornadus|Defog|p1a: Eternatus\n|-unboost|p1a: Eternatus|evasion|1\n|-sideend|p2: Therockcena|Toxic Spikes|[from] move: Defog|[of] p2a: Tornadus\n|\n|-heal|p2a: Tornadus|24\/100|[from] item: Leftovers\n|upkeep\n|turn|42\n|\n|t:|1614194119\n|switch|p2a: Ho-Oh|Ho-Oh|100\/100\n|move|p1a: Eternatus|Toxic Spikes|p2a: Ho-Oh\n|-sidestart|p2: Therockcena|move: Toxic Spikes\n|\n|upkeep\n|turn|43\n|\n|t:|1614194126\n|switch|p1a: Ho-Oh|Ho-Oh|95\/100\n|move|p2a: Ho-Oh|Sacred Fire|p1a: Ho-Oh\n|-resisted|p1a: Ho-Oh\n|-damage|p1a: Ho-Oh|81\/100\n|\n|upkeep\n|turn|44\n|\n|t:|1614194136\n|move|p2a: Ho-Oh|Substitute|p2a: Ho-Oh\n|-start|p2a: Ho-Oh|Substitute\n|-damage|p2a: Ho-Oh|75\/100\n|move|p1a: Ho-Oh|Whirlwind|p2a: Ho-Oh\n|drag|p2a: Xerneas|Xerneas|12\/100\n|-status|p2a: Xerneas|psn\n|-ability|p2a: Xerneas|Fairy Aura\n|\n|-heal|p2a: Xerneas|18\/100 psn|[from] item: Leftovers\n|-damage|p2a: Xerneas|6\/100 psn|[from] psn\n|upkeep\n|turn|45\n|\n|t:|1614194150\n|move|p2a: Xerneas|Aromatherapy|p2a: Xerneas\n|-activate|p2a: Xerneas|move: Aromatherapy\n|-curestatus|p2a: Xerneas|psn|[msg]\n|-curestatus|p2: Ferrothorn|par|[msg]\n|move|p1a: Ho-Oh|Whirlwind|p2a: Xerneas\n|drag|p2a: Marshadow|Marshadow|53\/100\n|-status|p2a: Marshadow|psn\n|\n|-damage|p2a: Marshadow|41\/100 psn|[from] psn\n|upkeep\n|turn|46\n|\n|t:|1614194163\n|move|p2a: Marshadow|Spectral Thief|p1a: Ho-Oh\n|-damage|p1a: Ho-Oh|34\/100\n|move|p1a: Ho-Oh|Whirlwind|p2a: Marshadow\n|drag|p2a: Xerneas|Xerneas|6\/100\n|-status|p2a: Xerneas|psn\n|-ability|p2a: Xerneas|Fairy Aura\n|\n|-heal|p2a: Xerneas|12\/100 psn|[from] item: Leftovers\n|-damage|p2a: Xerneas|0 fnt|[from] psn\n|faint|p2a: Xerneas\n|upkeep\n|\n|t:|1614194174\n|switch|p2a: Ferrothorn|Ferrothorn, M|100\/100\n|turn|47\n|\n|t:|1614194183\n|move|p1a: Ho-Oh|Thunder Wave|p2a: Ferrothorn|[miss]\n|-miss|p1a: Ho-Oh|p2a: Ferrothorn\n|move|p2a: Ferrothorn|Stealth Rock|p1a: Ho-Oh\n|-sidestart|p1: Malphur \u8d64|move: Stealth Rock\n|\n|upkeep\n|turn|48\n|\n|t:|1614194191\n|switch|p2a: Marshadow|Marshadow|41\/100 psn\n|move|p1a: Ho-Oh|Defog|p2a: Marshadow\n|-unboost|p2a: Marshadow|evasion|1\n|-sideend|p2: Therockcena|Toxic Spikes|[from] move: Defog|[of] p1a: Ho-Oh\n|-sideend|p1: Malphur \u8d64|Stealth Rock|[from] move: Defog|[of] p1a: Ho-Oh\n|\n|-damage|p2a: Marshadow|28\/100 psn|[from] psn\n|upkeep\n|turn|49\n|\n|t:|1614194198\n|switch|p1a: Eternatus|Eternatus|67\/100\n|-ability|p1a: Eternatus|Pressure\n|move|p2a: Marshadow|Spectral Thief|p1a: Eternatus\n|-damage|p1a: Eternatus|18\/100\n|\n|-damage|p2a: Marshadow|16\/100 psn|[from] psn\n|upkeep\n|turn|50\n|\n|t:|1614194209\n|move|p2a: Marshadow|Spectral Thief|p1a: Eternatus\n|-damage|p1a: Eternatus|0 fnt\n|faint|p1a: Eternatus\n|\n|-damage|p2a: Marshadow|3\/100 psn|[from] psn\n|upkeep\n|\n|t:|1614194215\n|switch|p1a: Zacian|Zacian|100\/100\n|-ability|p1a: Zacian|Intrepid Sword|boost\n|-boost|p1a: Zacian|atk|1\n|turn|51\n|\n|t:|1614194220\n|move|p2a: Marshadow|Spectral Thief||[still]\n|-clearpositiveboost|p1a: Zacian|p2a: Marshadow|move: Spectral Thief\n|-boost|p2a: Marshadow|atk|1\n|-anim|p2a: Marshadow|Spectral Thief|p1a: Zacian\n|-damage|p1a: Zacian|11\/100\n|move|p1a: Zacian|Play Rough|p2a: Marshadow\n|-supereffective|p2a: Marshadow\n|-damage|p2a: Marshadow|0 fnt\n|faint|p2a: Marshadow\n|\n|upkeep\n|\n|t:|1614194235\n|switch|p2a: Tornadus|Tornadus-Therian, M|57\/100\n|turn|52\n|\n|t:|1614194239\n|move|p1a: Zacian|Play Rough|p2a: Tornadus\n|-damage|p2a: Tornadus|0 fnt\n|faint|p2a: Tornadus\n|\n|upkeep\n|\n|t:|1614194244\n|switch|p2a: Ferrothorn|Ferrothorn, M|100\/100\n|turn|53\n|\n|t:|1614194247\n|switch|p1a: Ho-Oh|Ho-Oh|67\/100\n|move|p2a: Ferrothorn|Stealth Rock|p1a: Ho-Oh\n|-sidestart|p1: Malphur \u8d64|move: Stealth Rock\n|\n|upkeep\n|turn|54\n|\n|t:|1614194253\n|move|p1a: Ho-Oh|Defog|p2a: Ferrothorn\n|-unboost|p2a: Ferrothorn|evasion|1\n|-sideend|p1: Malphur \u8d64|Stealth Rock|[from] move: Defog|[of] p1a: Ho-Oh\n|move|p2a: Ferrothorn|Leech Seed|p1a: Ho-Oh\n|-start|p1a: Ho-Oh|move: Leech Seed\n|\n|-damage|p1a: Ho-Oh|54\/100|[from] Leech Seed|[of] p2a: Ferrothorn\n|upkeep\n|turn|55\n|\n|t:|1614194260\n|switch|p1a: Calyrex|Calyrex-Shadow|91\/100\n|-ability|p1a: Calyrex|As One\n|-ability|p1a: Calyrex|Unnerve|p2: Therockcena\n|move|p2a: Ferrothorn|Stealth Rock|p1a: Calyrex\n|-sidestart|p1: Malphur \u8d64|move: Stealth Rock\n|\n|upkeep\n|turn|56\n|\n|t:|1614194268\n|move|p1a: Calyrex|Substitute|p1a: Calyrex\n|-start|p1a: Calyrex|Substitute\n|-damage|p1a: Calyrex|66\/100\n|move|p2a: Ferrothorn|Gyro Ball|p1a: Calyrex\n|-end|p1a: Calyrex|Substitute\n|\n|upkeep\n|turn|57\n|\n|t:|1614194275\n|move|p1a: Calyrex|Astral Barrage|p2a: Ferrothorn\n|-damage|p2a: Ferrothorn|31\/100\n|-damage|p1a: Calyrex|56\/100|[from] item: Life Orb\n|move|p2a: Ferrothorn|Gyro Ball|p1a: Calyrex\n|-damage|p1a: Calyrex|0 fnt\n|faint|p1a: Calyrex\n|\n|-heal|p2a: Ferrothorn|38\/100|[from] item: Leftovers\n|upkeep\n|\n|t:|1614194279\n|switch|p1a: Zacian|Zacian|11\/100\n|-damage|p1a: Zacian|0 fnt|[from] Stealth Rock\n|faint|p1a: Zacian\n|\n|t:|1614194281\n|switch|p1a: Ho-Oh|Ho-Oh|88\/100\n|turn|58\n|\n|t:|1614194287\n|move|p2a: Ferrothorn|Leech Seed|p1a: Ho-Oh\n|-start|p1a: Ho-Oh|move: Leech Seed\n|move|p1a: Ho-Oh|Whirlwind|p2a: Ferrothorn\n|drag|p2a: Ho-Oh|Ho-Oh|100\/100\n|\n|-damage|p1a: Ho-Oh|75\/100|[from] Leech Seed|[of] p2a: Ho-Oh\n|upkeep\n|turn|59\n|\n|t:|1614194294\n|move|p1a: Ho-Oh|Thunder Wave|p2a: Ho-Oh|[miss]\n|-miss|p1a: Ho-Oh|p2a: Ho-Oh\n|move|p2a: Ho-Oh|Toxic|p1a: Ho-Oh\n|-status|p1a: Ho-Oh|tox\n|\n|-damage|p1a: Ho-Oh|63\/100 tox|[from] Leech Seed|[of] p2a: Ho-Oh\n|-damage|p1a: Ho-Oh|57\/100 tox|[from] psn\n|upkeep\n|turn|60\n|-message|Malphur \u8d64 forfeited.\n|\n|win|Therockcena\n","uploadtime":1614194302,"views":1,"p1id":"malphur","p2id":"therockcena","formatid":"gen8ubers","rating":0,"private":0,"password":null}