{"id":"gen8nationaldexmonotype-1640579947","p1":"SirFresh","p2":"Willis_Hescock","format":"gen8nationaldexmonotype","log":"|j|\u2606SirFresh\n|j|\u2606Willis_Hescock\n|t:|1660606993\n|gametype|singles\n|player|p1|SirFresh|palmer|\n|player|p2|Willis_Hescock|leon-masters|\n|teamsize|p1|6\n|teamsize|p2|6\n|gen|8\n|tier|[Gen 8] National Dex Monotype\n|rule|HP Percentage Mod: HP is shown in percentages\n|rule|Endless Battle Clause: Forcing endless battles is banned\n|rule|Same Type Clause: Pok\u00e9mon in a team must share a type\n|rule|Species Clause: Limit one of each Pok\u00e9mon\n|rule|OHKO Clause: OHKO moves are banned\n|rule|Evasion Moves Clause: Evasion moves are banned\n|rule|Dynamax Clause: You cannot dynamax\n|rule|Sleep Clause Mod: Limit one foe put to sleep\n|clearpoke\n|poke|p1|Alakazam, M|\n|poke|p1|Gardevoir, F|\n|poke|p1|Espeon, F|\n|poke|p1|Meloetta|\n|poke|p1|Necrozma|\n|poke|p1|Latias, F|\n|poke|p2|Orbeetle, F|\n|poke|p2|Deoxys-Speed|\n|poke|p2|Mew|\n|poke|p2|Victini|\n|poke|p2|Alakazam, M|\n|poke|p2|Silvally-*|\n|teampreview\n|c|\u2606Willis_Hescock|Glhf\n|c|\u2606SirFresh|Glhf\n|\n|t:|1660607019\n|start\n|switch|p1a: Espeon|Espeon, F|100\/100\n|switch|p2a: Deoxys|Deoxys-Speed|100\/100\n|-ability|p2a: Deoxys|Pressure\n|turn|1\n|\n|t:|1660607022\n|move|p2a: Deoxys|Knock Off|p1a: Espeon\n|-supereffective|p1a: Espeon\n|-enditem|p1a: Espeon|Colbur Berry|[eat]\n|-enditem|p1a: Espeon|Colbur Berry|[weaken]\n|-damage|p1a: Espeon|56\/100\n|move|p1a: Espeon|Reflect|p1a: Espeon\n|-sidestart|p1: SirFresh|Reflect\n|\n|upkeep\n|turn|2\n|\n|t:|1660607035\n|move|p2a: Deoxys|Knock Off|p1a: Espeon\n|-supereffective|p1a: Espeon\n|-damage|p1a: Espeon|27\/100\n|move|p1a: Espeon|Shadow Ball|p2a: Deoxys\n|-supereffective|p2a: Deoxys\n|-damage|p2a: Deoxys|30\/100\n|\n|upkeep\n|turn|3\n|\n|t:|1660607045\n|move|p2a: Deoxys|Knock Off|p1a: Espeon\n|-supereffective|p1a: Espeon\n|-damage|p1a: Espeon|0 fnt\n|faint|p1a: Espeon\n|\n|upkeep\n|\n|t:|1660607056\n|switch|p1a: Gardevoir|Gardevoir, F|100\/100\n|-ability|p1a: Gardevoir|Pressure|[from] ability: Trace|[of] p2a: Deoxys\n|-ability|p1a: Gardevoir|Pressure\n|turn|4\n|\n|t:|1660607069\n|detailschange|p1a: Gardevoir|Gardevoir-Mega, F\n|-mega|p1a: Gardevoir|Gardevoir|Gardevoirite\n|move|p2a: Deoxys|Knock Off|p1a: Gardevoir\n|-damage|p1a: Gardevoir|83\/100\n|move|p1a: Gardevoir|Hyper Voice|p2a: Deoxys\n|-damage|p2a: Deoxys|0 fnt\n|faint|p2a: Deoxys\n|\n|upkeep\n|\n|t:|1660607088\n|switch|p2a: Mew|Mew|100\/100\n|turn|5\n|\n|t:|1660607093\n|-zpower|p2a: Mew\n|move|p2a: Mew|Z-Hypnosis|p1a: Gardevoir|[anim]Hypnosis|[miss]\n|-boost|p2a: Mew|spe|1|[zeffect]\n|-miss|p2a: Mew|p1a: Gardevoir\n|move|p1a: Gardevoir|Calm Mind|p1a: Gardevoir\n|-boost|p1a: Gardevoir|spa|1\n|-boost|p1a: Gardevoir|spd|1\n|\n|-sideend|p1: SirFresh|Reflect\n|upkeep\n|turn|6\n|\n|t:|1660607107\n|move|p2a: Mew|Nasty Plot|p2a: Mew\n|-boost|p2a: Mew|spa|2\n|move|p1a: Gardevoir|Hyper Voice|p2a: Mew\n|-damage|p2a: Mew|0 fnt\n|faint|p2a: Mew\n|\n|upkeep\n|\n|t:|1660607116\n|switch|p2a: Victini|Victini|100\/100\n|turn|7\n|\n|t:|1660607123\n|move|p2a: Victini|V-create|p1a: Gardevoir\n|-damage|p1a: Gardevoir|0 fnt\n|-unboost|p2a: Victini|spe|1\n|-unboost|p2a: Victini|def|1\n|-unboost|p2a: Victini|spd|1\n|faint|p1a: Gardevoir\n|\n|upkeep\n|\n|t:|1660607153\n|switch|p1a: Meloetta|Meloetta|100\/100\n|turn|8\n|\n|t:|1660607158\n|switch|p2a: Orbeetle|Orbeetle, F|100\/100\n|-item|p1a: Meloetta|Choice Scarf|[from] ability: Frisk|[of] p2a: Orbeetle|[identify]\n|move|p1a: Meloetta|Shadow Ball|p2a: Orbeetle\n|-supereffective|p2a: Orbeetle\n|-damage|p2a: Orbeetle|65\/100\n|\n|-heal|p2a: Orbeetle|71\/100|[from] item: Leftovers\n|upkeep\n|turn|9\n|\n|t:|1660607169\n|switch|p1a: Alakazam|Alakazam, M|100\/100\n|move|p2a: Orbeetle|Sticky Web|p1a: Alakazam\n|-sidestart|p1: SirFresh|move: Sticky Web\n|\n|-heal|p2a: Orbeetle|78\/100|[from] item: Leftovers\n|upkeep\n|turn|10\n|\n|t:|1660607174\n|move|p1a: Alakazam|Nasty Plot|p1a: Alakazam\n|-boost|p1a: Alakazam|spa|2\n|move|p2a: Orbeetle|Bug Buzz|p1a: Alakazam\n|-supereffective|p1a: Alakazam\n|-damage|p1a: Alakazam|30\/100\n|\n|-heal|p2a: Orbeetle|84\/100|[from] item: Leftovers\n|upkeep\n|turn|11\n|\n|t:|1660607180\n|move|p1a: Alakazam|Shadow Ball|p2a: Orbeetle\n|-supereffective|p2a: Orbeetle\n|-damage|p2a: Orbeetle|7\/100\n|move|p2a: Orbeetle|Bug Buzz|p1a: Alakazam\n|-supereffective|p1a: Alakazam\n|-damage|p1a: Alakazam|0 fnt\n|faint|p1a: Alakazam\n|\n|-heal|p2a: Orbeetle|13\/100|[from] item: Leftovers\n|upkeep\n|\n|t:|1660607189\n|switch|p1a: Meloetta|Meloetta|100\/100\n|-activate|p1a: Meloetta|move: Sticky Web\n|-unboost|p1a: Meloetta|spe|1\n|turn|12\n|\n|t:|1660607196\n|move|p1a: Meloetta|Shadow Ball|p2a: Orbeetle\n|-supereffective|p2a: Orbeetle\n|-damage|p2a: Orbeetle|0 fnt\n|faint|p2a: Orbeetle\n|\n|upkeep\n|\n|t:|1660607211\n|switch|p2a: Alakazam|Alakazam, M|100\/100\n|turn|13\n|\n|t:|1660607219\n|switch|p1a: Necrozma|Necrozma|100\/100\n|-activate|p1a: Necrozma|move: Sticky Web\n|-unboost|p1a: Necrozma|spe|1\n|detailschange|p2a: Alakazam|Alakazam-Mega, M\n|-mega|p2a: Alakazam|Alakazam|Alakazite\n|-ability|p2a: Alakazam|Prism Armor|[from] ability: Trace|[of] p1a: Necrozma\n|move|p2a: Alakazam|Nasty Plot|p2a: Alakazam\n|-boost|p2a: Alakazam|spa|2\n|\n|upkeep\n|turn|14\n|\n|t:|1660607225\n|move|p2a: Alakazam|Shadow Ball|p1a: Necrozma\n|-supereffective|p1a: Necrozma\n|-damage|p1a: Necrozma|0 fnt\n|faint|p1a: Necrozma\n|\n|upkeep\n|\n|t:|1660607230\n|switch|p1a: Meloetta|Meloetta|100\/100\n|-activate|p1a: Meloetta|move: Sticky Web\n|-unboost|p1a: Meloetta|spe|1\n|turn|15\n|\n|t:|1660607250\n|move|p2a: Alakazam|Tri Attack|p1a: Meloetta\n|-damage|p1a: Meloetta|44\/100\n|move|p1a: Meloetta|Shadow Ball|p2a: Alakazam\n|-supereffective|p2a: Alakazam\n|-damage|p2a: Alakazam|44\/100\n|\n|upkeep\n|turn|16\n|\n|t:|1660607257\n|move|p2a: Alakazam|Tri Attack|p1a: Meloetta\n|-damage|p1a: Meloetta|0 fnt\n|faint|p1a: Meloetta\n|\n|upkeep\n|c|\u2606SirFresh|I lost this one\n|-message|SirFresh forfeited.\n|\n|win|Willis_Hescock\n","uploadtime":1660607293,"views":6,"p1id":"sirfresh","p2id":"willishescock","formatid":"gen8nationaldexmonotype","rating":0,"private":0,"password":null}