{"id":"gen8randombattle-1611332622","p1":"george malone","p2":"Gianmarina","format":"gen8randombattle","log":"|j|\u2606george malone\n|j|\u2606Gianmarina\n|t:|1657088619\n|gametype|singles\n|player|p1|george malone|101|1421\n|player|p2|Gianmarina|170|1411\n|teamsize|p1|6\n|teamsize|p2|6\n|gen|8\n|tier|[Gen 8] Random Battle\n|rated|\n|rule|Species Clause: Limit one of each Pok\u00e9mon\n|rule|HP Percentage Mod: HP is shown in percentages\n|rule|Sleep Clause Mod: Limit one foe put to sleep\n|\n|t:|1657088619\n|start\n|switch|p1a: Basculin|Basculin-Blue-Striped, L86, M|261\/261\n|switch|p2a: Raichu|Raichu, L86, M|243\/243\n|turn|1\n|inactive|Battle timer is ON: inactive players will automatically lose when time's up. (requested by Gianmarina)\n|\n|t:|1657088629\n|switch|p1a: Chansey|Chansey, L84, F|557\/557\n|move|p2a: Raichu|Nasty Plot|p2a: Raichu\n|-boost|p2a: Raichu|spa|2\n|\n|upkeep\n|turn|2\n|\n|t:|1657088633\n|move|p2a: Raichu|Focus Blast|p1a: Chansey\n|-supereffective|p1a: Chansey\n|-damage|p1a: Chansey|375\/557\n|move|p1a: Chansey|Stealth Rock|p2a: Raichu\n|-sidestart|p2: Gianmarina|move: Stealth Rock\n|\n|upkeep\n|turn|3\n|\n|t:|1657088640\n|move|p2a: Raichu|Thunderbolt|p1a: Chansey\n|-damage|p1a: Chansey|273\/557\n|move|p1a: Chansey|Seismic Toss|p2a: Raichu\n|-damage|p2a: Raichu|159\/243\n|\n|upkeep\n|turn|4\n|\n|t:|1657088643\n|move|p2a: Raichu|Thunderbolt|p1a: Chansey\n|-damage|p1a: Chansey|170\/557\n|move|p1a: Chansey|Soft-Boiled|p1a: Chansey\n|-heal|p1a: Chansey|449\/557\n|\n|upkeep\n|turn|5\n|\n|t:|1657088647\n|move|p2a: Raichu|Thunderbolt|p1a: Chansey\n|-damage|p1a: Chansey|337\/557\n|move|p1a: Chansey|Seismic Toss|p2a: Raichu\n|-damage|p2a: Raichu|75\/243\n|\n|upkeep\n|turn|6\n|\n|t:|1657088649\n|move|p2a: Raichu|Nasty Plot|p2a: Raichu\n|-boost|p2a: Raichu|spa|2\n|move|p1a: Chansey|Soft-Boiled|p1a: Chansey\n|-heal|p1a: Chansey|557\/557\n|\n|upkeep\n|turn|7\n|\n|t:|1657088656\n|move|p2a: Raichu|Thunderbolt|p1a: Chansey\n|-damage|p1a: Chansey|388\/557\n|move|p1a: Chansey|Seismic Toss|p2a: Raichu\n|-damage|p2a: Raichu|0 fnt\n|faint|p2a: Raichu\n|\n|upkeep\n|\n|t:|1657088661\n|switch|p2a: Conkeldurr|Conkeldurr, L80, F|299\/299\n|-damage|p2a: Conkeldurr|281\/299|[from] Stealth Rock\n|turn|8\n|\n|t:|1657088676\n|switch|p1a: Cresselia|Cresselia, L80, F|323\/323\n|move|p2a: Conkeldurr|Knock Off|p1a: Cresselia\n|-supereffective|p1a: Cresselia\n|-damage|p1a: Cresselia|179\/323\n|-enditem|p1a: Cresselia|Leftovers|[from] move: Knock Off|[of] p2a: Conkeldurr\n|\n|-status|p2a: Conkeldurr|brn|[from] item: Flame Orb\n|upkeep\n|turn|9\n|\n|t:|1657088685\n|move|p1a: Cresselia|Moonlight|p1a: Cresselia\n|-heal|p1a: Cresselia|323\/323\n|move|p2a: Conkeldurr|Facade|p1a: Cresselia\n|-damage|p1a: Cresselia|168\/323\n|\n|-damage|p2a: Conkeldurr|263\/299 brn|[from] brn\n|upkeep\n|turn|10\n|\n|t:|1657088690\n|move|p1a: Cresselia|Moonlight|p1a: Cresselia\n|-heal|p1a: Cresselia|323\/323\n|move|p2a: Conkeldurr|Facade|p1a: Cresselia\n|-damage|p1a: Cresselia|168\/323\n|\n|-damage|p2a: Conkeldurr|245\/299 brn|[from] brn\n|upkeep\n|turn|11\n|\n|t:|1657088695\n|move|p1a: Cresselia|Moonlight|p1a: Cresselia\n|-heal|p1a: Cresselia|323\/323\n|move|p2a: Conkeldurr|Facade|p1a: Cresselia\n|-damage|p1a: Cresselia|181\/323\n|\n|-damage|p2a: Conkeldurr|227\/299 brn|[from] brn\n|upkeep\n|turn|12\n|\n|t:|1657088703\n|move|p1a: Cresselia|Psyshock|p2a: Conkeldurr\n|-supereffective|p2a: Conkeldurr\n|-damage|p2a: Conkeldurr|99\/299 brn\n|move|p2a: Conkeldurr|Facade|p1a: Cresselia\n|-damage|p1a: Cresselia|27\/323\n|\n|-damage|p2a: Conkeldurr|81\/299 brn|[from] brn\n|upkeep\n|turn|13\n|\n|t:|1657088706\n|move|p2a: Conkeldurr|Mach Punch|p1a: Cresselia\n|-resisted|p1a: Cresselia\n|-crit|p1a: Cresselia\n|-damage|p1a: Cresselia|0 fnt\n|faint|p1a: Cresselia\n|\n|-damage|p2a: Conkeldurr|63\/299 brn|[from] brn\n|upkeep\n|\n|t:|1657088715\n|switch|p1a: Latios|Latios, L78, M|253\/253\n|turn|14\n|\n|t:|1657088720\n|move|p1a: Latios|Psyshock|p2a: Conkeldurr\n|-supereffective|p2a: Conkeldurr\n|-damage|p2a: Conkeldurr|0 fnt\n|faint|p2a: Conkeldurr\n|\n|upkeep\n|\n|t:|1657088728\n|switch|p2a: Milotic|Milotic, L82, M|290\/290\n|-damage|p2a: Milotic|254\/290|[from] Stealth Rock\n|turn|15\n|\n|t:|1657088735\n|switch|p1a: Chansey|Chansey, L84, F|388\/557\n|move|p2a: Milotic|Toxic|p1a: Chansey|[miss]\n|-miss|p2a: Milotic|p1a: Chansey\n|\n|-heal|p2a: Milotic|272\/290|[from] item: Leftovers\n|upkeep\n|turn|16\n|\n|t:|1657088742\n|move|p2a: Milotic|Toxic|p1a: Chansey\n|-status|p1a: Chansey|tox\n|move|p1a: Chansey|Seismic Toss|p2a: Milotic\n|-damage|p2a: Milotic|188\/290\n|\n|-heal|p2a: Milotic|206\/290|[from] item: Leftovers\n|-damage|p1a: Chansey|354\/557 tox|[from] psn\n|upkeep\n|turn|17\n|\n|t:|1657088745\n|move|p2a: Milotic|Scald|p1a: Chansey\n|-damage|p1a: Chansey|306\/557 tox\n|move|p1a: Chansey|Seismic Toss|p2a: Milotic\n|-damage|p2a: Milotic|122\/290\n|\n|-heal|p2a: Milotic|140\/290|[from] item: Leftovers\n|-damage|p1a: Chansey|238\/557 tox|[from] psn\n|upkeep\n|turn|18\n|\n|t:|1657088747\n|move|p2a: Milotic|Scald|p1a: Chansey\n|-damage|p1a: Chansey|189\/557 tox\n|move|p1a: Chansey|Soft-Boiled|p1a: Chansey\n|-heal|p1a: Chansey|468\/557 tox\n|\n|-heal|p2a: Milotic|158\/290|[from] item: Leftovers\n|-damage|p1a: Chansey|366\/557 tox|[from] psn\n|upkeep\n|turn|19\n|\n|t:|1657088750\n|move|p2a: Milotic|Recover|p2a: Milotic\n|-heal|p2a: Milotic|290\/290\n|move|p1a: Chansey|Seismic Toss|p2a: Milotic\n|-damage|p2a: Milotic|206\/290\n|\n|-heal|p2a: Milotic|224\/290|[from] item: Leftovers\n|-damage|p1a: Chansey|230\/557 tox|[from] psn\n|upkeep\n|turn|20\n|\n|t:|1657088752\n|move|p2a: Milotic|Recover|p2a: Milotic\n|-heal|p2a: Milotic|290\/290\n|move|p1a: Chansey|Heal Bell|p1a: Chansey\n|-activate|p1a: Chansey|move: Heal Bell\n|-curestatus|p1a: Chansey|tox|[msg]\n|\n|upkeep\n|turn|21\n|\n|t:|1657088761\n|move|p2a: Milotic|Scald|p1a: Chansey\n|-damage|p1a: Chansey|181\/557\n|-status|p1a: Chansey|brn\n|move|p1a: Chansey|Soft-Boiled|p1a: Chansey\n|-heal|p1a: Chansey|460\/557 brn\n|\n|-damage|p1a: Chansey|426\/557 brn|[from] brn\n|upkeep\n|turn|22\n|\n|t:|1657088764\n|move|p2a: Milotic|Scald|p1a: Chansey\n|-damage|p1a: Chansey|381\/557 brn\n|move|p1a: Chansey|Seismic Toss|p2a: Milotic\n|-damage|p2a: Milotic|206\/290\n|\n|-heal|p2a: Milotic|224\/290|[from] item: Leftovers\n|-damage|p1a: Chansey|347\/557 brn|[from] brn\n|upkeep\n|turn|23\n|\n|t:|1657088771\n|move|p2a: Milotic|Scald|p1a: Chansey\n|-damage|p1a: Chansey|296\/557 brn\n|move|p1a: Chansey|Seismic Toss|p2a: Milotic\n|-damage|p2a: Milotic|140\/290\n|\n|-heal|p2a: Milotic|158\/290|[from] item: Leftovers\n|-damage|p1a: Chansey|262\/557 brn|[from] brn\n|upkeep\n|turn|24\n|\n|t:|1657088774\n|move|p2a: Milotic|Scald|p1a: Chansey\n|-damage|p1a: Chansey|216\/557 brn\n|move|p1a: Chansey|Seismic Toss|p2a: Milotic\n|-damage|p2a: Milotic|74\/290\n|\n|-heal|p2a: Milotic|92\/290|[from] item: Leftovers\n|-damage|p1a: Chansey|182\/557 brn|[from] brn\n|upkeep\n|turn|25\n|\n|t:|1657088778\n|move|p2a: Milotic|Recover|p2a: Milotic\n|-heal|p2a: Milotic|237\/290\n|move|p1a: Chansey|Seismic Toss|p2a: Milotic\n|-damage|p2a: Milotic|153\/290\n|\n|-heal|p2a: Milotic|171\/290|[from] item: Leftovers\n|-damage|p1a: Chansey|148\/557 brn|[from] brn\n|upkeep\n|turn|26\n|\n|t:|1657088780\n|move|p2a: Milotic|Recover|p2a: Milotic\n|-heal|p2a: Milotic|290\/290\n|move|p1a: Chansey|Soft-Boiled|p1a: Chansey\n|-heal|p1a: Chansey|427\/557 brn\n|\n|-damage|p1a: Chansey|393\/557 brn|[from] brn\n|upkeep\n|turn|27\n|\n|t:|1657088782\n|move|p2a: Milotic|Scald|p1a: Chansey\n|-damage|p1a: Chansey|342\/557 brn\n|move|p1a: Chansey|Seismic Toss|p2a: Milotic\n|-damage|p2a: Milotic|206\/290\n|\n|-heal|p2a: Milotic|224\/290|[from] item: Leftovers\n|-damage|p1a: Chansey|308\/557 brn|[from] brn\n|upkeep\n|turn|28\n|\n|t:|1657088785\n|move|p2a: Milotic|Scald|p1a: Chansey\n|-damage|p1a: Chansey|259\/557 brn\n|move|p1a: Chansey|Seismic Toss|p2a: Milotic\n|-damage|p2a: Milotic|140\/290\n|\n|-heal|p2a: Milotic|158\/290|[from] item: Leftovers\n|-damage|p1a: Chansey|225\/557 brn|[from] brn\n|upkeep\n|turn|29\n|\n|t:|1657088788\n|move|p2a: Milotic|Scald|p1a: Chansey\n|-damage|p1a: Chansey|179\/557 brn\n|move|p1a: Chansey|Seismic Toss|p2a: Milotic\n|-damage|p2a: Milotic|74\/290\n|\n|-heal|p2a: Milotic|92\/290|[from] item: Leftovers\n|-damage|p1a: Chansey|145\/557 brn|[from] brn\n|upkeep\n|turn|30\n|\n|t:|1657088791\n|move|p2a: Milotic|Recover|p2a: Milotic\n|-heal|p2a: Milotic|237\/290\n|move|p1a: Chansey|Seismic Toss|p2a: Milotic\n|-damage|p2a: Milotic|153\/290\n|\n|-heal|p2a: Milotic|171\/290|[from] item: Leftovers\n|-damage|p1a: Chansey|111\/557 brn|[from] brn\n|upkeep\n|turn|31\n|\n|t:|1657088798\n|move|p2a: Milotic|Scald|p1a: Chansey\n|-damage|p1a: Chansey|62\/557 brn\n|move|p1a: Chansey|Soft-Boiled|p1a: Chansey\n|-heal|p1a: Chansey|341\/557 brn\n|\n|-heal|p2a: Milotic|189\/290|[from] item: Leftovers\n|-damage|p1a: Chansey|307\/557 brn|[from] brn\n|upkeep\n|turn|32\n|\n|t:|1657088800\n|move|p2a: Milotic|Recover|p2a: Milotic\n|-heal|p2a: Milotic|290\/290\n|move|p1a: Chansey|Seismic Toss|p2a: Milotic\n|-damage|p2a: Milotic|206\/290\n|\n|-heal|p2a: Milotic|224\/290|[from] item: Leftovers\n|-damage|p1a: Chansey|273\/557 brn|[from] brn\n|upkeep\n|turn|33\n|\n|t:|1657088804\n|move|p2a: Milotic|Scald|p1a: Chansey\n|-damage|p1a: Chansey|221\/557 brn\n|move|p1a: Chansey|Seismic Toss|p2a: Milotic\n|-damage|p2a: Milotic|140\/290\n|\n|-heal|p2a: Milotic|158\/290|[from] item: Leftovers\n|-damage|p1a: Chansey|187\/557 brn|[from] brn\n|upkeep\n|turn|34\n|\n|t:|1657088807\n|move|p2a: Milotic|Scald|p1a: Chansey\n|-damage|p1a: Chansey|138\/557 brn\n|move|p1a: Chansey|Seismic Toss|p2a: Milotic\n|-damage|p2a: Milotic|74\/290\n|\n|-heal|p2a: Milotic|92\/290|[from] item: Leftovers\n|-damage|p1a: Chansey|104\/557 brn|[from] brn\n|upkeep\n|turn|35\n|\n|t:|1657088809\n|move|p2a: Milotic|Scald|p1a: Chansey\n|-damage|p1a: Chansey|58\/557 brn\n|move|p1a: Chansey|Soft-Boiled|p1a: Chansey\n|-heal|p1a: Chansey|337\/557 brn\n|\n|-heal|p2a: Milotic|110\/290|[from] item: Leftovers\n|-damage|p1a: Chansey|303\/557 brn|[from] brn\n|upkeep\n|turn|36\n|\n|t:|1657088812\n|move|p2a: Milotic|Recover|p2a: Milotic\n|-heal|p2a: Milotic|255\/290\n|move|p1a: Chansey|Seismic Toss|p2a: Milotic\n|-damage|p2a: Milotic|171\/290\n|\n|-heal|p2a: Milotic|189\/290|[from] item: Leftovers\n|-damage|p1a: Chansey|269\/557 brn|[from] brn\n|upkeep\n|turn|37\n|\n|t:|1657088817\n|move|p2a: Milotic|Recover|p2a: Milotic\n|-heal|p2a: Milotic|290\/290\n|move|p1a: Chansey|Seismic Toss|p2a: Milotic\n|-damage|p2a: Milotic|206\/290\n|\n|-heal|p2a: Milotic|224\/290|[from] item: Leftovers\n|-damage|p1a: Chansey|235\/557 brn|[from] brn\n|upkeep\n|turn|38\n|\n|t:|1657088819\n|move|p2a: Milotic|Recover|p2a: Milotic\n|-heal|p2a: Milotic|290\/290\n|move|p1a: Chansey|Seismic Toss|p2a: Milotic\n|-damage|p2a: Milotic|206\/290\n|\n|-heal|p2a: Milotic|224\/290|[from] item: Leftovers\n|-damage|p1a: Chansey|201\/557 brn|[from] brn\n|upkeep\n|turn|39\n|\n|t:|1657088823\n|move|p2a: Milotic|Scald|p1a: Chansey\n|-damage|p1a: Chansey|155\/557 brn\n|move|p1a: Chansey|Soft-Boiled|p1a: Chansey\n|-heal|p1a: Chansey|434\/557 brn\n|\n|-heal|p2a: Milotic|242\/290|[from] item: Leftovers\n|-damage|p1a: Chansey|400\/557 brn|[from] brn\n|upkeep\n|turn|40\n|\n|t:|1657088826\n|move|p2a: Milotic|Scald|p1a: Chansey\n|-damage|p1a: Chansey|349\/557 brn\n|move|p1a: Chansey|Stealth Rock||[still]\n|-fail|p1a: Chansey\n|\n|-heal|p2a: Milotic|260\/290|[from] item: Leftovers\n|-damage|p1a: Chansey|315\/557 brn|[from] brn\n|upkeep\n|turn|41\n|\n|t:|1657088830\n|move|p2a: Milotic|Scald|p1a: Chansey\n|-damage|p1a: Chansey|267\/557 brn\n|move|p1a: Chansey|Seismic Toss|p2a: Milotic\n|-damage|p2a: Milotic|176\/290\n|\n|-heal|p2a: Milotic|194\/290|[from] item: Leftovers\n|-damage|p1a: Chansey|233\/557 brn|[from] brn\n|upkeep\n|turn|42\n|\n|t:|1657088833\n|move|p2a: Milotic|Scald|p1a: Chansey\n|-damage|p1a: Chansey|184\/557 brn\n|move|p1a: Chansey|Seismic Toss|p2a: Milotic\n|-damage|p2a: Milotic|110\/290\n|\n|-heal|p2a: Milotic|128\/290|[from] item: Leftovers\n|-damage|p1a: Chansey|150\/557 brn|[from] brn\n|upkeep\n|turn|43\n|\n|t:|1657088836\n|move|p2a: Milotic|Scald|p1a: Chansey\n|-damage|p1a: Chansey|102\/557 brn\n|move|p1a: Chansey|Soft-Boiled|p1a: Chansey\n|-heal|p1a: Chansey|381\/557 brn\n|\n|-heal|p2a: Milotic|146\/290|[from] item: Leftovers\n|-damage|p1a: Chansey|347\/557 brn|[from] brn\n|upkeep\n|turn|44\n|\n|t:|1657088840\n|move|p2a: Milotic|Recover|p2a: Milotic\n|-heal|p2a: Milotic|290\/290\n|move|p1a: Chansey|Seismic Toss|p2a: Milotic\n|-damage|p2a: Milotic|206\/290\n|\n|-heal|p2a: Milotic|224\/290|[from] item: Leftovers\n|-damage|p1a: Chansey|313\/557 brn|[from] brn\n|upkeep\n|turn|45\n|c|\u2606Gianmarina|If u want to do this game we could keep continue for a long time\n|\n|t:|1657088865\n|move|p2a: Milotic|Scald|p1a: Chansey\n|-damage|p1a: Chansey|264\/557 brn\n|move|p1a: Chansey|Seismic Toss|p2a: Milotic\n|-damage|p2a: Milotic|140\/290\n|\n|-heal|p2a: Milotic|158\/290|[from] item: Leftovers\n|-damage|p1a: Chansey|230\/557 brn|[from] brn\n|upkeep\n|turn|46\n|c|\u2606george malone|what ?\n|\n|t:|1657088870\n|move|p2a: Milotic|Scald|p1a: Chansey\n|-damage|p1a: Chansey|181\/557 brn\n|move|p1a: Chansey|Seismic Toss|p2a: Milotic\n|-damage|p2a: Milotic|74\/290\n|\n|-heal|p2a: Milotic|92\/290|[from] item: Leftovers\n|-damage|p1a: Chansey|147\/557 brn|[from] brn\n|upkeep\n|turn|47\n|\n|t:|1657088872\n|move|p2a: Milotic|Recover|p2a: Milotic\n|-heal|p2a: Milotic|237\/290\n|move|p1a: Chansey|Seismic Toss|p2a: Milotic\n|-damage|p2a: Milotic|153\/290\n|\n|-heal|p2a: Milotic|171\/290|[from] item: Leftovers\n|-damage|p1a: Chansey|113\/557 brn|[from] brn\n|upkeep\n|turn|48\n|\n|t:|1657088876\n|move|p2a: Milotic|Recover|p2a: Milotic\n|-heal|p2a: Milotic|290\/290\n|move|p1a: Chansey|Soft-Boiled|p1a: Chansey\n|-heal|p1a: Chansey|392\/557 brn\n|\n|-damage|p1a: Chansey|358\/557 brn|[from] brn\n|upkeep\n|turn|49\n|\n|t:|1657088880\n|move|p2a: Milotic|Scald|p1a: Chansey\n|-damage|p1a: Chansey|309\/557 brn\n|move|p1a: Chansey|Seismic Toss|p2a: Milotic\n|-damage|p2a: Milotic|206\/290\n|\n|-heal|p2a: Milotic|224\/290|[from] item: Leftovers\n|-damage|p1a: Chansey|275\/557 brn|[from] brn\n|upkeep\n|turn|50\n|\n|t:|1657088882\n|move|p2a: Milotic|Scald|p1a: Chansey\n|-damage|p1a: Chansey|229\/557 brn\n|move|p1a: Chansey|Stealth Rock||[still]\n|-fail|p1a: Chansey\n|\n|-heal|p2a: Milotic|242\/290|[from] item: Leftovers\n|-damage|p1a: Chansey|195\/557 brn|[from] brn\n|upkeep\n|turn|51\n|\n|t:|1657088885\n|move|p2a: Milotic|Scald|p1a: Chansey\n|-damage|p1a: Chansey|147\/557 brn\n|move|p1a: Chansey|Soft-Boiled|p1a: Chansey\n|-heal|p1a: Chansey|426\/557 brn\n|\n|-heal|p2a: Milotic|260\/290|[from] item: Leftovers\n|-damage|p1a: Chansey|392\/557 brn|[from] brn\n|upkeep\n|turn|52\n|\n|t:|1657088889\n|move|p2a: Milotic|Scald|p1a: Chansey\n|-damage|p1a: Chansey|343\/557 brn\n|move|p1a: Chansey|Seismic Toss|p2a: Milotic\n|-damage|p2a: Milotic|176\/290\n|\n|-heal|p2a: Milotic|194\/290|[from] item: Leftovers\n|-damage|p1a: Chansey|309\/557 brn|[from] brn\n|upkeep\n|turn|53\n|\n|t:|1657088897\n|move|p2a: Milotic|Recover|p2a: Milotic\n|-heal|p2a: Milotic|290\/290\n|move|p1a: Chansey|Seismic Toss|p2a: Milotic\n|-damage|p2a: Milotic|206\/290\n|\n|-heal|p2a: Milotic|224\/290|[from] item: Leftovers\n|-damage|p1a: Chansey|275\/557 brn|[from] brn\n|upkeep\n|turn|54\n|\n|t:|1657088900\n|move|p2a: Milotic|Haze|p2a: Milotic\n|-clearallboost\n|move|p1a: Chansey|Seismic Toss|p2a: Milotic\n|-damage|p2a: Milotic|140\/290\n|\n|-heal|p2a: Milotic|158\/290|[from] item: Leftovers\n|-damage|p1a: Chansey|241\/557 brn|[from] brn\n|upkeep\n|turn|55\n|\n|t:|1657088916\n|switch|p2a: Heatran|Heatran, L78, M|270\/270\n|-damage|p2a: Heatran|237\/270|[from] Stealth Rock\n|-item|p2a: Heatran|Air Balloon\n|move|p1a: Chansey|Soft-Boiled|p1a: Chansey\n|-heal|p1a: Chansey|520\/557 brn\n|\n|-damage|p1a: Chansey|486\/557 brn|[from] brn\n|upkeep\n|turn|56\n|\n|t:|1657088922\n|-curestatus|p1a: Chansey|brn|[from] ability: Natural Cure\n|switch|p1a: Basculin|Basculin-Blue-Striped, L86, M|261\/261\n|move|p2a: Heatran|Taunt|p1a: Basculin\n|-start|p1a: Basculin|move: Taunt\n|\n|upkeep\n|turn|57\n|\n|t:|1657088929\n|switch|p2a: Milotic|Milotic, L82, M|158\/290\n|-damage|p2a: Milotic|122\/290|[from] Stealth Rock\n|move|p1a: Basculin|Flip Turn|p2a: Milotic\n|-resisted|p2a: Milotic\n|-damage|p2a: Milotic|53\/290\n|c|\u2606george malone|yea i want to continuye for long time thanks\n|c|\u2606george malone|cos i will win\n|c|\u2606george malone|:-)\n|\n|t:|1657088940\n|switch|p1a: Latios|Latios, L78, M|253\/253\n|\n|-heal|p2a: Milotic|71\/290|[from] item: Leftovers\n|upkeep\n|turn|58\n|c|\u2606Gianmarina|Yes man. Surely LOL\n|\n|t:|1657088954\n|move|p1a: Latios|Psyshock|p2a: Milotic\n|-damage|p2a: Milotic|0 fnt\n|faint|p2a: Milotic\n|\n|upkeep\n|c|\u2606george malone|LOL haah LOL Surely LOOOOL\n|\n|t:|1657088962\n|switch|p2a: Heatran|Heatran, L78, M|237\/270\n|-damage|p2a: Heatran|204\/270|[from] Stealth Rock\n|-item|p2a: Heatran|Air Balloon\n|turn|59\n|c|\u2606george malone|are u disabled?\n|\n|t:|1657088965\n|switch|p1a: Basculin|Basculin-Blue-Striped, L86, M|261\/261\n|move|p2a: Heatran|Lava Plume|p1a: Basculin\n|-resisted|p1a: Basculin\n|-damage|p1a: Basculin|198\/261\n|\n|upkeep\n|turn|60\n|c|\u2606Gianmarina|And u are reported too\n|\n|t:|1657088986\n|switch|p2a: Tornadus|Tornadus, L80, M|258\/258\n|move|p1a: Basculin|Flip Turn|p2a: Tornadus\n|-damage|p2a: Tornadus|102\/258\n|c|\u2606george malone|?\n|\n|t:|1657088995\n|switch|p1a: Persian|Persian-Alola, L82, F|241\/241\n|\n|upkeep\n|turn|61\n|l|\u2606Gianmarina\n|inactive|Gianmarina disconnected and has a minute to reconnect!\n|player|p2|\n|inactive|Gianmarina has 30 seconds to reconnect!\n|c|\u2606george malone|to ez thanks for making it quick :)\n|inactive|Gianmarina has 20 seconds to reconnect!\n|j|\u2606Gianmarina\n|inactive|Gianmarina reconnected and has 105 seconds left.\n|player|p2|Gianmarina|170\n|inactive|Gianmarina has 90 seconds left.\n|c|\u2606Gianmarina|I was reporting u just a minute\n|c|\u2606george malone|thats ok\n|inactive|Gianmarina has 60 seconds left.\n|c|\u2606george malone|reporting me for not sure what\n|c|\u2606george malone|but go ahead\n|c|\u2606george malone|reporting me for beating you?\n|c|\u2606george malone|lmao silly italian\n|inactive|Gianmarina has 30 seconds left.\n|c|\u2606Gianmarina|Hope will ban u by this chat\n|inactive|Gianmarina has 20 seconds left.\n|inactive|Gianmarina has 15 seconds left.\n|inactive|Gianmarina has 10 seconds left.\n|inactive|Gianmarina has 5 seconds left.\n|c|\u2606george malone|si senor\n|c|\u2606george malone|ez game\n|-message|Gianmarina lost due to inactivity.\n|\n|win|george malone\n|raw|george malone's rating: 1421 &rarr; <strong>1438<\/strong><br \/>(+17 for winning)\n|raw|Gianmarina's rating: 1372 &rarr; <strong>1355<\/strong><br \/>(-17 for losing)\n|n|\u203dgeorge malone|georgemalone\n","inputlog":">version 11c68141c380f61e2da7046fb748694845aecef0\n>start {\"formatid\":\"gen8randombattle\",\"seed\":[21696,31106,51240,20170],\"rated\":\"Rated battle\"}\n>player p1 {\"name\":\"george malone\",\"avatar\":\"101\",\"rating\":1421,\"seed\":[10724,3929,26838,50235]}\n>player p2 {\"name\":\"Gianmarina\",\"avatar\":\"170\",\"rating\":1411,\"seed\":[32625,41089,19319,52421]}\n>p1 switch 5\n>p2 move nastyplot\n>p1 move stealthrock\n>p2 move focusblast\n>p1 move seismictoss\n>p2 move thunderbolt\n>p1 move softboiled\n>p2 move thunderbolt\n>p1 move seismictoss\n>p2 move thunderbolt\n>p1 move softboiled\n>p2 move nastyplot\n>p1 move seismictoss\n>p2 move thunderbolt\n>p2 switch 6\n>p1 switch 6\n>p2 move knockoff\n>p1 move moonlight\n>p2 move facade\n>p1 move moonlight\n>p2 move facade\n>p1 move moonlight\n>p2 move facade\n>p1 move psyshock\n>p2 move facade\n>p1 move psyshock\n>p2 move machpunch\n>p1 switch 2\n>p1 move psyshock\n>p2 move knockoff\n>p2 switch 4\n>p1 switch 6\n>p2 move toxic\n>p1 move seismictoss\n>p2 move toxic\n>p1 move seismictoss\n>p2 move scald\n>p1 move softboiled\n>p2 move scald\n>p1 move seismictoss\n>p2 move recover\n>p1 move healbell\n>p2 move recover\n>p1 move softboiled\n>p2 move scald\n>p1 move seismictoss\n>p2 move scald\n>p1 move seismictoss\n>p2 move scald\n>p1 move seismictoss\n>p2 move scald\n>p1 move seismictoss\n>p2 move recover\n>p1 move softboiled\n>p2 move recover\n>p1 move seismictoss\n>p2 move scald\n>p1 move seismictoss\n>p2 move scald\n>p1 move seismictoss\n>p2 move scald\n>p1 move seismictoss\n>p2 move recover\n>p1 move softboiled\n>p2 move scald\n>p1 move seismictoss\n>p2 move recover\n>p1 move seismictoss\n>p2 move scald\n>p1 move seismictoss\n>p2 move scald\n>p1 move softboiled\n>p2 move scald\n>p1 move seismictoss\n>p2 move recover\n>p1 move seismictoss\n>p2 move recover\n>p1 move seismictoss\n>p2 move recover\n>p1 move softboiled\n>p2 move scald\n>p1 move stealthrock\n>p2 move scald\n>p1 move seismictoss\n>p2 move scald\n>p1 move seismictoss\n>p2 move scald\n>p1 move softboiled\n>p2 move scald\n>p1 move seismictoss\n>p2 move recover\n>chat \u2606Gianmarina|If u want to do this game we could keep continue for a long time\n>p1 move seismictoss\n>p2 move scald\n>chat \u2606george malone|what ?\n>p1 move seismictoss\n>p2 move scald\n>p1 move seismictoss\n>p2 move recover\n>p1 move softboiled\n>p2 move recover\n>p1 move seismictoss\n>p2 move scald\n>p1 move stealthrock\n>p2 move scald\n>p1 move softboiled\n>p2 move scald\n>p1 move seismictoss\n>p2 move scald\n>p1 move seismictoss\n>p2 move recover\n>p1 move seismictoss\n>p2 move haze\n>p1 move softboiled\n>p2 switch 3\n>p1 switch 5\n>p2 move taunt\n>p1 move flipturn\n>p2 switch 3\n>chat \u2606george malone|yea i want to continuye for long time thanks\n>chat \u2606george malone|cos i will win \n>chat \u2606george malone|:-)\n>p1 switch 6\n>chat \u2606Gianmarina|Yes man. Surely LOL\n>p1 move psyshock\n>p2 move toxic\n>chat \u2606george malone|LOL haah LOL Surely LOOOOL\n>p2 switch 3\n>chat \u2606george malone|are u disabled?\n>p1 switch 6\n>p2 move lavaplume\n>chat \u2606Gianmarina|And u are reported too\n>p1 move flipturn\n>p2 switch 5\n>chat \u2606george malone|?\n>p1 switch 3\n>chat \u2606george malone|to ez thanks for making it quick :)\n>chat \u2606Gianmarina|I was reporting u just a minute \n>chat \u2606george malone|thats ok\n>chat \u2606george malone|reporting me for not sure what \n>chat \u2606george malone|but go ahead\n>chat \u2606george malone|reporting me for beating you?\n>chat \u2606george malone|lmao silly italian\n>chat \u2606Gianmarina|Hope will ban u by this chat\n>chat \u2606george malone|si senor\n>chat \u2606george malone|ez game\n>forcelose p2","uploadtime":1657089099,"views":8,"p1id":"georgemalone","p2id":"gianmarina","formatid":"gen8randombattle","rating":1355,"private":0,"password":null}