{"id":"gen8bdspou-1489710808","p1":"comp233","p2":"eyeeeeee","format":"gen8bdspou","log":"|html|<div class=\"broadcast-blue\"><strong>[Gen 8 BDSP] OU is currently suspecting Manaphy! For information on how to participate check out the <a href=\"https:\/\/www.smogon.com\/forums\/threads\/np-bdsp-ou-suspect-process-round-2-afterglow.3696052\/\">suspect thread<\/a>.<\/strong><\/div>\n|j|\u2606comp233\n|j|\u2606eyeeeeee\n|t:|1641938892\n|gametype|singles\n|player|p1|comp233|rosa|1562\n|player|p2|eyeeeeee|102|1533\n|teamsize|p1|6\n|teamsize|p2|6\n|gen|8\n|tier|[Gen 8 BDSP] OU\n|rated|\n|rule|Sleep Clause Mod: Limit one foe put to sleep\n|rule|Species Clause: Limit one of each Pok\u00e9mon\n|rule|OHKO Clause: OHKO moves are banned\n|rule|Evasion Moves Clause: Evasion moves are banned\n|rule|Endless Battle Clause: Forcing endless battles is banned\n|rule|HP Percentage Mod: HP is shown in percentages\n|clearpoke\n|poke|p1|Staraptor, M|\n|poke|p1|Mamoswine, F|\n|poke|p1|Lucario, M|\n|poke|p1|Scizor, M|\n|poke|p1|Infernape, M|\n|poke|p1|Weavile, M|\n|poke|p2|Dragonite, M|\n|poke|p2|Blissey, F|\n|poke|p2|Clefable, F|\n|poke|p2|Tangrowth, M|\n|poke|p2|Skarmory, F|\n|poke|p2|Garchomp, M|\n|teampreview\n|inactive|Battle timer is ON: inactive players will automatically lose when time's up. (requested by eyeeeeee)\n|\n|t:|1641938950\n|start\n|switch|p1a: Mamoswine|Mamoswine, F, shiny|100\/100\n|switch|p2a: Clefable|Clefable, F|100\/100\n|turn|1\n|\n|t:|1641938972\n|move|p1a: Mamoswine|Icicle Crash|p2a: Clefable\n|-damage|p2a: Clefable|56\/100\n|-damage|p1a: Mamoswine|91\/100|[from] item: Life Orb\n|move|p2a: Clefable|Cosmic Power|p2a: Clefable\n|-boost|p2a: Clefable|def|1\n|-boost|p2a: Clefable|spd|1\n|\n|-heal|p2a: Clefable|62\/100|[from] item: Leftovers\n|upkeep\n|turn|2\n|inactive|comp233 has 120 seconds left.\n|\n|t:|1641939013\n|move|p1a: Mamoswine|Icicle Crash|p2a: Clefable\n|-damage|p2a: Clefable|32\/100\n|-damage|p1a: Mamoswine|81\/100|[from] item: Life Orb\n|move|p2a: Clefable|Moonlight|p2a: Clefable\n|-heal|p2a: Clefable|82\/100\n|\n|-heal|p2a: Clefable|88\/100|[from] item: Leftovers\n|upkeep\n|turn|3\n|\n|t:|1641939029\n|move|p1a: Mamoswine|Icicle Crash|p2a: Clefable\n|-damage|p2a: Clefable|54\/100\n|-damage|p1a: Mamoswine|71\/100|[from] item: Life Orb\n|move|p2a: Clefable|Cosmic Power|p2a: Clefable\n|-boost|p2a: Clefable|def|1\n|-boost|p2a: Clefable|spd|1\n|\n|-heal|p2a: Clefable|60\/100|[from] item: Leftovers\n|upkeep\n|turn|4\n|\n|t:|1641939034\n|switch|p1a: Staraptor|Staraptor, M|100\/100\n|move|p2a: Clefable|Moonlight|p2a: Clefable\n|-heal|p2a: Clefable|100\/100\n|\n|upkeep\n|turn|5\n|\n|t:|1641939038\n|move|p1a: Staraptor|Brave Bird|p2a: Clefable\n|-damage|p2a: Clefable|59\/100\n|-damage|p1a: Staraptor|83\/100|[from] Recoil\n|move|p2a: Clefable|Stored Power|p1a: Staraptor\n|-damage|p1a: Staraptor|45\/100\n|\n|-heal|p2a: Clefable|65\/100|[from] item: Leftovers\n|upkeep\n|turn|6\n|\n|t:|1641939041\n|move|p1a: Staraptor|Brave Bird|p2a: Clefable\n|-damage|p2a: Clefable|24\/100\n|-damage|p1a: Staraptor|27\/100|[from] Recoil\n|move|p2a: Clefable|Moonlight|p2a: Clefable\n|-heal|p2a: Clefable|74\/100\n|\n|-heal|p2a: Clefable|80\/100|[from] item: Leftovers\n|upkeep\n|turn|7\n|\n|t:|1641939044\n|move|p1a: Staraptor|Brave Bird|p2a: Clefable\n|-damage|p2a: Clefable|36\/100\n|-damage|p1a: Staraptor|9\/100|[from] Recoil\n|move|p2a: Clefable|Moonlight|p2a: Clefable\n|-heal|p2a: Clefable|86\/100\n|\n|-heal|p2a: Clefable|92\/100|[from] item: Leftovers\n|upkeep\n|turn|8\n|\n|t:|1641939048\n|move|p1a: Staraptor|Brave Bird|p2a: Clefable\n|-damage|p2a: Clefable|52\/100\n|-damage|p1a: Staraptor|0 fnt|[from] Recoil\n|faint|p1a: Staraptor\n|move|p2a: Clefable|Moonlight|p2a: Clefable\n|-heal|p2a: Clefable|100\/100\n|\n|upkeep\n|\n|t:|1641939050\n|switch|p1a: Lucario|Lucario, M|100\/100\n|turn|9\n|\n|t:|1641939055\n|move|p1a: Lucario|Meteor Mash|p2a: Clefable\n|-supereffective|p2a: Clefable\n|-damage|p2a: Clefable|56\/100\n|-boost|p1a: Lucario|atk|1\n|-damage|p1a: Lucario|91\/100|[from] item: Life Orb\n|move|p2a: Clefable|Cosmic Power|p2a: Clefable\n|-boost|p2a: Clefable|def|1\n|-boost|p2a: Clefable|spd|1\n|\n|-heal|p2a: Clefable|62\/100|[from] item: Leftovers\n|upkeep\n|turn|10\n|\n|t:|1641939059\n|move|p1a: Lucario|Swords Dance|p1a: Lucario\n|-boost|p1a: Lucario|atk|2\n|move|p2a: Clefable|Moonlight|p2a: Clefable\n|-heal|p2a: Clefable|100\/100\n|\n|upkeep\n|turn|11\n|\n|t:|1641939062\n|move|p1a: Lucario|Meteor Mash|p2a: Clefable|[miss]\n|-miss|p1a: Lucario|p2a: Clefable\n|move|p2a: Clefable|Calm Mind|p2a: Clefable\n|-boost|p2a: Clefable|spa|1\n|-boost|p2a: Clefable|spd|1\n|\n|upkeep\n|turn|12\n|\n|t:|1641939065\n|move|p1a: Lucario|Meteor Mash|p2a: Clefable\n|-supereffective|p2a: Clefable\n|-damage|p2a: Clefable|67\/100\n|-damage|p1a: Lucario|81\/100|[from] item: Life Orb\n|move|p2a: Clefable|Stored Power|p1a: Lucario\n|-damage|p1a: Lucario|0 fnt\n|faint|p1a: Lucario\n|\n|-heal|p2a: Clefable|73\/100|[from] item: Leftovers\n|upkeep\n|\n|t:|1641939089\n|switch|p1a: Mamoswine|Mamoswine, F, shiny|71\/100\n|turn|13\n|\n|t:|1641939096\n|move|p1a: Mamoswine|Icicle Crash|p2a: Clefable|[miss]\n|-miss|p1a: Mamoswine|p2a: Clefable\n|move|p2a: Clefable|Stored Power|p1a: Mamoswine\n|-damage|p1a: Mamoswine|0 fnt\n|faint|p1a: Mamoswine\n|\n|-heal|p2a: Clefable|79\/100|[from] item: Leftovers\n|upkeep\n|\n|t:|1641939100\n|switch|p1a: Weavile|Weavile, M|100\/100\n|-ability|p1a: Weavile|Pressure\n|turn|14\n|\n|t:|1641939102\n|move|p1a: Weavile|Icicle Crash|p2a: Clefable\n|-damage|p2a: Clefable|66\/100\n|move|p2a: Clefable|Moonlight|p2a: Clefable\n|-heal|p2a: Clefable|100\/100\n|\n|upkeep\n|turn|15\n|\n|t:|1641939106\n|switch|p2a: Skarmory|Skarmory, F|100\/100\n|move|p1a: Weavile|Icicle Crash|p2a: Skarmory\n|-damage|p2a: Skarmory|74\/100\n|\n|upkeep\n|turn|16\n|j| D Clams Casino\n|inactive|comp233 has 120 seconds left.\n|\n|t:|1641939137\n|switch|p1a: Infernape|Infernape, M|100\/100\n|move|p2a: Skarmory|Roost|p2a: Skarmory\n|-heal|p2a: Skarmory|100\/100\n|-singleturn|p2a: Skarmory|move: Roost\n|\n|upkeep\n|turn|17\n|\n|t:|1641939146\n|switch|p2a: Garchomp|Garchomp, M|100\/100\n|move|p1a: Infernape|Stealth Rock|p2a: Garchomp\n|-sidestart|p2: eyeeeeee|move: Stealth Rock\n|\n|upkeep\n|turn|18\n|\n|t:|1641939151\n|switch|p1a: Scizor|Scizor, M|100\/100\n|move|p2a: Garchomp|Earthquake|p1a: Scizor\n|-damage|p1a: Scizor|54\/100\n|\n|-heal|p1a: Scizor|60\/100|[from] item: Leftovers\n|upkeep\n|turn|19\n|\n|t:|1641939154\n|move|p2a: Garchomp|Fire Blast|p1a: Scizor\n|-supereffective|p1a: Scizor\n|-damage|p1a: Scizor|0 fnt\n|faint|p1a: Scizor\n|\n|upkeep\n|\n|t:|1641939156\n|switch|p1a: Weavile|Weavile, M|100\/100\n|-ability|p1a: Weavile|Pressure\n|turn|20\n|\n|t:|1641939161\n|switch|p2a: Skarmory|Skarmory, F|100\/100\n|-damage|p2a: Skarmory|88\/100|[from] Stealth Rock\n|move|p1a: Weavile|Icicle Crash|p2a: Skarmory\n|-damage|p2a: Skarmory|62\/100\n|\n|upkeep\n|turn|21\n|\n|t:|1641939167\n|move|p1a: Weavile|Icicle Crash|p2a: Skarmory\n|-damage|p2a: Skarmory|36\/100\n|move|p2a: Skarmory|Roost|p2a: Skarmory\n|-heal|p2a: Skarmory|86\/100\n|-singleturn|p2a: Skarmory|move: Roost\n|\n|upkeep\n|turn|22\n|\n|t:|1641939174\n|switch|p1a: Infernape|Infernape, M|100\/100\n|move|p2a: Skarmory|Spikes|p1a: Infernape\n|-sidestart|p1: comp233|Spikes\n|\n|upkeep\n|turn|23\n|\n|t:|1641939180\n|switch|p2a: Garchomp|Garchomp, M|100\/100\n|-damage|p2a: Garchomp|94\/100|[from] Stealth Rock\n|move|p1a: Infernape|Close Combat|p2a: Garchomp\n|-damage|p2a: Garchomp|56\/100\n|-unboost|p1a: Infernape|def|1\n|-unboost|p1a: Infernape|spd|1\n|-damage|p1a: Infernape|88\/100|[from] ability: Rough Skin|[of] p2a: Garchomp\n|\n|-heal|p2a: Garchomp|62\/100|[from] item: Leftovers\n|upkeep\n|turn|24\n|\n|t:|1641939182\n|move|p1a: Infernape|Close Combat|p2a: Garchomp\n|-damage|p2a: Garchomp|29\/100\n|-unboost|p1a: Infernape|def|1\n|-unboost|p1a: Infernape|spd|1\n|-damage|p1a: Infernape|76\/100|[from] ability: Rough Skin|[of] p2a: Garchomp\n|move|p2a: Garchomp|Earthquake|p1a: Infernape\n|-supereffective|p1a: Infernape\n|-damage|p1a: Infernape|0 fnt\n|faint|p1a: Infernape\n|\n|-heal|p2a: Garchomp|35\/100|[from] item: Leftovers\n|upkeep\n|\n|t:|1641939184\n|switch|p1a: Weavile|Weavile, M|100\/100\n|-damage|p1a: Weavile|88\/100|[from] Spikes\n|-ability|p1a: Weavile|Pressure\n|turn|25\n|\n|t:|1641939186\n|move|p1a: Weavile|Icicle Crash|p2a: Garchomp\n|-supereffective|p2a: Garchomp\n|-damage|p2a: Garchomp|0 fnt\n|faint|p2a: Garchomp\n|\n|upkeep\n|\n|t:|1641939193\n|switch|p2a: Skarmory|Skarmory, F|86\/100\n|-damage|p2a: Skarmory|74\/100|[from] Stealth Rock\n|turn|26\n|\n|t:|1641939195\n|move|p1a: Weavile|Icicle Crash|p2a: Skarmory|[miss]\n|-miss|p1a: Weavile|p2a: Skarmory\n|move|p2a: Skarmory|Roost|p2a: Skarmory\n|-heal|p2a: Skarmory|100\/100\n|-singleturn|p2a: Skarmory|move: Roost\n|\n|upkeep\n|turn|27\n|\n|t:|1641939202\n|move|p1a: Weavile|Icicle Crash|p2a: Skarmory\n|-damage|p2a: Skarmory|75\/100\n|move|p2a: Skarmory|Defog|p1a: Weavile\n|-unboost|p1a: Weavile|evasion|1\n|-sideend|p1: comp233|Spikes|[from] move: Defog|[of] p2a: Skarmory\n|-sideend|p2: eyeeeeee|Stealth Rock|[from] move: Defog|[of] p2a: Skarmory\n|\n|upkeep\n|turn|28\n|\n|t:|1641939204\n|move|p1a: Weavile|Icicle Crash|p2a: Skarmory\n|-damage|p2a: Skarmory|51\/100\n|move|p2a: Skarmory|Roost|p2a: Skarmory\n|-heal|p2a: Skarmory|100\/100\n|-singleturn|p2a: Skarmory|move: Roost\n|\n|upkeep\n|turn|29\n|\n|t:|1641939206\n|move|p1a: Weavile|Icicle Crash|p2a: Skarmory\n|-damage|p2a: Skarmory|75\/100\n|move|p2a: Skarmory|Roost|p2a: Skarmory\n|-heal|p2a: Skarmory|100\/100\n|-singleturn|p2a: Skarmory|move: Roost\n|\n|upkeep\n|turn|30\n|\n|t:|1641939211\n|move|p1a: Weavile|Icicle Crash|p2a: Skarmory\n|-damage|p2a: Skarmory|77\/100\n|move|p2a: Skarmory|Roost|p2a: Skarmory\n|-heal|p2a: Skarmory|100\/100\n|-singleturn|p2a: Skarmory|move: Roost\n|\n|upkeep\n|turn|31\n|\n|t:|1641939213\n|move|p1a: Weavile|Icicle Crash|p2a: Skarmory\n|-damage|p2a: Skarmory|75\/100\n|move|p2a: Skarmory|Roost|p2a: Skarmory\n|-heal|p2a: Skarmory|100\/100\n|-singleturn|p2a: Skarmory|move: Roost\n|\n|upkeep\n|turn|32\n|\n|t:|1641939215\n|move|p1a: Weavile|Icicle Crash|p2a: Skarmory\n|-damage|p2a: Skarmory|75\/100\n|cant|p2a: Skarmory|flinch\n|\n|upkeep\n|turn|33\n|\n|t:|1641939216\n|move|p1a: Weavile|Icicle Crash|p2a: Skarmory\n|-damage|p2a: Skarmory|52\/100\n|move|p2a: Skarmory|Roost|p2a: Skarmory\n|-heal|p2a: Skarmory|100\/100\n|-singleturn|p2a: Skarmory|move: Roost\n|\n|upkeep\n|turn|34\n|\n|t:|1641939218\n|move|p1a: Weavile|Icicle Crash|p2a: Skarmory\n|-damage|p2a: Skarmory|74\/100\n|move|p2a: Skarmory|Roost|p2a: Skarmory\n|-heal|p2a: Skarmory|100\/100\n|-singleturn|p2a: Skarmory|move: Roost\n|\n|upkeep\n|turn|35\n|\n|t:|1641939220\n|move|p1a: Weavile|Icicle Crash|p2a: Skarmory\n|-damage|p2a: Skarmory|75\/100\n|cant|p2a: Skarmory|flinch\n|\n|upkeep\n|turn|36\n|\n|t:|1641939222\n|move|p1a: Weavile|Icicle Crash|p2a: Skarmory\n|-damage|p2a: Skarmory|49\/100\n|cant|p2a: Skarmory|flinch\n|\n|upkeep\n|turn|37\n|\n|t:|1641939225\n|move|p1a: Weavile|Throat Chop|p2a: Skarmory\n|-damage|p2a: Skarmory|24\/100\n|-start|p2a: Skarmory|Throat Chop|[silent]\n|move|p2a: Skarmory|Roost|p2a: Skarmory\n|-heal|p2a: Skarmory|74\/100\n|-singleturn|p2a: Skarmory|move: Roost\n|\n|upkeep\n|turn|38\n|\n|t:|1641939228\n|move|p1a: Weavile|Throat Chop|p2a: Skarmory\n|-damage|p2a: Skarmory|52\/100\n|move|p2a: Skarmory|Spikes|p1a: Weavile\n|-sidestart|p1: comp233|Spikes\n|\n|-end|p2a: Skarmory|Throat Chop|[silent]\n|upkeep\n|turn|39\n|\n|t:|1641939230\n|move|p1a: Weavile|Throat Chop|p2a: Skarmory\n|-damage|p2a: Skarmory|29\/100\n|-start|p2a: Skarmory|Throat Chop|[silent]\n|move|p2a: Skarmory|Roost|p2a: Skarmory\n|-heal|p2a: Skarmory|79\/100\n|-singleturn|p2a: Skarmory|move: Roost\n|\n|upkeep\n|turn|40\n|\n|t:|1641939232\n|move|p1a: Weavile|Throat Chop|p2a: Skarmory\n|-damage|p2a: Skarmory|55\/100\n|move|p2a: Skarmory|Roost|p2a: Skarmory\n|-heal|p2a: Skarmory|100\/100\n|-singleturn|p2a: Skarmory|move: Roost\n|\n|-end|p2a: Skarmory|Throat Chop|[silent]\n|upkeep\n|turn|41\n|\n|t:|1641939236\n|switch|p2a: Tangrowth|Tangrowth, M|100\/100\n|move|p1a: Weavile|Throat Chop|p2a: Tangrowth\n|-damage|p2a: Tangrowth|81\/100\n|-start|p2a: Tangrowth|Throat Chop|[silent]\n|\n|-heal|p2a: Tangrowth|87\/100|[from] item: Leftovers\n|upkeep\n|turn|42\n|\n|t:|1641939238\n|move|p1a: Weavile|Throat Chop|p2a: Tangrowth\n|-damage|p2a: Tangrowth|66\/100\n|move|p2a: Tangrowth|Focus Blast|p1a: Weavile|[miss]\n|-miss|p2a: Tangrowth|p1a: Weavile\n|\n|-heal|p2a: Tangrowth|72\/100|[from] item: Leftovers\n|-end|p2a: Tangrowth|Throat Chop|[silent]\n|upkeep\n|turn|43\n|\n|t:|1641939241\n|move|p1a: Weavile|Throat Chop|p2a: Tangrowth\n|-damage|p2a: Tangrowth|50\/100\n|-start|p2a: Tangrowth|Throat Chop|[silent]\n|move|p2a: Tangrowth|Focus Blast|p1a: Weavile\n|-supereffective|p1a: Weavile\n|-damage|p1a: Weavile|0 fnt\n|faint|p1a: Weavile\n|\n|win|eyeeeeee\n|raw|comp233's rating: 1562 &rarr; <strong>1540<\/strong><br \/>(-22 for losing)\n|raw|eyeeeeee's rating: 1533 &rarr; <strong>1555<\/strong><br \/>(+22 for winning)\n|l|\u2606comp233\n|l|\u2606eyeeeeee\n","uploadtime":1641939263,"views":9,"p1id":"comp233","p2id":"eyeeeeee","formatid":"gen8bdspou","rating":1540,"private":0,"password":null}