{"id":"gen8ou-1639262258","p1":"andrewm0n","p2":"EL BAMZUKA","format":"gen8ou","log":"|j|\u2606andrewm0n\n|j|\u2606EL BAMZUKA\n|t:|1660451337\n|gametype|singles\n|player|p1|andrewm0n|102|1694\n|player|p2|EL BAMZUKA|ethan-masters|1685\n|teamsize|p1|6\n|teamsize|p2|6\n|gen|8\n|tier|[Gen 8] OU\n|rated|\n|rule|Sleep Clause Mod: Limit one foe put to sleep\n|rule|Species Clause: Limit one of each Pok\u00e9mon\n|rule|OHKO Clause: OHKO moves are banned\n|rule|Evasion Items Clause: Evasion items are banned\n|rule|Evasion Moves Clause: Evasion moves are banned\n|rule|Endless Battle Clause: Forcing endless battles is banned\n|rule|HP Percentage Mod: HP is shown in percentages\n|rule|Dynamax Clause: You cannot dynamax\n|clearpoke\n|poke|p1|Clefable, F|\n|poke|p1|Blaziken, M|\n|poke|p1|Seismitoad, M|\n|poke|p1|Corviknight, M|\n|poke|p1|Slowbro-Galar, M|\n|poke|p1|Azumarill, M|\n|poke|p2|Tyranitar, F|\n|poke|p2|Clefable, F|\n|poke|p2|Excadrill, F|\n|poke|p2|Tangrowth, F|\n|poke|p2|Slowking-Galar, M|\n|poke|p2|Rotom-Wash|\n|teampreview\n|inactive|Battle timer is ON: inactive players will automatically lose when time's up. (requested by EL BAMZUKA)\n|\n|t:|1660451358\n|start\n|switch|p1a: Slowbro|Slowbro-Galar, M|100\/100\n|switch|p2a: Slowking|Slowking-Galar, M|100\/100\n|turn|1\n|\n|t:|1660451366\n|move|p2a: Slowking|Nasty Plot|p2a: Slowking\n|-boost|p2a: Slowking|spa|2\n|move|p1a: Slowbro|Future Sight|p2a: Slowking\n|-start|p1a: Slowbro|move: Future Sight\n|\n|upkeep\n|turn|2\n|\n|t:|1660451376\n|move|p2a: Slowking|Psychic|p1a: Slowbro\n|-damage|p1a: Slowbro|50\/100\n|move|p1a: Slowbro|Shell Side Arm|p2a: Slowking|[anim] Shell Side Arm Physical\n|-resisted|p2a: Slowking\n|-damage|p2a: Slowking|86\/100\n|-hint|Physical Shell Side Arm\n|\n|-heal|p2a: Slowking|92\/100|[from] item: Black Sludge\n|upkeep\n|turn|3\n|\n|t:|1660451388\n|switch|p1a: Corviknight|Corviknight, M|100\/100\n|-ability|p1a: Corviknight|Pressure\n|move|p2a: Slowking|Psychic|p1a: Corviknight\n|-resisted|p1a: Corviknight\n|-damage|p1a: Corviknight|70\/100\n|\n|-end|p2a: Slowking|move: Future Sight\n|-damage|p2a: Slowking|60\/100\n|-heal|p2a: Slowking|66\/100|[from] item: Black Sludge\n|upkeep\n|turn|4\n|\n|t:|1660451402\n|move|p1a: Corviknight|U-turn|p2a: Slowking\n|-damage|p2a: Slowking|56\/100\n|\n|t:|1660451404\n|switch|p1a: Seismitoad|Seismitoad, M|100\/100|[from]move: U-turn\n|move|p2a: Slowking|Psychic|p1a: Seismitoad\n|-damage|p1a: Seismitoad|44\/100\n|\n|-heal|p1a: Seismitoad|50\/100|[from] item: Leftovers\n|-heal|p2a: Slowking|62\/100|[from] item: Black Sludge\n|upkeep\n|turn|5\n|\n|t:|1660451411\n|switch|p2a: Clefable|Clefable, F|100\/100\n|move|p1a: Seismitoad|Knock Off|p2a: Clefable\n|-resisted|p2a: Clefable\n|-damage|p2a: Clefable|93\/100\n|-damage|p1a: Seismitoad|34\/100|[from] item: Rocky Helmet|[of] p2a: Clefable\n|-enditem|p2a: Clefable|Rocky Helmet|[from] move: Knock Off|[of] p1a: Seismitoad\n|\n|-heal|p1a: Seismitoad|40\/100|[from] item: Leftovers\n|upkeep\n|turn|6\n|\n|t:|1660451415\n|switch|p1a: Slowbro|Slowbro-Galar, M|83\/100\n|move|p2a: Clefable|Stealth Rock|p1a: Slowbro\n|-sidestart|p1: andrewm0n|move: Stealth Rock\n|\n|upkeep\n|turn|7\n|\n|t:|1660451421\n|switch|p2a: Slowking|Slowking-Galar, M|95\/100\n|move|p1a: Slowbro|Future Sight|p2a: Slowking\n|-start|p1a: Slowbro|move: Future Sight\n|\n|-heal|p2a: Slowking|100\/100|[from] item: Black Sludge\n|upkeep\n|turn|8\n|\n|t:|1660451426\n|switch|p1a: Seismitoad|Seismitoad, M|40\/100\n|-damage|p1a: Seismitoad|34\/100|[from] Stealth Rock\n|move|p2a: Slowking|Nasty Plot|p2a: Slowking\n|-boost|p2a: Slowking|spa|2\n|\n|-heal|p1a: Seismitoad|40\/100|[from] item: Leftovers\n|upkeep\n|turn|9\n|\n|t:|1660451431\n|move|p1a: Seismitoad|Knock Off|p2a: Slowking\n|-supereffective|p2a: Slowking\n|-damage|p2a: Slowking|71\/100\n|-enditem|p2a: Slowking|Black Sludge|[from] move: Knock Off|[of] p1a: Seismitoad\n|move|p2a: Slowking|Psychic|p1a: Seismitoad\n|-damage|p1a: Seismitoad|0 fnt\n|faint|p1a: Seismitoad\n|\n|-end|p2a: Slowking|move: Future Sight\n|-damage|p2a: Slowking|33\/100\n|upkeep\n|\n|t:|1660451434\n|switch|p1a: Blaziken|Blaziken, M|100\/100\n|-damage|p1a: Blaziken|88\/100|[from] Stealth Rock\n|turn|10\n|\n|t:|1660451444\n|switch|p2a: Clefable|Clefable, F|93\/100\n|move|p1a: Blaziken|Swords Dance|p1a: Blaziken\n|-boost|p1a: Blaziken|atk|2\n|\n|-heal|p1a: Blaziken|94\/100|[from] item: Leftovers\n|-ability|p1a: Blaziken|Speed Boost|boost\n|-boost|p1a: Blaziken|spe|1\n|upkeep\n|turn|11\n|\n|t:|1660451450\n|move|p1a: Blaziken|Flare Blitz|p2a: Clefable\n|-damage|p2a: Clefable|0 fnt\n|faint|p2a: Clefable\n|-damage|p1a: Blaziken|54\/100|[from] Recoil\n|\n|-heal|p1a: Blaziken|60\/100|[from] item: Leftovers\n|-ability|p1a: Blaziken|Speed Boost|boost\n|-boost|p1a: Blaziken|spe|1\n|upkeep\n|\n|t:|1660451462\n|switch|p2a: Slowking|Slowking-Galar, M|66\/100\n|turn|12\n|\n|t:|1660451464\n|switch|p2a: Tangrowth|Tangrowth, F|100\/100\n|move|p1a: Blaziken|Flare Blitz|p2a: Tangrowth\n|-supereffective|p2a: Tangrowth\n|-damage|p2a: Tangrowth|0 fnt\n|-damage|p1a: Blaziken|44\/100|[from] item: Rocky Helmet|[of] p2a: Tangrowth\n|faint|p2a: Tangrowth\n|-damage|p1a: Blaziken|0 fnt|[from] Recoil\n|faint|p1a: Blaziken\n|\n|upkeep\n|\n|t:|1660451472\n|switch|p1a: Azumarill|Azumarill, M|100\/100\n|switch|p2a: Rotom|Rotom-Wash|100\/100\n|-damage|p1a: Azumarill|88\/100|[from] Stealth Rock\n|turn|13\n|-message|andrewm0n forfeited.\n|\n|win|EL BAMZUKA\n|raw|andrewm0n's rating: 1694 &rarr; <strong>1673<\/strong><br \/>(-21 for losing)\n|raw|EL BAMZUKA's rating: 1685 &rarr; <strong>1706<\/strong><br \/>(+21 for winning)\n|l|\u2606andrewm0n\n","uploadtime":1660451493,"views":29,"p1id":"andrewm0n","p2id":"elbamzuka","formatid":"gen8ou","rating":1673,"private":0,"password":null}