{"id":"gen8ou-1428398614","p1":"Sir Chasm 27","p2":"BRIFYE","format":"gen8ou","log":"|j|\u2606Sir Chasm 27\n|j|\u2606BRIFYE\n|t:|1633262098\n|gametype|singles\n|player|p1|Sir Chasm 27|blaine|1591\n|player|p2|BRIFYE|101|1676\n|teamsize|p1|6\n|teamsize|p2|6\n|gen|8\n|tier|[Gen 8] OU\n|rated|\n|rule|Sleep Clause Mod: Limit one foe put to sleep\n|rule|Species Clause: Limit one of each Pok\u00e9mon\n|rule|OHKO Clause: OHKO moves are banned\n|rule|Evasion Moves Clause: Evasion moves are banned\n|rule|Endless Battle Clause: Forcing endless battles is banned\n|rule|HP Percentage Mod: HP is shown in percentages\n|rule|Dynamax Clause: You cannot dynamax\n|clearpoke\n|poke|p1|Dragapult, F|\n|poke|p1|Blacephalon|\n|poke|p1|Ferrothorn, M|\n|poke|p1|Landorus-Therian, M|\n|poke|p1|Corviknight, F|\n|poke|p1|Weavile, F|\n|poke|p2|Tapu Lele|\n|poke|p2|Volcarona, F|\n|poke|p2|Slowbro, M|\n|poke|p2|Tapu Koko|\n|poke|p2|Landorus-Therian, M|\n|poke|p2|Clefable, M|\n|teampreview\n|inactive|Battle timer is ON: inactive players will automatically lose when time's up. (requested by Sir Chasm 27)\n|\n|t:|1633262104\n|start\n|switch|p1a: Landorus|Landorus-Therian, M|100\/100\n|switch|p2a: Clefable|Clefable, M|100\/100\n|-ability|p1a: Landorus|Intimidate|boost\n|-unboost|p2a: Clefable|atk|1\n|turn|1\n|\n|t:|1633262113\n|move|p1a: Landorus|Stealth Rock|p2a: Clefable\n|-sidestart|p2: BRIFYE|move: Stealth Rock\n|move|p2a: Clefable|Stealth Rock|p1a: Landorus\n|-sidestart|p1: Sir Chasm 27|move: Stealth Rock\n|\n|upkeep\n|turn|2\n|\n|t:|1633262118\n|switch|p2a: Landorus|Landorus-Therian, M|100\/100\n|-damage|p2a: Landorus|88\/100|[from] Stealth Rock\n|-ability|p2a: Landorus|Intimidate|boost\n|-unboost|p1a: Landorus|atk|1\n|move|p1a: Landorus|U-turn|p2a: Landorus\n|-resisted|p2a: Landorus\n|-damage|p2a: Landorus|80\/100\n|\n|t:|1633262126\n|switch|p1a: Weavile|Weavile, F|100\/100|[from]move: U-turn\n|-ability|p1a: Weavile|Pressure\n|\n|-heal|p2a: Landorus|86\/100|[from] item: Leftovers\n|upkeep\n|turn|3\n|\n|t:|1633262132\n|move|p1a: Weavile|Knock Off|p2a: Landorus\n|-damage|p2a: Landorus|29\/100\n|-enditem|p2a: Landorus|Leftovers|[from] move: Knock Off|[of] p1a: Weavile\n|move|p2a: Landorus|Earthquake|p1a: Weavile\n|-damage|p1a: Weavile|4\/100\n|\n|upkeep\n|turn|4\n|\n|t:|1633262142\n|switch|p2a: Slowbro|Slowbro, M|100\/100\n|-damage|p2a: Slowbro|88\/100|[from] Stealth Rock\n|move|p1a: Weavile|Triple Axel|p2a: Slowbro\n|-resisted|p2a: Slowbro\n|-damage|p2a: Slowbro|85\/100\n|-damage|p1a: Weavile|0 fnt|[from] item: Rocky Helmet|[of] p2a: Slowbro\n|faint|p1a: Weavile\n|-hitcount|p2a: Slowbro|1\n|\n|upkeep\n|\n|t:|1633262152\n|switch|p1a: Blacephalon|Blacephalon, shiny|100\/100\n|-damage|p1a: Blacephalon|76\/100|[from] Stealth Rock\n|turn|5\n|inactive|BRIFYE has 120 seconds left.\n|\n|t:|1633262187\n|switch|p2a: Landorus|Landorus-Therian, M|29\/100\n|-damage|p2a: Landorus|17\/100|[from] Stealth Rock\n|-ability|p2a: Landorus|Intimidate|boost\n|-unboost|p1a: Blacephalon|atk|1\n|move|p1a: Blacephalon|Shadow Ball|p2a: Landorus\n|-damage|p2a: Landorus|0 fnt\n|faint|p2a: Landorus\n|-ability|p1a: Blacephalon|Beast Boost|boost\n|-boost|p1a: Blacephalon|spa|1\n|\n|upkeep\n|inactive|BRIFYE has 120 seconds left.\n|\n|t:|1633262196\n|switch|p2a: Clefable|Clefable, M|100\/100\n|turn|6\n|\n|t:|1633262204\n|move|p1a: Blacephalon|Shadow Ball|p2a: Clefable\n|-damage|p2a: Clefable|32\/100\n|move|p2a: Clefable|Knock Off|p1a: Blacephalon\n|-supereffective|p1a: Blacephalon\n|-damage|p1a: Blacephalon|7\/100\n|-enditem|p1a: Blacephalon|Choice Specs|[from] move: Knock Off|[of] p2a: Clefable\n|\n|-heal|p2a: Clefable|38\/100|[from] item: Leftovers\n|upkeep\n|turn|7\n|\n|t:|1633262216\n|move|p1a: Blacephalon|Flamethrower|p2a: Clefable\n|-damage|p2a: Clefable|0 fnt\n|faint|p2a: Clefable\n|-ability|p1a: Blacephalon|Beast Boost|boost\n|-boost|p1a: Blacephalon|spa|1\n|\n|upkeep\n|\n|t:|1633262223\n|switch|p2a: Tapu Koko|Tapu Koko|100\/100\n|-damage|p2a: Tapu Koko|88\/100|[from] Stealth Rock\n|-fieldstart|move: Electric Terrain|[from] ability: Electric Surge|[of] p2a: Tapu Koko\n|turn|8\n|\n|t:|1633262232\n|move|p2a: Tapu Koko|Dazzling Gleam|p1a: Blacephalon\n|-resisted|p1a: Blacephalon\n|-damage|p1a: Blacephalon|0 fnt\n|faint|p1a: Blacephalon\n|\n|upkeep\n|\n|t:|1633262236\n|switch|p1a: Ferrothorn|Ferrothorn, M|100\/100\n|-damage|p1a: Ferrothorn|94\/100|[from] Stealth Rock\n|turn|9\n|\n|t:|1633262245\n|move|p2a: Tapu Koko|Volt Switch|p1a: Ferrothorn\n|-resisted|p1a: Ferrothorn\n|-damage|p1a: Ferrothorn|81\/100\n|\n|t:|1633262249\n|switch|p2a: Volcarona|Volcarona, F|100\/100|[from]move: Volt Switch\n|move|p1a: Ferrothorn|Thunder Wave|p2a: Volcarona\n|-status|p2a: Volcarona|par\n|\n|-heal|p1a: Ferrothorn|88\/100|[from] item: Leftovers\n|upkeep\n|turn|10\n|\n|t:|1633262257\n|switch|p1a: Landorus|Landorus-Therian, M|100\/100\n|-damage|p1a: Landorus|88\/100|[from] Stealth Rock\n|-ability|p1a: Landorus|Intimidate|boost\n|-unboost|p2a: Volcarona|atk|1\n|move|p2a: Volcarona|Quiver Dance|p2a: Volcarona\n|-boost|p2a: Volcarona|spa|1\n|-boost|p2a: Volcarona|spd|1\n|-boost|p2a: Volcarona|spe|1\n|\n|-heal|p1a: Landorus|94\/100|[from] item: Leftovers\n|upkeep\n|turn|11\n|\n|t:|1633262266\n|cant|p2a: Volcarona|par\n|move|p1a: Landorus|Earthquake|p2a: Volcarona\n|-damage|p2a: Volcarona|29\/100 par\n|\n|-heal|p1a: Landorus|99\/100|[from] item: Leftovers\n|upkeep\n|turn|12\n|\n|t:|1633262272\n|move|p2a: Volcarona|Fiery Dance|p1a: Landorus\n|-damage|p1a: Landorus|52\/100\n|-boost|p2a: Volcarona|spa|1\n|move|p1a: Landorus|Earthquake|p2a: Volcarona\n|-damage|p2a: Volcarona|0 fnt\n|faint|p2a: Volcarona\n|\n|-heal|p1a: Landorus|58\/100|[from] item: Leftovers\n|-fieldend|move: Electric Terrain\n|upkeep\n|\n|t:|1633262283\n|switch|p2a: Slowbro|Slowbro, M|100\/100\n|-damage|p2a: Slowbro|88\/100|[from] Stealth Rock\n|turn|13\n|\n|t:|1633262289\n|move|p1a: Landorus|U-turn|p2a: Slowbro\n|-supereffective|p2a: Slowbro\n|-crit|p2a: Slowbro\n|-damage|p2a: Slowbro|50\/100\n|-damage|p1a: Landorus|41\/100|[from] item: Rocky Helmet|[of] p2a: Slowbro\n|\n|t:|1633262294\n|switch|p1a: Ferrothorn|Ferrothorn, M|88\/100|[from]move: U-turn\n|-damage|p1a: Ferrothorn|81\/100|[from] Stealth Rock\n|move|p2a: Slowbro|Future Sight|p1a: Ferrothorn\n|-start|p2a: Slowbro|move: Future Sight\n|\n|-heal|p1a: Ferrothorn|88\/100|[from] item: Leftovers\n|upkeep\n|turn|14\n|\n|t:|1633262307\n|move|p1a: Ferrothorn|Spikes|p2a: Slowbro\n|-sidestart|p2: BRIFYE|Spikes\n|move|p2a: Slowbro|Teleport|p2a: Slowbro\n|\n|t:|1633262310\n|switch|p2a: Tapu Lele|Tapu Lele|100\/100|[from]move: Teleport\n|-damage|p2a: Tapu Lele|88\/100|[from] Spikes\n|-damage|p2a: Tapu Lele|76\/100|[from] Stealth Rock\n|-fieldstart|move: Psychic Terrain|[from] ability: Psychic Surge|[of] p2a: Tapu Lele\n|\n|-heal|p1a: Ferrothorn|94\/100|[from] item: Leftovers\n|upkeep\n|turn|15\n|\n|t:|1633262319\n|move|p2a: Tapu Lele|Focus Blast|p1a: Ferrothorn|[miss]\n|-miss|p2a: Tapu Lele|p1a: Ferrothorn\n|move|p1a: Ferrothorn|Thunder Wave|p2a: Tapu Lele\n|-status|p2a: Tapu Lele|par\n|\n|-end|p1a: Ferrothorn|move: Future Sight\n|-resisted|p1a: Ferrothorn\n|-damage|p1a: Ferrothorn|73\/100\n|-heal|p1a: Ferrothorn|79\/100|[from] item: Leftovers\n|upkeep\n|turn|16\n|\n|t:|1633262328\n|switch|p1a: Dragapult|Dragapult, F, shiny|100\/100\n|-damage|p1a: Dragapult|88\/100|[from] Stealth Rock\n|move|p2a: Tapu Lele|Focus Blast|p1a: Dragapult\n|-immune|p1a: Dragapult\n|\n|upkeep\n|turn|17\n|-message|BRIFYE forfeited.\n|\n|win|Sir Chasm 27\n|raw|Sir Chasm 27's rating: 1591 &rarr; <strong>1616<\/strong><br \/>(+25 for winning)\n|raw|BRIFYE's rating: 1676 &rarr; <strong>1651<\/strong><br \/>(-25 for losing)\n|l|\u2606BRIFYE\n","uploadtime":1633262339,"views":36,"p1id":"sirchasm27","p2id":"brifye","formatid":"gen8ou","rating":1616,"private":0,"password":null}