{"id":"gen8ou-1234124578","p1":"Vodyne","p2":"skibsthekid","format":"gen8ou","log":"|j|\u203dVodyne\n|j|\u2606skibsthekid\n|t:|1606720607\n|player|p1|Vodyne|dawn|1172\n|player|p2|skibsthekid|brycenman|1113\n|teamsize|p1|6\n|teamsize|p2|6\n|gametype|singles\n|gen|8\n|tier|[Gen 8] OU\n|rated|\n|clearpoke\n|poke|p1|Snorlax, M|\n|poke|p1|Urshifu-*, F|\n|poke|p1|Victini|\n|poke|p1|Runerigus, F|\n|poke|p1|Zapdos|\n|poke|p1|Suicune|\n|poke|p2|Garchomp, M|\n|poke|p2|Heliolisk, F|\n|poke|p2|Sandslash, F|\n|poke|p2|Palossand, M|\n|poke|p2|Stunfisk, M|\n|poke|p2|Tyranitar, M|\n|rule|Sleep Clause Mod: Limit one foe put to sleep\n|rule|Species Clause: Limit one of each Pok\u00e9mon\n|rule|OHKO Clause: OHKO moves are banned\n|rule|Evasion Moves Clause: Evasion moves are banned\n|rule|Endless Battle Clause: Forcing endless battles is banned\n|rule|HP Percentage Mod: HP is shown in percentages\n|rule|Dynamax Clause: You cannot dynamax\n|teampreview\n|\n|t:|1606720623\n|start\n|switch|p1a: Suicune|Suicune|100\/100\n|switch|p2a: Heliolisk|Heliolisk, F|100\/100\n|-ability|p1a: Suicune|Pressure\n|turn|1\n|\n|t:|1606720632\n|switch|p1a: Snorlax|Snorlax, M|100\/100\n|move|p2a: Heliolisk|Glare|p1a: Snorlax\n|-status|p1a: Snorlax|par\n|\n|upkeep\n|turn|2\n|\n|t:|1606720637\n|move|p2a: Heliolisk|Volt Switch|p1a: Snorlax\n|-damage|p1a: Snorlax|86\/100 par\n|\n|t:|1606720651\n|switch|p2a: Tyranitar|Tyranitar, M|100\/100|[from]move: Volt Switch\n|-weather|Sandstorm|[from] ability: Sand Stream|[of] p2a: Tyranitar\n|move|p1a: Snorlax|Body Slam|p2a: Tyranitar\n|-resisted|p2a: Tyranitar\n|-damage|p2a: Tyranitar|89\/100\n|\n|-weather|Sandstorm|[upkeep]\n|-damage|p1a: Snorlax|80\/100 par|[from] Sandstorm\n|-heal|p1a: Snorlax|86\/100 par|[from] item: Leftovers\n|upkeep\n|turn|3\n|\n|t:|1606720659\n|switch|p1a: Runerigus|Runerigus, F|100\/100\n|move|p2a: Tyranitar|Taunt|p1a: Runerigus\n|-start|p1a: Runerigus|move: Taunt\n|\n|-weather|Sandstorm|[upkeep]\n|upkeep\n|turn|4\n|\n|t:|1606720664\n|move|p2a: Tyranitar|Foul Play|p1a: Runerigus\n|-supereffective|p1a: Runerigus\n|-damage|p1a: Runerigus|74\/100\n|-activate|p1a: Runerigus|ability: Wandering Spirit|Sand Stream|Wandering Spirit|[of] p2a: Tyranitar\n|move|p1a: Runerigus|Body Press|p2a: Tyranitar\n|-supereffective|p2a: Tyranitar\n|-damage|p2a: Tyranitar|0 fnt\n|-activate|p2a: Tyranitar|ability: Wandering Spirit|Sand Stream|Wandering Spirit|[of] p1a: Runerigus\n|faint|p2a: Tyranitar\n|\n|-weather|Sandstorm|[upkeep]\n|upkeep\n|\n|t:|1606720676\n|switch|p2a: Garchomp|Garchomp, M|100\/100\n|turn|5\n|\n|t:|1606720681\n|switch|p1a: Suicune|Suicune|100\/100\n|-ability|p1a: Suicune|Pressure\n|move|p2a: Garchomp|Swords Dance|p2a: Garchomp\n|-boost|p2a: Garchomp|atk|2\n|\n|-weather|Sandstorm|[upkeep]\n|-damage|p1a: Suicune|94\/100|[from] Sandstorm\n|-heal|p1a: Suicune|100\/100|[from] item: Leftovers\n|upkeep\n|turn|6\n|\n|t:|1606720689\n|move|p2a: Garchomp|Swords Dance|p2a: Garchomp\n|-boost|p2a: Garchomp|atk|2\n|move|p1a: Suicune|Ice Beam|p2a: Garchomp|[miss]\n|-miss|p1a: Suicune|p2a: Garchomp\n|\n|-weather|Sandstorm|[upkeep]\n|-damage|p1a: Suicune|94\/100|[from] Sandstorm\n|-heal|p1a: Suicune|100\/100|[from] item: Leftovers\n|upkeep\n|turn|7\n|\n|t:|1606720696\n|move|p2a: Garchomp|Scale Shot|p1a: Suicune\n|-damage|p1a: Suicune|77\/100\n|-damage|p1a: Suicune|53\/100\n|-damage|p1a: Suicune|29\/100\n|-hitcount|p1a: Suicune|3\n|-unboost|p2a: Garchomp|def|1\n|-boost|p2a: Garchomp|spe|1\n|move|p1a: Suicune|Ice Beam|p2a: Garchomp\n|-supereffective|p2a: Garchomp\n|-damage|p2a: Garchomp|16\/100\n|\n|-weather|Sandstorm|[upkeep]\n|-damage|p1a: Suicune|22\/100|[from] Sandstorm\n|-heal|p1a: Suicune|29\/100|[from] item: Leftovers\n|upkeep\n|turn|8\n|\n|t:|1606720707\n|move|p2a: Garchomp|Scale Shot|p1a: Suicune\n|-damage|p1a: Suicune|5\/100\n|-damage|p1a: Suicune|0 fnt\n|-hitcount|p1a: Suicune|2\n|-unboost|p2a: Garchomp|def|1\n|-boost|p2a: Garchomp|spe|1\n|faint|p1a: Suicune\n|\n|-weather|Sandstorm|[upkeep]\n|upkeep\n|\n|t:|1606720711\n|switch|p1a: Runerigus|Runerigus, F|74\/100\n|turn|9\n|\n|t:|1606720721\n|move|p2a: Garchomp|Earthquake|p1a: Runerigus\n|-damage|p1a: Runerigus|0 fnt\n|faint|p1a: Runerigus\n|\n|-weather|none\n|upkeep\n|\n|t:|1606720747\n|switch|p1a: Urshifu|Urshifu, F|100\/100\n|turn|10\n|\n|t:|1606720759\n|move|p2a: Garchomp|Swords Dance|p2a: Garchomp\n|-boost|p2a: Garchomp|atk|2\n|move|p1a: Urshifu|Wicked Blow|p2a: Garchomp|[miss]\n|-miss|p1a: Urshifu|p2a: Garchomp\n|\n|upkeep\n|turn|11\n|\n|t:|1606720782\n|move|p2a: Garchomp|Earthquake|p1a: Urshifu\n|-damage|p1a: Urshifu|0 fnt\n|faint|p1a: Urshifu\n|\n|upkeep\n|c|\u2606skibsthekid|Wow I\u2019m ass\n|\n|t:|1606720798\n|switch|p1a: Zapdos|Zapdos|100\/100\n|turn|12\n|\n|t:|1606720801\n|move|p2a: Garchomp|Stone Edge|p1a: Zapdos|[miss]\n|-miss|p2a: Garchomp|p1a: Zapdos\n|move|p1a: Zapdos|Heat Wave|p2a: Garchomp|[miss]\n|-miss|p1a: Zapdos|p2a: Garchomp\n|\n|upkeep\n|turn|13\n|\n|t:|1606720805\n|move|p2a: Garchomp|Stone Edge|p1a: Zapdos|[miss]\n|-miss|p2a: Garchomp|p1a: Zapdos\n|move|p1a: Zapdos|Heat Wave|p2a: Garchomp\n|-resisted|p2a: Garchomp\n|-damage|p2a: Garchomp|0 fnt\n|faint|p2a: Garchomp\n|\n|upkeep\n|\n|t:|1606720811\n|switch|p2a: Palossand|Palossand, M|100\/100\n|turn|14\n|\n|t:|1606720818\n|switch|p1a: Snorlax|Snorlax, M|86\/100 par\n|move|p2a: Palossand|Infestation|p1a: Snorlax\n|-damage|p1a: Snorlax|84\/100 par\n|-activate|p1a: Snorlax|move: Infestation|[of] p2a: Palossand\n|\n|-heal|p1a: Snorlax|90\/100 par|[from] item: Leftovers\n|-damage|p1a: Snorlax|78\/100 par|[from] move: Infestation|[partiallytrapped]\n|upkeep\n|turn|15\n|\n|t:|1606720823\n|switch|p2a: Sandslash|Sandslash, F|100\/100\n|move|p1a: Snorlax|Curse|p1a: Snorlax\n|-unboost|p1a: Snorlax|spe|1\n|-boost|p1a: Snorlax|atk|1\n|-boost|p1a: Snorlax|def|1\n|\n|-heal|p1a: Snorlax|84\/100 par|[from] item: Leftovers\n|-end|p1a: Snorlax|Infestation|[partiallytrapped]|[silent]\n|upkeep\n|turn|16\n|\n|t:|1606720829\n|move|p2a: Sandslash|Knock Off|p1a: Snorlax\n|-damage|p1a: Snorlax|70\/100 par\n|-enditem|p1a: Snorlax|Leftovers|[from] move: Knock Off|[of] p2a: Sandslash\n|cant|p1a: Snorlax|par\n|\n|upkeep\n|turn|17\n|\n|t:|1606720833\n|move|p2a: Sandslash|Super Fang|p1a: Snorlax\n|-damage|p1a: Snorlax|35\/100 par\n|move|p1a: Snorlax|Curse|p1a: Snorlax\n|-unboost|p1a: Snorlax|spe|1\n|-boost|p1a: Snorlax|atk|1\n|-boost|p1a: Snorlax|def|1\n|\n|upkeep\n|turn|18\n|\n|t:|1606720837\n|move|p2a: Sandslash|Super Fang|p1a: Snorlax\n|-damage|p1a: Snorlax|18\/100 par\n|cant|p1a: Snorlax|par\n|\n|upkeep\n|turn|19\n|\n|t:|1606720841\n|move|p2a: Sandslash|Spikes|p1a: Snorlax\n|-sidestart|p1: Vodyne|Spikes\n|move|p1a: Snorlax|Rest|p1a: Snorlax\n|-status|p1a: Snorlax|slp|[from] move: Rest\n|-heal|p1a: Snorlax|100\/100 slp|[silent]\n|\n|upkeep\n|turn|20\n|\n|t:|1606720844\n|move|p2a: Sandslash|Super Fang|p1a: Snorlax\n|-damage|p1a: Snorlax|50\/100 slp\n|cant|p1a: Snorlax|slp\n|\n|upkeep\n|turn|21\n|\n|t:|1606720852\n|move|p2a: Sandslash|Super Fang|p1a: Snorlax\n|-damage|p1a: Snorlax|25\/100 slp\n|cant|p1a: Snorlax|slp\n|\n|upkeep\n|turn|22\n|\n|t:|1606720858\n|move|p2a: Sandslash|Spikes|p1a: Snorlax\n|-sidestart|p1: Vodyne|Spikes\n|-curestatus|p1a: Snorlax|slp|[msg]\n|move|p1a: Snorlax|Rest|p1a: Snorlax\n|-status|p1a: Snorlax|slp|[from] move: Rest\n|-heal|p1a: Snorlax|100\/100 slp|[silent]\n|\n|upkeep\n|turn|23\n|\n|t:|1606720864\n|move|p2a: Sandslash|Super Fang|p1a: Snorlax|[miss]\n|-miss|p2a: Sandslash|p1a: Snorlax\n|cant|p1a: Snorlax|slp\n|\n|upkeep\n|turn|24\n|\n|t:|1606720889\n|move|p2a: Sandslash|Super Fang|p1a: Snorlax\n|-damage|p1a: Snorlax|50\/100 slp\n|cant|p1a: Snorlax|slp\n|\n|upkeep\n|turn|25\n|\n|t:|1606720893\n|move|p2a: Sandslash|Super Fang|p1a: Snorlax\n|-damage|p1a: Snorlax|25\/100 slp\n|-curestatus|p1a: Snorlax|slp|[msg]\n|move|p1a: Snorlax|Body Slam|p2a: Sandslash\n|-damage|p2a: Sandslash|61\/100\n|\n|upkeep\n|turn|26\n|\n|t:|1606720897\n|move|p2a: Sandslash|Super Fang|p1a: Snorlax\n|-damage|p1a: Snorlax|13\/100\n|move|p1a: Snorlax|Rest|p1a: Snorlax\n|-status|p1a: Snorlax|slp|[from] move: Rest\n|-heal|p1a: Snorlax|100\/100 slp|[silent]\n|\n|upkeep\n|turn|27\n|\n|t:|1606720899\n|move|p2a: Sandslash|Super Fang|p1a: Snorlax\n|-damage|p1a: Snorlax|50\/100 slp\n|cant|p1a: Snorlax|slp\n|\n|upkeep\n|turn|28\n|\n|t:|1606720902\n|move|p2a: Sandslash|Super Fang|p1a: Snorlax\n|-damage|p1a: Snorlax|25\/100 slp\n|cant|p1a: Snorlax|slp\n|\n|upkeep\n|turn|29\n|\n|t:|1606720907\n|switch|p2a: Palossand|Palossand, M|100\/100\n|-curestatus|p1a: Snorlax|slp|[msg]\n|move|p1a: Snorlax|Rest|p1a: Snorlax\n|-status|p1a: Snorlax|slp|[from] move: Rest\n|-heal|p1a: Snorlax|100\/100 slp|[silent]\n|\n|upkeep\n|turn|30\n|\n|t:|1606720913\n|switch|p2a: Heliolisk|Heliolisk, F|100\/100\n|cant|p1a: Snorlax|slp\n|\n|upkeep\n|turn|31\n|\n|t:|1606720917\n|move|p2a: Heliolisk|Volt Switch|p1a: Snorlax\n|-crit|p1a: Snorlax\n|-damage|p1a: Snorlax|79\/100 slp\n|\n|t:|1606720920\n|switch|p2a: Palossand|Palossand, M|100\/100|[from]move: Volt Switch\n|cant|p1a: Snorlax|slp\n|\n|upkeep\n|turn|32\n|\n|t:|1606720924\n|move|p2a: Palossand|Infestation|p1a: Snorlax\n|-damage|p1a: Snorlax|77\/100 slp\n|-activate|p1a: Snorlax|move: Infestation|[of] p2a: Palossand\n|-curestatus|p1a: Snorlax|slp|[msg]\n|move|p1a: Snorlax|Darkest Lariat|p2a: Palossand\n|-supereffective|p2a: Palossand\n|-damage|p2a: Palossand|35\/100\n|\n|-damage|p1a: Snorlax|65\/100|[from] move: Infestation|[partiallytrapped]\n|upkeep\n|turn|33\n|\n|t:|1606720939\n|move|p2a: Palossand|Shore Up|p2a: Palossand\n|-heal|p2a: Palossand|85\/100\n|move|p1a: Snorlax|Curse|p1a: Snorlax\n|-unboost|p1a: Snorlax|spe|1\n|-boost|p1a: Snorlax|atk|1\n|-boost|p1a: Snorlax|def|1\n|\n|-damage|p1a: Snorlax|52\/100|[from] move: Infestation|[partiallytrapped]\n|upkeep\n|turn|34\n|\n|t:|1606720946\n|move|p2a: Palossand|Toxic|p1a: Snorlax\n|-status|p1a: Snorlax|tox\n|move|p1a: Snorlax|Curse|p1a: Snorlax\n|-unboost|p1a: Snorlax|spe|1\n|-boost|p1a: Snorlax|atk|1\n|-boost|p1a: Snorlax|def|1\n|\n|-damage|p1a: Snorlax|46\/100 tox|[from] psn\n|-damage|p1a: Snorlax|34\/100 tox|[from] move: Infestation|[partiallytrapped]\n|upkeep\n|turn|35\n|\n|t:|1606720955\n|switch|p2a: Sandslash|Sandslash, F|61\/100\n|move|p1a: Snorlax|Rest|p1a: Snorlax\n|-status|p1a: Snorlax|slp|[from] move: Rest\n|-heal|p1a: Snorlax|100\/100 slp|[silent]\n|\n|-end|p1a: Snorlax|Infestation|[partiallytrapped]|[silent]\n|upkeep\n|turn|36\n|\n|t:|1606720958\n|move|p2a: Sandslash|Super Fang|p1a: Snorlax\n|-damage|p1a: Snorlax|50\/100 slp\n|cant|p1a: Snorlax|slp\n|\n|upkeep\n|turn|37\n|\n|t:|1606720960\n|move|p2a: Sandslash|Super Fang|p1a: Snorlax|[miss]\n|-miss|p2a: Sandslash|p1a: Snorlax\n|cant|p1a: Snorlax|slp\n|\n|upkeep\n|turn|38\n|\n|t:|1606720962\n|move|p2a: Sandslash|Super Fang|p1a: Snorlax\n|-damage|p1a: Snorlax|25\/100 slp\n|-curestatus|p1a: Snorlax|slp|[msg]\n|move|p1a: Snorlax|Body Slam|p2a: Sandslash\n|-damage|p2a: Sandslash|0 fnt\n|faint|p2a: Sandslash\n|\n|upkeep\n|\n|t:|1606720966\n|switch|p2a: Heliolisk|Heliolisk, F|100\/100\n|turn|39\n|\n|t:|1606720969\n|move|p2a: Heliolisk|Hyper Voice|p1a: Snorlax\n|-damage|p1a: Snorlax|8\/100\n|move|p1a: Snorlax|Rest|p1a: Snorlax\n|-status|p1a: Snorlax|slp|[from] move: Rest\n|-heal|p1a: Snorlax|100\/100 slp|[silent]\n|\n|upkeep\n|turn|40\n|\n|t:|1606720973\n|move|p2a: Heliolisk|Hyper Voice|p1a: Snorlax\n|-damage|p1a: Snorlax|82\/100 slp\n|cant|p1a: Snorlax|slp\n|\n|upkeep\n|turn|41\n|\n|t:|1606720975\n|move|p2a: Heliolisk|Hyper Voice|p1a: Snorlax\n|-damage|p1a: Snorlax|65\/100 slp\n|cant|p1a: Snorlax|slp\n|\n|upkeep\n|turn|42\n|\n|t:|1606720977\n|move|p2a: Heliolisk|Volt Switch|p1a: Snorlax\n|-damage|p1a: Snorlax|52\/100 slp\n|\n|t:|1606720979\n|switch|p2a: Palossand|Palossand, M|85\/100|[from]move: Volt Switch\n|-curestatus|p1a: Snorlax|slp|[msg]\n|move|p1a: Snorlax|Body Slam|p2a: Palossand\n|-immune|p2a: Palossand\n|\n|upkeep\n|turn|43\n|\n|t:|1606720984\n|move|p2a: Palossand|Toxic|p1a: Snorlax\n|-status|p1a: Snorlax|tox\n|move|p1a: Snorlax|Darkest Lariat|p2a: Palossand\n|-supereffective|p2a: Palossand\n|-damage|p2a: Palossand|0 fnt\n|faint|p2a: Palossand\n|\n|-damage|p1a: Snorlax|46\/100 tox|[from] psn\n|upkeep\n|\n|t:|1606720989\n|switch|p2a: Stunfisk|Stunfisk, M|100\/100\n|turn|44\n|\n|t:|1606720992\n|move|p2a: Stunfisk|Earth Power|p1a: Snorlax\n|-damage|p1a: Snorlax|34\/100 tox\n|move|p1a: Snorlax|Curse|p1a: Snorlax\n|-unboost|p1a: Snorlax|spe|1\n|-boost|p1a: Snorlax|atk|1\n|-boost|p1a: Snorlax|def|1\n|\n|-damage|p1a: Snorlax|22\/100 tox|[from] psn\n|upkeep\n|turn|45\n|-message|skibsthekid forfeited.\n|\n|win|Vodyne\n|l|\u2606skibsthekid\n|raw|Vodyne's rating: 1172 &rarr; <strong>1193<\/strong><br \/>(+21 for winning)\n|raw|skibsthekid's rating: 1113 &rarr; <strong>1093<\/strong><br \/>(-20 for losing)\n","uploadtime":1606721002,"views":5,"p1id":"vodyne","p2id":"skibsthekid","formatid":"gen8ou","rating":1093,"private":0,"password":null}