{"id":"gen8nationaldex-1579418074","p1":"Fastpitchkiller","p2":"Juanita Trainer","format":"gen8nationaldex","log":"|j|\u2606Fastpitchkiller\n|j|\u2606Juanita Trainer\n|t:|1653095365\n|gametype|singles\n|player|p1|Fastpitchkiller|266|\n|player|p2|Juanita Trainer|2|\n|teamsize|p1|6\n|teamsize|p2|6\n|gen|8\n|tier|[Gen 8] National Dex\n|rule|HP Percentage Mod: HP is shown in percentages\n|rule|Endless Battle Clause: Forcing endless battles is banned\n|rule|OHKO Clause: OHKO moves are banned\n|rule|Evasion Moves Clause: Evasion moves are banned\n|rule|Species Clause: Limit one of each Pok\u00e9mon\n|rule|Dynamax Clause: You cannot dynamax\n|rule|Sleep Clause Mod: Limit one foe put to sleep\n|clearpoke\n|poke|p1|Greninja, M|\n|poke|p1|Zapdos|\n|poke|p1|Melmetal|\n|poke|p1|Slowbro, M|\n|poke|p1|Tyranitar, M|\n|poke|p1|Kommo-o, F|\n|poke|p2|Zapdos|\n|poke|p2|Greninja, M|\n|poke|p2|Ferrothorn, M|\n|poke|p2|Medicham, F|\n|poke|p2|Heatran, M|\n|poke|p2|Latios, M|\n|teampreview\n|j| CrimsonDt\n|\n|t:|1653095383\n|start\n|switch|p1a: Slowgatell|Slowbro, M|100\/100\n|switch|p2a: Latios|Latios, M|100\/100\n|turn|1\n|\n|t:|1653095391\n|move|p2a: Latios|Trick|p1a: Slowgatell\n|-activate|p2a: Latios|move: Trick|[of] p1a: Slowgatell\n|-item|p1a: Slowgatell|Choice Scarf|[from] move: Trick\n|-item|p2a: Latios|Rocky Helmet|[from] move: Trick\n|move|p1a: Slowgatell|Toxic|p2a: Latios\n|-status|p2a: Latios|tox\n|\n|-damage|p2a: Latios|95\/100 tox|[from] psn\n|upkeep\n|turn|2\n|\n|t:|1653095401\n|switch|p2a: Ferrothorn|Ferrothorn, M|100\/100\n|switch|p1a: Tyranitar|Tyranitar, M|100\/100\n|-weather|Sandstorm|[from] ability: Sand Stream|[of] p1a: Tyranitar\n|\n|-weather|Sandstorm|[upkeep]\n|upkeep\n|turn|3\n|\n|t:|1653095412\n|switch|p1a: Zapdos|Zapdos|100\/100\n|move|p2a: Ferrothorn|Leech Seed|p1a: Zapdos\n|-start|p1a: Zapdos|move: Leech Seed\n|\n|-weather|Sandstorm|[upkeep]\n|-damage|p1a: Zapdos|94\/100|[from] Sandstorm\n|-damage|p1a: Zapdos|82\/100|[from] Leech Seed|[of] p2a: Ferrothorn\n|upkeep\n|turn|4\n|\n|t:|1653095421\n|switch|p2a: Heatran|Heatran, M|100\/100\n|-item|p2a: Heatran|Air Balloon\n|move|p1a: Zapdos|Heat Wave|p2a: Heatran\n|-start|p2a: Heatran|ability: Flash Fire\n|\n|-weather|Sandstorm|[upkeep]\n|-damage|p1a: Zapdos|76\/100|[from] Sandstorm\n|-damage|p1a: Zapdos|64\/100|[from] Leech Seed|[of] p2a: Heatran\n|upkeep\n|turn|5\n|\n|t:|1653095433\n|move|p1a: Zapdos|Volt Switch|p2a: Heatran\n|-damage|p2a: Heatran|83\/100\n|-enditem|p2a: Heatran|Air Balloon\n|\n|t:|1653095437\n|switch|p1a: Tyranitar|Tyranitar, M|100\/100|[from]move: Volt Switch\n|move|p2a: Heatran|Magma Storm|p1a: Tyranitar\n|-resisted|p1a: Tyranitar\n|-damage|p1a: Tyranitar|87\/100\n|-activate|p1a: Tyranitar|move: Magma Storm|[of] p2a: Heatran\n|\n|-weather|Sandstorm|[upkeep]\n|-heal|p1a: Tyranitar|93\/100|[from] item: Leftovers\n|-damage|p1a: Tyranitar|81\/100|[from] move: Magma Storm|[partiallytrapped]\n|upkeep\n|turn|6\n|\n|t:|1653095449\n|move|p2a: Heatran|Protect|p2a: Heatran\n|-singleturn|p2a: Heatran|Protect\n|move|p1a: Tyranitar|Earthquake|p2a: Heatran\n|-activate|p2a: Heatran|move: Protect\n|\n|-weather|none\n|-heal|p1a: Tyranitar|87\/100|[from] item: Leftovers\n|-damage|p1a: Tyranitar|75\/100|[from] move: Magma Storm|[partiallytrapped]\n|upkeep\n|turn|7\n|\n|t:|1653095459\n|-end|p2a: Heatran|ability: Flash Fire|[silent]\n|switch|p2a: Ferrothorn|Ferrothorn, M|100\/100\n|move|p1a: Tyranitar|Stealth Rock|p2a: Ferrothorn\n|-sidestart|p2: Juanita Trainer|move: Stealth Rock\n|\n|-heal|p1a: Tyranitar|81\/100|[from] item: Leftovers\n|-end|p1a: Tyranitar|Magma Storm|[partiallytrapped]|[silent]\n|upkeep\n|turn|8\n|\n|t:|1653095467\n|switch|p1a: Zapdos|Zapdos|64\/100\n|move|p2a: Ferrothorn|Stealth Rock|p1a: Zapdos\n|-sidestart|p1: Fastpitchkiller|move: Stealth Rock\n|\n|upkeep\n|turn|9\n|\n|t:|1653095474\n|move|p1a: Zapdos|Roost|p1a: Zapdos\n|-heal|p1a: Zapdos|100\/100\n|-singleturn|p1a: Zapdos|move: Roost\n|move|p2a: Ferrothorn|Knock Off|p1a: Zapdos\n|-damage|p1a: Zapdos|84\/100\n|-enditem|p1a: Zapdos|Heavy-Duty Boots|[from] move: Knock Off|[of] p2a: Ferrothorn\n|\n|upkeep\n|turn|10\n|\n|t:|1653095482\n|move|p1a: Zapdos|Volt Switch|p2a: Ferrothorn\n|-resisted|p2a: Ferrothorn\n|-damage|p2a: Ferrothorn|91\/100\n|\n|t:|1653095486\n|switch|p1a: Slowgatell|Slowbro, M|100\/100|[from]move: Volt Switch\n|-damage|p1a: Slowgatell|88\/100|[from] Stealth Rock\n|move|p2a: Ferrothorn|Leech Seed|p1a: Slowgatell\n|-start|p1a: Slowgatell|move: Leech Seed\n|\n|-heal|p2a: Ferrothorn|97\/100|[from] item: Leftovers\n|-damage|p1a: Slowgatell|76\/100|[from] Leech Seed|[of] p2a: Ferrothorn\n|-heal|p2a: Ferrothorn|100\/100|[silent]\n|upkeep\n|turn|11\n|\n|t:|1653095497\n|move|p2a: Ferrothorn|Power Whip|p1a: Slowgatell\n|-supereffective|p1a: Slowgatell\n|-damage|p1a: Slowgatell|31\/100\n|move|p1a: Slowgatell|Teleport|p1a: Slowgatell\n|\n|t:|1653095504\n|switch|p1a: Zapdos|Zapdos|84\/100|[from]move: Teleport\n|-damage|p1a: Zapdos|59\/100|[from] Stealth Rock\n|\n|upkeep\n|turn|12\n|\n|t:|1653095509\n|move|p1a: Zapdos|Roost|p1a: Zapdos\n|-heal|p1a: Zapdos|100\/100\n|-singleturn|p1a: Zapdos|move: Roost\n|move|p2a: Ferrothorn|Leech Seed|p1a: Zapdos\n|-start|p1a: Zapdos|move: Leech Seed\n|\n|-damage|p1a: Zapdos|88\/100|[from] Leech Seed|[of] p2a: Ferrothorn\n|upkeep\n|turn|13\n|\n|t:|1653095519\n|switch|p2a: Heatran|Heatran, M|83\/100\n|-damage|p2a: Heatran|71\/100|[from] Stealth Rock\n|move|p1a: Zapdos|Volt Switch|p2a: Heatran\n|-damage|p2a: Heatran|54\/100\n|\n|t:|1653095527\n|switch|p1a: Tyranitar|Tyranitar, M|81\/100|[from]move: Volt Switch\n|-damage|p1a: Tyranitar|69\/100|[from] Stealth Rock\n|-weather|Sandstorm|[from] ability: Sand Stream|[of] p1a: Tyranitar\n|\n|-weather|Sandstorm|[upkeep]\n|-heal|p1a: Tyranitar|75\/100|[from] item: Leftovers\n|upkeep\n|turn|14\n|\n|t:|1653095537\n|move|p2a: Heatran|Protect|p2a: Heatran\n|-singleturn|p2a: Heatran|Protect\n|move|p1a: Tyranitar|Superpower|p2a: Heatran\n|-activate|p2a: Heatran|move: Protect\n|\n|-weather|Sandstorm|[upkeep]\n|-heal|p1a: Tyranitar|81\/100|[from] item: Leftovers\n|upkeep\n|turn|15\n|\n|t:|1653095547\n|switch|p2a: Ferrothorn|Ferrothorn, M|100\/100\n|-damage|p2a: Ferrothorn|94\/100|[from] Stealth Rock\n|move|p1a: Tyranitar|Rock Blast|p2a: Ferrothorn\n|-resisted|p2a: Ferrothorn\n|-damage|p2a: Ferrothorn|90\/100\n|-resisted|p2a: Ferrothorn\n|-damage|p2a: Ferrothorn|85\/100\n|-hitcount|p2a: Ferrothorn|2\n|\n|-weather|Sandstorm|[upkeep]\n|-heal|p1a: Tyranitar|87\/100|[from] item: Leftovers\n|-heal|p2a: Ferrothorn|91\/100|[from] item: Leftovers\n|upkeep\n|turn|16\n|\n|t:|1653095562\n|switch|p1a: Zapdos|Zapdos|88\/100\n|-damage|p1a: Zapdos|63\/100|[from] Stealth Rock\n|move|p2a: Ferrothorn|Knock Off|p1a: Zapdos\n|-damage|p1a: Zapdos|52\/100\n|-status|p2a: Ferrothorn|par|[from] ability: Static|[of] p1a: Zapdos\n|\n|-weather|Sandstorm|[upkeep]\n|-damage|p1a: Zapdos|46\/100|[from] Sandstorm\n|-heal|p2a: Ferrothorn|97\/100 par|[from] item: Leftovers\n|upkeep\n|turn|17\n|\n|t:|1653095578\n|switch|p2a: Latios|Latios, M|95\/100 tox\n|-damage|p2a: Latios|82\/100 tox|[from] Stealth Rock\n|move|p1a: Zapdos|Roost|p1a: Zapdos\n|-heal|p1a: Zapdos|97\/100\n|-singleturn|p1a: Zapdos|move: Roost\n|\n|-weather|none\n|-damage|p2a: Latios|76\/100 tox|[from] psn\n|upkeep\n|turn|18\n|\n|t:|1653095593\n|move|p2a: Latios|Psyshock|p1a: Zapdos\n|-damage|p1a: Zapdos|63\/100\n|move|p1a: Zapdos|Roost|p1a: Zapdos\n|-heal|p1a: Zapdos|100\/100\n|-singleturn|p1a: Zapdos|move: Roost\n|\n|-damage|p2a: Latios|64\/100 tox|[from] psn\n|upkeep\n|turn|19\n|\n|t:|1653095606\n|switch|p1a: Tyranitar|Tyranitar, M|87\/100\n|-damage|p1a: Tyranitar|75\/100|[from] Stealth Rock\n|-weather|Sandstorm|[from] ability: Sand Stream|[of] p1a: Tyranitar\n|move|p2a: Latios|Draco Meteor|p1a: Tyranitar\n|-damage|p1a: Tyranitar|45\/100\n|-unboost|p2a: Latios|spa|2\n|\n|-weather|Sandstorm|[upkeep]\n|-damage|p2a: Latios|58\/100 tox|[from] Sandstorm\n|-heal|p1a: Tyranitar|51\/100|[from] item: Leftovers\n|-damage|p2a: Latios|40\/100 tox|[from] psn\n|upkeep\n|turn|20\n|\n|t:|1653095623\n|move|p2a: Latios|Aura Sphere|p1a: Tyranitar\n|-supereffective|p1a: Tyranitar\n|-damage|p1a: Tyranitar|27\/100\n|move|p1a: Tyranitar|Earthquake|p2a: Latios\n|-immune|p2a: Latios|[from] ability: Levitate\n|\n|-weather|Sandstorm|[upkeep]\n|-damage|p2a: Latios|34\/100 tox|[from] Sandstorm\n|-heal|p1a: Tyranitar|33\/100|[from] item: Leftovers\n|-damage|p2a: Latios|10\/100 tox|[from] psn\n|upkeep\n|turn|21\n|\n|t:|1653095637\n|switch|p1a: Slowgatell|Slowbro, M|64\/100\n|-damage|p1a: Slowgatell|52\/100|[from] Stealth Rock\n|move|p2a: Latios|Draco Meteor|p1a: Slowgatell\n|-damage|p1a: Slowgatell|15\/100\n|-unboost|p2a: Latios|spa|2\n|\n|-weather|Sandstorm|[upkeep]\n|-damage|p2a: Latios|4\/100 tox|[from] Sandstorm\n|-damage|p1a: Slowgatell|9\/100|[from] Sandstorm\n|-damage|p2a: Latios|0 fnt|[from] psn\n|faint|p2a: Latios\n|upkeep\n|\n|t:|1653095651\n|switch|p2a: Greninja|Greninja, M|100\/100\n|-damage|p2a: Greninja|88\/100|[from] Stealth Rock\n|turn|22\n|\n|t:|1653095668\n|switch|p1a: Tyranitar|Tyranitar, M|33\/100\n|-damage|p1a: Tyranitar|21\/100|[from] Stealth Rock\n|move|p2a: Greninja|Dark Pulse|p1a: Tyranitar\n|-resisted|p1a: Tyranitar\n|-damage|p1a: Tyranitar|14\/100\n|\n|-weather|Sandstorm|[upkeep]\n|-damage|p2a: Greninja|82\/100|[from] Sandstorm\n|-heal|p1a: Tyranitar|20\/100|[from] item: Leftovers\n|upkeep\n|turn|23\n|\n|t:|1653095681\n|move|p2a: Greninja|Surf|p1a: Tyranitar\n|-supereffective|p1a: Tyranitar\n|-damage|p1a: Tyranitar|0 fnt\n|faint|p1a: Tyranitar\n|-activate|p2a: Greninja|ability: Battle Bond\n|detailschange|p2a: Greninja|Greninja-Ash, M\n|\n|-weather|none\n|upkeep\n|\n|t:|1653095689\n|switch|p1a: Johnny Bravo|Melmetal|100\/100\n|-damage|p1a: Johnny Bravo|94\/100|[from] Stealth Rock\n|turn|24\n|\n|t:|1653095697\n|switch|p2a: Zapdos|Zapdos|100\/100\n|move|p1a: Johnny Bravo|Double Iron Bash|p2a: Zapdos\n|-resisted|p2a: Zapdos\n|-damage|p2a: Zapdos|85\/100\n|-resisted|p2a: Zapdos\n|-damage|p2a: Zapdos|70\/100\n|-hitcount|p2a: Zapdos|2\n|\n|upkeep\n|turn|25\n|\n|t:|1653095714\n|move|p2a: Zapdos|Toxic|p1a: Johnny Bravo\n|-immune|p1a: Johnny Bravo\n|move|p1a: Johnny Bravo|Toxic|p2a: Zapdos\n|-status|p2a: Zapdos|tox\n|\n|-damage|p2a: Zapdos|64\/100 tox|[from] psn\n|upkeep\n|turn|26\n|\n|t:|1653095722\n|switch|p1a: Zapdos|Zapdos|100\/100\n|-damage|p1a: Zapdos|76\/100|[from] Stealth Rock\n|move|p2a: Zapdos|Volt Switch|p1a: Zapdos\n|-damage|p1a: Zapdos|46\/100\n|\n|t:|1653095729\n|switch|p2a: Greninja|Greninja-Ash, M|82\/100|[from]move: Volt Switch\n|-damage|p2a: Greninja|70\/100|[from] Stealth Rock\n|\n|upkeep\n|turn|27\n|\n|t:|1653095738\n|move|p2a: Greninja|Dark Pulse|p1a: Zapdos\n|-damage|p1a: Zapdos|1\/100\n|move|p1a: Zapdos|Roost|p1a: Zapdos\n|-heal|p1a: Zapdos|51\/100\n|-singleturn|p1a: Zapdos|move: Roost\n|\n|upkeep\n|turn|28\n|\n|t:|1653095746\n|-zpower|p2a: Greninja\n|move|p2a: Greninja|Hydro Vortex|p1a: Zapdos|[zeffect]\n|-damage|p1a: Zapdos|0 fnt\n|faint|p1a: Zapdos\n|\n|upkeep\n|\n|t:|1653095756\n|switch|p1a: Johnny Bravo|Melmetal|94\/100\n|-damage|p1a: Johnny Bravo|88\/100|[from] Stealth Rock\n|turn|29\n|\n|t:|1653095761\n|switch|p2a: Zapdos|Zapdos|64\/100 tox\n|move|p1a: Johnny Bravo|Double Iron Bash|p2a: Zapdos\n|-resisted|p2a: Zapdos\n|-damage|p2a: Zapdos|49\/100 tox\n|-resisted|p2a: Zapdos\n|-damage|p2a: Zapdos|34\/100 tox\n|-hitcount|p2a: Zapdos|2\n|\n|-damage|p2a: Zapdos|28\/100 tox|[from] psn\n|upkeep\n|turn|30\n|\n|t:|1653095778\n|move|p2a: Zapdos|Roost|p2a: Zapdos\n|-heal|p2a: Zapdos|78\/100 tox\n|-singleturn|p2a: Zapdos|move: Roost\n|move|p1a: Johnny Bravo|Double Iron Bash|p2a: Zapdos\n|-resisted|p2a: Zapdos\n|-damage|p2a: Zapdos|61\/100 tox\n|-resisted|p2a: Zapdos\n|-damage|p2a: Zapdos|45\/100 tox\n|-hitcount|p2a: Zapdos|2\n|\n|-damage|p2a: Zapdos|33\/100 tox|[from] psn\n|upkeep\n|turn|31\n|\n|t:|1653095789\n|switch|p1a: Slowgatell|Slowbro, M|42\/100\n|-damage|p1a: Slowgatell|30\/100|[from] Stealth Rock\n|move|p2a: Zapdos|Roost|p2a: Zapdos\n|-heal|p2a: Zapdos|83\/100 tox\n|-singleturn|p2a: Zapdos|move: Roost\n|\n|-damage|p2a: Zapdos|65\/100 tox|[from] psn\n|upkeep\n|turn|32\n|\n|t:|1653095800\n|move|p2a: Zapdos|Volt Switch|p1a: Slowgatell\n|-supereffective|p1a: Slowgatell\n|-damage|p1a: Slowgatell|0 fnt\n|faint|p1a: Slowgatell\n|l| CrimsonDt\n|\n|t:|1653095820\n|switch|p2a: Medicham|Medicham, F|100\/100|[from]move: Volt Switch\n|-damage|p2a: Medicham|94\/100|[from] Stealth Rock\n|\n|upkeep\n|\n|t:|1653095826\n|switch|p1a: Johnny Bravo|Melmetal|88\/100\n|-damage|p1a: Johnny Bravo|82\/100|[from] Stealth Rock\n|turn|33\n|\n|t:|1653095833\n|detailschange|p2a: Medicham|Medicham-Mega, F\n|-mega|p2a: Medicham|Medicham|Medichamite\n|move|p2a: Medicham|Fake Out|p1a: Johnny Bravo\n|-resisted|p1a: Johnny Bravo\n|-damage|p1a: Johnny Bravo|75\/100\n|cant|p1a: Johnny Bravo|flinch\n|\n|upkeep\n|turn|34\n|\n|t:|1653095842\n|switch|p2a: Zapdos|Zapdos|65\/100 tox\n|move|p1a: Johnny Bravo|Double Iron Bash|p2a: Zapdos\n|-resisted|p2a: Zapdos\n|-crit|p2a: Zapdos\n|-damage|p2a: Zapdos|41\/100 tox\n|-resisted|p2a: Zapdos\n|-damage|p2a: Zapdos|27\/100 tox\n|-hitcount|p2a: Zapdos|2\n|\n|-damage|p2a: Zapdos|21\/100 tox|[from] psn\n|upkeep\n|turn|35\n|\n|t:|1653095853\n|move|p2a: Zapdos|Defog|p1a: Johnny Bravo\n|-unboost|p1a: Johnny Bravo|evasion|1\n|-sideend|p1: Fastpitchkiller|Stealth Rock|[from] move: Defog|[of] p2a: Zapdos\n|-sideend|p2: Juanita Trainer|Stealth Rock|[from] move: Defog|[of] p2a: Zapdos\n|move|p1a: Johnny Bravo|Double Iron Bash|p2a: Zapdos\n|-resisted|p2a: Zapdos\n|-damage|p2a: Zapdos|3\/100 tox\n|-resisted|p2a: Zapdos\n|-damage|p2a: Zapdos|0 fnt\n|faint|p2a: Zapdos\n|-hitcount|p2: Zapdos|2\n|\n|upkeep\n|\n|t:|1653095863\n|switch|p2a: Heatran|Heatran, M|54\/100\n|turn|36\n|\n|t:|1653095867\n|switch|p1a: Greninja|Greninja, M|100\/100\n|move|p2a: Heatran|Magma Storm|p1a: Greninja\n|-resisted|p1a: Greninja\n|-damage|p1a: Greninja|68\/100\n|-activate|p1a: Greninja|move: Magma Storm|[of] p2a: Heatran\n|\n|-damage|p1a: Greninja|56\/100|[from] move: Magma Storm|[partiallytrapped]\n|upkeep\n|turn|37\n|\n|t:|1653095881\n|move|p2a: Heatran|Protect|p2a: Heatran\n|-singleturn|p2a: Heatran|Protect\n|move|p1a: Greninja|Dark Pulse|p2a: Heatran\n|-activate|p2a: Heatran|move: Protect\n|\n|-damage|p1a: Greninja|43\/100|[from] move: Magma Storm|[partiallytrapped]\n|upkeep\n|turn|38\n|\n|t:|1653095890\n|move|p1a: Greninja|Dark Pulse|p2a: Heatran\n|-damage|p2a: Heatran|19\/100\n|cant|p2a: Heatran|flinch\n|\n|-damage|p1a: Greninja|31\/100|[from] move: Magma Storm|[partiallytrapped]\n|upkeep\n|turn|39\n|\n|t:|1653095898\n|move|p2a: Heatran|Protect|p2a: Heatran\n|-singleturn|p2a: Heatran|Protect\n|move|p1a: Greninja|Dark Pulse|p2a: Heatran\n|-activate|p2a: Heatran|move: Protect\n|\n|-damage|p1a: Greninja|19\/100|[from] move: Magma Storm|[partiallytrapped]\n|upkeep\n|turn|40\n|\n|t:|1653095907\n|switch|p2a: Ferrothorn|Ferrothorn, M|97\/100 par\n|move|p1a: Greninja|Dark Pulse|p2a: Ferrothorn\n|-damage|p2a: Ferrothorn|60\/100 par\n|\n|-heal|p2a: Ferrothorn|67\/100 par|[from] item: Leftovers\n|-end|p1a: Greninja|Magma Storm|[partiallytrapped]|[silent]\n|upkeep\n|turn|41\n|\n|t:|1653095915\n|switch|p1a: Kommo-o|Kommo-o, F|100\/100\n|move|p2a: Ferrothorn|Stealth Rock|p1a: Kommo-o\n|-sidestart|p1: Fastpitchkiller|move: Stealth Rock\n|\n|-heal|p2a: Ferrothorn|73\/100 par|[from] item: Leftovers\n|upkeep\n|turn|42\n|\n|t:|1653095924\n|move|p1a: Kommo-o|Clangorous Soul|p1a: Kommo-o\n|-boost|p1a: Kommo-o|atk|1\n|-boost|p1a: Kommo-o|def|1\n|-boost|p1a: Kommo-o|spa|1\n|-boost|p1a: Kommo-o|spd|1\n|-boost|p1a: Kommo-o|spe|1\n|-damage|p1a: Kommo-o|68\/100\n|cant|p2a: Ferrothorn|par\n|\n|-heal|p2a: Ferrothorn|79\/100 par|[from] item: Leftovers\n|upkeep\n|turn|43\n|\n|t:|1653095935\n|move|p1a: Kommo-o|Drain Punch|p2a: Ferrothorn\n|-supereffective|p2a: Ferrothorn\n|-damage|p2a: Ferrothorn|14\/100 par\n|-heal|p1a: Kommo-o|100\/100|[from] drain|[of] p2a: Ferrothorn\n|-damage|p1a: Kommo-o|88\/100|[from] ability: Iron Barbs|[of] p2a: Ferrothorn\n|move|p2a: Ferrothorn|Leech Seed|p1a: Kommo-o\n|-start|p1a: Kommo-o|move: Leech Seed\n|\n|-heal|p2a: Ferrothorn|21\/100 par|[from] item: Leftovers\n|-damage|p1a: Kommo-o|76\/100|[from] Leech Seed|[of] p2a: Ferrothorn\n|-heal|p2a: Ferrothorn|31\/100 par|[silent]\n|upkeep\n|turn|44\n|\n|t:|1653095954\n|move|p1a: Kommo-o|Drain Punch|p2a: Ferrothorn\n|-supereffective|p2a: Ferrothorn\n|-damage|p2a: Ferrothorn|0 fnt\n|-heal|p1a: Kommo-o|94\/100|[from] drain|[of] p2a: Ferrothorn\n|-damage|p1a: Kommo-o|82\/100|[from] ability: Iron Barbs|[of] p2a: Ferrothorn\n|faint|p2a: Ferrothorn\n|\n|upkeep\n|\n|t:|1653095963\n|switch|p2a: Medicham|Medicham-Mega, F|94\/100\n|turn|45\n|\n|t:|1653095969\n|-zpower|p1a: Kommo-o\n|move|p1a: Kommo-o|Clangorous Soulblaze|p2a: Medicham|[zeffect]\n|-damage|p2a: Medicham|0 fnt\n|faint|p2a: Medicham\n|-boost|p1a: Kommo-o|atk|1\n|-boost|p1a: Kommo-o|def|1\n|-boost|p1a: Kommo-o|spa|1\n|-boost|p1a: Kommo-o|spd|1\n|-boost|p1a: Kommo-o|spe|1\n|\n|upkeep\n|\n|t:|1653095982\n|switch|p2a: Greninja|Greninja-Ash, M|70\/100\n|turn|46\n|\n|t:|1653095986\n|move|p1a: Kommo-o|Drain Punch|p2a: Greninja\n|-supereffective|p2a: Greninja\n|-damage|p2a: Greninja|0 fnt\n|-heal|p1a: Kommo-o|100\/100|[from] drain|[of] p2a: Greninja\n|faint|p2a: Greninja\n|\n|upkeep\n|\n|t:|1653095992\n|switch|p2a: Heatran|Heatran, M|19\/100\n|turn|47\n|\n|t:|1653095996\n|move|p1a: Kommo-o|Drain Punch|p2a: Heatran\n|-supereffective|p2a: Heatran\n|-damage|p2a: Heatran|0 fnt\n|faint|p2a: Heatran\n|\n|win|Fastpitchkiller\n","uploadtime":1653096010,"views":11,"p1id":"fastpitchkiller","p2id":"juanitatrainer","formatid":"gen8nationaldex","rating":0,"private":0,"password":null}