{"id":"gen8ou-1650302653","p1":"reionatro","p2":"minimax_ai","format":"gen8ou","log":"|j|\u2606reionatro\n|j|\u2606minimax_ai\n|t:|1661700116\n|gametype|singles\n|player|p1|reionatro|169|1533\n|player|p2|minimax_ai|lusamine-nihilego|1571\n|teamsize|p1|6\n|teamsize|p2|6\n|gen|8\n|tier|[Gen 8] OU\n|rated|\n|rule|Sleep Clause Mod: Limit one foe put to sleep\n|rule|Species Clause: Limit one of each Pok\u00e9mon\n|rule|OHKO Clause: OHKO moves are banned\n|rule|Evasion Items Clause: Evasion items are banned\n|rule|Evasion Moves Clause: Evasion moves are banned\n|rule|Endless Battle Clause: Forcing endless battles is banned\n|rule|HP Percentage Mod: HP is shown in percentages\n|rule|Dynamax Clause: You cannot dynamax\n|clearpoke\n|poke|p1|Urshifu-*, F|\n|poke|p1|Tapu Koko|\n|poke|p1|Melmetal|\n|poke|p1|Zapdos|\n|poke|p1|Landorus-Therian, M|\n|poke|p1|Rillaboom, M|\n|poke|p2|Rotom-Wash|\n|poke|p2|Weavile, F|\n|poke|p2|Landorus-Therian, M|\n|poke|p2|Heatran, M|\n|poke|p2|Tangrowth, M|\n|poke|p2|Melmetal|\n|teampreview\n|inactive|Battle timer is ON: inactive players will automatically lose when time's up. (requested by minimax_ai)\n|c|\u2606minimax_ai|hf\n|c|\u2606reionatro|u2 bro\n|inactive|reionatro has 120 seconds left.\n|\n|t:|1661700158\n|start\n|switch|p1a: Tapu Koko|Tapu Koko|100\/100\n|switch|p2a: Tangrowth|Tangrowth, M|100\/100\n|-fieldstart|move: Electric Terrain|[from] ability: Electric Surge|[of] p1a: Tapu Koko\n|turn|1\n|\n|t:|1661700162\n|move|p1a: Tapu Koko|Volt Switch|p2a: Tangrowth\n|-resisted|p2a: Tangrowth\n|-damage|p2a: Tangrowth|61\/100\n|\n|t:|1661700166\n|switch|p1a: Zapdos|Zapdos|100\/100|[from]move: Volt Switch\n|move|p2a: Tangrowth|Giga Drain|p1a: Zapdos\n|-resisted|p1a: Zapdos\n|-damage|p1a: Zapdos|87\/100\n|-heal|p2a: Tangrowth|68\/100|[from] drain|[of] p1a: Zapdos\n|\n|upkeep\n|turn|2\n|\n|t:|1661700169\n|switch|p2a: landorustherian|Landorus-Therian, M|100\/100\n|-ability|p2a: landorustherian|Intimidate|boost\n|-unboost|p1a: Zapdos|atk|1\n|move|p1a: Zapdos|Hurricane|p2a: landorustherian\n|-damage|p2a: landorustherian|66\/100\n|\n|-heal|p2a: landorustherian|72\/100|[from] item: Leftovers\n|upkeep\n|turn|3\n|\n|t:|1661700172\n|switch|p1a: Landorus|Landorus-Therian, M|100\/100\n|-ability|p1a: Landorus|Intimidate|boost\n|-unboost|p2a: landorustherian|atk|1\n|move|p2a: landorustherian|Toxic|p1a: Landorus\n|-status|p1a: Landorus|tox\n|\n|-heal|p2a: landorustherian|78\/100|[from] item: Leftovers\n|-damage|p1a: Landorus|94\/100 tox|[from] psn\n|upkeep\n|turn|4\n|\n|t:|1661700175\n|switch|p2a: Tangrowth|Tangrowth, M|100\/100\n|move|p1a: Landorus|Stealth Rock|p2a: Tangrowth\n|-sidestart|p2: minimax_ai|move: Stealth Rock\n|\n|-heal|p1a: Landorus|100\/100 tox|[from] item: Leftovers\n|-damage|p1a: Landorus|88\/100 tox|[from] psn\n|upkeep\n|turn|5\n|\n|t:|1661700177\n|move|p1a: Landorus|U-turn|p2a: Tangrowth\n|-supereffective|p2a: Tangrowth\n|-damage|p2a: Tangrowth|76\/100\n|-damage|p1a: Landorus|72\/100 tox|[from] item: Rocky Helmet|[of] p2a: Tangrowth\n|\n|t:|1661700179\n|switch|p1a: Zapdos|Zapdos|87\/100|[from]move: U-turn\n|move|p2a: Tangrowth|Giga Drain|p1a: Zapdos\n|-resisted|p1a: Zapdos\n|-damage|p1a: Zapdos|74\/100\n|-heal|p2a: Tangrowth|82\/100|[from] drain|[of] p1a: Zapdos\n|\n|-fieldend|move: Electric Terrain\n|upkeep\n|turn|6\n|\n|t:|1661700183\n|switch|p2a: landorustherian|Landorus-Therian, M|78\/100\n|-damage|p2a: landorustherian|66\/100|[from] Stealth Rock\n|-ability|p2a: landorustherian|Intimidate|boost\n|-unboost|p1a: Zapdos|atk|1\n|move|p1a: Zapdos|Hurricane|p2a: landorustherian|[miss]\n|-miss|p1a: Zapdos|p2a: landorustherian\n|\n|-heal|p2a: landorustherian|72\/100|[from] item: Leftovers\n|upkeep\n|turn|7\n|\n|t:|1661700187\n|switch|p1a: Landorus|Landorus-Therian, M|72\/100 tox\n|-ability|p1a: Landorus|Intimidate|boost\n|-unboost|p2a: landorustherian|atk|1\n|move|p2a: landorustherian|Defog|p1a: Landorus\n|-unboost|p1a: Landorus|evasion|1\n|-sideend|p2: minimax_ai|Stealth Rock|[from] move: Defog|[of] p2a: landorustherian\n|\n|-heal|p1a: Landorus|78\/100 tox|[from] item: Leftovers\n|-heal|p2a: landorustherian|78\/100|[from] item: Leftovers\n|-damage|p1a: Landorus|72\/100 tox|[from] psn\n|upkeep\n|turn|8\n|\n|t:|1661700190\n|switch|p2a: Heatran|Heatran, M|100\/100\n|-item|p2a: Heatran|Air Balloon\n|move|p1a: Landorus|Stealth Rock|p2a: Heatran\n|-sidestart|p2: minimax_ai|move: Stealth Rock\n|\n|-heal|p1a: Landorus|78\/100 tox|[from] item: Leftovers\n|-damage|p1a: Landorus|66\/100 tox|[from] psn\n|upkeep\n|turn|9\n|\n|t:|1661700194\n|move|p2a: Heatran|Eruption|p1a: Landorus\n|-damage|p1a: Landorus|0 fnt\n|faint|p1a: Landorus\n|\n|upkeep\n|\n|t:|1661700203\n|switch|p1a: Urshifu|Urshifu-Rapid-Strike, F|100\/100\n|turn|10\n|\n|t:|1661700212\n|switch|p1a: Zapdos|Zapdos|74\/100\n|switch|p2a: Tangrowth|Tangrowth, M|100\/100\n|-damage|p2a: Tangrowth|88\/100|[from] Stealth Rock\n|\n|upkeep\n|turn|11\n|\n|t:|1661700214\n|switch|p2a: landorustherian|Landorus-Therian, M|78\/100\n|-damage|p2a: landorustherian|65\/100|[from] Stealth Rock\n|-ability|p2a: landorustherian|Intimidate|boost\n|-unboost|p1a: Zapdos|atk|1\n|move|p1a: Zapdos|Roost|p1a: Zapdos\n|-heal|p1a: Zapdos|100\/100\n|-singleturn|p1a: Zapdos|move: Roost\n|\n|-heal|p2a: landorustherian|71\/100|[from] item: Leftovers\n|upkeep\n|turn|12\n|\n|t:|1661700226\n|switch|p1a: Melmetal|Melmetal|100\/100\n|move|p2a: landorustherian|Defog|p1a: Melmetal\n|-unboost|p1a: Melmetal|evasion|1\n|-sideend|p2: minimax_ai|Stealth Rock|[from] move: Defog|[of] p2a: landorustherian\n|\n|-heal|p2a: landorustherian|77\/100|[from] item: Leftovers\n|upkeep\n|turn|13\n|\n|t:|1661700231\n|switch|p2a: rotomwash|Rotom-Wash|100\/100\n|move|p1a: Melmetal|Double Iron Bash|p2a: rotomwash\n|-resisted|p2a: rotomwash\n|-damage|p2a: rotomwash|88\/100\n|-resisted|p2a: rotomwash\n|-damage|p2a: rotomwash|77\/100\n|-hitcount|p2a: rotomwash|2\n|\n|-heal|p2a: rotomwash|83\/100|[from] item: Leftovers\n|upkeep\n|turn|14\n|\n|t:|1661700237\n|move|p1a: Melmetal|Protect|p1a: Melmetal\n|-singleturn|p1a: Melmetal|Protect\n|move|p2a: rotomwash|Thunderbolt|p1a: Melmetal\n|-activate|p1a: Melmetal|move: Protect\n|\n|-heal|p2a: rotomwash|89\/100|[from] item: Leftovers\n|upkeep\n|turn|15\n|\n|t:|1661700245\n|switch|p1a: Rillaboom|Rillaboom, M|100\/100\n|-fieldstart|move: Grassy Terrain|[from] ability: Grassy Surge|[of] p1a: Rillaboom\n|move|p2a: rotomwash|Thunderbolt|p1a: Rillaboom\n|-resisted|p1a: Rillaboom\n|-damage|p1a: Rillaboom|79\/100\n|\n|-heal|p2a: rotomwash|96\/100|[from] item: Leftovers\n|-heal|p1a: Rillaboom|86\/100|[from] Grassy Terrain\n|-heal|p1a: Rillaboom|92\/100|[from] item: Leftovers\n|upkeep\n|turn|16\n|\n|t:|1661700248\n|switch|p2a: Tangrowth|Tangrowth, M|100\/100\n|move|p1a: Rillaboom|Swords Dance|p1a: Rillaboom\n|-boost|p1a: Rillaboom|atk|2\n|\n|-heal|p1a: Rillaboom|98\/100|[from] Grassy Terrain\n|-heal|p1a: Rillaboom|100\/100|[from] item: Leftovers\n|upkeep\n|turn|17\n|\n|t:|1661700270\n|move|p1a: Rillaboom|Swords Dance|p1a: Rillaboom\n|-boost|p1a: Rillaboom|atk|2\n|move|p2a: Tangrowth|Knock Off|p1a: Rillaboom\n|-damage|p1a: Rillaboom|81\/100\n|-enditem|p1a: Rillaboom|Leftovers|[from] move: Knock Off|[of] p2a: Tangrowth\n|\n|-heal|p1a: Rillaboom|87\/100|[from] Grassy Terrain\n|upkeep\n|turn|18\n|\n|t:|1661700279\n|move|p1a: Rillaboom|Knock Off|p2a: Tangrowth\n|-damage|p2a: Tangrowth|41\/100\n|-damage|p1a: Rillaboom|71\/100|[from] item: Rocky Helmet|[of] p2a: Tangrowth\n|-enditem|p2a: Tangrowth|Rocky Helmet|[from] move: Knock Off|[of] p1a: Rillaboom\n|move|p2a: Tangrowth|Focus Blast|p1a: Rillaboom|[miss]\n|-miss|p2a: Tangrowth|p1a: Rillaboom\n|\n|-heal|p1a: Rillaboom|77\/100|[from] Grassy Terrain\n|-heal|p2a: Tangrowth|47\/100|[from] Grassy Terrain\n|upkeep\n|turn|19\n|\n|t:|1661700281\n|move|p1a: Rillaboom|Drain Punch|p2a: Tangrowth\n|-damage|p2a: Tangrowth|2\/100\n|-heal|p1a: Rillaboom|99\/100|[from] drain|[of] p2a: Tangrowth\n|move|p2a: Tangrowth|Giga Drain|p1a: Rillaboom\n|-resisted|p1a: Rillaboom\n|-damage|p1a: Rillaboom|78\/100\n|-heal|p2a: Tangrowth|13\/100|[from] drain|[of] p1a: Rillaboom\n|\n|-heal|p1a: Rillaboom|84\/100|[from] Grassy Terrain\n|-heal|p2a: Tangrowth|19\/100|[from] Grassy Terrain\n|-fieldend|move: Grassy Terrain\n|upkeep\n|turn|20\n|\n|t:|1661700284\n|move|p1a: Rillaboom|Drain Punch|p2a: Tangrowth\n|-damage|p2a: Tangrowth|0 fnt\n|-heal|p1a: Rillaboom|94\/100|[from] drain|[of] p2a: Tangrowth\n|faint|p2a: Tangrowth\n|\n|upkeep\n|\n|t:|1661700285\n|switch|p2a: Heatran|Heatran, M|100\/100\n|-item|p2a: Heatran|Air Balloon\n|turn|21\n|\n|t:|1661700297\n|switch|p1a: Tapu Koko|Tapu Koko|100\/100\n|-fieldstart|move: Electric Terrain|[from] ability: Electric Surge|[of] p1a: Tapu Koko\n|move|p2a: Heatran|Eruption|p1a: Tapu Koko\n|-damage|p1a: Tapu Koko|0 fnt\n|faint|p1a: Tapu Koko\n|\n|upkeep\n|\n|t:|1661700302\n|switch|p1a: Urshifu|Urshifu-Rapid-Strike, F|100\/100\n|turn|22\n|\n|t:|1661700304\n|switch|p2a: rotomwash|Rotom-Wash|96\/100\n|move|p1a: Urshifu|Surging Strikes|p2a: rotomwash\n|-resisted|p2a: rotomwash\n|-crit|p2a: rotomwash\n|-damage|p2a: rotomwash|85\/100\n|-resisted|p2a: rotomwash\n|-crit|p2a: rotomwash\n|-damage|p2a: rotomwash|73\/100\n|-resisted|p2a: rotomwash\n|-crit|p2a: rotomwash\n|-damage|p2a: rotomwash|61\/100\n|-hitcount|p2a: rotomwash|3\n|\n|-heal|p2a: rotomwash|68\/100|[from] item: Leftovers\n|upkeep\n|turn|23\n|\n|t:|1661700333\n|move|p1a: Urshifu|Close Combat|p2a: rotomwash\n|-damage|p2a: rotomwash|0 fnt\n|-unboost|p1a: Urshifu|def|1\n|-unboost|p1a: Urshifu|spd|1\n|faint|p2a: rotomwash\n|\n|upkeep\n|\n|t:|1661700333\n|switch|p2a: Melmetal|Melmetal|100\/100\n|turn|24\n|\n|t:|1661700346\n|switch|p1a: Zapdos|Zapdos|100\/100\n|move|p2a: Melmetal|Thunder Punch|p1a: Zapdos\n|-damage|p1a: Zapdos|64\/100\n|\n|upkeep\n|turn|25\n|\n|t:|1661700353\n|move|p1a: Zapdos|Roost|p1a: Zapdos\n|-heal|p1a: Zapdos|100\/100\n|-singleturn|p1a: Zapdos|move: Roost\n|move|p2a: Melmetal|Thunder Punch|p1a: Zapdos\n|-resisted|p1a: Zapdos\n|-damage|p1a: Zapdos|84\/100\n|\n|-fieldend|move: Electric Terrain\n|upkeep\n|turn|26\n|\n|t:|1661700363\n|move|p1a: Zapdos|Hurricane|p2a: Melmetal\n|-resisted|p2a: Melmetal\n|-damage|p2a: Melmetal|89\/100\n|move|p2a: Melmetal|Double Iron Bash|p1a: Zapdos\n|-resisted|p1a: Zapdos\n|-damage|p1a: Zapdos|69\/100\n|-resisted|p1a: Zapdos\n|-damage|p1a: Zapdos|52\/100\n|-hitcount|p1a: Zapdos|2\n|\n|upkeep\n|turn|27\n|\n|t:|1661700370\n|move|p1a: Zapdos|Roost|p1a: Zapdos\n|-heal|p1a: Zapdos|100\/100\n|-singleturn|p1a: Zapdos|move: Roost\n|move|p2a: Melmetal|Ice Punch|p1a: Zapdos\n|-damage|p1a: Zapdos|75\/100\n|\n|upkeep\n|turn|28\n|\n|t:|1661700374\n|move|p1a: Zapdos|Volt Switch|p2a: Melmetal\n|-damage|p2a: Melmetal|74\/100\n|\n|t:|1661700377\n|switch|p1a: Melmetal|Melmetal|100\/100|[from]move: Volt Switch\n|move|p2a: Melmetal|Double Iron Bash|p1a: Melmetal\n|-resisted|p1a: Melmetal\n|-damage|p1a: Melmetal|89\/100\n|-resisted|p1a: Melmetal\n|-damage|p1a: Melmetal|76\/100\n|-hitcount|p1a: Melmetal|2\n|\n|-heal|p1a: Melmetal|82\/100|[from] item: Leftovers\n|upkeep\n|turn|29\n|\n|t:|1661700382\n|move|p2a: Melmetal|Earthquake|p1a: Melmetal\n|-supereffective|p1a: Melmetal\n|-damage|p1a: Melmetal|34\/100\n|move|p1a: Melmetal|Double Iron Bash|p2a: Melmetal\n|-resisted|p2a: Melmetal\n|-damage|p2a: Melmetal|62\/100\n|-resisted|p2a: Melmetal\n|-damage|p2a: Melmetal|50\/100\n|-hitcount|p2a: Melmetal|2\n|\n|-heal|p1a: Melmetal|40\/100|[from] item: Leftovers\n|upkeep\n|turn|30\n|\n|t:|1661700390\n|move|p1a: Melmetal|Protect|p1a: Melmetal\n|-singleturn|p1a: Melmetal|Protect\n|move|p2a: Melmetal|Double Iron Bash|p1a: Melmetal\n|-activate|p1a: Melmetal|move: Protect\n|\n|-heal|p1a: Melmetal|46\/100|[from] item: Leftovers\n|upkeep\n|turn|31\n|\n|t:|1661700398\n|move|p2a: Melmetal|Double Iron Bash|p1a: Melmetal\n|-resisted|p1a: Melmetal\n|-damage|p1a: Melmetal|35\/100\n|-resisted|p1a: Melmetal\n|-damage|p1a: Melmetal|23\/100\n|-hitcount|p1a: Melmetal|2\n|cant|p1a: Melmetal|flinch\n|\n|-heal|p1a: Melmetal|29\/100|[from] item: Leftovers\n|upkeep\n|turn|32\n|\n|t:|1661700401\n|move|p1a: Melmetal|Protect|p1a: Melmetal\n|-singleturn|p1a: Melmetal|Protect\n|move|p2a: Melmetal|Double Iron Bash|p1a: Melmetal\n|-activate|p1a: Melmetal|move: Protect\n|\n|-heal|p1a: Melmetal|35\/100|[from] item: Leftovers\n|upkeep\n|turn|33\n|\n|t:|1661700406\n|move|p2a: Melmetal|Double Iron Bash|p1a: Melmetal\n|-resisted|p1a: Melmetal\n|-damage|p1a: Melmetal|23\/100\n|-resisted|p1a: Melmetal\n|-damage|p1a: Melmetal|11\/100\n|-hitcount|p1a: Melmetal|2\n|move|p1a: Melmetal|Earthquake|p2a: Melmetal\n|-supereffective|p2a: Melmetal\n|-damage|p2a: Melmetal|6\/100\n|\n|-heal|p1a: Melmetal|17\/100|[from] item: Leftovers\n|upkeep\n|turn|34\n|\n|t:|1661700410\n|move|p2a: Melmetal|Thunder Punch|p1a: Melmetal\n|-damage|p1a: Melmetal|0 fnt\n|faint|p1a: Melmetal\n|\n|upkeep\n|\n|t:|1661700414\n|switch|p1a: Urshifu|Urshifu-Rapid-Strike, F|100\/100\n|turn|35\n|\n|t:|1661700416\n|move|p1a: Urshifu|Surging Strikes|p2a: Melmetal\n|-crit|p2a: Melmetal\n|-damage|p2a: Melmetal|0 fnt\n|faint|p2a: Melmetal\n|-hitcount|p2: Melmetal|1\n|\n|upkeep\n|\n|t:|1661700416\n|switch|p2a: landorustherian|Landorus-Therian, M|77\/100\n|-ability|p2a: landorustherian|Intimidate|boost\n|-unboost|p1a: Urshifu|atk|1\n|turn|36\n|\n|t:|1661700421\n|move|p1a: Urshifu|Surging Strikes|p2a: landorustherian\n|-supereffective|p2a: landorustherian\n|-crit|p2a: landorustherian\n|-damage|p2a: landorustherian|36\/100\n|-supereffective|p2a: landorustherian\n|-crit|p2a: landorustherian\n|-damage|p2a: landorustherian|0 fnt\n|faint|p2a: landorustherian\n|-hitcount|p2: landorustherian|2\n|\n|upkeep\n|\n|t:|1661700421\n|switch|p2a: Heatran|Heatran, M|100\/100\n|-item|p2a: Heatran|Air Balloon\n|turn|37\n|\n|t:|1661700427\n|move|p1a: Urshifu|Surging Strikes|p2a: Heatran\n|-supereffective|p2a: Heatran\n|-crit|p2a: Heatran\n|-damage|p2a: Heatran|58\/100\n|-enditem|p2a: Heatran|Air Balloon\n|-supereffective|p2a: Heatran\n|-crit|p2a: Heatran\n|-damage|p2a: Heatran|17\/100\n|-supereffective|p2a: Heatran\n|-crit|p2a: Heatran\n|-damage|p2a: Heatran|0 fnt\n|faint|p2a: Heatran\n|-hitcount|p2: Heatran|3\n|\n|upkeep\n|\n|t:|1661700427\n|switch|p2a: Weavile|Weavile, F|100\/100\n|-ability|p2a: Weavile|Pressure\n|turn|38\n|\n|t:|1661700430\n|move|p2a: Weavile|Low Kick|p1a: Urshifu\n|-damage|p1a: Urshifu|47\/100\n|move|p1a: Urshifu|Close Combat|p2a: Weavile\n|-supereffective|p2a: Weavile\n|-damage|p2a: Weavile|0 fnt\n|-unboost|p1a: Urshifu|def|1\n|-unboost|p1a: Urshifu|spd|1\n|faint|p2a: Weavile\n|\n|win|reionatro\n|raw|reionatro's rating: 1533 &rarr; <strong>1554<\/strong><br \/>(+21 for winning)\n|raw|minimax_ai's rating: 1548 &rarr; <strong>1527<\/strong><br \/>(-21 for losing)\n|c|\u2606minimax_ai|gg\n","uploadtime":1661700433,"views":51,"p1id":"reionatro","p2id":"minimaxai","formatid":"gen8ou","rating":1527,"private":0,"password":null}