{"id":"gen8bdspou-1511783390","p1":"Stryke Out","p2":"galarian dragapult","format":"gen8bdspou","log":"|j|\u2606Stryke Out\n|j|\u2606galarian dragapult\n|t:|1644963082\n|gametype|singles\n|player|p1|Stryke Out|cynthia-gen4|1548\n|player|p2|galarian dragapult|169|1648\n|teamsize|p1|6\n|teamsize|p2|6\n|gen|8\n|tier|[Gen 8 BDSP] OU\n|rated|\n|rule|Sleep Clause Mod: Limit one foe put to sleep\n|rule|Species Clause: Limit one of each Pok\u00e9mon\n|rule|OHKO Clause: OHKO moves are banned\n|rule|Evasion Moves Clause: Evasion moves are banned\n|rule|Endless Battle Clause: Forcing endless battles is banned\n|rule|HP Percentage Mod: HP is shown in percentages\n|clearpoke\n|poke|p1|Dragonite, F|\n|poke|p1|Breloom, F|\n|poke|p1|Scizor, M|\n|poke|p1|Snorlax, F|\n|poke|p1|Azelf|\n|poke|p1|Garchomp, F|\n|poke|p2|Garchomp, F|\n|poke|p2|Rotom-Wash|\n|poke|p2|Scizor, M|\n|poke|p2|Togekiss, M|\n|poke|p2|Blissey, F|\n|poke|p2|Breloom, M|\n|teampreview\n|\n|t:|1644963095\n|start\n|switch|p1a: Azelf|Azelf|100\/100\n|switch|p2a: Garchomp|Garchomp, F|100\/100\n|turn|1\n|inactive|Battle timer is ON: inactive players will automatically lose when time's up. (requested by galarian dragapult)\n|\n|t:|1644963099\n|move|p1a: Azelf|Stealth Rock|p2a: Garchomp\n|-sidestart|p2: galarian dragapult|move: Stealth Rock\n|move|p2a: Garchomp|Swords Dance|p2a: Garchomp\n|-boost|p2a: Garchomp|atk|2\n|\n|upkeep\n|turn|2\n|\n|t:|1644963102\n|move|p1a: Azelf|Psychic|p2a: Garchomp\n|-damage|p2a: Garchomp|48\/100\n|move|p2a: Garchomp|Iron Head|p1a: Azelf\n|-damage|p1a: Azelf|19\/100\n|\n|-heal|p2a: Garchomp|54\/100|[from] item: Leftovers\n|upkeep\n|turn|3\n|\n|t:|1644963108\n|move|p1a: Azelf|Flamethrower|p2a: Garchomp\n|-resisted|p2a: Garchomp\n|-damage|p2a: Garchomp|37\/100\n|move|p2a: Garchomp|Iron Head|p1a: Azelf\n|-damage|p1a: Azelf|0 fnt\n|faint|p1a: Azelf\n|\n|-heal|p2a: Garchomp|43\/100|[from] item: Leftovers\n|upkeep\n|\n|t:|1644963115\n|switch|p1a: Garchomp|Garchomp, F|100\/100\n|turn|4\n|\n|t:|1644963124\n|move|p1a: Garchomp|Earthquake|p2a: Garchomp\n|-damage|p2a: Garchomp|0 fnt\n|faint|p2a: Garchomp\n|\n|upkeep\n|\n|t:|1644963127\n|switch|p2a: Togekiss|Togekiss, M, shiny|100\/100\n|-damage|p2a: Togekiss|76\/100|[from] Stealth Rock\n|turn|5\n|\n|t:|1644963131\n|switch|p1a: Snorlax|Snorlax, F|100\/100\n|move|p2a: Togekiss|Nasty Plot|p2a: Togekiss\n|-boost|p2a: Togekiss|spa|2\n|\n|-heal|p2a: Togekiss|82\/100|[from] item: Leftovers\n|upkeep\n|turn|6\n|j| waste yrself\n|\n|t:|1644963137\n|move|p2a: Togekiss|Air Slash|p1a: Snorlax\n|-damage|p1a: Snorlax|64\/100\n|move|p1a: Snorlax|Heavy Slam|p2a: Togekiss\n|-supereffective|p2a: Togekiss\n|-damage|p2a: Togekiss|0 fnt\n|faint|p2a: Togekiss\n|\n|upkeep\n|\n|t:|1644963142\n|switch|p2a: Scizor|Scizor, M, shiny|100\/100\n|-damage|p2a: Scizor|88\/100|[from] Stealth Rock\n|turn|7\n|\n|t:|1644963146\n|switch|p1a: Scizor|Scizor, M|100\/100\n|move|p2a: Scizor|Defog|p1a: Scizor\n|-unboost|p1a: Scizor|evasion|1\n|-sideend|p2: galarian dragapult|Stealth Rock|[from] move: Defog|[of] p2a: Scizor\n|\n|-heal|p2a: Scizor|94\/100|[from] item: Leftovers\n|upkeep\n|turn|8\n|\n|t:|1644963152\n|move|p1a: Scizor|U-turn|p2a: Scizor\n|-resisted|p2a: Scizor\n|-crit|p2a: Scizor\n|-damage|p2a: Scizor|75\/100\n|\n|t:|1644963156\n|switch|p1a: Garchomp|Garchomp, F|100\/100|[from]move: U-turn\n|move|p2a: Scizor|U-turn|p1a: Garchomp\n|-damage|p1a: Garchomp|71\/100\n|-damage|p2a: Scizor|63\/100|[from] ability: Rough Skin|[of] p1a: Garchomp\n|\n|t:|1644963164\n|switch|p2a: Rotom|Rotom-Wash, shiny|100\/100|[from]move: U-turn\n|\n|upkeep\n|turn|9\n|\n|t:|1644963170\n|switch|p1a: Dragonite|Dragonite, F|100\/100\n|move|p2a: Rotom|Hydro Pump|p1a: Dragonite\n|-resisted|p1a: Dragonite\n|-damage|p1a: Dragonite|91\/100\n|\n|upkeep\n|turn|10\n|\n|t:|1644963174\n|switch|p2a: Blissey|Blissey, F, shiny|100\/100\n|move|p1a: Dragonite|Draco Meteor|p2a: Blissey|[miss]\n|-miss|p1a: Dragonite|p2a: Blissey\n|\n|upkeep\n|turn|11\n|\n|t:|1644963181\n|switch|p1a: Scizor|Scizor, M|100\/100\n|switch|p2a: Breloom|Breloom, M, shiny|100\/100\n|\n|upkeep\n|turn|12\n|\n|t:|1644963184\n|move|p2a: Breloom|Force Palm|p1a: Scizor\n|-damage|p1a: Scizor|18\/100\n|move|p1a: Scizor|U-turn|p2a: Breloom\n|-damage|p2a: Breloom|49\/100\n|\n|t:|1644963187\n|switch|p1a: Breloom|Breloom, F|100\/100|[from]move: U-turn\n|\n|upkeep\n|turn|13\n|\n|t:|1644963195\n|switch|p2a: Scizor|Scizor, M, shiny|63\/100\n|move|p1a: Breloom|Mach Punch|p2a: Scizor\n|-damage|p2a: Scizor|28\/100\n|\n|-heal|p2a: Scizor|34\/100|[from] item: Leftovers\n|upkeep\n|turn|14\n|\n|t:|1644963198\n|move|p1a: Breloom|Mach Punch|p2a: Scizor\n|-damage|p2a: Scizor|0 fnt\n|faint|p2a: Scizor\n|\n|upkeep\n|\n|t:|1644963200\n|switch|p2a: Rotom|Rotom-Wash, shiny|100\/100\n|turn|15\n|\n|t:|1644963210\n|switch|p1a: Scizor|Scizor, M|18\/100\n|move|p2a: Rotom|Will-O-Wisp|p1a: Scizor\n|-status|p1a: Scizor|brn\n|\n|-heal|p1a: Scizor|24\/100 brn|[from] item: Leftovers\n|-damage|p1a: Scizor|18\/100 brn|[from] brn\n|upkeep\n|turn|16\n|\n|t:|1644963212\n|move|p2a: Rotom|Will-O-Wisp|p1a: Scizor\n|-fail|p1a: Scizor|brn\n|move|p1a: Scizor|U-turn|p2a: Rotom\n|-damage|p2a: Rotom|87\/100\n|\n|t:|1644963216\n|switch|p1a: Dragonite|Dragonite, F|91\/100|[from]move: U-turn\n|\n|upkeep\n|turn|17\n|\n|t:|1644963219\n|switch|p2a: Blissey|Blissey, F, shiny|100\/100\n|move|p1a: Dragonite|Draco Meteor|p2a: Blissey\n|-damage|p2a: Blissey|68\/100\n|-unboost|p1a: Dragonite|spa|2\n|\n|-heal|p2a: Blissey|74\/100|[from] item: Leftovers\n|upkeep\n|turn|18\n|\n|t:|1644963224\n|switch|p1a: Breloom|Breloom, F|100\/100\n|switch|p2a: Breloom|Breloom, M, shiny|49\/100\n|\n|upkeep\n|turn|19\n|\n|t:|1644963228\n|move|p1a: Breloom|Mach Punch|p2a: Breloom\n|-damage|p2a: Breloom|0 fnt\n|faint|p2a: Breloom\n|\n|upkeep\n|-message|galarian dragapult forfeited.\n|\n|win|Stryke Out\n|raw|Stryke Out's rating: 1548 &rarr; <strong>1574<\/strong><br \/>(+26 for winning)\n|raw|galarian dragapult's rating: 1648 &rarr; <strong>1622<\/strong><br \/>(-26 for losing)\n|l|\u2606galarian dragapult\n","uploadtime":1644963237,"views":13,"p1id":"strykeout","p2id":"galariandragapult","formatid":"gen8bdspou","rating":1574,"private":0,"password":null}