{"id":"gen8ou-1146871413","p1":"Jakkkkkka","p2":"Charmalane","format":"gen8ou","log":"|j|\u2606Jakkkkkka\n|j|\u2606Charmalane\n|player|p1|Jakkkkkka|norman|1640\n|player|p2|Charmalane|brawly|1710\n|teamsize|p1|6\n|teamsize|p2|6\n|gametype|singles\n|gen|8\n|tier|[Gen 8] OU\n|rated|\n|clearpoke\n|poke|p1|Rillaboom, F|\n|poke|p1|Kyurem|\n|poke|p1|Magearna|\n|poke|p1|Volcarona, M|\n|poke|p1|Terrakion|\n|poke|p1|Zeraora|\n|poke|p2|Mew|\n|poke|p2|Grimmsnarl, M|\n|poke|p2|Magearna-Original|\n|poke|p2|Cloyster, F|\n|poke|p2|Volcarona, F|\n|poke|p2|Azumarill, M|\n|rule|Sleep Clause Mod: Limit one foe put to sleep\n|rule|Species Clause: Limit one of each Pok\u00e9mon\n|rule|OHKO Clause: OHKO moves are banned\n|rule|Evasion Moves Clause: Evasion moves are banned\n|rule|Endless Battle Clause: Forcing endless battles is banned\n|rule|HP Percentage Mod: HP is shown in percentages\n|rule|Dynamax Clause: You cannot dynamax\n|teampreview\n|\n|start\n|switch|p1a: Terrakion|Terrakion|100\/100\n|switch|p2a: Green Goblin|Grimmsnarl, M|100\/100\n|turn|1\n|\n|move|p2a: Green Goblin|Taunt|p1a: Terrakion\n|-start|p1a: Terrakion|move: Taunt\n|move|p1a: Terrakion|Close Combat|p2a: Green Goblin\n|-crit|p2a: Green Goblin\n|-damage|p2a: Green Goblin|0 fnt\n|-unboost|p1a: Terrakion|def|1\n|-unboost|p1a: Terrakion|spd|1\n|faint|p2a: Green Goblin\n|\n|upkeep\n|\n|switch|p2a: Happy|Mew, shiny|100\/100\n|turn|2\n|\n|switch|p1a: Volcarona|Volcarona, M|100\/100\n|move|p2a: Happy|Stealth Rock|p1a: Volcarona\n|-sidestart|p1: Jakkkkkka|move: Stealth Rock\n|\n|upkeep\n|turn|3\n|\n|move|p1a: Volcarona|Bug Buzz|p2a: Happy\n|-supereffective|p2a: Happy\n|-damage|p2a: Happy|11\/100\n|-enditem|p2a: Happy|Red Card|[of] p1a: Volcarona\n|drag|p1a: Kyurem|Kyurem|100\/100\n|-damage|p1a: Kyurem|76\/100|[from] Stealth Rock\n|-ability|p1a: Kyurem|Pressure\n|move|p2a: Happy|Taunt|p1a: Kyurem\n|-start|p1a: Kyurem|move: Taunt\n|\n|upkeep\n|turn|4\n|\n|move|p2a: Happy|Flare Blitz|p1a: Kyurem\n|-damage|p1a: Kyurem|50\/100\n|-damage|p2a: Happy|3\/100|[from] Recoil\n|move|p1a: Kyurem|Freeze-Dry|p2a: Happy\n|-damage|p2a: Happy|0 fnt\n|faint|p2a: Happy\n|\n|upkeep\n|\n|switch|p2a: Eclipsa|Volcarona, F|100\/100\n|turn|5\n|\n|switch|p1a: Volcarona|Volcarona, M|100\/100\n|move|p2a: Eclipsa|Quiver Dance|p2a: Eclipsa\n|-boost|p2a: Eclipsa|spa|1\n|-boost|p2a: Eclipsa|spd|1\n|-boost|p2a: Eclipsa|spe|1\n|\n|upkeep\n|turn|6\n|\n|move|p2a: Eclipsa|Quiver Dance|p2a: Eclipsa\n|-boost|p2a: Eclipsa|spa|1\n|-boost|p2a: Eclipsa|spd|1\n|-boost|p2a: Eclipsa|spe|1\n|move|p1a: Volcarona|Quiver Dance|p1a: Volcarona\n|-boost|p1a: Volcarona|spa|1\n|-boost|p1a: Volcarona|spd|1\n|-boost|p1a: Volcarona|spe|1\n|\n|upkeep\n|turn|7\n|inactive|Battle timer is ON: inactive players will automatically lose when time's up. (requested by Jakkkkkka)\n|\n|move|p2a: Eclipsa|Fiery Dance|p1a: Volcarona\n|-damage|p1a: Volcarona|38\/100\n|-boost|p2a: Eclipsa|spa|1\n|move|p1a: Volcarona|Flamethrower|p2a: Eclipsa\n|-damage|p2a: Eclipsa|60\/100\n|\n|upkeep\n|turn|8\n|\n|move|p2a: Eclipsa|Fiery Dance|p1a: Volcarona\n|-damage|p1a: Volcarona|0 fnt\n|faint|p1a: Volcarona\n|\n|upkeep\n|-message|Jakkkkkka forfeited.\n|\n|win|Charmalane\n|l|\u2606Jakkkkkka\n||Ladder (probably) updated, but score could not be retrieved (Request timeout).\n","uploadtime":1594143114,"views":16,"p1id":"jakkkkkka","p2id":"charmalane","formatid":"gen8ou","rating":0,"private":0,"password":null}