{"id":"gen8ou-1667506819","p1":"hjrick17","p2":"broked on bricks","format":"gen8ou","log":"|j|\u2606hjrick17\n|j|\u2606broked on bricks\n|t:|1663528945\n|gametype|singles\n|player|p1|hjrick17|169|1694\n|player|p2|broked on bricks|will-gen2|1712\n|teamsize|p1|6\n|teamsize|p2|6\n|gen|8\n|tier|[Gen 8] OU\n|rated|\n|rule|Sleep Clause Mod: Limit one foe put to sleep\n|rule|Species Clause: Limit one of each Pok\u00e9mon\n|rule|OHKO Clause: OHKO moves are banned\n|rule|Evasion Items Clause: Evasion items are banned\n|rule|Evasion Moves Clause: Evasion moves are banned\n|rule|Endless Battle Clause: Forcing endless battles is banned\n|rule|HP Percentage Mod: HP is shown in percentages\n|rule|Dynamax Clause: You cannot dynamax\n|clearpoke\n|poke|p1|Umbreon, F|\n|poke|p1|Reuniclus, M|\n|poke|p1|Rillaboom, F|\n|poke|p1|Ferrothorn, M|\n|poke|p1|Heatran, M|\n|poke|p1|Avalugg, F|\n|poke|p2|Pelipper, M|\n|poke|p2|Keldeo-Resolute|\n|poke|p2|Dragapult, F|\n|poke|p2|Tapu Lele|\n|poke|p2|Melmetal|\n|poke|p2|Landorus-Therian, M|\n|teampreview\n|c|\u2606broked on bricks|sick team\n|inactive|Battle timer is ON: inactive players will automatically lose when time's up. (requested by broked on bricks)\n|\n|t:|1663528960\n|start\n|switch|p1a: Ferrothorn|Ferrothorn, M|100\/100\n|switch|p2a: PENTADACTYL LIMB|Pelipper, M|100\/100\n|-weather|RainDance|[from] ability: Drizzle|[of] p2a: PENTADACTYL LIMB\n|turn|1\n|\n|t:|1663528971\n|move|p2a: PENTADACTYL LIMB|Hurricane|p1a: Ferrothorn\n|-damage|p1a: Ferrothorn|34\/100\n|move|p1a: Ferrothorn|Leech Seed|p2a: PENTADACTYL LIMB\n|-start|p2a: PENTADACTYL LIMB|move: Leech Seed\n|\n|-weather|RainDance|[upkeep]\n|-heal|p1a: Ferrothorn|40\/100|[from] item: Leftovers\n|-damage|p2a: PENTADACTYL LIMB|88\/100|[from] Leech Seed|[of] p1a: Ferrothorn\n|-heal|p1a: Ferrothorn|49\/100|[silent]\n|upkeep\n|turn|2\n|\n|t:|1663528981\n|switch|p2a: OC Horse|Keldeo-Resolute|100\/100\n|move|p1a: Ferrothorn|Leech Seed|p2a: OC Horse|[miss]\n|-miss|p1a: Ferrothorn|p2a: OC Horse\n|\n|-weather|RainDance|[upkeep]\n|-heal|p1a: Ferrothorn|56\/100|[from] item: Leftovers\n|upkeep\n|turn|3\n|\n|t:|1663529001\n|switch|p1a: Reuniclus|Reuniclus, M|100\/100\n|move|p2a: OC Horse|Secret Sword|p1a: Reuniclus\n|-resisted|p1a: Reuniclus\n|-damage|p1a: Reuniclus|77\/100\n|\n|-weather|RainDance|[upkeep]\n|upkeep\n|turn|4\n|j| Mrgamb1er007\n|\n|t:|1663529017\n|switch|p2a: SWAG LIKE OHIO|Landorus-Therian, M|100\/100\n|-ability|p2a: SWAG LIKE OHIO|Intimidate|boost\n|-unboost|p1a: Reuniclus|atk|1\n|switch|p1a: Heatran|Heatran, M|100\/100\n|\n|-weather|RainDance|[upkeep]\n|upkeep\n|turn|5\n|\n|t:|1663529027\n|switch|p1a: Avalugg|Avalugg, F|100\/100\n|move|p2a: SWAG LIKE OHIO|Knock Off|p1a: Avalugg\n|-damage|p1a: Avalugg|89\/100\n|-enditem|p1a: Avalugg|Heavy-Duty Boots|[from] move: Knock Off|[of] p2a: SWAG LIKE OHIO\n|\n|-weather|none\n|upkeep\n|turn|6\n|\n|t:|1663529045\n|switch|p1a: Rillaboom|Rillaboom, F|100\/100\n|-fieldstart|move: Grassy Terrain|[from] ability: Grassy Surge|[of] p1a: Rillaboom\n|move|p2a: SWAG LIKE OHIO|U-turn|p1a: Rillaboom\n|-supereffective|p1a: Rillaboom\n|-damage|p1a: Rillaboom|51\/100\n|\n|t:|1663529048\n|switch|p2a: Lele Wulong|Tapu Lele|100\/100|[from]move: U-turn\n|-fieldstart|move: Psychic Terrain|[from] ability: Psychic Surge|[of] p2a: Lele Wulong\n|\n|upkeep\n|turn|7\n|\n|t:|1663529062\n|switch|p2a: PENTADACTYL LIMB|Pelipper, M|88\/100\n|-weather|RainDance|[from] ability: Drizzle|[of] p2a: PENTADACTYL LIMB\n|switch|p1a: Heatran|Heatran, M|100\/100\n|\n|-weather|RainDance|[upkeep]\n|upkeep\n|turn|8\n|\n|t:|1663529074\n|switch|p1a: Umbreon|Umbreon, F, shiny|100\/100\n|move|p2a: PENTADACTYL LIMB|Weather Ball|p1a: Umbreon\n|-damage|p1a: Umbreon|44\/100\n|\n|-weather|RainDance|[upkeep]\n|-heal|p1a: Umbreon|50\/100|[from] item: Leftovers\n|upkeep\n|turn|9\n|\n|t:|1663529083\n|move|p1a: Umbreon|Protect|p1a: Umbreon\n|-singleturn|p1a: Umbreon|Protect\n|move|p2a: PENTADACTYL LIMB|Weather Ball|p1a: Umbreon\n|-activate|p1a: Umbreon|move: Protect\n|\n|-weather|RainDance|[upkeep]\n|-heal|p1a: Umbreon|56\/100|[from] item: Leftovers\n|upkeep\n|turn|10\n|\n|t:|1663529092\n|move|p2a: PENTADACTYL LIMB|Weather Ball|p1a: Umbreon\n|-damage|p1a: Umbreon|1\/100\n|move|p1a: Umbreon|Wish|p1a: Umbreon\n|\n|-weather|RainDance|[upkeep]\n|-heal|p1a: Umbreon|7\/100|[from] item: Leftovers\n|-fieldend|move: Psychic Terrain\n|upkeep\n|turn|11\n|\n|t:|1663529100\n|switch|p2a: SWAG LIKE OHIO|Landorus-Therian, M|100\/100\n|-ability|p2a: SWAG LIKE OHIO|Intimidate|boost\n|-unboost|p1a: Umbreon|atk|1\n|move|p1a: Umbreon|Foul Play|p2a: SWAG LIKE OHIO\n|-damage|p2a: SWAG LIKE OHIO|55\/100\n|-enditem|p2a: SWAG LIKE OHIO|Eject Button\n|\n|t:|1663529114\n|switch|p2a: Dragopult|Dragapult, F|100\/100\n|\n|-weather|none\n|-heal|p1a: Umbreon|57\/100|[from] move: Wish|[wisher] Umbreon\n|-heal|p1a: Umbreon|63\/100|[from] item: Leftovers\n|upkeep\n|turn|12\n|\n|t:|1663529122\n|move|p2a: Dragopult|U-turn|p1a: Umbreon\n|-supereffective|p1a: Umbreon\n|-damage|p1a: Umbreon|36\/100\n|\n|t:|1663529125\n|switch|p2a: Lele Wulong|Tapu Lele|100\/100|[from]move: U-turn\n|-fieldstart|move: Psychic Terrain|[from] ability: Psychic Surge|[of] p2a: Lele Wulong\n|move|p1a: Umbreon|Foul Play|p2a: Lele Wulong\n|-damage|p2a: Lele Wulong|66\/100\n|\n|-heal|p1a: Umbreon|42\/100|[from] item: Leftovers\n|upkeep\n|turn|13\n|j| CanUrepeat\n|\n|t:|1663529136\n|switch|p2a: PENTADACTYL LIMB|Pelipper, M|88\/100\n|-weather|RainDance|[from] ability: Drizzle|[of] p2a: PENTADACTYL LIMB\n|move|p1a: Umbreon|Protect||[still]\n|-fail|p1a: Umbreon\n|\n|-weather|RainDance|[upkeep]\n|-heal|p1a: Umbreon|48\/100|[from] item: Leftovers\n|upkeep\n|turn|14\n|\n|t:|1663529147\n|move|p1a: Umbreon|Protect|p1a: Umbreon\n|-singleturn|p1a: Umbreon|Protect\n|move|p2a: PENTADACTYL LIMB|Weather Ball|p1a: Umbreon\n|-activate|p1a: Umbreon|move: Protect\n|\n|-weather|RainDance|[upkeep]\n|-heal|p1a: Umbreon|54\/100|[from] item: Leftovers\n|upkeep\n|turn|15\n|j| i am ves \u2665\n|\n|t:|1663529161\n|switch|p1a: Rillaboom|Rillaboom, F|51\/100\n|-fieldstart|move: Grassy Terrain|[from] ability: Grassy Surge|[of] p1a: Rillaboom\n|move|p2a: PENTADACTYL LIMB|Weather Ball|p1a: Rillaboom\n|-resisted|p1a: Rillaboom\n|-damage|p1a: Rillaboom|0 fnt\n|faint|p1a: Rillaboom\n|\n|-weather|RainDance|[upkeep]\n|upkeep\n|j| HQSFun\n|\n|t:|1663529174\n|switch|p1a: Reuniclus|Reuniclus, M|77\/100\n|-enditem|p1a: Reuniclus|Grassy Seed\n|-boost|p1a: Reuniclus|def|1|[from] item: Grassy Seed\n|turn|16\n|\n|t:|1663529180\n|move|p2a: PENTADACTYL LIMB|Weather Ball|p1a: Reuniclus\n|-damage|p1a: Reuniclus|0 fnt\n|faint|p1a: Reuniclus\n|\n|-weather|RainDance|[upkeep]\n|upkeep\n|-message|hjrick17 forfeited.\n|\n|win|broked on bricks\n|raw|hjrick17's rating: 1694 &rarr; <strong>1675<\/strong><br \/>(-19 for losing)\n|raw|broked on bricks's rating: 1712 &rarr; <strong>1731<\/strong><br \/>(+19 for winning)\n|l|\u2606hjrick17\n|l| HQSFun\n|l| CanUrepeat\n|l| i am ves \u2665\n||Ladder isn't responding, score probably updated but might not have (Request timeout).\n|l|\u2606broked on bricks\n|j|\u2606broked on bricks\n|player|p2|broked on bricks|will-gen2\n","uploadtime":1663529193,"views":6,"p1id":"hjrick17","p2id":"brokedonbricks","formatid":"gen8ou","rating":1675,"private":0,"password":null}