{"id":"gen8nationaldex-1401273178","p1":"yhdrslb","p2":"NDLT2SJH RNGSucks","format":"gen8nationaldex","log":"|raw|<div class=\"broadcast-blue\"><strong>This battle is required to be public due to a player having a name starting with 'ndlt2sjh'.<\/div>\n|j|\u2606yhdrslb\n|j|\u2606NDLT2SJH RNGSucks\n|t:|1629598802\n|gametype|singles\n|player|p1|yhdrslb|30|1595\n|player|p2|NDLT2SJH RNGSucks|cyclist|1533\n|teamsize|p1|6\n|teamsize|p2|6\n|gen|8\n|tier|[Gen 8] National Dex\n|rated|\n|rule|HP Percentage Mod: HP is shown in percentages\n|rule|Endless Battle Clause: Forcing endless battles is banned\n|rule|OHKO Clause: OHKO moves are banned\n|rule|Evasion Moves Clause: Evasion moves are banned\n|rule|Species Clause: Limit one of each Pok\u00e9mon\n|rule|Dynamax Clause: You cannot dynamax\n|rule|Sleep Clause Mod: Limit one foe put to sleep\n|clearpoke\n|poke|p1|Garchomp, M|\n|poke|p1|Hoopa-Unbound|\n|poke|p1|Jirachi|\n|poke|p1|Mawile, M|\n|poke|p1|Volcarona, M|\n|poke|p1|Rotom-Wash|\n|poke|p2|Medicham, M|\n|poke|p2|Rillaboom, M|\n|poke|p2|Blissey, F|\n|poke|p2|Corviknight, M|\n|poke|p2|Kommo-o, F|\n|poke|p2|Blacephalon|\n|teampreview\n|j| Balenci Broom\n|\n|t:|1629598821\n|start\n|switch|p1a: Jirachi|Jirachi|100\/100\n|switch|p2a: free win|Medicham, M|100\/100\n|turn|1\n|inactive|Battle timer is ON: inactive players will automatically lose when time's up. (requested by NDLT2SJH RNGSucks)\n|\n|t:|1629598829\n|detailschange|p2a: free win|Medicham-Mega, M\n|-mega|p2a: free win|Medicham|Medichamite\n|move|p2a: free win|Fake Out|p1a: Jirachi\n|-resisted|p1a: Jirachi\n|-damage|p1a: Jirachi|89\/100\n|cant|p1a: Jirachi|flinch\n|\n|upkeep\n|turn|2\n|\n|t:|1629598846\n|move|p1a: Jirachi|U-turn|p2a: free win\n|-damage|p2a: free win|71\/100\n|\n|t:|1629598856\n|switch|p1a: Volcarona|Volcarona, M|100\/100|[from]move: U-turn\n|move|p2a: free win|High Jump Kick|p1a: Volcarona|[miss]\n|-miss|p2a: free win|p1a: Volcarona\n|-damage|p2a: free win|21\/100|[from] highjumpkick\n|\n|upkeep\n|turn|3\n|c|\u2606NDLT2SJH RNGSucks|bruh part 1\n|\n|t:|1629598867\n|switch|p2a: kofi|Blissey, F|100\/100\n|switch|p1a: Jirachi|Jirachi|89\/100\n|\n|upkeep\n|turn|4\n|c|\u2606yhdrslb|ring sucks\n|c|\u2606yhdrslb|rng\n|c|\u2606NDLT2SJH RNGSucks|fr\n|\n|t:|1629598876\n|move|p1a: Jirachi|Trick|p2a: kofi\n|-activate|p1a: Jirachi|move: Trick|[of] p2a: kofi\n|-item|p2a: kofi|Choice Scarf|[from] move: Trick\n|-item|p1a: Jirachi|Heavy-Duty Boots|[from] move: Trick\n|move|p2a: kofi|Thunder Wave|p1a: Jirachi\n|-status|p1a: Jirachi|par\n|\n|upkeep\n|turn|5\n|\n|t:|1629598885\n|switch|p2a: goofy|Blacephalon|100\/100\n|move|p1a: Jirachi|U-turn|p2a: goofy\n|-resisted|p2a: goofy\n|-damage|p2a: goofy|88\/100\n|\n|t:|1629598893\n|switch|p1a: Hoopa|Hoopa-Unbound|100\/100|[from]move: U-turn\n|\n|upkeep\n|turn|6\n|\n|t:|1629598906\n|switch|p2a: ayo them dreads|Kommo-o, F|100\/100\n|move|p1a: Hoopa|Hyperspace Fury|p2a: ayo them dreads\n|-resisted|p2a: ayo them dreads\n|-damage|p2a: ayo them dreads|73\/100\n|-unboost|p1a: Hoopa|def|1\n|\n|-heal|p2a: ayo them dreads|79\/100|[from] item: Leftovers\n|upkeep\n|turn|7\n|\n|t:|1629598913\n|switch|p1a: Mawile|Mawile, M|100\/100\n|-ability|p1a: Mawile|Intimidate|boost\n|-unboost|p2a: ayo them dreads|atk|1\n|move|p2a: ayo them dreads|Stealth Rock|p1a: Mawile\n|-sidestart|p1: yhdrslb|move: Stealth Rock\n|\n|-heal|p2a: ayo them dreads|85\/100|[from] item: Leftovers\n|upkeep\n|turn|8\n|\n|t:|1629598920\n|switch|p2a: fatass|Corviknight, M|100\/100\n|-ability|p2a: fatass|Pressure\n|switch|p1a: Rotom|Rotom-Wash|100\/100\n|-damage|p1a: Rotom|88\/100|[from] Stealth Rock\n|\n|-heal|p1a: Rotom|94\/100|[from] item: Leftovers\n|upkeep\n|turn|9\n|\n|t:|1629598935\n|switch|p2a: ayo them dreads|Kommo-o, F|85\/100\n|move|p1a: Rotom|Defog|p2a: ayo them dreads\n|-unboost|p2a: ayo them dreads|evasion|1\n|-sideend|p1: yhdrslb|Stealth Rock|[from] move: Defog|[of] p1a: Rotom\n|\n|-heal|p2a: ayo them dreads|91\/100|[from] item: Leftovers\n|-heal|p1a: Rotom|100\/100|[from] item: Leftovers\n|upkeep\n|turn|10\n|\n|t:|1629598946\n|move|p2a: ayo them dreads|Drain Punch|p1a: Rotom\n|-damage|p1a: Rotom|77\/100\n|-heal|p2a: ayo them dreads|100\/100|[from] drain|[of] p1a: Rotom\n|move|p1a: Rotom|Will-O-Wisp|p2a: ayo them dreads\n|-status|p2a: ayo them dreads|brn\n|\n|-heal|p1a: Rotom|83\/100|[from] item: Leftovers\n|-damage|p2a: ayo them dreads|94\/100 brn|[from] brn\n|upkeep\n|turn|11\n|\n|t:|1629598952\n|move|p1a: Rotom|Defog|p2a: ayo them dreads\n|-unboost|p2a: ayo them dreads|evasion|1\n|move|p2a: ayo them dreads|Stealth Rock|p1a: Rotom\n|-sidestart|p1: yhdrslb|move: Stealth Rock\n|\n|-heal|p2a: ayo them dreads|100\/100 brn|[from] item: Leftovers\n|-heal|p1a: Rotom|89\/100|[from] item: Leftovers\n|-damage|p2a: ayo them dreads|94\/100 brn|[from] brn\n|upkeep\n|turn|12\n|\n|t:|1629598960\n|switch|p1a: Mawile|Mawile, M|100\/100\n|-damage|p1a: Mawile|94\/100|[from] Stealth Rock\n|-ability|p1a: Mawile|Intimidate|boost\n|-unboost|p2a: ayo them dreads|atk|1\n|move|p2a: ayo them dreads|Toxic|p1a: Mawile\n|-immune|p1a: Mawile\n|\n|-heal|p2a: ayo them dreads|100\/100 brn|[from] item: Leftovers\n|-damage|p2a: ayo them dreads|94\/100 brn|[from] brn\n|upkeep\n|turn|13\n|\n|t:|1629598965\n|switch|p2a: fatass|Corviknight, M|100\/100\n|-ability|p2a: fatass|Pressure\n|switch|p1a: Rotom|Rotom-Wash|89\/100\n|-damage|p1a: Rotom|77\/100|[from] Stealth Rock\n|\n|-heal|p1a: Rotom|83\/100|[from] item: Leftovers\n|upkeep\n|turn|14\n|\n|t:|1629598978\n|move|p1a: Rotom|Defog|p2a: fatass\n|-unboost|p2a: fatass|evasion|1\n|-sideend|p1: yhdrslb|Stealth Rock|[from] move: Defog|[of] p1a: Rotom\n|move|p2a: fatass|U-turn|p1a: Rotom\n|-damage|p1a: Rotom|71\/100\n|\n|t:|1629598984\n|switch|p2a: free win|Medicham-Mega, M|21\/100|[from]move: U-turn\n|\n|-heal|p1a: Rotom|77\/100|[from] item: Leftovers\n|upkeep\n|turn|15\n|inactive|yhdrslb has 120 seconds left.\n|\n|t:|1629599014\n|switch|p1a: Volcarona|Volcarona, M|100\/100\n|move|p2a: free win|High Jump Kick|p1a: Volcarona\n|-resisted|p1a: Volcarona\n|-damage|p1a: Volcarona|7\/100\n|\n|upkeep\n|turn|16\n|inactive|yhdrslb has 120 seconds left.\n|\n|t:|1629599026\n|switch|p2a: kofi|Blissey, F|100\/100\n|move|p1a: Volcarona|Fiery Dance|p2a: kofi\n|-damage|p2a: kofi|85\/100\n|\n|upkeep\n|turn|17\n|\n|t:|1629599032\n|switch|p1a: Garchomp|Garchomp, M|100\/100\n|move|p2a: kofi|Teleport|p2a: kofi\n|inactive|NDLT2SJH RNGSucks has 120 seconds left.\n|\n|t:|1629599080\n|switch|p2a: monke|Rillaboom, M|100\/100|[from]move: Teleport\n|-fieldstart|move: Grassy Terrain|[from] ability: Grassy Surge|[of] p2a: monke\n|\n|upkeep\n|turn|18\n|\n|t:|1629599103\n|switch|p1a: Jirachi|Jirachi|89\/100 par\n|move|p2a: monke|Grassy Glide|p1a: Jirachi\n|-resisted|p1a: Jirachi\n|-damage|p1a: Jirachi|51\/100 par\n|\n|-heal|p1a: Jirachi|57\/100 par|[from] Grassy Terrain\n|upkeep\n|turn|19\n|\n|t:|1629599110\n|move|p2a: monke|Grassy Glide|p1a: Jirachi\n|-resisted|p1a: Jirachi\n|-damage|p1a: Jirachi|16\/100 par\n|move|p1a: Jirachi|U-turn|p2a: monke\n|-supereffective|p2a: monke\n|-damage|p2a: monke|55\/100\n|\n|t:|1629599117\n|switch|p1a: Mawile|Mawile, M|94\/100|[from]move: U-turn\n|-ability|p1a: Mawile|Intimidate|boost\n|-unboost|p2a: monke|atk|1\n|\n|-heal|p2a: monke|61\/100|[from] Grassy Terrain\n|-heal|p1a: Mawile|100\/100|[from] Grassy Terrain\n|upkeep\n|turn|20\n|\n|t:|1629599127\n|switch|p1a: Garchomp|Garchomp, M|100\/100\n|move|p2a: monke|Grassy Glide|p1a: Garchomp\n|-damage|p1a: Garchomp|54\/100\n|-damage|p2a: monke|49\/100|[from] ability: Rough Skin|[of] p1a: Garchomp\n|\n|-heal|p1a: Garchomp|60\/100|[from] Grassy Terrain\n|-heal|p2a: monke|55\/100|[from] Grassy Terrain\n|upkeep\n|turn|21\n|inactive|NDLT2SJH RNGSucks has 120 seconds left.\n|\n|t:|1629599137\n|switch|p2a: fatass|Corviknight, M|100\/100\n|-ability|p2a: fatass|Pressure\n|move|p1a: Garchomp|Stealth Rock|p2a: fatass\n|-sidestart|p2: NDLT2SJH RNGSucks|move: Stealth Rock\n|\n|-heal|p1a: Garchomp|66\/100|[from] Grassy Terrain\n|-fieldend|move: Grassy Terrain\n|upkeep\n|turn|22\n|\n|t:|1629599145\n|move|p1a: Garchomp|Swords Dance|p1a: Garchomp\n|-boost|p1a: Garchomp|atk|2\n|move|p2a: fatass|Defog|p1a: Garchomp\n|-unboost|p1a: Garchomp|evasion|1\n|-sideend|p2: NDLT2SJH RNGSucks|Stealth Rock|[from] move: Defog|[of] p2a: fatass\n|\n|upkeep\n|turn|23\n|\n|t:|1629599149\n|switch|p2a: ayo them dreads|Kommo-o, F|94\/100 brn\n|move|p1a: Garchomp|Stealth Rock|p2a: ayo them dreads\n|-sidestart|p2: NDLT2SJH RNGSucks|move: Stealth Rock\n|\n|-heal|p2a: ayo them dreads|100\/100 brn|[from] item: Leftovers\n|-damage|p2a: ayo them dreads|94\/100 brn|[from] brn\n|upkeep\n|turn|24\n|\n|t:|1629599161\n|move|p1a: Garchomp|Earthquake|p2a: ayo them dreads\n|-damage|p2a: ayo them dreads|31\/100 brn\n|move|p2a: ayo them dreads|Toxic|p1a: Garchomp\n|-status|p1a: Garchomp|tox\n|\n|-heal|p2a: ayo them dreads|38\/100 brn|[from] item: Leftovers\n|-damage|p1a: Garchomp|60\/100 tox|[from] psn\n|-damage|p2a: ayo them dreads|31\/100 brn|[from] brn\n|upkeep\n|turn|25\n|\n|t:|1629599170\n|move|p2a: ayo them dreads|Protect|p2a: ayo them dreads\n|-singleturn|p2a: ayo them dreads|Protect\n|-zpower|p1a: Garchomp\n|move|p1a: Garchomp|Continental Crush|p2a: ayo them dreads|[zeffect]\n|-resisted|p2a: ayo them dreads\n|-zbroken|p2a: ayo them dreads\n|-damage|p2a: ayo them dreads|21\/100 brn\n|\n|-heal|p2a: ayo them dreads|28\/100 brn|[from] item: Leftovers\n|-damage|p1a: Garchomp|48\/100 tox|[from] psn\n|-damage|p2a: ayo them dreads|21\/100 brn|[from] brn\n|upkeep\n|turn|26\n|\n|t:|1629599180\n|switch|p2a: fatass|Corviknight, M|100\/100\n|-damage|p2a: fatass|88\/100|[from] Stealth Rock\n|-ability|p2a: fatass|Pressure\n|move|p1a: Garchomp|Earthquake|p2a: fatass\n|-immune|p2a: fatass\n|\n|-damage|p1a: Garchomp|29\/100 tox|[from] psn\n|upkeep\n|turn|27\n|\n|t:|1629599191\n|move|p1a: Garchomp|Stone Edge|p2a: fatass|[miss]\n|-miss|p1a: Garchomp|p2a: fatass\n|move|p2a: fatass|Defog|p1a: Garchomp\n|-unboost|p1a: Garchomp|evasion|1\n|-sideend|p2: NDLT2SJH RNGSucks|Stealth Rock|[from] move: Defog|[of] p2a: fatass\n|\n|-damage|p1a: Garchomp|5\/100 tox|[from] psn\n|upkeep\n|turn|28\n|\n|t:|1629599200\n|move|p1a: Garchomp|Stealth Rock|p2a: fatass\n|-sidestart|p2: NDLT2SJH RNGSucks|move: Stealth Rock\n|move|p2a: fatass|Roost|p2a: fatass\n|-heal|p2a: fatass|100\/100\n|-singleturn|p2a: fatass|move: Roost\n|\n|-damage|p1a: Garchomp|0 fnt|[from] psn\n|faint|p1a: Garchomp\n|upkeep\n|\n|t:|1629599205\n|switch|p1a: Volcarona|Volcarona, M|7\/100\n|turn|29\n|\n|t:|1629599210\n|switch|p1a: Jirachi|Jirachi|16\/100 par\n|switch|p2a: kofi|Blissey, F|85\/100\n|-damage|p2a: kofi|72\/100|[from] Stealth Rock\n|\n|upkeep\n|turn|30\n|\n|t:|1629599215\n|move|p1a: Jirachi|Healing Wish|p1a: Jirachi\n|faint|p1a: Jirachi\n|move|p2a: kofi|Teleport|p2a: kofi\n|\n|t:|1629599225\n|switch|p2a: fatass|Corviknight, M|100\/100|[from]move: Teleport\n|-damage|p2a: fatass|88\/100|[from] Stealth Rock\n|-ability|p2a: fatass|Pressure\n|\n|upkeep\n|\n|t:|1629599227\n|switch|p1a: Volcarona|Volcarona, M|7\/100\n|-heal|p1a: Volcarona|100\/100|[from] move: Healing Wish\n|turn|31\n|l| Balenci Broom\n|\n|t:|1629599235\n|switch|p2a: kofi|Blissey, F|72\/100\n|-damage|p2a: kofi|60\/100|[from] Stealth Rock\n|move|p1a: Volcarona|Quiver Dance|p1a: Volcarona\n|-boost|p1a: Volcarona|spa|1\n|-boost|p1a: Volcarona|spd|1\n|-boost|p1a: Volcarona|spe|1\n|\n|upkeep\n|turn|32\n|\n|t:|1629599239\n|switch|p1a: Mawile|Mawile, M|100\/100\n|-ability|p1a: Mawile|Intimidate|boost\n|-unboost|p2a: kofi|atk|1\n|move|p2a: kofi|Thunder Wave|p1a: Mawile\n|-status|p1a: Mawile|par\n|\n|upkeep\n|turn|33\n|\n|t:|1629599249\n|switch|p2a: fatass|Corviknight, M|88\/100\n|-damage|p2a: fatass|76\/100|[from] Stealth Rock\n|-ability|p2a: fatass|Pressure\n|switch|p1a: Volcarona|Volcarona, M|100\/100\n|\n|upkeep\n|turn|34\n|\n|t:|1629599258\n|switch|p2a: kofi|Blissey, F|60\/100\n|-damage|p2a: kofi|48\/100|[from] Stealth Rock\n|move|p1a: Volcarona|Fiery Dance|p2a: kofi\n|-damage|p2a: kofi|32\/100\n|\n|upkeep\n|turn|35\n|\n|t:|1629599264\n|move|p1a: Volcarona|Quiver Dance|p1a: Volcarona\n|-boost|p1a: Volcarona|spa|1\n|-boost|p1a: Volcarona|spd|1\n|-boost|p1a: Volcarona|spe|1\n|move|p2a: kofi|Thunder Wave|p1a: Volcarona\n|-status|p1a: Volcarona|par\n|\n|upkeep\n|turn|36\n|\n|t:|1629599273\n|switch|p2a: goofy|Blacephalon|88\/100\n|-damage|p2a: goofy|64\/100|[from] Stealth Rock\n|move|p1a: Volcarona|Quiver Dance|p1a: Volcarona\n|-boost|p1a: Volcarona|spa|1\n|-boost|p1a: Volcarona|spd|1\n|-boost|p1a: Volcarona|spe|1\n|\n|upkeep\n|turn|37\n|\n|t:|1629599282\n|move|p2a: goofy|Psyshock|p1a: Volcarona\n|-damage|p1a: Volcarona|51\/100 par\n|move|p1a: Volcarona|Quiver Dance|p1a: Volcarona\n|-boost|p1a: Volcarona|spa|1\n|-boost|p1a: Volcarona|spd|1\n|-boost|p1a: Volcarona|spe|1\n|\n|upkeep\n|turn|38\n|\n|t:|1629599287\n|move|p2a: goofy|Psyshock|p1a: Volcarona\n|-damage|p1a: Volcarona|6\/100 par\n|move|p1a: Volcarona|Hidden Power|p2a: goofy\n|-supereffective|p2a: goofy\n|-damage|p2a: goofy|0 fnt\n|faint|p2a: goofy\n|\n|upkeep\n|\n|t:|1629599300\n|switch|p2a: monke|Rillaboom, M|55\/100\n|-damage|p2a: monke|42\/100|[from] Stealth Rock\n|-fieldstart|move: Grassy Terrain|[from] ability: Grassy Surge|[of] p2a: monke\n|turn|39\n|\n|t:|1629599303\n|switch|p1a: Mawile|Mawile, M|100\/100 par\n|-ability|p1a: Mawile|Intimidate|boost\n|-unboost|p2a: monke|atk|1\n|move|p2a: monke|Grassy Glide|p1a: Mawile\n|-resisted|p1a: Mawile\n|-damage|p1a: Mawile|56\/100 par\n|\n|-heal|p2a: monke|49\/100|[from] Grassy Terrain\n|-heal|p1a: Mawile|62\/100 par|[from] Grassy Terrain\n|upkeep\n|turn|40\n|\n|t:|1629599310\n|detailschange|p1a: Mawile|Mawile-Mega, M\n|-mega|p1a: Mawile|Mawile|Mawilite\n|move|p2a: monke|Grassy Glide|p1a: Mawile\n|-resisted|p1a: Mawile\n|-damage|p1a: Mawile|34\/100 par\n|move|p1a: Mawile|Swords Dance|p1a: Mawile\n|-boost|p1a: Mawile|atk|2\n|\n|-heal|p2a: monke|55\/100|[from] Grassy Terrain\n|-heal|p1a: Mawile|40\/100 par|[from] Grassy Terrain\n|upkeep\n|turn|41\n|\n|t:|1629599319\n|move|p2a: monke|Grassy Glide|p1a: Mawile\n|-resisted|p1a: Mawile\n|-damage|p1a: Mawile|13\/100 par\n|move|p1a: Mawile|Knock Off|p2a: monke\n|-damage|p2a: monke|0 fnt\n|-enditem|p2a: monke|Choice Band|[from] move: Knock Off|[of] p1a: Mawile\n|faint|p2a: monke\n|\n|-heal|p1a: Mawile|19\/100 par|[from] Grassy Terrain\n|upkeep\n|\n|t:|1629599330\n|switch|p2a: fatass|Corviknight, M|76\/100\n|-damage|p2a: fatass|64\/100|[from] Stealth Rock\n|-ability|p2a: fatass|Pressure\n|turn|42\n|\n|t:|1629599334\n|move|p2a: fatass|Defog|p1a: Mawile\n|-unboost|p1a: Mawile|evasion|1\n|-sideend|p2: NDLT2SJH RNGSucks|Stealth Rock|[from] move: Defog|[of] p2a: fatass\n|-fieldend|move: Grassy Terrain\n|move|p1a: Mawile|Knock Off|p2a: fatass\n|-damage|p2a: fatass|0 fnt\n|-damage|p1a: Mawile|3\/100 par|[from] item: Rocky Helmet|[of] p2a: fatass\n|-enditem|p2a: fatass|Rocky Helmet|[from] move: Knock Off|[of] p1a: Mawile\n|faint|p2a: fatass\n|\n|upkeep\n|\n|t:|1629599340\n|switch|p2a: free win|Medicham-Mega, M|21\/100\n|turn|43\n|\n|t:|1629599347\n|switch|p1a: Volcarona|Volcarona, M|6\/100 par\n|move|p2a: free win|Fake Out|p1a: Volcarona\n|-damage|p1a: Volcarona|0 fnt\n|faint|p1a: Volcarona\n|\n|upkeep\n|\n|t:|1629599349\n|switch|p1a: Mawile|Mawile-Mega, M|3\/100 par\n|turn|44\n|\n|t:|1629599363\n|switch|p2a: kofi|Blissey, F|32\/100\n|cant|p1a: Mawile|par\n|\n|upkeep\n|turn|45\n|\n|t:|1629599373\n|switch|p1a: Hoopa|Hoopa-Unbound|100\/100\n|move|p2a: kofi|Seismic Toss|p1a: Hoopa\n|-damage|p1a: Hoopa|67\/100\n|\n|upkeep\n|turn|46\n|\n|t:|1629599387\n|switch|p2a: ayo them dreads|Kommo-o, F|21\/100 brn\n|move|p1a: Hoopa|Hyperspace Fury|p2a: ayo them dreads\n|-resisted|p2a: ayo them dreads\n|-damage|p2a: ayo them dreads|0 fnt\n|-unboost|p1a: Hoopa|def|1\n|faint|p2a: ayo them dreads\n|\n|upkeep\n|\n|t:|1629599392\n|switch|p2a: free win|Medicham-Mega, M|21\/100\n|turn|47\n|\n|t:|1629599403\n|switch|p1a: Rotom|Rotom-Wash|77\/100\n|move|p2a: free win|High Jump Kick|p1a: Rotom\n|-damage|p1a: Rotom|0 fnt\n|faint|p1a: Rotom\n|\n|upkeep\n|\n|t:|1629599405\n|switch|p1a: Mawile|Mawile-Mega, M|3\/100 par\n|turn|48\n|c|\u2606NDLT2SJH RNGSucks|comes down to paralysis\n|\n|t:|1629599423\n|switch|p2a: kofi|Blissey, F|32\/100\n|move|p1a: Mawile|Sucker Punch||[still]\n|-fail|p1a: Mawile\n|\n|upkeep\n|turn|49\n|c|\u2606yhdrslb|yep\n|\n|t:|1629599437\n|switch|p1a: Hoopa|Hoopa-Unbound|67\/100\n|move|p2a: kofi|Teleport|p2a: kofi\n|\n|t:|1629599440\n|switch|p2a: free win|Medicham-Mega, M|21\/100|[from]move: Teleport\n|\n|upkeep\n|turn|50\n|\n|t:|1629599452\n|move|p2a: free win|High Jump Kick|p1a: Hoopa|[miss]\n|-miss|p2a: free win|p1a: Hoopa\n|-damage|p2a: free win|0 fnt|[from] highjumpkick\n|faint|p2a: free win\n|move|p1a: Hoopa|Hyperspace Fury|p2: free win|[notarget]\n|-fail|p1a: Hoopa\n|\n|upkeep\n|c|\u2606NDLT2SJH RNGSucks|SHIT\n|c|\u2606yhdrslb|OR THAT LMFAO\n|c|\u2606yhdrslb|thats a big rip man\n|c|\u2606yhdrslb|:\/\n|\n|t:|1629599476\n|switch|p2a: kofi|Blissey, F|32\/100\n|turn|51\n|\n|t:|1629599488\n|move|p1a: Hoopa|Hyperspace Fury|p2a: kofi\n|-damage|p2a: kofi|0 fnt\n|-unboost|p1a: Hoopa|def|1\n|faint|p2a: kofi\n|\n|win|yhdrslb\n|raw|yhdrslb's rating: 1595 &rarr; <strong>1611<\/strong><br \/>(+16 for winning)\n|raw|NDLT2SJH RNGSucks's rating: 1533 &rarr; <strong>1517<\/strong><br \/>(-16 for losing)\n","uploadtime":1629599494,"views":11,"p1id":"yhdrslb","p2id":"ndlt2sjhrngsucks","formatid":"gen8nationaldex","rating":1517,"private":0,"password":null}