{"id":"gen8randombattle-1540400757","p1":"firepunch917","p2":"Detectivestrong","format":"gen8randombattle","log":"|j|\u2606firepunch917\n|j|\u2606Detectivestrong\n|t:|1648455075\n|gametype|singles\n|player|p1|firepunch917|101|1777\n|player|p2|Detectivestrong|wallace|1768\n|teamsize|p1|6\n|teamsize|p2|6\n|gen|8\n|tier|[Gen 8] Random Battle\n|rated|\n|rule|Species Clause: Limit one of each Pok\u00e9mon\n|rule|HP Percentage Mod: HP is shown in percentages\n|rule|Sleep Clause Mod: Limit one foe put to sleep\n|\n|t:|1648455075\n|start\n|switch|p1a: Arctovish|Arctovish, L86|295\/295\n|switch|p2a: Scyther|Scyther, L81, M|245\/245\n|turn|1\n|\n|t:|1648455083\n|move|p2a: Scyther|Swords Dance|p2a: Scyther\n|-boost|p2a: Scyther|atk|2\n|move|p1a: Arctovish|Body Slam|p2a: Scyther\n|-damage|p2a: Scyther|199\/245\n|\n|upkeep\n|turn|2\n|\n|t:|1648455090\n|move|p2a: Scyther|Brick Break|p1a: Arctovish\n|-supereffective|p1a: Arctovish\n|-damage|p1a: Arctovish|97\/295\n|move|p1a: Arctovish|Body Slam|p2a: Scyther\n|-damage|p2a: Scyther|154\/245\n|\n|upkeep\n|turn|3\n|\n|t:|1648455096\n|move|p2a: Scyther|Brick Break|p1a: Arctovish\n|-supereffective|p1a: Arctovish\n|-damage|p1a: Arctovish|0 fnt\n|faint|p1a: Arctovish\n|\n|upkeep\n|\n|t:|1648455102\n|switch|p1a: Azelf|Azelf, L82|257\/257\n|turn|4\n|\n|t:|1648455105\n|move|p1a: Azelf|Fire Blast|p2a: Scyther\n|-supereffective|p2a: Scyther\n|-damage|p2a: Scyther|28\/245\n|move|p2a: Scyther|Dual Wingbeat|p1a: Azelf\n|-damage|p1a: Azelf|88\/257\n|-damage|p1a: Azelf|0 fnt\n|faint|p1a: Azelf\n|-hitcount|p1: Azelf|2\n|\n|upkeep\n|\n|t:|1648455109\n|switch|p1a: Calyrex|Calyrex-Shadow, L65|238\/238\n|-ability|p1a: Calyrex|As One\n|-ability|p1a: Calyrex|Unnerve\n|turn|5\n|\n|t:|1648455121\n|move|p1a: Calyrex|Astral Barrage|p2a: Scyther\n|-damage|p2a: Scyther|0 fnt\n|faint|p2a: Scyther\n|-ability|p1a: Calyrex|Grim Neigh|boost\n|-boost|p1a: Calyrex|spa|1\n|\n|upkeep\n|\n|t:|1648455124\n|switch|p2a: Spectrier|Spectrier, L74|270\/270\n|turn|6\n|\n|t:|1648455135\n|-start|p1a: Calyrex|Dynamax|\n|-heal|p1a: Calyrex|476\/476|[silent]\n|move|p2a: Spectrier|Shadow Ball|p1a: Calyrex\n|-supereffective|p1a: Calyrex\n|-damage|p1a: Calyrex|32\/476\n|move|p1a: Calyrex|Max Phantasm|p2a: Spectrier\n|-supereffective|p2a: Spectrier\n|-damage|p2a: Spectrier|0 fnt\n|faint|p2a: Spectrier\n|-ability|p1a: Calyrex|Grim Neigh|boost\n|-boost|p1a: Calyrex|spa|1\n|\n|-heal|p1a: Calyrex|46\/476|[from] item: Leftovers\n|upkeep\n|\n|t:|1648455142\n|switch|p2a: Raichu|Raichu-Alola, L84, M|238\/238\n|turn|7\n|\n|t:|1648455147\n|move|p2a: Raichu|Thunderbolt|p1a: Calyrex\n|-damage|p1a: Calyrex|0 fnt\n|faint|p1a: Calyrex\n|-damage|p2a: Raichu|215\/238|[from] item: Life Orb\n|\n|upkeep\n|\n|t:|1648455153\n|switch|p1a: Comfey|Comfey, L86, M|228\/228\n|turn|8\n|\n|t:|1648455160\n|move|p2a: Raichu|Nasty Plot|p2a: Raichu\n|-boost|p2a: Raichu|spa|2\n|move|p1a: Comfey|Calm Mind|p1a: Comfey\n|-boost|p1a: Comfey|spa|1\n|-boost|p1a: Comfey|spd|1\n|\n|upkeep\n|turn|9\n|\n|t:|1648455163\n|move|p2a: Raichu|Thunderbolt|p1a: Comfey\n|-damage|p1a: Comfey|88\/228\n|-damage|p2a: Raichu|192\/238|[from] item: Life Orb\n|move|p1a: Comfey|Calm Mind|p1a: Comfey\n|-boost|p1a: Comfey|spa|1\n|-boost|p1a: Comfey|spd|1\n|\n|upkeep\n|turn|10\n|\n|t:|1648455167\n|move|p1a: Comfey|Draining Kiss|p2a: Raichu\n|-damage|p2a: Raichu|56\/238\n|-heal|p1a: Comfey|190\/228|[from] drain|[of] p2a: Raichu\n|-damage|p1a: Comfey|168\/228|[from] item: Life Orb\n|move|p2a: Raichu|Thunderbolt|p1a: Comfey\n|-damage|p1a: Comfey|63\/228\n|-damage|p2a: Raichu|33\/238|[from] item: Life Orb\n|\n|upkeep\n|turn|11\n|\n|t:|1648455170\n|move|p1a: Comfey|Draining Kiss|p2a: Raichu\n|-damage|p2a: Raichu|0 fnt\n|-heal|p1a: Comfey|88\/228|[from] drain|[of] p2a: Raichu\n|faint|p2a: Raichu\n|-damage|p1a: Comfey|66\/228|[from] item: Life Orb\n|\n|upkeep\n|\n|t:|1648455172\n|switch|p2a: Stakataka|Stakataka, L80|229\/229\n|-item|p2a: Stakataka|Air Balloon\n|turn|12\n|\n|t:|1648455176\n|move|p1a: Comfey|Giga Drain|p2a: Stakataka\n|-damage|p2a: Stakataka|100\/229\n|-heal|p1a: Comfey|131\/228|[from] drain|[of] p2a: Stakataka\n|-enditem|p2a: Stakataka|Air Balloon\n|-damage|p1a: Comfey|109\/228|[from] item: Life Orb\n|move|p2a: Stakataka|Gyro Ball|p1a: Comfey\n|-supereffective|p1a: Comfey\n|-damage|p1a: Comfey|0 fnt\n|faint|p1a: Comfey\n|-ability|p2a: Stakataka|Beast Boost|boost\n|-boost|p2a: Stakataka|def|1\n|\n|upkeep\n|\n|t:|1648455180\n|switch|p1a: Appletun|Appletun, L90, F|344\/344\n|turn|13\n|\n|t:|1648455186\n|-start|p2a: Stakataka|Dynamax|\n|-heal|p2a: Stakataka|200\/458|[silent]\n|move|p1a: Appletun|Apple Acid|p2a: Stakataka\n|-damage|p2a: Stakataka|107\/458\n|-unboost|p2a: Stakataka|spd|1\n|move|p2a: Stakataka|Max Steelspike|p1a: Appletun\n|-damage|p1a: Appletun|170\/344\n|-boost|p2a: Stakataka|def|1\n|\n|-heal|p1a: Appletun|191\/344|[from] item: Leftovers\n|upkeep\n|turn|14\n|\n|t:|1648455194\n|move|p1a: Appletun|Leech Seed|p2a: Stakataka\n|-start|p2a: Stakataka|move: Leech Seed\n|move|p2a: Stakataka|Max Steelspike|p1a: Appletun\n|-damage|p1a: Appletun|34\/344\n|-boost|p2a: Stakataka|def|1\n|\n|-heal|p1a: Appletun|55\/344|[from] item: Leftovers\n|-damage|p2a: Stakataka|79\/458|[from] Leech Seed|[of] p1a: Appletun\n|-heal|p1a: Appletun|83\/344|[silent]\n|upkeep\n|turn|15\n|\n|t:|1648455199\n|move|p1a: Appletun|Recover|p1a: Appletun\n|-heal|p1a: Appletun|255\/344\n|move|p2a: Stakataka|Max Steelspike|p1a: Appletun\n|-damage|p1a: Appletun|78\/344\n|-boost|p2a: Stakataka|def|1\n|\n|-heal|p1a: Appletun|99\/344|[from] item: Leftovers\n|-damage|p2a: Stakataka|51\/458|[from] Leech Seed|[of] p1a: Appletun\n|-heal|p1a: Appletun|127\/344|[silent]\n|-end|p2a: Stakataka|Dynamax\n|-heal|p2a: Stakataka|26\/229|[silent]\n|upkeep\n|turn|16\n|\n|t:|1648455202\n|move|p1a: Appletun|Recover|p1a: Appletun\n|-heal|p1a: Appletun|299\/344\n|move|p2a: Stakataka|Gyro Ball|p1a: Appletun\n|-damage|p1a: Appletun|157\/344\n|\n|-heal|p1a: Appletun|178\/344|[from] item: Leftovers\n|-damage|p2a: Stakataka|0 fnt|[from] Leech Seed|[of] p1a: Appletun\n|-heal|p1a: Appletun|204\/344|[silent]\n|faint|p2a: Stakataka\n|upkeep\n|\n|t:|1648455207\n|switch|p2a: Solrock|Solrock, L88|302\/302\n|turn|17\n|\n|t:|1648455211\n|move|p2a: Solrock|Rock Slide|p1a: Appletun\n|-damage|p1a: Appletun|120\/344\n|move|p1a: Appletun|Recover|p1a: Appletun\n|-heal|p1a: Appletun|292\/344\n|\n|-heal|p1a: Appletun|313\/344|[from] item: Leftovers\n|upkeep\n|turn|18\n|\n|t:|1648455214\n|move|p2a: Solrock|Rock Slide|p1a: Appletun\n|-damage|p1a: Appletun|225\/344\n|move|p1a: Appletun|Leech Seed|p2a: Solrock\n|-start|p2a: Solrock|move: Leech Seed\n|\n|-heal|p1a: Appletun|246\/344|[from] item: Leftovers\n|-damage|p2a: Solrock|265\/302|[from] Leech Seed|[of] p1a: Appletun\n|-heal|p1a: Appletun|283\/344|[silent]\n|upkeep\n|turn|19\n|\n|t:|1648455217\n|switch|p1a: Audino|Audino, L91, F|335\/335\n|move|p2a: Solrock|Rock Slide|p1a: Audino|[miss]\n|-miss|p2a: Solrock|p1a: Audino\n|\n|-heal|p2a: Solrock|283\/302|[from] item: Leftovers\n|-damage|p2a: Solrock|246\/302|[from] Leech Seed|[of] p1a: Audino\n|upkeep\n|turn|20\n|-message|Detectivestrong forfeited.\n|\n|win|firepunch917\n|raw|firepunch917's rating: 1777 &rarr; <strong>1796<\/strong><br \/>(+19 for winning)\n|raw|Detectivestrong's rating: 1768 &rarr; <strong>1749<\/strong><br \/>(-19 for losing)\n|l|\u2606Detectivestrong\n|j|\u2606Detectivestrong\n|player|p2|Detectivestrong|wallace\n|l|\u2606firepunch917\n","inputlog":">version 288e04d5df9c6ca13bb3133c7709627f15306b80\n>start {\"formatid\":\"gen8randombattle\",\"seed\":[25691,29775,3080,54513],\"rated\":\"Rated battle\"}\n>player p1 {\"name\":\"firepunch917\",\"avatar\":\"101\",\"rating\":1777,\"seed\":[22800,38561,13662,1390]}\n>player p2 {\"name\":\"Detectivestrong\",\"avatar\":\"wallace\",\"rating\":1768,\"seed\":[33130,56816,48921,6731]}\n>p1 move bodyslam\n>p2 move swordsdance\n>p1 move bodyslam\n>p2 move brickbreak\n>p1 move iciclecrash\n>p2 move brickbreak\n>p1 switch 6\n>p1 move fireblast\n>p2 move dualwingbeat\n>p1 switch 3\n>p1 move astralbarrage\n>p2 move dualwingbeat\n>p2 switch 2\n>p1 move astralbarrage dynamax\n>p2 move shadowball\n>p2 switch 5\n>p1 move astralbarrage dynamax\n>p2 move thunderbolt\n>p1 switch 2\n>p1 move calmmind\n>p2 move nastyplot\n>p1 move calmmind\n>p2 move thunderbolt\n>p1 move drainingkiss\n>p2 move thunderbolt\n>p1 move drainingkiss\n>p2 move thunderbolt\n>p2 switch 4\n>p1 move gigadrain\n>p2 move gyroball\n>p1 switch 5\n>p1 move appleacid\n>p2 move gyroball dynamax\n>p1 move leechseed\n>p2 move gyroball dynamax\n>p1 move recover\n>p2 move gyroball dynamax\n>p1 move recover\n>p2 move gyroball\n>p2 switch 6\n>p1 move recover\n>p2 move rockslide\n>p1 move leechseed\n>p2 move rockslide\n>p1 switch 4\n>p2 move rockslide\n>forcelose p2","uploadtime":1648455222,"views":8,"p1id":"firepunch917","p2id":"detectivestrong","formatid":"gen8randombattle","rating":1749,"private":0,"password":null}