{"id":"gen8nationaldex-1591397325","p1":"SirFresh","p2":"Nemweta","format":"gen8nationaldex","log":"|j|\u2606SirFresh\n|j|\u2606Nemweta\n|t:|1654635723\n|gametype|singles\n|player|p1|SirFresh|palmer|\n|player|p2|Nemweta|gardenia|\n|teamsize|p1|6\n|teamsize|p2|6\n|gen|8\n|tier|[Gen 8] National Dex\n|rule|HP Percentage Mod: HP is shown in percentages\n|rule|Endless Battle Clause: Forcing endless battles is banned\n|rule|OHKO Clause: OHKO moves are banned\n|rule|Evasion Moves Clause: Evasion moves are banned\n|rule|Species Clause: Limit one of each Pok\u00e9mon\n|rule|Dynamax Clause: You cannot dynamax\n|rule|Sleep Clause Mod: Limit one foe put to sleep\n|clearpoke\n|poke|p1|Infernape, M|\n|poke|p1|Staraptor, M|\n|poke|p1|Gliscor, M|\n|poke|p1|Bronzong|\n|poke|p1|Manaphy|\n|poke|p1|Gallade, M|\n|poke|p2|Infernape, F|\n|poke|p2|Mamoswine, M|\n|poke|p2|Staraptor, F|\n|poke|p2|Garchomp, M|\n|poke|p2|Lopunny, F|\n|poke|p2|Weavile, F|\n|teampreview\n|c|\u2606Nemweta|glhf\n|c|\u2606SirFresh|Same\n|\n|t:|1654635759\n|start\n|switch|p1a: Bronzong|Bronzong|100\/100\n|switch|p2a: Staraptor|Staraptor, F|100\/100\n|turn|1\n|\n|t:|1654635765\n|move|p2a: Staraptor|U-turn|p1a: Bronzong\n|-damage|p1a: Bronzong|80\/100\n|\n|t:|1654635769\n|switch|p2a: Weavile|Weavile, F|100\/100|[from]move: U-turn\n|-ability|p2a: Weavile|Pressure\n|move|p1a: Bronzong|Reflect|p1a: Bronzong\n|-sidestart|p1: SirFresh|Reflect\n|\n|upkeep\n|turn|2\n|\n|t:|1654635776\n|switch|p1a: Infernape|Infernape, M|100\/100\n|move|p2a: Weavile|Swords Dance|p2a: Weavile\n|-boost|p2a: Weavile|atk|2\n|\n|upkeep\n|turn|3\n|\n|t:|1654635792\n|move|p2a: Weavile|Night Slash|p1a: Infernape\n|-resisted|p1a: Infernape\n|-damage|p1a: Infernape|68\/100\n|-damage|p2a: Weavile|91\/100|[from] item: Life Orb\n|move|p1a: Infernape|Close Combat|p2a: Weavile\n|-supereffective|p2a: Weavile\n|-damage|p2a: Weavile|0 fnt\n|-unboost|p1a: Infernape|def|1\n|-unboost|p1a: Infernape|spd|1\n|faint|p2a: Weavile\n|\n|upkeep\n|\n|t:|1654635798\n|switch|p2a: Staraptor|Staraptor, F|100\/100\n|turn|4\n|\n|t:|1654635806\n|switch|p1a: Bronzong|Bronzong|80\/100\n|move|p2a: Staraptor|Close Combat|p1a: Bronzong\n|-damage|p1a: Bronzong|60\/100\n|-unboost|p2a: Staraptor|def|1\n|-unboost|p2a: Staraptor|spd|1\n|\n|upkeep\n|turn|5\n|\n|t:|1654635823\n|switch|p2a: Infernape|Infernape, F|100\/100\n|move|p1a: Bronzong|Rain Dance|p1a: Bronzong\n|-weather|RainDance\n|\n|-weather|RainDance|[upkeep]\n|upkeep\n|turn|6\n|\n|t:|1654635830\n|move|p2a: Infernape|Flamethrower|p1a: Bronzong\n|-supereffective|p1a: Bronzong\n|-damage|p1a: Bronzong|27\/100\n|-damage|p2a: Infernape|91\/100|[from] item: Life Orb\n|move|p1a: Bronzong|Earthquake|p2a: Infernape\n|-supereffective|p2a: Infernape\n|-damage|p2a: Infernape|13\/100\n|\n|-weather|RainDance|[upkeep]\n|upkeep\n|turn|7\n|\n|t:|1654635839\n|switch|p1a: Gliscor|Gliscor, M|100\/100\n|move|p2a: Infernape|Flamethrower|p1a: Gliscor\n|-damage|p1a: Gliscor|49\/100\n|-damage|p2a: Infernape|3\/100|[from] item: Life Orb\n|\n|-weather|RainDance|[upkeep]\n|-status|p1a: Gliscor|tox|[from] item: Toxic Orb\n|upkeep\n|turn|8\n|\n|t:|1654635853\n|move|p1a: Gliscor|Protect|p1a: Gliscor\n|-singleturn|p1a: Gliscor|Protect\n|move|p2a: Infernape|Flamethrower|p1a: Gliscor\n|-activate|p1a: Gliscor|move: Protect\n|\n|-weather|RainDance|[upkeep]\n|-heal|p1a: Gliscor|62\/100 tox|[from] ability: Poison Heal\n|-sideend|p1: SirFresh|Reflect\n|upkeep\n|turn|9\n|\n|t:|1654635866\n|move|p2a: Infernape|Hidden Power|p1a: Gliscor\n|-supereffective|p1a: Gliscor\n|-damage|p1a: Gliscor|0 fnt\n|faint|p1a: Gliscor\n|-damage|p2a: Infernape|0 fnt|[from] item: Life Orb\n|faint|p2a: Infernape\n|\n|-weather|none\n|upkeep\n|\n|t:|1654635878\n|switch|p2a: Lopunny|Lopunny, F|100\/100\n|switch|p1a: Gallade|Gallade, M|100\/100\n|turn|10\n|\n|t:|1654635886\n|switch|p2a: Staraptor|Staraptor, F|100\/100\n|detailschange|p1a: Gallade|Gallade-Mega, M\n|-mega|p1a: Gallade|Gallade|Galladite\n|move|p1a: Gallade|Drain Punch|p2a: Staraptor\n|-damage|p2a: Staraptor|29\/100\n|\n|upkeep\n|turn|11\n|\n|t:|1654635904\n|switch|p1a: Bronzong|Bronzong|27\/100\n|move|p2a: Staraptor|Brave Bird|p1a: Bronzong\n|-resisted|p1a: Bronzong\n|-damage|p1a: Bronzong|0 fnt\n|faint|p1a: Bronzong\n|-damage|p2a: Staraptor|19\/100|[from] Recoil\n|\n|upkeep\n|\n|t:|1654635914\n|switch|p1a: Infernape|Infernape, M|68\/100\n|turn|12\n|\n|t:|1654635922\n|switch|p2a: Garchomp|Garchomp, M|100\/100\n|move|p1a: Infernape|Mach Punch|p2a: Garchomp\n|-damage|p2a: Garchomp|74\/100\n|-damage|p1a: Infernape|56\/100|[from] ability: Rough Skin|[of] p2a: Garchomp\n|\n|upkeep\n|turn|13\n|\n|t:|1654635935\n|switch|p1a: Manaphy|Manaphy|100\/100\n|move|p2a: Garchomp|Scale Shot|p1a: Manaphy\n|-damage|p1a: Manaphy|89\/100\n|-damage|p1a: Manaphy|77\/100\n|-damage|p1a: Manaphy|66\/100\n|-hitcount|p1a: Manaphy|3\n|-unboost|p2a: Garchomp|def|1\n|-boost|p2a: Garchomp|spe|1\n|\n|upkeep\n|turn|14\n|\n|t:|1654635943\n|move|p2a: Garchomp|Earthquake|p1a: Manaphy\n|-crit|p1a: Manaphy\n|-damage|p1a: Manaphy|0 fnt\n|faint|p1a: Manaphy\n|\n|upkeep\n|\n|t:|1654635948\n|switch|p1a: Staraptor|Staraptor, M|100\/100\n|turn|15\n|\n|t:|1654635957\n|move|p2a: Garchomp|Scale Shot|p1a: Staraptor\n|-damage|p1a: Staraptor|81\/100\n|-damage|p1a: Staraptor|61\/100\n|-damage|p1a: Staraptor|43\/100\n|-damage|p1a: Staraptor|21\/100\n|-hitcount|p1a: Staraptor|4\n|-unboost|p2a: Garchomp|def|1\n|-boost|p2a: Garchomp|spe|1\n|move|p1a: Staraptor|Brave Bird|p2a: Garchomp\n|-crit|p2a: Garchomp\n|-damage|p2a: Garchomp|0 fnt\n|-damage|p1a: Staraptor|9\/100|[from] ability: Rough Skin|[of] p2a: Garchomp\n|faint|p2a: Garchomp\n|-damage|p1a: Staraptor|0 fnt|[from] Recoil\n|faint|p1a: Staraptor\n|\n|upkeep\n|\n|t:|1654635969\n|switch|p2a: Lopunny|Lopunny, F|100\/100\n|switch|p1a: Infernape|Infernape, M|56\/100\n|turn|16\n|\n|t:|1654635982\n|switch|p1a: Gallade|Gallade-Mega, M|100\/100\n|detailschange|p2a: Lopunny|Lopunny-Mega, F\n|-mega|p2a: Lopunny|Lopunny|Lopunnite\n|move|p2a: Lopunny|Return|p1a: Gallade\n|-damage|p1a: Gallade|26\/100\n|\n|upkeep\n|turn|17\n|\n|t:|1654635990\n|move|p2a: Lopunny|Return|p1a: Gallade\n|-damage|p1a: Gallade|0 fnt\n|faint|p1a: Gallade\n|\n|upkeep\n|\n|t:|1654636004\n|switch|p1a: Infernape|Infernape, M|56\/100\n|turn|18\n|\n|t:|1654636016\n|move|p1a: Infernape|Mach Punch|p2a: Lopunny\n|-supereffective|p2a: Lopunny\n|-damage|p2a: Lopunny|29\/100\n|move|p2a: Lopunny|Return|p1a: Infernape\n|-damage|p1a: Infernape|0 fnt\n|faint|p1a: Infernape\n|\n|win|Nemweta\n|c|\u2606SirFresh|Gg\n|c|\u2606Nemweta|gg\n|l|\u2606SirFresh\n|j|\u2606SirFresh\n|player|p1|SirFresh|palmer\n","uploadtime":1654636026,"views":8,"p1id":"sirfresh","p2id":"nemweta","formatid":"gen8nationaldex","rating":0,"private":0,"password":null}