{"id":"gen8waterparadise-1371157985","p1":"AgentOcelot #001","p2":"lebanesestinker","format":"gen8waterparadise","log":"|j|\u2606AgentOcelot #001\n|j|\u2606lebanesestinker\n|t:|1625513073\n|gametype|singles\n|player|p1|AgentOcelot #001|169|1083\n|player|p2|lebanesestinker|policeman|1159\n|teamsize|p1|6\n|teamsize|p2|6\n|gen|8\n|tier|[Gen 8] Water Paradise\n|rated|\n|rule|Species Clause: Limit one of each Pok\u00e9mon\n|rule|Item Clause: Limit one of each item\n|clearpoke\n|poke|p1|Lapras, L50, F|\n|poke|p1|Toxapex, L50, F|\n|poke|p1|Gyarados, L50, M|\n|poke|p1|Ludicolo, L50, M|\n|poke|p1|Arctovish, L50|\n|poke|p1|Rotom-Wash, L50|\n|poke|p2|Barbaracle, L50, F|\n|poke|p2|Ludicolo, L50, F|\n|poke|p2|Starmie, L50|\n|poke|p2|Lanturn, L50, M|\n|poke|p2|Sharpedo, L50, F|\n|poke|p2|Gyarados, L50, M|\n|teampreview|3\n|inactive|Battle timer is ON: inactive players will automatically lose when time's up. (requested by AgentOcelot #001)\n|\n|t:|1625513122\n|start\n|switch|p1a: Ludwig|Ludicolo, L50, M|100\/100\n|switch|p2a: Lanturn|Lanturn, L50, M|100\/100\n|turn|1\n|\n|t:|1625513127\n|move|p1a: Ludwig|Fake Out|p2a: Lanturn\n|-damage|p2a: Lanturn|93\/100\n|-damage|p1a: Ludwig|84\/100|[from] item: Rocky Helmet|[of] p2a: Lanturn\n|cant|p2a: Lanturn|flinch\n|\n|upkeep\n|turn|2\n|\n|t:|1625513140\n|move|p1a: Ludwig|Seed Bomb|p2a: Lanturn\n|-supereffective|p2a: Lanturn\n|-damage|p2a: Lanturn|46\/100\n|move|p2a: Lanturn|Volt Switch|p1a: Ludwig\n|-damage|p1a: Ludwig|62\/100\n|\n|t:|1625513151\n|switch|p2a: Starmie|Starmie, L50|100\/100|[from]move: Volt Switch\n|\n|upkeep\n|turn|3\n|\n|t:|1625513156\n|move|p2a: Starmie|Psychic|p1a: Ludwig\n|-damage|p1a: Ludwig|17\/100\n|move|p1a: Ludwig|Seed Bomb|p2a: Starmie\n|-supereffective|p2a: Starmie\n|-crit|p2a: Starmie\n|-damage|p2a: Starmie|0 fnt\n|faint|p2a: Starmie\n|\n|upkeep\n|\n|t:|1625513178\n|switch|p2a: Barbaracle|Barbaracle, L50, F|100\/100\n|turn|4\n|\n|t:|1625513181\n|move|p1a: Ludwig|Seed Bomb|p2a: Barbaracle\n|-supereffective|p2a: Barbaracle\n|-enditem|p2a: Barbaracle|Focus Sash\n|-damage|p2a: Barbaracle|1\/100\n|move|p2a: Barbaracle|Shell Smash|p2a: Barbaracle\n|-unboost|p2a: Barbaracle|def|1\n|-unboost|p2a: Barbaracle|spd|1\n|-boost|p2a: Barbaracle|atk|2\n|-boost|p2a: Barbaracle|spa|2\n|-boost|p2a: Barbaracle|spe|2\n|\n|upkeep\n|turn|5\n|\n|t:|1625513194\n|switch|p1a: xQc|Rotom-Wash, L50|100\/100\n|move|p2a: Barbaracle|Earthquake|p1a: xQc\n|-immune|p1a: xQc|[from] ability: Levitate\n|\n|upkeep\n|turn|6\n|\n|t:|1625513207\n|-start|p2a: Barbaracle|Dynamax\n|-heal|p2a: Barbaracle|1\/100|[silent]\n|move|p2a: Barbaracle|Max Rockfall|p1a: xQc\n|-enditem|p1a: xQc|Focus Sash\n|-damage|p1a: xQc|1\/100\n|-weather|Sandstorm\n|move|p1a: xQc|Volt Switch|p2a: Barbaracle\n|-supereffective|p2a: Barbaracle\n|-damage|p2a: Barbaracle|0 fnt\n|faint|p2a: Barbaracle\n|\n|t:|1625513220\n|switch|p1a: Ludwig|Ludicolo, L50, M|17\/100|[from]move: Volt Switch\n|\n|-weather|Sandstorm|[upkeep]\n|-damage|p1a: Ludwig|11\/100|[from] Sandstorm\n|upkeep\n|\n|t:|1625513227\n|switch|p2a: Lanturn|Lanturn, L50, M|46\/100\n|turn|7\n|\n|t:|1625513231\n|move|p1a: Ludwig|Seed Bomb|p2a: Lanturn\n|-supereffective|p2a: Lanturn\n|-damage|p2a: Lanturn|0 fnt\n|faint|p2a: Lanturn\n|\n|win|AgentOcelot #001\n|raw|AgentOcelot #001's rating: 1083 &rarr; <strong>1116<\/strong><br \/>(+33 for winning)\n|raw|lebanesestinker's rating: 1159 &rarr; <strong>1129<\/strong><br \/>(-30 for losing)\n|l|\u2606lebanesestinker\n|l|\u2606AgentOcelot #001\n||Ladder isn't responding, score probably updated but might not have (Request timeout).\n","uploadtime":1625513334,"views":11,"p1id":"agentocelot001","p2id":"lebanesestinker","formatid":"gen8waterparadise","rating":1116,"private":0,"password":null}