{"id":"gen8nationaldex-1677788480","p1":"FleetFoxxx","p2":"sicksickboy","format":"gen8nationaldex","log":"|j|\u2606FleetFoxxx\n|j|\u2606sicksickboy\n|t:|1664924779\n|gametype|singles\n|player|p1|FleetFoxxx|flannery|\n|player|p2|sicksickboy|sabrina-masters|\n|teamsize|p1|6\n|teamsize|p2|6\n|gen|8\n|tier|[Gen 8] National Dex\n|rule|HP Percentage Mod: HP is shown in percentages\n|rule|Endless Battle Clause: Forcing endless battles is banned\n|rule|OHKO Clause: OHKO moves are banned\n|rule|Evasion Moves Clause: Evasion moves are banned\n|rule|Species Clause: Limit one of each Pok\u00e9mon\n|rule|Dynamax Clause: You cannot dynamax\n|rule|Sleep Clause Mod: Limit one foe put to sleep\n|clearpoke\n|poke|p1|Qwilfish, F|\n|poke|p1|Hydreigon, M|\n|poke|p1|Goodra, F|\n|poke|p1|Celesteela|\n|poke|p1|Runerigus, M|\n|poke|p1|Pinsir, M|\n|poke|p2|Slowbro, F|\n|poke|p2|Corviknight, M|\n|poke|p2|Hoopa|\n|poke|p2|Porygon-Z|\n|poke|p2|Talonflame, M|\n|poke|p2|Stakataka|\n|teampreview\n|j| pretty rave girl\n|\n|t:|1664924793\n|start\n|switch|p1a: Qwilfish|Qwilfish, F|100\/100\n|switch|p2a: tttttttttttttt|Talonflame, M|100\/100\n|-ability|p1a: Qwilfish|Intimidate|boost\n|-unboost|p2a: tttttttttttttt|atk|1\n|turn|1\n|c| pretty rave girl|go fleet\n|j| DerpyDots\n|j| Bugsileus\n|\n|t:|1664924831\n|switch|p2a: IM ALIVE|Slowbro, F|100\/100\n|move|p1a: Qwilfish|Toxic Spikes|p2a: IM ALIVE\n|-sidestart|p2: sicksickboy|move: Toxic Spikes\n|\n|upkeep\n|turn|2\n|c| DerpyDots|im rooting for logical\n|\n|t:|1664924850\n|switch|p1a: Goodra|Goodra, F|100\/100\n|move|p2a: IM ALIVE|Psyshock|p1a: Goodra\n|-damage|p1a: Goodra|70\/100\n|\n|upkeep\n|turn|3\n|c|\u2606sicksickboy|hazard enjoyer\n|j| yes munchlax\n|\n|t:|1664924896\n|move|p1a: Goodra|Rain Dance|p1a: Goodra\n|-weather|RainDance\n|move|p2a: IM ALIVE|Teleport|p2a: IM ALIVE\n|j| Charkhil\n|j| zoompa\n|c| DerpyDots|im getting hurricane ptsd\n|\n|t:|1664924927\n|switch|p2a: sonic adventure 2|Hoopa|100\/100|[from]move: Teleport\n|-status|p2a: sonic adventure 2|psn\n|\n|-weather|RainDance|[upkeep]\n|-damage|p2a: sonic adventure 2|88\/100 psn|[from] psn\n|upkeep\n|turn|4\n|c| Bugsileus|just teleport out of florida lul\n|c| DerpyDots|i will teleport out of this mortal coil\n|j| johngalt149\n|j| evilhanaklaus\n|\n|t:|1664924998\n|switch|p1a: Runerigus|Runerigus, M|100\/100\n|move|p2a: sonic adventure 2|Ice Punch|p1a: Runerigus\n|-supereffective|p1a: Runerigus\n|-damage|p1a: Runerigus|58\/100\n|-activate|p1a: Runerigus|ability: Wandering Spirit|Magician|Wandering Spirit|[of] p2a: sonic adventure 2\n|\n|-weather|RainDance|[upkeep]\n|-heal|p1a: Runerigus|64\/100|[from] item: Leftovers\n|-damage|p2a: sonic adventure 2|75\/100 psn|[from] psn\n|upkeep\n|turn|5\n|\n|t:|1664925120\n|switch|p2a: NEVER GONNA DIE|Corviknight, M|100\/100\n|-ability|p2a: NEVER GONNA DIE|Pressure\n|move|p1a: Runerigus|Shadow Claw|p2a: NEVER GONNA DIE\n|-damage|p2a: NEVER GONNA DIE|81\/100\n|\n|-weather|RainDance|[upkeep]\n|-heal|p2a: NEVER GONNA DIE|87\/100|[from] item: Leftovers\n|-heal|p1a: Runerigus|70\/100|[from] item: Leftovers\n|upkeep\n|turn|6\n|\n|t:|1664925133\n|switch|p1a: Qwilfish|Qwilfish, F|100\/100\n|-ability|p1a: Qwilfish|Intimidate|boost\n|-unboost|p2a: NEVER GONNA DIE|atk|1\n|move|p2a: NEVER GONNA DIE|Taunt|p1a: Qwilfish\n|-start|p1a: Qwilfish|move: Taunt\n|\n|-weather|RainDance|[upkeep]\n|-heal|p2a: NEVER GONNA DIE|93\/100|[from] item: Leftovers\n|upkeep\n|turn|7\n|\n|t:|1664925138\n|move|p1a: Qwilfish|Scald|p2a: NEVER GONNA DIE\n|-damage|p2a: NEVER GONNA DIE|74\/100\n|-status|p2a: NEVER GONNA DIE|brn\n|move|p2a: NEVER GONNA DIE|Defog|p1a: Qwilfish\n|-unboost|p1a: Qwilfish|evasion|1\n|-sideend|p2: sicksickboy|Toxic Spikes|[from] move: Defog|[of] p2a: NEVER GONNA DIE\n|\n|-weather|RainDance|[upkeep]\n|-heal|p2a: NEVER GONNA DIE|80\/100 brn|[from] item: Leftovers\n|-damage|p2a: NEVER GONNA DIE|74\/100 brn|[from] brn\n|upkeep\n|turn|8\n|\n|t:|1664925166\n|switch|p1a: Celesteela|Celesteela|100\/100\n|switch|p2a: IM ALIVE|Slowbro, F|100\/100\n|\n|-weather|RainDance|[upkeep]\n|upkeep\n|turn|9\n|\n|t:|1664925173\n|move|p1a: Celesteela|Substitute|p1a: Celesteela\n|-start|p1a: Celesteela|Substitute\n|-damage|p1a: Celesteela|76\/100\n|move|p2a: IM ALIVE|Teleport|p2a: IM ALIVE\n|\n|t:|1664925183\n|switch|p2a: my brain|Porygon-Z|100\/100|[from]move: Teleport\n|-ability|p2a: my brain|Download|boost\n|-boost|p2a: my brain|spa|1\n|\n|-weather|RainDance|[upkeep]\n|-heal|p1a: Celesteela|82\/100|[from] item: Leftovers\n|upkeep\n|turn|10\n|\n|t:|1664925192\n|move|p2a: my brain|Ice Beam|p1a: Celesteela\n|-end|p1a: Celesteela|Substitute\n|move|p1a: Celesteela|Leech Seed|p2a: my brain\n|-start|p2a: my brain|move: Leech Seed\n|\n|-weather|none\n|-heal|p1a: Celesteela|88\/100|[from] item: Leftovers\n|-damage|p2a: my brain|88\/100|[from] Leech Seed|[of] p1a: Celesteela\n|-heal|p1a: Celesteela|98\/100|[silent]\n|upkeep\n|turn|11\n|\n|t:|1664925203\n|switch|p1a: Qwilfish|Qwilfish, F|100\/100\n|-ability|p1a: Qwilfish|Intimidate|boost\n|-unboost|p2a: my brain|atk|1\n|move|p2a: my brain|Thunderbolt|p1a: Qwilfish\n|-supereffective|p1a: Qwilfish\n|-damage|p1a: Qwilfish|0 fnt\n|faint|p1a: Qwilfish\n|\n|upkeep\n|\n|t:|1664925264\n|switch|p1a: Pinsir|Pinsir, M|100\/100\n|turn|12\n|\n|t:|1664925271\n|detailschange|p1a: Pinsir|Pinsir-Mega, M\n|-mega|p1a: Pinsir|Pinsir|Pinsirite\n|move|p1a: Pinsir|Return|p2a: my brain\n|-damage|p2a: my brain|0 fnt\n|faint|p2a: my brain\n|\n|upkeep\n|\n|t:|1664925280\n|switch|p2a: tttttttttttttt|Talonflame, M|100\/100\n|turn|13\n|\n|t:|1664925288\n|switch|p1a: Runerigus|Runerigus, M|70\/100\n|move|p2a: tttttttttttttt|Flare Blitz|p1a: Runerigus\n|-damage|p1a: Runerigus|34\/100\n|-activate|p1a: Runerigus|ability: Wandering Spirit|Flame Body|Wandering Spirit|[of] p2a: tttttttttttttt\n|-damage|p2a: tttttttttttttt|89\/100|[from] Recoil\n|\n|-heal|p1a: Runerigus|40\/100|[from] item: Leftovers\n|upkeep\n|turn|14\n|j| Deathbypudding\n|\n|t:|1664925315\n|move|p2a: tttttttttttttt|U-turn|p1a: Runerigus\n|-resisted|p1a: Runerigus\n|-damage|p1a: Runerigus|33\/100\n|\n|t:|1664925318\n|switch|p2a: NEVER GONNA DIE|Corviknight, M|74\/100 brn|[from]move: U-turn\n|-ability|p2a: NEVER GONNA DIE|Pressure\n|move|p1a: Runerigus|Stealth Rock|p2a: NEVER GONNA DIE\n|-sidestart|p2: sicksickboy|move: Stealth Rock\n|\n|-heal|p2a: NEVER GONNA DIE|80\/100 brn|[from] item: Leftovers\n|-heal|p1a: Runerigus|39\/100|[from] item: Leftovers\n|-damage|p2a: NEVER GONNA DIE|74\/100 brn|[from] brn\n|upkeep\n|turn|15\n|\n|t:|1664925325\n|switch|p1a: Celesteela|Celesteela|98\/100\n|move|p2a: NEVER GONNA DIE|Defog|p1a: Celesteela\n|-unboost|p1a: Celesteela|evasion|1\n|-sideend|p2: sicksickboy|Stealth Rock|[from] move: Defog|[of] p2a: NEVER GONNA DIE\n|\n|-heal|p2a: NEVER GONNA DIE|80\/100 brn|[from] item: Leftovers\n|-heal|p1a: Celesteela|100\/100|[from] item: Leftovers\n|-damage|p2a: NEVER GONNA DIE|74\/100 brn|[from] brn\n|upkeep\n|turn|16\n|l| zoompa\n|\n|t:|1664925344\n|move|p2a: NEVER GONNA DIE|Taunt|p1a: Celesteela\n|-start|p1a: Celesteela|move: Taunt\n|move|p1a: Celesteela|Flamethrower|p2a: NEVER GONNA DIE\n|-supereffective|p2a: NEVER GONNA DIE\n|-damage|p2a: NEVER GONNA DIE|31\/100 brn\n|\n|-heal|p2a: NEVER GONNA DIE|37\/100 brn|[from] item: Leftovers\n|-damage|p2a: NEVER GONNA DIE|31\/100 brn|[from] brn\n|upkeep\n|turn|17\n|\n|t:|1664925436\n|switch|p1a: Runerigus|Runerigus, M|39\/100\n|move|p2a: NEVER GONNA DIE|U-turn|p1a: Runerigus\n|-resisted|p1a: Runerigus\n|-damage|p1a: Runerigus|36\/100\n|-activate|p1a: Runerigus|ability: Wandering Spirit|Pressure|Wandering Spirit|[of] p2a: NEVER GONNA DIE\n|-ability|p1a: Runerigus|Pressure\n|\n|t:|1664925454\n|switch|p2a: sonic adventure 2|Hoopa|75\/100 psn|[from]move: U-turn\n|\n|-heal|p1a: Runerigus|42\/100|[from] item: Leftovers\n|-damage|p2a: sonic adventure 2|63\/100 psn|[from] psn\n|upkeep\n|turn|18\n|\n|t:|1664925489\n|switch|p1a: Celesteela|Celesteela|100\/100\n|move|p2a: sonic adventure 2|Ice Punch|p1a: Celesteela\n|-damage|p1a: Celesteela|80\/100\n|\n|-heal|p1a: Celesteela|86\/100|[from] item: Leftovers\n|-damage|p2a: sonic adventure 2|50\/100 psn|[from] psn\n|upkeep\n|turn|19\n|l| evilhanaklaus\n|\n|t:|1664925507\n|move|p2a: sonic adventure 2|Thunder Punch|p1a: Celesteela\n|-supereffective|p1a: Celesteela\n|-damage|p1a: Celesteela|42\/100\n|move|p1a: Celesteela|Leech Seed|p2a: sonic adventure 2|[miss]\n|-miss|p1a: Celesteela|p2a: sonic adventure 2\n|\n|-heal|p1a: Celesteela|48\/100|[from] item: Leftovers\n|-damage|p2a: sonic adventure 2|38\/100 psn|[from] psn\n|upkeep\n|turn|20\n|c| Deathbypudding|casual physical hoopa\n|\n|t:|1664925548\n|switch|p2a: IM ALIVE|Slowbro, F|100\/100\n|move|p1a: Celesteela|Flamethrower|p2a: IM ALIVE\n|-resisted|p2a: IM ALIVE\n|-damage|p2a: IM ALIVE|85\/100\n|\n|-heal|p1a: Celesteela|54\/100|[from] item: Leftovers\n|upkeep\n|turn|21\n|\n|t:|1664925554\n|move|p1a: Celesteela|Leech Seed|p2a: IM ALIVE\n|-start|p2a: IM ALIVE|move: Leech Seed\n|move|p2a: IM ALIVE|Teleport|p2a: IM ALIVE\n|\n|t:|1664925557\n|switch|p2a: tttttttttttttt|Talonflame, M|89\/100|[from]move: Teleport\n|\n|-heal|p1a: Celesteela|60\/100|[from] item: Leftovers\n|upkeep\n|turn|22\n|\n|t:|1664925585\n|switch|p1a: Runerigus|Runerigus, M|42\/100\n|move|p2a: tttttttttttttt|Flare Blitz|p1a: Runerigus\n|-damage|p1a: Runerigus|8\/100\n|-activate|p1a: Runerigus|ability: Wandering Spirit|Flame Body|Wandering Spirit|[of] p2a: tttttttttttttt\n|-damage|p2a: tttttttttttttt|78\/100|[from] Recoil\n|\n|-heal|p1a: Runerigus|14\/100|[from] item: Leftovers\n|upkeep\n|turn|23\n|\n|t:|1664925658\n|move|p2a: tttttttttttttt|Flare Blitz|p1a: Runerigus\n|-damage|p1a: Runerigus|0 fnt\n|faint|p1a: Runerigus\n|-damage|p2a: tttttttttttttt|74\/100|[from] Recoil\n|\n|upkeep\n|\n|t:|1664925672\n|switch|p1a: Goodra|Goodra, F|70\/100\n|turn|24\n|\n|t:|1664925679\n|move|p2a: tttttttttttttt|Toxic|p1a: Goodra\n|-status|p1a: Goodra|tox\n|move|p1a: Goodra|Dragon Pulse|p2a: tttttttttttttt\n|-damage|p2a: tttttttttttttt|10\/100\n|\n|-damage|p1a: Goodra|64\/100 tox|[from] psn\n|upkeep\n|turn|25\n|\n|t:|1664925689\n|move|p2a: tttttttttttttt|U-turn|p1a: Goodra\n|-damage|p1a: Goodra|44\/100 tox\n|\n|t:|1664925691\n|switch|p2a: NEVER GONNA DIE|Corviknight, M|31\/100 brn|[from]move: U-turn\n|-ability|p2a: NEVER GONNA DIE|Pressure\n|move|p1a: Goodra|Dragon Pulse|p2a: NEVER GONNA DIE\n|-resisted|p2a: NEVER GONNA DIE\n|-damage|p2a: NEVER GONNA DIE|17\/100 brn\n|\n|-heal|p2a: NEVER GONNA DIE|23\/100 brn|[from] item: Leftovers\n|-damage|p1a: Goodra|32\/100 tox|[from] psn\n|-damage|p2a: NEVER GONNA DIE|17\/100 brn|[from] brn\n|upkeep\n|turn|26\n|\n|t:|1664925704\n|move|p1a: Goodra|Rest|p1a: Goodra\n|-status|p1a: Goodra|slp|[from] move: Rest\n|-heal|p1a: Goodra|100\/100 slp|[silent]\n|move|p2a: NEVER GONNA DIE|Roost|p2a: NEVER GONNA DIE\n|-heal|p2a: NEVER GONNA DIE|67\/100 brn\n|-singleturn|p2a: NEVER GONNA DIE|move: Roost\n|\n|-heal|p2a: NEVER GONNA DIE|73\/100 brn|[from] item: Leftovers\n|-damage|p2a: NEVER GONNA DIE|67\/100 brn|[from] brn\n|upkeep\n|turn|27\n|\n|t:|1664925716\n|cant|p1a: Goodra|slp\n|move|p2a: NEVER GONNA DIE|Roost|p2a: NEVER GONNA DIE\n|-heal|p2a: NEVER GONNA DIE|100\/100 brn\n|-singleturn|p2a: NEVER GONNA DIE|move: Roost\n|\n|-damage|p2a: NEVER GONNA DIE|94\/100 brn|[from] brn\n|upkeep\n|turn|28\n|j| zoompa\n|\n|t:|1664925722\n|cant|p1a: Goodra|slp\n|move|p2a: NEVER GONNA DIE|U-turn|p1a: Goodra\n|-damage|p1a: Goodra|91\/100 slp\n|\n|t:|1664925725\n|switch|p2a: rpocky shelment|Stakataka|100\/100|[from]move: U-turn\n|\n|upkeep\n|turn|29\n|\n|t:|1664925737\n|switch|p1a: Celesteela|Celesteela|60\/100\n|move|p2a: rpocky shelment|Toxic|p1a: Celesteela\n|-immune|p1a: Celesteela\n|\n|-heal|p1a: Celesteela|66\/100|[from] item: Leftovers\n|upkeep\n|turn|30\n|\n|t:|1664925743\n|move|p1a: Celesteela|Leech Seed|p2a: rpocky shelment\n|-start|p2a: rpocky shelment|move: Leech Seed\n|move|p2a: rpocky shelment|Body Press|p1a: Celesteela\n|-damage|p1a: Celesteela|34\/100\n|\n|-heal|p1a: Celesteela|40\/100|[from] item: Leftovers\n|-damage|p2a: rpocky shelment|88\/100|[from] Leech Seed|[of] p1a: Celesteela\n|-heal|p1a: Celesteela|50\/100|[silent]\n|upkeep\n|turn|31\n|\n|t:|1664925762\n|move|p1a: Celesteela|Flamethrower|p2a: rpocky shelment\n|-damage|p2a: rpocky shelment|67\/100\n|move|p2a: rpocky shelment|Stealth Rock|p1a: Celesteela\n|-sidestart|p1: FleetFoxxx|move: Stealth Rock\n|\n|-heal|p1a: Celesteela|56\/100|[from] item: Leftovers\n|-heal|p2a: rpocky shelment|73\/100|[from] item: Leftovers\n|-damage|p2a: rpocky shelment|61\/100|[from] Leech Seed|[of] p1a: Celesteela\n|-heal|p1a: Celesteela|66\/100|[silent]\n|upkeep\n|turn|32\n|\n|t:|1664925782\n|switch|p2a: IM ALIVE|Slowbro, F|100\/100\n|move|p1a: Celesteela|Substitute|p1a: Celesteela\n|-start|p1a: Celesteela|Substitute\n|-damage|p1a: Celesteela|42\/100\n|\n|-heal|p1a: Celesteela|48\/100|[from] item: Leftovers\n|upkeep\n|turn|33\n|\n|t:|1664925794\n|move|p1a: Celesteela|Meteor Beam||[still]\n|-prepare|p1a: Celesteela|Meteor Beam\n|-boost|p1a: Celesteela|spa|1\n|move|p2a: IM ALIVE|Ice Beam|p1a: Celesteela\n|-activate|p1a: Celesteela|move: Substitute|[damage]\n|\n|-heal|p1a: Celesteela|54\/100|[from] item: Leftovers\n|upkeep\n|turn|34\n|\n|t:|1664925801\n|move|p1a: Celesteela|Meteor Beam|p2a: IM ALIVE|[from]lockedmove\n|-damage|p2a: IM ALIVE|46\/100\n|move|p2a: IM ALIVE|Ice Beam|p1a: Celesteela\n|-end|p1a: Celesteela|Substitute\n|\n|-heal|p1a: Celesteela|60\/100|[from] item: Leftovers\n|upkeep\n|turn|35\n|\n|t:|1664925807\n|move|p1a: Celesteela|Substitute|p1a: Celesteela\n|-start|p1a: Celesteela|Substitute\n|-damage|p1a: Celesteela|35\/100\n|move|p2a: IM ALIVE|Teleport|p2a: IM ALIVE\n|\n|t:|1664925824\n|switch|p2a: sonic adventure 2|Hoopa|38\/100 psn|[from]move: Teleport\n|\n|-heal|p1a: Celesteela|41\/100|[from] item: Leftovers\n|-damage|p2a: sonic adventure 2|25\/100 psn|[from] psn\n|upkeep\n|turn|36\n|\n|t:|1664925845\n|move|p2a: sonic adventure 2|Thunder Punch|p1a: Celesteela\n|-supereffective|p1a: Celesteela\n|-end|p1a: Celesteela|Substitute\n|move|p1a: Celesteela|Flamethrower|p2a: sonic adventure 2\n|-damage|p2a: sonic adventure 2|5\/100 psn\n|\n|-heal|p1a: Celesteela|47\/100|[from] item: Leftovers\n|-damage|p2a: sonic adventure 2|0 fnt|[from] psn\n|faint|p2a: sonic adventure 2\n|upkeep\n|\n|t:|1664925856\n|switch|p2a: tttttttttttttt|Talonflame, M|10\/100\n|turn|37\n|j| sh0shin4\n|\n|t:|1664925881\n|switch|p1a: Goodra|Goodra, F|91\/100 slp\n|-damage|p1a: Goodra|79\/100 slp|[from] Stealth Rock\n|move|p2a: tttttttttttttt|Flare Blitz|p1a: Goodra\n|-resisted|p1a: Goodra\n|-damage|p1a: Goodra|52\/100 slp\n|-damage|p2a: tttttttttttttt|0 fnt|[from] Recoil\n|faint|p2a: tttttttttttttt\n|\n|upkeep\n|\n|t:|1664925889\n|switch|p2a: IM ALIVE|Slowbro, F|79\/100\n|turn|38\n|\n|t:|1664925907\n|detailschange|p2a: IM ALIVE|Slowbro-Mega, F\n|-mega|p2a: IM ALIVE|Slowbro|Slowbronite\n|-curestatus|p1a: Goodra|slp|[msg]\n|move|p1a: Goodra|Rain Dance|p1a: Goodra\n|-weather|RainDance\n|move|p2a: IM ALIVE|Ice Beam|p1a: Goodra\n|-supereffective|p1a: Goodra\n|-damage|p1a: Goodra|21\/100\n|\n|-weather|RainDance|[upkeep]\n|upkeep\n|turn|39\n|\n|t:|1664925915\n|move|p1a: Goodra|Rest|p1a: Goodra\n|-status|p1a: Goodra|slp|[from] move: Rest\n|-heal|p1a: Goodra|100\/100 slp|[silent]\n|move|p2a: IM ALIVE|Ice Beam|p1a: Goodra\n|-supereffective|p1a: Goodra\n|-damage|p1a: Goodra|69\/100 slp\n|\n|-weather|RainDance|[upkeep]\n|-activate|p1a: Goodra|ability: Hydration\n|-curestatus|p1a: Goodra|slp|[msg]\n|upkeep\n|turn|40\n|\n|t:|1664925925\n|move|p1a: Goodra|Thunder|p2a: IM ALIVE\n|-supereffective|p2a: IM ALIVE\n|-damage|p2a: IM ALIVE|8\/100\n|move|p2a: IM ALIVE|Psyshock|p1a: Goodra\n|-damage|p1a: Goodra|28\/100\n|\n|-weather|RainDance|[upkeep]\n|upkeep\n|turn|41\n|c| yes munchlax|holy fuck its manaphy\n|\n|t:|1664925933\n|move|p1a: Goodra|Thunder|p2a: IM ALIVE\n|-supereffective|p2a: IM ALIVE\n|-damage|p2a: IM ALIVE|0 fnt\n|faint|p2a: IM ALIVE\n|\n|-weather|RainDance|[upkeep]\n|upkeep\n|\n|t:|1664925937\n|switch|p2a: rpocky shelment|Stakataka|61\/100\n|turn|42\n|\n|t:|1664925944\n|move|p1a: Goodra|Thunder|p2a: rpocky shelment\n|-damage|p2a: rpocky shelment|33\/100\n|move|p2a: rpocky shelment|Body Press|p1a: Goodra\n|-damage|p1a: Goodra|0 fnt\n|faint|p1a: Goodra\n|-ability|p2a: rpocky shelment|Beast Boost|boost\n|-boost|p2a: rpocky shelment|def|1\n|\n|-weather|RainDance|[upkeep]\n|-heal|p2a: rpocky shelment|39\/100|[from] item: Leftovers\n|upkeep\n|l| zoompa\n|\n|t:|1664926023\n|switch|p1a: Pinsir|Pinsir-Mega, M|100\/100\n|-damage|p1a: Pinsir|51\/100|[from] Stealth Rock\n|turn|43\n|\n|t:|1664926028\n|move|p1a: Pinsir|Close Combat|p2a: rpocky shelment\n|-supereffective|p2a: rpocky shelment\n|-damage|p2a: rpocky shelment|0 fnt\n|-unboost|p1a: Pinsir|def|1\n|-unboost|p1a: Pinsir|spd|1\n|faint|p2a: rpocky shelment\n|\n|-weather|RainDance|[upkeep]\n|upkeep\n|\n|t:|1664926031\n|switch|p2a: NEVER GONNA DIE|Corviknight, M|94\/100 brn\n|-ability|p2a: NEVER GONNA DIE|Pressure\n|turn|44\n|c| Deathbypudding|can u-turn corviknight do it\n|\n|t:|1664926063\n|move|p1a: Pinsir|Swords Dance|p1a: Pinsir\n|-boost|p1a: Pinsir|atk|2\n|move|p2a: NEVER GONNA DIE|U-turn|p1a: Pinsir\n|-resisted|p1a: Pinsir\n|-damage|p1a: Pinsir|45\/100\n|\n|-weather|RainDance|[upkeep]\n|-heal|p2a: NEVER GONNA DIE|100\/100 brn|[from] item: Leftovers\n|-damage|p2a: NEVER GONNA DIE|94\/100 brn|[from] brn\n|upkeep\n|turn|45\n|c|\u2606sicksickboy|yeah probably\n|c|\u2606sicksickboy|gege\n|\n|t:|1664926084\n|move|p1a: Pinsir|Swords Dance|p1a: Pinsir\n|-boost|p1a: Pinsir|atk|2\n|move|p2a: NEVER GONNA DIE|Taunt|p1a: Pinsir\n|-start|p1a: Pinsir|move: Taunt\n|\n|-weather|none\n|-heal|p2a: NEVER GONNA DIE|100\/100 brn|[from] item: Leftovers\n|-damage|p2a: NEVER GONNA DIE|94\/100 brn|[from] brn\n|upkeep\n|turn|46\n|\n|t:|1664926088\n|move|p1a: Pinsir|Close Combat|p2a: NEVER GONNA DIE\n|-damage|p2a: NEVER GONNA DIE|0 fnt\n|-unboost|p1a: Pinsir|def|1\n|-unboost|p1a: Pinsir|spd|1\n|faint|p2a: NEVER GONNA DIE\n|\n|win|FleetFoxxx\n","uploadtime":1664926093,"views":17,"p1id":"fleetfoxxx","p2id":"sicksickboy","formatid":"gen8nationaldex","rating":0,"private":0,"password":null}