{"id":"gen8balancedhackmons-1669065665","p1":"Redflix","p2":"Jqlove","format":"gen8balancedhackmons","log":"|j|\u2606Redflix\n|j|\u2606Jqlove\n|t:|1664011831\n|gametype|singles\n|player|p1|Redflix|erika|\n|player|p2|Jqlove|emmet|\n|teamsize|p1|6\n|teamsize|p2|6\n|gen|8\n|tier|[Gen 8] Balanced Hackmons\n|rule|OHKO Clause: OHKO moves are banned\n|rule|Evasion Moves Clause: Evasion moves are banned\n|rule|Forme Clause: Limit one of each forme of a Pok\u00e9mon\n|rule|HP Percentage Mod: HP is shown in percentages\n|rule|Dynamax Clause: You cannot dynamax\n|rule|Sleep Clause: Sleep-inducing moves are banned\n|rule|Endless Battle Clause: Forcing endless battles is banned\n|clearpoke\n|poke|p1|Giratina|\n|poke|p1|Groudon|\n|poke|p1|Xerneas-*|\n|poke|p1|Zamazenta-Crowned|\n|poke|p1|Chansey, F|\n|poke|p1|Yveltal|\n|poke|p2|Groudon|\n|poke|p2|Xerneas-*|\n|poke|p2|Chansey, F|\n|poke|p2|Regigigas|\n|poke|p2|Zamazenta-Crowned|\n|poke|p2|Lunala|\n|teampreview\n|l|\u2606Redflix\n|player|p1|\n|inactive|Battle timer is ON: inactive players will automatically lose when time's up. (requested by Jqlove)\n|inactiveoff|Battle timer is now OFF.\n|j|\u2606Redflix\n|player|p1|Redflix|erika\n|inactive|Battle timer is ON: inactive players will automatically lose when time's up. (requested by Jqlove)\n|\n|t:|1664011916\n|start\n|switch|p1a: Giratina|Giratina|100\/100\n|switch|p2a: Chansey|Chansey, F|100\/100\n|-transform|p2a: Chansey|p1a: Giratina|[from] ability: Imposter\n|turn|1\n|\n|t:|1664011924\n|move|p1a: Giratina|Flip Turn|p2a: Chansey\n|-resisted|p2a: Chansey\n|-damage|p2a: Chansey|99\/100\n|\n|t:|1664011928\n|switch|p1a: Xerneas|Xerneas|100\/100|[from]move: Flip Turn\n|move|p2a: Chansey|Flip Turn|p1a: Xerneas\n|-damage|p1a: Xerneas|90\/100\n|\n|t:|1664011933\n|switch|p2a: Regigigas|Regigigas|100\/100|[from]move: Flip Turn\n|\n|-status|p2a: Regigigas|tox|[from] item: Toxic Orb\n|-status|p1a: Xerneas|tox|[from] item: Toxic Orb\n|upkeep\n|turn|2\n|\n|t:|1664011947\n|switch|p1a: Groudon|Groudon|100\/100\n|move|p2a: Regigigas|U-turn|p1a: Groudon\n|-damage|p1a: Groudon|85\/100\n|-damage|p2a: Regigigas|84\/100 tox|[from] item: Rocky Helmet|[of] p1a: Groudon\n|\n|t:|1664011953\n|switch|p2a: Chansey|Chansey, F|99\/100|[from]move: U-turn\n|-transform|p2a: Chansey|p1a: Groudon|[from] ability: Imposter\n|\n|upkeep\n|turn|3\n|c|\u2606Redflix|Test\n|j| Asou&Chihiro\n|\n|t:|1664011977\n|switch|p1a: Yveltal|Yveltal|100\/100\n|switch|p2a: Lunala|Lunala|100\/100\n|\n|upkeep\n|turn|4\n|c| Asou&Chihiro|Go Jqlove!\n|c|\u2606Redflix|Can u turn off the timer\n|inactiveoff|Battle timer is now OFF.\n|\n|t:|1664011989\n|switch|p2a: Zamazenta|Zamazenta-Crowned|100\/100\n|move|p1a: Yveltal|Volt Switch|p2a: Zamazenta\n|-damage|p2a: Zamazenta|89\/100\n|\n|t:|1664011993\n|switch|p1a: Chansey|Chansey, F|100\/100|[from]move: Volt Switch\n|-transform|p1a: Chansey|p2a: Zamazenta|[from] ability: Imposter\n|\n|-heal|p2a: Zamazenta|95\/100|[from] item: Leftovers\n|upkeep\n|turn|5\n|\n|t:|1664011999\n|switch|p1a: Giratina|Giratina|100\/100\n|move|p2a: Zamazenta|Anchor Shot|p1a: Giratina\n|-damage|p1a: Giratina|84\/100\n|\n|-heal|p2a: Zamazenta|100\/100|[from] item: Leftovers\n|-heal|p1a: Giratina|90\/100|[from] item: Leftovers\n|upkeep\n|turn|6\n|\n|t:|1664012007\n|switch|p2a: Xerneas|Xerneas|100\/100\n|move|p1a: Giratina|Flip Turn|p2a: Xerneas\n|-damage|p2a: Xerneas|90\/100\n|\n|t:|1664012010\n|switch|p1a: Chansey|Chansey, F|100\/100|[from]move: Flip Turn\n|-transform|p1a: Chansey|p2a: Xerneas|[from] ability: Imposter\n|\n|upkeep\n|turn|7\n|\n|t:|1664012018\n|switch|p2a: Chansey|Chansey, F|99\/100\n|move|p1a: Chansey|Boomburst|p2a: Chansey\n|-damage|p2a: Chansey|77\/100\n|\n|upkeep\n|turn|8\n|\n|t:|1664012026\n|move|p1a: Chansey|Volt Switch|p2a: Chansey\n|-damage|p2a: Chansey|71\/100\n|\n|t:|1664012033\n|switch|p1a: Giratina|Giratina|90\/100|[from]move: Volt Switch\n|move|p2a: Chansey|Soft-Boiled|p2a: Chansey\n|-heal|p2a: Chansey|100\/100\n|\n|-heal|p1a: Giratina|96\/100|[from] item: Leftovers\n|upkeep\n|turn|9\n|l|\u2606Redflix\n|player|p1|\n|j|\u2606Redflix\n|player|p1|Redflix|erika\n|\n|t:|1664012084\n|switch|p2a: Xerneas|Xerneas|90\/100\n|move|p1a: Giratina|Flip Turn|p2a: Xerneas\n|-damage|p2a: Xerneas|79\/100\n|\n|t:|1664012087\n|switch|p1a: Chansey|Chansey, F|100\/100|[from]move: Flip Turn\n|-transform|p1a: Chansey|p2a: Xerneas|[from] ability: Imposter\n|\n|upkeep\n|turn|10\n|\n|t:|1664012094\n|switch|p2a: Chansey|Chansey, F|100\/100\n|move|p1a: Chansey|Volt Switch|p2a: Chansey\n|-damage|p2a: Chansey|94\/100\n|\n|t:|1664012096\n|switch|p1a: Zamazenta|Zamazenta-Crowned|100\/100|[from]move: Volt Switch\n|\n|upkeep\n|turn|11\n|\n|t:|1664012101\n|switch|p2a: Lunala|Lunala|100\/100\n|move|p1a: Zamazenta|Knock Off|p2a: Lunala\n|-supereffective|p2a: Lunala\n|-damage|p2a: Lunala|59\/100\n|-damage|p1a: Zamazenta|84\/100|[from] item: Rocky Helmet|[of] p2a: Lunala\n|-enditem|p2a: Lunala|Rocky Helmet|[from] move: Knock Off|[of] p1a: Zamazenta\n|\n|-heal|p1a: Zamazenta|90\/100|[from] item: Leftovers\n|upkeep\n|turn|12\n|\n|t:|1664012116\n|switch|p1a: Xerneas|Xerneas|90\/100 tox\n|move|p2a: Lunala|Roost|p2a: Lunala\n|-heal|p2a: Lunala|100\/100\n|-singleturn|p2a: Lunala|move: Roost\n|\n|-heal|p1a: Xerneas|100\/100 tox|[from] ability: Poison Heal\n|upkeep\n|turn|13\n|\n|t:|1664012123\n|switch|p2a: Zamazenta|Zamazenta-Crowned|100\/100\n|move|p1a: Xerneas|Thunder Cage|p2a: Zamazenta\n|-damage|p2a: Zamazenta|86\/100\n|-activate|p2a: Zamazenta|move: Thunder Cage|[of] p1a: Xerneas\n|\n|-heal|p2a: Zamazenta|92\/100|[from] item: Leftovers\n|-damage|p2a: Zamazenta|79\/100|[from] move: Thunder Cage|[partiallytrapped]\n|upkeep\n|turn|14\n|\n|t:|1664012132\n|switch|p1a: Giratina|Giratina|96\/100\n|move|p2a: Zamazenta|Entrainment|p1a: Giratina\n|move|p1a: Giratina|Entrainment||[from]ability: Magic Bounce|[still]\n|-fail|p1a: Giratina\n|\n|-heal|p2a: Zamazenta|86\/100|[from] item: Leftovers\n|-heal|p1a: Giratina|100\/100|[from] item: Leftovers\n|-end|p2a: Zamazenta|Thunder Cage|[partiallytrapped]|[silent]\n|upkeep\n|turn|15\n|\n|t:|1664012138\n|switch|p2a: Regigigas|Regigigas|84\/100 tox\n|move|p1a: Giratina|Flip Turn|p2a: Regigigas\n|-damage|p2a: Regigigas|74\/100 tox\n|\n|t:|1664012142\n|switch|p1a: Yveltal|Yveltal|100\/100|[from]move: Flip Turn\n|\n|-heal|p2a: Regigigas|87\/100 tox|[from] ability: Poison Heal\n|upkeep\n|turn|16\n|\n|t:|1664012146\n|move|p1a: Yveltal|Boomburst|p2a: Regigigas\n|-damage|p2a: Regigigas|21\/100 tox\n|move|p2a: Regigigas|Nuzzle|p1a: Yveltal\n|-supereffective|p1a: Yveltal\n|-damage|p1a: Yveltal|89\/100\n|-status|p1a: Yveltal|par\n|\n|-heal|p2a: Regigigas|34\/100 tox|[from] ability: Poison Heal\n|upkeep\n|turn|17\n|\n|t:|1664012153\n|move|p2a: Regigigas|U-turn|p1a: Yveltal\n|-damage|p1a: Yveltal|70\/100 par\n|\n|t:|1664012156\n|switch|p2a: Chansey|Chansey, F|94\/100|[from]move: U-turn\n|-transform|p2a: Chansey|p1a: Yveltal|[from] ability: Imposter\n|move|p1a: Yveltal|Volt Switch|p2a: Chansey\n|-supereffective|p2a: Chansey\n|-damage|p2a: Chansey|82\/100\n|\n|t:|1664012164\n|switch|p1a: Xerneas|Xerneas|100\/100 tox|[from]move: Volt Switch\n|\n|upkeep\n|turn|18\n|\n|t:|1664012180\n|move|p2a: Chansey|Volt Switch|p1a: Xerneas\n|-damage|p1a: Xerneas|86\/100 tox\n|\n|t:|1664012185\n|switch|p2a: Zamazenta|Zamazenta-Crowned|86\/100|[from]move: Volt Switch\n|move|p1a: Xerneas|Thunder Cage|p2a: Zamazenta|[miss]\n|-miss|p1a: Xerneas|p2a: Zamazenta\n|\n|-heal|p2a: Zamazenta|92\/100|[from] item: Leftovers\n|-heal|p1a: Xerneas|99\/100 tox|[from] ability: Poison Heal\n|upkeep\n|turn|19\n|\n|t:|1664012192\n|switch|p2a: Lunala|Lunala|100\/100\n|switch|p1a: Giratina|Giratina|100\/100\n|\n|upkeep\n|turn|20\n|\n|t:|1664012200\n|move|p2a: Lunala|Hex|p1a: Giratina\n|-supereffective|p1a: Giratina\n|-damage|p1a: Giratina|67\/100\n|move|p1a: Giratina|Spikes|p2a: Lunala\n|-sidestart|p2: Jqlove|Spikes\n|\n|-heal|p1a: Giratina|73\/100|[from] item: Leftovers\n|upkeep\n|turn|21\n|\n|t:|1664012209\n|switch|p1a: Xerneas|Xerneas|99\/100 tox\n|move|p2a: Lunala|Hex|p1a: Xerneas\n|-damage|p1a: Xerneas|53\/100 tox\n|\n|-heal|p1a: Xerneas|65\/100 tox|[from] ability: Poison Heal\n|upkeep\n|turn|22\n|\n|t:|1664012216\n|switch|p2a: Zamazenta|Zamazenta-Crowned|92\/100\n|-damage|p2a: Zamazenta|79\/100|[from] Spikes\n|move|p1a: Xerneas|Quiver Dance|p1a: Xerneas\n|-boost|p1a: Xerneas|spa|1\n|-boost|p1a: Xerneas|spd|1\n|-boost|p1a: Xerneas|spe|1\n|\n|-heal|p2a: Zamazenta|86\/100|[from] item: Leftovers\n|-heal|p1a: Xerneas|78\/100 tox|[from] ability: Poison Heal\n|upkeep\n|turn|23\n|\n|t:|1664012221\n|switch|p1a: Giratina|Giratina|73\/100\n|move|p2a: Zamazenta|Entrainment|p1a: Giratina\n|move|p1a: Giratina|Entrainment||[from]ability: Magic Bounce|[still]\n|-fail|p1a: Giratina\n|\n|-heal|p2a: Zamazenta|92\/100|[from] item: Leftovers\n|-heal|p1a: Giratina|79\/100|[from] item: Leftovers\n|upkeep\n|turn|24\n|\n|t:|1664012225\n|switch|p2a: Xerneas|Xerneas|79\/100\n|move|p1a: Giratina|Flip Turn|p2a: Xerneas\n|-damage|p2a: Xerneas|68\/100\n|\n|t:|1664012229\n|switch|p1a: Chansey|Chansey, F|100\/100|[from]move: Flip Turn\n|-transform|p1a: Chansey|p2a: Xerneas|[from] ability: Imposter\n|\n|upkeep\n|turn|25\n|\n|t:|1664012233\n|move|p1a: Chansey|Boomburst|p2a: Xerneas\n|-damage|p2a: Xerneas|14\/100\n|move|p2a: Xerneas|Rapid Spin|p1a: Chansey\n|-damage|p1a: Chansey|93\/100\n|-boost|p2a: Xerneas|spe|1\n|-sideend|p2: Jqlove|Spikes|[from] move: Rapid Spin|[of] p2a: Xerneas\n|\n|upkeep\n|turn|26\n|\n|t:|1664012240\n|move|p2a: Xerneas|Strength Sap|p1a: Chansey\n|-unboost|p1a: Chansey|atk|1\n|-heal|p2a: Xerneas|85\/100\n|move|p1a: Chansey|Boomburst|p2a: Xerneas\n|-damage|p2a: Xerneas|32\/100\n|\n|upkeep\n|turn|27\n|\n|t:|1664012246\n|switch|p2a: Chansey|Chansey, F|82\/100\n|move|p1a: Chansey|Boomburst|p2a: Chansey\n|-damage|p2a: Chansey|61\/100\n|\n|upkeep\n|turn|28\n|\n|t:|1664012254\n|move|p1a: Chansey|Volt Switch|p2a: Chansey\n|-damage|p2a: Chansey|54\/100\n|j| tzpri\n|\n|t:|1664012259\n|switch|p1a: Zamazenta|Zamazenta-Crowned|90\/100|[from]move: Volt Switch\n|move|p2a: Chansey|Soft-Boiled|p2a: Chansey\n|-heal|p2a: Chansey|100\/100\n|\n|-heal|p1a: Zamazenta|96\/100|[from] item: Leftovers\n|upkeep\n|turn|29\n|\n|t:|1664012264\n|switch|p2a: Lunala|Lunala|100\/100\n|move|p1a: Zamazenta|Nuzzle|p2a: Lunala\n|-damage|p2a: Lunala|99\/100\n|-status|p2a: Lunala|par\n|\n|-heal|p1a: Zamazenta|100\/100|[from] item: Leftovers\n|upkeep\n|turn|30\n|\n|t:|1664012269\n|switch|p1a: Yveltal|Yveltal|70\/100 par\n|move|p2a: Lunala|Nuzzle|p1a: Yveltal\n|-supereffective|p1a: Yveltal\n|-crit|p1a: Yveltal\n|-damage|p1a: Yveltal|63\/100 par\n|\n|upkeep\n|turn|31\n|\n|t:|1664012273\n|switch|p2a: Groudon|Groudon|100\/100\n|move|p1a: Yveltal|Volt Switch|p2a: Groudon\n|-immune|p2a: Groudon\n|\n|upkeep\n|turn|32\n|\n|t:|1664012281\n|switch|p1a: Giratina|Giratina|79\/100\n|move|p2a: Groudon|Glacial Lance|p1a: Giratina\n|-supereffective|p1a: Giratina\n|-damage|p1a: Giratina|18\/100\n|\n|-heal|p1a: Giratina|25\/100|[from] item: Leftovers\n|upkeep\n|turn|33\n|\n|t:|1664012289\n|switch|p2a: Lunala|Lunala|99\/100 par\n|switch|p1a: Xerneas|Xerneas|78\/100 tox\n|\n|-heal|p1a: Xerneas|90\/100 tox|[from] ability: Poison Heal\n|upkeep\n|turn|34\n|\n|t:|1664012297\n|switch|p2a: Zamazenta|Zamazenta-Crowned|92\/100\n|move|p1a: Xerneas|Quiver Dance|p1a: Xerneas\n|-boost|p1a: Xerneas|spa|1\n|-boost|p1a: Xerneas|spd|1\n|-boost|p1a: Xerneas|spe|1\n|\n|-heal|p2a: Zamazenta|98\/100|[from] item: Leftovers\n|-heal|p1a: Xerneas|100\/100 tox|[from] ability: Poison Heal\n|upkeep\n|turn|35\n|\n|t:|1664012305\n|switch|p1a: Zamazenta|Zamazenta-Crowned|100\/100\n|move|p2a: Zamazenta|Entrainment|p1a: Zamazenta\n|-endability|p1a: Zamazenta|Ice Scales|[from] move: Entrainment\n|-ability|p1a: Zamazenta|Magic Bounce|[from] move: Entrainment\n|\n|-heal|p2a: Zamazenta|100\/100|[from] item: Leftovers\n|upkeep\n|turn|36\n|\n|t:|1664012314\n|switch|p2a: Lunala|Lunala|99\/100 par\n|move|p1a: Zamazenta|Anchor Shot|p2a: Lunala\n|-crit|p2a: Lunala\n|-damage|p2a: Lunala|82\/100 par\n|\n|upkeep\n|turn|37\n|\n|t:|1664012327\n|switch|p1a: Xerneas|Xerneas|100\/100 tox\n|move|p2a: Lunala|Hex|p1a: Xerneas\n|-damage|p1a: Xerneas|61\/100 tox\n|\n|-heal|p1a: Xerneas|74\/100 tox|[from] ability: Poison Heal\n|upkeep\n|turn|38\n|\n|t:|1664012347\n|switch|p1a: Giratina|Giratina|25\/100\n|switch|p2a: Zamazenta|Zamazenta-Crowned|100\/100\n|\n|-heal|p1a: Giratina|31\/100|[from] item: Leftovers\n|upkeep\n|turn|39\n|c|\u2606Redflix|Test\n|\n|t:|1664012369\n|switch|p2a: Xerneas|Xerneas|32\/100\n|move|p1a: Giratina|Recover|p1a: Giratina\n|-heal|p1a: Giratina|81\/100\n|\n|-heal|p1a: Giratina|87\/100|[from] item: Leftovers\n|upkeep\n|turn|40\n|\n|t:|1664012387\n|switch|p1a: Zamazenta|Zamazenta-Crowned|100\/100\n|move|p2a: Xerneas|Strength Sap|p1a: Zamazenta\n|-unboost|p1a: Zamazenta|atk|1\n|-heal|p2a: Xerneas|100\/100\n|\n|upkeep\n|turn|41\n|\n|t:|1664012399\n|switch|p2a: Lunala|Lunala|82\/100 par\n|move|p1a: Zamazenta|Knock Off|p2a: Lunala\n|-supereffective|p2a: Lunala\n|-damage|p2a: Lunala|65\/100 par\n|\n|upkeep\n|turn|42\n|\n|t:|1664012408\n|switch|p1a: Groudon|Groudon|85\/100\n|move|p2a: Lunala|Roost|p2a: Lunala\n|-heal|p2a: Lunala|100\/100 par\n|-singleturn|p2a: Lunala|move: Roost\n|\n|upkeep\n|turn|43\n|\n|t:|1664012425\n|switch|p2a: Groudon|Groudon|100\/100\n|move|p1a: Groudon|Worry Seed|p2a: Groudon\n|-endability|p2a: Groudon|Adaptability|[from] move: Worry Seed\n|-ability|p2a: Groudon|Insomnia|[from] move: Worry Seed\n|\n|upkeep\n|turn|44\n|\n|t:|1664012438\n|move|p2a: Groudon|Glacial Lance|p1a: Groudon\n|-supereffective|p1a: Groudon\n|-damage|p1a: Groudon|15\/100\n|move|p1a: Groudon|Slack Off|p1a: Groudon\n|-heal|p1a: Groudon|65\/100\n|\n|upkeep\n|turn|45\n|\n|t:|1664012449\n|switch|p2a: Lunala|Lunala|100\/100 par\n|switch|p1a: Zamazenta|Zamazenta-Crowned|100\/100\n|\n|upkeep\n|turn|46\n|l|\u2606Redflix\n|player|p1|\n|j|\u2606Redflix\n|player|p1|Redflix|erika\n|\n|t:|1664012597\n|switch|p1a: Xerneas|Xerneas|74\/100 tox\n|move|p2a: Lunala|Nuzzle|p1a: Xerneas\n|-damage|p1a: Xerneas|71\/100 tox\n|\n|-heal|p1a: Xerneas|84\/100 tox|[from] ability: Poison Heal\n|upkeep\n|turn|47\n|\n|t:|1664012608\n|switch|p1a: Groudon|Groudon|65\/100\n|switch|p2a: Zamazenta|Zamazenta-Crowned|100\/100\n|\n|upkeep\n|turn|48\n|\n|t:|1664012624\n|switch|p2a: Groudon|Groudon|100\/100\n|move|p1a: Groudon|Thousand Waves|p2a: Groudon\n|-damage|p2a: Groudon|75\/100\n|-activate|p2a: Groudon|trapped\n|\n|upkeep\n|turn|49\n|\n|t:|1664012628\n|switch|p1a: Chansey|Chansey, F|93\/100\n|-transform|p1a: Chansey|p2a: Groudon|[from] ability: Imposter\n|move|p2a: Groudon|Precipice Blades|p1a: Chansey|[miss]\n|-miss|p2a: Groudon|p1a: Chansey\n|\n|upkeep\n|turn|50\n|\n|t:|1664012635\n|switch|p2a: Xerneas|Xerneas|100\/100\n|move|p1a: Chansey|Precipice Blades|p2a: Xerneas\n|-damage|p2a: Xerneas|42\/100\n|\n|upkeep\n|turn|51\n|\n|t:|1664012645\n|switch|p1a: Giratina|Giratina|87\/100\n|move|p2a: Xerneas|Strength Sap|p1a: Giratina\n|move|p1a: Giratina|Strength Sap|p2a: Xerneas|[from]ability: Magic Bounce\n|-unboost|p2a: Xerneas|atk|1\n|-heal|p1a: Giratina|100\/100\n|\n|upkeep\n|turn|52\n|\n|t:|1664012653\n|switch|p1a: Zamazenta|Zamazenta-Crowned|100\/100\n|move|p2a: Xerneas|Strength Sap|p1a: Zamazenta\n|-unboost|p1a: Zamazenta|atk|1\n|-heal|p2a: Xerneas|100\/100\n|\n|upkeep\n|turn|53\n|\n|t:|1664012662\n|switch|p2a: Lunala|Lunala|100\/100 par\n|move|p1a: Zamazenta|Knock Off|p2a: Lunala\n|-supereffective|p2a: Lunala\n|-damage|p2a: Lunala|82\/100 par\n|\n|upkeep\n|turn|54\n|\n|t:|1664012667\n|switch|p1a: Yveltal|Yveltal|63\/100 par\n|switch|p2a: Regigigas|Regigigas|34\/100 tox\n|\n|-heal|p2a: Regigigas|46\/100 tox|[from] ability: Poison Heal\n|upkeep\n|turn|55\n|\n|t:|1664012677\n|switch|p1a: Groudon|Groudon|65\/100\n|move|p2a: Regigigas|Facade|p1a: Groudon\n|-damage|p1a: Groudon|24\/100\n|-damage|p2a: Regigigas|30\/100 tox|[from] item: Rocky Helmet|[of] p1a: Groudon\n|\n|-heal|p2a: Regigigas|42\/100 tox|[from] ability: Poison Heal\n|upkeep\n|turn|56\n|\n|t:|1664012684\n|switch|p1a: Giratina|Giratina|100\/100\n|move|p2a: Regigigas|Facade|p1a: Giratina\n|-immune|p1a: Giratina\n|\n|-heal|p2a: Regigigas|55\/100 tox|[from] ability: Poison Heal\n|upkeep\n|turn|57\n|\n|t:|1664012689\n|move|p2a: Regigigas|Nuzzle|p1a: Giratina\n|-resisted|p1a: Giratina\n|-damage|p1a: Giratina|99\/100\n|-status|p1a: Giratina|par\n|cant|p1a: Giratina|par\n|\n|-heal|p1a: Giratina|100\/100 par|[from] item: Leftovers\n|-heal|p2a: Regigigas|67\/100 tox|[from] ability: Poison Heal\n|upkeep\n|turn|58\n|\n|t:|1664012695\n|move|p2a: Regigigas|U-turn|p1a: Giratina\n|-resisted|p1a: Giratina\n|-damage|p1a: Giratina|94\/100 par\n|\n|t:|1664012700\n|switch|p2a: Xerneas|Xerneas|100\/100|[from]move: U-turn\n|move|p1a: Giratina|Flip Turn|p2a: Xerneas\n|-damage|p2a: Xerneas|90\/100\n|\n|t:|1664012705\n|switch|p1a: Zamazenta|Zamazenta-Crowned|100\/100|[from]move: Flip Turn\n|\n|upkeep\n|turn|59\n|\n|t:|1664012718\n|switch|p2a: Lunala|Lunala|82\/100 par\n|move|p1a: Zamazenta|Knock Off|p2a: Lunala\n|-supereffective|p2a: Lunala\n|-damage|p2a: Lunala|59\/100 par\n|\n|upkeep\n|turn|60\n|\n|t:|1664012723\n|move|p1a: Zamazenta|Knock Off|p2a: Lunala\n|-supereffective|p2a: Lunala\n|-damage|p2a: Lunala|30\/100 par\n|move|p2a: Lunala|Roost|p2a: Lunala\n|-heal|p2a: Lunala|80\/100 par\n|-singleturn|p2a: Lunala|move: Roost\n|\n|upkeep\n|turn|61\n|\n|t:|1664012730\n|switch|p1a: Groudon|Groudon|24\/100\n|switch|p2a: Regigigas|Regigigas|67\/100 tox\n|\n|-heal|p2a: Regigigas|80\/100 tox|[from] ability: Poison Heal\n|upkeep\n|turn|62\n|l|\u2606Redflix\n|player|p1|\n|j|\u2606Redflix\n|player|p1|Redflix|erika\n|\n|t:|1664012797\n|switch|p1a: Giratina|Giratina|94\/100 par\n|move|p2a: Regigigas|U-turn|p1a: Giratina\n|-resisted|p1a: Giratina\n|-damage|p1a: Giratina|87\/100 par\n|\n|t:|1664012802\n|switch|p2a: Xerneas|Xerneas|90\/100|[from]move: U-turn\n|\n|-heal|p1a: Giratina|94\/100 par|[from] item: Leftovers\n|upkeep\n|turn|63\n|\n|t:|1664012809\n|switch|p1a: Zamazenta|Zamazenta-Crowned|100\/100\n|move|p2a: Xerneas|Volt Switch|p1a: Zamazenta\n|-damage|p1a: Zamazenta|94\/100\n|\n|t:|1664012815\n|switch|p2a: Groudon|Groudon|75\/100|[from]move: Volt Switch\n|\n|-heal|p1a: Zamazenta|100\/100|[from] item: Leftovers\n|upkeep\n|turn|64\n|\n|t:|1664012825\n|switch|p1a: Chansey|Chansey, F|93\/100\n|-transform|p1a: Chansey|p2a: Groudon|[from] ability: Imposter\n|move|p2a: Groudon|Thousand Arrows|p1a: Chansey\n|-damage|p1a: Chansey|71\/100\n|\n|upkeep\n|turn|65\n|\n|t:|1664012838\n|switch|p2a: Xerneas|Xerneas|90\/100\n|move|p1a: Chansey|Precipice Blades|p2a: Xerneas|[miss]\n|-miss|p1a: Chansey|p2a: Xerneas\n|\n|upkeep\n|turn|66\n|\n|t:|1664012846\n|switch|p1a: Zamazenta|Zamazenta-Crowned|100\/100\n|move|p2a: Xerneas|Boomburst|p1a: Zamazenta\n|-damage|p1a: Zamazenta|79\/100\n|\n|-heal|p1a: Zamazenta|85\/100|[from] item: Leftovers\n|upkeep\n|turn|67\n|l|\u2606Redflix\n|player|p1|\n|inactive|Battle timer is ON: inactive players will automatically lose when time's up. (requested by Jqlove)\n|inactiveoff|Battle timer is now OFF.\n|j|\u2606Redflix\n|player|p1|Redflix|erika\n|\n|t:|1664012976\n|switch|p2a: Regigigas|Regigigas|80\/100 tox\n|move|p1a: Zamazenta|Knock Off|p2a: Regigigas\n|-damage|p2a: Regigigas|61\/100 tox\n|-enditem|p2a: Regigigas|Toxic Orb|[from] move: Knock Off|[of] p1a: Zamazenta\n|\n|-heal|p1a: Zamazenta|91\/100|[from] item: Leftovers\n|-heal|p2a: Regigigas|74\/100 tox|[from] ability: Poison Heal\n|upkeep\n|turn|68\n|\n|t:|1664012988\n|move|p1a: Zamazenta|Anchor Shot|p2a: Regigigas\n|-damage|p2a: Regigigas|50\/100 tox\n|-activate|p2a: Regigigas|trapped\n|move|p2a: Regigigas|Nuzzle|p1a: Zamazenta\n|-damage|p1a: Zamazenta|87\/100\n|-status|p1a: Zamazenta|par\n|\n|-heal|p1a: Zamazenta|93\/100 par|[from] item: Leftovers\n|-heal|p2a: Regigigas|63\/100 tox|[from] ability: Poison Heal\n|upkeep\n|turn|69\n|\n|t:|1664012997\n|move|p2a: Regigigas|U-turn|p1a: Zamazenta\n|-resisted|p1a: Zamazenta\n|-damage|p1a: Zamazenta|89\/100 par\n|\n|t:|1664013004\n|switch|p2a: Groudon|Groudon|75\/100|[from]move: U-turn\n|move|p1a: Zamazenta|Knock Off|p2a: Groudon\n|-crit|p2a: Groudon\n|-damage|p2a: Groudon|47\/100\n|-enditem|p2a: Groudon|Choice Band|[from] move: Knock Off|[of] p1a: Zamazenta\n|\n|-heal|p1a: Zamazenta|95\/100 par|[from] item: Leftovers\n|upkeep\n|turn|70\n|\n|t:|1664013011\n|switch|p1a: Xerneas|Xerneas|84\/100 tox\n|move|p2a: Groudon|Glacial Lance|p1a: Xerneas\n|-damage|p1a: Xerneas|52\/100 tox\n|\n|-heal|p1a: Xerneas|65\/100 tox|[from] ability: Poison Heal\n|upkeep\n|turn|71\n|inactive|Battle timer is ON: inactive players will automatically lose when time's up. (requested by Jqlove)\n|\n|t:|1664013022\n|switch|p2a: Zamazenta|Zamazenta-Crowned|100\/100\n|switch|p1a: Giratina|Giratina|94\/100 par\n|\n|-heal|p1a: Giratina|99\/100 par|[from] item: Leftovers\n|upkeep\n|turn|72\n|inactiveoff|Battle timer is now OFF.\n|\n|t:|1664013030\n|move|p2a: Zamazenta|Anchor Shot|p1a: Giratina\n|-damage|p1a: Giratina|83\/100 par\n|move|p1a: Giratina|Flip Turn|p2a: Zamazenta\n|-damage|p2a: Zamazenta|91\/100\n|\n|t:|1664013039\n|switch|p1a: Yveltal|Yveltal|63\/100 par|[from]move: Flip Turn\n|\n|-heal|p2a: Zamazenta|97\/100|[from] item: Leftovers\n|upkeep\n|turn|73\n|\n|t:|1664013048\n|switch|p2a: Chansey|Chansey, F|100\/100\n|-transform|p2a: Chansey|p1a: Yveltal|[from] ability: Imposter\n|switch|p1a: Giratina|Giratina|83\/100 par\n|\n|-heal|p1a: Giratina|89\/100 par|[from] item: Leftovers\n|upkeep\n|turn|74\n|\n|t:|1664013057\n|switch|p1a: Chansey|Chansey, F|71\/100\n|move|p2a: Chansey|Boomburst|p1a: Chansey\n|-damage|p1a: Chansey|48\/100\n|\n|upkeep\n|turn|75\n|\n|t:|1664013063\n|move|p2a: Chansey|Volt Switch|p1a: Chansey\n|-damage|p1a: Chansey|41\/100\n|\n|t:|1664013066\n|switch|p2a: Regigigas|Regigigas|63\/100 tox|[from]move: Volt Switch\n|move|p1a: Chansey|Soft-Boiled|p1a: Chansey\n|-heal|p1a: Chansey|91\/100\n|\n|-heal|p2a: Regigigas|75\/100 tox|[from] ability: Poison Heal\n|upkeep\n|turn|76\n|\n|t:|1664013074\n|switch|p1a: Giratina|Giratina|89\/100 par\n|move|p2a: Regigigas|U-turn|p1a: Giratina\n|-resisted|p1a: Giratina\n|-damage|p1a: Giratina|83\/100 par\n|\n|t:|1664013084\n|switch|p2a: Lunala|Lunala|80\/100 par|[from]move: U-turn\n|\n|-heal|p1a: Giratina|89\/100 par|[from] item: Leftovers\n|upkeep\n|turn|77\n|\n|t:|1664013093\n|switch|p1a: Zamazenta|Zamazenta-Crowned|95\/100 par\n|cant|p2a: Lunala|par\n|\n|-heal|p1a: Zamazenta|100\/100 par|[from] item: Leftovers\n|upkeep\n|turn|78\n|l|\u2606Redflix\n|player|p1|\n|j|\u2606Redflix\n|player|p1|Redflix|erika\n|\n|t:|1664013188\n|switch|p2a: Regigigas|Regigigas|75\/100 tox\n|cant|p1a: Zamazenta|par\n|\n|-heal|p2a: Regigigas|88\/100 tox|[from] ability: Poison Heal\n|upkeep\n|turn|79\n|\n|t:|1664013195\n|move|p2a: Regigigas|U-turn|p1a: Zamazenta\n|-resisted|p1a: Zamazenta\n|-damage|p1a: Zamazenta|96\/100 par\n|\n|t:|1664013206\n|switch|p2a: Groudon|Groudon|47\/100|[from]move: U-turn\n|move|p1a: Zamazenta|Knock Off|p2a: Groudon\n|-damage|p2a: Groudon|36\/100\n|\n|-heal|p1a: Zamazenta|100\/100 par|[from] item: Leftovers\n|upkeep\n|turn|80\n|\n|t:|1664013221\n|switch|p1a: Chansey|Chansey, F|91\/100\n|-transform|p1a: Chansey|p2a: Groudon|[from] ability: Imposter\n|move|p2a: Groudon|Glacial Lance|p1a: Chansey\n|-supereffective|p1a: Chansey\n|-damage|p1a: Chansey|72\/100\n|\n|upkeep\n|turn|81\n|\n|t:|1664013234\n|switch|p2a: Xerneas|Xerneas|90\/100\n|move|p1a: Chansey|Precipice Blades|p2a: Xerneas\n|-damage|p2a: Xerneas|29\/100\n|\n|upkeep\n|turn|82\n|\n|t:|1664013246\n|move|p2a: Xerneas|Strength Sap|p1a: Chansey\n|-unboost|p1a: Chansey|atk|1\n|-heal|p2a: Xerneas|100\/100\n|move|p1a: Chansey|Precipice Blades|p2a: Xerneas\n|-damage|p2a: Xerneas|60\/100\n|\n|upkeep\n|turn|83\n|\n|t:|1664013259\n|switch|p1a: Zamazenta|Zamazenta-Crowned|100\/100 par\n|move|p2a: Xerneas|Strength Sap|p1a: Zamazenta\n|-unboost|p1a: Zamazenta|atk|1\n|-heal|p2a: Xerneas|100\/100\n|\n|upkeep\n|turn|84\n|\n|t:|1664013272\n|move|p2a: Xerneas|Volt Switch|p1a: Zamazenta\n|-damage|p1a: Zamazenta|95\/100 par\n|\n|t:|1664013276\n|switch|p2a: Regigigas|Regigigas|88\/100 tox|[from]move: Volt Switch\n|cant|p1a: Zamazenta|par\n|\n|-heal|p1a: Zamazenta|100\/100 par|[from] item: Leftovers\n|-heal|p2a: Regigigas|100\/100 tox|[from] ability: Poison Heal\n|upkeep\n|turn|85\n|\n|t:|1664013282\n|switch|p1a: Giratina|Giratina|89\/100 par\n|move|p2a: Regigigas|Spikes|p1a: Giratina\n|move|p1a: Giratina|Spikes|p2a: Regigigas|[from]ability: Magic Bounce\n|-sidestart|p2: Jqlove|Spikes\n|\n|-heal|p1a: Giratina|95\/100 par|[from] item: Leftovers\n|upkeep\n|turn|86\n|\n|t:|1664013289\n|move|p2a: Regigigas|U-turn|p1a: Giratina\n|-resisted|p1a: Giratina\n|-damage|p1a: Giratina|88\/100 par\n|\n|t:|1664013291\n|switch|p2a: Xerneas|Xerneas|100\/100|[from]move: U-turn\n|move|p1a: Giratina|Flip Turn|p2a: Xerneas\n|-damage|p2a: Xerneas|89\/100\n|\n|t:|1664013294\n|switch|p1a: Chansey|Chansey, F|72\/100|[from]move: Flip Turn\n|-transform|p1a: Chansey|p2a: Xerneas|[from] ability: Imposter\n|\n|upkeep\n|turn|87\n|\n|t:|1664013299\n|move|p2a: Xerneas|Rapid Spin|p1a: Chansey\n|-damage|p1a: Chansey|64\/100\n|-boost|p2a: Xerneas|spe|1\n|-sideend|p2: Jqlove|Spikes|[from] move: Rapid Spin|[of] p2a: Xerneas\n|move|p1a: Chansey|Boomburst|p2a: Xerneas\n|-damage|p2a: Xerneas|34\/100\n|\n|upkeep\n|turn|88\n|\n|t:|1664013303\n|move|p2a: Xerneas|Strength Sap|p1a: Chansey\n|-unboost|p1a: Chansey|atk|1\n|-heal|p2a: Xerneas|100\/100\n|move|p1a: Chansey|Strength Sap|p2a: Xerneas\n|-unboost|p2a: Xerneas|atk|1\n|-heal|p1a: Chansey|100\/100\n|\n|upkeep\n|turn|89\n|\n|t:|1664013307\n|move|p2a: Xerneas|Volt Switch|p1a: Chansey\n|-damage|p1a: Chansey|94\/100\n|\n|t:|1664013309\n|switch|p2a: Chansey|Chansey, F|100\/100|[from]move: Volt Switch\n|move|p1a: Chansey|Boomburst|p2a: Chansey\n|-damage|p2a: Chansey|79\/100\n|\n|upkeep\n|turn|90\n|\n|t:|1664013320\n|move|p1a: Chansey|Volt Switch|p2a: Chansey\n|-damage|p2a: Chansey|74\/100\n|\n|t:|1664013322\n|switch|p1a: Groudon|Groudon|24\/100|[from]move: Volt Switch\n|move|p2a: Chansey|Soft-Boiled|p2a: Chansey\n|-heal|p2a: Chansey|100\/100\n|\n|upkeep\n|turn|91\n|\n|t:|1664013330\n|switch|p2a: Groudon|Groudon|36\/100\n|move|p1a: Groudon|Slack Off|p1a: Groudon\n|-heal|p1a: Groudon|74\/100\n|\n|upkeep\n|turn|92\n|l|\u2606Redflix\n|player|p1|\n|j|\u2606Redflix\n|player|p1|Redflix|erika\n|\n|t:|1664013394\n|move|p2a: Groudon|Precipice Blades|p1a: Groudon|[miss]\n|-miss|p2a: Groudon|p1a: Groudon\n|move|p1a: Groudon|Thousand Waves|p2a: Groudon\n|-damage|p2a: Groudon|7\/100\n|-activate|p2a: Groudon|trapped\n|\n|upkeep\n|turn|93\n|\n|t:|1664013399\n|move|p2a: Groudon|Glacial Lance|p1a: Groudon\n|-supereffective|p1a: Groudon\n|-damage|p1a: Groudon|24\/100\n|move|p1a: Groudon|Thousand Waves|p2a: Groudon\n|-damage|p2a: Groudon|0 fnt\n|faint|p2a: Groudon\n|\n|upkeep\n|\n|t:|1664013403\n|switch|p2a: Regigigas|Regigigas|100\/100 tox\n|turn|94\n|\n|t:|1664013406\n|switch|p1a: Giratina|Giratina|88\/100 par\n|move|p2a: Regigigas|Facade|p1a: Giratina\n|-immune|p1a: Giratina\n|\n|-heal|p1a: Giratina|94\/100 par|[from] item: Leftovers\n|upkeep\n|turn|95\n|\n|t:|1664013414\n|move|p2a: Regigigas|Nuzzle|p1a: Giratina\n|-resisted|p1a: Giratina\n|-damage|p1a: Giratina|92\/100 par\n|move|p1a: Giratina|Flip Turn|p2a: Regigigas\n|-damage|p2a: Regigigas|90\/100 tox\n|\n|t:|1664013420\n|switch|p1a: Xerneas|Xerneas|65\/100 tox|[from]move: Flip Turn\n|\n|-heal|p2a: Regigigas|100\/100 tox|[from] ability: Poison Heal\n|-heal|p1a: Xerneas|77\/100 tox|[from] ability: Poison Heal\n|upkeep\n|turn|96\n|\n|t:|1664013422\n|switch|p1a: Giratina|Giratina|92\/100 par\n|move|p2a: Regigigas|Facade|p1a: Giratina\n|-immune|p1a: Giratina\n|\n|-heal|p1a: Giratina|98\/100 par|[from] item: Leftovers\n|upkeep\n|turn|97\n|\n|t:|1664013429\n|move|p2a: Regigigas|U-turn|p1a: Giratina\n|-resisted|p1a: Giratina\n|-damage|p1a: Giratina|92\/100 par\n|\n|t:|1664013431\n|switch|p2a: Xerneas|Xerneas|100\/100|[from]move: U-turn\n|move|p1a: Giratina|Flip Turn|p2a: Xerneas\n|-damage|p2a: Xerneas|89\/100\n|\n|t:|1664013434\n|switch|p1a: Chansey|Chansey, F|94\/100|[from]move: Flip Turn\n|-transform|p1a: Chansey|p2a: Xerneas|[from] ability: Imposter\n|\n|upkeep\n|turn|98\n|\n|t:|1664013442\n|move|p2a: Xerneas|Volt Switch|p1a: Chansey\n|-damage|p1a: Chansey|88\/100\n|\n|t:|1664013444\n|switch|p2a: Chansey|Chansey, F|100\/100|[from]move: Volt Switch\n|move|p1a: Chansey|Boomburst|p2a: Chansey\n|-damage|p2a: Chansey|77\/100\n|\n|upkeep\n|turn|99\n|\n|t:|1664013453\n|move|p1a: Chansey|Volt Switch|p2a: Chansey\n|-damage|p2a: Chansey|71\/100\n|\n|t:|1664013461\n|switch|p1a: Giratina|Giratina|92\/100 par|[from]move: Volt Switch\n|move|p2a: Chansey|Parting Shot|p1a: Giratina\n|move|p1a: Giratina|Parting Shot|p2a: Chansey|[from]ability: Magic Bounce\n|-unboost|p2a: Chansey|atk|1\n|-unboost|p2a: Chansey|spa|1\n|\n|t:|1664013468\n|switch|p1a: Groudon|Groudon|24\/100|[from]move: Parting Shot\n|\n|upkeep\n|turn|100\n|\n|t:|1664013476\n|move|p1a: Groudon|Slack Off|p1a: Groudon\n|-heal|p1a: Groudon|74\/100\n|move|p2a: Chansey|Parting Shot|p1a: Groudon\n|-unboost|p1a: Groudon|atk|1\n|-unboost|p1a: Groudon|spa|1\n|\n|t:|1664013478\n|switch|p2a: Regigigas|Regigigas|100\/100 tox|[from]move: Parting Shot\n|\n|upkeep\n|turn|101\n|\n|t:|1664013490\n|switch|p1a: Giratina|Giratina|92\/100 par\n|move|p2a: Regigigas|Spikes|p1a: Giratina\n|move|p1a: Giratina|Spikes|p2a: Regigigas|[from]ability: Magic Bounce\n|-sidestart|p2: Jqlove|Spikes\n|\n|-heal|p1a: Giratina|98\/100 par|[from] item: Leftovers\n|upkeep\n|turn|102\n|\n|t:|1664013494\n|move|p2a: Regigigas|Nuzzle|p1a: Giratina\n|-resisted|p1a: Giratina\n|-damage|p1a: Giratina|96\/100 par\n|cant|p1a: Giratina|par\n|\n|-heal|p1a: Giratina|100\/100 par|[from] item: Leftovers\n|upkeep\n|turn|103\n|l|\u2606Redflix\n|player|p1|\n|j|\u2606Redflix\n|player|p1|Redflix|erika\n|\n|t:|1664013573\n|move|p2a: Regigigas|U-turn|p1a: Giratina\n|-resisted|p1a: Giratina\n|-crit|p1a: Giratina\n|-damage|p1a: Giratina|90\/100 par\n|\n|t:|1664013577\n|switch|p2a: Xerneas|Xerneas|89\/100|[from]move: U-turn\n|cant|p1a: Giratina|par\n|\n|-heal|p1a: Giratina|97\/100 par|[from] item: Leftovers\n|upkeep\n|turn|104\n|\n|t:|1664013583\n|switch|p1a: Zamazenta|Zamazenta-Crowned|100\/100 par\n|move|p2a: Xerneas|Rapid Spin|p1a: Zamazenta\n|-damage|p1a: Zamazenta|84\/100 par\n|-boost|p2a: Xerneas|spe|1\n|-sideend|p2: Jqlove|Spikes|[from] move: Rapid Spin|[of] p2a: Xerneas\n|\n|-heal|p1a: Zamazenta|90\/100 par|[from] item: Leftovers\n|upkeep\n|turn|105\n|\n|t:|1664013589\n|move|p2a: Xerneas|Volt Switch|p1a: Zamazenta\n|-damage|p1a: Zamazenta|84\/100 par\n|\n|t:|1664013592\n|switch|p2a: Regigigas|Regigigas|100\/100 tox|[from]move: Volt Switch\n|move|p1a: Zamazenta|Anchor Shot|p2a: Regigigas\n|-damage|p2a: Regigigas|76\/100 tox\n|-activate|p2a: Regigigas|trapped\n|\n|-heal|p1a: Zamazenta|90\/100 par|[from] item: Leftovers\n|-heal|p2a: Regigigas|88\/100 tox|[from] ability: Poison Heal\n|upkeep\n|turn|106\n|\n|t:|1664013598\n|switch|p1a: Giratina|Giratina|97\/100 par\n|move|p2a: Regigigas|U-turn|p1a: Giratina\n|-resisted|p1a: Giratina\n|-damage|p1a: Giratina|90\/100 par\n|\n|t:|1664013609\n|switch|p2a: Xerneas|Xerneas|89\/100|[from]move: U-turn\n|\n|-heal|p1a: Giratina|97\/100 par|[from] item: Leftovers\n|upkeep\n|turn|107\n|\n|t:|1664013618\n|switch|p1a: Zamazenta|Zamazenta-Crowned|90\/100 par\n|move|p2a: Xerneas|Boomburst|p1a: Zamazenta\n|-damage|p1a: Zamazenta|68\/100 par\n|\n|-heal|p1a: Zamazenta|74\/100 par|[from] item: Leftovers\n|upkeep\n|turn|108\n|\n|t:|1664013626\n|move|p2a: Xerneas|Volt Switch|p1a: Zamazenta\n|-damage|p1a: Zamazenta|68\/100 par\n|\n|t:|1664013629\n|switch|p2a: Regigigas|Regigigas|88\/100 tox|[from]move: Volt Switch\n|move|p1a: Zamazenta|Knock Off|p2a: Regigigas\n|-damage|p2a: Regigigas|74\/100 tox\n|\n|-heal|p1a: Zamazenta|74\/100 par|[from] item: Leftovers\n|-heal|p2a: Regigigas|86\/100 tox|[from] ability: Poison Heal\n|upkeep\n|turn|109\n|\n|t:|1664013638\n|switch|p1a: Giratina|Giratina|97\/100 par\n|move|p2a: Regigigas|Spikes|p1a: Giratina\n|move|p1a: Giratina|Spikes|p2a: Regigigas|[from]ability: Magic Bounce\n|-sidestart|p2: Jqlove|Spikes\n|\n|-heal|p1a: Giratina|100\/100 par|[from] item: Leftovers\n|-heal|p2a: Regigigas|99\/100 tox|[from] ability: Poison Heal\n|upkeep\n|turn|110\n|\n|t:|1664013643\n|move|p2a: Regigigas|Nuzzle|p1a: Giratina\n|-resisted|p1a: Giratina\n|-damage|p1a: Giratina|99\/100 par\n|move|p1a: Giratina|Flip Turn|p2a: Regigigas\n|-damage|p2a: Regigigas|88\/100 tox\n|\n|t:|1664013648\n|switch|p1a: Groudon|Groudon|74\/100|[from]move: Flip Turn\n|\n|-heal|p2a: Regigigas|100\/100 tox|[from] ability: Poison Heal\n|upkeep\n|turn|111\n|\n|t:|1664013655\n|switch|p1a: Giratina|Giratina|99\/100 par\n|move|p2a: Regigigas|Facade|p1a: Giratina\n|-immune|p1a: Giratina\n|\n|-heal|p1a: Giratina|100\/100 par|[from] item: Leftovers\n|upkeep\n|turn|112\n|\n|t:|1664013661\n|move|p2a: Regigigas|U-turn|p1a: Giratina\n|-resisted|p1a: Giratina\n|-damage|p1a: Giratina|94\/100 par\n|\n|t:|1664013664\n|switch|p2a: Xerneas|Xerneas|89\/100|[from]move: U-turn\n|move|p1a: Giratina|Core Enforcer|p2a: Xerneas\n|-immune|p2a: Xerneas\n|\n|-heal|p1a: Giratina|99\/100 par|[from] item: Leftovers\n|upkeep\n|turn|113\n|\n|t:|1664013686\n|switch|p1a: Zamazenta|Zamazenta-Crowned|74\/100 par\n|move|p2a: Xerneas|Rapid Spin|p1a: Zamazenta\n|-damage|p1a: Zamazenta|59\/100 par\n|-boost|p2a: Xerneas|spe|1\n|-sideend|p2: Jqlove|Spikes|[from] move: Rapid Spin|[of] p2a: Xerneas\n|\n|-heal|p1a: Zamazenta|65\/100 par|[from] item: Leftovers\n|upkeep\n|turn|114\n|\n|t:|1664013692\n|move|p2a: Xerneas|Volt Switch|p1a: Zamazenta\n|-damage|p1a: Zamazenta|60\/100 par\n|\n|t:|1664013696\n|switch|p2a: Lunala|Lunala|80\/100 par|[from]move: Volt Switch\n|move|p1a: Zamazenta|Shore Up|p1a: Zamazenta\n|-heal|p1a: Zamazenta|100\/100 par\n|\n|upkeep\n|turn|115\n|c|\u2606Redflix|Test\n|\n|t:|1664013703\n|move|p1a: Zamazenta|Knock Off|p2a: Lunala\n|-supereffective|p2a: Lunala\n|-damage|p2a: Lunala|57\/100 par\n|move|p2a: Lunala|Hex|p1a: Zamazenta\n|-damage|p1a: Zamazenta|83\/100 par\n|\n|-heal|p1a: Zamazenta|90\/100 par|[from] item: Leftovers\n|upkeep\n|turn|116\n|\n|t:|1664013709\n|switch|p1a: Yveltal|Yveltal|63\/100 par\n|move|p2a: Lunala|Roost|p2a: Lunala\n|-heal|p2a: Lunala|100\/100 par\n|-singleturn|p2a: Lunala|move: Roost\n|\n|upkeep\n|turn|117\n|\n|t:|1664013715\n|switch|p2a: Chansey|Chansey, F|71\/100\n|-transform|p2a: Chansey|p1a: Yveltal|[from] ability: Imposter\n|move|p1a: Yveltal|Boomburst|p2a: Chansey\n|-damage|p2a: Chansey|43\/100\n|\n|upkeep\n|turn|118\n|\n|t:|1664013725\n|switch|p1a: Zamazenta|Zamazenta-Crowned|90\/100 par\n|move|p2a: Chansey|Boomburst|p1a: Zamazenta\n|-damage|p1a: Zamazenta|66\/100 par\n|\n|-heal|p1a: Zamazenta|73\/100 par|[from] item: Leftovers\n|upkeep\n|turn|119\n|\n|t:|1664013744\n|move|p2a: Chansey|Boomburst|p1a: Zamazenta\n|-damage|p1a: Zamazenta|51\/100 par\n|cant|p1a: Zamazenta|par\n|\n|-heal|p1a: Zamazenta|57\/100 par|[from] item: Leftovers\n|upkeep\n|turn|120\n|\n|t:|1664013748\n|move|p2a: Chansey|Strength Sap|p1a: Zamazenta\n|-unboost|p1a: Zamazenta|atk|1\n|-heal|p2a: Chansey|94\/100\n|move|p1a: Zamazenta|Shore Up|p1a: Zamazenta\n|-heal|p1a: Zamazenta|100\/100 par\n|\n|upkeep\n|turn|121\n|\n|t:|1664013756\n|move|p2a: Chansey|Volt Switch|p1a: Zamazenta\n|-damage|p1a: Zamazenta|94\/100 par\n|\n|t:|1664013759\n|switch|p2a: Regigigas|Regigigas|100\/100 tox|[from]move: Volt Switch\n|move|p1a: Zamazenta|Anchor Shot|p2a: Regigigas\n|-damage|p2a: Regigigas|84\/100 tox\n|-activate|p2a: Regigigas|trapped\n|\n|-heal|p1a: Zamazenta|100\/100 par|[from] item: Leftovers\n|-heal|p2a: Regigigas|97\/100 tox|[from] ability: Poison Heal\n|upkeep\n|turn|122\n|\n|t:|1664013765\n|switch|p1a: Giratina|Giratina|99\/100 par\n|move|p2a: Regigigas|U-turn|p1a: Giratina\n|-resisted|p1a: Giratina\n|-damage|p1a: Giratina|93\/100 par\n|\n|t:|1664013768\n|switch|p2a: Xerneas|Xerneas|89\/100|[from]move: U-turn\n|\n|-heal|p1a: Giratina|99\/100 par|[from] item: Leftovers\n|upkeep\n|turn|123\n|\n|t:|1664013781\n|switch|p1a: Zamazenta|Zamazenta-Crowned|100\/100 par\n|move|p2a: Xerneas|Volt Switch|p1a: Zamazenta\n|-damage|p1a: Zamazenta|95\/100 par\n|\n|t:|1664013786\n|switch|p2a: Regigigas|Regigigas|97\/100 tox|[from]move: Volt Switch\n|\n|-heal|p1a: Zamazenta|100\/100 par|[from] item: Leftovers\n|-heal|p2a: Regigigas|100\/100 tox|[from] ability: Poison Heal\n|upkeep\n|turn|124\n|\n|t:|1664013789\n|switch|p1a: Giratina|Giratina|99\/100 par\n|move|p2a: Regigigas|U-turn|p1a: Giratina\n|-resisted|p1a: Giratina\n|-damage|p1a: Giratina|93\/100 par\n|\n|t:|1664013794\n|switch|p2a: Chansey|Chansey, F|94\/100|[from]move: U-turn\n|-transform|p2a: Chansey|p1a: Giratina|[from] ability: Imposter\n|\n|-heal|p1a: Giratina|99\/100 par|[from] item: Leftovers\n|upkeep\n|turn|125\n|l|\u2606Redflix\n|player|p1|\n|j|\u2606Redflix\n|player|p1|Redflix|erika\n|\n|t:|1664013858\n|switch|p1a: Xerneas|Xerneas|77\/100 tox\n|move|p2a: Chansey|Core Enforcer|p1a: Xerneas\n|-immune|p1a: Xerneas\n|\n|-heal|p1a: Xerneas|90\/100 tox|[from] ability: Poison Heal\n|upkeep\n|turn|126\n|\n|t:|1664013863\n|switch|p1a: Giratina|Giratina|99\/100 par\n|move|p2a: Chansey|Flip Turn|p1a: Giratina\n|-resisted|p1a: Giratina\n|-damage|p1a: Giratina|95\/100 par\n|\n|t:|1664013867\n|switch|p2a: Regigigas|Regigigas|100\/100 tox|[from]move: Flip Turn\n|\n|-heal|p1a: Giratina|100\/100 par|[from] item: Leftovers\n|upkeep\n|turn|127\n|\n|t:|1664013876\n|switch|p2a: Chansey|Chansey, F|94\/100\n|-transform|p2a: Chansey|p1a: Giratina|[from] ability: Imposter\n|move|p1a: Giratina|Core Enforcer|p2a: Chansey\n|-supereffective|p2a: Chansey\n|-damage|p2a: Chansey|73\/100\n|\n|upkeep\n|turn|128\n|\n|t:|1664013892\n|switch|p1a: Zamazenta|Zamazenta-Crowned|100\/100 par\n|move|p2a: Chansey|Recover|p2a: Chansey\n|-heal|p2a: Chansey|100\/100\n|\n|upkeep\n|turn|129\n|\n|t:|1664013899\n|move|p1a: Zamazenta|Knock Off|p2a: Chansey\n|-supereffective|p2a: Chansey\n|-damage|p2a: Chansey|87\/100\n|-enditem|p2a: Chansey|Eviolite|[from] move: Knock Off|[of] p1a: Zamazenta\n|move|p2a: Chansey|Core Enforcer|p1a: Zamazenta\n|-resisted|p1a: Zamazenta\n|-damage|p1a: Zamazenta|95\/100 par\n|-endability|p1a: Zamazenta\n|\n|-heal|p1a: Zamazenta|100\/100 par|[from] item: Leftovers\n|upkeep\n|turn|130\n|\n|t:|1664013906\n|switch|p1a: Giratina|Giratina|100\/100 par\n|move|p2a: Chansey|Spikes|p1a: Giratina\n|move|p1a: Giratina|Spikes|p2a: Chansey|[from]ability: Magic Bounce\n|-sidestart|p2: Jqlove|Spikes\n|\n|upkeep\n|turn|131\n|\n|t:|1664013913\n|switch|p1a: Xerneas|Xerneas|90\/100 tox\n|move|p2a: Chansey|Core Enforcer|p1a: Xerneas\n|-immune|p1a: Xerneas\n|\n|-heal|p1a: Xerneas|100\/100 tox|[from] ability: Poison Heal\n|upkeep\n|turn|132\n|\n|t:|1664013917\n|move|p1a: Xerneas|Quiver Dance|p1a: Xerneas\n|-boost|p1a: Xerneas|spa|1\n|-boost|p1a: Xerneas|spd|1\n|-boost|p1a: Xerneas|spe|1\n|move|p2a: Chansey|Flip Turn|p1a: Xerneas\n|-damage|p1a: Xerneas|90\/100 tox\n|\n|t:|1664013920\n|switch|p2a: Zamazenta|Zamazenta-Crowned|97\/100|[from]move: Flip Turn\n|-damage|p2a: Zamazenta|85\/100|[from] Spikes\n|\n|-heal|p2a: Zamazenta|91\/100|[from] item: Leftovers\n|-heal|p1a: Xerneas|100\/100 tox|[from] ability: Poison Heal\n|upkeep\n|turn|133\n|\n|t:|1664013926\n|switch|p1a: Groudon|Groudon|74\/100\n|move|p2a: Zamazenta|Topsy-Turvy||[still]\n|-fail|p2a: Zamazenta\n|\n|-heal|p2a: Zamazenta|97\/100|[from] item: Leftovers\n|upkeep\n|turn|134\n|\n|t:|1664013937\n|switch|p2a: Regigigas|Regigigas|100\/100 tox\n|-damage|p2a: Regigigas|88\/100 tox|[from] Spikes\n|move|p1a: Groudon|Thousand Waves|p2a: Regigigas\n|-damage|p2a: Regigigas|59\/100 tox\n|-activate|p2a: Regigigas|trapped\n|\n|-heal|p2a: Regigigas|71\/100 tox|[from] ability: Poison Heal\n|upkeep\n|turn|135\n|\n|t:|1664013945\n|move|p2a: Regigigas|Facade|p1a: Groudon\n|-damage|p1a: Groudon|32\/100\n|-damage|p2a: Regigigas|55\/100 tox|[from] item: Rocky Helmet|[of] p1a: Groudon\n|move|p1a: Groudon|Worry Seed|p2a: Regigigas\n|-endability|p2a: Regigigas|Poison Heal|[from] move: Worry Seed\n|-ability|p2a: Regigigas|Insomnia|[from] move: Worry Seed\n|\n|-damage|p2a: Regigigas|42\/100 tox|[from] psn\n|upkeep\n|turn|136\n|\n|t:|1664013953\n|move|p2a: Regigigas|Facade|p1a: Groudon\n|-damage|p1a: Groudon|0 fnt\n|-damage|p2a: Regigigas|26\/100 tox|[from] item: Rocky Helmet|[of] p1a: Groudon\n|faint|p1a: Groudon\n|\n|-damage|p2a: Regigigas|8\/100 tox|[from] psn\n|upkeep\n|\n|t:|1664013958\n|switch|p1a: Chansey|Chansey, F|88\/100\n|-transform|p1a: Chansey|p2a: Regigigas|[from] ability: Imposter\n|turn|137\n|\n|t:|1664013971\n|switch|p2a: Zamazenta|Zamazenta-Crowned|97\/100\n|-damage|p2a: Zamazenta|85\/100|[from] Spikes\n|move|p1a: Chansey|U-turn|p2a: Zamazenta\n|-resisted|p2a: Zamazenta\n|-damage|p2a: Zamazenta|81\/100\n|\n|t:|1664013976\n|switch|p1a: Giratina|Giratina|100\/100 par|[from]move: U-turn\n|\n|-heal|p2a: Zamazenta|87\/100|[from] item: Leftovers\n|upkeep\n|turn|138\n|\n|t:|1664013983\n|move|p2a: Zamazenta|Anchor Shot|p1a: Giratina\n|-damage|p1a: Giratina|82\/100 par\n|move|p1a: Giratina|Flip Turn|p2a: Zamazenta\n|-damage|p2a: Zamazenta|78\/100\n|\n|t:|1664013995\n|switch|p1a: Zamazenta|Zamazenta-Crowned|100\/100 par|[from]move: Flip Turn\n|\n|-heal|p2a: Zamazenta|84\/100|[from] item: Leftovers\n|upkeep\n|turn|139\n|\n|t:|1664014006\n|switch|p2a: Xerneas|Xerneas|89\/100\n|move|p1a: Zamazenta|Anchor Shot|p2a: Xerneas\n|-supereffective|p2a: Xerneas\n|-damage|p2a: Xerneas|35\/100\n|-activate|p2a: Xerneas|trapped\n|\n|upkeep\n|turn|140\n|\n|t:|1664014009\n|move|p2a: Xerneas|Strength Sap|p1a: Zamazenta\n|-unboost|p1a: Zamazenta|atk|1\n|-heal|p2a: Xerneas|100\/100\n|cant|p1a: Zamazenta|par\n|\n|upkeep\n|turn|141\n|\n|t:|1664014014\n|move|p2a: Xerneas|Rapid Spin|p1a: Zamazenta\n|-damage|p1a: Zamazenta|86\/100 par\n|-boost|p2a: Xerneas|spe|1\n|-sideend|p2: Jqlove|Spikes|[from] move: Rapid Spin|[of] p2a: Xerneas\n|move|p1a: Zamazenta|Nuzzle|p2a: Xerneas\n|-damage|p2a: Xerneas|98\/100\n|-status|p2a: Xerneas|par\n|\n|-heal|p1a: Zamazenta|93\/100 par|[from] item: Leftovers\n|upkeep\n|turn|142\n|\n|t:|1664014017\n|move|p2a: Xerneas|Volt Switch|p1a: Zamazenta\n|-damage|p1a: Zamazenta|86\/100 par\n|\n|t:|1664014027\n|switch|p2a: Lunala|Lunala|100\/100 par|[from]move: Volt Switch\n|move|p1a: Zamazenta|Anchor Shot|p2a: Lunala\n|-damage|p2a: Lunala|92\/100 par\n|\n|-heal|p1a: Zamazenta|93\/100 par|[from] item: Leftovers\n|upkeep\n|turn|143\n|c|\u2606Redflix|Test\n|\n|t:|1664014055\n|move|p1a: Zamazenta|Knock Off|p2a: Lunala\n|-supereffective|p2a: Lunala\n|-damage|p2a: Lunala|73\/100 par\n|move|p2a: Lunala|Core Enforcer|p1a: Zamazenta\n|-resisted|p1a: Zamazenta\n|-damage|p1a: Zamazenta|88\/100 par\n|-endability|p1a: Zamazenta\n|\n|-heal|p1a: Zamazenta|94\/100 par|[from] item: Leftovers\n|upkeep\n|turn|144\n|\n|t:|1664014065\n|switch|p1a: Yveltal|Yveltal|63\/100 par\n|move|p2a: Lunala|Hex|p1a: Yveltal\n|-resisted|p1a: Yveltal\n|-damage|p1a: Yveltal|42\/100 par\n|\n|upkeep\n|turn|145\n|\n|t:|1664014070\n|switch|p2a: Zamazenta|Zamazenta-Crowned|84\/100\n|move|p1a: Yveltal|Volt Switch|p2a: Zamazenta\n|-damage|p2a: Zamazenta|73\/100\n|\n|t:|1664014072\n|switch|p1a: Zamazenta|Zamazenta-Crowned|94\/100 par|[from]move: Volt Switch\n|\n|-heal|p2a: Zamazenta|79\/100|[from] item: Leftovers\n|-heal|p1a: Zamazenta|99\/100 par|[from] item: Leftovers\n|upkeep\n|turn|146\n|\n|t:|1664014077\n|switch|p2a: Lunala|Lunala|73\/100 par\n|move|p1a: Zamazenta|Anchor Shot|p2a: Lunala\n|-damage|p2a: Lunala|61\/100 par\n|\n|-heal|p1a: Zamazenta|100\/100 par|[from] item: Leftovers\n|upkeep\n|turn|147\n|l|\u2606Redflix\n|player|p1|\n|j|\u2606Redflix\n|player|p1|Redflix|erika\n|\n|t:|1664014191\n|cant|p1a: Zamazenta|par\n|move|p2a: Lunala|Roost|p2a: Lunala\n|-heal|p2a: Lunala|100\/100 par\n|-singleturn|p2a: Lunala|move: Roost\n|\n|upkeep\n|turn|148\n|\n|t:|1664014196\n|move|p1a: Zamazenta|Anchor Shot|p2a: Lunala\n|-damage|p2a: Lunala|88\/100 par\n|cant|p2a: Lunala|par\n|\n|upkeep\n|turn|149\n|\n|t:|1664014201\n|cant|p1a: Zamazenta|par\n|move|p2a: Lunala|Core Enforcer|p1a: Zamazenta\n|-resisted|p1a: Zamazenta\n|-damage|p1a: Zamazenta|96\/100 par\n|-endability|p1a: Zamazenta\n|\n|-heal|p1a: Zamazenta|100\/100 par|[from] item: Leftovers\n|upkeep\n|turn|150\n|\n|t:|1664014207\n|move|p1a: Zamazenta|Anchor Shot|p2a: Lunala\n|-damage|p2a: Lunala|76\/100 par\n|move|p2a: Lunala|Hex|p1a: Zamazenta\n|-damage|p1a: Zamazenta|66\/100 par\n|\n|-heal|p1a: Zamazenta|72\/100 par|[from] item: Leftovers\n|upkeep\n|turn|151\n|\n|t:|1664014213\n|switch|p1a: Chansey|Chansey, F|88\/100\n|-transform|p1a: Chansey|p2a: Lunala|[from] ability: Imposter\n|move|p2a: Lunala|Hex|p1a: Chansey\n|-supereffective|p1a: Chansey\n|-damage|p1a: Chansey|54\/100\n|\n|upkeep\n|turn|152\n|\n|t:|1664014220\n|switch|p2a: Chansey|Chansey, F|87\/100\n|move|p1a: Chansey|Core Enforcer|p2a: Chansey\n|-damage|p2a: Chansey|73\/100\n|\n|upkeep\n|turn|153\n|l|\u2606Redflix\n|player|p1|\n|j|\u2606Redflix\n|player|p1|Redflix|erika\n|\n|t:|1664014284\n|switch|p1a: Giratina|Giratina|82\/100 par\n|move|p2a: Chansey|Parting Shot|p1a: Giratina\n|move|p1a: Giratina|Parting Shot|p2a: Chansey|[from]ability: Magic Bounce\n|-unboost|p2a: Chansey|atk|1\n|-unboost|p2a: Chansey|spa|1\n|\n|t:|1664014292\n|switch|p1a: Zamazenta|Zamazenta-Crowned|72\/100 par|[from]move: Parting Shot\n|\n|-heal|p1a: Zamazenta|78\/100 par|[from] item: Leftovers\n|upkeep\n|turn|154\n|\n|t:|1664014302\n|move|p2a: Chansey|Parting Shot|p1a: Zamazenta\n|-unboost|p1a: Zamazenta|atk|1\n|-unboost|p1a: Zamazenta|spa|1\n|\n|t:|1664014306\n|switch|p2a: Lunala|Lunala|76\/100 par|[from]move: Parting Shot\n|move|p1a: Zamazenta|Knock Off|p2a: Lunala\n|-supereffective|p2a: Lunala\n|-crit|p2a: Lunala\n|-damage|p2a: Lunala|40\/100 par\n|\n|-heal|p1a: Zamazenta|84\/100 par|[from] item: Leftovers\n|upkeep\n|turn|155\n|\n|t:|1664014312\n|move|p1a: Zamazenta|Knock Off|p2a: Lunala\n|-supereffective|p2a: Lunala\n|-damage|p2a: Lunala|21\/100 par\n|cant|p2a: Lunala|par\n|\n|-heal|p1a: Zamazenta|90\/100 par|[from] item: Leftovers\n|upkeep\n|turn|156\n|\n|t:|1664014316\n|cant|p1a: Zamazenta|par\n|move|p2a: Lunala|Roost|p2a: Lunala\n|-heal|p2a: Lunala|71\/100 par\n|-singleturn|p2a: Lunala|move: Roost\n|\n|-heal|p1a: Zamazenta|97\/100 par|[from] item: Leftovers\n|upkeep\n|turn|157\n|\n|t:|1664014325\n|move|p1a: Zamazenta|Anchor Shot|p2a: Lunala\n|-damage|p2a: Lunala|63\/100 par\n|move|p2a: Lunala|Roost|p2a: Lunala\n|-heal|p2a: Lunala|100\/100 par\n|-singleturn|p2a: Lunala|move: Roost\n|\n|-heal|p1a: Zamazenta|100\/100 par|[from] item: Leftovers\n|upkeep\n|turn|158\n|l|\u2606Redflix\n|player|p1|\n|inactive|Battle timer is ON: inactive players will automatically lose when time's up. (requested by Jqlove)\n|inactive|Redflix has 270 seconds to reconnect!\n|j|\u2606Redflix\n|inactive|Redflix reconnected and has 300 seconds left.\n|player|p1|Redflix|erika\n|\n|t:|1664014410\n|cant|p1a: Zamazenta|par\n|move|p2a: Lunala|Nuzzle|p1a: Zamazenta\n|-damage|p1a: Zamazenta|98\/100 par\n|\n|-heal|p1a: Zamazenta|100\/100 par|[from] item: Leftovers\n|upkeep\n|turn|159\n|\n|t:|1664014422\n|move|p1a: Zamazenta|Nuzzle|p2a: Lunala\n|-damage|p2a: Lunala|99\/100 par\n|move|p2a: Lunala|Core Enforcer|p1a: Zamazenta\n|-resisted|p1a: Zamazenta\n|-damage|p1a: Zamazenta|96\/100 par\n|-endability|p1a: Zamazenta\n|\n|-heal|p1a: Zamazenta|100\/100 par|[from] item: Leftovers\n|upkeep\n|turn|160\n|\n|t:|1664014427\n|switch|p1a: Xerneas|Xerneas|100\/100 tox\n|move|p2a: Lunala|Nuzzle|p1a: Xerneas\n|-damage|p1a: Xerneas|98\/100 tox\n|\n|-heal|p1a: Xerneas|100\/100 tox|[from] ability: Poison Heal\n|upkeep\n|turn|161\n|\n|t:|1664014431\n|switch|p2a: Zamazenta|Zamazenta-Crowned|79\/100\n|move|p1a: Xerneas|Moonblast|p2a: Zamazenta\n|-damage|p2a: Zamazenta|50\/100\n|-unboost|p2a: Zamazenta|spa|1\n|\n|-heal|p2a: Zamazenta|57\/100|[from] item: Leftovers\n|upkeep\n|turn|162\n|\n|t:|1664014443\n|switch|p1a: Giratina|Giratina|82\/100 par\n|move|p2a: Zamazenta|Roost|p2a: Zamazenta\n|-heal|p2a: Zamazenta|100\/100\n|-singleturn|p2a: Zamazenta|move: Roost\n|\n|-heal|p1a: Giratina|88\/100 par|[from] item: Leftovers\n|upkeep\n|turn|163\n|\n|t:|1664014448\n|switch|p2a: Chansey|Chansey, F|73\/100\n|-transform|p2a: Chansey|p1a: Giratina|[from] ability: Imposter\n|move|p1a: Giratina|Flip Turn|p2a: Chansey\n|-resisted|p2a: Chansey\n|-damage|p2a: Chansey|71\/100\n|\n|t:|1664014451\n|switch|p1a: Xerneas|Xerneas|100\/100 tox|[from]move: Flip Turn\n|\n|upkeep\n|turn|164\n|\n|t:|1664014466\n|move|p1a: Xerneas|Moonblast|p2a: Chansey\n|-supereffective|p2a: Chansey\n|-damage|p2a: Chansey|31\/100\n|move|p2a: Chansey|Flip Turn|p1a: Xerneas\n|-damage|p1a: Xerneas|90\/100 tox\n|\n|t:|1664014479\n|switch|p2a: Regigigas|Regigigas|8\/100 tox|[from]move: Flip Turn\n|\n|-heal|p2a: Regigigas|20\/100 tox|[from] ability: Poison Heal\n|-heal|p1a: Xerneas|100\/100 tox|[from] ability: Poison Heal\n|upkeep\n|turn|165\n|\n|t:|1664014494\n|switch|p2a: Zamazenta|Zamazenta-Crowned|100\/100\n|move|p1a: Xerneas|Moonblast|p2a: Zamazenta\n|-damage|p2a: Zamazenta|73\/100\n|\n|-heal|p2a: Zamazenta|79\/100|[from] item: Leftovers\n|upkeep\n|turn|166\n|\n|t:|1664014505\n|switch|p2a: Regigigas|Regigigas|20\/100 tox\n|switch|p1a: Giratina|Giratina|88\/100 par\n|\n|-heal|p1a: Giratina|94\/100 par|[from] item: Leftovers\n|-heal|p2a: Regigigas|33\/100 tox|[from] ability: Poison Heal\n|upkeep\n|turn|167\n|\n|t:|1664014511\n|move|p2a: Regigigas|U-turn|p1a: Giratina\n|-resisted|p1a: Giratina\n|-damage|p1a: Giratina|88\/100 par\n|\n|t:|1664014514\n|switch|p2a: Xerneas|Xerneas|98\/100 par|[from]move: U-turn\n|cant|p1a: Giratina|par\n|\n|-heal|p1a: Giratina|94\/100 par|[from] item: Leftovers\n|upkeep\n|turn|168\n|\n|t:|1664014520\n|move|p2a: Xerneas|Volt Switch|p1a: Giratina\n|-resisted|p1a: Giratina\n|-damage|p1a: Giratina|88\/100 par\n|\n|t:|1664014527\n|switch|p2a: Chansey|Chansey, F|31\/100|[from]move: Volt Switch\n|-transform|p2a: Chansey|p1a: Giratina|[from] ability: Imposter\n|cant|p1a: Giratina|par\n|\n|-heal|p1a: Giratina|94\/100 par|[from] item: Leftovers\n|upkeep\n|turn|169\n|c|\u2606Redflix|,\n|\n|t:|1664014550\n|move|p2a: Chansey|Recover|p2a: Chansey\n|-heal|p2a: Chansey|81\/100\n|cant|p1a: Giratina|par\n|\n|-heal|p1a: Giratina|99\/100 par|[from] item: Leftovers\n|upkeep\n|turn|170\n|\n|t:|1664014557\n|move|p2a: Chansey|Core Enforcer|p1a: Giratina\n|-supereffective|p1a: Giratina\n|-damage|p1a: Giratina|57\/100 par\n|cant|p1a: Giratina|par\n|\n|-heal|p1a: Giratina|63\/100 par|[from] item: Leftovers\n|upkeep\n|turn|171\n|\n|t:|1664014563\n|move|p2a: Chansey|Core Enforcer|p1a: Giratina\n|-supereffective|p1a: Giratina\n|-damage|p1a: Giratina|19\/100 par\n|move|p1a: Giratina|Recover|p1a: Giratina\n|-heal|p1a: Giratina|69\/100 par\n|\n|-heal|p1a: Giratina|75\/100 par|[from] item: Leftovers\n|upkeep\n|turn|172\n|\n|t:|1664014568\n|switch|p1a: Xerneas|Xerneas|100\/100 tox\n|move|p2a: Chansey|Core Enforcer|p1a: Xerneas\n|-immune|p1a: Xerneas\n|\n|upkeep\n|turn|173\n|\n|t:|1664014573\n|move|p1a: Xerneas|Quiver Dance|p1a: Xerneas\n|-boost|p1a: Xerneas|spa|1\n|-boost|p1a: Xerneas|spd|1\n|-boost|p1a: Xerneas|spe|1\n|move|p2a: Chansey|Flip Turn|p1a: Xerneas\n|-damage|p1a: Xerneas|90\/100 tox\n|\n|t:|1664014576\n|switch|p2a: Zamazenta|Zamazenta-Crowned|79\/100|[from]move: Flip Turn\n|\n|-heal|p2a: Zamazenta|85\/100|[from] item: Leftovers\n|-heal|p1a: Xerneas|100\/100 tox|[from] ability: Poison Heal\n|upkeep\n|turn|174\n|\n|t:|1664014582\n|switch|p1a: Giratina|Giratina|75\/100 par\n|move|p2a: Zamazenta|Topsy-Turvy|p1a: Giratina\n|move|p1a: Giratina|Topsy-Turvy||[from]ability: Magic Bounce|[still]\n|-fail|p1a: Giratina\n|\n|-heal|p2a: Zamazenta|91\/100|[from] item: Leftovers\n|-heal|p1a: Giratina|82\/100 par|[from] item: Leftovers\n|upkeep\n|turn|175\n|inactive|Redflix has 270 seconds left.\n|\n|t:|1664014628\n|switch|p2a: Chansey|Chansey, F|81\/100\n|-transform|p2a: Chansey|p1a: Giratina|[from] ability: Imposter\n|move|p1a: Giratina|Flip Turn|p2a: Chansey\n|-resisted|p2a: Chansey\n|-damage|p2a: Chansey|78\/100\n|\n|t:|1664014632\n|switch|p1a: Xerneas|Xerneas|100\/100 tox|[from]move: Flip Turn\n|\n|upkeep\n|turn|176\n|\n|t:|1664014635\n|move|p1a: Xerneas|Thunder Cage|p2a: Chansey\n|-resisted|p2a: Chansey\n|-damage|p2a: Chansey|73\/100\n|-activate|p2a: Chansey|move: Thunder Cage|[of] p1a: Xerneas\n|move|p2a: Chansey|Flip Turn|p1a: Xerneas\n|-damage|p1a: Xerneas|90\/100 tox\n|\n|t:|1664014640\n|switch|p2a: Regigigas|Regigigas|33\/100 tox|[from]move: Flip Turn\n|\n|-heal|p2a: Regigigas|45\/100 tox|[from] ability: Poison Heal\n|-heal|p1a: Xerneas|100\/100 tox|[from] ability: Poison Heal\n|upkeep\n|turn|177\n|\n|t:|1664014647\n|switch|p2a: Zamazenta|Zamazenta-Crowned|91\/100\n|move|p1a: Xerneas|Moonblast|p2a: Zamazenta\n|-damage|p2a: Zamazenta|66\/100\n|-unboost|p2a: Zamazenta|spa|1\n|\n|-heal|p2a: Zamazenta|72\/100|[from] item: Leftovers\n|upkeep\n|turn|178\n|\n|t:|1664014654\n|switch|p1a: Zamazenta|Zamazenta-Crowned|100\/100 par\n|move|p2a: Zamazenta|Anchor Shot|p1a: Zamazenta\n|-resisted|p1a: Zamazenta\n|-damage|p1a: Zamazenta|90\/100 par\n|-activate|p1a: Zamazenta|trapped\n|\n|-heal|p2a: Zamazenta|78\/100|[from] item: Leftovers\n|-heal|p1a: Zamazenta|96\/100 par|[from] item: Leftovers\n|upkeep\n|turn|179\n|\n|t:|1664014664\n|switch|p2a: Lunala|Lunala|99\/100 par\n|cant|p1a: Zamazenta|par\n|\n|-heal|p1a: Zamazenta|100\/100 par|[from] item: Leftovers\n|upkeep\n|turn|180\n|\n|t:|1664014672\n|move|p1a: Zamazenta|Knock Off|p2a: Lunala\n|-supereffective|p2a: Lunala\n|-damage|p2a: Lunala|74\/100 par\n|cant|p2a: Lunala|par\n|\n|upkeep\n|turn|181\n|\n|t:|1664014677\n|switch|p1a: Yveltal|Yveltal|42\/100 par\n|move|p2a: Lunala|Core Enforcer|p1a: Yveltal\n|-damage|p1a: Yveltal|18\/100 par\n|\n|upkeep\n|turn|182\n|\n|t:|1664014685\n|switch|p2a: Zamazenta|Zamazenta-Crowned|78\/100\n|move|p1a: Yveltal|Volt Switch|p2a: Zamazenta\n|-damage|p2a: Zamazenta|66\/100\n|\n|t:|1664014689\n|switch|p1a: Xerneas|Xerneas|100\/100 tox|[from]move: Volt Switch\n|\n|-heal|p2a: Zamazenta|72\/100|[from] item: Leftovers\n|upkeep\n|turn|183\n|\n|t:|1664014694\n|switch|p1a: Zamazenta|Zamazenta-Crowned|100\/100 par\n|move|p2a: Zamazenta|Anchor Shot|p1a: Zamazenta\n|-resisted|p1a: Zamazenta\n|-damage|p1a: Zamazenta|90\/100 par\n|-activate|p1a: Zamazenta|trapped\n|\n|-heal|p2a: Zamazenta|79\/100|[from] item: Leftovers\n|-heal|p1a: Zamazenta|96\/100 par|[from] item: Leftovers\n|upkeep\n|turn|184\n|\n|t:|1664014698\n|switch|p2a: Lunala|Lunala|74\/100 par\n|move|p1a: Zamazenta|Anchor Shot|p2a: Lunala\n|-damage|p2a: Lunala|62\/100 par\n|\n|-heal|p1a: Zamazenta|100\/100 par|[from] item: Leftovers\n|upkeep\n|turn|185\n|\n|t:|1664014702\n|move|p1a: Zamazenta|Knock Off|p2a: Lunala\n|-supereffective|p2a: Lunala\n|-damage|p2a: Lunala|35\/100 par\n|cant|p2a: Lunala|par\n|\n|upkeep\n|turn|186\n|\n|t:|1664014704\n|move|p1a: Zamazenta|Knock Off|p2a: Lunala\n|-supereffective|p2a: Lunala\n|-damage|p2a: Lunala|9\/100 par\n|cant|p2a: Lunala|par\n|\n|upkeep\n|turn|187\n|\n|t:|1664014707\n|move|p1a: Zamazenta|Knock Off|p2a: Lunala\n|-supereffective|p2a: Lunala\n|-damage|p2a: Lunala|0 fnt\n|faint|p2a: Lunala\n|\n|upkeep\n|\n|t:|1664014710\n|switch|p2a: Zamazenta|Zamazenta-Crowned|79\/100\n|turn|188\n|\n|t:|1664014714\n|switch|p1a: Giratina|Giratina|82\/100 par\n|move|p2a: Zamazenta|Anchor Shot|p1a: Giratina\n|-damage|p1a: Giratina|63\/100 par\n|\n|-heal|p2a: Zamazenta|85\/100|[from] item: Leftovers\n|-heal|p1a: Giratina|69\/100 par|[from] item: Leftovers\n|upkeep\n|turn|189\n|\n|t:|1664014717\n|switch|p2a: Chansey|Chansey, F|73\/100\n|-transform|p2a: Chansey|p1a: Giratina|[from] ability: Imposter\n|move|p1a: Giratina|Recover|p1a: Giratina\n|-heal|p1a: Giratina|100\/100 par\n|\n|upkeep\n|turn|190\n|\n|t:|1664014723\n|move|p2a: Chansey|Recover|p2a: Chansey\n|-heal|p2a: Chansey|100\/100\n|move|p1a: Giratina|Core Enforcer|p2a: Chansey\n|-supereffective|p2a: Chansey\n|-damage|p2a: Chansey|68\/100\n|-endability|p2a: Chansey\n|\n|upkeep\n|turn|191\n|\n|t:|1664014726\n|switch|p2a: Zamazenta|Zamazenta-Crowned|85\/100\n|switch|p1a: Xerneas|Xerneas|100\/100 tox\n|\n|-heal|p2a: Zamazenta|91\/100|[from] item: Leftovers\n|upkeep\n|turn|192\n|\n|t:|1664014732\n|switch|p2a: Regigigas|Regigigas|45\/100 tox\n|switch|p1a: Giratina|Giratina|100\/100 par\n|\n|-heal|p2a: Regigigas|58\/100 tox|[from] ability: Poison Heal\n|upkeep\n|turn|193\n|\n|t:|1664014736\n|move|p2a: Regigigas|U-turn|p1a: Giratina\n|-resisted|p1a: Giratina\n|-damage|p1a: Giratina|94\/100 par\n|\n|t:|1664014738\n|switch|p2a: Xerneas|Xerneas|98\/100 par|[from]move: U-turn\n|cant|p1a: Giratina|par\n|\n|-heal|p1a: Giratina|99\/100 par|[from] item: Leftovers\n|upkeep\n|turn|194\n|\n|t:|1664014741\n|switch|p1a: Zamazenta|Zamazenta-Crowned|100\/100 par\n|move|p2a: Xerneas|Volt Switch|p1a: Zamazenta\n|-damage|p1a: Zamazenta|94\/100 par\n|\n|t:|1664014747\n|switch|p2a: Regigigas|Regigigas|58\/100 tox|[from]move: Volt Switch\n|\n|-heal|p1a: Zamazenta|100\/100 par|[from] item: Leftovers\n|-heal|p2a: Regigigas|70\/100 tox|[from] ability: Poison Heal\n|upkeep\n|turn|195\n|\n|t:|1664014757\n|switch|p1a: Giratina|Giratina|99\/100 par\n|move|p2a: Regigigas|Spikes|p1a: Giratina\n|move|p1a: Giratina|Spikes|p2a: Regigigas|[from]ability: Magic Bounce\n|-sidestart|p2: Jqlove|Spikes\n|\n|-heal|p1a: Giratina|100\/100 par|[from] item: Leftovers\n|-heal|p2a: Regigigas|83\/100 tox|[from] ability: Poison Heal\n|upkeep\n|turn|196\n|inactive|Redflix has 270 seconds left.\n|\n|t:|1664014788\n|move|p2a: Regigigas|U-turn|p1a: Giratina\n|-resisted|p1a: Giratina\n|-damage|p1a: Giratina|94\/100 par\n|\n|t:|1664014791\n|switch|p2a: Xerneas|Xerneas|98\/100 par|[from]move: U-turn\n|move|p1a: Giratina|Flip Turn|p2a: Xerneas\n|-damage|p2a: Xerneas|87\/100 par\n|\n|t:|1664014795\n|switch|p1a: Chansey|Chansey, F|54\/100|[from]move: Flip Turn\n|-transform|p1a: Chansey|p2a: Xerneas|[from] ability: Imposter\n|\n|upkeep\n|turn|197\n|\n|t:|1664014800\n|move|p1a: Chansey|Boomburst|p2a: Xerneas\n|-crit|p2a: Xerneas\n|-damage|p2a: Xerneas|6\/100 par\n|move|p2a: Xerneas|Rapid Spin|p1a: Chansey\n|-damage|p1a: Chansey|47\/100\n|-boost|p2a: Xerneas|spe|1\n|-sideend|p2: Jqlove|Spikes|[from] move: Rapid Spin|[of] p2a: Xerneas\n|\n|upkeep\n|turn|198\n|\n|t:|1664014807\n|switch|p2a: Zamazenta|Zamazenta-Crowned|91\/100\n|move|p1a: Chansey|Boomburst|p2a: Zamazenta\n|-damage|p2a: Zamazenta|48\/100\n|\n|-heal|p2a: Zamazenta|54\/100|[from] item: Leftovers\n|upkeep\n|turn|199\n|\n|t:|1664014815\n|switch|p1a: Giratina|Giratina|94\/100 par\n|move|p2a: Zamazenta|Roost|p2a: Zamazenta\n|-heal|p2a: Zamazenta|100\/100\n|-singleturn|p2a: Zamazenta|move: Roost\n|\n|-heal|p1a: Giratina|100\/100 par|[from] item: Leftovers\n|upkeep\n|turn|200\n|\n|t:|1664014818\n|switch|p2a: Regigigas|Regigigas|83\/100 tox\n|move|p1a: Giratina|Flip Turn|p2a: Regigigas\n|-damage|p2a: Regigigas|72\/100 tox\n|\n|t:|1664014823\n|switch|p1a: Xerneas|Xerneas|100\/100 tox|[from]move: Flip Turn\n|\n|-heal|p2a: Regigigas|85\/100 tox|[from] ability: Poison Heal\n|upkeep\n|turn|201\n|\n|t:|1664014826\n|switch|p1a: Giratina|Giratina|100\/100 par\n|move|p2a: Regigigas|U-turn|p1a: Giratina\n|-resisted|p1a: Giratina\n|-damage|p1a: Giratina|93\/100 par\n|\n|t:|1664014830\n|switch|p2a: Xerneas|Xerneas|6\/100 par|[from]move: U-turn\n|\n|-heal|p1a: Giratina|99\/100 par|[from] item: Leftovers\n|upkeep\n|turn|202\n|\n|t:|1664014834\n|move|p2a: Xerneas|Boomburst|p1a: Giratina\n|-supereffective|p1a: Giratina\n|-damage|p1a: Giratina|15\/100 par\n|move|p1a: Giratina|Flip Turn|p2a: Xerneas\n|-damage|p2a: Xerneas|0 fnt\n|faint|p2a: Xerneas\n|\n|t:|1664014847\n|switch|p1a: Yveltal|Yveltal|18\/100 par|[from]move: Flip Turn\n|\n|upkeep\n|\n|t:|1664014854\n|switch|p2a: Zamazenta|Zamazenta-Crowned|100\/100\n|turn|203\n|\n|t:|1664014858\n|switch|p1a: Zamazenta|Zamazenta-Crowned|100\/100 par\n|move|p2a: Zamazenta|Anchor Shot|p1a: Zamazenta\n|-resisted|p1a: Zamazenta\n|-damage|p1a: Zamazenta|90\/100 par\n|-activate|p1a: Zamazenta|trapped\n|\n|-heal|p1a: Zamazenta|96\/100 par|[from] item: Leftovers\n|upkeep\n|turn|204\n|\n|t:|1664014869\n|switch|p2a: Regigigas|Regigigas|85\/100 tox\n|move|p1a: Zamazenta|Anchor Shot|p2a: Regigigas\n|-damage|p2a: Regigigas|60\/100 tox\n|-activate|p2a: Regigigas|trapped\n|\n|-heal|p1a: Zamazenta|100\/100 par|[from] item: Leftovers\n|-heal|p2a: Regigigas|72\/100 tox|[from] ability: Poison Heal\n|upkeep\n|turn|205\n|\n|t:|1664014874\n|switch|p1a: Giratina|Giratina|15\/100 par\n|move|p2a: Regigigas|U-turn|p1a: Giratina\n|-resisted|p1a: Giratina\n|-crit|p1a: Giratina\n|-damage|p1a: Giratina|5\/100 par\n|\n|t:|1664014879\n|switch|p2a: Chansey|Chansey, F|68\/100|[from]move: U-turn\n|-transform|p2a: Chansey|p1a: Giratina|[from] ability: Imposter\n|\n|-heal|p1a: Giratina|11\/100 par|[from] item: Leftovers\n|upkeep\n|turn|206\n|\n|t:|1664014886\n|switch|p1a: Xerneas|Xerneas|100\/100 tox\n|move|p2a: Chansey|Spikes|p1a: Xerneas\n|-sidestart|p1: Redflix|Spikes\n|\n|upkeep\n|turn|207\n|inactive|Redflix has 270 seconds left.\n|\n|t:|1664014920\n|switch|p2a: Zamazenta|Zamazenta-Crowned|100\/100\n|move|p1a: Xerneas|Quiver Dance|p1a: Xerneas\n|-boost|p1a: Xerneas|spa|1\n|-boost|p1a: Xerneas|spd|1\n|-boost|p1a: Xerneas|spe|1\n|\n|upkeep\n|turn|208\n|\n|t:|1664014935\n|switch|p1a: Zamazenta|Zamazenta-Crowned|100\/100 par\n|-damage|p1a: Zamazenta|88\/100 par|[from] Spikes\n|move|p2a: Zamazenta|Topsy-Turvy||[still]\n|-fail|p2a: Zamazenta\n|\n|-heal|p1a: Zamazenta|94\/100 par|[from] item: Leftovers\n|upkeep\n|turn|209\n|inactive|Redflix has 270 seconds left.\n|\n|t:|1664014965\n|switch|p2a: Regigigas|Regigigas|72\/100 tox\n|move|p1a: Zamazenta|Anchor Shot|p2a: Regigigas\n|-damage|p2a: Regigigas|47\/100 tox\n|-activate|p2a: Regigigas|trapped\n|\n|-heal|p1a: Zamazenta|100\/100 par|[from] item: Leftovers\n|-heal|p2a: Regigigas|59\/100 tox|[from] ability: Poison Heal\n|upkeep\n|turn|210\n|\n|t:|1664014972\n|move|p2a: Regigigas|Spikes|p1a: Zamazenta\n|-sidestart|p1: Redflix|Spikes\n|move|p1a: Zamazenta|Anchor Shot|p2a: Regigigas\n|-damage|p2a: Regigigas|34\/100 tox\n|\n|-heal|p2a: Regigigas|46\/100 tox|[from] ability: Poison Heal\n|upkeep\n|turn|211\n|inactive|Redflix has 270 seconds left.\n|\n|t:|1664014977\n|move|p2a: Regigigas|U-turn|p1a: Zamazenta\n|-resisted|p1a: Zamazenta\n|-damage|p1a: Zamazenta|96\/100 par\n|\n|t:|1664014979\n|switch|p2a: Zamazenta|Zamazenta-Crowned|100\/100|[from]move: U-turn\n|move|p1a: Zamazenta|Anchor Shot|p2a: Zamazenta\n|-resisted|p2a: Zamazenta\n|-damage|p2a: Zamazenta|90\/100\n|-activate|p2a: Zamazenta|trapped\n|\n|-heal|p2a: Zamazenta|96\/100|[from] item: Leftovers\n|-heal|p1a: Zamazenta|100\/100 par|[from] item: Leftovers\n|upkeep\n|turn|212\n|\n|t:|1664014982\n|move|p2a: Zamazenta|Anchor Shot|p1a: Zamazenta\n|-resisted|p1a: Zamazenta\n|-damage|p1a: Zamazenta|89\/100 par\n|-activate|p1a: Zamazenta|trapped\n|move|p1a: Zamazenta|Nuzzle|p2a: Zamazenta\n|-crit|p2a: Zamazenta\n|-damage|p2a: Zamazenta|90\/100\n|-status|p2a: Zamazenta|par\n|\n|-heal|p1a: Zamazenta|96\/100 par|[from] item: Leftovers\n|-heal|p2a: Zamazenta|96\/100 par|[from] item: Leftovers\n|upkeep\n|turn|213\n|\n|t:|1664014988\n|move|p1a: Zamazenta|Nuzzle|p2a: Zamazenta\n|-damage|p2a: Zamazenta|92\/100 par\n|move|p2a: Zamazenta|Entrainment|p1a: Zamazenta\n|-endability|p1a: Zamazenta|Ice Scales|[from] move: Entrainment\n|-ability|p1a: Zamazenta|Magic Bounce|[from] move: Entrainment\n|\n|-heal|p1a: Zamazenta|100\/100 par|[from] item: Leftovers\n|-heal|p2a: Zamazenta|98\/100 par|[from] item: Leftovers\n|upkeep\n|turn|214\n|\n|t:|1664014991\n|move|p2a: Zamazenta|Anchor Shot|p1a: Zamazenta\n|-resisted|p1a: Zamazenta\n|-damage|p1a: Zamazenta|89\/100 par\n|move|p1a: Zamazenta|Nuzzle|p2a: Zamazenta\n|-crit|p2a: Zamazenta\n|-damage|p2a: Zamazenta|92\/100 par\n|\n|-heal|p1a: Zamazenta|96\/100 par|[from] item: Leftovers\n|-heal|p2a: Zamazenta|98\/100 par|[from] item: Leftovers\n|upkeep\n|turn|215\n|\n|t:|1664014997\n|move|p1a: Zamazenta|Nuzzle|p2a: Zamazenta\n|-damage|p2a: Zamazenta|94\/100 par\n|move|p2a: Zamazenta|Topsy-Turvy|p1a: Zamazenta\n|move|p1a: Zamazenta|Topsy-Turvy||[from]ability: Magic Bounce|[still]\n|-fail|p1a: Zamazenta\n|\n|-heal|p2a: Zamazenta|100\/100 par|[from] item: Leftovers\n|-heal|p1a: Zamazenta|100\/100 par|[from] item: Leftovers\n|upkeep\n|turn|216\n|\n|t:|1664015008\n|move|p1a: Zamazenta|Nuzzle|p2a: Zamazenta\n|-damage|p2a: Zamazenta|97\/100 par\n|move|p2a: Zamazenta|Topsy-Turvy|p1a: Zamazenta\n|move|p1a: Zamazenta|Topsy-Turvy||[from]ability: Magic Bounce|[still]\n|-fail|p1a: Zamazenta\n|\n|-heal|p2a: Zamazenta|100\/100 par|[from] item: Leftovers\n|upkeep\n|turn|217\n|\n|t:|1664015010\n|move|p1a: Zamazenta|Nuzzle|p2a: Zamazenta\n|-damage|p2a: Zamazenta|96\/100 par\n|move|p2a: Zamazenta|Topsy-Turvy|p1a: Zamazenta\n|move|p1a: Zamazenta|Topsy-Turvy||[from]ability: Magic Bounce|[still]\n|-fail|p1a: Zamazenta\n|\n|-heal|p2a: Zamazenta|100\/100 par|[from] item: Leftovers\n|upkeep\n|turn|218\n|\n|t:|1664015013\n|move|p2a: Zamazenta|Topsy-Turvy|p1a: Zamazenta\n|move|p1a: Zamazenta|Topsy-Turvy||[from]ability: Magic Bounce|[still]\n|-fail|p1a: Zamazenta\n|cant|p1a: Zamazenta|par\n|\n|upkeep\n|turn|219\n|\n|t:|1664015017\n|move|p2a: Zamazenta|Topsy-Turvy|p1a: Zamazenta\n|move|p1a: Zamazenta|Topsy-Turvy||[from]ability: Magic Bounce|[still]\n|-fail|p1a: Zamazenta\n|move|p1a: Zamazenta|Nuzzle|p2a: Zamazenta\n|-damage|p2a: Zamazenta|97\/100 par\n|\n|-heal|p2a: Zamazenta|100\/100 par|[from] item: Leftovers\n|upkeep\n|turn|220\n|\n|t:|1664015024\n|move|p2a: Zamazenta|Topsy-Turvy|p1a: Zamazenta\n|move|p1a: Zamazenta|Topsy-Turvy||[from]ability: Magic Bounce|[still]\n|-fail|p1a: Zamazenta\n|move|p1a: Zamazenta|Knock Off|p2a: Zamazenta\n|-resisted|p2a: Zamazenta\n|-damage|p2a: Zamazenta|91\/100 par\n|-enditem|p2a: Zamazenta|Leftovers|[from] move: Knock Off|[of] p1a: Zamazenta\n|\n|upkeep\n|turn|221\n|\n|t:|1664015029\n|cant|p1a: Zamazenta|par\n|cant|p2a: Zamazenta|par\n|\n|upkeep\n|turn|222\n|\n|t:|1664015032\n|move|p1a: Zamazenta|Knock Off|p2a: Zamazenta\n|-resisted|p2a: Zamazenta\n|-damage|p2a: Zamazenta|85\/100 par\n|cant|p2a: Zamazenta|par\n|\n|upkeep\n|turn|223\n|\n|t:|1664015034\n|move|p1a: Zamazenta|Nuzzle|p2a: Zamazenta\n|-damage|p2a: Zamazenta|81\/100 par\n|move|p2a: Zamazenta|Entrainment|p1a: Zamazenta\n|move|p1a: Zamazenta|Entrainment||[from]ability: Magic Bounce|[still]\n|-fail|p1a: Zamazenta\n|\n|upkeep\n|turn|224\n|\n|t:|1664015037\n|cant|p1a: Zamazenta|par\n|cant|p2a: Zamazenta|par\n|\n|upkeep\n|turn|225\n|\n|t:|1664015039\n|move|p1a: Zamazenta|Nuzzle|p2a: Zamazenta\n|-damage|p2a: Zamazenta|78\/100 par\n|cant|p2a: Zamazenta|par\n|\n|upkeep\n|turn|226\n|\n|t:|1664015041\n|cant|p1a: Zamazenta|par\n|move|p2a: Zamazenta|Entrainment|p1a: Zamazenta\n|move|p1a: Zamazenta|Entrainment||[from]ability: Magic Bounce|[still]\n|-fail|p1a: Zamazenta\n|\n|upkeep\n|turn|227\n|\n|t:|1664015044\n|move|p1a: Zamazenta|Nuzzle|p2a: Zamazenta\n|-damage|p2a: Zamazenta|74\/100 par\n|cant|p2a: Zamazenta|par\n|\n|upkeep\n|turn|228\n|\n|t:|1664015046\n|move|p1a: Zamazenta|Nuzzle|p2a: Zamazenta\n|-damage|p2a: Zamazenta|70\/100 par\n|move|p2a: Zamazenta|Entrainment|p1a: Zamazenta\n|move|p1a: Zamazenta|Entrainment||[from]ability: Magic Bounce|[still]\n|-fail|p1a: Zamazenta\n|\n|upkeep\n|turn|229\n|\n|t:|1664015050\n|move|p2a: Zamazenta|Entrainment|p1a: Zamazenta\n|move|p1a: Zamazenta|Entrainment||[from]ability: Magic Bounce|[still]\n|-fail|p1a: Zamazenta\n|move|p1a: Zamazenta|Anchor Shot|p2a: Zamazenta\n|-resisted|p2a: Zamazenta\n|-damage|p2a: Zamazenta|59\/100 par\n|\n|upkeep\n|turn|230\n|\n|t:|1664015052\n|move|p2a: Zamazenta|Entrainment|p1a: Zamazenta\n|move|p1a: Zamazenta|Entrainment||[from]ability: Magic Bounce|[still]\n|-fail|p1a: Zamazenta\n|move|p1a: Zamazenta|Nuzzle|p2a: Zamazenta\n|-crit|p2a: Zamazenta\n|-damage|p2a: Zamazenta|53\/100 par\n|\n|upkeep\n|turn|231\n|\n|t:|1664015056\n|move|p1a: Zamazenta|Nuzzle|p2a: Zamazenta\n|-damage|p2a: Zamazenta|49\/100 par\n|cant|p2a: Zamazenta|par\n|\n|upkeep\n|turn|232\n|\n|t:|1664015063\n|move|p1a: Zamazenta|Nuzzle|p2a: Zamazenta\n|-damage|p2a: Zamazenta|45\/100 par\n|move|p2a: Zamazenta|Roost|p2a: Zamazenta\n|-heal|p2a: Zamazenta|95\/100 par\n|-singleturn|p2a: Zamazenta|move: Roost\n|\n|upkeep\n|turn|233\n|\n|t:|1664015066\n|move|p2a: Zamazenta|Topsy-Turvy|p1a: Zamazenta\n|move|p1a: Zamazenta|Topsy-Turvy||[from]ability: Magic Bounce|[still]\n|-fail|p1a: Zamazenta\n|move|p1a: Zamazenta|Anchor Shot|p2a: Zamazenta\n|-resisted|p2a: Zamazenta\n|-damage|p2a: Zamazenta|84\/100 par\n|\n|upkeep\n|turn|234\n|\n|t:|1664015072\n|move|p1a: Zamazenta|Anchor Shot|p2a: Zamazenta\n|-resisted|p2a: Zamazenta\n|-damage|p2a: Zamazenta|73\/100 par\n|cant|p2a: Zamazenta|par\n|\n|upkeep\n|turn|235\n|\n|t:|1664015075\n|move|p2a: Zamazenta|Topsy-Turvy|p1a: Zamazenta\n|move|p1a: Zamazenta|Topsy-Turvy||[from]ability: Magic Bounce|[still]\n|-fail|p1a: Zamazenta\n|move|p1a: Zamazenta|Anchor Shot|p2a: Zamazenta\n|-resisted|p2a: Zamazenta\n|-damage|p2a: Zamazenta|62\/100 par\n|\n|upkeep\n|turn|236\n|\n|t:|1664015080\n|move|p1a: Zamazenta|Knock Off|p2a: Zamazenta\n|-resisted|p2a: Zamazenta\n|-damage|p2a: Zamazenta|56\/100 par\n|move|p2a: Zamazenta|Anchor Shot|p1a: Zamazenta\n|-resisted|p1a: Zamazenta\n|-damage|p1a: Zamazenta|89\/100 par\n|\n|-heal|p1a: Zamazenta|95\/100 par|[from] item: Leftovers\n|upkeep\n|turn|237\n|\n|t:|1664015083\n|cant|p1a: Zamazenta|par\n|cant|p2a: Zamazenta|par\n|\n|-heal|p1a: Zamazenta|100\/100 par|[from] item: Leftovers\n|upkeep\n|turn|238\n|\n|t:|1664015089\n|move|p2a: Zamazenta|Topsy-Turvy|p1a: Zamazenta\n|move|p1a: Zamazenta|Topsy-Turvy||[from]ability: Magic Bounce|[still]\n|-fail|p1a: Zamazenta\n|move|p1a: Zamazenta|Shore Up|p1a: Zamazenta\n|-fail|p1a: Zamazenta|heal\n|\n|upkeep\n|turn|239\n|\n|t:|1664015092\n|move|p1a: Zamazenta|Shore Up|p1a: Zamazenta\n|-fail|p1a: Zamazenta|heal\n|move|p2a: Zamazenta|Topsy-Turvy|p1a: Zamazenta\n|move|p1a: Zamazenta|Topsy-Turvy||[from]ability: Magic Bounce|[still]\n|-fail|p1a: Zamazenta\n|\n|upkeep\n|turn|240\n|\n|t:|1664015094\n|cant|p2a: Zamazenta|par\n|move|p1a: Zamazenta|Anchor Shot|p2a: Zamazenta\n|-resisted|p2a: Zamazenta\n|-damage|p2a: Zamazenta|45\/100 par\n|\n|upkeep\n|turn|241\n|\n|t:|1664015099\n|move|p2a: Zamazenta|Roost|p2a: Zamazenta\n|-heal|p2a: Zamazenta|95\/100 par\n|-singleturn|p2a: Zamazenta|move: Roost\n|move|p1a: Zamazenta|Anchor Shot|p2a: Zamazenta\n|-resisted|p2a: Zamazenta\n|-damage|p2a: Zamazenta|82\/100 par\n|\n|upkeep\n|turn|242\n|\n|t:|1664015101\n|move|p1a: Zamazenta|Nuzzle|p2a: Zamazenta\n|-damage|p2a: Zamazenta|79\/100 par\n|move|p2a: Zamazenta|Anchor Shot|p1a: Zamazenta\n|-resisted|p1a: Zamazenta\n|-damage|p1a: Zamazenta|89\/100 par\n|\n|-heal|p1a: Zamazenta|96\/100 par|[from] item: Leftovers\n|upkeep\n|turn|243\n|\n|t:|1664015103\n|move|p1a: Zamazenta|Knock Off|p2a: Zamazenta\n|-resisted|p2a: Zamazenta\n|-damage|p2a: Zamazenta|72\/100 par\n|move|p2a: Zamazenta|Anchor Shot|p1a: Zamazenta\n|-resisted|p1a: Zamazenta\n|-damage|p1a: Zamazenta|85\/100 par\n|\n|-heal|p1a: Zamazenta|91\/100 par|[from] item: Leftovers\n|upkeep\n|turn|244\n|\n|t:|1664015106\n|move|p1a: Zamazenta|Shore Up|p1a: Zamazenta\n|-heal|p1a: Zamazenta|100\/100 par\n|cant|p2a: Zamazenta|par\n|\n|upkeep\n|turn|245\n|\n|t:|1664015109\n|cant|p1a: Zamazenta|par\n|move|p2a: Zamazenta|Anchor Shot|p1a: Zamazenta\n|-resisted|p1a: Zamazenta\n|-damage|p1a: Zamazenta|89\/100 par\n|\n|-heal|p1a: Zamazenta|95\/100 par|[from] item: Leftovers\n|upkeep\n|turn|246\n|\n|t:|1664015116\n|cant|p2a: Zamazenta|par\n|move|p1a: Zamazenta|Knock Off|p2a: Zamazenta\n|-resisted|p2a: Zamazenta\n|-damage|p2a: Zamazenta|66\/100 par\n|\n|-heal|p1a: Zamazenta|100\/100 par|[from] item: Leftovers\n|upkeep\n|turn|247\n|\n|t:|1664015119\n|move|p2a: Zamazenta|Anchor Shot|p1a: Zamazenta\n|-resisted|p1a: Zamazenta\n|-damage|p1a: Zamazenta|89\/100 par\n|move|p1a: Zamazenta|Anchor Shot|p2a: Zamazenta\n|-resisted|p2a: Zamazenta\n|-damage|p2a: Zamazenta|56\/100 par\n|\n|-heal|p1a: Zamazenta|95\/100 par|[from] item: Leftovers\n|upkeep\n|turn|248\n|\n|t:|1664015121\n|move|p2a: Zamazenta|Anchor Shot|p1a: Zamazenta\n|-resisted|p1a: Zamazenta\n|-damage|p1a: Zamazenta|84\/100 par\n|move|p1a: Zamazenta|Nuzzle|p2a: Zamazenta\n|-damage|p2a: Zamazenta|52\/100 par\n|\n|-heal|p1a: Zamazenta|90\/100 par|[from] item: Leftovers\n|upkeep\n|turn|249\n|\n|t:|1664015123\n|move|p1a: Zamazenta|Nuzzle|p2a: Zamazenta\n|-damage|p2a: Zamazenta|48\/100 par\n|move|p2a: Zamazenta|Anchor Shot|p1a: Zamazenta\n|-resisted|p1a: Zamazenta\n|-damage|p1a: Zamazenta|79\/100 par\n|\n|-heal|p1a: Zamazenta|86\/100 par|[from] item: Leftovers\n|upkeep\n|turn|250\n|\n|t:|1664015126\n|move|p2a: Zamazenta|Roost|p2a: Zamazenta\n|-heal|p2a: Zamazenta|98\/100 par\n|-singleturn|p2a: Zamazenta|move: Roost\n|move|p1a: Zamazenta|Knock Off|p2a: Zamazenta\n|-resisted|p2a: Zamazenta\n|-damage|p2a: Zamazenta|93\/100 par\n|\n|-heal|p1a: Zamazenta|92\/100 par|[from] item: Leftovers\n|upkeep\n|turn|251\n|\n|t:|1664015130\n|move|p2a: Zamazenta|Topsy-Turvy|p1a: Zamazenta\n|move|p1a: Zamazenta|Topsy-Turvy||[from]ability: Magic Bounce|[still]\n|-fail|p1a: Zamazenta\n|move|p1a: Zamazenta|Anchor Shot|p2a: Zamazenta\n|-resisted|p2a: Zamazenta\n|-damage|p2a: Zamazenta|81\/100 par\n|\n|-heal|p1a: Zamazenta|98\/100 par|[from] item: Leftovers\n|upkeep\n|turn|252\n|\n|t:|1664015132\n|cant|p1a: Zamazenta|par\n|move|p2a: Zamazenta|Topsy-Turvy|p1a: Zamazenta\n|move|p1a: Zamazenta|Topsy-Turvy||[from]ability: Magic Bounce|[still]\n|-fail|p1a: Zamazenta\n|\n|-heal|p1a: Zamazenta|100\/100 par|[from] item: Leftovers\n|upkeep\n|turn|253\n|\n|t:|1664015135\n|move|p1a: Zamazenta|Nuzzle|p2a: Zamazenta\n|-crit|p2a: Zamazenta\n|-damage|p2a: Zamazenta|75\/100 par\n|move|p2a: Zamazenta|Topsy-Turvy|p1a: Zamazenta\n|move|p1a: Zamazenta|Topsy-Turvy||[from]ability: Magic Bounce|[still]\n|-fail|p1a: Zamazenta\n|\n|upkeep\n|turn|254\n|\n|t:|1664015141\n|move|p2a: Zamazenta|Topsy-Turvy|p1a: Zamazenta\n|move|p1a: Zamazenta|Topsy-Turvy||[from]ability: Magic Bounce|[still]\n|-fail|p1a: Zamazenta\n|move|p1a: Zamazenta|Nuzzle|p2a: Zamazenta\n|-damage|p2a: Zamazenta|71\/100 par\n|\n|upkeep\n|turn|255\n|\n|t:|1664015144\n|move|p1a: Zamazenta|Shore Up|p1a: Zamazenta\n|-fail|p1a: Zamazenta|heal\n|move|p2a: Zamazenta|Topsy-Turvy|p1a: Zamazenta\n|move|p1a: Zamazenta|Topsy-Turvy||[from]ability: Magic Bounce|[still]\n|-fail|p1a: Zamazenta\n|\n|upkeep\n|turn|256\n|\n|t:|1664015146\n|move|p1a: Zamazenta|Shore Up|p1a: Zamazenta\n|-fail|p1a: Zamazenta|heal\n|move|p2a: Zamazenta|Topsy-Turvy|p1a: Zamazenta\n|move|p1a: Zamazenta|Topsy-Turvy||[from]ability: Magic Bounce|[still]\n|-fail|p1a: Zamazenta\n|\n|upkeep\n|turn|257\n|j| Silver the Cake\n|\n|t:|1664015158\n|move|p2a: Zamazenta|Anchor Shot|p1a: Zamazenta\n|-resisted|p1a: Zamazenta\n|-damage|p1a: Zamazenta|90\/100 par\n|cant|p1a: Zamazenta|par\n|\n|-heal|p1a: Zamazenta|96\/100 par|[from] item: Leftovers\n|upkeep\n|turn|258\n|l| Silver the Cake\n|\n|t:|1664015162\n|move|p2a: Zamazenta|Topsy-Turvy|p1a: Zamazenta\n|move|p1a: Zamazenta|Topsy-Turvy||[from]ability: Magic Bounce|[still]\n|-fail|p1a: Zamazenta\n|move|p1a: Zamazenta|Knock Off|p2a: Zamazenta\n|-resisted|p2a: Zamazenta\n|-damage|p2a: Zamazenta|65\/100 par\n|\n|-heal|p1a: Zamazenta|100\/100 par|[from] item: Leftovers\n|upkeep\n|turn|259\n|\n|t:|1664015165\n|move|p2a: Zamazenta|Topsy-Turvy|p1a: Zamazenta\n|move|p1a: Zamazenta|Topsy-Turvy||[from]ability: Magic Bounce|[still]\n|-fail|p1a: Zamazenta\n|move|p1a: Zamazenta|Anchor Shot|p2a: Zamazenta\n|-resisted|p2a: Zamazenta\n|-damage|p2a: Zamazenta|53\/100 par\n|\n|upkeep\n|turn|260\n|\n|t:|1664015169\n|move|p2a: Zamazenta|Topsy-Turvy|p1a: Zamazenta\n|move|p1a: Zamazenta|Topsy-Turvy||[from]ability: Magic Bounce|[still]\n|-fail|p1a: Zamazenta\n|move|p1a: Zamazenta|Knock Off|p2a: Zamazenta\n|-resisted|p2a: Zamazenta\n|-damage|p2a: Zamazenta|47\/100 par\n|\n|upkeep\n|turn|261\n|\n|t:|1664015174\n|move|p2a: Zamazenta|Roost|p2a: Zamazenta\n|-heal|p2a: Zamazenta|97\/100 par\n|-singleturn|p2a: Zamazenta|move: Roost\n|move|p1a: Zamazenta|Knock Off|p2a: Zamazenta\n|-resisted|p2a: Zamazenta\n|-damage|p2a: Zamazenta|91\/100 par\n|\n|upkeep\n|turn|262\n|\n|t:|1664015179\n|move|p2a: Zamazenta|Entrainment|p1a: Zamazenta\n|move|p1a: Zamazenta|Entrainment||[from]ability: Magic Bounce|[still]\n|-fail|p1a: Zamazenta\n|move|p1a: Zamazenta|Shore Up|p1a: Zamazenta\n|-fail|p1a: Zamazenta|heal\n|\n|upkeep\n|turn|263\n|\n|t:|1664015181\n|move|p1a: Zamazenta|Shore Up|p1a: Zamazenta\n|-fail|p1a: Zamazenta|heal\n|move|p2a: Zamazenta|Entrainment|p1a: Zamazenta\n|move|p1a: Zamazenta|Entrainment||[from]ability: Magic Bounce|[still]\n|-fail|p1a: Zamazenta\n|\n|upkeep\n|turn|264\n|\n|t:|1664015182\n|move|p1a: Zamazenta|Nuzzle|p2a: Zamazenta\n|-damage|p2a: Zamazenta|87\/100 par\n|move|p2a: Zamazenta|Entrainment|p1a: Zamazenta\n|move|p1a: Zamazenta|Entrainment||[from]ability: Magic Bounce|[still]\n|-fail|p1a: Zamazenta\n|\n|upkeep\n|turn|265\n|\n|t:|1664015187\n|move|p1a: Zamazenta|Nuzzle|p2a: Zamazenta\n|-damage|p2a: Zamazenta|83\/100 par\n|move|p2a: Zamazenta|Entrainment|p1a: Zamazenta\n|move|p1a: Zamazenta|Entrainment||[from]ability: Magic Bounce|[still]\n|-fail|p1a: Zamazenta\n|\n|upkeep\n|turn|266\n|\n|t:|1664015189\n|move|p2a: Zamazenta|Entrainment|p1a: Zamazenta\n|move|p1a: Zamazenta|Entrainment||[from]ability: Magic Bounce|[still]\n|-fail|p1a: Zamazenta\n|move|p1a: Zamazenta|Anchor Shot|p2a: Zamazenta\n|-resisted|p2a: Zamazenta\n|-damage|p2a: Zamazenta|72\/100 par\n|\n|upkeep\n|turn|267\n|\n|t:|1664015192\n|move|p2a: Zamazenta|Roost|p2a: Zamazenta\n|-heal|p2a: Zamazenta|100\/100 par\n|-singleturn|p2a: Zamazenta|move: Roost\n|cant|p1a: Zamazenta|par\n|\n|upkeep\n|turn|268\n|\n|t:|1664015197\n|move|p1a: Zamazenta|Nuzzle|p2a: Zamazenta\n|-damage|p2a: Zamazenta|96\/100 par\n|move|p2a: Zamazenta|Entrainment|p1a: Zamazenta\n|move|p1a: Zamazenta|Entrainment||[from]ability: Magic Bounce|[still]\n|-fail|p1a: Zamazenta\n|\n|upkeep\n|turn|269\n|\n|t:|1664015200\n|move|p1a: Zamazenta|Nuzzle|p2a: Zamazenta\n|-damage|p2a: Zamazenta|93\/100 par\n|move|p2a: Zamazenta|Entrainment|p1a: Zamazenta\n|move|p1a: Zamazenta|Entrainment||[from]ability: Magic Bounce|[still]\n|-fail|p1a: Zamazenta\n|\n|upkeep\n|turn|270\n|\n|t:|1664015204\n|move|p1a: Zamazenta|Nuzzle|p2a: Zamazenta\n|-damage|p2a: Zamazenta|89\/100 par\n|cant|p2a: Zamazenta|par\n|\n|upkeep\n|turn|271\n|\n|t:|1664015207\n|move|p2a: Zamazenta|Topsy-Turvy|p1a: Zamazenta\n|move|p1a: Zamazenta|Topsy-Turvy||[from]ability: Magic Bounce|[still]\n|-fail|p1a: Zamazenta\n|move|p1a: Zamazenta|Nuzzle|p2a: Zamazenta\n|-damage|p2a: Zamazenta|85\/100 par\n|\n|upkeep\n|turn|272\n|\n|t:|1664015210\n|move|p2a: Zamazenta|Topsy-Turvy|p1a: Zamazenta\n|move|p1a: Zamazenta|Topsy-Turvy||[from]ability: Magic Bounce|[still]\n|-fail|p1a: Zamazenta\n|cant|p1a: Zamazenta|par\n|\n|upkeep\n|turn|273\n|\n|t:|1664015217\n|cant|p1a: Zamazenta|par\n|move|p2a: Zamazenta|Topsy-Turvy|p1a: Zamazenta\n|move|p1a: Zamazenta|Topsy-Turvy||[from]ability: Magic Bounce|[still]\n|-fail|p1a: Zamazenta\n|\n|upkeep\n|turn|274\n|\n|t:|1664015221\n|move|p2a: Zamazenta|Entrainment|p1a: Zamazenta\n|move|p1a: Zamazenta|Entrainment||[from]ability: Magic Bounce|[still]\n|-fail|p1a: Zamazenta\n|cant|p1a: Zamazenta|par\n|\n|upkeep\n|turn|275\n|inactive|Redflix has 270 seconds left.\n|\n|t:|1664015257\n|move|p1a: Zamazenta|Nuzzle|p2a: Zamazenta\n|-damage|p2a: Zamazenta|81\/100 par\n|cant|p2a: Zamazenta|par\n|\n|upkeep\n|turn|276\n|\n|t:|1664015262\n|move|p2a: Zamazenta|Anchor Shot|p1a: Zamazenta\n|-resisted|p1a: Zamazenta\n|-damage|p1a: Zamazenta|89\/100 par\n|move|p1a: Zamazenta|Anchor Shot|p2a: Zamazenta\n|-resisted|p2a: Zamazenta\n|-damage|p2a: Zamazenta|69\/100 par\n|\n|-heal|p1a: Zamazenta|95\/100 par|[from] item: Leftovers\n|upkeep\n|turn|277\n|\n|t:|1664015277\n|cant|p2a: Zamazenta|par\n|cant|p1a: Zamazenta|par\n|\n|-heal|p1a: Zamazenta|100\/100 par|[from] item: Leftovers\n|upkeep\n|turn|278\n|\n|t:|1664015281\n|move|p1a: Zamazenta|Knock Off|p2a: Zamazenta\n|-resisted|p2a: Zamazenta\n|-damage|p2a: Zamazenta|63\/100 par\n|cant|p2a: Zamazenta|par\n|\n|upkeep\n|turn|279\n|\n|t:|1664015285\n|move|p2a: Zamazenta|Anchor Shot|p1a: Zamazenta\n|-resisted|p1a: Zamazenta\n|-damage|p1a: Zamazenta|89\/100 par\n|move|p1a: Zamazenta|Anchor Shot|p2a: Zamazenta\n|-resisted|p2a: Zamazenta\n|-damage|p2a: Zamazenta|51\/100 par\n|\n|-heal|p1a: Zamazenta|95\/100 par|[from] item: Leftovers\n|upkeep\n|turn|280\n|\n|t:|1664015288\n|cant|p1a: Zamazenta|par\n|move|p2a: Zamazenta|Anchor Shot|p1a: Zamazenta\n|-resisted|p1a: Zamazenta\n|-damage|p1a: Zamazenta|83\/100 par\n|\n|-heal|p1a: Zamazenta|89\/100 par|[from] item: Leftovers\n|upkeep\n|turn|281\n|\n|t:|1664015293\n|move|p2a: Zamazenta|Anchor Shot|p1a: Zamazenta\n|-resisted|p1a: Zamazenta\n|-damage|p1a: Zamazenta|78\/100 par\n|move|p1a: Zamazenta|Shore Up|p1a: Zamazenta\n|-heal|p1a: Zamazenta|100\/100 par\n|\n|upkeep\n|turn|282\n|\n|t:|1664015300\n|move|p2a: Zamazenta|Topsy-Turvy|p1a: Zamazenta\n|move|p1a: Zamazenta|Topsy-Turvy||[from]ability: Magic Bounce|[still]\n|-fail|p1a: Zamazenta\n|move|p1a: Zamazenta|Shore Up|p1a: Zamazenta\n|-fail|p1a: Zamazenta|heal\n|\n|upkeep\n|turn|283\n|j| Frediii\n|\n|t:|1664015307\n|cant|p1a: Zamazenta|par\n|cant|p2a: Zamazenta|par\n|\n|upkeep\n|turn|284\n|\n|t:|1664015310\n|move|p1a: Zamazenta|Knock Off|p2a: Zamazenta\n|-resisted|p2a: Zamazenta\n|-damage|p2a: Zamazenta|46\/100 par\n|move|p2a: Zamazenta|Topsy-Turvy|p1a: Zamazenta\n|move|p1a: Zamazenta|Topsy-Turvy||[from]ability: Magic Bounce|[still]\n|-fail|p1a: Zamazenta\n|\n|upkeep\n|turn|285\n|\n|t:|1664015314\n|move|p2a: Zamazenta|Roost|p2a: Zamazenta\n|-heal|p2a: Zamazenta|96\/100 par\n|-singleturn|p2a: Zamazenta|move: Roost\n|move|p1a: Zamazenta|Anchor Shot|p2a: Zamazenta\n|-resisted|p2a: Zamazenta\n|-damage|p2a: Zamazenta|84\/100 par\n|\n|upkeep\n|turn|286\n|\n|t:|1664015318\n|move|p2a: Zamazenta|Anchor Shot|p1a: Zamazenta\n|-resisted|p1a: Zamazenta\n|-damage|p1a: Zamazenta|90\/100 par\n|move|p1a: Zamazenta|Knock Off|p2a: Zamazenta\n|-resisted|p2a: Zamazenta\n|-damage|p2a: Zamazenta|78\/100 par\n|\n|-heal|p1a: Zamazenta|96\/100 par|[from] item: Leftovers\n|upkeep\n|turn|287\n|\n|t:|1664015323\n|move|p2a: Zamazenta|Entrainment|p1a: Zamazenta\n|move|p1a: Zamazenta|Entrainment||[from]ability: Magic Bounce|[still]\n|-fail|p1a: Zamazenta\n|move|p1a: Zamazenta|Anchor Shot|p2a: Zamazenta\n|-resisted|p2a: Zamazenta\n|-damage|p2a: Zamazenta|67\/100 par\n|\n|-heal|p1a: Zamazenta|100\/100 par|[from] item: Leftovers\n|upkeep\n|turn|288\n|\n|t:|1664015327\n|cant|p1a: Zamazenta|par\n|move|p2a: Zamazenta|Topsy-Turvy|p1a: Zamazenta\n|move|p1a: Zamazenta|Topsy-Turvy||[from]ability: Magic Bounce|[still]\n|-fail|p1a: Zamazenta\n|\n|upkeep\n|turn|289\n|\n|t:|1664015330\n|cant|p2a: Zamazenta|par\n|move|p1a: Zamazenta|Knock Off|p2a: Zamazenta\n|-resisted|p2a: Zamazenta\n|-damage|p2a: Zamazenta|61\/100 par\n|\n|upkeep\n|turn|290\n|\n|t:|1664015333\n|move|p1a: Zamazenta|Knock Off|p2a: Zamazenta\n|-resisted|p2a: Zamazenta\n|-damage|p2a: Zamazenta|55\/100 par\n|move|p2a: Zamazenta|Anchor Shot|p1a: Zamazenta\n|-resisted|p1a: Zamazenta\n|-damage|p1a: Zamazenta|90\/100 par\n|\n|-heal|p1a: Zamazenta|96\/100 par|[from] item: Leftovers\n|upkeep\n|turn|291\n|\n|t:|1664015338\n|move|p1a: Zamazenta|Nuzzle|p2a: Zamazenta\n|-damage|p2a: Zamazenta|52\/100 par\n|move|p2a: Zamazenta|Roost|p2a: Zamazenta\n|-heal|p2a: Zamazenta|100\/100 par\n|-singleturn|p2a: Zamazenta|move: Roost\n|\n|-heal|p1a: Zamazenta|100\/100 par|[from] item: Leftovers\n|upkeep\n|turn|292\n|\n|t:|1664015343\n|cant|p1a: Zamazenta|par\n|move|p2a: Zamazenta|Entrainment|p1a: Zamazenta\n|move|p1a: Zamazenta|Entrainment||[from]ability: Magic Bounce|[still]\n|-fail|p1a: Zamazenta\n|\n|upkeep\n|turn|293\n|\n|t:|1664015345\n|move|p1a: Zamazenta|Shore Up|p1a: Zamazenta\n|-fail|p1a: Zamazenta|heal\n|cant|p2a: Zamazenta|par\n|\n|upkeep\n|turn|294\n|\n|t:|1664015350\n|move|p1a: Zamazenta|Shore Up|p1a: Zamazenta\n|-fail|p1a: Zamazenta|heal\n|cant|p2a: Zamazenta|par\n|\n|upkeep\n|turn|295\n|\n|t:|1664015353\n|move|p1a: Zamazenta|Shore Up|p1a: Zamazenta\n|-fail|p1a: Zamazenta|heal\n|cant|p2a: Zamazenta|par\n|\n|upkeep\n|turn|296\n|\n|t:|1664015357\n|move|p2a: Zamazenta|Anchor Shot|p1a: Zamazenta\n|-resisted|p1a: Zamazenta\n|-damage|p1a: Zamazenta|90\/100 par\n|move|p1a: Zamazenta|Shore Up|p1a: Zamazenta\n|-heal|p1a: Zamazenta|100\/100 par\n|\n|upkeep\n|turn|297\n|l| Frediii\n|\n|t:|1664015361\n|move|p1a: Zamazenta|Anchor Shot|p2a: Zamazenta\n|-resisted|p2a: Zamazenta\n|-crit|p2a: Zamazenta\n|-damage|p2a: Zamazenta|82\/100 par\n|move|p2a: Zamazenta|Roost|p2a: Zamazenta\n|-heal|p2a: Zamazenta|100\/100 par\n|-singleturn|p2a: Zamazenta|move: Roost\n|\n|upkeep\n|turn|298\n|\n|t:|1664015364\n|move|p1a: Zamazenta|Shore Up|p1a: Zamazenta\n|-fail|p1a: Zamazenta|heal\n|move|p2a: Zamazenta|Topsy-Turvy|p1a: Zamazenta\n|move|p1a: Zamazenta|Topsy-Turvy||[from]ability: Magic Bounce|[still]\n|-fail|p1a: Zamazenta\n|\n|upkeep\n|turn|299\n|\n|t:|1664015367\n|move|p2a: Zamazenta|Entrainment|p1a: Zamazenta\n|move|p1a: Zamazenta|Entrainment||[from]ability: Magic Bounce|[still]\n|-fail|p1a: Zamazenta\n|move|p1a: Zamazenta|Nuzzle|p2a: Zamazenta\n|-damage|p2a: Zamazenta|96\/100 par\n|\n|upkeep\n|turn|300\n|\n|t:|1664015373\n|move|p2a: Zamazenta|Anchor Shot|p1a: Zamazenta\n|-resisted|p1a: Zamazenta\n|-damage|p1a: Zamazenta|90\/100 par\n|move|p1a: Zamazenta|Nuzzle|p2a: Zamazenta\n|-damage|p2a: Zamazenta|92\/100 par\n|\n|-heal|p1a: Zamazenta|96\/100 par|[from] item: Leftovers\n|upkeep\n|turn|301\n|\n|t:|1664015376\n|move|p2a: Zamazenta|Roost|p2a: Zamazenta\n|-heal|p2a: Zamazenta|100\/100 par\n|-singleturn|p2a: Zamazenta|move: Roost\n|move|p1a: Zamazenta|Anchor Shot|p2a: Zamazenta\n|-resisted|p2a: Zamazenta\n|-damage|p2a: Zamazenta|89\/100 par\n|\n|-heal|p1a: Zamazenta|100\/100 par|[from] item: Leftovers\n|upkeep\n|turn|302\n|\n|t:|1664015381\n|move|p2a: Zamazenta|Topsy-Turvy|p1a: Zamazenta\n|move|p1a: Zamazenta|Topsy-Turvy||[from]ability: Magic Bounce|[still]\n|-fail|p1a: Zamazenta\n|cant|p1a: Zamazenta|par\n|\n|upkeep\n|turn|303\n|\n|t:|1664015382\n|move|p2a: Zamazenta|Anchor Shot|p1a: Zamazenta\n|-resisted|p1a: Zamazenta\n|-damage|p1a: Zamazenta|89\/100 par\n|cant|p1a: Zamazenta|par\n|\n|-heal|p1a: Zamazenta|95\/100 par|[from] item: Leftovers\n|upkeep\n|turn|304\n|\n|t:|1664015386\n|move|p1a: Zamazenta|Anchor Shot|p2a: Zamazenta\n|-resisted|p2a: Zamazenta\n|-damage|p2a: Zamazenta|78\/100 par\n|move|p2a: Zamazenta|Roost|p2a: Zamazenta\n|-heal|p2a: Zamazenta|100\/100 par\n|-singleturn|p2a: Zamazenta|move: Roost\n|\n|-heal|p1a: Zamazenta|100\/100 par|[from] item: Leftovers\n|upkeep\n|turn|305\n|\n|t:|1664015390\n|cant|p1a: Zamazenta|par\n|move|p2a: Zamazenta|Anchor Shot|p1a: Zamazenta\n|-resisted|p1a: Zamazenta\n|-damage|p1a: Zamazenta|90\/100 par\n|\n|-heal|p1a: Zamazenta|96\/100 par|[from] item: Leftovers\n|upkeep\n|turn|306\n|j| Frediii\n|\n|t:|1664015392\n|-activate|p1a: Zamazenta|move: Struggle\n|move|p1a: Zamazenta|Struggle|p2a: Zamazenta\n|-damage|p2a: Zamazenta|92\/100 par\n|-damage|p1a: Zamazenta|71\/100 par|[from] recoil\n|move|p2a: Zamazenta|Anchor Shot|p1a: Zamazenta\n|-resisted|p1a: Zamazenta\n|-crit|p1a: Zamazenta\n|-damage|p1a: Zamazenta|55\/100 par\n|\n|-heal|p1a: Zamazenta|61\/100 par|[from] item: Leftovers\n|upkeep\n|turn|307\n|\n|t:|1664015396\n|-activate|p1a: Zamazenta|move: Struggle\n|move|p1a: Zamazenta|Struggle|p2a: Zamazenta\n|-damage|p2a: Zamazenta|82\/100 par\n|-damage|p1a: Zamazenta|36\/100 par|[from] recoil\n|cant|p2a: Zamazenta|par\n|\n|-heal|p1a: Zamazenta|43\/100 par|[from] item: Leftovers\n|upkeep\n|turn|308\n|\n|t:|1664015399\n|cant|p1a: Zamazenta|par\n|move|p2a: Zamazenta|Roost|p2a: Zamazenta\n|-heal|p2a: Zamazenta|100\/100 par\n|-singleturn|p2a: Zamazenta|move: Roost\n|\n|-heal|p1a: Zamazenta|49\/100 par|[from] item: Leftovers\n|upkeep\n|turn|309\n|\n|t:|1664015403\n|-activate|p1a: Zamazenta|move: Struggle\n|move|p1a: Zamazenta|Struggle|p2a: Zamazenta\n|-damage|p2a: Zamazenta|92\/100 par\n|-damage|p1a: Zamazenta|24\/100 par|[from] recoil\n|cant|p2a: Zamazenta|par\n|\n|-heal|p1a: Zamazenta|30\/100 par|[from] item: Leftovers\n|upkeep\n|turn|310\n|l| Frediii\n|\n|t:|1664015407\n|move|p2a: Zamazenta|Entrainment|p1a: Zamazenta\n|move|p1a: Zamazenta|Entrainment||[from]ability: Magic Bounce|[still]\n|-fail|p1a: Zamazenta\n|-activate|p1a: Zamazenta|move: Struggle\n|move|p1a: Zamazenta|Struggle|p2a: Zamazenta\n|-damage|p2a: Zamazenta|83\/100 par\n|-damage|p1a: Zamazenta|5\/100 par|[from] recoil\n|\n|-heal|p1a: Zamazenta|11\/100 par|[from] item: Leftovers\n|upkeep\n|turn|311\n|\n|t:|1664015410\n|-activate|p1a: Zamazenta|move: Struggle\n|move|p1a: Zamazenta|Struggle|p2a: Zamazenta\n|-damage|p2a: Zamazenta|73\/100 par\n|-damage|p1a: Zamazenta|0 fnt|[from] recoil\n|faint|p1a: Zamazenta\n|move|p2a: Zamazenta|Entrainment|p1: Zamazenta|[notarget]\n|-fail|p2a: Zamazenta\n|\n|upkeep\n|\n|t:|1664015413\n|switch|p1a: Yveltal|Yveltal|18\/100 par\n|turn|312\n|\n|t:|1664015417\n|move|p2a: Zamazenta|Anchor Shot|p1a: Yveltal\n|-damage|p1a: Yveltal|0 fnt\n|faint|p1a: Yveltal\n|\n|upkeep\n|\n|t:|1664015424\n|switch|p1a: Chansey|Chansey, F|47\/100\n|-damage|p1a: Chansey|30\/100|[from] Spikes\n|-transform|p1a: Chansey|p2a: Zamazenta|[from] ability: Imposter\n|turn|313\n|\n|t:|1664015427\n|move|p1a: Chansey|Anchor Shot|p2a: Zamazenta\n|-resisted|p2a: Zamazenta\n|-damage|p2a: Zamazenta|63\/100 par\n|-activate|p2a: Zamazenta|trapped\n|move|p2a: Zamazenta|Anchor Shot|p1a: Chansey\n|-resisted|p1a: Chansey\n|-damage|p1a: Chansey|26\/100\n|-activate|p1a: Chansey|trapped\n|\n|upkeep\n|turn|314\n|\n|t:|1664015435\n|move|p1a: Chansey|Roost|p1a: Chansey\n|-heal|p1a: Chansey|76\/100\n|-singleturn|p1a: Chansey|move: Roost\n|move|p2a: Zamazenta|Roost|p2a: Zamazenta\n|-heal|p2a: Zamazenta|100\/100 par\n|-singleturn|p2a: Zamazenta|move: Roost\n|\n|upkeep\n|turn|315\n|\n|t:|1664015437\n|move|p1a: Chansey|Anchor Shot|p2a: Zamazenta\n|-resisted|p2a: Zamazenta\n|-damage|p2a: Zamazenta|90\/100 par\n|move|p2a: Zamazenta|Entrainment|p1a: Chansey\n|move|p1a: Chansey|Entrainment||[from]ability: Magic Bounce|[still]\n|-fail|p1a: Chansey\n|\n|upkeep\n|turn|316\n|\n|t:|1664015440\n|move|p1a: Chansey|Entrainment|p2a: Zamazenta\n|move|p2a: Zamazenta|Entrainment||[from]ability: Magic Bounce|[still]\n|-fail|p2a: Zamazenta\n|move|p2a: Zamazenta|Entrainment|p1a: Chansey\n|move|p1a: Chansey|Entrainment||[from]ability: Magic Bounce|[still]\n|-fail|p1a: Chansey\n|\n|upkeep\n|turn|317\n|\n|t:|1664015443\n|move|p1a: Chansey|Entrainment|p2a: Zamazenta\n|move|p2a: Zamazenta|Entrainment||[from]ability: Magic Bounce|[still]\n|-fail|p2a: Zamazenta\n|move|p2a: Zamazenta|Topsy-Turvy|p1a: Chansey\n|move|p1a: Chansey|Topsy-Turvy||[from]ability: Magic Bounce|[still]\n|-fail|p1a: Chansey\n|\n|upkeep\n|turn|318\n|\n|t:|1664015445\n|move|p1a: Chansey|Entrainment|p2a: Zamazenta\n|move|p2a: Zamazenta|Entrainment||[from]ability: Magic Bounce|[still]\n|-fail|p2a: Zamazenta\n|move|p2a: Zamazenta|Topsy-Turvy|p1a: Chansey\n|move|p1a: Chansey|Topsy-Turvy||[from]ability: Magic Bounce|[still]\n|-fail|p1a: Chansey\n|\n|upkeep\n|turn|319\n|\n|t:|1664015447\n|move|p1a: Chansey|Entrainment|p2a: Zamazenta\n|move|p2a: Zamazenta|Entrainment||[from]ability: Magic Bounce|[still]\n|-fail|p2a: Zamazenta\n|move|p2a: Zamazenta|Roost|p2a: Zamazenta\n|-heal|p2a: Zamazenta|100\/100 par\n|-singleturn|p2a: Zamazenta|move: Roost\n|\n|upkeep\n|turn|320\n|\n|t:|1664015450\n|move|p1a: Chansey|Entrainment|p2a: Zamazenta\n|move|p2a: Zamazenta|Entrainment||[from]ability: Magic Bounce|[still]\n|-fail|p2a: Zamazenta\n|move|p2a: Zamazenta|Anchor Shot|p1a: Chansey\n|-resisted|p1a: Chansey\n|-damage|p1a: Chansey|72\/100\n|\n|upkeep\n|turn|321\n|\n|t:|1664015453\n|move|p1a: Chansey|Anchor Shot|p2a: Zamazenta\n|-resisted|p2a: Zamazenta\n|-damage|p2a: Zamazenta|90\/100 par\n|move|p2a: Zamazenta|Anchor Shot|p1a: Chansey\n|-resisted|p1a: Chansey\n|-damage|p1a: Chansey|68\/100\n|\n|upkeep\n|turn|322\n|\n|t:|1664015455\n|move|p1a: Chansey|Anchor Shot|p2a: Zamazenta\n|-resisted|p2a: Zamazenta\n|-damage|p2a: Zamazenta|79\/100 par\n|move|p2a: Zamazenta|Roost|p2a: Zamazenta\n|-heal|p2a: Zamazenta|100\/100 par\n|-singleturn|p2a: Zamazenta|move: Roost\n|\n|upkeep\n|turn|323\n|\n|t:|1664015457\n|move|p1a: Chansey|Roost|p1a: Chansey\n|-heal|p1a: Chansey|100\/100\n|-singleturn|p1a: Chansey|move: Roost\n|cant|p2a: Zamazenta|par\n|\n|upkeep\n|turn|324\n|\n|t:|1664015461\n|move|p1a: Chansey|Topsy-Turvy|p2a: Zamazenta\n|move|p2a: Zamazenta|Topsy-Turvy||[from]ability: Magic Bounce|[still]\n|-fail|p2a: Zamazenta\n|-activate|p2a: Zamazenta|move: Struggle\n|move|p2a: Zamazenta|Struggle|p1a: Chansey\n|-damage|p1a: Chansey|97\/100\n|-damage|p2a: Zamazenta|75\/100 par|[from] recoil\n|\n|upkeep\n|turn|325\n|\n|t:|1664015467\n|move|p1a: Chansey|Anchor Shot|p2a: Zamazenta\n|-resisted|p2a: Zamazenta\n|-damage|p2a: Zamazenta|64\/100 par\n|cant|p2a: Zamazenta|par\n|\n|upkeep\n|turn|326\n|\n|t:|1664015470\n|move|p1a: Chansey|Topsy-Turvy|p2a: Zamazenta\n|move|p2a: Zamazenta|Topsy-Turvy||[from]ability: Magic Bounce|[still]\n|-fail|p2a: Zamazenta\n|cant|p2a: Zamazenta|par\n|\n|upkeep\n|turn|327\n|\n|t:|1664015472\n|move|p1a: Chansey|Topsy-Turvy|p2a: Zamazenta\n|move|p2a: Zamazenta|Topsy-Turvy||[from]ability: Magic Bounce|[still]\n|-fail|p2a: Zamazenta\n|-activate|p2a: Zamazenta|move: Struggle\n|move|p2a: Zamazenta|Struggle|p1a: Chansey\n|-damage|p1a: Chansey|93\/100\n|-damage|p2a: Zamazenta|39\/100 par|[from] recoil\n|\n|upkeep\n|turn|328\n|\n|t:|1664015478\n|move|p1a: Chansey|Topsy-Turvy|p2a: Zamazenta\n|move|p2a: Zamazenta|Topsy-Turvy||[from]ability: Magic Bounce|[still]\n|-fail|p2a: Zamazenta\n|-activate|p2a: Zamazenta|move: Struggle\n|move|p2a: Zamazenta|Struggle|p1a: Chansey\n|-damage|p1a: Chansey|90\/100\n|-damage|p2a: Zamazenta|14\/100 par|[from] recoil\n|\n|upkeep\n|turn|329\n|\n|t:|1664015480\n|move|p1a: Chansey|Topsy-Turvy|p2a: Zamazenta\n|move|p2a: Zamazenta|Topsy-Turvy||[from]ability: Magic Bounce|[still]\n|-fail|p2a: Zamazenta\n|-activate|p2a: Zamazenta|move: Struggle\n|move|p2a: Zamazenta|Struggle|p1a: Chansey\n|-damage|p1a: Chansey|86\/100\n|-damage|p2a: Zamazenta|0 fnt|[from] recoil\n|faint|p2a: Zamazenta\n|\n|upkeep\n|\n|t:|1664015482\n|switch|p2a: Regigigas|Regigigas|46\/100 tox\n|turn|330\n|\n|t:|1664015488\n|switch|p1a: Giratina|Giratina|11\/100 par\n|-damage|p1a: Giratina|0 fnt|[from] Spikes\n|faint|p1a: Giratina\n|move|p2a: Regigigas|Spikes|p1: Giratina\n|-sidestart|p1: Redflix|Spikes\n|\n|-heal|p2a: Regigigas|59\/100 tox|[from] ability: Poison Heal\n|upkeep\n|\n|t:|1664015490\n|switch|p1a: Xerneas|Xerneas|100\/100 tox\n|-damage|p1a: Xerneas|75\/100 tox|[from] Spikes\n|turn|331\n|\n|t:|1664015493\n|move|p2a: Regigigas|Facade|p1a: Xerneas\n|-damage|p1a: Xerneas|23\/100 tox\n|move|p1a: Xerneas|Strength Sap|p2a: Regigigas\n|-unboost|p2a: Regigigas|atk|1\n|-heal|p1a: Xerneas|100\/100 tox\n|\n|-heal|p2a: Regigigas|71\/100 tox|[from] ability: Poison Heal\n|upkeep\n|turn|332\n|\n|t:|1664015500\n|move|p2a: Regigigas|U-turn|p1a: Xerneas\n|-resisted|p1a: Xerneas\n|-damage|p1a: Xerneas|94\/100 tox\n|\n|t:|1664015501\n|switch|p2a: Chansey|Chansey, F|68\/100|[from]move: U-turn\n|-transform|p2a: Chansey|p1a: Xerneas|[from] ability: Imposter\n|move|p1a: Xerneas|Quiver Dance|p1a: Xerneas\n|-boost|p1a: Xerneas|spa|1\n|-boost|p1a: Xerneas|spd|1\n|-boost|p1a: Xerneas|spe|1\n|\n|-heal|p1a: Xerneas|100\/100 tox|[from] ability: Poison Heal\n|upkeep\n|turn|333\n|\n|t:|1664015505\n|switch|p2a: Regigigas|Regigigas|71\/100 tox\n|move|p1a: Xerneas|Thunder Cage|p2a: Regigigas\n|-damage|p2a: Regigigas|44\/100 tox\n|-activate|p2a: Regigigas|move: Thunder Cage|[of] p1a: Xerneas\n|\n|-heal|p2a: Regigigas|57\/100 tox|[from] ability: Poison Heal\n|-damage|p2a: Regigigas|44\/100 tox|[from] move: Thunder Cage|[partiallytrapped]\n|upkeep\n|turn|334\n|\n|t:|1664015512\n|move|p1a: Xerneas|Moonblast|p2a: Regigigas\n|-crit|p2a: Regigigas\n|-damage|p2a: Regigigas|0 fnt\n|faint|p2a: Regigigas\n|\n|upkeep\n|\n|t:|1664015515\n|switch|p2a: Chansey|Chansey, F|68\/100\n|-transform|p2a: Chansey|p1a: Xerneas|[from] ability: Imposter\n|turn|335\n|\n|t:|1664015518\n|move|p2a: Chansey|Quiver Dance|p2a: Chansey\n|-boost|p2a: Chansey|spa|1\n|-boost|p2a: Chansey|spd|1\n|-boost|p2a: Chansey|spe|1\n|move|p1a: Xerneas|Thunder Cage|p2a: Chansey|[miss]\n|-miss|p1a: Xerneas|p2a: Chansey\n|\n|upkeep\n|turn|336\n|\n|t:|1664015521\n|move|p2a: Chansey|Quiver Dance|p2a: Chansey\n|-boost|p2a: Chansey|spa|1\n|-boost|p2a: Chansey|spd|1\n|-boost|p2a: Chansey|spe|1\n|move|p1a: Xerneas|Quiver Dance|p1a: Xerneas\n|-boost|p1a: Xerneas|spa|1\n|-boost|p1a: Xerneas|spd|1\n|-boost|p1a: Xerneas|spe|1\n|\n|upkeep\n|turn|337\n|\n|t:|1664015523\n|move|p2a: Chansey|Quiver Dance|p2a: Chansey\n|-boost|p2a: Chansey|spa|1\n|-boost|p2a: Chansey|spd|1\n|-boost|p2a: Chansey|spe|1\n|move|p1a: Xerneas|Thunder Cage|p2a: Chansey\n|-damage|p2a: Chansey|60\/100\n|-activate|p2a: Chansey|move: Thunder Cage|[of] p1a: Xerneas\n|\n|-damage|p2a: Chansey|47\/100|[from] move: Thunder Cage|[partiallytrapped]\n|upkeep\n|turn|338\n|\n|t:|1664015525\n|move|p2a: Chansey|Quiver Dance|p2a: Chansey\n|-boost|p2a: Chansey|spa|1\n|-boost|p2a: Chansey|spd|1\n|-boost|p2a: Chansey|spe|1\n|move|p1a: Xerneas|Quiver Dance|p1a: Xerneas\n|-boost|p1a: Xerneas|spa|1\n|-boost|p1a: Xerneas|spd|1\n|-boost|p1a: Xerneas|spe|1\n|\n|-damage|p2a: Chansey|35\/100|[from] move: Thunder Cage|[partiallytrapped]\n|upkeep\n|turn|339\n|\n|t:|1664015534\n|move|p2a: Chansey|Moonblast|p1a: Xerneas\n|-damage|p1a: Xerneas|55\/100 tox\n|move|p1a: Xerneas|Quiver Dance|p1a: Xerneas\n|-boost|p1a: Xerneas|spa|1\n|-boost|p1a: Xerneas|spd|1\n|-boost|p1a: Xerneas|spe|1\n|\n|-heal|p1a: Xerneas|67\/100 tox|[from] ability: Poison Heal\n|-damage|p2a: Chansey|22\/100|[from] move: Thunder Cage|[partiallytrapped]\n|upkeep\n|turn|340\n|\n|t:|1664015538\n|move|p2a: Chansey|Strength Sap|p1a: Xerneas\n|-unboost|p1a: Xerneas|atk|1\n|-heal|p2a: Chansey|56\/100\n|move|p1a: Xerneas|Moonblast|p2a: Chansey\n|-damage|p2a: Chansey|39\/100\n|\n|-heal|p1a: Xerneas|80\/100 tox|[from] ability: Poison Heal\n|-damage|p2a: Chansey|27\/100|[from] move: Thunder Cage|[partiallytrapped]\n|upkeep\n|turn|341\n|\n|t:|1664015547\n|move|p2a: Chansey|Quiver Dance|p2a: Chansey\n|-boost|p2a: Chansey|spa|1\n|-boost|p2a: Chansey|spd|1\n|-boost|p2a: Chansey|spe|1\n|move|p1a: Xerneas|Moonblast|p2a: Chansey\n|-damage|p2a: Chansey|12\/100\n|\n|-heal|p1a: Xerneas|92\/100 tox|[from] ability: Poison Heal\n|-damage|p2a: Chansey|0 fnt|[from] move: Thunder Cage|[partiallytrapped]\n|faint|p2a: Chansey\n|\n|win|Redflix\n|upkeep\n|l|\u2606Jqlove\n|c|\u2606Redflix|ggs\n|l|\u2606Redflix\n|l| Asou&Chihiro\n|j|\u2606Redflix\n|player|p1|Redflix|erika\n|l|\u2606Redflix\n|player|p1|\n|j|\u2606Redflix\n|player|p1|Redflix|erika\n|l|\u2606Redflix\n|player|p1|\n","uploadtime":1664015577,"views":96,"p1id":"redflix","p2id":"jqlove","formatid":"gen8balancedhackmons","rating":0,"private":0,"password":null}