{"id":"gen8oublitz-1191451743","p1":"Mamapixel","p2":"ezwz","format":"gen8oublitz","log":"|inactive|Battle timer is ON: inactive players will automatically lose when time's up.\n|j|\u2606Mamapixel\n|j|\u2606ezwz\n|t:|1600810539\n|player|p1|Mamapixel|crasherwake|\n|player|p2|ezwz|youngster-gen4|\n|teamsize|p1|6\n|teamsize|p2|6\n|gametype|singles\n|gen|8\n|tier|[Gen 8] OU (Blitz)\n|rated|Tournament battle\n|clearpoke\n|poke|p1|Toxtricity, M|\n|poke|p1|Rillaboom, M|\n|poke|p1|Volcarona, M|\n|poke|p1|Primarina, M|\n|poke|p1|Urshifu-*, M|\n|poke|p1|Excadrill, M|\n|poke|p2|Excadrill, F|\n|poke|p2|Tangrowth, F|\n|poke|p2|Arcanine, M|\n|poke|p2|Dragapult, M|\n|poke|p2|Clefable, M|\n|poke|p2|Urshifu-*, M|\n|rule|Sleep Clause Mod: Limit one foe put to sleep\n|rule|Species Clause: Limit one of each Pok\u00e9mon\n|rule|OHKO Clause: OHKO moves are banned\n|rule|Evasion Moves Clause: Evasion moves are banned\n|rule|Endless Battle Clause: Forcing endless battles is banned\n|rule|HP Percentage Mod: HP is shown in percentages\n|rule|Dynamax Clause: You cannot dynamax\n|rule|Blitz: Super-fast timer\n|teampreview\n|j| Dyobawol\n|j| berunkasuteru \u262d\u26a2\n|j| cypherstest\n|inactive|ezwz has 30 seconds left.\n|j| schoolplays\n|j| WaterDrake\n|c|\u2606Mamapixel|gl\n|c|\u2606ezwz|u2\n|\n|t:|1600810557\n|start\n|switch|p1a: Impaler|Excadrill, M, shiny|100\/100\n|switch|p2a: Arcanine|Arcanine, M|100\/100\n|-ability|p1a: Impaler|Mold Breaker\n|-ability|p2a: Arcanine|Intimidate|boost\n|-unboost|p1a: Impaler|atk|1\n|turn|1\n|j|@cole\n|inactive|ezwz has 10 seconds left.\n|j|%Ox the Fox\n|\n|t:|1600810567\n|switch|p2a: Dragapult|Dragapult, M|100\/100\n|move|p1a: Impaler|Stealth Rock|p2a: Dragapult\n|-sidestart|p2: ezwz|move: Stealth Rock\n|\n|upkeep\n|turn|2\n|\n|t:|1600810570\n|move|p2a: Dragapult|Substitute|p2a: Dragapult\n|-start|p2a: Dragapult|Substitute\n|-damage|p2a: Dragapult|76\/100\n|move|p1a: Impaler|Toxic||[still]\n|-fail|p1a: Impaler\n|\n|-heal|p2a: Dragapult|82\/100|[from] item: Leftovers\n|upkeep\n|turn|3\n|j| Liongamer777\n|\n|t:|1600810572\n|move|p2a: Dragapult|Will-O-Wisp|p1a: Impaler\n|-status|p1a: Impaler|brn\n|move|p1a: Impaler|Earthquake|p2a: Dragapult\n|-activate|p2a: Dragapult|move: Substitute|[damage]\n|\n|-heal|p2a: Dragapult|88\/100|[from] item: Leftovers\n|-damage|p1a: Impaler|94\/100 brn|[from] brn\n|upkeep\n|turn|4\n|\n|t:|1600810576\n|move|p2a: Dragapult|Hex|p1a: Impaler\n|-damage|p1a: Impaler|21\/100 brn\n|move|p1a: Impaler|Earthquake|p2a: Dragapult\n|-end|p2a: Dragapult|Substitute\n|\n|-heal|p2a: Dragapult|94\/100|[from] item: Leftovers\n|-damage|p1a: Impaler|15\/100 brn|[from] brn\n|upkeep\n|turn|5\n|\n|t:|1600810580\n|move|p2a: Dragapult|Substitute|p2a: Dragapult\n|-start|p2a: Dragapult|Substitute\n|-damage|p2a: Dragapult|69\/100\n|move|p1a: Impaler|Earthquake|p2a: Dragapult\n|-activate|p2a: Dragapult|move: Substitute|[damage]\n|\n|-heal|p2a: Dragapult|75\/100|[from] item: Leftovers\n|-damage|p1a: Impaler|9\/100 brn|[from] brn\n|upkeep\n|turn|6\n|j| Atlhoe\n|\n|t:|1600810583\n|move|p2a: Dragapult|Hex|p1a: Impaler\n|-damage|p1a: Impaler|0 fnt\n|faint|p1a: Impaler\n|\n|-heal|p2a: Dragapult|81\/100|[from] item: Leftovers\n|upkeep\n|\n|t:|1600810586\n|switch|p1a: Celestine|Primarina, M|100\/100\n|turn|7\n|\n|t:|1600810589\n|move|p2a: Dragapult|Will-O-Wisp|p1a: Celestine\n|-status|p1a: Celestine|brn\n|move|p1a: Celestine|Calm Mind|p1a: Celestine\n|-boost|p1a: Celestine|spa|1\n|-boost|p1a: Celestine|spd|1\n|\n|-heal|p2a: Dragapult|87\/100|[from] item: Leftovers\n|-damage|p1a: Celestine|94\/100 brn|[from] brn\n|upkeep\n|turn|8\n|\n|t:|1600810593\n|move|p2a: Dragapult|Hex|p1a: Celestine\n|-damage|p1a: Celestine|66\/100 brn\n|move|p1a: Celestine|Calm Mind|p1a: Celestine\n|-boost|p1a: Celestine|spa|1\n|-boost|p1a: Celestine|spd|1\n|\n|-heal|p2a: Dragapult|93\/100|[from] item: Leftovers\n|-heal|p1a: Celestine|72\/100 brn|[from] item: Leftovers\n|-damage|p1a: Celestine|66\/100 brn|[from] brn\n|upkeep\n|turn|9\n|inactive|ezwz has 10 seconds left.\n|inactive|ezwz has 5 seconds left.\n|\n|t:|1600810603\n|move|p2a: Dragapult|Hex|p1a: Celestine\n|-damage|p1a: Celestine|43\/100 brn\n|move|p1a: Celestine|Draining Kiss|p2a: Dragapult\n|-supereffective|p2a: Dragapult\n|-end|p2a: Dragapult|Substitute\n|-heal|p1a: Celestine|45\/100 brn|[from] drain|[of] p2a: Dragapult\n|\n|-heal|p2a: Dragapult|99\/100|[from] item: Leftovers\n|-heal|p1a: Celestine|51\/100 brn|[from] item: Leftovers\n|-damage|p1a: Celestine|45\/100 brn|[from] brn\n|upkeep\n|turn|10\n|inactive|ezwz has 10 seconds left this turn.\n|\n|t:|1600810607\n|switch|p2a: Excadrill|Excadrill, F|100\/100\n|-damage|p2a: Excadrill|97\/100|[from] Stealth Rock\n|-ability|p2a: Excadrill|Mold Breaker\n|move|p1a: Celestine|Draining Kiss|p2a: Excadrill\n|-resisted|p2a: Excadrill\n|-damage|p2a: Excadrill|82\/100\n|-heal|p1a: Celestine|58\/100 brn|[from] drain|[of] p2a: Excadrill\n|\n|-heal|p2a: Excadrill|88\/100|[from] item: Leftovers\n|-heal|p1a: Celestine|65\/100 brn|[from] item: Leftovers\n|-damage|p1a: Celestine|58\/100 brn|[from] brn\n|upkeep\n|turn|11\n|inactive|ezwz has 10 seconds left.\n|inactive|ezwz has 5 seconds left.\n|\n|t:|1600810621\n|move|p2a: Excadrill|Stealth Rock|p1a: Celestine\n|-sidestart|p1: Mamapixel|move: Stealth Rock\n|move|p1a: Celestine|Scald|p2a: Excadrill\n|-supereffective|p2a: Excadrill\n|-crit|p2a: Excadrill\n|-damage|p2a: Excadrill|0 fnt\n|faint|p2a: Excadrill\n|\n|-heal|p1a: Celestine|65\/100 brn|[from] item: Leftovers\n|-damage|p1a: Celestine|58\/100 brn|[from] brn\n|upkeep\n|inactive|ezwz has 10 seconds left this turn.\n|\n|t:|1600810623\n|switch|p2a: Urshifu|Urshifu, M|100\/100\n|-damage|p2a: Urshifu|94\/100|[from] Stealth Rock\n|turn|12\n|\n|t:|1600810626\n|move|p2a: Urshifu|Poison Jab|p1a: Celestine\n|-supereffective|p1a: Celestine\n|-damage|p1a: Celestine|0 fnt\n|faint|p1a: Celestine\n|\n|upkeep\n|\n|t:|1600810630\n|switch|p1a: Kyotaro|Toxtricity, M|100\/100\n|-damage|p1a: Kyotaro|88\/100|[from] Stealth Rock\n|turn|13\n|inactive|ezwz has 10 seconds left.\n|\n|t:|1600810639\n|move|p2a: Urshifu|Poison Jab|p1a: Kyotaro\n|-resisted|p1a: Kyotaro\n|-damage|p1a: Kyotaro|53\/100\n|move|p1a: Kyotaro|Shift Gear|p1a: Kyotaro\n|-boost|p1a: Kyotaro|spe|2\n|-boost|p1a: Kyotaro|atk|1\n|\n|upkeep\n|turn|14\n|\n|t:|1600810641\n|switch|p2a: Dragapult|Dragapult, M|99\/100\n|-damage|p2a: Dragapult|86\/100|[from] Stealth Rock\n|move|p1a: Kyotaro|Boomburst|p2a: Dragapult\n|-immune|p2a: Dragapult\n|\n|-heal|p2a: Dragapult|92\/100|[from] item: Leftovers\n|upkeep\n|turn|15\n|\n|t:|1600810644\n|move|p1a: Kyotaro|Overdrive|p2a: Dragapult\n|-resisted|p2a: Dragapult\n|-damage|p2a: Dragapult|46\/100\n|-damage|p1a: Kyotaro|43\/100|[from] item: Life Orb\n|move|p2a: Dragapult|Dragon Darts|p1a: Kyotaro\n|-damage|p1a: Kyotaro|10\/100\n|-anim|p2a: Dragapult|Dragon Darts|p1a: Kyotaro\n|-damage|p1a: Kyotaro|0 fnt\n|faint|p1a: Kyotaro\n|\n|-heal|p2a: Dragapult|52\/100|[from] item: Leftovers\n|upkeep\n|\n|t:|1600810648\n|switch|p1a: Silhouette|Urshifu, M|100\/100\n|-damage|p1a: Silhouette|94\/100|[from] Stealth Rock\n|turn|16\n|inactive|ezwz has 10 seconds left.\n|inactive|ezwz has 5 seconds left.\n|\n|t:|1600810659\n|switch|p2a: Tangrowth|Tangrowth, F|100\/100\n|-damage|p2a: Tangrowth|88\/100|[from] Stealth Rock\n|move|p1a: Silhouette|Wicked Blow|p2a: Tangrowth\n|-crit|p2a: Tangrowth\n|-damage|p2a: Tangrowth|42\/100\n|-damage|p1a: Silhouette|78\/100|[from] item: Rocky Helmet|[of] p2a: Tangrowth\n|-damage|p1a: Silhouette|68\/100|[from] item: Life Orb\n|\n|upkeep\n|turn|17\n|inactive|ezwz has 10 seconds left this turn.\n|j| pitbullREALACCOUNT\n|inactive|ezwz has 5 seconds left.\n|\n|t:|1600810667\n|switch|p2a: Clefable|Clefable, M|100\/100\n|move|p1a: Silhouette|Wicked Blow|p2a: Clefable\n|-resisted|p2a: Clefable\n|-crit|p2a: Clefable\n|-damage|p2a: Clefable|60\/100\n|-damage|p1a: Silhouette|58\/100|[from] item: Life Orb\n|\n|-heal|p2a: Clefable|66\/100|[from] item: Leftovers\n|upkeep\n|turn|18\n|inactive|ezwz has 10 seconds left this turn.\n|inactive|ezwz has 5 seconds left.\n|\n|t:|1600810672\n|move|p1a: Silhouette|Poison Jab|p2a: Clefable\n|-supereffective|p2a: Clefable\n|-damage|p2a: Clefable|0 fnt\n|-damage|p1a: Silhouette|48\/100|[from] item: Life Orb\n|faint|p2a: Clefable\n|\n|upkeep\n|inactive|ezwz has 10 seconds left this turn.\n|\n|t:|1600810676\n|switch|p2a: Urshifu|Urshifu, M|94\/100\n|-damage|p2a: Urshifu|88\/100|[from] Stealth Rock\n|turn|19\n|inactive|Mamapixel has 10 seconds left.\n|inactive|ezwz has 10 seconds left.\n|\n|t:|1600810683\n|switch|p1a: Tama Tonga|Rillaboom, M|100\/100\n|-damage|p1a: Tama Tonga|88\/100|[from] Stealth Rock\n|-fieldstart|move: Grassy Terrain|[from] ability: Grassy Surge|[of] p1a: Tama Tonga\n|move|p2a: Urshifu|Close Combat|p1a: Tama Tonga\n|-damage|p1a: Tama Tonga|0 fnt\n|-unboost|p2a: Urshifu|def|1\n|-unboost|p2a: Urshifu|spd|1\n|faint|p1a: Tama Tonga\n|\n|-heal|p2a: Urshifu|94\/100|[from] Grassy Terrain\n|upkeep\n|\n|t:|1600810687\n|switch|p1a: Amaterasu|Volcarona, M, shiny|100\/100\n|turn|20\n|\n|t:|1600810689\n|switch|p2a: Arcanine|Arcanine, M|100\/100\n|-ability|p2a: Arcanine|Intimidate|boost\n|-unboost|p1a: Amaterasu|atk|1\n|move|p1a: Amaterasu|Quiver Dance|p1a: Amaterasu\n|-boost|p1a: Amaterasu|spa|1\n|-boost|p1a: Amaterasu|spd|1\n|-boost|p1a: Amaterasu|spe|1\n|\n|upkeep\n|turn|21\n|\n|t:|1600810693\n|move|p1a: Amaterasu|Quiver Dance|p1a: Amaterasu\n|-boost|p1a: Amaterasu|spa|1\n|-boost|p1a: Amaterasu|spd|1\n|-boost|p1a: Amaterasu|spe|1\n|move|p2a: Arcanine|Toxic|p1a: Amaterasu|[miss]\n|-miss|p2a: Arcanine|p1a: Amaterasu\n|\n|upkeep\n|turn|22\n|inactive|ezwz has 10 seconds left.\n|\n|t:|1600810701\n|switch|p2a: Urshifu|Urshifu, M|94\/100\n|-damage|p2a: Urshifu|88\/100|[from] Stealth Rock\n|move|p1a: Amaterasu|Safeguard|p1a: Amaterasu\n|-sidestart|p1: Mamapixel|Safeguard\n|\n|-heal|p2a: Urshifu|94\/100|[from] Grassy Terrain\n|upkeep\n|turn|23\n|\n|t:|1600810704\n|move|p1a: Amaterasu|Fiery Dance|p2a: Urshifu\n|-damage|p2a: Urshifu|0 fnt\n|-boost|p1a: Amaterasu|spa|1\n|faint|p2a: Urshifu\n|\n|-fieldend|move: Grassy Terrain\n|upkeep\n|inactive|ezwz has 10 seconds left.\n|j| justdudesbeingbros\n|inactive|ezwz has 5 seconds left.\n|c|\u2606ezwz|i forgot it was that set lol but that miss\n|\n|t:|1600810717\n|switch|p2a: Dragapult|Dragapult, M|52\/100\n|-damage|p2a: Dragapult|39\/100|[from] Stealth Rock\n|turn|24\n|inactive|ezwz has 10 seconds left this turn.\n|c|\u2606ezwz|gg\n|\n|t:|1600810720\n|move|p1a: Amaterasu|Fiery Dance|p2a: Dragapult\n|-resisted|p2a: Dragapult\n|-damage|p2a: Dragapult|0 fnt\n|-boost|p1a: Amaterasu|spa|1\n|faint|p2a: Dragapult\n|\n|upkeep\n|\n|t:|1600810722\n|switch|p2a: Arcanine|Arcanine, M|100\/100\n|-ability|p2a: Arcanine|Intimidate|boost\n|-unboost|p1a: Amaterasu|atk|1\n|turn|25\n|\n|t:|1600810724\n|move|p1a: Amaterasu|Quiver Dance|p1a: Amaterasu\n|-boost|p1a: Amaterasu|spa|1\n|-boost|p1a: Amaterasu|spd|1\n|-boost|p1a: Amaterasu|spe|1\n|move|p2a: Arcanine|Toxic|p1a: Amaterasu\n|-activate|p1a: Amaterasu|move: Safeguard\n|\n|upkeep\n|turn|26\n|l|@cole\n|-message|ezwz forfeited.\n|\n|win|Mamapixel\n","uploadtime":1600810727,"views":211,"p1id":"mamapixel","p2id":"ezwz","formatid":"gen8oublitz","rating":0,"private":0,"password":null}