{"id":"gen8nationaldexag-1069599320","p1":"wHoAt","p2":"yhdrslb","format":"gen8nationaldexag","log":"|j|\u2606wHoAt\n|j|\u2606yhdrslb\n|player|p1|wHoAt|depotagent|1373\n|player|p2|yhdrslb|30|1400\n|teamsize|p1|6\n|teamsize|p2|6\n|gametype|singles\n|gen|8\n|tier|[Gen 8] National Dex AG\n|rated|\n|clearpoke\n|poke|p1|Mewtwo|\n|poke|p1|Lugia|\n|poke|p1|Hydreigon, F|\n|poke|p1|Jirachi|\n|poke|p1|Whimsicott, M|\n|poke|p1|Corviknight, F|\n|poke|p2|Espeon, F|\n|poke|p2|Whimsicott, M|\n|poke|p2|Lugia|\n|poke|p2|Smeargle, M|\n|poke|p2|Rayquaza|\n|poke|p2|Giratina|\n|rule|HP Percentage Mod: HP is shown in percentages\n|rule|Endless Battle Clause: Forcing endless battles is banned\n|teampreview\n|\n|start\n|switch|p1a: Jirachi|Jirachi, shiny|100\/100\n|switch|p2a: Smeargle|Smeargle, M|100\/100\n|turn|1\n|\n|switch|p2a: Giratina|Giratina|100\/100\n|-ability|p2a: Giratina|Pressure\n|move|p1a: Jirachi|Iron Head|p2a: Giratina\n|-damage|p2a: Giratina|83\/100\n|\n|-heal|p2a: Giratina|89\/100|[from] item: Leftovers\n|upkeep\n|turn|2\n|\n|switch|p1a: Hydreigon|Hydreigon, F|100\/100\n|move|p2a: Giratina|Will-O-Wisp|p1a: Hydreigon|[miss]\n|-miss|p2a: Giratina|p1a: Hydreigon\n|\n|-heal|p2a: Giratina|96\/100|[from] item: Leftovers\n|upkeep\n|turn|3\n|\n|switch|p2a: Lugia|Lugia|100\/100\n|-start|p1a: Hydreigon|Dynamax\n|-heal|p1a: Hydreigon|100\/100|[silent]\n|move|p1a: Hydreigon|Max Darkness|p2a: Lugia\n|-supereffective|p2a: Lugia\n|-damage|p2a: Lugia|56\/100\n|-unboost|p2a: Lugia|spd|1\n|-damage|p1a: Hydreigon|96\/100|[from] item: Life Orb\n|\n|-heal|p2a: Lugia|62\/100|[from] item: Leftovers\n|upkeep\n|turn|4\n|\n|-start|p2a: Lugia|Dynamax\n|-heal|p2a: Lugia|62\/100|[silent]\n|move|p2a: Lugia|Max Guard|p2a: Lugia\n|-singleturn|p2a: Lugia|Max Guard\n|move|p1a: Hydreigon|Max Darkness|p2a: Lugia\n|-activate|p2a: Lugia|move: Max Guard\n|\n|-heal|p2a: Lugia|65\/100|[from] item: Leftovers\n|upkeep\n|turn|5\n|\n|move|p2a: Lugia|Max Guard||[still]\n|-fail|p2a: Lugia\n|move|p1a: Hydreigon|Max Darkness|p2a: Lugia\n|-supereffective|p2a: Lugia\n|-damage|p2a: Lugia|0 fnt\n|-damage|p1a: Hydreigon|91\/100|[from] item: Life Orb\n|faint|p2a: Lugia\n|\n|-end|p1a: Hydreigon|Dynamax\n|-heal|p1a: Hydreigon|91\/100|[silent]\n|upkeep\n|\n|switch|p2a: Smeargle|Smeargle, M|100\/100\n|turn|6\n|\n|move|p1a: Hydreigon|Dark Pulse|p2a: Smeargle\n|-enditem|p2a: Smeargle|Focus Sash\n|-damage|p2a: Smeargle|1\/100\n|-damage|p1a: Hydreigon|81\/100|[from] item: Life Orb\n|move|p2a: Smeargle|Nuzzle|p1a: Hydreigon\n|-resisted|p1a: Hydreigon\n|-damage|p1a: Hydreigon|80\/100\n|-status|p1a: Hydreigon|par\n|\n|-ability|p2a: Smeargle|Moody|boost\n|-boost|p2a: Smeargle|def|2\n|-unboost|p2a: Smeargle|spe|1\n|upkeep\n|turn|7\n|\n|move|p2a: Smeargle|Stealth Rock|p1a: Hydreigon\n|-sidestart|p1: wHoAt|move: Stealth Rock\n|move|p1a: Hydreigon|Flash Cannon|p2a: Smeargle\n|-damage|p2a: Smeargle|0 fnt\n|-damage|p1a: Hydreigon|70\/100 par|[from] item: Life Orb\n|faint|p2a: Smeargle\n|\n|upkeep\n|\n|switch|p2a: Espeon|Espeon, F|100\/100\n|turn|8\n|\n|move|p2a: Espeon|Trick|p1a: Hydreigon\n|-activate|p2a: Espeon|move: Trick|[of] p1a: Hydreigon\n|-item|p1a: Hydreigon|Choice Scarf|[from] move: Trick\n|-item|p2a: Espeon|Life Orb|[from] move: Trick\n|move|p1a: Hydreigon|Dark Pulse|p2a: Espeon\n|-supereffective|p2a: Espeon\n|-damage|p2a: Espeon|6\/100\n|\n|upkeep\n|turn|9\n|\n|move|p2a: Espeon|Reflect|p2a: Espeon\n|-sidestart|p2: yhdrslb|Reflect\n|move|p1a: Hydreigon|Dark Pulse|p2a: Espeon\n|-supereffective|p2a: Espeon\n|-damage|p2a: Espeon|0 fnt\n|faint|p2a: Espeon\n|\n|upkeep\n|\n|switch|p2a: Rayquaza|Rayquaza|100\/100\n|-ability|p2a: Rayquaza|Air Lock\n|turn|10\n|\n|detailschange|p2a: Rayquaza|Rayquaza-Mega\n|-mega|p2a: Rayquaza|Rayquaza|\n|-weather|DeltaStream|[from] ability: Delta Stream|[of] p2a: Rayquaza\n|move|p2a: Rayquaza|Dragon Dance|p2a: Rayquaza\n|-boost|p2a: Rayquaza|atk|1\n|-boost|p2a: Rayquaza|spe|1\n|move|p1a: Hydreigon|Dark Pulse|p2a: Rayquaza\n|-damage|p2a: Rayquaza|58\/100\n|\n|-weather|DeltaStream|[upkeep]\n|upkeep\n|turn|11\n|\n|move|p2a: Rayquaza|Extreme Speed|p1a: Hydreigon\n|-damage|p1a: Hydreigon|0 fnt\n|-damage|p2a: Rayquaza|48\/100|[from] item: Life Orb\n|faint|p1a: Hydreigon\n|\n|-weather|DeltaStream|[upkeep]\n|upkeep\n|\n|switch|p1a: Whimsicott|Whimsicott, M, shiny|100\/100\n|-damage|p1a: Whimsicott|88\/100|[from] Stealth Rock\n|turn|12\n|\n|move|p2a: Rayquaza|Extreme Speed|p1a: Whimsicott\n|-damage|p1a: Whimsicott|28\/100\n|-damage|p2a: Rayquaza|38\/100|[from] item: Life Orb\n|move|p1a: Whimsicott|Stun Spore|p2a: Rayquaza\n|-status|p2a: Rayquaza|par\n|\n|-weather|DeltaStream|[upkeep]\n|upkeep\n|turn|13\n|\n|move|p2a: Rayquaza|Extreme Speed|p1a: Whimsicott\n|-damage|p1a: Whimsicott|0 fnt\n|-damage|p2a: Rayquaza|28\/100 par|[from] item: Life Orb\n|faint|p1a: Whimsicott\n|\n|-weather|DeltaStream|[upkeep]\n|-sideend|p2: yhdrslb|Reflect\n|upkeep\n|\n|switch|p1a: Mewtwo|Mewtwo, shiny|100\/100\n|-damage|p1a: Mewtwo|88\/100|[from] Stealth Rock\n|-ability|p1a: Mewtwo|Pressure\n|turn|14\n|\n|detailschange|p1a: Mewtwo|Mewtwo-Mega-X, shiny\n|-mega|p1a: Mewtwo|Mewtwo|Mewtwonite X\n|move|p2a: Rayquaza|Extreme Speed|p1a: Mewtwo\n|-damage|p1a: Mewtwo|14\/100\n|-damage|p2a: Rayquaza|18\/100 par|[from] item: Life Orb\n|move|p1a: Mewtwo|Low Kick|p2a: Rayquaza\n|-resisted|p2a: Rayquaza\n|-damage|p2a: Rayquaza|0 fnt\n|faint|p2a: Rayquaza\n|-weather|none\n|\n|upkeep\n|\n|switch|p2a: Giratina|Giratina|96\/100\n|-ability|p2a: Giratina|Pressure\n|turn|15\n|\n|move|p1a: Mewtwo|Stone Edge|p2a: Giratina\n|-crit|p2a: Giratina\n|-damage|p2a: Giratina|62\/100\n|move|p2a: Giratina|Dragon Tail|p1a: Mewtwo\n|-damage|p1a: Mewtwo|0 fnt\n|faint|p1a: Mewtwo\n|\n|-heal|p2a: Giratina|69\/100|[from] item: Leftovers\n|upkeep\n|\n|switch|p1a: Lugia|Lugia, shiny|100\/100\n|-damage|p1a: Lugia|75\/100|[from] Stealth Rock\n|turn|16\n|\n|move|p1a: Lugia|Ice Beam|p2a: Giratina\n|-supereffective|p2a: Giratina\n|-damage|p2a: Giratina|49\/100\n|move|p2a: Giratina|Will-O-Wisp|p1a: Lugia\n|-status|p1a: Lugia|brn\n|\n|-heal|p2a: Giratina|55\/100|[from] item: Leftovers\n|-damage|p1a: Lugia|69\/100 brn|[from] brn\n|upkeep\n|turn|17\n|\n|move|p1a: Lugia|Ice Beam|p2a: Giratina\n|-supereffective|p2a: Giratina\n|-damage|p2a: Giratina|37\/100\n|move|p2a: Giratina|Rest|p2a: Giratina\n|-status|p2a: Giratina|slp|[from] move: Rest\n|-heal|p2a: Giratina|100\/100 slp|[silent]\n|\n|-damage|p1a: Lugia|63\/100 brn|[from] brn\n|upkeep\n|turn|18\n|\n|move|p1a: Lugia|Calm Mind|p1a: Lugia\n|-boost|p1a: Lugia|spa|1\n|-boost|p1a: Lugia|spd|1\n|cant|p2a: Giratina|slp\n|\n|-damage|p1a: Lugia|57\/100 brn|[from] brn\n|upkeep\n|turn|19\n|\n|move|p1a: Lugia|Calm Mind|p1a: Lugia\n|-boost|p1a: Lugia|spa|1\n|-boost|p1a: Lugia|spd|1\n|cant|p2a: Giratina|slp\n|move|p2a: Giratina|Sleep Talk|p2a: Giratina\n|move|p2a: Giratina|Will-O-Wisp|p1a: Lugia|[from]Sleep Talk|[miss]\n|-miss|p2a: Giratina|p1a: Lugia\n|\n|-damage|p1a: Lugia|50\/100 brn|[from] brn\n|upkeep\n|turn|20\n|\n|move|p1a: Lugia|Ice Beam|p2a: Giratina\n|-supereffective|p2a: Giratina\n|-damage|p2a: Giratina|65\/100 slp\n|-curestatus|p2a: Giratina|slp|[msg]\n|move|p2a: Giratina|Dragon Tail|p1a: Lugia\n|-damage|p1a: Lugia|39\/100 brn\n|drag|p1a: Jirachi|Jirachi, shiny|100\/100\n|-damage|p1a: Jirachi|94\/100|[from] Stealth Rock\n|\n|-heal|p2a: Giratina|71\/100|[from] item: Leftovers\n|upkeep\n|turn|21\n|\n|move|p1a: Jirachi|Iron Head|p2a: Giratina\n|-damage|p2a: Giratina|55\/100\n|cant|p2a: Giratina|flinch\n|\n|-heal|p2a: Giratina|61\/100|[from] item: Leftovers\n|upkeep\n|turn|22\n|\n|move|p1a: Jirachi|Iron Head|p2a: Giratina\n|-damage|p2a: Giratina|42\/100\n|cant|p2a: Giratina|flinch\n|\n|-heal|p2a: Giratina|49\/100|[from] item: Leftovers\n|upkeep\n|turn|23\n|\n|move|p1a: Jirachi|Iron Head|p2a: Giratina\n|-crit|p2a: Giratina\n|-damage|p2a: Giratina|21\/100\n|cant|p2a: Giratina|flinch\n|\n|-heal|p2a: Giratina|27\/100|[from] item: Leftovers\n|upkeep\n|turn|24\n|\n|move|p1a: Jirachi|Iron Head|p2a: Giratina\n|-damage|p2a: Giratina|9\/100\n|cant|p2a: Giratina|flinch\n|\n|-heal|p2a: Giratina|15\/100|[from] item: Leftovers\n|upkeep\n|turn|25\n|\n|switch|p2a: Whimsicott|Whimsicott, M|100\/100\n|move|p1a: Jirachi|Iron Head|p2a: Whimsicott\n|-supereffective|p2a: Whimsicott\n|-damage|p2a: Whimsicott|39\/100\n|\n|upkeep\n|turn|26\n|\n|move|p2a: Whimsicott|Switcheroo|p1a: Jirachi\n|-activate|p2a: Whimsicott|move: Trick|[of] p1a: Jirachi\n|-item|p1a: Jirachi|Lagging Tail|[from] move: Switcheroo\n|-item|p2a: Whimsicott|Choice Scarf|[from] move: Switcheroo\n|move|p1a: Jirachi|Iron Head|p2a: Whimsicott\n|-supereffective|p2a: Whimsicott\n|-damage|p2a: Whimsicott|0 fnt\n|faint|p2a: Whimsicott\n|\n|upkeep\n|\n|switch|p2a: Giratina|Giratina|15\/100\n|-ability|p2a: Giratina|Pressure\n|turn|27\n|\n|move|p2a: Giratina|Will-O-Wisp|p1a: Jirachi|[miss]\n|-miss|p2a: Giratina|p1a: Jirachi\n|move|p1a: Jirachi|Iron Head|p2a: Giratina\n|-damage|p2a: Giratina|0 fnt\n|faint|p2a: Giratina\n|\n|win|wHoAt\n|l|\u2606yhdrslb\n","uploadtime":1582731947,"views":4,"p1id":"whoat","p2id":"yhdrslb","formatid":"gen8nationaldexag","rating":0,"private":0,"password":null}