{"id":"gen8unratedrandombattle-1706974986","p1":"TheCaronte","p2":"PinkCheseGreenGoes","format":"gen8unratedrandombattle","log":"|j|\u2606TheCaronte\n|j|\u2606PinkCheseGreenGoes\n|t:|1668037985\n|gametype|singles\n|player|p1|TheCaronte|steven|\n|player|p2|PinkCheseGreenGoes|170|\n|teamsize|p1|6\n|teamsize|p2|6\n|gen|8\n|tier|[Gen 8] Unrated Random Battle\n|rule|Species Clause: Limit one of each Pok\u00e9mon\n|rule|HP Percentage Mod: HP is shown in percentages\n|rule|Sleep Clause Mod: Limit one foe put to sleep\n|\n|t:|1668037985\n|start\n|switch|p1a: Pyukumuku|Pyukumuku, L84, F|230\/230\n|switch|p2a: Lickilicky|Lickilicky, L86, F|329\/329\n|turn|1\n|\n|t:|1668037996\n|switch|p2a: Nidoking|Nidoking, L82, M|267\/267\n|move|p1a: Pyukumuku|Toxic|p2a: Nidoking\n|-immune|p2a: Nidoking\n|\n|upkeep\n|turn|2\n|\n|t:|1668038008\n|move|p2a: Nidoking|Substitute|p2a: Nidoking\n|-start|p2a: Nidoking|Substitute\n|-damage|p2a: Nidoking|201\/267\n|move|p1a: Pyukumuku|Mirror Coat||[still]\n|-fail|p1a: Pyukumuku\n|\n|upkeep\n|turn|3\n|\n|t:|1668038020\n|move|p2a: Nidoking|Sludge Wave|p1a: Pyukumuku\n|-damage|p1a: Pyukumuku|121\/230\n|move|p1a: Pyukumuku|Counter||[still]\n|-fail|p1a: Pyukumuku\n|\n|-heal|p1a: Pyukumuku|135\/230|[from] item: Leftovers\n|upkeep\n|turn|4\n|\n|t:|1668038026\n|move|p2a: Nidoking|Sludge Wave|p1a: Pyukumuku\n|-damage|p1a: Pyukumuku|21\/230\n|move|p1a: Pyukumuku|Mirror Coat|p2a: Nidoking\n|-end|p2a: Nidoking|Substitute\n|\n|-heal|p1a: Pyukumuku|35\/230|[from] item: Leftovers\n|upkeep\n|turn|5\n|\n|t:|1668038036\n|switch|p1a: Salazzle|Salazzle, L82, F|246\/246\n|move|p2a: Nidoking|Sludge Wave|p1a: Salazzle\n|-resisted|p1a: Salazzle\n|-damage|p1a: Salazzle|156\/246\n|\n|-heal|p1a: Salazzle|171\/246|[from] item: Black Sludge\n|upkeep\n|turn|6\n|\n|t:|1668038039\n|move|p1a: Salazzle|Toxic|p2a: Nidoking\n|-status|p2a: Nidoking|tox\n|move|p2a: Nidoking|Earth Power|p1a: Salazzle\n|-supereffective|p1a: Salazzle\n|-damage|p1a: Salazzle|0 fnt\n|faint|p1a: Salazzle\n|\n|-damage|p2a: Nidoking|185\/267 tox|[from] psn\n|upkeep\n|\n|t:|1668038047\n|switch|p1a: Dragonite|Dragonite, L75, M|260\/260\n|turn|7\n|\n|t:|1668038051\n|move|p2a: Nidoking|Ice Beam|p1a: Dragonite\n|-supereffective|p1a: Dragonite\n|-damage|p1a: Dragonite|68\/260\n|move|p1a: Dragonite|Dragon Dance|p1a: Dragonite\n|-boost|p1a: Dragonite|atk|1\n|-boost|p1a: Dragonite|spe|1\n|\n|-damage|p2a: Nidoking|153\/267 tox|[from] psn\n|upkeep\n|turn|8\n|\n|t:|1668038055\n|move|p1a: Dragonite|Earthquake|p2a: Nidoking\n|-supereffective|p2a: Nidoking\n|-damage|p2a: Nidoking|0 fnt\n|faint|p2a: Nidoking\n|\n|upkeep\n|\n|t:|1668038058\n|switch|p2a: Cloyster|Cloyster, L80, F|211\/211\n|turn|9\n|\n|t:|1668038069\n|move|p1a: Dragonite|Outrage|p2a: Cloyster\n|-damage|p2a: Cloyster|85\/211\n|move|p2a: Cloyster|Shell Smash|p2a: Cloyster\n|-unboost|p2a: Cloyster|def|1\n|-unboost|p2a: Cloyster|spd|1\n|-boost|p2a: Cloyster|atk|2\n|-boost|p2a: Cloyster|spa|2\n|-boost|p2a: Cloyster|spe|2\n|-enditem|p2a: Cloyster|White Herb\n|-clearnegativeboost|p2a: Cloyster|[silent]\n|\n|upkeep\n|turn|10\n|\n|t:|1668038072\n|move|p2a: Cloyster|Icicle Spear|p1a: Dragonite\n|-supereffective|p1a: Dragonite\n|-damage|p1a: Dragonite|0 fnt\n|faint|p1a: Dragonite\n|-hitcount|p1: Dragonite|1\n|\n|upkeep\n|\n|t:|1668038083\n|switch|p1a: Xerneas|Xerneas, L67|280\/280\n|-ability|p1a: Xerneas|Fairy Aura\n|turn|11\n|\n|t:|1668038087\n|move|p2a: Cloyster|Explosion|p1a: Xerneas\n|-damage|p1a: Xerneas|0 fnt\n|faint|p2a: Cloyster\n|faint|p1a: Xerneas\n|\n|upkeep\n|\n|t:|1668038101\n|switch|p1a: Pyukumuku|Pyukumuku, L84, F|35\/230\n|switch|p2a: Lickilicky|Lickilicky, L86, F|329\/329\n|turn|12\n|\n|t:|1668038108\n|move|p2a: Lickilicky|Body Slam|p1a: Pyukumuku\n|-damage|p1a: Pyukumuku|0 fnt\n|faint|p1a: Pyukumuku\n|\n|upkeep\n|\n|t:|1668038119\n|switch|p1a: Celebi|Celebi, L82|298\/298\n|turn|13\n|\n|t:|1668038123\n|move|p1a: Celebi|Nasty Plot|p1a: Celebi\n|-boost|p1a: Celebi|spa|2\n|move|p2a: Lickilicky|Body Slam|p1a: Celebi\n|-damage|p1a: Celebi|220\/298\n|\n|-heal|p1a: Celebi|238\/298|[from] item: Leftovers\n|upkeep\n|turn|14\n|\n|t:|1668038132\n|move|p1a: Celebi|Giga Drain|p2a: Lickilicky\n|-damage|p2a: Lickilicky|185\/329\n|-heal|p1a: Celebi|298\/298|[from] drain|[of] p2a: Lickilicky\n|move|p2a: Lickilicky|Body Slam|p1a: Celebi\n|-damage|p1a: Celebi|225\/298\n|-status|p1a: Celebi|par\n|\n|-heal|p2a: Lickilicky|205\/329|[from] item: Leftovers\n|-heal|p1a: Celebi|243\/298 par|[from] item: Leftovers\n|upkeep\n|turn|15\n|\n|t:|1668038138\n|move|p2a: Lickilicky|Wish|p2a: Lickilicky\n|move|p1a: Celebi|Psychic|p2a: Lickilicky\n|-damage|p2a: Lickilicky|33\/329\n|\n|-heal|p2a: Lickilicky|53\/329|[from] item: Leftovers\n|-heal|p1a: Celebi|261\/298 par|[from] item: Leftovers\n|upkeep\n|turn|16\n|\n|t:|1668038144\n|move|p2a: Lickilicky|Body Slam|p1a: Celebi\n|-damage|p1a: Celebi|176\/298 par\n|cant|p1a: Celebi|par\n|\n|-heal|p2a: Lickilicky|217\/329|[from] move: Wish|[wisher] Lickilicky\n|-heal|p2a: Lickilicky|237\/329|[from] item: Leftovers\n|-heal|p1a: Celebi|194\/298 par|[from] item: Leftovers\n|upkeep\n|turn|17\n|\n|t:|1668038150\n|move|p2a: Lickilicky|Body Slam|p1a: Celebi\n|-damage|p1a: Celebi|119\/298 par\n|cant|p1a: Celebi|par\n|\n|-heal|p2a: Lickilicky|257\/329|[from] item: Leftovers\n|-heal|p1a: Celebi|137\/298 par|[from] item: Leftovers\n|upkeep\n|turn|18\n|\n|t:|1668038156\n|move|p2a: Lickilicky|Body Slam|p1a: Celebi\n|-damage|p1a: Celebi|58\/298 par\n|cant|p1a: Celebi|par\n|\n|-heal|p2a: Lickilicky|277\/329|[from] item: Leftovers\n|-heal|p1a: Celebi|76\/298 par|[from] item: Leftovers\n|upkeep\n|turn|19\n|\n|t:|1668038160\n|move|p2a: Lickilicky|Body Slam|p1a: Celebi\n|-damage|p1a: Celebi|0 fnt\n|faint|p1a: Celebi\n|\n|-heal|p2a: Lickilicky|297\/329|[from] item: Leftovers\n|upkeep\n|c|\u2606TheCaronte|lol\n|\n|t:|1668038164\n|switch|p1a: Trevenant|Trevenant, L86, F|286\/286\n|turn|20\n|\n|t:|1668038168\n|move|p1a: Trevenant|Wood Hammer|p2a: Lickilicky\n|-damage|p2a: Lickilicky|83\/329\n|-damage|p1a: Trevenant|215\/286|[from] Recoil\n|move|p2a: Lickilicky|Wish|p2a: Lickilicky\n|\n|-heal|p2a: Lickilicky|103\/329|[from] item: Leftovers\n|upkeep\n|turn|21\n|\n|t:|1668038177\n|switch|p2a: Avalugg|Avalugg, L86, M|303\/303\n|move|p1a: Trevenant|Wood Hammer|p2a: Avalugg\n|-damage|p2a: Avalugg|185\/303\n|-damage|p1a: Trevenant|176\/286|[from] Recoil\n|\n|-heal|p2a: Avalugg|303\/303|[from] move: Wish|[wisher] Lickilicky\n|upkeep\n|turn|22\n|\n|t:|1668038188\n|-start|p1a: Trevenant|Dynamax|\n|-heal|p1a: Trevenant|352\/572|[silent]\n|move|p1a: Trevenant|Max Phantasm|p2a: Avalugg\n|-damage|p2a: Avalugg|218\/303\n|-unboost|p2a: Avalugg|def|1\n|move|p2a: Avalugg|Avalanche|p1a: Trevenant\n|-supereffective|p1a: Trevenant\n|-damage|p1a: Trevenant|26\/572\n|\n|-heal|p2a: Avalugg|236\/303|[from] item: Leftovers\n|upkeep\n|turn|23\n|\n|t:|1668038200\n|move|p1a: Trevenant|Max Rockfall|p2a: Avalugg\n|-supereffective|p2a: Avalugg\n|-damage|p2a: Avalugg|58\/303\n|-weather|Sandstorm\n|move|p2a: Avalugg|Avalanche|p1a: Trevenant\n|-supereffective|p1a: Trevenant\n|-damage|p1a: Trevenant|0 fnt\n|faint|p1a: Trevenant\n|\n|win|PinkCheseGreenGoes\n|l|\u2606TheCaronte\n","inputlog":">version 453a3ad56483cc6a5c08448f6577d394b68621b7\n>start {\"formatid\":\"gen8unratedrandombattle\",\"seed\":[10386,3262,18270,20675]}\n>player p1 {\"name\":\"TheCaronte\",\"avatar\":\"steven\",\"rating\":0,\"seed\":[18220,61707,48905,42474]}\n>player p2 {\"name\":\"PinkCheseGreenGoes\",\"avatar\":\"170\",\"rating\":0,\"seed\":[5986,49935,64168,25295]}\n>p1 move toxic\n>p2 switch 6\n>p1 move mirrorcoat\n>p2 move substitute\n>p1 move counter\n>p2 move sludgewave\n>p1 move mirrorcoat\n>p2 move sludgewave\n>p1 switch 2\n>p2 move sludgewave\n>p1 move toxic\n>p2 move earthpower\n>p1 switch 5\n>p1 move dragondance\n>p2 move icebeam\n>p1 move earthquake\n>p2 move icebeam\n>p2 switch 4\n>p1 move outrage\n>p2 move shellsmash\n>p1 move outrage\n>p2 move iciclespear\n>p1 switch 3\n>p1 move thunderbolt\n>p2 move explosion\n>p1 switch 2\n>p2 switch 6\n>p1 move recover\n>p2 move bodyslam\n>p1 switch 4\n>p1 move nastyplot\n>p2 move bodyslam\n>p1 move gigadrain\n>p2 move bodyslam\n>p1 move psychic\n>p2 move wish\n>p1 move psychic\n>p2 move bodyslam\n>p1 move gigadrain\n>p2 move bodyslam\n>p1 move gigadrain\n>p2 move bodyslam\n>p1 move gigadrain\n>p2 move bodyslam\n>chat \u2606TheCaronte|lol\n>p1 switch 6\n>p1 move woodhammer\n>p2 move wish\n>p1 move woodhammer\n>p2 switch 3\n>p1 move poltergeist dynamax\n>p2 move avalanche\n>p1 move rockslide dynamax\n>p2 move avalanche","uploadtime":1668038212,"views":3,"p1id":"thecaronte","p2id":"pinkchesegreengoes","formatid":"gen8unratedrandombattle","rating":0,"private":0,"password":null}