{"id":"gen8nationaldex-1594164276","p1":"Neil278","p2":"SirFresh","format":"gen8nationaldex","log":"|j|\u2606Neil278\n|j|\u2606SirFresh\n|t:|1654970141\n|gametype|singles\n|player|p1|Neil278|266|\n|player|p2|SirFresh|palmer|\n|teamsize|p1|6\n|teamsize|p2|6\n|gen|8\n|tier|[Gen 8] National Dex\n|rule|HP Percentage Mod: HP is shown in percentages\n|rule|Endless Battle Clause: Forcing endless battles is banned\n|rule|OHKO Clause: OHKO moves are banned\n|rule|Evasion Moves Clause: Evasion moves are banned\n|rule|Species Clause: Limit one of each Pok\u00e9mon\n|rule|Dynamax Clause: You cannot dynamax\n|rule|Sleep Clause Mod: Limit one foe put to sleep\n|clearpoke\n|poke|p1|Rotom-Wash|\n|poke|p1|Lopunny, M|\n|poke|p1|Gliscor, F|\n|poke|p1|Weavile, F|\n|poke|p1|Garchomp, M|\n|poke|p1|Staraptor, F|\n|poke|p2|Infernape, M|\n|poke|p2|Staraptor, M|\n|poke|p2|Gliscor, M|\n|poke|p2|Bronzong|\n|poke|p2|Manaphy|\n|poke|p2|Gallade, M|\n|teampreview\n|c|\u2606Neil278|GLHF!\n|\n|t:|1654970159\n|start\n|switch|p1a: Gliscor|Gliscor, F|100\/100\n|switch|p2a: Staraptor|Staraptor, M|100\/100\n|turn|1\n|\n|t:|1654970180\n|move|p2a: Staraptor|Double-Edge|p1a: Gliscor\n|-crit|p1a: Gliscor\n|-damage|p1a: Gliscor|24\/100\n|-damage|p2a: Staraptor|72\/100|[from] Recoil\n|move|p1a: Gliscor|Stealth Rock|p2a: Staraptor\n|-sidestart|p2: SirFresh|move: Stealth Rock\n|\n|-status|p1a: Gliscor|tox|[from] item: Toxic Orb\n|upkeep\n|turn|2\n|\n|t:|1654970189\n|switch|p1a: Garchomp|Garchomp, M|100\/100\n|move|p2a: Staraptor|Double-Edge|p1a: Garchomp\n|-damage|p1a: Garchomp|28\/100\n|-damage|p2a: Staraptor|60\/100|[from] ability: Rough Skin|[of] p1a: Garchomp\n|-damage|p2a: Staraptor|32\/100|[from] Recoil\n|\n|upkeep\n|turn|3\n|\n|t:|1654970200\n|switch|p2a: Gliscor|Gliscor, M|100\/100\n|-damage|p2a: Gliscor|88\/100|[from] Stealth Rock\n|move|p1a: Garchomp|Iron Head|p2a: Gliscor\n|-damage|p2a: Gliscor|72\/100\n|\n|-status|p2a: Gliscor|tox|[from] item: Toxic Orb\n|upkeep\n|turn|4\n|\n|t:|1654970213\n|switch|p1a: Rotom|Rotom-Wash|100\/100\n|move|p2a: Gliscor|Toxic|p1a: Rotom\n|-status|p1a: Rotom|tox\n|\n|-heal|p2a: Gliscor|84\/100 tox|[from] ability: Poison Heal\n|-damage|p1a: Rotom|94\/100 tox|[from] psn\n|upkeep\n|turn|5\n|\n|t:|1654970224\n|switch|p2a: Bronzong|Bronzong|100\/100\n|-damage|p2a: Bronzong|94\/100|[from] Stealth Rock\n|move|p1a: Rotom|Volt Switch|p2a: Bronzong\n|-damage|p2a: Bronzong|77\/100\n|\n|t:|1654970238\n|switch|p1a: Weavile|Weavile, F|100\/100|[from]move: Volt Switch\n|-ability|p1a: Weavile|Pressure\n|\n|upkeep\n|turn|6\n|\n|t:|1654970247\n|move|p1a: Weavile|Knock Off|p2a: Bronzong\n|-supereffective|p2a: Bronzong\n|-damage|p2a: Bronzong|0 fnt\n|-enditem|p2a: Bronzong|Light Clay|[from] move: Knock Off|[of] p1a: Weavile\n|faint|p2a: Bronzong\n|\n|upkeep\n|\n|t:|1654970251\n|switch|p2a: Infernape|Infernape, M|100\/100\n|-damage|p2a: Infernape|88\/100|[from] Stealth Rock\n|turn|7\n|\n|t:|1654970261\n|switch|p1a: Rotom|Rotom-Wash|94\/100 tox\n|move|p2a: Infernape|Close Combat|p1a: Rotom\n|-damage|p1a: Rotom|25\/100 tox\n|-unboost|p2a: Infernape|def|1\n|-unboost|p2a: Infernape|spd|1\n|\n|-heal|p1a: Rotom|31\/100 tox|[from] item: Leftovers\n|-damage|p1a: Rotom|25\/100 tox|[from] psn\n|upkeep\n|turn|8\n|\n|t:|1654970271\n|move|p2a: Infernape|Close Combat|p1a: Rotom\n|-damage|p1a: Rotom|0 fnt\n|-unboost|p2a: Infernape|def|1\n|-unboost|p2a: Infernape|spd|1\n|faint|p1a: Rotom\n|\n|upkeep\n|\n|t:|1654970277\n|switch|p1a: Garchomp|Garchomp, M|28\/100\n|turn|9\n|\n|t:|1654970282\n|switch|p2a: Gliscor|Gliscor, M|84\/100 tox\n|-damage|p2a: Gliscor|72\/100 tox|[from] Stealth Rock\n|move|p1a: Garchomp|Outrage|p2a: Gliscor\n|-crit|p2a: Gliscor\n|-damage|p2a: Gliscor|12\/100 tox\n|\n|-heal|p2a: Gliscor|24\/100 tox|[from] ability: Poison Heal\n|upkeep\n|turn|10\n|\n|t:|1654970293\n|move|p1a: Garchomp|Outrage|p2a: Gliscor|[from]lockedmove\n|-damage|p2a: Gliscor|0 fnt\n|faint|p2a: Gliscor\n|\n|upkeep\n|\n|t:|1654970302\n|switch|p2a: Infernape|Infernape, M|88\/100\n|-damage|p2a: Infernape|76\/100|[from] Stealth Rock\n|turn|11\n|\n|t:|1654970306\n|move|p2a: Infernape|Mach Punch|p1a: Garchomp\n|-damage|p1a: Garchomp|0 fnt\n|-damage|p2a: Infernape|64\/100|[from] ability: Rough Skin|[of] p1a: Garchomp\n|faint|p1a: Garchomp\n|\n|upkeep\n|\n|t:|1654970319\n|switch|p1a: Gliscor|Gliscor, F|24\/100 tox\n|turn|12\n|\n|t:|1654970324\n|switch|p2a: Manaphy|Manaphy|100\/100\n|-damage|p2a: Manaphy|88\/100|[from] Stealth Rock\n|move|p1a: Gliscor|Earthquake|p2a: Manaphy\n|-damage|p2a: Manaphy|55\/100\n|\n|-heal|p1a: Gliscor|36\/100 tox|[from] ability: Poison Heal\n|upkeep\n|turn|13\n|\n|t:|1654970335\n|move|p2a: Manaphy|Surf|p1a: Gliscor\n|-supereffective|p1a: Gliscor\n|-damage|p1a: Gliscor|0 fnt\n|faint|p1a: Gliscor\n|\n|upkeep\n|\n|t:|1654970343\n|switch|p1a: Lopunny|Lopunny, M|100\/100\n|turn|14\n|\n|t:|1654970357\n|detailschange|p1a: Lopunny|Lopunny-Mega, M\n|-mega|p1a: Lopunny|Lopunny|Lopunnite\n|move|p1a: Lopunny|Fake Out|p2a: Manaphy\n|-damage|p2a: Manaphy|37\/100\n|cant|p2a: Manaphy|flinch\n|\n|upkeep\n|turn|15\n|\n|t:|1654970362\n|move|p1a: Lopunny|Return|p2a: Manaphy\n|-damage|p2a: Manaphy|0 fnt\n|faint|p2a: Manaphy\n|\n|upkeep\n|\n|t:|1654970373\n|switch|p2a: Staraptor|Staraptor, M|32\/100\n|-damage|p2a: Staraptor|8\/100|[from] Stealth Rock\n|turn|16\n|\n|t:|1654970403\n|move|p2a: Staraptor|Close Combat|p1a: Lopunny\n|-supereffective|p1a: Lopunny\n|-damage|p1a: Lopunny|0 fnt\n|-unboost|p2a: Staraptor|def|1\n|-unboost|p2a: Staraptor|spd|1\n|faint|p1a: Lopunny\n|\n|upkeep\n|\n|t:|1654970409\n|switch|p1a: Weavile|Weavile, F|100\/100\n|-ability|p1a: Weavile|Pressure\n|turn|17\n|\n|t:|1654970415\n|move|p1a: Weavile|Ice Shard|p2a: Staraptor\n|-supereffective|p2a: Staraptor\n|-damage|p2a: Staraptor|0 fnt\n|faint|p2a: Staraptor\n|\n|upkeep\n|\n|t:|1654970417\n|switch|p2a: Gallade|Gallade, M|100\/100\n|-damage|p2a: Gallade|94\/100|[from] Stealth Rock\n|turn|18\n|\n|t:|1654970424\n|detailschange|p2a: Gallade|Gallade-Mega, M\n|-mega|p2a: Gallade|Gallade|Galladite\n|move|p2a: Gallade|Substitute|p2a: Gallade\n|-start|p2a: Gallade|Substitute\n|-damage|p2a: Gallade|69\/100\n|move|p1a: Weavile|Icicle Crash|p2a: Gallade|[miss]\n|-miss|p1a: Weavile|p2a: Gallade\n|\n|upkeep\n|turn|19\n|\n|t:|1654970432\n|move|p2a: Gallade|Bulk Up|p2a: Gallade\n|-boost|p2a: Gallade|atk|1\n|-boost|p2a: Gallade|def|1\n|move|p1a: Weavile|Knock Off|p2a: Gallade\n|-end|p2a: Gallade|Substitute\n|\n|upkeep\n|turn|20\n|\n|t:|1654970438\n|move|p2a: Gallade|Substitute|p2a: Gallade\n|-start|p2a: Gallade|Substitute\n|-damage|p2a: Gallade|45\/100\n|move|p1a: Weavile|Icicle Crash|p2a: Gallade\n|-end|p2a: Gallade|Substitute\n|\n|upkeep\n|turn|21\n|\n|t:|1654970447\n|move|p2a: Gallade|Bulk Up|p2a: Gallade\n|-boost|p2a: Gallade|atk|1\n|-boost|p2a: Gallade|def|1\n|move|p1a: Weavile|Icicle Crash|p2a: Gallade|[miss]\n|-miss|p1a: Weavile|p2a: Gallade\n|\n|upkeep\n|turn|22\n|c|\u2606Neil278|bruh\n|\n|t:|1654970458\n|move|p2a: Gallade|Drain Punch|p1a: Weavile\n|-supereffective|p1a: Weavile\n|-enditem|p1a: Weavile|Focus Sash\n|-damage|p1a: Weavile|1\/100\n|-heal|p2a: Gallade|95\/100|[from] drain|[of] p1a: Weavile\n|move|p1a: Weavile|Icicle Crash|p2a: Gallade\n|-damage|p2a: Gallade|67\/100\n|\n|upkeep\n|turn|23\n|\n|t:|1654970472\n|move|p2a: Gallade|Substitute|p2a: Gallade\n|-start|p2a: Gallade|Substitute\n|-damage|p2a: Gallade|42\/100\n|move|p1a: Weavile|Icicle Crash|p2a: Gallade\n|-end|p2a: Gallade|Substitute\n|\n|upkeep\n|turn|24\n|\n|t:|1654970478\n|move|p2a: Gallade|Drain Punch|p1a: Weavile\n|-supereffective|p1a: Weavile\n|-damage|p1a: Weavile|0 fnt\n|-heal|p2a: Gallade|43\/100|[from] drain|[of] p1a: Weavile\n|faint|p1a: Weavile\n|\n|upkeep\n|\n|t:|1654970483\n|switch|p1a: Staraptor|Staraptor, F|100\/100\n|turn|25\n|\n|t:|1654970492\n|move|p1a: Staraptor|Brave Bird|p2a: Gallade\n|-supereffective|p2a: Gallade\n|-damage|p2a: Gallade|0 fnt\n|faint|p2a: Gallade\n|-damage|p1a: Staraptor|88\/100|[from] Recoil\n|\n|upkeep\n|\n|t:|1654970496\n|switch|p2a: Infernape|Infernape, M|64\/100\n|-damage|p2a: Infernape|51\/100|[from] Stealth Rock\n|turn|26\n|\n|t:|1654970506\n|move|p2a: Infernape|Mach Punch|p1a: Staraptor\n|-crit|p1a: Staraptor\n|-damage|p1a: Staraptor|25\/100\n|move|p1a: Staraptor|Brave Bird|p2a: Infernape\n|-supereffective|p2a: Infernape\n|-damage|p2a: Infernape|0 fnt\n|faint|p2a: Infernape\n|-damage|p1a: Staraptor|10\/100|[from] Recoil\n|\n|win|Neil278\n|c|\u2606Neil278|GG!\n","uploadtime":1654970513,"views":7,"p1id":"neil278","p2id":"sirfresh","formatid":"gen8nationaldex","rating":0,"private":0,"password":null}