{"id":"gen8ou-1680331819","p1":"Raimei Hakkei","p2":"brettfavreinnocent","format":"gen8ou","log":"|j|\u2606Raimei Hakkei\n|j|\u2606brettfavreinnocent\n|t:|1665179904\n|gametype|singles\n|player|p1|Raimei Hakkei|170|1657\n|player|p2|brettfavreinnocent|aromalady|1681\n|teamsize|p1|6\n|teamsize|p2|6\n|gen|8\n|tier|[Gen 8] OU\n|rated|\n|rule|Sleep Clause Mod: Limit one foe put to sleep\n|rule|Species Clause: Limit one of each Pok\u00e9mon\n|rule|OHKO Clause: OHKO moves are banned\n|rule|Evasion Items Clause: Evasion items are banned\n|rule|Evasion Moves Clause: Evasion moves are banned\n|rule|Endless Battle Clause: Forcing endless battles is banned\n|rule|HP Percentage Mod: HP is shown in percentages\n|rule|Dynamax Clause: You cannot dynamax\n|clearpoke\n|poke|p1|Landorus-Therian, M|\n|poke|p1|Urshifu-*, M|\n|poke|p1|Dragonite, M|\n|poke|p1|Tyrantrum, M|\n|poke|p1|Aegislash, M|\n|poke|p1|Chansey, F|\n|poke|p2|Chandelure, F|\n|poke|p2|Blacephalon|\n|poke|p2|Tyranitar, F|\n|poke|p2|Zapdos|\n|poke|p2|Ferrothorn, F|\n|poke|p2|Nidoking, M|\n|teampreview\n|inactive|Battle timer is ON: inactive players will automatically lose when time's up. (requested by brettfavreinnocent)\n|inactive|Raimei Hakkei also wants the timer to be on.\n|\n|t:|1665179919\n|start\n|switch|p1a: Urshifu|Urshifu-Rapid-Strike, M|100\/100\n|switch|p2a: Nidoking|Nidoking, M|100\/100\n|turn|1\n|\n|t:|1665179922\n|switch|p2a: Ferrothorn|Ferrothorn, F|100\/100\n|move|p1a: Urshifu|Close Combat|p2a: Ferrothorn\n|-supereffective|p2a: Ferrothorn\n|-damage|p2a: Ferrothorn|0 fnt\n|-unboost|p1a: Urshifu|def|1\n|-unboost|p1a: Urshifu|spd|1\n|-damage|p1a: Urshifu|88\/100|[from] ability: Iron Barbs|[of] p2a: Ferrothorn\n|-damage|p1a: Urshifu|72\/100|[from] item: Rocky Helmet|[of] p2a: Ferrothorn\n|faint|p2a: Ferrothorn\n|\n|upkeep\n|\n|t:|1665179925\n|switch|p2a: Nidoking|Nidoking, M|100\/100\n|turn|2\n|\n|t:|1665179927\n|switch|p1a: Chansey|Chansey, F|100\/100\n|move|p2a: Nidoking|Superpower|p1a: Chansey\n|-supereffective|p1a: Chansey\n|-damage|p1a: Chansey|55\/100\n|-unboost|p2a: Nidoking|atk|1\n|-unboost|p2a: Nidoking|def|1\n|-damage|p2a: Nidoking|91\/100|[from] item: Life Orb\n|\n|upkeep\n|turn|3\n|\n|t:|1665179933\n|switch|p2a: Tyranitar|Tyranitar, F|100\/100\n|-weather|Sandstorm|[from] ability: Sand Stream|[of] p2a: Tyranitar\n|move|p1a: Chansey|Soft-Boiled|p1a: Chansey\n|-heal|p1a: Chansey|100\/100\n|\n|-weather|Sandstorm|[upkeep]\n|-damage|p1a: Chansey|94\/100|[from] Sandstorm\n|upkeep\n|turn|4\n|\n|t:|1665179939\n|switch|p2a: Zapdos|Zapdos|100\/100\n|switch|p1a: Landorus|Landorus-Therian, M|100\/100\n|-ability|p1a: Landorus|Intimidate|boost\n|-unboost|p2a: Zapdos|atk|1\n|\n|-weather|Sandstorm|[upkeep]\n|-damage|p2a: Zapdos|94\/100|[from] Sandstorm\n|upkeep\n|turn|5\n|\n|t:|1665179941\n|move|p1a: Landorus|Toxic|p2a: Zapdos\n|-status|p2a: Zapdos|tox\n|move|p2a: Zapdos|Hurricane|p1a: Landorus\n|-damage|p1a: Landorus|48\/100\n|\n|-weather|Sandstorm|[upkeep]\n|-damage|p2a: Zapdos|88\/100 tox|[from] Sandstorm\n|-damage|p2a: Zapdos|82\/100 tox|[from] psn\n|upkeep\n|turn|6\n|\n|t:|1665179962\n|move|p1a: Landorus|Stealth Rock|p2a: Zapdos\n|-sidestart|p2: brettfavreinnocent|move: Stealth Rock\n|move|p2a: Zapdos|Hurricane|p1a: Landorus|[miss]\n|-miss|p2a: Zapdos|p1a: Landorus\n|\n|-weather|Sandstorm|[upkeep]\n|-damage|p2a: Zapdos|75\/100 tox|[from] Sandstorm\n|-damage|p2a: Zapdos|63\/100 tox|[from] psn\n|upkeep\n|turn|7\n|\n|t:|1665179968\n|move|p1a: Landorus|Toxic|p2a: Zapdos\n|-fail|p2a: Zapdos|tox\n|move|p2a: Zapdos|Defog|p1a: Landorus\n|-unboost|p1a: Landorus|evasion|1\n|-sideend|p2: brettfavreinnocent|Stealth Rock|[from] move: Defog|[of] p2a: Zapdos\n|\n|-weather|none\n|-damage|p2a: Zapdos|44\/100 tox|[from] psn\n|upkeep\n|turn|8\n|\n|t:|1665179977\n|switch|p2a: Chandelure|Chandelure, F|100\/100\n|move|p1a: Landorus|Stealth Rock|p2a: Chandelure\n|-sidestart|p2: brettfavreinnocent|move: Stealth Rock\n|\n|upkeep\n|turn|9\n|\n|t:|1665179981\n|move|p1a: Landorus|Earth Power|p2a: Chandelure\n|-supereffective|p2a: Chandelure\n|-damage|p2a: Chandelure|4\/100\n|move|p2a: Chandelure|Overheat|p1a: Landorus\n|-damage|p1a: Landorus|0 fnt\n|-unboost|p2a: Chandelure|spa|2\n|faint|p1a: Landorus\n|\n|upkeep\n|\n|t:|1665179988\n|switch|p1a: Urshifu|Urshifu-Rapid-Strike, M|72\/100\n|turn|10\n|\n|t:|1665179991\n|switch|p2a: Zapdos|Zapdos|44\/100 tox\n|move|p1a: Urshifu|Surging Strikes|p2a: Zapdos\n|-crit|p2a: Zapdos\n|-damage|p2a: Zapdos|22\/100 tox\n|-status|p1a: Urshifu|par|[from] ability: Static|[of] p2a: Zapdos\n|-crit|p2a: Zapdos\n|-damage|p2a: Zapdos|0 fnt\n|faint|p2a: Zapdos\n|-hitcount|p2: Zapdos|2\n|\n|upkeep\n|\n|t:|1665180003\n|switch|p2a: Nidoking|Nidoking, M|91\/100\n|-damage|p2a: Nidoking|85\/100|[from] Stealth Rock\n|turn|11\n|\n|t:|1665180007\n|switch|p2a: Tyranitar|Tyranitar, F|100\/100\n|-damage|p2a: Tyranitar|88\/100|[from] Stealth Rock\n|-weather|Sandstorm|[from] ability: Sand Stream|[of] p2a: Tyranitar\n|switch|p1a: Chansey|Chansey, F|94\/100\n|\n|-weather|Sandstorm|[upkeep]\n|-damage|p1a: Chansey|88\/100|[from] Sandstorm\n|upkeep\n|turn|12\n|\n|t:|1665180012\n|switch|p1a: Tyrantrum|Tyrantrum, M|100\/100\n|move|p2a: Tyranitar|Crunch|p1a: Tyrantrum\n|-damage|p1a: Tyrantrum|32\/100\n|\n|-weather|Sandstorm|[upkeep]\n|upkeep\n|turn|13\n|\n|t:|1665180016\n|switch|p2a: Chandelure|Chandelure, F|4\/100\n|-damage|p2a: Chandelure|0 fnt|[from] Stealth Rock\n|faint|p2a: Chandelure\n|move|p1a: Tyrantrum|Head Smash|p2: Chandelure|[notarget]\n|-fail|p1a: Tyrantrum\n|\n|-weather|Sandstorm|[upkeep]\n|upkeep\n|\n|t:|1665180019\n|switch|p2a: Nidoking|Nidoking, M|85\/100\n|-damage|p2a: Nidoking|79\/100|[from] Stealth Rock\n|turn|14\n|\n|t:|1665180022\n|move|p2a: Nidoking|Earth Power|p1a: Tyrantrum\n|-supereffective|p1a: Tyrantrum\n|-damage|p1a: Tyrantrum|0 fnt\n|faint|p1a: Tyrantrum\n|\n|-weather|Sandstorm|[upkeep]\n|upkeep\n|\n|t:|1665180030\n|switch|p1a: Chansey|Chansey, F|88\/100\n|turn|15\n|\n|t:|1665180034\n|move|p2a: Nidoking|Superpower|p1a: Chansey\n|-supereffective|p1a: Chansey\n|-damage|p1a: Chansey|39\/100\n|-unboost|p2a: Nidoking|atk|1\n|-unboost|p2a: Nidoking|def|1\n|-damage|p2a: Nidoking|69\/100|[from] item: Life Orb\n|move|p1a: Chansey|Toxic|p2a: Nidoking\n|-immune|p2a: Nidoking\n|\n|-weather|none\n|upkeep\n|turn|16\n|\n|t:|1665180039\n|move|p2a: Nidoking|Superpower|p1a: Chansey\n|-supereffective|p1a: Chansey\n|-damage|p1a: Chansey|6\/100\n|-unboost|p2a: Nidoking|atk|1\n|-unboost|p2a: Nidoking|def|1\n|-damage|p2a: Nidoking|59\/100|[from] item: Life Orb\n|move|p1a: Chansey|Soft-Boiled|p1a: Chansey\n|-heal|p1a: Chansey|56\/100\n|\n|upkeep\n|turn|17\n|\n|t:|1665180042\n|switch|p2a: Tyranitar|Tyranitar, F|88\/100\n|-damage|p2a: Tyranitar|76\/100|[from] Stealth Rock\n|-weather|Sandstorm|[from] ability: Sand Stream|[of] p2a: Tyranitar\n|move|p1a: Chansey|Soft-Boiled|p1a: Chansey\n|-heal|p1a: Chansey|100\/100\n|\n|-weather|Sandstorm|[upkeep]\n|-damage|p1a: Chansey|94\/100|[from] Sandstorm\n|upkeep\n|turn|18\n|\n|t:|1665180046\n|switch|p1a: Dragonite|Dragonite, M|100\/100\n|move|p2a: Tyranitar|Crunch|p1a: Dragonite\n|-damage|p1a: Dragonite|59\/100\n|-unboost|p1a: Dragonite|def|1\n|\n|-weather|Sandstorm|[upkeep]\n|-damage|p1a: Dragonite|53\/100|[from] Sandstorm\n|upkeep\n|turn|19\n|\n|t:|1665180051\n|move|p1a: Dragonite|Earthquake|p2a: Tyranitar\n|-supereffective|p2a: Tyranitar\n|-damage|p2a: Tyranitar|13\/100\n|move|p2a: Tyranitar|Crunch|p1a: Dragonite\n|-damage|p1a: Dragonite|0 fnt\n|faint|p1a: Dragonite\n|\n|-weather|Sandstorm|[upkeep]\n|upkeep\n|\n|t:|1665180057\n|switch|p1a: Urshifu|Urshifu-Rapid-Strike, M|72\/100 par\n|turn|20\n|\n|t:|1665180067\n|cant|p1a: Urshifu|par\n|move|p2a: Tyranitar|Crunch|p1a: Urshifu\n|-resisted|p1a: Urshifu\n|-damage|p1a: Urshifu|39\/100 par\n|-unboost|p1a: Urshifu|def|1\n|\n|-weather|Sandstorm|[upkeep]\n|-damage|p1a: Urshifu|33\/100 par|[from] Sandstorm\n|upkeep\n|turn|21\n|\n|t:|1665180079\n|cant|p1a: Urshifu|par\n|move|p2a: Tyranitar|Crunch|p1a: Urshifu\n|-resisted|p1a: Urshifu\n|-damage|p1a: Urshifu|0 fnt\n|faint|p1a: Urshifu\n|\n|-weather|none\n|upkeep\n|c|\u2606Raimei Hakkei|utter vs\n|c|\u2606Raimei Hakkei|bs\n|\n|t:|1665180091\n|switch|p1a: Chansey|Chansey, F|94\/100\n|turn|22\n|\n|t:|1665180094\n|move|p2a: Tyranitar|Crunch|p1a: Chansey\n|-damage|p1a: Chansey|50\/100\n|move|p1a: Chansey|Seismic Toss|p2a: Tyranitar\n|-damage|p2a: Tyranitar|0 fnt\n|faint|p2a: Tyranitar\n|\n|upkeep\n|c|\u2606brettfavreinnocent|try bein better\n|\n|t:|1665180098\n|switch|p2a: Blacephalon|Blacephalon|100\/100\n|-damage|p2a: Blacephalon|76\/100|[from] Stealth Rock\n|turn|23\n|\n|t:|1665180102\n|move|p2a: Blacephalon|Trick|p1a: Chansey\n|-activate|p2a: Blacephalon|move: Trick|[of] p1a: Chansey\n|-item|p1a: Chansey|Choice Scarf|[from] move: Trick\n|-item|p2a: Blacephalon|Eviolite|[from] move: Trick\n|move|p1a: Chansey|Teleport|p1a: Chansey\n|\n|t:|1665180105\n|switch|p1a: Aegislash|Aegislash, M|100\/100|[from]move: Teleport\n|\n|upkeep\n|turn|24\n|\n|t:|1665180108\n|-formechange|p1a: Aegislash|Aegislash-Blade||[from] ability: Stance Change\n|move|p1a: Aegislash|Shadow Sneak|p2a: Blacephalon\n|-supereffective|p2a: Blacephalon\n|-damage|p2a: Blacephalon|0 fnt\n|faint|p2a: Blacephalon\n|\n|upkeep\n|\n|t:|1665180110\n|switch|p2a: Nidoking|Nidoking, M|59\/100\n|-damage|p2a: Nidoking|53\/100|[from] Stealth Rock\n|turn|25\n|\n|t:|1665180113\n|-formechange|p1a: Aegislash|Aegislash||[from] ability: Stance Change\n|move|p1a: Aegislash|King's Shield|p1a: Aegislash\n|-singleturn|p1a: Aegislash|Protect\n|move|p2a: Nidoking|Earth Power|p1a: Aegislash\n|-activate|p1a: Aegislash|move: Protect\n|\n|upkeep\n|turn|26\n|\n|t:|1665180117\n|-formechange|p1a: Aegislash|Aegislash-Blade||[from] ability: Stance Change\n|move|p1a: Aegislash|Shadow Sneak|p2a: Nidoking\n|-damage|p2a: Nidoking|15\/100\n|move|p2a: Nidoking|Earth Power|p1a: Aegislash\n|-supereffective|p1a: Aegislash\n|-damage|p1a: Aegislash|0 fnt\n|faint|p1a: Aegislash\n|\n|upkeep\n|\n|t:|1665180119\n|switch|p1a: Chansey|Chansey, F|50\/100\n|turn|27\n|\n|t:|1665180123\n|move|p2a: Nidoking|Superpower|p1a: Chansey\n|-supereffective|p1a: Chansey\n|-damage|p1a: Chansey|0 fnt\n|-unboost|p2a: Nidoking|atk|1\n|-unboost|p2a: Nidoking|def|1\n|faint|p1a: Chansey\n|-damage|p2a: Nidoking|5\/100|[from] item: Life Orb\n|\n|win|brettfavreinnocent\n|raw|Raimei Hakkei's rating: 1657 &rarr; <strong>1638<\/strong><br \/>(-19 for losing)\n|raw|brettfavreinnocent's rating: 1681 &rarr; <strong>1700<\/strong><br \/>(+19 for winning)\n|l|\u2606Raimei Hakkei\n||Ladder isn't responding, score probably updated but might not have (Request timeout).\n","uploadtime":1665180137,"views":13,"p1id":"raimeihakkei","p2id":"brettfavreinnocent","formatid":"gen8ou","rating":1638,"private":0,"password":null}