{"id":"gen8nationaldex-1652527686","p1":"alpha1jasperb","p2":"chansey and lulu","format":"gen8nationaldex","log":"|j|\u203dalpha1jasperb\n|j|\u2606chansey and lulu\n|t:|1661934169\n|gametype|singles\n|player|p1|alpha1jasperb|twins-gen4dp|1278\n|player|p2|chansey and lulu|hooligans|1430\n|teamsize|p1|6\n|teamsize|p2|6\n|gen|8\n|tier|[Gen 8] National Dex\n|rated|\n|rule|HP Percentage Mod: HP is shown in percentages\n|rule|Endless Battle Clause: Forcing endless battles is banned\n|rule|OHKO Clause: OHKO moves are banned\n|rule|Evasion Moves Clause: Evasion moves are banned\n|rule|Species Clause: Limit one of each Pok\u00e9mon\n|rule|Dynamax Clause: You cannot dynamax\n|rule|Sleep Clause Mod: Limit one foe put to sleep\n|clearpoke\n|poke|p1|Pyukumuku, M|\n|poke|p1|Blissey, F|\n|poke|p1|Toxapex, F|\n|poke|p1|Quagsire, M|\n|poke|p1|Clefable, F|\n|poke|p1|Shedinja|\n|poke|p2|Weavile, M|\n|poke|p2|Toxapex, M|\n|poke|p2|Heatran, F|\n|poke|p2|Gliscor, M|\n|poke|p2|Zapdos|\n|poke|p2|Lopunny, M|\n|teampreview\n|inactive|Battle timer is ON: inactive players will automatically lose when time's up. (requested by alpha1jasperb)\n|inactive|alpha1jasperb has 120 seconds left.\n|inactive|alpha1jasperb has 90 seconds left.\n|\n|t:|1661934258\n|start\n|switch|p1a: Pyukumuku|Pyukumuku, M|100\/100\n|switch|p2a: Weavile|Weavile, M|100\/100\n|-ability|p2a: Weavile|Pressure\n|turn|1\n|\n|t:|1661934266\n|move|p2a: Weavile|Knock Off|p1a: Pyukumuku\n|-damage|p1a: Pyukumuku|48\/100\n|-enditem|p1a: Pyukumuku|Leppa Berry|[from] move: Knock Off|[of] p2a: Weavile\n|move|p1a: Pyukumuku|Block|p2a: Weavile\n|-activate|p2a: Weavile|trapped\n|\n|upkeep\n|turn|2\n|\n|t:|1661934271\n|move|p2a: Weavile|Knock Off|p1a: Pyukumuku\n|-damage|p1a: Pyukumuku|14\/100\n|move|p1a: Pyukumuku|Recover|p1a: Pyukumuku\n|-heal|p1a: Pyukumuku|64\/100\n|\n|upkeep\n|turn|3\n|\n|t:|1661934277\n|move|p2a: Weavile|Knock Off|p1a: Pyukumuku\n|-damage|p1a: Pyukumuku|26\/100\n|move|p1a: Pyukumuku|Recover|p1a: Pyukumuku\n|-heal|p1a: Pyukumuku|76\/100\n|\n|upkeep\n|turn|4\n|\n|t:|1661934282\n|move|p2a: Weavile|Knock Off|p1a: Pyukumuku\n|-damage|p1a: Pyukumuku|40\/100\n|move|p1a: Pyukumuku|Rest|p1a: Pyukumuku\n|-status|p1a: Pyukumuku|slp|[from] move: Rest\n|-heal|p1a: Pyukumuku|100\/100 slp|[silent]\n|\n|upkeep\n|turn|5\n|\n|t:|1661934288\n|move|p2a: Weavile|Knock Off|p1a: Pyukumuku\n|-damage|p1a: Pyukumuku|64\/100 slp\n|cant|p1a: Pyukumuku|slp\n|\n|upkeep\n|turn|6\n|\n|t:|1661934294\n|move|p2a: Weavile|Knock Off|p1a: Pyukumuku\n|-damage|p1a: Pyukumuku|26\/100 slp\n|cant|p1a: Pyukumuku|slp\n|\n|upkeep\n|turn|7\n|\n|t:|1661934299\n|move|p2a: Weavile|Knock Off|p1a: Pyukumuku\n|-damage|p1a: Pyukumuku|0 fnt\n|faint|p1a: Pyukumuku\n|\n|upkeep\n|\n|t:|1661934305\n|switch|p1a: Quagsire|Quagsire, M|100\/100\n|turn|8\n|\n|t:|1661934310\n|move|p2a: Weavile|Knock Off|p1a: Quagsire\n|-damage|p1a: Quagsire|53\/100\n|-enditem|p1a: Quagsire|Leftovers|[from] move: Knock Off|[of] p2a: Weavile\n|move|p1a: Quagsire|Stockpile|p1a: Quagsire\n|-start|p1a: Quagsire|stockpile1\n|-boost|p1a: Quagsire|def|1\n|-boost|p1a: Quagsire|spd|1\n|\n|upkeep\n|turn|9\n|\n|t:|1661934320\n|switch|p2a: Toxapex|Toxapex, M|100\/100\n|move|p1a: Quagsire|Recover|p1a: Quagsire\n|-heal|p1a: Quagsire|100\/100\n|\n|upkeep\n|turn|10\n|\n|t:|1661934326\n|move|p2a: Toxapex|Toxic|p1a: Quagsire\n|-status|p1a: Quagsire|tox\n|move|p1a: Quagsire|Stockpile|p1a: Quagsire\n|-start|p1a: Quagsire|stockpile2\n|-boost|p1a: Quagsire|def|1\n|-boost|p1a: Quagsire|spd|1\n|\n|-damage|p1a: Quagsire|94\/100 tox|[from] psn\n|upkeep\n|turn|11\n|\n|t:|1661934336\n|move|p2a: Toxapex|Haze|p2a: Toxapex\n|-clearallboost\n|move|p1a: Quagsire|Scald|p2a: Toxapex\n|-resisted|p2a: Toxapex\n|-damage|p2a: Toxapex|94\/100\n|\n|-heal|p2a: Toxapex|99\/100|[from] item: Black Sludge\n|-damage|p1a: Quagsire|82\/100 tox|[from] psn\n|upkeep\n|turn|12\n|\n|t:|1661934345\n|switch|p2a: Gliscor|Gliscor, M|100\/100\n|switch|p1a: Blissey|Blissey, F|100\/100\n|\n|-status|p2a: Gliscor|tox|[from] item: Toxic Orb\n|upkeep\n|turn|13\n|\n|t:|1661934354\n|move|p2a: Gliscor|U-turn|p1a: Blissey\n|-damage|p1a: Blissey|88\/100\n|\n|t:|1661934357\n|switch|p2a: Heatran|Heatran, F|100\/100|[from]move: U-turn\n|move|p1a: Blissey|Block|p2a: Heatran\n|-activate|p2a: Heatran|trapped\n|\n|-heal|p1a: Blissey|94\/100|[from] item: Leftovers\n|upkeep\n|turn|14\n|\n|t:|1661934364\n|move|p2a: Heatran|Magma Storm|p1a: Blissey\n|-damage|p1a: Blissey|79\/100\n|-activate|p1a: Blissey|move: Magma Storm|[of] p2a: Heatran\n|move|p1a: Blissey|Defense Curl|p1a: Blissey\n|-boost|p1a: Blissey|def|1\n|\n|-heal|p1a: Blissey|85\/100|[from] item: Leftovers\n|-damage|p1a: Blissey|73\/100|[from] move: Magma Storm|[partiallytrapped]\n|upkeep\n|turn|15\n|inactive|alpha1jasperb has 120 seconds left.\n|inactive|alpha1jasperb has 90 seconds left.\n|\n|t:|1661934451\n|move|p2a: Heatran|Taunt|p1a: Blissey\n|-start|p1a: Blissey|move: Taunt\n|cant|p1a: Blissey|move: Taunt|Defense Curl\n|\n|-heal|p1a: Blissey|79\/100|[from] item: Leftovers\n|-damage|p1a: Blissey|66\/100|[from] move: Magma Storm|[partiallytrapped]\n|upkeep\n|turn|16\n|\n|t:|1661934462\n|move|p2a: Heatran|Stealth Rock|p1a: Blissey\n|-sidestart|p1: alpha1jasperb|move: Stealth Rock\n|-activate|p1a: Blissey|move: Struggle\n|move|p1a: Blissey|Struggle|p2a: Heatran\n|-damage|p2a: Heatran|99\/100\n|-damage|p1a: Blissey|41\/100|[from] recoil\n|\n|-heal|p2a: Heatran|100\/100|[from] item: Leftovers\n|-heal|p1a: Blissey|48\/100|[from] item: Leftovers\n|-damage|p1a: Blissey|35\/100|[from] move: Magma Storm|[partiallytrapped]\n|upkeep\n|turn|17\n|\n|t:|1661934473\n|move|p2a: Heatran|Earth Power|p1a: Blissey\n|-damage|p1a: Blissey|25\/100\n|-unboost|p1a: Blissey|spd|1\n|-activate|p1a: Blissey|move: Struggle\n|move|p1a: Blissey|Struggle|p2a: Heatran\n|-damage|p2a: Heatran|99\/100\n|-damage|p1a: Blissey|0 fnt|[from] recoil\n|faint|p1a: Blissey\n|\n|-heal|p2a: Heatran|100\/100|[from] item: Leftovers\n|upkeep\n|\n|t:|1661934478\n|switch|p1a: Quagsire|Quagsire, M|82\/100 tox\n|-damage|p1a: Quagsire|76\/100 tox|[from] Stealth Rock\n|turn|18\n|\n|t:|1661934487\n|switch|p2a: Gliscor|Gliscor, M|100\/100 tox\n|move|p1a: Quagsire|Scald|p2a: Gliscor\n|-supereffective|p2a: Gliscor\n|-damage|p2a: Gliscor|64\/100 tox\n|\n|-heal|p2a: Gliscor|77\/100 tox|[from] ability: Poison Heal\n|-damage|p1a: Quagsire|70\/100 tox|[from] psn\n|upkeep\n|turn|19\n|\n|t:|1661934497\n|move|p2a: Gliscor|Earthquake|p1a: Quagsire\n|-damage|p1a: Quagsire|46\/100 tox\n|move|p1a: Quagsire|Scald|p2a: Gliscor\n|-supereffective|p2a: Gliscor\n|-damage|p2a: Gliscor|39\/100 tox\n|\n|-heal|p2a: Gliscor|51\/100 tox|[from] ability: Poison Heal\n|-damage|p1a: Quagsire|33\/100 tox|[from] psn\n|upkeep\n|turn|20\n|\n|t:|1661934507\n|move|p2a: Gliscor|Earthquake|p1a: Quagsire\n|-damage|p1a: Quagsire|11\/100 tox\n|move|p1a: Quagsire|Scald|p2a: Gliscor\n|-supereffective|p2a: Gliscor\n|-damage|p2a: Gliscor|17\/100 tox\n|\n|-heal|p2a: Gliscor|29\/100 tox|[from] ability: Poison Heal\n|-damage|p1a: Quagsire|0 fnt|[from] psn\n|faint|p1a: Quagsire\n|upkeep\n|\n|t:|1661934512\n|switch|p1a: Clefable|Clefable, F|100\/100\n|-damage|p1a: Clefable|88\/100|[from] Stealth Rock\n|turn|21\n|inactive|alpha1jasperb has 90 seconds left.\n|\n|t:|1661934520\n|move|p2a: Gliscor|U-turn|p1a: Clefable\n|-resisted|p1a: Clefable\n|-damage|p1a: Clefable|82\/100\n|\n|t:|1661934523\n|switch|p2a: Toxapex|Toxapex, M|100\/100|[from]move: U-turn\n|move|p1a: Clefable|Rest|p1a: Clefable\n|-status|p1a: Clefable|slp|[from] move: Rest\n|-heal|p1a: Clefable|100\/100 slp|[silent]\n|\n|upkeep\n|turn|22\n|\n|t:|1661934531\n|switch|p1a: Shedinja|Shedinja|100\/100\n|move|p2a: Toxapex|Knock Off|p1a: Shedinja\n|-supereffective|p1a: Shedinja\n|-damage|p1a: Shedinja|0 fnt\n|-enditem|p1a: Shedinja|Heavy-Duty Boots|[from] move: Knock Off|[of] p2a: Toxapex\n|faint|p1a: Shedinja\n|\n|upkeep\n|\n|t:|1661934536\n|switch|p1a: Toxapex|Toxapex, F|100\/100\n|-damage|p1a: Toxapex|88\/100|[from] Stealth Rock\n|turn|23\n|\n|t:|1661934542\n|move|p2a: Toxapex|Knock Off|p1a: Toxapex\n|-damage|p1a: Toxapex|79\/100\n|-enditem|p1a: Toxapex|Black Sludge|[from] move: Knock Off|[of] p2a: Toxapex\n|move|p1a: Toxapex|Block|p2a: Toxapex\n|-activate|p2a: Toxapex|trapped\n|\n|upkeep\n|turn|24\n|\n|t:|1661934549\n|move|p1a: Toxapex|Stockpile|p1a: Toxapex\n|-start|p1a: Toxapex|stockpile1\n|-boost|p1a: Toxapex|def|1\n|-boost|p1a: Toxapex|spd|1\n|move|p2a: Toxapex|Haze|p2a: Toxapex\n|-clearallboost\n|\n|upkeep\n|turn|25\n|inactive|alpha1jasperb has 120 seconds left.\n|\n|t:|1661934556\n|move|p2a: Toxapex|Knock Off|p1a: Toxapex\n|-crit|p1a: Toxapex\n|-damage|p1a: Toxapex|70\/100\n|move|p1a: Toxapex|Stockpile|p1a: Toxapex\n|-start|p1a: Toxapex|stockpile2\n|-boost|p1a: Toxapex|def|1\n|-boost|p1a: Toxapex|spd|1\n|\n|upkeep\n|turn|26\n|\n|t:|1661934564\n|move|p2a: Toxapex|Knock Off|p1a: Toxapex\n|-damage|p1a: Toxapex|65\/100\n|move|p1a: Toxapex|Stockpile|p1a: Toxapex\n|-start|p1a: Toxapex|stockpile3\n|-boost|p1a: Toxapex|def|1\n|-boost|p1a: Toxapex|spd|1\n|\n|upkeep\n|turn|27\n|\n|t:|1661934570\n|move|p1a: Toxapex|Recover|p1a: Toxapex\n|-heal|p1a: Toxapex|100\/100\n|move|p2a: Toxapex|Knock Off|p1a: Toxapex\n|-damage|p1a: Toxapex|97\/100\n|\n|upkeep\n|turn|28\n|\n|t:|1661934576\n|move|p2a: Toxapex|Knock Off|p1a: Toxapex\n|-damage|p1a: Toxapex|94\/100\n|move|p1a: Toxapex|Stockpile||[still]\n|-fail|p1a: Toxapex\n|\n|upkeep\n|turn|29\n|\n|t:|1661934581\n|move|p1a: Toxapex|Stockpile||[still]\n|-fail|p1a: Toxapex\n|move|p2a: Toxapex|Knock Off|p1a: Toxapex\n|-damage|p1a: Toxapex|91\/100\n|\n|upkeep\n|turn|30\n|inactive|alpha1jasperb has 120 seconds left.\n|inactive|alpha1jasperb has 90 seconds left.\n|\n|t:|1661934667\n|move|p2a: Toxapex|Knock Off|p1a: Toxapex\n|-damage|p1a: Toxapex|88\/100\n|move|p1a: Toxapex|Stockpile||[still]\n|-fail|p1a: Toxapex\n|\n|upkeep\n|turn|31\n|\n|t:|1661934675\n|move|p2a: Toxapex|Haze|p2a: Toxapex\n|-clearallboost\n|move|p1a: Toxapex|Stockpile||[still]\n|-fail|p1a: Toxapex\n|\n|upkeep\n|turn|32\n|\n|t:|1661934680\n|move|p1a: Toxapex|Stockpile||[still]\n|-fail|p1a: Toxapex\n|move|p2a: Toxapex|Knock Off|p1a: Toxapex\n|-damage|p1a: Toxapex|81\/100\n|\n|upkeep\n|turn|33\n|\n|t:|1661934686\n|move|p1a: Toxapex|Stockpile||[still]\n|-fail|p1a: Toxapex\n|move|p2a: Toxapex|Knock Off|p1a: Toxapex\n|-damage|p1a: Toxapex|75\/100\n|\n|upkeep\n|turn|34\n|\n|t:|1661934691\n|move|p2a: Toxapex|Knock Off|p1a: Toxapex\n|-damage|p1a: Toxapex|69\/100\n|move|p1a: Toxapex|Stockpile||[still]\n|-fail|p1a: Toxapex\n|\n|upkeep\n|turn|35\n|\n|t:|1661934696\n|move|p2a: Toxapex|Knock Off|p1a: Toxapex\n|-damage|p1a: Toxapex|63\/100\n|move|p1a: Toxapex|Stockpile||[still]\n|-fail|p1a: Toxapex\n|\n|upkeep\n|turn|36\n|\n|t:|1661934701\n|move|p2a: Toxapex|Knock Off|p1a: Toxapex\n|-damage|p1a: Toxapex|56\/100\n|move|p1a: Toxapex|Recover|p1a: Toxapex\n|-heal|p1a: Toxapex|100\/100\n|\n|upkeep\n|turn|37\n|\n|t:|1661934707\n|move|p2a: Toxapex|Knock Off|p1a: Toxapex\n|-damage|p1a: Toxapex|95\/100\n|move|p1a: Toxapex|Stockpile||[still]\n|-fail|p1a: Toxapex\n|\n|upkeep\n|turn|38\n|inactive|alpha1jasperb has 120 seconds left.\n|\n|t:|1661934712\n|move|p1a: Toxapex|Stockpile||[still]\n|-fail|p1a: Toxapex\n|move|p2a: Toxapex|Knock Off|p1a: Toxapex\n|-damage|p1a: Toxapex|89\/100\n|\n|upkeep\n|turn|39\n|\n|t:|1661934718\n|move|p2a: Toxapex|Knock Off|p1a: Toxapex\n|-damage|p1a: Toxapex|83\/100\n|move|p1a: Toxapex|Stockpile||[still]\n|-fail|p1a: Toxapex\n|\n|upkeep\n|turn|40\n|\n|t:|1661934723\n|move|p2a: Toxapex|Haze|p2a: Toxapex\n|-clearallboost\n|move|p1a: Toxapex|Stockpile||[still]\n|-fail|p1a: Toxapex\n|\n|upkeep\n|turn|41\n|\n|t:|1661934729\n|move|p2a: Toxapex|Haze|p2a: Toxapex\n|-clearallboost\n|move|p1a: Toxapex|Stockpile||[still]\n|-fail|p1a: Toxapex\n|\n|upkeep\n|turn|42\n|\n|t:|1661934735\n|move|p1a: Toxapex|Stockpile||[still]\n|-fail|p1a: Toxapex\n|move|p2a: Toxapex|Haze|p2a: Toxapex\n|-clearallboost\n|\n|upkeep\n|turn|43\n|\n|t:|1661934740\n|move|p2a: Toxapex|Haze|p2a: Toxapex\n|-clearallboost\n|move|p1a: Toxapex|Stockpile||[still]\n|-fail|p1a: Toxapex\n|\n|upkeep\n|turn|44\n|\n|t:|1661934746\n|move|p2a: Toxapex|Haze|p2a: Toxapex\n|-clearallboost\n|move|p1a: Toxapex|Stockpile||[still]\n|-fail|p1a: Toxapex\n|\n|upkeep\n|turn|45\n|inactive|alpha1jasperb has 120 seconds left.\n|inactive|alpha1jasperb has 90 seconds left.\n|\n|t:|1661934836\n|move|p2a: Toxapex|Haze|p2a: Toxapex\n|-clearallboost\n|move|p1a: Toxapex|Stockpile||[still]\n|-fail|p1a: Toxapex\n|\n|upkeep\n|turn|46\n|\n|t:|1661934842\n|move|p1a: Toxapex|Stockpile||[still]\n|-fail|p1a: Toxapex\n|move|p2a: Toxapex|Haze|p2a: Toxapex\n|-clearallboost\n|\n|upkeep\n|turn|47\n|\n|t:|1661934852\n|move|p2a: Toxapex|Haze|p2a: Toxapex\n|-clearallboost\n|move|p1a: Toxapex|Stockpile||[still]\n|-fail|p1a: Toxapex\n|\n|upkeep\n|turn|48\n|\n|t:|1661934864\n|move|p1a: Toxapex|Stockpile||[still]\n|-fail|p1a: Toxapex\n|move|p2a: Toxapex|Haze|p2a: Toxapex\n|-clearallboost\n|\n|upkeep\n|turn|49\n|\n|t:|1661934869\n|move|p2a: Toxapex|Haze|p2a: Toxapex\n|-clearallboost\n|move|p1a: Toxapex|Stockpile||[still]\n|-fail|p1a: Toxapex\n|\n|upkeep\n|turn|50\n|inactive|alpha1jasperb has 90 seconds left.\n|\n|t:|1661934877\n|move|p2a: Toxapex|Haze|p2a: Toxapex\n|-clearallboost\n|move|p1a: Toxapex|Stockpile||[still]\n|-fail|p1a: Toxapex\n|\n|upkeep\n|turn|51\n|\n|t:|1661934883\n|move|p1a: Toxapex|Stockpile||[still]\n|-fail|p1a: Toxapex\n|move|p2a: Toxapex|Haze|p2a: Toxapex\n|-clearallboost\n|\n|upkeep\n|turn|52\n|\n|t:|1661934889\n|move|p2a: Toxapex|Haze|p2a: Toxapex\n|-clearallboost\n|move|p1a: Toxapex|Stockpile||[still]\n|-fail|p1a: Toxapex\n|\n|upkeep\n|turn|53\n|\n|t:|1661934894\n|move|p2a: Toxapex|Haze|p2a: Toxapex\n|-clearallboost\n|move|p1a: Toxapex|Stockpile||[still]\n|-fail|p1a: Toxapex\n|\n|upkeep\n|turn|54\n|\n|t:|1661934899\n|move|p1a: Toxapex|Stockpile||[still]\n|-fail|p1a: Toxapex\n|move|p2a: Toxapex|Haze|p2a: Toxapex\n|-clearallboost\n|\n|upkeep\n|turn|55\n|inactive|alpha1jasperb has 120 seconds left.\n|\n|t:|1661934905\n|move|p1a: Toxapex|Stockpile||[still]\n|-fail|p1a: Toxapex\n|move|p2a: Toxapex|Haze|p2a: Toxapex\n|-clearallboost\n|\n|upkeep\n|turn|56\n|\n|t:|1661934911\n|move|p2a: Toxapex|Haze|p2a: Toxapex\n|-clearallboost\n|move|p1a: Toxapex|Stockpile||[still]\n|-fail|p1a: Toxapex\n|\n|upkeep\n|turn|57\n|\n|t:|1661934917\n|move|p2a: Toxapex|Haze|p2a: Toxapex\n|-clearallboost\n|move|p1a: Toxapex|Stockpile||[still]\n|-fail|p1a: Toxapex\n|\n|upkeep\n|turn|58\n|\n|t:|1661934925\n|move|p2a: Toxapex|Haze|p2a: Toxapex\n|-clearallboost\n|move|p1a: Toxapex|Scald|p2a: Toxapex\n|-resisted|p2a: Toxapex\n|-damage|p2a: Toxapex|94\/100\n|-status|p2a: Toxapex|brn\n|\n|-heal|p2a: Toxapex|100\/100 brn|[from] item: Black Sludge\n|-damage|p2a: Toxapex|94\/100 brn|[from] brn\n|upkeep\n|turn|59\n|\n|t:|1661934935\n|move|p2a: Toxapex|Haze|p2a: Toxapex\n|-clearallboost\n|move|p1a: Toxapex|Scald|p2a: Toxapex\n|-resisted|p2a: Toxapex\n|-damage|p2a: Toxapex|87\/100 brn\n|\n|-heal|p2a: Toxapex|94\/100 brn|[from] item: Black Sludge\n|-damage|p2a: Toxapex|87\/100 brn|[from] brn\n|upkeep\n|turn|60\n|inactive|alpha1jasperb has 120 seconds left.\n|inactive|alpha1jasperb has 90 seconds left.\n|\n|t:|1661935021\n|move|p1a: Toxapex|Scald|p2a: Toxapex\n|-resisted|p2a: Toxapex\n|-damage|p2a: Toxapex|81\/100 brn\n|move|p2a: Toxapex|Toxic|p1a: Toxapex\n|-immune|p1a: Toxapex\n|\n|-heal|p2a: Toxapex|88\/100 brn|[from] item: Black Sludge\n|-damage|p2a: Toxapex|81\/100 brn|[from] brn\n|upkeep\n|turn|61\n|\n|t:|1661935030\n|move|p1a: Toxapex|Scald|p2a: Toxapex\n|-resisted|p2a: Toxapex\n|-damage|p2a: Toxapex|75\/100 brn\n|move|p2a: Toxapex|Toxic|p1a: Toxapex\n|-immune|p1a: Toxapex\n|\n|-heal|p2a: Toxapex|81\/100 brn|[from] item: Black Sludge\n|-damage|p2a: Toxapex|75\/100 brn|[from] brn\n|upkeep\n|turn|62\n|\n|t:|1661935041\n|move|p2a: Toxapex|Haze|p2a: Toxapex\n|-clearallboost\n|move|p1a: Toxapex|Scald|p2a: Toxapex\n|-resisted|p2a: Toxapex\n|-damage|p2a: Toxapex|69\/100 brn\n|\n|-heal|p2a: Toxapex|75\/100 brn|[from] item: Black Sludge\n|-damage|p2a: Toxapex|69\/100 brn|[from] brn\n|upkeep\n|turn|63\n|\n|t:|1661935051\n|move|p2a: Toxapex|Haze|p2a: Toxapex\n|-clearallboost\n|move|p1a: Toxapex|Scald|p2a: Toxapex\n|-resisted|p2a: Toxapex\n|-damage|p2a: Toxapex|62\/100 brn\n|\n|-heal|p2a: Toxapex|68\/100 brn|[from] item: Black Sludge\n|-damage|p2a: Toxapex|62\/100 brn|[from] brn\n|upkeep\n|turn|64\n|\n|t:|1661935060\n|move|p2a: Toxapex|Haze|p2a: Toxapex\n|-clearallboost\n|move|p1a: Toxapex|Scald|p2a: Toxapex\n|-resisted|p2a: Toxapex\n|-damage|p2a: Toxapex|56\/100 brn\n|\n|-heal|p2a: Toxapex|62\/100 brn|[from] item: Black Sludge\n|-damage|p2a: Toxapex|56\/100 brn|[from] brn\n|upkeep\n|turn|65\n|\n|t:|1661935070\n|move|p2a: Toxapex|Haze|p2a: Toxapex\n|-clearallboost\n|move|p1a: Toxapex|Scald|p2a: Toxapex\n|-resisted|p2a: Toxapex\n|-damage|p2a: Toxapex|50\/100 brn\n|\n|-heal|p2a: Toxapex|56\/100 brn|[from] item: Black Sludge\n|-damage|p2a: Toxapex|50\/100 brn|[from] brn\n|upkeep\n|turn|66\n|inactive|chansey and lulu has 120 seconds left.\n|\n|t:|1661935100\n|move|p1a: Toxapex|Scald|p2a: Toxapex\n|-resisted|p2a: Toxapex\n|-damage|p2a: Toxapex|43\/100 brn\n|move|p2a: Toxapex|Haze|p2a: Toxapex\n|-clearallboost\n|\n|-heal|p2a: Toxapex|49\/100 brn|[from] item: Black Sludge\n|-damage|p2a: Toxapex|43\/100 brn|[from] brn\n|upkeep\n|turn|67\n|\n|t:|1661935110\n|move|p2a: Toxapex|Haze|p2a: Toxapex\n|-clearallboost\n|move|p1a: Toxapex|Scald|p2a: Toxapex\n|-resisted|p2a: Toxapex\n|-damage|p2a: Toxapex|36\/100 brn\n|\n|-heal|p2a: Toxapex|42\/100 brn|[from] item: Black Sludge\n|-damage|p2a: Toxapex|36\/100 brn|[from] brn\n|upkeep\n|turn|68\n|\n|t:|1661935119\n|move|p2a: Toxapex|Recover|p2a: Toxapex\n|-heal|p2a: Toxapex|86\/100 brn\n|move|p1a: Toxapex|Scald|p2a: Toxapex\n|-resisted|p2a: Toxapex\n|-damage|p2a: Toxapex|79\/100 brn\n|\n|-heal|p2a: Toxapex|85\/100 brn|[from] item: Black Sludge\n|-damage|p2a: Toxapex|79\/100 brn|[from] brn\n|upkeep\n|turn|69\n|\n|t:|1661935129\n|move|p1a: Toxapex|Scald|p2a: Toxapex\n|-resisted|p2a: Toxapex\n|-damage|p2a: Toxapex|73\/100 brn\n|move|p2a: Toxapex|Haze|p2a: Toxapex\n|-clearallboost\n|\n|-heal|p2a: Toxapex|79\/100 brn|[from] item: Black Sludge\n|-damage|p2a: Toxapex|73\/100 brn|[from] brn\n|upkeep\n|turn|70\n|\n|t:|1661935139\n|move|p2a: Toxapex|Haze|p2a: Toxapex\n|-clearallboost\n|move|p1a: Toxapex|Scald|p2a: Toxapex\n|-resisted|p2a: Toxapex\n|-damage|p2a: Toxapex|67\/100 brn\n|\n|-heal|p2a: Toxapex|73\/100 brn|[from] item: Black Sludge\n|-damage|p2a: Toxapex|67\/100 brn|[from] brn\n|upkeep\n|turn|71\n|\n|t:|1661935148\n|move|p2a: Toxapex|Haze|p2a: Toxapex\n|-clearallboost\n|move|p1a: Toxapex|Scald|p2a: Toxapex\n|-resisted|p2a: Toxapex\n|-crit|p2a: Toxapex\n|-damage|p2a: Toxapex|56\/100 brn\n|\n|-heal|p2a: Toxapex|63\/100 brn|[from] item: Black Sludge\n|-damage|p2a: Toxapex|56\/100 brn|[from] brn\n|upkeep\n|turn|72\n|l|\u2606chansey and lulu\n|inactive|chansey and lulu disconnected and has a minute to reconnect!\n|player|p2|\n|inactive|chansey and lulu has 30 seconds to reconnect!\n|inactive|chansey and lulu has 20 seconds to reconnect!\n|inactive|chansey and lulu has 15 seconds to reconnect!\n|inactive|chansey and lulu has 10 seconds to reconnect!\n|j|\u2606chansey and lulu\n|inactive|chansey and lulu reconnected and has 90 seconds left.\n|player|p2|chansey and lulu|hooligans\n|\n|t:|1661935227\n|move|p1a: Toxapex|Scald|p2a: Toxapex\n|-resisted|p2a: Toxapex\n|-damage|p2a: Toxapex|50\/100 brn\n|move|p2a: Toxapex|Haze|p2a: Toxapex\n|-clearallboost\n|\n|-heal|p2a: Toxapex|56\/100 brn|[from] item: Black Sludge\n|-damage|p2a: Toxapex|50\/100 brn|[from] brn\n|upkeep\n|turn|73\n|\n|t:|1661935245\n|move|p1a: Toxapex|Scald|p2a: Toxapex\n|-resisted|p2a: Toxapex\n|-damage|p2a: Toxapex|44\/100 brn\n|move|p2a: Toxapex|Haze|p2a: Toxapex\n|-clearallboost\n|\n|-heal|p2a: Toxapex|50\/100 brn|[from] item: Black Sludge\n|-damage|p2a: Toxapex|44\/100 brn|[from] brn\n|upkeep\n|turn|74\n|\n|t:|1661935259\n|move|p2a: Toxapex|Haze|p2a: Toxapex\n|-clearallboost\n|move|p1a: Toxapex|Scald|p2a: Toxapex\n|-resisted|p2a: Toxapex\n|-damage|p2a: Toxapex|38\/100 brn\n|\n|-heal|p2a: Toxapex|44\/100 brn|[from] item: Black Sludge\n|-damage|p2a: Toxapex|38\/100 brn|[from] brn\n|upkeep\n|turn|75\n|inactive|alpha1jasperb has 120 seconds left.\n|inactive|alpha1jasperb has 90 seconds left.\n|\n|t:|1661935348\n|move|p2a: Toxapex|Haze|p2a: Toxapex\n|-clearallboost\n|move|p1a: Toxapex|Scald|p2a: Toxapex\n|-resisted|p2a: Toxapex\n|-damage|p2a: Toxapex|32\/100 brn\n|\n|-heal|p2a: Toxapex|38\/100 brn|[from] item: Black Sludge\n|-damage|p2a: Toxapex|32\/100 brn|[from] brn\n|upkeep\n|turn|76\n|\n|t:|1661935365\n|move|p2a: Toxapex|Haze|p2a: Toxapex\n|-clearallboost\n|move|p1a: Toxapex|Scald|p2a: Toxapex\n|-resisted|p2a: Toxapex\n|-crit|p2a: Toxapex\n|-damage|p2a: Toxapex|22\/100 brn\n|\n|-heal|p2a: Toxapex|28\/100 brn|[from] item: Black Sludge\n|-damage|p2a: Toxapex|22\/100 brn|[from] brn\n|upkeep\n|turn|77\n|\n|t:|1661935377\n|move|p2a: Toxapex|Recover|p2a: Toxapex\n|-heal|p2a: Toxapex|72\/100 brn\n|move|p1a: Toxapex|Scald|p2a: Toxapex\n|-resisted|p2a: Toxapex\n|-damage|p2a: Toxapex|66\/100 brn\n|\n|-heal|p2a: Toxapex|72\/100 brn|[from] item: Black Sludge\n|-damage|p2a: Toxapex|66\/100 brn|[from] brn\n|upkeep\n|turn|78\n|\n|t:|1661935387\n|move|p1a: Toxapex|Scald|p2a: Toxapex\n|-resisted|p2a: Toxapex\n|-damage|p2a: Toxapex|60\/100 brn\n|move|p2a: Toxapex|Knock Off|p1a: Toxapex\n|-damage|p1a: Toxapex|80\/100\n|\n|-heal|p2a: Toxapex|66\/100 brn|[from] item: Black Sludge\n|-damage|p2a: Toxapex|60\/100 brn|[from] brn\n|upkeep\n|turn|79\n|\n|t:|1661935400\n|move|p1a: Toxapex|Scald|p2a: Toxapex\n|-resisted|p2a: Toxapex\n|-damage|p2a: Toxapex|53\/100 brn\n|move|p2a: Toxapex|Toxic|p1a: Toxapex\n|-immune|p1a: Toxapex\n|\n|-heal|p2a: Toxapex|59\/100 brn|[from] item: Black Sludge\n|-damage|p2a: Toxapex|53\/100 brn|[from] brn\n|upkeep\n|turn|80\n|\n|t:|1661935412\n|move|p1a: Toxapex|Scald|p2a: Toxapex\n|-resisted|p2a: Toxapex\n|-damage|p2a: Toxapex|46\/100 brn\n|move|p2a: Toxapex|Knock Off|p1a: Toxapex\n|-damage|p1a: Toxapex|77\/100\n|\n|-heal|p2a: Toxapex|52\/100 brn|[from] item: Black Sludge\n|-damage|p2a: Toxapex|46\/100 brn|[from] brn\n|upkeep\n|turn|81\n|\n|t:|1661935423\n|move|p2a: Toxapex|Knock Off|p1a: Toxapex\n|-damage|p1a: Toxapex|74\/100\n|move|p1a: Toxapex|Scald|p2a: Toxapex\n|-resisted|p2a: Toxapex\n|-damage|p2a: Toxapex|40\/100 brn\n|\n|-heal|p2a: Toxapex|47\/100 brn|[from] item: Black Sludge\n|-damage|p2a: Toxapex|40\/100 brn|[from] brn\n|upkeep\n|turn|82\n|inactive|chansey and lulu has 60 seconds left.\n|\n|t:|1661935445\n|move|p2a: Toxapex|Toxic|p1a: Toxapex\n|-immune|p1a: Toxapex\n|move|p1a: Toxapex|Recover|p1a: Toxapex\n|-heal|p1a: Toxapex|100\/100\n|\n|-heal|p2a: Toxapex|47\/100 brn|[from] item: Black Sludge\n|-damage|p2a: Toxapex|40\/100 brn|[from] brn\n|upkeep\n|turn|83\n|\n|t:|1661935453\n|move|p2a: Toxapex|Knock Off|p1a: Toxapex\n|-damage|p1a: Toxapex|98\/100\n|move|p1a: Toxapex|Recover|p1a: Toxapex\n|-heal|p1a: Toxapex|100\/100\n|\n|-heal|p2a: Toxapex|47\/100 brn|[from] item: Black Sludge\n|-damage|p2a: Toxapex|40\/100 brn|[from] brn\n|upkeep\n|turn|84\n|inactive|alpha1jasperb has 120 seconds left.\n|\n|t:|1661935463\n|move|p1a: Toxapex|Recover||[still]\n|-fail|p1a: Toxapex|heal\n|move|p2a: Toxapex|Knock Off|p1a: Toxapex\n|-damage|p1a: Toxapex|97\/100\n|\n|-heal|p2a: Toxapex|47\/100 brn|[from] item: Black Sludge\n|-damage|p2a: Toxapex|40\/100 brn|[from] brn\n|upkeep\n|turn|85\n|\n|t:|1661935470\n|move|p1a: Toxapex|Recover|p1a: Toxapex\n|-heal|p1a: Toxapex|100\/100\n|move|p2a: Toxapex|Knock Off|p1a: Toxapex\n|-damage|p1a: Toxapex|98\/100\n|\n|-heal|p2a: Toxapex|47\/100 brn|[from] item: Black Sludge\n|-damage|p2a: Toxapex|40\/100 brn|[from] brn\n|upkeep\n|turn|86\n|\n|t:|1661935479\n|move|p2a: Toxapex|Knock Off|p1a: Toxapex\n|-damage|p1a: Toxapex|95\/100\n|move|p1a: Toxapex|Recover|p1a: Toxapex\n|-heal|p1a: Toxapex|100\/100\n|\n|-heal|p2a: Toxapex|47\/100 brn|[from] item: Black Sludge\n|-damage|p2a: Toxapex|40\/100 brn|[from] brn\n|upkeep\n|turn|87\n|\n|t:|1661935488\n|move|p1a: Toxapex|Recover||[still]\n|-fail|p1a: Toxapex|heal\n|move|p2a: Toxapex|Recover|p2a: Toxapex\n|-heal|p2a: Toxapex|90\/100 brn\n|\n|-heal|p2a: Toxapex|97\/100 brn|[from] item: Black Sludge\n|-damage|p2a: Toxapex|90\/100 brn|[from] brn\n|upkeep\n|turn|88\n|inactive|chansey and lulu has 90 seconds left.\n|\n|t:|1661935496\n|move|p1a: Toxapex|Recover||[still]\n|-fail|p1a: Toxapex|heal\n|move|p2a: Toxapex|Haze|p2a: Toxapex\n|-clearallboost\n|\n|-heal|p2a: Toxapex|97\/100 brn|[from] item: Black Sludge\n|-damage|p2a: Toxapex|90\/100 brn|[from] brn\n|upkeep\n|turn|89\n|\n|t:|1661935504\n|move|p1a: Toxapex|Recover||[still]\n|-fail|p1a: Toxapex|heal\n|move|p2a: Toxapex|Haze|p2a: Toxapex\n|-clearallboost\n|\n|-heal|p2a: Toxapex|97\/100 brn|[from] item: Black Sludge\n|-damage|p2a: Toxapex|90\/100 brn|[from] brn\n|upkeep\n|turn|90\n|inactive|alpha1jasperb has 120 seconds left.\n|inactive|alpha1jasperb has 90 seconds left.\n|\n|t:|1661935591\n|move|p1a: Toxapex|Recover||[still]\n|-fail|p1a: Toxapex|heal\n|move|p2a: Toxapex|Haze|p2a: Toxapex\n|-clearallboost\n|\n|-heal|p2a: Toxapex|97\/100 brn|[from] item: Black Sludge\n|-damage|p2a: Toxapex|90\/100 brn|[from] brn\n|upkeep\n|turn|91\n|\n|t:|1661935600\n|move|p1a: Toxapex|Recover||[still]\n|-fail|p1a: Toxapex|heal\n|move|p2a: Toxapex|Haze|p2a: Toxapex\n|-clearallboost\n|\n|-heal|p2a: Toxapex|97\/100 brn|[from] item: Black Sludge\n|-damage|p2a: Toxapex|90\/100 brn|[from] brn\n|upkeep\n|turn|92\n|\n|t:|1661935610\n|move|p2a: Toxapex|Knock Off|p1a: Toxapex\n|-damage|p1a: Toxapex|98\/100\n|move|p1a: Toxapex|Recover|p1a: Toxapex\n|-heal|p1a: Toxapex|100\/100\n|\n|-heal|p2a: Toxapex|97\/100 brn|[from] item: Black Sludge\n|-damage|p2a: Toxapex|90\/100 brn|[from] brn\n|upkeep\n|turn|93\n|\n|t:|1661935618\n|move|p2a: Toxapex|Toxic|p1a: Toxapex\n|-immune|p1a: Toxapex\n|move|p1a: Toxapex|Recover||[still]\n|-fail|p1a: Toxapex|heal\n|\n|-heal|p2a: Toxapex|97\/100 brn|[from] item: Black Sludge\n|-damage|p2a: Toxapex|90\/100 brn|[from] brn\n|upkeep\n|turn|94\n|\n|t:|1661935627\n|move|p2a: Toxapex|Haze|p2a: Toxapex\n|-clearallboost\n|move|p1a: Toxapex|Recover||[still]\n|-fail|p1a: Toxapex|heal\n|\n|-heal|p2a: Toxapex|97\/100 brn|[from] item: Black Sludge\n|-damage|p2a: Toxapex|90\/100 brn|[from] brn\n|upkeep\n|turn|95\n|\n|t:|1661935637\n|move|p2a: Toxapex|Recover|p2a: Toxapex\n|-heal|p2a: Toxapex|100\/100 brn\n|move|p1a: Toxapex|Recover||[still]\n|-fail|p1a: Toxapex|heal\n|\n|-damage|p2a: Toxapex|94\/100 brn|[from] brn\n|upkeep\n|turn|96\n|\n|t:|1661935661\n|move|p2a: Toxapex|Knock Off|p1a: Toxapex\n|-damage|p1a: Toxapex|98\/100\n|move|p1a: Toxapex|Block||[still]\n|-fail|p1a: Toxapex\n|\n|-heal|p2a: Toxapex|100\/100 brn|[from] item: Black Sludge\n|-damage|p2a: Toxapex|94\/100 brn|[from] brn\n|upkeep\n|turn|97\n|\n|t:|1661935669\n|move|p1a: Toxapex|Block||[still]\n|-fail|p1a: Toxapex\n|move|p2a: Toxapex|Toxic|p1a: Toxapex\n|-immune|p1a: Toxapex\n|\n|-heal|p2a: Toxapex|100\/100 brn|[from] item: Black Sludge\n|-damage|p2a: Toxapex|94\/100 brn|[from] brn\n|upkeep\n|turn|98\n|\n|t:|1661935678\n|move|p2a: Toxapex|Haze|p2a: Toxapex\n|-clearallboost\n|move|p1a: Toxapex|Block||[still]\n|-fail|p1a: Toxapex\n|\n|-heal|p2a: Toxapex|100\/100 brn|[from] item: Black Sludge\n|-damage|p2a: Toxapex|94\/100 brn|[from] brn\n|upkeep\n|turn|99\n|\n|t:|1661935686\n|move|p2a: Toxapex|Recover|p2a: Toxapex\n|-heal|p2a: Toxapex|100\/100 brn\n|move|p1a: Toxapex|Block||[still]\n|-fail|p1a: Toxapex\n|\n|-damage|p2a: Toxapex|94\/100 brn|[from] brn\n|upkeep\n|turn|100\n|\n|t:|1661935692\n|move|p1a: Toxapex|Block||[still]\n|-fail|p1a: Toxapex\n|move|p2a: Toxapex|Knock Off|p1a: Toxapex\n|-damage|p1a: Toxapex|95\/100\n|\n|-heal|p2a: Toxapex|100\/100 brn|[from] item: Black Sludge\n|-damage|p2a: Toxapex|94\/100 brn|[from] brn\n|upkeep\n|turn|101\n|\n|t:|1661935700\n|move|p2a: Toxapex|Toxic|p1a: Toxapex\n|-immune|p1a: Toxapex\n|move|p1a: Toxapex|Block||[still]\n|-fail|p1a: Toxapex\n|\n|-heal|p2a: Toxapex|100\/100 brn|[from] item: Black Sludge\n|-damage|p2a: Toxapex|94\/100 brn|[from] brn\n|upkeep\n|turn|102\n|\n|t:|1661935708\n|move|p1a: Toxapex|Block||[still]\n|-fail|p1a: Toxapex\n|move|p2a: Toxapex|Haze|p2a: Toxapex\n|-clearallboost\n|\n|-heal|p2a: Toxapex|100\/100 brn|[from] item: Black Sludge\n|-damage|p2a: Toxapex|94\/100 brn|[from] brn\n|upkeep\n|turn|103\n|\n|t:|1661935716\n|move|p2a: Toxapex|Knock Off|p1a: Toxapex\n|-damage|p1a: Toxapex|92\/100\n|-activate|p1a: Toxapex|move: Struggle\n|move|p1a: Toxapex|Struggle|p2a: Toxapex\n|-damage|p2a: Toxapex|90\/100 brn\n|-damage|p1a: Toxapex|67\/100|[from] recoil\n|\n|-heal|p2a: Toxapex|97\/100 brn|[from] item: Black Sludge\n|-damage|p2a: Toxapex|90\/100 brn|[from] brn\n|upkeep\n|turn|104\n|\n|t:|1661935725\n|-activate|p1a: Toxapex|move: Struggle\n|move|p1a: Toxapex|Struggle|p2a: Toxapex\n|-damage|p2a: Toxapex|87\/100 brn\n|-damage|p1a: Toxapex|41\/100|[from] recoil\n|move|p2a: Toxapex|Knock Off|p1a: Toxapex\n|-damage|p1a: Toxapex|38\/100\n|\n|-heal|p2a: Toxapex|93\/100 brn|[from] item: Black Sludge\n|-damage|p2a: Toxapex|87\/100 brn|[from] brn\n|upkeep\n|turn|105\n|inactive|alpha1jasperb has 90 seconds left.\n|inactive|alpha1jasperb has 60 seconds left.\n|\n|t:|1661935785\n|-activate|p1a: Toxapex|move: Struggle\n|move|p1a: Toxapex|Struggle|p2a: Toxapex\n|-damage|p2a: Toxapex|83\/100 brn\n|-damage|p1a: Toxapex|13\/100|[from] recoil\n|move|p2a: Toxapex|Knock Off|p1a: Toxapex\n|-damage|p1a: Toxapex|10\/100\n|\n|-heal|p2a: Toxapex|89\/100 brn|[from] item: Black Sludge\n|-damage|p2a: Toxapex|83\/100 brn|[from] brn\n|upkeep\n|turn|106\n|\n|t:|1661935795\n|switch|p1a: Clefable|Clefable, F|100\/100 slp\n|-damage|p1a: Clefable|88\/100 slp|[from] Stealth Rock\n|move|p2a: Toxapex|Toxic||[still]\n|-fail|p2a: Toxapex\n|\n|-heal|p2a: Toxapex|89\/100 brn|[from] item: Black Sludge\n|-damage|p2a: Toxapex|83\/100 brn|[from] brn\n|upkeep\n|turn|107\n|\n|t:|1661935804\n|switch|p1a: Toxapex|Toxapex, F|43\/100\n|-damage|p1a: Toxapex|31\/100|[from] Stealth Rock\n|move|p2a: Toxapex|Knock Off|p1a: Toxapex\n|-damage|p1a: Toxapex|28\/100\n|\n|-heal|p2a: Toxapex|89\/100 brn|[from] item: Black Sludge\n|-damage|p2a: Toxapex|83\/100 brn|[from] brn\n|upkeep\n|turn|108\n|\n|t:|1661935813\n|switch|p2a: Zapdos|Zapdos|100\/100\n|switch|p1a: Clefable|Clefable, F|88\/100 slp\n|-damage|p1a: Clefable|76\/100 slp|[from] Stealth Rock\n|\n|upkeep\n|turn|109\n|\n|t:|1661935820\n|move|p2a: Zapdos|Thunderbolt|p1a: Clefable\n|-damage|p1a: Clefable|31\/100 slp\n|cant|p1a: Clefable|slp\n|\n|upkeep\n|turn|110\n|\n|t:|1661935825\n|move|p2a: Zapdos|Thunderbolt|p1a: Clefable\n|-damage|p1a: Clefable|0 fnt\n|faint|p1a: Clefable\n|\n|upkeep\n|inactive|alpha1jasperb has 60 seconds left.\n|\n|t:|1661935831\n|switch|p1a: Toxapex|Toxapex, F|62\/100\n|-damage|p1a: Toxapex|49\/100|[from] Stealth Rock\n|turn|111\n|\n|t:|1661935836\n|move|p2a: Zapdos|Thunderbolt|p1a: Toxapex\n|-supereffective|p1a: Toxapex\n|-damage|p1a: Toxapex|0 fnt\n|faint|p1a: Toxapex\n|\n|win|chansey and lulu\n|raw|alpha1jasperb's rating: 1307 &rarr; <strong>1294<\/strong><br \/>(-13 for losing)\n|raw|chansey and lulu's rating: 1430 &rarr; <strong>1443<\/strong><br \/>(+13 for winning)\n","uploadtime":1661935846,"views":14,"p1id":"alpha1jasperb","p2id":"chanseyandlulu","formatid":"gen8nationaldex","rating":1294,"private":0,"password":null}