{"id":"gen8ou-1436063767","p1":"galarian dragapult","p2":"ChiefGreenLeaf3","format":"gen8ou","log":"|j|\u2606galarian dragapult\n|j|\u2606ChiefGreenLeaf3\n|t:|1634324882\n|gametype|singles\n|player|p1|galarian dragapult|265|1826\n|player|p2|ChiefGreenLeaf3|giovanni-gen1|1841\n|teamsize|p1|6\n|teamsize|p2|6\n|gen|8\n|tier|[Gen 8] OU\n|rated|\n|rule|Sleep Clause Mod: Limit one foe put to sleep\n|rule|Species Clause: Limit one of each Pok\u00e9mon\n|rule|OHKO Clause: OHKO moves are banned\n|rule|Evasion Moves Clause: Evasion moves are banned\n|rule|Endless Battle Clause: Forcing endless battles is banned\n|rule|HP Percentage Mod: HP is shown in percentages\n|rule|Dynamax Clause: You cannot dynamax\n|clearpoke\n|poke|p1|Dragapult, M|\n|poke|p1|Heatran, F|\n|poke|p1|Magnezone|\n|poke|p1|Landorus-Therian, M|\n|poke|p1|Tapu Fini|\n|poke|p1|Melmetal|\n|poke|p2|Bisharp, F|\n|poke|p2|Cloyster, M|\n|poke|p2|Zapdos-Galar|\n|poke|p2|Mew|\n|poke|p2|Volcarona, M|\n|poke|p2|Tapu Fini|\n|teampreview\n|inactive|Battle timer is ON: inactive players will automatically lose when time's up. (requested by galarian dragapult)\n|j| Darkeyes71\n|\n|t:|1634324915\n|start\n|switch|p1a: Landorus|Landorus-Therian, M|100\/100\n|switch|p2a: Cloyster|Cloyster, M|100\/100\n|-ability|p1a: Landorus|Intimidate|boost\n|-unboost|p2a: Cloyster|atk|1\n|turn|1\n|inactive|galarian dragapult has 120 seconds left.\n|j| dw its easy alija\n|inactive|galarian dragapult has 90 seconds left.\n|\n|t:|1634324984\n|switch|p1a: Melmetal|Melmetal|100\/100\n|move|p2a: Cloyster|Shell Smash|p2a: Cloyster\n|-unboost|p2a: Cloyster|def|1\n|-unboost|p2a: Cloyster|spd|1\n|-boost|p2a: Cloyster|atk|2\n|-boost|p2a: Cloyster|spa|2\n|-boost|p2a: Cloyster|spe|2\n|\n|upkeep\n|turn|2\n|\n|t:|1634324992\n|switch|p2a: Volcarona|Volcarona, M|100\/100\n|move|p1a: Melmetal|Double Iron Bash|p2a: Volcarona\n|-resisted|p2a: Volcarona\n|-damage|p2a: Volcarona|65\/100\n|-resisted|p2a: Volcarona\n|-damage|p2a: Volcarona|33\/100\n|-hitcount|p2a: Volcarona|2\n|\n|upkeep\n|turn|3\n|\n|t:|1634324998\n|switch|p2a: Zapdos|Zapdos-Galar|100\/100\n|switch|p1a: Heatran|Heatran, F|100\/100\n|\n|upkeep\n|turn|4\n|\n|t:|1634325010\n|switch|p1a: Magnezone|Magnezone|100\/100\n|move|p2a: Zapdos|Brave Bird|p1a: Magnezone\n|-resisted|p1a: Magnezone\n|-damage|p1a: Magnezone|85\/100\n|-damage|p2a: Zapdos|95\/100|[from] Recoil\n|\n|upkeep\n|turn|5\n|\n|t:|1634325014\n|switch|p2a: Volcarona|Volcarona, M|33\/100\n|move|p1a: Magnezone|Toxic|p2a: Volcarona\n|-status|p2a: Volcarona|tox\n|\n|-damage|p2a: Volcarona|27\/100 tox|[from] psn\n|upkeep\n|turn|6\n|\n|t:|1634325021\n|switch|p1a: Heatran|Heatran, F|100\/100\n|move|p2a: Volcarona|Flamethrower|p1a: Heatran\n|-start|p1a: Heatran|ability: Flash Fire\n|\n|-damage|p2a: Volcarona|14\/100 tox|[from] psn\n|upkeep\n|turn|7\n|\n|t:|1634325023\n|move|p2a: Volcarona|Flamethrower|p1a: Heatran\n|-immune|p1a: Heatran|[from] ability: Flash Fire\n|move|p1a: Heatran|Stealth Rock|p2a: Volcarona\n|-sidestart|p2: ChiefGreenLeaf3|move: Stealth Rock\n|\n|-damage|p2a: Volcarona|0 fnt|[from] psn\n|faint|p2a: Volcarona\n|upkeep\n|\n|t:|1634325025\n|switch|p2a: Zapdos|Zapdos-Galar|95\/100\n|-damage|p2a: Zapdos|83\/100|[from] Stealth Rock\n|turn|8\n|\n|t:|1634325028\n|-end|p1a: Heatran|ability: Flash Fire|[silent]\n|switch|p1a: Magnezone|Magnezone|85\/100\n|move|p2a: Zapdos|Brave Bird|p1a: Magnezone\n|-resisted|p1a: Magnezone\n|-damage|p1a: Magnezone|69\/100\n|-damage|p2a: Zapdos|78\/100|[from] Recoil\n|\n|upkeep\n|turn|9\n|c|\u2606ChiefGreenLeaf3|jfc lmao\n|\n|t:|1634325038\n|switch|p2a: Bisharp|Bisharp, F|100\/100\n|-damage|p2a: Bisharp|95\/100|[from] Stealth Rock\n|move|p1a: Magnezone|Toxic|p2a: Bisharp\n|-immune|p2a: Bisharp\n|\n|upkeep\n|turn|10\n|\n|t:|1634325042\n|move|p2a: Bisharp|Swords Dance|p2a: Bisharp\n|-boost|p2a: Bisharp|atk|2\n|move|p1a: Magnezone|Body Press|p2a: Bisharp\n|-supereffective|p2a: Bisharp\n|-damage|p2a: Bisharp|0 fnt\n|faint|p2a: Bisharp\n|\n|upkeep\n|c|\u2606galarian dragapult|lol\n|\n|t:|1634325048\n|switch|p2a: Zapdos|Zapdos-Galar|78\/100\n|-damage|p2a: Zapdos|65\/100|[from] Stealth Rock\n|turn|11\n|\n|t:|1634325050\n|move|p2a: Zapdos|Close Combat|p1a: Magnezone\n|-supereffective|p1a: Magnezone\n|-enditem|p1a: Magnezone|Chople Berry|[eat]\n|-enditem|p1a: Magnezone|Chople Berry|[weaken]\n|-damage|p1a: Magnezone|5\/100\n|-unboost|p2a: Zapdos|def|1\n|-unboost|p2a: Zapdos|spd|1\n|move|p1a: Magnezone|Thunderbolt|p2a: Zapdos\n|-supereffective|p2a: Zapdos\n|-damage|p2a: Zapdos|0 fnt\n|faint|p2a: Zapdos\n|\n|upkeep\n|\n|t:|1634325060\n|switch|p2a: Tapu Fini|Tapu Fini|100\/100\n|-damage|p2a: Tapu Fini|88\/100|[from] Stealth Rock\n|-fieldstart|move: Misty Terrain|[from] ability: Misty Surge|[of] p2a: Tapu Fini\n|turn|12\n|\n|t:|1634325062\n|move|p2a: Tapu Fini|Scald|p1a: Magnezone\n|-damage|p1a: Magnezone|0 fnt\n|faint|p1a: Magnezone\n|\n|-heal|p2a: Tapu Fini|94\/100|[from] item: Leftovers\n|upkeep\n|c|\u2606ChiefGreenLeaf3|oh damn i know u lmao\n|c|\u2606ChiefGreenLeaf3|why did I turn my brain on\n|c|\u2606galarian dragapult|hi :)\n|inactive|galarian dragapult has 120 seconds left.\n|\n|t:|1634325105\n|switch|p1a: Melmetal|Melmetal|100\/100\n|turn|13\n|\n|t:|1634325110\n|move|p2a: Tapu Fini|Scald|p1a: Melmetal\n|-damage|p1a: Melmetal|78\/100\n|move|p1a: Melmetal|Double Iron Bash|p2a: Tapu Fini\n|-damage|p2a: Tapu Fini|62\/100\n|-damage|p2a: Tapu Fini|28\/100\n|-hitcount|p2a: Tapu Fini|2\n|\n|-heal|p2a: Tapu Fini|35\/100|[from] item: Leftovers\n|-heal|p1a: Melmetal|84\/100|[from] item: Leftovers\n|upkeep\n|turn|14\n|\n|t:|1634325115\n|move|p1a: Melmetal|Protect|p1a: Melmetal\n|-singleturn|p1a: Melmetal|Protect\n|move|p2a: Tapu Fini|Scald|p1a: Melmetal\n|-activate|p1a: Melmetal|move: Protect\n|\n|-heal|p2a: Tapu Fini|41\/100|[from] item: Leftovers\n|-heal|p1a: Melmetal|90\/100|[from] item: Leftovers\n|upkeep\n|turn|15\n|\n|t:|1634325123\n|move|p2a: Tapu Fini|Taunt|p1a: Melmetal\n|-start|p1a: Melmetal|move: Taunt\n|move|p1a: Melmetal|Earthquake|p2a: Tapu Fini\n|-damage|p2a: Tapu Fini|13\/100\n|\n|-heal|p2a: Tapu Fini|19\/100|[from] item: Leftovers\n|-heal|p1a: Melmetal|96\/100|[from] item: Leftovers\n|upkeep\n|turn|16\n|\n|t:|1634325134\n|switch|p1a: Landorus|Landorus-Therian, M|100\/100\n|-ability|p1a: Landorus|Intimidate|boost\n|-unboost|p2a: Tapu Fini|atk|1\n|move|p2a: Tapu Fini|Scald|p1a: Landorus\n|-supereffective|p1a: Landorus\n|-damage|p1a: Landorus|59\/100\n|\n|-heal|p2a: Tapu Fini|25\/100|[from] item: Leftovers\n|-heal|p1a: Landorus|65\/100|[from] item: Leftovers\n|-fieldend|Misty Terrain\n|upkeep\n|turn|17\n|\n|t:|1634325137\n|move|p2a: Tapu Fini|Scald|p1a: Landorus\n|-supereffective|p1a: Landorus\n|-damage|p1a: Landorus|25\/100\n|move|p1a: Landorus|Earthquake|p2a: Tapu Fini\n|-damage|p2a: Tapu Fini|0 fnt\n|faint|p2a: Tapu Fini\n|\n|-heal|p1a: Landorus|31\/100|[from] item: Leftovers\n|upkeep\n|\n|t:|1634325143\n|switch|p2a: Cloyster|Cloyster, M|100\/100\n|-damage|p2a: Cloyster|76\/100|[from] Stealth Rock\n|turn|18\n|\n|t:|1634325145\n|move|p2a: Cloyster|Shell Smash|p2a: Cloyster\n|-unboost|p2a: Cloyster|def|1\n|-unboost|p2a: Cloyster|spd|1\n|-boost|p2a: Cloyster|atk|2\n|-boost|p2a: Cloyster|spa|2\n|-boost|p2a: Cloyster|spe|2\n|move|p1a: Landorus|U-turn|p2a: Cloyster\n|-damage|p2a: Cloyster|48\/100\n|\n|t:|1634325148\n|switch|p1a: Melmetal|Melmetal|96\/100|[from]move: U-turn\n|\n|-heal|p1a: Melmetal|100\/100|[from] item: Leftovers\n|upkeep\n|turn|19\n|\n|t:|1634325150\n|move|p2a: Cloyster|Liquidation|p1a: Melmetal\n|-damage|p1a: Melmetal|56\/100\n|move|p1a: Melmetal|Double Iron Bash|p2a: Cloyster\n|-damage|p2a: Cloyster|0 fnt\n|faint|p2a: Cloyster\n|-hitcount|p2: Cloyster|1\n|\n|-heal|p1a: Melmetal|62\/100|[from] item: Leftovers\n|upkeep\n|\n|t:|1634325152\n|switch|p2a: Mew|Mew|100\/100\n|-damage|p2a: Mew|88\/100|[from] Stealth Rock\n|turn|20\n|\n|t:|1634325154\n|move|p2a: Mew|Taunt|p1a: Melmetal\n|-start|p1a: Melmetal|move: Taunt\n|cant|p1a: Melmetal|move: Taunt|Toxic\n|\n|-heal|p1a: Melmetal|68\/100|[from] item: Leftovers\n|upkeep\n|turn|21\n|\n|t:|1634325155\n|switch|p1a: Dragapult|Dragapult, M|100\/100\n|move|p2a: Mew|Cosmic Power|p2a: Mew\n|-boost|p2a: Mew|def|1\n|-boost|p2a: Mew|spd|1\n|\n|upkeep\n|turn|22\n|\n|t:|1634325157\n|move|p1a: Dragapult|Shadow Ball|p2a: Mew\n|-supereffective|p2a: Mew\n|-damage|p2a: Mew|20\/100\n|-enditem|p2a: Mew|Weakness Policy\n|-boost|p2a: Mew|atk|2|[from] item: Weakness Policy\n|-boost|p2a: Mew|spa|2|[from] item: Weakness Policy\n|move|p2a: Mew|Stored Power|p1a: Dragapult\n|-damage|p1a: Dragapult|0 fnt\n|faint|p1a: Dragapult\n|\n|upkeep\n|j| Angelus5533\n|\n|t:|1634325165\n|switch|p1a: Heatran|Heatran, F|100\/100\n|turn|23\n|\n|t:|1634325168\n|move|p2a: Mew|Taunt|p1a: Heatran\n|-start|p1a: Heatran|move: Taunt\n|cant|p1a: Heatran|move: Taunt|Taunt\n|\n|upkeep\n|turn|24\n|\n|t:|1634325170\n|move|p2a: Mew|Soft-Boiled|p2a: Mew\n|-heal|p2a: Mew|70\/100\n|move|p1a: Heatran|Magma Storm|p2a: Mew\n|-damage|p2a: Mew|47\/100\n|-activate|p2a: Mew|move: Magma Storm|[of] p1a: Heatran\n|\n|-damage|p2a: Mew|34\/100|[from] move: Magma Storm|[partiallytrapped]\n|upkeep\n|turn|25\n|\n|t:|1634325172\n|move|p2a: Mew|Soft-Boiled|p2a: Mew\n|-heal|p2a: Mew|84\/100\n|move|p1a: Heatran|Earth Power|p2a: Mew\n|-damage|p2a: Mew|70\/100\n|\n|-damage|p2a: Mew|57\/100|[from] move: Magma Storm|[partiallytrapped]\n|-end|p1a: Heatran|move: Taunt\n|upkeep\n|turn|26\n|\n|t:|1634325182\n|move|p2a: Mew|Taunt|p1a: Heatran\n|-start|p1a: Heatran|move: Taunt\n|move|p1a: Heatran|Magma Storm|p2a: Mew\n|-damage|p2a: Mew|34\/100\n|\n|-damage|p2a: Mew|22\/100|[from] move: Magma Storm|[partiallytrapped]\n|upkeep\n|turn|27\n|\n|t:|1634325203\n|switch|p1a: Melmetal|Melmetal|68\/100\n|move|p2a: Mew|Soft-Boiled|p2a: Mew\n|-heal|p2a: Mew|72\/100\n|\n|-heal|p1a: Melmetal|74\/100|[from] item: Leftovers\n|-end|p2a: Mew|Magma Storm|[partiallytrapped]|[silent]\n|upkeep\n|turn|28\n|\n|t:|1634325206\n|move|p2a: Mew|Taunt|p1a: Melmetal\n|-start|p1a: Melmetal|move: Taunt\n|move|p1a: Melmetal|Double Iron Bash|p2a: Mew\n|-damage|p2a: Mew|46\/100\n|-damage|p2a: Mew|20\/100\n|-hitcount|p2a: Mew|2\n|\n|-heal|p1a: Melmetal|80\/100|[from] item: Leftovers\n|upkeep\n|turn|29\n|\n|t:|1634325212\n|move|p2a: Mew|Soft-Boiled|p2a: Mew\n|-heal|p2a: Mew|70\/100\n|move|p1a: Melmetal|Double Iron Bash|p2a: Mew\n|-damage|p2a: Mew|43\/100\n|-damage|p2a: Mew|20\/100\n|-hitcount|p2a: Mew|2\n|\n|-heal|p1a: Melmetal|86\/100|[from] item: Leftovers\n|upkeep\n|turn|30\n|\n|t:|1634325214\n|move|p2a: Mew|Soft-Boiled|p2a: Mew\n|-heal|p2a: Mew|70\/100\n|move|p1a: Melmetal|Double Iron Bash|p2a: Mew\n|-damage|p2a: Mew|46\/100\n|-damage|p2a: Mew|22\/100\n|-hitcount|p2a: Mew|2\n|\n|-heal|p1a: Melmetal|92\/100|[from] item: Leftovers\n|-end|p1a: Melmetal|move: Taunt\n|upkeep\n|turn|31\n|\n|t:|1634325217\n|move|p2a: Mew|Soft-Boiled|p2a: Mew\n|-heal|p2a: Mew|72\/100\n|move|p1a: Melmetal|Double Iron Bash|p2a: Mew\n|-damage|p2a: Mew|46\/100\n|-damage|p2a: Mew|20\/100\n|-hitcount|p2a: Mew|2\n|\n|-heal|p1a: Melmetal|98\/100|[from] item: Leftovers\n|upkeep\n|turn|32\n|\n|t:|1634325222\n|move|p2a: Mew|Taunt|p1a: Melmetal\n|-start|p1a: Melmetal|move: Taunt\n|move|p1a: Melmetal|Double Iron Bash|p2a: Mew\n|-damage|p2a: Mew|0 fnt\n|faint|p2a: Mew\n|-hitcount|p2: Mew|1\n|\n|win|galarian dragapult\n|raw|galarian dragapult's rating: 1826 &rarr; <strong>1847<\/strong><br \/>(+21 for winning)\n|raw|ChiefGreenLeaf3's rating: 1841 &rarr; <strong>1820<\/strong><br \/>(-21 for losing)\n|c|\u2606ChiefGreenLeaf3|terrible lol\n|l|\u2606ChiefGreenLeaf3\n|c|\u2606galarian dragapult|yeah\n|l|\u2606galarian dragapult\n|l| Darkeyes71\n||Ladder isn't responding, score probably updated but might not have (Request timeout).\n","uploadtime":1634325289,"views":35,"p1id":"galariandragapult","p2id":"chiefgreenleaf3","formatid":"gen8ou","rating":1820,"private":0,"password":null}