{"id":"gen8ou-1143641521","p1":"JoeyOwesMeMoney","p2":"Plasmeek","format":"gen8ou","log":"|j|\u2606JoeyOwesMeMoney\n|j|\u2606Plasmeek\n|player|p1|JoeyOwesMeMoney|101|1806\n|player|p2|Plasmeek|youngster-gen4|1870\n|teamsize|p1|6\n|teamsize|p2|6\n|gametype|singles\n|gen|8\n|tier|[Gen 8] OU\n|rated|\n|clearpoke\n|poke|p1|Chansey, F|\n|poke|p1|Toxapex, M|\n|poke|p1|Clefable, F|\n|poke|p1|Corviknight, F|\n|poke|p1|Magearna|\n|poke|p1|Blissey, F|\n|poke|p2|Volcarona, F|\n|poke|p2|Chansey, F|\n|poke|p2|Toxapex, M|\n|poke|p2|Quagsire, F|\n|poke|p2|Clefable, M|\n|poke|p2|Mandibuzz, F|\n|rule|Sleep Clause Mod: Limit one foe put to sleep\n|rule|Species Clause: Limit one of each Pok\u00e9mon\n|rule|OHKO Clause: OHKO moves are banned\n|rule|Evasion Moves Clause: Evasion moves are banned\n|rule|Endless Battle Clause: Forcing endless battles is banned\n|rule|HP Percentage Mod: HP is shown in percentages\n|rule|Dynamax Clause: You cannot dynamax\n|teampreview\n|\n|start\n|switch|p1a: Toxapex|Toxapex, M|100\/100\n|switch|p2a: Toxapex|Toxapex, M|100\/100\n|turn|1\n|inactive|Battle timer is ON: inactive players will automatically lose when time's up. (requested by Plasmeek)\n|j| Valenzetti\n|inactive|JoeyOwesMeMoney has 120 seconds left.\n|\n|move|p2a: Toxapex|Knock Off|p1a: Toxapex\n|-damage|p1a: Toxapex|91\/100\n|-enditem|p1a: Toxapex|Black Sludge|[from] move: Knock Off|[of] p2a: Toxapex\n|move|p1a: Toxapex|Knock Off|p2a: Toxapex\n|-damage|p2a: Toxapex|91\/100\n|-enditem|p2a: Toxapex|Black Sludge|[from] move: Knock Off|[of] p1a: Toxapex\n|\n|upkeep\n|turn|2\n|j| Maiora\n|\n|move|p2a: Toxapex|Toxic Spikes|p1a: Toxapex\n|-sidestart|p1: JoeyOwesMeMoney|move: Toxic Spikes\n|move|p1a: Toxapex|Scald|p2a: Toxapex\n|-resisted|p2a: Toxapex\n|-damage|p2a: Toxapex|85\/100\n|\n|upkeep\n|turn|3\n|\n|move|p2a: Toxapex|Scald|p1a: Toxapex\n|-resisted|p1a: Toxapex\n|-damage|p1a: Toxapex|84\/100\n|move|p1a: Toxapex|Scald|p2a: Toxapex\n|-resisted|p2a: Toxapex\n|-damage|p2a: Toxapex|79\/100\n|-status|p2a: Toxapex|brn\n|\n|-damage|p2a: Toxapex|73\/100 brn|[from] brn\n|upkeep\n|turn|4\n|j| ROB3R\n|\n|switch|p1a: Corviknight|Corviknight, F|100\/100\n|-ability|p1a: Corviknight|Pressure\n|move|p2a: Toxapex|Scald|p1a: Corviknight\n|-damage|p1a: Corviknight|87\/100\n|\n|-damage|p2a: Toxapex|66\/100 brn|[from] brn\n|upkeep\n|turn|5\n|\n|switch|p1a: Toxapex|Toxapex, M|100\/100\n|-sideend|p1: JoeyOwesMeMoney|move: Toxic Spikes|[of] p1a: Toxapex\n|move|p2a: Toxapex|Scald|p1a: Toxapex\n|-resisted|p1a: Toxapex\n|-damage|p1a: Toxapex|94\/100\n|-status|p1a: Toxapex|brn\n|\n|-damage|p2a: Toxapex|60\/100 brn|[from] brn\n|-damage|p1a: Toxapex|88\/100 brn|[from] brn\n|upkeep\n|turn|6\n|\n|switch|p1a: Chansey|Chansey, F|100\/100\n|move|p2a: Toxapex|Toxic Spikes|p1a: Chansey\n|-sidestart|p1: JoeyOwesMeMoney|move: Toxic Spikes\n|\n|-damage|p2a: Toxapex|54\/100 brn|[from] brn\n|upkeep\n|turn|7\n|\n|move|p1a: Chansey|Stealth Rock|p2a: Toxapex\n|-sidestart|p2: Plasmeek|move: Stealth Rock\n|move|p2a: Toxapex|Recover|p2a: Toxapex\n|-heal|p2a: Toxapex|100\/100 brn\n|\n|-damage|p2a: Toxapex|94\/100 brn|[from] brn\n|upkeep\n|turn|8\n|\n|switch|p1a: Toxapex|Toxapex, M|100\/100 brn\n|-sideend|p1: JoeyOwesMeMoney|move: Toxic Spikes|[of] p1a: Toxapex\n|move|p2a: Toxapex|Toxic Spikes|p1a: Toxapex\n|-sidestart|p1: JoeyOwesMeMoney|move: Toxic Spikes\n|\n|-damage|p2a: Toxapex|88\/100 brn|[from] brn\n|-damage|p1a: Toxapex|95\/100 brn|[from] brn\n|upkeep\n|turn|9\n|j| marshallwu\n|\n|switch|p1a: Corviknight|Corviknight, F|87\/100\n|-ability|p1a: Corviknight|Pressure\n|move|p2a: Toxapex|Knock Off|p1a: Corviknight\n|-damage|p1a: Corviknight|82\/100\n|-damage|p2a: Toxapex|72\/100 brn|[from] item: Rocky Helmet|[of] p1a: Corviknight\n|-enditem|p1a: Corviknight|Rocky Helmet|[from] move: Knock Off|[of] p2a: Toxapex\n|\n|-damage|p2a: Toxapex|65\/100 brn|[from] brn\n|upkeep\n|turn|10\n|c| ROB3R|why is everyone using stall\n|l| marshallwu\n|\n|switch|p1a: Toxapex|Toxapex, M|100\/100 brn\n|-sideend|p1: JoeyOwesMeMoney|move: Toxic Spikes|[of] p1a: Toxapex\n|move|p2a: Toxapex|Scald|p1a: Toxapex\n|-resisted|p1a: Toxapex\n|-damage|p1a: Toxapex|94\/100 brn\n|\n|-damage|p2a: Toxapex|59\/100 brn|[from] brn\n|-damage|p1a: Toxapex|88\/100 brn|[from] brn\n|upkeep\n|turn|11\n|j| chockwayne\n|j| ScumGaang\n|l| ScumGaang\n|\n|switch|p1a: Corviknight|Corviknight, F|82\/100\n|-ability|p1a: Corviknight|Pressure\n|move|p2a: Toxapex|Toxic Spikes|p1a: Corviknight\n|-sidestart|p1: JoeyOwesMeMoney|move: Toxic Spikes\n|\n|-damage|p2a: Toxapex|53\/100 brn|[from] brn\n|upkeep\n|turn|12\n|\n|switch|p1a: Toxapex|Toxapex, M|100\/100 brn\n|-sideend|p1: JoeyOwesMeMoney|move: Toxic Spikes|[of] p1a: Toxapex\n|switch|p2a: Chansey|Chansey, F|100\/100\n|-damage|p2a: Chansey|88\/100|[from] Stealth Rock\n|\n|-damage|p1a: Toxapex|95\/100 brn|[from] brn\n|upkeep\n|turn|13\n|c| ROB3R|u dont have to use stall to be good on the ladder\n|\n|switch|p2a: Toxapex|Toxapex, M|86\/100 brn\n|-damage|p2a: Toxapex|74\/100 brn|[from] Stealth Rock\n|move|p1a: Toxapex|Knock Off|p2a: Toxapex\n|-damage|p2a: Toxapex|71\/100 brn\n|\n|-damage|p2a: Toxapex|64\/100 brn|[from] brn\n|-damage|p1a: Toxapex|89\/100 brn|[from] brn\n|upkeep\n|turn|14\n|\n|move|p2a: Toxapex|Toxic Spikes|p1a: Toxapex\n|-sidestart|p1: JoeyOwesMeMoney|move: Toxic Spikes\n|move|p1a: Toxapex|Toxic Spikes|p2a: Toxapex\n|-sidestart|p2: Plasmeek|move: Toxic Spikes\n|\n|-damage|p2a: Toxapex|58\/100 brn|[from] brn\n|-damage|p1a: Toxapex|83\/100 brn|[from] brn\n|upkeep\n|turn|15\n|\n|switch|p2a: Chansey|Chansey, F|88\/100\n|-damage|p2a: Chansey|76\/100|[from] Stealth Rock\n|-status|p2a: Chansey|psn\n|switch|p1a: Corviknight|Corviknight, F|82\/100\n|-ability|p1a: Corviknight|Pressure\n|\n|-damage|p2a: Chansey|63\/100 psn|[from] psn\n|upkeep\n|turn|16\n|\n|move|p1a: Corviknight|Body Press|p2a: Chansey\n|-supereffective|p2a: Chansey\n|-damage|p2a: Chansey|32\/100 psn\n|move|p2a: Chansey|Stealth Rock|p1a: Corviknight\n|-sidestart|p1: JoeyOwesMeMoney|move: Stealth Rock\n|\n|-damage|p2a: Chansey|20\/100 psn|[from] psn\n|upkeep\n|turn|17\n|\n|switch|p2a: Volcarona|Volcarona, F|100\/100\n|move|p1a: Corviknight|Body Press|p2a: Volcarona\n|-resisted|p2a: Volcarona\n|-crit|p2a: Volcarona\n|-damage|p2a: Volcarona|73\/100\n|\n|upkeep\n|turn|18\n|\n|switch|p1a: Toxapex|Toxapex, M|100\/100 brn\n|-damage|p1a: Toxapex|88\/100 brn|[from] Stealth Rock\n|-sideend|p1: JoeyOwesMeMoney|move: Toxic Spikes|[of] p1a: Toxapex\n|move|p2a: Volcarona|Psychic|p1a: Toxapex\n|-supereffective|p1a: Toxapex\n|-damage|p1a: Toxapex|42\/100 brn\n|\n|-damage|p1a: Toxapex|36\/100 brn|[from] brn\n|upkeep\n|turn|19\n|\n|switch|p2a: Toxapex|Toxapex, M|91\/100 brn\n|-sideend|p2: Plasmeek|move: Toxic Spikes|[of] p2a: Toxapex\n|-damage|p2a: Toxapex|79\/100 brn|[from] Stealth Rock\n|switch|p1a: Chansey|Chansey, F|100\/100\n|-damage|p1a: Chansey|88\/100|[from] Stealth Rock\n|\n|-damage|p2a: Toxapex|73\/100 brn|[from] brn\n|upkeep\n|turn|20\n|\n|move|p1a: Chansey|Seismic Toss|p2a: Toxapex\n|-damage|p2a: Toxapex|40\/100 brn\n|move|p2a: Toxapex|Knock Off|p1a: Chansey\n|-damage|p1a: Chansey|83\/100\n|-enditem|p1a: Chansey|Eviolite|[from] move: Knock Off|[of] p2a: Toxapex\n|\n|-damage|p2a: Toxapex|33\/100 brn|[from] brn\n|upkeep\n|turn|21\n|\n|switch|p2a: Mandibuzz|Mandibuzz, F|100\/100\n|move|p1a: Chansey|Seismic Toss|p2a: Mandibuzz\n|-damage|p2a: Mandibuzz|77\/100\n|\n|upkeep\n|turn|22\n|\n|switch|p2a: Toxapex|Toxapex, M|67\/100 brn\n|-damage|p2a: Toxapex|54\/100 brn|[from] Stealth Rock\n|move|p1a: Chansey|Toxic||[still]\n|-fail|p1a: Chansey\n|\n|-damage|p2a: Toxapex|48\/100 brn|[from] brn\n|upkeep\n|turn|23\n|\n|switch|p2a: Clefable|Clefable, M|100\/100\n|move|p1a: Chansey|Seismic Toss|p2a: Clefable\n|-damage|p2a: Clefable|75\/100\n|\n|upkeep\n|turn|24\n|\n|switch|p1a: Magearna|Magearna|100\/100\n|-damage|p1a: Magearna|94\/100|[from] Stealth Rock\n|move|p2a: Clefable|Soft-Boiled|p2a: Clefable\n|-heal|p2a: Clefable|100\/100\n|\n|upkeep\n|turn|25\n|j| pk fire pk pyre\n|\n|switch|p2a: Volcarona|Volcarona, F|73\/100\n|move|p1a: Magearna|Trick|p2a: Volcarona\n|-activate|p1a: Magearna|move: Trick|[of] p2a: Volcarona\n|-item|p2a: Volcarona|Choice Specs|[from] move: Trick\n|-item|p1a: Magearna|Heavy-Duty Boots|[from] move: Trick\n|\n|upkeep\n|turn|26\n|l| pk fire pk pyre\n|\n|switch|p1a: Blissey|Blissey, F|100\/100\n|-damage|p1a: Blissey|88\/100|[from] Stealth Rock\n|move|p2a: Volcarona|Fiery Dance|p1a: Blissey\n|-damage|p1a: Blissey|66\/100\n|\n|-heal|p1a: Blissey|72\/100|[from] item: Leftovers\n|upkeep\n|turn|27\n|\n|switch|p2a: Toxapex|Toxapex, M|81\/100 brn\n|-damage|p2a: Toxapex|69\/100 brn|[from] Stealth Rock\n|move|p1a: Blissey|Seismic Toss|p2a: Toxapex\n|-damage|p2a: Toxapex|36\/100 brn\n|\n|-heal|p1a: Blissey|78\/100|[from] item: Leftovers\n|-damage|p2a: Toxapex|29\/100 brn|[from] brn\n|upkeep\n|turn|28\n|\n|switch|p1a: Magearna|Magearna|94\/100\n|switch|p2a: Clefable|Clefable, M|100\/100\n|\n|upkeep\n|turn|29\n|\n|move|p2a: Clefable|Soft-Boiled||[still]\n|-fail|p2a: Clefable|heal\n|move|p1a: Magearna|Trick|p2a: Clefable\n|-activate|p1a: Magearna|move: Trick|[of] p2a: Clefable\n|-item|p2a: Clefable|Heavy-Duty Boots|[from] move: Trick\n|-item|p1a: Magearna|Life Orb|[from] move: Trick\n|\n|upkeep\n|turn|30\n|\n|switch|p2a: Chansey|Chansey, F|20\/100\n|-damage|p2a: Chansey|8\/100|[from] Stealth Rock\n|move|p1a: Magearna|Steel Beam|p2a: Chansey\n|-damage|p2a: Chansey|0 fnt\n|-damage|p1a: Magearna|44\/100|[from] mindblown\n|-damage|p1a: Magearna|34\/100|[from] item: Life Orb\n|faint|p2a: Chansey\n|-ability|p1a: Magearna|Soul-Heart|boost\n|-boost|p1a: Magearna|spa|1\n|\n|upkeep\n|j| fs boys\n|\n|switch|p2a: Volcarona|Volcarona, F|73\/100\n|-damage|p2a: Volcarona|23\/100|[from] Stealth Rock\n|turn|31\n|\n|switch|p1a: Blissey|Blissey, F|78\/100\n|-damage|p1a: Blissey|66\/100|[from] Stealth Rock\n|move|p2a: Volcarona|Roost|p2a: Volcarona\n|-heal|p2a: Volcarona|73\/100\n|-singleturn|p2a: Volcarona|move: Roost\n|\n|-heal|p1a: Blissey|72\/100|[from] item: Leftovers\n|upkeep\n|turn|32\n|\n|switch|p2a: Clefable|Clefable, M|100\/100\n|move|p1a: Blissey|Wish|p1a: Blissey\n|\n|-heal|p1a: Blissey|78\/100|[from] item: Leftovers\n|upkeep\n|turn|33\n|\n|switch|p1a: Toxapex|Toxapex, M|69\/100 brn\n|-damage|p1a: Toxapex|57\/100 brn|[from] Stealth Rock\n|move|p2a: Clefable|Thunder|p1a: Toxapex\n|-supereffective|p1a: Toxapex\n|-damage|p1a: Toxapex|13\/100 brn\n|\n|-heal|p1a: Toxapex|100\/100 brn|[from] move: Wish|[wisher] Blissey\n|-damage|p1a: Toxapex|95\/100 brn|[from] brn\n|upkeep\n|turn|34\n|j| Architecte\n|\n|switch|p1a: Blissey|Blissey, F|78\/100\n|-damage|p1a: Blissey|65\/100|[from] Stealth Rock\n|move|p2a: Clefable|Calm Mind|p2a: Clefable\n|-boost|p2a: Clefable|spa|1\n|-boost|p2a: Clefable|spd|1\n|\n|-heal|p1a: Blissey|72\/100|[from] item: Leftovers\n|upkeep\n|turn|35\n|\n|move|p2a: Clefable|Calm Mind|p2a: Clefable\n|-boost|p2a: Clefable|spa|1\n|-boost|p2a: Clefable|spd|1\n|move|p1a: Blissey|Seismic Toss|p2a: Clefable\n|-damage|p2a: Clefable|75\/100\n|\n|-heal|p1a: Blissey|78\/100|[from] item: Leftovers\n|upkeep\n|turn|36\n|\n|move|p2a: Clefable|Calm Mind|p2a: Clefable\n|-boost|p2a: Clefable|spa|1\n|-boost|p2a: Clefable|spd|1\n|move|p1a: Blissey|Seismic Toss|p2a: Clefable\n|-damage|p2a: Clefable|50\/100\n|\n|-heal|p1a: Blissey|84\/100|[from] item: Leftovers\n|upkeep\n|turn|37\n|\n|move|p2a: Clefable|Soft-Boiled|p2a: Clefable\n|-heal|p2a: Clefable|99\/100\n|move|p1a: Blissey|Seismic Toss|p2a: Clefable\n|-damage|p2a: Clefable|74\/100\n|\n|-heal|p1a: Blissey|90\/100|[from] item: Leftovers\n|upkeep\n|turn|38\n|\n|move|p2a: Clefable|Calm Mind|p2a: Clefable\n|-boost|p2a: Clefable|spa|1\n|-boost|p2a: Clefable|spd|1\n|move|p1a: Blissey|Seismic Toss|p2a: Clefable\n|-damage|p2a: Clefable|49\/100\n|\n|-heal|p1a: Blissey|96\/100|[from] item: Leftovers\n|upkeep\n|turn|39\n|\n|move|p2a: Clefable|Soft-Boiled|p2a: Clefable\n|-heal|p2a: Clefable|99\/100\n|move|p1a: Blissey|Seismic Toss|p2a: Clefable\n|-damage|p2a: Clefable|74\/100\n|\n|-heal|p1a: Blissey|100\/100|[from] item: Leftovers\n|upkeep\n|turn|40\n|\n|move|p2a: Clefable|Calm Mind|p2a: Clefable\n|-boost|p2a: Clefable|spa|1\n|-boost|p2a: Clefable|spd|1\n|move|p1a: Blissey|Seismic Toss|p2a: Clefable\n|-damage|p2a: Clefable|48\/100\n|\n|upkeep\n|turn|41\n|\n|move|p2a: Clefable|Soft-Boiled|p2a: Clefable\n|-heal|p2a: Clefable|98\/100\n|move|p1a: Blissey|Seismic Toss|p2a: Clefable\n|-damage|p2a: Clefable|73\/100\n|\n|upkeep\n|turn|42\n|\n|move|p2a: Clefable|Calm Mind|p2a: Clefable\n|-boost|p2a: Clefable|spa|1\n|-boost|p2a: Clefable|spd|1\n|move|p1a: Blissey|Seismic Toss|p2a: Clefable\n|-damage|p2a: Clefable|47\/100\n|\n|upkeep\n|turn|43\n|\n|move|p2a: Clefable|Soft-Boiled|p2a: Clefable\n|-heal|p2a: Clefable|97\/100\n|move|p1a: Blissey|Seismic Toss|p2a: Clefable\n|-damage|p2a: Clefable|72\/100\n|\n|upkeep\n|turn|44\n|\n|move|p2a: Clefable|Moonblast|p1a: Blissey\n|-damage|p1a: Blissey|45\/100\n|move|p1a: Blissey|Seismic Toss|p2a: Clefable\n|-damage|p2a: Clefable|47\/100\n|\n|-heal|p1a: Blissey|51\/100|[from] item: Leftovers\n|upkeep\n|turn|45\n|j| xianyufan\n|j| Caramella666\n|inactive|JoeyOwesMeMoney has 120 seconds left.\n|\n|switch|p1a: Clefable|Clefable, F|100\/100\n|-damage|p1a: Clefable|88\/100|[from] Stealth Rock\n|move|p2a: Clefable|Soft-Boiled|p2a: Clefable\n|-heal|p2a: Clefable|97\/100\n|\n|-heal|p1a: Clefable|94\/100|[from] item: Leftovers\n|upkeep\n|turn|46\n|inactive|JoeyOwesMeMoney has 120 seconds left.\n|\n|move|p1a: Clefable|Protect|p1a: Clefable\n|-singleturn|p1a: Clefable|Protect\n|move|p2a: Clefable|Thunder|p1a: Clefable\n|-activate|p1a: Clefable|move: Protect\n|\n|-heal|p1a: Clefable|99\/100|[from] item: Leftovers\n|upkeep\n|turn|47\n|\n|move|p2a: Clefable|Thunder|p1a: Clefable|[miss]\n|-miss|p2a: Clefable|p1a: Clefable\n|move|p1a: Clefable|Wish|p1a: Clefable\n|\n|-heal|p1a: Clefable|100\/100|[from] item: Leftovers\n|upkeep\n|turn|48\n|\n|move|p2a: Clefable|Calm Mind|p2a: Clefable\n|-boost|p2a: Clefable|spa|0\n|-boost|p2a: Clefable|spd|0\n|move|p1a: Clefable|Moonblast|p2a: Clefable\n|-damage|p2a: Clefable|67\/100\n|\n|upkeep\n|turn|49\n|\n|move|p2a: Clefable|Thunder|p1a: Clefable\n|-damage|p1a: Clefable|75\/100\n|move|p1a: Clefable|Wish|p1a: Clefable\n|\n|-heal|p1a: Clefable|81\/100|[from] item: Leftovers\n|upkeep\n|turn|50\n|\n|move|p2a: Clefable|Thunder|p1a: Clefable\n|-crit|p1a: Clefable\n|-damage|p1a: Clefable|40\/100\n|move|p1a: Clefable|Moonblast|p2a: Clefable\n|-damage|p2a: Clefable|39\/100\n|\n|-heal|p1a: Clefable|90\/100|[from] move: Wish|[wisher] Clefable\n|-heal|p1a: Clefable|96\/100|[from] item: Leftovers\n|upkeep\n|turn|51\n|l| chockwayne\n|\n|move|p2a: Clefable|Soft-Boiled|p2a: Clefable\n|-heal|p2a: Clefable|89\/100\n|move|p1a: Clefable|Moonblast|p2a: Clefable\n|-damage|p2a: Clefable|59\/100\n|\n|-heal|p1a: Clefable|100\/100|[from] item: Leftovers\n|upkeep\n|turn|52\n|\n|move|p2a: Clefable|Thunder|p1a: Clefable\n|-damage|p1a: Clefable|73\/100\n|move|p1a: Clefable|Wish|p1a: Clefable\n|\n|-heal|p1a: Clefable|79\/100|[from] item: Leftovers\n|upkeep\n|turn|53\n|\n|move|p2a: Clefable|Thunder|p1a: Clefable|[miss]\n|-miss|p2a: Clefable|p1a: Clefable\n|move|p1a: Clefable|Moonblast|p2a: Clefable\n|-damage|p2a: Clefable|30\/100\n|\n|-heal|p1a: Clefable|100\/100|[from] move: Wish|[wisher] Clefable\n|upkeep\n|turn|54\n|\n|move|p2a: Clefable|Soft-Boiled|p2a: Clefable\n|-heal|p2a: Clefable|80\/100\n|move|p1a: Clefable|Moonblast|p2a: Clefable\n|-damage|p2a: Clefable|52\/100\n|\n|upkeep\n|turn|55\n|\n|move|p2a: Clefable|Thunder|p1a: Clefable\n|-damage|p1a: Clefable|76\/100\n|move|p1a: Clefable|Moonblast|p2a: Clefable\n|-damage|p2a: Clefable|22\/100\n|\n|-heal|p1a: Clefable|82\/100|[from] item: Leftovers\n|upkeep\n|turn|56\n|\n|move|p2a: Clefable|Soft-Boiled|p2a: Clefable\n|-heal|p2a: Clefable|72\/100\n|move|p1a: Clefable|Moonblast|p2a: Clefable\n|-damage|p2a: Clefable|41\/100\n|\n|-heal|p1a: Clefable|88\/100|[from] item: Leftovers\n|upkeep\n|turn|57\n|\n|move|p2a: Clefable|Soft-Boiled|p2a: Clefable\n|-heal|p2a: Clefable|91\/100\n|move|p1a: Clefable|Moonblast|p2a: Clefable\n|-damage|p2a: Clefable|62\/100\n|\n|-heal|p1a: Clefable|94\/100|[from] item: Leftovers\n|upkeep\n|turn|58\n|\n|move|p1a: Clefable|Protect|p1a: Clefable\n|-singleturn|p1a: Clefable|Protect\n|move|p2a: Clefable|Thunder|p1a: Clefable\n|-activate|p1a: Clefable|move: Protect\n|\n|-heal|p1a: Clefable|100\/100|[from] item: Leftovers\n|upkeep\n|turn|59\n|\n|move|p2a: Clefable|Thunder|p1a: Clefable\n|-damage|p1a: Clefable|74\/100\n|move|p1a: Clefable|Wish|p1a: Clefable\n|\n|-heal|p1a: Clefable|80\/100|[from] item: Leftovers\n|upkeep\n|turn|60\n|\n|move|p2a: Clefable|Thunder|p1a: Clefable\n|-damage|p1a: Clefable|53\/100\n|-status|p1a: Clefable|par\n|move|p1a: Clefable|Moonblast|p2a: Clefable\n|-damage|p2a: Clefable|34\/100\n|\n|-heal|p1a: Clefable|100\/100 par|[from] move: Wish|[wisher] Clefable\n|upkeep\n|turn|61\n|\n|move|p2a: Clefable|Soft-Boiled|p2a: Clefable\n|-heal|p2a: Clefable|84\/100\n|move|p1a: Clefable|Moonblast|p2a: Clefable\n|-damage|p2a: Clefable|54\/100\n|\n|upkeep\n|turn|62\n|\n|move|p2a: Clefable|Soft-Boiled|p2a: Clefable\n|-heal|p2a: Clefable|100\/100\n|cant|p1a: Clefable|par\n|\n|upkeep\n|turn|63\n|j| TheScopaKing\n|\n|move|p2a: Clefable|Moonblast|p1a: Clefable\n|-damage|p1a: Clefable|66\/100 par\n|cant|p1a: Clefable|par\n|\n|-heal|p1a: Clefable|72\/100 par|[from] item: Leftovers\n|upkeep\n|turn|64\n|\n|move|p2a: Clefable|Moonblast|p1a: Clefable\n|-damage|p1a: Clefable|40\/100 par\n|move|p1a: Clefable|Wish|p1a: Clefable\n|\n|-heal|p1a: Clefable|46\/100 par|[from] item: Leftovers\n|upkeep\n|turn|65\n|\n|cant|p1a: Clefable|par\n|move|p2a: Clefable|Moonblast|p1a: Clefable\n|-damage|p1a: Clefable|13\/100 par\n|\n|-heal|p1a: Clefable|63\/100 par|[from] move: Wish|[wisher] Clefable\n|-heal|p1a: Clefable|69\/100 par|[from] item: Leftovers\n|upkeep\n|turn|66\n|\n|move|p2a: Clefable|Moonblast|p1a: Clefable\n|-damage|p1a: Clefable|35\/100 par\n|cant|p1a: Clefable|par\n|\n|-heal|p1a: Clefable|41\/100 par|[from] item: Leftovers\n|upkeep\n|turn|67\n|\n|move|p2a: Clefable|Moonblast|p1a: Clefable\n|-damage|p1a: Clefable|9\/100 par\n|move|p1a: Clefable|Wish|p1a: Clefable\n|\n|-heal|p1a: Clefable|15\/100 par|[from] item: Leftovers\n|upkeep\n|turn|68\n|\n|cant|p1a: Clefable|par\n|move|p2a: Clefable|Moonblast|p1a: Clefable\n|-damage|p1a: Clefable|0 fnt\n|faint|p1a: Clefable\n|\n|upkeep\n|\n|switch|p1a: Chansey|Chansey, F|83\/100\n|-damage|p1a: Chansey|71\/100|[from] Stealth Rock\n|turn|69\n|l| ROB3R\n|\n|move|p2a: Clefable|Moonblast|p1a: Chansey\n|-damage|p1a: Chansey|0 fnt\n|faint|p1a: Chansey\n|\n|upkeep\n|\n|switch|p1a: Magearna|Magearna|34\/100\n|-damage|p1a: Magearna|28\/100|[from] Stealth Rock\n|turn|70\n|\n|move|p2a: Clefable|Moonblast|p1a: Magearna\n|-resisted|p1a: Magearna\n|-damage|p1a: Magearna|0 fnt\n|faint|p1a: Magearna\n|\n|upkeep\n|inactive|JoeyOwesMeMoney has 120 seconds left.\n|inactive|JoeyOwesMeMoney has 90 seconds left.\n|l| Maiora\n|j| JevilBelowstory\n|l| Caramella666\n|inactive|JoeyOwesMeMoney has 60 seconds left.\n|l| JevilBelowstory\n|inactive|JoeyOwesMeMoney has 30 seconds left.\n|inactive|JoeyOwesMeMoney has 20 seconds left.\n|inactive|JoeyOwesMeMoney has 15 seconds left.\n|j| ROB3R\n|inactive|JoeyOwesMeMoney has 10 seconds left.\n|inactive|JoeyOwesMeMoney has 5 seconds left.\n|-message|JoeyOwesMeMoney lost due to inactivity.\n|\n|win|Plasmeek\n|raw|JoeyOwesMeMoney's rating: 1804 &rarr; <strong>1788<\/strong><br \/>(-16 for losing)\n|raw|Plasmeek's rating: 1870 &rarr; <strong>1886<\/strong><br \/>(+16 for winning)\n|l|\u2606Plasmeek\n|l| TheScopaKing\n|l| ROB3R\n","uploadtime":1593677082,"views":176,"p1id":"joeyowesmemoney","p2id":"plasmeek","formatid":"gen8ou","rating":1788,"private":0,"password":null}