{"id":"gen8balancedhackmons-1698123618","p1":"Trick-or-Prise","p2":"Unviabriel","format":"gen8balancedhackmons","log":"|j|\u2606Trick-or-Prise\n|j|\u2606Unviabriel\n|t:|1667078354\n|gametype|singles\n|player|p1|Trick-or-Prise|hexmaniac-gen6|\n|player|p2|Unviabriel|shauntal|\n|teamsize|p1|6\n|teamsize|p2|6\n|gen|8\n|tier|[Gen 8] Balanced Hackmons\n|rule|OHKO Clause: OHKO moves are banned\n|rule|Evasion Moves Clause: Evasion moves are banned\n|rule|Forme Clause: Limit one of each forme of a Pok\u00e9mon\n|rule|HP Percentage Mod: HP is shown in percentages\n|rule|Dynamax Clause: You cannot dynamax\n|rule|Sleep Clause: Sleep-inducing moves are banned\n|rule|Endless Battle Clause: Forcing endless battles is banned\n|clearpoke\n|poke|p1|Giratina-Origin|\n|poke|p1|Necrozma-Dusk-Mane|\n|poke|p1|Zamazenta-Crowned|\n|poke|p1|Dialga|\n|poke|p1|Ho-Oh|\n|poke|p1|Xerneas-*|\n|poke|p2|Xerneas-*|\n|poke|p2|Eternatus|\n|poke|p2|Kyurem-Black|\n|poke|p2|Cresselia, F|\n|poke|p2|Regigigas|\n|poke|p2|Necrozma-Dusk-Mane|\n|teampreview\n|c|\u2606Unviabriel|glhf\n|inactive|Battle timer is ON: inactive players will automatically lose when time's up. (requested by Trick-or-Prise)\n|inactive|Unviabriel has 270 seconds left.\n|\n|t:|1667078488\n|start\n|switch|p1a: Stall|Necrozma-Dusk-Mane|100\/100\n|switch|p2a: Necrozma|Necrozma-Dusk-Mane|100\/100\n|turn|1\n|inactive|Unviabriel has 270 seconds left.\n|\n|t:|1667078520\n|switch|p2a: Cresselia|Cresselia, F|100\/100\n|move|p1a: Stall|V-create|p2a: Cresselia\n|-damage|p2a: Cresselia|45\/100\n|-unboost|p1a: Stall|spe|1\n|-unboost|p1a: Stall|def|1\n|-unboost|p1a: Stall|spd|1\n|\n|upkeep\n|turn|2\n|inactive|Unviabriel has 270 seconds left.\n|\n|t:|1667078533\n|switch|p1a: All|Giratina-Origin|100\/100\n|-ability|p1a: All|Mold Breaker\n|move|p2a: Cresselia|Recover|p2a: Cresselia\n|-heal|p2a: Cresselia|95\/100\n|\n|upkeep\n|turn|3\n|inactive|Unviabriel has 270 seconds left.\n|\n|t:|1667078558\n|switch|p2a: Xerneas|Xerneas|100\/100\n|move|p1a: All|Glare|p2a: Xerneas\n|-status|p2a: Xerneas|par\n|\n|upkeep\n|turn|4\n|inactive|Unviabriel has 240 seconds left.\n|\n|t:|1667078590\n|switch|p1a: Crippling|Ho-Oh|100\/100\n|switch|p2a: Kyurem|Kyurem-Black|100\/100\n|-ability|p2a: Kyurem|Teravolt\n|\n|upkeep\n|turn|5\n|inactive|Unviabriel has 240 seconds left.\n|\n|t:|1667078604\n|move|p1a: Crippling|Sticky Web|p2a: Kyurem\n|-sidestart|p2: Unviabriel|move: Sticky Web\n|move|p2a: Kyurem|Bolt Strike|p1a: Crippling\n|-supereffective|p1a: Crippling\n|-damage|p1a: Crippling|0 fnt\n|faint|p1a: Crippling\n|-damage|p2a: Kyurem|91\/100|[from] item: Life Orb\n|\n|upkeep\n|\n|t:|1667078609\n|switch|p1a: Stall|Necrozma-Dusk-Mane|100\/100\n|turn|6\n|inactive|Unviabriel has 240 seconds left.\n|\n|t:|1667078652\n|switch|p2a: Cresselia|Cresselia, F|95\/100\n|-activate|p2a: Cresselia|move: Sticky Web\n|-unboost|p2a: Cresselia|spe|1\n|switch|p1a: Have|Dialga|100\/100\n|\n|upkeep\n|turn|7\n|inactive|Unviabriel has 210 seconds left.\n|\n|t:|1667078679\n|switch|p1a: All|Giratina-Origin|100\/100\n|-ability|p1a: All|Mold Breaker\n|switch|p2a: Xerneas|Xerneas|100\/100 par\n|-activate|p2a: Xerneas|move: Sticky Web\n|-unboost|p2a: Xerneas|spe|1\n|\n|upkeep\n|turn|8\n|\n|t:|1667078686\n|move|p1a: All|Hex|p2a: Xerneas\n|-damage|p2a: Xerneas|46\/100 par\n|move|p2a: Xerneas|Boomburst|p1a: All\n|-supereffective|p1a: All\n|-damage|p1a: All|0 fnt\n|faint|p1a: All\n|\n|upkeep\n|\n|t:|1667078691\n|switch|p1a: Stall|Necrozma-Dusk-Mane|100\/100\n|turn|9\n|inactive|Unviabriel has 210 seconds left.\n|\n|t:|1667078706\n|switch|p2a: Cresselia|Cresselia, F|95\/100\n|-activate|p2a: Cresselia|move: Sticky Web\n|-unboost|p2a: Cresselia|spe|1\n|move|p1a: Stall|Sunsteel Strike|p2a: Cresselia\n|-damage|p2a: Cresselia|35\/100\n|\n|upkeep\n|turn|10\n|\n|t:|1667078712\n|move|p2a: Cresselia|Reflect|p2a: Cresselia\n|-sidestart|p2: Unviabriel|Reflect\n|move|p1a: Stall|Sunsteel Strike|p2a: Cresselia\n|-damage|p2a: Cresselia|3\/100\n|\n|upkeep\n|turn|11\n|\n|t:|1667078716\n|move|p2a: Cresselia|Recover|p2a: Cresselia\n|-heal|p2a: Cresselia|53\/100\n|move|p1a: Stall|Sunsteel Strike|p2a: Cresselia\n|-damage|p2a: Cresselia|21\/100\n|\n|upkeep\n|turn|12\n|\n|t:|1667078721\n|switch|p1a: Depression|Xerneas|100\/100\n|move|p2a: Cresselia|Recover|p2a: Cresselia\n|-heal|p2a: Cresselia|71\/100\n|\n|upkeep\n|turn|13\n|inactive|Unviabriel has 240 seconds left.\n|\n|t:|1667078744\n|move|p2a: Cresselia|Light Screen|p2a: Cresselia\n|-sidestart|p2: Unviabriel|move: Light Screen\n|move|p1a: Depression|Shift Gear|p1a: Depression\n|-boost|p1a: Depression|spe|2\n|-boost|p1a: Depression|atk|1\n|\n|upkeep\n|turn|14\n|\n|t:|1667078750\n|move|p2a: Cresselia|Haze|p2a: Cresselia\n|-clearallboost\n|move|p1a: Depression|Shift Gear|p1a: Depression\n|-boost|p1a: Depression|spe|2\n|-boost|p1a: Depression|atk|1\n|\n|upkeep\n|turn|15\n|\n|t:|1667078753\n|move|p2a: Cresselia|Haze|p2a: Cresselia\n|-clearallboost\n|move|p1a: Depression|Shift Gear|p1a: Depression\n|-boost|p1a: Depression|spe|2\n|-boost|p1a: Depression|atk|1\n|\n|upkeep\n|turn|16\n|\n|t:|1667078756\n|move|p2a: Cresselia|Haze|p2a: Cresselia\n|-clearallboost\n|move|p1a: Depression|Shift Gear|p1a: Depression\n|-boost|p1a: Depression|spe|2\n|-boost|p1a: Depression|atk|1\n|\n|upkeep\n|turn|17\n|\n|t:|1667078758\n|move|p2a: Cresselia|Haze|p2a: Cresselia\n|-clearallboost\n|move|p1a: Depression|Fishious Rend|p2a: Cresselia\n|-damage|p2a: Cresselia|57\/100\n|-damage|p1a: Depression|91\/100|[from] item: Life Orb\n|\n|-sideend|p2: Unviabriel|Reflect\n|upkeep\n|turn|18\n|inactive|Unviabriel has 270 seconds left.\n|\n|t:|1667078767\n|move|p2a: Cresselia|Recover|p2a: Cresselia\n|-heal|p2a: Cresselia|100\/100\n|move|p1a: Depression|Shift Gear|p1a: Depression\n|-boost|p1a: Depression|spe|2\n|-boost|p1a: Depression|atk|1\n|\n|upkeep\n|turn|19\n|\n|t:|1667078770\n|move|p2a: Cresselia|Haze|p2a: Cresselia\n|-clearallboost\n|move|p1a: Depression|Shift Gear|p1a: Depression\n|-boost|p1a: Depression|spe|2\n|-boost|p1a: Depression|atk|1\n|\n|upkeep\n|turn|20\n|\n|t:|1667078773\n|move|p2a: Cresselia|Haze|p2a: Cresselia\n|-clearallboost\n|move|p1a: Depression|Fishious Rend|p2a: Cresselia\n|-damage|p2a: Cresselia|74\/100\n|-damage|p1a: Depression|81\/100|[from] item: Life Orb\n|\n|-sideend|p2: Unviabriel|move: Light Screen\n|upkeep\n|turn|21\n|\n|t:|1667078779\n|move|p2a: Cresselia|Reflect|p2a: Cresselia\n|-sidestart|p2: Unviabriel|Reflect\n|move|p1a: Depression|Shift Gear|p1a: Depression\n|-boost|p1a: Depression|spe|2\n|-boost|p1a: Depression|atk|1\n|\n|upkeep\n|turn|22\n|\n|t:|1667078788\n|move|p2a: Cresselia|Haze|p2a: Cresselia\n|-clearallboost\n|move|p1a: Depression|Shift Gear|p1a: Depression\n|-boost|p1a: Depression|spe|2\n|-boost|p1a: Depression|atk|1\n|\n|upkeep\n|turn|23\n|\n|t:|1667078792\n|move|p2a: Cresselia|Haze|p2a: Cresselia\n|-clearallboost\n|move|p1a: Depression|Shift Gear|p1a: Depression\n|-boost|p1a: Depression|spe|2\n|-boost|p1a: Depression|atk|1\n|\n|upkeep\n|turn|24\n|\n|t:|1667078799\n|move|p2a: Cresselia|Recover|p2a: Cresselia\n|-heal|p2a: Cresselia|100\/100\n|move|p1a: Depression|Shift Gear|p1a: Depression\n|-boost|p1a: Depression|spe|2\n|-boost|p1a: Depression|atk|1\n|\n|upkeep\n|turn|25\n|\n|t:|1667078801\n|move|p2a: Cresselia|Haze|p2a: Cresselia\n|-clearallboost\n|move|p1a: Depression|V-create|p2a: Cresselia\n|-damage|p2a: Cresselia|71\/100\n|-unboost|p1a: Depression|spe|1\n|-unboost|p1a: Depression|def|1\n|-unboost|p1a: Depression|spd|1\n|-damage|p1a: Depression|71\/100|[from] item: Life Orb\n|\n|upkeep\n|turn|26\n|\n|t:|1667078806\n|switch|p1a: Have|Dialga|100\/100\n|move|p2a: Cresselia|Recover|p2a: Cresselia\n|-heal|p2a: Cresselia|100\/100\n|\n|upkeep\n|turn|27\n|\n|t:|1667078834\n|switch|p2a: Necrozma|Necrozma-Dusk-Mane|100\/100\n|-activate|p2a: Necrozma|move: Sticky Web\n|-unboost|p2a: Necrozma|spe|1\n|move|p1a: Have|Anchor Shot|p2a: Necrozma\n|-resisted|p2a: Necrozma\n|-damage|p2a: Necrozma|96\/100\n|-activate|p2a: Necrozma|trapped\n|\n|-status|p2a: Necrozma|brn|[from] item: Flame Orb\n|upkeep\n|turn|28\n|inactive|Unviabriel has 270 seconds left.\n|inactive|Unviabriel has 240 seconds left.\n|inactive|Unviabriel has 210 seconds left.\n|\n|t:|1667078911\n|move|p1a: Have|Core Enforcer|p2a: Necrozma\n|-resisted|p2a: Necrozma\n|-damage|p2a: Necrozma|78\/100 brn\n|move|p2a: Necrozma|Shift Gear|p2a: Necrozma\n|-boost|p2a: Necrozma|spe|2\n|-boost|p2a: Necrozma|atk|1\n|\n|-damage|p2a: Necrozma|72\/100 brn|[from] brn\n|-sideend|p2: Unviabriel|Reflect\n|upkeep\n|turn|29\n|c|\u2606Unviabriel|oh\n|inactive|Unviabriel has 210 seconds left.\n|\n|t:|1667078927\n|move|p2a: Necrozma|V-create|p1a: Have\n|-damage|p1a: Have|57\/100\n|-unboost|p2a: Necrozma|spe|1\n|-unboost|p2a: Necrozma|def|1\n|-unboost|p2a: Necrozma|spd|1\n|move|p1a: Have|Core Enforcer|p2a: Necrozma\n|-resisted|p2a: Necrozma\n|-damage|p2a: Necrozma|46\/100 brn\n|-endability|p2a: Necrozma\n|\n|-heal|p1a: Have|63\/100|[from] item: Leftovers\n|-damage|p2a: Necrozma|40\/100 brn|[from] brn\n|upkeep\n|turn|30\n|inactive|Unviabriel has 210 seconds left.\n|\n|t:|1667078937\n|move|p1a: Have|Recover|p1a: Have\n|-heal|p1a: Have|100\/100\n|move|p2a: Necrozma|Shift Gear|p2a: Necrozma\n|-boost|p2a: Necrozma|spe|2\n|-boost|p2a: Necrozma|atk|1\n|\n|-damage|p2a: Necrozma|34\/100 brn|[from] brn\n|upkeep\n|turn|31\n|\n|t:|1667078942\n|move|p2a: Necrozma|Shift Gear|p2a: Necrozma\n|-boost|p2a: Necrozma|spe|2\n|-boost|p2a: Necrozma|atk|1\n|move|p1a: Have|Core Enforcer|p2a: Necrozma\n|-resisted|p2a: Necrozma\n|-damage|p2a: Necrozma|7\/100 brn\n|\n|-damage|p2a: Necrozma|1\/100 brn|[from] brn\n|upkeep\n|turn|32\n|\n|t:|1667078946\n|move|p2a: Necrozma|V-create|p1a: Have\n|-damage|p1a: Have|73\/100\n|-unboost|p2a: Necrozma|spe|1\n|-unboost|p2a: Necrozma|def|1\n|-unboost|p2a: Necrozma|spd|1\n|move|p1a: Have|Recover|p1a: Have\n|-heal|p1a: Have|100\/100\n|\n|-damage|p2a: Necrozma|0 fnt|[from] brn\n|faint|p2a: Necrozma\n|upkeep\n|inactive|Unviabriel has 210 seconds left.\n|inactive|Unviabriel has 180 seconds left.\n|inactive|Unviabriel has 150 seconds left.\n|inactive|Unviabriel has 120 seconds left.\n|\n|t:|1667079082\n|switch|p2a: Kyurem|Kyurem-Black|91\/100\n|-activate|p2a: Kyurem|move: Sticky Web\n|-unboost|p2a: Kyurem|spe|1\n|-ability|p2a: Kyurem|Teravolt\n|turn|33\n|\n|t:|1667079085\n|move|p1a: Have|Anchor Shot|p2a: Kyurem\n|-supereffective|p2a: Kyurem\n|-damage|p2a: Kyurem|48\/100\n|-activate|p2a: Kyurem|trapped\n|move|p2a: Kyurem|Precipice Blades|p1a: Have\n|-supereffective|p1a: Have\n|-damage|p1a: Have|22\/100\n|-damage|p2a: Kyurem|38\/100|[from] item: Life Orb\n|\n|-heal|p1a: Have|28\/100|[from] item: Leftovers\n|upkeep\n|turn|34\n|inactive|Unviabriel has 90 seconds left.\n|c|\u2606Unviabriel|damn if i just figured out this was fast fsr i'd be fine\n|c|\u2606Unviabriel|gdi\n|\n|t:|1667079125\n|move|p1a: Have|Anchor Shot|p2a: Kyurem\n|-supereffective|p2a: Kyurem\n|-damage|p2a: Kyurem|0 fnt\n|faint|p2a: Kyurem\n|\n|-heal|p1a: Have|34\/100|[from] item: Leftovers\n|upkeep\n|inactive|Unviabriel has 60 seconds left.\n|\n|t:|1667079157\n|switch|p2a: Eternatus|Eternatus|100\/100\n|-activate|p2a: Eternatus|move: Sticky Web\n|-unboost|p2a: Eternatus|spe|1\n|turn|35\n|inactive|Unviabriel has 60 seconds left.\n|\n|t:|1667079168\n|switch|p1a: Users|Zamazenta-Crowned|100\/100\n|move|p2a: Eternatus|Secret Sword|p1a: Users\n|-supereffective|p1a: Users\n|-damage|p1a: Users|85\/100\n|\n|-heal|p1a: Users|91\/100|[from] item: Leftovers\n|-status|p2a: Eternatus|brn|[from] item: Flame Orb\n|upkeep\n|turn|36\n|inactive|Unviabriel has 60 seconds left.\n|\n|t:|1667079194\n|move|p1a: Users|Knock Off|p2a: Eternatus\n|-damage|p2a: Eternatus|82\/100 brn\n|-enditem|p2a: Eternatus|Flame Orb|[from] move: Knock Off|[of] p1a: Users\n|move|p2a: Eternatus|Nasty Plot|p2a: Eternatus\n|-boost|p2a: Eternatus|spa|2\n|\n|-heal|p1a: Users|97\/100|[from] item: Leftovers\n|-damage|p2a: Eternatus|76\/100 brn|[from] brn\n|upkeep\n|turn|37\n|j| Chose Truc\n|\n|t:|1667079200\n|move|p1a: Users|Topsy-Turvy|p2a: Eternatus\n|-invertboost|p2a: Eternatus|[from] move: Topsy-Turvy\n|move|p2a: Eternatus|Blue Flare|p1a: Users\n|-supereffective|p1a: Users\n|-damage|p1a: Users|77\/100\n|\n|-heal|p1a: Users|83\/100|[from] item: Leftovers\n|-damage|p2a: Eternatus|70\/100 brn|[from] brn\n|upkeep\n|turn|38\n|j| Osake\n|\n|t:|1667079208\n|move|p2a: Eternatus|Nasty Plot|p2a: Eternatus\n|-boost|p2a: Eternatus|spa|2\n|move|p1a: Users|Anchor Shot|p2a: Eternatus\n|-damage|p2a: Eternatus|45\/100 brn\n|-activate|p2a: Eternatus|trapped\n|\n|-heal|p1a: Users|90\/100|[from] item: Leftovers\n|-damage|p2a: Eternatus|39\/100 brn|[from] brn\n|upkeep\n|turn|39\n|\n|t:|1667079221\n|move|p2a: Eternatus|Blue Flare|p1a: Users|[miss]\n|-miss|p2a: Eternatus|p1a: Users\n|move|p1a: Users|Anchor Shot|p2a: Eternatus\n|-damage|p2a: Eternatus|14\/100 brn\n|\n|-heal|p1a: Users|96\/100|[from] item: Leftovers\n|-damage|p2a: Eternatus|8\/100 brn|[from] brn\n|upkeep\n|turn|40\n|\n|t:|1667079225\n|move|p2a: Eternatus|Blue Flare|p1a: Users|[miss]\n|-miss|p2a: Eternatus|p1a: Users\n|move|p1a: Users|Anchor Shot|p2a: Eternatus\n|-damage|p2a: Eternatus|0 fnt\n|faint|p2a: Eternatus\n|\n|-heal|p1a: Users|100\/100|[from] item: Leftovers\n|upkeep\n|c|\u2606Unviabriel|fuck off\n|c|\u2606Trick-or-Prise|yeah the 16% was going to carry u\n|j| Le Dieun \u2764 notor\n|inactive|Unviabriel has 60 seconds left.\n|\n|t:|1667079277\n|switch|p2a: Cresselia|Cresselia, F|100\/100\n|-activate|p2a: Cresselia|move: Sticky Web\n|-unboost|p2a: Cresselia|spe|1\n|turn|41\n|\n|t:|1667079284\n|move|p2a: Cresselia|Reflect|p2a: Cresselia\n|-sidestart|p2: Unviabriel|Reflect\n|move|p1a: Users|Knock Off|p2a: Cresselia\n|-supereffective|p2a: Cresselia\n|-damage|p2a: Cresselia|84\/100\n|-enditem|p2a: Cresselia|Light Clay|[from] move: Knock Off|[of] p1a: Users\n|\n|upkeep\n|turn|42\n|j| Bhalal\n|\n|t:|1667079294\n|switch|p1a: Have|Dialga|34\/100\n|switch|p2a: Regigigas|Regigigas|100\/100\n|-activate|p2a: Regigigas|move: Sticky Web\n|-unboost|p2a: Regigigas|spe|1\n|\n|-heal|p1a: Have|41\/100|[from] item: Leftovers\n|-status|p2a: Regigigas|tox|[from] item: Toxic Orb\n|upkeep\n|turn|43\n|\n|t:|1667079307\n|move|p1a: Have|Recover|p1a: Have\n|-heal|p1a: Have|91\/100\n|move|p2a: Regigigas|Shift Gear|p2a: Regigigas\n|-boost|p2a: Regigigas|spe|2\n|-boost|p2a: Regigigas|atk|1\n|\n|-heal|p1a: Have|97\/100|[from] item: Leftovers\n|upkeep\n|turn|44\n|\n|t:|1667079311\n|move|p2a: Regigigas|Wicked Blow|p1a: Have\n|-crit|p1a: Have\n|-damage|p1a: Have|74\/100\n|move|p1a: Have|Core Enforcer|p2a: Regigigas\n|-damage|p2a: Regigigas|67\/100 tox\n|-endability|p2a: Regigigas\n|\n|-heal|p1a: Have|80\/100|[from] item: Leftovers\n|-damage|p2a: Regigigas|54\/100 tox|[from] psn\n|upkeep\n|turn|45\n|inactive|Unviabriel has 60 seconds left.\n|-message|Unviabriel forfeited.\n|\n|win|Trick-or-Prise\n|l|\u2606Unviabriel\n|l| Le Dieun \u2764 notor\n|l| Osake\n","uploadtime":1667079388,"views":33,"p1id":"trickorprise","p2id":"unviabriel","formatid":"gen8balancedhackmons","rating":0,"private":0,"password":null}