{"id":"gen8nationaldex-1552289204","p1":"Mastermother","p2":"Alu9204","format":"gen8nationaldex","log":"|j|\u2606Mastermother\n|j|\u2606Alu9204\n|t:|1649827805\n|gametype|singles\n|player|p1|Mastermother|maid|1385\n|player|p2|Alu9204|burglar|1431\n|teamsize|p1|6\n|teamsize|p2|6\n|gen|8\n|tier|[Gen 8] National Dex\n|rated|\n|rule|HP Percentage Mod: HP is shown in percentages\n|rule|Endless Battle Clause: Forcing endless battles is banned\n|rule|OHKO Clause: OHKO moves are banned\n|rule|Evasion Moves Clause: Evasion moves are banned\n|rule|Species Clause: Limit one of each Pok\u00e9mon\n|rule|Dynamax Clause: You cannot dynamax\n|rule|Sleep Clause Mod: Limit one foe put to sleep\n|clearpoke\n|poke|p1|Garchomp, M|\n|poke|p1|Heatran, F|\n|poke|p1|Kyurem|\n|poke|p1|Lopunny, M|\n|poke|p1|Weavile, F|\n|poke|p1|Landorus-Therian, M|\n|poke|p2|Breloom, M|\n|poke|p2|Landorus-Therian, M|\n|poke|p2|Weavile, M|\n|poke|p2|Corviknight, F|\n|poke|p2|Zapdos-Galar|\n|poke|p2|Latios, M|\n|teampreview\n|inactive|Battle timer is ON: inactive players will automatically lose when time's up. (requested by Alu9204)\n|\n|t:|1649827816\n|start\n|switch|p1a: Weavile|Weavile, F|100\/100\n|switch|p2a: Breloom|Breloom, M|100\/100\n|turn|1\n|\n|t:|1649827833\n|switch|p1a: Landorus|Landorus-Therian, M|100\/100\n|-ability|p1a: Landorus|Intimidate|boost\n|-unboost|p2a: Breloom|atk|1\n|move|p2a: Breloom|Mach Punch|p1a: Landorus\n|-resisted|p1a: Landorus\n|-damage|p1a: Landorus|92\/100\n|\n|upkeep\n|turn|2\n|\n|t:|1649827842\n|switch|p2a: Landorus|Landorus-Therian, M|100\/100\n|-ability|p2a: Landorus|Intimidate|boost\n|-unboost|p1a: Landorus|atk|1\n|move|p1a: Landorus|U-turn|p2a: Landorus\n|-resisted|p2a: Landorus\n|-damage|p2a: Landorus|94\/100\n|\n|t:|1649827845\n|switch|p1a: Weavile|Weavile, F|100\/100|[from]move: U-turn\n|\n|-heal|p2a: Landorus|99\/100|[from] item: Leftovers\n|upkeep\n|turn|3\n|\n|t:|1649827857\n|switch|p2a: Corviknight|Corviknight, F|100\/100\n|-ability|p2a: Corviknight|Pressure\n|move|p1a: Weavile|Triple Axel|p2a: Corviknight\n|-damage|p2a: Corviknight|88\/100\n|-damage|p1a: Weavile|84\/100|[from] item: Rocky Helmet|[of] p2a: Corviknight\n|-damage|p2a: Corviknight|63\/100\n|-damage|p1a: Weavile|68\/100|[from] item: Rocky Helmet|[of] p2a: Corviknight\n|-damage|p2a: Corviknight|27\/100\n|-damage|p1a: Weavile|51\/100|[from] item: Rocky Helmet|[of] p2a: Corviknight\n|-hitcount|p2a: Corviknight|3\n|\n|upkeep\n|turn|4\n|\n|t:|1649827871\n|move|p1a: Weavile|Triple Axel|p2a: Corviknight\n|-damage|p2a: Corviknight|15\/100\n|-damage|p1a: Weavile|35\/100|[from] item: Rocky Helmet|[of] p2a: Corviknight\n|-damage|p2a: Corviknight|0 fnt\n|-damage|p1a: Weavile|19\/100|[from] item: Rocky Helmet|[of] p2a: Corviknight\n|faint|p2a: Corviknight\n|-hitcount|p2: Corviknight|2\n|\n|upkeep\n|\n|t:|1649827875\n|switch|p2a: Breloom|Breloom, M|100\/100\n|turn|5\n|\n|t:|1649827883\n|switch|p1a: Landorus|Landorus-Therian, M|92\/100\n|-ability|p1a: Landorus|Intimidate|boost\n|-unboost|p2a: Breloom|atk|1\n|move|p2a: Breloom|Spore|p1a: Landorus\n|-status|p1a: Landorus|slp|[from] move: Spore\n|\n|upkeep\n|turn|6\n|\n|t:|1649827890\n|switch|p1a: Garchomp|Garchomp, M|100\/100\n|move|p2a: Breloom|Bullet Seed|p1a: Garchomp\n|-damage|p1a: Garchomp|93\/100\n|-damage|p1a: Garchomp|85\/100\n|-damage|p1a: Garchomp|76\/100\n|-hitcount|p1a: Garchomp|3\n|\n|upkeep\n|turn|7\n|\n|t:|1649827903\n|switch|p2a: Landorus|Landorus-Therian, M|99\/100\n|-ability|p2a: Landorus|Intimidate|boost\n|-unboost|p1a: Garchomp|atk|1\n|move|p1a: Garchomp|Toxic|p2a: Landorus\n|-status|p2a: Landorus|tox\n|\n|-heal|p2a: Landorus|100\/100 tox|[from] item: Leftovers\n|-damage|p2a: Landorus|94\/100 tox|[from] psn\n|upkeep\n|turn|8\n|\n|t:|1649827912\n|move|p1a: Garchomp|Stealth Rock|p2a: Landorus\n|-sidestart|p2: Alu9204|move: Stealth Rock\n|move|p2a: Landorus|Earthquake|p1a: Garchomp\n|-damage|p1a: Garchomp|46\/100\n|\n|-heal|p2a: Landorus|100\/100 tox|[from] item: Leftovers\n|-damage|p2a: Landorus|88\/100 tox|[from] psn\n|upkeep\n|turn|9\n|\n|t:|1649827923\n|switch|p1a: Landorus|Landorus-Therian, M|92\/100 slp\n|-ability|p1a: Landorus|Intimidate|boost\n|-unboost|p2a: Landorus|atk|1\n|move|p2a: Landorus|Stealth Rock|p1a: Landorus\n|-sidestart|p1: Mastermother|move: Stealth Rock\n|\n|-heal|p2a: Landorus|94\/100 tox|[from] item: Leftovers\n|-damage|p2a: Landorus|76\/100 tox|[from] psn\n|upkeep\n|turn|10\n|\n|t:|1649827927\n|cant|p1a: Landorus|slp\n|move|p2a: Landorus|U-turn|p1a: Landorus\n|-resisted|p1a: Landorus\n|-damage|p1a: Landorus|86\/100 slp\n|\n|t:|1649827934\n|switch|p2a: Weavile|Weavile, M|100\/100|[from]move: U-turn\n|-ability|p2a: Weavile|Pressure\n|\n|upkeep\n|turn|11\n|\n|t:|1649827943\n|move|p2a: Weavile|Triple Axel|p1a: Landorus\n|-supereffective|p1a: Landorus\n|-damage|p1a: Landorus|54\/100 slp\n|-supereffective|p1a: Landorus\n|-damage|p1a: Landorus|0 fnt\n|faint|p1a: Landorus\n|-hitcount|p1: Landorus|2\n|\n|upkeep\n|\n|t:|1649827949\n|switch|p1a: Lopunny|Lopunny, M|100\/100\n|-damage|p1a: Lopunny|88\/100|[from] Stealth Rock\n|turn|12\n|\n|t:|1649827964\n|switch|p2a: Landorus|Landorus-Therian, M|76\/100 tox\n|-damage|p2a: Landorus|64\/100 tox|[from] Stealth Rock\n|-ability|p2a: Landorus|Intimidate|boost\n|-unboost|p1a: Lopunny|atk|1\n|detailschange|p1a: Lopunny|Lopunny-Mega, M\n|-mega|p1a: Lopunny|Lopunny|Lopunnite\n|move|p1a: Lopunny|Return|p2a: Landorus\n|-damage|p2a: Landorus|35\/100 tox\n|\n|-heal|p2a: Landorus|41\/100 tox|[from] item: Leftovers\n|-damage|p2a: Landorus|35\/100 tox|[from] psn\n|upkeep\n|turn|13\n|\n|t:|1649827976\n|move|p1a: Lopunny|U-turn|p2a: Landorus\n|-resisted|p2a: Landorus\n|-damage|p2a: Landorus|28\/100 tox\n|\n|t:|1649827988\n|switch|p1a: Kyurem|Kyurem|100\/100|[from]move: U-turn\n|-damage|p1a: Kyurem|76\/100|[from] Stealth Rock\n|-ability|p1a: Kyurem|Pressure\n|move|p2a: Landorus|Earthquake|p1a: Kyurem\n|-damage|p1a: Kyurem|28\/100\n|\n|-heal|p2a: Landorus|34\/100 tox|[from] item: Leftovers\n|-damage|p2a: Landorus|22\/100 tox|[from] psn\n|upkeep\n|turn|14\n|\n|t:|1649828001\n|move|p1a: Kyurem|Freeze-Dry|p2a: Landorus\n|-supereffective|p2a: Landorus\n|-damage|p2a: Landorus|0 fnt\n|faint|p2a: Landorus\n|\n|upkeep\n|\n|t:|1649828015\n|switch|p2a: Breloom|Breloom, M|100\/100\n|-damage|p2a: Breloom|94\/100|[from] Stealth Rock\n|turn|15\n|\n|t:|1649828018\n|move|p2a: Breloom|Mach Punch|p1a: Kyurem\n|-supereffective|p1a: Kyurem\n|-damage|p1a: Kyurem|0 fnt\n|faint|p1a: Kyurem\n|\n|upkeep\n|\n|t:|1649828022\n|switch|p1a: Lopunny|Lopunny-Mega, M|88\/100\n|-damage|p1a: Lopunny|82\/100|[from] Stealth Rock\n|turn|16\n|\n|t:|1649828029\n|switch|p2a: Weavile|Weavile, M|100\/100\n|-ability|p2a: Weavile|Pressure\n|move|p1a: Lopunny|Fake Out|p2a: Weavile\n|-damage|p2a: Weavile|65\/100\n|\n|upkeep\n|turn|17\n|\n|t:|1649828036\n|switch|p1a: Heatran|Heatran, F|100\/100\n|-damage|p1a: Heatran|88\/100|[from] Stealth Rock\n|move|p2a: Weavile|Ice Shard|p1a: Heatran\n|-resisted|p1a: Heatran\n|-damage|p1a: Heatran|84\/100\n|\n|-heal|p1a: Heatran|90\/100|[from] item: Leftovers\n|upkeep\n|turn|18\n|\n|t:|1649828044\n|move|p2a: Weavile|Knock Off|p1a: Heatran\n|-damage|p1a: Heatran|49\/100\n|-enditem|p1a: Heatran|Leftovers|[from] move: Knock Off|[of] p2a: Weavile\n|move|p1a: Heatran|Toxic|p2a: Weavile\n|-status|p2a: Weavile|tox\n|\n|-damage|p2a: Weavile|59\/100 tox|[from] psn\n|upkeep\n|turn|19\n|\n|t:|1649828058\n|switch|p2a: Latios|Latios, M|100\/100\n|-damage|p2a: Latios|88\/100|[from] Stealth Rock\n|move|p1a: Heatran|Magma Storm|p2a: Latios\n|-resisted|p2a: Latios\n|-damage|p2a: Latios|67\/100\n|-activate|p2a: Latios|move: Magma Storm|[of] p1a: Heatran\n|\n|-damage|p2a: Latios|55\/100|[from] move: Magma Storm|[partiallytrapped]\n|upkeep\n|turn|20\n|\n|t:|1649828067\n|detailschange|p2a: Latios|Latios-Mega, M\n|-mega|p2a: Latios|Latios|Latiosite\n|move|p2a: Latios|Aura Sphere|p1a: Heatran\n|-supereffective|p1a: Heatran\n|-damage|p1a: Heatran|7\/100\n|move|p1a: Heatran|Toxic|p2a: Latios\n|-status|p2a: Latios|tox\n|\n|-damage|p2a: Latios|49\/100 tox|[from] psn\n|-damage|p2a: Latios|37\/100 tox|[from] move: Magma Storm|[partiallytrapped]\n|upkeep\n|turn|21\n|\n|t:|1649828076\n|move|p2a: Latios|Aura Sphere|p1a: Heatran\n|-supereffective|p1a: Heatran\n|-damage|p1a: Heatran|0 fnt\n|faint|p1a: Heatran\n|\n|-damage|p2a: Latios|25\/100 tox|[from] psn\n|-end|p2a: Latios|Magma Storm|[partiallytrapped]|[silent]\n|upkeep\n|\n|t:|1649828086\n|switch|p1a: Lopunny|Lopunny-Mega, M|82\/100\n|-damage|p1a: Lopunny|77\/100|[from] Stealth Rock\n|turn|22\n|\n|t:|1649828098\n|switch|p2a: Weavile|Weavile, M|59\/100 tox\n|-ability|p2a: Weavile|Pressure\n|move|p1a: Lopunny|Return|p2a: Weavile\n|-crit|p2a: Weavile\n|-damage|p2a: Weavile|0 fnt\n|faint|p2a: Weavile\n|\n|upkeep\n|\n|t:|1649828100\n|switch|p2a: Breloom|Breloom, M|94\/100\n|-damage|p2a: Breloom|88\/100|[from] Stealth Rock\n|turn|23\n|\n|t:|1649828108\n|switch|p1a: Garchomp|Garchomp, M|46\/100\n|-damage|p1a: Garchomp|40\/100|[from] Stealth Rock\n|move|p2a: Breloom|Mach Punch|p1a: Garchomp\n|-damage|p1a: Garchomp|22\/100\n|-damage|p2a: Breloom|76\/100|[from] ability: Rough Skin|[of] p1a: Garchomp\n|-damage|p2a: Breloom|60\/100|[from] item: Rocky Helmet|[of] p1a: Garchomp\n|\n|upkeep\n|turn|24\n|j| rinlo\n|\n|t:|1649828130\n|move|p2a: Breloom|Bullet Seed|p1a: Garchomp\n|-damage|p1a: Garchomp|10\/100\n|-damage|p1a: Garchomp|0 fnt\n|faint|p1a: Garchomp\n|-hitcount|p1: Garchomp|2\n|\n|upkeep\n|\n|t:|1649828139\n|switch|p1a: Weavile|Weavile, F|19\/100\n|-damage|p1a: Weavile|0 fnt|[from] Stealth Rock\n|faint|p1a: Weavile\n|\n|t:|1649828140\n|switch|p1a: Lopunny|Lopunny-Mega, M|77\/100\n|-damage|p1a: Lopunny|71\/100|[from] Stealth Rock\n|turn|25\n|\n|t:|1649828152\n|switch|p2a: Latios|Latios-Mega, M|25\/100 tox\n|-damage|p2a: Latios|13\/100 tox|[from] Stealth Rock\n|move|p1a: Lopunny|Fake Out|p2a: Latios\n|-damage|p2a: Latios|0 fnt\n|faint|p2a: Latios\n|\n|upkeep\n|\n|t:|1649828157\n|switch|p2a: Breloom|Breloom, M|60\/100\n|-damage|p2a: Breloom|54\/100|[from] Stealth Rock\n|turn|26\n|\n|t:|1649828179\n|move|p2a: Breloom|Mach Punch|p1a: Lopunny\n|-supereffective|p1a: Lopunny\n|-damage|p1a: Lopunny|0 fnt\n|faint|p1a: Lopunny\n|\n|win|Alu9204\n|raw|Mastermother's rating: 1385 &rarr; <strong>1368<\/strong><br \/>(-17 for losing)\n|raw|Alu9204's rating: 1431 &rarr; <strong>1448<\/strong><br \/>(+17 for winning)\n|l|\u2606Mastermother\n|c|\u2606Alu9204|Gg\n","uploadtime":1649828199,"views":4,"p1id":"mastermother","p2id":"alu9204","formatid":"gen8nationaldex","rating":1368,"private":0,"password":null}