{"id":"gen8ou-1019852959","p1":"fu&kinass","p2":"TryHonesty","format":"gen8ou","log":"|j|\u2606fu&kinass\n|j|\u2606TryHonesty\n|player|p1|fu&kinass|169|1242\n|player|p2|TryHonesty|169|1328\n|teamsize|p1|6\n|teamsize|p2|6\n|gametype|singles\n|gen|8\n|tier|[Gen 8] OU\n|rated|\n|rule|Sleep Clause Mod: Limit one foe put to sleep\n|rule|Species Clause: Limit one of each Pok\u00e9mon\n|rule|OHKO Clause: OHKO moves are banned\n|rule|Evasion Moves Clause: Evasion moves are banned\n|rule|Endless Battle Clause: Forcing endless battles is banned\n|rule|HP Percentage Mod: HP is shown in percentages\n|clearpoke\n|poke|p1|Corviknight, F|item\n|poke|p1|Conkeldurr, F|item\n|poke|p1|Hydreigon, M|item\n|poke|p1|Excadrill, M|item\n|poke|p1|Rotom-Wash|item\n|poke|p1|Ditto|item\n|poke|p2|Dugtrio, F|item\n|poke|p2|Centiskorch, F|item\n|poke|p2|Dracozolt|item\n|poke|p2|Frosmoth, M|item\n|poke|p2|Cinderace, F|item\n|poke|p2|Gengar, M|item\n|teampreview\n|inactive|Battle timer is ON: inactive players will automatically lose when time's up. (requested by TryHonesty)\n|\n|start\n|switch|p1a: Conkeldurr|Conkeldurr, F|100\/100\n|switch|p2a: Dugtrio|Dugtrio, F|100\/100\n|turn|1\n|\n|switch|p2a: Gengar|Gengar, M|100\/100\n|move|p1a: Conkeldurr|Earthquake|p2a: Gengar\n|-supereffective|p2a: Gengar\n|-damage|p2a: Gengar|0 fnt\n|-start|p1a: Conkeldurr|Disable|Earthquake|[from] ability: Cursed Body|[of] p2a: Gengar\n|faint|p2a: Gengar\n|\n|-status|p1a: Conkeldurr|brn|[from] item: Flame Orb\n|upkeep\n|\n|switch|p2a: Dracozolt|Dracozolt|100\/100\n|turn|2\n|\n|move|p1a: Conkeldurr|Mach Punch|p2a: Dracozolt\n|-damage|p2a: Dracozolt|61\/100\n|move|p2a: Dracozolt|Bolt Beak|p1a: Conkeldurr\n|-damage|p1a: Conkeldurr|22\/100 brn\n|\n|-damage|p1a: Conkeldurr|16\/100 brn|[from] brn\n|upkeep\n|turn|3\n|\n|switch|p2a: Dugtrio|Dugtrio, F|100\/100\n|switch|p1a: Excadrill|Excadrill, M|100\/100\n|-ability|p1a: Excadrill|Mold Breaker\n|\n|upkeep\n|turn|4\n|\n|move|p2a: Dugtrio|Earthquake|p1a: Excadrill\n|-supereffective|p1a: Excadrill\n|-damage|p1a: Excadrill|0 fnt\n|faint|p1a: Excadrill\n|\n|upkeep\n|\n|switch|p1a: Rotom|Rotom-Wash|100\/100\n|turn|5\n|\n|switch|p2a: Frosmoth|Frosmoth, M|100\/100\n|move|p1a: Rotom|Volt Switch|p2a: Frosmoth\n|-damage|p2a: Frosmoth|82\/100\n|\n|switch|p1a: Corviknight|Corviknight, F|100\/100|[from]move: Volt Switch\n|-ability|p1a: Corviknight|Pressure\n|\n|upkeep\n|turn|6\n|\n|switch|p2a: Dracozolt|Dracozolt|61\/100\n|move|p1a: Corviknight|Substitute|p1a: Corviknight\n|-start|p1a: Corviknight|Substitute\n|-damage|p1a: Corviknight|76\/100\n|\n|-heal|p1a: Corviknight|82\/100|[from] item: Leftovers\n|upkeep\n|turn|7\n|\n|move|p2a: Dracozolt|Bolt Beak|p1a: Corviknight|[miss]\n|-miss|p2a: Dracozolt|p1a: Corviknight\n|move|p1a: Corviknight|Brave Bird|p2a: Dracozolt\n|-resisted|p2a: Dracozolt\n|-crit|p2a: Dracozolt\n|-damage|p2a: Dracozolt|30\/100\n|-damage|p1a: Corviknight|73\/100|[from] Recoil\n|\n|-heal|p1a: Corviknight|79\/100|[from] item: Leftovers\n|upkeep\n|turn|8\n|\n|switch|p1a: Ditto|Ditto|100\/100\n|-transform|p1a: Ditto|p2a: Dracozolt|[from] ability: Imposter\n|move|p2a: Dracozolt|Bolt Beak|p1a: Ditto\n|-resisted|p1a: Ditto\n|-damage|p1a: Ditto|41\/100\n|\n|upkeep\n|turn|9\n|\n|move|p1a: Ditto|Low Kick|p2a: Dracozolt\n|-damage|p2a: Dracozolt|0 fnt\n|faint|p2a: Dracozolt\n|\n|upkeep\n|\n|switch|p2a: Dugtrio|Dugtrio, F|100\/100\n|turn|10\n|\n|move|p1a: Ditto|Low Kick|p2a: Dugtrio\n|-damage|p2a: Dugtrio|16\/100\n|move|p2a: Dugtrio|Earthquake|p1a: Ditto\n|-supereffective|p1a: Ditto\n|-damage|p1a: Ditto|0 fnt\n|faint|p1a: Ditto\n|\n|upkeep\n|\n|switch|p1a: Conkeldurr|Conkeldurr, F|16\/100 brn\n|turn|11\n|\n|move|p2a: Dugtrio|Earthquake|p1a: Conkeldurr\n|-damage|p1a: Conkeldurr|0 fnt\n|faint|p1a: Conkeldurr\n|\n|upkeep\n|\n|switch|p1a: Corviknight|Corviknight, F|79\/100\n|-ability|p1a: Corviknight|Pressure\n|turn|12\n|\n|switch|p2a: Cinderace|Cinderace, F|100\/100\n|move|p1a: Corviknight|Substitute|p1a: Corviknight\n|-start|p1a: Corviknight|Substitute\n|-damage|p1a: Corviknight|55\/100\n|\n|-heal|p1a: Corviknight|61\/100|[from] item: Leftovers\n|upkeep\n|turn|13\n|\n|move|p2a: Cinderace|Pyro Ball|p1a: Corviknight\n|-supereffective|p1a: Corviknight\n|-end|p1a: Corviknight|Substitute\n|move|p1a: Corviknight|Brave Bird|p2a: Cinderace\n|-damage|p2a: Cinderace|51\/100\n|-damage|p1a: Corviknight|48\/100|[from] Recoil\n|\n|-heal|p1a: Corviknight|54\/100|[from] item: Leftovers\n|upkeep\n|turn|14\n|\n|switch|p1a: Rotom|Rotom-Wash|100\/100\n|move|p2a: Cinderace|U-turn|p1a: Rotom\n|-damage|p1a: Rotom|83\/100\n|\n|switch|p2a: Frosmoth|Frosmoth, M|82\/100|[from]move: U-turn\n|\n|-heal|p1a: Rotom|89\/100|[from] item: Leftovers\n|upkeep\n|turn|15\n|\n|move|p2a: Frosmoth|Quiver Dance|p2a: Frosmoth\n|-boost|p2a: Frosmoth|spa|1\n|-boost|p2a: Frosmoth|spd|1\n|-boost|p2a: Frosmoth|spe|1\n|move|p1a: Rotom|Will-O-Wisp|p2a: Frosmoth\n|-status|p2a: Frosmoth|brn\n|\n|-heal|p1a: Rotom|96\/100|[from] item: Leftovers\n|-damage|p2a: Frosmoth|76\/100 brn|[from] brn\n|upkeep\n|turn|16\n|\n|move|p2a: Frosmoth|Quiver Dance|p2a: Frosmoth\n|-boost|p2a: Frosmoth|spa|1\n|-boost|p2a: Frosmoth|spd|1\n|-boost|p2a: Frosmoth|spe|1\n|move|p1a: Rotom|Hydro Pump|p2a: Frosmoth\n|-damage|p2a: Frosmoth|64\/100 brn\n|\n|-heal|p1a: Rotom|100\/100|[from] item: Leftovers\n|-damage|p2a: Frosmoth|58\/100 brn|[from] brn\n|upkeep\n|turn|17\n|\n|move|p2a: Frosmoth|Giga Drain|p1a: Rotom\n|-supereffective|p1a: Rotom\n|-damage|p1a: Rotom|0 fnt\n|-heal|p2a: Frosmoth|100\/100 brn|[from] drain|[of] p1a: Rotom\n|-damage|p2a: Frosmoth|91\/100 brn|[from] item: Life Orb\n|faint|p1a: Rotom\n|\n|-damage|p2a: Frosmoth|84\/100 brn|[from] brn\n|upkeep\n|\n|switch|p1a: Corviknight|Corviknight, F|54\/100\n|-ability|p1a: Corviknight|Pressure\n|turn|18\n|\n|-start|p1a: Corviknight|Dynamax\n|-heal|p1a: Corviknight|54\/100|[silent]\n|move|p2a: Frosmoth|Ice Beam|p1a: Corviknight\n|-damage|p1a: Corviknight|0 fnt\n|-damage|p2a: Frosmoth|75\/100 brn|[from] item: Life Orb\n|faint|p1a: Corviknight\n|\n|-damage|p2a: Frosmoth|68\/100 brn|[from] brn\n|upkeep\n|-message|fu&kinass forfeited.\n|\n|win|TryHonesty\n|raw|fu&amp;kinass's rating: 1262 &rarr; <strong>1241<\/strong><br \/>(-21 for losing)\n|raw|TryHonesty's rating: 1328 &rarr; <strong>1345<\/strong><br \/>(+17 for winning)\n","uploadtime":1575114301,"views":11,"p1id":"fukinass","p2id":"tryhonesty","formatid":"gen8ou","rating":1241,"private":0,"password":null}