{"id":"gen8ou-1679665265","p1":"No More Melos","p2":"EEEEEvolto","format":"gen8ou","log":"|j|\u2606No More Melos\n|j|\u2606EEEEEvolto\n|t:|1665111798\n|gametype|singles\n|player|p1|No More Melos|cilan|1481\n|player|p2|EEEEEvolto|266|1576\n|teamsize|p1|6\n|teamsize|p2|6\n|gen|8\n|tier|[Gen 8] OU\n|rated|\n|rule|Sleep Clause Mod: Limit one foe put to sleep\n|rule|Species Clause: Limit one of each Pok\u00e9mon\n|rule|OHKO Clause: OHKO moves are banned\n|rule|Evasion Items Clause: Evasion items are banned\n|rule|Evasion Moves Clause: Evasion moves are banned\n|rule|Endless Battle Clause: Forcing endless battles is banned\n|rule|HP Percentage Mod: HP is shown in percentages\n|rule|Dynamax Clause: You cannot dynamax\n|clearpoke\n|poke|p1|Excadrill, F|\n|poke|p1|Tapu Lele|\n|poke|p1|Keldeo-Resolute|\n|poke|p1|Garchomp, F|\n|poke|p1|Tyranitar, M|\n|poke|p1|Heatran, M|\n|poke|p2|Mew|\n|poke|p2|Weavile, M|\n|poke|p2|Celesteela|\n|poke|p2|Garchomp, M|\n|poke|p2|Blacephalon|\n|poke|p2|Crawdaunt, F|\n|teampreview\n|j| Tsukishirohinami\n|\n|t:|1665111832\n|start\n|switch|p1a: Heatran|Heatran, M|100\/100\n|switch|p2a: Blacephalon|Blacephalon, shiny|100\/100\n|turn|1\n|\n|t:|1665111849\n|switch|p2a: Garchomp|Garchomp, M, shiny|100\/100\n|move|p1a: Heatran|Toxic|p2a: Garchomp\n|-status|p2a: Garchomp|tox\n|-enditem|p2a: Garchomp|Lum Berry|[eat]\n|-curestatus|p2a: Garchomp|tox|[msg]\n|\n|upkeep\n|turn|2\n|\n|t:|1665111860\n|move|p2a: Garchomp|Earthquake|p1a: Heatran\n|-supereffective|p1a: Heatran\n|-damage|p1a: Heatran|0 fnt\n|faint|p1a: Heatran\n|\n|upkeep\n|\n|t:|1665111908\n|switch|p1a: Tapu Lele|Tapu Lele|100\/100\n|-fieldstart|move: Psychic Terrain|[from] ability: Psychic Surge|[of] p1a: Tapu Lele\n|turn|3\n|\n|t:|1665111922\n|switch|p1a: Tyranitar|Tyranitar, M|100\/100\n|-weather|Sandstorm|[from] ability: Sand Stream|[of] p1a: Tyranitar\n|switch|p2a: Mew|Mew, shiny|100\/100\n|\n|-weather|Sandstorm|[upkeep]\n|-damage|p2a: Mew|94\/100|[from] Sandstorm\n|upkeep\n|turn|4\n|\n|t:|1665111933\n|move|p2a: Mew|Thunder Wave|p1a: Tyranitar|[miss]\n|-miss|p2a: Mew|p1a: Tyranitar\n|move|p1a: Tyranitar|Stealth Rock|p2a: Mew\n|-sidestart|p2: EEEEEvolto|move: Stealth Rock\n|\n|-weather|Sandstorm|[upkeep]\n|-damage|p2a: Mew|88\/100|[from] Sandstorm\n|upkeep\n|turn|5\n|\n|t:|1665111941\n|move|p2a: Mew|Stealth Rock|p1a: Tyranitar\n|-sidestart|p1: No More Melos|move: Stealth Rock\n|move|p1a: Tyranitar|Thunder Wave|p2a: Mew\n|-status|p2a: Mew|par\n|-activate|p2a: Mew|ability: Synchronize\n|-status|p1a: Tyranitar|par\n|\n|-weather|Sandstorm|[upkeep]\n|-damage|p2a: Mew|82\/100 par|[from] Sandstorm\n|upkeep\n|turn|6\n|\n|t:|1665111967\n|switch|p2a: Garchomp|Garchomp, M, shiny|100\/100\n|-damage|p2a: Garchomp|94\/100|[from] Stealth Rock\n|move|p1a: Tyranitar|Thunder Wave|p2a: Garchomp\n|-immune|p2a: Garchomp\n|\n|-weather|Sandstorm|[upkeep]\n|upkeep\n|turn|7\n|\n|t:|1665111982\n|switch|p1a: Excadrill|Excadrill, F|100\/100\n|-damage|p1a: Excadrill|97\/100|[from] Stealth Rock\n|-item|p1a: Excadrill|Air Balloon\n|move|p2a: Garchomp|Earthquake|p1a: Excadrill\n|-immune|p1a: Excadrill\n|\n|-weather|Sandstorm|[upkeep]\n|-fieldend|move: Psychic Terrain\n|upkeep\n|turn|8\n|\n|t:|1665111999\n|move|p1a: Excadrill|Rapid Spin|p2a: Garchomp\n|-damage|p2a: Garchomp|75\/100\n|-boost|p1a: Excadrill|spe|1\n|-damage|p1a: Excadrill|85\/100|[from] ability: Rough Skin|[of] p2a: Garchomp\n|-sideend|p1: No More Melos|Stealth Rock|[from] move: Rapid Spin|[of] p1a: Excadrill\n|move|p2a: Garchomp|Fire Fang|p1a: Excadrill\n|-supereffective|p1a: Excadrill\n|-damage|p1a: Excadrill|22\/100\n|-status|p1a: Excadrill|brn\n|-enditem|p1a: Excadrill|Air Balloon\n|\n|-weather|Sandstorm|[upkeep]\n|-damage|p1a: Excadrill|16\/100 brn|[from] brn\n|upkeep\n|turn|9\n|\n|t:|1665112020\n|move|p1a: Excadrill|Iron Head|p2a: Garchomp\n|-damage|p2a: Garchomp|50\/100\n|-damage|p1a: Excadrill|4\/100 brn|[from] ability: Rough Skin|[of] p2a: Garchomp\n|move|p2a: Garchomp|Scale Shot|p1a: Excadrill\n|-resisted|p1a: Excadrill\n|-damage|p1a: Excadrill|0 fnt\n|faint|p1a: Excadrill\n|-hitcount|p1: Excadrill|1\n|-unboost|p2a: Garchomp|def|1\n|-boost|p2a: Garchomp|spe|1\n|\n|-weather|Sandstorm|[upkeep]\n|upkeep\n|\n|t:|1665112040\n|switch|p1a: Tapu Lele|Tapu Lele|100\/100\n|-fieldstart|move: Psychic Terrain|[from] ability: Psychic Surge|[of] p1a: Tapu Lele\n|turn|10\n|\n|t:|1665112052\n|move|p2a: Garchomp|Earthquake|p1a: Tapu Lele\n|-damage|p1a: Tapu Lele|21\/100\n|move|p1a: Tapu Lele|Moonblast|p2a: Garchomp\n|-supereffective|p2a: Garchomp\n|-damage|p2a: Garchomp|0 fnt\n|faint|p2a: Garchomp\n|\n|-weather|none\n|upkeep\n|\n|t:|1665112056\n|switch|p2a: Celesteela|Celesteela, shiny|100\/100\n|-damage|p2a: Celesteela|88\/100|[from] Stealth Rock\n|turn|11\n|\n|t:|1665112069\n|switch|p1a: Tyranitar|Tyranitar, M|100\/100 par\n|-weather|Sandstorm|[from] ability: Sand Stream|[of] p1a: Tyranitar\n|move|p2a: Celesteela|Autotomize|p2a: Celesteela\n|-boost|p2a: Celesteela|spe|2\n|-start|p2a: Celesteela|Autotomize\n|\n|-weather|Sandstorm|[upkeep]\n|upkeep\n|turn|12\n|\n|t:|1665112080\n|move|p2a: Celesteela|Meteor Beam||[still]\n|-prepare|p2a: Celesteela|Meteor Beam\n|-boost|p2a: Celesteela|spa|1\n|-enditem|p2a: Celesteela|Power Herb\n|-anim|p2a: Celesteela|Meteor Beam|p1a: Tyranitar\n|-damage|p1a: Tyranitar|76\/100 par\n|cant|p1a: Tyranitar|par\n|\n|-weather|Sandstorm|[upkeep]\n|upkeep\n|turn|13\n|\n|t:|1665112084\n|move|p2a: Celesteela|Air Slash|p1a: Tyranitar\n|-resisted|p1a: Tyranitar\n|-damage|p1a: Tyranitar|65\/100 par\n|cant|p1a: Tyranitar|flinch\n|\n|-weather|Sandstorm|[upkeep]\n|upkeep\n|turn|14\n|\n|t:|1665112089\n|move|p2a: Celesteela|Air Slash|p1a: Tyranitar\n|-resisted|p1a: Tyranitar\n|-damage|p1a: Tyranitar|53\/100 par\n|move|p1a: Tyranitar|Thunder Wave|p2a: Celesteela\n|-status|p2a: Celesteela|par\n|\n|-weather|Sandstorm|[upkeep]\n|-fieldend|move: Psychic Terrain\n|upkeep\n|turn|15\n|\n|t:|1665112099\n|move|p2a: Celesteela|Meteor Beam||[still]\n|-prepare|p2a: Celesteela|Meteor Beam\n|-boost|p2a: Celesteela|spa|1\n|move|p1a: Tyranitar|Rock Blast|p2a: Celesteela\n|-damage|p2a: Celesteela|77\/100 par\n|-damage|p2a: Celesteela|66\/100 par\n|-damage|p2a: Celesteela|56\/100 par\n|-damage|p2a: Celesteela|44\/100 par\n|-damage|p2a: Celesteela|33\/100 par\n|-hitcount|p2a: Celesteela|5\n|\n|-weather|Sandstorm|[upkeep]\n|upkeep\n|turn|16\n|\n|t:|1665112111\n|move|p2a: Celesteela|Meteor Beam|p1a: Tyranitar|[from]lockedmove\n|-damage|p1a: Tyranitar|22\/100 par\n|cant|p1a: Tyranitar|par\n|\n|-weather|Sandstorm|[upkeep]\n|upkeep\n|turn|17\n|\n|t:|1665112116\n|move|p2a: Celesteela|Air Slash|p1a: Tyranitar\n|-resisted|p1a: Tyranitar\n|-damage|p1a: Tyranitar|7\/100 par\n|cant|p1a: Tyranitar|flinch\n|\n|-weather|Sandstorm|[upkeep]\n|upkeep\n|turn|18\n|\n|t:|1665112118\n|move|p2a: Celesteela|Autotomize|p2a: Celesteela\n|-boost|p2a: Celesteela|spe|2\n|-start|p2a: Celesteela|Autotomize\n|move|p1a: Tyranitar|Rock Blast|p2a: Celesteela\n|-damage|p2a: Celesteela|22\/100 par\n|-damage|p2a: Celesteela|10\/100 par\n|-hitcount|p2a: Celesteela|2\n|\n|-weather|none\n|upkeep\n|turn|19\n|\n|t:|1665112121\n|move|p2a: Celesteela|Air Slash|p1a: Tyranitar\n|-resisted|p1a: Tyranitar\n|-damage|p1a: Tyranitar|0 fnt\n|faint|p1a: Tyranitar\n|-ability|p2a: Celesteela|Beast Boost|boost\n|-boost|p2a: Celesteela|spa|1\n|\n|upkeep\n|\n|t:|1665112133\n|switch|p1a: Tapu Lele|Tapu Lele|21\/100\n|-fieldstart|move: Psychic Terrain|[from] ability: Psychic Surge|[of] p1a: Tapu Lele\n|turn|20\n|\n|t:|1665112143\n|move|p1a: Tapu Lele|Moonblast|p2a: Celesteela\n|-resisted|p2a: Celesteela\n|-damage|p2a: Celesteela|0 fnt\n|faint|p2a: Celesteela\n|\n|upkeep\n|\n|t:|1665112145\n|switch|p2a: Blacephalon|Blacephalon, shiny|100\/100\n|-damage|p2a: Blacephalon|76\/100|[from] Stealth Rock\n|turn|21\n|\n|t:|1665112152\n|switch|p1a: Keldeo|Keldeo-Resolute|100\/100\n|move|p2a: Blacephalon|Shadow Ball|p1a: Keldeo\n|-damage|p1a: Keldeo|43\/100\n|\n|upkeep\n|turn|22\n|\n|t:|1665112163\n|switch|p2a: Mew|Mew, shiny|82\/100 par\n|-damage|p2a: Mew|70\/100 par|[from] Stealth Rock\n|move|p1a: Keldeo|Hydro Pump|p2a: Mew\n|-damage|p2a: Mew|0 fnt\n|faint|p2a: Mew\n|\n|upkeep\n|\n|t:|1665112166\n|switch|p2a: Crawdaunt|Crawdaunt, F, shiny|100\/100\n|-damage|p2a: Crawdaunt|88\/100|[from] Stealth Rock\n|turn|23\n|\n|t:|1665112175\n|move|p1a: Keldeo|Hydro Pump|p2a: Crawdaunt\n|-resisted|p2a: Crawdaunt\n|-damage|p2a: Crawdaunt|0 fnt\n|faint|p2a: Crawdaunt\n|\n|upkeep\n|\n|t:|1665112179\n|switch|p2a: Weavile|Weavile, M, shiny|100\/100\n|-damage|p2a: Weavile|76\/100|[from] Stealth Rock\n|-ability|p2a: Weavile|Pressure\n|turn|24\n|\n|t:|1665112186\n|move|p2a: Weavile|Triple Axel|p1a: Keldeo\n|-resisted|p1a: Keldeo\n|-damage|p1a: Keldeo|34\/100\n|-hitcount|p1a: Keldeo|1\n|-damage|p2a: Weavile|66\/100|[from] item: Life Orb\n|move|p1a: Keldeo|Hydro Pump|p2a: Weavile\n|-damage|p2a: Weavile|0 fnt\n|faint|p2a: Weavile\n|\n|-fieldend|move: Psychic Terrain\n|upkeep\n|\n|t:|1665112188\n|switch|p2a: Blacephalon|Blacephalon, shiny|76\/100\n|-damage|p2a: Blacephalon|51\/100|[from] Stealth Rock\n|turn|25\n|\n|t:|1665112192\n|move|p2a: Blacephalon|Shadow Ball|p1a: Keldeo\n|-damage|p1a: Keldeo|0 fnt\n|faint|p1a: Keldeo\n|-ability|p2a: Blacephalon|Beast Boost|boost\n|-boost|p2a: Blacephalon|spa|1\n|\n|upkeep\n|\n|t:|1665112200\n|switch|p1a: Garchomp|Garchomp, F|100\/100\n|turn|26\n|\n|t:|1665112202\n|move|p2a: Blacephalon|Shadow Ball|p1a: Garchomp\n|-damage|p1a: Garchomp|13\/100\n|move|p1a: Garchomp|Earthquake|p2a: Blacephalon\n|-supereffective|p2a: Blacephalon\n|-damage|p2a: Blacephalon|0 fnt\n|faint|p2a: Blacephalon\n|-damage|p1a: Garchomp|3\/100|[from] item: Life Orb\n|\n|win|No More Melos\n|raw|No More Melos's rating: 1481 &rarr; <strong>1506<\/strong><br \/>(+25 for winning)\n|raw|EEEEEvolto's rating: 1576 &rarr; <strong>1551<\/strong><br \/>(-25 for losing)\n|l|\u2606EEEEEvolto\n|l| Tsukishirohinami\n||Ladder isn't responding, score probably updated but might not have (Request timeout).\n","uploadtime":1665112234,"views":12,"p1id":"nomoremelos","p2id":"eeeeevolto","formatid":"gen8ou","rating":1506,"private":0,"password":null}