{"id":"gen8randombattle-1196338132","p1":"Burnt Bright","p2":"UltraHypernova","format":"gen8randombattle","log":"|j|\u2606Burnt Bright\n|j|\u2606UltraHypernova\n|t:|1601581561\n|player|p1|Burnt Bright|parasollady-gen4|1717\n|player|p2|UltraHypernova|cyclist-gen4|1664\n|teamsize|p1|6\n|teamsize|p2|6\n|gametype|singles\n|gen|8\n|tier|[Gen 8] Random Battle\n|rated|\n|rule|Species Clause: Limit one of each Pok\u00e9mon\n|rule|HP Percentage Mod: HP is shown in percentages\n|rule|Sleep Clause Mod: Limit one foe put to sleep\n|\n|t:|1601581561\n|start\n|switch|p1a: Lycanroc|Lycanroc-Dusk, L82, M|257\/257\n|switch|p2a: Guzzlord|Guzzlord, L88|536\/536\n|turn|1\n|\n|t:|1601581608\n|move|p1a: Lycanroc|Close Combat|p2a: Guzzlord\n|-supereffective|p2a: Guzzlord\n|-damage|p2a: Guzzlord|202\/536\n|-unboost|p1a: Lycanroc|def|1\n|-unboost|p1a: Lycanroc|spd|1\n|move|p2a: Guzzlord|Knock Off|p1a: Lycanroc\n|-damage|p1a: Lycanroc|52\/257\n|-enditem|p1a: Lycanroc|Focus Sash|[from] move: Knock Off|[of] p2a: Guzzlord\n|\n|upkeep\n|turn|2\n|\n|t:|1601581631\n|move|p1a: Lycanroc|Close Combat|p2a: Guzzlord\n|-supereffective|p2a: Guzzlord\n|-damage|p2a: Guzzlord|0 fnt\n|-unboost|p1a: Lycanroc|def|1\n|-unboost|p1a: Lycanroc|spd|1\n|faint|p2a: Guzzlord\n|\n|upkeep\n|\n|t:|1601581634\n|switch|p2a: Jolteon|Jolteon, L86, F|252\/252\n|turn|3\n|\n|t:|1601581642\n|move|p1a: Lycanroc|Accelerock|p2a: Jolteon\n|-damage|p2a: Jolteon|168\/252\n|move|p2a: Jolteon|Volt Switch|p1a: Lycanroc\n|-damage|p1a: Lycanroc|0 fnt\n|faint|p1a: Lycanroc\n|\n|t:|1601581664\n|switch|p2a: Mr. Rime|Mr. Rime, L88, M|284\/284\n|\n|upkeep\n|\n|t:|1601581681\n|switch|p1a: Mawile|Mawile, L88, M|231\/231\n|turn|4\n|\n|t:|1601581724\n|switch|p2a: Mantine|Mantine, L84, F|280\/280\n|move|p1a: Mawile|Iron Head|p2a: Mantine\n|-resisted|p2a: Mantine\n|-damage|p2a: Mantine|196\/280\n|\n|upkeep\n|turn|5\n|\n|t:|1601581741\n|switch|p1a: Tangrowth|Tangrowth, L80, F|291\/291\n|move|p2a: Mantine|Scald|p1a: Tangrowth\n|-resisted|p1a: Tangrowth\n|-damage|p1a: Tangrowth|236\/291\n|\n|upkeep\n|turn|6\n|\n|t:|1601581780\n|move|p2a: Mantine|Toxic|p1a: Tangrowth|[miss]\n|-miss|p2a: Mantine|p1a: Tangrowth\n|move|p1a: Tangrowth|Knock Off|p2a: Mantine\n|-damage|p2a: Mantine|126\/280\n|-enditem|p2a: Mantine|Heavy-Duty Boots|[from] move: Knock Off|[of] p1a: Tangrowth\n|\n|upkeep\n|turn|7\n|\n|t:|1601581809\n|switch|p2a: Lopunny|Lopunny, L88, M|258\/258\n|move|p1a: Tangrowth|Sleep Powder|p2a: Lopunny\n|-status|p2a: Lopunny|slp|[from] move: Sleep Powder\n|\n|upkeep\n|turn|8\n|\n|t:|1601581817\n|switch|p1a: Weezing|Weezing-Galar, L82, F|241\/241\n|-ability|p1a: Weezing|Neutralizing Gas\n|cant|p2a: Lopunny|slp\n|\n|upkeep\n|turn|9\n|\n|t:|1601581826\n|switch|p2a: Mantine|Mantine, L84, F|126\/280\n|move|p1a: Weezing|Toxic Spikes|p2a: Mantine\n|-sidestart|p2: UltraHypernova|move: Toxic Spikes\n|\n|upkeep\n|turn|10\n|\n|t:|1601581840\n|move|p2a: Mantine|Roost|p2a: Mantine\n|-heal|p2a: Mantine|266\/280\n|-singleturn|p2a: Mantine|move: Roost\n|move|p1a: Weezing|Strange Steam|p2a: Mantine\n|-damage|p2a: Mantine|212\/280\n|\n|upkeep\n|turn|11\n|\n|t:|1601581847\n|switch|p1a: Tangrowth|Tangrowth, L80, F|291\/291\n|move|p2a: Mantine|Defog|p1a: Tangrowth\n|-unboost|p1a: Tangrowth|evasion|1\n|-sideend|p2: UltraHypernova|Toxic Spikes|[from] move: Defog|[of] p2a: Mantine\n|\n|upkeep\n|turn|12\n|\n|t:|1601581852\n|switch|p2a: Lopunny|Lopunny, L88, M|258\/258 slp\n|move|p1a: Tangrowth|Giga Drain|p2a: Lopunny\n|-damage|p2a: Lopunny|186\/258 slp\n|\n|upkeep\n|turn|13\n|\n|t:|1601581857\n|cant|p2a: Lopunny|slp\n|move|p1a: Tangrowth|Knock Off|p2a: Lopunny\n|-damage|p2a: Lopunny|119\/258 slp\n|-enditem|p2a: Lopunny|Toxic Orb|[from] move: Knock Off|[of] p1a: Tangrowth\n|\n|upkeep\n|turn|14\n|\n|t:|1601581868\n|cant|p2a: Lopunny|slp\n|move|p1a: Tangrowth|Giga Drain|p2a: Lopunny\n|-damage|p2a: Lopunny|40\/258 slp\n|\n|upkeep\n|turn|15\n|\n|t:|1601581880\n|switch|p2a: Mr. Rime|Mr. Rime, L88, M|284\/284\n|move|p1a: Tangrowth|Giga Drain|p2a: Mr. Rime\n|-damage|p2a: Mr. Rime|217\/284\n|\n|upkeep\n|turn|16\n|\n|t:|1601581892\n|switch|p1a: Mawile|Mawile, L88, M|231\/231\n|move|p2a: Mr. Rime|Focus Blast|p1a: Mawile\n|-damage|p1a: Mawile|105\/231\n|\n|upkeep\n|turn|17\n|\n|t:|1601581898\n|move|p1a: Mawile|Sucker Punch|p2a: Mr. Rime\n|-supereffective|p2a: Mr. Rime\n|-damage|p2a: Mr. Rime|66\/284\n|-damage|p1a: Mawile|82\/231|[from] item: Life Orb\n|move|p2a: Mr. Rime|Focus Blast|p1a: Mawile|[miss]\n|-miss|p2a: Mr. Rime|p1a: Mawile\n|\n|upkeep\n|turn|18\n|c|\u2606UltraHypernova|:(\n|\n|t:|1601581911\n|move|p2a: Mr. Rime|Slack Off|p2a: Mr. Rime\n|-heal|p2a: Mr. Rime|208\/284\n|move|p1a: Mawile|Play Rough|p2a: Mr. Rime\n|-damage|p2a: Mr. Rime|39\/284\n|\n|upkeep\n|turn|19\n|\n|t:|1601581920\n|move|p2a: Mr. Rime|Focus Blast|p1a: Mawile\n|-damage|p1a: Mawile|0 fnt\n|faint|p1a: Mawile\n|\n|upkeep\n|\n|t:|1601581929\n|switch|p1a: Naganadel|Naganadel, L76|236\/236\n|turn|20\n|\n|t:|1601581935\n|move|p1a: Naganadel|Sludge Wave|p2a: Mr. Rime\n|-damage|p2a: Mr. Rime|0 fnt\n|-damage|p1a: Naganadel|213\/236|[from] item: Life Orb\n|faint|p2a: Mr. Rime\n|-ability|p1a: Naganadel|Beast Boost|boost\n|-boost|p1a: Naganadel|spa|1\n|\n|upkeep\n|\n|t:|1601581945\n|switch|p2a: Jolteon|Jolteon, L86, F|168\/252\n|turn|21\n|\n|t:|1601581958\n|-start|p1a: Naganadel|Dynamax\n|-heal|p1a: Naganadel|426\/472|[silent]\n|move|p2a: Jolteon|Hyper Voice|p1a: Naganadel\n|-damage|p1a: Naganadel|295\/472\n|move|p1a: Naganadel|Max Airstream|p2a: Jolteon\n|-resisted|p2a: Jolteon\n|-crit|p2a: Jolteon\n|-damage|p2a: Jolteon|32\/252\n|-boost|p1a: Naganadel|spe|1\n|-damage|p1a: Naganadel|272\/472|[from] item: Life Orb\n|\n|upkeep\n|turn|22\n|\n|t:|1601581966\n|move|p1a: Naganadel|Max Ooze|p2a: Jolteon\n|-damage|p2a: Jolteon|0 fnt\n|-boost|p1a: Naganadel|spa|1\n|-damage|p1a: Naganadel|249\/472|[from] item: Life Orb\n|faint|p2a: Jolteon\n|-ability|p1a: Naganadel|Beast Boost|boost\n|-boost|p1a: Naganadel|spa|1\n|\n|upkeep\n|\n|t:|1601581974\n|switch|p2a: Thievul|Thievul, L88, M|266\/266\n|turn|23\n|\n|t:|1601581981\n|-start|p2a: Thievul|Dynamax\n|-heal|p2a: Thievul|532\/532|[silent]\n|move|p2a: Thievul|Max Guard|p2a: Thievul\n|-singleturn|p2a: Thievul|Max Guard\n|move|p1a: Naganadel|Max Wyrmwind|p2a: Thievul\n|-activate|p2a: Thievul|move: Max Guard\n|\n|-end|p1a: Naganadel|Dynamax\n|-heal|p1a: Naganadel|125\/236|[silent]\n|upkeep\n|turn|24\n|\n|t:|1601581990\n|move|p1a: Naganadel|Draco Meteor|p2a: Thievul\n|-damage|p2a: Thievul|137\/532\n|-unboost|p1a: Naganadel|spa|2\n|-damage|p1a: Naganadel|102\/236|[from] item: Life Orb\n|move|p2a: Thievul|Max Mindstorm|p1a: Naganadel\n|-supereffective|p1a: Naganadel\n|-damage|p1a: Naganadel|0 fnt\n|-fieldstart|move: Psychic Terrain\n|faint|p1a: Naganadel\n|\n|-heal|p2a: Thievul|153\/532|[from] item: Leftovers\n|upkeep\n|\n|t:|1601582005\n|switch|p1a: Tangrowth|Tangrowth, L80, F|291\/291\n|turn|25\n|\n|t:|1601582039\n|move|p2a: Thievul|Max Darkness|p1a: Tangrowth\n|-damage|p1a: Tangrowth|77\/291\n|-unboost|p1a: Tangrowth|spd|1\n|move|p1a: Tangrowth|Giga Drain|p2a: Thievul\n|-damage|p2a: Thievul|81\/532\n|-heal|p1a: Tangrowth|113\/291|[from] drain|[of] p2a: Thievul\n|\n|-heal|p2a: Thievul|97\/532|[from] item: Leftovers\n|-end|p2a: Thievul|Dynamax\n|-heal|p2a: Thievul|49\/266|[silent]\n|upkeep\n|turn|26\n|\n|t:|1601582051\n|switch|p1a: Weezing|Weezing-Galar, L82, F|241\/241\n|-ability|p1a: Weezing|Neutralizing Gas\n|move|p2a: Thievul|Psychic|p1a: Weezing\n|-supereffective|p1a: Weezing\n|-damage|p1a: Weezing|21\/241\n|\n|-heal|p2a: Thievul|65\/266|[from] item: Leftovers\n|-heal|p1a: Weezing|36\/241|[from] item: Black Sludge\n|upkeep\n|turn|27\n|\n|t:|1601582060\n|move|p2a: Thievul|Dark Pulse|p1a: Weezing\n|-resisted|p1a: Weezing\n|-damage|p1a: Weezing|0 fnt\n|faint|p1a: Weezing\n|\n|-heal|p2a: Thievul|81\/266|[from] item: Leftovers\n|upkeep\n|\n|t:|1601582068\n|switch|p1a: Tangrowth|Tangrowth, L80, F|210\/291\n|turn|28\n|\n|t:|1601582083\n|move|p2a: Thievul|Parting Shot|p1a: Tangrowth\n|-unboost|p1a: Tangrowth|atk|1\n|-unboost|p1a: Tangrowth|spa|1\n|\n|t:|1601582087\n|switch|p2a: Mantine|Mantine, L84, F|212\/280\n|move|p1a: Tangrowth|Giga Drain|p2a: Mantine\n|-damage|p2a: Mantine|176\/280\n|-heal|p1a: Tangrowth|228\/291|[from] drain|[of] p2a: Mantine\n|\n|-fieldend|move: Psychic Terrain\n|upkeep\n|turn|29\n|\n|t:|1601582096\n|move|p2a: Mantine|Toxic|p1a: Tangrowth\n|-status|p1a: Tangrowth|tox\n|move|p1a: Tangrowth|Sludge Bomb|p2a: Mantine\n|-crit|p2a: Mantine\n|-damage|p2a: Mantine|106\/280\n|-status|p2a: Mantine|psn\n|\n|-damage|p2a: Mantine|71\/280 psn|[from] psn\n|-damage|p1a: Tangrowth|210\/291 tox|[from] psn\n|upkeep\n|turn|30\n|\n|t:|1601582101\n|move|p2a: Mantine|Roost|p2a: Mantine\n|-heal|p2a: Mantine|211\/280 psn\n|-singleturn|p2a: Mantine|move: Roost\n|move|p1a: Tangrowth|Giga Drain|p2a: Mantine\n|-supereffective|p2a: Mantine\n|-damage|p2a: Mantine|133\/280 psn\n|-heal|p1a: Tangrowth|249\/291 tox|[from] drain|[of] p2a: Mantine\n|\n|-damage|p2a: Mantine|98\/280 psn|[from] psn\n|-damage|p1a: Tangrowth|213\/291 tox|[from] psn\n|upkeep\n|turn|31\n|\n|t:|1601582114\n|switch|p1a: Bouffalant|Bouffalant, L88, M|310\/310\n|move|p2a: Mantine|Scald|p1a: Bouffalant\n|-damage|p1a: Bouffalant|249\/310\n|\n|-damage|p2a: Mantine|63\/280 psn|[from] psn\n|upkeep\n|turn|32\n|\n|t:|1601582120\n|move|p2a: Mantine|Scald|p1a: Bouffalant\n|-crit|p1a: Bouffalant\n|-damage|p1a: Bouffalant|147\/310\n|move|p1a: Bouffalant|Head Charge|p2a: Mantine\n|-damage|p2a: Mantine|0 fnt\n|-damage|p1a: Bouffalant|131\/310|[from] Recoil\n|faint|p2a: Mantine\n|\n|upkeep\n|\n|t:|1601582124\n|switch|p2a: Lopunny|Lopunny, L88, M|40\/258 slp\n|turn|33\n|\n|t:|1601582127\n|switch|p1a: Tangrowth|Tangrowth, L80, F|291\/291 tox\n|-curestatus|p2a: Lopunny|slp|[msg]\n|move|p2a: Lopunny|Healing Wish|p2a: Lopunny\n|faint|p2a: Lopunny\n|\n|-damage|p1a: Tangrowth|273\/291 tox|[from] psn\n|upkeep\n|\n|t:|1601582134\n|switch|p2a: Thievul|Thievul, L88, M|81\/266\n|-heal|p2a: Thievul|266\/266|[from] move: Healing Wish\n|turn|34\n|\n|t:|1601582137\n|move|p2a: Thievul|Nasty Plot|p2a: Thievul\n|-boost|p2a: Thievul|spa|2\n|move|p1a: Tangrowth|Sleep Powder|p2a: Thievul\n|-status|p2a: Thievul|slp|[from] move: Sleep Powder\n|\n|-damage|p1a: Tangrowth|237\/291 tox|[from] psn\n|upkeep\n|turn|35\n|\n|t:|1601582142\n|switch|p1a: Bouffalant|Bouffalant, L88, M|131\/310\n|cant|p2a: Thievul|slp\n|\n|upkeep\n|turn|36\n|\n|t:|1601582145\n|cant|p2a: Thievul|slp\n|move|p1a: Bouffalant|Close Combat|p2a: Thievul\n|-supereffective|p2a: Thievul\n|-damage|p2a: Thievul|0 fnt\n|-unboost|p1a: Bouffalant|def|1\n|-unboost|p1a: Bouffalant|spd|1\n|faint|p2a: Thievul\n|\n|win|Burnt Bright\n|c|\u2606UltraHypernova|gg\n|c|\u2606Burnt Bright|gg\n","inputlog":">version 3f676ee5045d862c6d3e3ae3be1769ccce9f7444\n>start {\"formatid\":\"gen8randombattle\",\"seed\":[58031,44234,25096,5279],\"rated\":\"Rated battle\"}\n>player p1 {\"name\":\"Burnt Bright\",\"avatar\":\"parasollady-gen4\",\"team\":\"\",\"rating\":1717,\"seed\":[4347,24116,52274,36935]}\n>player p2 {\"name\":\"UltraHypernova\",\"avatar\":\"cyclist-gen4\",\"team\":\"\",\"rating\":1664,\"seed\":[42342,30805,32144,30179]}\n>p1 move closecombat\n>p2 move knockoff\n>p1 move closecombat\n>p2 move knockoff\n>p2 switch 2\n>p1 move accelerock\n>p2 move voltswitch\n>p2 switch 3\n>p1 switch 5\n>p1 move ironhead\n>p2 switch 6\n>p1 switch 6\n>p2 move scald\n>p1 move knockoff\n>p2 move toxic\n>p1 move sleeppowder\n>p2 switch 5\n>p1 switch 4\n>p2 move switcheroo\n>p1 move toxicspikes\n>p2 switch 5\n>p1 move strangesteam\n>p2 move roost\n>p1 switch 4\n>p2 move defog\n>p1 move gigadrain\n>p2 switch 5\n>p1 move knockoff\n>p2 move switcheroo\n>p1 move gigadrain\n>p2 move facade\n>p1 move gigadrain\n>p2 switch 6\n>p1 switch 6\n>p2 move focusblast\n>p1 move suckerpunch\n>p2 move focusblast\n>chat \u2606UltraHypernova|:(\n>p1 move playrough\n>p2 move slackoff\n>p1 move ironhead\n>p2 move focusblast\n>p1 switch 2\n>p1 move sludgewave\n>p2 move psychic\n>p2 switch 3\n>p1 move airslash dynamax\n>p2 move hypervoice\n>p1 move sludgewave dynamax\n>p2 move hypervoice\n>p2 switch 4\n>p1 move dracometeor dynamax\n>p2 move nastyplot dynamax\n>p1 move dracometeor\n>p2 move psychic dynamax\n>p1 switch 6\n>p1 move gigadrain\n>p2 move darkpulse dynamax\n>p1 switch 4\n>p2 move psychic\n>p1 move strangesteam\n>p2 move darkpulse\n>p1 switch 4\n>p1 move gigadrain\n>p2 move partingshot\n>p2 switch 5\n>p1 move sludgebomb\n>p2 move toxic\n>p1 move gigadrain\n>p2 move roost\n>p1 switch 3\n>p2 move scald\n>p1 move headcharge\n>p2 move scald\n>p2 switch 6\n>p1 switch 3\n>p2 move healingwish\n>p2 switch 5\n>p1 move sleeppowder\n>p2 move nastyplot\n>p1 switch 3\n>p2 move darkpulse\n>p1 move closecombat\n>p2 move darkpulse","uploadtime":1601582169,"views":2,"p1id":"burntbright","p2id":"ultrahypernova","formatid":"gen8randombattle","rating":0,"private":0,"password":null}