{"id":"gen8ou-1584140141","p1":"Scoots Mgee","p2":"Raw is War","format":"gen8ou","log":"|j|\u2606Scoots Mgee\n|j|\u2606Raw is War\n|t:|1653677374\n|gametype|singles\n|player|p1|Scoots Mgee|acetrainerf|1432\n|player|p2|Raw is War|cheryl|1460\n|teamsize|p1|6\n|teamsize|p2|6\n|gen|8\n|tier|[Gen 8] OU\n|rated|\n|rule|Sleep Clause Mod: Limit one foe put to sleep\n|rule|Species Clause: Limit one of each Pok\u00e9mon\n|rule|OHKO Clause: OHKO moves are banned\n|rule|Evasion Moves Clause: Evasion moves are banned\n|rule|Endless Battle Clause: Forcing endless battles is banned\n|rule|HP Percentage Mod: HP is shown in percentages\n|rule|Dynamax Clause: You cannot dynamax\n|clearpoke\n|poke|p1|Tapu Lele|\n|poke|p1|Dragapult, M|\n|poke|p1|Zeraora|\n|poke|p1|Ferrothorn, M|\n|poke|p1|Landorus-Therian, M|\n|poke|p1|Heatran, M|\n|poke|p2|Dragonite, M|\n|poke|p2|Urshifu-*, F|\n|poke|p2|Corviknight, M|\n|poke|p2|Blacephalon|\n|poke|p2|Bisharp, M|\n|poke|p2|Swampert, M|\n|teampreview\n|inactive|Battle timer is ON: inactive players will automatically lose when time's up. (requested by Scoots Mgee)\n|\n|t:|1653677412\n|start\n|switch|p1a: Ferrothorn|Ferrothorn, M|100\/100\n|switch|p2a: Swampert|Swampert, M|100\/100\n|turn|1\n|\n|t:|1653677423\n|switch|p2a: Corviknight|Corviknight, M|100\/100\n|-ability|p2a: Corviknight|Pressure\n|move|p1a: Ferrothorn|Power Whip|p2a: Corviknight\n|-resisted|p2a: Corviknight\n|-crit|p2a: Corviknight\n|-damage|p2a: Corviknight|82\/100\n|-damage|p1a: Ferrothorn|84\/100|[from] item: Rocky Helmet|[of] p2a: Corviknight\n|\n|upkeep\n|turn|2\n|\n|t:|1653677434\n|switch|p1a: Zeraora|Zeraora|100\/100\n|move|p2a: Corviknight|Body Press|p1a: Zeraora\n|-damage|p1a: Zeraora|66\/100\n|\n|upkeep\n|turn|3\n|\n|t:|1653677445\n|switch|p2a: Swampert|Swampert, M|100\/100\n|move|p1a: Zeraora|Knock Off|p2a: Swampert\n|-damage|p2a: Swampert|60\/100\n|-enditem|p2a: Swampert|Leftovers|[from] move: Knock Off|[of] p1a: Zeraora\n|\n|upkeep\n|turn|4\n|\n|t:|1653677464\n|switch|p1a: Ferrothorn|Ferrothorn, M|84\/100\n|move|p2a: Swampert|Stealth Rock|p1a: Ferrothorn\n|-sidestart|p1: Scoots Mgee|move: Stealth Rock\n|\n|upkeep\n|turn|5\n|\n|t:|1653677478\n|switch|p2a: Corviknight|Corviknight, M|82\/100\n|-ability|p2a: Corviknight|Pressure\n|move|p1a: Ferrothorn|Knock Off|p2a: Corviknight\n|-crit|p2a: Corviknight\n|-damage|p2a: Corviknight|36\/100\n|-damage|p1a: Ferrothorn|67\/100|[from] item: Rocky Helmet|[of] p2a: Corviknight\n|-enditem|p2a: Corviknight|Rocky Helmet|[from] move: Knock Off|[of] p1a: Ferrothorn\n|\n|upkeep\n|turn|6\n|\n|t:|1653677487\n|switch|p1a: Heatran|Heatran, M|100\/100\n|-damage|p1a: Heatran|88\/100|[from] Stealth Rock\n|move|p2a: Corviknight|Roost|p2a: Corviknight\n|-heal|p2a: Corviknight|86\/100\n|-singleturn|p2a: Corviknight|move: Roost\n|\n|upkeep\n|turn|7\n|\n|t:|1653677495\n|switch|p2a: Swampert|Swampert, M|60\/100\n|move|p1a: Heatran|Eruption|p2a: Swampert\n|-resisted|p2a: Swampert\n|-damage|p2a: Swampert|37\/100\n|\n|upkeep\n|turn|8\n|\n|t:|1653677506\n|switch|p1a: Ferrothorn|Ferrothorn, M|67\/100\n|-damage|p1a: Ferrothorn|61\/100|[from] Stealth Rock\n|move|p2a: Swampert|Flip Turn|p1a: Ferrothorn\n|-resisted|p1a: Ferrothorn\n|-damage|p1a: Ferrothorn|53\/100\n|-damage|p2a: Swampert|24\/100|[from] ability: Iron Barbs|[of] p1a: Ferrothorn\n|\n|t:|1653677526\n|switch|p2a: Urshifu|Urshifu-Rapid-Strike, F|100\/100|[from]move: Flip Turn\n|\n|upkeep\n|turn|9\n|\n|t:|1653677532\n|move|p2a: Urshifu|Close Combat|p1a: Ferrothorn\n|-supereffective|p1a: Ferrothorn\n|-damage|p1a: Ferrothorn|0 fnt\n|-unboost|p2a: Urshifu|def|1\n|-unboost|p2a: Urshifu|spd|1\n|-damage|p2a: Urshifu|88\/100|[from] ability: Iron Barbs|[of] p1a: Ferrothorn\n|faint|p1a: Ferrothorn\n|-damage|p2a: Urshifu|78\/100|[from] item: Life Orb\n|\n|upkeep\n|\n|t:|1653677538\n|switch|p1a: Dragapult|Dragapult, M|100\/100\n|-damage|p1a: Dragapult|88\/100|[from] Stealth Rock\n|turn|10\n|\n|t:|1653677549\n|switch|p2a: Swampert|Swampert, M|24\/100\n|move|p1a: Dragapult|U-turn|p2a: Swampert\n|-damage|p2a: Swampert|0 fnt\n|faint|p2a: Swampert\n|\n|t:|1653677553\n|switch|p1a: Zeraora|Zeraora|66\/100|[from]move: U-turn\n|-damage|p1a: Zeraora|53\/100|[from] Stealth Rock\n|\n|upkeep\n|\n|t:|1653677562\n|switch|p2a: Blacephalon|Blacephalon|100\/100\n|turn|11\n|\n|t:|1653677568\n|switch|p1a: Heatran|Heatran, M|88\/100\n|-damage|p1a: Heatran|76\/100|[from] Stealth Rock\n|move|p2a: Blacephalon|Shadow Ball|p1a: Heatran\n|-damage|p1a: Heatran|33\/100\n|\n|upkeep\n|turn|12\n|\n|t:|1653677576\n|move|p2a: Blacephalon|Shadow Ball|p1a: Heatran\n|-damage|p1a: Heatran|0 fnt\n|faint|p1a: Heatran\n|-ability|p2a: Blacephalon|Beast Boost|boost\n|-boost|p2a: Blacephalon|spa|1\n|\n|upkeep\n|\n|t:|1653677577\n|switch|p1a: Dragapult|Dragapult, M|88\/100\n|-damage|p1a: Dragapult|76\/100|[from] Stealth Rock\n|turn|13\n|inactive|Raw is War has 120 seconds left.\n|\n|t:|1653677619\n|switch|p2a: Bisharp|Bisharp, M|100\/100\n|-item|p2a: Bisharp|Air Balloon\n|move|p1a: Dragapult|Sucker Punch||[still]\n|-fail|p1a: Dragapult\n|\n|upkeep\n|turn|14\n|\n|t:|1653677629\n|switch|p1a: Tapu Lele|Tapu Lele|100\/100\n|-damage|p1a: Tapu Lele|88\/100|[from] Stealth Rock\n|-fieldstart|move: Psychic Terrain|[from] ability: Psychic Surge|[of] p1a: Tapu Lele\n|move|p2a: Bisharp|Knock Off|p1a: Tapu Lele\n|-damage|p1a: Tapu Lele|1\/100\n|-enditem|p1a: Tapu Lele|Choice Specs|[from] move: Knock Off|[of] p2a: Bisharp\n|\n|upkeep\n|turn|15\n|inactive|Raw is War has 120 seconds left.\n|\n|t:|1653677642\n|move|p1a: Tapu Lele|Psychic|p2a: Bisharp\n|-immune|p2a: Bisharp\n|move|p2a: Bisharp|Knock Off|p1a: Tapu Lele\n|-damage|p1a: Tapu Lele|0 fnt\n|faint|p1a: Tapu Lele\n|\n|upkeep\n|-message|Scoots Mgee forfeited.\n|\n|win|Raw is War\n|raw|Scoots Mgee's rating: 1432 &rarr; <strong>1414<\/strong><br \/>(-18 for losing)\n|raw|Raw is War's rating: 1460 &rarr; <strong>1478<\/strong><br \/>(+18 for winning)\n|l|\u2606Scoots Mgee\n||Ladder isn't responding, score probably updated but might not have (Request timeout).\n","uploadtime":1653677650,"views":4,"p1id":"scootsmgee","p2id":"rawiswar","formatid":"gen8ou","rating":1414,"private":0,"password":null}