{"id":"gen8ou-1172297424","p1":"The Last Hero","p2":"LT72MS Finch","format":"gen8ou","log":"|raw|<div class=\"broadcast-blue\"><strong>This battle is required to be public due to a player having a name prefixed by 'LT72MS'.<\/div>\n|j|\u2606The Last Hero\n|j|\u2606LT72MS Finch\n|t:|1597946593\n|player|p1|The Last Hero|acetrainersnow|1849\n|player|p2|LT72MS Finch|#finchinator|1870\n|teamsize|p1|6\n|teamsize|p2|6\n|gametype|singles\n|gen|8\n|tier|[Gen 8] OU\n|rated|\n|clearpoke\n|poke|p1|Blissey, F|\n|poke|p1|Avalugg, M|\n|poke|p1|Corviknight, M|\n|poke|p1|Sandaconda, M|\n|poke|p1|Ditto|\n|poke|p1|Toxapex, F|\n|poke|p2|Torkoal, M|\n|poke|p2|Hatterene, F|\n|poke|p2|Venusaur, F|\n|poke|p2|Charizard, F|\n|poke|p2|Toxapex, M|\n|poke|p2|Darmanitan, F|\n|rule|Sleep Clause Mod: Limit one foe put to sleep\n|rule|Species Clause: Limit one of each Pok\u00e9mon\n|rule|OHKO Clause: OHKO moves are banned\n|rule|Evasion Moves Clause: Evasion moves are banned\n|rule|Endless Battle Clause: Forcing endless battles is banned\n|rule|HP Percentage Mod: HP is shown in percentages\n|rule|Dynamax Clause: You cannot dynamax\n|teampreview\n|inactive|Battle timer is ON: inactive players will automatically lose when time's up. (requested by LT72MS Finch)\n|j| roundpenguin\n|c|\u2606The Last Hero|Hatto everywhere\n|\n|t:|1597946618\n|start\n|switch|p1a: Sand Snake|Sandaconda, M|100\/100\n|switch|p2a: Torkoal|Torkoal, M|100\/100\n|-weather|SunnyDay|[from] ability: Drought|[of] p2a: Torkoal\n|turn|1\n|\n|t:|1597946625\n|switch|p2a: Charizard|Charizard, F|100\/100\n|move|p1a: Sand Snake|Coil|p1a: Sand Snake\n|-boost|p1a: Sand Snake|atk|1\n|-boost|p1a: Sand Snake|def|1\n|-boost|p1a: Sand Snake|accuracy|1\n|\n|-weather|SunnyDay|[upkeep]\n|-damage|p2a: Charizard|88\/100|[from] ability: Solar Power|[of] p2a: Charizard\n|upkeep\n|turn|2\n|\n|t:|1597946630\n|switch|p1a: Crown|Toxapex, F|100\/100\n|move|p2a: Charizard|Weather Ball|p1a: Crown\n|-resisted|p1a: Crown\n|-damage|p1a: Crown|41\/100\n|\n|-weather|SunnyDay|[upkeep]\n|-damage|p2a: Charizard|76\/100|[from] ability: Solar Power|[of] p2a: Charizard\n|upkeep\n|turn|3\n|\n|t:|1597946632\n|switch|p1a: Bliss|Blissey, F|100\/100\n|move|p2a: Charizard|Weather Ball|p1a: Bliss\n|-damage|p1a: Bliss|44\/100\n|\n|-weather|SunnyDay|[upkeep]\n|-damage|p2a: Charizard|63\/100|[from] ability: Solar Power|[of] p2a: Charizard\n|-heal|p1a: Bliss|51\/100|[from] item: Leftovers\n|upkeep\n|turn|4\n|j| Swamprattata\n|\n|t:|1597946635\n|switch|p1a: Crown|Toxapex, F|74\/100\n|move|p2a: Charizard|Weather Ball|p1a: Crown\n|-resisted|p1a: Crown\n|-crit|p1a: Crown\n|-damage|p1a: Crown|0 fnt\n|faint|p1a: Crown\n|\n|-weather|SunnyDay|[upkeep]\n|-damage|p2a: Charizard|51\/100|[from] ability: Solar Power|[of] p2a: Charizard\n|upkeep\n|\n|t:|1597946639\n|switch|p1a: Ditroll|Ditto, shiny|100\/100\n|-transform|p1a: Ditroll|p2a: Charizard|[from] ability: Imposter\n|turn|5\n|\n|t:|1597946644\n|switch|p2a: Toxapex|Toxapex, M|100\/100\n|move|p1a: Ditroll|Overheat|p2a: Toxapex\n|-resisted|p2a: Toxapex\n|-damage|p2a: Toxapex|50\/100\n|-unboost|p1a: Ditroll|spa|2\n|-enditem|p2a: Toxapex|Eject Button\n|c| Swamprattata|Finch!(:\n|\n|t:|1597946649\n|switch|p2a: Darmanitan|Darmanitan, F|100\/100\n|\n|-weather|SunnyDay|[upkeep]\n|-damage|p1a: Ditroll|88\/100|[from] ability: Solar Power|[of] p1a: Ditroll\n|upkeep\n|turn|6\n|c|\u2606LT72MS Finch|:)\n|\n|t:|1597946654\n|switch|p1a: Iceberg|Avalugg, M|100\/100\n|move|p2a: Darmanitan|Flare Blitz|p1a: Iceberg\n|-supereffective|p1a: Iceberg\n|-ability|p1a: Iceberg|Sturdy\n|-damage|p1a: Iceberg|1\/100\n|-damage|p2a: Darmanitan|64\/100|[from] Recoil\n|\n|-weather|SunnyDay|[upkeep]\n|upkeep\n|turn|7\n|\n|t:|1597946656\n|move|p2a: Darmanitan|Flare Blitz|p1a: Iceberg\n|-supereffective|p1a: Iceberg\n|-damage|p1a: Iceberg|0 fnt\n|-damage|p2a: Darmanitan|63\/100|[from] Recoil\n|faint|p1a: Iceberg\n|\n|-weather|SunnyDay|[upkeep]\n|upkeep\n|\n|t:|1597946658\n|switch|p1a: Ditroll|Ditto, shiny|88\/100\n|-transform|p1a: Ditroll|p2a: Darmanitan|[from] ability: Imposter\n|turn|8\n|\n|t:|1597946661\n|switch|p2a: Toxapex|Toxapex, M|83\/100\n|move|p1a: Ditroll|Flare Blitz|p2a: Toxapex\n|-resisted|p2a: Toxapex\n|-damage|p2a: Toxapex|43\/100\n|-damage|p1a: Ditroll|75\/100|[from] Recoil\n|\n|-weather|none\n|upkeep\n|turn|9\n|\n|t:|1597946664\n|switch|p1a: Sand Snake|Sandaconda, M|100\/100\n|move|p2a: Toxapex|Recover|p2a: Toxapex\n|-heal|p2a: Toxapex|93\/100\n|\n|upkeep\n|turn|10\n|\n|t:|1597946667\n|switch|p2a: Hatterene|Hatterene, F|100\/100\n|move|p1a: Sand Snake|Coil|p1a: Sand Snake\n|-boost|p1a: Sand Snake|atk|1\n|-boost|p1a: Sand Snake|def|1\n|-boost|p1a: Sand Snake|accuracy|1\n|\n|upkeep\n|turn|11\n|j| Broc38\n|\n|t:|1597946669\n|move|p1a: Sand Snake|Coil|p1a: Sand Snake\n|-boost|p1a: Sand Snake|atk|1\n|-boost|p1a: Sand Snake|def|1\n|-boost|p1a: Sand Snake|accuracy|1\n|move|p2a: Hatterene|Psychic|p1a: Sand Snake\n|-damage|p1a: Sand Snake|57\/100\n|\n|-heal|p1a: Sand Snake|63\/100|[from] item: Leftovers\n|upkeep\n|turn|12\n|\n|t:|1597946672\n|switch|p2a: Charizard|Charizard, F|51\/100\n|move|p1a: Sand Snake|Earthquake|p2a: Charizard\n|-immune|p2a: Charizard\n|\n|-heal|p1a: Sand Snake|69\/100|[from] item: Leftovers\n|upkeep\n|turn|13\n|j| LT72MS Chapo\n|\n|t:|1597946675\n|move|p2a: Charizard|Overheat|p1a: Sand Snake\n|-damage|p1a: Sand Snake|0 fnt\n|-unboost|p2a: Charizard|spa|2\n|faint|p1a: Sand Snake\n|\n|upkeep\n|j| testotesto321\n|c|\u2606The Last Hero|Well, gg, I need to use Flareon more often\n|-message|The Last Hero forfeited.\n|l|\u2606The Last Hero\n|inactive|The Last Hero disconnected and has a minute to reconnect!\n|player|p1|\n|\n|win|LT72MS Finch\n|c|\u2606LT72MS Finch|gg\n","uploadtime":1597946698,"views":156,"p1id":"thelasthero","p2id":"lt72msfinch","formatid":"gen8ou","rating":0,"private":0,"password":null}