{"id":"gen8randombattle-1644192445","p1":"aqw bot","p2":"Chaud74","format":"gen8randombattle","log":"|j|\u2606aqw bot\n|j|\u2606Chaud74\n|t:|1661025231\n|gametype|singles\n|player|p1|aqw bot|ethan|2052\n|player|p2|Chaud74|169|1987\n|teamsize|p1|6\n|teamsize|p2|6\n|gen|8\n|tier|[Gen 8] Random Battle\n|rated|\n|rule|Species Clause: Limit one of each Pok\u00e9mon\n|rule|HP Percentage Mod: HP is shown in percentages\n|rule|Sleep Clause Mod: Limit one foe put to sleep\n|\n|t:|1661025231\n|start\n|switch|p1a: Slowking|Slowking-Galar, L84, M|297\/297\n|switch|p2a: Vileplume|Vileplume, L84, M|263\/263\n|turn|1\n|\n|t:|1661025244\n|move|p2a: Vileplume|Sleep Powder|p1a: Slowking\n|-status|p1a: Slowking|slp|[from] move: Sleep Powder\n|cant|p1a: Slowking|slp\n|\n|upkeep\n|turn|2\n|\n|t:|1661025261\n|switch|p2a: Zarude|Zarude-Dada, L78|292\/292\n|cant|p1a: Slowking|slp\n|\n|upkeep\n|turn|3\n|\n|t:|1661025269\n|switch|p1a: Ninjask|Ninjask, L86, M|245\/245\n|move|p2a: Zarude|Darkest Lariat|p1a: Ninjask\n|-damage|p1a: Ninjask|104\/245\n|\n|upkeep\n|turn|4\n|\n|t:|1661025277\n|switch|p2a: Charizard|Charizard, L82, M|262\/262\n|move|p1a: Ninjask|Leech Life|p2a: Charizard\n|-resisted|p2a: Charizard\n|-damage|p2a: Charizard|238\/262\n|-heal|p1a: Ninjask|116\/245|[from] drain|[of] p2a: Charizard\n|\n|-ability|p1a: Ninjask|Speed Boost|boost\n|-boost|p1a: Ninjask|spe|1\n|upkeep\n|turn|5\n|\n|t:|1661025288\n|move|p1a: Ninjask|U-turn|p2a: Charizard\n|-resisted|p2a: Charizard\n|-damage|p2a: Charizard|217\/262\n|\n|t:|1661025293\n|switch|p1a: Swampert|Swampert, L80, M|291\/291\n|move|p2a: Charizard|Fire Blast|p1a: Swampert\n|-resisted|p1a: Swampert\n|-damage|p1a: Swampert|226\/291\n|\n|-heal|p1a: Swampert|244\/291|[from] item: Leftovers\n|upkeep\n|turn|6\n|\n|t:|1661025304\n|switch|p2a: Vileplume|Vileplume, L84, M|263\/263\n|move|p1a: Swampert|Scald|p2a: Vileplume\n|-resisted|p2a: Vileplume\n|-damage|p2a: Vileplume|225\/263\n|\n|-heal|p1a: Swampert|262\/291|[from] item: Leftovers\n|-heal|p2a: Vileplume|241\/263|[from] item: Black Sludge\n|upkeep\n|turn|7\n|\n|t:|1661025316\n|switch|p1a: Slowking|Slowking-Galar, L84, M|297\/297 slp\n|move|p2a: Vileplume|Giga Drain|p1a: Slowking\n|-resisted|p1a: Slowking\n|-damage|p1a: Slowking|261\/297 slp\n|-heal|p2a: Vileplume|259\/263|[from] drain|[of] p1a: Slowking\n|\n|-heal|p2a: Vileplume|263\/263|[from] item: Black Sludge\n|-heal|p1a: Slowking|279\/297 slp|[from] item: Black Sludge\n|upkeep\n|turn|8\n|\n|t:|1661025330\n|switch|p2a: Charizard|Charizard, L82, M|217\/262\n|-curestatus|p1a: Slowking|slp|[msg]\n|move|p1a: Slowking|Future Sight|p2a: Charizard\n|-start|p1a: Slowking|move: Future Sight\n|\n|-heal|p1a: Slowking|297\/297|[from] item: Black Sludge\n|upkeep\n|turn|9\n|\n|t:|1661025339\n|move|p2a: Charizard|Earthquake|p1a: Slowking\n|-supereffective|p1a: Slowking\n|-damage|p1a: Slowking|159\/297\n|move|p1a: Slowking|Sludge Bomb|p2a: Charizard\n|-damage|p2a: Charizard|103\/262\n|-status|p2a: Charizard|psn\n|\n|-heal|p1a: Slowking|177\/297|[from] item: Black Sludge\n|-damage|p2a: Charizard|71\/262 psn|[from] psn\n|upkeep\n|turn|10\n|\n|t:|1661025350\n|move|p2a: Charizard|Fire Blast|p1a: Slowking|[miss]\n|-miss|p2a: Charizard|p1a: Slowking\n|move|p1a: Slowking|Slack Off|p1a: Slowking\n|-heal|p1a: Slowking|297\/297\n|\n|-end|p2a: Charizard|move: Future Sight\n|-damage|p2a: Charizard|0 fnt\n|faint|p2a: Charizard\n|upkeep\n|\n|t:|1661025361\n|switch|p2a: Zarude|Zarude-Dada, L78|292\/292\n|turn|11\n|inactive|Battle timer is ON: inactive players will automatically lose when time's up. (requested by Chaud74)\n|\n|t:|1661025383\n|switch|p1a: Aromatisse|Aromatisse, L88, M|321\/321\n|move|p2a: Zarude|Bulk Up|p2a: Zarude\n|-boost|p2a: Zarude|atk|1\n|-boost|p2a: Zarude|def|1\n|\n|upkeep\n|turn|12\n|\n|t:|1661025391\n|switch|p2a: Vileplume|Vileplume, L84, M|263\/263\n|move|p1a: Aromatisse|Moonblast|p2a: Vileplume\n|-resisted|p2a: Vileplume\n|-damage|p2a: Vileplume|204\/263\n|\n|-heal|p2a: Vileplume|220\/263|[from] item: Black Sludge\n|upkeep\n|turn|13\n|\n|t:|1661025403\n|switch|p1a: Slowking|Slowking-Galar, L84, M|297\/297\n|move|p2a: Vileplume|Sludge Bomb|p1a: Slowking\n|-resisted|p1a: Slowking\n|-damage|p1a: Slowking|255\/297\n|\n|-heal|p2a: Vileplume|236\/263|[from] item: Black Sludge\n|-heal|p1a: Slowking|273\/297|[from] item: Black Sludge\n|upkeep\n|turn|14\n|\n|t:|1661025414\n|move|p2a: Vileplume|Sleep Powder|p1a: Slowking|[miss]\n|-miss|p2a: Vileplume|p1a: Slowking\n|move|p1a: Slowking|Future Sight|p2a: Vileplume\n|-start|p1a: Slowking|move: Future Sight\n|\n|-heal|p2a: Vileplume|252\/263|[from] item: Black Sludge\n|-heal|p1a: Slowking|291\/297|[from] item: Black Sludge\n|upkeep\n|turn|15\n|\n|t:|1661025422\n|move|p2a: Vileplume|Sleep Powder|p1a: Slowking\n|-status|p1a: Slowking|slp|[from] move: Sleep Powder\n|cant|p1a: Slowking|slp\n|\n|-heal|p2a: Vileplume|263\/263|[from] item: Black Sludge\n|-heal|p1a: Slowking|297\/297 slp|[from] item: Black Sludge\n|upkeep\n|turn|16\n|\n|t:|1661025432\n|switch|p2a: Zarude|Zarude-Dada, L78|292\/292\n|switch|p1a: Ninjask|Ninjask, L86, M|116\/245\n|\n|-end|p2a: Zarude|move: Future Sight\n|-immune|p2a: Zarude\n|upkeep\n|turn|17\n|\n|t:|1661025447\n|switch|p2a: Blastoise|Blastoise, L82, M|264\/264\n|move|p1a: Ninjask|Leech Life|p2a: Blastoise\n|-damage|p2a: Blastoise|182\/264\n|-heal|p1a: Ninjask|157\/245|[from] drain|[of] p2a: Blastoise\n|\n|-heal|p2a: Blastoise|198\/264|[from] item: Leftovers\n|-ability|p1a: Ninjask|Speed Boost|boost\n|-boost|p1a: Ninjask|spe|1\n|upkeep\n|turn|18\n|\n|t:|1661025458\n|move|p1a: Ninjask|U-turn|p2a: Blastoise\n|-damage|p2a: Blastoise|135\/264\n|\n|t:|1661025473\n|switch|p1a: Toxtricity|Toxtricity, L82, M|257\/257\n|move|p2a: Blastoise|Ice Beam|p1a: Toxtricity\n|-damage|p1a: Toxtricity|187\/257\n|\n|-heal|p2a: Blastoise|151\/264|[from] item: Leftovers\n|upkeep\n|turn|19\n|\n|t:|1661025483\n|move|p2a: Blastoise|Protect|p2a: Blastoise\n|-singleturn|p2a: Blastoise|Protect\n|move|p1a: Toxtricity|Shift Gear|p1a: Toxtricity\n|-boost|p1a: Toxtricity|spe|2\n|-boost|p1a: Toxtricity|atk|1\n|\n|-heal|p2a: Blastoise|167\/264|[from] item: Leftovers\n|upkeep\n|turn|20\n|\n|t:|1661025494\n|switch|p2a: Drampa|Drampa, L86, M|274\/274\n|move|p1a: Toxtricity|Overdrive|p2a: Drampa\n|-resisted|p2a: Drampa\n|-damage|p2a: Drampa|217\/274\n|-enditem|p1a: Toxtricity|Throat Spray\n|-boost|p1a: Toxtricity|spa|1|[from] item: Throat Spray\n|\n|-heal|p2a: Drampa|234\/274|[from] item: Leftovers\n|upkeep\n|turn|21\n|\n|t:|1661025509\n|move|p1a: Toxtricity|Boomburst|p2a: Drampa\n|-damage|p2a: Drampa|33\/274\n|-ability|p2a: Drampa|Berserk|boost\n|-boost|p2a: Drampa|spa|1\n|move|p2a: Drampa|Draco Meteor|p1a: Toxtricity\n|-damage|p1a: Toxtricity|0 fnt\n|-unboost|p2a: Drampa|spa|2\n|faint|p1a: Toxtricity\n|\n|-heal|p2a: Drampa|50\/274|[from] item: Leftovers\n|upkeep\n|\n|t:|1661025522\n|switch|p1a: Ninjask|Ninjask, L86, M|157\/245\n|turn|22\n|\n|t:|1661025526\n|move|p1a: Ninjask|Leech Life|p2a: Drampa\n|-damage|p2a: Drampa|0 fnt\n|-heal|p1a: Ninjask|182\/245|[from] drain|[of] p2a: Drampa\n|faint|p2a: Drampa\n|\n|-ability|p1a: Ninjask|Speed Boost|boost\n|-boost|p1a: Ninjask|spe|1\n|upkeep\n|\n|t:|1661025546\n|switch|p2a: Arctovish|Arctovish, L86|295\/295\n|turn|23\n|\n|t:|1661025560\n|move|p1a: Ninjask|U-turn|p2a: Arctovish\n|-damage|p2a: Arctovish|232\/295\n|\n|t:|1661025563\n|switch|p1a: Swampert|Swampert, L80, M|262\/291\n|move|p2a: Arctovish|Icicle Crash|p1a: Swampert|[miss]\n|-miss|p2a: Arctovish|p1a: Swampert\n|\n|-heal|p1a: Swampert|280\/291|[from] item: Leftovers\n|upkeep\n|turn|24\n|\n|t:|1661025573\n|move|p2a: Arctovish|Freeze-Dry|p1a: Swampert\n|-supereffective|p1a: Swampert\n|-damage|p1a: Swampert|24\/291\n|move|p1a: Swampert|Toxic|p2a: Arctovish\n|-status|p2a: Arctovish|tox\n|\n|-heal|p1a: Swampert|42\/291|[from] item: Leftovers\n|-damage|p2a: Arctovish|214\/295 tox|[from] psn\n|upkeep\n|turn|25\n|\n|t:|1661025582\n|move|p1a: Swampert|Protect|p1a: Swampert\n|-singleturn|p1a: Swampert|Protect\n|move|p2a: Arctovish|Fishious Rend|p1a: Swampert\n|-activate|p1a: Swampert|move: Protect\n|\n|-heal|p1a: Swampert|60\/291|[from] item: Leftovers\n|-damage|p2a: Arctovish|178\/295 tox|[from] psn\n|upkeep\n|turn|26\n|\n|t:|1661025591\n|move|p2a: Arctovish|Fishious Rend|p1a: Swampert\n|-damage|p1a: Swampert|0 fnt\n|faint|p1a: Swampert\n|\n|-damage|p2a: Arctovish|124\/295 tox|[from] psn\n|upkeep\n|\n|t:|1661025597\n|switch|p1a: Thundurus|Thundurus, L80, M|258\/258\n|turn|27\n|\n|t:|1661025602\n|switch|p2a: Vileplume|Vileplume, L84, M|263\/263\n|move|p1a: Thundurus|Thunderbolt|p2a: Vileplume\n|-resisted|p2a: Vileplume\n|-damage|p2a: Vileplume|213\/263\n|\n|-heal|p2a: Vileplume|229\/263|[from] item: Black Sludge\n|upkeep\n|turn|28\n|\n|t:|1661025611\n|switch|p1a: Slowking|Slowking-Galar, L84, M|297\/297 slp\n|switch|p2a: Zarude|Zarude-Dada, L78|292\/292\n|\n|upkeep\n|turn|29\n|\n|t:|1661025619\n|switch|p1a: Aromatisse|Aromatisse, L88, M|321\/321\n|move|p2a: Zarude|Bulk Up|p2a: Zarude\n|-boost|p2a: Zarude|atk|1\n|-boost|p2a: Zarude|def|1\n|\n|upkeep\n|turn|30\n|\n|t:|1661025627\n|move|p2a: Zarude|Power Whip|p1a: Aromatisse\n|-damage|p1a: Aromatisse|108\/321\n|move|p1a: Aromatisse|Moonblast|p2a: Zarude\n|-supereffective|p2a: Zarude\n|-damage|p2a: Zarude|50\/292\n|\n|-heal|p2a: Zarude|68\/292|[from] item: Leftovers\n|-heal|p1a: Aromatisse|128\/321|[from] item: Leftovers\n|upkeep\n|turn|31\n|\n|t:|1661025637\n|move|p2a: Zarude|Power Whip|p1a: Aromatisse\n|-damage|p1a: Aromatisse|0 fnt\n|faint|p1a: Aromatisse\n|\n|-heal|p2a: Zarude|86\/292|[from] item: Leftovers\n|upkeep\n|\n|t:|1661025643\n|switch|p1a: Ninjask|Ninjask, L86, M|182\/245\n|turn|32\n|\n|t:|1661025648\n|move|p1a: Ninjask|Leech Life|p2a: Zarude\n|-supereffective|p2a: Zarude\n|-damage|p2a: Zarude|0 fnt\n|-heal|p1a: Ninjask|225\/245|[from] drain|[of] p2a: Zarude\n|faint|p2a: Zarude\n|\n|-ability|p1a: Ninjask|Speed Boost|boost\n|-boost|p1a: Ninjask|spe|1\n|upkeep\n|\n|t:|1661025666\n|switch|p2a: Arctovish|Arctovish, L86|124\/295 tox\n|turn|33\n|\n|t:|1661025670\n|move|p1a: Ninjask|U-turn|p2a: Arctovish\n|-damage|p2a: Arctovish|52\/295 tox\n|\n|t:|1661025672\n|switch|p1a: Slowking|Slowking-Galar, L84, M|297\/297 slp\n|move|p2a: Arctovish|Fishious Rend|p1a: Slowking\n|-damage|p1a: Slowking|104\/297 slp\n|\n|-heal|p1a: Slowking|122\/297 slp|[from] item: Black Sludge\n|-damage|p2a: Arctovish|34\/295 tox|[from] psn\n|upkeep\n|turn|34\n|\n|t:|1661025690\n|move|p2a: Arctovish|Fishious Rend|p1a: Slowking\n|-damage|p1a: Slowking|0 fnt\n|faint|p1a: Slowking\n|\n|-damage|p2a: Arctovish|0 fnt|[from] psn\n|faint|p2a: Arctovish\n|upkeep\n|\n|t:|1661025699\n|switch|p2a: Vileplume|Vileplume, L84, M|229\/263\n|switch|p1a: Ninjask|Ninjask, L86, M|225\/245\n|turn|35\n|\n|t:|1661025706\n|move|p1a: Ninjask|Acrobatics|p2a: Vileplume\n|-supereffective|p2a: Vileplume\n|-damage|p2a: Vileplume|0 fnt\n|-status|p1a: Ninjask|slp|[from] ability: Effect Spore|[of] p2a: Vileplume\n|faint|p2a: Vileplume\n|\n|-ability|p1a: Ninjask|Speed Boost|boost\n|-boost|p1a: Ninjask|spe|1\n|upkeep\n|\n|t:|1661025714\n|switch|p2a: Blastoise|Blastoise, L82, M|167\/264\n|turn|36\n|\n|t:|1661025720\n|cant|p1a: Ninjask|slp\n|move|p2a: Blastoise|Ice Beam|p1a: Ninjask\n|-supereffective|p1a: Ninjask\n|-damage|p1a: Ninjask|67\/245 slp\n|\n|-heal|p2a: Blastoise|183\/264|[from] item: Leftovers\n|-ability|p1a: Ninjask|Speed Boost|boost\n|-boost|p1a: Ninjask|spe|1\n|upkeep\n|turn|37\n|\n|t:|1661025730\n|-curestatus|p1a: Ninjask|slp|[msg]\n|move|p1a: Ninjask|Acrobatics|p2a: Blastoise\n|-damage|p2a: Blastoise|83\/264\n|move|p2a: Blastoise|Ice Beam|p1a: Ninjask\n|-supereffective|p1a: Ninjask\n|-damage|p1a: Ninjask|0 fnt\n|faint|p1a: Ninjask\n|\n|-heal|p2a: Blastoise|99\/264|[from] item: Leftovers\n|upkeep\n|-message|Chaud74 forfeited.\n|\n|win|aqw bot\n|raw|aqw bot's rating: 2052 &rarr; <strong>2068<\/strong><br \/>(+16 for winning)\n|raw|Chaud74's rating: 1987 &rarr; <strong>1971<\/strong><br \/>(-16 for losing)\n|l|\u2606Chaud74\n","inputlog":">version d1d22e370db51075e2af57163a2284704cf42f0d\n>start {\"formatid\":\"gen8randombattle\",\"seed\":[54124,45005,37593,7466],\"rated\":\"Rated battle\"}\n>player p1 {\"name\":\"aqw bot\",\"avatar\":\"ethan\",\"rating\":2052,\"seed\":[58181,46303,24120,24845]}\n>player p2 {\"name\":\"Chaud74\",\"avatar\":\"169\",\"rating\":1987,\"seed\":[17281,13715,43279,57787]}\n>p1 move futuresight\n>p2 move sleeppowder\n>p1 move futuresight\n>p2 switch 5\n>p1 switch 5\n>p2 move darkestlariat\n>p1 move leechlife\n>p2 switch 3\n>p1 move uturn\n>p2 move fireblast\n>p1 switch 6\n>p1 move scald\n>p2 switch 5\n>p1 switch 5\n>p2 move gigadrain\n>p1 move futuresight\n>p2 switch 5\n>p1 move sludgebomb\n>p2 move earthquake\n>p1 move slackoff\n>p2 move fireblast\n>p2 switch 3\n>p1 switch 2\n>p2 move bulkup\n>p1 move moonblast\n>p2 switch 5\n>p1 switch 2\n>p2 move sludgebomb\n>p1 move futuresight\n>p2 move sleeppowder\n>p1 move sludgebomb\n>p2 move sleeppowder\n>p1 switch 6\n>p2 switch 5\n>p1 move leechlife\n>p2 switch 6\n>p1 move uturn\n>p2 move icebeam\n>p1 switch 3\n>p1 move shiftgear\n>p2 move protect\n>p1 move overdrive\n>p2 switch 4\n>p1 move boomburst\n>p2 move dracometeor\n>p1 switch 3\n>p1 move leechlife\n>p2 move glare\n>p2 switch 2\n>p1 move uturn\n>p2 move iciclecrash\n>p1 switch 5\n>p1 move toxic\n>p2 move freezedry\n>p1 move protect\n>p2 move fishiousrend\n>p1 move earthquake\n>p2 move fishiousrend\n>p1 switch 4\n>p1 move thunderbolt\n>p2 switch 5\n>p1 switch 6\n>p2 switch 6\n>p1 switch 2\n>p2 move bulkup\n>p1 move moonblast\n>p2 move powerwhip\n>p1 move wish\n>p2 move powerwhip\n>p1 switch 5\n>p1 move leechlife\n>p2 move darkestlariat\n>p2 switch 5\n>p1 move uturn\n>p2 move fishiousrend\n>p1 switch 2\n>p1 move slackoff\n>p2 move fishiousrend\n>p1 switch 2\n>p2 switch 6\n>p1 move acrobatics\n>p2 move strengthsap\n>p2 switch 4\n>p1 move acrobatics\n>p2 move icebeam\n>p1 move acrobatics\n>p2 move icebeam\n>forcelose p2","uploadtime":1661025739,"views":5,"p1id":"aqwbot","p2id":"chaud74","formatid":"gen8randombattle","rating":1971,"private":0,"password":null}