{"id":"gen8ou-1674350886","p1":"machugen","p2":"August is Falling","format":"gen8ou","log":"|j|\u2606machugen\n|j|\u2606August is Falling\n|t:|1664558771\n|gametype|singles\n|player|p1|machugen|elesa|1742\n|player|p2|August is Falling|dawn-gen4pt|1834\n|teamsize|p1|6\n|teamsize|p2|6\n|gen|8\n|tier|[Gen 8] OU\n|rated|\n|rule|Sleep Clause Mod: Limit one foe put to sleep\n|rule|Species Clause: Limit one of each Pok\u00e9mon\n|rule|OHKO Clause: OHKO moves are banned\n|rule|Evasion Items Clause: Evasion items are banned\n|rule|Evasion Moves Clause: Evasion moves are banned\n|rule|Endless Battle Clause: Forcing endless battles is banned\n|rule|HP Percentage Mod: HP is shown in percentages\n|rule|Dynamax Clause: You cannot dynamax\n|clearpoke\n|poke|p1|Melmetal|\n|poke|p1|Weavile, M|\n|poke|p1|Volcanion|\n|poke|p1|Zapdos|\n|poke|p1|Landorus-Therian, M|\n|poke|p1|Kartana|\n|poke|p2|Scizor, F|\n|poke|p2|Rotom-Wash|\n|poke|p2|Swampert, M|\n|poke|p2|Dragapult, M|\n|poke|p2|Hydreigon, F|\n|poke|p2|Clefable, F|\n|teampreview\n|\n|t:|1664558782\n|start\n|switch|p1a: Weavile|Weavile, M|100\/100\n|switch|p2a: Swampert|Swampert, M, shiny|100\/100\n|-ability|p1a: Weavile|Pressure\n|turn|1\n|\n|t:|1664558787\n|switch|p2a: Scizor|Scizor, F|100\/100\n|move|p1a: Weavile|Beat Up|p2a: Scizor\n|-damage|p2a: Scizor|91\/100\n|-damage|p2a: Scizor|78\/100\n|-crit|p2a: Scizor\n|-damage|p2a: Scizor|64\/100\n|-crit|p2a: Scizor\n|-damage|p2a: Scizor|51\/100\n|-damage|p2a: Scizor|39\/100\n|-damage|p2a: Scizor|26\/100\n|-hitcount|p2a: Scizor|6\n|\n|-heal|p2a: Scizor|32\/100|[from] item: Leftovers\n|upkeep\n|turn|2\n|\n|t:|1664558797\n|switch|p1a: Volcanion|Volcanion|100\/100\n|switch|p2a: Hydreigon|Hydreigon, F|100\/100\n|\n|upkeep\n|turn|3\n|\n|t:|1664558801\n|switch|p1a: Landorus|Landorus-Therian, M|100\/100\n|-ability|p1a: Landorus|Intimidate|boost\n|-unboost|p2a: Hydreigon|atk|1\n|move|p2a: Hydreigon|U-turn|p1a: Landorus\n|-resisted|p1a: Landorus\n|-damage|p1a: Landorus|96\/100\n|\n|t:|1664558803\n|switch|p2a: Swampert|Swampert, M, shiny|100\/100|[from]move: U-turn\n|\n|-heal|p1a: Landorus|100\/100|[from] item: Leftovers\n|upkeep\n|turn|4\n|\n|t:|1664558806\n|move|p1a: Landorus|Earthquake|p2a: Swampert\n|-damage|p2a: Swampert|68\/100\n|move|p2a: Swampert|Stealth Rock|p1a: Landorus\n|-sidestart|p1: machugen|move: Stealth Rock\n|\n|-heal|p2a: Swampert|74\/100|[from] item: Leftovers\n|upkeep\n|turn|5\n|\n|t:|1664558810\n|move|p1a: Landorus|Defog|p2a: Swampert\n|-unboost|p2a: Swampert|evasion|1\n|-sideend|p1: machugen|Stealth Rock|[from] move: Defog|[of] p1a: Landorus\n|move|p2a: Swampert|Toxic|p1a: Landorus\n|-status|p1a: Landorus|tox\n|\n|-heal|p2a: Swampert|80\/100|[from] item: Leftovers\n|-damage|p1a: Landorus|94\/100 tox|[from] psn\n|upkeep\n|turn|6\n|\n|t:|1664558812\n|move|p1a: Landorus|U-turn|p2a: Swampert\n|-damage|p2a: Swampert|65\/100\n|\n|t:|1664558813\n|switch|p1a: Kartana|Kartana|100\/100|[from]move: U-turn\n|move|p2a: Swampert|Stealth Rock|p1a: Kartana\n|-sidestart|p1: machugen|move: Stealth Rock\n|\n|-heal|p2a: Swampert|71\/100|[from] item: Leftovers\n|upkeep\n|turn|7\n|\n|t:|1664558817\n|switch|p2a: Hydreigon|Hydreigon, F|100\/100\n|move|p1a: Kartana|Knock Off|p2a: Hydreigon\n|-resisted|p2a: Hydreigon\n|-damage|p2a: Hydreigon|74\/100\n|-enditem|p2a: Hydreigon|Choice Scarf|[from] move: Knock Off|[of] p1a: Kartana\n|\n|upkeep\n|turn|8\n|\n|t:|1664558828\n|switch|p1a: Landorus|Landorus-Therian, M|94\/100 tox\n|-damage|p1a: Landorus|82\/100 tox|[from] Stealth Rock\n|-ability|p1a: Landorus|Intimidate|boost\n|-unboost|p2a: Hydreigon|atk|1\n|move|p2a: Hydreigon|Earth Power|p1a: Landorus\n|-immune|p1a: Landorus\n|\n|-heal|p1a: Landorus|88\/100 tox|[from] item: Leftovers\n|-damage|p1a: Landorus|82\/100 tox|[from] psn\n|upkeep\n|turn|9\n|\n|t:|1664558831\n|move|p2a: Hydreigon|Draco Meteor|p1a: Landorus\n|-damage|p1a: Landorus|32\/100 tox\n|-unboost|p2a: Hydreigon|spa|2\n|move|p1a: Landorus|Defog|p2a: Hydreigon\n|-unboost|p2a: Hydreigon|evasion|1\n|-sideend|p1: machugen|Stealth Rock|[from] move: Defog|[of] p1a: Landorus\n|\n|-heal|p1a: Landorus|38\/100 tox|[from] item: Leftovers\n|-damage|p1a: Landorus|26\/100 tox|[from] psn\n|upkeep\n|turn|10\n|\n|t:|1664558835\n|move|p2a: Hydreigon|Draco Meteor|p1a: Landorus\n|-damage|p1a: Landorus|1\/100 tox\n|-unboost|p2a: Hydreigon|spa|2\n|move|p1a: Landorus|U-turn|p2a: Hydreigon\n|-supereffective|p2a: Hydreigon\n|-damage|p2a: Hydreigon|24\/100\n|j| Eyyk\n|\n|t:|1664558852\n|switch|p1a: Kartana|Kartana|100\/100|[from]move: U-turn\n|\n|upkeep\n|turn|11\n|\n|t:|1664558867\n|move|p1a: Kartana|Leaf Blade|p2a: Hydreigon\n|-resisted|p2a: Hydreigon\n|-damage|p2a: Hydreigon|0 fnt\n|faint|p2a: Hydreigon\n|-ability|p1a: Kartana|Beast Boost|boost\n|-boost|p1a: Kartana|atk|1\n|\n|upkeep\n|\n|t:|1664558871\n|switch|p2a: Scizor|Scizor, F|32\/100\n|turn|12\n|\n|t:|1664558873\n|move|p1a: Kartana|Leaf Blade|p2a: Scizor\n|-resisted|p2a: Scizor\n|-crit|p2a: Scizor\n|-damage|p2a: Scizor|6\/100\n|move|p2a: Scizor|Roost|p2a: Scizor\n|-heal|p2a: Scizor|56\/100\n|-singleturn|p2a: Scizor|move: Roost\n|\n|-heal|p2a: Scizor|62\/100|[from] item: Leftovers\n|upkeep\n|turn|13\n|\n|t:|1664558876\n|switch|p1a: Volcanion|Volcanion|100\/100\n|move|p2a: Scizor|Roost|p2a: Scizor\n|-heal|p2a: Scizor|100\/100\n|-singleturn|p2a: Scizor|move: Roost\n|\n|upkeep\n|turn|14\n|\n|t:|1664558879\n|switch|p2a: Clefable|Clefable, F, shiny|100\/100\n|move|p1a: Volcanion|Steam Eruption|p2a: Clefable\n|-damage|p2a: Clefable|46\/100\n|\n|-heal|p2a: Clefable|53\/100|[from] item: Leftovers\n|upkeep\n|turn|15\n|\n|t:|1664558886\n|move|p2a: Clefable|Protect|p2a: Clefable\n|-singleturn|p2a: Clefable|Protect\n|move|p1a: Volcanion|Steam Eruption|p2a: Clefable\n|-activate|p2a: Clefable|move: Protect\n|\n|-heal|p2a: Clefable|59\/100|[from] item: Leftovers\n|upkeep\n|turn|16\n|\n|t:|1664558890\n|move|p1a: Volcanion|Steam Eruption|p2a: Clefable\n|-damage|p2a: Clefable|5\/100\n|move|p2a: Clefable|Wish|p2a: Clefable\n|\n|-heal|p2a: Clefable|11\/100|[from] item: Leftovers\n|upkeep\n|turn|17\n|\n|t:|1664558893\n|switch|p1a: Melmetal|Melmetal|100\/100\n|move|p2a: Clefable|Protect||[still]\n|-fail|p2a: Clefable\n|\n|-heal|p2a: Clefable|61\/100|[from] move: Wish|[wisher] Clefable\n|-heal|p2a: Clefable|67\/100|[from] item: Leftovers\n|upkeep\n|turn|18\n|\n|t:|1664558899\n|move|p2a: Clefable|Protect|p2a: Clefable\n|-singleturn|p2a: Clefable|Protect\n|move|p1a: Melmetal|Double Iron Bash|p2a: Clefable\n|-activate|p2a: Clefable|move: Protect\n|\n|-heal|p2a: Clefable|73\/100|[from] item: Leftovers\n|upkeep\n|turn|19\n|\n|t:|1664558903\n|switch|p1a: Volcanion|Volcanion|100\/100\n|switch|p2a: Rotom|Rotom-Wash, shiny|100\/100\n|\n|upkeep\n|turn|20\n|\n|t:|1664558909\n|switch|p1a: Landorus|Landorus-Therian, M|1\/100 tox\n|-ability|p1a: Landorus|Intimidate|boost\n|-unboost|p2a: Rotom|atk|1\n|move|p2a: Rotom|Volt Switch|p1a: Landorus\n|-immune|p1a: Landorus\n|\n|-heal|p1a: Landorus|7\/100 tox|[from] item: Leftovers\n|-damage|p1a: Landorus|1\/100 tox|[from] psn\n|upkeep\n|turn|21\n|\n|t:|1664558916\n|switch|p2a: Scizor|Scizor, F|100\/100\n|move|p1a: Landorus|Stealth Rock|p2a: Scizor\n|-sidestart|p2: August is Falling|move: Stealth Rock\n|\n|-heal|p1a: Landorus|7\/100 tox|[from] item: Leftovers\n|-damage|p1a: Landorus|0 fnt|[from] psn\n|faint|p1a: Landorus\n|upkeep\n|\n|t:|1664558922\n|switch|p1a: Volcanion|Volcanion|100\/100\n|turn|22\n|\n|t:|1664558927\n|switch|p2a: Rotom|Rotom-Wash, shiny|100\/100\n|-damage|p2a: Rotom|88\/100|[from] Stealth Rock\n|move|p1a: Volcanion|Steam Eruption|p2a: Rotom|[miss]\n|-miss|p1a: Volcanion|p2a: Rotom\n|\n|-heal|p2a: Rotom|94\/100|[from] item: Leftovers\n|upkeep\n|turn|23\n|\n|t:|1664558932\n|move|p1a: Volcanion|Steam Eruption|p2a: Rotom\n|-resisted|p2a: Rotom\n|-damage|p2a: Rotom|48\/100\n|move|p2a: Rotom|Volt Switch|p1a: Volcanion\n|-supereffective|p1a: Volcanion\n|-damage|p1a: Volcanion|29\/100\n|\n|t:|1664558939\n|switch|p2a: Clefable|Clefable, F, shiny|73\/100|[from]move: Volt Switch\n|\n|-heal|p2a: Clefable|79\/100|[from] item: Leftovers\n|upkeep\n|turn|24\n|\n|t:|1664558942\n|switch|p1a: Melmetal|Melmetal|100\/100\n|move|p2a: Clefable|Wish|p2a: Clefable\n|\n|-heal|p2a: Clefable|85\/100|[from] item: Leftovers\n|upkeep\n|turn|25\n|\n|t:|1664558946\n|switch|p2a: Swampert|Swampert, M, shiny|71\/100\n|-damage|p2a: Swampert|65\/100|[from] Stealth Rock\n|move|p1a: Melmetal|Double Iron Bash|p2a: Swampert\n|-resisted|p2a: Swampert\n|-damage|p2a: Swampert|42\/100\n|-resisted|p2a: Swampert\n|-damage|p2a: Swampert|19\/100\n|-hitcount|p2a: Swampert|2\n|\n|-heal|p2a: Swampert|68\/100|[from] move: Wish|[wisher] Clefable\n|-heal|p2a: Swampert|74\/100|[from] item: Leftovers\n|upkeep\n|turn|26\n|j| tyrantkingdad\n|\n|t:|1664558955\n|move|p1a: Melmetal|Double Iron Bash|p2a: Swampert\n|-resisted|p2a: Swampert\n|-damage|p2a: Swampert|52\/100\n|-resisted|p2a: Swampert\n|-damage|p2a: Swampert|31\/100\n|-hitcount|p2a: Swampert|2\n|cant|p2a: Swampert|flinch\n|\n|-heal|p2a: Swampert|37\/100|[from] item: Leftovers\n|upkeep\n|turn|27\n|\n|t:|1664558960\n|switch|p2a: Rotom|Rotom-Wash, shiny|48\/100\n|-damage|p2a: Rotom|35\/100|[from] Stealth Rock\n|move|p1a: Melmetal|Double Iron Bash|p2a: Rotom\n|-resisted|p2a: Rotom\n|-damage|p2a: Rotom|21\/100\n|-resisted|p2a: Rotom\n|-damage|p2a: Rotom|8\/100\n|-hitcount|p2a: Rotom|2\n|\n|-heal|p2a: Rotom|14\/100|[from] item: Leftovers\n|upkeep\n|turn|28\n|\n|t:|1664558964\n|move|p2a: Rotom|Pain Split|p1a: Melmetal\n|-sethp|p1a: Melmetal|55\/100|[from] move: Pain Split|[silent]\n|-sethp|p2a: Rotom|76\/100|[from] move: Pain Split\n|move|p1a: Melmetal|Double Iron Bash|p2a: Rotom\n|-resisted|p2a: Rotom\n|-damage|p2a: Rotom|62\/100\n|-resisted|p2a: Rotom\n|-damage|p2a: Rotom|48\/100\n|-hitcount|p2a: Rotom|2\n|\n|-heal|p2a: Rotom|54\/100|[from] item: Leftovers\n|upkeep\n|turn|29\n|\n|t:|1664558969\n|move|p2a: Rotom|Will-O-Wisp|p1a: Melmetal|[miss]\n|-miss|p2a: Rotom|p1a: Melmetal\n|move|p1a: Melmetal|Double Iron Bash|p2a: Rotom\n|-resisted|p2a: Rotom\n|-damage|p2a: Rotom|41\/100\n|-resisted|p2a: Rotom\n|-damage|p2a: Rotom|27\/100\n|-hitcount|p2a: Rotom|2\n|\n|-heal|p2a: Rotom|33\/100|[from] item: Leftovers\n|upkeep\n|turn|30\n|\n|t:|1664558972\n|switch|p1a: Volcanion|Volcanion|29\/100\n|move|p2a: Rotom|Will-O-Wisp|p1a: Volcanion\n|-immune|p1a: Volcanion\n|\n|-heal|p2a: Rotom|39\/100|[from] item: Leftovers\n|upkeep\n|turn|31\n|j| lukisonic23\n|\n|t:|1664558974\n|move|p1a: Volcanion|Steam Eruption|p2a: Rotom\n|-resisted|p2a: Rotom\n|-crit|p2a: Rotom\n|-damage|p2a: Rotom|0 fnt\n|faint|p2a: Rotom\n|\n|upkeep\n|\n|t:|1664558976\n|switch|p2a: Clefable|Clefable, F, shiny|85\/100\n|turn|32\n|\n|t:|1664558977\n|move|p1a: Volcanion|Steam Eruption|p2a: Clefable\n|-damage|p2a: Clefable|26\/100\n|move|p2a: Clefable|Wish|p2a: Clefable\n|\n|-heal|p2a: Clefable|32\/100|[from] item: Leftovers\n|upkeep\n|turn|33\n|\n|t:|1664558983\n|switch|p1a: Melmetal|Melmetal|55\/100\n|switch|p2a: Swampert|Swampert, M, shiny|37\/100\n|-damage|p2a: Swampert|31\/100|[from] Stealth Rock\n|\n|-heal|p2a: Swampert|79\/100|[from] move: Wish|[wisher] Clefable\n|-heal|p2a: Swampert|86\/100|[from] item: Leftovers\n|upkeep\n|turn|34\n|\n|t:|1664558991\n|move|p1a: Melmetal|Double Iron Bash|p2a: Swampert\n|-resisted|p2a: Swampert\n|-damage|p2a: Swampert|64\/100\n|-resisted|p2a: Swampert\n|-damage|p2a: Swampert|41\/100\n|-hitcount|p2a: Swampert|2\n|cant|p2a: Swampert|flinch\n|\n|-heal|p2a: Swampert|47\/100|[from] item: Leftovers\n|upkeep\n|turn|35\n|\n|t:|1664558995\n|move|p1a: Melmetal|Double Iron Bash|p2a: Swampert\n|-resisted|p2a: Swampert\n|-damage|p2a: Swampert|25\/100\n|-resisted|p2a: Swampert\n|-damage|p2a: Swampert|2\/100\n|-hitcount|p2a: Swampert|2\n|move|p2a: Swampert|Stealth Rock|p1a: Melmetal\n|-sidestart|p1: machugen|move: Stealth Rock\n|\n|-heal|p2a: Swampert|9\/100|[from] item: Leftovers\n|upkeep\n|turn|36\n|\n|t:|1664559001\n|switch|p1a: Kartana|Kartana|100\/100\n|-damage|p1a: Kartana|94\/100|[from] Stealth Rock\n|switch|p2a: Scizor|Scizor, F|100\/100\n|-damage|p2a: Scizor|88\/100|[from] Stealth Rock\n|\n|-heal|p2a: Scizor|94\/100|[from] item: Leftovers\n|upkeep\n|turn|37\n|\n|t:|1664559004\n|move|p1a: Kartana|Knock Off|p2a: Scizor\n|-damage|p2a: Scizor|62\/100\n|-enditem|p2a: Scizor|Leftovers|[from] move: Knock Off|[of] p1a: Kartana\n|move|p2a: Scizor|U-turn|p1a: Kartana\n|-damage|p1a: Kartana|65\/100\n|\n|t:|1664559008\n|switch|p2a: Clefable|Clefable, F, shiny|32\/100|[from]move: U-turn\n|\n|-heal|p2a: Clefable|39\/100|[from] item: Leftovers\n|upkeep\n|turn|38\n|\n|t:|1664559013\n|switch|p1a: Volcanion|Volcanion|29\/100\n|-damage|p1a: Volcanion|4\/100|[from] Stealth Rock\n|move|p2a: Clefable|Wish|p2a: Clefable\n|\n|-heal|p2a: Clefable|45\/100|[from] item: Leftovers\n|upkeep\n|turn|39\n|\n|t:|1664559018\n|move|p2a: Clefable|Protect|p2a: Clefable\n|-singleturn|p2a: Clefable|Protect\n|move|p1a: Volcanion|Flamethrower|p2a: Clefable\n|-activate|p2a: Clefable|move: Protect\n|\n|-heal|p2a: Clefable|95\/100|[from] move: Wish|[wisher] Clefable\n|-heal|p2a: Clefable|100\/100|[from] item: Leftovers\n|upkeep\n|turn|40\n|\n|t:|1664559020\n|move|p1a: Volcanion|Flamethrower|p2a: Clefable\n|-damage|p2a: Clefable|52\/100\n|move|p2a: Clefable|Wish|p2a: Clefable\n|\n|-heal|p2a: Clefable|58\/100|[from] item: Leftovers\n|upkeep\n|turn|41\n|\n|t:|1664559025\n|move|p2a: Clefable|Protect|p2a: Clefable\n|-singleturn|p2a: Clefable|Protect\n|move|p1a: Volcanion|Flamethrower|p2a: Clefable\n|-activate|p2a: Clefable|move: Protect\n|\n|-heal|p2a: Clefable|100\/100|[from] move: Wish|[wisher] Clefable\n|upkeep\n|turn|42\n|\n|t:|1664559027\n|move|p1a: Volcanion|Flamethrower|p2a: Clefable\n|-damage|p2a: Clefable|52\/100\n|move|p2a: Clefable|Wish|p2a: Clefable\n|\n|-heal|p2a: Clefable|58\/100|[from] item: Leftovers\n|upkeep\n|turn|43\n|\n|t:|1664559031\n|move|p1a: Volcanion|Flamethrower|p2a: Clefable\n|-damage|p2a: Clefable|12\/100\n|move|p2a: Clefable|Moonblast|p1a: Volcanion\n|-resisted|p1a: Volcanion\n|-damage|p1a: Volcanion|0 fnt\n|faint|p1a: Volcanion\n|\n|-heal|p2a: Clefable|62\/100|[from] move: Wish|[wisher] Clefable\n|-heal|p2a: Clefable|68\/100|[from] item: Leftovers\n|upkeep\n|\n|t:|1664559034\n|switch|p1a: Melmetal|Melmetal|55\/100\n|-damage|p1a: Melmetal|49\/100|[from] Stealth Rock\n|turn|44\n|\n|t:|1664559037\n|move|p2a: Clefable|Protect|p2a: Clefable\n|-singleturn|p2a: Clefable|Protect\n|move|p1a: Melmetal|Earthquake|p2a: Clefable\n|-activate|p2a: Clefable|move: Protect\n|\n|-heal|p2a: Clefable|74\/100|[from] item: Leftovers\n|upkeep\n|turn|45\n|\n|t:|1664559041\n|move|p1a: Melmetal|Earthquake|p2a: Clefable\n|-crit|p2a: Clefable\n|-damage|p2a: Clefable|0 fnt\n|faint|p2a: Clefable\n|\n|upkeep\n|\n|t:|1664559048\n|switch|p2a: Scizor|Scizor, F|62\/100\n|-damage|p2a: Scizor|50\/100|[from] Stealth Rock\n|turn|46\n|\n|t:|1664559049\n|move|p2a: Scizor|Roost|p2a: Scizor\n|-heal|p2a: Scizor|99\/100\n|-singleturn|p2a: Scizor|move: Roost\n|move|p1a: Melmetal|Earthquake|p2a: Scizor\n|-damage|p2a: Scizor|54\/100\n|\n|upkeep\n|turn|47\n|\n|t:|1664559052\n|move|p2a: Scizor|Roost|p2a: Scizor\n|-heal|p2a: Scizor|100\/100\n|-singleturn|p2a: Scizor|move: Roost\n|move|p1a: Melmetal|Earthquake|p2a: Scizor\n|-damage|p2a: Scizor|58\/100\n|\n|upkeep\n|turn|48\n|\n|t:|1664559055\n|move|p2a: Scizor|Roost|p2a: Scizor\n|-heal|p2a: Scizor|100\/100\n|-singleturn|p2a: Scizor|move: Roost\n|move|p1a: Melmetal|Earthquake|p2a: Scizor\n|-damage|p2a: Scizor|59\/100\n|\n|upkeep\n|turn|49\n|-message|August is Falling forfeited.\n|\n|win|machugen\n|raw|machugen's rating: 1742 &rarr; <strong>1766<\/strong><br \/>(+24 for winning)\n|raw|August is Falling's rating: 1816 &rarr; <strong>1792<\/strong><br \/>(-24 for losing)\n|l|\u2606August is Falling\n","uploadtime":1664559060,"views":24,"p1id":"machugen","p2id":"augustisfalling","formatid":"gen8ou","rating":1766,"private":0,"password":null}