{"id":"gen8ou-1269635346","p1":"Johnny J3T Tears","p2":"mongwong","format":"gen8ou","log":"|html|<div class=\"broadcast-blue\"><strong>[Gen 8] OU is currently suspecting Spectrier! For information on how to participate check out the <a href=\"https:\/\/www.smogon.com\/forums\/threads\/np-ss-ou-suspect-process-round-9-old-town-road.3676744\/\">suspect thread<\/a>.<\/strong><\/div>\n|j|\u2606Johnny J3T Tears\n|j|\u2606mongwong\n|t:|1611630904\n|player|p1|Johnny J3T Tears|bruno|1412\n|player|p2|mongwong|silver|1388\n|teamsize|p1|6\n|teamsize|p2|6\n|gametype|singles\n|gen|8\n|tier|[Gen 8] OU\n|rated|\n|clearpoke\n|poke|p1|Tyranitar, F|\n|poke|p1|Excadrill, F|\n|poke|p1|Volcarona, F|\n|poke|p1|Dracozolt|\n|poke|p1|Swampert, F|\n|poke|p1|Corviknight, F|\n|poke|p2|Pelipper, F|\n|poke|p2|Barraskewda, F|\n|poke|p2|Scizor, F|\n|poke|p2|Kingdra, M|\n|poke|p2|Nidoking, M|\n|poke|p2|Zapdos-Galar|\n|rule|Sleep Clause Mod: Limit one foe put to sleep\n|rule|Species Clause: Limit one of each Pok\u00e9mon\n|rule|OHKO Clause: OHKO moves are banned\n|rule|Evasion Moves Clause: Evasion moves are banned\n|rule|Endless Battle Clause: Forcing endless battles is banned\n|rule|HP Percentage Mod: HP is shown in percentages\n|rule|Dynamax Clause: You cannot dynamax\n|teampreview\n|\n|t:|1611630911\n|start\n|switch|p1a: Swampert|Swampert, F|100\/100\n|switch|p2a: Pelipper|Pelipper, F|100\/100\n|-weather|RainDance|[from] ability: Drizzle|[of] p2a: Pelipper\n|turn|1\n|\n|t:|1611630918\n|move|p2a: Pelipper|U-turn|p1a: Swampert\n|-damage|p1a: Swampert|95\/100\n|\n|t:|1611630920\n|switch|p2a: Barraskewda|Barraskewda, F|100\/100|[from]move: U-turn\n|move|p1a: Swampert|Flip Turn|p2a: Barraskewda\n|-resisted|p2a: Barraskewda\n|-damage|p2a: Barraskewda|69\/100\n|\n|t:|1611630924\n|switch|p1a: Reptar|Tyranitar, F|100\/100|[from]move: Flip Turn\n|-weather|Sandstorm|[from] ability: Sand Stream|[of] p1a: Reptar\n|\n|-weather|Sandstorm|[upkeep]\n|-damage|p2a: Barraskewda|63\/100|[from] Sandstorm\n|upkeep\n|turn|2\n|\n|t:|1611630949\n|switch|p1a: Corviknight|Corviknight, F, shiny|100\/100\n|-ability|p1a: Corviknight|Pressure\n|move|p2a: Barraskewda|Flip Turn|p1a: Corviknight\n|-damage|p1a: Corviknight|69\/100\n|\n|t:|1611630954\n|switch|p2a: Nidoking|Nidoking, M|100\/100|[from]move: Flip Turn\n|\n|-weather|Sandstorm|[upkeep]\n|-heal|p1a: Corviknight|76\/100|[from] item: Leftovers\n|upkeep\n|turn|3\n|\n|t:|1611630959\n|switch|p1a: Volcacorona|Volcarona, F|100\/100\n|move|p2a: Nidoking|Flamethrower|p1a: Volcacorona\n|-damage|p1a: Volcacorona|59\/100\n|\n|-weather|Sandstorm|[upkeep]\n|-damage|p1a: Volcacorona|52\/100|[from] Sandstorm\n|upkeep\n|turn|4\n|\n|t:|1611630964\n|move|p1a: Volcacorona|Giga Drain|p2a: Nidoking\n|-damage|p2a: Nidoking|59\/100\n|-heal|p1a: Volcacorona|73\/100|[from] drain|[of] p2a: Nidoking\n|move|p2a: Nidoking|Earth Power|p1a: Volcacorona\n|-damage|p1a: Volcacorona|11\/100\n|\n|-weather|Sandstorm|[upkeep]\n|-damage|p1a: Volcacorona|5\/100|[from] Sandstorm\n|upkeep\n|turn|5\n|\n|t:|1611630982\n|move|p1a: Volcacorona|Giga Drain|p2a: Nidoking\n|-damage|p2a: Nidoking|20\/100\n|-heal|p1a: Volcacorona|24\/100|[from] drain|[of] p2a: Nidoking\n|move|p2a: Nidoking|Flamethrower|p1a: Volcacorona\n|-damage|p1a: Volcacorona|0 fnt\n|faint|p1a: Volcacorona\n|\n|-weather|Sandstorm|[upkeep]\n|upkeep\n|\n|t:|1611630994\n|switch|p1a: Swampert|Swampert, F|95\/100\n|turn|6\n|\n|t:|1611631004\n|switch|p2a: Pelipper|Pelipper, F|100\/100\n|-weather|RainDance|[from] ability: Drizzle|[of] p2a: Pelipper\n|move|p1a: Swampert|Flip Turn|p2a: Pelipper\n|-resisted|p2a: Pelipper\n|-damage|p2a: Pelipper|87\/100\n|\n|t:|1611631010\n|switch|p1a: Reptar|Tyranitar, F|100\/100|[from]move: Flip Turn\n|-weather|Sandstorm|[from] ability: Sand Stream|[of] p1a: Reptar\n|\n|-weather|Sandstorm|[upkeep]\n|-damage|p2a: Pelipper|81\/100|[from] Sandstorm\n|upkeep\n|turn|7\n|\n|t:|1611631018\n|switch|p2a: Scizor|Scizor, F|100\/100\n|move|p1a: Reptar|Rock Blast|p2a: Scizor\n|-damage|p2a: Scizor|87\/100\n|-damage|p2a: Scizor|73\/100\n|-damage|p2a: Scizor|60\/100\n|-hitcount|p2a: Scizor|3\n|\n|-weather|Sandstorm|[upkeep]\n|-heal|p2a: Scizor|66\/100|[from] item: Leftovers\n|upkeep\n|turn|8\n|\n|t:|1611631028\n|switch|p1a: Swampert|Swampert, F|95\/100\n|move|p2a: Scizor|Swords Dance|p2a: Scizor\n|-boost|p2a: Scizor|atk|2\n|\n|-weather|Sandstorm|[upkeep]\n|-heal|p2a: Scizor|72\/100|[from] item: Leftovers\n|-heal|p1a: Swampert|100\/100|[from] item: Leftovers\n|upkeep\n|turn|9\n|\n|t:|1611631035\n|move|p2a: Scizor|Knock Off|p1a: Swampert\n|-damage|p1a: Swampert|52\/100\n|-enditem|p1a: Swampert|Leftovers|[from] move: Knock Off|[of] p2a: Scizor\n|move|p1a: Swampert|Flip Turn|p2a: Scizor\n|-damage|p2a: Scizor|50\/100\n|\n|t:|1611631043\n|switch|p1a: Sexcadrill|Excadrill, F|100\/100|[from]move: Flip Turn\n|-item|p1a: Sexcadrill|Air Balloon\n|\n|-weather|Sandstorm|[upkeep]\n|-heal|p2a: Scizor|56\/100|[from] item: Leftovers\n|upkeep\n|turn|10\n|\n|t:|1611631049\n|move|p2a: Scizor|Bullet Punch|p1a: Sexcadrill\n|-resisted|p1a: Sexcadrill\n|-damage|p1a: Sexcadrill|49\/100\n|-enditem|p1a: Sexcadrill|Air Balloon\n|move|p1a: Sexcadrill|Earthquake|p2a: Scizor\n|-damage|p2a: Scizor|0 fnt\n|faint|p2a: Scizor\n|\n|-weather|Sandstorm|[upkeep]\n|upkeep\n|\n|t:|1611631067\n|switch|p2a: Pelipper|Pelipper, F|81\/100\n|-weather|RainDance|[from] ability: Drizzle|[of] p2a: Pelipper\n|turn|11\n|\n|t:|1611631075\n|switch|p1a: Swampert|Swampert, F|52\/100\n|switch|p2a: Zapdos|Zapdos-Galar|100\/100\n|\n|-weather|RainDance|[upkeep]\n|upkeep\n|turn|12\n|\n|t:|1611631080\n|move|p2a: Zapdos|Close Combat|p1a: Swampert\n|-damage|p1a: Swampert|14\/100\n|-unboost|p2a: Zapdos|def|1\n|-unboost|p2a: Zapdos|spd|1\n|move|p1a: Swampert|Flip Turn|p2a: Zapdos\n|-damage|p2a: Zapdos|37\/100\n|\n|t:|1611631084\n|switch|p1a: Reptar|Tyranitar, F|100\/100|[from]move: Flip Turn\n|-weather|Sandstorm|[from] ability: Sand Stream|[of] p1a: Reptar\n|\n|-weather|Sandstorm|[upkeep]\n|-damage|p2a: Zapdos|31\/100|[from] Sandstorm\n|upkeep\n|turn|13\n|\n|t:|1611631093\n|switch|p1a: Swampert|Swampert, F|14\/100\n|move|p2a: Zapdos|Close Combat|p1a: Swampert\n|-damage|p1a: Swampert|0 fnt\n|-unboost|p2a: Zapdos|def|1\n|-unboost|p2a: Zapdos|spd|1\n|faint|p1a: Swampert\n|\n|-weather|Sandstorm|[upkeep]\n|-damage|p2a: Zapdos|24\/100|[from] Sandstorm\n|upkeep\n|inactive|Battle timer is ON: inactive players will automatically lose when time's up. (requested by mongwong)\n|\n|t:|1611631111\n|switch|p1a: Dracovolt|Dracozolt|100\/100\n|turn|14\n|\n|t:|1611631123\n|switch|p2a: Nidoking|Nidoking, M|20\/100\n|move|p1a: Dracovolt|Outrage|p2a: Nidoking\n|-damage|p2a: Nidoking|0 fnt\n|faint|p2a: Nidoking\n|\n|-weather|Sandstorm|[upkeep]\n|upkeep\n|\n|t:|1611631131\n|switch|p2a: Pelipper|Pelipper, F|81\/100\n|-weather|RainDance|[from] ability: Drizzle|[of] p2a: Pelipper\n|turn|15\n|\n|t:|1611631135\n|move|p1a: Dracovolt|Outrage|p2a: Pelipper|[from]lockedmove\n|-damage|p2a: Pelipper|10\/100\n|move|p2a: Pelipper|U-turn|p1a: Dracovolt\n|-damage|p1a: Dracovolt|90\/100\n|\n|t:|1611631143\n|switch|p2a: Kingdra|Kingdra, M|100\/100|[from]move: U-turn\n|\n|-weather|RainDance|[upkeep]\n|upkeep\n|turn|16\n|\n|t:|1611631145\n|move|p2a: Kingdra|Ice Beam|p1a: Dracovolt\n|-supereffective|p1a: Dracovolt\n|-damage|p1a: Dracovolt|0 fnt\n|faint|p1a: Dracovolt\n|\n|-weather|RainDance|[upkeep]\n|upkeep\n|\n|t:|1611631149\n|switch|p1a: Reptar|Tyranitar, F|100\/100\n|-weather|Sandstorm|[from] ability: Sand Stream|[of] p1a: Reptar\n|turn|17\n|\n|t:|1611631156\n|move|p2a: Kingdra|Ice Beam|p1a: Reptar\n|-damage|p1a: Reptar|80\/100\n|move|p1a: Reptar|Thunder Wave|p2a: Kingdra\n|-status|p2a: Kingdra|par\n|\n|-weather|Sandstorm|[upkeep]\n|-damage|p2a: Kingdra|94\/100 par|[from] Sandstorm\n|upkeep\n|turn|18\n|\n|t:|1611631160\n|move|p1a: Reptar|Stealth Rock|p2a: Kingdra\n|-sidestart|p2: mongwong|move: Stealth Rock\n|cant|p2a: Kingdra|par\n|\n|-weather|Sandstorm|[upkeep]\n|-damage|p2a: Kingdra|88\/100 par|[from] Sandstorm\n|upkeep\n|turn|19\n|\n|t:|1611631169\n|move|p1a: Reptar|Rock Blast|p2a: Kingdra\n|-damage|p2a: Kingdra|70\/100 par\n|-damage|p2a: Kingdra|52\/100 par\n|-hitcount|p2a: Kingdra|2\n|cant|p2a: Kingdra|par\n|\n|-weather|Sandstorm|[upkeep]\n|-damage|p2a: Kingdra|46\/100 par|[from] Sandstorm\n|upkeep\n|turn|20\n|\n|t:|1611631174\n|move|p1a: Reptar|Rock Blast|p2a: Kingdra\n|-damage|p2a: Kingdra|31\/100 par\n|-damage|p2a: Kingdra|16\/100 par\n|-hitcount|p2a: Kingdra|2\n|cant|p2a: Kingdra|par\n|\n|-weather|Sandstorm|[upkeep]\n|-damage|p2a: Kingdra|10\/100 par|[from] Sandstorm\n|upkeep\n|turn|21\n|\n|t:|1611631188\n|move|p1a: Reptar|Crunch|p2a: Kingdra\n|-damage|p2a: Kingdra|0 fnt\n|faint|p2a: Kingdra\n|\n|-weather|Sandstorm|[upkeep]\n|upkeep\n|\n|t:|1611631192\n|switch|p2a: Zapdos|Zapdos-Galar|24\/100\n|-damage|p2a: Zapdos|12\/100|[from] Stealth Rock\n|turn|22\n|\n|t:|1611631197\n|switch|p1a: Corviknight|Corviknight, F, shiny|76\/100\n|-ability|p1a: Corviknight|Pressure\n|move|p2a: Zapdos|Close Combat|p1a: Corviknight\n|-damage|p1a: Corviknight|38\/100\n|-unboost|p2a: Zapdos|def|1\n|-unboost|p2a: Zapdos|spd|1\n|\n|-weather|Sandstorm|[upkeep]\n|-damage|p2a: Zapdos|6\/100|[from] Sandstorm\n|-heal|p1a: Corviknight|44\/100|[from] item: Leftovers\n|upkeep\n|turn|23\n|\n|t:|1611631201\n|move|p2a: Zapdos|Close Combat|p1a: Corviknight\n|-damage|p1a: Corviknight|4\/100\n|-unboost|p2a: Zapdos|def|1\n|-unboost|p2a: Zapdos|spd|1\n|move|p1a: Corviknight|Roost|p1a: Corviknight\n|-heal|p1a: Corviknight|54\/100\n|-singleturn|p1a: Corviknight|move: Roost\n|\n|-weather|Sandstorm|[upkeep]\n|-damage|p2a: Zapdos|0 fnt|[from] Sandstorm\n|faint|p2a: Zapdos\n|-heal|p1a: Corviknight|60\/100|[from] item: Leftovers\n|upkeep\n|\n|t:|1611631205\n|switch|p2a: Barraskewda|Barraskewda, F|63\/100\n|-damage|p2a: Barraskewda|51\/100|[from] Stealth Rock\n|turn|24\n|\n|t:|1611631211\n|move|p2a: Barraskewda|Liquidation|p1a: Corviknight\n|-damage|p1a: Corviknight|18\/100\n|move|p1a: Corviknight|Brave Bird|p2a: Barraskewda\n|-damage|p2a: Barraskewda|0 fnt\n|-damage|p1a: Corviknight|7\/100|[from] Recoil\n|faint|p2a: Barraskewda\n|\n|-weather|none\n|-heal|p1a: Corviknight|13\/100|[from] item: Leftovers\n|upkeep\n|\n|t:|1611631213\n|switch|p2a: Pelipper|Pelipper, F|10\/100\n|-damage|p2a: Pelipper|0 fnt|[from] Stealth Rock\n|faint|p2a: Pelipper\n|\n|win|Johnny J3T Tears\n|l|\u2606mongwong\n|raw|Johnny J3T Tears's rating: 1412 &rarr; <strong>1430<\/strong><br \/>(+18 for winning)\n|raw|mongwong's rating: 1388 &rarr; <strong>1370<\/strong><br \/>(-18 for losing)\n","uploadtime":1611631251,"views":11,"p1id":"johnnyj3ttears","p2id":"mongwong","formatid":"gen8ou","rating":1370,"private":0,"password":null}