{"id":"gen8battlefactory-1671488880","p1":"doggoking104","p2":"FENDINI","format":"gen8battlefactory","log":"|j|\u2606doggoking104\n|j|\u2606FENDINI\n|t:|1663943407\n|gametype|singles\n|player|p1|doggoking104|fisherman-gen4|1338\n|player|p2|FENDINI|ethan-masters|1237\n|teamsize|p1|6\n|teamsize|p2|6\n|gen|8\n|tier|[Gen 8] Battle Factory\n|rated|\n|rule|Sleep Clause Mod: Limit one foe put to sleep\n|rule|Species Clause: Limit one of each Pok\u00e9mon\n|rule|OHKO Clause: OHKO moves are banned\n|rule|Evasion Items Clause: Evasion items are banned\n|rule|Evasion Moves Clause: Evasion moves are banned\n|rule|Endless Battle Clause: Forcing endless battles is banned\n|rule|HP Percentage Mod: HP is shown in percentages\n|rule|Dynamax Clause: You cannot dynamax\n|clearpoke\n|poke|p1|Wingull, L5, M|\n|poke|p1|Drilbur, L5, M|\n|poke|p1|Timburr, L5, F|\n|poke|p1|Chinchou, L5, M|\n|poke|p1|Staryu, L5|\n|poke|p1|Koffing, L5, F|\n|poke|p2|Shellder, L5, M|\n|poke|p2|Onix, L5, M|\n|poke|p2|Morelull, L5, F|\n|poke|p2|Spritzee, L5, M|\n|poke|p2|Anorith, L5, M|\n|poke|p2|Timburr, L5, M|\n|teampreview\n|inactive|Battle timer is ON: inactive players will automatically lose when time's up. (requested by FENDINI)\n|\n|t:|1663943437\n|start\n|switch|p1a: Drilbur|Drilbur, L5, M|23\/23\n|switch|p2a: Onix|Onix, L5, M|21\/21\n|-ability|p1a: Drilbur|Mold Breaker\n|turn|1\n|\n|t:|1663943458\n|switch|p2a: Morelull|Morelull, L5, F|23\/23\n|move|p1a: Drilbur|Earthquake|p2a: Morelull\n|-resisted|p2a: Morelull\n|-damage|p2a: Morelull|18\/23\n|\n|upkeep\n|turn|2\n|\n|t:|1663943462\n|move|p1a: Drilbur|Stealth Rock|p2a: Morelull\n|-sidestart|p2: FENDINI|move: Stealth Rock\n|move|p2a: Morelull|Spore|p1a: Drilbur\n|-status|p1a: Drilbur|slp|[from] move: Spore\n|\n|upkeep\n|turn|3\n|\n|t:|1663943473\n|switch|p1a: Koffing|Koffing, L5, F|21\/21\n|-ability|p1a: Koffing|Neutralizing Gas\n|switch|p2a: Anorith|Anorith, L5, M|21\/21\n|-damage|p2a: Anorith|16\/21|[from] Stealth Rock\n|\n|upkeep\n|turn|4\n|\n|t:|1663943500\n|move|p2a: Anorith|Rapid Spin|p1a: Koffing\n|-damage|p1a: Koffing|18\/21\n|-boost|p2a: Anorith|spe|1\n|-sideend|p2: FENDINI|Stealth Rock|[from] move: Rapid Spin|[of] p2a: Anorith\n|move|p1a: Koffing|Fire Blast|p2a: Anorith\n|-damage|p2a: Anorith|7\/21\n|\n|upkeep\n|turn|5\n|inactive|doggoking104 has 120 seconds left.\n|\n|t:|1663943525\n|switch|p2a: Onix|Onix, L5, M|21\/21\n|move|p1a: Koffing|Thunderbolt|p2a: Onix\n|-immune|p2a: Onix\n|\n|upkeep\n|turn|6\n|\n|t:|1663943535\n|-end|p1a: Koffing|ability: Neutralizing Gas\n|switch|p1a: Staryu|Staryu, L5|19\/19\n|move|p2a: Onix|Stealth Rock|p1a: Staryu\n|-sidestart|p1: doggoking104|move: Stealth Rock\n|\n|upkeep\n|turn|7\n|inactive|doggoking104 has 120 seconds left.\n|\n|t:|1663943556\n|move|p1a: Staryu|Psychic|p2a: Onix\n|-damage|p2a: Onix|11\/21\n|move|p2a: Onix|Earthquake|p1a: Staryu\n|-damage|p1a: Staryu|10\/19\n|\n|upkeep\n|turn|8\n|\n|t:|1663943568\n|switch|p2a: Morelull|Morelull, L5, F|18\/23\n|move|p1a: Staryu|Recover|p1a: Staryu\n|-heal|p1a: Staryu|19\/19\n|\n|upkeep\n|turn|9\n|inactive|doggoking104 has 120 seconds left.\n|\n|t:|1663943604\n|switch|p1a: Koffing|Koffing, L5, F|18\/21\n|-ability|p1a: Koffing|Neutralizing Gas\n|-damage|p1a: Koffing|16\/21|[from] Stealth Rock\n|move|p2a: Morelull|Giga Drain|p1a: Koffing\n|-resisted|p1a: Koffing\n|-damage|p1a: Koffing|13\/21\n|-heal|p2a: Morelull|20\/23|[from] drain|[of] p1a: Koffing\n|\n|upkeep\n|turn|10\n|\n|t:|1663943610\n|switch|p2a: Onix|Onix, L5, M|11\/21\n|move|p1a: Koffing|Sludge Bomb|p2a: Onix\n|-resisted|p2a: Onix\n|-damage|p2a: Onix|7\/21\n|-enditem|p2a: Onix|Berry Juice\n|-heal|p2a: Onix|21\/21|[from] item: Berry Juice\n|\n|upkeep\n|turn|11\n|inactive|doggoking104 has 120 seconds left.\n|\n|t:|1663943626\n|-end|p1a: Koffing|ability: Neutralizing Gas\n|switch|p1a: Drilbur|Drilbur, L5, M|23\/23 slp\n|-damage|p1a: Drilbur|22\/23 slp|[from] Stealth Rock\n|-ability|p1a: Drilbur|Mold Breaker\n|move|p2a: Onix|Rock Blast|p1a: Drilbur\n|-resisted|p1a: Drilbur\n|-damage|p1a: Drilbur|21\/23 slp\n|-resisted|p1a: Drilbur\n|-damage|p1a: Drilbur|20\/23 slp\n|-hitcount|p1a: Drilbur|2\n|\n|upkeep\n|turn|12\n|\n|t:|1663943633\n|switch|p2a: Morelull|Morelull, L5, F|20\/23\n|cant|p1a: Drilbur|slp\n|\n|upkeep\n|turn|13\n|inactive|doggoking104 has 120 seconds left.\n|\n|t:|1663943672\n|switch|p1a: Koffing|Koffing, L5, F|13\/21\n|-ability|p1a: Koffing|Neutralizing Gas\n|-damage|p1a: Koffing|11\/21|[from] Stealth Rock\n|switch|p2a: Onix|Onix, L5, M|21\/21\n|\n|upkeep\n|turn|14\n|\n|t:|1663943679\n|-end|p1a: Koffing|ability: Neutralizing Gas\n|switch|p1a: Drilbur|Drilbur, L5, M|20\/23 slp\n|-damage|p1a: Drilbur|19\/23 slp|[from] Stealth Rock\n|-ability|p1a: Drilbur|Mold Breaker\n|move|p2a: Onix|Earthquake|p1a: Drilbur\n|-damage|p1a: Drilbur|7\/23 slp\n|\n|upkeep\n|turn|15\n|\n|t:|1663943691\n|move|p2a: Onix|Earthquake|p1a: Drilbur\n|-damage|p1a: Drilbur|0 fnt\n|faint|p1a: Drilbur\n|\n|upkeep\n|\n|t:|1663943695\n|switch|p1a: Timburr|Timburr, L5, F|25\/25\n|-damage|p1a: Timburr|24\/25|[from] Stealth Rock\n|turn|16\n|\n|t:|1663943705\n|switch|p2a: Morelull|Morelull, L5, F|20\/23\n|move|p1a: Timburr|Defog|p2a: Morelull\n|-unboost|p2a: Morelull|evasion|1\n|-sideend|p1: doggoking104|Stealth Rock|[from] move: Defog|[of] p1a: Timburr\n|\n|upkeep\n|turn|17\n|inactive|doggoking104 has 120 seconds left.\n|\n|t:|1663943727\n|move|p1a: Timburr|Knock Off|p2a: Morelull\n|-resisted|p2a: Morelull\n|-damage|p2a: Morelull|17\/23\n|-status|p1a: Timburr|par|[from] ability: Effect Spore|[of] p2a: Morelull\n|-enditem|p2a: Morelull|Eviolite|[from] move: Knock Off|[of] p1a: Timburr\n|move|p2a: Morelull|Spore||[still]\n|-fail|p2a: Morelull\n|\n|upkeep\n|turn|18\n|inactive|doggoking104 has 120 seconds left.\n|\n|t:|1663943735\n|switch|p1a: Koffing|Koffing, L5, F|11\/21\n|-ability|p1a: Koffing|Neutralizing Gas\n|move|p2a: Morelull|Moonblast|p1a: Koffing\n|-resisted|p1a: Koffing\n|-damage|p1a: Koffing|7\/21\n|-unboost|p1a: Koffing|spa|1\n|\n|upkeep\n|turn|19\n|inactive|doggoking104 has 120 seconds left.\n|\n|t:|1663943773\n|switch|p2a: Onix|Onix, L5, M|21\/21\n|move|p1a: Koffing|Sludge Bomb|p2a: Onix\n|-resisted|p2a: Onix\n|-damage|p2a: Onix|19\/21\n|\n|upkeep\n|turn|20\n|\n|t:|1663943779\n|-end|p1a: Koffing|ability: Neutralizing Gas\n|switch|p1a: Wingull|Wingull, L5, M|19\/19\n|move|p2a: Onix|Stealth Rock|p1a: Wingull\n|-sidestart|p1: doggoking104|move: Stealth Rock\n|\n|upkeep\n|turn|21\n|\n|t:|1663943793\n|switch|p2a: Anorith|Anorith, L5, M|7\/21\n|move|p1a: Wingull|Substitute|p1a: Wingull\n|-start|p1a: Wingull|Substitute\n|-damage|p1a: Wingull|15\/19\n|\n|upkeep\n|turn|22\n|\n|t:|1663943806\n|move|p1a: Wingull|Scald|p2a: Anorith\n|-supereffective|p2a: Anorith\n|-damage|p2a: Anorith|0 fnt\n|faint|p2a: Anorith\n|\n|upkeep\n|\n|t:|1663943817\n|switch|p2a: Shellder|Shellder, L5, M|20\/20\n|turn|23\n|inactive|doggoking104 has 120 seconds left.\n|\n|t:|1663943837\n|move|p1a: Wingull|Hurricane|p2a: Shellder|[miss]\n|-miss|p1a: Wingull|p2a: Shellder\n|move|p2a: Shellder|Rock Blast|p1a: Wingull\n|-supereffective|p1a: Wingull\n|-end|p1a: Wingull|Substitute\n|-supereffective|p1a: Wingull\n|-damage|p1a: Wingull|5\/19\n|-enditem|p1a: Wingull|Berry Juice\n|-heal|p1a: Wingull|19\/19|[from] item: Berry Juice\n|-supereffective|p1a: Wingull\n|-damage|p1a: Wingull|7\/19\n|-supereffective|p1a: Wingull\n|-damage|p1a: Wingull|0 fnt\n|faint|p1a: Wingull\n|-hitcount|p1: Wingull|4\n|\n|upkeep\n|c|\u2606doggoking104|f\n|\n|t:|1663943847\n|switch|p1a: Chinchou|Chinchou, L5, M|25\/25\n|-damage|p1a: Chinchou|22\/25|[from] Stealth Rock\n|turn|24\n|c|\u2606FENDINI|rip\n|inactive|FENDINI has 120 seconds left.\n|\n|t:|1663943886\n|switch|p2a: Morelull|Morelull, L5, F|17\/23\n|move|p1a: Chinchou|Thunderbolt|p2a: Morelull\n|-resisted|p2a: Morelull\n|-damage|p2a: Morelull|12\/23\n|\n|upkeep\n|turn|25\n|inactive|doggoking104 has 120 seconds left.\n|\n|t:|1663943913\n|move|p1a: Chinchou|Ice Beam|p2a: Morelull\n|-supereffective|p2a: Morelull\n|-damage|p2a: Morelull|0 fnt\n|faint|p2a: Morelull\n|\n|upkeep\n|\n|t:|1663943919\n|switch|p2a: Spritzee|Spritzee, L5, M|25\/25\n|turn|26\n|\n|t:|1663943929\n|move|p1a: Chinchou|Thunderbolt|p2a: Spritzee\n|-damage|p2a: Spritzee|15\/25\n|move|p2a: Spritzee|Trick Room|p2a: Spritzee\n|-fieldstart|move: Trick Room|[of] p2a: Spritzee\n|\n|upkeep\n|turn|27\n|inactive|doggoking104 has 120 seconds left.\n|\n|t:|1663943938\n|move|p2a: Spritzee|Nasty Plot|p2a: Spritzee\n|-boost|p2a: Spritzee|spa|2\n|move|p1a: Chinchou|Volt Switch|p2a: Spritzee\n|-damage|p2a: Spritzee|6\/25\n|-enditem|p2a: Spritzee|Berry Juice\n|-heal|p2a: Spritzee|25\/25|[from] item: Berry Juice\n|inactive|doggoking104 has 120 seconds left.\n|\n|t:|1663943944\n|switch|p1a: Timburr|Timburr, L5, F|24\/25 par\n|-damage|p1a: Timburr|23\/25 par|[from] Stealth Rock\n|\n|upkeep\n|turn|28\n|\n|t:|1663943949\n|move|p1a: Timburr|Defog|p2a: Spritzee\n|-unboost|p2a: Spritzee|evasion|1\n|-sideend|p1: doggoking104|Stealth Rock|[from] move: Defog|[of] p1a: Timburr\n|move|p2a: Spritzee|Moonblast|p1a: Timburr\n|-supereffective|p1a: Timburr\n|-damage|p1a: Timburr|0 fnt\n|faint|p1a: Timburr\n|\n|upkeep\n|\n|t:|1663943955\n|switch|p1a: Koffing|Koffing, L5, F|7\/21\n|-ability|p1a: Koffing|Neutralizing Gas\n|turn|29\n|\n|t:|1663943961\n|move|p2a: Spritzee|Psychic|p1a: Koffing\n|-supereffective|p1a: Koffing\n|-damage|p1a: Koffing|0 fnt\n|faint|p1a: Koffing\n|-end|p1a: Koffing|ability: Neutralizing Gas\n|\n|upkeep\n|c|\u2606doggoking104|gg\n|\n|t:|1663943966\n|switch|p1a: Staryu|Staryu, L5|19\/19\n|turn|30\n|c|\u2606FENDINI|gg\n|-message|doggoking104 forfeited.\n|\n|win|FENDINI\n|raw|doggoking104's rating: 1362 &rarr; <strong>1335<\/strong><br \/>(-27 for losing)\n|raw|FENDINI's rating: 1237 &rarr; <strong>1271<\/strong><br \/>(+34 for winning)\n|l|\u2606doggoking104\n|c|\u2606FENDINI|just needed to kill wingull and i was setting this up to win\n","uploadtime":1663943989,"views":1,"p1id":"doggoking104","p2id":"fendini","formatid":"gen8battlefactory","rating":1271,"private":0,"password":null}