{"id":"gen8ou-1694376894","p1":"OUTD soak","p2":"kokoukohiro","format":"gen8ou","log":"|html|<div class=\"broadcast-blue\"><strong>[Gen 8] OU is currently suspecting Melmetal! For information on how to participate check out the <a href=\"https:\/\/www.smogon.com\/forums\/threads\/np-ss-ou-suspect-process-round-12-monster-mash.3709234\/\">suspect thread<\/a>.<\/strong><\/div>\n|j|\u2606OUTD soak\n|j|\u2606kokoukohiro\n|t:|1666700038\n|gametype|singles\n|player|p1|OUTD soak|beauty-gen4dp|1588\n|player|p2|kokoukohiro|dawn-gen4pt|1618\n|teamsize|p1|6\n|teamsize|p2|6\n|gen|8\n|tier|[Gen 8] OU\n|rated|\n|rule|Sleep Clause Mod: Limit one foe put to sleep\n|rule|Species Clause: Limit one of each Pok\u00e9mon\n|rule|OHKO Clause: OHKO moves are banned\n|rule|Evasion Items Clause: Evasion items are banned\n|rule|Evasion Moves Clause: Evasion moves are banned\n|rule|Endless Battle Clause: Forcing endless battles is banned\n|rule|HP Percentage Mod: HP is shown in percentages\n|rule|Dynamax Clause: You cannot dynamax\n|clearpoke\n|poke|p1|Tapu Koko|\n|poke|p1|Dragonite, M|\n|poke|p1|Victini|\n|poke|p1|Ferrothorn, M|\n|poke|p1|Landorus-Therian, M|\n|poke|p1|Clefable, M|\n|poke|p2|Jirachi|\n|poke|p2|Quagsire, F|\n|poke|p2|Blissey, F|\n|poke|p2|Toxapex, F|\n|poke|p2|Skarmory, F|\n|poke|p2|Tornadus-Therian, M|\n|teampreview\n|inactive|Battle timer is ON: inactive players will automatically lose when time's up. (requested by kokoukohiro)\n|\n|t:|1666700048\n|start\n|switch|p1a: Ferrothorn|Ferrothorn, M|100\/100\n|switch|p2a: Tornadus|Tornadus-Therian, M|100\/100\n|turn|1\n|\n|t:|1666700056\n|switch|p1a: Tapu Koko|Tapu Koko|100\/100\n|-fieldstart|move: Electric Terrain|[from] ability: Electric Surge|[of] p1a: Tapu Koko\n|move|p2a: Tornadus|Taunt|p1a: Tapu Koko\n|-start|p1a: Tapu Koko|move: Taunt\n|\n|upkeep\n|turn|2\n|\n|t:|1666700063\n|switch|p1a: Clefable|Clefable, M, shiny|100\/100\n|switch|p2a: Jirachi|Jirachi|100\/100\n|\n|upkeep\n|turn|3\n|\n|t:|1666700067\n|switch|p1a: Ferrothorn|Ferrothorn, M|100\/100\n|move|p2a: Jirachi|Iron Head|p1a: Ferrothorn\n|-resisted|p1a: Ferrothorn\n|-damage|p1a: Ferrothorn|92\/100\n|-damage|p2a: Jirachi|88\/100|[from] ability: Iron Barbs|[of] p1a: Ferrothorn\n|-damage|p2a: Jirachi|72\/100|[from] item: Rocky Helmet|[of] p1a: Ferrothorn\n|\n|-heal|p2a: Jirachi|78\/100|[from] item: Leftovers\n|upkeep\n|turn|4\n|\n|t:|1666700072\n|switch|p2a: Toxapex|Toxapex, F|100\/100\n|switch|p1a: Landorus|Landorus-Therian, M|100\/100\n|-ability|p1a: Landorus|Intimidate|boost\n|-unboost|p2a: Toxapex|atk|1\n|\n|upkeep\n|turn|5\n|j| Jcl kaytwo\n|\n|t:|1666700076\n|move|p1a: Landorus|Stealth Rock|p2a: Toxapex\n|-sidestart|p2: kokoukohiro|move: Stealth Rock\n|move|p2a: Toxapex|Toxic Spikes|p1a: Landorus\n|-sidestart|p1: OUTD soak|move: Toxic Spikes\n|\n|-fieldend|move: Electric Terrain\n|upkeep\n|turn|6\n|\n|t:|1666700079\n|move|p1a: Landorus|U-turn|p2a: Toxapex\n|-resisted|p2a: Toxapex\n|-damage|p2a: Toxapex|94\/100\n|\n|t:|1666700084\n|switch|p1a: Clefable|Clefable, M, shiny|100\/100|[from]move: U-turn\n|-status|p1a: Clefable|psn\n|move|p2a: Toxapex|Scald|p1a: Clefable\n|-damage|p1a: Clefable|88\/100 psn\n|\n|upkeep\n|turn|7\n|\n|t:|1666700087\n|move|p1a: Clefable|Trick|p2a: Toxapex\n|-activate|p1a: Clefable|move: Trick|[of] p2a: Toxapex\n|-item|p2a: Toxapex|Sticky Barb|[from] move: Trick\n|-item|p1a: Clefable|Shed Shell|[from] move: Trick\n|move|p2a: Toxapex|Toxic Spikes|p1a: Clefable\n|-sidestart|p1: OUTD soak|move: Toxic Spikes\n|\n|-damage|p2a: Toxapex|82\/100|[from] item: Sticky Barb\n|upkeep\n|turn|8\n|\n|t:|1666700101\n|switch|p2a: Jirachi|Jirachi|78\/100\n|-damage|p2a: Jirachi|72\/100|[from] Stealth Rock\n|move|p1a: Clefable|Thunder Wave|p2a: Jirachi\n|-status|p2a: Jirachi|par\n|\n|-heal|p2a: Jirachi|78\/100 par|[from] item: Leftovers\n|upkeep\n|turn|9\n|\n|t:|1666700108\n|move|p1a: Clefable|Trick|p2a: Jirachi\n|-activate|p1a: Clefable|move: Trick|[of] p2a: Jirachi\n|-item|p2a: Jirachi|Shed Shell|[from] move: Trick\n|-item|p1a: Clefable|Leftovers|[from] move: Trick\n|move|p2a: Jirachi|U-turn|p1a: Clefable\n|-resisted|p1a: Clefable\n|-damage|p1a: Clefable|80\/100 psn\n|inactive|kokoukohiro has 120 seconds left.\n|\n|t:|1666700151\n|switch|p2a: Tornadus|Tornadus-Therian, M|100\/100|[from]move: U-turn\n|\n|-heal|p1a: Clefable|87\/100 psn|[from] item: Leftovers\n|upkeep\n|turn|10\n|j| Ran Kob\n|\n|t:|1666700156\n|switch|p2a: Toxapex|Toxapex, F|100\/100\n|-damage|p2a: Toxapex|88\/100|[from] Stealth Rock\n|move|p1a: Clefable|Thunder Wave|p2a: Toxapex\n|-status|p2a: Toxapex|par\n|\n|-heal|p1a: Clefable|93\/100 psn|[from] item: Leftovers\n|-damage|p2a: Toxapex|75\/100 par|[from] item: Sticky Barb\n|upkeep\n|turn|11\n|inactive|kokoukohiro has 120 seconds left.\n|\n|t:|1666700164\n|switch|p1a: Ferrothorn|Ferrothorn, M|92\/100\n|switch|p2a: Jirachi|Jirachi|78\/100 par\n|-damage|p2a: Jirachi|72\/100 par|[from] Stealth Rock\n|\n|upkeep\n|turn|12\n|\n|t:|1666700168\n|switch|p2a: Tornadus|Tornadus-Therian, M|100\/100\n|move|p1a: Ferrothorn|Spikes|p2a: Tornadus\n|-sidestart|p2: kokoukohiro|Spikes\n|\n|upkeep\n|turn|13\n|\n|t:|1666700176\n|switch|p1a: Clefable|Clefable, M, shiny|93\/100 psn\n|move|p2a: Tornadus|Taunt|p1a: Clefable\n|-start|p1a: Clefable|move: Taunt\n|\n|-heal|p1a: Clefable|99\/100 psn|[from] item: Leftovers\n|upkeep\n|turn|14\n|\n|t:|1666700181\n|switch|p1a: Tapu Koko|Tapu Koko|100\/100\n|-fieldstart|move: Electric Terrain|[from] ability: Electric Surge|[of] p1a: Tapu Koko\n|move|p2a: Tornadus|U-turn|p1a: Tapu Koko\n|-resisted|p1a: Tapu Koko\n|-damage|p1a: Tapu Koko|91\/100\n|\n|t:|1666700203\n|switch|p2a: Jirachi|Jirachi|72\/100 par|[from]move: U-turn\n|-damage|p2a: Jirachi|65\/100 par|[from] Stealth Rock\n|-damage|p2a: Jirachi|53\/100 par|[from] Spikes\n|\n|upkeep\n|turn|15\n|\n|t:|1666700209\n|switch|p1a: Ferrothorn|Ferrothorn, M|92\/100\n|move|p2a: Jirachi|Wish|p2a: Jirachi\n|\n|upkeep\n|turn|16\n|\n|t:|1666700222\n|move|p2a: Jirachi|Protect|p2a: Jirachi\n|-singleturn|p2a: Jirachi|Protect\n|move|p1a: Ferrothorn|Leech Seed|p2a: Jirachi\n|-activate|p2a: Jirachi|move: Protect\n|\n|-heal|p2a: Jirachi|100\/100 par|[from] move: Wish|[wisher] Jirachi\n|upkeep\n|turn|17\n|\n|t:|1666700230\n|switch|p2a: Tornadus|Tornadus-Therian, M|100\/100\n|move|p1a: Ferrothorn|Spikes|p2a: Tornadus\n|-sidestart|p2: kokoukohiro|Spikes\n|\n|upkeep\n|turn|18\n|\n|t:|1666700239\n|move|p2a: Tornadus|Defog|p1a: Ferrothorn\n|-unboost|p1a: Ferrothorn|evasion|1\n|-sideend|p1: OUTD soak|Toxic Spikes|[from] move: Defog|[of] p2a: Tornadus\n|-sideend|p2: kokoukohiro|Spikes|[from] move: Defog|[of] p2a: Tornadus\n|-sideend|p2: kokoukohiro|Stealth Rock|[from] move: Defog|[of] p2a: Tornadus\n|-fieldend|move: Electric Terrain\n|move|p1a: Ferrothorn|Knock Off|p2a: Tornadus\n|-crit|p2a: Tornadus\n|-damage|p2a: Tornadus|66\/100\n|-enditem|p2a: Tornadus|Heavy-Duty Boots|[from] move: Knock Off|[of] p1a: Ferrothorn\n|\n|upkeep\n|turn|19\n|\n|t:|1666700249\n|switch|p1a: Clefable|Clefable, M, shiny|99\/100 psn\n|move|p2a: Tornadus|Taunt|p1a: Clefable\n|-start|p1a: Clefable|move: Taunt\n|\n|-heal|p1a: Clefable|100\/100 psn|[from] item: Leftovers\n|upkeep\n|turn|20\n|\n|t:|1666700253\n|move|p2a: Tornadus|U-turn|p1a: Clefable\n|-resisted|p1a: Clefable\n|-damage|p1a: Clefable|94\/100 psn\n|\n|t:|1666700256\n|switch|p2a: Jirachi|Jirachi|100\/100 par|[from]move: U-turn\n|move|p1a: Clefable|Moonblast|p2a: Jirachi\n|-resisted|p2a: Jirachi\n|-damage|p2a: Jirachi|91\/100 par\n|\n|-heal|p1a: Clefable|99\/100 psn|[from] item: Leftovers\n|upkeep\n|turn|21\n|j| alealessandro\n|\n|t:|1666700259\n|switch|p1a: Ferrothorn|Ferrothorn, M|92\/100\n|move|p2a: Jirachi|Iron Head|p1a: Ferrothorn\n|-resisted|p1a: Ferrothorn\n|-damage|p1a: Ferrothorn|83\/100\n|-damage|p2a: Jirachi|79\/100 par|[from] ability: Iron Barbs|[of] p1a: Ferrothorn\n|-damage|p2a: Jirachi|62\/100 par|[from] item: Rocky Helmet|[of] p1a: Ferrothorn\n|\n|upkeep\n|turn|22\n|\n|t:|1666700262\n|switch|p2a: Tornadus|Tornadus-Therian, M|99\/100\n|move|p1a: Ferrothorn|Spikes|p2a: Tornadus\n|-sidestart|p2: kokoukohiro|Spikes\n|\n|upkeep\n|turn|23\n|\n|t:|1666700267\n|switch|p1a: Tapu Koko|Tapu Koko|91\/100\n|-fieldstart|move: Electric Terrain|[from] ability: Electric Surge|[of] p1a: Tapu Koko\n|move|p2a: Tornadus|Heat Wave|p1a: Tapu Koko\n|-damage|p1a: Tapu Koko|55\/100\n|\n|upkeep\n|turn|24\n|\n|t:|1666700272\n|move|p1a: Tapu Koko|Roost|p1a: Tapu Koko\n|-heal|p1a: Tapu Koko|100\/100\n|-singleturn|p1a: Tapu Koko|move: Roost\n|move|p2a: Tornadus|Defog|p1a: Tapu Koko\n|-unboost|p1a: Tapu Koko|evasion|1\n|-sideend|p2: kokoukohiro|Spikes|[from] move: Defog|[of] p2a: Tornadus\n|-fieldend|move: Electric Terrain\n|\n|upkeep\n|turn|25\n|\n|t:|1666700280\n|switch|p2a: Jirachi|Jirachi|62\/100 par\n|move|p1a: Tapu Koko|Thunderbolt|p2a: Jirachi\n|-damage|p2a: Jirachi|39\/100 par\n|\n|upkeep\n|turn|26\n|\n|t:|1666700286\n|switch|p1a: Landorus|Landorus-Therian, M|100\/100\n|-ability|p1a: Landorus|Intimidate|boost\n|-unboost|p2a: Jirachi|atk|1\n|move|p2a: Jirachi|Wish|p2a: Jirachi\n|\n|upkeep\n|turn|27\n|\n|t:|1666700289\n|move|p2a: Jirachi|Protect|p2a: Jirachi\n|-singleturn|p2a: Jirachi|Protect\n|move|p1a: Landorus|Stealth Rock|p2a: Jirachi\n|-sidestart|p2: kokoukohiro|move: Stealth Rock\n|\n|-heal|p2a: Jirachi|89\/100 par|[from] move: Wish|[wisher] Jirachi\n|upkeep\n|turn|28\n|\n|t:|1666700295\n|switch|p2a: Skarmory|Skarmory, F|100\/100\n|-damage|p2a: Skarmory|88\/100|[from] Stealth Rock\n|move|p1a: Landorus|Toxic|p2a: Skarmory\n|-immune|p2a: Skarmory\n|\n|upkeep\n|turn|29\n|j| JoeDirtt\n|\n|t:|1666700303\n|switch|p1a: Victini|Victini|100\/100\n|move|p2a: Skarmory|Spikes|p1a: Victini\n|-sidestart|p1: OUTD soak|Spikes\n|\n|upkeep\n|turn|30\n|\n|t:|1666700307\n|switch|p2a: Quagsire|Quagsire, F|100\/100\n|-damage|p2a: Quagsire|94\/100|[from] Stealth Rock\n|move|p1a: Victini|V-create|p2a: Quagsire\n|-resisted|p2a: Quagsire\n|-damage|p2a: Quagsire|66\/100\n|-unboost|p1a: Victini|spe|1\n|-unboost|p1a: Victini|def|1\n|-unboost|p1a: Victini|spd|1\n|\n|-heal|p2a: Quagsire|72\/100|[from] item: Leftovers\n|upkeep\n|turn|31\n|\n|t:|1666700314\n|move|p1a: Victini|U-turn|p2a: Quagsire\n|-damage|p2a: Quagsire|58\/100\n|\n|t:|1666700317\n|switch|p1a: Ferrothorn|Ferrothorn, M|83\/100|[from]move: U-turn\n|-damage|p1a: Ferrothorn|71\/100|[from] Spikes\n|move|p2a: Quagsire|Recover|p2a: Quagsire\n|-heal|p2a: Quagsire|100\/100\n|\n|upkeep\n|turn|32\n|\n|t:|1666700321\n|switch|p2a: Tornadus|Tornadus-Therian, M|100\/100\n|-damage|p2a: Tornadus|76\/100|[from] Stealth Rock\n|move|p1a: Ferrothorn|Knock Off|p2a: Tornadus\n|-damage|p2a: Tornadus|58\/100\n|\n|upkeep\n|turn|33\n|\n|t:|1666700327\n|switch|p1a: Tapu Koko|Tapu Koko|100\/100\n|-fieldstart|move: Electric Terrain|[from] ability: Electric Surge|[of] p1a: Tapu Koko\n|move|p2a: Tornadus|Heat Wave|p1a: Tapu Koko\n|-damage|p1a: Tapu Koko|62\/100\n|\n|upkeep\n|turn|34\n|\n|t:|1666700334\n|switch|p2a: Jirachi|Jirachi|89\/100 par\n|-damage|p2a: Jirachi|82\/100 par|[from] Stealth Rock\n|move|p1a: Tapu Koko|Thunderbolt|p2a: Jirachi\n|-damage|p2a: Jirachi|54\/100 par\n|\n|upkeep\n|turn|35\n|\n|t:|1666700338\n|switch|p1a: Ferrothorn|Ferrothorn, M|71\/100\n|-damage|p1a: Ferrothorn|59\/100|[from] Spikes\n|move|p2a: Jirachi|Wish|p2a: Jirachi\n|\n|upkeep\n|turn|36\n|\n|t:|1666700343\n|move|p2a: Jirachi|Protect|p2a: Jirachi\n|-singleturn|p2a: Jirachi|Protect\n|move|p1a: Ferrothorn|Leech Seed|p2a: Jirachi\n|-activate|p2a: Jirachi|move: Protect\n|\n|-heal|p2a: Jirachi|100\/100 par|[from] move: Wish|[wisher] Jirachi\n|upkeep\n|turn|37\n|\n|t:|1666700346\n|switch|p2a: Tornadus|Tornadus-Therian, M|91\/100\n|-damage|p2a: Tornadus|66\/100|[from] Stealth Rock\n|move|p1a: Ferrothorn|Leech Seed|p2a: Tornadus\n|-start|p2a: Tornadus|move: Leech Seed\n|\n|-damage|p2a: Tornadus|54\/100|[from] Leech Seed|[of] p1a: Ferrothorn\n|-heal|p1a: Ferrothorn|72\/100|[silent]\n|-fieldend|move: Electric Terrain\n|upkeep\n|turn|38\n|\n|t:|1666700350\n|switch|p1a: Tapu Koko|Tapu Koko|62\/100\n|-fieldstart|move: Electric Terrain|[from] ability: Electric Surge|[of] p1a: Tapu Koko\n|move|p2a: Tornadus|Heat Wave|p1a: Tapu Koko\n|-damage|p1a: Tapu Koko|25\/100\n|\n|-damage|p2a: Tornadus|41\/100|[from] Leech Seed|[of] p1a: Tapu Koko\n|-heal|p1a: Tapu Koko|41\/100|[silent]\n|upkeep\n|turn|39\n|\n|t:|1666700354\n|switch|p2a: Jirachi|Jirachi|100\/100 par\n|-damage|p2a: Jirachi|94\/100 par|[from] Stealth Rock\n|move|p1a: Tapu Koko|Roost|p1a: Tapu Koko\n|-heal|p1a: Tapu Koko|91\/100\n|-singleturn|p1a: Tapu Koko|move: Roost\n|\n|upkeep\n|turn|40\n|\n|t:|1666700359\n|switch|p1a: Ferrothorn|Ferrothorn, M|72\/100\n|-damage|p1a: Ferrothorn|59\/100|[from] Spikes\n|cant|p2a: Jirachi|par\n|\n|upkeep\n|turn|41\n|\n|t:|1666700364\n|switch|p2a: Tornadus|Tornadus-Therian, M|75\/100\n|-damage|p2a: Tornadus|50\/100|[from] Stealth Rock\n|move|p1a: Ferrothorn|Spikes|p2a: Tornadus\n|-sidestart|p2: kokoukohiro|Spikes\n|\n|upkeep\n|turn|42\n|\n|t:|1666700370\n|switch|p1a: Tapu Koko|Tapu Koko|91\/100\n|move|p2a: Tornadus|Taunt|p1a: Tapu Koko\n|-start|p1a: Tapu Koko|move: Taunt\n|\n|-fieldend|move: Electric Terrain\n|upkeep\n|turn|43\n|\n|t:|1666700375\n|switch|p2a: Jirachi|Jirachi|94\/100 par\n|-damage|p2a: Jirachi|88\/100 par|[from] Stealth Rock\n|-damage|p2a: Jirachi|76\/100 par|[from] Spikes\n|move|p1a: Tapu Koko|Thunderbolt|p2a: Jirachi\n|-damage|p2a: Jirachi|53\/100 par\n|\n|upkeep\n|turn|44\n|\n|t:|1666700378\n|switch|p1a: Ferrothorn|Ferrothorn, M|59\/100\n|-damage|p1a: Ferrothorn|47\/100|[from] Spikes\n|move|p2a: Jirachi|Wish|p2a: Jirachi\n|\n|upkeep\n|turn|45\n|\n|t:|1666700381\n|switch|p2a: Tornadus|Tornadus-Therian, M|83\/100\n|-damage|p2a: Tornadus|58\/100|[from] Stealth Rock\n|move|p1a: Ferrothorn|Leech Seed|p2a: Tornadus\n|-start|p2a: Tornadus|move: Leech Seed\n|\n|-heal|p2a: Tornadus|100\/100|[from] move: Wish|[wisher] Jirachi\n|-damage|p2a: Tornadus|88\/100|[from] Leech Seed|[of] p1a: Ferrothorn\n|-heal|p1a: Ferrothorn|60\/100|[silent]\n|upkeep\n|turn|46\n|\n|t:|1666700387\n|switch|p1a: Tapu Koko|Tapu Koko|91\/100\n|-fieldstart|move: Electric Terrain|[from] ability: Electric Surge|[of] p1a: Tapu Koko\n|move|p2a: Tornadus|Heat Wave|p1a: Tapu Koko\n|-damage|p1a: Tapu Koko|51\/100\n|\n|-damage|p2a: Tornadus|76\/100|[from] Leech Seed|[of] p1a: Tapu Koko\n|-heal|p1a: Tapu Koko|67\/100|[silent]\n|upkeep\n|turn|47\n|\n|t:|1666700390\n|switch|p2a: Jirachi|Jirachi|53\/100 par\n|-damage|p2a: Jirachi|47\/100 par|[from] Stealth Rock\n|-damage|p2a: Jirachi|34\/100 par|[from] Spikes\n|move|p1a: Tapu Koko|Thunderbolt|p2a: Jirachi\n|-damage|p2a: Jirachi|6\/100 par\n|\n|upkeep\n|turn|48\n|\n|t:|1666700398\n|move|p2a: Jirachi|Protect|p2a: Jirachi\n|-singleturn|p2a: Jirachi|Protect\n|move|p1a: Tapu Koko|Dazzling Gleam|p2a: Jirachi\n|-activate|p2a: Jirachi|move: Protect\n|\n|upkeep\n|turn|49\n|\n|t:|1666700402\n|move|p1a: Tapu Koko|Dazzling Gleam|p2a: Jirachi\n|-resisted|p2a: Jirachi\n|-damage|p2a: Jirachi|0 fnt\n|faint|p2a: Jirachi\n|\n|upkeep\n|\n|t:|1666700409\n|switch|p2a: Blissey|Blissey, F|100\/100\n|turn|50\n|\n|t:|1666700416\n|switch|p1a: Landorus|Landorus-Therian, M|100\/100\n|-ability|p1a: Landorus|Intimidate|boost\n|-unboost|p2a: Blissey|atk|1\n|move|p2a: Blissey|Seismic Toss|p1a: Landorus\n|-damage|p1a: Landorus|74\/100\n|\n|-heal|p1a: Landorus|80\/100|[from] item: Leftovers\n|-fieldend|move: Electric Terrain\n|upkeep\n|turn|51\n|\n|t:|1666700420\n|switch|p2a: Skarmory|Skarmory, F|88\/100\n|-damage|p2a: Skarmory|76\/100|[from] Stealth Rock\n|move|p1a: Landorus|Earthquake|p2a: Skarmory\n|-immune|p2a: Skarmory\n|\n|-heal|p1a: Landorus|86\/100|[from] item: Leftovers\n|upkeep\n|turn|52\n|\n|t:|1666700423\n|move|p1a: Landorus|U-turn|p2a: Skarmory\n|-resisted|p2a: Skarmory\n|-damage|p2a: Skarmory|73\/100\n|\n|t:|1666700428\n|switch|p1a: Tapu Koko|Tapu Koko|67\/100|[from]move: U-turn\n|-fieldstart|move: Electric Terrain|[from] ability: Electric Surge|[of] p1a: Tapu Koko\n|move|p2a: Skarmory|Spikes|p1a: Tapu Koko\n|-sidestart|p1: OUTD soak|Spikes\n|\n|upkeep\n|turn|53\n|\n|t:|1666700434\n|switch|p2a: Blissey|Blissey, F|100\/100\n|move|p1a: Tapu Koko|Thunderbolt|p2a: Blissey\n|-damage|p2a: Blissey|87\/100\n|\n|upkeep\n|turn|54\n|\n|t:|1666700439\n|switch|p1a: Ferrothorn|Ferrothorn, M|60\/100\n|-damage|p1a: Ferrothorn|44\/100|[from] Spikes\n|move|p2a: Blissey|Seismic Toss|p1a: Ferrothorn\n|-damage|p1a: Ferrothorn|15\/100\n|-damage|p2a: Blissey|74\/100|[from] ability: Iron Barbs|[of] p1a: Ferrothorn\n|-damage|p2a: Blissey|58\/100|[from] item: Rocky Helmet|[of] p1a: Ferrothorn\n|\n|upkeep\n|turn|55\n|\n|t:|1666700442\n|move|p2a: Blissey|Seismic Toss|p1a: Ferrothorn\n|-damage|p1a: Ferrothorn|0 fnt\n|-damage|p2a: Blissey|45\/100|[from] ability: Iron Barbs|[of] p1a: Ferrothorn\n|-damage|p2a: Blissey|28\/100|[from] item: Rocky Helmet|[of] p1a: Ferrothorn\n|faint|p1a: Ferrothorn\n|\n|upkeep\n|\n|t:|1666700445\n|switch|p1a: Victini|Victini|100\/100\n|turn|56\n|\n|t:|1666700447\n|switch|p2a: Quagsire|Quagsire, F|100\/100\n|-damage|p2a: Quagsire|94\/100|[from] Stealth Rock\n|-damage|p2a: Quagsire|82\/100|[from] Spikes\n|move|p1a: Victini|V-create|p2a: Quagsire\n|-resisted|p2a: Quagsire\n|-damage|p2a: Quagsire|54\/100\n|-unboost|p1a: Victini|spe|1\n|-unboost|p1a: Victini|def|1\n|-unboost|p1a: Victini|spd|1\n|\n|-heal|p2a: Quagsire|60\/100|[from] item: Leftovers\n|-fieldend|move: Electric Terrain\n|upkeep\n|turn|57\n|\n|t:|1666700452\n|switch|p1a: Landorus|Landorus-Therian, M|86\/100\n|-ability|p1a: Landorus|Intimidate|boost\n|-unboost|p2a: Quagsire|atk|1\n|move|p2a: Quagsire|Recover|p2a: Quagsire\n|-heal|p2a: Quagsire|100\/100\n|\n|-heal|p1a: Landorus|92\/100|[from] item: Leftovers\n|upkeep\n|turn|58\n|\n|t:|1666700458\n|switch|p2a: Tornadus|Tornadus-Therian, M|100\/100\n|-damage|p2a: Tornadus|76\/100|[from] Stealth Rock\n|move|p1a: Landorus|Toxic|p2a: Tornadus\n|-status|p2a: Tornadus|tox\n|\n|-heal|p1a: Landorus|98\/100|[from] item: Leftovers\n|-damage|p2a: Tornadus|70\/100 tox|[from] psn\n|upkeep\n|turn|59\n|\n|t:|1666700464\n|switch|p1a: Tapu Koko|Tapu Koko|67\/100\n|-fieldstart|move: Electric Terrain|[from] ability: Electric Surge|[of] p1a: Tapu Koko\n|move|p2a: Tornadus|Heat Wave|p1a: Tapu Koko\n|-damage|p1a: Tapu Koko|28\/100\n|\n|-damage|p2a: Tornadus|57\/100 tox|[from] psn\n|upkeep\n|turn|60\n|\n|t:|1666700469\n|move|p1a: Tapu Koko|Roost|p1a: Tapu Koko\n|-heal|p1a: Tapu Koko|78\/100\n|-singleturn|p1a: Tapu Koko|move: Roost\n|move|p2a: Tornadus|Heat Wave|p1a: Tapu Koko\n|-damage|p1a: Tapu Koko|41\/100\n|-status|p1a: Tapu Koko|brn\n|\n|-damage|p2a: Tornadus|39\/100 tox|[from] psn\n|-damage|p1a: Tapu Koko|35\/100 brn|[from] brn\n|upkeep\n|turn|61\n|\n|t:|1666700477\n|switch|p2a: Blissey|Blissey, F|28\/100\n|move|p1a: Tapu Koko|Roost|p1a: Tapu Koko\n|-heal|p1a: Tapu Koko|85\/100 brn\n|-singleturn|p1a: Tapu Koko|move: Roost\n|\n|-damage|p1a: Tapu Koko|79\/100 brn|[from] brn\n|upkeep\n|turn|62\n|l| Ran Kob\n|\n|t:|1666700480\n|move|p1a: Tapu Koko|Calm Mind|p1a: Tapu Koko\n|-boost|p1a: Tapu Koko|spa|1\n|-boost|p1a: Tapu Koko|spd|1\n|move|p2a: Blissey|Soft-Boiled|p2a: Blissey\n|-heal|p2a: Blissey|78\/100\n|\n|-damage|p1a: Tapu Koko|73\/100 brn|[from] brn\n|upkeep\n|turn|63\n|\n|t:|1666700483\n|move|p1a: Tapu Koko|Calm Mind|p1a: Tapu Koko\n|-boost|p1a: Tapu Koko|spa|1\n|-boost|p1a: Tapu Koko|spd|1\n|move|p2a: Blissey|Seismic Toss|p1a: Tapu Koko\n|-damage|p1a: Tapu Koko|37\/100 brn\n|\n|-damage|p1a: Tapu Koko|31\/100 brn|[from] brn\n|-fieldend|move: Electric Terrain\n|upkeep\n|turn|64\n|\n|t:|1666700485\n|move|p1a: Tapu Koko|Roost|p1a: Tapu Koko\n|-heal|p1a: Tapu Koko|81\/100 brn\n|-singleturn|p1a: Tapu Koko|move: Roost\n|move|p2a: Blissey|Seismic Toss|p1a: Tapu Koko\n|-damage|p1a: Tapu Koko|46\/100 brn\n|\n|-damage|p1a: Tapu Koko|40\/100 brn|[from] brn\n|upkeep\n|turn|65\n|\n|t:|1666700488\n|move|p1a: Tapu Koko|Roost|p1a: Tapu Koko\n|-heal|p1a: Tapu Koko|90\/100 brn\n|-singleturn|p1a: Tapu Koko|move: Roost\n|move|p2a: Blissey|Seismic Toss|p1a: Tapu Koko\n|-damage|p1a: Tapu Koko|54\/100 brn\n|\n|-damage|p1a: Tapu Koko|48\/100 brn|[from] brn\n|upkeep\n|turn|66\n|\n|t:|1666700492\n|move|p1a: Tapu Koko|Calm Mind|p1a: Tapu Koko\n|-boost|p1a: Tapu Koko|spa|1\n|-boost|p1a: Tapu Koko|spd|1\n|move|p2a: Blissey|Seismic Toss|p1a: Tapu Koko\n|-damage|p1a: Tapu Koko|13\/100 brn\n|\n|-damage|p1a: Tapu Koko|7\/100 brn|[from] brn\n|upkeep\n|turn|67\n|\n|t:|1666700494\n|move|p1a: Tapu Koko|Roost|p1a: Tapu Koko\n|-heal|p1a: Tapu Koko|57\/100 brn\n|-singleturn|p1a: Tapu Koko|move: Roost\n|move|p2a: Blissey|Seismic Toss|p1a: Tapu Koko\n|-damage|p1a: Tapu Koko|21\/100 brn\n|\n|-damage|p1a: Tapu Koko|15\/100 brn|[from] brn\n|upkeep\n|turn|68\n|\n|t:|1666700497\n|move|p1a: Tapu Koko|Roost|p1a: Tapu Koko\n|-heal|p1a: Tapu Koko|65\/100 brn\n|-singleturn|p1a: Tapu Koko|move: Roost\n|move|p2a: Blissey|Seismic Toss|p1a: Tapu Koko\n|-damage|p1a: Tapu Koko|30\/100 brn\n|\n|-damage|p1a: Tapu Koko|24\/100 brn|[from] brn\n|upkeep\n|turn|69\n|\n|t:|1666700499\n|move|p1a: Tapu Koko|Roost|p1a: Tapu Koko\n|-heal|p1a: Tapu Koko|74\/100 brn\n|-singleturn|p1a: Tapu Koko|move: Roost\n|move|p2a: Blissey|Seismic Toss|p1a: Tapu Koko\n|-damage|p1a: Tapu Koko|38\/100 brn\n|\n|-damage|p1a: Tapu Koko|32\/100 brn|[from] brn\n|upkeep\n|turn|70\n|\n|t:|1666700501\n|move|p1a: Tapu Koko|Roost|p1a: Tapu Koko\n|-heal|p1a: Tapu Koko|82\/100 brn\n|-singleturn|p1a: Tapu Koko|move: Roost\n|move|p2a: Blissey|Seismic Toss|p1a: Tapu Koko\n|-damage|p1a: Tapu Koko|47\/100 brn\n|\n|-damage|p1a: Tapu Koko|41\/100 brn|[from] brn\n|upkeep\n|turn|71\n|\n|t:|1666700503\n|move|p1a: Tapu Koko|Roost|p1a: Tapu Koko\n|-heal|p1a: Tapu Koko|91\/100 brn\n|-singleturn|p1a: Tapu Koko|move: Roost\n|move|p2a: Blissey|Seismic Toss|p1a: Tapu Koko\n|-damage|p1a: Tapu Koko|55\/100 brn\n|\n|-damage|p1a: Tapu Koko|49\/100 brn|[from] brn\n|upkeep\n|turn|72\n|\n|t:|1666700506\n|move|p1a: Tapu Koko|Roost|p1a: Tapu Koko\n|-heal|p1a: Tapu Koko|99\/100 brn\n|-singleturn|p1a: Tapu Koko|move: Roost\n|move|p2a: Blissey|Seismic Toss|p1a: Tapu Koko\n|-damage|p1a: Tapu Koko|64\/100 brn\n|\n|-damage|p1a: Tapu Koko|58\/100 brn|[from] brn\n|upkeep\n|turn|73\n|\n|t:|1666700508\n|move|p1a: Tapu Koko|Thunderbolt|p2a: Blissey\n|-damage|p2a: Blissey|52\/100\n|move|p2a: Blissey|Seismic Toss|p1a: Tapu Koko\n|-damage|p1a: Tapu Koko|22\/100 brn\n|\n|-damage|p1a: Tapu Koko|16\/100 brn|[from] brn\n|upkeep\n|turn|74\n|\n|t:|1666700511\n|move|p1a: Tapu Koko|Thunderbolt|p2a: Blissey\n|-damage|p2a: Blissey|28\/100\n|move|p2a: Blissey|Seismic Toss|p1a: Tapu Koko\n|-damage|p1a: Tapu Koko|0 fnt\n|faint|p1a: Tapu Koko\n|\n|upkeep\n|\n|t:|1666700514\n|switch|p1a: Victini|Victini|100\/100\n|turn|75\n|\n|t:|1666700516\n|switch|p2a: Quagsire|Quagsire, F|100\/100\n|-damage|p2a: Quagsire|94\/100|[from] Stealth Rock\n|-damage|p2a: Quagsire|82\/100|[from] Spikes\n|move|p1a: Victini|U-turn|p2a: Quagsire\n|-damage|p2a: Quagsire|69\/100\n|\n|t:|1666700519\n|switch|p1a: Landorus|Landorus-Therian, M|98\/100|[from]move: U-turn\n|-ability|p1a: Landorus|Intimidate|boost\n|-unboost|p2a: Quagsire|atk|1\n|\n|-heal|p1a: Landorus|100\/100|[from] item: Leftovers\n|-heal|p2a: Quagsire|75\/100|[from] item: Leftovers\n|upkeep\n|turn|76\n|\n|t:|1666700524\n|move|p1a: Landorus|Toxic|p2a: Quagsire\n|-status|p2a: Quagsire|tox\n|move|p2a: Quagsire|Recover|p2a: Quagsire\n|-heal|p2a: Quagsire|100\/100 tox\n|\n|-damage|p2a: Quagsire|94\/100 tox|[from] psn\n|upkeep\n|turn|77\n|\n|t:|1666700530\n|switch|p2a: Tornadus|Tornadus-Therian, M|72\/100 tox\n|-damage|p2a: Tornadus|47\/100 tox|[from] Stealth Rock\n|move|p1a: Landorus|U-turn|p2a: Tornadus\n|-resisted|p2a: Tornadus\n|-damage|p2a: Tornadus|34\/100 tox\n|\n|t:|1666700538\n|switch|p1a: Victini|Victini|100\/100|[from]move: U-turn\n|\n|-damage|p2a: Tornadus|28\/100 tox|[from] psn\n|upkeep\n|turn|78\n|\n|t:|1666700541\n|switch|p2a: Quagsire|Quagsire, F|94\/100 tox\n|-damage|p2a: Quagsire|88\/100 tox|[from] Stealth Rock\n|-damage|p2a: Quagsire|76\/100 tox|[from] Spikes\n|move|p1a: Victini|Bolt Strike|p2a: Quagsire\n|-immune|p2a: Quagsire\n|\n|-heal|p2a: Quagsire|82\/100 tox|[from] item: Leftovers\n|-damage|p2a: Quagsire|76\/100 tox|[from] psn\n|upkeep\n|turn|79\n|\n|t:|1666700545\n|move|p1a: Victini|U-turn|p2a: Quagsire\n|-damage|p2a: Quagsire|62\/100 tox\n|\n|t:|1666700548\n|switch|p1a: Landorus|Landorus-Therian, M|100\/100|[from]move: U-turn\n|-ability|p1a: Landorus|Intimidate|boost\n|-unboost|p2a: Quagsire|atk|1\n|move|p2a: Quagsire|Recover|p2a: Quagsire\n|-heal|p2a: Quagsire|100\/100 tox\n|\n|-damage|p2a: Quagsire|88\/100 tox|[from] psn\n|upkeep\n|turn|80\n|\n|t:|1666700556\n|switch|p2a: Skarmory|Skarmory, F|73\/100\n|-damage|p2a: Skarmory|60\/100|[from] Stealth Rock\n|move|p1a: Landorus|U-turn|p2a: Skarmory\n|-resisted|p2a: Skarmory\n|-crit|p2a: Skarmory\n|-damage|p2a: Skarmory|56\/100\n|\n|t:|1666700558\n|switch|p1a: Victini|Victini|100\/100|[from]move: U-turn\n|\n|upkeep\n|turn|81\n|\n|t:|1666700561\n|switch|p2a: Quagsire|Quagsire, F|88\/100 tox\n|-damage|p2a: Quagsire|82\/100 tox|[from] Stealth Rock\n|-damage|p2a: Quagsire|70\/100 tox|[from] Spikes\n|move|p1a: Victini|Bolt Strike|p2a: Quagsire\n|-immune|p2a: Quagsire\n|\n|-heal|p2a: Quagsire|76\/100 tox|[from] item: Leftovers\n|-damage|p2a: Quagsire|70\/100 tox|[from] psn\n|upkeep\n|turn|82\n|\n|t:|1666700565\n|move|p1a: Victini|U-turn|p2a: Quagsire\n|-damage|p2a: Quagsire|56\/100 tox\n|\n|t:|1666700568\n|switch|p1a: Clefable|Clefable, M, shiny|99\/100 psn|[from]move: U-turn\n|move|p2a: Quagsire|Recover|p2a: Quagsire\n|-heal|p2a: Quagsire|100\/100 tox\n|\n|-heal|p1a: Clefable|100\/100 psn|[from] item: Leftovers\n|-damage|p2a: Quagsire|88\/100 tox|[from] psn\n|upkeep\n|turn|83\n|\n|t:|1666700572\n|switch|p1a: Victini|Victini|100\/100\n|switch|p2a: Blissey|Blissey, F|28\/100\n|\n|upkeep\n|turn|84\n|\n|t:|1666700577\n|switch|p2a: Quagsire|Quagsire, F|88\/100 tox\n|-damage|p2a: Quagsire|82\/100 tox|[from] Stealth Rock\n|-damage|p2a: Quagsire|70\/100 tox|[from] Spikes\n|move|p1a: Victini|V-create|p2a: Quagsire\n|-resisted|p2a: Quagsire\n|-damage|p2a: Quagsire|43\/100 tox\n|-unboost|p1a: Victini|spe|1\n|-unboost|p1a: Victini|def|1\n|-unboost|p1a: Victini|spd|1\n|\n|-heal|p2a: Quagsire|49\/100 tox|[from] item: Leftovers\n|-damage|p2a: Quagsire|43\/100 tox|[from] psn\n|upkeep\n|turn|85\n|\n|t:|1666700581\n|move|p1a: Victini|U-turn|p2a: Quagsire\n|-damage|p2a: Quagsire|28\/100 tox\n|\n|t:|1666700584\n|switch|p1a: Landorus|Landorus-Therian, M|100\/100|[from]move: U-turn\n|-ability|p1a: Landorus|Intimidate|boost\n|-unboost|p2a: Quagsire|atk|1\n|move|p2a: Quagsire|Recover|p2a: Quagsire\n|-heal|p2a: Quagsire|78\/100 tox\n|\n|-heal|p2a: Quagsire|84\/100 tox|[from] item: Leftovers\n|-damage|p2a: Quagsire|72\/100 tox|[from] psn\n|upkeep\n|turn|86\n|\n|t:|1666700588\n|switch|p2a: Toxapex|Toxapex, F|100\/100 par\n|-damage|p2a: Toxapex|88\/100 par|[from] Stealth Rock\n|-damage|p2a: Toxapex|75\/100 par|[from] Spikes\n|move|p1a: Landorus|U-turn|p2a: Toxapex\n|-resisted|p2a: Toxapex\n|-damage|p2a: Toxapex|68\/100 par\n|\n|t:|1666700592\n|switch|p1a: Dragonite|Dragonite, M|100\/100|[from]move: U-turn\n|\n|-damage|p2a: Toxapex|56\/100 par|[from] item: Sticky Barb\n|upkeep\n|turn|87\n|\n|t:|1666700598\n|move|p1a: Dragonite|Earthquake|p2a: Toxapex\n|-supereffective|p2a: Toxapex\n|-damage|p2a: Toxapex|16\/100 par\n|move|p2a: Toxapex|Recover|p2a: Toxapex\n|-heal|p2a: Toxapex|66\/100 par\n|\n|-damage|p2a: Toxapex|53\/100 par|[from] item: Sticky Barb\n|upkeep\n|turn|88\n|\n|t:|1666700603\n|switch|p2a: Skarmory|Skarmory, F|56\/100\n|-damage|p2a: Skarmory|44\/100|[from] Stealth Rock\n|move|p1a: Dragonite|Earthquake|p2a: Skarmory\n|-immune|p2a: Skarmory\n|\n|upkeep\n|turn|89\n|l| alealessandro\n|\n|t:|1666700606\n|switch|p1a: Victini|Victini|100\/100\n|move|p2a: Skarmory|Roost|p2a: Skarmory\n|-heal|p2a: Skarmory|94\/100\n|-singleturn|p2a: Skarmory|move: Roost\n|\n|upkeep\n|turn|90\n|\n|t:|1666700609\n|switch|p2a: Quagsire|Quagsire, F|72\/100 tox\n|-damage|p2a: Quagsire|66\/100 tox|[from] Stealth Rock\n|-damage|p2a: Quagsire|53\/100 tox|[from] Spikes\n|move|p1a: Victini|V-create|p2a: Quagsire\n|-resisted|p2a: Quagsire\n|-damage|p2a: Quagsire|27\/100 tox\n|-unboost|p1a: Victini|spe|1\n|-unboost|p1a: Victini|def|1\n|-unboost|p1a: Victini|spd|1\n|\n|-heal|p2a: Quagsire|33\/100 tox|[from] item: Leftovers\n|-damage|p2a: Quagsire|27\/100 tox|[from] psn\n|upkeep\n|turn|91\n|\n|t:|1666700612\n|move|p1a: Victini|V-create|p2a: Quagsire\n|-resisted|p2a: Quagsire\n|-damage|p2a: Quagsire|0 fnt\n|-unboost|p1a: Victini|spe|1\n|-unboost|p1a: Victini|def|1\n|-unboost|p1a: Victini|spd|1\n|faint|p2a: Quagsire\n|\n|upkeep\n|\n|t:|1666700617\n|switch|p2a: Toxapex|Toxapex, F|86\/100 par\n|-damage|p2a: Toxapex|74\/100 par|[from] Stealth Rock\n|-damage|p2a: Toxapex|61\/100 par|[from] Spikes\n|turn|92\n|\n|t:|1666700623\n|move|p1a: Victini|U-turn|p2a: Toxapex\n|-resisted|p2a: Toxapex\n|-damage|p2a: Toxapex|55\/100 par\n|\n|t:|1666700626\n|switch|p1a: Landorus|Landorus-Therian, M|100\/100|[from]move: U-turn\n|-ability|p1a: Landorus|Intimidate|boost\n|-unboost|p2a: Toxapex|atk|1\n|move|p2a: Toxapex|Scald|p1a: Landorus\n|-supereffective|p1a: Landorus\n|-crit|p1a: Landorus\n|-damage|p1a: Landorus|56\/100\n|\n|-heal|p1a: Landorus|62\/100|[from] item: Leftovers\n|-damage|p2a: Toxapex|42\/100 par|[from] item: Sticky Barb\n|upkeep\n|turn|93\n|\n|t:|1666700631\n|move|p1a: Landorus|Earthquake|p2a: Toxapex\n|-supereffective|p2a: Toxapex\n|-crit|p2a: Toxapex\n|-damage|p2a: Toxapex|0 fnt\n|faint|p2a: Toxapex\n|\n|-heal|p1a: Landorus|68\/100|[from] item: Leftovers\n|upkeep\n|\n|t:|1666700635\n|switch|p2a: Skarmory|Skarmory, F|94\/100\n|-damage|p2a: Skarmory|81\/100|[from] Stealth Rock\n|turn|94\n|\n|t:|1666700638\n|move|p1a: Landorus|U-turn|p2a: Skarmory\n|-resisted|p2a: Skarmory\n|-damage|p2a: Skarmory|78\/100\n|\n|t:|1666700639\n|switch|p1a: Victini|Victini|100\/100|[from]move: U-turn\n|move|p2a: Skarmory|Roar|p1a: Victini\n|drag|p1a: Dragonite|Dragonite, M|100\/100\n|\n|upkeep\n|turn|95\n|\n|t:|1666700644\n|move|p1a: Dragonite|Dual Wingbeat|p2a: Skarmory\n|-resisted|p2a: Skarmory\n|-damage|p2a: Skarmory|73\/100\n|-resisted|p2a: Skarmory\n|-damage|p2a: Skarmory|68\/100\n|-hitcount|p2a: Skarmory|2\n|move|p2a: Skarmory|Spikes|p1a: Dragonite\n|-sidestart|p1: OUTD soak|Spikes\n|\n|upkeep\n|turn|96\n|\n|t:|1666700647\n|move|p1a: Dragonite|Dual Wingbeat|p2a: Skarmory\n|-resisted|p2a: Skarmory\n|-damage|p2a: Skarmory|62\/100\n|-resisted|p2a: Skarmory\n|-damage|p2a: Skarmory|56\/100\n|-hitcount|p2a: Skarmory|2\n|move|p2a: Skarmory|Roar|p1a: Dragonite\n|drag|p1a: Clefable|Clefable, M, shiny|100\/100 psn\n|\n|upkeep\n|turn|97\n|\n|t:|1666700651\n|switch|p2a: Blissey|Blissey, F|28\/100\n|move|p1a: Clefable|Thunder Wave|p2a: Blissey\n|-status|p2a: Blissey|par\n|\n|upkeep\n|turn|98\n|\n|t:|1666700655\n|switch|p1a: Victini|Victini|100\/100\n|move|p2a: Blissey|Aromatherapy|p2a: Blissey\n|-activate|p2a: Blissey|move: Aromatherapy\n|-curestatus|p2a: Blissey|par|[msg]\n|-curestatus|p2: Tornadus|tox|[msg]\n|\n|upkeep\n|turn|99\n|-message|kokoukohiro forfeited.\n|\n|win|OUTD soak\n|raw|OUTD soak's rating: 1588 &rarr; <strong>1610<\/strong><br \/>(+22 for winning)\n|raw|kokoukohiro's rating: 1618 &rarr; <strong>1596<\/strong><br \/>(-22 for losing)\n|l|\u2606kokoukohiro\n||Ladder isn't responding, score probably updated but might not have (Request timeout).\n|l| Jcl kaytwo\n|l| JoeDirtt\n","uploadtime":1666701347,"views":25,"p1id":"outdsoak","p2id":"kokoukohiro","formatid":"gen8ou","rating":1596,"private":0,"password":null}