{"id":"gen8ou-1211460554","p1":"TryHonesty","p2":"Newtoyzzz","format":"gen8ou","log":"|j|\u2606TryHonesty\n|j|\u2606Newtoyzzz\n|t:|1603897557\n|player|p1|TryHonesty|170|1315\n|player|p2|Newtoyzzz|169|1324\n|teamsize|p1|6\n|teamsize|p2|6\n|gametype|singles\n|gen|8\n|tier|[Gen 8] OU\n|rated|\n|clearpoke\n|poke|p1|Blaziken, M|\n|poke|p1|Alakazam, F|\n|poke|p1|Genesect-Douse|\n|poke|p1|Marowak-Alola, F|\n|poke|p1|Spectrier|\n|poke|p1|Zapdos-Galar|\n|poke|p2|Glastrier|\n|poke|p2|Magearna|\n|poke|p2|Cresselia, F|\n|poke|p2|Marowak-Alola, M|\n|poke|p2|Crawdaunt, F|\n|poke|p2|Porygon2|\n|rule|Sleep Clause Mod: Limit one foe put to sleep\n|rule|Species Clause: Limit one of each Pok\u00e9mon\n|rule|OHKO Clause: OHKO moves are banned\n|rule|Evasion Moves Clause: Evasion moves are banned\n|rule|Endless Battle Clause: Forcing endless battles is banned\n|rule|HP Percentage Mod: HP is shown in percentages\n|rule|Dynamax Clause: You cannot dynamax\n|teampreview\n|inactive|Battle timer is ON: inactive players will automatically lose when time's up. (requested by TryHonesty)\n|\n|t:|1603897573\n|start\n|switch|p1a: Blaziken|Blaziken, M|100\/100\n|switch|p2a: Magearna|Magearna|100\/100\n|turn|1\n|\n|t:|1603897578\n|move|p1a: Blaziken|Swords Dance|p1a: Blaziken\n|-boost|p1a: Blaziken|atk|2\n|move|p2a: Magearna|Trick Room|p2a: Magearna\n|-fieldstart|move: Trick Room|[of] p2a: Magearna\n|\n|-ability|p1a: Blaziken|Speed Boost|boost\n|-boost|p1a: Blaziken|spe|1\n|upkeep\n|turn|2\n|\n|t:|1603897581\n|move|p2a: Magearna|Thunderbolt|p1a: Blaziken\n|-damage|p1a: Blaziken|49\/100\n|move|p1a: Blaziken|Fire Punch|p2a: Magearna\n|-supereffective|p2a: Magearna\n|-enditem|p2a: Magearna|Occa Berry|[eat]\n|-enditem|p2a: Magearna|Occa Berry|[weaken]\n|-damage|p2a: Magearna|38\/100\n|-status|p2a: Magearna|brn\n|\n|-damage|p2a: Magearna|32\/100 brn|[from] brn\n|-ability|p1a: Blaziken|Speed Boost|boost\n|-boost|p1a: Blaziken|spe|1\n|upkeep\n|turn|3\n|\n|t:|1603897589\n|switch|p1a: Marowak|Marowak-Alola, F|100\/100\n|move|p2a: Magearna|Thunderbolt|p1a: Marowak\n|-ability|p1a: Marowak|Lightning Rod|boost\n|-boost|p1a: Marowak|spa|1\n|\n|-damage|p2a: Magearna|26\/100 brn|[from] brn\n|upkeep\n|turn|4\n|\n|t:|1603897595\n|move|p1a: Marowak|Shadow Bone|p2a: Magearna\n|-damage|p2a: Magearna|0 fnt\n|faint|p2a: Magearna\n|\n|upkeep\n|\n|t:|1603897606\n|switch|p2a: Marowak|Marowak-Alola, M|100\/100\n|turn|5\n|\n|t:|1603897609\n|move|p2a: Marowak|Stealth Rock|p1a: Marowak\n|-sidestart|p1: TryHonesty|move: Stealth Rock\n|move|p1a: Marowak|Shadow Bone|p2a: Marowak\n|-supereffective|p2a: Marowak\n|-damage|p2a: Marowak|0 fnt\n|faint|p2a: Marowak\n|\n|-fieldend|move: Trick Room\n|upkeep\n|\n|t:|1603897615\n|switch|p2a: Crawdaunt|Crawdaunt, F|100\/100\n|turn|6\n|\n|t:|1603897619\n|switch|p1a: Blaziken|Blaziken, M|49\/100\n|-damage|p1a: Blaziken|37\/100|[from] Stealth Rock\n|move|p2a: Crawdaunt|Knock Off|p1a: Blaziken\n|-resisted|p1a: Blaziken\n|-damage|p1a: Blaziken|0 fnt\n|-enditem|p1a: Blaziken|Focus Sash|[from] move: Knock Off|[of] p2a: Crawdaunt\n|-damage|p2a: Crawdaunt|90\/100|[from] item: Life Orb\n|faint|p1a: Blaziken\n|\n|upkeep\n|\n|t:|1603897629\n|switch|p1a: Zapdos|Zapdos-Galar|100\/100\n|-damage|p1a: Zapdos|88\/100|[from] Stealth Rock\n|turn|7\n|\n|t:|1603897637\n|switch|p2a: Cresselia|Cresselia, F|100\/100\n|move|p1a: Zapdos|Thunderous Kick|p2a: Cresselia\n|-resisted|p2a: Cresselia\n|-damage|p2a: Cresselia|84\/100\n|-unboost|p2a: Cresselia|def|1\n|\n|-heal|p2a: Cresselia|90\/100|[from] item: Leftovers\n|upkeep\n|turn|8\n|\n|t:|1603897644\n|switch|p1a: Genesect|Genesect-Douse, shiny|100\/100\n|-damage|p1a: Genesect|88\/100|[from] Stealth Rock\n|-ability|p1a: Genesect|Download|boost\n|-boost|p1a: Genesect|atk|1\n|move|p2a: Cresselia|Trick Room|p2a: Cresselia\n|-fieldstart|move: Trick Room|[of] p2a: Cresselia\n|\n|-heal|p2a: Cresselia|96\/100|[from] item: Leftovers\n|upkeep\n|turn|9\n|\n|t:|1603897653\n|switch|p2a: Porygon2|Porygon2|100\/100\n|-ability|p2a: Porygon2|Download|[from] ability: Trace|[of] p1a: Genesect\n|-ability|p2a: Porygon2|Download|boost\n|-boost|p2a: Porygon2|spa|1\n|move|p1a: Genesect|U-turn|p2a: Porygon2\n|-damage|p2a: Porygon2|66\/100\n|\n|t:|1603897659\n|switch|p1a: Alakazam|Alakazam, F|100\/100|[from]move: U-turn\n|\n|upkeep\n|turn|10\n|\n|t:|1603897664\n|move|p1a: Alakazam|Psychic|p2a: Porygon2\n|-damage|p2a: Porygon2|37\/100\n|move|p2a: Porygon2|Teleport|p2a: Porygon2\n|\n|t:|1603897673\n|switch|p2a: Crawdaunt|Crawdaunt, F|90\/100|[from]move: Teleport\n|\n|upkeep\n|turn|11\n|\n|t:|1603897676\n|move|p2a: Crawdaunt|Crabhammer|p1a: Alakazam\n|-damage|p1a: Alakazam|0 fnt\n|-damage|p2a: Crawdaunt|80\/100|[from] item: Life Orb\n|faint|p1a: Alakazam\n|\n|upkeep\n|\n|t:|1603897683\n|switch|p1a: Genesect|Genesect-Douse, shiny|88\/100\n|-damage|p1a: Genesect|76\/100|[from] Stealth Rock\n|-ability|p1a: Genesect|Download|boost\n|-boost|p1a: Genesect|spa|1\n|turn|12\n|\n|t:|1603897686\n|move|p2a: Crawdaunt|Crabhammer|p1a: Genesect\n|-damage|p1a: Genesect|0 fnt\n|-damage|p2a: Crawdaunt|70\/100|[from] item: Life Orb\n|faint|p1a: Genesect\n|\n|-fieldend|move: Trick Room\n|upkeep\n|\n|t:|1603897695\n|switch|p1a: Zapdos|Zapdos-Galar|88\/100\n|-damage|p1a: Zapdos|76\/100|[from] Stealth Rock\n|turn|13\n|\n|t:|1603897700\n|switch|p2a: Cresselia|Cresselia, F|96\/100\n|move|p1a: Zapdos|U-turn|p2a: Cresselia\n|-supereffective|p2a: Cresselia\n|-damage|p2a: Cresselia|61\/100\n|\n|t:|1603897705\n|switch|p1a: Marowak|Marowak-Alola, F|100\/100|[from]move: U-turn\n|-damage|p1a: Marowak|76\/100|[from] Stealth Rock\n|\n|-heal|p2a: Cresselia|67\/100|[from] item: Leftovers\n|upkeep\n|turn|14\n|\n|t:|1603897711\n|move|p1a: Marowak|Shadow Bone|p2a: Cresselia\n|-supereffective|p2a: Cresselia\n|-damage|p2a: Cresselia|0 fnt\n|faint|p2a: Cresselia\n|\n|upkeep\n|\n|t:|1603897713\n|switch|p2a: Crawdaunt|Crawdaunt, F|70\/100\n|turn|15\n|\n|t:|1603897721\n|move|p1a: Marowak|Earthquake|p2a: Crawdaunt\n|-damage|p2a: Crawdaunt|2\/100\n|move|p2a: Crawdaunt|Crabhammer|p1a: Marowak\n|-supereffective|p1a: Marowak\n|-damage|p1a: Marowak|0 fnt\n|-damage|p2a: Crawdaunt|0 fnt|[from] item: Life Orb\n|faint|p1a: Marowak\n|faint|p2a: Crawdaunt\n|\n|upkeep\n|\n|t:|1603897728\n|switch|p1a: Zapdos|Zapdos-Galar|76\/100\n|switch|p2a: Glastrier|Glastrier|100\/100\n|-damage|p1a: Zapdos|63\/100|[from] Stealth Rock\n|turn|16\n|\n|t:|1603897736\n|move|p1a: Zapdos|Thunderous Kick|p2a: Glastrier\n|-supereffective|p2a: Glastrier\n|-damage|p2a: Glastrier|10\/100\n|-unboost|p2a: Glastrier|def|1\n|move|p2a: Glastrier|Icicle Spear|p1a: Zapdos\n|-supereffective|p1a: Zapdos\n|-damage|p1a: Zapdos|15\/100\n|-supereffective|p1a: Zapdos\n|-damage|p1a: Zapdos|0 fnt\n|-hitcount|p1a: Zapdos|2\n|-damage|p2a: Glastrier|0 fnt|[from] item: Life Orb\n|faint|p1a: Zapdos\n|faint|p2a: Glastrier\n|\n|upkeep\n|\n|t:|1603897740\n|switch|p1a: Spectrier|Spectrier|100\/100\n|switch|p2a: Porygon2|Porygon2|37\/100\n|-damage|p1a: Spectrier|88\/100|[from] Stealth Rock\n|-ability|p2a: Porygon2|Grim Neigh|[from] ability: Trace|[of] p1a: Spectrier\n|turn|17\n|\n|t:|1603897743\n|move|p1a: Spectrier|Dark Pulse|p2a: Porygon2\n|-damage|p2a: Porygon2|22\/100\n|move|p2a: Porygon2|Recover|p2a: Porygon2\n|-heal|p2a: Porygon2|72\/100\n|\n|upkeep\n|turn|18\n|c|\u2606Newtoyzzz|hh\n|c|\u2606Newtoyzzz|gg\n|\n|t:|1603897748\n|move|p1a: Spectrier|Dark Pulse|p2a: Porygon2\n|-damage|p2a: Porygon2|58\/100\n|cant|p2a: Porygon2|flinch\n|\n|upkeep\n|turn|19\n|\n|t:|1603897751\n|move|p1a: Spectrier|Dark Pulse|p2a: Porygon2\n|-damage|p2a: Porygon2|43\/100\n|move|p2a: Porygon2|Recover|p2a: Porygon2\n|-heal|p2a: Porygon2|93\/100\n|\n|upkeep\n|turn|20\n|\n|t:|1603897754\n|move|p1a: Spectrier|Dark Pulse|p2a: Porygon2\n|-damage|p2a: Porygon2|79\/100\n|move|p2a: Porygon2|Foul Play|p1a: Spectrier\n|-supereffective|p1a: Spectrier\n|-damage|p1a: Spectrier|54\/100\n|\n|upkeep\n|turn|21\n|-message|TryHonesty forfeited.\n|\n|win|Newtoyzzz\n|l|\u2606TryHonesty\n||Ladder (probably) updated, but score could not be retrieved (Request timeout).\n","uploadtime":1603897764,"views":2,"p1id":"tryhonesty","p2id":"newtoyzzz","formatid":"gen8ou","rating":0,"private":0,"password":null}