{"id":"gen8nationaldex-1390717868","p1":"NDLT 2XLT Times","p2":"RTSG tests","format":"gen8nationaldex","log":"|raw|<div class=\"broadcast-blue\"><strong>This battle is required to be public due to a player having a name starting with 'ndlt2xlt'.<\/div>\n|j|\u2606NDLT 2XLT Times\n|j|\u2606RTSG tests\n|t:|1628171905\n|gametype|singles\n|player|p1|NDLT 2XLT Times|plasmagrunt-gen5bw|1705\n|player|p2|RTSG tests|birdkeeper|1659\n|teamsize|p1|6\n|teamsize|p2|6\n|gen|8\n|tier|[Gen 8] National Dex\n|rated|\n|rule|HP Percentage Mod: HP is shown in percentages\n|rule|Endless Battle Clause: Forcing endless battles is banned\n|rule|OHKO Clause: OHKO moves are banned\n|rule|Evasion Moves Clause: Evasion moves are banned\n|rule|Species Clause: Limit one of each Pok\u00e9mon\n|rule|Dynamax Clause: You cannot dynamax\n|rule|Sleep Clause Mod: Limit one foe put to sleep\n|clearpoke\n|poke|p1|Garchomp, F|\n|poke|p1|Salamence, F|\n|poke|p1|Magnezone|\n|poke|p1|Scizor, M|\n|poke|p1|Kommo-o, F|\n|poke|p1|Tapu Fini|\n|poke|p2|Sceptile, M|\n|poke|p2|Feraligatr, M|\n|poke|p2|Infernape, M|\n|poke|p2|Latios, M|\n|poke|p2|Thundurus-Therian, M|\n|poke|p2|Copperajah, F|\n|teampreview\n|inactive|Battle timer is ON: inactive players will automatically lose when time's up. (requested by RTSG tests)\n|c|\u2606NDLT 2XLT Times|Hf man\n|c|\u2606NDLT 2XLT Times|Cool team\n|\n|t:|1628171924\n|start\n|switch|p1a: Magnezone|Magnezone|100\/100\n|switch|p2a: Per|Feraligatr, M|100\/100\n|turn|1\n|c|\u2606RTSG tests|oh thanks\n|j| ElevatedGodlyness\n|\n|t:|1628171938\n|switch|p2a: Thierry|Thundurus-Therian, M|100\/100\n|switch|p1a: Salamence|Salamence, F|100\/100\n|-ability|p1a: Salamence|Intimidate|boost\n|-unboost|p2a: Thierry|atk|1\n|\n|upkeep\n|turn|2\n|\n|t:|1628171943\n|move|p2a: Thierry|Hidden Power|p1a: Salamence\n|-supereffective|p1a: Salamence\n|-damage|p1a: Salamence|10\/100\n|move|p1a: Salamence|Toxic|p2a: Thierry|[miss]\n|-miss|p1a: Salamence|p2a: Thierry\n|\n|upkeep\n|turn|3\n|\n|t:|1628171949\n|switch|p1a: Scizor|Scizor, M|100\/100\n|move|p2a: Thierry|Hidden Power|p1a: Scizor\n|-resisted|p1a: Scizor\n|-damage|p1a: Scizor|91\/100\n|\n|upkeep\n|turn|4\n|\n|t:|1628171957\n|switch|p1a: Garchomp|Garchomp, F|100\/100\n|move|p2a: Thierry|Nasty Plot|p2a: Thierry\n|-boost|p2a: Thierry|spa|2\n|\n|upkeep\n|turn|5\n|j| ndlt2xlt freemage\n|\n|t:|1628171961\n|switch|p2a: Metall Elefant|Copperajah, F|100\/100\n|move|p1a: Garchomp|Stone Edge|p2a: Metall Elefant\n|-resisted|p2a: Metall Elefant\n|-damage|p2a: Metall Elefant|77\/100\n|-damage|p1a: Garchomp|91\/100|[from] item: Life Orb\n|\n|upkeep\n|turn|6\n|\n|t:|1628171966\n|move|p1a: Garchomp|Earthquake|p2a: Metall Elefant\n|-supereffective|p2a: Metall Elefant\n|-enditem|p2a: Metall Elefant|Shuca Berry|[eat]\n|-enditem|p2a: Metall Elefant|Shuca Berry|[weaken]\n|-damage|p2a: Metall Elefant|3\/100\n|-damage|p1a: Garchomp|81\/100|[from] item: Life Orb\n|move|p2a: Metall Elefant|Heavy Slam|p1a: Garchomp\n|-damage|p1a: Garchomp|11\/100\n|-damage|p2a: Metall Elefant|0 fnt|[from] ability: Rough Skin|[of] p1a: Garchomp\n|faint|p2a: Metall Elefant\n|\n|upkeep\n|\n|t:|1628171976\n|switch|p2a: Schnell als Robben|Sceptile, M|100\/100\n|turn|7\n|\n|t:|1628171984\n|switch|p1a: Salamence|Salamence, F|10\/100\n|-ability|p1a: Salamence|Intimidate|boost\n|-unboost|p2a: Schnell als Robben|atk|1\n|detailschange|p2a: Schnell als Robben|Sceptile-Mega, M\n|-mega|p2a: Schnell als Robben|Sceptile|Sceptilite\n|move|p2a: Schnell als Robben|Dragon Pulse|p1a: Salamence\n|-supereffective|p1a: Salamence\n|-damage|p1a: Salamence|0 fnt\n|faint|p1a: Salamence\n|\n|upkeep\n|l| ndlt2xlt freemage\n|\n|t:|1628171990\n|switch|p1a: Magnezone|Magnezone|100\/100\n|turn|8\n|\n|t:|1628171994\n|switch|p2a: Thierry|Thundurus-Therian, M|100\/100\n|move|p1a: Magnezone|Flash Cannon|p2a: Thierry\n|-resisted|p2a: Thierry\n|-damage|p2a: Thierry|55\/100\n|\n|upkeep\n|turn|9\n|\n|t:|1628171999\n|switch|p1a: Garchomp|Garchomp, F|11\/100\n|-zpower|p2a: Thierry\n|move|p2a: Thierry|All-Out Pummeling|p1a: Garchomp|[zeffect]\n|-damage|p1a: Garchomp|0 fnt\n|faint|p1a: Garchomp\n|\n|upkeep\n|\n|t:|1628172003\n|switch|p1a: Kommo-o|Kommo-o, F|100\/100\n|turn|10\n|\n|t:|1628172014\n|move|p2a: Thierry|Hidden Power|p1a: Kommo-o\n|-supereffective|p1a: Kommo-o\n|-damage|p1a: Kommo-o|44\/100\n|-zpower|p1a: Kommo-o\n|move|p1a: Kommo-o|Clangorous Soulblaze|p2a: Thierry|[zeffect]\n|-damage|p2a: Thierry|0 fnt\n|faint|p2a: Thierry\n|-boost|p1a: Kommo-o|atk|1\n|-boost|p1a: Kommo-o|def|1\n|-boost|p1a: Kommo-o|spa|1\n|-boost|p1a: Kommo-o|spd|1\n|-boost|p1a: Kommo-o|spe|1\n|\n|upkeep\n|\n|t:|1628172018\n|switch|p2a: Schlau Pires|Latios, M|100\/100\n|turn|11\n|\n|t:|1628172030\n|move|p2a: Schlau Pires|Psychic|p1a: Kommo-o\n|-supereffective|p1a: Kommo-o\n|-damage|p1a: Kommo-o|0 fnt\n|faint|p1a: Kommo-o\n|\n|upkeep\n|\n|t:|1628172037\n|switch|p1a: Scizor|Scizor, M|91\/100\n|turn|12\n|\n|t:|1628172041\n|switch|p2a: Santi|Infernape, M|100\/100\n|detailschange|p1a: Scizor|Scizor-Mega, M\n|-mega|p1a: Scizor|Scizor|Scizorite\n|move|p1a: Scizor|U-turn|p2a: Santi\n|-resisted|p2a: Santi\n|-damage|p2a: Santi|89\/100\n|\n|t:|1628172042\n|switch|p1a: Tapu Fini|Tapu Fini|100\/100|[from]move: U-turn\n|-fieldstart|move: Misty Terrain|[from] ability: Misty Surge|[of] p1a: Tapu Fini\n|\n|upkeep\n|turn|13\n|\n|t:|1628172050\n|switch|p2a: Schlau Pires|Latios, M|100\/100\n|move|p1a: Tapu Fini|Moonblast|p2a: Schlau Pires\n|-supereffective|p2a: Schlau Pires\n|-damage|p2a: Schlau Pires|32\/100\n|\n|upkeep\n|turn|14\n|\n|t:|1628172054\n|switch|p1a: Scizor|Scizor-Mega, M|91\/100\n|move|p2a: Schlau Pires|Energy Ball|p1a: Scizor\n|-resisted|p1a: Scizor\n|-damage|p1a: Scizor|84\/100\n|\n|upkeep\n|turn|15\n|\n|t:|1628172062\n|switch|p2a: Per|Feraligatr, M|100\/100\n|move|p1a: Scizor|Swords Dance|p1a: Scizor\n|-boost|p1a: Scizor|atk|2\n|\n|upkeep\n|turn|16\n|\n|t:|1628172069\n|move|p2a: Per|Liquidation|p1a: Scizor\n|-damage|p1a: Scizor|39\/100\n|move|p1a: Scizor|U-turn|p2a: Per\n|-damage|p2a: Per|30\/100\n|\n|t:|1628172072\n|switch|p1a: Tapu Fini|Tapu Fini|100\/100|[from]move: U-turn\n|\n|-fieldend|Misty Terrain\n|upkeep\n|turn|17\n|\n|t:|1628172079\n|move|p2a: Per|Liquidation|p1a: Tapu Fini\n|-resisted|p1a: Tapu Fini\n|-damage|p1a: Tapu Fini|74\/100\n|move|p1a: Tapu Fini|Moonblast|p2a: Per\n|-crit|p2a: Per\n|-damage|p2a: Per|0 fnt\n|faint|p2a: Per\n|\n|-heal|p1a: Tapu Fini|80\/100|[from] item: Leftovers\n|upkeep\n|\n|t:|1628172085\n|switch|p2a: Schnell als Robben|Sceptile-Mega, M|100\/100\n|turn|18\n|\n|t:|1628172104\n|switch|p1a: Scizor|Scizor-Mega, M|39\/100\n|move|p2a: Schnell als Robben|Energy Ball|p1a: Scizor\n|-resisted|p1a: Scizor\n|-damage|p1a: Scizor|29\/100\n|\n|upkeep\n|turn|19\n|\n|t:|1628172107\n|move|p1a: Scizor|Bullet Punch|p2a: Schnell als Robben\n|-damage|p2a: Schnell als Robben|54\/100\n|move|p2a: Schnell als Robben|Focus Blast|p1a: Scizor\n|-crit|p1a: Scizor\n|-damage|p1a: Scizor|0 fnt\n|faint|p1a: Scizor\n|\n|upkeep\n|\n|t:|1628172112\n|switch|p1a: Magnezone|Magnezone|100\/100\n|turn|20\n|\n|t:|1628172119\n|switch|p2a: Schlau Pires|Latios, M|32\/100\n|move|p1a: Magnezone|Flash Cannon|p2a: Schlau Pires\n|-damage|p2a: Schlau Pires|0 fnt\n|faint|p2a: Schlau Pires\n|\n|upkeep\n|\n|t:|1628172122\n|switch|p2a: Santi|Infernape, M|89\/100\n|turn|21\n|\n|t:|1628172127\n|switch|p1a: Tapu Fini|Tapu Fini|80\/100\n|-fieldstart|move: Misty Terrain|[from] ability: Misty Surge|[of] p1a: Tapu Fini\n|move|p2a: Santi|Swords Dance|p2a: Santi\n|-boost|p2a: Santi|atk|2\n|\n|-heal|p1a: Tapu Fini|87\/100|[from] item: Leftovers\n|upkeep\n|turn|22\n|\n|t:|1628172150\n|move|p2a: Santi|Flare Blitz|p1a: Tapu Fini\n|-resisted|p1a: Tapu Fini\n|-damage|p1a: Tapu Fini|39\/100\n|-damage|p2a: Santi|70\/100|[from] Recoil\n|-damage|p2a: Santi|60\/100|[from] item: Life Orb\n|move|p1a: Tapu Fini|Haze|p1a: Tapu Fini\n|-clearallboost\n|\n|-heal|p1a: Tapu Fini|45\/100|[from] item: Leftovers\n|upkeep\n|turn|23\n|\n|t:|1628172156\n|move|p2a: Santi|Swords Dance|p2a: Santi\n|-boost|p2a: Santi|atk|2\n|move|p1a: Tapu Fini|Scald|p2a: Santi\n|-supereffective|p2a: Santi\n|-damage|p2a: Santi|0 fnt\n|faint|p2a: Santi\n|\n|-heal|p1a: Tapu Fini|51\/100|[from] item: Leftovers\n|upkeep\n|\n|t:|1628172158\n|switch|p2a: Schnell als Robben|Sceptile-Mega, M|54\/100\n|turn|24\n|\n|t:|1628172161\n|move|p2a: Schnell als Robben|Energy Ball|p1a: Tapu Fini\n|-supereffective|p1a: Tapu Fini\n|-damage|p1a: Tapu Fini|0 fnt\n|faint|p1a: Tapu Fini\n|\n|upkeep\n|\n|t:|1628172162\n|switch|p1a: Magnezone|Magnezone|100\/100\n|turn|25\n|\n|t:|1628172163\n|move|p2a: Schnell als Robben|Focus Blast|p1a: Magnezone\n|-supereffective|p1a: Magnezone\n|-damage|p1a: Magnezone|0 fnt\n|faint|p1a: Magnezone\n|\n|win|RTSG tests\n|raw|NDLT 2XLT Times's rating: 1705 &rarr; <strong>1682<\/strong><br \/>(-23 for losing)\n|raw|RTSG tests's rating: 1659 &rarr; <strong>1682<\/strong><br \/>(+23 for winning)\n","uploadtime":1628172168,"views":33,"p1id":"ndlt2xlttimes","p2id":"rtsgtests","formatid":"gen8nationaldex","rating":1682,"private":0,"password":null}