{"id":"gen8battlestadiumsingles-1436297611","p1":"kokoukohiro","p2":"xxx2021","format":"gen8battlestadiumsingles","log":"|j|\u2606kokoukohiro\n|j|\u2606xxx2021\n|t:|1634357125\n|gametype|singles\n|player|p1|kokoukohiro|dawn|1440\n|player|p2|xxx2021|colress|1486\n|teamsize|p1|6\n|teamsize|p2|6\n|gen|8\n|tier|[Gen 8] Battle Stadium Singles\n|rated|\n|rule|Species Clause: Limit one of each Pok\u00e9mon\n|rule|Item Clause: Limit one of each item\n|rule|Dynamax Clause: You cannot dynamax\n|clearpoke\n|poke|p1|Chansey, L50, F|\n|poke|p1|Quagsire, L50, F|\n|poke|p1|Gastrodon-East, L50, F|\n|poke|p1|Amoonguss, L50, M|\n|poke|p1|Slowbro, L50, M|\n|poke|p1|Yveltal, L50|\n|poke|p2|Eternatus, L50|\n|poke|p2|Celesteela, L50|\n|poke|p2|Quagsire, L50, F|\n|poke|p2|Tyranitar, L50, F|\n|poke|p2|Tapu Lele, L50|\n|poke|p2|Pheromosa, L50|\n|teampreview|3\n|inactive|Battle timer is ON: inactive players will automatically lose when time's up. (requested by xxx2021)\n|j| Stamped\n|inactive|kokoukohiro has 120 seconds left.\n|inactive|xxx2021 has 120 seconds left.\n|\n|t:|1634357170\n|start\n|switch|p1a: Yveltal|Yveltal, L50|100\/100\n|switch|p2a: Tyranitar|Tyranitar, L50, F|100\/100\n|-ability|p1a: Yveltal|Dark Aura\n|-weather|Sandstorm|[from] ability: Sand Stream|[of] p2a: Tyranitar\n|turn|1\n|\n|t:|1634357190\n|move|p1a: Yveltal|Foul Play|p2a: Tyranitar\n|-resisted|p2a: Tyranitar\n|-damage|p2a: Tyranitar|64\/100\n|move|p2a: Tyranitar|Crunch|p1a: Yveltal\n|-resisted|p1a: Yveltal\n|-damage|p1a: Yveltal|75\/100\n|\n|-weather|Sandstorm|[upkeep]\n|-damage|p1a: Yveltal|69\/100|[from] Sandstorm\n|-heal|p1a: Yveltal|75\/100|[from] item: Leftovers\n|upkeep\n|turn|2\n|\n|t:|1634357201\n|switch|p1a: Amoonguss|Amoonguss, L50, M|100\/100\n|switch|p2a: Celesteela|Celesteela, L50|100\/100\n|\n|-weather|Sandstorm|[upkeep]\n|-damage|p1a: Amoonguss|95\/100|[from] Sandstorm\n|-heal|p1a: Amoonguss|100\/100|[from] item: Black Sludge\n|upkeep\n|turn|3\n|\n|t:|1634357210\n|move|p2a: Celesteela|Substitute|p2a: Celesteela\n|-start|p2a: Celesteela|Substitute\n|-damage|p2a: Celesteela|75\/100\n|move|p1a: Amoonguss|Spore||[still]\n|-fail|p1a: Amoonguss\n|\n|-weather|Sandstorm|[upkeep]\n|-damage|p1a: Amoonguss|95\/100|[from] Sandstorm\n|-heal|p2a: Celesteela|81\/100|[from] item: Leftovers\n|-heal|p1a: Amoonguss|100\/100|[from] item: Black Sludge\n|upkeep\n|turn|4\n|\n|t:|1634357226\n|switch|p1a: Yveltal|Yveltal, L50|75\/100\n|-ability|p1a: Yveltal|Dark Aura\n|move|p2a: Celesteela|Heavy Slam|p1a: Yveltal\n|-damage|p1a: Yveltal|53\/100\n|\n|-weather|Sandstorm|[upkeep]\n|-damage|p1a: Yveltal|47\/100|[from] Sandstorm\n|-heal|p1a: Yveltal|53\/100|[from] item: Leftovers\n|-heal|p2a: Celesteela|87\/100|[from] item: Leftovers\n|upkeep\n|turn|5\n|\n|t:|1634357237\n|move|p1a: Yveltal|Taunt|p2a: Celesteela\n|-start|p2a: Celesteela|move: Taunt\n|cant|p2a: Celesteela|move: Taunt|Leech Seed\n|\n|-weather|none\n|-heal|p1a: Yveltal|59\/100|[from] item: Leftovers\n|-heal|p2a: Celesteela|93\/100|[from] item: Leftovers\n|upkeep\n|turn|6\n|\n|t:|1634357246\n|move|p1a: Yveltal|Foul Play|p2a: Celesteela\n|-end|p2a: Celesteela|Substitute\n|move|p2a: Celesteela|Heavy Slam|p1a: Yveltal\n|-damage|p1a: Yveltal|39\/100\n|\n|-heal|p1a: Yveltal|45\/100|[from] item: Leftovers\n|-heal|p2a: Celesteela|99\/100|[from] item: Leftovers\n|upkeep\n|turn|7\n|\n|t:|1634357254\n|move|p1a: Yveltal|Roost|p1a: Yveltal\n|-heal|p1a: Yveltal|95\/100\n|-singleturn|p1a: Yveltal|move: Roost\n|move|p2a: Celesteela|Heavy Slam|p1a: Yveltal\n|-damage|p1a: Yveltal|73\/100\n|\n|-heal|p1a: Yveltal|79\/100|[from] item: Leftovers\n|-heal|p2a: Celesteela|100\/100|[from] item: Leftovers\n|-end|p2a: Celesteela|move: Taunt\n|upkeep\n|turn|8\n|\n|t:|1634357264\n|switch|p2a: Tyranitar|Tyranitar, L50, F|64\/100\n|-weather|Sandstorm|[from] ability: Sand Stream|[of] p2a: Tyranitar\n|move|p1a: Yveltal|Taunt|p2a: Tyranitar\n|-start|p2a: Tyranitar|move: Taunt\n|\n|-weather|Sandstorm|[upkeep]\n|-damage|p1a: Yveltal|73\/100|[from] Sandstorm\n|-heal|p1a: Yveltal|79\/100|[from] item: Leftovers\n|upkeep\n|turn|9\n|\n|t:|1634357274\n|switch|p1a: Amoonguss|Amoonguss, L50, M|100\/100\n|move|p2a: Tyranitar|Rock Blast|p1a: Amoonguss\n|-damage|p1a: Amoonguss|82\/100\n|-damage|p1a: Amoonguss|66\/100\n|-damage|p1a: Amoonguss|49\/100\n|-damage|p1a: Amoonguss|32\/100\n|-hitcount|p1a: Amoonguss|4\n|\n|-weather|Sandstorm|[upkeep]\n|-damage|p1a: Amoonguss|26\/100|[from] Sandstorm\n|-heal|p1a: Amoonguss|32\/100|[from] item: Black Sludge\n|upkeep\n|turn|10\n|\n|t:|1634357295\n|move|p2a: Tyranitar|Rock Blast|p1a: Amoonguss\n|-damage|p1a: Amoonguss|16\/100\n|-damage|p1a: Amoonguss|1\/100\n|-damage|p1a: Amoonguss|0 fnt\n|faint|p1a: Amoonguss\n|-hitcount|p1: Amoonguss|3\n|\n|-weather|Sandstorm|[upkeep]\n|-end|p2a: Tyranitar|move: Taunt\n|upkeep\n|\n|t:|1634357303\n|switch|p1a: Yveltal|Yveltal, L50|79\/100\n|-ability|p1a: Yveltal|Dark Aura\n|turn|11\n|\n|t:|1634357312\n|move|p1a: Yveltal|Foul Play|p2a: Tyranitar\n|-resisted|p2a: Tyranitar\n|-damage|p2a: Tyranitar|30\/100\n|move|p2a: Tyranitar|Rock Blast|p1a: Yveltal\n|-supereffective|p1a: Yveltal\n|-damage|p1a: Yveltal|55\/100\n|-supereffective|p1a: Yveltal\n|-damage|p1a: Yveltal|31\/100\n|-supereffective|p1a: Yveltal\n|-damage|p1a: Yveltal|7\/100\n|-supereffective|p1a: Yveltal\n|-damage|p1a: Yveltal|0 fnt\n|faint|p1a: Yveltal\n|-hitcount|p1: Yveltal|4\n|\n|-weather|Sandstorm|[upkeep]\n|upkeep\n|-message|kokoukohiro forfeited.\n|\n|win|xxx2021\n|raw|kokoukohiro's rating: 1440 &rarr; <strong>1423<\/strong><br \/>(-17 for losing)\n|raw|xxx2021's rating: 1486 &rarr; <strong>1503<\/strong><br \/>(+17 for winning)\n|l|\u2606kokoukohiro\n","uploadtime":1634357331,"views":34,"p1id":"kokoukohiro","p2id":"xxx2021","formatid":"gen8battlestadiumsingles","rating":1423,"private":0,"password":null}