{"id":"gen8ou-1025593638","p1":"Del chef","p2":"kkckx2","format":"gen8ou","log":"|j|\u2606Del chef\n|j|\u2606kkckx2\n|player|p1|Del chef|266|1391\n|player|p2|kkckx2|2|1333\n|teamsize|p1|6\n|teamsize|p2|6\n|gametype|singles\n|gen|8\n|tier|[Gen 8] OU\n|rated|\n|rule|Sleep Clause Mod: Limit one foe put to sleep\n|rule|Species Clause: Limit one of each Pok\u00e9mon\n|rule|OHKO Clause: OHKO moves are banned\n|rule|Evasion Moves Clause: Evasion moves are banned\n|rule|Endless Battle Clause: Forcing endless battles is banned\n|rule|HP Percentage Mod: HP is shown in percentages\n|clearpoke\n|poke|p1|Gardevoir, M|\n|poke|p1|Cinderace, F|\n|poke|p1|Trevenant, F|\n|poke|p1|Obstagoon, M|\n|poke|p1|Darmanitan-Galar, M|\n|poke|p1|Dracozolt|\n|poke|p2|Darmanitan-Galar, F|\n|poke|p2|Aegislash, M|\n|poke|p2|Hydreigon, F|\n|poke|p2|Rotom-Wash|\n|poke|p2|Corviknight, F|\n|poke|p2|Seismitoad, F|\n|teampreview\n|\n|start\n|switch|p1a: Darmanitan|Darmanitan-Galar, M|100\/100\n|switch|p2a: Rotom|Rotom-Wash|100\/100\n|turn|1\n|\n|move|p1a: Darmanitan|U-turn|p2a: Rotom\n|-damage|p2a: Rotom|59\/100\n|\n|switch|p1a: Dracozolt|Dracozolt|100\/100|[from]move: U-turn\n|move|p2a: Rotom|Will-O-Wisp|p1a: Dracozolt\n|-status|p1a: Dracozolt|brn\n|\n|-damage|p1a: Dracozolt|94\/100 brn|[from] brn\n|upkeep\n|turn|2\n|\n|switch|p2a: Seismitoad|Seismitoad, F|100\/100\n|-start|p1a: Dracozolt|Dynamax\n|-heal|p1a: Dracozolt|94\/100 brn|[silent]\n|move|p1a: Dracozolt|Max Airstream|p2a: Seismitoad\n|-damage|p2a: Seismitoad|80\/100\n|-boost|p1a: Dracozolt|spe|1\n|\n|-heal|p2a: Seismitoad|86\/100|[from] item: Leftovers\n|-damage|p1a: Dracozolt|91\/100 brn|[from] brn\n|upkeep\n|turn|3\n|\n|move|p1a: Dracozolt|Max Wyrmwind|p2a: Seismitoad\n|-damage|p2a: Seismitoad|50\/100\n|-unboost|p2a: Seismitoad|atk|1\n|move|p2a: Seismitoad|Stealth Rock|p1a: Dracozolt\n|-sidestart|p1: Del chef|move: Stealth Rock\n|\n|-heal|p2a: Seismitoad|56\/100|[from] item: Leftovers\n|-damage|p1a: Dracozolt|88\/100 brn|[from] brn\n|upkeep\n|turn|4\n|\n|switch|p2a: Corviknight|Corviknight, F|100\/100\n|-ability|p2a: Corviknight|Pressure\n|move|p1a: Dracozolt|Max Wyrmwind|p2a: Corviknight\n|-resisted|p2a: Corviknight\n|-damage|p2a: Corviknight|84\/100\n|-unboost|p2a: Corviknight|atk|1\n|\n|-heal|p2a: Corviknight|90\/100|[from] item: Leftovers\n|-damage|p1a: Dracozolt|85\/100 brn|[from] brn\n|-end|p1a: Dracozolt|Dynamax\n|-heal|p1a: Dracozolt|85\/100 brn|[silent]\n|upkeep\n|turn|5\n|\n|switch|p2a: Seismitoad|Seismitoad, F|56\/100\n|move|p1a: Dracozolt|Bolt Beak|p2a: Seismitoad\n|-immune|p2a: Seismitoad\n|\n|-heal|p2a: Seismitoad|62\/100|[from] item: Leftovers\n|-damage|p1a: Dracozolt|79\/100 brn|[from] brn\n|upkeep\n|turn|6\n|\n|switch|p1a: Trevenant|Trevenant, F|100\/100\n|-damage|p1a: Trevenant|88\/100|[from] Stealth Rock\n|move|p2a: Seismitoad|Earthquake|p1a: Trevenant\n|-resisted|p1a: Trevenant\n|-damage|p1a: Trevenant|70\/100\n|\n|-heal|p2a: Seismitoad|68\/100|[from] item: Leftovers\n|upkeep\n|turn|7\n|\n|switch|p2a: Corviknight|Corviknight, F|90\/100\n|-ability|p2a: Corviknight|Pressure\n|move|p1a: Trevenant|Substitute|p1a: Trevenant\n|-start|p1a: Trevenant|Substitute\n|-damage|p1a: Trevenant|45\/100\n|-enditem|p1a: Trevenant|Sitrus Berry|[eat]\n|-heal|p1a: Trevenant|70\/100|[from] item: Sitrus Berry\n|\n|-heal|p2a: Corviknight|96\/100|[from] item: Leftovers\n|-item|p1a: Trevenant|Sitrus Berry|[from] ability: Harvest\n|upkeep\n|turn|8\n|\n|move|p2a: Corviknight|Brave Bird|p1a: Trevenant\n|-supereffective|p1a: Trevenant\n|-end|p1a: Trevenant|Substitute\n|-damage|p2a: Corviknight|88\/100|[from] Recoil|[of] p1a: Trevenant\n|move|p1a: Trevenant|Leech Seed|p2a: Corviknight\n|-start|p2a: Corviknight|move: Leech Seed\n|\n|-heal|p2a: Corviknight|94\/100|[from] item: Leftovers\n|-damage|p2a: Corviknight|82\/100|[from] Leech Seed|[of] p1a: Trevenant\n|-heal|p1a: Trevenant|83\/100|[silent]\n|upkeep\n|turn|9\n|\n|move|p1a: Trevenant|Protect|p1a: Trevenant\n|-singleturn|p1a: Trevenant|Protect\n|move|p2a: Corviknight|U-turn|p1a: Trevenant\n|-activate|p1a: Trevenant|move: Protect\n|\n|-heal|p2a: Corviknight|88\/100|[from] item: Leftovers\n|-damage|p2a: Corviknight|76\/100|[from] Leech Seed|[of] p1a: Trevenant\n|-heal|p1a: Trevenant|96\/100|[silent]\n|upkeep\n|turn|10\n|\n|move|p2a: Corviknight|U-turn|p1a: Trevenant\n|-damage|p1a: Trevenant|78\/100\n|\n|switch|p2a: Hydreigon|Hydreigon, F|100\/100|[from]move: U-turn\n|move|p1a: Trevenant|Substitute|p1a: Trevenant\n|-start|p1a: Trevenant|Substitute\n|-damage|p1a: Trevenant|53\/100\n|\n|upkeep\n|turn|11\n|\n|move|p2a: Hydreigon|Dark Pulse|p1a: Trevenant\n|-supereffective|p1a: Trevenant\n|-end|p1a: Trevenant|Substitute\n|move|p1a: Trevenant|Leech Seed|p2a: Hydreigon\n|-start|p2a: Hydreigon|move: Leech Seed\n|\n|-damage|p2a: Hydreigon|88\/100|[from] Leech Seed|[of] p1a: Trevenant\n|-heal|p1a: Trevenant|64\/100|[silent]\n|upkeep\n|turn|12\n|\n|switch|p2a: Darmanitan|Darmanitan-Galar, F|100\/100\n|move|p1a: Trevenant|Protect||[still]\n|-fail|p1a: Trevenant\n|\n|upkeep\n|turn|13\n|\n|move|p2a: Darmanitan|Ice Punch|p1a: Trevenant\n|-supereffective|p1a: Trevenant\n|-damage|p1a: Trevenant|0 fnt\n|faint|p1a: Trevenant\n|\n|upkeep\n|\n|switch|p1a: Darmanitan|Darmanitan-Galar, M|100\/100\n|-damage|p1a: Darmanitan|76\/100|[from] Stealth Rock\n|turn|14\n|\n|switch|p2a: Rotom|Rotom-Wash|59\/100\n|move|p1a: Darmanitan|Icicle Crash|p2a: Rotom\n|-resisted|p2a: Rotom\n|-damage|p2a: Rotom|21\/100\n|\n|upkeep\n|turn|15\n|\n|move|p1a: Darmanitan|Icicle Crash|p2a: Rotom\n|-resisted|p2a: Rotom\n|-damage|p2a: Rotom|0 fnt\n|faint|p2a: Rotom\n|\n|upkeep\n|\n|switch|p2a: Aegislash|Aegislash, M|100\/100\n|-item|p2a: Aegislash|Air Balloon\n|turn|16\n|\n|switch|p1a: Dracozolt|Dracozolt|79\/100 brn\n|-damage|p1a: Dracozolt|66\/100 brn|[from] Stealth Rock\n|move|p2a: Aegislash|Autotomize|p2a: Aegislash\n|-boost|p2a: Aegislash|spe|2\n|-start|p2a: Aegislash|Autotomize\n|\n|-damage|p1a: Dracozolt|60\/100 brn|[from] brn\n|upkeep\n|turn|17\n|\n|move|p2a: Aegislash|Swords Dance|p2a: Aegislash\n|-boost|p2a: Aegislash|atk|2\n|move|p1a: Dracozolt|Fire Fang|p2a: Aegislash\n|-supereffective|p2a: Aegislash\n|-damage|p2a: Aegislash|57\/100\n|-enditem|p2a: Aegislash|Air Balloon\n|\n|-damage|p1a: Dracozolt|54\/100 brn|[from] brn\n|upkeep\n|turn|18\n|\n|-start|p2a: Aegislash|Dynamax\n|-heal|p2a: Aegislash|57\/100|[silent]\n|-formechange|p2a: Aegislash|Aegislash-Blade||[from] ability: Stance Change\n|move|p2a: Aegislash|Max Knuckle|p1a: Dracozolt\n|-damage|p1a: Dracozolt|0 fnt\n|-boost|p2a: Aegislash|atk|1\n|faint|p1a: Dracozolt\n|\n|upkeep\n|\n|switch|p1a: Darmanitan|Darmanitan-Galar, M|76\/100\n|-damage|p1a: Darmanitan|51\/100|[from] Stealth Rock\n|turn|19\n|\n|move|p2a: Aegislash|Max Knuckle|p1a: Darmanitan\n|-supereffective|p1a: Darmanitan\n|-damage|p1a: Darmanitan|0 fnt\n|-boost|p2a: Aegislash|atk|1\n|faint|p1a: Darmanitan\n|\n|upkeep\n|-message|Del chef forfeited.\n|\n|win|kkckx2\n|l|\u2606Del chef\n|raw|Del chef's rating: 1413 &rarr; <strong>1388<\/strong><br \/>(-25 for losing)\n|raw|kkckx2's rating: 1333 &rarr; <strong>1357<\/strong><br \/>(+24 for winning)\n","uploadtime":1575814885,"views":3,"p1id":"delchef","p2id":"kkckx2","formatid":"gen8ou","rating":1357,"private":0,"password":null}