{"id":"gen8ou-1161317315","p1":"TryHonesty","p2":"alkazoth","format":"gen8ou","log":"|j|\u2606TryHonesty\n|j|\u2606alkazoth\n|t:|1596261769\n|player|p1|TryHonesty|1|1429\n|player|p2|alkazoth|101|1437\n|teamsize|p1|6\n|teamsize|p2|6\n|gametype|singles\n|gen|8\n|tier|[Gen 8] OU\n|rated|\n|html|<div class=\"broadcast-blue\"><strong>OU is currently suspecting Magearna! For information on how to participate check out the <a href=\"https:\/\/www.smogon.com\/forums\/threads\/3667669\/\">suspect thread<\/a>.<\/strong><\/div>\n|clearpoke\n|poke|p1|Magearna|\n|poke|p1|Rillaboom, M|\n|poke|p1|Volcarona, M|\n|poke|p1|Hawlucha, F|\n|poke|p1|Indeedee, M|\n|poke|p1|Alakazam, F|\n|poke|p2|Cinderace, M|\n|poke|p2|Urshifu-*, F|\n|poke|p2|Ninetales-Alola, M|\n|poke|p2|Zeraora|\n|poke|p2|Excadrill, F|\n|poke|p2|Bisharp, M|\n|rule|Sleep Clause Mod: Limit one foe put to sleep\n|rule|Species Clause: Limit one of each Pok\u00e9mon\n|rule|OHKO Clause: OHKO moves are banned\n|rule|Evasion Moves Clause: Evasion moves are banned\n|rule|Endless Battle Clause: Forcing endless battles is banned\n|rule|HP Percentage Mod: HP is shown in percentages\n|rule|Dynamax Clause: You cannot dynamax\n|teampreview\n|inactive|Battle timer is ON: inactive players will automatically lose when time's up. (requested by TryHonesty)\n|\n|t:|1596261780\n|start\n|switch|p1a: enabler|Rillaboom, M|100\/100\n|switch|p2a: Ninetales|Ninetales-Alola, M|100\/100\n|-weather|Hail|[from] ability: Snow Warning|[of] p2a: Ninetales\n|-fieldstart|move: Grassy Terrain|[from] ability: Grassy Surge|[of] p1a: enabler\n|turn|1\n|\n|t:|1596261788\n|switch|p1a: this is fun|Magearna|100\/100\n|-enditem|p1a: this is fun|Grassy Seed\n|-boost|p1a: this is fun|def|1|[from] item: Grassy Seed\n|move|p2a: Ninetales|Aurora Veil|p2a: Ninetales\n|-sidestart|p2: alkazoth|move: Aurora Veil\n|\n|-weather|Hail|[upkeep]\n|-damage|p1a: this is fun|94\/100|[from] Hail\n|-heal|p1a: this is fun|100\/100|[from] Grassy Terrain\n|upkeep\n|turn|2\n|\n|t:|1596261799\n|switch|p2a: Excadrill|Excadrill, F|100\/100\n|-ability|p2a: Excadrill|Mold Breaker\n|move|p1a: this is fun|Iron Defense|p1a: this is fun\n|-boost|p1a: this is fun|def|2\n|\n|-weather|Hail|[upkeep]\n|-damage|p2a: Excadrill|94\/100|[from] Hail\n|-damage|p1a: this is fun|94\/100|[from] Hail\n|-heal|p2a: Excadrill|100\/100|[from] item: Leftovers\n|-heal|p1a: this is fun|100\/100|[from] Grassy Terrain\n|upkeep\n|turn|3\n|\n|t:|1596261809\n|move|p2a: Excadrill|Swords Dance|p2a: Excadrill\n|-boost|p2a: Excadrill|atk|2\n|move|p1a: this is fun|Iron Defense|p1a: this is fun\n|-boost|p1a: this is fun|def|2\n|\n|-weather|Hail|[upkeep]\n|-damage|p2a: Excadrill|94\/100|[from] Hail\n|-damage|p1a: this is fun|94\/100|[from] Hail\n|-heal|p2a: Excadrill|100\/100|[from] item: Leftovers\n|-heal|p1a: this is fun|100\/100|[from] Grassy Terrain\n|upkeep\n|turn|4\n|\n|t:|1596261818\n|switch|p1a: american evolution|Volcarona, M|100\/100\n|-enditem|p1a: american evolution|Grassy Seed\n|-boost|p1a: american evolution|def|1|[from] item: Grassy Seed\n|move|p2a: Excadrill|Swords Dance|p2a: Excadrill\n|-boost|p2a: Excadrill|atk|2\n|\n|-weather|Hail|[upkeep]\n|-damage|p2a: Excadrill|94\/100|[from] Hail\n|-damage|p1a: american evolution|94\/100|[from] Hail\n|-heal|p2a: Excadrill|100\/100|[from] item: Leftovers\n|-heal|p1a: american evolution|100\/100|[from] Grassy Terrain\n|upkeep\n|turn|5\n|\n|t:|1596261828\n|move|p2a: Excadrill|Earthquake|p1a: american evolution\n|-damage|p1a: american evolution|54\/100\n|move|p1a: american evolution|Quiver Dance|p1a: american evolution\n|-boost|p1a: american evolution|spa|1\n|-boost|p1a: american evolution|spd|1\n|-boost|p1a: american evolution|spe|1\n|\n|-weather|none\n|-heal|p1a: american evolution|60\/100|[from] Grassy Terrain\n|-fieldend|move: Grassy Terrain\n|upkeep\n|turn|6\n|\n|t:|1596261837\n|move|p1a: american evolution|Fiery Dance|p2a: Excadrill\n|-supereffective|p2a: Excadrill\n|-damage|p2a: Excadrill|29\/100\n|move|p2a: Excadrill|Earthquake|p1a: american evolution\n|-damage|p1a: american evolution|0 fnt\n|faint|p1a: american evolution\n|\n|-heal|p2a: Excadrill|35\/100|[from] item: Leftovers\n|upkeep\n|\n|t:|1596261844\n|switch|p1a: ur ex gf|Indeedee, M|100\/100\n|-fieldstart|move: Psychic Terrain|[from] ability: Psychic Surge|[of] p1a: ur ex gf\n|turn|7\n|inactive|alkazoth has 120 seconds left.\n|\n|t:|1596261876\n|move|p1a: ur ex gf|Mystical Fire|p2a: Excadrill\n|-supereffective|p2a: Excadrill\n|-damage|p2a: Excadrill|0 fnt\n|-damage|p1a: ur ex gf|91\/100|[from] item: Life Orb\n|faint|p2a: Excadrill\n|\n|upkeep\n|inactive|alkazoth has 120 seconds left.\n|\n|t:|1596261892\n|switch|p2a: Cinderace|Cinderace, M|100\/100\n|turn|8\n|\n|t:|1596261898\n|move|p2a: Cinderace|U-turn|p1a: ur ex gf\n|-start|p2a: Cinderace|typechange|Bug|[from] ability: Libero\n|-supereffective|p1a: ur ex gf\n|-damage|p1a: ur ex gf|0 fnt\n|faint|p1a: ur ex gf\n|inactive|alkazoth has 120 seconds left.\n|\n|t:|1596261905\n|switch|p2a: Ninetales|Ninetales-Alola, M|100\/100|[from]move: U-turn\n|-weather|Hail|[from] ability: Snow Warning|[of] p2a: Ninetales\n|\n|-weather|Hail|[upkeep]\n|-sideend|p2: alkazoth|move: Aurora Veil\n|upkeep\n|\n|t:|1596261913\n|switch|p1a: mike beltran|Alakazam, F|100\/100\n|turn|9\n|\n|t:|1596261917\n|move|p1a: mike beltran|Psyshock|p2a: Ninetales\n|-damage|p2a: Ninetales|0 fnt\n|faint|p2a: Ninetales\n|\n|-weather|Hail|[upkeep]\n|upkeep\n|\n|t:|1596261924\n|switch|p2a: Bisharp|Bisharp, M|100\/100\n|turn|10\n|\n|t:|1596261930\n|switch|p1a: enabler|Rillaboom, M|100\/100\n|-fieldstart|move: Grassy Terrain|[from] ability: Grassy Surge|[of] p1a: enabler\n|move|p2a: Bisharp|Knock Off|p1a: enabler\n|-damage|p1a: enabler|24\/100\n|-enditem|p1a: enabler|Life Orb|[from] move: Knock Off|[of] p2a: Bisharp\n|\n|-weather|Hail|[upkeep]\n|-damage|p1a: enabler|18\/100|[from] Hail\n|-damage|p2a: Bisharp|95\/100|[from] Hail\n|-heal|p1a: enabler|24\/100|[from] Grassy Terrain\n|-heal|p2a: Bisharp|100\/100|[from] Grassy Terrain\n|upkeep\n|turn|11\n|\n|t:|1596261941\n|move|p1a: enabler|Grassy Glide|p2a: Bisharp\n|-resisted|p2a: Bisharp\n|-damage|p2a: Bisharp|66\/100\n|move|p2a: Bisharp|Sucker Punch||[still]\n|-fail|p2a: Bisharp\n|\n|-weather|Hail|[upkeep]\n|-damage|p1a: enabler|18\/100|[from] Hail\n|-damage|p2a: Bisharp|60\/100|[from] Hail\n|-heal|p1a: enabler|24\/100|[from] Grassy Terrain\n|-heal|p2a: Bisharp|66\/100|[from] Grassy Terrain\n|upkeep\n|turn|12\n|\n|t:|1596261951\n|move|p1a: enabler|Grassy Glide|p2a: Bisharp\n|-resisted|p2a: Bisharp\n|-damage|p2a: Bisharp|34\/100\n|move|p2a: Bisharp|Knock Off|p1a: enabler\n|-damage|p1a: enabler|0 fnt\n|faint|p1a: enabler\n|\n|-weather|none\n|-heal|p2a: Bisharp|40\/100|[from] Grassy Terrain\n|upkeep\n|\n|t:|1596261957\n|switch|p1a: birb|Hawlucha, F|100\/100\n|-enditem|p1a: birb|Grassy Seed\n|-boost|p1a: birb|def|1|[from] item: Grassy Seed\n|turn|13\n|\n|t:|1596261963\n|switch|p2a: Zeraora|Zeraora|100\/100\n|move|p1a: birb|Swords Dance|p1a: birb\n|-boost|p1a: birb|atk|2\n|\n|upkeep\n|turn|14\n|\n|t:|1596261971\n|move|p1a: birb|Close Combat|p2a: Zeraora\n|-damage|p2a: Zeraora|0 fnt\n|-unboost|p1a: birb|def|1\n|-unboost|p1a: birb|spd|1\n|faint|p2a: Zeraora\n|\n|-fieldend|move: Grassy Terrain\n|upkeep\n|\n|t:|1596261979\n|switch|p2a: Bisharp|Bisharp, M|40\/100\n|turn|15\n|\n|t:|1596261985\n|move|p2a: Bisharp|Sucker Punch|p1a: birb\n|-resisted|p1a: birb\n|-damage|p1a: birb|69\/100\n|move|p1a: birb|Close Combat|p2a: Bisharp\n|-supereffective|p2a: Bisharp\n|-damage|p2a: Bisharp|0 fnt\n|-unboost|p1a: birb|def|1\n|-unboost|p1a: birb|spd|1\n|faint|p2a: Bisharp\n|\n|upkeep\n|\n|t:|1596262000\n|switch|p2a: Urshifu|Urshifu, F|100\/100\n|turn|16\n|\n|t:|1596262004\n|move|p2a: Urshifu|Sucker Punch|p1a: birb\n|-resisted|p1a: birb\n|-damage|p1a: birb|24\/100\n|move|p1a: birb|Close Combat|p2a: Urshifu\n|-supereffective|p2a: Urshifu\n|-damage|p2a: Urshifu|0 fnt\n|-unboost|p1a: birb|def|1\n|-unboost|p1a: birb|spd|1\n|faint|p2a: Urshifu\n|\n|upkeep\n|\n|t:|1596262012\n|switch|p2a: Cinderace|Cinderace, M|100\/100\n|turn|17\n|\n|t:|1596262015\n|move|p1a: birb|Roost|p1a: birb\n|-heal|p1a: birb|74\/100\n|-singleturn|p1a: birb|move: Roost\n|move|p2a: Cinderace|Zen Headbutt|p1a: birb\n|-start|p2a: Cinderace|typechange|Psychic|[from] ability: Libero\n|-supereffective|p1a: birb\n|-damage|p1a: birb|0 fnt\n|faint|p1a: birb\n|\n|upkeep\n|\n|t:|1596262018\n|switch|p1a: mike beltran|Alakazam, F|100\/100\n|turn|18\n|\n|t:|1596262026\n|move|p1a: mike beltran|Nasty Plot|p1a: mike beltran\n|-boost|p1a: mike beltran|spa|2\n|move|p2a: Cinderace|U-turn|p1a: mike beltran\n|-start|p2a: Cinderace|typechange|Bug|[from] ability: Libero\n|-supereffective|p1a: mike beltran\n|-damage|p1a: mike beltran|0 fnt\n|faint|p1a: mike beltran\n|\n|upkeep\n|\n|t:|1596262030\n|switch|p1a: this is fun|Magearna|100\/100\n|turn|19\n|\n|t:|1596262035\n|move|p2a: Cinderace|Pyro Ball|p1a: this is fun\n|-start|p2a: Cinderace|typechange|Fire|[from] ability: Libero\n|-supereffective|p1a: this is fun\n|-damage|p1a: this is fun|10\/100\n|-status|p1a: this is fun|brn\n|move|p1a: this is fun|Iron Defense|p1a: this is fun\n|-boost|p1a: this is fun|def|2\n|\n|-damage|p1a: this is fun|4\/100 brn|[from] brn\n|upkeep\n|turn|20\n|-message|TryHonesty forfeited.\n|\n|win|alkazoth\n|l|\u2606TryHonesty\n|raw|TryHonesty's rating: 1429 &rarr; <strong>1410<\/strong><br \/>(-19 for losing)\n|raw|alkazoth's rating: 1437 &rarr; <strong>1457<\/strong><br \/>(+20 for winning)\n","uploadtime":1596262048,"views":10,"p1id":"tryhonesty","p2id":"alkazoth","formatid":"gen8ou","rating":1410,"private":0,"password":null}