{"id":"gen8nationaldex-1609777060","p1":"fishy8995","p2":"NDLT3PXS 2011","format":"gen8nationaldex","log":"|raw|<div class=\"broadcast-blue\"><strong>This battle is required to be public due to a player having a name starting with 'ndlt3pxs'.<\/div>\n|j|\u2606fishy8995\n|j|\u2606NDLT3PXS 2011\n|t:|1656897921\n|gametype|singles\n|player|p1|fishy8995|265|1723\n|player|p2|NDLT3PXS 2011|#ptpl3medicham|1968\n|teamsize|p1|6\n|teamsize|p2|6\n|gen|8\n|tier|[Gen 8] National Dex\n|rated|\n|rule|HP Percentage Mod: HP is shown in percentages\n|rule|Endless Battle Clause: Forcing endless battles is banned\n|rule|OHKO Clause: OHKO moves are banned\n|rule|Evasion Moves Clause: Evasion moves are banned\n|rule|Species Clause: Limit one of each Pok\u00e9mon\n|rule|Dynamax Clause: You cannot dynamax\n|rule|Sleep Clause Mod: Limit one foe put to sleep\n|clearpoke\n|poke|p1|Hippowdon, F|\n|poke|p1|Tyranitar, F|\n|poke|p1|Excadrill, F|\n|poke|p1|Yanmega, M|\n|poke|p1|Toxapex, F|\n|poke|p1|Dracozolt|\n|poke|p2|Nihilego|\n|poke|p2|Kyurem|\n|poke|p2|Magnezone|\n|poke|p2|Landorus-Therian, M|\n|poke|p2|Scizor, F|\n|poke|p2|Greninja, M|\n|teampreview\n|inactive|Battle timer is ON: inactive players will automatically lose when time's up. (requested by NDLT3PXS 2011)\n|\n|t:|1656897940\n|start\n|switch|p1a: Tyranitar|Tyranitar, F|100\/100\n|switch|p2a: Greninja|Greninja, M|100\/100\n|-weather|Sandstorm|[from] ability: Sand Stream|[of] p1a: Tyranitar\n|turn|1\n|\n|t:|1656897945\n|detailschange|p1a: Tyranitar|Tyranitar-Mega, F\n|-mega|p1a: Tyranitar|Tyranitar|Tyranitarite\n|move|p2a: Greninja|Spikes|p1a: Tyranitar\n|-sidestart|p1: fishy8995|Spikes\n|move|p1a: Tyranitar|Dragon Dance|p1a: Tyranitar\n|-boost|p1a: Tyranitar|atk|1\n|-boost|p1a: Tyranitar|spe|1\n|\n|-weather|Sandstorm|[upkeep]\n|-damage|p2a: Greninja|95\/100|[from] Sandstorm\n|upkeep\n|turn|2\n|\n|t:|1656897949\n|switch|p2a: Landorus|Landorus-Therian, M|100\/100\n|-ability|p2a: Landorus|Intimidate|boost\n|-unboost|p1a: Tyranitar|atk|1\n|move|p1a: Tyranitar|Dragon Dance|p1a: Tyranitar\n|-boost|p1a: Tyranitar|atk|1\n|-boost|p1a: Tyranitar|spe|1\n|\n|-weather|Sandstorm|[upkeep]\n|upkeep\n|turn|3\n|\n|t:|1656897956\n|switch|p2a: Magnezone|Magnezone|100\/100\n|move|p1a: Tyranitar|Ice Punch|p2a: Magnezone\n|-resisted|p2a: Magnezone\n|-damage|p2a: Magnezone|75\/100\n|\n|-weather|Sandstorm|[upkeep]\n|upkeep\n|turn|4\n|\n|t:|1656897960\n|switch|p2a: Landorus|Landorus-Therian, M|100\/100\n|-ability|p2a: Landorus|Intimidate|boost\n|-unboost|p1a: Tyranitar|atk|1\n|move|p1a: Tyranitar|Fire Punch|p2a: Landorus\n|-damage|p2a: Landorus|79\/100\n|-damage|p1a: Tyranitar|84\/100|[from] item: Rocky Helmet|[of] p2a: Landorus\n|\n|-weather|Sandstorm|[upkeep]\n|upkeep\n|turn|5\n|\n|t:|1656897972\n|switch|p2a: Magnezone|Magnezone|75\/100\n|move|p1a: Tyranitar|Ice Punch|p2a: Magnezone\n|-resisted|p2a: Magnezone\n|-damage|p2a: Magnezone|59\/100\n|\n|-weather|none\n|upkeep\n|turn|6\n|\n|t:|1656897977\n|move|p1a: Tyranitar|Dragon Dance|p1a: Tyranitar\n|-boost|p1a: Tyranitar|atk|1\n|-boost|p1a: Tyranitar|spe|1\n|move|p2a: Magnezone|Flash Cannon|p1a: Tyranitar\n|-supereffective|p1a: Tyranitar\n|-damage|p1a: Tyranitar|23\/100\n|\n|upkeep\n|turn|7\n|\n|t:|1656897985\n|move|p1a: Tyranitar|Ice Punch|p2a: Magnezone\n|-resisted|p2a: Magnezone\n|-damage|p2a: Magnezone|34\/100\n|move|p2a: Magnezone|Flash Cannon|p1a: Tyranitar\n|-supereffective|p1a: Tyranitar\n|-damage|p1a: Tyranitar|0 fnt\n|faint|p1a: Tyranitar\n|\n|upkeep\n|\n|t:|1656897995\n|switch|p1a: Yanmega|Yanmega, M|100\/100\n|turn|8\n|\n|t:|1656898007\n|move|p2a: Magnezone|Flash Cannon|p1a: Yanmega\n|-damage|p1a: Yanmega|30\/100\n|move|p1a: Yanmega|Defog|p2a: Magnezone\n|-unboost|p2a: Magnezone|evasion|1\n|-sideend|p1: fishy8995|Spikes|[from] move: Defog|[of] p1a: Yanmega\n|\n|-ability|p1a: Yanmega|Speed Boost|boost\n|-boost|p1a: Yanmega|spe|1\n|upkeep\n|turn|9\n|\n|t:|1656898013\n|switch|p1a: Toxapex|Toxapex, F|100\/100\n|move|p2a: Magnezone|Flash Cannon|p1a: Toxapex\n|-resisted|p1a: Toxapex\n|-damage|p1a: Toxapex|82\/100\n|\n|-heal|p1a: Toxapex|89\/100|[from] item: Black Sludge\n|upkeep\n|turn|10\n|\n|t:|1656898019\n|move|p2a: Magnezone|Flash Cannon|p1a: Toxapex\n|-resisted|p1a: Toxapex\n|-damage|p1a: Toxapex|70\/100\n|move|p1a: Toxapex|Toxic|p2a: Magnezone\n|-immune|p2a: Magnezone\n|\n|-heal|p1a: Toxapex|77\/100|[from] item: Black Sludge\n|upkeep\n|turn|11\n|\n|t:|1656898032\n|switch|p2a: Greninja|Greninja, M|95\/100\n|move|p1a: Toxapex|Toxic|p2a: Greninja\n|-status|p2a: Greninja|tox\n|\n|-heal|p1a: Toxapex|83\/100|[from] item: Black Sludge\n|-damage|p2a: Greninja|89\/100 tox|[from] psn\n|upkeep\n|turn|12\n|\n|t:|1656898037\n|move|p2a: Greninja|Spikes|p1a: Toxapex\n|-sidestart|p1: fishy8995|Spikes\n|move|p1a: Toxapex|Stockpile|p1a: Toxapex\n|-start|p1a: Toxapex|stockpile1\n|-boost|p1a: Toxapex|def|1\n|-boost|p1a: Toxapex|spd|1\n|\n|-heal|p1a: Toxapex|89\/100|[from] item: Black Sludge\n|-damage|p2a: Greninja|77\/100 tox|[from] psn\n|upkeep\n|turn|13\n|\n|t:|1656898047\n|switch|p2a: Scizor|Scizor, F|100\/100\n|move|p1a: Toxapex|Toxic|p2a: Scizor\n|-immune|p2a: Scizor\n|\n|-heal|p1a: Toxapex|95\/100|[from] item: Black Sludge\n|upkeep\n|turn|14\n|\n|t:|1656898050\n|detailschange|p2a: Scizor|Scizor-Mega, F\n|-mega|p2a: Scizor|Scizor|Scizorite\n|move|p2a: Scizor|Swords Dance|p2a: Scizor\n|-boost|p2a: Scizor|atk|2\n|move|p1a: Toxapex|Scald|p2a: Scizor\n|-damage|p2a: Scizor|82\/100\n|\n|-heal|p1a: Toxapex|100\/100|[from] item: Black Sludge\n|upkeep\n|turn|15\n|\n|t:|1656898054\n|move|p2a: Scizor|Swords Dance|p2a: Scizor\n|-boost|p2a: Scizor|atk|2\n|move|p1a: Toxapex|Scald|p2a: Scizor\n|-damage|p2a: Scizor|65\/100\n|\n|upkeep\n|turn|16\n|\n|t:|1656898056\n|move|p2a: Scizor|Sand Tomb|p1a: Toxapex\n|-supereffective|p1a: Toxapex\n|-damage|p1a: Toxapex|40\/100\n|-activate|p1a: Toxapex|move: Sand Tomb|[of] p2a: Scizor\n|move|p1a: Toxapex|Scald|p2a: Scizor\n|-damage|p2a: Scizor|49\/100\n|\n|-heal|p1a: Toxapex|46\/100|[from] item: Black Sludge\n|-damage|p1a: Toxapex|34\/100|[from] move: Sand Tomb|[partiallytrapped]\n|upkeep\n|turn|17\n|\n|t:|1656898059\n|move|p2a: Scizor|Sand Tomb|p1a: Toxapex|[miss]\n|-miss|p2a: Scizor|p1a: Toxapex\n|move|p1a: Toxapex|Recover|p1a: Toxapex\n|-heal|p1a: Toxapex|84\/100\n|\n|-heal|p1a: Toxapex|90\/100|[from] item: Black Sludge\n|-damage|p1a: Toxapex|78\/100|[from] move: Sand Tomb|[partiallytrapped]\n|upkeep\n|turn|18\n|\n|t:|1656898062\n|move|p2a: Scizor|Sand Tomb|p1a: Toxapex\n|-supereffective|p1a: Toxapex\n|-damage|p1a: Toxapex|15\/100\n|move|p1a: Toxapex|Recover|p1a: Toxapex\n|-heal|p1a: Toxapex|65\/100\n|\n|-heal|p1a: Toxapex|71\/100|[from] item: Black Sludge\n|-damage|p1a: Toxapex|59\/100|[from] move: Sand Tomb|[partiallytrapped]\n|upkeep\n|turn|19\n|\n|t:|1656898065\n|move|p2a: Scizor|Sand Tomb|p1a: Toxapex|[miss]\n|-miss|p2a: Scizor|p1a: Toxapex\n|move|p1a: Toxapex|Scald|p2a: Scizor\n|-damage|p2a: Scizor|33\/100\n|-status|p2a: Scizor|brn\n|\n|-heal|p1a: Toxapex|65\/100|[from] item: Black Sludge\n|-damage|p2a: Scizor|26\/100 brn|[from] brn\n|-damage|p1a: Toxapex|53\/100|[from] move: Sand Tomb|[partiallytrapped]\n|upkeep\n|turn|20\n|\n|t:|1656898067\n|move|p2a: Scizor|Roost|p2a: Scizor\n|-heal|p2a: Scizor|77\/100 brn\n|-singleturn|p2a: Scizor|move: Roost\n|move|p1a: Toxapex|Recover|p1a: Toxapex\n|-heal|p1a: Toxapex|100\/100\n|\n|-damage|p2a: Scizor|70\/100 brn|[from] brn\n|-damage|p1a: Toxapex|88\/100|[from] move: Sand Tomb|[partiallytrapped]\n|upkeep\n|turn|21\n|\n|t:|1656898068\n|move|p2a: Scizor|Swords Dance|p2a: Scizor\n|-boost|p2a: Scizor|atk|2\n|move|p1a: Toxapex|Stockpile|p1a: Toxapex\n|-start|p1a: Toxapex|stockpile2\n|-boost|p1a: Toxapex|def|1\n|-boost|p1a: Toxapex|spd|1\n|\n|-heal|p1a: Toxapex|94\/100|[from] item: Black Sludge\n|-damage|p2a: Scizor|64\/100 brn|[from] brn\n|-end|p1a: Toxapex|Sand Tomb|[partiallytrapped]\n|upkeep\n|turn|22\n|\n|t:|1656898070\n|move|p2a: Scizor|Roost|p2a: Scizor\n|-heal|p2a: Scizor|100\/100 brn\n|-singleturn|p2a: Scizor|move: Roost\n|move|p1a: Toxapex|Stockpile|p1a: Toxapex\n|-start|p1a: Toxapex|stockpile3\n|-boost|p1a: Toxapex|def|1\n|-boost|p1a: Toxapex|spd|1\n|\n|-heal|p1a: Toxapex|100\/100|[from] item: Black Sludge\n|-damage|p2a: Scizor|94\/100 brn|[from] brn\n|upkeep\n|turn|23\n|\n|t:|1656898072\n|move|p2a: Scizor|Sand Tomb|p1a: Toxapex\n|-supereffective|p1a: Toxapex\n|-damage|p1a: Toxapex|75\/100\n|-activate|p1a: Toxapex|move: Sand Tomb|[of] p2a: Scizor\n|move|p1a: Toxapex|Scald|p2a: Scizor\n|-damage|p2a: Scizor|77\/100 brn\n|\n|-heal|p1a: Toxapex|81\/100|[from] item: Black Sludge\n|-damage|p2a: Scizor|70\/100 brn|[from] brn\n|-damage|p1a: Toxapex|69\/100|[from] move: Sand Tomb|[partiallytrapped]\n|upkeep\n|turn|24\n|\n|t:|1656898075\n|move|p2a: Scizor|Sand Tomb|p1a: Toxapex\n|-supereffective|p1a: Toxapex\n|-damage|p1a: Toxapex|43\/100\n|move|p1a: Toxapex|Recover|p1a: Toxapex\n|-heal|p1a: Toxapex|93\/100\n|\n|-heal|p1a: Toxapex|99\/100|[from] item: Black Sludge\n|-damage|p2a: Scizor|64\/100 brn|[from] brn\n|-damage|p1a: Toxapex|87\/100|[from] move: Sand Tomb|[partiallytrapped]\n|upkeep\n|turn|25\n|\n|t:|1656898078\n|move|p2a: Scizor|Sand Tomb|p1a: Toxapex\n|-supereffective|p1a: Toxapex\n|-damage|p1a: Toxapex|64\/100\n|move|p1a: Toxapex|Scald|p2a: Scizor\n|-damage|p2a: Scizor|49\/100 brn\n|\n|-heal|p1a: Toxapex|70\/100|[from] item: Black Sludge\n|-damage|p2a: Scizor|42\/100 brn|[from] brn\n|-damage|p1a: Toxapex|58\/100|[from] move: Sand Tomb|[partiallytrapped]\n|upkeep\n|turn|26\n|\n|t:|1656898083\n|move|p2a: Scizor|Roost|p2a: Scizor\n|-heal|p2a: Scizor|93\/100 brn\n|-singleturn|p2a: Scizor|move: Roost\n|move|p1a: Toxapex|Scald|p2a: Scizor\n|-damage|p2a: Scizor|76\/100 brn\n|\n|-heal|p1a: Toxapex|64\/100|[from] item: Black Sludge\n|-damage|p2a: Scizor|70\/100 brn|[from] brn\n|-damage|p1a: Toxapex|51\/100|[from] move: Sand Tomb|[partiallytrapped]\n|upkeep\n|turn|27\n|\n|t:|1656898085\n|move|p2a: Scizor|Sand Tomb|p1a: Toxapex\n|-supereffective|p1a: Toxapex\n|-damage|p1a: Toxapex|25\/100\n|move|p1a: Toxapex|Recover|p1a: Toxapex\n|-heal|p1a: Toxapex|75\/100\n|\n|-heal|p1a: Toxapex|81\/100|[from] item: Black Sludge\n|-damage|p2a: Scizor|63\/100 brn|[from] brn\n|-end|p1a: Toxapex|Sand Tomb|[partiallytrapped]\n|upkeep\n|turn|28\n|\n|t:|1656898088\n|move|p2a: Scizor|Sand Tomb|p1a: Toxapex\n|-supereffective|p1a: Toxapex\n|-damage|p1a: Toxapex|57\/100\n|-activate|p1a: Toxapex|move: Sand Tomb|[of] p2a: Scizor\n|move|p1a: Toxapex|Scald|p2a: Scizor\n|-damage|p2a: Scizor|47\/100 brn\n|\n|-heal|p1a: Toxapex|63\/100|[from] item: Black Sludge\n|-damage|p2a: Scizor|41\/100 brn|[from] brn\n|-damage|p1a: Toxapex|50\/100|[from] move: Sand Tomb|[partiallytrapped]\n|upkeep\n|turn|29\n|\n|t:|1656898095\n|move|p2a: Scizor|Bullet Punch|p1a: Toxapex\n|-resisted|p1a: Toxapex\n|-damage|p1a: Toxapex|40\/100\n|move|p1a: Toxapex|Recover|p1a: Toxapex\n|-heal|p1a: Toxapex|90\/100\n|\n|-heal|p1a: Toxapex|96\/100|[from] item: Black Sludge\n|-damage|p2a: Scizor|35\/100 brn|[from] brn\n|-damage|p1a: Toxapex|84\/100|[from] move: Sand Tomb|[partiallytrapped]\n|upkeep\n|turn|30\n|\n|t:|1656898099\n|move|p2a: Scizor|Roost|p2a: Scizor\n|-heal|p2a: Scizor|85\/100 brn\n|-singleturn|p2a: Scizor|move: Roost\n|move|p1a: Toxapex|Scald|p2a: Scizor\n|-damage|p2a: Scizor|70\/100 brn\n|\n|-heal|p1a: Toxapex|90\/100|[from] item: Black Sludge\n|-damage|p2a: Scizor|63\/100 brn|[from] brn\n|-damage|p1a: Toxapex|78\/100|[from] move: Sand Tomb|[partiallytrapped]\n|upkeep\n|turn|31\n|\n|t:|1656898100\n|move|p2a: Scizor|Bullet Punch|p1a: Toxapex\n|-resisted|p1a: Toxapex\n|-damage|p1a: Toxapex|67\/100\n|move|p1a: Toxapex|Scald|p2a: Scizor\n|-damage|p2a: Scizor|46\/100 brn\n|\n|-heal|p1a: Toxapex|74\/100|[from] item: Black Sludge\n|-damage|p2a: Scizor|40\/100 brn|[from] brn\n|-damage|p1a: Toxapex|61\/100|[from] move: Sand Tomb|[partiallytrapped]\n|upkeep\n|turn|32\n|\n|t:|1656898105\n|move|p2a: Scizor|Roost|p2a: Scizor\n|-heal|p2a: Scizor|90\/100 brn\n|-singleturn|p2a: Scizor|move: Roost\n|move|p1a: Toxapex|Scald|p2a: Scizor\n|-damage|p2a: Scizor|74\/100 brn\n|\n|-heal|p1a: Toxapex|67\/100|[from] item: Black Sludge\n|-damage|p2a: Scizor|68\/100 brn|[from] brn\n|-end|p1a: Toxapex|Sand Tomb|[partiallytrapped]\n|upkeep\n|turn|33\n|\n|t:|1656898108\n|move|p2a: Scizor|Sand Tomb|p1a: Toxapex\n|-supereffective|p1a: Toxapex\n|-damage|p1a: Toxapex|41\/100\n|-activate|p1a: Toxapex|move: Sand Tomb|[of] p2a: Scizor\n|move|p1a: Toxapex|Scald|p2a: Scizor\n|-damage|p2a: Scizor|52\/100 brn\n|\n|-heal|p1a: Toxapex|47\/100|[from] item: Black Sludge\n|-damage|p2a: Scizor|46\/100 brn|[from] brn\n|-damage|p1a: Toxapex|34\/100|[from] move: Sand Tomb|[partiallytrapped]\n|upkeep\n|turn|34\n|\n|t:|1656898110\n|move|p2a: Scizor|Roost|p2a: Scizor\n|-heal|p2a: Scizor|96\/100 brn\n|-singleturn|p2a: Scizor|move: Roost\n|move|p1a: Toxapex|Recover|p1a: Toxapex\n|-heal|p1a: Toxapex|84\/100\n|\n|-heal|p1a: Toxapex|91\/100|[from] item: Black Sludge\n|-damage|p2a: Scizor|90\/100 brn|[from] brn\n|-damage|p1a: Toxapex|78\/100|[from] move: Sand Tomb|[partiallytrapped]\n|upkeep\n|turn|35\n|\n|t:|1656898112\n|move|p2a: Scizor|Bullet Punch|p1a: Toxapex\n|-resisted|p1a: Toxapex\n|-damage|p1a: Toxapex|67\/100\n|move|p1a: Toxapex|Scald|p2a: Scizor\n|-damage|p2a: Scizor|73\/100 brn\n|\n|-heal|p1a: Toxapex|73\/100|[from] item: Black Sludge\n|-damage|p2a: Scizor|67\/100 brn|[from] brn\n|-damage|p1a: Toxapex|60\/100|[from] move: Sand Tomb|[partiallytrapped]\n|upkeep\n|turn|36\n|\n|t:|1656898116\n|move|p2a: Scizor|Bullet Punch|p1a: Toxapex\n|-resisted|p1a: Toxapex\n|-damage|p1a: Toxapex|50\/100\n|move|p1a: Toxapex|Scald|p2a: Scizor\n|-damage|p2a: Scizor|52\/100 brn\n|\n|-heal|p1a: Toxapex|56\/100|[from] item: Black Sludge\n|-damage|p2a: Scizor|46\/100 brn|[from] brn\n|-damage|p1a: Toxapex|44\/100|[from] move: Sand Tomb|[partiallytrapped]\n|upkeep\n|turn|37\n|\n|t:|1656898122\n|move|p2a: Scizor|Roost|p2a: Scizor\n|-heal|p2a: Scizor|96\/100 brn\n|-singleturn|p2a: Scizor|move: Roost\n|move|p1a: Toxapex|Recover|p1a: Toxapex\n|-heal|p1a: Toxapex|94\/100\n|\n|-heal|p1a: Toxapex|99\/100|[from] item: Black Sludge\n|-damage|p2a: Scizor|90\/100 brn|[from] brn\n|-damage|p1a: Toxapex|88\/100|[from] move: Sand Tomb|[partiallytrapped]\n|upkeep\n|turn|38\n|\n|t:|1656898124\n|move|p2a: Scizor|Bullet Punch|p1a: Toxapex\n|-resisted|p1a: Toxapex\n|-damage|p1a: Toxapex|77\/100\n|move|p1a: Toxapex|Scald|p2a: Scizor\n|-damage|p2a: Scizor|71\/100 brn\n|\n|-heal|p1a: Toxapex|83\/100|[from] item: Black Sludge\n|-damage|p2a: Scizor|65\/100 brn|[from] brn\n|-end|p1a: Toxapex|Sand Tomb|[partiallytrapped]\n|upkeep\n|turn|39\n|\n|t:|1656898130\n|move|p2a: Scizor|Sand Tomb|p1a: Toxapex\n|-supereffective|p1a: Toxapex\n|-damage|p1a: Toxapex|59\/100\n|-activate|p1a: Toxapex|move: Sand Tomb|[of] p2a: Scizor\n|move|p1a: Toxapex|Scald|p2a: Scizor\n|-damage|p2a: Scizor|48\/100 brn\n|\n|-heal|p1a: Toxapex|65\/100|[from] item: Black Sludge\n|-damage|p2a: Scizor|42\/100 brn|[from] brn\n|-damage|p1a: Toxapex|53\/100|[from] move: Sand Tomb|[partiallytrapped]\n|upkeep\n|turn|40\n|\n|t:|1656898133\n|move|p2a: Scizor|Bullet Punch|p1a: Toxapex\n|-resisted|p1a: Toxapex\n|-damage|p1a: Toxapex|41\/100\n|move|p1a: Toxapex|Recover|p1a: Toxapex\n|-heal|p1a: Toxapex|91\/100\n|\n|-heal|p1a: Toxapex|98\/100|[from] item: Black Sludge\n|-damage|p2a: Scizor|35\/100 brn|[from] brn\n|-damage|p1a: Toxapex|85\/100|[from] move: Sand Tomb|[partiallytrapped]\n|upkeep\n|turn|41\n|\n|t:|1656898137\n|move|p2a: Scizor|Roost|p2a: Scizor\n|-heal|p2a: Scizor|86\/100 brn\n|-singleturn|p2a: Scizor|move: Roost\n|move|p1a: Toxapex|Scald|p2a: Scizor\n|-damage|p2a: Scizor|69\/100 brn\n|\n|-heal|p1a: Toxapex|91\/100|[from] item: Black Sludge\n|-damage|p2a: Scizor|63\/100 brn|[from] brn\n|-damage|p1a: Toxapex|79\/100|[from] move: Sand Tomb|[partiallytrapped]\n|upkeep\n|turn|42\n|\n|t:|1656898142\n|move|p2a: Scizor|Bullet Punch|p1a: Toxapex\n|-resisted|p1a: Toxapex\n|-damage|p1a: Toxapex|69\/100\n|move|p1a: Toxapex|Recover|p1a: Toxapex\n|-heal|p1a: Toxapex|100\/100\n|\n|-damage|p2a: Scizor|56\/100 brn|[from] brn\n|-damage|p1a: Toxapex|88\/100|[from] move: Sand Tomb|[partiallytrapped]\n|upkeep\n|turn|43\n|\n|t:|1656898146\n|move|p2a: Scizor|Bullet Punch|p1a: Toxapex\n|-resisted|p1a: Toxapex\n|-damage|p1a: Toxapex|77\/100\n|move|p1a: Toxapex|Scald|p2a: Scizor\n|-damage|p2a: Scizor|41\/100 brn\n|\n|-heal|p1a: Toxapex|83\/100|[from] item: Black Sludge\n|-damage|p2a: Scizor|35\/100 brn|[from] brn\n|-damage|p1a: Toxapex|70\/100|[from] move: Sand Tomb|[partiallytrapped]\n|upkeep\n|turn|44\n|\n|t:|1656898150\n|move|p2a: Scizor|Roost|p2a: Scizor\n|-heal|p2a: Scizor|85\/100 brn\n|-singleturn|p2a: Scizor|move: Roost\n|move|p1a: Toxapex|Scald|p2a: Scizor\n|-damage|p2a: Scizor|68\/100 brn\n|\n|-heal|p1a: Toxapex|77\/100|[from] item: Black Sludge\n|-damage|p2a: Scizor|62\/100 brn|[from] brn\n|-end|p1a: Toxapex|Sand Tomb|[partiallytrapped]\n|upkeep\n|turn|45\n|\n|t:|1656898153\n|switch|p1a: Hippowdon|Hippowdon, F|100\/100\n|-damage|p1a: Hippowdon|88\/100|[from] Spikes\n|-weather|Sandstorm|[from] ability: Sand Stream|[of] p1a: Hippowdon\n|move|p2a: Scizor|Bullet Punch|p1a: Hippowdon\n|-damage|p1a: Hippowdon|52\/100\n|\n|-weather|Sandstorm|[upkeep]\n|-damage|p2a: Scizor|56\/100 brn|[from] brn\n|upkeep\n|turn|46\n|\n|t:|1656898157\n|move|p2a: Scizor|Sand Tomb|p1a: Hippowdon\n|-damage|p1a: Hippowdon|31\/100\n|-activate|p1a: Hippowdon|move: Sand Tomb|[of] p2a: Scizor\n|move|p1a: Hippowdon|Slack Off|p1a: Hippowdon\n|-heal|p1a: Hippowdon|81\/100\n|\n|-weather|Sandstorm|[upkeep]\n|-damage|p2a: Scizor|50\/100 brn|[from] brn\n|-damage|p1a: Hippowdon|69\/100|[from] move: Sand Tomb|[partiallytrapped]\n|upkeep\n|turn|47\n|\n|t:|1656898159\n|move|p2a: Scizor|Roost|p2a: Scizor\n|-heal|p2a: Scizor|99\/100 brn\n|-singleturn|p2a: Scizor|move: Roost\n|move|p1a: Hippowdon|Slack Off|p1a: Hippowdon\n|-heal|p1a: Hippowdon|100\/100\n|\n|-weather|Sandstorm|[upkeep]\n|-damage|p2a: Scizor|94\/100 brn|[from] brn\n|-damage|p1a: Hippowdon|88\/100|[from] move: Sand Tomb|[partiallytrapped]\n|upkeep\n|turn|48\n|\n|t:|1656898164\n|move|p2a: Scizor|Bullet Punch|p1a: Hippowdon\n|-damage|p1a: Hippowdon|56\/100\n|move|p1a: Hippowdon|Stealth Rock|p2a: Scizor\n|-sidestart|p2: NDLT3PXS 2011|move: Stealth Rock\n|\n|-weather|Sandstorm|[upkeep]\n|-damage|p2a: Scizor|88\/100 brn|[from] brn\n|-damage|p1a: Hippowdon|43\/100|[from] move: Sand Tomb|[partiallytrapped]\n|upkeep\n|turn|49\n|\n|t:|1656898174\n|move|p2a: Scizor|Bullet Punch|p1a: Hippowdon\n|-damage|p1a: Hippowdon|6\/100\n|move|p1a: Hippowdon|Slack Off|p1a: Hippowdon\n|-heal|p1a: Hippowdon|56\/100\n|\n|-weather|Sandstorm|[upkeep]\n|-damage|p2a: Scizor|82\/100 brn|[from] brn\n|-damage|p1a: Hippowdon|44\/100|[from] move: Sand Tomb|[partiallytrapped]\n|upkeep\n|turn|50\n|\n|t:|1656898176\n|move|p2a: Scizor|Bullet Punch|p1a: Hippowdon\n|-damage|p1a: Hippowdon|12\/100\n|move|p1a: Hippowdon|Slack Off|p1a: Hippowdon\n|-heal|p1a: Hippowdon|62\/100\n|\n|-weather|Sandstorm|[upkeep]\n|-damage|p2a: Scizor|76\/100 brn|[from] brn\n|-end|p1a: Hippowdon|Sand Tomb|[partiallytrapped]\n|upkeep\n|turn|51\n|\n|t:|1656898179\n|move|p2a: Scizor|Sand Tomb|p1a: Hippowdon\n|-damage|p1a: Hippowdon|42\/100\n|-activate|p1a: Hippowdon|move: Sand Tomb|[of] p2a: Scizor\n|move|p1a: Hippowdon|Slack Off|p1a: Hippowdon\n|-heal|p1a: Hippowdon|92\/100\n|\n|-weather|Sandstorm|[upkeep]\n|-damage|p2a: Scizor|70\/100 brn|[from] brn\n|-damage|p1a: Hippowdon|80\/100|[from] move: Sand Tomb|[partiallytrapped]\n|upkeep\n|turn|52\n|\n|t:|1656898182\n|move|p2a: Scizor|Bullet Punch|p1a: Hippowdon\n|-damage|p1a: Hippowdon|43\/100\n|move|p1a: Hippowdon|Whirlwind|p2a: Scizor\n|drag|p2a: Magnezone|Magnezone|34\/100\n|-damage|p2a: Magnezone|28\/100|[from] Stealth Rock\n|\n|-weather|none\n|-end|p1a: Hippowdon|Sand Tomb|[partiallytrapped]|[silent]\n|upkeep\n|turn|53\n|\n|t:|1656898194\n|switch|p2a: Landorus|Landorus-Therian, M|79\/100\n|-damage|p2a: Landorus|67\/100|[from] Stealth Rock\n|-ability|p2a: Landorus|Intimidate|boost\n|-unboost|p1a: Hippowdon|atk|1\n|switch|p1a: Toxapex|Toxapex, F|100\/100\n|-damage|p1a: Toxapex|88\/100|[from] Spikes\n|\n|-heal|p1a: Toxapex|94\/100|[from] item: Black Sludge\n|upkeep\n|turn|54\n|\n|t:|1656898203\n|move|p2a: Landorus|U-turn|p1a: Toxapex\n|-resisted|p1a: Toxapex\n|-crit|p1a: Toxapex\n|-damage|p1a: Toxapex|81\/100\n|\n|t:|1656898233\n|switch|p2a: Scizor|Scizor-Mega, F|70\/100 brn|[from]move: U-turn\n|-damage|p2a: Scizor|57\/100 brn|[from] Stealth Rock\n|move|p1a: Toxapex|Scald|p2a: Scizor\n|-damage|p2a: Scizor|42\/100 brn\n|\n|-heal|p1a: Toxapex|87\/100|[from] item: Black Sludge\n|-damage|p2a: Scizor|36\/100 brn|[from] brn\n|upkeep\n|turn|55\n|\n|t:|1656898240\n|switch|p1a: Hippowdon|Hippowdon, F|43\/100\n|-damage|p1a: Hippowdon|31\/100|[from] Spikes\n|-weather|Sandstorm|[from] ability: Sand Stream|[of] p1a: Hippowdon\n|move|p2a: Scizor|Roost|p2a: Scizor\n|-heal|p2a: Scizor|86\/100 brn\n|-singleturn|p2a: Scizor|move: Roost\n|\n|-weather|Sandstorm|[upkeep]\n|-damage|p2a: Scizor|80\/100 brn|[from] brn\n|upkeep\n|turn|56\n|\n|t:|1656898253\n|switch|p2a: Landorus|Landorus-Therian, M|67\/100\n|-damage|p2a: Landorus|55\/100|[from] Stealth Rock\n|-ability|p2a: Landorus|Intimidate|boost\n|-unboost|p1a: Hippowdon|atk|1\n|move|p1a: Hippowdon|Slack Off|p1a: Hippowdon\n|-heal|p1a: Hippowdon|81\/100\n|\n|-weather|Sandstorm|[upkeep]\n|upkeep\n|turn|57\n|\n|t:|1656898256\n|move|p2a: Landorus|Stealth Rock|p1a: Hippowdon\n|-sidestart|p1: fishy8995|move: Stealth Rock\n|move|p1a: Hippowdon|Toxic|p2a: Landorus\n|-status|p2a: Landorus|tox\n|\n|-weather|Sandstorm|[upkeep]\n|-damage|p2a: Landorus|49\/100 tox|[from] psn\n|upkeep\n|turn|58\n|\n|t:|1656898282\n|move|p2a: Landorus|U-turn|p1a: Hippowdon\n|-damage|p1a: Hippowdon|69\/100\n|inactive|NDLT3PXS 2011 has 120 seconds left.\n|\n|t:|1656898300\n|switch|p2a: Scizor|Scizor-Mega, F|80\/100 brn|[from]move: U-turn\n|-damage|p2a: Scizor|68\/100 brn|[from] Stealth Rock\n|move|p1a: Hippowdon|Toxic||[still]\n|-fail|p1a: Hippowdon\n|\n|-weather|Sandstorm|[upkeep]\n|-damage|p2a: Scizor|62\/100 brn|[from] brn\n|upkeep\n|turn|59\n|\n|t:|1656898303\n|move|p2a: Scizor|Roost|p2a: Scizor\n|-heal|p2a: Scizor|100\/100 brn\n|-singleturn|p2a: Scizor|move: Roost\n|move|p1a: Hippowdon|Slack Off|p1a: Hippowdon\n|-heal|p1a: Hippowdon|100\/100\n|\n|-weather|Sandstorm|[upkeep]\n|-damage|p2a: Scizor|94\/100 brn|[from] brn\n|upkeep\n|turn|60\n|\n|t:|1656898310\n|move|p2a: Scizor|Swords Dance|p2a: Scizor\n|-boost|p2a: Scizor|atk|2\n|move|p1a: Hippowdon|Whirlwind|p2a: Scizor\n|drag|p2a: Greninja|Greninja, M|77\/100 tox\n|-damage|p2a: Greninja|64\/100 tox|[from] Stealth Rock\n|\n|-weather|Sandstorm|[upkeep]\n|-damage|p2a: Greninja|58\/100 tox|[from] Sandstorm\n|-damage|p2a: Greninja|52\/100 tox|[from] psn\n|upkeep\n|turn|61\n|\n|t:|1656898317\n|move|p2a: Greninja|Dark Pulse|p1a: Hippowdon\n|-damage|p1a: Hippowdon|42\/100\n|cant|p1a: Hippowdon|flinch\n|\n|-weather|Sandstorm|[upkeep]\n|-damage|p2a: Greninja|46\/100 tox|[from] Sandstorm\n|-damage|p2a: Greninja|35\/100 tox|[from] psn\n|upkeep\n|turn|62\n|\n|t:|1656898322\n|switch|p1a: Toxapex|Toxapex, F|100\/100\n|-damage|p1a: Toxapex|88\/100|[from] Spikes\n|-damage|p1a: Toxapex|76\/100|[from] Stealth Rock\n|move|p2a: Greninja|Dark Pulse|p1a: Toxapex\n|-damage|p1a: Toxapex|36\/100\n|\n|-weather|none\n|-heal|p1a: Toxapex|42\/100|[from] item: Black Sludge\n|-damage|p2a: Greninja|17\/100 tox|[from] psn\n|upkeep\n|turn|63\n|\n|t:|1656898327\n|switch|p1a: Hippowdon|Hippowdon, F|42\/100\n|-damage|p1a: Hippowdon|29\/100|[from] Spikes\n|-damage|p1a: Hippowdon|23\/100|[from] Stealth Rock\n|-weather|Sandstorm|[from] ability: Sand Stream|[of] p1a: Hippowdon\n|move|p2a: Greninja|Dark Pulse|p1a: Hippowdon\n|-damage|p1a: Hippowdon|0 fnt\n|faint|p1a: Hippowdon\n|-activate|p2a: Greninja|ability: Battle Bond\n|detailschange|p2a: Greninja|Greninja-Ash, M\n|\n|-weather|Sandstorm|[upkeep]\n|-damage|p2a: Greninja|11\/100 tox|[from] Sandstorm\n|-damage|p2a: Greninja|0 fnt|[from] psn\n|faint|p2a: Greninja\n|upkeep\n|\n|t:|1656898337\n|switch|p2a: Landorus|Landorus-Therian, M|49\/100 tox\n|switch|p1a: Yanmega|Yanmega, M|30\/100\n|-damage|p2a: Landorus|36\/100 tox|[from] Stealth Rock\n|-ability|p2a: Landorus|Intimidate|boost\n|-unboost|p1a: Yanmega|atk|1\n|turn|64\n|\n|t:|1656898350\n|move|p1a: Yanmega|Defog|p2a: Landorus\n|-unboost|p2a: Landorus|evasion|1\n|-sideend|p2: NDLT3PXS 2011|Stealth Rock|[from] move: Defog|[of] p1a: Yanmega\n|-sideend|p1: fishy8995|Spikes|[from] move: Defog|[of] p1a: Yanmega\n|-sideend|p1: fishy8995|Stealth Rock|[from] move: Defog|[of] p1a: Yanmega\n|move|p2a: Landorus|U-turn|p1a: Yanmega\n|-resisted|p1a: Yanmega\n|-damage|p1a: Yanmega|16\/100\n|\n|t:|1656898359\n|switch|p2a: Kyurem|Kyurem|100\/100|[from]move: U-turn\n|-ability|p2a: Kyurem|Pressure\n|\n|-weather|Sandstorm|[upkeep]\n|-damage|p1a: Yanmega|10\/100|[from] Sandstorm\n|-damage|p2a: Kyurem|94\/100|[from] Sandstorm\n|-ability|p1a: Yanmega|Speed Boost|boost\n|-boost|p1a: Yanmega|spe|1\n|upkeep\n|turn|65\n|\n|t:|1656898364\n|move|p1a: Yanmega|Bug Buzz|p2a: Kyurem\n|-damage|p2a: Kyurem|57\/100\n|move|p2a: Kyurem|Dragon Dance|p2a: Kyurem\n|-boost|p2a: Kyurem|atk|1\n|-boost|p2a: Kyurem|spe|1\n|\n|-weather|Sandstorm|[upkeep]\n|-damage|p1a: Yanmega|4\/100|[from] Sandstorm\n|-damage|p2a: Kyurem|50\/100|[from] Sandstorm\n|-ability|p1a: Yanmega|Speed Boost|boost\n|-boost|p1a: Yanmega|spe|1\n|upkeep\n|turn|66\n|\n|t:|1656898373\n|move|p1a: Yanmega|Bug Buzz|p2a: Kyurem\n|-damage|p2a: Kyurem|14\/100\n|move|p2a: Kyurem|Roost|p2a: Kyurem\n|-heal|p2a: Kyurem|64\/100\n|-singleturn|p2a: Kyurem|move: Roost\n|\n|-weather|Sandstorm|[upkeep]\n|-damage|p1a: Yanmega|0 fnt|[from] Sandstorm\n|-damage|p2a: Kyurem|58\/100|[from] Sandstorm\n|faint|p1a: Yanmega\n|upkeep\n|\n|t:|1656898375\n|switch|p1a: Excadrill|Excadrill, F|100\/100\n|turn|67\n|\n|t:|1656898401\n|move|p1a: Excadrill|Swords Dance|p1a: Excadrill\n|-boost|p1a: Excadrill|atk|2\n|move|p2a: Kyurem|Icicle Spear|p1a: Excadrill\n|-damage|p1a: Excadrill|71\/100\n|-damage|p1a: Excadrill|40\/100\n|-hitcount|p1a: Excadrill|2\n|\n|-weather|Sandstorm|[upkeep]\n|-damage|p2a: Kyurem|52\/100|[from] Sandstorm\n|upkeep\n|turn|68\n|inactive|NDLT3PXS 2011 has 120 seconds left.\n|\n|t:|1656898417\n|switch|p2a: Landorus|Landorus-Therian, M|36\/100 tox\n|-ability|p2a: Landorus|Intimidate|boost\n|-unboost|p1a: Excadrill|atk|1\n|move|p1a: Excadrill|Rock Slide|p2a: Landorus\n|-damage|p2a: Landorus|8\/100 tox\n|\n|-weather|Sandstorm|[upkeep]\n|-damage|p2a: Landorus|2\/100 tox|[from] psn\n|upkeep\n|turn|69\n|inactive|NDLT3PXS 2011 has 120 seconds left.\n|\n|t:|1656898443\n|switch|p2a: Scizor|Scizor-Mega, F|94\/100 brn\n|move|p1a: Excadrill|Rock Slide|p2a: Scizor\n|-damage|p2a: Scizor|59\/100 brn\n|\n|-weather|Sandstorm|[upkeep]\n|-damage|p2a: Scizor|53\/100 brn|[from] brn\n|upkeep\n|turn|70\n|\n|t:|1656898451\n|move|p1a: Excadrill|Swords Dance|p1a: Excadrill\n|-boost|p1a: Excadrill|atk|2\n|move|p2a: Scizor|Sand Tomb|p1a: Excadrill\n|-supereffective|p1a: Excadrill\n|-damage|p1a: Excadrill|14\/100\n|-activate|p1a: Excadrill|move: Sand Tomb|[of] p2a: Scizor\n|\n|-weather|none\n|-damage|p2a: Scizor|47\/100 brn|[from] brn\n|-damage|p1a: Excadrill|1\/100|[from] move: Sand Tomb|[partiallytrapped]\n|upkeep\n|turn|71\n|\n|t:|1656898455\n|move|p2a: Scizor|Bullet Punch|p1a: Excadrill\n|-resisted|p1a: Excadrill\n|-damage|p1a: Excadrill|0 fnt\n|faint|p1a: Excadrill\n|\n|-damage|p2a: Scizor|41\/100 brn|[from] brn\n|upkeep\n|\n|t:|1656898457\n|switch|p1a: Dracozolt|Dracozolt|100\/100\n|turn|72\n|\n|t:|1656898471\n|switch|p2a: Landorus|Landorus-Therian, M|2\/100 tox\n|-ability|p2a: Landorus|Intimidate|boost\n|-unboost|p1a: Dracozolt|atk|1\n|move|p1a: Dracozolt|Fire Blast|p2a: Landorus|[miss]\n|-miss|p1a: Dracozolt|p2a: Landorus\n|\n|-damage|p2a: Landorus|0 fnt|[from] psn\n|faint|p2a: Landorus\n|upkeep\n|\n|t:|1656898482\n|switch|p2a: Magnezone|Magnezone|28\/100\n|turn|73\n|\n|t:|1656898489\n|move|p2a: Magnezone|Volt Switch|p1a: Dracozolt\n|-resisted|p1a: Dracozolt\n|-damage|p1a: Dracozolt|86\/100\n|\n|t:|1656898490\n|switch|p2a: Scizor|Scizor-Mega, F|41\/100 brn|[from]move: Volt Switch\n|move|p1a: Dracozolt|Earthquake|p2a: Scizor\n|-damage|p2a: Scizor|21\/100 brn\n|-damage|p1a: Dracozolt|76\/100|[from] item: Life Orb\n|\n|-damage|p2a: Scizor|15\/100 brn|[from] brn\n|upkeep\n|turn|74\n|\n|t:|1656898502\n|move|p1a: Dracozolt|Dragon Claw|p2a: Scizor\n|-resisted|p2a: Scizor\n|-damage|p2a: Scizor|3\/100 brn\n|-damage|p1a: Dracozolt|66\/100|[from] item: Life Orb\n|move|p2a: Scizor|Sand Tomb|p1a: Dracozolt\n|-supereffective|p1a: Dracozolt\n|-damage|p1a: Dracozolt|45\/100\n|-activate|p1a: Dracozolt|move: Sand Tomb|[of] p2a: Scizor\n|\n|-damage|p2a: Scizor|0 fnt|[from] brn\n|faint|p2a: Scizor\n|-end|p1a: Dracozolt|Sand Tomb|[partiallytrapped]|[silent]\n|upkeep\n|\n|t:|1656898505\n|switch|p2a: Nihilego|Nihilego|100\/100\n|turn|75\n|\n|t:|1656898510\n|move|p2a: Nihilego|Dazzling Gleam|p1a: Dracozolt\n|-supereffective|p1a: Dracozolt\n|-damage|p1a: Dracozolt|0 fnt\n|faint|p1a: Dracozolt\n|-ability|p2a: Nihilego|Beast Boost|boost\n|-boost|p2a: Nihilego|spe|1\n|\n|upkeep\n|\n|t:|1656898511\n|switch|p1a: Toxapex|Toxapex, F|75\/100\n|turn|76\n|\n|t:|1656898516\n|move|p2a: Nihilego|Meteor Beam||[still]\n|-prepare|p2a: Nihilego|Meteor Beam\n|-boost|p2a: Nihilego|spa|1\n|-enditem|p2a: Nihilego|Power Herb\n|-anim|p2a: Nihilego|Meteor Beam|p1a: Toxapex\n|-damage|p1a: Toxapex|10\/100\n|move|p1a: Toxapex|Stockpile|p1a: Toxapex\n|-start|p1a: Toxapex|stockpile1\n|-boost|p1a: Toxapex|def|1\n|-boost|p1a: Toxapex|spd|1\n|\n|-heal|p1a: Toxapex|16\/100|[from] item: Black Sludge\n|upkeep\n|turn|77\n|\n|t:|1656898518\n|move|p2a: Nihilego|Thunderbolt|p1a: Toxapex\n|-supereffective|p1a: Toxapex\n|-damage|p1a: Toxapex|0 fnt\n|faint|p1a: Toxapex\n|\n|win|NDLT3PXS 2011\n|raw|fishy8995's rating: 1723 &rarr; <strong>1715<\/strong><br \/>(-8 for losing)\n|raw|NDLT3PXS 2011's rating: 1968 &rarr; <strong>1976<\/strong><br \/>(+8 for winning)\n|l|\u2606NDLT3PXS 2011\n||Ladder isn't responding, score probably updated but might not have (Request timeout).\n|l|\u2606fishy8995\n","uploadtime":1656898561,"views":101,"p1id":"fishy8995","p2id":"ndlt3pxs2011","formatid":"gen8nationaldex","rating":1715,"private":0,"password":null}