{"id":"gen8ou-1594411054","p1":"Undercoverdiglet","p2":"Del chef","format":"gen8ou","log":"|j|\u2606Undercoverdiglet\n|j|\u2606Del chef\n|t:|1654998707\n|gametype|singles\n|player|p1|Undercoverdiglet|101|1639\n|player|p2|Del chef|bugcatcher-gen4dp|1731\n|teamsize|p1|6\n|teamsize|p2|6\n|gen|8\n|tier|[Gen 8] OU\n|rated|\n|rule|Sleep Clause Mod: Limit one foe put to sleep\n|rule|Species Clause: Limit one of each Pok\u00e9mon\n|rule|OHKO Clause: OHKO moves are banned\n|rule|Evasion Moves Clause: Evasion moves are banned\n|rule|Endless Battle Clause: Forcing endless battles is banned\n|rule|HP Percentage Mod: HP is shown in percentages\n|rule|Dynamax Clause: You cannot dynamax\n|clearpoke\n|poke|p1|Zoroark, F|\n|poke|p1|Slowbro, F|\n|poke|p1|Tornadus-Therian, M|\n|poke|p1|Mamoswine, F|\n|poke|p1|Heatran, M|\n|poke|p1|Regieleki|\n|poke|p2|Bisharp, M|\n|poke|p2|Tapu Bulu|\n|poke|p2|Heatran, F|\n|poke|p2|Corviknight, M|\n|poke|p2|Slowking-Galar, F|\n|poke|p2|Dragapult, M|\n|teampreview\n|j| NOslowly\n|j| tachyon paradox\n|inactive|Battle timer is ON: inactive players will automatically lose when time's up. (requested by Del chef)\n|inactive|Undercoverdiglet has 120 seconds left.\n|inactive|Undercoverdiglet has 90 seconds left.\n|inactive|Undercoverdiglet has 60 seconds left.\n|\n|t:|1654998883\n|start\n|switch|p1a: Tornadus|Tornadus-Therian, M|100\/100\n|switch|p2a: Tapu Bulu|Tapu Bulu|100\/100\n|-fieldstart|move: Grassy Terrain|[from] ability: Grassy Surge|[of] p2a: Tapu Bulu\n|turn|1\n|inactive|Undercoverdiglet has 120 seconds left.\n|l|tachyonparadox\n|j| TeambuildTester222\n|\n|t:|1654998920\n|switch|p2a: Heatran|Heatran, F|100\/100\n|move|p1a: Tornadus|Knock Off|p2a: Heatran\n|-damage|p2a: Heatran|82\/100\n|-enditem|p2a: Heatran|Leftovers|[from] move: Knock Off|[of] p1a: Tornadus\n|\n|-heal|p2a: Heatran|88\/100|[from] Grassy Terrain\n|upkeep\n|turn|2\n|\n|t:|1654998926\n|move|p1a: Tornadus|U-turn|p2a: Heatran\n|-resisted|p2a: Heatran\n|-damage|p2a: Heatran|85\/100\n|\n|t:|1654998928\n|switch|p1a: Slowbro|Slowbro, F|100\/100|[from]move: U-turn\n|move|p2a: Heatran|Stealth Rock|p1a: Slowbro\n|-sidestart|p1: Undercoverdiglet|move: Stealth Rock\n|\n|-heal|p2a: Heatran|91\/100|[from] Grassy Terrain\n|upkeep\n|turn|3\n|j| wcdmod\n|\n|t:|1654998947\n|switch|p2a: Slowking|Slowking-Galar, F|100\/100\n|move|p1a: Slowbro|Teleport|p1a: Slowbro\n|inactive|Undercoverdiglet has 90 seconds left.\n|\n|t:|1654998979\n|switch|p1a: Heatran|Heatran, M|100\/100|[from]move: Teleport\n|-damage|p1a: Heatran|88\/100|[from] Stealth Rock\n|\n|-heal|p1a: Heatran|94\/100|[from] Grassy Terrain\n|-heal|p1a: Heatran|100\/100|[from] item: Leftovers\n|upkeep\n|turn|4\n|inactive|Undercoverdiglet has 90 seconds left.\n|\n|t:|1654998991\n|move|p1a: Heatran|Stealth Rock|p2a: Slowking\n|-sidestart|p2: Del chef|move: Stealth Rock\n|move|p2a: Slowking|Scald|p1a: Heatran\n|-supereffective|p1a: Heatran\n|-damage|p1a: Heatran|74\/100\n|\n|-heal|p1a: Heatran|80\/100|[from] Grassy Terrain\n|-heal|p1a: Heatran|87\/100|[from] item: Leftovers\n|upkeep\n|turn|5\n|\n|t:|1654999000\n|switch|p1a: Slowbro|Slowbro, F|100\/100\n|-damage|p1a: Slowbro|88\/100|[from] Stealth Rock\n|move|p2a: Slowking|Scald|p1a: Slowbro\n|-resisted|p1a: Slowbro\n|-damage|p1a: Slowbro|77\/100\n|\n|-heal|p1a: Slowbro|83\/100|[from] Grassy Terrain\n|-fieldend|move: Grassy Terrain\n|upkeep\n|turn|6\n|\n|t:|1654999009\n|move|p2a: Slowking|Sludge Bomb|p1a: Slowbro\n|-damage|p1a: Slowbro|46\/100\n|-status|p1a: Slowbro|psn\n|move|p1a: Slowbro|Future Sight|p2a: Slowking\n|-start|p1a: Slowbro|move: Future Sight\n|\n|-damage|p1a: Slowbro|33\/100 psn|[from] psn\n|upkeep\n|turn|7\n|inactive|Undercoverdiglet has 90 seconds left.\n|\n|t:|1654999030\n|move|p2a: Slowking|Sludge Bomb|p1a: Slowbro\n|-damage|p1a: Slowbro|0 fnt\n|faint|p1a: Slowbro\n|\n|upkeep\n|\n|t:|1654999034\n|switch|p1a: Mamoswine|Mamoswine, F|100\/100\n|-damage|p1a: Mamoswine|88\/100|[from] Stealth Rock\n|turn|8\n|\n|t:|1654999039\n|switch|p2a: Corviknight|Corviknight, M|100\/100\n|-damage|p2a: Corviknight|88\/100|[from] Stealth Rock\n|-ability|p2a: Corviknight|Pressure\n|move|p1a: Mamoswine|Dark Pulse|p2a: Corviknight\n|-damage|p2a: Corviknight|37\/100\n|\n|-end|p2a: Corviknight|move: Future Sight\n|-resisted|p2a: Corviknight\n|-damage|p2a: Corviknight|19\/100\n|-heal|p2a: Corviknight|25\/100|[from] item: Leftovers\n|upkeep\n|turn|9\n|\n|t:|1654999056\n|move|p1a: Mamoswine|Dark Pulse|p2a: Corviknight\n|-damage|p2a: Corviknight|0 fnt\n|faint|p2a: Corviknight\n|\n|upkeep\n|inactive|Del chef has 120 seconds left.\n|\n|t:|1654999080\n|switch|p2a: Bisharp|Bisharp, M|100\/100\n|-damage|p2a: Bisharp|95\/100|[from] Stealth Rock\n|turn|10\n|inactive|Undercoverdiglet has 120 seconds left.\n|\n|t:|1654999088\n|move|p1a: Mamoswine|Dark Pulse|p2a: Bisharp\n|-resisted|p2a: Bisharp\n|-damage|p2a: Bisharp|48\/100\n|cant|p2a: Bisharp|flinch\n|\n|upkeep\n|turn|11\n|\n|t:|1654999094\n|move|p1a: Mamoswine|Dark Pulse|p2a: Bisharp\n|-resisted|p2a: Bisharp\n|-crit|p2a: Bisharp\n|-damage|p2a: Bisharp|0 fnt\n|faint|p2a: Bisharp\n|\n|upkeep\n|c|\u2606Del chef|bruh\n|j| CB Bhris Breezy\n|\n|t:|1654999108\n|switch|p2a: Dragapult|Dragapult, M|100\/100\n|-damage|p2a: Dragapult|88\/100|[from] Stealth Rock\n|turn|12\n|\n|t:|1654999117\n|switch|p1a: Heatran|Heatran, M|87\/100\n|-damage|p1a: Heatran|74\/100|[from] Stealth Rock\n|move|p2a: Dragapult|Dragon Darts|p1a: Heatran\n|-resisted|p1a: Heatran\n|-damage|p1a: Heatran|62\/100\n|-anim|p2a: Dragapult|Dragon Darts|p1a: Heatran\n|-resisted|p1a: Heatran\n|-damage|p1a: Heatran|51\/100\n|\n|-heal|p1a: Heatran|57\/100|[from] item: Leftovers\n|upkeep\n|turn|13\n|\n|t:|1654999146\n|switch|p2a: Heatran|Heatran, F|91\/100\n|-damage|p2a: Heatran|79\/100|[from] Stealth Rock\n|move|p1a: Heatran|Magma Storm|p2a: Heatran\n|-start|p2a: Heatran|ability: Flash Fire\n|\n|-heal|p1a: Heatran|63\/100|[from] item: Leftovers\n|upkeep\n|turn|14\n|\n|t:|1654999159\n|switch|p1a: Mamoswine|Mamoswine, F|88\/100\n|-damage|p1a: Mamoswine|76\/100|[from] Stealth Rock\n|move|p2a: Heatran|Dragon Pulse|p1a: Mamoswine\n|-damage|p1a: Mamoswine|31\/100\n|replace|p1a: Zoroark|Zoroark, F, shiny\n|-end|p1a: Zoroark|Illusion\n|\n|upkeep\n|turn|15\n|\n|t:|1654999167\n|move|p1a: Zoroark|Dark Pulse|p2a: Heatran\n|-damage|p2a: Heatran|42\/100\n|move|p2a: Heatran|Dragon Pulse|p1a: Zoroark\n|-damage|p1a: Zoroark|0 fnt\n|faint|p1a: Zoroark\n|\n|upkeep\n|\n|t:|1654999172\n|switch|p1a: Mamoswine|Mamoswine, F|100\/100\n|-damage|p1a: Mamoswine|88\/100|[from] Stealth Rock\n|turn|16\n|\n|t:|1654999178\n|move|p1a: Mamoswine|Earthquake|p2a: Heatran\n|-supereffective|p2a: Heatran\n|-damage|p2a: Heatran|0 fnt\n|faint|p2a: Heatran\n|-damage|p1a: Mamoswine|78\/100|[from] item: Life Orb\n|\n|upkeep\n|\n|t:|1654999181\n|switch|p2a: Tapu Bulu|Tapu Bulu|100\/100\n|-damage|p2a: Tapu Bulu|88\/100|[from] Stealth Rock\n|-fieldstart|move: Grassy Terrain|[from] ability: Grassy Surge|[of] p2a: Tapu Bulu\n|turn|17\n|\n|t:|1654999187\n|switch|p1a: Regieleki|Regieleki, shiny|100\/100\n|move|p2a: Tapu Bulu|Horn Leech|p1a: Regieleki\n|-damage|p1a: Regieleki|0 fnt\n|-heal|p2a: Tapu Bulu|100\/100|[from] drain|[of] p1a: Regieleki\n|faint|p1a: Regieleki\n|-damage|p2a: Tapu Bulu|91\/100|[from] item: Life Orb\n|\n|-heal|p2a: Tapu Bulu|97\/100|[from] Grassy Terrain\n|upkeep\n|\n|t:|1654999192\n|switch|p1a: Tornadus|Tornadus-Therian, M|100\/100\n|turn|18\n|\n|t:|1654999196\n|switch|p2a: Slowking|Slowking-Galar, F|100\/100\n|-damage|p2a: Slowking|88\/100|[from] Stealth Rock\n|move|p1a: Tornadus|Hurricane|p2a: Slowking\n|-damage|p2a: Slowking|71\/100\n|\n|-heal|p2a: Slowking|77\/100|[from] Grassy Terrain\n|upkeep\n|turn|19\n|\n|t:|1654999206\n|move|p1a: Tornadus|Knock Off|p2a: Slowking\n|-supereffective|p2a: Slowking\n|-damage|p2a: Slowking|35\/100\n|-enditem|p2a: Slowking|Assault Vest|[from] move: Knock Off|[of] p1a: Tornadus\n|move|p2a: Slowking|Scald|p1a: Tornadus\n|-damage|p1a: Tornadus|81\/100\n|-status|p1a: Tornadus|brn\n|\n|-heal|p2a: Slowking|41\/100|[from] Grassy Terrain\n|-damage|p1a: Tornadus|75\/100 brn|[from] brn\n|upkeep\n|turn|20\n|\n|t:|1654999213\n|move|p1a: Tornadus|U-turn|p2a: Slowking\n|-damage|p2a: Slowking|35\/100\n|\n|t:|1654999215\n|switch|p1a: Heatran|Heatran, M|63\/100|[from]move: U-turn\n|-damage|p1a: Heatran|51\/100|[from] Stealth Rock\n|move|p2a: Slowking|Future Sight|p1a: Heatran\n|-start|p2a: Slowking|move: Future Sight\n|\n|-heal|p1a: Heatran|57\/100|[from] Grassy Terrain\n|-heal|p1a: Heatran|63\/100|[from] item: Leftovers\n|-heal|p2a: Slowking|41\/100|[from] Grassy Terrain\n|upkeep\n|turn|21\n|\n|t:|1654999221\n|move|p1a: Heatran|Magma Storm|p2a: Slowking\n|-damage|p2a: Slowking|14\/100\n|-activate|p2a: Slowking|move: Magma Storm|[of] p1a: Heatran\n|move|p2a: Slowking|Scald|p1a: Heatran\n|-supereffective|p1a: Heatran\n|-damage|p1a: Heatran|34\/100\n|\n|-heal|p1a: Heatran|40\/100|[from] Grassy Terrain\n|-heal|p1a: Heatran|47\/100|[from] item: Leftovers\n|-heal|p2a: Slowking|21\/100|[from] Grassy Terrain\n|-damage|p2a: Slowking|8\/100|[from] move: Magma Storm|[partiallytrapped]\n|-fieldend|move: Grassy Terrain\n|upkeep\n|turn|22\n|\n|t:|1654999234\n|move|p1a: Heatran|Magma Storm|p2a: Slowking\n|-damage|p2a: Slowking|0 fnt\n|faint|p2a: Slowking\n|\n|-end|p1a: Heatran|move: Future Sight\n|-resisted|p1a: Heatran\n|-damage|p1a: Heatran|30\/100\n|-heal|p1a: Heatran|36\/100|[from] item: Leftovers\n|upkeep\n|\n|t:|1654999237\n|switch|p2a: Dragapult|Dragapult, M|88\/100\n|-damage|p2a: Dragapult|76\/100|[from] Stealth Rock\n|turn|23\n|\n|t:|1654999245\n|move|p2a: Dragapult|Phantom Force||[still]\n|-prepare|p2a: Dragapult|Phantom Force\n|-enditem|p2a: Dragapult|Power Herb\n|-anim|p2a: Dragapult|Phantom Force|p1a: Heatran\n|-damage|p1a: Heatran|0 fnt\n|faint|p1a: Heatran\n|\n|upkeep\n|\n|t:|1654999253\n|switch|p1a: Mamoswine|Mamoswine, F|78\/100\n|-damage|p1a: Mamoswine|66\/100|[from] Stealth Rock\n|turn|24\n|\n|t:|1654999258\n|move|p1a: Mamoswine|Ice Shard|p2a: Dragapult\n|-supereffective|p2a: Dragapult\n|-damage|p2a: Dragapult|0 fnt\n|faint|p2a: Dragapult\n|-damage|p1a: Mamoswine|56\/100|[from] item: Life Orb\n|\n|upkeep\n|\n|t:|1654999260\n|switch|p2a: Tapu Bulu|Tapu Bulu|97\/100\n|-damage|p2a: Tapu Bulu|84\/100|[from] Stealth Rock\n|-fieldstart|move: Grassy Terrain|[from] ability: Grassy Surge|[of] p2a: Tapu Bulu\n|turn|25\n|\n|t:|1654999265\n|move|p1a: Mamoswine|Ice Shard|p2a: Tapu Bulu\n|-supereffective|p2a: Tapu Bulu\n|-damage|p2a: Tapu Bulu|23\/100\n|-damage|p1a: Mamoswine|46\/100|[from] item: Life Orb\n|move|p2a: Tapu Bulu|Horn Leech|p1a: Mamoswine\n|-supereffective|p1a: Mamoswine\n|-crit|p1a: Mamoswine\n|-damage|p1a: Mamoswine|0 fnt\n|-heal|p2a: Tapu Bulu|52\/100|[from] drain|[of] p1a: Mamoswine\n|faint|p1a: Mamoswine\n|-damage|p2a: Tapu Bulu|42\/100|[from] item: Life Orb\n|\n|-heal|p2a: Tapu Bulu|48\/100|[from] Grassy Terrain\n|upkeep\n|\n|t:|1654999268\n|switch|p1a: Tornadus|Tornadus-Therian, M|100\/100 brn\n|turn|26\n|\n|t:|1654999270\n|move|p1a: Tornadus|Hurricane|p2a: Tapu Bulu|[miss]\n|-miss|p1a: Tornadus|p2a: Tapu Bulu\n|move|p2a: Tapu Bulu|Stone Edge|p1a: Tornadus\n|-supereffective|p1a: Tornadus\n|-crit|p1a: Tornadus\n|-damage|p1a: Tornadus|0 fnt\n|faint|p1a: Tornadus\n|-damage|p2a: Tapu Bulu|38\/100|[from] item: Life Orb\n|\n|win|Del chef\n|raw|Undercoverdiglet's rating: 1639 &rarr; <strong>1624<\/strong><br \/>(-15 for losing)\n|raw|Del chef's rating: 1731 &rarr; <strong>1746<\/strong><br \/>(+15 for winning)\n|c|\u2606Del chef|sheees\n","uploadtime":1654999290,"views":10,"p1id":"undercoverdiglet","p2id":"delchef","formatid":"gen8ou","rating":1624,"private":0,"password":null}