{"id":"gen8ou-1682016101","p1":"cows123p","p2":"fresun","format":"gen8ou","log":"|j|\u2606cows123p\n|j|\u2606fresun\n|t:|1665377482\n|gametype|singles\n|player|p1|cows123p|twins-gen4dp|1530\n|player|p2|fresun|caitlin|1536\n|teamsize|p1|6\n|teamsize|p2|6\n|gen|8\n|tier|[Gen 8] OU\n|rated|\n|rule|Sleep Clause Mod: Limit one foe put to sleep\n|rule|Species Clause: Limit one of each Pok\u00e9mon\n|rule|OHKO Clause: OHKO moves are banned\n|rule|Evasion Items Clause: Evasion items are banned\n|rule|Evasion Moves Clause: Evasion moves are banned\n|rule|Endless Battle Clause: Forcing endless battles is banned\n|rule|HP Percentage Mod: HP is shown in percentages\n|rule|Dynamax Clause: You cannot dynamax\n|clearpoke\n|poke|p1|Azelf|\n|poke|p1|Garchomp, F|\n|poke|p1|Tapu Lele|\n|poke|p1|Dragapult, M|\n|poke|p1|Urshifu-*, M|\n|poke|p1|Magnezone|\n|poke|p2|Shuckle, M|\n|poke|p2|Nidoking, M|\n|poke|p2|Dragapult, F|\n|poke|p2|Bisharp, M|\n|poke|p2|Kartana|\n|poke|p2|Blaziken, F|\n|teampreview\n|\n|t:|1665377491\n|start\n|switch|p1a: Azelf|Azelf|100\/100\n|switch|p2a: Shuckle|Shuckle, M|100\/100\n|turn|1\n|\n|t:|1665377496\n|move|p1a: Azelf|Taunt|p2a: Shuckle\n|-start|p2a: Shuckle|move: Taunt\n|-enditem|p2a: Shuckle|Mental Herb\n|-end|p2a: Shuckle|move: Taunt\n|move|p2a: Shuckle|Sticky Web|p1a: Azelf\n|-sidestart|p1: cows123p|move: Sticky Web\n|\n|upkeep\n|turn|2\n|\n|t:|1665377504\n|switch|p2a: Dragapult|Dragapult, F|100\/100\n|move|p1a: Azelf|Taunt|p2a: Dragapult\n|-start|p2a: Dragapult|move: Taunt\n|\n|upkeep\n|turn|3\n|\n|t:|1665377509\n|move|p2a: Dragapult|Shadow Ball|p1a: Azelf\n|-supereffective|p1a: Azelf\n|-enditem|p1a: Azelf|Focus Sash\n|-damage|p1a: Azelf|1\/100\n|move|p1a: Azelf|Stealth Rock|p2a: Dragapult\n|-sidestart|p2: fresun|move: Stealth Rock\n|\n|upkeep\n|turn|4\n|\n|t:|1665377515\n|move|p2a: Dragapult|Shadow Ball|p1a: Azelf\n|-supereffective|p1a: Azelf\n|-damage|p1a: Azelf|0 fnt\n|faint|p1a: Azelf\n|\n|-end|p2a: Dragapult|move: Taunt\n|upkeep\n|\n|t:|1665377521\n|switch|p1a: Garchomp|Garchomp, F|100\/100\n|-activate|p1a: Garchomp|move: Sticky Web\n|-unboost|p1a: Garchomp|spe|1\n|turn|5\n|\n|t:|1665377526\n|switch|p2a: Shuckle|Shuckle, M|100\/100\n|-damage|p2a: Shuckle|76\/100|[from] Stealth Rock\n|move|p1a: Garchomp|Scale Shot|p2a: Shuckle|[miss]\n|-miss|p1a: Garchomp|p2a: Shuckle\n|\n|upkeep\n|turn|6\n|\n|t:|1665377533\n|move|p1a: Garchomp|Swords Dance|p1a: Garchomp\n|-boost|p1a: Garchomp|atk|2\n|move|p2a: Shuckle|Encore|p1a: Garchomp\n|-start|p1a: Garchomp|Encore\n|\n|upkeep\n|turn|7\n|\n|t:|1665377537\n|switch|p2a: Blaziken|Blaziken, F|100\/100\n|-damage|p2a: Blaziken|88\/100|[from] Stealth Rock\n|-item|p2a: Blaziken|Air Balloon\n|move|p1a: Garchomp|Swords Dance|p1a: Garchomp\n|-boost|p1a: Garchomp|atk|2\n|\n|upkeep\n|turn|8\n|\n|t:|1665377545\n|move|p2a: Blaziken|Swords Dance|p2a: Blaziken\n|-boost|p2a: Blaziken|atk|2\n|move|p1a: Garchomp|Swords Dance|p1a: Garchomp\n|-boost|p1a: Garchomp|atk|2\n|\n|-ability|p2a: Blaziken|Speed Boost|boost\n|-boost|p2a: Blaziken|spe|1\n|upkeep\n|turn|9\n|\n|t:|1665377552\n|move|p2a: Blaziken|Swords Dance|p2a: Blaziken\n|-boost|p2a: Blaziken|atk|2\n|move|p1a: Garchomp|Swords Dance|p1a: Garchomp\n|-boost|p1a: Garchomp|atk|0\n|\n|-end|p1a: Garchomp|Encore\n|-ability|p2a: Blaziken|Speed Boost|boost\n|-boost|p2a: Blaziken|spe|1\n|upkeep\n|turn|10\n|\n|t:|1665377561\n|move|p2a: Blaziken|Close Combat|p1a: Garchomp\n|-damage|p1a: Garchomp|0 fnt\n|-unboost|p2a: Blaziken|def|1\n|-unboost|p2a: Blaziken|spd|1\n|-damage|p2a: Blaziken|76\/100|[from] ability: Rough Skin|[of] p1a: Garchomp\n|faint|p1a: Garchomp\n|\n|-ability|p2a: Blaziken|Speed Boost|boost\n|-boost|p2a: Blaziken|spe|1\n|upkeep\n|-message|cows123p forfeited.\n|\n|win|fresun\n|raw|cows123p's rating: 1530 &rarr; <strong>1510<\/strong><br \/>(-20 for losing)\n|raw|fresun's rating: 1536 &rarr; <strong>1556<\/strong><br \/>(+20 for winning)\n|l|\u2606cows123p\n|l|\u2606fresun\n|j|\u2606fresun\n|player|p2|fresun|caitlin\n","uploadtime":1665377749,"views":9,"p1id":"cows123p","p2id":"fresun","formatid":"gen8ou","rating":1510,"private":0,"password":null}