{"id":"gen8ou-1644781024","p1":"Dindon Ductile","p2":"aleppo","format":"gen8ou","log":"|j|\u2606Dindon Ductile\n|j|\u2606aleppo\n|t:|1661098190\n|gametype|singles\n|player|p1|Dindon Ductile|266|1666\n|player|p2|aleppo|2|1658\n|teamsize|p1|6\n|teamsize|p2|6\n|gen|8\n|tier|[Gen 8] OU\n|rated|\n|rule|Sleep Clause Mod: Limit one foe put to sleep\n|rule|Species Clause: Limit one of each Pok\u00e9mon\n|rule|OHKO Clause: OHKO moves are banned\n|rule|Evasion Items Clause: Evasion items are banned\n|rule|Evasion Moves Clause: Evasion moves are banned\n|rule|Endless Battle Clause: Forcing endless battles is banned\n|rule|HP Percentage Mod: HP is shown in percentages\n|rule|Dynamax Clause: You cannot dynamax\n|clearpoke\n|poke|p1|Ninetales-Alola, M|\n|poke|p1|Urshifu-*, M|\n|poke|p1|Heatran, F|\n|poke|p1|Tapu Lele|\n|poke|p1|Landorus-Therian, M|\n|poke|p1|Zapdos|\n|poke|p2|Moltres-Galar|\n|poke|p2|Regieleki|\n|poke|p2|Kommo-o, M|\n|poke|p2|Dragapult, M|\n|poke|p2|Heatran, M|\n|poke|p2|Rillaboom, M|\n|teampreview\n|\n|t:|1661098214\n|start\n|switch|p1a: Ninetales|Ninetales-Alola, M|100\/100\n|switch|p2a: Regieleki|Regieleki|100\/100\n|-weather|Hail|[from] ability: Snow Warning|[of] p1a: Ninetales\n|turn|1\n|j| TOJK\n|\n|t:|1661098236\n|switch|p1a: Angry Landlord|Landorus-Therian, M|100\/100\n|-ability|p1a: Angry Landlord|Intimidate|boost\n|-unboost|p2a: Regieleki|atk|1\n|move|p2a: Regieleki|Light Screen|p2a: Regieleki\n|-sidestart|p2: aleppo|move: Light Screen\n|\n|-weather|Hail|[upkeep]\n|-damage|p2a: Regieleki|94\/100|[from] Hail\n|-damage|p1a: Angry Landlord|95\/100|[from] Hail\n|-heal|p1a: Angry Landlord|100\/100|[from] item: Leftovers\n|upkeep\n|turn|2\n|\n|t:|1661098242\n|switch|p2a: Rillaboom|Rillaboom, M|100\/100\n|-fieldstart|move: Grassy Terrain|[from] ability: Grassy Surge|[of] p2a: Rillaboom\n|move|p1a: Angry Landlord|Substitute|p1a: Angry Landlord\n|-start|p1a: Angry Landlord|Substitute\n|-damage|p1a: Angry Landlord|76\/100\n|\n|-weather|Hail|[upkeep]\n|-damage|p1a: Angry Landlord|70\/100|[from] Hail\n|-damage|p2a: Rillaboom|94\/100|[from] Hail\n|-heal|p1a: Angry Landlord|76\/100|[from] item: Leftovers\n|-heal|p2a: Rillaboom|100\/100|[from] Grassy Terrain\n|upkeep\n|turn|3\n|\n|t:|1661098247\n|switch|p1a: Tapu Lalanne|Tapu Lele|100\/100\n|-fieldstart|move: Psychic Terrain|[from] ability: Psychic Surge|[of] p1a: Tapu Lalanne\n|move|p2a: Rillaboom|Grassy Glide|p1a: Tapu Lalanne\n|-damage|p1a: Tapu Lalanne|44\/100\n|\n|-weather|Hail|[upkeep]\n|-damage|p1a: Tapu Lalanne|38\/100|[from] Hail\n|-damage|p2a: Rillaboom|94\/100|[from] Hail\n|upkeep\n|turn|4\n|\n|t:|1661098261\n|move|p1a: Tapu Lalanne|Psyshock|p2a: Rillaboom\n|-crit|p2a: Rillaboom\n|-damage|p2a: Rillaboom|5\/100\n|move|p2a: Rillaboom|Knock Off|p1a: Tapu Lalanne\n|-damage|p1a: Tapu Lalanne|0 fnt\n|-enditem|p1a: Tapu Lalanne|Twisted Spoon|[from] move: Knock Off|[of] p2a: Rillaboom\n|faint|p1a: Tapu Lalanne\n|\n|-weather|Hail|[upkeep]\n|-damage|p2a: Rillaboom|0 fnt|[from] Hail\n|faint|p2a: Rillaboom\n|upkeep\n|c|\u2606aleppo|...\n|c|\u2606aleppo|Light screen halves that still ftr\n|c|\u2606aleppo|just so you know in the future\n|\n|t:|1661098323\n|switch|p1a: Heatran|Heatran, F|100\/100\n|switch|p2a: Heatran|Heatran, M|100\/100\n|turn|5\n|\n|t:|1661098329\n|switch|p1a: Urshifu|Urshifu-Rapid-Strike, M|100\/100\n|move|p2a: Heatran|Earth Power|p1a: Urshifu\n|-damage|p1a: Urshifu|51\/100\n|\n|-weather|none\n|upkeep\n|turn|6\n|inactive|Battle timer is ON: inactive players will automatically lose when time's up. (requested by Dindon Ductile)\n|\n|t:|1661098382\n|move|p1a: Urshifu|Surging Strikes|p2a: Heatran\n|-supereffective|p2a: Heatran\n|-crit|p2a: Heatran\n|-damage|p2a: Heatran|63\/100\n|-supereffective|p2a: Heatran\n|-crit|p2a: Heatran\n|-damage|p2a: Heatran|24\/100\n|-supereffective|p2a: Heatran\n|-crit|p2a: Heatran\n|-damage|p2a: Heatran|0 fnt\n|faint|p2a: Heatran\n|-hitcount|p2: Heatran|3\n|\n|upkeep\n|\n|t:|1661098386\n|switch|p2a: Kommo-o|Kommo-o, M|100\/100\n|turn|7\n|\n|t:|1661098402\n|move|p1a: Urshifu|U-turn|p2a: Kommo-o\n|-resisted|p2a: Kommo-o\n|-damage|p2a: Kommo-o|88\/100\n|\n|t:|1661098403\n|switch|p1a: Elecrotte|Zapdos|100\/100|[from]move: U-turn\n|move|p2a: Kommo-o|Clangorous Soul|p2a: Kommo-o\n|-boost|p2a: Kommo-o|atk|1\n|-boost|p2a: Kommo-o|def|1\n|-boost|p2a: Kommo-o|spa|1\n|-boost|p2a: Kommo-o|spd|1\n|-boost|p2a: Kommo-o|spe|1\n|-damage|p2a: Kommo-o|55\/100\n|-enditem|p2a: Kommo-o|Throat Spray\n|-boost|p2a: Kommo-o|spa|1|[from] item: Throat Spray\n|\n|-fieldend|move: Psychic Terrain\n|upkeep\n|turn|8\n|\n|t:|1661098410\n|move|p2a: Kommo-o|Clanging Scales|p1a: Elecrotte\n|-damage|p1a: Elecrotte|11\/100\n|-unboost|p2a: Kommo-o|def|1\n|move|p1a: Elecrotte|Hurricane|p2a: Kommo-o|[miss]\n|-miss|p1a: Elecrotte|p2a: Kommo-o\n|\n|-sideend|p2: aleppo|move: Light Screen\n|upkeep\n|turn|9\n|\n|t:|1661098420\n|move|p2a: Kommo-o|Flash Cannon|p1a: Elecrotte\n|-resisted|p1a: Elecrotte\n|-damage|p1a: Elecrotte|0 fnt\n|faint|p1a: Elecrotte\n|\n|upkeep\n|\n|t:|1661098425\n|switch|p1a: Ninetales|Ninetales-Alola, M|100\/100\n|-weather|Hail|[from] ability: Snow Warning|[of] p1a: Ninetales\n|turn|10\n|\n|t:|1661098427\n|move|p1a: Ninetales|Blizzard|p2a: Kommo-o\n|-supereffective|p2a: Kommo-o\n|-damage|p2a: Kommo-o|0 fnt\n|faint|p2a: Kommo-o\n|\n|-weather|Hail|[upkeep]\n|upkeep\n|\n|t:|1661098436\n|switch|p2a: Regieleki|Regieleki|94\/100\n|turn|11\n|\n|t:|1661098451\n|move|p2a: Regieleki|Light Screen|p2a: Regieleki\n|-sidestart|p2: aleppo|move: Light Screen\n|move|p1a: Ninetales|Blizzard|p2a: Regieleki\n|-damage|p2a: Regieleki|63\/100\n|\n|-weather|Hail|[upkeep]\n|-damage|p2a: Regieleki|57\/100|[from] Hail\n|upkeep\n|turn|12\n|\n|t:|1661098457\n|switch|p1a: Angry Landlord|Landorus-Therian, M|76\/100\n|-ability|p1a: Angry Landlord|Intimidate|boost\n|-unboost|p2a: Regieleki|atk|1\n|move|p2a: Regieleki|Reflect|p2a: Regieleki\n|-sidestart|p2: aleppo|Reflect\n|\n|-weather|Hail|[upkeep]\n|-damage|p2a: Regieleki|51\/100|[from] Hail\n|-damage|p1a: Angry Landlord|70\/100|[from] Hail\n|-heal|p1a: Angry Landlord|76\/100|[from] item: Leftovers\n|upkeep\n|turn|13\n|\n|t:|1661098474\n|move|p2a: Regieleki|Explosion|p1a: Angry Landlord\n|-damage|p1a: Angry Landlord|30\/100\n|faint|p2a: Regieleki\n|move|p1a: Angry Landlord|Substitute|p1a: Angry Landlord\n|-start|p1a: Angry Landlord|Substitute\n|-damage|p1a: Angry Landlord|5\/100\n|\n|-weather|Hail|[upkeep]\n|-damage|p1a: Angry Landlord|0 fnt|[from] Hail\n|faint|p1a: Angry Landlord\n|upkeep\n|inactive|Dindon Ductile has 120 seconds left.\n|inactive|Dindon Ductile has 90 seconds left.\n|\n|t:|1661098549\n|switch|p2a: Dragapult|Dragapult, M|100\/100\n|switch|p1a: Urshifu|Urshifu-Rapid-Strike, M|51\/100\n|turn|14\n|\n|t:|1661098555\n|move|p2a: Dragapult|Dragon Dance|p2a: Dragapult\n|-boost|p2a: Dragapult|atk|1\n|-boost|p2a: Dragapult|spe|1\n|move|p1a: Urshifu|Surging Strikes|p2a: Dragapult\n|-resisted|p2a: Dragapult\n|-crit|p2a: Dragapult\n|-damage|p2a: Dragapult|86\/100\n|-resisted|p2a: Dragapult\n|-crit|p2a: Dragapult\n|-damage|p2a: Dragapult|72\/100\n|-resisted|p2a: Dragapult\n|-crit|p2a: Dragapult\n|-damage|p2a: Dragapult|59\/100\n|-hitcount|p2a: Dragapult|3\n|\n|-weather|none\n|upkeep\n|turn|15\n|inactive|Dindon Ductile has 90 seconds left.\n|\n|t:|1661098567\n|move|p2a: Dragapult|Dragon Darts|p1a: Urshifu\n|-damage|p1a: Urshifu|10\/100\n|-anim|p2a: Dragapult|Dragon Darts|p1a: Urshifu\n|-damage|p1a: Urshifu|0 fnt\n|faint|p1a: Urshifu\n|\n|upkeep\n|\n|t:|1661098570\n|switch|p1a: Ninetales|Ninetales-Alola, M|100\/100\n|-weather|Hail|[from] ability: Snow Warning|[of] p1a: Ninetales\n|turn|16\n|\n|t:|1661098576\n|move|p2a: Dragapult|Phantom Force||[still]\n|-prepare|p2a: Dragapult|Phantom Force\n|move|p1a: Ninetales|Aurora Veil|p1a: Ninetales\n|-sidestart|p1: Dindon Ductile|move: Aurora Veil\n|\n|-weather|Hail|[upkeep]\n|-damage|p2a: Dragapult|53\/100|[from] Hail\n|upkeep\n|turn|17\n|\n|t:|1661098581\n|switch|p1a: Heatran|Heatran, F|100\/100\n|move|p2a: Dragapult|Phantom Force|p1a: Heatran|[from]lockedmove\n|-crit|p1a: Heatran\n|-damage|p1a: Heatran|12\/100\n|\n|-weather|Hail|[upkeep]\n|-damage|p2a: Dragapult|47\/100|[from] Hail\n|-damage|p1a: Heatran|5\/100|[from] Hail\n|-heal|p1a: Heatran|12\/100|[from] item: Leftovers\n|upkeep\n|turn|18\n|\n|t:|1661098603\n|move|p2a: Dragapult|Dragon Dance|p2a: Dragapult\n|-boost|p2a: Dragapult|atk|1\n|-boost|p2a: Dragapult|spe|1\n|move|p1a: Heatran|Magma Storm|p2a: Dragapult\n|-resisted|p2a: Dragapult\n|-damage|p2a: Dragapult|31\/100\n|-activate|p2a: Dragapult|move: Magma Storm|[of] p1a: Heatran\n|\n|-weather|Hail|[upkeep]\n|-damage|p2a: Dragapult|25\/100|[from] Hail\n|-damage|p1a: Heatran|5\/100|[from] Hail\n|-heal|p1a: Heatran|12\/100|[from] item: Leftovers\n|-damage|p2a: Dragapult|13\/100|[from] move: Magma Storm|[partiallytrapped]\n|-sideend|p2: aleppo|move: Light Screen\n|upkeep\n|turn|19\n|\n|t:|1661098610\n|move|p2a: Dragapult|Dragon Darts|p1a: Heatran\n|-resisted|p1a: Heatran\n|-damage|p1a: Heatran|0 fnt\n|faint|p1a: Heatran\n|\n|-weather|Hail|[upkeep]\n|-damage|p2a: Dragapult|7\/100|[from] Hail\n|-end|p2a: Dragapult|Magma Storm|[partiallytrapped]|[silent]\n|-sideend|p2: aleppo|Reflect\n|upkeep\n|\n|t:|1661098616\n|switch|p1a: Ninetales|Ninetales-Alola, M|100\/100\n|turn|20\n|\n|t:|1661098622\n|move|p2a: Dragapult|Phantom Force||[still]\n|-prepare|p2a: Dragapult|Phantom Force\n|move|p1a: Ninetales|Blizzard|p2a: Dragapult|[miss]\n|-miss|p1a: Ninetales|p2a: Dragapult\n|\n|-weather|none\n|-sideend|p1: Dindon Ductile|move: Aurora Veil\n|upkeep\n|turn|21\n|\n|t:|1661098627\n|move|p2a: Dragapult|Phantom Force|p1a: Ninetales|[from]lockedmove\n|-damage|p1a: Ninetales|0 fnt\n|faint|p1a: Ninetales\n|\n|win|aleppo\n|raw|Dindon Ductile's rating: 1666 &rarr; <strong>1646<\/strong><br \/>(-20 for losing)\n|raw|aleppo's rating: 1658 &rarr; <strong>1678<\/strong><br \/>(+20 for winning)\n|l|\u2606Dindon Ductile\n||Ladder isn't responding, score probably updated but might not have (Request timeout).\n","uploadtime":1661098635,"views":7,"p1id":"dindonductile","p2id":"aleppo","formatid":"gen8ou","rating":1646,"private":0,"password":null}