{"id":"gen8ou-1513121384","p1":"Igotthegat","p2":"Linglungtzy","format":"gen8ou","log":"|j|\u2606Igotthegat\n|j|\u2606Linglungtzy\n|t:|1645121445\n|gametype|singles\n|player|p1|Igotthegat|hilda|1413\n|player|p2|Linglungtzy|102|1357\n|teamsize|p1|6\n|teamsize|p2|6\n|gen|8\n|tier|[Gen 8] OU\n|rated|\n|rule|Sleep Clause Mod: Limit one foe put to sleep\n|rule|Species Clause: Limit one of each Pok\u00e9mon\n|rule|OHKO Clause: OHKO moves are banned\n|rule|Evasion Moves Clause: Evasion moves are banned\n|rule|Endless Battle Clause: Forcing endless battles is banned\n|rule|HP Percentage Mod: HP is shown in percentages\n|rule|Dynamax Clause: You cannot dynamax\n|clearpoke\n|poke|p1|Landorus-Therian, M|\n|poke|p1|Slowking, F|\n|poke|p1|Volcarona, F|\n|poke|p1|Weavile, F|\n|poke|p1|Kartana|\n|poke|p1|Rotom-Wash|\n|poke|p2|Porygon2|\n|poke|p2|Dragapult, F|\n|poke|p2|Melmetal|\n|poke|p2|Landorus-Therian, M|\n|poke|p2|Rillaboom, F|\n|poke|p2|Hawlucha, F|\n|teampreview\n|inactive|Battle timer is ON: inactive players will automatically lose when time's up. (requested by Igotthegat)\n|\n|t:|1645121458\n|start\n|switch|p1a: Weavile|Weavile, F, shiny|100\/100\n|switch|p2a: Rillaboom|Rillaboom, F, shiny|100\/100\n|-ability|p1a: Weavile|Pressure\n|-fieldstart|move: Grassy Terrain|[from] ability: Grassy Surge|[of] p2a: Rillaboom\n|turn|1\n|\n|t:|1645121468\n|switch|p2a: Melmetal|Melmetal, shiny|100\/100\n|move|p1a: Weavile|Knock Off|p2a: Melmetal\n|-damage|p2a: Melmetal|74\/100\n|-enditem|p2a: Melmetal|Assault Vest|[from] move: Knock Off|[of] p1a: Weavile\n|\n|-heal|p2a: Melmetal|80\/100|[from] Grassy Terrain\n|upkeep\n|turn|2\n|\n|t:|1645121478\n|switch|p1a: Slowking|Slowking, F|100\/100\n|move|p2a: Melmetal|Superpower|p1a: Slowking\n|-resisted|p1a: Slowking\n|-damage|p1a: Slowking|82\/100\n|-unboost|p2a: Melmetal|atk|1\n|-unboost|p2a: Melmetal|def|1\n|\n|-heal|p1a: Slowking|88\/100|[from] Grassy Terrain\n|-heal|p1a: Slowking|94\/100|[from] item: Leftovers\n|-heal|p2a: Melmetal|86\/100|[from] Grassy Terrain\n|upkeep\n|turn|3\n|\n|t:|1645121491\n|switch|p2a: Dragapult|Dragapult, F, shiny|100\/100\n|move|p1a: Slowking|Teleport|p1a: Slowking\n|\n|t:|1645121502\n|switch|p1a: Kartana|Kartana, shiny|100\/100|[from]move: Teleport\n|\n|upkeep\n|turn|4\n|\n|t:|1645121506\n|move|p1a: Kartana|Knock Off|p2a: Dragapult\n|-supereffective|p2a: Dragapult\n|-damage|p2a: Dragapult|0 fnt\n|-enditem|p2a: Dragapult|Choice Specs|[from] move: Knock Off|[of] p1a: Kartana\n|faint|p2a: Dragapult\n|-ability|p1a: Kartana|Beast Boost|boost\n|-boost|p1a: Kartana|atk|1\n|\n|upkeep\n|\n|t:|1645121515\n|switch|p2a: Melmetal|Melmetal, shiny|86\/100\n|turn|5\n|\n|t:|1645121520\n|switch|p1a: Slowking|Slowking, F|100\/100\n|move|p2a: Melmetal|Superpower|p1a: Slowking\n|-resisted|p1a: Slowking\n|-damage|p1a: Slowking|82\/100\n|-unboost|p2a: Melmetal|atk|1\n|-unboost|p2a: Melmetal|def|1\n|\n|-heal|p1a: Slowking|88\/100|[from] Grassy Terrain\n|-heal|p1a: Slowking|94\/100|[from] item: Leftovers\n|-heal|p2a: Melmetal|92\/100|[from] Grassy Terrain\n|-fieldend|move: Grassy Terrain\n|upkeep\n|turn|6\n|\n|t:|1645121537\n|switch|p2a: Rillaboom|Rillaboom, F, shiny|100\/100\n|-fieldstart|move: Grassy Terrain|[from] ability: Grassy Surge|[of] p2a: Rillaboom\n|move|p1a: Slowking|Future Sight|p2a: Rillaboom\n|-start|p1a: Slowking|move: Future Sight\n|\n|-heal|p1a: Slowking|100\/100|[from] Grassy Terrain\n|upkeep\n|turn|7\n|\n|t:|1645121554\n|switch|p1a: Volcarona|Volcarona, F|100\/100\n|move|p2a: Rillaboom|U-turn|p1a: Volcarona\n|-resisted|p1a: Volcarona\n|-damage|p1a: Volcarona|71\/100\n|\n|t:|1645121559\n|switch|p2a: Hawlucha|Hawlucha, F, shiny|100\/100|[from]move: U-turn\n|-enditem|p2a: Hawlucha|Grassy Seed\n|-boost|p2a: Hawlucha|def|1|[from] item: Grassy Seed\n|\n|-heal|p1a: Volcarona|77\/100|[from] Grassy Terrain\n|upkeep\n|turn|8\n|\n|t:|1645121570\n|switch|p1a: Landorus|Landorus-Therian, M|100\/100\n|-ability|p1a: Landorus|Intimidate|boost\n|-unboost|p2a: Hawlucha|atk|1\n|move|p2a: Hawlucha|Swords Dance|p2a: Hawlucha\n|-boost|p2a: Hawlucha|atk|2\n|\n|-end|p2a: Hawlucha|move: Future Sight\n|-supereffective|p2a: Hawlucha\n|-damage|p2a: Hawlucha|0 fnt\n|faint|p2a: Hawlucha\n|upkeep\n|c|\u2606Igotthegat|?\n|\n|t:|1645121580\n|switch|p2a: Melmetal|Melmetal, shiny|92\/100\n|turn|9\n|c|\u2606Linglungtzy|bruh\n|\n|t:|1645121585\n|move|p1a: Landorus|Stealth Rock|p2a: Melmetal\n|-sidestart|p2: Linglungtzy|move: Stealth Rock\n|move|p2a: Melmetal|Ice Punch|p1a: Landorus\n|-supereffective|p1a: Landorus\n|-damage|p1a: Landorus|0 fnt\n|faint|p1a: Landorus\n|\n|-heal|p2a: Melmetal|98\/100|[from] Grassy Terrain\n|upkeep\n|\n|t:|1645121595\n|switch|p1a: Volcarona|Volcarona, F|77\/100\n|turn|10\n|\n|t:|1645121605\n|move|p1a: Volcarona|Quiver Dance|p1a: Volcarona\n|-boost|p1a: Volcarona|spa|1\n|-boost|p1a: Volcarona|spd|1\n|-boost|p1a: Volcarona|spe|1\n|move|p2a: Melmetal|Superpower|p1a: Volcarona\n|-resisted|p1a: Volcarona\n|-damage|p1a: Volcarona|40\/100\n|-unboost|p2a: Melmetal|atk|1\n|-unboost|p2a: Melmetal|def|1\n|\n|-heal|p1a: Volcarona|46\/100|[from] Grassy Terrain\n|-heal|p2a: Melmetal|100\/100|[from] Grassy Terrain\n|-fieldend|move: Grassy Terrain\n|upkeep\n|turn|11\n|\n|t:|1645121617\n|move|p1a: Volcarona|Fiery Dance|p2a: Melmetal\n|-supereffective|p2a: Melmetal\n|-damage|p2a: Melmetal|0 fnt\n|faint|p2a: Melmetal\n|\n|upkeep\n|\n|t:|1645121625\n|switch|p2a: Landorus|Landorus-Therian, M, shiny|100\/100\n|-damage|p2a: Landorus|88\/100|[from] Stealth Rock\n|-ability|p2a: Landorus|Intimidate|boost\n|-unboost|p1a: Volcarona|atk|1\n|turn|12\n|\n|t:|1645121633\n|move|p1a: Volcarona|Fiery Dance|p2a: Landorus\n|-damage|p2a: Landorus|31\/100\n|move|p2a: Landorus|Earthquake|p1a: Volcarona\n|-damage|p1a: Volcarona|0 fnt\n|faint|p1a: Volcarona\n|\n|upkeep\n|\n|t:|1645121641\n|switch|p1a: Weavile|Weavile, F, shiny|100\/100\n|-ability|p1a: Weavile|Pressure\n|turn|13\n|\n|t:|1645121648\n|move|p1a: Weavile|Triple Axel|p2a: Landorus\n|-supereffective|p2a: Landorus\n|-damage|p2a: Landorus|1\/100\n|-damage|p1a: Weavile|84\/100|[from] item: Rocky Helmet|[of] p2a: Landorus\n|-supereffective|p2a: Landorus\n|-damage|p2a: Landorus|0 fnt\n|-damage|p1a: Weavile|68\/100|[from] item: Rocky Helmet|[of] p2a: Landorus\n|faint|p2a: Landorus\n|-hitcount|p2: Landorus|2\n|\n|upkeep\n|\n|t:|1645121652\n|switch|p2a: Porygon2|Porygon2, shiny|100\/100\n|-damage|p2a: Porygon2|88\/100|[from] Stealth Rock\n|turn|14\n|\n|t:|1645121665\n|switch|p1a: Rotom|Rotom-Wash|100\/100\n|move|p2a: Porygon2|Tri Attack|p1a: Rotom\n|-damage|p1a: Rotom|44\/100\n|\n|upkeep\n|turn|15\n|\n|t:|1645121672\n|move|p1a: Rotom|Hydro Pump|p2a: Porygon2|[miss]\n|-miss|p1a: Rotom|p2a: Porygon2\n|move|p2a: Porygon2|Tri Attack|p1a: Rotom\n|-damage|p1a: Rotom|0 fnt\n|faint|p1a: Rotom\n|\n|upkeep\n|\n|t:|1645121682\n|switch|p1a: Kartana|Kartana, shiny|100\/100\n|turn|16\n|\n|t:|1645121687\n|move|p1a: Kartana|Sacred Sword|p2a: Porygon2\n|-supereffective|p2a: Porygon2\n|-damage|p2a: Porygon2|26\/100\n|move|p2a: Porygon2|Ice Beam|p1a: Kartana\n|-damage|p1a: Kartana|0 fnt\n|faint|p1a: Kartana\n|\n|upkeep\n|\n|t:|1645121698\n|switch|p1a: Weavile|Weavile, F, shiny|68\/100\n|-ability|p1a: Weavile|Pressure\n|turn|17\n|\n|t:|1645121703\n|move|p1a: Weavile|Knock Off|p2a: Porygon2\n|-damage|p2a: Porygon2|0 fnt\n|-enditem|p2a: Porygon2|Eviolite|[from] move: Knock Off|[of] p1a: Weavile\n|faint|p2a: Porygon2\n|\n|upkeep\n|\n|t:|1645121709\n|switch|p2a: Rillaboom|Rillaboom, F, shiny|100\/100\n|-damage|p2a: Rillaboom|88\/100|[from] Stealth Rock\n|-fieldstart|move: Grassy Terrain|[from] ability: Grassy Surge|[of] p2a: Rillaboom\n|turn|18\n|\n|t:|1645121714\n|move|p2a: Rillaboom|Grassy Glide|p1a: Weavile\n|-damage|p1a: Weavile|0 fnt\n|faint|p1a: Weavile\n|\n|-heal|p2a: Rillaboom|94\/100|[from] Grassy Terrain\n|upkeep\n|-message|Igotthegat forfeited.\n|\n|win|Linglungtzy\n|raw|Igotthegat's rating: 1413 &rarr; <strong>1390<\/strong><br \/>(-23 for losing)\n|raw|Linglungtzy's rating: 1357 &rarr; <strong>1380<\/strong><br \/>(+23 for winning)\n|l|\u2606Igotthegat\n|c|\u2606Linglungtzy|bruh\n||Ladder isn't responding, score probably updated but might not have (Request timeout).\n","uploadtime":1645121744,"views":13,"p1id":"igotthegat","p2id":"linglungtzy","formatid":"gen8ou","rating":1380,"private":0,"password":null}