{"id":"gen8ru-1422873211","p1":"Arcangel666","p2":"basedlordtenkai","format":"gen8ru","log":"|j|\u2606Arcangel666\n|j|\u2606basedlordtenkai\n|t:|1632460546\n|gametype|singles\n|player|p1|Arcangel666|grimsley|1249\n|player|p2|basedlordtenkai|blaine|1343\n|teamsize|p1|6\n|teamsize|p2|6\n|gen|8\n|tier|[Gen 8] RU\n|rated|\n|rule|Sleep Clause Mod: Limit one foe put to sleep\n|rule|Species Clause: Limit one of each Pok\u00e9mon\n|rule|OHKO Clause: OHKO moves are banned\n|rule|Evasion Moves Clause: Evasion moves are banned\n|rule|Endless Battle Clause: Forcing endless battles is banned\n|rule|HP Percentage Mod: HP is shown in percentages\n|rule|Dynamax Clause: You cannot dynamax\n|clearpoke\n|poke|p1|Entei|\n|poke|p1|Roserade, F|\n|poke|p1|Togekiss, F|\n|poke|p1|Necrozma|\n|poke|p1|Golisopod, M|\n|poke|p1|Registeel|\n|poke|p2|Flygon, F|\n|poke|p2|Lucario, M|\n|poke|p2|Xurkitree|\n|poke|p2|Incineroar, M|\n|poke|p2|Celebi|\n|poke|p2|Crobat, M|\n|teampreview\n|\n|t:|1632460560\n|start\n|switch|p1a: Entei|Entei, shiny|100\/100\n|switch|p2a: Crobat|Crobat, M|100\/100\n|turn|1\n|\n|t:|1632460567\n|move|p2a: Crobat|U-turn|p1a: Entei\n|-resisted|p1a: Entei\n|-damage|p1a: Entei|90\/100\n|\n|t:|1632460570\n|switch|p2a: Incineroar|Incineroar, M|100\/100|[from]move: U-turn\n|-ability|p2a: Incineroar|Intimidate|boost\n|-fail|p1a: Entei|unboost|Attack|[from] ability: Inner Focus|[of] p1a: Entei\n|move|p1a: Entei|Sacred Fire|p2a: Incineroar\n|-resisted|p2a: Incineroar\n|-damage|p2a: Incineroar|67\/100\n|\n|upkeep\n|turn|2\n|\n|t:|1632460579\n|move|p1a: Entei|Sacred Fire|p2a: Incineroar\n|-resisted|p2a: Incineroar\n|-damage|p2a: Incineroar|33\/100\n|move|p2a: Incineroar|Knock Off|p1a: Entei\n|-damage|p1a: Entei|47\/100\n|-enditem|p1a: Entei|Choice Band|[from] move: Knock Off|[of] p2a: Incineroar\n|\n|upkeep\n|turn|3\n|\n|t:|1632460585\n|move|p1a: Entei|Stone Edge|p2a: Incineroar\n|-supereffective|p2a: Incineroar\n|-damage|p2a: Incineroar|0 fnt\n|faint|p2a: Incineroar\n|\n|upkeep\n|\n|t:|1632460590\n|switch|p2a: Flygon|Flygon, F|100\/100\n|turn|4\n|\n|t:|1632460593\n|switch|p1a: Golisopod|Golisopod, M, shiny|100\/100\n|move|p2a: Flygon|Stone Edge|p1a: Golisopod\n|-supereffective|p1a: Golisopod\n|-damage|p1a: Golisopod|55\/100\n|-damage|p2a: Flygon|91\/100|[from] item: Life Orb\n|\n|upkeep\n|turn|5\n|\n|t:|1632460597\n|switch|p2a: Crobat|Crobat, M|100\/100\n|move|p1a: Golisopod|First Impression|p2a: Crobat\n|-resisted|p2a: Crobat\n|-damage|p2a: Crobat|89\/100\n|\n|upkeep\n|turn|6\n|\n|t:|1632460603\n|move|p1a: Golisopod|Aqua Jet|p2a: Crobat\n|-damage|p2a: Crobat|68\/100\n|move|p2a: Crobat|U-turn|p1a: Golisopod\n|-damage|p1a: Golisopod|44\/100\n|-damage|p2a: Crobat|51\/100|[from] item: Rocky Helmet|[of] p1a: Golisopod\n|-activate|p1a: Golisopod|ability: Emergency Exit\n|\n|t:|1632460611\n|switch|p1a: Registeel|Registeel, shiny|100\/100\n|\n|upkeep\n|turn|7\n|\n|t:|1632460616\n|move|p2a: Crobat|Taunt|p1a: Registeel\n|-start|p1a: Registeel|move: Taunt\n|cant|p1a: Registeel|move: Taunt|Curse\n|\n|upkeep\n|turn|8\n|\n|t:|1632460621\n|switch|p1a: Golisopod|Golisopod, M, shiny|44\/100\n|move|p2a: Crobat|U-turn|p1a: Golisopod\n|-damage|p1a: Golisopod|34\/100\n|-damage|p2a: Crobat|35\/100|[from] item: Rocky Helmet|[of] p1a: Golisopod\n|\n|t:|1632460635\n|switch|p2a: Xurkitree|Xurkitree, shiny|100\/100|[from]move: U-turn\n|\n|upkeep\n|turn|9\n|\n|t:|1632460638\n|switch|p2a: Lucario|Lucario, M|100\/100\n|switch|p1a: Roserade|Roserade, F, shiny|100\/100\n|\n|upkeep\n|turn|10\n|\n|t:|1632460642\n|switch|p1a: Golisopod|Golisopod, M, shiny|34\/100\n|move|p2a: Lucario|Swords Dance|p2a: Lucario\n|-boost|p2a: Lucario|atk|2\n|\n|upkeep\n|turn|11\n|\n|t:|1632460646\n|move|p2a: Lucario|Extreme Speed|p1a: Golisopod\n|-crit|p1a: Golisopod\n|-damage|p1a: Golisopod|0 fnt\n|-damage|p2a: Lucario|84\/100|[from] item: Rocky Helmet|[of] p1a: Golisopod\n|faint|p1a: Golisopod\n|-damage|p2a: Lucario|74\/100|[from] item: Life Orb\n|\n|upkeep\n|\n|t:|1632460654\n|switch|p1a: Necrozma|Necrozma, shiny|100\/100\n|turn|12\n|\n|t:|1632460657\n|move|p2a: Lucario|Meteor Mash|p1a: Necrozma\n|-damage|p1a: Necrozma|0 fnt\n|faint|p1a: Necrozma\n|-damage|p2a: Lucario|64\/100|[from] item: Life Orb\n|\n|upkeep\n|\n|t:|1632460663\n|switch|p1a: Togekiss|Togekiss, F, shiny|100\/100\n|turn|13\n|\n|t:|1632460666\n|move|p2a: Lucario|Meteor Mash|p1a: Togekiss\n|-supereffective|p1a: Togekiss\n|-damage|p1a: Togekiss|0 fnt\n|-boost|p2a: Lucario|atk|1\n|faint|p1a: Togekiss\n|-damage|p2a: Lucario|54\/100|[from] item: Life Orb\n|\n|upkeep\n|\n|t:|1632460670\n|switch|p1a: Roserade|Roserade, F, shiny|100\/100\n|turn|14\n|\n|t:|1632460675\n|move|p2a: Lucario|Extreme Speed|p1a: Roserade\n|-damage|p1a: Roserade|0 fnt\n|faint|p1a: Roserade\n|-damage|p2a: Lucario|44\/100|[from] item: Life Orb\n|\n|upkeep\n|\n|t:|1632460678\n|switch|p1a: Entei|Entei, shiny|47\/100\n|turn|15\n|\n|t:|1632460682\n|move|p2a: Lucario|Extreme Speed|p1a: Entei\n|-damage|p1a: Entei|0 fnt\n|faint|p1a: Entei\n|-damage|p2a: Lucario|34\/100|[from] item: Life Orb\n|\n|upkeep\n|\n|t:|1632460684\n|switch|p1a: Registeel|Registeel, shiny|100\/100\n|turn|16\n|\n|t:|1632460689\n|move|p2a: Lucario|Close Combat|p1a: Registeel\n|-supereffective|p1a: Registeel\n|-damage|p1a: Registeel|0 fnt\n|-unboost|p2a: Lucario|def|1\n|-unboost|p2a: Lucario|spd|1\n|faint|p1a: Registeel\n|-damage|p2a: Lucario|24\/100|[from] item: Life Orb\n|\n|win|basedlordtenkai\n|raw|Arcangel666's rating: 1249 &rarr; <strong>1231<\/strong><br \/>(-18 for losing)\n|raw|basedlordtenkai's rating: 1343 &rarr; <strong>1358<\/strong><br \/>(+15 for winning)\n|l|\u2606Arcangel666\n","uploadtime":1632460698,"views":18,"p1id":"arcangel666","p2id":"basedlordtenkai","formatid":"gen8ru","rating":1231,"private":0,"password":null}