{"id":"gen81v1-1173395866","p1":"Flashybee","p2":"fbundle","format":"gen81v1","log":"|j|\u2606Flashybee\n|j|\u2606fbundle\n|t:|1598112253\n|player|p1|Flashybee|102|1532\n|player|p2|fbundle|1|1469\n|teamsize|p1|3\n|teamsize|p2|3\n|gametype|singles\n|gen|8\n|tier|[Gen 8] 1v1\n|rated|\n|rule|Species Clause: Limit one of each Pok\u00e9mon\n|rule|OHKO Clause: OHKO moves are banned\n|rule|Evasion Moves Clause: Evasion moves are banned\n|rule|Accuracy Moves Clause: Accuracy-lowering moves are banned\n|clearpoke\n|poke|p1|Rillaboom, M|\n|poke|p1|Sudowoodo, F|\n|poke|p1|Charizard, F|\n|poke|p2|Kyurem|\n|poke|p2|Gourgeist-*, F|\n|poke|p2|Corviknight, F|\n|rule|HP Percentage Mod: HP is shown in percentages\n|rule|Dynamax Clause: You cannot dynamax\n|rule|Endless Battle Clause: Forcing endless battles is banned\n|teampreview|1\n|j| gorilnx\n|l| gorilnx\n|\n|t:|1598112289\n|start\n|switch|p1a: Sudowoodo|Sudowoodo, F|100\/100\n|switch|p2a: Kyurem|Kyurem, shiny|100\/100\n|-ability|p2a: Kyurem|Pressure\n|turn|1\n|\n|t:|1598112303\n|move|p2a: Kyurem|Protect|p2a: Kyurem\n|-singleturn|p2a: Kyurem|Protect\n|move|p1a: Sudowoodo|Head Smash|p2a: Kyurem\n|-activate|p2a: Kyurem|move: Protect\n|\n|upkeep\n|turn|2\n|\n|t:|1598112309\n|move|p2a: Kyurem|Substitute|p2a: Kyurem\n|-start|p2a: Kyurem|Substitute\n|-damage|p2a: Kyurem|76\/100\n|move|p1a: Sudowoodo|Head Smash|p2a: Kyurem\n|-supereffective|p2a: Kyurem\n|-end|p2a: Kyurem|Substitute\n|-damage|p1a: Sudowoodo|84\/100|[from] Recoil|[of] p2a: Kyurem\n|\n|-heal|p2a: Kyurem|82\/100|[from] item: Leftovers\n|upkeep\n|turn|3\n|\n|t:|1598112317\n|move|p2a: Kyurem|Protect|p2a: Kyurem\n|-singleturn|p2a: Kyurem|Protect\n|move|p1a: Sudowoodo|Earthquake|p2a: Kyurem\n|-activate|p2a: Kyurem|move: Protect\n|\n|-heal|p2a: Kyurem|88\/100|[from] item: Leftovers\n|upkeep\n|turn|4\n|\n|t:|1598112324\n|move|p2a: Kyurem|Substitute|p2a: Kyurem\n|-start|p2a: Kyurem|Substitute\n|-damage|p2a: Kyurem|63\/100\n|move|p1a: Sudowoodo|Head Smash|p2a: Kyurem\n|-supereffective|p2a: Kyurem\n|-end|p2a: Kyurem|Substitute\n|-damage|p1a: Sudowoodo|67\/100|[from] Recoil|[of] p2a: Kyurem\n|\n|-heal|p2a: Kyurem|69\/100|[from] item: Leftovers\n|upkeep\n|turn|5\n|\n|t:|1598112334\n|move|p2a: Kyurem|Protect|p2a: Kyurem\n|-singleturn|p2a: Kyurem|Protect\n|move|p1a: Sudowoodo|Earthquake|p2a: Kyurem\n|-activate|p2a: Kyurem|move: Protect\n|\n|-heal|p2a: Kyurem|75\/100|[from] item: Leftovers\n|upkeep\n|turn|6\n|\n|t:|1598112341\n|move|p2a: Kyurem|Substitute|p2a: Kyurem\n|-start|p2a: Kyurem|Substitute\n|-damage|p2a: Kyurem|50\/100\n|move|p1a: Sudowoodo|Earthquake|p2a: Kyurem\n|-activate|p2a: Kyurem|move: Substitute|[damage]\n|\n|-heal|p2a: Kyurem|57\/100|[from] item: Leftovers\n|upkeep\n|turn|7\n|\n|t:|1598112349\n|move|p2a: Kyurem|Noble Roar|p1a: Sudowoodo\n|-unboost|p1a: Sudowoodo|atk|1\n|-unboost|p1a: Sudowoodo|spa|1\n|move|p1a: Sudowoodo|Earthquake|p2a: Kyurem\n|-end|p2a: Kyurem|Substitute\n|\n|-heal|p2a: Kyurem|63\/100|[from] item: Leftovers\n|upkeep\n|turn|8\n|\n|t:|1598112357\n|move|p2a: Kyurem|Protect|p2a: Kyurem\n|-singleturn|p2a: Kyurem|Protect\n|move|p1a: Sudowoodo|Earthquake|p2a: Kyurem\n|-activate|p2a: Kyurem|move: Protect\n|\n|-heal|p2a: Kyurem|69\/100|[from] item: Leftovers\n|upkeep\n|turn|9\n|\n|t:|1598112364\n|move|p2a: Kyurem|Substitute|p2a: Kyurem\n|-start|p2a: Kyurem|Substitute\n|-damage|p2a: Kyurem|44\/100\n|move|p1a: Sudowoodo|Head Smash|p2a: Kyurem\n|-supereffective|p2a: Kyurem\n|-end|p2a: Kyurem|Substitute\n|-damage|p1a: Sudowoodo|51\/100|[from] Recoil|[of] p2a: Kyurem\n|\n|-heal|p2a: Kyurem|50\/100|[from] item: Leftovers\n|upkeep\n|turn|10\n|-message|Flashybee forfeited.\n|\n|win|fbundle\n|l|\u2606Flashybee\n","uploadtime":1598112374,"views":6,"p1id":"flashybee","p2id":"fbundle","formatid":"gen81v1","rating":0,"private":0,"password":null}