{"id":"gen8lc-1706975876","p1":"julianelvengador","p2":"koallah1","format":"gen8lc","log":"|j|\u2606julianelvengador\n|j|\u2606koallah1\n|inactive|Battle timer is ON: inactive players will automatically lose when time's up.\n|t:|1668038074\n|gametype|singles\n|player|p1|julianelvengador|lucas|\n|player|p2|koallah1|beauty-gen4dp|\n|teamsize|p1|6\n|teamsize|p2|6\n|gen|8\n|tier|[Gen 8] LC\n|rated|Tournament battle\n|rule|Sleep Clause Mod: Limit one foe put to sleep\n|rule|Species Clause: Limit one of each Pok\u00e9mon\n|rule|OHKO Clause: OHKO moves are banned\n|rule|Evasion Items Clause: Evasion items are banned\n|rule|Evasion Moves Clause: Evasion moves are banned\n|rule|Endless Battle Clause: Forcing endless battles is banned\n|rule|HP Percentage Mod: HP is shown in percentages\n|rule|Dynamax Clause: You cannot dynamax\n|clearpoke\n|poke|p1|Mudbray, L5, M|\n|poke|p1|Drilbur, L5, F|\n|poke|p1|Foongus, L5, F|\n|poke|p1|Pawniard, L5, M|\n|poke|p1|Abra, L5, M|\n|poke|p1|Mienfoo, L5, M|\n|poke|p2|Abra, L5, F|\n|poke|p2|Amaura, L5, M|\n|poke|p2|Arrokuda, L5, F|\n|poke|p2|Bronzor, L5|\n|poke|p2|Lickitung, L5, F|\n|poke|p2|Larvesta, L5, M|\n|teampreview\n|j|*Lady Monita \u263d\n|inactive|koallah1 also wants the timer to be on.\n|\n|t:|1668038092\n|start\n|switch|p1a: Mudbray|Mudbray, L5, M|100\/100\n|switch|p2a: Larvesta|Larvesta, L5, M|100\/100\n|turn|1\n|\n|t:|1668038100\n|move|p1a: Mudbray|Rock Slide|p2a: Larvesta\n|-supereffective|p2a: Larvesta\n|-damage|p2a: Larvesta|14\/100\n|move|p2a: Larvesta|Will-O-Wisp|p1a: Mudbray|[miss]\n|-miss|p2a: Larvesta|p1a: Mudbray\n|\n|upkeep\n|turn|2\n|\n|t:|1668038106\n|move|p1a: Mudbray|Rock Slide|p2a: Larvesta\n|-supereffective|p2a: Larvesta\n|-damage|p2a: Larvesta|0 fnt\n|faint|p2a: Larvesta\n|\n|upkeep\n|\n|t:|1668038116\n|switch|p2a: Arrokuda|Arrokuda, L5, F|100\/100\n|turn|3\n|\n|t:|1668038130\n|switch|p1a: Foongus|Foongus, L5, F|100\/100\n|move|p2a: Arrokuda|Liquidation|p1a: Foongus\n|-resisted|p1a: Foongus\n|-damage|p1a: Foongus|79\/100\n|-unboost|p1a: Foongus|def|1\n|-damage|p2a: Arrokuda|95\/100|[from] item: Life Orb\n|\n|upkeep\n|turn|4\n|\n|t:|1668038141\n|switch|p2a: Bronzor|Bronzor, L5|100\/100\n|move|p1a: Foongus|Spore|p2a: Bronzor\n|-status|p2a: Bronzor|slp|[from] move: Spore\n|\n|upkeep\n|turn|5\n|\n|t:|1668038147\n|switch|p1a: Pawniard|Pawniard, L5, M|100\/100\n|cant|p2a: Bronzor|slp\n|\n|upkeep\n|turn|6\n|\n|t:|1668038160\n|switch|p2a: Arrokuda|Arrokuda, L5, F|95\/100\n|move|p1a: Pawniard|Knock Off|p2a: Arrokuda\n|-damage|p2a: Arrokuda|0 fnt\n|-enditem|p2a: Arrokuda|Life Orb|[from] move: Knock Off|[of] p1a: Pawniard\n|faint|p2a: Arrokuda\n|\n|upkeep\n|\n|t:|1668038168\n|switch|p2a: Amaura|Amaura, L5, M|100\/100\n|-weather|Hail|[from] ability: Snow Warning|[of] p2a: Amaura\n|turn|7\n|\n|t:|1668038176\n|move|p2a: Amaura|Earth Power|p1a: Pawniard\n|-supereffective|p1a: Pawniard\n|-damage|p1a: Pawniard|34\/100\n|move|p1a: Pawniard|Iron Head|p2a: Amaura\n|-supereffective|p2a: Amaura\n|-damage|p2a: Amaura|0 fnt\n|faint|p2a: Amaura\n|\n|-weather|Hail|[upkeep]\n|-damage|p1a: Pawniard|29\/100|[from] Hail\n|upkeep\n|\n|t:|1668038185\n|switch|p2a: Lickitung|Lickitung, L5, F|100\/100\n|turn|8\n|\n|t:|1668038189\n|move|p1a: Pawniard|Knock Off|p2a: Lickitung\n|-damage|p2a: Lickitung|68\/100\n|-enditem|p2a: Lickitung|Eviolite|[from] move: Knock Off|[of] p1a: Pawniard\n|move|p2a: Lickitung|Knock Off|p1a: Pawniard\n|-resisted|p1a: Pawniard\n|-damage|p1a: Pawniard|20\/100\n|-enditem|p1a: Pawniard|Eviolite|[from] move: Knock Off|[of] p2a: Lickitung\n|\n|-weather|Hail|[upkeep]\n|-damage|p1a: Pawniard|15\/100|[from] Hail\n|-damage|p2a: Lickitung|65\/100|[from] Hail\n|upkeep\n|turn|9\n|\n|t:|1668038201\n|move|p2a: Lickitung|Protect|p2a: Lickitung\n|-singleturn|p2a: Lickitung|Protect\n|move|p1a: Pawniard|Iron Head|p2a: Lickitung\n|-activate|p2a: Lickitung|move: Protect\n|\n|-weather|Hail|[upkeep]\n|-damage|p1a: Pawniard|10\/100|[from] Hail\n|-damage|p2a: Lickitung|61\/100|[from] Hail\n|upkeep\n|turn|10\n|\n|t:|1668038207\n|move|p1a: Pawniard|Iron Head|p2a: Lickitung\n|-damage|p2a: Lickitung|25\/100\n|cant|p2a: Lickitung|flinch\n|\n|-weather|Hail|[upkeep]\n|-damage|p1a: Pawniard|5\/100|[from] Hail\n|-damage|p2a: Lickitung|22\/100|[from] Hail\n|upkeep\n|turn|11\n|\n|t:|1668038234\n|switch|p1a: Drilbur|Drilbur, L5, F|100\/100\n|-ability|p1a: Drilbur|Mold Breaker\n|move|p2a: Lickitung|Protect||[still]\n|-fail|p2a: Lickitung\n|\n|-weather|none\n|upkeep\n|turn|12\n|\n|t:|1668038242\n|move|p1a: Drilbur|Poison Jab|p2a: Lickitung\n|-damage|p2a: Lickitung|0 fnt\n|faint|p2a: Lickitung\n|\n|upkeep\n|\n|t:|1668038271\n|switch|p2a: Bronzor|Bronzor, L5|100\/100 slp\n|turn|13\n|\n|t:|1668038275\n|switch|p1a: Pawniard|Pawniard, L5, M|5\/100\n|cant|p2a: Bronzor|slp\n|\n|upkeep\n|turn|14\n|\n|t:|1668038289\n|move|p1a: Pawniard|Knock Off|p2a: Bronzor\n|-supereffective|p2a: Bronzor\n|-damage|p2a: Bronzor|14\/100 slp\n|-enditem|p2a: Bronzor|Berry Juice|[from] move: Knock Off|[of] p1a: Pawniard\n|cant|p2a: Bronzor|slp\n|\n|upkeep\n|turn|15\n|\n|t:|1668038295\n|move|p1a: Pawniard|Knock Off|p2a: Bronzor\n|-supereffective|p2a: Bronzor\n|-crit|p2a: Bronzor\n|-damage|p2a: Bronzor|0 fnt\n|faint|p2a: Bronzor\n|\n|upkeep\n|\n|t:|1668038299\n|switch|p2a: Abra|Abra, L5, F|100\/100\n|turn|16\n|\n|t:|1668038303\n|move|p1a: Pawniard|Sucker Punch|p2a: Abra\n|-supereffective|p2a: Abra\n|-damage|p2a: Abra|0 fnt\n|faint|p2a: Abra\n|\n|win|julianelvengador\n|n|\u2606julianelvengador|julianelvengador\n|n|\u2606koallah1|koallah1\n|n|*Lady Monita \u263d|ladymonita\n|l|*Lady Monita \u263d\n|l|\u2606koallah1\n","uploadtime":1668038323,"views":3,"p1id":"julianelvengador","p2id":"koallah1","formatid":"gen8lc","rating":0,"private":0,"password":null}