{"id":"gen8nationaldex-1630989974","p1":"zoompa","p2":"FleetFoxxx","format":"gen8nationaldex","log":"|j|\u2606zoompa\n|j|\u2606FleetFoxxx\n|t:|1659484896\n|gametype|singles\n|player|p1|zoompa|170|\n|player|p2|FleetFoxxx|flannery|\n|teamsize|p1|6\n|teamsize|p2|6\n|gen|8\n|tier|[Gen 8] National Dex\n|rule|HP Percentage Mod: HP is shown in percentages\n|rule|Endless Battle Clause: Forcing endless battles is banned\n|rule|OHKO Clause: OHKO moves are banned\n|rule|Evasion Moves Clause: Evasion moves are banned\n|rule|Species Clause: Limit one of each Pok\u00e9mon\n|rule|Dynamax Clause: You cannot dynamax\n|rule|Sleep Clause Mod: Limit one foe put to sleep\n|clearpoke\n|poke|p1|Gardevoir, F|\n|poke|p1|Beartic, F|\n|poke|p1|Arctovish|\n|poke|p1|Aurorus, M|\n|poke|p1|Durant, F|\n|poke|p1|Spiritomb, M|\n|poke|p2|Bisharp, F|\n|poke|p2|Coalossal, F|\n|poke|p2|Whimsicott, F|\n|poke|p2|Galvantula, F|\n|poke|p2|Runerigus, M|\n|poke|p2|Banette, M|\n|teampreview\n|j|+111ace111\n|c|\u2606zoompa|gl;gl\n|c|\u2606FleetFoxxx|gl hfff\n|j| johngalt149\n|j| yes munchlax\n|\n|t:|1659484946\n|start\n|switch|p1a: Canola|Gardevoir, F|100\/100\n|switch|p2a: Bisharp|Bisharp, F|100\/100\n|-ability|p1a: Canola|Defiant|[from] ability: Trace|[of] p2a: Bisharp\n|turn|1\n|\n|t:|1659484996\n|switch|p2a: Coalossal|Coalossal, F|100\/100\n|move|p1a: Canola|Focus Blast|p2a: Coalossal|[miss]\n|-miss|p1a: Canola|p2a: Coalossal\n|\n|upkeep\n|turn|2\n|\n|t:|1659485038\n|switch|p1a: Olive|Arctovish|100\/100\n|move|p2a: Coalossal|Stealth Rock|p1a: Olive\n|-sidestart|p1: zoompa|move: Stealth Rock\n|\n|upkeep\n|turn|3\n|\n|t:|1659485090\n|switch|p2a: Galvantula|Galvantula, F|100\/100\n|move|p1a: Olive|Substitute|p1a: Olive\n|-start|p1a: Olive|Substitute\n|-damage|p1a: Olive|76\/100\n|\n|upkeep\n|turn|4\n|\n|t:|1659485122\n|move|p2a: Galvantula|Energy Ball|p1a: Olive\n|-supereffective|p1a: Olive\n|-end|p1a: Olive|Substitute\n|move|p1a: Olive|Fishious Rend|p2a: Galvantula\n|-damage|p2a: Galvantula|17\/100\n|\n|upkeep\n|turn|5\n|j| sh0shin\n|\n|t:|1659485136\n|switch|p1a: Peanut|Durant, F|100\/100\n|-damage|p1a: Peanut|88\/100|[from] Stealth Rock\n|move|p2a: Galvantula|Thunder|p1a: Peanut\n|-damage|p1a: Peanut|0 fnt\n|faint|p1a: Peanut\n|\n|upkeep\n|\n|t:|1659485143\n|switch|p1a: Soybean|Aurorus, M|100\/100\n|-damage|p1a: Soybean|76\/100|[from] Stealth Rock\n|-weather|Hail|[from] ability: Snow Warning|[of] p1a: Soybean\n|turn|6\n|\n|t:|1659485167\n|move|p2a: Galvantula|Sticky Web|p1a: Soybean\n|-sidestart|p1: zoompa|move: Sticky Web\n|move|p1a: Soybean|Aurora Veil|p1a: Soybean\n|-sidestart|p1: zoompa|move: Aurora Veil\n|\n|-weather|Hail|[upkeep]\n|-damage|p2a: Galvantula|11\/100|[from] Hail\n|upkeep\n|turn|7\n|\n|t:|1659485203\n|move|p2a: Galvantula|Energy Ball|p1a: Soybean\n|-supereffective|p1a: Soybean\n|-damage|p1a: Soybean|48\/100\n|move|p1a: Soybean|Blizzard|p2a: Galvantula\n|-damage|p2a: Galvantula|0 fnt\n|faint|p2a: Galvantula\n|\n|-weather|Hail|[upkeep]\n|upkeep\n|\n|t:|1659485263\n|switch|p2a: Bisharp|Bisharp, F|100\/100\n|turn|8\n|\n|t:|1659485329\n|move|p2a: Bisharp|Iron Head|p1a: Soybean\n|-supereffective|p1a: Soybean\n|-damage|p1a: Soybean|0 fnt\n|faint|p1a: Soybean\n|-damage|p2a: Bisharp|91\/100|[from] item: Life Orb\n|\n|-weather|Hail|[upkeep]\n|-damage|p2a: Bisharp|84\/100|[from] Hail\n|upkeep\n|\n|t:|1659485347\n|switch|p1a: Olive|Arctovish|76\/100\n|-damage|p1a: Olive|51\/100|[from] Stealth Rock\n|-activate|p1a: Olive|move: Sticky Web\n|-unboost|p1a: Olive|spe|1\n|turn|9\n|\n|t:|1659485415\n|switch|p2a: Runerigus|Runerigus, M|100\/100\n|move|p1a: Olive|Fishious Rend|p2a: Runerigus\n|-supereffective|p2a: Runerigus\n|-damage|p2a: Runerigus|0 fnt\n|-activate|p2a: Runerigus|ability: Wandering Spirit|Slush Rush|Wandering Spirit|[of] p1a: Olive\n|faint|p2a: Runerigus\n|\n|-weather|Hail|[upkeep]\n|upkeep\n|\n|t:|1659485433\n|switch|p2a: Whimsicott|Whimsicott, F|100\/100\n|turn|10\n|\n|t:|1659485463\n|move|p2a: Whimsicott|Energy Ball|p1a: Olive\n|-supereffective|p1a: Olive\n|-damage|p1a: Olive|11\/100\n|move|p1a: Olive|Icicle Spear|p2a: Whimsicott\n|-supereffective|p2a: Whimsicott\n|-damage|p2a: Whimsicott|66\/100\n|-supereffective|p2a: Whimsicott\n|-damage|p2a: Whimsicott|33\/100\n|-supereffective|p2a: Whimsicott\n|-damage|p2a: Whimsicott|0 fnt\n|faint|p2a: Whimsicott\n|-hitcount|p2: Whimsicott|3\n|\n|-weather|Hail|[upkeep]\n|-sideend|p1: zoompa|move: Aurora Veil\n|upkeep\n|\n|t:|1659485478\n|switch|p2a: Banette|Banette, M|100\/100\n|-item|p1a: Olive|Mystic Water|[from] ability: Frisk|[of] p2a: Banette|[identify]\n|turn|11\n|\n|t:|1659485497\n|switch|p1a: Sunflower|Spiritomb, M|100\/100\n|-damage|p1a: Sunflower|88\/100|[from] Stealth Rock\n|-activate|p1a: Sunflower|move: Sticky Web\n|-unboost|p1a: Sunflower|spe|1\n|detailschange|p2a: Banette|Banette-Mega, M\n|-mega|p2a: Banette|Banette|Banettite\n|move|p2a: Banette|Shadow Sneak|p1a: Sunflower\n|-damage|p1a: Sunflower|68\/100\n|\n|-weather|Hail|[upkeep]\n|-damage|p2a: Banette|94\/100|[from] Hail\n|-damage|p1a: Sunflower|62\/100|[from] Hail\n|-heal|p1a: Sunflower|68\/100|[from] item: Leftovers\n|upkeep\n|turn|12\n|\n|t:|1659485523\n|move|p2a: Banette|Shadow Claw|p1a: Sunflower\n|-damage|p1a: Sunflower|32\/100\n|move|p1a: Sunflower|Calm Mind|p1a: Sunflower\n|-boost|p1a: Sunflower|spa|1\n|-boost|p1a: Sunflower|spd|1\n|\n|-weather|Hail|[upkeep]\n|-damage|p2a: Banette|88\/100|[from] Hail\n|-damage|p1a: Sunflower|26\/100|[from] Hail\n|-heal|p1a: Sunflower|32\/100|[from] item: Leftovers\n|upkeep\n|turn|13\n|\n|t:|1659485584\n|switch|p1a: Canola|Gardevoir, F|100\/100\n|-damage|p1a: Canola|88\/100|[from] Stealth Rock\n|-activate|p1a: Canola|move: Sticky Web\n|-unboost|p1a: Canola|spe|1\n|-ability|p1a: Canola|Prankster|[from] ability: Trace|[of] p2a: Banette\n|move|p2a: Banette|Shadow Claw|p1a: Canola\n|-supereffective|p1a: Canola\n|-damage|p1a: Canola|0 fnt\n|faint|p1a: Canola\n|\n|-weather|none\n|upkeep\n|\n|t:|1659485605\n|switch|p1a: Avocado|Beartic, F|100\/100\n|-damage|p1a: Avocado|76\/100|[from] Stealth Rock\n|-activate|p1a: Avocado|move: Sticky Web\n|-unboost|p1a: Avocado|spe|1\n|turn|14\n|\n|t:|1659485657\n|switch|p2a: Coalossal|Coalossal, F|100\/100\n|-zpower|p1a: Avocado\n|move|p1a: Avocado|Subzero Slammer|p2a: Coalossal|[zeffect]\n|-resisted|p2a: Coalossal\n|-crit|p2a: Coalossal\n|-damage|p2a: Coalossal|67\/100\n|\n|upkeep\n|turn|15\n|\n|t:|1659485673\n|move|p1a: Avocado|Swords Dance|p1a: Avocado\n|-boost|p1a: Avocado|atk|2\n|move|p2a: Coalossal|Fire Punch|p1a: Avocado\n|-supereffective|p1a: Avocado\n|-damage|p1a: Avocado|21\/100\n|\n|upkeep\n|turn|16\n|\n|t:|1659485679\n|move|p1a: Avocado|Superpower|p2a: Coalossal\n|-supereffective|p2a: Coalossal\n|-enditem|p2a: Coalossal|Chople Berry|[eat]\n|-enditem|p2a: Coalossal|Chople Berry|[weaken]\n|-damage|p2a: Coalossal|22\/100\n|-unboost|p1a: Avocado|atk|1\n|-unboost|p1a: Avocado|def|1\n|move|p2a: Coalossal|Fire Punch|p1a: Avocado\n|-supereffective|p1a: Avocado\n|-damage|p1a: Avocado|0 fnt\n|faint|p1a: Avocado\n|\n|upkeep\n|\n|t:|1659485697\n|switch|p1a: Sunflower|Spiritomb, M|32\/100\n|-damage|p1a: Sunflower|20\/100|[from] Stealth Rock\n|-activate|p1a: Sunflower|move: Sticky Web\n|-unboost|p1a: Sunflower|spe|1\n|turn|17\n|\n|t:|1659485742\n|switch|p2a: Bisharp|Bisharp, F|84\/100\n|move|p1a: Sunflower|Rest|p1a: Sunflower\n|-status|p1a: Sunflower|slp|[from] move: Rest\n|-heal|p1a: Sunflower|100\/100 slp|[silent]\n|\n|upkeep\n|turn|18\n|\n|t:|1659485749\n|move|p2a: Bisharp|Knock Off|p1a: Sunflower\n|-damage|p1a: Sunflower|42\/100 slp\n|-enditem|p1a: Sunflower|Leftovers|[from] move: Knock Off|[of] p2a: Bisharp\n|-damage|p2a: Bisharp|74\/100|[from] item: Life Orb\n|cant|p1a: Sunflower|slp\n|move|p1a: Sunflower|Sleep Talk|p1a: Sunflower\n|move|p1a: Sunflower|Rest||[from]move: Sleep Talk|[still]\n|-fail|p1a: Sunflower\n|\n|upkeep\n|turn|19\n|\n|t:|1659485762\n|move|p2a: Bisharp|Iron Head|p1a: Sunflower\n|-damage|p1a: Sunflower|0 fnt\n|faint|p1a: Sunflower\n|-damage|p2a: Bisharp|65\/100|[from] item: Life Orb\n|\n|upkeep\n|\n|t:|1659485767\n|switch|p1a: Olive|Arctovish|11\/100\n|-damage|p1a: Olive|0 fnt|[from] Stealth Rock\n|-activate|p1a: Olive|move: Sticky Web\n|faint|p1a: Olive\n|\n|win|FleetFoxxx\n|c|\u2606zoompa|ggs\n|c|\u2606FleetFoxxx|gg fun games\n|c|\u2606zoompa|fur sure\n","uploadtime":1659485779,"views":10,"p1id":"zoompa","p2id":"fleetfoxxx","formatid":"gen8nationaldex","rating":0,"private":0,"password":null}