{"id":"gen8bdspou-1658714014","p1":"Dindon Ductile","p2":"filmswag","format":"gen8bdspou","log":"|j|\u2606Dindon Ductile\n|j|\u2606filmswag\n|t:|1662590848\n|gametype|singles\n|player|p1|Dindon Ductile|2|1491\n|player|p2|filmswag|169|1540\n|teamsize|p1|6\n|teamsize|p2|6\n|gen|8\n|tier|[Gen 8 BDSP] OU\n|rated|\n|rule|Sleep Clause Mod: Limit one foe put to sleep\n|rule|Species Clause: Limit one of each Pok\u00e9mon\n|rule|OHKO Clause: OHKO moves are banned\n|rule|Evasion Items Clause: Evasion items are banned\n|rule|Evasion Moves Clause: Evasion moves are banned\n|rule|Endless Battle Clause: Forcing endless battles is banned\n|rule|HP Percentage Mod: HP is shown in percentages\n|clearpoke\n|poke|p1|Salamence, F|\n|poke|p1|Roserade, F|\n|poke|p1|Alakazam, F|\n|poke|p1|Tyranitar, F|\n|poke|p1|Rotom-Wash|\n|poke|p1|Metagross|\n|poke|p2|Donphan, M|\n|poke|p2|Dragonite, M|\n|poke|p2|Jirachi|\n|poke|p2|Breloom, M|\n|poke|p2|Alakazam, M|\n|poke|p2|Azumarill, F|\n|teampreview\n|\n|t:|1662590887\n|start\n|switch|p1a: Rotom|Rotom-Wash|100\/100\n|switch|p2a: Alakazam|Alakazam, M|100\/100\n|turn|1\n|\n|t:|1662590902\n|move|p1a: Rotom|Volt Switch|p2a: Alakazam\n|-damage|p2a: Alakazam|55\/100\n|\n|t:|1662590905\n|switch|p1a: Tyranitar|Tyranitar, F|100\/100|[from]move: Volt Switch\n|-weather|Sandstorm|[from] ability: Sand Stream|[of] p1a: Tyranitar\n|move|p2a: Alakazam|Psychic|p1a: Tyranitar\n|-immune|p1a: Tyranitar\n|\n|-weather|Sandstorm|[upkeep]\n|upkeep\n|turn|2\n|\n|t:|1662590922\n|switch|p1a: Metagross|Metagross|100\/100\n|move|p2a: Alakazam|Focus Blast|p1a: Metagross\n|-damage|p1a: Metagross|54\/100\n|\n|-weather|Sandstorm|[upkeep]\n|-heal|p1a: Metagross|60\/100|[from] item: Leftovers\n|upkeep\n|turn|3\n|\n|t:|1662590930\n|move|p1a: Metagross|Bullet Punch|p2a: Alakazam\n|-damage|p2a: Alakazam|0 fnt\n|faint|p2a: Alakazam\n|\n|-weather|Sandstorm|[upkeep]\n|-heal|p1a: Metagross|66\/100|[from] item: Leftovers\n|upkeep\n|\n|t:|1662590940\n|switch|p2a: Donphan|Donphan, M|100\/100\n|turn|4\n|\n|t:|1662590948\n|switch|p1a: Salamence|Salamence, F|100\/100\n|-ability|p1a: Salamence|Intimidate|boost\n|-unboost|p2a: Donphan|atk|1\n|move|p2a: Donphan|Knock Off|p1a: Salamence\n|-damage|p1a: Salamence|82\/100\n|-enditem|p1a: Salamence|Leftovers|[from] move: Knock Off|[of] p2a: Donphan\n|\n|-weather|Sandstorm|[upkeep]\n|-damage|p1a: Salamence|76\/100|[from] Sandstorm\n|upkeep\n|turn|5\n|\n|t:|1662590967\n|switch|p1a: Alakazam|Alakazam, F|100\/100\n|move|p2a: Donphan|Ice Shard|p1a: Alakazam\n|-damage|p1a: Alakazam|76\/100\n|\n|-weather|none\n|upkeep\n|turn|6\n|\n|t:|1662590973\n|switch|p2a: Jirachi|Jirachi|100\/100\n|move|p1a: Alakazam|Energy Ball|p2a: Jirachi\n|-resisted|p2a: Jirachi\n|-damage|p2a: Jirachi|87\/100\n|\n|-heal|p2a: Jirachi|93\/100|[from] item: Leftovers\n|upkeep\n|turn|7\n|\n|t:|1662590985\n|switch|p1a: Metagross|Metagross|66\/100\n|move|p2a: Jirachi|Stealth Rock|p1a: Metagross\n|-sidestart|p1: Dindon Ductile|move: Stealth Rock\n|\n|-heal|p2a: Jirachi|99\/100|[from] item: Leftovers\n|-heal|p1a: Metagross|72\/100|[from] item: Leftovers\n|upkeep\n|turn|8\n|\n|t:|1662590991\n|move|p2a: Jirachi|U-turn|p1a: Metagross\n|-damage|p1a: Metagross|61\/100\n|\n|t:|1662590996\n|switch|p2a: Donphan|Donphan, M|100\/100|[from]move: U-turn\n|move|p1a: Metagross|Meteor Mash|p2a: Donphan|[miss]\n|-miss|p1a: Metagross|p2a: Donphan\n|\n|-heal|p1a: Metagross|68\/100|[from] item: Leftovers\n|upkeep\n|turn|9\n|\n|t:|1662591003\n|move|p1a: Metagross|Protect|p1a: Metagross\n|-singleturn|p1a: Metagross|Protect\n|move|p2a: Donphan|Knock Off|p1a: Metagross\n|-activate|p1a: Metagross|move: Protect\n|\n|-heal|p1a: Metagross|74\/100|[from] item: Leftovers\n|upkeep\n|turn|10\n|\n|t:|1662591024\n|switch|p1a: Roserade|Roserade, F|100\/100\n|-damage|p1a: Roserade|88\/100|[from] Stealth Rock\n|move|p2a: Donphan|Earthquake|p1a: Roserade\n|-damage|p1a: Roserade|13\/100\n|\n|-heal|p1a: Roserade|19\/100|[from] item: Black Sludge\n|upkeep\n|turn|11\n|\n|t:|1662591031\n|switch|p1a: Rotom|Rotom-Wash|100\/100\n|-damage|p1a: Rotom|88\/100|[from] Stealth Rock\n|move|p2a: Donphan|Ice Shard|p1a: Rotom\n|-resisted|p1a: Rotom\n|-damage|p1a: Rotom|79\/100\n|\n|upkeep\n|turn|12\n|\n|t:|1662591042\n|switch|p2a: Jirachi|Jirachi|99\/100\n|move|p1a: Rotom|Trick|p2a: Jirachi\n|-activate|p1a: Rotom|move: Trick|[of] p2a: Jirachi\n|-item|p2a: Jirachi|Choice Scarf|[from] move: Trick\n|-item|p1a: Rotom|Leftovers|[from] move: Trick\n|\n|-heal|p1a: Rotom|85\/100|[from] item: Leftovers\n|upkeep\n|turn|13\n|\n|t:|1662591051\n|move|p2a: Jirachi|U-turn|p1a: Rotom\n|-damage|p1a: Rotom|65\/100\n|\n|t:|1662591054\n|switch|p2a: Donphan|Donphan, M|100\/100|[from]move: U-turn\n|move|p1a: Rotom|Volt Switch|p2a: Donphan\n|-immune|p2a: Donphan\n|\n|-heal|p1a: Rotom|71\/100|[from] item: Leftovers\n|upkeep\n|turn|14\n|\n|t:|1662591062\n|switch|p2a: Jirachi|Jirachi|99\/100\n|move|p1a: Rotom|Hydro Pump|p2a: Jirachi\n|-damage|p2a: Jirachi|68\/100\n|\n|-heal|p1a: Rotom|77\/100|[from] item: Leftovers\n|upkeep\n|turn|15\n|\n|t:|1662591073\n|move|p2a: Jirachi|U-turn|p1a: Rotom\n|-damage|p1a: Rotom|58\/100\n|\n|t:|1662591080\n|switch|p2a: Breloom|Breloom, M|100\/100|[from]move: U-turn\n|move|p1a: Rotom|Volt Switch|p2a: Breloom\n|-resisted|p2a: Breloom\n|-damage|p2a: Breloom|69\/100\n|\n|t:|1662591087\n|switch|p1a: Alakazam|Alakazam, F|76\/100|[from]move: Volt Switch\n|\n|upkeep\n|turn|16\n|\n|t:|1662591098\n|switch|p1a: Metagross|Metagross|74\/100\n|-damage|p1a: Metagross|68\/100|[from] Stealth Rock\n|switch|p2a: Jirachi|Jirachi|68\/100\n|\n|-heal|p1a: Metagross|74\/100|[from] item: Leftovers\n|upkeep\n|turn|17\n|\n|t:|1662591105\n|move|p1a: Metagross|Protect|p1a: Metagross\n|-singleturn|p1a: Metagross|Protect\n|move|p2a: Jirachi|U-turn|p1a: Metagross\n|-activate|p1a: Metagross|move: Protect\n|\n|-heal|p1a: Metagross|80\/100|[from] item: Leftovers\n|upkeep\n|turn|18\n|\n|t:|1662591112\n|move|p2a: Jirachi|U-turn|p1a: Metagross\n|-damage|p1a: Metagross|69\/100\n|\n|t:|1662591123\n|switch|p2a: Donphan|Donphan, M|100\/100|[from]move: U-turn\n|move|p1a: Metagross|Meteor Mash|p2a: Donphan|[miss]\n|-miss|p1a: Metagross|p2a: Donphan\n|\n|-heal|p1a: Metagross|75\/100|[from] item: Leftovers\n|upkeep\n|turn|19\n|c|\u2606filmswag|ouch\n|\n|t:|1662591145\n|move|p1a: Metagross|Protect|p1a: Metagross\n|-singleturn|p1a: Metagross|Protect\n|move|p2a: Donphan|Knock Off|p1a: Metagross\n|-activate|p1a: Metagross|move: Protect\n|\n|-heal|p1a: Metagross|81\/100|[from] item: Leftovers\n|upkeep\n|turn|20\n|inactive|Battle timer is ON: inactive players will automatically lose when time's up. (requested by filmswag)\n|\n|t:|1662591167\n|switch|p1a: Salamence|Salamence, F|76\/100\n|-damage|p1a: Salamence|51\/100|[from] Stealth Rock\n|-ability|p1a: Salamence|Intimidate|boost\n|-unboost|p2a: Donphan|atk|1\n|move|p2a: Donphan|Knock Off|p1a: Salamence\n|-damage|p1a: Salamence|37\/100\n|\n|upkeep\n|turn|21\n|\n|t:|1662591178\n|switch|p1a: Tyranitar|Tyranitar, F|100\/100\n|-damage|p1a: Tyranitar|88\/100|[from] Stealth Rock\n|-weather|Sandstorm|[from] ability: Sand Stream|[of] p1a: Tyranitar\n|move|p2a: Donphan|Ice Shard|p1a: Tyranitar\n|-damage|p1a: Tyranitar|81\/100\n|\n|-weather|Sandstorm|[upkeep]\n|upkeep\n|turn|22\n|\n|t:|1662591188\n|switch|p2a: Azumarill|Azumarill, F|100\/100\n|move|p1a: Tyranitar|Ice Beam|p2a: Azumarill\n|-resisted|p2a: Azumarill\n|-damage|p2a: Azumarill|88\/100\n|\n|-weather|Sandstorm|[upkeep]\n|-damage|p2a: Azumarill|82\/100|[from] Sandstorm\n|-heal|p2a: Azumarill|88\/100|[from] item: Leftovers\n|upkeep\n|turn|23\n|\n|t:|1662591202\n|move|p2a: Azumarill|Substitute|p2a: Azumarill\n|-start|p2a: Azumarill|Substitute\n|-damage|p2a: Azumarill|63\/100\n|move|p1a: Tyranitar|Stealth Rock|p2a: Azumarill\n|-sidestart|p2: filmswag|move: Stealth Rock\n|\n|-weather|Sandstorm|[upkeep]\n|-damage|p2a: Azumarill|57\/100|[from] Sandstorm\n|-heal|p2a: Azumarill|63\/100|[from] item: Leftovers\n|upkeep\n|turn|24\n|\n|t:|1662591208\n|-singleturn|p2a: Azumarill|move: Focus Punch\n|move|p1a: Tyranitar|Earthquake|p2a: Azumarill\n|-end|p2a: Azumarill|Substitute\n|move|p2a: Azumarill|Focus Punch|p1a: Tyranitar\n|-supereffective|p1a: Tyranitar\n|-damage|p1a: Tyranitar|0 fnt\n|faint|p1a: Tyranitar\n|\n|-weather|Sandstorm|[upkeep]\n|-damage|p2a: Azumarill|57\/100|[from] Sandstorm\n|-heal|p2a: Azumarill|63\/100|[from] item: Leftovers\n|upkeep\n|\n|t:|1662591214\n|switch|p1a: Rotom|Rotom-Wash|58\/100\n|-damage|p1a: Rotom|46\/100|[from] Stealth Rock\n|turn|25\n|\n|t:|1662591239\n|switch|p2a: Jirachi|Jirachi|68\/100\n|-damage|p2a: Jirachi|62\/100|[from] Stealth Rock\n|move|p1a: Rotom|Volt Switch|p2a: Jirachi\n|-damage|p2a: Jirachi|44\/100\n|\n|t:|1662591247\n|switch|p1a: Salamence|Salamence, F|37\/100|[from]move: Volt Switch\n|-damage|p1a: Salamence|12\/100|[from] Stealth Rock\n|-ability|p1a: Salamence|Intimidate|boost\n|-unboost|p2a: Jirachi|atk|1\n|\n|-weather|none\n|upkeep\n|turn|26\n|\n|t:|1662591260\n|move|p2a: Jirachi|U-turn|p1a: Salamence\n|-resisted|p1a: Salamence\n|-damage|p1a: Salamence|7\/100\n|\n|t:|1662591263\n|switch|p2a: Donphan|Donphan, M|100\/100|[from]move: U-turn\n|-damage|p2a: Donphan|94\/100|[from] Stealth Rock\n|move|p1a: Salamence|Roost|p1a: Salamence\n|-heal|p1a: Salamence|57\/100\n|-singleturn|p1a: Salamence|move: Roost\n|\n|upkeep\n|turn|27\n|\n|t:|1662591271\n|move|p2a: Donphan|Rapid Spin|p1a: Salamence\n|-damage|p1a: Salamence|41\/100\n|-boost|p2a: Donphan|spe|1\n|-sideend|p2: filmswag|Stealth Rock|[from] move: Rapid Spin|[of] p2a: Donphan\n|move|p1a: Salamence|Dragon Tail|p2a: Donphan\n|-damage|p2a: Donphan|74\/100\n|drag|p2a: Azumarill|Azumarill, F|63\/100\n|\n|-heal|p2a: Azumarill|69\/100|[from] item: Leftovers\n|upkeep\n|turn|28\n|\n|t:|1662591291\n|move|p1a: Salamence|Defog|p2a: Azumarill\n|-unboost|p2a: Azumarill|evasion|1\n|-sideend|p1: Dindon Ductile|Stealth Rock|[from] move: Defog|[of] p1a: Salamence\n|move|p2a: Azumarill|Play Rough|p1a: Salamence\n|-supereffective|p1a: Salamence\n|-damage|p1a: Salamence|0 fnt\n|faint|p1a: Salamence\n|\n|-heal|p2a: Azumarill|76\/100|[from] item: Leftovers\n|upkeep\n|\n|t:|1662591301\n|switch|p1a: Alakazam|Alakazam, F|76\/100\n|turn|29\n|j| itzabloodtime\n|l| itzabloodtime\n|\n|t:|1662591321\n|move|p1a: Alakazam|Psychic|p2a: Azumarill\n|-damage|p2a: Azumarill|0 fnt\n|faint|p2a: Azumarill\n|\n|upkeep\n|\n|t:|1662591326\n|switch|p2a: Jirachi|Jirachi|44\/100\n|turn|30\n|\n|t:|1662591334\n|switch|p1a: Roserade|Roserade, F|19\/100\n|move|p2a: Jirachi|Stealth Rock|p1a: Roserade\n|-sidestart|p1: Dindon Ductile|move: Stealth Rock\n|\n|-heal|p1a: Roserade|25\/100|[from] item: Black Sludge\n|upkeep\n|turn|31\n|\n|t:|1662591363\n|switch|p2a: Donphan|Donphan, M|74\/100\n|move|p1a: Roserade|Sludge Bomb|p2a: Donphan\n|-resisted|p2a: Donphan\n|-damage|p2a: Donphan|42\/100\n|\n|-heal|p1a: Roserade|31\/100|[from] item: Black Sludge\n|upkeep\n|turn|32\n|\n|t:|1662591374\n|switch|p1a: Metagross|Metagross|81\/100\n|-damage|p1a: Metagross|75\/100|[from] Stealth Rock\n|move|p2a: Donphan|Rapid Spin|p1a: Metagross\n|-resisted|p1a: Metagross\n|-damage|p1a: Metagross|69\/100\n|-boost|p2a: Donphan|spe|1\n|\n|-heal|p1a: Metagross|75\/100|[from] item: Leftovers\n|upkeep\n|turn|33\n|\n|t:|1662591383\n|move|p1a: Metagross|Protect|p1a: Metagross\n|-singleturn|p1a: Metagross|Protect\n|move|p2a: Donphan|Earthquake|p1a: Metagross\n|-activate|p1a: Metagross|move: Protect\n|\n|-heal|p1a: Metagross|81\/100|[from] item: Leftovers\n|upkeep\n|turn|34\n|\n|t:|1662591391\n|move|p2a: Donphan|Rapid Spin|p1a: Metagross\n|-resisted|p1a: Metagross\n|-damage|p1a: Metagross|74\/100\n|-boost|p2a: Donphan|spe|1\n|move|p1a: Metagross|Meteor Mash|p2a: Donphan\n|-damage|p2a: Donphan|0 fnt\n|-boost|p1a: Metagross|atk|1\n|faint|p2a: Donphan\n|\n|-heal|p1a: Metagross|80\/100|[from] item: Leftovers\n|upkeep\n|\n|t:|1662591395\n|switch|p2a: Dragonite|Dragonite, M|100\/100\n|turn|35\n|\n|t:|1662591420\n|move|p1a: Metagross|Bullet Punch|p2a: Dragonite\n|-damage|p2a: Dragonite|80\/100\n|move|p2a: Dragonite|Earthquake|p1a: Metagross\n|-supereffective|p1a: Metagross\n|-damage|p1a: Metagross|0 fnt\n|faint|p1a: Metagross\n|\n|upkeep\n|\n|t:|1662591428\n|switch|p1a: Alakazam|Alakazam, F|76\/100\n|turn|36\n|\n|t:|1662591440\n|switch|p2a: Jirachi|Jirachi|44\/100\n|move|p1a: Alakazam|Psyshock|p2a: Jirachi\n|-resisted|p2a: Jirachi\n|-damage|p2a: Jirachi|30\/100\n|\n|upkeep\n|turn|37\n|\n|t:|1662591452\n|switch|p1a: Rotom|Rotom-Wash|46\/100\n|-damage|p1a: Rotom|33\/100|[from] Stealth Rock\n|move|p2a: Jirachi|Healing Wish|p2a: Jirachi\n|faint|p2a: Jirachi\n|\n|-heal|p1a: Rotom|39\/100|[from] item: Leftovers\n|upkeep\n|\n|t:|1662591456\n|switch|p2a: Dragonite|Dragonite, M|80\/100\n|-heal|p2a: Dragonite|100\/100|[from] move: Healing Wish\n|turn|38\n|c|\u2606filmswag|ggwp\n|\n|t:|1662591467\n|move|p2a: Dragonite|Extreme Speed|p1a: Rotom\n|-damage|p1a: Rotom|0 fnt\n|faint|p1a: Rotom\n|\n|upkeep\n|\n|t:|1662591471\n|switch|p1a: Alakazam|Alakazam, F|76\/100\n|turn|39\n|\n|t:|1662591474\n|move|p2a: Dragonite|Extreme Speed|p1a: Alakazam\n|-damage|p1a: Alakazam|0 fnt\n|faint|p1a: Alakazam\n|\n|upkeep\n|-message|Dindon Ductile forfeited.\n|\n|win|filmswag\n|raw|Dindon Ductile's rating: 1491 &rarr; <strong>1474<\/strong><br \/>(-17 for losing)\n|raw|filmswag's rating: 1540 &rarr; <strong>1557<\/strong><br \/>(+17 for winning)\n|l|\u2606Dindon Ductile\n|l|\u2606filmswag\n","uploadtime":1662591483,"views":5,"p1id":"dindonductile","p2id":"filmswag","formatid":"gen8bdspou","rating":1474,"private":0,"password":null}