{"id":"gen8nationaldex-1646802230","p1":"FleetFoxxx","p2":"Bugsileus","format":"gen8nationaldex","log":"|j|\u2606FleetFoxxx\n|j|\u2606Bugsileus\n|t:|1661309098\n|gametype|singles\n|player|p1|FleetFoxxx|flannery|\n|player|p2|Bugsileus|roxanne|\n|teamsize|p1|6\n|teamsize|p2|6\n|gen|8\n|tier|[Gen 8] National Dex\n|rule|HP Percentage Mod: HP is shown in percentages\n|rule|Endless Battle Clause: Forcing endless battles is banned\n|rule|OHKO Clause: OHKO moves are banned\n|rule|Evasion Moves Clause: Evasion moves are banned\n|rule|Species Clause: Limit one of each Pok\u00e9mon\n|rule|Dynamax Clause: You cannot dynamax\n|rule|Sleep Clause Mod: Limit one foe put to sleep\n|clearpoke\n|poke|p1|Galvantula, M|\n|poke|p1|Runerigus, M|\n|poke|p1|Banette, F|\n|poke|p1|Coalossal, M|\n|poke|p1|Bisharp, F|\n|poke|p1|Whimsicott, M|\n|poke|p2|Lycanroc, F|\n|poke|p2|Carracosta, M|\n|poke|p2|Cradily, M|\n|poke|p2|Armaldo, M|\n|poke|p2|Archeops, F|\n|poke|p2|Crustle, M|\n|teampreview\n|j| yes munchlax\n|j| sh0shin4\n|j| Deathbypudding\n|j|+111ace111@!\n|j| DerpyDots\n|j| Matieu\n|j| blissymaster\n|c|\u2606FleetFoxxx|gl hf!\n|c|\u2606Bugsileus|glhf!\n|\n|t:|1661309192\n|start\n|switch|p1a: Banette|Banette, F|100\/100\n|switch|p2a: Wink Chain Sword|Crustle, M|100\/100\n|-item|p2a: Wink Chain Sword|White Herb|[from] ability: Frisk|[of] p1a: Banette|[identify]\n|turn|1\n|\n|t:|1661309200\n|detailschange|p1a: Banette|Banette-Mega, F\n|-mega|p1a: Banette|Banette|Banettite\n|move|p1a: Banette|Shadow Claw|p2a: Wink Chain Sword\n|-damage|p2a: Wink Chain Sword|58\/100\n|move|p2a: Wink Chain Sword|Shell Smash|p2a: Wink Chain Sword\n|-unboost|p2a: Wink Chain Sword|def|1\n|-unboost|p2a: Wink Chain Sword|spd|1\n|-boost|p2a: Wink Chain Sword|atk|2\n|-boost|p2a: Wink Chain Sword|spa|2\n|-boost|p2a: Wink Chain Sword|spe|2\n|-enditem|p2a: Wink Chain Sword|White Herb\n|-clearnegativeboost|p2a: Wink Chain Sword|[silent]\n|\n|upkeep\n|turn|2\n|\n|t:|1661309237\n|move|p1a: Banette|Destiny Bond|p1a: Banette\n|-singlemove|p1a: Banette|Destiny Bond\n|move|p2a: Wink Chain Sword|Shadow Claw|p1a: Banette\n|-supereffective|p1a: Banette\n|-damage|p1a: Banette|0 fnt\n|faint|p1a: Banette\n|-activate|p1a: Banette|move: Destiny Bond\n|faint|p2a: Wink Chain Sword\n|\n|upkeep\n|\n|t:|1661309258\n|switch|p1a: Galvantula|Galvantula, M|100\/100\n|switch|p2a: Supreme Thunder|Cradily, M|100\/100\n|turn|3\n|\n|t:|1661309286\n|move|p1a: Galvantula|Volt Switch|p2a: Supreme Thunder\n|-resisted|p2a: Supreme Thunder\n|-damage|p2a: Supreme Thunder|87\/100\n|\n|t:|1661309290\n|switch|p1a: Coalossal|Coalossal, M|100\/100|[from]move: Volt Switch\n|move|p2a: Supreme Thunder|Rock Tomb|p1a: Coalossal\n|-supereffective|p1a: Coalossal\n|-damage|p1a: Coalossal|85\/100\n|-unboost|p1a: Coalossal|spe|1\n|\n|upkeep\n|turn|4\n|\n|t:|1661309300\n|-zpower|p2a: Supreme Thunder\n|move|p2a: Supreme Thunder|Tectonic Rage|p1a: Coalossal|[zeffect]\n|-supereffective|p1a: Coalossal\n|-damage|p1a: Coalossal|0 fnt\n|faint|p1a: Coalossal\n|\n|upkeep\n|\n|t:|1661309309\n|switch|p1a: Bisharp|Bisharp, F|100\/100\n|turn|5\n|j| bsvhsvj\n|\n|t:|1661309370\n|-zpower|p1a: Bisharp\n|move|p1a: Bisharp|Corkscrew Crash|p2a: Supreme Thunder|[zeffect]\n|-supereffective|p2a: Supreme Thunder\n|-damage|p2a: Supreme Thunder|0 fnt\n|faint|p2a: Supreme Thunder\n|\n|upkeep\n|\n|t:|1661309388\n|switch|p2a: Deep Submerge|Armaldo, M|100\/100\n|turn|6\n|c| Deathbypudding|so I went to the grocery store earlier\n|c| Deathbypudding|and was going to get the ingredients I needed to make some pickles\n|c| yes munchlax|whats the deal with grocery stores\n|\n|t:|1661309429\n|switch|p1a: Runerigus|Runerigus, M|100\/100\n|move|p2a: Deep Submerge|Brick Break|p1a: Runerigus\n|-immune|p1a: Runerigus\n|\n|upkeep\n|turn|7\n|c| Deathbypudding|and what do I find\n|c| Deathbypudding|except that someone has purchased all of the dill\n|c| Deathbypudding|there's none\n|\n|t:|1661309447\n|switch|p2a: Aqua Rhapsody|Carracosta, M|100\/100\n|move|p1a: Runerigus|Body Press|p2a: Aqua Rhapsody\n|-supereffective|p2a: Aqua Rhapsody\n|-damage|p2a: Aqua Rhapsody|54\/100\n|\n|upkeep\n|turn|8\n|c| Deathbypudding|that's fine I can go get some at another store\n|c| Deathbypudding|but I still need some vinegar\n|c| Deathbypudding|so I go to grab the vinegar\n|c| Deathbypudding|nope\n|c| Deathbypudding|someone bought all the white vinegar\n|c| Deathbypudding|basically all of this is to say that cradily looks a lot like a pickle\n|\n|t:|1661309497\n|switch|p1a: Whimsicott|Whimsicott, M|100\/100\n|move|p2a: Aqua Rhapsody|Surf|p1a: Whimsicott\n|-resisted|p1a: Whimsicott\n|-crit|p1a: Whimsicott\n|-damage|p1a: Whimsicott|60\/100\n|\n|-heal|p1a: Whimsicott|66\/100|[from] item: Leftovers\n|upkeep\n|turn|9\n|c| DerpyDots|someone pause the game i need the rest of puddings grocery list\n|\n|t:|1661309511\n|switch|p2a: Deep Submerge|Armaldo, M|100\/100\n|move|p1a: Whimsicott|Energy Ball|p2a: Deep Submerge\n|-damage|p2a: Deep Submerge|59\/100\n|\n|-heal|p1a: Whimsicott|73\/100|[from] item: Leftovers\n|upkeep\n|turn|10\n|\n|t:|1661309523\n|switch|p1a: Runerigus|Runerigus, M|100\/100\n|move|p2a: Deep Submerge|Stone Edge|p1a: Runerigus\n|-resisted|p1a: Runerigus\n|-damage|p1a: Runerigus|80\/100\n|\n|-heal|p1a: Runerigus|86\/100|[from] item: Leftovers\n|upkeep\n|turn|11\n|c| bsvhsvj|pickle cradily\n|c| bsvhsvj|Funniest shit I've ever seen\n|\n|t:|1661309537\n|move|p2a: Deep Submerge|Liquidation|p1a: Runerigus\n|-supereffective|p1a: Runerigus\n|-damage|p1a: Runerigus|38\/100\n|-activate|p1a: Runerigus|ability: Wandering Spirit|Swift Swim|Wandering Spirit|[of] p2a: Deep Submerge\n|move|p1a: Runerigus|Body Press|p2a: Deep Submerge\n|-damage|p2a: Deep Submerge|35\/100\n|-activate|p2a: Deep Submerge|ability: Wandering Spirit|Swift Swim|Wandering Spirit|[of] p1a: Runerigus\n|\n|-heal|p1a: Runerigus|44\/100|[from] item: Leftovers\n|upkeep\n|turn|12\n|j| VeVii\n|\n|t:|1661309593\n|move|p2a: Deep Submerge|Liquidation|p1a: Runerigus\n|-supereffective|p1a: Runerigus\n|-damage|p1a: Runerigus|0 fnt\n|-activate|p1a: Runerigus|ability: Wandering Spirit|Swift Swim|Wandering Spirit|[of] p2a: Deep Submerge\n|faint|p1a: Runerigus\n|\n|upkeep\n|\n|t:|1661309655\n|switch|p1a: Whimsicott|Whimsicott, M|73\/100\n|turn|13\n|\n|t:|1661309664\n|move|p1a: Whimsicott|Moonblast|p2a: Deep Submerge\n|-damage|p2a: Deep Submerge|0 fnt\n|faint|p2a: Deep Submerge\n|\n|-heal|p1a: Whimsicott|79\/100|[from] item: Leftovers\n|upkeep\n|\n|t:|1661309669\n|switch|p2a: Burning Mandala|Archeops, F|100\/100\n|turn|14\n|l| VeVii\n|\n|t:|1661309680\n|move|p1a: Whimsicott|Tailwind|p1a: Whimsicott\n|-sidestart|p1: FleetFoxxx|move: Tailwind\n|move|p2a: Burning Mandala|Rock Blast|p1a: Whimsicott\n|-damage|p1a: Whimsicott|59\/100\n|-damage|p1a: Whimsicott|37\/100\n|-damage|p1a: Whimsicott|17\/100\n|-hitcount|p1a: Whimsicott|3\n|\n|-heal|p1a: Whimsicott|23\/100|[from] item: Leftovers\n|upkeep\n|turn|15\n|\n|t:|1661309700\n|switch|p1a: Bisharp|Bisharp, F|100\/100\n|move|p2a: Burning Mandala|Rock Blast|p1a: Bisharp\n|-resisted|p1a: Bisharp\n|-damage|p1a: Bisharp|92\/100\n|-resisted|p1a: Bisharp\n|-damage|p1a: Bisharp|84\/100\n|-resisted|p1a: Bisharp\n|-damage|p1a: Bisharp|75\/100\n|-hitcount|p1a: Bisharp|3\n|\n|upkeep\n|turn|16\n|\n|t:|1661309738\n|move|p1a: Bisharp|Iron Head|p2a: Burning Mandala\n|-supereffective|p2a: Burning Mandala\n|-damage|p2a: Burning Mandala|0 fnt\n|faint|p2a: Burning Mandala\n|\n|upkeep\n|\n|t:|1661309755\n|switch|p2a: Princess Halation|Lycanroc, F|100\/100\n|turn|17\n|\n|t:|1661309771\n|move|p1a: Bisharp|Iron Head|p2a: Princess Halation\n|-supereffective|p2a: Princess Halation\n|-enditem|p2a: Princess Halation|Focus Sash\n|-damage|p2a: Princess Halation|1\/100\n|cant|p2a: Princess Halation|flinch\n|-ability|p2a: Princess Halation|Steadfast|boost\n|-boost|p2a: Princess Halation|spe|1\n|\n|-sideend|p1: FleetFoxxx|move: Tailwind\n|upkeep\n|turn|18\n|\n|t:|1661309788\n|move|p1a: Bisharp|Sucker Punch|p2a: Princess Halation\n|-damage|p2a: Princess Halation|0 fnt\n|faint|p2a: Princess Halation\n|\n|upkeep\n|\n|t:|1661309795\n|switch|p2a: Aqua Rhapsody|Carracosta, M|54\/100\n|turn|19\n|l| bsvhsvj\n|\n|t:|1661309833\n|move|p1a: Bisharp|Knock Off|p2a: Aqua Rhapsody\n|-damage|p2a: Aqua Rhapsody|4\/100\n|-enditem|p2a: Aqua Rhapsody|Heavy-Duty Boots|[from] move: Knock Off|[of] p1a: Bisharp\n|move|p2a: Aqua Rhapsody|Shell Smash|p2a: Aqua Rhapsody\n|-unboost|p2a: Aqua Rhapsody|def|1\n|-unboost|p2a: Aqua Rhapsody|spd|1\n|-boost|p2a: Aqua Rhapsody|atk|2\n|-boost|p2a: Aqua Rhapsody|spa|2\n|-boost|p2a: Aqua Rhapsody|spe|2\n|\n|upkeep\n|turn|20\n|\n|t:|1661309844\n|move|p2a: Aqua Rhapsody|Aqua Jet|p1a: Bisharp\n|-damage|p1a: Bisharp|39\/100\n|move|p1a: Bisharp|Sucker Punch||[still]\n|-fail|p1a: Bisharp\n|\n|upkeep\n|turn|21\n|c| Matieu|well i didnt know about that interaction\n|\n|t:|1661309884\n|move|p1a: Bisharp|Sucker Punch||[still]\n|-fail|p1a: Bisharp\n|move|p2a: Aqua Rhapsody|Shell Smash|p2a: Aqua Rhapsody\n|-unboost|p2a: Aqua Rhapsody|def|1\n|-unboost|p2a: Aqua Rhapsody|spd|1\n|-boost|p2a: Aqua Rhapsody|atk|2\n|-boost|p2a: Aqua Rhapsody|spa|2\n|-boost|p2a: Aqua Rhapsody|spe|2\n|\n|upkeep\n|turn|22\n|\n|t:|1661309897\n|move|p2a: Aqua Rhapsody|Aqua Jet|p1a: Bisharp\n|-damage|p1a: Bisharp|0 fnt\n|faint|p1a: Bisharp\n|\n|upkeep\n|\n|t:|1661309900\n|switch|p1a: Galvantula|Galvantula, M|100\/100\n|turn|23\n|\n|t:|1661309904\n|move|p2a: Aqua Rhapsody|Aqua Jet|p1a: Galvantula\n|-damage|p1a: Galvantula|18\/100\n|move|p1a: Galvantula|Volt Switch|p2a: Aqua Rhapsody\n|-supereffective|p2a: Aqua Rhapsody\n|-damage|p2a: Aqua Rhapsody|0 fnt\n|faint|p2a: Aqua Rhapsody\n|\n|win|FleetFoxxx\n|c|\u2606Bugsileus|rip\n|c|\u2606Bugsileus|GG!\n|c|\u2606FleetFoxxx|gg!\n|c|\u2606Bugsileus|ready for game 2 when you are\n","uploadtime":1661309915,"views":21,"p1id":"fleetfoxxx","p2id":"bugsileus","formatid":"gen8nationaldex","rating":0,"private":0,"password":null}