{"id":"gen8ou-1140770100","p1":"ranitidine","p2":"OUTZ Jim","format":"gen8ou","log":"|j|\u2606ranitidine\n|j|\u2606OUTZ Jim\n|player|p1|ranitidine|170|1505\n|player|p2|OUTZ Jim|marshal|1483\n|teamsize|p1|6\n|teamsize|p2|6\n|gametype|singles\n|gen|8\n|tier|[Gen 8] OU\n|rated|\n|clearpoke\n|poke|p1|Magearna|\n|poke|p1|Mew|\n|poke|p1|Grimmsnarl, M|\n|poke|p1|Azumarill, M|\n|poke|p1|Alakazam, M|\n|poke|p1|Volcarona, M|\n|poke|p2|Exeggutor-Alola, M|\n|poke|p2|Primarina, F|\n|poke|p2|Excadrill, F|\n|poke|p2|Miltank, F|\n|poke|p2|Urshifu-*, F|\n|poke|p2|Togekiss, M|\n|rule|Sleep Clause Mod: Limit one foe put to sleep\n|rule|Species Clause: Limit one of each Pok\u00e9mon\n|rule|OHKO Clause: OHKO moves are banned\n|rule|Evasion Moves Clause: Evasion moves are banned\n|rule|Endless Battle Clause: Forcing endless battles is banned\n|rule|HP Percentage Mod: HP is shown in percentages\n|rule|Dynamax Clause: You cannot dynamax\n|teampreview\n|\n|start\n|switch|p1a: Mew|Mew|100\/100\n|switch|p2a: Excadrill|Excadrill, F|100\/100\n|-ability|p2a: Excadrill|Mold Breaker\n|turn|1\n|\n|move|p1a: Mew|Flare Blitz|p2a: Excadrill\n|-supereffective|p2a: Excadrill\n|-damage|p2a: Excadrill|23\/100\n|-damage|p1a: Mew|78\/100|[from] Recoil\n|move|p2a: Excadrill|Rapid Spin|p1a: Mew\n|-damage|p1a: Mew|62\/100\n|-boost|p2a: Excadrill|spe|1\n|-enditem|p1a: Mew|Red Card|[of] p2a: Excadrill\n|drag|p2a: Togekiss|Togekiss, M|100\/100\n|\n|upkeep\n|turn|2\n|\n|move|p2a: Togekiss|Air Slash|p1a: Mew\n|-damage|p1a: Mew|30\/100\n|move|p1a: Mew|Stealth Rock|p2a: Togekiss\n|-sidestart|p2: OUTZ Jim|move: Stealth Rock\n|\n|upkeep\n|turn|3\n|\n|move|p2a: Togekiss|Air Slash|p1a: Mew\n|-damage|p1a: Mew|0 fnt\n|faint|p1a: Mew\n|\n|upkeep\n|\n|switch|p1a: Grimmsnarl|Grimmsnarl, M|100\/100\n|turn|4\n|\n|switch|p2a: Excadrill|Excadrill, F|23\/100\n|-damage|p2a: Excadrill|20\/100|[from] Stealth Rock\n|-ability|p2a: Excadrill|Mold Breaker\n|move|p1a: Grimmsnarl|Light Screen|p1a: Grimmsnarl\n|-sidestart|p1: ranitidine|move: Light Screen\n|\n|-heal|p2a: Excadrill|26\/100|[from] item: Leftovers\n|upkeep\n|turn|5\n|\n|move|p2a: Excadrill|Iron Head|p1a: Grimmsnarl\n|-supereffective|p1a: Grimmsnarl\n|-damage|p1a: Grimmsnarl|0 fnt\n|faint|p1a: Grimmsnarl\n|\n|-heal|p2a: Excadrill|32\/100|[from] item: Leftovers\n|upkeep\n|\n|switch|p1a: Volcarona|Volcarona, M|100\/100\n|turn|6\n|\n|move|p1a: Volcarona|Quiver Dance|p1a: Volcarona\n|-boost|p1a: Volcarona|spa|1\n|-boost|p1a: Volcarona|spd|1\n|-boost|p1a: Volcarona|spe|1\n|move|p2a: Excadrill|Rapid Spin|p1a: Volcarona\n|-damage|p1a: Volcarona|73\/100\n|-boost|p2a: Excadrill|spe|1\n|-sideend|p2: OUTZ Jim|Stealth Rock|[from] move: Rapid Spin|[of] p2a: Excadrill\n|\n|-heal|p2a: Excadrill|38\/100|[from] item: Leftovers\n|upkeep\n|turn|7\n|\n|move|p1a: Volcarona|Flamethrower|p2a: Excadrill\n|-supereffective|p2a: Excadrill\n|-crit|p2a: Excadrill\n|-damage|p2a: Excadrill|0 fnt\n|faint|p2a: Excadrill\n|\n|upkeep\n|\n|switch|p2a: Primarina|Primarina, F|100\/100\n|turn|8\n|\n|move|p1a: Volcarona|Psychic|p2a: Primarina\n|-damage|p2a: Primarina|63\/100\n|move|p2a: Primarina|Calm Mind|p2a: Primarina\n|-boost|p2a: Primarina|spa|1\n|-boost|p2a: Primarina|spd|1\n|\n|-heal|p2a: Primarina|69\/100|[from] item: Leftovers\n|upkeep\n|turn|9\n|\n|move|p1a: Volcarona|Quiver Dance|p1a: Volcarona\n|-boost|p1a: Volcarona|spa|1\n|-boost|p1a: Volcarona|spd|1\n|-boost|p1a: Volcarona|spe|1\n|move|p2a: Primarina|Calm Mind|p2a: Primarina\n|-boost|p2a: Primarina|spa|1\n|-boost|p2a: Primarina|spd|1\n|\n|-heal|p2a: Primarina|75\/100|[from] item: Leftovers\n|upkeep\n|turn|10\n|\n|move|p1a: Volcarona|Quiver Dance|p1a: Volcarona\n|-boost|p1a: Volcarona|spa|1\n|-boost|p1a: Volcarona|spd|1\n|-boost|p1a: Volcarona|spe|1\n|move|p2a: Primarina|Calm Mind|p2a: Primarina\n|-boost|p2a: Primarina|spa|1\n|-boost|p2a: Primarina|spd|1\n|\n|-heal|p2a: Primarina|81\/100|[from] item: Leftovers\n|upkeep\n|turn|11\n|\n|move|p1a: Volcarona|Quiver Dance|p1a: Volcarona\n|-boost|p1a: Volcarona|spa|1\n|-boost|p1a: Volcarona|spd|1\n|-boost|p1a: Volcarona|spe|1\n|move|p2a: Primarina|Calm Mind|p2a: Primarina\n|-boost|p2a: Primarina|spa|1\n|-boost|p2a: Primarina|spd|1\n|\n|-heal|p2a: Primarina|87\/100|[from] item: Leftovers\n|-sideend|p1: ranitidine|move: Light Screen\n|upkeep\n|turn|12\n|\n|move|p1a: Volcarona|Quiver Dance|p1a: Volcarona\n|-boost|p1a: Volcarona|spa|1\n|-boost|p1a: Volcarona|spd|1\n|-boost|p1a: Volcarona|spe|1\n|move|p2a: Primarina|Calm Mind|p2a: Primarina\n|-boost|p2a: Primarina|spa|1\n|-boost|p2a: Primarina|spd|1\n|\n|-heal|p2a: Primarina|93\/100|[from] item: Leftovers\n|upkeep\n|turn|13\n|\n|move|p1a: Volcarona|Quiver Dance|p1a: Volcarona\n|-boost|p1a: Volcarona|spa|1\n|-boost|p1a: Volcarona|spd|1\n|-boost|p1a: Volcarona|spe|1\n|move|p2a: Primarina|Calm Mind|p2a: Primarina\n|-boost|p2a: Primarina|spa|1\n|-boost|p2a: Primarina|spd|1\n|\n|-heal|p2a: Primarina|99\/100|[from] item: Leftovers\n|upkeep\n|turn|14\n|\n|move|p1a: Volcarona|Psychic|p2a: Primarina\n|-damage|p2a: Primarina|77\/100\n|move|p2a: Primarina|Scald|p1a: Volcarona\n|-supereffective|p1a: Volcarona\n|-damage|p1a: Volcarona|7\/100\n|\n|-heal|p2a: Primarina|83\/100|[from] item: Leftovers\n|upkeep\n|turn|15\n|\n|move|p1a: Volcarona|Psychic|p2a: Primarina\n|-damage|p2a: Primarina|58\/100\n|move|p2a: Primarina|Scald|p1a: Volcarona\n|-supereffective|p1a: Volcarona\n|-damage|p1a: Volcarona|0 fnt\n|faint|p1a: Volcarona\n|\n|-heal|p2a: Primarina|64\/100|[from] item: Leftovers\n|upkeep\n|\n|switch|p1a: Alakazam|Alakazam, M|100\/100\n|turn|16\n|\n|move|p1a: Alakazam|Psyshock|p2a: Primarina\n|-damage|p2a: Primarina|19\/100\n|move|p2a: Primarina|Moonblast|p1a: Alakazam\n|-enditem|p1a: Alakazam|Focus Sash\n|-damage|p1a: Alakazam|1\/100\n|\n|-heal|p2a: Primarina|25\/100|[from] item: Leftovers\n|upkeep\n|turn|17\n|\n|move|p1a: Alakazam|Psyshock|p2a: Primarina\n|-damage|p2a: Primarina|0 fnt\n|faint|p2a: Primarina\n|\n|upkeep\n|\n|switch|p2a: Togekiss|Togekiss, M|100\/100\n|turn|18\n|\n|move|p2a: Togekiss|Air Slash|p1a: Alakazam\n|-damage|p1a: Alakazam|0 fnt\n|faint|p1a: Alakazam\n|\n|upkeep\n|\n|switch|p1a: Magearna|Magearna|100\/100\n|turn|19\n|\n|switch|p2a: Urshifu|Urshifu, F|100\/100\n|move|p1a: Magearna|Shift Gear|p1a: Magearna\n|-boost|p1a: Magearna|spe|2\n|-boost|p1a: Magearna|atk|1\n|\n|upkeep\n|turn|20\n|\n|move|p1a: Magearna|Draining Kiss|p2a: Urshifu\n|-supereffective|p2a: Urshifu\n|-damage|p2a: Urshifu|0 fnt\n|faint|p2a: Urshifu\n|-ability|p1a: Magearna|Soul-Heart|boost\n|-boost|p1a: Magearna|spa|1\n|\n|upkeep\n|\n|switch|p2a: Togekiss|Togekiss, M|100\/100\n|turn|21\n|\n|move|p2a: Togekiss|Trick|p1a: Magearna\n|-activate|p2a: Togekiss|move: Trick|[of] p1a: Magearna\n|-item|p1a: Magearna|Choice Scarf|[from] move: Trick\n|-item|p2a: Togekiss|Weakness Policy|[from] move: Trick\n|move|p1a: Magearna|Calm Mind|p1a: Magearna\n|-boost|p1a: Magearna|spa|1\n|-boost|p1a: Magearna|spd|1\n|\n|upkeep\n|turn|22\n|\n|switch|p1a: Azumarill|Azumarill, M|100\/100\n|move|p2a: Togekiss|Nasty Plot|p2a: Togekiss\n|-boost|p2a: Togekiss|spa|2\n|\n|upkeep\n|turn|23\n|\n|move|p2a: Togekiss|Air Slash|p1a: Azumarill\n|-damage|p1a: Azumarill|12\/100\n|-enditem|p1a: Azumarill|Sitrus Berry|[eat]\n|-heal|p1a: Azumarill|36\/100|[from] item: Sitrus Berry\n|cant|p1a: Azumarill|flinch\n|\n|upkeep\n|turn|24\n|-message|ranitidine forfeited.\n|\n|win|OUTZ Jim\n|l|\u2606ranitidine\n","uploadtime":1593275543,"views":47,"p1id":"ranitidine","p2id":"outzjim","formatid":"gen8ou","rating":0,"private":0,"password":null}