{"id":"gen8ou-1702580884","p1":"Manjack","p2":"dracaufeu shiny","format":"gen8ou","log":"|j|\u2606Manjack\n|j|\u2606dracaufeu shiny\n|t:|1667569625\n|gametype|singles\n|player|p1|Manjack|102|1484\n|player|p2|dracaufeu shiny|red|1568\n|teamsize|p1|6\n|teamsize|p2|6\n|gen|8\n|tier|[Gen 8] OU\n|rated|\n|rule|Sleep Clause Mod: Limit one foe put to sleep\n|rule|Species Clause: Limit one of each Pok\u00e9mon\n|rule|OHKO Clause: OHKO moves are banned\n|rule|Evasion Items Clause: Evasion items are banned\n|rule|Evasion Moves Clause: Evasion moves are banned\n|rule|Endless Battle Clause: Forcing endless battles is banned\n|rule|HP Percentage Mod: HP is shown in percentages\n|rule|Dynamax Clause: You cannot dynamax\n|clearpoke\n|poke|p1|Landorus-Therian, M|\n|poke|p1|Clefable, M|\n|poke|p1|Heatran, F|\n|poke|p1|Toxapex, M|\n|poke|p1|Tapu Bulu|\n|poke|p1|Rotom-Wash|\n|poke|p2|Pelipper, M|\n|poke|p2|Tyranitar, M|\n|poke|p2|Ferrothorn, F|\n|poke|p2|Zapdos|\n|poke|p2|Urshifu-*, F|\n|poke|p2|Excadrill, F|\n|teampreview\n|c|\u2606Manjack|Glhf\n|\n|t:|1667569645\n|start\n|switch|p1a: Rotom|Rotom-Wash|100\/100\n|switch|p2a: Ferrothorn|Ferrothorn, F|100\/100\n|turn|1\n|\n|t:|1667569650\n|move|p1a: Rotom|Volt Switch|p2a: Ferrothorn\n|-resisted|p2a: Ferrothorn\n|-damage|p2a: Ferrothorn|89\/100\n|\n|t:|1667569655\n|switch|p1a: Heatran|Heatran, F|100\/100|[from]move: Volt Switch\n|move|p2a: Ferrothorn|Stealth Rock|p1a: Heatran\n|-sidestart|p1: Manjack|move: Stealth Rock\n|\n|-heal|p2a: Ferrothorn|96\/100|[from] item: Leftovers\n|upkeep\n|turn|2\n|\n|t:|1667569658\n|switch|p2a: Pelipper|Pelipper, M|100\/100\n|-weather|RainDance|[from] ability: Drizzle|[of] p2a: Pelipper\n|move|p1a: Heatran|Magma Storm|p2a: Pelipper\n|-resisted|p2a: Pelipper\n|-damage|p2a: Pelipper|81\/100\n|-activate|p2a: Pelipper|move: Magma Storm|[of] p1a: Heatran\n|\n|-weather|RainDance|[upkeep]\n|-damage|p2a: Pelipper|69\/100|[from] move: Magma Storm|[partiallytrapped]\n|upkeep\n|turn|3\n|\n|t:|1667569663\n|switch|p1a: Toxapex|Toxapex, M|100\/100\n|-damage|p1a: Toxapex|88\/100|[from] Stealth Rock\n|move|p2a: Pelipper|Hurricane|p1a: Toxapex\n|-damage|p1a: Toxapex|21\/100\n|\n|-weather|RainDance|[upkeep]\n|-heal|p1a: Toxapex|27\/100|[from] item: Black Sludge\n|-end|p2a: Pelipper|Magma Storm|[partiallytrapped]|[silent]\n|upkeep\n|turn|4\n|\n|t:|1667569668\n|switch|p1a: Clefable|Clefable, M|100\/100\n|move|p2a: Pelipper|Hurricane|p1a: Clefable\n|-damage|p1a: Clefable|52\/100\n|\n|-weather|RainDance|[upkeep]\n|upkeep\n|turn|5\n|\n|t:|1667569671\n|move|p2a: Pelipper|Hurricane|p1a: Clefable\n|-damage|p1a: Clefable|2\/100\n|move|p1a: Clefable|Soft-Boiled|p1a: Clefable\n|-heal|p1a: Clefable|52\/100\n|\n|-weather|RainDance|[upkeep]\n|upkeep\n|turn|6\n|\n|t:|1667569675\n|move|p2a: Pelipper|Hurricane|p1a: Clefable\n|-damage|p1a: Clefable|3\/100\n|move|p1a: Clefable|Soft-Boiled|p1a: Clefable\n|-heal|p1a: Clefable|53\/100\n|\n|-weather|none\n|upkeep\n|turn|7\n|\n|t:|1667569684\n|switch|p2a: Excadrill|Excadrill, F|100\/100\n|move|p1a: Clefable|Soft-Boiled|p1a: Clefable\n|-heal|p1a: Clefable|100\/100\n|\n|upkeep\n|turn|8\n|\n|t:|1667569693\n|switch|p2a: Ferrothorn|Ferrothorn, F|96\/100\n|switch|p1a: Landorus|Landorus-Therian, M|100\/100\n|-damage|p1a: Landorus|88\/100|[from] Stealth Rock\n|-ability|p1a: Landorus|Intimidate|boost\n|-unboost|p2a: Ferrothorn|atk|1\n|\n|-heal|p1a: Landorus|94\/100|[from] item: Leftovers\n|-heal|p2a: Ferrothorn|100\/100|[from] item: Leftovers\n|upkeep\n|turn|9\n|\n|t:|1667569705\n|switch|p1a: Heatran|Heatran, F|100\/100\n|-damage|p1a: Heatran|88\/100|[from] Stealth Rock\n|move|p2a: Ferrothorn|Knock Off|p1a: Heatran\n|-damage|p1a: Heatran|75\/100\n|-status|p2a: Ferrothorn|brn|[from] ability: Flame Body|[of] p1a: Heatran\n|-enditem|p1a: Heatran|Wide Lens|[from] move: Knock Off|[of] p2a: Ferrothorn\n|\n|-damage|p2a: Ferrothorn|94\/100 brn|[from] brn\n|upkeep\n|turn|10\n|\n|t:|1667569712\n|switch|p2a: Pelipper|Pelipper, M|69\/100\n|-weather|RainDance|[from] ability: Drizzle|[of] p2a: Pelipper\n|move|p1a: Heatran|Toxic|p2a: Pelipper\n|-status|p2a: Pelipper|tox\n|\n|-weather|RainDance|[upkeep]\n|-damage|p2a: Pelipper|63\/100 tox|[from] psn\n|upkeep\n|turn|11\n|\n|t:|1667569721\n|switch|p1a: Rotom|Rotom-Wash|100\/100\n|-damage|p1a: Rotom|88\/100|[from] Stealth Rock\n|move|p2a: Pelipper|Hurricane|p1a: Rotom\n|-resisted|p1a: Rotom\n|-damage|p1a: Rotom|48\/100\n|\n|-weather|RainDance|[upkeep]\n|-heal|p1a: Rotom|54\/100|[from] item: Leftovers\n|-damage|p2a: Pelipper|50\/100 tox|[from] psn\n|upkeep\n|turn|12\n|\n|t:|1667569727\n|switch|p2a: Ferrothorn|Ferrothorn, F|94\/100 brn\n|move|p1a: Rotom|Defog|p2a: Ferrothorn\n|-unboost|p2a: Ferrothorn|evasion|1\n|-sideend|p1: Manjack|Stealth Rock|[from] move: Defog|[of] p1a: Rotom\n|\n|-weather|RainDance|[upkeep]\n|-heal|p1a: Rotom|60\/100|[from] item: Leftovers\n|-heal|p2a: Ferrothorn|100\/100 brn|[from] item: Leftovers\n|-damage|p2a: Ferrothorn|94\/100 brn|[from] brn\n|upkeep\n|turn|13\n|\n|t:|1667569730\n|move|p1a: Rotom|Volt Switch|p2a: Ferrothorn\n|-resisted|p2a: Ferrothorn\n|-damage|p2a: Ferrothorn|83\/100 brn\n|\n|t:|1667569733\n|switch|p1a: Heatran|Heatran, F|75\/100|[from]move: Volt Switch\n|move|p2a: Ferrothorn|Knock Off|p1a: Heatran\n|-damage|p1a: Heatran|69\/100\n|\n|-weather|RainDance|[upkeep]\n|-heal|p2a: Ferrothorn|90\/100 brn|[from] item: Leftovers\n|-damage|p2a: Ferrothorn|83\/100 brn|[from] brn\n|upkeep\n|turn|14\n|\n|t:|1667569738\n|switch|p2a: Tyranitar|Tyranitar, M|100\/100\n|-weather|Sandstorm|[from] ability: Sand Stream|[of] p2a: Tyranitar\n|move|p1a: Heatran|Magma Storm|p2a: Tyranitar\n|-resisted|p2a: Tyranitar\n|-damage|p2a: Tyranitar|87\/100\n|-activate|p2a: Tyranitar|move: Magma Storm|[of] p1a: Heatran\n|\n|-weather|Sandstorm|[upkeep]\n|-damage|p2a: Tyranitar|74\/100|[from] move: Magma Storm|[partiallytrapped]\n|upkeep\n|turn|15\n|\n|t:|1667569749\n|switch|p1a: Landorus|Landorus-Therian, M|94\/100\n|-ability|p1a: Landorus|Intimidate|boost\n|-unboost|p2a: Tyranitar|atk|1\n|move|p2a: Tyranitar|Stone Edge|p1a: Landorus\n|-damage|p1a: Landorus|38\/100\n|\n|-weather|Sandstorm|[upkeep]\n|-heal|p1a: Landorus|44\/100|[from] item: Leftovers\n|-end|p2a: Tyranitar|Magma Storm|[partiallytrapped]|[silent]\n|upkeep\n|turn|16\n|\n|t:|1667569756\n|move|p2a: Tyranitar|Stone Edge|p1a: Landorus\n|-damage|p1a: Landorus|0 fnt\n|faint|p1a: Landorus\n|\n|-weather|Sandstorm|[upkeep]\n|upkeep\n|\n|t:|1667569766\n|switch|p1a: Clefable|Clefable, M|100\/100\n|turn|17\n|\n|t:|1667569771\n|switch|p2a: Pelipper|Pelipper, M|50\/100 tox\n|-weather|RainDance|[from] ability: Drizzle|[of] p2a: Pelipper\n|move|p1a: Clefable|Trick|p2a: Pelipper\n|-activate|p1a: Clefable|move: Trick|[of] p2a: Pelipper\n|-item|p2a: Pelipper|Sticky Barb|[from] move: Trick\n|-item|p1a: Clefable|Choice Specs|[from] move: Trick\n|\n|-weather|RainDance|[upkeep]\n|-damage|p2a: Pelipper|44\/100 tox|[from] psn\n|-damage|p2a: Pelipper|32\/100 tox|[from] item: Sticky Barb\n|upkeep\n|turn|18\n|\n|t:|1667569777\n|move|p2a: Pelipper|U-turn|p1a: Clefable\n|-resisted|p1a: Clefable\n|-damage|p1a: Clefable|96\/100\n|\n|t:|1667569783\n|switch|p2a: Excadrill|Excadrill, F|100\/100|[from]move: U-turn\n|move|p1a: Clefable|Trick|p2a: Excadrill\n|-activate|p1a: Clefable|move: Trick|[of] p2a: Excadrill\n|-item|p2a: Excadrill|Choice Specs|[from] move: Trick\n|-item|p1a: Clefable|Leftovers|[from] move: Trick\n|\n|-weather|RainDance|[upkeep]\n|-heal|p1a: Clefable|100\/100|[from] item: Leftovers\n|upkeep\n|turn|19\n|\n|t:|1667569793\n|switch|p1a: Rotom|Rotom-Wash|60\/100\n|move|p2a: Excadrill|Swords Dance|p2a: Excadrill\n|-boost|p2a: Excadrill|atk|2\n|\n|-weather|RainDance|[upkeep]\n|-heal|p1a: Rotom|67\/100|[from] item: Leftovers\n|upkeep\n|turn|20\n|\n|t:|1667569808\n|switch|p2a: Pelipper|Pelipper, M|32\/100 tox\n|move|p1a: Rotom|Hydro Pump|p2a: Pelipper\n|-resisted|p2a: Pelipper\n|-damage|p2a: Pelipper|0 fnt\n|faint|p2a: Pelipper\n|\n|-weather|RainDance|[upkeep]\n|-heal|p1a: Rotom|73\/100|[from] item: Leftovers\n|upkeep\n|\n|t:|1667569812\n|switch|p2a: Ferrothorn|Ferrothorn, F|83\/100 brn\n|turn|21\n|\n|t:|1667569823\n|move|p1a: Rotom|Volt Switch|p2a: Ferrothorn\n|-resisted|p2a: Ferrothorn\n|-damage|p2a: Ferrothorn|72\/100 brn\n|\n|t:|1667569825\n|switch|p1a: Heatran|Heatran, F|69\/100|[from]move: Volt Switch\n|move|p2a: Ferrothorn|Knock Off|p1a: Heatran\n|-damage|p1a: Heatran|64\/100\n|\n|-weather|none\n|-heal|p2a: Ferrothorn|79\/100 brn|[from] item: Leftovers\n|-damage|p2a: Ferrothorn|72\/100 brn|[from] brn\n|upkeep\n|turn|22\n|\n|t:|1667569828\n|switch|p2a: Excadrill|Excadrill, F|100\/100\n|move|p1a: Heatran|Toxic|p2a: Excadrill\n|-immune|p2a: Excadrill\n|\n|upkeep\n|turn|23\n|\n|t:|1667569836\n|switch|p1a: Rotom|Rotom-Wash|73\/100\n|move|p2a: Excadrill|Rapid Spin|p1a: Rotom\n|-damage|p1a: Rotom|59\/100\n|-boost|p2a: Excadrill|spe|1\n|\n|-heal|p1a: Rotom|65\/100|[from] item: Leftovers\n|upkeep\n|turn|24\n|\n|t:|1667569841\n|move|p2a: Excadrill|Rapid Spin|p1a: Rotom\n|-damage|p1a: Rotom|50\/100\n|-boost|p2a: Excadrill|spe|1\n|move|p1a: Rotom|Hydro Pump|p2a: Excadrill\n|-supereffective|p2a: Excadrill\n|-damage|p2a: Excadrill|4\/100\n|\n|-heal|p1a: Rotom|56\/100|[from] item: Leftovers\n|upkeep\n|turn|25\n|\n|t:|1667569853\n|switch|p1a: Toxapex|Toxapex, M|60\/100\n|move|p2a: Excadrill|Rapid Spin|p1a: Toxapex\n|-damage|p1a: Toxapex|50\/100\n|-boost|p2a: Excadrill|spe|1\n|\n|-heal|p1a: Toxapex|57\/100|[from] item: Black Sludge\n|upkeep\n|turn|26\n|\n|t:|1667569856\n|move|p2a: Excadrill|Rapid Spin|p1a: Toxapex\n|-damage|p1a: Toxapex|46\/100\n|-boost|p2a: Excadrill|spe|1\n|move|p1a: Toxapex|Scald|p2a: Excadrill\n|-supereffective|p2a: Excadrill\n|-damage|p2a: Excadrill|0 fnt\n|faint|p2a: Excadrill\n|\n|-heal|p1a: Toxapex|52\/100|[from] item: Black Sludge\n|upkeep\n|\n|t:|1667569860\n|switch|p2a: Zapdos|Zapdos|100\/100\n|turn|27\n|\n|t:|1667569864\n|switch|p1a: Clefable|Clefable, M|100\/100\n|move|p2a: Zapdos|Volt Switch|p1a: Clefable\n|-damage|p1a: Clefable|83\/100\n|\n|t:|1667569871\n|switch|p2a: Tyranitar|Tyranitar, M|74\/100|[from]move: Volt Switch\n|-weather|Sandstorm|[from] ability: Sand Stream|[of] p2a: Tyranitar\n|\n|-weather|Sandstorm|[upkeep]\n|-heal|p1a: Clefable|89\/100|[from] item: Leftovers\n|upkeep\n|turn|28\n|\n|t:|1667569882\n|move|p2a: Tyranitar|Heavy Slam|p1a: Clefable\n|-supereffective|p1a: Clefable\n|-damage|p1a: Clefable|0 fnt\n|faint|p1a: Clefable\n|\n|-weather|Sandstorm|[upkeep]\n|upkeep\n|inactive|Battle timer is ON: inactive players will automatically lose when time's up. (requested by dracaufeu shiny)\n|\n|t:|1667569894\n|switch|p1a: Rotom|Rotom-Wash|56\/100\n|turn|29\n|\n|t:|1667569897\n|switch|p2a: Ferrothorn|Ferrothorn, F|72\/100 brn\n|move|p1a: Rotom|Volt Switch|p2a: Ferrothorn\n|-resisted|p2a: Ferrothorn\n|-damage|p2a: Ferrothorn|62\/100 brn\n|\n|t:|1667569907\n|switch|p1a: Heatran|Heatran, F|64\/100|[from]move: Volt Switch\n|\n|-weather|Sandstorm|[upkeep]\n|-heal|p2a: Ferrothorn|68\/100 brn|[from] item: Leftovers\n|-damage|p2a: Ferrothorn|62\/100 brn|[from] brn\n|upkeep\n|turn|30\n|\n|t:|1667569912\n|move|p1a: Heatran|Magma Storm|p2a: Ferrothorn\n|-supereffective|p2a: Ferrothorn\n|-damage|p2a: Ferrothorn|0 fnt\n|faint|p2a: Ferrothorn\n|\n|-weather|Sandstorm|[upkeep]\n|upkeep\n|\n|t:|1667569915\n|switch|p2a: Tyranitar|Tyranitar, M|74\/100\n|turn|31\n|\n|t:|1667569918\n|switch|p1a: Rotom|Rotom-Wash|56\/100\n|move|p2a: Tyranitar|Stone Edge|p1a: Rotom|[miss]\n|-miss|p2a: Tyranitar|p1a: Rotom\n|\n|-weather|none\n|-heal|p1a: Rotom|63\/100|[from] item: Leftovers\n|upkeep\n|turn|32\n|\n|t:|1667569922\n|move|p2a: Tyranitar|Stone Edge|p1a: Rotom\n|-damage|p1a: Rotom|0 fnt\n|faint|p1a: Rotom\n|\n|upkeep\n|\n|t:|1667569924\n|switch|p1a: Tapu Bulu|Tapu Bulu|100\/100\n|-fieldstart|move: Grassy Terrain|[from] ability: Grassy Surge|[of] p1a: Tapu Bulu\n|turn|33\n|\n|t:|1667569927\n|switch|p2a: Zapdos|Zapdos|100\/100\n|move|p1a: Tapu Bulu|Stone Edge|p2a: Zapdos\n|-supereffective|p2a: Zapdos\n|-damage|p2a: Zapdos|33\/100\n|\n|upkeep\n|turn|34\n|\n|t:|1667569932\n|move|p2a: Zapdos|Hurricane|p1a: Tapu Bulu|[miss]\n|-miss|p2a: Zapdos|p1a: Tapu Bulu\n|move|p1a: Tapu Bulu|Horn Leech|p2a: Zapdos\n|-resisted|p2a: Zapdos\n|-damage|p2a: Zapdos|10\/100\n|\n|upkeep\n|turn|35\n|\n|t:|1667569936\n|switch|p1a: Heatran|Heatran, F|64\/100\n|move|p2a: Zapdos|Hurricane|p1a: Heatran|[miss]\n|-miss|p2a: Zapdos|p1a: Heatran\n|\n|-heal|p1a: Heatran|70\/100|[from] Grassy Terrain\n|upkeep\n|turn|36\n|\n|t:|1667569940\n|move|p2a: Zapdos|Roost|p2a: Zapdos\n|-heal|p2a: Zapdos|60\/100\n|-singleturn|p2a: Zapdos|move: Roost\n|move|p1a: Heatran|Magma Storm|p2a: Zapdos|[miss]\n|-miss|p1a: Heatran|p2a: Zapdos\n|\n|-heal|p2a: Zapdos|66\/100|[from] Grassy Terrain\n|-heal|p1a: Heatran|76\/100|[from] Grassy Terrain\n|upkeep\n|turn|37\n|\n|t:|1667569944\n|move|p2a: Zapdos|Discharge|p1a: Heatran\n|-damage|p1a: Heatran|56\/100\n|-status|p1a: Heatran|par\n|move|p1a: Heatran|Toxic|p2a: Zapdos\n|-status|p2a: Zapdos|tox\n|\n|-heal|p1a: Heatran|62\/100 par|[from] Grassy Terrain\n|-damage|p2a: Zapdos|60\/100 tox|[from] psn\n|-fieldend|move: Grassy Terrain\n|upkeep\n|turn|38\n|\n|t:|1667569946\n|move|p2a: Zapdos|Volt Switch|p1a: Heatran\n|-damage|p1a: Heatran|44\/100 par\n|\n|t:|1667569949\n|switch|p2a: Tyranitar|Tyranitar, M|74\/100|[from]move: Volt Switch\n|-weather|Sandstorm|[from] ability: Sand Stream|[of] p2a: Tyranitar\n|move|p1a: Heatran|Magma Storm|p2a: Tyranitar|[miss]\n|-miss|p1a: Heatran|p2a: Tyranitar\n|\n|-weather|Sandstorm|[upkeep]\n|upkeep\n|turn|39\n|\n|t:|1667569953\n|move|p2a: Tyranitar|Stone Edge|p1a: Heatran\n|-damage|p1a: Heatran|0 fnt\n|faint|p1a: Heatran\n|\n|-weather|Sandstorm|[upkeep]\n|upkeep\n|\n|t:|1667569956\n|switch|p1a: Tapu Bulu|Tapu Bulu|100\/100\n|-fieldstart|move: Grassy Terrain|[from] ability: Grassy Surge|[of] p1a: Tapu Bulu\n|turn|40\n|\n|t:|1667569962\n|switch|p2a: Urshifu|Urshifu-Rapid-Strike, F|100\/100\n|move|p1a: Tapu Bulu|Stone Edge|p2a: Urshifu\n|-resisted|p2a: Urshifu\n|-damage|p2a: Urshifu|81\/100\n|\n|-weather|Sandstorm|[upkeep]\n|-damage|p2a: Urshifu|75\/100|[from] Sandstorm\n|-damage|p1a: Tapu Bulu|94\/100|[from] Sandstorm\n|-heal|p2a: Urshifu|81\/100|[from] Grassy Terrain\n|-heal|p1a: Tapu Bulu|100\/100|[from] Grassy Terrain\n|upkeep\n|turn|41\n|\n|t:|1667569967\n|move|p2a: Urshifu|Ice Punch|p1a: Tapu Bulu\n|-supereffective|p1a: Tapu Bulu\n|-damage|p1a: Tapu Bulu|51\/100\n|move|p1a: Tapu Bulu|Stone Edge|p2a: Urshifu\n|-resisted|p2a: Urshifu\n|-damage|p2a: Urshifu|62\/100\n|\n|-weather|Sandstorm|[upkeep]\n|-damage|p2a: Urshifu|56\/100|[from] Sandstorm\n|-damage|p1a: Tapu Bulu|45\/100|[from] Sandstorm\n|-heal|p2a: Urshifu|62\/100|[from] Grassy Terrain\n|-heal|p1a: Tapu Bulu|51\/100|[from] Grassy Terrain\n|-heal|p1a: Tapu Bulu|57\/100|[from] item: Leftovers\n|upkeep\n|turn|42\n|\n|t:|1667569973\n|switch|p1a: Toxapex|Toxapex, M|85\/100\n|move|p2a: Urshifu|Ice Punch|p1a: Toxapex\n|-resisted|p1a: Toxapex\n|-damage|p1a: Toxapex|78\/100\n|\n|-weather|none\n|-heal|p2a: Urshifu|69\/100|[from] Grassy Terrain\n|-heal|p1a: Toxapex|84\/100|[from] Grassy Terrain\n|-heal|p1a: Toxapex|90\/100|[from] item: Black Sludge\n|upkeep\n|turn|43\n|\n|t:|1667569976\n|move|p2a: Urshifu|Ice Punch|p1a: Toxapex\n|-resisted|p1a: Toxapex\n|-crit|p1a: Toxapex\n|-damage|p1a: Toxapex|79\/100\n|move|p1a: Toxapex|Stockpile|p1a: Toxapex\n|-start|p1a: Toxapex|stockpile1\n|-boost|p1a: Toxapex|def|1\n|-boost|p1a: Toxapex|spd|1\n|\n|-heal|p2a: Urshifu|75\/100|[from] Grassy Terrain\n|-heal|p1a: Toxapex|85\/100|[from] Grassy Terrain\n|-heal|p1a: Toxapex|91\/100|[from] item: Black Sludge\n|upkeep\n|turn|44\n|\n|t:|1667569981\n|switch|p2a: Zapdos|Zapdos|60\/100 tox\n|move|p1a: Toxapex|Stockpile|p1a: Toxapex\n|-start|p1a: Toxapex|stockpile2\n|-boost|p1a: Toxapex|def|1\n|-boost|p1a: Toxapex|spd|1\n|\n|-heal|p1a: Toxapex|98\/100|[from] Grassy Terrain\n|-heal|p1a: Toxapex|100\/100|[from] item: Black Sludge\n|-damage|p2a: Zapdos|54\/100 tox|[from] psn\n|-fieldend|move: Grassy Terrain\n|upkeep\n|turn|45\n|\n|t:|1667569986\n|move|p2a: Zapdos|Discharge|p1a: Toxapex\n|-supereffective|p1a: Toxapex\n|-crit|p1a: Toxapex\n|-damage|p1a: Toxapex|18\/100\n|move|p1a: Toxapex|Stockpile|p1a: Toxapex\n|-start|p1a: Toxapex|stockpile3\n|-boost|p1a: Toxapex|def|1\n|-boost|p1a: Toxapex|spd|1\n|\n|-heal|p1a: Toxapex|24\/100|[from] item: Black Sludge\n|-damage|p2a: Zapdos|42\/100 tox|[from] psn\n|upkeep\n|turn|46\n|\n|t:|1667569989\n|move|p2a: Zapdos|Volt Switch|p1a: Toxapex\n|-supereffective|p1a: Toxapex\n|-damage|p1a: Toxapex|3\/100\n|\n|t:|1667569993\n|switch|p2a: Tyranitar|Tyranitar, M|74\/100|[from]move: Volt Switch\n|-weather|Sandstorm|[from] ability: Sand Stream|[of] p2a: Tyranitar\n|move|p1a: Toxapex|Recover|p1a: Toxapex\n|-heal|p1a: Toxapex|53\/100\n|\n|-weather|Sandstorm|[upkeep]\n|-damage|p1a: Toxapex|47\/100|[from] Sandstorm\n|-heal|p1a: Toxapex|53\/100|[from] item: Black Sludge\n|upkeep\n|turn|47\n|\n|t:|1667570000\n|move|p2a: Tyranitar|Stone Edge|p1a: Toxapex\n|-crit|p1a: Toxapex\n|-damage|p1a: Toxapex|0 fnt\n|faint|p1a: Toxapex\n|\n|-weather|Sandstorm|[upkeep]\n|upkeep\n|\n|t:|1667570002\n|switch|p1a: Tapu Bulu|Tapu Bulu|57\/100\n|-fieldstart|move: Grassy Terrain|[from] ability: Grassy Surge|[of] p1a: Tapu Bulu\n|turn|48\n|c|\u2606Manjack|Gg\n|c|\u2606dracaufeu shiny|Chehhh\n|\n|t:|1667570013\n|move|p2a: Tyranitar|Stone Edge|p1a: Tapu Bulu|[miss]\n|-miss|p2a: Tyranitar|p1a: Tapu Bulu\n|move|p1a: Tapu Bulu|Horn Leech|p2a: Tyranitar\n|-supereffective|p2a: Tyranitar\n|-damage|p2a: Tyranitar|0 fnt\n|-heal|p1a: Tapu Bulu|94\/100|[from] drain|[of] p2a: Tyranitar\n|faint|p2a: Tyranitar\n|\n|-weather|Sandstorm|[upkeep]\n|-damage|p1a: Tapu Bulu|88\/100|[from] Sandstorm\n|-heal|p1a: Tapu Bulu|94\/100|[from] Grassy Terrain\n|-heal|p1a: Tapu Bulu|99\/100|[from] item: Leftovers\n|upkeep\n|\n|t:|1667570015\n|switch|p2a: Zapdos|Zapdos|42\/100 tox\n|turn|49\n|\n|t:|1667570028\n|move|p2a: Zapdos|Roost|p2a: Zapdos\n|-heal|p2a: Zapdos|92\/100 tox\n|-singleturn|p2a: Zapdos|move: Roost\n|move|p1a: Tapu Bulu|Horn Leech|p2a: Zapdos\n|-damage|p2a: Zapdos|49\/100 tox\n|-heal|p1a: Tapu Bulu|100\/100|[from] drain|[of] p2a: Zapdos\n|\n|-weather|Sandstorm|[upkeep]\n|-damage|p2a: Zapdos|43\/100 tox|[from] Sandstorm\n|-damage|p1a: Tapu Bulu|94\/100|[from] Sandstorm\n|-heal|p2a: Zapdos|49\/100 tox|[from] Grassy Terrain\n|-heal|p1a: Tapu Bulu|100\/100|[from] Grassy Terrain\n|-damage|p2a: Zapdos|43\/100 tox|[from] psn\n|upkeep\n|turn|50\n|\n|t:|1667570033\n|move|p2a: Zapdos|Hurricane|p1a: Tapu Bulu|[miss]\n|-miss|p2a: Zapdos|p1a: Tapu Bulu\n|move|p1a: Tapu Bulu|Horn Leech|p2a: Zapdos\n|-resisted|p2a: Zapdos\n|-damage|p2a: Zapdos|17\/100 tox\n|\n|-weather|none\n|-damage|p2a: Zapdos|5\/100 tox|[from] psn\n|upkeep\n|turn|51\n|\n|t:|1667570035\n|move|p2a: Zapdos|Hurricane|p1a: Tapu Bulu\n|-supereffective|p1a: Tapu Bulu\n|-damage|p1a: Tapu Bulu|6\/100\n|-start|p1a: Tapu Bulu|confusion\n|-activate|p1a: Tapu Bulu|confusion\n|-damage|p1a: Tapu Bulu|0 fnt|[from] confusion\n|faint|p1a: Tapu Bulu\n|\n|win|dracaufeu shiny\n|raw|Manjack's rating: 1484 &rarr; <strong>1469<\/strong><br \/>(-15 for losing)\n|raw|dracaufeu shiny's rating: 1568 &rarr; <strong>1583<\/strong><br \/>(+15 for winning)\n|l|\u2606dracaufeu shiny\n","uploadtime":1667570042,"views":9,"p1id":"manjack","p2id":"dracaufeushiny","formatid":"gen8ou","rating":1469,"private":0,"password":null}