{"id":"gen8randombattle-1577576402","p1":"Revengeboyz","p2":"xSkelly34","format":"gen8randombattle","log":"|j|\u2606Revengeboyz\n|j|\u2606xSkelly34\n|t:|1652887692\n|gametype|singles\n|player|p1|Revengeboyz|169|1916\n|player|p2|xSkelly34|bugsy|1949\n|teamsize|p1|6\n|teamsize|p2|6\n|gen|8\n|tier|[Gen 8] Random Battle\n|rated|\n|rule|Species Clause: Limit one of each Pok\u00e9mon\n|rule|HP Percentage Mod: HP is shown in percentages\n|rule|Sleep Clause Mod: Limit one foe put to sleep\n|\n|t:|1652887692\n|start\n|switch|p1a: Octillery|Octillery, L86, F|269\/269\n|switch|p2a: Sylveon|Sylveon, L84, F|297\/297\n|turn|1\n|\n|t:|1652887706\n|move|p2a: Sylveon|Hyper Voice|p1a: Octillery\n|-damage|p1a: Octillery|124\/269\n|move|p1a: Octillery|Gunk Shot|p2a: Sylveon|[miss]\n|-miss|p1a: Octillery|p2a: Sylveon\n|\n|-ability|p1a: Octillery|Moody|boost\n|-boost|p1a: Octillery|def|2\n|-unboost|p1a: Octillery|spd|1\n|upkeep\n|turn|2\n|\n|t:|1652887718\n|switch|p1a: Scizor|Scizor, L80, F|243\/243\n|move|p2a: Sylveon|Hyper Voice|p1a: Scizor\n|-resisted|p1a: Scizor\n|-crit|p1a: Scizor\n|-damage|p1a: Scizor|134\/243\n|\n|upkeep\n|turn|3\n|\n|t:|1652887729\n|switch|p1a: Toxapex|Toxapex, L82, F|216\/216\n|move|p2a: Sylveon|Mystical Fire|p1a: Toxapex\n|-resisted|p1a: Toxapex\n|-damage|p1a: Toxapex|195\/216\n|-unboost|p1a: Toxapex|spa|1\n|\n|-heal|p1a: Toxapex|208\/216|[from] item: Black Sludge\n|upkeep\n|turn|4\n|c|\u2606Revengeboyz|Every game miss\n|c|\u2606Revengeboyz|like fck off\n|\n|t:|1652887767\n|switch|p2a: Latios|Latios, L78, M|253\/253\n|move|p1a: Toxapex|Toxic|p2a: Latios\n|-status|p2a: Latios|tox\n|\n|-heal|p1a: Toxapex|216\/216|[from] item: Black Sludge\n|-damage|p2a: Latios|238\/253 tox|[from] psn\n|upkeep\n|turn|5\n|\n|t:|1652887783\n|switch|p1a: Porygon2|Porygon2, L82|274\/274\n|-ability|p1a: Porygon2|Levitate|[from] ability: Trace|[of] p2a: Latios\n|move|p2a: Latios|Psyshock|p1a: Porygon2\n|-damage|p1a: Porygon2|199\/274\n|-damage|p2a: Latios|213\/253 tox|[from] item: Life Orb\n|\n|-damage|p2a: Latios|183\/253 tox|[from] psn\n|upkeep\n|turn|6\n|\n|t:|1652887794\n|switch|p2a: Nihilego|Nihilego, L79|302\/302\n|move|p1a: Porygon2|Toxic|p2a: Nihilego\n|-immune|p2a: Nihilego\n|\n|upkeep\n|turn|7\n|\n|t:|1652887801\n|move|p2a: Nihilego|Stealth Rock|p1a: Porygon2\n|-sidestart|p1: Revengeboyz|move: Stealth Rock\n|move|p1a: Porygon2|Discharge|p2a: Nihilego\n|-damage|p2a: Nihilego|257\/302\n|\n|-heal|p2a: Nihilego|275\/302|[from] item: Black Sludge\n|upkeep\n|turn|8\n|\n|t:|1652887807\n|move|p2a: Nihilego|Sludge Wave|p1a: Porygon2\n|-damage|p1a: Porygon2|124\/274\n|move|p1a: Porygon2|Discharge|p2a: Nihilego\n|-damage|p2a: Nihilego|229\/302\n|\n|-heal|p2a: Nihilego|247\/302|[from] item: Black Sludge\n|upkeep\n|turn|9\n|\n|t:|1652887833\n|switch|p2a: Hitmonlee|Hitmonlee, L84, M|221\/221\n|move|p1a: Porygon2|Recover|p1a: Porygon2\n|-heal|p1a: Porygon2|261\/274\n|\n|upkeep\n|turn|10\n|\n|t:|1652887841\n|switch|p1a: Toxapex|Toxapex, L82, F|216\/216\n|-damage|p1a: Toxapex|189\/216|[from] Stealth Rock\n|move|p2a: Hitmonlee|Close Combat|p1a: Toxapex\n|-resisted|p1a: Toxapex\n|-damage|p1a: Toxapex|138\/216\n|-unboost|p2a: Hitmonlee|def|1\n|-unboost|p2a: Hitmonlee|spd|1\n|-enditem|p2a: Hitmonlee|White Herb\n|-clearnegativeboost|p2a: Hitmonlee|[silent]\n|\n|-heal|p1a: Toxapex|151\/216|[from] item: Black Sludge\n|upkeep\n|turn|11\n|\n|t:|1652887845\n|move|p2a: Hitmonlee|Knock Off|p1a: Toxapex\n|-damage|p1a: Toxapex|95\/216\n|-enditem|p1a: Toxapex|Black Sludge|[from] move: Knock Off|[of] p2a: Hitmonlee\n|move|p1a: Toxapex|Scald|p2a: Hitmonlee\n|-damage|p2a: Hitmonlee|178\/221\n|\n|upkeep\n|turn|12\n|\n|t:|1652887852\n|switch|p2a: Meowstic|Meowstic-F, L86, F|268\/268\n|move|p1a: Toxapex|Recover|p1a: Toxapex\n|-heal|p1a: Toxapex|203\/216\n|\n|upkeep\n|turn|13\n|\n|t:|1652887864\n|switch|p1a: Porygon2|Porygon2, L82|261\/274\n|-damage|p1a: Porygon2|227\/274|[from] Stealth Rock\n|-ability|p1a: Porygon2|Infiltrator|[from] ability: Trace|[of] p2a: Meowstic\n|move|p2a: Meowstic|Nasty Plot|p2a: Meowstic\n|-boost|p2a: Meowstic|spa|2\n|\n|upkeep\n|turn|14\n|\n|t:|1652887872\n|move|p2a: Meowstic|Psychic|p1a: Porygon2\n|-damage|p1a: Porygon2|79\/274\n|-damage|p2a: Meowstic|242\/268|[from] item: Life Orb\n|move|p1a: Porygon2|Toxic|p2a: Meowstic\n|-status|p2a: Meowstic|tox\n|\n|-damage|p2a: Meowstic|226\/268 tox|[from] psn\n|upkeep\n|turn|15\n|\n|t:|1652887876\n|move|p2a: Meowstic|Psychic|p1a: Porygon2\n|-damage|p1a: Porygon2|0 fnt\n|faint|p1a: Porygon2\n|-damage|p2a: Meowstic|200\/268 tox|[from] item: Life Orb\n|\n|-damage|p2a: Meowstic|168\/268 tox|[from] psn\n|upkeep\n|\n|t:|1652887905\n|switch|p1a: Arctozolt|Arctozolt, L86|295\/295\n|turn|16\n|\n|t:|1652887912\n|move|p2a: Meowstic|Psychic|p1a: Arctozolt\n|-damage|p1a: Arctozolt|49\/295\n|-damage|p2a: Meowstic|142\/268 tox|[from] item: Life Orb\n|move|p1a: Arctozolt|Bolt Beak|p2a: Meowstic\n|-damage|p2a: Meowstic|40\/268 tox\n|\n|-damage|p2a: Meowstic|0 fnt|[from] psn\n|faint|p2a: Meowstic\n|upkeep\n|\n|t:|1652887928\n|switch|p2a: Nihilego|Nihilego, L79|247\/302\n|turn|17\n|\n|t:|1652887933\n|move|p2a: Nihilego|Sludge Wave|p1a: Arctozolt\n|-damage|p1a: Arctozolt|0 fnt\n|faint|p1a: Arctozolt\n|-ability|p2a: Nihilego|Beast Boost|boost\n|-boost|p2a: Nihilego|spa|1\n|\n|-heal|p2a: Nihilego|265\/302|[from] item: Black Sludge\n|upkeep\n|\n|t:|1652887939\n|switch|p1a: Toxapex|Toxapex, L82, F|216\/216\n|-damage|p1a: Toxapex|189\/216|[from] Stealth Rock\n|turn|18\n|\n|t:|1652887944\n|-start|p2a: Nihilego|Dynamax|\n|-heal|p2a: Nihilego|530\/604|[silent]\n|move|p2a: Nihilego|Max Lightning|p1a: Toxapex\n|-supereffective|p1a: Toxapex\n|-damage|p1a: Toxapex|0 fnt\n|-fieldstart|move: Electric Terrain\n|faint|p1a: Toxapex\n|-ability|p2a: Nihilego|Beast Boost|boost\n|-boost|p2a: Nihilego|spa|1\n|\n|-heal|p2a: Nihilego|548\/604|[from] item: Black Sludge\n|upkeep\n|\n|t:|1652887961\n|switch|p1a: Zygarde|Zygarde-10%, L82|223\/223\n|-damage|p1a: Zygarde|210\/223|[from] Stealth Rock\n|-ability|p1a: Zygarde|Aura Break\n|turn|19\n|\n|t:|1652887969\n|-start|p1a: Zygarde|Dynamax|\n|-heal|p1a: Zygarde|420\/446|[silent]\n|move|p1a: Zygarde|Max Quake|p2a: Nihilego\n|-supereffective|p2a: Nihilego\n|-damage|p2a: Nihilego|0 fnt\n|-boost|p1a: Zygarde|spd|1\n|faint|p2a: Nihilego\n|-damage|p1a: Zygarde|398\/446|[from] item: Life Orb\n|\n|upkeep\n|\n|t:|1652887980\n|switch|p2a: Sylveon|Sylveon, L84, F|297\/297\n|turn|20\n|\n|t:|1652887984\n|move|p1a: Zygarde|Max Quake|p2a: Sylveon\n|-damage|p2a: Sylveon|67\/297\n|-boost|p1a: Zygarde|spd|1\n|-damage|p1a: Zygarde|376\/446|[from] item: Life Orb\n|move|p2a: Sylveon|Hyper Voice|p1a: Zygarde\n|-supereffective|p1a: Zygarde\n|-damage|p1a: Zygarde|242\/446\n|\n|-heal|p2a: Sylveon|85\/297|[from] item: Leftovers\n|upkeep\n|turn|21\n|\n|t:|1652887990\n|move|p1a: Zygarde|Max Strike|p2a: Sylveon\n|-damage|p2a: Sylveon|0 fnt\n|faint|p2a: Sylveon\n|-damage|p1a: Zygarde|220\/446|[from] item: Life Orb\n|\n|upkeep\n|\n|t:|1652888007\n|switch|p2a: Hitmonlee|Hitmonlee, L84, M|178\/221\n|-end|p1a: Zygarde|Dynamax\n|-heal|p1a: Zygarde|110\/223|[silent]\n|turn|22\n|\n|t:|1652888013\n|move|p1a: Zygarde|Outrage|p2a: Hitmonlee\n|-damage|p2a: Hitmonlee|0 fnt\n|faint|p2a: Hitmonlee\n|-damage|p1a: Zygarde|88\/223|[from] item: Life Orb\n|\n|-fieldend|move: Electric Terrain\n|upkeep\n|\n|t:|1652888016\n|switch|p2a: Flapple|Flapple, L84, F|255\/255\n|turn|23\n|\n|t:|1652888023\n|move|p2a: Flapple|Sucker Punch|p1a: Zygarde\n|-damage|p1a: Zygarde|0 fnt\n|faint|p1a: Zygarde\n|-damage|p2a: Flapple|230\/255|[from] item: Life Orb\n|\n|upkeep\n|\n|t:|1652888032\n|switch|p1a: Scizor|Scizor, L80, F|134\/243\n|-damage|p1a: Scizor|104\/243|[from] Stealth Rock\n|turn|24\n|\n|t:|1652888045\n|move|p2a: Flapple|Dragon Dance|p2a: Flapple\n|-boost|p2a: Flapple|atk|1\n|-boost|p2a: Flapple|spe|1\n|move|p1a: Scizor|Swords Dance|p1a: Scizor\n|-boost|p1a: Scizor|atk|2\n|\n|upkeep\n|turn|25\n|\n|t:|1652888058\n|move|p2a: Flapple|Sucker Punch||[still]\n|-fail|p2a: Flapple\n|move|p1a: Scizor|Swords Dance|p1a: Scizor\n|-boost|p1a: Scizor|atk|2\n|\n|upkeep\n|turn|26\n|\n|t:|1652888065\n|move|p2a: Flapple|Sucker Punch||[still]\n|-fail|p2a: Flapple\n|move|p1a: Scizor|Swords Dance|p1a: Scizor\n|-boost|p1a: Scizor|atk|2\n|\n|upkeep\n|turn|27\n|\n|t:|1652888067\n|move|p2a: Flapple|Sucker Punch||[still]\n|-fail|p2a: Flapple\n|move|p1a: Scizor|Swords Dance|p1a: Scizor\n|-boost|p1a: Scizor|atk|0\n|\n|upkeep\n|turn|28\n|\n|t:|1652888070\n|move|p2a: Flapple|Sucker Punch||[still]\n|-fail|p2a: Flapple\n|move|p1a: Scizor|Swords Dance|p1a: Scizor\n|-boost|p1a: Scizor|atk|0\n|\n|upkeep\n|turn|29\n|\n|t:|1652888071\n|move|p2a: Flapple|Sucker Punch||[still]\n|-fail|p2a: Flapple\n|move|p1a: Scizor|Swords Dance|p1a: Scizor\n|-boost|p1a: Scizor|atk|0\n|\n|upkeep\n|turn|30\n|\n|t:|1652888073\n|move|p1a: Scizor|Bullet Punch|p2a: Flapple\n|-damage|p2a: Flapple|0 fnt\n|faint|p2a: Flapple\n|-damage|p1a: Scizor|80\/243|[from] item: Life Orb\n|\n|upkeep\n|-message|xSkelly34 forfeited.\n|\n|win|Revengeboyz\n|raw|Revengeboyz's rating: 1916 &rarr; <strong>1938<\/strong><br \/>(+22 for winning)\n|raw|xSkelly34's rating: 1949 &rarr; <strong>1927<\/strong><br \/>(-22 for losing)\n|l|\u2606xSkelly34\n||Ladder isn't responding, score probably updated but might not have (Request timeout).\n","inputlog":">version 4c9e1ae78641d89b360ec25232a65a4f7033f808\n>start {\"formatid\":\"gen8randombattle\",\"seed\":[2430,44119,22570,59060],\"rated\":\"Rated battle\"}\n>player p1 {\"name\":\"Revengeboyz\",\"avatar\":\"169\",\"rating\":1916,\"seed\":[63698,4522,7965,39540]}\n>player p2 {\"name\":\"xSkelly34\",\"avatar\":\"bugsy\",\"rating\":1949,\"seed\":[20977,41038,11409,26814]}\n>p1 move gunkshot\n>p2 move hypervoice\n>p1 switch 3\n>p2 move hypervoice\n>p1 switch 6\n>p2 move mysticalfire\n>chat \u2606Revengeboyz|Every game miss\n>chat \u2606Revengeboyz|like fck off\n>p1 move toxic\n>p2 switch 5\n>p1 switch 2\n>p2 move psyshock\n>p1 move toxic\n>p2 switch 6\n>p1 move discharge\n>p2 move stealthrock\n>p1 move discharge\n>p2 move sludgewave\n>p1 move recover\n>p2 switch 3\n>p1 switch 2\n>p2 move closecombat\n>p1 move scald\n>p2 move knockoff\n>p1 move recover\n>p2 switch 4\n>p1 switch 2\n>p2 move nastyplot\n>p1 move toxic\n>p2 move psychic\n>p1 move recover\n>p2 move psychic\n>p1 switch 5\n>p1 move boltbeak\n>p2 move psychic\n>p2 switch 3\n>p1 move thunderwave\n>p2 move sludgewave\n>p1 switch 2\n>p1 move scald\n>p2 move thunderbolt dynamax\n>p1 switch 4\n>p1 move thousandarrows dynamax\n>p2 move grassknot dynamax\n>p2 switch 5\n>p1 move thousandarrows dynamax\n>p2 move hypervoice\n>p1 move extremespeed dynamax\n>p2 move hypervoice\n>p2 switch 4\n>p1 move outrage\n>p2 move closecombat\n>p2 switch 2\n>p1 move outrage\n>p2 move suckerpunch\n>p1 switch 6\n>p1 move swordsdance\n>p2 move dragondance\n>p1 move swordsdance\n>p2 move suckerpunch\n>p1 move swordsdance\n>p2 move suckerpunch\n>p1 move swordsdance\n>p2 move suckerpunch\n>p1 move swordsdance\n>p2 move suckerpunch\n>p1 move swordsdance\n>p2 move suckerpunch\n>p1 move bulletpunch\n>p2 move gravapple\n>forcelose p2","uploadtime":1652888081,"views":9,"p1id":"revengeboyz","p2id":"xskelly34","formatid":"gen8randombattle","rating":1927,"private":0,"password":null}