{"id":"gen8ou-1597136051","p1":"BlueDevil81","p2":"TheonReekGreyjoy","format":"gen8ou","log":"|j|\u2606BlueDevil81\n|j|\u2606TheonReekGreyjoy\n|t:|1655328514\n|gametype|singles\n|player|p1|BlueDevil81|cynthia|1704\n|player|p2|TheonReekGreyjoy|265|1767\n|teamsize|p1|6\n|teamsize|p2|6\n|gen|8\n|tier|[Gen 8] OU\n|rated|\n|rule|Sleep Clause Mod: Limit one foe put to sleep\n|rule|Species Clause: Limit one of each Pok\u00e9mon\n|rule|OHKO Clause: OHKO moves are banned\n|rule|Evasion Moves Clause: Evasion moves are banned\n|rule|Endless Battle Clause: Forcing endless battles is banned\n|rule|HP Percentage Mod: HP is shown in percentages\n|rule|Dynamax Clause: You cannot dynamax\n|clearpoke\n|poke|p1|Tapu Fini|\n|poke|p1|Zapdos-Galar|\n|poke|p1|Hydreigon, F|\n|poke|p1|Slowking-Galar, M|\n|poke|p1|Regieleki|\n|poke|p1|Landorus-Therian, M|\n|poke|p2|Arctozolt|\n|poke|p2|Tornadus-Therian, M|\n|poke|p2|Heatran, F|\n|poke|p2|Landorus-Therian, M|\n|poke|p2|Hatterene, F|\n|poke|p2|Vanilluxe, F|\n|teampreview\n|inactive|Battle timer is ON: inactive players will automatically lose when time's up. (requested by BlueDevil81)\n|\n|t:|1655328535\n|start\n|switch|p1a: Regieleki|Regieleki|100\/100\n|switch|p2a: Tornadus|Tornadus-Therian, M|100\/100\n|turn|1\n|\n|t:|1655328552\n|switch|p1a: Zapdos|Zapdos-Galar|100\/100\n|move|p2a: Tornadus|U-turn|p1a: Zapdos\n|-resisted|p1a: Zapdos\n|-crit|p1a: Zapdos\n|-damage|p1a: Zapdos|95\/100\n|\n|t:|1655328566\n|switch|p2a: Hatterene|Hatterene, F|100\/100|[from]move: U-turn\n|\n|upkeep\n|turn|2\n|\n|t:|1655328571\n|move|p1a: Zapdos|Brave Bird|p2a: Hatterene\n|-damage|p2a: Hatterene|22\/100\n|-damage|p1a: Zapdos|69\/100|[from] Recoil\n|move|p2a: Hatterene|Future Sight|p1a: Zapdos\n|-start|p2a: Hatterene|move: Future Sight\n|\n|-heal|p2a: Hatterene|28\/100|[from] item: Leftovers\n|upkeep\n|turn|3\n|\n|t:|1655328576\n|switch|p2a: Heatran|Heatran, F|100\/100\n|move|p1a: Zapdos|Brave Bird|p2a: Heatran\n|-resisted|p2a: Heatran\n|-damage|p2a: Heatran|65\/100\n|-damage|p1a: Zapdos|55\/100|[from] Recoil\n|\n|-heal|p2a: Heatran|71\/100|[from] item: Leftovers\n|upkeep\n|turn|4\n|\n|t:|1655328582\n|switch|p1a: Hydreigon|Hydreigon, F|100\/100\n|move|p2a: Heatran|Stealth Rock|p1a: Hydreigon\n|-sidestart|p1: BlueDevil81|move: Stealth Rock\n|\n|-end|p1a: Hydreigon|move: Future Sight\n|-immune|p1a: Hydreigon\n|-heal|p2a: Heatran|77\/100|[from] item: Leftovers\n|upkeep\n|turn|5\n|\n|t:|1655328589\n|switch|p2a: Tornadus|Tornadus-Therian, M|100\/100\n|move|p1a: Hydreigon|Dragon Dance|p1a: Hydreigon\n|-boost|p1a: Hydreigon|atk|1\n|-boost|p1a: Hydreigon|spe|1\n|\n|upkeep\n|turn|6\n|\n|t:|1655328593\n|move|p1a: Hydreigon|Ice Fang|p2a: Tornadus\n|-supereffective|p2a: Tornadus\n|-damage|p2a: Tornadus|29\/100\n|-status|p2a: Tornadus|frz\n|-damage|p1a: Hydreigon|91\/100|[from] item: Life Orb\n|cant|p2a: Tornadus|frz\n|\n|upkeep\n|turn|7\n|\n|t:|1655328605\n|switch|p2a: Heatran|Heatran, F|77\/100\n|move|p1a: Hydreigon|Dragon Dance|p1a: Hydreigon\n|-boost|p1a: Hydreigon|atk|1\n|-boost|p1a: Hydreigon|spe|1\n|\n|-heal|p2a: Heatran|83\/100|[from] item: Leftovers\n|upkeep\n|turn|8\n|c|\u2606TheonReekGreyjoy|Noob\n|c|\u2606TheonReekGreyjoy|abusr your hax\n|\n|t:|1655328625\n|switch|p2a: Landorus|Landorus-Therian, M|100\/100\n|-ability|p2a: Landorus|Intimidate|boost\n|-unboost|p1a: Hydreigon|atk|1\n|move|p1a: Hydreigon|Earthquake|p2a: Landorus\n|-immune|p2a: Landorus\n|\n|upkeep\n|turn|9\n|\n|t:|1655328630\n|switch|p2a: Heatran|Heatran, F|83\/100\n|move|p1a: Hydreigon|Dragon Dance|p1a: Hydreigon\n|-boost|p1a: Hydreigon|atk|1\n|-boost|p1a: Hydreigon|spe|1\n|\n|-heal|p2a: Heatran|90\/100|[from] item: Leftovers\n|upkeep\n|turn|10\n|\n|t:|1655328634\n|switch|p2a: Landorus|Landorus-Therian, M|100\/100\n|-ability|p2a: Landorus|Intimidate|boost\n|-unboost|p1a: Hydreigon|atk|1\n|move|p1a: Hydreigon|Ice Fang|p2a: Landorus\n|-supereffective|p2a: Landorus\n|-damage|p2a: Landorus|0 fnt\n|faint|p2a: Landorus\n|-damage|p1a: Hydreigon|81\/100|[from] item: Life Orb\n|\n|upkeep\n|\n|t:|1655328638\n|switch|p2a: Vanilluxe|Vanilluxe, F|100\/100\n|-weather|Hail|[from] ability: Snow Warning|[of] p2a: Vanilluxe\n|turn|11\n|\n|t:|1655328640\n|move|p1a: Hydreigon|Earthquake|p2a: Vanilluxe\n|-damage|p2a: Vanilluxe|21\/100\n|-damage|p1a: Hydreigon|71\/100|[from] item: Life Orb\n|move|p2a: Vanilluxe|Blizzard|p1a: Hydreigon\n|-supereffective|p1a: Hydreigon\n|-damage|p1a: Hydreigon|0 fnt\n|faint|p1a: Hydreigon\n|\n|-weather|Hail|[upkeep]\n|upkeep\n|\n|t:|1655328645\n|switch|p1a: Tapu Fini|Tapu Fini|100\/100\n|-damage|p1a: Tapu Fini|88\/100|[from] Stealth Rock\n|-fieldstart|move: Misty Terrain|[from] ability: Misty Surge|[of] p1a: Tapu Fini\n|turn|12\n|\n|t:|1655328650\n|move|p1a: Tapu Fini|Surf|p2a: Vanilluxe\n|-damage|p2a: Vanilluxe|0 fnt\n|faint|p2a: Vanilluxe\n|\n|-weather|Hail|[upkeep]\n|-damage|p1a: Tapu Fini|82\/100|[from] Hail\n|upkeep\n|\n|t:|1655328652\n|switch|p2a: Arctozolt|Arctozolt|100\/100\n|turn|13\n|\n|t:|1655328654\n|move|p2a: Arctozolt|Bolt Beak|p1a: Tapu Fini\n|-supereffective|p1a: Tapu Fini\n|-damage|p1a: Tapu Fini|0 fnt\n|faint|p1a: Tapu Fini\n|\n|-weather|Hail|[upkeep]\n|upkeep\n|\n|t:|1655328658\n|switch|p1a: Regieleki|Regieleki|100\/100\n|turn|14\n|\n|t:|1655328661\n|move|p1a: Regieleki|Rapid Spin|p2a: Arctozolt\n|-damage|p2a: Arctozolt|89\/100\n|-boost|p1a: Regieleki|spe|1\n|-sideend|p1: BlueDevil81|Stealth Rock|[from] move: Rapid Spin|[of] p1a: Regieleki\n|move|p2a: Arctozolt|Blizzard|p1a: Regieleki\n|-damage|p1a: Regieleki|34\/100\n|\n|-weather|Hail|[upkeep]\n|-damage|p1a: Regieleki|28\/100|[from] Hail\n|upkeep\n|turn|15\n|\n|t:|1655328672\n|move|p1a: Regieleki|Volt Switch|p2a: Arctozolt\n|-resisted|p2a: Arctozolt\n|-damage|p2a: Arctozolt|53\/100\n|j| im on dat alcohol\n|\n|t:|1655328674\n|switch|p1a: Slowking|Slowking-Galar, M|100\/100|[from]move: Volt Switch\n|move|p2a: Arctozolt|Blizzard|p1a: Slowking\n|-damage|p1a: Slowking|78\/100\n|\n|-weather|none\n|-heal|p1a: Slowking|84\/100|[from] item: Black Sludge\n|upkeep\n|turn|16\n|\n|t:|1655328681\n|move|p2a: Arctozolt|Bolt Beak|p1a: Slowking\n|-damage|p1a: Slowking|13\/100\n|move|p1a: Slowking|Flamethrower|p2a: Arctozolt\n|-supereffective|p2a: Arctozolt\n|-damage|p2a: Arctozolt|0 fnt\n|faint|p2a: Arctozolt\n|\n|-heal|p1a: Slowking|19\/100|[from] item: Black Sludge\n|-fieldend|Misty Terrain\n|upkeep\n|\n|t:|1655328691\n|switch|p2a: Heatran|Heatran, F|90\/100\n|turn|17\n|\n|t:|1655328694\n|move|p2a: Heatran|Heavy Slam|p1a: Slowking\n|-damage|p1a: Slowking|0 fnt\n|faint|p1a: Slowking\n|\n|-heal|p2a: Heatran|96\/100|[from] item: Leftovers\n|upkeep\n|\n|t:|1655328699\n|switch|p1a: Zapdos|Zapdos-Galar|55\/100\n|turn|18\n|\n|t:|1655328702\n|move|p2a: Heatran|Protect|p2a: Heatran\n|-singleturn|p2a: Heatran|Protect\n|move|p1a: Zapdos|Close Combat|p2a: Heatran\n|-activate|p2a: Heatran|move: Protect\n|\n|-heal|p2a: Heatran|100\/100|[from] item: Leftovers\n|upkeep\n|turn|19\n|\n|t:|1655328705\n|switch|p2a: Tornadus|Tornadus-Therian, M|63\/100 frz\n|move|p1a: Zapdos|Close Combat|p2a: Tornadus\n|-resisted|p2a: Tornadus\n|-damage|p2a: Tornadus|13\/100 frz\n|-unboost|p1a: Zapdos|def|1\n|-unboost|p1a: Zapdos|spd|1\n|\n|upkeep\n|turn|20\n|j| BabyPigsAreLaughin\n|\n|t:|1655328709\n|cant|p2a: Tornadus|frz\n|move|p1a: Zapdos|Close Combat|p2a: Tornadus\n|-resisted|p2a: Tornadus\n|-damage|p2a: Tornadus|0 fnt\n|-unboost|p1a: Zapdos|def|1\n|-unboost|p1a: Zapdos|spd|1\n|faint|p2a: Tornadus\n|\n|upkeep\n|\n|t:|1655328711\n|switch|p2a: Hatterene|Hatterene, F|28\/100\n|turn|21\n|\n|t:|1655328713\n|switch|p1a: Landorus|Landorus-Therian, M|100\/100\n|-ability|p1a: Landorus|Intimidate|boost\n|-unboost|p2a: Hatterene|atk|1\n|move|p2a: Hatterene|Draining Kiss|p1a: Landorus\n|-damage|p1a: Landorus|84\/100\n|-heal|p2a: Hatterene|43\/100|[from] drain|[of] p1a: Landorus\n|\n|-heal|p1a: Landorus|90\/100|[from] item: Leftovers\n|-heal|p2a: Hatterene|49\/100|[from] item: Leftovers\n|upkeep\n|turn|22\n|\n|t:|1655328718\n|move|p1a: Landorus|Earthquake|p2a: Hatterene\n|-damage|p2a: Hatterene|9\/100\n|move|p2a: Hatterene|Draining Kiss|p1a: Landorus\n|-damage|p1a: Landorus|73\/100\n|-heal|p2a: Hatterene|24\/100|[from] drain|[of] p1a: Landorus\n|\n|-heal|p1a: Landorus|80\/100|[from] item: Leftovers\n|-heal|p2a: Hatterene|30\/100|[from] item: Leftovers\n|upkeep\n|turn|23\n|j| Skinnybiscuit\n|\n|t:|1655328724\n|move|p1a: Landorus|Earthquake|p2a: Hatterene\n|-damage|p2a: Hatterene|0 fnt\n|faint|p2a: Hatterene\n|\n|-heal|p1a: Landorus|86\/100|[from] item: Leftovers\n|upkeep\n|c|\u2606BlueDevil81|gg\n|l| Skinnybiscuit\n|c|\u2606TheonReekGreyjoy|Easy win for me next time\n|inactive|TheonReekGreyjoy has 120 seconds left.\n|-message|TheonReekGreyjoy forfeited.\n|\n|win|BlueDevil81\n|raw|BlueDevil81's rating: 1704 &rarr; <strong>1728<\/strong><br \/>(+24 for winning)\n|raw|TheonReekGreyjoy's rating: 1767 &rarr; <strong>1743<\/strong><br \/>(-24 for losing)\n|l|\u2606TheonReekGreyjoy\n","uploadtime":1655328758,"views":97,"p1id":"bluedevil81","p2id":"theonreekgreyjoy","formatid":"gen8ou","rating":1728,"private":0,"password":null}