{"id":"gen8randombattle-1706976053","p1":"DelphinexO","p2":"TreeckosTreeTrunk","format":"gen8randombattle","log":"|j|\u2606DelphinexO\n|j|\u2606TreeckosTreeTrunk\n|t:|1668038092\n|gametype|singles\n|player|p1|DelphinexO|266|1098\n|player|p2|TreeckosTreeTrunk|102|1143\n|teamsize|p1|6\n|teamsize|p2|6\n|gen|8\n|tier|[Gen 8] Random Battle\n|rated|\n|rule|Species Clause: Limit one of each Pok\u00e9mon\n|rule|HP Percentage Mod: HP is shown in percentages\n|rule|Sleep Clause Mod: Limit one foe put to sleep\n|\n|t:|1668038092\n|start\n|switch|p1a: Xerneas|Xerneas, L67|280\/280\n|switch|p2a: Urshifu|Urshifu-Rapid-Strike, L78, F|284\/284\n|-ability|p1a: Xerneas|Fairy Aura\n|turn|1\n|inactive|Battle timer is ON: inactive players will automatically lose when time's up. (requested by DelphinexO)\n|\n|t:|1668038108\n|switch|p2a: Toxapex|Toxapex, L82, F|216\/216\n|move|p1a: Xerneas|Moonblast|p2a: Toxapex\n|-resisted|p2a: Toxapex\n|-damage|p2a: Toxapex|155\/216\n|-unboost|p2a: Toxapex|spa|1\n|\n|-heal|p2a: Toxapex|168\/216|[from] item: Black Sludge\n|upkeep\n|turn|2\n|\n|t:|1668038122\n|-start|p1a: Xerneas|Dynamax|\n|-heal|p1a: Xerneas|560\/560|[silent]\n|move|p1a: Xerneas|Max Mindstorm|p2a: Toxapex\n|-supereffective|p2a: Toxapex\n|-damage|p2a: Toxapex|68\/216\n|-fieldstart|move: Psychic Terrain\n|move|p2a: Toxapex|Toxic|p1a: Xerneas\n|-status|p1a: Xerneas|tox\n|\n|-heal|p2a: Toxapex|81\/216|[from] item: Black Sludge\n|-damage|p1a: Xerneas|543\/560 tox|[from] psn\n|upkeep\n|turn|3\n|inactive|TreeckosTreeTrunk has 120 seconds left.\n|\n|t:|1668038160\n|switch|p2a: Volcarona|Volcarona, L76, F|254\/254\n|move|p1a: Xerneas|Max Mindstorm|p2a: Volcarona\n|-damage|p2a: Volcarona|161\/254\n|\n|-damage|p1a: Xerneas|509\/560 tox|[from] psn\n|upkeep\n|turn|4\n|\n|t:|1668038173\n|move|p2a: Volcarona|Roost|p2a: Volcarona\n|-heal|p2a: Volcarona|254\/254\n|-singleturn|p2a: Volcarona|move: Roost\n|move|p1a: Xerneas|Max Mindstorm|p2a: Volcarona\n|-damage|p2a: Volcarona|160\/254\n|\n|-damage|p1a: Xerneas|458\/560 tox|[from] psn\n|upkeep\n|-end|p1a: Xerneas|Dynamax\n|-heal|p1a: Xerneas|229\/280 tox|[silent]\n|turn|5\n|\n|t:|1668038182\n|switch|p1a: Noivern|Noivern, L82, F|274\/274\n|move|p2a: Volcarona|Quiver Dance|p2a: Volcarona\n|-boost|p2a: Volcarona|spa|1\n|-boost|p2a: Volcarona|spd|1\n|-boost|p2a: Volcarona|spe|1\n|\n|upkeep\n|turn|6\n|\n|t:|1668038195\n|switch|p2a: Toxapex|Toxapex, L82, F|153\/216\n|move|p1a: Noivern|Hurricane|p2a: Toxapex\n|-damage|p2a: Toxapex|69\/216\n|-start|p2a: Toxapex|confusion\n|\n|-heal|p2a: Toxapex|82\/216|[from] item: Black Sludge\n|-fieldend|move: Psychic Terrain\n|upkeep\n|turn|7\n|\n|t:|1668038202\n|switch|p2a: Sudowoodo|Sudowoodo, L87, M|264\/264\n|move|p1a: Noivern|Draco Meteor|p2a: Sudowoodo\n|-damage|p2a: Sudowoodo|116\/264\n|-unboost|p1a: Noivern|spa|2\n|\n|-heal|p2a: Sudowoodo|132\/264|[from] item: Leftovers\n|upkeep\n|turn|8\n|\n|t:|1668038209\n|switch|p1a: Xerneas|Xerneas, L67|229\/280 tox\n|-ability|p1a: Xerneas|Fairy Aura\n|move|p2a: Sudowoodo|Stealth Rock|p1a: Xerneas\n|-sidestart|p1: DelphinexO|move: Stealth Rock\n|\n|-heal|p2a: Sudowoodo|148\/264|[from] item: Leftovers\n|-damage|p1a: Xerneas|212\/280 tox|[from] psn\n|upkeep\n|turn|9\n|\n|t:|1668038224\n|move|p1a: Xerneas|Moonblast|p2a: Sudowoodo\n|-damage|p2a: Sudowoodo|0 fnt\n|faint|p2a: Sudowoodo\n|\n|-damage|p1a: Xerneas|178\/280 tox|[from] psn\n|upkeep\n|\n|t:|1668038229\n|switch|p2a: Volcarona|Volcarona, L76, F|160\/254\n|turn|10\n|\n|t:|1668038236\n|switch|p1a: Noivern|Noivern, L82, F|274\/274\n|move|p2a: Volcarona|Fire Blast|p1a: Noivern\n|-resisted|p1a: Noivern\n|-damage|p1a: Noivern|203\/274\n|\n|upkeep\n|turn|11\n|\n|t:|1668038253\n|switch|p2a: Toxapex|Toxapex, L82, F|154\/216\n|move|p1a: Noivern|Hurricane|p2a: Toxapex|[miss]\n|-miss|p1a: Noivern|p2a: Toxapex\n|\n|-heal|p2a: Toxapex|167\/216|[from] item: Black Sludge\n|upkeep\n|turn|12\n|\n|t:|1668038260\n|move|p1a: Noivern|Hurricane|p2a: Toxapex\n|-damage|p2a: Toxapex|95\/216\n|move|p2a: Toxapex|Toxic|p1a: Noivern\n|-status|p1a: Noivern|tox\n|\n|-heal|p2a: Toxapex|108\/216|[from] item: Black Sludge\n|-damage|p1a: Noivern|186\/274 tox|[from] psn\n|upkeep\n|turn|13\n|\n|t:|1668038263\n|switch|p1a: Raikou|Raikou, L80|275\/275\n|-damage|p1a: Raikou|241\/275|[from] Stealth Rock\n|-ability|p1a: Raikou|Pressure\n|move|p2a: Toxapex|Recover|p2a: Toxapex\n|-heal|p2a: Toxapex|216\/216\n|\n|upkeep\n|turn|14\n|\n|t:|1668038268\n|switch|p2a: Heliolisk|Heliolisk, L82, F|236\/236\n|move|p1a: Raikou|Calm Mind|p1a: Raikou\n|-boost|p1a: Raikou|spa|1\n|-boost|p1a: Raikou|spd|1\n|\n|upkeep\n|turn|15\n|inactive|TreeckosTreeTrunk has 120 seconds left.\n|\n|t:|1668038304\n|move|p1a: Raikou|Calm Mind|p1a: Raikou\n|-boost|p1a: Raikou|spa|1\n|-boost|p1a: Raikou|spd|1\n|move|p2a: Heliolisk|Hyper Voice|p1a: Raikou\n|-damage|p1a: Raikou|177\/275\n|-damage|p2a: Heliolisk|213\/236|[from] item: Life Orb\n|\n|upkeep\n|turn|16\n|\n|t:|1668038310\n|move|p1a: Raikou|Aura Sphere|p2a: Heliolisk\n|-supereffective|p2a: Heliolisk\n|-damage|p2a: Heliolisk|0 fnt\n|faint|p2a: Heliolisk\n|-damage|p1a: Raikou|150\/275|[from] item: Life Orb\n|\n|upkeep\n|\n|t:|1668038313\n|switch|p2a: Urshifu|Urshifu-Rapid-Strike, L78, F|284\/284\n|turn|17\n|\n|t:|1668038323\n|-start|p2a: Urshifu|Dynamax|Gmax\n|-heal|p2a: Urshifu|568\/568|[silent]\n|move|p1a: Raikou|Thunderbolt|p2a: Urshifu\n|-supereffective|p2a: Urshifu\n|-damage|p2a: Urshifu|0 fnt\n|faint|p2a: Urshifu\n|-damage|p1a: Raikou|123\/275|[from] item: Life Orb\n|\n|upkeep\n|c|\u2606TreeckosTreeTrunk|outspeeds oneshots my entire team so\n|inactive|TreeckosTreeTrunk has 120 seconds left.\n|-message|TreeckosTreeTrunk forfeited.\n|\n|win|DelphinexO\n|raw|DelphinexO's rating: 1098 &rarr; <strong>1127<\/strong><br \/>(+29 for winning)\n|raw|TreeckosTreeTrunk's rating: 1143 &rarr; <strong>1115<\/strong><br \/>(-28 for losing)\n|l|\u2606TreeckosTreeTrunk\n","inputlog":">version 453a3ad56483cc6a5c08448f6577d394b68621b7\n>start {\"formatid\":\"gen8randombattle\",\"seed\":[20558,33222,43475,26449],\"rated\":\"Rated battle\"}\n>player p1 {\"name\":\"DelphinexO\",\"avatar\":\"266\",\"rating\":1098,\"seed\":[34717,41720,12523,52533]}\n>player p2 {\"name\":\"TreeckosTreeTrunk\",\"avatar\":\"102\",\"rating\":1143,\"seed\":[221,55509,46255,18142]}\n>p1 move moonblast\n>p2 switch 5\n>p1 move psyshock dynamax\n>p2 move toxic\n>p1 move psyshock dynamax\n>p2 switch 6\n>p1 move psyshock dynamax\n>p2 move roost\n>p1 switch 2\n>p2 move quiverdance\n>p1 move hurricane\n>p2 switch 6\n>p1 move dracometeor\n>p2 switch 3\n>p1 switch 2\n>p2 move stealthrock\n>p1 move moonblast\n>p2 move headsmash\n>p2 switch 6\n>p1 switch 2\n>p2 move fireblast\n>p1 move hurricane\n>p2 switch 3\n>p1 move hurricane\n>p2 move toxic\n>p1 switch 3\n>p2 move recover\n>p1 move calmmind\n>p2 switch 2\n>p1 move calmmind\n>p2 move hypervoice\n>p1 move aurasphere\n>p2 move hypervoice\n>p2 switch 5\n>p1 move thunderbolt\n>p2 move closecombat dynamax\n>chat \u2606TreeckosTreeTrunk|outspeeds oneshots my entire team so\n>forcelose p2","uploadtime":1668038343,"views":5,"p1id":"delphinexo","p2id":"treeckostreetrunk","formatid":"gen8randombattle","rating":1115,"private":0,"password":null}