{"id":"gen8oublitz-1184814412","p1":"yhdrslb","p2":"Bolonino","format":"gen8oublitz","log":"|inactive|Battle timer is ON: inactive players will automatically lose when time's up.\n|j|\u2606yhdrslb\n|j|\u2606Bolonino\n|t:|1599782465\n|player|p1|yhdrslb|30|1366\n|player|p2|Bolonino|212|1413\n|teamsize|p1|6\n|teamsize|p2|6\n|gametype|singles\n|gen|8\n|tier|[Gen 8] OU (Blitz)\n|rated|\n|clearpoke\n|poke|p1|Zeraora|\n|poke|p1|Urshifu-*, F|\n|poke|p1|Jirachi|\n|poke|p1|Mandibuzz, F|\n|poke|p1|Slowbro, M|\n|poke|p1|Amoonguss, F|\n|poke|p2|Dragapult, M|\n|poke|p2|Zeraora|\n|poke|p2|Barraskewda, M|\n|poke|p2|Weavile, M|\n|poke|p2|Chandelure, M|\n|poke|p2|Terrakion|\n|rule|Sleep Clause Mod: Limit one foe put to sleep\n|rule|Species Clause: Limit one of each Pok\u00e9mon\n|rule|OHKO Clause: OHKO moves are banned\n|rule|Evasion Moves Clause: Evasion moves are banned\n|rule|Endless Battle Clause: Forcing endless battles is banned\n|rule|HP Percentage Mod: HP is shown in percentages\n|rule|Dynamax Clause: You cannot dynamax\n|rule|Blitz: Super-fast timer\n|teampreview\n|inactive|yhdrslb has 30 seconds left.\n|\n|t:|1599782482\n|start\n|switch|p1a: Zeraora|Zeraora|100\/100\n|switch|p2a: Terrakion|Terrakion|100\/100\n|turn|1\n|inactive|Bolonino has 10 seconds left.\n|inactive|Bolonino has 5 seconds left.\n|\n|t:|1599782494\n|move|p1a: Zeraora|Volt Switch|p2a: Terrakion\n|-damage|p2a: Terrakion|74\/100\n|inactive|Bolonino has 10 seconds left this turn.\n|inactive|yhdrslb has 10 seconds left.\n|\n|t:|1599782500\n|switch|p1a: Mandibuzz|Mandibuzz, F|100\/100|[from]move: Volt Switch\n|move|p2a: Terrakion|Rock Tomb|p1a: Mandibuzz|[miss]\n|-miss|p2a: Terrakion|p1a: Mandibuzz\n|\n|upkeep\n|turn|2\n|\n|t:|1599782503\n|switch|p1a: Amoonguss|Amoonguss, F|100\/100\n|move|p2a: Terrakion|Stealth Rock|p1a: Amoonguss\n|-sidestart|p1: yhdrslb|move: Stealth Rock\n|\n|upkeep\n|turn|3\n|inactive|yhdrslb has 10 seconds left.\n|\n|t:|1599782509\n|move|p2a: Terrakion|Taunt|p1a: Amoonguss\n|-start|p1a: Amoonguss|move: Taunt\n|move|p1a: Amoonguss|Giga Drain|p2a: Terrakion\n|-supereffective|p2a: Terrakion\n|-damage|p2a: Terrakion|20\/100\n|\n|upkeep\n|turn|4\n|inactive|Bolonino has 10 seconds left.\n|\n|t:|1599782514\n|move|p2a: Terrakion|Rock Tomb|p1a: Amoonguss\n|-crit|p1a: Amoonguss\n|-damage|p1a: Amoonguss|66\/100\n|-unboost|p1a: Amoonguss|spe|1\n|move|p1a: Amoonguss|Sludge Bomb|p2a: Terrakion\n|-resisted|p2a: Terrakion\n|-damage|p2a: Terrakion|6\/100\n|\n|upkeep\n|turn|5\n|inactive|Bolonino has 10 seconds left.\n|\n|t:|1599782521\n|move|p2a: Terrakion|Close Combat|p1a: Amoonguss\n|-resisted|p1a: Amoonguss\n|-damage|p1a: Amoonguss|44\/100\n|-unboost|p2a: Terrakion|def|1\n|-unboost|p2a: Terrakion|spd|1\n|-damage|p2a: Terrakion|0 fnt|[from] item: Rocky Helmet|[of] p1a: Amoonguss\n|faint|p2a: Terrakion\n|move|p1a: Amoonguss|Giga Drain|p2: Terrakion|[notarget]\n|-fail|p1a: Amoonguss\n|\n|-end|p1a: Amoonguss|move: Taunt\n|upkeep\n|inactive|Bolonino has 10 seconds left.\n|inactive|Bolonino has 5 seconds left.\n|\n|t:|1599782533\n|switch|p2a: Weavile|Weavile, M|100\/100\n|-ability|p2a: Weavile|Pressure\n|turn|6\n|inactive|Bolonino has 10 seconds left this turn.\n|inactive|yhdrslb has 10 seconds left.\n|\n|t:|1599782540\n|switch|p1a: Urshifu|Urshifu, F|100\/100\n|-damage|p1a: Urshifu|94\/100|[from] Stealth Rock\n|move|p2a: Weavile|Knock Off|p1a: Urshifu\n|-resisted|p1a: Urshifu\n|-crit|p1a: Urshifu\n|-damage|p1a: Urshifu|68\/100\n|-enditem|p1a: Urshifu|Black Glasses|[from] move: Knock Off|[of] p2a: Weavile\n|\n|upkeep\n|turn|7\n|inactive|yhdrslb has 10 seconds left.\n|inactive|Bolonino has 10 seconds left.\n|inactive|Bolonino has 5 seconds left.\n|\n|t:|1599782554\n|switch|p2a: Barraskewda|Barraskewda, M|100\/100\n|move|p1a: Urshifu|Bulk Up|p1a: Urshifu\n|-boost|p1a: Urshifu|atk|1\n|-boost|p1a: Urshifu|def|1\n|\n|upkeep\n|turn|8\n|inactive|Bolonino has 10 seconds left this turn.\n|inactive|Bolonino has 5 seconds left.\n|\n|t:|1599782559\n|move|p1a: Urshifu|Sucker Punch|p2a: Barraskewda\n|-damage|p2a: Barraskewda|0 fnt\n|faint|p2a: Barraskewda\n|\n|upkeep\n|inactive|Bolonino has 10 seconds left this turn.\n|inactive|Bolonino has 5 seconds left.\n|\n|t:|1599782567\n|switch|p2a: Weavile|Weavile, M|100\/100\n|-ability|p2a: Weavile|Pressure\n|turn|9\n|inactive|Bolonino has 10 seconds left this turn.\n|inactive|Bolonino has 5 seconds left.\n|\n|t:|1599782575\n|move|p2a: Weavile|Icicle Crash|p1a: Urshifu\n|-damage|p1a: Urshifu|29\/100\n|cant|p1a: Urshifu|flinch\n|\n|upkeep\n|turn|10\n|inactive|Bolonino has 10 seconds left this turn.\n|\n|t:|1599782578\n|move|p1a: Urshifu|Sucker Punch|p2a: Weavile\n|-resisted|p2a: Weavile\n|-damage|p2a: Weavile|52\/100\n|move|p2a: Weavile|Icicle Crash|p1a: Urshifu\n|-damage|p1a: Urshifu|0 fnt\n|faint|p1a: Urshifu\n|\n|upkeep\n|\n|t:|1599782581\n|switch|p1a: Zeraora|Zeraora|100\/100\n|-damage|p1a: Zeraora|88\/100|[from] Stealth Rock\n|turn|11\n|inactive|Bolonino has 10 seconds left.\n|inactive|Bolonino has 5 seconds left.\n|\n|t:|1599782595\n|move|p1a: Zeraora|Knock Off|p2a: Weavile\n|-resisted|p2a: Weavile\n|-damage|p2a: Weavile|25\/100\n|-enditem|p2a: Weavile|Choice Band|[from] move: Knock Off|[of] p1a: Zeraora\n|move|p2a: Weavile|Icicle Crash|p1a: Zeraora\n|-damage|p1a: Zeraora|32\/100\n|\n|-heal|p1a: Zeraora|38\/100|[from] item: Leftovers\n|upkeep\n|turn|12\n|inactive|Bolonino has 10 seconds left this turn.\n|inactive|yhdrslb has 10 seconds left.\n|inactive|Bolonino has 5 seconds left.\n|\n|t:|1599782601\n|move|p2a: Weavile|Ice Shard|p1a: Zeraora\n|-damage|p1a: Zeraora|11\/100\n|move|p1a: Zeraora|Volt Switch|p2a: Weavile\n|-damage|p2a: Weavile|0 fnt\n|faint|p2a: Weavile\n|inactive|Bolonino has 10 seconds left this turn.\n|\n|t:|1599782605\n|switch|p1a: Mandibuzz|Mandibuzz, F|100\/100|[from]move: Volt Switch\n|\n|upkeep\n|inactive|Bolonino has 10 seconds left.\n|inactive|Bolonino has 5 seconds left.\n|\n|t:|1599782615\n|switch|p2a: Chandelure|Chandelure, M|100\/100\n|turn|13\n|inactive|Bolonino has 10 seconds left this turn.\n|\n|t:|1599782618\n|move|p2a: Chandelure|Fire Blast|p1a: Mandibuzz\n|-damage|p1a: Mandibuzz|30\/100\n|move|p1a: Mandibuzz|Foul Play|p2a: Chandelure\n|-supereffective|p2a: Chandelure\n|-crit|p2a: Chandelure\n|-damage|p2a: Chandelure|32\/100\n|-status|p1a: Mandibuzz|brn|[from] ability: Flame Body|[of] p2a: Chandelure\n|\n|-damage|p1a: Mandibuzz|24\/100 brn|[from] brn\n|upkeep\n|turn|14\n|inactive|yhdrslb has 10 seconds left.\n|\n|t:|1599782624\n|switch|p1a: Slowbro|Slowbro, M|100\/100\n|move|p2a: Chandelure|Fire Blast|p1a: Slowbro\n|-resisted|p1a: Slowbro\n|-damage|p1a: Slowbro|49\/100\n|-status|p1a: Slowbro|brn\n|\n|-damage|p1a: Slowbro|43\/100 brn|[from] brn\n|upkeep\n|turn|15\n|inactive|yhdrslb has 10 seconds left.\n|\n|t:|1599782630\n|switch|p1a: Mandibuzz|Mandibuzz, F|24\/100 brn\n|move|p2a: Chandelure|Fire Blast|p1a: Mandibuzz\n|-damage|p1a: Mandibuzz|0 fnt\n|faint|p1a: Mandibuzz\n|\n|upkeep\n|\n|t:|1599782633\n|switch|p1a: Jirachi|Jirachi|100\/100\n|-damage|p1a: Jirachi|94\/100|[from] Stealth Rock\n|turn|16\n|inactive|Bolonino has 10 seconds left.\n|\n|t:|1599782638\n|switch|p2a: Zeraora|Zeraora|100\/100\n|move|p1a: Jirachi|Psychic|p2a: Zeraora\n|-damage|p2a: Zeraora|53\/100\n|\n|-heal|p1a: Jirachi|100\/100|[from] item: Leftovers\n|upkeep\n|turn|17\n|\n|t:|1599782643\n|move|p2a: Zeraora|Knock Off|p1a: Jirachi\n|-supereffective|p1a: Jirachi\n|-damage|p1a: Jirachi|13\/100\n|-enditem|p1a: Jirachi|Leftovers|[from] move: Knock Off|[of] p2a: Zeraora\n|move|p1a: Jirachi|Psychic|p2a: Zeraora\n|-damage|p2a: Zeraora|0 fnt\n|faint|p2a: Zeraora\n|\n|upkeep\n|inactive|Bolonino has 10 seconds left.\n|inactive|Bolonino has 5 seconds left.\n|\n|t:|1599782654\n|switch|p2a: Dragapult|Dragapult, M|100\/100\n|turn|18\n|inactive|Bolonino has 10 seconds left this turn.\n|inactive|Bolonino has 5 seconds left.\n|\n|t:|1599782662\n|switch|p1a: Zeraora|Zeraora|11\/100\n|-damage|p1a: Zeraora|0 fnt|[from] Stealth Rock\n|faint|p1a: Zeraora\n|move|p2a: Dragapult|Dragon Darts|p1: Zeraora|[notarget]\n|-fail|p2a: Dragapult\n|\n|upkeep\n|inactive|Bolonino has 10 seconds left this turn.\n|\n|t:|1599782665\n|switch|p1a: Slowbro|Slowbro, M|76\/100 brn\n|turn|19\n|inactive|Bolonino has 10 seconds left.\n|\n|t:|1599782674\n|switch|p2a: Chandelure|Chandelure, M|32\/100\n|move|p1a: Slowbro|Toxic|p2a: Chandelure\n|-status|p2a: Chandelure|tox\n|\n|-damage|p2a: Chandelure|25\/100 tox|[from] psn\n|-damage|p1a: Slowbro|70\/100 brn|[from] brn\n|upkeep\n|turn|20\n|inactive|Bolonino has 10 seconds left.\n|\n|t:|1599782681\n|move|p2a: Chandelure|Shadow Ball|p1a: Slowbro\n|-supereffective|p1a: Slowbro\n|-damage|p1a: Slowbro|0 fnt\n|faint|p1a: Slowbro\n|\n|-damage|p2a: Chandelure|13\/100 tox|[from] psn\n|upkeep\n|inactive|yhdrslb has 10 seconds left.\n|\n|t:|1599782686\n|switch|p1a: Jirachi|Jirachi|13\/100\n|-damage|p1a: Jirachi|6\/100|[from] Stealth Rock\n|turn|21\n|inactive|yhdrslb has 10 seconds left.\n|\n|t:|1599782691\n|move|p1a: Jirachi|Doom Desire|p2a: Chandelure\n|-start|p1a: Jirachi|Doom Desire\n|move|p2a: Chandelure|Shadow Ball|p1a: Jirachi\n|-supereffective|p1a: Jirachi\n|-damage|p1a: Jirachi|0 fnt\n|faint|p1a: Jirachi\n|\n|-damage|p2a: Chandelure|0 fnt|[from] psn\n|faint|p2a: Chandelure\n|upkeep\n|\n|t:|1599782695\n|switch|p1a: Amoonguss|Amoonguss, F|77\/100\n|switch|p2a: Dragapult|Dragapult, M|100\/100\n|-damage|p1a: Amoonguss|65\/100|[from] Stealth Rock\n|turn|22\n|\n|t:|1599782700\n|move|p2a: Dragapult|Dragon Darts|p1a: Amoonguss\n|-damage|p1a: Amoonguss|36\/100\n|-anim|p2a: Dragapult|Dragon Darts|p1a: Amoonguss\n|-damage|p1a: Amoonguss|9\/100\n|move|p1a: Amoonguss|Spore|p2a: Dragapult\n|-status|p2a: Dragapult|slp|[from] move: Spore\n|\n|upkeep\n|turn|23\n|\n|t:|1599782703\n|cant|p2a: Dragapult|slp\n|move|p1a: Amoonguss|Giga Drain|p2a: Dragapult\n|-resisted|p2a: Dragapult\n|-damage|p2a: Dragapult|86\/100 slp\n|-heal|p1a: Amoonguss|15\/100|[from] drain|[of] p2a: Dragapult\n|\n|-end|p2a: Dragapult|move: Doom Desire\n|-damage|p2a: Dragapult|0 fnt\n|upkeep\n|faint|p2a: Dragapult\n|\n|win|yhdrslb\n|raw|yhdrslb's rating: 1380 &rarr; <strong>1401<\/strong><br \/>(+21 for winning)\n|raw|Bolonino's rating: 1414 &rarr; <strong>1392<\/strong><br \/>(-22 for losing)\n","uploadtime":1599782710,"views":17,"p1id":"yhdrslb","p2id":"bolonino","formatid":"gen8oublitz","rating":1392,"private":0,"password":null}