{"id":"gen8randombattle-1706969522","p1":"ac1516","p2":"ni haop","format":"gen8randombattle","log":"|j|\u2606ac1516\n|j|\u2606ni haop\n|t:|1668037439\n|gametype|singles\n|player|p1|ac1516|supernerd|1864\n|player|p2|ni haop|169|1859\n|teamsize|p1|6\n|teamsize|p2|6\n|gen|8\n|tier|[Gen 8] Random Battle\n|rated|\n|rule|Species Clause: Limit one of each Pok\u00e9mon\n|rule|HP Percentage Mod: HP is shown in percentages\n|rule|Sleep Clause Mod: Limit one foe put to sleep\n|\n|t:|1668037439\n|start\n|switch|p1a: Snorlax|Snorlax, L82, M|397\/397\n|switch|p2a: Sudowoodo|Sudowoodo, L87, F|264\/264\n|turn|1\n|inactive|Battle timer is ON: inactive players will automatically lose when time's up. (requested by ni haop)\n|\n|t:|1668037466\n|move|p2a: Sudowoodo|Head Smash|p1a: Snorlax\n|-crit|p1a: Snorlax\n|-damage|p1a: Snorlax|0 fnt\n|faint|p1a: Snorlax\n|\n|upkeep\n|\n|t:|1668037474\n|switch|p1a: Tentacruel|Tentacruel, L84, F|272\/272\n|turn|2\n|\n|t:|1668037487\n|move|p1a: Tentacruel|Scald|p2a: Sudowoodo\n|-supereffective|p2a: Sudowoodo\n|-damage|p2a: Sudowoodo|90\/264\n|move|p2a: Sudowoodo|Head Smash|p1a: Tentacruel|[miss]\n|-miss|p2a: Sudowoodo|p1a: Tentacruel\n|\n|upkeep\n|turn|3\n|\n|t:|1668037506\n|move|p1a: Tentacruel|Scald|p2a: Sudowoodo\n|-supereffective|p2a: Sudowoodo\n|-damage|p2a: Sudowoodo|0 fnt\n|faint|p2a: Sudowoodo\n|\n|upkeep\n|\n|t:|1668037520\n|switch|p2a: Drapion|Drapion, L82, M|249\/249\n|turn|4\n|\n|t:|1668037525\n|move|p1a: Tentacruel|Scald|p2a: Drapion\n|-damage|p2a: Drapion|162\/249\n|move|p2a: Drapion|Earthquake|p1a: Tentacruel\n|-supereffective|p1a: Tentacruel\n|-damage|p1a: Tentacruel|61\/272\n|-damage|p2a: Drapion|138\/249|[from] item: Life Orb\n|\n|-heal|p1a: Tentacruel|78\/272|[from] item: Black Sludge\n|upkeep\n|turn|5\n|\n|t:|1668037533\n|move|p1a: Tentacruel|Scald|p2a: Drapion\n|-damage|p2a: Drapion|60\/249\n|move|p2a: Drapion|Knock Off|p1a: Tentacruel\n|-damage|p1a: Tentacruel|0 fnt\n|-enditem|p1a: Tentacruel|Black Sludge|[from] move: Knock Off|[of] p2a: Drapion\n|faint|p1a: Tentacruel\n|-damage|p2a: Drapion|36\/249|[from] item: Life Orb\n|\n|upkeep\n|\n|t:|1668037537\n|switch|p1a: Galvantula|Galvantula, L82, M|249\/249\n|turn|6\n|\n|t:|1668037564\n|move|p1a: Galvantula|Sticky Web|p2a: Drapion\n|-sidestart|p2: ni haop|move: Sticky Web\n|move|p2a: Drapion|Knock Off|p1a: Galvantula\n|-damage|p1a: Galvantula|100\/249\n|-enditem|p1a: Galvantula|Heavy-Duty Boots|[from] move: Knock Off|[of] p2a: Drapion\n|-damage|p2a: Drapion|12\/249|[from] item: Life Orb\n|\n|upkeep\n|turn|7\n|\n|t:|1668037569\n|move|p1a: Galvantula|Giga Drain|p2a: Drapion\n|-resisted|p2a: Drapion\n|-damage|p2a: Drapion|0 fnt\n|-heal|p1a: Galvantula|106\/249|[from] drain|[of] p2a: Drapion\n|faint|p2a: Drapion\n|\n|upkeep\n|\n|t:|1668037570\n|switch|p2a: Noivern|Noivern, L82, M|274\/274\n|turn|8\n|\n|t:|1668037576\n|move|p2a: Noivern|Defog|p1a: Galvantula\n|-unboost|p1a: Galvantula|evasion|1\n|-sideend|p2: ni haop|Sticky Web|[from] move: Defog|[of] p2a: Noivern\n|move|p1a: Galvantula|Thunder|p2a: Noivern\n|-damage|p2a: Noivern|145\/274\n|\n|upkeep\n|turn|9\n|\n|t:|1668037584\n|switch|p1a: Cradily|Cradily, L86, F|288\/288\n|move|p2a: Noivern|Hurricane|p1a: Cradily\n|-damage|p1a: Cradily|197\/288\n|\n|-heal|p1a: Cradily|215\/288|[from] item: Leftovers\n|upkeep\n|turn|10\n|\n|t:|1668037596\n|switch|p2a: Golurk|Golurk, L82|280\/280\n|move|p1a: Cradily|Stone Edge|p2a: Golurk\n|-resisted|p2a: Golurk\n|-damage|p2a: Golurk|229\/280\n|\n|-heal|p1a: Cradily|233\/288|[from] item: Leftovers\n|upkeep\n|turn|11\n|\n|t:|1668037601\n|move|p2a: Golurk|Dynamic Punch|p1a: Cradily\n|-supereffective|p1a: Cradily\n|-damage|p1a: Cradily|54\/288\n|-start|p1a: Cradily|confusion\n|-damage|p2a: Golurk|201\/280|[from] item: Life Orb\n|-activate|p1a: Cradily|confusion\n|move|p1a: Cradily|Power Whip|p2a: Golurk\n|-supereffective|p2a: Golurk\n|-damage|p2a: Golurk|0 fnt\n|faint|p2a: Golurk\n|\n|-heal|p1a: Cradily|72\/288|[from] item: Leftovers\n|upkeep\n|\n|t:|1668037607\n|switch|p2a: Entei|Entei, L78|307\/307\n|turn|12\n|\n|t:|1668037613\n|move|p2a: Entei|Flare Blitz|p1a: Cradily\n|-damage|p1a: Cradily|0 fnt\n|faint|p1a: Cradily\n|-damage|p2a: Entei|283\/307|[from] Recoil\n|\n|upkeep\n|\n|t:|1668037617\n|switch|p1a: Galvantula|Galvantula, L82, M|106\/249\n|turn|13\n|\n|t:|1668037640\n|move|p1a: Galvantula|Thunder|p2a: Entei\n|-damage|p2a: Entei|138\/307\n|move|p2a: Entei|Flare Blitz|p1a: Galvantula\n|-supereffective|p1a: Galvantula\n|-damage|p1a: Galvantula|0 fnt\n|faint|p1a: Galvantula\n|-damage|p2a: Entei|103\/307|[from] Recoil\n|\n|upkeep\n|\n|t:|1668037648\n|switch|p1a: Escavalier|Escavalier, L84, F|238\/238\n|turn|14\n|\n|t:|1668037656\n|-start|p1a: Escavalier|Dynamax|\n|-heal|p1a: Escavalier|476\/476|[silent]\n|move|p1a: Escavalier|Max Ooze|p2a: Entei\n|-damage|p2a: Entei|0 fnt\n|-boost|p1a: Escavalier|spa|1\n|faint|p2a: Entei\n|-damage|p1a: Escavalier|453\/476|[from] item: Life Orb\n|\n|upkeep\n|\n|t:|1668037664\n|switch|p2a: Scyther|Scyther, L81, F|246\/246\n|turn|15\n|\n|t:|1668037668\n|-start|p2a: Scyther|Dynamax|\n|-heal|p2a: Scyther|492\/492|[silent]\n|move|p1a: Escavalier|Max Flare|p2a: Scyther\n|-supereffective|p2a: Scyther\n|-damage|p2a: Scyther|47\/492\n|-weather|SunnyDay\n|-damage|p1a: Escavalier|430\/476|[from] item: Life Orb\n|move|p2a: Scyther|Max Airstream|p1a: Escavalier\n|-damage|p1a: Escavalier|241\/476\n|-boost|p2a: Scyther|spe|1\n|replace|p1a: Zoroark|Zoroark, L84, F\n|-end|p1a: Zoroark|Illusion\n|\n|-weather|SunnyDay|[upkeep]\n|upkeep\n|turn|16\n|\n|t:|1668037679\n|move|p2a: Scyther|Max Guard|p2a: Scyther\n|-singleturn|p2a: Scyther|Max Guard\n|move|p1a: Zoroark|Max Ooze|p2a: Scyther\n|-activate|p2a: Scyther|move: Max Guard\n|\n|-weather|SunnyDay|[upkeep]\n|upkeep\n|-end|p1a: Zoroark|Dynamax\n|-heal|p1a: Zoroark|121\/238|[silent]\n|turn|17\n|\n|t:|1668037682\n|move|p2a: Scyther|Max Airstream|p1a: Zoroark\n|-damage|p1a: Zoroark|0 fnt\n|-boost|p2a: Scyther|spe|1\n|faint|p1a: Zoroark\n|\n|-weather|SunnyDay|[upkeep]\n|upkeep\n|\n|t:|1668037685\n|switch|p1a: Escavalier|Escavalier, L84, F|255\/255\n|-end|p2a: Scyther|Dynamax\n|-heal|p2a: Scyther|24\/246|[silent]\n|turn|18\n|\n|t:|1668037690\n|move|p2a: Scyther|Dual Wingbeat|p1a: Escavalier\n|-damage|p1a: Escavalier|201\/255\n|-damage|p1a: Escavalier|149\/255\n|-hitcount|p1a: Escavalier|2\n|move|p1a: Escavalier|Iron Head|p2a: Scyther\n|-damage|p2a: Scyther|0 fnt\n|faint|p2a: Scyther\n|\n|-weather|SunnyDay|[upkeep]\n|-heal|p1a: Escavalier|164\/255|[from] item: Leftovers\n|upkeep\n|\n|t:|1668037693\n|switch|p2a: Noivern|Noivern, L82, M|145\/274\n|turn|19\n|\n|t:|1668037696\n|move|p2a: Noivern|Roost|p2a: Noivern\n|-heal|p2a: Noivern|274\/274\n|-singleturn|p2a: Noivern|move: Roost\n|move|p1a: Escavalier|Iron Head|p2a: Noivern\n|-damage|p2a: Noivern|159\/274\n|\n|-weather|none\n|-heal|p1a: Escavalier|179\/255|[from] item: Leftovers\n|upkeep\n|turn|20\n|\n|t:|1668037699\n|move|p2a: Noivern|Hurricane|p1a: Escavalier\n|-damage|p1a: Escavalier|85\/255\n|-start|p1a: Escavalier|confusion\n|-activate|p1a: Escavalier|confusion\n|move|p1a: Escavalier|Swords Dance|p1a: Escavalier\n|-boost|p1a: Escavalier|atk|2\n|\n|-heal|p1a: Escavalier|100\/255|[from] item: Leftovers\n|upkeep\n|turn|21\n|\n|t:|1668037704\n|move|p2a: Noivern|Hurricane|p1a: Escavalier|[miss]\n|-miss|p2a: Noivern|p1a: Escavalier\n|-activate|p1a: Escavalier|confusion\n|move|p1a: Escavalier|Iron Head|p2a: Noivern\n|-damage|p2a: Noivern|0 fnt\n|faint|p2a: Noivern\n|\n|win|ac1516\n|raw|ac1516's rating: 1864 &rarr; <strong>1884<\/strong><br \/>(+20 for winning)\n|raw|ni haop's rating: 1859 &rarr; <strong>1839<\/strong><br \/>(-20 for losing)\n|l|\u2606ni haop\n||Ladder isn't responding, score probably updated but might not have (Request timeout).\n","inputlog":">version 453a3ad56483cc6a5c08448f6577d394b68621b7\n>start {\"formatid\":\"gen8randombattle\",\"seed\":[58622,10148,19341,5090],\"rated\":\"Rated battle\"}\n>player p1 {\"name\":\"ac1516\",\"avatar\":\"supernerd\",\"rating\":1864,\"seed\":[48300,2588,17355,6525]}\n>player p2 {\"name\":\"ni haop\",\"avatar\":\"169\",\"rating\":1859,\"seed\":[43406,53592,29579,61863]}\n>p1 move curse\n>p2 move headsmash\n>p1 switch 5\n>p1 move scald\n>p2 move headsmash\n>p1 move scald\n>p2 move headsmash\n>p2 switch 4\n>p1 move scald\n>p2 move earthquake\n>p1 move scald\n>p2 move knockoff\n>p1 switch 4\n>p1 move stickyweb\n>p2 move knockoff\n>p1 move gigadrain\n>p2 move toxicspikes\n>p2 switch 3\n>p1 move thunder\n>p2 move defog\n>p1 switch 2\n>p2 move hurricane\n>p1 move stoneedge\n>p2 switch 2\n>p1 move powerwhip\n>p2 move dynamicpunch\n>p2 switch 5\n>p1 move stoneedge\n>p2 move flareblitz\n>p1 switch 2\n>p1 move thunder\n>p2 move flareblitz\n>p1 switch 3\n>p1 move sludgebomb dynamax\n>p2 move flareblitz\n>p2 switch 6\n>p1 move flamethrower dynamax\n>p2 move dualwingbeat dynamax\n>p1 move sludgebomb dynamax\n>p2 move roost dynamax\n>p1 move darkpulse\n>p2 move dualwingbeat dynamax\n>p1 switch 6\n>p1 move ironhead\n>p2 move dualwingbeat\n>p2 switch 2\n>p1 move ironhead\n>p2 move roost\n>p1 move swordsdance\n>p2 move hurricane\n>p1 move ironhead\n>p2 move hurricane","uploadtime":1668037715,"views":4,"p1id":"ac1516","p2id":"nihaop","formatid":"gen8randombattle","rating":1839,"private":0,"password":null}