{"id":"gen8ou-1612738067","p1":"gittt rekttt BOY","p2":"SKIP THE DRIP","format":"gen8ou","log":"|j|\u203dgittt rekttt BOY\n|j|\u2606SKIP THE DRIP\n|t:|1657255097\n|gametype|singles\n|player|p1|gittt rekttt BOY|lucas-gen4pt|1621\n|player|p2|SKIP THE DRIP|morty|1719\n|teamsize|p1|6\n|teamsize|p2|6\n|gen|8\n|tier|[Gen 8] OU\n|rated|\n|rule|Sleep Clause Mod: Limit one foe put to sleep\n|rule|Species Clause: Limit one of each Pok\u00e9mon\n|rule|OHKO Clause: OHKO moves are banned\n|rule|Evasion Moves Clause: Evasion moves are banned\n|rule|Endless Battle Clause: Forcing endless battles is banned\n|rule|HP Percentage Mod: HP is shown in percentages\n|rule|Dynamax Clause: You cannot dynamax\n|clearpoke\n|poke|p1|Chansey, F|\n|poke|p1|Landorus-Therian, M|\n|poke|p1|Dragapult, M|\n|poke|p1|Toxapex, M|\n|poke|p1|Corviknight, M|\n|poke|p1|Suicune|\n|poke|p2|Celesteela|\n|poke|p2|Hawlucha, M|\n|poke|p2|Excadrill, M|\n|poke|p2|Dragonite, F|\n|poke|p2|Tapu Koko|\n|poke|p2|Omastar, M|\n|teampreview\n|j| uhidkwatdo\n|inactive|Battle timer is ON: inactive players will automatically lose when time's up. (requested by SKIP THE DRIP)\n|j| BrothaOptions\n|\n|t:|1657255117\n|start\n|switch|p1a: Toxapex|Toxapex, M|100\/100\n|switch|p2a: HOMXIDE MEECHIE|Omastar, M, shiny|100\/100\n|turn|1\n|\n|t:|1657255122\n|move|p2a: HOMXIDE MEECHIE|Stealth Rock|p1a: Toxapex\n|-sidestart|p1: gittt rekttt BOY|move: Stealth Rock\n|move|p1a: Toxapex|Toxic Spikes|p2a: HOMXIDE MEECHIE\n|-sidestart|p2: SKIP THE DRIP|move: Toxic Spikes\n|\n|upkeep\n|turn|2\n|\n|t:|1657255128\n|move|p2a: HOMXIDE MEECHIE|Shell Smash|p2a: HOMXIDE MEECHIE\n|-unboost|p2a: HOMXIDE MEECHIE|def|1\n|-unboost|p2a: HOMXIDE MEECHIE|spd|1\n|-boost|p2a: HOMXIDE MEECHIE|atk|2\n|-boost|p2a: HOMXIDE MEECHIE|spa|2\n|-boost|p2a: HOMXIDE MEECHIE|spe|2\n|move|p1a: Toxapex|Scald|p2a: HOMXIDE MEECHIE\n|-damage|p2a: HOMXIDE MEECHIE|60\/100\n|\n|upkeep\n|turn|3\n|j| AlIoutdragadarts\n|l| AlIoutdragadarts\n|\n|t:|1657255133\n|move|p2a: HOMXIDE MEECHIE|Surf|p1a: Toxapex\n|-resisted|p1a: Toxapex\n|-damage|p1a: Toxapex|64\/100\n|move|p1a: Toxapex|Scald|p2a: HOMXIDE MEECHIE\n|-damage|p2a: HOMXIDE MEECHIE|22\/100\n|\n|upkeep\n|turn|4\n|\n|t:|1657255136\n|move|p2a: HOMXIDE MEECHIE|Surf|p1a: Toxapex\n|-resisted|p1a: Toxapex\n|-damage|p1a: Toxapex|29\/100\n|move|p1a: Toxapex|Recover|p1a: Toxapex\n|-heal|p1a: Toxapex|79\/100\n|\n|upkeep\n|turn|5\n|\n|t:|1657255139\n|move|p2a: HOMXIDE MEECHIE|Surf|p1a: Toxapex\n|-resisted|p1a: Toxapex\n|-damage|p1a: Toxapex|45\/100\n|move|p1a: Toxapex|Scald|p2a: HOMXIDE MEECHIE\n|-damage|p2a: HOMXIDE MEECHIE|0 fnt\n|faint|p2a: HOMXIDE MEECHIE\n|\n|upkeep\n|inactive|SKIP THE DRIP has 120 seconds left.\n|\n|t:|1657255179\n|switch|p2a: LIL 1 DTE|Excadrill, M, shiny|100\/100\n|-ability|p2a: LIL 1 DTE|Mold Breaker\n|-item|p2a: LIL 1 DTE|Air Balloon\n|turn|6\n|\n|t:|1657255185\n|switch|p1a: Corviknight|Corviknight, M|100\/100\n|-damage|p1a: Corviknight|88\/100|[from] Stealth Rock\n|-ability|p1a: Corviknight|Pressure\n|move|p2a: LIL 1 DTE|Rapid Spin|p1a: Corviknight\n|-resisted|p1a: Corviknight\n|-damage|p1a: Corviknight|83\/100\n|-boost|p2a: LIL 1 DTE|spe|1\n|-damage|p2a: LIL 1 DTE|84\/100|[from] item: Rocky Helmet|[of] p1a: Corviknight\n|-sideend|p2: SKIP THE DRIP|Toxic Spikes|[from] move: Rapid Spin|[of] p2a: LIL 1 DTE\n|\n|upkeep\n|turn|7\n|\n|t:|1657255193\n|switch|p2a: THE LIFESTYLE!|Celesteela|100\/100\n|move|p1a: Corviknight|U-turn|p2a: THE LIFESTYLE!\n|-resisted|p2a: THE LIFESTYLE!\n|-damage|p2a: THE LIFESTYLE!|97\/100\n|\n|t:|1657255201\n|switch|p1a: Toxapex|Toxapex, M|78\/100|[from]move: U-turn\n|-damage|p1a: Toxapex|66\/100|[from] Stealth Rock\n|\n|upkeep\n|turn|8\n|\n|t:|1657255206\n|move|p2a: THE LIFESTYLE!|Leech Seed|p1a: Toxapex\n|-start|p1a: Toxapex|move: Leech Seed\n|move|p1a: Toxapex|Scald|p2a: THE LIFESTYLE!\n|-damage|p2a: THE LIFESTYLE!|80\/100\n|-status|p2a: THE LIFESTYLE!|brn\n|\n|-damage|p1a: Toxapex|53\/100|[from] Leech Seed|[of] p2a: THE LIFESTYLE!\n|-heal|p2a: THE LIFESTYLE!|91\/100 brn|[silent]\n|-damage|p2a: THE LIFESTYLE!|85\/100 brn|[from] brn\n|upkeep\n|turn|9\n|\n|t:|1657255214\n|move|p2a: THE LIFESTYLE!|Meteor Beam||[still]\n|-prepare|p2a: THE LIFESTYLE!|Meteor Beam\n|-boost|p2a: THE LIFESTYLE!|spa|1\n|-enditem|p2a: THE LIFESTYLE!|Power Herb\n|-anim|p2a: THE LIFESTYLE!|Meteor Beam|p1a: Toxapex\n|-damage|p1a: Toxapex|4\/100\n|move|p1a: Toxapex|Scald|p2a: THE LIFESTYLE!\n|-damage|p2a: THE LIFESTYLE!|69\/100 brn\n|\n|-damage|p1a: Toxapex|0 fnt|[from] Leech Seed|[of] p2a: THE LIFESTYLE!\n|-heal|p2a: THE LIFESTYLE!|72\/100 brn|[silent]\n|faint|p1a: Toxapex\n|-damage|p2a: THE LIFESTYLE!|66\/100 brn|[from] brn\n|upkeep\n|\n|t:|1657255218\n|switch|p1a: Dragapult|Dragapult, M|100\/100\n|-damage|p1a: Dragapult|88\/100|[from] Stealth Rock\n|turn|10\n|\n|t:|1657255221\n|move|p1a: Dragapult|Substitute|p1a: Dragapult\n|-start|p1a: Dragapult|Substitute\n|-damage|p1a: Dragapult|63\/100\n|move|p2a: THE LIFESTYLE!|Air Slash|p1a: Dragapult\n|-end|p1a: Dragapult|Substitute\n|\n|-heal|p1a: Dragapult|69\/100|[from] item: Leftovers\n|-damage|p2a: THE LIFESTYLE!|60\/100 brn|[from] brn\n|upkeep\n|turn|11\n|\n|t:|1657255228\n|move|p1a: Dragapult|Substitute|p1a: Dragapult\n|-start|p1a: Dragapult|Substitute\n|-damage|p1a: Dragapult|45\/100\n|move|p2a: THE LIFESTYLE!|Air Slash|p1a: Dragapult\n|-crit|p1a: Dragapult\n|-end|p1a: Dragapult|Substitute\n|\n|-heal|p1a: Dragapult|51\/100|[from] item: Leftovers\n|-damage|p2a: THE LIFESTYLE!|55\/100 brn|[from] brn\n|upkeep\n|turn|12\n|\n|t:|1657255234\n|move|p1a: Dragapult|Substitute|p1a: Dragapult\n|-start|p1a: Dragapult|Substitute\n|-damage|p1a: Dragapult|26\/100\n|move|p2a: THE LIFESTYLE!|Air Slash|p1a: Dragapult\n|-end|p1a: Dragapult|Substitute\n|\n|-heal|p1a: Dragapult|32\/100|[from] item: Leftovers\n|-damage|p2a: THE LIFESTYLE!|49\/100 brn|[from] brn\n|upkeep\n|turn|13\n|\n|t:|1657255238\n|move|p1a: Dragapult|Substitute|p1a: Dragapult\n|-start|p1a: Dragapult|Substitute\n|-damage|p1a: Dragapult|7\/100\n|move|p2a: THE LIFESTYLE!|Air Slash|p1a: Dragapult\n|-end|p1a: Dragapult|Substitute\n|\n|-heal|p1a: Dragapult|13\/100|[from] item: Leftovers\n|-damage|p2a: THE LIFESTYLE!|43\/100 brn|[from] brn\n|upkeep\n|turn|14\n|\n|t:|1657255251\n|switch|p2a: HOMXIDE BENO!|Tapu Koko, shiny|100\/100\n|-fieldstart|move: Electric Terrain|[from] ability: Electric Surge|[of] p2a: HOMXIDE BENO!\n|move|p1a: Dragapult|Hex|p2a: HOMXIDE BENO!\n|-crit|p2a: HOMXIDE BENO!\n|-damage|p2a: HOMXIDE BENO!|45\/100\n|\n|-heal|p1a: Dragapult|19\/100|[from] item: Leftovers\n|upkeep\n|turn|15\n|\n|t:|1657255258\n|switch|p1a: Landorus|Landorus-Therian, M|100\/100\n|-damage|p1a: Landorus|88\/100|[from] Stealth Rock\n|-ability|p1a: Landorus|Intimidate|boost\n|-unboost|p2a: HOMXIDE BENO!|atk|1\n|move|p2a: HOMXIDE BENO!|Dazzling Gleam|p1a: Landorus\n|-damage|p1a: Landorus|32\/100\n|\n|-heal|p1a: Landorus|38\/100|[from] item: Leftovers\n|upkeep\n|turn|16\n|\n|t:|1657255264\n|switch|p1a: Chansey|Chansey, F|100\/100\n|-damage|p1a: Chansey|88\/100|[from] Stealth Rock\n|move|p2a: HOMXIDE BENO!|Dazzling Gleam|p1a: Chansey\n|-damage|p1a: Chansey|73\/100\n|\n|upkeep\n|turn|17\n|\n|t:|1657255278\n|switch|p2a: THE LIFESTYLE!|Celesteela|43\/100 brn\n|move|p1a: Chansey|Wish|p1a: Chansey\n|\n|-damage|p2a: THE LIFESTYLE!|37\/100 brn|[from] brn\n|upkeep\n|turn|18\n|\n|t:|1657255287\n|move|p2a: THE LIFESTYLE!|Air Slash|p1a: Chansey\n|-damage|p1a: Chansey|62\/100\n|move|p1a: Chansey|Seismic Toss|p2a: THE LIFESTYLE!\n|-damage|p2a: THE LIFESTYLE!|7\/100 brn\n|\n|-heal|p1a: Chansey|100\/100|[from] move: Wish|[wisher] Chansey\n|-damage|p2a: THE LIFESTYLE!|1\/100 brn|[from] brn\n|-fieldend|move: Electric Terrain\n|upkeep\n|turn|19\n|\n|t:|1657255293\n|move|p2a: THE LIFESTYLE!|Leech Seed|p1a: Chansey\n|-start|p1a: Chansey|move: Leech Seed\n|move|p1a: Chansey|Wish|p1a: Chansey\n|\n|-damage|p1a: Chansey|88\/100|[from] Leech Seed|[of] p2a: THE LIFESTYLE!\n|-heal|p2a: THE LIFESTYLE!|27\/100 brn|[silent]\n|-damage|p2a: THE LIFESTYLE!|21\/100 brn|[from] brn\n|upkeep\n|turn|20\n|\n|t:|1657255302\n|switch|p1a: Corviknight|Corviknight, M|83\/100\n|-damage|p1a: Corviknight|71\/100|[from] Stealth Rock\n|-ability|p1a: Corviknight|Pressure\n|move|p2a: THE LIFESTYLE!|Air Slash|p1a: Corviknight\n|-resisted|p1a: Corviknight\n|-damage|p1a: Corviknight|53\/100\n|\n|-heal|p1a: Corviknight|100\/100|[from] move: Wish|[wisher] Chansey\n|-damage|p2a: THE LIFESTYLE!|15\/100 brn|[from] brn\n|upkeep\n|turn|21\n|\n|t:|1657255309\n|move|p2a: THE LIFESTYLE!|Leech Seed|p1a: Corviknight\n|-start|p1a: Corviknight|move: Leech Seed\n|move|p1a: Corviknight|U-turn|p2a: THE LIFESTYLE!\n|-resisted|p2a: THE LIFESTYLE!\n|-damage|p2a: THE LIFESTYLE!|11\/100 brn\n|\n|t:|1657255312\n|switch|p1a: Dragapult|Dragapult, M|19\/100|[from]move: U-turn\n|-damage|p1a: Dragapult|7\/100|[from] Stealth Rock\n|\n|-heal|p1a: Dragapult|13\/100|[from] item: Leftovers\n|-damage|p2a: THE LIFESTYLE!|5\/100 brn|[from] brn\n|upkeep\n|turn|22\n|\n|t:|1657255316\n|move|p1a: Dragapult|Hex|p2a: THE LIFESTYLE!\n|-crit|p2a: THE LIFESTYLE!\n|-damage|p2a: THE LIFESTYLE!|0 fnt\n|faint|p2a: THE LIFESTYLE!\n|\n|-heal|p1a: Dragapult|19\/100|[from] item: Leftovers\n|upkeep\n|\n|t:|1657255319\n|switch|p2a: HOMXIDE BENO!|Tapu Koko, shiny|45\/100\n|-fieldstart|move: Electric Terrain|[from] ability: Electric Surge|[of] p2a: HOMXIDE BENO!\n|turn|23\n|\n|t:|1657255323\n|move|p1a: Dragapult|Hex|p2a: HOMXIDE BENO!\n|-damage|p2a: HOMXIDE BENO!|12\/100\n|move|p2a: HOMXIDE BENO!|Volt Switch|p1a: Dragapult\n|-resisted|p1a: Dragapult\n|-damage|p1a: Dragapult|0 fnt\n|faint|p1a: Dragapult\n|\n|t:|1657255332\n|switch|p2a: R5 HOMIXDE|Dragonite, F, shiny|100\/100|[from]move: Volt Switch\n|\n|upkeep\n|\n|t:|1657255336\n|switch|p1a: Landorus|Landorus-Therian, M|38\/100\n|-damage|p1a: Landorus|25\/100|[from] Stealth Rock\n|-ability|p1a: Landorus|Intimidate|boost\n|-unboost|p2a: R5 HOMIXDE|atk|1\n|turn|24\n|\n|t:|1657255339\n|move|p2a: R5 HOMIXDE|Ice Punch|p1a: Landorus\n|-supereffective|p1a: Landorus\n|-damage|p1a: Landorus|0 fnt\n|faint|p1a: Landorus\n|\n|upkeep\n|\n|t:|1657255343\n|switch|p1a: Suicune|Suicune|100\/100\n|-damage|p1a: Suicune|88\/100|[from] Stealth Rock\n|-ability|p1a: Suicune|Pressure\n|turn|25\n|\n|t:|1657255345\n|switch|p2a: HOMXIDE BENO!|Tapu Koko, shiny|12\/100\n|move|p1a: Suicune|Calm Mind|p1a: Suicune\n|-boost|p1a: Suicune|spa|1\n|-boost|p1a: Suicune|spd|1\n|\n|-heal|p1a: Suicune|94\/100|[from] item: Leftovers\n|upkeep\n|turn|26\n|l| uhidkwatdo\n|\n|t:|1657255348\n|move|p2a: HOMXIDE BENO!|Thunderbolt|p1a: Suicune\n|-supereffective|p1a: Suicune\n|-damage|p1a: Suicune|19\/100\n|move|p1a: Suicune|Scald|p2a: HOMXIDE BENO!\n|-damage|p2a: HOMXIDE BENO!|0 fnt\n|faint|p2a: HOMXIDE BENO!\n|\n|-heal|p1a: Suicune|25\/100|[from] item: Leftovers\n|upkeep\n|\n|t:|1657255352\n|switch|p2a: SNOTTY WORLD|Hawlucha, M, shiny|100\/100\n|-enditem|p2a: SNOTTY WORLD|Electric Seed\n|-boost|p2a: SNOTTY WORLD|def|1|[from] item: Electric Seed\n|turn|27\n|\n|t:|1657255354\n|move|p2a: SNOTTY WORLD|Acrobatics|p1a: Suicune\n|-damage|p1a: Suicune|0 fnt\n|faint|p1a: Suicune\n|\n|-fieldend|move: Electric Terrain\n|upkeep\n|\n|t:|1657255357\n|switch|p1a: Corviknight|Corviknight, M|100\/100\n|-damage|p1a: Corviknight|88\/100|[from] Stealth Rock\n|-ability|p1a: Corviknight|Pressure\n|turn|28\n|\n|t:|1657255359\n|move|p2a: SNOTTY WORLD|Swords Dance|p2a: SNOTTY WORLD\n|-boost|p2a: SNOTTY WORLD|atk|2\n|move|p1a: Corviknight|Iron Defense|p1a: Corviknight\n|-boost|p1a: Corviknight|def|2\n|\n|upkeep\n|turn|29\n|\n|t:|1657255361\n|move|p2a: SNOTTY WORLD|Swords Dance|p2a: SNOTTY WORLD\n|-boost|p2a: SNOTTY WORLD|atk|2\n|move|p1a: Corviknight|Iron Defense|p1a: Corviknight\n|-boost|p1a: Corviknight|def|2\n|\n|upkeep\n|turn|30\n|\n|t:|1657255363\n|move|p2a: SNOTTY WORLD|Swords Dance|p2a: SNOTTY WORLD\n|-boost|p2a: SNOTTY WORLD|atk|2\n|move|p1a: Corviknight|Iron Defense|p1a: Corviknight\n|-boost|p1a: Corviknight|def|2\n|\n|upkeep\n|turn|31\n|\n|t:|1657255365\n|move|p2a: SNOTTY WORLD|High Jump Kick|p1a: Corviknight|[miss]\n|-miss|p2a: SNOTTY WORLD|p1a: Corviknight\n|-damage|p2a: SNOTTY WORLD|51\/100|[from] highjumpkick\n|move|p1a: Corviknight|Roost|p1a: Corviknight\n|-heal|p1a: Corviknight|100\/100\n|-singleturn|p1a: Corviknight|move: Roost\n|\n|upkeep\n|turn|32\n|\n|t:|1657255368\n|move|p2a: SNOTTY WORLD|High Jump Kick|p1a: Corviknight|[miss]\n|-miss|p2a: SNOTTY WORLD|p1a: Corviknight\n|-damage|p2a: SNOTTY WORLD|1\/100|[from] highjumpkick\n|move|p1a: Corviknight|Roost||[still]\n|-fail|p1a: Corviknight|heal\n|\n|upkeep\n|turn|33\n|\n|t:|1657255372\n|move|p2a: SNOTTY WORLD|High Jump Kick|p1a: Corviknight\n|-damage|p1a: Corviknight|64\/100\n|-damage|p2a: SNOTTY WORLD|0 fnt|[from] item: Rocky Helmet|[of] p1a: Corviknight\n|faint|p2a: SNOTTY WORLD\n|move|p1a: Corviknight|Roost|p1a: Corviknight\n|-heal|p1a: Corviknight|100\/100\n|-singleturn|p1a: Corviknight|move: Roost\n|\n|upkeep\n|-message|SKIP THE DRIP forfeited.\n|\n|win|gittt rekttt BOY\n|raw|gittt rekttt BOY's rating: 1621 &rarr; <strong>1646<\/strong><br \/>(+25 for winning)\n|raw|SKIP THE DRIP's rating: 1719 &rarr; <strong>1694<\/strong><br \/>(-25 for losing)\n|l|\u2606SKIP THE DRIP\n","uploadtime":1657255390,"views":22,"p1id":"gitttrektttboy","p2id":"skipthedrip","formatid":"gen8ou","rating":1646,"private":0,"password":null}