{"id":"gen8nationaldex-1706204058","p1":"yes munchlax","p2":"FleetFoxxx","format":"gen8nationaldex","log":"|j|\u2606yes munchlax\n|j|\u2606FleetFoxxx\n|t:|1667957805\n|gametype|singles\n|player|p1|yes munchlax|psychic-gen4|\n|player|p2|FleetFoxxx|flannery|\n|teamsize|p1|6\n|teamsize|p2|6\n|gen|8\n|tier|[Gen 8] National Dex\n|rule|HP Percentage Mod: HP is shown in percentages\n|rule|Endless Battle Clause: Forcing endless battles is banned\n|rule|OHKO Clause: OHKO moves are banned\n|rule|Evasion Moves Clause: Evasion moves are banned\n|rule|Species Clause: Limit one of each Pok\u00e9mon\n|rule|Dynamax Clause: You cannot dynamax\n|rule|Sleep Clause Mod: Limit one foe put to sleep\n|clearpoke\n|poke|p1|Grotle, F|\n|poke|p1|Hitmonchan, M|\n|poke|p1|Moltres-Galar|\n|poke|p1|Aegislash, F|\n|poke|p1|Clefable, M|\n|poke|p1|Archeops, F|\n|poke|p2|Pinsir, M|\n|poke|p2|Celesteela|\n|poke|p2|Runerigus, M|\n|poke|p2|Qwilfish, M|\n|poke|p2|Hydreigon, M|\n|poke|p2|Goodra, M|\n|teampreview\n|j| Bugsileus\n|j| DerpyDots\n|j| johngalt149\n|j| evilhanaklaus\n|\n|t:|1667957862\n|start\n|switch|p1a: light clay|Grotle, F|100\/100\n|switch|p2a: Goodra|Goodra, M|100\/100\n|turn|1\n|\n|t:|1667957867\n|move|p2a: Goodra|Toxic|p1a: light clay\n|-status|p1a: light clay|tox\n|move|p1a: light clay|Toxic|p2a: Goodra\n|-status|p2a: Goodra|tox\n|\n|-damage|p2a: Goodra|94\/100 tox|[from] psn\n|-damage|p1a: light clay|94\/100 tox|[from] psn\n|upkeep\n|turn|2\n|\n|t:|1667957870\n|move|p2a: Goodra|Rain Dance|p2a: Goodra\n|-weather|RainDance\n|move|p1a: light clay|Stealth Rock|p2a: Goodra\n|-sidestart|p2: FleetFoxxx|move: Stealth Rock\n|\n|-weather|RainDance|[upkeep]\n|-damage|p2a: Goodra|82\/100 tox|[from] psn\n|-damage|p1a: light clay|82\/100 tox|[from] psn\n|upkeep\n|turn|3\n|\n|t:|1667957893\n|switch|p2a: Pinsir|Pinsir, M|100\/100\n|-damage|p2a: Pinsir|76\/100|[from] Stealth Rock\n|move|p1a: light clay|Light Screen|p1a: light clay\n|-sidestart|p1: yes munchlax|move: Light Screen\n|\n|-weather|RainDance|[upkeep]\n|-damage|p1a: light clay|63\/100 tox|[from] psn\n|upkeep\n|turn|4\n|\n|t:|1667957907\n|detailschange|p2a: Pinsir|Pinsir-Mega, M\n|-mega|p2a: Pinsir|Pinsir|Pinsirite\n|move|p2a: Pinsir|Body Slam|p1a: light clay\n|-supereffective|p1a: light clay\n|-damage|p1a: light clay|0 fnt\n|faint|p1a: light clay\n|\n|-weather|RainDance|[upkeep]\n|upkeep\n|j| Charkhil\n|c| evilhanaklaus|I have 5 things to say\n|c| Bugsileus|I'm rooting for the team with the fairy type\n|\n|t:|1667957919\n|switch|p1a: power herb|Archeops, F|100\/100\n|turn|5\n|\n|t:|1667957925\n|switch|p2a: Goodra|Goodra, M|82\/100 tox\n|-damage|p2a: Goodra|70\/100 tox|[from] Stealth Rock\n|move|p1a: power herb|Head Smash|p2a: Goodra\n|-damage|p2a: Goodra|11\/100 tox\n|-damage|p1a: power herb|69\/100|[from] Recoil\n|\n|-weather|RainDance|[upkeep]\n|-damage|p2a: Goodra|5\/100 tox|[from] psn\n|upkeep\n|turn|6\n|\n|t:|1667957938\n|move|p1a: power herb|U-turn|p2a: Goodra\n|-damage|p2a: Goodra|0 fnt\n|faint|p2a: Goodra\n|\n|t:|1667957946\n|switch|p1a: weakness policy|Hitmonchan, M|100\/100|[from]move: U-turn\n|\n|-weather|RainDance|[upkeep]\n|upkeep\n|\n|t:|1667957972\n|switch|p2a: Qwilfish|Qwilfish, M|100\/100\n|-damage|p2a: Qwilfish|88\/100|[from] Stealth Rock\n|turn|7\n|\n|t:|1667957984\n|move|p2a: Qwilfish|Swords Dance|p2a: Qwilfish\n|-boost|p2a: Qwilfish|atk|2\n|move|p1a: weakness policy|Rapid Spin|p2a: Qwilfish\n|-crit|p2a: Qwilfish\n|-damage|p2a: Qwilfish|52\/100\n|-boost|p1a: weakness policy|spe|1\n|\n|-weather|RainDance|[upkeep]\n|upkeep\n|turn|8\n|\n|t:|1667958003\n|move|p2a: Qwilfish|Liquidation|p1a: weakness policy\n|-damage|p1a: weakness policy|0 fnt\n|faint|p1a: weakness policy\n|-damage|p2a: Qwilfish|42\/100|[from] item: Life Orb\n|\n|-weather|RainDance|[upkeep]\n|upkeep\n|\n|t:|1667958013\n|switch|p1a: power herb|Archeops, F|69\/100\n|turn|9\n|c| Bugsileus|Oh let's GO offensive qwilfish hell yeah\n|\n|t:|1667958031\n|switch|p1a: hot air balloon|Aegislash, F|100\/100\n|move|p2a: Qwilfish|Liquidation|p1a: hot air balloon\n|-damage|p1a: hot air balloon|0 fnt\n|faint|p1a: hot air balloon\n|-damage|p2a: Qwilfish|32\/100|[from] item: Life Orb\n|\n|-weather|none\n|upkeep\n|\n|t:|1667958046\n|switch|p1a: power herb|Archeops, F|69\/100\n|turn|10\n|\n|t:|1667958055\n|switch|p2a: Runerigus|Runerigus, M|100\/100\n|-damage|p2a: Runerigus|95\/100|[from] Stealth Rock\n|move|p1a: power herb|Dual Wingbeat|p2a: Runerigus\n|-damage|p2a: Runerigus|80\/100\n|-activate|p2a: Runerigus|ability: Wandering Spirit|Defeatist|Wandering Spirit|[of] p1a: power herb\n|-damage|p2a: Runerigus|67\/100\n|-hitcount|p2a: Runerigus|2\n|\n|-heal|p2a: Runerigus|73\/100|[from] item: Leftovers\n|-sideend|p1: yes munchlax|move: Light Screen\n|upkeep\n|turn|11\n|\n|t:|1667958076\n|move|p1a: power herb|Roost|p1a: power herb\n|-heal|p1a: power herb|100\/100\n|-singleturn|p1a: power herb|move: Roost\n|move|p2a: Runerigus|Body Press|p1a: power herb\n|-supereffective|p1a: power herb\n|-damage|p1a: power herb|37\/100\n|-activate|p1a: power herb|ability: Wandering Spirit|Defeatist|Wandering Spirit|[of] p2a: Runerigus\n|-enditem|p1a: power herb|Weakness Policy\n|-boost|p1a: power herb|atk|2|[from] item: Weakness Policy\n|-boost|p1a: power herb|spa|2|[from] item: Weakness Policy\n|\n|-heal|p2a: Runerigus|79\/100|[from] item: Leftovers\n|upkeep\n|turn|12\n|\n|t:|1667958091\n|move|p1a: power herb|Dual Wingbeat|p2a: Runerigus\n|-damage|p2a: Runerigus|64\/100\n|-activate|p2a: Runerigus|ability: Wandering Spirit|Defeatist|Wandering Spirit|[of] p1a: power herb\n|-damage|p2a: Runerigus|34\/100\n|-hitcount|p2a: Runerigus|2\n|move|p2a: Runerigus|Body Press|p1a: power herb\n|-damage|p1a: power herb|20\/100\n|-activate|p1a: power herb|ability: Wandering Spirit|Defeatist|Wandering Spirit|[of] p2a: Runerigus\n|\n|-heal|p2a: Runerigus|40\/100|[from] item: Leftovers\n|upkeep\n|turn|13\n|\n|t:|1667958110\n|move|p1a: power herb|Dual Wingbeat|p2a: Runerigus\n|-damage|p2a: Runerigus|25\/100\n|-activate|p2a: Runerigus|ability: Wandering Spirit|Defeatist|Wandering Spirit|[of] p1a: power herb\n|-damage|p2a: Runerigus|0 fnt\n|faint|p2a: Runerigus\n|-hitcount|p2: Runerigus|2\n|\n|upkeep\n|c| Bugsileus|LMAO\n|\n|t:|1667958124\n|switch|p2a: Celesteela|Celesteela|100\/100\n|-damage|p2a: Celesteela|88\/100|[from] Stealth Rock\n|turn|14\n|\n|t:|1667958139\n|move|p1a: power herb|Head Smash|p2a: Celesteela\n|-damage|p2a: Celesteela|0 fnt\n|faint|p2a: Celesteela\n|-damage|p1a: power herb|0 fnt|[from] Recoil\n|faint|p1a: power herb\n|\n|upkeep\n|c| Charkhil|dual wingbeat trading defeatist kind of based\n|l| Bugsileus\n|\n|t:|1667958250\n|switch|p1a: chesto berry|Moltres-Galar|100\/100\n|switch|p2a: Pinsir|Pinsir-Mega, M|76\/100\n|-damage|p2a: Pinsir|26\/100|[from] Stealth Rock\n|turn|15\n|j| Bugsileus\n|\n|t:|1667958268\n|move|p2a: Pinsir|Giga Impact|p1a: chesto berry\n|-damage|p1a: chesto berry|21\/100\n|-mustrecharge|p2a: Pinsir\n|-ability|p1a: chesto berry|Berserk|boost\n|-boost|p1a: chesto berry|spa|1\n|move|p1a: chesto berry|Nasty Plot|p1a: chesto berry\n|-boost|p1a: chesto berry|spa|2\n|\n|upkeep\n|turn|16\n|j| zoompa\n|l| zoompa\n|c| Bugsileus|OPE\n|c| Bugsileus|That's a large bird\n|j| sicksickboy\n|l| Bugsileus\n|\n|t:|1667958457\n|cant|p2a: Pinsir|recharge\n|move|p1a: chesto berry|Fiery Wrath|p2a: Pinsir\n|-damage|p2a: Pinsir|0 fnt\n|faint|p2a: Pinsir\n|\n|upkeep\n|\n|t:|1667958483\n|switch|p2a: Qwilfish|Qwilfish, M|32\/100\n|-damage|p2a: Qwilfish|20\/100|[from] Stealth Rock\n|turn|17\n|\n|t:|1667958504\n|move|p2a: Qwilfish|Liquidation|p1a: chesto berry\n|-damage|p1a: chesto berry|0 fnt\n|faint|p1a: chesto berry\n|-damage|p2a: Qwilfish|10\/100|[from] item: Life Orb\n|\n|upkeep\n|\n|t:|1667958509\n|switch|p1a: sticky barb|Clefable, M|100\/100\n|turn|18\n|\n|t:|1667958522\n|move|p2a: Qwilfish|Explosion|p1a: sticky barb\n|-damage|p1a: sticky barb|19\/100\n|faint|p2a: Qwilfish\n|move|p1a: sticky barb|Fire Blast|p2: Qwilfish|[notarget]\n|-fail|p1a: sticky barb\n|\n|upkeep\n|\n|t:|1667958540\n|switch|p2a: Hydreigon|Hydreigon, M|100\/100\n|-damage|p2a: Hydreigon|88\/100|[from] Stealth Rock\n|turn|19\n|c| DerpyDots|rip fish\n|c| johngalt149|thats one dangerous qwilfish\n|\n|t:|1667958548\n|move|p2a: Hydreigon|Substitute|p2a: Hydreigon\n|-start|p2a: Hydreigon|Substitute\n|-damage|p2a: Hydreigon|63\/100\n|move|p1a: sticky barb|Fire Blast|p2a: Hydreigon\n|-resisted|p2a: Hydreigon\n|-activate|p2a: Hydreigon|move: Substitute|[damage]\n|\n|upkeep\n|turn|20\n|\n|t:|1667958560\n|move|p2a: Hydreigon|Dark Pulse|p1a: sticky barb\n|-resisted|p1a: sticky barb\n|-damage|p1a: sticky barb|1\/100\n|cant|p1a: sticky barb|flinch\n|\n|upkeep\n|turn|21\n|\n|t:|1667958565\n|move|p2a: Hydreigon|Dark Pulse|p1a: sticky barb\n|-resisted|p1a: sticky barb\n|-damage|p1a: sticky barb|0 fnt\n|faint|p1a: sticky barb\n|\n|win|FleetFoxxx\n","uploadtime":1667958595,"views":8,"p1id":"yesmunchlax","p2id":"fleetfoxxx","formatid":"gen8nationaldex","rating":0,"private":0,"password":null}