{"id":"gen8ou-1579482792","p1":"Pwl_zero","p2":"fishy8995","format":"gen8ou","log":"|j|\u2606Pwl_zero\n|j|\u2606fishy8995\n|inactive|Battle timer is ON: inactive players will automatically lose when time's up.\n|t:|1653104299\n|gametype|singles\n|player|p1|Pwl_zero|palmer|\n|player|p2|fishy8995|1|\n|teamsize|p1|6\n|teamsize|p2|6\n|gen|8\n|tier|[Gen 8] OU\n|rated|Tournament battle\n|rule|Sleep Clause Mod: Limit one foe put to sleep\n|rule|Species Clause: Limit one of each Pok\u00e9mon\n|rule|OHKO Clause: OHKO moves are banned\n|rule|Evasion Moves Clause: Evasion moves are banned\n|rule|Endless Battle Clause: Forcing endless battles is banned\n|rule|HP Percentage Mod: HP is shown in percentages\n|rule|Dynamax Clause: You cannot dynamax\n|clearpoke\n|poke|p1|Heatran, M|\n|poke|p1|Zapdos|\n|poke|p1|Chansey, F|\n|poke|p1|Garchomp, M|\n|poke|p1|Tapu Lele|\n|poke|p1|Weavile, M|\n|poke|p2|Hippowdon, M|\n|poke|p2|Tyranitar, M|\n|poke|p2|Excadrill, F|\n|poke|p2|Dragonite, F|\n|poke|p2|Toxapex, M|\n|poke|p2|Dracozolt|\n|teampreview\n|j| Emilia Rose Quinn\n|\n|t:|1653104313\n|start\n|switch|p1a: Weavile|Weavile, M|100\/100\n|switch|p2a: Tyranitar|Tyranitar, M|100\/100\n|-ability|p1a: Weavile|Pressure\n|-weather|Sandstorm|[from] ability: Sand Stream|[of] p2a: Tyranitar\n|turn|1\n|j| HolaMeGustaElSol\n|\n|t:|1653104322\n|switch|p2a: Toxapex|Toxapex, M|100\/100\n|move|p1a: Weavile|Low Kick|p2a: Toxapex\n|-resisted|p2a: Toxapex\n|-damage|p2a: Toxapex|93\/100\n|\n|-weather|Sandstorm|[upkeep]\n|-damage|p1a: Weavile|94\/100|[from] Sandstorm\n|-damage|p2a: Toxapex|86\/100|[from] Sandstorm\n|-heal|p2a: Toxapex|93\/100|[from] item: Black Sludge\n|upkeep\n|turn|2\n|\n|t:|1653104326\n|switch|p1a: Zapdos|Zapdos|100\/100\n|-ability|p1a: Zapdos|Pressure\n|move|p2a: Toxapex|Stockpile|p2a: Toxapex\n|-start|p2a: Toxapex|stockpile1\n|-boost|p2a: Toxapex|def|1\n|-boost|p2a: Toxapex|spd|1\n|\n|-weather|Sandstorm|[upkeep]\n|-damage|p1a: Zapdos|94\/100|[from] Sandstorm\n|-damage|p2a: Toxapex|86\/100|[from] Sandstorm\n|-heal|p2a: Toxapex|93\/100|[from] item: Black Sludge\n|upkeep\n|turn|3\n|j| Only Shedinja \u30c4\n|\n|t:|1653104332\n|move|p1a: Zapdos|Volt Switch|p2a: Toxapex\n|-supereffective|p2a: Toxapex\n|-damage|p2a: Toxapex|67\/100\n|j| Franko159\n|\n|t:|1653104339\n|switch|p1a: Heatran|Heatran, M|100\/100|[from]move: Volt Switch\n|-item|p1a: Heatran|Air Balloon\n|move|p2a: Toxapex|Stockpile|p2a: Toxapex\n|-start|p2a: Toxapex|stockpile2\n|-boost|p2a: Toxapex|def|1\n|-boost|p2a: Toxapex|spd|1\n|\n|-weather|Sandstorm|[upkeep]\n|-damage|p2a: Toxapex|61\/100|[from] Sandstorm\n|-heal|p2a: Toxapex|67\/100|[from] item: Black Sludge\n|upkeep\n|turn|4\n|\n|t:|1653104344\n|move|p1a: Heatran|Magma Storm|p2a: Toxapex\n|-resisted|p2a: Toxapex\n|-damage|p2a: Toxapex|60\/100\n|-activate|p2a: Toxapex|move: Magma Storm|[of] p1a: Heatran\n|move|p2a: Toxapex|Scald|p1a: Heatran\n|-supereffective|p1a: Heatran\n|-damage|p1a: Heatran|80\/100\n|-enditem|p1a: Heatran|Air Balloon\n|\n|-weather|Sandstorm|[upkeep]\n|-damage|p2a: Toxapex|54\/100|[from] Sandstorm\n|-heal|p2a: Toxapex|60\/100|[from] item: Black Sludge\n|-damage|p2a: Toxapex|48\/100|[from] move: Magma Storm|[partiallytrapped]\n|upkeep\n|turn|5\n|\n|t:|1653104350\n|move|p1a: Heatran|Taunt|p2a: Toxapex\n|-start|p2a: Toxapex|move: Taunt\n|cant|p2a: Toxapex|move: Taunt|Recover\n|\n|-weather|none\n|-heal|p2a: Toxapex|54\/100|[from] item: Black Sludge\n|-damage|p2a: Toxapex|41\/100|[from] move: Magma Storm|[partiallytrapped]\n|upkeep\n|turn|6\n|\n|t:|1653104358\n|move|p1a: Heatran|Stealth Rock|p2a: Toxapex\n|-sidestart|p2: fishy8995|move: Stealth Rock\n|move|p2a: Toxapex|Scald|p1a: Heatran\n|-supereffective|p1a: Heatran\n|-damage|p1a: Heatran|60\/100\n|\n|-heal|p2a: Toxapex|48\/100|[from] item: Black Sludge\n|-damage|p2a: Toxapex|35\/100|[from] move: Magma Storm|[partiallytrapped]\n|upkeep\n|turn|7\n|\n|t:|1653104363\n|move|p1a: Heatran|Earth Power|p2a: Toxapex\n|-supereffective|p2a: Toxapex\n|-damage|p2a: Toxapex|18\/100\n|move|p2a: Toxapex|Scald|p1a: Heatran\n|-supereffective|p1a: Heatran\n|-damage|p1a: Heatran|39\/100\n|\n|-heal|p2a: Toxapex|24\/100|[from] item: Black Sludge\n|-damage|p2a: Toxapex|12\/100|[from] move: Magma Storm|[partiallytrapped]\n|-end|p2a: Toxapex|move: Taunt\n|upkeep\n|turn|8\n|\n|t:|1653104370\n|move|p1a: Heatran|Earth Power|p2a: Toxapex\n|-supereffective|p2a: Toxapex\n|-damage|p2a: Toxapex|0 fnt\n|faint|p2a: Toxapex\n|\n|upkeep\n|\n|t:|1653104372\n|switch|p2a: Dragonite|Dragonite, F|100\/100\n|-damage|p2a: Dragonite|76\/100|[from] Stealth Rock\n|turn|9\n|\n|t:|1653104377\n|move|p2a: Dragonite|Defog|p1a: Heatran\n|-unboost|p1a: Heatran|evasion|1\n|-sideend|p2: fishy8995|Stealth Rock|[from] move: Defog|[of] p2a: Dragonite\n|move|p1a: Heatran|Magma Storm|p2a: Dragonite\n|-resisted|p2a: Dragonite\n|-damage|p2a: Dragonite|57\/100\n|-activate|p2a: Dragonite|move: Magma Storm|[of] p1a: Heatran\n|\n|-heal|p2a: Dragonite|63\/100|[from] item: Leftovers\n|-damage|p2a: Dragonite|51\/100|[from] move: Magma Storm|[partiallytrapped]\n|upkeep\n|turn|10\n|\n|t:|1653104381\n|switch|p1a: Zapdos|Zapdos|94\/100\n|-ability|p1a: Zapdos|Pressure\n|move|p2a: Dragonite|Earthquake|p1a: Zapdos\n|-immune|p1a: Zapdos\n|\n|-heal|p2a: Dragonite|57\/100|[from] item: Leftovers\n|-end|p2a: Dragonite|Magma Storm|[partiallytrapped]|[silent]\n|upkeep\n|turn|11\n|j| Chelokawaii\n|\n|t:|1653104389\n|move|p1a: Zapdos|Volt Switch|p2a: Dragonite\n|-damage|p2a: Dragonite|31\/100\n|\n|t:|1653104394\n|switch|p1a: Weavile|Weavile, M|94\/100|[from]move: Volt Switch\n|-ability|p1a: Weavile|Pressure\n|move|p2a: Dragonite|Iron Head|p1a: Weavile\n|-supereffective|p1a: Weavile\n|-crit|p1a: Weavile\n|-damage|p1a: Weavile|0 fnt\n|faint|p1a: Weavile\n|\n|-heal|p2a: Dragonite|38\/100|[from] item: Leftovers\n|upkeep\n|\n|t:|1653104402\n|switch|p1a: Garchomp|Garchomp, M|100\/100\n|turn|12\n|\n|t:|1653104411\n|switch|p2a: Hippowdon|Hippowdon, M|100\/100\n|-weather|Sandstorm|[from] ability: Sand Stream|[of] p2a: Hippowdon\n|move|p1a: Garchomp|Scale Shot|p2a: Hippowdon\n|-damage|p2a: Hippowdon|91\/100\n|-damage|p2a: Hippowdon|83\/100\n|-damage|p2a: Hippowdon|75\/100\n|-hitcount|p2a: Hippowdon|3\n|-unboost|p1a: Garchomp|def|1\n|-boost|p1a: Garchomp|spe|1\n|-damage|p1a: Garchomp|91\/100|[from] item: Life Orb\n|\n|-weather|Sandstorm|[upkeep]\n|upkeep\n|turn|13\n|\n|t:|1653104418\n|move|p1a: Garchomp|Swords Dance|p1a: Garchomp\n|-boost|p1a: Garchomp|atk|2\n|move|p2a: Hippowdon|Toxic|p1a: Garchomp\n|-status|p1a: Garchomp|tox\n|\n|-weather|Sandstorm|[upkeep]\n|-damage|p1a: Garchomp|85\/100 tox|[from] psn\n|upkeep\n|turn|14\n|\n|t:|1653104422\n|move|p1a: Garchomp|Earthquake|p2a: Hippowdon\n|-damage|p2a: Hippowdon|4\/100\n|-damage|p1a: Garchomp|75\/100 tox|[from] item: Life Orb\n|move|p2a: Hippowdon|Roar|p1a: Garchomp\n|drag|p1a: Zapdos|Zapdos|94\/100\n|-ability|p1a: Zapdos|Pressure\n|\n|-weather|Sandstorm|[upkeep]\n|-damage|p1a: Zapdos|88\/100|[from] Sandstorm\n|upkeep\n|turn|15\n|\n|t:|1653104429\n|switch|p2a: Dragonite|Dragonite, F|38\/100\n|move|p1a: Zapdos|Heat Wave|p2a: Dragonite\n|-resisted|p2a: Dragonite\n|-damage|p2a: Dragonite|26\/100\n|\n|-weather|Sandstorm|[upkeep]\n|-damage|p1a: Zapdos|82\/100|[from] Sandstorm\n|-damage|p2a: Dragonite|20\/100|[from] Sandstorm\n|-heal|p2a: Dragonite|26\/100|[from] item: Leftovers\n|upkeep\n|turn|16\n|\n|t:|1653104438\n|move|p1a: Zapdos|Volt Switch|p2a: Dragonite\n|-crit|p2a: Dragonite\n|-damage|p2a: Dragonite|0 fnt\n|faint|p2a: Dragonite\n|\n|t:|1653104441\n|switch|p1a: Chansey|Chansey, F|100\/100|[from]move: Volt Switch\n|\n|-weather|Sandstorm|[upkeep]\n|-damage|p1a: Chansey|94\/100|[from] Sandstorm\n|upkeep\n|\n|t:|1653104443\n|switch|p2a: Excadrill|Excadrill, F|100\/100\n|turn|17\n|\n|t:|1653104447\n|move|p2a: Excadrill|Swords Dance|p2a: Excadrill\n|-boost|p2a: Excadrill|atk|2\n|move|p1a: Chansey|Seismic Toss|p2a: Excadrill\n|-damage|p2a: Excadrill|73\/100\n|\n|-weather|Sandstorm|[upkeep]\n|-damage|p1a: Chansey|88\/100|[from] Sandstorm\n|upkeep\n|turn|18\n|\n|t:|1653104453\n|switch|p1a: Zapdos|Zapdos|82\/100\n|-ability|p1a: Zapdos|Pressure\n|move|p2a: Excadrill|Iron Head|p1a: Zapdos\n|-resisted|p1a: Zapdos\n|-damage|p1a: Zapdos|47\/100\n|\n|-weather|Sandstorm|[upkeep]\n|-damage|p1a: Zapdos|41\/100|[from] Sandstorm\n|upkeep\n|turn|19\n|\n|t:|1653104474\n|move|p2a: Excadrill|Rock Slide|p1a: Zapdos\n|-supereffective|p1a: Zapdos\n|-damage|p1a: Zapdos|0 fnt\n|faint|p1a: Zapdos\n|\n|-weather|none\n|upkeep\n|inactive|Pwl_zero has 120 seconds left.\n|\n|t:|1653104495\n|switch|p1a: Garchomp|Garchomp, M|75\/100 tox\n|turn|20\n|\n|t:|1653104499\n|switch|p2a: Hippowdon|Hippowdon, M|4\/100\n|-weather|Sandstorm|[from] ability: Sand Stream|[of] p2a: Hippowdon\n|move|p1a: Garchomp|Scale Shot|p2a: Hippowdon\n|-damage|p2a: Hippowdon|0 fnt\n|faint|p2a: Hippowdon\n|-hitcount|p2: Hippowdon|1\n|-unboost|p1a: Garchomp|def|1\n|-boost|p1a: Garchomp|spe|1\n|-damage|p1a: Garchomp|65\/100 tox|[from] item: Life Orb\n|\n|-weather|Sandstorm|[upkeep]\n|-damage|p1a: Garchomp|59\/100 tox|[from] psn\n|upkeep\n|\n|t:|1653104505\n|switch|p2a: Excadrill|Excadrill, F|73\/100\n|turn|21\n|j| ximerix12\n|\n|t:|1653104516\n|switch|p1a: Heatran|Heatran, M|39\/100\n|move|p2a: Excadrill|Earthquake|p1a: Heatran\n|-supereffective|p1a: Heatran\n|-damage|p1a: Heatran|0 fnt\n|faint|p1a: Heatran\n|\n|-weather|Sandstorm|[upkeep]\n|upkeep\n|\n|t:|1653104519\n|switch|p1a: Chansey|Chansey, F|88\/100\n|turn|22\n|\n|t:|1653104521\n|move|p2a: Excadrill|Swords Dance|p2a: Excadrill\n|-boost|p2a: Excadrill|atk|2\n|move|p1a: Chansey|Seismic Toss|p2a: Excadrill\n|-damage|p2a: Excadrill|45\/100\n|\n|-weather|Sandstorm|[upkeep]\n|-damage|p1a: Chansey|82\/100|[from] Sandstorm\n|upkeep\n|turn|23\n|\n|t:|1653104526\n|move|p2a: Excadrill|Earthquake|p1a: Chansey\n|-damage|p1a: Chansey|9\/100\n|move|p1a: Chansey|Soft-Boiled|p1a: Chansey\n|-heal|p1a: Chansey|59\/100\n|\n|-weather|Sandstorm|[upkeep]\n|-damage|p1a: Chansey|53\/100|[from] Sandstorm\n|upkeep\n|turn|24\n|\n|t:|1653104531\n|move|p2a: Excadrill|Earthquake|p1a: Chansey\n|-damage|p1a: Chansey|0 fnt\n|faint|p1a: Chansey\n|\n|-weather|Sandstorm|[upkeep]\n|upkeep\n|\n|t:|1653104543\n|switch|p1a: Tapu Lele|Tapu Lele|100\/100\n|-fieldstart|move: Psychic Terrain|[from] ability: Psychic Surge|[of] p1a: Tapu Lele\n|turn|25\n|\n|t:|1653104545\n|switch|p1a: Garchomp|Garchomp, M|59\/100 tox\n|move|p2a: Excadrill|Iron Head|p1a: Garchomp\n|-damage|p1a: Garchomp|0 fnt\n|-damage|p2a: Excadrill|33\/100|[from] ability: Rough Skin|[of] p1a: Garchomp\n|faint|p1a: Garchomp\n|\n|-weather|Sandstorm|[upkeep]\n|upkeep\n|\n|t:|1653104551\n|switch|p1a: Tapu Lele|Tapu Lele|100\/100\n|turn|26\n|\n|t:|1653104556\n|move|p2a: Excadrill|Iron Head|p1a: Tapu Lele\n|-supereffective|p1a: Tapu Lele\n|-damage|p1a: Tapu Lele|0 fnt\n|faint|p1a: Tapu Lele\n|\n|win|fishy8995\n|n|\u2606Pwl_zero|pwlzero\n|n|\u2606fishy8995|fishy8995\n|n| Emilia Rose Quinn|emiliarosequinn\n|n| HolaMeGustaElSol|holamegustaelsol\n|n| Only Shedinja \u30c4|onlyshedinja\n|n| Franko159|franko159\n|n| Chelokawaii|chelokawaii\n|n| ximerix12|ximerix12\n|c| HolaMeGustaElSol|Gg\n|c|\u2606fishy8995|gg\n|l| HolaMeGustaElSol\n|l| Franko159\n|l|\u2606fishy8995\n|c| Emilia Rose Quinn|gg\n|l| Only Shedinja \u30c4\n|l| Emilia Rose Quinn\n|j|\u2606fishy8995\n|player|p2|fishy8995|1\n","uploadtime":1653104557,"views":23,"p1id":"pwlzero","p2id":"fishy8995","formatid":"gen8ou","rating":0,"private":0,"password":null}