{"id":"gen8balancedhackmons-1321761453","p1":"I MIGHT BE BANNED","p2":"mongwong","format":"gen8balancedhackmons","log":"|j|\u2606I MIGHT BE BANNED\n|j|\u2606mongwong\n|t:|1618449439\n|gametype|singles\n|player|p1|I MIGHT BE BANNED|furisodegirl-black|1298\n|player|p2|mongwong|silver|1176\n|teamsize|p1|6\n|teamsize|p2|6\n|gen|8\n|tier|[Gen 8] Balanced Hackmons\n|rated|\n|rule|OHKO Clause: OHKO moves are banned\n|rule|Evasion Moves Clause: Evasion moves are banned\n|rule|Forme Clause: Limit one of each forme of a Pok\u00e9mon\n|clearpoke\n|poke|p1|Ho-Oh|\n|poke|p1|Chansey, F|\n|poke|p1|Cramorant-Gorging, M|\n|poke|p1|Zacian-Crowned|\n|poke|p1|Regieleki|\n|poke|p1|Eternatus|\n|poke|p2|Togekiss, M|\n|poke|p2|Palkia|\n|poke|p2|Regieleki|\n|poke|p2|Dragapult, F|\n|poke|p2|Stakataka|\n|poke|p2|Blissey, F|\n|rule|HP Percentage Mod: HP is shown in percentages\n|rule|Dynamax Clause: You cannot dynamax\n|rule|Sleep Clause Mod: Limit one foe put to sleep\n|rule|Endless Battle Clause: Forcing endless battles is banned\n|teampreview\n|\n|t:|1618449469\n|start\n|switch|p1a: kobe|Regieleki|100\/100\n|switch|p2a: Regieleki|Regieleki|100\/100\n|-ability|p1a: kobe|Mold Breaker\n|turn|1\n|\n|t:|1618449477\n|move|p2a: Regieleki|Spore|p1a: kobe\n|-status|p1a: kobe|slp|[from] move: Spore\n|cant|p1a: kobe|slp\n|\n|upkeep\n|turn|2\n|\n|t:|1618449484\n|switch|p1a: SUS!!!|Chansey, F|100\/100\n|-transform|p1a: SUS!!!|p2a: Regieleki|[from] ability: Imposter\n|move|p2a: Regieleki|Anchor Shot|p1a: SUS!!!\n|-resisted|p1a: SUS!!!\n|-damage|p1a: SUS!!!|94\/100\n|-activate|p1a: SUS!!!|trapped\n|\n|upkeep\n|turn|3\n|\n|t:|1618449489\n|move|p2a: Regieleki|Spore|p1a: SUS!!!\n|-message|Sleep Clause Mod activated.\n|move|p1a: SUS!!!|Teleport|p1a: SUS!!!\n|\n|t:|1618449494\n|switch|p1a: boxing bread|Zacian-Crowned|100\/100|[from]move: Teleport\n|-ability|p1a: boxing bread|Intrepid Sword|boost\n|-boost|p1a: boxing bread|atk|1\n|\n|upkeep\n|turn|4\n|\n|t:|1618449505\n|move|p2a: Regieleki|Anchor Shot|p1a: boxing bread\n|-damage|p1a: boxing bread|86\/100\n|-activate|p1a: boxing bread|trapped\n|move|p1a: boxing bread|Imprison|p1a: boxing bread\n|-start|p1a: boxing bread|move: Imprison\n|\n|upkeep\n|turn|5\n|\n|t:|1618449514\n|move|p2a: Regieleki|Perish Song|p2a: Regieleki\n|-start|p1a: boxing bread|perish3|[silent]\n|-start|p2a: Regieleki|perish3|[silent]\n|-fieldactivate|move: Perish Song\n|move|p1a: boxing bread|Transform|p2a: Regieleki\n|-transform|p1a: boxing bread|p2a: Regieleki\n|-endability|p1a: boxing bread|Intrepid Sword|[from] move: Transform\n|\n|-start|p2a: Regieleki|perish3\n|-start|p1a: boxing bread|perish3\n|upkeep\n|turn|6\n|\n|t:|1618449520\n|-activate|p2a: Regieleki|move: Struggle\n|move|p2a: Regieleki|Struggle|p1a: boxing bread\n|-damage|p1a: boxing bread|69\/100\n|-damage|p2a: Regieleki|75\/100|[from] recoil\n|move|p1a: boxing bread|Spore|p2a: Regieleki\n|-activate|p2a: Regieleki|item: Safety Goggles|Spore\n|\n|-start|p1a: boxing bread|perish2\n|-start|p2a: Regieleki|perish2\n|upkeep\n|turn|7\n|\n|t:|1618449526\n|move|p1a: boxing bread|Anchor Shot|p2a: Regieleki\n|-resisted|p2a: Regieleki\n|-damage|p2a: Regieleki|62\/100\n|-activate|p2a: Regieleki|trapped\n|-activate|p2a: Regieleki|move: Struggle\n|move|p2a: Regieleki|Struggle|p1a: boxing bread\n|-damage|p1a: boxing bread|54\/100\n|-damage|p2a: Regieleki|37\/100|[from] recoil\n|\n|-start|p2a: Regieleki|perish1\n|-start|p1a: boxing bread|perish1\n|upkeep\n|turn|8\n|\n|t:|1618449531\n|-activate|p2a: Regieleki|move: Struggle\n|move|p2a: Regieleki|Struggle|p1a: boxing bread\n|-damage|p1a: boxing bread|38\/100\n|-damage|p2a: Regieleki|12\/100|[from] recoil\n|move|p1a: boxing bread|Teleport|p1a: boxing bread\n|inactive|Battle timer is ON: inactive players will automatically lose when time's up. (requested by mongwong)\n|\n|t:|1618449558\n|switch|p1a: under the ketchup|Cramorant-Gorging, M|100\/100|[from]move: Teleport\n|\n|-start|p2a: Regieleki|perish0\n|upkeep\n|faint|p2a: Regieleki\n|\n|t:|1618449567\n|switch|p2a: Stakataka|Stakataka|100\/100\n|turn|9\n|\n|t:|1618449571\n|move|p1a: under the ketchup|Flip Turn|p2a: Stakataka\n|-supereffective|p2a: Stakataka\n|-damage|p2a: Stakataka|87\/100\n|\n|t:|1618449575\n|switch|p1a: SUS!!!|Chansey, F|94\/100|[from]move: Flip Turn\n|-transform|p1a: SUS!!!|p2a: Stakataka|[from] ability: Imposter\n|move|p2a: Stakataka|Trick Room|p2a: Stakataka\n|-fieldstart|move: Trick Room|[of] p2a: Stakataka\n|\n|upkeep\n|turn|10\n|\n|t:|1618449590\n|switch|p1a: Eternatus|Eternatus|100\/100\n|move|p2a: Stakataka|Cotton Guard|p2a: Stakataka\n|-boost|p2a: Stakataka|def|3\n|\n|upkeep\n|turn|11\n|\n|t:|1618449597\n|move|p2a: Stakataka|Gyro Ball|p1a: Eternatus\n|-damage|p1a: Eternatus|36\/100\n|-damage|p2a: Stakataka|77\/100|[from] item: Life Orb\n|move|p1a: Eternatus|Toxic|p2a: Stakataka\n|-status|p2a: Stakataka|tox\n|\n|-damage|p2a: Stakataka|71\/100 tox|[from] psn\n|upkeep\n|turn|12\n|\n|t:|1618449604\n|switch|p1a: kobe|Regieleki|100\/100 slp\n|-ability|p1a: kobe|Mold Breaker\n|move|p2a: Stakataka|Gyro Ball|p1a: kobe\n|-resisted|p1a: kobe\n|-damage|p1a: kobe|38\/100 slp\n|-damage|p2a: Stakataka|61\/100 tox|[from] item: Life Orb\n|\n|-damage|p2a: Stakataka|49\/100 tox|[from] psn\n|upkeep\n|turn|13\n|\n|t:|1618449608\n|move|p2a: Stakataka|Body Press|p1a: kobe\n|-damage|p1a: kobe|0 fnt\n|-damage|p2a: Stakataka|39\/100 tox|[from] item: Life Orb\n|faint|p1a: kobe\n|\n|-damage|p2a: Stakataka|21\/100 tox|[from] psn\n|-fieldend|move: Trick Room\n|upkeep\n|\n|t:|1618449619\n|switch|p1a: So true!!!|Ho-Oh|100\/100\n|turn|14\n|\n|t:|1618449625\n|move|p1a: So true!!!|Fishious Rend|p2a: Stakataka\n|-supereffective|p2a: Stakataka\n|-crit|p2a: Stakataka\n|-damage|p2a: Stakataka|0 fnt\n|faint|p2a: Stakataka\n|\n|upkeep\n|\n|t:|1618449629\n|switch|p2a: Palkia|Palkia|100\/100\n|turn|15\n|\n|t:|1618449638\n|switch|p1a: SUS!!!|Chansey, F|94\/100\n|-transform|p1a: SUS!!!|p2a: Palkia|[from] ability: Imposter\n|move|p2a: Palkia|U-turn|p1a: SUS!!!\n|-damage|p1a: SUS!!!|86\/100\n|\n|t:|1618449646\n|switch|p2a: Dragapult|Dragapult, F|100\/100|[from]move: U-turn\n|\n|upkeep\n|turn|16\n|inactive|I MIGHT BE BANNED has 120 seconds left.\n|\n|t:|1618449676\n|switch|p1a: Eternatus|Eternatus|36\/100\n|move|p2a: Dragapult|Dragon Darts|p1a: Eternatus\n|-supereffective|p1a: Eternatus\n|-damage|p1a: Eternatus|7\/100\n|-anim|p2a: Dragapult|Dragon Darts|p1a: Eternatus\n|-supereffective|p1a: Eternatus\n|-damage|p1a: Eternatus|0 fnt\n|faint|p1a: Eternatus\n|\n|upkeep\n|inactive|I MIGHT BE BANNED has 120 seconds left.\n|\n|t:|1618449682\n|switch|p1a: So true!!!|Ho-Oh|100\/100\n|turn|17\n|\n|t:|1618449688\n|switch|p2a: Blissey|Blissey, F|100\/100\n|-transform|p2a: Blissey|p1a: So true!!!|[from] ability: Imposter\n|move|p1a: So true!!!|Belly Drum|p1a: So true!!!\n|-damage|p1a: So true!!!|50\/100\n|-setboost|p1a: So true!!!|atk|6|[from] move: Belly Drum\n|-enditem|p1a: So true!!!|Sitrus Berry|[eat]\n|-heal|p1a: So true!!!|75\/100|[from] item: Sitrus Berry\n|\n|upkeep\n|turn|18\n|c|\u2606I MIGHT BE BANNED|rip\n|\n|t:|1618449702\n|move|p1a: So true!!!|Fishious Rend|p2a: Blissey\n|-supereffective|p2a: Blissey\n|-damage|p2a: Blissey|0 fnt\n|faint|p2a: Blissey\n|\n|upkeep\n|c|\u2606I MIGHT BE BANNED|gg\n|\n|t:|1618449707\n|switch|p2a: Dragapult|Dragapult, F|100\/100\n|turn|19\n|\n|t:|1618449711\n|move|p1a: So true!!!|Glacial Lance|p2a: Dragapult\n|-supereffective|p2a: Dragapult\n|-enditem|p2a: Dragapult|Focus Sash\n|-damage|p2a: Dragapult|1\/100\n|move|p2a: Dragapult|Spectral Thief||[still]\n|-clearpositiveboost|p1a: So true!!!|p2a: Dragapult|move: Spectral Thief\n|-boost|p2a: Dragapult|atk|6\n|-anim|p2a: Dragapult|Spectral Thief|p1a: So true!!!\n|-damage|p1a: So true!!!|0 fnt\n|faint|p1a: So true!!!\n|\n|upkeep\n|c|\u2606mongwong|lol\n|\n|t:|1618449715\n|switch|p1a: SUS!!!|Chansey, F|86\/100\n|-transform|p1a: SUS!!!|p2a: Dragapult|[from] ability: Imposter\n|turn|20\n|\n|t:|1618449722\n|move|p1a: SUS!!!|Dragon Darts|p2a: Dragapult\n|-supereffective|p2a: Dragapult\n|-damage|p2a: Dragapult|0 fnt\n|faint|p2a: Dragapult\n|\n|upkeep\n|\n|t:|1618449732\n|switch|p2a: Togekiss|Togekiss, M|100\/100\n|turn|21\n|\n|t:|1618449737\n|switch|p1a: under the ketchup|Cramorant-Gorging, M|100\/100\n|move|p2a: Togekiss|Draining Kiss|p1a: under the ketchup\n|-damage|p1a: under the ketchup|80\/100\n|-damage|p2a: Togekiss|84\/100|[from] item: Rocky Helmet|[of] p1a: under the ketchup\n|-damage|p2a: Togekiss|59\/100|[from] ability: Gulp Missile|[of] p1a: under the ketchup\n|-status|p2a: Togekiss|par\n|-formechange|p1a: under the ketchup|Cramorant|\n|\n|upkeep\n|turn|22\n|\n|t:|1618449742\n|move|p1a: under the ketchup|Flip Turn|p2a: Togekiss\n|-damage|p2a: Togekiss|43\/100 par\n|\n|t:|1618449744\n|switch|p1a: SUS!!!|Chansey, F|86\/100|[from]move: Flip Turn\n|-transform|p1a: SUS!!!|p2a: Togekiss|[from] ability: Imposter\n|cant|p2a: Togekiss|par\n|\n|upkeep\n|turn|23\n|\n|t:|1618449753\n|move|p1a: SUS!!!|Oblivion Wing|p2a: Togekiss\n|-damage|p2a: Togekiss|14\/100 par\n|-heal|p1a: SUS!!!|97\/100|[from] drain|[of] p2a: Togekiss\n|move|p2a: Togekiss|Geomancy||[still]\n|-prepare|p2a: Togekiss|Geomancy\n|-enditem|p2a: Togekiss|Power Herb\n|-anim|p2a: Togekiss|Geomancy|p2a: Togekiss\n|-boost|p2a: Togekiss|spa|2\n|-boost|p2a: Togekiss|spd|2\n|-boost|p2a: Togekiss|spe|2\n|\n|upkeep\n|turn|24\n|\n|t:|1618449758\n|move|p1a: SUS!!!|Oblivion Wing|p2a: Togekiss\n|-damage|p2a: Togekiss|0 fnt\n|-heal|p1a: SUS!!!|100\/100|[from] drain|[of] p2a: Togekiss\n|faint|p2a: Togekiss\n|\n|upkeep\n|\n|t:|1618449760\n|switch|p2a: Palkia|Palkia|100\/100\n|turn|25\n|\n|t:|1618449762\n|switch|p1a: under the ketchup|Cramorant-Gorging, M|80\/100\n|move|p2a: Palkia|Fishious Rend|p1a: under the ketchup\n|-resisted|p1a: under the ketchup\n|-damage|p1a: under the ketchup|18\/100\n|-damage|p2a: Palkia|84\/100|[from] item: Rocky Helmet|[of] p1a: under the ketchup\n|-damage|p2a: Palkia|59\/100|[from] ability: Gulp Missile|[of] p1a: under the ketchup\n|-status|p2a: Palkia|par\n|-formechange|p1a: under the ketchup|Cramorant|\n|\n|upkeep\n|turn|26\n|\n|t:|1618449771\n|switch|p1a: boxing bread|Zacian-Crowned|38\/100\n|-ability|p1a: boxing bread|Intrepid Sword|boost\n|-boost|p1a: boxing bread|atk|1\n|move|p2a: Palkia|Fishious Rend|p1a: boxing bread\n|-damage|p1a: boxing bread|0 fnt\n|faint|p1a: boxing bread\n|\n|upkeep\n|\n|t:|1618449773\n|switch|p1a: under the ketchup|Cramorant-Gorging, M|18\/100\n|turn|27\n|\n|t:|1618449776\n|move|p1a: under the ketchup|Flip Turn|p2a: Palkia\n|-resisted|p2a: Palkia\n|-damage|p2a: Palkia|55\/100 par\n|\n|t:|1618449778\n|switch|p1a: SUS!!!|Chansey, F|100\/100|[from]move: Flip Turn\n|-transform|p1a: SUS!!!|p2a: Palkia|[from] ability: Imposter\n|move|p2a: Palkia|Fishious Rend|p1a: SUS!!!\n|-resisted|p1a: SUS!!!\n|-crit|p1a: SUS!!!\n|-damage|p1a: SUS!!!|81\/100\n|\n|upkeep\n|turn|28\n|\n|t:|1618449781\n|switch|p1a: under the ketchup|Cramorant-Gorging, M|18\/100\n|move|p2a: Palkia|Fishious Rend|p1a: under the ketchup\n|-resisted|p1a: under the ketchup\n|-damage|p1a: under the ketchup|0 fnt\n|-damage|p2a: Palkia|38\/100 par|[from] item: Rocky Helmet|[of] p1a: under the ketchup\n|-damage|p2a: Palkia|13\/100 par|[from] ability: Gulp Missile|[of] p1a: under the ketchup\n|-formechange|p1a: under the ketchup|Cramorant|\n|faint|p1a: under the ketchup\n|\n|upkeep\n|\n|t:|1618449783\n|switch|p1a: SUS!!!|Chansey, F|81\/100\n|-transform|p1a: SUS!!!|p2a: Palkia|[from] ability: Imposter\n|turn|29\n|c|\u2606I MIGHT BE BANNED|gg\n|\n|t:|1618449789\n|move|p1a: SUS!!!|Fishious Rend|p2a: Palkia\n|-resisted|p2a: Palkia\n|-damage|p2a: Palkia|0 fnt\n|faint|p2a: Palkia\n|\n|win|I MIGHT BE BANNED\n|raw|I MIGHT BE BANNED's rating: 1314 &rarr; <strong>1326<\/strong><br \/>(+12 for winning)\n|raw|mongwong's rating: 1176 &rarr; <strong>1160<\/strong><br \/>(-16 for losing)\n|l|\u2606mongwong\n","uploadtime":1618449794,"views":10,"p1id":"imightbebanned","p2id":"mongwong","formatid":"gen8balancedhackmons","rating":1160,"private":0,"password":null}