{"id":"gen8nationaldex-1659579485","p1":"Capital Cruiser","p2":"Chartwig","format":"gen8nationaldex","log":"|j|\u2606Capital Cruiser\n|j|\u2606Chartwig\n|t:|1662679784\n|gametype|singles\n|player|p1|Capital Cruiser|cheren-gen5bw2|1460\n|player|p2|Chartwig|hilbert|1546\n|teamsize|p1|6\n|teamsize|p2|6\n|gen|8\n|tier|[Gen 8] National Dex\n|rated|\n|rule|HP Percentage Mod: HP is shown in percentages\n|rule|Endless Battle Clause: Forcing endless battles is banned\n|rule|OHKO Clause: OHKO moves are banned\n|rule|Evasion Moves Clause: Evasion moves are banned\n|rule|Species Clause: Limit one of each Pok\u00e9mon\n|rule|Dynamax Clause: You cannot dynamax\n|rule|Sleep Clause Mod: Limit one foe put to sleep\n|clearpoke\n|poke|p1|Garchomp, M|\n|poke|p1|Hippowdon, M|\n|poke|p1|Kartana|\n|poke|p1|Tapu Fini|\n|poke|p1|Heatran, F|\n|poke|p1|Celesteela|\n|poke|p2|Beedrill, M|\n|poke|p2|Landorus-Therian, M|\n|poke|p2|Greninja, F|\n|poke|p2|Magnezone|\n|poke|p2|Rotom-Wash|\n|poke|p2|Alakazam, M|\n|teampreview\n|inactive|Battle timer is ON: inactive players will automatically lose when time's up. (requested by Capital Cruiser)\n|\n|t:|1662679800\n|start\n|switch|p1a: Hippowdon|Hippowdon, M, shiny|100\/100\n|switch|p2a: Rotom|Rotom-Wash|100\/100\n|-weather|Sandstorm|[from] ability: Sand Stream|[of] p1a: Hippowdon\n|turn|1\n|\n|t:|1662679817\n|switch|p1a: Tapu Fini|Tapu Fini, shiny|100\/100\n|-fieldstart|move: Misty Terrain|[from] ability: Misty Surge|[of] p1a: Tapu Fini\n|move|p2a: Rotom|Hydro Pump|p1a: Tapu Fini\n|-resisted|p1a: Tapu Fini\n|-damage|p1a: Tapu Fini|84\/100\n|\n|-weather|Sandstorm|[upkeep]\n|-damage|p2a: Rotom|94\/100|[from] Sandstorm\n|-damage|p1a: Tapu Fini|78\/100|[from] Sandstorm\n|-heal|p2a: Rotom|100\/100|[from] item: Leftovers\n|-heal|p1a: Tapu Fini|84\/100|[from] item: Leftovers\n|upkeep\n|turn|2\n|\n|t:|1662679828\n|move|p2a: Rotom|Volt Switch|p1a: Tapu Fini\n|-supereffective|p1a: Tapu Fini\n|-damage|p1a: Tapu Fini|43\/100\n|inactive|Chartwig has 120 seconds left.\n|\n|t:|1662679858\n|switch|p2a: Magnezone|Magnezone|100\/100|[from]move: Volt Switch\n|move|p1a: Tapu Fini|Nature's Madness|p2a: Magnezone\n|-damage|p2a: Magnezone|51\/100\n|\n|-weather|Sandstorm|[upkeep]\n|-damage|p1a: Tapu Fini|37\/100|[from] Sandstorm\n|-heal|p1a: Tapu Fini|43\/100|[from] item: Leftovers\n|upkeep\n|turn|3\n|\n|t:|1662679880\n|switch|p1a: Heatran|Heatran, F, shiny|100\/100\n|move|p2a: Magnezone|Flash Cannon|p1a: Heatran\n|-resisted|p1a: Heatran\n|-damage|p1a: Heatran|90\/100\n|\n|-weather|Sandstorm|[upkeep]\n|upkeep\n|turn|4\n|\n|t:|1662679890\n|switch|p2a: Rotom|Rotom-Wash|100\/100\n|move|p1a: Heatran|Lava Plume|p2a: Rotom\n|-resisted|p2a: Rotom\n|-damage|p2a: Rotom|83\/100\n|-status|p2a: Rotom|brn\n|\n|-weather|Sandstorm|[upkeep]\n|-damage|p2a: Rotom|76\/100 brn|[from] Sandstorm\n|-heal|p2a: Rotom|83\/100 brn|[from] item: Leftovers\n|-damage|p2a: Rotom|76\/100 brn|[from] brn\n|upkeep\n|turn|5\n|\n|t:|1662679901\n|move|p2a: Rotom|Hydro Pump|p1a: Heatran\n|-supereffective|p1a: Heatran\n|-damage|p1a: Heatran|40\/100\n|move|p1a: Heatran|Stealth Rock|p2a: Rotom\n|-sidestart|p2: Chartwig|move: Stealth Rock\n|\n|-weather|Sandstorm|[upkeep]\n|-damage|p2a: Rotom|70\/100 brn|[from] Sandstorm\n|-heal|p2a: Rotom|76\/100 brn|[from] item: Leftovers\n|-damage|p2a: Rotom|70\/100 brn|[from] brn\n|-fieldend|Misty Terrain\n|upkeep\n|turn|6\n|\n|t:|1662679925\n|switch|p1a: Garchomp|Garchomp, M, shiny|100\/100\n|move|p2a: Rotom|Defog|p1a: Garchomp\n|-unboost|p1a: Garchomp|evasion|1\n|-sideend|p2: Chartwig|Stealth Rock|[from] move: Defog|[of] p2a: Rotom\n|\n|-weather|Sandstorm|[upkeep]\n|-damage|p2a: Rotom|64\/100 brn|[from] Sandstorm\n|-heal|p2a: Rotom|70\/100 brn|[from] item: Leftovers\n|-damage|p2a: Rotom|64\/100 brn|[from] brn\n|upkeep\n|turn|7\n|\n|t:|1662679931\n|detailschange|p1a: Garchomp|Garchomp-Mega, M, shiny\n|-mega|p1a: Garchomp|Garchomp|Garchompite\n|move|p1a: Garchomp|Swords Dance|p1a: Garchomp\n|-boost|p1a: Garchomp|atk|2\n|move|p2a: Rotom|Will-O-Wisp|p1a: Garchomp\n|-status|p1a: Garchomp|brn\n|\n|-weather|Sandstorm|[upkeep]\n|-damage|p2a: Rotom|58\/100 brn|[from] Sandstorm\n|-heal|p2a: Rotom|64\/100 brn|[from] item: Leftovers\n|-damage|p1a: Garchomp|94\/100 brn|[from] brn\n|-damage|p2a: Rotom|58\/100 brn|[from] brn\n|upkeep\n|turn|8\n|inactive|Chartwig has 120 seconds left.\n|\n|t:|1662679957\n|move|p1a: Garchomp|Rock Slide|p2a: Rotom\n|-damage|p2a: Rotom|19\/100 brn\n|move|p2a: Rotom|Hydro Pump|p1a: Garchomp\n|-damage|p1a: Garchomp|58\/100 brn\n|\n|-weather|none\n|-heal|p2a: Rotom|25\/100 brn|[from] item: Leftovers\n|-damage|p1a: Garchomp|52\/100 brn|[from] brn\n|-damage|p2a: Rotom|19\/100 brn|[from] brn\n|upkeep\n|turn|9\n|\n|t:|1662679962\n|switch|p2a: Landorus|Landorus-Therian, M|100\/100\n|-ability|p2a: Landorus|Intimidate|boost\n|-unboost|p1a: Garchomp|atk|1\n|move|p1a: Garchomp|Rock Slide|p2a: Landorus\n|-damage|p2a: Landorus|81\/100\n|\n|-damage|p1a: Garchomp|46\/100 brn|[from] brn\n|upkeep\n|turn|10\n|\n|t:|1662679970\n|move|p1a: Garchomp|Rock Slide|p2a: Landorus\n|-damage|p2a: Landorus|61\/100\n|move|p2a: Landorus|Earthquake|p1a: Garchomp\n|-damage|p1a: Garchomp|9\/100 brn\n|\n|-damage|p1a: Garchomp|2\/100 brn|[from] brn\n|upkeep\n|turn|11\n|\n|t:|1662679980\n|move|p1a: Garchomp|Fire Fang|p2a: Landorus\n|-crit|p2a: Landorus\n|-damage|p2a: Landorus|33\/100\n|-damage|p1a: Garchomp|0 fnt|[from] item: Rocky Helmet|[of] p2a: Landorus\n|faint|p1a: Garchomp\n|cant|p2a: Landorus|flinch\n|\n|upkeep\n|\n|t:|1662679993\n|switch|p1a: Hippowdon|Hippowdon, M, shiny|100\/100\n|-weather|Sandstorm|[from] ability: Sand Stream|[of] p1a: Hippowdon\n|turn|12\n|inactive|Chartwig has 120 seconds left.\n|\n|t:|1662680032\n|move|p2a: Landorus|Toxic|p1a: Hippowdon\n|-status|p1a: Hippowdon|tox\n|move|p1a: Hippowdon|Ice Fang|p2a: Landorus\n|-supereffective|p2a: Landorus\n|-damage|p2a: Landorus|0 fnt\n|-damage|p1a: Hippowdon|84\/100 tox|[from] item: Rocky Helmet|[of] p2a: Landorus\n|faint|p2a: Landorus\n|\n|-weather|Sandstorm|[upkeep]\n|-damage|p1a: Hippowdon|78\/100 tox|[from] psn\n|upkeep\n|\n|t:|1662680038\n|switch|p2a: Greninja|Greninja, F|100\/100\n|turn|13\n|\n|t:|1662680045\n|move|p2a: Greninja|Ice Beam|p1a: Hippowdon\n|-start|p2a: Greninja|typechange|Ice|[from] ability: Protean\n|-supereffective|p1a: Hippowdon\n|-damage|p1a: Hippowdon|4\/100 tox\n|move|p1a: Hippowdon|Rock Slide|p2a: Greninja\n|-supereffective|p2a: Greninja\n|-damage|p2a: Greninja|0 fnt\n|faint|p2a: Greninja\n|\n|-weather|Sandstorm|[upkeep]\n|-damage|p1a: Hippowdon|0 fnt|[from] psn\n|faint|p1a: Hippowdon\n|upkeep\n|inactive|Chartwig has 120 seconds left.\n|\n|t:|1662680063\n|switch|p2a: Alakazam|Alakazam, M|100\/100\n|switch|p1a: Kartana|Kartana, shiny|100\/100\n|turn|14\n|\n|t:|1662680067\n|switch|p1a: Celesteela|Celesteela, shiny|100\/100\n|move|p2a: Alakazam|Focus Blast|p1a: Celesteela\n|-damage|p1a: Celesteela|58\/100\n|\n|-weather|Sandstorm|[upkeep]\n|upkeep\n|turn|15\n|\n|t:|1662680073\n|switch|p2a: Magnezone|Magnezone|51\/100\n|switch|p1a: Heatran|Heatran, F, shiny|40\/100\n|\n|-weather|Sandstorm|[upkeep]\n|upkeep\n|turn|16\n|\n|t:|1662680083\n|switch|p2a: Rotom|Rotom-Wash|19\/100 brn\n|move|p1a: Heatran|Lava Plume|p2a: Rotom\n|-resisted|p2a: Rotom\n|-damage|p2a: Rotom|0 fnt\n|faint|p2a: Rotom\n|\n|-weather|Sandstorm|[upkeep]\n|upkeep\n|\n|t:|1662680092\n|switch|p2a: Alakazam|Alakazam, M|100\/100\n|turn|17\n|\n|t:|1662680103\n|move|p2a: Alakazam|Focus Blast|p1a: Heatran\n|-supereffective|p1a: Heatran\n|-damage|p1a: Heatran|0 fnt\n|faint|p1a: Heatran\n|\n|-weather|Sandstorm|[upkeep]\n|upkeep\n|\n|t:|1662680106\n|switch|p1a: Tapu Fini|Tapu Fini, shiny|43\/100\n|-fieldstart|move: Misty Terrain|[from] ability: Misty Surge|[of] p1a: Tapu Fini\n|turn|18\n|\n|t:|1662680115\n|switch|p2a: Magnezone|Magnezone|51\/100\n|move|p1a: Tapu Fini|Scald|p2a: Magnezone\n|-damage|p2a: Magnezone|18\/100\n|\n|-weather|Sandstorm|[upkeep]\n|-damage|p1a: Tapu Fini|37\/100|[from] Sandstorm\n|-heal|p1a: Tapu Fini|43\/100|[from] item: Leftovers\n|upkeep\n|turn|19\n|\n|t:|1662680131\n|move|p2a: Magnezone|Volt Switch|p1a: Tapu Fini\n|-supereffective|p1a: Tapu Fini\n|-damage|p1a: Tapu Fini|0 fnt\n|faint|p1a: Tapu Fini\n|\n|t:|1662680138\n|switch|p2a: Beedrill|Beedrill, M|100\/100|[from]move: Volt Switch\n|\n|-weather|none\n|upkeep\n|\n|t:|1662680145\n|switch|p1a: Celesteela|Celesteela, shiny|58\/100\n|turn|20\n|\n|t:|1662680164\n|detailschange|p2a: Beedrill|Beedrill-Mega, M\n|-mega|p2a: Beedrill|Beedrill|Beedrillite\n|move|p2a: Beedrill|Knock Off|p1a: Celesteela\n|-damage|p1a: Celesteela|29\/100\n|-enditem|p1a: Celesteela|Heavy-Duty Boots|[from] move: Knock Off|[of] p2a: Beedrill\n|move|p1a: Celesteela|Leech Seed|p2a: Beedrill\n|-start|p2a: Beedrill|move: Leech Seed\n|\n|-damage|p2a: Beedrill|88\/100|[from] Leech Seed|[of] p1a: Celesteela\n|-heal|p1a: Celesteela|38\/100|[silent]\n|upkeep\n|turn|21\n|\n|t:|1662680169\n|move|p2a: Beedrill|Knock Off|p1a: Celesteela\n|-damage|p1a: Celesteela|17\/100\n|move|p1a: Celesteela|Leech Seed||[still]\n|-fail|p1a: Celesteela\n|\n|-damage|p2a: Beedrill|76\/100|[from] Leech Seed|[of] p1a: Celesteela\n|-heal|p1a: Celesteela|26\/100|[silent]\n|upkeep\n|turn|22\n|\n|t:|1662680172\n|move|p1a: Celesteela|Protect|p1a: Celesteela\n|-singleturn|p1a: Celesteela|Protect\n|move|p2a: Beedrill|Knock Off|p1a: Celesteela\n|-activate|p1a: Celesteela|move: Protect\n|\n|-damage|p2a: Beedrill|64\/100|[from] Leech Seed|[of] p1a: Celesteela\n|-heal|p1a: Celesteela|36\/100|[silent]\n|-fieldend|Misty Terrain\n|upkeep\n|turn|23\n|\n|t:|1662680175\n|move|p2a: Beedrill|Knock Off|p1a: Celesteela\n|-damage|p1a: Celesteela|15\/100\n|move|p1a: Celesteela|Leech Seed||[still]\n|-fail|p1a: Celesteela\n|\n|-damage|p2a: Beedrill|52\/100|[from] Leech Seed|[of] p1a: Celesteela\n|-heal|p1a: Celesteela|25\/100|[silent]\n|upkeep\n|turn|24\n|\n|t:|1662680180\n|move|p2a: Beedrill|Knock Off|p1a: Celesteela\n|-damage|p1a: Celesteela|4\/100\n|move|p1a: Celesteela|Air Slash|p2a: Beedrill\n|-supereffective|p2a: Beedrill\n|-damage|p2a: Beedrill|0 fnt\n|faint|p2a: Beedrill\n|-ability|p1a: Celesteela|Beast Boost|boost\n|-boost|p1a: Celesteela|spa|1\n|\n|upkeep\n|\n|t:|1662680185\n|switch|p2a: Magnezone|Magnezone|18\/100\n|turn|25\n|c|\u2606Capital Cruiser|noob\n|-message|Capital Cruiser forfeited.\n|\n|win|Chartwig\n|raw|Capital Cruiser's rating: 1460 &rarr; <strong>1444<\/strong><br \/>(-16 for losing)\n|raw|Chartwig's rating: 1522 &rarr; <strong>1538<\/strong><br \/>(+16 for winning)\n|l|\u2606Capital Cruiser\n|j|\u2606Capital Cruiser\n|player|p1|Capital Cruiser|cheren-gen5bw2\n|l|\u2606Capital Cruiser\n|player|p1|\n||Ladder isn't responding, score probably updated but might not have (Request timeout).\n","uploadtime":1662680233,"views":10,"p1id":"capitalcruiser","p2id":"chartwig","formatid":"gen8nationaldex","rating":1444,"private":0,"password":null}