{"id":"gen8ou-1641024248","p1":"sumofsquares","p2":"Lenape","format":"gen8ou","log":"|j|\u2606sumofsquares\n|j|\u2606Lenape\n|t:|1660663886\n|gametype|singles\n|player|p1|sumofsquares|grimsley|1649\n|player|p2|Lenape|101|1798\n|teamsize|p1|6\n|teamsize|p2|6\n|gen|8\n|tier|[Gen 8] OU\n|rated|\n|rule|Sleep Clause Mod: Limit one foe put to sleep\n|rule|Species Clause: Limit one of each Pok\u00e9mon\n|rule|OHKO Clause: OHKO moves are banned\n|rule|Evasion Items Clause: Evasion items are banned\n|rule|Evasion Moves Clause: Evasion moves are banned\n|rule|Endless Battle Clause: Forcing endless battles is banned\n|rule|HP Percentage Mod: HP is shown in percentages\n|rule|Dynamax Clause: You cannot dynamax\n|clearpoke\n|poke|p1|Corviknight, M|\n|poke|p1|Zeraora|\n|poke|p1|Zapdos-Galar|\n|poke|p1|Latios, M|\n|poke|p1|Mamoswine, M|\n|poke|p1|Tapu Fini|\n|poke|p2|Rhyperior, M|\n|poke|p2|Toxapex, M|\n|poke|p2|Corviknight, M|\n|poke|p2|Umbreon, M|\n|poke|p2|Sylveon, F|\n|poke|p2|Rotom-Heat|\n|teampreview\n|inactive|Battle timer is ON: inactive players will automatically lose when time's up. (requested by Lenape)\n|\n|t:|1660663906\n|start\n|switch|p1a: Mamoswine|Mamoswine, M|100\/100\n|switch|p2a: Rotom|Rotom-Heat|100\/100\n|turn|1\n|\n|t:|1660663912\n|move|p2a: Rotom|Trick|p1a: Mamoswine\n|-activate|p2a: Rotom|move: Trick|[of] p1a: Mamoswine\n|-item|p1a: Mamoswine|Choice Scarf|[from] move: Trick\n|-item|p2a: Rotom|Heavy-Duty Boots|[from] move: Trick\n|move|p1a: Mamoswine|Stealth Rock|p2a: Rotom\n|-sidestart|p2: Lenape|move: Stealth Rock\n|\n|upkeep\n|turn|2\n|\n|t:|1660663927\n|switch|p1a: Zeraora|Zeraora|100\/100\n|move|p2a: Rotom|Defog|p1a: Zeraora\n|-unboost|p1a: Zeraora|evasion|1\n|-sideend|p2: Lenape|Stealth Rock|[from] move: Defog|[of] p2a: Rotom\n|\n|upkeep\n|turn|3\n|\n|t:|1660663937\n|move|p1a: Zeraora|Knock Off|p2a: Rotom\n|-damage|p2a: Rotom|73\/100\n|-enditem|p2a: Rotom|Heavy-Duty Boots|[from] move: Knock Off|[of] p1a: Zeraora\n|move|p2a: Rotom|Will-O-Wisp|p1a: Zeraora\n|-status|p1a: Zeraora|brn\n|\n|-damage|p1a: Zeraora|94\/100 brn|[from] brn\n|upkeep\n|turn|4\n|\n|t:|1660663943\n|move|p1a: Zeraora|Bulk Up|p1a: Zeraora\n|-boost|p1a: Zeraora|atk|1\n|-boost|p1a: Zeraora|def|1\n|move|p2a: Rotom|Will-O-Wisp|p1a: Zeraora\n|-fail|p1a: Zeraora|brn\n|\n|-heal|p1a: Zeraora|100\/100 brn|[from] item: Leftovers\n|-damage|p1a: Zeraora|94\/100 brn|[from] brn\n|upkeep\n|turn|5\n|\n|t:|1660663947\n|switch|p2a: Umbreon|Umbreon, M|100\/100\n|move|p1a: Zeraora|Knock Off|p2a: Umbreon\n|-resisted|p2a: Umbreon\n|-damage|p2a: Umbreon|95\/100\n|-enditem|p2a: Umbreon|Leftovers|[from] move: Knock Off|[of] p1a: Zeraora\n|\n|-heal|p1a: Zeraora|100\/100 brn|[from] item: Leftovers\n|-damage|p1a: Zeraora|94\/100 brn|[from] brn\n|upkeep\n|turn|6\n|\n|t:|1660663952\n|move|p1a: Zeraora|Bulk Up|p1a: Zeraora\n|-boost|p1a: Zeraora|atk|1\n|-boost|p1a: Zeraora|def|1\n|move|p2a: Umbreon|Wish|p2a: Umbreon\n|\n|-heal|p1a: Zeraora|100\/100 brn|[from] item: Leftovers\n|-damage|p1a: Zeraora|94\/100 brn|[from] brn\n|upkeep\n|turn|7\n|\n|t:|1660663955\n|move|p1a: Zeraora|Bulk Up|p1a: Zeraora\n|-boost|p1a: Zeraora|atk|1\n|-boost|p1a: Zeraora|def|1\n|move|p2a: Umbreon|Foul Play|p1a: Zeraora\n|-damage|p1a: Zeraora|54\/100 brn\n|\n|-heal|p2a: Umbreon|100\/100|[from] move: Wish|[wisher] Umbreon\n|-heal|p1a: Zeraora|60\/100 brn|[from] item: Leftovers\n|-damage|p1a: Zeraora|54\/100 brn|[from] brn\n|upkeep\n|turn|8\n|\n|t:|1660663959\n|move|p1a: Zeraora|Drain Punch|p2a: Umbreon\n|-supereffective|p2a: Umbreon\n|-damage|p2a: Umbreon|71\/100\n|-heal|p1a: Zeraora|69\/100 brn|[from] drain|[of] p2a: Umbreon\n|move|p2a: Umbreon|Wish|p2a: Umbreon\n|\n|-heal|p1a: Zeraora|76\/100 brn|[from] item: Leftovers\n|-damage|p1a: Zeraora|69\/100 brn|[from] brn\n|upkeep\n|turn|9\n|\n|t:|1660663965\n|move|p1a: Zeraora|Drain Punch|p2a: Umbreon\n|-supereffective|p2a: Umbreon\n|-damage|p2a: Umbreon|43\/100\n|-heal|p1a: Zeraora|84\/100 brn|[from] drain|[of] p2a: Umbreon\n|move|p2a: Umbreon|Foul Play|p1a: Zeraora\n|-damage|p1a: Zeraora|44\/100 brn\n|\n|-heal|p2a: Umbreon|93\/100|[from] move: Wish|[wisher] Umbreon\n|-heal|p1a: Zeraora|50\/100 brn|[from] item: Leftovers\n|-damage|p1a: Zeraora|44\/100 brn|[from] brn\n|upkeep\n|turn|10\n|\n|t:|1660663971\n|move|p1a: Zeraora|Bulk Up|p1a: Zeraora\n|-boost|p1a: Zeraora|atk|1\n|-boost|p1a: Zeraora|def|1\n|move|p2a: Umbreon|Foul Play|p1a: Zeraora\n|-damage|p1a: Zeraora|2\/100 brn\n|\n|-heal|p1a: Zeraora|8\/100 brn|[from] item: Leftovers\n|-damage|p1a: Zeraora|2\/100 brn|[from] brn\n|upkeep\n|turn|11\n|\n|t:|1660663975\n|move|p1a: Zeraora|Drain Punch|p2a: Umbreon\n|-supereffective|p2a: Umbreon\n|-crit|p2a: Umbreon\n|-damage|p2a: Umbreon|38\/100\n|-heal|p1a: Zeraora|30\/100 brn|[from] drain|[of] p2a: Umbreon\n|move|p2a: Umbreon|Wish|p2a: Umbreon\n|\n|-heal|p1a: Zeraora|36\/100 brn|[from] item: Leftovers\n|-damage|p1a: Zeraora|30\/100 brn|[from] brn\n|upkeep\n|turn|12\n|\n|t:|1660663983\n|move|p2a: Umbreon|Protect|p2a: Umbreon\n|-singleturn|p2a: Umbreon|Protect\n|move|p1a: Zeraora|Drain Punch|p2a: Umbreon\n|-activate|p2a: Umbreon|move: Protect\n|\n|-heal|p2a: Umbreon|88\/100|[from] move: Wish|[wisher] Umbreon\n|-heal|p1a: Zeraora|36\/100 brn|[from] item: Leftovers\n|-damage|p1a: Zeraora|30\/100 brn|[from] brn\n|upkeep\n|turn|13\n|\n|t:|1660663986\n|move|p1a: Zeraora|Drain Punch|p2a: Umbreon\n|-supereffective|p2a: Umbreon\n|-damage|p2a: Umbreon|54\/100\n|-heal|p1a: Zeraora|48\/100 brn|[from] drain|[of] p2a: Umbreon\n|move|p2a: Umbreon|Wish|p2a: Umbreon\n|\n|-heal|p1a: Zeraora|54\/100 brn|[from] item: Leftovers\n|-damage|p1a: Zeraora|48\/100 brn|[from] brn\n|upkeep\n|turn|14\n|\n|t:|1660663991\n|move|p1a: Zeraora|Drain Punch|p2a: Umbreon\n|-supereffective|p2a: Umbreon\n|-damage|p2a: Umbreon|19\/100\n|-heal|p1a: Zeraora|67\/100 brn|[from] drain|[of] p2a: Umbreon\n|move|p2a: Umbreon|Foul Play|p1a: Zeraora\n|-damage|p1a: Zeraora|23\/100 brn\n|\n|-heal|p2a: Umbreon|69\/100|[from] move: Wish|[wisher] Umbreon\n|-heal|p1a: Zeraora|29\/100 brn|[from] item: Leftovers\n|-damage|p1a: Zeraora|23\/100 brn|[from] brn\n|upkeep\n|turn|15\n|\n|t:|1660663996\n|move|p1a: Zeraora|Drain Punch|p2a: Umbreon\n|-supereffective|p2a: Umbreon\n|-damage|p2a: Umbreon|37\/100\n|-heal|p1a: Zeraora|39\/100 brn|[from] drain|[of] p2a: Umbreon\n|move|p2a: Umbreon|Wish|p2a: Umbreon\n|\n|-heal|p1a: Zeraora|46\/100 brn|[from] item: Leftovers\n|-damage|p1a: Zeraora|39\/100 brn|[from] brn\n|upkeep\n|turn|16\n|\n|t:|1660664003\n|move|p2a: Umbreon|Protect|p2a: Umbreon\n|-singleturn|p2a: Umbreon|Protect\n|move|p1a: Zeraora|Drain Punch|p2a: Umbreon\n|-activate|p2a: Umbreon|move: Protect\n|\n|-heal|p2a: Umbreon|87\/100|[from] move: Wish|[wisher] Umbreon\n|-heal|p1a: Zeraora|46\/100 brn|[from] item: Leftovers\n|-damage|p1a: Zeraora|39\/100 brn|[from] brn\n|upkeep\n|turn|17\n|\n|t:|1660664005\n|move|p1a: Zeraora|Drain Punch|p2a: Umbreon\n|-supereffective|p2a: Umbreon\n|-damage|p2a: Umbreon|56\/100\n|-heal|p1a: Zeraora|56\/100 brn|[from] drain|[of] p2a: Umbreon\n|move|p2a: Umbreon|Wish|p2a: Umbreon\n|\n|-heal|p1a: Zeraora|62\/100 brn|[from] item: Leftovers\n|-damage|p1a: Zeraora|56\/100 brn|[from] brn\n|upkeep\n|turn|18\n|\n|t:|1660664011\n|move|p1a: Zeraora|Bulk Up|p1a: Zeraora\n|-boost|p1a: Zeraora|atk|1\n|-boost|p1a: Zeraora|def|1\n|move|p2a: Umbreon|Foul Play|p1a: Zeraora\n|-damage|p1a: Zeraora|16\/100 brn\n|\n|-heal|p2a: Umbreon|100\/100|[from] move: Wish|[wisher] Umbreon\n|-heal|p1a: Zeraora|23\/100 brn|[from] item: Leftovers\n|-damage|p1a: Zeraora|16\/100 brn|[from] brn\n|upkeep\n|turn|19\n|\n|t:|1660664018\n|move|p1a: Zeraora|Drain Punch|p2a: Umbreon\n|-supereffective|p2a: Umbreon\n|-damage|p2a: Umbreon|62\/100\n|-heal|p1a: Zeraora|37\/100 brn|[from] drain|[of] p2a: Umbreon\n|move|p2a: Umbreon|Foul Play|p1a: Zeraora\n|-damage|p1a: Zeraora|0 fnt\n|faint|p1a: Zeraora\n|\n|upkeep\n|\n|t:|1660664029\n|switch|p1a: Zapdos|Zapdos-Galar|100\/100\n|turn|20\n|\n|t:|1660664032\n|switch|p2a: Rotom|Rotom-Heat|73\/100\n|move|p1a: Zapdos|U-turn|p2a: Rotom\n|-resisted|p2a: Rotom\n|-damage|p2a: Rotom|55\/100\n|\n|t:|1660664051\n|switch|p1a: Latios|Latios, M|100\/100|[from]move: U-turn\n|\n|upkeep\n|turn|21\n|\n|t:|1660664055\n|switch|p2a: Toxapex|Toxapex, M|100\/100\n|move|p1a: Latios|Psyshock|p2a: Toxapex\n|-supereffective|p2a: Toxapex\n|-damage|p2a: Toxapex|23\/100\n|\n|-heal|p2a: Toxapex|29\/100|[from] item: Black Sludge\n|upkeep\n|turn|22\n|\n|t:|1660664061\n|switch|p1a: Zapdos|Zapdos-Galar|100\/100\n|switch|p2a: Umbreon|Umbreon, M|62\/100\n|\n|upkeep\n|turn|23\n|\n|t:|1660664068\n|move|p2a: Umbreon|Protect|p2a: Umbreon\n|-singleturn|p2a: Umbreon|Protect\n|move|p1a: Zapdos|U-turn|p2a: Umbreon\n|-activate|p2a: Umbreon|move: Protect\n|\n|upkeep\n|turn|24\n|\n|t:|1660664071\n|switch|p2a: Toxapex|Toxapex, M|62\/100\n|move|p1a: Zapdos|U-turn|p2a: Toxapex\n|-resisted|p2a: Toxapex\n|-damage|p2a: Toxapex|51\/100\n|\n|t:|1660664075\n|switch|p1a: Mamoswine|Mamoswine, M|100\/100|[from]move: U-turn\n|\n|-heal|p2a: Toxapex|58\/100|[from] item: Black Sludge\n|upkeep\n|turn|25\n|\n|t:|1660664080\n|switch|p2a: Rotom|Rotom-Heat|55\/100\n|move|p1a: Mamoswine|Stealth Rock|p2a: Rotom\n|-sidestart|p2: Lenape|move: Stealth Rock\n|\n|upkeep\n|turn|26\n|\n|t:|1660664085\n|switch|p1a: Tapu Fini|Tapu Fini|100\/100\n|-fieldstart|move: Misty Terrain|[from] ability: Misty Surge|[of] p1a: Tapu Fini\n|move|p2a: Rotom|Discharge|p1a: Tapu Fini\n|-supereffective|p1a: Tapu Fini\n|-damage|p1a: Tapu Fini|63\/100\n|\n|-heal|p1a: Tapu Fini|69\/100|[from] item: Leftovers\n|upkeep\n|turn|27\n|\n|t:|1660664088\n|move|p2a: Rotom|Defog|p1a: Tapu Fini\n|-unboost|p1a: Tapu Fini|evasion|1\n|-sideend|p2: Lenape|Stealth Rock|[from] move: Defog|[of] p2a: Rotom\n|-fieldend|Misty Terrain\n|move|p1a: Tapu Fini|Surf|p2a: Rotom\n|-supereffective|p2a: Rotom\n|-damage|p2a: Rotom|3\/100\n|\n|-heal|p1a: Tapu Fini|75\/100|[from] item: Leftovers\n|upkeep\n|turn|28\n|\n|t:|1660664092\n|switch|p1a: Mamoswine|Mamoswine, M|100\/100\n|move|p2a: Rotom|Discharge|p1a: Mamoswine\n|-immune|p1a: Mamoswine\n|\n|upkeep\n|turn|29\n|\n|t:|1660664100\n|move|p1a: Mamoswine|Knock Off|p2a: Rotom\n|-damage|p2a: Rotom|0 fnt\n|faint|p2a: Rotom\n|\n|upkeep\n|\n|t:|1660664106\n|switch|p2a: Rhyperior|Rhyperior, M|100\/100\n|turn|30\n|\n|t:|1660664113\n|move|p1a: Mamoswine|Knock Off|p2a: Rhyperior\n|-damage|p2a: Rhyperior|78\/100\n|-enditem|p2a: Rhyperior|Leftovers|[from] move: Knock Off|[of] p1a: Mamoswine\n|move|p2a: Rhyperior|Stealth Rock|p1a: Mamoswine\n|-sidestart|p1: sumofsquares|move: Stealth Rock\n|\n|upkeep\n|turn|31\n|\n|t:|1660664119\n|switch|p1a: Corviknight|Corviknight, M|100\/100\n|-damage|p1a: Corviknight|88\/100|[from] Stealth Rock\n|-ability|p1a: Corviknight|Pressure\n|switch|p2a: Corviknight|Corviknight, M|100\/100\n|-ability|p2a: Corviknight|Pressure\n|\n|upkeep\n|turn|32\n|\n|t:|1660664125\n|move|p2a: Corviknight|Substitute|p2a: Corviknight\n|-start|p2a: Corviknight|Substitute\n|-damage|p2a: Corviknight|75\/100\n|move|p1a: Corviknight|Defog|p2a: Corviknight\n|-sideend|p1: sumofsquares|Stealth Rock|[from] move: Defog|[of] p1a: Corviknight\n|\n|-heal|p2a: Corviknight|82\/100|[from] item: Leftovers\n|upkeep\n|turn|33\n|\n|t:|1660664129\n|move|p2a: Corviknight|Bulk Up|p2a: Corviknight\n|-boost|p2a: Corviknight|atk|1\n|-boost|p2a: Corviknight|def|1\n|move|p1a: Corviknight|U-turn|p2a: Corviknight\n|-resisted|p2a: Corviknight\n|-activate|p2a: Corviknight|move: Substitute|[damage]\n|\n|t:|1660664144\n|switch|p1a: Zapdos|Zapdos-Galar|100\/100|[from]move: U-turn\n|\n|-heal|p2a: Corviknight|88\/100|[from] item: Leftovers\n|upkeep\n|turn|34\n|\n|t:|1660664146\n|move|p1a: Zapdos|Thunderous Kick|p2a: Corviknight\n|-end|p2a: Corviknight|Substitute\n|move|p2a: Corviknight|Brave Bird|p1a: Zapdos\n|-supereffective|p1a: Zapdos\n|-damage|p1a: Zapdos|0 fnt\n|faint|p1a: Zapdos\n|-damage|p2a: Corviknight|61\/100|[from] Recoil\n|\n|-heal|p2a: Corviknight|68\/100|[from] item: Leftovers\n|upkeep\n|\n|t:|1660664157\n|switch|p1a: Tapu Fini|Tapu Fini|75\/100\n|-fieldstart|move: Misty Terrain|[from] ability: Misty Surge|[of] p1a: Tapu Fini\n|turn|35\n|\n|t:|1660664161\n|move|p1a: Tapu Fini|Calm Mind|p1a: Tapu Fini\n|-boost|p1a: Tapu Fini|spa|1\n|-boost|p1a: Tapu Fini|spd|1\n|move|p2a: Corviknight|Brave Bird|p1a: Tapu Fini\n|-damage|p1a: Tapu Fini|5\/100\n|-damage|p2a: Corviknight|48\/100|[from] Recoil\n|\n|-heal|p1a: Tapu Fini|11\/100|[from] item: Leftovers\n|-heal|p2a: Corviknight|54\/100|[from] item: Leftovers\n|upkeep\n|turn|36\n|\n|t:|1660664164\n|move|p1a: Tapu Fini|Surf|p2a: Corviknight\n|-damage|p2a: Corviknight|13\/100\n|move|p2a: Corviknight|Brave Bird|p1a: Tapu Fini\n|-damage|p1a: Tapu Fini|0 fnt\n|faint|p1a: Tapu Fini\n|-damage|p2a: Corviknight|10\/100|[from] Recoil\n|\n|-heal|p2a: Corviknight|16\/100|[from] item: Leftovers\n|upkeep\n|\n|t:|1660664182\n|switch|p1a: Latios|Latios, M|100\/100\n|turn|37\n|\n|t:|1660664189\n|switch|p2a: Toxapex|Toxapex, M|91\/100\n|move|p1a: Latios|Ice Beam|p2a: Toxapex\n|-resisted|p2a: Toxapex\n|-damage|p2a: Toxapex|70\/100\n|\n|-heal|p2a: Toxapex|76\/100|[from] item: Black Sludge\n|upkeep\n|turn|38\n|\n|t:|1660664195\n|switch|p1a: Mamoswine|Mamoswine, M|100\/100\n|move|p2a: Toxapex|Toxic|p1a: Mamoswine\n|-activate|p1a: Mamoswine|move: Misty Terrain\n|\n|-heal|p2a: Toxapex|82\/100|[from] item: Black Sludge\n|upkeep\n|turn|39\n|\n|t:|1660664199\n|switch|p2a: Corviknight|Corviknight, M|16\/100\n|-ability|p2a: Corviknight|Pressure\n|move|p1a: Mamoswine|Stealth Rock|p2a: Corviknight\n|-sidestart|p2: Lenape|move: Stealth Rock\n|\n|-heal|p2a: Corviknight|22\/100|[from] item: Leftovers\n|-fieldend|Misty Terrain\n|upkeep\n|turn|40\n|\n|t:|1660664202\n|switch|p1a: Latios|Latios, M|100\/100\n|move|p2a: Corviknight|Roost|p2a: Corviknight\n|-heal|p2a: Corviknight|72\/100\n|-singleturn|p2a: Corviknight|move: Roost\n|\n|-heal|p2a: Corviknight|78\/100|[from] item: Leftovers\n|upkeep\n|turn|41\n|\n|t:|1660664206\n|switch|p2a: Toxapex|Toxapex, M|100\/100\n|-damage|p2a: Toxapex|88\/100|[from] Stealth Rock\n|move|p1a: Latios|Ice Beam|p2a: Toxapex\n|-resisted|p2a: Toxapex\n|-damage|p2a: Toxapex|68\/100\n|\n|-heal|p2a: Toxapex|75\/100|[from] item: Black Sludge\n|upkeep\n|turn|42\n|\n|t:|1660664211\n|switch|p1a: Corviknight|Corviknight, M|88\/100\n|-ability|p1a: Corviknight|Pressure\n|move|p2a: Toxapex|Scald|p1a: Corviknight\n|-damage|p1a: Corviknight|71\/100\n|\n|-heal|p2a: Toxapex|81\/100|[from] item: Black Sludge\n|upkeep\n|turn|43\n|\n|t:|1660664215\n|move|p1a: Corviknight|Brave Bird|p2a: Toxapex\n|-damage|p2a: Toxapex|58\/100\n|-damage|p1a: Corviknight|65\/100|[from] Recoil\n|move|p2a: Toxapex|Toxic|p1a: Corviknight\n|-immune|p1a: Corviknight\n|\n|-heal|p2a: Toxapex|64\/100|[from] item: Black Sludge\n|upkeep\n|turn|44\n|\n|t:|1660664219\n|move|p1a: Corviknight|U-turn|p2a: Toxapex\n|-resisted|p2a: Toxapex\n|-damage|p2a: Toxapex|60\/100\n|\n|t:|1660664221\n|switch|p1a: Mamoswine|Mamoswine, M|100\/100|[from]move: U-turn\n|move|p2a: Toxapex|Recover|p2a: Toxapex\n|-heal|p2a: Toxapex|100\/100\n|\n|upkeep\n|turn|45\n|\n|t:|1660664229\n|move|p1a: Mamoswine|Earthquake|p2a: Toxapex\n|-supereffective|p2a: Toxapex\n|-damage|p2a: Toxapex|39\/100\n|move|p2a: Toxapex|Toxic|p1a: Mamoswine\n|-status|p1a: Mamoswine|tox\n|\n|-heal|p2a: Toxapex|46\/100|[from] item: Black Sludge\n|-damage|p1a: Mamoswine|94\/100 tox|[from] psn\n|upkeep\n|turn|46\n|\n|t:|1660664234\n|switch|p1a: Latios|Latios, M|100\/100\n|move|p2a: Toxapex|Baneful Bunker||[still]\n|-fail|p2a: Toxapex\n|\n|-heal|p2a: Toxapex|52\/100|[from] item: Black Sludge\n|upkeep\n|turn|47\n|\n|t:|1660664242\n|move|p2a: Toxapex|Baneful Bunker|p2a: Toxapex\n|-singleturn|p2a: Toxapex|move: Protect\n|move|p1a: Latios|Psyshock|p2a: Toxapex\n|-activate|p2a: Toxapex|move: Protect\n|\n|-heal|p2a: Toxapex|58\/100|[from] item: Black Sludge\n|upkeep\n|turn|48\n|\n|t:|1660664246\n|switch|p1a: Mamoswine|Mamoswine, M|94\/100 tox\n|switch|p2a: Umbreon|Umbreon, M|62\/100\n|-damage|p2a: Umbreon|49\/100|[from] Stealth Rock\n|\n|-damage|p1a: Mamoswine|88\/100 tox|[from] psn\n|upkeep\n|turn|49\n|\n|t:|1660664250\n|move|p2a: Umbreon|Protect|p2a: Umbreon\n|-singleturn|p2a: Umbreon|Protect\n|move|p1a: Mamoswine|Earthquake|p2a: Umbreon\n|-activate|p2a: Umbreon|move: Protect\n|\n|-damage|p1a: Mamoswine|76\/100 tox|[from] psn\n|upkeep\n|turn|50\n|\n|t:|1660664253\n|switch|p1a: Latios|Latios, M|100\/100\n|move|p2a: Umbreon|Wish|p2a: Umbreon\n|\n|upkeep\n|turn|51\n|\n|t:|1660664256\n|move|p2a: Umbreon|Protect|p2a: Umbreon\n|-singleturn|p2a: Umbreon|Protect\n|move|p1a: Latios|Psyshock|p2a: Umbreon\n|-activate|p2a: Umbreon|move: Protect\n|\n|-heal|p2a: Umbreon|99\/100|[from] move: Wish|[wisher] Umbreon\n|upkeep\n|turn|52\n|-message|sumofsquares forfeited.\n|\n|win|Lenape\n|raw|sumofsquares's rating: 1649 &rarr; <strong>1637<\/strong><br \/>(-12 for losing)\n|raw|Lenape's rating: 1798 &rarr; <strong>1810<\/strong><br \/>(+12 for winning)\n|l|\u2606sumofsquares\n|l|\u2606Lenape\n|j|\u2606sumofsquares\n|player|p1|sumofsquares|grimsley\n||Ladder isn't responding, score probably updated but might not have (Request timeout).\n|l|\u2606sumofsquares\n|player|p1|\n|j|\u2606sumofsquares\n|player|p1|sumofsquares|grimsley\n","uploadtime":1660664887,"views":84,"p1id":"sumofsquares","p2id":"lenape","formatid":"gen8ou","rating":1637,"private":0,"password":null}