{"id":"gen8ou-1390212652","p1":"gt853","p2":"corumba","format":"gen8ou","log":"|j|\u2606gt853\n|j|\u2606corumba\n|t:|1628102482\n|gametype|singles\n|player|p1|gt853|az|1678\n|player|p2|corumba|265|1560\n|teamsize|p1|6\n|teamsize|p2|6\n|gen|8\n|tier|[Gen 8] OU\n|rated|\n|rule|Sleep Clause Mod: Limit one foe put to sleep\n|rule|Species Clause: Limit one of each Pok\u00e9mon\n|rule|OHKO Clause: OHKO moves are banned\n|rule|Evasion Moves Clause: Evasion moves are banned\n|rule|Endless Battle Clause: Forcing endless battles is banned\n|rule|HP Percentage Mod: HP is shown in percentages\n|rule|Dynamax Clause: You cannot dynamax\n|clearpoke\n|poke|p1|Dragapult, M|\n|poke|p1|Volcarona, F|\n|poke|p1|Mew|\n|poke|p1|Garchomp, M|\n|poke|p1|Cloyster, F|\n|poke|p1|Bisharp, M|\n|poke|p2|Tornadus-Therian, M|\n|poke|p2|Heatran, F|\n|poke|p2|Mew|\n|poke|p2|Tapu Fini|\n|poke|p2|Tapu Koko|\n|poke|p2|Nidoqueen, F|\n|teampreview\n|inactive|Battle timer is ON: inactive players will automatically lose when time's up. (requested by gt853)\n|j| OnGroveStreet\n|\n|t:|1628102495\n|start\n|switch|p1a: Mew|Mew, shiny|100\/100\n|switch|p2a: Tornadus|Tornadus-Therian, M|100\/100\n|turn|1\n|\n|t:|1628102498\n|switch|p1a: Bisharp|Bisharp, M, shiny|100\/100\n|move|p2a: Tornadus|Taunt|p1a: Bisharp\n|-start|p1a: Bisharp|move: Taunt\n|\n|upkeep\n|turn|2\n|j| ppev\n|\n|t:|1628102506\n|switch|p1a: Dragapult|Dragapult, M, shiny|100\/100\n|move|p2a: Tornadus|Knock Off|p1a: Dragapult\n|-supereffective|p1a: Dragapult\n|-damage|p1a: Dragapult|51\/100\n|-enditem|p1a: Dragapult|Choice Specs|[from] move: Knock Off|[of] p2a: Tornadus\n|\n|upkeep\n|turn|3\n|\n|t:|1628102513\n|move|p1a: Dragapult|U-turn|p2a: Tornadus\n|-resisted|p2a: Tornadus\n|-damage|p2a: Tornadus|92\/100\n|\n|t:|1628102516\n|switch|p1a: Bisharp|Bisharp, M, shiny|100\/100|[from]move: U-turn\n|move|p2a: Tornadus|Knock Off|p1a: Bisharp\n|-resisted|p1a: Bisharp\n|-damage|p1a: Bisharp|89\/100\n|-enditem|p1a: Bisharp|Life Orb|[from] move: Knock Off|[of] p2a: Tornadus\n|\n|upkeep\n|turn|4\n|\n|t:|1628102521\n|switch|p2a: Tapu Koko|Tapu Koko|100\/100\n|-fieldstart|move: Electric Terrain|[from] ability: Electric Surge|[of] p2a: Tapu Koko\n|move|p1a: Bisharp|Knock Off|p2a: Tapu Koko\n|-resisted|p2a: Tapu Koko\n|-damage|p2a: Tapu Koko|61\/100\n|-enditem|p2a: Tapu Koko|Heavy-Duty Boots|[from] move: Knock Off|[of] p1a: Bisharp\n|\n|upkeep\n|turn|5\n|\n|t:|1628102528\n|switch|p1a: Mew|Mew, shiny|100\/100\n|move|p2a: Tapu Koko|Dazzling Gleam|p1a: Mew\n|-damage|p1a: Mew|70\/100\n|\n|upkeep\n|turn|6\n|\n|t:|1628102532\n|move|p2a: Tapu Koko|U-turn|p1a: Mew\n|-supereffective|p1a: Mew\n|-damage|p1a: Mew|44\/100\n|\n|t:|1628102540\n|switch|p2a: Tornadus|Tornadus-Therian, M|100\/100|[from]move: U-turn\n|move|p1a: Mew|Stealth Rock|p2a: Tornadus\n|-sidestart|p2: corumba|move: Stealth Rock\n|\n|upkeep\n|turn|7\n|\n|t:|1628102544\n|move|p1a: Mew|Thunder Wave|p2a: Tornadus\n|-status|p2a: Tornadus|par\n|cant|p2a: Tornadus|par\n|\n|upkeep\n|turn|8\n|\n|t:|1628102548\n|move|p1a: Mew|Taunt|p2a: Tornadus\n|-start|p2a: Tornadus|move: Taunt\n|move|p2a: Tornadus|Knock Off|p1a: Mew\n|-supereffective|p1a: Mew\n|-enditem|p1a: Mew|Colbur Berry|[eat]\n|-enditem|p1a: Mew|Colbur Berry|[weaken]\n|-damage|p1a: Mew|26\/100\n|\n|-fieldend|move: Electric Terrain\n|upkeep\n|turn|9\n|\n|t:|1628102552\n|move|p1a: Mew|Spikes|p2a: Tornadus\n|-sidestart|p2: corumba|Spikes\n|cant|p2a: Tornadus|par\n|\n|upkeep\n|turn|10\n|\n|t:|1628102555\n|move|p1a: Mew|Spikes|p2a: Tornadus\n|-sidestart|p2: corumba|Spikes\n|cant|p2a: Tornadus|par\n|\n|-end|p2a: Tornadus|move: Taunt\n|upkeep\n|turn|11\n|\n|t:|1628102557\n|move|p1a: Mew|Taunt|p2a: Tornadus\n|-start|p2a: Tornadus|move: Taunt\n|move|p2a: Tornadus|Knock Off|p1a: Mew\n|-supereffective|p1a: Mew\n|-damage|p1a: Mew|4\/100\n|\n|upkeep\n|turn|12\n|\n|t:|1628102561\n|move|p1a: Mew|Spikes|p2a: Tornadus\n|-sidestart|p2: corumba|Spikes\n|move|p2a: Tornadus|Knock Off|p1a: Mew\n|-supereffective|p1a: Mew\n|-damage|p1a: Mew|0 fnt\n|faint|p1a: Mew\n|\n|upkeep\n|\n|t:|1628102565\n|switch|p1a: Bisharp|Bisharp, M, shiny|89\/100\n|turn|13\n|-message|corumba forfeited.\n|\n|win|gt853\n|l|\u2606corumba\n|raw|gt853's rating: 1663 &rarr; <strong>1677<\/strong><br \/>(+14 for winning)\n|raw|corumba's rating: 1560 &rarr; <strong>1546<\/strong><br \/>(-14 for losing)\n|l|\u2606gt853\n|l| OnGroveStreet\n||Ladder isn't responding, score probably updated but might not have (Request timeout).\n","uploadtime":1628102813,"views":23,"p1id":"gt853","p2id":"corumba","formatid":"gen8ou","rating":1546,"private":0,"password":null}