{"id":"gen8ou-1666451320","p1":"Chino THL","p2":"LT94JE Allistair","format":"gen8ou","log":"|j|\u2606Chino THL\n|j|\u2606LT94JE Allistair\n|t:|1663411560\n|gametype|singles\n|player|p1|Chino THL|wulfric|1610\n|player|p2|LT94JE Allistair|101|1664\n|teamsize|p1|6\n|teamsize|p2|6\n|gen|8\n|tier|[Gen 8] OU\n|rated|\n|rule|Sleep Clause Mod: Limit one foe put to sleep\n|rule|Species Clause: Limit one of each Pok\u00e9mon\n|rule|OHKO Clause: OHKO moves are banned\n|rule|Evasion Items Clause: Evasion items are banned\n|rule|Evasion Moves Clause: Evasion moves are banned\n|rule|Endless Battle Clause: Forcing endless battles is banned\n|rule|HP Percentage Mod: HP is shown in percentages\n|rule|Dynamax Clause: You cannot dynamax\n|clearpoke\n|poke|p1|Tangrowth, M|\n|poke|p1|Excadrill, F|\n|poke|p1|Tyranitar, M|\n|poke|p1|Slowking-Galar, M|\n|poke|p1|Rotom-Wash|\n|poke|p1|Clefable, M|\n|poke|p2|Mew|\n|poke|p2|Slurpuff, F|\n|poke|p2|Jirachi|\n|poke|p2|Vanilluxe, M|\n|poke|p2|Cloyster, F|\n|poke|p2|Tapu Fini|\n|teampreview\n|inactive|Battle timer is ON: inactive players will automatically lose when time's up. (requested by Chino THL)\n|\n|t:|1663411575\n|start\n|switch|p1a: Excadrill|Excadrill, F|100\/100\n|switch|p2a: Slurpuff|Slurpuff, F|100\/100\n|turn|1\n|\n|t:|1663411584\n|move|p1a: Excadrill|Earthquake|p2a: Slurpuff\n|-damage|p2a: Slurpuff|58\/100\n|move|p2a: Slurpuff|Yawn|p1a: Excadrill\n|-start|p1a: Excadrill|move: Yawn|[of] p2a: Slurpuff\n|\n|upkeep\n|turn|2\n|\n|t:|1663411592\n|move|p1a: Excadrill|Iron Head|p2a: Slurpuff\n|-supereffective|p2a: Slurpuff\n|-damage|p2a: Slurpuff|0 fnt\n|faint|p2a: Slurpuff\n|\n|-end|p1a: Excadrill|move: Yawn|[silent]\n|-status|p1a: Excadrill|slp\n|upkeep\n|\n|t:|1663411602\n|switch|p2a: Cloyster|Cloyster, F|100\/100\n|turn|3\n|\n|t:|1663411613\n|switch|p1a: Rotom|Rotom-Wash|100\/100\n|move|p2a: Cloyster|Shell Smash|p2a: Cloyster\n|-unboost|p2a: Cloyster|def|1\n|-unboost|p2a: Cloyster|spd|1\n|-boost|p2a: Cloyster|atk|2\n|-boost|p2a: Cloyster|spa|2\n|-boost|p2a: Cloyster|spe|2\n|\n|upkeep\n|turn|4\n|j| 0WithdrawalSyndrom\n|\n|t:|1663411618\n|move|p2a: Cloyster|Rock Blast|p1a: Rotom\n|-damage|p1a: Rotom|84\/100\n|-damage|p1a: Rotom|67\/100\n|-damage|p1a: Rotom|50\/100\n|-damage|p1a: Rotom|35\/100\n|-damage|p1a: Rotom|19\/100\n|-hitcount|p1a: Rotom|5\n|move|p1a: Rotom|Will-O-Wisp|p2a: Cloyster\n|-status|p2a: Cloyster|brn\n|\n|-heal|p1a: Rotom|25\/100|[from] item: Leftovers\n|-damage|p2a: Cloyster|94\/100 brn|[from] brn\n|upkeep\n|turn|5\n|\n|t:|1663411629\n|switch|p1a: Tangrowth|Tangrowth, M|100\/100\n|move|p2a: Cloyster|Shell Smash|p2a: Cloyster\n|-unboost|p2a: Cloyster|def|1\n|-unboost|p2a: Cloyster|spd|1\n|-boost|p2a: Cloyster|atk|2\n|-boost|p2a: Cloyster|spa|2\n|-boost|p2a: Cloyster|spe|2\n|\n|-damage|p2a: Cloyster|88\/100 brn|[from] brn\n|upkeep\n|turn|6\n|\n|t:|1663411633\n|move|p2a: Cloyster|Icicle Spear|p1a: Tangrowth\n|-supereffective|p1a: Tangrowth\n|-damage|p1a: Tangrowth|80\/100\n|-supereffective|p1a: Tangrowth\n|-damage|p1a: Tangrowth|60\/100\n|-supereffective|p1a: Tangrowth\n|-damage|p1a: Tangrowth|39\/100\n|-supereffective|p1a: Tangrowth\n|-damage|p1a: Tangrowth|18\/100\n|-supereffective|p1a: Tangrowth\n|-damage|p1a: Tangrowth|0 fnt\n|faint|p1a: Tangrowth\n|-hitcount|p1: Tangrowth|5\n|\n|-damage|p2a: Cloyster|82\/100 brn|[from] brn\n|upkeep\n|\n|t:|1663411645\n|switch|p1a: Clefable|Clefable, M|100\/100\n|turn|7\n|\n|t:|1663411651\n|move|p2a: Cloyster|Icicle Spear|p1a: Clefable\n|-damage|p1a: Clefable|85\/100\n|-damage|p1a: Clefable|71\/100\n|-damage|p1a: Clefable|56\/100\n|-damage|p1a: Clefable|41\/100\n|-crit|p1a: Clefable\n|-damage|p1a: Clefable|17\/100\n|-hitcount|p1a: Clefable|5\n|move|p1a: Clefable|Moonblast|p2a: Cloyster\n|-damage|p2a: Cloyster|0 fnt\n|faint|p2a: Cloyster\n|\n|-heal|p1a: Clefable|23\/100|[from] item: Leftovers\n|upkeep\n|\n|t:|1663411663\n|switch|p2a: Vanilluxe|Vanilluxe, M|100\/100\n|-weather|Hail|[from] ability: Snow Warning|[of] p2a: Vanilluxe\n|turn|8\n|\n|t:|1663411666\n|switch|p1a: Tyranitar|Tyranitar, M|100\/100\n|-weather|Sandstorm|[from] ability: Sand Stream|[of] p1a: Tyranitar\n|move|p2a: Vanilluxe|Aurora Veil||[still]\n|-fail|p2a: Vanilluxe\n|\n|-weather|Sandstorm|[upkeep]\n|-damage|p2a: Vanilluxe|94\/100|[from] Sandstorm\n|upkeep\n|turn|9\n|\n|t:|1663411673\n|move|p2a: Vanilluxe|Hail|p2a: Vanilluxe\n|-weather|Hail\n|move|p1a: Tyranitar|Stone Edge|p2a: Vanilluxe\n|-supereffective|p2a: Vanilluxe\n|-damage|p2a: Vanilluxe|0 fnt\n|faint|p2a: Vanilluxe\n|\n|-weather|Hail|[upkeep]\n|-damage|p1a: Tyranitar|94\/100|[from] Hail\n|upkeep\n|\n|t:|1663411684\n|switch|p2a: Jirachi|Jirachi|100\/100\n|turn|10\n|\n|t:|1663411688\n|switch|p1a: Rotom|Rotom-Wash|25\/100\n|move|p2a: Jirachi|Cosmic Power|p2a: Jirachi\n|-boost|p2a: Jirachi|def|1\n|-boost|p2a: Jirachi|spd|1\n|\n|-weather|Hail|[upkeep]\n|-damage|p2a: Jirachi|94\/100|[from] Hail\n|-damage|p1a: Rotom|19\/100|[from] Hail\n|-heal|p1a: Rotom|25\/100|[from] item: Leftovers\n|upkeep\n|turn|11\n|\n|t:|1663411692\n|move|p2a: Jirachi|Cosmic Power|p2a: Jirachi\n|-boost|p2a: Jirachi|def|1\n|-boost|p2a: Jirachi|spd|1\n|move|p1a: Rotom|Pain Split|p2a: Jirachi\n|-sethp|p2a: Jirachi|58\/100|[from] move: Pain Split|[silent]\n|-sethp|p1a: Rotom|65\/100|[from] move: Pain Split\n|\n|-weather|Hail|[upkeep]\n|-damage|p2a: Jirachi|52\/100|[from] Hail\n|-damage|p1a: Rotom|59\/100|[from] Hail\n|-heal|p1a: Rotom|65\/100|[from] item: Leftovers\n|upkeep\n|turn|12\n|\n|t:|1663411696\n|move|p2a: Jirachi|Wish|p2a: Jirachi\n|move|p1a: Rotom|Volt Switch|p2a: Jirachi\n|-damage|p2a: Jirachi|39\/100\n|\n|t:|1663411698\n|switch|p1a: Slowking|Slowking-Galar, M|100\/100|[from]move: Volt Switch\n|\n|-weather|Hail|[upkeep]\n|-damage|p2a: Jirachi|33\/100|[from] Hail\n|-damage|p1a: Slowking|94\/100|[from] Hail\n|-heal|p1a: Slowking|100\/100|[from] item: Black Sludge\n|upkeep\n|turn|13\n|\n|t:|1663411701\n|move|p2a: Jirachi|Cosmic Power|p2a: Jirachi\n|-boost|p2a: Jirachi|def|1\n|-boost|p2a: Jirachi|spd|1\n|move|p1a: Slowking|Trick|p2a: Jirachi\n|-activate|p1a: Slowking|move: Trick|[of] p2a: Jirachi\n|-item|p2a: Jirachi|Black Sludge|[from] move: Trick\n|-item|p1a: Slowking|Weakness Policy|[from] move: Trick\n|\n|-weather|none\n|-heal|p2a: Jirachi|83\/100|[from] move: Wish|[wisher] Jirachi\n|-damage|p2a: Jirachi|70\/100|[from] item: Black Sludge\n|upkeep\n|turn|14\n|\n|t:|1663411707\n|switch|p1a: Tyranitar|Tyranitar, M|94\/100\n|-weather|Sandstorm|[from] ability: Sand Stream|[of] p1a: Tyranitar\n|move|p2a: Jirachi|Wish|p2a: Jirachi\n|\n|-weather|Sandstorm|[upkeep]\n|-damage|p2a: Jirachi|58\/100|[from] item: Black Sludge\n|upkeep\n|turn|15\n|\n|t:|1663411712\n|move|p2a: Jirachi|Cosmic Power|p2a: Jirachi\n|-boost|p2a: Jirachi|def|1\n|-boost|p2a: Jirachi|spd|1\n|move|p1a: Tyranitar|Crunch|p2a: Jirachi\n|-supereffective|p2a: Jirachi\n|-damage|p2a: Jirachi|14\/100\n|\n|-weather|Sandstorm|[upkeep]\n|-heal|p2a: Jirachi|64\/100|[from] move: Wish|[wisher] Jirachi\n|-damage|p2a: Jirachi|52\/100|[from] item: Black Sludge\n|upkeep\n|turn|16\n|\n|t:|1663411718\n|move|p2a: Jirachi|Aura Sphere|p1a: Tyranitar\n|-supereffective|p1a: Tyranitar\n|-damage|p1a: Tyranitar|41\/100\n|move|p1a: Tyranitar|Crunch|p2a: Jirachi\n|-supereffective|p2a: Jirachi\n|-damage|p2a: Jirachi|11\/100\n|\n|-weather|Sandstorm|[upkeep]\n|-damage|p2a: Jirachi|0 fnt|[from] item: Black Sludge\n|faint|p2a: Jirachi\n|upkeep\n|\n|t:|1663411723\n|switch|p2a: Tapu Fini|Tapu Fini|100\/100\n|-fieldstart|move: Misty Terrain|[from] ability: Misty Surge|[of] p2a: Tapu Fini\n|turn|17\n|\n|t:|1663411727\n|switch|p1a: Slowking|Slowking-Galar, M|100\/100\n|move|p2a: Tapu Fini|Calm Mind|p2a: Tapu Fini\n|-boost|p2a: Tapu Fini|spa|1\n|-boost|p2a: Tapu Fini|spd|1\n|\n|-weather|Sandstorm|[upkeep]\n|-damage|p2a: Tapu Fini|94\/100|[from] Sandstorm\n|-damage|p1a: Slowking|94\/100|[from] Sandstorm\n|upkeep\n|turn|18\n|\n|t:|1663411729\n|move|p2a: Tapu Fini|Calm Mind|p2a: Tapu Fini\n|-boost|p2a: Tapu Fini|spa|1\n|-boost|p2a: Tapu Fini|spd|1\n|move|p1a: Slowking|Nasty Plot|p1a: Slowking\n|-boost|p1a: Slowking|spa|2\n|\n|-weather|none\n|upkeep\n|turn|19\n|\n|t:|1663411736\n|move|p2a: Tapu Fini|Surf|p1a: Slowking\n|-damage|p1a: Slowking|53\/100\n|move|p1a: Slowking|Sludge Bomb|p2a: Tapu Fini\n|-supereffective|p2a: Tapu Fini\n|-damage|p2a: Tapu Fini|30\/100\n|-enditem|p2a: Tapu Fini|Weakness Policy\n|-boost|p2a: Tapu Fini|atk|2|[from] item: Weakness Policy\n|-boost|p2a: Tapu Fini|spa|2|[from] item: Weakness Policy\n|\n|upkeep\n|turn|20\n|\n|t:|1663411743\n|switch|p1a: Clefable|Clefable, M|23\/100\n|move|p2a: Tapu Fini|Surf|p1a: Clefable\n|-damage|p1a: Clefable|0 fnt\n|faint|p1a: Clefable\n|\n|upkeep\n|\n|t:|1663411746\n|switch|p1a: Slowking|Slowking-Galar, M|86\/100\n|turn|21\n|\n|t:|1663411757\n|move|p2a: Tapu Fini|Draining Kiss|p1a: Slowking\n|-resisted|p1a: Slowking\n|-damage|p1a: Slowking|69\/100\n|-heal|p2a: Tapu Fini|48\/100|[from] drain|[of] p1a: Slowking\n|move|p1a: Slowking|Sludge Bomb|p2a: Tapu Fini\n|-supereffective|p2a: Tapu Fini\n|-damage|p2a: Tapu Fini|16\/100\n|\n|-fieldend|Misty Terrain\n|upkeep\n|turn|22\n|\n|t:|1663411763\n|move|p2a: Tapu Fini|Surf|p1a: Slowking\n|-damage|p1a: Slowking|0 fnt\n|faint|p1a: Slowking\n|\n|upkeep\n|\n|t:|1663411772\n|switch|p1a: Rotom|Rotom-Wash|65\/100\n|turn|23\n|\n|t:|1663411777\n|move|p2a: Tapu Fini|Draining Kiss|p1a: Rotom\n|-damage|p1a: Rotom|17\/100\n|-heal|p2a: Tapu Fini|55\/100|[from] drain|[of] p1a: Rotom\n|move|p1a: Rotom|Volt Switch|p2a: Tapu Fini\n|-supereffective|p2a: Tapu Fini\n|-damage|p2a: Tapu Fini|29\/100\n|\n|t:|1663411783\n|switch|p1a: Tyranitar|Tyranitar, M|41\/100|[from]move: Volt Switch\n|-weather|Sandstorm|[from] ability: Sand Stream|[of] p1a: Tyranitar\n|\n|-weather|Sandstorm|[upkeep]\n|-damage|p2a: Tapu Fini|23\/100|[from] Sandstorm\n|upkeep\n|turn|24\n|\n|t:|1663411786\n|move|p2a: Tapu Fini|Draining Kiss|p1a: Tyranitar\n|-supereffective|p1a: Tyranitar\n|-damage|p1a: Tyranitar|0 fnt\n|-heal|p2a: Tapu Fini|65\/100|[from] drain|[of] p1a: Tyranitar\n|faint|p1a: Tyranitar\n|\n|-weather|Sandstorm|[upkeep]\n|-damage|p2a: Tapu Fini|59\/100|[from] Sandstorm\n|upkeep\n|-message|Chino THL forfeited.\n|\n|win|LT94JE Allistair\n|raw|Chino THL's rating: 1610 &rarr; <strong>1593<\/strong><br \/>(-17 for losing)\n|raw|LT94JE Allistair's rating: 1664 &rarr; <strong>1681<\/strong><br \/>(+17 for winning)\n|l|\u2606Chino THL\n|l|\u2606LT94JE Allistair\n","uploadtime":1663411817,"views":22,"p1id":"chinothl","p2id":"lt94jeallistair","formatid":"gen8ou","rating":1593,"private":0,"password":null}