{"id":"gen8ou-1658648519","p1":"Gilbraker kekkk","p2":"Dindon Ductile","format":"gen8ou","log":"|j|\u2606Gilbraker kekkk\n|j|\u2606Dindon Ductile\n|t:|1662584764\n|gametype|singles\n|player|p1|Gilbraker kekkk|jogger|1529\n|player|p2|Dindon Ductile|2|1599\n|teamsize|p1|6\n|teamsize|p2|6\n|gen|8\n|tier|[Gen 8] OU\n|rated|\n|rule|Sleep Clause Mod: Limit one foe put to sleep\n|rule|Species Clause: Limit one of each Pok\u00e9mon\n|rule|OHKO Clause: OHKO moves are banned\n|rule|Evasion Items Clause: Evasion items are banned\n|rule|Evasion Moves Clause: Evasion moves are banned\n|rule|Endless Battle Clause: Forcing endless battles is banned\n|rule|HP Percentage Mod: HP is shown in percentages\n|rule|Dynamax Clause: You cannot dynamax\n|clearpoke\n|poke|p1|Chansey, F|\n|poke|p1|Toxapex, M|\n|poke|p1|Dragapult, M|\n|poke|p1|Corviknight, F|\n|poke|p1|Landorus-Therian, M|\n|poke|p1|Tornadus-Therian, M|\n|poke|p2|Kommo-o, M|\n|poke|p2|Tapu Lele|\n|poke|p2|Tornadus-Therian, M|\n|poke|p2|Melmetal|\n|poke|p2|Latios, M|\n|poke|p2|Ferrothorn, F|\n|teampreview\n|inactive|Battle timer is ON: inactive players will automatically lose when time's up. (requested by Gilbraker kekkk)\n|\n|t:|1662584794\n|start\n|switch|p1a: Tornadus|Tornadus-Therian, M|100\/100\n|switch|p2a: Ferrothorn|Ferrothorn, F|100\/100\n|turn|1\n|\n|t:|1662584799\n|move|p1a: Tornadus|Taunt|p2a: Ferrothorn\n|-start|p2a: Ferrothorn|move: Taunt\n|move|p2a: Ferrothorn|Knock Off|p1a: Tornadus\n|-damage|p1a: Tornadus|73\/100\n|-enditem|p1a: Tornadus|Heavy-Duty Boots|[from] move: Knock Off|[of] p2a: Ferrothorn\n|\n|upkeep\n|turn|2\n|\n|t:|1662584810\n|switch|p2a: Melmetal|Melmetal|100\/100\n|move|p1a: Tornadus|Knock Off|p2a: Melmetal\n|-damage|p2a: Melmetal|84\/100\n|-enditem|p2a: Melmetal|Assault Vest|[from] move: Knock Off|[of] p1a: Tornadus\n|\n|upkeep\n|turn|3\n|\n|t:|1662584819\n|switch|p2a: Ferrothorn|Ferrothorn, F|100\/100\n|move|p1a: Tornadus|U-turn|p2a: Ferrothorn\n|-damage|p2a: Ferrothorn|87\/100\n|-damage|p1a: Tornadus|61\/100|[from] ability: Iron Barbs|[of] p2a: Ferrothorn\n|-damage|p1a: Tornadus|45\/100|[from] item: Rocky Helmet|[of] p2a: Ferrothorn\n|\n|t:|1662584825\n|switch|p1a: Landorus|Landorus-Therian, M|100\/100|[from]move: U-turn\n|-ability|p1a: Landorus|Intimidate|boost\n|-unboost|p2a: Ferrothorn|atk|1\n|\n|upkeep\n|turn|4\n|\n|t:|1662584831\n|move|p1a: Landorus|Earthquake|p2a: Ferrothorn\n|-damage|p2a: Ferrothorn|42\/100\n|move|p2a: Ferrothorn|Power Whip|p1a: Landorus\n|-damage|p1a: Landorus|74\/100\n|\n|upkeep\n|turn|5\n|\n|t:|1662584838\n|switch|p2a: Latios|Latios, M|100\/100\n|move|p1a: Landorus|Stealth Rock|p2a: Latios\n|-sidestart|p2: Dindon Ductile|move: Stealth Rock\n|\n|upkeep\n|turn|6\n|\n|t:|1662584847\n|switch|p1a: Chansey|Chansey, F|100\/100\n|move|p2a: Latios|Surf|p1a: Chansey\n|-damage|p1a: Chansey|88\/100\n|-damage|p2a: Latios|91\/100|[from] item: Life Orb\n|\n|upkeep\n|turn|7\n|\n|t:|1662584850\n|move|p2a: Latios|Psyshock|p1a: Chansey\n|-damage|p1a: Chansey|46\/100\n|-damage|p2a: Latios|81\/100|[from] item: Life Orb\n|move|p1a: Chansey|Thunder Wave|p2a: Latios\n|-status|p2a: Latios|par\n|\n|upkeep\n|turn|8\n|\n|t:|1662584858\n|move|p2a: Latios|Mystical Fire|p1a: Chansey\n|-damage|p1a: Chansey|35\/100\n|-unboost|p1a: Chansey|spa|1\n|-damage|p2a: Latios|71\/100 par|[from] item: Life Orb\n|move|p1a: Chansey|Soft-Boiled|p1a: Chansey\n|-heal|p1a: Chansey|85\/100\n|\n|upkeep\n|turn|9\n|\n|t:|1662584862\n|move|p2a: Latios|Psyshock|p1a: Chansey\n|-damage|p1a: Chansey|50\/100\n|-damage|p2a: Latios|61\/100 par|[from] item: Life Orb\n|move|p1a: Chansey|Wish|p1a: Chansey\n|\n|upkeep\n|turn|10\n|\n|t:|1662584867\n|cant|p2a: Latios|par\n|move|p1a: Chansey|Soft-Boiled|p1a: Chansey\n|-heal|p1a: Chansey|99\/100\n|\n|-heal|p1a: Chansey|100\/100|[from] move: Wish|[wisher] Chansey\n|upkeep\n|turn|11\n|\n|t:|1662584869\n|move|p2a: Latios|Roost|p2a: Latios\n|-heal|p2a: Latios|100\/100 par\n|-singleturn|p2a: Latios|move: Roost\n|move|p1a: Chansey|Wish|p1a: Chansey\n|\n|upkeep\n|turn|12\n|\n|t:|1662584881\n|switch|p1a: Tornadus|Tornadus-Therian, M|78\/100\n|cant|p2a: Latios|par\n|\n|-heal|p1a: Tornadus|100\/100|[from] move: Wish|[wisher] Chansey\n|upkeep\n|turn|13\n|\n|t:|1662584891\n|switch|p2a: Ferrothorn|Ferrothorn, F|42\/100\n|-damage|p2a: Ferrothorn|36\/100|[from] Stealth Rock\n|move|p1a: Tornadus|Knock Off|p2a: Ferrothorn\n|-damage|p2a: Ferrothorn|19\/100\n|-damage|p1a: Tornadus|88\/100|[from] ability: Iron Barbs|[of] p2a: Ferrothorn\n|-damage|p1a: Tornadus|72\/100|[from] item: Rocky Helmet|[of] p2a: Ferrothorn\n|-enditem|p2a: Ferrothorn|Rocky Helmet|[from] move: Knock Off|[of] p1a: Tornadus\n|\n|upkeep\n|turn|14\n|\n|t:|1662584897\n|move|p1a: Tornadus|Taunt|p2a: Ferrothorn\n|-start|p2a: Ferrothorn|move: Taunt\n|cant|p2a: Ferrothorn|move: Taunt|Leech Seed\n|\n|upkeep\n|turn|15\n|\n|t:|1662584907\n|switch|p2a: Melmetal|Melmetal|84\/100\n|-damage|p2a: Melmetal|78\/100|[from] Stealth Rock\n|move|p1a: Tornadus|U-turn|p2a: Melmetal\n|-resisted|p2a: Melmetal\n|-damage|p2a: Melmetal|72\/100\n|\n|t:|1662584910\n|switch|p1a: Landorus|Landorus-Therian, M|74\/100|[from]move: U-turn\n|-ability|p1a: Landorus|Intimidate|boost\n|-unboost|p2a: Melmetal|atk|1\n|\n|upkeep\n|turn|16\n|\n|t:|1662584918\n|switch|p2a: Tornadus|Tornadus-Therian, M|100\/100\n|move|p1a: Landorus|U-turn|p2a: Tornadus\n|-resisted|p2a: Tornadus\n|-damage|p2a: Tornadus|86\/100\n|\n|t:|1662584921\n|switch|p1a: Tornadus|Tornadus-Therian, M|100\/100|[from]move: U-turn\n|\n|upkeep\n|turn|17\n|\n|t:|1662584949\n|move|p1a: Tornadus|Knock Off|p2a: Tornadus\n|-damage|p2a: Tornadus|55\/100\n|-enditem|p2a: Tornadus|Heavy-Duty Boots|[from] move: Knock Off|[of] p1a: Tornadus\n|move|p2a: Tornadus|U-turn|p1a: Tornadus\n|-resisted|p1a: Tornadus\n|-damage|p1a: Tornadus|91\/100\n|\n|t:|1662584955\n|switch|p2a: Melmetal|Melmetal|72\/100|[from]move: U-turn\n|-damage|p2a: Melmetal|66\/100|[from] Stealth Rock\n|\n|upkeep\n|turn|18\n|\n|t:|1662584960\n|move|p1a: Tornadus|U-turn|p2a: Melmetal\n|-resisted|p2a: Melmetal\n|-damage|p2a: Melmetal|60\/100\n|\n|t:|1662584963\n|switch|p1a: Toxapex|Toxapex, M, shiny|100\/100|[from]move: U-turn\n|move|p2a: Melmetal|Thunder Punch|p1a: Toxapex\n|-supereffective|p1a: Toxapex\n|-damage|p1a: Toxapex|62\/100\n|-damage|p2a: Melmetal|44\/100|[from] item: Rocky Helmet|[of] p1a: Toxapex\n|\n|upkeep\n|turn|19\n|\n|t:|1662584978\n|switch|p2a: Tapu Lele|Tapu Lele|100\/100\n|-damage|p2a: Tapu Lele|88\/100|[from] Stealth Rock\n|-fieldstart|move: Psychic Terrain|[from] ability: Psychic Surge|[of] p2a: Tapu Lele\n|move|p1a: Toxapex|Recover|p1a: Toxapex\n|-heal|p1a: Toxapex|100\/100\n|\n|upkeep\n|turn|20\n|\n|t:|1662584985\n|switch|p2a: Kommo-o|Kommo-o, M|100\/100\n|-damage|p2a: Kommo-o|94\/100|[from] Stealth Rock\n|switch|p1a: Chansey|Chansey, F|100\/100\n|\n|-heal|p2a: Kommo-o|100\/100|[from] item: Leftovers\n|upkeep\n|turn|21\n|j| Me Mamasita\n|\n|t:|1662584990\n|switch|p1a: Toxapex|Toxapex, M, shiny|100\/100\n|move|p2a: Kommo-o|Iron Defense|p2a: Kommo-o\n|-boost|p2a: Kommo-o|def|2\n|\n|upkeep\n|turn|22\n|\n|t:|1662584993\n|move|p2a: Kommo-o|Protect|p2a: Kommo-o\n|-singleturn|p2a: Kommo-o|Protect\n|move|p1a: Toxapex|Haze|p1a: Toxapex\n|-clearallboost\n|\n|upkeep\n|turn|23\n|\n|t:|1662585001\n|switch|p2a: Tornadus|Tornadus-Therian, M|88\/100\n|-damage|p2a: Tornadus|63\/100|[from] Stealth Rock\n|move|p1a: Toxapex|Toxic Spikes|p2a: Tornadus\n|-sidestart|p2: Dindon Ductile|move: Toxic Spikes\n|\n|-fieldend|move: Psychic Terrain\n|upkeep\n|turn|24\n|\n|t:|1662585011\n|switch|p1a: Tornadus|Tornadus-Therian, M|100\/100\n|move|p2a: Tornadus|Defog|p1a: Tornadus\n|-unboost|p1a: Tornadus|evasion|1\n|-sideend|p2: Dindon Ductile|Toxic Spikes|[from] move: Defog|[of] p2a: Tornadus\n|-sideend|p2: Dindon Ductile|Stealth Rock|[from] move: Defog|[of] p2a: Tornadus\n|\n|upkeep\n|turn|25\n|\n|t:|1662585019\n|move|p1a: Tornadus|Knock Off|p2a: Tornadus\n|-damage|p2a: Tornadus|43\/100\n|move|p2a: Tornadus|Hurricane|p1a: Tornadus\n|-damage|p1a: Tornadus|51\/100\n|\n|upkeep\n|turn|26\n|\n|t:|1662585030\n|move|p1a: Tornadus|U-turn|p2a: Tornadus\n|-resisted|p2a: Tornadus\n|-damage|p2a: Tornadus|33\/100\n|\n|t:|1662585033\n|switch|p1a: Toxapex|Toxapex, M, shiny|100\/100|[from]move: U-turn\n|move|p2a: Tornadus|Hurricane|p1a: Toxapex|[miss]\n|-miss|p2a: Tornadus|p1a: Toxapex\n|\n|upkeep\n|turn|27\n|\n|t:|1662585041\n|move|p2a: Tornadus|Taunt|p1a: Toxapex\n|-start|p1a: Toxapex|move: Taunt\n|cant|p1a: Toxapex|move: Taunt|Toxic Spikes\n|\n|upkeep\n|turn|28\n|l| Me Mamasita\n|\n|t:|1662585048\n|switch|p2a: Kommo-o|Kommo-o, M|100\/100\n|move|p1a: Toxapex|Scald|p2a: Kommo-o\n|-resisted|p2a: Kommo-o\n|-damage|p2a: Kommo-o|93\/100\n|-status|p2a: Kommo-o|brn\n|\n|-heal|p2a: Kommo-o|99\/100 brn|[from] item: Leftovers\n|-damage|p2a: Kommo-o|93\/100 brn|[from] brn\n|upkeep\n|turn|29\n|\n|t:|1662585055\n|switch|p1a: Tornadus|Tornadus-Therian, M|84\/100\n|move|p2a: Kommo-o|Iron Defense|p2a: Kommo-o\n|-boost|p2a: Kommo-o|def|2\n|\n|-heal|p2a: Kommo-o|99\/100 brn|[from] item: Leftovers\n|-damage|p2a: Kommo-o|93\/100 brn|[from] brn\n|upkeep\n|turn|30\n|j| Toxic Facade\n|\n|t:|1662585065\n|switch|p2a: Melmetal|Melmetal|44\/100\n|move|p1a: Tornadus|U-turn|p2a: Melmetal\n|-resisted|p2a: Melmetal\n|-damage|p2a: Melmetal|38\/100\n|\n|t:|1662585068\n|switch|p1a: Landorus|Landorus-Therian, M|74\/100|[from]move: U-turn\n|-ability|p1a: Landorus|Intimidate|boost\n|-unboost|p2a: Melmetal|atk|1\n|\n|upkeep\n|turn|31\n|\n|t:|1662585082\n|switch|p2a: Tornadus|Tornadus-Therian, M|66\/100\n|move|p1a: Landorus|Stealth Rock|p2a: Tornadus\n|-sidestart|p2: Dindon Ductile|move: Stealth Rock\n|\n|upkeep\n|turn|32\n|\n|t:|1662585088\n|move|p2a: Tornadus|Taunt|p1a: Landorus\n|-start|p1a: Landorus|move: Taunt\n|move|p1a: Landorus|Smack Down|p2a: Tornadus\n|-supereffective|p2a: Tornadus\n|-damage|p2a: Tornadus|26\/100\n|-start|p2a: Tornadus|Smack Down\n|\n|upkeep\n|turn|33\n|\n|t:|1662585098\n|switch|p2a: Kommo-o|Kommo-o, M|93\/100 brn\n|-damage|p2a: Kommo-o|87\/100 brn|[from] Stealth Rock\n|move|p1a: Landorus|Earthquake|p2a: Kommo-o\n|-crit|p2a: Kommo-o\n|-damage|p2a: Kommo-o|9\/100 brn\n|\n|-heal|p2a: Kommo-o|15\/100 brn|[from] item: Leftovers\n|-damage|p2a: Kommo-o|9\/100 brn|[from] brn\n|upkeep\n|turn|34\n|-message|Dindon Ductile forfeited.\n|\n|win|Gilbraker kekkk\n|raw|Gilbraker kekkk's rating: 1529 &rarr; <strong>1553<\/strong><br \/>(+24 for winning)\n|raw|Dindon Ductile's rating: 1599 &rarr; <strong>1575<\/strong><br \/>(-24 for losing)\n|l|\u2606Dindon Ductile\n","uploadtime":1662585106,"views":15,"p1id":"gilbrakerkekkk","p2id":"dindonductile","formatid":"gen8ou","rating":1553,"private":0,"password":null}