{"id":"gen8nu-1704588553","p1":"WeavilleParadise","p2":"Meortus","format":"gen8nu","log":"|html|<div class=\"broadcast-blue\"><strong>[Gen 8] NU is currently suspecting Indeedee-F! For information on how to participate check out the <a href=\"https:\/\/www.smogon.com\/forums\/threads\/np-nu-stage-17-she-indeedee-f-suspect-test.3710306\/\">suspect thread<\/a>.<\/strong><\/div>\n|j|\u2606WeavilleParadise\n|j|\u2606Meortus\n|inactive|Battle timer is ON: inactive players will automatically lose when time's up.\n|t:|1667791001\n|gametype|singles\n|player|p1|WeavilleParadise|dawn-masters|\n|player|p2|Meortus|elesa-masters|\n|teamsize|p1|6\n|teamsize|p2|6\n|gen|8\n|tier|[Gen 8] NU\n|rated|Tournament battle\n|rule|Sleep Clause Mod: Limit one foe put to sleep\n|rule|Species Clause: Limit one of each Pok\u00e9mon\n|rule|OHKO Clause: OHKO moves are banned\n|rule|Evasion Items Clause: Evasion items are banned\n|rule|Evasion Moves Clause: Evasion moves are banned\n|rule|Endless Battle Clause: Forcing endless battles is banned\n|rule|HP Percentage Mod: HP is shown in percentages\n|rule|Dynamax Clause: You cannot dynamax\n|clearpoke\n|poke|p1|Passimian, M|\n|poke|p1|Rotom-Mow|\n|poke|p1|Snorlax, M|\n|poke|p1|Stunfisk-Galar, M|\n|poke|p1|Vaporeon, F|\n|poke|p1|Talonflame, F|\n|poke|p2|Decidueye, F|\n|poke|p2|Xatu, F|\n|poke|p2|Gastrodon-East, F|\n|poke|p2|Tauros, M|\n|poke|p2|Stakataka|\n|poke|p2|Sneasel, M|\n|teampreview\n|j|*Lady Monita \u263d\n|j| BB-8-NU\n|j| Goomy Guy12345\n|c|\u2606Meortus|hf\n|c|\u2606WeavilleParadise|hf\n|j| Kython\n|\n|t:|1667791024\n|start\n|switch|p1a: Passimian|Passimian, M, shiny|100\/100\n|switch|p2a: Xatu|Xatu, F|100\/100\n|turn|1\n|j| ssj blunderr\n|\n|t:|1667791033\n|move|p1a: Passimian|Knock Off|p2a: Xatu\n|-supereffective|p2a: Xatu\n|-damage|p2a: Xatu|16\/100\n|-damage|p1a: Passimian|84\/100|[from] item: Rocky Helmet|[of] p2a: Xatu\n|-enditem|p2a: Xatu|Rocky Helmet|[from] move: Knock Off|[of] p1a: Passimian\n|move|p2a: Xatu|Psychic|p1a: Passimian\n|-supereffective|p1a: Passimian\n|-damage|p1a: Passimian|0 fnt\n|faint|p1a: Passimian\n|\n|upkeep\n|\n|t:|1667791036\n|switch|p1a: Talonflame|Talonflame, F, shiny|100\/100\n|turn|2\n|\n|t:|1667791039\n|move|p1a: Talonflame|U-turn|p2a: Xatu\n|-damage|p2a: Xatu|3\/100\n|\n|t:|1667791041\n|switch|p1a: Stunfisk|Stunfisk-Galar, M, shiny|100\/100|[from]move: U-turn\n|move|p2a: Xatu|Roost|p2a: Xatu\n|-heal|p2a: Xatu|53\/100\n|-singleturn|p2a: Xatu|move: Roost\n|\n|upkeep\n|turn|3\n|\n|t:|1667791048\n|move|p2a: Xatu|Roost|p2a: Xatu\n|-heal|p2a: Xatu|100\/100\n|-singleturn|p2a: Xatu|move: Roost\n|move|p1a: Stunfisk|Stone Edge|p2a: Xatu\n|-damage|p2a: Xatu|82\/100\n|\n|upkeep\n|turn|4\n|j| Seulggi \u2661\n|\n|t:|1667791055\n|switch|p2a: Gastrodon|Gastrodon-East, F|100\/100\n|move|p1a: Stunfisk|Stone Edge|p2a: Gastrodon\n|-resisted|p2a: Gastrodon\n|-damage|p2a: Gastrodon|90\/100\n|\n|-heal|p2a: Gastrodon|97\/100|[from] item: Leftovers\n|upkeep\n|turn|5\n|j| ETJX\n|\n|t:|1667791067\n|move|p2a: Gastrodon|Earth Power|p1a: Stunfisk\n|-supereffective|p1a: Stunfisk\n|-damage|p1a: Stunfisk|64\/100\n|move|p1a: Stunfisk|Stealth Rock|p2a: Gastrodon\n|-sidestart|p2: Meortus|move: Stealth Rock\n|\n|-heal|p2a: Gastrodon|100\/100|[from] item: Leftovers\n|-heal|p1a: Stunfisk|71\/100|[from] item: Leftovers\n|upkeep\n|turn|6\n|\n|t:|1667791072\n|switch|p1a: Rotom|Rotom-Mow, shiny|100\/100\n|move|p2a: Gastrodon|Ice Beam|p1a: Rotom\n|-supereffective|p1a: Rotom\n|-damage|p1a: Rotom|52\/100\n|\n|upkeep\n|turn|7\n|\n|t:|1667791084\n|switch|p2a: Xatu|Xatu, F|82\/100\n|-damage|p2a: Xatu|57\/100|[from] Stealth Rock\n|move|p1a: Rotom|Trick|p2a: Xatu\n|-activate|p1a: Rotom|move: Trick|[of] p2a: Xatu\n|-item|p2a: Xatu|Choice Scarf|[from] move: Trick\n|-enditem|p1a: Rotom|Choice Scarf|[silent]|[from] move: Trick\n|\n|upkeep\n|turn|8\n|\n|t:|1667791096\n|switch|p1a: Vaporeon|Vaporeon, F, shiny|100\/100\n|move|p2a: Xatu|Psychic|p1a: Vaporeon\n|-damage|p1a: Vaporeon|80\/100\n|\n|-heal|p1a: Vaporeon|86\/100|[from] item: Leftovers\n|upkeep\n|turn|9\n|\n|t:|1667791102\n|move|p2a: Xatu|Psychic|p1a: Vaporeon\n|-damage|p1a: Vaporeon|68\/100\n|move|p1a: Vaporeon|Wish|p1a: Vaporeon\n|\n|-heal|p1a: Vaporeon|74\/100|[from] item: Leftovers\n|upkeep\n|turn|10\n|\n|t:|1667791105\n|switch|p1a: Rotom|Rotom-Mow, shiny|52\/100\n|move|p2a: Xatu|Psychic|p1a: Rotom\n|-damage|p1a: Rotom|10\/100\n|\n|-heal|p1a: Rotom|100\/100|[from] move: Wish|[wisher] Vaporeon\n|upkeep\n|turn|11\n|\n|t:|1667791109\n|move|p2a: Xatu|Psychic|p1a: Rotom\n|-damage|p1a: Rotom|58\/100\n|move|p1a: Rotom|Volt Switch|p2a: Xatu\n|-supereffective|p2a: Xatu\n|-damage|p2a: Xatu|0 fnt\n|faint|p2a: Xatu\n|\n|t:|1667791116\n|switch|p1a: Vaporeon|Vaporeon, F, shiny|74\/100|[from]move: Volt Switch\n|\n|-heal|p1a: Vaporeon|80\/100|[from] item: Leftovers\n|upkeep\n|\n|t:|1667791122\n|switch|p2a: Decidueye|Decidueye, F|100\/100\n|-damage|p2a: Decidueye|88\/100|[from] Stealth Rock\n|turn|12\n|\n|t:|1667791130\n|switch|p1a: Talonflame|Talonflame, F, shiny|100\/100\n|move|p2a: Decidueye|Spirit Shackle|p1a: Talonflame\n|-damage|p1a: Talonflame|39\/100\n|-activate|p1a: Talonflame|trapped\n|\n|upkeep\n|turn|13\n|\n|t:|1667791139\n|move|p2a: Decidueye|Shadow Sneak|p1a: Talonflame\n|-damage|p1a: Talonflame|6\/100\n|move|p1a: Talonflame|U-turn|p2a: Decidueye\n|-damage|p2a: Decidueye|67\/100\n|\n|t:|1667791151\n|switch|p1a: Stunfisk|Stunfisk-Galar, M, shiny|71\/100|[from]move: U-turn\n|\n|-heal|p1a: Stunfisk|77\/100|[from] item: Leftovers\n|upkeep\n|turn|14\n|\n|t:|1667791157\n|move|p2a: Decidueye|Swords Dance|p2a: Decidueye\n|-boost|p2a: Decidueye|atk|2\n|move|p1a: Stunfisk|Stone Edge|p2a: Decidueye\n|-crit|p2a: Decidueye\n|-damage|p2a: Decidueye|27\/100\n|\n|-heal|p1a: Stunfisk|83\/100|[from] item: Leftovers\n|upkeep\n|turn|15\n|\n|t:|1667791160\n|move|p2a: Decidueye|Leaf Blade|p1a: Stunfisk\n|-crit|p1a: Stunfisk\n|-damage|p1a: Stunfisk|0 fnt\n|faint|p1a: Stunfisk\n|\n|upkeep\n|\n|t:|1667791167\n|switch|p1a: Rotom|Rotom-Mow, shiny|58\/100\n|turn|16\n|\n|t:|1667791170\n|move|p2a: Decidueye|Shadow Sneak|p1a: Rotom\n|-damage|p1a: Rotom|0 fnt\n|faint|p1a: Rotom\n|\n|upkeep\n|\n|t:|1667791177\n|switch|p1a: Talonflame|Talonflame, F, shiny|6\/100\n|turn|17\n|\n|t:|1667791179\n|move|p2a: Decidueye|Shadow Sneak|p1a: Talonflame\n|-damage|p1a: Talonflame|0 fnt\n|faint|p1a: Talonflame\n|\n|upkeep\n|\n|t:|1667791182\n|switch|p1a: Snorlax|Snorlax, M, shiny|100\/100\n|turn|18\n|c|\u2606WeavilleParadise|ban decidueye.\n|-message|WeavilleParadise forfeited.\n|\n|win|Meortus\n|n|\u2606WeavilleParadise|weavilleparadise\n|n|\u2606Meortus|meortus\n|n|*Lady Monita \u263d|ladymonita\n|n| BB-8-NU|bb8nu\n|n| Goomy Guy12345|goomyguy12345\n|n| Kython|kython\n|n| ssj blunderr|ssjblunderr\n|n| Seulggi \u2661|seulggi\n|n| ETJX|etjx\n","uploadtime":1667791195,"views":8,"p1id":"weavilleparadise","p2id":"meortus","formatid":"gen8nu","rating":0,"private":0,"password":null}