{"id":"gen8ou-1537064771","p1":"kHooligan","p2":"BRIFYE","format":"gen8ou","log":"|j|\u2606kHooligan\n|j|\u2606BRIFYE\n|t:|1648055463\n|gametype|singles\n|player|p1|kHooligan|169|1383\n|player|p2|BRIFYE|266|1459\n|teamsize|p1|6\n|teamsize|p2|6\n|gen|8\n|tier|[Gen 8] OU\n|rated|\n|rule|Sleep Clause Mod: Limit one foe put to sleep\n|rule|Species Clause: Limit one of each Pok\u00e9mon\n|rule|OHKO Clause: OHKO moves are banned\n|rule|Evasion Moves Clause: Evasion moves are banned\n|rule|Endless Battle Clause: Forcing endless battles is banned\n|rule|HP Percentage Mod: HP is shown in percentages\n|rule|Dynamax Clause: You cannot dynamax\n|clearpoke\n|poke|p1|Zapdos-Galar|\n|poke|p1|Ninetales-Alola, M|\n|poke|p1|Slowking, M|\n|poke|p1|Dragonite, F|\n|poke|p1|Arctozolt|\n|poke|p1|Ferrothorn, M|\n|poke|p2|Zapdos|\n|poke|p2|Urshifu-*, F|\n|poke|p2|Dragapult, F|\n|poke|p2|Scizor, F|\n|poke|p2|Landorus-Therian, M|\n|poke|p2|Tapu Lele|\n|teampreview\n|\n|t:|1648055475\n|start\n|switch|p1a: Ferrothorn|Ferrothorn, M|100\/100\n|switch|p2a: Scizor|Scizor, F|100\/100\n|turn|1\n|\n|t:|1648055480\n|move|p2a: Scizor|Knock Off|p1a: Ferrothorn\n|-damage|p1a: Ferrothorn|84\/100\n|-damage|p2a: Scizor|88\/100|[from] ability: Iron Barbs|[of] p1a: Ferrothorn\n|-enditem|p1a: Ferrothorn|Leftovers|[from] move: Knock Off|[of] p2a: Scizor\n|move|p1a: Ferrothorn|Stealth Rock|p2a: Scizor\n|-sidestart|p2: BRIFYE|move: Stealth Rock\n|\n|-heal|p2a: Scizor|94\/100|[from] item: Leftovers\n|upkeep\n|turn|2\n|\n|t:|1648055494\n|move|p2a: Scizor|Swords Dance|p2a: Scizor\n|-boost|p2a: Scizor|atk|2\n|move|p1a: Ferrothorn|Leech Seed|p2a: Scizor\n|-start|p2a: Scizor|move: Leech Seed\n|\n|-heal|p2a: Scizor|100\/100|[from] item: Leftovers\n|-damage|p2a: Scizor|88\/100|[from] Leech Seed|[of] p1a: Ferrothorn\n|-heal|p1a: Ferrothorn|96\/100|[silent]\n|upkeep\n|turn|3\n|\n|t:|1648055513\n|move|p2a: Scizor|Knock Off|p1a: Ferrothorn\n|-damage|p1a: Ferrothorn|74\/100\n|-damage|p2a: Scizor|76\/100|[from] ability: Iron Barbs|[of] p1a: Ferrothorn\n|move|p1a: Ferrothorn|Gyro Ball|p2a: Scizor\n|-resisted|p2a: Scizor\n|-damage|p2a: Scizor|61\/100\n|\n|-heal|p2a: Scizor|67\/100|[from] item: Leftovers\n|-damage|p2a: Scizor|54\/100|[from] Leech Seed|[of] p1a: Ferrothorn\n|-heal|p1a: Ferrothorn|85\/100|[silent]\n|upkeep\n|turn|4\n|\n|t:|1648055524\n|switch|p2a: Piaf|Zapdos|100\/100\n|move|p1a: Ferrothorn|Gyro Ball|p2a: Piaf\n|-resisted|p2a: Piaf\n|-damage|p2a: Piaf|82\/100\n|-status|p1a: Ferrothorn|par|[from] ability: Static|[of] p2a: Piaf\n|\n|upkeep\n|turn|5\n|\n|t:|1648055536\n|switch|p1a: Slowking|Slowking, M|100\/100\n|move|p2a: Piaf|Discharge|p1a: Slowking\n|-supereffective|p1a: Slowking\n|-damage|p1a: Slowking|66\/100\n|\n|upkeep\n|turn|6\n|\n|t:|1648055545\n|move|p2a: Piaf|Discharge|p1a: Slowking\n|-supereffective|p1a: Slowking\n|-damage|p1a: Slowking|30\/100\n|move|p1a: Slowking|Blizzard|p2a: Piaf\n|-supereffective|p2a: Piaf\n|-damage|p2a: Piaf|19\/100\n|\n|upkeep\n|turn|7\n|\n|t:|1648055556\n|switch|p1a: Ninetales|Ninetales-Alola, M|100\/100\n|-weather|Hail|[from] ability: Snow Warning|[of] p1a: Ninetales\n|move|p2a: Piaf|Defog|p1a: Ninetales\n|-unboost|p1a: Ninetales|evasion|1\n|-sideend|p2: BRIFYE|Stealth Rock|[from] move: Defog|[of] p2a: Piaf\n|\n|-weather|Hail|[upkeep]\n|-damage|p2a: Piaf|13\/100|[from] Hail\n|upkeep\n|turn|8\n|\n|t:|1648055575\n|move|p1a: Ninetales|Aurora Veil|p1a: Ninetales\n|-sidestart|p1: kHooligan|move: Aurora Veil\n|move|p2a: Piaf|Defog|p1a: Ninetales\n|-unboost|p1a: Ninetales|evasion|1\n|-sideend|p1: kHooligan|move: Aurora Veil\n|\n|-weather|Hail|[upkeep]\n|-damage|p2a: Piaf|7\/100|[from] Hail\n|upkeep\n|turn|9\n|\n|t:|1648055585\n|switch|p1a: Arctozolt|Arctozolt|100\/100\n|switch|p2a: Scizor|Scizor, F|54\/100\n|\n|-weather|Hail|[upkeep]\n|-damage|p2a: Scizor|48\/100|[from] Hail\n|-heal|p2a: Scizor|54\/100|[from] item: Leftovers\n|upkeep\n|turn|10\n|\n|t:|1648055594\n|move|p2a: Scizor|Bullet Punch|p1a: Arctozolt\n|-damage|p1a: Arctozolt|70\/100\n|move|p1a: Arctozolt|Bolt Beak|p2a: Scizor\n|-damage|p2a: Scizor|26\/100\n|\n|-weather|Hail|[upkeep]\n|-damage|p2a: Scizor|20\/100|[from] Hail\n|-heal|p2a: Scizor|26\/100|[from] item: Leftovers\n|upkeep\n|turn|11\n|\n|t:|1648055604\n|move|p2a: Scizor|Bullet Punch|p1a: Arctozolt\n|-damage|p1a: Arctozolt|38\/100\n|move|p1a: Arctozolt|Bolt Beak|p2a: Scizor\n|-damage|p2a: Scizor|0 fnt\n|faint|p2a: Scizor\n|\n|-weather|none\n|upkeep\n|\n|t:|1648055624\n|switch|p2a: Piaf|Zapdos|7\/100\n|turn|12\n|\n|t:|1648055630\n|switch|p1a: Ninetales|Ninetales-Alola, M|100\/100\n|-weather|Hail|[from] ability: Snow Warning|[of] p1a: Ninetales\n|move|p2a: Piaf|Roost|p2a: Piaf\n|-heal|p2a: Piaf|57\/100\n|-singleturn|p2a: Piaf|move: Roost\n|\n|-weather|Hail|[upkeep]\n|-damage|p2a: Piaf|51\/100|[from] Hail\n|upkeep\n|turn|13\n|\n|t:|1648055642\n|move|p1a: Ninetales|Blizzard|p2a: Piaf\n|-supereffective|p2a: Piaf\n|-damage|p2a: Piaf|0 fnt\n|faint|p2a: Piaf\n|\n|-weather|Hail|[upkeep]\n|upkeep\n|\n|t:|1648055650\n|switch|p2a: Tapu Lele|Tapu Lele|100\/100\n|-fieldstart|move: Psychic Terrain|[from] ability: Psychic Surge|[of] p2a: Tapu Lele\n|turn|14\n|\n|t:|1648055657\n|switch|p1a: Slowking|Slowking, M|64\/100\n|move|p2a: Tapu Lele|Future Sight|p1a: Slowking\n|-start|p2a: Tapu Lele|move: Future Sight\n|\n|-weather|Hail|[upkeep]\n|-damage|p2a: Tapu Lele|94\/100|[from] Hail\n|-damage|p1a: Slowking|57\/100|[from] Hail\n|upkeep\n|turn|15\n|\n|t:|1648055665\n|switch|p2a: Teddy|Urshifu-Rapid-Strike, F|100\/100\n|move|p1a: Slowking|Future Sight|p2a: Teddy\n|-start|p1a: Slowking|move: Future Sight\n|\n|-weather|Hail|[upkeep]\n|-damage|p2a: Teddy|94\/100|[from] Hail\n|-damage|p1a: Slowking|51\/100|[from] Hail\n|upkeep\n|turn|16\n|\n|t:|1648055680\n|switch|p1a: Ferrothorn|Ferrothorn, M|85\/100 par\n|move|p2a: Teddy|Surging Strikes|p1a: Ferrothorn\n|-resisted|p1a: Ferrothorn\n|-crit|p1a: Ferrothorn\n|-damage|p1a: Ferrothorn|79\/100 par\n|-activate|p1a: Ferrothorn|ability: Iron Barbs\n|-activate|p2a: Teddy|item: Protective Pads\n|-resisted|p1a: Ferrothorn\n|-crit|p1a: Ferrothorn\n|-damage|p1a: Ferrothorn|74\/100 par\n|-activate|p1a: Ferrothorn|ability: Iron Barbs\n|-activate|p2a: Teddy|item: Protective Pads\n|-resisted|p1a: Ferrothorn\n|-crit|p1a: Ferrothorn\n|-damage|p1a: Ferrothorn|68\/100 par\n|-activate|p1a: Ferrothorn|ability: Iron Barbs\n|-activate|p2a: Teddy|item: Protective Pads\n|-hitcount|p1a: Ferrothorn|3\n|\n|-weather|none\n|-end|p1a: Ferrothorn|move: Future Sight\n|-resisted|p1a: Ferrothorn\n|-damage|p1a: Ferrothorn|30\/100 par\n|upkeep\n|turn|17\n|\n|t:|1648055705\n|switch|p2a: Smooky|Landorus-Therian, M|100\/100\n|-ability|p2a: Smooky|Intimidate|boost\n|-unboost|p1a: Ferrothorn|atk|1\n|move|p1a: Ferrothorn|Stealth Rock|p2a: Smooky\n|-sidestart|p2: BRIFYE|move: Stealth Rock\n|\n|-end|p2a: Smooky|move: Future Sight\n|-damage|p2a: Smooky|41\/100\n|-heal|p2a: Smooky|47\/100|[from] item: Leftovers\n|upkeep\n|turn|18\n|\n|t:|1648055717\n|move|p2a: Smooky|Stealth Rock|p1a: Ferrothorn\n|-sidestart|p1: kHooligan|move: Stealth Rock\n|cant|p1a: Ferrothorn|par\n|\n|-heal|p2a: Smooky|53\/100|[from] item: Leftovers\n|-fieldend|move: Psychic Terrain\n|upkeep\n|turn|19\n|\n|t:|1648055724\n|move|p2a: Smooky|Earthquake|p1a: Ferrothorn\n|-damage|p1a: Ferrothorn|4\/100 par\n|move|p1a: Ferrothorn|Toxic|p2a: Smooky\n|-status|p2a: Smooky|tox\n|\n|-heal|p2a: Smooky|59\/100 tox|[from] item: Leftovers\n|-damage|p2a: Smooky|53\/100 tox|[from] psn\n|upkeep\n|turn|20\n|\n|t:|1648055733\n|move|p2a: Smooky|Earthquake|p1a: Ferrothorn\n|-damage|p1a: Ferrothorn|0 fnt\n|faint|p1a: Ferrothorn\n|\n|-heal|p2a: Smooky|59\/100 tox|[from] item: Leftovers\n|-damage|p2a: Smooky|47\/100 tox|[from] psn\n|upkeep\n|\n|t:|1648055740\n|switch|p1a: Ninetales|Ninetales-Alola, M|100\/100\n|-damage|p1a: Ninetales|75\/100|[from] Stealth Rock\n|-weather|Hail|[from] ability: Snow Warning|[of] p1a: Ninetales\n|turn|21\n|\n|t:|1648055745\n|move|p1a: Ninetales|Aurora Veil|p1a: Ninetales\n|-sidestart|p1: kHooligan|move: Aurora Veil\n|move|p2a: Smooky|Toxic|p1a: Ninetales\n|-status|p1a: Ninetales|tox\n|\n|-weather|Hail|[upkeep]\n|-damage|p2a: Smooky|41\/100 tox|[from] Hail\n|-heal|p2a: Smooky|47\/100 tox|[from] item: Leftovers\n|-damage|p1a: Ninetales|69\/100 tox|[from] psn\n|-damage|p2a: Smooky|29\/100 tox|[from] psn\n|upkeep\n|turn|22\n|\n|t:|1648055758\n|move|p1a: Ninetales|Freeze-Dry|p2a: Smooky\n|-supereffective|p2a: Smooky\n|-damage|p2a: Smooky|0 fnt\n|faint|p2a: Smooky\n|\n|-weather|Hail|[upkeep]\n|-damage|p1a: Ninetales|57\/100 tox|[from] psn\n|upkeep\n|\n|t:|1648055771\n|switch|p2a: Pute|Dragapult, F|100\/100\n|turn|23\n|l|\u2606kHooligan\n|player|p1|\n|j|\u2606kHooligan\n|player|p1|kHooligan|169\n|\n|t:|1648055818\n|move|p2a: Pute|Hex|p1a: Ninetales\n|-damage|p1a: Ninetales|0 fnt\n|faint|p1a: Ninetales\n|\n|-weather|Hail|[upkeep]\n|-damage|p2a: Pute|95\/100|[from] Hail\n|upkeep\n|\n|t:|1648055825\n|switch|p1a: Arctozolt|Arctozolt|38\/100\n|turn|24\n|\n|t:|1648055845\n|switch|p2a: Teddy|Urshifu-Rapid-Strike, F|94\/100\n|-damage|p2a: Teddy|88\/100|[from] Stealth Rock\n|move|p1a: Arctozolt|Blizzard|p2a: Teddy\n|-resisted|p2a: Teddy\n|-damage|p2a: Teddy|57\/100\n|\n|-weather|Hail|[upkeep]\n|-damage|p2a: Teddy|51\/100|[from] Hail\n|upkeep\n|turn|25\n|\n|t:|1648055873\n|move|p1a: Arctozolt|Bolt Beak|p2a: Teddy\n|-supereffective|p2a: Teddy\n|-damage|p2a: Teddy|0 fnt\n|faint|p2a: Teddy\n|\n|-weather|none\n|upkeep\n|\n|t:|1648055887\n|switch|p2a: Tapu Lele|Tapu Lele|94\/100\n|-damage|p2a: Tapu Lele|82\/100|[from] Stealth Rock\n|-fieldstart|move: Psychic Terrain|[from] ability: Psychic Surge|[of] p2a: Tapu Lele\n|turn|26\n|\n|t:|1648055896\n|move|p2a: Tapu Lele|Moonblast|p1a: Arctozolt\n|-damage|p1a: Arctozolt|0 fnt\n|faint|p1a: Arctozolt\n|\n|upkeep\n|\n|t:|1648055900\n|switch|p1a: BillyBigBalls|Dragonite, F|100\/100\n|turn|27\n|\n|t:|1648055904\n|move|p2a: Tapu Lele|Moonblast|p1a: BillyBigBalls\n|-supereffective|p1a: BillyBigBalls\n|-damage|p1a: BillyBigBalls|74\/100\n|move|p1a: BillyBigBalls|Dragon Dance|p1a: BillyBigBalls\n|-boost|p1a: BillyBigBalls|atk|1\n|-boost|p1a: BillyBigBalls|spe|1\n|\n|upkeep\n|turn|28\n|\n|t:|1648055913\n|move|p2a: Tapu Lele|Moonblast|p1a: BillyBigBalls\n|-supereffective|p1a: BillyBigBalls\n|-damage|p1a: BillyBigBalls|12\/100\n|-unboost|p1a: BillyBigBalls|spa|1\n|move|p1a: BillyBigBalls|Dragon Dance|p1a: BillyBigBalls\n|-boost|p1a: BillyBigBalls|atk|1\n|-boost|p1a: BillyBigBalls|spe|1\n|\n|-sideend|p1: kHooligan|move: Aurora Veil\n|upkeep\n|turn|29\n|\n|t:|1648055923\n|move|p1a: BillyBigBalls|Dual Wingbeat|p2a: Tapu Lele\n|-damage|p2a: Tapu Lele|5\/100\n|-damage|p2a: Tapu Lele|0 fnt\n|faint|p2a: Tapu Lele\n|-hitcount|p2: Tapu Lele|2\n|\n|upkeep\n|\n|t:|1648055928\n|switch|p2a: Pute|Dragapult, F|95\/100\n|turn|30\n|\n|t:|1648055931\n|move|p1a: BillyBigBalls|Dual Wingbeat|p2a: Pute\n|-damage|p2a: Pute|29\/100\n|-damage|p2a: Pute|0 fnt\n|faint|p2a: Pute\n|-hitcount|p2: Pute|2\n|\n|win|kHooligan\n|raw|kHooligan's rating: 1383 &rarr; <strong>1407<\/strong><br \/>(+24 for winning)\n|raw|BRIFYE's rating: 1459 &rarr; <strong>1435<\/strong><br \/>(-24 for losing)\n|l|\u2606BRIFYE\n","uploadtime":1648055939,"views":16,"p1id":"khooligan","p2id":"brifye","formatid":"gen8ou","rating":1407,"private":0,"password":null}