{"id":"gen8ou-1588739346","p1":"amstan","p2":"SKIP THE DRIP","format":"gen8ou","log":"|j|\u2606amstan\n|j|\u2606SKIP THE DRIP\n|inactive|Battle timer is ON: inactive players will automatically lose when time's up.\n|t:|1654294356\n|gametype|singles\n|player|p1|amstan|schoolkid-gen4|\n|player|p2|SKIP THE DRIP|pokekidf-gen8|\n|teamsize|p1|6\n|teamsize|p2|6\n|gen|8\n|tier|[Gen 8] OU\n|rated|Tournament battle\n|rule|Sleep Clause Mod: Limit one foe put to sleep\n|rule|Species Clause: Limit one of each Pok\u00e9mon\n|rule|OHKO Clause: OHKO moves are banned\n|rule|Evasion Moves Clause: Evasion moves are banned\n|rule|Endless Battle Clause: Forcing endless battles is banned\n|rule|HP Percentage Mod: HP is shown in percentages\n|rule|Dynamax Clause: You cannot dynamax\n|clearpoke\n|poke|p1|Urshifu-*, M|\n|poke|p1|Blacephalon|\n|poke|p1|Slowking, M|\n|poke|p1|Tornadus-Therian, M|\n|poke|p1|Landorus-Therian, M|\n|poke|p1|Ferrothorn, M|\n|poke|p2|Articuno|\n|poke|p2|Ditto|\n|poke|p2|Toxapex, M|\n|poke|p2|Blissey, F|\n|poke|p2|Quagsire, F|\n|poke|p2|Jirachi|\n|teampreview\n|c|\u2606amstan|gl hf\n|c|\u2606SKIP THE DRIP|u2\n|\n|t:|1654294380\n|start\n|switch|p1a: Ares|Ferrothorn, M, shiny|100\/100\n|switch|p2a: Toxapex|Toxapex, M|100\/100\n|turn|1\n|j| gatsu enjoyer\n|\n|t:|1654294385\n|move|p2a: Toxapex|Scald|p1a: Ares\n|-resisted|p1a: Ares\n|-damage|p1a: Ares|94\/100\n|move|p1a: Ares|Leech Seed|p2a: Toxapex\n|-start|p2a: Toxapex|move: Leech Seed\n|\n|-damage|p2a: Toxapex|88\/100|[from] Leech Seed|[of] p1a: Ares\n|-heal|p1a: Ares|100\/100|[silent]\n|upkeep\n|turn|2\n|\n|t:|1654294389\n|move|p2a: Toxapex|Scald|p1a: Ares\n|-resisted|p1a: Ares\n|-damage|p1a: Ares|94\/100\n|move|p1a: Ares|Spikes|p2a: Toxapex\n|-sidestart|p2: SKIP THE DRIP|Spikes\n|\n|-damage|p2a: Toxapex|76\/100|[from] Leech Seed|[of] p1a: Ares\n|-heal|p1a: Ares|100\/100|[silent]\n|upkeep\n|turn|3\n|j| LUMOS1\n|\n|t:|1654294393\n|switch|p1a: Albert|Slowking, M, shiny|100\/100\n|move|p2a: Toxapex|Scald|p1a: Albert\n|-resisted|p1a: Albert\n|-damage|p1a: Albert|95\/100\n|-status|p1a: Albert|brn\n|\n|-damage|p2a: Toxapex|64\/100|[from] Leech Seed|[of] p1a: Albert\n|-heal|p1a: Albert|100\/100 brn|[silent]\n|-damage|p1a: Albert|94\/100 brn|[from] brn\n|upkeep\n|turn|4\n|j| PoobleMaster945\n|j| retoolook\n|\n|t:|1654294403\n|switch|p2a: Ditto|Ditto|100\/100\n|-transform|p2a: Ditto|p1a: Albert|[from] ability: Imposter\n|-item|p2a: Ditto|Air Balloon\n|move|p1a: Albert|Future Sight|p2a: Ditto\n|-start|p1a: Albert|move: Future Sight\n|\n|-damage|p1a: Albert|88\/100 brn|[from] brn\n|upkeep\n|turn|5\n|\n|t:|1654294408\n|move|p2a: Ditto|Future Sight|p1a: Albert\n|-start|p2a: Ditto|move: Future Sight\n|move|p1a: Albert|Teleport|p1a: Albert\n|\n|t:|1654294413\n|switch|p1a: the milkman|Urshifu-Rapid-Strike, M|100\/100|[from]move: Teleport\n|\n|upkeep\n|turn|6\n|\n|t:|1654294417\n|move|p1a: the milkman|U-turn|p2a: Ditto\n|-supereffective|p2a: Ditto\n|-damage|p2a: Ditto|6\/100\n|-enditem|p2a: Ditto|Air Balloon\n|\n|t:|1654294421\n|switch|p1a: Gaea|Landorus-Therian, M, shiny|100\/100|[from]move: U-turn\n|-ability|p1a: Gaea|Intimidate|boost\n|-unboost|p2a: Ditto|atk|1\n|move|p2a: Ditto|Teleport|p2a: Ditto\n|\n|t:|1654294428\n|switch|p2a: Jirachi|Jirachi|100\/100|[from]move: Teleport\n|-damage|p2a: Jirachi|88\/100|[from] Spikes\n|\n|-end|p2a: Jirachi|move: Future Sight\n|-resisted|p2a: Jirachi\n|-damage|p2a: Jirachi|82\/100\n|upkeep\n|turn|7\n|\n|t:|1654294434\n|switch|p2a: Articuno|Articuno|100\/100\n|-ability|p2a: Articuno|Pressure\n|move|p1a: Gaea|Earthquake|p2a: Articuno\n|-immune|p2a: Articuno\n|\n|-end|p1a: Gaea|move: Future Sight\n|-damage|p1a: Gaea|89\/100\n|-heal|p1a: Gaea|95\/100|[from] item: Leftovers\n|upkeep\n|turn|8\n|\n|t:|1654294442\n|move|p1a: Gaea|U-turn|p2a: Articuno\n|-resisted|p2a: Articuno\n|-damage|p2a: Articuno|93\/100\n|\n|t:|1654294446\n|switch|p1a: Albert|Slowking, M, shiny|100\/100 brn|[from]move: U-turn\n|move|p2a: Articuno|Defog|p1a: Albert\n|-unboost|p1a: Albert|evasion|1\n|-sideend|p2: SKIP THE DRIP|Spikes|[from] move: Defog|[of] p2a: Articuno\n|\n|-damage|p1a: Albert|94\/100 brn|[from] brn\n|upkeep\n|turn|9\n|\n|t:|1654294451\n|switch|p2a: Jirachi|Jirachi|82\/100\n|move|p1a: Albert|Teleport|p1a: Albert\n|\n|t:|1654294456\n|switch|p1a: bonzo|Blacephalon, shiny|100\/100|[from]move: Teleport\n|\n|upkeep\n|turn|10\n|\n|t:|1654294462\n|switch|p2a: Blissey|Blissey, F|100\/100\n|move|p1a: bonzo|Trick|p2a: Blissey\n|-activate|p1a: bonzo|move: Trick|[of] p2a: Blissey\n|-item|p2a: Blissey|Choice Scarf|[from] move: Trick\n|-item|p1a: bonzo|Heavy-Duty Boots|[from] move: Trick\n|\n|upkeep\n|turn|11\n|\n|t:|1654294469\n|switch|p1a: Albert|Slowking, M, shiny|100\/100 brn\n|switch|p2a: Toxapex|Toxapex, M|97\/100\n|\n|-damage|p1a: Albert|94\/100 brn|[from] brn\n|upkeep\n|turn|12\n|\n|t:|1654294472\n|move|p2a: Toxapex|Scald|p1a: Albert\n|-resisted|p1a: Albert\n|-damage|p1a: Albert|89\/100 brn\n|move|p1a: Albert|Future Sight|p2a: Toxapex\n|-start|p1a: Albert|move: Future Sight\n|\n|-damage|p1a: Albert|83\/100 brn|[from] brn\n|upkeep\n|turn|13\n|\n|t:|1654294475\n|move|p2a: Toxapex|Light Screen|p2a: Toxapex\n|-sidestart|p2: SKIP THE DRIP|move: Light Screen\n|move|p1a: Albert|Teleport|p1a: Albert\n|\n|t:|1654294484\n|switch|p1a: Hydra|Tornadus-Therian, M, shiny|100\/100|[from]move: Teleport\n|\n|upkeep\n|turn|14\n|\n|t:|1654294486\n|move|p1a: Hydra|Knock Off|p2a: Toxapex\n|-damage|p2a: Toxapex|86\/100\n|-damage|p1a: Hydra|84\/100|[from] item: Rocky Helmet|[of] p2a: Toxapex\n|-enditem|p2a: Toxapex|Rocky Helmet|[from] move: Knock Off|[of] p1a: Hydra\n|move|p2a: Toxapex|Toxic|p1a: Hydra\n|-status|p1a: Hydra|tox\n|\n|-end|p2a: Toxapex|move: Future Sight\n|-supereffective|p2a: Toxapex\n|-damage|p2a: Toxapex|50\/100\n|-damage|p1a: Hydra|78\/100 tox|[from] psn\n|upkeep\n|turn|15\n|j| Lacksatives\n|\n|t:|1654294493\n|move|p1a: Hydra|Hurricane|p2a: Toxapex\n|-damage|p2a: Toxapex|34\/100\n|move|p2a: Toxapex|Recover|p2a: Toxapex\n|-heal|p2a: Toxapex|84\/100\n|\n|-damage|p1a: Hydra|66\/100 tox|[from] psn\n|upkeep\n|turn|16\n|\n|t:|1654294496\n|switch|p2a: Ditto|Ditto|39\/100\n|-transform|p2a: Ditto|p1a: Hydra|[from] ability: Imposter\n|move|p1a: Hydra|U-turn|p2a: Ditto\n|-resisted|p2a: Ditto\n|-crit|p2a: Ditto\n|-damage|p2a: Ditto|26\/100\n|\n|t:|1654294506\n|switch|p1a: the milkman|Urshifu-Rapid-Strike, M|100\/100|[from]move: U-turn\n|\n|upkeep\n|turn|17\n|\n|t:|1654294511\n|switch|p2a: Toxapex|Toxapex, M|100\/100\n|move|p1a: the milkman|Aqua Jet|p2a: Toxapex\n|-resisted|p2a: Toxapex\n|-damage|p2a: Toxapex|91\/100\n|\n|-sideend|p2: SKIP THE DRIP|move: Light Screen\n|upkeep\n|turn|18\n|\n|t:|1654294519\n|switch|p1a: Albert|Slowking, M, shiny|100\/100 brn\n|switch|p2a: Ditto|Ditto|59\/100\n|-transform|p2a: Ditto|p1a: Albert|[from] ability: Imposter\n|\n|-damage|p1a: Albert|94\/100 brn|[from] brn\n|upkeep\n|turn|19\n|\n|t:|1654294523\n|move|p1a: Albert|Future Sight|p2a: Ditto\n|-start|p1a: Albert|move: Future Sight\n|move|p2a: Ditto|Teleport|p2a: Ditto\n|\n|t:|1654294525\n|switch|p2a: Toxapex|Toxapex, M|100\/100|[from]move: Teleport\n|\n|-damage|p1a: Albert|88\/100 brn|[from] brn\n|upkeep\n|turn|20\n|\n|t:|1654294528\n|move|p2a: Toxapex|Light Screen|p2a: Toxapex\n|-sidestart|p2: SKIP THE DRIP|move: Light Screen\n|move|p1a: Albert|Teleport|p1a: Albert\n|\n|t:|1654294534\n|switch|p1a: Ares|Ferrothorn, M, shiny|100\/100|[from]move: Teleport\n|\n|upkeep\n|turn|21\n|\n|t:|1654294540\n|move|p2a: Toxapex|Scald|p1a: Ares\n|-resisted|p1a: Ares\n|-damage|p1a: Ares|94\/100\n|-status|p1a: Ares|brn\n|move|p1a: Ares|Leech Seed|p2a: Toxapex|[miss]\n|-miss|p1a: Ares|p2a: Toxapex\n|\n|-end|p2a: Toxapex|move: Future Sight\n|-supereffective|p2a: Toxapex\n|-damage|p2a: Toxapex|67\/100\n|-damage|p1a: Ares|87\/100 brn|[from] brn\n|upkeep\n|turn|22\n|\n|t:|1654294554\n|switch|p2a: Jirachi|Jirachi|82\/100\n|move|p1a: Ares|Leech Seed|p2a: Jirachi\n|-start|p2a: Jirachi|move: Leech Seed\n|\n|-damage|p2a: Jirachi|70\/100|[from] Leech Seed|[of] p1a: Ares\n|-heal|p1a: Ares|100\/100 brn|[silent]\n|-damage|p1a: Ares|94\/100 brn|[from] brn\n|upkeep\n|turn|23\n|\n|t:|1654294559\n|move|p2a: Jirachi|Trick|p1a: Ares\n|-activate|p2a: Jirachi|move: Trick|[of] p1a: Ares\n|-item|p1a: Ares|Choice Scarf|[from] move: Trick\n|-item|p2a: Jirachi|Rocky Helmet|[from] move: Trick\n|move|p1a: Ares|Thunder Wave|p2a: Jirachi\n|-status|p2a: Jirachi|par\n|\n|-damage|p2a: Jirachi|57\/100 par|[from] Leech Seed|[of] p1a: Ares\n|-heal|p1a: Ares|100\/100 brn|[silent]\n|-damage|p1a: Ares|94\/100 brn|[from] brn\n|upkeep\n|turn|24\n|\n|t:|1654294575\n|switch|p2a: Ditto|Ditto|92\/100\n|-transform|p2a: Ditto|p1a: Ares|[from] ability: Imposter\n|switch|p1a: Gaea|Landorus-Therian, M, shiny|95\/100\n|-ability|p1a: Gaea|Intimidate|boost\n|-unboost|p2a: Ditto|atk|1\n|\n|-heal|p1a: Gaea|100\/100|[from] item: Leftovers\n|-sideend|p2: SKIP THE DRIP|move: Light Screen\n|upkeep\n|turn|25\n|\n|t:|1654294592\n|switch|p2a: Articuno|Articuno|93\/100\n|-ability|p2a: Articuno|Pressure\n|move|p1a: Gaea|Earthquake|p2a: Articuno\n|-immune|p2a: Articuno\n|\n|upkeep\n|turn|26\n|\n|t:|1654294595\n|move|p1a: Gaea|U-turn|p2a: Articuno\n|-resisted|p2a: Articuno\n|-damage|p2a: Articuno|87\/100\n|\n|t:|1654294597\n|switch|p1a: bonzo|Blacephalon, shiny|100\/100|[from]move: U-turn\n|move|p2a: Articuno|Freeze-Dry|p1a: bonzo\n|-resisted|p1a: bonzo\n|-damage|p1a: bonzo|83\/100\n|\n|upkeep\n|turn|27\n|j| Maxouille\n|\n|t:|1654294601\n|switch|p2a: Blissey|Blissey, F|100\/100\n|move|p1a: bonzo|Flamethrower|p2a: Blissey\n|-damage|p2a: Blissey|79\/100\n|\n|upkeep\n|turn|28\n|l| Maxouille\n|\n|t:|1654294608\n|move|p1a: bonzo|Flamethrower|p2a: Blissey\n|-damage|p2a: Blissey|62\/100\n|move|p2a: Blissey|Toxic|p1a: bonzo\n|-status|p1a: bonzo|tox\n|\n|-damage|p1a: bonzo|77\/100 tox|[from] psn\n|upkeep\n|turn|29\n|\n|t:|1654294612\n|switch|p1a: Albert|Slowking, M, shiny|100\/100 brn\n|switch|p2a: Toxapex|Toxapex, M|99\/100\n|\n|-damage|p1a: Albert|94\/100 brn|[from] brn\n|upkeep\n|turn|30\n|\n|t:|1654294617\n|move|p2a: Toxapex|Scald|p1a: Albert\n|-resisted|p1a: Albert\n|-crit|p1a: Albert\n|-damage|p1a: Albert|86\/100 brn\n|move|p1a: Albert|Future Sight|p2a: Toxapex\n|-start|p1a: Albert|move: Future Sight\n|\n|-damage|p1a: Albert|80\/100 brn|[from] brn\n|upkeep\n|turn|31\n|\n|t:|1654294619\n|move|p2a: Toxapex|Light Screen|p2a: Toxapex\n|-sidestart|p2: SKIP THE DRIP|move: Light Screen\n|move|p1a: Albert|Teleport|p1a: Albert\n|\n|t:|1654294625\n|switch|p1a: Hydra|Tornadus-Therian, M, shiny|99\/100 tox|[from]move: Teleport\n|\n|-damage|p1a: Hydra|93\/100 tox|[from] psn\n|upkeep\n|turn|32\n|c| LUMOS1|snoreeeeeeeeee\n|\n|t:|1654294633\n|move|p1a: Hydra|U-turn|p2a: Toxapex\n|-resisted|p2a: Toxapex\n|-damage|p2a: Toxapex|96\/100\n|\n|t:|1654294636\n|switch|p1a: Gaea|Landorus-Therian, M, shiny|100\/100|[from]move: U-turn\n|-ability|p1a: Gaea|Intimidate|boost\n|-unboost|p2a: Toxapex|atk|1\n|move|p2a: Toxapex|Scald|p1a: Gaea\n|-supereffective|p1a: Gaea\n|-damage|p1a: Gaea|72\/100\n|\n|-end|p2a: Toxapex|move: Future Sight\n|-supereffective|p2a: Toxapex\n|-damage|p2a: Toxapex|65\/100\n|-heal|p1a: Gaea|78\/100|[from] item: Leftovers\n|upkeep\n|turn|33\n|j| Speculo\n|\n|t:|1654294641\n|switch|p2a: Articuno|Articuno|87\/100\n|-ability|p2a: Articuno|Pressure\n|move|p1a: Gaea|Toxic|p2a: Articuno\n|-status|p2a: Articuno|tox\n|\n|-heal|p1a: Gaea|84\/100|[from] item: Leftovers\n|-damage|p2a: Articuno|81\/100 tox|[from] psn\n|upkeep\n|turn|34\n|\n|t:|1654294645\n|switch|p1a: the milkman|Urshifu-Rapid-Strike, M|100\/100\n|move|p2a: Articuno|Heal Bell|p2a: Articuno\n|-activate|p2a: Articuno|move: Heal Bell\n|-curestatus|p2a: Articuno|tox|[msg]\n|-curestatus|p2: Jirachi|par|[msg]\n|\n|upkeep\n|turn|35\n|c| Speculo|oh no\n|c|\u2606amstan|:\/\n|c| Speculo|cringae\n|\n|t:|1654294653\n|switch|p2a: Toxapex|Toxapex, M|98\/100\n|move|p1a: the milkman|Close Combat|p2a: Toxapex\n|-resisted|p2a: Toxapex\n|-damage|p2a: Toxapex|69\/100\n|-unboost|p1a: the milkman|def|1\n|-unboost|p1a: the milkman|spd|1\n|\n|-sideend|p2: SKIP THE DRIP|move: Light Screen\n|upkeep\n|turn|36\n|\n|t:|1654294659\n|switch|p1a: Albert|Slowking, M, shiny|100\/100 brn\n|move|p2a: Toxapex|Scald|p1a: Albert\n|-resisted|p1a: Albert\n|-damage|p1a: Albert|95\/100 brn\n|\n|-damage|p1a: Albert|89\/100 brn|[from] brn\n|upkeep\n|turn|37\n|\n|t:|1654294663\n|move|p2a: Toxapex|Recover|p2a: Toxapex\n|-heal|p2a: Toxapex|100\/100\n|move|p1a: Albert|Future Sight|p2a: Toxapex\n|-start|p1a: Albert|move: Future Sight\n|\n|-damage|p1a: Albert|83\/100 brn|[from] brn\n|upkeep\n|turn|38\n|c| Speculo|yes albert\n|c|\u2606amstan|time to get my hardcore gaming music\n|j| zReptar\n|l| gatsu enjoyer\n|\n|t:|1654294675\n|move|p2a: Toxapex|Light Screen|p2a: Toxapex\n|-sidestart|p2: SKIP THE DRIP|move: Light Screen\n|move|p1a: Albert|Teleport|p1a: Albert\n|\n|t:|1654294680\n|switch|p1a: Hydra|Tornadus-Therian, M, shiny|100\/100 tox|[from]move: Teleport\n|\n|-damage|p1a: Hydra|94\/100 tox|[from] psn\n|upkeep\n|turn|39\n|c| Speculo|bro got that metal gear playing\n|\n|t:|1654294690\n|switch|p2a: Jirachi|Jirachi|57\/100\n|move|p1a: Hydra|Hurricane|p2a: Jirachi\n|-resisted|p2a: Jirachi\n|-damage|p2a: Jirachi|50\/100\n|\n|-end|p2a: Jirachi|move: Future Sight\n|-resisted|p2a: Jirachi\n|-damage|p2a: Jirachi|47\/100\n|-damage|p1a: Hydra|82\/100 tox|[from] psn\n|upkeep\n|turn|40\n|c| Speculo|CAUSE HE GAMIN\n|c| zReptar|Skip get em\n|\n|t:|1654294695\n|move|p1a: Hydra|Knock Off|p2a: Jirachi\n|-supereffective|p2a: Jirachi\n|-damage|p2a: Jirachi|14\/100\n|-damage|p1a: Hydra|66\/100 tox|[from] item: Rocky Helmet|[of] p2a: Jirachi\n|-enditem|p2a: Jirachi|Rocky Helmet|[from] move: Knock Off|[of] p1a: Hydra\n|move|p2a: Jirachi|Wish|p2a: Jirachi\n|\n|-damage|p1a: Hydra|47\/100 tox|[from] psn\n|upkeep\n|turn|41\n|\n|t:|1654294698\n|move|p2a: Jirachi|Protect|p2a: Jirachi\n|-singleturn|p2a: Jirachi|Protect\n|move|p1a: Hydra|U-turn|p2a: Jirachi\n|-activate|p2a: Jirachi|move: Protect\n|\n|-heal|p2a: Jirachi|64\/100|[from] move: Wish|[wisher] Jirachi\n|-damage|p1a: Hydra|23\/100 tox|[from] psn\n|upkeep\n|turn|42\n|\n|t:|1654294701\n|move|p1a: Hydra|U-turn|p2a: Jirachi\n|-crit|p2a: Jirachi\n|-damage|p2a: Jirachi|45\/100\n|c| Speculo|nah Rep, Amstan is based\n|\n|t:|1654294708\n|switch|p1a: Ares|Ferrothorn, M, shiny|94\/100 brn|[from]move: U-turn\n|move|p2a: Jirachi|Wish|p2a: Jirachi\n|\n|-damage|p1a: Ares|88\/100 brn|[from] brn\n|-sideend|p2: SKIP THE DRIP|move: Light Screen\n|upkeep\n|turn|43\n|c| zReptar|True\n|c|\u2606amstan|im actually listening to pompeii-bastille lol\n|c|\u2606amstan|its chill\n|\n|t:|1654294722\n|move|p2a: Jirachi|Protect|p2a: Jirachi\n|-singleturn|p2a: Jirachi|Protect\n|move|p1a: Ares|Leech Seed|p2a: Jirachi\n|-activate|p2a: Jirachi|move: Protect\n|\n|-heal|p2a: Jirachi|95\/100|[from] move: Wish|[wisher] Jirachi\n|-damage|p1a: Ares|82\/100 brn|[from] brn\n|upkeep\n|turn|44\n|c| Speculo|sick\n|\n|t:|1654294728\n|switch|p2a: Ditto|Ditto|92\/100\n|-transform|p2a: Ditto|p1a: Ares|[from] ability: Imposter\n|move|p1a: Ares|Leech Seed|p2a: Ditto\n|-immune|p2a: Ditto\n|\n|-damage|p1a: Ares|75\/100 brn|[from] brn\n|upkeep\n|turn|45\n|\n|t:|1654294734\n|switch|p1a: Hydra|Tornadus-Therian, M, shiny|56\/100 tox\n|move|p2a: Ditto|Leech Seed|p1a: Hydra|[miss]\n|-miss|p2a: Ditto|p1a: Hydra\n|\n|-damage|p1a: Hydra|50\/100 tox|[from] psn\n|upkeep\n|turn|46\n|c| Speculo|im listening to quandale dingle speed diss lmfaoo\n|\n|t:|1654294744\n|move|p1a: Hydra|Hurricane|p2a: Ditto\n|-damage|p2a: Ditto|52\/100\n|move|p2a: Ditto|Spikes|p1a: Hydra\n|-sidestart|p1: amstan|Spikes\n|\n|-damage|p1a: Hydra|38\/100 tox|[from] psn\n|upkeep\n|turn|47\n|c|\u2606amstan|wtf\n|\n|t:|1654294752\n|move|p1a: Hydra|U-turn|p2a: Ditto\n|-damage|p2a: Ditto|42\/100\n|-damage|p1a: Hydra|26\/100 tox|[from] ability: Iron Barbs|[of] p2a: Ditto\n|\n|t:|1654294754\n|switch|p1a: bonzo|Blacephalon, shiny|77\/100 tox|[from]move: U-turn\n|move|p2a: Ditto|Power Whip|p1a: bonzo\n|-resisted|p1a: bonzo\n|-damage|p1a: bonzo|29\/100 tox\n|\n|-damage|p1a: bonzo|23\/100 tox|[from] psn\n|upkeep\n|turn|48\n|c| Speculo|bro it go hard\n|\n|t:|1654294759\n|switch|p2a: Toxapex|Toxapex, M|100\/100\n|move|p1a: bonzo|Flamethrower|p2a: Toxapex\n|-resisted|p2a: Toxapex\n|-damage|p2a: Toxapex|79\/100\n|\n|-damage|p1a: bonzo|11\/100 tox|[from] psn\n|upkeep\n|turn|49\n|\n|t:|1654294766\n|switch|p1a: Albert|Slowking, M, shiny|100\/100 brn\n|move|p2a: Toxapex|Scald|p1a: Albert\n|-resisted|p1a: Albert\n|-damage|p1a: Albert|96\/100 brn\n|\n|-damage|p1a: Albert|90\/100 brn|[from] brn\n|upkeep\n|turn|50\n|c| Lacksatives|should've sballed\n|\n|t:|1654294771\n|move|p2a: Toxapex|Toxic||[still]\n|-fail|p2a: Toxapex\n|move|p1a: Albert|Scald|p2a: Toxapex\n|-resisted|p2a: Toxapex\n|-damage|p2a: Toxapex|67\/100\n|\n|-damage|p1a: Albert|83\/100 brn|[from] brn\n|upkeep\n|turn|51\n|\n|t:|1654294776\n|move|p2a: Toxapex|Recover|p2a: Toxapex\n|-heal|p2a: Toxapex|100\/100\n|move|p1a: Albert|Scald|p2a: Toxapex\n|-resisted|p2a: Toxapex\n|-damage|p2a: Toxapex|89\/100\n|-status|p2a: Toxapex|brn\n|\n|-damage|p2a: Toxapex|83\/100 brn|[from] brn\n|-damage|p1a: Albert|77\/100 brn|[from] brn\n|upkeep\n|turn|52\n|\n|t:|1654294781\n|move|p2a: Toxapex|Recover|p2a: Toxapex\n|-heal|p2a: Toxapex|100\/100 brn\n|move|p1a: Albert|Future Sight|p2a: Toxapex\n|-start|p1a: Albert|move: Future Sight\n|\n|-damage|p2a: Toxapex|95\/100 brn|[from] brn\n|-damage|p1a: Albert|71\/100 brn|[from] brn\n|upkeep\n|turn|53\n|\n|t:|1654294784\n|move|p2a: Toxapex|Light Screen|p2a: Toxapex\n|-sidestart|p2: SKIP THE DRIP|move: Light Screen\n|move|p1a: Albert|Teleport|p1a: Albert\n|\n|t:|1654294792\n|switch|p1a: Gaea|Landorus-Therian, M, shiny|84\/100|[from]move: Teleport\n|-ability|p1a: Gaea|Intimidate|boost\n|-unboost|p2a: Toxapex|atk|1\n|\n|-heal|p1a: Gaea|90\/100|[from] item: Leftovers\n|-damage|p2a: Toxapex|89\/100 brn|[from] brn\n|upkeep\n|turn|54\n|\n|t:|1654294798\n|switch|p2a: Articuno|Articuno|81\/100\n|-ability|p2a: Articuno|Pressure\n|move|p1a: Gaea|U-turn|p2a: Articuno\n|-resisted|p2a: Articuno\n|-damage|p2a: Articuno|73\/100\n|\n|t:|1654294802\n|switch|p1a: the milkman|Urshifu-Rapid-Strike, M|100\/100|[from]move: U-turn\n|-damage|p1a: the milkman|88\/100|[from] Spikes\n|\n|-end|p2a: Articuno|move: Future Sight\n|-damage|p2a: Articuno|57\/100\n|upkeep\n|turn|55\n|\n|t:|1654294807\n|switch|p2a: Toxapex|Toxapex, M|100\/100 brn\n|move|p1a: the milkman|U-turn|p2a: Toxapex\n|-resisted|p2a: Toxapex\n|-damage|p2a: Toxapex|88\/100 brn\n|\n|t:|1654294810\n|switch|p1a: Gaea|Landorus-Therian, M, shiny|90\/100|[from]move: U-turn\n|-ability|p1a: Gaea|Intimidate|boost\n|-unboost|p2a: Toxapex|atk|1\n|\n|-heal|p1a: Gaea|96\/100|[from] item: Leftovers\n|-damage|p2a: Toxapex|82\/100 brn|[from] brn\n|upkeep\n|turn|56\n|\n|t:|1654294818\n|switch|p2a: Quagsire|Quagsire, F|100\/100\n|move|p1a: Gaea|Earthquake|p2a: Quagsire\n|-damage|p2a: Quagsire|65\/100\n|\n|-heal|p1a: Gaea|100\/100|[from] item: Leftovers\n|-heal|p2a: Quagsire|72\/100|[from] item: Leftovers\n|upkeep\n|turn|57\n|\n|t:|1654294823\n|move|p1a: Gaea|U-turn|p2a: Quagsire\n|-damage|p2a: Quagsire|56\/100\n|\n|t:|1654294825\n|switch|p1a: Ares|Ferrothorn, M, shiny|75\/100 brn|[from]move: U-turn\n|-damage|p1a: Ares|63\/100 brn|[from] Spikes\n|move|p2a: Quagsire|Recover|p2a: Quagsire\n|-heal|p2a: Quagsire|100\/100\n|\n|-damage|p1a: Ares|57\/100 brn|[from] brn\n|-sideend|p2: SKIP THE DRIP|move: Light Screen\n|upkeep\n|turn|58\n|\n|t:|1654294831\n|move|p2a: Quagsire|Protect|p2a: Quagsire\n|-singleturn|p2a: Quagsire|Protect\n|move|p1a: Ares|Spikes|p2a: Quagsire\n|-sidestart|p2: SKIP THE DRIP|Spikes\n|\n|-damage|p1a: Ares|50\/100 brn|[from] brn\n|upkeep\n|turn|59\n|\n|t:|1654294834\n|move|p1a: Ares|Spikes|p2a: Quagsire\n|-sidestart|p2: SKIP THE DRIP|Spikes\n|move|p2a: Quagsire|Scald|p1a: Ares\n|-resisted|p1a: Ares\n|-damage|p1a: Ares|42\/100 brn\n|\n|-damage|p1a: Ares|36\/100 brn|[from] brn\n|upkeep\n|turn|60\n|\n|t:|1654294839\n|switch|p1a: Albert|Slowking, M, shiny|100\/100 brn\n|switch|p2a: Articuno|Articuno|57\/100\n|-ability|p2a: Articuno|Pressure\n|\n|-damage|p1a: Albert|94\/100 brn|[from] brn\n|upkeep\n|turn|61\n|\n|t:|1654294858\n|switch|p2a: Toxapex|Toxapex, M|100\/100 brn\n|-damage|p2a: Toxapex|84\/100 brn|[from] Spikes\n|move|p1a: Albert|Future Sight|p2a: Toxapex\n|-start|p1a: Albert|move: Future Sight\n|\n|-damage|p2a: Toxapex|78\/100 brn|[from] brn\n|-damage|p1a: Albert|88\/100 brn|[from] brn\n|upkeep\n|turn|62\n|\n|t:|1654294864\n|move|p2a: Toxapex|Light Screen|p2a: Toxapex\n|-sidestart|p2: SKIP THE DRIP|move: Light Screen\n|move|p1a: Albert|Teleport|p1a: Albert\n|\n|t:|1654294866\n|switch|p1a: Gaea|Landorus-Therian, M, shiny|100\/100|[from]move: Teleport\n|-ability|p1a: Gaea|Intimidate|boost\n|-unboost|p2a: Toxapex|atk|1\n|\n|-damage|p2a: Toxapex|72\/100 brn|[from] brn\n|upkeep\n|turn|63\n|c| Lacksatives|you get 6-0'd if someone brings sd kart\n|c|\u2606amstan|but i dont have sd kart\n|\n|t:|1654294882\n|switch|p2a: Blissey|Blissey, F|62\/100\n|-damage|p2a: Blissey|45\/100|[from] Spikes\n|move|p1a: Gaea|Stealth Rock|p2a: Blissey\n|-sidestart|p2: SKIP THE DRIP|move: Stealth Rock\n|\n|-end|p2a: Blissey|move: Future Sight\n|-damage|p2a: Blissey|38\/100\n|upkeep\n|turn|64\n|c|\u2606amstan|so it doesnt matter\n|\n|t:|1654294888\n|move|p2a: Blissey|Soft-Boiled|p2a: Blissey\n|-heal|p2a: Blissey|88\/100\n|move|p1a: Gaea|Earthquake|p2a: Blissey\n|-damage|p2a: Blissey|50\/100\n|\n|upkeep\n|turn|65\n|j| SavageSwordX\n|\n|t:|1654294896\n|move|p2a: Blissey|Soft-Boiled|p2a: Blissey\n|-heal|p2a: Blissey|99\/100\n|move|p1a: Gaea|Toxic|p2a: Blissey\n|-status|p2a: Blissey|tox\n|\n|-damage|p2a: Blissey|93\/100 tox|[from] psn\n|upkeep\n|turn|66\n|\n|t:|1654294899\n|-curestatus|p2a: Blissey|tox|[from] ability: Natural Cure\n|switch|p2a: Articuno|Articuno|57\/100\n|-ability|p2a: Articuno|Pressure\n|move|p1a: Gaea|Earthquake|p2a: Articuno\n|-immune|p2a: Articuno\n|\n|-sideend|p2: SKIP THE DRIP|move: Light Screen\n|upkeep\n|turn|67\n|\n|t:|1654294906\n|switch|p1a: Albert|Slowking, M, shiny|100\/100 brn\n|move|p2a: Articuno|Defog|p1a: Albert\n|-unboost|p1a: Albert|evasion|1\n|-sideend|p1: amstan|Spikes|[from] move: Defog|[of] p2a: Articuno\n|-sideend|p2: SKIP THE DRIP|Spikes|[from] move: Defog|[of] p2a: Articuno\n|-sideend|p2: SKIP THE DRIP|Stealth Rock|[from] move: Defog|[of] p2a: Articuno\n|\n|-damage|p1a: Albert|94\/100 brn|[from] brn\n|upkeep\n|turn|68\n|c|\u2606SKIP THE DRIP|cuno beats sd kart\n|c|\u2606SKIP THE DRIP|sir\n|\n|t:|1654294918\n|switch|p2a: Toxapex|Toxapex, M|100\/100 brn\n|move|p1a: Albert|Teleport|p1a: Albert\n|c|\u2606SKIP THE DRIP|u pleb\n|\n|t:|1654294925\n|switch|p1a: Gaea|Landorus-Therian, M, shiny|100\/100|[from]move: Teleport\n|-ability|p1a: Gaea|Intimidate|boost\n|-unboost|p2a: Toxapex|atk|1\n|\n|-damage|p2a: Toxapex|95\/100 brn|[from] brn\n|upkeep\n|turn|69\n|\n|t:|1654294932\n|switch|p2a: Articuno|Articuno|57\/100\n|-ability|p2a: Articuno|Pressure\n|move|p1a: Gaea|Stealth Rock|p2a: Articuno\n|-sidestart|p2: SKIP THE DRIP|move: Stealth Rock\n|\n|upkeep\n|turn|70\n|\n|t:|1654294953\n|switch|p1a: Albert|Slowking, M, shiny|100\/100 brn\n|move|p2a: Articuno|Roost|p2a: Articuno\n|-heal|p2a: Articuno|100\/100\n|-singleturn|p2a: Articuno|move: Roost\n|\n|-damage|p1a: Albert|94\/100 brn|[from] brn\n|upkeep\n|turn|71\n|\n|t:|1654294965\n|move|p2a: Articuno|Defog|p1a: Albert\n|-unboost|p1a: Albert|evasion|1\n|-sideend|p2: SKIP THE DRIP|Stealth Rock|[from] move: Defog|[of] p2a: Articuno\n|move|p1a: Albert|Future Sight|p2a: Articuno\n|-start|p1a: Albert|move: Future Sight\n|\n|-damage|p1a: Albert|88\/100 brn|[from] brn\n|upkeep\n|turn|72\n|\n|t:|1654294971\n|switch|p2a: Jirachi|Jirachi|95\/100\n|move|p1a: Albert|Teleport|p1a: Albert\n|\n|t:|1654294974\n|switch|p1a: bonzo|Blacephalon, shiny|11\/100 tox|[from]move: Teleport\n|\n|-damage|p1a: bonzo|5\/100 tox|[from] psn\n|upkeep\n|turn|73\n|\n|t:|1654294979\n|move|p2a: Jirachi|Protect|p2a: Jirachi\n|-singleturn|p2a: Jirachi|Protect\n|move|p1a: bonzo|Overheat|p2a: Jirachi\n|-activate|p2a: Jirachi|move: Protect\n|\n|-end|p2a: Jirachi|move: Future Sight\n|-resisted|p2a: Jirachi\n|-damage|p2a: Jirachi|88\/100\n|-damage|p1a: bonzo|0 fnt|[from] psn\n|faint|p1a: bonzo\n|upkeep\n|\n|t:|1654294990\n|switch|p1a: Albert|Slowking, M, shiny|100\/100 brn\n|turn|74\n|\n|t:|1654294993\n|switch|p2a: Toxapex|Toxapex, M|100\/100 brn\n|move|p1a: Albert|Scald|p2a: Toxapex\n|-resisted|p2a: Toxapex\n|-damage|p2a: Toxapex|89\/100 brn\n|\n|-damage|p2a: Toxapex|83\/100 brn|[from] brn\n|-damage|p1a: Albert|94\/100 brn|[from] brn\n|upkeep\n|turn|75\n|\n|t:|1654294997\n|switch|p2a: Ditto|Ditto|42\/100\n|-transform|p2a: Ditto|p1a: Albert|[from] ability: Imposter\n|move|p1a: Albert|Teleport|p1a: Albert\n|\n|t:|1654294999\n|switch|p1a: Gaea|Landorus-Therian, M, shiny|100\/100|[from]move: Teleport\n|-ability|p1a: Gaea|Intimidate|boost\n|-unboost|p2a: Ditto|atk|1\n|\n|upkeep\n|turn|76\n|\n|t:|1654295004\n|switch|p2a: Quagsire|Quagsire, F|100\/100\n|move|p1a: Gaea|U-turn|p2a: Quagsire\n|-damage|p2a: Quagsire|84\/100\n|\n|t:|1654295007\n|switch|p1a: Ares|Ferrothorn, M, shiny|36\/100 brn|[from]move: U-turn\n|\n|-heal|p2a: Quagsire|90\/100|[from] item: Leftovers\n|-damage|p1a: Ares|30\/100 brn|[from] brn\n|upkeep\n|turn|77\n|\n|t:|1654295010\n|switch|p2a: Ditto|Ditto|75\/100\n|-transform|p2a: Ditto|p1a: Ares|[from] ability: Imposter\n|move|p1a: Ares|Power Whip|p2a: Ditto\n|-resisted|p2a: Ditto\n|-damage|p2a: Ditto|71\/100\n|-damage|p1a: Ares|17\/100 brn|[from] ability: Iron Barbs|[of] p2a: Ditto\n|\n|-damage|p1a: Ares|11\/100 brn|[from] brn\n|upkeep\n|turn|78\n|\n|t:|1654295021\n|switch|p1a: Hydra|Tornadus-Therian, M, shiny|59\/100 tox\n|move|p2a: Ditto|Spikes|p1a: Hydra\n|-sidestart|p1: amstan|Spikes\n|\n|-damage|p1a: Hydra|53\/100 tox|[from] psn\n|upkeep\n|turn|79\n|\n|t:|1654295026\n|move|p1a: Hydra|Hurricane|p2a: Ditto\n|-damage|p2a: Ditto|29\/100\n|-start|p2a: Ditto|confusion\n|-activate|p2a: Ditto|confusion\n|move|p2a: Ditto|Leech Seed|p1a: Hydra\n|-start|p1a: Hydra|move: Leech Seed\n|\n|-damage|p1a: Hydra|40\/100 tox|[from] Leech Seed|[of] p2a: Ditto\n|-heal|p2a: Ditto|44\/100|[silent]\n|-damage|p1a: Hydra|28\/100 tox|[from] psn\n|upkeep\n|turn|80\n|\n|t:|1654295031\n|switch|p1a: Gaea|Landorus-Therian, M, shiny|100\/100\n|-ability|p1a: Gaea|Intimidate|boost\n|-unboost|p2a: Ditto|atk|1\n|-activate|p2a: Ditto|confusion\n|-damage|p2a: Ditto|39\/100|[from] confusion\n|\n|upkeep\n|turn|81\n|\n|t:|1654295035\n|switch|p2a: Articuno|Articuno|100\/100\n|-ability|p2a: Articuno|Pressure\n|move|p1a: Gaea|Stealth Rock|p2a: Articuno\n|-sidestart|p2: SKIP THE DRIP|move: Stealth Rock\n|\n|upkeep\n|turn|82\n|\n|t:|1654295040\n|switch|p1a: Albert|Slowking, M, shiny|100\/100 brn\n|move|p2a: Articuno|Freeze-Dry|p1a: Albert\n|-supereffective|p1a: Albert\n|-damage|p1a: Albert|73\/100 brn\n|\n|-damage|p1a: Albert|66\/100 brn|[from] brn\n|upkeep\n|turn|83\n|\n|t:|1654295050\n|switch|p2a: Ditto|Ditto|39\/100\n|-damage|p2a: Ditto|27\/100|[from] Stealth Rock\n|-transform|p2a: Ditto|p1a: Albert|[from] ability: Imposter\n|move|p1a: Albert|Teleport|p1a: Albert\n|\n|t:|1654295053\n|switch|p1a: the milkman|Urshifu-Rapid-Strike, M|88\/100|[from]move: Teleport\n|-damage|p1a: the milkman|76\/100|[from] Spikes\n|\n|upkeep\n|turn|84\n|\n|t:|1654295057\n|switch|p2a: Toxapex|Toxapex, M|100\/100 brn\n|-damage|p2a: Toxapex|88\/100 brn|[from] Stealth Rock\n|move|p1a: the milkman|Close Combat|p2a: Toxapex\n|-resisted|p2a: Toxapex\n|-damage|p2a: Toxapex|56\/100 brn\n|-unboost|p1a: the milkman|def|1\n|-unboost|p1a: the milkman|spd|1\n|\n|-damage|p2a: Toxapex|50\/100 brn|[from] brn\n|upkeep\n|turn|85\n|\n|t:|1654295064\n|move|p1a: the milkman|Close Combat|p2a: Toxapex\n|-resisted|p2a: Toxapex\n|-damage|p2a: Toxapex|20\/100 brn\n|-unboost|p1a: the milkman|def|1\n|-unboost|p1a: the milkman|spd|1\n|move|p2a: Toxapex|Recover|p2a: Toxapex\n|-heal|p2a: Toxapex|70\/100 brn\n|\n|-damage|p2a: Toxapex|65\/100 brn|[from] brn\n|upkeep\n|turn|86\n|\n|t:|1654295068\n|switch|p1a: Albert|Slowking, M, shiny|99\/100 brn\n|move|p2a: Toxapex|Scald|p1a: Albert\n|-resisted|p1a: Albert\n|-damage|p1a: Albert|95\/100 brn\n|\n|-damage|p2a: Toxapex|59\/100 brn|[from] brn\n|-damage|p1a: Albert|89\/100 brn|[from] brn\n|upkeep\n|turn|87\n|\n|t:|1654295071\n|move|p2a: Toxapex|Recover|p2a: Toxapex\n|-heal|p2a: Toxapex|100\/100 brn\n|move|p1a: Albert|Future Sight|p2a: Toxapex\n|-start|p1a: Albert|move: Future Sight\n|\n|-damage|p2a: Toxapex|95\/100 brn|[from] brn\n|-damage|p1a: Albert|82\/100 brn|[from] brn\n|upkeep\n|turn|88\n|\n|t:|1654295073\n|move|p2a: Toxapex|Light Screen|p2a: Toxapex\n|-sidestart|p2: SKIP THE DRIP|move: Light Screen\n|move|p1a: Albert|Teleport|p1a: Albert\n|\n|t:|1654295076\n|switch|p1a: Gaea|Landorus-Therian, M, shiny|100\/100|[from]move: Teleport\n|-ability|p1a: Gaea|Intimidate|boost\n|-unboost|p2a: Toxapex|atk|1\n|\n|-damage|p2a: Toxapex|89\/100 brn|[from] brn\n|upkeep\n|turn|89\n|\n|t:|1654295082\n|switch|p2a: Articuno|Articuno|100\/100\n|-ability|p2a: Articuno|Pressure\n|move|p1a: Gaea|Earthquake|p2a: Articuno\n|-immune|p2a: Articuno\n|\n|-end|p2a: Articuno|move: Future Sight\n|-damage|p2a: Articuno|87\/100\n|upkeep\n|turn|90\n|\n|t:|1654295090\n|switch|p1a: Albert|Slowking, M, shiny|100\/100 brn\n|move|p2a: Articuno|Defog|p1a: Albert\n|-unboost|p1a: Albert|evasion|1\n|-sideend|p1: amstan|Spikes|[from] move: Defog|[of] p2a: Articuno\n|-sideend|p2: SKIP THE DRIP|Stealth Rock|[from] move: Defog|[of] p2a: Articuno\n|\n|-damage|p1a: Albert|94\/100 brn|[from] brn\n|upkeep\n|turn|91\n|c| Lacksatives|lumos been waiting time\n|\n|t:|1654295093\n|switch|p2a: Ditto|Ditto|60\/100\n|-transform|p2a: Ditto|p1a: Albert|[from] ability: Imposter\n|move|p1a: Albert|Scald|p2a: Ditto\n|-resisted|p2a: Ditto\n|-damage|p2a: Ditto|55\/100\n|\n|-damage|p1a: Albert|88\/100 brn|[from] brn\n|upkeep\n|turn|92\n|\n|t:|1654295098\n|move|p2a: Ditto|Slack Off|p2a: Ditto\n|-heal|p2a: Ditto|100\/100\n|move|p1a: Albert|Teleport|p1a: Albert\n|\n|t:|1654295104\n|switch|p1a: the milkman|Urshifu-Rapid-Strike, M|76\/100|[from]move: Teleport\n|\n|-sideend|p2: SKIP THE DRIP|move: Light Screen\n|upkeep\n|turn|93\n|\n|t:|1654295108\n|switch|p2a: Toxapex|Toxapex, M|100\/100 brn\n|move|p1a: the milkman|U-turn|p2a: Toxapex\n|-resisted|p2a: Toxapex\n|-damage|p2a: Toxapex|88\/100 brn\n|\n|t:|1654295111\n|switch|p1a: Albert|Slowking, M, shiny|100\/100 brn|[from]move: U-turn\n|\n|-damage|p2a: Toxapex|82\/100 brn|[from] brn\n|-damage|p1a: Albert|94\/100 brn|[from] brn\n|upkeep\n|turn|94\n|\n|t:|1654295118\n|move|p2a: Toxapex|Scald|p1a: Albert\n|-resisted|p1a: Albert\n|-damage|p1a: Albert|89\/100 brn\n|move|p1a: Albert|Future Sight|p2a: Toxapex\n|-start|p1a: Albert|move: Future Sight\n|\n|-damage|p2a: Toxapex|76\/100 brn|[from] brn\n|-damage|p1a: Albert|83\/100 brn|[from] brn\n|upkeep\n|turn|95\n|c| LUMOS1|so true bestie\n|\n|t:|1654295125\n|switch|p1a: Hydra|Tornadus-Therian, M, shiny|61\/100 tox\n|move|p2a: Toxapex|Light Screen|p2a: Toxapex\n|-sidestart|p2: SKIP THE DRIP|move: Light Screen\n|\n|-damage|p1a: Hydra|55\/100 tox|[from] psn\n|-damage|p2a: Toxapex|70\/100 brn|[from] brn\n|upkeep\n|turn|96\n|c| LUMOS1|free yeezy knows\n|\n|t:|1654295132\n|switch|p2a: Blissey|Blissey, F|93\/100\n|move|p1a: Hydra|Hurricane|p2a: Blissey\n|-damage|p2a: Blissey|86\/100\n|\n|-end|p2a: Blissey|move: Future Sight\n|-damage|p2a: Blissey|79\/100\n|-damage|p1a: Hydra|43\/100 tox|[from] psn\n|upkeep\n|turn|97\n|\n|t:|1654295139\n|move|p1a: Hydra|U-turn|p2a: Blissey\n|-crit|p2a: Blissey\n|-damage|p2a: Blissey|61\/100\n|\n|t:|1654295143\n|switch|p1a: Albert|Slowking, M, shiny|100\/100 brn|[from]move: U-turn\n|move|p2a: Blissey|Seismic Toss|p1a: Albert\n|-damage|p1a: Albert|75\/100 brn\n|\n|-damage|p1a: Albert|69\/100 brn|[from] brn\n|upkeep\n|turn|98\n|c|\u2606SKIP THE DRIP|do yeezy even play\n|c|\u2606SKIP THE DRIP|anymore\n|\n|t:|1654295151\n|move|p2a: Blissey|Seismic Toss|p1a: Albert\n|-damage|p1a: Albert|44\/100 brn\n|move|p1a: Albert|Teleport|p1a: Albert\n|\n|t:|1654295155\n|switch|p1a: the milkman|Urshifu-Rapid-Strike, M|76\/100|[from]move: Teleport\n|\n|upkeep\n|turn|99\n|\n|t:|1654295159\n|switch|p2a: Toxapex|Toxapex, M|100\/100 brn\n|move|p1a: the milkman|Surging Strikes|p2a: Toxapex\n|-resisted|p2a: Toxapex\n|-crit|p2a: Toxapex\n|-damage|p2a: Toxapex|90\/100 brn\n|-resisted|p2a: Toxapex\n|-crit|p2a: Toxapex\n|-damage|p2a: Toxapex|80\/100 brn\n|-resisted|p2a: Toxapex\n|-crit|p2a: Toxapex\n|-damage|p2a: Toxapex|69\/100 brn\n|-hitcount|p2a: Toxapex|3\n|\n|-damage|p2a: Toxapex|64\/100 brn|[from] brn\n|-sideend|p2: SKIP THE DRIP|move: Light Screen\n|upkeep\n|turn|100\n|c| LUMOS1|make my money twerk\n|c|\u2606SKIP THE DRIP|my monry flip\n|\n|t:|1654295181\n|switch|p1a: Gaea|Landorus-Therian, M, shiny|100\/100\n|-ability|p1a: Gaea|Intimidate|boost\n|-unboost|p2a: Toxapex|atk|1\n|move|p2a: Toxapex|Recover|p2a: Toxapex\n|-heal|p2a: Toxapex|100\/100 brn\n|\n|-damage|p2a: Toxapex|95\/100 brn|[from] brn\n|upkeep\n|turn|101\n|c| LUMOS1|my twizzy rich\n|\n|t:|1654295189\n|switch|p2a: Ditto|Ditto|100\/100\n|-transform|p2a: Ditto|p1a: Gaea|[from] ability: Imposter\n|-ability|p2a: Ditto|Intimidate|boost\n|-unboost|p1a: Gaea|atk|1\n|move|p1a: Gaea|Stealth Rock|p2a: Ditto\n|-sidestart|p2: SKIP THE DRIP|move: Stealth Rock\n|\n|upkeep\n|turn|102\n|\n|t:|1654295202\n|switch|p1a: Hydra|Tornadus-Therian, M, shiny|76\/100 tox\n|move|p2a: Ditto|Stealth Rock|p1a: Hydra\n|-sidestart|p1: amstan|move: Stealth Rock\n|\n|-damage|p1a: Hydra|70\/100 tox|[from] psn\n|upkeep\n|turn|103\n|\n|t:|1654295212\n|switch|p2a: Jirachi|Jirachi|88\/100\n|-damage|p2a: Jirachi|82\/100|[from] Stealth Rock\n|move|p1a: Hydra|Hurricane|p2a: Jirachi\n|-resisted|p2a: Jirachi\n|-damage|p2a: Jirachi|69\/100\n|\n|-damage|p1a: Hydra|58\/100 tox|[from] psn\n|upkeep\n|turn|104\n|\n|t:|1654295217\n|move|p1a: Hydra|Knock Off|p2a: Jirachi\n|-supereffective|p2a: Jirachi\n|-damage|p2a: Jirachi|48\/100\n|move|p2a: Jirachi|Trick|p1a: Hydra\n|-activate|p2a: Jirachi|move: Trick|[of] p1a: Hydra\n|-enditem|p1a: Hydra|Heavy-Duty Boots|[silent]|[from] move: Trick\n|-item|p2a: Jirachi|Heavy-Duty Boots|[from] move: Trick\n|\n|-damage|p1a: Hydra|40\/100 tox|[from] psn\n|upkeep\n|turn|105\n|\n|t:|1654295220\n|move|p1a: Hydra|Defog|p2a: Jirachi\n|-unboost|p2a: Jirachi|evasion|1\n|-sideend|p2: SKIP THE DRIP|Stealth Rock|[from] move: Defog|[of] p1a: Hydra\n|-sideend|p1: amstan|Stealth Rock|[from] move: Defog|[of] p1a: Hydra\n|move|p2a: Jirachi|Iron Head|p1a: Hydra\n|-damage|p1a: Hydra|8\/100 tox\n|\n|-damage|p1a: Hydra|0 fnt|[from] psn\n|faint|p1a: Hydra\n|upkeep\n|\n|t:|1654295225\n|switch|p1a: the milkman|Urshifu-Rapid-Strike, M|76\/100\n|turn|106\n|\n|t:|1654295230\n|switch|p2a: Toxapex|Toxapex, M|100\/100 brn\n|move|p1a: the milkman|U-turn|p2a: Toxapex\n|-resisted|p2a: Toxapex\n|-damage|p2a: Toxapex|89\/100 brn\n|\n|t:|1654295232\n|switch|p1a: Gaea|Landorus-Therian, M, shiny|100\/100|[from]move: U-turn\n|-ability|p1a: Gaea|Intimidate|boost\n|-unboost|p2a: Toxapex|atk|1\n|\n|-damage|p2a: Toxapex|83\/100 brn|[from] brn\n|upkeep\n|turn|107\n|c|\u2606amstan|gg lol\n|c|\u2606amstan|i lose\n|c| LUMOS1|just forfeit amstan\n|\n|t:|1654295242\n|switch|p2a: Ditto|Ditto|100\/100\n|-transform|p2a: Ditto|p1a: Gaea|[from] ability: Imposter\n|-ability|p2a: Ditto|Intimidate|boost\n|-unboost|p1a: Gaea|atk|1\n|move|p1a: Gaea|U-turn|p2a: Ditto\n|-resisted|p2a: Ditto\n|-damage|p2a: Ditto|92\/100\n|\n|t:|1654295248\n|switch|p1a: the milkman|Urshifu-Rapid-Strike, M|76\/100|[from]move: U-turn\n|\n|upkeep\n|turn|108\n|\n|t:|1654295251\n|switch|p2a: Toxapex|Toxapex, M|100\/100 brn\n|move|p1a: the milkman|Surging Strikes|p2a: Toxapex\n|-resisted|p2a: Toxapex\n|-crit|p2a: Toxapex\n|-damage|p2a: Toxapex|90\/100 brn\n|-resisted|p2a: Toxapex\n|-crit|p2a: Toxapex\n|-damage|p2a: Toxapex|80\/100 brn\n|-resisted|p2a: Toxapex\n|-crit|p2a: Toxapex\n|-damage|p2a: Toxapex|70\/100 brn\n|-hitcount|p2a: Toxapex|3\n|\n|-damage|p2a: Toxapex|65\/100 brn|[from] brn\n|upkeep\n|turn|109\n|\n|t:|1654295260\n|switch|p1a: Ares|Ferrothorn, M, shiny|11\/100 brn\n|move|p2a: Toxapex|Recover|p2a: Toxapex\n|-heal|p2a: Toxapex|100\/100 brn\n|\n|-damage|p1a: Ares|5\/100 brn|[from] brn\n|-damage|p2a: Toxapex|95\/100 brn|[from] brn\n|upkeep\n|turn|110\n|\n|t:|1654295262\n|switch|p2a: Ditto|Ditto|92\/100\n|-transform|p2a: Ditto|p1a: Ares|[from] ability: Imposter\n|move|p1a: Ares|Power Whip|p2a: Ditto\n|-resisted|p2a: Ditto\n|-crit|p2a: Ditto\n|-damage|p2a: Ditto|87\/100\n|-damage|p1a: Ares|0 fnt|[from] ability: Iron Barbs|[of] p2a: Ditto\n|faint|p1a: Ares\n|\n|upkeep\n|\n|t:|1654295266\n|switch|p1a: the milkman|Urshifu-Rapid-Strike, M|76\/100\n|turn|111\n|\n|t:|1654295268\n|switch|p2a: Toxapex|Toxapex, M|100\/100 brn\n|move|p1a: the milkman|Close Combat|p2a: Toxapex\n|-resisted|p2a: Toxapex\n|-damage|p2a: Toxapex|72\/100 brn\n|-unboost|p1a: the milkman|def|1\n|-unboost|p1a: the milkman|spd|1\n|\n|-damage|p2a: Toxapex|66\/100 brn|[from] brn\n|upkeep\n|turn|112\n|\n|t:|1654295277\n|switch|p1a: Albert|Slowking, M, shiny|77\/100 brn\n|move|p2a: Toxapex|Scald|p1a: Albert\n|-resisted|p1a: Albert\n|-damage|p1a: Albert|72\/100 brn\n|\n|-damage|p2a: Toxapex|60\/100 brn|[from] brn\n|-damage|p1a: Albert|66\/100 brn|[from] brn\n|upkeep\n|turn|113\n|\n|t:|1654295284\n|switch|p2a: Ditto|Ditto|87\/100\n|-transform|p2a: Ditto|p1a: Albert|[from] ability: Imposter\n|move|p1a: Albert|Slack Off|p1a: Albert\n|-heal|p1a: Albert|100\/100 brn\n|\n|-damage|p1a: Albert|94\/100 brn|[from] brn\n|upkeep\n|turn|114\n|\n|t:|1654295287\n|move|p2a: Ditto|Scald|p1a: Albert\n|-resisted|p1a: Albert\n|-damage|p1a: Albert|86\/100 brn\n|move|p1a: Albert|Scald|p2a: Ditto\n|-resisted|p2a: Ditto\n|-damage|p2a: Ditto|75\/100\n|\n|-damage|p1a: Albert|80\/100 brn|[from] brn\n|upkeep\n|turn|115\n|\n|t:|1654295294\n|move|p2a: Ditto|Scald|p1a: Albert\n|-resisted|p1a: Albert\n|-damage|p1a: Albert|70\/100 brn\n|move|p1a: Albert|Scald|p2a: Ditto\n|-resisted|p2a: Ditto\n|-damage|p2a: Ditto|64\/100\n|\n|-damage|p1a: Albert|64\/100 brn|[from] brn\n|upkeep\n|turn|116\n|\n|t:|1654295301\n|move|p2a: Ditto|Future Sight|p1a: Albert\n|-start|p2a: Ditto|move: Future Sight\n|move|p1a: Albert|Scald|p2a: Ditto\n|-resisted|p2a: Ditto\n|-damage|p2a: Ditto|52\/100\n|\n|-damage|p1a: Albert|58\/100 brn|[from] brn\n|upkeep\n|turn|117\n|c| LUMOS1|please ..\n|\n|t:|1654295306\n|switch|p2a: Articuno|Articuno|87\/100\n|-ability|p2a: Articuno|Pressure\n|move|p1a: Albert|Scald|p2a: Articuno\n|-damage|p2a: Articuno|66\/100\n|\n|-damage|p1a: Albert|52\/100 brn|[from] brn\n|upkeep\n|turn|118\n|j|%Sww-Suwa\n|\n|t:|1654295312\n|move|p2a: Articuno|Freeze-Dry|p1a: Albert\n|-supereffective|p1a: Albert\n|-damage|p1a: Albert|22\/100 brn\n|move|p1a: Albert|Teleport|p1a: Albert\n|\n|t:|1654295317\n|switch|p1a: Gaea|Landorus-Therian, M, shiny|100\/100|[from]move: Teleport\n|-ability|p1a: Gaea|Intimidate|boost\n|-unboost|p2a: Articuno|atk|1\n|\n|-end|p1a: Gaea|move: Future Sight\n|-damage|p1a: Gaea|88\/100\n|-heal|p1a: Gaea|94\/100|[from] item: Leftovers\n|upkeep\n|turn|119\n|\n|t:|1654295324\n|switch|p1a: Albert|Slowking, M, shiny|55\/100 brn\n|move|p2a: Articuno|Freeze-Dry|p1a: Albert\n|-supereffective|p1a: Albert\n|-damage|p1a: Albert|25\/100 brn\n|\n|-damage|p1a: Albert|19\/100 brn|[from] brn\n|upkeep\n|turn|120\n|c|\u2606amstan|im gonna lose in like 5 turns idk what ur talking abt lol\n|\n|t:|1654295337\n|move|p2a: Articuno|Freeze-Dry|p1a: Albert\n|-supereffective|p1a: Albert\n|-damage|p1a: Albert|0 fnt\n|faint|p1a: Albert\n|\n|upkeep\n|\n|t:|1654295338\n|switch|p1a: the milkman|Urshifu-Rapid-Strike, M|76\/100\n|turn|121\n|l| Lacksatives\n|\n|t:|1654295341\n|switch|p2a: Toxapex|Toxapex, M|93\/100 brn\n|move|p1a: the milkman|Close Combat|p2a: Toxapex\n|-resisted|p2a: Toxapex\n|-damage|p2a: Toxapex|64\/100 brn\n|-unboost|p1a: the milkman|def|1\n|-unboost|p1a: the milkman|spd|1\n|\n|-damage|p2a: Toxapex|58\/100 brn|[from] brn\n|upkeep\n|turn|122\n|l|%Sww-Suwa\n|j| Deez Is The Way\n|\n|t:|1654295347\n|move|p1a: the milkman|Close Combat|p2a: Toxapex\n|-resisted|p2a: Toxapex\n|-damage|p2a: Toxapex|29\/100 brn\n|-unboost|p1a: the milkman|def|1\n|-unboost|p1a: the milkman|spd|1\n|move|p2a: Toxapex|Recover|p2a: Toxapex\n|-heal|p2a: Toxapex|79\/100 brn\n|\n|-damage|p2a: Toxapex|73\/100 brn|[from] brn\n|upkeep\n|turn|123\n|j|@georgiethefirst\n|c|\u2606amstan|unless i crit thru pex or smth\n|\n|t:|1654295354\n|switch|p1a: Gaea|Landorus-Therian, M, shiny|94\/100\n|-ability|p1a: Gaea|Intimidate|boost\n|-unboost|p2a: Toxapex|atk|1\n|move|p2a: Toxapex|Recover|p2a: Toxapex\n|-heal|p2a: Toxapex|100\/100 brn\n|\n|-heal|p1a: Gaea|100\/100|[from] item: Leftovers\n|-damage|p2a: Toxapex|95\/100 brn|[from] brn\n|upkeep\n|turn|124\n|\n|t:|1654295357\n|switch|p2a: Articuno|Articuno|66\/100\n|-ability|p2a: Articuno|Pressure\n|move|p1a: Gaea|U-turn|p2a: Articuno\n|-resisted|p2a: Articuno\n|-damage|p2a: Articuno|60\/100\n|\n|t:|1654295359\n|switch|p1a: the milkman|Urshifu-Rapid-Strike, M|76\/100|[from]move: U-turn\n|\n|upkeep\n|turn|125\n|\n|t:|1654295360\n|switch|p2a: Toxapex|Toxapex, M|100\/100 brn\n|move|p1a: the milkman|Close Combat|p2a: Toxapex\n|-resisted|p2a: Toxapex\n|-damage|p2a: Toxapex|72\/100 brn\n|-unboost|p1a: the milkman|def|1\n|-unboost|p1a: the milkman|spd|1\n|\n|-damage|p2a: Toxapex|66\/100 brn|[from] brn\n|upkeep\n|turn|126\n|\n|t:|1654295365\n|move|p1a: the milkman|Close Combat|p2a: Toxapex\n|-resisted|p2a: Toxapex\n|-damage|p2a: Toxapex|34\/100 brn\n|-unboost|p1a: the milkman|def|1\n|-unboost|p1a: the milkman|spd|1\n|move|p2a: Toxapex|Scald|p1a: the milkman\n|-resisted|p1a: the milkman\n|-damage|p1a: the milkman|51\/100\n|\n|-damage|p2a: Toxapex|28\/100 brn|[from] brn\n|upkeep\n|turn|127\n|\n|t:|1654295370\n|switch|p1a: Gaea|Landorus-Therian, M, shiny|100\/100\n|-ability|p1a: Gaea|Intimidate|boost\n|-unboost|p2a: Toxapex|atk|1\n|move|p2a: Toxapex|Recover|p2a: Toxapex\n|-heal|p2a: Toxapex|78\/100 brn\n|\n|-damage|p2a: Toxapex|72\/100 brn|[from] brn\n|upkeep\n|turn|128\n|\n|t:|1654295375\n|switch|p2a: Articuno|Articuno|60\/100\n|-ability|p2a: Articuno|Pressure\n|move|p1a: Gaea|U-turn|p2a: Articuno\n|-resisted|p2a: Articuno\n|-damage|p2a: Articuno|53\/100\n|\n|t:|1654295376\n|switch|p1a: the milkman|Urshifu-Rapid-Strike, M|51\/100|[from]move: U-turn\n|\n|upkeep\n|turn|129\n|\n|t:|1654295378\n|switch|p2a: Toxapex|Toxapex, M|100\/100 brn\n|move|p1a: the milkman|Surging Strikes|p2a: Toxapex\n|-resisted|p2a: Toxapex\n|-crit|p2a: Toxapex\n|-damage|p2a: Toxapex|90\/100 brn\n|-resisted|p2a: Toxapex\n|-crit|p2a: Toxapex\n|-damage|p2a: Toxapex|80\/100 brn\n|-resisted|p2a: Toxapex\n|-crit|p2a: Toxapex\n|-damage|p2a: Toxapex|69\/100 brn\n|-hitcount|p2a: Toxapex|3\n|\n|-damage|p2a: Toxapex|63\/100 brn|[from] brn\n|upkeep\n|turn|130\n|\n|t:|1654295382\n|move|p1a: the milkman|Surging Strikes|p2a: Toxapex\n|-resisted|p2a: Toxapex\n|-crit|p2a: Toxapex\n|-damage|p2a: Toxapex|53\/100 brn\n|-resisted|p2a: Toxapex\n|-crit|p2a: Toxapex\n|-damage|p2a: Toxapex|43\/100 brn\n|-resisted|p2a: Toxapex\n|-crit|p2a: Toxapex\n|-damage|p2a: Toxapex|34\/100 brn\n|-hitcount|p2a: Toxapex|3\n|move|p2a: Toxapex|Recover|p2a: Toxapex\n|-heal|p2a: Toxapex|84\/100 brn\n|\n|-damage|p2a: Toxapex|78\/100 brn|[from] brn\n|upkeep\n|turn|131\n|c| LUMOS1|oMGGGGG\n|\n|t:|1654295386\n|switch|p1a: Gaea|Landorus-Therian, M, shiny|100\/100\n|-ability|p1a: Gaea|Intimidate|boost\n|-unboost|p2a: Toxapex|atk|1\n|move|p2a: Toxapex|Recover|p2a: Toxapex\n|-heal|p2a: Toxapex|100\/100 brn\n|\n|-damage|p2a: Toxapex|95\/100 brn|[from] brn\n|upkeep\n|turn|132\n|c| Deez Is The Way|articuno\n|\n|t:|1654295391\n|switch|p2a: Articuno|Articuno|53\/100\n|-ability|p2a: Articuno|Pressure\n|move|p1a: Gaea|Toxic|p2a: Articuno\n|-status|p2a: Articuno|tox\n|\n|-damage|p2a: Articuno|47\/100 tox|[from] psn\n|upkeep\n|turn|133\n|\n|t:|1654295396\n|move|p1a: Gaea|Earthquake|p2a: Articuno\n|-immune|p2a: Articuno\n|move|p2a: Articuno|Freeze-Dry|p1a: Gaea\n|-supereffective|p1a: Gaea\n|-damage|p1a: Gaea|27\/100\n|\n|-heal|p1a: Gaea|33\/100|[from] item: Leftovers\n|-damage|p2a: Articuno|34\/100 tox|[from] psn\n|upkeep\n|turn|134\n|\n|t:|1654295399\n|move|p1a: Gaea|U-turn|p2a: Articuno\n|-resisted|p2a: Articuno\n|-damage|p2a: Articuno|28\/100 tox\n|\n|t:|1654295400\n|switch|p1a: the milkman|Urshifu-Rapid-Strike, M|51\/100|[from]move: U-turn\n|move|p2a: Articuno|Freeze-Dry|p1a: the milkman\n|-supereffective|p1a: the milkman\n|-damage|p1a: the milkman|0 fnt\n|faint|p1a: the milkman\n|\n|-damage|p2a: Articuno|9\/100 tox|[from] psn\n|upkeep\n|\n|t:|1654295402\n|switch|p1a: Gaea|Landorus-Therian, M, shiny|33\/100\n|-ability|p1a: Gaea|Intimidate|boost\n|-unboost|p2a: Articuno|atk|1\n|turn|135\n|c|\u2606amstan|gg\n|\n|t:|1654295405\n|switch|p2a: Ditto|Ditto|85\/100\n|-transform|p2a: Ditto|p1a: Gaea|[from] ability: Imposter\n|-ability|p2a: Ditto|Intimidate|boost\n|-unboost|p1a: Gaea|atk|1\n|move|p1a: Gaea|U-turn|p2a: Ditto\n|-resisted|p2a: Ditto\n|-damage|p2a: Ditto|77\/100\n|\n|-heal|p1a: Gaea|39\/100|[from] item: Leftovers\n|upkeep\n|turn|136\n|\n|t:|1654295407\n|move|p2a: Ditto|Toxic|p1a: Gaea\n|-status|p1a: Gaea|tox\n|move|p1a: Gaea|Toxic|p2a: Ditto\n|-status|p2a: Ditto|tox\n|\n|-heal|p1a: Gaea|45\/100 tox|[from] item: Leftovers\n|-damage|p2a: Ditto|71\/100 tox|[from] psn\n|-damage|p1a: Gaea|39\/100 tox|[from] psn\n|upkeep\n|turn|137\n|\n|t:|1654295411\n|move|p2a: Ditto|U-turn|p1a: Gaea\n|-resisted|p1a: Gaea\n|-damage|p1a: Gaea|29\/100 tox\n|j| RiddledWithCurses\n|\n|t:|1654295412\n|switch|p2a: Quagsire|Quagsire, F|90\/100|[from]move: U-turn\n|move|p1a: Gaea|Earthquake|p2a: Quagsire\n|-damage|p2a: Quagsire|59\/100\n|\n|-heal|p1a: Gaea|35\/100 tox|[from] item: Leftovers\n|-heal|p2a: Quagsire|65\/100|[from] item: Leftovers\n|-damage|p1a: Gaea|23\/100 tox|[from] psn\n|upkeep\n|turn|138\n|\n|t:|1654295416\n|move|p1a: Gaea|Earthquake|p2a: Quagsire\n|-crit|p2a: Quagsire\n|-damage|p2a: Quagsire|17\/100\n|move|p2a: Quagsire|Scald|p1a: Gaea\n|-supereffective|p1a: Gaea\n|-damage|p1a: Gaea|0 fnt\n|faint|p1a: Gaea\n|\n|win|SKIP THE DRIP\n|n|\u2606amstan|amstan\n|n|\u2606SKIP THE DRIP|skipthedrip\n|n| LUMOS1|lumos1\n|n| PoobleMaster945|pooblemaster945\n|n| retoolook|retoolook\n|n| Speculo|speculo\n|n| zReptar|zreptar\n|n| SavageSwordX|savageswordx\n|n| Deez Is The Way|deezistheway\n|n| georgiethefirst|georgiethefirst\n|n| RiddledWithCurses|riddledwithcurses\n|l| LUMOS1\n|l| georgiethefirst\n|c|\u2606amstan|lol gg\n|l|\u2606SKIP THE DRIP\n","uploadtime":1654295439,"views":26,"p1id":"amstan","p2id":"skipthedrip","formatid":"gen8ou","rating":0,"private":0,"password":null}