{"id":"gen8bdspou-1487541744","p1":"Anibunnysomoney","p2":"darced","format":"gen8bdspou","log":"|j|\u2606Anibunnysomoney\n|j|\u2606darced\n|t:|1641625963\n|gametype|singles\n|player|p1|Anibunnysomoney|169|1203\n|player|p2|darced|lance-gen2|1295\n|teamsize|p1|6\n|teamsize|p2|6\n|gen|8\n|tier|[Gen 8 BDSP] OU\n|rated|\n|rule|Sleep Clause Mod: Limit one foe put to sleep\n|rule|Species Clause: Limit one of each Pok\u00e9mon\n|rule|OHKO Clause: OHKO moves are banned\n|rule|Evasion Moves Clause: Evasion moves are banned\n|rule|Endless Battle Clause: Forcing endless battles is banned\n|rule|HP Percentage Mod: HP is shown in percentages\n|clearpoke\n|poke|p1|Honchkrow, M|\n|poke|p1|Magnezone|\n|poke|p1|Azumarill, F|\n|poke|p1|Entei|\n|poke|p1|Flygon, F|\n|poke|p1|Gallade, M|\n|poke|p2|Suicune|\n|poke|p2|Heatran, M|\n|poke|p2|Tangrowth, M|\n|poke|p2|Clefable, F|\n|poke|p2|Gliscor, F|\n|poke|p2|Alakazam, M|\n|teampreview\n|\n|t:|1641625994\n|start\n|switch|p1a: Gallade|Gallade, M|100\/100\n|switch|p2a: kind|Tangrowth, M, shiny|100\/100\n|turn|1\n|\n|t:|1641626003\n|move|p1a: Gallade|Knock Off|p2a: kind\n|-damage|p2a: kind|86\/100\n|-enditem|p2a: kind|Leftovers|[from] move: Knock Off|[of] p1a: Gallade\n|move|p2a: kind|Sleep Powder|p1a: Gallade\n|-status|p1a: Gallade|slp|[from] move: Sleep Powder\n|\n|upkeep\n|turn|2\n|\n|t:|1641626011\n|switch|p2a: guano|Gliscor, F|100\/100\n|cant|p1a: Gallade|slp\n|\n|-status|p2a: guano|tox|[from] item: Toxic Orb\n|upkeep\n|turn|3\n|\n|t:|1641626019\n|move|p2a: guano|Knock Off|p1a: Gallade\n|-damage|p1a: Gallade|68\/100 slp\n|-enditem|p1a: Gallade|Custap Berry|[from] move: Knock Off|[of] p2a: guano\n|-curestatus|p1a: Gallade|slp|[msg]\n|move|p1a: Gallade|Knock Off|p2a: guano\n|-crit|p2a: guano\n|-damage|p2a: guano|71\/100 tox\n|-enditem|p2a: guano|Toxic Orb|[from] move: Knock Off|[of] p1a: Gallade\n|\n|-heal|p2a: guano|83\/100 tox|[from] ability: Poison Heal\n|upkeep\n|turn|4\n|\n|t:|1641626036\n|move|p2a: guano|Earthquake|p1a: Gallade\n|-damage|p1a: Gallade|20\/100\n|move|p1a: Gallade|Teleport|p1a: Gallade\n|\n|t:|1641626051\n|switch|p1a: Honchkrow|Honchkrow, M|100\/100|[from]move: Teleport\n|\n|-heal|p2a: guano|95\/100 tox|[from] ability: Poison Heal\n|upkeep\n|turn|5\n|\n|t:|1641626057\n|switch|p2a: Heatran|Heatran, M, shiny|100\/100\n|move|p1a: Honchkrow|Sky Attack||[still]\n|-prepare|p1a: Honchkrow|Sky Attack\n|-enditem|p1a: Honchkrow|Power Herb\n|-anim|p1a: Honchkrow|Sky Attack|p2a: Heatran\n|-resisted|p2a: Heatran\n|-damage|p2a: Heatran|70\/100\n|\n|-heal|p2a: Heatran|77\/100|[from] item: Leftovers\n|upkeep\n|turn|6\n|\n|t:|1641626071\n|move|p2a: Heatran|Stealth Rock|p1a: Honchkrow\n|-sidestart|p1: Anibunnysomoney|move: Stealth Rock\n|move|p1a: Honchkrow|Night Slash|p2a: Heatran\n|-crit|p2a: Heatran\n|-damage|p2a: Heatran|28\/100\n|-status|p1a: Honchkrow|brn|[from] ability: Flame Body|[of] p2a: Heatran\n|\n|-heal|p2a: Heatran|34\/100|[from] item: Leftovers\n|-damage|p1a: Honchkrow|94\/100 brn|[from] brn\n|upkeep\n|turn|7\n|\n|t:|1641626084\n|move|p1a: Honchkrow|Sucker Punch|p2a: Heatran\n|-damage|p2a: Heatran|18\/100\n|move|p2a: Heatran|Magma Storm|p1a: Honchkrow\n|-damage|p1a: Honchkrow|32\/100 brn\n|-activate|p1a: Honchkrow|move: Magma Storm|[of] p2a: Heatran\n|\n|-heal|p2a: Heatran|24\/100|[from] item: Leftovers\n|-damage|p1a: Honchkrow|26\/100 brn|[from] brn\n|-damage|p1a: Honchkrow|14\/100 brn|[from] move: Magma Storm|[partiallytrapped]\n|upkeep\n|turn|8\n|\n|t:|1641626097\n|move|p2a: Heatran|Taunt|p1a: Honchkrow\n|-start|p1a: Honchkrow|move: Taunt\n|move|p1a: Honchkrow|Brave Bird|p2a: Heatran\n|-resisted|p2a: Heatran\n|-damage|p2a: Heatran|11\/100\n|-damage|p1a: Honchkrow|10\/100 brn|[from] Recoil\n|\n|-heal|p2a: Heatran|17\/100|[from] item: Leftovers\n|-damage|p1a: Honchkrow|3\/100 brn|[from] brn\n|-damage|p1a: Honchkrow|0 fnt|[from] move: Magma Storm|[partiallytrapped]\n|faint|p1a: Honchkrow\n|upkeep\n|\n|t:|1641626121\n|switch|p1a: Flygon|Flygon, F|100\/100\n|-damage|p1a: Flygon|94\/100|[from] Stealth Rock\n|turn|9\n|\n|t:|1641626127\n|switch|p2a: guano|Gliscor, F|95\/100 tox\n|move|p1a: Flygon|Earth Power|p2a: guano\n|-immune|p2a: guano\n|\n|-heal|p1a: Flygon|100\/100|[from] item: Leftovers\n|-heal|p2a: guano|100\/100 tox|[from] ability: Poison Heal\n|upkeep\n|turn|10\n|\n|t:|1641626138\n|move|p1a: Flygon|Defog|p2a: guano\n|-unboost|p2a: guano|evasion|1\n|-sideend|p1: Anibunnysomoney|Stealth Rock|[from] move: Defog|[of] p1a: Flygon\n|move|p2a: guano|Knock Off|p1a: Flygon\n|-damage|p1a: Flygon|85\/100\n|-enditem|p1a: Flygon|Leftovers|[from] move: Knock Off|[of] p2a: guano\n|\n|upkeep\n|turn|11\n|\n|t:|1641626154\n|move|p1a: Flygon|U-turn|p2a: guano\n|-resisted|p2a: guano\n|-damage|p2a: guano|95\/100 tox\n|\n|t:|1641626166\n|switch|p1a: Azumarill|Azumarill, F|100\/100|[from]move: U-turn\n|move|p2a: guano|Knock Off|p1a: Azumarill\n|-resisted|p1a: Azumarill\n|-damage|p1a: Azumarill|91\/100\n|-enditem|p1a: Azumarill|Sitrus Berry|[from] move: Knock Off|[of] p2a: guano\n|\n|-heal|p2a: guano|100\/100 tox|[from] ability: Poison Heal\n|upkeep\n|turn|12\n|\n|t:|1641626179\n|move|p2a: guano|Earthquake|p1a: Azumarill\n|-damage|p1a: Azumarill|55\/100\n|move|p1a: Azumarill|Belly Drum|p1a: Azumarill\n|-damage|p1a: Azumarill|5\/100\n|-setboost|p1a: Azumarill|atk|6|[from] move: Belly Drum\n|\n|upkeep\n|turn|13\n|\n|t:|1641626187\n|switch|p2a: Heatran|Heatran, M, shiny|17\/100\n|move|p1a: Azumarill|Aqua Jet|p2a: Heatran\n|-supereffective|p2a: Heatran\n|-damage|p2a: Heatran|0 fnt\n|faint|p2a: Heatran\n|\n|upkeep\n|\n|t:|1641626189\n|switch|p2a: bunny|Clefable, F, shiny|100\/100\n|turn|14\n|\n|t:|1641626198\n|move|p2a: bunny|Moonblast|p1a: Azumarill\n|-damage|p1a: Azumarill|0 fnt\n|faint|p1a: Azumarill\n|\n|upkeep\n|\n|t:|1641626209\n|switch|p1a: Magnezone|Magnezone|100\/100\n|turn|15\n|\n|t:|1641626219\n|switch|p2a: guano|Gliscor, F|100\/100 tox\n|move|p1a: Magnezone|Flash Cannon|p2a: guano\n|-damage|p2a: guano|26\/100 tox\n|-unboost|p2a: guano|spd|1\n|\n|-heal|p2a: guano|39\/100 tox|[from] ability: Poison Heal\n|upkeep\n|turn|16\n|\n|t:|1641626232\n|switch|p1a: Flygon|Flygon, F|85\/100\n|move|p2a: guano|Earthquake|p1a: Flygon\n|-immune|p1a: Flygon|[from] ability: Levitate\n|\n|-heal|p2a: guano|51\/100 tox|[from] ability: Poison Heal\n|upkeep\n|turn|17\n|\n|t:|1641626246\n|move|p1a: Flygon|U-turn|p2a: guano\n|-resisted|p2a: guano\n|-damage|p2a: guano|45\/100 tox\n|\n|t:|1641626252\n|switch|p1a: Entei|Entei|100\/100|[from]move: U-turn\n|move|p2a: guano|Roost|p2a: guano\n|-heal|p2a: guano|95\/100 tox\n|-singleturn|p2a: guano|move: Roost\n|\n|-heal|p2a: guano|100\/100 tox|[from] ability: Poison Heal\n|upkeep\n|turn|18\n|-message|Anibunnysomoney forfeited.\n|\n|win|darced\n|raw|Anibunnysomoney's rating: 1203 &rarr; <strong>1184<\/strong><br \/>(-19 for losing)\n|raw|darced's rating: 1295 &rarr; <strong>1314<\/strong><br \/>(+19 for winning)\n|l|\u2606Anibunnysomoney\n","uploadtime":1641626258,"views":18,"p1id":"anibunnysomoney","p2id":"darced","formatid":"gen8bdspou","rating":1184,"private":0,"password":null}