{"id":"gen8bdspou-1658720406","p1":"Dindon Ductile","p2":"Moon Sliver Valley","format":"gen8bdspou","log":"|j|\u2606Dindon Ductile\n|j|\u2606Moon Sliver Valley\n|t:|1662591481\n|gametype|singles\n|player|p1|Dindon Ductile|2|1474\n|player|p2|Moon Sliver Valley|skierf|1617\n|teamsize|p1|6\n|teamsize|p2|6\n|gen|8\n|tier|[Gen 8 BDSP] OU\n|rated|\n|rule|Sleep Clause Mod: Limit one foe put to sleep\n|rule|Species Clause: Limit one of each Pok\u00e9mon\n|rule|OHKO Clause: OHKO moves are banned\n|rule|Evasion Items Clause: Evasion items are banned\n|rule|Evasion Moves Clause: Evasion moves are banned\n|rule|Endless Battle Clause: Forcing endless battles is banned\n|rule|HP Percentage Mod: HP is shown in percentages\n|clearpoke\n|poke|p1|Salamence, F|\n|poke|p1|Roserade, M|\n|poke|p1|Alakazam, M|\n|poke|p1|Tyranitar, F|\n|poke|p1|Rotom-Wash|\n|poke|p1|Metagross|\n|poke|p2|Suicune|\n|poke|p2|Lucario, F|\n|poke|p2|Clefable, F|\n|poke|p2|Latias, F|\n|poke|p2|Celebi|\n|poke|p2|Heatran, M|\n|teampreview\n|\n|t:|1662591505\n|start\n|switch|p1a: Roserade|Roserade, M|100\/100\n|switch|p2a: Drink Blood|Celebi|100\/100\n|turn|1\n|inactive|Battle timer is ON: inactive players will automatically lose when time's up. (requested by Dindon Ductile)\n|\n|t:|1662591509\n|move|p2a: Drink Blood|Psychic|p1a: Roserade\n|-supereffective|p1a: Roserade\n|-damage|p1a: Roserade|45\/100\n|move|p1a: Roserade|Spikes|p2a: Drink Blood\n|-sidestart|p2: Moon Sliver Valley|Spikes\n|\n|-heal|p1a: Roserade|51\/100|[from] item: Black Sludge\n|upkeep\n|turn|2\n|inactive|Moon Sliver Valley has 120 seconds left.\n|\n|t:|1662591542\n|switch|p2a: Acid Angel|Lucario, F, shiny|100\/100\n|-damage|p2a: Acid Angel|88\/100|[from] Spikes\n|switch|p1a: Metagross|Metagross|100\/100\n|\n|upkeep\n|turn|3\n|inactive|Moon Sliver Valley has 120 seconds left.\n|\n|t:|1662591554\n|switch|p2a: Silver|Suicune|100\/100\n|-damage|p2a: Silver|88\/100|[from] Spikes\n|-ability|p2a: Silver|Pressure\n|move|p1a: Metagross|Earthquake|p2a: Silver\n|-damage|p2a: Silver|65\/100\n|\n|-heal|p2a: Silver|71\/100|[from] item: Leftovers\n|upkeep\n|turn|4\n|inactive|Moon Sliver Valley has 120 seconds left.\n|\n|t:|1662591574\n|switch|p2a: Crimson & Clover|Heatran, M|100\/100\n|-damage|p2a: Crimson & Clover|88\/100|[from] Spikes\n|switch|p1a: Rotom|Rotom-Wash|100\/100\n|\n|upkeep\n|turn|5\n|\n|t:|1662591584\n|move|p1a: Rotom|Volt Switch|p2a: Crimson & Clover\n|-damage|p2a: Crimson & Clover|57\/100\n|\n|t:|1662591586\n|switch|p1a: Tyranitar|Tyranitar, F|100\/100|[from]move: Volt Switch\n|-weather|Sandstorm|[from] ability: Sand Stream|[of] p1a: Tyranitar\n|move|p2a: Crimson & Clover|Solar Beam||[still]\n|-prepare|p2a: Crimson & Clover|Solar Beam\n|-enditem|p2a: Crimson & Clover|Power Herb\n|-anim|p2a: Crimson & Clover|Solar Beam|p1a: Tyranitar\n|-supereffective|p1a: Tyranitar\n|-damage|p1a: Tyranitar|76\/100\n|\n|-weather|Sandstorm|[upkeep]\n|upkeep\n|turn|6\n|inactive|Moon Sliver Valley has 120 seconds left.\n|\n|t:|1662591609\n|switch|p2a: Silver|Suicune|71\/100\n|-damage|p2a: Silver|58\/100|[from] Spikes\n|-ability|p2a: Silver|Pressure\n|move|p1a: Tyranitar|Stealth Rock|p2a: Silver\n|-sidestart|p2: Moon Sliver Valley|move: Stealth Rock\n|\n|-weather|Sandstorm|[upkeep]\n|-damage|p2a: Silver|52\/100|[from] Sandstorm\n|-heal|p2a: Silver|58\/100|[from] item: Leftovers\n|upkeep\n|turn|7\n|\n|t:|1662591622\n|switch|p1a: Roserade|Roserade, M|51\/100\n|move|p2a: Silver|Calm Mind|p2a: Silver\n|-boost|p2a: Silver|spa|1\n|-boost|p2a: Silver|spd|1\n|\n|-weather|Sandstorm|[upkeep]\n|-damage|p1a: Roserade|45\/100|[from] Sandstorm\n|-damage|p2a: Silver|52\/100|[from] Sandstorm\n|-heal|p1a: Roserade|51\/100|[from] item: Black Sludge\n|-heal|p2a: Silver|58\/100|[from] item: Leftovers\n|upkeep\n|turn|8\n|\n|t:|1662591635\n|switch|p1a: Rotom|Rotom-Wash|100\/100\n|move|p2a: Silver|Rest|p2a: Silver\n|-status|p2a: Silver|slp|[from] move: Rest\n|-heal|p2a: Silver|100\/100 slp|[silent]\n|\n|-weather|Sandstorm|[upkeep]\n|-damage|p1a: Rotom|94\/100|[from] Sandstorm\n|-damage|p2a: Silver|94\/100 slp|[from] Sandstorm\n|-heal|p2a: Silver|100\/100 slp|[from] item: Leftovers\n|upkeep\n|turn|9\n|\n|t:|1662591653\n|switch|p2a: Crimson & Clover|Heatran, M|57\/100\n|-damage|p2a: Crimson & Clover|44\/100|[from] Spikes\n|-damage|p2a: Crimson & Clover|32\/100|[from] Stealth Rock\n|move|p1a: Rotom|Trick|p2a: Crimson & Clover\n|-activate|p1a: Rotom|move: Trick|[of] p2a: Crimson & Clover\n|-item|p2a: Crimson & Clover|Choice Scarf|[from] move: Trick\n|-enditem|p1a: Rotom|Choice Scarf|[silent]|[from] move: Trick\n|\n|-weather|none\n|upkeep\n|turn|10\n|\n|t:|1662591672\n|switch|p2a: Gold Leaf|Latias, F, shiny|100\/100\n|-damage|p2a: Gold Leaf|88\/100|[from] Stealth Rock\n|switch|p1a: Salamence|Salamence, F|100\/100\n|-ability|p1a: Salamence|Intimidate|boost\n|-unboost|p2a: Gold Leaf|atk|1\n|\n|upkeep\n|turn|11\n|\n|t:|1662591685\n|switch|p1a: Tyranitar|Tyranitar, F|76\/100\n|-weather|Sandstorm|[from] ability: Sand Stream|[of] p1a: Tyranitar\n|move|p2a: Gold Leaf|Draco Meteor|p1a: Tyranitar\n|-damage|p1a: Tyranitar|43\/100\n|-unboost|p2a: Gold Leaf|spa|2\n|\n|-weather|Sandstorm|[upkeep]\n|-damage|p2a: Gold Leaf|82\/100|[from] Sandstorm\n|upkeep\n|turn|12\n|\n|t:|1662591696\n|switch|p2a: Crimson & Clover|Heatran, M|32\/100\n|-damage|p2a: Crimson & Clover|20\/100|[from] Spikes\n|-damage|p2a: Crimson & Clover|7\/100|[from] Stealth Rock\n|switch|p1a: Alakazam|Alakazam, M|100\/100\n|\n|-weather|Sandstorm|[upkeep]\n|upkeep\n|turn|13\n|\n|t:|1662591708\n|move|p2a: Crimson & Clover|Magma Storm|p1a: Alakazam\n|-crit|p1a: Alakazam\n|-damage|p1a: Alakazam|0 fnt\n|faint|p1a: Alakazam\n|\n|-weather|Sandstorm|[upkeep]\n|upkeep\n|\n|t:|1662591716\n|switch|p1a: Salamence|Salamence, F|100\/100\n|-ability|p1a: Salamence|Intimidate|boost\n|-unboost|p2a: Crimson & Clover|atk|1\n|turn|14\n|\n|t:|1662591721\n|move|p2a: Crimson & Clover|Magma Storm|p1a: Salamence\n|-resisted|p1a: Salamence\n|-damage|p1a: Salamence|71\/100\n|-activate|p1a: Salamence|move: Magma Storm|[of] p2a: Crimson & Clover\n|move|p1a: Salamence|Dragon Tail|p2a: Crimson & Clover\n|-resisted|p2a: Crimson & Clover\n|-damage|p2a: Crimson & Clover|0 fnt\n|faint|p2a: Crimson & Clover\n|\n|-weather|Sandstorm|[upkeep]\n|-damage|p1a: Salamence|65\/100|[from] Sandstorm\n|-heal|p1a: Salamence|71\/100|[from] item: Leftovers\n|-end|p1a: Salamence|Magma Storm|[partiallytrapped]|[silent]\n|upkeep\n|inactive|Moon Sliver Valley has 120 seconds left.\n|\n|t:|1662591750\n|switch|p2a: Gold Leaf|Latias, F, shiny|82\/100\n|-damage|p2a: Gold Leaf|70\/100|[from] Stealth Rock\n|turn|15\n|\n|t:|1662591761\n|move|p2a: Gold Leaf|Defog|p1a: Salamence\n|-unboost|p1a: Salamence|evasion|1\n|-sideend|p2: Moon Sliver Valley|Spikes|[from] move: Defog|[of] p2a: Gold Leaf\n|-sideend|p2: Moon Sliver Valley|Stealth Rock|[from] move: Defog|[of] p2a: Gold Leaf\n|move|p1a: Salamence|Dragon Tail|p2a: Gold Leaf|[miss]\n|-miss|p1a: Salamence|p2a: Gold Leaf\n|\n|-weather|none\n|-heal|p1a: Salamence|77\/100|[from] item: Leftovers\n|upkeep\n|turn|16\n|l|\u2606Dindon Ductile\n|inactive|Dindon Ductile disconnected and has a minute to reconnect!\n|player|p1|\n|inactive|Dindon Ductile has 30 seconds to reconnect!\n|j|\u2606Dindon Ductile\n|inactive|Dindon Ductile reconnected and has 105 seconds left.\n|player|p1|Dindon Ductile|2\n|\n|t:|1662591812\n|switch|p2a: Undying|Clefable, F|100\/100\n|move|p1a: Salamence|Dragon Tail|p2a: Undying\n|-immune|p2a: Undying\n|\n|-heal|p1a: Salamence|83\/100|[from] item: Leftovers\n|upkeep\n|turn|17\n|\n|t:|1662591819\n|switch|p1a: Metagross|Metagross|100\/100\n|move|p2a: Undying|Stealth Rock|p1a: Metagross\n|-sidestart|p1: Dindon Ductile|move: Stealth Rock\n|\n|upkeep\n|turn|18\n|j| Skittyrox\n|\n|t:|1662591836\n|switch|p1a: Rotom|Rotom-Wash|94\/100\n|-damage|p1a: Rotom|82\/100|[from] Stealth Rock\n|switch|p2a: Silver|Suicune|100\/100 slp\n|-ability|p2a: Silver|Pressure\n|\n|upkeep\n|turn|19\n|\n|t:|1662591845\n|switch|p2a: Drink Blood|Celebi|100\/100\n|move|p1a: Rotom|Nasty Plot|p1a: Rotom\n|-boost|p1a: Rotom|spa|2\n|\n|upkeep\n|turn|20\n|inactive|Dindon Ductile has 120 seconds left.\n|\n|t:|1662591860\n|switch|p1a: Metagross|Metagross|100\/100\n|-damage|p1a: Metagross|94\/100|[from] Stealth Rock\n|move|p2a: Drink Blood|Giga Drain|p1a: Metagross\n|-resisted|p1a: Metagross\n|-damage|p1a: Metagross|81\/100\n|\n|-heal|p1a: Metagross|87\/100|[from] item: Leftovers\n|upkeep\n|turn|21\n|\n|t:|1662591876\n|switch|p2a: Silver|Suicune|100\/100 slp\n|-ability|p2a: Silver|Pressure\n|switch|p1a: Roserade|Roserade, M|51\/100\n|-damage|p1a: Roserade|39\/100|[from] Stealth Rock\n|\n|-heal|p1a: Roserade|45\/100|[from] item: Black Sludge\n|upkeep\n|turn|22\n|\n|t:|1662591888\n|switch|p2a: Drink Blood|Celebi|100\/100\n|move|p1a: Roserade|Spikes|p2a: Drink Blood\n|-sidestart|p2: Moon Sliver Valley|Spikes\n|\n|-heal|p1a: Roserade|51\/100|[from] item: Black Sludge\n|upkeep\n|turn|23\n|inactive|Moon Sliver Valley has 120 seconds left.\n|\n|t:|1662591918\n|switch|p1a: Metagross|Metagross|87\/100\n|-damage|p1a: Metagross|81\/100|[from] Stealth Rock\n|move|p2a: Drink Blood|Nasty Plot|p2a: Drink Blood\n|-boost|p2a: Drink Blood|spa|2\n|\n|-heal|p1a: Metagross|87\/100|[from] item: Leftovers\n|upkeep\n|turn|24\n|\n|t:|1662591927\n|move|p2a: Drink Blood|Giga Drain|p1a: Metagross\n|-resisted|p1a: Metagross\n|-crit|p1a: Metagross\n|-damage|p1a: Metagross|49\/100\n|move|p1a: Metagross|Meteor Mash|p2a: Drink Blood|[miss]\n|-miss|p1a: Metagross|p2a: Drink Blood\n|\n|-heal|p1a: Metagross|55\/100|[from] item: Leftovers\n|upkeep\n|turn|25\n|c|\u2606Moon Sliver Valley|sry\n|\n|t:|1662591937\n|move|p2a: Drink Blood|Giga Drain|p1a: Metagross\n|-resisted|p1a: Metagross\n|-damage|p1a: Metagross|25\/100\n|move|p1a: Metagross|Meteor Mash|p2a: Drink Blood\n|-damage|p2a: Drink Blood|53\/100\n|\n|-heal|p2a: Drink Blood|60\/100|[from] item: Leftovers\n|-heal|p1a: Metagross|32\/100|[from] item: Leftovers\n|upkeep\n|turn|26\n|\n|t:|1662591946\n|move|p1a: Metagross|Protect|p1a: Metagross\n|-singleturn|p1a: Metagross|Protect\n|move|p2a: Drink Blood|Giga Drain|p1a: Metagross\n|-activate|p1a: Metagross|move: Protect\n|\n|-heal|p2a: Drink Blood|66\/100|[from] item: Leftovers\n|-heal|p1a: Metagross|38\/100|[from] item: Leftovers\n|upkeep\n|turn|27\n|\n|t:|1662591950\n|move|p2a: Drink Blood|Giga Drain|p1a: Metagross\n|-resisted|p1a: Metagross\n|-damage|p1a: Metagross|8\/100\n|-heal|p2a: Drink Blood|79\/100|[from] drain|[of] p1a: Metagross\n|move|p1a: Metagross|Meteor Mash|p2a: Drink Blood\n|-damage|p2a: Drink Blood|32\/100\n|\n|-heal|p2a: Drink Blood|38\/100|[from] item: Leftovers\n|-heal|p1a: Metagross|14\/100|[from] item: Leftovers\n|upkeep\n|turn|28\n|\n|t:|1662591959\n|move|p1a: Metagross|Bullet Punch|p2a: Drink Blood\n|-crit|p2a: Drink Blood\n|-damage|p2a: Drink Blood|6\/100\n|move|p2a: Drink Blood|Giga Drain|p1a: Metagross\n|-resisted|p1a: Metagross\n|-damage|p1a: Metagross|0 fnt\n|-heal|p2a: Drink Blood|13\/100|[from] drain|[of] p1a: Metagross\n|faint|p1a: Metagross\n|\n|-heal|p2a: Drink Blood|19\/100|[from] item: Leftovers\n|upkeep\n|\n|t:|1662591968\n|switch|p1a: Salamence|Salamence, F|83\/100\n|-damage|p1a: Salamence|59\/100|[from] Stealth Rock\n|-ability|p1a: Salamence|Intimidate|boost\n|-unboost|p2a: Drink Blood|atk|1\n|turn|29\n|\n|t:|1662591983\n|switch|p2a: Undying|Clefable, F|100\/100\n|-damage|p2a: Undying|88\/100|[from] Spikes\n|move|p1a: Salamence|Flamethrower|p2a: Undying\n|-damage|p2a: Undying|67\/100\n|\n|-heal|p1a: Salamence|65\/100|[from] item: Leftovers\n|-heal|p2a: Undying|73\/100|[from] item: Leftovers\n|upkeep\n|turn|30\n|\n|t:|1662591995\n|switch|p1a: Roserade|Roserade, M|51\/100\n|-damage|p1a: Roserade|39\/100|[from] Stealth Rock\n|switch|p2a: Gold Leaf|Latias, F, shiny|70\/100\n|\n|-heal|p1a: Roserade|45\/100|[from] item: Black Sludge\n|upkeep\n|turn|31\n|\n|t:|1662592008\n|switch|p1a: Tyranitar|Tyranitar, F|43\/100\n|-damage|p1a: Tyranitar|31\/100|[from] Stealth Rock\n|-weather|Sandstorm|[from] ability: Sand Stream|[of] p1a: Tyranitar\n|move|p2a: Gold Leaf|Draco Meteor|p1a: Tyranitar\n|-damage|p1a: Tyranitar|0 fnt\n|-unboost|p2a: Gold Leaf|spa|2\n|faint|p1a: Tyranitar\n|\n|-weather|Sandstorm|[upkeep]\n|-damage|p2a: Gold Leaf|64\/100|[from] Sandstorm\n|upkeep\n|-message|Dindon Ductile forfeited.\n|\n|win|Moon Sliver Valley\n|raw|Dindon Ductile's rating: 1474 &rarr; <strong>1462<\/strong><br \/>(-12 for losing)\n|raw|Moon Sliver Valley's rating: 1617 &rarr; <strong>1629<\/strong><br \/>(+12 for winning)\n|l|\u2606Dindon Ductile\n","uploadtime":1662592028,"views":11,"p1id":"dindonductile","p2id":"moonslivervalley","formatid":"gen8bdspou","rating":1462,"private":0,"password":null}