{"id":"gen8ou-1635365546","p1":"TucoSalemanca","p2":"andrewm0n","format":"gen8ou","log":"|j|\u203dTucoSalemanca\n|j|\u2606andrewm0n\n|t:|1660002379\n|gametype|singles\n|player|p1|TucoSalemanca|blackbelt-gen4dp|1734\n|player|p2|andrewm0n|169|1728\n|teamsize|p1|6\n|teamsize|p2|6\n|gen|8\n|tier|[Gen 8] OU\n|rated|\n|rule|Sleep Clause Mod: Limit one foe put to sleep\n|rule|Species Clause: Limit one of each Pok\u00e9mon\n|rule|OHKO Clause: OHKO moves are banned\n|rule|Evasion Items Clause: Evasion items are banned\n|rule|Evasion Moves Clause: Evasion moves are banned\n|rule|Endless Battle Clause: Forcing endless battles is banned\n|rule|HP Percentage Mod: HP is shown in percentages\n|rule|Dynamax Clause: You cannot dynamax\n|clearpoke\n|poke|p1|Dragapult, F|\n|poke|p1|Metagross|\n|poke|p1|Volcanion|\n|poke|p1|Seismitoad, M|\n|poke|p1|Landorus-Therian, M|\n|poke|p1|Bewear, F|\n|poke|p2|Slowbro-Galar, M|\n|poke|p2|Corviknight, M|\n|poke|p2|Clefable, M|\n|poke|p2|Seismitoad, M|\n|poke|p2|Blaziken, M|\n|poke|p2|Indeedee, M|\n|teampreview\n|inactive|Battle timer is ON: inactive players will automatically lose when time's up. (requested by andrewm0n)\n|\n|t:|1660002401\n|start\n|switch|p1a: Seismitoad|Seismitoad, M, shiny|100\/100\n|switch|p2a: Slowbro|Slowbro-Galar, M|100\/100\n|turn|1\n|\n|t:|1660002405\n|move|p1a: Seismitoad|Scald|p2a: Slowbro\n|-damage|p2a: Slowbro|83\/100\n|-status|p2a: Slowbro|brn\n|move|p2a: Slowbro|Future Sight|p1a: Seismitoad\n|-start|p2a: Slowbro|move: Future Sight\n|\n|-damage|p2a: Slowbro|77\/100 brn|[from] brn\n|upkeep\n|turn|2\n|\n|t:|1660002409\n|switch|p2a: Seismitoad|Seismitoad, M|100\/100\n|move|p1a: Seismitoad|Stealth Rock|p2a: Seismitoad\n|-sidestart|p2: andrewm0n|move: Stealth Rock\n|\n|upkeep\n|turn|3\n|\n|t:|1660002411\n|move|p1a: Seismitoad|Toxic|p2a: Seismitoad\n|-status|p2a: Seismitoad|tox\n|move|p2a: Seismitoad|Stealth Rock|p1a: Seismitoad\n|-sidestart|p1: TucoSalemanca|move: Stealth Rock\n|\n|-end|p1a: Seismitoad|move: Future Sight\n|-damage|p1a: Seismitoad|71\/100\n|-heal|p1a: Seismitoad|77\/100|[from] item: Leftovers\n|-damage|p2a: Seismitoad|94\/100 tox|[from] psn\n|upkeep\n|turn|4\n|\n|t:|1660002416\n|move|p1a: Seismitoad|Protect|p1a: Seismitoad\n|-singleturn|p1a: Seismitoad|Protect\n|move|p2a: Seismitoad|Toxic|p1a: Seismitoad\n|-activate|p1a: Seismitoad|move: Protect\n|\n|-heal|p1a: Seismitoad|83\/100|[from] item: Leftovers\n|-heal|p2a: Seismitoad|100\/100 tox|[from] item: Leftovers\n|-damage|p2a: Seismitoad|88\/100 tox|[from] psn\n|upkeep\n|turn|5\n|\n|t:|1660002429\n|switch|p1a: Landorus|Landorus-Therian, M|100\/100\n|-damage|p1a: Landorus|88\/100|[from] Stealth Rock\n|-ability|p1a: Landorus|Intimidate|boost\n|-unboost|p2a: Seismitoad|atk|1\n|move|p2a: Seismitoad|Knock Off|p1a: Landorus\n|-damage|p1a: Landorus|77\/100\n|-damage|p2a: Seismitoad|72\/100 tox|[from] item: Rocky Helmet|[of] p1a: Landorus\n|-enditem|p1a: Landorus|Rocky Helmet|[from] move: Knock Off|[of] p2a: Seismitoad\n|\n|-heal|p2a: Seismitoad|78\/100 tox|[from] item: Leftovers\n|-damage|p2a: Seismitoad|60\/100 tox|[from] psn\n|upkeep\n|turn|6\n|\n|t:|1660002432\n|switch|p2a: Corviknight|Corviknight, M|100\/100\n|-damage|p2a: Corviknight|88\/100|[from] Stealth Rock\n|-ability|p2a: Corviknight|Pressure\n|move|p1a: Landorus|Knock Off|p2a: Corviknight\n|-damage|p2a: Corviknight|64\/100\n|-damage|p1a: Landorus|61\/100|[from] item: Rocky Helmet|[of] p2a: Corviknight\n|-enditem|p2a: Corviknight|Rocky Helmet|[from] move: Knock Off|[of] p1a: Landorus\n|\n|upkeep\n|turn|7\n|j| thomas shelby 1\n|\n|t:|1660002436\n|move|p1a: Landorus|U-turn|p2a: Corviknight\n|-resisted|p2a: Corviknight\n|-damage|p2a: Corviknight|59\/100\n|\n|t:|1660002438\n|switch|p1a: Volcanion|Volcanion|100\/100|[from]move: U-turn\n|-damage|p1a: Volcanion|76\/100|[from] Stealth Rock\n|move|p2a: Corviknight|Defog|p1a: Volcanion\n|-unboost|p1a: Volcanion|evasion|1\n|-sideend|p1: TucoSalemanca|Stealth Rock|[from] move: Defog|[of] p2a: Corviknight\n|-sideend|p2: andrewm0n|Stealth Rock|[from] move: Defog|[of] p2a: Corviknight\n|\n|upkeep\n|turn|8\n|c| thomas shelby 1|andrewm0nyou can\n|\n|t:|1660002443\n|switch|p2a: Slowbro|Slowbro-Galar, M|100\/100 brn\n|move|p1a: Volcanion|Flamethrower|p2a: Slowbro\n|-damage|p2a: Slowbro|51\/100 brn\n|\n|-damage|p2a: Slowbro|45\/100 brn|[from] brn\n|upkeep\n|turn|9\n|\n|t:|1660002451\n|move|p1a: Volcanion|Flamethrower|p2a: Slowbro\n|-damage|p2a: Slowbro|0 fnt\n|faint|p2a: Slowbro\n|\n|upkeep\n|\n|t:|1660002454\n|switch|p2a: Seismitoad|Seismitoad, M|60\/100 tox\n|turn|10\n|\n|t:|1660002461\n|switch|p1a: Seismitoad|Seismitoad, M, shiny|83\/100\n|move|p2a: Seismitoad|Stealth Rock|p1a: Seismitoad\n|-sidestart|p1: TucoSalemanca|move: Stealth Rock\n|\n|-heal|p1a: Seismitoad|89\/100|[from] item: Leftovers\n|-heal|p2a: Seismitoad|66\/100 tox|[from] item: Leftovers\n|-damage|p2a: Seismitoad|60\/100 tox|[from] psn\n|upkeep\n|turn|11\n|j| Tabata Tyrogue\n|\n|t:|1660002466\n|move|p1a: Seismitoad|Stealth Rock|p2a: Seismitoad\n|-sidestart|p2: andrewm0n|move: Stealth Rock\n|move|p2a: Seismitoad|Knock Off|p1a: Seismitoad\n|-damage|p1a: Seismitoad|68\/100\n|-enditem|p1a: Seismitoad|Leftovers|[from] move: Knock Off|[of] p2a: Seismitoad\n|\n|-heal|p2a: Seismitoad|66\/100 tox|[from] item: Leftovers\n|-damage|p2a: Seismitoad|54\/100 tox|[from] psn\n|upkeep\n|turn|12\n|\n|t:|1660002470\n|switch|p2a: Clefable|Clefable, M|100\/100\n|-damage|p2a: Clefable|88\/100|[from] Stealth Rock\n|move|p1a: Seismitoad|Protect||[still]\n|-fail|p1a: Seismitoad\n|\n|-heal|p2a: Clefable|94\/100|[from] item: Leftovers\n|upkeep\n|turn|13\n|\n|t:|1660002475\n|move|p1a: Seismitoad|Toxic|p2a: Clefable\n|-status|p2a: Clefable|tox\n|move|p2a: Clefable|Aromatherapy|p2a: Clefable\n|-activate|p2a: Clefable|move: Aromatherapy\n|-curestatus|p2a: Clefable|tox|[msg]\n|-curestatus|p2: Seismitoad|tox|[msg]\n|\n|-heal|p2a: Clefable|99\/100|[from] item: Leftovers\n|upkeep\n|turn|14\n|\n|t:|1660002477\n|move|p1a: Seismitoad|Scald|p2a: Clefable\n|-damage|p2a: Clefable|76\/100\n|move|p2a: Clefable|Wish|p2a: Clefable\n|\n|-heal|p2a: Clefable|82\/100|[from] item: Leftovers\n|upkeep\n|turn|15\n|\n|t:|1660002480\n|switch|p2a: Seismitoad|Seismitoad, M|54\/100\n|-damage|p2a: Seismitoad|48\/100|[from] Stealth Rock\n|move|p1a: Seismitoad|Toxic|p2a: Seismitoad\n|-status|p2a: Seismitoad|tox\n|\n|-heal|p2a: Seismitoad|95\/100 tox|[from] move: Wish|[wisher] Clefable\n|-heal|p2a: Seismitoad|100\/100 tox|[from] item: Leftovers\n|-damage|p2a: Seismitoad|94\/100 tox|[from] psn\n|upkeep\n|turn|16\n|\n|t:|1660002491\n|switch|p2a: Corviknight|Corviknight, M|59\/100\n|-damage|p2a: Corviknight|47\/100|[from] Stealth Rock\n|-ability|p2a: Corviknight|Pressure\n|move|p1a: Seismitoad|Protect||[still]\n|-fail|p1a: Seismitoad\n|\n|upkeep\n|turn|17\n|\n|t:|1660002497\n|move|p1a: Seismitoad|Scald|p2a: Corviknight\n|-crit|p2a: Corviknight\n|-damage|p2a: Corviknight|21\/100\n|move|p2a: Corviknight|U-turn|p1a: Seismitoad\n|-damage|p1a: Seismitoad|54\/100\n|\n|t:|1660002508\n|switch|p2a: Blaziken|Blaziken, M|100\/100|[from]move: U-turn\n|-damage|p2a: Blaziken|88\/100|[from] Stealth Rock\n|\n|-heal|p2a: Blaziken|94\/100|[from] item: Leftovers\n|upkeep\n|turn|18\n|\n|t:|1660002512\n|move|p2a: Blaziken|Close Combat|p1a: Seismitoad\n|-damage|p1a: Seismitoad|0 fnt\n|-unboost|p2a: Blaziken|def|1\n|-unboost|p2a: Blaziken|spd|1\n|faint|p1a: Seismitoad\n|\n|-heal|p2a: Blaziken|99\/100|[from] item: Leftovers\n|-ability|p2a: Blaziken|Speed Boost|boost\n|-boost|p2a: Blaziken|spe|1\n|upkeep\n|\n|t:|1660002523\n|switch|p1a: Bewear|Bewear, F|100\/100\n|-damage|p1a: Bewear|94\/100|[from] Stealth Rock\n|turn|19\n|\n|t:|1660002536\n|switch|p2a: Corviknight|Corviknight, M|21\/100\n|-damage|p2a: Corviknight|9\/100|[from] Stealth Rock\n|-ability|p2a: Corviknight|Pressure\n|move|p1a: Bewear|Drain Punch|p2a: Corviknight\n|-damage|p2a: Corviknight|0 fnt\n|-heal|p1a: Bewear|98\/100|[from] drain|[of] p2a: Corviknight\n|faint|p2a: Corviknight\n|\n|-heal|p1a: Bewear|100\/100|[from] item: Leftovers\n|upkeep\n|\n|t:|1660002538\n|switch|p2a: Indeedee|Indeedee, M|100\/100\n|-damage|p2a: Indeedee|88\/100|[from] Stealth Rock\n|-fieldstart|move: Psychic Terrain|[from] ability: Psychic Surge|[of] p2a: Indeedee\n|turn|20\n|\n|t:|1660002544\n|switch|p1a: Metagross|Metagross, shiny|100\/100\n|-damage|p1a: Metagross|95\/100|[from] Stealth Rock\n|move|p2a: Indeedee|Expanding Force|p1a: Metagross\n|-resisted|p1a: Metagross\n|-damage|p1a: Metagross|80\/100\n|\n|upkeep\n|turn|21\n|\n|t:|1660002551\n|switch|p2a: Seismitoad|Seismitoad, M|94\/100 tox\n|-damage|p2a: Seismitoad|88\/100 tox|[from] Stealth Rock\n|move|p1a: Metagross|Meteor Mash|p2a: Seismitoad\n|-resisted|p2a: Seismitoad\n|-damage|p2a: Seismitoad|66\/100 tox\n|-boost|p1a: Metagross|atk|1\n|\n|-heal|p2a: Seismitoad|72\/100 tox|[from] item: Leftovers\n|-damage|p2a: Seismitoad|66\/100 tox|[from] psn\n|upkeep\n|turn|22\n|\n|t:|1660002567\n|switch|p1a: Landorus|Landorus-Therian, M|61\/100\n|-damage|p1a: Landorus|48\/100|[from] Stealth Rock\n|-ability|p1a: Landorus|Intimidate|boost\n|-unboost|p2a: Seismitoad|atk|1\n|move|p2a: Seismitoad|Earth Power|p1a: Landorus\n|-immune|p1a: Landorus\n|\n|-heal|p2a: Seismitoad|72\/100 tox|[from] item: Leftovers\n|-damage|p2a: Seismitoad|60\/100 tox|[from] psn\n|upkeep\n|turn|23\n|\n|t:|1660002575\n|move|p1a: Landorus|Defog|p2a: Seismitoad\n|-unboost|p2a: Seismitoad|evasion|1\n|-sideend|p2: andrewm0n|Stealth Rock|[from] move: Defog|[of] p1a: Landorus\n|-sideend|p1: TucoSalemanca|Stealth Rock|[from] move: Defog|[of] p1a: Landorus\n|-fieldend|move: Psychic Terrain\n|move|p2a: Seismitoad|Toxic|p1a: Landorus\n|-status|p1a: Landorus|tox\n|\n|-heal|p2a: Seismitoad|66\/100 tox|[from] item: Leftovers\n|-damage|p1a: Landorus|42\/100 tox|[from] psn\n|-damage|p2a: Seismitoad|48\/100 tox|[from] psn\n|upkeep\n|turn|24\n|\n|t:|1660002577\n|move|p1a: Landorus|Knock Off|p2a: Seismitoad\n|-damage|p2a: Seismitoad|25\/100 tox\n|-enditem|p2a: Seismitoad|Leftovers|[from] move: Knock Off|[of] p1a: Landorus\n|move|p2a: Seismitoad|Stealth Rock|p1a: Landorus\n|-sidestart|p1: TucoSalemanca|move: Stealth Rock\n|\n|-damage|p1a: Landorus|30\/100 tox|[from] psn\n|-damage|p2a: Seismitoad|1\/100 tox|[from] psn\n|upkeep\n|turn|25\n|\n|t:|1660002583\n|move|p1a: Landorus|Defog|p2a: Seismitoad\n|-unboost|p2a: Seismitoad|evasion|1\n|-sideend|p1: TucoSalemanca|Stealth Rock|[from] move: Defog|[of] p1a: Landorus\n|move|p2a: Seismitoad|Stealth Rock|p1a: Landorus\n|-sidestart|p1: TucoSalemanca|move: Stealth Rock\n|\n|-damage|p1a: Landorus|12\/100 tox|[from] psn\n|-damage|p2a: Seismitoad|0 fnt|[from] psn\n|faint|p2a: Seismitoad\n|upkeep\n|\n|t:|1660002585\n|switch|p2a: Blaziken|Blaziken, M|99\/100\n|turn|26\n|\n|t:|1660002589\n|move|p2a: Blaziken|Protect|p2a: Blaziken\n|-singleturn|p2a: Blaziken|Protect\n|move|p1a: Landorus|Earthquake|p2a: Blaziken\n|-activate|p2a: Blaziken|move: Protect\n|\n|-heal|p2a: Blaziken|100\/100|[from] item: Leftovers\n|-damage|p1a: Landorus|0 fnt|[from] psn\n|faint|p1a: Landorus\n|-ability|p2a: Blaziken|Speed Boost|boost\n|-boost|p2a: Blaziken|spe|1\n|upkeep\n|\n|t:|1660002596\n|switch|p1a: Bewear|Bewear, F|100\/100\n|-damage|p1a: Bewear|94\/100|[from] Stealth Rock\n|turn|27\n|\n|t:|1660002600\n|switch|p2a: Clefable|Clefable, M|82\/100\n|move|p1a: Bewear|Drain Punch|p2a: Clefable\n|-resisted|p2a: Clefable\n|-damage|p2a: Clefable|69\/100\n|-heal|p1a: Bewear|99\/100|[from] drain|[of] p2a: Clefable\n|\n|-heal|p1a: Bewear|100\/100|[from] item: Leftovers\n|-heal|p2a: Clefable|75\/100|[from] item: Leftovers\n|upkeep\n|turn|28\n|\n|t:|1660002606\n|switch|p1a: Metagross|Metagross, shiny|80\/100\n|-damage|p1a: Metagross|74\/100|[from] Stealth Rock\n|move|p2a: Clefable|Moonblast|p1a: Metagross\n|-resisted|p1a: Metagross\n|-damage|p1a: Metagross|62\/100\n|\n|-heal|p2a: Clefable|81\/100|[from] item: Leftovers\n|upkeep\n|turn|29\n|\n|t:|1660002612\n|move|p1a: Metagross|Meteor Mash|p2a: Clefable\n|-supereffective|p2a: Clefable\n|-damage|p2a: Clefable|0 fnt\n|-boost|p1a: Metagross|atk|1\n|faint|p2a: Clefable\n|\n|upkeep\n|\n|t:|1660002615\n|switch|p2a: Blaziken|Blaziken, M|100\/100\n|turn|30\n|\n|t:|1660002618\n|move|p2a: Blaziken|Protect|p2a: Blaziken\n|-singleturn|p2a: Blaziken|Protect\n|move|p1a: Metagross|Earthquake|p2a: Blaziken\n|-activate|p2a: Blaziken|move: Protect\n|\n|-ability|p2a: Blaziken|Speed Boost|boost\n|-boost|p2a: Blaziken|spe|1\n|upkeep\n|turn|31\n|\n|t:|1660002620\n|move|p2a: Blaziken|Flare Blitz|p1a: Metagross\n|-supereffective|p1a: Metagross\n|-damage|p1a: Metagross|0 fnt\n|faint|p1a: Metagross\n|-damage|p2a: Blaziken|79\/100|[from] Recoil\n|\n|-heal|p2a: Blaziken|85\/100|[from] item: Leftovers\n|-ability|p2a: Blaziken|Speed Boost|boost\n|-boost|p2a: Blaziken|spe|1\n|upkeep\n|\n|t:|1660002622\n|switch|p1a: Dragapult|Dragapult, F|100\/100\n|-damage|p1a: Dragapult|88\/100|[from] Stealth Rock\n|turn|32\n|\n|t:|1660002625\n|move|p2a: Blaziken|Protect|p2a: Blaziken\n|-singleturn|p2a: Blaziken|Protect\n|move|p1a: Dragapult|Dragon Darts|p2a: Blaziken\n|-activate|p2a: Blaziken|move: Protect\n|\n|-heal|p2a: Blaziken|91\/100|[from] item: Leftovers\n|-ability|p2a: Blaziken|Speed Boost|boost\n|-boost|p2a: Blaziken|spe|1\n|upkeep\n|turn|33\n|\n|t:|1660002632\n|move|p2a: Blaziken|Swords Dance|p2a: Blaziken\n|-boost|p2a: Blaziken|atk|2\n|move|p1a: Dragapult|Dragon Darts|p2a: Blaziken\n|-damage|p2a: Blaziken|35\/100\n|-anim|p1a: Dragapult|Dragon Darts|p2a: Blaziken\n|-crit|p2a: Blaziken\n|-damage|p2a: Blaziken|0 fnt\n|faint|p2a: Blaziken\n|\n|upkeep\n|\n|t:|1660002637\n|switch|p2a: Indeedee|Indeedee, M|88\/100\n|-fieldstart|move: Psychic Terrain|[from] ability: Psychic Surge|[of] p2a: Indeedee\n|turn|34\n|\n|t:|1660002640\n|move|p2a: Indeedee|Expanding Force|p1a: Dragapult\n|-damage|p1a: Dragapult|0 fnt\n|faint|p1a: Dragapult\n|\n|upkeep\n|\n|t:|1660002642\n|switch|p1a: Volcanion|Volcanion|76\/100\n|-damage|p1a: Volcanion|51\/100|[from] Stealth Rock\n|turn|35\n|\n|t:|1660002644\n|move|p2a: Indeedee|Expanding Force|p1a: Volcanion\n|-damage|p1a: Volcanion|0 fnt\n|faint|p1a: Volcanion\n|\n|upkeep\n|-message|TucoSalemanca forfeited.\n|\n|win|andrewm0n\n|raw|TucoSalemanca's rating: 1734 &rarr; <strong>1714<\/strong><br \/>(-20 for losing)\n|raw|andrewm0n's rating: 1728 &rarr; <strong>1748<\/strong><br \/>(+20 for winning)\n|l|\u203dTucoSalemanca\n","uploadtime":1660002657,"views":29,"p1id":"tucosalemanca","p2id":"andrewm0n","formatid":"gen8ou","rating":1714,"private":0,"password":null}