{"id":"gen8ubers-1303934673","p1":"Rhmsitb","p2":"DiameterXtreme","format":"gen8ubers","log":"|html|<div class=\"broadcast-blue\"><strong>[Gen 8] Ubers is currently suspecting Shadow Tag! For information on how to participate check out the <a href=\"https:\/\/www.smogon.com\/forums\/threads\/np-ss-ubers-stage-6-tag-youre-it.3679546\/\">suspect thread<\/a>.<\/strong><\/div>\n|j|\u2606Rhmsitb\n|j|\u2606DiameterXtreme\n|t:|1616072691\n|player|p1|Rhmsitb|unknown|\n|player|p2|DiameterXtreme|jasmine-gen2|\n|teamsize|p1|6\n|teamsize|p2|6\n|gametype|singles\n|gen|8\n|tier|[Gen 8] Ubers\n|rated|Tournament battle\n|clearpoke\n|poke|p1|Calyrex-Ice|\n|poke|p1|Necrozma-Dusk-Mane|\n|poke|p1|Ditto|\n|poke|p1|Giratina-Origin|\n|poke|p1|Accelgor, M|\n|poke|p1|Xerneas|\n|poke|p2|Necrozma-Dusk-Mane|\n|poke|p2|Calyrex-Shadow|\n|poke|p2|Yveltal|\n|poke|p2|Eternatus|\n|poke|p2|Zacian|\n|poke|p2|Urshifu-*, F|\n|rule|Sleep Clause Mod: Limit one foe put to sleep\n|rule|Species Clause: Limit one of each Pok\u00e9mon\n|rule|OHKO Clause: OHKO moves are banned\n|rule|Evasion Moves Clause: Evasion moves are banned\n|rule|Endless Battle Clause: Forcing endless battles is banned\n|rule|HP Percentage Mod: HP is shown in percentages\n|rule|Dynamax Clause: You cannot dynamax\n|teampreview\n|\n|t:|1616072702\n|start\n|switch|p1a: Accelgor|Accelgor, M|100\/100\n|switch|p2a: Calyrex|Calyrex-Shadow|100\/100\n|-ability|p2a: Calyrex|As One\n|-ability|p2a: Calyrex|Unnerve|p1: Rhmsitb\n|turn|1\n|\n|t:|1616072709\n|move|p2a: Calyrex|Astral Barrage|p1a: Accelgor\n|-enditem|p1a: Accelgor|Focus Sash\n|-damage|p1a: Accelgor|1\/100\n|move|p1a: Accelgor|Spikes|p2a: Calyrex\n|-sidestart|p2: DiameterXtreme|Spikes\n|\n|upkeep\n|turn|2\n|\n|t:|1616072715\n|move|p1a: Accelgor|Bug Buzz|p2a: Calyrex\n|-damage|p2a: Calyrex|63\/100\n|move|p2a: Calyrex|Astral Barrage|p1a: Accelgor\n|-crit|p1a: Accelgor\n|-damage|p1a: Accelgor|0 fnt\n|faint|p1a: Accelgor\n|-ability|p2a: Calyrex|Grim Neigh|boost\n|-boost|p2a: Calyrex|spa|1\n|\n|upkeep\n|\n|t:|1616072726\n|switch|p1a: Ditto|Ditto|100\/100\n|-transform|p1a: Ditto|p2a: Calyrex|[from] ability: Imposter\n|turn|3\n|\n|t:|1616072731\n|switch|p2a: Synthesis|Yveltal, shiny|100\/100\n|-ability|p2a: Synthesis|Dark Aura\n|move|p1a: Ditto|Astral Barrage|p2a: Synthesis\n|-resisted|p2a: Synthesis\n|-damage|p2a: Synthesis|72\/100\n|\n|upkeep\n|turn|4\n|\n|t:|1616072736\n|switch|p1a: Xerneas|Xerneas|100\/100\n|-ability|p1a: Xerneas|Fairy Aura\n|move|p2a: Synthesis|Defog|p1a: Xerneas\n|-unboost|p1a: Xerneas|evasion|1\n|-sideend|p2: DiameterXtreme|Spikes|[from] move: Defog|[of] p2a: Synthesis\n|\n|upkeep\n|turn|5\n|\n|t:|1616072740\n|switch|p2a: Alkaline|Necrozma-Dusk-Mane|100\/100\n|move|p1a: Xerneas|Geomancy||[still]\n|-prepare|p1a: Xerneas|Geomancy\n|-enditem|p1a: Xerneas|Power Herb\n|-anim|p1a: Xerneas|Geomancy|p1a: Xerneas\n|-boost|p1a: Xerneas|spa|2\n|-boost|p1a: Xerneas|spd|2\n|-boost|p1a: Xerneas|spe|2\n|\n|upkeep\n|turn|6\n|\n|t:|1616072745\n|move|p1a: Xerneas|Thunder|p2a: Alkaline|[miss]\n|-miss|p1a: Xerneas|p2a: Alkaline\n|move|p2a: Alkaline|Sunsteel Strike|p1a: Xerneas\n|-supereffective|p1a: Xerneas\n|-damage|p1a: Xerneas|20\/100\n|\n|upkeep\n|turn|7\n|c|\u2606DiameterXtreme|mb\n|\n|t:|1616072750\n|move|p1a: Xerneas|Thunder|p2a: Alkaline\n|-damage|p2a: Alkaline|34\/100\n|move|p2a: Alkaline|Sunsteel Strike|p1a: Xerneas\n|-supereffective|p1a: Xerneas\n|-damage|p1a: Xerneas|0 fnt\n|faint|p1a: Xerneas\n|\n|-heal|p2a: Alkaline|40\/100|[from] item: Leftovers\n|upkeep\n|c|\u2606Rhmsitb|nw\n|\n|t:|1616072760\n|switch|p1a: Giratina|Giratina-Origin|100\/100\n|turn|8\n|\n|t:|1616072766\n|switch|p2a: Catalyst|Urshifu, F|100\/100\n|move|p1a: Giratina|Poltergeist|p2a: Catalyst|[miss]\n|-miss|p1a: Giratina|p2a: Catalyst\n|\n|upkeep\n|turn|9\n|\n|t:|1616072774\n|switch|p1a: Ditto|Ditto|100\/100\n|-transform|p1a: Ditto|p2a: Catalyst|[from] ability: Imposter\n|move|p2a: Catalyst|Wicked Blow|p1a: Ditto\n|-resisted|p1a: Ditto\n|-crit|p1a: Ditto\n|-damage|p1a: Ditto|74\/100\n|\n|upkeep\n|turn|10\n|\n|t:|1616072784\n|move|p1a: Ditto|Close Combat|p2a: Catalyst\n|-supereffective|p2a: Catalyst\n|-damage|p2a: Catalyst|0 fnt\n|-unboost|p1a: Ditto|def|1\n|-unboost|p1a: Ditto|spd|1\n|faint|p2a: Catalyst\n|\n|upkeep\n|\n|t:|1616072788\n|switch|p2a: Calyrex|Calyrex-Shadow|63\/100\n|-ability|p2a: Calyrex|As One\n|-ability|p2a: Calyrex|Unnerve|p1: Rhmsitb\n|turn|11\n|\n|t:|1616072795\n|switch|p1a: Giratina|Giratina-Origin|100\/100\n|move|p2a: Calyrex|Astral Barrage|p1a: Giratina\n|-supereffective|p1a: Giratina\n|-damage|p1a: Giratina|0 fnt\n|faint|p1a: Giratina\n|-ability|p2a: Calyrex|Grim Neigh|boost\n|-boost|p2a: Calyrex|spa|1\n|\n|upkeep\n|\n|t:|1616072801\n|switch|p1a: Ditto|Ditto|74\/100\n|-transform|p1a: Ditto|p2a: Calyrex|[from] ability: Imposter\n|turn|12\n|\n|t:|1616072807\n|switch|p1a: Calyrex|Calyrex-Ice|100\/100\n|-ability|p1a: Calyrex|As One\n|-ability|p1a: Calyrex|Unnerve|p2: DiameterXtreme\n|switch|p2a: Synthesis|Yveltal, shiny|72\/100\n|-ability|p2a: Synthesis|Dark Aura\n|\n|upkeep\n|turn|13\n|j| Rcook\n|\n|t:|1616072815\n|switch|p2a: Alkaline|Necrozma-Dusk-Mane|40\/100\n|move|p1a: Calyrex|Trick Room|p1a: Calyrex\n|-fieldstart|move: Trick Room|[of] p1a: Calyrex\n|\n|-heal|p2a: Alkaline|46\/100|[from] item: Leftovers\n|upkeep\n|turn|14\n|\n|t:|1616072820\n|move|p1a: Calyrex|High Horsepower|p2a: Alkaline\n|-supereffective|p2a: Alkaline\n|-damage|p2a: Alkaline|9\/100\n|move|p2a: Alkaline|Moonlight|p2a: Alkaline\n|-heal|p2a: Alkaline|59\/100\n|\n|-heal|p2a: Alkaline|65\/100|[from] item: Leftovers\n|upkeep\n|turn|15\n|\n|t:|1616072825\n|move|p1a: Calyrex|High Horsepower|p2a: Alkaline\n|-supereffective|p2a: Alkaline\n|-damage|p2a: Alkaline|31\/100\n|move|p2a: Alkaline|Sunsteel Strike|p1a: Calyrex\n|-supereffective|p1a: Calyrex\n|-damage|p1a: Calyrex|37\/100\n|-enditem|p1a: Calyrex|Weakness Policy\n|-boost|p1a: Calyrex|atk|2|[from] item: Weakness Policy\n|-boost|p1a: Calyrex|spa|2|[from] item: Weakness Policy\n|\n|-heal|p2a: Alkaline|37\/100|[from] item: Leftovers\n|upkeep\n|turn|16\n|\n|t:|1616072835\n|move|p1a: Calyrex|Close Combat|p2a: Alkaline\n|-damage|p2a: Alkaline|0 fnt\n|-unboost|p1a: Calyrex|def|1\n|-unboost|p1a: Calyrex|spd|1\n|faint|p2a: Alkaline\n|-ability|p1a: Calyrex|Chilling Neigh|boost\n|-boost|p1a: Calyrex|atk|1\n|\n|upkeep\n|\n|t:|1616072841\n|switch|p2a: Equilibrium|Zacian|100\/100\n|-ability|p2a: Equilibrium|Intrepid Sword|boost\n|-boost|p2a: Equilibrium|atk|1\n|turn|17\n|\n|t:|1616072845\n|move|p1a: Calyrex|Glacial Lance|p2a: Equilibrium\n|-crit|p2a: Equilibrium\n|-damage|p2a: Equilibrium|0 fnt\n|faint|p2a: Equilibrium\n|-ability|p1a: Calyrex|Chilling Neigh|boost\n|-boost|p1a: Calyrex|atk|1\n|\n|-fieldend|move: Trick Room\n|upkeep\n|\n|t:|1616072847\n|switch|p2a: Calyrex|Calyrex-Shadow|63\/100\n|-ability|p2a: Calyrex|As One\n|-ability|p2a: Calyrex|Unnerve|p1: Rhmsitb\n|turn|18\n|\n|t:|1616072858\n|move|p2a: Calyrex|Astral Barrage|p1a: Calyrex\n|-supereffective|p1a: Calyrex\n|-damage|p1a: Calyrex|0 fnt\n|faint|p1a: Calyrex\n|-ability|p2a: Calyrex|Grim Neigh|boost\n|-boost|p2a: Calyrex|spa|1\n|\n|upkeep\n|\n|t:|1616072863\n|switch|p1a: Ditto|Ditto|74\/100\n|-transform|p1a: Ditto|p2a: Calyrex|[from] ability: Imposter\n|turn|19\n|\n|t:|1616072871\n|switch|p2a: Synthesis|Yveltal, shiny|72\/100\n|-ability|p2a: Synthesis|Dark Aura\n|move|p1a: Ditto|Astral Barrage|p2a: Synthesis\n|-resisted|p2a: Synthesis\n|-damage|p2a: Synthesis|39\/100\n|\n|upkeep\n|turn|20\n|\n|t:|1616072874\n|switch|p1a: Necrozma|Necrozma-Dusk-Mane|100\/100\n|move|p2a: Synthesis|Roost|p2a: Synthesis\n|-heal|p2a: Synthesis|89\/100\n|-singleturn|p2a: Synthesis|move: Roost\n|\n|upkeep\n|turn|21\n|\n|t:|1616072881\n|move|p1a: Necrozma|Stone Edge|p2a: Synthesis\n|-supereffective|p2a: Synthesis\n|-damage|p2a: Synthesis|1\/100\n|-damage|p1a: Necrozma|91\/100|[from] item: Life Orb\n|move|p2a: Synthesis|Knock Off|p1a: Necrozma\n|-supereffective|p1a: Necrozma\n|-damage|p1a: Necrozma|17\/100\n|-enditem|p1a: Necrozma|Life Orb|[from] move: Knock Off|[of] p2a: Synthesis\n|\n|upkeep\n|turn|22\n|\n|t:|1616072893\n|move|p2a: Synthesis|Sucker Punch||[still]\n|-fail|p2a: Synthesis\n|move|p1a: Necrozma|Dragon Dance|p1a: Necrozma\n|-boost|p1a: Necrozma|atk|1\n|-boost|p1a: Necrozma|spe|1\n|\n|upkeep\n|turn|23\n|\n|t:|1616072901\n|move|p1a: Necrozma|Dragon Dance|p1a: Necrozma\n|-boost|p1a: Necrozma|atk|1\n|-boost|p1a: Necrozma|spe|1\n|move|p2a: Synthesis|Knock Off|p1a: Necrozma\n|-supereffective|p1a: Necrozma\n|-damage|p1a: Necrozma|0 fnt\n|faint|p1a: Necrozma\n|\n|upkeep\n|\n|t:|1616072905\n|switch|p1a: Ditto|Ditto|74\/100\n|-transform|p1a: Ditto|p2a: Synthesis|[from] ability: Imposter\n|-ability|p1a: Ditto|Dark Aura\n|turn|24\n|\n|t:|1616072908\n|move|p2a: Synthesis|Sucker Punch|p1a: Ditto\n|-resisted|p1a: Ditto\n|-damage|p1a: Ditto|49\/100\n|move|p1a: Ditto|Knock Off|p2a: Synthesis\n|-resisted|p2a: Synthesis\n|-damage|p2a: Synthesis|0 fnt\n|-enditem|p2a: Synthesis|Heavy-Duty Boots|[from] move: Knock Off|[of] p1a: Ditto\n|faint|p2a: Synthesis\n|\n|upkeep\n|\n|t:|1616072911\n|switch|p2a: Endo|Eternatus|100\/100\n|-ability|p2a: Endo|Pressure\n|turn|25\n|c|\u2606Rhmsitb|gg\n|c|\u2606DiameterXtreme|gg\n|\n|t:|1616072916\n|move|p1a: Ditto|Knock Off|p2a: Endo\n|-damage|p2a: Endo|62\/100\n|-enditem|p2a: Endo|Heavy-Duty Boots|[from] move: Knock Off|[of] p1a: Ditto\n|move|p2a: Endo|Toxic|p1a: Ditto\n|-status|p1a: Ditto|tox\n|\n|-damage|p1a: Ditto|43\/100 tox|[from] psn\n|upkeep\n|turn|26\n|j| AGCL3 Swastik\n|\n|t:|1616072922\n|move|p1a: Ditto|Knock Off|p2a: Endo\n|-damage|p2a: Endo|36\/100\n|move|p2a: Endo|Recover|p2a: Endo\n|-heal|p2a: Endo|86\/100\n|\n|-damage|p1a: Ditto|31\/100 tox|[from] psn\n|upkeep\n|turn|27\n|l| Rcook\n|\n|t:|1616072927\n|-activate|p1a: Ditto|move: Struggle\n|move|p1a: Ditto|Struggle|p2a: Endo\n|-damage|p2a: Endo|75\/100\n|-damage|p1a: Ditto|6\/100 tox|[from] recoil\n|move|p2a: Endo|Dynamax Cannon|p1a: Ditto\n|-damage|p1a: Ditto|0 fnt\n|faint|p1a: Ditto\n|\n|win|DiameterXtreme\n|n|\u2606Rhmsitb|rhmsitb\n|n|\u2606DiameterXtreme|diameterxtreme\n|n| AGCL3 Swastik|agcl3swastik\n|l| AGCL3 Swastik\n|l|\u2606DiameterXtreme\n|l|\u2606Rhmsitb\n","uploadtime":1616072994,"views":67,"p1id":"rhmsitb","p2id":"diameterxtreme","formatid":"gen8ubers","rating":0,"private":0,"password":null}