{"id":"gen8mixandmega-1666658279","p1":"beauts","p2":"Unviabriel","format":"gen8mixandmega","log":"|j|\u2606beauts\n|j|\u2606Unviabriel\n|t:|1663434177\n|gametype|singles\n|player|p1|beauts|swimmerf-gen4|\n|player|p2|Unviabriel|shauntal|\n|teamsize|p1|6\n|teamsize|p2|6\n|gen|8\n|tier|[Gen 8] Mix and Mega\n|rule|Species Clause: Limit one of each Pok\u00e9mon\n|rule|OHKO Clause: OHKO moves are banned\n|rule|Evasion Moves Clause: Evasion moves are banned\n|rule|Endless Battle Clause: Forcing endless battles is banned\n|rule|Dynamax Clause: You cannot dynamax\n|rule|HP Percentage Mod: HP is shown in percentages\n|rule|Sleep Clause Mod: Limit one foe put to sleep\n|clearpoke\n|poke|p1|Magearna|\n|poke|p1|Groudon|\n|poke|p1|Magnezone|\n|poke|p1|Mew|\n|poke|p1|Slowbro, F|\n|poke|p1|Ho-Oh|\n|poke|p2|Zapdos-Galar|\n|poke|p2|Solgaleo|\n|poke|p2|Regieleki|\n|poke|p2|Ho-Oh|\n|poke|p2|Landorus-Therian, M|\n|poke|p2|Milotic, M|\n|teampreview\n|inactive|Battle timer is ON: inactive players will automatically lose when time's up. (requested by beauts)\n|c|\u2606Unviabriel|glhf\n|c|\u2606beauts|ill post in om cord\n|c|\u2606beauts|dont wanna double ping\n|c|\u2606beauts|hf\n|c|\u2606beauts|hf\n|c|\u2606beauts|oops\n|inactive|beauts has 270 seconds left.\n|inactive|Unviabriel has 270 seconds left.\n|j| quojova\n|j| Itchy \u2664 ~~\n|l| quojova\n|c| Itchy \u2664 ~~|Mix and meowga\n|j| Tea Guzzler\n|j| Faygos\n|j|+Dragonillis\n|j| mudkipbowl\n|j| Beka \u2764\n|inactive|beauts has 240 seconds left.\n|inactive|Unviabriel has 240 seconds left.\n|j| Ivar57\n|j| Chris Numbers\n|\n|t:|1663434247\n|start\n|switch|p1a: RUN IT UP|Slowbro, F|100\/100\n|switch|p2a: Milotic|Milotic, M|100\/100\n|turn|1\n|j| Clastia\n|l| Ivar57\n|j| PandaDoux\u2665\u2661\u32db\u2605\u2729\n|j|@isaiaH\n|\n|t:|1663434276\n|detailschange|p2a: Milotic|Milotic, M\n|-mega|p2a: Milotic|Milotic|Sablenite\n|-start|p2a: Milotic|Sablenite|[silent]\n|move|p2a: Milotic|Flip Turn|p1a: RUN IT UP\n|-resisted|p1a: RUN IT UP\n|-damage|p1a: RUN IT UP|96\/100\n|\n|t:|1663434281\n|-end|p2a: Milotic|Sablenite|[silent]\n|switch|p2a: Ho-Oh|Ho-Oh|100\/100|[from]move: Flip Turn\n|move|p1a: RUN IT UP|Teleport|p1a: RUN IT UP\n|\n|t:|1663434293\n|switch|p1a: THAT ONE TIME I|Magnezone|100\/100|[from]move: Teleport\n|\n|upkeep\n|turn|2\n|c|+Dragonillis|hf both\n|j| quojova\n|\n|t:|1663434308\n|detailschange|p1a: THAT ONE TIME I|Magnezone\n|-mega|p1a: THAT ONE TIME I|Magnezone|Lucarionite\n|-start|p1a: THAT ONE TIME I|Lucarionite|[silent]\n|move|p1a: THAT ONE TIME I|Volt Switch|p2a: Ho-Oh\n|-supereffective|p2a: Ho-Oh\n|-damage|p2a: Ho-Oh|36\/100\n|c|\u2606beauts|THAT ONE TIME I\n|l| quojova\n|\n|t:|1663434315\n|-end|p1a: THAT ONE TIME I|Lucarionite|[silent]\n|switch|p1a: RUN IT UP|Slowbro, F|100\/100|[from]move: Volt Switch\n|move|p2a: Ho-Oh|Sacred Fire|p1a: RUN IT UP\n|-resisted|p1a: RUN IT UP\n|-damage|p1a: RUN IT UP|89\/100\n|-status|p1a: RUN IT UP|brn\n|\n|-damage|p1a: RUN IT UP|82\/100 brn|[from] brn\n|upkeep\n|turn|3\n|j| bridges beast mode\n|inactive|Unviabriel has 270 seconds left.\n|j| SammyCe123\n|j| iMAGINE bEING mE\n|c| iMAGINE bEING mE|butt\n|c|\u2606beauts|butt\n|\n|t:|1663434357\n|move|p2a: Ho-Oh|Recover|p2a: Ho-Oh\n|-heal|p2a: Ho-Oh|86\/100\n|move|p1a: RUN IT UP|Teleport|p1a: RUN IT UP\n|\n|t:|1663434363\n|switch|p1a: IM FULL OF SPITE|Magearna|100\/100|[from]move: Teleport\n|\n|upkeep\n|turn|4\n|j| Ivar57\n|\n|t:|1663434370\n|detailschange|p1a: IM FULL OF SPITE|Magearna\n|-mega|p1a: IM FULL OF SPITE|Magearna|Manectite\n|-ability|p1a: IM FULL OF SPITE|Intimidate|boost\n|-unboost|p2a: Ho-Oh|atk|1\n|-start|p1a: IM FULL OF SPITE|Manectite|[silent]\n|move|p1a: IM FULL OF SPITE|Volt Switch|p2a: Ho-Oh\n|-supereffective|p2a: Ho-Oh\n|-damage|p2a: Ho-Oh|60\/100\n|\n|t:|1663434375\n|-end|p1a: IM FULL OF SPITE|Manectite|[silent]\n|switch|p1a: RUN IT UP|Slowbro, F|100\/100 brn|[from]move: Volt Switch\n|move|p2a: Ho-Oh|Sacred Fire|p1a: RUN IT UP\n|-resisted|p1a: RUN IT UP\n|-damage|p1a: RUN IT UP|92\/100 brn\n|\n|-damage|p1a: RUN IT UP|86\/100 brn|[from] brn\n|upkeep\n|turn|5\n|inactive|Unviabriel has 270 seconds left.\n|\n|t:|1663434386\n|move|p2a: Ho-Oh|Recover|p2a: Ho-Oh\n|-heal|p2a: Ho-Oh|100\/100\n|move|p1a: RUN IT UP|Teleport|p1a: RUN IT UP\n|j|+iapT\n|\n|t:|1663434396\n|switch|p1a: THAT ONE TIME I|Magnezone|100\/100|[from]move: Teleport\n|-start|p1a: THAT ONE TIME I|Lucarionite|[silent]\n|\n|upkeep\n|turn|6\n|inactive|Unviabriel has 270 seconds left.\n|l|+iapT\n|\n|t:|1663434419\n|-end|p1a: THAT ONE TIME I|Lucarionite|[silent]\n|switch|p1a: IM FULL OF SPITE|Magearna|100\/100\n|-start|p1a: IM FULL OF SPITE|Manectite|[silent]\n|-ability|p1a: IM FULL OF SPITE|Intimidate|boost\n|-unboost|p2a: Ho-Oh|atk|1\n|move|p2a: Ho-Oh|Sacred Fire|p1a: IM FULL OF SPITE|[miss]\n|-miss|p2a: Ho-Oh|p1a: IM FULL OF SPITE\n|\n|upkeep\n|turn|7\n|j| xavgb\n|c| Faygos|go beauts!\n|l| Faygos\n|c|\u2606beauts|go abriel\n|inactive|Unviabriel has 240 seconds left.\n|\n|t:|1663434453\n|switch|p2a: Solgaleo|Solgaleo|100\/100\n|move|p1a: IM FULL OF SPITE|Volt Switch|p2a: Solgaleo\n|-damage|p2a: Solgaleo|80\/100\n|\n|t:|1663434462\n|-end|p1a: IM FULL OF SPITE|Manectite|[silent]\n|switch|p1a: THE CORNER STORE|Ho-Oh|100\/100|[from]move: Volt Switch\n|\n|upkeep\n|turn|8\n|\n|t:|1663434471\n|switch|p2a: Milotic|Milotic, M|100\/100\n|-start|p2a: Milotic|Sablenite|[silent]\n|switch|p1a: THAT ONE TIME I|Magnezone|100\/100\n|-start|p1a: THAT ONE TIME I|Lucarionite|[silent]\n|\n|upkeep\n|turn|9\n|inactive|Unviabriel has 240 seconds left.\n|inactive|beauts has 270 seconds left.\n|\n|t:|1663434524\n|move|p1a: THAT ONE TIME I|Thunderbolt|p2a: Milotic\n|-supereffective|p2a: Milotic\n|-damage|p2a: Milotic|14\/100\n|-status|p2a: Milotic|par\n|cant|p2a: Milotic|par\n|\n|upkeep\n|turn|10\n|c|\u2606beauts|zzzz\n|c|\u2606Unviabriel|are you fucking kidding me\n|inactive|Unviabriel has 210 seconds left.\n|\n|t:|1663434541\n|move|p1a: THAT ONE TIME I|Flash Cannon|p2a: Milotic\n|-resisted|p2a: Milotic\n|-damage|p2a: Milotic|0 fnt\n|faint|p2a: Milotic\n|\n|upkeep\n|c| iMAGINE bEING mE|Nice\n|inactive|Unviabriel has 210 seconds left.\n|\n|t:|1663434556\n|switch|p2a: Landorus|Landorus-Therian, M|100\/100\n|-ability|p2a: Landorus|Intimidate|boost\n|-unboost|p1a: THAT ONE TIME I|atk|1\n|turn|11\n|inactive|Unviabriel has 210 seconds left.\n|c|\u2606Unviabriel|you don't need any help with that mon\n|c|\u2606beauts|that one time i\n|\n|t:|1663434579\n|-end|p1a: THAT ONE TIME I|Lucarionite|[silent]\n|switch|p1a: THE CORNER STORE|Ho-Oh|100\/100\n|detailschange|p2a: Landorus|Landorus-Therian, M\n|-mega|p2a: Landorus|Landorus|Salamencite\n|-start|p2a: Landorus|Salamencite|[silent]\n|move|p2a: Landorus|Stealth Rock|p1a: THE CORNER STORE\n|-sidestart|p1: beauts|move: Stealth Rock\n|\n|upkeep\n|turn|12\n|j| zioziotrip\n|inactive|Unviabriel has 180 seconds left.\n|\n|t:|1663434617\n|switch|p1a: IM FULL OF SPITE|Magearna|100\/100\n|-start|p1a: IM FULL OF SPITE|Manectite|[silent]\n|-damage|p1a: IM FULL OF SPITE|94\/100|[from] Stealth Rock\n|-ability|p1a: IM FULL OF SPITE|Intimidate|boost\n|-unboost|p2a: Landorus|atk|1\n|move|p2a: Landorus|U-turn|p1a: IM FULL OF SPITE\n|-resisted|p1a: IM FULL OF SPITE\n|-damage|p1a: IM FULL OF SPITE|92\/100\n|inactive|Unviabriel has 150 seconds left.\n|\n|t:|1663434658\n|-end|p2a: Landorus|Salamencite|[silent]\n|switch|p2a: Solgaleo|Solgaleo|80\/100|[from]move: U-turn\n|\n|upkeep\n|turn|13\n|l| zioziotrip\n|l| iMAGINE bEING mE\n|\n|t:|1663434679\n|-end|p1a: IM FULL OF SPITE|Manectite|[silent]\n|switch|p1a: THE CORNER STORE|Ho-Oh|100\/100\n|move|p2a: Solgaleo|Flash Cannon|p1a: THE CORNER STORE\n|-resisted|p1a: THE CORNER STORE\n|-damage|p1a: THE CORNER STORE|89\/100\n|\n|upkeep\n|turn|14\n|j| iMAGINE bEING mE\n|inactive|Unviabriel has 120 seconds left.\n|\n|t:|1663434715\n|switch|p2a: Ho-Oh|Ho-Oh|100\/100\n|move|p1a: THE CORNER STORE|Sacred Fire|p2a: Ho-Oh\n|-resisted|p2a: Ho-Oh\n|-damage|p2a: Ho-Oh|85\/100\n|\n|upkeep\n|turn|15\n|l| iMAGINE bEING mE\n|\n|t:|1663434732\n|switch|p2a: Regieleki|Regieleki|100\/100\n|move|p1a: THE CORNER STORE|Defog|p2a: Regieleki\n|-unboost|p2a: Regieleki|evasion|1\n|-sideend|p1: beauts|Stealth Rock|[from] move: Defog|[of] p1a: THE CORNER STORE\n|\n|upkeep\n|turn|16\n|inactive|Unviabriel has 90 seconds left.\n|inactive|beauts has 270 seconds left.\n|\n|t:|1663434760\n|switch|p1a: IM TOO PETTY|Groudon|100\/100\n|-weather|SunnyDay|[from] ability: Drought|[of] p1a: IM TOO PETTY\n|move|p2a: Regieleki|Volt Switch|p1a: IM TOO PETTY\n|-immune|p1a: IM TOO PETTY\n|\n|-weather|SunnyDay|[upkeep]\n|upkeep\n|turn|17\n|inactive|beauts has 270 seconds left.\n|inactive|Unviabriel has 90 seconds left.\n|\n|t:|1663434788\n|switch|p2a: Zapdos|Zapdos-Galar|100\/100\n|move|p1a: IM TOO PETTY|Stealth Rock|p2a: Zapdos\n|-sidestart|p2: Unviabriel|move: Stealth Rock\n|\n|-weather|SunnyDay|[upkeep]\n|upkeep\n|turn|18\n|\n|t:|1663434801\n|switch|p1a: THE CORNER STORE|Ho-Oh|100\/100\n|move|p2a: Zapdos|Thunderous Kick|p1a: THE CORNER STORE\n|-resisted|p1a: THE CORNER STORE\n|-damage|p1a: THE CORNER STORE|87\/100\n|-unboost|p1a: THE CORNER STORE|def|1\n|\n|-weather|SunnyDay|[upkeep]\n|upkeep\n|turn|19\n|j| ICame2Game\n|inactive|beauts has 270 seconds left.\n|\n|t:|1663434826\n|switch|p2a: Ho-Oh|Ho-Oh|100\/100\n|move|p1a: THE CORNER STORE|Sacred Fire|p2a: Ho-Oh\n|-resisted|p2a: Ho-Oh\n|-damage|p2a: Ho-Oh|77\/100\n|\n|-weather|SunnyDay|[upkeep]\n|upkeep\n|turn|20\n|j|+Quantum Tesseract\n|inactive|Unviabriel has 60 seconds left.\n|j| iMAGINE bEING mE\n|l|+Quantum Tesseract\n|\n|t:|1663434853\n|switch|p1a: RUN IT UP|Slowbro, F|100\/100 brn\n|switch|p2a: Solgaleo|Solgaleo|80\/100\n|-damage|p2a: Solgaleo|74\/100|[from] Stealth Rock\n|\n|-weather|none\n|-damage|p1a: RUN IT UP|94\/100 brn|[from] brn\n|upkeep\n|turn|21\n|\n|t:|1663434866\n|switch|p1a: THAT ONE TIME I|Magnezone|100\/100\n|-start|p1a: THAT ONE TIME I|Lucarionite|[silent]\n|detailschange|p2a: Solgaleo|Solgaleo\n|-mega|p2a: Solgaleo|Solgaleo|Cameruptite\n|-start|p2a: Solgaleo|Cameruptite|[silent]\n|move|p2a: Solgaleo|Thunderbolt|p1a: THAT ONE TIME I\n|-resisted|p1a: THAT ONE TIME I\n|-damage|p1a: THAT ONE TIME I|65\/100\n|\n|upkeep\n|turn|22\n|j| Siamato\n|j| TTTech_\n|\n|t:|1663434887\n|-end|p2a: Solgaleo|Cameruptite|[silent]\n|switch|p2a: Landorus|Landorus-Therian, M|100\/100\n|-start|p2a: Landorus|Salamencite|[silent]\n|-damage|p2a: Landorus|88\/100|[from] Stealth Rock\n|move|p1a: THAT ONE TIME I|Flash Cannon|p2a: Landorus\n|-damage|p2a: Landorus|24\/100\n|\n|upkeep\n|turn|23\n|j| Clpb\n|c|\u2606Unviabriel|why\n|c|\u2606beauts|built different\n|c|\u2606beauts|im faster right\n|\n|t:|1663434905\n|move|p2a: Landorus|Earthquake|p1a: THAT ONE TIME I\n|-supereffective|p1a: THAT ONE TIME I\n|-damage|p1a: THAT ONE TIME I|0 fnt\n|faint|p1a: THAT ONE TIME I\n|\n|upkeep\n|c|\u2606beauts|oh\n|c| mudkipbowl|apparently not\n|c|\u2606beauts|bigotry\n|inactive|beauts has 270 seconds left.\n|\n|t:|1663434918\n|switch|p1a: IM FULL OF SPITE|Magearna|92\/100\n|-start|p1a: IM FULL OF SPITE|Manectite|[silent]\n|-ability|p1a: IM FULL OF SPITE|Intimidate|boost\n|-unboost|p2a: Landorus|atk|1\n|turn|24\n|j|+astralydia\n|j| doubledgedsword\n|c|\u2606beauts|i hate fast rocks lando\n|j|+Madara\n|inactive|Unviabriel has 30 seconds left.\n|\n|t:|1663434942\n|-end|p2a: Landorus|Salamencite|[silent]\n|switch|p2a: Ho-Oh|Ho-Oh|100\/100\n|move|p1a: IM FULL OF SPITE|Ice Beam|p2a: Ho-Oh\n|-damage|p2a: Ho-Oh|83\/100\n|\n|upkeep\n|turn|25\n|l| TTTech_\n|inactive|Unviabriel has 30 seconds left.\n|j| I like forum posts\n|\n|t:|1663434962\n|move|p1a: IM FULL OF SPITE|Volt Switch|p2a: Ho-Oh\n|-supereffective|p2a: Ho-Oh\n|-damage|p2a: Ho-Oh|58\/100\n|inactive|Unviabriel has 30 seconds left this turn.\n|j| XxSevagxX\n|l| I like forum posts\n|l| bridges beast mode\n|\n|t:|1663434969\n|-end|p1a: IM FULL OF SPITE|Manectite|[silent]\n|switch|p1a: RUN IT UP|Slowbro, F|100\/100 brn|[from]move: Volt Switch\n|move|p2a: Ho-Oh|Brave Bird|p1a: RUN IT UP\n|-damage|p1a: RUN IT UP|73\/100 brn\n|-damage|p2a: Ho-Oh|49\/100|[from] Recoil\n|\n|-damage|p1a: RUN IT UP|67\/100 brn|[from] brn\n|upkeep\n|turn|26\n|j| bridges beast mode\n|j| quojova\n|\n|t:|1663434982\n|switch|p1a: IM TOO PETTY|Groudon|100\/100\n|-weather|SunnyDay|[from] ability: Drought|[of] p1a: IM TOO PETTY\n|move|p2a: Ho-Oh|Defog|p1a: IM TOO PETTY\n|-unboost|p1a: IM TOO PETTY|evasion|1\n|-sideend|p2: Unviabriel|Stealth Rock|[from] move: Defog|[of] p2a: Ho-Oh\n|\n|-weather|SunnyDay|[upkeep]\n|upkeep\n|turn|27\n|j|+Greybaum\n|inactive|Unviabriel has 30 seconds left.\n|\n|t:|1663435001\n|switch|p2a: Zapdos|Zapdos-Galar|100\/100\n|move|p1a: IM TOO PETTY|Stone Edge|p2a: Zapdos\n|-damage|p2a: Zapdos|56\/100\n|\n|-weather|SunnyDay|[upkeep]\n|upkeep\n|turn|28\n|inactive|Unviabriel has 30 seconds left.\n|\n|t:|1663435012\n|move|p2a: Zapdos|Thunderous Kick|p1a: IM TOO PETTY\n|-damage|p1a: IM TOO PETTY|77\/100\n|-unboost|p1a: IM TOO PETTY|def|1\n|move|p1a: IM TOO PETTY|Stealth Rock|p2a: Zapdos\n|-sidestart|p2: Unviabriel|move: Stealth Rock\n|\n|-weather|SunnyDay|[upkeep]\n|-heal|p1a: IM TOO PETTY|83\/100|[from] item: Leftovers\n|upkeep\n|turn|29\n|inactive|Unviabriel has 30 seconds left.\n|inactive|Unviabriel has 20 seconds left.\n|\n|t:|1663435035\n|switch|p1a: RUN IT UP|Slowbro, F|99\/100 brn\n|move|p2a: Zapdos|Thunderous Kick|p1a: RUN IT UP\n|-resisted|p1a: RUN IT UP\n|-damage|p1a: RUN IT UP|87\/100 brn\n|-unboost|p1a: RUN IT UP|def|1\n|\n|-weather|SunnyDay|[upkeep]\n|-damage|p1a: RUN IT UP|81\/100 brn|[from] brn\n|upkeep\n|turn|30\n|inactive|Unviabriel has 30 seconds left this turn.\n|j| Banal paradis \u2606\u301c\u309d\u3002\n|\n|t:|1663435051\n|move|p2a: Zapdos|U-turn|p1a: RUN IT UP\n|-supereffective|p1a: RUN IT UP\n|-damage|p1a: RUN IT UP|39\/100 brn\n|inactive|Unviabriel has 30 seconds left this turn.\n|l| doubledgedsword\n|inactive|Unviabriel has 20 seconds left.\n|inactive|Unviabriel has 15 seconds left.\n|\n|t:|1663435066\n|switch|p2a: Regieleki|Regieleki|100\/100|[from]move: U-turn\n|-damage|p2a: Regieleki|88\/100|[from] Stealth Rock\n|move|p1a: RUN IT UP|Teleport|p1a: RUN IT UP\n|inactive|Unviabriel has 20 seconds left this turn.\n|l| mudkipbowl\n|l| XxSevagxX\n|\n|t:|1663435080\n|switch|p1a: IM TOO PETTY|Groudon|83\/100|[from]move: Teleport\n|\n|-weather|none\n|-heal|p1a: IM TOO PETTY|90\/100|[from] item: Leftovers\n|upkeep\n|turn|31\n|inactive|Unviabriel has 30 seconds left this turn.\n|inactive|Unviabriel has 20 seconds left.\n|\n|t:|1663435093\n|detailschange|p2a: Regieleki|Regieleki\n|-mega|p2a: Regieleki|Regieleki|Altarianite\n|-start|p2a: Regieleki|Altarianite|[silent]\n|-start|p2a: Regieleki|typechange|Electric\/Fairy|[silent]\n|move|p2a: Regieleki|Explosion|p1a: IM TOO PETTY\n|-damage|p1a: IM TOO PETTY|0 fnt\n|faint|p2a: Regieleki\n|faint|p1a: IM TOO PETTY\n|\n|upkeep\n|inactive|Unviabriel has 30 seconds left this turn.\n|inactive|Unviabriel has 20 seconds left.\n|c| iMAGINE bEING mE|Timer\n|j| armin@!\n|\n|t:|1663435120\n|switch|p2a: Landorus|Landorus-Therian, M|24\/100\n|switch|p1a: SHEEEEEEEEEESH|Mew|100\/100\n|-start|p2a: Landorus|Salamencite|[silent]\n|-damage|p2a: Landorus|12\/100|[from] Stealth Rock\n|turn|32\n|inactive|Unviabriel has 30 seconds left this turn.\n|c| xavgb|timer? i dont even know 'er!\n|c| quojova|ghosting\n|inactive|beauts has 270 seconds left.\n|\n|t:|1663435149\n|switch|p1a: RUN IT UP|Slowbro, F|73\/100 brn\n|move|p2a: Landorus|Explosion|p1a: RUN IT UP\n|-damage|p1a: RUN IT UP|0 fnt\n|faint|p2a: Landorus\n|faint|p1a: RUN IT UP\n|\n|upkeep\n|c|+astralydia|ok\n|inactive|beauts has 270 seconds left.\n|inactive|Unviabriel has 30 seconds left.\n|c|+astralydia|who gave chloe\n|c|+astralydia|access to stresh's account\n|c|\u2606beauts|your mom\n|c|+astralydia|own up\n|\n|t:|1663435165\n|switch|p2a: Solgaleo|Solgaleo|74\/100\n|switch|p1a: SHEEEEEEEEEESH|Mew|100\/100\n|-start|p2a: Solgaleo|Cameruptite|[silent]\n|-damage|p2a: Solgaleo|68\/100|[from] Stealth Rock\n|turn|33\n|inactive|Unviabriel has 30 seconds left.\n|l|+Dragonillis\n|c| armin|\ud83c\uddf3\ud83c\uddf4\n|inactive|Unviabriel has 20 seconds left.\n|inactive|Unviabriel has 15 seconds left.\n|inactive|Unviabriel has 10 seconds left.\n|c|\u2606beauts|SHEEEEEEEEEEESH\n|\n|t:|1663435199\n|switch|p1a: THE CORNER STORE|Ho-Oh|100\/100\n|move|p2a: Solgaleo|Calm Mind|p2a: Solgaleo\n|-boost|p2a: Solgaleo|spa|1\n|-boost|p2a: Solgaleo|spd|1\n|\n|upkeep\n|turn|34\n|inactive|Unviabriel has 20 seconds left this turn.\n|inactive|Unviabriel has 15 seconds left.\n|\n|t:|1663435209\n|move|p1a: THE CORNER STORE|Sacred Fire|p2a: Solgaleo\n|-supereffective|p2a: Solgaleo\n|-damage|p2a: Solgaleo|15\/100\n|move|p2a: Solgaleo|Thunderbolt|p1a: THE CORNER STORE\n|-supereffective|p1a: THE CORNER STORE\n|-damage|p1a: THE CORNER STORE|17\/100\n|\n|upkeep\n|turn|35\n|inactive|Unviabriel has 25 seconds left this turn.\n|j|+Dragonillis\n|inactive|Unviabriel has 20 seconds left.\n|inactive|Unviabriel has 15 seconds left.\n|\n|t:|1663435223\n|-end|p2a: Solgaleo|Cameruptite|[silent]\n|switch|p2a: Ho-Oh|Ho-Oh|82\/100\n|move|p1a: THE CORNER STORE|Earthquake|p2a: Ho-Oh\n|-immune|p2a: Ho-Oh\n|\n|upkeep\n|turn|36\n|inactive|Unviabriel has 25 seconds left this turn.\n|c|\u2606Unviabriel|you have speed awkward\n|inactive|Unviabriel has 20 seconds left.\n|c|\u2606beauts|no\n|\n|t:|1663435233\n|switch|p1a: IM FULL OF SPITE|Magearna|92\/100\n|-start|p1a: IM FULL OF SPITE|Manectite|[silent]\n|-ability|p1a: IM FULL OF SPITE|Intimidate|boost\n|-unboost|p2a: Ho-Oh|atk|1\n|move|p2a: Ho-Oh|Brave Bird|p1a: IM FULL OF SPITE\n|-resisted|p1a: IM FULL OF SPITE\n|-damage|p1a: IM FULL OF SPITE|83\/100\n|-damage|p2a: Ho-Oh|80\/100|[from] Recoil\n|\n|upkeep\n|turn|37\n|inactive|Unviabriel has 30 seconds left this turn.\n|c|\u2606Unviabriel|oh nvm\n|c|\u2606Unviabriel|i'm dumb\n|c|\u2606Unviabriel|lol\n|inactive|Unviabriel has 20 seconds left.\n|\n|t:|1663435247\n|move|p1a: IM FULL OF SPITE|Volt Switch|p2a: Ho-Oh\n|-supereffective|p2a: Ho-Oh\n|-damage|p2a: Ho-Oh|51\/100\n|inactive|Unviabriel has 25 seconds left this turn.\n|c|\u2606beauts|furhaps but it happens\n|c|+astralydia|builder skill issue\n|l| armin\n|\n|t:|1663435250\n|-end|p1a: IM FULL OF SPITE|Manectite|[silent]\n|switch|p1a: THE CORNER STORE|Ho-Oh|50\/100|[from]move: Volt Switch\n|move|p2a: Ho-Oh|Sacred Fire|p1a: THE CORNER STORE\n|-resisted|p1a: THE CORNER STORE\n|-damage|p1a: THE CORNER STORE|41\/100\n|\n|upkeep\n|turn|38\n|inactive|Unviabriel has 30 seconds left.\n|\n|t:|1663435262\n|move|p2a: Ho-Oh|Defog|p1a: THE CORNER STORE\n|-unboost|p1a: THE CORNER STORE|evasion|1\n|-sideend|p2: Unviabriel|Stealth Rock|[from] move: Defog|[of] p2a: Ho-Oh\n|move|p1a: THE CORNER STORE|Whirlwind|p2a: Ho-Oh\n|drag|p2a: Solgaleo|Solgaleo|15\/100\n|-start|p2a: Solgaleo|Cameruptite|[silent]\n|\n|upkeep\n|turn|39\n|inactive|Unviabriel has 30 seconds left.\n|\n|t:|1663435276\n|move|p2a: Solgaleo|Thunderbolt|p1a: THE CORNER STORE\n|-supereffective|p1a: THE CORNER STORE\n|-damage|p1a: THE CORNER STORE|0 fnt\n|faint|p1a: THE CORNER STORE\n|\n|upkeep\n|inactive|Unviabriel has 30 seconds left this turn.\n|j| armin@!\n|\n|t:|1663435278\n|switch|p1a: SHEEEEEEEEEESH|Mew|100\/100\n|turn|40\n|c|+astralydia|X\n|c| quojova|lol\n|c| iMAGINE bEING mE|Zamn\n|\n|t:|1663435287\n|-end|p2a: Solgaleo|Cameruptite|[silent]\n|switch|p2a: Ho-Oh|Ho-Oh|84\/100\n|move|p1a: SHEEEEEEEEEESH|Dragon Dance|p1a: SHEEEEEEEEEESH\n|-boost|p1a: SHEEEEEEEEEESH|atk|1\n|-boost|p1a: SHEEEEEEEEEESH|spe|1\n|\n|upkeep\n|turn|41\n|c|\u2606beauts|gg\n|\n|t:|1663435292\n|detailschange|p1a: SHEEEEEEEEEESH|Mew\n|-mega|p1a: SHEEEEEEEEEESH|Mew|Pinsirite\n|-start|p1a: SHEEEEEEEEEESH|Pinsirite|[silent]\n|-start|p1a: SHEEEEEEEEEESH|typechange|Psychic\/Flying|[silent]\n|move|p1a: SHEEEEEEEEEESH|Last Resort|p2a: Ho-Oh\n|-damage|p2a: Ho-Oh|0 fnt\n|faint|p2a: Ho-Oh\n|\n|upkeep\n|c|\u2606Unviabriel|are you serious\n|c|\u2606Unviabriel|gg\n|c| quojova|lmao\n|c| iMAGINE bEING mE|Lmao\n|j| derpyboi\n|-message|Unviabriel forfeited.\n|\n|win|beauts\n|c|\u2606beauts|SHEEEEEEEEEESH\n|c| xavgb|SHEEEEEEEEEEEEEEESH\n|l| Clpb\n|l|\u2606Unviabriel\n|l| iMAGINE bEING mE\n|l| Banal paradis \u2606\u301c\u309d\u3002\n|l| derpyboi\n|l| Ivar57\n|l| armin\n|l| quojova\n|l|+astralydia\n|l|\u2606beauts\n|l|@isaiaH\n|l| Tea Guzzler\n|c| ICame2Game|sheeesh\n|c| ICame2Game|sheesh\n|l| ICame2Game\n|l| PandaDoux\u2665\u2661\u32db\u2605\u2729\n|j| I like forum posts\n|l| I like forum posts\n|l|+Madara\n|l|+Greybaum\n|l| Siamato\n|l| Chris Numbers\n|l| Beka \u2764\n","uploadtime":1663435308,"views":83,"p1id":"beauts","p2id":"unviabriel","formatid":"gen8mixandmega","rating":0,"private":0,"password":null}