{"id":"gen8ubers-1668349353","p1":"UnstoppableUg","p2":"misplayin","format":"gen8ubers","log":"|j|\u2606UnstoppableUg\n|j|\u2606misplayin\n|t:|1663617229\n|gametype|singles\n|player|p1|UnstoppableUg|n-masters|\n|player|p2|misplayin|bugsy|\n|teamsize|p1|6\n|teamsize|p2|6\n|gen|8\n|tier|[Gen 8] Ubers\n|rule|Sleep Clause Mod: Limit one foe put to sleep\n|rule|Species Clause: Limit one of each Pok\u00e9mon\n|rule|OHKO Clause: OHKO moves are banned\n|rule|Evasion Items Clause: Evasion items are banned\n|rule|Evasion Moves Clause: Evasion moves are banned\n|rule|Endless Battle Clause: Forcing endless battles is banned\n|rule|HP Percentage Mod: HP is shown in percentages\n|rule|Dynamax Clause: You cannot dynamax\n|clearpoke\n|poke|p1|Xerneas-*|\n|poke|p1|Marshadow|\n|poke|p1|Necrozma-Dusk-Mane|\n|poke|p1|Yveltal|\n|poke|p1|Zygarde|\n|poke|p1|Palkia|\n|poke|p2|Slurpuff, M|\n|poke|p2|Landorus, M|\n|poke|p2|Calyrex-Shadow|\n|poke|p2|Eternatus|\n|poke|p2|Necrozma-Dusk-Mane|\n|poke|p2|Yveltal|\n|teampreview\n|inactive|Battle timer is ON: inactive players will automatically lose when time's up. (requested by UnstoppableUg)\n|inactive|misplayin also wants the timer to be on.\n|c|\u2606UnstoppableUg|K\n|c|\u2606UnstoppableUg|We good\n|c|\u2606UnstoppableUg|Hf chief\n|c|\u2606misplayin|u2u2\n|inactive|UnstoppableUg has 270 seconds left.\n|inactive|misplayin has 270 seconds left.\n|\n|t:|1663617280\n|start\n|switch|p1a: Marshadow|Marshadow|100\/100\n|switch|p2a: Slurpuff|Slurpuff, M|100\/100\n|turn|1\n|\n|t:|1663617291\n|move|p1a: Marshadow|Rock Tomb|p2a: Slurpuff\n|-damage|p2a: Slurpuff|23\/100\n|-unboost|p2a: Slurpuff|spe|1\n|-damage|p1a: Marshadow|91\/100|[from] item: Life Orb\n|move|p2a: Slurpuff|Sticky Web|p1a: Marshadow\n|-sidestart|p1: UnstoppableUg|move: Sticky Web\n|\n|upkeep\n|turn|2\n|\n|t:|1663617305\n|move|p1a: Marshadow|Close Combat|p2a: Slurpuff\n|-resisted|p2a: Slurpuff\n|-damage|p2a: Slurpuff|0 fnt\n|-unboost|p1a: Marshadow|def|1\n|-unboost|p1a: Marshadow|spd|1\n|faint|p2a: Slurpuff\n|-damage|p1a: Marshadow|81\/100|[from] item: Life Orb\n|\n|upkeep\n|\n|t:|1663617317\n|switch|p2a: Eternatus|Eternatus|100\/100\n|-ability|p2a: Eternatus|Pressure\n|turn|3\n|inactive|misplayin has 270 seconds left.\n|\n|t:|1663617357\n|switch|p2a: Calyrex|Calyrex-Shadow|100\/100\n|-ability|p2a: Calyrex|As One\n|-ability|p2a: Calyrex|Unnerve\n|switch|p1a: Necrozma|Necrozma-Dusk-Mane|100\/100\n|-activate|p1a: Necrozma|move: Sticky Web\n|-unboost|p1a: Necrozma|spe|1\n|\n|upkeep\n|turn|4\n|\n|t:|1663617373\n|switch|p1a: Yveltal|Yveltal|100\/100\n|-ability|p1a: Yveltal|Dark Aura\n|move|p2a: Calyrex|Astral Barrage|p1a: Yveltal\n|-resisted|p1a: Yveltal\n|-damage|p1a: Yveltal|79\/100\n|\n|upkeep\n|turn|5\n|\n|t:|1663617389\n|switch|p2a: Landorus|Landorus, M|100\/100\n|move|p1a: Yveltal|Defog|p2a: Landorus\n|-unboost|p2a: Landorus|evasion|1\n|-sideend|p1: UnstoppableUg|Sticky Web|[from] move: Defog|[of] p1a: Yveltal\n|\n|upkeep\n|turn|6\n|\n|t:|1663617401\n|switch|p1a: Zygarde|Zygarde|100\/100\n|move|p2a: Landorus|Rock Slide|p1a: Zygarde\n|-resisted|p1a: Zygarde\n|-damage|p1a: Zygarde|89\/100\n|\n|-heal|p1a: Zygarde|95\/100|[from] item: Leftovers\n|upkeep\n|turn|7\n|\n|t:|1663617418\n|move|p2a: Landorus|Earth Power|p1a: Zygarde\n|-damage|p1a: Zygarde|18\/100\n|move|p1a: Zygarde|Glare|p2a: Landorus\n|-status|p2a: Landorus|par\n|\n|-heal|p1a: Zygarde|24\/100|[from] item: Leftovers\n|-activate|p1a: Zygarde|ability: Power Construct\n|detailschange|p1a: Zygarde|Zygarde-Complete\n|-heal|p1a: Zygarde|53\/100|[silent]\n|upkeep\n|turn|8\n|\n|t:|1663617425\n|switch|p1a: Palkia|Palkia|100\/100\n|-ability|p1a: Palkia|Pressure\n|cant|p2a: Landorus|par\n|\n|upkeep\n|turn|9\n|\n|t:|1663617430\n|switch|p2a: Necrozma|Necrozma-Dusk-Mane|100\/100\n|move|p1a: Palkia|Surf|p2a: Necrozma\n|-damage|p2a: Necrozma|26\/100\n|\n|upkeep\n|turn|10\n|inactive|misplayin has 270 seconds left.\n|\n|t:|1663617436\n|switch|p2a: Eternatus|Eternatus|100\/100\n|-ability|p2a: Eternatus|Pressure\n|move|p1a: Palkia|Surf|p2a: Eternatus\n|-resisted|p2a: Eternatus\n|-damage|p2a: Eternatus|68\/100\n|\n|upkeep\n|turn|11\n|\n|t:|1663617448\n|switch|p1a: Necrozma|Necrozma-Dusk-Mane|100\/100\n|move|p2a: Eternatus|Flamethrower|p1a: Necrozma\n|-supereffective|p1a: Necrozma\n|-damage|p1a: Necrozma|59\/100\n|\n|-heal|p1a: Necrozma|65\/100|[from] item: Leftovers\n|upkeep\n|turn|12\n|inactive|misplayin has 270 seconds left.\n|\n|t:|1663617480\n|switch|p2a: Necrozma|Necrozma-Dusk-Mane|26\/100\n|move|p1a: Necrozma|Stealth Rock|p2a: Necrozma\n|-sidestart|p2: misplayin|move: Stealth Rock\n|\n|-heal|p1a: Necrozma|71\/100|[from] item: Leftovers\n|upkeep\n|turn|13\n|\n|t:|1663617484\n|move|p2a: Necrozma|Earthquake|p1a: Necrozma\n|-supereffective|p1a: Necrozma\n|-damage|p1a: Necrozma|21\/100\n|-damage|p2a: Necrozma|16\/100|[from] item: Life Orb\n|move|p1a: Necrozma|Earthquake|p2a: Necrozma\n|-supereffective|p2a: Necrozma\n|-damage|p2a: Necrozma|0 fnt\n|faint|p2a: Necrozma\n|\n|-heal|p1a: Necrozma|27\/100|[from] item: Leftovers\n|upkeep\n|\n|t:|1663617492\n|switch|p2a: Eternatus|Eternatus|68\/100\n|-damage|p2a: Eternatus|56\/100|[from] Stealth Rock\n|-ability|p2a: Eternatus|Pressure\n|turn|14\n|\n|t:|1663617496\n|move|p2a: Eternatus|Flamethrower|p1a: Necrozma\n|-supereffective|p1a: Necrozma\n|-damage|p1a: Necrozma|0 fnt\n|faint|p1a: Necrozma\n|\n|upkeep\n|\n|t:|1663617510\n|switch|p1a: Xerneas|Xerneas|100\/100\n|-ability|p1a: Xerneas|Fairy Aura\n|turn|15\n|\n|t:|1663617526\n|switch|p2a: Landorus|Landorus, M|100\/100 par\n|-damage|p2a: Landorus|88\/100 par|[from] Stealth Rock\n|move|p1a: Xerneas|Geomancy||[still]\n|-prepare|p1a: Xerneas|Geomancy\n|-enditem|p1a: Xerneas|Power Herb\n|-anim|p1a: Xerneas|Geomancy|p1a: Xerneas\n|-boost|p1a: Xerneas|spa|2\n|-boost|p1a: Xerneas|spd|2\n|-boost|p1a: Xerneas|spe|2\n|\n|upkeep\n|turn|16\n|c|\u2606misplayin|fk\n|c|\u2606misplayin|lmao\n|\n|t:|1663617534\n|move|p1a: Xerneas|Moonblast|p2a: Landorus\n|-damage|p2a: Landorus|0 fnt\n|faint|p2a: Landorus\n|\n|upkeep\n|\n|t:|1663617539\n|switch|p2a: Eternatus|Eternatus|56\/100\n|-damage|p2a: Eternatus|43\/100|[from] Stealth Rock\n|-ability|p2a: Eternatus|Pressure\n|turn|17\n|\n|t:|1663617542\n|move|p1a: Xerneas|Moonblast|p2a: Eternatus\n|-damage|p2a: Eternatus|0 fnt\n|faint|p2a: Eternatus\n|\n|upkeep\n|\n|t:|1663617544\n|switch|p2a: Calyrex|Calyrex-Shadow|100\/100\n|-ability|p2a: Calyrex|As One\n|-ability|p2a: Calyrex|Unnerve\n|-damage|p2a: Calyrex|88\/100|[from] Stealth Rock\n|turn|18\n|c|\u2606UnstoppableUg|Gg yo\n|\n|t:|1663617547\n|move|p1a: Xerneas|Moonblast|p2a: Calyrex\n|-damage|p2a: Calyrex|0 fnt\n|faint|p2a: Calyrex\n|\n|upkeep\n|c|\u2606misplayin|gg\n|\n|t:|1663617551\n|switch|p2a: Yveltal|Yveltal|100\/100\n|-damage|p2a: Yveltal|76\/100|[from] Stealth Rock\n|-ability|p2a: Yveltal|Dark Aura\n|turn|19\n|\n|t:|1663617554\n|move|p2a: Yveltal|Sucker Punch|p1a: Xerneas\n|-resisted|p1a: Xerneas\n|-damage|p1a: Xerneas|78\/100\n|move|p1a: Xerneas|Moonblast|p2a: Yveltal\n|-supereffective|p2a: Yveltal\n|-damage|p2a: Yveltal|0 fnt\n|faint|p2a: Yveltal\n|\n|win|UnstoppableUg\n|c|\u2606UnstoppableUg|Ight g2 what u pickin?\n|c|\u2606UnstoppableUg|Since rnd 2 and onwards\n|c|\u2606misplayin|lets do uu\n|c|\u2606UnstoppableUg|Rule is loser picks\n|c|\u2606UnstoppableUg|Kk\n","uploadtime":1663617580,"views":20,"p1id":"unstoppableug","p2id":"misplayin","formatid":"gen8ubers","rating":0,"private":0,"password":null}