{"id":"gen8randombattle-1693905675","p1":"Gurtrant","p2":"outeh","format":"gen8randombattle","log":"|j|\u2606Gurtrant\n|j|\u2606outeh\n|t:|1666644954\n|gametype|singles\n|player|p1|Gurtrant|veteran|1602\n|player|p2|outeh|102|1556\n|teamsize|p1|6\n|teamsize|p2|6\n|gen|8\n|tier|[Gen 8] Random Battle\n|rated|\n|rule|Species Clause: Limit one of each Pok\u00e9mon\n|rule|HP Percentage Mod: HP is shown in percentages\n|rule|Sleep Clause Mod: Limit one foe put to sleep\n|\n|t:|1666644954\n|start\n|switch|p1a: Marowak|Marowak, L86, F|243\/243\n|switch|p2a: Blissey|Blissey, L83, F|559\/559\n|turn|1\n|inactive|Battle timer is ON: inactive players will automatically lose when time's up. (requested by Gurtrant)\n|inactive|Gurtrant has 120 seconds left.\n|inactive|Gurtrant has 90 seconds left.\n|inactive|Gurtrant has 60 seconds left.\n|\n|t:|1666645051\n|switch|p2a: Celebi|Celebi, L82|298\/298\n|move|p1a: Marowak|Swords Dance|p1a: Marowak\n|-boost|p1a: Marowak|atk|2\n|\n|upkeep\n|turn|2\n|inactive|Gurtrant has 120 seconds left.\n|\n|t:|1666645060\n|move|p2a: Celebi|Leaf Storm|p1a: Marowak\n|-supereffective|p1a: Marowak\n|-damage|p1a: Marowak|0 fnt\n|-unboost|p2a: Celebi|spa|2\n|faint|p1a: Marowak\n|\n|upkeep\n|\n|t:|1666645065\n|switch|p1a: Bronzong|Bronzong, L83|247\/247\n|turn|3\n|\n|t:|1666645092\n|switch|p2a: Blissey|Blissey, L83, F|559\/559\n|move|p1a: Bronzong|Stealth Rock|p2a: Blissey\n|-sidestart|p2: outeh|move: Stealth Rock\n|\n|upkeep\n|turn|4\n|inactive|Gurtrant has 120 seconds left.\n|\n|t:|1666645146\n|switch|p1a: Weavile|Weavile, L79, M|240\/240\n|move|p2a: Blissey|Stealth Rock|p1a: Weavile\n|-sidestart|p1: Gurtrant|move: Stealth Rock\n|\n|upkeep\n|turn|5\n|inactive|outeh has 120 seconds left.\n|\n|t:|1666645170\n|move|p1a: Weavile|Swords Dance|p1a: Weavile\n|-boost|p1a: Weavile|atk|2\n|move|p2a: Blissey|Toxic|p1a: Weavile\n|-status|p1a: Weavile|tox\n|\n|-damage|p1a: Weavile|225\/240 tox|[from] psn\n|upkeep\n|turn|6\n|\n|t:|1666645178\n|switch|p2a: Garbodor|Garbodor, L87, F|281\/281\n|-damage|p2a: Garbodor|246\/281|[from] Stealth Rock\n|move|p1a: Weavile|Knock Off|p2a: Garbodor\n|-damage|p2a: Garbodor|29\/281\n|-enditem|p2a: Garbodor|Black Sludge|[from] move: Knock Off|[of] p1a: Weavile\n|\n|-damage|p1a: Weavile|195\/240 tox|[from] psn\n|upkeep\n|turn|7\n|\n|t:|1666645192\n|move|p1a: Weavile|Knock Off|p2a: Garbodor\n|-damage|p2a: Garbodor|0 fnt\n|-damage|p1a: Weavile|135\/240 tox|[from] ability: Aftermath|[of] p2a: Garbodor\n|faint|p2a: Garbodor\n|\n|-damage|p1a: Weavile|90\/240 tox|[from] psn\n|upkeep\n|inactive|outeh has 120 seconds left.\n|\n|t:|1666645227\n|switch|p2a: Kingler|Kingler, L84, F|230\/230\n|-damage|p2a: Kingler|202\/230|[from] Stealth Rock\n|turn|8\n|\n|t:|1666645234\n|move|p1a: Weavile|Knock Off|p2a: Kingler\n|-crit|p2a: Kingler\n|-damage|p2a: Kingler|0 fnt\n|-enditem|p2a: Kingler|Life Orb|[from] move: Knock Off|[of] p1a: Weavile\n|faint|p2a: Kingler\n|\n|-damage|p1a: Weavile|30\/240 tox|[from] psn\n|upkeep\n|inactive|outeh has 90 seconds left.\n|\n|t:|1666645256\n|switch|p2a: Flygon|Flygon, L80, M|259\/259\n|-damage|p2a: Flygon|243\/259|[from] Stealth Rock\n|turn|9\n|\n|t:|1666645266\n|move|p1a: Weavile|Ice Shard|p2a: Flygon\n|-supereffective|p2a: Flygon\n|-damage|p2a: Flygon|0 fnt\n|faint|p2a: Flygon\n|\n|-damage|p1a: Weavile|0 fnt|[from] psn\n|faint|p1a: Weavile\n|upkeep\n|inactive|outeh has 90 seconds left.\n|\n|t:|1666645285\n|switch|p1a: Regice|Regice, L84|271\/271\n|switch|p2a: Blissey|Blissey, L83, F|559\/559\n|-damage|p2a: Blissey|490\/559|[from] Stealth Rock\n|-damage|p1a: Regice|204\/271|[from] Stealth Rock\n|turn|10\n|\n|t:|1666645301\n|move|p2a: Blissey|Toxic|p1a: Regice\n|-status|p1a: Regice|tox\n|move|p1a: Regice|Ice Beam|p2a: Blissey\n|-damage|p2a: Blissey|421\/559\n|\n|-heal|p2a: Blissey|455\/559|[from] item: Leftovers\n|-heal|p1a: Regice|220\/271 tox|[from] item: Leftovers\n|-damage|p1a: Regice|204\/271 tox|[from] psn\n|upkeep\n|turn|11\n|\n|t:|1666645311\n|move|p2a: Blissey|Seismic Toss|p1a: Regice\n|-damage|p1a: Regice|121\/271 tox\n|move|p1a: Regice|Ice Beam|p2a: Blissey\n|-crit|p2a: Blissey\n|-damage|p2a: Blissey|350\/559\n|\n|-heal|p2a: Blissey|384\/559|[from] item: Leftovers\n|-heal|p1a: Regice|137\/271 tox|[from] item: Leftovers\n|-damage|p1a: Regice|105\/271 tox|[from] psn\n|upkeep\n|turn|12\n|\n|t:|1666645324\n|move|p2a: Blissey|Seismic Toss|p1a: Regice\n|-damage|p1a: Regice|22\/271 tox\n|move|p1a: Regice|Rest|p1a: Regice\n|-status|p1a: Regice|slp|[from] move: Rest\n|-heal|p1a: Regice|271\/271 slp|[silent]\n|\n|-heal|p2a: Blissey|418\/559|[from] item: Leftovers\n|upkeep\n|turn|13\n|\n|t:|1666645333\n|switch|p1a: Bronzong|Bronzong, L83|247\/247\n|-damage|p1a: Bronzong|232\/247|[from] Stealth Rock\n|move|p2a: Blissey|Seismic Toss|p1a: Bronzong\n|-damage|p1a: Bronzong|149\/247\n|\n|-heal|p2a: Blissey|452\/559|[from] item: Leftovers\n|-heal|p1a: Bronzong|164\/247|[from] item: Leftovers\n|upkeep\n|turn|14\n|\n|t:|1666645339\n|switch|p2a: Celebi|Celebi, L82|298\/298\n|-damage|p2a: Celebi|261\/298|[from] Stealth Rock\n|move|p1a: Bronzong|Toxic|p2a: Celebi|[miss]\n|-miss|p1a: Bronzong|p2a: Celebi\n|\n|-heal|p2a: Celebi|279\/298|[from] item: Leftovers\n|-heal|p1a: Bronzong|179\/247|[from] item: Leftovers\n|upkeep\n|turn|15\n|inactive|outeh has 120 seconds left.\n|\n|t:|1666645344\n|move|p2a: Celebi|Nasty Plot|p2a: Celebi\n|-boost|p2a: Celebi|spa|2\n|move|p1a: Bronzong|Iron Head|p2a: Celebi\n|-damage|p2a: Celebi|206\/298\n|\n|-heal|p2a: Celebi|224\/298|[from] item: Leftovers\n|-heal|p1a: Bronzong|194\/247|[from] item: Leftovers\n|upkeep\n|turn|16\n|\n|t:|1666645353\n|move|p2a: Celebi|Nasty Plot|p2a: Celebi\n|-boost|p2a: Celebi|spa|2\n|move|p1a: Bronzong|Iron Head|p2a: Celebi\n|-damage|p2a: Celebi|149\/298\n|\n|-heal|p2a: Celebi|167\/298|[from] item: Leftovers\n|-heal|p1a: Bronzong|209\/247|[from] item: Leftovers\n|upkeep\n|turn|17\n|\n|t:|1666645361\n|move|p2a: Celebi|Recover|p2a: Celebi\n|-heal|p2a: Celebi|298\/298\n|move|p1a: Bronzong|Iron Head|p2a: Celebi\n|-damage|p2a: Celebi|225\/298\n|\n|-heal|p2a: Celebi|243\/298|[from] item: Leftovers\n|-heal|p1a: Bronzong|224\/247|[from] item: Leftovers\n|upkeep\n|turn|18\n|\n|t:|1666645377\n|move|p2a: Celebi|Leaf Storm|p1a: Bronzong\n|-resisted|p1a: Bronzong\n|-damage|p1a: Bronzong|68\/247\n|-unboost|p2a: Celebi|spa|2\n|move|p1a: Bronzong|Toxic|p2a: Celebi\n|-status|p2a: Celebi|tox\n|\n|-heal|p2a: Celebi|261\/298 tox|[from] item: Leftovers\n|-heal|p1a: Bronzong|83\/247|[from] item: Leftovers\n|-damage|p2a: Celebi|243\/298 tox|[from] psn\n|upkeep\n|turn|19\n|\n|t:|1666645386\n|move|p2a: Celebi|Leaf Storm|p1a: Bronzong\n|-resisted|p1a: Bronzong\n|-damage|p1a: Bronzong|0 fnt\n|-unboost|p2a: Celebi|spa|2\n|faint|p1a: Bronzong\n|\n|-heal|p2a: Celebi|261\/298 tox|[from] item: Leftovers\n|-damage|p2a: Celebi|225\/298 tox|[from] psn\n|upkeep\n|\n|t:|1666645393\n|switch|p1a: Thundurus|Thundurus, L80, M|258\/258\n|turn|20\n|\n|t:|1666645399\n|-curestatus|p2a: Celebi|tox|[from] ability: Natural Cure\n|switch|p2a: Blissey|Blissey, L83, F|452\/559\n|-damage|p2a: Blissey|383\/559|[from] Stealth Rock\n|move|p1a: Thundurus|Sludge Wave|p2a: Blissey\n|-damage|p2a: Blissey|325\/559\n|\n|-heal|p2a: Blissey|359\/559|[from] item: Leftovers\n|upkeep\n|turn|21\n|\n|t:|1666645403\n|move|p1a: Thundurus|Knock Off|p2a: Blissey\n|-damage|p2a: Blissey|130\/559\n|-enditem|p2a: Blissey|Leftovers|[from] move: Knock Off|[of] p1a: Thundurus\n|move|p2a: Blissey|Soft-Boiled|p2a: Blissey\n|-heal|p2a: Blissey|410\/559\n|\n|upkeep\n|turn|22\n|\n|t:|1666645414\n|move|p1a: Thundurus|Knock Off|p2a: Blissey\n|-damage|p2a: Blissey|270\/559\n|move|p2a: Blissey|Toxic|p1a: Thundurus\n|-status|p1a: Thundurus|tox\n|\n|-damage|p1a: Thundurus|242\/258 tox|[from] psn\n|upkeep\n|turn|23\n|\n|t:|1666645418\n|switch|p1a: Tapu Lele|Tapu Lele, L79|240\/240\n|-damage|p1a: Tapu Lele|210\/240|[from] Stealth Rock\n|-fieldstart|move: Psychic Terrain|[from] ability: Psychic Surge|[of] p1a: Tapu Lele\n|move|p2a: Blissey|Soft-Boiled|p2a: Blissey\n|-heal|p2a: Blissey|550\/559\n|\n|upkeep\n|turn|24\n|\n|t:|1666645436\n|move|p1a: Tapu Lele|Calm Mind|p1a: Tapu Lele\n|-boost|p1a: Tapu Lele|spa|1\n|-boost|p1a: Tapu Lele|spd|1\n|move|p2a: Blissey|Toxic|p1a: Tapu Lele\n|-status|p1a: Tapu Lele|tox\n|\n|-damage|p1a: Tapu Lele|195\/240 tox|[from] psn\n|upkeep\n|turn|25\n|\n|t:|1666645459\n|switch|p2a: Celebi|Celebi, L82|225\/298\n|-damage|p2a: Celebi|188\/298|[from] Stealth Rock\n|move|p1a: Tapu Lele|Psyshock|p2a: Celebi\n|-resisted|p2a: Celebi\n|-damage|p2a: Celebi|81\/298\n|-damage|p1a: Tapu Lele|171\/240 tox|[from] item: Life Orb\n|\n|-heal|p2a: Celebi|99\/298|[from] item: Leftovers\n|-damage|p1a: Tapu Lele|141\/240 tox|[from] psn\n|upkeep\n|turn|26\n|\n|t:|1666645472\n|move|p2a: Celebi|Recover|p2a: Celebi\n|-heal|p2a: Celebi|248\/298\n|move|p1a: Tapu Lele|Moonblast|p2a: Celebi\n|-damage|p2a: Celebi|37\/298\n|-damage|p1a: Tapu Lele|117\/240 tox|[from] item: Life Orb\n|\n|-heal|p2a: Celebi|55\/298|[from] item: Leftovers\n|-damage|p1a: Tapu Lele|72\/240 tox|[from] psn\n|upkeep\n|turn|27\n|-message|Gurtrant forfeited.\n|\n|win|outeh\n|raw|Gurtrant's rating: 1602 &rarr; <strong>1579<\/strong><br \/>(-23 for losing)\n|raw|outeh's rating: 1556 &rarr; <strong>1579<\/strong><br \/>(+23 for winning)\n|l|\u2606Gurtrant\n","inputlog":">version 9c5d654b898167f5ae9ca6e9cc2965040adf185e\n>start {\"formatid\":\"gen8randombattle\",\"seed\":[48667,42668,7217,52086],\"rated\":\"Rated battle\"}\n>player p1 {\"name\":\"Gurtrant\",\"avatar\":\"veteran\",\"rating\":1602,\"seed\":[8393,11765,55154,58268]}\n>player p2 {\"name\":\"outeh\",\"avatar\":\"102\",\"rating\":1556,\"seed\":[1269,42612,27743,17288]}\n>p1 move swordsdance\n>p2 switch 2\n>p1 move knockoff\n>p2 move leafstorm\n>p1 switch 2\n>p1 move stealthrock\n>p2 switch 2\n>p1 switch 6\n>p2 move stealthrock\n>p1 move swordsdance\n>p2 move toxic\n>p1 move knockoff\n>p2 switch 5\n>p1 move knockoff\n>p2 move painsplit\n>p2 switch 6\n>p1 move knockoff\n>p2 move liquidation\n>p2 switch 4\n>p1 move iceshard\n>p2 move dragondance\n>p1 switch 5\n>p2 switch 5\n>p1 move icebeam\n>p2 move toxic\n>p1 move icebeam\n>p2 move seismictoss\n>p1 move rest\n>p2 move seismictoss\n>p1 switch 6\n>p2 move seismictoss\n>p1 move toxic\n>p2 switch 2\n>p1 move ironhead\n>p2 move nastyplot\n>p1 move ironhead\n>p2 move nastyplot\n>p1 move ironhead\n>p2 move recover\n>p1 move toxic\n>p2 move leafstorm\n>p1 move ironhead\n>p2 move leafstorm\n>p1 switch 4\n>p1 move sludgewave\n>p2 switch 2\n>p1 move knockoff\n>p2 move softboiled\n>p1 move knockoff\n>p2 move toxic\n>p1 switch 3\n>p2 move softboiled\n>p1 move calmmind\n>p2 move toxic\n>p1 move psyshock\n>p2 switch 2\n>p1 move moonblast\n>p2 move recover\n>forcelose p1","uploadtime":1666645486,"views":3,"p1id":"gurtrant","p2id":"outeh","formatid":"gen8randombattle","rating":1579,"private":0,"password":null}