{"id":"gen8ubers-1122552591","p1":"TearyToTheEquation","p2":"Blue chen","format":"gen8ubers","log":"|j|\u2606TearyToTheEquation\n|j|\u2606Blue chen\n|player|p1|TearyToTheEquation|clown|1592\n|player|p2|Blue chen|karen|1668\n|teamsize|p1|6\n|teamsize|p2|6\n|gametype|singles\n|gen|8\n|tier|[Gen 8] Ubers\n|rated|\n|clearpoke\n|poke|p1|Weezing-Galar, M|\n|poke|p1|Polteageist|\n|poke|p1|Kommo-o, F|\n|poke|p1|Excadrill, M|\n|poke|p1|Ditto|\n|poke|p1|Gyarados, M|\n|poke|p2|Drednaw, M|\n|poke|p2|Pelipper, M|\n|poke|p2|Eternatus|\n|poke|p2|Hydreigon, M|\n|poke|p2|Necrozma-Dusk-Mane|\n|poke|p2|Zacian-Crowned|\n|rule|Sleep Clause Mod: Limit one foe put to sleep\n|rule|Species Clause: Limit one of each Pok\u00e9mon\n|rule|OHKO Clause: OHKO moves are banned\n|rule|Evasion Moves Clause: Evasion moves are banned\n|rule|Endless Battle Clause: Forcing endless battles is banned\n|rule|HP Percentage Mod: HP is shown in percentages\n|html|Ubers Dynamax Clause: Pok\u00e9mon on the <a href=\"https:\/\/www.smogon.com\/dex\/ss\/formats\/uber\/\">Ubers Dynamax Banlist<\/a> cannot Dynamax.\n|teampreview\n|\n|start\n|switch|p1a: Polteageist|Polteageist|100\/100\n|switch|p2a: Hydreigon|Hydreigon, M|100\/100\n|turn|1\n|\n|move|p2a: Hydreigon|Substitute|p2a: Hydreigon\n|-start|p2a: Hydreigon|Substitute\n|-damage|p2a: Hydreigon|76\/100\n|move|p1a: Polteageist|Shell Smash|p1a: Polteageist\n|-unboost|p1a: Polteageist|def|1\n|-unboost|p1a: Polteageist|spd|1\n|-boost|p1a: Polteageist|atk|2\n|-boost|p1a: Polteageist|spa|2\n|-boost|p1a: Polteageist|spe|2\n|\n|-heal|p2a: Hydreigon|82\/100|[from] item: Leftovers\n|upkeep\n|turn|2\n|\n|move|p1a: Polteageist|Shadow Ball|p2a: Hydreigon\n|-resisted|p2a: Hydreigon\n|-end|p2a: Hydreigon|Substitute\n|move|p2a: Hydreigon|Earth Power|p1a: Polteageist\n|-damage|p1a: Polteageist|49\/100\n|\n|-heal|p2a: Hydreigon|88\/100|[from] item: Leftovers\n|upkeep\n|turn|3\n|\n|move|p1a: Polteageist|Baton Pass|p1a: Polteageist\n|\n|switch|p1a: Weezing|Weezing-Galar, M|100\/100|[from]move: Baton Pass\n|-enditem|p1a: Weezing|White Herb\n|-clearnegativeboost|p1a: Weezing|[silent]\n|-ability|p1a: Weezing|Neutralizing Gas\n|move|p2a: Hydreigon|Dark Pulse|p1a: Weezing\n|-resisted|p1a: Weezing\n|-damage|p1a: Weezing|64\/100\n|\n|-heal|p2a: Hydreigon|94\/100|[from] item: Leftovers\n|upkeep\n|turn|4\n|\n|switch|p2a: Pelipper|Pelipper, M|100\/100\n|move|p1a: Weezing|Strange Steam|p2a: Pelipper\n|-damage|p2a: Pelipper|0 fnt\n|faint|p2a: Pelipper\n|\n|upkeep\n|\n|switch|p2a: Necrozma|Necrozma-Dusk-Mane|100\/100\n|turn|5\n|\n|-start|p1a: Weezing|Dynamax\n|-heal|p1a: Weezing|64\/100|[silent]\n|move|p1a: Weezing|Max Flare|p2a: Necrozma\n|-supereffective|p2a: Necrozma\n|-damage|p2a: Necrozma|0 fnt\n|-weather|SunnyDay\n|faint|p2a: Necrozma\n|\n|-weather|SunnyDay|[upkeep]\n|upkeep\n|\n|switch|p2a: Drednaw|Drednaw, M|100\/100\n|turn|6\n|\n|-start|p2a: Drednaw|Dynamax\n|-formechange|p2a: Drednaw|Drednaw-Gmax\n|-heal|p2a: Drednaw|100\/100|[silent]\n|move|p1a: Weezing|Max Lightning|p2a: Drednaw\n|-supereffective|p2a: Drednaw\n|-damage|p2a: Drednaw|0 fnt\n|-fieldstart|move: Electric Terrain\n|faint|p2a: Drednaw\n|\n|-weather|SunnyDay|[upkeep]\n|upkeep\n|\n|switch|p2a: Zacian|Zacian-Crowned|100\/100\n|turn|7\n|\n|move|p1a: Weezing|Max Flare|p2a: Zacian\n|-supereffective|p2a: Zacian\n|-damage|p2a: Zacian|0 fnt\n|faint|p2a: Zacian\n|\n|-weather|SunnyDay|[upkeep]\n|-end|p1a: Weezing|Dynamax\n|-heal|p1a: Weezing|64\/100|[silent]\n|upkeep\n|-message|Blue chen forfeited.\n|\n|win|TearyToTheEquation\n|l|\u2606Blue chen\n|raw|TearyToTheEquation's rating: 1592 &rarr; <strong>1616<\/strong><br \/>(+24 for winning)\n|raw|Blue chen's rating: 1668 &rarr; <strong>1644<\/strong><br \/>(-24 for losing)\n","uploadtime":1590654326,"views":14,"p1id":"tearytotheequation","p2id":"bluechen","formatid":"gen8ubers","rating":1616,"private":0,"password":null}