{"id":"gen8ou-1681944462","p1":"LaggyBaggy516","p2":"cucumber22","format":"gen8ou","log":"|j|\u203dLaggyBaggy516\n|j|\u2606cucumber22\n|t:|1665368372\n|gametype|singles\n|player|p1|LaggyBaggy516|101|1691\n|player|p2|cucumber22|dancer|1762\n|teamsize|p1|6\n|teamsize|p2|6\n|gen|8\n|tier|[Gen 8] OU\n|rated|\n|rule|Sleep Clause Mod: Limit one foe put to sleep\n|rule|Species Clause: Limit one of each Pok\u00e9mon\n|rule|OHKO Clause: OHKO moves are banned\n|rule|Evasion Items Clause: Evasion items are banned\n|rule|Evasion Moves Clause: Evasion moves are banned\n|rule|Endless Battle Clause: Forcing endless battles is banned\n|rule|HP Percentage Mod: HP is shown in percentages\n|rule|Dynamax Clause: You cannot dynamax\n|clearpoke\n|poke|p1|Torkoal, F|\n|poke|p1|Regieleki|\n|poke|p1|Venusaur, F|\n|poke|p1|Melmetal|\n|poke|p1|Heatran, M|\n|poke|p1|Landorus-Therian, M|\n|poke|p2|Aegislash, F|\n|poke|p2|Buzzwole|\n|poke|p2|Landorus-Therian, M|\n|poke|p2|Heatran, F|\n|poke|p2|Hydreigon, F|\n|poke|p2|Tapu Fini|\n|teampreview\n|inactive|Battle timer is ON: inactive players will automatically lose when time's up. (requested by LaggyBaggy516)\n|\n|t:|1665368394\n|start\n|switch|p1a: Torkoal|Torkoal, F|100\/100\n|switch|p2a: Hydreigon|Hydreigon, F|100\/100\n|-weather|SunnyDay|[from] ability: Drought|[of] p1a: Torkoal\n|turn|1\n|\n|t:|1665368399\n|switch|p1a: Melmetal|Melmetal|100\/100\n|move|p2a: Hydreigon|Draco Meteor|p1a: Melmetal\n|-resisted|p1a: Melmetal\n|-damage|p1a: Melmetal|80\/100\n|-unboost|p2a: Hydreigon|spa|2\n|\n|-weather|SunnyDay|[upkeep]\n|upkeep\n|turn|2\n|\n|t:|1665368407\n|switch|p2a: Buzzwole|Buzzwole|100\/100\n|switch|p1a: Heatran|Heatran, M|100\/100\n|-item|p1a: Heatran|Air Balloon\n|\n|-weather|SunnyDay|[upkeep]\n|upkeep\n|turn|3\n|\n|t:|1665368412\n|switch|p2a: Hydreigon|Hydreigon, F|100\/100\n|move|p1a: Heatran|Eruption|p2a: Hydreigon\n|-resisted|p2a: Hydreigon\n|-damage|p2a: Hydreigon|37\/100\n|\n|-weather|SunnyDay|[upkeep]\n|upkeep\n|turn|4\n|\n|t:|1665368418\n|move|p2a: Hydreigon|Dark Pulse|p1a: Heatran\n|-damage|p1a: Heatran|56\/100\n|-enditem|p1a: Heatran|Air Balloon\n|cant|p1a: Heatran|flinch\n|\n|-weather|SunnyDay|[upkeep]\n|upkeep\n|turn|5\n|\n|t:|1665368423\n|move|p2a: Hydreigon|Roost|p2a: Hydreigon\n|-heal|p2a: Hydreigon|88\/100\n|-singleturn|p2a: Hydreigon|move: Roost\n|move|p1a: Heatran|Flash Cannon|p2a: Hydreigon\n|-damage|p2a: Hydreigon|39\/100\n|\n|-weather|SunnyDay|[upkeep]\n|upkeep\n|turn|6\n|\n|t:|1665368430\n|move|p2a: Hydreigon|Roost|p2a: Hydreigon\n|-heal|p2a: Hydreigon|89\/100\n|-singleturn|p2a: Hydreigon|move: Roost\n|move|p1a: Heatran|Toxic|p2a: Hydreigon\n|-status|p2a: Hydreigon|tox\n|\n|-weather|SunnyDay|[upkeep]\n|-damage|p2a: Hydreigon|83\/100 tox|[from] psn\n|upkeep\n|turn|7\n|\n|t:|1665368435\n|switch|p1a: Melmetal|Melmetal|80\/100\n|move|p2a: Hydreigon|Nasty Plot|p2a: Hydreigon\n|-boost|p2a: Hydreigon|spa|2\n|\n|-weather|SunnyDay|[upkeep]\n|-damage|p2a: Hydreigon|70\/100 tox|[from] psn\n|upkeep\n|turn|8\n|\n|t:|1665368447\n|switch|p2a: Landorus|Landorus-Therian, M|100\/100\n|-ability|p2a: Landorus|Intimidate|boost\n|-unboost|p1a: Melmetal|atk|1\n|move|p1a: Melmetal|Ice Punch|p2a: Landorus\n|-supereffective|p2a: Landorus\n|-damage|p2a: Landorus|17\/100\n|\n|-weather|none\n|-heal|p2a: Landorus|23\/100|[from] item: Leftovers\n|upkeep\n|turn|9\n|\n|t:|1665368455\n|switch|p2a: Heatran|Heatran, F|100\/100\n|switch|p1a: Landorus|Landorus-Therian, M|100\/100\n|-ability|p1a: Landorus|Intimidate|boost\n|-unboost|p2a: Heatran|atk|1\n|\n|upkeep\n|turn|10\n|\n|t:|1665368461\n|switch|p2a: Landorus|Landorus-Therian, M|23\/100\n|-ability|p2a: Landorus|Intimidate|boost\n|-unboost|p1a: Landorus|atk|1\n|move|p1a: Landorus|Stealth Rock|p2a: Landorus\n|-sidestart|p2: cucumber22|move: Stealth Rock\n|\n|-heal|p2a: Landorus|29\/100|[from] item: Leftovers\n|upkeep\n|turn|11\n|\n|t:|1665368465\n|move|p2a: Landorus|Stealth Rock|p1a: Landorus\n|-sidestart|p1: LaggyBaggy516|move: Stealth Rock\n|move|p1a: Landorus|Toxic|p2a: Landorus\n|-status|p2a: Landorus|tox\n|\n|-heal|p2a: Landorus|35\/100 tox|[from] item: Leftovers\n|-damage|p2a: Landorus|29\/100 tox|[from] psn\n|upkeep\n|turn|12\n|\n|t:|1665368471\n|move|p2a: Landorus|Knock Off|p1a: Landorus\n|-damage|p1a: Landorus|72\/100\n|-enditem|p1a: Landorus|Leftovers|[from] move: Knock Off|[of] p2a: Landorus\n|move|p1a: Landorus|U-turn|p2a: Landorus\n|-resisted|p2a: Landorus\n|-damage|p2a: Landorus|22\/100 tox\n|\n|t:|1665368476\n|switch|p1a: Heatran|Heatran, M|56\/100|[from]move: U-turn\n|-damage|p1a: Heatran|44\/100|[from] Stealth Rock\n|\n|-heal|p2a: Landorus|28\/100 tox|[from] item: Leftovers\n|-damage|p2a: Landorus|16\/100 tox|[from] psn\n|upkeep\n|turn|13\n|\n|t:|1665368479\n|move|p1a: Heatran|Flash Cannon|p2a: Landorus\n|-damage|p2a: Landorus|0 fnt\n|faint|p2a: Landorus\n|\n|upkeep\n|\n|t:|1665368483\n|switch|p2a: Heatran|Heatran, F|100\/100\n|-damage|p2a: Heatran|88\/100|[from] Stealth Rock\n|turn|14\n|\n|t:|1665368485\n|move|p1a: Heatran|Earth Power|p2a: Heatran\n|-supereffective|p2a: Heatran\n|-damage|p2a: Heatran|0 fnt\n|faint|p2a: Heatran\n|\n|upkeep\n|-message|cucumber22 forfeited.\n|\n|win|LaggyBaggy516\n|raw|LaggyBaggy516's rating: 1691 &rarr; <strong>1715<\/strong><br \/>(+24 for winning)\n|raw|cucumber22's rating: 1762 &rarr; <strong>1738<\/strong><br \/>(-24 for losing)\n|l|\u2606cucumber22\n","uploadtime":1665368493,"views":16,"p1id":"laggybaggy516","p2id":"cucumber22","formatid":"gen8ou","rating":1715,"private":0,"password":null}