{"id":"gen8ou-1143279105","p1":"padmecito","p2":"Acey 2B!","format":"gen8ou","log":"|j|\u2606padmecito\n|j|\u2606Acey 2B!\n|player|p1|padmecito|102|1546\n|player|p2|Acey 2B!|winona-gen6|1544\n|teamsize|p1|6\n|teamsize|p2|6\n|gametype|singles\n|gen|8\n|tier|[Gen 8] OU\n|rated|\n|clearpoke\n|poke|p1|Clefable, M|\n|poke|p1|Corviknight, F|\n|poke|p1|Hydreigon, M|\n|poke|p1|Seismitoad, M|\n|poke|p1|Darmanitan, F|\n|poke|p1|Toxtricity-Low-Key, M|\n|poke|p2|Excadrill, M|\n|poke|p2|Klefki, M|\n|poke|p2|Darmanitan, M|\n|poke|p2|Cinderace, F|\n|poke|p2|Lycanroc-Dusk, M|\n|poke|p2|Azumarill, M|\n|rule|Sleep Clause Mod: Limit one foe put to sleep\n|rule|Species Clause: Limit one of each Pok\u00e9mon\n|rule|OHKO Clause: OHKO moves are banned\n|rule|Evasion Moves Clause: Evasion moves are banned\n|rule|Endless Battle Clause: Forcing endless battles is banned\n|rule|HP Percentage Mod: HP is shown in percentages\n|rule|Dynamax Clause: You cannot dynamax\n|teampreview\n|inactive|Battle timer is ON: inactive players will automatically lose when time's up. (requested by Acey 2B!)\n|\n|start\n|switch|p1a: Seismitoad|Seismitoad, M|100\/100\n|switch|p2a: Excadrill|Excadrill, M|100\/100\n|-ability|p2a: Excadrill|Mold Breaker\n|turn|1\n|j| ThelordofbadRNG\n|\n|move|p2a: Excadrill|Stealth Rock|p1a: Seismitoad\n|-sidestart|p1: padmecito|move: Stealth Rock\n|move|p1a: Seismitoad|Scald|p2a: Excadrill\n|-supereffective|p2a: Excadrill\n|-crit|p2a: Excadrill\n|-damage|p2a: Excadrill|6\/100\n|\n|upkeep\n|turn|2\n|\n|move|p2a: Excadrill|Earthquake|p1a: Seismitoad\n|-damage|p1a: Seismitoad|62\/100\n|move|p1a: Seismitoad|Earthquake|p2a: Excadrill\n|-supereffective|p2a: Excadrill\n|-damage|p2a: Excadrill|0 fnt\n|faint|p2a: Excadrill\n|\n|-heal|p1a: Seismitoad|68\/100|[from] item: Leftovers\n|upkeep\n|\n|switch|p2a: Azumarill|Azumarill, M|100\/100\n|turn|3\n|\n|move|p2a: Azumarill|Belly Drum|p2a: Azumarill\n|-damage|p2a: Azumarill|51\/100\n|-setboost|p2a: Azumarill|atk|6|[from] move: Belly Drum\n|move|p1a: Seismitoad|Toxic|p2a: Azumarill\n|-status|p2a: Azumarill|tox\n|\n|-heal|p1a: Seismitoad|74\/100|[from] item: Leftovers\n|-damage|p2a: Azumarill|44\/100 tox|[from] psn\n|upkeep\n|-enditem|p2a: Azumarill|Sitrus Berry|[eat]\n|-heal|p2a: Azumarill|69\/100 tox|[from] item: Sitrus Berry\n|turn|4\n|\n|move|p1a: Seismitoad|Protect|p1a: Seismitoad\n|-singleturn|p1a: Seismitoad|Protect\n|move|p2a: Azumarill|Play Rough|p1a: Seismitoad\n|-activate|p1a: Seismitoad|move: Protect\n|\n|-heal|p1a: Seismitoad|80\/100|[from] item: Leftovers\n|-damage|p2a: Azumarill|57\/100 tox|[from] psn\n|upkeep\n|turn|5\n|j| Burger King CEO\n|\n|switch|p1a: Toxtricity|Toxtricity-Low-Key, M|100\/100\n|-damage|p1a: Toxtricity|88\/100|[from] Stealth Rock\n|move|p2a: Azumarill|Play Rough|p1a: Toxtricity\n|-resisted|p1a: Toxtricity\n|-damage|p1a: Toxtricity|0 fnt\n|faint|p1a: Toxtricity\n|\n|-damage|p2a: Azumarill|39\/100 tox|[from] psn\n|upkeep\n|inactive|padmecito has 120 seconds left.\n|\n|switch|p1a: Seismitoad|Seismitoad, M|80\/100\n|-damage|p1a: Seismitoad|74\/100|[from] Stealth Rock\n|turn|6\n|\n|move|p1a: Seismitoad|Protect|p1a: Seismitoad\n|-singleturn|p1a: Seismitoad|Protect\n|move|p2a: Azumarill|Knock Off|p1a: Seismitoad\n|-activate|p1a: Seismitoad|move: Protect\n|\n|-heal|p1a: Seismitoad|80\/100|[from] item: Leftovers\n|-damage|p2a: Azumarill|14\/100 tox|[from] psn\n|upkeep\n|turn|7\n|\n|switch|p1a: Clefable|Clefable, M|100\/100\n|move|p2a: Azumarill|Knock Off|p1a: Clefable\n|-resisted|p1a: Clefable\n|-damage|p1a: Clefable|6\/100\n|-enditem|p1a: Clefable|Leftovers|[from] move: Knock Off|[of] p2a: Azumarill\n|\n|-damage|p2a: Azumarill|0 fnt|[from] psn\n|faint|p2a: Azumarill\n|upkeep\n|\n|switch|p2a: Klefki|Klefki, M|100\/100\n|turn|8\n|j| Rogue Excaliburn\n|\n|move|p2a: Klefki|Light Screen|p2a: Klefki\n|-sidestart|p2: Acey 2B!|move: Light Screen\n|move|p1a: Clefable|Teleport|p1a: Clefable\n|\n|switch|p1a: Corviknight|Corviknight, F|100\/100|[from]move: Teleport\n|-damage|p1a: Corviknight|88\/100|[from] Stealth Rock\n|\n|-heal|p1a: Corviknight|94\/100|[from] item: Leftovers\n|upkeep\n|turn|9\n|\n|switch|p2a: Darmanitan|Darmanitan, M|100\/100\n|move|p1a: Corviknight|Defog|p2a: Darmanitan\n|-unboost|p2a: Darmanitan|evasion|1\n|-sideend|p2: Acey 2B!|move: Light Screen\n|-sideend|p1: padmecito|Stealth Rock|[from] move: Defog|[of] p1a: Corviknight\n|\n|-heal|p1a: Corviknight|100\/100|[from] item: Leftovers\n|upkeep\n|turn|10\n|\n|switch|p1a: Clefable|Clefable, M|6\/100\n|move|p2a: Darmanitan|Belly Drum|p2a: Darmanitan\n|-damage|p2a: Darmanitan|50\/100\n|-setboost|p2a: Darmanitan|atk|6|[from] move: Belly Drum\n|\n|upkeep\n|turn|11\n|\n|move|p2a: Darmanitan|Substitute|p2a: Darmanitan\n|-start|p2a: Darmanitan|Substitute\n|-damage|p2a: Darmanitan|25\/100\n|-enditem|p2a: Darmanitan|Salac Berry|[eat]\n|-boost|p2a: Darmanitan|spe|1|[from] item: Salac Berry\n|move|p1a: Clefable|Teleport|p1a: Clefable\n|\n|switch|p1a: Corviknight|Corviknight, F|100\/100|[from]move: Teleport\n|\n|upkeep\n|turn|12\n|\n|move|p2a: Darmanitan|Fire Punch|p1a: Corviknight\n|-supereffective|p1a: Corviknight\n|-damage|p1a: Corviknight|0 fnt\n|faint|p1a: Corviknight\n|\n|upkeep\n|\n|switch|p1a: Seismitoad|Seismitoad, M|80\/100\n|turn|13\n|\n|move|p2a: Darmanitan|Earthquake|p1a: Seismitoad\n|-damage|p1a: Seismitoad|0 fnt\n|faint|p1a: Seismitoad\n|\n|upkeep\n|\n|switch|p1a: Hydreigon|Hydreigon, M|100\/100\n|turn|14\n|\n|move|p2a: Darmanitan|Fire Punch|p1a: Hydreigon\n|-resisted|p1a: Hydreigon\n|-damage|p1a: Hydreigon|0 fnt\n|faint|p1a: Hydreigon\n|\n|upkeep\n|-message|padmecito forfeited.\n|\n|win|Acey 2B!\n|l|\u2606padmecito\n","uploadtime":1593627209,"views":91,"p1id":"padmecito","p2id":"acey2b","formatid":"gen8ou","rating":0,"private":0,"password":null}