{"id":"gen8almostanyability-1671020599","p1":"Faygos","p2":"beauts","format":"gen8almostanyability","log":"|html|<div class=\"broadcast-blue\"><strong>[Gen 8] Almost Any Ability is currently suspecting Genesect! For information on how to participate check out the <a href=\"https:\/\/www.smogon.com\/forums\/threads\/ss-aaa-suspect-9-burning-red-genesect.3708014\/\">suspect thread<\/a>.<\/strong><\/div>\n|j|\u2606Faygos\n|j|\u2606beauts\n|t:|1664222011\n|gametype|singles\n|player|p1|Faygos|101|\n|player|p2|beauts|jasmine|\n|teamsize|p1|6\n|teamsize|p2|6\n|gen|8\n|tier|[Gen 8] Almost Any Ability\n|rule|Species Clause: Limit one of each Pok\u00e9mon\n|rule|OHKO Clause: OHKO moves are banned\n|rule|Evasion Moves Clause: Evasion moves are banned\n|rule|Endless Battle Clause: Forcing endless battles is banned\n|rule|Dynamax Clause: You cannot dynamax\n|rule|HP Percentage Mod: HP is shown in percentages\n|rule|2 Ability Clause: Limit two of each ability\n|rule|Sleep Clause: Sleep-inducing moves are banned\n|clearpoke\n|poke|p1|Registeel|\n|poke|p1|Mew|\n|poke|p1|Tapu Koko|\n|poke|p1|Genesect|\n|poke|p1|Zarude|\n|poke|p1|Talonflame, F|\n|poke|p2|Inteleon, M|\n|poke|p2|Heatran, M|\n|poke|p2|Tapu Koko|\n|poke|p2|Mew|\n|poke|p2|Garchomp, F|\n|poke|p2|Ferrothorn, M|\n|teampreview\n|inactive|Battle timer is ON: inactive players will automatically lose when time's up. (requested by Faygos)\n|inactive|beauts also wants the timer to be on.\n|c|\u2606beauts|\/\/publicroom\n|j| oaklies\n|c|\u2606Faygos|\/log Faygos made this room public.\n|c|\u2606beauts|ty\n|c|\u2606beauts|hf\n|c|\u2606Faygos|yt\n|inactive|beauts has 270 seconds left.\n|j| Tea Guzzler\n|j|+The Number Man\n|j| Unviabriel\n|j|%UT\n|j| zioziotrip\n|c|%UT|I just hope both teams have fun\n|\n|t:|1664222055\n|start\n|switch|p1a: Mew|Mew|100\/100\n|switch|p2a: Inteleon|Inteleon, M|100\/100\n|-weather|PrimordialSea|[from] ability: Primordial Sea|[of] p2a: Inteleon\n|turn|1\n|j| armin@!\n|j| derpyboi\n|\n|t:|1664222064\n|move|p1a: Mew|Spikes|p2a: Inteleon\n|-sidestart|p2: beauts|Spikes\n|move|p2a: Inteleon|Weather Ball|p1a: Mew\n|-enditem|p1a: Mew|Focus Sash\n|-damage|p1a: Mew|1\/100\n|\n|-weather|PrimordialSea|[upkeep]\n|upkeep\n|turn|2\n|c|+The Number Man|regimented steel\n|\n|t:|1664222070\n|move|p1a: Mew|Stealth Rock|p2a: Inteleon\n|-sidestart|p2: beauts|move: Stealth Rock\n|move|p2a: Inteleon|Weather Ball|p1a: Mew\n|-damage|p1a: Mew|0 fnt\n|faint|p1a: Mew\n|\n|-weather|PrimordialSea|[upkeep]\n|upkeep\n|l| armin\n|j| Ivar57\n|\n|t:|1664222084\n|switch|p1a: Zarude|Zarude|100\/100\n|-fieldstart|move: Grassy Terrain|[from] ability: Grassy Surge|[of] p1a: Zarude\n|turn|3\n|c|\u2606beauts|topu incel\n|\n|t:|1664222089\n|-weather|none\n|switch|p2a: Ferrothorn|Ferrothorn, M|100\/100\n|-damage|p2a: Ferrothorn|88\/100|[from] Spikes\n|-damage|p2a: Ferrothorn|82\/100|[from] Stealth Rock\n|move|p1a: Zarude|Darkest Lariat|p2a: Ferrothorn\n|-damage|p2a: Ferrothorn|32\/100\n|\n|-heal|p2a: Ferrothorn|38\/100|[from] Grassy Terrain\n|upkeep\n|turn|4\n|\n|t:|1664222102\n|switch|p2a: Garchomp|Garchomp, F|100\/100\n|-damage|p2a: Garchomp|88\/100|[from] Spikes\n|-damage|p2a: Garchomp|82\/100|[from] Stealth Rock\n|move|p1a: Zarude|Darkest Lariat|p2a: Garchomp\n|-damage|p2a: Garchomp|25\/100\n|-damage|p1a: Zarude|84\/100|[from] item: Rocky Helmet|[of] p2a: Garchomp\n|\n|-heal|p1a: Zarude|90\/100|[from] Grassy Terrain\n|-heal|p2a: Garchomp|32\/100|[from] Grassy Terrain\n|upkeep\n|turn|5\n|\n|t:|1664222109\n|switch|p2a: Tapu Koko|Tapu Koko|100\/100\n|-damage|p2a: Tapu Koko|88\/100|[from] Spikes\n|-damage|p2a: Tapu Koko|76\/100|[from] Stealth Rock\n|move|p1a: Zarude|Darkest Lariat|p2a: Tapu Koko\n|-resisted|p2a: Tapu Koko\n|-damage|p2a: Tapu Koko|31\/100\n|\n|-heal|p2a: Tapu Koko|37\/100|[from] Grassy Terrain\n|-heal|p1a: Zarude|96\/100|[from] Grassy Terrain\n|-status|p2a: Tapu Koko|brn|[from] item: Flame Orb\n|upkeep\n|turn|6\n|j| armin@!\n|\n|t:|1664222115\n|switch|p1a: Registeel|Registeel|100\/100\n|move|p2a: Tapu Koko|Roost|p2a: Tapu Koko\n|-heal|p2a: Tapu Koko|87\/100 brn\n|-singleturn|p2a: Tapu Koko|move: Roost\n|\n|-heal|p2a: Tapu Koko|93\/100 brn|[from] Grassy Terrain\n|-damage|p2a: Tapu Koko|87\/100 brn|[from] brn\n|upkeep\n|turn|7\n|j| juicier than you\n|\n|t:|1664222123\n|move|p2a: Tapu Koko|U-turn|p1a: Registeel\n|-resisted|p1a: Registeel\n|-damage|p1a: Registeel|97\/100\n|j| hump\n|\n|t:|1664222126\n|switch|p2a: Mew|Mew|100\/100|[from]move: U-turn\n|-ability|p2a: Mew|Dauntless Shield|boost\n|-boost|p2a: Mew|def|1\n|move|p1a: Registeel|Iron Defense|p1a: Registeel\n|-boost|p1a: Registeel|def|2\n|\n|-heal|p1a: Registeel|100\/100|[from] Grassy Terrain\n|-fieldend|move: Grassy Terrain\n|upkeep\n|turn|8\n|\n|t:|1664222132\n|switch|p1a: Zarude|Zarude|96\/100\n|-fieldstart|move: Grassy Terrain|[from] ability: Grassy Surge|[of] p1a: Zarude\n|move|p2a: Mew|Defog|p1a: Zarude\n|-unboost|p1a: Zarude|evasion|1\n|-sideend|p2: beauts|Spikes|[from] move: Defog|[of] p2a: Mew\n|-sideend|p2: beauts|Stealth Rock|[from] move: Defog|[of] p2a: Mew\n|-fieldend|move: Grassy Terrain\n|\n|upkeep\n|turn|9\n|c| hump|tour?\n|c|\u2606beauts|om swiss\n|\n|t:|1664222140\n|switch|p2a: Ferrothorn|Ferrothorn, M|71\/100\n|move|p1a: Zarude|U-turn|p2a: Ferrothorn\n|-damage|p2a: Ferrothorn|44\/100\n|\n|t:|1664222143\n|switch|p1a: Talonflame|Talonflame, F|100\/100|[from]move: U-turn\n|\n|upkeep\n|turn|10\n|j|@isaiaH\n|\n|t:|1664222148\n|switch|p2a: Mew|Mew|100\/100\n|-ability|p2a: Mew|Dauntless Shield|boost\n|-boost|p2a: Mew|def|1\n|move|p1a: Talonflame|Swords Dance|p1a: Talonflame\n|-boost|p1a: Talonflame|atk|2\n|\n|upkeep\n|turn|11\n|l| armin\n|j| Grim_Blazer11111\n|\n|t:|1664222152\n|move|p1a: Talonflame|Flare Blitz|p2a: Mew\n|-damage|p2a: Mew|55\/100\n|move|p2a: Mew|Flip Turn|p1a: Talonflame\n|-supereffective|p1a: Talonflame\n|-damage|p1a: Talonflame|65\/100\n|\n|t:|1664222156\n|switch|p2a: Tapu Koko|Tapu Koko|87\/100 brn|[from]move: Flip Turn\n|\n|-damage|p2a: Tapu Koko|81\/100 brn|[from] brn\n|upkeep\n|turn|12\n|\n|t:|1664222161\n|switch|p1a: Zarude|Zarude|96\/100\n|-fieldstart|move: Grassy Terrain|[from] ability: Grassy Surge|[of] p1a: Zarude\n|move|p2a: Tapu Koko|U-turn|p1a: Zarude\n|-supereffective|p1a: Zarude\n|-damage|p1a: Zarude|55\/100\n|j|+Greybaum\n|\n|t:|1664222168\n|switch|p2a: Ferrothorn|Ferrothorn, M|77\/100|[from]move: U-turn\n|\n|-heal|p1a: Zarude|61\/100|[from] Grassy Terrain\n|-heal|p2a: Ferrothorn|83\/100|[from] Grassy Terrain\n|upkeep\n|turn|13\n|\n|t:|1664222171\n|move|p1a: Zarude|Darkest Lariat|p2a: Ferrothorn\n|-damage|p2a: Ferrothorn|33\/100\n|move|p2a: Ferrothorn|Spikes|p1a: Zarude\n|-sidestart|p1: Faygos|Spikes\n|\n|-heal|p1a: Zarude|67\/100|[from] Grassy Terrain\n|-heal|p2a: Ferrothorn|39\/100|[from] Grassy Terrain\n|upkeep\n|turn|14\n|\n|t:|1664222177\n|switch|p2a: Tapu Koko|Tapu Koko|81\/100 brn\n|move|p1a: Zarude|Darkest Lariat|p2a: Tapu Koko\n|-resisted|p2a: Tapu Koko\n|-crit|p2a: Tapu Koko\n|-damage|p2a: Tapu Koko|17\/100 brn\n|\n|-heal|p2a: Tapu Koko|23\/100 brn|[from] Grassy Terrain\n|-heal|p1a: Zarude|73\/100|[from] Grassy Terrain\n|-damage|p2a: Tapu Koko|17\/100 brn|[from] brn\n|upkeep\n|turn|15\n|j|+Dragonillis\n|\n|t:|1664222181\n|move|p2a: Tapu Koko|Roost|p2a: Tapu Koko\n|-heal|p2a: Tapu Koko|67\/100 brn\n|-singleturn|p2a: Tapu Koko|move: Roost\n|move|p1a: Zarude|Darkest Lariat|p2a: Tapu Koko\n|-resisted|p2a: Tapu Koko\n|-damage|p2a: Tapu Koko|20\/100 brn\n|\n|-heal|p2a: Tapu Koko|26\/100 brn|[from] Grassy Terrain\n|-heal|p1a: Zarude|79\/100|[from] Grassy Terrain\n|-damage|p2a: Tapu Koko|20\/100 brn|[from] brn\n|upkeep\n|turn|16\n|c|+Greybaum|go faygos\n|j| TTTech_\n|l| hump\n|\n|t:|1664222188\n|move|p2a: Tapu Koko|Roost|p2a: Tapu Koko\n|-heal|p2a: Tapu Koko|70\/100 brn\n|-singleturn|p2a: Tapu Koko|move: Roost\n|move|p1a: Zarude|Darkest Lariat|p2a: Tapu Koko\n|-resisted|p2a: Tapu Koko\n|-damage|p2a: Tapu Koko|29\/100 brn\n|\n|-heal|p2a: Tapu Koko|35\/100 brn|[from] Grassy Terrain\n|-heal|p1a: Zarude|85\/100|[from] Grassy Terrain\n|-damage|p2a: Tapu Koko|29\/100 brn|[from] brn\n|-fieldend|move: Grassy Terrain\n|upkeep\n|turn|17\n|c| derpyboi|go faygos\n|\n|t:|1664222193\n|switch|p1a: Registeel|Registeel|100\/100\n|-damage|p1a: Registeel|88\/100|[from] Spikes\n|move|p2a: Tapu Koko|Roost|p2a: Tapu Koko\n|-heal|p2a: Tapu Koko|80\/100 brn\n|-singleturn|p2a: Tapu Koko|move: Roost\n|\n|-heal|p1a: Registeel|94\/100|[from] item: Leftovers\n|-damage|p2a: Tapu Koko|73\/100 brn|[from] brn\n|upkeep\n|turn|18\n|\n|t:|1664222198\n|move|p2a: Tapu Koko|U-turn|p1a: Registeel\n|-resisted|p1a: Registeel\n|-damage|p1a: Registeel|91\/100\n|\n|t:|1664222202\n|switch|p2a: Garchomp|Garchomp, F|65\/100|[from]move: U-turn\n|move|p1a: Registeel|Toxic|p2a: Garchomp\n|-status|p2a: Garchomp|tox\n|\n|-heal|p1a: Registeel|97\/100|[from] item: Leftovers\n|-damage|p2a: Garchomp|59\/100 tox|[from] psn\n|upkeep\n|turn|19\n|l| Ivar57\n|\n|t:|1664222217\n|switch|p2a: Heatran|Heatran, M|100\/100\n|-weather|DesolateLand|[from] ability: Desolate Land|[of] p2a: Heatran\n|-item|p2a: Heatran|Air Balloon\n|switch|p1a: Zarude|Zarude|85\/100\n|-damage|p1a: Zarude|73\/100|[from] Spikes\n|-fieldstart|move: Grassy Terrain|[from] ability: Grassy Surge|[of] p1a: Zarude\n|\n|-weather|DesolateLand|[upkeep]\n|-heal|p1a: Zarude|79\/100|[from] Grassy Terrain\n|upkeep\n|turn|20\n|\n|t:|1664222225\n|move|p1a: Zarude|Darkest Lariat|p2a: Heatran\n|-damage|p2a: Heatran|37\/100\n|-enditem|p2a: Heatran|Air Balloon\n|move|p2a: Heatran|Stealth Rock|p1a: Zarude\n|-sidestart|p1: Faygos|move: Stealth Rock\n|\n|-weather|DesolateLand|[upkeep]\n|-heal|p1a: Zarude|85\/100|[from] Grassy Terrain\n|-heal|p2a: Heatran|44\/100|[from] Grassy Terrain\n|upkeep\n|turn|21\n|\n|t:|1664222231\n|-weather|none\n|switch|p2a: Tapu Koko|Tapu Koko|73\/100 brn\n|move|p1a: Zarude|Darkest Lariat|p2a: Tapu Koko\n|-resisted|p2a: Tapu Koko\n|-damage|p2a: Tapu Koko|29\/100 brn\n|\n|-heal|p2a: Tapu Koko|35\/100 brn|[from] Grassy Terrain\n|-heal|p1a: Zarude|91\/100|[from] Grassy Terrain\n|-damage|p2a: Tapu Koko|29\/100 brn|[from] brn\n|upkeep\n|turn|22\n|\n|t:|1664222236\n|switch|p1a: Genesect|Genesect, shiny|100\/100\n|-damage|p1a: Genesect|88\/100|[from] Spikes\n|-damage|p1a: Genesect|76\/100|[from] Stealth Rock\n|move|p2a: Tapu Koko|Roost|p2a: Tapu Koko\n|-heal|p2a: Tapu Koko|79\/100 brn\n|-singleturn|p2a: Tapu Koko|move: Roost\n|\n|-heal|p2a: Tapu Koko|85\/100 brn|[from] Grassy Terrain\n|-heal|p1a: Genesect|82\/100|[from] Grassy Terrain\n|-damage|p2a: Tapu Koko|79\/100 brn|[from] brn\n|-status|p1a: Genesect|brn|[from] item: Flame Orb\n|upkeep\n|turn|23\n|\n|t:|1664222242\n|move|p2a: Tapu Koko|Facade|p1a: Genesect\n|-resisted|p1a: Genesect\n|-damage|p1a: Genesect|28\/100 brn\n|move|p1a: Genesect|Shift Gear|p1a: Genesect\n|-boost|p1a: Genesect|spe|2\n|-boost|p1a: Genesect|atk|1\n|\n|-heal|p1a: Genesect|34\/100 brn|[from] Grassy Terrain\n|-heal|p2a: Tapu Koko|85\/100 brn|[from] Grassy Terrain\n|-damage|p1a: Genesect|28\/100 brn|[from] brn\n|-damage|p2a: Tapu Koko|79\/100 brn|[from] brn\n|-fieldend|move: Grassy Terrain\n|upkeep\n|turn|24\n|\n|t:|1664222248\n|switch|p2a: Heatran|Heatran, M|44\/100\n|-weather|DesolateLand|[from] ability: Desolate Land|[of] p2a: Heatran\n|move|p1a: Genesect|Facade|p2a: Heatran\n|-resisted|p2a: Heatran\n|-damage|p2a: Heatran|0 fnt\n|faint|p2a: Heatran\n|-weather|none\n|\n|-damage|p1a: Genesect|22\/100 brn|[from] brn\n|upkeep\n|\n|t:|1664222251\n|switch|p2a: Garchomp|Garchomp, F|92\/100 tox\n|turn|25\n|\n|t:|1664222255\n|move|p1a: Genesect|Leech Life|p2a: Garchomp\n|-damage|p2a: Garchomp|8\/100 tox\n|-heal|p1a: Genesect|85\/100 brn|[from] drain|[of] p2a: Garchomp\n|-damage|p1a: Genesect|69\/100 brn|[from] item: Rocky Helmet|[of] p2a: Garchomp\n|move|p2a: Garchomp|Earthquake|p1a: Genesect\n|-damage|p1a: Genesect|14\/100 brn\n|\n|-damage|p2a: Garchomp|1\/100 tox|[from] psn\n|-damage|p1a: Genesect|8\/100 brn|[from] brn\n|upkeep\n|turn|26\n|\n|t:|1664222267\n|move|p1a: Genesect|Blaze Kick|p2a: Garchomp\n|-resisted|p2a: Garchomp\n|-damage|p2a: Garchomp|0 fnt\n|-damage|p1a: Genesect|0 fnt|[from] item: Rocky Helmet|[of] p2a: Garchomp\n|faint|p2a: Garchomp\n|faint|p1a: Genesect\n|\n|upkeep\n|\n|t:|1664222278\n|switch|p1a: Zarude|Zarude|91\/100\n|switch|p2a: Ferrothorn|Ferrothorn, M|72\/100\n|-damage|p1a: Zarude|78\/100|[from] Spikes\n|-damage|p1a: Zarude|66\/100|[from] Stealth Rock\n|-fieldstart|move: Grassy Terrain|[from] ability: Grassy Surge|[of] p1a: Zarude\n|turn|27\n|j| armin@!\n|\n|t:|1664222283\n|move|p1a: Zarude|Darkest Lariat|p2a: Ferrothorn\n|-damage|p2a: Ferrothorn|26\/100\n|move|p2a: Ferrothorn|Knock Off|p1a: Zarude\n|-resisted|p1a: Zarude\n|-damage|p1a: Zarude|57\/100\n|-enditem|p1a: Zarude|Choice Band|[from] move: Knock Off|[of] p2a: Ferrothorn\n|\n|-heal|p1a: Zarude|63\/100|[from] Grassy Terrain\n|-heal|p2a: Ferrothorn|32\/100|[from] Grassy Terrain\n|upkeep\n|turn|28\n|\n|t:|1664222287\n|move|p1a: Zarude|Power Whip|p2a: Ferrothorn\n|-resisted|p2a: Ferrothorn\n|-damage|p2a: Ferrothorn|18\/100\n|move|p2a: Ferrothorn|Iron Head|p1a: Zarude\n|-damage|p1a: Zarude|37\/100\n|\n|-heal|p1a: Zarude|43\/100|[from] Grassy Terrain\n|-heal|p2a: Ferrothorn|24\/100|[from] Grassy Terrain\n|upkeep\n|turn|29\n|l| TTTech_\n|\n|t:|1664222293\n|move|p1a: Zarude|Power Whip|p2a: Ferrothorn\n|-resisted|p2a: Ferrothorn\n|-damage|p2a: Ferrothorn|9\/100\n|move|p2a: Ferrothorn|Iron Head|p1a: Zarude\n|-damage|p1a: Zarude|18\/100\n|\n|-heal|p1a: Zarude|24\/100|[from] Grassy Terrain\n|-heal|p2a: Ferrothorn|15\/100|[from] Grassy Terrain\n|upkeep\n|turn|30\n|\n|t:|1664222297\n|move|p1a: Zarude|Power Whip|p2a: Ferrothorn\n|-resisted|p2a: Ferrothorn\n|-damage|p2a: Ferrothorn|0 fnt\n|faint|p2a: Ferrothorn\n|\n|-heal|p1a: Zarude|30\/100|[from] Grassy Terrain\n|upkeep\n|j| TTTech_\n|\n|t:|1664222300\n|switch|p2a: Tapu Koko|Tapu Koko|79\/100 brn\n|turn|31\n|\n|t:|1664222302\n|move|p1a: Zarude|Grassy Glide|p2a: Tapu Koko\n|-damage|p2a: Tapu Koko|11\/100 brn\n|move|p2a: Tapu Koko|U-turn|p1a: Zarude\n|-supereffective|p1a: Zarude\n|-damage|p1a: Zarude|0 fnt\n|faint|p1a: Zarude\n|\n|t:|1664222307\n|switch|p2a: Mew|Mew|55\/100|[from]move: U-turn\n|-ability|p2a: Mew|Dauntless Shield|boost\n|-boost|p2a: Mew|def|1\n|\n|-heal|p2a: Mew|61\/100|[from] Grassy Terrain\n|-fieldend|move: Grassy Terrain\n|upkeep\n|j| hump\n|\n|t:|1664222314\n|switch|p1a: Tapu Koko|Tapu Koko|100\/100\n|turn|32\n|\n|t:|1664222317\n|move|p1a: Tapu Koko|Work Up|p1a: Tapu Koko\n|-boost|p1a: Tapu Koko|atk|1\n|-boost|p1a: Tapu Koko|spa|1\n|move|p2a: Mew|Roost|p2a: Mew\n|-heal|p2a: Mew|100\/100\n|-singleturn|p2a: Mew|move: Roost\n|\n|upkeep\n|turn|33\n|\n|t:|1664222322\n|move|p1a: Tapu Koko|Wild Charge|p2a: Mew\n|-damage|p2a: Mew|65\/100\n|move|p2a: Mew|Flip Turn|p1a: Tapu Koko\n|-damage|p1a: Tapu Koko|83\/100\n|\n|t:|1664222325\n|switch|p2a: Tapu Koko|Tapu Koko|11\/100 brn|[from]move: Flip Turn\n|\n|-damage|p2a: Tapu Koko|5\/100 brn|[from] brn\n|upkeep\n|turn|34\n|\n|t:|1664222334\n|move|p1a: Tapu Koko|Wild Charge|p2a: Tapu Koko\n|-resisted|p2a: Tapu Koko\n|-damage|p2a: Tapu Koko|0 fnt\n|faint|p2a: Tapu Koko\n|\n|upkeep\n|\n|t:|1664222336\n|switch|p2a: Mew|Mew|65\/100\n|-ability|p2a: Mew|Dauntless Shield|boost\n|-boost|p2a: Mew|def|1\n|turn|35\n|\n|t:|1664222339\n|move|p1a: Tapu Koko|Wild Charge|p2a: Mew\n|-damage|p2a: Mew|29\/100\n|move|p2a: Mew|Roost|p2a: Mew\n|-heal|p2a: Mew|79\/100\n|-singleturn|p2a: Mew|move: Roost\n|\n|upkeep\n|turn|36\n|\n|t:|1664222342\n|move|p1a: Tapu Koko|Work Up|p1a: Tapu Koko\n|-boost|p1a: Tapu Koko|atk|1\n|-boost|p1a: Tapu Koko|spa|1\n|move|p2a: Mew|Ice Beam|p1a: Tapu Koko\n|-damage|p1a: Tapu Koko|52\/100\n|\n|upkeep\n|turn|37\n|\n|t:|1664222344\n|move|p1a: Tapu Koko|Wild Charge|p2a: Mew\n|-damage|p2a: Mew|33\/100\n|move|p2a: Mew|Roost|p2a: Mew\n|-heal|p2a: Mew|83\/100\n|-singleturn|p2a: Mew|move: Roost\n|\n|upkeep\n|turn|38\n|\n|t:|1664222347\n|move|p1a: Tapu Koko|Roost|p1a: Tapu Koko\n|-heal|p1a: Tapu Koko|100\/100\n|-singleturn|p1a: Tapu Koko|move: Roost\n|move|p2a: Mew|Roost|p2a: Mew\n|-heal|p2a: Mew|100\/100\n|-singleturn|p2a: Mew|move: Roost\n|\n|upkeep\n|turn|39\n|\n|t:|1664222348\n|move|p1a: Tapu Koko|Wild Charge|p2a: Mew\n|-damage|p2a: Mew|53\/100\n|move|p2a: Mew|Ice Beam|p1a: Tapu Koko\n|-damage|p1a: Tapu Koko|68\/100\n|\n|upkeep\n|turn|40\n|\n|t:|1664222353\n|move|p1a: Tapu Koko|Work Up|p1a: Tapu Koko\n|-boost|p1a: Tapu Koko|atk|1\n|-boost|p1a: Tapu Koko|spa|1\n|move|p2a: Mew|Roost|p2a: Mew\n|-heal|p2a: Mew|100\/100\n|-singleturn|p2a: Mew|move: Roost\n|\n|upkeep\n|turn|41\n|c|\u2606beauts|that speed tie was very lame\n|\n|t:|1664222357\n|move|p1a: Tapu Koko|Wild Charge|p2a: Mew\n|-damage|p2a: Mew|47\/100\n|move|p2a: Mew|Ice Beam|p1a: Tapu Koko\n|-damage|p1a: Tapu Koko|35\/100\n|\n|upkeep\n|turn|42\n|\n|t:|1664222359\n|move|p1a: Tapu Koko|Wild Charge|p2a: Mew\n|-damage|p2a: Mew|0 fnt\n|faint|p2a: Mew\n|\n|upkeep\n|\n|t:|1664222361\n|switch|p2a: Inteleon|Inteleon, M|100\/100\n|-weather|PrimordialSea|[from] ability: Primordial Sea|[of] p2a: Inteleon\n|turn|43\n|\n|t:|1664222363\n|move|p1a: Tapu Koko|Wild Charge|p2a: Inteleon\n|-supereffective|p2a: Inteleon\n|-damage|p2a: Inteleon|0 fnt\n|faint|p2a: Inteleon\n|-weather|none\n|\n|win|Faygos\n|c|\u2606beauts|gg\n|c|\u2606Faygos|gg\n|l| TTTech_\n|l| armin\n|l| hump\n|l|\u2606beauts\n|j| Hisuian Zoroark\n|l| juicier than you\n|l| Unviabriel\n|l|\u2606Faygos\n","uploadtime":1664222367,"views":82,"p1id":"faygos","p2id":"beauts","formatid":"gen8almostanyability","rating":0,"private":0,"password":null}