{"id":"gen8ou-1599424747","p1":"rco113","p2":"andrewm0n","format":"gen8ou","log":"|j|\u2606rco113\n|j|\u2606andrewm0n\n|t:|1655611746\n|gametype|singles\n|player|p1|rco113|1|1591\n|player|p2|andrewm0n|swimmerf|1663\n|teamsize|p1|6\n|teamsize|p2|6\n|gen|8\n|tier|[Gen 8] OU\n|rated|\n|rule|Sleep Clause Mod: Limit one foe put to sleep\n|rule|Species Clause: Limit one of each Pok\u00e9mon\n|rule|OHKO Clause: OHKO moves are banned\n|rule|Evasion Moves Clause: Evasion moves are banned\n|rule|Endless Battle Clause: Forcing endless battles is banned\n|rule|HP Percentage Mod: HP is shown in percentages\n|rule|Dynamax Clause: You cannot dynamax\n|clearpoke\n|poke|p1|Regieleki|\n|poke|p1|Dragonite, M|\n|poke|p1|Melmetal|\n|poke|p1|Tornadus-Therian, M|\n|poke|p1|Tangrowth, F|\n|poke|p1|Landorus-Therian, M|\n|poke|p2|Blaziken, M|\n|poke|p2|Clefable, F|\n|poke|p2|Slowbro-Galar, M|\n|poke|p2|Corviknight, M|\n|poke|p2|Seismitoad, M|\n|poke|p2|Malamar, M|\n|teampreview\n|inactive|Battle timer is ON: inactive players will automatically lose when time's up. (requested by rco113)\n|\n|t:|1655611800\n|start\n|switch|p1a: Regieleki|Regieleki|100\/100\n|switch|p2a: Slowbro|Slowbro-Galar, M|100\/100\n|turn|1\n|\n|t:|1655611807\n|move|p1a: Regieleki|Thunderbolt|p2a: Slowbro\n|-damage|p2a: Slowbro|37\/100\n|-status|p2a: Slowbro|par\n|cant|p2a: Slowbro|par\n|\n|upkeep\n|turn|2\n|\n|t:|1655611815\n|switch|p2a: Seismitoad|Seismitoad, M|100\/100\n|move|p1a: Regieleki|Thunderbolt|p2a: Seismitoad\n|-immune|p2a: Seismitoad\n|\n|upkeep\n|turn|3\n|c|\u2606andrewm0n|what a turn\n|c|\u2606andrewm0n|i have psyatack and used equake, too\n|c|\u2606andrewm0n|phys atk\n|\n|t:|1655611834\n|switch|p1a: Tangrowth|Tangrowth, F|100\/100\n|move|p2a: Seismitoad|Stealth Rock|p1a: Tangrowth\n|-sidestart|p1: rco113|move: Stealth Rock\n|\n|upkeep\n|turn|4\n|\n|t:|1655611845\n|move|p2a: Seismitoad|Toxic|p1a: Tangrowth\n|-status|p1a: Tangrowth|tox\n|move|p1a: Tangrowth|Sleep Powder|p2a: Seismitoad\n|-status|p2a: Seismitoad|slp|[from] move: Sleep Powder\n|\n|-damage|p1a: Tangrowth|94\/100 tox|[from] psn\n|upkeep\n|turn|5\n|\n|t:|1655611855\n|switch|p2a: Corviknight|Corviknight, M|100\/100\n|move|p1a: Tangrowth|Giga Drain|p2a: Corviknight\n|-resisted|p2a: Corviknight\n|-damage|p2a: Corviknight|95\/100\n|-heal|p1a: Tangrowth|97\/100 tox|[from] drain|[of] p2a: Corviknight\n|\n|-damage|p1a: Tangrowth|85\/100 tox|[from] psn\n|upkeep\n|turn|6\n|\n|t:|1655611866\n|switch|p2a: Clefable|Clefable, F|100\/100\n|switch|p1a: Landorus|Landorus-Therian, M|100\/100\n|-damage|p1a: Landorus|88\/100|[from] Stealth Rock\n|-ability|p1a: Landorus|Intimidate|boost\n|-unboost|p2a: Clefable|atk|1\n|\n|-heal|p1a: Landorus|94\/100|[from] item: Leftovers\n|upkeep\n|turn|7\n|\n|t:|1655611879\n|move|p1a: Landorus|U-turn|p2a: Clefable\n|-resisted|p2a: Clefable\n|-damage|p2a: Clefable|92\/100\n|\n|t:|1655611885\n|switch|p1a: Melmetal|Melmetal|100\/100|[from]move: U-turn\n|-damage|p1a: Melmetal|94\/100|[from] Stealth Rock\n|move|p2a: Clefable|Wish|p2a: Clefable\n|\n|-heal|p2a: Clefable|98\/100|[from] item: Leftovers\n|upkeep\n|turn|8\n|\n|t:|1655611897\n|switch|p2a: Corviknight|Corviknight, M|95\/100\n|move|p1a: Melmetal|Earthquake|p2a: Corviknight\n|-immune|p2a: Corviknight\n|\n|-heal|p2a: Corviknight|100\/100|[from] move: Wish|[wisher] Clefable\n|upkeep\n|turn|9\n|\n|t:|1655611912\n|switch|p1a: Landorus|Landorus-Therian, M|94\/100\n|-damage|p1a: Landorus|82\/100|[from] Stealth Rock\n|-ability|p1a: Landorus|Intimidate|boost\n|-ability|p2a: Corviknight|Mirror Armor\n|-unboost|p1a: Landorus|atk|1\n|move|p2a: Corviknight|U-turn|p1a: Landorus\n|-resisted|p1a: Landorus\n|-damage|p1a: Landorus|77\/100\n|\n|t:|1655611915\n|switch|p2a: Slowbro|Slowbro-Galar, M|70\/100 par|[from]move: U-turn\n|\n|-heal|p1a: Landorus|83\/100|[from] item: Leftovers\n|upkeep\n|turn|10\n|\n|t:|1655611928\n|move|p1a: Landorus|Earthquake|p2a: Slowbro\n|-supereffective|p2a: Slowbro\n|-damage|p2a: Slowbro|15\/100 par\n|move|p2a: Slowbro|Ice Beam|p1a: Landorus\n|-supereffective|p1a: Landorus\n|-damage|p1a: Landorus|0 fnt\n|faint|p1a: Landorus\n|\n|upkeep\n|\n|t:|1655611941\n|switch|p1a: Melmetal|Melmetal|94\/100\n|-damage|p1a: Melmetal|88\/100|[from] Stealth Rock\n|turn|11\n|\n|t:|1655611955\n|switch|p2a: Seismitoad|Seismitoad, M|100\/100 slp\n|move|p1a: Melmetal|Thunder Punch|p2a: Seismitoad\n|-immune|p2a: Seismitoad\n|\n|upkeep\n|turn|12\n|\n|t:|1655611963\n|switch|p2a: Corviknight|Corviknight, M|100\/100\n|move|p1a: Melmetal|Double Iron Bash|p2a: Corviknight\n|-resisted|p2a: Corviknight\n|-damage|p2a: Corviknight|88\/100\n|-damage|p1a: Melmetal|72\/100|[from] item: Rocky Helmet|[of] p2a: Corviknight\n|-resisted|p2a: Corviknight\n|-crit|p2a: Corviknight\n|-damage|p2a: Corviknight|69\/100\n|-damage|p1a: Melmetal|55\/100|[from] item: Rocky Helmet|[of] p2a: Corviknight\n|-hitcount|p2a: Corviknight|2\n|\n|upkeep\n|turn|13\n|\n|t:|1655611978\n|move|p2a: Corviknight|Roost|p2a: Corviknight\n|-heal|p2a: Corviknight|100\/100\n|-singleturn|p2a: Corviknight|move: Roost\n|move|p1a: Melmetal|Thunder Punch|p2a: Corviknight\n|-damage|p2a: Corviknight|78\/100\n|-damage|p1a: Melmetal|39\/100|[from] item: Rocky Helmet|[of] p2a: Corviknight\n|\n|upkeep\n|turn|14\n|j| Tu tu tu gi h\n|\n|t:|1655611990\n|switch|p1a: Tangrowth|Tangrowth, F|100\/100 tox\n|-damage|p1a: Tangrowth|88\/100 tox|[from] Stealth Rock\n|move|p2a: Corviknight|Brave Bird|p1a: Tangrowth\n|-supereffective|p1a: Tangrowth\n|-crit|p1a: Tangrowth\n|-damage|p1a: Tangrowth|34\/100 tox\n|-damage|p2a: Corviknight|62\/100|[from] item: Rocky Helmet|[of] p1a: Tangrowth\n|-damage|p2a: Corviknight|44\/100|[from] Recoil\n|\n|-damage|p1a: Tangrowth|28\/100 tox|[from] psn\n|upkeep\n|turn|15\n|\n|t:|1655612003\n|move|p2a: Corviknight|Brave Bird|p1a: Tangrowth\n|-supereffective|p1a: Tangrowth\n|-damage|p1a: Tangrowth|0 fnt\n|-damage|p2a: Corviknight|27\/100|[from] item: Rocky Helmet|[of] p1a: Tangrowth\n|faint|p1a: Tangrowth\n|-damage|p2a: Corviknight|18\/100|[from] Recoil\n|\n|upkeep\n|\n|t:|1655612016\n|switch|p1a: Melmetal|Melmetal|39\/100\n|-damage|p1a: Melmetal|33\/100|[from] Stealth Rock\n|turn|16\n|\n|t:|1655612022\n|move|p2a: Corviknight|Brave Bird|p1a: Melmetal\n|-resisted|p1a: Melmetal\n|-crit|p1a: Melmetal\n|-damage|p1a: Melmetal|18\/100\n|-damage|p2a: Corviknight|12\/100|[from] Recoil\n|move|p1a: Melmetal|Double Iron Bash|p2a: Corviknight\n|-resisted|p2a: Corviknight\n|-damage|p2a: Corviknight|0 fnt\n|-damage|p1a: Melmetal|1\/100|[from] item: Rocky Helmet|[of] p2a: Corviknight\n|faint|p2a: Corviknight\n|-hitcount|p2: Corviknight|1\n|\n|upkeep\n|\n|t:|1655612026\n|switch|p2a: Malamar|Malamar, M|100\/100\n|turn|17\n|\n|t:|1655612038\n|switch|p1a: Tornadus|Tornadus-Therian, M|100\/100\n|move|p2a: Malamar|Knock Off|p1a: Tornadus\n|-damage|p1a: Tornadus|53\/100\n|-enditem|p1a: Tornadus|Heavy-Duty Boots|[from] move: Knock Off|[of] p2a: Malamar\n|\n|upkeep\n|turn|18\n|\n|t:|1655612047\n|move|p2a: Malamar|Knock Off|p1a: Tornadus\n|-damage|p1a: Tornadus|25\/100\n|move|p1a: Tornadus|Hurricane|p2a: Malamar|[miss]\n|-miss|p1a: Tornadus|p2a: Malamar\n|\n|upkeep\n|turn|19\n|\n|t:|1655612063\n|switch|p1a: Melmetal|Melmetal|1\/100\n|-damage|p1a: Melmetal|0 fnt|[from] Stealth Rock\n|faint|p1a: Melmetal\n|move|p2a: Malamar|Knock Off|p1: Melmetal|[notarget]\n|-fail|p2a: Malamar\n|\n|upkeep\n|\n|t:|1655612077\n|switch|p1a: Dragonite|Dragonite, M|100\/100\n|-damage|p1a: Dragonite|76\/100|[from] Stealth Rock\n|turn|20\n|\n|t:|1655612092\n|move|p2a: Malamar|Knock Off|p1a: Dragonite\n|-damage|p1a: Dragonite|34\/100\n|-enditem|p1a: Dragonite|Choice Band|[from] move: Knock Off|[of] p2a: Malamar\n|move|p1a: Dragonite|Dual Wingbeat|p2a: Malamar\n|-damage|p2a: Malamar|72\/100\n|-damage|p2a: Malamar|44\/100\n|-hitcount|p2a: Malamar|2\n|\n|upkeep\n|turn|21\n|inactive|rco113 has 120 seconds left.\n|\n|t:|1655612111\n|move|p2a: Malamar|Knock Off|p1a: Dragonite\n|-damage|p1a: Dragonite|5\/100\n|move|p1a: Dragonite|Dual Wingbeat|p2a: Malamar|[miss]\n|-miss|p1a: Dragonite|p2a: Malamar\n|\n|upkeep\n|turn|22\n|inactive|rco113 has 120 seconds left.\n|\n|t:|1655612123\n|move|p2a: Malamar|Knock Off|p1a: Dragonite\n|-damage|p1a: Dragonite|0 fnt\n|faint|p1a: Dragonite\n|\n|upkeep\n|inactive|rco113 has 120 seconds left.\n|\n|t:|1655612131\n|switch|p1a: Tornadus|Tornadus-Therian, M|58\/100\n|-damage|p1a: Tornadus|33\/100|[from] Stealth Rock\n|turn|23\n|\n|t:|1655612145\n|switch|p2a: Slowbro|Slowbro-Galar, M|48\/100 par\n|move|p1a: Tornadus|Hurricane|p2a: Slowbro\n|-damage|p2a: Slowbro|21\/100 par\n|\n|upkeep\n|turn|24\n|\n|t:|1655612155\n|switch|p2a: Clefable|Clefable, F|98\/100\n|move|p1a: Tornadus|Knock Off|p2a: Clefable\n|-resisted|p2a: Clefable\n|-damage|p2a: Clefable|90\/100\n|-enditem|p2a: Clefable|Leftovers|[from] move: Knock Off|[of] p1a: Tornadus\n|\n|upkeep\n|turn|25\n|\n|t:|1655612167\n|move|p1a: Tornadus|U-turn|p2a: Clefable\n|-resisted|p2a: Clefable\n|-damage|p2a: Clefable|85\/100\n|\n|t:|1655612170\n|switch|p1a: Regieleki|Regieleki|100\/100|[from]move: U-turn\n|-damage|p1a: Regieleki|88\/100|[from] Stealth Rock\n|move|p2a: Clefable|Heal Bell|p2a: Clefable\n|-activate|p2a: Clefable|move: Heal Bell\n|-curestatus|p2: Slowbro|par|[msg]\n|-curestatus|p2: Seismitoad|slp|[msg]\n|\n|upkeep\n|turn|26\n|\n|t:|1655612183\n|switch|p2a: Seismitoad|Seismitoad, M|100\/100\n|move|p1a: Regieleki|Rapid Spin|p2a: Seismitoad\n|-damage|p2a: Seismitoad|92\/100\n|-boost|p1a: Regieleki|spe|1\n|-sideend|p1: rco113|Stealth Rock|[from] move: Rapid Spin|[of] p1a: Regieleki\n|\n|-heal|p2a: Seismitoad|98\/100|[from] item: Leftovers\n|upkeep\n|turn|27\n|\n|t:|1655612193\n|switch|p1a: Tornadus|Tornadus-Therian, M|66\/100\n|move|p2a: Seismitoad|Toxic|p1a: Tornadus\n|-status|p1a: Tornadus|tox\n|\n|-heal|p2a: Seismitoad|100\/100|[from] item: Leftovers\n|-damage|p1a: Tornadus|60\/100 tox|[from] psn\n|upkeep\n|turn|28\n|\n|t:|1655612204\n|switch|p2a: Clefable|Clefable, F|85\/100\n|move|p1a: Tornadus|Hurricane|p2a: Clefable\n|-damage|p2a: Clefable|46\/100\n|\n|-damage|p1a: Tornadus|48\/100 tox|[from] psn\n|upkeep\n|turn|29\n|\n|t:|1655612213\n|move|p1a: Tornadus|Hurricane|p2a: Clefable\n|-damage|p2a: Clefable|5\/100\n|move|p2a: Clefable|Wish|p2a: Clefable\n|\n|-damage|p1a: Tornadus|30\/100 tox|[from] psn\n|upkeep\n|turn|30\n|\n|t:|1655612223\n|switch|p2a: Slowbro|Slowbro-Galar, M|54\/100\n|move|p1a: Tornadus|Knock Off|p2a: Slowbro\n|-supereffective|p2a: Slowbro\n|-damage|p2a: Slowbro|23\/100\n|-enditem|p2a: Slowbro|Assault Vest|[from] move: Knock Off|[of] p1a: Tornadus\n|\n|-heal|p2a: Slowbro|73\/100|[from] move: Wish|[wisher] Clefable\n|-damage|p1a: Tornadus|5\/100 tox|[from] psn\n|upkeep\n|turn|31\n|\n|t:|1655612235\n|switch|p1a: Regieleki|Regieleki|88\/100\n|move|p2a: Slowbro|Earthquake|p1a: Regieleki\n|-supereffective|p1a: Regieleki\n|-damage|p1a: Regieleki|0 fnt\n|faint|p1a: Regieleki\n|\n|upkeep\n|\n|t:|1655612244\n|switch|p1a: Tornadus|Tornadus-Therian, M|39\/100 tox\n|turn|32\n|\n|t:|1655612249\n|move|p1a: Tornadus|Knock Off|p2a: Slowbro\n|-supereffective|p2a: Slowbro\n|-damage|p2a: Slowbro|49\/100\n|move|p2a: Slowbro|Ice Beam|p1a: Tornadus\n|-supereffective|p1a: Tornadus\n|-damage|p1a: Tornadus|0 fnt\n|faint|p1a: Tornadus\n|\n|win|andrewm0n\n|raw|rco113's rating: 1591 &rarr; <strong>1575<\/strong><br \/>(-16 for losing)\n|raw|andrewm0n's rating: 1663 &rarr; <strong>1679<\/strong><br \/>(+16 for winning)\n|l|\u2606andrewm0n\n|l|\u2606rco113\n","uploadtime":1655612582,"views":48,"p1id":"rco113","p2id":"andrewm0n","formatid":"gen8ou","rating":1575,"private":0,"password":null}