{"id":"gen8nationaldex-1575730832","p1":"Ayante","p2":"FashunKilla","format":"gen8nationaldex","log":"|j|\u2606Ayante\n|j|\u2606FashunKilla\n|inactive|Battle timer is ON: inactive players will automatically lose when time's up.\n|t:|1652668726\n|gametype|singles\n|player|p1|Ayante|koga|\n|player|p2|FashunKilla|rei|\n|teamsize|p1|6\n|teamsize|p2|6\n|gen|8\n|tier|[Gen 8] National Dex\n|rated|Tournament battle\n|rule|HP Percentage Mod: HP is shown in percentages\n|rule|Endless Battle Clause: Forcing endless battles is banned\n|rule|OHKO Clause: OHKO moves are banned\n|rule|Evasion Moves Clause: Evasion moves are banned\n|rule|Species Clause: Limit one of each Pok\u00e9mon\n|rule|Dynamax Clause: You cannot dynamax\n|rule|Sleep Clause Mod: Limit one foe put to sleep\n|clearpoke\n|poke|p1|Lopunny, M|\n|poke|p1|Landorus-Therian, M|\n|poke|p1|Heatran, F|\n|poke|p1|Tapu Fini|\n|poke|p1|Garchomp, M|\n|poke|p1|Jirachi|\n|poke|p2|Landorus-Therian, M|\n|poke|p2|Tapu Koko|\n|poke|p2|Aegislash, M|\n|poke|p2|Gyarados, M|\n|poke|p2|Mew|\n|poke|p2|Kommo-o, M|\n|teampreview\n|j| yaboiAshK.\n|j| Tapu Mimikyu\n|j| Knopper\n|c|\u2606FashunKilla|what r is this\n|c|\u2606FashunKilla|on mobile\n|inactive|Ayante has 120 seconds left.\n|inactive|FashunKilla has 120 seconds left.\n|\n|t:|1652668763\n|start\n|switch|p1a: Landorus|Landorus-Therian, M|100\/100\n|switch|p2a: Tapu Koko|Tapu Koko|100\/100\n|-fieldstart|move: Electric Terrain|[from] ability: Electric Surge|[of] p2a: Tapu Koko\n|-ability|p1a: Landorus|Intimidate|boost\n|-unboost|p2a: Tapu Koko|atk|1\n|turn|1\n|\n|t:|1652668769\n|move|p2a: Tapu Koko|U-turn|p1a: Landorus\n|-resisted|p1a: Landorus\n|-damage|p1a: Landorus|94\/100\n|\n|t:|1652668771\n|switch|p2a: Landorus|Landorus-Therian, M|100\/100|[from]move: U-turn\n|-ability|p2a: Landorus|Intimidate|boost\n|-unboost|p1a: Landorus|atk|1\n|move|p1a: Landorus|Earthquake|p2a: Landorus\n|-immune|p2a: Landorus\n|\n|-heal|p1a: Landorus|100\/100|[from] item: Leftovers\n|upkeep\n|turn|2\n|\n|t:|1652668773\n|move|p1a: Landorus|Knock Off|p2a: Landorus\n|-damage|p2a: Landorus|82\/100\n|-enditem|p2a: Landorus|Eject Button|[from] move: Knock Off|[of] p1a: Landorus\n|move|p2a: Landorus|Stealth Rock|p1a: Landorus\n|-sidestart|p1: Ayante|move: Stealth Rock\n|\n|upkeep\n|turn|3\n|j| gxe \u261d check \u261d\n|\n|t:|1652668779\n|move|p1a: Landorus|Defog|p2a: Landorus\n|-unboost|p2a: Landorus|evasion|1\n|-sideend|p1: Ayante|Stealth Rock|[from] move: Defog|[of] p1a: Landorus\n|-fieldend|move: Electric Terrain\n|move|p2a: Landorus|Explosion|p1a: Landorus\n|-damage|p1a: Landorus|18\/100\n|faint|p2a: Landorus\n|\n|-heal|p1a: Landorus|24\/100|[from] item: Leftovers\n|upkeep\n|j| 50 at max\n|\n|t:|1652668806\n|switch|p2a: Gyarados|Gyarados, M|100\/100\n|-ability|p2a: Gyarados|Intimidate|boost\n|-unboost|p1a: Landorus|atk|1\n|turn|4\n|j| Mega Pinsir Test\n|\n|t:|1652668821\n|move|p2a: Gyarados|Crunch|p1a: Landorus\n|-damage|p1a: Landorus|0 fnt\n|faint|p1a: Landorus\n|\n|upkeep\n|j| 5uyu5\n|inactive|Ayante has 120 seconds left.\n|\n|t:|1652668850\n|switch|p1a: Garchomp|Garchomp, M|100\/100\n|turn|5\n|j| Mikirae\n|\n|t:|1652668870\n|move|p1a: Garchomp|Stone Edge|p2a: Gyarados\n|-supereffective|p2a: Gyarados\n|-damage|p2a: Gyarados|12\/100\n|move|p2a: Gyarados|Dragon Dance|p2a: Gyarados\n|-boost|p2a: Gyarados|atk|1\n|-boost|p2a: Gyarados|spe|1\n|\n|upkeep\n|turn|6\n|j| maxinyuuu\n|\n|t:|1652668886\n|detailschange|p2a: Gyarados|Gyarados-Mega, M\n|-mega|p2a: Gyarados|Gyarados|Gyaradosite\n|-ability|p2a: Gyarados|Mold Breaker\n|move|p2a: Gyarados|Earthquake|p1a: Garchomp\n|-damage|p1a: Garchomp|42\/100\n|move|p1a: Garchomp|Stealth Rock|p2a: Gyarados\n|-sidestart|p2: FashunKilla|move: Stealth Rock\n|\n|-heal|p1a: Garchomp|48\/100|[from] item: Leftovers\n|upkeep\n|turn|7\n|j| Random123123\n|\n|t:|1652668894\n|move|p2a: Gyarados|Earthquake|p1a: Garchomp\n|-damage|p1a: Garchomp|0 fnt\n|faint|p1a: Garchomp\n|\n|upkeep\n|\n|t:|1652668896\n|switch|p1a: Tapu Fini|Tapu Fini|100\/100\n|-fieldstart|move: Misty Terrain|[from] ability: Misty Surge|[of] p1a: Tapu Fini\n|turn|8\n|\n|t:|1652668901\n|move|p2a: Gyarados|Earthquake|p1a: Tapu Fini\n|-damage|p1a: Tapu Fini|61\/100\n|move|p1a: Tapu Fini|Moonblast|p2a: Gyarados\n|-supereffective|p2a: Gyarados\n|-damage|p2a: Gyarados|0 fnt\n|faint|p2a: Gyarados\n|\n|-heal|p1a: Tapu Fini|67\/100|[from] item: Leftovers\n|upkeep\n|\n|t:|1652668904\n|switch|p2a: Tapu Koko|Tapu Koko|100\/100\n|-damage|p2a: Tapu Koko|88\/100|[from] Stealth Rock\n|-fieldstart|move: Electric Terrain|[from] ability: Electric Surge|[of] p2a: Tapu Koko\n|turn|9\n|\n|t:|1652668909\n|switch|p1a: Heatran|Heatran, F|100\/100\n|move|p2a: Tapu Koko|Taunt|p1a: Heatran\n|-start|p1a: Heatran|move: Taunt\n|\n|upkeep\n|turn|10\n|\n|t:|1652668918\n|move|p2a: Tapu Koko|Light Screen|p2a: Tapu Koko\n|-sidestart|p2: FashunKilla|move: Light Screen\n|move|p1a: Heatran|Magma Storm|p2a: Tapu Koko\n|-damage|p2a: Tapu Koko|63\/100\n|-activate|p2a: Tapu Koko|move: Magma Storm|[of] p1a: Heatran\n|\n|-damage|p2a: Tapu Koko|50\/100|[from] move: Magma Storm|[partiallytrapped]\n|upkeep\n|turn|11\n|\n|t:|1652668929\n|move|p2a: Tapu Koko|U-turn|p1a: Heatran\n|-resisted|p1a: Heatran\n|-damage|p1a: Heatran|98\/100\n|\n|t:|1652668931\n|switch|p2a: Mew|Mew, shiny|100\/100|[from]move: U-turn\n|-damage|p2a: Mew|88\/100|[from] Stealth Rock\n|move|p1a: Heatran|Magma Storm|p2a: Mew\n|-damage|p2a: Mew|66\/100\n|-activate|p2a: Mew|move: Magma Storm|[of] p1a: Heatran\n|\n|-heal|p1a: Heatran|100\/100|[from] item: Leftovers\n|-damage|p2a: Mew|54\/100|[from] move: Magma Storm|[partiallytrapped]\n|-end|p1a: Heatran|move: Taunt\n|upkeep\n|turn|12\n|\n|t:|1652668939\n|move|p2a: Mew|Nasty Plot|p2a: Mew\n|-boost|p2a: Mew|spa|2\n|move|p1a: Heatran|Toxic|p2a: Mew\n|-status|p2a: Mew|tox\n|-activate|p2a: Mew|ability: Synchronize\n|-immune|p1a: Heatran\n|\n|-damage|p2a: Mew|48\/100 tox|[from] psn\n|-damage|p2a: Mew|35\/100 tox|[from] move: Magma Storm|[partiallytrapped]\n|upkeep\n|turn|13\n|\n|t:|1652668956\n|move|p2a: Mew|Aura Sphere|p1a: Heatran\n|-supereffective|p1a: Heatran\n|-damage|p1a: Heatran|17\/100\n|move|p1a: Heatran|Earth Power|p2a: Mew\n|-damage|p2a: Mew|22\/100 tox\n|-enditem|p2a: Mew|Salac Berry|[eat]\n|-boost|p2a: Mew|spe|1|[from] item: Salac Berry\n|\n|-heal|p1a: Heatran|23\/100|[from] item: Leftovers\n|-damage|p2a: Mew|10\/100 tox|[from] psn\n|-damage|p2a: Mew|0 fnt|[from] move: Magma Storm|[partiallytrapped]\n|faint|p2a: Mew\n|-fieldend|move: Electric Terrain\n|upkeep\n|j| TestingBot#7233\n|\n|t:|1652668972\n|switch|p2a: Aegislash|Aegislash, M|100\/100\n|-damage|p2a: Aegislash|94\/100|[from] Stealth Rock\n|turn|14\n|\n|t:|1652668975\n|move|p1a: Heatran|Taunt|p2a: Aegislash\n|-start|p2a: Aegislash|move: Taunt\n|cant|p2a: Aegislash|move: Taunt|Autotomize\n|\n|-heal|p1a: Heatran|29\/100|[from] item: Leftovers\n|upkeep\n|turn|15\n|\n|t:|1652668984\n|move|p1a: Heatran|Magma Storm|p2a: Aegislash|[miss]\n|-miss|p1a: Heatran|p2a: Aegislash\n|-formechange|p2a: Aegislash|Aegislash-Blade||[from] ability: Stance Change\n|move|p2a: Aegislash|Shadow Claw|p1a: Heatran\n|-damage|p1a: Heatran|2\/100\n|\n|-heal|p1a: Heatran|9\/100|[from] item: Leftovers\n|upkeep\n|turn|16\n|\n|t:|1652668989\n|switch|p2a: Tapu Koko|Tapu Koko|50\/100\n|-damage|p2a: Tapu Koko|38\/100|[from] Stealth Rock\n|-fieldstart|move: Electric Terrain|[from] ability: Electric Surge|[of] p2a: Tapu Koko\n|move|p1a: Heatran|Earth Power|p2a: Tapu Koko\n|-supereffective|p2a: Tapu Koko\n|-damage|p2a: Tapu Koko|8\/100\n|-unboost|p2a: Tapu Koko|spd|1\n|\n|-heal|p1a: Heatran|15\/100|[from] item: Leftovers\n|upkeep\n|turn|17\n|\n|t:|1652669008\n|switch|p1a: Tapu Fini|Tapu Fini|67\/100\n|-fieldstart|move: Misty Terrain|[from] ability: Misty Surge|[of] p1a: Tapu Fini\n|move|p2a: Tapu Koko|Reflect|p2a: Tapu Koko\n|-sidestart|p2: FashunKilla|Reflect\n|\n|-heal|p1a: Tapu Fini|73\/100|[from] item: Leftovers\n|-sideend|p2: FashunKilla|move: Light Screen\n|upkeep\n|turn|18\n|j| gewwge\n|\n|t:|1652669014\n|switch|p1a: Heatran|Heatran, F|15\/100\n|move|p2a: Tapu Koko|Light Screen|p2a: Tapu Koko\n|-sidestart|p2: FashunKilla|move: Light Screen\n|\n|-heal|p1a: Heatran|21\/100|[from] item: Leftovers\n|upkeep\n|turn|19\n|\n|t:|1652669023\n|switch|p1a: Tapu Fini|Tapu Fini|73\/100\n|move|p2a: Tapu Koko|Taunt|p1a: Tapu Fini\n|-start|p1a: Tapu Fini|move: Taunt\n|\n|-heal|p1a: Tapu Fini|80\/100|[from] item: Leftovers\n|upkeep\n|turn|20\n|\n|t:|1652669040\n|switch|p1a: Heatran|Heatran, F|21\/100\n|move|p2a: Tapu Koko|U-turn|p1a: Heatran\n|-resisted|p1a: Heatran\n|-damage|p1a: Heatran|18\/100\n|\n|t:|1652669045\n|switch|p2a: Aegislash|Aegislash, M|94\/100|[from]move: U-turn\n|-damage|p2a: Aegislash|88\/100|[from] Stealth Rock\n|\n|-heal|p1a: Heatran|24\/100|[from] item: Leftovers\n|upkeep\n|turn|21\n|\n|t:|1652669048\n|move|p1a: Heatran|Taunt|p2a: Aegislash\n|-start|p2a: Aegislash|move: Taunt\n|-formechange|p2a: Aegislash|Aegislash-Blade||[from] ability: Stance Change\n|move|p2a: Aegislash|Shadow Claw|p1a: Heatran\n|-damage|p1a: Heatran|0 fnt\n|faint|p1a: Heatran\n|\n|-fieldend|Misty Terrain\n|upkeep\n|\n|t:|1652669069\n|switch|p1a: Jirachi|Jirachi|100\/100\n|turn|22\n|j| Trainer Felipe\n|l| Trainer Felipe\n|l|\u2606FashunKilla\n|inactive|FashunKilla disconnected and has a minute to reconnect!\n|player|p2|\n|j|\u2606FashunKilla\n|inactive|FashunKilla reconnected and has 120 seconds left.\n|player|p2|FashunKilla|rei\n|l| 50 at max\n|\n|t:|1652669104\n|move|p1a: Jirachi|Fire Punch|p2a: Aegislash\n|-supereffective|p2a: Aegislash\n|-damage|p2a: Aegislash|51\/100\n|-enditem|p2a: Aegislash|Weakness Policy\n|-boost|p2a: Aegislash|atk|2|[from] item: Weakness Policy\n|-boost|p2a: Aegislash|spa|2|[from] item: Weakness Policy\n|move|p2a: Aegislash|Shadow Claw|p1a: Jirachi\n|-supereffective|p1a: Jirachi\n|-damage|p1a: Jirachi|0 fnt\n|faint|p1a: Jirachi\n|\n|upkeep\n|\n|t:|1652669118\n|switch|p1a: Lopunny|Lopunny, M|100\/100\n|turn|23\n|inactive|FashunKilla has 120 seconds left.\n|\n|t:|1652669133\n|switch|p2a: Tapu Koko|Tapu Koko|8\/100\n|-damage|p2a: Tapu Koko|0 fnt|[from] Stealth Rock\n|faint|p2a: Tapu Koko\n|detailschange|p1a: Lopunny|Lopunny-Mega, M\n|-mega|p1a: Lopunny|Lopunny|Lopunnite\n|move|p1a: Lopunny|Frustration|p2: Tapu Koko|[notarget]\n|-fail|p1a: Lopunny\n|\n|upkeep\n|j|%Mimikyu Stardust\n|inactive|FashunKilla has 120 seconds left.\n|\n|t:|1652669143\n|switch|p2a: Kommo-o|Kommo-o, M|100\/100\n|-damage|p2a: Kommo-o|94\/100|[from] Stealth Rock\n|turn|24\n|\n|t:|1652669148\n|switch|p1a: Tapu Fini|Tapu Fini|80\/100\n|-fieldstart|move: Misty Terrain|[from] ability: Misty Surge|[of] p1a: Tapu Fini\n|move|p2a: Kommo-o|Poison Jab|p1a: Tapu Fini\n|-supereffective|p1a: Tapu Fini\n|-damage|p1a: Tapu Fini|46\/100\n|\n|-heal|p1a: Tapu Fini|53\/100|[from] item: Leftovers\n|-sideend|p2: FashunKilla|Reflect\n|upkeep\n|turn|25\n|\n|t:|1652669156\n|move|p2a: Kommo-o|Poison Jab|p1a: Tapu Fini\n|-supereffective|p1a: Tapu Fini\n|-damage|p1a: Tapu Fini|20\/100\n|move|p1a: Tapu Fini|Moonblast|p2a: Kommo-o\n|-supereffective|p2a: Kommo-o\n|-crit|p2a: Kommo-o\n|-damage|p2a: Kommo-o|0 fnt\n|faint|p2a: Kommo-o\n|\n|-heal|p1a: Tapu Fini|26\/100|[from] item: Leftovers\n|-sideend|p2: FashunKilla|move: Light Screen\n|upkeep\n|\n|t:|1652669159\n|switch|p2a: Aegislash|Aegislash, M|51\/100\n|-damage|p2a: Aegislash|45\/100|[from] Stealth Rock\n|turn|26\n|\n|t:|1652669165\n|move|p1a: Tapu Fini|Taunt|p2a: Aegislash\n|-start|p2a: Aegislash|move: Taunt\n|cant|p2a: Aegislash|move: Taunt|Autotomize\n|\n|-heal|p1a: Tapu Fini|32\/100|[from] item: Leftovers\n|upkeep\n|turn|27\n|c|\u2606FashunKilla|ggs\n|\n|t:|1652669178\n|move|p1a: Tapu Fini|Knock Off|p2a: Aegislash\n|-supereffective|p2a: Aegislash\n|-damage|p2a: Aegislash|28\/100\n|-formechange|p2a: Aegislash|Aegislash-Blade||[from] ability: Stance Change\n|move|p2a: Aegislash|Shadow Claw|p1a: Tapu Fini\n|-damage|p1a: Tapu Fini|3\/100\n|\n|-heal|p1a: Tapu Fini|10\/100|[from] item: Leftovers\n|upkeep\n|turn|28\n|\n|t:|1652669183\n|move|p1a: Tapu Fini|Moonblast|p2a: Aegislash\n|-resisted|p2a: Aegislash\n|-damage|p2a: Aegislash|0 fnt\n|faint|p2a: Aegislash\n|\n|win|Ayante\n|n|\u2606Ayante|ayante\n|n| yaboiAshK.|yaboiashk\n|n| Tapu Mimikyu|tapumimikyu\n|n| Knopper|knopper\n|n| gxe \u261d check \u261d|gxecheck\n|n| Mega Pinsir Test|megapinsirtest\n|n| 5uyu5|5uyu5\n|n| Mikirae|mikirae\n|n| maxinyuuu|maxinyuuu\n|n| Random123123|random123123\n|n| TestingBot#7233|testingbot7233\n|n| gewwge|gewwge\n|n|\u2606FashunKilla|fashunkilla\n|n| Mimikyu Stardust|mimikyustardust\n","uploadtime":1652669184,"views":39,"p1id":"ayante","p2id":"fashunkilla","formatid":"gen8nationaldex","rating":0,"private":0,"password":null}