{"id":"gen8ou-1678563196","p1":"peiqiOvO","p2":"RggV_YT","format":"gen8ou","log":"|j|\u2606peiqiOvO\n|j|\u2606RggV_YT\n|t:|1665001916\n|gametype|singles\n|player|p1|peiqiOvO|2|1723\n|player|p2|RggV_YT|scientist-gen4|1908\n|teamsize|p1|6\n|teamsize|p2|6\n|gen|8\n|tier|[Gen 8] OU\n|rated|\n|rule|Sleep Clause Mod: Limit one foe put to sleep\n|rule|Species Clause: Limit one of each Pok\u00e9mon\n|rule|OHKO Clause: OHKO moves are banned\n|rule|Evasion Items Clause: Evasion items are banned\n|rule|Evasion Moves Clause: Evasion moves are banned\n|rule|Endless Battle Clause: Forcing endless battles is banned\n|rule|HP Percentage Mod: HP is shown in percentages\n|rule|Dynamax Clause: You cannot dynamax\n|clearpoke\n|poke|p1|Dragapult, M|\n|poke|p1|Urshifu-*, M|\n|poke|p1|Zapdos|\n|poke|p1|Blacephalon|\n|poke|p1|Ferrothorn, M|\n|poke|p1|Melmetal|\n|poke|p2|Politoed, M|\n|poke|p2|Heliolisk, M|\n|poke|p2|Kingdra, M|\n|poke|p2|Mudsdale, F|\n|poke|p2|Scizor, F|\n|poke|p2|Victini|\n|teampreview\n|inactive|Battle timer is ON: inactive players will automatically lose when time's up. (requested by RggV_YT)\n|\n|t:|1665001943\n|start\n|switch|p1a: Dragapult|Dragapult, M|100\/100\n|switch|p2a: Politoed|Politoed, M|100\/100\n|-weather|RainDance|[from] ability: Drizzle|[of] p2a: Politoed\n|turn|1\n|\n|t:|1665001962\n|switch|p2a: Scizor|Scizor, F|100\/100\n|move|p1a: Dragapult|Draco Meteor|p2a: Scizor\n|-resisted|p2a: Scizor\n|-damage|p2a: Scizor|48\/100\n|-unboost|p1a: Dragapult|spa|2\n|\n|-weather|RainDance|[upkeep]\n|-heal|p2a: Scizor|54\/100|[from] item: Leftovers\n|upkeep\n|turn|2\n|\n|t:|1665001972\n|switch|p1a: Urshifu|Urshifu-Rapid-Strike, M|100\/100\n|move|p2a: Scizor|Knock Off|p1a: Urshifu\n|-resisted|p1a: Urshifu\n|-damage|p1a: Urshifu|81\/100\n|-enditem|p1a: Urshifu|Choice Band|[from] move: Knock Off|[of] p2a: Scizor\n|\n|-weather|RainDance|[upkeep]\n|-heal|p2a: Scizor|61\/100|[from] item: Leftovers\n|upkeep\n|turn|3\n|\n|t:|1665001985\n|switch|p2a: Mudsdale|Mudsdale, F, shiny|100\/100\n|move|p1a: Urshifu|Close Combat|p2a: Mudsdale\n|-crit|p2a: Mudsdale\n|-damage|p2a: Mudsdale|46\/100\n|-unboost|p1a: Urshifu|def|1\n|-unboost|p1a: Urshifu|spd|1\n|-ability|p2a: Mudsdale|Stamina|boost\n|-boost|p2a: Mudsdale|def|1\n|\n|-weather|RainDance|[upkeep]\n|-heal|p2a: Mudsdale|52\/100|[from] item: Leftovers\n|upkeep\n|turn|4\n|\n|t:|1665001992\n|switch|p2a: Heliolisk|Heliolisk, M|100\/100\n|move|p1a: Urshifu|Close Combat|p2a: Heliolisk\n|-supereffective|p2a: Heliolisk\n|-damage|p2a: Heliolisk|0 fnt\n|-unboost|p1a: Urshifu|def|1\n|-unboost|p1a: Urshifu|spd|1\n|faint|p2a: Heliolisk\n|\n|-weather|RainDance|[upkeep]\n|upkeep\n|\n|t:|1665001994\n|switch|p2a: Kingdra|Kingdra, M|100\/100\n|turn|5\n|\n|t:|1665002000\n|switch|p1a: Ferrothorn|Ferrothorn, M|100\/100\n|move|p2a: Kingdra|Hydro Pump|p1a: Ferrothorn\n|-resisted|p1a: Ferrothorn\n|-damage|p1a: Ferrothorn|65\/100\n|\n|-weather|RainDance|[upkeep]\n|-heal|p1a: Ferrothorn|72\/100|[from] item: Leftovers\n|upkeep\n|turn|6\n|\n|t:|1665002007\n|move|p2a: Kingdra|Hydro Pump|p1a: Ferrothorn|[miss]\n|-miss|p2a: Kingdra|p1a: Ferrothorn\n|move|p1a: Ferrothorn|Leech Seed|p2a: Kingdra\n|-start|p2a: Kingdra|move: Leech Seed\n|\n|-weather|RainDance|[upkeep]\n|-heal|p1a: Ferrothorn|78\/100|[from] item: Leftovers\n|-damage|p2a: Kingdra|88\/100|[from] Leech Seed|[of] p1a: Ferrothorn\n|-heal|p1a: Ferrothorn|88\/100|[silent]\n|upkeep\n|turn|7\n|\n|t:|1665002010\n|switch|p2a: Victini|Victini|100\/100\n|move|p1a: Ferrothorn|Knock Off|p2a: Victini\n|-supereffective|p2a: Victini\n|-damage|p2a: Victini|60\/100\n|-enditem|p2a: Victini|Choice Band|[from] move: Knock Off|[of] p1a: Ferrothorn\n|\n|-weather|RainDance|[upkeep]\n|-heal|p1a: Ferrothorn|94\/100|[from] item: Leftovers\n|upkeep\n|turn|8\n|\n|t:|1665002014\n|move|p1a: Ferrothorn|Protect|p1a: Ferrothorn\n|-singleturn|p1a: Ferrothorn|Protect\n|move|p2a: Victini|U-turn|p1a: Ferrothorn\n|-activate|p1a: Ferrothorn|move: Protect\n|\n|-weather|none\n|-heal|p1a: Ferrothorn|100\/100|[from] item: Leftovers\n|upkeep\n|turn|9\n|\n|t:|1665002019\n|switch|p1a: Zapdos|Zapdos|100\/100\n|move|p2a: Victini|V-create|p1a: Zapdos\n|-damage|p1a: Zapdos|42\/100\n|-unboost|p2a: Victini|spe|1\n|-unboost|p2a: Victini|def|1\n|-unboost|p2a: Victini|spd|1\n|\n|upkeep\n|turn|10\n|\n|t:|1665002023\n|move|p1a: Zapdos|Roost|p1a: Zapdos\n|-heal|p1a: Zapdos|92\/100\n|-singleturn|p1a: Zapdos|move: Roost\n|move|p2a: Victini|V-create|p1a: Zapdos\n|-damage|p1a: Zapdos|40\/100\n|-unboost|p2a: Victini|spe|1\n|-unboost|p2a: Victini|def|1\n|-unboost|p2a: Victini|spd|1\n|\n|upkeep\n|turn|11\n|\n|t:|1665002027\n|switch|p2a: Politoed|Politoed, M|100\/100\n|-weather|RainDance|[from] ability: Drizzle|[of] p2a: Politoed\n|move|p1a: Zapdos|Roost|p1a: Zapdos\n|-heal|p1a: Zapdos|90\/100\n|-singleturn|p1a: Zapdos|move: Roost\n|\n|-weather|RainDance|[upkeep]\n|upkeep\n|turn|12\n|-message|RggV_YT forfeited.\n|\n|win|peiqiOvO\n|raw|peiqiOvO's rating: 1723 &rarr; <strong>1753<\/strong><br \/>(+30 for winning)\n|raw|RggV_YT's rating: 1908 &rarr; <strong>1878<\/strong><br \/>(-30 for losing)\n|l|\u2606RggV_YT\n","uploadtime":1665002045,"views":40,"p1id":"peiqiovo","p2id":"rggvyt","formatid":"gen8ou","rating":1753,"private":0,"password":null}