{"id":"gen8ubers-1448636571","p1":"Lake Monsters","p2":"xasahbae","format":"gen8ubers","log":"|j|\u2606Lake Monsters\n|j|\u2606xasahbae\n|inactive|Battle timer is ON: inactive players will automatically lose when time's up.\n|t:|1636037551\n|gametype|singles\n|player|p1|Lake Monsters|lance-gen3|\n|player|p2|xasahbae|lass-gen4dp|\n|teamsize|p1|6\n|teamsize|p2|6\n|gen|8\n|tier|[Gen 8] Ubers\n|rated|Tournament battle\n|rule|Sleep Clause Mod: Limit one foe put to sleep\n|rule|Species Clause: Limit one of each Pok\u00e9mon\n|rule|OHKO Clause: OHKO moves are banned\n|rule|Evasion Moves Clause: Evasion moves are banned\n|rule|Endless Battle Clause: Forcing endless battles is banned\n|rule|HP Percentage Mod: HP is shown in percentages\n|rule|Dynamax Clause: You cannot dynamax\n|clearpoke\n|poke|p1|Groudon|\n|poke|p1|Calyrex-Shadow|\n|poke|p1|Ho-Oh|\n|poke|p1|Yveltal|\n|poke|p1|Eternatus|\n|poke|p1|Necrozma-Dusk-Mane|\n|poke|p2|Slurpuff, F|\n|poke|p2|Eternatus|\n|poke|p2|Yveltal|\n|poke|p2|Necrozma-Dusk-Mane|\n|poke|p2|Kyogre|\n|poke|p2|Calyrex-Shadow|\n|teampreview\n|j|*Lady Monita \u263d\n|\n|t:|1636037576\n|start\n|switch|p1a: Ho-Oh|Ho-Oh|100\/100\n|switch|p2a: Slurpuff|Slurpuff, F|100\/100\n|turn|1\n|\n|t:|1636037587\n|move|p2a: Slurpuff|Sticky Web|p1a: Ho-Oh\n|-sidestart|p1: Lake Monsters|move: Sticky Web\n|move|p1a: Ho-Oh|Thunder Wave|p2a: Slurpuff\n|-status|p2a: Slurpuff|par\n|\n|upkeep\n|turn|2\n|\n|t:|1636037591\n|move|p1a: Ho-Oh|Defog|p2a: Slurpuff\n|-unboost|p2a: Slurpuff|evasion|1\n|-sideend|p1: Lake Monsters|Sticky Web|[from] move: Defog|[of] p1a: Ho-Oh\n|move|p2a: Slurpuff|Yawn|p1a: Ho-Oh\n|-start|p1a: Ho-Oh|move: Yawn|[of] p2a: Slurpuff\n|\n|upkeep\n|turn|3\n|\n|t:|1636037600\n|switch|p1a: Necrozma|Necrozma-Dusk-Mane|100\/100\n|move|p2a: Slurpuff|Sticky Web|p1a: Necrozma\n|-sidestart|p1: Lake Monsters|move: Sticky Web\n|\n|upkeep\n|turn|4\n|\n|t:|1636037607\n|move|p2a: Slurpuff|Magic Coat|p2a: Slurpuff\n|-singleturn|p2a: Slurpuff|move: Magic Coat\n|move|p1a: Necrozma|Stealth Rock|p2a: Slurpuff\n|move|p2a: Slurpuff|Stealth Rock|p1a: Necrozma|[from]Magic Coat\n|-sidestart|p1: Lake Monsters|move: Stealth Rock\n|\n|upkeep\n|turn|5\n|\n|t:|1636037612\n|switch|p1a: Ho-Oh|Ho-Oh|100\/100\n|cant|p2a: Slurpuff|par\n|\n|upkeep\n|turn|6\n|\n|t:|1636037616\n|move|p1a: Ho-Oh|Defog|p2a: Slurpuff\n|-unboost|p2a: Slurpuff|evasion|1\n|-sideend|p1: Lake Monsters|Stealth Rock|[from] move: Defog|[of] p1a: Ho-Oh\n|-sideend|p1: Lake Monsters|Sticky Web|[from] move: Defog|[of] p1a: Ho-Oh\n|move|p2a: Slurpuff|Sticky Web|p1a: Ho-Oh\n|-sidestart|p1: Lake Monsters|move: Sticky Web\n|\n|upkeep\n|turn|7\n|\n|t:|1636037621\n|move|p1a: Ho-Oh|Defog|p2a: Slurpuff\n|-unboost|p2a: Slurpuff|evasion|1\n|-sideend|p1: Lake Monsters|Sticky Web|[from] move: Defog|[of] p1a: Ho-Oh\n|move|p2a: Slurpuff|Yawn|p1a: Ho-Oh\n|-start|p1a: Ho-Oh|move: Yawn|[of] p2a: Slurpuff\n|\n|upkeep\n|turn|8\n|\n|t:|1636037624\n|move|p1a: Ho-Oh|Sacred Fire|p2a: Slurpuff\n|-damage|p2a: Slurpuff|16\/100 par\n|move|p2a: Slurpuff|Sticky Web|p1a: Ho-Oh\n|-sidestart|p1: Lake Monsters|move: Sticky Web\n|\n|-end|p1a: Ho-Oh|move: Yawn|[silent]\n|-status|p1a: Ho-Oh|slp\n|upkeep\n|turn|9\n|\n|t:|1636037629\n|switch|p1a: Yveltal|Yveltal|100\/100\n|-ability|p1a: Yveltal|Dark Aura\n|move|p2a: Slurpuff|Misty Explosion|p1a: Yveltal\n|-supereffective|p1a: Yveltal\n|-crit|p1a: Yveltal\n|-damage|p1a: Yveltal|20\/100\n|faint|p2a: Slurpuff\n|\n|upkeep\n|inactive|xasahbae has 120 seconds left.\n|inactive|xasahbae has 90 seconds left.\n|\n|t:|1636037694\n|switch|p2a: Yveltal|Yveltal|100\/100\n|-ability|p2a: Yveltal|Dark Aura\n|turn|10\n|\n|t:|1636037703\n|move|p1a: Yveltal|U-turn|p2a: Yveltal\n|-damage|p2a: Yveltal|83\/100\n|j| Perennial Student\n|\n|t:|1636037705\n|switch|p1a: Eternatus|Eternatus|100\/100|[from]move: U-turn\n|-ability|p1a: Eternatus|Pressure\n|move|p2a: Yveltal|Oblivion Wing|p1a: Eternatus\n|-damage|p1a: Eternatus|77\/100\n|-heal|p2a: Yveltal|100\/100|[from] drain|[of] p1a: Eternatus\n|\n|upkeep\n|turn|11\n|j| DrewCareysFeet\n|\n|t:|1636037721\n|switch|p2a: Necrozma|Necrozma-Dusk-Mane|100\/100\n|move|p1a: Eternatus|Mystical Fire|p2a: Necrozma\n|-supereffective|p2a: Necrozma\n|-damage|p2a: Necrozma|67\/100\n|-unboost|p2a: Necrozma|spa|1\n|\n|upkeep\n|turn|12\n|\n|t:|1636037730\n|switch|p1a: Yveltal|Yveltal|20\/100\n|-ability|p1a: Yveltal|Dark Aura\n|move|p2a: Necrozma|Earthquake|p1a: Yveltal\n|-immune|p1a: Yveltal\n|\n|upkeep\n|turn|13\n|\n|t:|1636037739\n|move|p1a: Yveltal|Foul Play|p2a: Necrozma\n|-supereffective|p2a: Necrozma\n|-damage|p2a: Necrozma|0 fnt\n|faint|p2a: Necrozma\n|\n|upkeep\n|\n|t:|1636037746\n|switch|p2a: Yveltal|Yveltal|100\/100\n|-ability|p2a: Yveltal|Dark Aura\n|turn|14\n|l| Perennial Student\n|\n|t:|1636037750\n|switch|p1a: Eternatus|Eternatus|77\/100\n|-ability|p1a: Eternatus|Pressure\n|move|p2a: Yveltal|Dark Pulse|p1a: Eternatus\n|-damage|p1a: Eternatus|46\/100\n|\n|upkeep\n|turn|15\n|\n|t:|1636037753\n|move|p1a: Eternatus|Recover|p1a: Eternatus\n|-heal|p1a: Eternatus|96\/100\n|move|p2a: Yveltal|Taunt|p1a: Eternatus\n|-start|p1a: Eternatus|move: Taunt\n|\n|upkeep\n|turn|16\n|\n|t:|1636037758\n|move|p1a: Eternatus|Mystical Fire|p2a: Yveltal\n|-damage|p2a: Yveltal|80\/100\n|-unboost|p2a: Yveltal|spa|1\n|move|p2a: Yveltal|Dark Pulse|p1a: Eternatus\n|-damage|p1a: Eternatus|72\/100\n|\n|upkeep\n|turn|17\n|j| stupid asf kid\n|\n|t:|1636037763\n|move|p1a: Eternatus|Dynamax Cannon|p2a: Yveltal\n|-damage|p2a: Yveltal|35\/100\n|move|p2a: Yveltal|Dark Pulse|p1a: Eternatus\n|-damage|p1a: Eternatus|43\/100\n|\n|upkeep\n|turn|18\n|l| stupid asf kid\n|\n|t:|1636037772\n|move|p1a: Eternatus|Dynamax Cannon|p2a: Yveltal\n|-damage|p2a: Yveltal|0 fnt\n|faint|p2a: Yveltal\n|\n|-end|p1a: Eternatus|move: Taunt\n|upkeep\n|\n|t:|1636037786\n|switch|p2a: Calyrex|Calyrex-Shadow|100\/100\n|-ability|p2a: Calyrex|As One\n|-ability|p2a: Calyrex|Unnerve\n|turn|19\n|\n|t:|1636037800\n|move|p2a: Calyrex|Psyshock|p1a: Eternatus\n|-supereffective|p1a: Eternatus\n|-damage|p1a: Eternatus|0 fnt\n|faint|p1a: Eternatus\n|-ability|p2a: Calyrex|Grim Neigh|boost\n|-boost|p2a: Calyrex|spa|1\n|\n|upkeep\n|\n|t:|1636037803\n|switch|p1a: Yveltal|Yveltal|20\/100\n|-ability|p1a: Yveltal|Dark Aura\n|turn|20\n|\n|t:|1636037809\n|move|p1a: Yveltal|U-turn|p2a: Calyrex\n|-damage|p2a: Calyrex|77\/100\n|\n|t:|1636037812\n|switch|p1a: Ho-Oh|Ho-Oh|100\/100 slp|[from]move: U-turn\n|move|p2a: Calyrex|Draining Kiss|p1a: Ho-Oh\n|-resisted|p1a: Ho-Oh\n|-damage|p1a: Ho-Oh|93\/100 slp\n|-heal|p2a: Calyrex|84\/100|[from] drain|[of] p1a: Ho-Oh\n|\n|upkeep\n|turn|21\n|\n|t:|1636037820\n|move|p2a: Calyrex|Astral Barrage|p1a: Ho-Oh\n|-damage|p1a: Ho-Oh|34\/100 slp\n|cant|p1a: Ho-Oh|slp\n|\n|upkeep\n|turn|22\n|\n|t:|1636037829\n|move|p2a: Calyrex|Astral Barrage|p1a: Ho-Oh\n|-damage|p1a: Ho-Oh|0 fnt\n|faint|p1a: Ho-Oh\n|-ability|p2a: Calyrex|Grim Neigh|boost\n|-boost|p2a: Calyrex|spa|1\n|\n|upkeep\n|\n|t:|1636037847\n|switch|p1a: Yveltal|Yveltal|20\/100\n|-ability|p1a: Yveltal|Dark Aura\n|turn|23\n|\n|t:|1636037872\n|switch|p2a: Eternatus|Eternatus|100\/100\n|-ability|p2a: Eternatus|Pressure\n|move|p1a: Yveltal|Foul Play|p2a: Eternatus\n|-damage|p2a: Eternatus|75\/100\n|\n|upkeep\n|turn|24\n|\n|t:|1636037876\n|switch|p1a: Necrozma|Necrozma-Dusk-Mane|100\/100\n|-activate|p1a: Necrozma|move: Sticky Web\n|-unboost|p1a: Necrozma|spe|1\n|move|p2a: Eternatus|Meteor Beam||[still]\n|-prepare|p2a: Eternatus|Meteor Beam\n|-boost|p2a: Eternatus|spa|1\n|-enditem|p2a: Eternatus|Power Herb\n|-anim|p2a: Eternatus|Meteor Beam|p1a: Necrozma\n|-resisted|p1a: Necrozma\n|-damage|p1a: Necrozma|69\/100\n|\n|upkeep\n|turn|25\n|\n|t:|1636037881\n|move|p2a: Eternatus|Flamethrower|p1a: Necrozma\n|-supereffective|p1a: Necrozma\n|-damage|p1a: Necrozma|0 fnt\n|faint|p1a: Necrozma\n|\n|upkeep\n|j| Sykes21\n|inactive|Lake Monsters has 120 seconds left.\n|inactive|Lake Monsters has 90 seconds left.\n|\n|t:|1636037964\n|switch|p1a: Yveltal|Yveltal|20\/100\n|-ability|p1a: Yveltal|Dark Aura\n|turn|26\n|\n|t:|1636037970\n|move|p1a: Yveltal|Defog|p2a: Eternatus\n|-unboost|p2a: Eternatus|evasion|1\n|-sideend|p1: Lake Monsters|Sticky Web|[from] move: Defog|[of] p1a: Yveltal\n|move|p2a: Eternatus|Dynamax Cannon|p1a: Yveltal\n|-damage|p1a: Yveltal|0 fnt\n|faint|p1a: Yveltal\n|\n|upkeep\n|\n|t:|1636037972\n|switch|p1a: Calyrex|Calyrex-Shadow|100\/100\n|-ability|p1a: Calyrex|As One\n|-ability|p1a: Calyrex|Unnerve\n|turn|27\n|\n|t:|1636037977\n|move|p1a: Calyrex|Astral Barrage|p2a: Eternatus\n|-damage|p2a: Eternatus|0 fnt\n|faint|p2a: Eternatus\n|-ability|p1a: Calyrex|Grim Neigh|boost\n|-boost|p1a: Calyrex|spa|1\n|\n|upkeep\n|c|\u2606xasahbae|oh\n|c|\u2606xasahbae|double defog\n|c|\u2606Lake Monsters|yeah\n|c|\u2606Lake Monsters|wanted the 50-50 to be last resort\n|c|\u2606Lake Monsters|unless ur not timid\n|c|\u2606Lake Monsters|:messi:\n|inactive|xasahbae has 120 seconds left.\n|\n|t:|1636038019\n|switch|p2a: Calyrex|Calyrex-Shadow|84\/100\n|-ability|p2a: Calyrex|As One\n|-ability|p2a: Calyrex|Unnerve\n|turn|28\n|c|\u2606xasahbae|i guess gg\n|c|\u2606xasahbae|xD\n|c|\u2606xasahbae|i'm max\n|inactive|Lake Monsters has 90 seconds left.\n|c|\u2606Lake Monsters|nah\n|c|\u2606Lake Monsters|ur sash\n|c|\u2606Lake Monsters|modest\n|j| Barthamiah\n|c|\u2606xasahbae|i'm sash timid\n|c|\u2606Lake Monsters|;)\n|\n|t:|1636038057\n|move|p2a: Calyrex|Astral Barrage|p1a: Calyrex\n|-supereffective|p1a: Calyrex\n|-damage|p1a: Calyrex|0 fnt\n|faint|p1a: Calyrex\n|-ability|p2a: Calyrex|Grim Neigh|boost\n|-boost|p2a: Calyrex|spa|1\n|\n|upkeep\n|c|\u2606Lake Monsters|ofc\n|\n|t:|1636038062\n|switch|p1a: Groudon|Groudon|100\/100\n|-weather|SunnyDay|[from] ability: Drought|[of] p1a: Groudon\n|turn|29\n|c|\u2606xasahbae|lol\n|\n|t:|1636038066\n|move|p2a: Calyrex|Astral Barrage|p1a: Groudon\n|-damage|p1a: Groudon|0 fnt\n|faint|p1a: Groudon\n|\n|win|xasahbae\n|n|\u2606Lake Monsters|lakemonsters\n|n|\u2606xasahbae|xasahbae\n|n|*Lady Monita \u263d|ladymonita\n|n| DrewCareysFeet|drewcareysfeet\n|n| Sykes21|sykes21\n|n| Barthamiah|barthamiah\n|l|*Lady Monita \u263d\n|c|\u2606xasahbae|gg\n|c|\u2606Lake Monsters|bad evs\n|c|\u2606Lake Monsters|and rewarded\n|l| DrewCareysFeet\n|c|\u2606Lake Monsters|typical\n|c|\u2606xasahbae|nah\n|c|\u2606xasahbae|timid\n|l|\u2606Lake Monsters\n|c|\u2606xasahbae|>\n","uploadtime":1636038083,"views":12,"p1id":"lakemonsters","p2id":"xasahbae","formatid":"gen8ubers","rating":0,"private":0,"password":null}