{"id":"gen8unratedrandombattle-1574516892","p1":"Thatcorgiguy","p2":"A3720","format":"gen8unratedrandombattle","log":"|j|\u2606Thatcorgiguy\n|j|\u2606A3720\n|t:|1652507398\n|gametype|singles\n|player|p1|Thatcorgiguy|iris|\n|player|p2|A3720|1|\n|teamsize|p1|6\n|teamsize|p2|6\n|gen|8\n|tier|[Gen 8] Unrated Random Battle\n|rule|Species Clause: Limit one of each Pok\u00e9mon\n|rule|HP Percentage Mod: HP is shown in percentages\n|rule|Sleep Clause Mod: Limit one foe put to sleep\n|\n|t:|1652507398\n|start\n|switch|p1a: Shiinotic|Shiinotic, L86, M|243\/243\n|switch|p2a: Poliwrath|Poliwrath, L84, F|288\/288\n|turn|1\n|\n|t:|1652507411\n|switch|p2a: Boltund|Boltund, L84, M|253\/253\n|move|p1a: Shiinotic|Leech Seed|p2a: Boltund\n|-start|p2a: Boltund|move: Leech Seed\n|\n|-damage|p2a: Boltund|222\/253|[from] Leech Seed|[of] p1a: Shiinotic\n|upkeep\n|turn|2\n|\n|t:|1652507420\n|switch|p2a: Arcanine|Arcanine, L82, M|282\/282\n|move|p1a: Shiinotic|Spore|p2a: Arcanine\n|-status|p2a: Arcanine|slp|[from] move: Spore\n|\n|upkeep\n|turn|3\n|\n|t:|1652507427\n|cant|p2a: Arcanine|slp\n|move|p1a: Shiinotic|Leech Seed|p2a: Arcanine|[miss]\n|-miss|p1a: Shiinotic|p2a: Arcanine\n|\n|upkeep\n|turn|4\n|\n|t:|1652507431\n|cant|p2a: Arcanine|slp\n|move|p1a: Shiinotic|Moonblast|p2a: Arcanine\n|-resisted|p2a: Arcanine\n|-damage|p2a: Arcanine|222\/282 slp\n|\n|-heal|p2a: Arcanine|239\/282 slp|[from] item: Leftovers\n|upkeep\n|turn|5\n|\n|t:|1652507438\n|cant|p2a: Arcanine|slp\n|move|p1a: Shiinotic|Leech Seed|p2a: Arcanine\n|-start|p2a: Arcanine|move: Leech Seed\n|\n|-heal|p2a: Arcanine|256\/282 slp|[from] item: Leftovers\n|-damage|p2a: Arcanine|221\/282 slp|[from] Leech Seed|[of] p1a: Shiinotic\n|upkeep\n|turn|6\n|\n|t:|1652507447\n|switch|p1a: Magmortar|Magmortar, L86, M|269\/269\n|-curestatus|p2a: Arcanine|slp|[msg]\n|move|p2a: Arcanine|Flare Blitz|p1a: Magmortar\n|-resisted|p1a: Magmortar\n|-damage|p1a: Magmortar|185\/269\n|-damage|p2a: Arcanine|193\/282|[from] Recoil\n|\n|-heal|p2a: Arcanine|210\/282|[from] item: Leftovers\n|-damage|p2a: Arcanine|175\/282|[from] Leech Seed|[of] p1a: Magmortar\n|-heal|p1a: Magmortar|220\/269|[silent]\n|upkeep\n|turn|7\n|\n|t:|1652507460\n|move|p2a: Arcanine|Close Combat|p1a: Magmortar\n|-damage|p1a: Magmortar|116\/269\n|-unboost|p2a: Arcanine|def|1\n|-unboost|p2a: Arcanine|spd|1\n|move|p1a: Magmortar|Earthquake|p2a: Arcanine\n|-supereffective|p2a: Arcanine\n|-crit|p2a: Arcanine\n|-damage|p2a: Arcanine|0 fnt\n|faint|p2a: Arcanine\n|\n|upkeep\n|\n|t:|1652507473\n|switch|p2a: Boltund|Boltund, L84, M|222\/253\n|turn|8\n|\n|t:|1652507476\n|move|p2a: Boltund|Thunder Fang|p1a: Magmortar\n|-damage|p1a: Magmortar|0 fnt\n|faint|p1a: Magmortar\n|-damage|p2a: Boltund|197\/253|[from] item: Life Orb\n|\n|upkeep\n|\n|t:|1652507482\n|switch|p1a: Shiinotic|Shiinotic, L86, M|243\/243\n|turn|9\n|\n|t:|1652507493\n|move|p2a: Boltund|Play Rough|p1a: Shiinotic\n|-damage|p1a: Shiinotic|165\/243\n|-damage|p2a: Boltund|172\/253|[from] item: Life Orb\n|move|p1a: Shiinotic|Spore|p2a: Boltund\n|-status|p2a: Boltund|slp|[from] move: Spore\n|\n|-heal|p1a: Shiinotic|180\/243|[from] item: Leftovers\n|upkeep\n|turn|10\n|\n|t:|1652507501\n|switch|p2a: Tornadus|Tornadus-Therian, L78, M|251\/251\n|move|p1a: Shiinotic|Strength Sap|p2a: Tornadus\n|-unboost|p2a: Tornadus|atk|1\n|-heal|p1a: Shiinotic|243\/243\n|\n|upkeep\n|turn|11\n|\n|t:|1652507510\n|move|p2a: Tornadus|Knock Off|p1a: Shiinotic\n|-resisted|p1a: Shiinotic\n|-damage|p1a: Shiinotic|224\/243\n|-enditem|p1a: Shiinotic|Leftovers|[from] move: Knock Off|[of] p2a: Tornadus\n|move|p1a: Shiinotic|Leech Seed|p2a: Tornadus\n|-start|p2a: Tornadus|move: Leech Seed\n|\n|-damage|p2a: Tornadus|220\/251|[from] Leech Seed|[of] p1a: Shiinotic\n|-heal|p1a: Shiinotic|243\/243|[silent]\n|upkeep\n|turn|12\n|\n|t:|1652507521\n|switch|p1a: Metagross|Metagross, L79|256\/256\n|move|p2a: Tornadus|U-turn|p1a: Metagross\n|-damage|p1a: Metagross|230\/256\n|\n|t:|1652507543\n|switch|p2a: Rotom|Rotom-Wash, L82|216\/216\n|\n|upkeep\n|turn|13\n|\n|t:|1652507553\n|move|p2a: Rotom|Will-O-Wisp|p1a: Metagross|[miss]\n|-miss|p2a: Rotom|p1a: Metagross\n|move|p1a: Metagross|Agility|p1a: Metagross\n|-boost|p1a: Metagross|spe|2\n|\n|upkeep\n|turn|14\n|\n|t:|1652507559\n|move|p1a: Metagross|Earthquake|p2a: Rotom\n|-immune|p2a: Rotom|[from] ability: Levitate\n|move|p2a: Rotom|Will-O-Wisp|p1a: Metagross\n|-status|p1a: Metagross|brn\n|\n|-damage|p1a: Metagross|214\/256 brn|[from] brn\n|upkeep\n|turn|15\n|\n|t:|1652507568\n|move|p1a: Metagross|Meteor Mash|p2a: Rotom\n|-resisted|p2a: Rotom\n|-damage|p2a: Rotom|205\/216\n|move|p2a: Rotom|Thunderbolt|p1a: Metagross\n|-damage|p1a: Metagross|106\/256 brn\n|\n|-heal|p2a: Rotom|216\/216|[from] item: Leftovers\n|-damage|p1a: Metagross|90\/256 brn|[from] brn\n|upkeep\n|turn|16\n|\n|t:|1652507591\n|move|p1a: Metagross|Meteor Mash|p2a: Rotom\n|-resisted|p2a: Rotom\n|-damage|p2a: Rotom|204\/216\n|move|p2a: Rotom|Volt Switch|p1a: Metagross\n|-damage|p1a: Metagross|15\/256 brn\n|\n|t:|1652507602\n|switch|p2a: Tornadus|Tornadus-Therian, L78, M|251\/251\n|\n|-damage|p1a: Metagross|0 fnt|[from] brn\n|faint|p1a: Metagross\n|upkeep\n|\n|t:|1652507610\n|switch|p1a: Zekrom|Zekrom, L69|252\/252\n|-ability|p1a: Zekrom|Teravolt\n|turn|17\n|\n|t:|1652507628\n|move|p2a: Tornadus|Knock Off|p1a: Zekrom\n|-damage|p1a: Zekrom|192\/252\n|-enditem|p1a: Zekrom|Lum Berry|[from] move: Knock Off|[of] p2a: Tornadus\n|move|p1a: Zekrom|Dragon Dance|p1a: Zekrom\n|-boost|p1a: Zekrom|atk|1\n|-boost|p1a: Zekrom|spe|1\n|\n|upkeep\n|turn|18\n|\n|t:|1652507649\n|switch|p2a: Poliwrath|Poliwrath, L84, F|288\/288\n|-start|p1a: Zekrom|Dynamax|\n|-heal|p1a: Zekrom|384\/504|[silent]\n|move|p1a: Zekrom|Max Lightning|p2a: Poliwrath\n|-supereffective|p2a: Poliwrath\n|-damage|p2a: Poliwrath|0 fnt\n|-fieldstart|move: Electric Terrain\n|faint|p2a: Poliwrath\n|\n|upkeep\n|inactive|Battle timer is ON: inactive players will automatically lose when time's up. (requested by Thatcorgiguy)\n|\n|t:|1652507690\n|switch|p2a: Tornadus|Tornadus-Therian, L78, M|251\/251\n|turn|19\n|\n|t:|1652507692\n|switch|p2a: Boltund|Boltund, L84, M|172\/253 slp\n|move|p1a: Zekrom|Max Lightning|p2a: Boltund\n|-resisted|p2a: Boltund\n|-damage|p2a: Boltund|0 fnt\n|faint|p2a: Boltund\n|\n|upkeep\n|\n|t:|1652507700\n|switch|p2a: Marshadow|Marshadow, L70|242\/242\n|turn|20\n|\n|t:|1652507705\n|-start|p2a: Marshadow|Dynamax|\n|-heal|p2a: Marshadow|484\/484|[silent]\n|move|p2a: Marshadow|Max Guard|p2a: Marshadow\n|-singleturn|p2a: Marshadow|Max Guard\n|move|p1a: Zekrom|Max Lightning|p2a: Marshadow\n|-activate|p2a: Marshadow|move: Max Guard\n|\n|upkeep\n|-end|p1a: Zekrom|Dynamax\n|-heal|p1a: Zekrom|192\/252|[silent]\n|turn|21\n|\n|t:|1652507716\n|move|p1a: Zekrom|Dragon Dance|p1a: Zekrom\n|-boost|p1a: Zekrom|atk|1\n|-boost|p1a: Zekrom|spe|1\n|move|p2a: Marshadow|Max Phantasm|p1a: Zekrom\n|-damage|p1a: Zekrom|40\/252\n|-unboost|p1a: Zekrom|def|1\n|-damage|p2a: Marshadow|460\/484|[from] item: Life Orb\n|\n|upkeep\n|turn|22\n|\n|t:|1652507727\n|move|p2a: Marshadow|Max Guard|p2a: Marshadow\n|-singleturn|p2a: Marshadow|Max Guard\n|move|p1a: Zekrom|Bolt Strike|p2a: Marshadow\n|-activate|p2a: Marshadow|move: Max Guard\n|\n|-fieldend|move: Electric Terrain\n|upkeep\n|-end|p2a: Marshadow|Dynamax\n|-heal|p2a: Marshadow|230\/242|[silent]\n|turn|23\n|\n|t:|1652507734\n|move|p2a: Marshadow|Shadow Sneak|p1a: Zekrom\n|-damage|p1a: Zekrom|0 fnt\n|faint|p1a: Zekrom\n|-damage|p2a: Marshadow|206\/242|[from] item: Life Orb\n|\n|upkeep\n|\n|t:|1652507739\n|switch|p1a: Shiinotic|Shiinotic, L86, M|243\/243\n|turn|24\n|\n|t:|1652507748\n|switch|p2a: Rotom|Rotom-Wash, L82|204\/216\n|move|p1a: Shiinotic|Leech Seed|p2a: Rotom|[miss]\n|-miss|p1a: Shiinotic|p2a: Rotom\n|\n|-heal|p2a: Rotom|216\/216|[from] item: Leftovers\n|upkeep\n|turn|25\n|\n|t:|1652507757\n|move|p2a: Rotom|Will-O-Wisp|p1a: Shiinotic\n|-status|p1a: Shiinotic|brn\n|move|p1a: Shiinotic|Spore|p2a: Rotom\n|-status|p2a: Rotom|slp|[from] move: Spore\n|\n|-damage|p1a: Shiinotic|228\/243 brn|[from] brn\n|upkeep\n|turn|26\n|\n|t:|1652507766\n|switch|p2a: Tornadus|Tornadus-Therian, L78, M|251\/251\n|move|p1a: Shiinotic|Leech Seed|p2a: Tornadus\n|-start|p2a: Tornadus|move: Leech Seed\n|\n|-damage|p2a: Tornadus|220\/251|[from] Leech Seed|[of] p1a: Shiinotic\n|-heal|p1a: Shiinotic|243\/243 brn|[silent]\n|-damage|p1a: Shiinotic|228\/243 brn|[from] brn\n|upkeep\n|turn|27\n|\n|t:|1652507773\n|move|p2a: Tornadus|Hurricane|p1a: Shiinotic\n|-supereffective|p1a: Shiinotic\n|-damage|p1a: Shiinotic|30\/243 brn\n|move|p1a: Shiinotic|Moonblast|p2a: Tornadus\n|-damage|p2a: Tornadus|120\/251\n|\n|-damage|p2a: Tornadus|89\/251|[from] Leech Seed|[of] p1a: Shiinotic\n|-heal|p1a: Shiinotic|61\/243 brn|[silent]\n|-damage|p1a: Shiinotic|46\/243 brn|[from] brn\n|upkeep\n|turn|28\n|\n|t:|1652507790\n|switch|p1a: Clefable|Clefable, L82, M|290\/290\n|move|p2a: Tornadus|U-turn|p1a: Clefable\n|-resisted|p1a: Clefable\n|-damage|p1a: Clefable|263\/290\n|\n|t:|1652507800\n|switch|p2a: Rotom|Rotom-Wash, L82|216\/216 slp\n|\n|upkeep\n|turn|29\n|\n|t:|1652507809\n|cant|p2a: Rotom|slp\n|move|p1a: Clefable|Calm Mind|p1a: Clefable\n|-boost|p1a: Clefable|spa|1\n|-boost|p1a: Clefable|spd|1\n|\n|upkeep\n|turn|30\n|\n|t:|1652507816\n|-curestatus|p2a: Rotom|slp|[msg]\n|move|p2a: Rotom|Volt Switch|p1a: Clefable\n|-damage|p1a: Clefable|211\/290\n|\n|t:|1652507822\n|switch|p2a: Tornadus|Tornadus-Therian, L78, M|172\/251\n|move|p1a: Clefable|Calm Mind|p1a: Clefable\n|-boost|p1a: Clefable|spa|1\n|-boost|p1a: Clefable|spd|1\n|\n|upkeep\n|turn|31\n|\n|t:|1652507828\n|move|p2a: Tornadus|Knock Off|p1a: Clefable\n|-resisted|p1a: Clefable\n|-damage|p1a: Clefable|177\/290\n|-enditem|p1a: Clefable|Life Orb|[from] move: Knock Off|[of] p2a: Tornadus\n|move|p1a: Clefable|Soft-Boiled|p1a: Clefable\n|-heal|p1a: Clefable|290\/290\n|\n|upkeep\n|turn|32\n|\n|t:|1652507836\n|move|p2a: Tornadus|U-turn|p1a: Clefable\n|-resisted|p1a: Clefable\n|-damage|p1a: Clefable|266\/290\n|\n|t:|1652507837\n|switch|p2a: Rotom|Rotom-Wash, L82|216\/216\n|move|p1a: Clefable|Calm Mind|p1a: Clefable\n|-boost|p1a: Clefable|spa|1\n|-boost|p1a: Clefable|spd|1\n|\n|upkeep\n|turn|33\n|\n|t:|1652507843\n|move|p2a: Rotom|Thunderbolt|p1a: Clefable\n|-damage|p1a: Clefable|230\/290\n|move|p1a: Clefable|Calm Mind|p1a: Clefable\n|-boost|p1a: Clefable|spa|1\n|-boost|p1a: Clefable|spd|1\n|\n|upkeep\n|turn|34\n|\n|t:|1652507849\n|move|p2a: Rotom|Thunderbolt|p1a: Clefable\n|-crit|p1a: Clefable\n|-damage|p1a: Clefable|89\/290\n|move|p1a: Clefable|Calm Mind|p1a: Clefable\n|-boost|p1a: Clefable|spa|1\n|-boost|p1a: Clefable|spd|1\n|\n|upkeep\n|turn|35\n|\n|t:|1652507855\n|move|p2a: Rotom|Thunderbolt|p1a: Clefable\n|-damage|p1a: Clefable|59\/290\n|-status|p1a: Clefable|par\n|move|p1a: Clefable|Soft-Boiled|p1a: Clefable\n|-heal|p1a: Clefable|204\/290 par\n|\n|upkeep\n|turn|36\n|\n|t:|1652507861\n|move|p2a: Rotom|Thunderbolt|p1a: Clefable\n|-damage|p1a: Clefable|177\/290 par\n|move|p1a: Clefable|Soft-Boiled|p1a: Clefable\n|-heal|p1a: Clefable|290\/290 par\n|\n|upkeep\n|turn|37\n|\n|t:|1652507867\n|move|p2a: Rotom|Thunderbolt|p1a: Clefable\n|-damage|p1a: Clefable|262\/290 par\n|cant|p1a: Clefable|par\n|\n|upkeep\n|turn|38\n|\n|t:|1652507880\n|move|p2a: Rotom|Thunderbolt|p1a: Clefable\n|-damage|p1a: Clefable|235\/290 par\n|cant|p1a: Clefable|par\n|\n|upkeep\n|turn|39\n|\n|t:|1652507885\n|move|p2a: Rotom|Thunderbolt|p1a: Clefable\n|-damage|p1a: Clefable|208\/290 par\n|move|p1a: Clefable|Calm Mind|p1a: Clefable\n|-boost|p1a: Clefable|spa|1\n|-boost|p1a: Clefable|spd|1\n|\n|upkeep\n|turn|40\n|\n|t:|1652507890\n|move|p2a: Rotom|Thunderbolt|p1a: Clefable\n|-damage|p1a: Clefable|183\/290 par\n|move|p1a: Clefable|Soft-Boiled|p1a: Clefable\n|-heal|p1a: Clefable|290\/290 par\n|\n|upkeep\n|turn|41\n|\n|t:|1652507895\n|move|p2a: Rotom|Thunderbolt|p1a: Clefable\n|-damage|p1a: Clefable|263\/290 par\n|move|p1a: Clefable|Moonblast|p2a: Rotom\n|-damage|p2a: Rotom|0 fnt\n|faint|p2a: Rotom\n|\n|upkeep\n|\n|t:|1652507899\n|switch|p2a: Marshadow|Marshadow, L70|206\/242\n|turn|42\n|\n|t:|1652507904\n|move|p2a: Marshadow|Spectral Thief||[still]\n|-clearpositiveboost|p1a: Clefable|p2a: Marshadow|move: Spectral Thief\n|-boost|p2a: Marshadow|spa|6\n|-boost|p2a: Marshadow|spd|6\n|-anim|p2a: Marshadow|Spectral Thief|p1a: Clefable\n|-damage|p1a: Clefable|134\/290 par\n|-damage|p2a: Marshadow|182\/242|[from] item: Life Orb\n|move|p1a: Clefable|Fire Blast|p2a: Marshadow\n|-damage|p2a: Marshadow|160\/242\n|\n|upkeep\n|turn|43\n|\n|t:|1652507924\n|move|p2a: Marshadow|Bulk Up|p2a: Marshadow\n|-boost|p2a: Marshadow|atk|1\n|-boost|p2a: Marshadow|def|1\n|move|p1a: Clefable|Soft-Boiled|p1a: Clefable\n|-heal|p1a: Clefable|279\/290 par\n|\n|upkeep\n|turn|44\n|\n|t:|1652507931\n|move|p2a: Marshadow|Spectral Thief|p1a: Clefable\n|-damage|p1a: Clefable|88\/290 par\n|-damage|p2a: Marshadow|136\/242|[from] item: Life Orb\n|move|p1a: Clefable|Calm Mind|p1a: Clefable\n|-boost|p1a: Clefable|spa|1\n|-boost|p1a: Clefable|spd|1\n|\n|upkeep\n|turn|45\n|\n|t:|1652507942\n|move|p2a: Marshadow|Shadow Sneak|p1a: Clefable\n|-damage|p1a: Clefable|0 fnt\n|faint|p1a: Clefable\n|-damage|p2a: Marshadow|112\/242|[from] item: Life Orb\n|\n|upkeep\n|\n|t:|1652507948\n|switch|p1a: Shiinotic|Shiinotic, L86, M|46\/243 brn\n|turn|46\n|\n|t:|1652507953\n|move|p2a: Marshadow|Spectral Thief|p1a: Shiinotic\n|-damage|p1a: Shiinotic|0 fnt\n|-status|p2a: Marshadow|slp|[from] ability: Effect Spore|[of] p1a: Shiinotic\n|faint|p1a: Shiinotic\n|-damage|p2a: Marshadow|88\/242 slp|[from] item: Life Orb\n|\n|upkeep\n|\n|t:|1652507961\n|switch|p1a: Virizion|Virizion, L82|283\/283\n|turn|47\n|\n|t:|1652507968\n|cant|p2a: Marshadow|slp\n|move|p1a: Virizion|Leaf Blade|p2a: Marshadow\n|-crit|p2a: Marshadow\n|-damage|p2a: Marshadow|0 fnt\n|faint|p2a: Marshadow\n|\n|upkeep\n|\n|t:|1652507973\n|switch|p2a: Tornadus|Tornadus-Therian, L78, M|251\/251\n|turn|48\n|\n|t:|1652507977\n|move|p2a: Tornadus|Hurricane|p1a: Virizion|[miss]\n|-miss|p2a: Tornadus|p1a: Virizion\n|move|p1a: Virizion|Stone Edge|p2a: Tornadus\n|-supereffective|p2a: Tornadus\n|-damage|p2a: Tornadus|109\/251\n|\n|upkeep\n|turn|49\n|\n|t:|1652507983\n|move|p2a: Tornadus|Hurricane|p1a: Virizion|[miss]\n|-miss|p2a: Tornadus|p1a: Virizion\n|move|p1a: Virizion|Stone Edge|p2a: Tornadus\n|-supereffective|p2a: Tornadus\n|-damage|p2a: Tornadus|0 fnt\n|faint|p2a: Tornadus\n|\n|win|Thatcorgiguy\n|c|\u2606A3720|gg lol\n|l|\u2606Thatcorgiguy\n","inputlog":">version 531b2bb4d145e24dce8d55480c78bcd528fa7770\n>start {\"formatid\":\"gen8unratedrandombattle\",\"seed\":[25572,688,63222,1678]}\n>player p1 {\"name\":\"Thatcorgiguy\",\"avatar\":\"iris\",\"rating\":0,\"seed\":[11257,56904,64964,250]}\n>player p2 {\"name\":\"A3720\",\"avatar\":\"1\",\"rating\":0,\"seed\":[57803,49910,13361,3507]}\n>p1 move leechseed\n>p2 switch 5\n>p1 move spore\n>p2 switch 3\n>p1 move leechseed\n>p2 move flareblitz\n>p1 move moonblast\n>p2 move flareblitz\n>p1 move leechseed\n>p2 move flareblitz\n>p1 switch 4\n>p2 move flareblitz\n>p1 move earthquake\n>p2 move closecombat\n>p2 switch 3\n>p1 move earthquake\n>p2 move thunderfang\n>p1 switch 4\n>p1 move spore\n>p2 move playrough\n>p1 move strengthsap\n>p2 switch 2\n>p1 move leechseed\n>p2 move knockoff\n>p1 switch 6\n>p2 move uturn\n>p2 switch 6\n>p1 move agility\n>p2 move willowisp\n>p1 move earthquake\n>p2 move willowisp\n>p1 move meteormash\n>p2 move thunderbolt\n>p1 move meteormash\n>p2 move voltswitch\n>p2 switch 6\n>p1 switch 5\n>p1 move dragondance\n>p2 move knockoff\n>p1 move boltstrike dynamax\n>p2 switch 5\n>p2 switch 5\n>p1 move boltstrike dynamax\n>p2 switch 2\n>p2 switch 4\n>p1 move boltstrike dynamax\n>p2 move bulkup dynamax\n>p1 move dragondance\n>p2 move spectralthief dynamax\n>p1 move boltstrike\n>p2 move bulkup dynamax\n>p1 move boltstrike\n>p2 move shadowsneak\n>p1 switch 6\n>p1 move leechseed\n>p2 switch 6\n>p1 move spore\n>p2 move willowisp\n>p1 move leechseed\n>p2 switch 2\n>p1 move moonblast\n>p2 move hurricane\n>p1 switch 3\n>p2 move uturn\n>p2 switch 2\n>p1 move calmmind\n>p2 move hydropump\n>p1 move calmmind\n>p2 move voltswitch\n>p2 switch 2\n>p1 move softboiled\n>p2 move knockoff\n>p1 move calmmind\n>p2 move uturn\n>p2 switch 2\n>p1 move calmmind\n>p2 move thunderbolt\n>p1 move calmmind\n>p2 move thunderbolt\n>p1 move softboiled\n>p2 move thunderbolt\n>p1 move softboiled\n>p2 move thunderbolt\n>p1 move calmmind\n>p2 move thunderbolt\n>p1 move calmmind\n>p2 move thunderbolt\n>p1 move calmmind\n>p2 move thunderbolt\n>p1 move softboiled\n>p2 move thunderbolt\n>p1 move moonblast\n>p2 move thunderbolt\n>p2 switch 6\n>p1 move fireblast\n>p2 move spectralthief\n>p1 move softboiled\n>p2 move bulkup\n>p1 move calmmind\n>p2 move spectralthief\n>p1 move softboiled\n>p2 move shadowsneak\n>p1 switch 3\n>p1 move spore\n>p2 move spectralthief\n>p1 switch 2\n>p1 move leafblade\n>p2 move shadowsneak\n>p2 switch 2\n>p1 move stoneedge\n>p2 move hurricane\n>p1 move stoneedge\n>p2 move hurricane","uploadtime":1652507993,"views":5,"p1id":"thatcorgiguy","p2id":"a3720","formatid":"gen8unratedrandombattle","rating":0,"private":0,"password":null}