{"id":"gen8randombattle-1271757507","p1":"thatboigreedy","p2":"TehranTyphlosions","format":"gen8randombattle","log":"|j|\u2606thatboigreedy\n|j|\u2606TehranTyphlosions\n|t:|1611910978\n|player|p1|thatboigreedy|eusine|1693\n|player|p2|TehranTyphlosions|clair|1635\n|teamsize|p1|6\n|teamsize|p2|6\n|gametype|singles\n|gen|8\n|tier|[Gen 8] Random Battle\n|rated|\n|rule|Species Clause: Limit one of each Pok\u00e9mon\n|rule|HP Percentage Mod: HP is shown in percentages\n|rule|Sleep Clause Mod: Limit one foe put to sleep\n|\n|t:|1611910978\n|start\n|switch|p1a: Drifblim|Drifblim, L86, F|398\/398\n|switch|p2a: Togekiss|Togekiss, L82, F|274\/274\n|turn|1\n|\n|t:|1611910991\n|move|p1a: Drifblim|Calm Mind|p1a: Drifblim\n|-boost|p1a: Drifblim|spa|1\n|-boost|p1a: Drifblim|spd|1\n|move|p2a: Togekiss|Thunder Wave|p1a: Drifblim\n|-status|p1a: Drifblim|par\n|\n|upkeep\n|turn|2\n|\n|t:|1611910994\n|move|p2a: Togekiss|Air Slash|p1a: Drifblim\n|-damage|p1a: Drifblim|310\/398 par\n|cant|p1a: Drifblim|flinch\n|\n|upkeep\n|turn|3\n|\n|t:|1611910997\n|move|p2a: Togekiss|Air Slash|p1a: Drifblim\n|-damage|p1a: Drifblim|229\/398 par\n|cant|p1a: Drifblim|par\n|\n|upkeep\n|turn|4\n|\n|t:|1611910999\n|move|p2a: Togekiss|Air Slash|p1a: Drifblim\n|-damage|p1a: Drifblim|145\/398 par\n|-enditem|p1a: Drifblim|Sitrus Berry|[eat]\n|-heal|p1a: Drifblim|244\/398 par|[from] item: Sitrus Berry\n|cant|p1a: Drifblim|par\n|\n|upkeep\n|turn|5\n|\n|t:|1611911005\n|cant|p1a: Drifblim|par\n|move|p2a: Togekiss|Air Slash|p1a: Drifblim\n|-damage|p1a: Drifblim|159\/398 par\n|\n|upkeep\n|turn|6\n|\n|t:|1611911010\n|switch|p2a: Cinccino|Cinccino, L86, F|269\/269\n|move|p1a: Drifblim|Shadow Ball|p2a: Cinccino\n|-immune|p2a: Cinccino\n|\n|upkeep\n|turn|7\n|inactive|Battle timer is ON: inactive players will automatically lose when time's up. (requested by TehranTyphlosions)\n|\n|t:|1611911023\n|switch|p1a: Milotic|Milotic, L84, F|297\/297\n|move|p2a: Cinccino|Rock Blast|p1a: Milotic\n|-damage|p1a: Milotic|264\/297\n|-damage|p1a: Milotic|236\/297\n|-damage|p1a: Milotic|204\/297\n|-damage|p1a: Milotic|174\/297\n|-damage|p1a: Milotic|146\/297\n|-hitcount|p1a: Milotic|5\n|\n|-heal|p1a: Milotic|164\/297|[from] item: Leftovers\n|upkeep\n|turn|8\n|\n|t:|1611911033\n|switch|p2a: Togekiss|Togekiss, L82, F|274\/274\n|move|p1a: Milotic|Recover|p1a: Milotic\n|-heal|p1a: Milotic|297\/297\n|\n|upkeep\n|turn|9\n|\n|t:|1611911039\n|switch|p1a: Drifblim|Drifblim, L86, F|159\/398 par\n|move|p2a: Togekiss|Air Slash|p1a: Drifblim\n|-damage|p1a: Drifblim|45\/398 par\n|\n|upkeep\n|turn|10\n|\n|t:|1611911043\n|move|p2a: Togekiss|Air Slash|p1a: Drifblim\n|-damage|p1a: Drifblim|0 fnt\n|faint|p1a: Drifblim\n|\n|upkeep\n|\n|t:|1611911052\n|switch|p1a: Beheeyem|Beheeyem, L88, M|275\/275\n|turn|11\n|\n|t:|1611911057\n|move|p2a: Togekiss|Thunder Wave|p1a: Beheeyem|[miss]\n|-miss|p2a: Togekiss|p1a: Beheeyem\n|move|p1a: Beheeyem|Psychic|p2a: Togekiss\n|-damage|p2a: Togekiss|81\/274\n|\n|upkeep\n|turn|12\n|\n|t:|1611911062\n|move|p2a: Togekiss|Air Slash|p1a: Beheeyem\n|-damage|p1a: Beheeyem|191\/275\n|cant|p1a: Beheeyem|flinch\n|\n|upkeep\n|turn|13\n|\n|t:|1611911064\n|move|p2a: Togekiss|Air Slash|p1a: Beheeyem\n|-damage|p1a: Beheeyem|103\/275\n|cant|p1a: Beheeyem|flinch\n|\n|upkeep\n|turn|14\n|\n|t:|1611911066\n|move|p2a: Togekiss|Air Slash|p1a: Beheeyem\n|-damage|p1a: Beheeyem|27\/275\n|cant|p1a: Beheeyem|flinch\n|\n|upkeep\n|turn|15\n|\n|t:|1611911069\n|move|p2a: Togekiss|Air Slash|p1a: Beheeyem\n|-damage|p1a: Beheeyem|0 fnt\n|faint|p1a: Beheeyem\n|\n|upkeep\n|c|\u2606TehranTyphlosions|srty\n|\n|t:|1611911083\n|switch|p1a: Hydreigon|Hydreigon, L82, F|285\/285\n|turn|16\n|\n|t:|1611911086\n|move|p1a: Hydreigon|Flash Cannon|p2a: Togekiss\n|-supereffective|p2a: Togekiss\n|-damage|p2a: Togekiss|0 fnt\n|-damage|p1a: Hydreigon|257\/285|[from] item: Life Orb\n|faint|p2a: Togekiss\n|\n|upkeep\n|\n|t:|1611911097\n|switch|p2a: Marshadow|Marshadow, L72|249\/249\n|turn|17\n|\n|t:|1611911107\n|switch|p1a: Sylveon|Sylveon, L86, M|304\/304\n|move|p2a: Marshadow|Close Combat|p1a: Sylveon\n|-resisted|p1a: Sylveon\n|-damage|p1a: Sylveon|202\/304\n|-unboost|p2a: Marshadow|def|1\n|-unboost|p2a: Marshadow|spd|1\n|\n|-heal|p1a: Sylveon|221\/304|[from] item: Leftovers\n|upkeep\n|turn|18\n|\n|t:|1611911115\n|switch|p2a: Dugtrio|Dugtrio-Alola, L84, M|196\/196\n|move|p1a: Sylveon|Hyper Voice|p2a: Dugtrio\n|-resisted|p2a: Dugtrio\n|-damage|p2a: Dugtrio|115\/196\n|\n|-heal|p1a: Sylveon|240\/304|[from] item: Leftovers\n|upkeep\n|turn|19\n|\n|t:|1611911120\n|switch|p1a: Milotic|Milotic, L84, F|297\/297\n|move|p2a: Dugtrio|Stealth Rock|p1a: Milotic\n|-sidestart|p1: thatboigreedy|move: Stealth Rock\n|\n|upkeep\n|turn|20\n|\n|t:|1611911125\n|move|p2a: Dugtrio|Earthquake|p1a: Milotic\n|-crit|p1a: Milotic\n|-damage|p1a: Milotic|75\/297\n|-damage|p2a: Dugtrio|96\/196|[from] item: Life Orb\n|move|p1a: Milotic|Scald|p2a: Dugtrio\n|-supereffective|p2a: Dugtrio\n|-damage|p2a: Dugtrio|0 fnt\n|faint|p2a: Dugtrio\n|\n|-heal|p1a: Milotic|93\/297|[from] item: Leftovers\n|upkeep\n|\n|t:|1611911127\n|switch|p2a: Cinccino|Cinccino, L86, F|269\/269\n|turn|21\n|\n|t:|1611911135\n|move|p2a: Cinccino|Tail Slap|p1a: Milotic\n|-damage|p1a: Milotic|50\/297\n|-damage|p1a: Milotic|1\/297\n|-damage|p1a: Milotic|0 fnt\n|-hitcount|p1a: Milotic|3\n|faint|p1a: Milotic\n|\n|upkeep\n|\n|t:|1611911146\n|switch|p1a: Gyarados|Gyarados, L78, M|276\/276\n|turn|22\n|\n|t:|1611911155\n|-start|p1a: Gyarados|Dynamax\n|-heal|p1a: Gyarados|552\/552|[silent]\n|move|p2a: Cinccino|Tail Slap|p1a: Gyarados\n|-crit|p1a: Gyarados\n|-damage|p1a: Gyarados|474\/552\n|-damage|p1a: Gyarados|425\/552\n|-damage|p1a: Gyarados|380\/552\n|-damage|p1a: Gyarados|329\/552\n|-damage|p1a: Gyarados|277\/552\n|-hitcount|p1a: Gyarados|5\n|move|p1a: Gyarados|Max Airstream|p2a: Cinccino\n|-crit|p2a: Cinccino\n|-damage|p2a: Cinccino|0 fnt\n|-boost|p1a: Gyarados|spe|1\n|faint|p2a: Cinccino\n|-ability|p1a: Gyarados|Moxie|boost\n|-boost|p1a: Gyarados|atk|1\n|\n|upkeep\n|\n|t:|1611911165\n|switch|p2a: Gyarados|Gyarados, L78, F|276\/276\n|turn|23\n|\n|t:|1611911169\n|-start|p2a: Gyarados|Dynamax\n|-heal|p2a: Gyarados|552\/552|[silent]\n|move|p2a: Gyarados|Max Guard|p2a: Gyarados\n|-singleturn|p2a: Gyarados|Max Guard\n|move|p1a: Gyarados|Max Airstream|p2a: Gyarados\n|-activate|p2a: Gyarados|move: Max Guard\n|\n|upkeep\n|turn|24\n|\n|t:|1611911174\n|move|p1a: Gyarados|Max Airstream|p2a: Gyarados\n|-damage|p2a: Gyarados|300\/552\n|-boost|p1a: Gyarados|spe|1\n|move|p2a: Gyarados|Max Airstream|p1a: Gyarados\n|-damage|p1a: Gyarados|120\/552\n|-boost|p2a: Gyarados|spe|1\n|\n|-end|p1a: Gyarados|Dynamax\n|-heal|p1a: Gyarados|60\/276|[silent]\n|upkeep\n|turn|25\n|\n|t:|1611911183\n|move|p1a: Gyarados|Bounce||[still]\n|-prepare|p1a: Gyarados|Bounce\n|move|p2a: Gyarados|Max Airstream|p1a: Gyarados|[miss]\n|-miss|p2a: Gyarados|p1a: Gyarados\n|\n|-end|p2a: Gyarados|Dynamax\n|-heal|p2a: Gyarados|150\/276|[silent]\n|upkeep\n|turn|26\n|\n|t:|1611911195\n|move|p1a: Gyarados|Bounce|p2a: Gyarados|[from]lockedmove|[miss]\n|-miss|p1a: Gyarados|p2a: Gyarados\n|move|p2a: Gyarados|Waterfall|p1a: Gyarados\n|-resisted|p1a: Gyarados\n|-damage|p1a: Gyarados|6\/276\n|\n|upkeep\n|turn|27\n|\n|t:|1611911200\n|move|p1a: Gyarados|Bounce||[still]\n|-prepare|p1a: Gyarados|Bounce\n|move|p2a: Gyarados|Bounce||[still]\n|-prepare|p2a: Gyarados|Bounce\n|\n|upkeep\n|turn|28\n|c|\u2606thatboigreedy|dang\n|c|\u2606TehranTyphlosions|sry man\n|\n|t:|1611911211\n|move|p1a: Gyarados|Bounce|p2a: Gyarados|[from]lockedmove|[miss]\n|-miss|p1a: Gyarados|p2a: Gyarados\n|move|p2a: Gyarados|Bounce|p1a: Gyarados|[from]lockedmove|[miss]\n|-miss|p2a: Gyarados|p1a: Gyarados\n|\n|upkeep\n|turn|29\n|c|\u2606thatboigreedy|achance\n|\n|t:|1611911223\n|move|p1a: Gyarados|Bounce||[still]\n|-prepare|p1a: Gyarados|Bounce\n|move|p2a: Gyarados|Waterfall|p1a: Gyarados|[miss]\n|-miss|p2a: Gyarados|p1a: Gyarados\n|\n|upkeep\n|turn|30\n|\n|t:|1611911228\n|move|p1a: Gyarados|Bounce|p2a: Gyarados|[from]lockedmove\n|-damage|p2a: Gyarados|0 fnt\n|faint|p2a: Gyarados\n|-ability|p1a: Gyarados|Moxie|boost\n|-boost|p1a: Gyarados|atk|1\n|\n|upkeep\n|\n|t:|1611911230\n|switch|p2a: Marshadow|Marshadow, L72|249\/249\n|turn|31\n|\n|t:|1611911237\n|switch|p1a: Hydreigon|Hydreigon, L82, F|257\/285\n|-damage|p1a: Hydreigon|222\/285|[from] Stealth Rock\n|move|p2a: Marshadow|Shadow Sneak|p1a: Hydreigon\n|-resisted|p1a: Hydreigon\n|-damage|p1a: Hydreigon|183\/285\n|\n|upkeep\n|turn|32\n|\n|t:|1611911248\n|switch|p2a: Coalossal|Coalossal, L86, F|329\/329\n|move|p1a: Hydreigon|Draco Meteor|p2a: Coalossal\n|-damage|p2a: Coalossal|142\/329\n|-unboost|p1a: Hydreigon|spa|2\n|-damage|p1a: Hydreigon|155\/285|[from] item: Life Orb\n|\n|upkeep\n|turn|33\n|\n|t:|1611911267\n|move|p1a: Hydreigon|Draco Meteor|p2a: Coalossal\n|-damage|p2a: Coalossal|41\/329\n|-unboost|p1a: Hydreigon|spa|2\n|-damage|p1a: Hydreigon|127\/285|[from] item: Life Orb\n|move|p2a: Coalossal|Stone Edge|p1a: Hydreigon|[miss]\n|-miss|p2a: Coalossal|p1a: Hydreigon\n|\n|upkeep\n|turn|34\n|\n|t:|1611911270\n|move|p1a: Hydreigon|Dark Pulse|p2a: Coalossal\n|-damage|p2a: Coalossal|2\/329\n|-damage|p1a: Hydreigon|99\/285|[from] item: Life Orb\n|move|p2a: Coalossal|Stone Edge|p1a: Hydreigon\n|-damage|p1a: Hydreigon|0 fnt\n|faint|p1a: Hydreigon\n|\n|upkeep\n|\n|t:|1611911277\n|switch|p1a: Gyarados|Gyarados, L78, M|6\/276\n|turn|35\n|\n|t:|1611911280\n|move|p1a: Gyarados|Waterfall|p2a: Coalossal\n|-supereffective|p2a: Coalossal\n|-damage|p2a: Coalossal|0 fnt\n|-status|p1a: Gyarados|brn|[from] ability: Flame Body|[of] p2a: Coalossal\n|faint|p2a: Coalossal\n|-ability|p1a: Gyarados|Moxie|boost\n|-boost|p1a: Gyarados|atk|1\n|\n|-damage|p1a: Gyarados|0 fnt|[from] brn\n|faint|p1a: Gyarados\n|upkeep\n|\n|t:|1611911283\n|switch|p1a: Sylveon|Sylveon, L86, M|240\/304\n|switch|p2a: Marshadow|Marshadow, L72|249\/249\n|-damage|p1a: Sylveon|202\/304|[from] Stealth Rock\n|turn|36\n|c|\u2606thatboigreedy|sylveon\n|c|\u2606thatboigreedy|use super crit\n|\n|t:|1611911304\n|move|p2a: Marshadow|Spectral Thief|p1a: Sylveon\n|-damage|p1a: Sylveon|55\/304\n|move|p1a: Sylveon|Hyper Voice|p2a: Marshadow\n|-supereffective|p2a: Marshadow\n|-damage|p2a: Marshadow|0 fnt\n|faint|p2a: Marshadow\n|\n|win|thatboigreedy\n|c|\u2606TehranTyphlosions|lmao\n|c|\u2606thatboigreedy|gg\n|c|\u2606TehranTyphlosions|gg\n|l|\u2606TehranTyphlosions\n||Ladder (probably) updated, but score could not be retrieved (Request timeout).\n","inputlog":">version 081326b69c962c08edb977a698bdf74bf91578d9\n>start {\"formatid\":\"gen8randombattle\",\"seed\":[21009,27206,56674,51144],\"rated\":\"Rated battle\"}\n>player p1 {\"name\":\"thatboigreedy\",\"avatar\":\"eusine\",\"team\":\"\",\"rating\":1693,\"seed\":[49218,40709,19403,27420]}\n>player p2 {\"name\":\"TehranTyphlosions\",\"avatar\":\"clair\",\"team\":\"\",\"rating\":1635,\"seed\":[36836,21403,58723,22855]}\n>p1 move calmmind\n>p2 move thunderwave\n>p1 move calmmind\n>p2 move airslash\n>p1 move calmmind\n>p2 move airslash\n>p1 move calmmind\n>p2 move airslash\n>p1 move shadowball\n>p2 move airslash\n>p1 move shadowball\n>p2 switch 5\n>p1 switch 5\n>p2 move rockblast\n>p1 move recover\n>p2 switch 5\n>p1 switch 5\n>p2 move airslash\n>p1 move thunderbolt\n>p2 move airslash\n>p1 switch 6\n>p1 move psychic\n>p2 move thunderwave\n>p1 move psychic\n>p2 move airslash\n>p1 move psychic\n>p2 move airslash\n>p1 move psychic\n>p2 move airslash\n>p1 move psychic\n>p2 move airslash\n>chat \u2606TehranTyphlosions|srty\n>p1 switch 4\n>p1 move flashcannon\n>p2 move aurasphere\n>p2 switch 6\n>p1 switch 3\n>p2 move closecombat\n>p1 move hypervoice\n>p2 switch 4\n>p1 switch 5\n>p2 move stealthrock\n>p1 move scald\n>p2 move earthquake\n>p2 switch 5\n>p1 move scald\n>p2 move tailslap\n>p1 switch 2\n>p1 move bounce dynamax\n>p2 move tailslap\n>p2 switch 3\n>p1 move bounce dynamax\n>p2 move dragondance dynamax\n>p1 move bounce dynamax\n>p2 move bounce dynamax\n>p1 move bounce\n>p2 move bounce dynamax\n>p1 move bounce\n>p2 move waterfall\n>p1 move bounce\n>p2 move bounce\n>chat \u2606thatboigreedy|dang\n>chat \u2606TehranTyphlosions|sry man\n>p1 move bounce\n>p2 move bounce\n>chat \u2606thatboigreedy|achance\n>p1 move bounce\n>p2 move waterfall\n>p1 move bounce\n>p2 move waterfall\n>p2 switch 4\n>p1 switch 3\n>p2 move shadowsneak\n>p1 move dracometeor\n>p2 switch 2\n>p1 move dracometeor\n>p2 move stoneedge\n>p1 move darkpulse\n>p2 move stoneedge\n>p1 switch 3\n>p1 move waterfall\n>p2 move rapidspin\n>p1 switch 5\n>p2 switch 2\n>chat \u2606thatboigreedy|sylveon \n>chat \u2606thatboigreedy|use super crit\n>p1 move hypervoice\n>p2 move spectralthief","uploadtime":1611911316,"views":1,"p1id":"thatboigreedy","p2id":"tehrantyphlosions","formatid":"gen8randombattle","rating":0,"private":0,"password":null}