{"id":"gen8ou-1685208856","p1":"VivaHonduras","p2":"will-i-am2","format":"gen8ou","log":"|html|<div class=\"broadcast-blue\"><strong>[Gen 8] OU is currently suspecting Melmetal! For information on how to participate check out the <a href=\"https:\/\/www.smogon.com\/forums\/threads\/np-ss-ou-suspect-process-round-12-monster-mash.3709234\/\">suspect thread<\/a>.<\/strong><\/div>\n|j|\u2606VivaHonduras\n|j|\u2606will-i-am2\n|t:|1665707836\n|gametype|singles\n|player|p1|VivaHonduras|1|1729\n|player|p2|will-i-am2|102|1864\n|teamsize|p1|6\n|teamsize|p2|6\n|gen|8\n|tier|[Gen 8] OU\n|rated|\n|rule|Sleep Clause Mod: Limit one foe put to sleep\n|rule|Species Clause: Limit one of each Pok\u00e9mon\n|rule|OHKO Clause: OHKO moves are banned\n|rule|Evasion Items Clause: Evasion items are banned\n|rule|Evasion Moves Clause: Evasion moves are banned\n|rule|Endless Battle Clause: Forcing endless battles is banned\n|rule|HP Percentage Mod: HP is shown in percentages\n|rule|Dynamax Clause: You cannot dynamax\n|clearpoke\n|poke|p1|Golduck, F|\n|poke|p1|Pelipper, F|\n|poke|p1|Zapdos|\n|poke|p1|Barraskewda, M|\n|poke|p1|Scizor, M|\n|poke|p1|Landorus-Therian, M|\n|poke|p2|Registeel|\n|poke|p2|Hydreigon, F|\n|poke|p2|Slowbro, M|\n|poke|p2|Mandibuzz, F|\n|poke|p2|Mamoswine, M|\n|poke|p2|Mimikyu, F|\n|teampreview\n|\n|t:|1665707861\n|start\n|switch|p1a: Pelipper|Pelipper, F|100\/100\n|switch|p2a: Hydreigon|Hydreigon, F|100\/100\n|-weather|RainDance|[from] ability: Drizzle|[of] p1a: Pelipper\n|turn|1\n|\n|t:|1665707868\n|move|p2a: Hydreigon|Draco Meteor|p1a: Pelipper\n|-crit|p1a: Pelipper\n|-damage|p1a: Pelipper|0 fnt\n|-unboost|p2a: Hydreigon|spa|2\n|faint|p1a: Pelipper\n|\n|-weather|RainDance|[upkeep]\n|upkeep\n|inactive|Battle timer is ON: inactive players will automatically lose when time's up. (requested by will-i-am2)\n|\n|t:|1665707874\n|switch|p1a: Golduck|Golduck, F|100\/100\n|turn|2\n|\n|t:|1665707879\n|switch|p2a: Slowbro|Slowbro, M|100\/100\n|move|p1a: Golduck|Calm Mind|p1a: Golduck\n|-boost|p1a: Golduck|spa|1\n|-boost|p1a: Golduck|spd|1\n|\n|-weather|RainDance|[upkeep]\n|upkeep\n|turn|3\n|\n|t:|1665707891\n|switch|p2a: Registeel|Registeel|100\/100\n|move|p1a: Golduck|Surf|p2a: Registeel\n|-damage|p2a: Registeel|40\/100\n|-damage|p1a: Golduck|91\/100|[from] item: Life Orb\n|\n|-weather|RainDance|[upkeep]\n|-heal|p2a: Registeel|46\/100|[from] item: Leftovers\n|upkeep\n|turn|4\n|\n|t:|1665707897\n|switch|p2a: Slowbro|Slowbro, M|100\/100\n|move|p1a: Golduck|Surf|p2a: Slowbro\n|-resisted|p2a: Slowbro\n|-damage|p2a: Slowbro|35\/100\n|-damage|p1a: Golduck|81\/100|[from] item: Life Orb\n|\n|-weather|RainDance|[upkeep]\n|-heal|p2a: Slowbro|41\/100|[from] item: Leftovers\n|upkeep\n|turn|5\n|\n|t:|1665707909\n|switch|p2a: Hydreigon|Hydreigon, F|100\/100\n|move|p1a: Golduck|Surf|p2a: Hydreigon\n|-resisted|p2a: Hydreigon\n|-damage|p2a: Hydreigon|35\/100\n|-damage|p1a: Golduck|71\/100|[from] item: Life Orb\n|\n|-weather|RainDance|[upkeep]\n|upkeep\n|turn|6\n|\n|t:|1665707919\n|move|p1a: Golduck|Surf|p2a: Hydreigon\n|-resisted|p2a: Hydreigon\n|-damage|p2a: Hydreigon|0 fnt\n|faint|p2a: Hydreigon\n|-damage|p1a: Golduck|61\/100|[from] item: Life Orb\n|\n|-weather|RainDance|[upkeep]\n|upkeep\n|\n|t:|1665707923\n|switch|p2a: Mimikyu|Mimikyu, F|100\/100\n|turn|7\n|\n|t:|1665707935\n|move|p1a: Golduck|Surf|p2a: Mimikyu\n|-activate|p2a: Mimikyu|ability: Disguise\n|-damage|p2a: Mimikyu|100\/100\n|detailschange|p2a: Mimikyu|Mimikyu-Busted, F\n|-damage|p2a: Mimikyu|88\/100|[from] pokemon: Mimikyu-Busted\n|-damage|p1a: Golduck|51\/100|[from] item: Life Orb\n|move|p2a: Mimikyu|Play Rough|p1a: Golduck\n|-damage|p1a: Golduck|0 fnt\n|faint|p1a: Golduck\n|-damage|p2a: Mimikyu|78\/100|[from] item: Life Orb\n|\n|-weather|RainDance|[upkeep]\n|upkeep\n|\n|t:|1665707946\n|switch|p1a: Zapdos|Zapdos|100\/100\n|turn|8\n|\n|t:|1665707952\n|switch|p2a: Registeel|Registeel|46\/100\n|move|p1a: Zapdos|Hurricane|p2a: Registeel\n|-resisted|p2a: Registeel\n|-damage|p2a: Registeel|32\/100\n|-start|p2a: Registeel|confusion\n|\n|-weather|none\n|-heal|p2a: Registeel|38\/100|[from] item: Leftovers\n|upkeep\n|turn|9\n|\n|t:|1665707956\n|move|p1a: Zapdos|Thunder|p2a: Registeel\n|-damage|p2a: Registeel|9\/100\n|-activate|p2a: Registeel|confusion\n|move|p2a: Registeel|Stealth Rock|p1a: Zapdos\n|-sidestart|p1: VivaHonduras|move: Stealth Rock\n|\n|-heal|p2a: Registeel|15\/100|[from] item: Leftovers\n|upkeep\n|turn|10\n|\n|t:|1665707966\n|move|p1a: Zapdos|Thunder|p2a: Registeel\n|-damage|p2a: Registeel|0 fnt\n|faint|p2a: Registeel\n|\n|upkeep\n|\n|t:|1665707970\n|switch|p2a: Mamoswine|Mamoswine, M|100\/100\n|turn|11\n|j| yh4611\n|\n|t:|1665707973\n|switch|p1a: Scizor|Scizor, M|100\/100\n|-damage|p1a: Scizor|88\/100|[from] Stealth Rock\n|move|p2a: Mamoswine|Icicle Crash|p1a: Scizor\n|-resisted|p1a: Scizor\n|-damage|p1a: Scizor|63\/100\n|\n|upkeep\n|turn|12\n|\n|t:|1665707978\n|switch|p2a: Mandibuzz|Mandibuzz, F|100\/100\n|move|p1a: Scizor|Roost|p1a: Scizor\n|-heal|p1a: Scizor|100\/100\n|-singleturn|p1a: Scizor|move: Roost\n|\n|upkeep\n|turn|13\n|\n|t:|1665707981\n|move|p2a: Mandibuzz|Foul Play|p1a: Scizor\n|-damage|p1a: Scizor|73\/100\n|-damage|p2a: Mandibuzz|84\/100|[from] item: Rocky Helmet|[of] p1a: Scizor\n|move|p1a: Scizor|Defog|p2a: Mandibuzz\n|-unboost|p2a: Mandibuzz|evasion|1\n|-sideend|p1: VivaHonduras|Stealth Rock|[from] move: Defog|[of] p1a: Scizor\n|\n|upkeep\n|turn|14\n|\n|t:|1665707988\n|move|p2a: Mandibuzz|Foul Play|p1a: Scizor\n|-damage|p1a: Scizor|42\/100\n|-damage|p2a: Mandibuzz|67\/100|[from] item: Rocky Helmet|[of] p1a: Scizor\n|move|p1a: Scizor|U-turn|p2a: Mandibuzz\n|-damage|p2a: Mandibuzz|49\/100\n|-damage|p1a: Scizor|26\/100|[from] item: Rocky Helmet|[of] p2a: Mandibuzz\n|\n|t:|1665707992\n|switch|p1a: Zapdos|Zapdos|100\/100|[from]move: U-turn\n|\n|upkeep\n|turn|15\n|\n|t:|1665707999\n|move|p1a: Zapdos|Thunder|p2a: Mandibuzz\n|-supereffective|p2a: Mandibuzz\n|-damage|p2a: Mandibuzz|0 fnt\n|faint|p2a: Mandibuzz\n|\n|upkeep\n|\n|t:|1665708001\n|switch|p2a: Mamoswine|Mamoswine, M|100\/100\n|turn|16\n|\n|t:|1665708009\n|switch|p1a: Landorus|Landorus-Therian, M|100\/100\n|-ability|p1a: Landorus|Intimidate|boost\n|-unboost|p2a: Mamoswine|atk|1\n|move|p2a: Mamoswine|Icicle Crash|p1a: Landorus\n|-supereffective|p1a: Landorus\n|-damage|p1a: Landorus|0 fnt\n|faint|p1a: Landorus\n|\n|upkeep\n|\n|t:|1665708012\n|switch|p1a: Barraskewda|Barraskewda, M|100\/100\n|turn|17\n|j| Partynparadise\n|\n|t:|1665708019\n|switch|p2a: Mimikyu|Mimikyu-Busted, F|78\/100\n|move|p1a: Barraskewda|Flip Turn|p2a: Mimikyu\n|-damage|p2a: Mimikyu|0 fnt\n|faint|p2a: Mimikyu\n|\n|t:|1665708025\n|switch|p1a: Scizor|Scizor, M|26\/100|[from]move: Flip Turn\n|\n|upkeep\n|\n|t:|1665708035\n|switch|p2a: Slowbro|Slowbro, M|74\/100\n|turn|18\n|\n|t:|1665708042\n|move|p1a: Scizor|Roost|p1a: Scizor\n|-heal|p1a: Scizor|76\/100\n|-singleturn|p1a: Scizor|move: Roost\n|move|p2a: Slowbro|Trick Room|p2a: Slowbro\n|-fieldstart|move: Trick Room|[of] p2a: Slowbro\n|\n|-heal|p2a: Slowbro|80\/100|[from] item: Leftovers\n|upkeep\n|turn|19\n|\n|t:|1665708052\n|switch|p1a: Zapdos|Zapdos|100\/100\n|move|p2a: Slowbro|Fire Blast|p1a: Zapdos\n|-damage|p1a: Zapdos|59\/100\n|\n|-heal|p2a: Slowbro|86\/100|[from] item: Leftovers\n|upkeep\n|turn|20\n|\n|t:|1665708062\n|move|p2a: Slowbro|Psychic|p1a: Zapdos\n|-damage|p1a: Zapdos|10\/100\n|move|p1a: Zapdos|Hurricane|p2a: Slowbro\n|-damage|p2a: Slowbro|24\/100\n|\n|-heal|p2a: Slowbro|30\/100|[from] item: Leftovers\n|upkeep\n|turn|21\n|\n|t:|1665708069\n|switch|p1a: Scizor|Scizor, M|76\/100\n|move|p2a: Slowbro|Scald|p1a: Scizor\n|-damage|p1a: Scizor|34\/100\n|\n|-heal|p2a: Slowbro|36\/100|[from] item: Leftovers\n|upkeep\n|turn|22\n|j| ChristianBeThatGuy\n|\n|t:|1665708092\n|move|p2a: Slowbro|Scald|p1a: Scizor\n|-damage|p1a: Scizor|0 fnt\n|faint|p1a: Scizor\n|\n|-heal|p2a: Slowbro|42\/100|[from] item: Leftovers\n|-fieldend|move: Trick Room\n|upkeep\n|\n|t:|1665708099\n|switch|p1a: Barraskewda|Barraskewda, M|100\/100\n|turn|23\n|inactive|will-i-am2 has 120 seconds left.\n|\n|t:|1665708133\n|switch|p2a: Mamoswine|Mamoswine, M|100\/100\n|move|p1a: Barraskewda|Crunch|p2a: Mamoswine\n|-damage|p2a: Mamoswine|55\/100\n|\n|upkeep\n|turn|24\n|inactive|will-i-am2 has 120 seconds left.\n|\n|t:|1665708153\n|move|p1a: Barraskewda|Crunch|p2a: Mamoswine\n|-damage|p2a: Mamoswine|2\/100\n|-unboost|p2a: Mamoswine|def|1\n|move|p2a: Mamoswine|Knock Off|p1a: Barraskewda\n|-damage|p1a: Barraskewda|0 fnt\n|-enditem|p1a: Barraskewda|Choice Band|[from] move: Knock Off|[of] p2a: Mamoswine\n|faint|p1a: Barraskewda\n|\n|upkeep\n|\n|t:|1665708158\n|switch|p1a: Zapdos|Zapdos|10\/100\n|turn|25\n|inactive|VivaHonduras has 120 seconds left.\n|\n|t:|1665708206\n|switch|p2a: Slowbro|Slowbro, M|76\/100\n|move|p1a: Zapdos|Weather Ball|p2a: Slowbro\n|-damage|p2a: Slowbro|58\/100\n|\n|-heal|p2a: Slowbro|64\/100|[from] item: Leftovers\n|upkeep\n|turn|26\n|\n|t:|1665708213\n|move|p1a: Zapdos|Roost|p1a: Zapdos\n|-heal|p1a: Zapdos|60\/100\n|-singleturn|p1a: Zapdos|move: Roost\n|move|p2a: Slowbro|Scald|p1a: Zapdos\n|-damage|p1a: Zapdos|14\/100\n|\n|-heal|p2a: Slowbro|70\/100|[from] item: Leftovers\n|upkeep\n|turn|27\n|\n|t:|1665708218\n|move|p1a: Zapdos|Roost|p1a: Zapdos\n|-heal|p1a: Zapdos|64\/100\n|-singleturn|p1a: Zapdos|move: Roost\n|move|p2a: Slowbro|Psychic|p1a: Zapdos\n|-damage|p1a: Zapdos|12\/100\n|\n|-heal|p2a: Slowbro|76\/100|[from] item: Leftovers\n|upkeep\n|turn|28\n|\n|t:|1665708220\n|move|p1a: Zapdos|Roost|p1a: Zapdos\n|-heal|p1a: Zapdos|62\/100\n|-singleturn|p1a: Zapdos|move: Roost\n|move|p2a: Slowbro|Psychic|p1a: Zapdos\n|-damage|p1a: Zapdos|12\/100\n|-unboost|p1a: Zapdos|spd|1\n|\n|-heal|p2a: Slowbro|82\/100|[from] item: Leftovers\n|upkeep\n|turn|29\n|\n|t:|1665708227\n|move|p1a: Zapdos|Thunder|p2a: Slowbro\n|-supereffective|p2a: Slowbro\n|-damage|p2a: Slowbro|0 fnt\n|faint|p2a: Slowbro\n|\n|upkeep\n|\n|t:|1665708230\n|switch|p2a: Mamoswine|Mamoswine, M|2\/100\n|turn|30\n|\n|t:|1665708232\n|move|p2a: Mamoswine|Ice Shard|p1a: Zapdos\n|-supereffective|p1a: Zapdos\n|-damage|p1a: Zapdos|0 fnt\n|faint|p1a: Zapdos\n|\n|win|will-i-am2\n|raw|VivaHonduras's rating: 1729 &rarr; <strong>1716<\/strong><br \/>(-13 for losing)\n|raw|will-i-am2's rating: 1864 &rarr; <strong>1877<\/strong><br \/>(+13 for winning)\n|l|\u2606VivaHonduras\n","uploadtime":1665708245,"views":23,"p1id":"vivahonduras","p2id":"william2","formatid":"gen8ou","rating":1716,"private":0,"password":null}