{"id":"gen8unratedrandombattle-1572113479","p1":"vgpharaoh","p2":"Batataplays","format":"gen8unratedrandombattle","log":"|j|\u2606vgpharaoh\n|j|\u2606Batataplays\n|t:|1652228123\n|gametype|singles\n|player|p1|vgpharaoh|giovanni|\n|player|p2|Batataplays|sonia|\n|teamsize|p1|6\n|teamsize|p2|6\n|gen|8\n|tier|[Gen 8] Unrated Random Battle\n|rule|Species Clause: Limit one of each Pok\u00e9mon\n|rule|HP Percentage Mod: HP is shown in percentages\n|rule|Sleep Clause Mod: Limit one foe put to sleep\n|\n|t:|1652228123\n|start\n|switch|p1a: Poliwrath|Poliwrath, L84, F|288\/288\n|switch|p2a: Urshifu|Urshifu, L76, M|277\/277\n|turn|1\n|\n|t:|1652228135\n|move|p2a: Urshifu|U-turn|p1a: Poliwrath\n|-resisted|p1a: Poliwrath\n|-damage|p1a: Poliwrath|251\/288\n|\n|t:|1652228137\n|switch|p2a: Toxapex|Toxapex, L82, F|216\/216\n|move|p1a: Poliwrath|Close Combat|p2a: Toxapex\n|-resisted|p2a: Toxapex\n|-damage|p2a: Toxapex|163\/216\n|-unboost|p1a: Poliwrath|def|1\n|-unboost|p1a: Poliwrath|spd|1\n|-damage|p1a: Poliwrath|223\/288|[from] item: Life Orb\n|\n|-heal|p2a: Toxapex|176\/216|[from] item: Black Sludge\n|upkeep\n|turn|2\n|\n|t:|1652228144\n|switch|p1a: Vanilluxe|Vanilluxe, L82, F|251\/251\n|-weather|Hail|[from] ability: Snow Warning|[of] p1a: Vanilluxe\n|move|p2a: Toxapex|Toxic|p1a: Vanilluxe\n|-status|p1a: Vanilluxe|tox\n|\n|-weather|Hail|[upkeep]\n|-damage|p2a: Toxapex|163\/216|[from] Hail\n|-heal|p2a: Toxapex|176\/216|[from] item: Black Sludge\n|-damage|p1a: Vanilluxe|236\/251 tox|[from] psn\n|upkeep\n|turn|3\n|\n|t:|1652228155\n|switch|p2a: Shuckle|Shuckle, L86, M|175\/175\n|move|p1a: Vanilluxe|Aurora Veil|p1a: Vanilluxe\n|-sidestart|p1: vgpharaoh|move: Aurora Veil\n|\n|-weather|Hail|[upkeep]\n|-damage|p2a: Shuckle|165\/175|[from] Hail\n|-damage|p1a: Vanilluxe|206\/251 tox|[from] psn\n|upkeep\n|turn|4\n|\n|t:|1652228160\n|switch|p1a: Kartana|Kartana, L74|209\/209\n|move|p2a: Shuckle|Sticky Web|p1a: Kartana\n|-sidestart|p1: vgpharaoh|move: Sticky Web\n|\n|-weather|Hail|[upkeep]\n|-damage|p1a: Kartana|196\/209|[from] Hail\n|-damage|p2a: Shuckle|155\/175|[from] Hail\n|upkeep\n|turn|5\n|\n|t:|1652228165\n|move|p1a: Kartana|Swords Dance|p1a: Kartana\n|-boost|p1a: Kartana|atk|2\n|move|p2a: Shuckle|Encore|p1a: Kartana\n|-start|p1a: Kartana|Encore\n|\n|-weather|Hail|[upkeep]\n|-damage|p1a: Kartana|183\/209|[from] Hail\n|-damage|p2a: Shuckle|145\/175|[from] Hail\n|upkeep\n|turn|6\n|\n|t:|1652228167\n|move|p1a: Kartana|Swords Dance|p1a: Kartana\n|-boost|p1a: Kartana|atk|2\n|move|p2a: Shuckle|Knock Off|p1a: Kartana\n|-damage|p1a: Kartana|175\/209\n|-enditem|p1a: Kartana|Life Orb|[from] move: Knock Off|[of] p2a: Shuckle\n|\n|-weather|none\n|upkeep\n|turn|7\n|\n|t:|1652228182\n|move|p1a: Kartana|Swords Dance|p1a: Kartana\n|-boost|p1a: Kartana|atk|2\n|move|p2a: Shuckle|Knock Off|p1a: Kartana\n|-damage|p1a: Kartana|169\/209\n|\n|upkeep\n|turn|8\n|\n|t:|1652228185\n|move|p1a: Kartana|Swords Dance|p1a: Kartana\n|-boost|p1a: Kartana|atk|0\n|move|p2a: Shuckle|Knock Off|p1a: Kartana\n|-damage|p1a: Kartana|162\/209\n|\n|-end|p1a: Kartana|Encore\n|upkeep\n|turn|9\n|\n|t:|1652228187\n|move|p1a: Kartana|Smart Strike|p2a: Shuckle\n|-supereffective|p2a: Shuckle\n|-damage|p2a: Shuckle|0 fnt\n|faint|p2a: Shuckle\n|\n|upkeep\n|\n|t:|1652228193\n|switch|p2a: Toxapex|Toxapex, L82, F|216\/216\n|turn|10\n|\n|t:|1652228195\n|move|p2a: Toxapex|Baneful Bunker|p2a: Toxapex\n|-singleturn|p2a: Toxapex|move: Protect\n|move|p1a: Kartana|Leaf Blade|p2a: Toxapex\n|-activate|p2a: Toxapex|move: Protect\n|\n|-sideend|p1: vgpharaoh|move: Aurora Veil\n|upkeep\n|turn|11\n|\n|t:|1652228203\n|move|p1a: Kartana|Leaf Blade|p2a: Toxapex\n|-crit|p2a: Toxapex\n|-damage|p2a: Toxapex|0 fnt\n|faint|p2a: Toxapex\n|\n|upkeep\n|\n|t:|1652228206\n|switch|p2a: Accelgor|Accelgor, L86, F|278\/278\n|turn|12\n|\n|t:|1652228209\n|-start|p2a: Accelgor|Dynamax|\n|-heal|p2a: Accelgor|556\/556|[silent]\n|-start|p1a: Kartana|Dynamax|\n|-heal|p1a: Kartana|324\/418|[silent]\n|move|p2a: Accelgor|Max Flutterby|p1a: Kartana\n|-damage|p1a: Kartana|20\/418\n|-unboost|p1a: Kartana|spa|1\n|move|p1a: Kartana|Max Steelspike|p2a: Accelgor\n|-damage|p2a: Accelgor|0 fnt\n|-boost|p1a: Kartana|def|1\n|faint|p2a: Accelgor\n|\n|upkeep\n|\n|t:|1652228216\n|switch|p2a: Urshifu|Urshifu, L76, M|277\/277\n|turn|13\n|\n|t:|1652228220\n|move|p1a: Kartana|Max Guard|p1a: Kartana\n|-singleturn|p1a: Kartana|Max Guard\n|move|p2a: Urshifu|Sucker Punch||[still]\n|-fail|p2a: Urshifu\n|\n|upkeep\n|turn|14\n|\n|t:|1652228223\n|move|p1a: Kartana|Max Guard||[still]\n|-fail|p1a: Kartana\n|move|p2a: Urshifu|Sucker Punch||[still]\n|-fail|p2a: Urshifu\n|\n|upkeep\n|-end|p1a: Kartana|Dynamax\n|-heal|p1a: Kartana|10\/209|[silent]\n|turn|15\n|\n|t:|1652228225\n|move|p2a: Urshifu|Sucker Punch||[still]\n|-fail|p2a: Urshifu\n|move|p1a: Kartana|Swords Dance|p1a: Kartana\n|-boost|p1a: Kartana|atk|0\n|\n|upkeep\n|turn|16\n|\n|t:|1652228227\n|move|p2a: Urshifu|Sucker Punch||[still]\n|-fail|p2a: Urshifu\n|move|p1a: Kartana|Swords Dance|p1a: Kartana\n|-boost|p1a: Kartana|atk|0\n|\n|upkeep\n|turn|17\n|\n|t:|1652228229\n|move|p2a: Urshifu|Sucker Punch||[still]\n|-fail|p2a: Urshifu\n|move|p1a: Kartana|Swords Dance|p1a: Kartana\n|-boost|p1a: Kartana|atk|0\n|\n|upkeep\n|turn|18\n|\n|t:|1652228232\n|switch|p2a: Cobalion|Cobalion, L78|270\/270\n|move|p1a: Kartana|Swords Dance|p1a: Kartana\n|-boost|p1a: Kartana|atk|0\n|\n|upkeep\n|turn|19\n|\n|t:|1652228236\n|move|p2a: Cobalion|Volt Switch|p1a: Kartana\n|-resisted|p1a: Kartana\n|-damage|p1a: Kartana|0 fnt\n|faint|p1a: Kartana\n|\n|t:|1652228239\n|switch|p2a: Urshifu|Urshifu, L76, M|277\/277\n|\n|upkeep\n|\n|t:|1652228242\n|switch|p1a: Poliwrath|Poliwrath, L84, F|223\/288\n|-activate|p1a: Poliwrath|move: Sticky Web\n|-unboost|p1a: Poliwrath|spe|1\n|turn|20\n|\n|t:|1652228246\n|move|p2a: Urshifu|U-turn|p1a: Poliwrath\n|-resisted|p1a: Poliwrath\n|-damage|p1a: Poliwrath|186\/288\n|\n|t:|1652228248\n|switch|p2a: Rotom|Rotom, L84|221\/221\n|move|p1a: Poliwrath|Rain Dance|p1a: Poliwrath\n|-weather|RainDance\n|\n|-weather|RainDance|[upkeep]\n|upkeep\n|turn|21\n|\n|t:|1652228257\n|switch|p1a: Vanilluxe|Vanilluxe, L82, F|206\/251 tox\n|-activate|p1a: Vanilluxe|move: Sticky Web\n|-unboost|p1a: Vanilluxe|spe|1\n|-weather|Hail|[from] ability: Snow Warning|[of] p1a: Vanilluxe\n|move|p2a: Rotom|Thunderbolt|p1a: Vanilluxe\n|-damage|p1a: Vanilluxe|122\/251 tox\n|\n|-weather|Hail|[upkeep]\n|-damage|p2a: Rotom|208\/221|[from] Hail\n|-heal|p2a: Rotom|221\/221|[from] item: Leftovers\n|-damage|p1a: Vanilluxe|107\/251 tox|[from] psn\n|upkeep\n|turn|22\n|\n|t:|1652228263\n|switch|p2a: Cobalion|Cobalion, L78|270\/270\n|move|p1a: Vanilluxe|Aurora Veil|p1a: Vanilluxe\n|-sidestart|p1: vgpharaoh|move: Aurora Veil\n|\n|-weather|Hail|[upkeep]\n|-damage|p2a: Cobalion|254\/270|[from] Hail\n|-heal|p2a: Cobalion|270\/270|[from] item: Leftovers\n|-damage|p1a: Vanilluxe|77\/251 tox|[from] psn\n|upkeep\n|turn|23\n|\n|t:|1652228268\n|move|p2a: Cobalion|Iron Head|p1a: Vanilluxe\n|-supereffective|p1a: Vanilluxe\n|-damage|p1a: Vanilluxe|4\/251 tox\n|move|p1a: Vanilluxe|Blizzard|p2a: Cobalion\n|-resisted|p2a: Cobalion\n|-damage|p2a: Cobalion|201\/270\n|\n|-weather|Hail|[upkeep]\n|-damage|p2a: Cobalion|185\/270|[from] Hail\n|-heal|p2a: Cobalion|201\/270|[from] item: Leftovers\n|-damage|p1a: Vanilluxe|0 fnt|[from] psn\n|faint|p1a: Vanilluxe\n|upkeep\n|\n|t:|1652228270\n|switch|p1a: Blaziken|Blaziken, L76, F|247\/247\n|-activate|p1a: Blaziken|move: Sticky Web\n|-unboost|p1a: Blaziken|spe|1\n|turn|24\n|\n|t:|1652228275\n|move|p2a: Cobalion|Volt Switch|p1a: Blaziken\n|-damage|p1a: Blaziken|221\/247\n|\n|t:|1652228279\n|switch|p2a: Urshifu|Urshifu, L76, M|277\/277\n|move|p1a: Blaziken|Swords Dance|p1a: Blaziken\n|-boost|p1a: Blaziken|atk|2\n|\n|-weather|Hail|[upkeep]\n|-damage|p2a: Urshifu|260\/277|[from] Hail\n|-damage|p1a: Blaziken|206\/247|[from] Hail\n|-ability|p1a: Blaziken|Speed Boost|boost\n|-boost|p1a: Blaziken|spe|1\n|upkeep\n|turn|25\n|\n|t:|1652228282\n|move|p2a: Urshifu|Close Combat|p1a: Blaziken\n|-crit|p1a: Blaziken\n|-damage|p1a: Blaziken|0 fnt\n|-unboost|p2a: Urshifu|def|1\n|-unboost|p2a: Urshifu|spd|1\n|faint|p1a: Blaziken\n|\n|-weather|none\n|upkeep\n|\n|t:|1652228286\n|switch|p1a: Salamence|Salamence, L76, M|269\/269\n|turn|26\n|\n|t:|1652228291\n|switch|p2a: Rotom|Rotom, L84|221\/221\n|move|p1a: Salamence|Dragon Dance|p1a: Salamence\n|-boost|p1a: Salamence|atk|1\n|-boost|p1a: Salamence|spe|1\n|\n|upkeep\n|turn|27\n|\n|t:|1652228293\n|move|p1a: Salamence|Outrage|p2a: Rotom\n|-damage|p2a: Rotom|5\/221\n|move|p2a: Rotom|Will-O-Wisp|p1a: Salamence|[miss]\n|-miss|p2a: Rotom|p1a: Salamence\n|\n|-heal|p2a: Rotom|18\/221|[from] item: Leftovers\n|upkeep\n|turn|28\n|\n|t:|1652228296\n|move|p1a: Salamence|Outrage|p2a: Rotom|[from]lockedmove\n|-damage|p2a: Rotom|0 fnt\n|faint|p2a: Rotom\n|-ability|p1a: Salamence|Moxie|boost\n|-boost|p1a: Salamence|atk|1\n|-start|p1a: Salamence|confusion|[fatigue]\n|\n|upkeep\n|\n|t:|1652228299\n|switch|p2a: Cobalion|Cobalion, L78|201\/270\n|turn|29\n|\n|t:|1652228301\n|-activate|p1a: Salamence|confusion\n|move|p1a: Salamence|Earthquake|p2a: Cobalion\n|-supereffective|p2a: Cobalion\n|-damage|p2a: Cobalion|0 fnt\n|faint|p2a: Cobalion\n|-ability|p1a: Salamence|Moxie|boost\n|-boost|p1a: Salamence|atk|1\n|\n|-sideend|p1: vgpharaoh|move: Aurora Veil\n|upkeep\n|\n|t:|1652228303\n|switch|p2a: Urshifu|Urshifu, L76, M|260\/277\n|turn|30\n|\n|t:|1652228306\n|-activate|p1a: Salamence|confusion\n|move|p1a: Salamence|Dual Wingbeat|p2a: Urshifu\n|-supereffective|p2a: Urshifu\n|-damage|p2a: Urshifu|20\/277\n|-supereffective|p2a: Urshifu\n|-damage|p2a: Urshifu|0 fnt\n|faint|p2a: Urshifu\n|-hitcount|p2: Urshifu|2\n|\n|win|vgpharaoh\n|l|\u2606Batataplays\n","inputlog":">version 3115cfa9da4584a6803ed46aa555a31ae64bc6d8\n>start {\"formatid\":\"gen8unratedrandombattle\",\"seed\":[44491,23809,5161,27055]}\n>player p1 {\"name\":\"vgpharaoh\",\"avatar\":\"giovanni\",\"rating\":0,\"seed\":[58464,40480,14568,64558]}\n>player p2 {\"name\":\"Batataplays\",\"avatar\":\"sonia\",\"rating\":0,\"seed\":[54181,19098,52819,61841]}\n>p1 move closecombat\n>p2 move uturn\n>p2 switch 5\n>p1 switch 3\n>p2 move toxic\n>p1 move auroraveil\n>p2 switch 4\n>p1 switch 6\n>p2 move stickyweb\n>p1 move swordsdance\n>p2 move encore\n>p1 move swordsdance\n>p2 move knockoff\n>p1 move swordsdance\n>p2 move knockoff\n>p1 move swordsdance\n>p2 move knockoff\n>p1 move smartstrike\n>p2 move encore\n>p2 switch 4\n>p1 move leafblade\n>p2 move banefulbunker\n>p1 move leafblade\n>p2 move scald\n>p2 switch 6\n>p1 move smartstrike dynamax\n>p2 move bugbuzz dynamax\n>p2 switch 5\n>p1 move swordsdance dynamax\n>p2 move suckerpunch\n>p1 move swordsdance dynamax\n>p2 move suckerpunch\n>p1 move swordsdance\n>p2 move suckerpunch\n>p1 move swordsdance\n>p2 move suckerpunch\n>p1 move swordsdance\n>p2 move suckerpunch\n>p1 move swordsdance\n>p2 switch 2\n>p1 move sacredsword\n>p2 move voltswitch\n>p2 switch 2\n>p1 switch 3\n>p1 move raindance\n>p2 move uturn\n>p2 switch 3\n>p1 switch 6\n>p2 move thunderbolt\n>p1 move auroraveil\n>p2 switch 2\n>p1 move blizzard\n>p2 move ironhead\n>p1 switch 4\n>p1 move swordsdance\n>p2 move voltswitch\n>p2 switch 3\n>p1 move swordsdance\n>p2 move closecombat\n>p1 switch 2\n>p1 move dragondance\n>p2 switch 2\n>p1 move outrage\n>p2 move willowisp\n>p1 move outrage\n>p2 move willowisp\n>p2 switch 3\n>p1 move earthquake\n>p2 move ironhead\n>p2 switch 2\n>p1 move dualwingbeat\n>p2 move wickedblow","uploadtime":1652228311,"views":2,"p1id":"vgpharaoh","p2id":"batataplays","formatid":"gen8unratedrandombattle","rating":0,"private":0,"password":null}