{"id":"gen8ou-1326930761","p1":"PedroGreg","p2":"Edgy 4fun","format":"gen8ou","log":"|html|<div class=\"broadcast-blue\"><strong>[Gen 8] OU is currently suspecting Zamazenta-Crowned! For information on how to participate check out the <a href=\"https:\/\/www.smogon.com\/forums\/threads\/np-ss-ou-suspect-process-round-10-royals.3681787\/\">suspect thread<\/a>.<\/strong><\/div>\n|j|\u2606PedroGreg\n|j|\u2606Edgy 4fun\n|t:|1619125290\n|gametype|singles\n|player|p1|PedroGreg|bianca|\n|player|p2|Edgy 4fun|depotagent|\n|teamsize|p1|6\n|teamsize|p2|6\n|gen|8\n|tier|[Gen 8] OU\n|rated|Tournament battle\n|clearpoke\n|poke|p1|Tapu Lele|\n|poke|p1|Tornadus-Therian, M|\n|poke|p1|Blissey, F|\n|poke|p1|Clefable, F|\n|poke|p1|Landorus-Therian, M|\n|poke|p1|Urshifu-*, F|\n|poke|p2|Urshifu-*, M|\n|poke|p2|Ferrothorn, M|\n|poke|p2|Zapdos|\n|poke|p2|Heatran, F|\n|poke|p2|Swampert, M|\n|poke|p2|Dragapult, M|\n|rule|Sleep Clause Mod: Limit one foe put to sleep\n|rule|Species Clause: Limit one of each Pok\u00e9mon\n|rule|OHKO Clause: OHKO moves are banned\n|rule|Evasion Moves Clause: Evasion moves are banned\n|rule|Endless Battle Clause: Forcing endless battles is banned\n|rule|HP Percentage Mod: HP is shown in percentages\n|rule|Dynamax Clause: You cannot dynamax\n|teampreview\n|c|\u2606PedroGreg|hf\n|c|\u2606Edgy 4fun|nos encontramos enfim\n|inactive|Battle timer is ON: inactive players will automatically lose when time's up. (requested by PedroGreg)\n|c|\u2606Edgy 4fun|hf\n|inactive|PedroGreg has 120 seconds left.\n|\n|t:|1619125350\n|start\n|switch|p1a: Clefable|Clefable, F|100\/100\n|switch|p2a: Swampert|Swampert, M|100\/100\n|turn|1\n|\n|t:|1619125359\n|move|p1a: Clefable|Stealth Rock|p2a: Swampert\n|-sidestart|p2: Edgy 4fun|move: Stealth Rock\n|move|p2a: Swampert|Flip Turn|p1a: Clefable\n|-damage|p1a: Clefable|83\/100\n|inactive|Edgy 4fun has 120 seconds left.\n|\n|t:|1619125403\n|switch|p2a: Heatran|Heatran, F|100\/100|[from]move: Flip Turn\n|-damage|p2a: Heatran|88\/100|[from] Stealth Rock\n|\n|-heal|p2a: Heatran|94\/100|[from] item: Leftovers\n|upkeep\n|turn|2\n|\n|t:|1619125411\n|move|p2a: Heatran|Magma Storm|p1a: Clefable\n|-damage|p1a: Clefable|42\/100\n|-activate|p1a: Clefable|move: Magma Storm|[of] p2a: Heatran\n|move|p1a: Clefable|Trick|p2a: Heatran\n|-activate|p1a: Clefable|move: Trick|[of] p2a: Heatran\n|-item|p2a: Heatran|Sticky Barb|[from] move: Trick\n|-item|p1a: Clefable|Leftovers|[from] move: Trick\n|\n|-heal|p1a: Clefable|48\/100|[from] item: Leftovers\n|-damage|p2a: Heatran|82\/100|[from] item: Sticky Barb\n|upkeep\n|turn|3\n|inactive|Edgy 4fun has 120 seconds left.\n|\n|t:|1619125424\n|move|p2a: Heatran|Taunt|p1a: Clefable\n|-start|p1a: Clefable|move: Taunt\n|cant|p1a: Clefable|move: Taunt|Soft-Boiled\n|\n|-heal|p1a: Clefable|54\/100|[from] item: Leftovers\n|-damage|p2a: Heatran|69\/100|[from] item: Sticky Barb\n|upkeep\n|turn|4\n|inactive|Edgy 4fun has 120 seconds left.\n|\n|t:|1619125433\n|move|p2a: Heatran|Magma Storm|p1a: Clefable\n|-damage|p1a: Clefable|14\/100\n|move|p1a: Clefable|Moonblast|p2a: Heatran\n|-resisted|p2a: Heatran\n|-damage|p2a: Heatran|64\/100\n|-unboost|p2a: Heatran|spa|1\n|\n|-heal|p1a: Clefable|20\/100|[from] item: Leftovers\n|-damage|p2a: Heatran|52\/100|[from] item: Sticky Barb\n|upkeep\n|turn|5\n|inactive|Edgy 4fun has 120 seconds left.\n|\n|t:|1619125446\n|move|p2a: Heatran|Earth Power|p1a: Clefable\n|-damage|p1a: Clefable|4\/100\n|move|p1a: Clefable|Moonblast|p2a: Heatran\n|-resisted|p2a: Heatran\n|-damage|p2a: Heatran|46\/100\n|\n|-heal|p1a: Clefable|10\/100|[from] item: Leftovers\n|-end|p1a: Clefable|move: Taunt\n|-damage|p2a: Heatran|34\/100|[from] item: Sticky Barb\n|upkeep\n|turn|6\n|c|\u2606Edgy 4fun|lol\n|inactive|Edgy 4fun has 120 seconds left.\n|\n|t:|1619125461\n|move|p2a: Heatran|Earth Power|p1a: Clefable\n|-damage|p1a: Clefable|0 fnt\n|faint|p1a: Clefable\n|\n|-damage|p2a: Heatran|21\/100|[from] item: Sticky Barb\n|upkeep\n|c|\u2606Edgy 4fun|se clica magma erra tlg\n|inactive|PedroGreg has 120 seconds left.\n|\n|t:|1619125516\n|switch|p1a: Landorus|Landorus-Therian, M|100\/100\n|-ability|p1a: Landorus|Intimidate|boost\n|-unboost|p2a: Heatran|atk|1\n|turn|7\n|\n|t:|1619125521\n|move|p1a: Landorus|Earthquake|p2a: Heatran\n|-supereffective|p2a: Heatran\n|-damage|p2a: Heatran|0 fnt\n|faint|p2a: Heatran\n|\n|upkeep\n|inactive|Edgy 4fun has 120 seconds left.\n|\n|t:|1619125556\n|switch|p2a: Urshifu|Urshifu-Rapid-Strike, M|100\/100\n|-damage|p2a: Urshifu|94\/100|[from] Stealth Rock\n|turn|8\n|\n|t:|1619125565\n|switch|p1a: Urshifu|Urshifu-Rapid-Strike, F|100\/100\n|move|p2a: Urshifu|Surging Strikes|p1a: Urshifu\n|-resisted|p1a: Urshifu\n|-crit|p1a: Urshifu\n|-damage|p1a: Urshifu|86\/100\n|-resisted|p1a: Urshifu\n|-crit|p1a: Urshifu\n|-damage|p1a: Urshifu|72\/100\n|-resisted|p1a: Urshifu\n|-crit|p1a: Urshifu\n|-damage|p1a: Urshifu|57\/100\n|-hitcount|p1a: Urshifu|3\n|\n|upkeep\n|turn|9\n|inactive|PedroGreg has 120 seconds left.\n|\n|t:|1619125582\n|switch|p2a: Dragapult|Dragapult, M|100\/100\n|-damage|p2a: Dragapult|88\/100|[from] Stealth Rock\n|move|p1a: Urshifu|U-turn|p2a: Dragapult\n|-resisted|p2a: Dragapult\n|-damage|p2a: Dragapult|63\/100\n|\n|t:|1619125588\n|switch|p1a: Landorus|Landorus-Therian, M|100\/100|[from]move: U-turn\n|-ability|p1a: Landorus|Intimidate|boost\n|-unboost|p2a: Dragapult|atk|1\n|\n|upkeep\n|turn|10\n|\n|t:|1619125598\n|switch|p2a: Ferrothorn|Ferrothorn, M|100\/100\n|-damage|p2a: Ferrothorn|94\/100|[from] Stealth Rock\n|move|p1a: Landorus|Knock Off|p2a: Ferrothorn\n|-damage|p2a: Ferrothorn|70\/100\n|-damage|p1a: Landorus|88\/100|[from] ability: Iron Barbs|[of] p2a: Ferrothorn\n|-enditem|p2a: Ferrothorn|Leftovers|[from] move: Knock Off|[of] p1a: Landorus\n|\n|upkeep\n|turn|11\n|inactive|Edgy 4fun has 120 seconds left.\n|inactive|PedroGreg has 120 seconds left.\n|\n|t:|1619125616\n|switch|p1a: Tornadus|Tornadus-Therian, M|100\/100\n|move|p2a: Ferrothorn|Leech Seed|p1a: Tornadus|[miss]\n|-miss|p2a: Ferrothorn|p1a: Tornadus\n|\n|upkeep\n|turn|12\n|inactive|Edgy 4fun has 120 seconds left.\n|\n|t:|1619125624\n|move|p1a: Tornadus|Hurricane|p2a: Ferrothorn\n|-damage|p2a: Ferrothorn|43\/100\n|move|p2a: Ferrothorn|Gyro Ball|p1a: Tornadus\n|-damage|p1a: Tornadus|58\/100\n|\n|upkeep\n|turn|13\n|\n|t:|1619125634\n|move|p1a: Tornadus|U-turn|p2a: Ferrothorn\n|-damage|p2a: Ferrothorn|33\/100\n|-damage|p1a: Tornadus|46\/100|[from] ability: Iron Barbs|[of] p2a: Ferrothorn\n|\n|t:|1619125637\n|switch|p1a: Urshifu|Urshifu-Rapid-Strike, F|57\/100|[from]move: U-turn\n|move|p2a: Ferrothorn|Leech Seed|p1a: Urshifu|[miss]\n|-miss|p2a: Ferrothorn|p1a: Urshifu\n|\n|upkeep\n|turn|14\n|c|\u2606Edgy 4fun|'-'\n|j| gleidXZ\n|\n|t:|1619125653\n|move|p1a: Urshifu|Close Combat|p2a: Ferrothorn\n|-supereffective|p2a: Ferrothorn\n|-damage|p2a: Ferrothorn|0 fnt\n|-unboost|p1a: Urshifu|def|1\n|-unboost|p1a: Urshifu|spd|1\n|-damage|p1a: Urshifu|45\/100|[from] ability: Iron Barbs|[of] p2a: Ferrothorn\n|faint|p2a: Ferrothorn\n|\n|upkeep\n|inactive|Edgy 4fun has 120 seconds left.\n|\n|t:|1619125664\n|switch|p2a: Urshifu|Urshifu-Rapid-Strike, M|94\/100\n|-damage|p2a: Urshifu|88\/100|[from] Stealth Rock\n|turn|15\n|\n|t:|1619125672\n|move|p1a: Urshifu|Close Combat|p2a: Urshifu\n|-damage|p2a: Urshifu|0 fnt\n|-unboost|p1a: Urshifu|def|1\n|-unboost|p1a: Urshifu|spd|1\n|faint|p2a: Urshifu\n|\n|upkeep\n|inactive|Edgy 4fun has 120 seconds left.\n|c|\u2606Edgy 4fun|meh\n|c|\u2606PedroGreg|roubei tudo que podia rouibar tbm\n|c|\u2606PedroGreg|kkkkkkkkkk\n|c|\u2606Edgy 4fun|se ganha a speed tie era gg\n|c|\u2606Edgy 4fun|ngl\n|c|\u2606Edgy 4fun|roubando desse jeito\n|c|\u2606Edgy 4fun|nao ter como\n|inactive|Edgy 4fun has 90 seconds left.\n|-message|Edgy 4fun forfeited.\n|\n|win|PedroGreg\n|n|\u2606PedroGreg|pedrogreg\n|n|\u2606Edgy 4fun|edgy4fun\n|n| gleidXZ|gleidxz\n|l|\u2606PedroGreg\n|l| gleidXZ\n|l|\u2606Edgy 4fun\n|j|\u2606Edgy 4fun\n|player|p2|Edgy 4fun|depotagent\n","uploadtime":1619125948,"views":81,"p1id":"pedrogreg","p2id":"edgy4fun","formatid":"gen8ou","rating":0,"private":0,"password":null}