{"id":"gen8ou-1662781287","p1":"Mel0nL0rd","p2":"Daevank5","format":"gen8ou","log":"|j|\u2606Mel0nL0rd\n|j|\u2606Daevank5\n|t:|1663023590\n|gametype|singles\n|player|p1|Mel0nL0rd|n|1662\n|player|p2|Daevank5|workerice|1710\n|teamsize|p1|6\n|teamsize|p2|6\n|gen|8\n|tier|[Gen 8] OU\n|rated|\n|rule|Sleep Clause Mod: Limit one foe put to sleep\n|rule|Species Clause: Limit one of each Pok\u00e9mon\n|rule|OHKO Clause: OHKO moves are banned\n|rule|Evasion Items Clause: Evasion items are banned\n|rule|Evasion Moves Clause: Evasion moves are banned\n|rule|Endless Battle Clause: Forcing endless battles is banned\n|rule|HP Percentage Mod: HP is shown in percentages\n|rule|Dynamax Clause: You cannot dynamax\n|clearpoke\n|poke|p1|Nidoking, M|\n|poke|p1|Suicune|\n|poke|p1|Blaziken, M|\n|poke|p1|Tapu Koko|\n|poke|p1|Corviknight, F|\n|poke|p1|Rillaboom, F|\n|poke|p2|Urshifu-*, M|\n|poke|p2|Mew|\n|poke|p2|Weavile, M|\n|poke|p2|Corviknight, F|\n|poke|p2|Tapu Koko|\n|poke|p2|Seismitoad, M|\n|teampreview\n|inactive|Battle timer is ON: inactive players will automatically lose when time's up. (requested by Mel0nL0rd)\n|c|\u2606Mel0nL0rd|glhf\n|j| Orofn b\n|\n|t:|1663023599\n|start\n|switch|p1a: Strength|Rillaboom, F, shiny|100\/100\n|switch|p2a: Mew|Mew|100\/100\n|-fieldstart|move: Grassy Terrain|[from] ability: Grassy Surge|[of] p1a: Strength\n|turn|1\n|\n|t:|1663023603\n|move|p2a: Mew|Will-O-Wisp|p1a: Strength\n|-status|p1a: Strength|brn\n|move|p1a: Strength|U-turn|p2a: Mew\n|-supereffective|p2a: Mew\n|-damage|p2a: Mew|67\/100\n|\n|t:|1663023618\n|switch|p1a: The Hierophant|Tapu Koko, shiny|100\/100|[from]move: U-turn\n|-fieldstart|move: Electric Terrain|[from] ability: Electric Surge|[of] p1a: The Hierophant\n|\n|-heal|p2a: Mew|73\/100|[from] item: Leftovers\n|upkeep\n|turn|2\n|\n|t:|1663023626\n|switch|p2a: Seismitoad|Seismitoad, M|100\/100\n|move|p1a: The Hierophant|Volt Switch|p2a: Seismitoad\n|-immune|p2a: Seismitoad\n|\n|upkeep\n|turn|3\n|\n|t:|1663023631\n|switch|p1a: The Tower|Corviknight, F, shiny|100\/100\n|-ability|p1a: The Tower|Pressure\n|move|p2a: Seismitoad|Stealth Rock|p1a: The Tower\n|-sidestart|p1: Mel0nL0rd|move: Stealth Rock\n|\n|upkeep\n|turn|4\n|\n|t:|1663023633\n|switch|p2a: Mew|Mew|73\/100\n|move|p1a: The Tower|Defog|p2a: Mew\n|-unboost|p2a: Mew|evasion|1\n|-sideend|p1: Mel0nL0rd|Stealth Rock|[from] move: Defog|[of] p1a: The Tower\n|-fieldend|move: Electric Terrain\n|\n|-heal|p2a: Mew|79\/100|[from] item: Leftovers\n|upkeep\n|turn|5\n|\n|t:|1663023638\n|switch|p1a: Strength|Rillaboom, F, shiny|100\/100 brn\n|-fieldstart|move: Grassy Terrain|[from] ability: Grassy Surge|[of] p1a: Strength\n|move|p2a: Mew|Will-O-Wisp|p1a: Strength|[miss]\n|-miss|p2a: Mew|p1a: Strength\n|\n|-heal|p2a: Mew|85\/100|[from] Grassy Terrain\n|-heal|p2a: Mew|92\/100|[from] item: Leftovers\n|-damage|p1a: Strength|94\/100 brn|[from] brn\n|upkeep\n|turn|6\n|\n|t:|1663023641\n|switch|p2a: Corviknight|Corviknight, F|100\/100\n|-ability|p2a: Corviknight|Pressure\n|move|p1a: Strength|U-turn|p2a: Corviknight\n|-resisted|p2a: Corviknight\n|-damage|p2a: Corviknight|98\/100\n|j| RyYuki0\n|\n|t:|1663023649\n|switch|p1a: The Fool|Blaziken, M|100\/100|[from]move: U-turn\n|\n|-heal|p2a: Corviknight|100\/100|[from] item: Leftovers\n|upkeep\n|turn|7\n|\n|t:|1663023661\n|move|p1a: The Fool|Flare Blitz|p2a: Corviknight\n|-supereffective|p2a: Corviknight\n|-damage|p2a: Corviknight|0 fnt\n|faint|p2a: Corviknight\n|-damage|p1a: The Fool|57\/100|[from] Recoil\n|-damage|p1a: The Fool|47\/100|[from] item: Life Orb\n|\n|-heal|p1a: The Fool|53\/100|[from] Grassy Terrain\n|-ability|p1a: The Fool|Speed Boost|boost\n|-boost|p1a: The Fool|spe|1\n|upkeep\n|\n|t:|1663023666\n|switch|p2a: Urshifu|Urshifu-Rapid-Strike, M|100\/100\n|turn|8\n|\n|t:|1663023680\n|switch|p1a: The Tower|Corviknight, F, shiny|100\/100\n|-ability|p1a: The Tower|Pressure\n|move|p2a: Urshifu|Close Combat|p1a: The Tower\n|-damage|p1a: The Tower|61\/100\n|-unboost|p2a: Urshifu|def|1\n|-unboost|p2a: Urshifu|spd|1\n|\n|upkeep\n|turn|9\n|\n|t:|1663023691\n|move|p2a: Urshifu|Taunt|p1a: The Tower\n|-start|p1a: The Tower|move: Taunt\n|cant|p1a: The Tower|move: Taunt|Roost\n|\n|-fieldend|move: Grassy Terrain\n|upkeep\n|turn|10\n|\n|t:|1663023698\n|switch|p2a: Tapu Koko|Tapu Koko|100\/100\n|-fieldstart|move: Electric Terrain|[from] ability: Electric Surge|[of] p2a: Tapu Koko\n|move|p1a: The Tower|Brave Bird|p2a: Tapu Koko\n|-resisted|p2a: Tapu Koko\n|-damage|p2a: Tapu Koko|74\/100\n|-damage|p1a: The Tower|55\/100|[from] Recoil\n|\n|upkeep\n|turn|11\n|\n|t:|1663023704\n|switch|p1a: The Devil|Nidoking, M|100\/100\n|move|p2a: Tapu Koko|Dazzling Gleam|p1a: The Devil\n|-resisted|p1a: The Devil\n|-damage|p1a: The Devil|77\/100\n|\n|upkeep\n|turn|12\n|\n|t:|1663023709\n|switch|p2a: Seismitoad|Seismitoad, M|100\/100\n|move|p1a: The Devil|Earth Power|p2a: Seismitoad\n|-damage|p2a: Seismitoad|60\/100\n|\n|-heal|p2a: Seismitoad|66\/100|[from] item: Leftovers\n|upkeep\n|turn|13\n|\n|t:|1663023725\n|switch|p1a: Strength|Rillaboom, F, shiny|94\/100 brn\n|-fieldstart|move: Grassy Terrain|[from] ability: Grassy Surge|[of] p1a: Strength\n|switch|p2a: Weavile|Weavile, M|100\/100\n|-ability|p2a: Weavile|Pressure\n|\n|-heal|p1a: Strength|100\/100 brn|[from] Grassy Terrain\n|-damage|p1a: Strength|94\/100 brn|[from] brn\n|upkeep\n|turn|14\n|\n|t:|1663023739\n|move|p2a: Weavile|Icicle Crash|p1a: Strength|[miss]\n|-miss|p2a: Weavile|p1a: Strength\n|move|p1a: Strength|Superpower|p2a: Weavile\n|-supereffective|p2a: Weavile\n|-damage|p2a: Weavile|0 fnt\n|-unboost|p1a: Strength|atk|1\n|-unboost|p1a: Strength|def|1\n|faint|p2a: Weavile\n|\n|-heal|p1a: Strength|100\/100 brn|[from] Grassy Terrain\n|-damage|p1a: Strength|94\/100 brn|[from] brn\n|upkeep\n|\n|t:|1663023745\n|switch|p2a: Urshifu|Urshifu-Rapid-Strike, M|100\/100\n|turn|15\n|\n|t:|1663023750\n|switch|p1a: Temperance|Suicune|100\/100\n|-ability|p1a: Temperance|Pressure\n|move|p2a: Urshifu|Surging Strikes|p1a: Temperance\n|-resisted|p1a: Temperance\n|-crit|p1a: Temperance\n|-damage|p1a: Temperance|93\/100\n|-resisted|p1a: Temperance\n|-crit|p1a: Temperance\n|-damage|p1a: Temperance|86\/100\n|-resisted|p1a: Temperance\n|-crit|p1a: Temperance\n|-damage|p1a: Temperance|79\/100\n|-hitcount|p1a: Temperance|3\n|\n|-heal|p1a: Temperance|85\/100|[from] Grassy Terrain\n|-heal|p1a: Temperance|91\/100|[from] item: Leftovers\n|upkeep\n|turn|16\n|\n|t:|1663023758\n|move|p2a: Urshifu|Whirlpool|p1a: Temperance|[miss]\n|-miss|p2a: Urshifu|p1a: Temperance\n|move|p1a: Temperance|Scald|p2a: Urshifu\n|-resisted|p2a: Urshifu\n|-damage|p2a: Urshifu|81\/100\n|\n|-heal|p2a: Urshifu|87\/100|[from] Grassy Terrain\n|-heal|p1a: Temperance|97\/100|[from] Grassy Terrain\n|-heal|p1a: Temperance|100\/100|[from] item: Leftovers\n|upkeep\n|turn|17\n|\n|t:|1663023763\n|move|p2a: Urshifu|Whirlpool|p1a: Temperance\n|-resisted|p1a: Temperance\n|-damage|p1a: Temperance|98\/100\n|-activate|p1a: Temperance|move: Whirlpool|[of] p2a: Urshifu\n|move|p1a: Temperance|Substitute|p1a: Temperance\n|-start|p1a: Temperance|Substitute\n|-end|p1a: Temperance|Whirlpool|[partiallytrapped]|[silent]\n|-damage|p1a: Temperance|73\/100\n|\n|-heal|p2a: Urshifu|93\/100|[from] Grassy Terrain\n|-heal|p1a: Temperance|79\/100|[from] Grassy Terrain\n|-heal|p1a: Temperance|85\/100|[from] item: Leftovers\n|-fieldend|move: Grassy Terrain\n|upkeep\n|turn|18\n|\n|t:|1663023776\n|move|p2a: Urshifu|Taunt|p1a: Temperance\n|-start|p1a: Temperance|move: Taunt\n|cant|p1a: Temperance|move: Taunt|Calm Mind\n|\n|-heal|p1a: Temperance|91\/100|[from] item: Leftovers\n|upkeep\n|turn|19\n|\n|t:|1663023779\n|switch|p2a: Seismitoad|Seismitoad, M|66\/100\n|move|p1a: Temperance|Scald|p2a: Seismitoad\n|-heal|p2a: Seismitoad|91\/100|[from] ability: Water Absorb|[of] p1a: Temperance\n|\n|-heal|p1a: Temperance|97\/100|[from] item: Leftovers\n|-heal|p2a: Seismitoad|97\/100|[from] item: Leftovers\n|upkeep\n|turn|20\n|\n|t:|1663023785\n|switch|p1a: Strength|Rillaboom, F, shiny|94\/100 brn\n|-fieldstart|move: Grassy Terrain|[from] ability: Grassy Surge|[of] p1a: Strength\n|move|p2a: Seismitoad|Stealth Rock|p1a: Strength\n|-sidestart|p1: Mel0nL0rd|move: Stealth Rock\n|\n|-heal|p1a: Strength|100\/100 brn|[from] Grassy Terrain\n|-heal|p2a: Seismitoad|100\/100|[from] Grassy Terrain\n|-damage|p1a: Strength|94\/100 brn|[from] brn\n|upkeep\n|turn|21\n|\n|t:|1663023791\n|move|p2a: Seismitoad|Protect|p2a: Seismitoad\n|-singleturn|p2a: Seismitoad|Protect\n|move|p1a: Strength|Grassy Glide|p2a: Seismitoad\n|-activate|p2a: Seismitoad|move: Protect\n|\n|-heal|p1a: Strength|100\/100 brn|[from] Grassy Terrain\n|-damage|p1a: Strength|94\/100 brn|[from] brn\n|upkeep\n|turn|22\n|\n|t:|1663023798\n|switch|p2a: Tapu Koko|Tapu Koko|74\/100\n|-fieldstart|move: Electric Terrain|[from] ability: Electric Surge|[of] p2a: Tapu Koko\n|move|p1a: Strength|Grassy Glide|p2a: Tapu Koko\n|-damage|p2a: Tapu Koko|31\/100\n|\n|-damage|p1a: Strength|88\/100 brn|[from] brn\n|upkeep\n|turn|23\n|\n|t:|1663023800\n|move|p2a: Tapu Koko|Roost|p2a: Tapu Koko\n|-heal|p2a: Tapu Koko|81\/100\n|-singleturn|p2a: Tapu Koko|move: Roost\n|move|p1a: Strength|Grassy Glide|p2a: Tapu Koko\n|-damage|p2a: Tapu Koko|41\/100\n|\n|-damage|p1a: Strength|82\/100 brn|[from] brn\n|upkeep\n|turn|24\n|\n|t:|1663023806\n|switch|p2a: Urshifu|Urshifu-Rapid-Strike, M|93\/100\n|switch|p1a: The Devil|Nidoking, M|77\/100\n|-damage|p1a: The Devil|71\/100|[from] Stealth Rock\n|\n|upkeep\n|turn|25\n|\n|t:|1663023816\n|switch|p1a: Temperance|Suicune|97\/100\n|-damage|p1a: Temperance|85\/100|[from] Stealth Rock\n|-ability|p1a: Temperance|Pressure\n|move|p2a: Urshifu|Whirlpool|p1a: Temperance\n|-resisted|p1a: Temperance\n|-damage|p1a: Temperance|82\/100\n|-activate|p1a: Temperance|move: Whirlpool|[of] p2a: Urshifu\n|\n|-heal|p1a: Temperance|88\/100|[from] item: Leftovers\n|-damage|p1a: Temperance|76\/100|[from] move: Whirlpool|[partiallytrapped]\n|upkeep\n|turn|26\n|\n|t:|1663023825\n|move|p2a: Urshifu|Close Combat|p1a: Temperance\n|-damage|p1a: Temperance|25\/100\n|-unboost|p2a: Urshifu|def|1\n|-unboost|p2a: Urshifu|spd|1\n|move|p1a: Temperance|Scald|p2a: Urshifu\n|-resisted|p2a: Urshifu\n|-damage|p2a: Urshifu|63\/100\n|-status|p2a: Urshifu|brn\n|\n|-heal|p1a: Temperance|31\/100|[from] item: Leftovers\n|-damage|p2a: Urshifu|57\/100 brn|[from] brn\n|-damage|p1a: Temperance|18\/100|[from] move: Whirlpool|[partiallytrapped]\n|-fieldend|move: Electric Terrain\n|upkeep\n|turn|27\n|\n|t:|1663023830\n|move|p2a: Urshifu|Close Combat|p1a: Temperance\n|-damage|p1a: Temperance|0 fnt\n|-unboost|p2a: Urshifu|def|1\n|-unboost|p2a: Urshifu|spd|1\n|faint|p1a: Temperance\n|\n|-damage|p2a: Urshifu|51\/100 brn|[from] brn\n|upkeep\n|\n|t:|1663023841\n|switch|p1a: Strength|Rillaboom, F, shiny|82\/100 brn\n|-damage|p1a: Strength|70\/100 brn|[from] Stealth Rock\n|-fieldstart|move: Grassy Terrain|[from] ability: Grassy Surge|[of] p1a: Strength\n|turn|28\n|\n|t:|1663023846\n|switch|p2a: Mew|Mew|92\/100\n|move|p1a: Strength|Grassy Glide|p2a: Mew\n|-damage|p2a: Mew|62\/100\n|\n|-heal|p2a: Mew|68\/100|[from] Grassy Terrain\n|-heal|p2a: Mew|74\/100|[from] item: Leftovers\n|-heal|p1a: Strength|76\/100 brn|[from] Grassy Terrain\n|-damage|p1a: Strength|70\/100 brn|[from] brn\n|upkeep\n|turn|29\n|\n|t:|1663023862\n|switch|p2a: Tapu Koko|Tapu Koko|41\/100\n|-fieldstart|move: Electric Terrain|[from] ability: Electric Surge|[of] p2a: Tapu Koko\n|switch|p1a: The Hierophant|Tapu Koko, shiny|100\/100\n|-damage|p1a: The Hierophant|88\/100|[from] Stealth Rock\n|\n|upkeep\n|turn|30\n|\n|t:|1663023868\n|move|p2a: Tapu Koko|Roost|p2a: Tapu Koko\n|-heal|p2a: Tapu Koko|91\/100\n|-singleturn|p2a: Tapu Koko|move: Roost\n|move|p1a: The Hierophant|Volt Switch|p2a: Tapu Koko\n|-resisted|p2a: Tapu Koko\n|-damage|p2a: Tapu Koko|50\/100\n|\n|t:|1663023872\n|switch|p1a: Strength|Rillaboom, F, shiny|70\/100 brn|[from]move: Volt Switch\n|-damage|p1a: Strength|57\/100 brn|[from] Stealth Rock\n|-fieldstart|move: Grassy Terrain|[from] ability: Grassy Surge|[of] p1a: Strength\n|\n|-heal|p2a: Tapu Koko|56\/100|[from] Grassy Terrain\n|-heal|p1a: Strength|63\/100 brn|[from] Grassy Terrain\n|-damage|p1a: Strength|57\/100 brn|[from] brn\n|upkeep\n|turn|31\n|\n|t:|1663023878\n|move|p2a: Tapu Koko|Roost|p2a: Tapu Koko\n|-heal|p2a: Tapu Koko|100\/100\n|-singleturn|p2a: Tapu Koko|move: Roost\n|move|p1a: Strength|Knock Off|p2a: Tapu Koko\n|-resisted|p2a: Tapu Koko\n|-damage|p2a: Tapu Koko|81\/100\n|-enditem|p2a: Tapu Koko|Heavy-Duty Boots|[from] move: Knock Off|[of] p1a: Strength\n|\n|-heal|p2a: Tapu Koko|87\/100|[from] Grassy Terrain\n|-heal|p1a: Strength|63\/100 brn|[from] Grassy Terrain\n|-damage|p1a: Strength|57\/100 brn|[from] brn\n|upkeep\n|turn|32\n|\n|t:|1663023883\n|switch|p1a: The Devil|Nidoking, M|71\/100\n|-damage|p1a: The Devil|65\/100|[from] Stealth Rock\n|move|p2a: Tapu Koko|Dazzling Gleam|p1a: The Devil\n|-resisted|p1a: The Devil\n|-damage|p1a: The Devil|42\/100\n|\n|-heal|p2a: Tapu Koko|93\/100|[from] Grassy Terrain\n|-heal|p1a: The Devil|48\/100|[from] Grassy Terrain\n|upkeep\n|turn|33\n|\n|t:|1663023894\n|switch|p1a: Strength|Rillaboom, F, shiny|57\/100 brn\n|-damage|p1a: Strength|45\/100 brn|[from] Stealth Rock\n|move|p2a: Tapu Koko|Thunderbolt|p1a: Strength\n|-resisted|p1a: Strength\n|-damage|p1a: Strength|24\/100 brn\n|\n|-heal|p2a: Tapu Koko|99\/100|[from] Grassy Terrain\n|-heal|p1a: Strength|30\/100 brn|[from] Grassy Terrain\n|-damage|p1a: Strength|24\/100 brn|[from] brn\n|upkeep\n|turn|34\n|\n|t:|1663023901\n|switch|p1a: The Devil|Nidoking, M|48\/100\n|-damage|p1a: The Devil|42\/100|[from] Stealth Rock\n|move|p2a: Tapu Koko|Dazzling Gleam|p1a: The Devil\n|-resisted|p1a: The Devil\n|-damage|p1a: The Devil|18\/100\n|\n|-heal|p2a: Tapu Koko|100\/100|[from] Grassy Terrain\n|-heal|p1a: The Devil|24\/100|[from] Grassy Terrain\n|-fieldend|move: Grassy Terrain\n|upkeep\n|turn|35\n|\n|t:|1663023927\n|switch|p2a: Seismitoad|Seismitoad, M|100\/100\n|move|p1a: The Devil|Earth Power|p2a: Seismitoad\n|-damage|p2a: Seismitoad|59\/100\n|\n|-heal|p2a: Seismitoad|65\/100|[from] item: Leftovers\n|upkeep\n|turn|36\n|\n|t:|1663023932\n|move|p1a: The Devil|Earth Power|p2a: Seismitoad\n|-damage|p2a: Seismitoad|22\/100\n|move|p2a: Seismitoad|Earthquake|p1a: The Devil\n|-supereffective|p1a: The Devil\n|-damage|p1a: The Devil|0 fnt\n|faint|p1a: The Devil\n|\n|-heal|p2a: Seismitoad|29\/100|[from] item: Leftovers\n|upkeep\n|\n|t:|1663023950\n|switch|p1a: The Fool|Blaziken, M|53\/100\n|-damage|p1a: The Fool|40\/100|[from] Stealth Rock\n|turn|37\n|\n|t:|1663023956\n|move|p2a: Seismitoad|Protect|p2a: Seismitoad\n|-singleturn|p2a: Seismitoad|Protect\n|move|p1a: The Fool|Close Combat|p2a: Seismitoad\n|-activate|p2a: Seismitoad|move: Protect\n|\n|-heal|p2a: Seismitoad|35\/100|[from] item: Leftovers\n|-ability|p1a: The Fool|Speed Boost|boost\n|-boost|p1a: The Fool|spe|1\n|upkeep\n|turn|38\n|\n|t:|1663023961\n|switch|p2a: Urshifu|Urshifu-Rapid-Strike, M|51\/100 brn\n|move|p1a: The Fool|Close Combat|p2a: Urshifu\n|-damage|p2a: Urshifu|0 fnt\n|-unboost|p1a: The Fool|def|1\n|-unboost|p1a: The Fool|spd|1\n|faint|p2a: Urshifu\n|-damage|p1a: The Fool|30\/100|[from] item: Life Orb\n|\n|-ability|p1a: The Fool|Speed Boost|boost\n|-boost|p1a: The Fool|spe|1\n|upkeep\n|inactive|Daevank5 has 120 seconds left.\n|\n|t:|1663023998\n|switch|p2a: Mew|Mew|74\/100\n|turn|39\n|\n|t:|1663024006\n|move|p1a: The Fool|Flare Blitz|p2a: Mew\n|-damage|p2a: Mew|8\/100\n|-damage|p1a: The Fool|1\/100|[from] Recoil\n|-damage|p1a: The Fool|0 fnt|[from] item: Life Orb\n|faint|p1a: The Fool\n|move|p2a: Mew|Soft-Boiled|p2a: Mew\n|-heal|p2a: Mew|58\/100\n|\n|-heal|p2a: Mew|64\/100|[from] item: Leftovers\n|upkeep\n|\n|t:|1663024018\n|switch|p1a: The Hierophant|Tapu Koko, shiny|88\/100\n|-damage|p1a: The Hierophant|76\/100|[from] Stealth Rock\n|-fieldstart|move: Electric Terrain|[from] ability: Electric Surge|[of] p1a: The Hierophant\n|turn|40\n|\n|t:|1663024020\n|move|p1a: The Hierophant|Dazzling Gleam|p2a: Mew\n|-damage|p2a: Mew|30\/100\n|move|p2a: Mew|Soft-Boiled|p2a: Mew\n|-heal|p2a: Mew|80\/100\n|\n|-heal|p2a: Mew|86\/100|[from] item: Leftovers\n|upkeep\n|turn|41\n|\n|t:|1663024032\n|switch|p1a: Strength|Rillaboom, F, shiny|24\/100 brn\n|-damage|p1a: Strength|11\/100 brn|[from] Stealth Rock\n|-fieldstart|move: Grassy Terrain|[from] ability: Grassy Surge|[of] p1a: Strength\n|move|p2a: Mew|Earth Power|p1a: Strength\n|-resisted|p1a: Strength\n|-damage|p1a: Strength|0 fnt\n|faint|p1a: Strength\n|\n|-heal|p2a: Mew|93\/100|[from] Grassy Terrain\n|-heal|p2a: Mew|99\/100|[from] item: Leftovers\n|upkeep\n|\n|t:|1663024037\n|switch|p1a: The Tower|Corviknight, F, shiny|55\/100\n|-damage|p1a: The Tower|43\/100|[from] Stealth Rock\n|-ability|p1a: The Tower|Pressure\n|turn|42\n|\n|t:|1663024039\n|switch|p2a: Tapu Koko|Tapu Koko|100\/100\n|-fieldstart|move: Electric Terrain|[from] ability: Electric Surge|[of] p2a: Tapu Koko\n|move|p1a: The Tower|Roost|p1a: The Tower\n|-heal|p1a: The Tower|93\/100\n|-singleturn|p1a: The Tower|move: Roost\n|\n|upkeep\n|turn|43\n|\n|t:|1663024044\n|move|p2a: Tapu Koko|Thunderbolt|p1a: The Tower\n|-supereffective|p1a: The Tower\n|-damage|p1a: The Tower|4\/100\n|move|p1a: The Tower|Brave Bird|p2a: Tapu Koko\n|-resisted|p2a: Tapu Koko\n|-damage|p2a: Tapu Koko|75\/100\n|-damage|p1a: The Tower|0 fnt|[from] Recoil\n|faint|p1a: The Tower\n|\n|upkeep\n|\n|t:|1663024047\n|switch|p1a: The Hierophant|Tapu Koko, shiny|76\/100\n|-damage|p1a: The Hierophant|63\/100|[from] Stealth Rock\n|turn|44\n|\n|t:|1663024049\n|move|p2a: Tapu Koko|Dazzling Gleam|p1a: The Hierophant\n|-damage|p1a: The Hierophant|15\/100\n|move|p1a: The Hierophant|Dazzling Gleam|p2a: Tapu Koko\n|-damage|p2a: Tapu Koko|2\/100\n|\n|upkeep\n|turn|45\n|c|\u2606Mel0nL0rd|gg\n|\n|t:|1663024052\n|move|p1a: The Hierophant|Dazzling Gleam|p2a: Tapu Koko\n|-damage|p2a: Tapu Koko|0 fnt\n|faint|p2a: Tapu Koko\n|\n|upkeep\n|\n|t:|1663024054\n|switch|p2a: Mew|Mew|99\/100\n|turn|46\n|\n|t:|1663024056\n|move|p1a: The Hierophant|Dazzling Gleam|p2a: Mew\n|-damage|p2a: Mew|68\/100\n|move|p2a: Mew|Earth Power|p1a: The Hierophant\n|-supereffective|p1a: The Hierophant\n|-crit|p1a: The Hierophant\n|-damage|p1a: The Hierophant|0 fnt\n|faint|p1a: The Hierophant\n|\n|win|Daevank5\n|raw|Mel0nL0rd's rating: 1662 &rarr; <strong>1645<\/strong><br \/>(-17 for losing)\n|raw|Daevank5's rating: 1710 &rarr; <strong>1727<\/strong><br \/>(+17 for winning)\n|l|\u2606Mel0nL0rd\n|c|\u2606Daevank5|Gg\n|c| Orofn b|gg\n|c| Orofn b|nice match\n|c|\u2606Daevank5|Thanks brother\n|l| Orofn b\n|l| RyYuki0\n","uploadtime":1663024084,"views":32,"p1id":"mel0nl0rd","p2id":"daevank5","formatid":"gen8ou","rating":1645,"private":0,"password":null}