{"id":"gen8nationaldex-1650013079","p1":"FleetFoxxx","p2":"Matieu","format":"gen8nationaldex","log":"|j|\u2606FleetFoxxx\n|j|\u2606Matieu\n|t:|1661659388\n|gametype|singles\n|player|p1|FleetFoxxx|flannery|\n|player|p2|Matieu|palmer|\n|teamsize|p1|6\n|teamsize|p2|6\n|gen|8\n|tier|[Gen 8] National Dex\n|rule|HP Percentage Mod: HP is shown in percentages\n|rule|Endless Battle Clause: Forcing endless battles is banned\n|rule|OHKO Clause: OHKO moves are banned\n|rule|Evasion Moves Clause: Evasion moves are banned\n|rule|Species Clause: Limit one of each Pok\u00e9mon\n|rule|Dynamax Clause: You cannot dynamax\n|rule|Sleep Clause Mod: Limit one foe put to sleep\n|clearpoke\n|poke|p1|Bisharp, F|\n|poke|p1|Whimsicott, F|\n|poke|p1|Galvantula, F|\n|poke|p1|Banette, F|\n|poke|p1|Togetic, F|\n|poke|p1|Runerigus, F|\n|poke|p2|Stunfisk-Galar, F|\n|poke|p2|Volcanion|\n|poke|p2|Roserade, M|\n|poke|p2|Machamp, M|\n|poke|p2|Sharpedo, F|\n|poke|p2|Xatu, M|\n|teampreview\n|c|\u2606FleetFoxxx|gl hf!\n|j|+111ace111\n|j| DerpyDots\n|j| bsvhsvj\n|j| yes munchlax\n|j| Flare1498\n|c|\u2606Matieu|glhf\n|j| Deathbypudding\n|c| DerpyDots|hey matieu what does macargo evolve from\n|c|\u2606Matieu|joe mama\n|c| DerpyDots|wrong\n|l| bsvhsvj\n|c| DerpyDots|it was slugma\n|\n|t:|1661659434\n|start\n|switch|p1a: Runerigus|Runerigus, F|100\/100\n|switch|p2a: Roserade|Roserade, M|100\/100\n|turn|1\n|c| Deathbypudding|rooting for fleet\n|c| Deathbypudding|just so I don't have to beat up matieu\n|j| bsvhsvj\n|c| Flare1498|Matieu fan club reporting in!\n|c|+111ace111|reporting in!\n|j| Bugsileus\n|c| DerpyDots|I wish matieu could lose this and still advance so i could watch him lose again\n|c| bsvhsvj|WOOO LET'S GO MATIEU\n|j| LoneWolf32100\n|c|\u2606Matieu|rooting for fleet\n|c|\u2606Matieu|just so i dont get beat up by pudding\n|j| evilhanaklaus\n|c| Deathbypudding|machamp vs pidgeot\n|c| DerpyDots|wish more people would beat me up\n|c|\u2606FleetFoxxx|:c\n|c| Deathbypudding|who wins in a no guard battle\n|\n|t:|1661659520\n|move|p2a: Roserade|Sleep Powder|p1a: Runerigus|[miss]\n|-miss|p2a: Roserade|p1a: Runerigus\n|move|p1a: Runerigus|Stealth Rock|p2a: Roserade\n|-sidestart|p2: Matieu|move: Stealth Rock\n|\n|upkeep\n|turn|2\n|j| Husky419\n|c| LoneWolf32100|i believe in matieu so i get to watch him crumble vs pudding\n|l| evilhanaklaus\n|l| bsvhsvj\n|\n|t:|1661659585\n|move|p2a: Roserade|Giga Drain|p1a: Runerigus\n|-supereffective|p1a: Runerigus\n|-damage|p1a: Runerigus|37\/100\n|move|p1a: Runerigus|Poltergeist|p2a: Roserade\n|-activate|p2a: Roserade|move: Poltergeist|Expert Belt\n|-damage|p2a: Roserade|31\/100\n|\n|upkeep\n|turn|3\n|j| bsvhsvj\n|c| Deathbypudding|I can just run the same team against matieu I ran against sick\n|c| Deathbypudding|ez prep ig\n|j| Paghetti Mash\n|\n|t:|1661659713\n|switch|p1a: Whimsicott|Whimsicott, F|100\/100\n|move|p2a: Roserade|Giga Drain|p1a: Whimsicott\n|-resisted|p1a: Whimsicott\n|-damage|p1a: Whimsicott|71\/100\n|-heal|p2a: Roserade|47\/100|[from] drain|[of] p1a: Whimsicott\n|\n|upkeep\n|turn|4\n|\n|t:|1661659759\n|-zpower|p1a: Whimsicott\n|move|p1a: Whimsicott|Supersonic Skystrike|p2a: Roserade|[zeffect]\n|-supereffective|p2a: Roserade\n|-damage|p2a: Roserade|0 fnt\n|faint|p2a: Roserade\n|\n|upkeep\n|\n|t:|1661659783\n|switch|p2a: Volcanion|Volcanion|100\/100\n|-damage|p2a: Volcanion|76\/100|[from] Stealth Rock\n|turn|5\n|\n|t:|1661659813\n|switch|p1a: Runerigus|Runerigus, F|37\/100\n|move|p2a: Volcanion|Flamethrower|p1a: Runerigus\n|-damage|p1a: Runerigus|0 fnt\n|faint|p1a: Runerigus\n|\n|upkeep\n|\n|t:|1661659851\n|switch|p1a: Galvantula|Galvantula, F|100\/100\n|turn|6\n|\n|t:|1661659888\n|switch|p2a: Stunfisk|Stunfisk-Galar, F|100\/100\n|-damage|p2a: Stunfisk|97\/100|[from] Stealth Rock\n|move|p1a: Galvantula|Volt Switch|p2a: Stunfisk\n|-immune|p2a: Stunfisk\n|\n|-heal|p2a: Stunfisk|100\/100|[from] item: Leftovers\n|upkeep\n|turn|7\n|\n|t:|1661659978\n|switch|p1a: Togetic|Togetic, F|100\/100\n|move|p2a: Stunfisk|Stealth Rock|p1a: Togetic\n|-sidestart|p1: FleetFoxxx|move: Stealth Rock\n|\n|upkeep\n|turn|8\n|\n|t:|1661659981\n|move|p1a: Togetic|Flamethrower|p2a: Stunfisk\n|-supereffective|p2a: Stunfisk\n|-damage|p2a: Stunfisk|65\/100\n|move|p2a: Stunfisk|Snap Trap|p1a: Togetic\n|-resisted|p1a: Togetic\n|-damage|p1a: Togetic|98\/100\n|-activate|p1a: Togetic|move: Snap Trap|[of] p2a: Stunfisk\n|\n|-heal|p2a: Stunfisk|72\/100|[from] item: Leftovers\n|-damage|p1a: Togetic|86\/100|[from] move: Snap Trap|[partiallytrapped]\n|upkeep\n|turn|9\n|\n|t:|1661659987\n|move|p1a: Togetic|Flamethrower|p2a: Stunfisk\n|-supereffective|p2a: Stunfisk\n|-damage|p2a: Stunfisk|41\/100\n|move|p2a: Stunfisk|Thunder Wave|p1a: Togetic|[miss]\n|-miss|p2a: Stunfisk|p1a: Togetic\n|\n|-heal|p2a: Stunfisk|47\/100|[from] item: Leftovers\n|-damage|p1a: Togetic|73\/100|[from] move: Snap Trap|[partiallytrapped]\n|upkeep\n|turn|10\n|\n|t:|1661659997\n|move|p1a: Togetic|Flamethrower|p2a: Stunfisk\n|-supereffective|p2a: Stunfisk\n|-damage|p2a: Stunfisk|16\/100\n|move|p2a: Stunfisk|Thunder Wave|p1a: Togetic\n|-status|p1a: Togetic|par\n|\n|-heal|p2a: Stunfisk|22\/100|[from] item: Leftovers\n|-damage|p1a: Togetic|61\/100 par|[from] move: Snap Trap|[partiallytrapped]\n|upkeep\n|turn|11\n|\n|t:|1661659999\n|switch|p2a: Xatu|Xatu, M|100\/100\n|-damage|p2a: Xatu|76\/100|[from] Stealth Rock\n|cant|p1a: Togetic|par\n|\n|-end|p1a: Togetic|Snap Trap|[partiallytrapped]|[silent]\n|upkeep\n|turn|12\n|\n|t:|1661660017\n|switch|p1a: Banette|Banette, F|100\/100\n|-damage|p1a: Banette|88\/100|[from] Stealth Rock\n|move|p2a: Xatu|Roost|p2a: Xatu\n|-heal|p2a: Xatu|100\/100\n|-singleturn|p2a: Xatu|move: Roost\n|\n|upkeep\n|turn|13\n|\n|t:|1661660022\n|detailschange|p1a: Banette|Banette-Mega, F\n|-mega|p1a: Banette|Banette|Banettite\n|move|p2a: Xatu|Shadow Ball|p1a: Banette\n|-supereffective|p1a: Banette\n|-damage|p1a: Banette|10\/100\n|move|p1a: Banette|Shadow Claw|p2a: Xatu\n|-supereffective|p2a: Xatu\n|-damage|p2a: Xatu|0 fnt\n|faint|p2a: Xatu\n|\n|upkeep\n|\n|t:|1661660030\n|switch|p2a: Sharpedo|Sharpedo, F|100\/100\n|-damage|p2a: Sharpedo|88\/100|[from] Stealth Rock\n|turn|14\n|\n|t:|1661660046\n|move|p1a: Banette|Destiny Bond|p1a: Banette\n|-singlemove|p1a: Banette|Destiny Bond\n|move|p2a: Sharpedo|Crunch|p1a: Banette\n|-supereffective|p1a: Banette\n|-damage|p1a: Banette|0 fnt\n|faint|p1a: Banette\n|-activate|p1a: Banette|move: Destiny Bond\n|faint|p2a: Sharpedo\n|\n|upkeep\n|l| bsvhsvj\n|\n|t:|1661660088\n|switch|p2a: Volcanion|Volcanion|76\/100\n|switch|p1a: Galvantula|Galvantula, F|100\/100\n|-damage|p2a: Volcanion|51\/100|[from] Stealth Rock\n|turn|15\n|c|\u2606Matieu|gg go g2\n|-message|Matieu forfeited.\n|\n|win|FleetFoxxx\n|l|\u2606Matieu\n|j| bsvhsvj\n|c|\u2606FleetFoxxx|gg\n|l| bsvhsvj\n|l| DerpyDots\n|l| Deathbypudding\n|l| Paghetti Mash\n|l| Bugsileus\n|l| Flare1498\n|l|\u2606FleetFoxxx\n|j| evilhanaklaus\n|l| evilhanaklaus\n|j|\u2606Matieu\n|player|p2|Matieu|palmer\n","uploadtime":1661660169,"views":12,"p1id":"fleetfoxxx","p2id":"matieu","formatid":"gen8nationaldex","rating":0,"private":0,"password":null}