{"id":"gen8ou-1675836628","p1":"Guest 5890168","p2":"Diameter\u272fXtreme","format":"gen8ou","log":"|j|\u203dGuest 5890168\n|j|\u2606Diameter\u272fXtreme\n|t:|1664728513\n|gametype|singles\n|player|p1|Guest 5890168|170|1590\n|player|p2|Diameter\u272fXtreme|jasmine-gen2|1642\n|teamsize|p1|6\n|teamsize|p2|6\n|gen|8\n|tier|[Gen 8] OU\n|rated|\n|rule|Sleep Clause Mod: Limit one foe put to sleep\n|rule|Species Clause: Limit one of each Pok\u00e9mon\n|rule|OHKO Clause: OHKO moves are banned\n|rule|Evasion Items Clause: Evasion items are banned\n|rule|Evasion Moves Clause: Evasion moves are banned\n|rule|Endless Battle Clause: Forcing endless battles is banned\n|rule|HP Percentage Mod: HP is shown in percentages\n|rule|Dynamax Clause: You cannot dynamax\n|clearpoke\n|poke|p1|Rotom-Wash|\n|poke|p1|Weavile, F|\n|poke|p1|Landorus-Therian, M|\n|poke|p1|Heatran, M|\n|poke|p1|Tangrowth, M|\n|poke|p1|Melmetal|\n|poke|p2|Melmetal|\n|poke|p2|Volcanion|\n|poke|p2|Sandaconda, F|\n|poke|p2|Zapdos|\n|poke|p2|Blissey, F|\n|poke|p2|Buzzwole|\n|teampreview\n|inactive|Battle timer is ON: inactive players will automatically lose when time's up. (requested by Diameter\u272fXtreme)\n|inactive|Guest 5890168 also wants the timer to be on.\n|\n|t:|1664728541\n|start\n|switch|p1a: Rotom|Rotom-Wash|100\/100\n|switch|p2a: Melmetal|Melmetal|100\/100\n|turn|1\n|\n|t:|1664728545\n|switch|p2a: Blissey|Blissey, F|100\/100\n|move|p1a: Rotom|Nasty Plot|p1a: Rotom\n|-boost|p1a: Rotom|spa|2\n|\n|upkeep\n|turn|2\n|\n|t:|1664728549\n|move|p1a: Rotom|Pain Split|p2a: Blissey\n|-sethp|p2a: Blissey|72\/100|[from] move: Pain Split|[silent]\n|-sethp|p1a: Rotom|100\/100|[from] move: Pain Split\n|move|p2a: Blissey|Shadow Ball|p1a: Rotom\n|-damage|p1a: Rotom|85\/100\n|-unboost|p1a: Rotom|spd|1\n|\n|-heal|p1a: Rotom|91\/100|[from] item: Leftovers\n|upkeep\n|turn|3\n|\n|t:|1664728551\n|move|p1a: Rotom|Nasty Plot|p1a: Rotom\n|-boost|p1a: Rotom|spa|2\n|move|p2a: Blissey|Teleport|p2a: Blissey\n|\n|t:|1664728560\n|switch|p2a: Volcanion|Volcanion|100\/100|[from]move: Teleport\n|\n|-heal|p1a: Rotom|98\/100|[from] item: Leftovers\n|upkeep\n|turn|4\n|\n|t:|1664728565\n|switch|p2a: Sandaconda|Sandaconda, F|100\/100\n|move|p1a: Rotom|Thunderbolt|p2a: Sandaconda\n|-immune|p2a: Sandaconda\n|\n|-heal|p1a: Rotom|100\/100|[from] item: Leftovers\n|upkeep\n|turn|5\n|\n|t:|1664728567\n|switch|p2a: Volcanion|Volcanion|100\/100\n|move|p1a: Rotom|Hydro Pump|p2a: Volcanion\n|-immune|p2a: Volcanion|[from] ability: Water Absorb\n|\n|upkeep\n|turn|6\n|\n|t:|1664728571\n|switch|p2a: Sandaconda|Sandaconda, F|100\/100\n|move|p1a: Rotom|Thunderbolt|p2a: Sandaconda\n|-immune|p2a: Sandaconda\n|\n|upkeep\n|turn|7\n|\n|t:|1664728574\n|switch|p2a: Volcanion|Volcanion|100\/100\n|move|p1a: Rotom|Hydro Pump|p2a: Volcanion\n|-immune|p2a: Volcanion|[from] ability: Water Absorb\n|\n|upkeep\n|turn|8\n|\n|t:|1664728576\n|switch|p2a: Sandaconda|Sandaconda, F|100\/100\n|move|p1a: Rotom|Thunderbolt|p2a: Sandaconda\n|-immune|p2a: Sandaconda\n|\n|upkeep\n|turn|9\n|\n|t:|1664728580\n|switch|p2a: Volcanion|Volcanion|100\/100\n|move|p1a: Rotom|Hydro Pump|p2a: Volcanion\n|-immune|p2a: Volcanion|[from] ability: Water Absorb\n|\n|upkeep\n|turn|10\n|\n|t:|1664728583\n|switch|p2a: Sandaconda|Sandaconda, F|100\/100\n|move|p1a: Rotom|Thunderbolt|p2a: Sandaconda\n|-immune|p2a: Sandaconda\n|\n|upkeep\n|turn|11\n|\n|t:|1664728588\n|switch|p2a: Blissey|Blissey, F|72\/100\n|move|p1a: Rotom|Hydro Pump|p2a: Blissey\n|-damage|p2a: Blissey|23\/100\n|\n|upkeep\n|turn|12\n|\n|t:|1664728593\n|switch|p2a: Sandaconda|Sandaconda, F|100\/100\n|move|p1a: Rotom|Hydro Pump|p2a: Sandaconda|[miss]\n|-miss|p1a: Rotom|p2a: Sandaconda\n|\n|upkeep\n|turn|13\n|\n|t:|1664728594\n|switch|p2a: Volcanion|Volcanion|100\/100\n|move|p1a: Rotom|Hydro Pump|p2a: Volcanion\n|-immune|p2a: Volcanion|[from] ability: Water Absorb\n|\n|upkeep\n|turn|14\n|\n|t:|1664728597\n|switch|p2a: Sandaconda|Sandaconda, F|100\/100\n|move|p1a: Rotom|Thunderbolt|p2a: Sandaconda\n|-immune|p2a: Sandaconda\n|\n|upkeep\n|turn|15\n|\n|t:|1664728598\n|switch|p2a: Volcanion|Volcanion|100\/100\n|move|p1a: Rotom|Hydro Pump|p2a: Volcanion\n|-immune|p2a: Volcanion|[from] ability: Water Absorb\n|\n|upkeep\n|turn|16\n|\n|t:|1664728604\n|switch|p2a: Blissey|Blissey, F|23\/100\n|move|p1a: Rotom|Thunderbolt|p2a: Blissey\n|-damage|p2a: Blissey|0 fnt\n|faint|p2a: Blissey\n|\n|upkeep\n|\n|t:|1664728609\n|switch|p2a: Sandaconda|Sandaconda, F|100\/100\n|turn|17\n|\n|t:|1664728610\n|move|p1a: Rotom|Hydro Pump|p2a: Sandaconda\n|-supereffective|p2a: Sandaconda\n|-damage|p2a: Sandaconda|0 fnt\n|faint|p2a: Sandaconda\n|\n|upkeep\n|\n|t:|1664728612\n|switch|p2a: Volcanion|Volcanion|100\/100\n|turn|18\n|\n|t:|1664728618\n|move|p1a: Rotom|Thunderbolt|p2a: Volcanion\n|-supereffective|p2a: Volcanion\n|-damage|p2a: Volcanion|0 fnt\n|faint|p2a: Volcanion\n|\n|upkeep\n|-message|Diameter\u272fXtreme forfeited.\n|\n|win|Guest 5890168\n|raw|Guest 5890168's rating: 1590 &rarr; <strong>1613<\/strong><br \/>(+23 for winning)\n|raw|Diameter\u272fXtreme's rating: 1642 &rarr; <strong>1619<\/strong><br \/>(-23 for losing)\n|l|\u2606Diameter\u272fXtreme\n","uploadtime":1664728622,"views":3,"p1id":"guest5890168","p2id":"diameterxtreme","formatid":"gen8ou","rating":1613,"private":0,"password":null}