{"id":"gen8anythinggoes-1288662813","p1":"Firbitch","p2":"Chickpiee","format":"gen8anythinggoes","log":"|j|\u2606Firbitch\n|j|\u2606Chickpiee\n|t:|1614145130\n|player|p1|Firbitch|waiter-gen4dp|\n|player|p2|Chickpiee|caitlin|\n|teamsize|p1|6\n|teamsize|p2|6\n|gametype|singles\n|gen|8\n|tier|[Gen 8] Anything Goes\n|rated|Tournament battle\n|clearpoke\n|poke|p1|Giratina-Origin|\n|poke|p1|Calyrex-Shadow|\n|poke|p1|Zacian-Crowned|\n|poke|p1|Ditto|\n|poke|p1|Pheromosa|\n|poke|p1|Xerneas|\n|poke|p2|Ditto|\n|poke|p2|Ferrothorn, F|\n|poke|p2|Necrozma-Dusk-Mane|\n|poke|p2|Ho-Oh|\n|poke|p2|Lunala|\n|poke|p2|Yveltal|\n|rule|HP Percentage Mod: HP is shown in percentages\n|rule|Endless Battle Clause: Forcing endless battles is banned\n|teampreview\n|j|*Lady Monita\n|inactive|Battle timer is ON: inactive players will automatically lose when time's up. (requested by Chickpiee)\n|\n|t:|1614145148\n|start\n|switch|p1a: Giratina|Giratina-Origin|100\/100\n|switch|p2a: Ho-Oh|Ho-Oh, shiny|100\/100\n|turn|1\n|j| ThrohValencia\n|\n|t:|1614145159\n|move|p2a: Ho-Oh|Toxic|p1a: Giratina\n|-status|p1a: Giratina|tox\n|move|p1a: Giratina|Aqua Tail|p2a: Ho-Oh\n|-supereffective|p2a: Ho-Oh\n|-crit|p2a: Ho-Oh\n|-damage|p2a: Ho-Oh|34\/100\n|\n|-damage|p1a: Giratina|94\/100 tox|[from] psn\n|upkeep\n|turn|2\n|\n|t:|1614145168\n|switch|p2a: Ferrothorn|Ferrothorn, F|100\/100\n|move|p1a: Giratina|Roar|p2a: Ferrothorn\n|drag|p2a: Lunala|Lunala, shiny|100\/100\n|\n|-damage|p1a: Giratina|82\/100 tox|[from] psn\n|upkeep\n|turn|3\n|\n|t:|1614145176\n|switch|p2a: Ferrothorn|Ferrothorn, F|100\/100\n|move|p1a: Giratina|Poltergeist|p2a: Ferrothorn\n|-activate|p2a: Ferrothorn|move: Poltergeist|Leftovers\n|-damage|p2a: Ferrothorn|43\/100\n|\n|-heal|p2a: Ferrothorn|50\/100|[from] item: Leftovers\n|-damage|p1a: Giratina|64\/100 tox|[from] psn\n|upkeep\n|turn|4\n|\n|t:|1614145184\n|switch|p1a: Ditto|Ditto|100\/100\n|-transform|p1a: Ditto|p2a: Ferrothorn|[from] ability: Imposter\n|move|p2a: Ferrothorn|Leech Seed|p1a: Ditto\n|-immune|p1a: Ditto\n|\n|-heal|p2a: Ferrothorn|56\/100|[from] item: Leftovers\n|upkeep\n|turn|5\n|\n|t:|1614145197\n|switch|p1a: Giratina|Giratina-Origin|64\/100 tox\n|move|p2a: Ferrothorn|Spikes|p1a: Giratina\n|-sidestart|p1: Firbitch|Spikes\n|\n|-heal|p2a: Ferrothorn|62\/100|[from] item: Leftovers\n|-damage|p1a: Giratina|57\/100 tox|[from] psn\n|upkeep\n|turn|6\n|\n|t:|1614145226\n|move|p2a: Ferrothorn|Protect|p2a: Ferrothorn\n|-singleturn|p2a: Ferrothorn|Protect\n|move|p1a: Giratina|Poltergeist|p2a: Ferrothorn\n|-activate|p2a: Ferrothorn|move: Protect\n|\n|-heal|p2a: Ferrothorn|68\/100|[from] item: Leftovers\n|-damage|p1a: Giratina|45\/100 tox|[from] psn\n|upkeep\n|turn|7\n|\n|t:|1614145234\n|move|p2a: Ferrothorn|Leech Seed|p1a: Giratina\n|-start|p1a: Giratina|move: Leech Seed\n|move|p1a: Giratina|Roar|p2a: Ferrothorn\n|drag|p2a: Ho-Oh|Ho-Oh, shiny|68\/100\n|\n|-damage|p1a: Giratina|33\/100 tox|[from] Leech Seed|[of] p2a: Ho-Oh\n|-heal|p2a: Ho-Oh|83\/100|[silent]\n|-damage|p1a: Giratina|14\/100 tox|[from] psn\n|upkeep\n|turn|8\n|inactive|Chickpiee has 120 seconds left.\n|\n|t:|1614145270\n|switch|p2a: Ferrothorn|Ferrothorn, F|68\/100\n|move|p1a: Giratina|Outrage|p2a: Ferrothorn\n|-resisted|p2a: Ferrothorn\n|-damage|p2a: Ferrothorn|39\/100\n|-damage|p1a: Giratina|2\/100 tox|[from] ability: Iron Barbs|[of] p2a: Ferrothorn\n|\n|-heal|p2a: Ferrothorn|45\/100|[from] item: Leftovers\n|-damage|p1a: Giratina|0 fnt|[from] Leech Seed|[of] p2a: Ferrothorn\n|-heal|p2a: Ferrothorn|47\/100|[silent]\n|faint|p1a: Giratina\n|upkeep\n|\n|t:|1614145281\n|switch|p1a: Calyrex|Calyrex-Shadow|100\/100\n|-ability|p1a: Calyrex|As One\n|-ability|p1a: Calyrex|Unnerve|p2: Chickpiee\n|-damage|p1a: Calyrex|88\/100|[from] Spikes\n|turn|9\n|inactive|Chickpiee has 120 seconds left.\n|\n|t:|1614145290\n|switch|p2a: Ho-Oh|Ho-Oh, shiny|100\/100\n|-start|p1a: Calyrex|Dynamax\n|-heal|p1a: Calyrex|88\/100|[silent]\n|move|p1a: Calyrex|Max Phantasm|p2a: Ho-Oh\n|-damage|p2a: Ho-Oh|50\/100\n|-unboost|p2a: Ho-Oh|def|1\n|\n|upkeep\n|turn|10\n|\n|t:|1614145308\n|switch|p2a: Yveltal|Yveltal, shiny|100\/100\n|-ability|p2a: Yveltal|Dark Aura\n|move|p1a: Calyrex|Max Phantasm|p2a: Yveltal\n|-resisted|p2a: Yveltal\n|-damage|p2a: Yveltal|65\/100\n|-unboost|p2a: Yveltal|def|1\n|\n|upkeep\n|turn|11\n|inactive|Chickpiee has 120 seconds left.\n|inactive|Chickpiee has 90 seconds left.\n|inactive|Chickpiee has 60 seconds left.\n|inactive|Chickpiee has 30 seconds left.\n|inactive|Chickpiee has 20 seconds left.\n|inactive|Chickpiee has 15 seconds left.\n|inactive|Chickpiee has 10 seconds left.\n|\n|t:|1614145440\n|-end|p1a: Calyrex|Dynamax\n|-heal|p1a: Calyrex|88\/100|[silent]\n|switch|p1a: Zacian|Zacian-Crowned|100\/100\n|-damage|p1a: Zacian|88\/100|[from] Spikes\n|-ability|p1a: Zacian|Intrepid Sword|boost\n|-boost|p1a: Zacian|atk|1\n|move|p2a: Yveltal|Sucker Punch||[still]\n|-fail|p2a: Yveltal\n|\n|upkeep\n|turn|12\n|inactive|Chickpiee has 20 seconds left this turn.\n|inactive|Chickpiee has 15 seconds left.\n|j| DrewCareysFeet\n|inactive|Firbitch has 120 seconds left.\n|j| Showdowniscool\n|inactive|Firbitch has 90 seconds left.\n|inactive|Firbitch has 60 seconds left.\n|inactive|Firbitch has 30 seconds left.\n|inactive|Firbitch has 20 seconds left.\n|inactive|Firbitch has 15 seconds left.\n|inactive|Firbitch has 10 seconds left.\n|inactive|Firbitch has 5 seconds left.\n|-message|Firbitch lost due to inactivity.\n|\n|win|Chickpiee\n|n|\u2606Firbitch|firbitch\n|n|\u2606Chickpiee|chickpiee\n|n|*Lady Monita|ladymonita\n|n| ThrohValencia|throhvalencia\n|n| DrewCareysFeet|drewcareysfeet\n|n| Showdowniscool|showdowniscool\n|l|*Lady Monita\n|l| Showdowniscool\n|l|\u2606Chickpiee\n","uploadtime":1614145611,"views":9,"p1id":"firbitch","p2id":"chickpiee","formatid":"gen8anythinggoes","rating":0,"private":0,"password":null}