{"id":"gen8uu-1144880426","p1":"Goootzinho","p2":"ChiefBoom","format":"gen8uu","log":"|j|\u2606Goootzinho\n|j|\u2606ChiefBoom\n|player|p1|Goootzinho|galacticgrunt|1473\n|player|p2|ChiefBoom|lance-gen1|1459\n|teamsize|p1|6\n|teamsize|p2|6\n|gametype|singles\n|gen|8\n|tier|[Gen 8] UU\n|rated|\n|clearpoke\n|poke|p1|Aegislash, F|\n|poke|p1|Krookodile, F|\n|poke|p1|Rotom-Wash|\n|poke|p1|Mienshao, F|\n|poke|p1|Sylveon, F|\n|poke|p1|Roserade, M|\n|poke|p2|Aegislash, F|\n|poke|p2|Jirachi|\n|poke|p2|Keldeo-Resolute|\n|poke|p2|Scyther, F|\n|poke|p2|Heracross, F|\n|poke|p2|Ribombee, M|\n|rule|Sleep Clause Mod: Limit one foe put to sleep\n|rule|Species Clause: Limit one of each Pok\u00e9mon\n|rule|OHKO Clause: OHKO moves are banned\n|rule|Evasion Moves Clause: Evasion moves are banned\n|rule|Endless Battle Clause: Forcing endless battles is banned\n|rule|HP Percentage Mod: HP is shown in percentages\n|rule|Dynamax Clause: You cannot dynamax\n|teampreview\n|\n|start\n|switch|p1a: Roserade|Roserade, M|100\/100\n|switch|p2a: Ribombee|Ribombee, M|100\/100\n|turn|1\n|j| DYWY\u2740\n|\n|move|p2a: Ribombee|U-turn|p1a: Roserade\n|-damage|p1a: Roserade|75\/100\n|\n|switch|p2a: Jirachi|Jirachi|100\/100|[from]move: U-turn\n|move|p1a: Roserade|Sludge Bomb|p2a: Jirachi\n|-immune|p2a: Jirachi\n|\n|-heal|p1a: Roserade|81\/100|[from] item: Black Sludge\n|upkeep\n|turn|2\n|\n|switch|p1a: Krookodile|Krookodile, F|100\/100\n|-ability|p1a: Krookodile|Intimidate|boost\n|-unboost|p2a: Jirachi|atk|1\n|move|p2a: Jirachi|U-turn|p1a: Krookodile\n|-supereffective|p1a: Krookodile\n|-damage|p1a: Krookodile|64\/100\n|\n|switch|p2a: Keldeo|Keldeo-Resolute|100\/100|[from]move: U-turn\n|\n|upkeep\n|turn|3\n|\n|switch|p1a: Roserade|Roserade, M|81\/100\n|move|p2a: Keldeo|Flip Turn|p1a: Roserade\n|-resisted|p1a: Roserade\n|-damage|p1a: Roserade|66\/100\n|\n|switch|p2a: Jirachi|Jirachi|100\/100|[from]move: Flip Turn\n|\n|-heal|p1a: Roserade|73\/100|[from] item: Black Sludge\n|upkeep\n|turn|4\n|\n|switch|p1a: Mienshao|Mienshao, F|100\/100\n|move|p2a: Jirachi|Iron Head|p1a: Mienshao\n|-damage|p1a: Mienshao|30\/100\n|\n|upkeep\n|turn|5\n|\n|move|p1a: Mienshao|U-turn|p2a: Jirachi\n|-damage|p2a: Jirachi|77\/100\n|\n|switch|p1a: Aegislash|Aegislash, F|100\/100|[from]move: U-turn\n|move|p2a: Jirachi|Iron Head|p1a: Aegislash\n|-resisted|p1a: Aegislash\n|-damage|p1a: Aegislash|85\/100\n|\n|upkeep\n|turn|6\n|\n|switch|p2a: Keldeo|Keldeo-Resolute|100\/100\n|move|p1a: Aegislash|Autotomize|p1a: Aegislash\n|-boost|p1a: Aegislash|spe|2\n|-start|p1a: Aegislash|Autotomize\n|\n|upkeep\n|turn|7\n|\n|switch|p1a: Roserade|Roserade, M|73\/100\n|move|p2a: Keldeo|Surf|p1a: Roserade\n|-resisted|p1a: Roserade\n|-damage|p1a: Roserade|29\/100\n|\n|-heal|p1a: Roserade|35\/100|[from] item: Black Sludge\n|upkeep\n|turn|8\n|\n|switch|p1a: Rotom|Rotom-Wash|100\/100\n|move|p2a: Keldeo|Surf|p1a: Rotom\n|-resisted|p1a: Rotom\n|-damage|p1a: Rotom|61\/100\n|\n|-heal|p1a: Rotom|67\/100|[from] item: Leftovers\n|upkeep\n|turn|9\n|\n|move|p2a: Keldeo|Surf|p1a: Rotom\n|-resisted|p1a: Rotom\n|-damage|p1a: Rotom|30\/100\n|move|p1a: Rotom|Volt Switch|p2a: Keldeo\n|-supereffective|p2a: Keldeo\n|-damage|p2a: Keldeo|35\/100\n|\n|switch|p1a: Mienshao|Mienshao, F|64\/100|[from]move: Volt Switch\n|\n|upkeep\n|turn|10\n|\n|switch|p2a: Scyther|Scyther, F|100\/100\n|move|p1a: Mienshao|Close Combat|p2a: Scyther\n|-resisted|p2a: Scyther\n|-damage|p2a: Scyther|80\/100\n|-unboost|p1a: Mienshao|def|1\n|-unboost|p1a: Mienshao|spd|1\n|\n|upkeep\n|turn|11\n|\n|switch|p1a: Rotom|Rotom-Wash|30\/100\n|move|p2a: Scyther|Swords Dance|p2a: Scyther\n|-boost|p2a: Scyther|atk|2\n|\n|-heal|p1a: Rotom|35\/100|[from] item: Leftovers\n|upkeep\n|turn|12\n|\n|move|p2a: Scyther|Quick Attack|p1a: Rotom\n|-damage|p1a: Rotom|0 fnt\n|faint|p1a: Rotom\n|\n|upkeep\n|\n|switch|p1a: Krookodile|Krookodile, F|64\/100\n|-ability|p1a: Krookodile|Intimidate|boost\n|-unboost|p2a: Scyther|atk|1\n|turn|13\n|\n|switch|p1a: Aegislash|Aegislash, F|85\/100\n|move|p2a: Scyther|Quick Attack|p1a: Aegislash\n|-immune|p1a: Aegislash\n|\n|upkeep\n|turn|14\n|\n|move|p2a: Scyther|Knock Off|p1a: Aegislash\n|-supereffective|p1a: Aegislash\n|-damage|p1a: Aegislash|4\/100\n|-enditem|p1a: Aegislash|Life Orb|[from] move: Knock Off|[of] p2a: Scyther\n|move|p1a: Aegislash|Autotomize|p1a: Aegislash\n|-boost|p1a: Aegislash|spe|2\n|-start|p1a: Aegislash|Autotomize\n|\n|upkeep\n|turn|15\n|j| Jorgeta57\n|\n|-formechange|p1a: Aegislash|Aegislash-Blade||[from] ability: Stance Change\n|move|p1a: Aegislash|Shadow Ball|p2a: Scyther\n|-damage|p2a: Scyther|10\/100\n|move|p2a: Scyther|Knock Off|p1a: Aegislash\n|-supereffective|p1a: Aegislash\n|-damage|p1a: Aegislash|0 fnt\n|faint|p1a: Aegislash\n|\n|upkeep\n|l| Jorgeta57\n|\n|switch|p1a: Mienshao|Mienshao, F|97\/100\n|turn|16\n|\n|move|p2a: Scyther|Quick Attack|p1a: Mienshao\n|-damage|p1a: Mienshao|44\/100\n|move|p1a: Mienshao|U-turn|p2a: Scyther\n|-resisted|p2a: Scyther\n|-damage|p2a: Scyther|0 fnt\n|faint|p2a: Scyther\n|\n|switch|p1a: Roserade|Roserade, M|35\/100|[from]move: U-turn\n|\n|-heal|p1a: Roserade|41\/100|[from] item: Black Sludge\n|upkeep\n|\n|switch|p2a: Jirachi|Jirachi|77\/100\n|turn|17\n|\n|move|p2a: Jirachi|U-turn|p1a: Roserade\n|-damage|p1a: Roserade|3\/100\n|\n|switch|p2a: Ribombee|Ribombee, M|100\/100|[from]move: U-turn\n|move|p1a: Roserade|Spikes|p2a: Ribombee\n|-sidestart|p2: ChiefBoom|Spikes\n|\n|-heal|p1a: Roserade|9\/100|[from] item: Black Sludge\n|upkeep\n|turn|18\n|\n|move|p2a: Ribombee|Sticky Web|p1a: Roserade\n|-sidestart|p1: Goootzinho|move: Sticky Web\n|move|p1a: Roserade|Sludge Bomb|p2a: Ribombee\n|-supereffective|p2a: Ribombee\n|-enditem|p2a: Ribombee|Focus Sash\n|-damage|p2a: Ribombee|1\/100\n|\n|-heal|p1a: Roserade|15\/100|[from] item: Black Sludge\n|upkeep\n|turn|19\n|\n|move|p2a: Ribombee|Moonblast|p1a: Roserade\n|-resisted|p1a: Roserade\n|-damage|p1a: Roserade|0 fnt\n|faint|p1a: Roserade\n|\n|upkeep\n|\n|switch|p1a: Sylveon|Sylveon, F|100\/100\n|-activate|p1a: Sylveon|move: Sticky Web\n|-unboost|p1a: Sylveon|spe|1\n|turn|20\n|\n|move|p2a: Ribombee|Stun Spore|p1a: Sylveon\n|-status|p1a: Sylveon|par\n|move|p1a: Sylveon|Hyper Voice|p2a: Ribombee\n|-damage|p2a: Ribombee|0 fnt\n|faint|p2a: Ribombee\n|\n|upkeep\n|\n|switch|p2a: Jirachi|Jirachi|77\/100\n|-damage|p2a: Jirachi|64\/100|[from] Spikes\n|turn|21\n|\n|move|p1a: Sylveon|Protect|p1a: Sylveon\n|-singleturn|p1a: Sylveon|Protect\n|move|p2a: Jirachi|Iron Head|p1a: Sylveon\n|-activate|p1a: Sylveon|move: Protect\n|\n|upkeep\n|turn|22\n|\n|switch|p1a: Krookodile|Krookodile, F|64\/100\n|-activate|p1a: Krookodile|move: Sticky Web\n|-unboost|p1a: Krookodile|spe|1\n|-ability|p1a: Krookodile|Intimidate|boost\n|-unboost|p2a: Jirachi|atk|1\n|move|p2a: Jirachi|Iron Head|p1a: Krookodile\n|-damage|p1a: Krookodile|34\/100\n|\n|upkeep\n|turn|23\n|\n|move|p2a: Jirachi|Iron Head|p1a: Krookodile\n|-damage|p1a: Krookodile|6\/100\n|move|p1a: Krookodile|Stealth Rock|p2a: Jirachi\n|-sidestart|p2: ChiefBoom|move: Stealth Rock\n|\n|upkeep\n|turn|24\n|\n|move|p2a: Jirachi|Iron Head|p1a: Krookodile\n|-crit|p1a: Krookodile\n|-damage|p1a: Krookodile|0 fnt\n|faint|p1a: Krookodile\n|\n|upkeep\n|\n|switch|p1a: Mienshao|Mienshao, F|77\/100\n|-activate|p1a: Mienshao|move: Sticky Web\n|-unboost|p1a: Mienshao|spe|1\n|turn|25\n|\n|move|p2a: Jirachi|Iron Head|p1a: Mienshao\n|-damage|p1a: Mienshao|36\/100\n|move|p1a: Mienshao|Knock Off|p2a: Jirachi\n|-supereffective|p2a: Jirachi\n|-damage|p2a: Jirachi|0 fnt\n|-enditem|p2a: Jirachi|Choice Scarf|[from] move: Knock Off|[of] p1a: Mienshao\n|faint|p2a: Jirachi\n|\n|upkeep\n|\n|switch|p2a: Heracross|Heracross, F|100\/100\n|-damage|p2a: Heracross|88\/100|[from] Spikes\n|-damage|p2a: Heracross|76\/100|[from] Stealth Rock\n|turn|26\n|\n|switch|p1a: Sylveon|Sylveon, F|100\/100 par\n|-activate|p1a: Sylveon|move: Sticky Web\n|-unboost|p1a: Sylveon|spe|1\n|move|p2a: Heracross|Swords Dance|p2a: Heracross\n|-boost|p2a: Heracross|atk|2\n|\n|-status|p2a: Heracross|brn|[from] item: Flame Orb\n|upkeep\n|turn|27\n|\n|move|p2a: Heracross|Facade|p1a: Sylveon\n|-damage|p1a: Sylveon|0 fnt\n|faint|p1a: Sylveon\n|\n|-damage|p2a: Heracross|70\/100 brn|[from] brn\n|upkeep\n|\n|switch|p1a: Mienshao|Mienshao, F|70\/100\n|-activate|p1a: Mienshao|move: Sticky Web\n|-unboost|p1a: Mienshao|spe|1\n|turn|28\n|\n|move|p1a: Mienshao|Knock Off|p2a: Heracross\n|-resisted|p2a: Heracross\n|-damage|p2a: Heracross|45\/100 brn\n|-enditem|p2a: Heracross|Flame Orb|[from] move: Knock Off|[of] p1a: Mienshao\n|move|p2a: Heracross|Facade|p1a: Mienshao\n|-damage|p1a: Mienshao|0 fnt\n|faint|p1a: Mienshao\n|\n|win|ChiefBoom\n|l|\u2606Goootzinho\n","uploadtime":1593853399,"views":6,"p1id":"goootzinho","p2id":"chiefboom","formatid":"gen8uu","rating":0,"private":0,"password":null}