{"id":"gen8ou-1375316804","p1":"RTSG tests","p2":"lt82ZW Quartos","format":"gen8ou","log":"|raw|<div class=\"broadcast-blue\"><strong>This battle is required to be public due to a player having a name starting with 'lt82zw'.<\/div>\n|j|\u2606RTSG tests\n|j|\u2606lt82ZW Quartos\n|t:|1626078967\n|gametype|singles\n|player|p1|RTSG tests|169|1747\n|player|p2|lt82ZW Quartos|drayden|1865\n|teamsize|p1|6\n|teamsize|p2|6\n|gen|8\n|tier|[Gen 8] OU\n|rated|\n|rule|Sleep Clause Mod: Limit one foe put to sleep\n|rule|Species Clause: Limit one of each Pok\u00e9mon\n|rule|OHKO Clause: OHKO moves are banned\n|rule|Evasion Moves Clause: Evasion moves are banned\n|rule|Endless Battle Clause: Forcing endless battles is banned\n|rule|HP Percentage Mod: HP is shown in percentages\n|rule|Dynamax Clause: You cannot dynamax\n|clearpoke\n|poke|p1|Sceptile, M|\n|poke|p1|Salamence, F|\n|poke|p1|Excadrill, F|\n|poke|p1|Tapu Koko|\n|poke|p1|Magnezone|\n|poke|p1|Weavile, F|\n|poke|p2|Nidoking, M|\n|poke|p2|Tornadus-Therian, M|\n|poke|p2|Landorus-Therian, M|\n|poke|p2|Slowking, F|\n|poke|p2|Heatran, M|\n|poke|p2|Buzzwole|\n|teampreview\n|\n|t:|1626078993\n|start\n|switch|p1a: Weavile|Weavile, F|100\/100\n|switch|p2a: Landorus|Landorus-Therian, M|100\/100\n|-ability|p1a: Weavile|Pressure\n|-ability|p2a: Landorus|Intimidate|boost\n|-unboost|p1a: Weavile|atk|1\n|turn|1\n|\n|t:|1626079000\n|switch|p2a: Buzzwole|Buzzwole|100\/100\n|move|p1a: Weavile|Triple Axel|p2a: Buzzwole\n|-damage|p2a: Buzzwole|96\/100\n|-damage|p1a: Weavile|84\/100|[from] item: Rocky Helmet|[of] p2a: Buzzwole\n|-damage|p2a: Buzzwole|87\/100\n|-damage|p1a: Weavile|68\/100|[from] item: Rocky Helmet|[of] p2a: Buzzwole\n|-damage|p2a: Buzzwole|72\/100\n|-damage|p1a: Weavile|51\/100|[from] item: Rocky Helmet|[of] p2a: Buzzwole\n|-hitcount|p2a: Buzzwole|3\n|\n|upkeep\n|turn|2\n|\n|t:|1626079006\n|switch|p1a: Tapu Koko|Tapu Koko|100\/100\n|-fieldstart|move: Electric Terrain|[from] ability: Electric Surge|[of] p1a: Tapu Koko\n|move|p2a: Buzzwole|Roost|p2a: Buzzwole\n|-heal|p2a: Buzzwole|100\/100\n|-singleturn|p2a: Buzzwole|move: Roost\n|\n|upkeep\n|turn|3\n|\n|t:|1626079011\n|switch|p1a: Excadrill|Excadrill, F|100\/100\n|-ability|p1a: Excadrill|Mold Breaker\n|switch|p2a: Landorus|Landorus-Therian, M|100\/100\n|-ability|p2a: Landorus|Intimidate|boost\n|-unboost|p1a: Excadrill|atk|1\n|\n|upkeep\n|turn|4\n|\n|t:|1626079015\n|move|p1a: Excadrill|Stealth Rock|p2a: Landorus\n|-sidestart|p2: lt82ZW Quartos|move: Stealth Rock\n|move|p2a: Landorus|Earthquake|p1a: Excadrill\n|-supereffective|p1a: Excadrill\n|-enditem|p1a: Excadrill|Focus Sash\n|-damage|p1a: Excadrill|1\/100\n|\n|upkeep\n|turn|5\n|\n|t:|1626079019\n|move|p1a: Excadrill|Rapid Spin|p2a: Landorus\n|-damage|p2a: Landorus|90\/100\n|-boost|p1a: Excadrill|spe|1\n|move|p2a: Landorus|U-turn|p1a: Excadrill\n|-resisted|p1a: Excadrill\n|-damage|p1a: Excadrill|0 fnt\n|faint|p1a: Excadrill\n|j| epsilon_xd\n|\n|t:|1626079037\n|switch|p2a: Slowking|Slowking, F|100\/100|[from]move: U-turn\n|\n|upkeep\n|\n|t:|1626079042\n|switch|p1a: Weavile|Weavile, F|51\/100\n|-ability|p1a: Weavile|Pressure\n|turn|6\n|\n|t:|1626079045\n|switch|p2a: Buzzwole|Buzzwole|100\/100\n|-damage|p2a: Buzzwole|88\/100|[from] Stealth Rock\n|move|p1a: Weavile|Knock Off|p2a: Buzzwole\n|-resisted|p2a: Buzzwole\n|-damage|p2a: Buzzwole|69\/100\n|-damage|p1a: Weavile|35\/100|[from] item: Rocky Helmet|[of] p2a: Buzzwole\n|-enditem|p2a: Buzzwole|Rocky Helmet|[from] move: Knock Off|[of] p1a: Weavile\n|\n|-fieldend|move: Electric Terrain\n|upkeep\n|turn|7\n|\n|t:|1626079055\n|switch|p1a: Tapu Koko|Tapu Koko|100\/100\n|-fieldstart|move: Electric Terrain|[from] ability: Electric Surge|[of] p1a: Tapu Koko\n|move|p2a: Buzzwole|Roost|p2a: Buzzwole\n|-heal|p2a: Buzzwole|100\/100\n|-singleturn|p2a: Buzzwole|move: Roost\n|\n|upkeep\n|turn|8\n|\n|t:|1626079064\n|switch|p2a: Landorus|Landorus-Therian, M|90\/100\n|-damage|p2a: Landorus|77\/100|[from] Stealth Rock\n|-ability|p2a: Landorus|Intimidate|boost\n|-unboost|p1a: Tapu Koko|atk|1\n|move|p1a: Tapu Koko|Light Screen|p1a: Tapu Koko\n|-sidestart|p1: RTSG tests|move: Light Screen\n|\n|-heal|p2a: Landorus|83\/100|[from] item: Leftovers\n|upkeep\n|turn|9\n|\n|t:|1626079069\n|move|p1a: Tapu Koko|Taunt|p2a: Landorus\n|-start|p2a: Landorus|move: Taunt\n|cant|p2a: Landorus|move: Taunt|Defog\n|\n|-heal|p2a: Landorus|89\/100|[from] item: Leftovers\n|upkeep\n|turn|10\n|j| clozap9\n|\n|t:|1626079073\n|move|p1a: Tapu Koko|Reflect|p1a: Tapu Koko\n|-sidestart|p1: RTSG tests|Reflect\n|move|p2a: Landorus|Earthquake|p1a: Tapu Koko\n|-supereffective|p1a: Tapu Koko\n|-damage|p1a: Tapu Koko|48\/100\n|\n|-heal|p2a: Landorus|95\/100|[from] item: Leftovers\n|upkeep\n|turn|11\n|\n|t:|1626079076\n|switch|p1a: Salamence|Salamence, F|100\/100\n|move|p2a: Landorus|U-turn|p1a: Salamence\n|-resisted|p1a: Salamence\n|-damage|p1a: Salamence|93\/100\n|\n|t:|1626079083\n|switch|p2a: Slowking|Slowking, F|100\/100|[from]move: U-turn\n|\n|-fieldend|move: Electric Terrain\n|upkeep\n|turn|12\n|\n|t:|1626079088\n|switch|p1a: Magnezone|Magnezone|100\/100\n|move|p2a: Slowking|Ice Beam|p1a: Magnezone\n|-resisted|p1a: Magnezone\n|-damage|p1a: Magnezone|94\/100\n|\n|upkeep\n|turn|13\n|\n|t:|1626079093\n|switch|p2a: Landorus|Landorus-Therian, M|95\/100\n|-damage|p2a: Landorus|83\/100|[from] Stealth Rock\n|-ability|p2a: Landorus|Intimidate|boost\n|-unboost|p1a: Magnezone|atk|1\n|move|p1a: Magnezone|Flash Cannon|p2a: Landorus\n|-damage|p2a: Landorus|29\/100\n|\n|-heal|p2a: Landorus|35\/100|[from] item: Leftovers\n|upkeep\n|turn|14\n|\n|t:|1626079099\n|move|p2a: Landorus|Defog|p1a: Magnezone\n|-unboost|p1a: Magnezone|evasion|1\n|-sideend|p1: RTSG tests|Reflect\n|-sideend|p1: RTSG tests|move: Light Screen\n|-sideend|p2: lt82ZW Quartos|Stealth Rock|[from] move: Defog|[of] p2a: Landorus\n|move|p1a: Magnezone|Flash Cannon|p2a: Landorus\n|-crit|p2a: Landorus\n|-damage|p2a: Landorus|0 fnt\n|faint|p2a: Landorus\n|\n|upkeep\n|j| njhLKO\n|\n|t:|1626079102\n|switch|p2a: Nidoking|Nidoking, M|100\/100\n|turn|15\n|\n|t:|1626079108\n|move|p2a: Nidoking|Flamethrower|p1a: Magnezone\n|-supereffective|p1a: Magnezone\n|-damage|p1a: Magnezone|0 fnt\n|faint|p1a: Magnezone\n|\n|upkeep\n|\n|t:|1626079112\n|switch|p1a: Weavile|Weavile, F|35\/100\n|-ability|p1a: Weavile|Pressure\n|turn|16\n|\n|t:|1626079115\n|switch|p2a: Buzzwole|Buzzwole|100\/100\n|move|p1a: Weavile|Triple Axel|p2a: Buzzwole\n|-damage|p2a: Buzzwole|92\/100\n|-damage|p2a: Buzzwole|78\/100\n|-damage|p2a: Buzzwole|55\/100\n|-hitcount|p2a: Buzzwole|3\n|\n|upkeep\n|turn|17\n|\n|t:|1626079121\n|switch|p1a: Tapu Koko|Tapu Koko|48\/100\n|-fieldstart|move: Electric Terrain|[from] ability: Electric Surge|[of] p1a: Tapu Koko\n|move|p2a: Buzzwole|Roost|p2a: Buzzwole\n|-heal|p2a: Buzzwole|100\/100\n|-singleturn|p2a: Buzzwole|move: Roost\n|\n|upkeep\n|turn|18\n|\n|t:|1626079125\n|switch|p2a: Heatran|Heatran, M|100\/100\n|move|p1a: Tapu Koko|Volt Switch|p2a: Heatran\n|-damage|p2a: Heatran|79\/100\n|\n|t:|1626079130\n|switch|p1a: Salamence|Salamence, F|93\/100|[from]move: Volt Switch\n|\n|-heal|p2a: Heatran|85\/100|[from] item: Leftovers\n|upkeep\n|turn|19\n|\n|t:|1626079134\n|switch|p2a: Slowking|Slowking, F|100\/100\n|move|p1a: Salamence|Earthquake|p2a: Slowking\n|-damage|p2a: Slowking|61\/100\n|\n|upkeep\n|turn|20\n|\n|t:|1626079138\n|switch|p1a: Weavile|Weavile, F|35\/100\n|-ability|p1a: Weavile|Pressure\n|move|p2a: Slowking|Ice Beam|p1a: Weavile\n|-resisted|p1a: Weavile\n|-damage|p1a: Weavile|21\/100\n|\n|upkeep\n|turn|21\n|\n|t:|1626079146\n|switch|p1a: Tapu Koko|Tapu Koko|48\/100\n|switch|p2a: Buzzwole|Buzzwole|100\/100\n|\n|-fieldend|move: Electric Terrain\n|upkeep\n|turn|22\n|\n|t:|1626079151\n|switch|p2a: Nidoking|Nidoking, M|100\/100\n|move|p1a: Tapu Koko|Reflect|p1a: Tapu Koko\n|-sidestart|p1: RTSG tests|Reflect\n|\n|upkeep\n|turn|23\n|\n|t:|1626079159\n|switch|p1a: Salamence|Salamence, F|93\/100\n|move|p2a: Nidoking|Flamethrower|p1a: Salamence\n|-resisted|p1a: Salamence\n|-damage|p1a: Salamence|67\/100\n|\n|upkeep\n|turn|24\n|\n|t:|1626079163\n|switch|p2a: Slowking|Slowking, F|95\/100\n|move|p1a: Salamence|Earthquake|p2a: Slowking\n|-damage|p2a: Slowking|56\/100\n|\n|upkeep\n|turn|25\n|\n|t:|1626079168\n|switch|p1a: Tapu Koko|Tapu Koko|48\/100\n|-fieldstart|move: Electric Terrain|[from] ability: Electric Surge|[of] p1a: Tapu Koko\n|move|p2a: Slowking|Ice Beam|p1a: Tapu Koko\n|-crit|p1a: Tapu Koko\n|-damage|p1a: Tapu Koko|12\/100\n|\n|upkeep\n|turn|26\n|\n|t:|1626079171\n|move|p1a: Tapu Koko|Light Screen|p1a: Tapu Koko\n|-sidestart|p1: RTSG tests|move: Light Screen\n|move|p2a: Slowking|Teleport|p2a: Slowking\n|j| Axella\n|\n|t:|1626079179\n|switch|p2a: Nidoking|Nidoking, M|100\/100|[from]move: Teleport\n|\n|upkeep\n|turn|27\n|\n|t:|1626079187\n|move|p1a: Tapu Koko|Taunt|p2a: Nidoking\n|-start|p2a: Nidoking|move: Taunt\n|move|p2a: Nidoking|Sludge Wave|p1a: Tapu Koko\n|-supereffective|p1a: Tapu Koko\n|-damage|p1a: Tapu Koko|0 fnt\n|faint|p1a: Tapu Koko\n|\n|upkeep\n|\n|t:|1626079194\n|switch|p1a: Sceptile|Sceptile, M|100\/100\n|-enditem|p1a: Sceptile|Electric Seed\n|-boost|p1a: Sceptile|def|1|[from] item: Electric Seed\n|turn|28\n|\n|t:|1626079196\n|move|p1a: Sceptile|Swords Dance|p1a: Sceptile\n|-boost|p1a: Sceptile|atk|2\n|move|p2a: Nidoking|Sludge Wave|p1a: Sceptile\n|-supereffective|p1a: Sceptile\n|-damage|p1a: Sceptile|20\/100\n|\n|upkeep\n|turn|29\n|\n|t:|1626079207\n|move|p1a: Sceptile|Earthquake|p2a: Nidoking\n|-supereffective|p2a: Nidoking\n|-damage|p2a: Nidoking|0 fnt\n|faint|p2a: Nidoking\n|\n|-sideend|p1: RTSG tests|Reflect\n|-fieldend|move: Electric Terrain\n|upkeep\n|\n|t:|1626079216\n|switch|p2a: Tornadus|Tornadus-Therian, M|100\/100\n|turn|30\n|\n|t:|1626079220\n|move|p1a: Sceptile|Acrobatics|p2a: Tornadus\n|-crit|p2a: Tornadus\n|-damage|p2a: Tornadus|0 fnt\n|faint|p2a: Tornadus\n|\n|upkeep\n|j| Luckpup\n|\n|t:|1626079234\n|switch|p2a: Slowking|Slowking, F|90\/100\n|turn|31\n|\n|t:|1626079237\n|move|p1a: Sceptile|Leaf Blade|p2a: Slowking\n|-supereffective|p2a: Slowking\n|-damage|p2a: Slowking|0 fnt\n|faint|p2a: Slowking\n|\n|upkeep\n|-message|lt82ZW Quartos forfeited.\n|\n|win|RTSG tests\n|raw|RTSG tests's rating: 1747 &rarr; <strong>1774<\/strong><br \/>(+27 for winning)\n|raw|lt82ZW Quartos's rating: 1865 &rarr; <strong>1838<\/strong><br \/>(-27 for losing)\n","uploadtime":1626079244,"views":175,"p1id":"rtsgtests","p2id":"lt82zwquartos","formatid":"gen8ou","rating":1774,"private":0,"password":null}