{"id":"gen8vgc2022-1706970305","p1":"DjSmooke","p2":"Woheee","format":"gen8vgc2022","log":"|j|\u2606DjSmooke\n|j|\u2606Woheee\n|t:|1668037523\n|gametype|doubles\n|player|p1|DjSmooke|dragontamer|\n|player|p2|Woheee|102|\n|teamsize|p1|6\n|teamsize|p2|6\n|gen|8\n|tier|[Gen 8] VGC 2022\n|rule|Species Clause: Limit one of each Pok\u00e9mon\n|rule|Item Clause: Limit one of each item\n|clearpoke\n|poke|p1|Kyogre, L50|\n|poke|p1|Zacian-*, L50|\n|poke|p1|Landorus-Therian, L50, M|\n|poke|p1|Thundurus, L50, M|\n|poke|p1|Tornadus, L50, M|\n|poke|p1|Celesteela, L50|\n|poke|p2|Charizard, L50, F|\n|poke|p2|Groudon, L50|\n|poke|p2|Incineroar, L50, M|\n|poke|p2|Grimmsnarl, L50, M|\n|poke|p2|Gastrodon-East, L50, F|\n|poke|p2|Zacian-*, L50|\n|teampreview|4\n|inactive|Battle timer is ON: inactive players will automatically lose when time's up. (requested by Woheee)\n|\n|t:|1668037641\n|start\n|switch|p1a: Kyogre|Kyogre, L50, shiny|100\/100\n|switch|p1b: Celesteela|Celesteela, L50, shiny|100\/100\n|switch|p2a: Groudon|Groudon, L50|100\/100\n|switch|p2b: Grimmsnarl|Grimmsnarl, L50, M|100\/100\n|-weather|RainDance|[from] ability: Drizzle|[of] p1a: Kyogre\n|-weather|SunnyDay|[from] ability: Drought|[of] p2a: Groudon\n|turn|1\n|inactiveoff|Battle timer is now OFF.\n|inactive|Battle timer is ON: inactive players will automatically lose when time's up. (requested by Woheee)\n|\n|t:|1668037787\n|-start|p2a: Groudon|Dynamax|\n|-heal|p2a: Groudon|100\/100|[silent]\n|move|p1b: Celesteela|Wide Guard|p1b: Celesteela\n|-singleturn|p1b: Celesteela|Wide Guard\n|move|p2b: Grimmsnarl|Trick|p1b: Celesteela\n|-activate|p2b: Grimmsnarl|move: Trick|[of] p1b: Celesteela\n|-item|p1b: Celesteela|Iron Ball|[from] move: Trick\n|-item|p2b: Grimmsnarl|Leftovers|[from] move: Trick\n|move|p1a: Kyogre|Ice Beam|p2a: Groudon\n|-supereffective|p2a: Groudon\n|-damage|p2a: Groudon|79\/100\n|move|p2a: Groudon|Max Quake|p1a: Kyogre\n|-damage|p1a: Kyogre|21\/100\n|-boost|p2a: Groudon|spd|1\n|-boost|p2b: Grimmsnarl|spd|1\n|\n|-weather|SunnyDay|[upkeep]\n|upkeep\n|turn|2\n|inactiveoff|Battle timer is now OFF.\n|inactive|Battle timer is ON: inactive players will automatically lose when time's up. (requested by DjSmooke)\n|\n|t:|1668037839\n|switch|p1a: Zacian|Zacian-Crowned, L50|100\/100\n|-ability|p1a: Zacian|Intrepid Sword|boost\n|-boost|p1a: Zacian|atk|1\n|switch|p1b: Tornadus|Tornadus, L50, M|100\/100\n|move|p2b: Grimmsnarl|Thunder Wave|p1b: Tornadus\n|-status|p1b: Tornadus|par\n|move|p2a: Groudon|Max Phantasm|p1a: Zacian\n|-damage|p1a: Zacian|59\/100\n|-unboost|p1a: Zacian|def|1\n|-unboost|p1b: Tornadus|def|1\n|\n|-weather|SunnyDay|[upkeep]\n|upkeep\n|turn|3\n|inactive|Woheee has 30 seconds left.\n|inactive|Woheee has 20 seconds left.\n|inactiveoff|Battle timer is now OFF.\n|\n|t:|1668037908\n|move|p1b: Tornadus|Tailwind|p1b: Tornadus\n|-sidestart|p1: DjSmooke|move: Tailwind\n|move|p2b: Grimmsnarl|Thunder Wave|p1a: Zacian\n|-status|p1a: Zacian|par\n|move|p1a: Zacian|Behemoth Blade|p2a: Groudon\n|-damage|p2a: Groudon|9\/100\n|move|p2a: Groudon|Max Rockfall|p1b: Tornadus\n|-supereffective|p1b: Tornadus\n|-enditem|p1b: Tornadus|Focus Sash\n|-damage|p1b: Tornadus|1\/100 par\n|-weather|Sandstorm\n|\n|-weather|Sandstorm|[upkeep]\n|-damage|p1b: Tornadus|0 fnt|[from] Sandstorm\n|-damage|p2b: Grimmsnarl|95\/100|[from] Sandstorm\n|faint|p1b: Tornadus\n|-heal|p2b: Grimmsnarl|100\/100|[from] item: Leftovers\n|upkeep\n|\n|t:|1668037930\n|switch|p1b: Kyogre|Kyogre, L50, shiny|21\/100\n|-weather|RainDance|[from] ability: Drizzle|[of] p1b: Kyogre\n|-end|p2a: Groudon|Dynamax\n|-heal|p2a: Groudon|9\/100|[silent]\n|turn|4\n|\n|t:|1668037954\n|switch|p2a: Gastrodon|Gastrodon-East, L50, F|100\/100\n|move|p1a: Zacian|Protect|p1a: Zacian\n|-singleturn|p1a: Zacian|Protect\n|move|p1b: Kyogre|Origin Pulse|p2a: Gastrodon|[spread] p2b\n|-ability|p2a: Gastrodon|Storm Drain|boost\n|-boost|p2a: Gastrodon|spa|1\n|-damage|p2b: Grimmsnarl|60\/100\n|move|p2b: Grimmsnarl|Foul Play|p1b: Kyogre\n|-damage|p1b: Kyogre|0 fnt\n|faint|p1b: Kyogre\n|\n|-weather|RainDance|[upkeep]\n|-heal|p2b: Grimmsnarl|66\/100|[from] item: Leftovers\n|upkeep\n|\n|t:|1668037964\n|switch|p1b: Celesteela|Celesteela, L50, shiny|100\/100\n|turn|5\n|inactive|Battle timer is ON: inactive players will automatically lose when time's up. (requested by DjSmooke)\n|\n|t:|1668037992\n|move|p2b: Grimmsnarl|Thunder Wave|p1b: Celesteela\n|-status|p1b: Celesteela|par\n|cant|p1a: Zacian|par\n|move|p2a: Gastrodon|Ice Beam|p1b: Celesteela\n|-damage|p1b: Celesteela|80\/100 par\n|cant|p1b: Celesteela|par\n|\n|-weather|RainDance|[upkeep]\n|-heal|p2b: Grimmsnarl|72\/100|[from] item: Leftovers\n|upkeep\n|turn|6\n|\n|t:|1668038013\n|move|p1a: Zacian|Behemoth Blade|p2b: Grimmsnarl\n|-supereffective|p2b: Grimmsnarl\n|-damage|p2b: Grimmsnarl|0 fnt\n|faint|p2b: Grimmsnarl\n|move|p2a: Gastrodon|Earth Power|p1b: Celesteela\n|-damage|p1b: Celesteela|46\/100 par\n|move|p1b: Celesteela|Leech Seed|p2a: Gastrodon|[miss]\n|-miss|p1b: Celesteela|p2a: Gastrodon\n|\n|-weather|RainDance|[upkeep]\n|-sideend|p1: DjSmooke|move: Tailwind\n|upkeep\n|\n|t:|1668038026\n|switch|p2b: Groudon|Groudon, L50|9\/100\n|-weather|SunnyDay|[from] ability: Drought|[of] p2b: Groudon\n|turn|7\n|inactive|Woheee has 30 seconds left.\n|\n|t:|1668038061\n|cant|p1b: Celesteela|par\n|move|p2b: Groudon|Precipice Blades|p1a: Zacian|[spread] p1a,p1b\n|-supereffective|p1a: Zacian\n|-damage|p1a: Zacian|0 fnt\n|-damage|p1b: Celesteela|6\/100 par\n|faint|p1a: Zacian\n|move|p2a: Gastrodon|Earth Power|p1b: Celesteela\n|-damage|p1b: Celesteela|0 fnt\n|faint|p1b: Celesteela\n|\n|win|Woheee\n","uploadtime":1668038073,"views":6,"p1id":"djsmooke","p2id":"woheee","formatid":"gen8vgc2022","rating":0,"private":0,"password":null}