{"id":"gen8uu-1108373099","p1":"A","p2":"Ceosbrifpanzvuqdwy","format":"gen8uu","log":"|j|\u2606A\n|j|\u2606Ceosbrifpanzvuqdwy\n|player|p1|A|pokekid|1000\n|player|p2|Ceosbrifpanzvuqdwy|psychic|1000\n|teamsize|p1|6\n|teamsize|p2|6\n|gametype|singles\n|gen|8\n|tier|[Gen 8] UU\n|rated|\n|clearpoke\n|poke|p1|Clefairy, F|\n|poke|p1|Pangoro, M|\n|poke|p1|Reuniclus, M|\n|poke|p1|Gigalith, M|\n|poke|p1|Weezing-Galar, M|\n|poke|p1|Haxorus, M|\n|poke|p2|Reuniclus, F|\n|poke|p2|Pangoro, M|\n|poke|p2|Toxtricity, F|\n|poke|p2|Escavalier, M|\n|poke|p2|Rotom-Wash|\n|poke|p2|Gigalith, M|\n|rule|Sleep Clause Mod: Limit one foe put to sleep\n|rule|Species Clause: Limit one of each Pok\u00e9mon\n|rule|OHKO Clause: OHKO moves are banned\n|rule|Evasion Moves Clause: Evasion moves are banned\n|rule|Endless Battle Clause: Forcing endless battles is banned\n|rule|HP Percentage Mod: HP is shown in percentages\n|rule|Dynamax Clause: You cannot dynamax\n|teampreview\n|\n|start\n|switch|p1a: baby milas|Gigalith, M|100\/100\n|switch|p2a: Escavalier|Escavalier, M, shiny|100\/100\n|-weather|Sandstorm|[from] ability: Sand Stream|[of] p1a: baby milas\n|turn|1\n|\n|switch|p1a: chad|Weezing-Galar, M|100\/100\n|move|p2a: Escavalier|Iron Head|p1a: chad\n|-supereffective|p1a: chad\n|-damage|p1a: chad|0 fnt\n|faint|p1a: chad\n|\n|-weather|Sandstorm|[upkeep]\n|upkeep\n|\n|switch|p1a: the lad|Pangoro, M, shiny|100\/100\n|-ability|p1a: the lad|Mold Breaker\n|turn|2\n|\n|move|p1a: the lad|Knock Off|p2a: Escavalier\n|-damage|p2a: Escavalier|30\/100\n|-enditem|p2a: Escavalier|Choice Band|[from] move: Knock Off|[of] p1a: the lad\n|move|p2a: Escavalier|Iron Head|p1a: the lad\n|-damage|p1a: the lad|38\/100\n|\n|-weather|Sandstorm|[upkeep]\n|-damage|p1a: the lad|32\/100|[from] Sandstorm\n|upkeep\n|turn|3\n|\n|move|p1a: the lad|Knock Off|p2a: Escavalier\n|-damage|p2a: Escavalier|0 fnt\n|faint|p2a: Escavalier\n|\n|-weather|Sandstorm|[upkeep]\n|-damage|p1a: the lad|26\/100|[from] Sandstorm\n|upkeep\n|\n|switch|p2a: Rotom|Rotom-Wash|100\/100\n|turn|4\n|\n|switch|p1a: morny on hain|Reuniclus, M|100\/100\n|move|p2a: Rotom|Volt Switch|p1a: morny on hain\n|-damage|p1a: morny on hain|88\/100\n|inactive|Battle timer is ON: inactive players will automatically lose when time's up. (requested by A)\n|inactive|Ceosbrifpanzvuqdwy has 120 seconds left.\n|\n|switch|p2a: Pangoro|Pangoro, M|100\/100|[from]move: Volt Switch\n|\n|-weather|Sandstorm|[upkeep]\n|-damage|p2a: Pangoro|94\/100|[from] Sandstorm\n|-damage|p1a: morny on hain|82\/100|[from] Sandstorm\n|upkeep\n|turn|5\n|\n|switch|p1a: uh oh stinky|Clefairy, F|100\/100\n|move|p2a: Pangoro|Knock Off|p1a: uh oh stinky\n|-resisted|p1a: uh oh stinky\n|-damage|p1a: uh oh stinky|81\/100\n|-enditem|p1a: uh oh stinky|Eviolite|[from] move: Knock Off|[of] p2a: Pangoro\n|\n|-weather|none\n|upkeep\n|turn|6\n|\n|switch|p1a: balanced|Haxorus, M|100\/100\n|-ability|p1a: balanced|Mold Breaker\n|move|p2a: Pangoro|Iron Head|p1a: balanced\n|-damage|p1a: balanced|61\/100\n|\n|upkeep\n|turn|7\n|\n|move|p1a: balanced|Outrage|p2a: Pangoro\n|-damage|p2a: Pangoro|4\/100\n|move|p2a: Pangoro|Close Combat|p1a: balanced\n|-damage|p1a: balanced|0 fnt\n|-unboost|p2a: Pangoro|def|1\n|-unboost|p2a: Pangoro|spd|1\n|faint|p1a: balanced\n|\n|upkeep\n|\n|switch|p1a: baby milas|Gigalith, M|100\/100\n|-weather|Sandstorm|[from] ability: Sand Stream|[of] p1a: baby milas\n|turn|8\n|inactive|Ceosbrifpanzvuqdwy has 120 seconds left.\n|\n|move|p1a: baby milas|Protect|p1a: baby milas\n|-singleturn|p1a: baby milas|Protect\n|move|p2a: Pangoro|Close Combat|p1a: baby milas\n|-activate|p1a: baby milas|move: Protect\n|\n|-weather|Sandstorm|[upkeep]\n|-damage|p2a: Pangoro|0 fnt|[from] Sandstorm\n|faint|p2a: Pangoro\n|upkeep\n|\n|switch|p2a: Rotom|Rotom-Wash|100\/100\n|turn|9\n|\n|move|p2a: Rotom|Hydro Pump|p1a: baby milas\n|-supereffective|p1a: baby milas\n|-damage|p1a: baby milas|63\/100\n|move|p1a: baby milas|Stealth Rock|p2a: Rotom\n|-sidestart|p2: Ceosbrifpanzvuqdwy|move: Stealth Rock\n|\n|-weather|Sandstorm|[upkeep]\n|-damage|p2a: Rotom|94\/100|[from] Sandstorm\n|-heal|p2a: Rotom|100\/100|[from] item: Leftovers\n|-heal|p1a: baby milas|69\/100|[from] item: Leftovers\n|upkeep\n|turn|10\n|inactive|Ceosbrifpanzvuqdwy has 120 seconds left.\n|inactive|Ceosbrifpanzvuqdwy has 90 seconds left.\n|\n|move|p1a: baby milas|Protect|p1a: baby milas\n|-singleturn|p1a: baby milas|Protect\n|move|p2a: Rotom|Defog|p1a: baby milas\n|-activate|p1a: baby milas|move: Protect\n|\n|-weather|Sandstorm|[upkeep]\n|-damage|p2a: Rotom|94\/100|[from] Sandstorm\n|-heal|p2a: Rotom|100\/100|[from] item: Leftovers\n|-heal|p1a: baby milas|75\/100|[from] item: Leftovers\n|upkeep\n|turn|11\n|\n|switch|p1a: the lad|Pangoro, M, shiny|26\/100\n|-ability|p1a: the lad|Mold Breaker\n|move|p2a: Rotom|Toxic|p1a: the lad\n|-status|p1a: the lad|tox\n|\n|-weather|Sandstorm|[upkeep]\n|-damage|p2a: Rotom|94\/100|[from] Sandstorm\n|-damage|p1a: the lad|20\/100 tox|[from] Sandstorm\n|-heal|p2a: Rotom|100\/100|[from] item: Leftovers\n|-damage|p1a: the lad|14\/100 tox|[from] psn\n|upkeep\n|turn|12\n|\n|move|p2a: Rotom|Defog|p1a: the lad\n|-unboost|p1a: the lad|evasion|1\n|-sideend|p2: Ceosbrifpanzvuqdwy|Stealth Rock|[from] move: Defog|[of] p2a: Rotom\n|move|p1a: the lad|Close Combat|p2a: Rotom\n|-damage|p2a: Rotom|0 fnt\n|-unboost|p1a: the lad|def|1\n|-unboost|p1a: the lad|spd|1\n|faint|p2a: Rotom\n|\n|-weather|none\n|-damage|p1a: the lad|2\/100 tox|[from] psn\n|upkeep\n|\n|switch|p2a: Reuniclus|Reuniclus, F, shiny|100\/100\n|turn|13\n|\n|move|p1a: the lad|Close Combat|p2a: Reuniclus\n|-resisted|p2a: Reuniclus\n|-crit|p2a: Reuniclus\n|-damage|p2a: Reuniclus|21\/100\n|-unboost|p1a: the lad|def|1\n|-unboost|p1a: the lad|spd|1\n|move|p2a: Reuniclus|Future Sight|p1a: the lad\n|-start|p2a: Reuniclus|move: Future Sight\n|\n|-damage|p1a: the lad|0 fnt|[from] psn\n|faint|p1a: the lad\n|upkeep\n|\n|switch|p1a: morny on hain|Reuniclus, M|100\/100\n|turn|14\n|j| Lost Thoughts\n|l| Lost Thoughts\n|inactive|Ceosbrifpanzvuqdwy has 90 seconds left.\n|\n|move|p2a: Reuniclus|Shadow Ball|p1a: morny on hain\n|-supereffective|p1a: morny on hain\n|-damage|p1a: morny on hain|73\/100\n|move|p1a: morny on hain|Knock Off|p2a: Reuniclus\n|-supereffective|p2a: Reuniclus\n|-damage|p2a: Reuniclus|0 fnt\n|-enditem|p2a: Reuniclus|Assault Vest|[from] move: Knock Off|[of] p1a: morny on hain\n|faint|p2a: Reuniclus\n|\n|upkeep\n|\n|switch|p2a: Gigalith|Gigalith, M, shiny|100\/100\n|-weather|Sandstorm|[from] ability: Sand Stream|[of] p2a: Gigalith\n|turn|15\n|\n|switch|p1a: uh oh stinky|Clefairy, F|81\/100\n|move|p2a: Gigalith|Stone Edge|p1a: uh oh stinky\n|-damage|p1a: uh oh stinky|33\/100\n|\n|-weather|Sandstorm|[upkeep]\n|-end|p1a: uh oh stinky|move: Future Sight\n|-damage|p1a: uh oh stinky|0 fnt\n|faint|p1a: uh oh stinky\n|upkeep\n|\n|switch|p1a: baby milas|Gigalith, M|75\/100\n|turn|16\n|\n|move|p1a: baby milas|Protect|p1a: baby milas\n|-singleturn|p1a: baby milas|Protect\n|move|p2a: Gigalith|Stone Edge|p1a: baby milas\n|-activate|p1a: baby milas|move: Protect\n|\n|-weather|Sandstorm|[upkeep]\n|-heal|p1a: baby milas|81\/100|[from] item: Leftovers\n|upkeep\n|turn|17\n|\n|move|p2a: Gigalith|Toxic|p1a: baby milas\n|-status|p1a: baby milas|tox\n|move|p1a: baby milas|Earthquake|p2a: Gigalith\n|-supereffective|p2a: Gigalith\n|-damage|p2a: Gigalith|58\/100\n|\n|-weather|Sandstorm|[upkeep]\n|-heal|p2a: Gigalith|64\/100|[from] item: Leftovers\n|-heal|p1a: baby milas|88\/100 tox|[from] item: Leftovers\n|-damage|p1a: baby milas|81\/100 tox|[from] psn\n|upkeep\n|turn|18\n|\n|move|p2a: Gigalith|Stone Edge|p1a: baby milas\n|-damage|p1a: baby milas|49\/100 tox\n|move|p1a: baby milas|Earthquake|p2a: Gigalith\n|-supereffective|p2a: Gigalith\n|-damage|p2a: Gigalith|21\/100\n|\n|-weather|Sandstorm|[upkeep]\n|-heal|p2a: Gigalith|27\/100|[from] item: Leftovers\n|-heal|p1a: baby milas|55\/100 tox|[from] item: Leftovers\n|-damage|p1a: baby milas|43\/100 tox|[from] psn\n|upkeep\n|turn|19\n|inactive|Ceosbrifpanzvuqdwy has 120 seconds left.\n|\n|move|p1a: baby milas|Earthquake|p2a: Gigalith\n|-supereffective|p2a: Gigalith\n|-damage|p2a: Gigalith|0 fnt\n|faint|p2a: Gigalith\n|\n|-weather|none\n|-heal|p1a: baby milas|49\/100 tox|[from] item: Leftovers\n|-damage|p1a: baby milas|30\/100 tox|[from] psn\n|upkeep\n|\n|switch|p2a: Toxtricity|Toxtricity, F, shiny|100\/100\n|turn|20\n|\n|move|p2a: Toxtricity|Boomburst|p1a: baby milas\n|-resisted|p1a: baby milas\n|-damage|p1a: baby milas|6\/100 tox\n|move|p1a: baby milas|Earthquake|p2a: Toxtricity\n|-supereffective|p2a: Toxtricity\n|-damage|p2a: Toxtricity|0 fnt\n|faint|p2a: Toxtricity\n|\n|win|A\n|raw|A's rating: 1000 &rarr; <strong>1049<\/strong><br \/>(+49 for winning)\n|raw|Ceosbrifpanzvuqdwy's rating: 1080 &rarr; <strong>1053<\/strong><br \/>(-27 for losing)\n","uploadtime":1588577732,"views":2,"p1id":"a","p2id":"ceosbrifpanzvuqdwy","formatid":"gen8uu","rating":1049,"private":0,"password":null}