{"id":"gen8ou-1173232595","p1":"LT73IU Stareal","p2":"relic stone","format":"gen8ou","log":"|raw|<div class=\"broadcast-blue\"><strong>This battle is required to be public due to a player having a name prefixed by 'LT73IU'.<\/div>\n|j|\u2606LT73IU Stareal\n|j|\u2606relic stone\n|t:|1598080551\n|player|p1|LT73IU Stareal|unknown|1878\n|player|p2|relic stone|lusamine-nihilego|1906\n|teamsize|p1|6\n|teamsize|p2|6\n|gametype|singles\n|gen|8\n|tier|[Gen 8] OU\n|rated|\n|clearpoke\n|poke|p1|Hatterene, F|\n|poke|p1|Tyranitar, F|\n|poke|p1|Excadrill, F|\n|poke|p1|Amoonguss, F|\n|poke|p1|Corviknight, F|\n|poke|p1|Comfey, M|\n|poke|p2|Ferrothorn, M|\n|poke|p2|Primarina, M|\n|poke|p2|Rhyperior, M|\n|poke|p2|Aegislash, M|\n|poke|p2|Mandibuzz, F|\n|poke|p2|Darmanitan, M|\n|rule|Sleep Clause Mod: Limit one foe put to sleep\n|rule|Species Clause: Limit one of each Pok\u00e9mon\n|rule|OHKO Clause: OHKO moves are banned\n|rule|Evasion Moves Clause: Evasion moves are banned\n|rule|Endless Battle Clause: Forcing endless battles is banned\n|rule|HP Percentage Mod: HP is shown in percentages\n|rule|Dynamax Clause: You cannot dynamax\n|teampreview\n|j| underw\u262frld\n|j| Jytcampbell\n|c|\u2606relic stone|hf!!\n|j| Aron Ram \u221a\n|c|\u2606LT73IU Stareal|same\n|\n|t:|1598080605\n|start\n|switch|p1a: Amoonguss|Amoonguss, F|100\/100\n|switch|p2a: Mortar|Rhyperior, M|100\/100\n|turn|1\n|\n|t:|1598080615\n|switch|p2a: Temple|Ferrothorn, M|100\/100\n|switch|p1a: Hatterene|Hatterene, F|100\/100\n|\n|upkeep\n|turn|2\n|l| Aron Ram \u221a\n|\n|t:|1598080627\n|move|p1a: Hatterene|Calm Mind|p1a: Hatterene\n|-boost|p1a: Hatterene|spa|1\n|-boost|p1a: Hatterene|spd|1\n|move|p2a: Temple|Knock Off|p1a: Hatterene\n|-damage|p1a: Hatterene|77\/100\n|-enditem|p1a: Hatterene|Leftovers|[from] move: Knock Off|[of] p2a: Temple\n|\n|upkeep\n|turn|3\n|\n|t:|1598080633\n|switch|p2a: Hector|Aegislash, M|100\/100\n|move|p1a: Hatterene|Draining Kiss|p2a: Hector\n|-resisted|p2a: Hector\n|-damage|p2a: Hector|79\/100\n|-heal|p1a: Hatterene|93\/100|[from] drain|[of] p2a: Hector\n|\n|upkeep\n|turn|4\n|j| LT73IU V\n|\n|t:|1598080638\n|switch|p1a: Amoonguss|Amoonguss, F|100\/100\n|-formechange|p2a: Hector|Aegislash-Blade||[from] ability: Stance Change\n|move|p2a: Hector|Flash Cannon|p1a: Amoonguss\n|-damage|p1a: Amoonguss|45\/100\n|\n|upkeep\n|turn|5\n|\n|t:|1598080641\n|switch|p2a: Mortar|Rhyperior, M|100\/100\n|switch|p1a: Excadrill|Excadrill, F|100\/100\n|\n|upkeep\n|turn|6\n|\n|t:|1598080648\n|move|p1a: Excadrill|Toxic|p2a: Mortar\n|-status|p2a: Mortar|tox\n|move|p2a: Mortar|High Horsepower|p1a: Excadrill\n|-supereffective|p1a: Excadrill\n|-damage|p1a: Excadrill|0 fnt\n|faint|p1a: Excadrill\n|\n|-damage|p2a: Mortar|94\/100 tox|[from] psn\n|upkeep\n|\n|t:|1598080655\n|switch|p1a: Comfey|Comfey, M|100\/100\n|turn|7\n|\n|t:|1598080663\n|switch|p1a: Corviknight|Corviknight, F|100\/100\n|-ability|p1a: Corviknight|Pressure\n|switch|p2a: Temple|Ferrothorn, M|100\/100\n|\n|upkeep\n|turn|8\n|\n|t:|1598080672\n|move|p1a: Corviknight|Body Press|p2a: Temple\n|-supereffective|p2a: Temple\n|-damage|p2a: Temple|62\/100\n|-damage|p1a: Corviknight|88\/100|[from] ability: Iron Barbs|[of] p2a: Temple\n|move|p2a: Temple|Knock Off|p1a: Corviknight\n|-damage|p1a: Corviknight|75\/100\n|-enditem|p1a: Corviknight|Shed Shell|[from] move: Knock Off|[of] p2a: Temple\n|\n|-heal|p2a: Temple|68\/100|[from] item: Leftovers\n|upkeep\n|turn|9\n|\n|t:|1598080676\n|switch|p1a: Hatterene|Hatterene, F|93\/100\n|move|p2a: Temple|Leech Seed|p1a: Hatterene\n|move|p1a: Hatterene|Leech Seed|p2a: Temple|[from]Magic Bounce\n|-immune|p2a: Temple\n|\n|-heal|p2a: Temple|74\/100|[from] item: Leftovers\n|upkeep\n|turn|10\n|\n|t:|1598080679\n|switch|p2a: Hector|Aegislash, M|79\/100\n|move|p1a: Hatterene|Mystical Fire|p2a: Hector\n|-supereffective|p2a: Hector\n|-damage|p2a: Hector|24\/100\n|-unboost|p2a: Hector|spa|1\n|\n|upkeep\n|turn|11\n|l| LT73IU V\n|\n|t:|1598080684\n|switch|p1a: Amoonguss|Amoonguss, F|78\/100\n|-formechange|p2a: Hector|Aegislash-Blade||[from] ability: Stance Change\n|move|p2a: Hector|Flash Cannon|p1a: Amoonguss\n|-damage|p1a: Amoonguss|38\/100\n|\n|upkeep\n|turn|12\n|\n|t:|1598080688\n|switch|p1a: Corviknight|Corviknight, F|75\/100\n|-ability|p1a: Corviknight|Pressure\n|move|p2a: Hector|Flash Cannon|p1a: Corviknight\n|-resisted|p1a: Corviknight\n|-damage|p1a: Corviknight|50\/100\n|\n|upkeep\n|turn|13\n|\n|t:|1598080691\n|switch|p2a: Son Goku|Darmanitan, M|100\/100\n|move|p1a: Corviknight|Roost|p1a: Corviknight\n|-heal|p1a: Corviknight|99\/100\n|-singleturn|p1a: Corviknight|move: Roost\n|\n|upkeep\n|turn|14\n|j| God Hates You All\n|\n|t:|1598080695\n|switch|p1a: Tyranitar|Tyranitar, F|100\/100\n|-weather|Sandstorm|[from] ability: Sand Stream|[of] p1a: Tyranitar\n|move|p2a: Son Goku|Flare Blitz|p1a: Tyranitar\n|-resisted|p1a: Tyranitar\n|-damage|p1a: Tyranitar|51\/100\n|-damage|p2a: Son Goku|82\/100|[from] Recoil\n|\n|-weather|Sandstorm|[upkeep]\n|-damage|p2a: Son Goku|75\/100|[from] Sandstorm\n|-heal|p1a: Tyranitar|57\/100|[from] item: Leftovers\n|upkeep\n|turn|15\n|\n|t:|1598080700\n|move|p2a: Son Goku|Superpower|p1a: Tyranitar\n|-supereffective|p1a: Tyranitar\n|-damage|p1a: Tyranitar|0 fnt\n|-unboost|p2a: Son Goku|atk|1\n|-unboost|p2a: Son Goku|def|1\n|-damage|p2a: Son Goku|66\/100|[from] item: Life Orb\n|faint|p1a: Tyranitar\n|\n|-weather|Sandstorm|[upkeep]\n|-damage|p2a: Son Goku|59\/100|[from] Sandstorm\n|upkeep\n|\n|t:|1598080707\n|switch|p1a: Comfey|Comfey, M|100\/100\n|turn|16\n|j| VAMPIRE TOWN\n|\n|t:|1598080711\n|switch|p2a: Temple|Ferrothorn, M|74\/100\n|move|p1a: Comfey|Draining Kiss|p2a: Temple\n|-resisted|p2a: Temple\n|-damage|p2a: Temple|67\/100\n|-damage|p1a: Comfey|88\/100|[from] ability: Iron Barbs|[of] p2a: Temple\n|\n|-weather|Sandstorm|[upkeep]\n|-damage|p1a: Comfey|82\/100|[from] Sandstorm\n|-heal|p2a: Temple|73\/100|[from] item: Leftovers\n|upkeep\n|turn|17\n|\n|t:|1598080714\n|switch|p2a: Son Goku|Darmanitan, M|59\/100\n|move|p1a: Comfey|Taunt|p2a: Son Goku\n|-start|p2a: Son Goku|move: Taunt\n|\n|-weather|Sandstorm|[upkeep]\n|-damage|p2a: Son Goku|53\/100|[from] Sandstorm\n|-damage|p1a: Comfey|75\/100|[from] Sandstorm\n|upkeep\n|turn|18\n|\n|t:|1598080718\n|move|p1a: Comfey|Draining Kiss|p2a: Son Goku\n|-resisted|p2a: Son Goku\n|-damage|p2a: Son Goku|33\/100\n|-heal|p1a: Comfey|94\/100|[from] drain|[of] p2a: Son Goku\n|move|p2a: Son Goku|Flare Blitz|p1a: Comfey\n|-damage|p1a: Comfey|0 fnt\n|-damage|p2a: Son Goku|8\/100|[from] Recoil\n|faint|p1a: Comfey\n|\n|-weather|none\n|upkeep\n|\n|t:|1598080725\n|switch|p1a: Amoonguss|Amoonguss, F|71\/100\n|turn|19\n|j| LT73IU Maxance\n|l| LT73IU Maxance\n|\n|t:|1598080738\n|move|p2a: Son Goku|Flare Blitz|p1a: Amoonguss\n|-supereffective|p1a: Amoonguss\n|-damage|p1a: Amoonguss|0 fnt\n|-damage|p2a: Son Goku|0 fnt|[from] item: Rocky Helmet|[of] p1a: Amoonguss\n|faint|p1a: Amoonguss\n|faint|p2a: Son Goku\n|\n|upkeep\n|c|\u2606relic stone|gg\n|\n|t:|1598080744\n|switch|p2a: Hector|Aegislash, M|24\/100\n|switch|p1a: Corviknight|Corviknight, F|99\/100\n|-ability|p1a: Corviknight|Pressure\n|turn|20\n|\n|t:|1598080748\n|-formechange|p2a: Hector|Aegislash-Blade||[from] ability: Stance Change\n|move|p2a: Hector|Shadow Ball|p1a: Corviknight\n|-damage|p1a: Corviknight|26\/100\n|move|p1a: Corviknight|Brave Bird|p2a: Hector\n|-resisted|p2a: Hector\n|-damage|p2a: Hector|0 fnt\n|-damage|p1a: Corviknight|21\/100|[from] Recoil\n|faint|p2a: Hector\n|\n|upkeep\n|\n|t:|1598080752\n|switch|p2a: Gemariah|Primarina, M|100\/100\n|turn|21\n|\n|t:|1598080756\n|move|p1a: Corviknight|Brave Bird|p2a: Gemariah\n|-damage|p2a: Gemariah|65\/100\n|-damage|p1a: Corviknight|9\/100|[from] Recoil\n|move|p2a: Gemariah|Calm Mind|p2a: Gemariah\n|-boost|p2a: Gemariah|spa|1\n|-boost|p2a: Gemariah|spd|1\n|\n|-heal|p2a: Gemariah|71\/100|[from] item: Leftovers\n|upkeep\n|turn|22\n|\n|t:|1598080760\n|move|p1a: Corviknight|Brave Bird|p2a: Gemariah\n|-damage|p2a: Gemariah|40\/100\n|-damage|p1a: Corviknight|0 fnt|[from] Recoil\n|faint|p1a: Corviknight\n|move|p2a: Gemariah|Calm Mind|p2a: Gemariah\n|-boost|p2a: Gemariah|spa|1\n|-boost|p2a: Gemariah|spd|1\n|\n|-heal|p2a: Gemariah|46\/100|[from] item: Leftovers\n|upkeep\n|\n|t:|1598080763\n|switch|p1a: Hatterene|Hatterene, F|93\/100\n|turn|23\n|\n|t:|1598080766\n|move|p2a: Gemariah|Scald|p1a: Hatterene\n|-damage|p1a: Hatterene|15\/100\n|move|p1a: Hatterene|Psyshock|p2a: Gemariah\n|-damage|p2a: Gemariah|8\/100\n|\n|-heal|p2a: Gemariah|14\/100|[from] item: Leftovers\n|upkeep\n|turn|24\n|c|\u2606LT73IU Stareal|g\n|-message|LT73IU Stareal forfeited.\n|\n|win|relic stone\n|l|\u2606LT73IU Stareal\n|raw|LT73IU Stareal's rating: 1878 &rarr; <strong>1859<\/strong><br \/>(-19 for losing)\n|raw|relic stone's rating: 1906 &rarr; <strong>1924<\/strong><br \/>(+18 for winning)\n|j| Brandie\n","uploadtime":1598080773,"views":188,"p1id":"lt73iustareal","p2id":"relicstone","formatid":"gen8ou","rating":1859,"private":0,"password":null}