{"id":"gen8ou-1666460324","p1":"jeandonis02","p2":"Sawkuro","format":"gen8ou","log":"|j|\u2606jeandonis02\n|j|\u2606Sawkuro\n|t:|1663412915\n|gametype|singles\n|player|p1|jeandonis02|lucas|1758\n|player|p2|Sawkuro|hugh|1866\n|teamsize|p1|6\n|teamsize|p2|6\n|gen|8\n|tier|[Gen 8] OU\n|rated|\n|rule|Sleep Clause Mod: Limit one foe put to sleep\n|rule|Species Clause: Limit one of each Pok\u00e9mon\n|rule|OHKO Clause: OHKO moves are banned\n|rule|Evasion Items Clause: Evasion items are banned\n|rule|Evasion Moves Clause: Evasion moves are banned\n|rule|Endless Battle Clause: Forcing endless battles is banned\n|rule|HP Percentage Mod: HP is shown in percentages\n|rule|Dynamax Clause: You cannot dynamax\n|clearpoke\n|poke|p1|Zeraora|\n|poke|p1|Toxapex, M|\n|poke|p1|Garchomp, F|\n|poke|p1|Rotom-Wash|\n|poke|p1|Ferrothorn, M|\n|poke|p1|Charizard, F|\n|poke|p2|Excadrill, M|\n|poke|p2|Scizor, M|\n|poke|p2|Garchomp, F|\n|poke|p2|Kartana|\n|poke|p2|Blaziken, M|\n|poke|p2|Volcanion|\n|teampreview\n|inactive|Battle timer is ON: inactive players will automatically lose when time's up. (requested by Sawkuro)\n|j| 0WithdrawalSyndrom\n|\n|t:|1663412921\n|start\n|switch|p1a: Garchomp|Garchomp, F|100\/100\n|switch|p2a: Excadrill|Excadrill, M|100\/100\n|-ability|p2a: Excadrill|Mold Breaker\n|turn|1\n|j| Chiwis Del Norte\n|\n|t:|1663412938\n|move|p1a: Garchomp|Earthquake|p2a: Excadrill\n|-supereffective|p2a: Excadrill\n|-enditem|p2a: Excadrill|Focus Sash\n|-damage|p2a: Excadrill|1\/100\n|move|p2a: Excadrill|Stealth Rock|p1a: Garchomp\n|-sidestart|p1: jeandonis02|move: Stealth Rock\n|\n|upkeep\n|turn|2\n|\n|t:|1663412948\n|move|p1a: Garchomp|Earthquake|p2a: Excadrill\n|-supereffective|p2a: Excadrill\n|-damage|p2a: Excadrill|0 fnt\n|faint|p2a: Excadrill\n|\n|upkeep\n|\n|t:|1663412951\n|switch|p2a: Blaziken|Blaziken, M|100\/100\n|-item|p2a: Blaziken|Air Balloon\n|turn|3\n|\n|t:|1663412955\n|switch|p1a: Rotom|Rotom-Wash|100\/100\n|-damage|p1a: Rotom|88\/100|[from] Stealth Rock\n|move|p2a: Blaziken|Swords Dance|p2a: Blaziken\n|-boost|p2a: Blaziken|atk|2\n|\n|-heal|p1a: Rotom|94\/100|[from] item: Leftovers\n|-ability|p2a: Blaziken|Speed Boost|boost\n|-boost|p2a: Blaziken|spe|1\n|upkeep\n|turn|4\n|\n|t:|1663412957\n|move|p2a: Blaziken|Close Combat|p1a: Rotom\n|-damage|p1a: Rotom|0 fnt\n|-unboost|p2a: Blaziken|def|1\n|-unboost|p2a: Blaziken|spd|1\n|faint|p1a: Rotom\n|\n|-ability|p2a: Blaziken|Speed Boost|boost\n|-boost|p2a: Blaziken|spe|1\n|upkeep\n|\n|t:|1663412964\n|switch|p1a: Toxapex|Toxapex, M|100\/100\n|-damage|p1a: Toxapex|88\/100|[from] Stealth Rock\n|turn|5\n|\n|t:|1663412972\n|switch|p2a: Volcanion|Volcanion|100\/100\n|move|p1a: Toxapex|Haze|p1a: Toxapex\n|-clearallboost\n|\n|-heal|p1a: Toxapex|94\/100|[from] item: Black Sludge\n|upkeep\n|turn|6\n|\n|t:|1663412976\n|switch|p2a: Garchomp|Garchomp, F|100\/100\n|move|p1a: Toxapex|Toxic|p2a: Garchomp\n|-status|p2a: Garchomp|tox\n|\n|-heal|p1a: Toxapex|100\/100|[from] item: Black Sludge\n|-damage|p2a: Garchomp|94\/100 tox|[from] psn\n|upkeep\n|turn|7\n|\n|t:|1663412980\n|move|p2a: Garchomp|Swords Dance|p2a: Garchomp\n|-boost|p2a: Garchomp|atk|2\n|move|p1a: Toxapex|Haze|p1a: Toxapex\n|-clearallboost\n|\n|-damage|p2a: Garchomp|82\/100 tox|[from] psn\n|upkeep\n|turn|8\n|\n|t:|1663412982\n|switch|p1a: Ferrothorn|Ferrothorn, M|100\/100\n|-damage|p1a: Ferrothorn|94\/100|[from] Stealth Rock\n|move|p2a: Garchomp|Earthquake|p1a: Ferrothorn\n|-damage|p1a: Ferrothorn|58\/100\n|\n|-damage|p2a: Garchomp|64\/100 tox|[from] psn\n|upkeep\n|turn|9\n|\n|t:|1663412986\n|move|p2a: Garchomp|Fire Fang|p1a: Ferrothorn\n|-supereffective|p1a: Ferrothorn\n|-damage|p1a: Ferrothorn|4\/100\n|-damage|p2a: Garchomp|51\/100 tox|[from] ability: Iron Barbs|[of] p1a: Ferrothorn\n|-damage|p2a: Garchomp|35\/100 tox|[from] item: Rocky Helmet|[of] p1a: Ferrothorn\n|move|p1a: Ferrothorn|Stealth Rock|p2a: Garchomp\n|-sidestart|p2: Sawkuro|move: Stealth Rock\n|\n|-damage|p2a: Garchomp|10\/100 tox|[from] psn\n|upkeep\n|turn|10\n|\n|t:|1663412991\n|move|p2a: Garchomp|Scale Shot|p1a: Ferrothorn\n|-resisted|p1a: Ferrothorn\n|-damage|p1a: Ferrothorn|0 fnt\n|faint|p1a: Ferrothorn\n|-hitcount|p1: Ferrothorn|1\n|-unboost|p2a: Garchomp|def|1\n|-boost|p2a: Garchomp|spe|1\n|\n|-damage|p2a: Garchomp|0 fnt|[from] psn\n|faint|p2a: Garchomp\n|upkeep\n|\n|t:|1663413008\n|switch|p2a: Volcanion|Volcanion|100\/100\n|switch|p1a: Zeraora|Zeraora|100\/100\n|-damage|p1a: Zeraora|88\/100|[from] Stealth Rock\n|-damage|p2a: Volcanion|76\/100|[from] Stealth Rock\n|turn|11\n|\n|t:|1663413011\n|switch|p2a: Kartana|Kartana|100\/100\n|-damage|p2a: Kartana|94\/100|[from] Stealth Rock\n|move|p1a: Zeraora|Plasma Fists|p2a: Kartana\n|-resisted|p2a: Kartana\n|-damage|p2a: Kartana|76\/100\n|-fieldactivate|move: Ion Deluge\n|-hint|Normal-type moves become Electric-type after using Plasma Fists.\n|-damage|p1a: Zeraora|72\/100|[from] item: Rocky Helmet|[of] p2a: Kartana\n|\n|upkeep\n|turn|12\n|\n|t:|1663413022\n|switch|p1a: Toxapex|Toxapex, M|100\/100\n|-damage|p1a: Toxapex|88\/100|[from] Stealth Rock\n|move|p2a: Kartana|Swords Dance|p2a: Kartana\n|-boost|p2a: Kartana|atk|2\n|\n|-heal|p1a: Toxapex|94\/100|[from] item: Black Sludge\n|upkeep\n|turn|13\n|\n|t:|1663413026\n|move|p2a: Kartana|Leaf Blade|p1a: Toxapex\n|-damage|p1a: Toxapex|20\/100\n|move|p1a: Toxapex|Haze|p1a: Toxapex\n|-clearallboost\n|\n|-heal|p1a: Toxapex|26\/100|[from] item: Black Sludge\n|upkeep\n|turn|14\n|\n|t:|1663413030\n|move|p2a: Kartana|Leaf Blade|p1a: Toxapex\n|-crit|p1a: Toxapex\n|-damage|p1a: Toxapex|0 fnt\n|faint|p1a: Toxapex\n|-ability|p2a: Kartana|Beast Boost|boost\n|-boost|p2a: Kartana|spe|1\n|\n|upkeep\n|\n|t:|1663413034\n|switch|p1a: Garchomp|Garchomp, F|100\/100\n|-damage|p1a: Garchomp|94\/100|[from] Stealth Rock\n|turn|15\n|inactive|Sawkuro has 120 seconds left.\n|\n|t:|1663413065\n|move|p2a: Kartana|Leaf Blade|p1a: Garchomp\n|-damage|p1a: Garchomp|52\/100\n|-damage|p2a: Kartana|63\/100|[from] ability: Rough Skin|[of] p1a: Garchomp\n|move|p1a: Garchomp|Outrage|p2a: Kartana\n|-resisted|p2a: Kartana\n|-damage|p2a: Kartana|22\/100\n|-damage|p1a: Garchomp|36\/100|[from] item: Rocky Helmet|[of] p2a: Kartana\n|\n|upkeep\n|turn|16\n|\n|t:|1663413070\n|move|p2a: Kartana|Leaf Blade|p1a: Garchomp\n|-damage|p1a: Garchomp|0 fnt\n|-damage|p2a: Kartana|10\/100|[from] ability: Rough Skin|[of] p1a: Garchomp\n|faint|p1a: Garchomp\n|-ability|p2a: Kartana|Beast Boost|boost\n|-boost|p2a: Kartana|spe|1\n|\n|upkeep\n|\n|t:|1663413075\n|switch|p1a: Charizard|Charizard, F|100\/100\n|-damage|p1a: Charizard|50\/100|[from] Stealth Rock\n|-enditem|p1a: Charizard|Sitrus Berry|[eat]\n|-heal|p1a: Charizard|75\/100|[from] item: Sitrus Berry\n|turn|17\n|\n|t:|1663413077\n|move|p2a: Kartana|Knock Off|p1a: Charizard\n|-damage|p1a: Charizard|47\/100\n|move|p1a: Charizard|Roost|p1a: Charizard\n|-heal|p1a: Charizard|97\/100\n|-singleturn|p1a: Charizard|move: Roost\n|\n|upkeep\n|turn|18\n|\n|t:|1663413088\n|move|p2a: Kartana|Swords Dance|p2a: Kartana\n|-boost|p2a: Kartana|atk|2\n|move|p1a: Charizard|Flame Charge|p2a: Kartana\n|-supereffective|p2a: Kartana\n|-damage|p2a: Kartana|0 fnt\n|-boost|p1a: Charizard|spe|1\n|-damage|p1a: Charizard|81\/100|[from] item: Rocky Helmet|[of] p2a: Kartana\n|faint|p2a: Kartana\n|\n|upkeep\n|\n|t:|1663413108\n|switch|p2a: Volcanion|Volcanion|76\/100\n|-damage|p2a: Volcanion|51\/100|[from] Stealth Rock\n|turn|19\n|\n|t:|1663413111\n|move|p1a: Charizard|Acrobatics|p2a: Volcanion\n|-damage|p2a: Volcanion|16\/100\n|move|p2a: Volcanion|Steam Eruption|p1a: Charizard\n|-supereffective|p1a: Charizard\n|-damage|p1a: Charizard|0 fnt\n|faint|p1a: Charizard\n|\n|upkeep\n|\n|t:|1663413113\n|switch|p1a: Zeraora|Zeraora|72\/100\n|-damage|p1a: Zeraora|59\/100|[from] Stealth Rock\n|turn|20\n|\n|t:|1663413115\n|move|p1a: Zeraora|Plasma Fists|p2a: Volcanion\n|-supereffective|p2a: Volcanion\n|-damage|p2a: Volcanion|0 fnt\n|-fieldactivate|move: Ion Deluge\n|-hint|Normal-type moves become Electric-type after using Plasma Fists.\n|faint|p2a: Volcanion\n|\n|upkeep\n|\n|t:|1663413117\n|switch|p2a: Blaziken|Blaziken, M|100\/100\n|-damage|p2a: Blaziken|88\/100|[from] Stealth Rock\n|-item|p2a: Blaziken|Air Balloon\n|turn|21\n|\n|t:|1663413122\n|move|p2a: Blaziken|Protect|p2a: Blaziken\n|-singleturn|p2a: Blaziken|Protect\n|move|p1a: Zeraora|Plasma Fists|p2a: Blaziken\n|-activate|p2a: Blaziken|move: Protect\n|\n|-ability|p2a: Blaziken|Speed Boost|boost\n|-boost|p2a: Blaziken|spe|1\n|upkeep\n|turn|22\n|j| Rovecraetove\n|\n|t:|1663413126\n|move|p2a: Blaziken|Close Combat|p1a: Zeraora\n|-damage|p1a: Zeraora|0 fnt\n|-unboost|p2a: Blaziken|def|1\n|-unboost|p2a: Blaziken|spd|1\n|faint|p1a: Zeraora\n|\n|win|Sawkuro\n|raw|jeandonis02's rating: 1758 &rarr; <strong>1744<\/strong><br \/>(-14 for losing)\n|raw|Sawkuro's rating: 1866 &rarr; <strong>1880<\/strong><br \/>(+14 for winning)\n|l|\u2606jeandonis02\n|l|\u2606Sawkuro\n","uploadtime":1663413133,"views":46,"p1id":"jeandonis02","p2id":"sawkuro","formatid":"gen8ou","rating":1744,"private":0,"password":null}