{"id":"gen8ru-1045558738","p1":"All thighs on me","p2":"mongwong","format":"gen8ru","log":"|j|\u2606All thighs on me\n|j|\u2606mongwong\n|player|p1|All thighs on me|96|1177\n|player|p2|mongwong|silver|1206\n|teamsize|p1|6\n|teamsize|p2|6\n|gametype|singles\n|gen|8\n|tier|[Gen 8] RU\n|rated|\n|clearpoke\n|poke|p1|Cinccino, F|\n|poke|p1|Jolteon, M|\n|poke|p1|Gallade, M|\n|poke|p1|Piloswine, M|\n|poke|p1|Eldegoss, F|\n|poke|p1|Vanilluxe, M|\n|poke|p2|Perrserker, F|\n|poke|p2|Dusclops, M|\n|poke|p2|Machamp, M|\n|poke|p2|Cursola, F|\n|poke|p2|Whimsicott, F|\n|poke|p2|Mr. Rime, F|\n|rule|Sleep Clause Mod: Limit one foe put to sleep\n|rule|Species Clause: Limit one of each Pok\u00e9mon\n|rule|OHKO Clause: OHKO moves are banned\n|rule|Evasion Moves Clause: Evasion moves are banned\n|rule|Endless Battle Clause: Forcing endless battles is banned\n|rule|HP Percentage Mod: HP is shown in percentages\n|rule|Dynamax Clause: You cannot dynamax\n|teampreview\n|\n|start\n|switch|p1a: Jolteon|Jolteon, M|100\/100\n|switch|p2a: Whimsicott|Whimsicott, F|100\/100\n|turn|1\n|\n|move|p1a: Jolteon|Volt Switch|p2a: Whimsicott\n|-resisted|p2a: Whimsicott\n|-damage|p2a: Whimsicott|65\/100\n|\n|switch|p1a: Eldegoss|Eldegoss, F|100\/100|[from]move: Volt Switch\n|move|p2a: Whimsicott|Trick Room|p2a: Whimsicott\n|-fieldstart|move: Trick Room|[of] p2a: Whimsicott\n|\n|upkeep\n|turn|2\n|\n|move|p1a: Eldegoss|Rapid Spin|p2a: Whimsicott\n|-crit|p2a: Whimsicott\n|-damage|p2a: Whimsicott|59\/100\n|-boost|p1a: Eldegoss|spe|1\n|move|p2a: Whimsicott|U-turn|p1a: Eldegoss\n|-supereffective|p1a: Eldegoss\n|-damage|p1a: Eldegoss|72\/100\n|-ability|p1a: Eldegoss|Cotton Down\n|-unboost|p2a: Whimsicott|spe|1\n|\n|switch|p2a: Machamp|Machamp, M|100\/100|[from]move: U-turn\n|\n|-heal|p1a: Eldegoss|78\/100|[from] item: Leftovers\n|-status|p2a: Machamp|brn|[from] item: Flame Orb\n|upkeep\n|turn|3\n|\n|move|p2a: Machamp|Facade|p1a: Eldegoss\n|-damage|p1a: Eldegoss|0 fnt\n|-ability|p1a: Eldegoss|Cotton Down\n|-unboost|p2a: Machamp|spe|1\n|faint|p1a: Eldegoss\n|\n|-damage|p2a: Machamp|94\/100 brn|[from] brn\n|upkeep\n|inactive|Battle timer is ON: inactive players will automatically lose when time's up. (requested by mongwong)\n|\n|switch|p1a: Piloswine|Piloswine, M|100\/100\n|turn|4\n|\n|move|p2a: Machamp|Close Combat|p1a: Piloswine\n|-supereffective|p1a: Piloswine\n|-crit|p1a: Piloswine\n|-damage|p1a: Piloswine|0 fnt\n|-unboost|p2a: Machamp|def|1\n|-unboost|p2a: Machamp|spd|1\n|faint|p1a: Piloswine\n|\n|-damage|p2a: Machamp|88\/100 brn|[from] brn\n|upkeep\n|\n|switch|p1a: Cinccino|Cinccino, F|100\/100\n|turn|5\n|\n|move|p2a: Machamp|Close Combat|p1a: Cinccino\n|-supereffective|p1a: Cinccino\n|-damage|p1a: Cinccino|0 fnt\n|-unboost|p2a: Machamp|def|1\n|-unboost|p2a: Machamp|spd|1\n|faint|p1a: Cinccino\n|\n|-damage|p2a: Machamp|82\/100 brn|[from] brn\n|-fieldend|move: Trick Room\n|upkeep\n|\n|switch|p1a: Vanilluxe|Vanilluxe, M|100\/100\n|-weather|Hail|[from] ability: Snow Warning|[of] p1a: Vanilluxe\n|turn|6\n|\n|switch|p2a: Dusclops|Dusclops, M|100\/100\n|-ability|p2a: Dusclops|Pressure\n|move|p1a: Vanilluxe|Blizzard|p2a: Dusclops\n|-damage|p2a: Dusclops|78\/100\n|\n|-weather|Hail|[upkeep]\n|-damage|p2a: Dusclops|72\/100|[from] Hail\n|upkeep\n|turn|7\n|\n|move|p1a: Vanilluxe|Blizzard|p2a: Dusclops\n|-damage|p2a: Dusclops|48\/100\n|move|p2a: Dusclops|Trick Room|p2a: Dusclops\n|-fieldstart|move: Trick Room|[of] p2a: Dusclops\n|\n|-weather|Hail|[upkeep]\n|-damage|p2a: Dusclops|42\/100|[from] Hail\n|upkeep\n|turn|8\n|\n|switch|p2a: Perrserker|Perrserker, F|100\/100\n|move|p1a: Vanilluxe|Blizzard|p2a: Perrserker\n|-resisted|p2a: Perrserker\n|-damage|p2a: Perrserker|64\/100\n|-status|p2a: Perrserker|frz\n|\n|-weather|Hail|[upkeep]\n|-damage|p2a: Perrserker|58\/100 frz|[from] Hail\n|upkeep\n|turn|9\n|\n|cant|p2a: Perrserker|frz\n|move|p1a: Vanilluxe|Blizzard|p2a: Perrserker\n|-resisted|p2a: Perrserker\n|-damage|p2a: Perrserker|19\/100 frz\n|\n|-weather|Hail|[upkeep]\n|-damage|p2a: Perrserker|13\/100 frz|[from] Hail\n|upkeep\n|turn|10\n|\n|switch|p1a: Jolteon|Jolteon, M|100\/100\n|cant|p2a: Perrserker|frz\n|\n|-weather|none\n|upkeep\n|turn|11\n|\n|-curestatus|p2a: Perrserker|frz|[msg]\n|move|p2a: Perrserker|Close Combat|p1a: Jolteon\n|-damage|p1a: Jolteon|0 fnt\n|-unboost|p2a: Perrserker|def|1\n|-unboost|p2a: Perrserker|spd|1\n|faint|p1a: Jolteon\n|\n|-fieldend|move: Trick Room\n|upkeep\n|\n|switch|p1a: Vanilluxe|Vanilluxe, M|100\/100\n|-weather|Hail|[from] ability: Snow Warning|[of] p1a: Vanilluxe\n|turn|12\n|\n|move|p1a: Vanilluxe|Blizzard|p2a: Perrserker\n|-resisted|p2a: Perrserker\n|-damage|p2a: Perrserker|0 fnt\n|faint|p2a: Perrserker\n|\n|-weather|Hail|[upkeep]\n|upkeep\n|\n|switch|p2a: Machamp|Machamp, M|82\/100 brn\n|turn|13\n|\n|move|p1a: Vanilluxe|Blizzard|p2a: Machamp\n|-damage|p2a: Machamp|17\/100 brn\n|move|p2a: Machamp|Close Combat|p1a: Vanilluxe\n|-supereffective|p1a: Vanilluxe\n|-damage|p1a: Vanilluxe|0 fnt\n|-unboost|p2a: Machamp|def|1\n|-unboost|p2a: Machamp|spd|1\n|faint|p1a: Vanilluxe\n|\n|-weather|Hail|[upkeep]\n|-damage|p2a: Machamp|10\/100 brn|[from] Hail\n|-damage|p2a: Machamp|4\/100 brn|[from] brn\n|upkeep\n|\n|switch|p1a: Gallade|Gallade, M|100\/100\n|turn|14\n|\n|move|p1a: Gallade|Knock Off|p2a: Machamp\n|-resisted|p2a: Machamp\n|-damage|p2a: Machamp|0 fnt\n|-enditem|p2a: Machamp|Flame Orb|[from] move: Knock Off|[of] p1a: Gallade\n|faint|p2a: Machamp\n|\n|-weather|Hail|[upkeep]\n|-damage|p1a: Gallade|94\/100|[from] Hail\n|upkeep\n|\n|switch|p2a: Dusclops|Dusclops, M|42\/100\n|-ability|p2a: Dusclops|Pressure\n|turn|15\n|\n|move|p1a: Gallade|Knock Off|p2a: Dusclops\n|-supereffective|p2a: Dusclops\n|-damage|p2a: Dusclops|0 fnt\n|-enditem|p2a: Dusclops|Eviolite|[from] move: Knock Off|[of] p1a: Gallade\n|faint|p2a: Dusclops\n|\n|-weather|Hail|[upkeep]\n|-damage|p1a: Gallade|88\/100|[from] Hail\n|upkeep\n|\n|switch|p2a: Mr. Rime|Mr. Rime, F|100\/100\n|turn|16\n|\n|move|p1a: Gallade|Knock Off|p2a: Mr. Rime\n|-supereffective|p2a: Mr. Rime\n|-damage|p2a: Mr. Rime|9\/100\n|-enditem|p2a: Mr. Rime|Heavy-Duty Boots|[from] move: Knock Off|[of] p1a: Gallade\n|move|p2a: Mr. Rime|Psychic|p1a: Gallade\n|-damage|p1a: Gallade|62\/100\n|\n|-weather|none\n|upkeep\n|turn|17\n|\n|move|p1a: Gallade|Knock Off|p2a: Mr. Rime\n|-supereffective|p2a: Mr. Rime\n|-damage|p2a: Mr. Rime|0 fnt\n|faint|p2a: Mr. Rime\n|\n|upkeep\n|\n|switch|p2a: Whimsicott|Whimsicott, F|59\/100\n|turn|18\n|\n|move|p1a: Gallade|Zen Headbutt|p2a: Whimsicott\n|-crit|p2a: Whimsicott\n|-damage|p2a: Whimsicott|0 fnt\n|faint|p2a: Whimsicott\n|\n|upkeep\n|\n|switch|p2a: Cursola|Cursola, F|100\/100\n|turn|19\n|\n|move|p1a: Gallade|Knock Off|p2a: Cursola\n|-supereffective|p2a: Cursola\n|-damage|p2a: Cursola|0 fnt\n|-ability|p2a: Cursola|Perish Body\n|-start|p2a: Cursola|perish3\n|-start|p1a: Gallade|perish3\n|-enditem|p2a: Cursola|Choice Specs|[from] move: Knock Off|[of] p1a: Gallade\n|faint|p2a: Cursola\n|\n|win|All thighs on me\n|l|\u2606mongwong\n|raw|All thighs on me's rating: 1177 &rarr; <strong>1203<\/strong><br \/>(+26 for winning)\n|raw|mongwong's rating: 1192 &rarr; <strong>1166<\/strong><br \/>(-26 for losing)\n","uploadtime":1578921179,"views":14,"p1id":"allthighsonme","p2id":"mongwong","formatid":"gen8ru","rating":1166,"private":0,"password":null}