{"id":"gen8randombattle-1635929676","p1":"xilies","p2":"Draco09876","format":"gen8randombattle","log":"|j|\u2606xilies\n|j|\u2606Draco09876\n|t:|1660068291\n|gametype|singles\n|player|p1|xilies|gambler|1587\n|player|p2|Draco09876|169|1574\n|teamsize|p1|6\n|teamsize|p2|6\n|gen|8\n|tier|[Gen 8] Random Battle\n|rated|\n|rule|Species Clause: Limit one of each Pok\u00e9mon\n|rule|HP Percentage Mod: HP is shown in percentages\n|rule|Sleep Clause Mod: Limit one foe put to sleep\n|\n|t:|1660068291\n|start\n|switch|p1a: Dusknoir|Dusknoir, L86, F|218\/218\n|switch|p2a: Mamoswine|Mamoswine, L80, F|307\/307\n|-item|p2a: Mamoswine|Choice Band|[from] ability: Frisk|[of] p1a: Dusknoir|[identify]\n|turn|1\n|inactive|Battle timer is ON: inactive players will automatically lose when time's up. (requested by Draco09876)\n|c|\u2606Draco09876|\/\/randombats\n|inactive|Draco09876 has 120 seconds left.\n|\n|t:|1660068330\n|move|p2a: Mamoswine|Knock Off|p1a: Dusknoir\n|-supereffective|p1a: Dusknoir\n|-damage|p1a: Dusknoir|38\/218\n|-enditem|p1a: Dusknoir|Choice Band|[from] move: Knock Off|[of] p2a: Mamoswine\n|move|p1a: Dusknoir|Poltergeist|p2a: Mamoswine\n|-activate|p2a: Mamoswine|move: Poltergeist|Choice Band\n|-damage|p2a: Mamoswine|171\/307\n|\n|upkeep\n|turn|2\n|\n|t:|1660068340\n|move|p2a: Mamoswine|Knock Off|p1a: Dusknoir\n|-supereffective|p1a: Dusknoir\n|-damage|p1a: Dusknoir|0 fnt\n|faint|p1a: Dusknoir\n|\n|upkeep\n|\n|t:|1660068344\n|switch|p1a: Toxicroak|Toxicroak, L84, F|277\/277\n|turn|3\n|\n|t:|1660068369\n|switch|p2a: Magearna|Magearna-Original, L76|247\/247\n|move|p1a: Toxicroak|Swords Dance|p1a: Toxicroak\n|-boost|p1a: Toxicroak|atk|2\n|\n|upkeep\n|turn|4\n|\n|t:|1660068378\n|move|p1a: Toxicroak|Drain Punch|p2a: Magearna\n|-damage|p2a: Magearna|87\/247\n|move|p2a: Magearna|Agility|p2a: Magearna\n|-boost|p2a: Magearna|spe|2\n|\n|-heal|p2a: Magearna|102\/247|[from] item: Leftovers\n|upkeep\n|turn|5\n|\n|t:|1660068385\n|move|p2a: Magearna|Fleur Cannon|p1a: Toxicroak\n|-damage|p1a: Toxicroak|99\/277\n|-unboost|p2a: Magearna|spa|2\n|move|p1a: Toxicroak|Drain Punch|p2a: Magearna\n|-damage|p2a: Magearna|0 fnt\n|-heal|p1a: Toxicroak|150\/277|[from] drain|[of] p2a: Magearna\n|faint|p2a: Magearna\n|\n|-heal|p1a: Toxicroak|167\/277|[from] item: Black Sludge\n|upkeep\n|inactive|Draco09876 has 120 seconds left.\n|\n|t:|1660068428\n|switch|p2a: Grapploct|Grapploct, L86, F|278\/278\n|turn|6\n|\n|t:|1660068443\n|move|p1a: Toxicroak|Gunk Shot|p2a: Grapploct\n|-damage|p2a: Grapploct|20\/278\n|move|p2a: Grapploct|Bulk Up|p2a: Grapploct\n|-boost|p2a: Grapploct|atk|1\n|-boost|p2a: Grapploct|def|1\n|\n|-heal|p1a: Toxicroak|184\/277|[from] item: Black Sludge\n|upkeep\n|turn|7\n|\n|t:|1660068449\n|move|p1a: Toxicroak|Drain Punch|p2a: Grapploct\n|-damage|p2a: Grapploct|0 fnt\n|-heal|p1a: Toxicroak|194\/277|[from] drain|[of] p2a: Grapploct\n|faint|p2a: Grapploct\n|\n|-heal|p1a: Toxicroak|211\/277|[from] item: Black Sludge\n|upkeep\n|\n|t:|1660068451\n|switch|p2a: Slowking|Slowking, L86, M|304\/304\n|turn|8\n|\n|t:|1660068457\n|move|p1a: Toxicroak|Gunk Shot|p2a: Slowking|[miss]\n|-miss|p1a: Toxicroak|p2a: Slowking\n|move|p2a: Slowking|Future Sight|p1a: Toxicroak\n|-start|p2a: Slowking|move: Future Sight\n|\n|-heal|p1a: Toxicroak|228\/277|[from] item: Black Sludge\n|upkeep\n|turn|9\n|\n|t:|1660068464\n|switch|p2a: Aggron|Aggron, L85, M|258\/258\n|-item|p2a: Aggron|Air Balloon\n|move|p1a: Toxicroak|Gunk Shot|p2a: Aggron\n|-immune|p2a: Aggron\n|\n|-heal|p1a: Toxicroak|245\/277|[from] item: Black Sludge\n|upkeep\n|turn|10\n|\n|t:|1660068477\n|switch|p1a: Jellicent|Jellicent, L84, F|305\/305\n|switch|p2a: Slowking|Slowking, L86, M|304\/304\n|\n|-end|p1a: Jellicent|move: Future Sight\n|-damage|p1a: Jellicent|193\/305\n|-heal|p1a: Jellicent|212\/305|[from] item: Leftovers\n|upkeep\n|turn|11\n|\n|t:|1660068484\n|move|p1a: Jellicent|Shadow Ball|p2a: Slowking\n|-supereffective|p2a: Slowking\n|-damage|p2a: Slowking|184\/304\n|move|p2a: Slowking|Future Sight|p1a: Jellicent\n|-start|p2a: Slowking|move: Future Sight\n|\n|-heal|p1a: Jellicent|231\/305|[from] item: Leftovers\n|-heal|p2a: Slowking|203\/304|[from] item: Leftovers\n|upkeep\n|turn|12\n|\n|t:|1660068489\n|move|p1a: Jellicent|Shadow Ball|p2a: Slowking\n|-supereffective|p2a: Slowking\n|-damage|p2a: Slowking|71\/304\n|move|p2a: Slowking|Teleport|p2a: Slowking\n|\n|t:|1660068493\n|switch|p2a: Vikavolt|Vikavolt, L82, F|260\/260\n|\n|-heal|p1a: Jellicent|250\/305|[from] item: Leftovers\n|upkeep\n|turn|13\n|\n|t:|1660068498\n|switch|p1a: Alcremie|Alcremie, L86, F|252\/252\n|move|p2a: Vikavolt|Sticky Web|p1a: Alcremie\n|-sidestart|p1: xilies|move: Sticky Web\n|\n|-end|p1a: Alcremie|move: Future Sight\n|-damage|p1a: Alcremie|147\/252\n|-heal|p1a: Alcremie|162\/252|[from] item: Leftovers\n|upkeep\n|turn|14\n|\n|t:|1660068503\n|move|p1a: Alcremie|Mystical Fire|p2a: Vikavolt\n|-supereffective|p2a: Vikavolt\n|-damage|p2a: Vikavolt|120\/260\n|-unboost|p2a: Vikavolt|spa|1\n|move|p2a: Vikavolt|Thunderbolt|p1a: Alcremie\n|-damage|p1a: Alcremie|93\/252\n|-status|p1a: Alcremie|par\n|\n|-heal|p1a: Alcremie|108\/252 par|[from] item: Leftovers\n|upkeep\n|turn|15\n|\n|t:|1660068512\n|move|p2a: Vikavolt|Roost|p2a: Vikavolt\n|-heal|p2a: Vikavolt|250\/260\n|-singleturn|p2a: Vikavolt|move: Roost\n|move|p1a: Alcremie|Mystical Fire|p2a: Vikavolt\n|-supereffective|p2a: Vikavolt\n|-damage|p2a: Vikavolt|100\/260\n|-unboost|p2a: Vikavolt|spa|1\n|\n|-heal|p1a: Alcremie|123\/252 par|[from] item: Leftovers\n|upkeep\n|turn|16\n|\n|t:|1660068516\n|move|p2a: Vikavolt|Roost|p2a: Vikavolt\n|-heal|p2a: Vikavolt|230\/260\n|-singleturn|p2a: Vikavolt|move: Roost\n|move|p1a: Alcremie|Mystical Fire|p2a: Vikavolt\n|-supereffective|p2a: Vikavolt\n|-damage|p2a: Vikavolt|92\/260\n|-unboost|p2a: Vikavolt|spa|1\n|\n|-heal|p1a: Alcremie|138\/252 par|[from] item: Leftovers\n|upkeep\n|turn|17\n|\n|t:|1660068522\n|switch|p1a: Toxicroak|Toxicroak, L84, F|245\/277\n|-activate|p1a: Toxicroak|move: Sticky Web\n|-unboost|p1a: Toxicroak|spe|1\n|move|p2a: Vikavolt|Roost|p2a: Vikavolt\n|-heal|p2a: Vikavolt|222\/260\n|-singleturn|p2a: Vikavolt|move: Roost\n|\n|-heal|p1a: Toxicroak|262\/277|[from] item: Black Sludge\n|upkeep\n|turn|18\n|\n|t:|1660068533\n|switch|p2a: Slowking|Slowking, L86, M|172\/304\n|move|p1a: Toxicroak|Substitute|p1a: Toxicroak\n|-start|p1a: Toxicroak|Substitute\n|-damage|p1a: Toxicroak|193\/277\n|\n|-heal|p1a: Toxicroak|210\/277|[from] item: Black Sludge\n|-heal|p2a: Slowking|191\/304|[from] item: Leftovers\n|upkeep\n|turn|19\n|\n|t:|1660068540\n|move|p1a: Toxicroak|Swords Dance|p1a: Toxicroak\n|-boost|p1a: Toxicroak|atk|2\n|move|p2a: Slowking|Future Sight|p1a: Toxicroak\n|-start|p2a: Slowking|move: Future Sight\n|\n|-heal|p1a: Toxicroak|227\/277|[from] item: Black Sludge\n|-heal|p2a: Slowking|210\/304|[from] item: Leftovers\n|upkeep\n|turn|20\n|\n|t:|1660068545\n|switch|p2a: Aggron|Aggron, L85, M|258\/258\n|-item|p2a: Aggron|Air Balloon\n|move|p1a: Toxicroak|Gunk Shot|p2a: Aggron\n|-immune|p2a: Aggron\n|\n|-heal|p1a: Toxicroak|244\/277|[from] item: Black Sludge\n|upkeep\n|turn|21\n|\n|t:|1660068556\n|switch|p2a: Slowking|Slowking, L86, M|304\/304\n|move|p1a: Toxicroak|Drain Punch|p2a: Slowking\n|-resisted|p2a: Slowking\n|-damage|p2a: Slowking|210\/304\n|-heal|p1a: Toxicroak|277\/277|[from] drain|[of] p2a: Slowking\n|\n|-end|p1a: Toxicroak|move: Future Sight\n|-supereffective|p1a: Toxicroak\n|-crit|p1a: Toxicroak\n|-end|p1a: Toxicroak|Substitute\n|-heal|p2a: Slowking|229\/304|[from] item: Leftovers\n|upkeep\n|turn|22\n|\n|t:|1660068572\n|move|p1a: Toxicroak|Substitute|p1a: Toxicroak\n|-start|p1a: Toxicroak|Substitute\n|-damage|p1a: Toxicroak|208\/277\n|move|p2a: Slowking|Future Sight|p1a: Toxicroak\n|-start|p2a: Slowking|move: Future Sight\n|\n|-heal|p1a: Toxicroak|225\/277|[from] item: Black Sludge\n|-heal|p2a: Slowking|248\/304|[from] item: Leftovers\n|upkeep\n|turn|23\n|\n|t:|1660068582\n|move|p1a: Toxicroak|Swords Dance|p1a: Toxicroak\n|-boost|p1a: Toxicroak|atk|2\n|move|p2a: Slowking|Teleport|p2a: Slowking\n|\n|t:|1660068585\n|switch|p2a: Vikavolt|Vikavolt, L82, F|222\/260\n|\n|-heal|p1a: Toxicroak|242\/277|[from] item: Black Sludge\n|upkeep\n|turn|24\n|\n|t:|1660068606\n|-start|p2a: Vikavolt|Dynamax|\n|-heal|p2a: Vikavolt|444\/520|[silent]\n|move|p2a: Vikavolt|Max Guard|p2a: Vikavolt\n|-singleturn|p2a: Vikavolt|Max Guard\n|move|p1a: Toxicroak|Gunk Shot|p2a: Vikavolt\n|-activate|p2a: Vikavolt|move: Max Guard\n|\n|-end|p1a: Toxicroak|move: Future Sight\n|-supereffective|p1a: Toxicroak\n|-end|p1a: Toxicroak|Substitute\n|-heal|p1a: Toxicroak|259\/277|[from] item: Black Sludge\n|upkeep\n|turn|25\n|\n|t:|1660068619\n|move|p1a: Toxicroak|Substitute|p1a: Toxicroak\n|-start|p1a: Toxicroak|Substitute\n|-damage|p1a: Toxicroak|190\/277\n|move|p2a: Vikavolt|Max Lightning|p1a: Toxicroak\n|-end|p1a: Toxicroak|Substitute\n|-fieldstart|move: Electric Terrain\n|\n|-heal|p1a: Toxicroak|207\/277|[from] item: Black Sludge\n|upkeep\n|turn|26\n|\n|t:|1660068626\n|move|p1a: Toxicroak|Substitute|p1a: Toxicroak\n|-start|p1a: Toxicroak|Substitute\n|-damage|p1a: Toxicroak|138\/277\n|move|p2a: Vikavolt|Max Lightning|p1a: Toxicroak\n|-end|p1a: Toxicroak|Substitute\n|\n|-heal|p1a: Toxicroak|155\/277|[from] item: Black Sludge\n|upkeep\n|-end|p2a: Vikavolt|Dynamax\n|-heal|p2a: Vikavolt|222\/260|[silent]\n|turn|27\n|\n|t:|1660068629\n|move|p1a: Toxicroak|Gunk Shot|p2a: Vikavolt|[miss]\n|-miss|p1a: Toxicroak|p2a: Vikavolt\n|move|p2a: Vikavolt|Thunderbolt|p1a: Toxicroak\n|-damage|p1a: Toxicroak|0 fnt\n|faint|p1a: Toxicroak\n|\n|upkeep\n|\n|t:|1660068638\n|switch|p1a: Weavile|Weavile, L79, M|239\/239\n|-activate|p1a: Weavile|move: Sticky Web\n|-unboost|p1a: Weavile|spe|1\n|turn|28\n|\n|t:|1660068647\n|move|p1a: Weavile|Knock Off|p2a: Vikavolt\n|-damage|p2a: Vikavolt|69\/260\n|-enditem|p2a: Vikavolt|Heavy-Duty Boots|[from] move: Knock Off|[of] p1a: Weavile\n|move|p2a: Vikavolt|Thunderbolt|p1a: Weavile\n|-damage|p1a: Weavile|97\/239\n|\n|upkeep\n|turn|29\n|\n|t:|1660068654\n|move|p1a: Weavile|Knock Off|p2a: Vikavolt\n|-damage|p2a: Vikavolt|0 fnt\n|faint|p2a: Vikavolt\n|\n|-fieldend|move: Electric Terrain\n|upkeep\n|\n|t:|1660068658\n|switch|p2a: Mamoswine|Mamoswine, L80, F|171\/307\n|turn|30\n|\n|t:|1660068662\n|move|p2a: Mamoswine|Earthquake|p1a: Weavile\n|-damage|p1a: Weavile|0 fnt\n|faint|p1a: Weavile\n|\n|upkeep\n|\n|t:|1660068665\n|switch|p1a: Zarude|Zarude-Dada, L78|292\/292\n|-activate|p1a: Zarude|move: Sticky Web\n|-unboost|p1a: Zarude|spe|1\n|turn|31\n|\n|t:|1660068679\n|switch|p2a: Slowking|Slowking, L86, M|304\/304\n|move|p1a: Zarude|Bulk Up|p1a: Zarude\n|-boost|p1a: Zarude|atk|1\n|-boost|p1a: Zarude|def|1\n|\n|upkeep\n|turn|32\n|\n|t:|1660068686\n|move|p1a: Zarude|Power Whip|p2a: Slowking\n|-supereffective|p2a: Slowking\n|-damage|p2a: Slowking|0 fnt\n|faint|p2a: Slowking\n|\n|upkeep\n|inactive|Draco09876 has 120 seconds left.\n|\n|t:|1660068729\n|switch|p2a: Mamoswine|Mamoswine, L80, F|171\/307\n|turn|33\n|\n|t:|1660068737\n|-start|p1a: Zarude|Dynamax|\n|-heal|p1a: Zarude|584\/584|[silent]\n|move|p2a: Mamoswine|Icicle Crash|p1a: Zarude\n|-supereffective|p1a: Zarude\n|-damage|p1a: Zarude|378\/584\n|move|p1a: Zarude|Max Overgrowth|p2a: Mamoswine\n|-supereffective|p2a: Mamoswine\n|-damage|p2a: Mamoswine|0 fnt\n|-fieldstart|move: Grassy Terrain\n|faint|p2a: Mamoswine\n|\n|-heal|p1a: Zarude|396\/584|[from] Grassy Terrain\n|-heal|p1a: Zarude|414\/584|[from] item: Leftovers\n|upkeep\n|\n|t:|1660068745\n|switch|p2a: Aggron|Aggron, L85, M|258\/258\n|-item|p2a: Aggron|Air Balloon\n|turn|34\n|inactive|Draco09876 has 120 seconds left.\n|\n|t:|1660068754\n|move|p1a: Zarude|Max Overgrowth|p2a: Aggron\n|-damage|p2a: Aggron|95\/258\n|-enditem|p2a: Aggron|Air Balloon\n|move|p2a: Aggron|Body Press|p1a: Zarude\n|-supereffective|p1a: Zarude\n|-damage|p1a: Zarude|282\/584\n|\n|-heal|p1a: Zarude|300\/584|[from] Grassy Terrain\n|-heal|p1a: Zarude|318\/584|[from] item: Leftovers\n|-heal|p2a: Aggron|111\/258|[from] Grassy Terrain\n|upkeep\n|turn|35\n|\n|t:|1660068762\n|move|p1a: Zarude|Max Overgrowth|p2a: Aggron\n|-damage|p2a: Aggron|0 fnt\n|faint|p2a: Aggron\n|\n|win|xilies\n|raw|xilies's rating: 1587 &rarr; <strong>1606<\/strong><br \/>(+19 for winning)\n|raw|Draco09876's rating: 1574 &rarr; <strong>1555<\/strong><br \/>(-19 for losing)\n|l|\u2606Draco09876\n","inputlog":">version e556d118de1b40ed25391bd2bcef478be3663d08\n>start {\"formatid\":\"gen8randombattle\",\"seed\":[44209,64233,11621,52476],\"rated\":\"Rated battle\"}\n>player p1 {\"name\":\"xilies\",\"avatar\":\"gambler\",\"rating\":1587,\"seed\":[30396,32095,28753,4977]}\n>player p2 {\"name\":\"Draco09876\",\"avatar\":\"169\",\"rating\":1574,\"seed\":[54336,34438,60838,31123]}\n>chat \u2606Draco09876|\/\/randombats\n>p1 move poltergeist\n>p2 move knockoff\n>p1 move poltergeist\n>p2 move knockoff\n>p1 switch 4\n>p1 move swordsdance\n>p2 switch 2\n>p1 move drainpunch\n>p2 move agility\n>p1 move drainpunch\n>p2 move fleurcannon\n>p2 switch 4\n>p1 move gunkshot\n>p2 move bulkup\n>p1 move drainpunch\n>p2 move drainpunch\n>p2 switch 6\n>p1 move gunkshot\n>p2 move futuresight\n>p1 move gunkshot\n>p2 switch 3\n>p1 switch 2\n>p2 switch 3\n>p1 move shadowball\n>p2 move futuresight\n>p1 move shadowball\n>p2 move teleport\n>p2 switch 5\n>p1 switch 3\n>p2 move stickyweb\n>p1 move mysticalfire\n>p2 move thunderbolt\n>p1 move mysticalfire\n>p2 move roost\n>p1 move mysticalfire\n>p2 move roost\n>p1 switch 2\n>p2 move roost\n>p1 move substitute\n>p2 switch 5\n>p1 move swordsdance\n>p2 move futuresight\n>p1 move gunkshot\n>p2 switch 3\n>p1 move drainpunch\n>p2 switch 3\n>p1 move substitute\n>p2 move futuresight\n>p1 move swordsdance\n>p2 move teleport\n>p2 switch 5\n>p1 move gunkshot\n>p2 move roost dynamax\n>p1 move substitute\n>p2 move thunderbolt dynamax\n>p1 move substitute\n>p2 move thunderbolt dynamax\n>p1 move gunkshot\n>p2 move thunderbolt\n>p1 switch 5\n>p1 move knockoff\n>p2 move thunderbolt\n>p1 move knockoff\n>p2 move roost\n>p2 switch 2\n>p1 move knockoff\n>p2 move earthquake\n>p1 switch 6\n>p1 move bulkup\n>p2 switch 5\n>p1 move powerwhip\n>p2 move scald\n>p2 switch 5\n>p1 move powerwhip dynamax\n>p2 move iciclecrash\n>p2 switch 3\n>p1 move powerwhip dynamax\n>p2 move bodypress\n>p1 move powerwhip dynamax\n>p2 move bodypress","uploadtime":1660068770,"views":6,"p1id":"xilies","p2id":"draco09876","formatid":"gen8randombattle","rating":1555,"private":0,"password":null}