{"id":"gen8ou-1685243575","p1":"Kwaga","p2":"andrewm0n","format":"gen8ou","log":"|html|<div class=\"broadcast-blue\"><strong>[Gen 8] OU is currently suspecting Melmetal! For information on how to participate check out the <a href=\"https:\/\/www.smogon.com\/forums\/threads\/np-ss-ou-suspect-process-round-12-monster-mash.3709234\/\">suspect thread<\/a>.<\/strong><\/div>\n|j|\u2606Kwaga\n|j|\u2606andrewm0n\n|t:|1665711397\n|gametype|singles\n|player|p1|Kwaga|koga-gen1|1653\n|player|p2|andrewm0n|169|1717\n|teamsize|p1|6\n|teamsize|p2|6\n|gen|8\n|tier|[Gen 8] OU\n|rated|\n|rule|Sleep Clause Mod: Limit one foe put to sleep\n|rule|Species Clause: Limit one of each Pok\u00e9mon\n|rule|OHKO Clause: OHKO moves are banned\n|rule|Evasion Items Clause: Evasion items are banned\n|rule|Evasion Moves Clause: Evasion moves are banned\n|rule|Endless Battle Clause: Forcing endless battles is banned\n|rule|HP Percentage Mod: HP is shown in percentages\n|rule|Dynamax Clause: You cannot dynamax\n|clearpoke\n|poke|p1|Zeraora|\n|poke|p1|Urshifu-*, F|\n|poke|p1|Aegislash, M|\n|poke|p1|Tornadus-Therian, M|\n|poke|p1|Landorus-Therian, M|\n|poke|p1|Ferrothorn, F|\n|poke|p2|Blaziken, M|\n|poke|p2|Clefable, F|\n|poke|p2|Corviknight, M|\n|poke|p2|Seismitoad, M|\n|poke|p2|Slowbro-Galar, M|\n|poke|p2|Tyranitar, M|\n|teampreview\n|inactive|Battle timer is ON: inactive players will automatically lose when time's up. (requested by Kwaga)\n|\n|t:|1665711408\n|start\n|switch|p1a: Tornadus|Tornadus-Therian, M|100\/100\n|switch|p2a: Slowbro|Slowbro-Galar, M|100\/100\n|turn|1\n|\n|t:|1665711413\n|move|p1a: Tornadus|Knock Off|p2a: Slowbro\n|-supereffective|p2a: Slowbro\n|-damage|p2a: Slowbro|66\/100\n|-enditem|p2a: Slowbro|Assault Vest|[from] move: Knock Off|[of] p1a: Tornadus\n|move|p2a: Slowbro|Ice Beam|p1a: Tornadus\n|-supereffective|p1a: Tornadus\n|-damage|p1a: Tornadus|55\/100\n|\n|upkeep\n|turn|2\n|\n|t:|1665711419\n|move|p1a: Tornadus|U-turn|p2a: Slowbro\n|-damage|p2a: Slowbro|55\/100\n|\n|t:|1665711424\n|switch|p1a: Ferrothorn|Ferrothorn, F|100\/100|[from]move: U-turn\n|move|p2a: Slowbro|Flamethrower|p1a: Ferrothorn\n|-supereffective|p1a: Ferrothorn\n|-damage|p1a: Ferrothorn|31\/100\n|\n|-heal|p1a: Ferrothorn|37\/100|[from] item: Leftovers\n|upkeep\n|turn|3\n|j| Master Raul\n|\n|t:|1665711433\n|move|p2a: Slowbro|Flamethrower|p1a: Ferrothorn\n|-supereffective|p1a: Ferrothorn\n|-damage|p1a: Ferrothorn|0 fnt\n|faint|p1a: Ferrothorn\n|\n|upkeep\n|\n|t:|1665711438\n|switch|p1a: Aegislash|Aegislash, M|100\/100\n|turn|4\n|\n|t:|1665711442\n|switch|p2a: Corviknight|Corviknight, M|100\/100\n|-formechange|p1a: Aegislash|Aegislash-Blade||[from] ability: Stance Change\n|move|p1a: Aegislash|Flash Cannon|p2a: Corviknight\n|-resisted|p2a: Corviknight\n|-damage|p2a: Corviknight|71\/100\n|\n|upkeep\n|turn|5\n|\n|t:|1665711452\n|switch|p1a: Tornadus|Tornadus-Therian, M|88\/100\n|move|p2a: Corviknight|Brave Bird|p1a: Tornadus\n|-damage|p1a: Tornadus|50\/100\n|-damage|p2a: Corviknight|59\/100|[from] Recoil\n|\n|upkeep\n|turn|6\n|\n|t:|1665711461\n|move|p1a: Tornadus|Knock Off|p2a: Corviknight\n|-damage|p2a: Corviknight|46\/100\n|-damage|p1a: Tornadus|33\/100|[from] item: Rocky Helmet|[of] p2a: Corviknight\n|-enditem|p2a: Corviknight|Rocky Helmet|[from] move: Knock Off|[of] p1a: Tornadus\n|move|p2a: Corviknight|Roost|p2a: Corviknight\n|-heal|p2a: Corviknight|96\/100\n|-singleturn|p2a: Corviknight|move: Roost\n|\n|upkeep\n|turn|7\n|\n|t:|1665711464\n|move|p1a: Tornadus|U-turn|p2a: Corviknight\n|-resisted|p2a: Corviknight\n|-damage|p2a: Corviknight|94\/100\n|\n|t:|1665711466\n|switch|p1a: Aegislash|Aegislash, M|100\/100|[from]move: U-turn\n|move|p2a: Corviknight|U-turn|p1a: Aegislash\n|-resisted|p1a: Aegislash\n|-damage|p1a: Aegislash|97\/100\n|\n|t:|1665711471\n|switch|p2a: Blaziken|Blaziken, M|100\/100|[from]move: U-turn\n|\n|upkeep\n|turn|8\n|inactive|Kwaga has 120 seconds left.\n|\n|t:|1665711511\n|switch|p1a: Landorus|Landorus-Therian, M|100\/100\n|-ability|p1a: Landorus|Intimidate|boost\n|-unboost|p2a: Blaziken|atk|1\n|move|p2a: Blaziken|Flare Blitz|p1a: Landorus\n|-damage|p1a: Landorus|58\/100\n|-damage|p2a: Blaziken|83\/100|[from] Recoil\n|\n|-heal|p2a: Blaziken|89\/100|[from] item: Leftovers\n|-heal|p1a: Landorus|64\/100|[from] item: Leftovers\n|-ability|p2a: Blaziken|Speed Boost|boost\n|-boost|p2a: Blaziken|spe|1\n|upkeep\n|turn|9\n|\n|t:|1665711515\n|switch|p2a: Corviknight|Corviknight, M|94\/100\n|move|p1a: Landorus|Stealth Rock|p2a: Corviknight\n|-sidestart|p2: andrewm0n|move: Stealth Rock\n|\n|-heal|p1a: Landorus|70\/100|[from] item: Leftovers\n|upkeep\n|turn|10\n|\n|t:|1665711519\n|move|p1a: Landorus|U-turn|p2a: Corviknight\n|-resisted|p2a: Corviknight\n|-crit|p2a: Corviknight\n|-damage|p2a: Corviknight|88\/100\n|\n|t:|1665711521\n|switch|p1a: Aegislash|Aegislash, M|97\/100|[from]move: U-turn\n|move|p2a: Corviknight|Brave Bird|p1a: Aegislash\n|-resisted|p1a: Aegislash\n|-damage|p1a: Aegislash|78\/100\n|-damage|p2a: Corviknight|84\/100|[from] Recoil\n|\n|upkeep\n|turn|11\n|\n|t:|1665711525\n|-formechange|p1a: Aegislash|Aegislash-Blade||[from] ability: Stance Change\n|move|p1a: Aegislash|Shadow Ball|p2a: Corviknight\n|-damage|p2a: Corviknight|22\/100\n|move|p2a: Corviknight|Roost|p2a: Corviknight\n|-heal|p2a: Corviknight|72\/100\n|-singleturn|p2a: Corviknight|move: Roost\n|\n|upkeep\n|turn|12\n|\n|t:|1665711530\n|switch|p2a: Tyranitar|Tyranitar, M|100\/100\n|-damage|p2a: Tyranitar|88\/100|[from] Stealth Rock\n|-weather|Sandstorm|[from] ability: Sand Stream|[of] p2a: Tyranitar\n|move|p1a: Aegislash|Shadow Ball|p2a: Tyranitar\n|-resisted|p2a: Tyranitar\n|-damage|p2a: Tyranitar|72\/100\n|\n|-weather|Sandstorm|[upkeep]\n|-heal|p2a: Tyranitar|78\/100|[from] item: Leftovers\n|upkeep\n|turn|13\n|\n|t:|1665711535\n|switch|p1a: Landorus|Landorus-Therian, M|70\/100\n|-ability|p1a: Landorus|Intimidate|boost\n|-unboost|p2a: Tyranitar|atk|1\n|move|p2a: Tyranitar|Toxic|p1a: Landorus\n|-status|p1a: Landorus|tox\n|\n|-weather|Sandstorm|[upkeep]\n|-heal|p1a: Landorus|76\/100 tox|[from] item: Leftovers\n|-heal|p2a: Tyranitar|84\/100|[from] item: Leftovers\n|-damage|p1a: Landorus|70\/100 tox|[from] psn\n|upkeep\n|turn|14\n|\n|t:|1665711549\n|switch|p2a: Corviknight|Corviknight, M|72\/100\n|-damage|p2a: Corviknight|60\/100|[from] Stealth Rock\n|move|p1a: Landorus|U-turn|p2a: Corviknight\n|-resisted|p2a: Corviknight\n|-damage|p2a: Corviknight|56\/100\n|\n|t:|1665711563\n|switch|p1a: Zeraora|Zeraora|100\/100|[from]move: U-turn\n|\n|-weather|Sandstorm|[upkeep]\n|-damage|p1a: Zeraora|95\/100|[from] Sandstorm\n|upkeep\n|turn|15\n|\n|t:|1665711572\n|switch|p2a: Clefable|Clefable, F|100\/100\n|-damage|p2a: Clefable|88\/100|[from] Stealth Rock\n|move|p1a: Zeraora|Knock Off|p2a: Clefable\n|-resisted|p2a: Clefable\n|-damage|p2a: Clefable|77\/100\n|-enditem|p2a: Clefable|Leftovers|[from] move: Knock Off|[of] p1a: Zeraora\n|\n|-weather|Sandstorm|[upkeep]\n|-damage|p1a: Zeraora|89\/100|[from] Sandstorm\n|-damage|p2a: Clefable|71\/100|[from] Sandstorm\n|upkeep\n|turn|16\n|\n|t:|1665711583\n|switch|p1a: Aegislash|Aegislash, M|78\/100\n|move|p2a: Clefable|Wish|p2a: Clefable\n|\n|-weather|none\n|upkeep\n|turn|17\n|\n|t:|1665711591\n|move|p2a: Clefable|Protect|p2a: Clefable\n|-singleturn|p2a: Clefable|Protect\n|-formechange|p1a: Aegislash|Aegislash-Blade||[from] ability: Stance Change\n|move|p1a: Aegislash|Shadow Ball|p2a: Clefable\n|-activate|p2a: Clefable|move: Protect\n|\n|-heal|p2a: Clefable|100\/100|[from] move: Wish|[wisher] Clefable\n|upkeep\n|turn|18\n|\n|t:|1665711594\n|move|p1a: Aegislash|Shadow Ball|p2a: Clefable\n|-crit|p2a: Clefable\n|-damage|p2a: Clefable|0 fnt\n|faint|p2a: Clefable\n|\n|upkeep\n|\n|t:|1665711597\n|switch|p2a: Tyranitar|Tyranitar, M|84\/100\n|-damage|p2a: Tyranitar|72\/100|[from] Stealth Rock\n|-weather|Sandstorm|[from] ability: Sand Stream|[of] p2a: Tyranitar\n|turn|19\n|\n|t:|1665711616\n|switch|p1a: Landorus|Landorus-Therian, M|70\/100 tox\n|-ability|p1a: Landorus|Intimidate|boost\n|-unboost|p2a: Tyranitar|atk|1\n|move|p2a: Tyranitar|Rock Blast|p1a: Landorus\n|-damage|p1a: Landorus|63\/100 tox\n|-damage|p1a: Landorus|55\/100 tox\n|-damage|p1a: Landorus|48\/100 tox\n|-damage|p1a: Landorus|41\/100 tox\n|-hitcount|p1a: Landorus|4\n|\n|-weather|Sandstorm|[upkeep]\n|-heal|p1a: Landorus|47\/100 tox|[from] item: Leftovers\n|-heal|p2a: Tyranitar|78\/100|[from] item: Leftovers\n|-damage|p1a: Landorus|41\/100 tox|[from] psn\n|upkeep\n|turn|20\n|\n|t:|1665711628\n|switch|p2a: Seismitoad|Seismitoad, M|100\/100\n|-damage|p2a: Seismitoad|94\/100|[from] Stealth Rock\n|move|p1a: Landorus|U-turn|p2a: Seismitoad\n|-damage|p2a: Seismitoad|75\/100\n|\n|t:|1665711642\n|switch|p1a: Aegislash|Aegislash, M|78\/100|[from]move: U-turn\n|\n|-weather|Sandstorm|[upkeep]\n|-heal|p2a: Seismitoad|81\/100|[from] item: Leftovers\n|upkeep\n|turn|21\n|\n|t:|1665711651\n|-formechange|p1a: Aegislash|Aegislash-Blade||[from] ability: Stance Change\n|move|p1a: Aegislash|Shadow Ball|p2a: Seismitoad\n|-damage|p2a: Seismitoad|21\/100\n|move|p2a: Seismitoad|Knock Off|p1a: Aegislash\n|-supereffective|p1a: Aegislash\n|-damage|p1a: Aegislash|0 fnt\n|-enditem|p1a: Aegislash|Choice Specs|[from] move: Knock Off|[of] p2a: Seismitoad\n|faint|p1a: Aegislash\n|\n|-weather|Sandstorm|[upkeep]\n|-heal|p2a: Seismitoad|27\/100|[from] item: Leftovers\n|upkeep\n|\n|t:|1665711663\n|switch|p1a: Zeraora|Zeraora|89\/100\n|turn|22\n|\n|t:|1665711676\n|move|p1a: Zeraora|Knock Off|p2a: Seismitoad\n|-damage|p2a: Seismitoad|1\/100\n|-enditem|p2a: Seismitoad|Leftovers|[from] move: Knock Off|[of] p1a: Zeraora\n|move|p2a: Seismitoad|Earth Power|p1a: Zeraora\n|-supereffective|p1a: Zeraora\n|-damage|p1a: Zeraora|12\/100\n|\n|-weather|Sandstorm|[upkeep]\n|-damage|p1a: Zeraora|6\/100|[from] Sandstorm\n|upkeep\n|turn|23\n|\n|t:|1665711680\n|move|p1a: Zeraora|Knock Off|p2a: Seismitoad\n|-damage|p2a: Seismitoad|0 fnt\n|faint|p2a: Seismitoad\n|\n|-weather|none\n|upkeep\n|\n|t:|1665711683\n|switch|p2a: Slowbro|Slowbro-Galar, M|89\/100\n|-damage|p2a: Slowbro|76\/100|[from] Stealth Rock\n|turn|24\n|\n|t:|1665711691\n|move|p1a: Zeraora|Knock Off|p2a: Slowbro\n|-supereffective|p2a: Slowbro\n|-damage|p2a: Slowbro|46\/100\n|move|p2a: Slowbro|Ice Beam|p1a: Zeraora\n|-damage|p1a: Zeraora|0 fnt\n|faint|p1a: Zeraora\n|\n|upkeep\n|\n|t:|1665711702\n|switch|p1a: Urshifu|Urshifu-Rapid-Strike, F|100\/100\n|turn|25\n|\n|t:|1665711726\n|switch|p2a: Corviknight|Corviknight, M|56\/100\n|-damage|p2a: Corviknight|44\/100|[from] Stealth Rock\n|move|p1a: Urshifu|Surging Strikes|p2a: Corviknight\n|-crit|p2a: Corviknight\n|-damage|p2a: Corviknight|29\/100\n|-crit|p2a: Corviknight\n|-damage|p2a: Corviknight|15\/100\n|-crit|p2a: Corviknight\n|-damage|p2a: Corviknight|0 fnt\n|faint|p2a: Corviknight\n|-hitcount|p2: Corviknight|3\n|\n|upkeep\n|\n|t:|1665711731\n|switch|p2a: Slowbro|Slowbro-Galar, M|79\/100\n|-damage|p2a: Slowbro|67\/100|[from] Stealth Rock\n|turn|26\n|\n|t:|1665711734\n|switch|p1a: Tornadus|Tornadus-Therian, M|67\/100\n|move|p2a: Slowbro|Shell Side Arm|p1a: Tornadus|[anim] Shell Side Arm Physical\n|-damage|p1a: Tornadus|31\/100\n|-hint|Physical Shell Side Arm\n|\n|upkeep\n|turn|27\n|j| RazorForce21\n|\n|t:|1665711741\n|switch|p2a: Tyranitar|Tyranitar, M|78\/100\n|-damage|p2a: Tyranitar|66\/100|[from] Stealth Rock\n|-weather|Sandstorm|[from] ability: Sand Stream|[of] p2a: Tyranitar\n|move|p1a: Tornadus|Knock Off|p2a: Tyranitar\n|-resisted|p2a: Tyranitar\n|-damage|p2a: Tyranitar|58\/100\n|-enditem|p2a: Tyranitar|Leftovers|[from] move: Knock Off|[of] p1a: Tornadus\n|\n|-weather|Sandstorm|[upkeep]\n|-damage|p1a: Tornadus|25\/100|[from] Sandstorm\n|upkeep\n|turn|28\n|j| darkcloud1986\n|\n|t:|1665711748\n|move|p1a: Tornadus|U-turn|p2a: Tyranitar\n|-supereffective|p2a: Tyranitar\n|-damage|p2a: Tyranitar|37\/100\n|\n|t:|1665711750\n|switch|p1a: Urshifu|Urshifu-Rapid-Strike, F|100\/100|[from]move: U-turn\n|move|p2a: Tyranitar|Stealth Rock|p1a: Urshifu\n|-sidestart|p1: Kwaga|move: Stealth Rock\n|\n|-weather|Sandstorm|[upkeep]\n|-damage|p1a: Urshifu|94\/100|[from] Sandstorm\n|upkeep\n|turn|29\n|\n|t:|1665711756\n|move|p1a: Urshifu|Surging Strikes|p2a: Tyranitar\n|-supereffective|p2a: Tyranitar\n|-crit|p2a: Tyranitar\n|-damage|p2a: Tyranitar|8\/100\n|-supereffective|p2a: Tyranitar\n|-crit|p2a: Tyranitar\n|-damage|p2a: Tyranitar|0 fnt\n|faint|p2a: Tyranitar\n|-hitcount|p2: Tyranitar|2\n|\n|-weather|Sandstorm|[upkeep]\n|-damage|p1a: Urshifu|88\/100|[from] Sandstorm\n|upkeep\n|\n|t:|1665711762\n|switch|p2a: Slowbro|Slowbro-Galar, M|99\/100\n|-damage|p2a: Slowbro|88\/100|[from] Stealth Rock\n|turn|30\n|\n|t:|1665711765\n|switch|p1a: Tornadus|Tornadus-Therian, M|58\/100\n|move|p2a: Slowbro|Shell Side Arm|p1a: Tornadus|[anim] Shell Side Arm Physical\n|-damage|p1a: Tornadus|18\/100\n|-hint|Physical Shell Side Arm\n|\n|-weather|Sandstorm|[upkeep]\n|-damage|p1a: Tornadus|12\/100|[from] Sandstorm\n|-damage|p2a: Slowbro|82\/100|[from] Sandstorm\n|upkeep\n|turn|31\n|\n|t:|1665711770\n|move|p1a: Tornadus|Knock Off|p2a: Slowbro\n|-supereffective|p2a: Slowbro\n|-damage|p2a: Slowbro|61\/100\n|move|p2a: Slowbro|Shell Side Arm|p1a: Tornadus|[anim] Shell Side Arm Physical\n|-damage|p1a: Tornadus|0 fnt\n|-hint|Physical Shell Side Arm\n|faint|p1a: Tornadus\n|\n|-weather|none\n|upkeep\n|j| crawdaunt sammy\n|\n|t:|1665711773\n|switch|p1a: Landorus|Landorus-Therian, M|41\/100 tox\n|-damage|p1a: Landorus|29\/100 tox|[from] Stealth Rock\n|-ability|p1a: Landorus|Intimidate|boost\n|-unboost|p2a: Slowbro|atk|1\n|turn|32\n|\n|t:|1665711778\n|move|p1a: Landorus|Earthquake|p2a: Slowbro\n|-supereffective|p2a: Slowbro\n|-damage|p2a: Slowbro|0 fnt\n|faint|p2a: Slowbro\n|\n|-heal|p1a: Landorus|35\/100 tox|[from] item: Leftovers\n|-damage|p1a: Landorus|29\/100 tox|[from] psn\n|upkeep\n|\n|t:|1665711780\n|switch|p2a: Blaziken|Blaziken, M|89\/100\n|-damage|p2a: Blaziken|76\/100|[from] Stealth Rock\n|turn|33\n|\n|t:|1665711781\n|move|p2a: Blaziken|Protect|p2a: Blaziken\n|-singleturn|p2a: Blaziken|Protect\n|move|p1a: Landorus|Earthquake|p2a: Blaziken\n|-activate|p2a: Blaziken|move: Protect\n|\n|-heal|p2a: Blaziken|82\/100|[from] item: Leftovers\n|-heal|p1a: Landorus|35\/100 tox|[from] item: Leftovers\n|-damage|p1a: Landorus|23\/100 tox|[from] psn\n|-ability|p2a: Blaziken|Speed Boost|boost\n|-boost|p2a: Blaziken|spe|1\n|upkeep\n|turn|34\n|\n|t:|1665711788\n|move|p2a: Blaziken|Flare Blitz|p1a: Landorus\n|-damage|p1a: Landorus|0 fnt\n|faint|p1a: Landorus\n|-damage|p2a: Blaziken|73\/100|[from] Recoil\n|\n|-heal|p2a: Blaziken|79\/100|[from] item: Leftovers\n|-ability|p2a: Blaziken|Speed Boost|boost\n|-boost|p2a: Blaziken|spe|1\n|upkeep\n|\n|t:|1665711789\n|switch|p1a: Urshifu|Urshifu-Rapid-Strike, F|88\/100\n|-damage|p1a: Urshifu|82\/100|[from] Stealth Rock\n|turn|35\n|\n|t:|1665711791\n|move|p2a: Blaziken|Close Combat|p1a: Urshifu\n|-damage|p1a: Urshifu|19\/100\n|-unboost|p2a: Blaziken|def|1\n|-unboost|p2a: Blaziken|spd|1\n|move|p1a: Urshifu|Surging Strikes|p2a: Blaziken\n|-supereffective|p2a: Blaziken\n|-crit|p2a: Blaziken\n|-damage|p2a: Blaziken|0 fnt\n|faint|p2a: Blaziken\n|-hitcount|p2: Blaziken|1\n|\n|win|Kwaga\n|raw|Kwaga's rating: 1671 &rarr; <strong>1694<\/strong><br \/>(+23 for winning)\n|raw|andrewm0n's rating: 1717 &rarr; <strong>1694<\/strong><br \/>(-23 for losing)\n|l|\u2606andrewm0n\n","uploadtime":1665711799,"views":14,"p1id":"kwaga","p2id":"andrewm0n","formatid":"gen8ou","rating":1694,"private":0,"password":null}