{"id":"gen8ou-1020982050","p1":"Burnt Bright","p2":"polishpanda","format":"gen8ou","log":"|j|\u2606Burnt Bright\n|j|\u2606polishpanda\n|player|p1|Burnt Bright|226|1329\n|player|p2|polishpanda|firebreather|1254\n|teamsize|p1|6\n|teamsize|p2|6\n|gametype|singles\n|gen|8\n|tier|[Gen 8] OU\n|rated|\n|rule|Sleep Clause Mod: Limit one foe put to sleep\n|rule|Species Clause: Limit one of each Pok\u00e9mon\n|rule|OHKO Clause: OHKO moves are banned\n|rule|Evasion Moves Clause: Evasion moves are banned\n|rule|Endless Battle Clause: Forcing endless battles is banned\n|rule|HP Percentage Mod: HP is shown in percentages\n|clearpoke\n|poke|p1|Toxtricity, F|item\n|poke|p1|Cinderace, M|item\n|poke|p1|Seismitoad, F|item\n|poke|p1|Hydreigon, M|item\n|poke|p1|Clefable, F|item\n|poke|p1|Gengar, F|item\n|poke|p2|Copperajah, F|item\n|poke|p2|Golisopod, F|item\n|poke|p2|Toxtricity, F|item\n|poke|p2|Ditto|item\n|poke|p2|Mandibuzz, F|item\n|poke|p2|Dragapult, M|item\n|teampreview\n|j| Disociativo\n|\n|start\n|switch|p1a: Cinderace|Cinderace, M|100\/100\n|switch|p2a: Copperajah|Copperajah, F|100\/100\n|turn|1\n|\n|switch|p2a: Dragapult|Dragapult, M|100\/100\n|move|p1a: Cinderace|Pyro Ball|p2a: Dragapult\n|-resisted|p2a: Dragapult\n|-crit|p2a: Dragapult\n|-damage|p2a: Dragapult|45\/100\n|\n|upkeep\n|turn|2\n|c|\u2606Burnt Bright|The Raj\n|\n|switch|p1a: Clefable|Clefable, F|100\/100\n|move|p2a: Dragapult|Surf|p1a: Clefable\n|-damage|p1a: Clefable|66\/100\n|\n|-heal|p1a: Clefable|73\/100|[from] item: Leftovers\n|upkeep\n|turn|3\n|c|\u2606polishpanda|I keep losing to stall and it's pissing me off.\n|c|\u2606polishpanda|Is that a clefable?\n|\n|switch|p1a: Hydreigon|Hydreigon, M|100\/100\n|switch|p2a: Copperajah|Copperajah, F|100\/100\n|\n|upkeep\n|turn|4\n|\n|switch|p1a: Toxtricity|Toxtricity, F|100\/100\n|move|p2a: Copperajah|Stealth Rock|p1a: Toxtricity\n|-sidestart|p1: Burnt Bright|move: Stealth Rock\n|\n|upkeep\n|turn|5\n|\n|-start|p2a: Copperajah|Dynamax\n|-formechange|p2a: Copperajah|Copperajah-Gmax|\n|-heal|p2a: Copperajah|100\/100|[silent]\n|move|p1a: Toxtricity|Volt Switch|p2a: Copperajah\n|-damage|p2a: Copperajah|73\/100\n|\n|switch|p1a: Cinderace|Cinderace, M|100\/100|[from]move: Volt Switch\n|move|p2a: Copperajah|G-Max Steelsurge|p1a: Cinderace\n|-resisted|p1a: Cinderace\n|-damage|p1a: Cinderace|44\/100\n|-sidestart|p1: Burnt Bright|move: Steelsurge\n|\n|upkeep\n|turn|6\n|\n|move|p1a: Cinderace|Court Change|p1a: Cinderace\n|-sideend|p1: Burnt Bright|Stealth Rock|[from] move: Court Change|[of] p1a: Cinderace\n|-sidestart|p2: polishpanda|move: Stealth Rock\n|move|p2a: Copperajah|G-Max Steelsurge|p1a: Cinderace\n|-resisted|p1a: Cinderace\n|-damage|p1a: Cinderace|0 fnt\n|faint|p1a: Cinderace\n|\n|upkeep\n|\n|switch|p1a: Hydreigon|Hydreigon, M|100\/100\n|-damage|p1a: Hydreigon|88\/100|[from] G-Max Steelsurge\n|turn|7\n|\n|move|p1a: Hydreigon|Substitute|p1a: Hydreigon\n|-start|p1a: Hydreigon|Substitute\n|-damage|p1a: Hydreigon|63\/100\n|move|p2a: Copperajah|G-Max Steelsurge|p1a: Hydreigon\n|-end|p1a: Hydreigon|Substitute\n|\n|-heal|p1a: Hydreigon|69\/100|[from] item: Leftovers\n|-end|p2a: Copperajah|Dynamax\n|-formechange|p2a: Copperajah|Copperajah|\n|-heal|p2a: Copperajah|73\/100|[silent]\n|upkeep\n|turn|8\n|\n|move|p1a: Hydreigon|Dark Pulse|p2a: Copperajah\n|-damage|p2a: Copperajah|27\/100\n|move|p2a: Copperajah|Heavy Slam|p1a: Hydreigon\n|-damage|p1a: Hydreigon|0 fnt\n|faint|p1a: Hydreigon\n|\n|upkeep\n|\n|switch|p1a: Seismitoad|Seismitoad, F|100\/100\n|-damage|p1a: Seismitoad|94\/100|[from] G-Max Steelsurge\n|turn|9\n|\n|move|p1a: Seismitoad|Scald|p2a: Copperajah\n|-damage|p2a: Copperajah|0 fnt\n|faint|p2a: Copperajah\n|\n|-heal|p1a: Seismitoad|100\/100|[from] item: Leftovers\n|upkeep\n|\n|switch|p2a: Mandibuzz|Mandibuzz, F|100\/100\n|-damage|p2a: Mandibuzz|75\/100|[from] Stealth Rock\n|turn|10\n|\n|move|p2a: Mandibuzz|Defog|p1a: Seismitoad\n|-unboost|p1a: Seismitoad|evasion|1\n|-sideend|p1: Burnt Bright|G-Max Steelsurge|[from] move: Defog|[of] p2a: Mandibuzz\n|-sideend|p2: polishpanda|Stealth Rock|[from] move: Defog|[of] p2a: Mandibuzz\n|move|p1a: Seismitoad|Toxic|p2a: Mandibuzz\n|-status|p2a: Mandibuzz|tox\n|\n|-heal|p2a: Mandibuzz|82\/100 tox|[from] item: Leftovers\n|-damage|p2a: Mandibuzz|75\/100 tox|[from] psn\n|upkeep\n|turn|11\n|\n|move|p2a: Mandibuzz|Foul Play|p1a: Seismitoad\n|-damage|p1a: Seismitoad|68\/100\n|move|p1a: Seismitoad|Stealth Rock|p2a: Mandibuzz\n|-sidestart|p2: polishpanda|move: Stealth Rock\n|\n|-heal|p2a: Mandibuzz|82\/100 tox|[from] item: Leftovers\n|-heal|p1a: Seismitoad|74\/100|[from] item: Leftovers\n|-damage|p2a: Mandibuzz|69\/100 tox|[from] psn\n|upkeep\n|turn|12\n|\n|switch|p1a: Clefable|Clefable, F|73\/100\n|move|p2a: Mandibuzz|Defog|p1a: Clefable\n|-unboost|p1a: Clefable|evasion|1\n|-sideend|p2: polishpanda|Stealth Rock|[from] move: Defog|[of] p2a: Mandibuzz\n|\n|-heal|p2a: Mandibuzz|75\/100 tox|[from] item: Leftovers\n|-heal|p1a: Clefable|79\/100|[from] item: Leftovers\n|-damage|p2a: Mandibuzz|57\/100 tox|[from] psn\n|upkeep\n|turn|13\n|\n|switch|p2a: Toxtricity|Toxtricity, F|100\/100\n|move|p1a: Clefable|Moonlight|p1a: Clefable\n|-heal|p1a: Clefable|100\/100\n|\n|upkeep\n|turn|14\n|\n|switch|p1a: Seismitoad|Seismitoad, F|74\/100\n|move|p2a: Toxtricity|Boomburst|p1a: Seismitoad\n|-damage|p1a: Seismitoad|1\/100\n|\n|-heal|p1a: Seismitoad|7\/100|[from] item: Leftovers\n|upkeep\n|turn|15\n|\n|switch|p1a: Gengar|Gengar, F|100\/100\n|switch|p2a: Ditto|Ditto|100\/100\n|-transform|p2a: Ditto|p1a: Gengar|[from] ability: Imposter\n|\n|upkeep\n|turn|16\n|\n|move|p1a: Gengar|Shadow Ball|p2a: Ditto\n|-supereffective|p2a: Ditto\n|-damage|p2a: Ditto|0 fnt\n|faint|p2a: Ditto\n|\n|upkeep\n|c|\u2606polishpanda|what\n|c|\u2606polishpanda|fuck my life\n|\n|switch|p2a: Golisopod|Golisopod, F|100\/100\n|turn|17\n|\n|switch|p1a: Seismitoad|Seismitoad, F|7\/100\n|move|p2a: Golisopod|Sucker Punch||[still]\n|-fail|p2a: Golisopod\n|\n|-heal|p1a: Seismitoad|13\/100|[from] item: Leftovers\n|upkeep\n|turn|18\n|\n|switch|p1a: Toxtricity|Toxtricity, F|100\/100\n|switch|p2a: Mandibuzz|Mandibuzz, F|57\/100 tox\n|\n|-heal|p2a: Mandibuzz|63\/100 tox|[from] item: Leftovers\n|-damage|p2a: Mandibuzz|57\/100 tox|[from] psn\n|upkeep\n|turn|19\n|\n|move|p1a: Toxtricity|Overdrive|p2a: Mandibuzz\n|-supereffective|p2a: Mandibuzz\n|-crit|p2a: Mandibuzz\n|-damage|p2a: Mandibuzz|0 fnt\n|faint|p2a: Mandibuzz\n|\n|upkeep\n|c|\u2606Burnt Bright|I just watched the blunder video too\n|\n|switch|p2a: Dragapult|Dragapult, M|45\/100\n|turn|20\n|\n|switch|p1a: Seismitoad|Seismitoad, F|13\/100\n|move|p2a: Dragapult|Shadow Ball|p1a: Seismitoad\n|-damage|p1a: Seismitoad|0 fnt\n|faint|p1a: Seismitoad\n|\n|upkeep\n|\n|switch|p1a: Gengar|Gengar, F|100\/100\n|turn|21\n|\n|switch|p2a: Golisopod|Golisopod, F|100\/100\n|move|p1a: Gengar|Shadow Ball|p2a: Golisopod\n|-damage|p2a: Golisopod|47\/100\n|-activate|p2a: Golisopod|ability: Emergency Exit\n|\n|switch|p2a: Toxtricity|Toxtricity, F|100\/100\n|\n|upkeep\n|turn|22\n|c|\u2606polishpanda|I'm gonna fucking kill myself\n|c|\u2606polishpanda|bye\n|c|\u2606Burnt Bright|Oh don't do that\n|-message|polishpanda forfeited.\n|\n|win|Burnt Bright\n|l|\u2606polishpanda\n||Ladder (probably) updated, but score could not be retrieved (Response not received).\n","uploadtime":1575253616,"views":19,"p1id":"burntbright","p2id":"polishpanda","formatid":"gen8ou","rating":0,"private":0,"password":null}