{"id":"gen8ou-1242511861","p1":"RST4","p2":"glaed13","format":"gen8ou","log":"|j|\u2606RST4\n|j|\u2606glaed13\n|t:|1607815282\n|player|p1|RST4|hilbert-dueldisk|1460\n|player|p2|glaed13|cheren-gen5bw2|1499\n|teamsize|p1|6\n|teamsize|p2|6\n|gametype|singles\n|gen|8\n|tier|[Gen 8] OU\n|rated|\n|clearpoke\n|poke|p1|Inteleon, F|\n|poke|p1|Ferrothorn, M|\n|poke|p1|Togekiss, F|\n|poke|p1|Dragapult, M|\n|poke|p1|Diggersby, M|\n|poke|p1|Toxapex, F|\n|poke|p2|Whimsicott, F|\n|poke|p2|Zapdos|\n|poke|p2|Hydreigon, M|\n|poke|p2|Hawlucha, M|\n|poke|p2|Scizor, M|\n|poke|p2|Slowking-Galar, M|\n|rule|Sleep Clause Mod: Limit one foe put to sleep\n|rule|Species Clause: Limit one of each Pok\u00e9mon\n|rule|OHKO Clause: OHKO moves are banned\n|rule|Evasion Moves Clause: Evasion moves are banned\n|rule|Endless Battle Clause: Forcing endless battles is banned\n|rule|HP Percentage Mod: HP is shown in percentages\n|rule|Dynamax Clause: You cannot dynamax\n|teampreview\n|inactive|Battle timer is ON: inactive players will automatically lose when time's up. (requested by glaed13)\n|inactive|RST4 has 120 seconds left.\n|\n|t:|1607815320\n|start\n|switch|p1a: Inteleon|Inteleon, F|100\/100\n|switch|p2a: Slowking|Slowking-Galar, M|100\/100\n|turn|1\n|\n|t:|1607815327\n|move|p1a: Inteleon|Dark Pulse|p2a: Slowking\n|-supereffective|p2a: Slowking\n|-damage|p2a: Slowking|71\/100\n|-damage|p1a: Inteleon|91\/100|[from] item: Life Orb\n|move|p2a: Slowking|Sludge Wave|p1a: Inteleon\n|-damage|p1a: Inteleon|19\/100\n|\n|upkeep\n|turn|2\n|\n|t:|1607815336\n|switch|p1a: Toxapex|Toxapex, F|100\/100\n|move|p2a: Slowking|Future Sight|p1a: Toxapex\n|-start|p2a: Slowking|move: Future Sight\n|\n|upkeep\n|turn|3\n|\n|t:|1607815351\n|switch|p2a: Zapdos|Zapdos|100\/100\n|move|p1a: Toxapex|Scald|p2a: Zapdos\n|-damage|p2a: Zapdos|85\/100\n|-status|p2a: Zapdos|brn\n|\n|-damage|p2a: Zapdos|79\/100 brn|[from] brn\n|upkeep\n|turn|4\n|\n|t:|1607815363\n|switch|p2a: Slowking|Slowking-Galar, M|100\/100\n|move|p1a: Toxapex|Baneful Bunker||[still]\n|-fail|p1a: Toxapex\n|\n|-end|p1a: Toxapex|move: Future Sight\n|-supereffective|p1a: Toxapex\n|-damage|p1a: Toxapex|35\/100\n|-heal|p1a: Toxapex|42\/100|[from] item: Black Sludge\n|upkeep\n|turn|5\n|\n|t:|1607815375\n|move|p1a: Toxapex|Recover|p1a: Toxapex\n|-heal|p1a: Toxapex|92\/100\n|move|p2a: Slowking|Future Sight|p1a: Toxapex\n|-start|p2a: Slowking|move: Future Sight\n|\n|-heal|p1a: Toxapex|98\/100|[from] item: Black Sludge\n|upkeep\n|turn|6\n|\n|t:|1607815383\n|move|p1a: Toxapex|Scald|p2a: Slowking\n|-damage|p2a: Slowking|93\/100\n|move|p2a: Slowking|Sludge Wave|p1a: Toxapex\n|-resisted|p1a: Toxapex\n|-damage|p1a: Toxapex|86\/100\n|\n|-heal|p1a: Toxapex|92\/100|[from] item: Black Sludge\n|upkeep\n|turn|7\n|\n|t:|1607815394\n|switch|p2a: Hydreigon|Hydreigon, M|100\/100\n|move|p1a: Toxapex|Scald|p2a: Hydreigon\n|-resisted|p2a: Hydreigon\n|-damage|p2a: Hydreigon|91\/100\n|\n|-end|p1a: Toxapex|move: Future Sight\n|-supereffective|p1a: Toxapex\n|-damage|p1a: Toxapex|27\/100\n|-heal|p1a: Toxapex|33\/100|[from] item: Black Sludge\n|upkeep\n|turn|8\n|\n|t:|1607815407\n|switch|p1a: Togekiss|Togekiss, F|100\/100\n|move|p2a: Hydreigon|Dragon Pulse|p1a: Togekiss\n|-immune|p1a: Togekiss\n|\n|upkeep\n|turn|9\n|\n|t:|1607815416\n|switch|p2a: Slowking|Slowking-Galar, M|100\/100\n|switch|p1a: Diggersby|Diggersby, M|100\/100\n|\n|upkeep\n|turn|10\n|\n|t:|1607815422\n|switch|p2a: Zapdos|Zapdos|79\/100 brn\n|move|p1a: Diggersby|Knock Off|p2a: Zapdos\n|-damage|p2a: Zapdos|45\/100 brn\n|-enditem|p2a: Zapdos|Heavy-Duty Boots|[from] move: Knock Off|[of] p1a: Diggersby\n|\n|-damage|p2a: Zapdos|39\/100 brn|[from] brn\n|upkeep\n|turn|11\n|\n|t:|1607815434\n|switch|p1a: Toxapex|Toxapex, F|66\/100\n|switch|p2a: Scizor|Scizor, M|100\/100\n|\n|-heal|p1a: Toxapex|73\/100|[from] item: Black Sludge\n|upkeep\n|turn|12\n|\n|t:|1607815442\n|switch|p1a: Ferrothorn|Ferrothorn, M|100\/100\n|move|p2a: Scizor|Swords Dance|p2a: Scizor\n|-boost|p2a: Scizor|atk|2\n|\n|upkeep\n|turn|13\n|\n|t:|1607815449\n|move|p2a: Scizor|Superpower|p1a: Ferrothorn\n|-supereffective|p1a: Ferrothorn\n|-damage|p1a: Ferrothorn|1\/100\n|-unboost|p2a: Scizor|atk|1\n|-unboost|p2a: Scizor|def|1\n|-damage|p2a: Scizor|88\/100|[from] ability: Iron Barbs|[of] p1a: Ferrothorn\n|-damage|p2a: Scizor|72\/100|[from] item: Rocky Helmet|[of] p1a: Ferrothorn\n|move|p1a: Ferrothorn|Stealth Rock|p2a: Scizor\n|-sidestart|p2: glaed13|move: Stealth Rock\n|\n|upkeep\n|turn|14\n|\n|t:|1607815458\n|move|p2a: Scizor|Knock Off|p1a: Ferrothorn\n|-damage|p1a: Ferrothorn|0 fnt\n|-damage|p2a: Scizor|59\/100|[from] ability: Iron Barbs|[of] p1a: Ferrothorn\n|-damage|p2a: Scizor|43\/100|[from] item: Rocky Helmet|[of] p1a: Ferrothorn\n|-enditem|p1a: Ferrothorn|Rocky Helmet|[from] move: Knock Off|[of] p2a: Scizor\n|faint|p1a: Ferrothorn\n|\n|upkeep\n|\n|t:|1607815465\n|switch|p1a: Diggersby|Diggersby, M|100\/100\n|turn|15\n|\n|t:|1607815471\n|move|p2a: Scizor|Bullet Punch|p1a: Diggersby\n|-damage|p1a: Diggersby|10\/100\n|move|p1a: Diggersby|Fire Punch|p2a: Scizor\n|-supereffective|p2a: Scizor\n|-damage|p2a: Scizor|0 fnt\n|faint|p2a: Scizor\n|\n|upkeep\n|\n|t:|1607815498\n|switch|p2a: Hydreigon|Hydreigon, M|91\/100\n|-damage|p2a: Hydreigon|78\/100|[from] Stealth Rock\n|turn|16\n|\n|t:|1607815505\n|switch|p1a: Togekiss|Togekiss, F|100\/100\n|move|p2a: Hydreigon|Flash Cannon|p1a: Togekiss\n|-supereffective|p1a: Togekiss\n|-damage|p1a: Togekiss|34\/100\n|-damage|p2a: Hydreigon|69\/100|[from] item: Life Orb\n|\n|-heal|p1a: Togekiss|40\/100|[from] item: Leftovers\n|upkeep\n|turn|17\n|\n|t:|1607815516\n|move|p2a: Hydreigon|Flash Cannon|p1a: Togekiss\n|-supereffective|p1a: Togekiss\n|-damage|p1a: Togekiss|0 fnt\n|-damage|p2a: Hydreigon|59\/100|[from] item: Life Orb\n|faint|p1a: Togekiss\n|\n|upkeep\n|\n|t:|1607815522\n|switch|p1a: Inteleon|Inteleon, F|19\/100\n|turn|18\n|\n|t:|1607815530\n|switch|p2a: Slowking|Slowking-Galar, M|100\/100\n|-damage|p2a: Slowking|88\/100|[from] Stealth Rock\n|move|p1a: Inteleon|Ice Beam|p2a: Slowking\n|-damage|p2a: Slowking|71\/100\n|-damage|p1a: Inteleon|9\/100|[from] item: Life Orb\n|\n|upkeep\n|turn|19\n|\n|t:|1607815539\n|move|p1a: Inteleon|Surf|p2a: Slowking\n|-damage|p2a: Slowking|33\/100\n|-damage|p1a: Inteleon|0 fnt|[from] item: Life Orb\n|faint|p1a: Inteleon\n|move|p2a: Slowking|Future Sight|p1: Inteleon|[notarget]\n|-fail|p2a: Slowking\n|\n|upkeep\n|\n|t:|1607815546\n|switch|p1a: Diggersby|Diggersby, M|10\/100\n|turn|20\n|\n|t:|1607815551\n|switch|p2a: Zapdos|Zapdos|39\/100 brn\n|-damage|p2a: Zapdos|14\/100 brn|[from] Stealth Rock\n|move|p1a: Diggersby|Body Slam|p2a: Zapdos\n|-damage|p2a: Zapdos|0 fnt\n|-status|p1a: Diggersby|par|[from] ability: Static|[of] p2a: Zapdos\n|faint|p2a: Zapdos\n|\n|upkeep\n|\n|t:|1607815571\n|switch|p2a: Hydreigon|Hydreigon, M|59\/100\n|-damage|p2a: Hydreigon|47\/100|[from] Stealth Rock\n|turn|21\n|\n|t:|1607815577\n|move|p2a: Hydreigon|Dragon Pulse|p1a: Diggersby\n|-damage|p1a: Diggersby|0 fnt\n|-damage|p2a: Hydreigon|37\/100|[from] item: Life Orb\n|faint|p1a: Diggersby\n|\n|upkeep\n|\n|t:|1607815582\n|switch|p1a: Dragapult|Dragapult, M|100\/100\n|turn|22\n|\n|t:|1607815596\n|move|p1a: Dragapult|Dragon Darts|p2a: Hydreigon\n|-supereffective|p2a: Hydreigon\n|-damage|p2a: Hydreigon|0 fnt\n|faint|p2a: Hydreigon\n|\n|upkeep\n|\n|t:|1607815605\n|switch|p2a: Whimsicott|Whimsicott, F|100\/100\n|-damage|p2a: Whimsicott|88\/100|[from] Stealth Rock\n|turn|23\n|\n|t:|1607815614\n|move|p2a: Whimsicott|Grassy Terrain|p2a: Whimsicott\n|-fieldstart|move: Grassy Terrain\n|move|p1a: Dragapult|Phantom Force||[still]\n|-prepare|p1a: Dragapult|Phantom Force\n|\n|-heal|p2a: Whimsicott|94\/100|[from] Grassy Terrain\n|upkeep\n|turn|24\n|\n|t:|1607815625\n|switch|p2a: Slowking|Slowking-Galar, M|66\/100\n|-damage|p2a: Slowking|54\/100|[from] Stealth Rock\n|move|p1a: Dragapult|Phantom Force|p2a: Slowking|[from]lockedmove\n|-supereffective|p2a: Slowking\n|-damage|p2a: Slowking|0 fnt\n|faint|p2a: Slowking\n|\n|upkeep\n|\n|t:|1607815634\n|switch|p2a: Whimsicott|Whimsicott, F|94\/100\n|-damage|p2a: Whimsicott|82\/100|[from] Stealth Rock\n|turn|25\n|\n|t:|1607815641\n|switch|p1a: Toxapex|Toxapex, F|100\/100\n|move|p2a: Whimsicott|Memento|p1a: Toxapex\n|-unboost|p1a: Toxapex|atk|2\n|-unboost|p1a: Toxapex|spa|2\n|faint|p2a: Whimsicott\n|\n|upkeep\n|\n|t:|1607815649\n|switch|p2a: Hawlucha|Hawlucha, M|100\/100\n|-damage|p2a: Hawlucha|88\/100|[from] Stealth Rock\n|-enditem|p2a: Hawlucha|Grassy Seed\n|-boost|p2a: Hawlucha|def|1|[from] item: Grassy Seed\n|turn|26\n|\n|t:|1607815656\n|move|p2a: Hawlucha|Swords Dance|p2a: Hawlucha\n|-boost|p2a: Hawlucha|atk|2\n|move|p1a: Toxapex|Toxic|p2a: Hawlucha\n|-status|p2a: Hawlucha|tox\n|\n|-damage|p2a: Hawlucha|82\/100 tox|[from] psn\n|upkeep\n|turn|27\n|\n|t:|1607815664\n|move|p2a: Hawlucha|Swords Dance|p2a: Hawlucha\n|-boost|p2a: Hawlucha|atk|2\n|move|p1a: Toxapex|Scald|p2a: Hawlucha\n|-damage|p2a: Hawlucha|67\/100 tox\n|\n|-fieldend|move: Grassy Terrain\n|-damage|p2a: Hawlucha|55\/100 tox|[from] psn\n|upkeep\n|turn|28\n|\n|t:|1607815674\n|move|p1a: Toxapex|Baneful Bunker|p1a: Toxapex\n|-singleturn|p1a: Toxapex|move: Protect\n|move|p2a: Hawlucha|Acrobatics|p1a: Toxapex\n|-activate|p1a: Toxapex|move: Protect\n|\n|-damage|p2a: Hawlucha|37\/100 tox|[from] psn\n|upkeep\n|turn|29\n|c|\u2606RST4|gg son\n|\n|t:|1607815684\n|move|p2a: Hawlucha|Acrobatics|p1a: Toxapex\n|-damage|p1a: Toxapex|0 fnt\n|faint|p1a: Toxapex\n|\n|-damage|p2a: Hawlucha|12\/100 tox|[from] psn\n|upkeep\n|\n|t:|1607815689\n|switch|p1a: Dragapult|Dragapult, M|100\/100\n|turn|30\n|\n|t:|1607815694\n|move|p1a: Dragapult|Sucker Punch|p2a: Hawlucha\n|-resisted|p2a: Hawlucha\n|-damage|p2a: Hawlucha|2\/100 tox\n|move|p2a: Hawlucha|Acrobatics|p1a: Dragapult\n|-enditem|p1a: Dragapult|Focus Sash\n|-damage|p1a: Dragapult|1\/100\n|\n|-damage|p2a: Hawlucha|0 fnt|[from] psn\n|faint|p2a: Hawlucha\n|\n|win|RST4\n|upkeep\n|l|\u2606glaed13\n|raw|RST4's rating: 1441 &rarr; <strong>1465<\/strong><br \/>(+24 for winning)\n|raw|glaed13's rating: 1499 &rarr; <strong>1476<\/strong><br \/>(-23 for losing)\n","uploadtime":1607815705,"views":4,"p1id":"rst4","p2id":"glaed13","formatid":"gen8ou","rating":1465,"private":0,"password":null}