{"id":"gen8ou-1235492564","p1":"DavidGiantHogg","p2":"TryHonesty","format":"gen8ou","log":"|j|\u2606DavidGiantHogg\n|j|\u2606TryHonesty\n|t:|1606893869\n|player|p1|DavidGiantHogg|101|1754\n|player|p2|TryHonesty|101|1715\n|teamsize|p1|6\n|teamsize|p2|6\n|gametype|singles\n|gen|8\n|tier|[Gen 8] OU\n|rated|\n|clearpoke\n|poke|p1|Urshifu-*, M|\n|poke|p1|Garchomp, M|\n|poke|p1|Regieleki|\n|poke|p1|Spectrier|\n|poke|p1|Magearna|\n|poke|p1|Landorus-Therian, M|\n|poke|p2|Spectrier|\n|poke|p2|Mamoswine, F|\n|poke|p2|Nidoking, M|\n|poke|p2|Tapu Fini|\n|poke|p2|Rillaboom, M|\n|poke|p2|Salamence, F|\n|rule|Sleep Clause Mod: Limit one foe put to sleep\n|rule|Species Clause: Limit one of each Pok\u00e9mon\n|rule|OHKO Clause: OHKO moves are banned\n|rule|Evasion Moves Clause: Evasion moves are banned\n|rule|Endless Battle Clause: Forcing endless battles is banned\n|rule|HP Percentage Mod: HP is shown in percentages\n|rule|Dynamax Clause: You cannot dynamax\n|teampreview\n|inactive|Battle timer is ON: inactive players will automatically lose when time's up. (requested by DavidGiantHogg)\n|j| Trunx\n|\n|t:|1606893886\n|start\n|switch|p1a: Urshifu|Urshifu, M|100\/100\n|switch|p2a: Mamoswine|Mamoswine, F|100\/100\n|turn|1\n|\n|t:|1606893889\n|switch|p2a: Tapu Fini|Tapu Fini|100\/100\n|-fieldstart|move: Misty Terrain|[from] ability: Misty Surge|[of] p2a: Tapu Fini\n|move|p1a: Urshifu|Wicked Blow|p2a: Tapu Fini\n|-resisted|p2a: Tapu Fini\n|-crit|p2a: Tapu Fini\n|-damage|p2a: Tapu Fini|72\/100\n|-damage|p1a: Urshifu|91\/100|[from] item: Life Orb\n|\n|-heal|p2a: Tapu Fini|78\/100|[from] item: Leftovers\n|upkeep\n|turn|2\n|j| Yuno Delphine\n|j| rooopos\n|\n|t:|1606893900\n|switch|p1a: Landorus|Landorus-Therian, M|100\/100\n|-ability|p1a: Landorus|Intimidate|boost\n|-unboost|p2a: Tapu Fini|atk|1\n|switch|p2a: Mamoswine|Mamoswine, F|100\/100\n|\n|upkeep\n|turn|3\n|\n|t:|1606893905\n|move|p1a: Landorus|Explosion|p2a: Mamoswine\n|-damage|p2a: Mamoswine|0 fnt\n|faint|p1a: Landorus\n|faint|p2a: Mamoswine\n|\n|upkeep\n|l| rooopos\n|j| theDEIDO\n|j| Vessev\n|\n|t:|1606893912\n|switch|p1a: Scarftrier|Spectrier|100\/100\n|switch|p2a: Salamence|Salamence, F|100\/100\n|turn|4\n|j| xfier1992\n|\n|t:|1606893917\n|move|p1a: Scarftrier|Shadow Ball|p2a: Salamence\n|-damage|p2a: Salamence|23\/100\n|move|p2a: Salamence|Dragon Dance|p2a: Salamence\n|-boost|p2a: Salamence|atk|1\n|-boost|p2a: Salamence|spe|1\n|\n|-heal|p2a: Salamence|29\/100|[from] item: Leftovers\n|upkeep\n|turn|5\n|\n|t:|1606893923\n|move|p2a: Salamence|Dual Wingbeat|p1a: Scarftrier\n|-crit|p1a: Scarftrier\n|-damage|p1a: Scarftrier|14\/100\n|-damage|p1a: Scarftrier|0 fnt\n|-hitcount|p1a: Scarftrier|2\n|faint|p1a: Scarftrier\n|-ability|p2a: Salamence|Moxie|boost\n|-boost|p2a: Salamence|atk|1\n|\n|-heal|p2a: Salamence|35\/100|[from] item: Leftovers\n|-fieldend|Misty Terrain\n|upkeep\n|\n|t:|1606893926\n|switch|p1a: Regieleki|Regieleki|100\/100\n|turn|6\n|\n|t:|1606893931\n|switch|p2a: Nidoking|Nidoking, M|100\/100\n|move|p1a: Regieleki|Thunder Wave|p2a: Nidoking\n|-immune|p2a: Nidoking\n|\n|upkeep\n|turn|7\n|j| Buffboyjared\n|\n|t:|1606893935\n|move|p1a: Regieleki|Light Screen|p1a: Regieleki\n|-sidestart|p1: DavidGiantHogg|move: Light Screen\n|move|p2a: Nidoking|Substitute|p2a: Nidoking\n|-start|p2a: Nidoking|Substitute\n|-damage|p2a: Nidoking|76\/100\n|\n|upkeep\n|turn|8\n|\n|t:|1606893939\n|switch|p1a: Urshifu|Urshifu, M|91\/100\n|move|p2a: Nidoking|Earth Power|p1a: Urshifu\n|-damage|p1a: Urshifu|45\/100\n|\n|upkeep\n|turn|9\n|\n|t:|1606893945\n|move|p1a: Urshifu|Wicked Blow|p2a: Nidoking\n|-crit|p2a: Nidoking\n|-end|p2a: Nidoking|Substitute\n|-damage|p1a: Urshifu|35\/100|[from] item: Life Orb\n|move|p2a: Nidoking|Sludge Wave|p1a: Urshifu\n|-damage|p1a: Urshifu|0 fnt\n|faint|p1a: Urshifu\n|\n|upkeep\n|l| Buffboyjared\n|inactive|DavidGiantHogg has 120 seconds left.\n|\n|t:|1606893980\n|switch|p1a: Magearna|Magearna|100\/100\n|turn|10\n|\n|t:|1606893990\n|move|p2a: Nidoking|Earth Power|p1a: Magearna\n|-supereffective|p1a: Magearna\n|-damage|p1a: Magearna|50\/100\n|-enditem|p1a: Magearna|Weakness Policy\n|-boost|p1a: Magearna|atk|2|[from] item: Weakness Policy\n|-boost|p1a: Magearna|spa|2|[from] item: Weakness Policy\n|move|p1a: Magearna|Shift Gear|p1a: Magearna\n|-boost|p1a: Magearna|spe|2\n|-boost|p1a: Magearna|atk|1\n|\n|upkeep\n|turn|11\n|\n|t:|1606894000\n|move|p1a: Magearna|Stored Power|p2a: Nidoking\n|-supereffective|p2a: Nidoking\n|-damage|p2a: Nidoking|0 fnt\n|faint|p2a: Nidoking\n|-ability|p1a: Magearna|Soul-Heart|boost\n|-boost|p1a: Magearna|spa|1\n|\n|upkeep\n|\n|t:|1606894012\n|switch|p2a: Salamence|Salamence, F|35\/100\n|turn|12\n|\n|t:|1606894015\n|move|p1a: Magearna|Draining Kiss|p2a: Salamence\n|-supereffective|p2a: Salamence\n|-damage|p2a: Salamence|0 fnt\n|-heal|p1a: Magearna|73\/100|[from] drain|[of] p2a: Salamence\n|faint|p2a: Salamence\n|-ability|p1a: Magearna|Soul-Heart|boost\n|-boost|p1a: Magearna|spa|1\n|\n|upkeep\n|-message|TryHonesty forfeited.\n|\n|win|DavidGiantHogg\n|l|\u2606TryHonesty\n|raw|DavidGiantHogg's rating: 1754 &rarr; <strong>1771<\/strong><br \/>(+17 for winning)\n|raw|TryHonesty's rating: 1715 &rarr; <strong>1697<\/strong><br \/>(-18 for losing)\n|l| Trunx\n|l|\u2606DavidGiantHogg\n|l| Yuno Delphine\n|l| theDEIDO\n","uploadtime":1606894030,"views":31,"p1id":"davidgianthogg","p2id":"tryhonesty","formatid":"gen8ou","rating":1697,"private":0,"password":null}