{"id":"gen8nationaldex-1670272096","p1":"JeanPierre693","p2":"Darkman64","format":"gen8nationaldex","log":"|j|\u2606JeanPierre693\n|j|\u2606Darkman64\n|t:|1664144324\n|gametype|singles\n|player|p1|JeanPierre693|elio|\n|player|p2|Darkman64|juan|\n|teamsize|p1|6\n|teamsize|p2|6\n|gen|8\n|tier|[Gen 8] National Dex\n|rule|HP Percentage Mod: HP is shown in percentages\n|rule|Endless Battle Clause: Forcing endless battles is banned\n|rule|OHKO Clause: OHKO moves are banned\n|rule|Evasion Moves Clause: Evasion moves are banned\n|rule|Species Clause: Limit one of each Pok\u00e9mon\n|rule|Dynamax Clause: You cannot dynamax\n|rule|Sleep Clause Mod: Limit one foe put to sleep\n|clearpoke\n|poke|p1|Diancie|\n|poke|p1|Landorus-Therian, M|\n|poke|p1|Zapdos|\n|poke|p1|Cinccino, M|\n|poke|p1|Perrserker, F|\n|poke|p1|Vivillon-Tundra, M|\n|poke|p2|Toxapex, M|\n|poke|p2|Weavile, F|\n|poke|p2|Landorus-Therian, M|\n|poke|p2|Exeggutor, F|\n|poke|p2|Ninetales, F|\n|poke|p2|Wigglytuff, F|\n|teampreview\n|inactive|Battle timer is ON: inactive players will automatically lose when time's up. (requested by Darkman64)\n|\n|t:|1664144348\n|start\n|switch|p1a: Vivillon|Vivillon-Tundra, M|100\/100\n|switch|p2a: Landorus|Landorus-Therian, M|100\/100\n|-ability|p2a: Landorus|Intimidate|boost\n|-unboost|p1a: Vivillon|atk|1\n|turn|1\n|\n|t:|1664144366\n|move|p1a: Vivillon|Sleep Powder|p2a: Landorus\n|-status|p2a: Landorus|slp|[from] move: Sleep Powder\n|cant|p2a: Landorus|slp\n|\n|upkeep\n|turn|2\n|\n|t:|1664144374\n|switch|p2a: Ninetales|Ninetales, F|100\/100\n|-weather|SunnyDay|[from] ability: Drought|[of] p2a: Ninetales\n|move|p1a: Vivillon|Quiver Dance|p1a: Vivillon\n|-boost|p1a: Vivillon|spa|1\n|-boost|p1a: Vivillon|spd|1\n|-boost|p1a: Vivillon|spe|1\n|\n|-weather|SunnyDay|[upkeep]\n|upkeep\n|turn|3\n|\n|t:|1664144396\n|switch|p1a: Diancie|Diancie|100\/100\n|move|p2a: Ninetales|Flamethrower|p1a: Diancie\n|-resisted|p1a: Diancie\n|-damage|p1a: Diancie|82\/100\n|\n|-weather|SunnyDay|[upkeep]\n|upkeep\n|turn|4\n|\n|t:|1664144412\n|switch|p2a: Toxapex|Toxapex, M|100\/100\n|detailschange|p1a: Diancie|Diancie-Mega\n|-mega|p1a: Diancie|Diancie|Diancite\n|move|p1a: Diancie|Diamond Storm|p2a: Toxapex\n|-damage|p2a: Toxapex|62\/100\n|\n|-weather|SunnyDay|[upkeep]\n|-heal|p2a: Toxapex|68\/100|[from] item: Black Sludge\n|upkeep\n|turn|5\n|\n|t:|1664144423\n|switch|p2a: Exeggutor|Exeggutor, F|100\/100\n|move|p1a: Diancie|Earth Power|p2a: Exeggutor\n|-resisted|p2a: Exeggutor\n|-damage|p2a: Exeggutor|84\/100\n|\n|-weather|SunnyDay|[upkeep]\n|upkeep\n|turn|6\n|\n|t:|1664144432\n|move|p1a: Diancie|Mystical Fire|p2a: Exeggutor\n|-supereffective|p2a: Exeggutor\n|-damage|p2a: Exeggutor|0 fnt\n|faint|p2a: Exeggutor\n|\n|-weather|SunnyDay|[upkeep]\n|upkeep\n|\n|t:|1664144436\n|switch|p2a: Weavile|Weavile, F|100\/100\n|-ability|p2a: Weavile|Pressure\n|turn|7\n|\n|t:|1664144443\n|move|p2a: Weavile|Triple Axel|p1a: Diancie\n|-damage|p1a: Diancie|58\/100\n|-damage|p1a: Diancie|13\/100\n|-damage|p1a: Diancie|0 fnt\n|faint|p1a: Diancie\n|-hitcount|p1: Diancie|3\n|\n|-weather|SunnyDay|[upkeep]\n|upkeep\n|\n|t:|1664144453\n|switch|p1a: Cinccino|Cinccino, M|100\/100\n|turn|8\n|\n|t:|1664144462\n|switch|p2a: Landorus|Landorus-Therian, M|100\/100 slp\n|-ability|p2a: Landorus|Intimidate|boost\n|-unboost|p1a: Cinccino|atk|1\n|move|p1a: Cinccino|Rock Blast|p2a: Landorus\n|-damage|p2a: Landorus|90\/100 slp\n|-damage|p2a: Landorus|80\/100 slp\n|-hitcount|p2a: Landorus|2\n|\n|-weather|SunnyDay|[upkeep]\n|-heal|p2a: Landorus|86\/100 slp|[from] item: Leftovers\n|upkeep\n|turn|9\n|\n|t:|1664144475\n|switch|p1a: Landorus|Landorus-Therian, M|100\/100\n|-ability|p1a: Landorus|Intimidate|boost\n|-unboost|p2a: Landorus|atk|1\n|-curestatus|p2a: Landorus|slp|[msg]\n|move|p2a: Landorus|U-turn|p1a: Landorus\n|-resisted|p1a: Landorus\n|-damage|p1a: Landorus|92\/100\n|\n|t:|1664144478\n|switch|p2a: Weavile|Weavile, F|100\/100|[from]move: U-turn\n|-ability|p2a: Weavile|Pressure\n|\n|-weather|none\n|upkeep\n|turn|10\n|\n|t:|1664144492\n|switch|p1a: Cinccino|Cinccino, M|100\/100\n|move|p2a: Weavile|Triple Axel|p1a: Cinccino\n|-damage|p1a: Cinccino|74\/100\n|-damage|p1a: Cinccino|24\/100\n|-damage|p1a: Cinccino|0 fnt\n|faint|p1a: Cinccino\n|-hitcount|p1: Cinccino|3\n|\n|upkeep\n|\n|t:|1664144502\n|switch|p1a: Perrserker|Perrserker, F|100\/100\n|turn|11\n|\n|t:|1664144513\n|switch|p2a: Landorus|Landorus-Therian, M|86\/100\n|-ability|p2a: Landorus|Intimidate|boost\n|-unboost|p1a: Perrserker|atk|1\n|move|p1a: Perrserker|Play Rough|p2a: Landorus\n|-damage|p2a: Landorus|60\/100\n|\n|-heal|p2a: Landorus|66\/100|[from] item: Leftovers\n|upkeep\n|turn|12\n|\n|t:|1664144524\n|switch|p1a: Zapdos|Zapdos|100\/100\n|move|p2a: Landorus|Knock Off|p1a: Zapdos\n|-damage|p1a: Zapdos|73\/100\n|-damage|p2a: Landorus|50\/100|[from] item: Rocky Helmet|[of] p1a: Zapdos\n|-enditem|p1a: Zapdos|Rocky Helmet|[from] move: Knock Off|[of] p2a: Landorus\n|\n|-heal|p2a: Landorus|56\/100|[from] item: Leftovers\n|upkeep\n|turn|13\n|\n|t:|1664144536\n|move|p1a: Zapdos|Heat Wave|p2a: Landorus\n|-damage|p2a: Landorus|37\/100\n|move|p2a: Landorus|U-turn|p1a: Zapdos\n|-resisted|p1a: Zapdos\n|-damage|p1a: Zapdos|64\/100\n|-status|p2a: Landorus|par|[from] ability: Static|[of] p1a: Zapdos\n|\n|t:|1664144539\n|switch|p2a: Weavile|Weavile, F|100\/100|[from]move: U-turn\n|-ability|p2a: Weavile|Pressure\n|\n|upkeep\n|turn|14\n|\n|t:|1664144550\n|move|p2a: Weavile|Triple Axel|p1a: Zapdos\n|-supereffective|p1a: Zapdos\n|-damage|p1a: Zapdos|36\/100\n|-status|p2a: Weavile|par|[from] ability: Static|[of] p1a: Zapdos\n|-supereffective|p1a: Zapdos\n|-damage|p1a: Zapdos|0 fnt\n|faint|p1a: Zapdos\n|-hitcount|p1: Zapdos|2\n|\n|upkeep\n|\n|t:|1664144562\n|switch|p1a: Landorus|Landorus-Therian, M|92\/100\n|-ability|p1a: Landorus|Intimidate|boost\n|-unboost|p2a: Weavile|atk|1\n|turn|15\n|\n|t:|1664144567\n|switch|p2a: Landorus|Landorus-Therian, M|37\/100 par\n|-ability|p2a: Landorus|Intimidate|boost\n|-unboost|p1a: Landorus|atk|1\n|move|p1a: Landorus|U-turn|p2a: Landorus\n|-resisted|p2a: Landorus\n|-damage|p2a: Landorus|29\/100 par\n|\n|t:|1664144577\n|switch|p1a: Vivillon|Vivillon-Tundra, M|100\/100|[from]move: U-turn\n|\n|-heal|p2a: Landorus|35\/100 par|[from] item: Leftovers\n|upkeep\n|turn|16\n|\n|t:|1664144584\n|switch|p1a: Landorus|Landorus-Therian, M|92\/100\n|-ability|p1a: Landorus|Intimidate|boost\n|-unboost|p2a: Landorus|atk|1\n|move|p2a: Landorus|U-turn|p1a: Landorus\n|-resisted|p1a: Landorus\n|-damage|p1a: Landorus|84\/100\n|\n|t:|1664144589\n|switch|p2a: Weavile|Weavile, F|100\/100 par|[from]move: U-turn\n|-ability|p2a: Weavile|Pressure\n|\n|upkeep\n|turn|17\n|\n|t:|1664144597\n|switch|p1a: Perrserker|Perrserker, F|100\/100\n|cant|p2a: Weavile|par\n|\n|upkeep\n|turn|18\n|c|\u2606Darkman64|habia echo la predic\n|\n|t:|1664144608\n|switch|p2a: Toxapex|Toxapex, M|100\/100\n|move|p1a: Perrserker|Iron Head|p2a: Toxapex\n|-resisted|p2a: Toxapex\n|-damage|p2a: Toxapex|84\/100\n|\n|-heal|p2a: Toxapex|90\/100|[from] item: Black Sludge\n|upkeep\n|turn|19\n|\n|t:|1664144619\n|switch|p1a: Landorus|Landorus-Therian, M|84\/100\n|-ability|p1a: Landorus|Intimidate|boost\n|-unboost|p2a: Toxapex|atk|1\n|move|p2a: Toxapex|Scald|p1a: Landorus\n|-supereffective|p1a: Landorus\n|-damage|p1a: Landorus|42\/100\n|-status|p1a: Landorus|brn\n|\n|-heal|p2a: Toxapex|96\/100|[from] item: Black Sludge\n|-damage|p1a: Landorus|36\/100 brn|[from] brn\n|upkeep\n|turn|20\n|\n|t:|1664144633\n|switch|p2a: Wigglytuff|Wigglytuff, F|100\/100\n|-zpower|p1a: Landorus\n|move|p1a: Landorus|Supersonic Skystrike|p2a: Wigglytuff|[zeffect]\n|-damage|p2a: Wigglytuff|58\/100\n|\n|-heal|p2a: Wigglytuff|65\/100|[from] item: Leftovers\n|-damage|p1a: Landorus|30\/100 brn|[from] brn\n|upkeep\n|turn|21\n|\n|t:|1664144646\n|move|p1a: Landorus|Earthquake|p2a: Wigglytuff\n|-damage|p2a: Wigglytuff|41\/100\n|move|p2a: Wigglytuff|Wish|p2a: Wigglytuff\n|\n|-heal|p2a: Wigglytuff|47\/100|[from] item: Leftovers\n|-damage|p1a: Landorus|23\/100 brn|[from] brn\n|upkeep\n|turn|22\n|\n|t:|1664144655\n|switch|p2a: Landorus|Landorus-Therian, M|35\/100 par\n|-ability|p2a: Landorus|Intimidate|boost\n|-unboost|p1a: Landorus|atk|1\n|move|p1a: Landorus|Stealth Rock|p2a: Landorus\n|-sidestart|p2: Darkman64|move: Stealth Rock\n|\n|-heal|p2a: Landorus|98\/100 par|[from] move: Wish|[wisher] Wigglytuff\n|-heal|p2a: Landorus|100\/100 par|[from] item: Leftovers\n|-damage|p1a: Landorus|17\/100 brn|[from] brn\n|upkeep\n|turn|23\n|inactive|Darkman64 has 270 seconds left.\n|c|\u2606Darkman64|perdon\n|c|\u2606Darkman64|mi hermano me pidio algo\n|\n|t:|1664144711\n|switch|p1a: Perrserker|Perrserker, F|100\/100\n|move|p2a: Landorus|Defog|p1a: Perrserker\n|-unboost|p1a: Perrserker|evasion|1\n|-sideend|p2: Darkman64|Stealth Rock|[from] move: Defog|[of] p2a: Landorus\n|\n|upkeep\n|turn|24\n|\n|t:|1664144721\n|switch|p1a: Landorus|Landorus-Therian, M|17\/100 brn\n|-ability|p1a: Landorus|Intimidate|boost\n|-unboost|p2a: Landorus|atk|1\n|move|p2a: Landorus|Knock Off|p1a: Landorus\n|-damage|p1a: Landorus|1\/100 brn\n|\n|-damage|p1a: Landorus|0 fnt|[from] brn\n|faint|p1a: Landorus\n|upkeep\n|\n|t:|1664144733\n|switch|p1a: Vivillon|Vivillon-Tundra, M|100\/100\n|turn|25\n|\n|t:|1664144742\n|move|p1a: Vivillon|Quiver Dance|p1a: Vivillon\n|-boost|p1a: Vivillon|spa|1\n|-boost|p1a: Vivillon|spd|1\n|-boost|p1a: Vivillon|spe|1\n|move|p2a: Landorus|U-turn|p1a: Vivillon\n|-resisted|p1a: Vivillon\n|-damage|p1a: Vivillon|86\/100\n|\n|t:|1664144744\n|switch|p2a: Ninetales|Ninetales, F|100\/100|[from]move: U-turn\n|-weather|SunnyDay|[from] ability: Drought|[of] p2a: Ninetales\n|\n|-weather|SunnyDay|[upkeep]\n|upkeep\n|turn|26\n|\n|t:|1664144755\n|move|p1a: Vivillon|Sleep Powder|p2a: Ninetales|[miss]\n|-miss|p1a: Vivillon|p2a: Ninetales\n|move|p2a: Ninetales|Encore|p1a: Vivillon\n|-start|p1a: Vivillon|Encore\n|\n|-weather|SunnyDay|[upkeep]\n|upkeep\n|turn|27\n|\n|t:|1664144763\n|switch|p2a: Weavile|Weavile, F|100\/100 par\n|-ability|p2a: Weavile|Pressure\n|move|p1a: Vivillon|Sleep Powder||[still]\n|-fail|p1a: Vivillon\n|\n|-weather|SunnyDay|[upkeep]\n|upkeep\n|turn|28\n|c|\u2606Darkman64|gg\n|\n|t:|1664144772\n|switch|p1a: Perrserker|Perrserker, F|100\/100\n|move|p2a: Weavile|Knock Off|p1a: Perrserker\n|-damage|p1a: Perrserker|21\/100\n|-enditem|p1a: Perrserker|Choice Scarf|[from] move: Knock Off|[of] p2a: Weavile\n|\n|-weather|SunnyDay|[upkeep]\n|upkeep\n|turn|29\n|\n|t:|1664144783\n|switch|p1a: Vivillon|Vivillon-Tundra, M|86\/100\n|switch|p2a: Wigglytuff|Wigglytuff, F|47\/100\n|\n|-weather|SunnyDay|[upkeep]\n|-heal|p2a: Wigglytuff|54\/100|[from] item: Leftovers\n|upkeep\n|turn|30\n|\n|t:|1664144793\n|move|p1a: Vivillon|Quiver Dance|p1a: Vivillon\n|-boost|p1a: Vivillon|spa|1\n|-boost|p1a: Vivillon|spd|1\n|-boost|p1a: Vivillon|spe|1\n|move|p2a: Wigglytuff|Thunder Wave|p1a: Vivillon\n|-status|p1a: Vivillon|par\n|\n|-weather|SunnyDay|[upkeep]\n|-heal|p2a: Wigglytuff|60\/100|[from] item: Leftovers\n|upkeep\n|turn|31\n|\n|t:|1664144804\n|move|p1a: Vivillon|Quiver Dance|p1a: Vivillon\n|-boost|p1a: Vivillon|spa|1\n|-boost|p1a: Vivillon|spd|1\n|-boost|p1a: Vivillon|spe|1\n|move|p2a: Wigglytuff|Teleport|p2a: Wigglytuff\n|\n|t:|1664144806\n|switch|p2a: Ninetales|Ninetales, F|100\/100|[from]move: Teleport\n|\n|-weather|SunnyDay|[upkeep]\n|upkeep\n|turn|32\n|\n|t:|1664144816\n|cant|p1a: Vivillon|par\n|move|p2a: Ninetales|Encore|p1a: Vivillon\n|-start|p1a: Vivillon|Encore\n|\n|-weather|none\n|upkeep\n|turn|33\n|\n|t:|1664144825\n|cant|p1a: Vivillon|par\n|move|p2a: Ninetales|Flamethrower|p1a: Vivillon\n|-supereffective|p1a: Vivillon\n|-damage|p1a: Vivillon|34\/100 par\n|\n|upkeep\n|turn|34\n|c|\u2606Darkman64|ganaba igual por icy shard\n|\n|t:|1664144832\n|cant|p1a: Vivillon|par\n|move|p2a: Ninetales|Flamethrower|p1a: Vivillon\n|-supereffective|p1a: Vivillon\n|-damage|p1a: Vivillon|0 fnt\n|faint|p1a: Vivillon\n|\n|upkeep\n|\n|t:|1664144842\n|switch|p1a: Perrserker|Perrserker, F|21\/100\n|turn|35\n|\n|t:|1664144846\n|move|p1a: Perrserker|Fake Out|p2a: Ninetales\n|-damage|p2a: Ninetales|82\/100\n|cant|p2a: Ninetales|flinch\n|\n|upkeep\n|turn|36\n|\n|t:|1664144855\n|move|p2a: Ninetales|Flamethrower|p1a: Perrserker\n|-supereffective|p1a: Perrserker\n|-damage|p1a: Perrserker|0 fnt\n|faint|p1a: Perrserker\n|\n|win|Darkman64\n","uploadtime":1664144859,"views":16,"p1id":"jeanpierre693","p2id":"darkman64","formatid":"gen8nationaldex","rating":0,"private":0,"password":null}