{"id":"gen8randombattle-1606121349","p1":"GorLeon","p2":"LECH24","format":"gen8randombattle","log":"|j|\u2606GorLeon\n|j|\u2606LECH24\n|t:|1656437904\n|gametype|singles\n|player|p1|GorLeon|dragontamer|1473\n|player|p2|LECH24|169|1512\n|teamsize|p1|6\n|teamsize|p2|6\n|gen|8\n|tier|[Gen 8] Random Battle\n|rated|\n|rule|Species Clause: Limit one of each Pok\u00e9mon\n|rule|HP Percentage Mod: HP is shown in percentages\n|rule|Sleep Clause Mod: Limit one foe put to sleep\n|\n|t:|1656437904\n|start\n|switch|p1a: Solgaleo|Solgaleo, L72|316\/316\n|switch|p2a: Gardevoir|Gardevoir, L82, F|246\/246\n|-ability|p2a: Gardevoir|Full Metal Body|[from] ability: Trace|[of] p1a: Solgaleo\n|turn|1\n|inactive|Battle timer is ON: inactive players will automatically lose when time's up. (requested by GorLeon)\n|c|\u2606GorLeon|gl hf\n|\n|t:|1656437926\n|switch|p2a: Heatmor|Heatmor, L90, F|299\/299\n|move|p1a: Solgaleo|Sunsteel Strike|p2a: Heatmor\n|-resisted|p2a: Heatmor\n|-damage|p2a: Heatmor|206\/299\n|\n|upkeep\n|turn|2\n|\n|t:|1656437943\n|switch|p1a: Dragapult|Dragapult, L78, F|265\/265\n|move|p2a: Heatmor|Fire Lash|p1a: Dragapult\n|-resisted|p1a: Dragapult\n|-damage|p1a: Dragapult|206\/265\n|-unboost|p1a: Dragapult|def|1\n|\n|upkeep\n|turn|3\n|l|\u2606LECH24\n|inactive|LECH24 disconnected and has a minute to reconnect!\n|player|p2|\n|j|\u2606LECH24\n|inactive|LECH24 reconnected and has 140 seconds left.\n|player|p2|LECH24|169\n|\n|t:|1656437964\n|switch|p2a: Porygon-Z|Porygon-Z, L80|267\/267\n|move|p1a: Dragapult|Draco Meteor|p2a: Porygon-Z\n|-damage|p2a: Porygon-Z|63\/267\n|-unboost|p1a: Dragapult|spa|2\n|\n|upkeep\n|turn|4\n|\n|t:|1656437971\n|switch|p2a: Gardevoir|Gardevoir, L82, F|246\/246\n|-ability|p2a: Gardevoir|Infiltrator|[from] ability: Trace|[of] p1a: Dragapult\n|move|p1a: Dragapult|Draco Meteor|p2a: Gardevoir\n|-immune|p2a: Gardevoir\n|\n|upkeep\n|turn|5\n|\n|t:|1656437975\n|switch|p1a: Tapu Koko|Tapu Koko, L78|237\/237\n|-fieldstart|move: Electric Terrain|[from] ability: Electric Surge|[of] p1a: Tapu Koko\n|move|p2a: Gardevoir|Substitute|p2a: Gardevoir\n|-start|p2a: Gardevoir|Substitute\n|-damage|p2a: Gardevoir|185\/246\n|\n|-heal|p2a: Gardevoir|200\/246|[from] item: Leftovers\n|upkeep\n|turn|6\n|\n|t:|1656437982\n|move|p1a: Tapu Koko|Thunderbolt|p2a: Gardevoir\n|-end|p2a: Gardevoir|Substitute\n|-damage|p1a: Tapu Koko|214\/237|[from] item: Life Orb\n|move|p2a: Gardevoir|Moonblast|p1a: Tapu Koko\n|-damage|p1a: Tapu Koko|67\/237\n|-unboost|p1a: Tapu Koko|spa|1\n|\n|-heal|p2a: Gardevoir|215\/246|[from] item: Leftovers\n|upkeep\n|turn|7\n|\n|t:|1656437992\n|move|p1a: Tapu Koko|Thunderbolt|p2a: Gardevoir\n|-damage|p2a: Gardevoir|140\/246\n|-damage|p1a: Tapu Koko|44\/237|[from] item: Life Orb\n|move|p2a: Gardevoir|Moonblast|p1a: Tapu Koko\n|-damage|p1a: Tapu Koko|0 fnt\n|faint|p1a: Tapu Koko\n|\n|-heal|p2a: Gardevoir|155\/246|[from] item: Leftovers\n|upkeep\n|\n|t:|1656438003\n|switch|p1a: Solgaleo|Solgaleo, L72|316\/316\n|turn|8\n|\n|t:|1656438010\n|switch|p2a: Heatmor|Heatmor, L90, F|206\/299\n|move|p1a: Solgaleo|Knock Off|p2a: Heatmor\n|-damage|p2a: Heatmor|89\/299\n|-enditem|p2a: Heatmor|Heavy-Duty Boots|[from] move: Knock Off|[of] p1a: Solgaleo\n|\n|upkeep\n|turn|9\n|\n|t:|1656438022\n|move|p1a: Solgaleo|Knock Off|p2a: Heatmor\n|-damage|p2a: Heatmor|11\/299\n|move|p2a: Heatmor|Knock Off|p1a: Solgaleo\n|-supereffective|p1a: Solgaleo\n|-damage|p1a: Solgaleo|148\/316\n|-enditem|p1a: Solgaleo|Choice Band|[from] move: Knock Off|[of] p2a: Heatmor\n|\n|-fieldend|move: Electric Terrain\n|upkeep\n|turn|10\n|\n|t:|1656438036\n|move|p1a: Solgaleo|Sunsteel Strike|p2a: Heatmor\n|-resisted|p2a: Heatmor\n|-damage|p2a: Heatmor|0 fnt\n|faint|p2a: Heatmor\n|\n|upkeep\n|\n|t:|1656438039\n|switch|p2a: Talonflame|Talonflame, L81, F|259\/259\n|turn|11\n|\n|t:|1656438051\n|move|p2a: Talonflame|Swords Dance|p2a: Talonflame\n|-boost|p2a: Talonflame|atk|2\n|move|p1a: Solgaleo|Knock Off|p2a: Talonflame\n|-damage|p2a: Talonflame|172\/259\n|-enditem|p2a: Talonflame|Heavy-Duty Boots|[from] move: Knock Off|[of] p1a: Solgaleo\n|\n|upkeep\n|turn|12\n|\n|t:|1656438058\n|move|p2a: Talonflame|Flare Blitz|p1a: Solgaleo\n|-supereffective|p1a: Solgaleo\n|-damage|p1a: Solgaleo|0 fnt\n|faint|p1a: Solgaleo\n|-damage|p2a: Talonflame|123\/259|[from] Recoil\n|\n|upkeep\n|\n|t:|1656438064\n|switch|p1a: Dragapult|Dragapult, L78, F|206\/265\n|turn|13\n|\n|t:|1656438070\n|-start|p2a: Talonflame|Dynamax|\n|-heal|p2a: Talonflame|246\/518|[silent]\n|move|p1a: Dragapult|Draco Meteor|p2a: Talonflame\n|-crit|p2a: Talonflame\n|-damage|p2a: Talonflame|0 fnt\n|-unboost|p1a: Dragapult|spa|2\n|faint|p2a: Talonflame\n|\n|upkeep\n|\n|t:|1656438078\n|switch|p2a: Gardevoir|Gardevoir, L82, F|155\/246\n|-ability|p2a: Gardevoir|Infiltrator|[from] ability: Trace|[of] p1a: Dragapult\n|turn|14\n|\n|t:|1656438082\n|switch|p1a: Jynx|Jynx, L86, F|252\/252\n|move|p2a: Gardevoir|Substitute|p2a: Gardevoir\n|-start|p2a: Gardevoir|Substitute\n|-damage|p2a: Gardevoir|94\/246\n|\n|-heal|p2a: Gardevoir|109\/246|[from] item: Leftovers\n|upkeep\n|turn|15\n|\n|t:|1656438087\n|move|p1a: Jynx|Ice Beam|p2a: Gardevoir\n|-end|p2a: Gardevoir|Substitute\n|move|p2a: Gardevoir|Moonblast|p1a: Jynx\n|-damage|p1a: Jynx|140\/252\n|\n|-heal|p2a: Gardevoir|124\/246|[from] item: Leftovers\n|upkeep\n|turn|16\n|\n|t:|1656438093\n|move|p1a: Jynx|Ice Beam|p2a: Gardevoir\n|-damage|p2a: Gardevoir|31\/246\n|move|p2a: Gardevoir|Moonblast|p1a: Jynx\n|-damage|p1a: Jynx|31\/252\n|\n|-heal|p2a: Gardevoir|46\/246|[from] item: Leftovers\n|upkeep\n|turn|17\n|\n|t:|1656438104\n|switch|p2a: Scolipede|Scolipede, L80, M|227\/227\n|move|p1a: Jynx|Ice Beam|p2a: Scolipede\n|-damage|p2a: Scolipede|73\/227\n|\n|upkeep\n|turn|18\n|\n|t:|1656438110\n|move|p2a: Scolipede|Earthquake|p1a: Jynx\n|-damage|p1a: Jynx|0 fnt\n|faint|p1a: Jynx\n|-damage|p2a: Scolipede|51\/227|[from] item: Life Orb\n|\n|-ability|p2a: Scolipede|Speed Boost|boost\n|-boost|p2a: Scolipede|spe|1\n|upkeep\n|\n|t:|1656438117\n|switch|p1a: Scrafty|Scrafty, L82, M|241\/241\n|-ability|p1a: Scrafty|Intimidate|boost\n|-unboost|p2a: Scolipede|atk|1\n|turn|19\n|\n|t:|1656438128\n|move|p2a: Scolipede|Megahorn|p1a: Scrafty\n|-damage|p1a: Scrafty|155\/241\n|-damage|p2a: Scolipede|29\/227|[from] item: Life Orb\n|move|p1a: Scrafty|Knock Off|p2a: Scolipede\n|-damage|p2a: Scolipede|0 fnt\n|-enditem|p2a: Scolipede|Life Orb|[from] move: Knock Off|[of] p1a: Scrafty\n|faint|p2a: Scolipede\n|\n|upkeep\n|\n|t:|1656438132\n|switch|p2a: Gardevoir|Gardevoir, L82, F|46\/246\n|-ability|p2a: Gardevoir|Intimidate|[from] ability: Trace|[of] p1a: Scrafty\n|-ability|p2a: Gardevoir|Intimidate|boost\n|-unboost|p1a: Scrafty|atk|1\n|turn|20\n|\n|t:|1656438137\n|move|p2a: Gardevoir|Moonblast|p1a: Scrafty\n|-supereffective|p1a: Scrafty\n|-damage|p1a: Scrafty|0 fnt\n|faint|p1a: Scrafty\n|\n|-heal|p2a: Gardevoir|61\/246|[from] item: Leftovers\n|upkeep\n|\n|t:|1656438141\n|switch|p1a: Zarude|Zarude-Dada, L78|292\/292\n|turn|21\n|\n|t:|1656438154\n|switch|p2a: Porygon-Z|Porygon-Z, L80|63\/267\n|move|p1a: Zarude|Darkest Lariat|p2a: Porygon-Z\n|-damage|p2a: Porygon-Z|0 fnt\n|faint|p2a: Porygon-Z\n|\n|upkeep\n|\n|t:|1656438157\n|switch|p2a: Drampa|Drampa, L86, M|274\/274\n|turn|22\n|\n|t:|1656438164\n|move|p1a: Zarude|Close Combat|p2a: Drampa\n|-supereffective|p2a: Drampa\n|-damage|p2a: Drampa|84\/274\n|-unboost|p1a: Zarude|def|1\n|-unboost|p1a: Zarude|spd|1\n|-ability|p2a: Drampa|Berserk|boost\n|-boost|p2a: Drampa|spa|1\n|move|p2a: Drampa|Glare|p1a: Zarude\n|-status|p1a: Zarude|par\n|\n|-heal|p2a: Drampa|101\/274|[from] item: Leftovers\n|upkeep\n|turn|23\n|\n|t:|1656438171\n|move|p2a: Drampa|Roost|p2a: Drampa\n|-heal|p2a: Drampa|238\/274\n|-singleturn|p2a: Drampa|move: Roost\n|move|p1a: Zarude|Close Combat|p2a: Drampa\n|-supereffective|p2a: Drampa\n|-damage|p2a: Drampa|58\/274\n|-unboost|p1a: Zarude|def|1\n|-unboost|p1a: Zarude|spd|1\n|-ability|p2a: Drampa|Berserk|boost\n|-boost|p2a: Drampa|spa|1\n|\n|-heal|p2a: Drampa|75\/274|[from] item: Leftovers\n|upkeep\n|turn|24\n|\n|t:|1656438181\n|switch|p2a: Gardevoir|Gardevoir, L82, F|61\/246\n|-ability|p2a: Gardevoir|Leaf Guard|[from] ability: Trace|[of] p1a: Zarude\n|cant|p1a: Zarude|par\n|\n|-heal|p2a: Gardevoir|76\/246|[from] item: Leftovers\n|upkeep\n|turn|25\n|\n|t:|1656438185\n|move|p2a: Gardevoir|Moonblast|p1a: Zarude\n|-supereffective|p1a: Zarude\n|-damage|p1a: Zarude|0 fnt\n|faint|p1a: Zarude\n|\n|-heal|p2a: Gardevoir|91\/246|[from] item: Leftovers\n|upkeep\n|\n|t:|1656438188\n|switch|p1a: Dragapult|Dragapult, L78, F|206\/265\n|turn|26\n|\n|t:|1656438196\n|-start|p1a: Dragapult|Dynamax|\n|-heal|p1a: Dragapult|412\/530|[silent]\n|move|p1a: Dragapult|Max Flutterby|p2a: Gardevoir\n|-damage|p2a: Gardevoir|0 fnt\n|faint|p2a: Gardevoir\n|\n|upkeep\n|\n|t:|1656438197\n|switch|p2a: Drampa|Drampa, L86, M|75\/274\n|turn|27\n|\n|t:|1656438201\n|move|p1a: Dragapult|Max Wyrmwind|p2a: Drampa\n|-supereffective|p2a: Drampa\n|-damage|p2a: Drampa|0 fnt\n|faint|p2a: Drampa\n|\n|win|GorLeon\n|raw|GorLeon's rating: 1473 &rarr; <strong>1495<\/strong><br \/>(+22 for winning)\n|raw|LECH24's rating: 1512 &rarr; <strong>1490<\/strong><br \/>(-22 for losing)\n|c|\u2606GorLeon|gg\n|c|\u2606LECH24|Gg\n","inputlog":">version c9deb73427a02ee53e9833674507ea444b3b3624\n>start {\"formatid\":\"gen8randombattle\",\"seed\":[12635,37368,55315,52375],\"rated\":\"Rated battle\"}\n>player p1 {\"name\":\"GorLeon\",\"avatar\":\"dragontamer\",\"rating\":1473,\"seed\":[60793,36241,44527,44168]}\n>player p2 {\"name\":\"LECH24\",\"avatar\":\"169\",\"rating\":1512,\"seed\":[25273,41223,34328,57799]}\n>chat \u2606GorLeon|gl hf\n>p1 move sunsteelstrike\n>p2 switch 3\n>p1 switch 4\n>p2 move firelash\n>p1 move dracometeor\n>p2 switch 6\n>p1 move dracometeor\n>p2 switch 3\n>p1 switch 3\n>p2 move substitute\n>p1 move thunderbolt\n>p2 move moonblast\n>p1 move thunderbolt\n>p2 move moonblast\n>p1 switch 4\n>p1 move knockoff\n>p2 switch 6\n>p1 move knockoff\n>p2 move knockoff\n>p1 move sunsteelstrike\n>p2 move firelash\n>p2 switch 2\n>p1 move knockoff\n>p2 move swordsdance\n>p1 move psychicfangs\n>p2 move flareblitz\n>p1 switch 3\n>p1 move dracometeor\n>p2 move bravebird dynamax\n>p2 switch 6\n>p1 switch 2\n>p2 move substitute\n>p1 move icebeam\n>p2 move moonblast\n>p1 move icebeam\n>p2 move moonblast\n>p1 move icebeam\n>p2 switch 5\n>p1 move psyshock\n>p2 move earthquake\n>p1 switch 5\n>p1 move knockoff\n>p2 move megahorn\n>p2 switch 5\n>p1 move knockoff\n>p2 move moonblast\n>p1 switch 6\n>p1 move darkestlariat\n>p2 switch 3\n>p2 switch 4\n>p1 move closecombat\n>p2 move glare\n>p1 move closecombat\n>p2 move roost\n>p1 move closecombat\n>p2 switch 3\n>p1 move darkestlariat\n>p2 move moonblast\n>p1 switch 2\n>p1 move uturn dynamax\n>p2 move moonblast\n>p2 switch 3\n>p1 move dracometeor dynamax\n>p2 move roost","uploadtime":1656438217,"views":6,"p1id":"gorleon","p2id":"lech24","formatid":"gen8randombattle","rating":1490,"private":0,"password":null}