{"id":"gen8ou-1303485133","p1":"Brifye","p2":"kyle wowry","format":"gen8ou","log":"|j|\u2606Brifye\n|j|\u2606kyle wowry\n|t:|1616009557\n|player|p1|Brifye|blackbelt-gen4dp|1449\n|player|p2|kyle wowry|hilbert|1411\n|teamsize|p1|6\n|teamsize|p2|6\n|gametype|singles\n|gen|8\n|tier|[Gen 8] OU\n|rated|\n|clearpoke\n|poke|p1|Heatran, F|\n|poke|p1|Slowbro, M|\n|poke|p1|Tyranitar, F|\n|poke|p1|Landorus-Therian, M|\n|poke|p1|Zapdos|\n|poke|p1|Rillaboom, F|\n|poke|p2|Torkoal, M|\n|poke|p2|Charizard, M|\n|poke|p2|Venusaur, M|\n|poke|p2|Blissey, F|\n|poke|p2|Corviknight, M|\n|poke|p2|Dragapult, M|\n|rule|Sleep Clause Mod: Limit one foe put to sleep\n|rule|Species Clause: Limit one of each Pok\u00e9mon\n|rule|OHKO Clause: OHKO moves are banned\n|rule|Evasion Moves Clause: Evasion moves are banned\n|rule|Endless Battle Clause: Forcing endless battles is banned\n|rule|HP Percentage Mod: HP is shown in percentages\n|rule|Dynamax Clause: You cannot dynamax\n|teampreview\n|inactive|Battle timer is ON: inactive players will automatically lose when time's up. (requested by kyle wowry)\n|\n|t:|1616009582\n|start\n|switch|p1a: Landorus|Landorus-Therian, M|100\/100\n|switch|p2a: Torkoal|Torkoal, M|100\/100\n|-ability|p1a: Landorus|Intimidate|boost\n|-unboost|p2a: Torkoal|atk|1\n|-weather|SunnyDay|[from] ability: Drought|[of] p2a: Torkoal\n|turn|1\n|\n|t:|1616009590\n|switch|p2a: Corviknight|Corviknight, M|100\/100\n|-ability|p2a: Corviknight|Pressure\n|move|p1a: Landorus|Earthquake|p2a: Corviknight\n|-immune|p2a: Corviknight\n|\n|-weather|SunnyDay|[upkeep]\n|upkeep\n|turn|2\n|\n|t:|1616009604\n|switch|p1a: Slowbro|Slowbro, M|100\/100\n|move|p2a: Corviknight|Defog|p1a: Slowbro\n|-unboost|p1a: Slowbro|evasion|1\n|\n|-weather|SunnyDay|[upkeep]\n|upkeep\n|turn|3\n|\n|t:|1616009611\n|switch|p2a: Blissey|Blissey, F|100\/100\n|move|p1a: Slowbro|Teleport|p1a: Slowbro\n|\n|t:|1616009620\n|switch|p1a: Heatran|Heatran, F|100\/100|[from]move: Teleport\n|-item|p1a: Heatran|Air Balloon\n|\n|-weather|SunnyDay|[upkeep]\n|upkeep\n|turn|4\n|\n|t:|1616009626\n|move|p1a: Heatran|Magma Storm|p2a: Blissey\n|-damage|p2a: Blissey|75\/100\n|-activate|p2a: Blissey|move: Magma Storm|[of] p1a: Heatran\n|move|p2a: Blissey|Seismic Toss|p1a: Heatran\n|-damage|p1a: Heatran|75\/100\n|-enditem|p1a: Heatran|Air Balloon\n|\n|-weather|SunnyDay|[upkeep]\n|-damage|p2a: Blissey|62\/100|[from] move: Magma Storm|[partiallytrapped]\n|upkeep\n|turn|5\n|\n|t:|1616009635\n|move|p1a: Heatran|Protect|p1a: Heatran\n|-singleturn|p1a: Heatran|Protect\n|move|p2a: Blissey|Soft-Boiled|p2a: Blissey\n|-heal|p2a: Blissey|100\/100\n|\n|-weather|SunnyDay|[upkeep]\n|-damage|p2a: Blissey|88\/100|[from] move: Magma Storm|[partiallytrapped]\n|upkeep\n|turn|6\n|\n|t:|1616009642\n|move|p1a: Heatran|Taunt|p2a: Blissey\n|-start|p2a: Blissey|move: Taunt\n|cant|p2a: Blissey|move: Taunt|Teleport\n|\n|-weather|SunnyDay|[upkeep]\n|-damage|p2a: Blissey|76\/100|[from] move: Magma Storm|[partiallytrapped]\n|upkeep\n|turn|7\n|\n|t:|1616009648\n|move|p1a: Heatran|Magma Storm|p2a: Blissey\n|-damage|p2a: Blissey|50\/100\n|move|p2a: Blissey|Seismic Toss|p1a: Heatran\n|-damage|p1a: Heatran|49\/100\n|\n|-weather|SunnyDay|[upkeep]\n|-damage|p2a: Blissey|38\/100|[from] move: Magma Storm|[partiallytrapped]\n|upkeep\n|turn|8\n|\n|t:|1616009655\n|move|p1a: Heatran|Protect|p1a: Heatran\n|-singleturn|p1a: Heatran|Protect\n|move|p2a: Blissey|Seismic Toss|p1a: Heatran\n|-activate|p1a: Heatran|move: Protect\n|\n|-weather|none\n|-damage|p2a: Blissey|25\/100|[from] move: Magma Storm|[partiallytrapped]\n|-end|p2a: Blissey|move: Taunt\n|upkeep\n|turn|9\n|\n|t:|1616009665\n|move|p1a: Heatran|Magma Storm|p2a: Blissey|[miss]\n|-miss|p1a: Heatran|p2a: Blissey\n|move|p2a: Blissey|Seismic Toss|p1a: Heatran\n|-damage|p1a: Heatran|23\/100\n|\n|-end|p2a: Blissey|Magma Storm|[partiallytrapped]\n|upkeep\n|turn|10\n|\n|t:|1616009678\n|move|p1a: Heatran|Magma Storm|p2a: Blissey\n|-damage|p2a: Blissey|8\/100\n|-activate|p2a: Blissey|move: Magma Storm|[of] p1a: Heatran\n|move|p2a: Blissey|Soft-Boiled|p2a: Blissey\n|-heal|p2a: Blissey|58\/100\n|\n|-damage|p2a: Blissey|46\/100|[from] move: Magma Storm|[partiallytrapped]\n|upkeep\n|turn|11\n|\n|t:|1616009686\n|move|p1a: Heatran|Taunt|p2a: Blissey\n|-start|p2a: Blissey|move: Taunt\n|move|p2a: Blissey|Seismic Toss|p1a: Heatran\n|-damage|p1a: Heatran|0 fnt\n|faint|p1a: Heatran\n|\n|-end|p2a: Blissey|Magma Storm|[partiallytrapped]|[silent]\n|upkeep\n|\n|t:|1616009695\n|switch|p1a: Rillaboom|Rillaboom, F|100\/100\n|-fieldstart|move: Grassy Terrain|[from] ability: Grassy Surge|[of] p1a: Rillaboom\n|turn|12\n|\n|t:|1616009700\n|switch|p2a: Corviknight|Corviknight, M|100\/100\n|-ability|p2a: Corviknight|Pressure\n|move|p1a: Rillaboom|Swords Dance|p1a: Rillaboom\n|-boost|p1a: Rillaboom|atk|2\n|\n|upkeep\n|turn|13\n|\n|t:|1616009709\n|move|p1a: Rillaboom|Knock Off|p2a: Corviknight\n|-damage|p2a: Corviknight|51\/100\n|-enditem|p2a: Corviknight|Leftovers|[from] move: Knock Off|[of] p1a: Rillaboom\n|-damage|p1a: Rillaboom|91\/100|[from] item: Life Orb\n|move|p2a: Corviknight|U-turn|p1a: Rillaboom\n|-supereffective|p1a: Rillaboom\n|-damage|p1a: Rillaboom|59\/100\n|\n|t:|1616009716\n|switch|p2a: Charizard|Charizard, M, shiny|100\/100|[from]move: U-turn\n|\n|-heal|p1a: Rillaboom|66\/100|[from] Grassy Terrain\n|upkeep\n|turn|14\n|\n|t:|1616009725\n|switch|p1a: Slowbro|Slowbro, M|100\/100\n|move|p2a: Charizard|Flamethrower|p1a: Slowbro\n|-resisted|p1a: Slowbro\n|-crit|p1a: Slowbro\n|-damage|p1a: Slowbro|62\/100\n|\n|-heal|p1a: Slowbro|68\/100|[from] Grassy Terrain\n|upkeep\n|turn|15\n|\n|t:|1616009733\n|switch|p2a: Blissey|Blissey, F|46\/100\n|move|p1a: Slowbro|Teleport|p1a: Slowbro\n|\n|t:|1616009738\n|switch|p1a: Rillaboom|Rillaboom, F|66\/100|[from]move: Teleport\n|\n|-heal|p1a: Rillaboom|72\/100|[from] Grassy Terrain\n|-heal|p2a: Blissey|52\/100|[from] Grassy Terrain\n|upkeep\n|turn|16\n|\n|t:|1616009748\n|switch|p2a: Dragapult|Dragapult, M|100\/100\n|move|p1a: Rillaboom|Drain Punch|p2a: Dragapult\n|-immune|p2a: Dragapult\n|\n|-heal|p1a: Rillaboom|78\/100|[from] Grassy Terrain\n|-fieldend|move: Grassy Terrain\n|upkeep\n|turn|17\n|\n|t:|1616009758\n|switch|p1a: Zapdos|Zapdos|100\/100\n|move|p2a: Dragapult|Will-O-Wisp|p1a: Zapdos\n|-status|p1a: Zapdos|brn\n|\n|-damage|p1a: Zapdos|94\/100 brn|[from] brn\n|upkeep\n|turn|18\n|\n|t:|1616009768\n|move|p2a: Dragapult|Dragon Darts|p1a: Zapdos\n|-damage|p1a: Zapdos|62\/100 brn\n|-anim|p2a: Dragapult|Dragon Darts|p1a: Zapdos\n|-damage|p1a: Zapdos|31\/100 brn\n|move|p1a: Zapdos|Volt Switch|p2a: Dragapult\n|-resisted|p2a: Dragapult\n|-damage|p2a: Dragapult|77\/100\n|\n|t:|1616009776\n|switch|p1a: Tyranitar|Tyranitar, F|100\/100|[from]move: Volt Switch\n|-weather|Sandstorm|[from] ability: Sand Stream|[of] p1a: Tyranitar\n|\n|-weather|Sandstorm|[upkeep]\n|-damage|p2a: Dragapult|71\/100|[from] Sandstorm\n|-heal|p2a: Dragapult|77\/100|[from] item: Leftovers\n|upkeep\n|turn|19\n|\n|t:|1616009783\n|move|p2a: Dragapult|Will-O-Wisp|p1a: Tyranitar\n|-status|p1a: Tyranitar|brn\n|move|p1a: Tyranitar|Toxic|p2a: Dragapult\n|-status|p2a: Dragapult|tox\n|\n|-weather|Sandstorm|[upkeep]\n|-damage|p2a: Dragapult|71\/100 tox|[from] Sandstorm\n|-heal|p2a: Dragapult|77\/100 tox|[from] item: Leftovers\n|-damage|p2a: Dragapult|71\/100 tox|[from] psn\n|-damage|p1a: Tyranitar|94\/100 brn|[from] brn\n|upkeep\n|turn|20\n|\n|t:|1616009794\n|move|p2a: Dragapult|U-turn|p1a: Tyranitar\n|-supereffective|p1a: Tyranitar\n|-damage|p1a: Tyranitar|55\/100 brn\n|\n|t:|1616009798\n|switch|p2a: Corviknight|Corviknight, M|51\/100|[from]move: U-turn\n|-ability|p2a: Corviknight|Pressure\n|move|p1a: Tyranitar|Stealth Rock|p2a: Corviknight\n|-sidestart|p2: kyle wowry|move: Stealth Rock\n|\n|-weather|Sandstorm|[upkeep]\n|-heal|p1a: Tyranitar|61\/100 brn|[from] item: Leftovers\n|-damage|p1a: Tyranitar|55\/100 brn|[from] brn\n|upkeep\n|turn|21\n|\n|t:|1616009807\n|switch|p1a: Slowbro|Slowbro, M|100\/100\n|move|p2a: Corviknight|Roost|p2a: Corviknight\n|-heal|p2a: Corviknight|100\/100\n|-singleturn|p2a: Corviknight|move: Roost\n|\n|-weather|Sandstorm|[upkeep]\n|-damage|p1a: Slowbro|94\/100|[from] Sandstorm\n|upkeep\n|turn|22\n|\n|t:|1616009815\n|move|p2a: Corviknight|Defog|p1a: Slowbro\n|-unboost|p1a: Slowbro|evasion|1\n|-sideend|p2: kyle wowry|Stealth Rock|[from] move: Defog|[of] p2a: Corviknight\n|move|p1a: Slowbro|Scald|p2a: Corviknight\n|-damage|p2a: Corviknight|75\/100\n|-status|p2a: Corviknight|brn\n|\n|-weather|none\n|-damage|p2a: Corviknight|69\/100 brn|[from] brn\n|upkeep\n|turn|23\n|\n|t:|1616009823\n|move|p2a: Corviknight|Roost|p2a: Corviknight\n|-heal|p2a: Corviknight|100\/100 brn\n|-singleturn|p2a: Corviknight|move: Roost\n|move|p1a: Slowbro|Future Sight|p2a: Corviknight\n|-start|p1a: Slowbro|move: Future Sight\n|\n|-damage|p2a: Corviknight|94\/100 brn|[from] brn\n|upkeep\n|turn|24\n|\n|t:|1616009830\n|move|p2a: Corviknight|U-turn|p1a: Slowbro\n|-supereffective|p1a: Slowbro\n|-damage|p1a: Slowbro|85\/100\n|-damage|p2a: Corviknight|78\/100 brn|[from] item: Rocky Helmet|[of] p1a: Slowbro\n|\n|t:|1616009833\n|switch|p2a: Blissey|Blissey, F|52\/100|[from]move: U-turn\n|move|p1a: Slowbro|Teleport|p1a: Slowbro\n|\n|t:|1616009836\n|switch|p1a: Rillaboom|Rillaboom, F|78\/100|[from]move: Teleport\n|-fieldstart|move: Grassy Terrain|[from] ability: Grassy Surge|[of] p1a: Rillaboom\n|\n|-heal|p1a: Rillaboom|84\/100|[from] Grassy Terrain\n|-heal|p2a: Blissey|58\/100|[from] Grassy Terrain\n|upkeep\n|turn|25\n|\n|t:|1616009846\n|switch|p2a: Dragapult|Dragapult, M|71\/100 tox\n|move|p1a: Rillaboom|Knock Off|p2a: Dragapult\n|-supereffective|p2a: Dragapult\n|-damage|p2a: Dragapult|0 fnt\n|-enditem|p2a: Dragapult|Leftovers|[from] move: Knock Off|[of] p1a: Rillaboom\n|-damage|p1a: Rillaboom|74\/100|[from] item: Life Orb\n|faint|p2a: Dragapult\n|\n|-hint|Future Sight did not hit because the target is fainted.\n|-heal|p1a: Rillaboom|80\/100|[from] Grassy Terrain\n|upkeep\n|\n|t:|1616009851\n|switch|p2a: Torkoal|Torkoal, M|100\/100\n|-weather|SunnyDay|[from] ability: Drought|[of] p2a: Torkoal\n|turn|26\n|\n|t:|1616009860\n|switch|p1a: Tyranitar|Tyranitar, F|55\/100 brn\n|-weather|Sandstorm|[from] ability: Sand Stream|[of] p1a: Tyranitar\n|switch|p2a: Corviknight|Corviknight, M|78\/100 brn\n|-ability|p2a: Corviknight|Pressure\n|\n|-weather|Sandstorm|[upkeep]\n|-heal|p1a: Tyranitar|61\/100 brn|[from] Grassy Terrain\n|-heal|p1a: Tyranitar|68\/100 brn|[from] item: Leftovers\n|-damage|p1a: Tyranitar|61\/100 brn|[from] brn\n|-damage|p2a: Corviknight|72\/100 brn|[from] brn\n|upkeep\n|turn|27\n|\n|t:|1616009873\n|switch|p1a: Slowbro|Slowbro, M|100\/100\n|move|p2a: Corviknight|U-turn|p1a: Slowbro\n|-supereffective|p1a: Slowbro\n|-damage|p1a: Slowbro|91\/100\n|-damage|p2a: Corviknight|55\/100 brn|[from] item: Rocky Helmet|[of] p1a: Slowbro\n|\n|t:|1616009880\n|switch|p2a: Blissey|Blissey, F|58\/100|[from]move: U-turn\n|\n|-weather|Sandstorm|[upkeep]\n|-damage|p2a: Blissey|52\/100|[from] Sandstorm\n|-damage|p1a: Slowbro|85\/100|[from] Sandstorm\n|-heal|p2a: Blissey|58\/100|[from] Grassy Terrain\n|-heal|p1a: Slowbro|91\/100|[from] Grassy Terrain\n|upkeep\n|turn|28\n|\n|t:|1616009887\n|move|p2a: Blissey|Soft-Boiled|p2a: Blissey\n|-heal|p2a: Blissey|100\/100\n|move|p1a: Slowbro|Future Sight|p2a: Blissey\n|-start|p1a: Slowbro|move: Future Sight\n|\n|-weather|Sandstorm|[upkeep]\n|-damage|p2a: Blissey|94\/100|[from] Sandstorm\n|-damage|p1a: Slowbro|85\/100|[from] Sandstorm\n|-heal|p2a: Blissey|100\/100|[from] Grassy Terrain\n|-heal|p1a: Slowbro|91\/100|[from] Grassy Terrain\n|-fieldend|move: Grassy Terrain\n|upkeep\n|turn|29\n|\n|t:|1616009895\n|move|p2a: Blissey|Teleport|p2a: Blissey\n|\n|t:|1616009897\n|switch|p2a: Corviknight|Corviknight, M|55\/100 brn|[from]move: Teleport\n|-ability|p2a: Corviknight|Pressure\n|move|p1a: Slowbro|Teleport|p1a: Slowbro\n|\n|t:|1616009910\n|switch|p1a: Zapdos|Zapdos|31\/100 brn|[from]move: Teleport\n|\n|-weather|Sandstorm|[upkeep]\n|-damage|p1a: Zapdos|25\/100 brn|[from] Sandstorm\n|-damage|p1a: Zapdos|19\/100 brn|[from] brn\n|-damage|p2a: Corviknight|49\/100 brn|[from] brn\n|upkeep\n|turn|30\n|\n|t:|1616009916\n|switch|p2a: Blissey|Blissey, F|100\/100\n|move|p1a: Zapdos|Roost|p1a: Zapdos\n|-heal|p1a: Zapdos|69\/100 brn\n|-singleturn|p1a: Zapdos|move: Roost\n|\n|-weather|none\n|-end|p2a: Blissey|move: Future Sight\n|-damage|p2a: Blissey|85\/100\n|-damage|p1a: Zapdos|63\/100 brn|[from] brn\n|upkeep\n|turn|31\n|\n|t:|1616009926\n|move|p1a: Zapdos|Volt Switch|p2a: Blissey\n|-damage|p2a: Blissey|72\/100\n|\n|t:|1616009936\n|switch|p1a: Landorus|Landorus-Therian, M|100\/100|[from]move: Volt Switch\n|-ability|p1a: Landorus|Intimidate|boost\n|-unboost|p2a: Blissey|atk|1\n|move|p2a: Blissey|Teleport|p2a: Blissey\n|\n|t:|1616009940\n|switch|p2a: Corviknight|Corviknight, M|49\/100 brn|[from]move: Teleport\n|-ability|p2a: Corviknight|Pressure\n|\n|-damage|p2a: Corviknight|43\/100 brn|[from] brn\n|upkeep\n|turn|32\n|\n|t:|1616009947\n|move|p1a: Landorus|Stone Edge|p2a: Corviknight|[miss]\n|-miss|p1a: Landorus|p2a: Corviknight\n|move|p2a: Corviknight|Roost|p2a: Corviknight\n|-heal|p2a: Corviknight|93\/100 brn\n|-singleturn|p2a: Corviknight|move: Roost\n|\n|-damage|p2a: Corviknight|87\/100 brn|[from] brn\n|upkeep\n|turn|33\n|\n|t:|1616009955\n|move|p1a: Landorus|Stone Edge|p2a: Corviknight\n|-damage|p2a: Corviknight|67\/100 brn\n|move|p2a: Corviknight|U-turn|p1a: Landorus\n|-resisted|p1a: Landorus\n|-damage|p1a: Landorus|96\/100\n|\n|t:|1616009961\n|switch|p2a: Torkoal|Torkoal, M|100\/100|[from]move: U-turn\n|-weather|SunnyDay|[from] ability: Drought|[of] p2a: Torkoal\n|\n|-weather|SunnyDay|[upkeep]\n|upkeep\n|turn|34\n|\n|t:|1616009967\n|switch|p2a: Corviknight|Corviknight, M|67\/100 brn\n|-ability|p2a: Corviknight|Pressure\n|move|p1a: Landorus|Stone Edge|p2a: Corviknight\n|-damage|p2a: Corviknight|46\/100 brn\n|\n|-weather|SunnyDay|[upkeep]\n|-damage|p2a: Corviknight|40\/100 brn|[from] brn\n|upkeep\n|turn|35\n|\n|t:|1616009975\n|move|p1a: Landorus|Stone Edge|p2a: Corviknight\n|-damage|p2a: Corviknight|16\/100 brn\n|move|p2a: Corviknight|Roost|p2a: Corviknight\n|-heal|p2a: Corviknight|66\/100 brn\n|-singleturn|p2a: Corviknight|move: Roost\n|\n|-weather|SunnyDay|[upkeep]\n|-damage|p2a: Corviknight|60\/100 brn|[from] brn\n|upkeep\n|turn|36\n|\n|t:|1616009986\n|switch|p1a: Tyranitar|Tyranitar, F|61\/100 brn\n|-weather|Sandstorm|[from] ability: Sand Stream|[of] p1a: Tyranitar\n|move|p2a: Corviknight|Roost|p2a: Corviknight\n|-heal|p2a: Corviknight|100\/100 brn\n|-singleturn|p2a: Corviknight|move: Roost\n|\n|-weather|Sandstorm|[upkeep]\n|-heal|p1a: Tyranitar|68\/100 brn|[from] item: Leftovers\n|-damage|p1a: Tyranitar|61\/100 brn|[from] brn\n|-damage|p2a: Corviknight|94\/100 brn|[from] brn\n|upkeep\n|turn|37\n|\n|t:|1616009999\n|move|p1a: Tyranitar|Stealth Rock|p2a: Corviknight\n|-sidestart|p2: kyle wowry|move: Stealth Rock\n|move|p2a: Corviknight|Body Press|p1a: Tyranitar\n|-supereffective|p1a: Tyranitar\n|-damage|p1a: Tyranitar|24\/100 brn\n|\n|-weather|Sandstorm|[upkeep]\n|-heal|p1a: Tyranitar|30\/100 brn|[from] item: Leftovers\n|-damage|p1a: Tyranitar|24\/100 brn|[from] brn\n|-damage|p2a: Corviknight|88\/100 brn|[from] brn\n|upkeep\n|turn|38\n|\n|t:|1616010008\n|switch|p1a: Slowbro|Slowbro, M|100\/100\n|move|p2a: Corviknight|Defog|p1a: Slowbro\n|-unboost|p1a: Slowbro|evasion|1\n|-sideend|p2: kyle wowry|Stealth Rock|[from] move: Defog|[of] p2a: Corviknight\n|\n|-weather|Sandstorm|[upkeep]\n|-damage|p1a: Slowbro|94\/100|[from] Sandstorm\n|-damage|p2a: Corviknight|82\/100 brn|[from] brn\n|upkeep\n|turn|39\n|\n|t:|1616010017\n|switch|p2a: Blissey|Blissey, F|72\/100\n|move|p1a: Slowbro|Future Sight|p2a: Blissey\n|-start|p1a: Slowbro|move: Future Sight\n|\n|-weather|Sandstorm|[upkeep]\n|-damage|p2a: Blissey|65\/100|[from] Sandstorm\n|-damage|p1a: Slowbro|88\/100|[from] Sandstorm\n|upkeep\n|turn|40\n|\n|t:|1616010024\n|move|p2a: Blissey|Soft-Boiled|p2a: Blissey\n|-heal|p2a: Blissey|100\/100\n|move|p1a: Slowbro|Scald|p2a: Blissey\n|-damage|p2a: Blissey|90\/100\n|-status|p2a: Blissey|brn\n|\n|-weather|none\n|-damage|p2a: Blissey|84\/100 brn|[from] brn\n|upkeep\n|turn|41\n|\n|t:|1616010033\n|move|p2a: Blissey|Seismic Toss|p1a: Slowbro\n|-damage|p1a: Slowbro|63\/100\n|-damage|p2a: Blissey|68\/100 brn|[from] item: Rocky Helmet|[of] p1a: Slowbro\n|move|p1a: Slowbro|Teleport|p1a: Slowbro\n|\n|t:|1616010038\n|switch|p1a: Rillaboom|Rillaboom, F|80\/100|[from]move: Teleport\n|-fieldstart|move: Grassy Terrain|[from] ability: Grassy Surge|[of] p1a: Rillaboom\n|\n|-end|p2a: Blissey|move: Future Sight\n|-damage|p2a: Blissey|53\/100 brn\n|-heal|p1a: Rillaboom|86\/100|[from] Grassy Terrain\n|-heal|p2a: Blissey|59\/100 brn|[from] Grassy Terrain\n|-damage|p2a: Blissey|53\/100 brn|[from] brn\n|upkeep\n|turn|42\n|\n|t:|1616010048\n|switch|p2a: Corviknight|Corviknight, M|82\/100 brn\n|-ability|p2a: Corviknight|Pressure\n|move|p1a: Rillaboom|Swords Dance|p1a: Rillaboom\n|-boost|p1a: Rillaboom|atk|2\n|\n|-heal|p1a: Rillaboom|93\/100|[from] Grassy Terrain\n|-damage|p2a: Corviknight|76\/100 brn|[from] brn\n|upkeep\n|turn|43\n|\n|t:|1616010057\n|move|p1a: Rillaboom|Drain Punch|p2a: Corviknight\n|-damage|p2a: Corviknight|40\/100 brn\n|-heal|p1a: Rillaboom|100\/100|[from] drain|[of] p2a: Corviknight\n|-damage|p1a: Rillaboom|91\/100|[from] item: Life Orb\n|move|p2a: Corviknight|U-turn|p1a: Rillaboom\n|-supereffective|p1a: Rillaboom\n|-damage|p1a: Rillaboom|76\/100\n|\n|t:|1616010061\n|switch|p2a: Charizard|Charizard, M, shiny|100\/100|[from]move: U-turn\n|\n|-heal|p1a: Rillaboom|82\/100|[from] Grassy Terrain\n|upkeep\n|turn|44\n|\n|t:|1616010071\n|switch|p1a: Slowbro|Slowbro, M|96\/100\n|move|p2a: Charizard|Flamethrower|p1a: Slowbro\n|-resisted|p1a: Slowbro\n|-damage|p1a: Slowbro|69\/100\n|\n|-heal|p1a: Slowbro|75\/100|[from] Grassy Terrain\n|upkeep\n|turn|45\n|\n|t:|1616010078\n|switch|p2a: Blissey|Blissey, F|53\/100\n|move|p1a: Slowbro|Teleport|p1a: Slowbro\n|\n|t:|1616010082\n|switch|p1a: Rillaboom|Rillaboom, F|82\/100|[from]move: Teleport\n|\n|-heal|p1a: Rillaboom|88\/100|[from] Grassy Terrain\n|-heal|p2a: Blissey|59\/100|[from] Grassy Terrain\n|-fieldend|move: Grassy Terrain\n|upkeep\n|turn|46\n|\n|t:|1616010089\n|switch|p2a: Charizard|Charizard, M, shiny|100\/100\n|move|p1a: Rillaboom|Swords Dance|p1a: Rillaboom\n|-boost|p1a: Rillaboom|atk|2\n|\n|upkeep\n|turn|47\n|\n|t:|1616010095\n|switch|p1a: Slowbro|Slowbro, M|100\/100\n|move|p2a: Charizard|Flamethrower|p1a: Slowbro\n|-resisted|p1a: Slowbro\n|-damage|p1a: Slowbro|72\/100\n|\n|upkeep\n|turn|48\n|\n|t:|1616010101\n|move|p2a: Charizard|Flamethrower|p1a: Slowbro\n|-resisted|p1a: Slowbro\n|-damage|p1a: Slowbro|46\/100\n|move|p1a: Slowbro|Teleport|p1a: Slowbro\n|\n|t:|1616010105\n|switch|p1a: Landorus|Landorus-Therian, M|96\/100|[from]move: Teleport\n|-ability|p1a: Landorus|Intimidate|boost\n|-unboost|p2a: Charizard|atk|1\n|\n|upkeep\n|turn|49\n|\n|t:|1616010114\n|switch|p2a: Corviknight|Corviknight, M|40\/100 brn\n|-ability|p2a: Corviknight|Pressure\n|move|p1a: Landorus|Knock Off|p2a: Corviknight\n|-damage|p2a: Corviknight|25\/100 brn\n|\n|-damage|p2a: Corviknight|19\/100 brn|[from] brn\n|upkeep\n|turn|50\n|\n|t:|1616010123\n|move|p1a: Landorus|Knock Off|p2a: Corviknight\n|-damage|p2a: Corviknight|3\/100 brn\n|move|p2a: Corviknight|Roost|p2a: Corviknight\n|-heal|p2a: Corviknight|53\/100 brn\n|-singleturn|p2a: Corviknight|move: Roost\n|\n|-damage|p2a: Corviknight|47\/100 brn|[from] brn\n|upkeep\n|turn|51\n|\n|t:|1616010135\n|switch|p1a: Slowbro|Slowbro, M|79\/100\n|move|p2a: Corviknight|Roost|p2a: Corviknight\n|-heal|p2a: Corviknight|97\/100 brn\n|-singleturn|p2a: Corviknight|move: Roost\n|\n|-damage|p2a: Corviknight|91\/100 brn|[from] brn\n|upkeep\n|turn|52\n|\n|t:|1616010142\n|switch|p2a: Blissey|Blissey, F|59\/100\n|move|p1a: Slowbro|Teleport|p1a: Slowbro\n|\n|t:|1616010145\n|switch|p1a: Rillaboom|Rillaboom, F|88\/100|[from]move: Teleport\n|-fieldstart|move: Grassy Terrain|[from] ability: Grassy Surge|[of] p1a: Rillaboom\n|\n|-heal|p1a: Rillaboom|94\/100|[from] Grassy Terrain\n|-heal|p2a: Blissey|65\/100|[from] Grassy Terrain\n|upkeep\n|turn|53\n|\n|t:|1616010155\n|switch|p2a: Corviknight|Corviknight, M|91\/100 brn\n|-ability|p2a: Corviknight|Pressure\n|move|p1a: Rillaboom|Knock Off|p2a: Corviknight\n|-damage|p2a: Corviknight|75\/100 brn\n|-damage|p1a: Rillaboom|84\/100|[from] item: Life Orb\n|\n|-heal|p1a: Rillaboom|91\/100|[from] Grassy Terrain\n|-damage|p2a: Corviknight|69\/100 brn|[from] brn\n|upkeep\n|turn|54\n|\n|t:|1616010165\n|switch|p1a: Slowbro|Slowbro, M|100\/100\n|move|p2a: Corviknight|U-turn|p1a: Slowbro\n|-supereffective|p1a: Slowbro\n|-damage|p1a: Slowbro|90\/100\n|-damage|p2a: Corviknight|53\/100 brn|[from] item: Rocky Helmet|[of] p1a: Slowbro\n|\n|t:|1616010175\n|switch|p2a: Torkoal|Torkoal, M|100\/100|[from]move: U-turn\n|-weather|SunnyDay|[from] ability: Drought|[of] p2a: Torkoal\n|\n|-weather|SunnyDay|[upkeep]\n|-heal|p1a: Slowbro|96\/100|[from] Grassy Terrain\n|upkeep\n|turn|55\n|\n|t:|1616010184\n|move|p1a: Slowbro|Future Sight|p2a: Torkoal\n|-start|p1a: Slowbro|move: Future Sight\n|move|p2a: Torkoal|Stealth Rock|p1a: Slowbro\n|-sidestart|p1: Brifye|move: Stealth Rock\n|\n|-weather|SunnyDay|[upkeep]\n|-heal|p1a: Slowbro|100\/100|[from] Grassy Terrain\n|upkeep\n|turn|56\n|\n|t:|1616010190\n|switch|p2a: Blissey|Blissey, F|65\/100\n|move|p1a: Slowbro|Scald|p2a: Blissey\n|-damage|p2a: Blissey|60\/100\n|\n|-weather|SunnyDay|[upkeep]\n|-heal|p2a: Blissey|66\/100|[from] Grassy Terrain\n|-fieldend|move: Grassy Terrain\n|upkeep\n|turn|57\n|\n|t:|1616010198\n|move|p2a: Blissey|Soft-Boiled|p2a: Blissey\n|-heal|p2a: Blissey|100\/100\n|move|p1a: Slowbro|Teleport|p1a: Slowbro\n|\n|t:|1616010201\n|switch|p1a: Tyranitar|Tyranitar, F|24\/100 brn|[from]move: Teleport\n|-damage|p1a: Tyranitar|11\/100 brn|[from] Stealth Rock\n|-weather|Sandstorm|[from] ability: Sand Stream|[of] p1a: Tyranitar\n|\n|-weather|Sandstorm|[upkeep]\n|-damage|p2a: Blissey|94\/100|[from] Sandstorm\n|-end|p2a: Blissey|move: Future Sight\n|-damage|p2a: Blissey|78\/100\n|-heal|p1a: Tyranitar|18\/100 brn|[from] item: Leftovers\n|-damage|p1a: Tyranitar|11\/100 brn|[from] brn\n|upkeep\n|turn|58\n|\n|t:|1616010214\n|switch|p1a: Slowbro|Slowbro, M|100\/100\n|-damage|p1a: Slowbro|88\/100|[from] Stealth Rock\n|switch|p2a: Corviknight|Corviknight, M|53\/100 brn\n|-ability|p2a: Corviknight|Pressure\n|\n|-weather|Sandstorm|[upkeep]\n|-damage|p1a: Slowbro|82\/100|[from] Sandstorm\n|-damage|p2a: Corviknight|47\/100 brn|[from] brn\n|upkeep\n|turn|59\n|\n|t:|1616010226\n|move|p2a: Corviknight|Roost|p2a: Corviknight\n|-heal|p2a: Corviknight|97\/100 brn\n|-singleturn|p2a: Corviknight|move: Roost\n|move|p1a: Slowbro|Teleport|p1a: Slowbro\n|\n|t:|1616010231\n|switch|p1a: Zapdos|Zapdos|63\/100 brn|[from]move: Teleport\n|\n|-weather|Sandstorm|[upkeep]\n|-damage|p1a: Zapdos|57\/100 brn|[from] Sandstorm\n|-damage|p1a: Zapdos|50\/100 brn|[from] brn\n|-damage|p2a: Corviknight|91\/100 brn|[from] brn\n|upkeep\n|turn|60\n|\n|t:|1616010243\n|switch|p2a: Blissey|Blissey, F|78\/100\n|move|p1a: Zapdos|Volt Switch|p2a: Blissey\n|-damage|p2a: Blissey|66\/100\n|\n|t:|1616010248\n|switch|p1a: Rillaboom|Rillaboom, F|91\/100|[from]move: Volt Switch\n|-damage|p1a: Rillaboom|78\/100|[from] Stealth Rock\n|-fieldstart|move: Grassy Terrain|[from] ability: Grassy Surge|[of] p1a: Rillaboom\n|\n|-weather|Sandstorm|[upkeep]\n|-damage|p1a: Rillaboom|72\/100|[from] Sandstorm\n|-damage|p2a: Blissey|60\/100|[from] Sandstorm\n|-heal|p1a: Rillaboom|78\/100|[from] Grassy Terrain\n|-heal|p2a: Blissey|66\/100|[from] Grassy Terrain\n|upkeep\n|turn|61\n|\n|t:|1616010258\n|switch|p2a: Corviknight|Corviknight, M|91\/100 brn\n|-ability|p2a: Corviknight|Pressure\n|move|p1a: Rillaboom|Drain Punch|p2a: Corviknight\n|-damage|p2a: Corviknight|72\/100 brn\n|-heal|p1a: Rillaboom|89\/100|[from] drain|[of] p2a: Corviknight\n|-damage|p1a: Rillaboom|79\/100|[from] item: Life Orb\n|\n|-weather|none\n|-heal|p1a: Rillaboom|85\/100|[from] Grassy Terrain\n|-damage|p2a: Corviknight|66\/100 brn|[from] brn\n|upkeep\n|turn|62\n|\n|t:|1616010270\n|move|p1a: Rillaboom|Drain Punch|p2a: Corviknight\n|-damage|p2a: Corviknight|47\/100 brn\n|-heal|p1a: Rillaboom|97\/100|[from] drain|[of] p2a: Corviknight\n|-damage|p1a: Rillaboom|87\/100|[from] item: Life Orb\n|move|p2a: Corviknight|Roost|p2a: Corviknight\n|-heal|p2a: Corviknight|97\/100 brn\n|-singleturn|p2a: Corviknight|move: Roost\n|\n|-heal|p1a: Rillaboom|93\/100|[from] Grassy Terrain\n|-heal|p2a: Corviknight|100\/100 brn|[from] Grassy Terrain\n|-damage|p2a: Corviknight|94\/100 brn|[from] brn\n|upkeep\n|turn|63\n|\n|t:|1616010282\n|move|p1a: Rillaboom|Knock Off|p2a: Corviknight\n|-damage|p2a: Corviknight|76\/100 brn\n|-damage|p1a: Rillaboom|83\/100|[from] item: Life Orb\n|move|p2a: Corviknight|U-turn|p1a: Rillaboom\n|-supereffective|p1a: Rillaboom\n|-damage|p1a: Rillaboom|67\/100\n|\n|t:|1616010285\n|switch|p2a: Torkoal|Torkoal, M|100\/100|[from]move: U-turn\n|-weather|SunnyDay|[from] ability: Drought|[of] p2a: Torkoal\n|\n|-weather|SunnyDay|[upkeep]\n|-heal|p1a: Rillaboom|73\/100|[from] Grassy Terrain\n|upkeep\n|turn|64\n|\n|t:|1616010294\n|switch|p1a: Slowbro|Slowbro, M|100\/100\n|-damage|p1a: Slowbro|88\/100|[from] Stealth Rock\n|switch|p2a: Corviknight|Corviknight, M|76\/100 brn\n|-ability|p2a: Corviknight|Pressure\n|\n|-weather|SunnyDay|[upkeep]\n|-heal|p1a: Slowbro|94\/100|[from] Grassy Terrain\n|-fieldend|move: Grassy Terrain\n|-damage|p2a: Corviknight|70\/100 brn|[from] brn\n|upkeep\n|turn|65\n|\n|t:|1616010304\n|switch|p2a: Blissey|Blissey, F|66\/100\n|move|p1a: Slowbro|Teleport|p1a: Slowbro\n|\n|t:|1616010314\n|switch|p1a: Rillaboom|Rillaboom, F|73\/100|[from]move: Teleport\n|-damage|p1a: Rillaboom|61\/100|[from] Stealth Rock\n|-fieldstart|move: Grassy Terrain|[from] ability: Grassy Surge|[of] p1a: Rillaboom\n|\n|-weather|SunnyDay|[upkeep]\n|-heal|p1a: Rillaboom|67\/100|[from] Grassy Terrain\n|-heal|p2a: Blissey|72\/100|[from] Grassy Terrain\n|upkeep\n|turn|66\n|\n|t:|1616010326\n|switch|p2a: Corviknight|Corviknight, M|70\/100 brn\n|-ability|p2a: Corviknight|Pressure\n|move|p1a: Rillaboom|Swords Dance|p1a: Rillaboom\n|-boost|p1a: Rillaboom|atk|2\n|\n|-weather|SunnyDay|[upkeep]\n|-heal|p1a: Rillaboom|73\/100|[from] Grassy Terrain\n|-damage|p2a: Corviknight|64\/100 brn|[from] brn\n|upkeep\n|turn|67\n|\n|t:|1616010335\n|move|p1a: Rillaboom|Drain Punch|p2a: Corviknight\n|-damage|p2a: Corviknight|28\/100 brn\n|-heal|p1a: Rillaboom|94\/100|[from] drain|[of] p2a: Corviknight\n|-damage|p1a: Rillaboom|84\/100|[from] item: Life Orb\n|move|p2a: Corviknight|U-turn|p1a: Rillaboom\n|-supereffective|p1a: Rillaboom\n|-damage|p1a: Rillaboom|70\/100\n|\n|t:|1616010338\n|switch|p2a: Charizard|Charizard, M, shiny|100\/100|[from]move: U-turn\n|\n|-weather|SunnyDay|[upkeep]\n|-damage|p2a: Charizard|88\/100|[from] ability: Solar Power|[of] p2a: Charizard\n|-heal|p1a: Rillaboom|76\/100|[from] Grassy Terrain\n|upkeep\n|turn|68\n|\n|t:|1616010350\n|switch|p1a: Tyranitar|Tyranitar, F|11\/100 brn\n|-damage|p1a: Tyranitar|0 fnt|[from] Stealth Rock\n|faint|p1a: Tyranitar\n|move|p2a: Charizard|Weather Ball|p1: Tyranitar|[notarget]\n|-fail|p2a: Charizard\n|\n|-weather|SunnyDay|[upkeep]\n|-damage|p2a: Charizard|76\/100|[from] ability: Solar Power|[of] p2a: Charizard\n|upkeep\n|\n|t:|1616010362\n|switch|p1a: Landorus|Landorus-Therian, M|96\/100\n|-damage|p1a: Landorus|84\/100|[from] Stealth Rock\n|-ability|p1a: Landorus|Intimidate|boost\n|-unboost|p2a: Charizard|atk|1\n|turn|69\n|\n|t:|1616010368\n|switch|p2a: Corviknight|Corviknight, M|28\/100 brn\n|-ability|p2a: Corviknight|Pressure\n|move|p1a: Landorus|Knock Off|p2a: Corviknight\n|-damage|p2a: Corviknight|13\/100 brn\n|\n|-weather|SunnyDay|[upkeep]\n|-fieldend|move: Grassy Terrain\n|-damage|p2a: Corviknight|7\/100 brn|[from] brn\n|upkeep\n|turn|70\n|\n|t:|1616010376\n|move|p1a: Landorus|Knock Off|p2a: Corviknight\n|-damage|p2a: Corviknight|0 fnt\n|faint|p2a: Corviknight\n|\n|-weather|none\n|upkeep\n|\n|t:|1616010380\n|switch|p2a: Torkoal|Torkoal, M|100\/100\n|-weather|SunnyDay|[from] ability: Drought|[of] p2a: Torkoal\n|turn|71\n|\n|t:|1616010389\n|switch|p2a: Blissey|Blissey, F|72\/100\n|move|p1a: Landorus|Knock Off|p2a: Blissey\n|-damage|p2a: Blissey|38\/100\n|-enditem|p2a: Blissey|Heavy-Duty Boots|[from] move: Knock Off|[of] p1a: Landorus\n|\n|-weather|SunnyDay|[upkeep]\n|upkeep\n|turn|72\n|\n|t:|1616010395\n|move|p1a: Landorus|Knock Off|p2a: Blissey\n|-damage|p2a: Blissey|17\/100\n|move|p2a: Blissey|Teleport|p2a: Blissey\n|\n|t:|1616010399\n|switch|p2a: Wenusaur|Venusaur, M|100\/100|[from]move: Teleport\n|\n|-weather|SunnyDay|[upkeep]\n|upkeep\n|turn|73\n|\n|t:|1616010411\n|move|p2a: Wenusaur|Growth|p2a: Wenusaur\n|-boost|p2a: Wenusaur|atk|2\n|-boost|p2a: Wenusaur|spa|2\n|move|p1a: Landorus|Knock Off|p2a: Wenusaur\n|-damage|p2a: Wenusaur|52\/100\n|-enditem|p2a: Wenusaur|Life Orb|[from] move: Knock Off|[of] p1a: Landorus\n|\n|-weather|SunnyDay|[upkeep]\n|upkeep\n|turn|74\n|\n|t:|1616010419\n|move|p2a: Wenusaur|Giga Drain|p1a: Landorus\n|-damage|p1a: Landorus|0 fnt\n|-heal|p2a: Wenusaur|97\/100|[from] drain|[of] p1a: Landorus\n|faint|p1a: Landorus\n|\n|-weather|SunnyDay|[upkeep]\n|upkeep\n|\n|t:|1616010426\n|switch|p1a: Zapdos|Zapdos|50\/100 brn\n|turn|75\n|\n|t:|1616010430\n|move|p2a: Wenusaur|Weather Ball|p1a: Zapdos\n|-damage|p1a: Zapdos|0 fnt\n|faint|p1a: Zapdos\n|\n|-weather|SunnyDay|[upkeep]\n|upkeep\n|c|\u2606Brifye|gg\n|c|\u2606kyle wowry|gg\n|-message|Brifye forfeited.\n|\n|win|kyle wowry\n|raw|Brifye's rating: 1449 &rarr; <strong>1427<\/strong><br \/>(-22 for losing)\n|raw|kyle wowry's rating: 1411 &rarr; <strong>1433<\/strong><br \/>(+22 for winning)\n|l|\u2606Brifye\n||Ladder (probably) updated, but score could not be retrieved (Request timeout).\n","uploadtime":1616010450,"views":11,"p1id":"brifye","p2id":"kylewowry","formatid":"gen8ou","rating":1427,"private":0,"password":null}