{"id":"gen8randombattle-1313593102","p1":"Bobthunder_test","p2":"Gurtrant","format":"gen8randombattle","log":"|j|\u2606Bobthunder_test\n|j|\u2606Gurtrant\n|t:|1617328612\n|gametype|singles\n|player|p1|Bobthunder_test|lucas|1607\n|player|p2|Gurtrant|238|1658\n|teamsize|p1|6\n|teamsize|p2|6\n|gen|8\n|tier|[Gen 8] Random Battle\n|rated|\n|rule|Species Clause: Limit one of each Pok\u00e9mon\n|rule|HP Percentage Mod: HP is shown in percentages\n|rule|Sleep Clause Mod: Limit one foe put to sleep\n|\n|t:|1617328612\n|start\n|switch|p1a: Pikachu|Pikachu, L90, F|209\/209\n|switch|p2a: Gastrodon|Gastrodon-East, L84, M|324\/324\n|turn|1\n|inactive|Battle timer is ON: inactive players will automatically lose when time's up. (requested by Gurtrant)\n|\n|t:|1617328629\n|switch|p1a: Abomasnow|Abomasnow, L82, F|282\/282\n|-weather|Hail|[from] ability: Snow Warning|[of] p1a: Abomasnow\n|move|p2a: Gastrodon|Earthquake|p1a: Abomasnow\n|-resisted|p1a: Abomasnow\n|-damage|p1a: Abomasnow|226\/282\n|\n|-weather|Hail|[upkeep]\n|-damage|p2a: Gastrodon|304\/324|[from] Hail\n|-heal|p2a: Gastrodon|324\/324|[from] item: Leftovers\n|upkeep\n|turn|2\n|c|\u2606Gurtrant|omfg\n|c|\u2606Gurtrant|so cute\n|inactive|Gurtrant has 120 seconds left.\n|\n|t:|1617328672\n|switch|p2a: Copperajah|Copperajah, L84, F|342\/342\n|move|p1a: Abomasnow|Aurora Veil|p1a: Abomasnow\n|-sidestart|p1: Bobthunder_test|move: Aurora Veil\n|\n|-weather|Hail|[upkeep]\n|-damage|p2a: Copperajah|321\/342|[from] Hail\n|upkeep\n|turn|3\n|\n|t:|1617328680\n|switch|p1a: Equilibra|Equilibra, L82|301\/301\n|move|p2a: Copperajah|Heat Crash|p1a: Equilibra\n|-supereffective|p1a: Equilibra\n|-damage|p1a: Equilibra|158\/301\n|\n|-weather|Hail|[upkeep]\n|-damage|p1a: Equilibra|140\/301|[from] Hail\n|-damage|p2a: Copperajah|300\/342|[from] Hail\n|-heal|p1a: Equilibra|158\/301|[from] item: Leftovers\n|upkeep\n|turn|4\n|inactive|Gurtrant has 120 seconds left.\n|\n|t:|1617328711\n|switch|p2a: Gastrodon|Gastrodon-East, L84, M|324\/324\n|move|p1a: Equilibra|Earth Power|p2a: Gastrodon\n|-damage|p2a: Gastrodon|221\/324\n|\n|-weather|Hail|[upkeep]\n|-damage|p2a: Gastrodon|201\/324|[from] Hail\n|-damage|p1a: Equilibra|140\/301|[from] Hail\n|-heal|p2a: Gastrodon|221\/324|[from] item: Leftovers\n|-heal|p1a: Equilibra|158\/301|[from] item: Leftovers\n|upkeep\n|turn|5\n|\n|t:|1617328718\n|switch|p1a: Araquanid|Araquanid, L80, M|239\/239\n|move|p2a: Gastrodon|Recover|p2a: Gastrodon\n|-heal|p2a: Gastrodon|324\/324\n|\n|-weather|none\n|upkeep\n|turn|6\n|\n|t:|1617328725\n|move|p2a: Gastrodon|Toxic|p1a: Araquanid\n|-status|p1a: Araquanid|tox\n|move|p1a: Araquanid|Toxic|p2a: Gastrodon\n|-status|p2a: Gastrodon|tox\n|\n|-damage|p2a: Gastrodon|304\/324 tox|[from] psn\n|-damage|p1a: Araquanid|225\/239 tox|[from] psn\n|upkeep\n|turn|7\n|inactive|Gurtrant has 120 seconds left.\n|\n|t:|1617328735\n|switch|p2a: Copperajah|Copperajah, L84, F|300\/342\n|switch|p1a: Abomasnow|Abomasnow, L82, F|226\/282\n|-weather|Hail|[from] ability: Snow Warning|[of] p1a: Abomasnow\n|\n|-weather|Hail|[upkeep]\n|-damage|p2a: Copperajah|279\/342|[from] Hail\n|upkeep\n|turn|8\n|inactive|Gurtrant has 120 seconds left.\n|\n|t:|1617328745\n|switch|p1a: Araquanid|Araquanid, L80, M|225\/239 tox\n|move|p2a: Copperajah|Heat Crash|p1a: Araquanid\n|-damage|p1a: Araquanid|182\/239 tox\n|\n|-weather|Hail|[upkeep]\n|-damage|p1a: Araquanid|168\/239 tox|[from] Hail\n|-damage|p2a: Copperajah|258\/342|[from] Hail\n|-damage|p1a: Araquanid|154\/239 tox|[from] psn\n|upkeep\n|turn|9\n|\n|t:|1617328753\n|switch|p2a: Gastrodon|Gastrodon-East, L84, M|304\/324 tox\n|move|p1a: Araquanid|Liquidation|p2a: Gastrodon\n|-ability|p2a: Gastrodon|Storm Drain|boost\n|-boost|p2a: Gastrodon|spa|1\n|\n|-weather|Hail|[upkeep]\n|-damage|p2a: Gastrodon|284\/324 tox|[from] Hail\n|-damage|p1a: Araquanid|140\/239 tox|[from] Hail\n|-heal|p2a: Gastrodon|304\/324 tox|[from] item: Leftovers\n|-damage|p2a: Gastrodon|284\/324 tox|[from] psn\n|-damage|p1a: Araquanid|112\/239 tox|[from] psn\n|-sideend|p1: Bobthunder_test|move: Aurora Veil\n|upkeep\n|turn|10\n|\n|t:|1617328758\n|move|p2a: Gastrodon|Scald|p1a: Araquanid\n|-resisted|p1a: Araquanid\n|-damage|p1a: Araquanid|66\/239 tox\n|move|p1a: Araquanid|Mirror Coat|p2a: Gastrodon\n|-damage|p2a: Gastrodon|192\/324 tox\n|\n|-weather|Hail|[upkeep]\n|-damage|p2a: Gastrodon|172\/324 tox|[from] Hail\n|-damage|p1a: Araquanid|52\/239 tox|[from] Hail\n|-heal|p2a: Gastrodon|192\/324 tox|[from] item: Leftovers\n|-damage|p2a: Gastrodon|152\/324 tox|[from] psn\n|-damage|p1a: Araquanid|10\/239 tox|[from] psn\n|upkeep\n|turn|11\n|\n|t:|1617328766\n|move|p2a: Gastrodon|Recover|p2a: Gastrodon\n|-heal|p2a: Gastrodon|314\/324 tox\n|move|p1a: Araquanid|Leech Life|p2a: Gastrodon\n|-damage|p2a: Gastrodon|232\/324 tox\n|-heal|p1a: Araquanid|51\/239 tox|[from] drain|[of] p2a: Gastrodon\n|\n|-weather|none\n|-heal|p2a: Gastrodon|252\/324 tox|[from] item: Leftovers\n|-damage|p2a: Gastrodon|192\/324 tox|[from] psn\n|-damage|p1a: Araquanid|0 fnt|[from] psn\n|faint|p1a: Araquanid\n|upkeep\n|\n|t:|1617328781\n|switch|p1a: Abomasnow|Abomasnow, L82, F|226\/282\n|-weather|Hail|[from] ability: Snow Warning|[of] p1a: Abomasnow\n|turn|12\n|\n|t:|1617328786\n|switch|p2a: Copperajah|Copperajah, L84, F|258\/342\n|move|p1a: Abomasnow|Earthquake|p2a: Copperajah\n|-supereffective|p2a: Copperajah\n|-damage|p2a: Copperajah|92\/342\n|\n|-weather|Hail|[upkeep]\n|-damage|p2a: Copperajah|71\/342|[from] Hail\n|upkeep\n|turn|13\n|\n|t:|1617328793\n|move|p1a: Abomasnow|Earthquake|p2a: Copperajah\n|-supereffective|p2a: Copperajah\n|-crit|p2a: Copperajah\n|-damage|p2a: Copperajah|0 fnt\n|faint|p2a: Copperajah\n|\n|-weather|Hail|[upkeep]\n|upkeep\n|\n|t:|1617328802\n|switch|p2a: Pajantom|Pajantom, L80, F|227\/227\n|turn|14\n|\n|t:|1617328814\n|move|p2a: Pajantom|Flamethrower|p1a: Abomasnow\n|-supereffective|p1a: Abomasnow\n|-damage|p1a: Abomasnow|0 fnt\n|-damage|p2a: Pajantom|205\/227|[from] item: Life Orb\n|faint|p1a: Abomasnow\n|\n|-weather|Hail|[upkeep]\n|-damage|p2a: Pajantom|191\/227|[from] Hail\n|upkeep\n|\n|t:|1617328822\n|switch|p1a: Pikachu|Pikachu, L90, F|209\/209\n|turn|15\n|\n|t:|1617328847\n|move|p2a: Pajantom|Dark Pulse|p1a: Pikachu\n|-damage|p1a: Pikachu|49\/209\n|-damage|p2a: Pajantom|169\/227|[from] item: Life Orb\n|move|p1a: Pikachu|Knock Off|p2a: Pajantom\n|-resisted|p2a: Pajantom\n|-damage|p2a: Pajantom|96\/227\n|replace|p2a: Zoroark|Zoroark, L80, M\n|-end|p2a: Zoroark|Illusion\n|-enditem|p2a: Zoroark|Life Orb|[from] move: Knock Off|[of] p1a: Pikachu\n|\n|-weather|Hail|[upkeep]\n|-damage|p2a: Zoroark|82\/227|[from] Hail\n|-damage|p1a: Pikachu|36\/209|[from] Hail\n|upkeep\n|turn|16\n|\n|t:|1617328860\n|move|p2a: Zoroark|Dark Pulse|p1a: Pikachu\n|-damage|p1a: Pikachu|0 fnt\n|faint|p1a: Pikachu\n|\n|-weather|none\n|upkeep\n|\n|t:|1617328867\n|switch|p1a: Regidrago|Regidrago, L80|451\/451\n|turn|17\n|inactive|Gurtrant has 120 seconds left.\n|\n|t:|1617328915\n|move|p2a: Zoroark|Dark Pulse|p1a: Regidrago\n|-damage|p1a: Regidrago|354\/451\n|move|p1a: Regidrago|Outrage|p2a: Zoroark\n|-damage|p2a: Zoroark|0 fnt\n|faint|p2a: Zoroark\n|\n|upkeep\n|\n|t:|1617328920\n|switch|p2a: Ribombee|Ribombee, L82, M|233\/233\n|turn|18\n|inactive|Bobthunder_test has 120 seconds left.\n|\n|t:|1617328950\n|move|p2a: Ribombee|Sticky Web|p1a: Regidrago\n|-sidestart|p1: Bobthunder_test|move: Sticky Web\n|move|p1a: Regidrago|Outrage|p2a: Ribombee|[from]lockedmove\n|-immune|p2a: Ribombee\n|-start|p1a: Regidrago|confusion|[fatigue]\n|\n|upkeep\n|turn|19\n|inactive|Gurtrant has 120 seconds left.\n|\n|t:|1617328959\n|switch|p1a: Suicune|Suicune, L80|291\/291\n|-activate|p1a: Suicune|move: Sticky Web\n|-unboost|p1a: Suicune|spe|1\n|-ability|p1a: Suicune|Pressure\n|move|p2a: Ribombee|Moonblast|p1a: Suicune\n|-damage|p1a: Suicune|209\/291\n|-unboost|p1a: Suicune|spa|1\n|\n|-heal|p1a: Suicune|227\/291|[from] item: Leftovers\n|upkeep\n|turn|20\n|inactive|Gurtrant has 120 seconds left.\n|inactive|Bobthunder_test has 120 seconds left.\n|-message|Bobthunder_test forfeited.\n|\n|win|Gurtrant\n|raw|Bobthunder_test's rating: 1607 &rarr; <strong>1590<\/strong><br \/>(-17 for losing)\n|raw|Gurtrant's rating: 1658 &rarr; <strong>1675<\/strong><br \/>(+17 for winning)\n|l|\u2606Bobthunder_test\n","inputlog":">version e4dd3ce940cd1ad693f22026aa6cc7002d869a05\n>start {\"formatid\":\"gen8randombattle\",\"seed\":[26205,7013,54456,20890],\"rated\":\"Rated battle\"}\n>player p1 {\"name\":\"Bobthunder_test\",\"avatar\":\"lucas\",\"rating\":1607,\"seed\":[13304,65459,33162,12871]}\n>player p2 {\"name\":\"Gurtrant\",\"avatar\":\"238\",\"rating\":1658,\"seed\":[7550,22724,16436,50809]}\n>p1 switch 2\n>p2 move earthquake\n>chat \u2606Gurtrant|omfg\n>chat \u2606Gurtrant|so cute\n>p1 move auroraveil\n>p2 switch 5\n>p1 switch 6\n>p2 move heatcrash\n>p1 move earthpower\n>p2 switch 5\n>p1 switch 4\n>p2 move recover\n>p1 move toxic\n>p2 move toxic\n>p1 switch 6\n>p2 switch 5\n>p1 switch 6\n>p2 move heatcrash\n>p1 move liquidation\n>p2 switch 5\n>p1 move mirrorcoat\n>p2 move scald\n>p1 move leechlife\n>p2 move recover\n>p1 switch 6\n>p1 move earthquake\n>p2 switch 5\n>p1 move earthquake\n>p2 move heatcrash\n>p2 switch 2\n>p1 move blizzard\n>p2 move flamethrower\n>p1 switch 2\n>p1 move knockoff\n>p2 move darkpulse\n>p1 move voltswitch\n>p2 move darkpulse\n>p1 switch 3\n>p1 move outrage\n>p2 move darkpulse\n>p2 switch 3\n>p1 move outrage\n>p2 move stickyweb\n>p1 switch 5\n>p2 move moonblast\n>forcelose p1","uploadtime":1617329004,"views":20,"p1id":"bobthundertest","p2id":"gurtrant","formatid":"gen8randombattle","rating":1590,"private":0,"password":null}