{"id":"gen8ou-1602869670","p1":"Senzumii","p2":"Infernoss","format":"gen8ou","log":"|j|\u2606Senzumii\n|j|\u2606Infernoss\n|t:|1656025209\n|gametype|singles\n|player|p1|Senzumii|psychicf-gen4|1799\n|player|p2|Infernoss|blue|1707\n|teamsize|p1|6\n|teamsize|p2|6\n|gen|8\n|tier|[Gen 8] OU\n|rated|\n|rule|Sleep Clause Mod: Limit one foe put to sleep\n|rule|Species Clause: Limit one of each Pok\u00e9mon\n|rule|OHKO Clause: OHKO moves are banned\n|rule|Evasion Moves Clause: Evasion moves are banned\n|rule|Endless Battle Clause: Forcing endless battles is banned\n|rule|HP Percentage Mod: HP is shown in percentages\n|rule|Dynamax Clause: You cannot dynamax\n|clearpoke\n|poke|p1|Tapu Koko|\n|poke|p1|Victini|\n|poke|p1|Clefable, F|\n|poke|p1|Landorus-Therian, M|\n|poke|p1|Ferrothorn, M|\n|poke|p1|Dragonite, F|\n|poke|p2|Slowbro, M|\n|poke|p2|Hatterene, F|\n|poke|p2|Marowak-Alola, M|\n|poke|p2|Ferrothorn, F|\n|poke|p2|Garchomp, F|\n|poke|p2|Drampa, M|\n|teampreview\n|j| Turn 2\n|\n|t:|1656025235\n|start\n|switch|p1a: Landorus|Landorus-Therian, M|100\/100\n|switch|p2a: Sharpo|Garchomp, F|100\/100\n|-ability|p1a: Landorus|Intimidate|boost\n|-unboost|p2a: Sharpo|atk|1\n|turn|1\n|\n|t:|1656025242\n|switch|p2a: Thorns|Ferrothorn, F|100\/100\n|move|p1a: Landorus|Earthquake|p2a: Thorns\n|-damage|p2a: Thorns|60\/100\n|\n|-heal|p2a: Thorns|66\/100|[from] item: Leftovers\n|upkeep\n|turn|2\n|\n|t:|1656025250\n|move|p1a: Landorus|Stealth Rock|p2a: Thorns\n|-sidestart|p2: Infernoss|move: Stealth Rock\n|move|p2a: Thorns|Leech Seed|p1a: Landorus\n|-start|p1a: Landorus|move: Leech Seed\n|\n|-heal|p2a: Thorns|72\/100|[from] item: Leftovers\n|-damage|p1a: Landorus|88\/100|[from] Leech Seed|[of] p2a: Thorns\n|-heal|p2a: Thorns|83\/100|[silent]\n|upkeep\n|turn|3\n|\n|t:|1656025257\n|switch|p1a: Victini|Victini|100\/100\n|move|p2a: Thorns|Stealth Rock|p1a: Victini\n|-sidestart|p1: Senzumii|move: Stealth Rock\n|\n|-heal|p2a: Thorns|89\/100|[from] item: Leftovers\n|upkeep\n|turn|4\n|\n|t:|1656025264\n|switch|p2a: Sonso|Slowbro, M|100\/100\n|-damage|p2a: Sonso|88\/100|[from] Stealth Rock\n|move|p1a: Victini|Will-O-Wisp|p2a: Sonso\n|-status|p2a: Sonso|brn\n|\n|-damage|p2a: Sonso|82\/100 brn|[from] brn\n|upkeep\n|turn|5\n|\n|t:|1656025275\n|switch|p1a: Tapu Koko|Tapu Koko|100\/100\n|-fieldstart|move: Electric Terrain|[from] ability: Electric Surge|[of] p1a: Tapu Koko\n|move|p2a: Sonso|Scald|p1a: Tapu Koko\n|-crit|p1a: Tapu Koko\n|-damage|p1a: Tapu Koko|33\/100\n|\n|-damage|p2a: Sonso|76\/100 brn|[from] brn\n|upkeep\n|turn|6\n|\n|t:|1656025284\n|switch|p2a: Thorns|Ferrothorn, F|89\/100\n|-damage|p2a: Thorns|83\/100|[from] Stealth Rock\n|move|p1a: Tapu Koko|Roost|p1a: Tapu Koko\n|-heal|p1a: Tapu Koko|83\/100\n|-singleturn|p1a: Tapu Koko|move: Roost\n|\n|-heal|p2a: Thorns|89\/100|[from] item: Leftovers\n|upkeep\n|turn|7\n|inactive|Battle timer is ON: inactive players will automatically lose when time's up. (requested by Senzumii)\n|\n|t:|1656025294\n|move|p1a: Tapu Koko|Volt Switch|p2a: Thorns\n|-resisted|p2a: Thorns\n|-damage|p2a: Thorns|78\/100\n|\n|t:|1656025297\n|switch|p1a: Ferrothorn|Ferrothorn, M|100\/100|[from]move: Volt Switch\n|-damage|p1a: Ferrothorn|95\/100|[from] Stealth Rock\n|move|p2a: Thorns|Leech Seed|p1a: Ferrothorn\n|-immune|p1a: Ferrothorn\n|\n|-heal|p2a: Thorns|84\/100|[from] item: Leftovers\n|upkeep\n|turn|8\n|\n|t:|1656025307\n|switch|p2a: Gorra|Hatterene, F|100\/100\n|-damage|p2a: Gorra|88\/100|[from] Stealth Rock\n|move|p1a: Ferrothorn|Knock Off|p2a: Gorra\n|-damage|p2a: Gorra|68\/100\n|-enditem|p2a: Gorra|Kasib Berry|[from] move: Knock Off|[of] p1a: Ferrothorn\n|\n|upkeep\n|turn|9\n|\n|t:|1656025314\n|switch|p1a: Victini|Victini|100\/100\n|move|p2a: Gorra|Mystical Fire|p1a: Victini\n|-resisted|p1a: Victini\n|-damage|p1a: Victini|90\/100\n|-unboost|p1a: Victini|spa|1\n|\n|-fieldend|move: Electric Terrain\n|upkeep\n|turn|10\n|\n|t:|1656025323\n|switch|p2a: Sonso|Slowbro, M|100\/100 brn\n|-damage|p2a: Sonso|88\/100 brn|[from] Stealth Rock\n|move|p1a: Victini|U-turn|p2a: Sonso\n|-supereffective|p2a: Sonso\n|-damage|p2a: Sonso|64\/100 brn\n|\n|t:|1656025342\n|switch|p1a: Tapu Koko|Tapu Koko|83\/100|[from]move: U-turn\n|-fieldstart|move: Electric Terrain|[from] ability: Electric Surge|[of] p1a: Tapu Koko\n|\n|-damage|p2a: Sonso|58\/100 brn|[from] brn\n|upkeep\n|turn|11\n|\n|t:|1656025349\n|switch|p2a: Thorns|Ferrothorn, F|84\/100\n|-damage|p2a: Thorns|78\/100|[from] Stealth Rock\n|move|p1a: Tapu Koko|Volt Switch|p2a: Thorns\n|-resisted|p2a: Thorns\n|-damage|p2a: Thorns|66\/100\n|\n|t:|1656025351\n|switch|p1a: Ferrothorn|Ferrothorn, M|95\/100|[from]move: Volt Switch\n|-damage|p1a: Ferrothorn|89\/100|[from] Stealth Rock\n|\n|-heal|p2a: Thorns|72\/100|[from] item: Leftovers\n|upkeep\n|turn|12\n|\n|t:|1656025360\n|switch|p2a: Gorra|Hatterene, F|68\/100\n|-damage|p2a: Gorra|56\/100|[from] Stealth Rock\n|move|p1a: Ferrothorn|Knock Off|p2a: Gorra\n|-damage|p2a: Gorra|41\/100\n|\n|upkeep\n|turn|13\n|\n|t:|1656025367\n|switch|p1a: Victini|Victini|90\/100\n|move|p2a: Gorra|Trick Room|p2a: Gorra\n|-fieldstart|move: Trick Room|[of] p2a: Gorra\n|\n|upkeep\n|turn|14\n|\n|t:|1656025374\n|switch|p2a: Falko|Drampa, M|100\/100\n|-damage|p2a: Falko|88\/100|[from] Stealth Rock\n|move|p1a: Victini|Will-O-Wisp|p2a: Falko\n|-status|p2a: Falko|brn\n|\n|-damage|p2a: Falko|82\/100 brn|[from] brn\n|-fieldend|move: Electric Terrain\n|upkeep\n|turn|15\n|inactive|Senzumii has 120 seconds left.\n|\n|t:|1656025414\n|switch|p1a: Dragonite|Dragonite, F|100\/100\n|move|p2a: Falko|Thunderbolt|p1a: Dragonite\n|-damage|p1a: Dragonite|83\/100\n|\n|-damage|p2a: Falko|76\/100 brn|[from] brn\n|upkeep\n|turn|16\n|\n|t:|1656025420\n|switch|p1a: Clefable|Clefable, F|100\/100\n|move|p2a: Falko|Ice Beam|p1a: Clefable\n|-damage|p1a: Clefable|66\/100\n|\n|-heal|p1a: Clefable|72\/100|[from] item: Leftovers\n|-damage|p2a: Falko|70\/100 brn|[from] brn\n|upkeep\n|turn|17\n|\n|t:|1656025430\n|switch|p2a: Sonso|Slowbro, M|91\/100 brn\n|-damage|p2a: Sonso|78\/100 brn|[from] Stealth Rock\n|move|p1a: Clefable|Moonblast|p2a: Sonso\n|-damage|p2a: Sonso|48\/100 brn\n|\n|-heal|p1a: Clefable|78\/100|[from] item: Leftovers\n|-damage|p2a: Sonso|42\/100 brn|[from] brn\n|-fieldend|move: Trick Room\n|upkeep\n|turn|18\n|\n|t:|1656025440\n|move|p1a: Clefable|Moonblast|p2a: Sonso\n|-damage|p2a: Sonso|11\/100 brn\n|move|p2a: Sonso|Slack Off|p2a: Sonso\n|-heal|p2a: Sonso|61\/100 brn\n|\n|-heal|p1a: Clefable|84\/100|[from] item: Leftovers\n|-damage|p2a: Sonso|55\/100 brn|[from] brn\n|upkeep\n|turn|19\n|\n|t:|1656025450\n|move|p1a: Clefable|Calm Mind|p1a: Clefable\n|-boost|p1a: Clefable|spa|1\n|-boost|p1a: Clefable|spd|1\n|move|p2a: Sonso|Trick Room|p2a: Sonso\n|-fieldstart|move: Trick Room|[of] p2a: Sonso\n|\n|-heal|p1a: Clefable|90\/100|[from] item: Leftovers\n|-damage|p2a: Sonso|49\/100 brn|[from] brn\n|upkeep\n|turn|20\n|\n|t:|1656025466\n|switch|p2a: Billy B.|Marowak-Alola, M|100\/100\n|-damage|p2a: Billy B.|76\/100|[from] Stealth Rock\n|switch|p1a: Dragonite|Dragonite, F|83\/100\n|\n|upkeep\n|turn|21\n|\n|t:|1656025472\n|move|p2a: Billy B.|Poltergeist|p1a: Dragonite\n|-activate|p1a: Dragonite|move: Poltergeist|Heavy-Duty Boots\n|-damage|p1a: Dragonite|0 fnt\n|faint|p1a: Dragonite\n|\n|upkeep\n|c|\u2606Senzumii|oh\n|\n|t:|1656025490\n|switch|p1a: Clefable|Clefable, F|90\/100\n|turn|22\n|\n|t:|1656025493\n|move|p2a: Billy B.|Swords Dance|p2a: Billy B.\n|-boost|p2a: Billy B.|atk|2\n|move|p1a: Clefable|Soft-Boiled|p1a: Clefable\n|-heal|p1a: Clefable|100\/100\n|\n|upkeep\n|turn|23\n|inactive|Senzumii has 120 seconds left.\n|\n|t:|1656025531\n|switch|p1a: Ferrothorn|Ferrothorn, M|89\/100\n|-damage|p1a: Ferrothorn|83\/100|[from] Stealth Rock\n|move|p2a: Billy B.|Flare Blitz|p1a: Ferrothorn\n|-supereffective|p1a: Ferrothorn\n|-damage|p1a: Ferrothorn|0 fnt\n|-damage|p2a: Billy B.|63\/100|[from] ability: Iron Barbs|[of] p1a: Ferrothorn\n|-damage|p2a: Billy B.|47\/100|[from] item: Rocky Helmet|[of] p1a: Ferrothorn\n|faint|p1a: Ferrothorn\n|\n|-fieldend|move: Trick Room\n|upkeep\n|\n|t:|1656025535\n|switch|p1a: Landorus|Landorus-Therian, M|88\/100\n|-damage|p1a: Landorus|76\/100|[from] Stealth Rock\n|-ability|p1a: Landorus|Intimidate|boost\n|-unboost|p2a: Billy B.|atk|1\n|turn|24\n|\n|t:|1656025546\n|switch|p2a: Sonso|Slowbro, M|82\/100 brn\n|-damage|p2a: Sonso|70\/100 brn|[from] Stealth Rock\n|move|p1a: Landorus|Earthquake|p2a: Sonso\n|-damage|p2a: Sonso|37\/100 brn\n|\n|-damage|p2a: Sonso|31\/100 brn|[from] brn\n|upkeep\n|turn|25\n|\n|t:|1656025555\n|switch|p2a: Thorns|Ferrothorn, F|72\/100\n|-damage|p2a: Thorns|66\/100|[from] Stealth Rock\n|move|p1a: Landorus|Earthquake|p2a: Thorns\n|-damage|p2a: Thorns|24\/100\n|\n|-heal|p2a: Thorns|30\/100|[from] item: Leftovers\n|upkeep\n|turn|26\n|\n|t:|1656025563\n|move|p1a: Landorus|Earthquake|p2a: Thorns\n|-damage|p2a: Thorns|0 fnt\n|faint|p2a: Thorns\n|\n|upkeep\n|\n|t:|1656025569\n|switch|p2a: Sonso|Slowbro, M|64\/100 brn\n|-damage|p2a: Sonso|52\/100 brn|[from] Stealth Rock\n|turn|27\n|\n|t:|1656025583\n|move|p1a: Landorus|Explosion|p2a: Sonso\n|-enditem|p1a: Landorus|Normal Gem|[from] gem\n|-damage|p2a: Sonso|0 fnt\n|faint|p1a: Landorus\n|faint|p2a: Sonso\n|\n|upkeep\n|\n|t:|1656025603\n|switch|p1a: Tapu Koko|Tapu Koko|83\/100\n|switch|p2a: Sharpo|Garchomp, F|100\/100\n|-fieldstart|move: Electric Terrain|[from] ability: Electric Surge|[of] p1a: Tapu Koko\n|-damage|p2a: Sharpo|94\/100|[from] Stealth Rock\n|turn|28\n|j| Ken Kingdra Lamar\n|\n|t:|1656025610\n|move|p1a: Tapu Koko|Dazzling Gleam|p2a: Sharpo\n|-supereffective|p2a: Sharpo\n|-damage|p2a: Sharpo|16\/100\n|move|p2a: Sharpo|Earthquake|p1a: Tapu Koko\n|-supereffective|p1a: Tapu Koko\n|-damage|p1a: Tapu Koko|0 fnt\n|faint|p1a: Tapu Koko\n|\n|-heal|p2a: Sharpo|23\/100|[from] item: Leftovers\n|upkeep\n|\n|t:|1656025613\n|switch|p1a: Clefable|Clefable, F|100\/100\n|turn|29\n|\n|t:|1656025620\n|move|p2a: Sharpo|Swords Dance|p2a: Sharpo\n|-boost|p2a: Sharpo|atk|2\n|move|p1a: Clefable|Moonblast|p2a: Sharpo\n|-supereffective|p2a: Sharpo\n|-damage|p2a: Sharpo|0 fnt\n|faint|p2a: Sharpo\n|\n|upkeep\n|\n|t:|1656025627\n|switch|p2a: Gorra|Hatterene, F|41\/100\n|-damage|p2a: Gorra|29\/100|[from] Stealth Rock\n|turn|30\n|\n|t:|1656025646\n|move|p1a: Clefable|Moonblast|p2a: Gorra\n|-damage|p2a: Gorra|2\/100\n|-unboost|p2a: Gorra|spa|1\n|move|p2a: Gorra|Trick Room|p2a: Gorra\n|-fieldstart|move: Trick Room|[of] p2a: Gorra\n|\n|upkeep\n|turn|31\n|\n|t:|1656025655\n|move|p2a: Gorra|Healing Wish|p2a: Gorra\n|faint|p2a: Gorra\n|move|p1a: Clefable|Calm Mind|p1a: Clefable\n|-boost|p1a: Clefable|spa|1\n|-boost|p1a: Clefable|spd|1\n|\n|upkeep\n|\n|t:|1656025660\n|switch|p2a: Billy B.|Marowak-Alola, M|47\/100\n|-heal|p2a: Billy B.|100\/100|[from] move: Healing Wish\n|-damage|p2a: Billy B.|76\/100|[from] Stealth Rock\n|turn|32\n|\n|t:|1656025680\n|move|p2a: Billy B.|Swords Dance|p2a: Billy B.\n|-boost|p2a: Billy B.|atk|2\n|move|p1a: Clefable|Soft-Boiled||[still]\n|-fail|p1a: Clefable|heal\n|\n|-fieldend|move: Electric Terrain\n|upkeep\n|turn|33\n|\n|t:|1656025686\n|move|p2a: Billy B.|Flare Blitz|p1a: Clefable\n|-damage|p1a: Clefable|0 fnt\n|faint|p1a: Clefable\n|\n|upkeep\n|\n|t:|1656025687\n|switch|p1a: Victini|Victini|90\/100\n|turn|34\n|\n|t:|1656025704\n|move|p2a: Billy B.|Flare Blitz|p1a: Victini\n|-resisted|p1a: Victini\n|-damage|p1a: Victini|0 fnt\n|faint|p1a: Victini\n|\n|win|Infernoss\n|raw|Senzumii's rating: 1799 &rarr; <strong>1774<\/strong><br \/>(-25 for losing)\n|raw|Infernoss's rating: 1707 &rarr; <strong>1732<\/strong><br \/>(+25 for winning)\n|c|\u2606Senzumii|gg\n|l|\u2606Senzumii\n|c|\u2606Infernoss|gg\n|l| Turn 2\n||Ladder isn't responding, score probably updated but might not have (Request timeout).\n","uploadtime":1656025709,"views":52,"p1id":"senzumii","p2id":"infernoss","formatid":"gen8ou","rating":1732,"private":0,"password":null}