{"id":"gen8ou-1012852338","p1":"Granny Pie","p2":"Jakkkkkka","format":"gen8ou","log":"|j|\u2606Granny Pie\n|j|\u2606Jakkkkkka\n|player|p1|Granny Pie|121|1000\n|player|p2|Jakkkkkka|137|1000\n|teamsize|p1|6\n|teamsize|p2|6\n|gametype|singles\n|gen|8\n|tier|[Gen 8] OU\n|rated|\n|rule|Sleep Clause Mod: Limit one foe put to sleep\n|rule|Species Clause: Limit one of each Pok\u00e9mon\n|rule|OHKO Clause: OHKO moves are banned\n|rule|Moody Clause: Moody is banned\n|rule|Evasion Moves Clause: Evasion moves are banned\n|rule|Endless Battle Clause: Forcing endless battles is banned\n|rule|HP Percentage Mod: HP is shown in percentages\n|clearpoke\n|poke|p1|Ribombee, F|item\n|poke|p1|Ninetales-Alola, F|item\n|poke|p1|Dragapult, M|item\n|poke|p1|Obstagoon, M|item\n|poke|p1|Gyarados, M|item\n|poke|p1|Excadrill, M|item\n|poke|p2|Corviknight, F|item\n|poke|p2|Gyarados, F|item\n|poke|p2|Jellicent, F|item\n|poke|p2|Hippowdon, F|item\n|poke|p2|Togekiss, M|item\n|poke|p2|Salazzle, F|item\n|teampreview\n|inactive|Battle timer is ON: inactive players will automatically lose when time's up. (requested by Granny Pie)\n|\n|start\n|switch|p1a: Ribombee|Ribombee, F|100\/100\n|switch|p2a: Hippowdon|Hippowdon, F|100\/100\n|-weather|Sandstorm|[from] ability: Sand Stream|[of] p2a: Hippowdon\n|turn|1\n|\n|move|p1a: Ribombee|Sticky Web|p2a: Hippowdon\n|-sidestart|p2: Jakkkkkka|move: Sticky Web\n|move|p2a: Hippowdon|Stealth Rock|p1a: Ribombee\n|-sidestart|p1: Granny Pie|move: Stealth Rock\n|\n|-weather|Sandstorm|[upkeep]\n|-damage|p1a: Ribombee|94\/100|[from] Sandstorm\n|upkeep\n|turn|2\n|\n|move|p1a: Ribombee|Moonblast|p2a: Hippowdon\n|-damage|p2a: Hippowdon|68\/100\n|move|p2a: Hippowdon|Whirlwind|p1a: Ribombee\n|drag|p1a: Excadrill|Excadrill, M|100\/100\n|-damage|p1a: Excadrill|97\/100|[from] Stealth Rock\n|-ability|p1a: Excadrill|Mold Breaker\n|\n|-weather|Sandstorm|[upkeep]\n|-heal|p2a: Hippowdon|75\/100|[from] item: Leftovers\n|upkeep\n|turn|3\n|\n|switch|p1a: Ribombee|Ribombee, F|94\/100\n|-damage|p1a: Ribombee|69\/100|[from] Stealth Rock\n|switch|p2a: Jellicent|Jellicent, F|100\/100\n|-activate|p2a: Jellicent|move: Sticky Web\n|-unboost|p2a: Jellicent|spe|1\n|\n|-weather|Sandstorm|[upkeep]\n|-damage|p1a: Ribombee|63\/100|[from] Sandstorm\n|-damage|p2a: Jellicent|94\/100|[from] Sandstorm\n|-heal|p2a: Jellicent|100\/100|[from] item: Leftovers\n|upkeep\n|turn|4\n|\n|switch|p2a: Salazzle|Salazzle, F|100\/100\n|-activate|p2a: Salazzle|move: Sticky Web\n|-unboost|p2a: Salazzle|spe|1\n|move|p1a: Ribombee|Moonblast|p2a: Salazzle\n|-resisted|p2a: Salazzle\n|-damage|p2a: Salazzle|82\/100\n|\n|-weather|Sandstorm|[upkeep]\n|-damage|p1a: Ribombee|57\/100|[from] Sandstorm\n|-damage|p2a: Salazzle|76\/100|[from] Sandstorm\n|upkeep\n|turn|5\n|\n|move|p1a: Ribombee|Stun Spore|p2a: Salazzle\n|-status|p2a: Salazzle|par\n|move|p2a: Salazzle|Substitute|p2a: Salazzle\n|-start|p2a: Salazzle|Substitute\n|-damage|p2a: Salazzle|51\/100 par\n|\n|-weather|none\n|upkeep\n|turn|6\n|\n|-start|p2a: Salazzle|Dynamax\n|-heal|p2a: Salazzle|51\/100 par|[from] Dynamax\n|move|p1a: Ribombee|Bug Buzz|p2a: Salazzle\n|-resisted|p2a: Salazzle\n|-damage|p2a: Salazzle|42\/100 par\n|cant|p2a: Salazzle|par\n|\n|upkeep\n|turn|7\n|\n|move|p1a: Ribombee|Moonblast|p2a: Salazzle\n|-resisted|p2a: Salazzle\n|-activate|p2a: Salazzle|move: Substitute|[damage]\n|cant|p2a: Salazzle|par\n|\n|upkeep\n|turn|8\n|\n|move|p1a: Ribombee|Moonblast|p2a: Salazzle\n|-resisted|p2a: Salazzle\n|-end|p2a: Salazzle|Substitute\n|cant|p2a: Salazzle|par\n|\n|-end|p2a: Salazzle|Dynamax\n|-heal|p2a: Salazzle|42\/100 par|[from] Dynamax\n|upkeep\n|turn|9\n|c|\u2606Granny Pie|Lmao i'm sorry\n|\n|move|p1a: Ribombee|Moonblast|p2a: Salazzle\n|-resisted|p2a: Salazzle\n|-damage|p2a: Salazzle|23\/100 par\n|-unboost|p2a: Salazzle|spa|1\n|cant|p2a: Salazzle|par\n|\n|upkeep\n|turn|10\n|\n|switch|p2a: Corviknight|Corviknight, F|100\/100\n|-ability|p2a: Corviknight|Pressure\n|move|p1a: Ribombee|Moonblast|p2a: Corviknight\n|-resisted|p2a: Corviknight\n|-damage|p2a: Corviknight|80\/100\n|\n|upkeep\n|turn|11\n|\n|move|p1a: Ribombee|Stun Spore|p2a: Corviknight\n|-status|p2a: Corviknight|par\n|move|p2a: Corviknight|Defog|p1a: Ribombee\n|-unboost|p1a: Ribombee|evasion|1\n|-sideend|p1: Granny Pie|Stealth Rock|[from] move: Defog|[of] p2a: Corviknight\n|-sideend|p2: Jakkkkkka|Sticky Web|[from] move: Defog|[of] p2a: Corviknight\n|\n|upkeep\n|turn|12\n|\n|move|p1a: Ribombee|Sticky Web|p2a: Corviknight\n|-sidestart|p2: Jakkkkkka|move: Sticky Web\n|move|p2a: Corviknight|U-turn|p1a: Ribombee\n|-resisted|p1a: Ribombee\n|-damage|p1a: Ribombee|43\/100\n|\n|switch|p2a: Togekiss|Togekiss, M|100\/100|[from]move: U-turn\n|\n|upkeep\n|turn|13\n|\n|move|p2a: Togekiss|Air Slash|p1a: Ribombee\n|-supereffective|p1a: Ribombee\n|-damage|p1a: Ribombee|0 fnt\n|faint|p1a: Ribombee\n|\n|upkeep\n|\n|switch|p1a: Excadrill|Excadrill, M|97\/100\n|-ability|p1a: Excadrill|Mold Breaker\n|turn|14\n|\n|switch|p2a: Corviknight|Corviknight, F|80\/100 par\n|-ability|p2a: Corviknight|Pressure\n|move|p1a: Excadrill|Swords Dance|p1a: Excadrill\n|-boost|p1a: Excadrill|atk|2\n|\n|upkeep\n|turn|15\n|\n|move|p1a: Excadrill|Swords Dance|p1a: Excadrill\n|-boost|p1a: Excadrill|atk|2\n|cant|p2a: Corviknight|par\n|\n|upkeep\n|turn|16\n|\n|switch|p2a: Jellicent|Jellicent, F|100\/100\n|-activate|p2a: Jellicent|move: Sticky Web\n|-unboost|p2a: Jellicent|spe|1\n|move|p1a: Excadrill|Swords Dance|p1a: Excadrill\n|-boost|p1a: Excadrill|atk|2\n|\n|upkeep\n|turn|17\n|\n|switch|p2a: Togekiss|Togekiss, M|100\/100\n|move|p1a: Excadrill|Earthquake|p2a: Togekiss\n|-immune|p2a: Togekiss\n|\n|upkeep\n|turn|18\n|\n|move|p2a: Togekiss|Flamethrower|p1a: Excadrill\n|-supereffective|p1a: Excadrill\n|-damage|p1a: Excadrill|19\/100\n|-status|p1a: Excadrill|brn\n|move|p1a: Excadrill|Rapid Spin|p2a: Togekiss\n|-damage|p2a: Togekiss|43\/100\n|-boost|p1a: Excadrill|spe|1\n|-damage|p1a: Excadrill|9\/100 brn|[from] item: Life Orb\n|\n|-damage|p1a: Excadrill|3\/100 brn|[from] brn\n|upkeep\n|turn|19\n|\n|switch|p2a: Salazzle|Salazzle, F|23\/100 par\n|-activate|p2a: Salazzle|move: Sticky Web\n|-unboost|p2a: Salazzle|spe|1\n|move|p1a: Excadrill|Iron Head|p2a: Salazzle\n|-resisted|p2a: Salazzle\n|-damage|p2a: Salazzle|0 fnt\n|-damage|p1a: Excadrill|0 fnt|[from] item: Life Orb\n|faint|p2a: Salazzle\n|faint|p1a: Excadrill\n|\n|upkeep\n|\n|switch|p2a: Corviknight|Corviknight, F|80\/100 par\n|switch|p1a: Ninetales|Ninetales-Alola, F|100\/100\n|-weather|Hail|[from] ability: Snow Warning|[of] p1a: Ninetales\n|-ability|p2a: Corviknight|Pressure\n|turn|20\n|\n|move|p1a: Ninetales|Aurora Veil|p1a: Ninetales\n|-sidestart|p1: Granny Pie|move: Aurora Veil\n|move|p2a: Corviknight|Defog|p1a: Ninetales\n|-unboost|p1a: Ninetales|evasion|1\n|-sideend|p1: Granny Pie|move: Aurora Veil\n|-sideend|p2: Jakkkkkka|Sticky Web|[from] move: Defog|[of] p2a: Corviknight\n|\n|-weather|Hail|[upkeep]\n|-damage|p2a: Corviknight|74\/100 par|[from] Hail\n|upkeep\n|turn|21\n|\n|switch|p2a: Jellicent|Jellicent, F|100\/100\n|move|p1a: Ninetales|Encore||[still]\n|-fail|p1a: Ninetales\n|\n|-weather|Hail|[upkeep]\n|-damage|p2a: Jellicent|94\/100|[from] Hail\n|-heal|p2a: Jellicent|100\/100|[from] item: Leftovers\n|upkeep\n|turn|22\n|\n|move|p1a: Ninetales|Aurora Veil|p1a: Ninetales\n|-sidestart|p1: Granny Pie|move: Aurora Veil\n|move|p2a: Jellicent|Will-O-Wisp|p1a: Ninetales\n|-status|p1a: Ninetales|brn\n|\n|-weather|Hail|[upkeep]\n|-damage|p2a: Jellicent|94\/100|[from] Hail\n|-heal|p2a: Jellicent|100\/100|[from] item: Leftovers\n|-damage|p1a: Ninetales|95\/100 brn|[from] brn\n|upkeep\n|turn|23\n|\n|switch|p1a: Obstagoon|Obstagoon, M|100\/100\n|move|p2a: Jellicent|Will-O-Wisp|p1a: Obstagoon\n|-status|p1a: Obstagoon|brn\n|\n|-weather|Hail|[upkeep]\n|-damage|p1a: Obstagoon|94\/100 brn|[from] Hail\n|-damage|p2a: Jellicent|94\/100|[from] Hail\n|-heal|p2a: Jellicent|100\/100|[from] item: Leftovers\n|-damage|p1a: Obstagoon|88\/100 brn|[from] brn\n|upkeep\n|turn|24\n|\n|move|p1a: Obstagoon|Knock Off|p2a: Jellicent\n|-supereffective|p2a: Jellicent\n|-damage|p2a: Jellicent|11\/100\n|-enditem|p2a: Jellicent|Leftovers|[from] move: Knock Off|[of] p1a: Obstagoon\n|move|p2a: Jellicent|Scald|p1a: Obstagoon\n|-damage|p1a: Obstagoon|75\/100 brn\n|\n|-weather|none\n|-damage|p1a: Obstagoon|68\/100 brn|[from] brn\n|upkeep\n|turn|25\n|\n|move|p1a: Obstagoon|Knock Off|p2a: Jellicent\n|-supereffective|p2a: Jellicent\n|-damage|p2a: Jellicent|0 fnt\n|faint|p2a: Jellicent\n|\n|-damage|p1a: Obstagoon|62\/100 brn|[from] brn\n|upkeep\n|\n|switch|p2a: Hippowdon|Hippowdon, F|75\/100\n|-weather|Sandstorm|[from] ability: Sand Stream|[of] p2a: Hippowdon\n|turn|26\n|\n|move|p1a: Obstagoon|Knock Off|p2a: Hippowdon\n|-damage|p2a: Hippowdon|40\/100\n|-enditem|p2a: Hippowdon|Leftovers|[from] move: Knock Off|[of] p1a: Obstagoon\n|move|p2a: Hippowdon|Stealth Rock|p1a: Obstagoon\n|-sidestart|p1: Granny Pie|move: Stealth Rock\n|\n|-weather|Sandstorm|[upkeep]\n|-damage|p1a: Obstagoon|56\/100 brn|[from] Sandstorm\n|-damage|p1a: Obstagoon|50\/100 brn|[from] brn\n|upkeep\n|turn|27\n|\n|-start|p1a: Obstagoon|Dynamax\n|-heal|p1a: Obstagoon|50\/100 brn|[from] Dynamax\n|move|p1a: Obstagoon|Max Strike|p2a: Hippowdon\n|-damage|p2a: Hippowdon|0 fnt\n|faint|p2a: Hippowdon\n|\n|-weather|Sandstorm|[upkeep]\n|-damage|p1a: Obstagoon|44\/100 brn|[from] Sandstorm\n|-damage|p1a: Obstagoon|38\/100 brn|[from] brn\n|upkeep\n|\n|switch|p2a: Corviknight|Corviknight, F|74\/100 par\n|-ability|p2a: Corviknight|Pressure\n|turn|28\n|\n|move|p1a: Obstagoon|Max Knuckle|p2a: Corviknight\n|-damage|p2a: Corviknight|52\/100 par\n|-boost|p1a: Obstagoon|atk|1\n|cant|p2a: Corviknight|par\n|\n|-weather|Sandstorm|[upkeep]\n|-damage|p1a: Obstagoon|32\/100 brn|[from] Sandstorm\n|-damage|p1a: Obstagoon|26\/100 brn|[from] brn\n|upkeep\n|turn|29\n|\n|move|p1a: Obstagoon|Max Knuckle|p2a: Corviknight\n|-damage|p2a: Corviknight|18\/100 par\n|-boost|p1a: Obstagoon|atk|1\n|move|p2a: Corviknight|U-turn|p1a: Obstagoon\n|-supereffective|p1a: Obstagoon\n|-damage|p1a: Obstagoon|18\/100 brn\n|\n|switch|p2a: Togekiss|Togekiss, M|43\/100|[from]move: U-turn\n|\n|-weather|Sandstorm|[upkeep]\n|-damage|p2a: Togekiss|37\/100|[from] Sandstorm\n|-damage|p1a: Obstagoon|12\/100 brn|[from] Sandstorm\n|-damage|p1a: Obstagoon|5\/100 brn|[from] brn\n|-sideend|p1: Granny Pie|move: Aurora Veil\n|-end|p1a: Obstagoon|Dynamax\n|-heal|p1a: Obstagoon|5\/100 brn|[from] Dynamax\n|upkeep\n|turn|30\n|\n|move|p1a: Obstagoon|Knock Off|p2a: Togekiss\n|-resisted|p2a: Togekiss\n|-damage|p2a: Togekiss|0 fnt\n|-enditem|p2a: Togekiss|Choice Scarf|[from] move: Knock Off|[of] p1a: Obstagoon\n|faint|p2a: Togekiss\n|\n|-weather|none\n|-damage|p1a: Obstagoon|0 fnt|[from] brn\n|faint|p1a: Obstagoon\n|upkeep\n|\n|switch|p1a: Ninetales|Ninetales-Alola, F|95\/100 brn\n|switch|p2a: Gyarados|Gyarados, F|100\/100\n|-damage|p1a: Ninetales|70\/100 brn|[from] Stealth Rock\n|-weather|Hail|[from] ability: Snow Warning|[of] p1a: Ninetales\n|turn|31\n|\n|move|p1a: Ninetales|Freeze-Dry|p2a: Gyarados\n|-supereffective|p2a: Gyarados\n|-damage|p2a: Gyarados|0 fnt\n|faint|p2a: Gyarados\n|\n|-weather|Hail|[upkeep]\n|-damage|p1a: Ninetales|64\/100 brn|[from] brn\n|upkeep\n|-message|Jakkkkkka forfeited.\n|\n|win|Granny Pie\n|l|\u2606Jakkkkkka\n||Ladder (probably) updated, but score could not be retrieved (Response not received).\n","uploadtime":1574204327,"views":17,"p1id":"grannypie","p2id":"jakkkkkka","formatid":"gen8ou","rating":0,"private":0,"password":null}