{"id":"gen8uu-1153355862","p1":"Rorschach I","p2":"Best pokemon names","format":"gen8uu","log":"|j|\u2606Rorschach I\n|j|\u2606Best pokemon names\n|player|p1|Rorschach I|cynthia|1509\n|player|p2|Best pokemon names|interviewers|1281\n|teamsize|p1|6\n|teamsize|p2|6\n|gametype|singles\n|gen|8\n|tier|[Gen 8] UU\n|rated|\n|clearpoke\n|poke|p1|Terrakion|\n|poke|p1|Kyurem|\n|poke|p1|Crawdaunt, F|\n|poke|p1|Jirachi|\n|poke|p1|Rotom-Wash|\n|poke|p1|Mimikyu, F|\n|poke|p2|Mamoswine, F|\n|poke|p2|Rotom-Mow|\n|poke|p2|Skarmory, M|\n|poke|p2|Barraskewda, M|\n|poke|p2|Incineroar, M|\n|poke|p2|Gardevoir, F|\n|rule|Sleep Clause Mod: Limit one foe put to sleep\n|rule|Species Clause: Limit one of each Pok\u00e9mon\n|rule|OHKO Clause: OHKO moves are banned\n|rule|Evasion Moves Clause: Evasion moves are banned\n|rule|Endless Battle Clause: Forcing endless battles is banned\n|rule|HP Percentage Mod: HP is shown in percentages\n|rule|Dynamax Clause: You cannot dynamax\n|teampreview\n|\n|start\n|switch|p1a: Terrakion|Terrakion|100\/100\n|switch|p2a: Rotom|Rotom-Mow|100\/100\n|turn|1\n|\n|move|p1a: Terrakion|Stealth Rock|p2a: Rotom\n|-sidestart|p2: Best pokemon names|move: Stealth Rock\n|move|p2a: Rotom|Volt Switch|p1a: Terrakion\n|-damage|p1a: Terrakion|63\/100\n|\n|switch|p2a: Skarmory|Skarmory, M|100\/100|[from]move: Volt Switch\n|-damage|p2a: Skarmory|88\/100|[from] Stealth Rock\n|\n|-heal|p2a: Skarmory|94\/100|[from] item: Leftovers\n|upkeep\n|turn|2\n|\n|move|p1a: Terrakion|Taunt|p2a: Skarmory\n|-start|p2a: Skarmory|move: Taunt\n|cant|p2a: Skarmory|move: Taunt|Defog\n|\n|-heal|p2a: Skarmory|99\/100|[from] item: Leftovers\n|upkeep\n|turn|3\n|\n|move|p1a: Terrakion|Close Combat|p2a: Skarmory\n|-damage|p2a: Skarmory|63\/100\n|-unboost|p1a: Terrakion|def|1\n|-unboost|p1a: Terrakion|spd|1\n|move|p2a: Skarmory|Body Press|p1a: Terrakion\n|-supereffective|p1a: Terrakion\n|-damage|p1a: Terrakion|0 fnt\n|faint|p1a: Terrakion\n|\n|-heal|p2a: Skarmory|69\/100|[from] item: Leftovers\n|upkeep\n|\n|switch|p1a: Rotom|Rotom-Wash|100\/100\n|turn|4\n|\n|switch|p2a: Rotom|Rotom-Mow|100\/100\n|-damage|p2a: Rotom|88\/100|[from] Stealth Rock\n|move|p1a: Rotom|Volt Switch|p2a: Rotom\n|-resisted|p2a: Rotom\n|-damage|p2a: Rotom|81\/100\n|\n|switch|p1a: Kyurem|Kyurem|100\/100|[from]move: Volt Switch\n|-ability|p1a: Kyurem|Pressure\n|\n|upkeep\n|turn|5\n|\n|switch|p2a: Incineroar|Incineroar, M|100\/100\n|-ability|p2a: Incineroar|Intimidate|boost\n|-unboost|p1a: Kyurem|atk|1\n|move|p1a: Kyurem|Draco Meteor|p2a: Incineroar|[miss]\n|-miss|p1a: Kyurem|p2a: Incineroar\n|\n|upkeep\n|turn|6\n|\n|move|p1a: Kyurem|Draco Meteor|p2a: Incineroar|[miss]\n|-miss|p1a: Kyurem|p2a: Incineroar\n|move|p2a: Incineroar|Parting Shot|p1a: Kyurem\n|-unboost|p1a: Kyurem|atk|1\n|-unboost|p1a: Kyurem|spa|1\n|c|\u2606Best pokemon names|damn\n|\n|switch|p2a: Gardevoir|Gardevoir, F|100\/100|[from]move: Parting Shot\n|-damage|p2a: Gardevoir|88\/100|[from] Stealth Rock\n|-ability|p2a: Gardevoir|Pressure|[from] ability: Trace|[of] p1a: Kyurem\n|-ability|p2a: Gardevoir|Pressure\n|\n|upkeep\n|turn|7\n|inactive|Battle timer is ON: inactive players will automatically lose when time's up. (requested by Best pokemon names)\n|\n|switch|p2a: Incineroar|Incineroar, M|100\/100\n|-ability|p2a: Incineroar|Intimidate|boost\n|-unboost|p1a: Kyurem|atk|1\n|switch|p1a: Jirachi|Jirachi|100\/100\n|\n|upkeep\n|turn|8\n|\n|move|p1a: Jirachi|U-turn|p2a: Incineroar\n|-damage|p2a: Incineroar|86\/100\n|\n|switch|p1a: Crawdaunt|Crawdaunt, F|100\/100|[from]move: U-turn\n|move|p2a: Incineroar|Will-O-Wisp|p1a: Crawdaunt\n|-status|p1a: Crawdaunt|brn\n|\n|-damage|p1a: Crawdaunt|95\/100 brn|[from] brn\n|upkeep\n|turn|9\n|\n|move|p1a: Crawdaunt|Knock Off|p2a: Incineroar\n|-resisted|p2a: Incineroar\n|-damage|p2a: Incineroar|73\/100\n|-enditem|p2a: Incineroar|Heavy-Duty Boots|[from] move: Knock Off|[of] p1a: Crawdaunt\n|-damage|p1a: Crawdaunt|85\/100 brn|[from] item: Life Orb\n|move|p2a: Incineroar|Parting Shot|p1a: Crawdaunt\n|-unboost|p1a: Crawdaunt|atk|1\n|-unboost|p1a: Crawdaunt|spa|1\n|j| NotFoxez\n|\n|switch|p2a: Skarmory|Skarmory, M|69\/100|[from]move: Parting Shot\n|-damage|p2a: Skarmory|57\/100|[from] Stealth Rock\n|\n|-heal|p2a: Skarmory|63\/100|[from] item: Leftovers\n|-damage|p1a: Crawdaunt|79\/100 brn|[from] brn\n|upkeep\n|turn|10\n|l| NotFoxez\n|\n|switch|p1a: Rotom|Rotom-Wash|100\/100\n|move|p2a: Skarmory|Defog|p1a: Rotom\n|-unboost|p1a: Rotom|evasion|1\n|-sideend|p2: Best pokemon names|Stealth Rock|[from] move: Defog|[of] p2a: Skarmory\n|\n|-heal|p2a: Skarmory|69\/100|[from] item: Leftovers\n|upkeep\n|turn|11\n|\n|switch|p2a: Mamoswine|Mamoswine, F|100\/100\n|move|p1a: Rotom|Volt Switch|p2a: Mamoswine\n|-immune|p2a: Mamoswine\n|\n|upkeep\n|turn|12\n|\n|switch|p2a: Rotom|Rotom-Mow|81\/100\n|move|p1a: Rotom|Hydro Pump|p2a: Rotom\n|-resisted|p2a: Rotom\n|-damage|p2a: Rotom|60\/100\n|\n|upkeep\n|turn|13\n|\n|move|p1a: Rotom|Volt Switch|p2a: Rotom\n|-resisted|p2a: Rotom\n|-damage|p2a: Rotom|52\/100\n|\n|switch|p1a: Kyurem|Kyurem|100\/100|[from]move: Volt Switch\n|-ability|p1a: Kyurem|Pressure\n|move|p2a: Rotom|Volt Switch|p1a: Kyurem\n|-resisted|p1a: Kyurem\n|-damage|p1a: Kyurem|84\/100\n|\n|switch|p2a: Gardevoir|Gardevoir, F|88\/100|[from]move: Volt Switch\n|-ability|p2a: Gardevoir|Pressure|[from] ability: Trace|[of] p1a: Kyurem\n|-ability|p2a: Gardevoir|Pressure\n|\n|upkeep\n|turn|14\n|\n|switch|p1a: Jirachi|Jirachi|100\/100\n|move|p2a: Gardevoir|Moonblast|p1a: Jirachi\n|-resisted|p1a: Jirachi\n|-damage|p1a: Jirachi|78\/100\n|\n|upkeep\n|turn|15\n|\n|switch|p2a: Incineroar|Incineroar, M|73\/100\n|-ability|p2a: Incineroar|Intimidate|boost\n|-unboost|p1a: Jirachi|atk|1\n|move|p1a: Jirachi|U-turn|p2a: Incineroar\n|-damage|p2a: Incineroar|63\/100\n|\n|switch|p1a: Rotom|Rotom-Wash|100\/100|[from]move: U-turn\n|\n|upkeep\n|turn|16\n|\n|move|p2a: Incineroar|Fake Out|p1a: Rotom\n|-damage|p1a: Rotom|87\/100\n|cant|p1a: Rotom|flinch\n|\n|-heal|p1a: Rotom|93\/100|[from] item: Leftovers\n|upkeep\n|turn|17\n|\n|switch|p2a: Mamoswine|Mamoswine, F|100\/100\n|move|p1a: Rotom|Hydro Pump|p2a: Mamoswine\n|-supereffective|p2a: Mamoswine\n|-damage|p2a: Mamoswine|0 fnt\n|faint|p2a: Mamoswine\n|\n|-heal|p1a: Rotom|99\/100|[from] item: Leftovers\n|upkeep\n|\n|switch|p2a: Rotom|Rotom-Mow|52\/100\n|turn|18\n|\n|switch|p1a: Jirachi|Jirachi|78\/100\n|move|p2a: Rotom|Leaf Storm|p1a: Jirachi\n|-resisted|p1a: Jirachi\n|-damage|p1a: Jirachi|47\/100\n|-unboost|p2a: Rotom|spa|2\n|\n|upkeep\n|turn|19\n|\n|switch|p2a: Incineroar|Incineroar, M|63\/100\n|-ability|p2a: Incineroar|Intimidate|boost\n|-unboost|p1a: Jirachi|atk|1\n|move|p1a: Jirachi|U-turn|p2a: Incineroar\n|-damage|p2a: Incineroar|54\/100\n|\n|switch|p1a: Rotom|Rotom-Wash|99\/100|[from]move: U-turn\n|\n|-heal|p1a: Rotom|100\/100|[from] item: Leftovers\n|upkeep\n|turn|20\n|\n|switch|p2a: Rotom|Rotom-Mow|52\/100\n|move|p1a: Rotom|Hydro Pump|p2a: Rotom|[miss]\n|-miss|p1a: Rotom|p2a: Rotom\n|\n|upkeep\n|turn|21\n|\n|move|p2a: Rotom|Foul Play|p1a: Rotom\n|-damage|p1a: Rotom|85\/100\n|move|p1a: Rotom|Volt Switch|p2a: Rotom\n|-resisted|p2a: Rotom\n|-damage|p2a: Rotom|45\/100\n|\n|switch|p1a: Kyurem|Kyurem|84\/100|[from]move: Volt Switch\n|-ability|p1a: Kyurem|Pressure\n|\n|upkeep\n|turn|22\n|\n|switch|p2a: Incineroar|Incineroar, M|54\/100\n|-ability|p2a: Incineroar|Intimidate|boost\n|-unboost|p1a: Kyurem|atk|1\n|move|p1a: Kyurem|Ice Beam|p2a: Incineroar\n|-resisted|p2a: Incineroar\n|-damage|p2a: Incineroar|21\/100\n|\n|upkeep\n|turn|23\n|\n|move|p2a: Incineroar|Fake Out|p1a: Kyurem\n|-damage|p1a: Kyurem|75\/100\n|cant|p1a: Kyurem|flinch\n|\n|upkeep\n|turn|24\n|\n|switch|p2a: Barraskewda|Barraskewda, M|100\/100\n|move|p1a: Kyurem|Ice Beam|p2a: Barraskewda\n|-resisted|p2a: Barraskewda\n|-damage|p2a: Barraskewda|16\/100\n|-status|p2a: Barraskewda|frz\n|\n|upkeep\n|turn|25\n|\n|cant|p2a: Barraskewda|frz\n|move|p1a: Kyurem|Ice Beam|p2a: Barraskewda\n|-resisted|p2a: Barraskewda\n|-damage|p2a: Barraskewda|0 fnt\n|faint|p2a: Barraskewda\n|\n|upkeep\n|\n|switch|p2a: Gardevoir|Gardevoir, F|88\/100\n|-ability|p2a: Gardevoir|Pressure|[from] ability: Trace|[of] p1a: Kyurem\n|-ability|p2a: Gardevoir|Pressure\n|turn|26\n|\n|switch|p1a: Crawdaunt|Crawdaunt, F|79\/100 brn\n|move|p2a: Gardevoir|Mystical Fire|p1a: Crawdaunt\n|-resisted|p1a: Crawdaunt\n|-damage|p1a: Crawdaunt|51\/100 brn\n|-unboost|p1a: Crawdaunt|spa|1\n|\n|-damage|p1a: Crawdaunt|45\/100 brn|[from] brn\n|upkeep\n|turn|27\n|\n|switch|p2a: Incineroar|Incineroar, M|21\/100\n|-ability|p2a: Incineroar|Intimidate|boost\n|-unboost|p1a: Crawdaunt|atk|1\n|move|p1a: Crawdaunt|Knock Off|p2a: Incineroar\n|-resisted|p2a: Incineroar\n|-damage|p2a: Incineroar|14\/100\n|-damage|p1a: Crawdaunt|36\/100 brn|[from] item: Life Orb\n|\n|-damage|p1a: Crawdaunt|30\/100 brn|[from] brn\n|upkeep\n|turn|28\n|\n|switch|p2a: Skarmory|Skarmory, M|69\/100\n|move|p1a: Crawdaunt|Swords Dance|p1a: Crawdaunt\n|-boost|p1a: Crawdaunt|atk|2\n|\n|-heal|p2a: Skarmory|75\/100|[from] item: Leftovers\n|-damage|p1a: Crawdaunt|24\/100 brn|[from] brn\n|upkeep\n|turn|29\n|\n|move|p1a: Crawdaunt|Knock Off|p2a: Skarmory\n|-damage|p2a: Skarmory|40\/100\n|-enditem|p2a: Skarmory|Leftovers|[from] move: Knock Off|[of] p1a: Crawdaunt\n|-damage|p1a: Crawdaunt|14\/100 brn|[from] item: Life Orb\n|move|p2a: Skarmory|Body Press|p1a: Crawdaunt\n|-supereffective|p1a: Crawdaunt\n|-crit|p1a: Crawdaunt\n|-damage|p1a: Crawdaunt|0 fnt\n|faint|p1a: Crawdaunt\n|\n|upkeep\n|\n|switch|p1a: Rotom|Rotom-Wash|85\/100\n|turn|30\n|\n|switch|p2a: Rotom|Rotom-Mow|45\/100\n|move|p1a: Rotom|Volt Switch|p2a: Rotom\n|-resisted|p2a: Rotom\n|-damage|p2a: Rotom|38\/100\n|\n|switch|p1a: Kyurem|Kyurem|75\/100|[from]move: Volt Switch\n|-ability|p1a: Kyurem|Pressure\n|\n|upkeep\n|turn|31\n|\n|switch|p2a: Skarmory|Skarmory, M|40\/100\n|move|p1a: Kyurem|Ice Beam|p2a: Skarmory\n|-damage|p2a: Skarmory|0 fnt\n|faint|p2a: Skarmory\n|\n|upkeep\n|\n|switch|p2a: Gardevoir|Gardevoir, F|88\/100\n|-ability|p2a: Gardevoir|Pressure|[from] ability: Trace|[of] p1a: Kyurem\n|-ability|p2a: Gardevoir|Pressure\n|turn|32\n|\n|switch|p1a: Rotom|Rotom-Wash|85\/100\n|move|p2a: Gardevoir|Mystical Fire|p1a: Rotom\n|-resisted|p1a: Rotom\n|-damage|p1a: Rotom|68\/100\n|-unboost|p1a: Rotom|spa|1\n|\n|-heal|p1a: Rotom|74\/100|[from] item: Leftovers\n|upkeep\n|turn|33\n|\n|move|p2a: Gardevoir|Mystical Fire|p1a: Rotom\n|-resisted|p1a: Rotom\n|-damage|p1a: Rotom|59\/100\n|-unboost|p1a: Rotom|spa|1\n|move|p1a: Rotom|Volt Switch|p2a: Gardevoir\n|-damage|p2a: Gardevoir|71\/100\n|\n|switch|p1a: Jirachi|Jirachi|47\/100|[from]move: Volt Switch\n|\n|upkeep\n|turn|34\n|\n|switch|p2a: Incineroar|Incineroar, M|14\/100\n|-ability|p2a: Incineroar|Intimidate|boost\n|-unboost|p1a: Jirachi|atk|1\n|move|p1a: Jirachi|U-turn|p2a: Incineroar\n|-damage|p2a: Incineroar|5\/100\n|\n|switch|p1a: Rotom|Rotom-Wash|59\/100|[from]move: U-turn\n|\n|-heal|p1a: Rotom|65\/100|[from] item: Leftovers\n|upkeep\n|turn|35\n|\n|move|p2a: Incineroar|Fake Out|p1a: Rotom\n|-damage|p1a: Rotom|52\/100\n|cant|p1a: Rotom|flinch\n|\n|-heal|p1a: Rotom|58\/100|[from] item: Leftovers\n|upkeep\n|turn|36\n|\n|move|p1a: Rotom|Volt Switch|p2a: Incineroar\n|-damage|p2a: Incineroar|0 fnt\n|faint|p2a: Incineroar\n|\n|switch|p1a: Jirachi|Jirachi|47\/100|[from]move: Volt Switch\n|\n|upkeep\n|\n|switch|p2a: Gardevoir|Gardevoir, F|71\/100\n|-ability|p2a: Gardevoir|Serene Grace|[from] ability: Trace|[of] p1a: Jirachi\n|turn|37\n|\n|move|p1a: Jirachi|Iron Head|p2a: Gardevoir\n|-supereffective|p2a: Gardevoir\n|-damage|p2a: Gardevoir|0 fnt\n|faint|p2a: Gardevoir\n|\n|upkeep\n|-message|Best pokemon names forfeited.\n|\n|win|Rorschach I\n|l|\u2606Best pokemon names\n|raw|Rorschach I's rating: 1509 &rarr; <strong>1517<\/strong><br \/>(+8 for winning)\n|raw|Best pokemon names's rating: 1281 &rarr; <strong>1270<\/strong><br \/>(-11 for losing)\n","uploadtime":1595076641,"views":60,"p1id":"rorschachi","p2id":"bestpokemonnames","formatid":"gen8uu","rating":1270,"private":0,"password":null}