{"id":"gen8ou-1602304772","p1":"glhf goofy","p2":"Not Sarcasm","format":"gen8ou","log":"|j|\u2606glhf goofy\n|j|\u2606Not Sarcasm\n|t:|1655957832\n|gametype|singles\n|player|p1|glhf goofy|drayden|1459\n|player|p2|Not Sarcasm|266|1457\n|teamsize|p1|6\n|teamsize|p2|6\n|gen|8\n|tier|[Gen 8] OU\n|rated|\n|rule|Sleep Clause Mod: Limit one foe put to sleep\n|rule|Species Clause: Limit one of each Pok\u00e9mon\n|rule|OHKO Clause: OHKO moves are banned\n|rule|Evasion Moves Clause: Evasion moves are banned\n|rule|Endless Battle Clause: Forcing endless battles is banned\n|rule|HP Percentage Mod: HP is shown in percentages\n|rule|Dynamax Clause: You cannot dynamax\n|clearpoke\n|poke|p1|Frosmoth, F|\n|poke|p1|Volcanion|\n|poke|p1|Corviknight, F|\n|poke|p1|Garchomp, F|\n|poke|p1|Tapu Lele|\n|poke|p1|Hawlucha, M|\n|poke|p2|Tapu Lele|\n|poke|p2|Dragapult, M|\n|poke|p2|Landorus-Therian, M|\n|poke|p2|Weavile, M|\n|poke|p2|Tapu Fini|\n|poke|p2|Heatran, M|\n|teampreview\n|inactive|Battle timer is ON: inactive players will automatically lose when time's up. (requested by Not Sarcasm)\n|c|\u2606glhf goofy|glhf\n|\n|t:|1655957846\n|start\n|switch|p1a: Frosmoth|Frosmoth, F|100\/100\n|switch|p2a: Tapu Lele|Tapu Lele|100\/100\n|-fieldstart|move: Psychic Terrain|[from] ability: Psychic Surge|[of] p2a: Tapu Lele\n|turn|1\n|\n|t:|1655957853\n|move|p2a: Tapu Lele|Psyshock|p1a: Frosmoth\n|-damage|p1a: Frosmoth|24\/100\n|move|p1a: Frosmoth|Mirror Coat|p2a: Tapu Lele\n|-damage|p2a: Tapu Lele|0 fnt\n|faint|p2a: Tapu Lele\n|\n|upkeep\n|\n|t:|1655957871\n|switch|p2a: Tapu Fini|Tapu Fini|100\/100\n|-fieldstart|move: Misty Terrain|[from] ability: Misty Surge|[of] p2a: Tapu Fini\n|turn|2\n|\n|t:|1655957876\n|move|p2a: Tapu Fini|Calm Mind|p2a: Tapu Fini\n|-boost|p2a: Tapu Fini|spa|1\n|-boost|p2a: Tapu Fini|spd|1\n|move|p1a: Frosmoth|Giga Drain|p2a: Tapu Fini\n|-supereffective|p2a: Tapu Fini\n|-damage|p2a: Tapu Fini|69\/100\n|-heal|p1a: Frosmoth|43\/100|[from] drain|[of] p2a: Tapu Fini\n|\n|-heal|p2a: Tapu Fini|75\/100|[from] item: Leftovers\n|upkeep\n|turn|3\n|\n|t:|1655957884\n|move|p2a: Tapu Fini|Calm Mind|p2a: Tapu Fini\n|-boost|p2a: Tapu Fini|spa|1\n|-boost|p2a: Tapu Fini|spd|1\n|move|p1a: Frosmoth|Giga Drain|p2a: Tapu Fini\n|-supereffective|p2a: Tapu Fini\n|-damage|p2a: Tapu Fini|51\/100\n|-heal|p1a: Frosmoth|58\/100|[from] drain|[of] p2a: Tapu Fini\n|\n|-heal|p2a: Tapu Fini|57\/100|[from] item: Leftovers\n|upkeep\n|turn|4\n|\n|t:|1655957897\n|move|p2a: Tapu Fini|Calm Mind|p2a: Tapu Fini\n|-boost|p2a: Tapu Fini|spa|1\n|-boost|p2a: Tapu Fini|spd|1\n|move|p1a: Frosmoth|Giga Drain|p2a: Tapu Fini\n|-supereffective|p2a: Tapu Fini\n|-damage|p2a: Tapu Fini|40\/100\n|-heal|p1a: Frosmoth|68\/100|[from] drain|[of] p2a: Tapu Fini\n|\n|-heal|p2a: Tapu Fini|46\/100|[from] item: Leftovers\n|upkeep\n|turn|5\n|\n|t:|1655957920\n|move|p2a: Tapu Fini|Calm Mind|p2a: Tapu Fini\n|-boost|p2a: Tapu Fini|spa|1\n|-boost|p2a: Tapu Fini|spd|1\n|move|p1a: Frosmoth|Giga Drain|p2a: Tapu Fini\n|-supereffective|p2a: Tapu Fini\n|-damage|p2a: Tapu Fini|29\/100\n|-heal|p1a: Frosmoth|78\/100|[from] drain|[of] p2a: Tapu Fini\n|\n|-heal|p2a: Tapu Fini|35\/100|[from] item: Leftovers\n|upkeep\n|turn|6\n|\n|t:|1655957929\n|move|p2a: Tapu Fini|Draining Kiss|p1a: Frosmoth\n|-damage|p1a: Frosmoth|60\/100\n|-heal|p2a: Tapu Fini|47\/100|[from] drain|[of] p1a: Frosmoth\n|move|p1a: Frosmoth|Giga Drain|p2a: Tapu Fini\n|-supereffective|p2a: Tapu Fini\n|-damage|p2a: Tapu Fini|31\/100\n|-heal|p1a: Frosmoth|69\/100|[from] drain|[of] p2a: Tapu Fini\n|\n|-heal|p2a: Tapu Fini|38\/100|[from] item: Leftovers\n|-fieldend|Misty Terrain\n|upkeep\n|turn|7\n|\n|t:|1655957939\n|move|p2a: Tapu Fini|Draining Kiss|p1a: Frosmoth\n|-damage|p1a: Frosmoth|53\/100\n|-heal|p2a: Tapu Fini|48\/100|[from] drain|[of] p1a: Frosmoth\n|move|p1a: Frosmoth|Giga Drain|p2a: Tapu Fini\n|-supereffective|p2a: Tapu Fini\n|-damage|p2a: Tapu Fini|31\/100\n|-heal|p1a: Frosmoth|63\/100|[from] drain|[of] p2a: Tapu Fini\n|\n|-heal|p2a: Tapu Fini|38\/100|[from] item: Leftovers\n|upkeep\n|turn|8\n|\n|t:|1655957948\n|move|p2a: Tapu Fini|Calm Mind|p2a: Tapu Fini\n|-boost|p2a: Tapu Fini|spa|1\n|-boost|p2a: Tapu Fini|spd|1\n|move|p1a: Frosmoth|Mirror Coat||[still]\n|-fail|p1a: Frosmoth\n|\n|-heal|p2a: Tapu Fini|44\/100|[from] item: Leftovers\n|upkeep\n|turn|9\n|\n|t:|1655957954\n|move|p2a: Tapu Fini|Calm Mind|p2a: Tapu Fini\n|-boost|p2a: Tapu Fini|spa|1\n|-boost|p2a: Tapu Fini|spd|1\n|move|p1a: Frosmoth|Giga Drain|p2a: Tapu Fini\n|-supereffective|p2a: Tapu Fini\n|-damage|p2a: Tapu Fini|33\/100\n|-heal|p1a: Frosmoth|70\/100|[from] drain|[of] p2a: Tapu Fini\n|\n|-heal|p2a: Tapu Fini|39\/100|[from] item: Leftovers\n|upkeep\n|turn|10\n|\n|t:|1655957981\n|move|p2a: Tapu Fini|Draining Kiss|p1a: Frosmoth\n|-damage|p1a: Frosmoth|44\/100\n|-heal|p2a: Tapu Fini|54\/100|[from] drain|[of] p1a: Frosmoth\n|move|p1a: Frosmoth|Mirror Coat|p2a: Tapu Fini\n|-damage|p2a: Tapu Fini|12\/100\n|\n|-heal|p2a: Tapu Fini|19\/100|[from] item: Leftovers\n|upkeep\n|turn|11\n|\n|t:|1655957996\n|move|p2a: Tapu Fini|Scald|p1a: Frosmoth\n|-damage|p1a: Frosmoth|9\/100\n|-status|p1a: Frosmoth|brn\n|move|p1a: Frosmoth|Mirror Coat|p2a: Tapu Fini\n|-damage|p2a: Tapu Fini|0 fnt\n|faint|p2a: Tapu Fini\n|\n|-damage|p1a: Frosmoth|3\/100 brn|[from] brn\n|upkeep\n|l|\u2606Not Sarcasm\n|inactive|Not Sarcasm disconnected and has a minute to reconnect!\n|player|p2|\n|inactive|Not Sarcasm has 30 seconds to reconnect!\n|inactive|Not Sarcasm has 20 seconds to reconnect!\n|inactive|Not Sarcasm has 15 seconds to reconnect!\n|inactive|Not Sarcasm has 10 seconds to reconnect!\n|inactive|Not Sarcasm has 5 seconds to reconnect!\n|-message|Not Sarcasm lost due to inactivity.\n|\n|win|glhf goofy\n|raw|glhf goofy's rating: 1459 &rarr; <strong>1479<\/strong><br \/>(+20 for winning)\n|raw|Not Sarcasm's rating: 1457 &rarr; <strong>1437<\/strong><br \/>(-20 for losing)\n","uploadtime":1655958075,"views":23,"p1id":"glhfgoofy","p2id":"notsarcasm","formatid":"gen8ou","rating":1437,"private":0,"password":null}