{"id":"gen8stabmons-1618022407","p1":"palapapop","p2":"Unviabriel","format":"gen8stabmons","log":"|j|\u2606palapapop\n|j|\u2606Unviabriel\n|t:|1657911591\n|gametype|singles\n|player|p1|palapapop|benga|\n|player|p2|Unviabriel|shauntal|\n|teamsize|p1|6\n|teamsize|p2|6\n|gen|8\n|tier|[Gen 8] STABmons\n|rule|Species Clause: Limit one of each Pok\u00e9mon\n|rule|OHKO Clause: OHKO moves are banned\n|rule|Evasion Moves Clause: Evasion moves are banned\n|rule|Endless Battle Clause: Forcing endless battles is banned\n|rule|HP Percentage Mod: HP is shown in percentages\n|rule|Dynamax Clause: You cannot dynamax\n|rule|Sleep Clause: Sleep-inducing moves are banned\n|clearpoke\n|poke|p1|Buzzwole|\n|poke|p1|Clefable, M|\n|poke|p1|Tyranitar, F|\n|poke|p1|Rotom-Mow|\n|poke|p1|Cinderace, M|\n|poke|p1|Nidoking, M|\n|poke|p2|Terrakion|\n|poke|p2|Mudsdale, F|\n|poke|p2|Toxapex, M|\n|poke|p2|Corviknight, M|\n|poke|p2|Weavile, F|\n|poke|p2|Rotom-Heat|\n|teampreview\n|c|\u2606Unviabriel|glhf\n|c|\u2606palapapop|hf\n|inactive|Battle timer is ON: inactive players will automatically lose when time's up. (requested by palapapop)\n|\n|t:|1657911658\n|start\n|switch|p1a: Oh\u00e9 partisan|Buzzwole|100\/100\n|switch|p2a: Rotom|Rotom-Heat|100\/100\n|turn|1\n|\n|t:|1657911682\n|switch|p2a: Toxapex|Toxapex, M|100\/100\n|switch|p1a: du sang des larmes|Nidoking, M|100\/100\n|\n|upkeep\n|turn|2\n|inactive|Unviabriel has 270 seconds left.\n|inactive|Unviabriel has 240 seconds left.\n|\n|t:|1657911754\n|move|p1a: du sang des larmes|Earth Power|p2a: Toxapex\n|-supereffective|p2a: Toxapex\n|-damage|p2a: Toxapex|31\/100\n|move|p2a: Toxapex|Flip Turn|p1a: du sang des larmes\n|-supereffective|p1a: du sang des larmes\n|-damage|p1a: du sang des larmes|39\/100\n|inactive|Unviabriel has 210 seconds left.\n|\n|t:|1657911770\n|switch|p2a: Weavile|Weavile, F|100\/100|[from]move: Flip Turn\n|-ability|p2a: Weavile|Pressure\n|\n|upkeep\n|turn|3\n|\n|t:|1657911778\n|switch|p1a: Oh\u00e9 partisan|Buzzwole|100\/100\n|move|p2a: Weavile|Knock Off|p1a: Oh\u00e9 partisan\n|-resisted|p1a: Oh\u00e9 partisan\n|-damage|p1a: Oh\u00e9 partisan|90\/100\n|-enditem|p1a: Oh\u00e9 partisan|Heavy-Duty Boots|[from] move: Knock Off|[of] p2a: Weavile\n|\n|upkeep\n|turn|4\n|\n|t:|1657911795\n|switch|p2a: Toxapex|Toxapex, M|64\/100\n|move|p1a: Oh\u00e9 partisan|U-turn|p2a: Toxapex\n|-resisted|p2a: Toxapex\n|-damage|p2a: Toxapex|51\/100\n|\n|t:|1657911800\n|switch|p1a: du sang des larmes|Nidoking, M|39\/100|[from]move: U-turn\n|\n|upkeep\n|turn|5\n|inactive|Unviabriel has 210 seconds left.\n|\n|t:|1657911831\n|switch|p2a: Rotom|Rotom-Heat|100\/100\n|move|p1a: du sang des larmes|Earth Power|p2a: Rotom\n|-immune|p2a: Rotom|[from] ability: Levitate\n|\n|upkeep\n|turn|6\n|\n|t:|1657911857\n|move|p1a: du sang des larmes|Shore Up|p1a: du sang des larmes\n|-heal|p1a: du sang des larmes|89\/100\n|move|p2a: Rotom|Apple Acid|p1a: du sang des larmes\n|-damage|p1a: du sang des larmes|55\/100\n|-unboost|p1a: du sang des larmes|spd|1\n|\n|upkeep\n|turn|7\n|\n|t:|1657911868\n|switch|p1a: c'est l'alarme|Tyranitar, F, shiny|100\/100\n|-weather|Sandstorm|[from] ability: Sand Stream|[of] p1a: c'est l'alarme\n|move|p2a: Rotom|Apple Acid|p1a: c'est l'alarme\n|-supereffective|p1a: c'est l'alarme\n|-damage|p1a: c'est l'alarme|74\/100\n|-unboost|p1a: c'est l'alarme|spd|1\n|\n|-weather|Sandstorm|[upkeep]\n|-damage|p2a: Rotom|94\/100|[from] Sandstorm\n|upkeep\n|turn|8\n|\n|t:|1657911877\n|switch|p2a: Mudsdale|Mudsdale, F|100\/100\n|move|p1a: c'est l'alarme|Knock Off|p2a: Mudsdale\n|-damage|p2a: Mudsdale|55\/100\n|-damage|p1a: c'est l'alarme|58\/100|[from] item: Rocky Helmet|[of] p2a: Mudsdale\n|-ability|p2a: Mudsdale|Stamina|boost\n|-boost|p2a: Mudsdale|def|1\n|-enditem|p2a: Mudsdale|Rocky Helmet|[from] move: Knock Off|[of] p1a: c'est l'alarme\n|-damage|p1a: c'est l'alarme|48\/100|[from] item: Life Orb\n|\n|-weather|Sandstorm|[upkeep]\n|upkeep\n|turn|9\n|\n|t:|1657911886\n|switch|p1a: ce soir|Rotom-Mow|100\/100\n|move|p2a: Mudsdale|Shore Up|p2a: Mudsdale\n|-heal|p2a: Mudsdale|100\/100\n|\n|-weather|Sandstorm|[upkeep]\n|-damage|p1a: ce soir|94\/100|[from] Sandstorm\n|-heal|p1a: ce soir|100\/100|[from] item: Leftovers\n|upkeep\n|turn|10\n|\n|t:|1657911897\n|switch|p1a: c'est l'alarme|Tyranitar, F, shiny|48\/100\n|switch|p2a: Rotom|Rotom-Heat|94\/100\n|\n|-weather|Sandstorm|[upkeep]\n|-damage|p2a: Rotom|88\/100|[from] Sandstorm\n|upkeep\n|turn|11\n|\n|t:|1657911903\n|switch|p2a: Mudsdale|Mudsdale, F|100\/100\n|move|p1a: c'est l'alarme|Shore Up|p1a: c'est l'alarme\n|-heal|p1a: c'est l'alarme|100\/100\n|\n|-weather|none\n|upkeep\n|turn|12\n|\n|t:|1657911913\n|switch|p1a: ce soir|Rotom-Mow|100\/100\n|move|p2a: Mudsdale|Toxic|p1a: ce soir\n|-status|p1a: ce soir|tox\n|\n|-damage|p1a: ce soir|94\/100 tox|[from] psn\n|upkeep\n|turn|13\n|\n|t:|1657911923\n|switch|p2a: Rotom|Rotom-Heat|88\/100\n|move|p1a: ce soir|Apple Acid|p2a: Rotom\n|-resisted|p2a: Rotom\n|-crit|p2a: Rotom\n|-damage|p2a: Rotom|63\/100\n|-unboost|p2a: Rotom|spd|1\n|\n|-heal|p1a: ce soir|100\/100 tox|[from] item: Leftovers\n|-damage|p1a: ce soir|88\/100 tox|[from] psn\n|upkeep\n|turn|14\n|inactive|Unviabriel has 210 seconds left.\n|inactive|Unviabriel has 180 seconds left.\n|\n|t:|1657911969\n|switch|p1a: c'est l'alarme|Tyranitar, F, shiny|100\/100\n|-weather|Sandstorm|[from] ability: Sand Stream|[of] p1a: c'est l'alarme\n|move|p2a: Rotom|Blue Flare|p1a: c'est l'alarme\n|-resisted|p1a: c'est l'alarme\n|-damage|p1a: c'est l'alarme|83\/100\n|-status|p1a: c'est l'alarme|brn\n|\n|-weather|Sandstorm|[upkeep]\n|-damage|p2a: Rotom|57\/100|[from] Sandstorm\n|-damage|p1a: c'est l'alarme|77\/100 brn|[from] brn\n|upkeep\n|turn|15\n|inactive|Unviabriel has 150 seconds left.\n|\n|t:|1657912005\n|switch|p2a: Corviknight|Corviknight, M|100\/100\n|-ability|p2a: Corviknight|Pressure\n|move|p1a: c'est l'alarme|Diamond Storm|p2a: Corviknight\n|-damage|p2a: Corviknight|78\/100\n|-damage|p1a: c'est l'alarme|67\/100 brn|[from] item: Life Orb\n|\n|-weather|Sandstorm|[upkeep]\n|-heal|p2a: Corviknight|84\/100|[from] item: Leftovers\n|-damage|p1a: c'est l'alarme|61\/100 brn|[from] brn\n|upkeep\n|turn|16\n|inactive|Unviabriel has 150 seconds left.\n|\n|t:|1657912015\n|move|p2a: Corviknight|U-turn|p1a: c'est l'alarme\n|-supereffective|p1a: c'est l'alarme\n|-damage|p1a: c'est l'alarme|40\/100 brn\n|\n|t:|1657912020\n|switch|p2a: Mudsdale|Mudsdale, F|100\/100|[from]move: U-turn\n|move|p1a: c'est l'alarme|Knock Off|p2a: Mudsdale\n|-damage|p2a: Mudsdale|84\/100\n|-ability|p2a: Mudsdale|Stamina|boost\n|-boost|p2a: Mudsdale|def|1\n|-damage|p1a: c'est l'alarme|30\/100 brn|[from] item: Life Orb\n|\n|-weather|Sandstorm|[upkeep]\n|-damage|p1a: c'est l'alarme|24\/100 brn|[from] brn\n|upkeep\n|turn|17\n|inactive|Unviabriel has 150 seconds left.\n|\n|t:|1657912045\n|switch|p1a: ce soir|Rotom-Mow|88\/100 tox\n|move|p2a: Mudsdale|Spikes|p1a: ce soir\n|-sidestart|p1: palapapop|Spikes\n|\n|-weather|Sandstorm|[upkeep]\n|-damage|p1a: ce soir|82\/100 tox|[from] Sandstorm\n|-heal|p1a: ce soir|88\/100 tox|[from] item: Leftovers\n|-damage|p1a: ce soir|82\/100 tox|[from] psn\n|upkeep\n|turn|18\n|inactive|Unviabriel has 150 seconds left.\n|\n|t:|1657912069\n|switch|p1a: du sang des larmes|Nidoking, M|55\/100\n|-damage|p1a: du sang des larmes|43\/100|[from] Spikes\n|switch|p2a: Toxapex|Toxapex, M|85\/100\n|\n|-weather|none\n|upkeep\n|turn|19\n|\n|t:|1657912084\n|move|p1a: du sang des larmes|Shore Up|p1a: du sang des larmes\n|-heal|p1a: du sang des larmes|93\/100\n|move|p2a: Toxapex|Flip Turn|p1a: du sang des larmes\n|-supereffective|p1a: du sang des larmes\n|-damage|p1a: du sang des larmes|34\/100\n|inactive|Unviabriel has 120 seconds left.\n|\n|t:|1657912116\n|switch|p2a: Terrakion|Terrakion|100\/100|[from]move: Flip Turn\n|\n|upkeep\n|turn|20\n|\n|t:|1657912121\n|switch|p1a: ouvrier et paysan|Clefable, M|100\/100\n|move|p2a: Terrakion|Diamond Storm|p1a: ouvrier et paysan\n|-damage|p1a: ouvrier et paysan|40\/100\n|\n|upkeep\n|turn|21\n|\n|t:|1657912128\n|move|p2a: Terrakion|Diamond Storm|p1a: ouvrier et paysan\n|-damage|p1a: ouvrier et paysan|0 fnt\n|-boost|p2a: Terrakion|def|2\n|faint|p1a: ouvrier et paysan\n|\n|upkeep\n|\n|t:|1657912131\n|switch|p1a: Oh\u00e9 partisan|Buzzwole|90\/100\n|-damage|p1a: Oh\u00e9 partisan|78\/100|[from] Spikes\n|turn|22\n|\n|t:|1657912140\n|switch|p2a: Toxapex|Toxapex, M|100\/100\n|move|p1a: Oh\u00e9 partisan|Drain Punch|p2a: Toxapex\n|-resisted|p2a: Toxapex\n|-damage|p2a: Toxapex|88\/100\n|-heal|p1a: Oh\u00e9 partisan|82\/100|[from] drain|[of] p2a: Toxapex\n|\n|upkeep\n|turn|23\n|\n|t:|1657912145\n|move|p1a: Oh\u00e9 partisan|Roost|p1a: Oh\u00e9 partisan\n|-heal|p1a: Oh\u00e9 partisan|100\/100\n|-singleturn|p1a: Oh\u00e9 partisan|move: Roost\n|move|p2a: Toxapex|Flip Turn|p1a: Oh\u00e9 partisan\n|-damage|p1a: Oh\u00e9 partisan|91\/100\n|inactive|Unviabriel has 150 seconds left.\n|\n|t:|1657912156\n|switch|p2a: Rotom|Rotom-Heat|57\/100|[from]move: Flip Turn\n|\n|upkeep\n|turn|24\n|inactive|Unviabriel has 150 seconds left.\n|\n|t:|1657912164\n|switch|p1a: du sang des larmes|Nidoking, M|34\/100\n|-damage|p1a: du sang des larmes|21\/100|[from] Spikes\n|move|p2a: Rotom|Roost|p2a: Rotom\n|-heal|p2a: Rotom|100\/100\n|-singleturn|p2a: Rotom|move: Roost\n|\n|upkeep\n|turn|25\n|inactive|Unviabriel has 150 seconds left.\n|\n|t:|1657912187\n|move|p1a: du sang des larmes|Shell Side Arm|p2a: Rotom|[anim] Shell Side Arm Special\n|-damage|p2a: Rotom|41\/100\n|-hint|Special Shell Side Arm\n|move|p2a: Rotom|Blue Flare|p1a: du sang des larmes\n|-damage|p1a: du sang des larmes|0 fnt\n|faint|p1a: du sang des larmes\n|\n|upkeep\n|\n|t:|1657912192\n|switch|p1a: connaitra le prix|Cinderace, M|100\/100\n|turn|26\n|inactive|Unviabriel has 150 seconds left.\n|\n|t:|1657912202\n|switch|p2a: Toxapex|Toxapex, M|100\/100\n|move|p1a: connaitra le prix|High Jump Kick|p2a: Toxapex\n|-start|p1a: connaitra le prix|typechange|Fighting|[from] ability: Libero\n|-resisted|p2a: Toxapex\n|-damage|p2a: Toxapex|75\/100\n|\n|upkeep\n|turn|27\n|inactive|Unviabriel has 150 seconds left.\n|\n|t:|1657912212\n|move|p1a: connaitra le prix|Court Change|p1a: connaitra le prix\n|-start|p1a: connaitra le prix|typechange|Normal|[from] ability: Libero\n|-swapsideconditions\n|-activate|p1a: connaitra le prix|move: Court Change\n|move|p2a: Toxapex|Flip Turn|p1a: connaitra le prix\n|-damage|p1a: connaitra le prix|72\/100\n|inactive|Unviabriel has 150 seconds left.\n|inactive|Unviabriel has 120 seconds left.\n|\n|t:|1657912250\n|switch|p2a: Weavile|Weavile, F|100\/100|[from]move: Flip Turn\n|-ability|p2a: Weavile|Pressure\n|\n|upkeep\n|turn|28\n|inactive|Unviabriel has 120 seconds left.\n|\n|t:|1657912262\n|switch|p1a: Oh\u00e9 partisan|Buzzwole|91\/100\n|move|p2a: Weavile|Triple Axel|p1a: Oh\u00e9 partisan\n|-damage|p1a: Oh\u00e9 partisan|86\/100\n|-damage|p1a: Oh\u00e9 partisan|77\/100\n|-damage|p1a: Oh\u00e9 partisan|64\/100\n|-hitcount|p1a: Oh\u00e9 partisan|3\n|\n|upkeep\n|turn|29\n|\n|t:|1657912272\n|switch|p2a: Corviknight|Corviknight, M|84\/100\n|-ability|p2a: Corviknight|Pressure\n|move|p1a: Oh\u00e9 partisan|U-turn|p2a: Corviknight\n|-resisted|p2a: Corviknight\n|-damage|p2a: Corviknight|79\/100\n|\n|t:|1657912275\n|switch|p1a: connaitra le prix|Cinderace, M|72\/100|[from]move: U-turn\n|\n|-heal|p2a: Corviknight|85\/100|[from] item: Leftovers\n|upkeep\n|turn|30\n|\n|t:|1657912282\n|switch|p2a: Toxapex|Toxapex, M|100\/100\n|-damage|p2a: Toxapex|88\/100|[from] Spikes\n|move|p1a: connaitra le prix|Sacred Fire|p2a: Toxapex\n|-resisted|p2a: Toxapex\n|-damage|p2a: Toxapex|70\/100\n|-status|p2a: Toxapex|brn\n|\n|-damage|p2a: Toxapex|65\/100 brn|[from] brn\n|upkeep\n|turn|31\n|\n|t:|1657912292\n|move|p1a: connaitra le prix|High Jump Kick|p2a: Toxapex\n|-start|p1a: connaitra le prix|typechange|Fighting|[from] ability: Libero\n|-resisted|p2a: Toxapex\n|-damage|p2a: Toxapex|41\/100 brn\n|move|p2a: Toxapex|Flip Turn|p1a: connaitra le prix\n|-damage|p1a: connaitra le prix|56\/100\n|\n|t:|1657912303\n|switch|p2a: Weavile|Weavile, F|100\/100|[from]move: Flip Turn\n|-ability|p2a: Weavile|Pressure\n|\n|upkeep\n|turn|32\n|\n|t:|1657912310\n|switch|p1a: Oh\u00e9 partisan|Buzzwole|64\/100\n|move|p2a: Weavile|Triple Axel|p1a: Oh\u00e9 partisan\n|-damage|p1a: Oh\u00e9 partisan|59\/100\n|-hitcount|p1a: Oh\u00e9 partisan|1\n|\n|upkeep\n|turn|33\n|\n|t:|1657912320\n|switch|p2a: Toxapex|Toxapex, M|74\/100 brn\n|-damage|p2a: Toxapex|62\/100 brn|[from] Spikes\n|move|p1a: Oh\u00e9 partisan|U-turn|p2a: Toxapex\n|-resisted|p2a: Toxapex\n|-damage|p2a: Toxapex|50\/100 brn\n|\n|t:|1657912323\n|switch|p1a: ce soir|Rotom-Mow|82\/100 tox|[from]move: U-turn\n|\n|-heal|p1a: ce soir|88\/100 tox|[from] item: Leftovers\n|-damage|p1a: ce soir|82\/100 tox|[from] psn\n|-damage|p2a: Toxapex|44\/100 brn|[from] brn\n|upkeep\n|turn|34\n|inactive|Unviabriel has 150 seconds left.\n|inactive|Unviabriel has 120 seconds left.\n|\n|t:|1657912359\n|switch|p2a: Corviknight|Corviknight, M|85\/100\n|-ability|p2a: Corviknight|Pressure\n|move|p1a: ce soir|Thunder Cage|p2a: Corviknight\n|-supereffective|p2a: Corviknight\n|-damage|p2a: Corviknight|28\/100\n|-activate|p2a: Corviknight|move: Thunder Cage|[of] p1a: ce soir\n|\n|-heal|p1a: ce soir|88\/100 tox|[from] item: Leftovers\n|-heal|p2a: Corviknight|34\/100|[from] item: Leftovers\n|-damage|p1a: ce soir|76\/100 tox|[from] psn\n|-damage|p2a: Corviknight|22\/100|[from] move: Thunder Cage|[partiallytrapped]\n|upkeep\n|turn|35\n|inactive|Unviabriel has 120 seconds left.\n|\n|t:|1657912382\n|move|p1a: ce soir|Thunder Cage|p2a: Corviknight\n|-supereffective|p2a: Corviknight\n|-damage|p2a: Corviknight|0 fnt\n|faint|p2a: Corviknight\n|\n|-heal|p1a: ce soir|82\/100 tox|[from] item: Leftovers\n|-damage|p1a: ce soir|64\/100 tox|[from] psn\n|upkeep\n|\n|t:|1657912399\n|switch|p2a: Terrakion|Terrakion|100\/100\n|-damage|p2a: Terrakion|88\/100|[from] Spikes\n|turn|36\n|\n|t:|1657912406\n|move|p2a: Terrakion|Diamond Storm|p1a: ce soir\n|-damage|p1a: ce soir|0 fnt\n|-boost|p2a: Terrakion|def|2\n|faint|p1a: ce soir\n|\n|upkeep\n|\n|t:|1657912409\n|switch|p1a: Oh\u00e9 partisan|Buzzwole|59\/100\n|turn|37\n|\n|t:|1657912415\n|switch|p2a: Toxapex|Toxapex, M|77\/100 brn\n|-damage|p2a: Toxapex|65\/100 brn|[from] Spikes\n|move|p1a: Oh\u00e9 partisan|U-turn|p2a: Toxapex\n|-resisted|p2a: Toxapex\n|-damage|p2a: Toxapex|53\/100 brn\n|\n|t:|1657912418\n|switch|p1a: c'est l'alarme|Tyranitar, F, shiny|24\/100 brn|[from]move: U-turn\n|-weather|Sandstorm|[from] ability: Sand Stream|[of] p1a: c'est l'alarme\n|\n|-weather|Sandstorm|[upkeep]\n|-damage|p2a: Toxapex|47\/100 brn|[from] Sandstorm\n|-damage|p1a: c'est l'alarme|18\/100 brn|[from] brn\n|-damage|p2a: Toxapex|41\/100 brn|[from] brn\n|upkeep\n|turn|38\n|inactive|Unviabriel has 120 seconds left.\n|\n|t:|1657912433\n|move|p1a: c'est l'alarme|Diamond Storm|p2a: Toxapex\n|-crit|p2a: Toxapex\n|-damage|p2a: Toxapex|0 fnt\n|-boost|p1a: c'est l'alarme|def|2\n|faint|p2a: Toxapex\n|-damage|p1a: c'est l'alarme|8\/100 brn|[from] item: Life Orb\n|\n|-weather|Sandstorm|[upkeep]\n|-damage|p1a: c'est l'alarme|1\/100 brn|[from] brn\n|upkeep\n|\n|t:|1657912450\n|switch|p2a: Terrakion|Terrakion|88\/100\n|-damage|p2a: Terrakion|76\/100|[from] Spikes\n|turn|39\n|\n|t:|1657912455\n|move|p1a: c'est l'alarme|Accelerock|p2a: Terrakion\n|-resisted|p2a: Terrakion\n|-damage|p2a: Terrakion|66\/100\n|-damage|p1a: c'est l'alarme|0 fnt|[from] item: Life Orb\n|faint|p1a: c'est l'alarme\n|move|p2a: Terrakion|Diamond Storm|p1: c'est l'alarme|[notarget]\n|-fail|p2a: Terrakion\n|\n|-weather|Sandstorm|[upkeep]\n|upkeep\n|\n|t:|1657912458\n|switch|p1a: connaitra le prix|Cinderace, M|56\/100\n|turn|40\n|inactive|Unviabriel has 120 seconds left.\n|\n|t:|1657912485\n|switch|p2a: Mudsdale|Mudsdale, F|84\/100\n|-damage|p2a: Mudsdale|72\/100|[from] Spikes\n|move|p1a: connaitra le prix|High Jump Kick|p2a: Mudsdale\n|-start|p1a: connaitra le prix|typechange|Fighting|[from] ability: Libero\n|-damage|p2a: Mudsdale|36\/100\n|-ability|p2a: Mudsdale|Stamina|boost\n|-boost|p2a: Mudsdale|def|1\n|\n|-weather|Sandstorm|[upkeep]\n|-damage|p1a: connaitra le prix|50\/100|[from] Sandstorm\n|upkeep\n|turn|41\n|\n|t:|1657912492\n|move|p1a: connaitra le prix|Sacred Fire|p2a: Mudsdale\n|-start|p1a: connaitra le prix|typechange|Fire|[from] ability: Libero\n|-damage|p2a: Mudsdale|17\/100\n|-ability|p2a: Mudsdale|Stamina|boost\n|-boost|p2a: Mudsdale|def|1\n|move|p2a: Mudsdale|Shore Up|p2a: Mudsdale\n|-heal|p2a: Mudsdale|83\/100\n|\n|-weather|none\n|upkeep\n|turn|42\n|\n|t:|1657912500\n|move|p1a: connaitra le prix|Sacred Fire|p2a: Mudsdale\n|-damage|p2a: Mudsdale|69\/100\n|-status|p2a: Mudsdale|brn\n|-ability|p2a: Mudsdale|Stamina|boost\n|-boost|p2a: Mudsdale|def|1\n|move|p2a: Mudsdale|Thousand Waves|p1a: connaitra le prix\n|-supereffective|p1a: connaitra le prix\n|-damage|p1a: connaitra le prix|0 fnt\n|faint|p1a: connaitra le prix\n|\n|-damage|p2a: Mudsdale|63\/100 brn|[from] brn\n|upkeep\n|c|\u2606palapapop|gg!\n|-message|palapapop forfeited.\n|\n|win|Unviabriel\n|c|\u2606Unviabriel|gg\n","uploadtime":1657912511,"views":193,"p1id":"palapapop","p2id":"unviabriel","formatid":"gen8stabmons","rating":0,"private":0,"password":null}