{"id":"gen8bdspou-1505786751","p1":"Cwas17","p2":"cump4","format":"gen8bdspou","log":"|html|<div class=\"broadcast-blue\"><strong>[Gen 8 BDSP] OU is currently suspecting Gengar! For information on how to participate check out the <a href=\"https:\/\/www.smogon.com\/forums\/threads\/np-bdsp-ou-suspect-process-round-3-ghost-town.3696830\/\">suspect thread<\/a>.<\/strong><\/div>\n|j|\u2606Cwas17\n|j|\u2606cump4\n|t:|1644199825\n|gametype|singles\n|player|p1|Cwas17|volkner|1508\n|player|p2|cump4|101|1476\n|teamsize|p1|6\n|teamsize|p2|6\n|gen|8\n|tier|[Gen 8 BDSP] OU\n|rated|\n|rule|Sleep Clause Mod: Limit one foe put to sleep\n|rule|Species Clause: Limit one of each Pok\u00e9mon\n|rule|OHKO Clause: OHKO moves are banned\n|rule|Evasion Moves Clause: Evasion moves are banned\n|rule|Endless Battle Clause: Forcing endless battles is banned\n|rule|HP Percentage Mod: HP is shown in percentages\n|clearpoke\n|poke|p1|Breloom, M|\n|poke|p1|Heatran, M|\n|poke|p1|Azumarill, M|\n|poke|p1|Scizor, M|\n|poke|p1|Alakazam, M|\n|poke|p1|Dragonite, M|\n|poke|p2|Breloom, M|\n|poke|p2|Gliscor, F|\n|poke|p2|Heatran, F|\n|poke|p2|Weavile, M|\n|poke|p2|Gengar, F|\n|poke|p2|Rotom-Wash|\n|teampreview\n|\n|t:|1644199835\n|start\n|switch|p1a: Breloom|Breloom, M|100\/100\n|switch|p2a: Breloom|Breloom, M, shiny|100\/100\n|turn|1\n|inactive|Battle timer is ON: inactive players will automatically lose when time's up. (requested by Cwas17)\n|\n|t:|1644199848\n|move|p1a: Breloom|Mach Punch|p2a: Breloom\n|-damage|p2a: Breloom|55\/100\n|move|p2a: Breloom|Mach Punch|p1a: Breloom\n|-damage|p1a: Breloom|51\/100\n|\n|upkeep\n|turn|2\n|\n|t:|1644199855\n|switch|p2a: Gliscor|Gliscor, F, shiny|100\/100\n|move|p1a: Breloom|Mach Punch|p2a: Gliscor\n|-resisted|p2a: Gliscor\n|-damage|p2a: Gliscor|91\/100\n|\n|-status|p2a: Gliscor|tox|[from] item: Toxic Orb\n|upkeep\n|turn|3\n|\n|t:|1644199864\n|switch|p1a: Azumarill|Azumarill, M|100\/100\n|move|p2a: Gliscor|Ice Fang|p1a: Azumarill\n|-resisted|p1a: Azumarill\n|-damage|p1a: Azumarill|93\/100\n|\n|-heal|p1a: Azumarill|99\/100|[from] item: Leftovers\n|-heal|p2a: Gliscor|100\/100 tox|[from] ability: Poison Heal\n|upkeep\n|turn|4\n|\n|t:|1644199877\n|switch|p2a: Heatran|Heatran, F|100\/100\n|move|p1a: Azumarill|Substitute|p1a: Azumarill\n|-start|p1a: Azumarill|Substitute\n|-damage|p1a: Azumarill|74\/100\n|\n|-heal|p1a: Azumarill|80\/100|[from] item: Leftovers\n|upkeep\n|turn|5\n|\n|t:|1644199884\n|move|p1a: Azumarill|Waterfall|p2a: Heatran\n|-supereffective|p2a: Heatran\n|-damage|p2a: Heatran|11\/100\n|move|p2a: Heatran|Earth Power|p1a: Azumarill\n|-end|p1a: Azumarill|Substitute\n|\n|-heal|p1a: Azumarill|86\/100|[from] item: Leftovers\n|-heal|p2a: Heatran|18\/100|[from] item: Leftovers\n|upkeep\n|turn|6\n|\n|t:|1644199892\n|switch|p2a: Rotom|Rotom-Wash|100\/100\n|move|p1a: Azumarill|Waterfall|p2a: Rotom\n|-resisted|p2a: Rotom\n|-damage|p2a: Rotom|74\/100\n|\n|-heal|p1a: Azumarill|92\/100|[from] item: Leftovers\n|upkeep\n|turn|7\n|j| Stoner Edge\n|l| Stoner Edge\n|\n|t:|1644199912\n|switch|p1a: Heatran|Heatran, M|100\/100\n|move|p2a: Rotom|Volt Switch|p1a: Heatran\n|-damage|p1a: Heatran|71\/100\n|\n|t:|1644199917\n|switch|p2a: Gliscor|Gliscor, F, shiny|100\/100 tox|[from]move: Volt Switch\n|\n|-heal|p1a: Heatran|78\/100|[from] item: Leftovers\n|upkeep\n|turn|8\n|\n|t:|1644199923\n|switch|p1a: Scizor|Scizor, M|100\/100\n|move|p2a: Gliscor|Earthquake|p1a: Scizor\n|-damage|p1a: Scizor|68\/100\n|\n|-heal|p1a: Scizor|74\/100|[from] item: Leftovers\n|upkeep\n|turn|9\n|\n|t:|1644199931\n|switch|p2a: Heatran|Heatran, F|18\/100\n|move|p1a: Scizor|U-turn|p2a: Heatran\n|-resisted|p2a: Heatran\n|-damage|p2a: Heatran|11\/100\n|inactive|Cwas17 has 120 seconds left.\n|\n|t:|1644199972\n|switch|p1a: Breloom|Breloom, M|51\/100|[from]move: U-turn\n|\n|-heal|p2a: Heatran|18\/100|[from] item: Leftovers\n|upkeep\n|turn|10\n|\n|t:|1644199977\n|move|p2a: Heatran|Protect|p2a: Heatran\n|-singleturn|p2a: Heatran|Protect\n|move|p1a: Breloom|Rock Tomb|p2a: Heatran\n|-activate|p2a: Heatran|move: Protect\n|\n|-heal|p2a: Heatran|24\/100|[from] item: Leftovers\n|upkeep\n|turn|11\n|\n|t:|1644199984\n|switch|p2a: Gliscor|Gliscor, F, shiny|100\/100 tox\n|move|p1a: Breloom|Rock Tomb|p2a: Gliscor\n|-damage|p2a: Gliscor|80\/100 tox\n|-unboost|p2a: Gliscor|spe|1\n|\n|-heal|p2a: Gliscor|93\/100 tox|[from] ability: Poison Heal\n|upkeep\n|turn|12\n|\n|t:|1644200001\n|switch|p1a: Scizor|Scizor, M|74\/100\n|move|p2a: Gliscor|Earthquake|p1a: Scizor\n|-damage|p1a: Scizor|44\/100\n|\n|-heal|p1a: Scizor|50\/100|[from] item: Leftovers\n|-heal|p2a: Gliscor|100\/100 tox|[from] ability: Poison Heal\n|upkeep\n|turn|13\n|\n|t:|1644200007\n|switch|p2a: Heatran|Heatran, F|24\/100\n|move|p1a: Scizor|Roost|p1a: Scizor\n|-heal|p1a: Scizor|99\/100\n|-singleturn|p1a: Scizor|move: Roost\n|\n|-heal|p2a: Heatran|30\/100|[from] item: Leftovers\n|-heal|p1a: Scizor|100\/100|[from] item: Leftovers\n|upkeep\n|turn|14\n|\n|t:|1644200013\n|switch|p1a: Azumarill|Azumarill, M|92\/100\n|move|p2a: Heatran|Stealth Rock|p1a: Azumarill\n|-sidestart|p1: Cwas17|move: Stealth Rock\n|\n|-heal|p1a: Azumarill|98\/100|[from] item: Leftovers\n|-heal|p2a: Heatran|36\/100|[from] item: Leftovers\n|upkeep\n|turn|15\n|\n|t:|1644200022\n|move|p1a: Azumarill|Waterfall|p2a: Heatran\n|-supereffective|p2a: Heatran\n|-damage|p2a: Heatran|0 fnt\n|faint|p2a: Heatran\n|\n|-heal|p1a: Azumarill|100\/100|[from] item: Leftovers\n|upkeep\n|\n|t:|1644200025\n|switch|p2a: Breloom|Breloom, M, shiny|55\/100\n|turn|16\n|\n|t:|1644200049\n|switch|p1a: Heatran|Heatran, M|78\/100\n|-damage|p1a: Heatran|65\/100|[from] Stealth Rock\n|move|p2a: Breloom|Swords Dance|p2a: Breloom\n|-boost|p2a: Breloom|atk|2\n|\n|-heal|p1a: Heatran|71\/100|[from] item: Leftovers\n|upkeep\n|turn|17\n|\n|t:|1644200056\n|move|p2a: Breloom|Mach Punch|p1a: Heatran\n|-supereffective|p1a: Heatran\n|-damage|p1a: Heatran|0 fnt\n|faint|p1a: Heatran\n|\n|upkeep\n|\n|t:|1644200068\n|switch|p1a: Dragonite|Dragonite, M|100\/100\n|-damage|p1a: Dragonite|76\/100|[from] Stealth Rock\n|turn|18\n|\n|t:|1644200078\n|move|p1a: Dragonite|Extreme Speed|p2a: Breloom\n|-damage|p2a: Breloom|0 fnt\n|faint|p2a: Breloom\n|\n|upkeep\n|\n|t:|1644200081\n|switch|p2a: Gengar|Gengar, F, shiny|100\/100\n|turn|19\n|\n|t:|1644200085\n|switch|p1a: Scizor|Scizor, M|100\/100\n|-damage|p1a: Scizor|88\/100|[from] Stealth Rock\n|move|p2a: Gengar|Shadow Ball|p1a: Scizor\n|-damage|p1a: Scizor|31\/100\n|\n|-heal|p1a: Scizor|37\/100|[from] item: Leftovers\n|upkeep\n|turn|20\n|\n|t:|1644200089\n|move|p2a: Gengar|Shadow Ball|p1a: Scizor\n|-damage|p1a: Scizor|0 fnt\n|faint|p1a: Scizor\n|\n|upkeep\n|\n|t:|1644200110\n|switch|p1a: Azumarill|Azumarill, M|100\/100\n|-damage|p1a: Azumarill|88\/100|[from] Stealth Rock\n|turn|21\n|\n|t:|1644200117\n|switch|p2a: Gliscor|Gliscor, F, shiny|100\/100 tox\n|move|p1a: Azumarill|Play Rough|p2a: Gliscor\n|-damage|p2a: Gliscor|66\/100 tox\n|-unboost|p2a: Gliscor|atk|1\n|\n|-heal|p1a: Azumarill|94\/100|[from] item: Leftovers\n|-heal|p2a: Gliscor|78\/100 tox|[from] ability: Poison Heal\n|upkeep\n|turn|22\n|\n|t:|1644200129\n|move|p2a: Gliscor|Earthquake|p1a: Azumarill\n|-damage|p1a: Azumarill|65\/100\n|move|p1a: Azumarill|Waterfall|p2a: Gliscor\n|-supereffective|p2a: Gliscor\n|-crit|p2a: Gliscor\n|-damage|p2a: Gliscor|0 fnt\n|faint|p2a: Gliscor\n|\n|-heal|p1a: Azumarill|71\/100|[from] item: Leftovers\n|upkeep\n|\n|t:|1644200137\n|switch|p2a: Gengar|Gengar, F, shiny|100\/100\n|turn|23\n|inactive|Cwas17 has 120 seconds left.\n|\n|t:|1644200187\n|move|p1a: Azumarill|Aqua Jet|p2a: Gengar\n|-damage|p2a: Gengar|48\/100\n|move|p2a: Gengar|Sludge Bomb|p1a: Azumarill\n|-supereffective|p1a: Azumarill\n|-damage|p1a: Azumarill|0 fnt\n|faint|p1a: Azumarill\n|\n|upkeep\n|\n|t:|1644200195\n|switch|p1a: Alakazam|Alakazam, M|100\/100\n|turn|24\n|\n|t:|1644200211\n|switch|p2a: Weavile|Weavile, M|100\/100\n|-ability|p2a: Weavile|Pressure\n|move|p1a: Alakazam|Shadow Ball|p2a: Weavile\n|-resisted|p2a: Weavile\n|-damage|p2a: Weavile|81\/100\n|\n|upkeep\n|turn|25\n|inactive|Cwas17 has 90 seconds left.\n|\n|t:|1644200256\n|switch|p1a: Dragonite|Dragonite, M|76\/100\n|-damage|p1a: Dragonite|51\/100|[from] Stealth Rock\n|move|p2a: Weavile|Ice Shard|p1a: Dragonite\n|-supereffective|p1a: Dragonite\n|-damage|p1a: Dragonite|0 fnt\n|faint|p1a: Dragonite\n|\n|upkeep\n|\n|t:|1644200266\n|switch|p1a: Breloom|Breloom, M|51\/100\n|-damage|p1a: Breloom|45\/100|[from] Stealth Rock\n|turn|26\n|\n|t:|1644200268\n|move|p1a: Breloom|Mach Punch|p2a: Weavile\n|-supereffective|p2a: Weavile\n|-damage|p2a: Weavile|0 fnt\n|faint|p2a: Weavile\n|\n|upkeep\n|\n|t:|1644200271\n|switch|p2a: Gengar|Gengar, F, shiny|48\/100\n|turn|27\n|\n|t:|1644200290\n|move|p1a: Breloom|Mach Punch|p2a: Gengar\n|-immune|p2a: Gengar\n|move|p2a: Gengar|Shadow Ball|p1a: Breloom\n|-damage|p1a: Breloom|0 fnt\n|faint|p1a: Breloom\n|\n|upkeep\n|\n|t:|1644200294\n|switch|p1a: Alakazam|Alakazam, M|100\/100\n|turn|28\n|\n|t:|1644200302\n|move|p1a: Alakazam|Psychic|p2a: Gengar\n|-supereffective|p2a: Gengar\n|-damage|p2a: Gengar|0 fnt\n|faint|p2a: Gengar\n|\n|upkeep\n|\n|t:|1644200304\n|switch|p2a: Rotom|Rotom-Wash|74\/100\n|turn|29\n|inactive|Cwas17 has 90 seconds left.\n|\n|t:|1644200314\n|move|p1a: Alakazam|Psychic|p2a: Rotom\n|-damage|p2a: Rotom|26\/100\n|move|p2a: Rotom|Hydro Pump|p1a: Alakazam\n|-damage|p1a: Alakazam|26\/100\n|\n|upkeep\n|turn|30\n|c|\u2606cump4|gg\n|inactive|Cwas17 has 90 seconds left.\n|\n|t:|1644200327\n|move|p1a: Alakazam|Psychic|p2a: Rotom\n|-damage|p2a: Rotom|0 fnt\n|faint|p2a: Rotom\n|\n|win|Cwas17\n|raw|Cwas17's rating: 1508 &rarr; <strong>1525<\/strong><br \/>(+17 for winning)\n|raw|cump4's rating: 1451 &rarr; <strong>1434<\/strong><br \/>(-17 for losing)\n|c|\u2606Cwas17|gg\n","uploadtime":1644200357,"views":12,"p1id":"cwas17","p2id":"cump4","formatid":"gen8bdspou","rating":1434,"private":0,"password":null}