{"id":"gen8cap-1690929051","p1":"pancake swaps","p2":"Capital Cruiser","format":"gen8cap","log":"|j|\u2606pancake swaps\n|j|\u203dCapital Cruiser\n|t:|1666318443\n|gametype|singles\n|player|p1|pancake swaps|102|1113\n|player|p2|Capital Cruiser|cheren-gen5bw2|1148\n|teamsize|p1|6\n|teamsize|p2|6\n|gen|8\n|tier|[Gen 8] CAP\n|rated|\n|rule|Sleep Clause Mod: Limit one foe put to sleep\n|rule|Species Clause: Limit one of each Pok\u00e9mon\n|rule|OHKO Clause: OHKO moves are banned\n|rule|Evasion Items Clause: Evasion items are banned\n|rule|Evasion Moves Clause: Evasion moves are banned\n|rule|Endless Battle Clause: Forcing endless battles is banned\n|rule|HP Percentage Mod: HP is shown in percentages\n|rule|Dynamax Clause: You cannot dynamax\n|clearpoke\n|poke|p1|Saharaja, M|\n|poke|p1|Klefki, M|\n|poke|p1|Naviathan, F|\n|poke|p1|Necturna, F|\n|poke|p1|Revenankh, F|\n|poke|p1|Miasmaw, M|\n|poke|p2|Malaconda, M|\n|poke|p2|Kerfluffle, M|\n|poke|p2|Heatran, F|\n|poke|p2|Landorus-Therian, M|\n|poke|p2|Corviknight, F|\n|poke|p2|Rotom-Wash|\n|teampreview\n|inactive|Battle timer is ON: inactive players will automatically lose when time's up. (requested by Capital Cruiser)\n|\n|t:|1666318467\n|start\n|switch|p1a: Klefki|Klefki, M|100\/100\n|switch|p2a: Landorus|Landorus-Therian, M, shiny|100\/100\n|-ability|p2a: Landorus|Intimidate|boost\n|-unboost|p1a: Klefki|atk|1\n|turn|1\n|\n|t:|1666318472\n|move|p1a: Klefki|Reflect|p1a: Klefki\n|-sidestart|p1: pancake swaps|Reflect\n|move|p2a: Landorus|Knock Off|p1a: Klefki\n|-resisted|p1a: Klefki\n|-damage|p1a: Klefki|94\/100\n|-enditem|p1a: Klefki|Light Clay|[from] move: Knock Off|[of] p2a: Landorus\n|\n|upkeep\n|turn|2\n|\n|t:|1666318479\n|move|p1a: Klefki|Light Screen|p1a: Klefki\n|-sidestart|p1: pancake swaps|move: Light Screen\n|move|p2a: Landorus|Earthquake|p1a: Klefki\n|-supereffective|p1a: Klefki\n|-damage|p1a: Klefki|53\/100\n|\n|upkeep\n|turn|3\n|\n|t:|1666318486\n|switch|p1a: Revenankh|Revenankh, F|100\/100\n|move|p2a: Landorus|Earthquake|p1a: Revenankh\n|-damage|p1a: Revenankh|77\/100\n|\n|upkeep\n|turn|4\n|\n|t:|1666318490\n|move|p2a: Landorus|Toxic|p1a: Revenankh\n|-status|p1a: Revenankh|tox\n|move|p1a: Revenankh|Bulk Up|p1a: Revenankh\n|-boost|p1a: Revenankh|atk|1\n|-boost|p1a: Revenankh|def|1\n|\n|-damage|p1a: Revenankh|71\/100 tox|[from] psn\n|upkeep\n|turn|5\n|\n|t:|1666318494\n|switch|p2a: Corviknight|Corviknight, F, shiny|100\/100\n|-ability|p2a: Corviknight|Pressure\n|move|p1a: Revenankh|Poltergeist|p2a: Corviknight\n|-activate|p2a: Corviknight|move: Poltergeist|Rocky Helmet\n|-damage|p2a: Corviknight|39\/100\n|-damage|p1a: Revenankh|61\/100 tox|[from] item: Life Orb\n|\n|-damage|p1a: Revenankh|49\/100 tox|[from] psn\n|upkeep\n|turn|6\n|\n|t:|1666318502\n|move|p2a: Corviknight|Roost|p2a: Corviknight\n|-heal|p2a: Corviknight|89\/100\n|-singleturn|p2a: Corviknight|move: Roost\n|move|p1a: Revenankh|Poltergeist|p2a: Corviknight\n|-activate|p2a: Corviknight|move: Poltergeist|Rocky Helmet\n|-crit|p2a: Corviknight\n|-damage|p2a: Corviknight|0 fnt\n|faint|p2a: Corviknight\n|-damage|p1a: Revenankh|39\/100 tox|[from] item: Life Orb\n|\n|-damage|p1a: Revenankh|21\/100 tox|[from] psn\n|-sideend|p1: pancake swaps|move: Light Screen\n|upkeep\n|\n|t:|1666318509\n|switch|p2a: Kerfluffle|Kerfluffle, M, shiny|100\/100\n|turn|7\n|\n|t:|1666318514\n|move|p1a: Revenankh|Drain Punch|p2a: Kerfluffle\n|-resisted|p2a: Kerfluffle\n|-damage|p2a: Kerfluffle|59\/100\n|-heal|p1a: Revenankh|38\/100 tox|[from] drain|[of] p2a: Kerfluffle\n|-damage|p1a: Revenankh|28\/100 tox|[from] item: Life Orb\n|move|p2a: Kerfluffle|Moonblast|p1a: Revenankh\n|-supereffective|p1a: Revenankh\n|-damage|p1a: Revenankh|0 fnt\n|faint|p1a: Revenankh\n|\n|upkeep\n|\n|t:|1666318522\n|switch|p1a: Klefki|Klefki, M|53\/100\n|turn|8\n|\n|t:|1666318525\n|switch|p2a: Landorus|Landorus-Therian, M, shiny|100\/100\n|-ability|p2a: Landorus|Intimidate|boost\n|-unboost|p1a: Klefki|atk|1\n|move|p1a: Klefki|Light Screen|p1a: Klefki\n|-sidestart|p1: pancake swaps|move: Light Screen\n|\n|-sideend|p1: pancake swaps|Reflect\n|upkeep\n|turn|9\n|\n|t:|1666318529\n|move|p1a: Klefki|Reflect|p1a: Klefki\n|-sidestart|p1: pancake swaps|Reflect\n|move|p2a: Landorus|Earthquake|p1a: Klefki\n|-supereffective|p1a: Klefki\n|-damage|p1a: Klefki|17\/100\n|\n|upkeep\n|turn|10\n|\n|t:|1666318543\n|switch|p1a: Miasmaw|Miasmaw, M|100\/100\n|move|p2a: Landorus|Stealth Rock|p1a: Miasmaw\n|-sidestart|p1: pancake swaps|move: Stealth Rock\n|\n|upkeep\n|turn|11\n|\n|t:|1666318552\n|switch|p2a: Kerfluffle|Kerfluffle, M, shiny|59\/100\n|move|p1a: Miasmaw|Dragon Rush|p2a: Kerfluffle\n|-immune|p2a: Kerfluffle\n|\n|upkeep\n|turn|12\n|\n|t:|1666318556\n|move|p2a: Kerfluffle|Moonblast|p1a: Miasmaw\n|-supereffective|p1a: Miasmaw\n|-damage|p1a: Miasmaw|25\/100\n|move|p1a: Miasmaw|Megahorn|p2a: Kerfluffle\n|-resisted|p2a: Kerfluffle\n|-damage|p2a: Kerfluffle|34\/100\n|-damage|p1a: Miasmaw|15\/100|[from] item: Life Orb\n|\n|-sideend|p1: pancake swaps|move: Light Screen\n|upkeep\n|turn|13\n|inactive|pancake swaps has 120 seconds left.\n|inactive|pancake swaps has 90 seconds left.\n|\n|t:|1666318624\n|move|p2a: Kerfluffle|Moonblast|p1a: Miasmaw\n|-supereffective|p1a: Miasmaw\n|-damage|p1a: Miasmaw|0 fnt\n|faint|p1a: Miasmaw\n|\n|-sideend|p1: pancake swaps|Reflect\n|upkeep\n|\n|t:|1666318628\n|switch|p1a: Klefki|Klefki, M|17\/100\n|-damage|p1a: Klefki|11\/100|[from] Stealth Rock\n|turn|14\n|\n|t:|1666318633\n|move|p1a: Klefki|Thunder Wave|p2a: Kerfluffle\n|-status|p2a: Kerfluffle|par\n|cant|p2a: Kerfluffle|par\n|\n|upkeep\n|turn|15\n|\n|t:|1666318639\n|-curestatus|p2a: Kerfluffle|par|[from] ability: Natural Cure\n|switch|p2a: Landorus|Landorus-Therian, M, shiny|100\/100\n|-ability|p2a: Landorus|Intimidate|boost\n|-unboost|p1a: Klefki|atk|1\n|move|p1a: Klefki|Defog|p2a: Landorus\n|-unboost|p2a: Landorus|evasion|1\n|-sideend|p1: pancake swaps|Stealth Rock|[from] move: Defog|[of] p1a: Klefki\n|\n|upkeep\n|turn|16\n|inactive|pancake swaps has 90 seconds left.\n|\n|t:|1666318692\n|switch|p2a: Rotom|Rotom-Wash, shiny|100\/100\n|move|p1a: Klefki|Reflect|p1a: Klefki\n|-sidestart|p1: pancake swaps|Reflect\n|\n|upkeep\n|turn|17\n|\n|t:|1666318699\n|move|p1a: Klefki|Light Screen|p1a: Klefki\n|-sidestart|p1: pancake swaps|move: Light Screen\n|move|p2a: Rotom|Thunderbolt|p1a: Klefki\n|-damage|p1a: Klefki|0 fnt\n|faint|p1a: Klefki\n|\n|upkeep\n|\n|t:|1666318705\n|switch|p1a: Necturna|Necturna, F|100\/100\n|-activate|p1a: Necturna|ability: Forewarn|Hydro Pump|[of] p2a: Rotom\n|turn|18\n|\n|t:|1666318710\n|switch|p2a: Malaconda|Malaconda, M, shiny|100\/100\n|move|p1a: Necturna|Shell Smash|p1a: Necturna\n|-unboost|p1a: Necturna|def|1\n|-unboost|p1a: Necturna|spd|1\n|-boost|p1a: Necturna|atk|2\n|-boost|p1a: Necturna|spa|2\n|-boost|p1a: Necturna|spe|2\n|-enditem|p1a: Necturna|White Herb\n|-clearnegativeboost|p1a: Necturna|[silent]\n|\n|upkeep\n|turn|19\n|\n|t:|1666318718\n|move|p1a: Necturna|Power Whip|p2a: Malaconda|[miss]\n|-miss|p1a: Necturna|p2a: Malaconda\n|move|p2a: Malaconda|Toxic|p1a: Necturna\n|-status|p1a: Necturna|tox\n|\n|-damage|p1a: Necturna|95\/100 tox|[from] psn\n|upkeep\n|turn|20\n|j| 1v1me_midgets\n|\n|t:|1666318723\n|move|p1a: Necturna|Power Whip|p2a: Malaconda\n|-resisted|p2a: Malaconda\n|-damage|p2a: Malaconda|53\/100\n|-enditem|p2a: Malaconda|Jaboca Berry|[eat]\n|-damage|p1a: Necturna|82\/100 tox|[from] item: Jaboca Berry|[of] p2a: Malaconda\n|move|p2a: Malaconda|Roar|p1a: Necturna\n|drag|p1a: Saharaja|Saharaja, M, shiny|100\/100\n|\n|-sideend|p1: pancake swaps|Reflect\n|upkeep\n|turn|21\n|\n|t:|1666318732\n|move|p1a: Saharaja|Diamond Storm|p2a: Malaconda\n|-damage|p2a: Malaconda|28\/100\n|-boost|p1a: Saharaja|def|2\n|move|p2a: Malaconda|Synthesis|p2a: Malaconda\n|-heal|p2a: Malaconda|78\/100\n|\n|-sideend|p1: pancake swaps|move: Light Screen\n|upkeep\n|turn|22\n|\n|t:|1666318737\n|move|p1a: Saharaja|Body Press|p2a: Malaconda\n|-supereffective|p2a: Malaconda\n|-damage|p2a: Malaconda|18\/100\n|move|p2a: Malaconda|Toxic|p1a: Saharaja|[miss]\n|-miss|p2a: Malaconda|p1a: Saharaja\n|\n|upkeep\n|turn|23\n|inactive|pancake swaps has 120 seconds left.\n|\n|t:|1666318744\n|switch|p2a: Landorus|Landorus-Therian, M, shiny|100\/100\n|-ability|p2a: Landorus|Intimidate|boost\n|-unboost|p1a: Saharaja|atk|1\n|move|p1a: Saharaja|Diamond Storm|p2a: Landorus\n|-damage|p2a: Landorus|80\/100\n|-boost|p1a: Saharaja|def|2\n|\n|-heal|p2a: Landorus|86\/100|[from] item: Leftovers\n|upkeep\n|turn|24\n|\n|t:|1666318749\n|move|p1a: Saharaja|Diamond Storm|p2a: Landorus\n|-damage|p2a: Landorus|64\/100\n|-boost|p1a: Saharaja|def|2\n|move|p2a: Landorus|Toxic|p1a: Saharaja\n|-status|p1a: Saharaja|tox\n|\n|-heal|p2a: Landorus|70\/100|[from] item: Leftovers\n|-damage|p1a: Saharaja|94\/100 tox|[from] psn\n|upkeep\n|turn|25\n|\n|t:|1666318755\n|move|p1a: Saharaja|Body Press|p2a: Landorus\n|-resisted|p2a: Landorus\n|-damage|p2a: Landorus|36\/100\n|move|p2a: Landorus|Stealth Rock|p1a: Saharaja\n|-sidestart|p1: pancake swaps|move: Stealth Rock\n|\n|-heal|p2a: Landorus|42\/100|[from] item: Leftovers\n|-damage|p1a: Saharaja|82\/100 tox|[from] psn\n|upkeep\n|turn|26\n|\n|t:|1666318763\n|switch|p2a: Malaconda|Malaconda, M, shiny|18\/100\n|move|p1a: Saharaja|Body Press|p2a: Malaconda\n|-supereffective|p2a: Malaconda\n|-damage|p2a: Malaconda|0 fnt\n|faint|p2a: Malaconda\n|\n|-damage|p1a: Saharaja|64\/100 tox|[from] psn\n|upkeep\n|\n|t:|1666318773\n|switch|p2a: Landorus|Landorus-Therian, M, shiny|42\/100\n|-ability|p2a: Landorus|Intimidate|boost\n|-unboost|p1a: Saharaja|atk|1\n|turn|27\n|\n|t:|1666318782\n|move|p1a: Saharaja|Rapid Spin|p2a: Landorus\n|-damage|p2a: Landorus|34\/100\n|-boost|p1a: Saharaja|spe|1\n|-sideend|p1: pancake swaps|Stealth Rock|[from] move: Rapid Spin|[of] p1a: Saharaja\n|move|p2a: Landorus|Earthquake|p1a: Saharaja\n|-damage|p1a: Saharaja|50\/100 tox\n|\n|-heal|p2a: Landorus|40\/100|[from] item: Leftovers\n|-damage|p1a: Saharaja|26\/100 tox|[from] psn\n|upkeep\n|turn|28\n|\n|t:|1666318788\n|move|p1a: Saharaja|Body Press|p2a: Landorus\n|-resisted|p2a: Landorus\n|-damage|p2a: Landorus|0 fnt\n|faint|p2a: Landorus\n|\n|-damage|p1a: Saharaja|0 fnt|[from] psn\n|faint|p1a: Saharaja\n|upkeep\n|\n|t:|1666318800\n|switch|p1a: Naviathan|Naviathan, F|100\/100\n|switch|p2a: Heatran|Heatran, F, shiny|100\/100\n|-item|p2a: Heatran|Air Balloon\n|turn|29\n|\n|t:|1666318804\n|move|p1a: Naviathan|Dragon Dance|p1a: Naviathan\n|-boost|p1a: Naviathan|atk|1\n|-boost|p1a: Naviathan|spe|1\n|move|p2a: Heatran|Earth Power|p1a: Naviathan\n|-supereffective|p1a: Naviathan\n|-damage|p1a: Naviathan|9\/100\n|\n|-status|p1a: Naviathan|brn|[from] item: Flame Orb\n|upkeep\n|turn|30\n|\n|t:|1666318810\n|move|p1a: Naviathan|Waterfall|p2a: Heatran\n|-supereffective|p2a: Heatran\n|-damage|p2a: Heatran|0 fnt\n|-enditem|p2a: Heatran|Air Balloon\n|faint|p2a: Heatran\n|\n|-damage|p1a: Naviathan|3\/100 brn|[from] brn\n|upkeep\n|\n|t:|1666318817\n|switch|p2a: Rotom|Rotom-Wash, shiny|100\/100\n|turn|31\n|\n|t:|1666318820\n|move|p2a: Rotom|Thunderbolt|p1a: Naviathan\n|-supereffective|p1a: Naviathan\n|-damage|p1a: Naviathan|0 fnt\n|faint|p1a: Naviathan\n|\n|upkeep\n|\n|t:|1666318823\n|switch|p1a: Necturna|Necturna, F|82\/100 tox\n|-activate|p1a: Necturna|ability: Forewarn|Hydro Pump|[of] p2a: Rotom\n|turn|32\n|\n|t:|1666318827\n|move|p2a: Rotom|Thunderbolt|p1a: Necturna\n|-resisted|p1a: Necturna\n|-damage|p1a: Necturna|59\/100 tox\n|move|p1a: Necturna|Shell Smash|p1a: Necturna\n|-unboost|p1a: Necturna|def|1\n|-unboost|p1a: Necturna|spd|1\n|-boost|p1a: Necturna|atk|2\n|-boost|p1a: Necturna|spa|2\n|-boost|p1a: Necturna|spe|2\n|\n|-damage|p1a: Necturna|53\/100 tox|[from] psn\n|upkeep\n|turn|33\n|\n|t:|1666318832\n|move|p1a: Necturna|Power Whip|p2a: Rotom\n|-supereffective|p2a: Rotom\n|-damage|p2a: Rotom|0 fnt\n|faint|p2a: Rotom\n|\n|-damage|p1a: Necturna|41\/100 tox|[from] psn\n|upkeep\n|\n|t:|1666318838\n|switch|p2a: Kerfluffle|Kerfluffle, M, shiny|34\/100\n|turn|34\n|\n|t:|1666318841\n|move|p1a: Necturna|Shadow Claw|p2a: Kerfluffle\n|-damage|p2a: Kerfluffle|0 fnt\n|faint|p2a: Kerfluffle\n|\n|win|pancake swaps\n|raw|pancake swaps's rating: 1113 &rarr; <strong>1140<\/strong><br \/>(+27 for winning)\n|raw|Capital Cruiser's rating: 1142 &rarr; <strong>1115<\/strong><br \/>(-27 for losing)\n|l|\u203dCapital Cruiser\n|l| 1v1me_midgets\n||Ladder isn't responding, score probably updated but might not have (Request timeout).\n","uploadtime":1666318858,"views":5,"p1id":"pancakeswaps","p2id":"capitalcruiser","formatid":"gen8cap","rating":1115,"private":0,"password":null}