{"id":"gen8ou-1568302596","p1":"andrewm0n","p2":"Philein","format":"gen8ou","log":"|j|\u2606andrewm0n\n|j|\u2606Philein\n|t:|1651765038\n|gametype|singles\n|player|p1|andrewm0n|1|1696\n|player|p2|Philein|lucas|1699\n|teamsize|p1|6\n|teamsize|p2|6\n|gen|8\n|tier|[Gen 8] OU\n|rated|\n|rule|Sleep Clause Mod: Limit one foe put to sleep\n|rule|Species Clause: Limit one of each Pok\u00e9mon\n|rule|OHKO Clause: OHKO moves are banned\n|rule|Evasion Moves Clause: Evasion moves are banned\n|rule|Endless Battle Clause: Forcing endless battles is banned\n|rule|HP Percentage Mod: HP is shown in percentages\n|rule|Dynamax Clause: You cannot dynamax\n|clearpoke\n|poke|p1|Rhydon, M|\n|poke|p1|Seismitoad, M|\n|poke|p1|Slowbro-Galar, M|\n|poke|p1|Clefable, F|\n|poke|p1|Corviknight, M|\n|poke|p1|Blaziken, M|\n|poke|p2|Melmetal|\n|poke|p2|Tornadus-Therian, M|\n|poke|p2|Tyranitar, F|\n|poke|p2|Nidoking, M|\n|poke|p2|Slowking, M|\n|poke|p2|Buzzwole|\n|teampreview\n|inactive|Battle timer is ON: inactive players will automatically lose when time's up. (requested by andrewm0n)\n|j| Jjjddd\n|\n|t:|1651765058\n|start\n|switch|p1a: Slowbro|Slowbro-Galar, M|100\/100\n|switch|p2a: R\u00e9gis|Slowking, M|100\/100\n|turn|1\n|\n|t:|1651765065\n|move|p1a: Slowbro|Shell Side Arm|p2a: R\u00e9gis|[anim] Shell Side Arm Physical\n|-damage|p2a: R\u00e9gis|65\/100\n|-hint|Physical Shell Side Arm\n|move|p2a: R\u00e9gis|Teleport|p2a: R\u00e9gis\n|\n|t:|1651765070\n|switch|p2a: Tropez|Tyranitar, F|100\/100|[from]move: Teleport\n|-weather|Sandstorm|[from] ability: Sand Stream|[of] p2a: Tropez\n|\n|-weather|Sandstorm|[upkeep]\n|-damage|p1a: Slowbro|94\/100|[from] Sandstorm\n|upkeep\n|turn|2\n|\n|t:|1651765073\n|switch|p1a: Rhydon|Rhydon, M|100\/100\n|move|p2a: Tropez|Stealth Rock|p1a: Rhydon\n|-sidestart|p1: andrewm0n|move: Stealth Rock\n|\n|-weather|Sandstorm|[upkeep]\n|upkeep\n|turn|3\n|j| choise band\n|\n|t:|1651765080\n|switch|p2a: Micheline|Buzzwole, shiny|100\/100\n|move|p1a: Rhydon|Swords Dance|p1a: Rhydon\n|-boost|p1a: Rhydon|atk|2\n|\n|-weather|Sandstorm|[upkeep]\n|-damage|p2a: Micheline|94\/100|[from] Sandstorm\n|upkeep\n|turn|4\n|\n|t:|1651765092\n|move|p2a: Micheline|Earthquake|p1a: Rhydon\n|-supereffective|p1a: Rhydon\n|-damage|p1a: Rhydon|63\/100\n|move|p1a: Rhydon|Heat Crash|p2a: Micheline\n|-supereffective|p2a: Micheline\n|-damage|p2a: Micheline|66\/100\n|\n|-weather|Sandstorm|[upkeep]\n|-damage|p2a: Micheline|60\/100|[from] Sandstorm\n|upkeep\n|turn|5\n|\n|t:|1651765097\n|move|p2a: Micheline|Roost|p2a: Micheline\n|-heal|p2a: Micheline|100\/100\n|-singleturn|p2a: Micheline|move: Roost\n|move|p1a: Rhydon|Stone Edge|p2a: Micheline|[miss]\n|-miss|p1a: Rhydon|p2a: Micheline\n|\n|-weather|none\n|upkeep\n|turn|6\n|\n|t:|1651765101\n|move|p2a: Micheline|Earthquake|p1a: Rhydon\n|-supereffective|p1a: Rhydon\n|-damage|p1a: Rhydon|28\/100\n|move|p1a: Rhydon|Stone Edge|p2a: Micheline|[miss]\n|-miss|p1a: Rhydon|p2a: Micheline\n|\n|upkeep\n|turn|7\n|\n|t:|1651765106\n|move|p2a: Micheline|Close Combat|p1a: Rhydon\n|-supereffective|p1a: Rhydon\n|-damage|p1a: Rhydon|0 fnt\n|-unboost|p2a: Micheline|def|1\n|-unboost|p2a: Micheline|spd|1\n|faint|p1a: Rhydon\n|-ability|p2a: Micheline|Beast Boost|boost\n|-boost|p2a: Micheline|def|1\n|\n|upkeep\n|\n|t:|1651765113\n|switch|p1a: Slowbro|Slowbro-Galar, M|100\/100\n|-damage|p1a: Slowbro|88\/100|[from] Stealth Rock\n|turn|8\n|l| Jjjddd\n|\n|t:|1651765117\n|switch|p2a: Melchior|Melmetal|100\/100\n|move|p1a: Slowbro|Future Sight|p2a: Melchior\n|-start|p1a: Slowbro|move: Future Sight\n|\n|upkeep\n|turn|9\n|\n|t:|1651765121\n|switch|p1a: Corviknight|Corviknight, M|100\/100\n|-damage|p1a: Corviknight|88\/100|[from] Stealth Rock\n|-ability|p1a: Corviknight|Pressure\n|move|p2a: Melchior|Thunder Punch|p1a: Corviknight\n|-supereffective|p1a: Corviknight\n|-damage|p1a: Corviknight|6\/100\n|-damage|p2a: Melchior|84\/100|[from] item: Rocky Helmet|[of] p1a: Corviknight\n|\n|upkeep\n|turn|10\n|\n|t:|1651765125\n|switch|p2a: Tropez|Tyranitar, F|100\/100\n|-weather|Sandstorm|[from] ability: Sand Stream|[of] p2a: Tropez\n|move|p1a: Corviknight|U-turn|p2a: Tropez\n|-supereffective|p2a: Tropez\n|-damage|p2a: Tropez|77\/100\n|\n|t:|1651765127\n|switch|p1a: Blaziken|Blaziken, M|100\/100|[from]move: U-turn\n|-damage|p1a: Blaziken|88\/100|[from] Stealth Rock\n|\n|-weather|Sandstorm|[upkeep]\n|-damage|p1a: Blaziken|82\/100|[from] Sandstorm\n|-end|p2a: Tropez|move: Future Sight\n|-immune|p2a: Tropez\n|-heal|p1a: Blaziken|88\/100|[from] item: Leftovers\n|-heal|p2a: Tropez|83\/100|[from] item: Leftovers\n|upkeep\n|turn|11\n|\n|t:|1651765131\n|move|p1a: Blaziken|Close Combat|p2a: Tropez\n|-supereffective|p2a: Tropez\n|-damage|p2a: Tropez|0 fnt\n|-unboost|p1a: Blaziken|def|1\n|-unboost|p1a: Blaziken|spd|1\n|faint|p2a: Tropez\n|\n|-weather|Sandstorm|[upkeep]\n|-damage|p1a: Blaziken|82\/100|[from] Sandstorm\n|-heal|p1a: Blaziken|88\/100|[from] item: Leftovers\n|-ability|p1a: Blaziken|Speed Boost|boost\n|-boost|p1a: Blaziken|spe|1\n|upkeep\n|\n|t:|1651765134\n|switch|p2a: R\u00e9gis|Slowking, M|98\/100\n|turn|12\n|\n|t:|1651765141\n|switch|p1a: Seismitoad|Seismitoad, M|100\/100\n|-damage|p1a: Seismitoad|94\/100|[from] Stealth Rock\n|move|p2a: R\u00e9gis|Scald|p1a: Seismitoad\n|-heal|p1a: Seismitoad|100\/100|[from] ability: Water Absorb|[of] p2a: R\u00e9gis\n|\n|-weather|Sandstorm|[upkeep]\n|-damage|p2a: R\u00e9gis|92\/100|[from] Sandstorm\n|upkeep\n|turn|13\n|\n|t:|1651765145\n|move|p1a: Seismitoad|Stealth Rock|p2a: R\u00e9gis\n|-sidestart|p2: Philein|move: Stealth Rock\n|move|p2a: R\u00e9gis|Future Sight|p1a: Seismitoad\n|-start|p2a: R\u00e9gis|move: Future Sight\n|\n|-weather|Sandstorm|[upkeep]\n|-damage|p2a: R\u00e9gis|86\/100|[from] Sandstorm\n|upkeep\n|turn|14\n|\n|t:|1651765147\n|move|p1a: Seismitoad|Knock Off|p2a: R\u00e9gis\n|-supereffective|p2a: R\u00e9gis\n|-damage|p2a: R\u00e9gis|40\/100\n|-enditem|p2a: R\u00e9gis|Heavy-Duty Boots|[from] move: Knock Off|[of] p1a: Seismitoad\n|move|p2a: R\u00e9gis|Teleport|p2a: R\u00e9gis\n|\n|t:|1651765149\n|switch|p2a: Septimus Florens|Tornadus-Therian, M|100\/100|[from]move: Teleport\n|\n|-weather|none\n|upkeep\n|turn|15\n|\n|t:|1651765151\n|move|p2a: Septimus Florens|Hurricane|p1a: Seismitoad\n|-damage|p1a: Seismitoad|60\/100\n|-start|p1a: Seismitoad|confusion\n|-activate|p1a: Seismitoad|confusion\n|-damage|p1a: Seismitoad|53\/100|[from] confusion\n|\n|-end|p1a: Seismitoad|move: Future Sight\n|-damage|p1a: Seismitoad|13\/100\n|-heal|p1a: Seismitoad|19\/100|[from] item: Leftovers\n|upkeep\n|turn|16\n|\n|t:|1651765157\n|move|p2a: Septimus Florens|Knock Off|p1a: Seismitoad\n|-damage|p1a: Seismitoad|2\/100\n|-enditem|p1a: Seismitoad|Leftovers|[from] move: Knock Off|[of] p2a: Septimus Florens\n|-activate|p1a: Seismitoad|confusion\n|move|p1a: Seismitoad|Knock Off|p2a: Septimus Florens\n|-damage|p2a: Septimus Florens|79\/100\n|-enditem|p2a: Septimus Florens|Heavy-Duty Boots|[from] move: Knock Off|[of] p1a: Seismitoad\n|\n|upkeep\n|turn|17\n|\n|t:|1651765160\n|move|p2a: Septimus Florens|Knock Off|p1a: Seismitoad\n|-damage|p1a: Seismitoad|0 fnt\n|faint|p1a: Seismitoad\n|\n|upkeep\n|\n|t:|1651765163\n|switch|p1a: Blaziken|Blaziken, M|88\/100\n|-damage|p1a: Blaziken|76\/100|[from] Stealth Rock\n|turn|18\n|\n|t:|1651765165\n|move|p1a: Blaziken|Protect|p1a: Blaziken\n|-singleturn|p1a: Blaziken|Protect\n|move|p2a: Septimus Florens|Hurricane|p1a: Blaziken\n|-activate|p1a: Blaziken|move: Protect\n|\n|-heal|p1a: Blaziken|82\/100|[from] item: Leftovers\n|-ability|p1a: Blaziken|Speed Boost|boost\n|-boost|p1a: Blaziken|spe|1\n|upkeep\n|turn|19\n|\n|t:|1651765169\n|move|p1a: Blaziken|Flare Blitz|p2a: Septimus Florens\n|-damage|p2a: Septimus Florens|11\/100\n|-damage|p1a: Blaziken|55\/100|[from] Recoil\n|move|p2a: Septimus Florens|Hurricane|p1a: Blaziken\n|-supereffective|p1a: Blaziken\n|-damage|p1a: Blaziken|0 fnt\n|faint|p1a: Blaziken\n|\n|upkeep\n|-message|andrewm0n forfeited.\n|\n|win|Philein\n|raw|andrewm0n's rating: 1696 &rarr; <strong>1676<\/strong><br \/>(-20 for losing)\n|raw|Philein's rating: 1699 &rarr; <strong>1719<\/strong><br \/>(+20 for winning)\n|l|\u2606andrewm0n\n||Ladder isn't responding, score probably updated but might not have (Request timeout).\n","uploadtime":1651765184,"views":38,"p1id":"andrewm0n","p2id":"philein","formatid":"gen8ou","rating":1676,"private":0,"password":null}