{"id":"gen8ou-1682489628","p1":"jeandonis02","p2":"numberoneswiftie","format":"gen8ou","log":"|j|\u2606jeandonis02\n|j|\u2606numberoneswiftie\n|t:|1665429494\n|gametype|singles\n|player|p1|jeandonis02|lucas|1745\n|player|p2|numberoneswiftie|swimmerf-gen4|1776\n|teamsize|p1|6\n|teamsize|p2|6\n|gen|8\n|tier|[Gen 8] OU\n|rated|\n|rule|Sleep Clause Mod: Limit one foe put to sleep\n|rule|Species Clause: Limit one of each Pok\u00e9mon\n|rule|OHKO Clause: OHKO moves are banned\n|rule|Evasion Items Clause: Evasion items are banned\n|rule|Evasion Moves Clause: Evasion moves are banned\n|rule|Endless Battle Clause: Forcing endless battles is banned\n|rule|HP Percentage Mod: HP is shown in percentages\n|rule|Dynamax Clause: You cannot dynamax\n|clearpoke\n|poke|p1|Zeraora|\n|poke|p1|Toxapex, M|\n|poke|p1|Garchomp, M|\n|poke|p1|Rotom-Wash|\n|poke|p1|Ferrothorn, M|\n|poke|p1|Charizard, M|\n|poke|p2|Skarmory, F|\n|poke|p2|Ditto|\n|poke|p2|Toxapex, M|\n|poke|p2|Blissey, F|\n|poke|p2|Shedinja|\n|poke|p2|Quagsire, M|\n|teampreview\n|\n|t:|1665429516\n|start\n|switch|p1a: Zeraora|Zeraora|100\/100\n|switch|p2a: Ditto|Ditto|100\/100\n|-transform|p2a: Ditto|p1a: Zeraora|[from] ability: Imposter\n|-item|p2a: Ditto|Air Balloon\n|turn|1\n|\n|t:|1665429524\n|switch|p2a: Quagsire|Quagsire, M|100\/100\n|switch|p1a: Ferrothorn|Ferrothorn, M|100\/100\n|\n|upkeep\n|turn|2\n|\n|t:|1665429527\n|switch|p2a: Toxapex|Toxapex, M|100\/100\n|move|p1a: Ferrothorn|Stealth Rock|p2a: Toxapex\n|-sidestart|p2: numberoneswiftie|move: Stealth Rock\n|\n|upkeep\n|turn|3\n|\n|t:|1665429529\n|move|p2a: Toxapex|Knock Off|p1a: Ferrothorn\n|-damage|p1a: Ferrothorn|92\/100\n|-damage|p2a: Toxapex|88\/100|[from] ability: Iron Barbs|[of] p1a: Ferrothorn\n|-damage|p2a: Toxapex|72\/100|[from] item: Rocky Helmet|[of] p1a: Ferrothorn\n|-enditem|p1a: Ferrothorn|Rocky Helmet|[from] move: Knock Off|[of] p2a: Toxapex\n|move|p1a: Ferrothorn|Thunder Wave|p2a: Toxapex\n|-status|p2a: Toxapex|par\n|\n|upkeep\n|turn|4\n|\n|t:|1665429532\n|move|p1a: Ferrothorn|Leech Seed|p2a: Toxapex|[miss]\n|-miss|p1a: Ferrothorn|p2a: Toxapex\n|cant|p2a: Toxapex|par\n|\n|upkeep\n|turn|5\n|\n|t:|1665429536\n|move|p1a: Ferrothorn|Leech Seed|p2a: Toxapex\n|-start|p2a: Toxapex|move: Leech Seed\n|move|p2a: Toxapex|Scald|p1a: Ferrothorn\n|-resisted|p1a: Ferrothorn\n|-damage|p1a: Ferrothorn|85\/100\n|\n|-damage|p2a: Toxapex|59\/100 par|[from] Leech Seed|[of] p1a: Ferrothorn\n|-heal|p1a: Ferrothorn|95\/100|[silent]\n|upkeep\n|turn|6\n|\n|t:|1665429541\n|switch|p1a: Rotom|Rotom-Wash|100\/100\n|switch|p2a: Skarmory|Skarmory, F|100\/100\n|-damage|p2a: Skarmory|88\/100|[from] Stealth Rock\n|\n|-heal|p2a: Skarmory|94\/100|[from] item: Leftovers\n|upkeep\n|turn|7\n|\n|t:|1665429544\n|switch|p2a: Blissey|Blissey, F|100\/100\n|move|p1a: Rotom|Will-O-Wisp|p2a: Blissey\n|-status|p2a: Blissey|brn\n|\n|-damage|p2a: Blissey|94\/100 brn|[from] brn\n|upkeep\n|turn|8\n|\n|t:|1665429546\n|move|p1a: Rotom|Volt Switch|p2a: Blissey\n|-damage|p2a: Blissey|84\/100 brn\n|\n|t:|1665429548\n|switch|p1a: Garchomp|Garchomp, M|100\/100|[from]move: Volt Switch\n|move|p2a: Blissey|Stealth Rock|p1a: Garchomp\n|-sidestart|p1: jeandonis02|move: Stealth Rock\n|\n|-damage|p2a: Blissey|78\/100 brn|[from] brn\n|upkeep\n|turn|9\n|\n|t:|1665429554\n|-curestatus|p2a: Blissey|brn|[from] ability: Natural Cure\n|switch|p2a: Skarmory|Skarmory, F|94\/100\n|-damage|p2a: Skarmory|82\/100|[from] Stealth Rock\n|move|p1a: Garchomp|Fire Fang|p2a: Skarmory\n|-supereffective|p2a: Skarmory\n|-damage|p2a: Skarmory|35\/100\n|\n|-heal|p2a: Skarmory|42\/100|[from] item: Leftovers\n|upkeep\n|turn|10\n|\n|t:|1665429560\n|switch|p1a: Ferrothorn|Ferrothorn, M|95\/100\n|-damage|p1a: Ferrothorn|89\/100|[from] Stealth Rock\n|switch|p2a: Quagsire|Quagsire, M|100\/100\n|\n|upkeep\n|turn|11\n|\n|t:|1665429563\n|switch|p2a: Skarmory|Skarmory, F|42\/100\n|-damage|p2a: Skarmory|29\/100|[from] Stealth Rock\n|move|p1a: Ferrothorn|Leech Seed|p2a: Skarmory\n|-start|p2a: Skarmory|move: Leech Seed\n|\n|-heal|p2a: Skarmory|35\/100|[from] item: Leftovers\n|-damage|p2a: Skarmory|23\/100|[from] Leech Seed|[of] p1a: Ferrothorn\n|-heal|p1a: Ferrothorn|99\/100|[silent]\n|upkeep\n|turn|12\n|\n|t:|1665429567\n|move|p2a: Skarmory|Roost|p2a: Skarmory\n|-heal|p2a: Skarmory|73\/100\n|-singleturn|p2a: Skarmory|move: Roost\n|move|p1a: Ferrothorn|Thunder Wave|p2a: Skarmory\n|-status|p2a: Skarmory|par\n|\n|-heal|p2a: Skarmory|79\/100 par|[from] item: Leftovers\n|-damage|p2a: Skarmory|67\/100 par|[from] Leech Seed|[of] p1a: Ferrothorn\n|-heal|p1a: Ferrothorn|100\/100|[silent]\n|upkeep\n|turn|13\n|inactive|Battle timer is ON: inactive players will automatically lose when time's up. (requested by jeandonis02)\n|\n|t:|1665429576\n|cant|p2a: Skarmory|par\n|move|p1a: Ferrothorn|Body Press|p2a: Skarmory\n|-damage|p2a: Skarmory|45\/100 par\n|\n|-heal|p2a: Skarmory|51\/100 par|[from] item: Leftovers\n|-damage|p2a: Skarmory|39\/100 par|[from] Leech Seed|[of] p1a: Ferrothorn\n|upkeep\n|turn|14\n|\n|t:|1665429579\n|cant|p2a: Skarmory|par\n|move|p1a: Ferrothorn|Body Press|p2a: Skarmory\n|-damage|p2a: Skarmory|18\/100 par\n|\n|-heal|p2a: Skarmory|24\/100 par|[from] item: Leftovers\n|-damage|p2a: Skarmory|12\/100 par|[from] Leech Seed|[of] p1a: Ferrothorn\n|upkeep\n|turn|15\n|\n|t:|1665429581\n|move|p2a: Skarmory|Roost|p2a: Skarmory\n|-heal|p2a: Skarmory|62\/100 par\n|-singleturn|p2a: Skarmory|move: Roost\n|move|p1a: Ferrothorn|Body Press|p2a: Skarmory\n|-supereffective|p2a: Skarmory\n|-damage|p2a: Skarmory|16\/100 par\n|\n|-heal|p2a: Skarmory|22\/100 par|[from] item: Leftovers\n|-damage|p2a: Skarmory|10\/100 par|[from] Leech Seed|[of] p1a: Ferrothorn\n|upkeep\n|turn|16\n|\n|t:|1665429586\n|move|p2a: Skarmory|Roost|p2a: Skarmory\n|-heal|p2a: Skarmory|60\/100 par\n|-singleturn|p2a: Skarmory|move: Roost\n|move|p1a: Ferrothorn|Body Press|p2a: Skarmory\n|-supereffective|p2a: Skarmory\n|-damage|p2a: Skarmory|12\/100 par\n|\n|-heal|p2a: Skarmory|18\/100 par|[from] item: Leftovers\n|-damage|p2a: Skarmory|5\/100 par|[from] Leech Seed|[of] p1a: Ferrothorn\n|upkeep\n|turn|17\n|\n|t:|1665429589\n|move|p2a: Skarmory|Roost|p2a: Skarmory\n|-heal|p2a: Skarmory|56\/100 par\n|-singleturn|p2a: Skarmory|move: Roost\n|move|p1a: Ferrothorn|Body Press|p2a: Skarmory\n|-supereffective|p2a: Skarmory\n|-crit|p2a: Skarmory\n|-damage|p2a: Skarmory|0 fnt\n|faint|p2a: Skarmory\n|\n|upkeep\n|-message|numberoneswiftie forfeited.\n|\n|win|jeandonis02\n|raw|jeandonis02's rating: 1745 &rarr; <strong>1767<\/strong><br \/>(+22 for winning)\n|raw|numberoneswiftie's rating: 1776 &rarr; <strong>1754<\/strong><br \/>(-22 for losing)\n|l|\u2606numberoneswiftie\n||Ladder isn't responding, score probably updated but might not have (Request timeout).\n","uploadtime":1665429631,"views":7,"p1id":"jeandonis02","p2id":"numberoneswiftie","formatid":"gen8ou","rating":1754,"private":0,"password":null}