{"id":"gen8ou-1282250033","p1":"Brifye","p2":"jordan829","format":"gen8ou","log":"|j|\u2606Brifye\n|j|\u2606jordan829\n|t:|1613293182\n|player|p1|Brifye|blackbelt-gen4dp|1399\n|player|p2|jordan829|265|1390\n|teamsize|p1|6\n|teamsize|p2|6\n|gametype|singles\n|gen|8\n|tier|[Gen 8] OU\n|rated|\n|clearpoke\n|poke|p1|Blaziken, F|\n|poke|p1|Skarmory, F|\n|poke|p1|Landorus-Therian, M|\n|poke|p1|Tapu Fini|\n|poke|p1|Zeraora|\n|poke|p1|Rillaboom, M|\n|poke|p2|Kommo-o, F|\n|poke|p2|Clefable, M|\n|poke|p2|Hydreigon, M|\n|poke|p2|Zeraora|\n|poke|p2|Landorus-Therian, M|\n|poke|p2|Slowking-Galar, M|\n|rule|Sleep Clause Mod: Limit one foe put to sleep\n|rule|Species Clause: Limit one of each Pok\u00e9mon\n|rule|OHKO Clause: OHKO moves are banned\n|rule|Evasion Moves Clause: Evasion moves are banned\n|rule|Endless Battle Clause: Forcing endless battles is banned\n|rule|HP Percentage Mod: HP is shown in percentages\n|rule|Dynamax Clause: You cannot dynamax\n|teampreview\n|\n|t:|1613293196\n|start\n|switch|p1a: Landorus|Landorus-Therian, M|100\/100\n|switch|p2a: Landorus|Landorus-Therian, M|100\/100\n|-ability|p1a: Landorus|Intimidate|boost\n|-unboost|p2a: Landorus|atk|1\n|-ability|p2a: Landorus|Intimidate|boost\n|-unboost|p1a: Landorus|atk|1\n|turn|1\n|\n|t:|1613293204\n|move|p1a: Landorus|Knock Off|p2a: Landorus\n|-damage|p2a: Landorus|84\/100\n|-enditem|p2a: Landorus|Leftovers|[from] move: Knock Off|[of] p1a: Landorus\n|move|p2a: Landorus|Toxic|p1a: Landorus\n|-status|p1a: Landorus|tox\n|\n|-damage|p1a: Landorus|94\/100 tox|[from] psn\n|upkeep\n|turn|2\n|\n|t:|1613293212\n|switch|p1a: Skarmory|Skarmory, F|100\/100\n|move|p2a: Landorus|Stealth Rock|p1a: Skarmory\n|-sidestart|p1: Brifye|move: Stealth Rock\n|\n|upkeep\n|turn|3\n|\n|t:|1613293223\n|switch|p2a: Hydreigon|Hydreigon, M|100\/100\n|move|p1a: Skarmory|Defog|p2a: Hydreigon\n|-unboost|p2a: Hydreigon|evasion|1\n|-sideend|p1: Brifye|Stealth Rock|[from] move: Defog|[of] p1a: Skarmory\n|\n|upkeep\n|turn|4\n|\n|t:|1613293235\n|switch|p1a: Tapu Fini|Tapu Fini|100\/100\n|-fieldstart|move: Misty Terrain|[from] ability: Misty Surge|[of] p1a: Tapu Fini\n|move|p2a: Hydreigon|Dark Pulse|p1a: Tapu Fini\n|-resisted|p1a: Tapu Fini\n|-damage|p1a: Tapu Fini|84\/100\n|\n|-heal|p1a: Tapu Fini|90\/100|[from] item: Leftovers\n|upkeep\n|turn|5\n|\n|t:|1613293246\n|switch|p2a: Slowking|Slowking-Galar, M|100\/100\n|move|p1a: Tapu Fini|Calm Mind|p1a: Tapu Fini\n|-boost|p1a: Tapu Fini|spa|1\n|-boost|p1a: Tapu Fini|spd|1\n|\n|-heal|p1a: Tapu Fini|96\/100|[from] item: Leftovers\n|upkeep\n|turn|6\n|\n|t:|1613293257\n|move|p1a: Tapu Fini|Scald|p2a: Slowking\n|-damage|p2a: Slowking|78\/100\n|move|p2a: Slowking|Sludge Bomb|p1a: Tapu Fini\n|-supereffective|p1a: Tapu Fini\n|-damage|p1a: Tapu Fini|63\/100\n|\n|-heal|p1a: Tapu Fini|69\/100|[from] item: Leftovers\n|-heal|p2a: Slowking|84\/100|[from] item: Black Sludge\n|upkeep\n|turn|7\n|\n|t:|1613293268\n|move|p1a: Tapu Fini|Calm Mind|p1a: Tapu Fini\n|-boost|p1a: Tapu Fini|spa|1\n|-boost|p1a: Tapu Fini|spd|1\n|move|p2a: Slowking|Sludge Bomb|p1a: Tapu Fini\n|-supereffective|p1a: Tapu Fini\n|-damage|p1a: Tapu Fini|43\/100\n|\n|-heal|p1a: Tapu Fini|49\/100|[from] item: Leftovers\n|-heal|p2a: Slowking|90\/100|[from] item: Black Sludge\n|upkeep\n|turn|8\n|\n|t:|1613293277\n|move|p1a: Tapu Fini|Scald|p2a: Slowking\n|-damage|p2a: Slowking|57\/100\n|move|p2a: Slowking|Sludge Bomb|p1a: Tapu Fini\n|-supereffective|p1a: Tapu Fini\n|-damage|p1a: Tapu Fini|20\/100\n|\n|-heal|p1a: Tapu Fini|26\/100|[from] item: Leftovers\n|-heal|p2a: Slowking|63\/100|[from] item: Black Sludge\n|-fieldend|Misty Terrain\n|upkeep\n|turn|9\n|\n|t:|1613293286\n|move|p1a: Tapu Fini|Draining Kiss|p2a: Slowking\n|-resisted|p2a: Slowking\n|-damage|p2a: Slowking|53\/100\n|-heal|p1a: Tapu Fini|35\/100|[from] drain|[of] p2a: Slowking\n|move|p2a: Slowking|Sludge Bomb|p1a: Tapu Fini\n|-supereffective|p1a: Tapu Fini\n|-damage|p1a: Tapu Fini|8\/100\n|\n|-heal|p1a: Tapu Fini|14\/100|[from] item: Leftovers\n|-heal|p2a: Slowking|59\/100|[from] item: Black Sludge\n|upkeep\n|turn|10\n|\n|t:|1613293298\n|switch|p1a: Skarmory|Skarmory, F|100\/100\n|move|p2a: Slowking|Slack Off|p2a: Slowking\n|-heal|p2a: Slowking|100\/100\n|\n|upkeep\n|turn|11\n|\n|t:|1613293304\n|move|p1a: Skarmory|Spikes|p2a: Slowking\n|-sidestart|p2: jordan829|Spikes\n|move|p2a: Slowking|Flamethrower|p1a: Skarmory\n|-supereffective|p1a: Skarmory\n|-damage|p1a: Skarmory|39\/100\n|\n|upkeep\n|turn|12\n|\n|t:|1613293309\n|move|p2a: Slowking|Flamethrower|p1a: Skarmory\n|-supereffective|p1a: Skarmory\n|-damage|p1a: Skarmory|0 fnt\n|faint|p1a: Skarmory\n|\n|upkeep\n|\n|t:|1613293317\n|switch|p1a: Blaziken|Blaziken, F|100\/100\n|turn|13\n|\n|t:|1613293324\n|move|p1a: Blaziken|Flare Blitz|p2a: Slowking\n|-damage|p2a: Slowking|19\/100\n|-damage|p1a: Blaziken|65\/100|[from] Recoil\n|-damage|p1a: Blaziken|55\/100|[from] item: Life Orb\n|move|p2a: Slowking|Future Sight|p1a: Blaziken\n|-start|p2a: Slowking|move: Future Sight\n|\n|-heal|p2a: Slowking|25\/100|[from] item: Black Sludge\n|-ability|p1a: Blaziken|Speed Boost|boost\n|-boost|p1a: Blaziken|spe|1\n|upkeep\n|turn|14\n|\n|t:|1613293334\n|switch|p2a: Clefable|Clefable, M|100\/100\n|move|p1a: Blaziken|Earthquake|p2a: Clefable\n|-damage|p2a: Clefable|68\/100\n|-damage|p1a: Blaziken|45\/100|[from] item: Life Orb\n|\n|-ability|p1a: Blaziken|Speed Boost|boost\n|-boost|p1a: Blaziken|spe|1\n|upkeep\n|turn|15\n|\n|t:|1613293347\n|switch|p1a: Rillaboom|Rillaboom, M|100\/100\n|-fieldstart|move: Grassy Terrain|[from] ability: Grassy Surge|[of] p1a: Rillaboom\n|move|p2a: Clefable|Soft-Boiled|p2a: Clefable\n|-heal|p2a: Clefable|100\/100\n|\n|-end|p1a: Rillaboom|move: Future Sight\n|-damage|p1a: Rillaboom|44\/100\n|-heal|p1a: Rillaboom|50\/100|[from] Grassy Terrain\n|upkeep\n|turn|16\n|\n|t:|1613293357\n|switch|p2a: Kommo-o|Kommo-o, F|100\/100\n|-damage|p2a: Kommo-o|88\/100|[from] Spikes\n|move|p1a: Rillaboom|Knock Off|p2a: Kommo-o\n|-resisted|p2a: Kommo-o\n|-damage|p2a: Kommo-o|72\/100\n|-enditem|p2a: Kommo-o|Leftovers|[from] move: Knock Off|[of] p1a: Rillaboom\n|\n|-heal|p1a: Rillaboom|56\/100|[from] Grassy Terrain\n|-heal|p2a: Kommo-o|78\/100|[from] Grassy Terrain\n|upkeep\n|turn|17\n|\n|t:|1613293368\n|switch|p1a: Tapu Fini|Tapu Fini|14\/100\n|-fieldstart|move: Misty Terrain|[from] ability: Misty Surge|[of] p1a: Tapu Fini\n|move|p2a: Kommo-o|Iron Defense|p2a: Kommo-o\n|-boost|p2a: Kommo-o|def|2\n|\n|-heal|p1a: Tapu Fini|21\/100|[from] item: Leftovers\n|upkeep\n|turn|18\n|\n|t:|1613293376\n|move|p1a: Tapu Fini|Draining Kiss|p2a: Kommo-o\n|-supereffective|p2a: Kommo-o\n|-damage|p2a: Kommo-o|17\/100\n|-heal|p1a: Tapu Fini|68\/100|[from] drain|[of] p2a: Kommo-o\n|move|p2a: Kommo-o|Body Press|p1a: Tapu Fini\n|-resisted|p1a: Tapu Fini\n|-damage|p1a: Tapu Fini|41\/100\n|\n|-heal|p1a: Tapu Fini|47\/100|[from] item: Leftovers\n|upkeep\n|turn|19\n|\n|t:|1613293385\n|switch|p2a: Slowking|Slowking-Galar, M|58\/100\n|-damage|p2a: Slowking|46\/100|[from] Spikes\n|move|p1a: Tapu Fini|Draining Kiss|p2a: Slowking\n|-resisted|p2a: Slowking\n|-damage|p2a: Slowking|41\/100\n|-heal|p1a: Tapu Fini|51\/100|[from] drain|[of] p2a: Slowking\n|\n|-heal|p1a: Tapu Fini|57\/100|[from] item: Leftovers\n|-heal|p2a: Slowking|47\/100|[from] item: Black Sludge\n|upkeep\n|turn|20\n|\n|t:|1613293397\n|switch|p1a: Landorus|Landorus-Therian, M|94\/100 tox\n|-ability|p1a: Landorus|Intimidate|boost\n|-unboost|p2a: Slowking|atk|1\n|move|p2a: Slowking|Slack Off|p2a: Slowking\n|-heal|p2a: Slowking|97\/100\n|\n|-heal|p2a: Slowking|100\/100|[from] item: Black Sludge\n|-damage|p1a: Landorus|88\/100 tox|[from] psn\n|upkeep\n|turn|21\n|\n|t:|1613293407\n|switch|p2a: Landorus|Landorus-Therian, M|84\/100\n|-ability|p2a: Landorus|Intimidate|boost\n|-unboost|p1a: Landorus|atk|1\n|move|p1a: Landorus|Stealth Rock|p2a: Landorus\n|-sidestart|p2: jordan829|move: Stealth Rock\n|\n|-damage|p1a: Landorus|75\/100 tox|[from] psn\n|-fieldend|Misty Terrain\n|upkeep\n|turn|22\n|\n|t:|1613293414\n|move|p1a: Landorus|Explosion|p2a: Landorus\n|-damage|p2a: Landorus|38\/100\n|faint|p1a: Landorus\n|move|p2a: Landorus|Stealth Rock|p1: Landorus\n|-sidestart|p1: Brifye|move: Stealth Rock\n|\n|upkeep\n|\n|t:|1613293421\n|switch|p1a: Rillaboom|Rillaboom, M|56\/100\n|-damage|p1a: Rillaboom|44\/100|[from] Stealth Rock\n|-fieldstart|move: Grassy Terrain|[from] ability: Grassy Surge|[of] p1a: Rillaboom\n|turn|23\n|\n|t:|1613293428\n|switch|p2a: Kommo-o|Kommo-o, F|17\/100\n|-damage|p2a: Kommo-o|11\/100|[from] Stealth Rock\n|-damage|p2a: Kommo-o|0 fnt|[from] Spikes\n|faint|p2a: Kommo-o\n|move|p1a: Rillaboom|U-turn|p2: Kommo-o|[notarget]\n|-fail|p1a: Rillaboom\n|\n|-heal|p1a: Rillaboom|50\/100|[from] Grassy Terrain\n|upkeep\n|\n|t:|1613293442\n|switch|p2a: Clefable|Clefable, M|100\/100\n|turn|24\n|\n|t:|1613293449\n|move|p1a: Rillaboom|U-turn|p2a: Clefable\n|-resisted|p2a: Clefable\n|-damage|p2a: Clefable|85\/100\n|\n|t:|1613293454\n|switch|p1a: Tapu Fini|Tapu Fini|57\/100|[from]move: U-turn\n|-damage|p1a: Tapu Fini|44\/100|[from] Stealth Rock\n|-fieldstart|move: Misty Terrain|[from] ability: Misty Surge|[of] p1a: Tapu Fini\n|move|p2a: Clefable|Moonblast|p1a: Tapu Fini\n|-damage|p1a: Tapu Fini|21\/100\n|-unboost|p1a: Tapu Fini|spa|1\n|\n|-heal|p1a: Tapu Fini|27\/100|[from] item: Leftovers\n|upkeep\n|turn|25\n|\n|t:|1613293465\n|move|p1a: Tapu Fini|Taunt|p2a: Clefable\n|-start|p2a: Clefable|move: Taunt\n|move|p2a: Clefable|Moonblast|p1a: Tapu Fini\n|-damage|p1a: Tapu Fini|4\/100\n|-unboost|p1a: Tapu Fini|spa|1\n|\n|-heal|p1a: Tapu Fini|10\/100|[from] item: Leftovers\n|upkeep\n|turn|26\n|\n|t:|1613293477\n|move|p1a: Tapu Fini|Scald|p2a: Clefable\n|-damage|p2a: Clefable|59\/100\n|move|p2a: Clefable|Moonblast|p1a: Tapu Fini\n|-damage|p1a: Tapu Fini|0 fnt\n|faint|p1a: Tapu Fini\n|\n|upkeep\n|\n|t:|1613293484\n|switch|p1a: Rillaboom|Rillaboom, M|50\/100\n|-damage|p1a: Rillaboom|38\/100|[from] Stealth Rock\n|-fieldstart|move: Grassy Terrain|[from] ability: Grassy Surge|[of] p1a: Rillaboom\n|turn|27\n|\n|t:|1613293489\n|switch|p2a: Hydreigon|Hydreigon, M|100\/100\n|-damage|p2a: Hydreigon|88\/100|[from] Stealth Rock\n|move|p1a: Rillaboom|Wood Hammer|p2a: Hydreigon\n|-resisted|p2a: Hydreigon\n|-damage|p2a: Hydreigon|13\/100\n|-damage|p1a: Rillaboom|14\/100|[from] Recoil\n|\n|-heal|p2a: Hydreigon|20\/100|[from] item: Leftovers\n|-heal|p1a: Rillaboom|20\/100|[from] Grassy Terrain\n|upkeep\n|turn|28\n|\n|t:|1613293503\n|switch|p1a: Blaziken|Blaziken, F|45\/100\n|-damage|p1a: Blaziken|33\/100|[from] Stealth Rock\n|move|p2a: Hydreigon|Dark Pulse|p1a: Blaziken\n|-resisted|p1a: Blaziken\n|-damage|p1a: Blaziken|0 fnt\n|faint|p1a: Blaziken\n|\n|-heal|p2a: Hydreigon|26\/100|[from] item: Leftovers\n|upkeep\n|\n|t:|1613293512\n|switch|p1a: Rillaboom|Rillaboom, M|20\/100\n|-damage|p1a: Rillaboom|8\/100|[from] Stealth Rock\n|turn|29\n|\n|t:|1613293517\n|move|p1a: Rillaboom|Grassy Glide|p2a: Hydreigon\n|-resisted|p2a: Hydreigon\n|-damage|p2a: Hydreigon|0 fnt\n|faint|p2a: Hydreigon\n|\n|-heal|p1a: Rillaboom|14\/100|[from] Grassy Terrain\n|upkeep\n|\n|t:|1613293522\n|switch|p2a: Slowking|Slowking-Galar, M|100\/100\n|-damage|p2a: Slowking|88\/100|[from] Stealth Rock\n|-damage|p2a: Slowking|76\/100|[from] Spikes\n|turn|30\n|\n|t:|1613293532\n|switch|p1a: Zeraora|Zeraora|100\/100\n|move|p2a: Slowking|Future Sight|p1a: Zeraora\n|-start|p2a: Slowking|move: Future Sight\n|\n|-heal|p2a: Slowking|82\/100|[from] Grassy Terrain\n|-heal|p2a: Slowking|88\/100|[from] item: Black Sludge\n|upkeep\n|turn|31\n|\n|t:|1613293541\n|switch|p2a: Landorus|Landorus-Therian, M|38\/100\n|-damage|p2a: Landorus|26\/100|[from] Stealth Rock\n|-ability|p2a: Landorus|Intimidate|boost\n|-unboost|p1a: Zeraora|atk|1\n|move|p1a: Zeraora|Knock Off|p2a: Landorus\n|-damage|p2a: Landorus|15\/100\n|\n|-fieldend|move: Grassy Terrain\n|upkeep\n|turn|32\n|\n|t:|1613293549\n|move|p1a: Zeraora|Blaze Kick|p2a: Landorus\n|-damage|p2a: Landorus|2\/100\n|-status|p2a: Landorus|brn\n|move|p2a: Landorus|Earthquake|p1a: Zeraora\n|-supereffective|p1a: Zeraora\n|-damage|p1a: Zeraora|33\/100\n|\n|-end|p1a: Zeraora|move: Future Sight\n|-damage|p1a: Zeraora|0 fnt\n|-damage|p2a: Landorus|0 fnt|[from] brn\n|faint|p1a: Zeraora\n|faint|p2a: Landorus\n|upkeep\n|\n|t:|1613293561\n|switch|p1a: Rillaboom|Rillaboom, M|14\/100\n|switch|p2a: Slowking|Slowking-Galar, M|100\/100\n|-damage|p1a: Rillaboom|2\/100|[from] Stealth Rock\n|-fieldstart|move: Grassy Terrain|[from] ability: Grassy Surge|[of] p1a: Rillaboom\n|-damage|p2a: Slowking|88\/100|[from] Stealth Rock\n|-damage|p2a: Slowking|76\/100|[from] Spikes\n|turn|33\n|\n|t:|1613293571\n|move|p1a: Rillaboom|Grassy Glide|p2a: Slowking\n|-resisted|p2a: Slowking\n|-damage|p2a: Slowking|35\/100\n|move|p2a: Slowking|Sludge Bomb|p1a: Rillaboom\n|-supereffective|p1a: Rillaboom\n|-damage|p1a: Rillaboom|0 fnt\n|faint|p1a: Rillaboom\n|\n|win|jordan829\n|l|\u2606Brifye\n|raw|Brifye's rating: 1399 &rarr; <strong>1378<\/strong><br \/>(-21 for losing)\n|raw|jordan829's rating: 1390 &rarr; <strong>1411<\/strong><br \/>(+21 for winning)\n","uploadtime":1613293581,"views":11,"p1id":"brifye","p2id":"jordan829","formatid":"gen8ou","rating":1378,"private":0,"password":null}