{"id":"gen8monotype-1289290156","p1":"X-Wing Fighter","p2":"bcham","format":"gen8monotype","log":"|j|\u2606X-Wing Fighter\n|j|\u2606bcham\n|t:|1614220530\n|player|p1|X-Wing Fighter|hilbert-dueldisk|\n|player|p2|bcham|marley|\n|teamsize|p1|6\n|teamsize|p2|6\n|gametype|singles\n|gen|8\n|tier|[Gen 8] Monotype\n|rated|Tournament battle\n|rule|Same Type Clause: Pok\u00e9mon in a team must share a type\n|clearpoke\n|poke|p1|Regieleki|\n|poke|p1|Tapu Koko|\n|poke|p1|Rotom-Wash|\n|poke|p1|Zapdos|\n|poke|p1|Zeraora|\n|poke|p1|Magnezone|\n|poke|p2|Toxapex, M|\n|poke|p2|Dracovish|\n|poke|p2|Suicune|\n|poke|p2|Swampert, M|\n|poke|p2|Vaporeon, F|\n|poke|p2|Slowbro, M|\n|rule|Sleep Clause Mod: Limit one foe put to sleep\n|rule|Species Clause: Limit one of each Pok\u00e9mon\n|rule|OHKO Clause: OHKO moves are banned\n|rule|Evasion Moves Clause: Evasion moves are banned\n|rule|Endless Battle Clause: Forcing endless battles is banned\n|rule|HP Percentage Mod: HP is shown in percentages\n|rule|Dynamax Clause: You cannot dynamax\n|teampreview\n|j|*Lady Monita\n|j| Judacha\n|c|\u2606bcham|end of the line for little old me huh?\n|c| Judacha|a\n|j| Dazelel\n|c|\u2606bcham|hf\n|c|\u2606X-Wing Fighter|hf bro\n|c|\u2606bcham|a good day for the blokes that pray for the downfall of stall\n|j| Anghult \u265e\n|\n|t:|1614220557\n|start\n|switch|p1a: Regieleki|Regieleki|100\/100\n|switch|p2a: Dimbis T. Cunning|Dracovish, shiny|100\/100\n|turn|1\n|j| 2v2LTS Rob\n|\n|t:|1614220561\n|switch|p2a: Girth Daddy|Swampert, M|100\/100\n|move|p1a: Regieleki|Thunderbolt|p2a: Girth Daddy\n|-immune|p2a: Girth Daddy\n|\n|upkeep\n|turn|2\n|\n|t:|1614220567\n|switch|p1a: Rotom|Rotom-Wash|100\/100\n|move|p2a: Girth Daddy|Stealth Rock|p1a: Rotom\n|-sidestart|p1: X-Wing Fighter|move: Stealth Rock\n|\n|upkeep\n|turn|3\n|c| Judacha|Dou\n|\n|t:|1614220571\n|switch|p2a: Martha|Vaporeon, F, shiny|100\/100\n|move|p1a: Rotom|Will-O-Wisp|p2a: Martha|[miss]\n|-miss|p1a: Rotom|p2a: Martha\n|\n|upkeep\n|turn|4\n|\n|t:|1614220575\n|move|p1a: Rotom|Volt Switch|p2a: Martha\n|-supereffective|p2a: Martha\n|-damage|p2a: Martha|72\/100\n|\n|t:|1614220577\n|switch|p1a: Zapdos|Zapdos|100\/100|[from]move: Volt Switch\n|move|p2a: Martha|Toxic|p1a: Zapdos\n|-status|p1a: Zapdos|tox\n|\n|-heal|p2a: Martha|78\/100|[from] item: Leftovers\n|-damage|p1a: Zapdos|94\/100 tox|[from] psn\n|upkeep\n|turn|5\n|\n|t:|1614220584\n|switch|p2a: Girth Daddy|Swampert, M|100\/100\n|move|p1a: Zapdos|Defog|p2a: Girth Daddy\n|-unboost|p2a: Girth Daddy|evasion|1\n|-sideend|p1: X-Wing Fighter|Stealth Rock|[from] move: Defog|[of] p1a: Zapdos\n|\n|-damage|p1a: Zapdos|82\/100 tox|[from] psn\n|upkeep\n|turn|6\n|c| Judacha|Dou\n|c| 2v2LTS Rob|wut\n|\n|t:|1614220589\n|switch|p1a: Rotom|Rotom-Wash|100\/100\n|move|p2a: Girth Daddy|Stealth Rock|p1a: Rotom\n|-sidestart|p1: X-Wing Fighter|move: Stealth Rock\n|\n|upkeep\n|turn|7\n|j|^HannahHeliolisk\n|\n|t:|1614220595\n|switch|p2a: Martha|Vaporeon, F, shiny|78\/100\n|move|p1a: Rotom|Will-O-Wisp|p2a: Martha|[miss]\n|-miss|p1a: Rotom|p2a: Martha\n|\n|-heal|p2a: Martha|84\/100|[from] item: Leftovers\n|upkeep\n|turn|8\n|\n|t:|1614220601\n|move|p1a: Rotom|Volt Switch|p2a: Martha\n|-supereffective|p2a: Martha\n|-damage|p2a: Martha|58\/100\n|c| Dazelel|ouch\n|c| Judacha|2 failed\n|c| Judacha|XD\n|\n|t:|1614220604\n|switch|p1a: Zapdos|Zapdos|82\/100 tox|[from]move: Volt Switch\n|move|p2a: Martha|Toxic|p1a: Zapdos\n|-fail|p1a: Zapdos|tox\n|\n|-heal|p2a: Martha|64\/100|[from] item: Leftovers\n|-damage|p1a: Zapdos|75\/100 tox|[from] psn\n|upkeep\n|turn|9\n|j| PHXCalamity\n|\n|t:|1614220610\n|move|p1a: Zapdos|Defog|p2a: Martha\n|-unboost|p2a: Martha|evasion|1\n|-sideend|p1: X-Wing Fighter|Stealth Rock|[from] move: Defog|[of] p1a: Zapdos\n|move|p2a: Martha|Wish|p2a: Martha\n|\n|-heal|p2a: Martha|70\/100|[from] item: Leftovers\n|-damage|p1a: Zapdos|63\/100 tox|[from] psn\n|upkeep\n|turn|10\n|c| Dazelel|time is a flat circle\n|\n|t:|1614220618\n|move|p1a: Zapdos|Roost|p1a: Zapdos\n|-heal|p1a: Zapdos|100\/100 tox\n|-singleturn|p1a: Zapdos|move: Roost\n|move|p2a: Martha|Toxic|p1a: Zapdos\n|-fail|p1a: Zapdos|tox\n|\n|-heal|p2a: Martha|100\/100|[from] move: Wish|[wisher] Martha\n|-damage|p1a: Zapdos|82\/100 tox|[from] psn\n|upkeep\n|turn|11\n|\n|t:|1614220625\n|move|p1a: Zapdos|Volt Switch|p2a: Martha\n|-supereffective|p2a: Martha\n|-damage|p2a: Martha|68\/100\n|\n|t:|1614220628\n|switch|p1a: Magnezone|Magnezone|100\/100|[from]move: Volt Switch\n|-item|p1a: Magnezone|Air Balloon\n|move|p2a: Martha|Toxic|p1a: Magnezone\n|-immune|p1a: Magnezone\n|\n|-heal|p2a: Martha|74\/100|[from] item: Leftovers\n|upkeep\n|turn|12\n|\n|t:|1614220635\n|move|p2a: Martha|Protect|p2a: Martha\n|-singleturn|p2a: Martha|Protect\n|move|p1a: Magnezone|Body Press|p2a: Martha\n|-activate|p2a: Martha|move: Protect\n|\n|-heal|p2a: Martha|80\/100|[from] item: Leftovers\n|upkeep\n|turn|13\n|c|\u2606bcham|huh\n|c|\u2606X-Wing Fighter|pert\n|c| Judacha|What\n|c| 2v2LTS Rob|this is why u need raichu alola smfh\n|c|\u2606X-Wing Fighter|idk why u protected\n|c|\u2606X-Wing Fighter|no\n|c| 2v2LTS Rob|for grass knot\n|c|\u2606bcham|i protect for information\n|c| 2v2LTS Rob|u dont need magnezone\n|\n|t:|1614220677\n|switch|p1a: Rotom|Rotom-Wash|100\/100\n|switch|p2a: Viggo Morgenstein|Toxapex, M|100\/100\n|\n|upkeep\n|turn|14\n|c|\u2606X-Wing Fighter|yes i do\n|\n|t:|1614220693\n|move|p1a: Rotom|Volt Switch|p2a: Viggo Morgenstein\n|-supereffective|p2a: Viggo Morgenstein\n|-damage|p2a: Viggo Morgenstein|57\/100\n|c|\u2606bcham|yeah dont patronize robert\n|c| 2v2LTS Rob|then whats ur answer for pert?\n|c|\u2606X-Wing Fighter|rotom wash\n|\n|t:|1614220726\n|switch|p1a: Zapdos|Zapdos|82\/100 tox|[from]move: Volt Switch\n|move|p2a: Viggo Morgenstein|Toxic Spikes|p1a: Zapdos\n|-sidestart|p1: X-Wing Fighter|move: Toxic Spikes\n|\n|-heal|p2a: Viggo Morgenstein|63\/100|[from] item: Black Sludge\n|-damage|p1a: Zapdos|75\/100 tox|[from] psn\n|upkeep\n|turn|15\n|c|\u2606bcham|i never thought i would see the day\n|c| 2v2LTS Rob|pain split smh\n|c|\u2606bcham|where i find an electric player without grass moves\n|\n|t:|1614220747\n|move|p1a: Zapdos|Defog|p2a: Viggo Morgenstein\n|-unboost|p2a: Viggo Morgenstein|evasion|1\n|-sideend|p1: X-Wing Fighter|Toxic Spikes|[from] move: Defog|[of] p1a: Zapdos\n|move|p2a: Viggo Morgenstein|Toxic Spikes|p1a: Zapdos\n|-sidestart|p1: X-Wing Fighter|move: Toxic Spikes\n|\n|-heal|p2a: Viggo Morgenstein|69\/100|[from] item: Black Sludge\n|-damage|p1a: Zapdos|63\/100 tox|[from] psn\n|upkeep\n|turn|16\n|\n|t:|1614220752\n|move|p1a: Zapdos|Volt Switch|p2a: Viggo Morgenstein\n|-supereffective|p2a: Viggo Morgenstein\n|-damage|p2a: Viggo Morgenstein|19\/100\n|\n|t:|1614220754\n|switch|p1a: Magnezone|Magnezone|100\/100|[from]move: Volt Switch\n|-item|p1a: Magnezone|Air Balloon\n|move|p2a: Viggo Morgenstein|Toxic Spikes|p1a: Magnezone\n|-sidestart|p1: X-Wing Fighter|move: Toxic Spikes\n|\n|-heal|p2a: Viggo Morgenstein|25\/100|[from] item: Black Sludge\n|upkeep\n|turn|17\n|\n|t:|1614220759\n|move|p2a: Viggo Morgenstein|Baneful Bunker|p2a: Viggo Morgenstein\n|-singleturn|p2a: Viggo Morgenstein|move: Protect\n|move|p1a: Magnezone|Substitute|p1a: Magnezone\n|-start|p1a: Magnezone|Substitute\n|-damage|p1a: Magnezone|76\/100\n|\n|-heal|p2a: Viggo Morgenstein|31\/100|[from] item: Black Sludge\n|upkeep\n|turn|18\n|\n|t:|1614220766\n|switch|p2a: Maeral|Suicune, shiny|100\/100\n|-ability|p2a: Maeral|Pressure\n|move|p1a: Magnezone|Iron Defense|p1a: Magnezone\n|-boost|p1a: Magnezone|def|2\n|\n|upkeep\n|turn|19\n|\n|t:|1614220772\n|move|p1a: Magnezone|Thunderbolt|p2a: Maeral\n|-supereffective|p2a: Maeral\n|-damage|p2a: Maeral|22\/100\n|move|p2a: Maeral|Roar|p1a: Magnezone\n|drag|p1a: Rotom|Rotom-Wash|100\/100\n|\n|upkeep\n|turn|20\n|\n|t:|1614220781\n|move|p1a: Rotom|Volt Switch|p2a: Maeral\n|-supereffective|p2a: Maeral\n|-damage|p2a: Maeral|0 fnt\n|faint|p2a: Maeral\n|c| Judacha|Bruh\n|j| Eeveekid10\n|\n|t:|1614220786\n|switch|p1a: Zapdos|Zapdos|63\/100 tox|[from]move: Volt Switch\n|\n|-damage|p1a: Zapdos|57\/100 tox|[from] psn\n|upkeep\n|\n|t:|1614220795\n|switch|p2a: Dimbis T. Cunning|Dracovish, shiny|100\/100\n|turn|21\n|c|\u2606bcham|im mad as hell now\n|\n|t:|1614220802\n|switch|p1a: Rotom|Rotom-Wash|100\/100\n|move|p2a: Dimbis T. Cunning|Fishious Rend|p1a: Rotom\n|-resisted|p1a: Rotom\n|-damage|p1a: Rotom|62\/100\n|\n|-heal|p1a: Rotom|69\/100|[from] item: Leftovers\n|upkeep\n|turn|22\n|l| Anghult \u265e\n|j| 0_0 Tmm2\n|c| Eeveekid10|Vaporeon uwu\n|\n|t:|1614220822\n|switch|p2a: Martha|Vaporeon, F, shiny|80\/100\n|move|p1a: Rotom|Will-O-Wisp|p2a: Martha\n|-status|p2a: Martha|brn\n|\n|-heal|p1a: Rotom|75\/100|[from] item: Leftovers\n|-heal|p2a: Martha|86\/100 brn|[from] item: Leftovers\n|-damage|p2a: Martha|80\/100 brn|[from] brn\n|upkeep\n|turn|23\n|\n|t:|1614220837\n|move|p1a: Rotom|Volt Switch|p2a: Martha\n|-supereffective|p2a: Martha\n|-damage|p2a: Martha|54\/100 brn\n|\n|t:|1614220840\n|switch|p1a: Magnezone|Magnezone|76\/100|[from]move: Volt Switch\n|-item|p1a: Magnezone|Air Balloon\n|move|p2a: Martha|Wish|p2a: Martha\n|\n|-heal|p2a: Martha|60\/100 brn|[from] item: Leftovers\n|-damage|p2a: Martha|54\/100 brn|[from] brn\n|upkeep\n|turn|24\n|\n|t:|1614220854\n|switch|p2a: Girth Daddy|Swampert, M|100\/100\n|move|p1a: Magnezone|Substitute|p1a: Magnezone\n|-start|p1a: Magnezone|Substitute\n|-damage|p1a: Magnezone|51\/100\n|\n|upkeep\n|turn|25\n|\n|t:|1614220861\n|move|p1a: Magnezone|Body Press|p2a: Girth Daddy\n|-damage|p2a: Girth Daddy|82\/100\n|move|p2a: Girth Daddy|Roar|p1a: Magnezone\n|drag|p1a: Zeraora|Zeraora|100\/100\n|-status|p1a: Zeraora|tox\n|\n|-heal|p2a: Girth Daddy|88\/100|[from] item: Leftovers\n|-damage|p1a: Zeraora|95\/100 tox|[from] psn\n|upkeep\n|turn|26\n|\n|t:|1614220872\n|switch|p1a: Rotom|Rotom-Wash|75\/100\n|move|p2a: Girth Daddy|Earthquake|p1a: Rotom\n|-immune|p1a: Rotom|[from] ability: Levitate\n|\n|-heal|p1a: Rotom|81\/100|[from] item: Leftovers\n|-heal|p2a: Girth Daddy|94\/100|[from] item: Leftovers\n|upkeep\n|turn|27\n|\n|t:|1614220883\n|move|p1a: Rotom|Will-O-Wisp|p2a: Girth Daddy\n|-status|p2a: Girth Daddy|brn\n|move|p2a: Girth Daddy|Roar|p1a: Rotom\n|drag|p1a: Zeraora|Zeraora|95\/100 tox\n|\n|-heal|p2a: Girth Daddy|100\/100 brn|[from] item: Leftovers\n|-damage|p1a: Zeraora|89\/100 tox|[from] psn\n|-damage|p2a: Girth Daddy|94\/100 brn|[from] brn\n|upkeep\n|turn|28\n|\n|t:|1614220892\n|switch|p1a: Rotom|Rotom-Wash|81\/100\n|move|p2a: Girth Daddy|Roar|p1a: Rotom\n|drag|p1a: Regieleki|Regieleki|100\/100\n|-status|p1a: Regieleki|tox\n|\n|-heal|p2a: Girth Daddy|100\/100 brn|[from] item: Leftovers\n|-damage|p1a: Regieleki|95\/100 tox|[from] psn\n|-damage|p2a: Girth Daddy|94\/100 brn|[from] brn\n|upkeep\n|turn|29\n|c|\u2606X-Wing Fighter|ugh\n|\n|t:|1614220900\n|switch|p1a: Magnezone|Magnezone|51\/100\n|-item|p1a: Magnezone|Air Balloon\n|move|p2a: Girth Daddy|Roar|p1a: Magnezone\n|drag|p1a: Zapdos|Zapdos|57\/100 tox\n|\n|-heal|p2a: Girth Daddy|100\/100 brn|[from] item: Leftovers\n|-damage|p1a: Zapdos|50\/100 tox|[from] psn\n|-damage|p2a: Girth Daddy|94\/100 brn|[from] brn\n|upkeep\n|turn|30\n|c|\u2606bcham|this is very funny to me\n|\n|t:|1614220912\n|move|p1a: Zapdos|Defog|p2a: Girth Daddy\n|-unboost|p2a: Girth Daddy|evasion|1\n|-sideend|p1: X-Wing Fighter|Toxic Spikes|[from] move: Defog|[of] p1a: Zapdos\n|move|p2a: Girth Daddy|Earthquake|p1a: Zapdos\n|-immune|p1a: Zapdos\n|\n|-heal|p2a: Girth Daddy|100\/100 brn|[from] item: Leftovers\n|-damage|p1a: Zapdos|38\/100 tox|[from] psn\n|-damage|p2a: Girth Daddy|94\/100 brn|[from] brn\n|upkeep\n|turn|31\n|\n|t:|1614220918\n|switch|p1a: Rotom|Rotom-Wash|81\/100\n|move|p2a: Girth Daddy|Earthquake|p1a: Rotom\n|-immune|p1a: Rotom|[from] ability: Levitate\n|\n|-heal|p1a: Rotom|87\/100|[from] item: Leftovers\n|-heal|p2a: Girth Daddy|100\/100 brn|[from] item: Leftovers\n|-damage|p2a: Girth Daddy|94\/100 brn|[from] brn\n|upkeep\n|turn|32\n|\n|t:|1614220926\n|switch|p2a: Viggo Morgenstein|Toxapex, M|65\/100\n|move|p1a: Rotom|Volt Switch|p2a: Viggo Morgenstein\n|-supereffective|p2a: Viggo Morgenstein\n|-damage|p2a: Viggo Morgenstein|26\/100\n|\n|t:|1614220931\n|switch|p1a: Zeraora|Zeraora|89\/100 tox|[from]move: Volt Switch\n|\n|-heal|p2a: Viggo Morgenstein|32\/100|[from] item: Black Sludge\n|-damage|p1a: Zeraora|83\/100 tox|[from] psn\n|upkeep\n|turn|33\n|\n|t:|1614220934\n|move|p2a: Viggo Morgenstein|Baneful Bunker|p2a: Viggo Morgenstein\n|-singleturn|p2a: Viggo Morgenstein|move: Protect\n|move|p1a: Zeraora|Knock Off|p2a: Viggo Morgenstein\n|-activate|p2a: Viggo Morgenstein|move: Protect\n|\n|-heal|p2a: Viggo Morgenstein|38\/100|[from] item: Black Sludge\n|-damage|p1a: Zeraora|71\/100 tox|[from] psn\n|upkeep\n|turn|34\n|c| Eeveekid10|XD\n|\n|t:|1614220947\n|move|p1a: Zeraora|Knock Off|p2a: Viggo Morgenstein\n|-damage|p2a: Viggo Morgenstein|9\/100\n|-enditem|p2a: Viggo Morgenstein|Black Sludge|[from] move: Knock Off|[of] p1a: Zeraora\n|move|p2a: Viggo Morgenstein|Recover|p2a: Viggo Morgenstein\n|-heal|p2a: Viggo Morgenstein|60\/100\n|\n|-damage|p1a: Zeraora|53\/100 tox|[from] psn\n|upkeep\n|turn|35\n|\n|t:|1614220953\n|switch|p1a: Magnezone|Magnezone|51\/100\n|-item|p1a: Magnezone|Air Balloon\n|move|p2a: Viggo Morgenstein|Baneful Bunker||[still]\n|-fail|p2a: Viggo Morgenstein\n|\n|upkeep\n|turn|36\n|j| antics.EXE\n|\n|t:|1614220975\n|switch|p2a: Girth Daddy|Swampert, M|94\/100 brn\n|move|p1a: Magnezone|Substitute|p1a: Magnezone\n|-start|p1a: Magnezone|Substitute\n|-damage|p1a: Magnezone|26\/100\n|\n|-heal|p2a: Girth Daddy|100\/100 brn|[from] item: Leftovers\n|-damage|p2a: Girth Daddy|94\/100 brn|[from] brn\n|upkeep\n|turn|37\n|\n|t:|1614220979\n|move|p1a: Magnezone|Body Press|p2a: Girth Daddy\n|-damage|p2a: Girth Daddy|76\/100 brn\n|move|p2a: Girth Daddy|Roar|p1a: Magnezone\n|drag|p1a: Zeraora|Zeraora|53\/100 tox\n|\n|-heal|p2a: Girth Daddy|82\/100 brn|[from] item: Leftovers\n|-damage|p1a: Zeraora|47\/100 tox|[from] psn\n|-damage|p2a: Girth Daddy|76\/100 brn|[from] brn\n|upkeep\n|turn|38\n|\n|t:|1614220984\n|switch|p1a: Rotom|Rotom-Wash|87\/100\n|move|p2a: Girth Daddy|Stealth Rock|p1a: Rotom\n|-sidestart|p1: X-Wing Fighter|move: Stealth Rock\n|\n|-heal|p1a: Rotom|94\/100|[from] item: Leftovers\n|-heal|p2a: Girth Daddy|82\/100 brn|[from] item: Leftovers\n|-damage|p2a: Girth Daddy|76\/100 brn|[from] brn\n|upkeep\n|turn|39\n|\n|t:|1614220993\n|switch|p2a: Martha|Vaporeon, F, shiny|54\/100 brn\n|move|p1a: Rotom|Hydro Pump|p2a: Martha\n|-heal|p2a: Martha|79\/100 brn|[from] ability: Water Absorb|[of] p1a: Rotom\n|\n|-heal|p1a: Rotom|99\/100|[from] item: Leftovers\n|-heal|p2a: Martha|85\/100 brn|[from] item: Leftovers\n|-damage|p2a: Martha|79\/100 brn|[from] brn\n|upkeep\n|turn|40\n|c| Eeveekid10|What the\n|c| Dazelel|This is still going damn\n|l| antics.EXE\n|c| Eeveekid10|Also vaporeon uwu\n|\n|t:|1614221012\n|move|p1a: Rotom|Volt Switch|p2a: Martha\n|-supereffective|p2a: Martha\n|-damage|p2a: Martha|54\/100 brn\n|j| regirockisregisad\n|\n|t:|1614221016\n|switch|p1a: Zapdos|Zapdos|38\/100 tox|[from]move: Volt Switch\n|move|p2a: Martha|Wish|p2a: Martha\n|\n|-heal|p2a: Martha|60\/100 brn|[from] item: Leftovers\n|-damage|p1a: Zapdos|32\/100 tox|[from] psn\n|-damage|p2a: Martha|54\/100 brn|[from] brn\n|upkeep\n|turn|41\n|\n|t:|1614221021\n|move|p2a: Martha|Protect|p2a: Martha\n|-singleturn|p2a: Martha|Protect\n|move|p1a: Zapdos|Roost|p1a: Zapdos\n|-heal|p1a: Zapdos|82\/100 tox\n|-singleturn|p1a: Zapdos|move: Roost\n|\n|-heal|p2a: Martha|100\/100 brn|[from] move: Wish|[wisher] Martha\n|-damage|p1a: Zapdos|69\/100 tox|[from] psn\n|-damage|p2a: Martha|94\/100 brn|[from] brn\n|upkeep\n|turn|42\n|\n|t:|1614221046\n|switch|p2a: Girth Daddy|Swampert, M|76\/100 brn\n|move|p1a: Zapdos|Defog|p2a: Girth Daddy\n|-unboost|p2a: Girth Daddy|evasion|1\n|-sideend|p1: X-Wing Fighter|Stealth Rock|[from] move: Defog|[of] p1a: Zapdos\n|\n|-heal|p2a: Girth Daddy|82\/100 brn|[from] item: Leftovers\n|-damage|p1a: Zapdos|50\/100 tox|[from] psn\n|-damage|p2a: Girth Daddy|76\/100 brn|[from] brn\n|upkeep\n|turn|43\n|\n|t:|1614221059\n|switch|p1a: Rotom|Rotom-Wash|99\/100\n|move|p2a: Girth Daddy|Waterfall|p1a: Rotom\n|-resisted|p1a: Rotom\n|-damage|p1a: Rotom|91\/100\n|\n|-heal|p1a: Rotom|98\/100|[from] item: Leftovers\n|-heal|p2a: Girth Daddy|82\/100 brn|[from] item: Leftovers\n|-damage|p2a: Girth Daddy|76\/100 brn|[from] brn\n|upkeep\n|turn|44\n|c| Eeveekid10|Defog thunder pog\n|j| KingPanTheMan\n|\n|t:|1614221071\n|switch|p2a: Beff Jezos|Slowbro, M, shiny|100\/100\n|move|p1a: Rotom|Volt Switch|p2a: Beff Jezos\n|-supereffective|p2a: Beff Jezos\n|-damage|p2a: Beff Jezos|48\/100\n|\n|t:|1614221075\n|switch|p1a: Tapu Koko|Tapu Koko|100\/100|[from]move: Volt Switch\n|-fieldstart|move: Electric Terrain|[from] ability: Electric Surge|[of] p1a: Tapu Koko\n|\n|-heal|p2a: Beff Jezos|54\/100|[from] item: Leftovers\n|upkeep\n|turn|45\n|c| 2v2LTS Rob|beff jezos kek\n|\n|t:|1614221085\n|switch|p2a: Girth Daddy|Swampert, M|76\/100 brn\n|move|p1a: Tapu Koko|U-turn|p2a: Girth Daddy\n|-damage|p2a: Girth Daddy|61\/100 brn\n|\n|t:|1614221089\n|switch|p1a: Rotom|Rotom-Wash|98\/100|[from]move: U-turn\n|\n|-heal|p1a: Rotom|100\/100|[from] item: Leftovers\n|-heal|p2a: Girth Daddy|67\/100 brn|[from] item: Leftovers\n|-damage|p2a: Girth Daddy|61\/100 brn|[from] brn\n|upkeep\n|turn|46\n|\n|t:|1614221095\n|switch|p2a: Martha|Vaporeon, F, shiny|94\/100 brn\n|move|p1a: Rotom|Hydro Pump|p2a: Martha\n|-heal|p2a: Martha|100\/100 brn|[from] ability: Water Absorb|[of] p1a: Rotom\n|\n|-damage|p2a: Martha|94\/100 brn|[from] brn\n|upkeep\n|turn|47\n|\n|t:|1614221100\n|move|p1a: Rotom|Volt Switch|p2a: Martha\n|-supereffective|p2a: Martha\n|-damage|p2a: Martha|67\/100 brn\n|\n|t:|1614221104\n|switch|p1a: Zapdos|Zapdos|50\/100 tox|[from]move: Volt Switch\n|move|p2a: Martha|Wish|p2a: Martha\n|\n|-heal|p2a: Martha|73\/100 brn|[from] item: Leftovers\n|-damage|p1a: Zapdos|44\/100 tox|[from] psn\n|-damage|p2a: Martha|67\/100 brn|[from] brn\n|upkeep\n|turn|48\n|\n|t:|1614221109\n|switch|p2a: Girth Daddy|Swampert, M|61\/100 brn\n|move|p1a: Zapdos|Roost|p1a: Zapdos\n|-heal|p1a: Zapdos|94\/100 tox\n|-singleturn|p1a: Zapdos|move: Roost\n|\n|-heal|p2a: Girth Daddy|100\/100 brn|[from] move: Wish|[wisher] Martha\n|-damage|p1a: Zapdos|82\/100 tox|[from] psn\n|-damage|p2a: Girth Daddy|94\/100 brn|[from] brn\n|-fieldend|move: Electric Terrain\n|upkeep\n|turn|49\n|\n|t:|1614221117\n|switch|p1a: Rotom|Rotom-Wash|100\/100\n|move|p2a: Girth Daddy|Stealth Rock|p1a: Rotom\n|-sidestart|p1: X-Wing Fighter|move: Stealth Rock\n|\n|-heal|p2a: Girth Daddy|100\/100 brn|[from] item: Leftovers\n|-damage|p2a: Girth Daddy|94\/100 brn|[from] brn\n|upkeep\n|turn|50\n|\n|t:|1614221126\n|switch|p2a: Viggo Morgenstein|Toxapex, M|93\/100\n|move|p1a: Rotom|Volt Switch|p2a: Viggo Morgenstein\n|-supereffective|p2a: Viggo Morgenstein\n|-damage|p2a: Viggo Morgenstein|49\/100\n|\n|t:|1614221136\n|switch|p1a: Tapu Koko|Tapu Koko|100\/100|[from]move: Volt Switch\n|-fieldstart|move: Electric Terrain|[from] ability: Electric Surge|[of] p1a: Tapu Koko\n|\n|upkeep\n|turn|51\n|\n|t:|1614221141\n|move|p2a: Viggo Morgenstein|Baneful Bunker|p2a: Viggo Morgenstein\n|-singleturn|p2a: Viggo Morgenstein|move: Protect\n|move|p1a: Tapu Koko|U-turn|p2a: Viggo Morgenstein\n|-activate|p2a: Viggo Morgenstein|move: Protect\n|-status|p1a: Tapu Koko|psn\n|\n|-damage|p1a: Tapu Koko|88\/100 psn|[from] psn\n|upkeep\n|turn|52\n|c|\u2606bcham|boots on the tapu koko\n|\n|t:|1614221152\n|switch|p2a: Beff Jezos|Slowbro, M, shiny|88\/100\n|move|p1a: Tapu Koko|Thunderbolt|p2a: Beff Jezos\n|-supereffective|p2a: Beff Jezos\n|-damage|p2a: Beff Jezos|0 fnt\n|faint|p2a: Beff Jezos\n|\n|-damage|p1a: Tapu Koko|76\/100 psn|[from] psn\n|upkeep\n|c|\u2606X-Wing Fighter|yes\n|\n|t:|1614221169\n|switch|p2a: Dimbis T. Cunning|Dracovish, shiny|100\/100\n|turn|53\n|\n|t:|1614221178\n|switch|p1a: Rotom|Rotom-Wash|100\/100\n|-damage|p1a: Rotom|88\/100|[from] Stealth Rock\n|move|p2a: Dimbis T. Cunning|Crunch|p1a: Rotom\n|-damage|p1a: Rotom|61\/100\n|\n|-heal|p1a: Rotom|68\/100|[from] item: Leftovers\n|upkeep\n|turn|54\n|\n|t:|1614221189\n|switch|p2a: Girth Daddy|Swampert, M|94\/100 brn\n|move|p1a: Rotom|Pain Split|p2a: Girth Daddy\n|-sethp|p2a: Girth Daddy|73\/100 brn|[from] move: Pain Split|[silent]\n|-sethp|p1a: Rotom|96\/100|[from] move: Pain Split\n|\n|-heal|p1a: Rotom|100\/100|[from] item: Leftovers\n|-heal|p2a: Girth Daddy|79\/100 brn|[from] item: Leftovers\n|-damage|p2a: Girth Daddy|73\/100 brn|[from] brn\n|-fieldend|move: Electric Terrain\n|upkeep\n|turn|55\n|\n|t:|1614221197\n|switch|p2a: Viggo Morgenstein|Toxapex, M|82\/100\n|move|p1a: Rotom|Volt Switch|p2a: Viggo Morgenstein\n|-supereffective|p2a: Viggo Morgenstein\n|-damage|p2a: Viggo Morgenstein|40\/100\n|\n|t:|1614221203\n|switch|p1a: Tapu Koko|Tapu Koko|76\/100 psn|[from]move: Volt Switch\n|-fieldstart|move: Electric Terrain|[from] ability: Electric Surge|[of] p1a: Tapu Koko\n|\n|-damage|p1a: Tapu Koko|63\/100 psn|[from] psn\n|upkeep\n|turn|56\n|c|\u2606bcham|i think u win this\n|\n|t:|1614221211\n|move|p2a: Viggo Morgenstein|Baneful Bunker|p2a: Viggo Morgenstein\n|-singleturn|p2a: Viggo Morgenstein|move: Protect\n|move|p1a: Tapu Koko|Roost|p1a: Tapu Koko\n|-heal|p1a: Tapu Koko|100\/100 psn\n|-singleturn|p1a: Tapu Koko|move: Roost\n|\n|-damage|p1a: Tapu Koko|88\/100 psn|[from] psn\n|upkeep\n|turn|57\n|c|\u2606X-Wing Fighter|lets see\n|c|\u2606X-Wing Fighter|ur doing rlly good for mono water\n|c|\u2606bcham|that i am\n|\n|t:|1614221231\n|switch|p2a: Girth Daddy|Swampert, M|73\/100 brn\n|move|p1a: Tapu Koko|Dazzling Gleam|p2a: Girth Daddy\n|-damage|p2a: Girth Daddy|39\/100 brn\n|\n|-heal|p2a: Girth Daddy|45\/100 brn|[from] item: Leftovers\n|-damage|p1a: Tapu Koko|76\/100 psn|[from] psn\n|-damage|p2a: Girth Daddy|39\/100 brn|[from] brn\n|upkeep\n|turn|58\n|c| Eeveekid10|Roost what the-\n|\n|t:|1614221241\n|move|p1a: Tapu Koko|U-turn|p2a: Girth Daddy\n|-damage|p2a: Girth Daddy|23\/100 brn\n|\n|t:|1614221243\n|switch|p1a: Rotom|Rotom-Wash|100\/100|[from]move: U-turn\n|-damage|p1a: Rotom|88\/100|[from] Stealth Rock\n|move|p2a: Girth Daddy|Earthquake|p1a: Rotom\n|-immune|p1a: Rotom|[from] ability: Levitate\n|\n|-heal|p1a: Rotom|94\/100|[from] item: Leftovers\n|-heal|p2a: Girth Daddy|29\/100 brn|[from] item: Leftovers\n|-damage|p2a: Girth Daddy|23\/100 brn|[from] brn\n|upkeep\n|turn|59\n|\n|t:|1614221249\n|move|p1a: Rotom|Volt Switch|p2a: Girth Daddy\n|-immune|p2a: Girth Daddy\n|move|p2a: Girth Daddy|Roar|p1a: Rotom\n|drag|p1a: Tapu Koko|Tapu Koko|76\/100 psn\n|\n|-heal|p2a: Girth Daddy|29\/100 brn|[from] item: Leftovers\n|-damage|p1a: Tapu Koko|63\/100 psn|[from] psn\n|-damage|p2a: Girth Daddy|23\/100 brn|[from] brn\n|-fieldend|move: Electric Terrain\n|upkeep\n|turn|60\n|\n|t:|1614221260\n|switch|p2a: Viggo Morgenstein|Toxapex, M|74\/100\n|move|p1a: Tapu Koko|Dazzling Gleam|p2a: Viggo Morgenstein\n|-resisted|p2a: Viggo Morgenstein\n|-damage|p2a: Viggo Morgenstein|60\/100\n|\n|-damage|p1a: Tapu Koko|51\/100 psn|[from] psn\n|upkeep\n|turn|61\n|\n|t:|1614221267\n|move|p2a: Viggo Morgenstein|Baneful Bunker|p2a: Viggo Morgenstein\n|-singleturn|p2a: Viggo Morgenstein|move: Protect\n|move|p1a: Tapu Koko|Roost|p1a: Tapu Koko\n|-heal|p1a: Tapu Koko|100\/100 psn\n|-singleturn|p1a: Tapu Koko|move: Roost\n|\n|-damage|p1a: Tapu Koko|88\/100 psn|[from] psn\n|upkeep\n|turn|62\n|j|%Mossy Sandwich\n|\n|t:|1614221278\n|move|p1a: Tapu Koko|Dazzling Gleam|p2a: Viggo Morgenstein\n|-resisted|p2a: Viggo Morgenstein\n|-damage|p2a: Viggo Morgenstein|47\/100\n|move|p2a: Viggo Morgenstein|Toxic Spikes|p1a: Tapu Koko\n|-sidestart|p1: X-Wing Fighter|move: Toxic Spikes\n|\n|-damage|p1a: Tapu Koko|76\/100 psn|[from] psn\n|upkeep\n|turn|63\n|\n|t:|1614221287\n|switch|p1a: Zapdos|Zapdos|82\/100 tox\n|switch|p2a: Girth Daddy|Swampert, M|23\/100 brn\n|\n|-heal|p2a: Girth Daddy|29\/100 brn|[from] item: Leftovers\n|-damage|p1a: Zapdos|75\/100 tox|[from] psn\n|-damage|p2a: Girth Daddy|23\/100 brn|[from] brn\n|upkeep\n|turn|64\n|l| 2v2LTS Rob\n|l|%Mossy Sandwich\n|\n|t:|1614221301\n|move|p1a: Zapdos|Volt Switch|p2a: Girth Daddy\n|-immune|p2a: Girth Daddy\n|move|p2a: Girth Daddy|Waterfall|p1a: Zapdos\n|-damage|p1a: Zapdos|55\/100 tox\n|\n|-heal|p2a: Girth Daddy|29\/100 brn|[from] item: Leftovers\n|-damage|p1a: Zapdos|42\/100 tox|[from] psn\n|-damage|p2a: Girth Daddy|23\/100 brn|[from] brn\n|upkeep\n|turn|65\n|\n|t:|1614221313\n|move|p1a: Zapdos|Roost|p1a: Zapdos\n|-heal|p1a: Zapdos|92\/100 tox\n|-singleturn|p1a: Zapdos|move: Roost\n|move|p2a: Girth Daddy|Waterfall|p1a: Zapdos\n|-damage|p1a: Zapdos|72\/100 tox\n|\n|-heal|p2a: Girth Daddy|29\/100 brn|[from] item: Leftovers\n|-damage|p1a: Zapdos|53\/100 tox|[from] psn\n|-damage|p2a: Girth Daddy|23\/100 brn|[from] brn\n|upkeep\n|turn|66\n|\n|t:|1614221332\n|switch|p1a: Rotom|Rotom-Wash|94\/100\n|-damage|p1a: Rotom|82\/100|[from] Stealth Rock\n|move|p2a: Girth Daddy|Waterfall|p1a: Rotom\n|-resisted|p1a: Rotom\n|-damage|p1a: Rotom|74\/100\n|\n|-heal|p1a: Rotom|80\/100|[from] item: Leftovers\n|-heal|p2a: Girth Daddy|29\/100 brn|[from] item: Leftovers\n|-damage|p2a: Girth Daddy|23\/100 brn|[from] brn\n|upkeep\n|turn|67\n|\n|t:|1614221346\n|move|p1a: Rotom|Hydro Pump|p2a: Girth Daddy|[miss]\n|-miss|p1a: Rotom|p2a: Girth Daddy\n|move|p2a: Girth Daddy|Waterfall|p1a: Rotom\n|-resisted|p1a: Rotom\n|-damage|p1a: Rotom|73\/100\n|\n|-heal|p1a: Rotom|79\/100|[from] item: Leftovers\n|-heal|p2a: Girth Daddy|29\/100 brn|[from] item: Leftovers\n|-damage|p2a: Girth Daddy|23\/100 brn|[from] brn\n|upkeep\n|turn|68\n|c| Eeveekid10|Also why not jolteon :(\n|\n|t:|1614221352\n|switch|p2a: Martha|Vaporeon, F, shiny|67\/100 brn\n|move|p1a: Rotom|Volt Switch|p2a: Martha\n|-supereffective|p2a: Martha\n|-damage|p2a: Martha|38\/100 brn\n|c| Judacha|What\n|j| MyNameBr123\n|c|\u2606X-Wing Fighter|jolteon sucks lmfao\n|c| Judacha|Not finished?\n|c| Judacha|Bruh pp stall\n|\n|t:|1614221375\n|switch|p1a: Tapu Koko|Tapu Koko|76\/100 psn|[from]move: Volt Switch\n|-fieldstart|move: Electric Terrain|[from] ability: Electric Surge|[of] p1a: Tapu Koko\n|\n|-heal|p2a: Martha|44\/100 brn|[from] item: Leftovers\n|-damage|p1a: Tapu Koko|63\/100 psn|[from] psn\n|-damage|p2a: Martha|38\/100 brn|[from] brn\n|upkeep\n|turn|69\n|c|\u2606bcham|the eevee enthusiast who is not satisfied with the rare vaporeon\n|c| Eeveekid10|Well then........go on\n|\n|t:|1614221391\n|move|p2a: Martha|Protect|p2a: Martha\n|-singleturn|p2a: Martha|Protect\n|move|p1a: Tapu Koko|Thunderbolt|p2a: Martha\n|-activate|p2a: Martha|move: Protect\n|\n|-heal|p2a: Martha|44\/100 brn|[from] item: Leftovers\n|-damage|p1a: Tapu Koko|51\/100 psn|[from] psn\n|-damage|p2a: Martha|38\/100 brn|[from] brn\n|upkeep\n|turn|70\n|\n|t:|1614221406\n|move|p1a: Tapu Koko|Thunderbolt|p2a: Martha\n|-supereffective|p2a: Martha\n|-damage|p2a: Martha|0 fnt\n|faint|p2a: Martha\n|\n|-damage|p1a: Tapu Koko|38\/100 psn|[from] psn\n|upkeep\n|c| Judacha|Bruh\n|\n|t:|1614221415\n|switch|p2a: Dimbis T. Cunning|Dracovish, shiny|100\/100\n|turn|71\n|\n|t:|1614221421\n|switch|p1a: Magnezone|Magnezone|26\/100\n|-damage|p1a: Magnezone|20\/100|[from] Stealth Rock\n|-item|p1a: Magnezone|Air Balloon\n|move|p2a: Dimbis T. Cunning|Fishious Rend|p1a: Magnezone\n|-damage|p1a: Magnezone|0 fnt\n|-enditem|p1a: Magnezone|Air Balloon\n|faint|p1a: Magnezone\n|\n|upkeep\n|\n|t:|1614221426\n|switch|p1a: Rotom|Rotom-Wash|79\/100\n|-damage|p1a: Rotom|66\/100|[from] Stealth Rock\n|turn|72\n|\n|t:|1614221441\n|move|p2a: Dimbis T. Cunning|Fishious Rend|p1a: Rotom\n|-resisted|p1a: Rotom\n|-damage|p1a: Rotom|27\/100\n|move|p1a: Rotom|Hydro Pump|p2a: Dimbis T. Cunning\n|-resisted|p2a: Dimbis T. Cunning\n|-damage|p2a: Dimbis T. Cunning|89\/100\n|\n|-heal|p1a: Rotom|33\/100|[from] item: Leftovers\n|-fieldend|move: Electric Terrain\n|upkeep\n|turn|73\n|\n|t:|1614221449\n|switch|p1a: Zapdos|Zapdos|53\/100 tox\n|move|p2a: Dimbis T. Cunning|Fishious Rend|p1a: Zapdos\n|-damage|p1a: Zapdos|0 fnt\n|-status|p2a: Dimbis T. Cunning|par|[from] ability: Static|[of] p1a: Zapdos\n|faint|p1a: Zapdos\n|\n|upkeep\n|\n|t:|1614221455\n|switch|p1a: Rotom|Rotom-Wash|33\/100\n|-damage|p1a: Rotom|21\/100|[from] Stealth Rock\n|turn|74\n|c|\u2606bcham|NOOOWOOWKAF\n|c| Judacha|Whatt\n|\n|t:|1614221459\n|move|p1a: Rotom|Pain Split|p2a: Dimbis T. Cunning\n|-sethp|p2a: Dimbis T. Cunning|54\/100 par|[from] move: Pain Split|[silent]\n|-sethp|p1a: Rotom|57\/100|[from] move: Pain Split\n|cant|p2a: Dimbis T. Cunning|par\n|\n|-heal|p1a: Rotom|63\/100|[from] item: Leftovers\n|upkeep\n|turn|75\n|c|\u2606X-Wing Fighter|:)\n|c| Judacha|Bruhh\n|\n|t:|1614221470\n|move|p1a: Rotom|Volt Switch|p2a: Dimbis T. Cunning\n|-damage|p2a: Dimbis T. Cunning|25\/100 par\n|c| Eeveekid10|Should have got heal bell\n|c|\u2606bcham|i do have heal bell\n|\n|t:|1614221489\n|switch|p1a: Zeraora|Zeraora|47\/100 tox|[from]move: Volt Switch\n|-damage|p1a: Zeraora|34\/100 tox|[from] Stealth Rock\n|move|p2a: Dimbis T. Cunning|Fishious Rend|p1a: Zeraora\n|-damage|p1a: Zeraora|0 fnt\n|faint|p1a: Zeraora\n|\n|upkeep\n|\n|t:|1614221493\n|switch|p1a: Rotom|Rotom-Wash|63\/100\n|-damage|p1a: Rotom|51\/100|[from] Stealth Rock\n|turn|76\n|c|\u2606bcham|they are just good at keeping pace and being fairly unpredictable\n|j| Vacave\n|\n|t:|1614221507\n|switch|p2a: Viggo Morgenstein|Toxapex, M|80\/100\n|move|p1a: Rotom|Volt Switch|p2a: Viggo Morgenstein\n|-supereffective|p2a: Viggo Morgenstein\n|-damage|p2a: Viggo Morgenstein|35\/100\n|\n|t:|1614221512\n|switch|p1a: Tapu Koko|Tapu Koko|38\/100 psn|[from]move: Volt Switch\n|-fieldstart|move: Electric Terrain|[from] ability: Electric Surge|[of] p1a: Tapu Koko\n|\n|-damage|p1a: Tapu Koko|26\/100 psn|[from] psn\n|upkeep\n|turn|77\n|\n|t:|1614221520\n|move|p1a: Tapu Koko|Roost|p1a: Tapu Koko\n|-heal|p1a: Tapu Koko|76\/100 psn\n|-singleturn|p1a: Tapu Koko|move: Roost\n|move|p2a: Viggo Morgenstein|Recover|p2a: Viggo Morgenstein\n|-heal|p2a: Viggo Morgenstein|85\/100\n|\n|-damage|p1a: Tapu Koko|63\/100 psn|[from] psn\n|upkeep\n|turn|78\n|\n|t:|1614221526\n|move|p2a: Viggo Morgenstein|Baneful Bunker|p2a: Viggo Morgenstein\n|-singleturn|p2a: Viggo Morgenstein|move: Protect\n|move|p1a: Tapu Koko|Roost|p1a: Tapu Koko\n|-heal|p1a: Tapu Koko|100\/100 psn\n|-singleturn|p1a: Tapu Koko|move: Roost\n|\n|-damage|p1a: Tapu Koko|88\/100 psn|[from] psn\n|upkeep\n|turn|79\n|c| Eeveekid10|Heavy duty boots?\n|c|\u2606X-Wing Fighter|ye\n|c|\u2606bcham|many of them do it for some god damn reason\n|\n|t:|1614221540\n|move|p1a: Tapu Koko|Thunderbolt|p2a: Viggo Morgenstein\n|-supereffective|p2a: Viggo Morgenstein\n|-damage|p2a: Viggo Morgenstein|5\/100\n|move|p2a: Viggo Morgenstein|Recover|p2a: Viggo Morgenstein\n|-heal|p2a: Viggo Morgenstein|55\/100\n|\n|-damage|p1a: Tapu Koko|76\/100 psn|[from] psn\n|upkeep\n|turn|80\n|c| Eeveekid10|Hmm\n|c| Dazelel|I'm just surprised that it's been measure for measure this entire time\n|c| Judacha|Bruh\n|\n|t:|1614221549\n|switch|p2a: Girth Daddy|Swampert, M|23\/100 brn\n|move|p1a: Tapu Koko|Thunderbolt|p2a: Girth Daddy\n|-immune|p2a: Girth Daddy\n|\n|-heal|p2a: Girth Daddy|29\/100 brn|[from] item: Leftovers\n|-damage|p1a: Tapu Koko|63\/100 psn|[from] psn\n|-damage|p2a: Girth Daddy|23\/100 brn|[from] brn\n|-fieldend|move: Electric Terrain\n|upkeep\n|turn|81\n|\n|t:|1614221555\n|switch|p2a: Viggo Morgenstein|Toxapex, M|89\/100\n|move|p1a: Tapu Koko|Dazzling Gleam|p2a: Viggo Morgenstein\n|-resisted|p2a: Viggo Morgenstein\n|-damage|p2a: Viggo Morgenstein|75\/100\n|\n|-damage|p1a: Tapu Koko|51\/100 psn|[from] psn\n|upkeep\n|turn|82\n|\n|t:|1614221565\n|switch|p2a: Girth Daddy|Swampert, M|23\/100 brn\n|move|p1a: Tapu Koko|Roost|p1a: Tapu Koko\n|-heal|p1a: Tapu Koko|100\/100 psn\n|-singleturn|p1a: Tapu Koko|move: Roost\n|\n|-heal|p2a: Girth Daddy|29\/100 brn|[from] item: Leftovers\n|-damage|p1a: Tapu Koko|88\/100 psn|[from] psn\n|-damage|p2a: Girth Daddy|23\/100 brn|[from] brn\n|upkeep\n|turn|83\n|\n|t:|1614221570\n|switch|p2a: Viggo Morgenstein|Toxapex, M|100\/100\n|move|p1a: Tapu Koko|Dazzling Gleam|p2a: Viggo Morgenstein\n|-resisted|p2a: Viggo Morgenstein\n|-damage|p2a: Viggo Morgenstein|87\/100\n|\n|-damage|p1a: Tapu Koko|76\/100 psn|[from] psn\n|upkeep\n|turn|84\n|\n|t:|1614221580\n|move|p2a: Viggo Morgenstein|Baneful Bunker|p2a: Viggo Morgenstein\n|-singleturn|p2a: Viggo Morgenstein|move: Protect\n|move|p1a: Tapu Koko|Thunderbolt|p2a: Viggo Morgenstein\n|-activate|p2a: Viggo Morgenstein|move: Protect\n|\n|-damage|p1a: Tapu Koko|63\/100 psn|[from] psn\n|upkeep\n|turn|85\n|\n|t:|1614221589\n|move|p1a: Tapu Koko|Dazzling Gleam|p2a: Viggo Morgenstein\n|-resisted|p2a: Viggo Morgenstein\n|-damage|p2a: Viggo Morgenstein|72\/100\n|move|p2a: Viggo Morgenstein|Recover|p2a: Viggo Morgenstein\n|-heal|p2a: Viggo Morgenstein|100\/100\n|\n|-damage|p1a: Tapu Koko|51\/100 psn|[from] psn\n|upkeep\n|turn|86\n|\n|t:|1614221594\n|move|p1a: Tapu Koko|Dazzling Gleam|p2a: Viggo Morgenstein\n|-resisted|p2a: Viggo Morgenstein\n|-damage|p2a: Viggo Morgenstein|87\/100\n|move|p2a: Viggo Morgenstein|Toxic Spikes|p1a: Tapu Koko\n|-sidestart|p1: X-Wing Fighter|move: Toxic Spikes\n|\n|-damage|p1a: Tapu Koko|38\/100 psn|[from] psn\n|upkeep\n|turn|87\n|\n|t:|1614221599\n|move|p1a: Tapu Koko|Dazzling Gleam|p2a: Viggo Morgenstein\n|-resisted|p2a: Viggo Morgenstein\n|-damage|p2a: Viggo Morgenstein|73\/100\n|move|p2a: Viggo Morgenstein|Toxic Spikes||[still]\n|-fail|p2a: Viggo Morgenstein\n|\n|-damage|p1a: Tapu Koko|26\/100 psn|[from] psn\n|upkeep\n|turn|88\n|\n|t:|1614221606\n|move|p2a: Viggo Morgenstein|Baneful Bunker|p2a: Viggo Morgenstein\n|-singleturn|p2a: Viggo Morgenstein|move: Protect\n|move|p1a: Tapu Koko|Roost|p1a: Tapu Koko\n|-heal|p1a: Tapu Koko|76\/100 psn\n|-singleturn|p1a: Tapu Koko|move: Roost\n|\n|-damage|p1a: Tapu Koko|63\/100 psn|[from] psn\n|upkeep\n|turn|89\n|\n|t:|1614221613\n|move|p1a: Tapu Koko|Dazzling Gleam|p2a: Viggo Morgenstein\n|-resisted|p2a: Viggo Morgenstein\n|-damage|p2a: Viggo Morgenstein|59\/100\n|move|p2a: Viggo Morgenstein|Toxic Spikes||[still]\n|-fail|p2a: Viggo Morgenstein\n|\n|-damage|p1a: Tapu Koko|51\/100 psn|[from] psn\n|upkeep\n|turn|90\n|\n|t:|1614221621\n|move|p1a: Tapu Koko|Thunderbolt|p2a: Viggo Morgenstein\n|-supereffective|p2a: Viggo Morgenstein\n|-damage|p2a: Viggo Morgenstein|1\/100\n|move|p2a: Viggo Morgenstein|Recover|p2a: Viggo Morgenstein\n|-heal|p2a: Viggo Morgenstein|52\/100\n|\n|-damage|p1a: Tapu Koko|39\/100 psn|[from] psn\n|upkeep\n|turn|91\n|\n|t:|1614221628\n|switch|p2a: Girth Daddy|Swampert, M|23\/100 brn\n|move|p1a: Tapu Koko|Dazzling Gleam|p2a: Girth Daddy\n|-damage|p2a: Girth Daddy|0 fnt\n|faint|p2a: Girth Daddy\n|\n|-damage|p1a: Tapu Koko|26\/100 psn|[from] psn\n|upkeep\n|\n|t:|1614221631\n|switch|p2a: Dimbis T. Cunning|Dracovish, shiny|25\/100 par\n|turn|92\n|c|\u2606X-Wing Fighter|gotcha\n|c|\u2606bcham|gg\n|c| Dazelel|Ouch\n|\n|t:|1614221640\n|move|p1a: Tapu Koko|Dazzling Gleam|p2a: Dimbis T. Cunning\n|-supereffective|p2a: Dimbis T. Cunning\n|-damage|p2a: Dimbis T. Cunning|0 fnt\n|faint|p2a: Dimbis T. Cunning\n|\n|-damage|p1a: Tapu Koko|14\/100 psn|[from] psn\n|upkeep\n|\n|t:|1614221642\n|switch|p2a: Viggo Morgenstein|Toxapex, M|85\/100\n|turn|93\n|c| Dazelel|That one was a matter of time\n|\n|t:|1614221650\n|switch|p1a: Rotom|Rotom-Wash|51\/100\n|-damage|p1a: Rotom|38\/100|[from] Stealth Rock\n|move|p2a: Viggo Morgenstein|Toxic Spikes||[still]\n|-fail|p2a: Viggo Morgenstein\n|\n|-heal|p1a: Rotom|45\/100|[from] item: Leftovers\n|upkeep\n|turn|94\n|c|\u2606bcham|hm\n|\n|t:|1614221670\n|move|p2a: Viggo Morgenstein|Baneful Bunker|p2a: Viggo Morgenstein\n|-singleturn|p2a: Viggo Morgenstein|move: Protect\n|move|p1a: Rotom|Volt Switch|p2a: Viggo Morgenstein\n|-activate|p2a: Viggo Morgenstein|move: Protect\n|\n|-heal|p1a: Rotom|51\/100|[from] item: Leftovers\n|upkeep\n|turn|95\n|c|\u2606bcham|oh u want to end it with the regie\n|l|\u2606X-Wing Fighter\n|player|p1|\n|inactive|Battle timer is ON: inactive players will automatically lose when time's up. (requested by bcham)\n|inactive|X-Wing Fighter has 30 seconds to reconnect!\n|j|\u2606X-Wing Fighter\n|inactive|X-Wing Fighter reconnected and has 120 seconds left.\n|player|p1|X-Wing Fighter|hilbert-dueldisk\n|inactiveoff|Battle timer is now OFF.\n|c| Eeveekid10|Hmm\n|c|\u2606X-Wing Fighter|thank you\n|c|\u2606X-Wing Fighter|i dcd\n|c| Eeveekid10|Well showdown is lagging\n|c|\u2606X-Wing Fighter|what an anticlimax\n|\n|t:|1614221784\n|move|p1a: Rotom|Volt Switch|p2a: Viggo Morgenstein\n|-supereffective|p2a: Viggo Morgenstein\n|-damage|p2a: Viggo Morgenstein|45\/100\n|c| Eeveekid10|XD\n|\n|t:|1614221787\n|switch|p1a: Tapu Koko|Tapu Koko|14\/100 psn|[from]move: Volt Switch\n|-fieldstart|move: Electric Terrain|[from] ability: Electric Surge|[of] p1a: Tapu Koko\n|move|p2a: Viggo Morgenstein|Recover|p2a: Viggo Morgenstein\n|-heal|p2a: Viggo Morgenstein|95\/100\n|\n|-damage|p1a: Tapu Koko|1\/100 psn|[from] psn\n|upkeep\n|turn|96\n|\n|t:|1614221799\n|move|p1a: Tapu Koko|Thunderbolt|p2a: Viggo Morgenstein\n|-supereffective|p2a: Viggo Morgenstein\n|-damage|p2a: Viggo Morgenstein|15\/100\n|move|p2a: Viggo Morgenstein|Toxic Spikes||[still]\n|-fail|p2a: Viggo Morgenstein\n|\n|-damage|p1a: Tapu Koko|0 fnt|[from] psn\n|faint|p1a: Tapu Koko\n|upkeep\n|\n|t:|1614221801\n|switch|p1a: Regieleki|Regieleki|95\/100 tox\n|-damage|p1a: Regieleki|82\/100 tox|[from] Stealth Rock\n|turn|97\n|c| Eeveekid10|Clutch poison\n|\n|t:|1614221804\n|move|p2a: Viggo Morgenstein|Baneful Bunker|p2a: Viggo Morgenstein\n|-singleturn|p2a: Viggo Morgenstein|move: Protect\n|move|p1a: Regieleki|Rising Voltage|p2a: Viggo Morgenstein\n|-activate|p2a: Viggo Morgenstein|move: Protect\n|\n|-damage|p1a: Regieleki|76\/100 tox|[from] psn\n|upkeep\n|turn|98\n|\n|t:|1614221807\n|move|p1a: Regieleki|Rising Voltage|p2a: Viggo Morgenstein\n|-supereffective|p2a: Viggo Morgenstein\n|-damage|p2a: Viggo Morgenstein|0 fnt\n|faint|p2a: Viggo Morgenstein\n|\n|win|X-Wing Fighter\n|n|\u2606bcham|bcham\n|n|*Lady Monita|ladymonita\n|n| Judacha|judacha\n|n| Dazelel|dazelel\n|n| HannahHeliolisk|hannahheliolisk\n|n| PHXCalamity|phxcalamity\n|n| Eeveekid10|eeveekid10\n|n| 0_0 Tmm2|00tmm2\n|n| regirockisregisad|regirockisregisad\n|n| KingPanTheMan|kingpantheman\n|n| MyNameBr123|mynamebr123\n|n| Vacave|vacave\n|n|\u2606X-Wing Fighter|xwingfighter\n|l|*Lady Monita\n|c|\u2606X-Wing Fighter|gg\n|c|\u2606bcham|gg\n|c| Eeveekid10|Gg\n","uploadtime":1614221815,"views":12,"p1id":"xwingfighter","p2id":"bcham","formatid":"gen8monotype","rating":0,"private":0,"password":null}