{"id":"gen8randombattle-1097529136","p1":"Grossoehme","p2":"BaddyGames","format":"gen8randombattle","log":"|j|\u2606Grossoehme\n|j|\u2606BaddyGames\n|player|p1|Grossoehme|101|1470\n|player|p2|BaddyGames|275|1448\n|teamsize|p1|6\n|teamsize|p2|6\n|gametype|singles\n|gen|8\n|tier|[Gen 8] Random Battle\n|rated|\n|html|<div class=\"broadcast-red\"><strong>Random Battle is currently suspecting Dynamax! For information on how to participate check out the <a href=\"https:\/\/www.smogon.com\/forums\/threads\/3662006\/\">suspect thread<\/a>.<\/strong><\/div>\n|rule|Species Clause: Limit one of each Pok\u00e9mon\n|rule|HP Percentage Mod: HP is shown in percentages\n|rule|Sleep Clause Mod: Limit one foe put to sleep\n|\n|start\n|switch|p1a: Musharna|Musharna, L88, M|347\/347\n|switch|p2a: Regirock|Regirock, L84|272\/272\n|turn|1\n|inactive|Battle timer is ON: inactive players will automatically lose when time's up. (requested by BaddyGames)\n|\n|move|p2a: Regirock|Curse|p2a: Regirock\n|-unboost|p2a: Regirock|spe|1\n|-boost|p2a: Regirock|atk|1\n|-boost|p2a: Regirock|def|1\n|move|p1a: Musharna|Thunder Wave|p2a: Regirock\n|-status|p2a: Regirock|par\n|\n|upkeep\n|turn|2\n|\n|move|p1a: Musharna|Psychic|p2a: Regirock\n|-crit|p2a: Regirock\n|-damage|p2a: Regirock|104\/272 par\n|move|p2a: Regirock|Rock Slide|p1a: Musharna\n|-damage|p1a: Musharna|224\/347\n|\n|-heal|p1a: Musharna|245\/347|[from] item: Leftovers\n|upkeep\n|turn|3\n|\n|move|p1a: Musharna|Psychic|p2a: Regirock\n|-damage|p2a: Regirock|2\/272 par\n|move|p2a: Regirock|Rest|p2a: Regirock\n|-status|p2a: Regirock|slp|[from] move: Rest\n|-heal|p2a: Regirock|272\/272 slp|[silent]\n|-enditem|p2a: Regirock|Chesto Berry|[eat]\n|-curestatus|p2a: Regirock|slp|[msg]\n|\n|-heal|p1a: Musharna|266\/347|[from] item: Leftovers\n|upkeep\n|turn|4\n|\n|switch|p2a: Hydreigon|Hydreigon, L80, F|278\/278\n|move|p1a: Musharna|Thunder Wave|p2a: Hydreigon\n|-status|p2a: Hydreigon|par\n|\n|-heal|p1a: Musharna|287\/347|[from] item: Leftovers\n|upkeep\n|turn|5\n|\n|move|p2a: Hydreigon|Nasty Plot|p2a: Hydreigon\n|-boost|p2a: Hydreigon|spa|2\n|move|p1a: Musharna|Moonblast|p2a: Hydreigon\n|-supereffective|p2a: Hydreigon\n|-damage|p2a: Hydreigon|0 fnt\n|faint|p2a: Hydreigon\n|\n|-heal|p1a: Musharna|308\/347|[from] item: Leftovers\n|upkeep\n|\n|switch|p2a: Xatu|Xatu, L84, M|246\/246\n|turn|6\n|\n|move|p2a: Xatu|Light Screen|p2a: Xatu\n|-sidestart|p2: BaddyGames|move: Light Screen\n|move|p1a: Musharna|Thunder Wave|p2a: Xatu\n|move|p2a: Xatu|Thunder Wave|p1a: Musharna|[from]Magic Bounce|[miss]\n|-miss|p2a: Xatu|p1a: Musharna\n|\n|-heal|p1a: Musharna|329\/347|[from] item: Leftovers\n|upkeep\n|turn|7\n|\n|move|p2a: Xatu|Reflect|p2a: Xatu\n|-sidestart|p2: BaddyGames|Reflect\n|move|p1a: Musharna|Thunder Wave|p2a: Xatu\n|move|p2a: Xatu|Thunder Wave|p1a: Musharna|[from]Magic Bounce\n|-status|p1a: Musharna|par\n|-activate|p1a: Musharna|ability: Synchronize\n|-status|p2a: Xatu|par\n|\n|-heal|p1a: Musharna|347\/347 par|[from] item: Leftovers\n|upkeep\n|turn|8\n|c|\u2606BaddyGames|??\n|c|\u2606Grossoehme|Get wrecked\n|inactive|Grossoehme has 120 seconds left.\n|\n|cant|p2a: Xatu|par\n|move|p1a: Musharna|Moonblast|p2a: Xatu\n|-damage|p2a: Xatu|202\/246 par\n|\n|upkeep\n|turn|9\n|\n|move|p2a: Xatu|Psychic|p1a: Musharna\n|-resisted|p1a: Musharna\n|-damage|p1a: Musharna|305\/347 par\n|move|p1a: Musharna|Moonblast|p2a: Xatu\n|-damage|p2a: Xatu|158\/246 par\n|\n|-heal|p1a: Musharna|326\/347 par|[from] item: Leftovers\n|upkeep\n|turn|10\n|\n|move|p1a: Musharna|Moonblast|p2a: Xatu\n|-damage|p2a: Xatu|113\/246 par\n|move|p2a: Xatu|Teleport|p2a: Xatu\n|\n|switch|p2a: Pikachu|Pikachu, L88, M|205\/205\n|\n|-heal|p1a: Musharna|347\/347 par|[from] item: Leftovers\n|upkeep\n|turn|11\n|\n|move|p2a: Pikachu|Knock Off|p1a: Musharna\n|-supereffective|p1a: Musharna\n|-damage|p1a: Musharna|137\/347 par\n|-enditem|p1a: Musharna|Leftovers|[from] move: Knock Off|[of] p2a: Pikachu\n|move|p1a: Musharna|Psychic|p2a: Pikachu\n|-damage|p2a: Pikachu|131\/205\n|\n|upkeep\n|turn|12\n|\n|move|p2a: Pikachu|Knock Off|p1a: Musharna\n|-supereffective|p1a: Musharna\n|-damage|p1a: Musharna|15\/347 par\n|move|p1a: Musharna|Moonlight|p1a: Musharna\n|-heal|p1a: Musharna|188\/347 par\n|\n|upkeep\n|turn|13\n|\n|move|p2a: Pikachu|Volt Tackle|p1a: Musharna\n|-damage|p1a: Musharna|7\/347 par\n|-damage|p2a: Pikachu|71\/205|[from] Recoil\n|cant|p1a: Musharna|par\n|\n|-sideend|p2: BaddyGames|move: Light Screen\n|upkeep\n|turn|14\n|\n|switch|p2a: Xatu|Xatu, L84, M|113\/246 par\n|move|p1a: Musharna|Moonlight|p1a: Musharna\n|-heal|p1a: Musharna|180\/347 par\n|\n|-sideend|p2: BaddyGames|Reflect\n|upkeep\n|turn|15\n|\n|move|p2a: Xatu|Light Screen|p2a: Xatu\n|-sidestart|p2: BaddyGames|move: Light Screen\n|move|p1a: Musharna|Moonlight|p1a: Musharna\n|-heal|p1a: Musharna|347\/347 par\n|\n|upkeep\n|turn|16\n|\n|move|p2a: Xatu|Reflect|p2a: Xatu\n|-sidestart|p2: BaddyGames|Reflect\n|cant|p1a: Musharna|par\n|\n|upkeep\n|turn|17\n|\n|cant|p1a: Musharna|par\n|move|p2a: Xatu|Teleport|p2a: Xatu\n|\n|switch|p2a: Pikachu|Pikachu, L88, M|71\/205\n|\n|upkeep\n|turn|18\n|\n|move|p2a: Pikachu|Iron Tail|p1a: Musharna\n|-damage|p1a: Musharna|246\/347 par\n|cant|p1a: Musharna|par\n|\n|upkeep\n|turn|19\n|\n|move|p2a: Pikachu|Iron Tail|p1a: Musharna\n|-damage|p1a: Musharna|152\/347 par\n|move|p1a: Musharna|Moonlight|p1a: Musharna\n|-heal|p1a: Musharna|325\/347 par\n|\n|upkeep\n|turn|20\n|\n|move|p2a: Pikachu|Iron Tail|p1a: Musharna\n|-damage|p1a: Musharna|228\/347 par\n|move|p1a: Musharna|Psychic|p2a: Pikachu\n|-damage|p2a: Pikachu|0 fnt\n|faint|p2a: Pikachu\n|\n|upkeep\n|\n|switch|p2a: Tsareena|Tsareena, L82, F|252\/252\n|turn|21\n|\n|move|p2a: Tsareena|Power Whip|p1a: Musharna\n|-damage|p1a: Musharna|53\/347 par\n|-damage|p2a: Tsareena|227\/252|[from] item: Life Orb\n|cant|p1a: Musharna|par\n|\n|upkeep\n|turn|22\n|\n|move|p2a: Tsareena|Knock Off|p1a: Musharna\n|-supereffective|p1a: Musharna\n|-damage|p1a: Musharna|0 fnt\n|-damage|p2a: Tsareena|202\/252|[from] item: Life Orb\n|faint|p1a: Musharna\n|\n|-sideend|p2: BaddyGames|move: Light Screen\n|upkeep\n|\n|switch|p1a: Aegislash|Aegislash, L80, F|227\/227\n|turn|23\n|\n|move|p1a: Aegislash|King's Shield|p1a: Aegislash\n|-singleturn|p1a: Aegislash|Protect\n|move|p2a: Tsareena|Knock Off|p1a: Aegislash\n|-activate|p1a: Aegislash|move: Protect\n|-unboost|p2a: Tsareena|atk|1\n|\n|-sideend|p2: BaddyGames|Reflect\n|upkeep\n|turn|24\n|\n|switch|p1a: Golisopod|Golisopod, L82, M|257\/257\n|move|p2a: Tsareena|Knock Off|p1a: Golisopod\n|-damage|p1a: Golisopod|208\/257\n|-enditem|p1a: Golisopod|Sitrus Berry|[from] move: Knock Off|[of] p2a: Tsareena\n|-damage|p2a: Tsareena|177\/252|[from] item: Life Orb\n|\n|upkeep\n|turn|25\n|\n|move|p2a: Tsareena|Power Whip|p1a: Golisopod\n|-damage|p1a: Golisopod|117\/257\n|-activate|p1a: Golisopod|ability: Emergency Exit\n|-damage|p2a: Tsareena|152\/252|[from] item: Life Orb\n|inactive|Grossoehme has 120 seconds left.\n|\n|switch|p1a: Decidueye|Decidueye, L84, M|268\/268\n|\n|upkeep\n|turn|26\n|\n|move|p1a: Decidueye|Brave Bird|p2a: Tsareena\n|-supereffective|p2a: Tsareena\n|-damage|p2a: Tsareena|0 fnt\n|-damage|p1a: Decidueye|218\/268|[from] Recoil\n|-damage|p1a: Decidueye|192\/268|[from] item: Life Orb\n|faint|p2a: Tsareena\n|\n|upkeep\n|\n|switch|p2a: Xatu|Xatu, L84, M|113\/246 par\n|turn|27\n|inactive|Grossoehme has 120 seconds left.\n|\n|move|p1a: Decidueye|Spirit Shackle|p2a: Xatu\n|-supereffective|p2a: Xatu\n|-damage|p2a: Xatu|0 fnt\n|-damage|p1a: Decidueye|166\/268|[from] item: Life Orb\n|faint|p2a: Xatu\n|\n|upkeep\n|inactive|BaddyGames has 120 seconds left.\n|\n|switch|p2a: Regirock|Regirock, L84|272\/272\n|turn|28\n|\n|move|p1a: Decidueye|Swords Dance|p1a: Decidueye\n|-boost|p1a: Decidueye|atk|2\n|move|p2a: Regirock|Rock Slide|p1a: Decidueye\n|-damage|p1a: Decidueye|69\/268\n|\n|upkeep\n|turn|29\n|\n|move|p1a: Decidueye|Leaf Blade|p2a: Regirock\n|-supereffective|p2a: Regirock\n|-ability|p2a: Regirock|Sturdy\n|-damage|p2a: Regirock|1\/272\n|-damage|p1a: Decidueye|43\/268|[from] item: Life Orb\n|move|p2a: Regirock|Rock Slide|p1a: Decidueye\n|-damage|p1a: Decidueye|0 fnt\n|faint|p1a: Decidueye\n|\n|upkeep\n|\n|switch|p1a: Aegislash|Aegislash, L80, F|227\/227\n|turn|30\n|\n|-formechange|p1a: Aegislash|Aegislash-Blade||[from] ability: Stance Change\n|move|p1a: Aegislash|Flash Cannon|p2a: Regirock\n|-supereffective|p2a: Regirock\n|-damage|p2a: Regirock|0 fnt\n|-damage|p1a: Aegislash|205\/227|[from] item: Life Orb\n|faint|p2a: Regirock\n|\n|upkeep\n|\n|switch|p2a: Rayquaza|Rayquaza, L72|270\/270\n|-ability|p2a: Rayquaza|Air Lock\n|turn|31\n|\n|move|p2a: Rayquaza|Dragon Dance|p2a: Rayquaza\n|-boost|p2a: Rayquaza|atk|1\n|-boost|p2a: Rayquaza|spe|1\n|move|p1a: Aegislash|Shadow Ball|p2a: Rayquaza\n|-damage|p2a: Rayquaza|101\/270\n|-damage|p1a: Aegislash|183\/227|[from] item: Life Orb\n|\n|upkeep\n|turn|32\n|\n|-start|p2a: Rayquaza|Dynamax\n|-heal|p2a: Rayquaza|202\/540|[silent]\n|-formechange|p1a: Aegislash|Aegislash||[from] ability: Stance Change\n|move|p1a: Aegislash|King's Shield|p1a: Aegislash\n|-singleturn|p1a: Aegislash|Protect\n|move|p2a: Rayquaza|Max Quake|p1a: Aegislash\n|-supereffective|p1a: Aegislash\n|-zbroken|p1a: Aegislash\n|-damage|p1a: Aegislash|135\/227\n|-boost|p2a: Rayquaza|spd|1\n|\n|upkeep\n|turn|33\n|\n|move|p2a: Rayquaza|Max Quake|p1a: Aegislash\n|-supereffective|p1a: Aegislash\n|-damage|p1a: Aegislash|0 fnt\n|-boost|p2a: Rayquaza|spd|1\n|faint|p1a: Aegislash\n|\n|upkeep\n|\n|switch|p1a: Golisopod|Golisopod, L82, M|117\/257\n|turn|34\n|inactive|BaddyGames has 120 seconds left.\n|\n|move|p2a: Rayquaza|Max Guard|p2a: Rayquaza\n|-singleturn|p2a: Rayquaza|Max Guard\n|move|p1a: Golisopod|Liquidation|p2a: Rayquaza\n|-activate|p2a: Rayquaza|move: Max Guard\n|\n|-end|p2a: Rayquaza|Dynamax\n|-heal|p2a: Rayquaza|101\/270|[silent]\n|upkeep\n|turn|35\n|inactive|BaddyGames has 120 seconds left.\n|\n|move|p2a: Rayquaza|Earthquake|p1a: Golisopod\n|-resisted|p1a: Golisopod\n|-damage|p1a: Golisopod|76\/257\n|move|p1a: Golisopod|Liquidation|p2a: Rayquaza\n|-resisted|p2a: Rayquaza\n|-damage|p2a: Rayquaza|47\/270\n|\n|upkeep\n|turn|36\n|\n|move|p2a: Rayquaza|Extreme Speed|p1a: Golisopod\n|-damage|p1a: Golisopod|7\/257\n|move|p1a: Golisopod|Liquidation|p2a: Rayquaza\n|-resisted|p2a: Rayquaza\n|-damage|p2a: Rayquaza|0 fnt\n|faint|p2a: Rayquaza\n|\n|win|Grossoehme\n|raw|Grossoehme's rating: 1470 &rarr; <strong>1489<\/strong><br \/>(+19 for winning)\n|raw|BaddyGames's rating: 1448 &rarr; <strong>1429<\/strong><br \/>(-19 for losing)\n","inputlog":">version 209c95891fc4fb2eee6b3930930e5365a1d619f7\n>start {\"formatid\":\"gen8randombattle\",\"seed\":[6475,56607,58700,30435],\"rated\":\"Rated battle\"}\n>player p1 {\"name\":\"Grossoehme\",\"avatar\":\"101\",\"team\":\"\",\"rating\":1470,\"seed\":[36198,59234,11291,35934]}\n>player p2 {\"name\":\"BaddyGames\",\"avatar\":\"275\",\"team\":\"\",\"rating\":1448,\"seed\":[32977,16907,16330,12352]}\n>p1 move thunderwave\n>p2 move curse\n>p1 move psychic\n>p2 move rockslide\n>p1 move psychic\n>p2 move rest\n>p1 move thunderwave\n>p2 switch 4\n>p1 move moonblast\n>p2 move nastyplot\n>p2 switch 3\n>p1 move thunderwave\n>p2 move lightscreen\n>p1 move thunderwave\n>p2 move reflect\n>p1 move moonblast\n>p2 move psychic\n>p1 move moonblast\n>p2 move psychic\n>p1 move moonblast\n>p2 move teleport\n>p2 switch 2\n>p1 move psychic\n>p2 move knockoff\n>p1 move moonlight\n>p2 move knockoff\n>p1 move moonlight\n>p2 move volttackle\n>p1 move moonlight\n>p2 switch 2\n>p1 move moonlight\n>p2 move lightscreen\n>p1 move moonblast\n>p2 move reflect\n>p1 move moonblast\n>p2 move teleport\n>p2 switch 2\n>p1 move psychic\n>p2 move irontail\n>p1 move moonlight\n>p2 move irontail\n>p1 move psychic\n>p2 move irontail\n>p2 switch 5\n>p1 move thunderwave\n>p2 move powerwhip\n>p1 move moonlight\n>p2 move knockoff\n>p1 switch 5\n>p1 move kingsshield\n>p2 move knockoff\n>p1 switch 4\n>p2 move knockoff\n>p1 move spikes\n>p2 move powerwhip\n>p1 switch 6\n>p1 move bravebird\n>p2 move knockoff\n>p2 switch 2\n>p1 move spiritshackle\n>p2 move reflect\n>p2 switch 4\n>p1 move swordsdance\n>p2 move rockslide\n>p1 move leafblade\n>p2 move rockslide\n>p1 switch 4\n>p1 move flashcannon\n>p2 move earthquake\n>p2 switch 6\n>p1 move shadowball\n>p2 move dragondance\n>p1 move kingsshield\n>p2 move earthquake dynamax\n>p1 move shadowball\n>p2 move earthquake dynamax\n>p1 switch 6\n>p1 move liquidation\n>p2 move dragondance dynamax\n>p1 move liquidation\n>p2 move earthquake\n>p1 move liquidation\n>p2 move extremespeed","uploadtime":1587011288,"views":6,"p1id":"grossoehme","p2id":"baddygames","formatid":"gen8randombattle","rating":1429,"private":0,"password":null}