{"id":"gen8pu-1645170045","p1":"bot875","p2":"igotthegat","format":"gen8pu","log":"|j|\u2606bot875\n|j|\u2606igotthegat\n|t:|1661135299\n|gametype|singles\n|player|p1|bot875|170|1000\n|player|p2|igotthegat|cynthia-gen4|1124\n|teamsize|p1|6\n|teamsize|p2|6\n|gen|8\n|tier|[Gen 8] PU\n|rated|\n|rule|Sleep Clause Mod: Limit one foe put to sleep\n|rule|Species Clause: Limit one of each Pok\u00e9mon\n|rule|OHKO Clause: OHKO moves are banned\n|rule|Evasion Items Clause: Evasion items are banned\n|rule|Evasion Moves Clause: Evasion moves are banned\n|rule|Endless Battle Clause: Forcing endless battles is banned\n|rule|HP Percentage Mod: HP is shown in percentages\n|rule|Dynamax Clause: You cannot dynamax\n|clearpoke\n|poke|p1|Pincurchin, M|\n|poke|p1|Basculin-Blue-Striped, M|\n|poke|p1|Pinsir, F|\n|poke|p1|Corsola-Galar, M|\n|poke|p1|Linoone-Galar, M|\n|poke|p1|Abomasnow, F|\n|poke|p2|Hitmonlee, M|\n|poke|p2|Galvantula, F|\n|poke|p2|Charizard, F|\n|poke|p2|Aggron, F|\n|poke|p2|Abomasnow, M|\n|poke|p2|Quagsire, M|\n|teampreview\n|\n|t:|1661135305\n|start\n|switch|p1a: Corsola|Corsola-Galar, M|100\/100\n|switch|p2a: Joseph|Aggron, F|100\/100\n|turn|1\n|\n|t:|1661135311\n|switch|p2a: Joey|Galvantula, F|100\/100\n|move|p1a: Corsola|Stealth Rock|p2a: Joey\n|-sidestart|p2: igotthegat|move: Stealth Rock\n|\n|upkeep\n|turn|2\n|\n|t:|1661135317\n|move|p2a: Joey|Thunder|p1a: Corsola\n|-damage|p1a: Corsola|55\/100\n|-start|p2a: Joey|Disable|Thunder|[from] ability: Cursed Body|[of] p1a: Corsola\n|move|p1a: Corsola|Will-O-Wisp|p2a: Joey\n|-status|p2a: Joey|brn\n|\n|-damage|p2a: Joey|94\/100 brn|[from] brn\n|upkeep\n|turn|3\n|\n|t:|1661135332\n|switch|p2a: Jo|Abomasnow, M|100\/100\n|-weather|Hail|[from] ability: Snow Warning|[of] p2a: Jo\n|move|p1a: Corsola|Strength Sap|p2a: Jo\n|-unboost|p2a: Jo|atk|1\n|-heal|p1a: Corsola|100\/100\n|\n|-weather|Hail|[upkeep]\n|-damage|p1a: Corsola|94\/100|[from] Hail\n|upkeep\n|turn|4\n|\n|t:|1661135344\n|move|p2a: Jo|Aurora Veil|p2a: Jo\n|-sidestart|p2: igotthegat|move: Aurora Veil\n|move|p1a: Corsola|Will-O-Wisp|p2a: Jo\n|-status|p2a: Jo|brn\n|\n|-weather|Hail|[upkeep]\n|-damage|p1a: Corsola|88\/100|[from] Hail\n|-damage|p2a: Jo|94\/100 brn|[from] brn\n|upkeep\n|turn|5\n|\n|t:|1661135354\n|move|p2a: Jo|Leech Seed|p1a: Corsola|[miss]\n|-miss|p2a: Jo|p1a: Corsola\n|move|p1a: Corsola|Night Shade|p2a: Jo\n|-damage|p2a: Jo|68\/100 brn\n|\n|-weather|Hail|[upkeep]\n|-damage|p1a: Corsola|82\/100|[from] Hail\n|-damage|p2a: Jo|62\/100 brn|[from] brn\n|upkeep\n|turn|6\n|\n|t:|1661135363\n|move|p2a: Jo|Leech Seed|p1a: Corsola|[miss]\n|-miss|p2a: Jo|p1a: Corsola\n|move|p1a: Corsola|Night Shade|p2a: Jo\n|-damage|p2a: Jo|36\/100 brn\n|\n|-weather|Hail|[upkeep]\n|-damage|p1a: Corsola|76\/100|[from] Hail\n|-damage|p2a: Jo|30\/100 brn|[from] brn\n|upkeep\n|turn|7\n|\n|t:|1661135379\n|move|p2a: Jo|Leech Seed|p1a: Corsola|[miss]\n|-miss|p2a: Jo|p1a: Corsola\n|move|p1a: Corsola|Night Shade|p2a: Jo\n|-damage|p2a: Jo|4\/100 brn\n|\n|-weather|none\n|-damage|p2a: Jo|0 fnt|[from] brn\n|faint|p2a: Jo\n|upkeep\n|\n|t:|1661135409\n|switch|p2a: Joe!!!|Quagsire, M|100\/100\n|-damage|p2a: Joe!!!|94\/100|[from] Stealth Rock\n|turn|8\n|\n|t:|1661135422\n|move|p1a: Corsola|Night Shade|p2a: Joe!!!\n|-damage|p2a: Joe!!!|69\/100\n|move|p2a: Joe!!!|Encore|p1a: Corsola\n|-start|p1a: Corsola|Encore\n|\n|-heal|p2a: Joe!!!|75\/100|[from] item: Leftovers\n|-sideend|p2: igotthegat|move: Aurora Veil\n|upkeep\n|turn|9\n|\n|t:|1661135430\n|move|p1a: Corsola|Night Shade|p2a: Joe!!!\n|-damage|p2a: Joe!!!|50\/100\n|move|p2a: Joe!!!|Liquidation|p1a: Corsola\n|-damage|p1a: Corsola|49\/100\n|-start|p2a: Joe!!!|Disable|Liquidation|[from] ability: Cursed Body|[of] p1a: Corsola\n|\n|-heal|p2a: Joe!!!|56\/100|[from] item: Leftovers\n|upkeep\n|turn|10\n|\n|t:|1661135439\n|switch|p2a: Joey|Galvantula, F|94\/100 brn\n|-damage|p2a: Joey|70\/100 brn|[from] Stealth Rock\n|move|p1a: Corsola|Night Shade|p2a: Joey\n|-damage|p2a: Joey|34\/100 brn\n|\n|-damage|p2a: Joey|28\/100 brn|[from] brn\n|upkeep\n|turn|11\n|\n|t:|1661135473\n|move|p2a: Joey|Thunder|p1a: Corsola\n|-damage|p1a: Corsola|0 fnt\n|-start|p2a: Joey|Disable|Thunder|[from] ability: Cursed Body|[of] p1a: Corsola\n|faint|p1a: Corsola\n|\n|-damage|p2a: Joey|22\/100 brn|[from] brn\n|upkeep\n|\n|t:|1661135484\n|switch|p1a: Basculin|Basculin-Blue-Striped, M|100\/100\n|turn|12\n|\n|t:|1661135490\n|-activate|p2a: Joey|move: Struggle\n|move|p2a: Joey|Struggle|p1a: Basculin\n|-crit|p1a: Basculin\n|-damage|p1a: Basculin|92\/100\n|-damage|p2a: Joey|0 fnt|[from] recoil\n|faint|p2a: Joey\n|move|p1a: Basculin|Rain Dance|p1a: Basculin\n|-weather|RainDance\n|\n|-weather|RainDance|[upkeep]\n|upkeep\n|\n|t:|1661135497\n|switch|p2a: Joe!!!|Quagsire, M|56\/100\n|-damage|p2a: Joe!!!|50\/100|[from] Stealth Rock\n|turn|13\n|\n|t:|1661135513\n|switch|p1a: Abomasnow|Abomasnow, F|100\/100\n|-weather|Hail|[from] ability: Snow Warning|[of] p1a: Abomasnow\n|move|p2a: Joe!!!|Power-Up Punch|p1a: Abomasnow\n|-supereffective|p1a: Abomasnow\n|-damage|p1a: Abomasnow|80\/100\n|-boost|p2a: Joe!!!|atk|1\n|\n|-weather|Hail|[upkeep]\n|-damage|p2a: Joe!!!|44\/100|[from] Hail\n|-heal|p2a: Joe!!!|50\/100|[from] item: Leftovers\n|upkeep\n|turn|14\n|\n|t:|1661135528\n|switch|p2a: Joel|Charizard, F|100\/100\n|-damage|p2a: Joel|50\/100|[from] Stealth Rock\n|move|p1a: Abomasnow|Giga Drain|p2a: Joel\n|-resisted|p2a: Joel\n|-damage|p2a: Joel|42\/100\n|-heal|p1a: Abomasnow|84\/100|[from] drain|[of] p2a: Joel\n|\n|-weather|Hail|[upkeep]\n|-damage|p2a: Joel|36\/100|[from] Hail\n|upkeep\n|turn|15\n|c|\u2606igotthegat|double weather is INSANE\n|\n|t:|1661135547\n|switch|p1a: Linoone|Linoone-Galar, M|100\/100\n|move|p2a: Joel|Flamethrower|p1a: Linoone\n|-damage|p1a: Linoone|30\/100\n|\n|-weather|Hail|[upkeep]\n|-damage|p2a: Joel|30\/100|[from] Hail\n|-damage|p1a: Linoone|24\/100|[from] Hail\n|-status|p1a: Linoone|tox|[from] item: Toxic Orb\n|upkeep\n|turn|16\n|\n|t:|1661135561\n|move|p1a: Linoone|Facade|p2a: Joel\n|-damage|p2a: Joel|0 fnt\n|faint|p2a: Joel\n|\n|-weather|Hail|[upkeep]\n|-damage|p1a: Linoone|18\/100 tox|[from] Hail\n|-damage|p1a: Linoone|12\/100 tox|[from] psn\n|upkeep\n|\n|t:|1661135569\n|switch|p2a: Joseph|Aggron, F|100\/100\n|-damage|p2a: Joseph|94\/100|[from] Stealth Rock\n|turn|17\n|\n|t:|1661135582\n|move|p1a: Linoone|Facade|p2a: Joseph\n|-resisted|p2a: Joseph\n|-damage|p2a: Joseph|87\/100\n|move|p2a: Joseph|Head Smash|p1a: Linoone\n|-damage|p1a: Linoone|0 fnt\n|faint|p1a: Linoone\n|\n|-weather|none\n|upkeep\n|\n|t:|1661135592\n|switch|p1a: Pincurchin|Pincurchin, M|100\/100\n|-fieldstart|move: Electric Terrain|[from] ability: Electric Surge|[of] p1a: Pincurchin\n|-item|p1a: Pincurchin|Air Balloon\n|turn|18\n|\n|t:|1661135603\n|move|p2a: Joseph|Head Smash|p1a: Pincurchin\n|-damage|p1a: Pincurchin|0 fnt\n|-enditem|p1a: Pincurchin|Air Balloon\n|faint|p1a: Pincurchin\n|\n|upkeep\n|\n|t:|1661135615\n|switch|p1a: Basculin|Basculin-Blue-Striped, M|92\/100\n|turn|19\n|\n|t:|1661135625\n|move|p1a: Basculin|Rain Dance|p1a: Basculin\n|-weather|RainDance\n|move|p2a: Joseph|Head Smash|p1a: Basculin\n|-damage|p1a: Basculin|0 fnt\n|faint|p1a: Basculin\n|\n|-weather|RainDance|[upkeep]\n|upkeep\n|\n|t:|1661135647\n|switch|p1a: Abomasnow|Abomasnow, F|84\/100\n|-weather|Hail|[from] ability: Snow Warning|[of] p1a: Abomasnow\n|turn|20\n|\n|t:|1661135659\n|move|p1a: Abomasnow|Blizzard|p2a: Joseph\n|-resisted|p2a: Joseph\n|-damage|p2a: Joseph|59\/100\n|-status|p2a: Joseph|frz\n|cant|p2a: Joseph|frz\n|\n|-weather|Hail|[upkeep]\n|-damage|p2a: Joseph|53\/100 frz|[from] Hail\n|upkeep\n|turn|21\n|c|\u2606igotthegat|You may be the luckiest player to ever touch this game\n|\n|t:|1661135695\n|move|p1a: Abomasnow|Blizzard|p2a: Joseph\n|-resisted|p2a: Joseph\n|-damage|p2a: Joseph|24\/100 frz\n|cant|p2a: Joseph|frz\n|\n|-weather|Hail|[upkeep]\n|-damage|p2a: Joseph|18\/100 frz|[from] Hail\n|upkeep\n|turn|22\n|\n|t:|1661135723\n|move|p1a: Abomasnow|Blizzard|p2a: Joseph\n|-resisted|p2a: Joseph\n|-damage|p2a: Joseph|0 fnt\n|faint|p2a: Joseph\n|\n|-weather|Hail|[upkeep]\n|-fieldend|move: Electric Terrain\n|upkeep\n|l|\u2606igotthegat\n|player|p2|\n|j|\u2606igotthegat\n|player|p2|igotthegat|cynthia-gen4\n|\n|t:|1661135782\n|switch|p2a: Joe|Hitmonlee, M|100\/100\n|-damage|p2a: Joe|94\/100|[from] Stealth Rock\n|turn|23\n|\n|t:|1661135789\n|move|p2a: Joe|Close Combat|p1a: Abomasnow\n|-supereffective|p1a: Abomasnow\n|-damage|p1a: Abomasnow|0 fnt\n|-unboost|p2a: Joe|def|1\n|-unboost|p2a: Joe|spd|1\n|faint|p1a: Abomasnow\n|\n|-weather|Hail|[upkeep]\n|-damage|p2a: Joe|88\/100|[from] Hail\n|upkeep\n|\n|t:|1661135798\n|switch|p1a: Pinsir|Pinsir, F|100\/100\n|turn|24\n|\n|t:|1661135803\n|move|p2a: Joe|Close Combat|p1a: Pinsir\n|-resisted|p1a: Pinsir\n|-damage|p1a: Pinsir|67\/100\n|-unboost|p2a: Joe|def|1\n|-unboost|p2a: Joe|spd|1\n|move|p1a: Pinsir|Fury Cutter|p2a: Joe\n|-resisted|p2a: Joe\n|-damage|p2a: Joe|40\/100\n|\n|-weather|none\n|upkeep\n|turn|25\n|\n|t:|1661135813\n|move|p2a: Joe|Dynamic Punch|p1a: Pinsir\n|-resisted|p1a: Pinsir\n|-damage|p1a: Pinsir|39\/100\n|-start|p1a: Pinsir|confusion\n|-activate|p1a: Pinsir|confusion\n|move|p1a: Pinsir|Fury Cutter|p2a: Joe\n|-resisted|p2a: Joe\n|-damage|p2a: Joe|0 fnt\n|faint|p2a: Joe\n|-ability|p1a: Pinsir|Moxie|boost\n|-boost|p1a: Pinsir|atk|1\n|\n|upkeep\n|\n|t:|1661135820\n|switch|p2a: Joe!!!|Quagsire, M|50\/100\n|-damage|p2a: Joe!!!|44\/100|[from] Stealth Rock\n|turn|26\n|\n|t:|1661135827\n|-activate|p1a: Pinsir|confusion\n|-damage|p1a: Pinsir|20\/100|[from] confusion\n|move|p2a: Joe!!!|Liquidation|p1a: Pinsir\n|-damage|p1a: Pinsir|0 fnt\n|faint|p1a: Pinsir\n|\n|win|igotthegat\n|raw|bot875's rating: 1000 &rarr; <strong>1000<\/strong><br \/>(+0 for losing)\n|raw|igotthegat's rating: 1124 &rarr; <strong>1140<\/strong><br \/>(+16 for winning)\n|c|\u2606igotthegat|HAHAHAHAHAHAHAHA\n|l|\u2606bot875\n","uploadtime":1661135846,"views":6,"p1id":"bot875","p2id":"igotthegat","formatid":"gen8pu","rating":1000,"private":0,"password":null}