{"id":"gen8ou-1694279411","p1":"butterslax","p2":"cows123p","format":"gen8ou","log":"|html|<div class=\"broadcast-blue\"><strong>[Gen 8] OU is currently suspecting Melmetal! For information on how to participate check out the <a href=\"https:\/\/www.smogon.com\/forums\/threads\/np-ss-ou-suspect-process-round-12-monster-mash.3709234\/\">suspect thread<\/a>.<\/strong><\/div>\n|j|\u2606butterslax\n|j|\u2606cows123p\n|t:|1666688600\n|gametype|singles\n|player|p1|butterslax|102|1613\n|player|p2|cows123p|acetrainercouple|1618\n|teamsize|p1|6\n|teamsize|p2|6\n|gen|8\n|tier|[Gen 8] OU\n|rated|\n|rule|Sleep Clause Mod: Limit one foe put to sleep\n|rule|Species Clause: Limit one of each Pok\u00e9mon\n|rule|OHKO Clause: OHKO moves are banned\n|rule|Evasion Items Clause: Evasion items are banned\n|rule|Evasion Moves Clause: Evasion moves are banned\n|rule|Endless Battle Clause: Forcing endless battles is banned\n|rule|HP Percentage Mod: HP is shown in percentages\n|rule|Dynamax Clause: You cannot dynamax\n|clearpoke\n|poke|p1|Tornadus-Therian, M|\n|poke|p1|Slowbro, M|\n|poke|p1|Heatran, F|\n|poke|p1|Garchomp, M|\n|poke|p1|Urshifu-*, M|\n|poke|p1|Gengar, M|\n|poke|p2|Diggersby, M|\n|poke|p2|Tapu Lele|\n|poke|p2|Ribombee, F|\n|poke|p2|Urshifu-*, M|\n|poke|p2|Heatran, M|\n|poke|p2|Kartana|\n|teampreview\n|inactive|Battle timer is ON: inactive players will automatically lose when time's up. (requested by butterslax)\n|\n|t:|1666688626\n|start\n|switch|p1a: Tornadus|Tornadus-Therian, M|100\/100\n|switch|p2a: Ribombee|Ribombee, F|100\/100\n|turn|1\n|\n|t:|1666688655\n|move|p2a: Ribombee|Sticky Web|p1a: Tornadus\n|-sidestart|p1: butterslax|move: Sticky Web\n|move|p1a: Tornadus|Knock Off|p2a: Ribombee\n|-resisted|p2a: Ribombee\n|-damage|p2a: Ribombee|78\/100\n|-enditem|p2a: Ribombee|Focus Sash|[from] move: Knock Off|[of] p1a: Tornadus\n|\n|upkeep\n|turn|2\n|\n|t:|1666688662\n|move|p2a: Ribombee|Toxic|p1a: Tornadus\n|-status|p1a: Tornadus|tox\n|move|p1a: Tornadus|Defog|p2a: Ribombee\n|-unboost|p2a: Ribombee|evasion|1\n|-sideend|p1: butterslax|Sticky Web|[from] move: Defog|[of] p1a: Tornadus\n|\n|-damage|p1a: Tornadus|94\/100 tox|[from] psn\n|upkeep\n|turn|3\n|\n|t:|1666688679\n|move|p2a: Ribombee|Sticky Web|p1a: Tornadus\n|-sidestart|p1: butterslax|move: Sticky Web\n|move|p1a: Tornadus|Hurricane|p2a: Ribombee|[miss]\n|-miss|p1a: Tornadus|p2a: Ribombee\n|\n|-damage|p1a: Tornadus|82\/100 tox|[from] psn\n|upkeep\n|turn|4\n|\n|t:|1666688685\n|move|p2a: Ribombee|Moonblast|p1a: Tornadus\n|-damage|p1a: Tornadus|43\/100 tox\n|move|p1a: Tornadus|Hurricane|p2a: Ribombee\n|-supereffective|p2a: Ribombee\n|-damage|p2a: Ribombee|0 fnt\n|faint|p2a: Ribombee\n|\n|-damage|p1a: Tornadus|25\/100 tox|[from] psn\n|upkeep\n|\n|t:|1666688694\n|switch|p2a: Kartana|Kartana|100\/100\n|turn|5\n|\n|t:|1666688715\n|move|p2a: Kartana|Knock Off|p1a: Tornadus\n|-damage|p1a: Tornadus|0 fnt\n|-enditem|p1a: Tornadus|Heavy-Duty Boots|[from] move: Knock Off|[of] p2a: Kartana\n|faint|p1a: Tornadus\n|-ability|p2a: Kartana|Beast Boost|boost\n|-boost|p2a: Kartana|atk|1\n|\n|upkeep\n|\n|t:|1666688722\n|switch|p1a: Heatran|Heatran, F|100\/100\n|-activate|p1a: Heatran|move: Sticky Web\n|-unboost|p1a: Heatran|spe|1\n|turn|6\n|\n|t:|1666688727\n|switch|p2a: Heatran|Heatran, M|100\/100\n|-item|p2a: Heatran|Air Balloon\n|move|p1a: Heatran|Magma Storm|p2a: Heatran\n|-start|p2a: Heatran|ability: Flash Fire\n|\n|upkeep\n|turn|7\n|\n|t:|1666688737\n|switch|p1a: Slowbro|Slowbro, M|100\/100\n|-activate|p1a: Slowbro|move: Sticky Web\n|-unboost|p1a: Slowbro|spe|1\n|move|p2a: Heatran|Eruption|p1a: Slowbro\n|-resisted|p1a: Slowbro\n|-damage|p1a: Slowbro|36\/100\n|\n|upkeep\n|turn|8\n|\n|t:|1666688763\n|switch|p1a: Gengar|Gengar, M|100\/100\n|-activate|p1a: Gengar|move: Sticky Web\n|-unboost|p1a: Gengar|spe|1\n|move|p2a: Heatran|Eruption|p1a: Gengar\n|-damage|p1a: Gengar|0 fnt\n|faint|p1a: Gengar\n|\n|upkeep\n|\n|t:|1666688766\n|switch|p1a: Urshifu|Urshifu-Rapid-Strike, M|100\/100\n|-activate|p1a: Urshifu|move: Sticky Web\n|-unboost|p1a: Urshifu|spe|1\n|turn|9\n|\n|t:|1666688784\n|-end|p2a: Heatran|ability: Flash Fire|[silent]\n|switch|p2a: Urshifu|Urshifu-Rapid-Strike, M|100\/100\n|move|p1a: Urshifu|Surging Strikes|p2a: Urshifu\n|-resisted|p2a: Urshifu\n|-crit|p2a: Urshifu\n|-damage|p2a: Urshifu|86\/100\n|-resisted|p2a: Urshifu\n|-crit|p2a: Urshifu\n|-damage|p2a: Urshifu|71\/100\n|-resisted|p2a: Urshifu\n|-crit|p2a: Urshifu\n|-damage|p2a: Urshifu|58\/100\n|-hitcount|p2a: Urshifu|3\n|\n|upkeep\n|turn|10\n|\n|t:|1666688804\n|switch|p1a: Slowbro|Slowbro, M|69\/100\n|-activate|p1a: Slowbro|move: Sticky Web\n|-unboost|p1a: Slowbro|spe|1\n|move|p2a: Urshifu|U-turn|p1a: Slowbro\n|-supereffective|p1a: Slowbro\n|-damage|p1a: Slowbro|27\/100\n|\n|t:|1666688811\n|switch|p2a: Diggersby|Diggersby, M|100\/100|[from]move: U-turn\n|\n|upkeep\n|turn|11\n|\n|t:|1666688819\n|switch|p1a: Garchomp|Garchomp, M|100\/100\n|-activate|p1a: Garchomp|move: Sticky Web\n|-unboost|p1a: Garchomp|spe|1\n|move|p2a: Diggersby|Earthquake|p1a: Garchomp\n|-damage|p1a: Garchomp|10\/100\n|\n|-heal|p1a: Garchomp|16\/100|[from] item: Leftovers\n|upkeep\n|turn|12\n|\n|t:|1666688827\n|move|p2a: Diggersby|Earthquake|p1a: Garchomp\n|-damage|p1a: Garchomp|0 fnt\n|faint|p1a: Garchomp\n|\n|upkeep\n|\n|t:|1666688831\n|switch|p1a: Urshifu|Urshifu-Rapid-Strike, M|100\/100\n|-activate|p1a: Urshifu|move: Sticky Web\n|-unboost|p1a: Urshifu|spe|1\n|turn|13\n|\n|t:|1666688840\n|move|p2a: Diggersby|Earthquake|p1a: Urshifu\n|-damage|p1a: Urshifu|0 fnt\n|faint|p1a: Urshifu\n|\n|upkeep\n|-message|butterslax forfeited.\n|\n|win|cows123p\n|raw|butterslax's rating: 1613 &rarr; <strong>1593<\/strong><br \/>(-20 for losing)\n|raw|cows123p's rating: 1618 &rarr; <strong>1638<\/strong><br \/>(+20 for winning)\n|l|\u2606butterslax\n","uploadtime":1666688852,"views":8,"p1id":"butterslax","p2id":"cows123p","formatid":"gen8ou","rating":1593,"private":0,"password":null}