{"id":"gen8ou-1649408795","p1":"minimax_ai","p2":"himynametay","format":"gen8ou","log":"|j|\u2606minimax_ai\n|j|\u203dhimynametay\n|t:|1661593197\n|gametype|singles\n|player|p1|minimax_ai|lusamine-nihilego|1385\n|player|p2|himynametay|elesa-masters|1468\n|teamsize|p1|6\n|teamsize|p2|6\n|gen|8\n|tier|[Gen 8] OU\n|rated|\n|rule|Sleep Clause Mod: Limit one foe put to sleep\n|rule|Species Clause: Limit one of each Pok\u00e9mon\n|rule|OHKO Clause: OHKO moves are banned\n|rule|Evasion Items Clause: Evasion items are banned\n|rule|Evasion Moves Clause: Evasion moves are banned\n|rule|Endless Battle Clause: Forcing endless battles is banned\n|rule|HP Percentage Mod: HP is shown in percentages\n|rule|Dynamax Clause: You cannot dynamax\n|clearpoke\n|poke|p1|Rotom-Wash|\n|poke|p1|Weavile, F|\n|poke|p1|Landorus-Therian, M|\n|poke|p1|Heatran, M|\n|poke|p1|Tangrowth, M|\n|poke|p1|Melmetal|\n|poke|p2|Pelipper, M|\n|poke|p2|Barraskewda, M|\n|poke|p2|Regieleki|\n|poke|p2|Tapu Lele|\n|poke|p2|Landorus-Therian, M|\n|poke|p2|Ferrothorn, M|\n|teampreview\n|c|\u2606minimax_ai|hf\n|inactive|Battle timer is ON: inactive players will automatically lose when time's up. (requested by minimax_ai)\n|\n|t:|1661593202\n|start\n|switch|p1a: landorustherian|Landorus-Therian, M|100\/100\n|switch|p2a: Pelipper|Pelipper, M, shiny|100\/100\n|-ability|p1a: landorustherian|Intimidate|boost\n|-unboost|p2a: Pelipper|atk|1\n|-weather|RainDance|[from] ability: Drizzle|[of] p2a: Pelipper\n|turn|1\n|\n|t:|1661593206\n|switch|p1a: rotomwash|Rotom-Wash|100\/100\n|move|p2a: Pelipper|Weather Ball|p1a: rotomwash\n|-resisted|p1a: rotomwash\n|-damage|p1a: rotomwash|46\/100\n|\n|-weather|RainDance|[upkeep]\n|-heal|p1a: rotomwash|52\/100|[from] item: Leftovers\n|upkeep\n|turn|2\n|\n|t:|1661593208\n|switch|p2a: Ferrothorn|Ferrothorn, M, shiny|100\/100\n|move|p1a: rotomwash|Thunderbolt|p2a: Ferrothorn\n|-resisted|p2a: Ferrothorn\n|-damage|p2a: Ferrothorn|90\/100\n|\n|-weather|RainDance|[upkeep]\n|-heal|p1a: rotomwash|59\/100|[from] item: Leftovers\n|-heal|p2a: Ferrothorn|96\/100|[from] item: Leftovers\n|upkeep\n|turn|3\n|\n|t:|1661593211\n|move|p1a: rotomwash|Pain Split|p2a: Ferrothorn\n|-sethp|p2a: Ferrothorn|73\/100|[from] move: Pain Split|[silent]\n|-sethp|p1a: rotomwash|85\/100|[from] move: Pain Split\n|move|p2a: Ferrothorn|Knock Off|p1a: rotomwash\n|-damage|p1a: rotomwash|60\/100\n|-enditem|p1a: rotomwash|Leftovers|[from] move: Knock Off|[of] p2a: Ferrothorn\n|\n|-weather|RainDance|[upkeep]\n|-heal|p2a: Ferrothorn|79\/100|[from] item: Leftovers\n|upkeep\n|turn|4\n|\n|t:|1661593213\n|switch|p1a: Heatran|Heatran, M|100\/100\n|-item|p1a: Heatran|Air Balloon\n|move|p2a: Ferrothorn|Leech Seed|p1a: Heatran|[miss]\n|-miss|p2a: Ferrothorn|p1a: Heatran\n|\n|-weather|RainDance|[upkeep]\n|-heal|p2a: Ferrothorn|85\/100|[from] item: Leftovers\n|upkeep\n|turn|5\n|\n|t:|1661593216\n|switch|p2a: Landorus|Landorus-Therian, M, shiny|100\/100\n|-ability|p2a: Landorus|Intimidate|boost\n|-unboost|p1a: Heatran|atk|1\n|move|p1a: Heatran|Magma Storm|p2a: Landorus\n|-damage|p2a: Landorus|79\/100\n|-activate|p2a: Landorus|move: Magma Storm|[of] p1a: Heatran\n|\n|-weather|none\n|-heal|p2a: Landorus|85\/100|[from] item: Leftovers\n|-damage|p2a: Landorus|73\/100|[from] move: Magma Storm|[partiallytrapped]\n|upkeep\n|turn|6\n|\n|t:|1661593218\n|move|p1a: Heatran|Stealth Rock|p2a: Landorus\n|-sidestart|p2: himynametay|move: Stealth Rock\n|move|p2a: Landorus|U-turn|p1a: Heatran\n|-resisted|p1a: Heatran\n|-damage|p1a: Heatran|95\/100\n|-enditem|p1a: Heatran|Air Balloon\n|\n|t:|1661593221\n|switch|p2a: Barraskewda|Barraskewda, M, shiny|100\/100|[from]move: U-turn\n|-damage|p2a: Barraskewda|88\/100|[from] Stealth Rock\n|\n|upkeep\n|turn|7\n|\n|t:|1661593226\n|switch|p2a: Landorus|Landorus-Therian, M, shiny|73\/100\n|-damage|p2a: Landorus|61\/100|[from] Stealth Rock\n|-ability|p2a: Landorus|Intimidate|boost\n|-unboost|p1a: Heatran|atk|1\n|switch|p1a: Tangrowth|Tangrowth, M|100\/100\n|\n|-heal|p2a: Landorus|67\/100|[from] item: Leftovers\n|upkeep\n|turn|8\n|\n|t:|1661593229\n|move|p2a: Landorus|U-turn|p1a: Tangrowth\n|-supereffective|p1a: Tangrowth\n|-damage|p1a: Tangrowth|78\/100\n|-damage|p2a: Landorus|50\/100|[from] item: Rocky Helmet|[of] p1a: Tangrowth\n|\n|t:|1661593231\n|switch|p2a: Ferrothorn|Ferrothorn, M, shiny|85\/100|[from]move: U-turn\n|-damage|p2a: Ferrothorn|79\/100|[from] Stealth Rock\n|move|p1a: Tangrowth|Giga Drain|p2a: Ferrothorn\n|-resisted|p2a: Ferrothorn\n|-damage|p2a: Ferrothorn|75\/100\n|-heal|p1a: Tangrowth|80\/100|[from] drain|[of] p2a: Ferrothorn\n|\n|-heal|p2a: Ferrothorn|81\/100|[from] item: Leftovers\n|upkeep\n|turn|9\n|\n|t:|1661593234\n|switch|p1a: Heatran|Heatran, M|95\/100\n|move|p2a: Ferrothorn|Spikes|p1a: Heatran\n|-sidestart|p1: minimax_ai|Spikes\n|\n|-heal|p2a: Ferrothorn|87\/100|[from] item: Leftovers\n|upkeep\n|turn|10\n|\n|t:|1661593238\n|switch|p2a: Pelipper|Pelipper, M, shiny|100\/100\n|-damage|p2a: Pelipper|75\/100|[from] Stealth Rock\n|-weather|RainDance|[from] ability: Drizzle|[of] p2a: Pelipper\n|move|p1a: Heatran|Magma Storm|p2a: Pelipper\n|-resisted|p2a: Pelipper\n|-damage|p2a: Pelipper|54\/100\n|-activate|p2a: Pelipper|move: Magma Storm|[of] p1a: Heatran\n|\n|-weather|RainDance|[upkeep]\n|-damage|p2a: Pelipper|42\/100|[from] move: Magma Storm|[partiallytrapped]\n|upkeep\n|turn|11\n|\n|t:|1661593243\n|switch|p1a: rotomwash|Rotom-Wash|60\/100\n|move|p2a: Pelipper|Weather Ball|p1a: rotomwash\n|-resisted|p1a: rotomwash\n|-damage|p1a: rotomwash|6\/100\n|\n|-weather|RainDance|[upkeep]\n|-end|p2a: Pelipper|Magma Storm|[partiallytrapped]|[silent]\n|upkeep\n|turn|12\n|\n|t:|1661593249\n|switch|p2a: Ferrothorn|Ferrothorn, M, shiny|87\/100\n|-damage|p2a: Ferrothorn|81\/100|[from] Stealth Rock\n|move|p1a: rotomwash|Hydro Pump|p2a: Ferrothorn\n|-resisted|p2a: Ferrothorn\n|-damage|p2a: Ferrothorn|62\/100\n|\n|-weather|RainDance|[upkeep]\n|-heal|p2a: Ferrothorn|68\/100|[from] item: Leftovers\n|upkeep\n|turn|13\n|\n|t:|1661593251\n|move|p1a: rotomwash|Pain Split|p2a: Ferrothorn\n|-sethp|p2a: Ferrothorn|36\/100|[from] move: Pain Split|[silent]\n|-sethp|p1a: rotomwash|42\/100|[from] move: Pain Split\n|move|p2a: Ferrothorn|Leech Seed|p1a: rotomwash\n|-start|p1a: rotomwash|move: Leech Seed\n|\n|-weather|RainDance|[upkeep]\n|-heal|p2a: Ferrothorn|42\/100|[from] item: Leftovers\n|-damage|p1a: rotomwash|29\/100|[from] Leech Seed|[of] p2a: Ferrothorn\n|-heal|p2a: Ferrothorn|53\/100|[silent]\n|upkeep\n|turn|14\n|\n|t:|1661593255\n|switch|p1a: landorustherian|Landorus-Therian, M|100\/100\n|-ability|p1a: landorustherian|Intimidate|boost\n|-unboost|p2a: Ferrothorn|atk|1\n|move|p2a: Ferrothorn|Spikes|p1a: landorustherian\n|-sidestart|p1: minimax_ai|Spikes\n|\n|-weather|none\n|-heal|p2a: Ferrothorn|59\/100|[from] item: Leftovers\n|upkeep\n|turn|15\n|\n|t:|1661593256\n|move|p1a: landorustherian|U-turn|p2a: Ferrothorn\n|-damage|p2a: Ferrothorn|42\/100\n|-damage|p1a: landorustherian|88\/100|[from] ability: Iron Barbs|[of] p2a: Ferrothorn\n|\n|t:|1661593257\n|switch|p1a: Tangrowth|Tangrowth, M|100\/100|[from]move: U-turn\n|-damage|p1a: Tangrowth|84\/100|[from] Spikes\n|move|p2a: Ferrothorn|Leech Seed|p1a: Tangrowth\n|-immune|p1a: Tangrowth\n|\n|-heal|p2a: Ferrothorn|48\/100|[from] item: Leftovers\n|upkeep\n|turn|16\n|\n|t:|1661593259\n|move|p1a: Tangrowth|Focus Blast|p2a: Ferrothorn\n|-supereffective|p2a: Ferrothorn\n|-damage|p2a: Ferrothorn|9\/100\n|move|p2a: Ferrothorn|Knock Off|p1a: Tangrowth\n|-damage|p1a: Tangrowth|76\/100\n|-damage|p2a: Ferrothorn|0 fnt|[from] item: Rocky Helmet|[of] p1a: Tangrowth\n|faint|p2a: Ferrothorn\n|\n|upkeep\n|\n|t:|1661593263\n|switch|p2a: Tapu Lele|Tapu Lele, shiny|100\/100\n|-damage|p2a: Tapu Lele|88\/100|[from] Stealth Rock\n|-fieldstart|move: Psychic Terrain|[from] ability: Psychic Surge|[of] p2a: Tapu Lele\n|turn|17\n|\n|t:|1661593266\n|switch|p1a: Melmetal|Melmetal|100\/100\n|-damage|p1a: Melmetal|84\/100|[from] Spikes\n|move|p2a: Tapu Lele|Future Sight|p1a: Melmetal\n|-start|p2a: Tapu Lele|move: Future Sight\n|\n|upkeep\n|turn|18\n|\n|t:|1661593269\n|switch|p2a: Landorus|Landorus-Therian, M, shiny|50\/100\n|-damage|p2a: Landorus|38\/100|[from] Stealth Rock\n|-ability|p2a: Landorus|Intimidate|boost\n|-unboost|p1a: Melmetal|atk|1\n|move|p1a: Melmetal|Double Iron Bash|p2a: Landorus\n|-damage|p2a: Landorus|13\/100\n|-damage|p2a: Landorus|0 fnt\n|faint|p2a: Landorus\n|-hitcount|p2: Landorus|2\n|\n|upkeep\n|\n|t:|1661593271\n|switch|p2a: Regieleki|Regieleki, shiny|100\/100\n|turn|19\n|\n|t:|1661593274\n|move|p2a: Regieleki|Electro Ball|p1a: Melmetal\n|-damage|p1a: Melmetal|33\/100\n|move|p1a: Melmetal|Double Iron Bash|p2a: Regieleki\n|-resisted|p2a: Regieleki\n|-damage|p2a: Regieleki|74\/100\n|-resisted|p2a: Regieleki\n|-damage|p2a: Regieleki|51\/100\n|-hitcount|p2a: Regieleki|2\n|\n|-end|p1a: Melmetal|move: Future Sight\n|-resisted|p1a: Melmetal\n|-damage|p1a: Melmetal|10\/100\n|upkeep\n|turn|20\n|\n|t:|1661593276\n|switch|p1a: landorustherian|Landorus-Therian, M|88\/100\n|-ability|p1a: landorustherian|Intimidate|boost\n|-unboost|p2a: Regieleki|atk|1\n|move|p2a: Regieleki|Electro Ball|p1a: landorustherian\n|-immune|p1a: landorustherian\n|\n|-heal|p1a: landorustherian|94\/100|[from] item: Leftovers\n|upkeep\n|turn|21\n|\n|t:|1661593279\n|switch|p2a: Tapu Lele|Tapu Lele, shiny|88\/100\n|-damage|p2a: Tapu Lele|76\/100|[from] Stealth Rock\n|move|p1a: landorustherian|Defog|p2a: Tapu Lele\n|-unboost|p2a: Tapu Lele|evasion|1\n|-sideend|p2: himynametay|Stealth Rock|[from] move: Defog|[of] p1a: landorustherian\n|-sideend|p1: minimax_ai|Spikes|[from] move: Defog|[of] p1a: landorustherian\n|-fieldend|move: Psychic Terrain\n|\n|-heal|p1a: landorustherian|99\/100|[from] item: Leftovers\n|upkeep\n|turn|22\n|\n|t:|1661593281\n|move|p2a: Tapu Lele|Moonblast|p1a: landorustherian\n|-damage|p1a: landorustherian|56\/100\n|move|p1a: landorustherian|Toxic|p2a: Tapu Lele\n|-status|p2a: Tapu Lele|tox\n|\n|-heal|p1a: landorustherian|62\/100|[from] item: Leftovers\n|-damage|p2a: Tapu Lele|70\/100 tox|[from] psn\n|upkeep\n|turn|23\n|\n|t:|1661593283\n|move|p2a: Tapu Lele|Moonblast|p1a: landorustherian\n|-damage|p1a: landorustherian|22\/100\n|move|p1a: landorustherian|Toxic|p2a: Tapu Lele\n|-fail|p2a: Tapu Lele|tox\n|\n|-heal|p1a: landorustherian|28\/100|[from] item: Leftovers\n|-damage|p2a: Tapu Lele|57\/100 tox|[from] psn\n|upkeep\n|turn|24\n|\n|t:|1661593285\n|move|p2a: Tapu Lele|Moonblast|p1a: landorustherian\n|-damage|p1a: landorustherian|0 fnt\n|faint|p1a: landorustherian\n|\n|-damage|p2a: Tapu Lele|39\/100 tox|[from] psn\n|upkeep\n|\n|t:|1661593285\n|switch|p1a: Heatran|Heatran, M|95\/100\n|turn|25\n|\n|t:|1661593287\n|switch|p2a: Pelipper|Pelipper, M, shiny|42\/100\n|-weather|RainDance|[from] ability: Drizzle|[of] p2a: Pelipper\n|move|p1a: Heatran|Magma Storm|p2a: Pelipper|[miss]\n|-miss|p1a: Heatran|p2a: Pelipper\n|\n|-weather|RainDance|[upkeep]\n|upkeep\n|turn|26\n|\n|t:|1661593290\n|switch|p1a: Melmetal|Melmetal|10\/100\n|move|p2a: Pelipper|Weather Ball|p1a: Melmetal\n|-damage|p1a: Melmetal|0 fnt\n|faint|p1a: Melmetal\n|\n|-weather|RainDance|[upkeep]\n|upkeep\n|\n|t:|1661593290\n|switch|p1a: Weavile|Weavile, F|100\/100\n|-ability|p1a: Weavile|Pressure\n|turn|27\n|\n|t:|1661593294\n|switch|p2a: Tapu Lele|Tapu Lele, shiny|39\/100 tox\n|-fieldstart|move: Psychic Terrain|[from] ability: Psychic Surge|[of] p2a: Tapu Lele\n|move|p1a: Weavile|Knock Off|p2a: Tapu Lele\n|-damage|p2a: Tapu Lele|0 fnt\n|-enditem|p2a: Tapu Lele|Choice Scarf|[from] move: Knock Off|[of] p1a: Weavile\n|faint|p2a: Tapu Lele\n|\n|-weather|RainDance|[upkeep]\n|upkeep\n|\n|t:|1661593296\n|switch|p2a: Regieleki|Regieleki, shiny|51\/100\n|turn|28\n|\n|t:|1661593299\n|move|p2a: Regieleki|Electro Ball|p1a: Weavile\n|-damage|p1a: Weavile|50\/100\n|move|p1a: Weavile|Knock Off|p2a: Regieleki\n|-damage|p2a: Regieleki|0 fnt\n|-enditem|p2a: Regieleki|Heavy-Duty Boots|[from] move: Knock Off|[of] p1a: Weavile\n|faint|p2a: Regieleki\n|\n|-weather|RainDance|[upkeep]\n|upkeep\n|\n|t:|1661593301\n|switch|p2a: Barraskewda|Barraskewda, M, shiny|88\/100\n|turn|29\n|\n|t:|1661593302\n|switch|p1a: Tangrowth|Tangrowth, M|100\/100\n|move|p2a: Barraskewda|Flip Turn|p1a: Tangrowth\n|-resisted|p1a: Tangrowth\n|-damage|p1a: Tangrowth|81\/100\n|-damage|p2a: Barraskewda|72\/100|[from] item: Rocky Helmet|[of] p1a: Tangrowth\n|\n|t:|1661593304\n|switch|p2a: Pelipper|Pelipper, M, shiny|42\/100|[from]move: Flip Turn\n|\n|-weather|none\n|upkeep\n|turn|30\n|\n|t:|1661593305\n|move|p2a: Pelipper|Hurricane|p1a: Tangrowth\n|-supereffective|p1a: Tangrowth\n|-damage|p1a: Tangrowth|0 fnt\n|faint|p1a: Tangrowth\n|\n|upkeep\n|\n|t:|1661593305\n|switch|p1a: rotomwash|Rotom-Wash|29\/100\n|turn|31\n|\n|t:|1661593312\n|move|p1a: rotomwash|Thunderbolt|p2a: Pelipper\n|-supereffective|p2a: Pelipper\n|-crit|p2a: Pelipper\n|-damage|p2a: Pelipper|0 fnt\n|faint|p2a: Pelipper\n|\n|-fieldend|move: Psychic Terrain\n|upkeep\n|\n|t:|1661593314\n|switch|p2a: Barraskewda|Barraskewda, M, shiny|72\/100\n|turn|32\n|\n|t:|1661593315\n|move|p2a: Barraskewda|Liquidation|p1a: rotomwash\n|-resisted|p1a: rotomwash\n|-damage|p1a: rotomwash|0 fnt\n|faint|p1a: rotomwash\n|\n|upkeep\n|\n|t:|1661593315\n|switch|p1a: Weavile|Weavile, F|50\/100\n|-ability|p1a: Weavile|Pressure\n|turn|33\n|\n|t:|1661593317\n|move|p1a: Weavile|Knock Off|p2a: Barraskewda\n|-damage|p2a: Barraskewda|0 fnt\n|-enditem|p2a: Barraskewda|Choice Band|[from] move: Knock Off|[of] p1a: Weavile\n|faint|p2a: Barraskewda\n|\n|win|minimax_ai\n|raw|minimax_ai's rating: 1385 &rarr; <strong>1410<\/strong><br \/>(+25 for winning)\n|raw|himynametay's rating: 1468 &rarr; <strong>1443<\/strong><br \/>(-25 for losing)\n|c|\u2606minimax_ai|gg\n","uploadtime":1661593319,"views":10,"p1id":"minimaxai","p2id":"himynametay","formatid":"gen8ou","rating":1410,"private":0,"password":null}