{"id":"gen8nationaldexag-1082397942","p1":"Blue chen","p2":"85792195ww","format":"gen8nationaldexag","log":"|j|\u2606Blue chen\n|j|\u260685792195ww\n|player|p1|Blue chen|clair|1708\n|player|p2|85792195ww|lady-gen4|1539\n|teamsize|p1|6\n|teamsize|p2|6\n|gametype|singles\n|gen|8\n|tier|[Gen 8] National Dex AG\n|rated|\n|clearpoke\n|poke|p1|Zygarde|\n|poke|p1|Zygarde|\n|poke|p1|Rayquaza|\n|poke|p1|Necrozma-Dusk-Mane|\n|poke|p1|Yveltal|\n|poke|p1|Lugia|\n|poke|p2|Kyogre|\n|poke|p2|Xerneas|\n|poke|p2|Ho-Oh|\n|poke|p2|Rayquaza|\n|poke|p2|Arceus-*|\n|poke|p2|Zacian-Crowned|\n|rule|HP Percentage Mod: HP is shown in percentages\n|rule|Endless Battle Clause: Forcing endless battles is banned\n|teampreview\n|\n|start\n|switch|p1a: Lugia|Lugia|100\/100\n|switch|p2a: Zacian|Zacian-Crowned|100\/100\n|-ability|p2a: Zacian|Intrepid Sword|boost\n|-boost|p2a: Zacian|atk|1\n|turn|1\n|\n|move|p2a: Zacian|Behemoth Blade|p1a: Lugia\n|-damage|p1a: Lugia|77\/100\n|move|p1a: Lugia|Thunder Wave|p2a: Zacian|[miss]\n|-miss|p1a: Lugia|p2a: Zacian\n|\n|upkeep\n|turn|2\n|\n|move|p2a: Zacian|Behemoth Blade|p1a: Lugia\n|-damage|p1a: Lugia|32\/100\n|move|p1a: Lugia|Thunder Wave|p2a: Zacian\n|-status|p2a: Zacian|par\n|\n|upkeep\n|turn|3\n|\n|switch|p2a: Kyogre|Kyogre|100\/100\n|-weather|RainDance|[from] ability: Drizzle|[of] p2a: Kyogre\n|move|p1a: Lugia|Roost|p1a: Lugia\n|-heal|p1a: Lugia|82\/100\n|-singleturn|p1a: Lugia|move: Roost\n|\n|-weather|RainDance|[upkeep]\n|upkeep\n|turn|4\n|\n|move|p2a: Kyogre|Water Spout|p1a: Lugia\n|-damage|p1a: Lugia|9\/100\n|move|p1a: Lugia|Thunder Wave|p2a: Kyogre\n|-status|p2a: Kyogre|par\n|\n|-weather|RainDance|[upkeep]\n|upkeep\n|turn|5\n|\n|move|p1a: Lugia|Roost|p1a: Lugia\n|-heal|p1a: Lugia|60\/100\n|-singleturn|p1a: Lugia|move: Roost\n|move|p2a: Kyogre|Water Spout|p1a: Lugia\n|-damage|p1a: Lugia|0 fnt\n|faint|p1a: Lugia\n|\n|-weather|RainDance|[upkeep]\n|upkeep\n|\n|switch|p1a: Yveltal|Yveltal|100\/100\n|-ability|p1a: Yveltal|Dark Aura\n|turn|6\n|\n|move|p1a: Yveltal|Knock Off|p2a: Kyogre\n|-damage|p2a: Kyogre|26\/100 par\n|-enditem|p2a: Kyogre|Choice Scarf|[from] move: Knock Off|[of] p1a: Yveltal\n|-damage|p1a: Yveltal|91\/100|[from] item: Life Orb\n|move|p2a: Kyogre|Water Spout|p1a: Yveltal\n|-damage|p1a: Yveltal|61\/100\n|\n|-weather|RainDance|[upkeep]\n|upkeep\n|turn|7\n|\n|move|p1a: Yveltal|Oblivion Wing|p2a: Kyogre\n|-damage|p2a: Kyogre|0 fnt\n|-heal|p1a: Yveltal|77\/100|[from] drain|[of] p2a: Kyogre\n|-damage|p1a: Yveltal|67\/100|[from] item: Life Orb\n|faint|p2a: Kyogre\n|\n|-weather|none\n|upkeep\n|\n|switch|p2a: Zacian|Zacian-Crowned|100\/100 par\n|-ability|p2a: Zacian|Intrepid Sword|boost\n|-boost|p2a: Zacian|atk|1\n|turn|8\n|\n|switch|p1a: Zygarde|Zygarde|100\/100\n|move|p2a: Zacian|Behemoth Blade|p1a: Zygarde\n|-damage|p1a: Zygarde|52\/100\n|\n|-heal|p1a: Zygarde|58\/100|[from] item: Leftovers\n|upkeep\n|turn|9\n|\n|move|p1a: Zygarde|Haze|p1a: Zygarde\n|-clearallboost\n|cant|p2a: Zacian|par\n|\n|-heal|p1a: Zygarde|65\/100|[from] item: Leftovers\n|upkeep\n|turn|10\n|\n|move|p1a: Zygarde|Substitute|p1a: Zygarde\n|-start|p1a: Zygarde|Substitute\n|-damage|p1a: Zygarde|40\/100\n|move|p2a: Zacian|Play Rough|p1a: Zygarde\n|-supereffective|p1a: Zygarde\n|-end|p1a: Zygarde|Substitute\n|\n|-heal|p1a: Zygarde|46\/100|[from] item: Leftovers\n|-activate|p1a: Zygarde|ability: Power Construct\n|detailschange|p1a: Zygarde|Zygarde-Complete\n|-heal|p1a: Zygarde|65\/100|[silent]\n|upkeep\n|turn|11\n|\n|cant|p2a: Zacian|par\n|move|p1a: Zygarde|Thousand Arrows|p2a: Zacian\n|-supereffective|p2a: Zacian\n|-damage|p2a: Zacian|41\/100 par\n|\n|-heal|p1a: Zygarde|71\/100|[from] item: Leftovers\n|upkeep\n|turn|12\n|\n|move|p2a: Zacian|Play Rough|p1a: Zygarde\n|-supereffective|p1a: Zygarde\n|-damage|p1a: Zygarde|30\/100\n|move|p1a: Zygarde|Substitute|p1a: Zygarde\n|-start|p1a: Zygarde|Substitute\n|-damage|p1a: Zygarde|5\/100\n|\n|-heal|p1a: Zygarde|11\/100|[from] item: Leftovers\n|upkeep\n|turn|13\n|\n|move|p2a: Zacian|Play Rough|p1a: Zygarde\n|-supereffective|p1a: Zygarde\n|-end|p1a: Zygarde|Substitute\n|move|p1a: Zygarde|Thousand Arrows|p2a: Zacian\n|-supereffective|p2a: Zacian\n|-damage|p2a: Zacian|0 fnt\n|faint|p2a: Zacian\n|\n|-heal|p1a: Zygarde|17\/100|[from] item: Leftovers\n|upkeep\n|\n|switch|p2a: Arceus|Arceus|100\/100\n|turn|14\n|\n|move|p2a: Arceus|Ice Beam|p1a: Zygarde\n|-supereffective|p1a: Zygarde\n|-crit|p1a: Zygarde\n|-damage|p1a: Zygarde|0 fnt\n|-damage|p2a: Arceus|91\/100|[from] item: Life Orb\n|faint|p1a: Zygarde\n|\n|upkeep\n|j|\u203dagltdlc lorgone\n|\n|switch|p1a: Yveltal|Yveltal|67\/100\n|-ability|p1a: Yveltal|Dark Aura\n|turn|15\n|\n|-start|p1a: Yveltal|Dynamax\n|-heal|p1a: Yveltal|67\/100|[silent]\n|move|p2a: Arceus|Swords Dance|p2a: Arceus\n|-boost|p2a: Arceus|atk|2\n|move|p1a: Yveltal|Max Airstream|p2a: Arceus\n|-damage|p2a: Arceus|19\/100\n|-boost|p1a: Yveltal|spe|1\n|-damage|p1a: Yveltal|62\/100|[from] item: Life Orb\n|\n|upkeep\n|turn|16\n|\n|move|p2a: Arceus|Extreme Speed|p1a: Yveltal\n|-damage|p1a: Yveltal|9\/100\n|-damage|p2a: Arceus|9\/100|[from] item: Life Orb\n|move|p1a: Yveltal|Max Airstream|p2a: Arceus\n|-damage|p2a: Arceus|0 fnt\n|-boost|p1a: Yveltal|spe|1\n|-damage|p1a: Yveltal|4\/100|[from] item: Life Orb\n|faint|p2a: Arceus\n|\n|upkeep\n|\n|switch|p2a: Xerneas|Xerneas|100\/100\n|-ability|p2a: Xerneas|Fairy Aura\n|turn|17\n|\n|move|p1a: Yveltal|Max Darkness|p2a: Xerneas\n|-resisted|p2a: Xerneas\n|-damage|p2a: Xerneas|51\/100\n|-unboost|p2a: Xerneas|spd|1\n|-damage|p1a: Yveltal|0 fnt|[from] item: Life Orb\n|faint|p1a: Yveltal\n|move|p2a: Xerneas|Geomancy||[still]\n|-prepare|p2a: Xerneas|Geomancy|p2a: Xerneas\n|-enditem|p2a: Xerneas|Power Herb\n|-anim|p2a: Xerneas|Geomancy|p2a: Xerneas\n|-boost|p2a: Xerneas|spa|2\n|-boost|p2a: Xerneas|spd|2\n|-boost|p2a: Xerneas|spe|2\n|\n|upkeep\n|\n|switch|p1a: Necrozma|Necrozma-Dusk-Mane|100\/100\n|turn|18\n|\n|detailschange|p1a: Necrozma|Necrozma-Ultra\n|-burst|p1a: Necrozma|Necrozma|Ultranecrozium Z\n|-start|p2a: Xerneas|Dynamax\n|-heal|p2a: Xerneas|51\/100|[silent]\n|move|p2a: Xerneas|Max Lightning|p1a: Necrozma\n|-resisted|p1a: Necrozma\n|-damage|p1a: Necrozma|42\/100\n|-fieldstart|move: Electric Terrain\n|move|p1a: Necrozma|Photon Geyser|p2a: Xerneas\n|-damage|p2a: Xerneas|24\/100\n|\n|upkeep\n|turn|19\n|\n|move|p2a: Xerneas|Max Starfall|p1a: Necrozma\n|-supereffective|p1a: Necrozma\n|-damage|p1a: Necrozma|0 fnt\n|-fieldstart|move: Misty Terrain\n|faint|p1a: Necrozma\n|\n|upkeep\n|-message|Blue chen forfeited.\n|\n|win|85792195ww\n|l|\u2606Blue chen\n","uploadtime":1584725371,"views":15,"p1id":"bluechen","p2id":"85792195ww","formatid":"gen8nationaldexag","rating":0,"private":0,"password":null}