{"id":"gen8ou-1655995763","p1":"himynametay","p2":"Typhlowsion","format":"gen8ou","log":"|j|\u203dhimynametay\n|j|\u2606Typhlowsion\n|t:|1662310374\n|gametype|singles\n|player|p1|himynametay|elesa-masters|1561\n|player|p2|Typhlowsion|ethan|1640\n|teamsize|p1|6\n|teamsize|p2|6\n|gen|8\n|tier|[Gen 8] OU\n|rated|\n|rule|Sleep Clause Mod: Limit one foe put to sleep\n|rule|Species Clause: Limit one of each Pok\u00e9mon\n|rule|OHKO Clause: OHKO moves are banned\n|rule|Evasion Items Clause: Evasion items are banned\n|rule|Evasion Moves Clause: Evasion moves are banned\n|rule|Endless Battle Clause: Forcing endless battles is banned\n|rule|HP Percentage Mod: HP is shown in percentages\n|rule|Dynamax Clause: You cannot dynamax\n|clearpoke\n|poke|p1|Landorus-Therian, M|\n|poke|p1|Ferrothorn, M|\n|poke|p1|Urshifu-*, F|\n|poke|p1|Tornadus-Therian, M|\n|poke|p1|Dragapult, M|\n|poke|p1|Tapu Lele|\n|poke|p2|Barraskewda, M|\n|poke|p2|Pelipper, M|\n|poke|p2|Ferrothorn, M|\n|poke|p2|Crawdaunt, M|\n|poke|p2|Zapdos|\n|poke|p2|Nidoking, M|\n|teampreview\n|\n|t:|1662310393\n|start\n|switch|p1a: Dragapult|Dragapult, M|100\/100\n|switch|p2a: Crawdaunt|Crawdaunt, M|100\/100\n|turn|1\n|\n|t:|1662310440\n|switch|p1a: Ferrothorn|Ferrothorn, M|100\/100\n|switch|p2a: Ferrothorn|Ferrothorn, M|100\/100\n|\n|upkeep\n|turn|2\n|\n|t:|1662310448\n|move|p2a: Ferrothorn|Knock Off|p1a: Ferrothorn\n|-damage|p1a: Ferrothorn|88\/100\n|-damage|p2a: Ferrothorn|88\/100|[from] ability: Iron Barbs|[of] p1a: Ferrothorn\n|-damage|p2a: Ferrothorn|72\/100|[from] item: Rocky Helmet|[of] p1a: Ferrothorn\n|-enditem|p1a: Ferrothorn|Rocky Helmet|[from] move: Knock Off|[of] p2a: Ferrothorn\n|move|p1a: Ferrothorn|Knock Off|p2a: Ferrothorn\n|-crit|p2a: Ferrothorn\n|-damage|p2a: Ferrothorn|52\/100\n|-damage|p1a: Ferrothorn|75\/100|[from] ability: Iron Barbs|[of] p2a: Ferrothorn\n|-enditem|p2a: Ferrothorn|Leftovers|[from] move: Knock Off|[of] p1a: Ferrothorn\n|\n|upkeep\n|turn|3\n|inactive|Battle timer is ON: inactive players will automatically lose when time's up. (requested by Typhlowsion)\n|\n|t:|1662310457\n|move|p2a: Ferrothorn|Stealth Rock|p1a: Ferrothorn\n|-sidestart|p1: himynametay|move: Stealth Rock\n|move|p1a: Ferrothorn|Stealth Rock|p2a: Ferrothorn\n|-sidestart|p2: Typhlowsion|move: Stealth Rock\n|\n|upkeep\n|turn|4\n|\n|t:|1662310469\n|switch|p1a: Urshifu|Urshifu-Rapid-Strike, F|100\/100\n|-damage|p1a: Urshifu|94\/100|[from] Stealth Rock\n|move|p2a: Ferrothorn|Spikes|p1a: Urshifu\n|-sidestart|p1: himynametay|Spikes\n|\n|upkeep\n|turn|5\n|\n|t:|1662310474\n|move|p1a: Urshifu|Close Combat|p2a: Ferrothorn\n|-supereffective|p2a: Ferrothorn\n|-damage|p2a: Ferrothorn|0 fnt\n|-unboost|p1a: Urshifu|def|1\n|-unboost|p1a: Urshifu|spd|1\n|-activate|p2a: Ferrothorn|ability: Iron Barbs\n|-activate|p1a: Urshifu|item: Protective Pads\n|faint|p2a: Ferrothorn\n|\n|upkeep\n|\n|t:|1662310480\n|switch|p2a: Zapdos|Zapdos|100\/100\n|-damage|p2a: Zapdos|76\/100|[from] Stealth Rock\n|turn|6\n|\n|t:|1662310493\n|switch|p1a: Landorus|Landorus-Therian, M|100\/100\n|-damage|p1a: Landorus|88\/100|[from] Stealth Rock\n|-ability|p1a: Landorus|Intimidate|boost\n|-unboost|p2a: Zapdos|atk|1\n|move|p2a: Zapdos|Hurricane|p1a: Landorus|[miss]\n|-miss|p2a: Zapdos|p1a: Landorus\n|\n|-heal|p1a: Landorus|94\/100|[from] item: Leftovers\n|upkeep\n|turn|7\n|\n|t:|1662310497\n|move|p2a: Zapdos|Hurricane|p1a: Landorus|[miss]\n|-miss|p2a: Zapdos|p1a: Landorus\n|move|p1a: Landorus|Defog|p2a: Zapdos\n|-unboost|p2a: Zapdos|evasion|1\n|-sideend|p2: Typhlowsion|Stealth Rock|[from] move: Defog|[of] p1a: Landorus\n|-sideend|p1: himynametay|Spikes|[from] move: Defog|[of] p1a: Landorus\n|-sideend|p1: himynametay|Stealth Rock|[from] move: Defog|[of] p1a: Landorus\n|\n|-heal|p1a: Landorus|99\/100|[from] item: Leftovers\n|upkeep\n|turn|8\n|\n|t:|1662310499\n|move|p2a: Zapdos|Hurricane|p1a: Landorus\n|-damage|p1a: Landorus|48\/100\n|-damage|p2a: Zapdos|66\/100|[from] item: Life Orb\n|move|p1a: Landorus|Toxic|p2a: Zapdos\n|-status|p2a: Zapdos|tox\n|\n|-heal|p1a: Landorus|54\/100|[from] item: Leftovers\n|-damage|p2a: Zapdos|59\/100 tox|[from] psn\n|upkeep\n|turn|9\n|\n|t:|1662310505\n|move|p2a: Zapdos|Hurricane|p1a: Landorus|[miss]\n|-miss|p2a: Zapdos|p1a: Landorus\n|move|p1a: Landorus|U-turn|p2a: Zapdos\n|-resisted|p2a: Zapdos\n|-damage|p2a: Zapdos|47\/100 tox\n|-status|p1a: Landorus|par|[from] ability: Static|[of] p2a: Zapdos\n|\n|t:|1662310508\n|switch|p1a: Dragapult|Dragapult, M|100\/100|[from]move: U-turn\n|\n|-damage|p2a: Zapdos|34\/100 tox|[from] psn\n|upkeep\n|turn|10\n|\n|t:|1662310511\n|move|p1a: Dragapult|Draco Meteor|p2a: Zapdos\n|-damage|p2a: Zapdos|0 fnt\n|-unboost|p1a: Dragapult|spa|2\n|faint|p2a: Zapdos\n|\n|upkeep\n|\n|t:|1662310515\n|switch|p2a: Crawdaunt|Crawdaunt, M|100\/100\n|turn|11\n|\n|t:|1662310520\n|switch|p1a: Urshifu|Urshifu-Rapid-Strike, F|94\/100\n|move|p2a: Crawdaunt|Swords Dance|p2a: Crawdaunt\n|-boost|p2a: Crawdaunt|atk|2\n|\n|upkeep\n|turn|12\n|\n|t:|1662310524\n|switch|p2a: Pelipper|Pelipper, M|100\/100\n|-weather|RainDance|[from] ability: Drizzle|[of] p2a: Pelipper\n|move|p1a: Urshifu|Close Combat|p2a: Pelipper\n|-resisted|p2a: Pelipper\n|-damage|p2a: Pelipper|76\/100\n|-unboost|p1a: Urshifu|def|1\n|-unboost|p1a: Urshifu|spd|1\n|\n|-weather|RainDance|[upkeep]\n|upkeep\n|turn|13\n|\n|t:|1662310526\n|move|p1a: Urshifu|U-turn|p2a: Pelipper\n|-resisted|p2a: Pelipper\n|-damage|p2a: Pelipper|66\/100\n|\n|t:|1662310528\n|switch|p1a: Tornadus|Tornadus-Therian, M|100\/100|[from]move: U-turn\n|move|p2a: Pelipper|U-turn|p1a: Tornadus\n|-resisted|p1a: Tornadus\n|-damage|p1a: Tornadus|96\/100\n|\n|t:|1662310531\n|switch|p2a: Barraskewda|Barraskewda, M|100\/100|[from]move: U-turn\n|\n|-weather|RainDance|[upkeep]\n|upkeep\n|turn|14\n|\n|t:|1662310537\n|move|p2a: Barraskewda|Close Combat|p1a: Tornadus\n|-resisted|p1a: Tornadus\n|-damage|p1a: Tornadus|58\/100\n|-unboost|p2a: Barraskewda|def|1\n|-unboost|p2a: Barraskewda|spd|1\n|move|p1a: Tornadus|Hurricane|p2a: Barraskewda\n|-damage|p2a: Barraskewda|0 fnt\n|faint|p2a: Barraskewda\n|\n|-weather|RainDance|[upkeep]\n|upkeep\n|-message|Typhlowsion forfeited.\n|\n|win|himynametay\n|raw|himynametay's rating: 1561 &rarr; <strong>1585<\/strong><br \/>(+24 for winning)\n|raw|Typhlowsion's rating: 1640 &rarr; <strong>1616<\/strong><br \/>(-24 for losing)\n|l|\u2606Typhlowsion\n||Ladder isn't responding, score probably updated but might not have (Request timeout).\n","uploadtime":1662310550,"views":8,"p1id":"himynametay","p2id":"typhlowsion","formatid":"gen8ou","rating":1585,"private":0,"password":null}