{"id":"gen8ou-1654128935","p1":"minimax_ai","p2":"Daevank5","format":"gen8ou","log":"|j|\u2606minimax_ai\n|j|\u2606Daevank5\n|t:|1662099192\n|gametype|singles\n|player|p1|minimax_ai|lusamine-nihilego|1605\n|player|p2|Daevank5|workerice|1813\n|teamsize|p1|6\n|teamsize|p2|6\n|gen|8\n|tier|[Gen 8] OU\n|rated|\n|rule|Sleep Clause Mod: Limit one foe put to sleep\n|rule|Species Clause: Limit one of each Pok\u00e9mon\n|rule|OHKO Clause: OHKO moves are banned\n|rule|Evasion Items Clause: Evasion items are banned\n|rule|Evasion Moves Clause: Evasion moves are banned\n|rule|Endless Battle Clause: Forcing endless battles is banned\n|rule|HP Percentage Mod: HP is shown in percentages\n|rule|Dynamax Clause: You cannot dynamax\n|clearpoke\n|poke|p1|Rotom-Wash|\n|poke|p1|Weavile, F|\n|poke|p1|Landorus-Therian, M|\n|poke|p1|Heatran, M|\n|poke|p1|Tangrowth, F|\n|poke|p1|Melmetal|\n|poke|p2|Keldeo-Resolute|\n|poke|p2|Zapdos|\n|poke|p2|Garchomp, F|\n|poke|p2|Clefable, M|\n|poke|p2|Melmetal|\n|poke|p2|Weavile, M|\n|teampreview\n|c|\u2606minimax_ai|hf\n|inactive|Battle timer is ON: inactive players will automatically lose when time's up. (requested by minimax_ai)\n|c|\u2606Daevank5|u 2\n|\n|t:|1662099217\n|start\n|switch|p1a: Melmetal|Melmetal|100\/100\n|switch|p2a: Weavile|Weavile, M|100\/100\n|-ability|p2a: Weavile|Pressure\n|turn|1\n|\n|t:|1662099235\n|move|p2a: Weavile|Knock Off|p1a: Melmetal\n|-damage|p1a: Melmetal|71\/100\n|-enditem|p1a: Melmetal|Assault Vest|[from] move: Knock Off|[of] p2a: Weavile\n|move|p1a: Melmetal|Double Iron Bash|p2a: Weavile\n|-supereffective|p2a: Weavile\n|-damage|p2a: Weavile|0 fnt\n|faint|p2a: Weavile\n|-hitcount|p2: Weavile|1\n|\n|upkeep\n|\n|t:|1662099242\n|switch|p2a: Zapdos|Zapdos|100\/100\n|turn|2\n|\n|t:|1662099245\n|move|p2a: Zapdos|Volt Switch|p1a: Melmetal\n|-damage|p1a: Melmetal|48\/100\n|\n|t:|1662099252\n|switch|p2a: Keldeo|Keldeo-Resolute|100\/100|[from]move: Volt Switch\n|move|p1a: Melmetal|Ice Punch|p2a: Keldeo\n|-resisted|p2a: Keldeo\n|-damage|p2a: Keldeo|80\/100\n|\n|upkeep\n|turn|3\n|\n|t:|1662099255\n|switch|p1a: rotomwash|Rotom-Wash|100\/100\n|move|p2a: Keldeo|Scald|p1a: rotomwash\n|-resisted|p1a: rotomwash\n|-damage|p1a: rotomwash|67\/100\n|\n|-heal|p1a: rotomwash|73\/100|[from] item: Leftovers\n|upkeep\n|turn|4\n|\n|t:|1662099257\n|switch|p2a: Garchomp|Garchomp, F|100\/100\n|move|p1a: rotomwash|Nasty Plot|p1a: rotomwash\n|-boost|p1a: rotomwash|spa|2\n|\n|-heal|p1a: rotomwash|79\/100|[from] item: Leftovers\n|upkeep\n|turn|5\n|\n|t:|1662099260\n|move|p1a: rotomwash|Hydro Pump|p2a: Garchomp\n|-damage|p2a: Garchomp|48\/100\n|move|p2a: Garchomp|Dragon Tail|p1a: rotomwash\n|-damage|p1a: rotomwash|51\/100\n|drag|p1a: Tangrowth|Tangrowth, F|100\/100\n|\n|-heal|p2a: Garchomp|55\/100|[from] item: Leftovers\n|upkeep\n|turn|6\n|\n|t:|1662099263\n|move|p2a: Garchomp|Toxic|p1a: Tangrowth\n|-status|p1a: Tangrowth|tox\n|move|p1a: Tangrowth|Giga Drain|p2a: Garchomp\n|-damage|p2a: Garchomp|35\/100\n|\n|-heal|p2a: Garchomp|41\/100|[from] item: Leftovers\n|-damage|p1a: Tangrowth|94\/100 tox|[from] psn\n|upkeep\n|turn|7\n|\n|t:|1662099264\n|move|p2a: Garchomp|Stealth Rock|p1a: Tangrowth\n|-sidestart|p1: minimax_ai|move: Stealth Rock\n|move|p1a: Tangrowth|Giga Drain|p2a: Garchomp\n|-damage|p2a: Garchomp|22\/100\n|-heal|p1a: Tangrowth|100\/100 tox|[from] drain|[of] p2a: Garchomp\n|\n|-heal|p2a: Garchomp|29\/100|[from] item: Leftovers\n|-damage|p1a: Tangrowth|88\/100 tox|[from] psn\n|upkeep\n|turn|8\n|\n|t:|1662099268\n|switch|p2a: Clefable|Clefable, M|100\/100\n|move|p1a: Tangrowth|Sleep Powder|p2a: Clefable\n|-status|p2a: Clefable|slp|[from] move: Sleep Powder\n|\n|-damage|p1a: Tangrowth|70\/100 tox|[from] psn\n|upkeep\n|turn|9\n|\n|t:|1662099273\n|cant|p2a: Clefable|slp\n|move|p1a: Tangrowth|Giga Drain|p2a: Clefable\n|-crit|p2a: Clefable\n|-damage|p2a: Clefable|69\/100 slp\n|-heal|p1a: Tangrowth|85\/100 tox|[from] drain|[of] p2a: Clefable\n|\n|-heal|p2a: Clefable|75\/100 slp|[from] item: Leftovers\n|-damage|p1a: Tangrowth|60\/100 tox|[from] psn\n|upkeep\n|turn|10\n|\n|t:|1662099276\n|switch|p1a: landorustherian|Landorus-Therian, M|100\/100\n|-damage|p1a: landorustherian|88\/100|[from] Stealth Rock\n|-ability|p1a: landorustherian|Intimidate|boost\n|-unboost|p2a: Clefable|atk|1\n|-curestatus|p2a: Clefable|slp|[msg]\n|move|p2a: Clefable|Wish|p2a: Clefable\n|\n|-heal|p1a: landorustherian|94\/100|[from] item: Leftovers\n|-heal|p2a: Clefable|81\/100|[from] item: Leftovers\n|upkeep\n|turn|11\n|\n|t:|1662099285\n|switch|p2a: Keldeo|Keldeo-Resolute|80\/100\n|move|p1a: landorustherian|Defog|p2a: Keldeo\n|-unboost|p2a: Keldeo|evasion|1\n|-sideend|p1: minimax_ai|Stealth Rock|[from] move: Defog|[of] p1a: landorustherian\n|\n|-heal|p2a: Keldeo|100\/100|[from] move: Wish|[wisher] Clefable\n|-heal|p1a: landorustherian|99\/100|[from] item: Leftovers\n|upkeep\n|turn|12\n|\n|t:|1662099290\n|switch|p1a: Tangrowth|Tangrowth, F|93\/100 tox\n|move|p2a: Keldeo|Scald|p1a: Tangrowth\n|-resisted|p1a: Tangrowth\n|-damage|p1a: Tangrowth|47\/100 tox\n|\n|-damage|p1a: Tangrowth|41\/100 tox|[from] psn\n|upkeep\n|turn|13\n|\n|t:|1662099292\n|switch|p1a: rotomwash|Rotom-Wash|51\/100\n|move|p2a: Keldeo|Scald|p1a: rotomwash\n|-resisted|p1a: rotomwash\n|-damage|p1a: rotomwash|16\/100\n|\n|-heal|p1a: rotomwash|23\/100|[from] item: Leftovers\n|upkeep\n|turn|14\n|\n|t:|1662099295\n|move|p2a: Keldeo|Scald|p1a: rotomwash\n|-resisted|p1a: rotomwash\n|-damage|p1a: rotomwash|0 fnt\n|faint|p1a: rotomwash\n|\n|upkeep\n|\n|t:|1662099295\n|switch|p1a: Tangrowth|Tangrowth, F|74\/100 tox\n|turn|15\n|\n|t:|1662099305\n|switch|p2a: Zapdos|Zapdos|100\/100\n|move|p1a: Tangrowth|Giga Drain|p2a: Zapdos\n|-resisted|p2a: Zapdos\n|-damage|p2a: Zapdos|87\/100\n|-heal|p1a: Tangrowth|80\/100 tox|[from] drain|[of] p2a: Zapdos\n|\n|-damage|p1a: Tangrowth|74\/100 tox|[from] psn\n|upkeep\n|turn|16\n|\n|t:|1662099308\n|switch|p1a: landorustherian|Landorus-Therian, M|99\/100\n|-ability|p1a: landorustherian|Intimidate|boost\n|-unboost|p2a: Zapdos|atk|1\n|move|p2a: Zapdos|Hurricane|p1a: landorustherian\n|-damage|p1a: landorustherian|68\/100\n|-start|p1a: landorustherian|confusion\n|\n|-heal|p1a: landorustherian|74\/100|[from] item: Leftovers\n|upkeep\n|turn|17\n|\n|t:|1662099314\n|switch|p2a: Keldeo|Keldeo-Resolute|100\/100\n|-activate|p1a: landorustherian|confusion\n|move|p1a: landorustherian|Earthquake|p2a: Keldeo\n|-damage|p2a: Keldeo|42\/100\n|\n|-heal|p1a: landorustherian|80\/100|[from] item: Leftovers\n|upkeep\n|turn|18\n|\n|t:|1662099315\n|switch|p1a: Tangrowth|Tangrowth, F|100\/100 tox\n|move|p2a: Keldeo|Scald|p1a: Tangrowth\n|-resisted|p1a: Tangrowth\n|-damage|p1a: Tangrowth|57\/100 tox\n|\n|-damage|p1a: Tangrowth|50\/100 tox|[from] psn\n|upkeep\n|turn|19\n|\n|t:|1662099328\n|switch|p2a: Clefable|Clefable, M|81\/100\n|move|p1a: Tangrowth|Giga Drain|p2a: Clefable\n|-damage|p2a: Clefable|60\/100\n|-heal|p1a: Tangrowth|61\/100 tox|[from] drain|[of] p2a: Clefable\n|\n|-heal|p2a: Clefable|66\/100|[from] item: Leftovers\n|-damage|p1a: Tangrowth|48\/100 tox|[from] psn\n|upkeep\n|turn|20\n|\n|t:|1662099329\n|switch|p1a: landorustherian|Landorus-Therian, M|80\/100\n|-ability|p1a: landorustherian|Intimidate|boost\n|-unboost|p2a: Clefable|atk|1\n|move|p2a: Clefable|Wish|p2a: Clefable\n|\n|-heal|p1a: landorustherian|86\/100|[from] item: Leftovers\n|-heal|p2a: Clefable|73\/100|[from] item: Leftovers\n|upkeep\n|turn|21\n|\n|t:|1662099333\n|move|p2a: Clefable|Protect|p2a: Clefable\n|-singleturn|p2a: Clefable|Protect\n|move|p1a: landorustherian|Earthquake|p2a: Clefable\n|-activate|p2a: Clefable|move: Protect\n|\n|-heal|p2a: Clefable|100\/100|[from] move: Wish|[wisher] Clefable\n|-heal|p1a: landorustherian|92\/100|[from] item: Leftovers\n|upkeep\n|turn|22\n|\n|t:|1662099334\n|move|p1a: landorustherian|Earthquake|p2a: Clefable\n|-damage|p2a: Clefable|58\/100\n|move|p2a: Clefable|Wish|p2a: Clefable\n|\n|-heal|p1a: landorustherian|98\/100|[from] item: Leftovers\n|-heal|p2a: Clefable|64\/100|[from] item: Leftovers\n|upkeep\n|turn|23\n|\n|t:|1662099337\n|move|p1a: landorustherian|Earthquake|p2a: Clefable\n|-damage|p2a: Clefable|23\/100\n|move|p2a: Clefable|Moonblast|p1a: landorustherian\n|-damage|p1a: landorustherian|77\/100\n|-unboost|p1a: landorustherian|spa|1\n|\n|-heal|p2a: Clefable|73\/100|[from] move: Wish|[wisher] Clefable\n|-heal|p1a: landorustherian|83\/100|[from] item: Leftovers\n|-heal|p2a: Clefable|79\/100|[from] item: Leftovers\n|upkeep\n|turn|24\n|\n|t:|1662099338\n|move|p2a: Clefable|Protect|p2a: Clefable\n|-singleturn|p2a: Clefable|Protect\n|move|p1a: landorustherian|Earthquake|p2a: Clefable\n|-activate|p2a: Clefable|move: Protect\n|\n|-heal|p1a: landorustherian|89\/100|[from] item: Leftovers\n|-heal|p2a: Clefable|85\/100|[from] item: Leftovers\n|upkeep\n|turn|25\n|\n|t:|1662099339\n|move|p1a: landorustherian|Earthquake|p2a: Clefable\n|-damage|p2a: Clefable|43\/100\n|move|p2a: Clefable|Wish|p2a: Clefable\n|\n|-heal|p1a: landorustherian|95\/100|[from] item: Leftovers\n|-heal|p2a: Clefable|49\/100|[from] item: Leftovers\n|upkeep\n|turn|26\n|\n|t:|1662099341\n|move|p2a: Clefable|Protect|p2a: Clefable\n|-singleturn|p2a: Clefable|Protect\n|move|p1a: landorustherian|Earthquake|p2a: Clefable\n|-activate|p2a: Clefable|move: Protect\n|\n|-heal|p2a: Clefable|99\/100|[from] move: Wish|[wisher] Clefable\n|-heal|p1a: landorustherian|100\/100|[from] item: Leftovers\n|-heal|p2a: Clefable|100\/100|[from] item: Leftovers\n|upkeep\n|turn|27\n|\n|t:|1662099342\n|move|p1a: landorustherian|Earthquake|p2a: Clefable\n|-damage|p2a: Clefable|57\/100\n|move|p2a: Clefable|Wish|p2a: Clefable\n|\n|-heal|p2a: Clefable|63\/100|[from] item: Leftovers\n|upkeep\n|turn|28\n|\n|t:|1662099345\n|move|p2a: Clefable|Protect|p2a: Clefable\n|-singleturn|p2a: Clefable|Protect\n|move|p1a: landorustherian|Earthquake|p2a: Clefable\n|-activate|p2a: Clefable|move: Protect\n|\n|-heal|p2a: Clefable|100\/100|[from] move: Wish|[wisher] Clefable\n|upkeep\n|turn|29\n|\n|t:|1662099346\n|move|p1a: landorustherian|Earthquake|p2a: Clefable\n|-damage|p2a: Clefable|57\/100\n|move|p2a: Clefable|Wish|p2a: Clefable\n|\n|-heal|p2a: Clefable|63\/100|[from] item: Leftovers\n|upkeep\n|turn|30\n|\n|t:|1662099349\n|move|p1a: landorustherian|Earthquake|p2a: Clefable\n|-damage|p2a: Clefable|24\/100\n|move|p2a: Clefable|Moonblast|p1a: landorustherian\n|-damage|p1a: landorustherian|75\/100\n|\n|-heal|p2a: Clefable|74\/100|[from] move: Wish|[wisher] Clefable\n|-heal|p1a: landorustherian|81\/100|[from] item: Leftovers\n|-heal|p2a: Clefable|80\/100|[from] item: Leftovers\n|upkeep\n|turn|31\n|\n|t:|1662099351\n|move|p1a: landorustherian|Earthquake|p2a: Clefable\n|-damage|p2a: Clefable|36\/100\n|move|p2a: Clefable|Wish|p2a: Clefable\n|\n|-heal|p1a: landorustherian|87\/100|[from] item: Leftovers\n|-heal|p2a: Clefable|42\/100|[from] item: Leftovers\n|upkeep\n|turn|32\n|\n|t:|1662099352\n|move|p2a: Clefable|Protect|p2a: Clefable\n|-singleturn|p2a: Clefable|Protect\n|move|p1a: landorustherian|Earthquake|p2a: Clefable\n|-activate|p2a: Clefable|move: Protect\n|\n|-heal|p2a: Clefable|92\/100|[from] move: Wish|[wisher] Clefable\n|-heal|p1a: landorustherian|93\/100|[from] item: Leftovers\n|-heal|p2a: Clefable|98\/100|[from] item: Leftovers\n|upkeep\n|turn|33\n|\n|t:|1662099353\n|move|p1a: landorustherian|Earthquake|p2a: Clefable\n|-damage|p2a: Clefable|56\/100\n|move|p2a: Clefable|Wish|p2a: Clefable\n|\n|-heal|p1a: landorustherian|99\/100|[from] item: Leftovers\n|-heal|p2a: Clefable|62\/100|[from] item: Leftovers\n|upkeep\n|turn|34\n|\n|t:|1662099356\n|move|p1a: landorustherian|Earthquake|p2a: Clefable\n|-damage|p2a: Clefable|20\/100\n|move|p2a: Clefable|Moonblast|p1a: landorustherian\n|-damage|p1a: landorustherian|77\/100\n|\n|-heal|p2a: Clefable|70\/100|[from] move: Wish|[wisher] Clefable\n|-heal|p1a: landorustherian|83\/100|[from] item: Leftovers\n|-heal|p2a: Clefable|76\/100|[from] item: Leftovers\n|upkeep\n|turn|35\n|\n|t:|1662099357\n|move|p1a: landorustherian|Earthquake|p2a: Clefable\n|-damage|p2a: Clefable|34\/100\n|move|p2a: Clefable|Wish|p2a: Clefable\n|\n|-heal|p1a: landorustherian|89\/100|[from] item: Leftovers\n|-heal|p2a: Clefable|40\/100|[from] item: Leftovers\n|upkeep\n|turn|36\n|\n|t:|1662099359\n|move|p1a: landorustherian|Toxic|p2a: Clefable\n|-status|p2a: Clefable|tox\n|move|p2a: Clefable|Moonblast|p1a: landorustherian\n|-damage|p1a: landorustherian|67\/100\n|\n|-heal|p2a: Clefable|90\/100 tox|[from] move: Wish|[wisher] Clefable\n|-heal|p1a: landorustherian|73\/100|[from] item: Leftovers\n|-heal|p2a: Clefable|96\/100 tox|[from] item: Leftovers\n|upkeep\n|turn|37\n|\n|t:|1662099361\n|move|p1a: landorustherian|Toxic|p2a: Clefable\n|-fail|p2a: Clefable|tox\n|move|p2a: Clefable|Wish|p2a: Clefable\n|\n|-heal|p1a: landorustherian|79\/100|[from] item: Leftovers\n|-heal|p2a: Clefable|100\/100 tox|[from] item: Leftovers\n|upkeep\n|turn|38\n|\n|t:|1662099362\n|move|p1a: landorustherian|Toxic|p2a: Clefable|[miss]\n|-miss|p1a: landorustherian|p2a: Clefable\n|move|p2a: Clefable|Teleport|p2a: Clefable\n|\n|t:|1662099364\n|switch|p2a: Garchomp|Garchomp, F|29\/100|[from]move: Teleport\n|\n|-heal|p2a: Garchomp|75\/100|[from] move: Wish|[wisher] Clefable\n|-heal|p2a: Garchomp|82\/100|[from] item: Leftovers\n|-heal|p1a: landorustherian|85\/100|[from] item: Leftovers\n|upkeep\n|turn|39\n|\n|t:|1662099365\n|switch|p2a: Clefable|Clefable, M|100\/100 tox\n|move|p1a: landorustherian|U-turn|p2a: Clefable\n|-resisted|p2a: Clefable\n|-crit|p2a: Clefable\n|-damage|p2a: Clefable|86\/100 tox\n|\n|t:|1662099366\n|switch|p1a: Heatran|Heatran, M|100\/100|[from]move: U-turn\n|-item|p1a: Heatran|Air Balloon\n|\n|-heal|p2a: Clefable|92\/100 tox|[from] item: Leftovers\n|upkeep\n|turn|40\n|\n|t:|1662099368\n|switch|p2a: Garchomp|Garchomp, F|82\/100\n|move|p1a: Heatran|Eruption|p2a: Garchomp\n|-resisted|p2a: Garchomp\n|-damage|p2a: Garchomp|57\/100\n|\n|-heal|p2a: Garchomp|63\/100|[from] item: Leftovers\n|upkeep\n|turn|41\n|\n|t:|1662099369\n|move|p1a: Heatran|Magma Storm|p2a: Garchomp\n|-resisted|p2a: Garchomp\n|-damage|p2a: Garchomp|45\/100\n|-activate|p2a: Garchomp|move: Magma Storm|[of] p1a: Heatran\n|move|p2a: Garchomp|Dragon Tail|p1a: Heatran\n|-resisted|p1a: Heatran\n|-damage|p1a: Heatran|88\/100\n|-enditem|p1a: Heatran|Air Balloon\n|drag|p1a: Weavile|Weavile, F|100\/100\n|-ability|p1a: Weavile|Pressure\n|\n|-heal|p2a: Garchomp|51\/100|[from] item: Leftovers\n|-end|p2a: Garchomp|Magma Storm|[partiallytrapped]|[silent]\n|upkeep\n|turn|42\n|\n|t:|1662099379\n|switch|p2a: Melmetal|Melmetal|100\/100\n|move|p1a: Weavile|Knock Off|p2a: Melmetal\n|-damage|p2a: Melmetal|60\/100\n|-enditem|p2a: Melmetal|Assault Vest|[from] move: Knock Off|[of] p1a: Weavile\n|\n|upkeep\n|turn|43\n|\n|t:|1662099385\n|switch|p1a: Tangrowth|Tangrowth, F|81\/100 tox\n|move|p2a: Melmetal|Superpower|p1a: Tangrowth\n|-damage|p1a: Tangrowth|61\/100 tox\n|-unboost|p2a: Melmetal|atk|1\n|-unboost|p2a: Melmetal|def|1\n|-damage|p2a: Melmetal|44\/100|[from] item: Rocky Helmet|[of] p1a: Tangrowth\n|\n|-damage|p1a: Tangrowth|55\/100 tox|[from] psn\n|upkeep\n|turn|44\n|\n|t:|1662099389\n|switch|p2a: Clefable|Clefable, M|92\/100 tox\n|move|p1a: Tangrowth|Giga Drain|p2a: Clefable\n|-damage|p2a: Clefable|69\/100 tox\n|-heal|p1a: Tangrowth|66\/100 tox|[from] drain|[of] p2a: Clefable\n|\n|-heal|p2a: Clefable|75\/100 tox|[from] item: Leftovers\n|-damage|p1a: Tangrowth|54\/100 tox|[from] psn\n|upkeep\n|turn|45\n|\n|t:|1662099390\n|switch|p1a: landorustherian|Landorus-Therian, M|85\/100\n|-ability|p1a: landorustherian|Intimidate|boost\n|-unboost|p2a: Clefable|atk|1\n|move|p2a: Clefable|Wish|p2a: Clefable\n|\n|-heal|p1a: landorustherian|91\/100|[from] item: Leftovers\n|-heal|p2a: Clefable|81\/100 tox|[from] item: Leftovers\n|upkeep\n|turn|46\n|\n|t:|1662099392\n|move|p1a: landorustherian|Toxic|p2a: Clefable\n|-fail|p2a: Clefable|tox\n|move|p2a: Clefable|Teleport|p2a: Clefable\n|\n|t:|1662099393\n|switch|p2a: Melmetal|Melmetal|44\/100|[from]move: Teleport\n|\n|-heal|p2a: Melmetal|88\/100|[from] move: Wish|[wisher] Clefable\n|-heal|p1a: landorustherian|97\/100|[from] item: Leftovers\n|upkeep\n|turn|47\n|\n|t:|1662099395\n|switch|p2a: Clefable|Clefable, M|81\/100 tox\n|move|p1a: landorustherian|Toxic|p2a: Clefable\n|-fail|p2a: Clefable|tox\n|\n|-heal|p1a: landorustherian|100\/100|[from] item: Leftovers\n|-heal|p2a: Clefable|87\/100 tox|[from] item: Leftovers\n|upkeep\n|turn|48\n|\n|t:|1662099396\n|move|p1a: landorustherian|Toxic|p2a: Clefable\n|-fail|p2a: Clefable|tox\n|move|p2a: Clefable|Wish|p2a: Clefable\n|\n|-heal|p2a: Clefable|93\/100 tox|[from] item: Leftovers\n|upkeep\n|turn|49\n|\n|t:|1662099398\n|move|p1a: landorustherian|Toxic|p2a: Clefable\n|-fail|p2a: Clefable|tox\n|move|p2a: Clefable|Teleport|p2a: Clefable\n|\n|t:|1662099399\n|switch|p2a: Garchomp|Garchomp, F|51\/100|[from]move: Teleport\n|\n|-heal|p2a: Garchomp|98\/100|[from] move: Wish|[wisher] Clefable\n|-heal|p2a: Garchomp|100\/100|[from] item: Leftovers\n|upkeep\n|turn|50\n|\n|t:|1662099400\n|switch|p2a: Clefable|Clefable, M|93\/100 tox\n|move|p1a: landorustherian|U-turn|p2a: Clefable\n|-resisted|p2a: Clefable\n|-damage|p2a: Clefable|84\/100 tox\n|\n|t:|1662099400\n|switch|p1a: Heatran|Heatran, M|88\/100|[from]move: U-turn\n|\n|-heal|p2a: Clefable|90\/100 tox|[from] item: Leftovers\n|upkeep\n|turn|51\n|\n|t:|1662099402\n|switch|p2a: Garchomp|Garchomp, F|100\/100\n|move|p1a: Heatran|Magma Storm|p2a: Garchomp\n|-resisted|p2a: Garchomp\n|-damage|p2a: Garchomp|84\/100\n|-activate|p2a: Garchomp|move: Magma Storm|[of] p1a: Heatran\n|\n|-heal|p2a: Garchomp|90\/100|[from] item: Leftovers\n|-damage|p2a: Garchomp|77\/100|[from] move: Magma Storm|[partiallytrapped]\n|upkeep\n|turn|52\n|\n|t:|1662099403\n|switch|p1a: landorustherian|Landorus-Therian, M|100\/100\n|-ability|p1a: landorustherian|Intimidate|boost\n|-unboost|p2a: Garchomp|atk|1\n|move|p2a: Garchomp|Earthquake|p1a: landorustherian\n|-immune|p1a: landorustherian\n|\n|-heal|p2a: Garchomp|84\/100|[from] item: Leftovers\n|-end|p2a: Garchomp|Magma Storm|[partiallytrapped]|[silent]\n|upkeep\n|turn|53\n|\n|t:|1662099408\n|switch|p2a: Clefable|Clefable, M|90\/100 tox\n|move|p1a: landorustherian|U-turn|p2a: Clefable\n|-resisted|p2a: Clefable\n|-damage|p2a: Clefable|80\/100 tox\n|\n|t:|1662099408\n|switch|p1a: Heatran|Heatran, M|88\/100|[from]move: U-turn\n|\n|-heal|p2a: Clefable|86\/100 tox|[from] item: Leftovers\n|upkeep\n|turn|54\n|\n|t:|1662099410\n|switch|p2a: Garchomp|Garchomp, F|84\/100\n|move|p1a: Heatran|Magma Storm|p2a: Garchomp|[miss]\n|-miss|p1a: Heatran|p2a: Garchomp\n|\n|-heal|p2a: Garchomp|90\/100|[from] item: Leftovers\n|upkeep\n|turn|55\n|\n|t:|1662099412\n|switch|p1a: landorustherian|Landorus-Therian, M|100\/100\n|-ability|p1a: landorustherian|Intimidate|boost\n|-unboost|p2a: Garchomp|atk|1\n|move|p2a: Garchomp|Stealth Rock|p1a: landorustherian\n|-sidestart|p1: minimax_ai|move: Stealth Rock\n|\n|-heal|p2a: Garchomp|96\/100|[from] item: Leftovers\n|upkeep\n|turn|56\n|\n|t:|1662099414\n|move|p2a: Garchomp|Toxic|p1a: landorustherian\n|-status|p1a: landorustherian|tox\n|move|p1a: landorustherian|Toxic|p2a: Garchomp\n|-status|p2a: Garchomp|tox\n|\n|-heal|p2a: Garchomp|100\/100 tox|[from] item: Leftovers\n|-damage|p2a: Garchomp|94\/100 tox|[from] psn\n|-damage|p1a: landorustherian|94\/100 tox|[from] psn\n|upkeep\n|turn|57\n|\n|t:|1662099416\n|switch|p2a: Clefable|Clefable, M|86\/100 tox\n|move|p1a: landorustherian|Toxic|p2a: Clefable\n|-fail|p2a: Clefable|tox\n|\n|-heal|p1a: landorustherian|100\/100 tox|[from] item: Leftovers\n|-heal|p2a: Clefable|92\/100 tox|[from] item: Leftovers\n|-damage|p1a: landorustherian|88\/100 tox|[from] psn\n|upkeep\n|turn|58\n|\n|t:|1662099419\n|move|p1a: landorustherian|Toxic|p2a: Clefable\n|-fail|p2a: Clefable|tox\n|move|p2a: Clefable|Wish|p2a: Clefable\n|\n|-heal|p1a: landorustherian|94\/100 tox|[from] item: Leftovers\n|-heal|p2a: Clefable|98\/100 tox|[from] item: Leftovers\n|-damage|p1a: landorustherian|76\/100 tox|[from] psn\n|upkeep\n|turn|59\n|\n|t:|1662099420\n|move|p1a: landorustherian|Toxic|p2a: Clefable|[miss]\n|-miss|p1a: landorustherian|p2a: Clefable\n|move|p2a: Clefable|Teleport|p2a: Clefable\n|\n|t:|1662099421\n|switch|p2a: Keldeo|Keldeo-Resolute|42\/100|[from]move: Teleport\n|\n|-heal|p2a: Keldeo|100\/100|[from] move: Wish|[wisher] Clefable\n|-heal|p1a: landorustherian|82\/100 tox|[from] item: Leftovers\n|-damage|p1a: landorustherian|58\/100 tox|[from] psn\n|upkeep\n|turn|60\n|\n|t:|1662099423\n|move|p2a: Keldeo|Scald|p1a: landorustherian\n|-supereffective|p1a: landorustherian\n|-damage|p1a: landorustherian|0 fnt\n|faint|p1a: landorustherian\n|\n|upkeep\n|\n|t:|1662099423\n|switch|p1a: Tangrowth|Tangrowth, F|87\/100 tox\n|-damage|p1a: Tangrowth|75\/100 tox|[from] Stealth Rock\n|turn|61\n|\n|t:|1662099425\n|switch|p2a: Clefable|Clefable, M|98\/100 tox\n|move|p1a: Tangrowth|Giga Drain|p2a: Clefable\n|-damage|p2a: Clefable|75\/100 tox\n|-heal|p1a: Tangrowth|86\/100 tox|[from] drain|[of] p2a: Clefable\n|\n|-heal|p2a: Clefable|81\/100 tox|[from] item: Leftovers\n|-damage|p1a: Tangrowth|80\/100 tox|[from] psn\n|upkeep\n|turn|62\n|\n|t:|1662099427\n|move|p1a: Tangrowth|Giga Drain|p2a: Clefable\n|-damage|p2a: Clefable|59\/100 tox\n|-heal|p1a: Tangrowth|91\/100 tox|[from] drain|[of] p2a: Clefable\n|move|p2a: Clefable|Teleport|p2a: Clefable\n|\n|t:|1662099431\n|switch|p2a: Zapdos|Zapdos|87\/100|[from]move: Teleport\n|\n|-damage|p1a: Tangrowth|78\/100 tox|[from] psn\n|upkeep\n|turn|63\n|\n|t:|1662099433\n|move|p2a: Zapdos|Hurricane|p1a: Tangrowth|[miss]\n|-miss|p2a: Zapdos|p1a: Tangrowth\n|move|p1a: Tangrowth|Sleep Powder|p2a: Zapdos\n|-status|p2a: Zapdos|slp|[from] move: Sleep Powder\n|\n|-damage|p1a: Tangrowth|60\/100 tox|[from] psn\n|upkeep\n|turn|64\n|\n|t:|1662099435\n|cant|p2a: Zapdos|slp\n|move|p1a: Tangrowth|Giga Drain|p2a: Zapdos\n|-resisted|p2a: Zapdos\n|-damage|p2a: Zapdos|74\/100 slp\n|-heal|p1a: Tangrowth|66\/100 tox|[from] drain|[of] p2a: Zapdos\n|\n|-damage|p1a: Tangrowth|41\/100 tox|[from] psn\n|upkeep\n|turn|65\n|\n|t:|1662099437\n|-curestatus|p2a: Zapdos|slp|[msg]\n|move|p2a: Zapdos|Volt Switch|p1a: Tangrowth\n|-resisted|p1a: Tangrowth\n|-damage|p1a: Tangrowth|22\/100 tox\n|\n|t:|1662099439\n|switch|p2a: Clefable|Clefable, M|59\/100 tox|[from]move: Volt Switch\n|move|p1a: Tangrowth|Focus Blast|p2a: Clefable\n|-resisted|p2a: Clefable\n|-damage|p2a: Clefable|47\/100 tox\n|\n|-heal|p2a: Clefable|53\/100 tox|[from] item: Leftovers\n|-damage|p1a: Tangrowth|0 fnt|[from] psn\n|faint|p1a: Tangrowth\n|upkeep\n|\n|t:|1662099439\n|switch|p1a: Heatran|Heatran, M|88\/100\n|-damage|p1a: Heatran|76\/100|[from] Stealth Rock\n|turn|66\n|\n|t:|1662099441\n|switch|p2a: Garchomp|Garchomp, F|94\/100 tox\n|move|p1a: Heatran|Stealth Rock|p2a: Garchomp\n|-sidestart|p2: Daevank5|move: Stealth Rock\n|\n|-heal|p2a: Garchomp|100\/100 tox|[from] item: Leftovers\n|-damage|p2a: Garchomp|94\/100 tox|[from] psn\n|upkeep\n|turn|67\n|\n|t:|1662099443\n|switch|p1a: Melmetal|Melmetal|48\/100\n|-damage|p1a: Melmetal|42\/100|[from] Stealth Rock\n|move|p2a: Garchomp|Earthquake|p1a: Melmetal\n|-supereffective|p1a: Melmetal\n|-damage|p1a: Melmetal|0 fnt\n|faint|p1a: Melmetal\n|\n|-heal|p2a: Garchomp|100\/100 tox|[from] item: Leftovers\n|-damage|p2a: Garchomp|88\/100 tox|[from] psn\n|upkeep\n|\n|t:|1662099443\n|switch|p1a: Weavile|Weavile, F|100\/100\n|-damage|p1a: Weavile|76\/100|[from] Stealth Rock\n|-ability|p1a: Weavile|Pressure\n|turn|68\n|\n|t:|1662099447\n|switch|p2a: Zapdos|Zapdos|74\/100\n|move|p1a: Weavile|Triple Axel|p2a: Zapdos\n|-supereffective|p2a: Zapdos\n|-damage|p2a: Zapdos|53\/100\n|-supereffective|p2a: Zapdos\n|-damage|p2a: Zapdos|7\/100\n|-supereffective|p2a: Zapdos\n|-damage|p2a: Zapdos|0 fnt\n|faint|p2a: Zapdos\n|-hitcount|p2: Zapdos|3\n|\n|upkeep\n|\n|t:|1662099448\n|switch|p2a: Melmetal|Melmetal|88\/100\n|-damage|p2a: Melmetal|82\/100|[from] Stealth Rock\n|turn|69\n|\n|t:|1662099450\n|move|p1a: Weavile|Triple Axel|p2a: Melmetal\n|-resisted|p2a: Melmetal\n|-damage|p2a: Melmetal|78\/100\n|-resisted|p2a: Melmetal\n|-damage|p2a: Melmetal|69\/100\n|-resisted|p2a: Melmetal\n|-damage|p2a: Melmetal|57\/100\n|-hitcount|p2a: Melmetal|3\n|move|p2a: Melmetal|Superpower|p1a: Weavile\n|-supereffective|p1a: Weavile\n|-damage|p1a: Weavile|0 fnt\n|-unboost|p2a: Melmetal|atk|1\n|-unboost|p2a: Melmetal|def|1\n|faint|p1a: Weavile\n|\n|upkeep\n|\n|t:|1662099450\n|switch|p1a: Heatran|Heatran, M|76\/100\n|-damage|p1a: Heatran|64\/100|[from] Stealth Rock\n|turn|70\n|\n|t:|1662099451\n|move|p1a: Heatran|Magma Storm|p2a: Melmetal\n|-supereffective|p2a: Melmetal\n|-damage|p2a: Melmetal|0 fnt\n|faint|p2a: Melmetal\n|\n|upkeep\n|\n|t:|1662099453\n|switch|p2a: Keldeo|Keldeo-Resolute|100\/100\n|-damage|p2a: Keldeo|94\/100|[from] Stealth Rock\n|turn|71\n|\n|t:|1662099454\n|move|p2a: Keldeo|Secret Sword|p1a: Heatran\n|-supereffective|p1a: Heatran\n|-damage|p1a: Heatran|0 fnt\n|faint|p1a: Heatran\n|\n|win|Daevank5\n|raw|minimax_ai's rating: 1605 &rarr; <strong>1596<\/strong><br \/>(-9 for losing)\n|raw|Daevank5's rating: 1813 &rarr; <strong>1822<\/strong><br \/>(+9 for winning)\n|c|\u2606minimax_ai|gg\n","uploadtime":1662099456,"views":47,"p1id":"minimaxai","p2id":"daevank5","formatid":"gen8ou","rating":1596,"private":0,"password":null}