{"id":"gen8oublitz-1699406993","p1":"AlphaTherai","p2":"VLADS97","format":"gen8oublitz","log":"|inactive|Battle timer is ON: inactive players will automatically lose when time's up.\n|j|\u2606AlphaTherai\n|j|\u2606VLADS97\n|t:|1667234310\n|gametype|singles\n|player|p1|AlphaTherai|will|1109\n|player|p2|VLADS97|lucas|1087\n|teamsize|p1|6\n|teamsize|p2|6\n|gen|8\n|tier|[Gen 8] OU (Blitz)\n|rated|\n|rule|Sleep Clause Mod: Limit one foe put to sleep\n|rule|Species Clause: Limit one of each Pok\u00e9mon\n|rule|OHKO Clause: OHKO moves are banned\n|rule|Evasion Items Clause: Evasion items are banned\n|rule|Evasion Moves Clause: Evasion moves are banned\n|rule|Endless Battle Clause: Forcing endless battles is banned\n|rule|HP Percentage Mod: HP is shown in percentages\n|rule|Dynamax Clause: You cannot dynamax\n|rule|Blitz: Super-fast timer\n|clearpoke\n|poke|p1|Kartana|\n|poke|p1|Ferrothorn, F|\n|poke|p1|Toxapex, F|\n|poke|p1|Mandibuzz, F|\n|poke|p1|Garchomp, M|\n|poke|p1|Dragapult, M|\n|poke|p2|Throh, M|\n|poke|p2|Tyranitar, M|\n|poke|p2|Scizor, M|\n|poke|p2|Sawk, M|\n|poke|p2|Slurpuff, M|\n|poke|p2|Emolga, M|\n|teampreview\n|\n|t:|1667234318\n|start\n|switch|p1a: Ferrothorn|Ferrothorn, F|100\/100\n|switch|p2a: Emolga|Emolga, M, shiny|100\/100\n|turn|1\n|\n|t:|1667234322\n|move|p2a: Emolga|Knock Off|p1a: Ferrothorn\n|-damage|p1a: Ferrothorn|77\/100\n|-damage|p2a: Emolga|88\/100|[from] ability: Iron Barbs|[of] p1a: Ferrothorn\n|-enditem|p1a: Ferrothorn|Leftovers|[from] move: Knock Off|[of] p2a: Emolga\n|move|p1a: Ferrothorn|Leech Seed|p2a: Emolga\n|-start|p2a: Emolga|move: Leech Seed\n|\n|-damage|p2a: Emolga|76\/100|[from] Leech Seed|[of] p1a: Ferrothorn\n|-heal|p1a: Ferrothorn|86\/100|[silent]\n|upkeep\n|turn|2\n|inactive|VLADS97 has 10 seconds left.\n|\n|t:|1667234329\n|switch|p2a: Throh|Throh, M|100\/100\n|move|p1a: Ferrothorn|Knock Off|p2a: Throh\n|-resisted|p2a: Throh\n|-damage|p2a: Throh|92\/100\n|-enditem|p2a: Throh|Assault Vest|[from] move: Knock Off|[of] p1a: Ferrothorn\n|\n|upkeep\n|turn|3\n|\n|t:|1667234333\n|switch|p1a: Mandibuzz|Mandibuzz, F|100\/100\n|move|p2a: Throh|Storm Throw|p1a: Mandibuzz\n|-crit|p1a: Mandibuzz\n|-damage|p1a: Mandibuzz|78\/100\n|\n|upkeep\n|turn|4\n|\n|t:|1667234336\n|move|p1a: Mandibuzz|Foul Play|p2a: Throh\n|-resisted|p2a: Throh\n|-damage|p2a: Throh|76\/100\n|move|p2a: Throh|Ice Punch|p1a: Mandibuzz\n|-supereffective|p1a: Mandibuzz\n|-damage|p1a: Mandibuzz|51\/100\n|-status|p1a: Mandibuzz|frz\n|\n|upkeep\n|turn|5\n|\n|t:|1667234340\n|cant|p1a: Mandibuzz|frz\n|move|p2a: Throh|Knock Off|p1a: Mandibuzz\n|-resisted|p1a: Mandibuzz\n|-damage|p1a: Mandibuzz|43\/100 frz\n|-enditem|p1a: Mandibuzz|Heavy-Duty Boots|[from] move: Knock Off|[of] p2a: Throh\n|\n|upkeep\n|turn|6\n|\n|t:|1667234344\n|cant|p1a: Mandibuzz|frz\n|move|p2a: Throh|Ice Punch|p1a: Mandibuzz\n|-supereffective|p1a: Mandibuzz\n|-damage|p1a: Mandibuzz|20\/100 frz\n|\n|upkeep\n|turn|7\n|\n|t:|1667234347\n|switch|p1a: Dragapult|Dragapult, M|100\/100\n|move|p2a: Throh|Ice Punch|p1a: Dragapult\n|-supereffective|p1a: Dragapult\n|-damage|p1a: Dragapult|33\/100\n|\n|-heal|p1a: Dragapult|39\/100|[from] item: Leftovers\n|upkeep\n|turn|8\n|\n|t:|1667234351\n|switch|p1a: Toxapex|Toxapex, F|100\/100\n|move|p2a: Throh|Knock Off|p1a: Toxapex\n|-damage|p1a: Toxapex|77\/100\n|-enditem|p1a: Toxapex|Eject Button|[from] move: Knock Off|[of] p2a: Throh\n|\n|upkeep\n|turn|9\n|\n|t:|1667234353\n|move|p2a: Throh|Earthquake|p1a: Toxapex\n|-supereffective|p1a: Toxapex\n|-damage|p1a: Toxapex|34\/100\n|move|p1a: Toxapex|Scald|p2a: Throh\n|-damage|p2a: Throh|62\/100\n|\n|upkeep\n|turn|10\n|\n|t:|1667234357\n|switch|p1a: Mandibuzz|Mandibuzz, F|20\/100 frz\n|move|p2a: Throh|Earthquake|p1a: Mandibuzz\n|-immune|p1a: Mandibuzz\n|\n|upkeep\n|turn|11\n|\n|t:|1667234360\n|cant|p1a: Mandibuzz|frz\n|move|p2a: Throh|Ice Punch|p1a: Mandibuzz\n|-supereffective|p1a: Mandibuzz\n|-damage|p1a: Mandibuzz|0 fnt\n|faint|p1a: Mandibuzz\n|\n|upkeep\n|\n|t:|1667234363\n|switch|p1a: Kartana|Kartana|100\/100\n|turn|12\n|\n|t:|1667234365\n|move|p1a: Kartana|Leaf Blade|p2a: Throh\n|-damage|p2a: Throh|0 fnt\n|faint|p2a: Throh\n|-ability|p1a: Kartana|Beast Boost|boost\n|-boost|p1a: Kartana|atk|1\n|\n|upkeep\n|\n|t:|1667234369\n|switch|p2a: Sawk|Sawk, M, shiny|100\/100\n|turn|13\n|\n|t:|1667234372\n|switch|p1a: Toxapex|Toxapex, F|67\/100\n|move|p2a: Sawk|Close Combat|p1a: Toxapex\n|-resisted|p1a: Toxapex\n|-crit|p1a: Toxapex\n|-damage|p1a: Toxapex|32\/100\n|-unboost|p2a: Sawk|def|1\n|-unboost|p2a: Sawk|spd|1\n|\n|upkeep\n|turn|14\n|\n|t:|1667234375\n|move|p2a: Sawk|Close Combat|p1a: Toxapex\n|-resisted|p1a: Toxapex\n|-damage|p1a: Toxapex|10\/100\n|-unboost|p2a: Sawk|def|1\n|-unboost|p2a: Sawk|spd|1\n|move|p1a: Toxapex|Recover|p1a: Toxapex\n|-heal|p1a: Toxapex|60\/100\n|\n|upkeep\n|turn|15\n|\n|t:|1667234379\n|switch|p2a: Scizor|Scizor, M|100\/100\n|move|p1a: Toxapex|Recover|p1a: Toxapex\n|-heal|p1a: Toxapex|100\/100\n|\n|upkeep\n|turn|16\n|\n|t:|1667234382\n|move|p2a: Scizor|Swords Dance|p2a: Scizor\n|-boost|p2a: Scizor|atk|2\n|move|p1a: Toxapex|Scald|p2a: Scizor\n|-damage|p2a: Scizor|82\/100\n|\n|-heal|p2a: Scizor|88\/100|[from] item: Leftovers\n|upkeep\n|turn|17\n|\n|t:|1667234385\n|move|p2a: Scizor|Swords Dance|p2a: Scizor\n|-boost|p2a: Scizor|atk|2\n|move|p1a: Toxapex|Haze|p1a: Toxapex\n|-clearallboost\n|\n|-heal|p2a: Scizor|94\/100|[from] item: Leftovers\n|upkeep\n|turn|18\n|\n|t:|1667234388\n|move|p2a: Scizor|Swords Dance|p2a: Scizor\n|-boost|p2a: Scizor|atk|2\n|move|p1a: Toxapex|Scald|p2a: Scizor\n|-damage|p2a: Scizor|74\/100\n|\n|-heal|p2a: Scizor|80\/100|[from] item: Leftovers\n|upkeep\n|turn|19\n|\n|t:|1667234392\n|move|p2a: Scizor|X-Scissor|p1a: Toxapex\n|-resisted|p1a: Toxapex\n|-damage|p1a: Toxapex|76\/100\n|move|p1a: Toxapex|Haze|p1a: Toxapex\n|-clearallboost\n|\n|-heal|p2a: Scizor|86\/100|[from] item: Leftovers\n|upkeep\n|turn|20\n|\n|t:|1667234396\n|move|p2a: Scizor|Knock Off|p1a: Toxapex\n|-crit|p1a: Toxapex\n|-damage|p1a: Toxapex|54\/100\n|move|p1a: Toxapex|Scald|p2a: Scizor\n|-damage|p2a: Scizor|69\/100\n|\n|-heal|p2a: Scizor|75\/100|[from] item: Leftovers\n|upkeep\n|turn|21\n|\n|t:|1667234399\n|move|p2a: Scizor|Swords Dance|p2a: Scizor\n|-boost|p2a: Scizor|atk|2\n|move|p1a: Toxapex|Scald|p2a: Scizor\n|-damage|p2a: Scizor|56\/100\n|\n|-heal|p2a: Scizor|62\/100|[from] item: Leftovers\n|upkeep\n|turn|22\n|\n|t:|1667234403\n|move|p2a: Scizor|Bullet Punch|p1a: Toxapex\n|-resisted|p1a: Toxapex\n|-damage|p1a: Toxapex|36\/100\n|move|p1a: Toxapex|Haze|p1a: Toxapex\n|-clearallboost\n|\n|-heal|p2a: Scizor|68\/100|[from] item: Leftovers\n|upkeep\n|turn|23\n|\n|t:|1667234407\n|move|p2a: Scizor|Bullet Punch|p1a: Toxapex\n|-resisted|p1a: Toxapex\n|-damage|p1a: Toxapex|27\/100\n|move|p1a: Toxapex|Recover|p1a: Toxapex\n|-heal|p1a: Toxapex|77\/100\n|\n|-heal|p2a: Scizor|74\/100|[from] item: Leftovers\n|upkeep\n|turn|24\n|\n|t:|1667234411\n|move|p2a: Scizor|Swords Dance|p2a: Scizor\n|-boost|p2a: Scizor|atk|2\n|move|p1a: Toxapex|Recover|p1a: Toxapex\n|-heal|p1a: Toxapex|100\/100\n|\n|-heal|p2a: Scizor|80\/100|[from] item: Leftovers\n|upkeep\n|turn|25\n|\n|t:|1667234415\n|move|p2a: Scizor|Knock Off|p1a: Toxapex\n|-damage|p1a: Toxapex|71\/100\n|move|p1a: Toxapex|Haze|p1a: Toxapex\n|-clearallboost\n|\n|-heal|p2a: Scizor|86\/100|[from] item: Leftovers\n|upkeep\n|turn|26\n|\n|t:|1667234419\n|move|p2a: Scizor|Swords Dance|p2a: Scizor\n|-boost|p2a: Scizor|atk|2\n|move|p1a: Toxapex|Scald|p2a: Scizor\n|-damage|p2a: Scizor|67\/100\n|\n|-heal|p2a: Scizor|73\/100|[from] item: Leftovers\n|upkeep\n|turn|27\n|\n|t:|1667234422\n|move|p2a: Scizor|Bullet Punch|p1a: Toxapex\n|-resisted|p1a: Toxapex\n|-damage|p1a: Toxapex|52\/100\n|move|p1a: Toxapex|Haze|p1a: Toxapex\n|-clearallboost\n|\n|-heal|p2a: Scizor|80\/100|[from] item: Leftovers\n|upkeep\n|turn|28\n|\n|t:|1667234426\n|switch|p2a: Emolga|Emolga, M, shiny|76\/100\n|move|p1a: Toxapex|Scald|p2a: Emolga\n|-damage|p2a: Emolga|40\/100\n|\n|upkeep\n|turn|29\n|\n|t:|1667234429\n|switch|p1a: Garchomp|Garchomp, M|100\/100\n|move|p2a: Emolga|Wild Charge|p1a: Garchomp\n|-immune|p1a: Garchomp\n|\n|upkeep\n|turn|30\n|\n|t:|1667234433\n|switch|p2a: Slurpuff|Slurpuff, M|100\/100\n|move|p1a: Garchomp|Stealth Rock|p2a: Slurpuff\n|-sidestart|p2: VLADS97|move: Stealth Rock\n|\n|upkeep\n|turn|31\n|\n|t:|1667234435\n|move|p1a: Garchomp|Earthquake|p2a: Slurpuff\n|-damage|p2a: Slurpuff|57\/100\n|move|p2a: Slurpuff|Dazzling Gleam|p1a: Garchomp\n|-supereffective|p1a: Garchomp\n|-damage|p1a: Garchomp|54\/100\n|\n|-heal|p1a: Garchomp|60\/100|[from] item: Leftovers\n|upkeep\n|turn|32\n|\n|t:|1667234439\n|move|p1a: Garchomp|Earthquake|p2a: Slurpuff\n|-damage|p2a: Slurpuff|13\/100\n|move|p2a: Slurpuff|Dazzling Gleam|p1a: Garchomp\n|-supereffective|p1a: Garchomp\n|-damage|p1a: Garchomp|13\/100\n|\n|-heal|p1a: Garchomp|19\/100|[from] item: Leftovers\n|upkeep\n|turn|33\n|\n|t:|1667234442\n|move|p1a: Garchomp|Earthquake|p2a: Slurpuff\n|-damage|p2a: Slurpuff|0 fnt\n|faint|p2a: Slurpuff\n|\n|-heal|p1a: Garchomp|25\/100|[from] item: Leftovers\n|upkeep\n|\n|t:|1667234447\n|switch|p2a: Sawk|Sawk, M, shiny|100\/100\n|-damage|p2a: Sawk|94\/100|[from] Stealth Rock\n|turn|34\n|inactive|AlphaTherai has 10 seconds left.\n|\n|t:|1667234453\n|move|p2a: Sawk|Knock Off|p1a: Garchomp\n|-damage|p1a: Garchomp|0 fnt\n|-damage|p2a: Sawk|82\/100|[from] ability: Rough Skin|[of] p1a: Garchomp\n|-enditem|p1a: Garchomp|Leftovers|[from] move: Knock Off|[of] p2a: Sawk\n|faint|p1a: Garchomp\n|\n|upkeep\n|\n|t:|1667234455\n|switch|p1a: Toxapex|Toxapex, F|86\/100\n|turn|35\n|\n|t:|1667234457\n|move|p2a: Sawk|Knock Off|p1a: Toxapex\n|-damage|p1a: Toxapex|69\/100\n|move|p1a: Toxapex|Toxic Spikes|p2a: Sawk\n|-sidestart|p2: VLADS97|move: Toxic Spikes\n|\n|upkeep\n|turn|36\n|\n|t:|1667234461\n|switch|p2a: Scizor|Scizor, M|80\/100\n|-damage|p2a: Scizor|67\/100|[from] Stealth Rock\n|move|p1a: Toxapex|Toxic Spikes|p2a: Scizor\n|-sidestart|p2: VLADS97|move: Toxic Spikes\n|\n|-heal|p2a: Scizor|73\/100|[from] item: Leftovers\n|upkeep\n|turn|37\n|\n|t:|1667234465\n|move|p2a: Scizor|X-Scissor|p1a: Toxapex\n|-resisted|p1a: Toxapex\n|-damage|p1a: Toxapex|55\/100\n|move|p1a: Toxapex|Scald|p2a: Scizor\n|-damage|p2a: Scizor|54\/100\n|\n|-heal|p2a: Scizor|60\/100|[from] item: Leftovers\n|upkeep\n|turn|38\n|\n|t:|1667234469\n|move|p2a: Scizor|Bullet Punch|p1a: Toxapex\n|-resisted|p1a: Toxapex\n|-damage|p1a: Toxapex|45\/100\n|move|p1a: Toxapex|Scald|p2a: Scizor\n|-damage|p2a: Scizor|41\/100\n|\n|-heal|p2a: Scizor|47\/100|[from] item: Leftovers\n|upkeep\n|turn|39\n|\n|t:|1667234472\n|move|p2a: Scizor|Swords Dance|p2a: Scizor\n|-boost|p2a: Scizor|atk|2\n|move|p1a: Toxapex|Scald|p2a: Scizor\n|-damage|p2a: Scizor|29\/100\n|\n|-heal|p2a: Scizor|35\/100|[from] item: Leftovers\n|upkeep\n|turn|40\n|\n|t:|1667234476\n|move|p2a: Scizor|Bullet Punch|p1a: Toxapex\n|-resisted|p1a: Toxapex\n|-damage|p1a: Toxapex|27\/100\n|move|p1a: Toxapex|Haze|p1a: Toxapex\n|-clearallboost\n|\n|-heal|p2a: Scizor|41\/100|[from] item: Leftovers\n|upkeep\n|turn|41\n|\n|t:|1667234480\n|move|p2a: Scizor|Bullet Punch|p1a: Toxapex\n|-resisted|p1a: Toxapex\n|-damage|p1a: Toxapex|17\/100\n|move|p1a: Toxapex|Recover|p1a: Toxapex\n|-heal|p1a: Toxapex|67\/100\n|\n|-heal|p2a: Scizor|47\/100|[from] item: Leftovers\n|upkeep\n|turn|42\n|\n|t:|1667234484\n|move|p2a: Scizor|Swords Dance|p2a: Scizor\n|-boost|p2a: Scizor|atk|2\n|move|p1a: Toxapex|Recover|p1a: Toxapex\n|-heal|p1a: Toxapex|100\/100\n|\n|-heal|p2a: Scizor|53\/100|[from] item: Leftovers\n|upkeep\n|turn|43\n|inactive|VLADS97 has 10 seconds left.\n|\n|t:|1667234489\n|move|p2a: Scizor|X-Scissor|p1a: Toxapex\n|-resisted|p1a: Toxapex\n|-crit|p1a: Toxapex\n|-damage|p1a: Toxapex|63\/100\n|move|p1a: Toxapex|Haze|p1a: Toxapex\n|-clearallboost\n|\n|-heal|p2a: Scizor|59\/100|[from] item: Leftovers\n|upkeep\n|turn|44\n|\n|t:|1667234493\n|move|p2a: Scizor|Bullet Punch|p1a: Toxapex\n|-resisted|p1a: Toxapex\n|-damage|p1a: Toxapex|53\/100\n|move|p1a: Toxapex|Scald|p2a: Scizor\n|-damage|p2a: Scizor|42\/100\n|\n|-heal|p2a: Scizor|48\/100|[from] item: Leftovers\n|upkeep\n|turn|45\n|\n|t:|1667234496\n|move|p2a: Scizor|Bullet Punch|p1a: Toxapex\n|-resisted|p1a: Toxapex\n|-damage|p1a: Toxapex|43\/100\n|move|p1a: Toxapex|Scald|p2a: Scizor\n|-damage|p2a: Scizor|29\/100\n|\n|-heal|p2a: Scizor|35\/100|[from] item: Leftovers\n|upkeep\n|turn|46\n|\n|t:|1667234501\n|move|p2a: Scizor|Bullet Punch|p1a: Toxapex\n|-resisted|p1a: Toxapex\n|-damage|p1a: Toxapex|33\/100\n|move|p1a: Toxapex|Recover|p1a: Toxapex\n|-heal|p1a: Toxapex|83\/100\n|\n|-heal|p2a: Scizor|41\/100|[from] item: Leftovers\n|upkeep\n|turn|47\n|\n|t:|1667234505\n|switch|p2a: Tyranitar|Tyranitar, M|100\/100\n|-damage|p2a: Tyranitar|88\/100|[from] Stealth Rock\n|-status|p2a: Tyranitar|tox\n|-weather|Sandstorm|[from] ability: Sand Stream|[of] p2a: Tyranitar\n|move|p1a: Toxapex|Scald|p2a: Tyranitar\n|-supereffective|p2a: Tyranitar\n|-damage|p2a: Tyranitar|72\/100 tox\n|\n|-weather|Sandstorm|[upkeep]\n|-damage|p1a: Toxapex|77\/100|[from] Sandstorm\n|-damage|p2a: Tyranitar|66\/100 tox|[from] psn\n|upkeep\n|turn|48\n|inactive|AlphaTherai has 10 seconds left.\n|inactive|VLADS97 has 10 seconds left.\n|\n|t:|1667234512\n|switch|p1a: Dragapult|Dragapult, M|39\/100\n|move|p2a: Tyranitar|Rock Blast|p1a: Dragapult\n|-damage|p1a: Dragapult|16\/100\n|-damage|p1a: Dragapult|0 fnt\n|faint|p1a: Dragapult\n|-hitcount|p1: Dragapult|2\n|\n|-weather|Sandstorm|[upkeep]\n|-damage|p2a: Tyranitar|54\/100 tox|[from] psn\n|upkeep\n|\n|t:|1667234515\n|switch|p1a: Kartana|Kartana|100\/100\n|turn|49\n|\n|t:|1667234518\n|move|p1a: Kartana|Sacred Sword|p2a: Tyranitar\n|-supereffective|p2a: Tyranitar\n|-damage|p2a: Tyranitar|0 fnt\n|faint|p2a: Tyranitar\n|-ability|p1a: Kartana|Beast Boost|boost\n|-boost|p1a: Kartana|atk|1\n|\n|-weather|Sandstorm|[upkeep]\n|upkeep\n|\n|t:|1667234521\n|switch|p2a: Sawk|Sawk, M, shiny|82\/100\n|-damage|p2a: Sawk|76\/100|[from] Stealth Rock\n|-status|p2a: Sawk|tox\n|turn|50\n|inactive|VLADS97 has 10 seconds left.\n|\n|t:|1667234527\n|switch|p1a: Toxapex|Toxapex, F|100\/100\n|move|p2a: Sawk|Close Combat|p1a: Toxapex\n|-resisted|p1a: Toxapex\n|-damage|p1a: Toxapex|78\/100\n|-unboost|p2a: Sawk|def|1\n|-unboost|p2a: Sawk|spd|1\n|\n|-weather|Sandstorm|[upkeep]\n|-damage|p2a: Sawk|70\/100 tox|[from] Sandstorm\n|-damage|p1a: Toxapex|72\/100|[from] Sandstorm\n|-damage|p2a: Sawk|64\/100 tox|[from] psn\n|upkeep\n|turn|51\n|inactive|VLADS97 has 10 seconds left.\n|\n|t:|1667234533\n|switch|p2a: Emolga|Emolga, M, shiny|40\/100\n|-damage|p2a: Emolga|15\/100|[from] Stealth Rock\n|move|p1a: Toxapex|Scald|p2a: Emolga\n|-damage|p2a: Emolga|0 fnt\n|faint|p2a: Emolga\n|\n|-weather|none\n|upkeep\n|\n|t:|1667234537\n|switch|p2a: Scizor|Scizor, M|41\/100\n|-damage|p2a: Scizor|28\/100|[from] Stealth Rock\n|turn|52\n|\n|t:|1667234539\n|move|p2a: Scizor|Swords Dance|p2a: Scizor\n|-boost|p2a: Scizor|atk|2\n|move|p1a: Toxapex|Scald|p2a: Scizor\n|-damage|p2a: Scizor|9\/100\n|-status|p2a: Scizor|brn\n|\n|-heal|p2a: Scizor|15\/100 brn|[from] item: Leftovers\n|-damage|p2a: Scizor|9\/100 brn|[from] brn\n|upkeep\n|turn|53\n|\n|t:|1667234544\n|move|p2a: Scizor|Bullet Punch|p1a: Toxapex\n|-resisted|p1a: Toxapex\n|-damage|p1a: Toxapex|63\/100\n|move|p1a: Toxapex|Recover|p1a: Toxapex\n|-heal|p1a: Toxapex|100\/100\n|\n|-heal|p2a: Scizor|15\/100 brn|[from] item: Leftovers\n|-damage|p2a: Scizor|9\/100 brn|[from] brn\n|upkeep\n|turn|54\n|inactive|VLADS97 has 10 seconds left.\n|-message|VLADS97 forfeited.\n|\n|win|AlphaTherai\n|raw|AlphaTherai's rating: 1109 &rarr; <strong>1132<\/strong><br \/>(+23 for winning)\n|raw|VLADS97's rating: 1087 &rarr; <strong>1065<\/strong><br \/>(-22 for losing)\n|l|\u2606VLADS97\n||Ladder isn't responding, score probably updated but might not have (Request timeout).\n","uploadtime":1667234564,"views":11,"p1id":"alphatherai","p2id":"vlads97","formatid":"gen8oublitz","rating":1065,"private":0,"password":null}