{"id":"gen8ou-1626926272","p1":"King__MIttens","p2":"himynametay","format":"gen8ou","log":"|j|\u2606King__MIttens\n|j|\u203dhimynametay\n|t:|1658993410\n|gametype|singles\n|player|p1|King__MIttens|grimsley|1421\n|player|p2|himynametay|elesa|1473\n|teamsize|p1|6\n|teamsize|p2|6\n|gen|8\n|tier|[Gen 8] OU\n|rated|\n|rule|Sleep Clause Mod: Limit one foe put to sleep\n|rule|Species Clause: Limit one of each Pok\u00e9mon\n|rule|OHKO Clause: OHKO moves are banned\n|rule|Evasion Moves Clause: Evasion moves are banned\n|rule|Endless Battle Clause: Forcing endless battles is banned\n|rule|HP Percentage Mod: HP is shown in percentages\n|rule|Dynamax Clause: You cannot dynamax\n|clearpoke\n|poke|p1|Ferrothorn, M|\n|poke|p1|Necrozma|\n|poke|p1|Moltres-Galar|\n|poke|p1|Garchomp, M|\n|poke|p1|Tapu Fini|\n|poke|p1|Blaziken, F|\n|poke|p2|Landorus-Therian, M|\n|poke|p2|Ferrothorn, F|\n|poke|p2|Urshifu-*, F|\n|poke|p2|Tornadus-Therian, M|\n|poke|p2|Dragapult, F|\n|poke|p2|Tapu Lele|\n|teampreview\n|inactive|Battle timer is ON: inactive players will automatically lose when time's up. (requested by King__MIttens)\n|\n|t:|1658993426\n|start\n|switch|p1a: Raven|Tapu Fini, shiny|100\/100\n|switch|p2a: Urshifu|Urshifu-Rapid-Strike, F|100\/100\n|-fieldstart|move: Misty Terrain|[from] ability: Misty Surge|[of] p1a: Raven\n|turn|1\n|\n|t:|1658993430\n|move|p1a: Raven|Moonblast|p2a: Urshifu\n|-supereffective|p2a: Urshifu\n|-damage|p2a: Urshifu|0 fnt\n|faint|p2a: Urshifu\n|\n|upkeep\n|\n|t:|1658993432\n|switch|p2a: Tapu Lele|Tapu Lele|100\/100\n|-fieldstart|move: Psychic Terrain|[from] ability: Psychic Surge|[of] p2a: Tapu Lele\n|turn|2\n|\n|t:|1658993436\n|switch|p1a: pimple|Ferrothorn, M|100\/100\n|move|p2a: Tapu Lele|Future Sight|p1a: pimple\n|-start|p2a: Tapu Lele|move: Future Sight\n|\n|upkeep\n|turn|3\n|\n|t:|1658993439\n|switch|p2a: Dragapult|Dragapult, F|100\/100\n|move|p1a: pimple|Substitute|p1a: pimple\n|-start|p1a: pimple|Substitute\n|-damage|p1a: pimple|76\/100\n|\n|-heal|p1a: pimple|82\/100|[from] item: Leftovers\n|upkeep\n|turn|4\n|\n|t:|1658993447\n|switch|p1a: Raven|Tapu Fini, shiny|100\/100\n|-fieldstart|move: Misty Terrain|[from] ability: Misty Surge|[of] p1a: Raven\n|move|p2a: Dragapult|Flamethrower|p1a: Raven\n|-resisted|p1a: Raven\n|-damage|p1a: Raven|82\/100\n|\n|-end|p1a: Raven|move: Future Sight\n|-damage|p1a: Raven|18\/100\n|upkeep\n|turn|5\n|\n|t:|1658993454\n|switch|p2a: Ferrothorn|Ferrothorn, F|100\/100\n|move|p1a: Raven|Trick|p2a: Ferrothorn\n|-activate|p1a: Raven|move: Trick|[of] p2a: Ferrothorn\n|-item|p2a: Ferrothorn|Choice Scarf|[from] move: Trick\n|-item|p1a: Raven|Rocky Helmet|[from] move: Trick\n|\n|upkeep\n|turn|6\n|\n|t:|1658993460\n|switch|p1a: pimple|Ferrothorn, M|82\/100\n|move|p2a: Ferrothorn|Stealth Rock|p1a: pimple\n|-sidestart|p1: King__MIttens|move: Stealth Rock\n|\n|-heal|p1a: pimple|88\/100|[from] item: Leftovers\n|upkeep\n|turn|7\n|\n|t:|1658993463\n|switch|p2a: Dragapult|Dragapult, F|100\/100\n|move|p1a: pimple|Leech Seed|p2a: Dragapult\n|-start|p2a: Dragapult|move: Leech Seed\n|\n|-heal|p1a: pimple|94\/100|[from] item: Leftovers\n|-damage|p2a: Dragapult|88\/100|[from] Leech Seed|[of] p1a: pimple\n|-heal|p1a: pimple|100\/100|[silent]\n|upkeep\n|turn|8\n|\n|t:|1658993469\n|switch|p1a: bird|Moltres-Galar|100\/100\n|move|p2a: Dragapult|U-turn|p1a: bird\n|-damage|p1a: bird|83\/100\n|\n|t:|1658993471\n|switch|p2a: Tapu Lele|Tapu Lele|100\/100|[from]move: U-turn\n|-fieldstart|move: Psychic Terrain|[from] ability: Psychic Surge|[of] p2a: Tapu Lele\n|\n|upkeep\n|turn|9\n|\n|t:|1658993482\n|move|p2a: Tapu Lele|Moonblast|p1a: bird\n|-supereffective|p1a: bird\n|-damage|p1a: bird|6\/100\n|-ability|p1a: bird|Berserk|boost\n|-boost|p1a: bird|spa|1\n|move|p1a: bird|Agility|p1a: bird\n|-boost|p1a: bird|spe|2\n|\n|upkeep\n|turn|10\n|\n|t:|1658993489\n|move|p1a: bird|Hurricane|p2a: Tapu Lele\n|-damage|p2a: Tapu Lele|17\/100\n|-start|p2a: Tapu Lele|confusion\n|-activate|p2a: Tapu Lele|confusion\n|move|p2a: Tapu Lele|Moonblast|p1a: bird\n|-supereffective|p1a: bird\n|-damage|p1a: bird|0 fnt\n|faint|p1a: bird\n|\n|upkeep\n|l|\u2606King__MIttens\n|inactive|King__MIttens disconnected and has a minute to reconnect!\n|player|p1|\n|j|\u2606King__MIttens\n|inactive|King__MIttens reconnected and has 130 seconds left.\n|player|p1|King__MIttens|grimsley\n|\n|t:|1658993514\n|switch|p1a: Garchomp|Garchomp, M|100\/100\n|-damage|p1a: Garchomp|94\/100|[from] Stealth Rock\n|turn|11\n|\n|t:|1658993520\n|switch|p2a: Landorus|Landorus-Therian, M|100\/100\n|-ability|p2a: Landorus|Intimidate|boost\n|-unboost|p1a: Garchomp|atk|1\n|move|p1a: Garchomp|Stealth Rock|p2a: Landorus\n|-sidestart|p2: himynametay|move: Stealth Rock\n|\n|-heal|p1a: Garchomp|100\/100|[from] item: Leftovers\n|upkeep\n|turn|12\n|\n|t:|1658993527\n|switch|p1a: Raven|Tapu Fini, shiny|18\/100\n|-damage|p1a: Raven|6\/100|[from] Stealth Rock\n|-fieldstart|move: Misty Terrain|[from] ability: Misty Surge|[of] p1a: Raven\n|move|p2a: Landorus|Toxic|p1a: Raven\n|-activate|p1a: Raven|move: Misty Terrain\n|\n|upkeep\n|turn|13\n|\n|t:|1658993529\n|switch|p2a: Ferrothorn|Ferrothorn, F|100\/100\n|-damage|p2a: Ferrothorn|94\/100|[from] Stealth Rock\n|move|p1a: Raven|Defog|p2a: Ferrothorn\n|-unboost|p2a: Ferrothorn|evasion|1\n|-sideend|p2: himynametay|Stealth Rock|[from] move: Defog|[of] p1a: Raven\n|-sideend|p1: King__MIttens|Stealth Rock|[from] move: Defog|[of] p1a: Raven\n|-fieldend|Misty Terrain\n|\n|upkeep\n|turn|14\n|\n|t:|1658993535\n|switch|p1a: Blaziken|Blaziken, F|100\/100\n|-item|p1a: Blaziken|Air Balloon\n|move|p2a: Ferrothorn|Knock Off|p1a: Blaziken\n|-resisted|p1a: Blaziken\n|-damage|p1a: Blaziken|83\/100\n|-enditem|p1a: Blaziken|Air Balloon\n|\n|upkeep\n|turn|15\n|\n|t:|1658993537\n|switch|p2a: Landorus|Landorus-Therian, M|100\/100\n|-ability|p2a: Landorus|Intimidate|boost\n|-unboost|p1a: Blaziken|atk|1\n|move|p1a: Blaziken|Swords Dance|p1a: Blaziken\n|-boost|p1a: Blaziken|atk|2\n|\n|-ability|p1a: Blaziken|Speed Boost|boost\n|-boost|p1a: Blaziken|spe|1\n|upkeep\n|turn|16\n|\n|t:|1658993543\n|switch|p1a: Raven|Tapu Fini, shiny|6\/100\n|-fieldstart|move: Misty Terrain|[from] ability: Misty Surge|[of] p1a: Raven\n|move|p2a: Landorus|Earthquake|p1a: Raven\n|-damage|p1a: Raven|0 fnt\n|faint|p1a: Raven\n|\n|upkeep\n|\n|t:|1658993545\n|switch|p1a: evil|Necrozma|100\/100\n|turn|17\n|\n|t:|1658993549\n|move|p1a: evil|Meteor Beam||[still]\n|-prepare|p1a: evil|Meteor Beam\n|-boost|p1a: evil|spa|1\n|-enditem|p1a: evil|Power Herb\n|-anim|p1a: evil|Meteor Beam|p2a: Landorus\n|-damage|p2a: Landorus|45\/100\n|move|p2a: Landorus|U-turn|p1a: evil\n|-supereffective|p1a: evil\n|-damage|p1a: evil|67\/100\n|\n|t:|1658993553\n|switch|p2a: Dragapult|Dragapult, F|88\/100|[from]move: U-turn\n|\n|upkeep\n|turn|18\n|\n|t:|1658993560\n|move|p2a: Dragapult|Shadow Ball|p1a: evil\n|-supereffective|p1a: evil\n|-damage|p1a: evil|0 fnt\n|faint|p1a: evil\n|\n|upkeep\n|\n|t:|1658993564\n|switch|p1a: Garchomp|Garchomp, M|100\/100\n|turn|19\n|\n|t:|1658993568\n|switch|p2a: Ferrothorn|Ferrothorn, F|94\/100\n|move|p1a: Garchomp|Earthquake|p2a: Ferrothorn\n|-damage|p2a: Ferrothorn|62\/100\n|\n|upkeep\n|turn|20\n|inactive|King__MIttens has 120 seconds left.\n|\n|t:|1658993607\n|switch|p2a: Dragapult|Dragapult, F|88\/100\n|move|p1a: Garchomp|Swords Dance|p1a: Garchomp\n|-boost|p1a: Garchomp|atk|2\n|\n|-fieldend|Misty Terrain\n|upkeep\n|turn|21\n|\n|t:|1658993611\n|move|p2a: Dragapult|Draco Meteor|p1a: Garchomp\n|-supereffective|p1a: Garchomp\n|-crit|p1a: Garchomp\n|-damage|p1a: Garchomp|0 fnt\n|-unboost|p2a: Dragapult|spa|2\n|faint|p1a: Garchomp\n|\n|upkeep\n|inactive|King__MIttens has 120 seconds left.\n|\n|t:|1658993627\n|switch|p1a: Blaziken|Blaziken, F|83\/100\n|turn|22\n|\n|t:|1658993642\n|switch|p2a: Tapu Lele|Tapu Lele|17\/100\n|-fieldstart|move: Psychic Terrain|[from] ability: Psychic Surge|[of] p2a: Tapu Lele\n|move|p1a: Blaziken|Swords Dance|p1a: Blaziken\n|-boost|p1a: Blaziken|atk|2\n|\n|-ability|p1a: Blaziken|Speed Boost|boost\n|-boost|p1a: Blaziken|spe|1\n|upkeep\n|turn|23\n|inactive|King__MIttens has 120 seconds left.\n|\n|t:|1658993658\n|move|p2a: Tapu Lele|Psyshock|p1a: Blaziken\n|-supereffective|p1a: Blaziken\n|-damage|p1a: Blaziken|0 fnt\n|faint|p1a: Blaziken\n|\n|upkeep\n|inactive|King__MIttens has 120 seconds left.\n|-message|King__MIttens forfeited.\n|\n|win|himynametay\n|raw|King__MIttens's rating: 1421 &rarr; <strong>1404<\/strong><br \/>(-17 for losing)\n|raw|himynametay's rating: 1473 &rarr; <strong>1490<\/strong><br \/>(+17 for winning)\n|l|\u2606King__MIttens\n","uploadtime":1658993667,"views":11,"p1id":"kingmittens","p2id":"himynametay","formatid":"gen8ou","rating":1404,"private":0,"password":null}