{"id":"gen8randombattle-1026501885","p1":"comp233","p2":"Micael Lopes","format":"gen8randombattle","log":"|j|\u2606comp233\n|j|\u2606Micael Lopes\n|player|p1|comp233|115|1601\n|player|p2|Micael Lopes|293|1652\n|teamsize|p1|6\n|teamsize|p2|6\n|gametype|singles\n|gen|8\n|tier|[Gen 8] Random Battle\n|rated|\n|rule|HP Percentage Mod: HP is shown in percentages\n|rule|Sleep Clause Mod: Limit one foe put to sleep\n|\n|start\n|switch|p1a: Abomasnow|Abomasnow, L82, M|282\/282\n|switch|p2a: Sawk|Sawk, L82, M|257\/257\n|-ability|p2a: Sawk|Mold Breaker\n|-weather|Hail|[from] ability: Snow Warning|[of] p1a: Abomasnow\n|turn|1\n|inactive|Battle timer is ON: inactive players will automatically lose when time's up. (requested by Micael Lopes)\n|\n|switch|p2a: Claydol|Claydol, L82|233\/233\n|switch|p1a: Rotom|Rotom-Fan, L82|215\/215\n|\n|-weather|Hail|[upkeep]\n|-damage|p1a: Rotom|202\/215|[from] Hail\n|-damage|p2a: Claydol|219\/233|[from] Hail\n|-heal|p1a: Rotom|215\/215|[from] item: Leftovers\n|-heal|p2a: Claydol|233\/233|[from] item: Leftovers\n|upkeep\n|turn|2\n|inactive|comp233 has 120 seconds left.\n|\n|switch|p1a: Abomasnow|Abomasnow, L82, M|282\/282\n|move|p2a: Claydol|Stealth Rock|p1a: Abomasnow\n|-sidestart|p1: comp233|move: Stealth Rock\n|\n|-weather|Hail|[upkeep]\n|-damage|p2a: Claydol|219\/233|[from] Hail\n|-heal|p2a: Claydol|233\/233|[from] item: Leftovers\n|upkeep\n|turn|3\n|inactive|comp233 has 120 seconds left.\n|\n|switch|p2a: Chandelure|Chandelure, L82, M|233\/233\n|move|p1a: Abomasnow|Blizzard|p2a: Chandelure\n|-resisted|p2a: Chandelure\n|-damage|p2a: Chandelure|182\/233\n|\n|-weather|Hail|[upkeep]\n|-damage|p2a: Chandelure|168\/233|[from] Hail\n|upkeep\n|turn|4\n|\n|move|p2a: Chandelure|Calm Mind|p2a: Chandelure\n|-boost|p2a: Chandelure|spa|1\n|-boost|p2a: Chandelure|spd|1\n|move|p1a: Abomasnow|Earthquake|p2a: Chandelure\n|-supereffective|p2a: Chandelure\n|-damage|p2a: Chandelure|36\/233\n|\n|-weather|Hail|[upkeep]\n|-damage|p2a: Chandelure|22\/233|[from] Hail\n|upkeep\n|turn|5\n|inactive|comp233 has 120 seconds left.\n|inactive|comp233 has 90 seconds left.\n|\n|switch|p1a: Rotom|Rotom-Fan, L82|215\/215\n|-damage|p1a: Rotom|162\/215|[from] Stealth Rock\n|move|p2a: Chandelure|Fire Blast|p1a: Rotom\n|-damage|p1a: Rotom|0 fnt\n|-damage|p2a: Chandelure|0 fnt|[from] item: Life Orb\n|faint|p1a: Rotom\n|faint|p2a: Chandelure\n|\n|-weather|none\n|upkeep\n|inactive|comp233 has 90 seconds left.\n|\n|switch|p1a: Leafeon|Leafeon, L82, M|241\/241\n|switch|p2a: Braviary|Braviary, L82, M|298\/298\n|-damage|p1a: Leafeon|211\/241|[from] Stealth Rock\n|turn|6\n|\n|switch|p1a: Manectric|Manectric, L82, M|249\/249\n|-damage|p1a: Manectric|218\/249|[from] Stealth Rock\n|move|p2a: Braviary|Bulk Up|p2a: Braviary\n|-boost|p2a: Braviary|atk|1\n|-boost|p2a: Braviary|def|1\n|\n|upkeep\n|turn|7\n|\n|switch|p2a: Claydol|Claydol, L82|233\/233\n|move|p1a: Manectric|Thunderbolt|p2a: Claydol\n|-immune|p2a: Claydol\n|\n|upkeep\n|turn|8\n|\n|switch|p1a: Abomasnow|Abomasnow, L82, M|282\/282\n|-damage|p1a: Abomasnow|212\/282|[from] Stealth Rock\n|-weather|Hail|[from] ability: Snow Warning|[of] p1a: Abomasnow\n|move|p2a: Claydol|Rapid Spin|p1a: Abomasnow\n|-damage|p1a: Abomasnow|183\/282\n|-boost|p2a: Claydol|spe|1\n|\n|-weather|Hail|[upkeep]\n|-damage|p2a: Claydol|219\/233|[from] Hail\n|-heal|p2a: Claydol|233\/233|[from] item: Leftovers\n|upkeep\n|turn|9\n|\n|switch|p2a: Sawk|Sawk, L82, M|257\/257\n|-ability|p2a: Sawk|Mold Breaker\n|move|p1a: Abomasnow|Blizzard|p2a: Sawk\n|-damage|p2a: Sawk|142\/257\n|\n|-weather|Hail|[upkeep]\n|-damage|p2a: Sawk|126\/257|[from] Hail\n|upkeep\n|turn|10\n|inactive|Micael Lopes has 120 seconds left.\n|\n|switch|p1a: Leafeon|Leafeon, L82, M|211\/241\n|-damage|p1a: Leafeon|181\/241|[from] Stealth Rock\n|move|p2a: Sawk|Bulk Up|p2a: Sawk\n|-boost|p2a: Sawk|atk|1\n|-boost|p2a: Sawk|def|1\n|\n|-weather|Hail|[upkeep]\n|-damage|p1a: Leafeon|166\/241|[from] Hail\n|-damage|p2a: Sawk|110\/257|[from] Hail\n|-heal|p1a: Leafeon|181\/241|[from] item: Leftovers\n|upkeep\n|turn|11\n|inactive|comp233 has 60 seconds left.\n|\n|-start|p2a: Sawk|Dynamax\n|-heal|p2a: Sawk|220\/514|[silent]\n|move|p1a: Leafeon|Leaf Blade|p2a: Sawk\n|-damage|p2a: Sawk|144\/514\n|move|p2a: Sawk|Max Ooze|p1a: Leafeon\n|-supereffective|p1a: Leafeon\n|-damage|p1a: Leafeon|19\/241\n|-boost|p2a: Sawk|spa|1\n|\n|-weather|Hail|[upkeep]\n|-damage|p1a: Leafeon|4\/241|[from] Hail\n|-damage|p2a: Sawk|128\/514|[from] Hail\n|-heal|p1a: Leafeon|19\/241|[from] item: Leftovers\n|upkeep\n|turn|12\n|inactive|comp233 has 60 seconds left.\n|inactive|Micael Lopes has 120 seconds left.\n|\n|move|p1a: Leafeon|Leaf Blade|p2a: Sawk\n|-damage|p2a: Sawk|56\/514\n|move|p2a: Sawk|Max Knuckle|p1a: Leafeon\n|-damage|p1a: Leafeon|0 fnt\n|-boost|p2a: Sawk|atk|1\n|faint|p1a: Leafeon\n|\n|-weather|none\n|upkeep\n|\n|switch|p1a: Manectric|Manectric, L82, M|218\/249\n|-damage|p1a: Manectric|187\/249|[from] Stealth Rock\n|turn|13\n|inactive|Micael Lopes has 120 seconds left.\n|\n|-end|p2a: Sawk|Dynamax\n|-heal|p2a: Sawk|28\/257|[silent]\n|switch|p2a: Claydol|Claydol, L82|233\/233\n|move|p1a: Manectric|Volt Switch|p2a: Claydol\n|-immune|p2a: Claydol\n|\n|upkeep\n|turn|14\n|\n|switch|p1a: Abomasnow|Abomasnow, L82, M|183\/282\n|-damage|p1a: Abomasnow|113\/282|[from] Stealth Rock\n|-weather|Hail|[from] ability: Snow Warning|[of] p1a: Abomasnow\n|switch|p2a: Sawk|Sawk, L82, M|28\/257\n|-ability|p2a: Sawk|Mold Breaker\n|\n|-weather|Hail|[upkeep]\n|-damage|p2a: Sawk|12\/257|[from] Hail\n|upkeep\n|turn|15\n|inactive|comp233 has 60 seconds left.\n|\n|move|p1a: Abomasnow|Ice Shard|p2a: Sawk\n|-damage|p2a: Sawk|0 fnt\n|faint|p2a: Sawk\n|\n|-weather|Hail|[upkeep]\n|upkeep\n|inactive|Micael Lopes has 120 seconds left.\n|\n|switch|p2a: Malamar|Malamar, L82, M|275\/275\n|turn|16\n|inactive|comp233 has 60 seconds left.\n|\n|move|p2a: Malamar|Superpower|p1a: Abomasnow\n|-supereffective|p1a: Abomasnow\n|-damage|p1a: Abomasnow|0 fnt\n|-boost|p2a: Malamar|atk|1\n|-boost|p2a: Malamar|def|1\n|faint|p1a: Abomasnow\n|\n|-weather|Hail|[upkeep]\n|-damage|p2a: Malamar|258\/275|[from] Hail\n|-heal|p2a: Malamar|275\/275|[from] item: Leftovers\n|upkeep\n|\n|switch|p1a: Manectric|Manectric, L82, M|187\/249\n|-damage|p1a: Manectric|156\/249|[from] Stealth Rock\n|turn|17\n|inactive|Micael Lopes has 120 seconds left.\n|\n|move|p1a: Manectric|Thunderbolt|p2a: Malamar\n|-damage|p2a: Malamar|155\/275\n|move|p2a: Malamar|Throat Chop|p1a: Manectric\n|-damage|p1a: Manectric|0 fnt\n|faint|p1a: Manectric\n|\n|-weather|Hail|[upkeep]\n|-damage|p2a: Malamar|138\/275|[from] Hail\n|-heal|p2a: Malamar|155\/275|[from] item: Leftovers\n|upkeep\n|\n|switch|p1a: Falinks|Falinks, L82|241\/241\n|-damage|p1a: Falinks|226\/241|[from] Stealth Rock\n|turn|18\n|inactive|comp233 has 30 seconds left.\n|\n|move|p1a: Falinks|Close Combat|p2a: Malamar\n|-damage|p2a: Malamar|20\/275\n|-unboost|p1a: Falinks|def|1\n|-unboost|p1a: Falinks|spd|1\n|move|p2a: Malamar|Superpower|p1a: Falinks\n|-damage|p1a: Falinks|72\/241\n|-boost|p2a: Malamar|atk|1\n|-boost|p2a: Malamar|def|1\n|\n|-weather|none\n|-heal|p2a: Malamar|37\/275|[from] item: Leftovers\n|upkeep\n|turn|19\n|inactive|comp233 has 30 seconds left.\n|inactive|comp233 has 20 seconds left.\n|inactive|Micael Lopes has 90 seconds left.\n|\n|switch|p2a: Claydol|Claydol, L82|233\/233\n|move|p1a: Falinks|Close Combat|p2a: Claydol\n|-resisted|p2a: Claydol\n|-damage|p2a: Claydol|149\/233\n|-unboost|p1a: Falinks|def|1\n|-unboost|p1a: Falinks|spd|1\n|\n|-heal|p2a: Claydol|163\/233|[from] item: Leftovers\n|upkeep\n|turn|20\n|inactive|comp233 has 30 seconds left this turn.\n|\n|move|p2a: Claydol|Earthquake|p1a: Falinks\n|-damage|p1a: Falinks|0 fnt\n|faint|p1a: Falinks\n|\n|-heal|p2a: Claydol|177\/233|[from] item: Leftovers\n|upkeep\n|inactive|comp233 has 30 seconds left this turn.\n|\n|switch|p1a: Stunfisk|Stunfisk-Galar, L82, M|313\/313\n|-damage|p1a: Stunfisk|304\/313|[from] Stealth Rock\n|turn|21\n|inactive|comp233 has 30 seconds left.\n|\n|move|p2a: Claydol|Earthquake|p1a: Stunfisk\n|-supereffective|p1a: Stunfisk\n|-damage|p1a: Stunfisk|146\/313\n|move|p1a: Stunfisk|Curse|p1a: Stunfisk\n|-unboost|p1a: Stunfisk|spe|1\n|-boost|p1a: Stunfisk|atk|1\n|-boost|p1a: Stunfisk|def|1\n|\n|-heal|p2a: Claydol|191\/233|[from] item: Leftovers\n|-heal|p1a: Stunfisk|165\/313|[from] item: Leftovers\n|upkeep\n|turn|22\n|inactive|comp233 has 30 seconds left.\n|\n|move|p2a: Claydol|Earthquake|p1a: Stunfisk\n|-supereffective|p1a: Stunfisk\n|-damage|p1a: Stunfisk|61\/313\n|move|p1a: Stunfisk|Pain Split|p2a: Claydol\n|-sethp|p2a: Claydol|126\/233|[from] move: Pain Split|[silent]\n|-sethp|p1a: Stunfisk|126\/313|[from] move: Pain Split\n|\n|-heal|p2a: Claydol|140\/233|[from] item: Leftovers\n|-heal|p1a: Stunfisk|145\/313|[from] item: Leftovers\n|upkeep\n|turn|23\n|inactive|Micael Lopes has 120 seconds left.\n|inactive|comp233 has 30 seconds left.\n|inactive|comp233 has 20 seconds left.\n|\n|switch|p2a: Rillaboom|Rillaboom, L82, M|298\/298\n|-fieldstart|move: Grassy Terrain|[from] ability: Grassy Surge|[of] p2a: Rillaboom\n|-ability|p1a: Stunfisk|Mimicry\n|-start|p1a: Stunfisk|typechange|Grass\n|-start|p1a: Stunfisk|Dynamax\n|-heal|p1a: Stunfisk|290\/626|[silent]\n|move|p1a: Stunfisk|Max Rockfall|p2a: Rillaboom\n|-crit|p2a: Rillaboom\n|-damage|p2a: Rillaboom|127\/298\n|-weather|Sandstorm\n|\n|-weather|Sandstorm|[upkeep]\n|-damage|p2a: Rillaboom|109\/298|[from] Sandstorm\n|-damage|p1a: Stunfisk|271\/626|[from] Sandstorm\n|-heal|p2a: Rillaboom|127\/298|[from] item: Leftovers\n|-heal|p2a: Rillaboom|145\/298|[from] Grassy Terrain\n|-heal|p1a: Stunfisk|290\/626|[from] item: Leftovers\n|-heal|p1a: Stunfisk|309\/626|[from] Grassy Terrain\n|upkeep\n|turn|24\n|inactive|comp233 has 30 seconds left this turn.\n|inactive|comp233 has 20 seconds left.\n|inactive|comp233 has 15 seconds left.\n|inactive|comp233 has 10 seconds left.\n|\n|move|p2a: Rillaboom|Bulk Up|p2a: Rillaboom\n|-boost|p2a: Rillaboom|atk|1\n|-boost|p2a: Rillaboom|def|1\n|move|p1a: Stunfisk|Max Rockfall|p2a: Rillaboom\n|-damage|p2a: Rillaboom|72\/298\n|\n|-weather|Sandstorm|[upkeep]\n|-damage|p2a: Rillaboom|54\/298|[from] Sandstorm\n|-damage|p1a: Stunfisk|290\/626|[from] Sandstorm\n|-heal|p2a: Rillaboom|72\/298|[from] item: Leftovers\n|-heal|p2a: Rillaboom|90\/298|[from] Grassy Terrain\n|-heal|p1a: Stunfisk|309\/626|[from] item: Leftovers\n|-heal|p1a: Stunfisk|328\/626|[from] Grassy Terrain\n|upkeep\n|turn|25\n|inactive|comp233 has 20 seconds left this turn.\n|inactive|comp233 has 15 seconds left.\n|inactive|comp233 has 10 seconds left.\n|\n|move|p2a: Rillaboom|Bulk Up|p2a: Rillaboom\n|-boost|p2a: Rillaboom|atk|1\n|-boost|p2a: Rillaboom|def|1\n|move|p1a: Stunfisk|Max Rockfall|p2a: Rillaboom\n|-damage|p2a: Rillaboom|36\/298\n|\n|-weather|Sandstorm|[upkeep]\n|-damage|p2a: Rillaboom|18\/298|[from] Sandstorm\n|-damage|p1a: Stunfisk|309\/626|[from] Sandstorm\n|-heal|p2a: Rillaboom|36\/298|[from] item: Leftovers\n|-heal|p2a: Rillaboom|54\/298|[from] Grassy Terrain\n|-heal|p1a: Stunfisk|328\/626|[from] item: Leftovers\n|-heal|p1a: Stunfisk|347\/626|[from] Grassy Terrain\n|-end|p1a: Stunfisk|Dynamax\n|-heal|p1a: Stunfisk|174\/313|[silent]\n|upkeep\n|turn|26\n|inactive|comp233 has 20 seconds left this turn.\n|inactive|comp233 has 15 seconds left.\n|inactive|comp233 has 10 seconds left.\n|inactive|comp233 has 5 seconds left.\n|\n|move|p2a: Rillaboom|Superpower|p1a: Stunfisk\n|-damage|p1a: Stunfisk|60\/313\n|-unboost|p2a: Rillaboom|atk|1\n|-unboost|p2a: Rillaboom|def|1\n|move|p1a: Stunfisk|Rock Slide|p2a: Rillaboom|[miss]\n|-miss|p1a: Stunfisk|p2a: Rillaboom\n|\n|-weather|Sandstorm|[upkeep]\n|-damage|p2a: Rillaboom|36\/298|[from] Sandstorm\n|-damage|p1a: Stunfisk|41\/313|[from] Sandstorm\n|-heal|p2a: Rillaboom|54\/298|[from] item: Leftovers\n|-heal|p2a: Rillaboom|72\/298|[from] Grassy Terrain\n|-heal|p1a: Stunfisk|60\/313|[from] item: Leftovers\n|-heal|p1a: Stunfisk|79\/313|[from] Grassy Terrain\n|upkeep\n|turn|27\n|inactive|comp233 has 15 seconds left this turn.\n|inactive|comp233 has 10 seconds left.\n|inactive|comp233 has 5 seconds left.\n|\n|move|p2a: Rillaboom|Drum Beating|p1a: Stunfisk\n|-resisted|p1a: Stunfisk\n|-damage|p1a: Stunfisk|19\/313\n|-unboost|p1a: Stunfisk|spe|1\n|move|p1a: Stunfisk|Rock Slide|p2a: Rillaboom\n|-damage|p2a: Rillaboom|26\/298\n|\n|-weather|none\n|-heal|p2a: Rillaboom|44\/298|[from] item: Leftovers\n|-heal|p2a: Rillaboom|62\/298|[from] Grassy Terrain\n|-heal|p1a: Stunfisk|38\/313|[from] item: Leftovers\n|-heal|p1a: Stunfisk|57\/313|[from] Grassy Terrain\n|-fieldend|move: Grassy Terrain\n|upkeep\n|-ability|p1a: Stunfisk|Mimicry\n|-start|p1a: Stunfisk|typechange|Ground\/Steel\n|turn|28\n|inactive|comp233 has 15 seconds left this turn.\n|inactive|comp233 has 10 seconds left.\n|inactive|comp233 has 5 seconds left.\n|\n|move|p2a: Rillaboom|High Horsepower|p1a: Stunfisk\n|-supereffective|p1a: Stunfisk\n|-damage|p1a: Stunfisk|0 fnt\n|faint|p1a: Stunfisk\n|\n|win|Micael Lopes\n|inactive|comp233 has 10 seconds left this turn.\n|l|\u2606comp233\n||Ladder (probably) updated, but score could not be retrieved (Response not received).\n|error|Unexpected response null from ladder server.\n","inputlog":">version 883ce3fa61ce35399812db4734b2939ac9199572\n>start {\"formatid\":\"gen8randombattle\",\"seed\":[60210,30364,16933,48669],\"rated\":\"Rated battle\"}\n>player p1 {\"name\":\"comp233\",\"avatar\":\"115\",\"team\":\"\",\"rating\":1601,\"seed\":[57419,16660,9019,62627]}\n>player p2 {\"name\":\"Micael Lopes\",\"avatar\":\"293\",\"team\":\"\",\"rating\":1652,\"seed\":[45469,20723,8425,47714]}\n>p1 switch 6\n>p2 switch 6\n>p1 switch 6\n>p2 move stealthrock\n>p1 move blizzard\n>p2 switch 5\n>p1 move earthquake\n>p2 move calmmind\n>p1 switch 6\n>p2 move fireblast\n>p1 switch 5\n>p2 switch 2\n>p1 switch 3\n>p2 move bulkup\n>p1 move thunderbolt\n>p2 switch 5\n>p1 switch 6\n>p2 move rapidspin\n>p1 move blizzard\n>p2 switch 6\n>p1 switch 3\n>p2 move bulkup\n>p1 move leafblade\n>p2 move poisonjab dynamax\n>p1 move leafblade\n>p2 move closecombat dynamax\n>p1 switch 6\n>p1 move voltswitch\n>p2 switch 6\n>p1 switch 3\n>p2 switch 6\n>p1 move iceshard\n>p2 move closecombat\n>p2 switch 4\n>p1 move blizzard\n>p2 move superpower\n>p1 switch 3\n>p1 move thunderbolt\n>p2 move throatchop\n>p1 switch 4\n>p1 move closecombat\n>p2 move superpower\n>p1 move closecombat\n>p2 switch 6\n>p1 move closecombat\n>p2 move earthquake\n>p1 switch 2\n>p1 move curse\n>p2 move earthquake\n>p1 move painsplit\n>p2 move earthquake\n>p1 move rockslide dynamax\n>p2 switch 3\n>p1 move rockslide dynamax\n>p2 move bulkup\n>p1 move rockslide dynamax\n>p2 move bulkup\n>p1 move rockslide\n>p2 move superpower\n>p1 move rockslide\n>p2 move drumbeating\n>p1 move rockslide\n>p2 move highhorsepower","uploadtime":1575922076,"views":0,"p1id":"comp233","p2id":"micaellopes","formatid":"gen8randombattle","rating":0,"private":0,"password":null}