{"id":"gen8nationaldex-1581843599","p1":"Sir Fresh","p2":"Drew0723","format":"gen8nationaldex","log":"|j|\u2606Sir Fresh\n|j|\u2606Drew0723\n|t:|1653410277\n|gametype|singles\n|player|p1|Sir Fresh|palmer|\n|player|p2|Drew0723|266|\n|teamsize|p1|6\n|teamsize|p2|6\n|gen|8\n|tier|[Gen 8] National Dex\n|rule|HP Percentage Mod: HP is shown in percentages\n|rule|Endless Battle Clause: Forcing endless battles is banned\n|rule|OHKO Clause: OHKO moves are banned\n|rule|Evasion Moves Clause: Evasion moves are banned\n|rule|Species Clause: Limit one of each Pok\u00e9mon\n|rule|Dynamax Clause: You cannot dynamax\n|rule|Sleep Clause Mod: Limit one foe put to sleep\n|clearpoke\n|poke|p1|Skarmory, M|\n|poke|p1|Umbreon, M|\n|poke|p1|Feraligatr, M|\n|poke|p1|Gligar, M|\n|poke|p1|Espeon, F|\n|poke|p1|Ampharos, F|\n|poke|p2|Shuckle, F|\n|poke|p2|Heracross, F|\n|poke|p2|Raikou|\n|poke|p2|Skarmory, F|\n|poke|p2|Azumarill, M|\n|poke|p2|Blissey, F|\n|teampreview\n|c|\u2606Sir Fresh|Glhf\n|c|\u2606Drew0723|glhf\n|\n|t:|1653410310\n|start\n|switch|p1a: Ampharos|Ampharos, F|100\/100\n|switch|p2a: Blissey|Blissey, F|100\/100\n|turn|1\n|\n|t:|1653410320\n|detailschange|p1a: Ampharos|Ampharos-Mega, F\n|-mega|p1a: Ampharos|Ampharos|Ampharosite\n|-ability|p1a: Ampharos|Mold Breaker\n|move|p1a: Ampharos|Volt Switch|p2a: Blissey\n|-damage|p2a: Blissey|81\/100\n|\n|t:|1653410323\n|switch|p1a: Gligar|Gligar, M|100\/100|[from]move: Volt Switch\n|move|p2a: Blissey|Teleport|p2a: Blissey\n|\n|t:|1653410337\n|switch|p2a: Azumarill|Azumarill, M|100\/100|[from]move: Teleport\n|\n|upkeep\n|turn|2\n|\n|t:|1653410353\n|move|p1a: Gligar|Earthquake|p2a: Azumarill\n|-damage|p2a: Azumarill|69\/100\n|move|p2a: Azumarill|Liquidation|p1a: Gligar\n|-supereffective|p1a: Gligar\n|-damage|p1a: Gligar|50\/100\n|\n|upkeep\n|turn|3\n|\n|t:|1653410362\n|move|p1a: Gligar|Stealth Rock|p2a: Azumarill\n|-sidestart|p2: Drew0723|move: Stealth Rock\n|move|p2a: Azumarill|Belly Drum|p2a: Azumarill\n|-damage|p2a: Azumarill|19\/100\n|-setboost|p2a: Azumarill|atk|6|[from] move: Belly Drum\n|-enditem|p2a: Azumarill|Sitrus Berry|[eat]\n|-heal|p2a: Azumarill|44\/100|[from] item: Sitrus Berry\n|\n|upkeep\n|turn|4\n|\n|t:|1653410375\n|move|p2a: Azumarill|Aqua Jet|p1a: Gligar\n|-supereffective|p1a: Gligar\n|-damage|p1a: Gligar|0 fnt\n|faint|p1a: Gligar\n|\n|upkeep\n|\n|t:|1653410398\n|switch|p1a: Feraligatr|Feraligatr, M|100\/100\n|turn|5\n|\n|t:|1653410404\n|move|p1a: Feraligatr|Waterfall|p2a: Azumarill\n|-resisted|p2a: Azumarill\n|-damage|p2a: Azumarill|6\/100\n|move|p2a: Azumarill|Play Rough|p1a: Feraligatr|[miss]\n|-miss|p2a: Azumarill|p1a: Feraligatr\n|\n|upkeep\n|turn|6\n|\n|t:|1653410411\n|move|p2a: Azumarill|Aqua Jet|p1a: Feraligatr\n|-resisted|p1a: Feraligatr\n|-damage|p1a: Feraligatr|45\/100\n|move|p1a: Feraligatr|Waterfall|p2a: Azumarill\n|-resisted|p2a: Azumarill\n|-damage|p2a: Azumarill|0 fnt\n|faint|p2a: Azumarill\n|\n|upkeep\n|\n|t:|1653410434\n|switch|p2a: Raikou|Raikou|100\/100\n|-damage|p2a: Raikou|88\/100|[from] Stealth Rock\n|-ability|p2a: Raikou|Pressure\n|turn|7\n|\n|t:|1653410440\n|move|p2a: Raikou|Thunderbolt|p1a: Feraligatr\n|-supereffective|p1a: Feraligatr\n|-damage|p1a: Feraligatr|0 fnt\n|faint|p1a: Feraligatr\n|\n|upkeep\n|\n|t:|1653410445\n|switch|p1a: Espeon|Espeon, F|100\/100\n|turn|8\n|\n|t:|1653410462\n|switch|p2a: Shuckle|Shuckle, F|100\/100\n|-damage|p2a: Shuckle|76\/100|[from] Stealth Rock\n|move|p1a: Espeon|Calm Mind|p1a: Espeon\n|-boost|p1a: Espeon|spa|1\n|-boost|p1a: Espeon|spd|1\n|\n|upkeep\n|turn|9\n|\n|t:|1653410469\n|move|p1a: Espeon|Psyshock|p2a: Shuckle\n|-damage|p2a: Shuckle|40\/100\n|move|p2a: Shuckle|Encore|p1a: Espeon\n|move|p1a: Espeon|Encore||[from]ability: Magic Bounce|[still]\n|-fail|p1a: Espeon\n|\n|upkeep\n|turn|10\n|c|\u2606Drew0723|right..\n|c|\u2606Drew0723|im bad\n|\n|t:|1653410488\n|switch|p2a: Skarmory|Skarmory, F|100\/100\n|-damage|p2a: Skarmory|88\/100|[from] Stealth Rock\n|move|p1a: Espeon|Psyshock|p2a: Skarmory\n|-resisted|p2a: Skarmory\n|-damage|p2a: Skarmory|71\/100\n|\n|upkeep\n|turn|11\n|\n|t:|1653410492\n|move|p1a: Espeon|Calm Mind|p1a: Espeon\n|-boost|p1a: Espeon|spa|1\n|-boost|p1a: Espeon|spd|1\n|move|p2a: Skarmory|Brave Bird|p1a: Espeon\n|-damage|p1a: Espeon|38\/100\n|-damage|p2a: Skarmory|54\/100|[from] Recoil\n|\n|upkeep\n|turn|12\n|\n|t:|1653410499\n|move|p1a: Espeon|Hidden Power|p2a: Skarmory\n|-supereffective|p2a: Skarmory\n|-damage|p2a: Skarmory|0 fnt\n|faint|p2a: Skarmory\n|\n|upkeep\n|\n|t:|1653410508\n|switch|p2a: Blissey|Blissey, F|81\/100\n|-damage|p2a: Blissey|69\/100|[from] Stealth Rock\n|turn|13\n|\n|t:|1653410512\n|move|p1a: Espeon|Morning Sun|p1a: Espeon\n|-heal|p1a: Espeon|88\/100\n|move|p2a: Blissey|Seismic Toss|p1a: Espeon\n|-damage|p1a: Espeon|51\/100\n|\n|-heal|p2a: Blissey|75\/100|[from] item: Leftovers\n|upkeep\n|turn|14\n|c|\u2606Drew0723|GG\n|-message|Drew0723 forfeited.\n|\n|win|Sir Fresh\n|l|\u2606Drew0723\n|j|\u2606Drew0723\n|player|p2|Drew0723|266\n","uploadtime":1653410547,"views":20,"p1id":"sirfresh","p2id":"drew0723","formatid":"gen8nationaldex","rating":0,"private":0,"password":null}