{"id":"gen8pu-1503210907","p1":"Ivyon","p2":"Taranpoke","format":"gen8pu","log":"|j|\u2606Ivyon\n|j|\u2606Taranpoke\n|t:|1643833224\n|gametype|singles\n|player|p1|Ivyon|blue|1228\n|player|p2|Taranpoke|brawly|1176\n|teamsize|p1|6\n|teamsize|p2|6\n|gen|8\n|tier|[Gen 8] PU\n|rated|\n|rule|Sleep Clause Mod: Limit one foe put to sleep\n|rule|Species Clause: Limit one of each Pok\u00e9mon\n|rule|OHKO Clause: OHKO moves are banned\n|rule|Evasion Moves Clause: Evasion moves are banned\n|rule|Endless Battle Clause: Forcing endless battles is banned\n|rule|HP Percentage Mod: HP is shown in percentages\n|rule|Dynamax Clause: You cannot dynamax\n|clearpoke\n|poke|p1|Lycanroc, M|\n|poke|p1|Rapidash, F|\n|poke|p1|Malamar, F|\n|poke|p1|Galvantula, M|\n|poke|p1|Rotom-Fan|\n|poke|p1|Cofagrigus, M|\n|poke|p2|Fraxure, F|\n|poke|p2|Galvantula, F|\n|poke|p2|Regice|\n|poke|p2|Quagsire, M|\n|poke|p2|Espeon, F|\n|poke|p2|Cinccino, F|\n|teampreview\n|\n|t:|1643833245\n|start\n|switch|p1a: Lycanroc|Lycanroc, M, shiny|100\/100\n|switch|p2a: Cinccino|Cinccino, F|100\/100\n|turn|1\n|\n|t:|1643833251\n|switch|p2a: Quagsire|Quagsire, M|100\/100\n|switch|p1a: Rotom|Rotom-Fan, shiny|100\/100\n|\n|upkeep\n|turn|2\n|\n|t:|1643833257\n|move|p1a: Rotom|Will-O-Wisp|p2a: Quagsire\n|-status|p2a: Quagsire|brn\n|move|p2a: Quagsire|Toxic|p1a: Rotom\n|-status|p1a: Rotom|tox\n|\n|-damage|p1a: Rotom|94\/100 tox|[from] psn\n|-damage|p2a: Quagsire|94\/100 brn|[from] brn\n|upkeep\n|turn|3\n|\n|t:|1643833269\n|switch|p1a: Galvantula|Galvantula, M, shiny|100\/100\n|switch|p2a: Regice|Regice|100\/100\n|\n|upkeep\n|turn|4\n|\n|t:|1643833281\n|switch|p1a: Rapidash|Rapidash, F, shiny|100\/100\n|move|p2a: Regice|Ancient Power|p1a: Rapidash\n|-supereffective|p1a: Rapidash\n|-damage|p1a: Rapidash|48\/100\n|\n|upkeep\n|turn|5\n|\n|t:|1643833293\n|switch|p1a: Galvantula|Galvantula, M, shiny|100\/100\n|switch|p2a: Quagsire|Quagsire, M|94\/100 brn\n|\n|-heal|p2a: Quagsire|100\/100 brn|[from] item: Leftovers\n|-damage|p2a: Quagsire|94\/100 brn|[from] brn\n|upkeep\n|turn|6\n|\n|t:|1643833307\n|move|p2a: Quagsire|Protect|p2a: Quagsire\n|-singleturn|p2a: Quagsire|Protect\n|move|p1a: Galvantula|Energy Ball|p2a: Quagsire\n|-activate|p2a: Quagsire|move: Protect\n|\n|-heal|p2a: Quagsire|100\/100 brn|[from] item: Leftovers\n|-damage|p2a: Quagsire|94\/100 brn|[from] brn\n|upkeep\n|turn|7\n|\n|t:|1643833318\n|switch|p2a: Regice|Regice|100\/100\n|move|p1a: Galvantula|Bug Buzz|p2a: Regice\n|-damage|p2a: Regice|89\/100\n|\n|upkeep\n|turn|8\n|\n|t:|1643833324\n|move|p1a: Galvantula|Sticky Web|p2a: Regice\n|-sidestart|p2: Taranpoke|move: Sticky Web\n|move|p2a: Regice|Ice Beam|p1a: Galvantula\n|-damage|p1a: Galvantula|27\/100\n|-status|p1a: Galvantula|frz\n|\n|upkeep\n|turn|9\n|\n|t:|1643833334\n|cant|p1a: Galvantula|frz\n|move|p2a: Regice|Ancient Power|p1a: Galvantula\n|-supereffective|p1a: Galvantula\n|-damage|p1a: Galvantula|0 fnt\n|faint|p1a: Galvantula\n|\n|upkeep\n|\n|t:|1643833337\n|switch|p1a: Malamar|Malamar, F|100\/100\n|turn|10\n|\n|t:|1643833345\n|switch|p2a: Quagsire|Quagsire, M|94\/100 brn\n|-activate|p2a: Quagsire|move: Sticky Web\n|-unboost|p2a: Quagsire|spe|1\n|move|p1a: Malamar|Superpower|p2a: Quagsire\n|-damage|p2a: Quagsire|71\/100 brn\n|-boost|p1a: Malamar|atk|1\n|-boost|p1a: Malamar|def|1\n|\n|-heal|p2a: Quagsire|77\/100 brn|[from] item: Leftovers\n|-damage|p2a: Quagsire|71\/100 brn|[from] brn\n|upkeep\n|turn|11\n|\n|t:|1643833358\n|move|p1a: Malamar|Superpower|p2a: Quagsire\n|-damage|p2a: Quagsire|45\/100 brn\n|-boost|p1a: Malamar|atk|1\n|-boost|p1a: Malamar|def|1\n|move|p2a: Quagsire|Recover|p2a: Quagsire\n|-heal|p2a: Quagsire|95\/100 brn\n|\n|-heal|p2a: Quagsire|100\/100 brn|[from] item: Leftovers\n|-damage|p2a: Quagsire|94\/100 brn|[from] brn\n|upkeep\n|turn|12\n|\n|t:|1643833373\n|switch|p1a: Rotom|Rotom-Fan, shiny|94\/100 tox\n|move|p2a: Quagsire|Toxic|p1a: Rotom|[miss]\n|-miss|p2a: Quagsire|p1a: Rotom\n|\n|-heal|p2a: Quagsire|100\/100 brn|[from] item: Leftovers\n|-damage|p1a: Rotom|88\/100 tox|[from] psn\n|-damage|p2a: Quagsire|94\/100 brn|[from] brn\n|upkeep\n|turn|13\n|\n|t:|1643833393\n|move|p2a: Quagsire|Protect|p2a: Quagsire\n|-singleturn|p2a: Quagsire|Protect\n|move|p1a: Rotom|Air Slash|p2a: Quagsire\n|-activate|p2a: Quagsire|move: Protect\n|\n|-heal|p2a: Quagsire|100\/100 brn|[from] item: Leftovers\n|-damage|p1a: Rotom|75\/100 tox|[from] psn\n|-damage|p2a: Quagsire|94\/100 brn|[from] brn\n|upkeep\n|turn|14\n|\n|t:|1643833402\n|switch|p1a: Lycanroc|Lycanroc, M, shiny|100\/100\n|move|p2a: Quagsire|Recover|p2a: Quagsire\n|-heal|p2a: Quagsire|100\/100 brn\n|\n|-damage|p2a: Quagsire|94\/100 brn|[from] brn\n|upkeep\n|turn|15\n|\n|t:|1643833408\n|move|p1a: Lycanroc|Taunt|p2a: Quagsire\n|-start|p2a: Quagsire|move: Taunt\n|cant|p2a: Quagsire|move: Taunt|Toxic\n|\n|-heal|p2a: Quagsire|100\/100 brn|[from] item: Leftovers\n|-damage|p2a: Quagsire|94\/100 brn|[from] brn\n|upkeep\n|turn|16\n|\n|t:|1643833411\n|move|p1a: Lycanroc|Stealth Rock|p2a: Quagsire\n|-sidestart|p2: Taranpoke|move: Stealth Rock\n|move|p2a: Quagsire|Earthquake|p1a: Lycanroc\n|-supereffective|p1a: Lycanroc\n|-damage|p1a: Lycanroc|49\/100\n|\n|-heal|p2a: Quagsire|100\/100 brn|[from] item: Leftovers\n|-damage|p2a: Quagsire|94\/100 brn|[from] brn\n|upkeep\n|turn|17\n|\n|t:|1643833419\n|move|p1a: Lycanroc|Endeavor|p2a: Quagsire\n|-damage|p2a: Quagsire|36\/100 brn\n|move|p2a: Quagsire|Earthquake|p1a: Lycanroc\n|-supereffective|p1a: Lycanroc\n|-damage|p1a: Lycanroc|0 fnt\n|faint|p1a: Lycanroc\n|\n|-heal|p2a: Quagsire|42\/100 brn|[from] item: Leftovers\n|-damage|p2a: Quagsire|36\/100 brn|[from] brn\n|-end|p2a: Quagsire|move: Taunt\n|upkeep\n|\n|t:|1643833428\n|switch|p1a: Malamar|Malamar, F|100\/100\n|turn|18\n|\n|t:|1643833436\n|move|p2a: Quagsire|Protect|p2a: Quagsire\n|-singleturn|p2a: Quagsire|Protect\n|move|p1a: Malamar|Superpower|p2a: Quagsire\n|-activate|p2a: Quagsire|move: Protect\n|\n|-heal|p2a: Quagsire|42\/100 brn|[from] item: Leftovers\n|-damage|p2a: Quagsire|36\/100 brn|[from] brn\n|upkeep\n|turn|19\n|\n|t:|1643833440\n|move|p1a: Malamar|Superpower|p2a: Quagsire\n|-damage|p2a: Quagsire|11\/100 brn\n|-boost|p1a: Malamar|atk|1\n|-boost|p1a: Malamar|def|1\n|move|p2a: Quagsire|Recover|p2a: Quagsire\n|-heal|p2a: Quagsire|61\/100 brn\n|\n|-heal|p2a: Quagsire|67\/100 brn|[from] item: Leftovers\n|-damage|p2a: Quagsire|61\/100 brn|[from] brn\n|upkeep\n|turn|20\n|\n|t:|1643833444\n|move|p1a: Malamar|Knock Off|p2a: Quagsire\n|-damage|p2a: Quagsire|29\/100 brn\n|-enditem|p2a: Quagsire|Leftovers|[from] move: Knock Off|[of] p1a: Malamar\n|move|p2a: Quagsire|Recover|p2a: Quagsire\n|-heal|p2a: Quagsire|79\/100 brn\n|\n|-damage|p2a: Quagsire|73\/100 brn|[from] brn\n|upkeep\n|turn|21\n|\n|t:|1643833462\n|switch|p1a: Cofagrigus|Cofagrigus, M, shiny|100\/100\n|move|p2a: Quagsire|Recover|p2a: Quagsire\n|-heal|p2a: Quagsire|100\/100 brn\n|\n|-damage|p2a: Quagsire|94\/100 brn|[from] brn\n|upkeep\n|turn|22\n|\n|t:|1643833468\n|move|p2a: Quagsire|Protect|p2a: Quagsire\n|-singleturn|p2a: Quagsire|Protect\n|move|p1a: Cofagrigus|Iron Defense|p1a: Cofagrigus\n|-boost|p1a: Cofagrigus|def|2\n|\n|-damage|p2a: Quagsire|88\/100 brn|[from] brn\n|upkeep\n|turn|23\n|\n|t:|1643833471\n|move|p1a: Cofagrigus|Iron Defense|p1a: Cofagrigus\n|-boost|p1a: Cofagrigus|def|2\n|move|p2a: Quagsire|Toxic|p1a: Cofagrigus\n|-status|p1a: Cofagrigus|tox\n|\n|-damage|p1a: Cofagrigus|94\/100 tox|[from] psn\n|-damage|p2a: Quagsire|82\/100 brn|[from] brn\n|upkeep\n|turn|24\n|\n|t:|1643833479\n|move|p1a: Cofagrigus|Iron Defense|p1a: Cofagrigus\n|-boost|p1a: Cofagrigus|def|2\n|move|p2a: Quagsire|Earthquake|p1a: Cofagrigus\n|-damage|p1a: Cofagrigus|83\/100 tox\n|\n|-heal|p1a: Cofagrigus|90\/100 tox|[from] item: Leftovers\n|-damage|p1a: Cofagrigus|77\/100 tox|[from] psn\n|-damage|p2a: Quagsire|76\/100 brn|[from] brn\n|upkeep\n|turn|25\n|\n|t:|1643833482\n|move|p1a: Cofagrigus|Body Press|p2a: Quagsire\n|-damage|p2a: Quagsire|59\/100 brn\n|move|p2a: Quagsire|Recover|p2a: Quagsire\n|-heal|p2a: Quagsire|100\/100 brn\n|\n|-heal|p1a: Cofagrigus|83\/100 tox|[from] item: Leftovers\n|-damage|p1a: Cofagrigus|65\/100 tox|[from] psn\n|-damage|p2a: Quagsire|94\/100 brn|[from] brn\n|upkeep\n|turn|26\n|\n|t:|1643833495\n|move|p2a: Quagsire|Protect|p2a: Quagsire\n|-singleturn|p2a: Quagsire|Protect\n|move|p1a: Cofagrigus|Night Shade|p2a: Quagsire\n|-activate|p2a: Quagsire|move: Protect\n|\n|-heal|p1a: Cofagrigus|71\/100 tox|[from] item: Leftovers\n|-damage|p1a: Cofagrigus|46\/100 tox|[from] psn\n|-damage|p2a: Quagsire|88\/100 brn|[from] brn\n|upkeep\n|turn|27\n|\n|t:|1643833502\n|move|p1a: Cofagrigus|Rest|p1a: Cofagrigus\n|-status|p1a: Cofagrigus|slp|[from] move: Rest\n|-heal|p1a: Cofagrigus|100\/100 slp|[silent]\n|move|p2a: Quagsire|Recover|p2a: Quagsire\n|-heal|p2a: Quagsire|100\/100 brn\n|\n|-damage|p2a: Quagsire|94\/100 brn|[from] brn\n|upkeep\n|turn|28\n|\n|t:|1643833507\n|switch|p2a: Espeon|Espeon, F|100\/100\n|-damage|p2a: Espeon|88\/100|[from] Stealth Rock\n|-activate|p2a: Espeon|move: Sticky Web\n|-unboost|p2a: Espeon|spe|1\n|cant|p1a: Cofagrigus|slp\n|\n|upkeep\n|turn|29\n|\n|t:|1643833510\n|move|p2a: Espeon|Calm Mind|p2a: Espeon\n|-boost|p2a: Espeon|spa|1\n|-boost|p2a: Espeon|spd|1\n|cant|p1a: Cofagrigus|slp\n|\n|upkeep\n|turn|30\n|\n|t:|1643833513\n|move|p2a: Espeon|Calm Mind|p2a: Espeon\n|-boost|p2a: Espeon|spa|1\n|-boost|p2a: Espeon|spd|1\n|-curestatus|p1a: Cofagrigus|slp|[msg]\n|move|p1a: Cofagrigus|Body Press|p2a: Espeon\n|-resisted|p2a: Espeon\n|-damage|p2a: Espeon|0 fnt\n|faint|p2a: Espeon\n|\n|upkeep\n|\n|t:|1643833531\n|switch|p2a: Quagsire|Quagsire, M|94\/100 brn\n|-damage|p2a: Quagsire|88\/100 brn|[from] Stealth Rock\n|-activate|p2a: Quagsire|move: Sticky Web\n|-unboost|p2a: Quagsire|spe|1\n|turn|31\n|\n|t:|1643833533\n|move|p1a: Cofagrigus|Night Shade|p2a: Quagsire\n|-damage|p2a: Quagsire|63\/100 brn\n|move|p2a: Quagsire|Toxic|p1a: Cofagrigus\n|-status|p1a: Cofagrigus|tox\n|\n|-damage|p1a: Cofagrigus|94\/100 tox|[from] psn\n|-damage|p2a: Quagsire|57\/100 brn|[from] brn\n|upkeep\n|turn|32\n|\n|t:|1643833538\n|move|p1a: Cofagrigus|Night Shade|p2a: Quagsire\n|-damage|p2a: Quagsire|31\/100 brn\n|move|p2a: Quagsire|Recover|p2a: Quagsire\n|-heal|p2a: Quagsire|81\/100 brn\n|\n|-heal|p1a: Cofagrigus|100\/100 tox|[from] item: Leftovers\n|-damage|p1a: Cofagrigus|88\/100 tox|[from] psn\n|-damage|p2a: Quagsire|75\/100 brn|[from] brn\n|upkeep\n|turn|33\n|\n|t:|1643833554\n|move|p1a: Cofagrigus|Night Shade|p2a: Quagsire\n|-damage|p2a: Quagsire|50\/100 brn\n|move|p2a: Quagsire|Earthquake|p1a: Cofagrigus\n|-damage|p1a: Cofagrigus|76\/100 tox\n|\n|-heal|p1a: Cofagrigus|83\/100 tox|[from] item: Leftovers\n|-damage|p1a: Cofagrigus|64\/100 tox|[from] psn\n|-damage|p2a: Quagsire|44\/100 brn|[from] brn\n|upkeep\n|turn|34\n|\n|t:|1643833562\n|move|p1a: Cofagrigus|Rest|p1a: Cofagrigus\n|-status|p1a: Cofagrigus|slp|[from] move: Rest\n|-heal|p1a: Cofagrigus|100\/100 slp|[silent]\n|move|p2a: Quagsire|Recover|p2a: Quagsire\n|-heal|p2a: Quagsire|94\/100 brn\n|\n|-damage|p2a: Quagsire|88\/100 brn|[from] brn\n|upkeep\n|turn|35\n|\n|t:|1643833566\n|cant|p1a: Cofagrigus|slp\n|move|p2a: Quagsire|Earthquake|p1a: Cofagrigus\n|-damage|p1a: Cofagrigus|90\/100 slp\n|\n|-heal|p1a: Cofagrigus|96\/100 slp|[from] item: Leftovers\n|-damage|p2a: Quagsire|82\/100 brn|[from] brn\n|upkeep\n|turn|36\n|\n|t:|1643833573\n|cant|p1a: Cofagrigus|slp\n|move|p2a: Quagsire|Earthquake|p1a: Cofagrigus\n|-damage|p1a: Cofagrigus|85\/100 slp\n|\n|-heal|p1a: Cofagrigus|92\/100 slp|[from] item: Leftovers\n|-damage|p2a: Quagsire|76\/100 brn|[from] brn\n|upkeep\n|turn|37\n|\n|t:|1643833580\n|-curestatus|p1a: Cofagrigus|slp|[msg]\n|move|p1a: Cofagrigus|Body Press|p2a: Quagsire\n|-damage|p2a: Quagsire|59\/100 brn\n|move|p2a: Quagsire|Earthquake|p1a: Cofagrigus\n|-damage|p1a: Cofagrigus|80\/100\n|\n|-heal|p1a: Cofagrigus|86\/100|[from] item: Leftovers\n|-damage|p2a: Quagsire|53\/100 brn|[from] brn\n|upkeep\n|turn|38\n|\n|t:|1643833582\n|move|p1a: Cofagrigus|Body Press|p2a: Quagsire\n|-damage|p2a: Quagsire|36\/100 brn\n|move|p2a: Quagsire|Recover|p2a: Quagsire\n|-heal|p2a: Quagsire|86\/100 brn\n|\n|-heal|p1a: Cofagrigus|92\/100|[from] item: Leftovers\n|-damage|p2a: Quagsire|80\/100 brn|[from] brn\n|upkeep\n|turn|39\n|\n|t:|1643833588\n|move|p1a: Cofagrigus|Body Press|p2a: Quagsire\n|-damage|p2a: Quagsire|63\/100 brn\n|move|p2a: Quagsire|Toxic|p1a: Cofagrigus\n|-status|p1a: Cofagrigus|tox\n|\n|-heal|p1a: Cofagrigus|98\/100 tox|[from] item: Leftovers\n|-damage|p1a: Cofagrigus|92\/100 tox|[from] psn\n|-damage|p2a: Quagsire|57\/100 brn|[from] brn\n|upkeep\n|turn|40\n|\n|t:|1643833594\n|move|p1a: Cofagrigus|Night Shade|p2a: Quagsire\n|-damage|p2a: Quagsire|31\/100 brn\n|move|p2a: Quagsire|Recover|p2a: Quagsire\n|-heal|p2a: Quagsire|81\/100 brn\n|\n|-heal|p1a: Cofagrigus|98\/100 tox|[from] item: Leftovers\n|-damage|p1a: Cofagrigus|86\/100 tox|[from] psn\n|-damage|p2a: Quagsire|75\/100 brn|[from] brn\n|upkeep\n|turn|41\n|\n|t:|1643833605\n|move|p1a: Cofagrigus|Night Shade|p2a: Quagsire\n|-damage|p2a: Quagsire|50\/100 brn\n|move|p2a: Quagsire|Earthquake|p1a: Cofagrigus\n|-damage|p1a: Cofagrigus|74\/100 tox\n|\n|-heal|p1a: Cofagrigus|80\/100 tox|[from] item: Leftovers\n|-damage|p1a: Cofagrigus|61\/100 tox|[from] psn\n|-damage|p2a: Quagsire|44\/100 brn|[from] brn\n|upkeep\n|turn|42\n|\n|t:|1643833613\n|move|p1a: Cofagrigus|Rest|p1a: Cofagrigus\n|-status|p1a: Cofagrigus|slp|[from] move: Rest\n|-heal|p1a: Cofagrigus|100\/100 slp|[silent]\n|move|p2a: Quagsire|Recover|p2a: Quagsire\n|-heal|p2a: Quagsire|94\/100 brn\n|\n|-damage|p2a: Quagsire|88\/100 brn|[from] brn\n|upkeep\n|turn|43\n|\n|t:|1643833616\n|cant|p1a: Cofagrigus|slp\n|move|p2a: Quagsire|Earthquake|p1a: Cofagrigus\n|-damage|p1a: Cofagrigus|89\/100 slp\n|\n|-heal|p1a: Cofagrigus|95\/100 slp|[from] item: Leftovers\n|-damage|p2a: Quagsire|82\/100 brn|[from] brn\n|upkeep\n|turn|44\n|\n|t:|1643833618\n|cant|p1a: Cofagrigus|slp\n|move|p2a: Quagsire|Earthquake|p1a: Cofagrigus\n|-damage|p1a: Cofagrigus|84\/100 slp\n|\n|-heal|p1a: Cofagrigus|90\/100 slp|[from] item: Leftovers\n|-damage|p2a: Quagsire|76\/100 brn|[from] brn\n|upkeep\n|turn|45\n|\n|t:|1643833623\n|-curestatus|p1a: Cofagrigus|slp|[msg]\n|move|p1a: Cofagrigus|Night Shade|p2a: Quagsire\n|-damage|p2a: Quagsire|50\/100 brn\n|move|p2a: Quagsire|Earthquake|p1a: Cofagrigus\n|-damage|p1a: Cofagrigus|78\/100\n|\n|-heal|p1a: Cofagrigus|84\/100|[from] item: Leftovers\n|-damage|p2a: Quagsire|44\/100 brn|[from] brn\n|upkeep\n|turn|46\n|\n|t:|1643833634\n|move|p1a: Cofagrigus|Night Shade|p2a: Quagsire\n|-damage|p2a: Quagsire|19\/100 brn\n|move|p2a: Quagsire|Recover|p2a: Quagsire\n|-heal|p2a: Quagsire|69\/100 brn\n|\n|-heal|p1a: Cofagrigus|90\/100|[from] item: Leftovers\n|-damage|p2a: Quagsire|63\/100 brn|[from] brn\n|upkeep\n|turn|47\n|\n|t:|1643833639\n|move|p1a: Cofagrigus|Night Shade|p2a: Quagsire\n|-damage|p2a: Quagsire|37\/100 brn\n|move|p2a: Quagsire|Toxic|p1a: Cofagrigus|[miss]\n|-miss|p2a: Quagsire|p1a: Cofagrigus\n|\n|-heal|p1a: Cofagrigus|96\/100|[from] item: Leftovers\n|-damage|p2a: Quagsire|31\/100 brn|[from] brn\n|upkeep\n|turn|48\n|\n|t:|1643833647\n|move|p1a: Cofagrigus|Night Shade|p2a: Quagsire\n|-damage|p2a: Quagsire|6\/100 brn\n|move|p2a: Quagsire|Recover|p2a: Quagsire\n|-heal|p2a: Quagsire|56\/100 brn\n|\n|-heal|p1a: Cofagrigus|100\/100|[from] item: Leftovers\n|-damage|p2a: Quagsire|50\/100 brn|[from] brn\n|upkeep\n|turn|49\n|\n|t:|1643833654\n|move|p1a: Cofagrigus|Night Shade|p2a: Quagsire\n|-damage|p2a: Quagsire|24\/100 brn\n|move|p2a: Quagsire|Toxic|p1a: Cofagrigus\n|-status|p1a: Cofagrigus|tox\n|\n|-damage|p1a: Cofagrigus|94\/100 tox|[from] psn\n|-damage|p2a: Quagsire|18\/100 brn|[from] brn\n|upkeep\n|turn|50\n|\n|t:|1643833663\n|move|p2a: Quagsire|Protect|p2a: Quagsire\n|-singleturn|p2a: Quagsire|Protect\n|move|p1a: Cofagrigus|Rest|p1a: Cofagrigus\n|-status|p1a: Cofagrigus|slp|[from] move: Rest\n|-heal|p1a: Cofagrigus|100\/100 slp|[silent]\n|\n|-damage|p2a: Quagsire|12\/100 brn|[from] brn\n|upkeep\n|turn|51\n|\n|t:|1643833668\n|cant|p1a: Cofagrigus|slp\n|move|p2a: Quagsire|Recover|p2a: Quagsire\n|-heal|p2a: Quagsire|62\/100 brn\n|\n|-damage|p2a: Quagsire|56\/100 brn|[from] brn\n|upkeep\n|turn|52\n|\n|t:|1643833683\n|cant|p1a: Cofagrigus|slp\n|move|p2a: Quagsire|Recover|p2a: Quagsire\n|-heal|p2a: Quagsire|100\/100 brn\n|\n|-damage|p2a: Quagsire|94\/100 brn|[from] brn\n|upkeep\n|turn|53\n|\n|t:|1643833688\n|-curestatus|p1a: Cofagrigus|slp|[msg]\n|move|p1a: Cofagrigus|Night Shade|p2a: Quagsire\n|-damage|p2a: Quagsire|69\/100 brn\n|move|p2a: Quagsire|Earthquake|p1a: Cofagrigus\n|-damage|p1a: Cofagrigus|88\/100\n|\n|-heal|p1a: Cofagrigus|95\/100|[from] item: Leftovers\n|-damage|p2a: Quagsire|63\/100 brn|[from] brn\n|upkeep\n|turn|54\n|\n|t:|1643833694\n|move|p1a: Cofagrigus|Night Shade|p2a: Quagsire\n|-damage|p2a: Quagsire|38\/100 brn\n|move|p2a: Quagsire|Toxic|p1a: Cofagrigus\n|-status|p1a: Cofagrigus|tox\n|\n|-heal|p1a: Cofagrigus|100\/100 tox|[from] item: Leftovers\n|-damage|p1a: Cofagrigus|94\/100 tox|[from] psn\n|-damage|p2a: Quagsire|31\/100 brn|[from] brn\n|upkeep\n|turn|55\n|\n|t:|1643833708\n|move|p2a: Quagsire|Protect|p2a: Quagsire\n|-singleturn|p2a: Quagsire|Protect\n|move|p1a: Cofagrigus|Body Press|p2a: Quagsire\n|-activate|p2a: Quagsire|move: Protect\n|\n|-heal|p1a: Cofagrigus|100\/100 tox|[from] item: Leftovers\n|-damage|p1a: Cofagrigus|88\/100 tox|[from] psn\n|-damage|p2a: Quagsire|25\/100 brn|[from] brn\n|upkeep\n|turn|56\n|\n|t:|1643833711\n|move|p1a: Cofagrigus|Rest|p1a: Cofagrigus\n|-status|p1a: Cofagrigus|slp|[from] move: Rest\n|-heal|p1a: Cofagrigus|100\/100 slp|[silent]\n|move|p2a: Quagsire|Earthquake|p1a: Cofagrigus\n|-damage|p1a: Cofagrigus|89\/100 slp\n|\n|-heal|p1a: Cofagrigus|95\/100 slp|[from] item: Leftovers\n|-damage|p2a: Quagsire|19\/100 brn|[from] brn\n|upkeep\n|turn|57\n|\n|t:|1643833714\n|cant|p1a: Cofagrigus|slp\n|move|p2a: Quagsire|Earthquake|p1a: Cofagrigus\n|-damage|p1a: Cofagrigus|84\/100 slp\n|\n|-heal|p1a: Cofagrigus|90\/100 slp|[from] item: Leftovers\n|-damage|p2a: Quagsire|13\/100 brn|[from] brn\n|upkeep\n|turn|58\n|\n|t:|1643833718\n|cant|p1a: Cofagrigus|slp\n|move|p2a: Quagsire|Earthquake|p1a: Cofagrigus\n|-damage|p1a: Cofagrigus|79\/100 slp\n|\n|-heal|p1a: Cofagrigus|85\/100 slp|[from] item: Leftovers\n|-damage|p2a: Quagsire|7\/100 brn|[from] brn\n|upkeep\n|turn|59\n|\n|t:|1643833728\n|move|p2a: Quagsire|Protect|p2a: Quagsire\n|-singleturn|p2a: Quagsire|Protect\n|-curestatus|p1a: Cofagrigus|slp|[msg]\n|move|p1a: Cofagrigus|Night Shade|p2a: Quagsire\n|-activate|p2a: Quagsire|move: Protect\n|\n|-heal|p1a: Cofagrigus|92\/100|[from] item: Leftovers\n|-damage|p2a: Quagsire|1\/100 brn|[from] brn\n|upkeep\n|turn|60\n|\n|t:|1643833733\n|move|p1a: Cofagrigus|Night Shade|p2a: Quagsire\n|-damage|p2a: Quagsire|0 fnt\n|faint|p2a: Quagsire\n|\n|-heal|p1a: Cofagrigus|98\/100|[from] item: Leftovers\n|upkeep\n|\n|t:|1643833742\n|switch|p2a: Galvantula|Galvantula, F|100\/100\n|-activate|p2a: Galvantula|move: Sticky Web\n|-unboost|p2a: Galvantula|spe|1\n|-damage|p2a: Galvantula|76\/100|[from] Stealth Rock\n|turn|61\n|\n|t:|1643833750\n|move|p2a: Galvantula|Thunder Wave|p1a: Cofagrigus\n|-status|p1a: Cofagrigus|par\n|move|p1a: Cofagrigus|Body Press|p2a: Galvantula\n|-resisted|p2a: Galvantula\n|-damage|p2a: Galvantula|0 fnt\n|faint|p2a: Galvantula\n|\n|-heal|p1a: Cofagrigus|100\/100 par|[from] item: Leftovers\n|upkeep\n|\n|t:|1643833759\n|switch|p2a: Fraxure|Fraxure, F|100\/100\n|-activate|p2a: Fraxure|move: Sticky Web\n|-unboost|p2a: Fraxure|spe|1\n|-damage|p2a: Fraxure|88\/100|[from] Stealth Rock\n|-ability|p2a: Fraxure|Mold Breaker\n|turn|62\n|\n|t:|1643833762\n|move|p2a: Fraxure|Dragon Dance|p2a: Fraxure\n|-boost|p2a: Fraxure|atk|1\n|-boost|p2a: Fraxure|spe|1\n|move|p1a: Cofagrigus|Body Press|p2a: Fraxure\n|-damage|p2a: Fraxure|0 fnt\n|faint|p2a: Fraxure\n|\n|upkeep\n|\n|t:|1643833768\n|switch|p2a: Regice|Regice|89\/100\n|-damage|p2a: Regice|64\/100|[from] Stealth Rock\n|-activate|p2a: Regice|move: Sticky Web\n|-fail|p2a: Regice|unboost|[from] ability: Clear Body|[of] p2a: Regice\n|turn|63\n|\n|t:|1643833770\n|move|p2a: Regice|Ice Beam|p1a: Cofagrigus\n|-damage|p1a: Cofagrigus|68\/100 par\n|move|p1a: Cofagrigus|Body Press|p2a: Regice\n|-supereffective|p2a: Regice\n|-damage|p2a: Regice|0 fnt\n|faint|p2a: Regice\n|\n|-heal|p1a: Cofagrigus|75\/100 par|[from] item: Leftovers\n|upkeep\n|\n|t:|1643833773\n|switch|p2a: Cinccino|Cinccino, F|100\/100\n|-damage|p2a: Cinccino|88\/100|[from] Stealth Rock\n|-activate|p2a: Cinccino|move: Sticky Web\n|-unboost|p2a: Cinccino|spe|1\n|turn|64\n|\n|t:|1643833775\n|move|p2a: Cinccino|Rock Blast|p1a: Cofagrigus\n|-damage|p1a: Cofagrigus|72\/100 par\n|-damage|p1a: Cofagrigus|70\/100 par\n|-damage|p1a: Cofagrigus|69\/100 par\n|-damage|p1a: Cofagrigus|67\/100 par\n|-damage|p1a: Cofagrigus|64\/100 par\n|-hitcount|p1a: Cofagrigus|5\n|move|p1a: Cofagrigus|Body Press|p2a: Cinccino\n|-supereffective|p2a: Cinccino\n|-damage|p2a: Cinccino|0 fnt\n|faint|p2a: Cinccino\n|\n|win|Ivyon\n|raw|Ivyon's rating: 1228 &rarr; <strong>1249<\/strong><br \/>(+21 for winning)\n|raw|Taranpoke's rating: 1176 &rarr; <strong>1155<\/strong><br \/>(-21 for losing)\n","uploadtime":1643833781,"views":16,"p1id":"ivyon","p2id":"taranpoke","formatid":"gen8pu","rating":1155,"private":0,"password":null}