{"id":"gen8ou-1633419541","p1":"Daevank5","p2":"lt92pf vk","format":"gen8ou","log":"|raw|<div class=\"broadcast-blue\"><strong>This battle is required to be public due to a player having a name starting with 'lt92pf'.<\/div>\n|j|\u2606Daevank5\n|j|\u2606lt92pf vk\n|t:|1659773754\n|gametype|singles\n|player|p1|Daevank5|1|1714\n|player|p2|lt92pf vk|clemont|1735\n|teamsize|p1|6\n|teamsize|p2|6\n|gen|8\n|tier|[Gen 8] OU\n|rated|\n|rule|Sleep Clause Mod: Limit one foe put to sleep\n|rule|Species Clause: Limit one of each Pok\u00e9mon\n|rule|OHKO Clause: OHKO moves are banned\n|rule|Evasion Items Clause: Evasion items are banned\n|rule|Evasion Moves Clause: Evasion moves are banned\n|rule|Endless Battle Clause: Forcing endless battles is banned\n|rule|HP Percentage Mod: HP is shown in percentages\n|rule|Dynamax Clause: You cannot dynamax\n|clearpoke\n|poke|p1|Glastrier|\n|poke|p1|Rotom-Wash|\n|poke|p1|Dragonite, M|\n|poke|p1|Landorus-Therian, M|\n|poke|p1|Kartana|\n|poke|p1|Tapu Lele|\n|poke|p2|Bisharp, F|\n|poke|p2|Rillaboom, M|\n|poke|p2|Kartana|\n|poke|p2|Dragapult, M|\n|poke|p2|Blaziken, M|\n|poke|p2|Aegislash, F|\n|teampreview\n|j| loneyaaa\n|inactive|Battle timer is ON: inactive players will automatically lose when time's up. (requested by lt92pf vk)\n|\n|t:|1659773761\n|start\n|switch|p1a: Rotom|Rotom-Wash|100\/100\n|switch|p2a: Bisharp|Bisharp, F|100\/100\n|turn|1\n|\n|t:|1659773780\n|move|p2a: Bisharp|Stealth Rock|p1a: Rotom\n|-sidestart|p1: Daevank5|move: Stealth Rock\n|move|p1a: Rotom|Will-O-Wisp|p2a: Bisharp\n|-status|p2a: Bisharp|brn\n|\n|-damage|p2a: Bisharp|94\/100 brn|[from] brn\n|upkeep\n|turn|2\n|j| undefeatedTEAMtest\n|l| loneyaaa\n|\n|t:|1659773794\n|switch|p1a: Dragonite|Dragonite, M|100\/100\n|move|p2a: Bisharp|Knock Off|p1a: Dragonite\n|-damage|p1a: Dragonite|87\/100\n|-enditem|p1a: Dragonite|Heavy-Duty Boots|[from] move: Knock Off|[of] p2a: Bisharp\n|\n|-damage|p2a: Bisharp|88\/100 brn|[from] brn\n|upkeep\n|turn|3\n|\n|t:|1659773800\n|switch|p2a: Dragapult|Dragapult, M|100\/100\n|move|p1a: Dragonite|Roost|p1a: Dragonite\n|-heal|p1a: Dragonite|100\/100\n|-singleturn|p1a: Dragonite|move: Roost\n|\n|upkeep\n|turn|4\n|j| band lele\n|\n|t:|1659773810\n|switch|p1a: Tapu Lele|Tapu Lele|100\/100\n|-damage|p1a: Tapu Lele|88\/100|[from] Stealth Rock\n|-fieldstart|move: Psychic Terrain|[from] ability: Psychic Surge|[of] p1a: Tapu Lele\n|move|p2a: Dragapult|Dragon Dance|p2a: Dragapult\n|-boost|p2a: Dragapult|atk|1\n|-boost|p2a: Dragapult|spe|1\n|\n|upkeep\n|turn|5\n|\n|t:|1659773815\n|switch|p1a: Glastrier|Glastrier|100\/100\n|move|p2a: Dragapult|Substitute|p2a: Dragapult\n|-start|p2a: Dragapult|Substitute\n|-damage|p2a: Dragapult|76\/100\n|\n|-heal|p2a: Dragapult|82\/100|[from] item: Leftovers\n|upkeep\n|turn|6\n|\n|t:|1659773827\n|move|p2a: Dragapult|Dragon Darts|p1a: Glastrier\n|-crit|p1a: Glastrier\n|-damage|p1a: Glastrier|49\/100\n|-anim|p2a: Dragapult|Dragon Darts|p1a: Glastrier\n|-damage|p1a: Glastrier|14\/100\n|move|p1a: Glastrier|High Horsepower|p2a: Dragapult\n|-end|p2a: Dragapult|Substitute\n|\n|-heal|p2a: Dragapult|88\/100|[from] item: Leftovers\n|upkeep\n|turn|7\n|\n|t:|1659773835\n|move|p2a: Dragapult|Dragon Darts|p1a: Glastrier\n|-damage|p1a: Glastrier|0 fnt\n|faint|p1a: Glastrier\n|\n|-heal|p2a: Dragapult|94\/100|[from] item: Leftovers\n|upkeep\n|\n|t:|1659773840\n|switch|p1a: Kartana|Kartana|100\/100\n|-damage|p1a: Kartana|94\/100|[from] Stealth Rock\n|turn|8\n|inactive|Daevank5 has 120 seconds left.\n|\n|t:|1659773872\n|switch|p2a: Bisharp|Bisharp, F|88\/100 brn\n|move|p1a: Kartana|Sacred Sword|p2a: Bisharp\n|-supereffective|p2a: Bisharp\n|-damage|p2a: Bisharp|0 fnt\n|faint|p2a: Bisharp\n|-ability|p1a: Kartana|Beast Boost|boost\n|-boost|p1a: Kartana|atk|1\n|\n|-fieldend|move: Psychic Terrain\n|upkeep\n|\n|t:|1659773881\n|switch|p2a: Dragapult|Dragapult, M|94\/100\n|turn|9\n|\n|t:|1659773883\n|switch|p1a: Tapu Lele|Tapu Lele|88\/100\n|-damage|p1a: Tapu Lele|76\/100|[from] Stealth Rock\n|-fieldstart|move: Psychic Terrain|[from] ability: Psychic Surge|[of] p1a: Tapu Lele\n|move|p2a: Dragapult|Dragon Dance|p2a: Dragapult\n|-boost|p2a: Dragapult|atk|1\n|-boost|p2a: Dragapult|spe|1\n|\n|-heal|p2a: Dragapult|99\/100|[from] item: Leftovers\n|upkeep\n|turn|10\n|\n|t:|1659773895\n|move|p2a: Dragapult|Substitute|p2a: Dragapult\n|-start|p2a: Dragapult|Substitute\n|-damage|p2a: Dragapult|75\/100\n|move|p1a: Tapu Lele|Future Sight|p2a: Dragapult\n|-start|p1a: Tapu Lele|move: Future Sight\n|\n|-heal|p2a: Dragapult|81\/100|[from] item: Leftovers\n|upkeep\n|turn|11\n|\n|t:|1659773905\n|move|p2a: Dragapult|Dragon Dance|p2a: Dragapult\n|-boost|p2a: Dragapult|atk|1\n|-boost|p2a: Dragapult|spe|1\n|move|p1a: Tapu Lele|Future Sight||[still]\n|-fail|p1a: Tapu Lele\n|\n|-heal|p2a: Dragapult|87\/100|[from] item: Leftovers\n|upkeep\n|turn|12\n|c| undefeatedTEAMtest|phantom avoid\n|c|\u2606lt92pf vk|ik\n|inactive|Daevank5 has 120 seconds left.\n|\n|t:|1659773932\n|switch|p1a: Rotom|Rotom-Wash|100\/100\n|-damage|p1a: Rotom|88\/100|[from] Stealth Rock\n|move|p2a: Dragapult|Phantom Force||[still]|[miss]\n|-prepare|p2a: Dragapult|Phantom Force\n|\n|-end|p2a: Dragapult|move: Future Sight\n|-miss|p1: Tapu Lele|p2a: Dragapult\n|-heal|p2a: Dragapult|93\/100|[from] item: Leftovers\n|-heal|p1a: Rotom|94\/100|[from] item: Leftovers\n|upkeep\n|turn|13\n|\n|t:|1659773937\n|move|p2a: Dragapult|Phantom Force|p1a: Rotom|[from]lockedmove\n|-damage|p1a: Rotom|0 fnt\n|faint|p1a: Rotom\n|\n|-heal|p2a: Dragapult|99\/100|[from] item: Leftovers\n|-fieldend|move: Psychic Terrain\n|upkeep\n|l| band lele\n|-message|Daevank5 forfeited.\n|\n|win|lt92pf vk\n|raw|Daevank5's rating: 1714 &rarr; <strong>1695<\/strong><br \/>(-19 for losing)\n|raw|lt92pf vk's rating: 1735 &rarr; <strong>1754<\/strong><br \/>(+19 for winning)\n|l|\u2606Daevank5\n|c| undefeatedTEAMtest|wow\n","uploadtime":1659773952,"views":46,"p1id":"daevank5","p2id":"lt92pfvk","formatid":"gen8ou","rating":1695,"private":0,"password":null}