{"id":"gen8ou-1639362849","p1":"LT93OQ Lennart","p2":"RTSG tests","format":"gen8ou","log":"|raw|<div class=\"broadcast-blue\"><strong>This battle is required to be public due to a player having a name starting with 'lt93oq'.<\/div>\n|j|\u2606LT93OQ Lennart\n|j|\u2606RTSG tests\n|t:|1660467561\n|gametype|singles\n|player|p1|LT93OQ Lennart|skyla-masters|1667\n|player|p2|RTSG tests|birdkeeper|1625\n|teamsize|p1|6\n|teamsize|p2|6\n|gen|8\n|tier|[Gen 8] OU\n|rated|\n|rule|Sleep Clause Mod: Limit one foe put to sleep\n|rule|Species Clause: Limit one of each Pok\u00e9mon\n|rule|OHKO Clause: OHKO moves are banned\n|rule|Evasion Items Clause: Evasion items are banned\n|rule|Evasion Moves Clause: Evasion moves are banned\n|rule|Endless Battle Clause: Forcing endless battles is banned\n|rule|HP Percentage Mod: HP is shown in percentages\n|rule|Dynamax Clause: You cannot dynamax\n|clearpoke\n|poke|p1|Nihilego|\n|poke|p1|Weavile, F|\n|poke|p1|Slowking, M|\n|poke|p1|Ferrothorn, M|\n|poke|p1|Tapu Koko|\n|poke|p1|Landorus-Therian, M|\n|poke|p2|Sceptile, M|\n|poke|p2|Salamence, F|\n|poke|p2|Excadrill, M|\n|poke|p2|Tapu Koko|\n|poke|p2|Magnezone|\n|poke|p2|Weavile, M|\n|teampreview\n|inactive|Battle timer is ON: inactive players will automatically lose when time's up. (requested by RTSG tests)\n|j| birbkk\n|l| birbkk\n|\n|t:|1660467601\n|start\n|switch|p1a: Weavile|Weavile, F|100\/100\n|switch|p2a: Weavile|Weavile, M|100\/100\n|-ability|p2a: Weavile|Pressure\n|turn|1\n|inactive|LT93OQ Lennart has 120 seconds left.\n|j| Mimikyu Stardust\n|l| Mimikyu Stardust\n|\n|t:|1660467651\n|move|p2a: Weavile|Knock Off|p1a: Weavile\n|-resisted|p1a: Weavile\n|-damage|p1a: Weavile|49\/100\n|-enditem|p1a: Weavile|Heavy-Duty Boots|[from] move: Knock Off|[of] p2a: Weavile\n|-enditem|p2a: Weavile|Life Orb|[silent]|[from] ability: Pickpocket|[of] p2a: Weavile\n|-item|p1a: Weavile|Life Orb|[from] ability: Pickpocket|[of] p2a: Weavile\n|move|p1a: Weavile|Triple Axel|p2a: Weavile\n|-resisted|p2a: Weavile\n|-damage|p2a: Weavile|87\/100\n|-resisted|p2a: Weavile\n|-damage|p2a: Weavile|65\/100\n|-hitcount|p2a: Weavile|2\n|-damage|p1a: Weavile|39\/100|[from] item: Life Orb\n|\n|upkeep\n|turn|2\n|j| lt93oq mind\n|\n|t:|1660467670\n|switch|p1a: Ferrothorn|Ferrothorn, M|100\/100\n|move|p2a: Weavile|Swords Dance|p2a: Weavile\n|-boost|p2a: Weavile|atk|2\n|\n|upkeep\n|turn|3\n|j| MAGAO2020\n|j| fvbdvgdgv\n|\n|t:|1660467688\n|move|p2a: Weavile|Knock Off|p1a: Ferrothorn\n|-damage|p1a: Ferrothorn|50\/100\n|-damage|p2a: Weavile|52\/100|[from] ability: Iron Barbs|[of] p1a: Ferrothorn\n|-damage|p2a: Weavile|36\/100|[from] item: Rocky Helmet|[of] p1a: Ferrothorn\n|-enditem|p1a: Ferrothorn|Rocky Helmet|[from] move: Knock Off|[of] p2a: Weavile\n|move|p1a: Ferrothorn|Body Press|p2a: Weavile\n|-supereffective|p2a: Weavile\n|-damage|p2a: Weavile|0 fnt\n|faint|p2a: Weavile\n|\n|upkeep\n|\n|t:|1660467701\n|switch|p2a: Tapu Koko|Tapu Koko|100\/100\n|-fieldstart|move: Electric Terrain|[from] ability: Electric Surge|[of] p2a: Tapu Koko\n|turn|4\n|\n|t:|1660467706\n|move|p2a: Tapu Koko|Taunt|p1a: Ferrothorn\n|-start|p1a: Ferrothorn|move: Taunt\n|cant|p1a: Ferrothorn|move: Taunt|Leech Seed\n|\n|upkeep\n|turn|5\n|\n|t:|1660467710\n|move|p2a: Tapu Koko|Reflect|p2a: Tapu Koko\n|-sidestart|p2: RTSG tests|Reflect\n|move|p1a: Ferrothorn|Knock Off|p2a: Tapu Koko\n|-resisted|p2a: Tapu Koko\n|-crit|p2a: Tapu Koko\n|-damage|p2a: Tapu Koko|81\/100\n|-enditem|p2a: Tapu Koko|Light Clay|[from] move: Knock Off|[of] p1a: Ferrothorn\n|\n|upkeep\n|turn|6\n|\n|t:|1660467715\n|switch|p1a: Landorus|Landorus-Therian, M|100\/100\n|-ability|p1a: Landorus|Intimidate|boost\n|-unboost|p2a: Tapu Koko|atk|1\n|move|p2a: Tapu Koko|Volt Switch|p1a: Landorus\n|-immune|p1a: Landorus\n|\n|upkeep\n|turn|7\n|\n|t:|1660467719\n|move|p2a: Tapu Koko|Taunt|p1a: Landorus\n|-start|p1a: Landorus|move: Taunt\n|cant|p1a: Landorus|move: Taunt|Stealth Rock\n|\n|upkeep\n|turn|8\n|\n|t:|1660467726\n|switch|p2a: Salamence|Salamence, F|100\/100\n|move|p1a: Landorus|U-turn|p2a: Salamence\n|-resisted|p2a: Salamence\n|-damage|p2a: Salamence|94\/100\n|\n|t:|1660467735\n|switch|p1a: Weavile|Weavile, F|39\/100|[from]move: U-turn\n|\n|-fieldend|move: Electric Terrain\n|upkeep\n|turn|9\n|\n|t:|1660467743\n|switch|p2a: Magnezone|Magnezone|100\/100\n|move|p1a: Weavile|Triple Axel|p2a: Magnezone\n|-resisted|p2a: Magnezone\n|-damage|p2a: Magnezone|97\/100\n|-resisted|p2a: Magnezone\n|-damage|p2a: Magnezone|90\/100\n|-resisted|p2a: Magnezone\n|-damage|p2a: Magnezone|78\/100\n|-hitcount|p2a: Magnezone|3\n|-damage|p1a: Weavile|29\/100|[from] item: Life Orb\n|\n|upkeep\n|turn|10\n|\n|t:|1660467751\n|switch|p1a: Landorus|Landorus-Therian, M|100\/100\n|-ability|p1a: Landorus|Intimidate|boost\n|-unboost|p2a: Magnezone|atk|1\n|move|p2a: Magnezone|Flash Cannon|p1a: Landorus\n|-damage|p1a: Landorus|53\/100\n|\n|-heal|p1a: Landorus|59\/100|[from] item: Leftovers\n|upkeep\n|turn|11\n|\n|t:|1660467775\n|switch|p2a: Excadrill|Excadrill, M|100\/100\n|-ability|p2a: Excadrill|Mold Breaker\n|move|p1a: Landorus|Stealth Rock|p2a: Excadrill\n|-sidestart|p2: RTSG tests|move: Stealth Rock\n|\n|-heal|p1a: Landorus|65\/100|[from] item: Leftovers\n|upkeep\n|turn|12\n|\n|t:|1660467778\n|move|p2a: Excadrill|Rapid Spin|p1a: Landorus\n|-damage|p1a: Landorus|47\/100\n|-boost|p2a: Excadrill|spe|1\n|-sideend|p2: RTSG tests|Stealth Rock|[from] move: Rapid Spin|[of] p2a: Excadrill\n|move|p1a: Landorus|Earthquake|p2a: Excadrill\n|-supereffective|p2a: Excadrill\n|-damage|p2a: Excadrill|33\/100\n|\n|-heal|p1a: Landorus|53\/100|[from] item: Leftovers\n|-sideend|p2: RTSG tests|Reflect\n|upkeep\n|turn|13\n|\n|t:|1660467788\n|move|p2a: Excadrill|Stealth Rock|p1a: Landorus\n|-sidestart|p1: LT93OQ Lennart|move: Stealth Rock\n|move|p1a: Landorus|Earthquake|p2a: Excadrill\n|-supereffective|p2a: Excadrill\n|-damage|p2a: Excadrill|0 fnt\n|faint|p2a: Excadrill\n|\n|-heal|p1a: Landorus|59\/100|[from] item: Leftovers\n|upkeep\n|\n|t:|1660467791\n|switch|p2a: Salamence|Salamence, F|94\/100\n|turn|14\n|\n|t:|1660467795\n|switch|p1a: Ferrothorn|Ferrothorn, M|50\/100\n|-damage|p1a: Ferrothorn|44\/100|[from] Stealth Rock\n|move|p2a: Salamence|Substitute|p2a: Salamence\n|-start|p2a: Salamence|Substitute\n|-damage|p2a: Salamence|69\/100\n|\n|upkeep\n|turn|15\n|\n|t:|1660467799\n|move|p2a: Salamence|Dragon Dance|p2a: Salamence\n|-boost|p2a: Salamence|atk|1\n|-boost|p2a: Salamence|spe|1\n|move|p1a: Ferrothorn|Knock Off|p2a: Salamence\n|-end|p2a: Salamence|Substitute\n|\n|upkeep\n|turn|16\n|\n|t:|1660467804\n|move|p2a: Salamence|Earthquake|p1a: Ferrothorn\n|-damage|p1a: Ferrothorn|10\/100\n|move|p1a: Ferrothorn|Knock Off|p2a: Salamence\n|-damage|p2a: Salamence|42\/100\n|-enditem|p2a: Salamence|Heavy-Duty Boots|[from] move: Knock Off|[of] p1a: Ferrothorn\n|\n|upkeep\n|turn|17\n|\n|t:|1660467815\n|move|p2a: Salamence|Substitute|p2a: Salamence\n|-start|p2a: Salamence|Substitute\n|-damage|p2a: Salamence|17\/100\n|move|p1a: Ferrothorn|Body Press|p2a: Salamence\n|-resisted|p2a: Salamence\n|-activate|p2a: Salamence|move: Substitute|[damage]\n|\n|upkeep\n|turn|18\n|inactive|LT93OQ Lennart has 120 seconds left.\n|\n|t:|1660467852\n|move|p2a: Salamence|Earthquake|p1a: Ferrothorn\n|-damage|p1a: Ferrothorn|0 fnt\n|faint|p1a: Ferrothorn\n|-ability|p2a: Salamence|Moxie|boost\n|-boost|p2a: Salamence|atk|1\n|\n|upkeep\n|\n|t:|1660467856\n|switch|p1a: Slowking|Slowking, M|100\/100\n|turn|19\n|\n|t:|1660467865\n|move|p2a: Salamence|Earthquake|p1a: Slowking\n|-damage|p1a: Slowking|30\/100\n|move|p1a: Slowking|Scald|p2a: Salamence\n|-resisted|p2a: Salamence\n|-end|p2a: Salamence|Substitute\n|\n|upkeep\n|turn|20\n|\n|t:|1660467877\n|move|p2a: Salamence|Dual Wingbeat|p1a: Slowking\n|-damage|p1a: Slowking|0 fnt\n|faint|p1a: Slowking\n|-ability|p2a: Salamence|Moxie|boost\n|-boost|p2a: Salamence|atk|1\n|-hitcount|p1: Slowking|1\n|\n|upkeep\n|\n|t:|1660467880\n|switch|p1a: Weavile|Weavile, F|29\/100\n|-damage|p1a: Weavile|4\/100|[from] Stealth Rock\n|turn|21\n|\n|t:|1660467891\n|move|p1a: Weavile|Ice Shard|p2a: Salamence\n|-supereffective|p2a: Salamence\n|-damage|p2a: Salamence|0 fnt\n|faint|p2a: Salamence\n|-damage|p1a: Weavile|0 fnt|[from] item: Life Orb\n|faint|p1a: Weavile\n|\n|upkeep\n|\n|t:|1660467914\n|switch|p1a: Nihilego|Nihilego|100\/100\n|switch|p2a: Magnezone|Magnezone|78\/100\n|-damage|p1a: Nihilego|88\/100|[from] Stealth Rock\n|turn|22\n|inactive|LT93OQ Lennart has 120 seconds left.\n|\n|t:|1660467945\n|move|p1a: Nihilego|Meteor Beam||[still]\n|-prepare|p1a: Nihilego|Meteor Beam\n|-boost|p1a: Nihilego|spa|1\n|-enditem|p1a: Nihilego|Power Herb\n|-anim|p1a: Nihilego|Meteor Beam|p2a: Magnezone\n|-resisted|p2a: Magnezone\n|-damage|p2a: Magnezone|23\/100\n|move|p2a: Magnezone|Flash Cannon|p1a: Nihilego\n|-supereffective|p1a: Nihilego\n|-damage|p1a: Nihilego|0 fnt\n|faint|p1a: Nihilego\n|\n|upkeep\n|\n|t:|1660467955\n|switch|p1a: Tapu Koko|Tapu Koko|100\/100\n|-fieldstart|move: Electric Terrain|[from] ability: Electric Surge|[of] p1a: Tapu Koko\n|turn|23\n|\n|t:|1660467960\n|move|p1a: Tapu Koko|Thunderbolt|p2a: Magnezone\n|-resisted|p2a: Magnezone\n|-damage|p2a: Magnezone|0 fnt\n|faint|p2a: Magnezone\n|\n|upkeep\n|\n|t:|1660467967\n|switch|p2a: Sceptile|Sceptile, M|100\/100\n|-enditem|p2a: Sceptile|Electric Seed\n|-boost|p2a: Sceptile|def|1|[from] item: Electric Seed\n|turn|24\n|\n|t:|1660467974\n|move|p2a: Sceptile|Swords Dance|p2a: Sceptile\n|-boost|p2a: Sceptile|atk|2\n|move|p1a: Tapu Koko|Dazzling Gleam|p2a: Sceptile\n|-damage|p2a: Sceptile|56\/100\n|\n|upkeep\n|turn|25\n|\n|t:|1660467980\n|move|p2a: Sceptile|Leaf Blade|p1a: Tapu Koko\n|-damage|p1a: Tapu Koko|4\/100\n|move|p1a: Tapu Koko|Dazzling Gleam|p2a: Sceptile\n|-damage|p2a: Sceptile|13\/100\n|\n|upkeep\n|turn|26\n|l| fvbdvgdgv\n|\n|t:|1660467984\n|move|p2a: Sceptile|Leaf Blade|p1a: Tapu Koko\n|-damage|p1a: Tapu Koko|0 fnt\n|faint|p1a: Tapu Koko\n|\n|upkeep\n|\n|t:|1660467987\n|switch|p1a: Landorus|Landorus-Therian, M|59\/100\n|-damage|p1a: Landorus|47\/100|[from] Stealth Rock\n|-ability|p1a: Landorus|Intimidate|boost\n|-unboost|p2a: Sceptile|atk|1\n|turn|27\n|\n|t:|1660467990\n|move|p2a: Sceptile|Leaf Blade|p1a: Landorus\n|-damage|p1a: Landorus|0 fnt\n|faint|p1a: Landorus\n|\n|win|RTSG tests\n|raw|LT93OQ Lennart's rating: 1667 &rarr; <strong>1645<\/strong><br \/>(-22 for losing)\n|raw|RTSG tests's rating: 1625 &rarr; <strong>1647<\/strong><br \/>(+22 for winning)\n","uploadtime":1660467994,"views":8,"p1id":"lt93oqlennart","p2id":"rtsgtests","formatid":"gen8ou","rating":1645,"private":0,"password":null}