{"id":"gen8monotype-1562149297","p1":"Blahblahblahb","p2":"Eclipse77","format":"gen8monotype","log":"|j|\u2606Blahblahblahb\n|j|\u2606Eclipse77\n|t:|1651021185\n|gametype|singles\n|player|p1|Blahblahblahb|102|1538\n|player|p2|Eclipse77|101|1675\n|teamsize|p1|6\n|teamsize|p2|6\n|gen|8\n|tier|[Gen 8] Monotype\n|rated|\n|rule|Same Type Clause: Pok\u00e9mon in a team must share a type\n|rule|Sleep Clause Mod: Limit one foe put to sleep\n|rule|Species Clause: Limit one of each Pok\u00e9mon\n|rule|OHKO Clause: OHKO moves are banned\n|rule|Evasion Moves Clause: Evasion moves are banned\n|rule|Endless Battle Clause: Forcing endless battles is banned\n|rule|HP Percentage Mod: HP is shown in percentages\n|rule|Dynamax Clause: You cannot dynamax\n|clearpoke\n|poke|p1|Azumarill, F|\n|poke|p1|Tapu Koko|\n|poke|p1|Tapu Bulu|\n|poke|p1|Tapu Lele|\n|poke|p1|Klefki, M|\n|poke|p1|Clefable, F|\n|poke|p2|Slowking, F|\n|poke|p2|Urshifu-*, M|\n|poke|p2|Tapu Fini|\n|poke|p2|Toxapex, M|\n|poke|p2|Gastrodon, F|\n|poke|p2|Rotom-Wash|\n|teampreview\n|inactive|Battle timer is ON: inactive players will automatically lose when time's up. (requested by Eclipse77)\n|\n|t:|1651021198\n|start\n|switch|p1a: Tapu Bulu|Tapu Bulu|100\/100\n|switch|p2a: Urshifu|Urshifu-Rapid-Strike, M|100\/100\n|-fieldstart|move: Grassy Terrain|[from] ability: Grassy Surge|[of] p1a: Tapu Bulu\n|turn|1\n|\n|t:|1651021204\n|move|p1a: Tapu Bulu|Wood Hammer|p2a: Urshifu\n|-supereffective|p2a: Urshifu\n|-damage|p2a: Urshifu|0 fnt\n|faint|p2a: Urshifu\n|-damage|p1a: Tapu Bulu|60\/100|[from] Recoil\n|\n|-heal|p1a: Tapu Bulu|66\/100|[from] Grassy Terrain\n|upkeep\n|\n|t:|1651021207\n|switch|p2a: Toxapex|Toxapex, M|100\/100\n|turn|2\n|\n|t:|1651021213\n|move|p1a: Tapu Bulu|Wood Hammer|p2a: Toxapex\n|-damage|p2a: Toxapex|52\/100\n|-damage|p1a: Tapu Bulu|49\/100|[from] Recoil\n|move|p2a: Toxapex|Toxic|p1a: Tapu Bulu\n|-status|p1a: Tapu Bulu|tox\n|\n|-heal|p1a: Tapu Bulu|55\/100 tox|[from] Grassy Terrain\n|-heal|p2a: Toxapex|58\/100|[from] Grassy Terrain\n|-heal|p2a: Toxapex|65\/100|[from] item: Black Sludge\n|-damage|p1a: Tapu Bulu|49\/100 tox|[from] psn\n|upkeep\n|turn|3\n|\n|t:|1651021224\n|switch|p1a: Tapu Koko|Tapu Koko|100\/100\n|-fieldstart|move: Electric Terrain|[from] ability: Electric Surge|[of] p1a: Tapu Koko\n|move|p2a: Toxapex|Recover|p2a: Toxapex\n|-heal|p2a: Toxapex|100\/100\n|\n|upkeep\n|turn|4\n|\n|t:|1651021228\n|move|p1a: Tapu Koko|Grass Knot|p2a: Toxapex\n|-damage|p2a: Toxapex|88\/100\n|-damage|p1a: Tapu Koko|91\/100|[from] item: Life Orb\n|move|p2a: Toxapex|Toxic|p1a: Tapu Koko\n|-status|p1a: Tapu Koko|tox\n|\n|-heal|p2a: Toxapex|94\/100|[from] item: Black Sludge\n|-damage|p1a: Tapu Koko|84\/100 tox|[from] psn\n|upkeep\n|turn|5\n|\n|t:|1651021233\n|switch|p2a: Rotom|Rotom-Wash|100\/100\n|move|p1a: Tapu Koko|Thunderbolt|p2a: Rotom\n|-damage|p2a: Rotom|18\/100\n|-damage|p1a: Tapu Koko|75\/100 tox|[from] item: Life Orb\n|\n|-damage|p1a: Tapu Koko|62\/100 tox|[from] psn\n|upkeep\n|turn|6\n|\n|t:|1651021244\n|move|p2a: Rotom|Hydro Pump|p1a: Tapu Koko\n|-damage|p1a: Tapu Koko|0 fnt\n|faint|p1a: Tapu Koko\n|\n|upkeep\n|\n|t:|1651021254\n|switch|p1a: Clefable|Clefable, F|100\/100\n|turn|7\n|\n|t:|1651021258\n|switch|p2a: Toxapex|Toxapex, M|100\/100\n|move|p1a: Clefable|Stealth Rock|p2a: Toxapex\n|-sidestart|p2: Eclipse77|move: Stealth Rock\n|\n|-fieldend|move: Electric Terrain\n|upkeep\n|turn|8\n|\n|t:|1651021263\n|move|p1a: Clefable|Knock Off|p2a: Toxapex\n|-damage|p2a: Toxapex|93\/100\n|-enditem|p2a: Toxapex|Black Sludge|[from] move: Knock Off|[of] p1a: Clefable\n|move|p2a: Toxapex|Scald|p1a: Clefable\n|-damage|p1a: Clefable|84\/100\n|-status|p1a: Clefable|brn\n|\n|upkeep\n|turn|9\n|\n|t:|1651021276\n|move|p1a: Clefable|Knock Off|p2a: Toxapex\n|-damage|p2a: Toxapex|91\/100\n|move|p2a: Toxapex|Scald|p1a: Clefable\n|-damage|p1a: Clefable|67\/100 brn\n|\n|upkeep\n|turn|10\n|j| Random Skrub\n|\n|t:|1651021281\n|switch|p2a: Tapu Fini|Tapu Fini|100\/100\n|-damage|p2a: Tapu Fini|88\/100|[from] Stealth Rock\n|-fieldstart|move: Misty Terrain|[from] ability: Misty Surge|[of] p2a: Tapu Fini\n|move|p1a: Clefable|Knock Off|p2a: Tapu Fini\n|-resisted|p2a: Tapu Fini\n|-damage|p2a: Tapu Fini|86\/100\n|-enditem|p2a: Tapu Fini|Leftovers|[from] move: Knock Off|[of] p1a: Clefable\n|\n|upkeep\n|turn|11\n|\n|t:|1651021286\n|switch|p1a: Tapu Bulu|Tapu Bulu|49\/100 tox\n|-fieldstart|move: Grassy Terrain|[from] ability: Grassy Surge|[of] p1a: Tapu Bulu\n|move|p2a: Tapu Fini|Defog|p1a: Tapu Bulu\n|-unboost|p1a: Tapu Bulu|evasion|1\n|-sideend|p2: Eclipse77|Stealth Rock|[from] move: Defog|[of] p2a: Tapu Fini\n|-fieldend|move: Grassy Terrain\n|\n|-damage|p1a: Tapu Bulu|43\/100 tox|[from] psn\n|upkeep\n|turn|12\n|\n|t:|1651021293\n|switch|p2a: Toxapex|Toxapex, M|100\/100\n|move|p1a: Tapu Bulu|Horn Leech|p2a: Toxapex\n|-damage|p2a: Toxapex|76\/100\n|-heal|p1a: Tapu Bulu|56\/100 tox|[from] drain|[of] p2a: Toxapex\n|\n|-damage|p1a: Tapu Bulu|44\/100 tox|[from] psn\n|upkeep\n|turn|13\n|\n|t:|1651021304\n|switch|p1a: Clefable|Clefable, F|67\/100 brn\n|move|p2a: Toxapex|Recover|p2a: Toxapex\n|-heal|p2a: Toxapex|100\/100\n|\n|upkeep\n|turn|14\n|\n|t:|1651021312\n|switch|p2a: Rotom|Rotom-Wash|18\/100\n|move|p1a: Clefable|Stealth Rock|p2a: Rotom\n|-sidestart|p2: Eclipse77|move: Stealth Rock\n|\n|upkeep\n|turn|15\n|\n|t:|1651021319\n|switch|p1a: Tapu Bulu|Tapu Bulu|44\/100 tox\n|-fieldstart|move: Grassy Terrain|[from] ability: Grassy Surge|[of] p1a: Tapu Bulu\n|move|p2a: Rotom|Trick|p1a: Tapu Bulu\n|-activate|p2a: Rotom|move: Trick|[of] p1a: Tapu Bulu\n|-item|p1a: Tapu Bulu|Choice Scarf|[from] move: Trick\n|-item|p2a: Rotom|Choice Scarf|[from] move: Trick\n|\n|-heal|p1a: Tapu Bulu|50\/100 tox|[from] Grassy Terrain\n|-damage|p1a: Tapu Bulu|44\/100 tox|[from] psn\n|upkeep\n|turn|16\n|\n|t:|1651021324\n|move|p2a: Rotom|Volt Switch|p1a: Tapu Bulu\n|-resisted|p1a: Tapu Bulu\n|-damage|p1a: Tapu Bulu|25\/100 tox\n|\n|t:|1651021326\n|switch|p2a: Toxapex|Toxapex, M|100\/100|[from]move: Volt Switch\n|-damage|p2a: Toxapex|88\/100|[from] Stealth Rock\n|move|p1a: Tapu Bulu|Horn Leech|p2a: Toxapex\n|-damage|p2a: Toxapex|55\/100\n|-heal|p1a: Tapu Bulu|42\/100 tox|[from] drain|[of] p2a: Toxapex\n|\n|-heal|p1a: Tapu Bulu|49\/100 tox|[from] Grassy Terrain\n|-heal|p2a: Toxapex|61\/100|[from] Grassy Terrain\n|-damage|p1a: Tapu Bulu|36\/100 tox|[from] psn\n|upkeep\n|turn|17\n|\n|t:|1651021334\n|switch|p1a: Clefable|Clefable, F|67\/100 brn\n|move|p2a: Toxapex|Recover|p2a: Toxapex\n|-heal|p2a: Toxapex|100\/100\n|\n|-heal|p1a: Clefable|73\/100 brn|[from] Grassy Terrain\n|upkeep\n|turn|18\n|inactive|Eclipse77 has 120 seconds left.\n|inactive|Eclipse77 has 90 seconds left.\n|inactive|Eclipse77 has 60 seconds left.\n|inactive|Eclipse77 has 30 seconds left.\n|inactive|Eclipse77 has 20 seconds left.\n|inactive|Eclipse77 has 15 seconds left.\n|inactive|Eclipse77 has 10 seconds left.\n|inactive|Eclipse77 has 5 seconds left.\n|-message|Eclipse77 lost due to inactivity.\n|\n|win|Blahblahblahb\n|raw|Blahblahblahb's rating: 1538 &rarr; <strong>1566<\/strong><br \/>(+28 for winning)\n|raw|Eclipse77's rating: 1675 &rarr; <strong>1647<\/strong><br \/>(-28 for losing)\n||Ladder isn't responding, score probably updated but might not have (Request timeout).\n","uploadtime":1651021493,"views":7,"p1id":"blahblahblahb","p2id":"eclipse77","formatid":"gen8monotype","rating":1566,"private":0,"password":null}