{"id":"gen8randomdoublesbattle-1704170526","p1":"Sir GrandMaster","p2":"LoSconosciuto","format":"gen8randomdoublesbattle","log":"|j|\u2606Sir GrandMaster\n|j|\u2606LoSconosciuto\n|t:|1667750699\n|gametype|doubles\n|player|p1|Sir GrandMaster|ghetsis|\n|player|p2|LoSconosciuto|#teamgapdos|\n|teamsize|p1|6\n|teamsize|p2|6\n|gen|8\n|tier|[Gen 8] Random Doubles Battle\n|rule|Species Clause: Limit one of each Pok\u00e9mon\n|rule|HP Percentage Mod: HP is shown in percentages\n|\n|t:|1667750699\n|start\n|switch|p1a: Bouffalant|Bouffalant, L86, M|304\/304\n|switch|p1b: Mimikyu|Mimikyu, L84, F|230\/230\n|switch|p2a: Dugtrio|Dugtrio, L88, F|205\/205\n|switch|p2b: Slowbro|Slowbro-Galar, L85, F|300\/300\n|turn|1\n|inactive|Battle timer is ON: inactive players will automatically lose when time's up. (requested by LoSconosciuto)\n|c|\u2606LoSconosciuto|hf\n|c|\u2606Sir GrandMaster|hfgl\n|j| Tarrembelle\n|j|+heroictobias\n|j|+piaa\n|j| Teres BAHJi\n|j| Ciro napoli\n|inactive|Sir GrandMaster has 270 seconds left.\n|inactive|LoSconosciuto has 270 seconds left.\n|j| BoboMania\n|c| Ciro napoli|Losconosciuto\n|c|\u2606LoSconosciuto|sto 1-0 cir\n|c| Ciro napoli|\u00c9 il gaming?\n|c|\u2606LoSconosciuto|si\n|j|+pokeblade\u2606101\n|inactive|LoSconosciuto has 240 seconds left.\n|c|+pokeblade\u2606101|aeo rolling in his chair\n|inactive|LoSconosciuto has 210 seconds left.\n|\n|t:|1667750817\n|switch|p2a: Corviknight|Corviknight, L80, M|288\/288\n|move|p1b: Mimikyu|Shadow Claw|p2b: Slowbro\n|-supereffective|p2b: Slowbro\n|-crit|p2b: Slowbro\n|-damage|p2b: Slowbro|32\/300\n|-enditem|p2b: Slowbro|Sitrus Berry|[eat]\n|-heal|p2b: Slowbro|107\/300|[from] item: Sitrus Berry\n|-damage|p1b: Mimikyu|207\/230|[from] item: Life Orb\n|move|p1a: Bouffalant|Head Charge|p2b: Slowbro\n|-damage|p2b: Slowbro|0 fnt\n|faint|p2b: Slowbro\n|-damage|p1a: Bouffalant|277\/304|[from] Recoil\n|\n|upkeep\n|inactive|LoSconosciuto has 240 seconds left.\n|\n|t:|1667750831\n|switch|p2b: Dugtrio|Dugtrio, L88, F|205\/205\n|turn|2\n|\n|t:|1667750840\n|move|p2b: Dugtrio|Protect|p2b: Dugtrio\n|-singleturn|p2b: Dugtrio|Protect\n|move|p1b: Mimikyu|Shadow Claw|p2b: Dugtrio\n|-activate|p2b: Dugtrio|move: Protect\n|move|p2a: Corviknight|Bulk Up|p2a: Corviknight\n|-boost|p2a: Corviknight|atk|1\n|-boost|p2a: Corviknight|def|1\n|move|p1a: Bouffalant|Head Charge|p2b: Dugtrio\n|-activate|p2b: Dugtrio|move: Protect\n|\n|upkeep\n|turn|3\n|inactive|LoSconosciuto has 270 seconds left.\n|\n|t:|1667750859\n|move|p2b: Dugtrio|High Horsepower|p1b: Mimikyu\n|-activate|p1b: Mimikyu|ability: Disguise\n|-damage|p1b: Mimikyu|207\/230\n|detailschange|p1b: Mimikyu|Mimikyu-Busted, L84, F\n|-damage|p1b: Mimikyu|179\/230|[from] pokemon: Mimikyu-Busted\n|move|p1b: Mimikyu|Shadow Claw|p2b: Dugtrio\n|-damage|p2b: Dugtrio|71\/205\n|-enditem|p2b: Dugtrio|Sitrus Berry|[eat]\n|-heal|p2b: Dugtrio|122\/205|[from] item: Sitrus Berry\n|-damage|p1b: Mimikyu|156\/230|[from] item: Life Orb\n|move|p2a: Corviknight|Bulk Up|p2a: Corviknight\n|-boost|p2a: Corviknight|atk|1\n|-boost|p2a: Corviknight|def|1\n|move|p1a: Bouffalant|Head Charge|p2b: Dugtrio\n|-damage|p2b: Dugtrio|0 fnt\n|faint|p2b: Dugtrio\n|-damage|p1a: Bouffalant|246\/304|[from] Recoil\n|\n|upkeep\n|inactive|LoSconosciuto has 270 seconds left.\n|inactive|LoSconosciuto has 240 seconds left.\n|inactive|LoSconosciuto has 210 seconds left.\n|n| Loscononapoli|cironapoli\n|\n|t:|1667750930\n|switch|p2b: Umbreon|Umbreon, L88, F|310\/310\n|turn|4\n|inactive|LoSconosciuto has 210 seconds left.\n|inactive|LoSconosciuto has 180 seconds left.\n|\n|t:|1667750985\n|-start|p2a: Corviknight|Dynamax|\n|-heal|p2a: Corviknight|576\/576|[silent]\n|move|p2b: Umbreon|Helping Hand|p2a: Corviknight\n|-singleturn|p2a: Corviknight|Helping Hand|[of] p2b: Umbreon\n|move|p1b: Mimikyu|Play Rough|p2b: Umbreon\n|-supereffective|p2b: Umbreon\n|-damage|p2b: Umbreon|131\/310\n|-unboost|p2b: Umbreon|atk|1\n|-enditem|p2b: Umbreon|Sitrus Berry|[eat]\n|-heal|p2b: Umbreon|208\/310|[from] item: Sitrus Berry\n|-damage|p1b: Mimikyu|133\/230|[from] item: Life Orb\n|move|p2a: Corviknight|Max Airstream|p1a: Bouffalant\n|-damage|p1a: Bouffalant|0 fnt\n|-boost|p2a: Corviknight|spe|1\n|-boost|p2b: Umbreon|spe|1\n|faint|p1a: Bouffalant\n|\n|upkeep\n|\n|t:|1667751015\n|switch|p1a: Amoonguss|Amoonguss, L81, M|317\/317\n|turn|5\n|inactive|LoSconosciuto has 180 seconds left.\n|inactive|Sir GrandMaster has 270 seconds left.\n|\n|t:|1667751064\n|move|p2b: Umbreon|Foul Play|p1b: Mimikyu\n|-damage|p1b: Mimikyu|28\/230\n|move|p2a: Corviknight|Max Airstream|p1a: Amoonguss\n|-supereffective|p1a: Amoonguss\n|-damage|p1a: Amoonguss|0 fnt\n|-boost|p2a: Corviknight|spe|1\n|-boost|p2b: Umbreon|spe|1\n|faint|p1a: Amoonguss\n|move|p1b: Mimikyu|Play Rough|p2b: Umbreon\n|-supereffective|p2b: Umbreon\n|-damage|p2b: Umbreon|29\/310\n|-damage|p1b: Mimikyu|5\/230|[from] item: Life Orb\n|\n|upkeep\n|\n|t:|1667751080\n|switch|p1a: Sigilyph|Sigilyph, L86, M|264\/264\n|turn|6\n|inactive|LoSconosciuto has 180 seconds left.\n|\n|t:|1667751109\n|-start|p1a: Sigilyph|Dynamax|\n|-heal|p1a: Sigilyph|528\/528|[silent]\n|move|p1a: Sigilyph|Max Guard|p1a: Sigilyph\n|-singleturn|p1a: Sigilyph|Max Guard\n|move|p1b: Mimikyu|Shadow Sneak|p2b: Umbreon\n|-resisted|p2b: Umbreon\n|-damage|p2b: Umbreon|7\/310\n|-damage|p1b: Mimikyu|0 fnt|[from] item: Life Orb\n|faint|p1b: Mimikyu\n|move|p2b: Umbreon|Moonlight|p2b: Umbreon\n|-heal|p2b: Umbreon|162\/310\n|move|p2a: Corviknight|Max Airstream|p1a: Sigilyph\n|-activate|p1a: Sigilyph|move: Max Guard\n|\n|upkeep\n|c|+pokeblade\u2606101|lol this mon is mega weak\n|\n|t:|1667751123\n|switch|p1b: Dracovish|Dracovish, L78|268\/268\n|-end|p2a: Corviknight|Dynamax\n|-heal|p2a: Corviknight|288\/288|[silent]\n|turn|7\n|inactive|LoSconosciuto has 180 seconds left.\n|j| Javitu\n|inactive|LoSconosciuto has 150 seconds left.\n|inactive|LoSconosciuto has 120 seconds left.\n|\n|t:|1667751235\n|move|p2b: Umbreon|Helping Hand|p2a: Corviknight\n|-singleturn|p2a: Corviknight|Helping Hand|[of] p2b: Umbreon\n|move|p2a: Corviknight|Brave Bird|p1b: Dracovish\n|-damage|p1b: Dracovish|0 fnt\n|faint|p1b: Dracovish\n|-damage|p2a: Corviknight|200\/288|[from] Recoil\n|move|p1a: Sigilyph|Max Flare|p2a: Corviknight\n|-supereffective|p2a: Corviknight\n|-damage|p2a: Corviknight|0 fnt\n|-weather|SunnyDay\n|faint|p2a: Corviknight\n|\n|-weather|SunnyDay|[upkeep]\n|upkeep\n|inactive|LoSconosciuto has 120 seconds left.\n|\n|t:|1667751250\n|switch|p1b: Blaziken|Blaziken, L78, F|253\/253\n|switch|p2a: Regidrago|Regidrago, L78|440\/440\n|turn|8\n|inactive|LoSconosciuto has 120 seconds left.\n|inactive|Sir GrandMaster has 270 seconds left.\n|\n|t:|1667751291\n|move|p1b: Blaziken|Protect|p1b: Blaziken\n|-singleturn|p1b: Blaziken|Protect\n|move|p2b: Umbreon|Moonlight|p2b: Umbreon\n|-heal|p2b: Umbreon|310\/310\n|move|p2a: Regidrago|Dragon Energy|p1a: Sigilyph|[spread] p1a\n|-activate|p1b: Blaziken|move: Protect\n|-damage|p1a: Sigilyph|362\/528\n|move|p1a: Sigilyph|Max Airstream|p2a: Regidrago\n|-damage|p2a: Regidrago|151\/440\n|-boost|p1a: Sigilyph|spe|1\n|-boost|p1b: Blaziken|spe|1\n|\n|-weather|SunnyDay|[upkeep]\n|-ability|p1b: Blaziken|Speed Boost|boost\n|-boost|p1b: Blaziken|spe|1\n|upkeep\n|-end|p1a: Sigilyph|Dynamax\n|-heal|p1a: Sigilyph|181\/264|[silent]\n|turn|9\n|inactive|Sir GrandMaster has 270 seconds left.\n|inactive|LoSconosciuto has 90 seconds left.\n|\n|t:|1667751333\n|move|p1b: Blaziken|Close Combat|p2b: Umbreon\n|-supereffective|p2b: Umbreon\n|-damage|p2b: Umbreon|21\/310\n|-unboost|p1b: Blaziken|def|1\n|-unboost|p1b: Blaziken|spd|1\n|-damage|p1b: Blaziken|228\/253|[from] item: Life Orb\n|move|p2b: Umbreon|Foul Play|p1a: Sigilyph\n|-supereffective|p1a: Sigilyph\n|-crit|p1a: Sigilyph\n|-damage|p1a: Sigilyph|17\/264\n|move|p1a: Sigilyph|Heat Wave|p2b: Umbreon|[spread] p2a,p2b\n|-resisted|p2a: Regidrago\n|-damage|p2a: Regidrago|65\/440\n|-damage|p2b: Umbreon|0 fnt\n|faint|p2b: Umbreon\n|move|p2a: Regidrago|Dragon Energy|p1a: Sigilyph|[spread] p1a,p1b\n|-damage|p1a: Sigilyph|0 fnt\n|-damage|p1b: Blaziken|183\/253\n|faint|p1a: Sigilyph\n|\n|-weather|SunnyDay|[upkeep]\n|-ability|p1b: Blaziken|Speed Boost|boost\n|-boost|p1b: Blaziken|spe|1\n|upkeep\n|\n|t:|1667751345\n|switch|p2b: Mewtwo|Mewtwo, L74|279\/279\n|-ability|p2b: Mewtwo|Unnerve\n|turn|10\n|inactive|Sir GrandMaster has 270 seconds left.\n|inactive|LoSconosciuto has 90 seconds left.\n|\n|t:|1667751375\n|move|p1b: Blaziken|Flare Blitz|p2b: Mewtwo\n|-crit|p2b: Mewtwo\n|-damage|p2b: Mewtwo|0 fnt\n|faint|p2b: Mewtwo\n|-damage|p1b: Blaziken|91\/253|[from] Recoil\n|-damage|p1b: Blaziken|66\/253|[from] item: Life Orb\n|move|p2a: Regidrago|Dragon Energy|p1b: Blaziken\n|-damage|p1b: Blaziken|9\/253\n|\n|-weather|SunnyDay|[upkeep]\n|-ability|p1b: Blaziken|Speed Boost|boost\n|-boost|p1b: Blaziken|spe|1\n|upkeep\n|turn|11\n|c|\u2606LoSconosciuto|gg\n|\n|t:|1667751383\n|move|p1b: Blaziken|Close Combat|p2a: Regidrago\n|-damage|p2a: Regidrago|0 fnt\n|-unboost|p1b: Blaziken|def|1\n|-unboost|p1b: Blaziken|spd|1\n|faint|p2a: Regidrago\n|-damage|p1b: Blaziken|0 fnt|[from] item: Life Orb\n|faint|p1b: Blaziken\n|\n|win|Sir GrandMaster\n|c|\u2606Sir GrandMaster|gg\n|l|+heroictobias\n|l| Loscononapoli\n|l| Tarrembelle\n|l| Javitu\n|l| BoboMania\n|l|+piaa\n|j| Trefleuh\n|l| Teres BAHJi\n|l|+pokeblade\u2606101\n|l|\u2606Sir GrandMaster\n","inputlog":">version 64bd7780963bb8912946b73c4d69c4a2054e31b7\n>start {\"formatid\":\"gen8randomdoublesbattle\",\"seed\":[59520,33191,61350,42744]}\n>player p1 {\"name\":\"Sir GrandMaster\",\"avatar\":\"ghetsis\",\"rating\":0,\"seed\":[36620,43149,38030,1877]}\n>player p2 {\"name\":\"LoSconosciuto\",\"avatar\":\"#teamgapdos\",\"rating\":0,\"seed\":[58323,18403,40608,19638]}\n>chat \u2606LoSconosciuto|hf\n>chat \u2606Sir GrandMaster|hfgl\n>chat  Ciro napoli|Losconosciuto\n>chat \u2606LoSconosciuto|sto 1-0 cir\n>chat  Ciro napoli|\u00c9 il gaming?\n>chat \u2606LoSconosciuto|si\n>chat +pokeblade\u2606101|aeo rolling in his chair\n>p1 move headcharge +2, move shadowclaw +2\n>p2 switch 6, move shellsidearm +2\n>p2 pass, switch 6\n>p1 move headcharge +2, move shadowclaw +2\n>p2 move bulkup, move protect\n>p1 move headcharge +2, move shadowclaw +2\n>p2 move bulkup, move highhorsepower +2\n>p2 pass, switch 4\n>p1 move closecombat +2, move playrough +2\n>p2 move bravebird +1 dynamax, move helpinghand -1\n>p1 switch 5, pass\n>p1 move spore +1, move playrough +2\n>p2 move bravebird +1 dynamax, move foulplay +2\n>p1 switch 4, pass\n>p1 move tailwind dynamax, move shadowsneak +2\n>p2 move bravebird +2 dynamax, move moonlight\n>chat +pokeblade\u2606101|lol this mon is mega weak\n>p1 pass, switch 3\n>p1 move heatwave +1 dynamax, move fishiousrend +2\n>p2 move bravebird +2, move helpinghand -1\n>p1 pass, switch 6\n>p2 switch 5, pass\n>p1 move airslash +1 dynamax, move protect\n>p2 move dragonenergy, move moonlight\n>p1 move heatwave, move closecombat +2\n>p2 move dragonenergy, move foulplay +1\n>p2 pass, switch 3\n>p1 pass, move flareblitz +2\n>p2 move dragonenergy, move psystrike +2\n>chat \u2606LoSconosciuto|gg\n>p1 pass, move closecombat +1\n>p2 move dragonenergy, pass","uploadtime":1667751393,"views":28,"p1id":"sirgrandmaster","p2id":"losconosciuto","formatid":"gen8randomdoublesbattle","rating":0,"private":0,"password":null}