{"id":"gen8oublitz-1396098632","p1":"kazt 5","p2":"mcp3","format":"gen8oublitz","log":"|inactive|Battle timer is ON: inactive players will automatically lose when time's up.\n|j|\u2606kazt 5\n|j|\u2606mcp3\n|t:|1628893968\n|gametype|singles\n|player|p1|kazt 5|acetrainersnowf|\n|player|p2|mcp3|roxanne-gen3|\n|teamsize|p1|6\n|teamsize|p2|6\n|gen|8\n|tier|[Gen 8] OU (Blitz)\n|rated|Tournament battle\n|rule|Sleep Clause Mod: Limit one foe put to sleep\n|rule|Species Clause: Limit one of each Pok\u00e9mon\n|rule|OHKO Clause: OHKO moves are banned\n|rule|Evasion Moves Clause: Evasion moves are banned\n|rule|Endless Battle Clause: Forcing endless battles is banned\n|rule|HP Percentage Mod: HP is shown in percentages\n|rule|Dynamax Clause: You cannot dynamax\n|rule|Blitz: Super-fast timer\n|clearpoke\n|poke|p1|Garchomp, M|\n|poke|p1|Kartana|\n|poke|p1|Corviknight, M|\n|poke|p1|Dragapult, F|\n|poke|p1|Tapu Fini|\n|poke|p1|Buzzwole|\n|poke|p2|Landorus-Therian, M|\n|poke|p2|Dragapult, M|\n|poke|p2|Venusaur, F|\n|poke|p2|Torkoal, F|\n|poke|p2|Kartana|\n|poke|p2|Clefable, M|\n|teampreview\n|j| Wiifoxy\n|j| Calla cagada 777\n|c|\u2606mcp3|hf bro\n|c|\u2606kazt 5|hf!\n|inactive|kazt 5 has 30 seconds left.\n|inactive|mcp3 has 30 seconds left.\n|j| RaikouLoverSun\n|j| Jackbrack12\n|\n|t:|1628893985\n|start\n|switch|p1a: Garchomp|Garchomp, M|100\/100\n|switch|p2a: Dragapult|Dragapult, M|100\/100\n|turn|1\n|inactive|mcp3 has 10 seconds left.\n|j| tgd azure\n|\n|t:|1628893992\n|switch|p1a: Tapu Fini|Tapu Fini|100\/100\n|-fieldstart|move: Misty Terrain|[from] ability: Misty Surge|[of] p1a: Tapu Fini\n|move|p2a: Dragapult|Shadow Ball|p1a: Tapu Fini\n|-damage|p1a: Tapu Fini|61\/100\n|\n|-heal|p1a: Tapu Fini|67\/100|[from] item: Leftovers\n|upkeep\n|turn|2\n|inactive|mcp3 has 10 seconds left.\n|\n|t:|1628893997\n|switch|p2a: Venusaur|Venusaur, F|100\/100\n|move|p1a: Tapu Fini|Draining Kiss|p2a: Venusaur\n|-resisted|p2a: Venusaur\n|-damage|p2a: Venusaur|91\/100\n|-heal|p1a: Tapu Fini|73\/100|[from] drain|[of] p2a: Venusaur\n|\n|-heal|p1a: Tapu Fini|80\/100|[from] item: Leftovers\n|upkeep\n|turn|3\n|\n|t:|1628894001\n|switch|p2a: Dragapult|Dragapult, M|100\/100\n|switch|p1a: Garchomp|Garchomp, M|100\/100\n|\n|upkeep\n|turn|4\n|inactive|mcp3 has 10 seconds left.\n|\n|t:|1628894008\n|switch|p2a: Clefable|Clefable, M|100\/100\n|move|p1a: Garchomp|Earthquake|p2a: Clefable\n|-damage|p2a: Clefable|55\/100\n|\n|-heal|p2a: Clefable|61\/100|[from] item: Leftovers\n|upkeep\n|turn|5\n|\n|t:|1628894013\n|switch|p1a: Corviknight|Corviknight, M|100\/100\n|-ability|p1a: Corviknight|Pressure\n|move|p2a: Clefable|Wish|p2a: Clefable\n|\n|-heal|p2a: Clefable|67\/100|[from] item: Leftovers\n|-fieldend|Misty Terrain\n|upkeep\n|turn|6\n|\n|t:|1628894017\n|move|p1a: Corviknight|U-turn|p2a: Clefable\n|-resisted|p2a: Clefable\n|-damage|p2a: Clefable|60\/100\n|\n|t:|1628894019\n|switch|p1a: Tapu Fini|Tapu Fini|80\/100|[from]move: U-turn\n|-fieldstart|move: Misty Terrain|[from] ability: Misty Surge|[of] p1a: Tapu Fini\n|move|p2a: Clefable|Moonblast|p1a: Tapu Fini\n|-damage|p1a: Tapu Fini|53\/100\n|\n|-heal|p2a: Clefable|100\/100|[from] move: Wish|[wisher] Clefable\n|-heal|p1a: Tapu Fini|59\/100|[from] item: Leftovers\n|upkeep\n|turn|7\n|\n|t:|1628894023\n|switch|p2a: Venusaur|Venusaur, F|91\/100\n|move|p1a: Tapu Fini|Draining Kiss|p2a: Venusaur\n|-resisted|p2a: Venusaur\n|-damage|p2a: Venusaur|82\/100\n|-heal|p1a: Tapu Fini|65\/100|[from] drain|[of] p2a: Venusaur\n|\n|-heal|p1a: Tapu Fini|71\/100|[from] item: Leftovers\n|upkeep\n|turn|8\n|\n|t:|1628894026\n|switch|p2a: Torkoal|Torkoal, F|100\/100\n|-weather|SunnyDay|[from] ability: Drought|[of] p2a: Torkoal\n|switch|p1a: Kartana|Kartana|100\/100\n|\n|-weather|SunnyDay|[upkeep]\n|upkeep\n|turn|9\n|\n|t:|1628894029\n|move|p1a: Kartana|Knock Off|p2a: Torkoal\n|-damage|p2a: Torkoal|65\/100\n|-enditem|p2a: Torkoal|Heat Rock|[from] move: Knock Off|[of] p1a: Kartana\n|move|p2a: Torkoal|Stealth Rock|p1a: Kartana\n|-sidestart|p1: kazt 5|move: Stealth Rock\n|\n|-weather|SunnyDay|[upkeep]\n|upkeep\n|turn|10\n|\n|t:|1628894032\n|switch|p1a: Garchomp|Garchomp, M|100\/100\n|-damage|p1a: Garchomp|94\/100|[from] Stealth Rock\n|move|p2a: Torkoal|Lava Plume|p1a: Garchomp\n|-resisted|p1a: Garchomp\n|-damage|p1a: Garchomp|80\/100\n|\n|-weather|SunnyDay|[upkeep]\n|-heal|p1a: Garchomp|86\/100|[from] item: Leftovers\n|-fieldend|Misty Terrain\n|upkeep\n|turn|11\n|\n|t:|1628894036\n|switch|p2a: Landorus|Landorus-Therian, M|100\/100\n|-ability|p2a: Landorus|Intimidate|boost\n|-unboost|p1a: Garchomp|atk|1\n|move|p1a: Garchomp|Stealth Rock|p2a: Landorus\n|-sidestart|p2: mcp3|move: Stealth Rock\n|\n|-weather|SunnyDay|[upkeep]\n|-heal|p1a: Garchomp|92\/100|[from] item: Leftovers\n|upkeep\n|turn|12\n|\n|t:|1628894041\n|switch|p1a: Corviknight|Corviknight, M|100\/100\n|-damage|p1a: Corviknight|88\/100|[from] Stealth Rock\n|-ability|p1a: Corviknight|Pressure\n|move|p2a: Landorus|Knock Off|p1a: Corviknight\n|-damage|p1a: Corviknight|61\/100\n|-enditem|p1a: Corviknight|Shed Shell|[from] move: Knock Off|[of] p2a: Landorus\n|\n|-weather|SunnyDay|[upkeep]\n|upkeep\n|turn|13\n|\n|t:|1628894043\n|move|p2a: Landorus|Weather Ball|p1a: Corviknight\n|-supereffective|p1a: Corviknight\n|-damage|p1a: Corviknight|7\/100\n|move|p1a: Corviknight|Roost|p1a: Corviknight\n|-heal|p1a: Corviknight|57\/100\n|-singleturn|p1a: Corviknight|move: Roost\n|\n|-weather|SunnyDay|[upkeep]\n|upkeep\n|turn|14\n|\n|t:|1628894047\n|switch|p1a: Tapu Fini|Tapu Fini|71\/100\n|-damage|p1a: Tapu Fini|59\/100|[from] Stealth Rock\n|-fieldstart|move: Misty Terrain|[from] ability: Misty Surge|[of] p1a: Tapu Fini\n|move|p2a: Landorus|Weather Ball|p1a: Tapu Fini\n|-resisted|p1a: Tapu Fini\n|-damage|p1a: Tapu Fini|45\/100\n|\n|-weather|SunnyDay|[upkeep]\n|-heal|p1a: Tapu Fini|51\/100|[from] item: Leftovers\n|upkeep\n|turn|15\n|\n|t:|1628894051\n|switch|p1a: Garchomp|Garchomp, M|92\/100\n|-damage|p1a: Garchomp|86\/100|[from] Stealth Rock\n|move|p2a: Landorus|Earthquake|p1a: Garchomp\n|-damage|p1a: Garchomp|48\/100\n|\n|-weather|none\n|-heal|p1a: Garchomp|54\/100|[from] item: Leftovers\n|upkeep\n|turn|16\n|\n|t:|1628894055\n|switch|p1a: Corviknight|Corviknight, M|57\/100\n|-damage|p1a: Corviknight|44\/100|[from] Stealth Rock\n|-ability|p1a: Corviknight|Pressure\n|move|p2a: Landorus|U-turn|p1a: Corviknight\n|-resisted|p1a: Corviknight\n|-damage|p1a: Corviknight|40\/100\n|\n|t:|1628894058\n|switch|p2a: Dragapult|Dragapult, M|100\/100|[from]move: U-turn\n|-damage|p2a: Dragapult|88\/100|[from] Stealth Rock\n|\n|upkeep\n|turn|17\n|\n|t:|1628894060\n|move|p2a: Dragapult|Shadow Ball|p1a: Corviknight\n|-damage|p1a: Corviknight|5\/100\n|move|p1a: Corviknight|Roost|p1a: Corviknight\n|-heal|p1a: Corviknight|55\/100\n|-singleturn|p1a: Corviknight|move: Roost\n|\n|upkeep\n|turn|18\n|\n|t:|1628894062\n|move|p2a: Dragapult|Shadow Ball|p1a: Corviknight\n|-damage|p1a: Corviknight|16\/100\n|move|p1a: Corviknight|Roost|p1a: Corviknight\n|-heal|p1a: Corviknight|66\/100\n|-singleturn|p1a: Corviknight|move: Roost\n|\n|-fieldend|Misty Terrain\n|upkeep\n|turn|19\n|\n|t:|1628894065\n|move|p2a: Dragapult|Shadow Ball|p1a: Corviknight\n|-damage|p1a: Corviknight|30\/100\n|-unboost|p1a: Corviknight|spd|1\n|move|p1a: Corviknight|Roost|p1a: Corviknight\n|-heal|p1a: Corviknight|80\/100\n|-singleturn|p1a: Corviknight|move: Roost\n|\n|upkeep\n|turn|20\n|\n|t:|1628894069\n|switch|p1a: Tapu Fini|Tapu Fini|51\/100\n|-damage|p1a: Tapu Fini|38\/100|[from] Stealth Rock\n|-fieldstart|move: Misty Terrain|[from] ability: Misty Surge|[of] p1a: Tapu Fini\n|move|p2a: Dragapult|Shadow Ball|p1a: Tapu Fini\n|-damage|p1a: Tapu Fini|0 fnt\n|faint|p1a: Tapu Fini\n|\n|upkeep\n|inactive|kazt 5 has 10 seconds left.\n|\n|t:|1628894074\n|switch|p1a: Dragapult|Dragapult, F|100\/100\n|-damage|p1a: Dragapult|88\/100|[from] Stealth Rock\n|turn|21\n|\n|t:|1628894076\n|switch|p2a: Clefable|Clefable, M|100\/100\n|move|p1a: Dragapult|Shadow Ball|p2a: Clefable\n|-damage|p2a: Clefable|61\/100\n|\n|-heal|p2a: Clefable|67\/100|[from] item: Leftovers\n|upkeep\n|turn|22\n|\n|t:|1628894079\n|switch|p1a: Kartana|Kartana|100\/100\n|-damage|p1a: Kartana|94\/100|[from] Stealth Rock\n|move|p2a: Clefable|Protect||[still]\n|-fail|p2a: Clefable\n|\n|-heal|p2a: Clefable|73\/100|[from] item: Leftovers\n|upkeep\n|turn|23\n|\n|t:|1628894083\n|move|p2a: Clefable|Protect|p2a: Clefable\n|-singleturn|p2a: Clefable|Protect\n|move|p1a: Kartana|Smart Strike|p2a: Clefable\n|-activate|p2a: Clefable|move: Protect\n|\n|-heal|p2a: Clefable|79\/100|[from] item: Leftovers\n|upkeep\n|turn|24\n|\n|t:|1628894088\n|switch|p2a: Kartana|Kartana|100\/100\n|-damage|p2a: Kartana|94\/100|[from] Stealth Rock\n|move|p1a: Kartana|Smart Strike|p2a: Kartana\n|-resisted|p2a: Kartana\n|-damage|p2a: Kartana|60\/100\n|\n|-fieldend|Misty Terrain\n|upkeep\n|turn|25\n|\n|t:|1628894091\n|switch|p1a: Buzzwole|Buzzwole|100\/100\n|-damage|p1a: Buzzwole|88\/100|[from] Stealth Rock\n|switch|p2a: Torkoal|Torkoal, F|65\/100\n|-damage|p2a: Torkoal|40\/100|[from] Stealth Rock\n|-weather|SunnyDay|[from] ability: Drought|[of] p2a: Torkoal\n|\n|-weather|SunnyDay|[upkeep]\n|upkeep\n|turn|26\n|\n|t:|1628894096\n|move|p1a: Buzzwole|Earthquake|p2a: Torkoal\n|-supereffective|p2a: Torkoal\n|-damage|p2a: Torkoal|5\/100\n|move|p2a: Torkoal|Rapid Spin|p1a: Buzzwole\n|-damage|p1a: Buzzwole|83\/100\n|-boost|p2a: Torkoal|spe|1\n|-damage|p2a: Torkoal|0 fnt|[from] item: Rocky Helmet|[of] p1a: Buzzwole\n|faint|p2a: Torkoal\n|\n|-weather|SunnyDay|[upkeep]\n|upkeep\n|c|\u2606mcp3|o\n|inactive|mcp3 has 10 seconds left.\n|\n|t:|1628894101\n|switch|p2a: Venusaur|Venusaur, F|82\/100\n|-damage|p2a: Venusaur|70\/100|[from] Stealth Rock\n|turn|27\n|\n|t:|1628894106\n|switch|p1a: Garchomp|Garchomp, M|54\/100\n|-damage|p1a: Garchomp|48\/100|[from] Stealth Rock\n|move|p2a: Venusaur|Weather Ball|p1a: Garchomp\n|-resisted|p1a: Garchomp\n|-damage|p1a: Garchomp|23\/100\n|-damage|p2a: Venusaur|60\/100|[from] item: Life Orb\n|\n|-weather|SunnyDay|[upkeep]\n|-heal|p1a: Garchomp|29\/100|[from] item: Leftovers\n|upkeep\n|turn|28\n|inactive|kazt 5 has 10 seconds left.\n|\n|t:|1628894112\n|move|p2a: Venusaur|Giga Drain|p1a: Garchomp\n|-damage|p1a: Garchomp|0 fnt\n|-heal|p2a: Venusaur|80\/100|[from] drain|[of] p1a: Garchomp\n|faint|p1a: Garchomp\n|-damage|p2a: Venusaur|70\/100|[from] item: Life Orb\n|\n|-weather|SunnyDay|[upkeep]\n|upkeep\n|inactive|kazt 5 has 10 seconds left.\n|\n|t:|1628894121\n|switch|p1a: Dragapult|Dragapult, F|88\/100\n|-damage|p1a: Dragapult|76\/100|[from] Stealth Rock\n|turn|29\n|inactive|mcp3 has 10 seconds left.\n|j| akjsfds\n|\n|t:|1628894129\n|switch|p2a: Clefable|Clefable, M|79\/100\n|move|p1a: Dragapult|Shadow Ball|p2a: Clefable\n|-damage|p2a: Clefable|41\/100\n|\n|-weather|none\n|-heal|p2a: Clefable|47\/100|[from] item: Leftovers\n|upkeep\n|turn|30\n|\n|t:|1628894132\n|switch|p1a: Kartana|Kartana|94\/100\n|-damage|p1a: Kartana|88\/100|[from] Stealth Rock\n|move|p2a: Clefable|Wish|p2a: Clefable\n|\n|-heal|p2a: Clefable|53\/100|[from] item: Leftovers\n|upkeep\n|turn|31\n|\n|t:|1628894135\n|move|p2a: Clefable|Protect|p2a: Clefable\n|-singleturn|p2a: Clefable|Protect\n|move|p1a: Kartana|Smart Strike|p2a: Clefable\n|-activate|p2a: Clefable|move: Protect\n|\n|-heal|p2a: Clefable|100\/100|[from] move: Wish|[wisher] Clefable\n|upkeep\n|turn|32\n|\n|t:|1628894140\n|switch|p2a: Venusaur|Venusaur, F|70\/100\n|-damage|p2a: Venusaur|58\/100|[from] Stealth Rock\n|move|p1a: Kartana|Smart Strike|p2a: Venusaur\n|-damage|p2a: Venusaur|0 fnt\n|faint|p2a: Venusaur\n|-ability|p1a: Kartana|Beast Boost|boost\n|-boost|p1a: Kartana|atk|1\n|\n|upkeep\n|inactive|mcp3 has 10 seconds left.\n|\n|t:|1628894147\n|switch|p2a: Dragapult|Dragapult, M|88\/100\n|-damage|p2a: Dragapult|76\/100|[from] Stealth Rock\n|turn|33\n|inactive|kazt 5 has 10 seconds left.\n|\n|t:|1628894155\n|switch|p1a: Buzzwole|Buzzwole|83\/100\n|-damage|p1a: Buzzwole|71\/100|[from] Stealth Rock\n|move|p2a: Dragapult|Shadow Ball|p1a: Buzzwole\n|-crit|p1a: Buzzwole\n|-damage|p1a: Buzzwole|0 fnt\n|faint|p1a: Buzzwole\n|\n|upkeep\n|\n|t:|1628894157\n|switch|p1a: Dragapult|Dragapult, F|76\/100\n|-damage|p1a: Dragapult|64\/100|[from] Stealth Rock\n|turn|34\n|\n|t:|1628894160\n|switch|p2a: Clefable|Clefable, M|100\/100\n|move|p1a: Dragapult|U-turn|p2a: Clefable\n|-resisted|p2a: Clefable\n|-damage|p2a: Clefable|92\/100\n|\n|t:|1628894162\n|switch|p1a: Kartana|Kartana|88\/100|[from]move: U-turn\n|-damage|p1a: Kartana|82\/100|[from] Stealth Rock\n|\n|-heal|p2a: Clefable|98\/100|[from] item: Leftovers\n|upkeep\n|turn|35\n|\n|t:|1628894165\n|move|p2a: Clefable|Protect|p2a: Clefable\n|-singleturn|p2a: Clefable|Protect\n|move|p1a: Kartana|Smart Strike|p2a: Clefable\n|-activate|p2a: Clefable|move: Protect\n|\n|-heal|p2a: Clefable|100\/100|[from] item: Leftovers\n|upkeep\n|turn|36\n|\n|t:|1628894168\n|switch|p2a: Landorus|Landorus-Therian, M|100\/100\n|-damage|p2a: Landorus|88\/100|[from] Stealth Rock\n|-ability|p2a: Landorus|Intimidate|boost\n|-unboost|p1a: Kartana|atk|1\n|move|p1a: Kartana|Smart Strike|p2a: Landorus\n|-damage|p2a: Landorus|38\/100\n|\n|-heal|p2a: Landorus|44\/100|[from] item: Leftovers\n|upkeep\n|turn|37\n|\n|t:|1628894172\n|move|p1a: Kartana|Smart Strike|p2a: Landorus\n|-damage|p2a: Landorus|0 fnt\n|faint|p2a: Landorus\n|-ability|p1a: Kartana|Beast Boost|boost\n|-boost|p1a: Kartana|atk|1\n|\n|upkeep\n|inactive|mcp3 has 10 seconds left.\n|\n|t:|1628894181\n|switch|p2a: Dragapult|Dragapult, M|76\/100\n|-damage|p2a: Dragapult|64\/100|[from] Stealth Rock\n|turn|38\n|\n|t:|1628894186\n|switch|p1a: Dragapult|Dragapult, F|64\/100\n|-damage|p1a: Dragapult|51\/100|[from] Stealth Rock\n|move|p2a: Dragapult|Shadow Ball|p1a: Dragapult\n|-supereffective|p1a: Dragapult\n|-damage|p1a: Dragapult|0 fnt\n|faint|p1a: Dragapult\n|\n|upkeep\n|\n|t:|1628894187\n|switch|p1a: Corviknight|Corviknight, M|80\/100\n|-damage|p1a: Corviknight|67\/100|[from] Stealth Rock\n|-ability|p1a: Corviknight|Pressure\n|turn|39\n|\n|t:|1628894192\n|switch|p2a: Kartana|Kartana|60\/100\n|-damage|p2a: Kartana|53\/100|[from] Stealth Rock\n|move|p1a: Corviknight|Roost|p1a: Corviknight\n|-heal|p1a: Corviknight|100\/100\n|-singleturn|p1a: Corviknight|move: Roost\n|\n|upkeep\n|turn|40\n|inactive|kazt 5 has 10 seconds left.\n|\n|t:|1628894198\n|move|p2a: Kartana|Sacred Sword|p1a: Corviknight\n|-damage|p1a: Corviknight|61\/100\n|-damage|p2a: Kartana|44\/100|[from] item: Life Orb\n|move|p1a: Corviknight|U-turn|p2a: Kartana\n|-damage|p2a: Kartana|28\/100\n|\n|t:|1628894200\n|switch|p1a: Kartana|Kartana|82\/100|[from]move: U-turn\n|-damage|p1a: Kartana|76\/100|[from] Stealth Rock\n|\n|upkeep\n|turn|41\n|\n|t:|1628894203\n|move|p2a: Kartana|Sacred Sword|p1a: Kartana\n|-supereffective|p1a: Kartana\n|-damage|p1a: Kartana|0 fnt\n|faint|p1a: Kartana\n|-ability|p2a: Kartana|Beast Boost|boost\n|-boost|p2a: Kartana|atk|1\n|-damage|p2a: Kartana|19\/100|[from] item: Life Orb\n|\n|upkeep\n|\n|t:|1628894206\n|switch|p1a: Corviknight|Corviknight, M|61\/100\n|-damage|p1a: Corviknight|48\/100|[from] Stealth Rock\n|-ability|p1a: Corviknight|Pressure\n|turn|42\n|\n|t:|1628894208\n|move|p2a: Kartana|Sacred Sword|p1a: Corviknight\n|-damage|p1a: Corviknight|0 fnt\n|faint|p1a: Corviknight\n|-damage|p2a: Kartana|9\/100|[from] item: Life Orb\n|\n|win|mcp3\n|n|\u2606kazt 5|kazt5\n|n|\u2606mcp3|mcp3\n|n| Wiifoxy|wiifoxy\n|n| Calla cagada 777|callacagada777\n|n| RaikouLoverSun|raikouloversun\n|n| Jackbrack12|jackbrack12\n|n| tgd azure|tgdazure\n|n| akjsfds|akjsfds\n","uploadtime":1628894209,"views":8,"p1id":"kazt5","p2id":"mcp3","formatid":"gen8oublitz","rating":0,"private":0,"password":null}