{"id":"gen8bdspou-1462617677","p1":"cows123p","p2":"RajonRandom","format":"gen8bdspou","log":"|html|<div class=\"broadcast-blue\"><strong>[Gen 8 BDSP] OU is currently suspecting Latios! For information on how to participate check out the <a href=\"https:\/\/www.smogon.com\/forums\/threads\/np-bdsp-ou-suspect-process-round-1-mr-blue-sky.3694109\/\">suspect thread<\/a>.<\/strong><\/div>\n|j|\u2606cows123p\n|j|\u2606RajonRandom\n|t:|1638120867\n|gametype|singles\n|player|p1|cows123p|twins-gen4dp|1419\n|player|p2|RajonRandom|hoopster|1475\n|teamsize|p1|6\n|teamsize|p2|6\n|gen|8\n|tier|[Gen 8 BDSP] OU\n|rated|\n|rule|Sleep Clause Mod: Limit one foe put to sleep\n|rule|Species Clause: Limit one of each Pok\u00e9mon\n|rule|OHKO Clause: OHKO moves are banned\n|rule|Evasion Moves Clause: Evasion moves are banned\n|rule|Endless Battle Clause: Forcing endless battles is banned\n|rule|HP Percentage Mod: HP is shown in percentages\n|clearpoke\n|poke|p1|Aerodactyl, M|\n|poke|p1|Scizor, F|\n|poke|p1|Snorlax, M|\n|poke|p1|Crawdaunt, M|\n|poke|p1|Gengar, M|\n|poke|p1|Gliscor, F|\n|poke|p2|Scizor, M|\n|poke|p2|Latias, F|\n|poke|p2|Manaphy|\n|poke|p2|Tyranitar, M|\n|poke|p2|Staraptor, M|\n|poke|p2|Raikou|\n|teampreview\n|inactive|Battle timer is ON: inactive players will automatically lose when time's up. (requested by RajonRandom)\n|j| skyvenger77\n|inactive|cows123p has 120 seconds left.\n|\n|t:|1638120901\n|start\n|switch|p1a: Aerodactyl|Aerodactyl, M|100\/100\n|switch|p2a: Jake Shears|Scizor, M|100\/100\n|turn|1\n|\n|t:|1638120909\n|move|p2a: Jake Shears|Bullet Punch|p1a: Aerodactyl\n|-supereffective|p1a: Aerodactyl\n|-enditem|p1a: Aerodactyl|Focus Sash\n|-damage|p1a: Aerodactyl|1\/100\n|move|p1a: Aerodactyl|Stealth Rock|p2a: Jake Shears\n|-sidestart|p2: RajonRandom|move: Stealth Rock\n|\n|upkeep\n|turn|2\n|\n|t:|1638120927\n|move|p1a: Aerodactyl|Stone Edge|p2a: Jake Shears\n|-damage|p2a: Jake Shears|58\/100\n|move|p2a: Jake Shears|U-turn|p1a: Aerodactyl\n|-resisted|p1a: Aerodactyl\n|-damage|p1a: Aerodactyl|0 fnt\n|faint|p1a: Aerodactyl\n|\n|t:|1638120936\n|switch|p2a: Sandy|Latias, F|100\/100|[from]move: U-turn\n|-damage|p2a: Sandy|88\/100|[from] Stealth Rock\n|\n|upkeep\n|\n|t:|1638120948\n|switch|p1a: Snorlax|Snorlax, M|100\/100\n|turn|3\n|\n|t:|1638120965\n|move|p2a: Sandy|Defog|p1a: Snorlax\n|-unboost|p1a: Snorlax|evasion|1\n|-sideend|p2: RajonRandom|Stealth Rock|[from] move: Defog|[of] p2a: Sandy\n|move|p1a: Snorlax|Crunch|p2a: Sandy\n|-supereffective|p2a: Sandy\n|-damage|p2a: Sandy|24\/100\n|-unboost|p2a: Sandy|def|1\n|\n|upkeep\n|turn|4\n|j| GonnaGetTop497\n|\n|t:|1638120975\n|move|p2a: Sandy|Healing Wish|p2a: Sandy\n|faint|p2a: Sandy\n|move|p1a: Snorlax|Body Slam|p2: Sandy|[notarget]\n|-fail|p1a: Snorlax\n|\n|upkeep\n|j| cypherstest\n|\n|t:|1638120979\n|switch|p2a: Jake Shears|Scizor, M|58\/100\n|-heal|p2a: Jake Shears|100\/100|[from] move: Healing Wish\n|turn|5\n|j| Doriseeiya\n|\n|t:|1638121004\n|move|p2a: Jake Shears|Swords Dance|p2a: Jake Shears\n|-boost|p2a: Jake Shears|atk|2\n|move|p1a: Snorlax|Body Slam|p2a: Jake Shears\n|-resisted|p2a: Jake Shears\n|-damage|p2a: Jake Shears|78\/100\n|-status|p2a: Jake Shears|par\n|\n|-heal|p2a: Jake Shears|84\/100 par|[from] item: Leftovers\n|upkeep\n|turn|6\n|\n|t:|1638121014\n|switch|p1a: Scizor|Scizor, F|100\/100\n|cant|p2a: Jake Shears|par\n|\n|-heal|p2a: Jake Shears|91\/100 par|[from] item: Leftovers\n|upkeep\n|turn|7\n|\n|t:|1638121026\n|move|p1a: Scizor|Swords Dance|p1a: Scizor\n|-boost|p1a: Scizor|atk|2\n|move|p2a: Jake Shears|Swords Dance|p2a: Jake Shears\n|-boost|p2a: Jake Shears|atk|2\n|\n|-heal|p2a: Jake Shears|97\/100 par|[from] item: Leftovers\n|upkeep\n|turn|8\n|\n|t:|1638121041\n|move|p2a: Jake Shears|Bullet Punch|p1a: Scizor\n|-resisted|p1a: Scizor\n|-damage|p1a: Scizor|66\/100\n|move|p1a: Scizor|Swords Dance|p1a: Scizor\n|-boost|p1a: Scizor|atk|2\n|\n|-heal|p1a: Scizor|72\/100|[from] item: Leftovers\n|-heal|p2a: Jake Shears|100\/100 par|[from] item: Leftovers\n|upkeep\n|turn|9\n|\n|t:|1638121059\n|move|p1a: Scizor|Swords Dance|p1a: Scizor\n|-boost|p1a: Scizor|atk|2\n|cant|p2a: Jake Shears|par\n|\n|-heal|p1a: Scizor|78\/100|[from] item: Leftovers\n|upkeep\n|turn|10\n|\n|t:|1638121069\n|move|p1a: Scizor|Bullet Punch|p2a: Jake Shears\n|-resisted|p2a: Jake Shears\n|-damage|p2a: Jake Shears|51\/100 par\n|cant|p2a: Jake Shears|par\n|\n|-heal|p1a: Scizor|84\/100|[from] item: Leftovers\n|-heal|p2a: Jake Shears|57\/100 par|[from] item: Leftovers\n|upkeep\n|turn|11\n|\n|t:|1638121081\n|move|p1a: Scizor|Bullet Punch|p2a: Jake Shears\n|-resisted|p2a: Jake Shears\n|-damage|p2a: Jake Shears|7\/100 par\n|move|p2a: Jake Shears|U-turn|p1a: Scizor\n|-resisted|p1a: Scizor\n|-damage|p1a: Scizor|43\/100\n|\n|t:|1638121088\n|switch|p2a: Justin Timberlake|Raikou|100\/100|[from]move: U-turn\n|\n|-heal|p1a: Scizor|49\/100|[from] item: Leftovers\n|upkeep\n|turn|12\n|\n|t:|1638121102\n|switch|p1a: Snorlax|Snorlax, M|100\/100\n|move|p2a: Justin Timberlake|Thunderbolt|p1a: Snorlax\n|-damage|p1a: Snorlax|62\/100\n|\n|-heal|p1a: Snorlax|68\/100|[from] item: Leftovers\n|upkeep\n|turn|13\n|\n|t:|1638121110\n|switch|p2a: Jake Shears|Scizor, M|7\/100 par\n|move|p1a: Snorlax|Earthquake|p2a: Jake Shears\n|-damage|p2a: Jake Shears|0 fnt\n|faint|p2a: Jake Shears\n|\n|-heal|p1a: Snorlax|74\/100|[from] item: Leftovers\n|upkeep\n|\n|t:|1638121134\n|switch|p2a: Michael Jackson|Manaphy|100\/100\n|turn|14\n|\n|t:|1638121142\n|move|p2a: Michael Jackson|Tail Glow|p2a: Michael Jackson\n|-boost|p2a: Michael Jackson|spa|3\n|move|p1a: Snorlax|Body Slam|p2a: Michael Jackson\n|-damage|p2a: Michael Jackson|54\/100\n|\n|-heal|p1a: Snorlax|80\/100|[from] item: Leftovers\n|upkeep\n|turn|15\n|\n|t:|1638121157\n|switch|p1a: Gliscor|Gliscor, F|100\/100\n|move|p2a: Michael Jackson|Surf|p1a: Gliscor\n|-supereffective|p1a: Gliscor\n|-damage|p1a: Gliscor|0 fnt\n|faint|p1a: Gliscor\n|\n|upkeep\n|\n|t:|1638121169\n|switch|p1a: Gengar|Gengar, M|100\/100\n|turn|16\n|\n|t:|1638121181\n|switch|p2a: Darude|Tyranitar, M|100\/100\n|-weather|Sandstorm|[from] ability: Sand Stream|[of] p2a: Darude\n|move|p1a: Gengar|Energy Ball|p2a: Darude\n|-supereffective|p2a: Darude\n|-damage|p2a: Darude|52\/100\n|\n|-weather|Sandstorm|[upkeep]\n|-damage|p1a: Gengar|94\/100|[from] Sandstorm\n|upkeep\n|turn|17\n|\n|t:|1638121194\n|switch|p1a: Scizor|Scizor, F|49\/100\n|move|p2a: Darude|Crunch|p1a: Scizor\n|-damage|p1a: Scizor|3\/100\n|\n|-weather|Sandstorm|[upkeep]\n|-heal|p1a: Scizor|9\/100|[from] item: Leftovers\n|upkeep\n|turn|18\n|\n|t:|1638121203\n|move|p1a: Scizor|Bullet Punch|p2a: Darude\n|-supereffective|p2a: Darude\n|-damage|p2a: Darude|10\/100\n|move|p2a: Darude|Crunch|p1a: Scizor\n|-crit|p1a: Scizor\n|-damage|p1a: Scizor|0 fnt\n|faint|p1a: Scizor\n|\n|-weather|Sandstorm|[upkeep]\n|upkeep\n|\n|t:|1638121212\n|switch|p1a: Gengar|Gengar, M|94\/100\n|turn|19\n|\n|t:|1638121216\n|move|p1a: Gengar|Energy Ball|p2a: Darude\n|-supereffective|p2a: Darude\n|-damage|p2a: Darude|0 fnt\n|faint|p2a: Darude\n|\n|-weather|Sandstorm|[upkeep]\n|-damage|p1a: Gengar|88\/100|[from] Sandstorm\n|upkeep\n|\n|t:|1638121224\n|switch|p2a: Luan Santana|Staraptor, M|100\/100\n|turn|20\n|\n|t:|1638121249\n|switch|p1a: Snorlax|Snorlax, M|80\/100\n|move|p2a: Luan Santana|Brave Bird|p1a: Snorlax\n|-damage|p1a: Snorlax|13\/100\n|-damage|p2a: Luan Santana|64\/100|[from] Recoil\n|\n|-weather|none\n|-heal|p1a: Snorlax|20\/100|[from] item: Leftovers\n|upkeep\n|turn|21\n|\n|t:|1638121258\n|move|p2a: Luan Santana|Brave Bird|p1a: Snorlax\n|-damage|p1a: Snorlax|0 fnt\n|faint|p1a: Snorlax\n|-damage|p2a: Luan Santana|53\/100|[from] Recoil\n|\n|upkeep\n|inactive|cows123p has 120 seconds left.\n|\n|t:|1638121282\n|switch|p1a: Crawdaunt|Crawdaunt, M|100\/100\n|turn|22\n|\n|t:|1638121288\n|move|p1a: Crawdaunt|Aqua Jet|p2a: Luan Santana\n|-damage|p2a: Luan Santana|0 fnt\n|faint|p2a: Luan Santana\n|\n|upkeep\n|\n|t:|1638121294\n|switch|p2a: Justin Timberlake|Raikou|100\/100\n|turn|23\n|\n|t:|1638121298\n|move|p1a: Crawdaunt|Aqua Jet|p2a: Justin Timberlake\n|-damage|p2a: Justin Timberlake|44\/100\n|move|p2a: Justin Timberlake|Thunderbolt|p1a: Crawdaunt\n|-supereffective|p1a: Crawdaunt\n|-damage|p1a: Crawdaunt|0 fnt\n|faint|p1a: Crawdaunt\n|\n|upkeep\n|\n|t:|1638121305\n|switch|p1a: Gengar|Gengar, M|88\/100\n|turn|24\n|\n|t:|1638121308\n|move|p2a: Justin Timberlake|Thunderbolt|p1a: Gengar\n|-damage|p1a: Gengar|0 fnt\n|-start|p2a: Justin Timberlake|Disable|Thunderbolt|[from] ability: Cursed Body|[of] p1a: Gengar\n|faint|p1a: Gengar\n|\n|win|RajonRandom\n|raw|cows123p's rating: 1419 &rarr; <strong>1402<\/strong><br \/>(-17 for losing)\n|raw|RajonRandom's rating: 1475 &rarr; <strong>1492<\/strong><br \/>(+17 for winning)\n|l| cypherstest\n|l| Doriseeiya\n|l|\u2606cows123p\n|l| GonnaGetTop497\n||Ladder isn't responding, score probably updated but might not have (Request timeout).\n|l| skyvenger77\n","uploadtime":1638122101,"views":11,"p1id":"cows123p","p2id":"rajonrandom","formatid":"gen8bdspou","rating":1402,"private":0,"password":null}