{"id":"gen8waterparadise-1371134416","p1":"lebanesestinker","p2":"LionKingCaineghis","format":"gen8waterparadise","log":"|j|\u2606lebanesestinker\n|j|\u2606LionKingCaineghis\n|t:|1625510507\n|gametype|singles\n|player|p1|lebanesestinker|policeman|1084\n|player|p2|LionKingCaineghis|lucas|1231\n|teamsize|p1|6\n|teamsize|p2|6\n|gen|8\n|tier|[Gen 8] Water Paradise\n|rated|\n|rule|Species Clause: Limit one of each Pok\u00e9mon\n|rule|Item Clause: Limit one of each item\n|clearpoke\n|poke|p1|Barbaracle, L50, F|\n|poke|p1|Ludicolo, L50, F|\n|poke|p1|Starmie, L50|\n|poke|p1|Lanturn, L50, M|\n|poke|p1|Sharpedo, L50, F|\n|poke|p1|Gyarados, L50, F|\n|poke|p2|Gyarados, L50, F|\n|poke|p2|Lapras, L50, M|\n|poke|p2|Rotom-Wash, L50|\n|poke|p2|Ludicolo, L50, F|\n|poke|p2|Relicanth, L50, M|\n|poke|p2|Kingdra, L50, M|\n|teampreview|3\n|inactive|Battle timer is ON: inactive players will automatically lose when time's up. (requested by lebanesestinker)\n|inactive|LionKingCaineghis has 120 seconds left.\n|\n|t:|1625510571\n|start\n|switch|p1a: Lanturn|Lanturn, L50, M|100\/100\n|switch|p2a: Ludicolo|Ludicolo, L50, F|100\/100\n|turn|1\n|\n|t:|1625510580\n|move|p2a: Ludicolo|Swords Dance|p2a: Ludicolo\n|-boost|p2a: Ludicolo|atk|2\n|move|p1a: Lanturn|Volt Switch|p2a: Ludicolo\n|-damage|p2a: Ludicolo|78\/100\n|\n|t:|1625510582\n|switch|p1a: Gyarados|Gyarados, L50, F|100\/100|[from]move: Volt Switch\n|\n|upkeep\n|turn|2\n|\n|t:|1625510588\n|-start|p1a: Gyarados|Dynamax\n|-heal|p1a: Gyarados|100\/100|[silent]\n|move|p1a: Gyarados|Max Airstream|p2a: Ludicolo\n|-supereffective|p2a: Ludicolo\n|-enditem|p2a: Ludicolo|Coba Berry|[eat]\n|-enditem|p2a: Ludicolo|Coba Berry|[weaken]\n|-damage|p2a: Ludicolo|0 fnt\n|-boost|p1a: Gyarados|spe|1\n|faint|p2a: Ludicolo\n|-ability|p1a: Gyarados|Moxie|boost\n|-boost|p1a: Gyarados|atk|1\n|\n|upkeep\n|\n|t:|1625510599\n|switch|p2a: Relicanth|Relicanth, L50, M|100\/100\n|turn|3\n|\n|t:|1625510601\n|move|p1a: Gyarados|Max Overgrowth|p2a: Relicanth\n|-supereffective|p2a: Relicanth\n|-ability|p2a: Relicanth|Sturdy\n|-damage|p2a: Relicanth|1\/100\n|-fieldstart|move: Grassy Terrain\n|move|p2a: Relicanth|Yawn|p1a: Gyarados\n|-start|p1a: Gyarados|move: Yawn|[of] p2a: Relicanth\n|\n|-heal|p2a: Relicanth|7\/100|[from] Grassy Terrain\n|upkeep\n|turn|4\n|-enditem|p2a: Relicanth|Custap Berry|[eat]\n|-activate|p2a: Relicanth|item: Custap Berry|[consumed]\n|\n|t:|1625510619\n|-end|p1a: Gyarados|Dynamax\n|-heal|p1a: Gyarados|100\/100|[silent]\n|switch|p1a: Starmie|Starmie, L50|100\/100\n|move|p2a: Relicanth|Stealth Rock|p1a: Starmie\n|-sidestart|p1: lebanesestinker|move: Stealth Rock\n|\n|-heal|p2a: Relicanth|12\/100|[from] Grassy Terrain\n|upkeep\n|turn|5\n|\n|t:|1625510628\n|move|p1a: Starmie|Grass Knot|p2a: Relicanth\n|-supereffective|p2a: Relicanth\n|-damage|p2a: Relicanth|0 fnt\n|faint|p2a: Relicanth\n|\n|upkeep\n|\n|t:|1625510638\n|switch|p2a: Gyarados|Gyarados, L50, F|100\/100\n|turn|6\n|\n|t:|1625510641\n|-start|p2a: Gyarados|Dynamax\n|-heal|p2a: Gyarados|100\/100|[silent]\n|move|p1a: Starmie|Thunderbolt|p2a: Gyarados\n|-supereffective|p2a: Gyarados\n|-enditem|p2a: Gyarados|Wacan Berry|[eat]\n|-enditem|p2a: Gyarados|Wacan Berry|[weaken]\n|-damage|p2a: Gyarados|67\/100\n|move|p2a: Gyarados|Max Airstream|p1a: Starmie\n|-damage|p1a: Starmie|0 fnt\n|-boost|p2a: Gyarados|spe|1\n|faint|p1a: Starmie\n|-ability|p2a: Gyarados|Moxie|boost\n|-boost|p2a: Gyarados|atk|1\n|\n|upkeep\n|\n|t:|1625510644\n|switch|p1a: Lanturn|Lanturn, L50, M|100\/100\n|-damage|p1a: Lanturn|88\/100|[from] Stealth Rock\n|turn|7\n|\n|t:|1625510658\n|move|p2a: Gyarados|Max Quake|p1a: Lanturn\n|-supereffective|p1a: Lanturn\n|-damage|p1a: Lanturn|0 fnt\n|-boost|p2a: Gyarados|spd|1\n|faint|p1a: Lanturn\n|-ability|p2a: Gyarados|Moxie|boost\n|-boost|p2a: Gyarados|atk|1\n|\n|-fieldend|move: Grassy Terrain\n|upkeep\n|\n|t:|1625510660\n|switch|p1a: Gyarados|Gyarados, L50, F|100\/100\n|-damage|p1a: Gyarados|76\/100|[from] Stealth Rock\n|turn|8\n|\n|t:|1625510668\n|move|p2a: Gyarados|Max Airstream|p1a: Gyarados\n|-damage|p1a: Gyarados|0 fnt\n|-boost|p2a: Gyarados|spe|1\n|faint|p1a: Gyarados\n|\n|win|LionKingCaineghis\n|raw|lebanesestinker's rating: 1084 &rarr; <strong>1070<\/strong><br \/>(-14 for losing)\n|raw|LionKingCaineghis's rating: 1230 &rarr; <strong>1245<\/strong><br \/>(+15 for winning)\n|l|\u2606lebanesestinker\n","uploadtime":1625510675,"views":1,"p1id":"lebanesestinker","p2id":"lionkingcaineghis","formatid":"gen8waterparadise","rating":1070,"private":0,"password":null}