{"id":"gen8ou-1436494502","p1":"BRIFYE","p2":"Kyerndo","format":"gen8ou","log":"|j|\u2606BRIFYE\n|j|\u2606Kyerndo\n|t:|1634394712\n|gametype|singles\n|player|p1|BRIFYE|170|1514\n|player|p2|Kyerndo|psychic|1448\n|teamsize|p1|6\n|teamsize|p2|6\n|gen|8\n|tier|[Gen 8] OU\n|rated|\n|rule|Sleep Clause Mod: Limit one foe put to sleep\n|rule|Species Clause: Limit one of each Pok\u00e9mon\n|rule|OHKO Clause: OHKO moves are banned\n|rule|Evasion Moves Clause: Evasion moves are banned\n|rule|Endless Battle Clause: Forcing endless battles is banned\n|rule|HP Percentage Mod: HP is shown in percentages\n|rule|Dynamax Clause: You cannot dynamax\n|clearpoke\n|poke|p1|Weavile, F|\n|poke|p1|Zeraora|\n|poke|p1|Tornadus-Therian, M|\n|poke|p1|Heatran, M|\n|poke|p1|Tapu Fini|\n|poke|p1|Garchomp, F|\n|poke|p2|Heatran, M|\n|poke|p2|Tapu Bulu|\n|poke|p2|Kommo-o, M|\n|poke|p2|Scizor, M|\n|poke|p2|Thundurus-Therian, M|\n|poke|p2|Latios, M|\n|teampreview\n|inactive|Battle timer is ON: inactive players will automatically lose when time's up. (requested by BRIFYE)\n|\n|t:|1634394743\n|start\n|switch|p1a: Tornadus|Tornadus-Therian, M|100\/100\n|switch|p2a: Latios|Latios, M|100\/100\n|turn|1\n|\n|t:|1634394770\n|switch|p2a: Kommo-o|Kommo-o, M|100\/100\n|move|p1a: Tornadus|Knock Off|p2a: Kommo-o\n|-resisted|p2a: Kommo-o\n|-damage|p2a: Kommo-o|94\/100\n|-enditem|p2a: Kommo-o|Leftovers|[from] move: Knock Off|[of] p1a: Tornadus\n|\n|upkeep\n|turn|2\n|\n|t:|1634394780\n|switch|p2a: Heatran|Heatran, M|100\/100\n|move|p1a: Tornadus|Hurricane|p2a: Heatran\n|-resisted|p2a: Heatran\n|-damage|p2a: Heatran|87\/100\n|\n|-heal|p2a: Heatran|94\/100|[from] item: Leftovers\n|upkeep\n|turn|3\n|\n|t:|1634394787\n|move|p1a: Tornadus|Knock Off|p2a: Heatran\n|-damage|p2a: Heatran|78\/100\n|-enditem|p2a: Heatran|Leftovers|[from] move: Knock Off|[of] p1a: Tornadus\n|move|p2a: Heatran|Toxic|p1a: Tornadus\n|-status|p1a: Tornadus|tox\n|\n|-damage|p1a: Tornadus|94\/100 tox|[from] psn\n|upkeep\n|turn|4\n|\n|t:|1634394799\n|move|p1a: Tornadus|U-turn|p2a: Heatran\n|-resisted|p2a: Heatran\n|-damage|p2a: Heatran|75\/100\n|\n|t:|1634394803\n|switch|p1a: Garchomp|Garchomp, F|100\/100|[from]move: U-turn\n|move|p2a: Heatran|Toxic|p1a: Garchomp\n|-status|p1a: Garchomp|tox\n|\n|-damage|p1a: Garchomp|94\/100 tox|[from] psn\n|upkeep\n|turn|5\n|\n|t:|1634394821\n|move|p2a: Heatran|Protect|p2a: Heatran\n|-singleturn|p2a: Heatran|Protect\n|move|p1a: Garchomp|Stealth Rock|p2a: Heatran\n|-sidestart|p2: Kyerndo|move: Stealth Rock\n|\n|-damage|p1a: Garchomp|82\/100 tox|[from] psn\n|upkeep\n|turn|6\n|\n|t:|1634394827\n|switch|p2a: Scizor|Scizor, M|100\/100\n|move|p1a: Garchomp|Earthquake|p2a: Scizor\n|-damage|p2a: Scizor|61\/100\n|\n|-damage|p1a: Garchomp|63\/100 tox|[from] psn\n|upkeep\n|turn|7\n|\n|t:|1634394834\n|switch|p2a: Latios|Latios, M|100\/100\n|-damage|p2a: Latios|88\/100|[from] Stealth Rock\n|move|p1a: Garchomp|Earthquake|p2a: Latios\n|-immune|p2a: Latios|[from] ability: Levitate\n|\n|-damage|p1a: Garchomp|38\/100 tox|[from] psn\n|upkeep\n|turn|8\n|\n|t:|1634394857\n|switch|p1a: Heatran|Heatran, M|100\/100\n|move|p2a: Latios|Psychic|p1a: Heatran\n|-resisted|p1a: Heatran\n|-damage|p1a: Heatran|87\/100\n|\n|-heal|p1a: Heatran|93\/100|[from] item: Leftovers\n|upkeep\n|turn|9\n|\n|t:|1634394866\n|switch|p2a: Kommo-o|Kommo-o, M|94\/100\n|-damage|p2a: Kommo-o|88\/100|[from] Stealth Rock\n|move|p1a: Heatran|Earth Power|p2a: Kommo-o\n|-damage|p2a: Kommo-o|65\/100\n|\n|-heal|p1a: Heatran|99\/100|[from] item: Leftovers\n|upkeep\n|turn|10\n|\n|t:|1634394875\n|switch|p1a: Garchomp|Garchomp, F|38\/100 tox\n|move|p2a: Kommo-o|Stealth Rock|p1a: Garchomp\n|-sidestart|p1: BRIFYE|move: Stealth Rock\n|\n|-damage|p1a: Garchomp|32\/100 tox|[from] psn\n|upkeep\n|turn|11\n|\n|t:|1634394883\n|move|p2a: Kommo-o|Protect|p2a: Kommo-o\n|-singleturn|p2a: Kommo-o|Protect\n|move|p1a: Garchomp|Rest|p1a: Garchomp\n|-status|p1a: Garchomp|slp|[from] move: Rest\n|-heal|p1a: Garchomp|100\/100 slp|[silent]\n|\n|upkeep\n|turn|12\n|\n|t:|1634394889\n|switch|p2a: Tapu Bulu|Tapu Bulu|100\/100\n|-damage|p2a: Tapu Bulu|88\/100|[from] Stealth Rock\n|-fieldstart|move: Grassy Terrain|[from] ability: Grassy Surge|[of] p2a: Tapu Bulu\n|cant|p1a: Garchomp|slp\n|\n|-heal|p2a: Tapu Bulu|94\/100|[from] Grassy Terrain\n|-heal|p2a: Tapu Bulu|99\/100|[from] item: Leftovers\n|upkeep\n|turn|13\n|\n|t:|1634394901\n|cant|p1a: Garchomp|slp\n|move|p2a: Tapu Bulu|Swords Dance|p2a: Tapu Bulu\n|-boost|p2a: Tapu Bulu|atk|2\n|\n|-heal|p2a: Tapu Bulu|100\/100|[from] Grassy Terrain\n|upkeep\n|turn|14\n|\n|t:|1634394907\n|-curestatus|p1a: Garchomp|slp|[msg]\n|move|p1a: Garchomp|Toxic|p2a: Tapu Bulu\n|-status|p2a: Tapu Bulu|tox\n|move|p2a: Tapu Bulu|Horn Leech|p1a: Garchomp\n|-damage|p1a: Garchomp|14\/100\n|-damage|p2a: Tapu Bulu|88\/100 tox|[from] ability: Rough Skin|[of] p1a: Garchomp\n|-damage|p2a: Tapu Bulu|72\/100 tox|[from] item: Rocky Helmet|[of] p1a: Garchomp\n|\n|-heal|p1a: Garchomp|20\/100|[from] Grassy Terrain\n|-heal|p2a: Tapu Bulu|78\/100 tox|[from] Grassy Terrain\n|-heal|p2a: Tapu Bulu|84\/100 tox|[from] item: Leftovers\n|-damage|p2a: Tapu Bulu|78\/100 tox|[from] psn\n|upkeep\n|turn|15\n|\n|t:|1634394932\n|switch|p1a: Tornadus|Tornadus-Therian, M|100\/100 tox\n|move|p2a: Tapu Bulu|Stone Edge|p1a: Tornadus\n|-supereffective|p1a: Tornadus\n|-crit|p1a: Tornadus\n|-damage|p1a: Tornadus|0 fnt\n|faint|p1a: Tornadus\n|\n|-heal|p2a: Tapu Bulu|84\/100 tox|[from] Grassy Terrain\n|-heal|p2a: Tapu Bulu|90\/100 tox|[from] item: Leftovers\n|-damage|p2a: Tapu Bulu|78\/100 tox|[from] psn\n|upkeep\n|\n|t:|1634394945\n|switch|p1a: Weavile|Weavile, F|100\/100\n|-ability|p1a: Weavile|Pressure\n|turn|16\n|\n|t:|1634394949\n|switch|p2a: Scizor|Scizor, M|61\/100\n|move|p1a: Weavile|Triple Axel|p2a: Scizor\n|-resisted|p2a: Scizor\n|-damage|p2a: Scizor|56\/100\n|-resisted|p2a: Scizor\n|-damage|p2a: Scizor|47\/100\n|-resisted|p2a: Scizor\n|-damage|p2a: Scizor|33\/100\n|-hitcount|p2a: Scizor|3\n|\n|-heal|p2a: Scizor|39\/100|[from] Grassy Terrain\n|-fieldend|move: Grassy Terrain\n|upkeep\n|turn|17\n|\n|t:|1634394961\n|switch|p1a: Heatran|Heatran, M|99\/100\n|-damage|p1a: Heatran|87\/100|[from] Stealth Rock\n|move|p2a: Scizor|Roost|p2a: Scizor\n|-heal|p2a: Scizor|89\/100\n|-singleturn|p2a: Scizor|move: Roost\n|\n|-heal|p1a: Heatran|93\/100|[from] item: Leftovers\n|upkeep\n|turn|18\n|\n|t:|1634394983\n|switch|p2a: Kommo-o|Kommo-o, M|65\/100\n|-damage|p2a: Kommo-o|58\/100|[from] Stealth Rock\n|move|p1a: Heatran|Magma Storm|p2a: Kommo-o\n|-resisted|p2a: Kommo-o\n|-damage|p2a: Kommo-o|40\/100\n|-activate|p2a: Kommo-o|move: Magma Storm|[of] p1a: Heatran\n|\n|-heal|p1a: Heatran|99\/100|[from] item: Leftovers\n|-damage|p2a: Kommo-o|28\/100|[from] move: Magma Storm|[partiallytrapped]\n|upkeep\n|turn|19\n|\n|t:|1634394993\n|switch|p1a: Garchomp|Garchomp, F|20\/100\n|-damage|p1a: Garchomp|14\/100|[from] Stealth Rock\n|move|p2a: Kommo-o|Drain Punch|p1a: Garchomp\n|-damage|p1a: Garchomp|0 fnt\n|-heal|p2a: Kommo-o|36\/100|[from] drain|[of] p1a: Garchomp\n|-damage|p2a: Kommo-o|23\/100|[from] ability: Rough Skin|[of] p1a: Garchomp\n|-damage|p2a: Kommo-o|6\/100|[from] item: Rocky Helmet|[of] p1a: Garchomp\n|faint|p1a: Garchomp\n|\n|-end|p2a: Kommo-o|Magma Storm|[partiallytrapped]|[silent]\n|upkeep\n|\n|t:|1634395006\n|switch|p1a: Weavile|Weavile, F|100\/100\n|-ability|p1a: Weavile|Pressure\n|turn|20\n|\n|t:|1634395010\n|move|p2a: Kommo-o|Protect|p2a: Kommo-o\n|-singleturn|p2a: Kommo-o|Protect\n|move|p1a: Weavile|Knock Off|p2a: Kommo-o\n|-activate|p2a: Kommo-o|move: Protect\n|\n|upkeep\n|turn|21\n|\n|t:|1634395015\n|move|p1a: Weavile|Knock Off|p2a: Kommo-o\n|-resisted|p2a: Kommo-o\n|-damage|p2a: Kommo-o|0 fnt\n|faint|p2a: Kommo-o\n|\n|upkeep\n|\n|t:|1634395034\n|switch|p2a: Scizor|Scizor, M|89\/100\n|turn|22\n|\n|t:|1634395040\n|switch|p1a: Heatran|Heatran, M|99\/100\n|-damage|p1a: Heatran|87\/100|[from] Stealth Rock\n|move|p2a: Scizor|U-turn|p1a: Heatran\n|-resisted|p1a: Heatran\n|-damage|p1a: Heatran|82\/100\n|\n|t:|1634395049\n|switch|p2a: Thundurus|Thundurus-Therian, M|100\/100|[from]move: U-turn\n|-damage|p2a: Thundurus|76\/100|[from] Stealth Rock\n|\n|-heal|p1a: Heatran|88\/100|[from] item: Leftovers\n|upkeep\n|turn|23\n|\n|t:|1634395055\n|move|p2a: Thundurus|Focus Blast|p1a: Heatran|[miss]\n|-miss|p2a: Thundurus|p1a: Heatran\n|move|p1a: Heatran|Magma Storm|p2a: Thundurus\n|-damage|p2a: Thundurus|18\/100\n|-activate|p2a: Thundurus|move: Magma Storm|[of] p1a: Heatran\n|\n|-heal|p1a: Heatran|94\/100|[from] item: Leftovers\n|-damage|p2a: Thundurus|6\/100|[from] move: Magma Storm|[partiallytrapped]\n|upkeep\n|turn|24\n|\n|t:|1634395065\n|switch|p1a: Tapu Fini|Tapu Fini|100\/100\n|-damage|p1a: Tapu Fini|88\/100|[from] Stealth Rock\n|-fieldstart|move: Misty Terrain|[from] ability: Misty Surge|[of] p1a: Tapu Fini\n|move|p2a: Thundurus|Focus Blast|p1a: Tapu Fini\n|-resisted|p1a: Tapu Fini\n|-damage|p1a: Tapu Fini|60\/100\n|\n|-heal|p1a: Tapu Fini|66\/100|[from] item: Leftovers\n|-end|p2a: Thundurus|Magma Storm|[partiallytrapped]|[silent]\n|upkeep\n|turn|25\n|\n|t:|1634395080\n|switch|p2a: Tapu Bulu|Tapu Bulu|78\/100 tox\n|-damage|p2a: Tapu Bulu|65\/100 tox|[from] Stealth Rock\n|-fieldstart|move: Grassy Terrain|[from] ability: Grassy Surge|[of] p2a: Tapu Bulu\n|move|p1a: Tapu Fini|Draining Kiss|p2a: Tapu Bulu\n|-damage|p2a: Tapu Bulu|44\/100 tox\n|-heal|p1a: Tapu Fini|79\/100|[from] drain|[of] p2a: Tapu Bulu\n|\n|-heal|p2a: Tapu Bulu|50\/100 tox|[from] Grassy Terrain\n|-heal|p2a: Tapu Bulu|56\/100 tox|[from] item: Leftovers\n|-heal|p1a: Tapu Fini|85\/100|[from] Grassy Terrain\n|-heal|p1a: Tapu Fini|91\/100|[from] item: Leftovers\n|-damage|p2a: Tapu Bulu|50\/100 tox|[from] psn\n|upkeep\n|turn|26\n|\n|t:|1634395095\n|switch|p1a: Heatran|Heatran, M|94\/100\n|-damage|p1a: Heatran|82\/100|[from] Stealth Rock\n|move|p2a: Tapu Bulu|Close Combat|p1a: Heatran\n|-supereffective|p1a: Heatran\n|-damage|p1a: Heatran|10\/100\n|-unboost|p2a: Tapu Bulu|def|1\n|-unboost|p2a: Tapu Bulu|spd|1\n|\n|-heal|p2a: Tapu Bulu|56\/100 tox|[from] Grassy Terrain\n|-heal|p2a: Tapu Bulu|62\/100 tox|[from] item: Leftovers\n|-heal|p1a: Heatran|17\/100|[from] Grassy Terrain\n|-heal|p1a: Heatran|23\/100|[from] item: Leftovers\n|-damage|p2a: Tapu Bulu|50\/100 tox|[from] psn\n|upkeep\n|turn|27\n|\n|t:|1634395111\n|move|p2a: Tapu Bulu|Close Combat|p1a: Heatran\n|-supereffective|p1a: Heatran\n|-damage|p1a: Heatran|0 fnt\n|-unboost|p2a: Tapu Bulu|def|1\n|-unboost|p2a: Tapu Bulu|spd|1\n|faint|p1a: Heatran\n|\n|-heal|p2a: Tapu Bulu|56\/100 tox|[from] Grassy Terrain\n|-heal|p2a: Tapu Bulu|62\/100 tox|[from] item: Leftovers\n|-damage|p2a: Tapu Bulu|44\/100 tox|[from] psn\n|upkeep\n|inactive|BRIFYE has 120 seconds left.\n|\n|t:|1634395122\n|switch|p1a: Weavile|Weavile, F|100\/100\n|-ability|p1a: Weavile|Pressure\n|turn|28\n|inactive|BRIFYE has 120 seconds left.\n|\n|t:|1634395138\n|switch|p2a: Scizor|Scizor, M|89\/100\n|move|p1a: Weavile|Triple Axel|p2a: Scizor\n|-resisted|p2a: Scizor\n|-damage|p2a: Scizor|85\/100\n|-resisted|p2a: Scizor\n|-crit|p2a: Scizor\n|-damage|p2a: Scizor|72\/100\n|-resisted|p2a: Scizor\n|-damage|p2a: Scizor|58\/100\n|-hitcount|p2a: Scizor|3\n|\n|-heal|p2a: Scizor|64\/100|[from] Grassy Terrain\n|upkeep\n|turn|29\n|inactive|BRIFYE has 120 seconds left.\n|\n|t:|1634395149\n|move|p1a: Weavile|Swords Dance|p1a: Weavile\n|-boost|p1a: Weavile|atk|2\n|move|p2a: Scizor|Defog|p1a: Weavile\n|-unboost|p1a: Weavile|evasion|1\n|-sideend|p1: BRIFYE|Stealth Rock|[from] move: Defog|[of] p2a: Scizor\n|-sideend|p2: Kyerndo|Stealth Rock|[from] move: Defog|[of] p2a: Scizor\n|-fieldend|move: Grassy Terrain\n|\n|upkeep\n|turn|30\n|inactive|BRIFYE has 120 seconds left.\n|\n|t:|1634395155\n|move|p2a: Scizor|Bullet Punch|p1a: Weavile\n|-supereffective|p1a: Weavile\n|-damage|p1a: Weavile|6\/100\n|move|p1a: Weavile|Swords Dance|p1a: Weavile\n|-boost|p1a: Weavile|atk|2\n|\n|upkeep\n|turn|31\n|\n|t:|1634395162\n|move|p1a: Weavile|Ice Shard|p2a: Scizor\n|-resisted|p2a: Scizor\n|-damage|p2a: Scizor|37\/100\n|move|p2a: Scizor|Bullet Punch|p1a: Weavile\n|-supereffective|p1a: Weavile\n|-damage|p1a: Weavile|0 fnt\n|faint|p1a: Weavile\n|\n|upkeep\n|\n|t:|1634395170\n|switch|p1a: Tapu Fini|Tapu Fini|91\/100\n|-fieldstart|move: Misty Terrain|[from] ability: Misty Surge|[of] p1a: Tapu Fini\n|turn|32\n|\n|t:|1634395175\n|move|p1a: Tapu Fini|Calm Mind|p1a: Tapu Fini\n|-boost|p1a: Tapu Fini|spa|1\n|-boost|p1a: Tapu Fini|spd|1\n|move|p2a: Scizor|U-turn|p1a: Tapu Fini\n|-resisted|p1a: Tapu Fini\n|-damage|p1a: Tapu Fini|82\/100\n|\n|t:|1634395177\n|switch|p2a: Tapu Bulu|Tapu Bulu|44\/100 tox|[from]move: U-turn\n|-fieldstart|move: Grassy Terrain|[from] ability: Grassy Surge|[of] p2a: Tapu Bulu\n|\n|-heal|p2a: Tapu Bulu|50\/100 tox|[from] Grassy Terrain\n|-heal|p2a: Tapu Bulu|56\/100 tox|[from] item: Leftovers\n|-heal|p1a: Tapu Fini|88\/100|[from] Grassy Terrain\n|-heal|p1a: Tapu Fini|94\/100|[from] item: Leftovers\n|-damage|p2a: Tapu Bulu|50\/100 tox|[from] psn\n|upkeep\n|turn|33\n|\n|t:|1634395190\n|move|p2a: Tapu Bulu|Horn Leech|p1a: Tapu Fini\n|-supereffective|p1a: Tapu Fini\n|-damage|p1a: Tapu Fini|22\/100\n|-heal|p2a: Tapu Bulu|93\/100 tox|[from] drain|[of] p1a: Tapu Fini\n|move|p1a: Tapu Fini|Draining Kiss|p2a: Tapu Bulu\n|-damage|p2a: Tapu Bulu|60\/100 tox\n|-heal|p1a: Tapu Fini|43\/100|[from] drain|[of] p2a: Tapu Bulu\n|\n|-heal|p2a: Tapu Bulu|66\/100 tox|[from] Grassy Terrain\n|-heal|p2a: Tapu Bulu|72\/100 tox|[from] item: Leftovers\n|-heal|p1a: Tapu Fini|49\/100|[from] Grassy Terrain\n|-heal|p1a: Tapu Fini|55\/100|[from] item: Leftovers\n|-damage|p2a: Tapu Bulu|60\/100 tox|[from] psn\n|upkeep\n|turn|34\n|-message|BRIFYE forfeited.\n|\n|win|Kyerndo\n|raw|BRIFYE's rating: 1514 &rarr; <strong>1490<\/strong><br \/>(-24 for losing)\n|raw|Kyerndo's rating: 1448 &rarr; <strong>1472<\/strong><br \/>(+24 for winning)\n|l|\u2606BRIFYE\n","uploadtime":1634395213,"views":34,"p1id":"brifye","p2id":"kyerndo","formatid":"gen8ou","rating":1472,"private":0,"password":null}