{"id":"gen8sharedpower-1105645471","p1":"Ghetsis Kane","p2":"early_human","format":"gen8sharedpower","log":"|j|\u2606Ghetsis Kane\n|j|\u2606early_human\n|player|p1|Ghetsis Kane|fisherman|1483\n|player|p2|early_human|1|1444\n|teamsize|p1|6\n|teamsize|p2|6\n|gametype|singles\n|gen|8\n|tier|[Gen 8] Shared Power\n|rated|\n|clearpoke\n|poke|p1|Kommo-o, M|\n|poke|p1|Xatu, F|\n|poke|p1|Mudsdale, F|\n|poke|p1|Grimmsnarl, M|\n|poke|p1|Frosmoth, M|\n|poke|p1|Escavalier, M|\n|poke|p2|Galvantula, M|\n|poke|p2|Darmanitan, M|\n|poke|p2|Hydreigon, M|\n|poke|p2|Crawdaunt, F|\n|poke|p2|Bisharp, M|\n|poke|p2|Tsareena, F|\n|rule|Sleep Clause Mod: Limit one foe put to sleep\n|rule|Species Clause: Limit one of each Pok\u00e9mon\n|rule|OHKO Clause: OHKO moves are banned\n|rule|Evasion Moves Clause: Evasion moves are banned\n|rule|Endless Battle Clause: Forcing endless battles is banned\n|rule|HP Percentage Mod: HP is shown in percentages\n|rule|Dynamax Clause: You cannot dynamax\n|teampreview\n|\n|start\n|switch|p1a: Mudsdale|Mudsdale, F|100\/100\n|switch|p2a: Galvantula|Galvantula, M|100\/100\n|-ability|p2a: Galvantula|Unnerve|p1: Ghetsis Kane\n|turn|1\n|\n|switch|p1a: Frosmoth|Frosmoth, M|100\/100\n|move|p2a: Galvantula|Sticky Web|p1a: Frosmoth\n|-sidestart|p1: Ghetsis Kane|move: Sticky Web\n|\n|upkeep\n|turn|2\n|\n|switch|p1a: Escavalier|Escavalier, M|100\/100\n|-activate|p1a: Escavalier|move: Sticky Web\n|-unboost|p1a: Escavalier|spe|1\n|move|p2a: Galvantula|Volt Switch|p1a: Escavalier\n|-damage|p1a: Escavalier|87\/100\n|-ability|p1a: Escavalier|Stamina|boost\n|-boost|p1a: Escavalier|def|1\n|\n|switch|p2a: Darmanitan|Darmanitan, M|100\/100|[from]move: Volt Switch\n|\n|upkeep\n|turn|3\n|\n|switch|p1a: Grimmsnarl|Grimmsnarl, M|100\/100\n|-activate|p1a: Grimmsnarl|move: Sticky Web\n|-unboost|p1a: Grimmsnarl|spe|1\n|move|p2a: Darmanitan|U-turn|p1a: Grimmsnarl\n|-damage|p1a: Grimmsnarl|71\/100\n|-ability|p1a: Grimmsnarl|Stamina|boost\n|-boost|p1a: Grimmsnarl|def|1\n|\n|switch|p2a: Crawdaunt|Crawdaunt, F|100\/100|[from]move: U-turn\n|\n|-heal|p1a: Grimmsnarl|77\/100|[from] item: Leftovers\n|upkeep\n|turn|4\n|\n|switch|p2a: Tsareena|Tsareena, F|100\/100\n|switch|p1a: Xatu|Xatu, F|100\/100\n|\n|upkeep\n|turn|5\n|\n|switch|p1a: Kommo-o|Kommo-o, M|100\/100\n|-activate|p1a: Kommo-o|move: Sticky Web\n|-unboost|p1a: Kommo-o|spe|1\n|move|p2a: Tsareena|U-turn|p1a: Kommo-o\n|-resisted|p1a: Kommo-o\n|-damage|p1a: Kommo-o|92\/100\n|-ability|p1a: Kommo-o|Stamina|boost\n|-boost|p1a: Kommo-o|def|1\n|\n|switch|p2a: Galvantula|Galvantula, M|100\/100|[from]move: U-turn\n|-ability|p2a: Galvantula|Unnerve|p1: Ghetsis Kane\n|\n|-heal|p1a: Kommo-o|98\/100|[from] item: Leftovers\n|upkeep\n|turn|6\n|\n|move|p1a: Kommo-o|Clangorous Soul|p1a: Kommo-o\n|-boost|p1a: Kommo-o|atk|1\n|-boost|p1a: Kommo-o|def|1\n|-boost|p1a: Kommo-o|spa|1\n|-boost|p1a: Kommo-o|spd|1\n|-boost|p1a: Kommo-o|spe|1\n|-damage|p1a: Kommo-o|65\/100\n|move|p2a: Galvantula|Bug Buzz|p1a: Kommo-o\n|-resisted|p1a: Kommo-o\n|-damage|p1a: Kommo-o|55\/100\n|-ability|p1a: Kommo-o|Stamina|boost\n|-boost|p1a: Kommo-o|def|1\n|\n|-heal|p1a: Kommo-o|62\/100|[from] item: Leftovers\n|upkeep\n|turn|7\n|\n|move|p1a: Kommo-o|Clangorous Soul|p1a: Kommo-o\n|-boost|p1a: Kommo-o|atk|1\n|-boost|p1a: Kommo-o|def|1\n|-boost|p1a: Kommo-o|spa|1\n|-boost|p1a: Kommo-o|spd|1\n|-boost|p1a: Kommo-o|spe|1\n|-damage|p1a: Kommo-o|29\/100\n|move|p2a: Galvantula|Volt Switch|p1a: Kommo-o\n|-resisted|p1a: Kommo-o\n|-damage|p1a: Kommo-o|24\/100\n|-ability|p1a: Kommo-o|Stamina|boost\n|-boost|p1a: Kommo-o|def|1\n|\n|switch|p2a: Darmanitan|Darmanitan, M|100\/100|[from]move: Volt Switch\n|\n|-heal|p1a: Kommo-o|30\/100|[from] item: Leftovers\n|upkeep\n|turn|8\n|\n|move|p1a: Kommo-o|Rest|p1a: Kommo-o\n|-status|p1a: Kommo-o|slp|[from] move: Rest\n|-heal|p1a: Kommo-o|100\/100 slp|[silent]\n|move|p2a: Darmanitan|Superpower|p1a: Kommo-o\n|-damage|p1a: Kommo-o|92\/100 slp\n|-unboost|p2a: Darmanitan|atk|1\n|-unboost|p2a: Darmanitan|def|1\n|-ability|p1a: Kommo-o|Stamina|boost\n|-boost|p1a: Kommo-o|def|1\n|\n|-heal|p1a: Kommo-o|98\/100 slp|[from] item: Leftovers\n|upkeep\n|turn|9\n|-message|early_human forfeited.\n|\n|win|Ghetsis Kane\n|l|\u2606early_human\n","uploadtime":1588183130,"views":27,"p1id":"ghetsiskane","p2id":"earlyhuman","formatid":"gen8sharedpower","rating":0,"private":0,"password":null}