{"id":"gen8ou-1377608481","p1":"Specs KD","p2":"LT82ZW simp","format":"gen8ou","log":"|raw|<div class=\"broadcast-blue\"><strong>This battle is required to be public due to a player having a name starting with 'lt82zw'.<\/div>\n|j|\u2606Specs KD\n|j|\u2606LT82ZW simp\n|t:|1626374159\n|gametype|singles\n|player|p1|Specs KD|swimmerf|1646\n|player|p2|LT82ZW simp|ninjaboy|1684\n|teamsize|p1|6\n|teamsize|p2|6\n|gen|8\n|tier|[Gen 8] OU\n|rated|\n|rule|Sleep Clause Mod: Limit one foe put to sleep\n|rule|Species Clause: Limit one of each Pok\u00e9mon\n|rule|OHKO Clause: OHKO moves are banned\n|rule|Evasion Moves Clause: Evasion moves are banned\n|rule|Endless Battle Clause: Forcing endless battles is banned\n|rule|HP Percentage Mod: HP is shown in percentages\n|rule|Dynamax Clause: You cannot dynamax\n|clearpoke\n|poke|p1|Latios, M|\n|poke|p1|Landorus-Therian, M|\n|poke|p1|Ferrothorn, M|\n|poke|p1|Melmetal|\n|poke|p1|Tapu Koko|\n|poke|p1|Nihilego|\n|poke|p2|Landorus-Therian, M|\n|poke|p2|Tapu Lele|\n|poke|p2|Heatran, F|\n|poke|p2|Kartana|\n|poke|p2|Rillaboom, F|\n|poke|p2|Urshifu-*, F|\n|teampreview\n|\n|t:|1626374175\n|start\n|switch|p1a: Tapu Koko|Tapu Koko|100\/100\n|switch|p2a: Urshifu|Urshifu-Rapid-Strike, F|100\/100\n|-fieldstart|move: Electric Terrain|[from] ability: Electric Surge|[of] p1a: Tapu Koko\n|turn|1\n|\n|t:|1626374193\n|switch|p2a: Landorus|Landorus-Therian, M|100\/100\n|-ability|p2a: Landorus|Intimidate|boost\n|-unboost|p1a: Tapu Koko|atk|1\n|move|p1a: Tapu Koko|U-turn|p2a: Landorus\n|-resisted|p2a: Landorus\n|-damage|p2a: Landorus|95\/100\n|\n|t:|1626374215\n|switch|p1a: Latios|Latios, M|100\/100|[from]move: U-turn\n|\n|-heal|p2a: Landorus|100\/100|[from] item: Leftovers\n|upkeep\n|turn|2\n|\n|t:|1626374228\n|switch|p2a: Heatran|Heatran, F|100\/100\n|move|p1a: Latios|Surf|p2a: Heatran\n|-supereffective|p2a: Heatran\n|-damage|p2a: Heatran|34\/100\n|\n|-heal|p2a: Heatran|40\/100|[from] item: Leftovers\n|upkeep\n|turn|3\n|\n|t:|1626374248\n|switch|p1a: Landorus|Landorus-Therian, M|100\/100\n|-ability|p1a: Landorus|Intimidate|boost\n|-unboost|p2a: Heatran|atk|1\n|switch|p2a: Rillaboom|Rillaboom, F|100\/100\n|-fieldstart|move: Grassy Terrain|[from] ability: Grassy Surge|[of] p2a: Rillaboom\n|\n|upkeep\n|turn|4\n|\n|t:|1626374253\n|switch|p2a: Urshifu|Urshifu-Rapid-Strike, F|100\/100\n|move|p1a: Landorus|U-turn|p2a: Urshifu\n|-resisted|p2a: Urshifu\n|-damage|p2a: Urshifu|90\/100\n|\n|t:|1626374257\n|switch|p1a: Latios|Latios, M|100\/100|[from]move: U-turn\n|\n|-heal|p2a: Urshifu|96\/100|[from] Grassy Terrain\n|upkeep\n|turn|5\n|\n|t:|1626374263\n|move|p1a: Latios|Psyshock|p2a: Urshifu\n|-supereffective|p2a: Urshifu\n|-damage|p2a: Urshifu|0 fnt\n|faint|p2a: Urshifu\n|\n|upkeep\n|\n|t:|1626374266\n|switch|p2a: Kartana|Kartana|100\/100\n|turn|6\n|\n|t:|1626374275\n|switch|p1a: Landorus|Landorus-Therian, M|100\/100\n|-ability|p1a: Landorus|Intimidate|boost\n|-unboost|p2a: Kartana|atk|1\n|move|p2a: Kartana|Knock Off|p1a: Landorus\n|-damage|p1a: Landorus|57\/100\n|-enditem|p1a: Landorus|Leftovers|[from] move: Knock Off|[of] p2a: Kartana\n|\n|upkeep\n|turn|7\n|\n|t:|1626374281\n|move|p2a: Kartana|Knock Off|p1a: Landorus\n|-crit|p1a: Landorus\n|-damage|p1a: Landorus|0 fnt\n|faint|p1a: Landorus\n|-ability|p2a: Kartana|Beast Boost|boost\n|-boost|p2a: Kartana|atk|1\n|\n|-fieldend|move: Grassy Terrain\n|upkeep\n|c|\u2606Specs KD|bruh\n|c|\u2606LT82ZW simp|mb\n|c|\u2606Specs KD|hahaha np\n|\n|t:|1626374309\n|switch|p1a: Tapu Koko|Tapu Koko|100\/100\n|-fieldstart|move: Electric Terrain|[from] ability: Electric Surge|[of] p1a: Tapu Koko\n|turn|8\n|\n|t:|1626374318\n|switch|p2a: Landorus|Landorus-Therian, M|100\/100\n|-ability|p2a: Landorus|Intimidate|boost\n|-unboost|p1a: Tapu Koko|atk|1\n|move|p1a: Tapu Koko|Thunderbolt|p2a: Landorus\n|-immune|p2a: Landorus\n|\n|upkeep\n|turn|9\n|\n|t:|1626374323\n|move|p1a: Tapu Koko|U-turn|p2a: Landorus\n|-resisted|p2a: Landorus\n|-damage|p2a: Landorus|96\/100\n|\n|t:|1626374326\n|switch|p1a: Ferrothorn|Ferrothorn, M|100\/100|[from]move: U-turn\n|move|p2a: Landorus|U-turn|p1a: Ferrothorn\n|-crit|p1a: Ferrothorn\n|-damage|p1a: Ferrothorn|82\/100\n|-damage|p2a: Landorus|83\/100|[from] ability: Iron Barbs|[of] p1a: Ferrothorn\n|\n|t:|1626374328\n|switch|p2a: Heatran|Heatran, F|40\/100|[from]move: U-turn\n|\n|-heal|p2a: Heatran|46\/100|[from] item: Leftovers\n|-heal|p1a: Ferrothorn|88\/100|[from] item: Leftovers\n|upkeep\n|turn|10\n|\n|t:|1626374334\n|switch|p1a: Nihilego|Nihilego, shiny|100\/100\n|move|p2a: Heatran|Stealth Rock|p1a: Nihilego\n|-sidestart|p1: Specs KD|move: Stealth Rock\n|\n|-heal|p2a: Heatran|52\/100|[from] item: Leftovers\n|upkeep\n|turn|11\n|\n|t:|1626374337\n|move|p1a: Nihilego|Meteor Beam||[still]\n|-prepare|p1a: Nihilego|Meteor Beam\n|-boost|p1a: Nihilego|spa|1\n|-enditem|p1a: Nihilego|Power Herb\n|-anim|p1a: Nihilego|Meteor Beam|p2a: Heatran\n|-damage|p2a: Heatran|0 fnt\n|faint|p2a: Heatran\n|-ability|p1a: Nihilego|Beast Boost|boost\n|-boost|p1a: Nihilego|spe|1\n|\n|upkeep\n|\n|t:|1626374343\n|switch|p2a: Rillaboom|Rillaboom, F|100\/100\n|-fieldstart|move: Grassy Terrain|[from] ability: Grassy Surge|[of] p2a: Rillaboom\n|turn|12\n|\n|t:|1626374353\n|switch|p1a: Ferrothorn|Ferrothorn, M|88\/100\n|-damage|p1a: Ferrothorn|82\/100|[from] Stealth Rock\n|move|p2a: Rillaboom|Grassy Glide|p1a: Ferrothorn\n|-resisted|p1a: Ferrothorn\n|-damage|p1a: Ferrothorn|73\/100\n|-damage|p2a: Rillaboom|88\/100|[from] ability: Iron Barbs|[of] p1a: Ferrothorn\n|-damage|p2a: Rillaboom|78\/100|[from] item: Life Orb\n|\n|-heal|p2a: Rillaboom|84\/100|[from] Grassy Terrain\n|-heal|p1a: Ferrothorn|79\/100|[from] Grassy Terrain\n|-heal|p1a: Ferrothorn|85\/100|[from] item: Leftovers\n|upkeep\n|turn|13\n|\n|t:|1626374357\n|move|p2a: Rillaboom|Swords Dance|p2a: Rillaboom\n|-boost|p2a: Rillaboom|atk|2\n|move|p1a: Ferrothorn|Knock Off|p2a: Rillaboom\n|-damage|p2a: Rillaboom|60\/100\n|-enditem|p2a: Rillaboom|Life Orb|[from] move: Knock Off|[of] p1a: Ferrothorn\n|\n|-heal|p2a: Rillaboom|66\/100|[from] Grassy Terrain\n|-heal|p1a: Ferrothorn|91\/100|[from] Grassy Terrain\n|-heal|p1a: Ferrothorn|97\/100|[from] item: Leftovers\n|upkeep\n|turn|14\n|\n|t:|1626374363\n|move|p2a: Rillaboom|Superpower|p1a: Ferrothorn\n|-supereffective|p1a: Ferrothorn\n|-damage|p1a: Ferrothorn|0 fnt\n|-unboost|p2a: Rillaboom|atk|1\n|-unboost|p2a: Rillaboom|def|1\n|-damage|p2a: Rillaboom|54\/100|[from] ability: Iron Barbs|[of] p1a: Ferrothorn\n|faint|p1a: Ferrothorn\n|\n|-heal|p2a: Rillaboom|60\/100|[from] Grassy Terrain\n|upkeep\n|\n|t:|1626374369\n|switch|p1a: Tapu Koko|Tapu Koko|100\/100\n|-fieldstart|move: Electric Terrain|[from] ability: Electric Surge|[of] p1a: Tapu Koko\n|turn|15\n|\n|t:|1626374373\n|switch|p2a: Landorus|Landorus-Therian, M|83\/100\n|-ability|p2a: Landorus|Intimidate|boost\n|-unboost|p1a: Tapu Koko|atk|1\n|move|p1a: Tapu Koko|U-turn|p2a: Landorus\n|-resisted|p2a: Landorus\n|-damage|p2a: Landorus|79\/100\n|\n|t:|1626374382\n|switch|p1a: Latios|Latios, M|100\/100|[from]move: U-turn\n|-damage|p1a: Latios|88\/100|[from] Stealth Rock\n|\n|-heal|p2a: Landorus|85\/100|[from] item: Leftovers\n|upkeep\n|turn|16\n|\n|t:|1626374386\n|move|p1a: Latios|Surf|p2a: Landorus\n|-supereffective|p2a: Landorus\n|-damage|p2a: Landorus|4\/100\n|move|p2a: Landorus|U-turn|p1a: Latios\n|-supereffective|p1a: Latios\n|-damage|p1a: Latios|27\/100\n|c|\u2606Specs KD|damn he ate that up\n|c|\u2606LT82ZW simp|for real\n|\n|t:|1626374407\n|switch|p2a: Rillaboom|Rillaboom, F|60\/100|[from]move: U-turn\n|-fieldstart|move: Grassy Terrain|[from] ability: Grassy Surge|[of] p2a: Rillaboom\n|\n|-heal|p2a: Rillaboom|66\/100|[from] Grassy Terrain\n|upkeep\n|turn|17\n|\n|t:|1626374414\n|switch|p1a: Melmetal|Melmetal|100\/100\n|-damage|p1a: Melmetal|94\/100|[from] Stealth Rock\n|move|p2a: Rillaboom|Wood Hammer|p1a: Melmetal\n|-resisted|p1a: Melmetal\n|-damage|p1a: Melmetal|72\/100\n|-damage|p2a: Rillaboom|57\/100|[from] Recoil\n|\n|-heal|p2a: Rillaboom|63\/100|[from] Grassy Terrain\n|-heal|p1a: Melmetal|78\/100|[from] Grassy Terrain\n|upkeep\n|turn|18\n|\n|t:|1626374418\n|move|p2a: Rillaboom|Superpower|p1a: Melmetal\n|-supereffective|p1a: Melmetal\n|-damage|p1a: Melmetal|32\/100\n|-unboost|p2a: Rillaboom|atk|1\n|-unboost|p2a: Rillaboom|def|1\n|move|p1a: Melmetal|Ice Punch|p2a: Rillaboom\n|-supereffective|p2a: Rillaboom\n|-damage|p2a: Rillaboom|0 fnt\n|faint|p2a: Rillaboom\n|\n|-heal|p1a: Melmetal|38\/100|[from] Grassy Terrain\n|upkeep\n|\n|t:|1626374424\n|switch|p2a: Kartana|Kartana|100\/100\n|turn|19\n|\n|t:|1626374430\n|switch|p1a: Tapu Koko|Tapu Koko|100\/100\n|-fieldstart|move: Electric Terrain|[from] ability: Electric Surge|[of] p1a: Tapu Koko\n|move|p2a: Kartana|Knock Off|p1a: Tapu Koko\n|-resisted|p1a: Tapu Koko\n|-damage|p1a: Tapu Koko|53\/100\n|-enditem|p1a: Tapu Koko|Heavy-Duty Boots|[from] move: Knock Off|[of] p2a: Kartana\n|\n|upkeep\n|turn|20\n|\n|t:|1626374435\n|switch|p2a: Landorus|Landorus-Therian, M|4\/100\n|-ability|p2a: Landorus|Intimidate|boost\n|-unboost|p1a: Tapu Koko|atk|1\n|move|p1a: Tapu Koko|U-turn|p2a: Landorus\n|-resisted|p2a: Landorus\n|-damage|p2a: Landorus|0 fnt\n|faint|p2a: Landorus\n|\n|t:|1626374446\n|switch|p1a: Melmetal|Melmetal|38\/100|[from]move: U-turn\n|-damage|p1a: Melmetal|32\/100|[from] Stealth Rock\n|\n|upkeep\n|\n|t:|1626374448\n|switch|p2a: Kartana|Kartana|100\/100\n|turn|21\n|\n|t:|1626374458\n|move|p2a: Kartana|Knock Off|p1a: Melmetal\n|-damage|p1a: Melmetal|0 fnt\n|-enditem|p1a: Melmetal|Assault Vest|[from] move: Knock Off|[of] p2a: Kartana\n|faint|p1a: Melmetal\n|-ability|p2a: Kartana|Beast Boost|boost\n|-boost|p2a: Kartana|atk|1\n|\n|upkeep\n|\n|t:|1626374466\n|switch|p1a: Latios|Latios, M|27\/100\n|-damage|p1a: Latios|15\/100|[from] Stealth Rock\n|turn|22\n|\n|t:|1626374473\n|move|p1a: Latios|Mystical Fire|p2a: Kartana\n|-supereffective|p2a: Kartana\n|-damage|p2a: Kartana|0 fnt\n|faint|p2a: Kartana\n|\n|upkeep\n|\n|t:|1626374475\n|switch|p2a: Tapu Lele|Tapu Lele|100\/100\n|-fieldstart|move: Psychic Terrain|[from] ability: Psychic Surge|[of] p2a: Tapu Lele\n|turn|23\n|\n|t:|1626374480\n|move|p2a: Tapu Lele|Psyshock|p1a: Latios\n|-resisted|p1a: Latios\n|-damage|p1a: Latios|0 fnt\n|faint|p1a: Latios\n|\n|upkeep\n|\n|t:|1626374484\n|switch|p1a: Tapu Koko|Tapu Koko|53\/100\n|-damage|p1a: Tapu Koko|41\/100|[from] Stealth Rock\n|-fieldstart|move: Electric Terrain|[from] ability: Electric Surge|[of] p1a: Tapu Koko\n|turn|24\n|\n|t:|1626374491\n|move|p2a: Tapu Lele|Psyshock|p1a: Tapu Koko\n|-damage|p1a: Tapu Koko|0 fnt\n|faint|p1a: Tapu Koko\n|\n|upkeep\n|\n|t:|1626374494\n|switch|p1a: Nihilego|Nihilego, shiny|100\/100\n|-damage|p1a: Nihilego|88\/100|[from] Stealth Rock\n|turn|25\n|c|\u2606LT82ZW simp|does it eat then\n|\n|t:|1626374505\n|move|p2a: Tapu Lele|Psyshock|p1a: Nihilego\n|-supereffective|p1a: Nihilego\n|-damage|p1a: Nihilego|0 fnt\n|faint|p1a: Nihilego\n|\n|win|LT82ZW simp\n|c|\u2606Specs KD|nah\n|raw|Specs KD's rating: 1646 &rarr; <strong>1628<\/strong><br \/>(-18 for losing)\n|raw|LT82ZW simp's rating: 1684 &rarr; <strong>1702<\/strong><br \/>(+18 for winning)\n|c|\u2606Specs KD|not psyshock\n|c|\u2606LT82ZW simp|gg bro\n|c|\u2606LT82ZW simp|wp\n|c|\u2606Specs KD|eats mad spdef hits\n|c|\u2606LT82ZW simp|kek yea\n|c|\u2606LT82ZW simp|its fat\n|c|\u2606LT82ZW simp|!dt nihilego\n|raw|<div class=\"message\"><ul class=\"utilichart\"><li class=\"result\"><span class=\"col numcol\">UU<\/span> <span class=\"col iconcol\"><psicon pokemon=\"nihilego\"\/><\/span> <span class=\"col pokemonnamecol\" style=\"white-space:nowrap\"><a href=\"https:\/\/dex.pokemonshowdown.com\/pokemon\/nihilego\" target=\"_blank\">Nihilego<\/a><\/span> <span class=\"col typecol\"><img src=\"https:\/\/play.pokemonshowdown.com\/sprites\/types\/Rock.png\" alt=\"Rock\" height=\"14\" width=\"32\"><img src=\"https:\/\/play.pokemonshowdown.com\/sprites\/types\/Poison.png\" alt=\"Poison\" height=\"14\" width=\"32\"><\/span> <span style=\"float:left;min-height:26px\"><span class=\"col abilitycol\">Beast Boost<\/span><span class=\"col abilitycol\"><\/span><\/span><span style=\"float:left;min-height:26px\"><span class=\"col statcol\"><em>HP<\/em><br \/>109<\/span> <span class=\"col statcol\"><em>Atk<\/em><br \/>53<\/span> <span class=\"col statcol\"><em>Def<\/em><br \/>47<\/span> <span class=\"col statcol\"><em>SpA<\/em><br \/>127<\/span> <span class=\"col statcol\"><em>SpD<\/em><br \/>131<\/span> <span class=\"col statcol\"><em>Spe<\/em><br \/>103<\/span> <span class=\"col bstcol\"><em>BST<br \/>570<\/em><\/span> <\/span><\/li><li style=\"clear:both\"><\/li><\/ul><\/div>\n|raw|<font size=\"1\"><font color=\"#686868\">Dex#:<\/font> 793&nbsp;|&ThickSpace;<font color=\"#686868\">Gen:<\/font> 7&nbsp;|&ThickSpace;<font color=\"#686868\">Height:<\/font> 1.2 m&nbsp;|&ThickSpace;<font color=\"#686868\">Weight:<\/font> 55.5 kg <em>(80 BP)<\/em>&nbsp;|&ThickSpace;<font color=\"#686868\">Dex Colour:<\/font> White&nbsp;|&ThickSpace;<font color=\"#686868\">Egg Group(s):<\/font> Undiscovered&nbsp;|&ThickSpace;<font color=\"#686868\">Does Not Evolve<\/font><\/font>\n\n|c|\u2606LT82ZW simp|respect for using that\n|c|\u2606Specs KD|anti-kartana\n|c|\u2606Specs KD|it got me to 1722\n|c|\u2606LT82ZW simp|sick man\n|c|\u2606Specs KD|pain split too to beat blissey\n|c|\u2606Specs KD|gg\n|c|\u2606LT82ZW simp|ohh nice nice\n||Ladder isn't responding, score probably updated but might not have (Request timeout).\n|c|\u2606LT82ZW simp|cya around\n","uploadtime":1626374570,"views":15,"p1id":"specskd","p2id":"lt82zwsimp","formatid":"gen8ou","rating":1628,"private":0,"password":null}