{"id":"gen8nationaldex-1680482144","p1":"flamer4341","p2":"brettfavreinnocent","format":"gen8nationaldex","log":"|j|\u2606flamer4341\n|j|\u2606brettfavreinnocent\n|t:|1665196081\n|gametype|singles\n|player|p1|flamer4341|riley|1210\n|player|p2|brettfavreinnocent|aromalady|1250\n|teamsize|p1|6\n|teamsize|p2|6\n|gen|8\n|tier|[Gen 8] National Dex\n|rated|\n|rule|HP Percentage Mod: HP is shown in percentages\n|rule|Endless Battle Clause: Forcing endless battles is banned\n|rule|OHKO Clause: OHKO moves are banned\n|rule|Evasion Moves Clause: Evasion moves are banned\n|rule|Species Clause: Limit one of each Pok\u00e9mon\n|rule|Dynamax Clause: You cannot dynamax\n|rule|Sleep Clause Mod: Limit one foe put to sleep\n|clearpoke\n|poke|p1|Decidueye, M|\n|poke|p1|Toxapex, M|\n|poke|p1|Heatran, F|\n|poke|p1|Hydreigon, F|\n|poke|p1|Beedrill, M|\n|poke|p1|Aegislash, M|\n|poke|p2|Moltres-Galar|\n|poke|p2|Gallade, M|\n|poke|p2|Aegislash, F|\n|poke|p2|Mew|\n|poke|p2|Seismitoad, F|\n|poke|p2|Darmanitan, M|\n|teampreview\n|\n|t:|1665196099\n|start\n|switch|p1a: Heatran|Heatran, F|100\/100\n|switch|p2a: Darmanitan|Darmanitan, M|100\/100\n|-item|p1a: Heatran|Air Balloon\n|turn|1\n|\n|t:|1665196121\n|move|p2a: Darmanitan|U-turn|p1a: Heatran\n|-resisted|p1a: Heatran\n|-damage|p1a: Heatran|95\/100\n|-enditem|p1a: Heatran|Air Balloon\n|inactive|Battle timer is ON: inactive players will automatically lose when time's up. (requested by flamer4341)\n|\n|t:|1665196137\n|switch|p2a: Seismitoad|Seismitoad, F|100\/100|[from]move: U-turn\n|move|p1a: Heatran|Earth Power|p2a: Seismitoad\n|-damage|p2a: Seismitoad|73\/100\n|\n|-heal|p2a: Seismitoad|79\/100|[from] item: Leftovers\n|upkeep\n|turn|2\n|\n|t:|1665196146\n|switch|p1a: Hydreigon|Hydreigon, F|100\/100\n|move|p2a: Seismitoad|Stealth Rock|p1a: Hydreigon\n|-sidestart|p1: flamer4341|move: Stealth Rock\n|\n|-heal|p2a: Seismitoad|85\/100|[from] item: Leftovers\n|upkeep\n|turn|3\n|\n|t:|1665196154\n|move|p1a: Hydreigon|Draco Meteor|p2a: Seismitoad\n|-damage|p2a: Seismitoad|21\/100\n|-unboost|p1a: Hydreigon|spa|2\n|move|p2a: Seismitoad|Toxic|p1a: Hydreigon\n|-status|p1a: Hydreigon|tox\n|\n|-heal|p2a: Seismitoad|27\/100|[from] item: Leftovers\n|-damage|p1a: Hydreigon|94\/100 tox|[from] psn\n|upkeep\n|turn|4\n|\n|t:|1665196163\n|switch|p2a: Mew|Mew|100\/100\n|move|p1a: Hydreigon|Draco Meteor|p2a: Mew\n|-damage|p2a: Mew|75\/100\n|-unboost|p1a: Hydreigon|spa|2\n|\n|-damage|p1a: Hydreigon|82\/100 tox|[from] psn\n|upkeep\n|turn|5\n|\n|t:|1665196172\n|switch|p1a: Decidueye|Decidueye, M, shiny|100\/100\n|-damage|p1a: Decidueye|88\/100|[from] Stealth Rock\n|move|p2a: Mew|Cosmic Power|p2a: Mew\n|-boost|p2a: Mew|def|1\n|-boost|p2a: Mew|spd|1\n|\n|upkeep\n|turn|6\n|\n|t:|1665196183\n|move|p2a: Mew|Cosmic Power|p2a: Mew\n|-boost|p2a: Mew|def|1\n|-boost|p2a: Mew|spd|1\n|move|p1a: Decidueye|Swords Dance|p1a: Decidueye\n|-boost|p1a: Decidueye|atk|2\n|\n|upkeep\n|turn|7\n|\n|t:|1665196189\n|move|p2a: Mew|Cosmic Power|p2a: Mew\n|-boost|p2a: Mew|def|1\n|-boost|p2a: Mew|spd|1\n|move|p1a: Decidueye|Swords Dance|p1a: Decidueye\n|-boost|p1a: Decidueye|atk|2\n|\n|upkeep\n|turn|8\n|\n|t:|1665196196\n|move|p2a: Mew|Cosmic Power|p2a: Mew\n|-boost|p2a: Mew|def|1\n|-boost|p2a: Mew|spd|1\n|-zpower|p1a: Decidueye\n|move|p1a: Decidueye|Sinister Arrow Raid|p2a: Mew|[zeffect]\n|-supereffective|p2a: Mew\n|-damage|p2a: Mew|0 fnt\n|faint|p2a: Mew\n|\n|upkeep\n|\n|t:|1665196206\n|switch|p2a: Darmanitan|Darmanitan, M|100\/100\n|turn|9\n|\n|t:|1665196209\n|move|p1a: Decidueye|Sucker Punch|p2a: Darmanitan\n|-damage|p2a: Darmanitan|0 fnt\n|faint|p2a: Darmanitan\n|\n|upkeep\n|\n|t:|1665196223\n|switch|p2a: Aegislash|Aegislash, F|100\/100\n|turn|10\n|\n|t:|1665196226\n|move|p1a: Decidueye|Spirit Shackle|p2a: Aegislash\n|-supereffective|p2a: Aegislash\n|-damage|p2a: Aegislash|0 fnt\n|faint|p2a: Aegislash\n|\n|upkeep\n|\n|t:|1665196240\n|switch|p2a: Moltres|Moltres-Galar|100\/100\n|turn|11\n|\n|t:|1665196246\n|move|p2a: Moltres|Fiery Wrath|p1a: Decidueye\n|-supereffective|p1a: Decidueye\n|-damage|p1a: Decidueye|1\/100\n|cant|p1a: Decidueye|flinch\n|\n|upkeep\n|turn|12\n|\n|t:|1665196259\n|switch|p2a: Seismitoad|Seismitoad, F|27\/100\n|move|p1a: Decidueye|Sucker Punch||[still]\n|-fail|p1a: Decidueye\n|\n|-heal|p2a: Seismitoad|33\/100|[from] item: Leftovers\n|upkeep\n|turn|13\n|\n|t:|1665196265\n|move|p1a: Decidueye|Spirit Shackle|p2a: Seismitoad\n|-damage|p2a: Seismitoad|0 fnt\n|faint|p2a: Seismitoad\n|\n|upkeep\n|\n|t:|1665196267\n|switch|p2a: Gallade|Gallade, M|100\/100\n|turn|14\n|\n|t:|1665196271\n|detailschange|p2a: Gallade|Gallade-Mega, M\n|-mega|p2a: Gallade|Gallade|Galladite\n|move|p2a: Gallade|Shadow Sneak|p1a: Decidueye\n|-supereffective|p1a: Decidueye\n|-damage|p1a: Decidueye|0 fnt\n|faint|p1a: Decidueye\n|\n|upkeep\n|\n|t:|1665196279\n|switch|p1a: Heatran|Heatran, F|95\/100\n|-damage|p1a: Heatran|82\/100|[from] Stealth Rock\n|turn|15\n|\n|t:|1665196283\n|move|p2a: Gallade|Close Combat|p1a: Heatran\n|-supereffective|p1a: Heatran\n|-damage|p1a: Heatran|0 fnt\n|-unboost|p2a: Gallade|def|1\n|-unboost|p2a: Gallade|spd|1\n|faint|p1a: Heatran\n|\n|upkeep\n|\n|t:|1665196289\n|switch|p1a: Aegislash|Aegislash, M|100\/100\n|-damage|p1a: Aegislash|94\/100|[from] Stealth Rock\n|turn|16\n|\n|t:|1665196308\n|move|p2a: Gallade|Shadow Sneak|p1a: Aegislash\n|-supereffective|p1a: Aegislash\n|-damage|p1a: Aegislash|67\/100\n|-enditem|p1a: Aegislash|Weakness Policy\n|-boost|p1a: Aegislash|atk|2|[from] item: Weakness Policy\n|-boost|p1a: Aegislash|spa|2|[from] item: Weakness Policy\n|-formechange|p1a: Aegislash|Aegislash-Blade||[from] ability: Stance Change\n|move|p1a: Aegislash|Shadow Sneak|p2a: Gallade\n|-supereffective|p2a: Gallade\n|-damage|p2a: Gallade|0 fnt\n|faint|p2a: Gallade\n|\n|upkeep\n|\n|t:|1665196315\n|switch|p2a: Moltres|Moltres-Galar|100\/100\n|turn|17\n|\n|t:|1665196319\n|-formechange|p1a: Aegislash|Aegislash||[from] ability: Stance Change\n|move|p1a: Aegislash|King's Shield|p1a: Aegislash\n|-singleturn|p1a: Aegislash|Protect\n|move|p2a: Moltres|Nasty Plot|p2a: Moltres\n|-boost|p2a: Moltres|spa|2\n|\n|upkeep\n|turn|18\n|\n|t:|1665196330\n|move|p2a: Moltres|Agility|p2a: Moltres\n|-boost|p2a: Moltres|spe|2\n|-formechange|p1a: Aegislash|Aegislash-Blade||[from] ability: Stance Change\n|move|p1a: Aegislash|Sacred Sword|p2a: Moltres\n|-damage|p2a: Moltres|17\/100\n|-ability|p2a: Moltres|Berserk|boost\n|-boost|p2a: Moltres|spa|1\n|\n|upkeep\n|turn|19\n|\n|t:|1665196344\n|move|p1a: Aegislash|Shadow Sneak|p2a: Moltres\n|-resisted|p2a: Moltres\n|-damage|p2a: Moltres|0 fnt\n|faint|p2a: Moltres\n|\n|win|flamer4341\n|raw|flamer4341's rating: 1210 &rarr; <strong>1238<\/strong><br \/>(+28 for winning)\n|raw|brettfavreinnocent's rating: 1250 &rarr; <strong>1222<\/strong><br \/>(-28 for losing)\n|c|\u2606flamer4341|gg\n","uploadtime":1665196358,"views":4,"p1id":"flamer4341","p2id":"brettfavreinnocent","formatid":"gen8nationaldex","rating":1222,"private":0,"password":null}