{"id":"gen8ou-1422804553","p1":"Sadriver","p2":"Vodyne","format":"gen8ou","log":"|j|\u2606Sadriver\n|j|\u203dVodyne\n|t:|1632449150\n|gametype|singles\n|player|p1|Sadriver|ghetsis|1637\n|player|p2|Vodyne|101|1687\n|teamsize|p1|6\n|teamsize|p2|6\n|gen|8\n|tier|[Gen 8] OU\n|rated|\n|rule|Sleep Clause Mod: Limit one foe put to sleep\n|rule|Species Clause: Limit one of each Pok\u00e9mon\n|rule|OHKO Clause: OHKO moves are banned\n|rule|Evasion Moves Clause: Evasion moves are banned\n|rule|Endless Battle Clause: Forcing endless battles is banned\n|rule|HP Percentage Mod: HP is shown in percentages\n|rule|Dynamax Clause: You cannot dynamax\n|clearpoke\n|poke|p1|Clefable, F|\n|poke|p1|Tyranitar, M|\n|poke|p1|Blaziken, M|\n|poke|p1|Rotom-Wash|\n|poke|p1|Corviknight, M|\n|poke|p1|Torkoal, M|\n|poke|p2|Snorlax, M|\n|poke|p2|Suicune|\n|poke|p2|Melmetal|\n|poke|p2|Victini|\n|poke|p2|Landorus-Therian, M|\n|poke|p2|Zapdos|\n|teampreview\n|j| RealThighsRealize\n|\n|t:|1632449158\n|start\n|switch|p1a: Magician|Rotom-Wash, shiny|100\/100\n|switch|p2a: Landorus|Landorus-Therian, M|100\/100\n|-ability|p2a: Landorus|Intimidate|boost\n|-unboost|p1a: Magician|atk|1\n|turn|1\n|inactive|Battle timer is ON: inactive players will automatically lose when time's up. (requested by Sadriver)\n|\n|t:|1632449166\n|move|p2a: Landorus|U-turn|p1a: Magician\n|-damage|p1a: Magician|63\/100\n|\n|t:|1632449169\n|switch|p2a: Snorlax|Snorlax, M|100\/100|[from]move: U-turn\n|move|p1a: Magician|Trick|p2a: Snorlax\n|-activate|p1a: Magician|move: Trick|[of] p2a: Snorlax\n|-item|p2a: Snorlax|Choice Scarf|[from] move: Trick\n|-item|p1a: Magician|Leftovers|[from] move: Trick\n|\n|-heal|p1a: Magician|69\/100|[from] item: Leftovers\n|upkeep\n|turn|2\n|\n|t:|1632449186\n|move|p1a: Magician|Discharge|p2a: Snorlax\n|-damage|p2a: Snorlax|82\/100\n|move|p2a: Snorlax|Body Slam|p1a: Magician\n|-damage|p1a: Magician|24\/100\n|\n|-heal|p1a: Magician|30\/100|[from] item: Leftovers\n|upkeep\n|turn|3\n|\n|t:|1632449193\n|move|p1a: Magician|Pain Split|p2a: Snorlax\n|-sethp|p2a: Snorlax|48\/100|[from] move: Pain Split|[silent]\n|-sethp|p1a: Magician|100\/100|[from] move: Pain Split\n|move|p2a: Snorlax|Body Slam|p1a: Magician\n|-damage|p1a: Magician|58\/100\n|\n|-heal|p1a: Magician|64\/100|[from] item: Leftovers\n|upkeep\n|turn|4\n|\n|t:|1632449198\n|move|p1a: Magician|Discharge|p2a: Snorlax\n|-damage|p2a: Snorlax|32\/100\n|-status|p2a: Snorlax|par\n|move|p2a: Snorlax|Body Slam|p1a: Magician\n|-damage|p1a: Magician|24\/100\n|\n|-heal|p1a: Magician|30\/100|[from] item: Leftovers\n|upkeep\n|turn|5\n|\n|t:|1632449208\n|move|p1a: Magician|Pain Split|p2a: Snorlax\n|-sethp|p2a: Snorlax|23\/100 par|[from] move: Pain Split|[silent]\n|-sethp|p1a: Magician|49\/100|[from] move: Pain Split\n|move|p2a: Snorlax|Body Slam|p1a: Magician\n|-damage|p1a: Magician|7\/100\n|\n|-heal|p1a: Magician|13\/100|[from] item: Leftovers\n|upkeep\n|turn|6\n|\n|t:|1632449216\n|move|p1a: Magician|Hydro Pump|p2a: Snorlax\n|-damage|p2a: Snorlax|0 fnt\n|faint|p2a: Snorlax\n|\n|-heal|p1a: Magician|19\/100|[from] item: Leftovers\n|upkeep\n|\n|t:|1632449223\n|switch|p2a: Landorus|Landorus-Therian, M|100\/100\n|-ability|p2a: Landorus|Intimidate|boost\n|-unboost|p1a: Magician|atk|1\n|turn|7\n|\n|t:|1632449228\n|switch|p1a: Raven|Corviknight, M, shiny|100\/100\n|-ability|p1a: Raven|Pressure\n|move|p2a: Landorus|U-turn|p1a: Raven\n|-resisted|p1a: Raven\n|-damage|p1a: Raven|95\/100\n|-damage|p2a: Landorus|84\/100|[from] item: Rocky Helmet|[of] p1a: Raven\n|\n|t:|1632449232\n|switch|p2a: Victini|Victini|100\/100|[from]move: U-turn\n|\n|upkeep\n|turn|8\n|\n|t:|1632449240\n|move|p2a: Victini|V-create|p1a: Raven\n|-supereffective|p1a: Raven\n|-damage|p1a: Raven|0 fnt\n|-unboost|p2a: Victini|spe|1\n|-unboost|p2a: Victini|def|1\n|-unboost|p2a: Victini|spd|1\n|-damage|p2a: Victini|84\/100|[from] item: Rocky Helmet|[of] p1a: Raven\n|faint|p1a: Raven\n|\n|upkeep\n|j| haynesjo\n|l| haynesjo\n|inactive|Sadriver has 120 seconds left.\n|\n|t:|1632449271\n|switch|p1a: Magician|Rotom-Wash, shiny|19\/100\n|turn|9\n|\n|t:|1632449287\n|switch|p2a: Landorus|Landorus-Therian, M|84\/100\n|-ability|p2a: Landorus|Intimidate|boost\n|-unboost|p1a: Magician|atk|1\n|move|p1a: Magician|Pain Split|p2a: Landorus\n|-sethp|p2a: Landorus|49\/100|[from] move: Pain Split|[silent]\n|-sethp|p1a: Magician|65\/100|[from] move: Pain Split\n|\n|-heal|p1a: Magician|71\/100|[from] item: Leftovers\n|upkeep\n|turn|10\n|\n|t:|1632449298\n|switch|p1a: Boo|Clefable, F, shiny|100\/100\n|move|p2a: Landorus|U-turn|p1a: Boo\n|-resisted|p1a: Boo\n|-damage|p1a: Boo|90\/100\n|\n|t:|1632449300\n|switch|p2a: Melmetal|Melmetal|100\/100|[from]move: U-turn\n|\n|-heal|p1a: Boo|96\/100|[from] item: Leftovers\n|upkeep\n|turn|11\n|\n|t:|1632449305\n|move|p1a: Boo|Protect|p1a: Boo\n|-singleturn|p1a: Boo|Protect\n|move|p2a: Melmetal|Double Iron Bash|p1a: Boo\n|-activate|p1a: Boo|move: Protect\n|\n|-heal|p1a: Boo|100\/100|[from] item: Leftovers\n|upkeep\n|turn|12\n|\n|t:|1632449311\n|switch|p1a: Franklin|Torkoal, M, shiny|100\/100\n|-weather|SunnyDay|[from] ability: Drought|[of] p1a: Franklin\n|move|p2a: Melmetal|Double Iron Bash|p1a: Franklin\n|-resisted|p1a: Franklin\n|-damage|p1a: Franklin|88\/100\n|-resisted|p1a: Franklin\n|-damage|p1a: Franklin|77\/100\n|-hitcount|p1a: Franklin|2\n|\n|-weather|SunnyDay|[upkeep]\n|upkeep\n|turn|13\n|\n|t:|1632449322\n|switch|p2a: Victini|Victini|84\/100\n|move|p1a: Franklin|Stealth Rock|p2a: Victini\n|-sidestart|p2: Vodyne|move: Stealth Rock\n|\n|-weather|SunnyDay|[upkeep]\n|upkeep\n|turn|14\n|\n|t:|1632449328\n|move|p2a: Victini|V-create|p1a: Franklin\n|-resisted|p1a: Franklin\n|-damage|p1a: Franklin|23\/100\n|-unboost|p2a: Victini|spe|1\n|-unboost|p2a: Victini|def|1\n|-unboost|p2a: Victini|spd|1\n|move|p1a: Franklin|Body Press|p2a: Victini\n|-resisted|p2a: Victini\n|-damage|p2a: Victini|58\/100\n|\n|-weather|SunnyDay|[upkeep]\n|upkeep\n|turn|15\n|\n|t:|1632449340\n|switch|p1a: Godzilla|Tyranitar, M, shiny|100\/100\n|-weather|Sandstorm|[from] ability: Sand Stream|[of] p1a: Godzilla\n|move|p2a: Victini|V-create|p1a: Godzilla\n|-resisted|p1a: Godzilla\n|-damage|p1a: Godzilla|52\/100\n|-unboost|p2a: Victini|spe|1\n|-unboost|p2a: Victini|def|1\n|-unboost|p2a: Victini|spd|1\n|\n|-weather|Sandstorm|[upkeep]\n|-damage|p2a: Victini|52\/100|[from] Sandstorm\n|upkeep\n|turn|16\n|\n|t:|1632449347\n|switch|p2a: Landorus|Landorus-Therian, M|49\/100\n|-damage|p2a: Landorus|37\/100|[from] Stealth Rock\n|-ability|p2a: Landorus|Intimidate|boost\n|-unboost|p1a: Godzilla|atk|1\n|move|p1a: Godzilla|Ice Punch|p2a: Landorus\n|-supereffective|p2a: Landorus\n|-damage|p2a: Landorus|0 fnt\n|faint|p2a: Landorus\n|\n|-weather|Sandstorm|[upkeep]\n|upkeep\n|l| RealThighsRealize\n|\n|t:|1632449359\n|switch|p2a: Melmetal|Melmetal|100\/100\n|-damage|p2a: Melmetal|94\/100|[from] Stealth Rock\n|turn|17\n|\n|t:|1632449369\n|move|p1a: Godzilla|Earthquake|p2a: Melmetal\n|-supereffective|p2a: Melmetal\n|-damage|p2a: Melmetal|65\/100\n|move|p2a: Melmetal|Earthquake|p1a: Godzilla\n|-supereffective|p1a: Godzilla\n|-damage|p1a: Godzilla|0 fnt\n|faint|p1a: Godzilla\n|\n|-weather|Sandstorm|[upkeep]\n|upkeep\n|\n|t:|1632449390\n|switch|p1a: Magician|Rotom-Wash, shiny|71\/100\n|turn|18\n|\n|t:|1632449403\n|move|p1a: Magician|Discharge|p2a: Melmetal\n|-damage|p2a: Melmetal|41\/100\n|-status|p2a: Melmetal|par\n|move|p2a: Melmetal|Thunder Punch|p1a: Magician\n|-damage|p1a: Magician|20\/100\n|\n|-weather|Sandstorm|[upkeep]\n|-damage|p1a: Magician|14\/100|[from] Sandstorm\n|-heal|p1a: Magician|20\/100|[from] item: Leftovers\n|upkeep\n|turn|19\n|\n|t:|1632449413\n|move|p1a: Magician|Hydro Pump|p2a: Melmetal\n|-damage|p2a: Melmetal|5\/100 par\n|move|p2a: Melmetal|Thunder Punch|p1a: Magician\n|-damage|p1a: Magician|0 fnt\n|faint|p1a: Magician\n|\n|-weather|none\n|upkeep\n|\n|t:|1632449421\n|switch|p1a: Master Ken|Blaziken, M, shiny|100\/100\n|turn|20\n|inactive|Vodyne has 120 seconds left.\n|\n|t:|1632449452\n|move|p1a: Master Ken|Thunder Punch|p2a: Melmetal\n|-damage|p2a: Melmetal|0 fnt\n|faint|p2a: Melmetal\n|-damage|p1a: Master Ken|91\/100|[from] item: Life Orb\n|\n|-ability|p1a: Master Ken|Speed Boost|boost\n|-boost|p1a: Master Ken|spe|1\n|upkeep\n|inactive|Vodyne has 120 seconds left.\n|\n|t:|1632449457\n|switch|p2a: Zapdos|Zapdos|100\/100\n|turn|21\n|\n|t:|1632449463\n|switch|p1a: Boo|Clefable, F, shiny|100\/100\n|move|p2a: Zapdos|Hurricane|p1a: Boo\n|-damage|p1a: Boo|45\/100\n|-start|p1a: Boo|confusion\n|\n|-heal|p1a: Boo|51\/100|[from] item: Leftovers\n|upkeep\n|turn|22\n|\n|t:|1632449471\n|switch|p1a: Franklin|Torkoal, M, shiny|23\/100\n|-weather|SunnyDay|[from] ability: Drought|[of] p1a: Franklin\n|move|p2a: Zapdos|Discharge|p1a: Franklin\n|-damage|p1a: Franklin|0 fnt\n|faint|p1a: Franklin\n|\n|-weather|SunnyDay|[upkeep]\n|upkeep\n|\n|t:|1632449474\n|switch|p1a: Master Ken|Blaziken, M, shiny|91\/100\n|turn|23\n|\n|t:|1632449479\n|move|p1a: Master Ken|Protect|p1a: Master Ken\n|-singleturn|p1a: Master Ken|Protect\n|move|p2a: Zapdos|Hurricane|p1a: Master Ken\n|-activate|p1a: Master Ken|move: Protect\n|\n|-weather|SunnyDay|[upkeep]\n|-ability|p1a: Master Ken|Speed Boost|boost\n|-boost|p1a: Master Ken|spe|1\n|upkeep\n|turn|24\n|\n|t:|1632449484\n|move|p1a: Master Ken|Flare Blitz|p2a: Zapdos\n|-damage|p2a: Zapdos|0 fnt\n|faint|p2a: Zapdos\n|-damage|p1a: Master Ken|52\/100|[from] Recoil\n|-damage|p1a: Master Ken|42\/100|[from] item: Life Orb\n|\n|-weather|SunnyDay|[upkeep]\n|-ability|p1a: Master Ken|Speed Boost|boost\n|-boost|p1a: Master Ken|spe|1\n|upkeep\n|\n|t:|1632449496\n|switch|p2a: Suicune|Suicune|100\/100\n|-damage|p2a: Suicune|88\/100|[from] Stealth Rock\n|-ability|p2a: Suicune|Pressure\n|turn|25\n|\n|t:|1632449501\n|move|p1a: Master Ken|High Jump Kick|p2a: Suicune\n|-damage|p2a: Suicune|36\/100\n|-damage|p1a: Master Ken|32\/100|[from] item: Life Orb\n|move|p2a: Suicune|Scald|p1a: Master Ken\n|-supereffective|p1a: Master Ken\n|-damage|p1a: Master Ken|0 fnt\n|faint|p1a: Master Ken\n|\n|-weather|SunnyDay|[upkeep]\n|-heal|p2a: Suicune|42\/100|[from] item: Leftovers\n|upkeep\n|\n|t:|1632449504\n|switch|p1a: Boo|Clefable, F, shiny|51\/100\n|turn|26\n|-message|Sadriver forfeited.\n|\n|win|Vodyne\n|raw|Sadriver's rating: 1637 &rarr; <strong>1620<\/strong><br \/>(-17 for losing)\n|raw|Vodyne's rating: 1687 &rarr; <strong>1704<\/strong><br \/>(+17 for winning)\n|l|\u2606Sadriver\n","uploadtime":1632449516,"views":24,"p1id":"sadriver","p2id":"vodyne","formatid":"gen8ou","rating":1620,"private":0,"password":null}