{"id":"gen8monotype-1309170300","p1":"kwodrunk","p2":"lord cube","format":"gen8monotype","log":"|j|\u2606kwodrunk\n|j|\u2606lord cube\n|t:|1616737542\n|player|p1|kwodrunk|46|1435\n|player|p2|lord cube|steven|1585\n|teamsize|p1|6\n|teamsize|p2|6\n|gametype|singles\n|gen|8\n|tier|[Gen 8] Monotype\n|rated|\n|rule|Same Type Clause: Pok\u00e9mon in a team must share a type\n|clearpoke\n|poke|p1|Excadrill, F|\n|poke|p1|Garchomp, F|\n|poke|p1|Hippowdon, M|\n|poke|p1|Seismitoad, M|\n|poke|p1|Mamoswine, F|\n|poke|p1|Nidoking, M|\n|poke|p2|Ferrothorn, M|\n|poke|p2|Aegislash, M|\n|poke|p2|Heatran, M|\n|poke|p2|Celesteela|\n|poke|p2|Melmetal|\n|poke|p2|Excadrill, M|\n|rule|Sleep Clause Mod: Limit one foe put to sleep\n|rule|Species Clause: Limit one of each Pok\u00e9mon\n|rule|OHKO Clause: OHKO moves are banned\n|rule|Evasion Moves Clause: Evasion moves are banned\n|rule|Endless Battle Clause: Forcing endless battles is banned\n|rule|HP Percentage Mod: HP is shown in percentages\n|rule|Dynamax Clause: You cannot dynamax\n|teampreview\n|j| Vin E4 Root Beer\n|\n|t:|1616737563\n|start\n|switch|p1a: Hippowdon|Hippowdon, M|100\/100\n|switch|p2a: Excadrill|Excadrill, M|100\/100\n|-ability|p2a: Excadrill|Mold Breaker\n|-weather|Sandstorm|[from] ability: Sand Stream|[of] p1a: Hippowdon\n|turn|1\n|\n|t:|1616737577\n|switch|p2a: Celesteela|Celesteela|100\/100\n|move|p1a: Hippowdon|Earthquake|p2a: Celesteela\n|-immune|p2a: Celesteela\n|\n|-weather|Sandstorm|[upkeep]\n|upkeep\n|turn|2\n|\n|t:|1616737582\n|move|p2a: Celesteela|Leech Seed|p1a: Hippowdon\n|-start|p1a: Hippowdon|move: Leech Seed\n|move|p1a: Hippowdon|Stealth Rock|p2a: Celesteela\n|-sidestart|p2: lord cube|move: Stealth Rock\n|\n|-weather|Sandstorm|[upkeep]\n|-damage|p1a: Hippowdon|88\/100|[from] Leech Seed|[of] p2a: Celesteela\n|upkeep\n|turn|3\n|\n|t:|1616737586\n|switch|p1a: Nidoking|Nidoking, M|100\/100\n|move|p2a: Celesteela|Leech Seed|p1a: Nidoking\n|-start|p1a: Nidoking|move: Leech Seed\n|\n|-weather|Sandstorm|[upkeep]\n|-damage|p1a: Nidoking|88\/100|[from] Leech Seed|[of] p2a: Celesteela\n|upkeep\n|turn|4\n|\n|t:|1616737591\n|move|p2a: Celesteela|Protect|p2a: Celesteela\n|-singleturn|p2a: Celesteela|Protect\n|move|p1a: Nidoking|Substitute|p1a: Nidoking\n|-start|p1a: Nidoking|Substitute\n|-damage|p1a: Nidoking|64\/100\n|\n|-weather|Sandstorm|[upkeep]\n|-damage|p1a: Nidoking|51\/100|[from] Leech Seed|[of] p2a: Celesteela\n|upkeep\n|turn|5\n|\n|t:|1616737596\n|switch|p2a: Heatran|Heatran, M|100\/100\n|-damage|p2a: Heatran|88\/100|[from] Stealth Rock\n|move|p1a: Nidoking|Fire Blast|p2a: Heatran\n|-start|p2a: Heatran|ability: Flash Fire\n|\n|-weather|none\n|-heal|p2a: Heatran|94\/100|[from] item: Leftovers\n|-damage|p1a: Nidoking|39\/100|[from] Leech Seed|[of] p2a: Heatran\n|-heal|p2a: Heatran|100\/100|[silent]\n|upkeep\n|turn|6\n|\n|t:|1616737601\n|move|p2a: Heatran|Protect|p2a: Heatran\n|-singleturn|p2a: Heatran|Protect\n|move|p1a: Nidoking|Fire Blast|p2a: Heatran\n|-activate|p2a: Heatran|move: Protect\n|\n|-damage|p1a: Nidoking|27\/100|[from] Leech Seed|[of] p2a: Heatran\n|upkeep\n|turn|7\n|\n|t:|1616737605\n|-end|p2a: Heatran|ability: Flash Fire|[silent]\n|switch|p2a: Celesteela|Celesteela|100\/100\n|-damage|p2a: Celesteela|88\/100|[from] Stealth Rock\n|move|p1a: Nidoking|Earth Power|p2a: Celesteela\n|-immune|p2a: Celesteela\n|\n|-heal|p2a: Celesteela|94\/100|[from] item: Leftovers\n|-damage|p1a: Nidoking|15\/100|[from] Leech Seed|[of] p2a: Celesteela\n|-heal|p2a: Celesteela|100\/100|[silent]\n|upkeep\n|turn|8\n|\n|t:|1616737612\n|switch|p1a: Garchomp|Garchomp, F|100\/100\n|move|p2a: Celesteela|Protect||[still]\n|-fail|p2a: Celesteela\n|\n|upkeep\n|turn|9\n|\n|t:|1616737617\n|move|p1a: Garchomp|Fire Fang|p2a: Celesteela\n|-supereffective|p2a: Celesteela\n|-damage|p2a: Celesteela|72\/100\n|cant|p2a: Celesteela|flinch\n|\n|-heal|p2a: Celesteela|78\/100|[from] item: Leftovers\n|upkeep\n|turn|10\n|\n|t:|1616737622\n|move|p1a: Garchomp|Swords Dance|p1a: Garchomp\n|-boost|p1a: Garchomp|atk|2\n|move|p2a: Celesteela|Leech Seed|p1a: Garchomp\n|-start|p1a: Garchomp|move: Leech Seed\n|\n|-heal|p2a: Celesteela|84\/100|[from] item: Leftovers\n|-damage|p1a: Garchomp|88\/100|[from] Leech Seed|[of] p2a: Celesteela\n|-heal|p2a: Celesteela|95\/100|[silent]\n|upkeep\n|turn|11\n|\n|t:|1616737631\n|move|p1a: Garchomp|Swords Dance|p1a: Garchomp\n|-boost|p1a: Garchomp|atk|2\n|move|p2a: Celesteela|Heavy Slam|p1a: Garchomp\n|-damage|p1a: Garchomp|46\/100\n|\n|-heal|p2a: Celesteela|100\/100|[from] item: Leftovers\n|-damage|p1a: Garchomp|34\/100|[from] Leech Seed|[of] p2a: Celesteela\n|upkeep\n|turn|12\n|\n|t:|1616737636\n|switch|p2a: Heatran|Heatran, M|100\/100\n|-damage|p2a: Heatran|88\/100|[from] Stealth Rock\n|move|p1a: Garchomp|Fire Fang|p2a: Heatran\n|-start|p2a: Heatran|ability: Flash Fire\n|\n|-heal|p2a: Heatran|94\/100|[from] item: Leftovers\n|-damage|p1a: Garchomp|22\/100|[from] Leech Seed|[of] p2a: Heatran\n|-heal|p2a: Heatran|100\/100|[silent]\n|upkeep\n|turn|13\n|\n|t:|1616737642\n|-end|p2a: Heatran|ability: Flash Fire|[silent]\n|switch|p2a: Celesteela|Celesteela|100\/100\n|-damage|p2a: Celesteela|88\/100|[from] Stealth Rock\n|move|p1a: Garchomp|Swords Dance|p1a: Garchomp\n|-boost|p1a: Garchomp|atk|2\n|\n|-heal|p2a: Celesteela|94\/100|[from] item: Leftovers\n|-damage|p1a: Garchomp|9\/100|[from] Leech Seed|[of] p2a: Celesteela\n|-heal|p2a: Celesteela|100\/100|[silent]\n|upkeep\n|turn|14\n|\n|t:|1616737647\n|switch|p1a: Hippowdon|Hippowdon, M|88\/100\n|-weather|Sandstorm|[from] ability: Sand Stream|[of] p1a: Hippowdon\n|move|p2a: Celesteela|Protect||[still]\n|-fail|p2a: Celesteela\n|\n|-weather|Sandstorm|[upkeep]\n|-heal|p1a: Hippowdon|94\/100|[from] item: Leftovers\n|upkeep\n|turn|15\n|\n|t:|1616737657\n|move|p2a: Celesteela|Leech Seed|p1a: Hippowdon\n|-start|p1a: Hippowdon|move: Leech Seed\n|move|p1a: Hippowdon|Ice Fang|p2a: Celesteela\n|-damage|p2a: Celesteela|90\/100\n|\n|-weather|Sandstorm|[upkeep]\n|-heal|p2a: Celesteela|96\/100|[from] item: Leftovers\n|-heal|p1a: Hippowdon|100\/100|[from] item: Leftovers\n|-damage|p1a: Hippowdon|88\/100|[from] Leech Seed|[of] p2a: Celesteela\n|-heal|p2a: Celesteela|100\/100|[silent]\n|upkeep\n|turn|16\n|\n|t:|1616737663\n|switch|p1a: Mamoswine|Mamoswine, F|100\/100\n|move|p2a: Celesteela|Leech Seed|p1a: Mamoswine\n|-start|p1a: Mamoswine|move: Leech Seed\n|\n|-weather|Sandstorm|[upkeep]\n|-damage|p1a: Mamoswine|88\/100|[from] Leech Seed|[of] p2a: Celesteela\n|upkeep\n|turn|17\n|\n|t:|1616737668\n|move|p1a: Mamoswine|Icicle Crash|p2a: Celesteela\n|-damage|p2a: Celesteela|58\/100\n|move|p2a: Celesteela|Heavy Slam|p1a: Mamoswine\n|-supereffective|p1a: Mamoswine\n|-damage|p1a: Mamoswine|24\/100\n|\n|-weather|Sandstorm|[upkeep]\n|-heal|p2a: Celesteela|64\/100|[from] item: Leftovers\n|-damage|p1a: Mamoswine|12\/100|[from] Leech Seed|[of] p2a: Celesteela\n|-heal|p2a: Celesteela|75\/100|[silent]\n|upkeep\n|turn|18\n|\n|t:|1616737684\n|switch|p1a: Garchomp|Garchomp, F|9\/100\n|move|p2a: Celesteela|Protect||[still]\n|-fail|p2a: Celesteela\n|\n|-weather|none\n|-heal|p2a: Celesteela|81\/100|[from] item: Leftovers\n|upkeep\n|turn|19\n|\n|t:|1616737690\n|move|p1a: Garchomp|Fire Fang|p2a: Celesteela\n|-supereffective|p2a: Celesteela\n|-damage|p2a: Celesteela|54\/100\n|move|p2a: Celesteela|Leech Seed|p1a: Garchomp\n|-start|p1a: Garchomp|move: Leech Seed\n|\n|-heal|p2a: Celesteela|60\/100|[from] item: Leftovers\n|-damage|p1a: Garchomp|0 fnt|[from] Leech Seed|[of] p2a: Celesteela\n|-heal|p2a: Celesteela|68\/100|[silent]\n|faint|p1a: Garchomp\n|upkeep\n|\n|t:|1616737704\n|switch|p1a: Nidoking|Nidoking, M|15\/100\n|turn|20\n|\n|t:|1616737708\n|move|p1a: Nidoking|Earth Power|p2a: Celesteela\n|-immune|p2a: Celesteela\n|move|p2a: Celesteela|Heavy Slam|p1a: Nidoking\n|-damage|p1a: Nidoking|0 fnt\n|faint|p1a: Nidoking\n|-ability|p2a: Celesteela|Beast Boost|boost\n|-boost|p2a: Celesteela|def|1\n|\n|-heal|p2a: Celesteela|74\/100|[from] item: Leftovers\n|upkeep\n|-message|kwodrunk forfeited.\n|\n|win|lord cube\n|raw|kwodrunk's rating: 1435 &rarr; <strong>1423<\/strong><br \/>(-12 for losing)\n|raw|lord cube's rating: 1585 &rarr; <strong>1597<\/strong><br \/>(+12 for winning)\n|l|\u2606kwodrunk\n|c|\u2606lord cube|gg\n","uploadtime":1616737724,"views":14,"p1id":"kwodrunk","p2id":"lordcube","formatid":"gen8monotype","rating":1423,"private":0,"password":null}