{"id":"gen8vgc2022-1706957826","p1":"PlasmaLucid","p2":"Fall all","format":"gen8vgc2022","log":"|j|\u2606PlasmaLucid\n|j|\u2606Fall all\n|t:|1668036286\n|gametype|doubles\n|player|p1|PlasmaLucid|clown|1185\n|player|p2|Fall all|dawn|1236\n|teamsize|p1|6\n|teamsize|p2|6\n|gen|8\n|tier|[Gen 8] VGC 2022\n|rated|\n|rule|Species Clause: Limit one of each Pok\u00e9mon\n|rule|Item Clause: Limit one of each item\n|clearpoke\n|poke|p1|Lunala, L50|\n|poke|p1|Calyrex-Ice, L50|\n|poke|p1|Whimsicott, L50, M|\n|poke|p1|Regieleki, L50|\n|poke|p1|Rillaboom, L50, M|\n|poke|p1|Incineroar, L50, M|\n|poke|p2|Calyrex-Shadow, L50|\n|poke|p2|Zacian-*, L50|\n|poke|p2|Regieleki, L50|\n|poke|p2|Incineroar, L50, M|\n|poke|p2|Whimsicott, L50, M|\n|poke|p2|Indeedee-F, L50, F|\n|teampreview|4\n|inactive|Battle timer is ON: inactive players will automatically lose when time's up. (requested by PlasmaLucid)\n|j| gabizinho66\n|inactive|Fall all has 60 seconds left.\n|inactive|Fall all has 30 seconds left.\n|\n|t:|1668036355\n|start\n|switch|p1a: Whimsicott|Whimsicott, L50, M|100\/100\n|switch|p1b: Lunala|Lunala, L50|100\/100\n|switch|p2a: Indeedee|Indeedee-F, L50, F|100\/100\n|switch|p2b: Regieleki|Regieleki, L50|100\/100\n|-fieldstart|move: Psychic Terrain|[from] ability: Psychic Surge|[of] p2a: Indeedee\n|-enditem|p2a: Indeedee|Psychic Seed\n|-boost|p2a: Indeedee|spd|1|[from] item: Psychic Seed\n|turn|1\n|l| gabizinho66\n|inactive|PlasmaLucid has 30 seconds left.\n|inactive|Fall all has 30 seconds left.\n|inactive|Fall all has 20 seconds left.\n|inactive|Fall all has 15 seconds left.\n|inactive|Fall all has 10 seconds left.\n|inactive|Fall all has 5 seconds left.\n|\n|t:|1668036405\n|move|p2a: Indeedee|Protect|p2a: Indeedee\n|-singleturn|p2a: Indeedee|Protect\n|move|p1b: Lunala|Wide Guard|p1b: Lunala\n|-singleturn|p1b: Lunala|Wide Guard\n|move|p1a: Whimsicott|Tailwind|p1a: Whimsicott\n|-sidestart|p1: PlasmaLucid|move: Tailwind\n|move|p2b: Regieleki|Electroweb|p1a: Whimsicott|[spread] \n|-activate|p1a: Whimsicott|move: Wide Guard\n|-activate|p1b: Lunala|move: Wide Guard\n|\n|upkeep\n|turn|2\n|inactive|Fall all has 30 seconds left.\n|\n|t:|1668036438\n|move|p1a: Whimsicott|Helping Hand|p1b: Lunala\n|-singleturn|p1b: Lunala|Helping Hand|[of] p1a: Whimsicott\n|move|p2a: Indeedee|Follow Me|p2a: Indeedee\n|-singleturn|p2a: Indeedee|move: Follow Me\n|move|p1b: Lunala|Moongeist Beam|p2a: Indeedee\n|-immune|p2a: Indeedee\n|move|p2b: Regieleki|Volt Switch|p1b: Lunala\n|-damage|p1b: Lunala|76\/100\n|\n|t:|1668036453\n|switch|p2b: Zacian|Zacian-Crowned, L50|100\/100|[from]move: Volt Switch\n|-ability|p2b: Zacian|Intrepid Sword|boost\n|-boost|p2b: Zacian|atk|1\n|\n|upkeep\n|turn|3\n|\n|t:|1668036478\n|move|p2a: Indeedee|Follow Me|p2a: Indeedee\n|-singleturn|p2a: Indeedee|move: Follow Me\n|move|p1a: Whimsicott|Charm|p2a: Indeedee\n|-activate|p2a: Indeedee|move: Psychic Terrain\n|move|p1b: Lunala|Moongeist Beam|p2a: Indeedee\n|-immune|p2a: Indeedee\n|move|p2b: Zacian|Behemoth Blade|p1b: Lunala\n|-damage|p1b: Lunala|0 fnt\n|faint|p1b: Lunala\n|\n|upkeep\n|\n|t:|1668036486\n|switch|p1b: Rillaboom|Rillaboom, L50, M|100\/100\n|-fieldstart|move: Grassy Terrain|[from] ability: Grassy Surge|[of] p1b: Rillaboom\n|turn|4\n|inactive|PlasmaLucid has 30 seconds left.\n|inactive|Fall all has 30 seconds left.\n|inactive|PlasmaLucid has 20 seconds left.\n|inactive|PlasmaLucid has 15 seconds left.\n|inactive|Fall all has 20 seconds left.\n|inactive|PlasmaLucid has 10 seconds left.\n|inactive|PlasmaLucid has 5 seconds left.\n|inactive|Fall all has 15 seconds left.\n|inactive|Fall all has 10 seconds left.\n|\n|t:|1668036543\n|switch|p2a: Regieleki|Regieleki, L50|100\/100\n|move|p2b: Zacian|Protect|p2b: Zacian\n|-singleturn|p2b: Zacian|Protect\n|move|p1a: Whimsicott|Charm|p2b: Zacian\n|-activate|p2b: Zacian|move: Protect\n|move|p1b: Rillaboom|High Horsepower|p2b: Zacian\n|-activate|p2b: Zacian|move: Protect\n|\n|-sideend|p1: PlasmaLucid|move: Tailwind\n|upkeep\n|turn|5\n|inactive|Fall all has 30 seconds left.\n|inactive|Fall all has 20 seconds left.\n|\n|t:|1668036581\n|-start|p1b: Rillaboom|Dynamax|\n|-heal|p1b: Rillaboom|100\/100|[silent]\n|move|p1a: Whimsicott|Tailwind|p1a: Whimsicott\n|-sidestart|p1: PlasmaLucid|move: Tailwind\n|move|p1b: Rillaboom|Max Quake|p2b: Zacian\n|-supereffective|p2b: Zacian\n|-damage|p2b: Zacian|14\/100\n|-boost|p1a: Whimsicott|spd|1\n|-boost|p1b: Rillaboom|spd|1\n|move|p2a: Regieleki|Electroweb|p1b: Rillaboom|[spread] p1a,p1b\n|-resisted|p1a: Whimsicott\n|-resisted|p1b: Rillaboom\n|-damage|p1a: Whimsicott|86\/100\n|-damage|p1b: Rillaboom|92\/100\n|-unboost|p1a: Whimsicott|spe|1\n|-unboost|p1b: Rillaboom|spe|1\n|move|p2b: Zacian|Behemoth Blade|p1a: Whimsicott\n|-supereffective|p1a: Whimsicott\n|-damage|p1a: Whimsicott|0 fnt\n|faint|p1a: Whimsicott\n|\n|-heal|p2b: Zacian|20\/100|[from] Grassy Terrain\n|-heal|p1b: Rillaboom|95\/100|[from] Grassy Terrain\n|upkeep\n|\n|t:|1668036592\n|switch|p1a: Regieleki|Regieleki, L50|100\/100\n|turn|6\n|\n|t:|1668036617\n|move|p2b: Zacian|Protect|p2b: Zacian\n|-singleturn|p2b: Zacian|Protect\n|move|p1a: Regieleki|Electroweb|p2b: Zacian|[spread] p2a\n|-activate|p2b: Zacian|move: Protect\n|-resisted|p2a: Regieleki\n|-damage|p2a: Regieleki|69\/100\n|-unboost|p2a: Regieleki|spe|1\n|-damage|p1a: Regieleki|91\/100|[from] item: Life Orb\n|move|p1b: Rillaboom|Max Overgrowth|p2a: Regieleki\n|-damage|p2a: Regieleki|0 fnt\n|faint|p2a: Regieleki\n|\n|-heal|p1a: Regieleki|97\/100|[from] Grassy Terrain\n|-heal|p1b: Rillaboom|98\/100|[from] Grassy Terrain\n|-heal|p2b: Zacian|25\/100|[from] Grassy Terrain\n|upkeep\n|inactive|Fall all has 30 seconds left.\n|\n|t:|1668036645\n|switch|p2a: Calyrex|Calyrex-Shadow, L50|100\/100\n|-ability|p2a: Calyrex|As One\n|-ability|p2a: Calyrex|Unnerve\n|turn|7\n|inactive|Fall all has 30 seconds left.\n|inactive|Fall all has 20 seconds left.\n|inactive|Fall all has 15 seconds left.\n|\n|t:|1668036687\n|switch|p2b: Indeedee|Indeedee-F, L50, F|100\/100\n|-fieldstart|move: Psychic Terrain|[from] ability: Psychic Surge|[of] p2b: Indeedee\n|-start|p2a: Calyrex|Dynamax|\n|-heal|p2a: Calyrex|100\/100|[silent]\n|move|p1a: Regieleki|Electroweb|p2a: Calyrex|[spread] p2a,p2b\n|-damage|p2a: Calyrex|84\/100\n|-damage|p2b: Indeedee|59\/100\n|-unboost|p2a: Calyrex|spe|1\n|-unboost|p2b: Indeedee|spe|1\n|-damage|p1a: Regieleki|87\/100|[from] item: Life Orb\n|move|p1b: Rillaboom|Max Overgrowth|p2a: Calyrex\n|-damage|p2a: Calyrex|38\/100\n|-fieldstart|move: Grassy Terrain\n|move|p2a: Calyrex|Max Mindstorm|p1b: Rillaboom\n|-damage|p1b: Rillaboom|58\/100\n|-fieldstart|move: Psychic Terrain\n|\n|upkeep\n|-end|p1b: Rillaboom|Dynamax\n|-heal|p1b: Rillaboom|58\/100|[silent]\n|turn|8\n|inactive|PlasmaLucid has 30 seconds left.\n|inactive|Fall all has 30 seconds left.\n|inactive|PlasmaLucid has 20 seconds left.\n|inactive|PlasmaLucid has 15 seconds left.\n|inactive|PlasmaLucid has 10 seconds left.\n|inactive|PlasmaLucid has 5 seconds left.\n|\n|t:|1668036741\n|move|p2b: Indeedee|Follow Me|p2b: Indeedee\n|-singleturn|p2b: Indeedee|move: Follow Me\n|move|p1a: Regieleki|Electroweb|p2a: Calyrex|[spread] p2a\n|-miss|p1a: Regieleki|p2b: Indeedee\n|-damage|p2a: Calyrex|20\/100\n|-unboost|p2a: Calyrex|spe|1\n|-damage|p1a: Regieleki|77\/100|[from] item: Life Orb\n|move|p1b: Rillaboom|Grassy Glide|p2b: Indeedee\n|-damage|p2b: Indeedee|9\/100\n|move|p2a: Calyrex|Max Phantasm|p1a: Regieleki\n|-damage|p1a: Regieleki|0 fnt\n|-unboost|p1b: Rillaboom|def|1\n|faint|p1a: Regieleki\n|-ability|p2a: Calyrex|Grim Neigh|boost\n|-boost|p2a: Calyrex|spa|1\n|\n|-sideend|p1: PlasmaLucid|move: Tailwind\n|upkeep\n|turn|9\n|inactive|Fall all has 30 seconds left.\n|\n|t:|1668036768\n|move|p2b: Indeedee|Follow Me|p2b: Indeedee\n|-singleturn|p2b: Indeedee|move: Follow Me\n|move|p2a: Calyrex|Max Mindstorm|p1b: Rillaboom\n|-damage|p1b: Rillaboom|0 fnt\n|faint|p1b: Rillaboom\n|\n|win|Fall all\n|raw|PlasmaLucid's rating: 1185 &rarr; <strong>1164<\/strong><br \/>(-21 for losing)\n|raw|Fall all's rating: 1236 &rarr; <strong>1257<\/strong><br \/>(+21 for winning)\n|l|\u2606PlasmaLucid\n","uploadtime":1668036778,"views":8,"p1id":"plasmalucid","p2id":"fallall","formatid":"gen8vgc2022","rating":1164,"private":0,"password":null}