{"id":"gen8ou-1655419834","p1":"himynametay","p2":"thebestnumber","format":"gen8ou","log":"|j|\u203dhimynametay\n|j|\u2606thebestnumber\n|t:|1662241691\n|gametype|singles\n|player|p1|himynametay|elesa-masters|1547\n|player|p2|thebestnumber|rocketgruntf|1605\n|teamsize|p1|6\n|teamsize|p2|6\n|gen|8\n|tier|[Gen 8] OU\n|rated|\n|rule|Sleep Clause Mod: Limit one foe put to sleep\n|rule|Species Clause: Limit one of each Pok\u00e9mon\n|rule|OHKO Clause: OHKO moves are banned\n|rule|Evasion Items Clause: Evasion items are banned\n|rule|Evasion Moves Clause: Evasion moves are banned\n|rule|Endless Battle Clause: Forcing endless battles is banned\n|rule|HP Percentage Mod: HP is shown in percentages\n|rule|Dynamax Clause: You cannot dynamax\n|clearpoke\n|poke|p1|Landorus-Therian, M|\n|poke|p1|Ferrothorn, F|\n|poke|p1|Urshifu-*, F|\n|poke|p1|Tornadus-Therian, M|\n|poke|p1|Dragapult, M|\n|poke|p1|Tapu Lele|\n|poke|p2|Landorus-Therian, M|\n|poke|p2|Tapu Fini|\n|poke|p2|Buzzwole|\n|poke|p2|Nidoking, M|\n|poke|p2|Rillaboom, M|\n|poke|p2|Chansey, F|\n|teampreview\n|inactive|Battle timer is ON: inactive players will automatically lose when time's up. (requested by thebestnumber)\n|inactive|himynametay has 120 seconds left.\n|inactive|himynametay has 90 seconds left.\n|\n|t:|1662241770\n|start\n|switch|p1a: Urshifu|Urshifu-Rapid-Strike, F|100\/100\n|switch|p2a: Tapu Fini|Tapu Fini|100\/100\n|-fieldstart|move: Misty Terrain|[from] ability: Misty Surge|[of] p2a: Tapu Fini\n|turn|1\n|\n|t:|1662241783\n|switch|p1a: Ferrothorn|Ferrothorn, F|100\/100\n|move|p2a: Tapu Fini|Moonblast|p1a: Ferrothorn\n|-resisted|p1a: Ferrothorn\n|-damage|p1a: Ferrothorn|88\/100\n|\n|upkeep\n|turn|2\n|\n|t:|1662241786\n|switch|p2a: Nidoking|Nidoking, M|100\/100\n|move|p1a: Ferrothorn|Knock Off|p2a: Nidoking\n|-damage|p2a: Nidoking|69\/100\n|-enditem|p2a: Nidoking|Life Orb|[from] move: Knock Off|[of] p1a: Ferrothorn\n|\n|upkeep\n|turn|3\n|\n|t:|1662241792\n|switch|p1a: Tornadus|Tornadus-Therian, M|100\/100\n|move|p2a: Nidoking|Earth Power|p1a: Tornadus\n|-immune|p1a: Tornadus\n|\n|upkeep\n|turn|4\n|\n|t:|1662241796\n|move|p1a: Tornadus|Hurricane|p2a: Nidoking|[miss]\n|-miss|p1a: Tornadus|p2a: Nidoking\n|move|p2a: Nidoking|Ice Beam|p1a: Tornadus\n|-supereffective|p1a: Tornadus\n|-damage|p1a: Tornadus|57\/100\n|\n|upkeep\n|turn|5\n|\n|t:|1662241799\n|switch|p2a: Chansey|Chansey, F|100\/100\n|move|p1a: Tornadus|Icy Wind|p2a: Chansey\n|-damage|p2a: Chansey|96\/100\n|-unboost|p2a: Chansey|spe|1\n|\n|-fieldend|Misty Terrain\n|upkeep\n|turn|6\n|\n|t:|1662241801\n|move|p1a: Tornadus|U-turn|p2a: Chansey\n|-damage|p2a: Chansey|87\/100\n|\n|t:|1662241803\n|switch|p1a: Ferrothorn|Ferrothorn, F|88\/100|[from]move: U-turn\n|move|p2a: Chansey|Wish|p2a: Chansey\n|\n|upkeep\n|turn|7\n|\n|t:|1662241807\n|switch|p2a: Nidoking|Nidoking, M|69\/100\n|move|p1a: Ferrothorn|Stealth Rock|p2a: Nidoking\n|-sidestart|p2: thebestnumber|move: Stealth Rock\n|\n|-heal|p2a: Nidoking|100\/100|[from] move: Wish|[wisher] Chansey\n|upkeep\n|turn|8\n|\n|t:|1662241811\n|switch|p1a: Tornadus|Tornadus-Therian, M|90\/100\n|move|p2a: Nidoking|Fire Blast|p1a: Tornadus\n|-crit|p1a: Tornadus\n|-damage|p1a: Tornadus|49\/100\n|\n|upkeep\n|turn|9\n|\n|t:|1662241814\n|move|p1a: Tornadus|U-turn|p2a: Nidoking\n|-resisted|p2a: Nidoking\n|-crit|p2a: Nidoking\n|-damage|p2a: Nidoking|86\/100\n|\n|t:|1662241817\n|switch|p1a: Urshifu|Urshifu-Rapid-Strike, F|100\/100|[from]move: U-turn\n|move|p2a: Nidoking|Ice Beam|p1a: Urshifu\n|-resisted|p1a: Urshifu\n|-damage|p1a: Urshifu|76\/100\n|\n|upkeep\n|turn|10\n|\n|t:|1662241820\n|switch|p2a: Tapu Fini|Tapu Fini|100\/100\n|-damage|p2a: Tapu Fini|88\/100|[from] Stealth Rock\n|-fieldstart|move: Misty Terrain|[from] ability: Misty Surge|[of] p2a: Tapu Fini\n|move|p1a: Urshifu|Surging Strikes|p2a: Tapu Fini\n|-resisted|p2a: Tapu Fini\n|-crit|p2a: Tapu Fini\n|-damage|p2a: Tapu Fini|78\/100\n|-resisted|p2a: Tapu Fini\n|-crit|p2a: Tapu Fini\n|-damage|p2a: Tapu Fini|69\/100\n|-resisted|p2a: Tapu Fini\n|-crit|p2a: Tapu Fini\n|-damage|p2a: Tapu Fini|59\/100\n|-hitcount|p2a: Tapu Fini|3\n|\n|upkeep\n|turn|11\n|\n|t:|1662241824\n|switch|p1a: Ferrothorn|Ferrothorn, F|88\/100\n|move|p2a: Tapu Fini|Defog|p1a: Ferrothorn\n|-unboost|p1a: Ferrothorn|evasion|1\n|-sideend|p2: thebestnumber|Stealth Rock|[from] move: Defog|[of] p2a: Tapu Fini\n|-fieldend|Misty Terrain\n|\n|upkeep\n|turn|12\n|\n|t:|1662241835\n|switch|p2a: Buzzwole|Buzzwole|100\/100\n|move|p1a: Ferrothorn|Leech Seed|p2a: Buzzwole\n|-start|p2a: Buzzwole|move: Leech Seed\n|\n|-damage|p2a: Buzzwole|88\/100|[from] Leech Seed|[of] p1a: Ferrothorn\n|-heal|p1a: Ferrothorn|100\/100|[silent]\n|upkeep\n|turn|13\n|\n|t:|1662241838\n|switch|p1a: Tornadus|Tornadus-Therian, M|83\/100\n|move|p2a: Buzzwole|Close Combat|p1a: Tornadus\n|-resisted|p1a: Tornadus\n|-damage|p1a: Tornadus|49\/100\n|-unboost|p2a: Buzzwole|def|1\n|-unboost|p2a: Buzzwole|spd|1\n|\n|-damage|p2a: Buzzwole|75\/100|[from] Leech Seed|[of] p1a: Tornadus\n|-heal|p1a: Tornadus|62\/100|[silent]\n|upkeep\n|turn|14\n|\n|t:|1662241843\n|switch|p2a: Chansey|Chansey, F|87\/100\n|move|p1a: Tornadus|U-turn|p2a: Chansey\n|-damage|p2a: Chansey|77\/100\n|\n|t:|1662241845\n|switch|p1a: Urshifu|Urshifu-Rapid-Strike, F|76\/100|[from]move: U-turn\n|\n|upkeep\n|turn|15\n|\n|t:|1662241849\n|switch|p2a: Buzzwole|Buzzwole|75\/100\n|move|p1a: Urshifu|Surging Strikes|p2a: Buzzwole\n|-crit|p2a: Buzzwole\n|-damage|p2a: Buzzwole|60\/100\n|-crit|p2a: Buzzwole\n|-damage|p2a: Buzzwole|46\/100\n|-crit|p2a: Buzzwole\n|-damage|p2a: Buzzwole|32\/100\n|-hitcount|p2a: Buzzwole|3\n|\n|upkeep\n|turn|16\n|\n|t:|1662241850\n|move|p1a: Urshifu|Surging Strikes|p2a: Buzzwole\n|-crit|p2a: Buzzwole\n|-damage|p2a: Buzzwole|18\/100\n|-crit|p2a: Buzzwole\n|-damage|p2a: Buzzwole|2\/100\n|-crit|p2a: Buzzwole\n|-damage|p2a: Buzzwole|0 fnt\n|faint|p2a: Buzzwole\n|-hitcount|p2: Buzzwole|3\n|\n|upkeep\n|\n|t:|1662241857\n|switch|p2a: Tapu Fini|Tapu Fini|59\/100\n|-fieldstart|move: Misty Terrain|[from] ability: Misty Surge|[of] p2a: Tapu Fini\n|turn|17\n|\n|t:|1662241860\n|switch|p1a: Ferrothorn|Ferrothorn, F|100\/100\n|move|p2a: Tapu Fini|Trick|p1a: Ferrothorn\n|-activate|p2a: Tapu Fini|move: Trick|[of] p1a: Ferrothorn\n|-item|p1a: Ferrothorn|Choice Scarf|[from] move: Trick\n|-item|p2a: Tapu Fini|Rocky Helmet|[from] move: Trick\n|\n|upkeep\n|turn|18\n|\n|t:|1662241863\n|switch|p2a: Nidoking|Nidoking, M|86\/100\n|move|p1a: Ferrothorn|Stealth Rock|p2a: Nidoking\n|-sidestart|p2: thebestnumber|move: Stealth Rock\n|\n|upkeep\n|turn|19\n|\n|t:|1662241867\n|switch|p1a: Tornadus|Tornadus-Therian, M|95\/100\n|move|p2a: Nidoking|Ice Beam|p1a: Tornadus\n|-supereffective|p1a: Tornadus\n|-damage|p1a: Tornadus|54\/100\n|\n|upkeep\n|turn|20\n|\n|t:|1662241869\n|move|p1a: Tornadus|Icy Wind|p2a: Nidoking\n|-supereffective|p2a: Nidoking\n|-damage|p2a: Nidoking|46\/100\n|-unboost|p2a: Nidoking|spe|1\n|move|p2a: Nidoking|Ice Beam|p1a: Tornadus\n|-supereffective|p1a: Tornadus\n|-damage|p1a: Tornadus|9\/100\n|\n|upkeep\n|turn|21\n|\n|t:|1662241873\n|switch|p2a: Chansey|Chansey, F|77\/100\n|-damage|p2a: Chansey|65\/100|[from] Stealth Rock\n|move|p1a: Tornadus|U-turn|p2a: Chansey\n|-crit|p2a: Chansey\n|-damage|p2a: Chansey|51\/100\n|\n|t:|1662241877\n|switch|p1a: Urshifu|Urshifu-Rapid-Strike, F|76\/100|[from]move: U-turn\n|\n|-fieldend|Misty Terrain\n|upkeep\n|turn|22\n|\n|t:|1662241879\n|move|p1a: Urshifu|Surging Strikes|p2a: Chansey\n|-crit|p2a: Chansey\n|-damage|p2a: Chansey|36\/100\n|-crit|p2a: Chansey\n|-damage|p2a: Chansey|22\/100\n|-crit|p2a: Chansey\n|-damage|p2a: Chansey|8\/100\n|-hitcount|p2a: Chansey|3\n|move|p2a: Chansey|Toxic|p1a: Urshifu\n|-status|p1a: Urshifu|tox\n|\n|-damage|p1a: Urshifu|69\/100 tox|[from] psn\n|upkeep\n|turn|23\n|\n|t:|1662241884\n|move|p1a: Urshifu|U-turn|p2a: Chansey\n|-damage|p2a: Chansey|0 fnt\n|faint|p2a: Chansey\n|\n|t:|1662241888\n|switch|p1a: Tornadus|Tornadus-Therian, M|42\/100|[from]move: U-turn\n|\n|upkeep\n|\n|t:|1662241891\n|switch|p2a: Tapu Fini|Tapu Fini|59\/100\n|-damage|p2a: Tapu Fini|47\/100|[from] Stealth Rock\n|-fieldstart|move: Misty Terrain|[from] ability: Misty Surge|[of] p2a: Tapu Fini\n|turn|24\n|\n|t:|1662241894\n|switch|p1a: Ferrothorn|Ferrothorn, F|100\/100\n|move|p2a: Tapu Fini|Moonblast|p1a: Ferrothorn\n|-resisted|p1a: Ferrothorn\n|-damage|p1a: Ferrothorn|87\/100\n|\n|upkeep\n|turn|25\n|\n|t:|1662241905\n|switch|p1a: Tapu Lele|Tapu Lele|100\/100\n|-fieldstart|move: Psychic Terrain|[from] ability: Psychic Surge|[of] p1a: Tapu Lele\n|move|p2a: Tapu Fini|Defog|p1a: Tapu Lele\n|-unboost|p1a: Tapu Lele|evasion|1\n|-sideend|p2: thebestnumber|Stealth Rock|[from] move: Defog|[of] p2a: Tapu Fini\n|-fieldend|move: Psychic Terrain\n|\n|upkeep\n|turn|26\n|\n|t:|1662241913\n|move|p1a: Tapu Lele|Future Sight|p2a: Tapu Fini\n|-start|p1a: Tapu Lele|move: Future Sight\n|move|p2a: Tapu Fini|Moonblast|p1a: Tapu Lele\n|-damage|p1a: Tapu Lele|66\/100\n|\n|upkeep\n|turn|27\n|\n|t:|1662241916\n|switch|p1a: Ferrothorn|Ferrothorn, F|87\/100\n|move|p2a: Tapu Fini|Moonblast|p1a: Ferrothorn\n|-resisted|p1a: Ferrothorn\n|-damage|p1a: Ferrothorn|74\/100\n|\n|upkeep\n|turn|28\n|\n|t:|1662241918\n|move|p2a: Tapu Fini|Scald|p1a: Ferrothorn\n|-resisted|p1a: Ferrothorn\n|-damage|p1a: Ferrothorn|62\/100\n|move|p1a: Ferrothorn|Stealth Rock|p2a: Tapu Fini\n|-sidestart|p2: thebestnumber|move: Stealth Rock\n|\n|-end|p2a: Tapu Fini|move: Future Sight\n|-damage|p2a: Tapu Fini|0 fnt\n|faint|p2a: Tapu Fini\n|upkeep\n|\n|t:|1662241926\n|switch|p2a: Nidoking|Nidoking, M|46\/100\n|-damage|p2a: Nidoking|40\/100|[from] Stealth Rock\n|turn|29\n|\n|t:|1662241928\n|switch|p1a: Tornadus|Tornadus-Therian, M|75\/100\n|move|p2a: Nidoking|Ice Beam|p1a: Tornadus\n|-supereffective|p1a: Tornadus\n|-damage|p1a: Tornadus|30\/100\n|\n|upkeep\n|turn|30\n|\n|t:|1662241933\n|move|p1a: Tornadus|U-turn|p2a: Nidoking\n|-resisted|p2a: Nidoking\n|-damage|p2a: Nidoking|30\/100\n|\n|t:|1662241935\n|switch|p1a: Dragapult|Dragapult, M|100\/100|[from]move: U-turn\n|move|p2a: Nidoking|Ice Beam|p1a: Dragapult\n|-supereffective|p1a: Dragapult\n|-damage|p1a: Dragapult|17\/100\n|\n|upkeep\n|turn|31\n|\n|t:|1662241939\n|move|p1a: Dragapult|Shadow Ball|p2a: Nidoking\n|-damage|p2a: Nidoking|0 fnt\n|faint|p2a: Nidoking\n|\n|upkeep\n|\n|t:|1662241941\n|switch|p2a: Rillaboom|Rillaboom, M|100\/100\n|-damage|p2a: Rillaboom|88\/100|[from] Stealth Rock\n|-fieldstart|move: Grassy Terrain|[from] ability: Grassy Surge|[of] p2a: Rillaboom\n|turn|32\n|\n|t:|1662241944\n|switch|p1a: Ferrothorn|Ferrothorn, F|62\/100\n|move|p2a: Rillaboom|U-turn|p1a: Ferrothorn\n|-damage|p1a: Ferrothorn|39\/100\n|-damage|p2a: Rillaboom|76\/100|[from] ability: Iron Barbs|[of] p1a: Ferrothorn\n|\n|t:|1662241946\n|switch|p2a: Landorus|Landorus-Therian, M|100\/100|[from]move: U-turn\n|-damage|p2a: Landorus|88\/100|[from] Stealth Rock\n|-ability|p2a: Landorus|Intimidate|boost\n|-unboost|p1a: Ferrothorn|atk|1\n|\n|-heal|p2a: Landorus|94\/100|[from] item: Leftovers\n|-heal|p1a: Ferrothorn|45\/100|[from] Grassy Terrain\n|upkeep\n|turn|33\n|\n|t:|1662241949\n|switch|p1a: Landorus|Landorus-Therian, M|100\/100\n|-ability|p1a: Landorus|Intimidate|boost\n|-unboost|p2a: Landorus|atk|1\n|move|p2a: Landorus|Stealth Rock|p1a: Landorus\n|-sidestart|p1: himynametay|move: Stealth Rock\n|\n|-heal|p2a: Landorus|99\/100|[from] item: Leftovers\n|upkeep\n|turn|34\n|\n|t:|1662241951\n|move|p2a: Landorus|Toxic|p1a: Landorus|[miss]\n|-miss|p2a: Landorus|p1a: Landorus\n|move|p1a: Landorus|Toxic|p2a: Landorus\n|-status|p2a: Landorus|tox\n|\n|-heal|p2a: Landorus|100\/100 tox|[from] item: Leftovers\n|-damage|p2a: Landorus|94\/100 tox|[from] psn\n|upkeep\n|turn|35\n|-message|thebestnumber forfeited.\n|\n|win|himynametay\n|raw|himynametay's rating: 1547 &rarr; <strong>1570<\/strong><br \/>(+23 for winning)\n|raw|thebestnumber's rating: 1605 &rarr; <strong>1582<\/strong><br \/>(-23 for losing)\n|l|\u2606thebestnumber\n||Ladder isn't responding, score probably updated but might not have (Request timeout).\n","uploadtime":1662241967,"views":9,"p1id":"himynametay","p2id":"thebestnumber","formatid":"gen8ou","rating":1570,"private":0,"password":null}