{"id":"gen8ou-1071901774","p1":"chanceverte","p2":"CarlyBae","format":"gen8ou","log":"|raw|<div class=\"broadcast-red\"><strong>This battle is invite-only!<\/strong><br \/>Users must be invited with <code>\/invite<\/code> (or be staff) to join<\/div>\n|j|\u2606chanceverte\n|j|\u2606CarlyBae\n|player|p1|chanceverte|preschooler|1506\n|player|p2|CarlyBae|dawn-gen4pt|1473\n|teamsize|p1|6\n|teamsize|p2|6\n|gametype|singles\n|gen|8\n|tier|[Gen 8] OU\n|rated|\n|clearpoke\n|poke|p1|Pelipper, F|\n|poke|p1|Dracovish|\n|poke|p1|Barraskewda, M|\n|poke|p1|Ludicolo, F|\n|poke|p1|Seismitoad, M|\n|poke|p1|Corviknight, M|\n|poke|p2|Torkoal, F|\n|poke|p2|Cinderace, M|\n|poke|p2|Venusaur, F|\n|poke|p2|Darmanitan, F|\n|poke|p2|Mandibuzz, F|\n|poke|p2|Dugtrio, F|\n|rule|Sleep Clause Mod: Limit one foe put to sleep\n|rule|Species Clause: Limit one of each Pok\u00e9mon\n|rule|OHKO Clause: OHKO moves are banned\n|rule|Evasion Moves Clause: Evasion moves are banned\n|rule|Endless Battle Clause: Forcing endless battles is banned\n|rule|HP Percentage Mod: HP is shown in percentages\n|rule|Dynamax Clause: You cannot dynamax\n|teampreview\n|\n|start\n|switch|p1a: Dracovish|Dracovish|100\/100\n|switch|p2a: Torkoal|Torkoal, F|100\/100\n|-weather|SunnyDay|[from] ability: Drought|[of] p2a: Torkoal\n|turn|1\n|\n|switch|p2a: Mandibuzz|Mandibuzz, F|100\/100\n|move|p1a: Dracovish|Fishious Rend|p2a: Mandibuzz\n|-damage|p2a: Mandibuzz|46\/100\n|\n|-weather|SunnyDay|[upkeep]\n|upkeep\n|turn|2\n|\n|move|p1a: Dracovish|Fishious Rend|p2a: Mandibuzz\n|-damage|p2a: Mandibuzz|0 fnt\n|faint|p2a: Mandibuzz\n|\n|-weather|SunnyDay|[upkeep]\n|upkeep\n|\n|switch|p2a: Venusaur|Venusaur, F|100\/100\n|turn|3\n|\n|switch|p1a: Pelipper|Pelipper, F|100\/100\n|-weather|RainDance|[from] ability: Drizzle|[of] p1a: Pelipper\n|move|p2a: Venusaur|Giga Drain|p1a: Pelipper\n|-damage|p1a: Pelipper|39\/100\n|-damage|p2a: Venusaur|91\/100|[from] item: Life Orb\n|\n|-weather|RainDance|[upkeep]\n|upkeep\n|turn|4\n|\n|switch|p1a: Corviknight|Corviknight, M|100\/100\n|-ability|p1a: Corviknight|Pressure\n|move|p2a: Venusaur|Weather Ball|p1a: Corviknight\n|-damage|p1a: Corviknight|35\/100\n|-damage|p2a: Venusaur|81\/100|[from] item: Life Orb\n|\n|-weather|RainDance|[upkeep]\n|-heal|p1a: Corviknight|41\/100|[from] item: Leftovers\n|upkeep\n|turn|5\n|\n|move|p2a: Venusaur|Weather Ball|p1a: Corviknight\n|-damage|p1a: Corviknight|0 fnt\n|-damage|p2a: Venusaur|71\/100|[from] item: Life Orb\n|faint|p1a: Corviknight\n|\n|-weather|RainDance|[upkeep]\n|upkeep\n|\n|switch|p1a: Ludicolo|Ludicolo, F|100\/100\n|turn|6\n|\n|switch|p2a: Torkoal|Torkoal, F|100\/100\n|-weather|SunnyDay|[from] ability: Drought|[of] p2a: Torkoal\n|move|p1a: Ludicolo|Ice Beam|p2a: Torkoal\n|-resisted|p2a: Torkoal\n|-damage|p2a: Torkoal|75\/100\n|-damage|p1a: Ludicolo|91\/100|[from] item: Life Orb\n|\n|-weather|SunnyDay|[upkeep]\n|upkeep\n|turn|7\n|\n|switch|p1a: Seismitoad|Seismitoad, M|100\/100\n|switch|p2a: Darmanitan|Darmanitan, F|100\/100\n|\n|-weather|SunnyDay|[upkeep]\n|upkeep\n|turn|8\n|\n|move|p2a: Darmanitan|Flare Blitz|p1a: Seismitoad\n|-resisted|p1a: Seismitoad\n|-damage|p1a: Seismitoad|27\/100\n|-damage|p2a: Darmanitan|72\/100|[from] Recoil\n|move|p1a: Seismitoad|Earth Power|p2a: Darmanitan\n|-supereffective|p2a: Darmanitan\n|-damage|p2a: Darmanitan|0 fnt\n|faint|p2a: Darmanitan\n|\n|-weather|SunnyDay|[upkeep]\n|-heal|p1a: Seismitoad|33\/100|[from] item: Leftovers\n|upkeep\n|\n|switch|p2a: Venusaur|Venusaur, F|71\/100\n|turn|9\n|\n|move|p2a: Venusaur|Giga Drain|p1a: Seismitoad\n|-supereffective|p1a: Seismitoad\n|-damage|p1a: Seismitoad|0 fnt\n|-heal|p2a: Venusaur|93\/100|[from] drain|[of] p1a: Seismitoad\n|-damage|p2a: Venusaur|83\/100|[from] item: Life Orb\n|faint|p1a: Seismitoad\n|\n|-weather|SunnyDay|[upkeep]\n|upkeep\n|\n|switch|p1a: Pelipper|Pelipper, F|39\/100\n|-weather|RainDance|[from] ability: Drizzle|[of] p1a: Pelipper\n|turn|10\n|\n|switch|p1a: Ludicolo|Ludicolo, F|91\/100\n|move|p2a: Venusaur|Giga Drain|p1a: Ludicolo\n|-damage|p1a: Ludicolo|33\/100\n|-heal|p2a: Venusaur|100\/100|[from] drain|[of] p1a: Ludicolo\n|-damage|p2a: Venusaur|91\/100|[from] item: Life Orb\n|\n|-weather|RainDance|[upkeep]\n|upkeep\n|turn|11\n|\n|move|p1a: Ludicolo|Ice Beam|p2a: Venusaur\n|-supereffective|p2a: Venusaur\n|-damage|p2a: Venusaur|14\/100\n|-damage|p1a: Ludicolo|23\/100|[from] item: Life Orb\n|move|p2a: Venusaur|Sludge Bomb|p1a: Ludicolo\n|-supereffective|p1a: Ludicolo\n|-damage|p1a: Ludicolo|0 fnt\n|-damage|p2a: Venusaur|4\/100|[from] item: Life Orb\n|faint|p1a: Ludicolo\n|\n|-weather|RainDance|[upkeep]\n|upkeep\n|\n|switch|p1a: Barraskewda|Barraskewda, M|100\/100\n|turn|12\n|\n|switch|p2a: Torkoal|Torkoal, F|75\/100\n|-weather|SunnyDay|[from] ability: Drought|[of] p2a: Torkoal\n|move|p1a: Barraskewda|Liquidation|p2a: Torkoal\n|-supereffective|p2a: Torkoal\n|-damage|p2a: Torkoal|26\/100\n|\n|-weather|SunnyDay|[upkeep]\n|upkeep\n|turn|13\n|\n|switch|p2a: Cinderace|Cinderace, M|100\/100\n|move|p1a: Barraskewda|Liquidation|p2a: Cinderace\n|-supereffective|p2a: Cinderace\n|-damage|p2a: Cinderace|0 fnt\n|faint|p2a: Cinderace\n|\n|-weather|SunnyDay|[upkeep]\n|upkeep\n|\n|switch|p2a: Venusaur|Venusaur, F|4\/100\n|turn|14\n|\n|switch|p1a: Pelipper|Pelipper, F|39\/100\n|-weather|RainDance|[from] ability: Drizzle|[of] p1a: Pelipper\n|move|p2a: Venusaur|Giga Drain|p1a: Pelipper\n|-damage|p1a: Pelipper|0 fnt\n|-heal|p2a: Venusaur|25\/100|[from] drain|[of] p1a: Pelipper\n|-damage|p2a: Venusaur|15\/100|[from] item: Life Orb\n|faint|p1a: Pelipper\n|\n|-weather|RainDance|[upkeep]\n|upkeep\n|\n|switch|p1a: Barraskewda|Barraskewda, M|100\/100\n|turn|15\n|\n|switch|p1a: Dracovish|Dracovish|100\/100\n|switch|p2a: Torkoal|Torkoal, F|26\/100\n|-weather|SunnyDay|[from] ability: Drought|[of] p2a: Torkoal\n|\n|-weather|SunnyDay|[upkeep]\n|upkeep\n|turn|16\n|\n|switch|p2a: Dugtrio|Dugtrio, F|100\/100\n|move|p1a: Dracovish|Fishious Rend|p2a: Dugtrio\n|-supereffective|p2a: Dugtrio\n|-crit|p2a: Dugtrio\n|-enditem|p2a: Dugtrio|Focus Sash\n|-damage|p2a: Dugtrio|1\/100\n|\n|-weather|SunnyDay|[upkeep]\n|upkeep\n|turn|17\n|\n|move|p2a: Dugtrio|Sucker Punch|p1a: Dracovish\n|-damage|p1a: Dracovish|77\/100\n|move|p1a: Dracovish|Fishious Rend|p2a: Dugtrio\n|-supereffective|p2a: Dugtrio\n|-damage|p2a: Dugtrio|0 fnt\n|faint|p2a: Dugtrio\n|\n|-weather|SunnyDay|[upkeep]\n|upkeep\n|\n|switch|p2a: Venusaur|Venusaur, F|15\/100\n|turn|18\n|\n|move|p2a: Venusaur|Giga Drain|p1a: Dracovish\n|-damage|p1a: Dracovish|19\/100\n|-heal|p2a: Venusaur|46\/100|[from] drain|[of] p1a: Dracovish\n|-damage|p2a: Venusaur|36\/100|[from] item: Life Orb\n|move|p1a: Dracovish|Fishious Rend|p2a: Venusaur\n|-resisted|p2a: Venusaur\n|-damage|p2a: Venusaur|9\/100\n|\n|-weather|SunnyDay|[upkeep]\n|upkeep\n|turn|19\n|\n|move|p2a: Venusaur|Giga Drain|p1a: Dracovish\n|-damage|p1a: Dracovish|0 fnt\n|-heal|p2a: Venusaur|19\/100|[from] drain|[of] p1a: Dracovish\n|-damage|p2a: Venusaur|9\/100|[from] item: Life Orb\n|faint|p1a: Dracovish\n|\n|-weather|SunnyDay|[upkeep]\n|upkeep\n|\n|switch|p1a: Barraskewda|Barraskewda, M|100\/100\n|turn|20\n|\n|move|p1a: Barraskewda|Aqua Jet|p2a: Venusaur\n|-resisted|p2a: Venusaur\n|-damage|p2a: Venusaur|0 fnt\n|faint|p2a: Venusaur\n|\n|-weather|SunnyDay|[upkeep]\n|upkeep\n|\n|switch|p2a: Torkoal|Torkoal, F|26\/100\n|turn|21\n|\n|move|p1a: Barraskewda|Aqua Jet|p2a: Torkoal\n|-supereffective|p2a: Torkoal\n|-damage|p2a: Torkoal|2\/100\n|move|p2a: Torkoal|Solar Beam||[still]\n|-prepare|p2a: Torkoal|Solar Beam|p1a: Barraskewda\n|-anim|p2a: Torkoal|Solar Beam|p1a: Barraskewda\n|-supereffective|p1a: Barraskewda\n|-damage|p1a: Barraskewda|0 fnt\n|faint|p1a: Barraskewda\n|\n|win|CarlyBae\n|c|\u2606CarlyBae|gg\n|c|\u2606chanceverte|gg^^\n|raw|chanceverte's rating: 1507 &rarr; <strong>1485<\/strong><br \/>(-22 for losing)\n|raw|CarlyBae's rating: 1473 &rarr; <strong>1495<\/strong><br \/>(+22 for winning)\n|l|\u2606chanceverte\n|c|\u2606CarlyBae|\/log CarlyBae made this room public.\n","uploadtime":1583100987,"views":3,"p1id":"chanceverte","p2id":"carlybae","formatid":"gen8ou","rating":1485,"private":0,"password":null}