{"id":"gen8randombattle-1692488555","p1":"SiriCelebi","p2":"Ferrothornail\u8349\u94a2\u7532","format":"gen8randombattle","log":"|j|\u2606SiriCelebi\n|j|\u2606Ferrothornail\u8349\u94a2\u7532\n|t:|1666490627\n|gametype|singles\n|player|p1|SiriCelebi|101|\n|player|p2|Ferrothornail\u8349\u94a2\u7532|lillie|\n|teamsize|p1|6\n|teamsize|p2|6\n|gen|8\n|tier|[Gen 8] Random Battle\n|rated|Tournament battle\n|rule|Species Clause: Limit one of each Pok\u00e9mon\n|rule|HP Percentage Mod: HP is shown in percentages\n|rule|Sleep Clause Mod: Limit one foe put to sleep\n|\n|t:|1666490627\n|start\n|switch|p1a: Kyogre|Kyogre, L72|263\/263\n|switch|p2a: Beheeyem|Beheeyem, L86, F|269\/269\n|-weather|RainDance|[from] ability: Drizzle|[of] p1a: Kyogre\n|turn|1\n|inactive|Battle timer is ON: inactive players will automatically lose when time's up. (requested by Ferrothornail\u8349\u94a2\u7532)\n|\n|t:|1666490682\n|switch|p2a: Volcanion|Volcanion, L80|259\/259\n|move|p1a: Kyogre|Calm Mind|p1a: Kyogre\n|-boost|p1a: Kyogre|spa|1\n|-boost|p1a: Kyogre|spd|1\n|\n|-weather|RainDance|[upkeep]\n|upkeep\n|turn|2\n|inactive|Ferrothornail\u8349\u94a2\u7532 has 120 seconds left.\n|\n|t:|1666490725\n|move|p1a: Kyogre|Calm Mind|p1a: Kyogre\n|-boost|p1a: Kyogre|spa|1\n|-boost|p1a: Kyogre|spd|1\n|move|p2a: Volcanion|Steam Eruption|p1a: Kyogre\n|-resisted|p1a: Kyogre\n|-damage|p1a: Kyogre|218\/263\n|\n|-weather|RainDance|[upkeep]\n|-heal|p1a: Kyogre|234\/263|[from] item: Leftovers\n|upkeep\n|turn|3\n|\n|t:|1666490733\n|switch|p2a: Hitmonlee|Hitmonlee, L84, M|221\/221\n|move|p1a: Kyogre|Calm Mind|p1a: Kyogre\n|-boost|p1a: Kyogre|spa|1\n|-boost|p1a: Kyogre|spd|1\n|\n|-weather|RainDance|[upkeep]\n|-heal|p1a: Kyogre|250\/263|[from] item: Leftovers\n|upkeep\n|turn|4\n|\n|t:|1666490743\n|move|p2a: Hitmonlee|Close Combat|p1a: Kyogre\n|-crit|p1a: Kyogre\n|-damage|p1a: Kyogre|12\/263\n|-unboost|p2a: Hitmonlee|def|1\n|-unboost|p2a: Hitmonlee|spd|1\n|-enditem|p2a: Hitmonlee|White Herb\n|-clearnegativeboost|p2a: Hitmonlee|[silent]\n|move|p1a: Kyogre|Origin Pulse|p2a: Hitmonlee\n|-damage|p2a: Hitmonlee|0 fnt\n|faint|p2a: Hitmonlee\n|\n|-weather|RainDance|[upkeep]\n|-heal|p1a: Kyogre|28\/263|[from] item: Leftovers\n|upkeep\n|inactive|Ferrothornail\u8349\u94a2\u7532 has 120 seconds left.\n|\n|t:|1666490775\n|switch|p2a: Urshifu|Urshifu-Rapid-Strike, L78, M|284\/284\n|turn|5\n|\n|t:|1666490784\n|switch|p1a: Eldegoss|Eldegoss, L90, F|254\/254\n|move|p2a: Urshifu|Drain Punch|p1a: Eldegoss\n|-damage|p1a: Eldegoss|173\/254\n|\n|-weather|none\n|-heal|p1a: Eldegoss|188\/254|[from] item: Leftovers\n|upkeep\n|turn|6\n|\n|t:|1666490798\n|switch|p2a: Volcanion|Volcanion, L80|259\/259\n|move|p1a: Eldegoss|Leech Seed|p2a: Volcanion\n|-start|p2a: Volcanion|move: Leech Seed\n|\n|-heal|p1a: Eldegoss|203\/254|[from] item: Leftovers\n|-damage|p2a: Volcanion|227\/259|[from] Leech Seed|[of] p1a: Eldegoss\n|-heal|p1a: Eldegoss|235\/254|[silent]\n|upkeep\n|turn|7\n|inactive|Ferrothornail\u8349\u94a2\u7532 has 90 seconds left.\n|\n|t:|1666490834\n|switch|p1a: Kyogre|Kyogre, L72|28\/263\n|-weather|RainDance|[from] ability: Drizzle|[of] p1a: Kyogre\n|move|p2a: Volcanion|Flamethrower|p1a: Kyogre\n|-resisted|p1a: Kyogre\n|-damage|p1a: Kyogre|7\/263\n|\n|-weather|RainDance|[upkeep]\n|-heal|p1a: Kyogre|23\/263|[from] item: Leftovers\n|-damage|p2a: Volcanion|195\/259|[from] Leech Seed|[of] p1a: Kyogre\n|-heal|p1a: Kyogre|55\/263|[silent]\n|upkeep\n|turn|8\n|j| Pale light\n|\n|t:|1666490844\n|move|p1a: Kyogre|Thunder|p2a: Volcanion\n|-supereffective|p2a: Volcanion\n|-damage|p2a: Volcanion|17\/259\n|-status|p2a: Volcanion|par\n|cant|p2a: Volcanion|par\n|\n|-weather|RainDance|[upkeep]\n|-heal|p1a: Kyogre|71\/263|[from] item: Leftovers\n|-damage|p2a: Volcanion|0 fnt|[from] Leech Seed|[of] p1a: Kyogre\n|-heal|p1a: Kyogre|88\/263|[silent]\n|faint|p2a: Volcanion\n|upkeep\n|c|\u2606SiriCelebi|\u51a5\u571f\u8ffd\u9b42\n|inactive|Ferrothornail\u8349\u94a2\u7532 has 90 seconds left.\n|\n|t:|1666490856\n|switch|p2a: Urshifu|Urshifu-Rapid-Strike, L78, M|284\/284\n|turn|9\n|\n|t:|1666490864\n|switch|p1a: Shedinja|Shedinja, L88|1\/1\n|move|p2a: Urshifu|Drain Punch|p1a: Shedinja\n|-immune|p1a: Shedinja|[from] ability: Wonder Guard\n|\n|-weather|RainDance|[upkeep]\n|upkeep\n|turn|10\n|\n|t:|1666490875\n|switch|p2a: Tsareena|Tsareena, L84, F|258\/258\n|switch|p1a: Kyogre|Kyogre, L72|88\/263\n|\n|-weather|RainDance|[upkeep]\n|-heal|p1a: Kyogre|104\/263|[from] item: Leftovers\n|upkeep\n|turn|11\n|\n|t:|1666490880\n|switch|p1a: Arcanine|Arcanine, L82, F|282\/282\n|-ability|p1a: Arcanine|Intimidate|boost\n|-unboost|p2a: Tsareena|atk|1\n|switch|p2a: Beheeyem|Beheeyem, L86, F|269\/269\n|\n|-weather|none\n|upkeep\n|turn|12\n|\n|t:|1666490890\n|switch|p2a: Urshifu|Urshifu-Rapid-Strike, L78, M|284\/284\n|move|p1a: Arcanine|Flare Blitz|p2a: Urshifu\n|-resisted|p2a: Urshifu\n|-damage|p2a: Urshifu|218\/284\n|-damage|p1a: Arcanine|260\/282|[from] Recoil\n|\n|-heal|p2a: Urshifu|235\/284|[from] item: Leftovers\n|upkeep\n|turn|13\n|\n|t:|1666490900\n|switch|p1a: Shedinja|Shedinja, L88|1\/1\n|switch|p2a: Beheeyem|Beheeyem, L86, F|269\/269\n|\n|upkeep\n|turn|14\n|\n|t:|1666490910\n|switch|p1a: Eldegoss|Eldegoss, L90, F|254\/254\n|move|p2a: Beheeyem|Shadow Ball|p1a: Eldegoss\n|-damage|p1a: Eldegoss|146\/254\n|\n|-heal|p1a: Eldegoss|161\/254|[from] item: Leftovers\n|upkeep\n|turn|15\n|\n|t:|1666490915\n|-start|p2a: Beheeyem|Dynamax|\n|-heal|p2a: Beheeyem|538\/538|[silent]\n|move|p1a: Eldegoss|Pollen Puff|p2a: Beheeyem\n|-supereffective|p2a: Beheeyem\n|-damage|p2a: Beheeyem|414\/538\n|move|p2a: Beheeyem|Max Mindstorm|p1a: Eldegoss\n|-damage|p1a: Eldegoss|0 fnt\n|-fieldstart|move: Psychic Terrain\n|faint|p1a: Eldegoss\n|\n|upkeep\n|\n|t:|1666490920\n|switch|p1a: Zacian|Zacian-Crowned, L62|218\/218\n|-ability|p1a: Zacian|Intrepid Sword|boost\n|-boost|p1a: Zacian|atk|1\n|turn|16\n|-message|Ferrothornail\u8349\u94a2\u7532 forfeited.\n|\n|win|SiriCelebi\n|n|\u2606SiriCelebi|siricelebi\n|n|\u2606Ferrothornail\u8349\u94a2\u7532|ferrothornail\n|n| Pale light|palelight\n","inputlog":">version 9c5d654b898167f5ae9ca6e9cc2965040adf185e\n>start {\"formatid\":\"gen8randombattle\",\"seed\":[45094,51688,58778,56165],\"rated\":\"Tournament battle\"}\n>player p1 {\"name\":\"SiriCelebi\",\"avatar\":\"101\",\"rating\":0,\"seed\":[30205,34919,50551,41676]}\n>player p2 {\"name\":\"Ferrothornail\u8349\u94a2\u7532\",\"avatar\":\"lillie\",\"rating\":0,\"seed\":[58166,24465,20077,55541]}\n>p1 move calmmind\n>p2 switch 6\n>p1 move calmmind\n>p2 move steameruption\n>p1 move calmmind\n>p2 switch 5\n>p1 move originpulse\n>p2 move closecombat\n>p2 switch 2\n>p1 switch 2\n>p2 move drainpunch\n>p1 move leechseed\n>p2 switch 5\n>p1 switch 2\n>p2 move flamethrower\n>p1 move thunder\n>p2 move steameruption\n>chat \u2606SiriCelebi|\u51a5\u571f\u8ffd\u9b42\n>p2 switch 5\n>p1 switch 3\n>p2 move drainpunch\n>p1 switch 3\n>p2 switch 4\n>p1 switch 4\n>p2 switch 6\n>p1 move flareblitz\n>p2 switch 4\n>p1 switch 3\n>p2 switch 4\n>p1 switch 2\n>p2 move shadowball\n>p1 move pollenpuff\n>p2 move psychic dynamax\n>p1 switch 6\n>forcelose p2","uploadtime":1666490928,"views":3,"p1id":"siricelebi","p2id":"ferrothornail","formatid":"gen8randombattle","rating":0,"private":0,"password":null}