{"id":"gen8ou-1698401697","p1":"Chaud74","p2":"xcp111111","format":"gen8ou","log":"|j|\u2606Chaud74\n|j|\u2606xcp111111\n|t:|1667114566\n|gametype|singles\n|player|p1|Chaud74|101|1538\n|player|p2|xcp111111|169|1490\n|teamsize|p1|6\n|teamsize|p2|6\n|gen|8\n|tier|[Gen 8] OU\n|rated|\n|rule|Sleep Clause Mod: Limit one foe put to sleep\n|rule|Species Clause: Limit one of each Pok\u00e9mon\n|rule|OHKO Clause: OHKO moves are banned\n|rule|Evasion Items Clause: Evasion items are banned\n|rule|Evasion Moves Clause: Evasion moves are banned\n|rule|Endless Battle Clause: Forcing endless battles is banned\n|rule|HP Percentage Mod: HP is shown in percentages\n|rule|Dynamax Clause: You cannot dynamax\n|clearpoke\n|poke|p1|Ferrothorn, M|\n|poke|p1|Slowking-Galar, F|\n|poke|p1|Tornadus-Therian, M|\n|poke|p1|Zeraora|\n|poke|p1|Urshifu-*, F|\n|poke|p1|Hydreigon, F|\n|poke|p2|Rillaboom, F|\n|poke|p2|Tornadus-Therian, M|\n|poke|p2|Blaziken, M|\n|poke|p2|Melmetal|\n|poke|p2|Garchomp, M|\n|poke|p2|Slowbro, F|\n|teampreview\n|inactive|Battle timer is ON: inactive players will automatically lose when time's up. (requested by xcp111111)\n|\n|t:|1667114581\n|start\n|switch|p1a: Purple Powa|Slowking-Galar, F|100\/100\n|switch|p2a: Garchomp|Garchomp, M|100\/100\n|turn|1\n|\n|t:|1667114592\n|switch|p1a: Vined Balls|Ferrothorn, M|100\/100\n|move|p2a: Garchomp|Earthquake|p1a: Vined Balls\n|-damage|p1a: Vined Balls|74\/100\n|\n|-heal|p1a: Vined Balls|80\/100|[from] item: Leftovers\n|upkeep\n|turn|2\n|\n|t:|1667114601\n|move|p2a: Garchomp|Stealth Rock|p1a: Vined Balls\n|-sidestart|p1: Chaud74|move: Stealth Rock\n|move|p1a: Vined Balls|Stealth Rock|p2a: Garchomp\n|-sidestart|p2: xcp111111|move: Stealth Rock\n|\n|-heal|p1a: Vined Balls|86\/100|[from] item: Leftovers\n|upkeep\n|turn|3\n|\n|t:|1667114616\n|switch|p2a: Rillaboom|Rillaboom, F|100\/100\n|-damage|p2a: Rillaboom|88\/100|[from] Stealth Rock\n|-fieldstart|move: Grassy Terrain|[from] ability: Grassy Surge|[of] p2a: Rillaboom\n|move|p1a: Vined Balls|Knock Off|p2a: Rillaboom\n|-damage|p2a: Rillaboom|66\/100\n|-enditem|p2a: Rillaboom|Leftovers|[from] move: Knock Off|[of] p1a: Vined Balls\n|\n|-heal|p2a: Rillaboom|72\/100|[from] Grassy Terrain\n|-heal|p1a: Vined Balls|92\/100|[from] Grassy Terrain\n|-heal|p1a: Vined Balls|98\/100|[from] item: Leftovers\n|upkeep\n|turn|4\n|\n|t:|1667114631\n|switch|p1a: Tordanus|Tornadus-Therian, M|100\/100\n|move|p2a: Rillaboom|Swords Dance|p2a: Rillaboom\n|-boost|p2a: Rillaboom|atk|2\n|\n|-heal|p2a: Rillaboom|79\/100|[from] Grassy Terrain\n|upkeep\n|turn|5\n|\n|t:|1667114641\n|switch|p2a: Tornadus|Tornadus-Therian, M|100\/100\n|move|p1a: Tordanus|Icy Wind|p2a: Tornadus\n|-supereffective|p2a: Tornadus\n|-damage|p2a: Tornadus|72\/100\n|-unboost|p2a: Tornadus|spe|1\n|\n|upkeep\n|turn|6\n|\n|t:|1667114649\n|move|p1a: Tordanus|Knock Off|p2a: Tornadus\n|-damage|p2a: Tornadus|51\/100\n|-enditem|p2a: Tornadus|Heavy-Duty Boots|[from] move: Knock Off|[of] p1a: Tordanus\n|move|p2a: Tornadus|Knock Off|p1a: Tordanus\n|-damage|p1a: Tordanus|81\/100\n|-enditem|p1a: Tordanus|Heavy-Duty Boots|[from] move: Knock Off|[of] p2a: Tornadus\n|\n|upkeep\n|turn|7\n|\n|t:|1667114657\n|move|p1a: Tordanus|Icy Wind|p2a: Tornadus\n|-supereffective|p2a: Tornadus\n|-damage|p2a: Tornadus|25\/100\n|-unboost|p2a: Tornadus|spe|1\n|move|p2a: Tornadus|U-turn|p1a: Tordanus\n|-resisted|p1a: Tordanus\n|-damage|p1a: Tordanus|74\/100\n|l|\u2606xcp111111\n|inactive|xcp111111 disconnected and has a minute to reconnect!\n|player|p2|\n|j|\u2606xcp111111\n|inactive|xcp111111 reconnected and has 125 seconds left.\n|player|p2|xcp111111|169\n|\n|t:|1667114686\n|switch|p2a: Slowbro|Slowbro, F|100\/100|[from]move: U-turn\n|-damage|p2a: Slowbro|88\/100|[from] Stealth Rock\n|\n|-heal|p2a: Slowbro|94\/100|[from] Grassy Terrain\n|-fieldend|move: Grassy Terrain\n|upkeep\n|turn|8\n|\n|t:|1667114695\n|move|p1a: Tordanus|U-turn|p2a: Slowbro\n|-supereffective|p2a: Slowbro\n|-damage|p2a: Slowbro|77\/100\n|-damage|p1a: Tordanus|57\/100|[from] item: Rocky Helmet|[of] p2a: Slowbro\n|\n|t:|1667114700\n|switch|p1a: Purple Powa|Slowking-Galar, F|100\/100|[from]move: U-turn\n|-damage|p1a: Purple Powa|88\/100|[from] Stealth Rock\n|move|p2a: Slowbro|Future Sight|p1a: Purple Powa\n|-start|p2a: Slowbro|move: Future Sight\n|\n|upkeep\n|turn|9\n|\n|t:|1667114709\n|move|p1a: Purple Powa|Future Sight|p2a: Slowbro\n|-start|p1a: Purple Powa|move: Future Sight\n|move|p2a: Slowbro|Teleport|p2a: Slowbro\n|\n|t:|1667114722\n|switch|p2a: Tornadus|Tornadus-Therian, M|59\/100|[from]move: Teleport\n|-damage|p2a: Tornadus|34\/100|[from] Stealth Rock\n|\n|upkeep\n|turn|10\n|\n|t:|1667114728\n|move|p2a: Tornadus|U-turn|p1a: Purple Powa\n|-damage|p1a: Purple Powa|72\/100\n|\n|t:|1667114730\n|switch|p2a: Melmetal|Melmetal|100\/100|[from]move: U-turn\n|-damage|p2a: Melmetal|94\/100|[from] Stealth Rock\n|move|p1a: Purple Powa|Sludge Bomb|p2a: Melmetal\n|-immune|p2a: Melmetal\n|\n|-end|p1a: Purple Powa|move: Future Sight\n|-crit|p1a: Purple Powa\n|-damage|p1a: Purple Powa|41\/100\n|-heal|p2a: Melmetal|100\/100|[from] item: Leftovers\n|upkeep\n|turn|11\n|\n|t:|1667114745\n|switch|p1a: Vined Balls|Ferrothorn, M|98\/100\n|-damage|p1a: Vined Balls|92\/100|[from] Stealth Rock\n|move|p2a: Melmetal|Superpower|p1a: Vined Balls\n|-supereffective|p1a: Vined Balls\n|-damage|p1a: Vined Balls|32\/100\n|-unboost|p2a: Melmetal|atk|1\n|-unboost|p2a: Melmetal|def|1\n|-damage|p2a: Melmetal|88\/100|[from] ability: Iron Barbs|[of] p1a: Vined Balls\n|\n|-end|p2a: Melmetal|move: Future Sight\n|-resisted|p2a: Melmetal\n|-damage|p2a: Melmetal|64\/100\n|-heal|p2a: Melmetal|70\/100|[from] item: Leftovers\n|-heal|p1a: Vined Balls|38\/100|[from] item: Leftovers\n|upkeep\n|turn|12\n|\n|t:|1667114762\n|switch|p2a: Blaziken|Blaziken, M|100\/100\n|-damage|p2a: Blaziken|88\/100|[from] Stealth Rock\n|move|p1a: Vined Balls|Leech Seed|p2a: Blaziken\n|-start|p2a: Blaziken|move: Leech Seed\n|\n|-heal|p2a: Blaziken|94\/100|[from] item: Leftovers\n|-heal|p1a: Vined Balls|44\/100|[from] item: Leftovers\n|-damage|p2a: Blaziken|82\/100|[from] Leech Seed|[of] p1a: Vined Balls\n|-heal|p1a: Vined Balls|56\/100|[silent]\n|upkeep\n|turn|13\n|\n|t:|1667114774\n|switch|p1a: Po|Urshifu-Rapid-Strike, F|100\/100\n|-damage|p1a: Po|94\/100|[from] Stealth Rock\n|move|p2a: Blaziken|Flare Blitz|p1a: Po\n|-resisted|p1a: Po\n|-damage|p1a: Po|64\/100\n|-damage|p2a: Blaziken|72\/100|[from] Recoil\n|\n|-heal|p2a: Blaziken|78\/100|[from] item: Leftovers\n|-damage|p2a: Blaziken|65\/100|[from] Leech Seed|[of] p1a: Po\n|-heal|p1a: Po|77\/100|[silent]\n|-ability|p2a: Blaziken|Speed Boost|boost\n|-boost|p2a: Blaziken|spe|1\n|upkeep\n|turn|14\n|inactive|Chaud74 has 120 seconds left.\n|\n|t:|1667114794\n|switch|p2a: Slowbro|Slowbro, F|100\/100\n|-damage|p2a: Slowbro|88\/100|[from] Stealth Rock\n|move|p1a: Po|U-turn|p2a: Slowbro\n|-supereffective|p2a: Slowbro\n|-damage|p2a: Slowbro|57\/100\n|-damage|p1a: Po|60\/100|[from] item: Rocky Helmet|[of] p2a: Slowbro\n|inactive|Chaud74 has 120 seconds left.\n|\n|t:|1667114805\n|switch|p1a: Purple Powa|Slowking-Galar, F|75\/100|[from]move: U-turn\n|-damage|p1a: Purple Powa|62\/100|[from] Stealth Rock\n|\n|upkeep\n|turn|15\n|inactive|Chaud74 has 120 seconds left.\n|\n|t:|1667114811\n|move|p1a: Purple Powa|Future Sight|p2a: Slowbro\n|-start|p1a: Purple Powa|move: Future Sight\n|move|p2a: Slowbro|Future Sight|p1a: Purple Powa\n|-start|p2a: Slowbro|move: Future Sight\n|\n|upkeep\n|turn|16\n|\n|t:|1667114815\n|move|p1a: Purple Powa|Sludge Bomb|p2a: Slowbro\n|-damage|p2a: Slowbro|9\/100\n|-status|p2a: Slowbro|psn\n|move|p2a: Slowbro|Teleport|p2a: Slowbro\n|\n|t:|1667114819\n|switch|p2a: Melmetal|Melmetal|70\/100|[from]move: Teleport\n|-damage|p2a: Melmetal|64\/100|[from] Stealth Rock\n|\n|-heal|p2a: Melmetal|70\/100|[from] item: Leftovers\n|upkeep\n|turn|17\n|\n|t:|1667114828\n|switch|p1a: Vined Balls|Ferrothorn, M|56\/100\n|-damage|p1a: Vined Balls|50\/100|[from] Stealth Rock\n|move|p2a: Melmetal|Double Iron Bash|p1a: Vined Balls\n|-resisted|p1a: Vined Balls\n|-damage|p1a: Vined Balls|38\/100\n|-damage|p2a: Melmetal|57\/100|[from] ability: Iron Barbs|[of] p1a: Vined Balls\n|-resisted|p1a: Vined Balls\n|-damage|p1a: Vined Balls|25\/100\n|-damage|p2a: Melmetal|45\/100|[from] ability: Iron Barbs|[of] p1a: Vined Balls\n|-hitcount|p1a: Vined Balls|2\n|\n|-end|p2a: Melmetal|move: Future Sight\n|-resisted|p2a: Melmetal\n|-damage|p2a: Melmetal|20\/100\n|-end|p1a: Vined Balls|move: Future Sight\n|-resisted|p1a: Vined Balls\n|-damage|p1a: Vined Balls|8\/100\n|-heal|p2a: Melmetal|27\/100|[from] item: Leftovers\n|-heal|p1a: Vined Balls|14\/100|[from] item: Leftovers\n|upkeep\n|turn|18\n|\n|t:|1667114849\n|move|p2a: Melmetal|Superpower|p1a: Vined Balls\n|-supereffective|p1a: Vined Balls\n|-damage|p1a: Vined Balls|0 fnt\n|-unboost|p2a: Melmetal|atk|1\n|-unboost|p2a: Melmetal|def|1\n|-damage|p2a: Melmetal|14\/100|[from] ability: Iron Barbs|[of] p1a: Vined Balls\n|faint|p1a: Vined Balls\n|\n|-heal|p2a: Melmetal|20\/100|[from] item: Leftovers\n|upkeep\n|inactive|Chaud74 has 120 seconds left.\n|\n|t:|1667114871\n|switch|p1a: Po|Urshifu-Rapid-Strike, F|60\/100\n|-damage|p1a: Po|54\/100|[from] Stealth Rock\n|turn|19\n|inactive|Chaud74 has 120 seconds left.\n|\n|t:|1667114876\n|switch|p2a: Garchomp|Garchomp, M|100\/100\n|-damage|p2a: Garchomp|94\/100|[from] Stealth Rock\n|move|p1a: Po|Close Combat|p2a: Garchomp\n|-crit|p2a: Garchomp\n|-damage|p2a: Garchomp|16\/100\n|-unboost|p1a: Po|def|1\n|-unboost|p1a: Po|spd|1\n|-damage|p1a: Po|42\/100|[from] ability: Rough Skin|[of] p2a: Garchomp\n|\n|-heal|p2a: Garchomp|22\/100|[from] item: Leftovers\n|upkeep\n|turn|20\n|inactive|Chaud74 has 120 seconds left.\n|\n|t:|1667114890\n|switch|p2a: Tornadus|Tornadus-Therian, M|67\/100\n|-damage|p2a: Tornadus|42\/100|[from] Stealth Rock\n|move|p1a: Po|Close Combat|p2a: Tornadus\n|-resisted|p2a: Tornadus\n|-damage|p2a: Tornadus|8\/100\n|-unboost|p1a: Po|def|1\n|-unboost|p1a: Po|spd|1\n|\n|upkeep\n|turn|21\n|\n|t:|1667114902\n|move|p1a: Po|Close Combat|p2a: Tornadus\n|-resisted|p2a: Tornadus\n|-damage|p2a: Tornadus|0 fnt\n|-unboost|p1a: Po|def|1\n|-unboost|p1a: Po|spd|1\n|faint|p2a: Tornadus\n|\n|upkeep\n|\n|t:|1667114906\n|switch|p2a: Rillaboom|Rillaboom, F|79\/100\n|-damage|p2a: Rillaboom|66\/100|[from] Stealth Rock\n|-fieldstart|move: Grassy Terrain|[from] ability: Grassy Surge|[of] p2a: Rillaboom\n|turn|22\n|\n|t:|1667114914\n|switch|p1a: Tordanus|Tornadus-Therian, M|91\/100\n|-damage|p1a: Tordanus|66\/100|[from] Stealth Rock\n|move|p2a: Rillaboom|Swords Dance|p2a: Rillaboom\n|-boost|p2a: Rillaboom|atk|2\n|\n|-heal|p2a: Rillaboom|72\/100|[from] Grassy Terrain\n|upkeep\n|turn|23\n|\n|t:|1667114923\n|move|p2a: Rillaboom|Grassy Glide|p1a: Tordanus\n|-resisted|p1a: Tordanus\n|-damage|p1a: Tordanus|15\/100\n|move|p1a: Tordanus|Icy Wind|p2a: Rillaboom\n|-supereffective|p2a: Rillaboom\n|-damage|p2a: Rillaboom|40\/100\n|-unboost|p2a: Rillaboom|spe|1\n|\n|-heal|p2a: Rillaboom|47\/100|[from] Grassy Terrain\n|upkeep\n|turn|24\n|\n|t:|1667114937\n|move|p2a: Rillaboom|Grassy Glide|p1a: Tordanus\n|-resisted|p1a: Tordanus\n|-damage|p1a: Tordanus|0 fnt\n|faint|p1a: Tordanus\n|\n|-heal|p2a: Rillaboom|53\/100|[from] Grassy Terrain\n|upkeep\n|\n|t:|1667114945\n|switch|p1a: Triple Axel|Hydreigon, F|100\/100\n|turn|25\n|\n|t:|1667114958\n|switch|p2a: Melmetal|Melmetal|20\/100\n|-damage|p2a: Melmetal|14\/100|[from] Stealth Rock\n|move|p1a: Triple Axel|Dark Pulse|p2a: Melmetal\n|-damage|p2a: Melmetal|0 fnt\n|faint|p2a: Melmetal\n|\n|upkeep\n|\n|t:|1667114966\n|switch|p2a: Blaziken|Blaziken, M|65\/100\n|-damage|p2a: Blaziken|53\/100|[from] Stealth Rock\n|turn|26\n|inactive|Chaud74 has 120 seconds left.\n|\n|t:|1667115022\n|move|p2a: Blaziken|Protect|p2a: Blaziken\n|-singleturn|p2a: Blaziken|Protect\n|move|p1a: Triple Axel|Earth Power|p2a: Blaziken\n|-activate|p2a: Blaziken|move: Protect\n|\n|-heal|p2a: Blaziken|59\/100|[from] Grassy Terrain\n|-heal|p2a: Blaziken|65\/100|[from] item: Leftovers\n|-fieldend|move: Grassy Terrain\n|-ability|p2a: Blaziken|Speed Boost|boost\n|-boost|p2a: Blaziken|spe|1\n|upkeep\n|turn|27\n|\n|t:|1667115033\n|move|p2a: Blaziken|Close Combat|p1a: Triple Axel\n|-supereffective|p1a: Triple Axel\n|-damage|p1a: Triple Axel|0 fnt\n|-unboost|p2a: Blaziken|def|1\n|-unboost|p2a: Blaziken|spd|1\n|faint|p1a: Triple Axel\n|\n|-heal|p2a: Blaziken|72\/100|[from] item: Leftovers\n|-ability|p2a: Blaziken|Speed Boost|boost\n|-boost|p2a: Blaziken|spe|1\n|upkeep\n|\n|t:|1667115043\n|switch|p1a: Zeratora|Zeraora|100\/100\n|turn|28\n|\n|t:|1667115047\n|move|p2a: Blaziken|Protect|p2a: Blaziken\n|-singleturn|p2a: Blaziken|Protect\n|move|p1a: Zeratora|Plasma Fists|p2a: Blaziken\n|-activate|p2a: Blaziken|move: Protect\n|\n|-heal|p2a: Blaziken|78\/100|[from] item: Leftovers\n|-ability|p2a: Blaziken|Speed Boost|boost\n|-boost|p2a: Blaziken|spe|1\n|upkeep\n|turn|29\n|\n|t:|1667115061\n|switch|p2a: Garchomp|Garchomp, M|22\/100\n|-damage|p2a: Garchomp|16\/100|[from] Stealth Rock\n|move|p1a: Zeratora|Plasma Fists|p2a: Garchomp\n|-immune|p2a: Garchomp\n|\n|-heal|p2a: Garchomp|22\/100|[from] item: Leftovers\n|upkeep\n|turn|30\n|\n|t:|1667115072\n|move|p2a: Garchomp|Protect|p2a: Garchomp\n|-singleturn|p2a: Garchomp|Protect\n|move|p1a: Zeratora|Close Combat|p2a: Garchomp\n|-activate|p2a: Garchomp|move: Protect\n|\n|-heal|p2a: Garchomp|28\/100|[from] item: Leftovers\n|upkeep\n|turn|31\n|\n|t:|1667115082\n|switch|p2a: Slowbro|Slowbro, F|42\/100 psn\n|-damage|p2a: Slowbro|30\/100 psn|[from] Stealth Rock\n|move|p1a: Zeratora|Close Combat|p2a: Slowbro\n|-resisted|p2a: Slowbro\n|-damage|p2a: Slowbro|18\/100 psn\n|-unboost|p1a: Zeratora|def|1\n|-unboost|p1a: Zeratora|spd|1\n|-damage|p1a: Zeratora|84\/100|[from] item: Rocky Helmet|[of] p2a: Slowbro\n|\n|-damage|p2a: Slowbro|6\/100 psn|[from] psn\n|upkeep\n|turn|32\n|\n|t:|1667115106\n|switch|p2a: Garchomp|Garchomp, M|28\/100\n|-damage|p2a: Garchomp|22\/100|[from] Stealth Rock\n|move|p1a: Zeratora|Knock Off|p2a: Garchomp\n|-damage|p2a: Garchomp|0 fnt\n|-damage|p1a: Zeratora|72\/100|[from] ability: Rough Skin|[of] p2a: Garchomp\n|-enditem|p2a: Garchomp|Leftovers|[from] move: Knock Off|[of] p1a: Zeratora\n|faint|p2a: Garchomp\n|\n|upkeep\n|\n|t:|1667115112\n|switch|p2a: Rillaboom|Rillaboom, F|53\/100\n|-damage|p2a: Rillaboom|40\/100|[from] Stealth Rock\n|-fieldstart|move: Grassy Terrain|[from] ability: Grassy Surge|[of] p2a: Rillaboom\n|turn|33\n|inactive|Chaud74 has 120 seconds left.\n|\n|t:|1667115123\n|move|p2a: Rillaboom|Grassy Glide|p1a: Zeratora\n|-damage|p1a: Zeratora|0 fnt\n|faint|p1a: Zeratora\n|\n|-heal|p2a: Rillaboom|47\/100|[from] Grassy Terrain\n|upkeep\n|\n|t:|1667115131\n|switch|p1a: Purple Powa|Slowking-Galar, F|96\/100\n|-damage|p1a: Purple Powa|83\/100|[from] Stealth Rock\n|turn|34\n|\n|t:|1667115136\n|switch|p2a: Slowbro|Slowbro, F|39\/100 psn\n|-damage|p2a: Slowbro|27\/100 psn|[from] Stealth Rock\n|move|p1a: Purple Powa|Sludge Bomb|p2a: Slowbro\n|-damage|p2a: Slowbro|0 fnt\n|faint|p2a: Slowbro\n|\n|-heal|p1a: Purple Powa|89\/100|[from] Grassy Terrain\n|upkeep\n|\n|t:|1667115139\n|switch|p2a: Blaziken|Blaziken, M|78\/100\n|-damage|p2a: Blaziken|65\/100|[from] Stealth Rock\n|turn|35\n|\n|t:|1667115157\n|switch|p2a: Rillaboom|Rillaboom, F|47\/100\n|-damage|p2a: Rillaboom|34\/100|[from] Stealth Rock\n|switch|p1a: Po|Urshifu-Rapid-Strike, F|42\/100\n|-damage|p1a: Po|36\/100|[from] Stealth Rock\n|\n|-heal|p1a: Po|42\/100|[from] Grassy Terrain\n|-heal|p2a: Rillaboom|40\/100|[from] Grassy Terrain\n|upkeep\n|turn|36\n|\n|t:|1667115169\n|switch|p1a: Purple Powa|Slowking-Galar, F|100\/100\n|-damage|p1a: Purple Powa|88\/100|[from] Stealth Rock\n|move|p2a: Rillaboom|Grassy Glide|p1a: Purple Powa\n|-resisted|p1a: Purple Powa\n|-damage|p1a: Purple Powa|62\/100\n|\n|-heal|p2a: Rillaboom|47\/100|[from] Grassy Terrain\n|-heal|p1a: Purple Powa|68\/100|[from] Grassy Terrain\n|upkeep\n|turn|37\n|\n|t:|1667115182\n|move|p2a: Rillaboom|Knock Off|p1a: Purple Powa\n|-supereffective|p1a: Purple Powa\n|-damage|p1a: Purple Powa|0 fnt\n|-enditem|p1a: Purple Powa|Assault Vest|[from] move: Knock Off|[of] p2a: Rillaboom\n|faint|p1a: Purple Powa\n|\n|-heal|p2a: Rillaboom|53\/100|[from] Grassy Terrain\n|-fieldend|move: Grassy Terrain\n|upkeep\n|-message|Chaud74 forfeited.\n|\n|win|xcp111111\n|raw|Chaud74's rating: 1538 &rarr; <strong>1515<\/strong><br \/>(-23 for losing)\n|raw|xcp111111's rating: 1490 &rarr; <strong>1513<\/strong><br \/>(+23 for winning)\n|l|\u2606Chaud74\n|l|\u2606xcp111111\n|j|\u2606xcp111111\n|player|p2|xcp111111|169\n","uploadtime":1667115218,"views":9,"p1id":"chaud74","p2id":"xcp111111","formatid":"gen8ou","rating":1513,"private":0,"password":null}