{"id":"gen8ou-1699941478","p1":"Shinjou Akane","p2":"axy9516","format":"gen8ou","log":"|j|\u2606Shinjou Akane\n|j|\u2606axy9516\n|t:|1667295470\n|gametype|singles\n|player|p1|Shinjou Akane|nurse|1582\n|player|p2|axy9516|170|1484\n|teamsize|p1|6\n|teamsize|p2|6\n|gen|8\n|tier|[Gen 8] OU\n|rated|\n|rule|Sleep Clause Mod: Limit one foe put to sleep\n|rule|Species Clause: Limit one of each Pok\u00e9mon\n|rule|OHKO Clause: OHKO moves are banned\n|rule|Evasion Items Clause: Evasion items are banned\n|rule|Evasion Moves Clause: Evasion moves are banned\n|rule|Endless Battle Clause: Forcing endless battles is banned\n|rule|HP Percentage Mod: HP is shown in percentages\n|rule|Dynamax Clause: You cannot dynamax\n|clearpoke\n|poke|p1|Tapu Lele|\n|poke|p1|Blacephalon|\n|poke|p1|Tyranitar, F|\n|poke|p1|Landorus-Therian, M|\n|poke|p1|Corviknight, F|\n|poke|p1|Toxapex, F|\n|poke|p2|Ninetales-Alola, M|\n|poke|p2|Arctozolt|\n|poke|p2|Regieleki|\n|poke|p2|Sandslash-Alola, M|\n|poke|p2|Urshifu-*, F|\n|poke|p2|Victini|\n|teampreview\n|\n|t:|1667295475\n|start\n|switch|p1a: Tyranitar|Tyranitar, F|100\/100\n|switch|p2a: Urshifu|Urshifu-Rapid-Strike, F|100\/100\n|-weather|Sandstorm|[from] ability: Sand Stream|[of] p1a: Tyranitar\n|turn|1\n|\n|t:|1667295479\n|switch|p1a: Toxapex|Toxapex, F|100\/100\n|move|p2a: Urshifu|Surging Strikes|p1a: Toxapex\n|-resisted|p1a: Toxapex\n|-crit|p1a: Toxapex\n|-damage|p1a: Toxapex|91\/100\n|-damage|p2a: Urshifu|84\/100|[from] item: Rocky Helmet|[of] p1a: Toxapex\n|-resisted|p1a: Toxapex\n|-crit|p1a: Toxapex\n|-damage|p1a: Toxapex|81\/100\n|-damage|p2a: Urshifu|68\/100|[from] item: Rocky Helmet|[of] p1a: Toxapex\n|-resisted|p1a: Toxapex\n|-crit|p1a: Toxapex\n|-damage|p1a: Toxapex|71\/100\n|-damage|p2a: Urshifu|51\/100|[from] item: Rocky Helmet|[of] p1a: Toxapex\n|-hitcount|p1a: Toxapex|3\n|\n|-weather|Sandstorm|[upkeep]\n|-damage|p2a: Urshifu|45\/100|[from] Sandstorm\n|-damage|p1a: Toxapex|66\/100|[from] Sandstorm\n|upkeep\n|turn|2\n|\n|t:|1667295482\n|switch|p2a: Regieleki|Regieleki|100\/100\n|move|p1a: Toxapex|Knock Off|p2a: Regieleki\n|-damage|p2a: Regieleki|72\/100\n|-enditem|p2a: Regieleki|Life Orb|[from] move: Knock Off|[of] p1a: Toxapex\n|\n|-weather|Sandstorm|[upkeep]\n|-damage|p2a: Regieleki|66\/100|[from] Sandstorm\n|-damage|p1a: Toxapex|60\/100|[from] Sandstorm\n|upkeep\n|turn|3\n|\n|t:|1667295488\n|switch|p2a: Ninetales|Ninetales-Alola, M|100\/100\n|-weather|Hail|[from] ability: Snow Warning|[of] p2a: Ninetales\n|switch|p1a: Landorus|Landorus-Therian, M|100\/100\n|-ability|p1a: Landorus|Intimidate|boost\n|-unboost|p2a: Ninetales|atk|1\n|\n|-weather|Hail|[upkeep]\n|-damage|p1a: Landorus|94\/100|[from] Hail\n|-heal|p1a: Landorus|100\/100|[from] item: Leftovers\n|upkeep\n|turn|4\n|\n|t:|1667295490\n|switch|p1a: Tyranitar|Tyranitar, F|100\/100\n|-weather|Sandstorm|[from] ability: Sand Stream|[of] p1a: Tyranitar\n|move|p2a: Ninetales|Freeze-Dry|p1a: Tyranitar\n|-damage|p1a: Tyranitar|88\/100\n|\n|-weather|Sandstorm|[upkeep]\n|-damage|p2a: Ninetales|94\/100|[from] Sandstorm\n|upkeep\n|turn|5\n|\n|t:|1667295497\n|switch|p2a: Urshifu|Urshifu-Rapid-Strike, F|45\/100\n|move|p1a: Tyranitar|Stone Edge|p2a: Urshifu\n|-resisted|p2a: Urshifu\n|-damage|p2a: Urshifu|5\/100\n|\n|-weather|Sandstorm|[upkeep]\n|-damage|p2a: Urshifu|0 fnt|[from] Sandstorm\n|faint|p2a: Urshifu\n|upkeep\n|\n|t:|1667295499\n|switch|p2a: Ninetales|Ninetales-Alola, M|94\/100\n|-weather|Hail|[from] ability: Snow Warning|[of] p2a: Ninetales\n|turn|6\n|\n|t:|1667295503\n|move|p2a: Ninetales|Aurora Veil|p2a: Ninetales\n|-sidestart|p2: axy9516|move: Aurora Veil\n|move|p1a: Tyranitar|Stone Edge|p2a: Ninetales\n|-supereffective|p2a: Ninetales\n|-damage|p2a: Ninetales|0 fnt\n|faint|p2a: Ninetales\n|\n|-weather|Hail|[upkeep]\n|-damage|p1a: Tyranitar|82\/100|[from] Hail\n|upkeep\n|\n|t:|1667295507\n|switch|p2a: Arctozolt|Arctozolt|100\/100\n|turn|7\n|\n|t:|1667295511\n|move|p2a: Arctozolt|Blizzard|p1a: Tyranitar\n|-damage|p1a: Tyranitar|37\/100\n|-damage|p2a: Arctozolt|91\/100|[from] item: Life Orb\n|move|p1a: Tyranitar|Stone Edge|p2a: Arctozolt\n|-supereffective|p2a: Arctozolt\n|-damage|p2a: Arctozolt|0 fnt\n|faint|p2a: Arctozolt\n|\n|-weather|Hail|[upkeep]\n|-damage|p1a: Tyranitar|31\/100|[from] Hail\n|upkeep\n|\n|t:|1667295514\n|switch|p2a: Sandslash|Sandslash-Alola, M|100\/100\n|-item|p2a: Sandslash|Air Balloon\n|turn|8\n|\n|t:|1667295522\n|move|p2a: Sandslash|Swords Dance|p2a: Sandslash\n|-boost|p2a: Sandslash|atk|2\n|move|p1a: Tyranitar|Stone Edge|p2a: Sandslash\n|-damage|p2a: Sandslash|54\/100\n|-enditem|p2a: Sandslash|Air Balloon\n|\n|-weather|Hail|[upkeep]\n|-damage|p1a: Tyranitar|25\/100|[from] Hail\n|upkeep\n|turn|9\n|\n|t:|1667295535\n|switch|p1a: Toxapex|Toxapex, F|93\/100\n|move|p2a: Sandslash|Iron Head|p1a: Toxapex\n|-resisted|p1a: Toxapex\n|-damage|p1a: Toxapex|69\/100\n|-damage|p2a: Sandslash|38\/100|[from] item: Rocky Helmet|[of] p1a: Toxapex\n|\n|-weather|Hail|[upkeep]\n|-damage|p1a: Toxapex|63\/100|[from] Hail\n|upkeep\n|turn|10\n|\n|t:|1667295541\n|switch|p1a: Corviknight|Corviknight, F|100\/100\n|-ability|p1a: Corviknight|Pressure\n|move|p2a: Sandslash|Swords Dance|p2a: Sandslash\n|-boost|p2a: Sandslash|atk|2\n|\n|-weather|Hail|[upkeep]\n|-damage|p1a: Corviknight|94\/100|[from] Hail\n|-sideend|p2: axy9516|move: Aurora Veil\n|upkeep\n|turn|11\n|\n|t:|1667295546\n|move|p2a: Sandslash|Earthquake|p1a: Corviknight\n|-immune|p1a: Corviknight\n|move|p1a: Corviknight|Body Press|p2a: Sandslash\n|-supereffective|p2a: Sandslash\n|-damage|p2a: Sandslash|0 fnt\n|faint|p2a: Sandslash\n|\n|-weather|Hail|[upkeep]\n|-damage|p1a: Corviknight|88\/100|[from] Hail\n|upkeep\n|\n|t:|1667295549\n|switch|p2a: Victini|Victini|100\/100\n|turn|12\n|\n|t:|1667295552\n|move|p2a: Victini|V-create|p1a: Corviknight\n|-supereffective|p1a: Corviknight\n|-damage|p1a: Corviknight|0 fnt\n|-unboost|p2a: Victini|spe|1\n|-unboost|p2a: Victini|def|1\n|-unboost|p2a: Victini|spd|1\n|-damage|p2a: Victini|84\/100|[from] item: Rocky Helmet|[of] p1a: Corviknight\n|faint|p1a: Corviknight\n|\n|-weather|Hail|[upkeep]\n|-damage|p2a: Victini|78\/100|[from] Hail\n|upkeep\n|\n|t:|1667295556\n|switch|p1a: Blacephalon|Blacephalon|100\/100\n|turn|13\n|\n|t:|1667295559\n|move|p1a: Blacephalon|Shadow Ball|p2a: Victini\n|-supereffective|p2a: Victini\n|-damage|p2a: Victini|0 fnt\n|faint|p2a: Victini\n|-ability|p1a: Blacephalon|Beast Boost|boost\n|-boost|p1a: Blacephalon|spa|1\n|\n|-weather|none\n|upkeep\n|\n|t:|1667295561\n|switch|p2a: Regieleki|Regieleki|66\/100\n|turn|14\n|\n|t:|1667295563\n|move|p2a: Regieleki|Volt Switch|p1a: Blacephalon\n|-damage|p1a: Blacephalon|24\/100\n|move|p1a: Blacephalon|Shadow Ball|p2a: Regieleki\n|-damage|p2a: Regieleki|0 fnt\n|faint|p2a: Regieleki\n|\n|win|Shinjou Akane\n|raw|Shinjou Akane's rating: 1582 &rarr; <strong>1597<\/strong><br \/>(+15 for winning)\n|raw|axy9516's rating: 1484 &rarr; <strong>1469<\/strong><br \/>(-15 for losing)\n","uploadtime":1667295571,"views":9,"p1id":"shinjouakane","p2id":"axy9516","formatid":"gen8ou","rating":1469,"private":0,"password":null}