{"id":"gen8monotype-1557173177","p1":"Allelaja","p2":"HO Only Bitch","format":"gen8monotype","log":"|j|\u2606Allelaja\n|j|\u2606HO Only Bitch\n|t:|1650420525\n|gametype|singles\n|player|p1|Allelaja|2|1444\n|player|p2|HO Only Bitch|fantina|1718\n|teamsize|p1|6\n|teamsize|p2|6\n|gen|8\n|tier|[Gen 8] Monotype\n|rated|\n|rule|Same Type Clause: Pok\u00e9mon in a team must share a type\n|rule|Sleep Clause Mod: Limit one foe put to sleep\n|rule|Species Clause: Limit one of each Pok\u00e9mon\n|rule|OHKO Clause: OHKO moves are banned\n|rule|Evasion Moves Clause: Evasion moves are banned\n|rule|Endless Battle Clause: Forcing endless battles is banned\n|rule|HP Percentage Mod: HP is shown in percentages\n|rule|Dynamax Clause: You cannot dynamax\n|clearpoke\n|poke|p1|Torkoal, F|\n|poke|p1|Cinderace, M|\n|poke|p1|Volcarona, M|\n|poke|p1|Heatran, F|\n|poke|p1|Victini|\n|poke|p1|Blacephalon|\n|poke|p2|Excadrill, M|\n|poke|p2|Aegislash, M|\n|poke|p2|Heatran, M|\n|poke|p2|Bisharp, F|\n|poke|p2|Corviknight, F|\n|poke|p2|Skarmory, M|\n|teampreview\n|inactive|Battle timer is ON: inactive players will automatically lose when time's up. (requested by Allelaja)\n|inactive|HO Only Bitch has 120 seconds left.\n|\n|t:|1650420558\n|start\n|switch|p1a: Torkoal|Torkoal, F|100\/100\n|switch|p2a: Skarmory|Skarmory, M|100\/100\n|-weather|SunnyDay|[from] ability: Drought|[of] p1a: Torkoal\n|turn|1\n|\n|t:|1650420578\n|move|p2a: Skarmory|Stealth Rock|p1a: Torkoal\n|-sidestart|p1: Allelaja|move: Stealth Rock\n|move|p1a: Torkoal|Lava Plume|p2a: Skarmory\n|-supereffective|p2a: Skarmory\n|-ability|p2a: Skarmory|Sturdy\n|-damage|p2a: Skarmory|1\/100\n|\n|-weather|SunnyDay|[upkeep]\n|upkeep\n|turn|2\n|\n|t:|1650420585\n|switch|p2a: Aegislash|Aegislash, M|100\/100\n|move|p1a: Torkoal|Rapid Spin|p2a: Aegislash\n|-immune|p2a: Aegislash\n|\n|-weather|SunnyDay|[upkeep]\n|upkeep\n|turn|3\n|\n|t:|1650420591\n|move|p2a: Aegislash|Swords Dance|p2a: Aegislash\n|-boost|p2a: Aegislash|atk|2\n|move|p1a: Torkoal|Lava Plume|p2a: Aegislash\n|-supereffective|p2a: Aegislash\n|-damage|p2a: Aegislash|39\/100\n|-enditem|p2a: Aegislash|Weakness Policy\n|-boost|p2a: Aegislash|atk|2|[from] item: Weakness Policy\n|-boost|p2a: Aegislash|spa|2|[from] item: Weakness Policy\n|\n|-weather|SunnyDay|[upkeep]\n|upkeep\n|turn|4\n|\n|t:|1650420601\n|-formechange|p2a: Aegislash|Aegislash-Blade||[from] ability: Stance Change\n|move|p2a: Aegislash|Shadow Claw|p1a: Torkoal\n|-damage|p1a: Torkoal|34\/100\n|move|p1a: Torkoal|Lava Plume|p2a: Aegislash\n|-supereffective|p2a: Aegislash\n|-damage|p2a: Aegislash|0 fnt\n|faint|p2a: Aegislash\n|\n|-weather|SunnyDay|[upkeep]\n|upkeep\n|\n|t:|1650420625\n|switch|p2a: Bisharp|Bisharp, F|100\/100\n|turn|5\n|\n|t:|1650420629\n|move|p2a: Bisharp|Knock Off|p1a: Torkoal\n|-damage|p1a: Torkoal|0 fnt\n|-enditem|p1a: Torkoal|Heat Rock|[from] move: Knock Off|[of] p2a: Bisharp\n|faint|p1a: Torkoal\n|\n|-weather|SunnyDay|[upkeep]\n|upkeep\n|\n|t:|1650420636\n|switch|p1a: Cinderace|Cinderace, M|100\/100\n|turn|6\n|\n|t:|1650420653\n|switch|p2a: Skarmory|Skarmory, M|1\/100\n|move|p1a: Cinderace|Pyro Ball|p2a: Skarmory\n|-supereffective|p2a: Skarmory\n|-damage|p2a: Skarmory|0 fnt\n|faint|p2a: Skarmory\n|\n|-weather|SunnyDay|[upkeep]\n|upkeep\n|\n|t:|1650420669\n|switch|p2a: Heatran|Heatran, M|100\/100\n|turn|7\n|\n|t:|1650420678\n|move|p2a: Heatran|Earth Power|p1a: Cinderace\n|-supereffective|p1a: Cinderace\n|-damage|p1a: Cinderace|12\/100\n|move|p1a: Cinderace|Bulk Up|p1a: Cinderace\n|-start|p1a: Cinderace|typechange|Fighting|[from] ability: Libero\n|-boost|p1a: Cinderace|atk|1\n|-boost|p1a: Cinderace|def|1\n|\n|-weather|SunnyDay|[upkeep]\n|upkeep\n|turn|8\n|\n|t:|1650420687\n|switch|p1a: Heatran|Heatran, F|100\/100\n|-damage|p1a: Heatran|88\/100|[from] Stealth Rock\n|-item|p1a: Heatran|Air Balloon\n|move|p2a: Heatran|Earth Power|p1a: Heatran\n|-immune|p1a: Heatran\n|\n|-weather|none\n|upkeep\n|turn|9\n|\n|t:|1650420697\n|switch|p2a: Corviknight|Corviknight, F|100\/100\n|-ability|p2a: Corviknight|Pressure\n|move|p1a: Heatran|Magma Storm|p2a: Corviknight\n|-supereffective|p2a: Corviknight\n|-damage|p2a: Corviknight|26\/100\n|-activate|p2a: Corviknight|move: Magma Storm|[of] p1a: Heatran\n|\n|-heal|p2a: Corviknight|33\/100|[from] item: Leftovers\n|-damage|p2a: Corviknight|20\/100|[from] move: Magma Storm|[partiallytrapped]\n|upkeep\n|turn|10\n|inactive|Allelaja has 120 seconds left.\n|\n|t:|1650420732\n|switch|p1a: Victini|Victini|100\/100\n|-damage|p1a: Victini|76\/100|[from] Stealth Rock\n|move|p2a: Corviknight|Power Trip|p1a: Victini\n|-supereffective|p1a: Victini\n|-damage|p1a: Victini|68\/100\n|\n|-heal|p2a: Corviknight|26\/100|[from] item: Leftovers\n|-end|p2a: Corviknight|Magma Storm|[partiallytrapped]|[silent]\n|upkeep\n|turn|11\n|\n|t:|1650420746\n|move|p1a: Victini|Trick|p2a: Corviknight\n|-activate|p1a: Victini|move: Trick|[of] p2a: Corviknight\n|-item|p2a: Corviknight|Choice Band|[from] move: Trick\n|-item|p1a: Victini|Leftovers|[from] move: Trick\n|move|p2a: Corviknight|Roost|p2a: Corviknight\n|-heal|p2a: Corviknight|76\/100\n|-singleturn|p2a: Corviknight|move: Roost\n|\n|-heal|p1a: Victini|74\/100|[from] item: Leftovers\n|upkeep\n|turn|12\n|\n|t:|1650420756\n|move|p1a: Victini|Bolt Strike|p2a: Corviknight\n|-supereffective|p2a: Corviknight\n|-damage|p2a: Corviknight|18\/100\n|move|p2a: Corviknight|Roost|p2a: Corviknight\n|-heal|p2a: Corviknight|68\/100\n|-singleturn|p2a: Corviknight|move: Roost\n|\n|-heal|p1a: Victini|80\/100|[from] item: Leftovers\n|upkeep\n|turn|13\n|\n|t:|1650420765\n|move|p1a: Victini|V-create|p2a: Corviknight\n|-supereffective|p2a: Corviknight\n|-damage|p2a: Corviknight|0 fnt\n|-unboost|p1a: Victini|spe|1\n|-unboost|p1a: Victini|def|1\n|-unboost|p1a: Victini|spd|1\n|faint|p2a: Corviknight\n|\n|-heal|p1a: Victini|86\/100|[from] item: Leftovers\n|upkeep\n|\n|t:|1650420773\n|switch|p2a: Excadrill|Excadrill, M|100\/100\n|-ability|p2a: Excadrill|Mold Breaker\n|turn|14\n|\n|t:|1650420783\n|move|p2a: Excadrill|Earthquake|p1a: Victini\n|-supereffective|p1a: Victini\n|-damage|p1a: Victini|0 fnt\n|faint|p1a: Victini\n|\n|upkeep\n|\n|t:|1650420786\n|switch|p1a: Cinderace|Cinderace, M|12\/100\n|turn|15\n|\n|t:|1650420801\n|move|p1a: Cinderace|High Jump Kick|p2a: Excadrill\n|-start|p1a: Cinderace|typechange|Fighting|[from] ability: Libero\n|-supereffective|p2a: Excadrill\n|-damage|p2a: Excadrill|0 fnt\n|faint|p2a: Excadrill\n|\n|upkeep\n|\n|t:|1650420809\n|switch|p2a: Bisharp|Bisharp, F|100\/100\n|turn|16\n|\n|t:|1650420822\n|move|p2a: Bisharp|Sucker Punch|p1a: Cinderace\n|-resisted|p1a: Cinderace\n|-damage|p1a: Cinderace|0 fnt\n|faint|p1a: Cinderace\n|\n|upkeep\n|\n|t:|1650420824\n|switch|p1a: Volcarona|Volcarona, M|100\/100\n|turn|17\n|\n|t:|1650420843\n|move|p2a: Bisharp|Sucker Punch||[still]\n|-fail|p2a: Bisharp\n|move|p1a: Volcarona|Substitute|p1a: Volcarona\n|-start|p1a: Volcarona|Substitute\n|-damage|p1a: Volcarona|76\/100\n|\n|upkeep\n|turn|18\n|-message|HO Only Bitch forfeited.\n|\n|win|Allelaja\n|raw|Allelaja's rating: 1444 &rarr; <strong>1477<\/strong><br \/>(+33 for winning)\n|raw|HO Only Bitch's rating: 1718 &rarr; <strong>1685<\/strong><br \/>(-33 for losing)\n|l|\u2606HO Only Bitch\n","uploadtime":1650420857,"views":28,"p1id":"allelaja","p2id":"hoonlybitch","formatid":"gen8monotype","rating":1477,"private":0,"password":null}