{"id":"gen8ou-1700940546","p1":"wooloo supremacy","p2":"cows123p","format":"gen8ou","log":"|j|\u2606wooloo supremacy\n|j|\u2606cows123p\n|t:|1667400648\n|gametype|singles\n|player|p1|wooloo supremacy|adaman|1603\n|player|p2|cows123p|acetrainercouple|1651\n|teamsize|p1|6\n|teamsize|p2|6\n|gen|8\n|tier|[Gen 8] OU\n|rated|\n|rule|Sleep Clause Mod: Limit one foe put to sleep\n|rule|Species Clause: Limit one of each Pok\u00e9mon\n|rule|OHKO Clause: OHKO moves are banned\n|rule|Evasion Items Clause: Evasion items are banned\n|rule|Evasion Moves Clause: Evasion moves are banned\n|rule|Endless Battle Clause: Forcing endless battles is banned\n|rule|HP Percentage Mod: HP is shown in percentages\n|rule|Dynamax Clause: You cannot dynamax\n|clearpoke\n|poke|p1|Kartana|\n|poke|p1|Tapu Lele|\n|poke|p1|Tornadus-Therian, M|\n|poke|p1|Toxapex, M|\n|poke|p1|Umbreon, F|\n|poke|p1|Hippowdon, F|\n|poke|p2|Diggersby, F|\n|poke|p2|Tapu Lele|\n|poke|p2|Ribombee, M|\n|poke|p2|Urshifu-*, F|\n|poke|p2|Heatran, M|\n|poke|p2|Kartana|\n|teampreview\n|inactive|Battle timer is ON: inactive players will automatically lose when time's up. (requested by wooloo supremacy)\n|inactive|wooloo supremacy has 120 seconds left.\n|c|\u2606wooloo supremacy|hf\n|inactive|wooloo supremacy has 90 seconds left.\n|\n|t:|1667400722\n|start\n|switch|p1a: Bhumi|Hippowdon, F|100\/100\n|switch|p2a: Ribombee|Ribombee, M|100\/100\n|-weather|Sandstorm|[from] ability: Sand Stream|[of] p1a: Bhumi\n|turn|1\n|\n|t:|1667400732\n|switch|p1a: Garuda|Tornadus-Therian, M|100\/100\n|move|p2a: Ribombee|Toxic|p1a: Garuda\n|-status|p1a: Garuda|tox\n|\n|-weather|Sandstorm|[upkeep]\n|-damage|p2a: Ribombee|94\/100|[from] Sandstorm\n|-damage|p1a: Garuda|94\/100 tox|[from] Sandstorm\n|-damage|p1a: Garuda|88\/100 tox|[from] psn\n|upkeep\n|turn|2\n|c|\u2606cows123p|u2\n|\n|t:|1667400755\n|move|p2a: Ribombee|Sticky Web|p1a: Garuda\n|-sidestart|p1: wooloo supremacy|move: Sticky Web\n|move|p1a: Garuda|U-turn|p2a: Ribombee\n|-resisted|p2a: Ribombee\n|-damage|p2a: Ribombee|81\/100\n|\n|t:|1667400757\n|switch|p1a: Shiva|Toxapex, M|100\/100|[from]move: U-turn\n|-activate|p1a: Shiva|move: Sticky Web\n|-unboost|p1a: Shiva|spe|1\n|\n|-weather|Sandstorm|[upkeep]\n|-damage|p2a: Ribombee|75\/100|[from] Sandstorm\n|-damage|p1a: Shiva|94\/100|[from] Sandstorm\n|upkeep\n|turn|3\n|\n|t:|1667400785\n|switch|p1a: Garuda|Tornadus-Therian, M|100\/100 tox\n|move|p2a: Ribombee|Stun Spore||[still]\n|-fail|p2a: Ribombee\n|\n|-weather|Sandstorm|[upkeep]\n|-damage|p2a: Ribombee|69\/100|[from] Sandstorm\n|-damage|p1a: Garuda|94\/100 tox|[from] Sandstorm\n|-damage|p1a: Garuda|88\/100 tox|[from] psn\n|upkeep\n|turn|4\n|\n|t:|1667400793\n|move|p2a: Ribombee|Moonblast|p1a: Garuda\n|-damage|p1a: Garuda|46\/100 tox\n|move|p1a: Garuda|Defog|p2a: Ribombee\n|-unboost|p2a: Ribombee|evasion|1\n|-sideend|p1: wooloo supremacy|Sticky Web|[from] move: Defog|[of] p1a: Garuda\n|\n|-weather|Sandstorm|[upkeep]\n|-damage|p2a: Ribombee|63\/100|[from] Sandstorm\n|-damage|p1a: Garuda|40\/100 tox|[from] Sandstorm\n|-damage|p1a: Garuda|28\/100 tox|[from] psn\n|upkeep\n|turn|5\n|inactive|wooloo supremacy has 120 seconds left.\n|\n|t:|1667400837\n|switch|p1a: Shiva|Toxapex, M|100\/100\n|move|p2a: Ribombee|Sticky Web|p1a: Shiva\n|-sidestart|p1: wooloo supremacy|move: Sticky Web\n|\n|-weather|none\n|upkeep\n|turn|6\n|\n|t:|1667400845\n|move|p2a: Ribombee|Stun Spore|p1a: Shiva|[miss]\n|-miss|p2a: Ribombee|p1a: Shiva\n|move|p1a: Shiva|Knock Off|p2a: Ribombee\n|-resisted|p2a: Ribombee\n|-damage|p2a: Ribombee|50\/100\n|-enditem|p2a: Ribombee|Focus Sash|[from] move: Knock Off|[of] p1a: Shiva\n|\n|upkeep\n|turn|7\n|\n|t:|1667400853\n|move|p2a: Ribombee|Stun Spore|p1a: Shiva\n|-status|p1a: Shiva|par\n|move|p1a: Shiva|Knock Off|p2a: Ribombee\n|-resisted|p2a: Ribombee\n|-damage|p2a: Ribombee|40\/100\n|\n|upkeep\n|turn|8\n|\n|t:|1667400859\n|move|p2a: Ribombee|Moonblast|p1a: Shiva\n|-resisted|p1a: Shiva\n|-damage|p1a: Shiva|83\/100 par\n|move|p1a: Shiva|Knock Off|p2a: Ribombee\n|-resisted|p2a: Ribombee\n|-damage|p2a: Ribombee|31\/100\n|\n|upkeep\n|turn|9\n|\n|t:|1667400865\n|move|p2a: Ribombee|Moonblast|p1a: Shiva\n|-resisted|p1a: Shiva\n|-damage|p1a: Shiva|67\/100 par\n|-unboost|p1a: Shiva|spa|1\n|move|p1a: Shiva|Knock Off|p2a: Ribombee\n|-resisted|p2a: Ribombee\n|-damage|p2a: Ribombee|23\/100\n|\n|upkeep\n|turn|10\n|\n|t:|1667400873\n|move|p2a: Ribombee|Moonblast|p1a: Shiva\n|-resisted|p1a: Shiva\n|-damage|p1a: Shiva|51\/100 par\n|move|p1a: Shiva|Recover|p1a: Shiva\n|-heal|p1a: Shiva|100\/100 par\n|\n|upkeep\n|turn|11\n|inactive|wooloo supremacy has 120 seconds left.\n|\n|t:|1667400907\n|move|p2a: Ribombee|Moonblast|p1a: Shiva\n|-resisted|p1a: Shiva\n|-damage|p1a: Shiva|85\/100 par\n|-unboost|p1a: Shiva|spa|1\n|move|p1a: Shiva|Knock Off|p2a: Ribombee\n|-resisted|p2a: Ribombee\n|-damage|p2a: Ribombee|14\/100\n|\n|upkeep\n|turn|12\n|\n|t:|1667400918\n|move|p2a: Ribombee|Moonblast|p1a: Shiva\n|-resisted|p1a: Shiva\n|-damage|p1a: Shiva|69\/100 par\n|-unboost|p1a: Shiva|spa|1\n|move|p1a: Shiva|Toxic Spikes|p2a: Ribombee\n|-sidestart|p2: cows123p|move: Toxic Spikes\n|\n|upkeep\n|turn|13\n|inactive|wooloo supremacy has 120 seconds left.\n|\n|t:|1667400939\n|move|p2a: Ribombee|Moonblast|p1a: Shiva\n|-resisted|p1a: Shiva\n|-damage|p1a: Shiva|52\/100 par\n|move|p1a: Shiva|Recover|p1a: Shiva\n|-heal|p1a: Shiva|100\/100 par\n|\n|upkeep\n|turn|14\n|\n|t:|1667400945\n|move|p2a: Ribombee|Moonblast|p1a: Shiva\n|-resisted|p1a: Shiva\n|-damage|p1a: Shiva|83\/100 par\n|move|p1a: Shiva|Toxic Spikes|p2a: Ribombee\n|-sidestart|p2: cows123p|move: Toxic Spikes\n|\n|upkeep\n|turn|15\n|\n|t:|1667400951\n|move|p2a: Ribombee|Moonblast|p1a: Shiva\n|-resisted|p1a: Shiva\n|-damage|p1a: Shiva|67\/100 par\n|cant|p1a: Shiva|par\n|\n|upkeep\n|turn|16\n|\n|t:|1667400955\n|move|p2a: Ribombee|Moonblast|p1a: Shiva\n|-resisted|p1a: Shiva\n|-damage|p1a: Shiva|50\/100 par\n|move|p1a: Shiva|Recover|p1a: Shiva\n|-heal|p1a: Shiva|100\/100 par\n|\n|upkeep\n|turn|17\n|\n|t:|1667400961\n|move|p2a: Ribombee|Moonblast|p1a: Shiva\n|-resisted|p1a: Shiva\n|-damage|p1a: Shiva|83\/100 par\n|move|p1a: Shiva|Knock Off|p2a: Ribombee\n|-resisted|p2a: Ribombee\n|-damage|p2a: Ribombee|4\/100\n|\n|upkeep\n|turn|18\n|\n|t:|1667400968\n|move|p2a: Ribombee|Moonblast|p1a: Shiva\n|-resisted|p1a: Shiva\n|-damage|p1a: Shiva|65\/100 par\n|move|p1a: Shiva|Knock Off|p2a: Ribombee\n|-resisted|p2a: Ribombee\n|-damage|p2a: Ribombee|0 fnt\n|faint|p2a: Ribombee\n|\n|upkeep\n|\n|t:|1667400975\n|switch|p2a: Heatran|Heatran, M|100\/100\n|-item|p2a: Heatran|Air Balloon\n|turn|19\n|\n|t:|1667400984\n|move|p2a: Heatran|Eruption|p1a: Shiva\n|-resisted|p1a: Shiva\n|-damage|p1a: Shiva|33\/100 par\n|move|p1a: Shiva|Knock Off|p2a: Heatran\n|-damage|p2a: Heatran|86\/100\n|-enditem|p2a: Heatran|Air Balloon\n|\n|upkeep\n|turn|20\n|\n|t:|1667400991\n|switch|p1a: Bhumi|Hippowdon, F|100\/100\n|-activate|p1a: Bhumi|move: Sticky Web\n|-unboost|p1a: Bhumi|spe|1\n|-weather|Sandstorm|[from] ability: Sand Stream|[of] p1a: Bhumi\n|move|p2a: Heatran|Earth Power|p1a: Bhumi\n|-damage|p1a: Bhumi|78\/100\n|\n|-weather|Sandstorm|[upkeep]\n|-heal|p1a: Bhumi|84\/100|[from] item: Leftovers\n|upkeep\n|turn|21\n|\n|t:|1667401001\n|move|p2a: Heatran|Stealth Rock|p1a: Bhumi\n|-sidestart|p1: wooloo supremacy|move: Stealth Rock\n|move|p1a: Bhumi|Earthquake|p2a: Heatran\n|-supereffective|p2a: Heatran\n|-damage|p2a: Heatran|0 fnt\n|faint|p2a: Heatran\n|\n|-weather|Sandstorm|[upkeep]\n|-heal|p1a: Bhumi|90\/100|[from] item: Leftovers\n|upkeep\n|\n|t:|1667401009\n|switch|p2a: Kartana|Kartana|100\/100\n|turn|22\n|\n|t:|1667401016\n|switch|p1a: Shiva|Toxapex, M|66\/100 par\n|-activate|p1a: Shiva|move: Sticky Web\n|-unboost|p1a: Shiva|spe|1\n|-damage|p1a: Shiva|53\/100 par|[from] Stealth Rock\n|move|p2a: Kartana|Leaf Blade|p1a: Shiva\n|-damage|p1a: Shiva|18\/100 par\n|-damage|p2a: Kartana|84\/100|[from] item: Rocky Helmet|[of] p1a: Shiva\n|\n|-weather|Sandstorm|[upkeep]\n|-damage|p1a: Shiva|11\/100 par|[from] Sandstorm\n|upkeep\n|turn|23\n|\n|t:|1667401028\n|switch|p2a: Urshifu|Urshifu-Rapid-Strike, F|100\/100\n|-status|p2a: Urshifu|tox\n|switch|p1a: Katar|Kartana|100\/100\n|-activate|p1a: Katar|move: Sticky Web\n|-unboost|p1a: Katar|spe|1\n|-damage|p1a: Katar|94\/100|[from] Stealth Rock\n|\n|-weather|Sandstorm|[upkeep]\n|-damage|p2a: Urshifu|94\/100 tox|[from] Sandstorm\n|-damage|p2a: Urshifu|88\/100 tox|[from] psn\n|upkeep\n|turn|24\n|\n|t:|1667401040\n|switch|p1a: Shiva|Toxapex, M|45\/100 par\n|-activate|p1a: Shiva|move: Sticky Web\n|-unboost|p1a: Shiva|spe|1\n|-damage|p1a: Shiva|32\/100 par|[from] Stealth Rock\n|move|p2a: Urshifu|Close Combat|p1a: Shiva\n|-resisted|p1a: Shiva\n|-damage|p1a: Shiva|4\/100 par\n|-unboost|p2a: Urshifu|def|1\n|-unboost|p2a: Urshifu|spd|1\n|-damage|p2a: Urshifu|72\/100 tox|[from] item: Rocky Helmet|[of] p1a: Shiva\n|\n|-weather|none\n|-damage|p2a: Urshifu|59\/100 tox|[from] psn\n|upkeep\n|turn|25\n|\n|t:|1667401053\n|switch|p1a: Pandit|Tapu Lele|100\/100\n|-activate|p1a: Pandit|move: Sticky Web\n|-unboost|p1a: Pandit|spe|1\n|-damage|p1a: Pandit|88\/100|[from] Stealth Rock\n|-fieldstart|move: Psychic Terrain|[from] ability: Psychic Surge|[of] p1a: Pandit\n|move|p2a: Urshifu|Close Combat|p1a: Pandit\n|-resisted|p1a: Pandit\n|-damage|p1a: Pandit|50\/100\n|-unboost|p2a: Urshifu|def|1\n|-unboost|p2a: Urshifu|spd|1\n|\n|-damage|p2a: Urshifu|41\/100 tox|[from] psn\n|upkeep\n|turn|26\n|\n|t:|1667401065\n|move|p2a: Urshifu|Close Combat|p1a: Pandit\n|-resisted|p1a: Pandit\n|-damage|p1a: Pandit|13\/100\n|-unboost|p2a: Urshifu|def|1\n|-unboost|p2a: Urshifu|spd|1\n|move|p1a: Pandit|Moonblast|p2a: Urshifu\n|-supereffective|p2a: Urshifu\n|-crit|p2a: Urshifu\n|-damage|p2a: Urshifu|0 fnt\n|faint|p2a: Urshifu\n|\n|upkeep\n|\n|t:|1667401075\n|switch|p2a: Kartana|Kartana|84\/100\n|turn|27\n|\n|t:|1667401080\n|switch|p1a: Shiva|Toxapex, M|38\/100 par\n|-activate|p1a: Shiva|move: Sticky Web\n|-unboost|p1a: Shiva|spe|1\n|-damage|p1a: Shiva|25\/100 par|[from] Stealth Rock\n|move|p2a: Kartana|Knock Off|p1a: Shiva\n|-damage|p1a: Shiva|0 fnt\n|-damage|p2a: Kartana|67\/100|[from] item: Rocky Helmet|[of] p1a: Shiva\n|-enditem|p1a: Shiva|Rocky Helmet|[from] move: Knock Off|[of] p2a: Kartana\n|faint|p1a: Shiva\n|-ability|p2a: Kartana|Beast Boost|boost\n|-boost|p2a: Kartana|atk|1\n|\n|upkeep\n|\n|t:|1667401087\n|switch|p1a: Bhumi|Hippowdon, F|90\/100\n|-activate|p1a: Bhumi|move: Sticky Web\n|-unboost|p1a: Bhumi|spe|1\n|-damage|p1a: Bhumi|84\/100|[from] Stealth Rock\n|-weather|Sandstorm|[from] ability: Sand Stream|[of] p1a: Bhumi\n|turn|28\n|\n|t:|1667401099\n|switch|p2a: Tapu Lele|Tapu Lele|100\/100\n|-status|p2a: Tapu Lele|tox\n|move|p1a: Bhumi|Earthquake|p2a: Tapu Lele\n|-damage|p2a: Tapu Lele|46\/100 tox\n|\n|-weather|Sandstorm|[upkeep]\n|-damage|p2a: Tapu Lele|40\/100 tox|[from] Sandstorm\n|-heal|p1a: Bhumi|90\/100|[from] item: Leftovers\n|-damage|p2a: Tapu Lele|34\/100 tox|[from] psn\n|upkeep\n|turn|29\n|\n|t:|1667401109\n|switch|p1a: Pandit|Tapu Lele|13\/100\n|-activate|p1a: Pandit|move: Sticky Web\n|-unboost|p1a: Pandit|spe|1\n|-damage|p1a: Pandit|0 fnt|[from] Stealth Rock\n|faint|p1a: Pandit\n|move|p2a: Tapu Lele|Moonblast|p1: Pandit|[notarget]\n|-fail|p2a: Tapu Lele\n|\n|-weather|Sandstorm|[upkeep]\n|-damage|p2a: Tapu Lele|28\/100 tox|[from] Sandstorm\n|-damage|p2a: Tapu Lele|16\/100 tox|[from] psn\n|-fieldend|move: Psychic Terrain\n|upkeep\n|\n|t:|1667401122\n|switch|p1a: Garuda|Tornadus-Therian, M|61\/100 tox\n|turn|30\n|\n|t:|1667401126\n|move|p1a: Garuda|U-turn|p2a: Tapu Lele\n|-damage|p2a: Tapu Lele|0 fnt\n|faint|p2a: Tapu Lele\n|\n|t:|1667401130\n|switch|p1a: Kali|Umbreon, F|100\/100|[from]move: U-turn\n|-activate|p1a: Kali|move: Sticky Web\n|-unboost|p1a: Kali|spe|1\n|-damage|p1a: Kali|88\/100|[from] Stealth Rock\n|\n|-weather|Sandstorm|[upkeep]\n|-damage|p1a: Kali|82\/100|[from] Sandstorm\n|-heal|p1a: Kali|88\/100|[from] item: Leftovers\n|upkeep\n|\n|t:|1667401139\n|switch|p2a: Diggersby|Diggersby, F|100\/100\n|-status|p2a: Diggersby|tox\n|turn|31\n|\n|t:|1667401142\n|move|p2a: Diggersby|Body Slam|p1a: Kali\n|-damage|p1a: Kali|20\/100\n|move|p1a: Kali|Foul Play|p2a: Diggersby\n|-damage|p2a: Diggersby|54\/100 tox\n|\n|-weather|Sandstorm|[upkeep]\n|-damage|p1a: Kali|14\/100|[from] Sandstorm\n|-heal|p1a: Kali|20\/100|[from] item: Leftovers\n|-damage|p2a: Diggersby|48\/100 tox|[from] psn\n|upkeep\n|turn|32\n|\n|t:|1667401152\n|switch|p2a: Kartana|Kartana|67\/100\n|move|p1a: Kali|Protect||[still]\n|-fail|p1a: Kali\n|\n|-weather|none\n|-heal|p1a: Kali|26\/100|[from] item: Leftovers\n|upkeep\n|turn|33\n|\n|t:|1667401160\n|move|p1a: Kali|Protect|p1a: Kali\n|-singleturn|p1a: Kali|Protect\n|move|p2a: Kartana|Sacred Sword|p1a: Kali\n|-activate|p1a: Kali|move: Protect\n|\n|-heal|p1a: Kali|32\/100|[from] item: Leftovers\n|upkeep\n|turn|34\n|\n|t:|1667401167\n|switch|p2a: Diggersby|Diggersby, F|48\/100 tox\n|switch|p1a: Garuda|Tornadus-Therian, M|94\/100 tox\n|\n|-damage|p1a: Garuda|88\/100 tox|[from] psn\n|-damage|p2a: Diggersby|42\/100 tox|[from] psn\n|upkeep\n|turn|35\n|\n|t:|1667401175\n|switch|p1a: Katar|Kartana|94\/100\n|-activate|p1a: Katar|move: Sticky Web\n|-unboost|p1a: Katar|spe|1\n|-damage|p1a: Katar|88\/100|[from] Stealth Rock\n|move|p2a: Diggersby|Quick Attack|p1a: Katar\n|-resisted|p1a: Katar\n|-damage|p1a: Katar|67\/100\n|\n|-damage|p2a: Diggersby|29\/100 tox|[from] psn\n|upkeep\n|turn|36\n|c|\u2606wooloo supremacy|gg\n|\n|t:|1667401184\n|move|p2a: Diggersby|Quick Attack|p1a: Katar\n|-resisted|p1a: Katar\n|-damage|p1a: Katar|46\/100\n|move|p1a: Katar|Sacred Sword|p2a: Diggersby\n|-supereffective|p2a: Diggersby\n|-damage|p2a: Diggersby|0 fnt\n|faint|p2a: Diggersby\n|-ability|p1a: Katar|Beast Boost|boost\n|-boost|p1a: Katar|atk|1\n|\n|upkeep\n|\n|t:|1667401198\n|switch|p2a: Kartana|Kartana|67\/100\n|turn|37\n|\n|t:|1667401202\n|move|p2a: Kartana|Knock Off|p1a: Katar\n|-damage|p1a: Katar|0 fnt\n|-enditem|p1a: Katar|Choice Scarf|[from] move: Knock Off|[of] p2a: Kartana\n|faint|p1a: Katar\n|-ability|p2a: Kartana|Beast Boost|boost\n|-boost|p2a: Kartana|atk|1\n|\n|upkeep\n|\n|t:|1667401205\n|switch|p1a: Bhumi|Hippowdon, F|90\/100\n|-activate|p1a: Bhumi|move: Sticky Web\n|-unboost|p1a: Bhumi|spe|1\n|-damage|p1a: Bhumi|84\/100|[from] Stealth Rock\n|-weather|Sandstorm|[from] ability: Sand Stream|[of] p1a: Bhumi\n|turn|38\n|\n|t:|1667401213\n|move|p2a: Kartana|Knock Off|p1a: Bhumi\n|-damage|p1a: Bhumi|35\/100\n|-enditem|p1a: Bhumi|Leftovers|[from] move: Knock Off|[of] p2a: Kartana\n|move|p1a: Bhumi|Slack Off|p1a: Bhumi\n|-heal|p1a: Bhumi|85\/100\n|\n|-weather|Sandstorm|[upkeep]\n|upkeep\n|turn|39\n|\n|t:|1667401220\n|move|p2a: Kartana|Knock Off|p1a: Bhumi\n|-damage|p1a: Bhumi|57\/100\n|move|p1a: Bhumi|Slack Off|p1a: Bhumi\n|-heal|p1a: Bhumi|100\/100\n|\n|-weather|Sandstorm|[upkeep]\n|upkeep\n|turn|40\n|-message|cows123p forfeited.\n|\n|win|wooloo supremacy\n|raw|wooloo supremacy's rating: 1621 &rarr; <strong>1643<\/strong><br \/>(+22 for winning)\n|raw|cows123p's rating: 1651 &rarr; <strong>1629<\/strong><br \/>(-22 for losing)\n|l|\u2606cows123p\n|j| iijklmn\n||Ladder isn't responding, score probably updated but might not have (Request timeout).\n","uploadtime":1667401229,"views":5,"p1id":"wooloosupremacy","p2id":"cows123p","formatid":"gen8ou","rating":1629,"private":0,"password":null}