{"id":"gen8nationaldex-1680582077","p1":"WongManTheWise","p2":"brettfavreinnocent","format":"gen8nationaldex","log":"|j|\u2606WongManTheWise\n|j|\u2606brettfavreinnocent\n|t:|1665209157\n|gametype|singles\n|player|p1|WongManTheWise|drayden|1324\n|player|p2|brettfavreinnocent|pokemaniac|1310\n|teamsize|p1|6\n|teamsize|p2|6\n|gen|8\n|tier|[Gen 8] National Dex\n|rated|\n|rule|HP Percentage Mod: HP is shown in percentages\n|rule|Endless Battle Clause: Forcing endless battles is banned\n|rule|OHKO Clause: OHKO moves are banned\n|rule|Evasion Moves Clause: Evasion moves are banned\n|rule|Species Clause: Limit one of each Pok\u00e9mon\n|rule|Dynamax Clause: You cannot dynamax\n|rule|Sleep Clause Mod: Limit one foe put to sleep\n|clearpoke\n|poke|p1|Morpeko, F|\n|poke|p1|Blissey, F|\n|poke|p1|Greninja, M|\n|poke|p1|Landorus-Therian, M|\n|poke|p1|Ferrothorn, M|\n|poke|p1|Charizard, F|\n|poke|p2|Zapdos|\n|poke|p2|Pelipper, F|\n|poke|p2|Ferrothorn, M|\n|poke|p2|Swampert, M|\n|poke|p2|Urshifu-*, F|\n|poke|p2|Greninja, M|\n|teampreview\n|inactive|Battle timer is ON: inactive players will automatically lose when time's up. (requested by brettfavreinnocent)\n|\n|t:|1665209163\n|start\n|switch|p1a: Blissey|Blissey, F|100\/100\n|switch|p2a: Swampert|Swampert, M|100\/100\n|turn|1\n|\n|t:|1665209168\n|switch|p1a: Ferrothorn|Ferrothorn, M|100\/100\n|detailschange|p2a: Swampert|Swampert-Mega, M\n|-mega|p2a: Swampert|Swampert|Swampertite\n|move|p2a: Swampert|Stealth Rock|p1a: Ferrothorn\n|-sidestart|p1: WongManTheWise|move: Stealth Rock\n|\n|upkeep\n|turn|2\n|\n|t:|1665209175\n|switch|p2a: Urshifu|Urshifu-Rapid-Strike, F|100\/100\n|move|p1a: Ferrothorn|Stealth Rock|p2a: Urshifu\n|-sidestart|p2: brettfavreinnocent|move: Stealth Rock\n|\n|upkeep\n|turn|3\n|\n|t:|1665209180\n|move|p2a: Urshifu|Surging Strikes|p1a: Ferrothorn\n|-resisted|p1a: Ferrothorn\n|-crit|p1a: Ferrothorn\n|-damage|p1a: Ferrothorn|94\/100\n|-damage|p2a: Urshifu|88\/100|[from] ability: Iron Barbs|[of] p1a: Ferrothorn\n|-damage|p2a: Urshifu|72\/100|[from] item: Rocky Helmet|[of] p1a: Ferrothorn\n|-resisted|p1a: Ferrothorn\n|-crit|p1a: Ferrothorn\n|-damage|p1a: Ferrothorn|88\/100\n|-damage|p2a: Urshifu|59\/100|[from] ability: Iron Barbs|[of] p1a: Ferrothorn\n|-damage|p2a: Urshifu|43\/100|[from] item: Rocky Helmet|[of] p1a: Ferrothorn\n|-resisted|p1a: Ferrothorn\n|-crit|p1a: Ferrothorn\n|-damage|p1a: Ferrothorn|81\/100\n|-damage|p2a: Urshifu|31\/100|[from] ability: Iron Barbs|[of] p1a: Ferrothorn\n|-damage|p2a: Urshifu|14\/100|[from] item: Rocky Helmet|[of] p1a: Ferrothorn\n|-hitcount|p1a: Ferrothorn|3\n|move|p1a: Ferrothorn|Leech Seed|p2a: Urshifu|[miss]\n|-miss|p1a: Ferrothorn|p2a: Urshifu\n|\n|upkeep\n|turn|4\n|\n|t:|1665209186\n|switch|p2a: Pelipper|Pelipper, F|100\/100\n|-damage|p2a: Pelipper|76\/100|[from] Stealth Rock\n|-weather|RainDance|[from] ability: Drizzle|[of] p2a: Pelipper\n|switch|p1a: Landorus|Landorus-Therian, M|100\/100\n|-damage|p1a: Landorus|88\/100|[from] Stealth Rock\n|-ability|p1a: Landorus|Intimidate|boost\n|-unboost|p2a: Pelipper|atk|1\n|\n|-weather|RainDance|[upkeep]\n|upkeep\n|turn|5\n|c|\u2606brettfavreinnocent|who\u2019s playing nat dex DJ?\n|\n|t:|1665209189\n|move|p1a: Landorus|U-turn|p2a: Pelipper\n|-resisted|p2a: Pelipper\n|-damage|p2a: Pelipper|65\/100\n|\n|t:|1665209193\n|switch|p1a: Ferrothorn|Ferrothorn, M|81\/100|[from]move: U-turn\n|-damage|p1a: Ferrothorn|75\/100|[from] Stealth Rock\n|move|p2a: Pelipper|Scald|p1a: Ferrothorn\n|-resisted|p1a: Ferrothorn\n|-damage|p1a: Ferrothorn|60\/100\n|\n|-weather|RainDance|[upkeep]\n|upkeep\n|turn|6\n|c|\u2606brettfavreinnocent|tyus i didnt realize i wasnt on my account\n|c|\u2606brettfavreinnocent|lmao u straight\n|inactive|brettfavreinnocent has 120 seconds left.\n|\n|t:|1665209226\n|move|p2a: Pelipper|Scald|p1a: Ferrothorn\n|-resisted|p1a: Ferrothorn\n|-damage|p1a: Ferrothorn|45\/100\n|-status|p1a: Ferrothorn|brn\n|move|p1a: Ferrothorn|Leech Seed|p2a: Pelipper\n|-start|p2a: Pelipper|move: Leech Seed\n|\n|-weather|RainDance|[upkeep]\n|-damage|p2a: Pelipper|53\/100|[from] Leech Seed|[of] p1a: Ferrothorn\n|-heal|p1a: Ferrothorn|56\/100 brn|[silent]\n|-damage|p1a: Ferrothorn|50\/100 brn|[from] brn\n|upkeep\n|turn|7\n|\n|t:|1665209230\n|move|p2a: Pelipper|U-turn|p1a: Ferrothorn\n|-damage|p1a: Ferrothorn|47\/100 brn\n|-damage|p2a: Pelipper|40\/100|[from] ability: Iron Barbs|[of] p1a: Ferrothorn\n|-damage|p2a: Pelipper|24\/100|[from] item: Rocky Helmet|[of] p1a: Ferrothorn\n|c|\u2606brettfavreinnocent|get those points up so we don\u2019t gotta fight shutters\n|c|\u2606brettfavreinnocent|shiters\n|c|\u2606brettfavreinnocent|im bringing us down\n|inactive|brettfavreinnocent has 120 seconds left.\n|\n|t:|1665209245\n|switch|p2a: Swampert|Swampert-Mega, M|100\/100|[from]move: U-turn\n|-damage|p2a: Swampert|94\/100|[from] Stealth Rock\n|move|p1a: Ferrothorn|Spikes|p2a: Swampert\n|-sidestart|p2: brettfavreinnocent|Spikes\n|\n|-weather|RainDance|[upkeep]\n|-damage|p1a: Ferrothorn|41\/100 brn|[from] brn\n|upkeep\n|turn|8\n|\n|t:|1665209250\n|move|p2a: Swampert|Earthquake|p1a: Ferrothorn\n|-crit|p1a: Ferrothorn\n|-damage|p1a: Ferrothorn|0 fnt\n|faint|p1a: Ferrothorn\n|\n|-weather|RainDance|[upkeep]\n|upkeep\n|c|\u2606brettfavreinnocent|this team is v powerful weatherman but more broken mons\n|c|\u2606brettfavreinnocent|that was the idea\n|\n|t:|1665209261\n|switch|p1a: Landorus|Landorus-Therian, M|88\/100\n|-damage|p1a: Landorus|76\/100|[from] Stealth Rock\n|-ability|p1a: Landorus|Intimidate|boost\n|-unboost|p2a: Swampert|atk|1\n|turn|9\n|c|\u2606brettfavreinnocent|literally copied pasted\n|c|\u2606brettfavreinnocent|wong ur on #PACKWATCH\n|\n|t:|1665209273\n|switch|p1a: Blissey|Blissey, F|100\/100\n|-damage|p1a: Blissey|88\/100|[from] Stealth Rock\n|move|p2a: Swampert|Ice Punch|p1a: Blissey\n|-damage|p1a: Blissey|62\/100\n|\n|-weather|RainDance|[upkeep]\n|upkeep\n|turn|10\n|\n|t:|1665209281\n|move|p2a: Swampert|Waterfall|p1a: Blissey\n|-damage|p1a: Blissey|1\/100\n|-zpower|p1a: Blissey\n|move|p1a: Blissey|All-Out Pummeling|p2a: Swampert|[zeffect]\n|-damage|p2a: Swampert|52\/100\n|\n|-weather|RainDance|[upkeep]\n|upkeep\n|turn|11\n|c|\u2606brettfavreinnocent|son\n|c|\u2606brettfavreinnocent|z fighting is a freak play LMAO\n|\n|t:|1665209297\n|move|p2a: Swampert|Waterfall|p1a: Blissey\n|-damage|p1a: Blissey|0 fnt\n|faint|p1a: Blissey\n|\n|-weather|none\n|upkeep\n|c|\u2606brettfavreinnocent|z fighting blissey???????\n|\n|t:|1665209304\n|switch|p1a: Charizard|Charizard, F|100\/100\n|-damage|p1a: Charizard|51\/100|[from] Stealth Rock\n|turn|12\n|\n|t:|1665209311\n|switch|p2a: Pelipper|Pelipper, F|24\/100\n|-damage|p2a: Pelipper|0 fnt|[from] Stealth Rock\n|faint|p2a: Pelipper\n|detailschange|p1a: Charizard|Charizard-Mega-Y, F\n|-mega|p1a: Charizard|Charizard|Charizardite Y\n|-weather|SunnyDay|[from] ability: Drought|[of] p1a: Charizard\n|move|p1a: Charizard|Solar Beam||[still]\n|-prepare|p1a: Charizard|Solar Beam\n|-anim|p1a: Charizard|Solar Beam|p2: Pelipper|[notarget]\n|-fail|p1a: Charizard\n|\n|-weather|SunnyDay|[upkeep]\n|upkeep\n|\n|t:|1665209331\n|switch|p2a: Zapdos|Zapdos|100\/100\n|turn|13\n|\n|t:|1665209336\n|move|p1a: Charizard|Weather Ball|p2a: Zapdos\n|-damage|p2a: Zapdos|0 fnt\n|faint|p2a: Zapdos\n|\n|-weather|SunnyDay|[upkeep]\n|upkeep\n|\n|t:|1665209340\n|switch|p2a: Greninja|Greninja, M|100\/100\n|-damage|p2a: Greninja|88\/100|[from] Stealth Rock\n|-damage|p2a: Greninja|76\/100|[from] Spikes\n|turn|14\n|\n|t:|1665209342\n|move|p2a: Greninja|Water Shuriken|p1a: Charizard\n|-supereffective|p1a: Charizard\n|-damage|p1a: Charizard|40\/100\n|-supereffective|p1a: Charizard\n|-damage|p1a: Charizard|30\/100\n|-hitcount|p1a: Charizard|2\n|move|p1a: Charizard|Solar Beam||[still]\n|-prepare|p1a: Charizard|Solar Beam\n|-anim|p1a: Charizard|Solar Beam|p2a: Greninja\n|-supereffective|p2a: Greninja\n|-damage|p2a: Greninja|0 fnt\n|faint|p2a: Greninja\n|\n|-weather|SunnyDay|[upkeep]\n|upkeep\n|\n|t:|1665209352\n|switch|p2a: Urshifu|Urshifu-Rapid-Strike, F|14\/100\n|-damage|p2a: Urshifu|8\/100|[from] Stealth Rock\n|-damage|p2a: Urshifu|0 fnt|[from] Spikes\n|faint|p2a: Urshifu\n|\n|t:|1665209354\n|switch|p2a: Swampert|Swampert-Mega, M|52\/100\n|-damage|p2a: Swampert|46\/100|[from] Stealth Rock\n|-damage|p2a: Swampert|34\/100|[from] Spikes\n|turn|15\n|\n|t:|1665209356\n|move|p1a: Charizard|Solar Beam||[still]\n|-prepare|p1a: Charizard|Solar Beam\n|-anim|p1a: Charizard|Solar Beam|p2a: Swampert\n|-supereffective|p2a: Swampert\n|-damage|p2a: Swampert|0 fnt\n|faint|p2a: Swampert\n|\n|-weather|SunnyDay|[upkeep]\n|upkeep\n|\n|t:|1665209359\n|switch|p2a: Ferrothorn|Ferrothorn, M|100\/100\n|-damage|p2a: Ferrothorn|94\/100|[from] Stealth Rock\n|-damage|p2a: Ferrothorn|82\/100|[from] Spikes\n|turn|16\n|\n|t:|1665209362\n|move|p1a: Charizard|Weather Ball|p2a: Ferrothorn\n|-supereffective|p2a: Ferrothorn\n|-damage|p2a: Ferrothorn|0 fnt\n|faint|p2a: Ferrothorn\n|\n|win|WongManTheWise\n|raw|WongManTheWise's rating: 1324 &rarr; <strong>1343<\/strong><br \/>(+19 for winning)\n|raw|brettfavreinnocent's rating: 1310 &rarr; <strong>1291<\/strong><br \/>(-19 for losing)\n|c|\u2606WongManTheWise|gg\n|c|\u2606brettfavreinnocent|u won this round\n","uploadtime":1665209369,"views":11,"p1id":"wongmanthewise","p2id":"brettfavreinnocent","formatid":"gen8nationaldex","rating":1291,"private":0,"password":null}