{"id":"gen8randombattle-1078031192","p1":"Burnt Bright","p2":"JusticeforElia","format":"gen8randombattle","log":"|j|\u2606Burnt Bright\n|j|\u2606JusticeforElia\n|player|p1|Burnt Bright|226|1918\n|player|p2|JusticeforElia|226|1801\n|teamsize|p1|6\n|teamsize|p2|6\n|gametype|singles\n|gen|8\n|tier|[Gen 8] Random Battle\n|rated|\n|rule|Species Clause: Limit one of each Pok\u00e9mon\n|rule|HP Percentage Mod: HP is shown in percentages\n|rule|Sleep Clause Mod: Limit one foe put to sleep\n|\n|start\n|switch|p1a: Sigilyph|Sigilyph, L84, F|258\/258\n|switch|p2a: Abomasnow|Abomasnow, L86, F|295\/295\n|-weather|Hail|[from] ability: Snow Warning|[of] p2a: Abomasnow\n|turn|1\n|\n|move|p1a: Sigilyph|Heat Wave|p2a: Abomasnow\n|-supereffective|p2a: Abomasnow\n|-crit|p2a: Abomasnow\n|-damage|p2a: Abomasnow|0 fnt\n|faint|p2a: Abomasnow\n|\n|-weather|Hail|[upkeep]\n|-damage|p1a: Sigilyph|242\/258|[from] Hail\n|upkeep\n|\n|switch|p2a: Turtonator|Turtonator, L86, M|243\/243\n|turn|2\n|\n|switch|p1a: Mantine|Mantine, L84, F|279\/279\n|move|p2a: Turtonator|Shell Smash|p2a: Turtonator\n|-unboost|p2a: Turtonator|def|1\n|-unboost|p2a: Turtonator|spd|1\n|-boost|p2a: Turtonator|atk|2\n|-boost|p2a: Turtonator|spa|2\n|-boost|p2a: Turtonator|spe|2\n|-enditem|p2a: Turtonator|White Herb\n|-clearnegativeboost|p2a: Turtonator|[silent]\n|\n|-weather|Hail|[upkeep]\n|-damage|p2a: Turtonator|228\/243|[from] Hail\n|-damage|p1a: Mantine|262\/279|[from] Hail\n|upkeep\n|turn|3\n|\n|move|p2a: Turtonator|Draco Meteor|p1a: Mantine\n|-damage|p1a: Mantine|87\/279\n|-unboost|p2a: Turtonator|spa|2\n|move|p1a: Mantine|Scald|p2a: Turtonator\n|-damage|p2a: Turtonator|159\/243\n|\n|-weather|Hail|[upkeep]\n|-damage|p2a: Turtonator|144\/243|[from] Hail\n|-damage|p1a: Mantine|70\/279|[from] Hail\n|upkeep\n|turn|4\n|\n|move|p2a: Turtonator|Draco Meteor|p1a: Mantine\n|-damage|p1a: Mantine|0 fnt\n|-unboost|p2a: Turtonator|spa|2\n|faint|p1a: Mantine\n|\n|-weather|Hail|[upkeep]\n|-damage|p2a: Turtonator|129\/243|[from] Hail\n|upkeep\n|\n|switch|p1a: Flygon|Flygon, L82, F|265\/265\n|turn|5\n|\n|switch|p2a: Mimikyu|Mimikyu, L80, F|219\/219\n|move|p1a: Flygon|Earthquake|p2a: Mimikyu\n|-activate|p2a: Mimikyu|ability: Disguise\n|-damage|p2a: Mimikyu|219\/219\n|detailschange|p2a: Mimikyu|Mimikyu-Busted, L80, F\n|-damage|p2a: Mimikyu|192\/219|[from] pokemon: mimikyubusted\n|\n|-weather|none\n|upkeep\n|turn|6\n|\n|switch|p1a: Maractus|Maractus, L88, M|275\/275\n|move|p2a: Mimikyu|Play Rough|p1a: Maractus\n|-damage|p1a: Maractus|157\/275\n|-unboost|p1a: Maractus|atk|1\n|-damage|p2a: Mimikyu|171\/219|[from] item: Life Orb\n|\n|-heal|p1a: Maractus|174\/275|[from] item: Leftovers\n|upkeep\n|turn|7\n|\n|switch|p2a: Turtonator|Turtonator, L86, M|129\/243\n|move|p1a: Maractus|Leech Seed|p2a: Turtonator\n|-start|p2a: Turtonator|move: Leech Seed\n|\n|-heal|p1a: Maractus|191\/275|[from] item: Leftovers\n|-damage|p2a: Turtonator|99\/243|[from] Leech Seed|[of] p1a: Maractus\n|-heal|p1a: Maractus|221\/275|[silent]\n|upkeep\n|turn|8\n|\n|move|p1a: Maractus|Spikes|p2a: Turtonator\n|-sidestart|p2: JusticeforElia|Spikes\n|move|p2a: Turtonator|Shell Smash|p2a: Turtonator\n|-unboost|p2a: Turtonator|def|1\n|-unboost|p2a: Turtonator|spd|1\n|-boost|p2a: Turtonator|atk|2\n|-boost|p2a: Turtonator|spa|2\n|-boost|p2a: Turtonator|spe|2\n|\n|-heal|p1a: Maractus|238\/275|[from] item: Leftovers\n|-damage|p2a: Turtonator|69\/243|[from] Leech Seed|[of] p1a: Maractus\n|-heal|p1a: Maractus|268\/275|[silent]\n|upkeep\n|turn|9\n|\n|move|p1a: Maractus|Spiky Shield|p1a: Maractus\n|-singleturn|p1a: Maractus|move: Protect\n|move|p2a: Turtonator|Fire Blast|p1a: Maractus\n|-activate|p1a: Maractus|move: Protect\n|\n|-heal|p1a: Maractus|275\/275|[from] item: Leftovers\n|-damage|p2a: Turtonator|39\/243|[from] Leech Seed|[of] p1a: Maractus\n|upkeep\n|turn|10\n|\n|move|p2a: Turtonator|Fire Blast|p1a: Maractus\n|-supereffective|p1a: Maractus\n|-damage|p1a: Maractus|0 fnt\n|faint|p1a: Maractus\n|\n|upkeep\n|\n|switch|p1a: Flygon|Flygon, L82, F|265\/265\n|turn|11\n|\n|move|p1a: Flygon|Earthquake|p2a: Turtonator\n|-supereffective|p2a: Turtonator\n|-damage|p2a: Turtonator|0 fnt\n|faint|p2a: Turtonator\n|\n|upkeep\n|\n|switch|p2a: Vespiquen|Vespiquen, L88, F|265\/265\n|-ability|p2a: Vespiquen|Pressure\n|turn|12\n|\n|switch|p1a: Sigilyph|Sigilyph, L84, F|242\/258\n|switch|p2a: Mimikyu|Mimikyu-Busted, L80, F|171\/219\n|-damage|p2a: Mimikyu|144\/219|[from] Spikes\n|\n|upkeep\n|turn|13\n|\n|move|p1a: Sigilyph|Psychic|p2a: Mimikyu\n|-damage|p2a: Mimikyu|2\/219\n|move|p2a: Mimikyu|Shadow Claw|p1a: Sigilyph\n|-supereffective|p1a: Sigilyph\n|-damage|p1a: Sigilyph|70\/258\n|-damage|p2a: Mimikyu|0 fnt|[from] item: Life Orb\n|faint|p2a: Mimikyu\n|\n|upkeep\n|\n|switch|p2a: Glalie|Glalie, L72, M|234\/234\n|-damage|p2a: Glalie|205\/234|[from] Spikes\n|turn|14\n|\n|move|p2a: Glalie|Protect|p2a: Glalie\n|-singleturn|p2a: Glalie|Protect\n|move|p1a: Sigilyph|Psychic|p2a: Glalie\n|-activate|p2a: Glalie|move: Protect\n|\n|-heal|p2a: Glalie|219\/234|[from] item: Leftovers\n|-ability|p2a: Glalie|Moody|boost\n|-boost|p2a: Glalie|spd|2\n|-unboost|p2a: Glalie|def|1\n|upkeep\n|turn|15\n|\n|switch|p1a: Grimmsnarl|Grimmsnarl, L80, M|283\/283\n|move|p2a: Glalie|Freeze-Dry|p1a: Grimmsnarl\n|-damage|p1a: Grimmsnarl|226\/283\n|\n|-heal|p2a: Glalie|233\/234|[from] item: Leftovers\n|-ability|p2a: Glalie|Moody|boost\n|-boost|p2a: Glalie|def|2\n|-unboost|p2a: Glalie|spa|1\n|upkeep\n|turn|16\n|\n|move|p1a: Grimmsnarl|Thunder Wave|p2a: Glalie\n|-status|p2a: Glalie|par\n|move|p2a: Glalie|Substitute|p2a: Glalie\n|-start|p2a: Glalie|Substitute\n|-damage|p2a: Glalie|175\/234 par\n|\n|-heal|p2a: Glalie|189\/234 par|[from] item: Leftovers\n|-ability|p2a: Glalie|Moody|boost\n|-boost|p2a: Glalie|spd|2\n|-unboost|p2a: Glalie|spe|1\n|upkeep\n|turn|17\n|\n|move|p1a: Grimmsnarl|Spirit Break|p2a: Glalie\n|-end|p2a: Glalie|Substitute\n|cant|p2a: Glalie|par\n|\n|-heal|p2a: Glalie|203\/234 par|[from] item: Leftovers\n|-ability|p2a: Glalie|Moody|boost\n|-boost|p2a: Glalie|spd|2\n|-unboost|p2a: Glalie|spa|1\n|upkeep\n|turn|18\n|\n|move|p1a: Grimmsnarl|Light Screen|p1a: Grimmsnarl\n|-sidestart|p1: Burnt Bright|move: Light Screen\n|cant|p2a: Glalie|par\n|\n|-heal|p2a: Glalie|217\/234 par|[from] item: Leftovers\n|-ability|p2a: Glalie|Moody|boost\n|-boost|p2a: Glalie|atk|2\n|-unboost|p2a: Glalie|spa|1\n|upkeep\n|turn|19\n|\n|switch|p1a: Malamar|Malamar, L86, M|288\/288\n|move|p2a: Glalie|Freeze-Dry|p1a: Malamar\n|-damage|p1a: Malamar|278\/288\n|-status|p1a: Malamar|frz\n|\n|-heal|p1a: Malamar|288\/288 frz|[from] item: Leftovers\n|-heal|p2a: Glalie|231\/234 par|[from] item: Leftovers\n|-ability|p2a: Glalie|Moody|boost\n|-boost|p2a: Glalie|spe|2\n|-unboost|p2a: Glalie|spd|1\n|upkeep\n|turn|20\n|\n|switch|p2a: Eternatus|Eternatus, L72|321\/321\n|-damage|p2a: Eternatus|281\/321|[from] Spikes\n|-ability|p2a: Eternatus|Pressure\n|cant|p1a: Malamar|frz\n|\n|upkeep\n|turn|21\n|\n|move|p2a: Eternatus|Sludge Wave|p1a: Malamar\n|-damage|p1a: Malamar|231\/288 frz\n|cant|p1a: Malamar|frz\n|\n|-heal|p1a: Malamar|249\/288 frz|[from] item: Leftovers\n|upkeep\n|turn|22\n|\n|move|p2a: Eternatus|Dynamax Cannon|p1a: Malamar\n|-damage|p1a: Malamar|192\/288 frz\n|cant|p1a: Malamar|frz\n|\n|-heal|p1a: Malamar|210\/288 frz|[from] item: Leftovers\n|upkeep\n|turn|23\n|\n|switch|p2a: Glalie|Glalie, L72, M|231\/234 par\n|-damage|p2a: Glalie|202\/234 par|[from] Spikes\n|cant|p1a: Malamar|frz\n|\n|-heal|p1a: Malamar|228\/288 frz|[from] item: Leftovers\n|-heal|p2a: Glalie|216\/234 par|[from] item: Leftovers\n|-ability|p2a: Glalie|Moody|boost\n|-boost|p2a: Glalie|atk|2\n|-unboost|p2a: Glalie|spd|1\n|upkeep\n|turn|24\n|\n|cant|p1a: Malamar|frz\n|move|p2a: Glalie|Substitute|p2a: Glalie\n|-start|p2a: Glalie|Substitute\n|-damage|p2a: Glalie|158\/234 par\n|\n|-heal|p1a: Malamar|246\/288 frz|[from] item: Leftovers\n|-heal|p2a: Glalie|172\/234 par|[from] item: Leftovers\n|-ability|p2a: Glalie|Moody|boost\n|-boost|p2a: Glalie|spe|2\n|-unboost|p2a: Glalie|spd|1\n|upkeep\n|turn|25\n|\n|cant|p1a: Malamar|frz\n|move|p2a: Glalie|Freeze-Dry|p1a: Malamar\n|-damage|p1a: Malamar|219\/288 frz\n|\n|-heal|p1a: Malamar|237\/288 frz|[from] item: Leftovers\n|-heal|p2a: Glalie|186\/234 par|[from] item: Leftovers\n|-sideend|p1: Burnt Bright|move: Light Screen\n|-ability|p2a: Glalie|Moody|boost\n|-boost|p2a: Glalie|atk|2\n|-unboost|p2a: Glalie|spa|1\n|upkeep\n|turn|26\n|\n|cant|p1a: Malamar|frz\n|move|p2a: Glalie|Disable||[still]\n|-fail|p2a: Glalie\n|\n|-heal|p1a: Malamar|255\/288 frz|[from] item: Leftovers\n|-heal|p2a: Glalie|200\/234 par|[from] item: Leftovers\n|-ability|p2a: Glalie|Moody|boost\n|-boost|p2a: Glalie|def|2\n|-unboost|p2a: Glalie|atk|1\n|upkeep\n|turn|27\n|\n|cant|p1a: Malamar|frz\n|move|p2a: Glalie|Disable||[still]\n|-fail|p2a: Glalie\n|\n|-heal|p1a: Malamar|273\/288 frz|[from] item: Leftovers\n|-heal|p2a: Glalie|214\/234 par|[from] item: Leftovers\n|-ability|p2a: Glalie|Moody|boost\n|-boost|p2a: Glalie|def|2\n|-unboost|p2a: Glalie|atk|1\n|upkeep\n|turn|28\n|\n|cant|p1a: Malamar|frz\n|cant|p2a: Glalie|par\n|\n|-heal|p1a: Malamar|288\/288 frz|[from] item: Leftovers\n|-heal|p2a: Glalie|228\/234 par|[from] item: Leftovers\n|-ability|p2a: Glalie|Moody|boost\n|-boost|p2a: Glalie|spe|2\n|-unboost|p2a: Glalie|def|1\n|upkeep\n|turn|29\n|\n|move|p2a: Glalie|Freeze-Dry|p1a: Malamar\n|-damage|p1a: Malamar|254\/288 frz\n|cant|p1a: Malamar|frz\n|\n|-heal|p2a: Glalie|234\/234 par|[from] item: Leftovers\n|-heal|p1a: Malamar|272\/288 frz|[from] item: Leftovers\n|-ability|p2a: Glalie|Moody|boost\n|-boost|p2a: Glalie|spa|2\n|-unboost|p2a: Glalie|def|1\n|upkeep\n|turn|30\n|c|\u2606JusticeforElia|What the hell\n|c|\u2606Burnt Bright|This is ridiculous\n|c|\u2606JusticeforElia|I thought it was 5 turns max\n|\n|switch|p1a: Grimmsnarl|Grimmsnarl, L80, M|226\/283\n|cant|p2a: Glalie|par\n|\n|-ability|p2a: Glalie|Moody|boost\n|-boost|p2a: Glalie|spd|2\n|-unboost|p2a: Glalie|atk|1\n|upkeep\n|turn|31\n|\n|move|p1a: Grimmsnarl|Light Screen|p1a: Grimmsnarl\n|-sidestart|p1: Burnt Bright|move: Light Screen\n|cant|p2a: Glalie|par\n|\n|-ability|p2a: Glalie|Moody|boost\n|-boost|p2a: Glalie|spa|2\n|-unboost|p2a: Glalie|spe|1\n|upkeep\n|turn|32\n|\n|move|p2a: Glalie|Freeze-Dry|p1a: Grimmsnarl\n|-damage|p1a: Grimmsnarl|155\/283\n|move|p1a: Grimmsnarl|Spirit Break|p2a: Glalie\n|-end|p2a: Glalie|Substitute\n|\n|-ability|p2a: Glalie|Moody|boost\n|-boost|p2a: Glalie|atk|2\n|-unboost|p2a: Glalie|spd|1\n|upkeep\n|turn|33\n|\n|move|p2a: Glalie|Freeze-Dry|p1a: Grimmsnarl\n|-damage|p1a: Grimmsnarl|83\/283\n|move|p1a: Grimmsnarl|Spirit Break|p2a: Glalie\n|-damage|p2a: Glalie|180\/234 par\n|-unboost|p2a: Glalie|spa|1\n|\n|-heal|p2a: Glalie|194\/234 par|[from] item: Leftovers\n|-ability|p2a: Glalie|Moody|boost\n|-boost|p2a: Glalie|atk|2\n|-unboost|p2a: Glalie|spa|1\n|upkeep\n|turn|34\n|\n|move|p2a: Glalie|Freeze-Dry|p1a: Grimmsnarl\n|-damage|p1a: Grimmsnarl|41\/283\n|move|p1a: Grimmsnarl|Spirit Break|p2a: Glalie\n|-damage|p2a: Glalie|136\/234 par\n|-unboost|p2a: Glalie|spa|1\n|\n|-heal|p2a: Glalie|150\/234 par|[from] item: Leftovers\n|-ability|p2a: Glalie|Moody|boost\n|-boost|p2a: Glalie|spd|2\n|-unboost|p2a: Glalie|spa|1\n|upkeep\n|turn|35\n|\n|move|p2a: Glalie|Freeze-Dry|p1a: Grimmsnarl\n|-damage|p1a: Grimmsnarl|23\/283\n|move|p1a: Grimmsnarl|Spirit Break|p2a: Glalie\n|-damage|p2a: Glalie|93\/234 par\n|-unboost|p2a: Glalie|spa|1\n|\n|-heal|p2a: Glalie|107\/234 par|[from] item: Leftovers\n|-ability|p2a: Glalie|Moody|boost\n|-boost|p2a: Glalie|spa|2\n|-unboost|p2a: Glalie|spe|1\n|upkeep\n|turn|36\n|\n|move|p2a: Glalie|Freeze-Dry|p1a: Grimmsnarl\n|-damage|p1a: Grimmsnarl|0 fnt\n|faint|p1a: Grimmsnarl\n|\n|-heal|p2a: Glalie|121\/234 par|[from] item: Leftovers\n|-ability|p2a: Glalie|Moody|boost\n|-boost|p2a: Glalie|spe|2\n|-unboost|p2a: Glalie|spa|1\n|upkeep\n|\n|switch|p1a: Sigilyph|Sigilyph, L84, F|70\/258\n|turn|37\n|\n|move|p2a: Glalie|Protect|p2a: Glalie\n|-singleturn|p2a: Glalie|Protect\n|move|p1a: Sigilyph|Heat Wave|p2a: Glalie\n|-activate|p2a: Glalie|move: Protect\n|\n|-heal|p2a: Glalie|135\/234 par|[from] item: Leftovers\n|-ability|p2a: Glalie|Moody|boost\n|-boost|p2a: Glalie|spd|2\n|-unboost|p2a: Glalie|atk|1\n|upkeep\n|turn|38\n|\n|move|p2a: Glalie|Freeze-Dry|p1a: Sigilyph\n|-supereffective|p1a: Sigilyph\n|-damage|p1a: Sigilyph|36\/258\n|move|p1a: Sigilyph|Heat Wave|p2a: Glalie\n|-supereffective|p2a: Glalie\n|-damage|p2a: Glalie|33\/234 par\n|\n|-heal|p2a: Glalie|47\/234 par|[from] item: Leftovers\n|-sideend|p1: Burnt Bright|move: Light Screen\n|-ability|p2a: Glalie|Moody|boost\n|-boost|p2a: Glalie|atk|2\n|-unboost|p2a: Glalie|def|1\n|upkeep\n|turn|39\n|\n|move|p2a: Glalie|Freeze-Dry|p1a: Sigilyph\n|-supereffective|p1a: Sigilyph\n|-damage|p1a: Sigilyph|0 fnt\n|faint|p1a: Sigilyph\n|\n|-heal|p2a: Glalie|61\/234 par|[from] item: Leftovers\n|-ability|p2a: Glalie|Moody|boost\n|-boost|p2a: Glalie|spd|2\n|-unboost|p2a: Glalie|spa|1\n|upkeep\n|\n|switch|p1a: Flygon|Flygon, L82, F|265\/265\n|turn|40\n|\n|move|p1a: Flygon|Outrage|p2a: Glalie\n|-damage|p2a: Glalie|0 fnt\n|faint|p2a: Glalie\n|\n|upkeep\n|\n|switch|p2a: Vespiquen|Vespiquen, L88, F|265\/265\n|-ability|p2a: Vespiquen|Pressure\n|turn|41\n|\n|move|p1a: Flygon|Outrage|p2a: Vespiquen|[from]lockedmove\n|-damage|p2a: Vespiquen|162\/265\n|-start|p1a: Flygon|confusion|[fatigue]\n|move|p2a: Vespiquen|Roost|p2a: Vespiquen\n|-heal|p2a: Vespiquen|265\/265\n|-singleturn|p2a: Vespiquen|move: Roost\n|\n|upkeep\n|turn|42\n|\n|switch|p1a: Malamar|Malamar, L86, M|272\/288 frz\n|move|p2a: Vespiquen|Air Slash|p1a: Malamar\n|-crit|p1a: Malamar\n|-damage|p1a: Malamar|145\/288 frz\n|\n|-heal|p1a: Malamar|163\/288 frz|[from] item: Leftovers\n|upkeep\n|turn|43\n|\n|-start|p2a: Vespiquen|Dynamax\n|-heal|p2a: Vespiquen|530\/530|[silent]\n|cant|p1a: Malamar|frz\n|move|p2a: Vespiquen|Max Airstream|p1a: Malamar\n|-damage|p1a: Malamar|9\/288 frz\n|-boost|p2a: Vespiquen|spe|1\n|\n|-heal|p1a: Malamar|27\/288 frz|[from] item: Leftovers\n|upkeep\n|turn|44\n|c|\u2606Burnt Bright|How many frozen turns was that?\n|\n|move|p2a: Vespiquen|Max Airstream|p1a: Malamar\n|-damage|p1a: Malamar|0 fnt\n|-boost|p2a: Vespiquen|spe|1\n|faint|p1a: Malamar\n|\n|upkeep\n|\n|switch|p1a: Flygon|Flygon, L82, F|265\/265\n|turn|45\n|c|\u2606JusticeforElia|Like 8+\n|c|\u2606Burnt Bright|off a 10% freeze dry chance\n|c|\u2606JusticeforElia|I started using disable around 5 because I thought you would thaw\n|c|\u2606JusticeforElia|Freeze is a shitty mechanic\n|\n|-start|p1a: Flygon|Dynamax\n|-heal|p1a: Flygon|530\/530|[silent]\n|move|p1a: Flygon|Max Guard|p1a: Flygon\n|-singleturn|p1a: Flygon|Max Guard\n|move|p2a: Vespiquen|Max Airstream|p1a: Flygon\n|-activate|p1a: Flygon|move: Max Guard\n|\n|-end|p2a: Vespiquen|Dynamax\n|-heal|p2a: Vespiquen|265\/265|[silent]\n|upkeep\n|turn|46\n|\n|move|p2a: Vespiquen|Toxic|p1a: Flygon\n|-status|p1a: Flygon|tox\n|move|p1a: Flygon|Max Flare|p2a: Vespiquen\n|-supereffective|p2a: Vespiquen\n|-damage|p2a: Vespiquen|107\/265\n|-weather|SunnyDay\n|\n|-weather|SunnyDay|[upkeep]\n|-damage|p1a: Flygon|514\/530 tox|[from] psn\n|upkeep\n|turn|47\n|\n|move|p2a: Vespiquen|Air Slash|p1a: Flygon\n|-damage|p1a: Flygon|435\/530 tox\n|move|p1a: Flygon|Max Flare|p2a: Vespiquen\n|-supereffective|p2a: Vespiquen\n|-damage|p2a: Vespiquen|0 fnt\n|faint|p2a: Vespiquen\n|\n|-weather|SunnyDay|[upkeep]\n|-damage|p1a: Flygon|403\/530 tox|[from] psn\n|-end|p1a: Flygon|Dynamax\n|-heal|p1a: Flygon|202\/265 tox|[silent]\n|upkeep\n|\n|switch|p2a: Eternatus|Eternatus, L72|281\/321\n|-damage|p2a: Eternatus|241\/321|[from] Spikes\n|-ability|p2a: Eternatus|Pressure\n|turn|48\n|c|\u2606Burnt Bright|gg though\n|\n|move|p1a: Flygon|Outrage|p2a: Eternatus\n|-supereffective|p2a: Eternatus\n|-damage|p2a: Eternatus|0 fnt\n|faint|p2a: Eternatus\n|\n|win|Burnt Bright\n|c|\u2606Burnt Bright|despite the luck\n|c|\u2606JusticeforElia|Gg\n|raw|Burnt Bright's rating: 1918 &rarr; <strong>1932<\/strong><br \/>(+14 for winning)\n|raw|JusticeforElia's rating: 1801 &rarr; <strong>1787<\/strong><br \/>(-14 for losing)\n|c|\u2606Burnt Bright|lol\n|c|\u2606Burnt Bright|that was crazy\n|c|\u2606JusticeforElia|It was\n|l|\u2606JusticeforElia\n","inputlog":">version ecec0bbc22d5e2148c593d747b2ec672162d02f2\n>start {\"formatid\":\"gen8randombattle\",\"seed\":[10733,3667,26341,13534],\"rated\":\"Rated battle\"}\n>player p1 {\"name\":\"Burnt Bright\",\"avatar\":\"226\",\"team\":\"\",\"rating\":1918,\"seed\":[6033,14031,20915,58516]}\n>player p2 {\"name\":\"JusticeforElia\",\"avatar\":\"226\",\"team\":\"\",\"rating\":1801,\"seed\":[4128,16707,4437,60401]}\n>p1 move heatwave\n>p2 move blizzard\n>p2 switch 2\n>p1 switch 3\n>p2 move shellsmash\n>p1 move scald\n>p2 move dracometeor\n>p1 move scald\n>p2 move dracometeor\n>p1 switch 5\n>p1 move earthquake\n>p2 switch 6\n>p1 switch 2\n>p2 move playrough\n>p1 move leechseed\n>p2 switch 6\n>p1 move spikes\n>p2 move shellsmash\n>p1 move spikyshield\n>p2 move fireblast\n>p1 move spikes\n>p2 move fireblast\n>p1 switch 2\n>p1 move earthquake\n>p2 move dracometeor\n>p2 switch 4\n>p1 switch 3\n>p2 switch 6\n>p1 move psychic\n>p2 move shadowclaw\n>p2 switch 3\n>p1 move psychic\n>p2 move protect\n>p1 switch 4\n>p2 move freezedry\n>p1 move thunderwave\n>p2 move substitute\n>p1 move spiritbreak\n>p2 move freezedry\n>p1 move lightscreen\n>p2 move freezedry\n>p1 switch 6\n>p2 move freezedry\n>p1 move superpower\n>p2 switch 5\n>p1 move knockoff\n>p2 move sludgewave\n>p1 move knockoff\n>p2 move dynamaxcannon\n>p1 move knockoff\n>p2 switch 5\n>p1 move superpower\n>p2 move substitute\n>p1 move superpower\n>p2 move freezedry\n>p1 move superpower\n>p2 move disable\n>p1 move superpower\n>p2 move disable\n>p1 move superpower\n>p2 move disable\n>p1 move superpower\n>p2 move freezedry\n>p1 switch 6\n>p2 move freezedry\n>p1 move lightscreen\n>p2 move freezedry\n>p1 move spiritbreak\n>p2 move freezedry\n>p1 move spiritbreak\n>p2 move freezedry\n>p1 move spiritbreak\n>p2 move freezedry\n>p1 move spiritbreak\n>p2 move freezedry\n>p1 move spiritbreak\n>p2 move freezedry\n>p1 switch 4\n>p1 move heatwave\n>p2 move protect\n>p1 move heatwave\n>p2 move freezedry\n>p1 move heatwave\n>p2 move freezedry\n>p1 switch 3\n>p1 move outrage\n>p2 move freezedry\n>p2 switch 6\n>p1 move outrage\n>p2 move roost\n>p1 switch 6\n>p2 move airslash\n>p1 move knockoff\n>p2 move airslash dynamax\n>p1 move knockoff\n>p2 move airslash dynamax\n>p1 switch 6\n>p1 move defog dynamax\n>p2 move airslash dynamax\n>p1 move firepunch dynamax\n>p2 move toxic\n>p1 move firepunch dynamax\n>p2 move airslash\n>p2 switch 5\n>p1 move outrage\n>p2 move dynamaxcannon","uploadtime":1584055049,"views":5,"p1id":"burntbright","p2id":"justiceforelia","formatid":"gen8randombattle","rating":1787,"private":0,"password":null}