{"id":"gen8ou-1644720734","p1":"rooopos","p2":"camrat7","format":"gen8ou","log":"|j|\u2606rooopos\n|j|\u2606camrat7\n|t:|1661092082\n|gametype|singles\n|player|p1|rooopos|102|1499\n|player|p2|camrat7|harlequin|1530\n|teamsize|p1|6\n|teamsize|p2|6\n|gen|8\n|tier|[Gen 8] OU\n|rated|\n|rule|Sleep Clause Mod: Limit one foe put to sleep\n|rule|Species Clause: Limit one of each Pok\u00e9mon\n|rule|OHKO Clause: OHKO moves are banned\n|rule|Evasion Items Clause: Evasion items are banned\n|rule|Evasion Moves Clause: Evasion moves are banned\n|rule|Endless Battle Clause: Forcing endless battles is banned\n|rule|HP Percentage Mod: HP is shown in percentages\n|rule|Dynamax Clause: You cannot dynamax\n|clearpoke\n|poke|p1|Zapdos-Galar|\n|poke|p1|Slowking, M|\n|poke|p1|Ferrothorn, M|\n|poke|p1|Weavile, F|\n|poke|p1|Landorus-Therian, M|\n|poke|p1|Dragapult, F|\n|poke|p2|Kommo-o, M|\n|poke|p2|Crawdaunt, F|\n|poke|p2|Corviknight, M|\n|poke|p2|Clefable, M|\n|poke|p2|Rillaboom, M|\n|poke|p2|Regieleki|\n|teampreview\n|j| Pichupichu321\n|j| tyresepennywhistle\n|\n|t:|1661092122\n|start\n|switch|p1a: Dragapult|Dragapult, F|100\/100\n|switch|p2a: Crawdaunt|Crawdaunt, F|100\/100\n|turn|1\n|\n|t:|1661092132\n|switch|p2a: Clefable|Clefable, M|100\/100\n|move|p1a: Dragapult|U-turn|p2a: Clefable\n|-resisted|p2a: Clefable\n|-damage|p2a: Clefable|91\/100\n|inactive|Battle timer is ON: inactive players will automatically lose when time's up. (requested by rooopos)\n|\n|t:|1661092139\n|switch|p1a: Landorus|Landorus-Therian, M|100\/100|[from]move: U-turn\n|-ability|p1a: Landorus|Intimidate|boost\n|-unboost|p2a: Clefable|atk|1\n|\n|upkeep\n|turn|2\n|\n|t:|1661092145\n|move|p1a: Landorus|Stealth Rock|p2a: Clefable\n|-sidestart|p2: camrat7|move: Stealth Rock\n|move|p2a: Clefable|Toxic|p1a: Landorus\n|-status|p1a: Landorus|tox\n|\n|-damage|p1a: Landorus|94\/100 tox|[from] psn\n|upkeep\n|turn|3\n|\n|t:|1661092152\n|switch|p2a: Corviknight|Corviknight, M|100\/100\n|-damage|p2a: Corviknight|88\/100|[from] Stealth Rock\n|-ability|p2a: Corviknight|Pressure\n|move|p1a: Landorus|U-turn|p2a: Corviknight\n|-resisted|p2a: Corviknight\n|-damage|p2a: Corviknight|84\/100\n|-damage|p1a: Landorus|78\/100 tox|[from] item: Rocky Helmet|[of] p2a: Corviknight\n|\n|t:|1661092158\n|switch|p1a: Dragapult|Dragapult, F|100\/100|[from]move: U-turn\n|\n|upkeep\n|turn|4\n|\n|t:|1661092162\n|switch|p2a: Crawdaunt|Crawdaunt, F|100\/100\n|-damage|p2a: Crawdaunt|88\/100|[from] Stealth Rock\n|move|p1a: Dragapult|Shadow Ball|p2a: Crawdaunt\n|-resisted|p2a: Crawdaunt\n|-damage|p2a: Crawdaunt|38\/100\n|\n|upkeep\n|turn|5\n|\n|t:|1661092169\n|switch|p1a: Ferrothorn|Ferrothorn, M|100\/100\n|switch|p2a: Kommo-o|Kommo-o, M|100\/100\n|-damage|p2a: Kommo-o|94\/100|[from] Stealth Rock\n|\n|upkeep\n|turn|6\n|\n|t:|1661092176\n|switch|p1a: Slowking|Slowking, M|100\/100\n|move|p2a: Kommo-o|Flamethrower|p1a: Slowking\n|-resisted|p1a: Slowking\n|-damage|p1a: Slowking|88\/100\n|\n|upkeep\n|turn|7\n|\n|t:|1661092184\n|switch|p2a: Rillaboom|Rillaboom, M|100\/100\n|-damage|p2a: Rillaboom|88\/100|[from] Stealth Rock\n|-fieldstart|move: Grassy Terrain|[from] ability: Grassy Surge|[of] p2a: Rillaboom\n|switch|p1a: Dragapult|Dragapult, F|100\/100\n|\n|-heal|p2a: Rillaboom|94\/100|[from] Grassy Terrain\n|upkeep\n|turn|8\n|\n|t:|1661092191\n|switch|p2a: Corviknight|Corviknight, M|84\/100\n|-damage|p2a: Corviknight|72\/100|[from] Stealth Rock\n|-ability|p2a: Corviknight|Pressure\n|move|p1a: Dragapult|U-turn|p2a: Corviknight\n|-resisted|p2a: Corviknight\n|-damage|p2a: Corviknight|69\/100\n|-damage|p1a: Dragapult|84\/100|[from] item: Rocky Helmet|[of] p2a: Corviknight\n|\n|t:|1661092196\n|switch|p1a: Zapdos|Zapdos-Galar|100\/100|[from]move: U-turn\n|\n|upkeep\n|turn|9\n|\n|t:|1661092202\n|move|p1a: Zapdos|Close Combat|p2a: Corviknight\n|-damage|p2a: Corviknight|15\/100\n|-unboost|p1a: Zapdos|def|1\n|-unboost|p1a: Zapdos|spd|1\n|-damage|p1a: Zapdos|84\/100|[from] item: Rocky Helmet|[of] p2a: Corviknight\n|move|p2a: Corviknight|U-turn|p1a: Zapdos\n|-resisted|p1a: Zapdos\n|-damage|p1a: Zapdos|78\/100\n|\n|t:|1661092228\n|switch|p2a: Clefable|Clefable, M|91\/100|[from]move: U-turn\n|\n|-heal|p2a: Clefable|97\/100|[from] Grassy Terrain\n|upkeep\n|turn|10\n|\n|t:|1661092232\n|switch|p1a: Slowking|Slowking, M|100\/100\n|move|p2a: Clefable|Stealth Rock|p1a: Slowking\n|-sidestart|p1: rooopos|move: Stealth Rock\n|\n|-heal|p2a: Clefable|100\/100|[from] Grassy Terrain\n|upkeep\n|turn|11\n|\n|t:|1661092240\n|move|p2a: Clefable|Toxic|p1a: Slowking\n|-status|p1a: Slowking|tox\n|move|p1a: Slowking|Teleport|p1a: Slowking\n|\n|t:|1661092245\n|switch|p1a: Ferrothorn|Ferrothorn, M|100\/100|[from]move: Teleport\n|-damage|p1a: Ferrothorn|95\/100|[from] Stealth Rock\n|\n|-heal|p1a: Ferrothorn|100\/100|[from] Grassy Terrain\n|-fieldend|move: Grassy Terrain\n|upkeep\n|turn|12\n|\n|t:|1661092252\n|switch|p2a: Kommo-o|Kommo-o, M|94\/100\n|-damage|p2a: Kommo-o|88\/100|[from] Stealth Rock\n|switch|p1a: Slowking|Slowking, M|100\/100 tox\n|\n|-damage|p1a: Slowking|94\/100 tox|[from] psn\n|upkeep\n|turn|13\n|\n|t:|1661092259\n|move|p2a: Kommo-o|Clanging Scales|p1a: Slowking\n|-damage|p1a: Slowking|49\/100 tox\n|-unboost|p2a: Kommo-o|def|1\n|move|p1a: Slowking|Future Sight|p2a: Kommo-o\n|-start|p1a: Slowking|move: Future Sight\n|\n|-damage|p1a: Slowking|36\/100 tox|[from] psn\n|upkeep\n|turn|14\n|\n|t:|1661092267\n|switch|p1a: Ferrothorn|Ferrothorn, M|100\/100\n|-damage|p1a: Ferrothorn|95\/100|[from] Stealth Rock\n|move|p2a: Kommo-o|Clanging Scales|p1a: Ferrothorn\n|-resisted|p1a: Ferrothorn\n|-damage|p1a: Ferrothorn|64\/100\n|-unboost|p2a: Kommo-o|def|1\n|\n|-heal|p1a: Ferrothorn|70\/100|[from] item: Leftovers\n|upkeep\n|turn|15\n|\n|t:|1661092278\n|switch|p2a: Corviknight|Corviknight, M|15\/100\n|-damage|p2a: Corviknight|2\/100|[from] Stealth Rock\n|-ability|p2a: Corviknight|Pressure\n|move|p1a: Ferrothorn|Leech Seed|p2a: Corviknight|[miss]\n|-miss|p1a: Ferrothorn|p2a: Corviknight\n|\n|-end|p2a: Corviknight|move: Future Sight\n|-resisted|p2a: Corviknight\n|-damage|p2a: Corviknight|0 fnt\n|faint|p2a: Corviknight\n|-heal|p1a: Ferrothorn|76\/100|[from] item: Leftovers\n|upkeep\n|\n|t:|1661092299\n|switch|p2a: Crawdaunt|Crawdaunt, F|38\/100\n|-damage|p2a: Crawdaunt|25\/100|[from] Stealth Rock\n|turn|16\n|\n|t:|1661092303\n|move|p2a: Crawdaunt|Close Combat|p1a: Ferrothorn\n|-supereffective|p1a: Ferrothorn\n|-damage|p1a: Ferrothorn|6\/100\n|-unboost|p2a: Crawdaunt|def|1\n|-unboost|p2a: Crawdaunt|spd|1\n|-damage|p2a: Crawdaunt|13\/100|[from] ability: Iron Barbs|[of] p1a: Ferrothorn\n|move|p1a: Ferrothorn|Body Press|p2a: Crawdaunt\n|-supereffective|p2a: Crawdaunt\n|-damage|p2a: Crawdaunt|0 fnt\n|faint|p2a: Crawdaunt\n|\n|-heal|p1a: Ferrothorn|12\/100|[from] item: Leftovers\n|upkeep\n|\n|t:|1661092322\n|switch|p2a: Kommo-o|Kommo-o, M|88\/100\n|-damage|p2a: Kommo-o|82\/100|[from] Stealth Rock\n|turn|17\n|\n|t:|1661092330\n|move|p2a: Kommo-o|Clanging Scales|p1a: Ferrothorn\n|-resisted|p1a: Ferrothorn\n|-damage|p1a: Ferrothorn|0 fnt\n|faint|p1a: Ferrothorn\n|-unboost|p2a: Kommo-o|def|1\n|\n|upkeep\n|\n|t:|1661092333\n|switch|p1a: Zapdos|Zapdos-Galar|78\/100\n|-damage|p1a: Zapdos|65\/100|[from] Stealth Rock\n|turn|18\n|\n|t:|1661092342\n|move|p1a: Zapdos|Brave Bird|p2a: Kommo-o\n|-supereffective|p2a: Kommo-o\n|-damage|p2a: Kommo-o|0 fnt\n|faint|p2a: Kommo-o\n|-damage|p1a: Zapdos|41\/100|[from] Recoil\n|\n|upkeep\n|\n|t:|1661092347\n|switch|p2a: Regieleki|Regieleki|100\/100\n|turn|19\n|\n|t:|1661092353\n|switch|p1a: Landorus|Landorus-Therian, M|78\/100 tox\n|-damage|p1a: Landorus|66\/100 tox|[from] Stealth Rock\n|-ability|p1a: Landorus|Intimidate|boost\n|-unboost|p2a: Regieleki|atk|1\n|move|p2a: Regieleki|Rapid Spin|p1a: Landorus\n|-damage|p1a: Landorus|60\/100 tox\n|-boost|p2a: Regieleki|spe|1\n|-sideend|p2: camrat7|Stealth Rock|[from] move: Rapid Spin|[of] p2a: Regieleki\n|\n|-heal|p1a: Landorus|66\/100 tox|[from] item: Leftovers\n|-damage|p1a: Landorus|60\/100 tox|[from] psn\n|upkeep\n|turn|20\n|\n|t:|1661092359\n|switch|p2a: Rillaboom|Rillaboom, M|94\/100\n|-fieldstart|move: Grassy Terrain|[from] ability: Grassy Surge|[of] p2a: Rillaboom\n|move|p1a: Landorus|U-turn|p2a: Rillaboom\n|-supereffective|p2a: Rillaboom\n|-damage|p2a: Rillaboom|47\/100\n|\n|t:|1661092364\n|switch|p1a: Zapdos|Zapdos-Galar|41\/100|[from]move: U-turn\n|-damage|p1a: Zapdos|29\/100|[from] Stealth Rock\n|\n|-heal|p2a: Rillaboom|54\/100|[from] Grassy Terrain\n|upkeep\n|turn|21\n|\n|t:|1661092370\n|move|p2a: Rillaboom|Grassy Glide|p1a: Zapdos\n|-resisted|p1a: Zapdos\n|-damage|p1a: Zapdos|0 fnt\n|faint|p1a: Zapdos\n|\n|-heal|p2a: Rillaboom|60\/100|[from] Grassy Terrain\n|upkeep\n|\n|t:|1661092374\n|switch|p1a: Dragapult|Dragapult, F|84\/100\n|-damage|p1a: Dragapult|72\/100|[from] Stealth Rock\n|turn|22\n|\n|t:|1661092378\n|switch|p2a: Clefable|Clefable, M|100\/100\n|move|p1a: Dragapult|Shadow Ball|p2a: Clefable\n|-damage|p2a: Clefable|63\/100\n|\n|-heal|p1a: Dragapult|78\/100|[from] Grassy Terrain\n|-heal|p2a: Clefable|69\/100|[from] Grassy Terrain\n|upkeep\n|turn|23\n|\n|t:|1661092384\n|switch|p1a: Slowking|Slowking, M|70\/100 tox\n|move|p2a: Clefable|Soft-Boiled|p2a: Clefable\n|-heal|p2a: Clefable|100\/100\n|\n|-heal|p1a: Slowking|76\/100 tox|[from] Grassy Terrain\n|-damage|p1a: Slowking|70\/100 tox|[from] psn\n|upkeep\n|turn|24\n|\n|t:|1661092389\n|move|p2a: Clefable|Moonblast|p1a: Slowking\n|-crit|p1a: Slowking\n|-damage|p1a: Slowking|40\/100 tox\n|move|p1a: Slowking|Future Sight|p2a: Clefable\n|-start|p1a: Slowking|move: Future Sight\n|\n|-heal|p1a: Slowking|46\/100 tox|[from] Grassy Terrain\n|-damage|p1a: Slowking|34\/100 tox|[from] psn\n|-fieldend|move: Grassy Terrain\n|upkeep\n|turn|25\n|\n|t:|1661092394\n|move|p2a: Clefable|Moonblast|p1a: Slowking\n|-damage|p1a: Slowking|15\/100 tox\n|move|p1a: Slowking|Teleport|p1a: Slowking\n|\n|t:|1661092399\n|switch|p1a: Weavile|Weavile, F|100\/100|[from]move: Teleport\n|-ability|p1a: Weavile|Pressure\n|\n|upkeep\n|turn|26\n|inactive|camrat7 has 120 seconds left.\n|\n|t:|1661092437\n|move|p1a: Weavile|Swords Dance|p1a: Weavile\n|-boost|p1a: Weavile|atk|2\n|move|p2a: Clefable|Moonblast|p1a: Weavile\n|-supereffective|p1a: Weavile\n|-damage|p1a: Weavile|7\/100\n|\n|-end|p2a: Clefable|move: Future Sight\n|-damage|p2a: Clefable|75\/100\n|upkeep\n|turn|27\n|inactive|camrat7 has 120 seconds left.\n|\n|t:|1661092453\n|move|p1a: Weavile|Triple Axel|p2a: Clefable\n|-damage|p2a: Clefable|62\/100\n|-damage|p2a: Clefable|36\/100\n|-hitcount|p2a: Clefable|2\n|move|p2a: Clefable|Moonblast|p1a: Weavile\n|-supereffective|p1a: Weavile\n|-damage|p1a: Weavile|0 fnt\n|faint|p1a: Weavile\n|\n|upkeep\n|\n|t:|1661092460\n|switch|p1a: Dragapult|Dragapult, F|78\/100\n|-damage|p1a: Dragapult|65\/100|[from] Stealth Rock\n|turn|28\n|\n|t:|1661092469\n|move|p1a: Dragapult|Shadow Ball|p2a: Clefable\n|-damage|p2a: Clefable|0 fnt\n|faint|p2a: Clefable\n|\n|upkeep\n|\n|t:|1661092478\n|switch|p2a: Regieleki|Regieleki|100\/100\n|turn|29\n|inactive|camrat7 has 120 seconds left.\n|\n|t:|1661092507\n|switch|p1a: Landorus|Landorus-Therian, M|60\/100 tox\n|-damage|p1a: Landorus|47\/100 tox|[from] Stealth Rock\n|-ability|p1a: Landorus|Intimidate|boost\n|-unboost|p2a: Regieleki|atk|1\n|move|p2a: Regieleki|Ancient Power|p1a: Landorus\n|-damage|p1a: Landorus|32\/100 tox\n|\n|-heal|p1a: Landorus|38\/100 tox|[from] item: Leftovers\n|-damage|p1a: Landorus|32\/100 tox|[from] psn\n|upkeep\n|turn|30\n|inactive|camrat7 has 120 seconds left.\n|l| Pichupichu321\n|\n|t:|1661092537\n|move|p2a: Regieleki|Ancient Power|p1a: Landorus\n|-damage|p1a: Landorus|18\/100 tox\n|move|p1a: Landorus|Earthquake|p2a: Regieleki\n|-supereffective|p2a: Regieleki\n|-damage|p2a: Regieleki|0 fnt\n|faint|p2a: Regieleki\n|\n|-heal|p1a: Landorus|24\/100 tox|[from] item: Leftovers\n|-damage|p1a: Landorus|12\/100 tox|[from] psn\n|upkeep\n|\n|t:|1661092539\n|switch|p2a: Rillaboom|Rillaboom, M|60\/100\n|-fieldstart|move: Grassy Terrain|[from] ability: Grassy Surge|[of] p2a: Rillaboom\n|turn|31\n|\n|t:|1661092543\n|switch|p1a: Slowking|Slowking, M|49\/100 tox\n|move|p2a: Rillaboom|Grassy Glide|p1a: Slowking\n|-supereffective|p1a: Slowking\n|-damage|p1a: Slowking|0 fnt\n|faint|p1a: Slowking\n|\n|-heal|p2a: Rillaboom|66\/100|[from] Grassy Terrain\n|upkeep\n|\n|t:|1661092546\n|switch|p1a: Landorus|Landorus-Therian, M|12\/100 tox\n|-damage|p1a: Landorus|0 fnt|[from] Stealth Rock\n|faint|p1a: Landorus\n|\n|t:|1661092550\n|switch|p1a: Dragapult|Dragapult, F|65\/100\n|-damage|p1a: Dragapult|53\/100|[from] Stealth Rock\n|turn|32\n|\n|t:|1661092554\n|move|p2a: Rillaboom|Grassy Glide|p1a: Dragapult\n|-resisted|p1a: Dragapult\n|-damage|p1a: Dragapult|2\/100\n|move|p1a: Dragapult|Draco Meteor|p2a: Rillaboom\n|-damage|p2a: Rillaboom|0 fnt\n|-unboost|p1a: Dragapult|spa|2\n|faint|p2a: Rillaboom\n|\n|win|rooopos\n|raw|rooopos's rating: 1499 &rarr; <strong>1521<\/strong><br \/>(+22 for winning)\n|raw|camrat7's rating: 1530 &rarr; <strong>1508<\/strong><br \/>(-22 for losing)\n|l|\u2606camrat7\n||Ladder isn't responding, score probably updated but might not have (Request timeout).\n|l| tyresepennywhistle\n|j| Pichupichu321\n|l|\u2606rooopos\n","uploadtime":1661093304,"views":13,"p1id":"rooopos","p2id":"camrat7","formatid":"gen8ou","rating":1508,"private":0,"password":null}