{"id":"gen8ou-1388113128","p1":"Ban lando t guy jk","p2":"Lt84jm Arundrago","format":"gen8ou","log":"|raw|<div class=\"broadcast-blue\"><strong>This battle is required to be public due to a player having a name starting with 'lt84jm'.<\/div>\n|j|\u2606Ban lando t guy jk\n|j|\u2606Lt84jm Arundrago\n|t:|1627827779\n|gametype|singles\n|player|p1|Ban lando t guy jk|silver|1691\n|player|p2|Lt84jm Arundrago|102|1631\n|teamsize|p1|6\n|teamsize|p2|6\n|gen|8\n|tier|[Gen 8] OU\n|rated|\n|rule|Sleep Clause Mod: Limit one foe put to sleep\n|rule|Species Clause: Limit one of each Pok\u00e9mon\n|rule|OHKO Clause: OHKO moves are banned\n|rule|Evasion Moves Clause: Evasion moves are banned\n|rule|Endless Battle Clause: Forcing endless battles is banned\n|rule|HP Percentage Mod: HP is shown in percentages\n|rule|Dynamax Clause: You cannot dynamax\n|clearpoke\n|poke|p1|Pelipper, M|\n|poke|p1|Barraskewda, M|\n|poke|p1|Ferrothorn, M|\n|poke|p1|Seismitoad, M|\n|poke|p1|Tapu Koko|\n|poke|p1|Tornadus-Therian, M|\n|poke|p2|Tapu Lele|\n|poke|p2|Cloyster, F|\n|poke|p2|Rillaboom, M|\n|poke|p2|Hawlucha, M|\n|poke|p2|Blacephalon|\n|poke|p2|Landorus-Therian, M|\n|teampreview\n|inactive|Battle timer is ON: inactive players will automatically lose when time's up. (requested by Ban lando t guy jk)\n|\n|t:|1627827786\n|start\n|switch|p1a: Speed Overdose|Tapu Koko|100\/100\n|switch|p2a: Tapu Lele|Tapu Lele|100\/100\n|-fieldstart|move: Electric Terrain|[from] ability: Electric Surge|[of] p1a: Speed Overdose\n|-fieldstart|move: Psychic Terrain|[from] ability: Psychic Surge|[of] p2a: Tapu Lele\n|turn|1\n|\n|t:|1627827794\n|move|p1a: Speed Overdose|Volt Switch|p2a: Tapu Lele\n|-damage|p2a: Tapu Lele|50\/100\n|\n|t:|1627827797\n|switch|p1a: Hates rain|Ferrothorn, M|100\/100|[from]move: Volt Switch\n|move|p2a: Tapu Lele|Focus Blast|p1a: Hates rain\n|-supereffective|p1a: Hates rain\n|-damage|p1a: Hates rain|0 fnt\n|faint|p1a: Hates rain\n|\n|upkeep\n|\n|t:|1627827801\n|switch|p1a: One fish two fish|Barraskewda, M|100\/100\n|turn|2\n|\n|t:|1627827807\n|switch|p2a: Rillaboom|Rillaboom, M|100\/100\n|-fieldstart|move: Grassy Terrain|[from] ability: Grassy Surge|[of] p2a: Rillaboom\n|move|p1a: One fish two fish|Flip Turn|p2a: Rillaboom\n|-resisted|p2a: Rillaboom\n|-damage|p2a: Rillaboom|72\/100\n|\n|t:|1627827811\n|switch|p1a: Tornadus|Tornadus-Therian, M|100\/100|[from]move: Flip Turn\n|\n|-heal|p2a: Rillaboom|78\/100|[from] Grassy Terrain\n|upkeep\n|turn|3\n|\n|t:|1627827821\n|switch|p2a: Landorus|Landorus-Therian, M|100\/100\n|-ability|p2a: Landorus|Intimidate|boost\n|-unboost|p1a: Tornadus|atk|1\n|move|p1a: Tornadus|U-turn|p2a: Landorus\n|-resisted|p2a: Landorus\n|-damage|p2a: Landorus|95\/100\n|\n|t:|1627827828\n|switch|p1a: Big Gulp sponsor|Pelipper, M|100\/100|[from]move: U-turn\n|-weather|RainDance|[from] ability: Drizzle|[of] p1a: Big Gulp sponsor\n|\n|-weather|RainDance|[upkeep]\n|upkeep\n|turn|4\n|\n|t:|1627827853\n|move|p2a: Landorus|Stone Edge|p1a: Big Gulp sponsor|[miss]\n|-miss|p2a: Landorus|p1a: Big Gulp sponsor\n|move|p1a: Big Gulp sponsor|U-turn|p2a: Landorus\n|-resisted|p2a: Landorus\n|-damage|p2a: Landorus|90\/100\n|l|\u2606Ban lando t guy jk\n|inactive|Ban lando t guy jk disconnected and has a minute to reconnect!\n|player|p1|\n|j|\u2606Ban lando t guy jk\n|inactive|Ban lando t guy jk reconnected and has 140 seconds left.\n|player|p1|Ban lando t guy jk|silver\n|\n|t:|1627827872\n|switch|p1a: One fish two fish|Barraskewda, M|100\/100|[from]move: U-turn\n|\n|-weather|RainDance|[upkeep]\n|upkeep\n|turn|5\n|\n|t:|1627827889\n|switch|p2a: Cloyster|Cloyster, F|100\/100\n|move|p1a: One fish two fish|Flip Turn|p2a: Cloyster\n|-resisted|p2a: Cloyster\n|-damage|p2a: Cloyster|68\/100\n|\n|t:|1627827896\n|switch|p1a: Agent \u00a5|Seismitoad, M|100\/100|[from]move: Flip Turn\n|\n|-weather|RainDance|[upkeep]\n|-heal|p2a: Cloyster|74\/100|[from] Grassy Terrain\n|upkeep\n|turn|6\n|\n|t:|1627827913\n|move|p1a: Agent \u00a5|Earth Power|p2a: Cloyster\n|-damage|p2a: Cloyster|0 fnt\n|faint|p2a: Cloyster\n|-damage|p1a: Agent \u00a5|91\/100|[from] item: Life Orb\n|\n|-weather|RainDance|[upkeep]\n|-heal|p1a: Agent \u00a5|97\/100|[from] Grassy Terrain\n|-fieldend|move: Grassy Terrain\n|upkeep\n|\n|t:|1627827915\n|switch|p2a: Rillaboom|Rillaboom, M|78\/100\n|-fieldstart|move: Grassy Terrain|[from] ability: Grassy Surge|[of] p2a: Rillaboom\n|turn|7\n|\n|t:|1627827924\n|switch|p1a: Tornadus|Tornadus-Therian, M|100\/100\n|move|p2a: Rillaboom|Grassy Glide|p1a: Tornadus\n|-resisted|p1a: Tornadus\n|-damage|p1a: Tornadus|63\/100\n|\n|-weather|RainDance|[upkeep]\n|-heal|p2a: Rillaboom|84\/100|[from] Grassy Terrain\n|upkeep\n|turn|8\n|\n|t:|1627827944\n|switch|p2a: Blacephalon|Blacephalon|100\/100\n|move|p1a: Tornadus|U-turn|p2a: Blacephalon\n|-resisted|p2a: Blacephalon\n|-damage|p2a: Blacephalon|92\/100\n|\n|t:|1627827950\n|switch|p1a: One fish two fish|Barraskewda, M|100\/100|[from]move: U-turn\n|\n|-weather|RainDance|[upkeep]\n|-heal|p2a: Blacephalon|98\/100|[from] Grassy Terrain\n|upkeep\n|turn|9\n|\n|t:|1627827961\n|switch|p2a: Hawlucha|Hawlucha, M|100\/100\n|-enditem|p2a: Hawlucha|Grassy Seed\n|-boost|p2a: Hawlucha|def|1|[from] item: Grassy Seed\n|move|p1a: One fish two fish|Flip Turn|p2a: Hawlucha\n|-damage|p2a: Hawlucha|36\/100\n|\n|t:|1627827968\n|switch|p1a: Speed Overdose|Tapu Koko|100\/100|[from]move: Flip Turn\n|-fieldstart|move: Electric Terrain|[from] ability: Electric Surge|[of] p1a: Speed Overdose\n|\n|-weather|RainDance|[upkeep]\n|upkeep\n|turn|10\n|\n|t:|1627827976\n|move|p2a: Hawlucha|Stone Edge|p1a: Speed Overdose|[miss]\n|-miss|p2a: Hawlucha|p1a: Speed Overdose\n|move|p1a: Speed Overdose|Dazzling Gleam|p2a: Hawlucha\n|-supereffective|p2a: Hawlucha\n|-damage|p2a: Hawlucha|0 fnt\n|faint|p2a: Hawlucha\n|\n|-weather|none\n|upkeep\n|\n|t:|1627827983\n|switch|p2a: Rillaboom|Rillaboom, M|84\/100\n|-fieldstart|move: Grassy Terrain|[from] ability: Grassy Surge|[of] p2a: Rillaboom\n|turn|11\n|\n|t:|1627827988\n|switch|p1a: Tornadus|Tornadus-Therian, M|97\/100\n|move|p2a: Rillaboom|Wood Hammer|p1a: Tornadus\n|-resisted|p1a: Tornadus\n|-damage|p1a: Tornadus|23\/100\n|-damage|p2a: Rillaboom|60\/100|[from] Recoil\n|\n|-heal|p2a: Rillaboom|66\/100|[from] Grassy Terrain\n|upkeep\n|turn|12\n|\n|t:|1627827994\n|switch|p2a: Landorus|Landorus-Therian, M|90\/100\n|-ability|p2a: Landorus|Intimidate|boost\n|-unboost|p1a: Tornadus|atk|1\n|move|p1a: Tornadus|U-turn|p2a: Landorus\n|-resisted|p2a: Landorus\n|-damage|p2a: Landorus|85\/100\n|\n|t:|1627828001\n|switch|p1a: Big Gulp sponsor|Pelipper, M|100\/100|[from]move: U-turn\n|-weather|RainDance|[from] ability: Drizzle|[of] p1a: Big Gulp sponsor\n|\n|-weather|RainDance|[upkeep]\n|upkeep\n|turn|13\n|inactive|Lt84jm Arundrago has 120 seconds left.\n|\n|t:|1627828047\n|move|p2a: Landorus|Stone Edge|p1a: Big Gulp sponsor\n|-supereffective|p1a: Big Gulp sponsor\n|-damage|p1a: Big Gulp sponsor|45\/100\n|move|p1a: Big Gulp sponsor|U-turn|p2a: Landorus\n|-resisted|p2a: Landorus\n|-damage|p2a: Landorus|79\/100\n|\n|t:|1627828051\n|switch|p1a: One fish two fish|Barraskewda, M|100\/100|[from]move: U-turn\n|\n|-weather|RainDance|[upkeep]\n|upkeep\n|turn|14\n|\n|t:|1627828059\n|switch|p2a: Tapu Lele|Tapu Lele|50\/100\n|-fieldstart|move: Psychic Terrain|[from] ability: Psychic Surge|[of] p2a: Tapu Lele\n|move|p1a: One fish two fish|Flip Turn|p2a: Tapu Lele\n|-damage|p2a: Tapu Lele|0 fnt\n|faint|p2a: Tapu Lele\n|\n|t:|1627828068\n|switch|p1a: Tornadus|Tornadus-Therian, M|56\/100|[from]move: Flip Turn\n|\n|-weather|RainDance|[upkeep]\n|upkeep\n|\n|t:|1627828070\n|switch|p2a: Blacephalon|Blacephalon|98\/100\n|turn|15\n|\n|t:|1627828077\n|move|p2a: Blacephalon|Expanding Force|p1a: Tornadus\n|-damage|p1a: Tornadus|0 fnt\n|faint|p1a: Tornadus\n|-ability|p2a: Blacephalon|Beast Boost|boost\n|-boost|p2a: Blacephalon|spa|1\n|\n|-weather|RainDance|[upkeep]\n|upkeep\n|\n|t:|1627828081\n|switch|p1a: One fish two fish|Barraskewda, M|100\/100\n|turn|16\n|inactive|Lt84jm Arundrago has 120 seconds left.\n|\n|t:|1627828108\n|switch|p2a: Landorus|Landorus-Therian, M|79\/100\n|-ability|p2a: Landorus|Intimidate|boost\n|-unboost|p1a: One fish two fish|atk|1\n|move|p1a: One fish two fish|Flip Turn|p2a: Landorus\n|-supereffective|p2a: Landorus\n|-damage|p2a: Landorus|0 fnt\n|faint|p2a: Landorus\n|\n|t:|1627828119\n|switch|p1a: Agent \u00a5|Seismitoad, M|97\/100|[from]move: Flip Turn\n|\n|-weather|RainDance|[upkeep]\n|upkeep\n|inactive|Lt84jm Arundrago has 120 seconds left.\n|inactive|Lt84jm Arundrago has 90 seconds left.\n|\n|t:|1627828161\n|switch|p2a: Rillaboom|Rillaboom, M|66\/100\n|-fieldstart|move: Grassy Terrain|[from] ability: Grassy Surge|[of] p2a: Rillaboom\n|turn|17\n|\n|t:|1627828172\n|move|p2a: Rillaboom|Grassy Glide|p1a: Agent \u00a5\n|-supereffective|p1a: Agent \u00a5\n|-damage|p1a: Agent \u00a5|0 fnt\n|faint|p1a: Agent \u00a5\n|\n|-weather|RainDance|[upkeep]\n|-heal|p2a: Rillaboom|73\/100|[from] Grassy Terrain\n|upkeep\n|\n|t:|1627828177\n|switch|p1a: Speed Overdose|Tapu Koko|100\/100\n|-fieldstart|move: Electric Terrain|[from] ability: Electric Surge|[of] p1a: Speed Overdose\n|turn|18\n|\n|t:|1627828183\n|move|p1a: Speed Overdose|Thunder|p2a: Rillaboom\n|-resisted|p2a: Rillaboom\n|-damage|p2a: Rillaboom|9\/100\n|move|p2a: Rillaboom|Grassy Glide|p1a: Speed Overdose\n|-damage|p1a: Speed Overdose|23\/100\n|\n|-weather|RainDance|[upkeep]\n|upkeep\n|turn|19\n|inactive|Lt84jm Arundrago has 120 seconds left.\n|\n|t:|1627828191\n|switch|p2a: Blacephalon|Blacephalon|98\/100\n|move|p1a: Speed Overdose|Thunder|p2a: Blacephalon\n|-damage|p2a: Blacephalon|0 fnt\n|faint|p2a: Blacephalon\n|\n|-weather|none\n|upkeep\n|\n|t:|1627828194\n|switch|p2a: Rillaboom|Rillaboom, M|9\/100\n|-fieldstart|move: Grassy Terrain|[from] ability: Grassy Surge|[of] p2a: Rillaboom\n|turn|20\n|\n|t:|1627828197\n|switch|p1a: Big Gulp sponsor|Pelipper, M|45\/100\n|-weather|RainDance|[from] ability: Drizzle|[of] p1a: Big Gulp sponsor\n|move|p2a: Rillaboom|Grassy Glide|p1a: Big Gulp sponsor\n|-damage|p1a: Big Gulp sponsor|0 fnt\n|faint|p1a: Big Gulp sponsor\n|\n|-weather|RainDance|[upkeep]\n|-heal|p2a: Rillaboom|15\/100|[from] Grassy Terrain\n|upkeep\n|\n|t:|1627828199\n|switch|p1a: Speed Overdose|Tapu Koko|23\/100\n|-fieldstart|move: Electric Terrain|[from] ability: Electric Surge|[of] p1a: Speed Overdose\n|turn|21\n|\n|t:|1627828203\n|move|p1a: Speed Overdose|Dazzling Gleam|p2a: Rillaboom\n|-damage|p2a: Rillaboom|0 fnt\n|faint|p2a: Rillaboom\n|\n|win|Ban lando t guy jk\n|raw|Ban lando t guy jk's rating: 1691 &rarr; <strong>1709<\/strong><br \/>(+18 for winning)\n|raw|Lt84jm Arundrago's rating: 1650 &rarr; <strong>1632<\/strong><br \/>(-18 for losing)\n","uploadtime":1627828217,"views":9,"p1id":"banlandotguyjk","p2id":"lt84jmarundrago","formatid":"gen8ou","rating":1632,"private":0,"password":null}