{"id":"gen8nationaldexag-1689913768","p1":"Rediyu","p2":"zetaice","format":"gen8nationaldexag","log":"|j|\u2606Rediyu\n|j|\u2606zetaice\n|t:|1666214819\n|gametype|singles\n|player|p1|Rediyu|guitarist|\n|player|p2|zetaice|1|\n|teamsize|p1|6\n|teamsize|p2|6\n|gen|8\n|tier|[Gen 8] National Dex AG\n|rule|HP Percentage Mod: HP is shown in percentages\n|rule|Endless Battle Clause: Forcing endless battles is banned\n|clearpoke\n|poke|p1|Haunter, M|\n|poke|p1|Lopunny, F|\n|poke|p1|Garchomp, F|\n|poke|p1|Rotom-Mow|\n|poke|p1|Empoleon, M|\n|poke|p1|Weavile, F|\n|poke|p2|Claydol|\n|poke|p2|Raichu-Alola, M|\n|poke|p2|Tapu Koko|\n|poke|p2|Gyarados, F|\n|poke|p2|Metagross|\n|poke|p2|Mamoswine, M|\n|teampreview\n|c|\u2606Rediyu|gl hf\n|c|\u2606zetaice|You too. Can you handle the link?\n|j| MitchemMusic\n|c|\u2606Rediyu|yep, did it\n|\n|t:|1666214865\n|start\n|switch|p1a: Rotom-Schneid|Rotom-Mow|100\/100\n|switch|p2a: Tapu Koko|Tapu Koko|100\/100\n|-fieldstart|move: Electric Terrain|[from] ability: Electric Surge|[of] p2a: Tapu Koko\n|turn|1\n|j| memomiguel\n|\n|t:|1666214881\n|move|p2a: Tapu Koko|U-turn|p1a: Rotom-Schneid\n|-supereffective|p1a: Rotom-Schneid\n|-damage|p1a: Rotom-Schneid|65\/100\n|\n|t:|1666214897\n|switch|p2a: Mamoswine|Mamoswine, M|100\/100|[from]move: U-turn\n|move|p1a: Rotom-Schneid|Leaf Storm|p2a: Mamoswine\n|-supereffective|p2a: Mamoswine\n|-damage|p2a: Mamoswine|23\/100\n|-unboost|p1a: Rotom-Schneid|spa|2\n|\n|upkeep\n|turn|2\n|j| Hoiden Mooris\n|\n|t:|1666214906\n|move|p2a: Mamoswine|Ice Shard|p1a: Rotom-Schneid\n|-supereffective|p1a: Rotom-Schneid\n|-enditem|p1a: Rotom-Schneid|Yache Berry|[eat]\n|-enditem|p1a: Rotom-Schneid|Yache Berry|[weaken]\n|-damage|p1a: Rotom-Schneid|41\/100\n|move|p1a: Rotom-Schneid|Leaf Storm|p2a: Mamoswine|[miss]\n|-miss|p1a: Rotom-Schneid|p2a: Mamoswine\n|\n|upkeep\n|turn|3\n|\n|t:|1666214917\n|switch|p1a: Snibunna|Weavile, F|100\/100\n|move|p2a: Mamoswine|Ice Shard|p1a: Snibunna\n|-resisted|p1a: Snibunna\n|-damage|p1a: Snibunna|83\/100\n|\n|upkeep\n|turn|4\n|j| XernylTTT\n|c| XernylTTT|Ayo\n|c| XernylTTT|on mobile rn\n|\n|t:|1666214928\n|switch|p2a: Tapu Koko|Tapu Koko|100\/100\n|move|p1a: Snibunna|Knock Off|p2a: Tapu Koko\n|-resisted|p2a: Tapu Koko\n|-damage|p2a: Tapu Koko|69\/100\n|-enditem|p2a: Tapu Koko|Terrain Extender|[from] move: Knock Off|[of] p1a: Snibunna\n|\n|upkeep\n|turn|5\n|\n|t:|1666214936\n|switch|p1a: Knakrack|Garchomp, F|100\/100\n|move|p2a: Tapu Koko|Dazzling Gleam|p1a: Knakrack\n|-supereffective|p1a: Knakrack\n|-damage|p1a: Knakrack|50\/100\n|\n|-heal|p1a: Knakrack|56\/100|[from] item: Leftovers\n|upkeep\n|turn|6\n|c| XernylTTT|can someone get link when battle is done, thanks\n|\n|t:|1666214945\n|move|p1a: Knakrack|Protect|p1a: Knakrack\n|-singleturn|p1a: Knakrack|Protect\n|move|p2a: Tapu Koko|Dazzling Gleam|p1a: Knakrack\n|-activate|p1a: Knakrack|move: Protect\n|\n|-heal|p1a: Knakrack|62\/100|[from] item: Leftovers\n|upkeep\n|turn|7\n|\n|t:|1666214953\n|move|p2a: Tapu Koko|U-turn|p1a: Knakrack\n|-damage|p1a: Knakrack|49\/100\n|-damage|p2a: Tapu Koko|56\/100|[from] ability: Rough Skin|[of] p1a: Knakrack\n|\n|t:|1666214957\n|switch|p2a: Gyarados|Gyarados, F|100\/100|[from]move: U-turn\n|-ability|p2a: Gyarados|Intimidate|boost\n|-unboost|p1a: Knakrack|atk|1\n|move|p1a: Knakrack|Earthquake|p2a: Gyarados\n|-immune|p2a: Gyarados\n|\n|-heal|p1a: Knakrack|55\/100|[from] item: Leftovers\n|upkeep\n|turn|8\n|\n|t:|1666214967\n|move|p1a: Knakrack|Stone Edge|p2a: Gyarados\n|-supereffective|p2a: Gyarados\n|-damage|p2a: Gyarados|52\/100\n|move|p2a: Gyarados|Dragon Dance|p2a: Gyarados\n|-boost|p2a: Gyarados|atk|1\n|-boost|p2a: Gyarados|spe|1\n|\n|-heal|p1a: Knakrack|61\/100|[from] item: Leftovers\n|-fieldend|move: Electric Terrain\n|upkeep\n|turn|9\n|\n|t:|1666214996\n|move|p1a: Knakrack|Protect|p1a: Knakrack\n|-singleturn|p1a: Knakrack|Protect\n|move|p2a: Gyarados|Ice Fang|p1a: Knakrack\n|-activate|p1a: Knakrack|move: Protect\n|\n|-heal|p1a: Knakrack|67\/100|[from] item: Leftovers\n|upkeep\n|turn|10\n|\n|t:|1666215005\n|move|p2a: Gyarados|Ice Fang|p1a: Knakrack\n|-supereffective|p1a: Knakrack\n|-damage|p1a: Knakrack|0 fnt\n|-damage|p2a: Gyarados|39\/100|[from] ability: Rough Skin|[of] p1a: Knakrack\n|faint|p1a: Knakrack\n|-damage|p2a: Gyarados|29\/100|[from] item: Life Orb\n|\n|upkeep\n|\n|t:|1666215021\n|switch|p1a: Alpollo|Haunter, M|100\/100\n|turn|11\n|\n|t:|1666215024\n|move|p1a: Alpollo|Shadow Ball|p2a: Gyarados\n|-damage|p2a: Gyarados|0 fnt\n|faint|p2a: Gyarados\n|\n|upkeep\n|\n|t:|1666215043\n|switch|p2a: Tapu Koko|Tapu Koko|56\/100\n|-fieldstart|move: Electric Terrain|[from] ability: Electric Surge|[of] p2a: Tapu Koko\n|turn|12\n|\n|t:|1666215050\n|move|p1a: Alpollo|Shadow Ball|p2a: Tapu Koko\n|-damage|p2a: Tapu Koko|0 fnt\n|faint|p2a: Tapu Koko\n|\n|upkeep\n|\n|t:|1666215055\n|switch|p2a: Raichu|Raichu-Alola, M|100\/100\n|turn|13\n|\n|t:|1666215059\n|switch|p1a: Rotom-Schneid|Rotom-Mow|41\/100\n|move|p2a: Raichu|Psychic|p1a: Rotom-Schneid\n|-damage|p1a: Rotom-Schneid|0 fnt\n|faint|p1a: Rotom-Schneid\n|\n|upkeep\n|\n|t:|1666215061\n|switch|p1a: Impoleon|Empoleon, M|100\/100\n|turn|14\n|\n|t:|1666215069\n|move|p2a: Raichu|Rising Voltage|p1a: Impoleon\n|-hint|Rising Voltage's BP doubled on grounded target.\n|-supereffective|p1a: Impoleon\n|-enditem|p1a: Impoleon|Focus Sash\n|-damage|p1a: Impoleon|1\/100\n|move|p1a: Impoleon|Surf|p2a: Raichu\n|-damage|p2a: Raichu|0 fnt\n|faint|p2a: Raichu\n|\n|upkeep\n|\n|t:|1666215078\n|switch|p2a: Metagross|Metagross|100\/100\n|turn|15\n|\n|t:|1666215082\n|move|p2a: Metagross|Bullet Punch|p1a: Impoleon\n|-resisted|p1a: Impoleon\n|-damage|p1a: Impoleon|0 fnt\n|faint|p1a: Impoleon\n|\n|upkeep\n|\n|t:|1666215099\n|switch|p1a: Alpollo|Haunter, M|100\/100\n|turn|16\n|\n|t:|1666215105\n|move|p1a: Alpollo|Shadow Ball|p2a: Metagross\n|-supereffective|p2a: Metagross\n|-damage|p2a: Metagross|36\/100\n|move|p2a: Metagross|Meteor Mash|p1a: Alpollo|[miss]\n|-miss|p2a: Metagross|p1a: Alpollo\n|\n|-fieldend|move: Electric Terrain\n|upkeep\n|turn|17\n|\n|t:|1666215115\n|move|p2a: Metagross|Bullet Punch|p1a: Alpollo\n|-damage|p1a: Alpollo|35\/100\n|move|p1a: Alpollo|Shadow Ball|p2a: Metagross\n|-supereffective|p2a: Metagross\n|-damage|p2a: Metagross|0 fnt\n|faint|p2a: Metagross\n|\n|upkeep\n|\n|t:|1666215123\n|switch|p2a: Mamoswine|Mamoswine, M|23\/100\n|turn|18\n|\n|t:|1666215127\n|switch|p1a: Snibunna|Weavile, F|83\/100\n|move|p2a: Mamoswine|Ice Shard|p1a: Snibunna\n|-resisted|p1a: Snibunna\n|-damage|p1a: Snibunna|66\/100\n|\n|upkeep\n|turn|19\n|\n|t:|1666215137\n|move|p1a: Snibunna|Knock Off|p2a: Mamoswine\n|-damage|p2a: Mamoswine|0 fnt\n|-enditem|p2a: Mamoswine|Assault Vest|[from] move: Knock Off|[of] p1a: Snibunna\n|faint|p2a: Mamoswine\n|\n|upkeep\n|\n|t:|1666215143\n|switch|p2a: Claydol|Claydol|100\/100\n|turn|20\n|\n|t:|1666215147\n|move|p1a: Snibunna|Knock Off|p2a: Claydol\n|-supereffective|p2a: Claydol\n|-damage|p2a: Claydol|20\/100\n|-damage|p1a: Snibunna|50\/100|[from] item: Rocky Helmet|[of] p2a: Claydol\n|-enditem|p2a: Claydol|Rocky Helmet|[from] move: Knock Off|[of] p1a: Snibunna\n|move|p2a: Claydol|Toxic|p1a: Snibunna\n|-status|p1a: Snibunna|tox\n|\n|-damage|p1a: Snibunna|44\/100 tox|[from] psn\n|upkeep\n|turn|21\n|c|\u2606Rediyu|gg\n|\n|t:|1666215157\n|move|p1a: Snibunna|Knock Off|p2a: Claydol\n|-supereffective|p2a: Claydol\n|-damage|p2a: Claydol|0 fnt\n|faint|p2a: Claydol\n|\n|win|Rediyu\n|c|\u2606zetaice|Gg\n|l| MitchemMusic\n|l|\u2606Rediyu\n","uploadtime":1666215180,"views":32,"p1id":"rediyu","p2id":"zetaice","formatid":"gen8nationaldexag","rating":0,"private":0,"password":null}