{"id":"gen8ou-1660473762","p1":"Capital Cruiser","p2":"heretical_penguin","format":"gen8ou","log":"|j|\u2606Capital Cruiser\n|j|\u2606heretical_penguin\n|t:|1662772600\n|gametype|singles\n|player|p1|Capital Cruiser|cheren-gen5bw2|1380\n|player|p2|heretical_penguin|infielder|1464\n|teamsize|p1|6\n|teamsize|p2|6\n|gen|8\n|tier|[Gen 8] OU\n|rated|\n|rule|Sleep Clause Mod: Limit one foe put to sleep\n|rule|Species Clause: Limit one of each Pok\u00e9mon\n|rule|OHKO Clause: OHKO moves are banned\n|rule|Evasion Items Clause: Evasion items are banned\n|rule|Evasion Moves Clause: Evasion moves are banned\n|rule|Endless Battle Clause: Forcing endless battles is banned\n|rule|HP Percentage Mod: HP is shown in percentages\n|rule|Dynamax Clause: You cannot dynamax\n|clearpoke\n|poke|p1|Rillaboom, M|\n|poke|p1|Zeraora|\n|poke|p1|Heatran, M|\n|poke|p1|Landorus-Therian, M|\n|poke|p1|Tapu Fini|\n|poke|p1|Kartana|\n|poke|p2|Toxapex, M|\n|poke|p2|Volcarona, F|\n|poke|p2|Weavile, F|\n|poke|p2|Excadrill, F|\n|poke|p2|Ferrothorn, F|\n|poke|p2|Zeraora|\n|teampreview\n|inactive|Battle timer is ON: inactive players will automatically lose when time's up. (requested by Capital Cruiser)\n|c|\u2606heretical_penguin|jesus\n|c|\u2606heretical_penguin|heatran and lando\n|c|\u2606heretical_penguin|what a fucking surprise\n|inactive|Capital Cruiser has 120 seconds left.\n|c|\u2606heretical_penguin|imagine putting the battle timer on and then afking\n|c|\u2606heretical_penguin|like whats the point of putting it on\n|c|\u2606Capital Cruiser|No duh, what tier you think this is? Don't even use this lame mon like that\n|c|\u2606Capital Cruiser|Man shut up\n|\n|t:|1662772653\n|start\n|switch|p1a: Landorus|Landorus-Therian, M, shiny|100\/100\n|switch|p2a: please forgive me|Toxapex, M, shiny|100\/100\n|-ability|p1a: Landorus|Intimidate|boost\n|-unboost|p2a: please forgive me|atk|1\n|turn|1\n|c|\u2606heretical_penguin|click a button and ill shut up\n|\n|t:|1662772662\n|switch|p1a: Tapu Fini|Tapu Fini, shiny|100\/100\n|-fieldstart|move: Misty Terrain|[from] ability: Misty Surge|[of] p1a: Tapu Fini\n|move|p2a: please forgive me|Toxic|p1a: Tapu Fini\n|-activate|p1a: Tapu Fini|move: Misty Terrain\n|\n|upkeep\n|turn|2\n|\n|t:|1662772679\n|switch|p1a: Rillaboom|Rillaboom, M, shiny|100\/100\n|-fieldstart|move: Grassy Terrain|[from] ability: Grassy Surge|[of] p1a: Rillaboom\n|move|p2a: please forgive me|Baneful Bunker||[still]\n|-fail|p2a: please forgive me\n|\n|upkeep\n|turn|3\n|c|\u2606heretical_penguin|lando and heatran need to be in ubers\n|c|\u2606heretical_penguin|im talking because you didnt click fast enough btw\n|\n|t:|1662772692\n|move|p1a: Rillaboom|Substitute|p1a: Rillaboom\n|-start|p1a: Rillaboom|Substitute\n|-damage|p1a: Rillaboom|76\/100\n|move|p2a: please forgive me|Toxic||[still]\n|-fail|p2a: please forgive me\n|\n|-heal|p1a: Rillaboom|82\/100|[from] Grassy Terrain\n|upkeep\n|turn|4\n|c|\u2606Capital Cruiser|And?\n|\n|t:|1662772701\n|switch|p2a: Wuhan|Volcarona, F|100\/100\n|move|p1a: Rillaboom|Leech Seed|p2a: Wuhan\n|-start|p2a: Wuhan|move: Leech Seed\n|\n|-heal|p1a: Rillaboom|88\/100|[from] Grassy Terrain\n|-damage|p2a: Wuhan|88\/100|[from] Leech Seed|[of] p1a: Rillaboom\n|-heal|p1a: Rillaboom|100\/100|[silent]\n|upkeep\n|turn|5\n|c|\u2606heretical_penguin|and what\n|\n|t:|1662772707\n|switch|p1a: Heatran|Heatran, M, shiny|100\/100\n|-item|p1a: Heatran|Air Balloon\n|move|p2a: Wuhan|Bug Buzz|p1a: Heatran\n|-resisted|p1a: Heatran\n|-damage|p1a: Heatran|91\/100\n|-enditem|p1a: Heatran|Air Balloon\n|\n|-heal|p2a: Wuhan|94\/100|[from] Grassy Terrain\n|-heal|p1a: Heatran|97\/100|[from] Grassy Terrain\n|-damage|p2a: Wuhan|82\/100|[from] Leech Seed|[of] p1a: Heatran\n|-heal|p1a: Heatran|100\/100|[silent]\n|upkeep\n|turn|6\n|c|\u2606heretical_penguin|my statement stands on its own\n|c|\u2606heretical_penguin|AH THE BITCH GREMLING\n|c|\u2606heretical_penguin|THAT FUCKING THING\n|c|\u2606heretical_penguin|i swear to god\n|c|\u2606heretical_penguin|i hate it so much\n|\n|t:|1662772726\n|switch|p2a: please forgive me|Toxapex, M, shiny|100\/100\n|move|p1a: Heatran|Earth Power|p2a: please forgive me\n|-supereffective|p2a: please forgive me\n|-damage|p2a: please forgive me|47\/100\n|\n|-heal|p2a: please forgive me|53\/100|[from] Grassy Terrain\n|-heal|p2a: please forgive me|59\/100|[from] item: Black Sludge\n|-fieldend|move: Grassy Terrain\n|upkeep\n|turn|7\n|c|\u2606Capital Cruiser|Imagine telling someone to hurry up, then not wanting to move out of spite.\n|\n|t:|1662772737\n|move|p2a: please forgive me|Baneful Bunker|p2a: please forgive me\n|-singleturn|p2a: please forgive me|move: Protect\n|move|p1a: Heatran|Earth Power|p2a: please forgive me\n|-activate|p2a: please forgive me|move: Protect\n|\n|-heal|p2a: please forgive me|65\/100|[from] item: Black Sludge\n|upkeep\n|turn|8\n|c|\u2606heretical_penguin|imagine using heatran\n|c|\u2606heretical_penguin|literal virginity giveaway\n|\n|t:|1662772747\n|switch|p2a: Mountain>Molehill|Excadrill, F, shiny|100\/100\n|-ability|p2a: Mountain>Molehill|Mold Breaker\n|-item|p2a: Mountain>Molehill|Air Balloon\n|move|p1a: Heatran|Earth Power|p2a: Mountain>Molehill\n|-immune|p2a: Mountain>Molehill\n|\n|upkeep\n|turn|9\n|c|\u2606Capital Cruiser|Imagine coming with no ground resist.\n|\n|t:|1662772763\n|switch|p1a: Landorus|Landorus-Therian, M, shiny|100\/100\n|-ability|p1a: Landorus|Intimidate|boost\n|-unboost|p2a: Mountain>Molehill|atk|1\n|move|p2a: Mountain>Molehill|Earthquake|p1a: Landorus\n|-immune|p1a: Landorus\n|\n|upkeep\n|turn|10\n|c|\u2606heretical_penguin|what do you think i just switched to\n|c|\u2606heretical_penguin|i dont use flying types in this generation because the only good ones are corv and lando\n|c|\u2606heretical_penguin|and i refuse to give in to the cancer\n|\n|t:|1662772791\n|switch|p2a: Barbara|Ferrothorn, F|100\/100\n|move|p1a: Landorus|Smack Down|p2a: Barbara\n|-resisted|p2a: Barbara\n|-damage|p2a: Barbara|96\/100\n|\n|upkeep\n|turn|11\n|c|\u2606Capital Cruiser|That's not even a reliable or actual resist moron.\n|\n|t:|1662772798\n|move|p1a: Landorus|Stealth Rock|p2a: Barbara\n|-sidestart|p2: heretical_penguin|move: Stealth Rock\n|move|p2a: Barbara|Stealth Rock|p1a: Landorus\n|-sidestart|p1: Capital Cruiser|move: Stealth Rock\n|\n|upkeep\n|turn|12\n|c|\u2606heretical_penguin|yeah, but at least using it doesnt make me a shitty person\n|\n|t:|1662772804\n|move|p1a: Landorus|Earthquake|p2a: Barbara\n|-damage|p2a: Barbara|70\/100\n|move|p2a: Barbara|Leech Seed|p1a: Landorus\n|-start|p1a: Landorus|move: Leech Seed\n|\n|-damage|p1a: Landorus|88\/100|[from] Leech Seed|[of] p2a: Barbara\n|-heal|p2a: Barbara|83\/100|[silent]\n|upkeep\n|turn|13\n|\n|t:|1662772815\n|switch|p2a: Mountain>Molehill|Excadrill, F, shiny|100\/100\n|-damage|p2a: Mountain>Molehill|97\/100|[from] Stealth Rock\n|-ability|p2a: Mountain>Molehill|Mold Breaker\n|-item|p2a: Mountain>Molehill|Air Balloon\n|move|p1a: Landorus|Earthquake|p2a: Mountain>Molehill\n|-immune|p2a: Mountain>Molehill\n|\n|-damage|p1a: Landorus|76\/100|[from] Leech Seed|[of] p2a: Mountain>Molehill\n|-heal|p2a: Mountain>Molehill|100\/100|[silent]\n|upkeep\n|turn|14\n|\n|t:|1662772820\n|switch|p1a: Tapu Fini|Tapu Fini, shiny|100\/100\n|-damage|p1a: Tapu Fini|88\/100|[from] Stealth Rock\n|-fieldstart|move: Misty Terrain|[from] ability: Misty Surge|[of] p1a: Tapu Fini\n|move|p2a: Mountain>Molehill|Rapid Spin|p1a: Tapu Fini\n|-damage|p1a: Tapu Fini|71\/100\n|-boost|p2a: Mountain>Molehill|spe|1\n|-sideend|p2: heretical_penguin|Stealth Rock|[from] move: Rapid Spin|[of] p2a: Mountain>Molehill\n|\n|-heal|p1a: Tapu Fini|77\/100|[from] item: Leftovers\n|upkeep\n|turn|15\n|\n|t:|1662772838\n|move|p2a: Mountain>Molehill|Swords Dance|p2a: Mountain>Molehill\n|-boost|p2a: Mountain>Molehill|atk|2\n|move|p1a: Tapu Fini|Defog|p2a: Mountain>Molehill\n|-unboost|p2a: Mountain>Molehill|evasion|1\n|-sideend|p1: Capital Cruiser|Stealth Rock|[from] move: Defog|[of] p1a: Tapu Fini\n|-fieldend|Misty Terrain\n|\n|-heal|p1a: Tapu Fini|84\/100|[from] item: Leftovers\n|upkeep\n|turn|16\n|c|\u2606Capital Cruiser|I like how you complain about lando too, but you out here using regen pex like that isn't op.\n|c|\u2606heretical_penguin|pex has so many counters\n|c|\u2606heretical_penguin|there are a lot of mons that kill it\n|c|\u2606heretical_penguin|dont eve\n|c|\u2606heretical_penguin|n\n|c|\u2606heretical_penguin|half of this tier is steel type\n|c|\u2606heretical_penguin|pex fucking sucks compared to heatran and lando\n|inactive|heretical_penguin has 120 seconds left.\n|c|\u2606Capital Cruiser|Lando 100% has counters your point?\n|c|\u2606heretical_penguin|name one\n|\n|t:|1662772881\n|move|p2a: Mountain>Molehill|Swords Dance|p2a: Mountain>Molehill\n|-boost|p2a: Mountain>Molehill|atk|2\n|move|p1a: Tapu Fini|Scald|p2a: Mountain>Molehill\n|-supereffective|p2a: Mountain>Molehill\n|-damage|p2a: Mountain>Molehill|31\/100\n|-enditem|p2a: Mountain>Molehill|Air Balloon\n|\n|-heal|p1a: Tapu Fini|90\/100|[from] item: Leftovers\n|upkeep\n|turn|17\n|c|\u2606Capital Cruiser|Pex sucks but you using it.\n|c|\u2606heretical_penguin|i didnt say it sucks, i said it sucks in comparison. reading comp much\n|inactive|Capital Cruiser has 120 seconds left.\n|c|\u2606Capital Cruiser|weavile, finny. barra rila\n|\n|t:|1662772932\n|move|p2a: Mountain>Molehill|Iron Head|p1a: Tapu Fini\n|-damage|p1a: Tapu Fini|0 fnt\n|faint|p1a: Tapu Fini\n|\n|upkeep\n|\n|t:|1662772938\n|switch|p1a: Kartana|Kartana, shiny|100\/100\n|turn|18\n|c|\u2606heretical_penguin|weavile loses to intimidate, rila loses to intimidate\n|c|\u2606heretical_penguin|barra only is good in rain and weather is cringe cancer shit\n|c|\u2606heretical_penguin|and fini is unreliable in my experience\n|\n|t:|1662772955\n|move|p1a: Kartana|Knock Off|p2a: Mountain>Molehill\n|-damage|p2a: Mountain>Molehill|0 fnt\n|faint|p2a: Mountain>Molehill\n|-ability|p1a: Kartana|Beast Boost|boost\n|-boost|p1a: Kartana|atk|1\n|\n|upkeep\n|c|\u2606Capital Cruiser|not it doesn't you know it has triple axle right.\n|\n|t:|1662772957\n|switch|p2a: please forgive me|Toxapex, M, shiny|99\/100\n|turn|19\n|inactive|Capital Cruiser has 120 seconds left.\n|c|\u2606Capital Cruiser|Are you stupid? Like really.\n|c|\u2606heretical_penguin|yeah which misses half the fucking time. and the other half, you switch to heatran\n|inactive|heretical_penguin has 120 seconds left.\n|c|\u2606heretical_penguin|because EVERYONE carries heatran\n|c|\u2606heretical_penguin|this is my literal point youre proving\n|c|\u2606Capital Cruiser|You're literally only complaning cause both nuke your team LOL\n|c|\u2606heretical_penguin|and counter to heatran you can switch to lando\n|c|\u2606heretical_penguin|any counter to lando you switch to heatra\n|inactive|heretical_penguin has 90 seconds left.\n|c|\u2606heretical_penguin|its bullshit\n|c|\u2606Capital Cruiser|You got no groun resist then heatran walling broken ass volc LOL\n|c|\u2606heretical_penguin|and yes im complaining because it makes this the worst gen since gen 1\n|c|\u2606Capital Cruiser|Ironic too, but without heatran volc is 100% broken so stop talking.\n|inactive|heretical_penguin has 60 seconds left.\n|c|\u2606heretical_penguin|the only reason gen 1 ou was worse is because of all the glitches\n|c|\u2606heretical_penguin|i will talk as much or as little as i please\n|c|\u2606heretical_penguin|the more you tell me to stop the more i want to\n|c|\u2606Capital Cruiser|Man people out here not even that high on adder talking like they know so much\n|\n|t:|1662773059\n|switch|p1a: Landorus|Landorus-Therian, M, shiny|76\/100\n|-ability|p1a: Landorus|Intimidate|boost\n|-unboost|p2a: please forgive me|atk|1\n|move|p2a: please forgive me|Scald|p1a: Landorus\n|-supereffective|p1a: Landorus\n|-damage|p1a: Landorus|38\/100\n|\n|-heal|p2a: please forgive me|100\/100|[from] item: Black Sludge\n|upkeep\n|turn|20\n|c|\u2606heretical_penguin|i dont even know what you just said lol\n|\n|t:|1662773078\n|move|p1a: Landorus|Stealth Rock|p2a: please forgive me\n|-sidestart|p2: heretical_penguin|move: Stealth Rock\n|move|p2a: please forgive me|Scald|p1a: Landorus\n|-supereffective|p1a: Landorus\n|-damage|p1a: Landorus|2\/100\n|-status|p1a: Landorus|brn\n|\n|-damage|p1a: Landorus|0 fnt|[from] brn\n|faint|p1a: Landorus\n|upkeep\n|c|\u2606heretical_penguin|are you saying i am or am not on adderal\n|\n|t:|1662773084\n|switch|p1a: Heatran|Heatran, M, shiny|100\/100\n|turn|21\n|\n|t:|1662773089\n|move|p1a: Heatran|Earth Power|p2a: please forgive me\n|-supereffective|p2a: please forgive me\n|-damage|p2a: please forgive me|45\/100\n|move|p2a: please forgive me|Scald|p1a: Heatran\n|-supereffective|p1a: Heatran\n|-damage|p1a: Heatran|75\/100\n|\n|-heal|p2a: please forgive me|51\/100|[from] item: Black Sludge\n|upkeep\n|turn|22\n|\n|t:|1662773106\n|move|p2a: please forgive me|Baneful Bunker|p2a: please forgive me\n|-singleturn|p2a: please forgive me|move: Protect\n|move|p1a: Heatran|Earth Power|p2a: please forgive me\n|-activate|p2a: please forgive me|move: Protect\n|\n|-heal|p2a: please forgive me|57\/100|[from] item: Black Sludge\n|upkeep\n|turn|23\n|c|\u2606heretical_penguin|the way you wrote that it sounds like youre saying only adderal junkies can have an opinion on pokemon LOL\n|c|\u2606heretical_penguin|third grade writing class much\n|\n|t:|1662773128\n|move|p1a: Heatran|Earth Power|p2a: please forgive me\n|-supereffective|p2a: please forgive me\n|-damage|p2a: please forgive me|6\/100\n|move|p2a: please forgive me|Scald|p1a: Heatran\n|-supereffective|p1a: Heatran\n|-damage|p1a: Heatran|51\/100\n|\n|-heal|p2a: please forgive me|13\/100|[from] item: Black Sludge\n|upkeep\n|turn|24\n|c|\u2606Capital Cruiser|I'm saying you're super dumb and hypocrite, complaining about shit like lando and heatran, but you out hre using broken regen and volc with heatran being the only counter.\n|\n|t:|1662773155\n|move|p2a: please forgive me|Baneful Bunker|p2a: please forgive me\n|-singleturn|p2a: please forgive me|move: Protect\n|move|p1a: Heatran|Flamethrower|p2a: please forgive me\n|-activate|p2a: please forgive me|move: Protect\n|\n|-heal|p2a: please forgive me|19\/100|[from] item: Black Sludge\n|upkeep\n|turn|25\n|c|\u2606heretical_penguin|pex counters volc unless it has psychic\n|c|\u2606heretical_penguin|and psychic volc sucks\n|\n|t:|1662773165\n|switch|p2a: Barbara|Ferrothorn, F|83\/100\n|-damage|p2a: Barbara|77\/100|[from] Stealth Rock\n|move|p1a: Heatran|Earth Power|p2a: Barbara\n|-damage|p2a: Barbara|49\/100\n|-unboost|p2a: Barbara|spd|1\n|\n|upkeep\n|turn|26\n|c|\u2606Capital Cruiser|\"Unless psychic\"\n|\n|t:|1662773181\n|move|p1a: Heatran|Flamethrower|p2a: Barbara\n|-supereffective|p2a: Barbara\n|-crit|p2a: Barbara\n|-damage|p2a: Barbara|0 fnt\n|faint|p2a: Barbara\n|\n|upkeep\n|inactive|heretical_penguin has 90 seconds left.\n|c|\u2606heretical_penguin|yeah, which no one carries these days\n|c|\u2606heretical_penguin|because giga drain is objectively better\n|\n|t:|1662773196\n|switch|p2a: Spare No Furry|Zeraora|100\/100\n|-damage|p2a: Spare No Furry|88\/100|[from] Stealth Rock\n|turn|27\n|c|\u2606Capital Cruiser|Very solid answer betting the entire game on that.\n|\n|t:|1662773202\n|switch|p1a: Rillaboom|Rillaboom, M, shiny|100\/100\n|-fieldstart|move: Grassy Terrain|[from] ability: Grassy Surge|[of] p1a: Rillaboom\n|move|p2a: Spare No Furry|Close Combat|p1a: Rillaboom\n|-damage|p1a: Rillaboom|71\/100\n|-unboost|p2a: Spare No Furry|def|1\n|-unboost|p2a: Spare No Furry|spd|1\n|\n|-heal|p2a: Spare No Furry|94\/100|[from] Grassy Terrain\n|-heal|p1a: Rillaboom|77\/100|[from] Grassy Terrain\n|upkeep\n|turn|28\n|\n|t:|1662773206\n|move|p2a: Spare No Furry|Knock Off|p1a: Rillaboom\n|-damage|p1a: Rillaboom|51\/100\n|-enditem|p1a: Rillaboom|Big Root|[from] move: Knock Off|[of] p2a: Spare No Furry\n|move|p1a: Rillaboom|Leech Seed|p2a: Spare No Furry\n|-start|p2a: Spare No Furry|move: Leech Seed\n|\n|-heal|p2a: Spare No Furry|99\/100|[from] Grassy Terrain\n|-heal|p1a: Rillaboom|57\/100|[from] Grassy Terrain\n|-damage|p2a: Spare No Furry|88\/100|[from] Leech Seed|[of] p1a: Rillaboom\n|-heal|p1a: Rillaboom|68\/100|[silent]\n|upkeep\n|turn|29\n|c|\u2606heretical_penguin|what? again i have no idea what youre saying\n|c|\u2606heretical_penguin|write like we're speaking english\n|\n|t:|1662773220\n|switch|p2a: please forgive me|Toxapex, M, shiny|52\/100\n|-damage|p2a: please forgive me|40\/100|[from] Stealth Rock\n|move|p1a: Rillaboom|Drum Beating|p2a: please forgive me\n|-crit|p2a: please forgive me\n|-damage|p2a: please forgive me|0 fnt\n|faint|p2a: please forgive me\n|\n|-heal|p1a: Rillaboom|74\/100|[from] Grassy Terrain\n|upkeep\n|\n|t:|1662773223\n|switch|p2a: Wuhan|Volcarona, F|82\/100\n|-damage|p2a: Wuhan|32\/100|[from] Stealth Rock\n|turn|30\n|c|\u2606Capital Cruiser|You're so freaking stupid it's insane\n|c|\u2606Capital Cruiser|Imagine not having boots on volc.\n|\n|t:|1662773243\n|switch|p1a: Heatran|Heatran, M, shiny|51\/100\n|move|p2a: Wuhan|Bug Buzz|p1a: Heatran\n|-resisted|p1a: Heatran\n|-damage|p1a: Heatran|41\/100\n|\n|-heal|p2a: Wuhan|38\/100|[from] Grassy Terrain\n|-heal|p1a: Heatran|47\/100|[from] Grassy Terrain\n|upkeep\n|turn|31\n|c|\u2606heretical_penguin|LOL like its my fault youre over here writing at a third grade level\n|c|\u2606heretical_penguin|i dont run boots because sash is the only counter to choice item cringe\n|\n|t:|1662773260\n|switch|p2a: Spare No Furry|Zeraora|88\/100\n|-damage|p2a: Spare No Furry|76\/100|[from] Stealth Rock\n|move|p1a: Heatran|Flamethrower|p2a: Spare No Furry\n|-damage|p2a: Spare No Furry|14\/100\n|\n|-heal|p2a: Spare No Furry|20\/100|[from] Grassy Terrain\n|-heal|p1a: Heatran|53\/100|[from] Grassy Terrain\n|-fieldend|move: Grassy Terrain\n|upkeep\n|turn|32\n|c|\u2606Capital Cruiser|I can't write, but i'm not playing like shit at least.\n|\n|t:|1662773277\n|switch|p1a: Rillaboom|Rillaboom, M, shiny|74\/100\n|-fieldstart|move: Grassy Terrain|[from] ability: Grassy Surge|[of] p1a: Rillaboom\n|move|p2a: Spare No Furry|Close Combat|p1a: Rillaboom\n|-damage|p1a: Rillaboom|41\/100\n|-unboost|p2a: Spare No Furry|def|1\n|-unboost|p2a: Spare No Furry|spd|1\n|\n|-heal|p2a: Spare No Furry|26\/100|[from] Grassy Terrain\n|-heal|p1a: Rillaboom|47\/100|[from] Grassy Terrain\n|upkeep\n|turn|33\n|c|\u2606heretical_penguin|im not trying to win lol\n|inactive|heretical_penguin has 120 seconds left.\n|c|\u2606heretical_penguin|i knew i would lose the second i saw lando\n|c|\u2606heretical_penguin|and heatran\n|c|\u2606heretical_penguin|im just talking with you and clicking buttons so i dont lose to the battle timer\n|\n|t:|1662773299\n|move|p2a: Spare No Furry|Knock Off|p1a: Rillaboom\n|-damage|p1a: Rillaboom|28\/100\n|move|p1a: Rillaboom|Drum Beating|p2a: Spare No Furry\n|-damage|p2a: Spare No Furry|0 fnt\n|faint|p2a: Spare No Furry\n|\n|-heal|p1a: Rillaboom|34\/100|[from] Grassy Terrain\n|upkeep\n|\n|t:|1662773302\n|switch|p2a: Wuhan|Volcarona, F|38\/100\n|-damage|p2a: Wuhan|0 fnt|[from] Stealth Rock\n|faint|p2a: Wuhan\n|\n|t:|1662773303\n|switch|p2a: Winter Is Coming|Weavile, F|100\/100\n|-damage|p2a: Winter Is Coming|76\/100|[from] Stealth Rock\n|-ability|p2a: Winter Is Coming|Pressure\n|turn|34\n|c|\u2606Capital Cruiser|I know, If I were playing this bad with a horrible team like yours i'd make the same excuse.\n|\n|t:|1662773317\n|move|p2a: Winter Is Coming|Ice Shard|p1a: Rillaboom\n|-supereffective|p1a: Rillaboom\n|-damage|p1a: Rillaboom|2\/100\n|move|p1a: Rillaboom|Drum Beating|p2a: Winter Is Coming\n|-damage|p2a: Winter Is Coming|2\/100\n|-unboost|p2a: Winter Is Coming|spe|1\n|\n|-heal|p2a: Winter Is Coming|8\/100|[from] Grassy Terrain\n|-heal|p1a: Rillaboom|8\/100|[from] Grassy Terrain\n|upkeep\n|turn|35\n|c|\u2606heretical_penguin|LOL\n|c|\u2606heretical_penguin|imagine being so obtuse\n|c|\u2606Capital Cruiser|If you got a problem then rematch? I'll actually try this time.\n|c|\u2606heretical_penguin|LOL\n|inactive|Capital Cruiser has 120 seconds left.\n|c|\u2606heretical_penguin|i try to minimize my exposure to cancer\n|c|\u2606heretical_penguin|so no thanks\n|c|\u2606Capital Cruiser|You can lol, but you will be clowned looking stupid when you lose.\n|c|\u2606Capital Cruiser|Exactly.\n|c|\u2606heretical_penguin|i usually auto forgeit against those two\n|c|\u2606Capital Cruiser|Don't talk, you'll only humiliate yourself further.\n|c|\u2606heretical_penguin|i only played this game because it was fun talking to you\n|c|\u2606heretical_penguin|LOL\n|\n|t:|1662773382\n|move|p2a: Winter Is Coming|Ice Shard|p1a: Rillaboom\n|-supereffective|p1a: Rillaboom\n|-damage|p1a: Rillaboom|0 fnt\n|faint|p1a: Rillaboom\n|\n|-heal|p2a: Winter Is Coming|14\/100|[from] Grassy Terrain\n|upkeep\n|c|\u2606heretical_penguin|im not humiliated at all\n|\n|t:|1662773387\n|switch|p1a: Zeraora|Zeraora, shiny|100\/100\n|turn|36\n|c|\u2606Capital Cruiser|Delusional.\n|c|\u2606heretical_penguin|youre really projecting a lot of emotions on to me\n|c|\u2606Capital Cruiser|Hurry up\n|c|\u2606heretical_penguin|nah\n|c|\u2606heretical_penguin|i want to maximize how much time you rage\n|inactive|heretical_penguin has 120 seconds left.\n|c|\u2606heretical_penguin|so lets keep talking for two minutes\n|c|\u2606Capital Cruiser|You keep talking come on, hypocrite to the max, told me to hurry up, now that you looking stupid you can't make a move.\n|c|\u2606Capital Cruiser|Clowned to the max, next game.\n|c|\u2606heretical_penguin|tell me more about how wrong i am about that cancer shit and how i ought to be ashamed for losing to the unwinnable\n|inactive|heretical_penguin has 90 seconds left.\n|c|\u2606heretical_penguin|its not hypocrisy. i told you if you stopped talking, i would\n|c|\u2606heretical_penguin|you didnt\n|c|\u2606heretical_penguin|so im not\n|c|\u2606heretical_penguin|show me the hypocrisy\n|inactive|heretical_penguin has 60 seconds left.\n|c|\u2606heretical_penguin|all i can say is that if dexit doesmt kill those two fucking things in gen 9\n|c|\u2606heretical_penguin|ill be pissed\n|inactive|heretical_penguin has 30 seconds left.\n|c|\u2606heretical_penguin|because jesus christ knows smogon wont do shit about it\n|inactive|heretical_penguin has 20 seconds left.\n|inactive|heretical_penguin has 15 seconds left.\n|c|\u2606heretical_penguin|oh sure theyll ban fucking dracovish\n|inactive|heretical_penguin has 10 seconds left.\n|c|\u2606heretical_penguin|but not the actually op shit\n|inactive|heretical_penguin has 5 seconds left.\n|c|\u2606heretical_penguin|bye\n|-message|heretical_penguin lost due to inactivity.\n|\n|win|Capital Cruiser\n|raw|Capital Cruiser's rating: 1380 &rarr; <strong>1405<\/strong><br \/>(+25 for winning)\n|raw|heretical_penguin's rating: 1464 &rarr; <strong>1439<\/strong><br \/>(-25 for losing)\n|c|\u2606heretical_penguin|come to the light side\n|c|\u2606heretical_penguin|please\n|l|\u2606heretical_penguin\n||Ladder isn't responding, score probably updated but might not have (Request timeout).\n","uploadtime":1662772715,"views":3,"p1id":"capitalcruiser","p2id":"hereticalpenguin","formatid":"gen8ou","rating":1405,"private":0,"password":null}