{"id":"gen8ou-1685010196","p1":"Shinjou Akane","p2":"idekmane","format":"gen8ou","log":"|html|<div class=\"broadcast-blue\"><strong>[Gen 8] OU is currently suspecting Melmetal! For information on how to participate check out the <a href=\"https:\/\/www.smogon.com\/forums\/threads\/np-ss-ou-suspect-process-round-12-monster-mash.3709234\/\">suspect thread<\/a>.<\/strong><\/div>\n|j|\u2606Shinjou Akane\n|j|\u2606idekmane\n|t:|1665689517\n|gametype|singles\n|player|p1|Shinjou Akane|nurse|1544\n|player|p2|idekmane|roxie|1537\n|teamsize|p1|6\n|teamsize|p2|6\n|gen|8\n|tier|[Gen 8] OU\n|rated|\n|rule|Sleep Clause Mod: Limit one foe put to sleep\n|rule|Species Clause: Limit one of each Pok\u00e9mon\n|rule|OHKO Clause: OHKO moves are banned\n|rule|Evasion Items Clause: Evasion items are banned\n|rule|Evasion Moves Clause: Evasion moves are banned\n|rule|Endless Battle Clause: Forcing endless battles is banned\n|rule|HP Percentage Mod: HP is shown in percentages\n|rule|Dynamax Clause: You cannot dynamax\n|clearpoke\n|poke|p1|Corviknight, F|\n|poke|p1|Garchomp, M|\n|poke|p1|Slowking-Galar, M|\n|poke|p1|Urshifu-*, M|\n|poke|p1|Zeraora|\n|poke|p1|Rillaboom, F|\n|poke|p2|Tapu Lele|\n|poke|p2|Tapu Fini|\n|poke|p2|Heatran, M|\n|poke|p2|Zapdos|\n|poke|p2|Rillaboom, F|\n|poke|p2|Nidoking, M|\n|teampreview\n|\n|t:|1665689534\n|start\n|switch|p1a: Zeraora|Zeraora|100\/100\n|switch|p2a: Tapu Fini|Tapu Fini|100\/100\n|-fieldstart|move: Misty Terrain|[from] ability: Misty Surge|[of] p2a: Tapu Fini\n|turn|1\n|\n|t:|1665689539\n|switch|p2a: Nidoking|Nidoking, M|100\/100\n|move|p1a: Zeraora|Knock Off|p2a: Nidoking\n|-damage|p2a: Nidoking|59\/100\n|-enditem|p2a: Nidoking|Life Orb|[from] move: Knock Off|[of] p1a: Zeraora\n|\n|upkeep\n|turn|2\n|\n|t:|1665689548\n|switch|p1a: Corviknight|Corviknight, F, shiny|100\/100\n|-ability|p1a: Corviknight|Pressure\n|move|p2a: Nidoking|Substitute|p2a: Nidoking\n|-start|p2a: Nidoking|Substitute\n|-damage|p2a: Nidoking|35\/100\n|\n|upkeep\n|turn|3\n|\n|t:|1665689552\n|switch|p1a: Slowking|Slowking-Galar, M|100\/100\n|move|p2a: Nidoking|Thunderbolt|p1a: Slowking\n|-damage|p1a: Slowking|86\/100\n|\n|upkeep\n|turn|4\n|\n|t:|1665689555\n|move|p2a: Nidoking|Earth Power|p1a: Slowking\n|-supereffective|p1a: Slowking\n|-damage|p1a: Slowking|40\/100\n|move|p1a: Slowking|Future Sight|p2a: Nidoking\n|-start|p1a: Slowking|move: Future Sight\n|\n|upkeep\n|turn|5\n|\n|t:|1665689561\n|switch|p1a: Garchomp|Garchomp, M|100\/100\n|move|p2a: Nidoking|Earth Power|p1a: Garchomp\n|-damage|p1a: Garchomp|58\/100\n|\n|-heal|p1a: Garchomp|64\/100|[from] item: Leftovers\n|-fieldend|Misty Terrain\n|upkeep\n|turn|6\n|\n|t:|1665689564\n|move|p2a: Nidoking|Ice Beam|p1a: Garchomp\n|-supereffective|p1a: Garchomp\n|-damage|p1a: Garchomp|0 fnt\n|faint|p1a: Garchomp\n|\n|-end|p2a: Nidoking|move: Future Sight\n|-supereffective|p2a: Nidoking\n|-end|p2a: Nidoking|Substitute\n|upkeep\n|\n|t:|1665689568\n|switch|p1a: Urshifu|Urshifu-Rapid-Strike, M|100\/100\n|turn|7\n|\n|t:|1665689576\n|switch|p2a: Tapu Fini|Tapu Fini|100\/100\n|-fieldstart|move: Misty Terrain|[from] ability: Misty Surge|[of] p2a: Tapu Fini\n|move|p1a: Urshifu|Close Combat|p2a: Tapu Fini\n|-resisted|p2a: Tapu Fini\n|-damage|p2a: Tapu Fini|60\/100\n|-unboost|p1a: Urshifu|def|1\n|-unboost|p1a: Urshifu|spd|1\n|\n|-heal|p2a: Tapu Fini|66\/100|[from] item: Leftovers\n|upkeep\n|turn|8\n|\n|t:|1665689587\n|switch|p1a: Zeraora|Zeraora|100\/100\n|switch|p2a: Nidoking|Nidoking, M|35\/100\n|\n|upkeep\n|turn|9\n|\n|t:|1665689592\n|move|p1a: Zeraora|Close Combat|p2a: Nidoking\n|-resisted|p2a: Nidoking\n|-damage|p2a: Nidoking|8\/100\n|-unboost|p1a: Zeraora|def|1\n|-unboost|p1a: Zeraora|spd|1\n|move|p2a: Nidoking|Earth Power|p1a: Zeraora\n|-supereffective|p1a: Zeraora\n|-damage|p1a: Zeraora|0 fnt\n|faint|p1a: Zeraora\n|\n|upkeep\n|\n|t:|1665689596\n|switch|p1a: Urshifu|Urshifu-Rapid-Strike, M|100\/100\n|turn|10\n|\n|t:|1665689602\n|switch|p2a: Tapu Fini|Tapu Fini|66\/100\n|move|p1a: Urshifu|U-turn|p2a: Tapu Fini\n|-resisted|p2a: Tapu Fini\n|-crit|p2a: Tapu Fini\n|-damage|p2a: Tapu Fini|44\/100\n|\n|t:|1665689605\n|switch|p1a: Rillaboom|Rillaboom, F|100\/100|[from]move: U-turn\n|-fieldstart|move: Grassy Terrain|[from] ability: Grassy Surge|[of] p1a: Rillaboom\n|\n|-heal|p2a: Tapu Fini|51\/100|[from] Grassy Terrain\n|-heal|p2a: Tapu Fini|57\/100|[from] item: Leftovers\n|upkeep\n|turn|11\n|\n|t:|1665689612\n|move|p2a: Tapu Fini|Taunt|p1a: Rillaboom\n|-start|p1a: Rillaboom|move: Taunt\n|move|p1a: Rillaboom|Knock Off|p2a: Tapu Fini\n|-resisted|p2a: Tapu Fini\n|-damage|p2a: Tapu Fini|42\/100\n|-enditem|p2a: Tapu Fini|Leftovers|[from] move: Knock Off|[of] p1a: Rillaboom\n|\n|-heal|p2a: Tapu Fini|48\/100|[from] Grassy Terrain\n|upkeep\n|turn|12\n|\n|t:|1665689625\n|switch|p2a: Heatran|Heatran, M|100\/100\n|switch|p1a: Slowking|Slowking-Galar, M|74\/100\n|\n|-heal|p1a: Slowking|80\/100|[from] Grassy Terrain\n|upkeep\n|turn|13\n|\n|t:|1665689630\n|move|p2a: Heatran|Magma Storm|p1a: Slowking|[miss]\n|-miss|p2a: Heatran|p1a: Slowking\n|move|p1a: Slowking|Scald|p2a: Heatran\n|-supereffective|p2a: Heatran\n|-damage|p2a: Heatran|67\/100\n|\n|-heal|p2a: Heatran|73\/100|[from] Grassy Terrain\n|-heal|p2a: Heatran|80\/100|[from] item: Leftovers\n|-heal|p1a: Slowking|86\/100|[from] Grassy Terrain\n|upkeep\n|turn|14\n|\n|t:|1665689636\n|switch|p1a: Urshifu|Urshifu-Rapid-Strike, M|100\/100\n|move|p2a: Heatran|Magma Storm|p1a: Urshifu|[miss]\n|-miss|p2a: Heatran|p1a: Urshifu\n|\n|-heal|p2a: Heatran|86\/100|[from] Grassy Terrain\n|-heal|p2a: Heatran|92\/100|[from] item: Leftovers\n|-fieldend|move: Grassy Terrain\n|upkeep\n|turn|15\n|\n|t:|1665689641\n|switch|p2a: Tapu Fini|Tapu Fini|48\/100\n|-fieldstart|move: Misty Terrain|[from] ability: Misty Surge|[of] p2a: Tapu Fini\n|move|p1a: Urshifu|Close Combat|p2a: Tapu Fini\n|-resisted|p2a: Tapu Fini\n|-damage|p2a: Tapu Fini|11\/100\n|-unboost|p1a: Urshifu|def|1\n|-unboost|p1a: Urshifu|spd|1\n|\n|upkeep\n|turn|16\n|\n|t:|1665689652\n|move|p1a: Urshifu|Close Combat|p2a: Tapu Fini\n|-resisted|p2a: Tapu Fini\n|-damage|p2a: Tapu Fini|0 fnt\n|-unboost|p1a: Urshifu|def|1\n|-unboost|p1a: Urshifu|spd|1\n|faint|p2a: Tapu Fini\n|\n|upkeep\n|\n|t:|1665689654\n|switch|p2a: Tapu Lele|Tapu Lele|100\/100\n|-fieldstart|move: Psychic Terrain|[from] ability: Psychic Surge|[of] p2a: Tapu Lele\n|turn|17\n|\n|t:|1665689660\n|switch|p2a: Nidoking|Nidoking, M|8\/100\n|switch|p1a: Corviknight|Corviknight, F, shiny|100\/100\n|-ability|p1a: Corviknight|Pressure\n|\n|upkeep\n|turn|18\n|\n|t:|1665689666\n|switch|p1a: Rillaboom|Rillaboom, F|100\/100\n|-fieldstart|move: Grassy Terrain|[from] ability: Grassy Surge|[of] p1a: Rillaboom\n|move|p2a: Nidoking|Thunderbolt|p1a: Rillaboom\n|-resisted|p1a: Rillaboom\n|-damage|p1a: Rillaboom|82\/100\n|\n|-heal|p2a: Nidoking|14\/100|[from] Grassy Terrain\n|-heal|p1a: Rillaboom|88\/100|[from] Grassy Terrain\n|-heal|p1a: Rillaboom|94\/100|[from] item: Leftovers\n|upkeep\n|turn|19\n|\n|t:|1665689671\n|move|p1a: Rillaboom|Grassy Glide|p2a: Nidoking\n|-damage|p2a: Nidoking|0 fnt\n|faint|p2a: Nidoking\n|\n|-heal|p1a: Rillaboom|100\/100|[from] Grassy Terrain\n|upkeep\n|\n|t:|1665689674\n|switch|p2a: Zapdos|Zapdos|100\/100\n|turn|20\n|\n|t:|1665689677\n|switch|p1a: Slowking|Slowking-Galar, M|100\/100\n|move|p2a: Zapdos|Volt Switch|p1a: Slowking\n|-damage|p1a: Slowking|88\/100\n|\n|t:|1665689680\n|switch|p2a: Rillaboom|Rillaboom, F|100\/100|[from]move: Volt Switch\n|\n|-heal|p1a: Slowking|94\/100|[from] Grassy Terrain\n|upkeep\n|turn|21\n|\n|t:|1665689685\n|move|p2a: Rillaboom|U-turn|p1a: Slowking\n|-damage|p1a: Slowking|60\/100\n|-damage|p2a: Rillaboom|91\/100|[from] item: Life Orb\n|\n|t:|1665689688\n|switch|p2a: Heatran|Heatran, M|92\/100|[from]move: U-turn\n|move|p1a: Slowking|Sludge Bomb|p2a: Heatran\n|-immune|p2a: Heatran\n|\n|-heal|p2a: Heatran|98\/100|[from] Grassy Terrain\n|-heal|p2a: Heatran|100\/100|[from] item: Leftovers\n|-heal|p1a: Slowking|66\/100|[from] Grassy Terrain\n|upkeep\n|turn|22\n|\n|t:|1665689694\n|switch|p2a: Tapu Lele|Tapu Lele|100\/100\n|-fieldstart|move: Psychic Terrain|[from] ability: Psychic Surge|[of] p2a: Tapu Lele\n|switch|p1a: Urshifu|Urshifu-Rapid-Strike, M|100\/100\n|\n|upkeep\n|turn|23\n|\n|t:|1665689700\n|switch|p1a: Slowking|Slowking-Galar, M|99\/100\n|move|p2a: Tapu Lele|Psyshock|p1a: Slowking\n|-damage|p1a: Slowking|46\/100\n|\n|upkeep\n|turn|24\n|\n|t:|1665689705\n|switch|p2a: Zapdos|Zapdos|100\/100\n|switch|p1a: Corviknight|Corviknight, F, shiny|100\/100\n|-ability|p1a: Corviknight|Pressure\n|\n|upkeep\n|turn|25\n|\n|t:|1665689709\n|move|p2a: Zapdos|Volt Switch|p1a: Corviknight\n|-supereffective|p1a: Corviknight\n|-damage|p1a: Corviknight|43\/100\n|\n|t:|1665689713\n|switch|p2a: Heatran|Heatran, M|100\/100|[from]move: Volt Switch\n|move|p1a: Corviknight|U-turn|p2a: Heatran\n|-resisted|p2a: Heatran\n|-crit|p2a: Heatran\n|-damage|p2a: Heatran|96\/100\n|\n|t:|1665689716\n|switch|p1a: Urshifu|Urshifu-Rapid-Strike, M|100\/100|[from]move: U-turn\n|\n|-heal|p2a: Heatran|100\/100|[from] item: Leftovers\n|upkeep\n|turn|26\n|\n|t:|1665689723\n|move|p1a: Urshifu|Surging Strikes|p2a: Heatran\n|-supereffective|p2a: Heatran\n|-crit|p2a: Heatran\n|-damage|p2a: Heatran|52\/100\n|-supereffective|p2a: Heatran\n|-crit|p2a: Heatran\n|-damage|p2a: Heatran|0 fnt\n|faint|p2a: Heatran\n|-hitcount|p2: Heatran|2\n|\n|-fieldend|move: Psychic Terrain\n|upkeep\n|\n|t:|1665689725\n|switch|p2a: Rillaboom|Rillaboom, F|91\/100\n|-fieldstart|move: Grassy Terrain|[from] ability: Grassy Surge|[of] p2a: Rillaboom\n|turn|27\n|\n|t:|1665689729\n|switch|p1a: Corviknight|Corviknight, F, shiny|43\/100\n|-ability|p1a: Corviknight|Pressure\n|move|p2a: Rillaboom|Swords Dance|p2a: Rillaboom\n|-boost|p2a: Rillaboom|atk|2\n|\n|-heal|p2a: Rillaboom|97\/100|[from] Grassy Terrain\n|upkeep\n|turn|28\n|\n|t:|1665689731\n|move|p2a: Rillaboom|Drain Punch|p1a: Corviknight\n|-damage|p1a: Corviknight|0 fnt\n|-heal|p2a: Rillaboom|100\/100|[from] drain|[of] p1a: Corviknight\n|-damage|p2a: Rillaboom|84\/100|[from] item: Rocky Helmet|[of] p1a: Corviknight\n|faint|p1a: Corviknight\n|-damage|p2a: Rillaboom|74\/100|[from] item: Life Orb\n|\n|-heal|p2a: Rillaboom|80\/100|[from] Grassy Terrain\n|upkeep\n|\n|t:|1665689738\n|switch|p1a: Rillaboom|Rillaboom, F|100\/100\n|turn|29\n|\n|t:|1665689744\n|switch|p1a: Slowking|Slowking-Galar, M|79\/100\n|move|p2a: Rillaboom|U-turn|p1a: Slowking\n|-damage|p1a: Slowking|5\/100\n|-damage|p2a: Rillaboom|70\/100|[from] item: Life Orb\n|\n|t:|1665689746\n|switch|p2a: Zapdos|Zapdos|100\/100|[from]move: U-turn\n|\n|-heal|p1a: Slowking|11\/100|[from] Grassy Terrain\n|upkeep\n|turn|30\n|\n|t:|1665689752\n|switch|p1a: Rillaboom|Rillaboom, F|100\/100\n|move|p2a: Zapdos|Volt Switch|p1a: Rillaboom\n|-resisted|p1a: Rillaboom\n|-damage|p1a: Rillaboom|84\/100\n|\n|t:|1665689772\n|switch|p2a: Tapu Lele|Tapu Lele|100\/100|[from]move: Volt Switch\n|-fieldstart|move: Psychic Terrain|[from] ability: Psychic Surge|[of] p2a: Tapu Lele\n|\n|-heal|p1a: Rillaboom|90\/100|[from] item: Leftovers\n|upkeep\n|turn|31\n|\n|t:|1665689776\n|switch|p2a: Zapdos|Zapdos|100\/100\n|move|p1a: Rillaboom|Grassy Glide|p2a: Zapdos\n|-resisted|p2a: Zapdos\n|-damage|p2a: Zapdos|83\/100\n|\n|-heal|p1a: Rillaboom|96\/100|[from] item: Leftovers\n|upkeep\n|turn|32\n|\n|t:|1665689786\n|switch|p1a: Slowking|Slowking-Galar, M|44\/100\n|move|p2a: Zapdos|Hurricane|p1a: Slowking\n|-damage|p1a: Slowking|22\/100\n|\n|upkeep\n|turn|33\n|\n|t:|1665689801\n|move|p2a: Zapdos|Volt Switch|p1a: Slowking\n|-damage|p1a: Slowking|8\/100\n|\n|t:|1665689808\n|switch|p2a: Rillaboom|Rillaboom, F|70\/100|[from]move: Volt Switch\n|-fieldstart|move: Grassy Terrain|[from] ability: Grassy Surge|[of] p2a: Rillaboom\n|move|p1a: Slowking|Sludge Bomb|p2a: Rillaboom\n|-supereffective|p2a: Rillaboom\n|-damage|p2a: Rillaboom|0 fnt\n|faint|p2a: Rillaboom\n|\n|-heal|p1a: Slowking|14\/100|[from] Grassy Terrain\n|upkeep\n|\n|t:|1665689816\n|switch|p2a: Tapu Lele|Tapu Lele|100\/100\n|-fieldstart|move: Psychic Terrain|[from] ability: Psychic Surge|[of] p2a: Tapu Lele\n|turn|34\n|\n|t:|1665689818\n|move|p2a: Tapu Lele|Psychic|p1a: Slowking\n|-damage|p1a: Slowking|0 fnt\n|faint|p1a: Slowking\n|\n|upkeep\n|\n|t:|1665689820\n|switch|p1a: Rillaboom|Rillaboom, F|96\/100\n|-fieldstart|move: Grassy Terrain|[from] ability: Grassy Surge|[of] p1a: Rillaboom\n|turn|35\n|\n|t:|1665689824\n|switch|p2a: Zapdos|Zapdos|83\/100\n|move|p1a: Rillaboom|Knock Off|p2a: Zapdos\n|-damage|p2a: Zapdos|54\/100\n|-enditem|p2a: Zapdos|Heavy-Duty Boots|[from] move: Knock Off|[of] p1a: Rillaboom\n|\n|-heal|p1a: Rillaboom|100\/100|[from] Grassy Terrain\n|upkeep\n|turn|36\n|\n|t:|1665689834\n|switch|p1a: Urshifu|Urshifu-Rapid-Strike, M|100\/100\n|move|p2a: Zapdos|Hurricane|p1a: Urshifu|[miss]\n|-miss|p2a: Zapdos|p1a: Urshifu\n|\n|upkeep\n|turn|37\n|\n|t:|1665689841\n|move|p1a: Urshifu|Surging Strikes|p2a: Zapdos\n|-crit|p2a: Zapdos\n|-damage|p2a: Zapdos|29\/100\n|-status|p1a: Urshifu|par|[from] ability: Static|[of] p2a: Zapdos\n|-crit|p2a: Zapdos\n|-damage|p2a: Zapdos|4\/100\n|-crit|p2a: Zapdos\n|-damage|p2a: Zapdos|0 fnt\n|faint|p2a: Zapdos\n|-hitcount|p2: Zapdos|3\n|\n|upkeep\n|\n|t:|1665689846\n|switch|p2a: Tapu Lele|Tapu Lele|100\/100\n|-fieldstart|move: Psychic Terrain|[from] ability: Psychic Surge|[of] p2a: Tapu Lele\n|turn|38\n|\n|t:|1665689848\n|move|p2a: Tapu Lele|Psychic|p1a: Urshifu\n|-supereffective|p1a: Urshifu\n|-damage|p1a: Urshifu|0 fnt\n|faint|p1a: Urshifu\n|\n|upkeep\n|\n|t:|1665689850\n|switch|p1a: Rillaboom|Rillaboom, F|100\/100\n|-fieldstart|move: Grassy Terrain|[from] ability: Grassy Surge|[of] p1a: Rillaboom\n|turn|39\n|\n|t:|1665689855\n|move|p1a: Rillaboom|Grassy Glide|p2a: Tapu Lele\n|-damage|p2a: Tapu Lele|24\/100\n|move|p2a: Tapu Lele|Psychic|p1a: Rillaboom\n|-damage|p1a: Rillaboom|49\/100\n|\n|-heal|p2a: Tapu Lele|30\/100|[from] Grassy Terrain\n|-heal|p1a: Rillaboom|56\/100|[from] Grassy Terrain\n|-heal|p1a: Rillaboom|62\/100|[from] item: Leftovers\n|upkeep\n|turn|40\n|c|\u2606idekmane|youre bad\n|c|\u2606idekmane|your teams bad\n|c|\u2606idekmane|u alex\n|c|\u2606idekmane|im keemstar\n|-message|idekmane forfeited.\n|\n|win|Shinjou Akane\n|raw|Shinjou Akane's rating: 1544 &rarr; <strong>1564<\/strong><br \/>(+20 for winning)\n|raw|idekmane's rating: 1537 &rarr; <strong>1517<\/strong><br \/>(-20 for losing)\n|l|\u2606idekmane\n","uploadtime":1665689883,"views":4,"p1id":"shinjouakane","p2id":"idekmane","formatid":"gen8ou","rating":1517,"private":0,"password":null}