{"id":"gen8anythinggoes-1678162598","p1":"aglt5tx ja","p2":"yokobaby","format":"gen8anythinggoes","log":"|raw|<div class=\"broadcast-blue\"><strong>This battle is required to be public due to a player having a name starting with 'aglt5tx'.<\/div>\n|j|\u2606aglt5tx ja\n|j|\u2606yokobaby\n|t:|1664970500\n|gametype|singles\n|player|p1|aglt5tx ja|iris-gen5bw2|1734\n|player|p2|yokobaby|cynthia-masters|1916\n|teamsize|p1|6\n|teamsize|p2|6\n|gen|8\n|tier|[Gen 8] Anything Goes\n|rated|\n|rule|HP Percentage Mod: HP is shown in percentages\n|rule|Endless Battle Clause: Forcing endless battles is banned\n|clearpoke\n|poke|p1|Slurpuff, M|\n|poke|p1|Landorus-Therian, M|\n|poke|p1|Kyogre|\n|poke|p1|Necrozma-Dusk-Mane|\n|poke|p1|Yveltal|\n|poke|p1|Calyrex-Shadow|\n|poke|p2|Kyogre|\n|poke|p2|Ditto|\n|poke|p2|Eternatus|\n|poke|p2|Zacian-*|\n|poke|p2|Yveltal|\n|poke|p2|Necrozma-Dusk-Mane|\n|teampreview\n|inactive|Battle timer is ON: inactive players will automatically lose when time's up. (requested by aglt5tx ja)\n|\n|t:|1664970523\n|start\n|switch|p1a: Slurpuff|Slurpuff, M|100\/100\n|switch|p2a: Yveltal|Yveltal|100\/100\n|-ability|p2a: Yveltal|Dark Aura\n|turn|1\n|\n|t:|1664970528\n|move|p1a: Slurpuff|Magic Coat|p1a: Slurpuff\n|-singleturn|p1a: Slurpuff|move: Magic Coat\n|move|p2a: Yveltal|U-turn|p1a: Slurpuff\n|-resisted|p1a: Slurpuff\n|-damage|p1a: Slurpuff|82\/100\n|\n|t:|1664970530\n|switch|p2a: Zacian|Zacian-Crowned|100\/100|[from]move: U-turn\n|-ability|p2a: Zacian|Intrepid Sword|boost\n|-boost|p2a: Zacian|atk|1\n|\n|upkeep\n|turn|2\n|j| Buck is stallish\n|\n|t:|1664970538\n|switch|p1a: Landorus|Landorus-Therian, M|100\/100\n|-ability|p1a: Landorus|Intimidate|boost\n|-unboost|p2a: Zacian|atk|1\n|move|p2a: Zacian|Behemoth Blade|p1a: Landorus\n|-damage|p1a: Landorus|20\/100\n|\n|upkeep\n|turn|3\n|j| AGLT5TX agmmys\n|\n|t:|1664970548\n|move|p2a: Zacian|Behemoth Blade|p1a: Landorus\n|-damage|p1a: Landorus|0 fnt\n|faint|p1a: Landorus\n|\n|upkeep\n|\n|t:|1664970564\n|switch|p1a: Calyrex|Calyrex-Shadow|100\/100\n|-ability|p1a: Calyrex|As One\n|-ability|p1a: Calyrex|Unnerve\n|turn|4\n|\n|t:|1664970566\n|switch|p1a: Slurpuff|Slurpuff, M|82\/100\n|switch|p2a: Yveltal|Yveltal|100\/100\n|-ability|p2a: Yveltal|Dark Aura\n|\n|upkeep\n|turn|5\n|\n|t:|1664970570\n|move|p1a: Slurpuff|Sticky Web|p2a: Yveltal\n|-sidestart|p2: yokobaby|move: Sticky Web\n|move|p2a: Yveltal|Defog|p1a: Slurpuff\n|-unboost|p1a: Slurpuff|evasion|1\n|-sideend|p2: yokobaby|Sticky Web|[from] move: Defog|[of] p2a: Yveltal\n|\n|upkeep\n|turn|6\n|\n|t:|1664970573\n|move|p1a: Slurpuff|Yawn|p2a: Yveltal\n|-start|p2a: Yveltal|move: Yawn|[of] p1a: Slurpuff\n|move|p2a: Yveltal|U-turn|p1a: Slurpuff\n|-resisted|p1a: Slurpuff\n|-crit|p1a: Slurpuff\n|-damage|p1a: Slurpuff|58\/100\n|\n|t:|1664970576\n|switch|p2a: Zacian|Zacian-Crowned|100\/100|[from]move: U-turn\n|-ability|p2a: Zacian|Intrepid Sword|boost\n|-boost|p2a: Zacian|atk|1\n|\n|upkeep\n|turn|7\n|\n|t:|1664970582\n|move|p2a: Zacian|Behemoth Blade|p1a: Slurpuff\n|-supereffective|p1a: Slurpuff\n|-damage|p1a: Slurpuff|0 fnt\n|faint|p1a: Slurpuff\n|\n|upkeep\n|\n|t:|1664970585\n|switch|p1a: Calyrex|Calyrex-Shadow|100\/100\n|-ability|p1a: Calyrex|As One\n|-ability|p1a: Calyrex|Unnerve\n|turn|8\n|\n|t:|1664970590\n|switch|p1a: Kyogre|Kyogre|100\/100\n|-weather|RainDance|[from] ability: Drizzle|[of] p1a: Kyogre\n|switch|p2a: Yveltal|Yveltal|100\/100\n|-ability|p2a: Yveltal|Dark Aura\n|\n|-weather|RainDance|[upkeep]\n|upkeep\n|turn|9\n|\n|t:|1664970593\n|switch|p2a: Eternatus|Eternatus|100\/100\n|-ability|p2a: Eternatus|Pressure\n|move|p1a: Kyogre|Water Spout|p2a: Eternatus\n|-resisted|p2a: Eternatus\n|-damage|p2a: Eternatus|38\/100\n|\n|-weather|RainDance|[upkeep]\n|upkeep\n|turn|10\n|\n|t:|1664970601\n|switch|p1a: Necrozma|Necrozma-Dusk-Mane|100\/100\n|move|p2a: Eternatus|Recover|p2a: Eternatus\n|-heal|p2a: Eternatus|88\/100\n|\n|-weather|RainDance|[upkeep]\n|upkeep\n|turn|11\n|\n|t:|1664970605\n|switch|p2a: Kyogre|Kyogre|100\/100\n|move|p1a: Necrozma|Dragon Dance|p1a: Necrozma\n|-boost|p1a: Necrozma|atk|1\n|-boost|p1a: Necrozma|spe|1\n|\n|-weather|RainDance|[upkeep]\n|upkeep\n|turn|12\n|\n|t:|1664970611\n|-start|p2a: Kyogre|Dynamax|\n|-heal|p2a: Kyogre|100\/100|[silent]\n|move|p1a: Necrozma|Earthquake|p2a: Kyogre\n|-damage|p2a: Kyogre|75\/100\n|-damage|p1a: Necrozma|91\/100|[from] item: Life Orb\n|move|p2a: Kyogre|Max Geyser|p1a: Necrozma\n|-damage|p1a: Necrozma|0 fnt\n|faint|p1a: Necrozma\n|\n|-weather|none\n|-heal|p2a: Kyogre|78\/100|[from] item: Leftovers\n|upkeep\n|\n|t:|1664970618\n|switch|p1a: Kyogre|Kyogre|100\/100\n|-weather|RainDance|[from] ability: Drizzle|[of] p1a: Kyogre\n|turn|13\n|\n|t:|1664970620\n|move|p1a: Kyogre|Thunder|p2a: Kyogre\n|-supereffective|p2a: Kyogre\n|-damage|p2a: Kyogre|35\/100\n|move|p2a: Kyogre|Max Lightning|p1a: Kyogre\n|-supereffective|p1a: Kyogre\n|-damage|p1a: Kyogre|28\/100\n|-fieldstart|move: Electric Terrain\n|\n|-weather|RainDance|[upkeep]\n|-heal|p2a: Kyogre|38\/100|[from] item: Leftovers\n|upkeep\n|turn|14\n|\n|t:|1664970631\n|move|p1a: Kyogre|Thunder|p2a: Kyogre\n|-supereffective|p2a: Kyogre\n|-damage|p2a: Kyogre|0 fnt\n|faint|p2a: Kyogre\n|\n|-weather|RainDance|[upkeep]\n|upkeep\n|\n|t:|1664970634\n|switch|p2a: Zacian|Zacian-Crowned|100\/100\n|-ability|p2a: Zacian|Intrepid Sword|boost\n|-boost|p2a: Zacian|atk|1\n|turn|15\n|\n|t:|1664970650\n|move|p2a: Zacian|Behemoth Blade|p1a: Kyogre\n|-resisted|p1a: Kyogre\n|-damage|p1a: Kyogre|0 fnt\n|faint|p1a: Kyogre\n|\n|-weather|RainDance|[upkeep]\n|upkeep\n|\n|t:|1664970654\n|switch|p1a: Calyrex|Calyrex-Shadow|100\/100\n|-ability|p1a: Calyrex|As One\n|-ability|p1a: Calyrex|Unnerve\n|turn|16\n|\n|t:|1664970661\n|switch|p2a: Yveltal|Yveltal|100\/100\n|-ability|p2a: Yveltal|Dark Aura\n|move|p1a: Calyrex|Nasty Plot|p1a: Calyrex\n|-boost|p1a: Calyrex|spa|2\n|\n|-weather|RainDance|[upkeep]\n|upkeep\n|turn|17\n|\n|t:|1664970665\n|move|p1a: Calyrex|Baton Pass|p1a: Calyrex\n|\n|t:|1664970667\n|switch|p1a: Yveltal|Yveltal|100\/100|[from]move: Baton Pass\n|-ability|p1a: Yveltal|Dark Aura\n|move|p2a: Yveltal|U-turn|p1a: Yveltal\n|-damage|p1a: Yveltal|79\/100\n|\n|t:|1664970669\n|switch|p2a: Zacian|Zacian-Crowned|100\/100|[from]move: U-turn\n|-ability|p2a: Zacian|Intrepid Sword|boost\n|-boost|p2a: Zacian|atk|1\n|\n|-weather|none\n|-fieldend|move: Electric Terrain\n|upkeep\n|turn|18\n|\n|t:|1664970681\n|move|p1a: Yveltal|Sucker Punch|p2a: Zacian\n|-resisted|p2a: Zacian\n|-damage|p2a: Zacian|76\/100\n|-damage|p1a: Yveltal|69\/100|[from] item: Life Orb\n|move|p2a: Zacian|Behemoth Blade|p1a: Yveltal\n|-damage|p1a: Yveltal|0 fnt\n|faint|p1a: Yveltal\n|\n|upkeep\n|\n|t:|1664970685\n|switch|p1a: Calyrex|Calyrex-Shadow|100\/100\n|-ability|p1a: Calyrex|As One\n|-ability|p1a: Calyrex|Unnerve\n|turn|19\n|\n|t:|1664970688\n|move|p1a: Calyrex|Nasty Plot|p1a: Calyrex\n|-boost|p1a: Calyrex|spa|2\n|move|p2a: Zacian|Behemoth Blade|p1a: Calyrex\n|-enditem|p1a: Calyrex|Focus Sash\n|-damage|p1a: Calyrex|1\/100\n|\n|upkeep\n|turn|20\n|\n|t:|1664970697\n|move|p1a: Calyrex|Astral Barrage|p2a: Zacian\n|-damage|p2a: Zacian|0 fnt\n|faint|p2a: Zacian\n|-ability|p1a: Calyrex|Grim Neigh|boost\n|-boost|p1a: Calyrex|spa|1\n|\n|upkeep\n|\n|t:|1664970699\n|switch|p2a: Ditto|Ditto|100\/100\n|-transform|p2a: Ditto|p1a: Calyrex|[from] ability: Imposter\n|turn|21\n|c|\u2606aglt5tx ja|gg\n|c|\u2606yokobaby|gg\n|-message|aglt5tx ja forfeited.\n|\n|win|yokobaby\n|raw|aglt5tx ja's rating: 1734 &rarr; <strong>1724<\/strong><br \/>(-10 for losing)\n|raw|yokobaby's rating: 1916 &rarr; <strong>1926<\/strong><br \/>(+10 for winning)\n|l|\u2606aglt5tx ja\n|c|\u2606yokobaby|agmmys\n|l| Buck is stallish\n|c|\u2606yokobaby|\u6211\u6253\u7684\u5e05\u5417\n|c|\u2606yokobaby|\u7406\u6211\n||Ladder isn't responding, score probably updated but might not have (Request timeout).\n|l| AGLT5TX agmmys\n|j| Pok3m0n_123\n|l| Pok3m0n_123\n","uploadtime":1664973392,"views":14,"p1id":"aglt5txja","p2id":"yokobaby","formatid":"gen8anythinggoes","rating":1724,"private":0,"password":null}