{"id":"gen8ou-1685194175","p1":"Not Sarcasm","p2":"minimax_ai","format":"gen8ou","log":"|html|<div class=\"broadcast-blue\"><strong>[Gen 8] OU is currently suspecting Melmetal! For information on how to participate check out the <a href=\"https:\/\/www.smogon.com\/forums\/threads\/np-ss-ou-suspect-process-round-12-monster-mash.3709234\/\">suspect thread<\/a>.<\/strong><\/div>\n|j|\u2606Not Sarcasm\n|j|\u203dminimax_ai\n|t:|1665706313\n|gametype|singles\n|player|p1|Not Sarcasm|102|1715\n|player|p2|minimax_ai|101|1685\n|teamsize|p1|6\n|teamsize|p2|6\n|gen|8\n|tier|[Gen 8] OU\n|rated|\n|rule|Sleep Clause Mod: Limit one foe put to sleep\n|rule|Species Clause: Limit one of each Pok\u00e9mon\n|rule|OHKO Clause: OHKO moves are banned\n|rule|Evasion Items Clause: Evasion items are banned\n|rule|Evasion Moves Clause: Evasion moves are banned\n|rule|Endless Battle Clause: Forcing endless battles is banned\n|rule|HP Percentage Mod: HP is shown in percentages\n|rule|Dynamax Clause: You cannot dynamax\n|clearpoke\n|poke|p1|Rillaboom, M|\n|poke|p1|Tornadus-Therian, M|\n|poke|p1|Blaziken, M|\n|poke|p1|Melmetal|\n|poke|p1|Garchomp, F|\n|poke|p1|Slowbro, M|\n|poke|p2|Rotom-Wash|\n|poke|p2|Weavile, M|\n|poke|p2|Landorus-Therian, M|\n|poke|p2|Heatran, M|\n|poke|p2|Tangrowth, F|\n|poke|p2|Melmetal|\n|teampreview\n|inactive|Battle timer is ON: inactive players will automatically lose when time's up. (requested by Not Sarcasm)\n|inactive|minimax_ai also wants the timer to be on.\n|\n|t:|1665706318\n|start\n|switch|p1a: Tornadus|Tornadus-Therian, M|100\/100\n|switch|p2a: Landorus|Landorus-Therian, M|100\/100\n|-ability|p2a: Landorus|Intimidate|boost\n|-unboost|p1a: Tornadus|atk|1\n|turn|1\n|\n|t:|1665706324\n|move|p1a: Tornadus|Knock Off|p2a: Landorus\n|-damage|p2a: Landorus|87\/100\n|-enditem|p2a: Landorus|Leftovers|[from] move: Knock Off|[of] p1a: Tornadus\n|move|p2a: Landorus|Earthquake|p1a: Tornadus\n|-immune|p1a: Tornadus\n|\n|upkeep\n|turn|2\n|\n|t:|1665706330\n|move|p1a: Tornadus|U-turn|p2a: Landorus\n|-resisted|p2a: Landorus\n|-damage|p2a: Landorus|82\/100\n|\n|t:|1665706332\n|switch|p1a: Slowbro|Slowbro, M|100\/100|[from]move: U-turn\n|move|p2a: Landorus|Earthquake|p1a: Slowbro\n|-damage|p1a: Slowbro|73\/100\n|\n|upkeep\n|turn|3\n|\n|t:|1665706339\n|switch|p2a: Rotom|Rotom-Wash|100\/100\n|move|p1a: Slowbro|Future Sight|p2a: Rotom\n|-start|p1a: Slowbro|move: Future Sight\n|\n|upkeep\n|turn|4\n|\n|t:|1665706343\n|move|p2a: Rotom|Hydro Pump|p1a: Slowbro\n|-resisted|p1a: Slowbro\n|-damage|p1a: Slowbro|50\/100\n|move|p1a: Slowbro|Teleport|p1a: Slowbro\n|j| Partynparadise\n|\n|t:|1665706349\n|switch|p1a: Rillaboom|Rillaboom, M|100\/100|[from]move: Teleport\n|-fieldstart|move: Grassy Terrain|[from] ability: Grassy Surge|[of] p1a: Rillaboom\n|\n|upkeep\n|turn|5\n|\n|t:|1665706357\n|switch|p2a: Melmetal|Melmetal|100\/100\n|move|p1a: Rillaboom|Knock Off|p2a: Melmetal\n|-damage|p2a: Melmetal|81\/100\n|-enditem|p2a: Melmetal|Assault Vest|[from] move: Knock Off|[of] p1a: Rillaboom\n|\n|-end|p2a: Melmetal|move: Future Sight\n|-resisted|p2a: Melmetal\n|-damage|p2a: Melmetal|66\/100\n|-heal|p2a: Melmetal|72\/100|[from] Grassy Terrain\n|upkeep\n|turn|6\n|\n|t:|1665706368\n|switch|p1a: Slowbro|Slowbro, M|83\/100\n|move|p2a: Melmetal|Thunder Punch|p1a: Slowbro\n|-supereffective|p1a: Slowbro\n|-damage|p1a: Slowbro|46\/100\n|-damage|p2a: Melmetal|55\/100|[from] item: Rocky Helmet|[of] p1a: Slowbro\n|\n|-heal|p2a: Melmetal|61\/100|[from] Grassy Terrain\n|-heal|p1a: Slowbro|52\/100|[from] Grassy Terrain\n|upkeep\n|turn|7\n|\n|t:|1665706377\n|move|p2a: Melmetal|Thunder Punch|p1a: Slowbro\n|-supereffective|p1a: Slowbro\n|-damage|p1a: Slowbro|12\/100\n|-damage|p2a: Melmetal|45\/100|[from] item: Rocky Helmet|[of] p1a: Slowbro\n|move|p1a: Slowbro|Teleport|p1a: Slowbro\n|\n|t:|1665706381\n|switch|p1a: Melmetal|Melmetal|100\/100|[from]move: Teleport\n|\n|-heal|p2a: Melmetal|51\/100|[from] Grassy Terrain\n|upkeep\n|turn|8\n|\n|t:|1665706386\n|switch|p1a: Slowbro|Slowbro, M|45\/100\n|switch|p2a: Rotom|Rotom-Wash|100\/100\n|\n|-heal|p1a: Slowbro|52\/100|[from] Grassy Terrain\n|-fieldend|move: Grassy Terrain\n|upkeep\n|turn|9\n|\n|t:|1665706393\n|switch|p1a: Garchomp|Garchomp, F|100\/100\n|move|p2a: Rotom|Thunderbolt|p1a: Garchomp\n|-immune|p1a: Garchomp\n|\n|upkeep\n|turn|10\n|j| fork gaming\n|\n|t:|1665706397\n|switch|p2a: Landorus|Landorus-Therian, M|82\/100\n|-ability|p2a: Landorus|Intimidate|boost\n|-unboost|p1a: Garchomp|atk|1\n|move|p1a: Garchomp|Protect||[still]\n|-fail|p1a: Garchomp\n|\n|upkeep\n|turn|11\n|\n|t:|1665706403\n|move|p1a: Garchomp|Toxic|p2a: Landorus\n|-status|p2a: Landorus|tox\n|move|p2a: Landorus|Earthquake|p1a: Garchomp\n|-damage|p1a: Garchomp|61\/100\n|\n|-heal|p1a: Garchomp|67\/100|[from] item: Leftovers\n|-damage|p2a: Landorus|76\/100 tox|[from] psn\n|upkeep\n|turn|12\n|\n|t:|1665706410\n|move|p1a: Garchomp|Protect|p1a: Garchomp\n|-singleturn|p1a: Garchomp|Protect\n|move|p2a: Landorus|Earthquake|p1a: Garchomp\n|-activate|p1a: Garchomp|move: Protect\n|\n|-heal|p1a: Garchomp|73\/100|[from] item: Leftovers\n|-damage|p2a: Landorus|64\/100 tox|[from] psn\n|upkeep\n|turn|13\n|\n|t:|1665706418\n|switch|p1a: Slowbro|Slowbro, M|85\/100\n|move|p2a: Landorus|Earthquake|p1a: Slowbro\n|-damage|p1a: Slowbro|55\/100\n|\n|-damage|p2a: Landorus|46\/100 tox|[from] psn\n|upkeep\n|turn|14\n|\n|t:|1665706424\n|switch|p2a: Rotom|Rotom-Wash|100\/100\n|move|p1a: Slowbro|Teleport|p1a: Slowbro\n|\n|t:|1665706428\n|switch|p1a: Garchomp|Garchomp, F|73\/100|[from]move: Teleport\n|\n|-heal|p1a: Garchomp|80\/100|[from] item: Leftovers\n|upkeep\n|turn|15\n|\n|t:|1665706433\n|move|p1a: Garchomp|Protect|p1a: Garchomp\n|-singleturn|p1a: Garchomp|Protect\n|move|p2a: Rotom|Hydro Pump|p1a: Garchomp\n|-activate|p1a: Garchomp|move: Protect\n|\n|-heal|p1a: Garchomp|86\/100|[from] item: Leftovers\n|upkeep\n|turn|16\n|\n|t:|1665706439\n|move|p2a: Rotom|Hydro Pump|p1a: Garchomp\n|-damage|p1a: Garchomp|58\/100\n|move|p1a: Garchomp|Toxic|p2a: Rotom\n|-status|p2a: Rotom|tox\n|\n|-heal|p1a: Garchomp|64\/100|[from] item: Leftovers\n|-damage|p2a: Rotom|94\/100 tox|[from] psn\n|upkeep\n|turn|17\n|\n|t:|1665706446\n|move|p2a: Rotom|Hydro Pump|p1a: Garchomp\n|-crit|p1a: Garchomp\n|-damage|p1a: Garchomp|20\/100\n|move|p1a: Garchomp|Stealth Rock|p2a: Rotom\n|-sidestart|p2: minimax_ai|move: Stealth Rock\n|\n|-heal|p2a: Rotom|100\/100 tox|[from] item: Leftovers\n|-heal|p1a: Garchomp|26\/100|[from] item: Leftovers\n|-damage|p2a: Rotom|88\/100 tox|[from] psn\n|upkeep\n|turn|18\n|\n|t:|1665706455\n|move|p1a: Garchomp|Protect|p1a: Garchomp\n|-singleturn|p1a: Garchomp|Protect\n|move|p2a: Rotom|Hydro Pump|p1a: Garchomp\n|-activate|p1a: Garchomp|move: Protect\n|\n|-heal|p2a: Rotom|94\/100 tox|[from] item: Leftovers\n|-heal|p1a: Garchomp|32\/100|[from] item: Leftovers\n|-damage|p2a: Rotom|75\/100 tox|[from] psn\n|upkeep\n|turn|19\n|\n|t:|1665706465\n|switch|p1a: Slowbro|Slowbro, M|88\/100\n|move|p2a: Rotom|Hydro Pump|p1a: Slowbro|[miss]\n|-miss|p2a: Rotom|p1a: Slowbro\n|\n|-heal|p2a: Rotom|82\/100 tox|[from] item: Leftovers\n|-damage|p2a: Rotom|57\/100 tox|[from] psn\n|upkeep\n|turn|20\n|\n|t:|1665706472\n|switch|p1a: Garchomp|Garchomp, F|32\/100\n|move|p2a: Rotom|Hydro Pump|p1a: Garchomp\n|-damage|p1a: Garchomp|3\/100\n|\n|-heal|p2a: Rotom|63\/100 tox|[from] item: Leftovers\n|-heal|p1a: Garchomp|9\/100|[from] item: Leftovers\n|-damage|p2a: Rotom|32\/100 tox|[from] psn\n|upkeep\n|turn|21\n|\n|t:|1665706481\n|move|p1a: Garchomp|Protect|p1a: Garchomp\n|-singleturn|p1a: Garchomp|Protect\n|move|p2a: Rotom|Hydro Pump|p1a: Garchomp\n|-activate|p1a: Garchomp|move: Protect\n|\n|-heal|p2a: Rotom|38\/100 tox|[from] item: Leftovers\n|-heal|p1a: Garchomp|15\/100|[from] item: Leftovers\n|-damage|p2a: Rotom|0 fnt|[from] psn\n|faint|p2a: Rotom\n|upkeep\n|\n|t:|1665706481\n|switch|p2a: Landorus|Landorus-Therian, M|46\/100 tox\n|-damage|p2a: Landorus|34\/100 tox|[from] Stealth Rock\n|-ability|p2a: Landorus|Intimidate|boost\n|-unboost|p1a: Garchomp|atk|1\n|turn|22\n|\n|t:|1665706494\n|switch|p1a: Tornadus|Tornadus-Therian, M|100\/100\n|move|p2a: Landorus|Earthquake|p1a: Tornadus\n|-immune|p1a: Tornadus\n|\n|-damage|p2a: Landorus|28\/100 tox|[from] psn\n|upkeep\n|turn|23\n|\n|t:|1665706500\n|move|p1a: Tornadus|Knock Off|p2a: Landorus\n|-damage|p2a: Landorus|15\/100 tox\n|move|p2a: Landorus|Toxic|p1a: Tornadus\n|-status|p1a: Tornadus|tox\n|\n|-damage|p1a: Tornadus|94\/100 tox|[from] psn\n|-damage|p2a: Landorus|3\/100 tox|[from] psn\n|upkeep\n|turn|24\n|\n|t:|1665706506\n|move|p1a: Tornadus|Knock Off|p2a: Landorus\n|-damage|p2a: Landorus|0 fnt\n|faint|p2a: Landorus\n|\n|-damage|p1a: Tornadus|82\/100 tox|[from] psn\n|upkeep\n|\n|t:|1665706506\n|switch|p2a: Heatran|Heatran, M|100\/100\n|-damage|p2a: Heatran|88\/100|[from] Stealth Rock\n|-item|p2a: Heatran|Air Balloon\n|turn|25\n|\n|t:|1665706515\n|move|p1a: Tornadus|Knock Off|p2a: Heatran\n|-damage|p2a: Heatran|67\/100\n|-enditem|p2a: Heatran|Air Balloon\n|move|p2a: Heatran|Earth Power|p1a: Tornadus\n|-immune|p1a: Tornadus\n|\n|-damage|p1a: Tornadus|64\/100 tox|[from] psn\n|upkeep\n|turn|26\n|c|\u2606Not Sarcasm|bro\n|c|\u2606Not Sarcasm|ground\n|c|\u2606Not Sarcasm|cannot hit flying\n|c|\u2606Not Sarcasm|stop\n|\n|t:|1665706541\n|move|p1a: Tornadus|U-turn|p2a: Heatran\n|-resisted|p2a: Heatran\n|-damage|p2a: Heatran|64\/100\n|\n|t:|1665706544\n|switch|p1a: Garchomp|Garchomp, F|15\/100|[from]move: U-turn\n|move|p2a: Heatran|Earth Power|p1a: Garchomp\n|-damage|p1a: Garchomp|0 fnt\n|faint|p1a: Garchomp\n|\n|upkeep\n|\n|t:|1665706551\n|switch|p1a: Slowbro|Slowbro, M|100\/100\n|turn|27\n|\n|t:|1665706554\n|move|p2a: Heatran|Stealth Rock|p1a: Slowbro\n|-sidestart|p1: Not Sarcasm|move: Stealth Rock\n|move|p1a: Slowbro|Scald|p2a: Heatran\n|-supereffective|p2a: Heatran\n|-damage|p2a: Heatran|13\/100\n|\n|upkeep\n|turn|28\n|\n|t:|1665706559\n|move|p2a: Heatran|Earth Power|p1a: Slowbro\n|-damage|p1a: Slowbro|66\/100\n|move|p1a: Slowbro|Scald|p2a: Heatran\n|-supereffective|p2a: Heatran\n|-damage|p2a: Heatran|0 fnt\n|faint|p2a: Heatran\n|\n|upkeep\n|\n|t:|1665706559\n|switch|p2a: Melmetal|Melmetal|51\/100\n|-damage|p2a: Melmetal|45\/100|[from] Stealth Rock\n|turn|29\n|\n|t:|1665706568\n|move|p2a: Melmetal|Double Iron Bash|p1a: Slowbro\n|-resisted|p1a: Slowbro\n|-damage|p1a: Slowbro|55\/100\n|-damage|p2a: Melmetal|28\/100|[from] item: Rocky Helmet|[of] p1a: Slowbro\n|-resisted|p1a: Slowbro\n|-damage|p1a: Slowbro|43\/100\n|-damage|p2a: Melmetal|12\/100|[from] item: Rocky Helmet|[of] p1a: Slowbro\n|-hitcount|p1a: Slowbro|2\n|cant|p1a: Slowbro|flinch\n|\n|upkeep\n|turn|30\n|\n|t:|1665706576\n|move|p2a: Melmetal|Double Iron Bash|p1a: Slowbro\n|-resisted|p1a: Slowbro\n|-damage|p1a: Slowbro|31\/100\n|-damage|p2a: Melmetal|0 fnt|[from] item: Rocky Helmet|[of] p1a: Slowbro\n|faint|p2a: Melmetal\n|-hitcount|p1a: Slowbro|1\n|cant|p1a: Slowbro|flinch\n|\n|upkeep\n|\n|t:|1665706576\n|switch|p2a: Weavile|Weavile, M|100\/100\n|-damage|p2a: Weavile|76\/100|[from] Stealth Rock\n|-ability|p2a: Weavile|Pressure\n|turn|31\n|\n|t:|1665706586\n|move|p2a: Weavile|Knock Off|p1a: Slowbro\n|-supereffective|p1a: Slowbro\n|-damage|p1a: Slowbro|0 fnt\n|-damage|p2a: Weavile|59\/100|[from] item: Rocky Helmet|[of] p1a: Slowbro\n|-enditem|p1a: Slowbro|Rocky Helmet|[from] move: Knock Off|[of] p2a: Weavile\n|faint|p1a: Slowbro\n|\n|upkeep\n|\n|t:|1665706592\n|switch|p1a: Blaziken|Blaziken, M|100\/100\n|-damage|p1a: Blaziken|88\/100|[from] Stealth Rock\n|turn|32\n|\n|t:|1665706596\n|move|p2a: Weavile|Knock Off|p1a: Blaziken\n|-resisted|p1a: Blaziken\n|-damage|p1a: Blaziken|39\/100\n|-enditem|p1a: Blaziken|Leftovers|[from] move: Knock Off|[of] p2a: Weavile\n|move|p1a: Blaziken|Swords Dance|p1a: Blaziken\n|-boost|p1a: Blaziken|atk|2\n|\n|-ability|p1a: Blaziken|Speed Boost|boost\n|-boost|p1a: Blaziken|spe|1\n|upkeep\n|turn|33\n|\n|t:|1665706603\n|move|p1a: Blaziken|Protect|p1a: Blaziken\n|-singleturn|p1a: Blaziken|Protect\n|move|p2a: Weavile|Knock Off|p1a: Blaziken\n|-activate|p1a: Blaziken|move: Protect\n|\n|-ability|p1a: Blaziken|Speed Boost|boost\n|-boost|p1a: Blaziken|spe|1\n|upkeep\n|turn|34\n|\n|t:|1665706609\n|move|p1a: Blaziken|Flare Blitz|p2a: Weavile\n|-supereffective|p2a: Weavile\n|-damage|p2a: Weavile|0 fnt\n|faint|p2a: Weavile\n|-damage|p1a: Blaziken|23\/100|[from] Recoil\n|\n|-ability|p1a: Blaziken|Speed Boost|boost\n|-boost|p1a: Blaziken|spe|1\n|upkeep\n|\n|t:|1665706609\n|switch|p2a: Tangrowth|Tangrowth, F|100\/100\n|-damage|p2a: Tangrowth|88\/100|[from] Stealth Rock\n|turn|35\n|\n|t:|1665706618\n|move|p1a: Blaziken|Flare Blitz|p2a: Tangrowth\n|-supereffective|p2a: Tangrowth\n|-damage|p2a: Tangrowth|0 fnt\n|-damage|p1a: Blaziken|6\/100|[from] item: Rocky Helmet|[of] p2a: Tangrowth\n|faint|p2a: Tangrowth\n|-damage|p1a: Blaziken|0 fnt|[from] Recoil\n|faint|p1a: Blaziken\n|\n|win|Not Sarcasm\n|raw|Not Sarcasm's rating: 1715 &rarr; <strong>1733<\/strong><br \/>(+18 for winning)\n|raw|minimax_ai's rating: 1685 &rarr; <strong>1667<\/strong><br \/>(-18 for losing)\n","uploadtime":1665706620,"views":8,"p1id":"notsarcasm","p2id":"minimaxai","formatid":"gen8ou","rating":1667,"private":0,"password":null}