{"id":"gen8ou-1671701011","p1":"2nd_Xray972","p2":"machugen","format":"gen8ou","log":"|j|\u26062nd_Xray972\n|j|\u2606machugen\n|t:|1664294343\n|gametype|singles\n|player|p1|2nd_Xray972|hoopster|1723\n|player|p2|machugen|byron|1742\n|teamsize|p1|6\n|teamsize|p2|6\n|gen|8\n|tier|[Gen 8] OU\n|rated|\n|rule|Sleep Clause Mod: Limit one foe put to sleep\n|rule|Species Clause: Limit one of each Pok\u00e9mon\n|rule|OHKO Clause: OHKO moves are banned\n|rule|Evasion Items Clause: Evasion items are banned\n|rule|Evasion Moves Clause: Evasion moves are banned\n|rule|Endless Battle Clause: Forcing endless battles is banned\n|rule|HP Percentage Mod: HP is shown in percentages\n|rule|Dynamax Clause: You cannot dynamax\n|clearpoke\n|poke|p1|Landorus-Therian, M|\n|poke|p1|Zapdos|\n|poke|p1|Slowbro, F|\n|poke|p1|Volcanion|\n|poke|p1|Tyranitar, M|\n|poke|p1|Excadrill, M|\n|poke|p2|Nihilego|\n|poke|p2|Garchomp, F|\n|poke|p2|Weavile, F|\n|poke|p2|Kartana|\n|poke|p2|Tornadus-Therian, M|\n|poke|p2|Corviknight, M|\n|teampreview\n|inactive|Battle timer is ON: inactive players will automatically lose when time's up. (requested by machugen)\n|inactive|2nd_Xray972 has 120 seconds left.\n|\n|t:|1664294398\n|start\n|switch|p1a: Volcanion|Volcanion|100\/100\n|switch|p2a: Tornadus|Tornadus-Therian, M|100\/100\n|turn|1\n|j| Jongruenwald\n|\n|t:|1664294419\n|switch|p1a: Slowbro|Slowbro, F|100\/100\n|move|p2a: Tornadus|Knock Off|p1a: Slowbro\n|-supereffective|p1a: Slowbro\n|-damage|p1a: Slowbro|78\/100\n|-enditem|p1a: Slowbro|Heavy-Duty Boots|[from] move: Knock Off|[of] p2a: Tornadus\n|\n|upkeep\n|turn|2\n|\n|t:|1664294427\n|move|p2a: Tornadus|U-turn|p1a: Slowbro\n|-supereffective|p1a: Slowbro\n|-damage|p1a: Slowbro|61\/100\n|\n|t:|1664294429\n|switch|p2a: Weavile|Weavile, F|100\/100|[from]move: U-turn\n|-ability|p2a: Weavile|Pressure\n|move|p1a: Slowbro|Teleport|p1a: Slowbro\n|\n|t:|1664294434\n|switch|p1a: Volcanion|Volcanion|100\/100|[from]move: Teleport\n|\n|upkeep\n|turn|3\n|\n|t:|1664294437\n|switch|p2a: Tornadus|Tornadus-Therian, M|100\/100\n|move|p1a: Volcanion|Steam Eruption|p2a: Tornadus\n|-damage|p2a: Tornadus|37\/100\n|\n|upkeep\n|turn|4\n|\n|t:|1664294443\n|switch|p1a: Slowbro|Slowbro, F|95\/100\n|move|p2a: Tornadus|Knock Off|p1a: Slowbro\n|-supereffective|p1a: Slowbro\n|-damage|p1a: Slowbro|78\/100\n|\n|upkeep\n|turn|5\n|\n|t:|1664294446\n|move|p2a: Tornadus|U-turn|p1a: Slowbro\n|-supereffective|p1a: Slowbro\n|-damage|p1a: Slowbro|60\/100\n|\n|t:|1664294448\n|switch|p2a: Weavile|Weavile, F|100\/100|[from]move: U-turn\n|-ability|p2a: Weavile|Pressure\n|move|p1a: Slowbro|Teleport|p1a: Slowbro\n|\n|t:|1664294451\n|switch|p1a: Volcanion|Volcanion|100\/100|[from]move: Teleport\n|\n|upkeep\n|turn|6\n|\n|t:|1664294460\n|switch|p2a: Tornadus|Tornadus-Therian, M|70\/100\n|move|p1a: Volcanion|Steam Eruption|p2a: Tornadus\n|-damage|p2a: Tornadus|15\/100\n|-status|p2a: Tornadus|brn\n|\n|-damage|p2a: Tornadus|9\/100 brn|[from] brn\n|upkeep\n|turn|7\n|\n|t:|1664294471\n|move|p2a: Tornadus|U-turn|p1a: Volcanion\n|-resisted|p1a: Volcanion\n|-damage|p1a: Volcanion|97\/100\n|\n|t:|1664294474\n|switch|p2a: Garchomp|Garchomp, F|100\/100|[from]move: U-turn\n|move|p1a: Volcanion|Steam Eruption|p2a: Garchomp\n|-damage|p2a: Garchomp|4\/100\n|\n|-heal|p2a: Garchomp|10\/100|[from] item: Leftovers\n|upkeep\n|turn|8\n|\n|t:|1664294482\n|switch|p1a: Slowbro|Slowbro, F|93\/100\n|move|p2a: Garchomp|Swords Dance|p2a: Garchomp\n|-boost|p2a: Garchomp|atk|2\n|\n|-heal|p2a: Garchomp|16\/100|[from] item: Leftovers\n|upkeep\n|turn|9\n|\n|t:|1664294488\n|move|p2a: Garchomp|Earthquake|p1a: Slowbro\n|-damage|p1a: Slowbro|32\/100\n|move|p1a: Slowbro|Scald|p2a: Garchomp\n|-damage|p2a: Garchomp|0 fnt\n|faint|p2a: Garchomp\n|\n|upkeep\n|\n|t:|1664294493\n|switch|p2a: Nihilego|Nihilego|100\/100\n|turn|10\n|\n|t:|1664294497\n|switch|p1a: Tyranitar|Tyranitar, M|100\/100\n|-weather|Sandstorm|[from] ability: Sand Stream|[of] p1a: Tyranitar\n|move|p2a: Nihilego|Stealth Rock|p1a: Tyranitar\n|-sidestart|p1: 2nd_Xray972|move: Stealth Rock\n|\n|-weather|Sandstorm|[upkeep]\n|upkeep\n|turn|11\n|\n|t:|1664294502\n|switch|p2a: Tornadus|Tornadus-Therian, M|42\/100 brn\n|move|p1a: Tyranitar|Stealth Rock|p2a: Tornadus\n|-sidestart|p2: machugen|move: Stealth Rock\n|\n|-weather|Sandstorm|[upkeep]\n|-damage|p2a: Tornadus|36\/100 brn|[from] Sandstorm\n|-damage|p2a: Tornadus|30\/100 brn|[from] brn\n|upkeep\n|turn|12\n|\n|t:|1664294506\n|move|p2a: Tornadus|Knock Off|p1a: Tyranitar\n|-resisted|p1a: Tyranitar\n|-damage|p1a: Tyranitar|97\/100\n|-enditem|p1a: Tyranitar|Smooth Rock|[from] move: Knock Off|[of] p2a: Tornadus\n|move|p1a: Tyranitar|Rock Blast|p2a: Tornadus\n|-supereffective|p2a: Tornadus\n|-damage|p2a: Tornadus|5\/100 brn\n|-supereffective|p2a: Tornadus\n|-damage|p2a: Tornadus|0 fnt\n|faint|p2a: Tornadus\n|-hitcount|p2: Tornadus|2\n|\n|-weather|Sandstorm|[upkeep]\n|upkeep\n|\n|t:|1664294510\n|switch|p2a: Kartana|Kartana|100\/100\n|-damage|p2a: Kartana|94\/100|[from] Stealth Rock\n|turn|13\n|\n|t:|1664294521\n|move|p2a: Kartana|Knock Off|p1a: Tyranitar\n|-resisted|p1a: Tyranitar\n|-damage|p1a: Tyranitar|86\/100\n|move|p1a: Tyranitar|Thunder Wave|p2a: Kartana\n|-status|p2a: Kartana|par\n|\n|-weather|Sandstorm|[upkeep]\n|upkeep\n|turn|14\n|\n|t:|1664294530\n|move|p2a: Kartana|Knock Off|p1a: Tyranitar\n|-resisted|p1a: Tyranitar\n|-damage|p1a: Tyranitar|74\/100\n|move|p1a: Tyranitar|Earthquake|p2a: Kartana\n|-damage|p2a: Kartana|64\/100 par\n|\n|-weather|Sandstorm|[upkeep]\n|upkeep\n|turn|15\n|\n|t:|1664294534\n|switch|p2a: Corviknight|Corviknight, M|100\/100\n|-damage|p2a: Corviknight|88\/100|[from] Stealth Rock\n|-ability|p2a: Corviknight|Pressure\n|move|p1a: Tyranitar|Earthquake|p2a: Corviknight\n|-immune|p2a: Corviknight\n|\n|-weather|Sandstorm|[upkeep]\n|-heal|p2a: Corviknight|94\/100|[from] item: Leftovers\n|upkeep\n|turn|16\n|\n|t:|1664294538\n|switch|p1a: Zapdos|Zapdos|100\/100\n|move|p2a: Corviknight|U-turn|p1a: Zapdos\n|-resisted|p1a: Zapdos\n|-damage|p1a: Zapdos|94\/100\n|-status|p2a: Corviknight|par|[from] ability: Static|[of] p1a: Zapdos\n|\n|t:|1664294541\n|switch|p2a: Nihilego|Nihilego|100\/100|[from]move: U-turn\n|-damage|p2a: Nihilego|88\/100|[from] Stealth Rock\n|\n|-weather|Sandstorm|[upkeep]\n|-damage|p1a: Zapdos|88\/100|[from] Sandstorm\n|upkeep\n|turn|17\n|\n|t:|1664294563\n|switch|p1a: Landorus|Landorus-Therian, M|100\/100\n|-damage|p1a: Landorus|88\/100|[from] Stealth Rock\n|-ability|p1a: Landorus|Intimidate|boost\n|-unboost|p2a: Nihilego|atk|1\n|move|p2a: Nihilego|Meteor Beam||[still]\n|-prepare|p2a: Nihilego|Meteor Beam\n|-boost|p2a: Nihilego|spa|1\n|-enditem|p2a: Nihilego|Power Herb\n|-anim|p2a: Nihilego|Meteor Beam|p1a: Landorus\n|-damage|p1a: Landorus|0 fnt\n|faint|p1a: Landorus\n|-ability|p2a: Nihilego|Beast Boost|boost\n|-boost|p2a: Nihilego|spa|1\n|\n|-weather|none\n|upkeep\n|\n|t:|1664294566\n|switch|p1a: Tyranitar|Tyranitar, M|74\/100\n|-damage|p1a: Tyranitar|62\/100|[from] Stealth Rock\n|-weather|Sandstorm|[from] ability: Sand Stream|[of] p1a: Tyranitar\n|turn|18\n|\n|t:|1664294570\n|move|p2a: Nihilego|Grass Knot|p1a: Tyranitar\n|-supereffective|p1a: Tyranitar\n|-damage|p1a: Tyranitar|0 fnt\n|faint|p1a: Tyranitar\n|-ability|p2a: Nihilego|Beast Boost|boost\n|-boost|p2a: Nihilego|spa|1\n|\n|-weather|Sandstorm|[upkeep]\n|upkeep\n|\n|t:|1664294572\n|switch|p1a: Excadrill|Excadrill, M|100\/100\n|-damage|p1a: Excadrill|97\/100|[from] Stealth Rock\n|turn|19\n|\n|t:|1664294578\n|switch|p2a: Corviknight|Corviknight, M|94\/100 par\n|-damage|p2a: Corviknight|82\/100 par|[from] Stealth Rock\n|-ability|p2a: Corviknight|Pressure\n|move|p1a: Excadrill|Iron Head|p2a: Corviknight\n|-resisted|p2a: Corviknight\n|-damage|p2a: Corviknight|66\/100 par\n|\n|-weather|Sandstorm|[upkeep]\n|-heal|p1a: Excadrill|100\/100|[from] item: Leftovers\n|-heal|p2a: Corviknight|72\/100 par|[from] item: Leftovers\n|upkeep\n|turn|20\n|\n|t:|1664294580\n|move|p1a: Excadrill|Rapid Spin|p2a: Corviknight\n|-resisted|p2a: Corviknight\n|-damage|p2a: Corviknight|66\/100 par\n|-boost|p1a: Excadrill|spe|1\n|-sideend|p1: 2nd_Xray972|Stealth Rock|[from] move: Rapid Spin|[of] p1a: Excadrill\n|move|p2a: Corviknight|Body Press|p1a: Excadrill\n|-supereffective|p1a: Excadrill\n|-damage|p1a: Excadrill|36\/100\n|\n|-weather|Sandstorm|[upkeep]\n|-heal|p1a: Excadrill|42\/100|[from] item: Leftovers\n|-heal|p2a: Corviknight|72\/100 par|[from] item: Leftovers\n|upkeep\n|turn|21\n|\n|t:|1664294585\n|move|p1a: Excadrill|Iron Head|p2a: Corviknight\n|-resisted|p2a: Corviknight\n|-damage|p2a: Corviknight|58\/100 par\n|move|p2a: Corviknight|Body Press|p1a: Excadrill\n|-supereffective|p1a: Excadrill\n|-damage|p1a: Excadrill|0 fnt\n|faint|p1a: Excadrill\n|\n|-weather|Sandstorm|[upkeep]\n|-heal|p2a: Corviknight|64\/100 par|[from] item: Leftovers\n|upkeep\n|\n|t:|1664294588\n|switch|p1a: Zapdos|Zapdos|88\/100\n|turn|22\n|\n|t:|1664294594\n|move|p1a: Zapdos|Volt Switch|p2a: Corviknight\n|-supereffective|p2a: Corviknight\n|-damage|p2a: Corviknight|9\/100 par\n|\n|t:|1664294597\n|switch|p1a: Volcanion|Volcanion|97\/100|[from]move: Volt Switch\n|cant|p2a: Corviknight|par\n|\n|-weather|none\n|-heal|p2a: Corviknight|15\/100 par|[from] item: Leftovers\n|upkeep\n|turn|23\n|\n|t:|1664294601\n|move|p1a: Volcanion|Steam Eruption|p2a: Corviknight\n|-damage|p2a: Corviknight|0 fnt\n|faint|p2a: Corviknight\n|\n|upkeep\n|j| RazorForce21\n|\n|t:|1664294604\n|switch|p2a: Nihilego|Nihilego|88\/100\n|-damage|p2a: Nihilego|76\/100|[from] Stealth Rock\n|turn|24\n|\n|t:|1664294607\n|move|p2a: Nihilego|Power Gem|p1a: Volcanion\n|-supereffective|p1a: Volcanion\n|-damage|p1a: Volcanion|0 fnt\n|faint|p1a: Volcanion\n|-ability|p2a: Nihilego|Beast Boost|boost\n|-boost|p2a: Nihilego|spa|1\n|\n|upkeep\n|-message|2nd_Xray972 forfeited.\n|\n|win|machugen\n|raw|2nd_Xray972's rating: 1723 &rarr; <strong>1704<\/strong><br \/>(-19 for losing)\n|raw|machugen's rating: 1742 &rarr; <strong>1761<\/strong><br \/>(+19 for winning)\n|l|\u26062nd_Xray972\n","uploadtime":1664294619,"views":25,"p1id":"2ndxray972","p2id":"machugen","formatid":"gen8ou","rating":1704,"private":0,"password":null}