{"id":"gen8bdspou-1599221680","p1":"Stellar Flares","p2":"JoeBidem","format":"gen8bdspou","log":"|j|\u2606Stellar Flares\n|j|\u2606JoeBidem\n|inactive|Battle timer is ON: inactive players will automatically lose when time's up.\n|t:|1655586345\n|gametype|singles\n|player|p1|Stellar Flares|palmer|\n|player|p2|JoeBidem|brawly|\n|teamsize|p1|6\n|teamsize|p2|6\n|gen|8\n|tier|[Gen 8 BDSP] OU\n|rated|Tournament battle\n|rule|Sleep Clause Mod: Limit one foe put to sleep\n|rule|Species Clause: Limit one of each Pok\u00e9mon\n|rule|OHKO Clause: OHKO moves are banned\n|rule|Evasion Moves Clause: Evasion moves are banned\n|rule|Endless Battle Clause: Forcing endless battles is banned\n|rule|HP Percentage Mod: HP is shown in percentages\n|clearpoke\n|poke|p1|Suicune|\n|poke|p1|Gliscor, M|\n|poke|p1|Quagsire, F|\n|poke|p1|Blissey, F|\n|poke|p1|Tangrowth, F|\n|poke|p1|Articuno|\n|poke|p2|Celebi|\n|poke|p2|Feraligatr, F|\n|poke|p2|Donphan, F|\n|poke|p2|Empoleon, M|\n|poke|p2|Lucario, M|\n|poke|p2|Yanmega, M|\n|teampreview\n|c|\u2606JoeBidem|yo\n|c|\u2606JoeBidem|glhf\n|\n|t:|1655586354\n|start\n|switch|p1a: Suicune|Suicune|100\/100\n|switch|p2a: Donphan|Donphan, F|100\/100\n|-ability|p1a: Suicune|Pressure\n|turn|1\n|\n|t:|1655586371\n|move|p1a: Suicune|Scald|p2a: Donphan\n|-supereffective|p2a: Donphan\n|-damage|p2a: Donphan|52\/100\n|move|p2a: Donphan|Knock Off|p1a: Suicune\n|-damage|p1a: Suicune|80\/100\n|-enditem|p1a: Suicune|Leftovers|[from] move: Knock Off|[of] p2a: Donphan\n|\n|-heal|p2a: Donphan|58\/100|[from] item: Leftovers\n|upkeep\n|turn|2\n|\n|t:|1655586377\n|move|p1a: Suicune|Scald|p2a: Donphan\n|-supereffective|p2a: Donphan\n|-damage|p2a: Donphan|13\/100\n|move|p2a: Donphan|Stealth Rock|p1a: Suicune\n|-sidestart|p1: Stellar Flares|move: Stealth Rock\n|\n|-heal|p2a: Donphan|19\/100|[from] item: Leftovers\n|upkeep\n|turn|3\n|j| gen6enjoyer\n|\n|t:|1655586391\n|switch|p2a: Empoleon|Empoleon, M|100\/100\n|move|p1a: Suicune|Scald|p2a: Empoleon\n|-resisted|p2a: Empoleon\n|-damage|p2a: Empoleon|92\/100\n|\n|-heal|p2a: Empoleon|98\/100|[from] item: Leftovers\n|upkeep\n|turn|4\n|\n|t:|1655586398\n|move|p1a: Suicune|Scald|p2a: Empoleon\n|-resisted|p2a: Empoleon\n|-damage|p2a: Empoleon|90\/100\n|move|p2a: Empoleon|Yawn|p1a: Suicune\n|-start|p1a: Suicune|move: Yawn|[of] p2a: Empoleon\n|\n|-heal|p2a: Empoleon|96\/100|[from] item: Leftovers\n|upkeep\n|turn|5\n|\n|t:|1655586422\n|switch|p2a: Lucario|Lucario, M|100\/100\n|move|p1a: Suicune|Scald|p2a: Lucario\n|-damage|p2a: Lucario|59\/100\n|\n|-end|p1a: Suicune|move: Yawn|[silent]\n|-status|p1a: Suicune|slp\n|upkeep\n|turn|6\n|\n|t:|1655586430\n|switch|p1a: Tangrowth|Tangrowth, F|100\/100\n|-damage|p1a: Tangrowth|88\/100|[from] Stealth Rock\n|move|p2a: Lucario|Close Combat|p1a: Tangrowth\n|-damage|p1a: Tangrowth|61\/100\n|-unboost|p2a: Lucario|def|1\n|-unboost|p2a: Lucario|spd|1\n|\n|-heal|p1a: Tangrowth|67\/100|[from] item: Leftovers\n|upkeep\n|turn|7\n|\n|t:|1655586450\n|switch|p2a: Donphan|Donphan, F|19\/100\n|move|p1a: Tangrowth|Sludge Bomb|p2a: Donphan\n|-resisted|p2a: Donphan\n|-damage|p2a: Donphan|9\/100\n|\n|-heal|p2a: Donphan|15\/100|[from] item: Leftovers\n|-heal|p1a: Tangrowth|73\/100|[from] item: Leftovers\n|upkeep\n|turn|8\n|\n|t:|1655586455\n|move|p2a: Donphan|Knock Off|p1a: Tangrowth\n|-damage|p1a: Tangrowth|60\/100\n|-enditem|p1a: Tangrowth|Leftovers|[from] move: Knock Off|[of] p2a: Donphan\n|move|p1a: Tangrowth|Giga Drain|p2a: Donphan\n|-supereffective|p2a: Donphan\n|-damage|p2a: Donphan|0 fnt\n|-heal|p1a: Tangrowth|67\/100|[from] drain|[of] p2a: Donphan\n|faint|p2a: Donphan\n|\n|upkeep\n|\n|t:|1655586468\n|switch|p2a: Yanmega|Yanmega, M|100\/100\n|turn|9\n|\n|t:|1655586475\n|switch|p1a: Blissey|Blissey, F|100\/100\n|-damage|p1a: Blissey|88\/100|[from] Stealth Rock\n|move|p2a: Yanmega|Bug Buzz|p1a: Blissey\n|-damage|p1a: Blissey|62\/100\n|\n|-heal|p1a: Blissey|69\/100|[from] item: Leftovers\n|upkeep\n|turn|10\n|\n|t:|1655586480\n|switch|p2a: Lucario|Lucario, M|59\/100\n|move|p1a: Blissey|Stealth Rock|p2a: Lucario\n|-sidestart|p2: JoeBidem|move: Stealth Rock\n|\n|-heal|p1a: Blissey|75\/100|[from] item: Leftovers\n|upkeep\n|turn|11\n|\n|t:|1655586493\n|switch|p1a: Tangrowth|Tangrowth, F|100\/100\n|-damage|p1a: Tangrowth|88\/100|[from] Stealth Rock\n|move|p2a: Lucario|Meteor Mash|p1a: Tangrowth\n|-damage|p1a: Tangrowth|64\/100\n|\n|upkeep\n|turn|12\n|\n|t:|1655586499\n|move|p2a: Lucario|Meteor Mash|p1a: Tangrowth\n|-damage|p1a: Tangrowth|41\/100\n|-boost|p2a: Lucario|atk|1\n|move|p1a: Tangrowth|Focus Blast|p2a: Lucario|[miss]\n|-miss|p1a: Tangrowth|p2a: Lucario\n|\n|upkeep\n|turn|13\n|\n|t:|1655586503\n|switch|p1a: Quagsire|Quagsire, F|100\/100\n|-damage|p1a: Quagsire|94\/100|[from] Stealth Rock\n|move|p2a: Lucario|Meteor Mash|p1a: Quagsire|[miss]\n|-miss|p2a: Lucario|p1a: Quagsire\n|\n|-heal|p1a: Quagsire|100\/100|[from] item: Leftovers\n|upkeep\n|turn|14\n|\n|t:|1655586509\n|switch|p2a: Celebi|Celebi|100\/100\n|-damage|p2a: Celebi|88\/100|[from] Stealth Rock\n|move|p1a: Quagsire|Scald|p2a: Celebi\n|-resisted|p2a: Celebi\n|-damage|p2a: Celebi|82\/100\n|\n|-heal|p2a: Celebi|88\/100|[from] item: Leftovers\n|upkeep\n|turn|15\n|\n|t:|1655586516\n|switch|p1a: Articuno|Articuno|100\/100\n|-damage|p1a: Articuno|50\/100|[from] Stealth Rock\n|-ability|p1a: Articuno|Pressure\n|move|p2a: Celebi|Leech Seed|p1a: Articuno\n|-start|p1a: Articuno|move: Leech Seed\n|\n|-heal|p2a: Celebi|95\/100|[from] item: Leftovers\n|-heal|p1a: Articuno|57\/100|[from] item: Leftovers\n|-damage|p1a: Articuno|44\/100|[from] Leech Seed|[of] p2a: Celebi\n|-heal|p2a: Celebi|100\/100|[silent]\n|upkeep\n|turn|16\n|\n|t:|1655586528\n|move|p2a: Celebi|Thunder Wave|p1a: Articuno\n|-status|p1a: Articuno|par\n|move|p1a: Articuno|Roost|p1a: Articuno\n|-heal|p1a: Articuno|94\/100 par\n|-singleturn|p1a: Articuno|move: Roost\n|\n|-heal|p1a: Articuno|100\/100 par|[from] item: Leftovers\n|-damage|p1a: Articuno|88\/100 par|[from] Leech Seed|[of] p2a: Celebi\n|upkeep\n|turn|17\n|\n|t:|1655586530\n|move|p2a: Celebi|U-turn|p1a: Articuno\n|-resisted|p1a: Articuno\n|-damage|p1a: Articuno|82\/100 par\n|l| gen6enjoyer\n|\n|t:|1655586533\n|switch|p2a: Empoleon|Empoleon, M|96\/100|[from]move: U-turn\n|-damage|p2a: Empoleon|90\/100|[from] Stealth Rock\n|cant|p1a: Articuno|par\n|\n|-heal|p2a: Empoleon|96\/100|[from] item: Leftovers\n|-heal|p1a: Articuno|88\/100 par|[from] item: Leftovers\n|-damage|p1a: Articuno|76\/100 par|[from] Leech Seed|[of] p2a: Empoleon\n|-heal|p2a: Empoleon|100\/100|[silent]\n|upkeep\n|turn|18\n|\n|t:|1655586546\n|move|p2a: Empoleon|Scald|p1a: Articuno\n|-damage|p1a: Articuno|52\/100 par\n|cant|p1a: Articuno|par\n|\n|-heal|p1a: Articuno|59\/100 par|[from] item: Leftovers\n|-damage|p1a: Articuno|46\/100 par|[from] Leech Seed|[of] p2a: Empoleon\n|upkeep\n|turn|19\n|\n|t:|1655586566\n|switch|p1a: Gliscor|Gliscor, M|100\/100\n|-damage|p1a: Gliscor|88\/100|[from] Stealth Rock\n|move|p2a: Empoleon|Scald|p1a: Gliscor\n|-supereffective|p1a: Gliscor\n|-damage|p1a: Gliscor|26\/100\n|\n|-status|p1a: Gliscor|tox|[from] item: Toxic Orb\n|upkeep\n|turn|20\n|\n|t:|1655586573\n|move|p1a: Gliscor|Defog|p2a: Empoleon\n|-unboost|p2a: Empoleon|evasion|1\n|-sideend|p2: JoeBidem|Stealth Rock|[from] move: Defog|[of] p1a: Gliscor\n|-sideend|p1: Stellar Flares|Stealth Rock|[from] move: Defog|[of] p1a: Gliscor\n|move|p2a: Empoleon|Scald|p1a: Gliscor\n|-supereffective|p1a: Gliscor\n|-damage|p1a: Gliscor|0 fnt\n|faint|p1a: Gliscor\n|\n|upkeep\n|\n|t:|1655586579\n|switch|p1a: Blissey|Blissey, F|75\/100\n|turn|21\n|\n|t:|1655586586\n|move|p2a: Empoleon|Scald|p1a: Blissey\n|-damage|p1a: Blissey|64\/100\n|move|p1a: Blissey|Aromatherapy|p1a: Blissey\n|-activate|p1a: Blissey|move: Aromatherapy\n|-curestatus|p1: Articuno|par|[msg]\n|-curestatus|p1: Suicune|slp|[msg]\n|\n|-heal|p1a: Blissey|70\/100|[from] item: Leftovers\n|upkeep\n|turn|22\n|\n|t:|1655586592\n|move|p2a: Empoleon|Scald|p1a: Blissey\n|-damage|p1a: Blissey|59\/100\n|move|p1a: Blissey|Stealth Rock|p2a: Empoleon\n|-sidestart|p2: JoeBidem|move: Stealth Rock\n|\n|-heal|p1a: Blissey|65\/100|[from] item: Leftovers\n|upkeep\n|turn|23\n|\n|t:|1655586595\n|move|p2a: Empoleon|Defog|p1a: Blissey\n|-unboost|p1a: Blissey|evasion|1\n|-sideend|p2: JoeBidem|Stealth Rock|[from] move: Defog|[of] p2a: Empoleon\n|move|p1a: Blissey|Soft-Boiled|p1a: Blissey\n|-heal|p1a: Blissey|100\/100\n|\n|upkeep\n|turn|24\n|\n|t:|1655586600\n|switch|p2a: Yanmega|Yanmega, M|100\/100\n|move|p1a: Blissey|Stealth Rock|p2a: Yanmega\n|-sidestart|p2: JoeBidem|move: Stealth Rock\n|\n|upkeep\n|turn|25\n|j| SnipingGoofies\n|\n|t:|1655586602\n|move|p2a: Yanmega|U-turn|p1a: Blissey\n|-damage|p1a: Blissey|85\/100\n|\n|t:|1655586605\n|switch|p2a: Lucario|Lucario, M|59\/100|[from]move: U-turn\n|-damage|p2a: Lucario|56\/100|[from] Stealth Rock\n|move|p1a: Blissey|Seismic Toss|p2a: Lucario\n|-damage|p2a: Lucario|20\/100\n|\n|-heal|p1a: Blissey|91\/100|[from] item: Leftovers\n|upkeep\n|turn|26\n|\n|t:|1655586608\n|switch|p1a: Tangrowth|Tangrowth, F|75\/100\n|move|p2a: Lucario|Blaze Kick|p1a: Tangrowth|[miss]\n|-miss|p2a: Lucario|p1a: Tangrowth\n|\n|upkeep\n|turn|27\n|\n|t:|1655586612\n|switch|p1a: Suicune|Suicune|80\/100\n|-ability|p1a: Suicune|Pressure\n|move|p2a: Lucario|Blaze Kick|p1a: Suicune\n|-resisted|p1a: Suicune\n|-damage|p1a: Suicune|70\/100\n|\n|upkeep\n|turn|28\n|\n|t:|1655586619\n|switch|p2a: Celebi|Celebi|100\/100\n|-damage|p2a: Celebi|88\/100|[from] Stealth Rock\n|move|p1a: Suicune|Scald|p2a: Celebi\n|-resisted|p2a: Celebi\n|-damage|p2a: Celebi|80\/100\n|\n|-heal|p2a: Celebi|87\/100|[from] item: Leftovers\n|upkeep\n|turn|29\n|\n|t:|1655586625\n|switch|p1a: Blissey|Blissey, F|91\/100\n|move|p2a: Celebi|Thunder Wave|p1a: Blissey|[miss]\n|-miss|p2a: Celebi|p1a: Blissey\n|\n|-heal|p2a: Celebi|93\/100|[from] item: Leftovers\n|-heal|p1a: Blissey|97\/100|[from] item: Leftovers\n|upkeep\n|turn|30\n|\n|t:|1655586628\n|move|p2a: Celebi|Leech Seed|p1a: Blissey\n|-start|p1a: Blissey|move: Leech Seed\n|move|p1a: Blissey|Seismic Toss|p2a: Celebi\n|-damage|p2a: Celebi|68\/100\n|\n|-heal|p2a: Celebi|74\/100|[from] item: Leftovers\n|-heal|p1a: Blissey|100\/100|[from] item: Leftovers\n|-damage|p1a: Blissey|88\/100|[from] Leech Seed|[of] p2a: Celebi\n|-heal|p2a: Celebi|96\/100|[silent]\n|upkeep\n|turn|31\n|\n|t:|1655586633\n|move|p2a: Celebi|U-turn|p1a: Blissey\n|-damage|p1a: Blissey|75\/100\n|\n|t:|1655586635\n|switch|p2a: Empoleon|Empoleon, M|100\/100|[from]move: U-turn\n|-damage|p2a: Empoleon|94\/100|[from] Stealth Rock\n|move|p1a: Blissey|Seismic Toss|p2a: Empoleon\n|-damage|p2a: Empoleon|67\/100\n|\n|-heal|p2a: Empoleon|74\/100|[from] item: Leftovers\n|-heal|p1a: Blissey|81\/100|[from] item: Leftovers\n|-damage|p1a: Blissey|68\/100|[from] Leech Seed|[of] p2a: Empoleon\n|-heal|p2a: Empoleon|98\/100|[silent]\n|upkeep\n|turn|32\n|\n|t:|1655586638\n|switch|p1a: Articuno|Articuno|46\/100\n|-ability|p1a: Articuno|Pressure\n|move|p2a: Empoleon|Defog|p1a: Articuno\n|-unboost|p1a: Articuno|evasion|1\n|-sideend|p2: JoeBidem|Stealth Rock|[from] move: Defog|[of] p2a: Empoleon\n|\n|-heal|p1a: Articuno|52\/100|[from] item: Leftovers\n|-heal|p2a: Empoleon|100\/100|[from] item: Leftovers\n|upkeep\n|turn|33\n|\n|t:|1655586643\n|move|p1a: Articuno|Roost|p1a: Articuno\n|-heal|p1a: Articuno|100\/100\n|-singleturn|p1a: Articuno|move: Roost\n|move|p2a: Empoleon|Scald|p1a: Articuno\n|-damage|p1a: Articuno|80\/100\n|\n|-heal|p1a: Articuno|86\/100|[from] item: Leftovers\n|upkeep\n|turn|34\n|\n|t:|1655586655\n|move|p1a: Articuno|Freeze-Dry|p2a: Empoleon\n|-damage|p2a: Empoleon|85\/100\n|move|p2a: Empoleon|Scald|p1a: Articuno\n|-damage|p1a: Articuno|63\/100\n|\n|-heal|p1a: Articuno|70\/100|[from] item: Leftovers\n|-heal|p2a: Empoleon|91\/100|[from] item: Leftovers\n|upkeep\n|turn|35\n|\n|t:|1655586659\n|move|p1a: Articuno|Freeze-Dry|p2a: Empoleon\n|-damage|p2a: Empoleon|76\/100\n|move|p2a: Empoleon|Yawn|p1a: Articuno\n|-start|p1a: Articuno|move: Yawn|[of] p2a: Empoleon\n|\n|-heal|p1a: Articuno|76\/100|[from] item: Leftovers\n|-heal|p2a: Empoleon|82\/100|[from] item: Leftovers\n|upkeep\n|turn|36\n|inactive|JoeBidem has 120 seconds left.\n|\n|t:|1655586692\n|switch|p1a: Blissey|Blissey, F|68\/100\n|switch|p2a: Feraligatr|Feraligatr, F|100\/100\n|\n|-heal|p1a: Blissey|74\/100|[from] item: Leftovers\n|upkeep\n|turn|37\n|\n|t:|1655586704\n|switch|p1a: Tangrowth|Tangrowth, F|100\/100\n|move|p2a: Feraligatr|Dragon Dance|p2a: Feraligatr\n|-boost|p2a: Feraligatr|atk|1\n|-boost|p2a: Feraligatr|spe|1\n|\n|upkeep\n|turn|38\n|\n|t:|1655586708\n|move|p2a: Feraligatr|Ice Punch|p1a: Tangrowth\n|-supereffective|p1a: Tangrowth\n|-damage|p1a: Tangrowth|35\/100\n|move|p1a: Tangrowth|Knock Off|p2a: Feraligatr\n|-damage|p2a: Feraligatr|76\/100\n|-enditem|p2a: Feraligatr|Life Orb|[from] move: Knock Off|[of] p1a: Tangrowth\n|\n|upkeep\n|turn|39\n|\n|t:|1655586712\n|switch|p1a: Quagsire|Quagsire, F|100\/100\n|move|p2a: Feraligatr|Ice Punch|p1a: Quagsire\n|-crit|p1a: Quagsire\n|-damage|p1a: Quagsire|66\/100\n|\n|-heal|p1a: Quagsire|72\/100|[from] item: Leftovers\n|upkeep\n|turn|40\n|\n|t:|1655586718\n|move|p1a: Quagsire|Protect|p1a: Quagsire\n|-singleturn|p1a: Quagsire|Protect\n|move|p2a: Feraligatr|Waterfall|p1a: Quagsire\n|-activate|p1a: Quagsire|move: Protect\n|\n|-heal|p1a: Quagsire|78\/100|[from] item: Leftovers\n|upkeep\n|turn|41\n|\n|t:|1655586722\n|move|p2a: Feraligatr|Waterfall|p1a: Quagsire\n|-damage|p1a: Quagsire|41\/100\n|move|p1a: Quagsire|Recover|p1a: Quagsire\n|-heal|p1a: Quagsire|91\/100\n|\n|-heal|p1a: Quagsire|97\/100|[from] item: Leftovers\n|upkeep\n|turn|42\n|\n|t:|1655586725\n|move|p2a: Feraligatr|Waterfall|p1a: Quagsire\n|-damage|p1a: Quagsire|62\/100\n|move|p1a: Quagsire|Toxic|p2a: Feraligatr\n|-status|p2a: Feraligatr|tox\n|\n|-heal|p1a: Quagsire|69\/100|[from] item: Leftovers\n|-damage|p2a: Feraligatr|70\/100 tox|[from] psn\n|upkeep\n|turn|43\n|\n|t:|1655586728\n|move|p1a: Quagsire|Protect|p1a: Quagsire\n|-singleturn|p1a: Quagsire|Protect\n|move|p2a: Feraligatr|Waterfall|p1a: Quagsire\n|-activate|p1a: Quagsire|move: Protect\n|\n|-heal|p1a: Quagsire|75\/100|[from] item: Leftovers\n|-damage|p2a: Feraligatr|58\/100 tox|[from] psn\n|upkeep\n|turn|44\n|\n|t:|1655586730\n|switch|p2a: Lucario|Lucario, M|20\/100\n|move|p1a: Quagsire|Recover|p1a: Quagsire\n|-heal|p1a: Quagsire|100\/100\n|\n|upkeep\n|turn|45\n|\n|t:|1655586734\n|switch|p1a: Tangrowth|Tangrowth, F|69\/100\n|move|p2a: Lucario|Close Combat|p1a: Tangrowth\n|-damage|p1a: Tangrowth|39\/100\n|-unboost|p2a: Lucario|def|1\n|-unboost|p2a: Lucario|spd|1\n|\n|upkeep\n|turn|46\n|\n|t:|1655586739\n|move|p2a: Lucario|Close Combat|p1a: Tangrowth\n|-damage|p1a: Tangrowth|10\/100\n|-unboost|p2a: Lucario|def|1\n|-unboost|p2a: Lucario|spd|1\n|move|p1a: Tangrowth|Giga Drain|p2a: Lucario\n|-resisted|p2a: Lucario\n|-damage|p2a: Lucario|0 fnt\n|-heal|p1a: Tangrowth|17\/100|[from] drain|[of] p2a: Lucario\n|faint|p2a: Lucario\n|\n|upkeep\n|\n|t:|1655586747\n|switch|p2a: Yanmega|Yanmega, M|100\/100\n|turn|47\n|\n|t:|1655586752\n|switch|p1a: Articuno|Articuno|76\/100\n|-ability|p1a: Articuno|Pressure\n|move|p2a: Yanmega|Air Slash|p1a: Articuno\n|-damage|p1a: Articuno|38\/100\n|\n|-heal|p1a: Articuno|45\/100|[from] item: Leftovers\n|upkeep\n|turn|48\n|\n|t:|1655586759\n|switch|p1a: Blissey|Blissey, F|74\/100\n|move|p2a: Yanmega|Air Slash|p1a: Blissey\n|-damage|p1a: Blissey|53\/100\n|\n|-heal|p1a: Blissey|59\/100|[from] item: Leftovers\n|upkeep\n|turn|49\n|\n|t:|1655586761\n|move|p2a: Yanmega|Air Slash|p1a: Blissey\n|-crit|p1a: Blissey\n|-damage|p1a: Blissey|27\/100\n|cant|p1a: Blissey|flinch\n|\n|-heal|p1a: Blissey|33\/100|[from] item: Leftovers\n|upkeep\n|turn|50\n|\n|t:|1655586764\n|move|p2a: Yanmega|Air Slash|p1a: Blissey\n|-damage|p1a: Blissey|14\/100\n|cant|p1a: Blissey|flinch\n|\n|-heal|p1a: Blissey|21\/100|[from] item: Leftovers\n|upkeep\n|turn|51\n|\n|t:|1655586781\n|move|p2a: Yanmega|Air Slash|p1a: Blissey\n|-damage|p1a: Blissey|2\/100\n|move|p1a: Blissey|Soft-Boiled|p1a: Blissey\n|-heal|p1a: Blissey|52\/100\n|\n|-heal|p1a: Blissey|58\/100|[from] item: Leftovers\n|upkeep\n|turn|52\n|\n|t:|1655586807\n|switch|p2a: Celebi|Celebi|96\/100\n|move|p1a: Blissey|Soft-Boiled|p1a: Blissey\n|-heal|p1a: Blissey|100\/100\n|\n|-heal|p2a: Celebi|100\/100|[from] item: Leftovers\n|upkeep\n|turn|53\n|\n|t:|1655586811\n|move|p2a: Celebi|Leech Seed|p1a: Blissey\n|-start|p1a: Blissey|move: Leech Seed\n|move|p1a: Blissey|Stealth Rock|p2a: Celebi\n|-sidestart|p2: JoeBidem|move: Stealth Rock\n|\n|-damage|p1a: Blissey|88\/100|[from] Leech Seed|[of] p2a: Celebi\n|upkeep\n|turn|54\n|\n|t:|1655586821\n|move|p2a: Celebi|Thunder Wave|p1a: Blissey\n|-status|p1a: Blissey|par\n|move|p1a: Blissey|Seismic Toss|p2a: Celebi\n|-damage|p2a: Celebi|76\/100\n|\n|-heal|p2a: Celebi|82\/100|[from] item: Leftovers\n|-heal|p1a: Blissey|94\/100 par|[from] item: Leftovers\n|-damage|p1a: Blissey|82\/100 par|[from] Leech Seed|[of] p2a: Celebi\n|-heal|p2a: Celebi|100\/100|[silent]\n|upkeep\n|turn|55\n|\n|t:|1655586832\n|-curestatus|p1a: Blissey|par|[from] ability: Natural Cure\n|switch|p1a: Tangrowth|Tangrowth, F|50\/100\n|move|p2a: Celebi|U-turn|p1a: Tangrowth\n|-supereffective|p1a: Tangrowth\n|-damage|p1a: Tangrowth|32\/100\n|\n|t:|1655586836\n|switch|p2a: Feraligatr|Feraligatr, F|58\/100 tox|[from]move: U-turn\n|-damage|p2a: Feraligatr|46\/100 tox|[from] Stealth Rock\n|\n|-damage|p2a: Feraligatr|39\/100 tox|[from] psn\n|upkeep\n|turn|56\n|\n|t:|1655586838\n|switch|p1a: Quagsire|Quagsire, F|100\/100\n|move|p2a: Feraligatr|Ice Punch|p1a: Quagsire\n|-damage|p1a: Quagsire|78\/100\n|\n|-heal|p1a: Quagsire|84\/100|[from] item: Leftovers\n|-damage|p2a: Feraligatr|27\/100 tox|[from] psn\n|upkeep\n|turn|57\n|\n|t:|1655586844\n|switch|p2a: Empoleon|Empoleon, M|82\/100\n|-damage|p2a: Empoleon|76\/100|[from] Stealth Rock\n|move|p1a: Quagsire|Scald|p2a: Empoleon\n|-resisted|p2a: Empoleon\n|-damage|p2a: Empoleon|70\/100\n|-status|p2a: Empoleon|brn\n|\n|-heal|p2a: Empoleon|76\/100 brn|[from] item: Leftovers\n|-heal|p1a: Quagsire|90\/100|[from] item: Leftovers\n|-damage|p2a: Empoleon|70\/100 brn|[from] brn\n|upkeep\n|turn|58\n|\n|t:|1655586848\n|switch|p1a: Articuno|Articuno|45\/100\n|-ability|p1a: Articuno|Pressure\n|move|p2a: Empoleon|Yawn|p1a: Articuno\n|-start|p1a: Articuno|move: Yawn|[of] p2a: Empoleon\n|\n|-heal|p1a: Articuno|51\/100|[from] item: Leftovers\n|-heal|p2a: Empoleon|76\/100 brn|[from] item: Leftovers\n|-damage|p2a: Empoleon|70\/100 brn|[from] brn\n|upkeep\n|turn|59\n|\n|t:|1655586854\n|switch|p1a: Blissey|Blissey, F|82\/100\n|move|p2a: Empoleon|Defog|p1a: Blissey\n|-unboost|p1a: Blissey|evasion|1\n|-sideend|p2: JoeBidem|Stealth Rock|[from] move: Defog|[of] p2a: Empoleon\n|\n|-heal|p2a: Empoleon|76\/100 brn|[from] item: Leftovers\n|-heal|p1a: Blissey|88\/100|[from] item: Leftovers\n|-damage|p2a: Empoleon|70\/100 brn|[from] brn\n|upkeep\n|turn|60\n|\n|t:|1655586856\n|move|p2a: Empoleon|Yawn|p1a: Blissey\n|-start|p1a: Blissey|move: Yawn|[of] p2a: Empoleon\n|move|p1a: Blissey|Stealth Rock|p2a: Empoleon\n|-sidestart|p2: JoeBidem|move: Stealth Rock\n|\n|-heal|p2a: Empoleon|76\/100 brn|[from] item: Leftovers\n|-heal|p1a: Blissey|94\/100|[from] item: Leftovers\n|-damage|p2a: Empoleon|70\/100 brn|[from] brn\n|upkeep\n|turn|61\n|\n|t:|1655586861\n|switch|p1a: Articuno|Articuno|51\/100\n|-ability|p1a: Articuno|Pressure\n|move|p2a: Empoleon|Defog|p1a: Articuno\n|-unboost|p1a: Articuno|evasion|1\n|-sideend|p2: JoeBidem|Stealth Rock|[from] move: Defog|[of] p2a: Empoleon\n|\n|-heal|p1a: Articuno|57\/100|[from] item: Leftovers\n|-heal|p2a: Empoleon|76\/100 brn|[from] item: Leftovers\n|-damage|p2a: Empoleon|70\/100 brn|[from] brn\n|upkeep\n|turn|62\n|\n|t:|1655586865\n|switch|p2a: Yanmega|Yanmega, M|100\/100\n|move|p1a: Articuno|Freeze-Dry|p2a: Yanmega\n|-supereffective|p2a: Yanmega\n|-damage|p2a: Yanmega|26\/100\n|\n|-heal|p1a: Articuno|63\/100|[from] item: Leftovers\n|upkeep\n|turn|63\n|\n|t:|1655586869\n|switch|p1a: Blissey|Blissey, F|94\/100\n|move|p2a: Yanmega|Air Slash|p1a: Blissey\n|-damage|p1a: Blissey|72\/100\n|\n|-heal|p1a: Blissey|79\/100|[from] item: Leftovers\n|upkeep\n|turn|64\n|\n|t:|1655586872\n|switch|p2a: Feraligatr|Feraligatr, F|27\/100 tox\n|move|p1a: Blissey|Stealth Rock|p2a: Feraligatr\n|-sidestart|p2: JoeBidem|move: Stealth Rock\n|\n|-heal|p1a: Blissey|85\/100|[from] item: Leftovers\n|-damage|p2a: Feraligatr|21\/100 tox|[from] psn\n|upkeep\n|turn|65\n|\n|t:|1655586875\n|switch|p1a: Quagsire|Quagsire, F|90\/100\n|move|p2a: Feraligatr|Waterfall|p1a: Quagsire\n|-damage|p1a: Quagsire|53\/100\n|\n|-heal|p1a: Quagsire|59\/100|[from] item: Leftovers\n|-damage|p2a: Feraligatr|9\/100 tox|[from] psn\n|upkeep\n|turn|66\n|\n|t:|1655586880\n|move|p1a: Quagsire|Protect|p1a: Quagsire\n|-singleturn|p1a: Quagsire|Protect\n|move|p2a: Feraligatr|Waterfall|p1a: Quagsire\n|-activate|p1a: Quagsire|move: Protect\n|\n|-heal|p1a: Quagsire|65\/100|[from] item: Leftovers\n|-damage|p2a: Feraligatr|0 fnt|[from] psn\n|faint|p2a: Feraligatr\n|upkeep\n|l|\u2606JoeBidem\n|inactive|JoeBidem disconnected and has a minute to reconnect!\n|player|p2|\n|inactive|JoeBidem has 30 seconds to reconnect!\n|inactive|JoeBidem has 20 seconds to reconnect!\n|inactive|JoeBidem has 15 seconds to reconnect!\n|inactive|JoeBidem has 10 seconds to reconnect!\n|inactive|JoeBidem has 5 seconds to reconnect!\n|-message|JoeBidem lost due to inactivity.\n|\n|win|Stellar Flares\n|n|\u2606Stellar Flares|stellarflares\n|n| SnipingGoofies|snipinggoofies\n","uploadtime":1655586946,"views":8,"p1id":"stellarflares","p2id":"joebidem","formatid":"gen8bdspou","rating":0,"private":0,"password":null}