{"id":"gen8randombattle-1100645931","p1":"Bulgroz","p2":"lord cube","format":"gen8randombattle","log":"|j|\u2606Bulgroz\n|j|\u2606lord cube\n|player|p1|Bulgroz|xerosic|1342\n|player|p2|lord cube|riley|1319\n|teamsize|p1|6\n|teamsize|p2|6\n|gametype|singles\n|gen|8\n|tier|[Gen 8] Random Battle\n|rated|\n|rule|Species Clause: Limit one of each Pok\u00e9mon\n|rule|HP Percentage Mod: HP is shown in percentages\n|rule|Sleep Clause Mod: Limit one foe put to sleep\n|\n|start\n|switch|p1a: Type: Null|Type: Null, L88|310\/310\n|switch|p2a: Rapidash|Rapidash, L84, F|246\/246\n|turn|1\n|\n|move|p2a: Rapidash|Will-O-Wisp|p1a: Type: Null\n|-status|p1a: Type: Null|brn\n|move|p1a: Type: Null|Swords Dance|p1a: Type: Null\n|-boost|p1a: Type: Null|atk|2\n|\n|-damage|p1a: Type: Null|291\/310 brn|[from] brn\n|upkeep\n|turn|2\n|\n|switch|p2a: Doublade|Doublade, L82, M|231\/231\n|move|p1a: Type: Null|Swords Dance|p1a: Type: Null\n|-boost|p1a: Type: Null|atk|2\n|\n|-damage|p1a: Type: Null|272\/310 brn|[from] brn\n|upkeep\n|turn|3\n|\n|switch|p1a: Wailord|Wailord, L88, F|442\/442\n|move|p2a: Doublade|Sacred Sword|p1a: Wailord\n|-damage|p1a: Wailord|342\/442\n|\n|upkeep\n|turn|4\n|\n|switch|p2a: Suicune|Suicune, L80|291\/291\n|-ability|p2a: Suicune|Pressure\n|move|p1a: Wailord|Water Spout|p2a: Suicune\n|-resisted|p2a: Suicune\n|-damage|p2a: Suicune|204\/291\n|\n|-heal|p2a: Suicune|222\/291|[from] item: Leftovers\n|upkeep\n|turn|5\n|\n|switch|p1a: Tapu Bulu|Tapu Bulu, L80|243\/243\n|-fieldstart|move: Grassy Terrain|[from] ability: Grassy Surge|[of] p1a: Tapu Bulu\n|move|p2a: Suicune|Calm Mind|p2a: Suicune\n|-boost|p2a: Suicune|spa|1\n|-boost|p2a: Suicune|spd|1\n|\n|-heal|p2a: Suicune|240\/291|[from] item: Leftovers\n|-heal|p2a: Suicune|258\/291|[from] Grassy Terrain\n|upkeep\n|turn|6\n|\n|-start|p2a: Suicune|Dynamax\n|-heal|p2a: Suicune|516\/582|[silent]\n|move|p2a: Suicune|Max Airstream|p1a: Tapu Bulu\n|-supereffective|p1a: Tapu Bulu\n|-damage|p1a: Tapu Bulu|25\/243\n|-boost|p2a: Suicune|spe|1\n|move|p1a: Tapu Bulu|Wood Hammer|p2a: Suicune\n|-supereffective|p2a: Suicune\n|-damage|p2a: Suicune|168\/582\n|-damage|p1a: Tapu Bulu|0 fnt|[from] Recoil\n|faint|p1a: Tapu Bulu\n|\n|-heal|p2a: Suicune|186\/582|[from] item: Leftovers\n|-heal|p2a: Suicune|204\/582|[from] Grassy Terrain\n|upkeep\n|\n|switch|p1a: Perrserker|Perrserker, L86, M|261\/261\n|turn|7\n|\n|move|p2a: Suicune|Max Geyser|p1a: Perrserker\n|-damage|p1a: Perrserker|42\/261\n|-weather|RainDance\n|move|p1a: Perrserker|Close Combat|p2a: Suicune\n|-damage|p2a: Suicune|86\/582\n|-unboost|p1a: Perrserker|def|1\n|-unboost|p1a: Perrserker|spd|1\n|-damage|p1a: Perrserker|16\/261|[from] item: Life Orb\n|\n|-weather|RainDance|[upkeep]\n|-heal|p2a: Suicune|104\/582|[from] item: Leftovers\n|-heal|p2a: Suicune|122\/582|[from] Grassy Terrain\n|-heal|p1a: Perrserker|32\/261|[from] Grassy Terrain\n|upkeep\n|turn|8\n|\n|move|p2a: Suicune|Max Airstream|p1a: Perrserker\n|-resisted|p1a: Perrserker\n|-damage|p1a: Perrserker|0 fnt\n|-boost|p2a: Suicune|spe|1\n|faint|p1a: Perrserker\n|\n|-weather|RainDance|[upkeep]\n|-heal|p2a: Suicune|140\/582|[from] item: Leftovers\n|-heal|p2a: Suicune|158\/582|[from] Grassy Terrain\n|-end|p2a: Suicune|Dynamax\n|-heal|p2a: Suicune|79\/291|[silent]\n|upkeep\n|\n|switch|p1a: Wailord|Wailord, L88, F|342\/442\n|turn|9\n|\n|move|p2a: Suicune|Scald|p1a: Wailord\n|-resisted|p1a: Wailord\n|-damage|p1a: Wailord|211\/442\n|move|p1a: Wailord|Hyper Voice|p2a: Suicune\n|-crit|p2a: Suicune\n|-damage|p2a: Suicune|0 fnt\n|faint|p2a: Suicune\n|\n|-weather|RainDance|[upkeep]\n|-heal|p1a: Wailord|238\/442|[from] Grassy Terrain\n|-fieldend|move: Grassy Terrain\n|upkeep\n|\n|switch|p2a: Stonjourner|Stonjourner, L88, M|319\/319\n|turn|10\n|\n|move|p2a: Stonjourner|Earthquake|p1a: Wailord\n|-damage|p1a: Wailord|35\/442\n|-damage|p2a: Stonjourner|288\/319|[from] item: Life Orb\n|move|p1a: Wailord|Hyper Voice|p2a: Stonjourner\n|-resisted|p2a: Stonjourner\n|-damage|p2a: Stonjourner|180\/319\n|\n|-weather|RainDance|[upkeep]\n|upkeep\n|turn|11\n|\n|move|p2a: Stonjourner|Earthquake|p1a: Wailord\n|-damage|p1a: Wailord|0 fnt\n|-damage|p2a: Stonjourner|149\/319|[from] item: Life Orb\n|faint|p1a: Wailord\n|\n|-weather|none\n|upkeep\n|\n|switch|p1a: Kommo-o|Kommo-o, L80, F|251\/251\n|turn|12\n|\n|move|p1a: Kommo-o|Stealth Rock|p2a: Stonjourner\n|-sidestart|p2: lord cube|move: Stealth Rock\n|move|p2a: Stonjourner|Earthquake|p1a: Kommo-o\n|-damage|p1a: Kommo-o|155\/251\n|-damage|p2a: Stonjourner|118\/319|[from] item: Life Orb\n|\n|-heal|p1a: Kommo-o|170\/251|[from] item: Leftovers\n|upkeep\n|turn|13\n|\n|move|p1a: Kommo-o|Clanging Scales|p2a: Stonjourner\n|-damage|p2a: Stonjourner|0 fnt\n|-unboost|p1a: Kommo-o|def|1\n|faint|p2a: Stonjourner\n|\n|-heal|p1a: Kommo-o|185\/251|[from] item: Leftovers\n|upkeep\n|\n|switch|p2a: Moltres|Moltres, L80|275\/275\n|turn|14\n|\n|switch|p1a: Type: Null|Type: Null, L88|272\/310 brn\n|move|p2a: Moltres|Air Slash|p1a: Type: Null\n|-damage|p1a: Type: Null|214\/310 brn\n|\n|-damage|p1a: Type: Null|195\/310 brn|[from] brn\n|upkeep\n|turn|15\n|\n|move|p2a: Moltres|U-turn|p1a: Type: Null\n|-damage|p1a: Type: Null|168\/310 brn\n|\n|switch|p2a: Doublade|Doublade, L82, M|231\/231\n|-damage|p2a: Doublade|217\/231|[from] Stealth Rock\n|move|p1a: Type: Null|Rest|p1a: Type: Null\n|-status|p1a: Type: Null|slp|[from] move: Rest\n|-heal|p1a: Type: Null|310\/310 slp|[silent]\n|\n|upkeep\n|turn|16\n|\n|switch|p1a: Machamp|Machamp, L82, M|282\/282\n|move|p2a: Doublade|Sacred Sword|p1a: Machamp\n|-damage|p1a: Machamp|206\/282\n|\n|-status|p1a: Machamp|brn|[from] item: Flame Orb\n|upkeep\n|turn|17\n|\n|switch|p2a: Rapidash|Rapidash, L84, F|246\/246\n|move|p1a: Machamp|Knock Off|p2a: Rapidash\n|-damage|p2a: Rapidash|114\/246\n|-enditem|p2a: Rapidash|Heavy-Duty Boots|[from] move: Knock Off|[of] p1a: Machamp\n|\n|-damage|p1a: Machamp|189\/282 brn|[from] brn\n|upkeep\n|turn|18\n|\n|switch|p1a: Kommo-o|Kommo-o, L80, F|185\/251\n|move|p2a: Rapidash|Flare Blitz|p1a: Kommo-o\n|-resisted|p1a: Kommo-o\n|-damage|p1a: Kommo-o|134\/251\n|-damage|p2a: Rapidash|97\/246|[from] Recoil\n|\n|-heal|p1a: Kommo-o|149\/251|[from] item: Leftovers\n|upkeep\n|turn|19\n|\n|move|p2a: Rapidash|Will-O-Wisp|p1a: Kommo-o\n|-status|p1a: Kommo-o|brn\n|move|p1a: Kommo-o|Clanging Scales|p2a: Rapidash\n|-damage|p2a: Rapidash|0 fnt\n|-unboost|p1a: Kommo-o|def|1\n|faint|p2a: Rapidash\n|\n|-heal|p1a: Kommo-o|164\/251 brn|[from] item: Leftovers\n|-damage|p1a: Kommo-o|149\/251 brn|[from] brn\n|upkeep\n|\n|switch|p2a: Moltres|Moltres, L80|275\/275\n|turn|20\n|\n|switch|p1a: Type: Null|Type: Null, L88|310\/310 slp\n|move|p2a: Moltres|Fire Blast|p1a: Type: Null\n|-damage|p1a: Type: Null|226\/310 slp\n|\n|upkeep\n|turn|21\n|\n|move|p2a: Moltres|U-turn|p1a: Type: Null\n|-damage|p1a: Type: Null|194\/310 slp\n|\n|switch|p2a: Doublade|Doublade, L82, M|217\/231\n|-damage|p2a: Doublade|203\/231|[from] Stealth Rock\n|cant|p1a: Type: Null|slp\n|move|p1a: Type: Null|Sleep Talk|p1a: Type: Null\n|move|p1a: Type: Null|Rest|p1a: Type: Null|[from]Sleep Talk\n|-fail|p1a: Type: Null\n|\n|upkeep\n|turn|22\n|\n|switch|p1a: Machamp|Machamp, L82, M|189\/282 brn\n|move|p2a: Doublade|Shadow Claw|p1a: Machamp\n|-damage|p1a: Machamp|107\/282 brn\n|\n|-damage|p1a: Machamp|90\/282 brn|[from] brn\n|upkeep\n|turn|23\n|inactive|Battle timer is ON: inactive players will automatically lose when time's up. (requested by Bulgroz)\n|l|\u2606lord cube\n|inactive|lord cube disconnected and has a minute to reconnect!\n|player|p2|\n|inactiveoff|Battle timer is now OFF.\n|j|\u2606lord cube\n|player|p2|lord cube|riley\n|\n|move|p1a: Machamp|Knock Off|p2a: Doublade\n|-supereffective|p2a: Doublade\n|-damage|p2a: Doublade|87\/231\n|-enditem|p2a: Doublade|Eviolite|[from] move: Knock Off|[of] p1a: Machamp\n|move|p2a: Doublade|Shadow Claw|p1a: Machamp\n|-damage|p1a: Machamp|5\/282 brn\n|\n|-damage|p1a: Machamp|0 fnt|[from] brn\n|faint|p1a: Machamp\n|upkeep\n|\n|switch|p1a: Kommo-o|Kommo-o, L80, F|149\/251 brn\n|turn|24\n|\n|move|p1a: Kommo-o|Clanging Scales|p2a: Doublade\n|-resisted|p2a: Doublade\n|-damage|p2a: Doublade|6\/231\n|-unboost|p1a: Kommo-o|def|1\n|move|p2a: Doublade|Shadow Claw|p1a: Kommo-o\n|-damage|p1a: Kommo-o|61\/251 brn\n|\n|-heal|p1a: Kommo-o|76\/251 brn|[from] item: Leftovers\n|-damage|p1a: Kommo-o|61\/251 brn|[from] brn\n|upkeep\n|turn|25\n|\n|move|p2a: Doublade|Shadow Sneak|p1a: Kommo-o\n|-damage|p1a: Kommo-o|9\/251 brn\n|move|p1a: Kommo-o|Clanging Scales|p2a: Doublade\n|-resisted|p2a: Doublade\n|-damage|p2a: Doublade|0 fnt\n|-unboost|p1a: Kommo-o|def|1\n|faint|p2a: Doublade\n|\n|-heal|p1a: Kommo-o|24\/251 brn|[from] item: Leftovers\n|-damage|p1a: Kommo-o|9\/251 brn|[from] brn\n|upkeep\n|\n|switch|p2a: Moltres|Moltres, L80|275\/275\n|turn|26\n|\n|move|p2a: Moltres|U-turn|p1a: Kommo-o\n|-resisted|p1a: Kommo-o\n|-damage|p1a: Kommo-o|0 fnt\n|faint|p1a: Kommo-o\n|\n|switch|p2a: Stunfisk|Stunfisk-Galar, L86, M|328\/328\n|-damage|p2a: Stunfisk|318\/328|[from] Stealth Rock\n|\n|-heal|p2a: Stunfisk|328\/328|[from] item: Leftovers\n|upkeep\n|\n|switch|p1a: Type: Null|Type: Null, L88|194\/310 slp\n|turn|27\n|\n|cant|p1a: Type: Null|slp\n|move|p1a: Type: Null|Sleep Talk|p1a: Type: Null\n|move|p1a: Type: Null|Swords Dance|p1a: Type: Null|[from]Sleep Talk\n|-boost|p1a: Type: Null|atk|2\n|move|p2a: Stunfisk|Curse|p2a: Stunfisk\n|-unboost|p2a: Stunfisk|spe|1\n|-boost|p2a: Stunfisk|atk|1\n|-boost|p2a: Stunfisk|def|1\n|\n|upkeep\n|turn|28\n|\n|-curestatus|p1a: Type: Null|slp|[msg]\n|move|p1a: Type: Null|Swords Dance|p1a: Type: Null\n|-boost|p1a: Type: Null|atk|2\n|move|p2a: Stunfisk|Curse|p2a: Stunfisk\n|-unboost|p2a: Stunfisk|spe|1\n|-boost|p2a: Stunfisk|atk|1\n|-boost|p2a: Stunfisk|def|1\n|\n|upkeep\n|turn|29\n|\n|move|p1a: Type: Null|Swords Dance|p1a: Type: Null\n|-boost|p1a: Type: Null|atk|2\n|move|p2a: Stunfisk|Curse|p2a: Stunfisk\n|-unboost|p2a: Stunfisk|spe|1\n|-boost|p2a: Stunfisk|atk|1\n|-boost|p2a: Stunfisk|def|1\n|\n|upkeep\n|turn|30\n|\n|move|p1a: Type: Null|Crush Claw|p2a: Stunfisk\n|-resisted|p2a: Stunfisk\n|-damage|p2a: Stunfisk|265\/328\n|move|p2a: Stunfisk|Curse|p2a: Stunfisk\n|-unboost|p2a: Stunfisk|spe|1\n|-boost|p2a: Stunfisk|atk|1\n|-boost|p2a: Stunfisk|def|1\n|\n|-heal|p2a: Stunfisk|285\/328|[from] item: Leftovers\n|upkeep\n|turn|31\n|\n|move|p1a: Type: Null|Crush Claw|p2a: Stunfisk\n|-resisted|p2a: Stunfisk\n|-damage|p2a: Stunfisk|237\/328\n|move|p2a: Stunfisk|Curse|p2a: Stunfisk\n|-unboost|p2a: Stunfisk|spe|1\n|-boost|p2a: Stunfisk|atk|1\n|-boost|p2a: Stunfisk|def|1\n|\n|-heal|p2a: Stunfisk|257\/328|[from] item: Leftovers\n|upkeep\n|turn|32\n|\n|move|p1a: Type: Null|Crush Claw|p2a: Stunfisk\n|-resisted|p2a: Stunfisk\n|-damage|p2a: Stunfisk|216\/328\n|move|p2a: Stunfisk|Curse|p2a: Stunfisk\n|-unboost|p2a: Stunfisk|spe|1\n|-boost|p2a: Stunfisk|atk|1\n|-boost|p2a: Stunfisk|def|1\n|\n|-heal|p2a: Stunfisk|236\/328|[from] item: Leftovers\n|upkeep\n|turn|33\n|\n|move|p1a: Type: Null|Crush Claw|p2a: Stunfisk\n|-resisted|p2a: Stunfisk\n|-damage|p2a: Stunfisk|194\/328\n|move|p2a: Stunfisk|Earthquake|p1a: Type: Null\n|-damage|p1a: Type: Null|0 fnt\n|faint|p1a: Type: Null\n|\n|win|lord cube\n|raw|Bulgroz's rating: 1342 &rarr; <strong>1321<\/strong><br \/>(-21 for losing)\n|raw|lord cube's rating: 1319 &rarr; <strong>1341<\/strong><br \/>(+22 for winning)\n","inputlog":">version b7745f54272c5aa04d26a5e16ddaea80015942bc\n>start {\"formatid\":\"gen8randombattle\",\"seed\":[17031,64263,59089,53787],\"rated\":\"Rated battle\"}\n>player p1 {\"name\":\"Bulgroz\",\"avatar\":\"xerosic\",\"team\":\"\",\"rating\":1342,\"seed\":[12100,23499,22576,31754]}\n>player p2 {\"name\":\"lord cube\",\"avatar\":\"riley\",\"team\":\"\",\"rating\":1319,\"seed\":[63671,27331,22749,333]}\n>p1 move swordsdance\n>p2 move willowisp\n>p1 move swordsdance\n>p2 switch 6\n>p1 switch 5\n>p2 move sacredsword\n>p1 move waterspout\n>p2 switch 5\n>p1 switch 4\n>p2 move calmmind\n>p1 move woodhammer\n>p2 move airslash dynamax\n>p1 switch 3\n>p1 move closecombat\n>p2 move scald dynamax\n>p1 move closecombat\n>p2 move airslash dynamax\n>p1 switch 4\n>p1 move hypervoice\n>p2 move scald\n>p2 switch 4\n>p1 move hypervoice\n>p2 move earthquake\n>p1 move hypervoice\n>p2 move earthquake\n>p1 switch 6\n>p1 move stealthrock\n>p2 move earthquake\n>p1 move clangingscales\n>p2 move stealthrock\n>p2 switch 2\n>p1 switch 5\n>p2 move airslash\n>p1 move rest\n>p2 move uturn\n>p2 switch 5\n>p1 switch 2\n>p2 move sacredsword\n>p1 move knockoff\n>p2 switch 6\n>p1 switch 5\n>p2 move flareblitz\n>p1 move clangingscales\n>p2 move willowisp\n>p2 switch 5\n>p1 switch 2\n>p2 move fireblast\n>p1 move sleeptalk\n>p2 move uturn\n>p2 switch 6\n>p1 switch 5\n>p2 move shadowclaw\n>p1 move knockoff\n>p2 move shadowclaw\n>p1 switch 2\n>p1 move clangingscales\n>p2 move shadowclaw\n>p1 move clangingscales\n>p2 move shadowsneak\n>p2 switch 6\n>p1 move clangingscales\n>p2 move uturn\n>p2 switch 3\n>p1 switch 5\n>p1 move sleeptalk\n>p2 move curse\n>p1 move swordsdance\n>p2 move curse\n>p1 move swordsdance\n>p2 move curse\n>p1 move crushclaw\n>p2 move curse\n>p1 move crushclaw\n>p2 move curse\n>p1 move crushclaw\n>p2 move curse\n>p1 move crushclaw\n>p2 move earthquake","uploadtime":1587473944,"views":12,"p1id":"bulgroz","p2id":"lordcube","formatid":"gen8randombattle","rating":1321,"private":0,"password":null}