{"id":"gen8ou-1624967218","p1":"andrewm0n","p2":"hypervortexreturns","format":"gen8ou","log":"|j|\u2606andrewm0n\n|j|\u203dhypervortexreturns\n|t:|1658767570\n|gametype|singles\n|player|p1|andrewm0n|266|1842\n|player|p2|hypervortexreturns|169|1841\n|teamsize|p1|6\n|teamsize|p2|6\n|gen|8\n|tier|[Gen 8] OU\n|rated|\n|rule|Sleep Clause Mod: Limit one foe put to sleep\n|rule|Species Clause: Limit one of each Pok\u00e9mon\n|rule|OHKO Clause: OHKO moves are banned\n|rule|Evasion Moves Clause: Evasion moves are banned\n|rule|Endless Battle Clause: Forcing endless battles is banned\n|rule|HP Percentage Mod: HP is shown in percentages\n|rule|Dynamax Clause: You cannot dynamax\n|clearpoke\n|poke|p1|Polteageist|\n|poke|p1|Corviknight, M|\n|poke|p1|Seismitoad, M|\n|poke|p1|Clefable, M|\n|poke|p1|Slowbro-Galar, M|\n|poke|p1|Blaziken, M|\n|poke|p2|Hydreigon, M|\n|poke|p2|Zapdos|\n|poke|p2|Tangrowth, M|\n|poke|p2|Corviknight, F|\n|poke|p2|Excadrill, M|\n|poke|p2|Azumarill, F|\n|teampreview\n|\n|t:|1658767588\n|start\n|switch|p1a: Slowbro|Slowbro-Galar, M|100\/100\n|switch|p2a: Tangrowth|Tangrowth, M|100\/100\n|turn|1\n|j| Firelord0zaii\n|j| 50 at max\n|\n|t:|1658767622\n|switch|p2a: Hydreigon|Hydreigon, M|100\/100\n|move|p1a: Slowbro|Shell Side Arm|p2a: Hydreigon|[anim] Shell Side Arm Physical\n|-damage|p2a: Hydreigon|65\/100\n|-hint|Physical Shell Side Arm\n|-status|p2a: Hydreigon|psn\n|\n|-heal|p2a: Hydreigon|71\/100 psn|[from] item: Leftovers\n|-damage|p2a: Hydreigon|59\/100 psn|[from] psn\n|upkeep\n|turn|2\n|j| hanzir mijej np\n|\n|t:|1658767633\n|move|p2a: Hydreigon|Roost|p2a: Hydreigon\n|-heal|p2a: Hydreigon|100\/100 psn\n|-singleturn|p2a: Hydreigon|move: Roost\n|move|p1a: Slowbro|Ice Beam|p2a: Hydreigon\n|-supereffective|p2a: Hydreigon\n|-damage|p2a: Hydreigon|62\/100 psn\n|\n|-heal|p2a: Hydreigon|69\/100 psn|[from] item: Leftovers\n|-damage|p2a: Hydreigon|56\/100 psn|[from] psn\n|upkeep\n|turn|3\n|\n|t:|1658767644\n|move|p2a: Hydreigon|Roost|p2a: Hydreigon\n|-heal|p2a: Hydreigon|100\/100 psn\n|-singleturn|p2a: Hydreigon|move: Roost\n|move|p1a: Slowbro|Future Sight|p2a: Hydreigon\n|-start|p1a: Slowbro|move: Future Sight\n|\n|-damage|p2a: Hydreigon|88\/100 psn|[from] psn\n|upkeep\n|turn|4\n|\n|t:|1658767653\n|switch|p2a: Corviknight|Corviknight, F|100\/100\n|-ability|p2a: Corviknight|Pressure\n|switch|p1a: Blaziken|Blaziken, M|100\/100\n|\n|upkeep\n|turn|5\n|j| liet32120\n|inactive|Battle timer is ON: inactive players will automatically lose when time's up. (requested by andrewm0n)\n|\n|t:|1658767696\n|switch|p2a: Zapdos|Zapdos|100\/100\n|move|p1a: Blaziken|Flare Blitz|p2a: Zapdos\n|-damage|p2a: Zapdos|31\/100\n|-damage|p1a: Blaziken|71\/100|[from] Recoil\n|\n|-end|p2a: Zapdos|move: Future Sight\n|-damage|p2a: Zapdos|0 fnt\n|faint|p2a: Zapdos\n|-heal|p1a: Blaziken|77\/100|[from] item: Leftovers\n|-ability|p1a: Blaziken|Speed Boost|boost\n|-boost|p1a: Blaziken|spe|1\n|upkeep\n|\n|t:|1658767711\n|switch|p2a: Azumarill|Azumarill, F|100\/100\n|turn|6\n|\n|t:|1658767721\n|move|p1a: Blaziken|Protect|p1a: Blaziken\n|-singleturn|p1a: Blaziken|Protect\n|move|p2a: Azumarill|Play Rough|p1a: Blaziken\n|-activate|p1a: Blaziken|move: Protect\n|\n|-heal|p1a: Blaziken|83\/100|[from] item: Leftovers\n|-ability|p1a: Blaziken|Speed Boost|boost\n|-boost|p1a: Blaziken|spe|1\n|upkeep\n|turn|7\n|j| sdiubfgadfig\n|\n|t:|1658767732\n|switch|p1a: Slowbro|Slowbro-Galar, M|100\/100\n|move|p2a: Azumarill|Belly Drum|p2a: Azumarill\n|-damage|p2a: Azumarill|50\/100\n|-setboost|p2a: Azumarill|atk|6|[from] move: Belly Drum\n|-enditem|p2a: Azumarill|Sitrus Berry|[eat]\n|-heal|p2a: Azumarill|75\/100|[from] item: Sitrus Berry\n|\n|upkeep\n|turn|8\n|\n|t:|1658767742\n|switch|p1a: Clefable|Clefable, M|100\/100\n|move|p2a: Azumarill|Aqua Jet|p1a: Clefable\n|-damage|p1a: Clefable|83\/100\n|\n|-heal|p1a: Clefable|89\/100|[from] item: Leftovers\n|upkeep\n|turn|9\n|\n|t:|1658767755\n|move|p2a: Azumarill|Knock Off|p1a: Clefable\n|-resisted|p1a: Clefable\n|-damage|p1a: Clefable|74\/100\n|-enditem|p1a: Clefable|Leftovers|[from] move: Knock Off|[of] p2a: Azumarill\n|move|p1a: Clefable|Wish|p1a: Clefable\n|\n|upkeep\n|turn|10\n|\n|t:|1658767777\n|switch|p2a: Tangrowth|Tangrowth, M|100\/100\n|move|p1a: Clefable|Moonblast|p2a: Tangrowth\n|-damage|p2a: Tangrowth|58\/100\n|-unboost|p2a: Tangrowth|spa|1\n|\n|-heal|p1a: Clefable|100\/100|[from] move: Wish|[wisher] Clefable\n|upkeep\n|turn|11\n|\n|t:|1658767789\n|switch|p1a: Slowbro|Slowbro-Galar, M|100\/100\n|move|p2a: Tangrowth|Sleep Powder|p1a: Slowbro\n|-status|p1a: Slowbro|slp|[from] move: Sleep Powder\n|\n|upkeep\n|turn|12\n|\n|t:|1658767800\n|switch|p1a: Clefable|Clefable, M|100\/100\n|move|p2a: Tangrowth|Knock Off|p1a: Clefable\n|-resisted|p1a: Clefable\n|-damage|p1a: Clefable|95\/100\n|\n|upkeep\n|turn|13\n|\n|t:|1658767809\n|switch|p2a: Excadrill|Excadrill, M|100\/100\n|move|p1a: Clefable|Moonblast|p2a: Excadrill\n|-resisted|p2a: Excadrill\n|-damage|p2a: Excadrill|80\/100\n|\n|-heal|p2a: Excadrill|86\/100|[from] item: Leftovers\n|upkeep\n|turn|14\n|\n|t:|1658767822\n|switch|p1a: Corviknight|Corviknight, M|100\/100\n|move|p2a: Excadrill|Stealth Rock|p1a: Corviknight\n|-sidestart|p1: andrewm0n|move: Stealth Rock\n|\n|-heal|p2a: Excadrill|92\/100|[from] item: Leftovers\n|upkeep\n|turn|15\n|\n|t:|1658767838\n|switch|p2a: Corviknight|Corviknight, F|100\/100\n|-ability|p2a: Corviknight|Pressure\n|move|p1a: Corviknight|Defog|p2a: Corviknight\n|-unboost|p2a: Corviknight|evasion|1\n|-sideend|p1: andrewm0n|Stealth Rock|[from] move: Defog|[of] p1a: Corviknight\n|\n|upkeep\n|turn|16\n|j| roy31\n|l| roy31\n|j| The retro oatcake\n|\n|t:|1658767854\n|move|p2a: Corviknight|Bulk Up|p2a: Corviknight\n|-boost|p2a: Corviknight|atk|1\n|-boost|p2a: Corviknight|def|1\n|move|p1a: Corviknight|U-turn|p2a: Corviknight\n|-resisted|p2a: Corviknight\n|-crit|p2a: Corviknight\n|-damage|p2a: Corviknight|96\/100\n|\n|t:|1658767869\n|switch|p1a: Seismitoad|Seismitoad, M|100\/100|[from]move: U-turn\n|\n|-heal|p2a: Corviknight|100\/100|[from] item: Leftovers\n|upkeep\n|turn|17\n|\n|t:|1658767875\n|move|p2a: Corviknight|Bulk Up|p2a: Corviknight\n|-boost|p2a: Corviknight|atk|1\n|-boost|p2a: Corviknight|def|1\n|move|p1a: Seismitoad|Knock Off|p2a: Corviknight\n|-damage|p2a: Corviknight|91\/100\n|-enditem|p2a: Corviknight|Leftovers|[from] move: Knock Off|[of] p1a: Seismitoad\n|\n|upkeep\n|turn|18\n|\n|t:|1658767889\n|switch|p1a: Corviknight|Corviknight, M|100\/100\n|move|p2a: Corviknight|Brave Bird|p1a: Corviknight\n|-resisted|p1a: Corviknight\n|-damage|p1a: Corviknight|75\/100\n|-damage|p2a: Corviknight|75\/100|[from] item: Rocky Helmet|[of] p1a: Corviknight\n|-damage|p2a: Corviknight|67\/100|[from] Recoil\n|\n|upkeep\n|turn|19\n|\n|t:|1658767900\n|move|p2a: Corviknight|Roost|p2a: Corviknight\n|-heal|p2a: Corviknight|100\/100\n|-singleturn|p2a: Corviknight|move: Roost\n|move|p1a: Corviknight|U-turn|p2a: Corviknight\n|-resisted|p2a: Corviknight\n|-damage|p2a: Corviknight|97\/100\n|\n|t:|1658767905\n|switch|p1a: Polteageist|Polteageist|100\/100|[from]move: U-turn\n|\n|upkeep\n|turn|20\n|\n|t:|1658767914\n|move|p1a: Polteageist|Shell Smash|p1a: Polteageist\n|-unboost|p1a: Polteageist|def|1\n|-unboost|p1a: Polteageist|spd|1\n|-boost|p1a: Polteageist|atk|2\n|-boost|p1a: Polteageist|spa|2\n|-boost|p1a: Polteageist|spe|2\n|move|p2a: Corviknight|Brave Bird|p1a: Polteageist\n|-enditem|p1a: Polteageist|Focus Sash\n|-damage|p1a: Polteageist|1\/100\n|-ability|p1a: Polteageist|Weak Armor|boost\n|-unboost|p1a: Polteageist|def|1\n|-boost|p1a: Polteageist|spe|2\n|-damage|p2a: Corviknight|76\/100|[from] Recoil\n|\n|upkeep\n|turn|21\n|inactive|hypervortexreturns has 120 seconds left.\n|\n|t:|1658767949\n|switch|p2a: Hydreigon|Hydreigon, M|88\/100 psn\n|move|p1a: Polteageist|Shadow Ball|p2a: Hydreigon\n|-resisted|p2a: Hydreigon\n|-damage|p2a: Hydreigon|46\/100 psn\n|-unboost|p2a: Hydreigon|spd|1\n|\n|-heal|p2a: Hydreigon|53\/100 psn|[from] item: Leftovers\n|-damage|p2a: Hydreigon|40\/100 psn|[from] psn\n|upkeep\n|turn|22\n|inactive|hypervortexreturns has 120 seconds left.\n|\n|t:|1658767961\n|move|p1a: Polteageist|Shadow Ball|p2a: Hydreigon\n|-resisted|p2a: Hydreigon\n|-damage|p2a: Hydreigon|0 fnt\n|faint|p2a: Hydreigon\n|\n|upkeep\n|l| Firelord0zaii\n|inactive|hypervortexreturns has 120 seconds left.\n|\n|t:|1658767967\n|switch|p2a: Azumarill|Azumarill, F|75\/100\n|turn|23\n|\n|t:|1658767981\n|switch|p1a: Clefable|Clefable, M|95\/100\n|move|p2a: Azumarill|Aqua Jet|p1a: Clefable\n|-damage|p1a: Clefable|76\/100\n|\n|upkeep\n|turn|24\n|l| 50 at max\n|inactive|hypervortexreturns has 120 seconds left.\n|\n|t:|1658768003\n|switch|p2a: Excadrill|Excadrill, M|92\/100\n|move|p1a: Clefable|Wish|p1a: Clefable\n|\n|-heal|p2a: Excadrill|98\/100|[from] item: Leftovers\n|upkeep\n|turn|25\n|inactive|hypervortexreturns has 120 seconds left.\n|\n|t:|1658768016\n|switch|p1a: Corviknight|Corviknight, M|75\/100\n|move|p2a: Excadrill|Stealth Rock|p1a: Corviknight\n|-sidestart|p1: andrewm0n|move: Stealth Rock\n|\n|-heal|p1a: Corviknight|100\/100|[from] move: Wish|[wisher] Clefable\n|-heal|p2a: Excadrill|100\/100|[from] item: Leftovers\n|upkeep\n|turn|26\n|inactive|hypervortexreturns has 120 seconds left.\n|\n|t:|1658768034\n|switch|p2a: Corviknight|Corviknight, F|76\/100\n|-ability|p2a: Corviknight|Pressure\n|move|p1a: Corviknight|Defog|p2a: Corviknight\n|-unboost|p2a: Corviknight|evasion|1\n|-sideend|p1: andrewm0n|Stealth Rock|[from] move: Defog|[of] p1a: Corviknight\n|\n|upkeep\n|turn|27\n|inactive|hypervortexreturns has 120 seconds left.\n|j| hyperrot\n|\n|t:|1658768049\n|move|p2a: Corviknight|Bulk Up|p2a: Corviknight\n|-boost|p2a: Corviknight|atk|1\n|-boost|p2a: Corviknight|def|1\n|move|p1a: Corviknight|U-turn|p2a: Corviknight\n|-resisted|p2a: Corviknight\n|-damage|p2a: Corviknight|74\/100\n|\n|t:|1658768055\n|switch|p1a: Blaziken|Blaziken, M|83\/100|[from]move: U-turn\n|\n|-heal|p1a: Blaziken|89\/100|[from] item: Leftovers\n|upkeep\n|turn|28\n|inactive|hypervortexreturns has 120 seconds left.\n|j| porige45\n|j| 0SiegeWarfare\n|inactive|hypervortexreturns has 90 seconds left.\n|inactive|hypervortexreturns has 60 seconds left.\n|\n|t:|1658768121\n|move|p1a: Blaziken|Protect|p1a: Blaziken\n|-singleturn|p1a: Blaziken|Protect\n|move|p2a: Corviknight|Brave Bird|p1a: Blaziken\n|-activate|p1a: Blaziken|move: Protect\n|\n|-heal|p1a: Blaziken|95\/100|[from] item: Leftovers\n|-ability|p1a: Blaziken|Speed Boost|boost\n|-boost|p1a: Blaziken|spe|1\n|upkeep\n|turn|29\n|inactive|hypervortexreturns has 60 seconds left.\n|inactive|andrewm0n has 120 seconds left.\n|\n|t:|1658768168\n|switch|p2a: Azumarill|Azumarill, F|75\/100\n|move|p1a: Blaziken|Flare Blitz|p2a: Azumarill\n|-resisted|p2a: Azumarill\n|-damage|p2a: Azumarill|35\/100\n|-damage|p1a: Blaziken|80\/100|[from] Recoil\n|\n|-heal|p1a: Blaziken|86\/100|[from] item: Leftovers\n|-ability|p1a: Blaziken|Speed Boost|boost\n|-boost|p1a: Blaziken|spe|1\n|upkeep\n|turn|30\n|inactive|hypervortexreturns has 60 seconds left.\n|\n|t:|1658768181\n|move|p2a: Azumarill|Aqua Jet|p1a: Blaziken\n|-supereffective|p1a: Blaziken\n|-damage|p1a: Blaziken|15\/100\n|move|p1a: Blaziken|Flare Blitz|p2a: Azumarill\n|-resisted|p2a: Azumarill\n|-damage|p2a: Azumarill|0 fnt\n|faint|p2a: Azumarill\n|-damage|p1a: Blaziken|2\/100|[from] Recoil\n|\n|-heal|p1a: Blaziken|8\/100|[from] item: Leftovers\n|-ability|p1a: Blaziken|Speed Boost|boost\n|-boost|p1a: Blaziken|spe|1\n|upkeep\n|l| porige45\n|\n|t:|1658768196\n|switch|p2a: Tangrowth|Tangrowth, M|91\/100\n|turn|31\n|\n|t:|1658768204\n|switch|p1a: Clefable|Clefable, M|76\/100\n|move|p2a: Tangrowth|Knock Off|p1a: Clefable\n|-resisted|p1a: Clefable\n|-damage|p1a: Clefable|70\/100\n|\n|upkeep\n|turn|32\n|\n|t:|1658768215\n|switch|p1a: Blaziken|Blaziken, M|8\/100\n|switch|p2a: Excadrill|Excadrill, M|100\/100\n|\n|-heal|p1a: Blaziken|14\/100|[from] item: Leftovers\n|upkeep\n|turn|33\n|\n|t:|1658768226\n|switch|p2a: Tangrowth|Tangrowth, M|100\/100\n|move|p1a: Blaziken|Protect||[still]\n|-fail|p1a: Blaziken\n|\n|-heal|p1a: Blaziken|20\/100|[from] item: Leftovers\n|-ability|p1a: Blaziken|Speed Boost|boost\n|-boost|p1a: Blaziken|spe|1\n|upkeep\n|turn|34\n|\n|t:|1658768240\n|switch|p2a: Excadrill|Excadrill, M|100\/100\n|move|p1a: Blaziken|Protect||[still]\n|-fail|p1a: Blaziken\n|\n|-heal|p1a: Blaziken|26\/100|[from] item: Leftovers\n|-ability|p1a: Blaziken|Speed Boost|boost\n|-boost|p1a: Blaziken|spe|1\n|upkeep\n|turn|35\n|j| zozimus\n|\n|t:|1658768251\n|switch|p2a: Tangrowth|Tangrowth, M|100\/100\n|move|p1a: Blaziken|Protect||[still]\n|-fail|p1a: Blaziken\n|\n|-heal|p1a: Blaziken|32\/100|[from] item: Leftovers\n|-ability|p1a: Blaziken|Speed Boost|boost\n|-boost|p1a: Blaziken|spe|1\n|upkeep\n|turn|36\n|\n|t:|1658768265\n|move|p1a: Blaziken|Protect|p1a: Blaziken\n|-singleturn|p1a: Blaziken|Protect\n|move|p2a: Tangrowth|Power Whip|p1a: Blaziken\n|-activate|p1a: Blaziken|move: Protect\n|\n|-heal|p1a: Blaziken|38\/100|[from] item: Leftovers\n|-ability|p1a: Blaziken|Speed Boost|boost\n|-boost|p1a: Blaziken|spe|1\n|upkeep\n|turn|37\n|\n|t:|1658768280\n|switch|p1a: Seismitoad|Seismitoad, M|100\/100\n|move|p2a: Tangrowth|Power Whip|p1a: Seismitoad\n|-supereffective|p1a: Seismitoad\n|-damage|p1a: Seismitoad|0 fnt\n|faint|p1a: Seismitoad\n|\n|upkeep\n|\n|t:|1658768291\n|switch|p1a: Polteageist|Polteageist|1\/100\n|turn|38\n|inactive|hypervortexreturns has 60 seconds left.\n|\n|t:|1658768319\n|switch|p2a: Excadrill|Excadrill, M|100\/100\n|move|p1a: Polteageist|Shadow Ball|p2a: Excadrill\n|-damage|p2a: Excadrill|39\/100\n|\n|-heal|p2a: Excadrill|45\/100|[from] item: Leftovers\n|upkeep\n|turn|39\n|\n|t:|1658768331\n|switch|p1a: Corviknight|Corviknight, M|100\/100\n|move|p2a: Excadrill|Iron Head|p1a: Corviknight\n|-resisted|p1a: Corviknight\n|-damage|p1a: Corviknight|86\/100\n|-damage|p2a: Excadrill|28\/100|[from] item: Rocky Helmet|[of] p1a: Corviknight\n|\n|-heal|p2a: Excadrill|34\/100|[from] item: Leftovers\n|upkeep\n|turn|40\n|\n|t:|1658768344\n|move|p2a: Excadrill|Stealth Rock|p1a: Corviknight\n|-sidestart|p1: andrewm0n|move: Stealth Rock\n|move|p1a: Corviknight|Brave Bird|p2a: Excadrill\n|-resisted|p2a: Excadrill\n|-damage|p2a: Excadrill|7\/100\n|-damage|p1a: Corviknight|78\/100|[from] Recoil\n|\n|-heal|p2a: Excadrill|13\/100|[from] item: Leftovers\n|upkeep\n|turn|41\n|\n|t:|1658768366\n|switch|p2a: Corviknight|Corviknight, F|74\/100\n|-ability|p2a: Corviknight|Pressure\n|move|p1a: Corviknight|Defog|p2a: Corviknight\n|-unboost|p2a: Corviknight|evasion|1\n|-sideend|p1: andrewm0n|Stealth Rock|[from] move: Defog|[of] p1a: Corviknight\n|\n|upkeep\n|turn|42\n|inactive|hypervortexreturns has 30 seconds left.\n|j| 50 at max\n|\n|t:|1658768391\n|move|p2a: Corviknight|Bulk Up|p2a: Corviknight\n|-boost|p2a: Corviknight|atk|1\n|-boost|p2a: Corviknight|def|1\n|move|p1a: Corviknight|U-turn|p2a: Corviknight\n|-resisted|p2a: Corviknight\n|-damage|p2a: Corviknight|72\/100\n|inactive|hypervortexreturns has 30 seconds left this turn.\n|\n|t:|1658768398\n|switch|p1a: Blaziken|Blaziken, M|38\/100|[from]move: U-turn\n|\n|-heal|p1a: Blaziken|44\/100|[from] item: Leftovers\n|upkeep\n|turn|43\n|\n|t:|1658768409\n|switch|p1a: Polteageist|Polteageist|1\/100\n|move|p2a: Corviknight|Bulk Up|p2a: Corviknight\n|-boost|p2a: Corviknight|atk|1\n|-boost|p2a: Corviknight|def|1\n|\n|upkeep\n|turn|44\n|\n|t:|1658768432\n|move|p1a: Polteageist|Shadow Ball|p2a: Corviknight\n|-damage|p2a: Corviknight|36\/100\n|move|p2a: Corviknight|Roost|p2a: Corviknight\n|-heal|p2a: Corviknight|86\/100\n|-singleturn|p2a: Corviknight|move: Roost\n|\n|upkeep\n|turn|45\n|\n|t:|1658768443\n|move|p1a: Polteageist|Shadow Ball|p2a: Corviknight\n|-damage|p2a: Corviknight|51\/100\n|-unboost|p2a: Corviknight|spd|1\n|move|p2a: Corviknight|Brave Bird|p1a: Polteageist\n|-damage|p1a: Polteageist|0 fnt\n|faint|p1a: Polteageist\n|-damage|p2a: Corviknight|51\/100|[from] Recoil\n|\n|upkeep\n|\n|t:|1658768453\n|switch|p1a: Blaziken|Blaziken, M|44\/100\n|turn|46\n|\n|t:|1658768465\n|switch|p2a: Excadrill|Excadrill, M|13\/100\n|move|p1a: Blaziken|Flare Blitz|p2a: Excadrill\n|-supereffective|p2a: Excadrill\n|-damage|p2a: Excadrill|0 fnt\n|faint|p2a: Excadrill\n|-damage|p1a: Blaziken|39\/100|[from] Recoil\n|\n|-heal|p1a: Blaziken|45\/100|[from] item: Leftovers\n|-ability|p1a: Blaziken|Speed Boost|boost\n|-boost|p1a: Blaziken|spe|1\n|upkeep\n|l| zozimus\n|\n|t:|1658768478\n|switch|p2a: Tangrowth|Tangrowth, M|100\/100\n|turn|47\n|\n|t:|1658768492\n|switch|p1a: Clefable|Clefable, M|70\/100\n|move|p2a: Tangrowth|Power Whip|p1a: Clefable\n|-damage|p1a: Clefable|37\/100\n|\n|upkeep\n|turn|48\n|\n|t:|1658768503\n|switch|p2a: Corviknight|Corviknight, F|51\/100\n|-ability|p2a: Corviknight|Pressure\n|move|p1a: Clefable|Wish|p1a: Clefable\n|\n|upkeep\n|turn|49\n|\n|t:|1658768517\n|switch|p1a: Blaziken|Blaziken, M|45\/100\n|move|p2a: Corviknight|Roost|p2a: Corviknight\n|-heal|p2a: Corviknight|100\/100\n|-singleturn|p2a: Corviknight|move: Roost\n|\n|-heal|p1a: Blaziken|100\/100|[from] move: Wish|[wisher] Clefable\n|upkeep\n|turn|50\n|\n|t:|1658768532\n|move|p1a: Blaziken|Flare Blitz|p2a: Corviknight\n|-supereffective|p2a: Corviknight\n|-damage|p2a: Corviknight|0 fnt\n|faint|p2a: Corviknight\n|-damage|p1a: Blaziken|57\/100|[from] Recoil\n|\n|-heal|p1a: Blaziken|63\/100|[from] item: Leftovers\n|-ability|p1a: Blaziken|Speed Boost|boost\n|-boost|p1a: Blaziken|spe|1\n|upkeep\n|l| 50 at max\n|-message|hypervortexreturns forfeited.\n|\n|win|andrewm0n\n|raw|andrewm0n's rating: 1842 &rarr; <strong>1862<\/strong><br \/>(+20 for winning)\n|raw|hypervortexreturns's rating: 1841 &rarr; <strong>1821<\/strong><br \/>(-20 for losing)\n|l|\u203dhypervortexreturns\n|l| liet32120\n|l|\u2606andrewm0n\n||Ladder isn't responding, score probably updated but might not have (Request timeout).\n|l| hyperrot\n|j| Firelord0zaii\n","uploadtime":1658768976,"views":96,"p1id":"andrewm0n","p2id":"hypervortexreturns","formatid":"gen8ou","rating":1821,"private":0,"password":null}