{"id":"gen8balancedhackmons-1701496739","p1":"Soul Dew Latias","p2":"Redflix","format":"gen8balancedhackmons","log":"|j|\u2606Soul Dew Latias\n|j|\u2606Redflix\n|t:|1667450484\n|gametype|singles\n|player|p1|Soul Dew Latias|#teamskymin|1669\n|player|p2|Redflix|erika|1675\n|teamsize|p1|6\n|teamsize|p2|6\n|gen|8\n|tier|[Gen 8] Balanced Hackmons\n|rated|\n|rule|OHKO Clause: OHKO moves are banned\n|rule|Evasion Moves Clause: Evasion moves are banned\n|rule|Forme Clause: Limit one of each forme of a Pok\u00e9mon\n|rule|HP Percentage Mod: HP is shown in percentages\n|rule|Dynamax Clause: You cannot dynamax\n|rule|Sleep Clause: Sleep-inducing moves are banned\n|rule|Endless Battle Clause: Forcing endless battles is banned\n|clearpoke\n|poke|p1|Necrozma-Dusk-Mane, F|\n|poke|p1|Reshiram, M|\n|poke|p1|Xerneas-*, F|\n|poke|p1|Giratina, M|\n|poke|p1|Zamazenta-Crowned, M|\n|poke|p1|Kyogre, F|\n|poke|p2|Giratina|\n|poke|p2|Zacian-*|\n|poke|p2|Groudon|\n|poke|p2|Yveltal|\n|poke|p2|Heatran, M|\n|poke|p2|Tapu Fini|\n|teampreview\n|inactive|Battle timer is ON: inactive players will automatically lose when time's up. (requested by Soul Dew Latias)\n|c|\u2606Soul Dew Latias|Good luck.\n|inactive|Redflix has 120 seconds left.\n|inactive|Redflix has 90 seconds left.\n|inactive|Redflix has 60 seconds left.\n|inactive|Redflix has 30 seconds left.\n|inactive|Redflix has 20 seconds left.\n|\n|t:|1667450637\n|start\n|switch|p1a: Lifeline|Kyogre, F|100\/100\n|switch|p2a: Heatran|Heatran, M|100\/100\n|turn|1\n|c|\u2606Redflix|hf\n|\n|t:|1667450642\n|move|p1a: Lifeline|Scald|p2a: Heatran\n|-supereffective|p2a: Heatran\n|-damage|p2a: Heatran|60\/100\n|move|p2a: Heatran|Nuzzle|p1a: Lifeline\n|-supereffective|p1a: Lifeline\n|-damage|p1a: Lifeline|92\/100\n|-status|p1a: Lifeline|par\n|\n|-heal|p1a: Lifeline|98\/100 par|[from] item: Leftovers\n|upkeep\n|turn|2\n|\n|t:|1667450647\n|move|p2a: Heatran|U-turn|p1a: Lifeline\n|-damage|p1a: Lifeline|85\/100 par\n|\n|t:|1667450650\n|switch|p2a: Giratina|Giratina|100\/100|[from]move: U-turn\n|move|p1a: Lifeline|Scald|p2a: Giratina\n|-resisted|p2a: Giratina\n|-damage|p2a: Giratina|90\/100\n|\n|-heal|p2a: Giratina|97\/100|[from] item: Leftovers\n|-heal|p1a: Lifeline|91\/100 par|[from] item: Leftovers\n|upkeep\n|turn|3\n|\n|t:|1667450652\n|move|p2a: Giratina|Knock Off|p1a: Lifeline\n|-damage|p1a: Lifeline|72\/100 par\n|-enditem|p1a: Lifeline|Leftovers|[from] move: Knock Off|[of] p2a: Giratina\n|cant|p1a: Lifeline|par\n|\n|-heal|p2a: Giratina|100\/100|[from] item: Leftovers\n|upkeep\n|turn|4\n|inactive|Redflix has 120 seconds left.\n|\n|t:|1667450657\n|switch|p2a: Heatran|Heatran, M|93\/100\n|cant|p1a: Lifeline|par\n|\n|upkeep\n|turn|5\n|\n|t:|1667450661\n|move|p2a: Heatran|U-turn|p1a: Lifeline\n|-damage|p1a: Lifeline|59\/100 par\n|\n|t:|1667450663\n|switch|p2a: Yveltal|Yveltal|100\/100|[from]move: U-turn\n|cant|p1a: Lifeline|par\n|\n|upkeep\n|turn|6\n|\n|t:|1667450667\n|switch|p1a: Advent|Zamazenta-Crowned, M|100\/100\n|move|p2a: Yveltal|Boomburst|p1a: Advent\n|-damage|p1a: Advent|56\/100\n|\n|-heal|p1a: Advent|62\/100|[from] item: Leftovers\n|upkeep\n|turn|7\n|\n|t:|1667450669\n|move|p1a: Advent|Entrainment|p2a: Yveltal\n|-endability|p2a: Yveltal|Aerilate|[from] move: Entrainment\n|-ability|p2a: Yveltal|Flash Fire|[from] move: Entrainment\n|move|p2a: Yveltal|Volt Switch|p1a: Advent\n|-damage|p1a: Advent|49\/100\n|\n|t:|1667450673\n|switch|p2a: Groudon|Groudon|100\/100|[from]move: Volt Switch\n|\n|-heal|p1a: Advent|55\/100|[from] item: Leftovers\n|-status|p2a: Groudon|tox|[from] item: Toxic Orb\n|upkeep\n|turn|8\n|\n|t:|1667450680\n|switch|p1a: Great Wall|Giratina, M|100\/100\n|move|p2a: Groudon|Glare|p1a: Great Wall\n|-status|p1a: Great Wall|par\n|\n|upkeep\n|turn|9\n|\n|t:|1667450686\n|switch|p2a: Tapu Fini|Tapu Fini|100\/100\n|move|p1a: Great Wall|Spectral Thief|p2a: Tapu Fini\n|-damage|p2a: Tapu Fini|70\/100\n|-damage|p1a: Great Wall|84\/100 par|[from] item: Rocky Helmet|[of] p2a: Tapu Fini\n|\n|upkeep\n|turn|10\n|\n|t:|1667450691\n|switch|p1a: Reborn|Reshiram, M|100\/100\n|move|p2a: Tapu Fini|Flip Turn|p1a: Reborn\n|-damage|p1a: Reborn|86\/100\n|\n|t:|1667450697\n|switch|p2a: Groudon|Groudon|100\/100 tox|[from]move: Flip Turn\n|\n|-status|p1a: Reborn|tox|[from] item: Toxic Orb\n|upkeep\n|turn|11\n|\n|t:|1667450702\n|switch|p1a: Great Wall|Giratina, M|84\/100 par\n|move|p2a: Groudon|Thousand Arrows|p1a: Great Wall\n|-damage|p1a: Great Wall|71\/100 par\n|\n|upkeep\n|turn|12\n|\n|t:|1667450705\n|move|p2a: Groudon|Spikes|p1a: Great Wall\n|-sidestart|p1: Soul Dew Latias|Spikes\n|cant|p1a: Great Wall|par\n|\n|upkeep\n|turn|13\n|\n|t:|1667450709\n|switch|p2a: Yveltal|Yveltal|100\/100\n|move|p1a: Great Wall|Roost|p1a: Great Wall\n|-heal|p1a: Great Wall|100\/100 par\n|-singleturn|p1a: Great Wall|move: Roost\n|\n|upkeep\n|turn|14\n|\n|t:|1667450714\n|switch|p1a: Unfound|Xerneas, F|100\/100\n|-damage|p1a: Unfound|88\/100|[from] Spikes\n|move|p2a: Yveltal|Boomburst|p1a: Unfound\n|-damage|p1a: Unfound|34\/100\n|\n|-status|p1a: Unfound|tox|[from] item: Toxic Orb\n|upkeep\n|turn|15\n|\n|t:|1667450716\n|move|p2a: Yveltal|Boomburst|p1a: Unfound\n|-damage|p1a: Unfound|0 fnt\n|faint|p1a: Unfound\n|\n|upkeep\n|\n|t:|1667450719\n|switch|p1a: Advent|Zamazenta-Crowned, M|55\/100\n|-damage|p1a: Advent|43\/100|[from] Spikes\n|turn|16\n|\n|t:|1667450722\n|move|p1a: Advent|Recover|p1a: Advent\n|-heal|p1a: Advent|93\/100\n|move|p2a: Yveltal|Volt Switch|p1a: Advent\n|-damage|p1a: Advent|81\/100\n|\n|t:|1667450727\n|switch|p2a: Groudon|Groudon|100\/100 tox|[from]move: Volt Switch\n|\n|-heal|p1a: Advent|87\/100|[from] item: Leftovers\n|upkeep\n|turn|17\n|\n|t:|1667450732\n|switch|p1a: Great Wall|Giratina, M|100\/100 par\n|-damage|p1a: Great Wall|88\/100 par|[from] Spikes\n|move|p2a: Groudon|Swords Dance|p2a: Groudon\n|-boost|p2a: Groudon|atk|2\n|\n|upkeep\n|turn|18\n|\n|t:|1667450736\n|move|p2a: Groudon|Thousand Arrows|p1a: Great Wall\n|-damage|p1a: Great Wall|65\/100 par\n|move|p1a: Great Wall|Spectral Thief||[still]\n|-clearpositiveboost|p2a: Groudon|p1a: Great Wall|move: Spectral Thief\n|-boost|p1a: Great Wall|atk|2\n|-anim|p1a: Great Wall|Spectral Thief|p2a: Groudon\n|-damage|p2a: Groudon|49\/100 tox\n|\n|-heal|p2a: Groudon|61\/100 tox|[from] ability: Poison Heal\n|upkeep\n|turn|19\n|\n|t:|1667450742\n|switch|p2a: Yveltal|Yveltal|100\/100\n|move|p1a: Great Wall|Defog|p2a: Yveltal\n|-unboost|p2a: Yveltal|evasion|1\n|-sideend|p1: Soul Dew Latias|Spikes|[from] move: Defog|[of] p1a: Great Wall\n|\n|upkeep\n|turn|20\n|\n|t:|1667450748\n|switch|p1a: Advent|Zamazenta-Crowned, M|87\/100\n|move|p2a: Yveltal|Volt Switch|p1a: Advent\n|-damage|p1a: Advent|74\/100\n|\n|t:|1667450751\n|switch|p2a: Groudon|Groudon|61\/100 tox|[from]move: Volt Switch\n|\n|-heal|p1a: Advent|81\/100|[from] item: Leftovers\n|-heal|p2a: Groudon|74\/100 tox|[from] ability: Poison Heal\n|upkeep\n|turn|21\n|\n|t:|1667450754\n|move|p1a: Advent|Entrainment|p2a: Groudon\n|-endability|p2a: Groudon|Poison Heal|[from] move: Entrainment\n|-ability|p2a: Groudon|Flash Fire|[from] move: Entrainment\n|move|p2a: Groudon|Spikes|p1a: Advent\n|-sidestart|p1: Soul Dew Latias|Spikes\n|\n|-heal|p1a: Advent|87\/100|[from] item: Leftovers\n|-damage|p2a: Groudon|61\/100 tox|[from] psn\n|upkeep\n|turn|22\n|\n|t:|1667450758\n|switch|p2a: Giratina|Giratina|100\/100\n|move|p1a: Advent|Thunderous Kick|p2a: Giratina\n|-immune|p2a: Giratina\n|\n|-heal|p1a: Advent|93\/100|[from] item: Leftovers\n|upkeep\n|turn|23\n|\n|t:|1667450762\n|switch|p1a: Great Wall|Giratina, M|65\/100 par\n|-damage|p1a: Great Wall|53\/100 par|[from] Spikes\n|move|p2a: Giratina|Knock Off|p1a: Great Wall\n|-supereffective|p1a: Great Wall\n|-damage|p1a: Great Wall|45\/100 par\n|\n|upkeep\n|turn|24\n|\n|t:|1667450765\n|switch|p2a: Zacian|Zacian|100\/100\n|cant|p1a: Great Wall|par\n|\n|upkeep\n|turn|25\n|\n|t:|1667450767\n|move|p2a: Zacian|Swords Dance|p2a: Zacian\n|-boost|p2a: Zacian|atk|2\n|move|p1a: Great Wall|Roost|p1a: Great Wall\n|-heal|p1a: Great Wall|95\/100 par\n|-singleturn|p1a: Great Wall|move: Roost\n|\n|upkeep\n|turn|26\n|\n|t:|1667450770\n|move|p2a: Zacian|Multi-Attack|p1a: Great Wall\n|-supereffective|p1a: Great Wall\n|-damage|p1a: Great Wall|28\/100 par\n|move|p1a: Great Wall|Spectral Thief||[still]\n|-clearpositiveboost|p2a: Zacian|p1a: Great Wall|move: Spectral Thief\n|-boost|p1a: Great Wall|atk|2\n|-anim|p1a: Great Wall|Spectral Thief|p2a: Zacian\n|-damage|p2a: Zacian|42\/100\n|\n|upkeep\n|turn|27\n|\n|t:|1667450773\n|switch|p1a: Fantasia|Necrozma-Dusk-Mane, F, shiny|100\/100\n|-damage|p1a: Fantasia|88\/100|[from] Spikes\n|move|p2a: Zacian|Multi-Attack|p1a: Fantasia\n|-resisted|p1a: Fantasia\n|-damage|p1a: Fantasia|65\/100\n|\n|-heal|p1a: Fantasia|71\/100|[from] item: Leftovers\n|upkeep\n|turn|28\n|\n|t:|1667450776\n|switch|p1a: Advent|Zamazenta-Crowned, M|93\/100\n|-damage|p1a: Advent|81\/100|[from] Spikes\n|move|p2a: Zacian|Swords Dance|p2a: Zacian\n|-boost|p2a: Zacian|atk|2\n|\n|-heal|p1a: Advent|87\/100|[from] item: Leftovers\n|upkeep\n|turn|29\n|\n|t:|1667450779\n|move|p2a: Zacian|Fishious Rend|p1a: Advent\n|-damage|p1a: Advent|16\/100\n|move|p1a: Advent|Anchor Shot|p2a: Zacian\n|-supereffective|p2a: Zacian\n|-damage|p2a: Zacian|0 fnt\n|faint|p2a: Zacian\n|\n|-heal|p1a: Advent|23\/100|[from] item: Leftovers\n|upkeep\n|\n|t:|1667450783\n|switch|p2a: Groudon|Groudon|61\/100 tox\n|turn|30\n|\n|t:|1667450787\n|move|p1a: Advent|Entrainment|p2a: Groudon\n|-endability|p2a: Groudon|Poison Heal|[from] move: Entrainment\n|-ability|p2a: Groudon|Flash Fire|[from] move: Entrainment\n|move|p2a: Groudon|Thousand Arrows|p1a: Advent\n|-supereffective|p1a: Advent\n|-damage|p1a: Advent|0 fnt\n|faint|p1a: Advent\n|\n|-damage|p2a: Groudon|55\/100 tox|[from] psn\n|upkeep\n|\n|t:|1667450792\n|switch|p1a: Great Wall|Giratina, M|28\/100 par\n|-damage|p1a: Great Wall|15\/100 par|[from] Spikes\n|turn|31\n|\n|t:|1667450794\n|switch|p2a: Yveltal|Yveltal|100\/100\n|move|p1a: Great Wall|Defog|p2a: Yveltal\n|-unboost|p2a: Yveltal|evasion|1\n|-sideend|p1: Soul Dew Latias|Spikes|[from] move: Defog|[of] p1a: Great Wall\n|\n|upkeep\n|turn|32\n|\n|t:|1667450797\n|move|p2a: Yveltal|Boomburst|p1a: Great Wall\n|-damage|p1a: Great Wall|0 fnt\n|faint|p1a: Great Wall\n|\n|upkeep\n|\n|t:|1667450799\n|switch|p1a: Reborn|Reshiram, M|86\/100 tox\n|turn|33\n|\n|t:|1667450801\n|move|p2a: Yveltal|Volt Switch|p1a: Reborn\n|-resisted|p1a: Reborn\n|-crit|p1a: Reborn\n|-damage|p1a: Reborn|76\/100 tox\n|\n|t:|1667450803\n|switch|p2a: Heatran|Heatran, M|100\/100|[from]move: Volt Switch\n|move|p1a: Reborn|Quiver Dance|p1a: Reborn\n|-boost|p1a: Reborn|spa|1\n|-boost|p1a: Reborn|spd|1\n|-boost|p1a: Reborn|spe|1\n|\n|-heal|p1a: Reborn|88\/100 tox|[from] ability: Poison Heal\n|upkeep\n|turn|34\n|\n|t:|1667450806\n|move|p1a: Reborn|Baneful Bunker|p1a: Reborn\n|-singleturn|p1a: Reborn|move: Protect\n|move|p2a: Heatran|Spectral Thief|p1a: Reborn\n|-activate|p1a: Reborn|move: Protect\n|\n|-heal|p1a: Reborn|100\/100 tox|[from] ability: Poison Heal\n|upkeep\n|turn|35\n|\n|t:|1667450809\n|move|p1a: Reborn|Lava Plume|p2a: Heatran\n|-damage|p2a: Heatran|73\/100\n|move|p2a: Heatran|Spectral Thief||[still]\n|-clearpositiveboost|p1a: Reborn|p2a: Heatran|move: Spectral Thief\n|-boost|p2a: Heatran|spa|1\n|-boost|p2a: Heatran|spd|1\n|-boost|p2a: Heatran|spe|1\n|-anim|p2a: Heatran|Spectral Thief|p1a: Reborn\n|-damage|p1a: Reborn|83\/100 tox\n|\n|-heal|p1a: Reborn|95\/100 tox|[from] ability: Poison Heal\n|upkeep\n|turn|36\n|\n|t:|1667450812\n|move|p1a: Reborn|Quiver Dance|p1a: Reborn\n|-boost|p1a: Reborn|spa|1\n|-boost|p1a: Reborn|spd|1\n|-boost|p1a: Reborn|spe|1\n|move|p2a: Heatran|U-turn|p1a: Reborn\n|-resisted|p1a: Reborn\n|-damage|p1a: Reborn|89\/100 tox\n|\n|t:|1667450813\n|switch|p2a: Tapu Fini|Tapu Fini|70\/100|[from]move: U-turn\n|\n|-heal|p1a: Reborn|100\/100 tox|[from] ability: Poison Heal\n|upkeep\n|turn|37\n|\n|t:|1667450816\n|move|p2a: Tapu Fini|Topsy-Turvy|p1a: Reborn\n|-invertboost|p1a: Reborn|[from] move: Topsy-Turvy\n|move|p1a: Reborn|Lava Plume|p2a: Tapu Fini\n|-resisted|p2a: Tapu Fini\n|-damage|p2a: Tapu Fini|60\/100\n|-status|p2a: Tapu Fini|brn\n|\n|-damage|p2a: Tapu Fini|54\/100 brn|[from] brn\n|upkeep\n|turn|38\n|\n|t:|1667450818\n|switch|p1a: Fantasia|Necrozma-Dusk-Mane, F, shiny|71\/100\n|move|p2a: Tapu Fini|Shore Up|p2a: Tapu Fini\n|-heal|p2a: Tapu Fini|100\/100 brn\n|\n|-heal|p1a: Fantasia|77\/100|[from] item: Leftovers\n|-damage|p2a: Tapu Fini|94\/100 brn|[from] brn\n|upkeep\n|turn|39\n|\n|t:|1667450822\n|move|p2a: Tapu Fini|Flip Turn|p1a: Fantasia\n|-damage|p1a: Fantasia|71\/100\n|\n|t:|1667450826\n|switch|p2a: Giratina|Giratina|100\/100|[from]move: Flip Turn\n|move|p1a: Fantasia|Spikes|p2a: Giratina\n|-sidestart|p2: Redflix|Spikes\n|\n|-heal|p1a: Fantasia|77\/100|[from] item: Leftovers\n|upkeep\n|turn|40\n|\n|t:|1667450830\n|move|p1a: Fantasia|Spikes|p2a: Giratina\n|-sidestart|p2: Redflix|Spikes\n|move|p2a: Giratina|Knock Off|p1a: Fantasia\n|-supereffective|p1a: Fantasia\n|-damage|p1a: Fantasia|46\/100\n|-enditem|p1a: Fantasia|Leftovers|[from] move: Knock Off|[of] p2a: Giratina\n|\n|upkeep\n|turn|41\n|\n|t:|1667450834\n|switch|p2a: Yveltal|Yveltal|100\/100\n|move|p1a: Fantasia|Strength Sap|p2a: Yveltal\n|-unboost|p2a: Yveltal|atk|1\n|-heal|p1a: Fantasia|100\/100\n|\n|upkeep\n|turn|42\n|\n|t:|1667450841\n|move|p2a: Yveltal|Rapid Spin|p1a: Fantasia\n|-resisted|p1a: Fantasia\n|-damage|p1a: Fantasia|96\/100\n|-boost|p2a: Yveltal|spe|1\n|-sideend|p2: Redflix|Spikes|[from] move: Rapid Spin|[of] p2a: Yveltal\n|move|p1a: Fantasia|Corrosive Gas|p2a: Yveltal\n|-enditem|p2a: Yveltal|Heavy-Duty Boots|[from] move: Corrosive Gas|[of] p1a: Fantasia\n|\n|upkeep\n|turn|43\n|\n|t:|1667450844\n|move|p2a: Yveltal|Volt Switch|p1a: Fantasia\n|-damage|p1a: Fantasia|81\/100\n|\n|t:|1667450846\n|switch|p2a: Groudon|Groudon|55\/100 tox|[from]move: Volt Switch\n|move|p1a: Fantasia|Spikes|p2a: Groudon\n|-sidestart|p2: Redflix|Spikes\n|\n|-heal|p2a: Groudon|68\/100 tox|[from] ability: Poison Heal\n|upkeep\n|turn|44\n|j| curse zero\n|\n|t:|1667450850\n|switch|p1a: Lifeline|Kyogre, F|59\/100 par\n|move|p2a: Groudon|Thousand Arrows|p1a: Lifeline\n|-damage|p1a: Lifeline|21\/100 par\n|\n|-heal|p2a: Groudon|80\/100 tox|[from] ability: Poison Heal\n|upkeep\n|turn|45\n|\n|t:|1667450853\n|move|p2a: Groudon|Thousand Arrows|p1a: Lifeline\n|-damage|p1a: Lifeline|0 fnt\n|faint|p1a: Lifeline\n|\n|-heal|p2a: Groudon|92\/100 tox|[from] ability: Poison Heal\n|upkeep\n|\n|t:|1667450854\n|switch|p1a: Reborn|Reshiram, M|100\/100 tox\n|turn|46\n|\n|t:|1667450859\n|switch|p2a: Heatran|Heatran, M|100\/100\n|-damage|p2a: Heatran|88\/100|[from] Spikes\n|move|p1a: Reborn|Dragon Energy|p2a: Heatran\n|-resisted|p2a: Heatran\n|-damage|p2a: Heatran|71\/100\n|\n|upkeep\n|turn|47\n|\n|t:|1667450863\n|move|p1a: Reborn|Quiver Dance|p1a: Reborn\n|-boost|p1a: Reborn|spa|1\n|-boost|p1a: Reborn|spd|1\n|-boost|p1a: Reborn|spe|1\n|move|p2a: Heatran|U-turn|p1a: Reborn\n|-resisted|p1a: Reborn\n|-damage|p1a: Reborn|95\/100 tox\n|\n|t:|1667450865\n|switch|p2a: Tapu Fini|Tapu Fini|94\/100 brn|[from]move: U-turn\n|-damage|p2a: Tapu Fini|82\/100 brn|[from] Spikes\n|\n|-heal|p1a: Reborn|100\/100 tox|[from] ability: Poison Heal\n|-damage|p2a: Tapu Fini|76\/100 brn|[from] brn\n|upkeep\n|turn|48\n|\n|t:|1667450867\n|switch|p1a: Fantasia|Necrozma-Dusk-Mane, F, shiny|81\/100\n|move|p2a: Tapu Fini|Encore||[still]\n|-fail|p2a: Tapu Fini\n|\n|-damage|p2a: Tapu Fini|70\/100 brn|[from] brn\n|upkeep\n|turn|49\n|\n|t:|1667450873\n|move|p2a: Tapu Fini|Flip Turn|p1a: Fantasia\n|-damage|p1a: Fantasia|74\/100\n|c| curse zero|the top players are battling\n|\n|t:|1667450876\n|switch|p2a: Groudon|Groudon|92\/100 tox|[from]move: Flip Turn\n|-damage|p2a: Groudon|80\/100 tox|[from] Spikes\n|move|p1a: Fantasia|Anchor Shot|p2a: Groudon\n|-damage|p2a: Groudon|51\/100 tox\n|-activate|p2a: Groudon|trapped\n|\n|-heal|p2a: Groudon|64\/100 tox|[from] ability: Poison Heal\n|upkeep\n|turn|50\n|\n|t:|1667450879\n|move|p2a: Groudon|Thousand Arrows|p1a: Fantasia\n|-supereffective|p1a: Fantasia\n|-damage|p1a: Fantasia|9\/100\n|move|p1a: Fantasia|Strength Sap|p2a: Groudon\n|-unboost|p2a: Groudon|atk|1\n|-heal|p1a: Fantasia|100\/100\n|\n|-heal|p2a: Groudon|76\/100 tox|[from] ability: Poison Heal\n|upkeep\n|turn|51\n|\n|t:|1667450884\n|switch|p1a: Reborn|Reshiram, M|100\/100 tox\n|move|p2a: Groudon|Swords Dance|p2a: Groudon\n|-boost|p2a: Groudon|atk|2\n|\n|-heal|p2a: Groudon|89\/100 tox|[from] ability: Poison Heal\n|upkeep\n|turn|52\n|\n|t:|1667450888\n|switch|p2a: Tapu Fini|Tapu Fini|70\/100 brn\n|-damage|p2a: Tapu Fini|57\/100 brn|[from] Spikes\n|move|p1a: Reborn|Dragon Energy|p2a: Tapu Fini\n|-immune|p2a: Tapu Fini\n|\n|-damage|p2a: Tapu Fini|51\/100 brn|[from] brn\n|upkeep\n|turn|53\n|\n|t:|1667450891\n|switch|p1a: Fantasia|Necrozma-Dusk-Mane, F, shiny|100\/100\n|move|p2a: Tapu Fini|Shore Up|p2a: Tapu Fini\n|-heal|p2a: Tapu Fini|100\/100 brn\n|\n|-damage|p2a: Tapu Fini|94\/100 brn|[from] brn\n|upkeep\n|turn|54\n|\n|t:|1667450894\n|move|p2a: Tapu Fini|Flip Turn|p1a: Fantasia\n|-damage|p1a: Fantasia|94\/100\n|\n|t:|1667450897\n|switch|p2a: Groudon|Groudon|89\/100 tox|[from]move: Flip Turn\n|-damage|p2a: Groudon|76\/100 tox|[from] Spikes\n|move|p1a: Fantasia|Spikes|p2a: Groudon\n|-sidestart|p2: Redflix|Spikes\n|\n|-heal|p2a: Groudon|89\/100 tox|[from] ability: Poison Heal\n|upkeep\n|turn|55\n|\n|t:|1667450900\n|switch|p1a: Reborn|Reshiram, M|100\/100 tox\n|move|p2a: Groudon|Thousand Arrows|p1a: Reborn\n|-supereffective|p1a: Reborn\n|-damage|p1a: Reborn|17\/100 tox\n|\n|-heal|p1a: Reborn|30\/100 tox|[from] ability: Poison Heal\n|-heal|p2a: Groudon|100\/100 tox|[from] ability: Poison Heal\n|upkeep\n|turn|56\n|\n|t:|1667450904\n|move|p1a: Reborn|Lava Plume|p2a: Groudon\n|-damage|p2a: Groudon|64\/100 tox\n|move|p2a: Groudon|Thousand Arrows|p1a: Reborn\n|-supereffective|p1a: Reborn\n|-damage|p1a: Reborn|0 fnt\n|faint|p1a: Reborn\n|\n|-heal|p2a: Groudon|76\/100 tox|[from] ability: Poison Heal\n|upkeep\n|\n|t:|1667450905\n|switch|p1a: Fantasia|Necrozma-Dusk-Mane, F, shiny|94\/100\n|turn|57\n|\n|t:|1667450908\n|move|p2a: Groudon|Swords Dance|p2a: Groudon\n|-boost|p2a: Groudon|atk|2\n|move|p1a: Fantasia|Anchor Shot|p2a: Groudon\n|-damage|p2a: Groudon|51\/100 tox\n|-activate|p2a: Groudon|trapped\n|\n|-heal|p2a: Groudon|63\/100 tox|[from] ability: Poison Heal\n|upkeep\n|turn|58\n|c|\u2606Soul Dew Latias|Unlucky\n|\n|t:|1667450913\n|move|p2a: Groudon|Thousand Arrows|p1a: Fantasia\n|-supereffective|p1a: Fantasia\n|-damage|p1a: Fantasia|0 fnt\n|faint|p1a: Fantasia\n|\n|win|Redflix\n|raw|Soul Dew Latias's rating: 1669 &rarr; <strong>1649<\/strong><br \/>(-20 for losing)\n|raw|Redflix's rating: 1675 &rarr; <strong>1695<\/strong><br \/>(+20 for winning)\n|c|\u2606Redflix|gg\n|l|\u2606Soul Dew Latias\n|l|\u2606Redflix\n","uploadtime":1667451013,"views":22,"p1id":"souldewlatias","p2id":"redflix","formatid":"gen8balancedhackmons","rating":1649,"private":0,"password":null}