{"id":"gen8nationaldexuu-1572752590","p1":"Sir Fresh","p2":"CarefreeCrayon","format":"gen8nationaldexuu","log":"|j|\u2606Sir Fresh\n|j|\u2606CarefreeCrayon\n|t:|1652301240\n|gametype|singles\n|player|p1|Sir Fresh|palmer|\n|player|p2|CarefreeCrayon|winona|\n|teamsize|p1|6\n|teamsize|p2|6\n|gen|8\n|tier|[Gen 8] National Dex UU\n|rule|HP Percentage Mod: HP is shown in percentages\n|rule|Endless Battle Clause: Forcing endless battles is banned\n|rule|OHKO Clause: OHKO moves are banned\n|rule|Evasion Moves Clause: Evasion moves are banned\n|rule|Species Clause: Limit one of each Pok\u00e9mon\n|rule|Dynamax Clause: You cannot dynamax\n|rule|Sleep Clause Mod: Limit one foe put to sleep\n|clearpoke\n|poke|p1|Sceptile, M|\n|poke|p1|Milotic, F|\n|poke|p1|Doublade, M|\n|poke|p1|Gardevoir, F|\n|poke|p1|Claydol|\n|poke|p1|Jolteon, M|\n|poke|p2|Suicune|\n|poke|p2|Incineroar, F|\n|poke|p2|Duraludon, F|\n|poke|p2|Lycanroc, M|\n|poke|p2|Exeggutor, M|\n|poke|p2|Togetic, F|\n|teampreview\n|c|\u2606Sir Fresh|Glhf\n|c|\u2606CarefreeCrayon|glhf\n|\n|t:|1652301260\n|start\n|switch|p1a: Zatch|Jolteon, M|100\/100\n|switch|p2a: Lycanroc|Lycanroc, M|100\/100\n|turn|1\n|\n|t:|1652301271\n|move|p1a: Zatch|Volt Switch|p2a: Lycanroc\n|-damage|p2a: Lycanroc|18\/100\n|\n|t:|1652301282\n|switch|p1a: Inception|Claydol|100\/100|[from]move: Volt Switch\n|move|p2a: Lycanroc|Stealth Rock|p1a: Inception\n|-sidestart|p1: Sir Fresh|move: Stealth Rock\n|\n|upkeep\n|turn|2\n|\n|t:|1652301301\n|switch|p2a: Exeggutor|Exeggutor, M|100\/100\n|move|p1a: Inception|Stealth Rock|p2a: Exeggutor\n|-sidestart|p2: CarefreeCrayon|move: Stealth Rock\n|\n|upkeep\n|turn|3\n|\n|t:|1652301310\n|move|p2a: Exeggutor|Sleep Powder|p1a: Inception\n|-status|p1a: Inception|slp|[from] move: Sleep Powder\n|cant|p1a: Inception|slp\n|\n|upkeep\n|turn|4\n|\n|t:|1652301329\n|switch|p2a: Incineroar|Incineroar, F|100\/100\n|-damage|p2a: Incineroar|76\/100|[from] Stealth Rock\n|-ability|p2a: Incineroar|Intimidate|boost\n|-unboost|p1a: Inception|atk|1\n|cant|p1a: Inception|slp\n|\n|upkeep\n|turn|5\n|\n|t:|1652301338\n|-curestatus|p1a: Inception|slp|[msg]\n|move|p1a: Inception|Reflect|p1a: Inception\n|-sidestart|p1: Sir Fresh|Reflect\n|move|p2a: Incineroar|Knock Off|p1a: Inception\n|-supereffective|p1a: Inception\n|-enditem|p1a: Inception|Colbur Berry|[eat]\n|-enditem|p1a: Inception|Colbur Berry|[weaken]\n|-damage|p1a: Inception|75\/100\n|\n|upkeep\n|turn|6\n|\n|t:|1652301359\n|move|p1a: Inception|Light Screen|p1a: Inception\n|-sidestart|p1: Sir Fresh|move: Light Screen\n|move|p2a: Incineroar|Knock Off|p1a: Inception\n|-supereffective|p1a: Inception\n|-crit|p1a: Inception\n|-damage|p1a: Inception|0 fnt\n|faint|p1a: Inception\n|\n|upkeep\n|\n|t:|1652301363\n|switch|p1a: Groot|Sceptile, M|100\/100\n|-damage|p1a: Groot|88\/100|[from] Stealth Rock\n|turn|7\n|\n|t:|1652301383\n|switch|p2a: Exeggutor|Exeggutor, M|100\/100\n|-damage|p2a: Exeggutor|88\/100|[from] Stealth Rock\n|detailschange|p1a: Groot|Sceptile-Mega, M\n|-mega|p1a: Groot|Sceptile|Sceptilite\n|move|p1a: Groot|Swords Dance|p1a: Groot\n|-boost|p1a: Groot|atk|2\n|\n|upkeep\n|turn|8\n|\n|t:|1652301392\n|move|p1a: Groot|Dragon Claw|p2a: Exeggutor\n|-damage|p2a: Exeggutor|0 fnt\n|faint|p2a: Exeggutor\n|\n|upkeep\n|\n|t:|1652301403\n|switch|p2a: Duraludon|Duraludon, F|100\/100\n|-damage|p2a: Duraludon|94\/100|[from] Stealth Rock\n|turn|9\n|\n|t:|1652301420\n|move|p1a: Groot|Dragon Claw|p2a: Duraludon\n|-damage|p2a: Duraludon|14\/100\n|move|p2a: Duraludon|Flash Cannon|p1a: Groot\n|-damage|p1a: Groot|59\/100\n|\n|-sideend|p1: Sir Fresh|Reflect\n|upkeep\n|turn|10\n|\n|t:|1652301429\n|switch|p2a: Togetic|Togetic, F|100\/100\n|-damage|p2a: Togetic|76\/100|[from] Stealth Rock\n|move|p1a: Groot|Dragon Claw|p2a: Togetic\n|-immune|p2a: Togetic\n|\n|-sideend|p1: Sir Fresh|move: Light Screen\n|upkeep\n|turn|11\n|\n|t:|1652301441\n|move|p2a: Togetic|Protect|p2a: Togetic\n|-singleturn|p2a: Togetic|Protect\n|move|p1a: Groot|Thunder Punch|p2a: Togetic\n|-activate|p2a: Togetic|move: Protect\n|\n|upkeep\n|turn|12\n|\n|t:|1652301451\n|move|p1a: Groot|Thunder Punch|p2a: Togetic\n|-supereffective|p2a: Togetic\n|-damage|p2a: Togetic|0 fnt\n|faint|p2a: Togetic\n|\n|upkeep\n|c|\u2606CarefreeCrayon|gg\n|c|\u2606CarefreeCrayon|I have no answer to this\n|\n|t:|1652301464\n|switch|p2a: Incineroar|Incineroar, F|76\/100\n|-damage|p2a: Incineroar|51\/100|[from] Stealth Rock\n|-ability|p2a: Incineroar|Intimidate|boost\n|-unboost|p1a: Groot|atk|1\n|turn|13\n|\n|t:|1652301470\n|move|p1a: Groot|Dragon Claw|p2a: Incineroar\n|-damage|p2a: Incineroar|0 fnt\n|faint|p2a: Incineroar\n|\n|upkeep\n|\n|t:|1652301475\n|switch|p2a: Suicune|Suicune|100\/100\n|-damage|p2a: Suicune|88\/100|[from] Stealth Rock\n|turn|14\n|\n|t:|1652301489\n|move|p1a: Groot|Leaf Blade|p2a: Suicune\n|-supereffective|p2a: Suicune\n|-damage|p2a: Suicune|0 fnt\n|faint|p2a: Suicune\n|\n|upkeep\n|\n|t:|1652301495\n|switch|p2a: Lycanroc|Lycanroc, M|18\/100\n|-damage|p2a: Lycanroc|5\/100|[from] Stealth Rock\n|turn|15\n|\n|t:|1652301500\n|move|p2a: Lycanroc|Accelerock|p1a: Groot\n|-damage|p1a: Groot|30\/100\n|move|p1a: Groot|Leaf Blade|p2a: Lycanroc\n|-supereffective|p2a: Lycanroc\n|-damage|p2a: Lycanroc|0 fnt\n|faint|p2a: Lycanroc\n|\n|upkeep\n|\n|t:|1652301507\n|switch|p2a: Duraludon|Duraludon, F|14\/100\n|-damage|p2a: Duraludon|8\/100|[from] Stealth Rock\n|turn|16\n|c|\u2606Sir Fresh|Gg\n|\n|t:|1652301512\n|move|p1a: Groot|Dragon Claw|p2a: Duraludon\n|-damage|p2a: Duraludon|0 fnt\n|faint|p2a: Duraludon\n|\n|win|Sir Fresh\n","uploadtime":1652301518,"views":11,"p1id":"sirfresh","p2id":"carefreecrayon","formatid":"gen8nationaldexuu","rating":0,"private":0,"password":null}