{"id":"gen8randombattle-1703429291","p1":"Micael Lopes","p2":"uuuuiiii","format":"gen8randombattle","log":"|j|\u2606Micael Lopes\n|j|\u2606uuuuiiii\n|t:|1667662210\n|gametype|singles\n|player|p1|Micael Lopes|benga|2036\n|player|p2|uuuuiiii|266|2066\n|teamsize|p1|6\n|teamsize|p2|6\n|gen|8\n|tier|[Gen 8] Random Battle\n|rated|\n|rule|Species Clause: Limit one of each Pok\u00e9mon\n|rule|HP Percentage Mod: HP is shown in percentages\n|rule|Sleep Clause Mod: Limit one foe put to sleep\n|\n|t:|1667662210\n|start\n|switch|p1a: Meowstic|Meowstic, L84, M|262\/262\n|switch|p2a: Indeedee|Indeedee-F, L85, F|258\/258\n|-fieldstart|move: Psychic Terrain|[from] ability: Psychic Surge|[of] p2a: Indeedee\n|turn|1\n|inactive|Battle timer is ON: inactive players will automatically lose when time's up. (requested by Micael Lopes)\n|\n|t:|1667662226\n|move|p1a: Meowstic|Light Screen|p1a: Meowstic\n|-sidestart|p1: Micael Lopes|move: Light Screen\n|move|p2a: Indeedee|Calm Mind|p2a: Indeedee\n|-boost|p2a: Indeedee|spa|1\n|-boost|p2a: Indeedee|spd|1\n|\n|upkeep\n|turn|2\n|\n|t:|1667662233\n|move|p1a: Meowstic|Reflect|p1a: Meowstic\n|-sidestart|p1: Micael Lopes|Reflect\n|move|p2a: Indeedee|Hyper Voice|p1a: Meowstic\n|-damage|p1a: Meowstic|165\/262\n|-damage|p2a: Indeedee|233\/258|[from] item: Life Orb\n|\n|upkeep\n|turn|3\n|\n|t:|1667662237\n|switch|p1a: Hitmontop|Hitmontop, L85, M|224\/224\n|move|p2a: Indeedee|Expanding Force|p1a: Hitmontop\n|-supereffective|p1a: Hitmontop\n|-damage|p1a: Hitmontop|41\/224\n|-damage|p2a: Indeedee|208\/258|[from] item: Life Orb\n|\n|upkeep\n|turn|4\n|\n|t:|1667662243\n|switch|p1a: Krookodile|Krookodile, L78, F|276\/276\n|-ability|p1a: Krookodile|Intimidate|boost\n|-unboost|p2a: Indeedee|atk|1\n|move|p2a: Indeedee|Expanding Force|p1a: Krookodile\n|-immune|p1a: Krookodile\n|\n|upkeep\n|turn|5\n|\n|t:|1667662258\n|switch|p2a: Shiinotic|Shiinotic, L86, M|243\/243\n|move|p1a: Krookodile|Stealth Rock|p2a: Shiinotic\n|-sidestart|p2: uuuuiiii|move: Stealth Rock\n|\n|-fieldend|move: Psychic Terrain\n|upkeep\n|turn|6\n|\n|t:|1667662270\n|move|p1a: Krookodile|Knock Off|p2a: Shiinotic\n|-resisted|p2a: Shiinotic\n|-damage|p2a: Shiinotic|169\/243\n|-status|p1a: Krookodile|psn|[from] ability: Effect Spore|[of] p2a: Shiinotic\n|-enditem|p2a: Shiinotic|Leftovers|[from] move: Knock Off|[of] p1a: Krookodile\n|-damage|p1a: Krookodile|249\/276 psn|[from] item: Life Orb\n|move|p2a: Shiinotic|Leech Seed|p1a: Krookodile|[miss]\n|-miss|p2a: Shiinotic|p1a: Krookodile\n|\n|-damage|p1a: Krookodile|215\/276 psn|[from] psn\n|upkeep\n|turn|7\n|\n|t:|1667662283\n|switch|p1a: Reshiram|Reshiram, L74|270\/270\n|-ability|p1a: Reshiram|Turboblaze\n|move|p2a: Shiinotic|Leech Seed|p1a: Reshiram\n|-start|p1a: Reshiram|move: Leech Seed\n|\n|-damage|p1a: Reshiram|237\/270|[from] Leech Seed|[of] p2a: Shiinotic\n|-heal|p2a: Shiinotic|202\/243|[silent]\n|upkeep\n|turn|8\n|\n|t:|1667662292\n|switch|p2a: Lickilicky|Lickilicky, L86, F|329\/329\n|-damage|p2a: Lickilicky|288\/329|[from] Stealth Rock\n|move|p1a: Reshiram|Blue Flare|p2a: Lickilicky\n|-damage|p2a: Lickilicky|150\/329\n|\n|-heal|p2a: Lickilicky|170\/329|[from] item: Leftovers\n|-damage|p1a: Reshiram|204\/270|[from] Leech Seed|[of] p2a: Lickilicky\n|-heal|p2a: Lickilicky|203\/329|[silent]\n|-sideend|p1: Micael Lopes|move: Light Screen\n|upkeep\n|turn|9\n|\n|t:|1667662317\n|move|p1a: Reshiram|Toxic|p2a: Lickilicky\n|-status|p2a: Lickilicky|tox\n|move|p2a: Lickilicky|Body Slam|p1a: Reshiram\n|-damage|p1a: Reshiram|163\/270\n|\n|-heal|p2a: Lickilicky|223\/329 tox|[from] item: Leftovers\n|-damage|p1a: Reshiram|130\/270|[from] Leech Seed|[of] p2a: Lickilicky\n|-heal|p2a: Lickilicky|256\/329 tox|[silent]\n|-damage|p2a: Lickilicky|236\/329 tox|[from] psn\n|-sideend|p1: Micael Lopes|Reflect\n|upkeep\n|turn|10\n|\n|t:|1667662325\n|switch|p1a: Krookodile|Krookodile, L78, F|215\/276 psn\n|-ability|p1a: Krookodile|Intimidate|boost\n|-fail|p2a: Lickilicky|unboost|Attack|[from] ability: Oblivious|[of] p2a: Lickilicky\n|move|p2a: Lickilicky|Body Slam|p1a: Krookodile\n|-damage|p1a: Krookodile|116\/276 psn\n|\n|-heal|p2a: Lickilicky|256\/329 tox|[from] item: Leftovers\n|-damage|p1a: Krookodile|82\/276 psn|[from] psn\n|-damage|p2a: Lickilicky|216\/329 tox|[from] psn\n|upkeep\n|turn|11\n|\n|t:|1667662341\n|move|p1a: Krookodile|Knock Off|p2a: Lickilicky\n|-damage|p2a: Lickilicky|94\/329 tox\n|-enditem|p2a: Lickilicky|Leftovers|[from] move: Knock Off|[of] p1a: Krookodile\n|-damage|p1a: Krookodile|55\/276 psn|[from] item: Life Orb\n|move|p2a: Lickilicky|Body Slam|p1a: Krookodile\n|-damage|p1a: Krookodile|0 fnt\n|faint|p1a: Krookodile\n|\n|-damage|p2a: Lickilicky|34\/329 tox|[from] psn\n|upkeep\n|\n|t:|1667662349\n|switch|p1a: Meowstic|Meowstic, L84, M|165\/262\n|turn|12\n|\n|t:|1667662352\n|move|p1a: Meowstic|Reflect|p1a: Meowstic\n|-sidestart|p1: Micael Lopes|Reflect\n|move|p2a: Lickilicky|Explosion|p1a: Meowstic\n|-damage|p1a: Meowstic|30\/262\n|faint|p2a: Lickilicky\n|\n|upkeep\n|\n|t:|1667662358\n|switch|p2a: Indeedee|Indeedee-F, L85, F|208\/258\n|-damage|p2a: Indeedee|176\/258|[from] Stealth Rock\n|-fieldstart|move: Psychic Terrain|[from] ability: Psychic Surge|[of] p2a: Indeedee\n|turn|13\n|\n|t:|1667662361\n|move|p1a: Meowstic|Light Screen|p1a: Meowstic\n|-sidestart|p1: Micael Lopes|move: Light Screen\n|move|p2a: Indeedee|Calm Mind|p2a: Indeedee\n|-boost|p2a: Indeedee|spa|1\n|-boost|p2a: Indeedee|spd|1\n|\n|upkeep\n|turn|14\n|\n|t:|1667662366\n|move|p1a: Meowstic|Psychic|p2a: Indeedee\n|-resisted|p2a: Indeedee\n|-damage|p2a: Indeedee|144\/258\n|move|p2a: Indeedee|Calm Mind|p2a: Indeedee\n|-boost|p2a: Indeedee|spa|1\n|-boost|p2a: Indeedee|spd|1\n|\n|upkeep\n|turn|15\n|\n|t:|1667662373\n|move|p1a: Meowstic|Psychic|p2a: Indeedee\n|-resisted|p2a: Indeedee\n|-damage|p2a: Indeedee|120\/258\n|move|p2a: Indeedee|Expanding Force|p1a: Meowstic\n|-resisted|p1a: Meowstic\n|-damage|p1a: Meowstic|0 fnt\n|faint|p1a: Meowstic\n|-damage|p2a: Indeedee|95\/258|[from] item: Life Orb\n|\n|upkeep\n|\n|t:|1667662379\n|switch|p1a: Drampa|Drampa, L86, M|274\/274\n|turn|16\n|\n|t:|1667662393\n|-start|p2a: Indeedee|Dynamax|\n|-heal|p2a: Indeedee|190\/516|[silent]\n|move|p2a: Indeedee|Max Mindstorm|p1a: Drampa\n|-damage|p1a: Drampa|30\/274\n|-ability|p1a: Drampa|Berserk|boost\n|-boost|p1a: Drampa|spa|1\n|-damage|p2a: Indeedee|165\/516|[from] item: Life Orb\n|move|p1a: Drampa|Glare|p2a: Indeedee\n|-status|p2a: Indeedee|par\n|\n|-heal|p1a: Drampa|47\/274|[from] item: Leftovers\n|upkeep\n|turn|17\n|\n|t:|1667662412\n|move|p1a: Drampa|Roost|p1a: Drampa\n|-heal|p1a: Drampa|184\/274\n|-singleturn|p1a: Drampa|move: Roost\n|cant|p2a: Indeedee|par\n|\n|-heal|p1a: Drampa|201\/274|[from] item: Leftovers\n|-fieldend|move: Psychic Terrain\n|upkeep\n|turn|18\n|\n|t:|1667662416\n|move|p1a: Drampa|Roost|p1a: Drampa\n|-heal|p1a: Drampa|274\/274\n|-singleturn|p1a: Drampa|move: Roost\n|move|p2a: Indeedee|Max Mindstorm|p1a: Drampa\n|-damage|p1a: Drampa|104\/274\n|-fieldstart|move: Psychic Terrain\n|-ability|p1a: Drampa|Berserk|boost\n|-boost|p1a: Drampa|spa|1\n|-damage|p2a: Indeedee|140\/516 par|[from] item: Life Orb\n|\n|-heal|p1a: Drampa|121\/274|[from] item: Leftovers\n|upkeep\n|-end|p2a: Indeedee|Dynamax\n|-heal|p2a: Indeedee|70\/258 par|[silent]\n|turn|19\n|\n|t:|1667662420\n|move|p1a: Drampa|Roost|p1a: Drampa\n|-heal|p1a: Drampa|258\/274\n|-singleturn|p1a: Drampa|move: Roost\n|move|p2a: Indeedee|Expanding Force|p1a: Drampa\n|-damage|p1a: Drampa|51\/274\n|-ability|p1a: Drampa|Berserk|boost\n|-boost|p1a: Drampa|spa|1\n|-damage|p2a: Indeedee|45\/258 par|[from] item: Life Orb\n|\n|-heal|p1a: Drampa|68\/274|[from] item: Leftovers\n|-sideend|p1: Micael Lopes|Reflect\n|upkeep\n|turn|20\n|\n|t:|1667662427\n|move|p1a: Drampa|Fire Blast|p2a: Indeedee\n|-damage|p2a: Indeedee|0 fnt\n|faint|p2a: Indeedee\n|\n|-heal|p1a: Drampa|85\/274|[from] item: Leftovers\n|-sideend|p1: Micael Lopes|move: Light Screen\n|upkeep\n|\n|t:|1667662430\n|switch|p2a: Alakazam|Alakazam, L78, M|214\/214\n|turn|21\n|inactive|Micael Lopes has 120 seconds left.\n|\n|t:|1667662460\n|move|p2a: Alakazam|Psychic|p1a: Drampa\n|-damage|p1a: Drampa|0 fnt\n|faint|p1a: Drampa\n|\n|upkeep\n|\n|t:|1667662463\n|switch|p1a: Type: Null|Type: Null, L86|304\/304\n|turn|22\n|\n|t:|1667662476\n|switch|p2a: Doublade|Doublade, L82, M|231\/231\n|-damage|p2a: Doublade|217\/231|[from] Stealth Rock\n|switch|p1a: Hitmontop|Hitmontop, L85, M|41\/224\n|\n|-fieldend|move: Psychic Terrain\n|upkeep\n|turn|23\n|\n|t:|1667662490\n|switch|p1a: Reshiram|Reshiram, L74|130\/270\n|-ability|p1a: Reshiram|Turboblaze\n|switch|p2a: Shiinotic|Shiinotic, L86, M|202\/243\n|-damage|p2a: Shiinotic|172\/243|[from] Stealth Rock\n|\n|upkeep\n|turn|24\n|\n|t:|1667662500\n|move|p1a: Reshiram|Blue Flare|p2a: Shiinotic\n|-supereffective|p2a: Shiinotic\n|-damage|p2a: Shiinotic|0 fnt\n|faint|p2a: Shiinotic\n|\n|upkeep\n|\n|t:|1667662505\n|switch|p2a: Alakazam|Alakazam, L78, M|214\/214\n|turn|25\n|\n|t:|1667662511\n|move|p2a: Alakazam|Focus Blast|p1a: Reshiram\n|-damage|p1a: Reshiram|21\/270\n|move|p1a: Reshiram|Blue Flare|p2a: Alakazam\n|-damage|p2a: Alakazam|64\/214\n|\n|upkeep\n|turn|26\n|\n|t:|1667662523\n|move|p2a: Alakazam|Psychic|p1a: Reshiram\n|-damage|p1a: Reshiram|0 fnt\n|faint|p1a: Reshiram\n|\n|upkeep\n|\n|t:|1667662525\n|switch|p1a: Hitmontop|Hitmontop, L85, M|41\/224\n|turn|27\n|\n|t:|1667662532\n|move|p1a: Hitmontop|Sucker Punch|p2a: Alakazam\n|-supereffective|p2a: Alakazam\n|-damage|p2a: Alakazam|0 fnt\n|faint|p2a: Alakazam\n|\n|upkeep\n|\n|t:|1667662535\n|switch|p2a: Doublade|Doublade, L82, M|217\/231\n|-damage|p2a: Doublade|203\/231|[from] Stealth Rock\n|turn|28\n|\n|t:|1667662547\n|switch|p1a: Type: Null|Type: Null, L86|304\/304\n|move|p2a: Doublade|Swords Dance|p2a: Doublade\n|-boost|p2a: Doublade|atk|2\n|\n|upkeep\n|turn|29\n|\n|t:|1667662554\n|move|p1a: Type: Null|Swords Dance|p1a: Type: Null\n|-boost|p1a: Type: Null|atk|2\n|move|p2a: Doublade|Swords Dance|p2a: Doublade\n|-boost|p2a: Doublade|atk|2\n|\n|upkeep\n|turn|30\n|\n|t:|1667662563\n|-start|p1a: Type: Null|Dynamax|\n|-heal|p1a: Type: Null|608\/608|[silent]\n|move|p1a: Type: Null|Max Darkness|p2a: Doublade\n|-supereffective|p2a: Doublade\n|-damage|p2a: Doublade|75\/231\n|-unboost|p2a: Doublade|spd|1\n|move|p2a: Doublade|Iron Head|p1a: Type: Null\n|-damage|p1a: Type: Null|455\/608\n|\n|upkeep\n|turn|31\n|\n|t:|1667662568\n|move|p1a: Type: Null|Max Darkness|p2a: Doublade\n|-supereffective|p2a: Doublade\n|-damage|p2a: Doublade|0 fnt\n|faint|p2a: Doublade\n|\n|upkeep\n|\n|t:|1667662570\n|switch|p2a: Exeggutor|Exeggutor-Alola, L87, F|307\/307\n|-damage|p2a: Exeggutor|269\/307|[from] Stealth Rock\n|-item|p1a: Type: Null|Eviolite|[from] ability: Frisk|[of] p2a: Exeggutor|[identify]\n|turn|32\n|\n|t:|1667662575\n|move|p1a: Type: Null|Max Strike|p2a: Exeggutor\n|-damage|p2a: Exeggutor|0 fnt\n|faint|p2a: Exeggutor\n|\n|win|Micael Lopes\n|raw|Micael Lopes's rating: 2036 &rarr; <strong>2058<\/strong><br \/>(+22 for winning)\n|raw|uuuuiiii's rating: 2066 &rarr; <strong>2044<\/strong><br \/>(-22 for losing)\n|l|\u2606uuuuiiii\n|c|\u2606Micael Lopes|**Sexy game.**\n||Ladder isn't responding, score probably updated but might not have (Request timeout).\n","inputlog":">version 64bd7780963bb8912946b73c4d69c4a2054e31b7\n>start {\"formatid\":\"gen8randombattle\",\"seed\":[61214,13464,11350,48629],\"rated\":\"Rated battle\"}\n>player p1 {\"name\":\"Micael Lopes\",\"avatar\":\"benga\",\"rating\":2036,\"seed\":[9924,711,25289,44986]}\n>player p2 {\"name\":\"uuuuiiii\",\"avatar\":\"266\",\"rating\":2066,\"seed\":[39311,53615,21840,47550]}\n>p1 move lightscreen\n>p2 move calmmind\n>p1 move reflect\n>p2 move hypervoice\n>p1 switch 5\n>p2 move expandingforce\n>p1 switch 4\n>p2 move expandingforce\n>p1 move stealthrock\n>p2 switch 4\n>p1 move knockoff\n>p2 move leechseed\n>p1 switch 2\n>p2 move leechseed\n>p1 move blueflare\n>p2 switch 2\n>p1 move toxic\n>p2 move bodyslam\n>p1 switch 2\n>p2 move bodyslam\n>p1 move knockoff\n>p2 move bodyslam\n>p1 switch 5\n>p1 move reflect\n>p2 move explosion\n>p2 switch 4\n>p1 move lightscreen\n>p2 move calmmind\n>p1 move psychic\n>p2 move calmmind\n>p1 move psychic\n>p2 move expandingforce\n>p1 switch 3\n>p1 move glare\n>p2 move expandingforce dynamax\n>p1 move roost\n>p2 move expandingforce dynamax\n>p1 move roost\n>p2 move expandingforce dynamax\n>p1 move roost\n>p2 move expandingforce\n>p1 move fireblast\n>p2 move expandingforce\n>p2 switch 6\n>p1 move glare\n>p2 move psychic\n>p1 switch 6\n>p1 switch 4\n>p2 switch 5\n>p1 switch 2\n>p2 switch 2\n>p1 move blueflare\n>p2 move leechseed\n>p2 switch 5\n>p1 move blueflare\n>p2 move focusblast\n>p1 move blueflare\n>p2 move psychic\n>p1 switch 2\n>p1 move suckerpunch\n>p2 move psychic\n>p2 switch 2\n>p1 switch 4\n>p2 move swordsdance\n>p1 move swordsdance\n>p2 move swordsdance\n>p1 move payback dynamax\n>p2 move ironhead\n>p1 move payback dynamax\n>p2 move closecombat\n>p2 switch 3\n>p1 move crushclaw dynamax\n>p2 move dracometeor","uploadtime":1667662642,"views":5,"p1id":"micaellopes","p2id":"uuuuiiii","formatid":"gen8randombattle","rating":2044,"private":0,"password":null}