{"id":"gen8randombattle-1685553972","p1":"yokobaby","p2":"ElysiaX","format":"gen8randombattle","log":"|j|\u2606yokobaby\n|j|\u2606ElysiaX\n|t:|1665752498\n|gametype|singles\n|player|p1|yokobaby|cynthia-masters|\n|player|p2|ElysiaX|lillie-masters2|\n|teamsize|p1|6\n|teamsize|p2|6\n|gen|8\n|tier|[Gen 8] Random Battle\n|rated|Tournament battle\n|rule|Species Clause: Limit one of each Pok\u00e9mon\n|rule|HP Percentage Mod: HP is shown in percentages\n|rule|Sleep Clause Mod: Limit one foe put to sleep\n|\n|t:|1665752498\n|start\n|switch|p1a: Electivire|Electivire, L82, M|257\/257\n|switch|p2a: Klefki|Klefki, L82, M|228\/228\n|turn|1\n|inactive|Battle timer is ON: inactive players will automatically lose when time's up. (requested by yokobaby)\n|\n|t:|1665752551\n|move|p2a: Klefki|Spikes|p1a: Electivire\n|-sidestart|p1: yokobaby|Spikes\n|move|p1a: Electivire|Earthquake|p2a: Klefki\n|-supereffective|p2a: Klefki\n|-damage|p2a: Klefki|28\/228\n|-damage|p1a: Electivire|232\/257|[from] item: Life Orb\n|\n|upkeep\n|turn|2\n|\n|t:|1665752556\n|move|p2a: Klefki|Spikes|p1a: Electivire\n|-sidestart|p1: yokobaby|Spikes\n|move|p1a: Electivire|Volt Switch|p2a: Klefki\n|-damage|p2a: Klefki|0 fnt\n|faint|p2a: Klefki\n|-damage|p1a: Electivire|207\/257|[from] item: Life Orb\n|\n|t:|1665752567\n|switch|p1a: Metagross|Metagross, L79|256\/256\n|-damage|p1a: Metagross|214\/256|[from] Spikes\n|\n|upkeep\n|\n|t:|1665752586\n|switch|p2a: Duraludon|Duraludon, L84, F|255\/255\n|turn|3\n|\n|t:|1665752595\n|switch|p1a: Slowking|Slowking, L86, F|304\/304\n|-damage|p1a: Slowking|254\/304|[from] Spikes\n|-start|p2a: Duraludon|Dynamax|\n|-heal|p2a: Duraludon|510\/510|[silent]\n|move|p2a: Duraludon|Max Steelspike|p1a: Slowking\n|-resisted|p1a: Slowking\n|-damage|p1a: Slowking|164\/304\n|-boost|p2a: Duraludon|def|1\n|-damage|p2a: Duraludon|485\/510|[from] item: Life Orb\n|\n|-heal|p1a: Slowking|183\/304|[from] item: Leftovers\n|upkeep\n|turn|4\n|\n|t:|1665752604\n|move|p2a: Duraludon|Max Knuckle|p1a: Slowking\n|-resisted|p1a: Slowking\n|-damage|p1a: Slowking|151\/304\n|-boost|p2a: Duraludon|atk|1\n|-damage|p2a: Duraludon|460\/510|[from] item: Life Orb\n|move|p1a: Slowking|Teleport|p1a: Slowking\n|\n|t:|1665752619\n|switch|p1a: Garbodor|Garbodor, L87, M|281\/281\n|-damage|p1a: Garbodor|235\/281|[from] Spikes\n|\n|-heal|p1a: Garbodor|252\/281|[from] item: Black Sludge\n|upkeep\n|turn|5\n|\n|t:|1665752632\n|move|p2a: Duraludon|Max Steelspike|p1a: Garbodor\n|-damage|p1a: Garbodor|53\/281\n|-boost|p2a: Duraludon|def|1\n|-damage|p2a: Duraludon|435\/510|[from] item: Life Orb\n|move|p1a: Garbodor|Pain Split|p2a: Duraludon\n|-sethp|p2a: Duraludon|352\/510|[from] move: Pain Split|[silent]\n|-sethp|p1a: Garbodor|135\/281|[from] move: Pain Split\n|\n|-heal|p1a: Garbodor|152\/281|[from] item: Black Sludge\n|upkeep\n|-end|p2a: Duraludon|Dynamax\n|-heal|p2a: Duraludon|176\/255|[silent]\n|turn|6\n|\n|t:|1665752645\n|move|p2a: Duraludon|Stealth Rock|p1a: Garbodor\n|-sidestart|p1: yokobaby|move: Stealth Rock\n|move|p1a: Garbodor|Stomping Tantrum|p2a: Duraludon\n|-supereffective|p2a: Duraludon\n|-damage|p2a: Duraludon|132\/255\n|\n|-heal|p1a: Garbodor|169\/281|[from] item: Black Sludge\n|upkeep\n|turn|7\n|\n|t:|1665752652\n|move|p2a: Duraludon|Body Press|p1a: Garbodor\n|-resisted|p1a: Garbodor\n|-damage|p1a: Garbodor|90\/281\n|-damage|p2a: Duraludon|107\/255|[from] item: Life Orb\n|move|p1a: Garbodor|Stomping Tantrum|p2a: Duraludon\n|-supereffective|p2a: Duraludon\n|-damage|p2a: Duraludon|61\/255\n|\n|-heal|p1a: Garbodor|107\/281|[from] item: Black Sludge\n|upkeep\n|turn|8\n|\n|t:|1665752658\n|move|p2a: Duraludon|Flash Cannon|p1a: Garbodor\n|-damage|p1a: Garbodor|0 fnt\n|faint|p1a: Garbodor\n|-damage|p2a: Duraludon|36\/255|[from] item: Life Orb\n|\n|upkeep\n|\n|t:|1665752666\n|switch|p1a: Lycanroc|Lycanroc, L80, F|251\/251\n|-damage|p1a: Lycanroc|210\/251|[from] Spikes\n|-damage|p1a: Lycanroc|179\/251|[from] Stealth Rock\n|turn|9\n|\n|t:|1665752678\n|-start|p1a: Lycanroc|Dynamax|\n|-heal|p1a: Lycanroc|358\/502|[silent]\n|move|p1a: Lycanroc|Max Rockfall|p2a: Duraludon\n|-resisted|p2a: Duraludon\n|-damage|p2a: Duraludon|0 fnt\n|-weather|Sandstorm\n|faint|p2a: Duraludon\n|-damage|p1a: Lycanroc|333\/502|[from] item: Life Orb\n|\n|-weather|Sandstorm|[upkeep]\n|upkeep\n|\n|t:|1665752699\n|switch|p2a: Lopunny|Lopunny, L90, M|263\/263\n|turn|10\n|\n|t:|1665752704\n|move|p1a: Lycanroc|Max Rockfall|p2a: Lopunny\n|-crit|p2a: Lopunny\n|-damage|p2a: Lopunny|10\/263\n|-damage|p1a: Lycanroc|308\/502|[from] item: Life Orb\n|move|p2a: Lopunny|Switcheroo|p1a: Lycanroc\n|-activate|p2a: Lopunny|move: Trick|[of] p1a: Lycanroc\n|-item|p1a: Lycanroc|Toxic Orb|[from] move: Switcheroo\n|-item|p2a: Lopunny|Life Orb|[from] move: Switcheroo\n|\n|-weather|Sandstorm|[upkeep]\n|-damage|p2a: Lopunny|0 fnt|[from] Sandstorm\n|faint|p2a: Lopunny\n|-status|p1a: Lycanroc|tox|[from] item: Toxic Orb\n|upkeep\n|\n|t:|1665752722\n|switch|p2a: Drapion|Drapion, L82, F|249\/249\n|turn|11\n|\n|t:|1665752731\n|move|p1a: Lycanroc|Max Rockfall|p2a: Drapion\n|-damage|p2a: Drapion|122\/249\n|move|p2a: Drapion|Earthquake|p1a: Lycanroc\n|-supereffective|p1a: Lycanroc\n|-damage|p1a: Lycanroc|74\/502 tox\n|-damage|p2a: Drapion|98\/249|[from] item: Life Orb\n|\n|-weather|Sandstorm|[upkeep]\n|-damage|p2a: Drapion|83\/249|[from] Sandstorm\n|-damage|p1a: Lycanroc|59\/502 tox|[from] psn\n|upkeep\n|-end|p1a: Lycanroc|Dynamax\n|-heal|p1a: Lycanroc|30\/251 tox|[silent]\n|turn|12\n|inactive|ElysiaX has 120 seconds left.\n|\n|t:|1665752772\n|switch|p2a: Coalossal|Coalossal, L87, F|333\/333\n|move|p1a: Lycanroc|Stone Edge|p2a: Coalossal\n|-supereffective|p2a: Coalossal\n|-damage|p2a: Coalossal|165\/333\n|\n|-weather|Sandstorm|[upkeep]\n|-damage|p1a: Lycanroc|0 fnt|[from] psn\n|faint|p1a: Lycanroc\n|upkeep\n|\n|t:|1665752786\n|switch|p1a: Electivire|Electivire, L82, M|207\/257\n|-damage|p1a: Electivire|165\/257|[from] Spikes\n|-damage|p1a: Electivire|133\/257|[from] Stealth Rock\n|turn|13\n|j| downpours\n|l| downpours\n|\n|t:|1665752807\n|move|p1a: Electivire|Earthquake|p2a: Coalossal\n|-supereffective|p2a: Coalossal\n|-damage|p2a: Coalossal|0 fnt\n|faint|p2a: Coalossal\n|-damage|p1a: Electivire|108\/257|[from] item: Life Orb\n|\n|-weather|none\n|upkeep\n|\n|t:|1665752811\n|switch|p2a: Latias|Latias, L80, F|259\/259\n|turn|14\n|\n|t:|1665752825\n|move|p2a: Latias|Psychic|p1a: Electivire\n|-damage|p1a: Electivire|0 fnt\n|faint|p1a: Electivire\n|\n|upkeep\n|\n|t:|1665752829\n|switch|p1a: Giratina|Giratina, L74|344\/344\n|-damage|p1a: Giratina|287\/344|[from] Spikes\n|-damage|p1a: Giratina|244\/344|[from] Stealth Rock\n|-ability|p1a: Giratina|Pressure\n|turn|15\n|\n|t:|1665752834\n|switch|p2a: Drapion|Drapion, L82, F|83\/249\n|move|p1a: Giratina|Toxic|p2a: Drapion\n|-immune|p2a: Drapion\n|\n|-heal|p1a: Giratina|265\/344|[from] item: Leftovers\n|upkeep\n|turn|16\n|\n|t:|1665752842\n|switch|p1a: Metagross|Metagross, L79|214\/256\n|-damage|p1a: Metagross|172\/256|[from] Spikes\n|-damage|p1a: Metagross|156\/256|[from] Stealth Rock\n|move|p2a: Drapion|Knock Off|p1a: Metagross\n|-supereffective|p1a: Metagross\n|-damage|p1a: Metagross|0 fnt\n|-enditem|p1a: Metagross|Choice Band|[from] move: Knock Off|[of] p2a: Drapion\n|faint|p1a: Metagross\n|-damage|p2a: Drapion|59\/249|[from] item: Life Orb\n|\n|upkeep\n|j| SICHIBING\n|\n|t:|1665752852\n|switch|p1a: Giratina|Giratina, L74|265\/344\n|-damage|p1a: Giratina|208\/344|[from] Spikes\n|-damage|p1a: Giratina|165\/344|[from] Stealth Rock\n|-ability|p1a: Giratina|Pressure\n|turn|17\n|\n|t:|1665752856\n|move|p2a: Drapion|Knock Off|p1a: Giratina\n|-supereffective|p1a: Giratina\n|-damage|p1a: Giratina|0 fnt\n|-enditem|p1a: Giratina|Leftovers|[from] move: Knock Off|[of] p2a: Drapion\n|faint|p1a: Giratina\n|-damage|p2a: Drapion|35\/249|[from] item: Life Orb\n|\n|upkeep\n|\n|t:|1665752858\n|switch|p1a: Slowking|Slowking, L86, F|252\/304\n|-damage|p1a: Slowking|202\/304|[from] Spikes\n|-damage|p1a: Slowking|164\/304|[from] Stealth Rock\n|turn|18\n|\n|t:|1665752861\n|move|p2a: Drapion|Knock Off|p1a: Slowking\n|-supereffective|p1a: Slowking\n|-damage|p1a: Slowking|0 fnt\n|-enditem|p1a: Slowking|Leftovers|[from] move: Knock Off|[of] p2a: Drapion\n|faint|p1a: Slowking\n|-damage|p2a: Drapion|11\/249|[from] item: Life Orb\n|\n|win|ElysiaX\n|n|\u2606yokobaby|yokobaby\n|n|\u2606ElysiaX|elysiax\n|n| SICHIBING|sichibing\n","inputlog":">version ee3903879dd92fa0a0bba6303065983b970e844a\n>start {\"formatid\":\"gen8randombattle\",\"seed\":[28177,29090,4053,5833],\"rated\":\"Tournament battle\"}\n>player p1 {\"name\":\"yokobaby\",\"avatar\":\"cynthia-masters\",\"rating\":0,\"seed\":[13883,41479,53665,54636]}\n>player p2 {\"name\":\"ElysiaX\",\"avatar\":\"lillie-masters2\",\"rating\":0,\"seed\":[30446,12700,55586,61728]}\n>p1 move earthquake\n>p2 move spikes\n>p1 move voltswitch\n>p2 move spikes\n>p1 switch 4\n>p2 switch 2\n>p1 switch 2\n>p2 move flashcannon dynamax\n>p1 move teleport\n>p2 move bodypress dynamax\n>p1 switch 5\n>p1 move painsplit\n>p2 move flashcannon dynamax\n>p1 move stompingtantrum\n>p2 move stealthrock\n>p1 move stompingtantrum\n>p2 move bodypress\n>p1 move stompingtantrum\n>p2 move flashcannon\n>p1 switch 3\n>p1 move stoneedge dynamax\n>p2 move bodypress\n>p2 switch 6\n>p1 move stoneedge dynamax\n>p2 move switcheroo\n>p2 switch 3\n>p1 move stoneedge dynamax\n>p2 move earthquake\n>p1 move stoneedge\n>p2 switch 5\n>p1 switch 4\n>p1 move earthquake\n>p2 move overheat\n>p2 switch 4\n>p1 move voltswitch\n>p2 move psychic\n>p1 switch 6\n>p1 move toxic\n>p2 switch 5\n>p1 switch 2\n>p2 move knockoff\n>p1 switch 2\n>p1 move rest\n>p2 move knockoff\n>p1 switch 5\n>p1 move slackoff\n>p2 move knockoff","uploadtime":1665752866,"views":4,"p1id":"yokobaby","p2id":"elysiax","formatid":"gen8randombattle","rating":0,"private":0,"password":null}