{"id":"gen8ou-1084255100","p1":"CarlyBae","p2":"OUTY Gomu","format":"gen8ou","log":"|j|\u2606CarlyBae\n|j|\u2606OUTY Gomu\n|player|p1|CarlyBae|dawn-gen4pt|1488\n|player|p2|OUTY Gomu|flannery|1545\n|teamsize|p1|6\n|teamsize|p2|6\n|gametype|singles\n|gen|8\n|tier|[Gen 8] OU\n|rated|\n|html|<div class=\"broadcast-red\"><strong>OU is currently suspecting Arena Trap! For information on how to participate check out the <a href=\"https:\/\/www.smogon.com\/forums\/threads\/3661134\/\">suspect thread<\/a>.<\/strong><\/div>\n|clearpoke\n|poke|p1|Pelipper, M|\n|poke|p1|Primarina, M|\n|poke|p1|Seismitoad, M|\n|poke|p1|Zeraora|\n|poke|p1|Dracovish|\n|poke|p1|Ferrothorn, F|\n|poke|p2|Clefable, F|\n|poke|p2|Kyurem|\n|poke|p2|Aegislash, M|\n|poke|p2|Kommo-o, M|\n|poke|p2|Zeraora|\n|poke|p2|Corviknight, F|\n|rule|Sleep Clause Mod: Limit one foe put to sleep\n|rule|Species Clause: Limit one of each Pok\u00e9mon\n|rule|OHKO Clause: OHKO moves are banned\n|rule|Evasion Moves Clause: Evasion moves are banned\n|rule|Endless Battle Clause: Forcing endless battles is banned\n|rule|HP Percentage Mod: HP is shown in percentages\n|rule|Dynamax Clause: You cannot dynamax\n|teampreview\n|j| blossoming sunrise\n|inactive|Battle timer is ON: inactive players will automatically lose when time's up. (requested by OUTY Gomu)\n|c|\u2606CarlyBae|is outy a tournament?\n|inactive|CarlyBae has 120 seconds left.\n|c|\u2606OUTY Gomu|suspect test\n|c|\u2606CarlyBae|ohh\n|c| blossoming sunrise|^ lol was wondering the same thing as you\n|inactive|CarlyBae has 90 seconds left.\n|\n|start\n|switch|p1a: Zeraora|Zeraora|100\/100\n|switch|p2a: Kyurem|Kyurem|100\/100\n|-ability|p2a: Kyurem|Pressure\n|turn|1\n|\n|move|p1a: Zeraora|Aura Sphere|p2a: Kyurem\n|-supereffective|p2a: Kyurem\n|-damage|p2a: Kyurem|41\/100\n|-damage|p1a: Zeraora|91\/100|[from] item: Life Orb\n|move|p2a: Kyurem|Earth Power|p1a: Zeraora\n|-supereffective|p1a: Zeraora\n|-damage|p1a: Zeraora|0 fnt\n|faint|p1a: Zeraora\n|\n|upkeep\n|\n|switch|p1a: Dracovish|Dracovish|100\/100\n|turn|2\n|\n|switch|p2a: Kommo-o|Kommo-o, M|100\/100\n|move|p1a: Dracovish|Fishious Rend|p2a: Kommo-o\n|-resisted|p2a: Kommo-o\n|-damage|p2a: Kommo-o|68\/100\n|\n|-heal|p2a: Kommo-o|74\/100|[from] item: Leftovers\n|upkeep\n|turn|3\n|\n|switch|p1a: Pelipper|Pelipper, M|100\/100\n|-weather|RainDance|[from] ability: Drizzle|[of] p1a: Pelipper\n|move|p2a: Kommo-o|Stealth Rock|p1a: Pelipper\n|-sidestart|p1: CarlyBae|move: Stealth Rock\n|\n|-weather|RainDance|[upkeep]\n|-heal|p2a: Kommo-o|80\/100|[from] item: Leftovers\n|upkeep\n|turn|4\n|\n|switch|p2a: Zeraora|Zeraora|100\/100\n|move|p1a: Pelipper|U-turn|p2a: Zeraora\n|-damage|p2a: Zeraora|90\/100\n|\n|switch|p1a: Seismitoad|Seismitoad, M|100\/100|[from]move: U-turn\n|-damage|p1a: Seismitoad|95\/100|[from] Stealth Rock\n|\n|-weather|RainDance|[upkeep]\n|-heal|p2a: Zeraora|96\/100|[from] item: Leftovers\n|upkeep\n|turn|5\n|\n|switch|p2a: Corviknight|Corviknight, F|100\/100\n|-ability|p2a: Corviknight|Pressure\n|move|p1a: Seismitoad|Liquidation|p2a: Corviknight\n|-damage|p2a: Corviknight|33\/100\n|-damage|p1a: Seismitoad|85\/100|[from] item: Life Orb\n|\n|-weather|RainDance|[upkeep]\n|-heal|p2a: Corviknight|39\/100|[from] item: Leftovers\n|upkeep\n|turn|6\n|inactive|OUTY Gomu has 120 seconds left.\n|\n|switch|p2a: Kommo-o|Kommo-o, M|80\/100\n|move|p1a: Seismitoad|Liquidation|p2a: Kommo-o\n|-resisted|p2a: Kommo-o\n|-damage|p2a: Kommo-o|55\/100\n|-unboost|p2a: Kommo-o|def|1\n|-damage|p1a: Seismitoad|75\/100|[from] item: Life Orb\n|\n|-weather|RainDance|[upkeep]\n|-heal|p2a: Kommo-o|61\/100|[from] item: Leftovers\n|upkeep\n|turn|7\n|\n|switch|p2a: Clefable|Clefable, F|100\/100\n|move|p1a: Seismitoad|Earthquake|p2a: Clefable\n|-damage|p2a: Clefable|54\/100\n|-damage|p1a: Seismitoad|65\/100|[from] item: Life Orb\n|\n|-weather|RainDance|[upkeep]\n|-heal|p2a: Clefable|60\/100|[from] item: Leftovers\n|upkeep\n|turn|8\n|\n|move|p2a: Clefable|Protect|p2a: Clefable\n|-singleturn|p2a: Clefable|Protect\n|move|p1a: Seismitoad|Liquidation|p2a: Clefable\n|-activate|p2a: Clefable|move: Protect\n|\n|-weather|RainDance|[upkeep]\n|-heal|p2a: Clefable|66\/100|[from] item: Leftovers\n|upkeep\n|turn|9\n|\n|move|p1a: Seismitoad|Liquidation|p2a: Clefable\n|-damage|p2a: Clefable|5\/100\n|-unboost|p2a: Clefable|def|1\n|-damage|p1a: Seismitoad|55\/100|[from] item: Life Orb\n|move|p2a: Clefable|Wish|p2a: Clefable\n|\n|-weather|RainDance|[upkeep]\n|-heal|p2a: Clefable|11\/100|[from] item: Leftovers\n|upkeep\n|turn|10\n|\n|switch|p1a: Dracovish|Dracovish|100\/100\n|-damage|p1a: Dracovish|88\/100|[from] Stealth Rock\n|move|p2a: Clefable|Protect||[still]\n|-fail|p2a: Clefable\n|\n|-weather|none\n|-heal|p2a: Clefable|61\/100|[from] move: Wish|[wisher] Clefable\n|-heal|p2a: Clefable|67\/100|[from] item: Leftovers\n|upkeep\n|turn|11\n|\n|move|p2a: Clefable|Protect|p2a: Clefable\n|-singleturn|p2a: Clefable|Protect\n|move|p1a: Dracovish|Fishious Rend|p2a: Clefable\n|-activate|p2a: Clefable|move: Protect\n|\n|-heal|p2a: Clefable|73\/100|[from] item: Leftovers\n|upkeep\n|turn|12\n|\n|switch|p1a: Primarina|Primarina, M|100\/100\n|-damage|p1a: Primarina|88\/100|[from] Stealth Rock\n|switch|p2a: Kommo-o|Kommo-o, M|61\/100\n|\n|-heal|p2a: Kommo-o|67\/100|[from] item: Leftovers\n|upkeep\n|turn|13\n|\n|switch|p2a: Corviknight|Corviknight, F|39\/100\n|-ability|p2a: Corviknight|Pressure\n|move|p1a: Primarina|Hyper Voice|p2a: Corviknight\n|-damage|p2a: Corviknight|0 fnt\n|faint|p2a: Corviknight\n|\n|upkeep\n|\n|switch|p2a: Kyurem|Kyurem|41\/100\n|-ability|p2a: Kyurem|Pressure\n|turn|14\n|\n|switch|p1a: Ferrothorn|Ferrothorn, F|100\/100\n|-damage|p1a: Ferrothorn|94\/100|[from] Stealth Rock\n|move|p2a: Kyurem|Freeze-Dry|p1a: Ferrothorn\n|-crit|p1a: Ferrothorn\n|-damage|p1a: Ferrothorn|24\/100\n|-status|p1a: Ferrothorn|frz\n|\n|-heal|p1a: Ferrothorn|30\/100 frz|[from] item: Leftovers\n|upkeep\n|turn|15\n|\n|move|p2a: Kyurem|Freeze-Dry|p1a: Ferrothorn\n|-damage|p1a: Ferrothorn|0 fnt\n|faint|p1a: Ferrothorn\n|\n|upkeep\n|\n|switch|p1a: Dracovish|Dracovish|88\/100\n|-damage|p1a: Dracovish|76\/100|[from] Stealth Rock\n|turn|16\n|\n|switch|p2a: Kommo-o|Kommo-o, M|67\/100\n|move|p1a: Dracovish|Fishious Rend|p2a: Kommo-o\n|-resisted|p2a: Kommo-o\n|-damage|p2a: Kommo-o|38\/100\n|\n|-heal|p2a: Kommo-o|45\/100|[from] item: Leftovers\n|upkeep\n|turn|17\n|\n|switch|p2a: Kyurem|Kyurem|41\/100\n|-ability|p2a: Kyurem|Pressure\n|move|p1a: Dracovish|Fishious Rend|p2a: Kyurem\n|-resisted|p2a: Kyurem\n|-damage|p2a: Kyurem|0 fnt\n|faint|p2a: Kyurem\n|\n|upkeep\n|c|\u2606OUTY Gomu|idt that made sense\n|\n|switch|p2a: Aegislash|Aegislash, M|100\/100\n|turn|18\n|c|\u2606CarlyBae|it probably didnt tbh\n|\n|move|p1a: Dracovish|Fishious Rend|p2a: Aegislash\n|-damage|p2a: Aegislash|0 fnt\n|faint|p2a: Aegislash\n|\n|upkeep\n|c|\u2606OUTY Gomu|why does that kill\n|c|\u2606CarlyBae|i dont think that did either\n|c| blossoming sunrise|lmao\n|c| blossoming sunrise|rip\n|c| blossoming sunrise|freeze\n|\n|switch|p2a: Kommo-o|Kommo-o, M|45\/100\n|turn|19\n|c|\u2606OUTY Gomu|why do I get 5 vishes in a row dude\n|c|\u2606OUTY Gomu|and when I switch teams its none\n|c|\u2606OUTY Gomu|so aids\n|\n|switch|p1a: Pelipper|Pelipper, M|100\/100\n|-damage|p1a: Pelipper|75\/100|[from] Stealth Rock\n|-weather|RainDance|[from] ability: Drizzle|[of] p1a: Pelipper\n|move|p2a: Kommo-o|Body Press|p1a: Pelipper\n|-resisted|p1a: Pelipper\n|-damage|p1a: Pelipper|59\/100\n|\n|-weather|RainDance|[upkeep]\n|-heal|p2a: Kommo-o|51\/100|[from] item: Leftovers\n|upkeep\n|turn|20\n|j| Mia xx\n|c|\u2606CarlyBae|do you want duggy banned?\n|c|\u2606OUTY Gomu|yeah\n|l| Mia xx\n|inactive|OUTY Gomu has 120 seconds left.\n|\n|move|p2a: Kommo-o|Earthquake|p1a: Pelipper\n|-immune|p1a: Pelipper\n|move|p1a: Pelipper|U-turn|p2a: Kommo-o\n|-resisted|p2a: Kommo-o\n|-damage|p2a: Kommo-o|48\/100\n|\n|switch|p1a: Primarina|Primarina, M|88\/100|[from]move: U-turn\n|-damage|p1a: Primarina|76\/100|[from] Stealth Rock\n|\n|-weather|RainDance|[upkeep]\n|-heal|p2a: Kommo-o|54\/100|[from] item: Leftovers\n|upkeep\n|turn|21\n|\n|switch|p2a: Clefable|Clefable, F|73\/100\n|move|p1a: Primarina|Moonblast|p2a: Clefable\n|-damage|p2a: Clefable|0 fnt\n|faint|p2a: Clefable\n|\n|-weather|RainDance|[upkeep]\n|upkeep\n|\n|switch|p2a: Zeraora|Zeraora|96\/100\n|turn|22\n|c|\u2606CarlyBae|is there a reason why you want it banned?\n|\n|move|p2a: Zeraora|Plasma Fists|p1a: Primarina\n|-supereffective|p1a: Primarina\n|-damage|p1a: Primarina|0 fnt\n|-fieldactivate|move: Ion Deluge\n|faint|p1a: Primarina\n|\n|-weather|RainDance|[upkeep]\n|-heal|p2a: Zeraora|100\/100|[from] item: Leftovers\n|upkeep\n|\n|switch|p1a: Seismitoad|Seismitoad, M|55\/100\n|-damage|p1a: Seismitoad|49\/100|[from] Stealth Rock\n|turn|23\n|c|\u2606OUTY Gomu|I've been playing comp mons since BW\n|c|\u2606OUTY Gomu|Arena Trap is not a good thing\n|c|\u2606OUTY Gomu|and does not belong in singles\n|c|\u2606OUTY Gomu|restricting a core game mechanic\n|c|\u2606OUTY Gomu|should not be possible\n|inactive|OUTY Gomu has 120 seconds left.\n|\n|switch|p2a: Kommo-o|Kommo-o, M|54\/100\n|move|p1a: Seismitoad|Earthquake|p2a: Kommo-o\n|-damage|p2a: Kommo-o|17\/100\n|-damage|p1a: Seismitoad|39\/100|[from] item: Life Orb\n|\n|-weather|RainDance|[upkeep]\n|-heal|p2a: Kommo-o|23\/100|[from] item: Leftovers\n|upkeep\n|turn|24\n|inactive|OUTY Gomu has 120 seconds left.\n|c|\u2606CarlyBae|did you feel the same about pursuit?\n|c| blossoming sunrise|fair\n|c| blossoming sunrise|pursuit nah imo\n|c|\u2606CarlyBae|and magnet pull?\n|c|\u2606OUTY Gomu|no cause pursuit is one move\n|c|\u2606OUTY Gomu|Duggy can do many things\n|inactive|OUTY Gomu has 90 seconds left.\n|c|\u2606OUTY Gomu|Magnet Pull is literally only steels which is too good of a type anyway\n|c|\u2606OUTY Gomu|If there was a Fairy Pull I wouldn't be mad either\n|\n|move|p1a: Seismitoad|Earthquake|p2a: Kommo-o\n|-damage|p2a: Kommo-o|0 fnt\n|-damage|p1a: Seismitoad|29\/100|[from] item: Life Orb\n|faint|p2a: Kommo-o\n|\n|-weather|RainDance|[upkeep]\n|upkeep\n|\n|switch|p2a: Zeraora|Zeraora|100\/100\n|turn|25\n|\n|move|p1a: Seismitoad|Earthquake|p2a: Zeraora\n|-supereffective|p2a: Zeraora\n|-damage|p2a: Zeraora|0 fnt\n|-damage|p1a: Seismitoad|19\/100|[from] item: Life Orb\n|faint|p2a: Zeraora\n|\n|win|CarlyBae\n|raw|CarlyBae's rating: 1488 &rarr; <strong>1511<\/strong><br \/>(+23 for winning)\n|raw|OUTY Gomu's rating: 1545 &rarr; <strong>1522<\/strong><br \/>(-23 for losing)\n|l|\u2606OUTY Gomu\n|c|\u2606CarlyBae|gg\n","uploadtime":1585012208,"views":4,"p1id":"carlybae","p2id":"outygomu","formatid":"gen8ou","rating":1511,"private":0,"password":null}