{"id":"gen8nationaldex-1703133378","p1":"Kikoobuster","p2":"shyiin","format":"gen8nationaldex","log":"|j|\u2606Kikoobuster\n|j|\u2606shyiin\n|t:|1667617333\n|gametype|singles\n|player|p1|Kikoobuster|266|1647\n|player|p2|shyiin|rosa-pokestar|1636\n|teamsize|p1|6\n|teamsize|p2|6\n|gen|8\n|tier|[Gen 8] National Dex\n|rated|\n|rule|HP Percentage Mod: HP is shown in percentages\n|rule|Endless Battle Clause: Forcing endless battles is banned\n|rule|OHKO Clause: OHKO moves are banned\n|rule|Evasion Moves Clause: Evasion moves are banned\n|rule|Species Clause: Limit one of each Pok\u00e9mon\n|rule|Dynamax Clause: You cannot dynamax\n|rule|Sleep Clause Mod: Limit one foe put to sleep\n|clearpoke\n|poke|p1|Meloetta|\n|poke|p1|Empoleon, F|\n|poke|p1|Azumarill, F|\n|poke|p1|Infernape, F|\n|poke|p1|Altaria, M|\n|poke|p1|Landorus-Therian, M|\n|poke|p2|Volcarona, M|\n|poke|p2|Mawile, M|\n|poke|p2|Garchomp, M|\n|poke|p2|Ferrothorn, F|\n|poke|p2|Tapu Koko|\n|poke|p2|Landorus-Therian, M|\n|teampreview\n|inactive|Battle timer is ON: inactive players will automatically lose when time's up. (requested by shyiin)\n|\n|t:|1667617363\n|start\n|switch|p1a: Infernape|Infernape, F|100\/100\n|switch|p2a: Tapu Koko|Tapu Koko|100\/100\n|-fieldstart|move: Electric Terrain|[from] ability: Electric Surge|[of] p2a: Tapu Koko\n|turn|1\n|\n|t:|1667617367\n|move|p1a: Infernape|U-turn|p2a: Tapu Koko\n|-resisted|p2a: Tapu Koko\n|-damage|p2a: Tapu Koko|85\/100\n|\n|t:|1667617369\n|switch|p1a: Landorus|Landorus-Therian, M|100\/100|[from]move: U-turn\n|-ability|p1a: Landorus|Intimidate|boost\n|-unboost|p2a: Tapu Koko|atk|1\n|move|p2a: Tapu Koko|Volt Switch|p1a: Landorus\n|-immune|p1a: Landorus\n|\n|upkeep\n|turn|2\n|\n|t:|1667617374\n|move|p1a: Landorus|U-turn|p2a: Tapu Koko\n|-resisted|p2a: Tapu Koko\n|-damage|p2a: Tapu Koko|66\/100\n|\n|t:|1667617378\n|switch|p1a: Altaria|Altaria, M|100\/100|[from]move: U-turn\n|-ability|p1a: Altaria|Cloud Nine\n|move|p2a: Tapu Koko|Hidden Power|p1a: Altaria\n|-supereffective|p1a: Altaria\n|-damage|p1a: Altaria|15\/100\n|\n|upkeep\n|turn|3\n|\n|t:|1667617388\n|detailschange|p1a: Altaria|Altaria-Mega, M\n|-mega|p1a: Altaria|Altaria|Altarianite\n|move|p2a: Tapu Koko|Hidden Power|p1a: Altaria\n|-supereffective|p1a: Altaria\n|-damage|p1a: Altaria|0 fnt\n|faint|p1a: Altaria\n|\n|upkeep\n|\n|t:|1667617392\n|switch|p1a: Landorus|Landorus-Therian, M|100\/100\n|-ability|p1a: Landorus|Intimidate|boost\n|-unboost|p2a: Tapu Koko|atk|1\n|turn|4\n|\n|t:|1667617395\n|switch|p2a: Landorus|Landorus-Therian, M|100\/100\n|-ability|p2a: Landorus|Intimidate|boost\n|-unboost|p1a: Landorus|atk|1\n|move|p1a: Landorus|U-turn|p2a: Landorus\n|-resisted|p2a: Landorus\n|-damage|p2a: Landorus|90\/100\n|\n|t:|1667617401\n|switch|p1a: Azumarill|Azumarill, F|100\/100|[from]move: U-turn\n|\n|upkeep\n|turn|5\n|\n|t:|1667617403\n|switch|p2a: Ferrothorn|Ferrothorn, F|100\/100\n|move|p1a: Azumarill|Belly Drum|p1a: Azumarill\n|-damage|p1a: Azumarill|50\/100\n|-setboost|p1a: Azumarill|atk|6|[from] move: Belly Drum\n|-enditem|p1a: Azumarill|Sitrus Berry|[eat]\n|-heal|p1a: Azumarill|75\/100|[from] item: Sitrus Berry\n|\n|-fieldend|move: Electric Terrain\n|upkeep\n|turn|6\n|\n|t:|1667617413\n|move|p1a: Azumarill|Knock Off|p2a: Ferrothorn\n|-damage|p2a: Ferrothorn|0 fnt\n|-damage|p1a: Azumarill|63\/100|[from] ability: Iron Barbs|[of] p2a: Ferrothorn\n|-enditem|p2a: Ferrothorn|Chople Berry|[from] move: Knock Off|[of] p1a: Azumarill\n|faint|p2a: Ferrothorn\n|\n|upkeep\n|\n|t:|1667617427\n|switch|p2a: Garchomp|Garchomp, M|100\/100\n|turn|7\n|\n|t:|1667617428\n|move|p1a: Azumarill|Aqua Jet|p2a: Garchomp\n|-damage|p2a: Garchomp|37\/100\n|-damage|p1a: Azumarill|51\/100|[from] ability: Rough Skin|[of] p2a: Garchomp\n|-damage|p1a: Azumarill|34\/100|[from] item: Rocky Helmet|[of] p2a: Garchomp\n|move|p2a: Garchomp|Earthquake|p1a: Azumarill\n|-damage|p1a: Azumarill|0 fnt\n|faint|p1a: Azumarill\n|\n|upkeep\n|\n|t:|1667617439\n|switch|p1a: Infernape|Infernape, F|100\/100\n|turn|8\n|\n|t:|1667617445\n|move|p1a: Infernape|Close Combat|p2a: Garchomp\n|-damage|p2a: Garchomp|2\/100\n|-unboost|p1a: Infernape|def|1\n|-unboost|p1a: Infernape|spd|1\n|-damage|p1a: Infernape|88\/100|[from] ability: Rough Skin|[of] p2a: Garchomp\n|-damage|p1a: Infernape|72\/100|[from] item: Rocky Helmet|[of] p2a: Garchomp\n|move|p2a: Garchomp|Stealth Rock|p1a: Infernape\n|-sidestart|p1: Kikoobuster|move: Stealth Rock\n|\n|upkeep\n|turn|9\n|\n|t:|1667617449\n|switch|p2a: Volcarona|Volcarona, M|100\/100\n|move|p1a: Infernape|Close Combat|p2a: Volcarona\n|-resisted|p2a: Volcarona\n|-damage|p2a: Volcarona|74\/100\n|-unboost|p1a: Infernape|def|1\n|-unboost|p1a: Infernape|spd|1\n|\n|upkeep\n|turn|10\n|\n|t:|1667617452\n|switch|p1a: Landorus|Landorus-Therian, M|100\/100\n|-damage|p1a: Landorus|88\/100|[from] Stealth Rock\n|-ability|p1a: Landorus|Intimidate|boost\n|-unboost|p2a: Volcarona|atk|1\n|move|p2a: Volcarona|Flamethrower|p1a: Landorus\n|-damage|p1a: Landorus|35\/100\n|\n|upkeep\n|turn|11\n|\n|t:|1667617456\n|switch|p2a: Landorus|Landorus-Therian, M|90\/100\n|-ability|p2a: Landorus|Intimidate|boost\n|-unboost|p1a: Landorus|atk|1\n|move|p1a: Landorus|Stone Edge|p2a: Landorus\n|-damage|p2a: Landorus|60\/100\n|\n|upkeep\n|turn|12\n|\n|t:|1667617460\n|move|p1a: Landorus|Stone Edge|p2a: Landorus|[miss]\n|-miss|p1a: Landorus|p2a: Landorus\n|move|p2a: Landorus|U-turn|p1a: Landorus\n|-resisted|p1a: Landorus\n|-damage|p1a: Landorus|20\/100\n|\n|t:|1667617464\n|switch|p2a: Mawile|Mawile, M|100\/100|[from]move: U-turn\n|-ability|p2a: Mawile|Intimidate|boost\n|-unboost|p1a: Landorus|atk|1\n|\n|upkeep\n|turn|13\n|\n|t:|1667617469\n|switch|p1a: Infernape|Infernape, F|72\/100\n|-damage|p1a: Infernape|60\/100|[from] Stealth Rock\n|detailschange|p2a: Mawile|Mawile-Mega, M\n|-mega|p2a: Mawile|Mawile|Mawilite\n|move|p2a: Mawile|Iron Head|p1a: Infernape\n|-resisted|p1a: Infernape\n|-damage|p1a: Infernape|0 fnt\n|faint|p1a: Infernape\n|\n|upkeep\n|\n|t:|1667617474\n|switch|p1a: Empoleon|Empoleon, F|100\/100\n|-damage|p1a: Empoleon|94\/100|[from] Stealth Rock\n|turn|14\n|\n|t:|1667617478\n|switch|p2a: Garchomp|Garchomp, M|2\/100\n|move|p1a: Empoleon|Scald|p2a: Garchomp\n|-damage|p2a: Garchomp|0 fnt\n|faint|p2a: Garchomp\n|\n|-heal|p1a: Empoleon|100\/100|[from] item: Leftovers\n|upkeep\n|\n|t:|1667617485\n|switch|p2a: Tapu Koko|Tapu Koko|66\/100\n|-fieldstart|move: Electric Terrain|[from] ability: Electric Surge|[of] p2a: Tapu Koko\n|turn|15\n|\n|t:|1667617490\n|move|p2a: Tapu Koko|Volt Switch|p1a: Empoleon\n|-supereffective|p1a: Empoleon\n|-damage|p1a: Empoleon|44\/100\n|\n|t:|1667617498\n|switch|p2a: Volcarona|Volcarona, M|74\/100|[from]move: Volt Switch\n|move|p1a: Empoleon|Scald|p2a: Volcarona\n|-supereffective|p2a: Volcarona\n|-damage|p2a: Volcarona|25\/100\n|\n|-heal|p1a: Empoleon|50\/100|[from] item: Leftovers\n|upkeep\n|turn|16\n|\n|t:|1667617505\n|move|p2a: Volcarona|Flamethrower|p1a: Empoleon\n|-damage|p1a: Empoleon|24\/100\n|move|p1a: Empoleon|Scald|p2a: Volcarona\n|-supereffective|p2a: Volcarona\n|-damage|p2a: Volcarona|0 fnt\n|faint|p2a: Volcarona\n|\n|-heal|p1a: Empoleon|30\/100|[from] item: Leftovers\n|upkeep\n|\n|t:|1667617514\n|switch|p2a: Tapu Koko|Tapu Koko|66\/100\n|turn|17\n|\n|t:|1667617517\n|move|p1a: Empoleon|Protect|p1a: Empoleon\n|-singleturn|p1a: Empoleon|Protect\n|move|p2a: Tapu Koko|Volt Switch|p1a: Empoleon\n|-activate|p1a: Empoleon|move: Protect\n|\n|-heal|p1a: Empoleon|36\/100|[from] item: Leftovers\n|upkeep\n|turn|18\n|\n|t:|1667617523\n|switch|p1a: Landorus|Landorus-Therian, M|20\/100\n|-damage|p1a: Landorus|8\/100|[from] Stealth Rock\n|-ability|p1a: Landorus|Intimidate|boost\n|-unboost|p2a: Tapu Koko|atk|1\n|move|p2a: Tapu Koko|Volt Switch|p1a: Landorus\n|-immune|p1a: Landorus\n|\n|upkeep\n|turn|19\n|\n|t:|1667617529\n|switch|p2a: Landorus|Landorus-Therian, M|60\/100\n|-ability|p2a: Landorus|Intimidate|boost\n|-unboost|p1a: Landorus|atk|1\n|move|p1a: Landorus|Defog|p2a: Landorus\n|-unboost|p2a: Landorus|evasion|1\n|-sideend|p1: Kikoobuster|Stealth Rock|[from] move: Defog|[of] p1a: Landorus\n|-fieldend|move: Electric Terrain\n|\n|upkeep\n|turn|20\n|\n|t:|1667617532\n|switch|p1a: Empoleon|Empoleon, F|36\/100\n|move|p2a: Landorus|U-turn|p1a: Empoleon\n|-resisted|p1a: Empoleon\n|-damage|p1a: Empoleon|24\/100\n|\n|t:|1667617535\n|switch|p2a: Tapu Koko|Tapu Koko|66\/100|[from]move: U-turn\n|-fieldstart|move: Electric Terrain|[from] ability: Electric Surge|[of] p2a: Tapu Koko\n|\n|-heal|p1a: Empoleon|30\/100|[from] item: Leftovers\n|upkeep\n|turn|21\n|\n|t:|1667617540\n|move|p1a: Empoleon|Protect|p1a: Empoleon\n|-singleturn|p1a: Empoleon|Protect\n|move|p2a: Tapu Koko|Roost|p2a: Tapu Koko\n|-heal|p2a: Tapu Koko|100\/100\n|-singleturn|p2a: Tapu Koko|move: Roost\n|\n|-heal|p1a: Empoleon|37\/100|[from] item: Leftovers\n|upkeep\n|turn|22\n|\n|t:|1667617545\n|move|p2a: Tapu Koko|Volt Switch|p1a: Empoleon\n|-supereffective|p1a: Empoleon\n|-damage|p1a: Empoleon|0 fnt\n|faint|p1a: Empoleon\n|\n|t:|1667617546\n|switch|p2a: Landorus|Landorus-Therian, M|60\/100|[from]move: Volt Switch\n|\n|upkeep\n|\n|t:|1667617552\n|switch|p1a: Meloetta|Meloetta|100\/100\n|turn|23\n|\n|t:|1667617555\n|move|p2a: Landorus|Earthquake|p1a: Meloetta\n|-damage|p1a: Meloetta|32\/100\n|-zpower|p1a: Meloetta\n|move|p1a: Meloetta|Z-Celebrate|p1a: Meloetta|[anim]Celebrate\n|-boost|p1a: Meloetta|atk|1|[zeffect]\n|-boost|p1a: Meloetta|def|1|[zeffect]\n|-boost|p1a: Meloetta|spa|1|[zeffect]\n|-boost|p1a: Meloetta|spd|1|[zeffect]\n|-boost|p1a: Meloetta|spe|1|[zeffect]\n|-activate|p1a: Meloetta|move: Celebrate\n|\n|upkeep\n|turn|24\n|\n|t:|1667617559\n|move|p1a: Meloetta|Psychic|p2a: Landorus\n|-damage|p2a: Landorus|0 fnt\n|faint|p2a: Landorus\n|\n|-fieldend|move: Electric Terrain\n|upkeep\n|\n|t:|1667617561\n|switch|p2a: Mawile|Mawile-Mega, M|100\/100\n|turn|25\n|\n|t:|1667617563\n|move|p2a: Mawile|Sucker Punch|p1a: Meloetta\n|-supereffective|p1a: Meloetta\n|-damage|p1a: Meloetta|0 fnt\n|faint|p1a: Meloetta\n|\n|upkeep\n|\n|t:|1667617565\n|switch|p1a: Landorus|Landorus-Therian, M|8\/100\n|-ability|p1a: Landorus|Intimidate|boost\n|-unboost|p2a: Mawile|atk|1\n|turn|26\n|\n|t:|1667617567\n|move|p2a: Mawile|Sucker Punch|p1a: Landorus\n|-damage|p1a: Landorus|0 fnt\n|faint|p1a: Landorus\n|\n|win|shyiin\n|raw|Kikoobuster's rating: 1647 &rarr; <strong>1626<\/strong><br \/>(-21 for losing)\n|raw|shyiin's rating: 1636 &rarr; <strong>1657<\/strong><br \/>(+21 for winning)\n|c|\u2606shyiin|ggs\n","uploadtime":1667617572,"views":5,"p1id":"kikoobuster","p2id":"shyiin","formatid":"gen8nationaldex","rating":1626,"private":0,"password":null}