{"id":"gen8nationaldex-1584793111","p1":"Sir Fresh","p2":"Neil278","format":"gen8nationaldex","log":"|j|\u2606Sir Fresh\n|j|\u2606Neil278\n|t:|1653764575\n|gametype|singles\n|player|p1|Sir Fresh|palmer|\n|player|p2|Neil278|2|\n|teamsize|p1|6\n|teamsize|p2|6\n|gen|8\n|tier|[Gen 8] National Dex\n|rule|HP Percentage Mod: HP is shown in percentages\n|rule|Endless Battle Clause: Forcing endless battles is banned\n|rule|OHKO Clause: OHKO moves are banned\n|rule|Evasion Moves Clause: Evasion moves are banned\n|rule|Species Clause: Limit one of each Pok\u00e9mon\n|rule|Dynamax Clause: You cannot dynamax\n|rule|Sleep Clause Mod: Limit one foe put to sleep\n|clearpoke\n|poke|p1|Sceptile, M|\n|poke|p1|Blaziken, M|\n|poke|p1|Swampert, M|\n|poke|p1|Gardevoir, F|\n|poke|p1|Metagross|\n|poke|p1|Milotic, F|\n|poke|p2|Blaziken, M|\n|poke|p2|Swampert, M|\n|poke|p2|Pelipper, M|\n|poke|p2|Jirachi|\n|poke|p2|Breloom, M|\n|poke|p2|Latios, M|\n|teampreview\n|c|\u2606Sir Fresh|Glhf\n|c|\u2606Neil278|GLHF!\n|j| Thatoneguy08\n|\n|t:|1653764634\n|start\n|switch|p1a: Swampert|Swampert, M|100\/100\n|switch|p2a: Pelipper|Pelipper, M|100\/100\n|-weather|RainDance|[from] ability: Drizzle|[of] p2a: Pelipper\n|turn|1\n|\n|t:|1653764643\n|move|p2a: Pelipper|Weather Ball|p1a: Swampert\n|-damage|p1a: Swampert|55\/100\n|move|p1a: Swampert|Stealth Rock|p2a: Pelipper\n|-sidestart|p2: Neil278|move: Stealth Rock\n|\n|-weather|RainDance|[upkeep]\n|-heal|p1a: Swampert|61\/100|[from] item: Leftovers\n|upkeep\n|turn|2\n|\n|t:|1653764655\n|move|p2a: Pelipper|Defog|p1a: Swampert\n|-unboost|p1a: Swampert|evasion|1\n|-sideend|p2: Neil278|Stealth Rock|[from] move: Defog|[of] p2a: Pelipper\n|move|p1a: Swampert|Flip Turn|p2a: Pelipper\n|-resisted|p2a: Pelipper\n|-damage|p2a: Pelipper|84\/100\n|\n|t:|1653764668\n|switch|p1a: Blaziken|Blaziken, M|100\/100|[from]move: Flip Turn\n|\n|-weather|RainDance|[upkeep]\n|upkeep\n|turn|3\n|\n|t:|1653764680\n|move|p1a: Blaziken|Close Combat|p2a: Pelipper\n|-resisted|p2a: Pelipper\n|-damage|p2a: Pelipper|51\/100\n|-unboost|p1a: Blaziken|def|1\n|-unboost|p1a: Blaziken|spd|1\n|move|p2a: Pelipper|U-turn|p1a: Blaziken\n|-resisted|p1a: Blaziken\n|-crit|p1a: Blaziken\n|-damage|p1a: Blaziken|94\/100\n|\n|t:|1653764691\n|switch|p2a: Swampert|Swampert, M|100\/100|[from]move: U-turn\n|\n|-weather|RainDance|[upkeep]\n|-ability|p1a: Blaziken|Speed Boost|boost\n|-boost|p1a: Blaziken|spe|1\n|upkeep\n|turn|4\n|\n|t:|1653764700\n|switch|p1a: Milotic|Milotic, F|100\/100\n|detailschange|p2a: Swampert|Swampert-Mega, M\n|-mega|p2a: Swampert|Swampert|Swampertite\n|move|p2a: Swampert|Flip Turn|p1a: Milotic\n|-resisted|p1a: Milotic\n|-damage|p1a: Milotic|80\/100\n|\n|t:|1653764712\n|switch|p2a: Breloom|Breloom, M|100\/100|[from]move: Flip Turn\n|\n|-weather|RainDance|[upkeep]\n|-status|p1a: Milotic|brn|[from] item: Flame Orb\n|upkeep\n|turn|5\n|\n|t:|1653764726\n|move|p2a: Breloom|Spore||[still]\n|-fail|p2a: Breloom\n|move|p1a: Milotic|Ice Beam|p2a: Breloom\n|-supereffective|p2a: Breloom\n|-damage|p2a: Breloom|23\/100\n|\n|-weather|RainDance|[upkeep]\n|-damage|p1a: Milotic|74\/100 brn|[from] brn\n|upkeep\n|turn|6\n|c|\u2606Neil278|I misclicked so hard\n|\n|t:|1653764740\n|switch|p1a: Sceptile|Sceptile, M|100\/100\n|move|p2a: Breloom|Seed Bomb|p1a: Sceptile\n|-resisted|p1a: Sceptile\n|-damage|p1a: Sceptile|63\/100\n|\n|-weather|RainDance|[upkeep]\n|upkeep\n|turn|7\n|\n|t:|1653764752\n|detailschange|p1a: Sceptile|Sceptile-Mega, M\n|-mega|p1a: Sceptile|Sceptile|Sceptilite\n|move|p2a: Breloom|Mach Punch|p1a: Sceptile\n|-damage|p1a: Sceptile|16\/100\n|move|p1a: Sceptile|Dragon Pulse|p2a: Breloom\n|-damage|p2a: Breloom|0 fnt\n|faint|p2a: Breloom\n|\n|-weather|RainDance|[upkeep]\n|upkeep\n|c| Thatoneguy08|Marvel scale is rough\n|\n|t:|1653764760\n|switch|p2a: Swampert|Swampert-Mega, M|100\/100\n|turn|8\n|\n|t:|1653764766\n|switch|p1a: Metagross|Metagross|100\/100\n|move|p2a: Swampert|Flip Turn|p1a: Metagross\n|-damage|p1a: Metagross|64\/100\n|-damage|p2a: Swampert|84\/100|[from] item: Rocky Helmet|[of] p1a: Metagross\n|l| Thatoneguy08\n|\n|t:|1653764782\n|switch|p2a: Blaziken|Blaziken, M|100\/100|[from]move: Flip Turn\n|\n|-weather|none\n|upkeep\n|turn|9\n|\n|t:|1653764789\n|move|p2a: Blaziken|Protect|p2a: Blaziken\n|-singleturn|p2a: Blaziken|Protect\n|move|p1a: Metagross|Earthquake|p2a: Blaziken\n|-activate|p2a: Blaziken|move: Protect\n|\n|-ability|p2a: Blaziken|Speed Boost|boost\n|-boost|p2a: Blaziken|spe|1\n|upkeep\n|turn|10\n|\n|t:|1653764802\n|move|p2a: Blaziken|Flare Blitz|p1a: Metagross\n|-supereffective|p1a: Metagross\n|-crit|p1a: Metagross\n|-damage|p1a: Metagross|0 fnt\n|-damage|p2a: Blaziken|84\/100|[from] item: Rocky Helmet|[of] p1a: Metagross\n|faint|p1a: Metagross\n|-damage|p2a: Blaziken|58\/100|[from] Recoil\n|\n|-ability|p2a: Blaziken|Speed Boost|boost\n|-boost|p2a: Blaziken|spe|1\n|upkeep\n|\n|t:|1653764810\n|switch|p1a: Milotic|Milotic, F|74\/100 brn\n|turn|11\n|\n|t:|1653764832\n|switch|p2a: Latios|Latios, M|100\/100\n|move|p1a: Milotic|Recover|p1a: Milotic\n|-heal|p1a: Milotic|100\/100 brn\n|\n|-damage|p1a: Milotic|94\/100 brn|[from] brn\n|upkeep\n|turn|12\n|\n|t:|1653764844\n|switch|p1a: Gardevoir|Gardevoir, F|100\/100\n|-ability|p1a: Gardevoir|Levitate|[from] ability: Trace|[of] p2a: Latios\n|move|p2a: Latios|Energy Ball|p1a: Gardevoir\n|-damage|p1a: Gardevoir|68\/100\n|\n|upkeep\n|turn|13\n|\n|t:|1653764854\n|switch|p2a: Jirachi|Jirachi|100\/100\n|move|p1a: Gardevoir|Mystical Fire|p2a: Jirachi\n|-supereffective|p2a: Jirachi\n|-damage|p2a: Jirachi|63\/100\n|-unboost|p2a: Jirachi|spa|1\n|\n|-heal|p2a: Jirachi|70\/100|[from] item: Leftovers\n|upkeep\n|turn|14\n|\n|t:|1653764863\n|switch|p1a: Swampert|Swampert, M|61\/100\n|move|p2a: Jirachi|Iron Head|p1a: Swampert\n|-resisted|p1a: Swampert\n|-damage|p1a: Swampert|49\/100\n|\n|-heal|p2a: Jirachi|76\/100|[from] item: Leftovers\n|-heal|p1a: Swampert|55\/100|[from] item: Leftovers\n|upkeep\n|turn|15\n|\n|t:|1653764872\n|move|p2a: Jirachi|Wish|p2a: Jirachi\n|move|p1a: Swampert|Stealth Rock|p2a: Jirachi\n|-sidestart|p2: Neil278|move: Stealth Rock\n|\n|-heal|p2a: Jirachi|82\/100|[from] item: Leftovers\n|-heal|p1a: Swampert|62\/100|[from] item: Leftovers\n|upkeep\n|turn|16\n|\n|t:|1653764878\n|move|p2a: Jirachi|Body Slam|p1a: Swampert\n|-damage|p1a: Swampert|44\/100\n|move|p1a: Swampert|Earthquake|p2a: Jirachi\n|-supereffective|p2a: Jirachi\n|-damage|p2a: Jirachi|28\/100\n|\n|-heal|p2a: Jirachi|78\/100|[from] move: Wish|[wisher] Jirachi\n|-heal|p2a: Jirachi|84\/100|[from] item: Leftovers\n|-heal|p1a: Swampert|50\/100|[from] item: Leftovers\n|upkeep\n|turn|17\n|\n|t:|1653764888\n|switch|p2a: Pelipper|Pelipper, M|51\/100\n|-damage|p2a: Pelipper|26\/100|[from] Stealth Rock\n|-weather|RainDance|[from] ability: Drizzle|[of] p2a: Pelipper\n|move|p1a: Swampert|Earthquake|p2a: Pelipper\n|-immune|p2a: Pelipper\n|\n|-weather|RainDance|[upkeep]\n|-heal|p1a: Swampert|56\/100|[from] item: Leftovers\n|upkeep\n|turn|18\n|j| Road_to_oblivion1\n|\n|t:|1653764911\n|move|p2a: Pelipper|Weather Ball|p1a: Swampert\n|-damage|p1a: Swampert|11\/100\n|move|p1a: Swampert|Toxic|p2a: Pelipper|[miss]\n|-miss|p1a: Swampert|p2a: Pelipper\n|\n|-weather|RainDance|[upkeep]\n|-heal|p1a: Swampert|17\/100|[from] item: Leftovers\n|upkeep\n|turn|19\n|c|\u2606Neil278|sorry\n|\n|t:|1653764930\n|move|p2a: Pelipper|Hurricane|p1a: Swampert\n|-damage|p1a: Swampert|0 fnt\n|faint|p1a: Swampert\n|\n|-weather|RainDance|[upkeep]\n|upkeep\n|\n|t:|1653764949\n|switch|p1a: Blaziken|Blaziken, M|94\/100\n|turn|20\n|\n|t:|1653764964\n|move|p1a: Blaziken|Close Combat|p2a: Pelipper\n|-resisted|p2a: Pelipper\n|-damage|p2a: Pelipper|0 fnt\n|-unboost|p1a: Blaziken|def|1\n|-unboost|p1a: Blaziken|spd|1\n|faint|p2a: Pelipper\n|\n|-weather|RainDance|[upkeep]\n|-ability|p1a: Blaziken|Speed Boost|boost\n|-boost|p1a: Blaziken|spe|1\n|upkeep\n|\n|t:|1653764974\n|switch|p2a: Swampert|Swampert-Mega, M|84\/100\n|-damage|p2a: Swampert|78\/100|[from] Stealth Rock\n|turn|21\n|\n|t:|1653764979\n|switch|p1a: Milotic|Milotic, F|94\/100 brn\n|move|p2a: Swampert|Earthquake|p1a: Milotic\n|-damage|p1a: Milotic|65\/100 brn\n|\n|-weather|RainDance|[upkeep]\n|-damage|p1a: Milotic|59\/100 brn|[from] brn\n|upkeep\n|turn|22\n|\n|t:|1653764986\n|move|p2a: Swampert|Earthquake|p1a: Milotic\n|-crit|p1a: Milotic\n|-damage|p1a: Milotic|19\/100 brn\n|move|p1a: Milotic|Recover|p1a: Milotic\n|-heal|p1a: Milotic|69\/100 brn\n|\n|-weather|RainDance|[upkeep]\n|-damage|p1a: Milotic|63\/100 brn|[from] brn\n|upkeep\n|turn|23\n|\n|t:|1653764994\n|move|p2a: Swampert|Earthquake|p1a: Milotic\n|-crit|p1a: Milotic\n|-damage|p1a: Milotic|24\/100 brn\n|move|p1a: Milotic|Recover|p1a: Milotic\n|-heal|p1a: Milotic|74\/100 brn\n|\n|-weather|RainDance|[upkeep]\n|-damage|p1a: Milotic|68\/100 brn|[from] brn\n|upkeep\n|turn|24\n|\n|t:|1653765002\n|move|p2a: Swampert|Earthquake|p1a: Milotic\n|-damage|p1a: Milotic|39\/100 brn\n|move|p1a: Milotic|Recover|p1a: Milotic\n|-heal|p1a: Milotic|89\/100 brn\n|\n|-weather|none\n|-damage|p1a: Milotic|83\/100 brn|[from] brn\n|upkeep\n|turn|25\n|\n|t:|1653765011\n|move|p2a: Swampert|Flip Turn|p1a: Milotic\n|-resisted|p1a: Milotic\n|-damage|p1a: Milotic|74\/100 brn\n|\n|t:|1653765019\n|switch|p2a: Latios|Latios, M|100\/100|[from]move: Flip Turn\n|-damage|p2a: Latios|88\/100|[from] Stealth Rock\n|move|p1a: Milotic|Hidden Power|p2a: Latios\n|-resisted|p2a: Latios\n|-damage|p2a: Latios|82\/100\n|\n|-damage|p1a: Milotic|68\/100 brn|[from] brn\n|upkeep\n|turn|26\n|\n|t:|1653765032\n|switch|p1a: Gardevoir|Gardevoir, F|68\/100\n|-ability|p1a: Gardevoir|Levitate|[from] ability: Trace|[of] p2a: Latios\n|move|p2a: Latios|Energy Ball|p1a: Gardevoir\n|-damage|p1a: Gardevoir|32\/100\n|\n|upkeep\n|turn|27\n|\n|t:|1653765040\n|move|p2a: Latios|Energy Ball|p1a: Gardevoir\n|-damage|p1a: Gardevoir|0 fnt\n|faint|p1a: Gardevoir\n|\n|upkeep\n|\n|t:|1653765043\n|switch|p1a: Blaziken|Blaziken, M|94\/100\n|turn|28\n|\n|t:|1653765066\n|switch|p2a: Blaziken|Blaziken, M|58\/100\n|-damage|p2a: Blaziken|46\/100|[from] Stealth Rock\n|move|p1a: Blaziken|Swords Dance|p1a: Blaziken\n|-boost|p1a: Blaziken|atk|2\n|\n|-ability|p1a: Blaziken|Speed Boost|boost\n|-boost|p1a: Blaziken|spe|1\n|upkeep\n|turn|29\n|\n|t:|1653765080\n|move|p1a: Blaziken|Close Combat|p2a: Blaziken\n|-damage|p2a: Blaziken|0 fnt\n|-unboost|p1a: Blaziken|def|1\n|-unboost|p1a: Blaziken|spd|1\n|faint|p2a: Blaziken\n|\n|-ability|p1a: Blaziken|Speed Boost|boost\n|-boost|p1a: Blaziken|spe|1\n|upkeep\n|\n|t:|1653765087\n|switch|p2a: Swampert|Swampert-Mega, M|78\/100\n|-damage|p2a: Swampert|72\/100|[from] Stealth Rock\n|turn|30\n|\n|t:|1653765093\n|move|p1a: Blaziken|Close Combat|p2a: Swampert\n|-damage|p2a: Swampert|0 fnt\n|-unboost|p1a: Blaziken|def|1\n|-unboost|p1a: Blaziken|spd|1\n|faint|p2a: Swampert\n|\n|-ability|p1a: Blaziken|Speed Boost|boost\n|-boost|p1a: Blaziken|spe|1\n|upkeep\n|\n|t:|1653765100\n|switch|p2a: Latios|Latios, M|82\/100\n|-damage|p2a: Latios|69\/100|[from] Stealth Rock\n|turn|31\n|\n|t:|1653765110\n|move|p1a: Blaziken|Flare Blitz|p2a: Latios\n|-resisted|p2a: Latios\n|-damage|p2a: Latios|0 fnt\n|faint|p2a: Latios\n|-damage|p1a: Blaziken|71\/100|[from] Recoil\n|\n|-ability|p1a: Blaziken|Speed Boost|boost\n|-boost|p1a: Blaziken|spe|1\n|upkeep\n|c|\u2606Sir Fresh|Gg\n|l| Road_to_oblivion1\n|c|\u2606Neil278|GG\n|\n|t:|1653765117\n|switch|p2a: Jirachi|Jirachi|84\/100\n|-damage|p2a: Jirachi|78\/100|[from] Stealth Rock\n|turn|32\n|\n|t:|1653765125\n|move|p1a: Blaziken|Flare Blitz|p2a: Jirachi\n|-supereffective|p2a: Jirachi\n|-damage|p2a: Jirachi|0 fnt\n|faint|p2a: Jirachi\n|-damage|p1a: Blaziken|37\/100|[from] Recoil\n|\n|win|Sir Fresh\n","uploadtime":1653765131,"views":8,"p1id":"sirfresh","p2id":"neil278","formatid":"gen8nationaldex","rating":0,"private":0,"password":null}