{"id":"gen8nationaldex-1184475126","p1":"Daunzu","p2":"ElGringo93","format":"gen8nationaldex","log":"|j|\u2606Daunzu\n|j|\u2606ElGringo93\n|t:|1599743274\n|player|p1|Daunzu|ingo|1581\n|player|p2|ElGringo93|morty|1499\n|teamsize|p1|6\n|teamsize|p2|6\n|gametype|singles\n|gen|8\n|tier|[Gen 8] National Dex\n|rated|\n|clearpoke\n|poke|p1|Hydreigon, F|\n|poke|p1|Scizor, M|\n|poke|p1|Slowbro, F|\n|poke|p1|Landorus-Therian, M|\n|poke|p1|Tapu Fini|\n|poke|p1|Medicham, M|\n|poke|p2|Dragapult, M|\n|poke|p2|Greninja, M|\n|poke|p2|Magearna|\n|poke|p2|Charizard, M|\n|poke|p2|Landorus-Therian, M|\n|poke|p2|Clefable, M|\n|rule|HP Percentage Mod: HP is shown in percentages\n|rule|Endless Battle Clause: Forcing endless battles is banned\n|rule|OHKO Clause: OHKO moves are banned\n|rule|Evasion Moves Clause: Evasion moves are banned\n|rule|Species Clause: Limit one of each Pok\u00e9mon\n|rule|Dynamax Clause: You cannot dynamax\n|rule|Sleep Clause Mod: Limit one foe put to sleep\n|teampreview\n|\n|t:|1599743282\n|start\n|switch|p1a: Slowbro|Slowbro, F|100\/100\n|switch|p2a: Landorus|Landorus-Therian, M|100\/100\n|-ability|p2a: Landorus|Intimidate|boost\n|-unboost|p1a: Slowbro|atk|1\n|turn|1\n|\n|t:|1599743290\n|move|p2a: Landorus|U-turn|p1a: Slowbro\n|-supereffective|p1a: Slowbro\n|-damage|p1a: Slowbro|74\/100\n|-damage|p2a: Landorus|84\/100|[from] item: Rocky Helmet|[of] p1a: Slowbro\n|\n|t:|1599743296\n|switch|p2a: Greninja|Greninja, M|100\/100|[from]move: U-turn\n|move|p1a: Slowbro|Scald|p2a: Greninja\n|-resisted|p2a: Greninja\n|-damage|p2a: Greninja|79\/100\n|\n|upkeep\n|turn|2\n|\n|t:|1599743302\n|switch|p1a: Tapu Fini|Tapu Fini|100\/100\n|-fieldstart|move: Misty Terrain|[from] ability: Misty Surge|[of] p1a: Tapu Fini\n|move|p2a: Greninja|Dark Pulse|p1a: Tapu Fini\n|-resisted|p1a: Tapu Fini\n|-damage|p1a: Tapu Fini|85\/100\n|\n|-heal|p1a: Tapu Fini|91\/100|[from] item: Leftovers\n|upkeep\n|turn|3\n|\n|t:|1599743311\n|switch|p2a: Clefable|Clefable, M|100\/100\n|move|p1a: Tapu Fini|Taunt|p2a: Clefable\n|-start|p2a: Clefable|move: Taunt\n|\n|-heal|p1a: Tapu Fini|98\/100|[from] item: Leftovers\n|upkeep\n|turn|4\n|\n|t:|1599743320\n|switch|p1a: Landorus|Landorus-Therian, M|100\/100\n|-ability|p1a: Landorus|Intimidate|boost\n|-unboost|p2a: Clefable|atk|1\n|move|p2a: Clefable|Knock Off|p1a: Landorus\n|-crit|p1a: Landorus\n|-damage|p1a: Landorus|83\/100\n|-enditem|p1a: Landorus|Leftovers|[from] move: Knock Off|[of] p2a: Clefable\n|\n|upkeep\n|turn|5\n|\n|t:|1599743328\n|switch|p2a: Landorus|Landorus-Therian, M|84\/100\n|-ability|p2a: Landorus|Intimidate|boost\n|-unboost|p1a: Landorus|atk|1\n|move|p1a: Landorus|Stealth Rock|p2a: Landorus\n|-sidestart|p2: ElGringo93|move: Stealth Rock\n|\n|-heal|p2a: Landorus|90\/100|[from] item: Leftovers\n|upkeep\n|turn|6\n|\n|t:|1599743335\n|move|p2a: Landorus|Defog|p1a: Landorus\n|-unboost|p1a: Landorus|evasion|1\n|-sideend|p2: ElGringo93|Stealth Rock|[from] move: Defog|[of] p2a: Landorus\n|-fieldend|Misty Terrain\n|move|p1a: Landorus|Knock Off|p2a: Landorus\n|-damage|p2a: Landorus|74\/100\n|-enditem|p2a: Landorus|Leftovers|[from] move: Knock Off|[of] p1a: Landorus\n|\n|upkeep\n|turn|7\n|\n|t:|1599743345\n|move|p2a: Landorus|Stealth Rock|p1a: Landorus\n|-sidestart|p1: Daunzu|move: Stealth Rock\n|move|p1a: Landorus|Stealth Rock|p2a: Landorus\n|-sidestart|p2: ElGringo93|move: Stealth Rock\n|\n|upkeep\n|turn|8\n|\n|t:|1599743349\n|move|p2a: Landorus|Defog|p1a: Landorus\n|-unboost|p1a: Landorus|evasion|1\n|-sideend|p1: Daunzu|Stealth Rock|[from] move: Defog|[of] p2a: Landorus\n|-sideend|p2: ElGringo93|Stealth Rock|[from] move: Defog|[of] p2a: Landorus\n|move|p1a: Landorus|U-turn|p2a: Landorus\n|-resisted|p2a: Landorus\n|-damage|p2a: Landorus|68\/100\n|\n|t:|1599743354\n|switch|p1a: Hydreigon|Hydreigon, F|100\/100|[from]move: U-turn\n|\n|upkeep\n|turn|9\n|\n|t:|1599743360\n|move|p1a: Hydreigon|Nasty Plot|p1a: Hydreigon\n|-boost|p1a: Hydreigon|spa|2\n|move|p2a: Landorus|U-turn|p1a: Hydreigon\n|-supereffective|p1a: Hydreigon\n|-damage|p1a: Hydreigon|51\/100\n|\n|t:|1599743380\n|switch|p2a: Dragapult|Dragapult, M|100\/100|[from]move: U-turn\n|\n|upkeep\n|turn|10\n|\n|t:|1599743384\n|switch|p1a: Tapu Fini|Tapu Fini|98\/100\n|-fieldstart|move: Misty Terrain|[from] ability: Misty Surge|[of] p1a: Tapu Fini\n|move|p2a: Dragapult|U-turn|p1a: Tapu Fini\n|-resisted|p1a: Tapu Fini\n|-damage|p1a: Tapu Fini|82\/100\n|\n|t:|1599743394\n|switch|p2a: Charizard|Charizard, M|100\/100|[from]move: U-turn\n|\n|-heal|p1a: Tapu Fini|88\/100|[from] item: Leftovers\n|upkeep\n|turn|11\n|\n|t:|1599743401\n|detailschange|p2a: Charizard|Charizard-Mega-Y, M\n|-mega|p2a: Charizard|Charizard|Charizardite Y\n|-weather|SunnyDay|[from] ability: Drought|[of] p2a: Charizard\n|move|p2a: Charizard|Solar Beam||[still]\n|-prepare|p2a: Charizard|Solar Beam\n|-anim|p2a: Charizard|Solar Beam|p1a: Tapu Fini\n|-supereffective|p1a: Tapu Fini\n|-damage|p1a: Tapu Fini|22\/100\n|move|p1a: Tapu Fini|Surf|p2a: Charizard\n|-supereffective|p2a: Charizard\n|-crit|p2a: Charizard\n|-damage|p2a: Charizard|62\/100\n|\n|-weather|SunnyDay|[upkeep]\n|-heal|p1a: Tapu Fini|28\/100|[from] item: Leftovers\n|upkeep\n|turn|12\n|\n|t:|1599743420\n|switch|p1a: Hydreigon|Hydreigon, F|51\/100\n|move|p2a: Charizard|Roost|p2a: Charizard\n|-heal|p2a: Charizard|100\/100\n|-singleturn|p2a: Charizard|move: Roost\n|\n|-weather|SunnyDay|[upkeep]\n|upkeep\n|turn|13\n|\n|t:|1599743428\n|move|p1a: Hydreigon|Draco Meteor|p2a: Charizard\n|-damage|p2a: Charizard|29\/100\n|-unboost|p1a: Hydreigon|spa|2\n|-damage|p1a: Hydreigon|41\/100|[from] item: Life Orb\n|move|p2a: Charizard|Weather Ball|p1a: Hydreigon\n|-resisted|p1a: Hydreigon\n|-damage|p1a: Hydreigon|0 fnt\n|faint|p1a: Hydreigon\n|\n|-weather|SunnyDay|[upkeep]\n|upkeep\n|\n|t:|1599743437\n|switch|p1a: Medicham|Medicham, M|100\/100\n|turn|14\n|\n|t:|1599743448\n|switch|p2a: Dragapult|Dragapult, M|100\/100\n|detailschange|p1a: Medicham|Medicham-Mega, M\n|-mega|p1a: Medicham|Medicham|Medichamite\n|move|p1a: Medicham|Fake Out|p2a: Dragapult\n|-immune|p2a: Dragapult\n|\n|-weather|SunnyDay|[upkeep]\n|-fieldend|Misty Terrain\n|upkeep\n|turn|15\n|\n|t:|1599743458\n|switch|p1a: Slowbro|Slowbro, F|100\/100\n|move|p2a: Dragapult|Dragon Darts|p1a: Slowbro\n|-damage|p1a: Slowbro|80\/100\n|-anim|p2a: Dragapult|Dragon Darts|p1a: Slowbro\n|-damage|p1a: Slowbro|57\/100\n|\n|-weather|none\n|upkeep\n|turn|16\n|\n|t:|1599743467\n|move|p2a: Dragapult|Dragon Darts|p1a: Slowbro\n|-damage|p1a: Slowbro|34\/100\n|-anim|p2a: Dragapult|Dragon Darts|p1a: Slowbro\n|-damage|p1a: Slowbro|11\/100\n|move|p1a: Slowbro|Teleport|p1a: Slowbro\n|\n|t:|1599743473\n|switch|p1a: Scizor|Scizor, M|100\/100|[from]move: Teleport\n|\n|upkeep\n|turn|17\n|\n|t:|1599743477\n|switch|p2a: Charizard|Charizard-Mega-Y, M|29\/100\n|-weather|SunnyDay|[from] ability: Drought|[of] p2a: Charizard\n|move|p1a: Scizor|U-turn|p2a: Charizard\n|-resisted|p2a: Charizard\n|-damage|p2a: Charizard|13\/100\n|\n|t:|1599743485\n|switch|p1a: Medicham|Medicham-Mega, M|100\/100|[from]move: U-turn\n|\n|-weather|SunnyDay|[upkeep]\n|upkeep\n|turn|18\n|\n|t:|1599743492\n|switch|p2a: Dragapult|Dragapult, M|100\/100\n|move|p1a: Medicham|Zen Headbutt|p2a: Dragapult|[miss]\n|-miss|p1a: Medicham|p2a: Dragapult\n|\n|-weather|SunnyDay|[upkeep]\n|upkeep\n|turn|19\n|\n|t:|1599743500\n|move|p2a: Dragapult|U-turn|p1a: Medicham\n|-damage|p1a: Medicham|52\/100\n|\n|t:|1599743506\n|switch|p2a: Greninja|Greninja, M|79\/100|[from]move: U-turn\n|move|p1a: Medicham|Zen Headbutt|p2a: Greninja\n|-immune|p2a: Greninja\n|\n|-weather|SunnyDay|[upkeep]\n|upkeep\n|turn|20\n|\n|t:|1599743514\n|switch|p1a: Tapu Fini|Tapu Fini|28\/100\n|-fieldstart|move: Misty Terrain|[from] ability: Misty Surge|[of] p1a: Tapu Fini\n|move|p2a: Greninja|Dark Pulse|p1a: Tapu Fini\n|-resisted|p1a: Tapu Fini\n|-damage|p1a: Tapu Fini|13\/100\n|\n|-weather|SunnyDay|[upkeep]\n|-heal|p1a: Tapu Fini|19\/100|[from] item: Leftovers\n|upkeep\n|turn|21\n|j| Babyshark974\n|\n|t:|1599743523\n|move|p2a: Greninja|Dark Pulse|p1a: Tapu Fini\n|-resisted|p1a: Tapu Fini\n|-damage|p1a: Tapu Fini|3\/100\n|move|p1a: Tapu Fini|Moonblast|p2a: Greninja\n|-supereffective|p2a: Greninja\n|-damage|p2a: Greninja|0 fnt\n|faint|p2a: Greninja\n|\n|-weather|none\n|-heal|p1a: Tapu Fini|9\/100|[from] item: Leftovers\n|upkeep\n|\n|t:|1599743532\n|switch|p2a: Charizard|Charizard-Mega-Y, M|13\/100\n|-weather|SunnyDay|[from] ability: Drought|[of] p2a: Charizard\n|turn|22\n|\n|t:|1599743536\n|move|p2a: Charizard|Roost|p2a: Charizard\n|-heal|p2a: Charizard|63\/100\n|-singleturn|p2a: Charizard|move: Roost\n|move|p1a: Tapu Fini|Moonblast|p2a: Charizard\n|-resisted|p2a: Charizard\n|-damage|p2a: Charizard|49\/100\n|\n|-weather|SunnyDay|[upkeep]\n|-heal|p1a: Tapu Fini|15\/100|[from] item: Leftovers\n|upkeep\n|turn|23\n|\n|t:|1599743545\n|move|p2a: Charizard|Roost|p2a: Charizard\n|-heal|p2a: Charizard|99\/100\n|-singleturn|p2a: Charizard|move: Roost\n|move|p1a: Tapu Fini|Taunt|p2a: Charizard\n|-start|p2a: Charizard|move: Taunt\n|\n|-weather|SunnyDay|[upkeep]\n|-heal|p1a: Tapu Fini|21\/100|[from] item: Leftovers\n|upkeep\n|turn|24\n|\n|t:|1599743556\n|move|p2a: Charizard|Weather Ball|p1a: Tapu Fini\n|-resisted|p1a: Tapu Fini\n|-damage|p1a: Tapu Fini|0 fnt\n|faint|p1a: Tapu Fini\n|\n|-weather|SunnyDay|[upkeep]\n|-fieldend|Misty Terrain\n|upkeep\n|\n|t:|1599743562\n|switch|p1a: Medicham|Medicham-Mega, M|52\/100\n|turn|25\n|\n|t:|1599743566\n|move|p1a: Medicham|Fake Out|p2a: Charizard\n|-damage|p2a: Charizard|71\/100\n|cant|p2a: Charizard|flinch\n|\n|-weather|SunnyDay|[upkeep]\n|upkeep\n|turn|26\n|\n|t:|1599743580\n|switch|p2a: Dragapult|Dragapult, M|100\/100\n|move|p1a: Medicham|Zen Headbutt|p2a: Dragapult\n|-damage|p2a: Dragapult|11\/100\n|\n|-weather|none\n|upkeep\n|turn|27\n|\n|t:|1599743587\n|move|p1a: Medicham|Bullet Punch|p2a: Dragapult\n|-damage|p2a: Dragapult|0 fnt\n|faint|p2a: Dragapult\n|\n|upkeep\n|\n|t:|1599743595\n|switch|p2a: Landorus|Landorus-Therian, M|68\/100\n|-ability|p2a: Landorus|Intimidate|boost\n|-unboost|p1a: Medicham|atk|1\n|turn|28\n|\n|t:|1599743601\n|switch|p1a: Landorus|Landorus-Therian, M|83\/100\n|-ability|p1a: Landorus|Intimidate|boost\n|-unboost|p2a: Landorus|atk|1\n|move|p2a: Landorus|U-turn|p1a: Landorus\n|-resisted|p1a: Landorus\n|-damage|p1a: Landorus|78\/100\n|\n|t:|1599743608\n|switch|p2a: Charizard|Charizard-Mega-Y, M|71\/100|[from]move: U-turn\n|-weather|SunnyDay|[from] ability: Drought|[of] p2a: Charizard\n|\n|-weather|SunnyDay|[upkeep]\n|upkeep\n|turn|29\n|\n|t:|1599743614\n|move|p2a: Charizard|Weather Ball|p1a: Landorus\n|-damage|p1a: Landorus|0 fnt\n|faint|p1a: Landorus\n|\n|-weather|SunnyDay|[upkeep]\n|upkeep\n|\n|t:|1599743620\n|switch|p1a: Medicham|Medicham-Mega, M|52\/100\n|turn|30\n|\n|t:|1599743624\n|switch|p2a: Landorus|Landorus-Therian, M|68\/100\n|-ability|p2a: Landorus|Intimidate|boost\n|-unboost|p1a: Medicham|atk|1\n|move|p1a: Medicham|Zen Headbutt|p2a: Landorus\n|-damage|p2a: Landorus|34\/100\n|\n|-weather|SunnyDay|[upkeep]\n|upkeep\n|turn|31\n|\n|t:|1599743633\n|move|p1a: Medicham|Zen Headbutt|p2a: Landorus\n|-damage|p2a: Landorus|0 fnt\n|faint|p2a: Landorus\n|\n|-weather|SunnyDay|[upkeep]\n|upkeep\n|\n|t:|1599743642\n|switch|p2a: Magearna|Magearna|100\/100\n|turn|32\n|l| Babyshark974\n|\n|t:|1599743648\n|switch|p1a: Slowbro|Slowbro, F|44\/100\n|move|p2a: Magearna|Fleur Cannon|p1a: Slowbro\n|-damage|p1a: Slowbro|0 fnt\n|-unboost|p2a: Magearna|spa|2\n|faint|p1a: Slowbro\n|-ability|p2a: Magearna|Soul-Heart|boost\n|-boost|p2a: Magearna|spa|1\n|\n|-weather|none\n|upkeep\n|\n|t:|1599743657\n|switch|p1a: Scizor|Scizor, M|100\/100\n|turn|33\n|\n|t:|1599743662\n|switch|p2a: Clefable|Clefable, M|100\/100\n|move|p1a: Scizor|U-turn|p2a: Clefable\n|-resisted|p2a: Clefable\n|-damage|p2a: Clefable|65\/100\n|\n|t:|1599743670\n|switch|p1a: Medicham|Medicham-Mega, M|52\/100|[from]move: U-turn\n|\n|-heal|p2a: Clefable|71\/100|[from] item: Leftovers\n|upkeep\n|turn|34\n|\n|t:|1599743675\n|move|p1a: Medicham|Zen Headbutt|p2a: Clefable\n|-damage|p2a: Clefable|0 fnt\n|faint|p2a: Clefable\n|\n|upkeep\n|\n|t:|1599743682\n|switch|p2a: Magearna|Magearna|100\/100\n|turn|35\n|\n|t:|1599743685\n|switch|p1a: Scizor|Scizor, M|100\/100\n|switch|p2a: Charizard|Charizard-Mega-Y, M|71\/100\n|-weather|SunnyDay|[from] ability: Drought|[of] p2a: Charizard\n|\n|-weather|SunnyDay|[upkeep]\n|upkeep\n|turn|36\n|\n|t:|1599743694\n|move|p2a: Charizard|Weather Ball|p1a: Scizor\n|-supereffective|p1a: Scizor\n|-damage|p1a: Scizor|0 fnt\n|faint|p1a: Scizor\n|\n|-weather|SunnyDay|[upkeep]\n|upkeep\n|\n|t:|1599743699\n|switch|p1a: Medicham|Medicham-Mega, M|52\/100\n|turn|37\n|\n|t:|1599743702\n|move|p1a: Medicham|Zen Headbutt|p2a: Charizard\n|-damage|p2a: Charizard|0 fnt\n|faint|p2a: Charizard\n|\n|-weather|SunnyDay|[upkeep]\n|upkeep\n|\n|t:|1599743707\n|switch|p2a: Magearna|Magearna|100\/100\n|turn|38\n|\n|t:|1599743710\n|move|p1a: Medicham|High Jump Kick|p2a: Magearna|[miss]\n|-miss|p1a: Medicham|p2a: Magearna\n|-damage|p1a: Medicham|2\/100|[from] highjumpkick\n|move|p2a: Magearna|Fleur Cannon|p1a: Medicham\n|-supereffective|p1a: Medicham\n|-crit|p1a: Medicham\n|-damage|p1a: Medicham|0 fnt\n|-unboost|p2a: Magearna|spa|2\n|faint|p1a: Medicham\n|\n|win|ElGringo93\n|raw|Daunzu's rating: 1581 &rarr; <strong>1555<\/strong><br \/>(-26 for losing)\n|raw|ElGringo93's rating: 1478 &rarr; <strong>1504<\/strong><br \/>(+26 for winning)\n|l|\u2606ElGringo93\n","uploadtime":1599743736,"views":8,"p1id":"daunzu","p2id":"elgringo93","formatid":"gen8nationaldex","rating":1504,"private":0,"password":null}