{"id":"gen8ou-1704851450","p1":"capbap","p2":"Dindon Ductile","format":"gen8ou","log":"|j|\u2606capbap\n|j|\u2606Dindon Ductile\n|t:|1667828733\n|gametype|singles\n|player|p1|capbap|169|1616\n|player|p2|Dindon Ductile|bruno|1665\n|teamsize|p1|6\n|teamsize|p2|6\n|gen|8\n|tier|[Gen 8] OU\n|rated|\n|rule|Sleep Clause Mod: Limit one foe put to sleep\n|rule|Species Clause: Limit one of each Pok\u00e9mon\n|rule|OHKO Clause: OHKO moves are banned\n|rule|Evasion Items Clause: Evasion items are banned\n|rule|Evasion Moves Clause: Evasion moves are banned\n|rule|Endless Battle Clause: Forcing endless battles is banned\n|rule|HP Percentage Mod: HP is shown in percentages\n|rule|Dynamax Clause: You cannot dynamax\n|clearpoke\n|poke|p1|Blissey, F|\n|poke|p1|Urshifu-*, M|\n|poke|p1|Buzzwole|\n|poke|p1|Corviknight, M|\n|poke|p1|Necrozma|\n|poke|p1|Chansey, F|\n|poke|p2|Kommo-o, F|\n|poke|p2|Tapu Lele|\n|poke|p2|Tornadus-Therian, M|\n|poke|p2|Melmetal|\n|poke|p2|Latios, M|\n|poke|p2|Ferrothorn, M|\n|teampreview\n|inactive|Battle timer is ON: inactive players will automatically lose when time's up. (requested by capbap)\n|\n|t:|1667828747\n|start\n|switch|p1a: Blissey|Blissey, F|100\/100\n|switch|p2a: Tapu Lele|Tapu Lele|100\/100\n|-fieldstart|move: Psychic Terrain|[from] ability: Psychic Surge|[of] p2a: Tapu Lele\n|turn|1\n|\n|t:|1667828755\n|switch|p2a: Ferrothorn|Ferrothorn, M|100\/100\n|move|p1a: Blissey|Thunder|p2a: Ferrothorn\n|-resisted|p2a: Ferrothorn\n|-damage|p2a: Ferrothorn|83\/100\n|-status|p2a: Ferrothorn|par\n|\n|-heal|p2a: Ferrothorn|89\/100 par|[from] item: Leftovers\n|upkeep\n|turn|2\n|\n|t:|1667828766\n|switch|p1a: Corviknight|Corviknight, M|100\/100\n|-ability|p1a: Corviknight|Pressure\n|switch|p2a: Latios|Latios, M|100\/100\n|\n|upkeep\n|turn|3\n|\n|t:|1667828770\n|switch|p1a: Chansey|Chansey, F|100\/100\n|move|p2a: Latios|Psyshock|p1a: Chansey\n|-damage|p1a: Chansey|55\/100\n|\n|upkeep\n|turn|4\n|\n|t:|1667828781\n|switch|p2a: Ferrothorn|Ferrothorn, M|89\/100 par\n|move|p1a: Chansey|Wish|p1a: Chansey\n|\n|-heal|p2a: Ferrothorn|96\/100 par|[from] item: Leftovers\n|upkeep\n|turn|5\n|\n|t:|1667828784\n|move|p1a: Chansey|Protect|p1a: Chansey\n|-singleturn|p1a: Chansey|Protect\n|move|p2a: Ferrothorn|Stealth Rock|p1a: Chansey\n|-sidestart|p1: capbap|move: Stealth Rock\n|\n|-heal|p1a: Chansey|100\/100|[from] move: Wish|[wisher] Chansey\n|-heal|p2a: Ferrothorn|100\/100 par|[from] item: Leftovers\n|-fieldend|move: Psychic Terrain\n|upkeep\n|turn|6\n|\n|t:|1667828788\n|move|p1a: Chansey|Wish|p1a: Chansey\n|cant|p2a: Ferrothorn|par\n|\n|upkeep\n|turn|7\n|\n|t:|1667828796\n|switch|p1a: Corviknight|Corviknight, M|100\/100\n|-damage|p1a: Corviknight|88\/100|[from] Stealth Rock\n|-ability|p1a: Corviknight|Pressure\n|move|p2a: Ferrothorn|Knock Off|p1a: Corviknight\n|-damage|p1a: Corviknight|76\/100\n|-damage|p2a: Ferrothorn|84\/100 par|[from] item: Rocky Helmet|[of] p1a: Corviknight\n|-enditem|p1a: Corviknight|Rocky Helmet|[from] move: Knock Off|[of] p2a: Ferrothorn\n|\n|-heal|p1a: Corviknight|100\/100|[from] move: Wish|[wisher] Chansey\n|-heal|p2a: Ferrothorn|90\/100 par|[from] item: Leftovers\n|upkeep\n|turn|8\n|\n|t:|1667828816\n|move|p1a: Corviknight|Defog|p2a: Ferrothorn\n|-unboost|p2a: Ferrothorn|evasion|1\n|-sideend|p1: capbap|Stealth Rock|[from] move: Defog|[of] p1a: Corviknight\n|cant|p2a: Ferrothorn|par\n|\n|-heal|p2a: Ferrothorn|97\/100 par|[from] item: Leftovers\n|upkeep\n|turn|9\n|\n|t:|1667828831\n|switch|p1a: Urshifu|Urshifu-Rapid-Strike, M|100\/100\n|move|p2a: Ferrothorn|Stealth Rock|p1a: Urshifu\n|-sidestart|p1: capbap|move: Stealth Rock\n|\n|-heal|p2a: Ferrothorn|100\/100 par|[from] item: Leftovers\n|upkeep\n|turn|10\n|\n|t:|1667828840\n|switch|p2a: Kommo-o|Kommo-o, F|100\/100\n|move|p1a: Urshifu|Substitute|p1a: Urshifu\n|-start|p1a: Urshifu|Substitute\n|-damage|p1a: Urshifu|75\/100\n|\n|-heal|p1a: Urshifu|82\/100|[from] item: Leftovers\n|upkeep\n|turn|11\n|\n|t:|1667828849\n|move|p1a: Urshifu|Bulk Up|p1a: Urshifu\n|-boost|p1a: Urshifu|atk|1\n|-boost|p1a: Urshifu|def|1\n|move|p2a: Kommo-o|Iron Defense|p2a: Kommo-o\n|-boost|p2a: Kommo-o|def|2\n|\n|-heal|p1a: Urshifu|88\/100|[from] item: Leftovers\n|upkeep\n|turn|12\n|\n|t:|1667828855\n|move|p1a: Urshifu|Bulk Up|p1a: Urshifu\n|-boost|p1a: Urshifu|atk|1\n|-boost|p1a: Urshifu|def|1\n|move|p2a: Kommo-o|Iron Defense|p2a: Kommo-o\n|-boost|p2a: Kommo-o|def|2\n|\n|-heal|p1a: Urshifu|94\/100|[from] item: Leftovers\n|upkeep\n|turn|13\n|\n|t:|1667828860\n|move|p1a: Urshifu|Drain Punch|p2a: Kommo-o\n|-damage|p2a: Kommo-o|87\/100\n|-heal|p1a: Urshifu|99\/100|[from] drain|[of] p2a: Kommo-o\n|move|p2a: Kommo-o|Body Press|p1a: Urshifu\n|-crit|p1a: Urshifu\n|-end|p1a: Urshifu|Substitute\n|\n|-heal|p1a: Urshifu|100\/100|[from] item: Leftovers\n|-heal|p2a: Kommo-o|93\/100|[from] item: Leftovers\n|upkeep\n|turn|14\n|\n|t:|1667828865\n|move|p1a: Urshifu|Bulk Up|p1a: Urshifu\n|-boost|p1a: Urshifu|atk|1\n|-boost|p1a: Urshifu|def|1\n|move|p2a: Kommo-o|Body Press|p1a: Urshifu\n|-damage|p1a: Urshifu|57\/100\n|\n|-heal|p1a: Urshifu|64\/100|[from] item: Leftovers\n|-heal|p2a: Kommo-o|99\/100|[from] item: Leftovers\n|upkeep\n|turn|15\n|\n|t:|1667828871\n|move|p1a: Urshifu|Surging Strikes|p2a: Kommo-o\n|-resisted|p2a: Kommo-o\n|-crit|p2a: Kommo-o\n|-damage|p2a: Kommo-o|86\/100\n|-resisted|p2a: Kommo-o\n|-crit|p2a: Kommo-o\n|-damage|p2a: Kommo-o|74\/100\n|-resisted|p2a: Kommo-o\n|-crit|p2a: Kommo-o\n|-damage|p2a: Kommo-o|62\/100\n|-hitcount|p2a: Kommo-o|3\n|move|p2a: Kommo-o|Body Press|p1a: Urshifu\n|-damage|p1a: Urshifu|24\/100\n|\n|-heal|p1a: Urshifu|30\/100|[from] item: Leftovers\n|-heal|p2a: Kommo-o|69\/100|[from] item: Leftovers\n|upkeep\n|turn|16\n|\n|t:|1667828884\n|move|p1a: Urshifu|Surging Strikes|p2a: Kommo-o\n|-resisted|p2a: Kommo-o\n|-crit|p2a: Kommo-o\n|-damage|p2a: Kommo-o|56\/100\n|-resisted|p2a: Kommo-o\n|-crit|p2a: Kommo-o\n|-damage|p2a: Kommo-o|43\/100\n|-resisted|p2a: Kommo-o\n|-crit|p2a: Kommo-o\n|-damage|p2a: Kommo-o|30\/100\n|-hitcount|p2a: Kommo-o|3\n|move|p2a: Kommo-o|Body Press|p1a: Urshifu\n|-damage|p1a: Urshifu|0 fnt\n|faint|p1a: Urshifu\n|\n|-heal|p2a: Kommo-o|36\/100|[from] item: Leftovers\n|upkeep\n|\n|t:|1667828892\n|switch|p1a: Necrozma|Necrozma|100\/100\n|-damage|p1a: Necrozma|88\/100|[from] Stealth Rock\n|turn|17\n|\n|t:|1667828912\n|move|p1a: Necrozma|Iron Defense|p1a: Necrozma\n|-boost|p1a: Necrozma|def|2\n|move|p2a: Kommo-o|Body Press|p1a: Necrozma\n|-resisted|p1a: Necrozma\n|-damage|p1a: Necrozma|63\/100\n|\n|-heal|p1a: Necrozma|69\/100|[from] item: Leftovers\n|-heal|p2a: Kommo-o|43\/100|[from] item: Leftovers\n|upkeep\n|turn|18\n|\n|t:|1667828922\n|move|p1a: Necrozma|Calm Mind|p1a: Necrozma\n|-boost|p1a: Necrozma|spa|1\n|-boost|p1a: Necrozma|spd|1\n|move|p2a: Kommo-o|Toxic|p1a: Necrozma\n|-status|p1a: Necrozma|tox\n|\n|-heal|p1a: Necrozma|75\/100 tox|[from] item: Leftovers\n|-heal|p2a: Kommo-o|49\/100|[from] item: Leftovers\n|-damage|p1a: Necrozma|69\/100 tox|[from] psn\n|upkeep\n|turn|19\n|\n|t:|1667828933\n|move|p1a: Necrozma|Calm Mind|p1a: Necrozma\n|-boost|p1a: Necrozma|spa|1\n|-boost|p1a: Necrozma|spd|1\n|move|p2a: Kommo-o|Body Press|p1a: Necrozma\n|-resisted|p1a: Necrozma\n|-damage|p1a: Necrozma|41\/100 tox\n|\n|-heal|p1a: Necrozma|47\/100 tox|[from] item: Leftovers\n|-heal|p2a: Kommo-o|55\/100|[from] item: Leftovers\n|-damage|p1a: Necrozma|35\/100 tox|[from] psn\n|upkeep\n|turn|20\n|\n|t:|1667828946\n|switch|p2a: Tornadus|Tornadus-Therian, M|100\/100\n|move|p1a: Necrozma|Stored Power|p2a: Tornadus\n|-damage|p2a: Tornadus|0 fnt\n|faint|p2a: Tornadus\n|\n|-heal|p1a: Necrozma|41\/100 tox|[from] item: Leftovers\n|-damage|p1a: Necrozma|23\/100 tox|[from] psn\n|upkeep\n|\n|t:|1667828958\n|switch|p2a: Latios|Latios, M|100\/100\n|turn|21\n|\n|t:|1667828963\n|move|p2a: Latios|Mystical Fire|p1a: Necrozma\n|-damage|p1a: Necrozma|3\/100 tox\n|-unboost|p1a: Necrozma|spa|1\n|move|p1a: Necrozma|Stored Power|p2a: Latios\n|-resisted|p2a: Latios\n|-damage|p2a: Latios|61\/100\n|\n|-heal|p1a: Necrozma|9\/100 tox|[from] item: Leftovers\n|-damage|p1a: Necrozma|0 fnt|[from] psn\n|faint|p1a: Necrozma\n|upkeep\n|\n|t:|1667828991\n|switch|p1a: Blissey|Blissey, F|100\/100\n|-damage|p1a: Blissey|88\/100|[from] Stealth Rock\n|turn|22\n|\n|t:|1667829009\n|switch|p2a: Melmetal|Melmetal|100\/100\n|move|p1a: Blissey|Ice Beam|p2a: Melmetal\n|-resisted|p2a: Melmetal\n|-crit|p2a: Melmetal\n|-damage|p2a: Melmetal|87\/100\n|\n|upkeep\n|turn|23\n|\n|t:|1667829014\n|switch|p1a: Corviknight|Corviknight, M|100\/100\n|-damage|p1a: Corviknight|88\/100|[from] Stealth Rock\n|-ability|p1a: Corviknight|Pressure\n|switch|p2a: Tapu Lele|Tapu Lele|100\/100\n|-fieldstart|move: Psychic Terrain|[from] ability: Psychic Surge|[of] p2a: Tapu Lele\n|\n|upkeep\n|turn|24\n|\n|t:|1667829022\n|switch|p2a: Ferrothorn|Ferrothorn, M|100\/100 par\n|move|p1a: Corviknight|Defog|p2a: Ferrothorn\n|-unboost|p2a: Ferrothorn|evasion|1\n|-sideend|p1: capbap|Stealth Rock|[from] move: Defog|[of] p1a: Corviknight\n|-fieldend|move: Psychic Terrain\n|\n|upkeep\n|turn|25\n|\n|t:|1667829030\n|switch|p1a: Blissey|Blissey, F|88\/100\n|cant|p2a: Ferrothorn|par\n|\n|upkeep\n|turn|26\n|\n|t:|1667829041\n|move|p1a: Blissey|Flamethrower|p2a: Ferrothorn\n|-supereffective|p2a: Ferrothorn\n|-damage|p2a: Ferrothorn|0 fnt\n|faint|p2a: Ferrothorn\n|\n|upkeep\n|\n|t:|1667829055\n|switch|p2a: Kommo-o|Kommo-o, F|55\/100\n|turn|27\n|\n|t:|1667829064\n|switch|p1a: Buzzwole|Buzzwole|100\/100\n|move|p2a: Kommo-o|Body Press|p1a: Buzzwole\n|-resisted|p1a: Buzzwole\n|-damage|p1a: Buzzwole|85\/100\n|\n|-heal|p2a: Kommo-o|61\/100|[from] item: Leftovers\n|upkeep\n|turn|28\n|\n|t:|1667829073\n|move|p2a: Kommo-o|Protect|p2a: Kommo-o\n|-singleturn|p2a: Kommo-o|Protect\n|move|p1a: Buzzwole|Close Combat|p2a: Kommo-o\n|-activate|p2a: Kommo-o|move: Protect\n|\n|-heal|p2a: Kommo-o|67\/100|[from] item: Leftovers\n|upkeep\n|turn|29\n|\n|t:|1667829082\n|move|p1a: Buzzwole|Close Combat|p2a: Kommo-o\n|-damage|p2a: Kommo-o|27\/100\n|-unboost|p1a: Buzzwole|def|1\n|-unboost|p1a: Buzzwole|spd|1\n|move|p2a: Kommo-o|Iron Defense|p2a: Kommo-o\n|-boost|p2a: Kommo-o|def|2\n|\n|-heal|p2a: Kommo-o|34\/100|[from] item: Leftovers\n|upkeep\n|turn|30\n|\n|t:|1667829089\n|move|p1a: Buzzwole|Close Combat|p2a: Kommo-o\n|-damage|p2a: Kommo-o|14\/100\n|-unboost|p1a: Buzzwole|def|1\n|-unboost|p1a: Buzzwole|spd|1\n|move|p2a: Kommo-o|Body Press|p1a: Buzzwole\n|-resisted|p1a: Buzzwole\n|-damage|p1a: Buzzwole|22\/100\n|\n|-heal|p2a: Kommo-o|20\/100|[from] item: Leftovers\n|upkeep\n|turn|31\n|j| Narwhale37\n|\n|t:|1667829098\n|move|p2a: Kommo-o|Protect|p2a: Kommo-o\n|-singleturn|p2a: Kommo-o|Protect\n|move|p1a: Buzzwole|Close Combat|p2a: Kommo-o\n|-activate|p2a: Kommo-o|move: Protect\n|\n|-heal|p2a: Kommo-o|26\/100|[from] item: Leftovers\n|upkeep\n|turn|32\n|\n|t:|1667829101\n|move|p1a: Buzzwole|Close Combat|p2a: Kommo-o\n|-damage|p2a: Kommo-o|3\/100\n|-unboost|p1a: Buzzwole|def|1\n|-unboost|p1a: Buzzwole|spd|1\n|move|p2a: Kommo-o|Body Press|p1a: Buzzwole\n|-resisted|p1a: Buzzwole\n|-damage|p1a: Buzzwole|0 fnt\n|faint|p1a: Buzzwole\n|\n|-heal|p2a: Kommo-o|10\/100|[from] item: Leftovers\n|upkeep\n|inactive|capbap has 120 seconds left.\n|\n|t:|1667829147\n|switch|p1a: Corviknight|Corviknight, M|88\/100\n|-ability|p1a: Corviknight|Pressure\n|turn|33\n|\n|t:|1667829152\n|move|p2a: Kommo-o|Protect|p2a: Kommo-o\n|-singleturn|p2a: Kommo-o|Protect\n|move|p1a: Corviknight|Body Press|p2a: Kommo-o\n|-activate|p2a: Kommo-o|move: Protect\n|\n|-heal|p2a: Kommo-o|16\/100|[from] item: Leftovers\n|upkeep\n|turn|34\n|\n|t:|1667829166\n|move|p2a: Kommo-o|Iron Defense|p2a: Kommo-o\n|-boost|p2a: Kommo-o|def|2\n|move|p1a: Corviknight|Body Press|p2a: Kommo-o\n|-damage|p2a: Kommo-o|10\/100\n|\n|-heal|p2a: Kommo-o|16\/100|[from] item: Leftovers\n|upkeep\n|turn|35\n|\n|t:|1667829169\n|move|p2a: Kommo-o|Protect|p2a: Kommo-o\n|-singleturn|p2a: Kommo-o|Protect\n|move|p1a: Corviknight|U-turn|p2a: Kommo-o\n|-activate|p2a: Kommo-o|move: Protect\n|\n|-heal|p2a: Kommo-o|22\/100|[from] item: Leftovers\n|upkeep\n|turn|36\n|\n|t:|1667829172\n|move|p2a: Kommo-o|Iron Defense|p2a: Kommo-o\n|-boost|p2a: Kommo-o|def|2\n|move|p1a: Corviknight|U-turn|p2a: Kommo-o\n|-resisted|p2a: Kommo-o\n|-damage|p2a: Kommo-o|21\/100\n|\n|t:|1667829177\n|switch|p1a: Chansey|Chansey, F|100\/100|[from]move: U-turn\n|\n|-heal|p2a: Kommo-o|27\/100|[from] item: Leftovers\n|upkeep\n|turn|37\n|\n|t:|1667829182\n|move|p2a: Kommo-o|Body Press|p1a: Chansey\n|-supereffective|p1a: Chansey\n|-damage|p1a: Chansey|0 fnt\n|faint|p1a: Chansey\n|\n|-heal|p2a: Kommo-o|34\/100|[from] item: Leftovers\n|upkeep\n|\n|t:|1667829184\n|switch|p1a: Blissey|Blissey, F|88\/100\n|turn|38\n|\n|t:|1667829188\n|move|p2a: Kommo-o|Body Press|p1a: Blissey\n|-supereffective|p1a: Blissey\n|-damage|p1a: Blissey|0 fnt\n|faint|p1a: Blissey\n|\n|-heal|p2a: Kommo-o|40\/100|[from] item: Leftovers\n|upkeep\n|\n|t:|1667829190\n|switch|p1a: Corviknight|Corviknight, M|88\/100\n|-ability|p1a: Corviknight|Pressure\n|turn|39\n|\n|t:|1667829192\n|move|p2a: Kommo-o|Body Press|p1a: Corviknight\n|-damage|p1a: Corviknight|0 fnt\n|faint|p1a: Corviknight\n|\n|win|Dindon Ductile\n|raw|capbap's rating: 1616 &rarr; <strong>1599<\/strong><br \/>(-17 for losing)\n|raw|Dindon Ductile's rating: 1665 &rarr; <strong>1682<\/strong><br \/>(+17 for winning)\n||Ladder isn't responding, score probably updated but might not have (Request timeout).\n|l|\u2606Dindon Ductile\n","uploadtime":1667829461,"views":10,"p1id":"capbap","p2id":"dindonductile","formatid":"gen8ou","rating":1599,"private":0,"password":null}