{"id":"gen8ou-1280967681","p1":"wsdfg","p2":"Heatproof","format":"gen8ou","log":"|j|\u2606wsdfg\n|j|\u2606Heatproof\n|t:|1613116185\n|player|p1|wsdfg|burglar|1797\n|player|p2|Heatproof|hiker-gen4|1858\n|teamsize|p1|6\n|teamsize|p2|6\n|gametype|singles\n|gen|8\n|tier|[Gen 8] OU\n|rated|\n|clearpoke\n|poke|p1|Cinderace, M|\n|poke|p1|Volcarona, M|\n|poke|p1|Swampert, M|\n|poke|p1|Rillaboom, M|\n|poke|p1|Dragapult, M|\n|poke|p1|Kartana|\n|poke|p2|Kartana|\n|poke|p2|Cinderace, F|\n|poke|p2|Magearna|\n|poke|p2|Rillaboom, F|\n|poke|p2|Kommo-o, F|\n|poke|p2|Azumarill, F|\n|rule|Sleep Clause Mod: Limit one foe put to sleep\n|rule|Species Clause: Limit one of each Pok\u00e9mon\n|rule|OHKO Clause: OHKO moves are banned\n|rule|Evasion Moves Clause: Evasion moves are banned\n|rule|Endless Battle Clause: Forcing endless battles is banned\n|rule|HP Percentage Mod: HP is shown in percentages\n|rule|Dynamax Clause: You cannot dynamax\n|teampreview\n|j| Nesnot\n|\n|t:|1613116211\n|start\n|switch|p1a: Cinderace|Cinderace, M|100\/100\n|switch|p2a: Kommo-o|Kommo-o, F|100\/100\n|turn|1\n|\n|t:|1613116219\n|move|p1a: Cinderace|Gunk Shot|p2a: Kommo-o\n|-start|p1a: Cinderace|typechange|Poison|[from] ability: Libero\n|-damage|p2a: Kommo-o|60\/100\n|move|p2a: Kommo-o|Stealth Rock|p1a: Cinderace\n|-sidestart|p1: wsdfg|move: Stealth Rock\n|\n|-heal|p2a: Kommo-o|66\/100|[from] item: Leftovers\n|upkeep\n|turn|2\n|\n|t:|1613116225\n|move|p1a: Cinderace|U-turn|p2a: Kommo-o\n|-start|p1a: Cinderace|typechange|Bug|[from] ability: Libero\n|-resisted|p2a: Kommo-o\n|-damage|p2a: Kommo-o|55\/100\n|j| copevoncope\n|\n|t:|1613116229\n|switch|p1a: Volcarona|Volcarona, M|100\/100|[from]move: U-turn\n|move|p2a: Kommo-o|Iron Defense|p2a: Kommo-o\n|-boost|p2a: Kommo-o|def|2\n|\n|-heal|p2a: Kommo-o|61\/100|[from] item: Leftovers\n|upkeep\n|turn|3\n|\n|t:|1613116232\n|move|p1a: Volcarona|Psychic|p2a: Kommo-o\n|-supereffective|p2a: Kommo-o\n|-damage|p2a: Kommo-o|0 fnt\n|faint|p2a: Kommo-o\n|\n|upkeep\n|\n|t:|1613116239\n|switch|p2a: Cinderace|Cinderace, F|100\/100\n|turn|4\n|\n|t:|1613116243\n|move|p2a: Cinderace|Pyro Ball|p1a: Volcarona\n|-damage|p1a: Volcarona|9\/100\n|move|p1a: Volcarona|Quiver Dance|p1a: Volcarona\n|-boost|p1a: Volcarona|spa|1\n|-boost|p1a: Volcarona|spd|1\n|-boost|p1a: Volcarona|spe|1\n|\n|upkeep\n|turn|5\n|\n|t:|1613116249\n|move|p1a: Volcarona|Psychic|p2a: Cinderace\n|-damage|p2a: Cinderace|28\/100\n|move|p2a: Cinderace|Pyro Ball|p1a: Volcarona\n|-damage|p1a: Volcarona|0 fnt\n|faint|p1a: Volcarona\n|\n|upkeep\n|\n|t:|1613116252\n|switch|p1a: Dragapult|Dragapult, M|100\/100\n|turn|6\n|\n|t:|1613116257\n|move|p2a: Cinderace|Sucker Punch||[still]\n|-fail|p2a: Cinderace\n|move|p1a: Dragapult|Thunder Wave|p2a: Cinderace\n|-status|p2a: Cinderace|par\n|\n|upkeep\n|turn|7\n|\n|t:|1613116266\n|move|p1a: Dragapult|Hex|p2a: Cinderace\n|-damage|p2a: Cinderace|0 fnt\n|faint|p2a: Cinderace\n|\n|upkeep\n|\n|t:|1613116271\n|switch|p2a: Magearna|Magearna|100\/100\n|turn|8\n|\n|t:|1613116274\n|move|p1a: Dragapult|U-turn|p2a: Magearna\n|-resisted|p2a: Magearna\n|-damage|p2a: Magearna|97\/100\n|\n|t:|1613116276\n|switch|p1a: Swampert|Swampert, M|100\/100|[from]move: U-turn\n|-damage|p1a: Swampert|94\/100|[from] Stealth Rock\n|move|p2a: Magearna|Fleur Cannon|p1a: Swampert\n|-damage|p1a: Swampert|16\/100\n|-unboost|p2a: Magearna|spa|2\n|\n|-heal|p1a: Swampert|22\/100|[from] item: Leftovers\n|upkeep\n|turn|9\n|\n|t:|1613116281\n|move|p1a: Swampert|Protect|p1a: Swampert\n|-singleturn|p1a: Swampert|Protect\n|move|p2a: Magearna|Fleur Cannon|p1a: Swampert\n|-activate|p1a: Swampert|move: Protect\n|\n|-heal|p1a: Swampert|28\/100|[from] item: Leftovers\n|upkeep\n|turn|10\n|\n|t:|1613116285\n|move|p2a: Magearna|Fleur Cannon|p1a: Swampert\n|-damage|p1a: Swampert|0 fnt\n|-unboost|p2a: Magearna|spa|2\n|faint|p1a: Swampert\n|-ability|p2a: Magearna|Soul-Heart|boost\n|-boost|p2a: Magearna|spa|1\n|\n|upkeep\n|\n|t:|1613116291\n|switch|p1a: Cinderace|Cinderace, M|100\/100\n|turn|11\n|\n|t:|1613116298\n|switch|p2a: Rillaboom|Rillaboom, F|100\/100\n|-fieldstart|move: Grassy Terrain|[from] ability: Grassy Surge|[of] p2a: Rillaboom\n|move|p1a: Cinderace|Gunk Shot|p2a: Rillaboom|[miss]\n|-start|p1a: Cinderace|typechange|Poison|[from] ability: Libero\n|-miss|p1a: Cinderace|p2a: Rillaboom\n|\n|upkeep\n|turn|12\n|\n|t:|1613116301\n|move|p2a: Rillaboom|Grassy Glide|p1a: Cinderace\n|-resisted|p1a: Cinderace\n|-damage|p1a: Cinderace|53\/100\n|-damage|p2a: Rillaboom|91\/100|[from] item: Life Orb\n|move|p1a: Cinderace|Pyro Ball|p2a: Rillaboom\n|-start|p1a: Cinderace|typechange|Fire|[from] ability: Libero\n|-supereffective|p2a: Rillaboom\n|-damage|p2a: Rillaboom|0 fnt\n|faint|p2a: Rillaboom\n|\n|-heal|p1a: Cinderace|59\/100|[from] Grassy Terrain\n|upkeep\n|\n|t:|1613116309\n|switch|p2a: Azumarill|Azumarill, F|100\/100\n|turn|13\n|\n|t:|1613116324\n|switch|p1a: Rillaboom|Rillaboom, M|100\/100\n|-damage|p1a: Rillaboom|88\/100|[from] Stealth Rock\n|switch|p2a: Magearna|Magearna|97\/100\n|\n|-heal|p1a: Rillaboom|94\/100|[from] Grassy Terrain\n|-heal|p2a: Magearna|100\/100|[from] Grassy Terrain\n|upkeep\n|turn|14\n|\n|t:|1613116352\n|move|p1a: Rillaboom|U-turn|p2a: Magearna\n|-resisted|p2a: Magearna\n|-crit|p2a: Magearna\n|-damage|p2a: Magearna|88\/100\n|\n|t:|1613116356\n|switch|p1a: Kartana|Kartana|100\/100|[from]move: U-turn\n|-damage|p1a: Kartana|94\/100|[from] Stealth Rock\n|move|p2a: Magearna|Volt Switch|p1a: Kartana\n|-resisted|p1a: Kartana\n|-damage|p1a: Kartana|33\/100\n|\n|t:|1613116363\n|switch|p2a: Kartana|Kartana|100\/100|[from]move: Volt Switch\n|\n|-heal|p1a: Kartana|39\/100|[from] Grassy Terrain\n|upkeep\n|turn|15\n|\n|t:|1613116366\n|move|p2a: Kartana|Knock Off|p1a: Kartana\n|-damage|p1a: Kartana|0 fnt\n|-enditem|p1a: Kartana|Life Orb|[from] move: Knock Off|[of] p2a: Kartana\n|faint|p1a: Kartana\n|-ability|p2a: Kartana|Beast Boost|boost\n|-boost|p2a: Kartana|atk|1\n|\n|-fieldend|move: Grassy Terrain\n|upkeep\n|\n|t:|1613116373\n|switch|p1a: Rillaboom|Rillaboom, M|94\/100\n|-damage|p1a: Rillaboom|82\/100|[from] Stealth Rock\n|-fieldstart|move: Grassy Terrain|[from] ability: Grassy Surge|[of] p1a: Rillaboom\n|turn|16\n|\n|t:|1613116377\n|move|p2a: Kartana|Knock Off|p1a: Rillaboom\n|-damage|p1a: Rillaboom|0 fnt\n|-enditem|p1a: Rillaboom|Choice Band|[from] move: Knock Off|[of] p2a: Kartana\n|faint|p1a: Rillaboom\n|-ability|p2a: Kartana|Beast Boost|boost\n|-boost|p2a: Kartana|atk|1\n|\n|upkeep\n|-message|wsdfg forfeited.\n|\n|win|Heatproof\n|l|\u2606wsdfg\n|raw|wsdfg's rating: 1797 &rarr; <strong>1780<\/strong><br \/>(-17 for losing)\n|raw|Heatproof's rating: 1858 &rarr; <strong>1874<\/strong><br \/>(+16 for winning)\n|l| Nesnot\n|j| Cervixknight\n|l| copevoncope\n|l| Cervixknight\n","uploadtime":1613116443,"views":19,"p1id":"wsdfg","p2id":"heatproof","formatid":"gen8ou","rating":1780,"private":0,"password":null}