{"id":"gen8randombattle-1567012219","p1":"TehranTyphlosions","p2":"Gary Cohen","format":"gen8randombattle","log":"|j|\u2606TehranTyphlosions\n|j|\u2606Gary Cohen\n|t:|1651610751\n|gametype|singles\n|player|p1|TehranTyphlosions|169|1938\n|player|p2|Gary Cohen|1|1949\n|teamsize|p1|6\n|teamsize|p2|6\n|gen|8\n|tier|[Gen 8] Random Battle\n|rated|\n|rule|Species Clause: Limit one of each Pok\u00e9mon\n|rule|HP Percentage Mod: HP is shown in percentages\n|rule|Sleep Clause Mod: Limit one foe put to sleep\n|\n|t:|1651610751\n|start\n|switch|p1a: Slowbro|Slowbro-Galar, L86, M|304\/304\n|switch|p2a: Aggron|Aggron, L85, F|258\/258\n|-item|p2a: Aggron|Air Balloon\n|turn|1\n|inactive|Battle timer is ON: inactive players will automatically lose when time's up. (requested by Gary Cohen)\n|\n|t:|1651610764\n|switch|p1a: Keldeo|Keldeo-Resolute, L79|273\/273\n|move|p2a: Aggron|Earthquake|p1a: Keldeo\n|-damage|p1a: Keldeo|186\/273\n|\n|-heal|p1a: Keldeo|203\/273|[from] item: Leftovers\n|upkeep\n|turn|2\n|\n|t:|1651610766\n|switch|p2a: Gastrodon|Gastrodon, L84, M|324\/324\n|move|p1a: Keldeo|Secret Sword|p2a: Gastrodon\n|-damage|p2a: Gastrodon|206\/324\n|\n|-heal|p1a: Keldeo|220\/273|[from] item: Leftovers\n|-heal|p2a: Gastrodon|226\/324|[from] item: Leftovers\n|upkeep\n|turn|3\n|\n|t:|1651610777\n|move|p1a: Keldeo|Substitute|p1a: Keldeo\n|-start|p1a: Keldeo|Substitute\n|-damage|p1a: Keldeo|152\/273\n|move|p2a: Gastrodon|Toxic||[still]\n|-fail|p2a: Gastrodon\n|\n|-heal|p1a: Keldeo|169\/273|[from] item: Leftovers\n|-heal|p2a: Gastrodon|246\/324|[from] item: Leftovers\n|upkeep\n|turn|4\n|\n|t:|1651610779\n|move|p1a: Keldeo|Calm Mind|p1a: Keldeo\n|-boost|p1a: Keldeo|spa|1\n|-boost|p1a: Keldeo|spd|1\n|move|p2a: Gastrodon|Earthquake|p1a: Keldeo\n|-end|p1a: Keldeo|Substitute\n|\n|-heal|p1a: Keldeo|186\/273|[from] item: Leftovers\n|-heal|p2a: Gastrodon|266\/324|[from] item: Leftovers\n|upkeep\n|turn|5\n|\n|t:|1651610783\n|move|p1a: Keldeo|Substitute|p1a: Keldeo\n|-start|p1a: Keldeo|Substitute\n|-damage|p1a: Keldeo|118\/273\n|move|p2a: Gastrodon|Earthquake|p1a: Keldeo\n|-crit|p1a: Keldeo\n|-end|p1a: Keldeo|Substitute\n|\n|-heal|p1a: Keldeo|135\/273|[from] item: Leftovers\n|-heal|p2a: Gastrodon|286\/324|[from] item: Leftovers\n|upkeep\n|turn|6\n|\n|t:|1651610785\n|move|p1a: Keldeo|Calm Mind|p1a: Keldeo\n|-boost|p1a: Keldeo|spa|1\n|-boost|p1a: Keldeo|spd|1\n|move|p2a: Gastrodon|Earthquake|p1a: Keldeo\n|-damage|p1a: Keldeo|33\/273\n|\n|-heal|p1a: Keldeo|50\/273|[from] item: Leftovers\n|-heal|p2a: Gastrodon|306\/324|[from] item: Leftovers\n|upkeep\n|turn|7\n|\n|t:|1651610787\n|move|p1a: Keldeo|Secret Sword|p2a: Gastrodon\n|-damage|p2a: Gastrodon|51\/324\n|move|p2a: Gastrodon|Earthquake|p1a: Keldeo\n|-damage|p1a: Keldeo|0 fnt\n|faint|p1a: Keldeo\n|\n|-heal|p2a: Gastrodon|71\/324|[from] item: Leftovers\n|upkeep\n|c|\u2606Gary Cohen|ah yes\n|c|\u2606Gary Cohen|the sub ad infinitum and not kill the opp in 1 hit strat\n|c|\u2606Gary Cohen|very effective\n|c|\u2606TehranTyphlosions|ah yes\n|inactive|TehranTyphlosions has 120 seconds left.\n|c|\u2606TehranTyphlosions|the stay at home and get no bitches strat\n|c|\u2606TehranTyphlosions|very effective\n|\n|t:|1651610832\n|switch|p1a: Sandslash|Sandslash, L86, F|269\/269\n|turn|8\n|c|\u2606Gary Cohen|>TehranTyphlosions\n|c|\u2606Gary Cohen|>bitches\n|c|\u2606TehranTyphlosions|?\n|c|\u2606TehranTyphlosions|ur name is gary\n|c|\u2606Gary Cohen|sorry you saw an ankle the other day and got hard\n|c|\u2606TehranTyphlosions|ur parents never loved u\n|c|\u2606Gary Cohen|imagine thinking a pokemon team is a sports league\n|c|\u2606TehranTyphlosions|ok casual racism\n|c|\u2606Gary Cohen|LMAO\n|inactive|Gary Cohen has 120 seconds left.\n|c|\u2606TehranTyphlosions|yea i played draft dib shit\n|c|\u2606Gary Cohen|LMAOUYGSDKTSKBSKDBHYPFD\n|c|\u2606Gary Cohen|im :skull:\n|\n|t:|1651610882\n|switch|p2a: Glastrier|Glastrier, L82|298\/298\n|move|p1a: Sandslash|Earthquake|p2a: Glastrier\n|-damage|p2a: Glastrier|214\/298\n|\n|upkeep\n|turn|9\n|c|\u2606TehranTyphlosions|im :skull: IM DEAAAAAD\n|\n|t:|1651610886\n|switch|p1a: Milotic|Milotic, L82, M|290\/290\n|move|p2a: Glastrier|Icicle Crash|p1a: Milotic\n|-resisted|p1a: Milotic\n|-damage|p1a: Milotic|229\/290\n|\n|-heal|p1a: Milotic|247\/290|[from] item: Leftovers\n|upkeep\n|turn|10\n|c|\u2606Gary Cohen|use toxic\n|c|\u2606TehranTyphlosions|get off discord\n|\n|t:|1651610894\n|switch|p2a: Gastrodon|Gastrodon, L84, M|71\/324\n|move|p1a: Milotic|Scald|p2a: Gastrodon\n|-ability|p2a: Gastrodon|Storm Drain|boost\n|-boost|p2a: Gastrodon|spa|1\n|\n|-heal|p1a: Milotic|265\/290|[from] item: Leftovers\n|-heal|p2a: Gastrodon|91\/324|[from] item: Leftovers\n|upkeep\n|turn|11\n|c|\u2606Gary Cohen|thanks\n|\n|t:|1651610897\n|move|p1a: Milotic|Ice Beam|p2a: Gastrodon\n|-damage|p2a: Gastrodon|25\/324\n|move|p2a: Gastrodon|Recover|p2a: Gastrodon\n|-heal|p2a: Gastrodon|187\/324\n|\n|-heal|p1a: Milotic|283\/290|[from] item: Leftovers\n|-heal|p2a: Gastrodon|207\/324|[from] item: Leftovers\n|upkeep\n|turn|12\n|c|\u2606TehranTyphlosions|thx :nerd:\n|c|\u2606TehranTyphlosions|get it\n|c|\u2606Gary Cohen|im gonna use toxic\n|c|\u2606TehranTyphlosions|im a nerd\n|c|\u2606Gary Cohen|be sure to send in slowbro\n|c|\u2606TehranTyphlosions|ur slow\n|c|\u2606TehranTyphlosions|af\n|c|\u2606Gary Cohen|bro\n|\n|t:|1651610920\n|switch|p1a: Grimmsnarl|Grimmsnarl, L82, M|290\/290\n|move|p2a: Gastrodon|Toxic|p1a: Grimmsnarl\n|-status|p1a: Grimmsnarl|tox\n|\n|-heal|p2a: Gastrodon|227\/324|[from] item: Leftovers\n|-damage|p1a: Grimmsnarl|272\/290 tox|[from] psn\n|upkeep\n|turn|13\n|c|\u2606Gary Cohen|hahahaha\n|\n|t:|1651610923\n|move|p1a: Grimmsnarl|Bulk Up|p1a: Grimmsnarl\n|-boost|p1a: Grimmsnarl|atk|1\n|-boost|p1a: Grimmsnarl|def|1\n|move|p2a: Gastrodon|Scald|p1a: Grimmsnarl\n|-damage|p1a: Grimmsnarl|137\/290 tox\n|\n|-heal|p2a: Gastrodon|247\/324|[from] item: Leftovers\n|-damage|p1a: Grimmsnarl|101\/290 tox|[from] psn\n|upkeep\n|turn|14\n|c|\u2606Gary Cohen|yes\n|c|\u2606Gary Cohen|bulk up\n|\n|t:|1651610929\n|switch|p2a: Magnezone|Magnezone, L84|255\/255\n|move|p1a: Grimmsnarl|Rest|p1a: Grimmsnarl\n|-status|p1a: Grimmsnarl|slp|[from] move: Rest\n|-heal|p1a: Grimmsnarl|290\/290 slp|[silent]\n|-enditem|p1a: Grimmsnarl|Chesto Berry|[eat]\n|-curestatus|p1a: Grimmsnarl|slp|[msg]\n|\n|upkeep\n|turn|15\n|\n|t:|1651610934\n|switch|p1a: Sandslash|Sandslash, L86, F|269\/269\n|move|p2a: Magnezone|Flash Cannon|p1a: Sandslash\n|-damage|p1a: Sandslash|112\/269\n|\n|-heal|p1a: Sandslash|128\/269|[from] item: Leftovers\n|upkeep\n|turn|16\n|c|\u2606Gary Cohen|so stronk\n|c|\u2606Gary Cohen|u should dmax\n|\n|t:|1651610941\n|switch|p2a: Aggron|Aggron, L85, F|258\/258\n|-item|p2a: Aggron|Air Balloon\n|move|p1a: Sandslash|Toxic|p2a: Aggron\n|-immune|p2a: Aggron\n|\n|-heal|p1a: Sandslash|144\/269|[from] item: Leftovers\n|upkeep\n|turn|17\n|c|\u2606Gary Cohen|:)\n|\n|t:|1651610950\n|switch|p2a: Glastrier|Glastrier, L82|214\/298\n|move|p1a: Sandslash|Rapid Spin|p2a: Glastrier\n|-damage|p2a: Glastrier|186\/298\n|-boost|p1a: Sandslash|spe|1\n|\n|-heal|p1a: Sandslash|160\/269|[from] item: Leftovers\n|upkeep\n|turn|18\n|\n|t:|1651610955\n|switch|p1a: Milotic|Milotic, L82, M|283\/290\n|move|p2a: Glastrier|Icicle Crash|p1a: Milotic\n|-resisted|p1a: Milotic\n|-damage|p1a: Milotic|214\/290\n|\n|-heal|p1a: Milotic|232\/290|[from] item: Leftovers\n|upkeep\n|turn|19\n|\n|t:|1651610969\n|switch|p1a: Grimmsnarl|Grimmsnarl, L82, M|290\/290\n|switch|p2a: Magnezone|Magnezone, L84|255\/255\n|\n|upkeep\n|turn|20\n|c|\u2606Gary Cohen|ok but like no cap I was expecting with your nfl draft name for u to be a little sweatier\n|c|\u2606Gary Cohen|this is kinda ez\n|\n|t:|1651610990\n|switch|p1a: Slowbro|Slowbro-Galar, L86, M|304\/304\n|move|p2a: Magnezone|Flash Cannon|p1a: Slowbro\n|-damage|p1a: Slowbro|180\/304\n|\n|upkeep\n|turn|21\n|\n|t:|1651610997\n|move|p2a: Magnezone|Volt Switch|p1a: Slowbro\n|-damage|p1a: Slowbro|63\/304\n|c|\u2606TehranTyphlosions|ok\n|\n|t:|1651611001\n|switch|p2a: Snorlax|Snorlax, L82, M|397\/397\n|move|p1a: Slowbro|Psychic|p2a: Snorlax\n|-damage|p2a: Snorlax|279\/397\n|-damage|p1a: Slowbro|33\/304|[from] item: Life Orb\n|\n|upkeep\n|turn|22\n|c|\u2606TehranTyphlosions|u have three fat mons that dont do anything\n|c|\u2606TehranTyphlosions|like u\n|\n|t:|1651611024\n|switch|p1a: Grimmsnarl|Grimmsnarl, L82, M|290\/290\n|move|p2a: Snorlax|Double-Edge|p1a: Grimmsnarl\n|-damage|p1a: Grimmsnarl|47\/290\n|-damage|p2a: Snorlax|199\/397|[from] Recoil\n|\n|upkeep\n|turn|23\n|c|\u2606Gary Cohen|milotic sandslash and slowbro\n|c|\u2606Gary Cohen|?\n|\n|t:|1651611036\n|switch|p2a: Magnezone|Magnezone, L84|255\/255\n|move|p1a: Grimmsnarl|Rest|p1a: Grimmsnarl\n|-status|p1a: Grimmsnarl|slp|[from] move: Rest\n|-heal|p1a: Grimmsnarl|290\/290 slp|[silent]\n|\n|upkeep\n|turn|24\n|c|\u2606TehranTyphlosions|sandslash is dog\n|c|\u2606Gary Cohen|sandslash btw\n|c|\u2606Gary Cohen|yw\n|c|\u2606TehranTyphlosions|and slowbro is offensive bulk\n|\n|t:|1651611053\n|switch|p1a: Sandslash|Sandslash, L86, F|160\/269\n|move|p2a: Magnezone|Flash Cannon|p1a: Sandslash\n|-damage|p1a: Sandslash|18\/269\n|\n|-heal|p1a: Sandslash|34\/269|[from] item: Leftovers\n|upkeep\n|turn|25\n|\n|t:|1651611062\n|switch|p2a: Glastrier|Glastrier, L82|186\/298\n|move|p1a: Sandslash|Earthquake|p2a: Glastrier\n|-damage|p2a: Glastrier|101\/298\n|\n|-heal|p1a: Sandslash|50\/269|[from] item: Leftovers\n|upkeep\n|turn|26\n|\n|t:|1651611068\n|switch|p1a: Milotic|Milotic, L82, M|232\/290\n|move|p2a: Glastrier|Close Combat|p1a: Milotic\n|-damage|p1a: Milotic|102\/290\n|-unboost|p2a: Glastrier|def|1\n|-unboost|p2a: Glastrier|spd|1\n|\n|-heal|p1a: Milotic|120\/290|[from] item: Leftovers\n|upkeep\n|turn|27\n|\n|t:|1651611071\n|switch|p2a: Gastrodon|Gastrodon, L84, M|247\/324\n|move|p1a: Milotic|Recover|p1a: Milotic\n|-heal|p1a: Milotic|265\/290\n|\n|-heal|p1a: Milotic|283\/290|[from] item: Leftovers\n|-heal|p2a: Gastrodon|267\/324|[from] item: Leftovers\n|upkeep\n|turn|28\n|\n|t:|1651611078\n|switch|p1a: Grimmsnarl|Grimmsnarl, L82, M|290\/290 slp\n|move|p2a: Gastrodon|Earthquake|p1a: Grimmsnarl\n|-damage|p1a: Grimmsnarl|160\/290 slp\n|\n|-heal|p2a: Gastrodon|287\/324|[from] item: Leftovers\n|upkeep\n|turn|29\n|\n|t:|1651611084\n|switch|p2a: Magnezone|Magnezone, L84|255\/255\n|cant|p1a: Grimmsnarl|slp\n|\n|upkeep\n|turn|30\n|\n|t:|1651611088\n|switch|p1a: Milotic|Milotic, L82, M|283\/290\n|move|p2a: Magnezone|Flash Cannon|p1a: Milotic\n|-resisted|p1a: Milotic\n|-damage|p1a: Milotic|241\/290\n|\n|-heal|p1a: Milotic|259\/290|[from] item: Leftovers\n|upkeep\n|turn|31\n|\n|t:|1651611093\n|move|p1a: Milotic|Scald|p2a: Magnezone\n|-damage|p2a: Magnezone|198\/255\n|move|p2a: Magnezone|Volt Switch|p1a: Milotic\n|-supereffective|p1a: Milotic\n|-damage|p1a: Milotic|113\/290\n|\n|t:|1651611099\n|switch|p2a: Gastrodon|Gastrodon, L84, M|287\/324\n|\n|-heal|p1a: Milotic|131\/290|[from] item: Leftovers\n|-heal|p2a: Gastrodon|307\/324|[from] item: Leftovers\n|upkeep\n|turn|32\n|\n|t:|1651611103\n|switch|p1a: Grimmsnarl|Grimmsnarl, L82, M|160\/290 slp\n|move|p2a: Gastrodon|Earthquake|p1a: Grimmsnarl\n|-damage|p1a: Grimmsnarl|48\/290 slp\n|\n|-heal|p2a: Gastrodon|324\/324|[from] item: Leftovers\n|upkeep\n|turn|33\n|\n|t:|1651611107\n|cant|p1a: Grimmsnarl|slp\n|move|p2a: Gastrodon|Earthquake|p1a: Grimmsnarl\n|-damage|p1a: Grimmsnarl|0 fnt\n|faint|p1a: Grimmsnarl\n|\n|upkeep\n|\n|t:|1651611108\n|switch|p1a: Dedenne|Dedenne, L87, M|258\/258\n|turn|34\n|\n|t:|1651611112\n|switch|p2a: Magnezone|Magnezone, L84|198\/255\n|move|p1a: Dedenne|Toxic|p2a: Magnezone\n|-immune|p2a: Magnezone\n|\n|upkeep\n|turn|35\n|j| Trainer Arezu\n|l| Trainer Arezu\n|c|\u2606TehranTyphlosions|ur lucky gastro walls my whole team\n|\n|t:|1651611129\n|switch|p1a: Slowbro|Slowbro-Galar, L86, M|134\/304\n|move|p2a: Magnezone|Volt Switch|p1a: Slowbro\n|-damage|p1a: Slowbro|28\/304\n|\n|t:|1651611136\n|switch|p2a: Reshiram|Reshiram, L74|270\/270\n|-ability|p2a: Reshiram|Turboblaze\n|\n|upkeep\n|turn|36\n|\n|t:|1651611139\n|switch|p1a: Dedenne|Dedenne, L87, M|258\/258\n|move|p2a: Reshiram|Earth Power|p1a: Dedenne\n|-supereffective|p1a: Dedenne\n|-damage|p1a: Dedenne|82\/258\n|-enditem|p1a: Dedenne|Sitrus Berry|[eat]\n|-heal|p1a: Dedenne|146\/258|[from] item: Sitrus Berry\n|-heal|p1a: Dedenne|232\/258|[from] ability: Cheek Pouch\n|\n|upkeep\n|turn|37\n|\n|t:|1651611142\n|move|p1a: Dedenne|Toxic|p2a: Reshiram\n|-status|p2a: Reshiram|tox\n|move|p2a: Reshiram|Earth Power|p1a: Dedenne\n|-supereffective|p1a: Dedenne\n|-damage|p1a: Dedenne|62\/258\n|-unboost|p1a: Dedenne|spd|1\n|\n|-damage|p2a: Reshiram|254\/270 tox|[from] psn\n|upkeep\n|turn|38\n|\n|t:|1651611144\n|move|p1a: Dedenne|Recycle|p1a: Dedenne\n|-item|p1a: Dedenne|Sitrus Berry|[from] move: Recycle\n|-enditem|p1a: Dedenne|Sitrus Berry|[eat]\n|-heal|p1a: Dedenne|126\/258|[from] item: Sitrus Berry\n|-heal|p1a: Dedenne|212\/258|[from] ability: Cheek Pouch\n|move|p2a: Reshiram|Earth Power|p1a: Dedenne\n|-supereffective|p1a: Dedenne\n|-damage|p1a: Dedenne|0 fnt\n|faint|p1a: Dedenne\n|\n|-damage|p2a: Reshiram|222\/270 tox|[from] psn\n|upkeep\n|\n|t:|1651611146\n|switch|p1a: Slowbro|Slowbro-Galar, L86, M|129\/304\n|turn|39\n|\n|t:|1651611148\n|move|p2a: Reshiram|Earth Power|p1a: Slowbro\n|-supereffective|p1a: Slowbro\n|-crit|p1a: Slowbro\n|-damage|p1a: Slowbro|0 fnt\n|faint|p1a: Slowbro\n|\n|-damage|p2a: Reshiram|174\/270 tox|[from] psn\n|upkeep\n|c|\u2606TehranTyphlosions|get a life\n|c|\u2606Gary Cohen|I dont have to say anything rn\n|-message|TehranTyphlosions forfeited.\n|\n|win|Gary Cohen\n|raw|TehranTyphlosions's rating: 1938 &rarr; <strong>1919<\/strong><br \/>(-19 for losing)\n|raw|Gary Cohen's rating: 1949 &rarr; <strong>1968<\/strong><br \/>(+19 for winning)\n|l|\u2606TehranTyphlosions\n|j|\u2606TehranTyphlosions\n|player|p1|TehranTyphlosions|169\n|l|\u2606TehranTyphlosions\n|player|p1|\n||Ladder isn't responding, score probably updated but might not have (Request timeout).\n","inputlog":">version 823f0be91c62f96ebb1d0ff65b562504f7f54b80\n>start {\"formatid\":\"gen8randombattle\",\"seed\":[50162,35967,9716,63675],\"rated\":\"Rated battle\"}\n>player p1 {\"name\":\"TehranTyphlosions\",\"avatar\":\"169\",\"rating\":1938,\"seed\":[21688,41315,18765,45850]}\n>player p2 {\"name\":\"Gary Cohen\",\"avatar\":\"1\",\"rating\":1949,\"seed\":[35639,34754,33067,47804]}\n>p1 switch 5\n>p2 move earthquake\n>p1 move secretsword\n>p2 switch 2\n>p1 move substitute\n>p2 move toxic\n>p1 move calmmind\n>p2 move earthquake\n>p1 move substitute\n>p2 move earthquake\n>p1 move calmmind\n>p2 move earthquake\n>p1 move secretsword\n>p2 move earthquake\n>chat \u2606Gary Cohen|ah yes\n>chat \u2606Gary Cohen|the sub ad infinitum and not kill the opp in 1 hit strat\n>chat \u2606Gary Cohen|very effective\n>chat \u2606TehranTyphlosions|ah yes\n>chat \u2606TehranTyphlosions|the stay at home and get no bitches strat\n>chat \u2606TehranTyphlosions|very effective\n>p1 switch 3\n>chat \u2606Gary Cohen|>TehranTyphlosions\n>chat \u2606Gary Cohen|>bitches\n>chat \u2606TehranTyphlosions|?\n>chat \u2606TehranTyphlosions|ur name is gary\n>chat \u2606Gary Cohen|sorry you saw an ankle the other day and got hard\n>chat \u2606TehranTyphlosions|ur parents never loved u\n>chat \u2606Gary Cohen|imagine thinking a pokemon team is a sports league\n>chat \u2606TehranTyphlosions|ok casual racism\n>chat \u2606Gary Cohen|LMAO\n>chat \u2606TehranTyphlosions|yea i played draft dib shit\n>chat \u2606Gary Cohen|LMAOUYGSDKTSKBSKDBHYPFD\n>chat \u2606Gary Cohen|im :skull:\n>p1 move earthquake\n>p2 switch 6\n>chat \u2606TehranTyphlosions|im :skull: IM DEAAAAAD\n>p1 switch 4\n>p2 move iciclecrash\n>chat \u2606Gary Cohen|use toxic\n>chat \u2606TehranTyphlosions|get off discord\n>p1 move scald\n>p2 switch 6\n>chat \u2606Gary Cohen|thanks\n>p1 move icebeam\n>p2 move recover\n>chat \u2606TehranTyphlosions|thx :nerd:\n>chat \u2606TehranTyphlosions|get it \n>chat \u2606Gary Cohen|im gonna use toxic\n>chat \u2606TehranTyphlosions|im a nerd\n>chat \u2606Gary Cohen|be sure to send in slowbro\n>chat \u2606TehranTyphlosions|ur slow\n>chat \u2606TehranTyphlosions|af\n>chat \u2606Gary Cohen|bro\n>p1 switch 6\n>p2 move toxic\n>chat \u2606Gary Cohen|hahahaha\n>p1 move bulkup\n>p2 move scald\n>chat \u2606Gary Cohen|yes\n>chat \u2606Gary Cohen|bulk up\n>p1 move rest\n>p2 switch 5\n>p1 switch 4\n>p2 move flashcannon\n>chat \u2606Gary Cohen|so stronk\n>chat \u2606Gary Cohen|u should dmax\n>p1 move toxic\n>p2 switch 2\n>chat \u2606Gary Cohen|:)\n>p1 move rapidspin\n>p2 switch 6\n>p1 switch 6\n>p2 move iciclecrash\n>p1 switch 4\n>p2 switch 2\n>chat \u2606Gary Cohen|ok but like no cap I was expecting with your nfl draft name for u to be a little sweatier\n>chat \u2606Gary Cohen|this is kinda ez\n>p1 switch 5\n>p2 move flashcannon\n>p1 move psychic\n>p2 move voltswitch\n>chat \u2606TehranTyphlosions|ok\n>p2 switch 3\n>chat \u2606TehranTyphlosions|u have three fat mons that dont do anything\n>chat \u2606TehranTyphlosions|like u\n>p1 switch 5\n>p2 move doubleedge\n>chat \u2606Gary Cohen|milotic sandslash and slowbro\n>chat \u2606Gary Cohen|?\n>p1 move rest\n>p2 switch 3\n>chat \u2606TehranTyphlosions|sandslash is dog\n>chat \u2606Gary Cohen|sandslash btw\n>chat \u2606Gary Cohen|yw\n>chat \u2606TehranTyphlosions|and slowbro is offensive bulk\n>p1 switch 6\n>p2 move flashcannon\n>p1 move earthquake\n>p2 switch 2\n>p1 switch 4\n>p2 move closecombat\n>p1 move recover\n>p2 switch 5\n>p1 switch 6\n>p2 move earthquake\n>p1 move playrough\n>p2 switch 2\n>p1 switch 6\n>p2 move flashcannon\n>p1 move scald\n>p2 move voltswitch\n>p2 switch 2\n>p1 switch 6\n>p2 move earthquake\n>p1 move rest\n>p2 move earthquake\n>p1 switch 2\n>p1 move toxic\n>p2 switch 2\n>chat \u2606TehranTyphlosions|ur lucky gastro walls my whole team\n>p1 switch 5\n>p2 move voltswitch\n>p2 switch 4\n>p1 switch 5\n>p2 move earthpower\n>p1 move toxic\n>p2 move earthpower\n>p1 move recycle\n>p2 move earthpower\n>p1 switch 5\n>p1 move trickroom\n>p2 move earthpower\n>chat \u2606TehranTyphlosions|get a life\n>chat \u2606Gary Cohen|I dont have to say anything rn\n>forcelose p1","uploadtime":1651611203,"views":2,"p1id":"tehrantyphlosions","p2id":"garycohen","formatid":"gen8randombattle","rating":1919,"private":0,"password":null}