{"id":"gen8ou-1631489511","p1":"the fork of life","p2":"Lou dort","format":"gen8ou","log":"|j|\u2606the fork of life\n|j|\u2606Lou dort\n|inactive|Battle timer is ON: inactive players will automatically lose when time's up.\n|t:|1659548529\n|gametype|singles\n|player|p1|the fork of life|gentleman-gen4dp|\n|player|p2|Lou dort|lyra|\n|teamsize|p1|6\n|teamsize|p2|6\n|gen|8\n|tier|[Gen 8] OU\n|rated|Tournament battle\n|rule|Sleep Clause Mod: Limit one foe put to sleep\n|rule|OHKO Clause: OHKO moves are banned\n|rule|Evasion Moves Clause: Evasion moves are banned\n|rule|Endless Battle Clause: Forcing endless battles is banned\n|rule|HP Percentage Mod: HP is shown in percentages\n|rule|Dynamax Clause: You cannot dynamax\n|clearpoke\n|poke|p1|Cinderace, M|\n|poke|p1|Cinderace, M|\n|poke|p1|Cinderace, F|\n|poke|p1|Cinderace, F|\n|poke|p1|Cinderace, M|\n|poke|p1|Cinderace, M|\n|poke|p2|Cinderace, M|\n|poke|p2|Cinderace, M|\n|poke|p2|Cinderace, M|\n|poke|p2|Cinderace, M|\n|poke|p2|Cinderace, M|\n|poke|p2|Cinderace, M|\n|teampreview\n|inactive|Lou dort also wants the timer to be on.\n|j| pikablu007\n|\n|t:|1659548537\n|start\n|switch|p1a: Cinderace|Cinderace, M|100\/100\n|switch|p2a: Jayson Tatum|Cinderace, M|100\/100\n|turn|1\n|l| pikablu007\n|\n|t:|1659548541\n|move|p1a: Cinderace|High Jump Kick|p2a: Jayson Tatum|[miss]\n|-start|p1a: Cinderace|typechange|Fighting|[from] ability: Libero\n|-miss|p1a: Cinderace|p2a: Jayson Tatum\n|-damage|p1a: Cinderace|51\/100|[from] highjumpkick\n|move|p2a: Jayson Tatum|Counter||[still]\n|-fail|p2a: Jayson Tatum\n|\n|upkeep\n|turn|2\n|\n|t:|1659548547\n|move|p1a: Cinderace|High Jump Kick|p2a: Jayson Tatum\n|-enditem|p2a: Jayson Tatum|Focus Sash\n|-damage|p2a: Jayson Tatum|1\/100\n|move|p2a: Jayson Tatum|Counter|p1a: Cinderace\n|-start|p2a: Jayson Tatum|typechange|Fighting|[from] ability: Libero\n|-damage|p1a: Cinderace|0 fnt\n|faint|p1a: Cinderace\n|\n|upkeep\n|\n|t:|1659548555\n|switch|p1a: Cinderace|Cinderace, M|100\/100\n|turn|3\n|\n|t:|1659548557\n|move|p1a: Cinderace|Sucker Punch|p2a: Jayson Tatum\n|-start|p1a: Cinderace|typechange|Dark|[from] ability: Libero\n|-resisted|p2a: Jayson Tatum\n|-damage|p2a: Jayson Tatum|0 fnt\n|faint|p2a: Jayson Tatum\n|\n|upkeep\n|\n|t:|1659548559\n|switch|p2a: Jaylen Brown|Cinderace, M, shiny|100\/100\n|turn|4\n|\n|t:|1659548563\n|switch|p1a: Cinderace|Cinderace, M|100\/100\n|move|p2a: Jaylen Brown|Counter||[still]\n|-fail|p2a: Jaylen Brown\n|\n|upkeep\n|turn|5\n|\n|t:|1659548567\n|move|p1a: Cinderace|High Jump Kick|p2a: Jaylen Brown\n|-start|p1a: Cinderace|typechange|Fighting|[from] ability: Libero\n|-enditem|p2a: Jaylen Brown|Focus Sash\n|-damage|p2a: Jaylen Brown|1\/100\n|move|p2a: Jaylen Brown|Counter|p1a: Cinderace\n|-start|p2a: Jaylen Brown|typechange|Fighting|[from] ability: Libero\n|-enditem|p1a: Cinderace|Focus Sash\n|-damage|p1a: Cinderace|1\/100\n|\n|upkeep\n|turn|6\n|\n|t:|1659548573\n|move|p1a: Cinderace|High Jump Kick|p2a: Jaylen Brown\n|-damage|p2a: Jaylen Brown|0 fnt\n|faint|p2a: Jaylen Brown\n|\n|upkeep\n|\n|t:|1659548576\n|switch|p2a: Robert Williams|Cinderace, M, shiny|100\/100\n|turn|7\n|\n|t:|1659548578\n|move|p2a: Robert Williams|High Jump Kick|p1a: Cinderace\n|-start|p2a: Robert Williams|typechange|Fighting|[from] ability: Libero\n|-damage|p1a: Cinderace|0 fnt\n|faint|p1a: Cinderace\n|\n|upkeep\n|\n|t:|1659548580\n|switch|p1a: Cinderace|Cinderace, M|100\/100\n|turn|8\n|\n|t:|1659548582\n|switch|p1a: Cinderace|Cinderace, F|100\/100\n|move|p2a: Robert Williams|High Jump Kick|p1a: Cinderace|[miss]\n|-miss|p2a: Robert Williams|p1a: Cinderace\n|-damage|p2a: Robert Williams|51\/100|[from] highjumpkick\n|\n|upkeep\n|turn|9\n|\n|t:|1659548585\n|move|p2a: Robert Williams|High Jump Kick|p1a: Cinderace\n|-damage|p1a: Cinderace|3\/100\n|move|p1a: Cinderace|High Jump Kick|p2a: Robert Williams\n|-start|p1a: Cinderace|typechange|Fighting|[from] ability: Libero\n|-damage|p2a: Robert Williams|0 fnt\n|faint|p2a: Robert Williams\n|\n|upkeep\n|\n|t:|1659548602\n|switch|p2a: Marcus Smart|Cinderace, M, shiny|100\/100\n|turn|10\n|\n|t:|1659548608\n|move|p1a: Cinderace|High Jump Kick|p2a: Marcus Smart\n|-enditem|p2a: Marcus Smart|Focus Sash\n|-damage|p2a: Marcus Smart|1\/100\n|move|p2a: Marcus Smart|Counter|p1a: Cinderace\n|-start|p2a: Marcus Smart|typechange|Fighting|[from] ability: Libero\n|-damage|p1a: Cinderace|0 fnt\n|faint|p1a: Cinderace\n|\n|upkeep\n|\n|t:|1659548615\n|switch|p1a: Cinderace|Cinderace, M|100\/100\n|turn|11\n|\n|t:|1659548619\n|move|p1a: Cinderace|Sucker Punch|p2a: Marcus Smart\n|-start|p1a: Cinderace|typechange|Dark|[from] ability: Libero\n|-resisted|p2a: Marcus Smart\n|-damage|p2a: Marcus Smart|0 fnt\n|faint|p2a: Marcus Smart\n|\n|upkeep\n|\n|t:|1659548621\n|switch|p2a: Al Horford|Cinderace, M, shiny|100\/100\n|turn|12\n|\n|t:|1659548637\n|move|p1a: Cinderace|Sucker Punch|p2a: Al Horford\n|-damage|p2a: Al Horford|41\/100\n|move|p2a: Al Horford|Counter|p1a: Cinderace\n|-start|p2a: Al Horford|typechange|Fighting|[from] ability: Libero\n|-enditem|p1a: Cinderace|Focus Sash\n|-damage|p1a: Cinderace|1\/100\n|\n|upkeep\n|turn|13\n|\n|t:|1659548648\n|switch|p1a: Cinderace|Cinderace, F|100\/100\n|move|p2a: Al Horford|Counter||[still]\n|-fail|p2a: Al Horford\n|\n|upkeep\n|turn|14\n|\n|t:|1659548652\n|move|p1a: Cinderace|High Jump Kick|p2a: Al Horford\n|-start|p1a: Cinderace|typechange|Fighting|[from] ability: Libero\n|-damage|p2a: Al Horford|0 fnt\n|faint|p2a: Al Horford\n|\n|upkeep\n|\n|t:|1659548653\n|switch|p2a: Derrick White|Cinderace, M|100\/100\n|turn|15\n|\n|t:|1659548657\n|move|p1a: Cinderace|High Jump Kick|p2a: Derrick White\n|-enditem|p2a: Derrick White|Focus Sash\n|-damage|p2a: Derrick White|1\/100\n|move|p2a: Derrick White|Counter|p1a: Cinderace\n|-start|p2a: Derrick White|typechange|Fighting|[from] ability: Libero\n|-enditem|p1a: Cinderace|Focus Sash\n|-damage|p1a: Cinderace|1\/100\n|\n|upkeep\n|turn|16\n|-message|Lou dort forfeited.\n|\n|win|the fork of life\n|n|\u2606the fork of life|theforkoflife\n|n|\u2606Lou dort|loudort\n|l|\u2606Lou dort\n","uploadtime":1659548668,"views":17,"p1id":"theforkoflife","p2id":"loudort","formatid":"gen8ou","rating":0,"private":0,"password":null}