{"id":"gen8ou-1131863495","p1":"beergoggles","p2":"mongwong","format":"gen8ou","log":"|j|\u2606beergoggles\n|j|\u2606mongwong\n|player|p1|beergoggles|130|1382\n|player|p2|mongwong|silver|1276\n|teamsize|p1|6\n|teamsize|p2|6\n|gametype|singles\n|gen|8\n|tier|[Gen 8] OU\n|rated|\n|clearpoke\n|poke|p1|Ferrothorn, F|\n|poke|p1|Hawlucha, F|\n|poke|p1|Cloyster, M|\n|poke|p1|Darmanitan, M|\n|poke|p1|Indeedee, M|\n|poke|p1|Jellicent, F|\n|poke|p2|Togekiss, F|\n|poke|p2|Cinderace, F|\n|poke|p2|Conkeldurr, F|\n|poke|p2|Clefable, F|\n|poke|p2|Shuckle, M|\n|poke|p2|Mew|\n|rule|Sleep Clause Mod: Limit one foe put to sleep\n|rule|Species Clause: Limit one of each Pok\u00e9mon\n|rule|OHKO Clause: OHKO moves are banned\n|rule|Evasion Moves Clause: Evasion moves are banned\n|rule|Endless Battle Clause: Forcing endless battles is banned\n|rule|HP Percentage Mod: HP is shown in percentages\n|rule|Dynamax Clause: You cannot dynamax\n|teampreview\n|inactive|Battle timer is ON: inactive players will automatically lose when time's up. (requested by mongwong)\n|\n|start\n|switch|p1a: Cloyster|Cloyster, M|100\/100\n|switch|p2a: Shuckle|Shuckle, M|100\/100\n|turn|1\n|\n|move|p1a: Cloyster|Shell Smash|p1a: Cloyster\n|-unboost|p1a: Cloyster|def|1\n|-unboost|p1a: Cloyster|spd|1\n|-boost|p1a: Cloyster|atk|2\n|-boost|p1a: Cloyster|spa|2\n|-boost|p1a: Cloyster|spe|2\n|move|p2a: Shuckle|Knock Off|p1a: Cloyster\n|-damage|p1a: Cloyster|94\/100\n|-enditem|p1a: Cloyster|Never-Melt Ice|[from] move: Knock Off|[of] p2a: Shuckle\n|\n|upkeep\n|turn|2\n|\n|move|p1a: Cloyster|Substitute|p1a: Cloyster\n|-start|p1a: Cloyster|Substitute\n|-damage|p1a: Cloyster|69\/100\n|move|p2a: Shuckle|Sticky Web|p1a: Cloyster\n|-sidestart|p1: beergoggles|move: Sticky Web\n|\n|upkeep\n|turn|3\n|\n|move|p1a: Cloyster|Shell Smash|p1a: Cloyster\n|-unboost|p1a: Cloyster|def|1\n|-unboost|p1a: Cloyster|spd|1\n|-boost|p1a: Cloyster|atk|2\n|-boost|p1a: Cloyster|spa|2\n|-boost|p1a: Cloyster|spe|2\n|move|p2a: Shuckle|Power Trick|p2a: Shuckle\n|-start|p2a: Shuckle|Power Trick\n|\n|upkeep\n|turn|4\n|\n|move|p1a: Cloyster|Icicle Spear|p2a: Shuckle\n|-ability|p2a: Shuckle|Sturdy\n|-damage|p2a: Shuckle|1\/100\n|-damage|p2a: Shuckle|0 fnt\n|-hitcount|p2a: Shuckle|2\n|faint|p2a: Shuckle\n|\n|upkeep\n|\n|switch|p2a: Clefable|Clefable, F|100\/100\n|turn|5\n|\n|move|p1a: Cloyster|Icicle Spear|p2a: Clefable\n|-damage|p2a: Clefable|60\/100\n|-damage|p2a: Clefable|21\/100\n|-damage|p2a: Clefable|0 fnt\n|-hitcount|p2a: Clefable|3\n|faint|p2a: Clefable\n|\n|upkeep\n|-message|mongwong forfeited.\n|\n|win|beergoggles\n|l|\u2606mongwong\n|raw|beergoggles's rating: 1382 &rarr; <strong>1396<\/strong><br \/>(+14 for winning)\n|raw|mongwong's rating: 1276 &rarr; <strong>1259<\/strong><br \/>(-17 for losing)\n","uploadtime":1592033898,"views":5,"p1id":"beergoggles","p2id":"mongwong","formatid":"gen8ou","rating":1259,"private":0,"password":null}