{"id":"gen8uu-1159189093","p1":"Pope Faith","p2":"x+skelly=34","format":"gen8uu","log":"|j|\u2606Pope Faith\n|j|\u2606x+skelly=34\n|t:|1595952467\n|player|p1|Pope Faith|burglar|\n|player|p2|x+skelly=34|preschoolers|\n|teamsize|p1|6\n|teamsize|p2|6\n|gametype|singles\n|gen|8\n|tier|[Gen 8] UU\n|clearpoke\n|poke|p1|Incineroar, M|\n|poke|p1|Noivern, M|\n|poke|p1|Necrozma|\n|poke|p1|Rotom-Wash|\n|poke|p1|Gardevoir, M|\n|poke|p1|Heracross, F|\n|poke|p2|Noivern, M|\n|poke|p2|Rotom-Wash|\n|poke|p2|Crawdaunt, F|\n|poke|p2|Jirachi|\n|poke|p2|Scyther, M|\n|poke|p2|Krookodile, F|\n|rule|Sleep Clause Mod: Limit one foe put to sleep\n|rule|Species Clause: Limit one of each Pok\u00e9mon\n|rule|OHKO Clause: OHKO moves are banned\n|rule|Evasion Moves Clause: Evasion moves are banned\n|rule|Endless Battle Clause: Forcing endless battles is banned\n|rule|HP Percentage Mod: HP is shown in percentages\n|rule|Dynamax Clause: You cannot dynamax\n|teampreview\n|c|\u2606Pope Faith|glhf\n|c|\u2606x+skelly=34|u2\n|\n|t:|1595952491\n|start\n|switch|p1a: Rotom|Rotom-Wash|100\/100\n|switch|p2a: Scyther|Scyther, M|100\/100\n|turn|1\n|\n|t:|1595952499\n|move|p2a: Scyther|U-turn|p1a: Rotom\n|-damage|p1a: Rotom|68\/100\n|\n|t:|1595952512\n|switch|p2a: Rotom|Rotom-Wash|100\/100|[from]move: U-turn\n|move|p1a: Rotom|Volt Switch|p2a: Rotom\n|-damage|p2a: Rotom|69\/100\n|\n|t:|1595952535\n|switch|p1a: Necrozma|Necrozma|100\/100|[from]move: Volt Switch\n|\n|-heal|p2a: Rotom|75\/100|[from] item: Leftovers\n|upkeep\n|turn|2\n|\n|t:|1595952546\n|switch|p2a: Krookodile|Krookodile, F|100\/100\n|-ability|p2a: Krookodile|Intimidate|boost\n|-unboost|p1a: Necrozma|atk|1\n|move|p1a: Necrozma|Stealth Rock|p2a: Krookodile\n|-sidestart|p2: x+skelly=34|move: Stealth Rock\n|\n|upkeep\n|turn|3\n|\n|t:|1595952557\n|switch|p1a: Incineroar|Incineroar, M|100\/100\n|-ability|p1a: Incineroar|Intimidate|boost\n|-unboost|p2a: Krookodile|atk|1\n|move|p2a: Krookodile|Stealth Rock|p1a: Incineroar\n|-sidestart|p1: Pope Faith|move: Stealth Rock\n|\n|upkeep\n|turn|4\n|j| Saint Surfy\n|\n|t:|1595952564\n|move|p2a: Krookodile|Earthquake|p1a: Incineroar\n|-supereffective|p1a: Incineroar\n|-damage|p1a: Incineroar|47\/100\n|move|p1a: Incineroar|Parting Shot|p2a: Krookodile\n|-unboost|p2a: Krookodile|atk|1\n|-unboost|p2a: Krookodile|spa|1\n|\n|t:|1595952575\n|switch|p1a: Gardevoir|Gardevoir, M|100\/100|[from]move: Parting Shot\n|-damage|p1a: Gardevoir|88\/100|[from] Stealth Rock\n|-ability|p1a: Gardevoir|Intimidate|[from] ability: Trace|[of] p2a: Krookodile\n|-ability|p1a: Gardevoir|Intimidate|boost\n|-unboost|p2a: Krookodile|atk|1\n|\n|upkeep\n|turn|5\n|\n|t:|1595952579\n|switch|p2a: Jirachi|Jirachi|100\/100\n|-damage|p2a: Jirachi|94\/100|[from] Stealth Rock\n|move|p1a: Gardevoir|Mystical Fire|p2a: Jirachi\n|-supereffective|p2a: Jirachi\n|-damage|p2a: Jirachi|39\/100\n|-unboost|p2a: Jirachi|spa|1\n|\n|upkeep\n|turn|6\n|\n|t:|1595952587\n|move|p2a: Jirachi|Iron Head|p1a: Gardevoir\n|-supereffective|p1a: Gardevoir\n|-damage|p1a: Gardevoir|0 fnt\n|faint|p1a: Gardevoir\n|\n|upkeep\n|\n|t:|1595952597\n|switch|p1a: Noivern|Noivern, M|100\/100\n|turn|7\n|\n|t:|1595952620\n|move|p2a: Jirachi|Iron Head|p1a: Noivern\n|-damage|p1a: Noivern|55\/100\n|move|p1a: Noivern|Hurricane|p2a: Jirachi\n|-resisted|p2a: Jirachi\n|-damage|p2a: Jirachi|18\/100\n|\n|upkeep\n|turn|8\n|\n|t:|1595952625\n|move|p2a: Jirachi|Iron Head|p1a: Noivern\n|-damage|p1a: Noivern|7\/100\n|cant|p1a: Noivern|flinch\n|\n|upkeep\n|turn|9\n|\n|t:|1595952629\n|move|p2a: Jirachi|Iron Head|p1a: Noivern\n|-damage|p1a: Noivern|0 fnt\n|faint|p1a: Noivern\n|\n|upkeep\n|\n|t:|1595952632\n|switch|p1a: Incineroar|Incineroar, M|47\/100\n|-ability|p1a: Incineroar|Intimidate|boost\n|-unboost|p2a: Jirachi|atk|1\n|turn|10\n|\n|t:|1595952647\n|switch|p2a: Krookodile|Krookodile, F|100\/100\n|-damage|p2a: Krookodile|94\/100|[from] Stealth Rock\n|-ability|p2a: Krookodile|Intimidate|boost\n|-unboost|p1a: Incineroar|atk|1\n|move|p1a: Incineroar|Knock Off|p2a: Krookodile\n|-resisted|p2a: Krookodile\n|-damage|p2a: Krookodile|79\/100\n|-enditem|p2a: Krookodile|Chople Berry|[from] move: Knock Off|[of] p1a: Incineroar\n|\n|upkeep\n|turn|11\n|\n|t:|1595952656\n|switch|p1a: Necrozma|Necrozma|100\/100\n|-damage|p1a: Necrozma|88\/100|[from] Stealth Rock\n|move|p2a: Krookodile|Knock Off|p1a: Necrozma\n|-supereffective|p1a: Necrozma\n|-damage|p1a: Necrozma|41\/100\n|-enditem|p1a: Necrozma|Leftovers|[from] move: Knock Off|[of] p2a: Krookodile\n|\n|upkeep\n|turn|12\n|\n|t:|1595952663\n|move|p2a: Krookodile|Earthquake|p1a: Necrozma\n|-damage|p1a: Necrozma|13\/100\n|move|p1a: Necrozma|Toxic|p2a: Krookodile\n|-status|p2a: Krookodile|tox\n|\n|-damage|p2a: Krookodile|73\/100 tox|[from] psn\n|upkeep\n|turn|13\n|\n|t:|1595952668\n|move|p2a: Krookodile|Knock Off|p1a: Necrozma\n|-supereffective|p1a: Necrozma\n|-damage|p1a: Necrozma|0 fnt\n|faint|p1a: Necrozma\n|\n|-damage|p2a: Krookodile|61\/100 tox|[from] psn\n|upkeep\n|\n|t:|1595952670\n|switch|p1a: Rotom|Rotom-Wash|68\/100\n|-damage|p1a: Rotom|55\/100|[from] Stealth Rock\n|turn|14\n|\n|t:|1595952676\n|switch|p2a: Noivern|Noivern, M|100\/100\n|move|p1a: Rotom|Hydro Pump|p2a: Noivern|[miss]\n|-miss|p1a: Rotom|p2a: Noivern\n|\n|-heal|p1a: Rotom|62\/100|[from] item: Leftovers\n|upkeep\n|turn|15\n|\n|t:|1595952680\n|move|p2a: Noivern|Draco Meteor|p1a: Rotom\n|-damage|p1a: Rotom|12\/100\n|-unboost|p2a: Noivern|spa|2\n|move|p1a: Rotom|Volt Switch|p2a: Noivern\n|-damage|p2a: Noivern|69\/100\n|\n|t:|1595952702\n|switch|p1a: Incineroar|Incineroar, M|47\/100|[from]move: Volt Switch\n|-ability|p1a: Incineroar|Intimidate|boost\n|-unboost|p2a: Noivern|atk|1\n|\n|upkeep\n|turn|16\n|\n|t:|1595952708\n|switch|p2a: Krookodile|Krookodile, F|61\/100 tox\n|-damage|p2a: Krookodile|55\/100 tox|[from] Stealth Rock\n|-ability|p2a: Krookodile|Intimidate|boost\n|-unboost|p1a: Incineroar|atk|1\n|move|p1a: Incineroar|Parting Shot|p2a: Krookodile\n|-unboost|p2a: Krookodile|atk|1\n|-unboost|p2a: Krookodile|spa|1\n|\n|t:|1595952713\n|switch|p1a: Heracross|Heracross, F|100\/100|[from]move: Parting Shot\n|-damage|p1a: Heracross|88\/100|[from] Stealth Rock\n|\n|-damage|p2a: Krookodile|49\/100 tox|[from] psn\n|upkeep\n|turn|17\n|\n|t:|1595952718\n|switch|p2a: Scyther|Scyther, M|100\/100\n|move|p1a: Heracross|Close Combat|p2a: Scyther\n|-resisted|p2a: Scyther\n|-damage|p2a: Scyther|77\/100\n|-unboost|p1a: Heracross|def|1\n|-unboost|p1a: Heracross|spd|1\n|\n|upkeep\n|turn|18\n|\n|t:|1595952728\n|switch|p1a: Incineroar|Incineroar, M|47\/100\n|-ability|p1a: Incineroar|Intimidate|boost\n|-unboost|p2a: Scyther|atk|1\n|move|p2a: Scyther|Dual Wingbeat|p1a: Incineroar\n|-damage|p1a: Incineroar|32\/100\n|-damage|p1a: Incineroar|17\/100\n|-hitcount|p1a: Incineroar|2\n|\n|upkeep\n|turn|19\n|\n|t:|1595952734\n|move|p2a: Scyther|Dual Wingbeat|p1a: Incineroar\n|-damage|p1a: Incineroar|0 fnt\n|-hitcount|p1a: Incineroar|1\n|faint|p1a: Incineroar\n|\n|upkeep\n|\n|t:|1595952737\n|switch|p1a: Rotom|Rotom-Wash|12\/100\n|-damage|p1a: Rotom|0 fnt|[from] Stealth Rock\n|faint|p1a: Rotom\n|\n|t:|1595952738\n|switch|p1a: Heracross|Heracross, F|88\/100\n|-damage|p1a: Heracross|76\/100|[from] Stealth Rock\n|turn|20\n|\n|t:|1595952748\n|move|p1a: Heracross|Megahorn|p2a: Scyther\n|-resisted|p2a: Scyther\n|-damage|p2a: Scyther|31\/100\n|move|p2a: Scyther|Dual Wingbeat|p1a: Heracross\n|-supereffective|p1a: Heracross\n|-damage|p1a: Heracross|0 fnt\n|-hitcount|p1a: Heracross|1\n|faint|p1a: Heracross\n|\n|win|x+skelly=34\n|c|\u2606Pope Faith|gg\n|c|\u2606x+skelly=34|ggs pal\n|c|\u2606Pope Faith|good luck in the next round!\n","uploadtime":1595952754,"views":12,"p1id":"popefaith","p2id":"xskelly34","formatid":"gen8uu","rating":0,"private":0,"password":null}