{"id":"gen8randombattle-1093744184","p1":"Flashybee","p2":"axtell","format":"gen8randombattle","log":"|j|\u2606Flashybee\n|j|\u2606axtell\n|player|p1|Flashybee|102|1548\n|player|p2|axtell|backers|1580\n|teamsize|p1|6\n|teamsize|p2|6\n|gametype|singles\n|gen|8\n|tier|[Gen 8] Random Battle\n|rated|\n|html|<div class=\"broadcast-red\"><strong>Random Battle is currently suspecting Dynamax! For information on how to participate check out the <a href=\"https:\/\/www.smogon.com\/forums\/threads\/3662006\/\">suspect thread<\/a>.<\/strong><\/div>\n|rule|Species Clause: Limit one of each Pok\u00e9mon\n|rule|HP Percentage Mod: HP is shown in percentages\n|rule|Sleep Clause Mod: Limit one foe put to sleep\n|\n|start\n|switch|p1a: Arctozolt|Arctozolt, L88|302\/302\n|switch|p2a: Cinderace|Cinderace, L80, F|259\/259\n|turn|1\n|\n|switch|p1a: Mantine|Mantine, L82, F|274\/274\n|move|p2a: Cinderace|Pyro Ball|p1a: Mantine|[miss]\n|-miss|p2a: Cinderace|p1a: Mantine\n|\n|upkeep\n|turn|2\n|inactive|Battle timer is ON: inactive players will automatically lose when time's up. (requested by axtell)\n|\n|switch|p2a: Lanturn|Lanturn, L86, F|355\/355\n|move|p1a: Mantine|Scald|p2a: Lanturn\n|-resisted|p2a: Lanturn\n|-damage|p2a: Lanturn|317\/355\n|\n|-heal|p2a: Lanturn|339\/355|[from] item: Leftovers\n|upkeep\n|turn|3\n|\n|switch|p1a: Decidueye|Decidueye, L84, M|268\/268\n|move|p2a: Lanturn|Volt Switch|p1a: Decidueye\n|-resisted|p1a: Decidueye\n|-damage|p1a: Decidueye|239\/268\n|\n|switch|p2a: Cinderace|Cinderace, L80, F|259\/259\n|\n|upkeep\n|turn|4\n|\n|switch|p1a: Mantine|Mantine, L82, F|274\/274\n|move|p2a: Cinderace|U-turn|p1a: Mantine\n|-start|p2a: Cinderace|typechange|Bug|[from] ability: Libero\n|-resisted|p1a: Mantine\n|-damage|p1a: Mantine|202\/274\n|\n|switch|p2a: Lanturn|Lanturn, L86, F|339\/355\n|\n|-heal|p2a: Lanturn|355\/355|[from] item: Leftovers\n|upkeep\n|turn|5\n|\n|switch|p1a: Arctozolt|Arctozolt, L88|302\/302\n|move|p2a: Lanturn|Volt Switch|p1a: Arctozolt\n|-immune|p1a: Arctozolt|[from] ability: Volt Absorb\n|\n|upkeep\n|turn|6\n|\n|switch|p2a: Coalossal|Coalossal, L84, M|322\/322\n|-item|p2a: Coalossal|Air Balloon\n|move|p1a: Arctozolt|Freeze-Dry|p2a: Coalossal\n|-resisted|p2a: Coalossal\n|-damage|p2a: Coalossal|286\/322\n|-enditem|p2a: Coalossal|Air Balloon\n|\n|upkeep\n|turn|7\n|\n|switch|p1a: Barbaracle|Barbaracle, L84, F|258\/258\n|move|p2a: Coalossal|Stealth Rock|p1a: Barbaracle\n|-sidestart|p1: Flashybee|move: Stealth Rock\n|\n|upkeep\n|turn|8\n|\n|switch|p2a: Leafeon|Leafeon, L88, F|258\/258\n|move|p1a: Barbaracle|Shell Smash|p1a: Barbaracle\n|-unboost|p1a: Barbaracle|def|1\n|-unboost|p1a: Barbaracle|spd|1\n|-boost|p1a: Barbaracle|atk|2\n|-boost|p1a: Barbaracle|spa|2\n|-boost|p1a: Barbaracle|spe|2\n|-enditem|p1a: Barbaracle|White Herb\n|-clearnegativeboost|p1a: Barbaracle|[silent]\n|\n|upkeep\n|turn|9\n|\n|-start|p1a: Barbaracle|Dynamax\n|-heal|p1a: Barbaracle|516\/516|[silent]\n|-start|p2a: Leafeon|Dynamax\n|-heal|p2a: Leafeon|516\/516|[silent]\n|move|p1a: Barbaracle|Max Rockfall|p2a: Leafeon\n|-damage|p2a: Leafeon|329\/516\n|-weather|Sandstorm\n|move|p2a: Leafeon|Max Overgrowth|p1a: Barbaracle\n|-supereffective|p1a: Barbaracle\n|-damage|p1a: Barbaracle|0 fnt\n|-fieldstart|move: Grassy Terrain\n|-damage|p2a: Leafeon|304\/516|[from] item: Life Orb\n|faint|p1a: Barbaracle\n|\n|-weather|Sandstorm|[upkeep]\n|-damage|p2a: Leafeon|288\/516|[from] Sandstorm\n|-heal|p2a: Leafeon|304\/516|[from] Grassy Terrain\n|upkeep\n|-message|Flashybee forfeited.\n|\n|win|axtell\n|l|\u2606Flashybee\n||Ladder (probably) updated, but score could not be retrieved (Response not received).\n","inputlog":">version db0b0d0acfe1dee9abc52566a4e84638d79f0ba8\n>start {\"formatid\":\"gen8randombattle\",\"seed\":[8595,42514,31716,48287],\"rated\":\"Rated battle\"}\n>player p1 {\"name\":\"Flashybee\",\"avatar\":\"102\",\"team\":\"\",\"rating\":1548,\"seed\":[33578,40315,8196,12354]}\n>player p2 {\"name\":\"axtell\",\"avatar\":\"backers\",\"team\":\"\",\"rating\":1580,\"seed\":[13642,21463,16106,32012]}\n>p1 switch 3\n>p2 move pyroball\n>p1 move scald\n>p2 switch 3\n>p1 switch 2\n>p2 move voltswitch\n>p2 switch 3\n>p1 switch 2\n>p2 move uturn\n>p2 switch 3\n>p1 switch 3\n>p2 move voltswitch\n>p1 move freezedry\n>p2 switch 6\n>p1 switch 4\n>p2 move stealthrock\n>p1 move shellsmash\n>p2 switch 4\n>p1 move stoneedge dynamax\n>p2 move leafblade dynamax","uploadtime":1586447523,"views":3,"p1id":"flashybee","p2id":"axtell","formatid":"gen8randombattle","rating":0,"private":0,"password":null}