{"id":"gen8ou-1632961693","p1":"eromangagaki","p2":"Daevank5","format":"gen8ou","log":"|j|\u2606eromangagaki\n|j|\u2606Daevank5\n|t:|1659720019\n|gametype|singles\n|player|p1|eromangagaki|265|1688\n|player|p2|Daevank5|101|1701\n|teamsize|p1|6\n|teamsize|p2|5\n|gen|8\n|tier|[Gen 8] OU\n|rated|\n|rule|Sleep Clause Mod: Limit one foe put to sleep\n|rule|Species Clause: Limit one of each Pok\u00e9mon\n|rule|OHKO Clause: OHKO moves are banned\n|rule|Evasion Items Clause: Evasion items are banned\n|rule|Evasion Moves Clause: Evasion moves are banned\n|rule|Endless Battle Clause: Forcing endless battles is banned\n|rule|HP Percentage Mod: HP is shown in percentages\n|rule|Dynamax Clause: You cannot dynamax\n|clearpoke\n|poke|p1|Pikachu, M|\n|poke|p1|Araquanid, M|\n|poke|p1|Durant, F|\n|poke|p1|Tapu Koko|\n|poke|p1|Landorus-Therian, M|\n|poke|p1|Skarmory, F|\n|poke|p2|Alakazam, F|\n|poke|p2|Heatran, M|\n|poke|p2|Corviknight, F|\n|poke|p2|Tapu Fini|\n|poke|p2|Mamoswine, M|\n|teampreview\n|\n|t:|1659720029\n|start\n|switch|p1a: Araquanid|Araquanid, M|100\/100\n|switch|p2a: Tapu Fini|Tapu Fini|100\/100\n|-fieldstart|move: Misty Terrain|[from] ability: Misty Surge|[of] p2a: Tapu Fini\n|turn|1\n|\n|t:|1659720033\n|switch|p1a: Durant|Durant, F|100\/100\n|move|p2a: Tapu Fini|Taunt|p1a: Durant\n|-start|p1a: Durant|move: Taunt\n|\n|upkeep\n|turn|2\n|\n|t:|1659720041\n|switch|p1a: Tapu Koko|Tapu Koko|100\/100\n|-fieldstart|move: Electric Terrain|[from] ability: Electric Surge|[of] p1a: Tapu Koko\n|switch|p2a: Corviknight|Corviknight, F|100\/100\n|-ability|p2a: Corviknight|Pressure\n|\n|upkeep\n|turn|3\n|\n|t:|1659720045\n|switch|p2a: Heatran|Heatran, M|100\/100\n|move|p1a: Tapu Koko|Volt Switch|p2a: Heatran\n|-damage|p2a: Heatran|67\/100\n|\n|t:|1659720047\n|switch|p1a: Araquanid|Araquanid, M|100\/100|[from]move: Volt Switch\n|\n|-heal|p2a: Heatran|73\/100|[from] item: Leftovers\n|upkeep\n|turn|4\n|inactive|Battle timer is ON: inactive players will automatically lose when time's up. (requested by Daevank5)\n|\n|t:|1659720051\n|move|p2a: Heatran|Taunt|p1a: Araquanid\n|-start|p1a: Araquanid|move: Taunt\n|cant|p1a: Araquanid|move: Taunt|Sticky Web\n|\n|-heal|p2a: Heatran|80\/100|[from] item: Leftovers\n|upkeep\n|turn|5\n|\n|t:|1659720054\n|switch|p2a: Tapu Fini|Tapu Fini|100\/100\n|-fieldstart|move: Misty Terrain|[from] ability: Misty Surge|[of] p2a: Tapu Fini\n|move|p1a: Araquanid|Scald|p2a: Tapu Fini\n|-resisted|p2a: Tapu Fini\n|-damage|p2a: Tapu Fini|82\/100\n|\n|-heal|p2a: Tapu Fini|88\/100|[from] item: Leftovers\n|upkeep\n|turn|6\n|\n|t:|1659720061\n|switch|p1a: Durant|Durant, F|100\/100\n|move|p2a: Tapu Fini|Nature's Madness|p1a: Durant\n|-damage|p1a: Durant|51\/100\n|\n|-heal|p2a: Tapu Fini|94\/100|[from] item: Leftovers\n|upkeep\n|turn|7\n|\n|t:|1659720064\n|switch|p2a: Corviknight|Corviknight, F|100\/100\n|-ability|p2a: Corviknight|Pressure\n|move|p1a: Durant|Iron Head|p2a: Corviknight|[miss]\n|-miss|p1a: Durant|p2a: Corviknight\n|\n|upkeep\n|turn|8\n|\n|t:|1659720071\n|switch|p1a: Tapu Koko|Tapu Koko|100\/100\n|-fieldstart|move: Electric Terrain|[from] ability: Electric Surge|[of] p1a: Tapu Koko\n|move|p2a: Corviknight|U-turn|p1a: Tapu Koko\n|-resisted|p1a: Tapu Koko\n|-damage|p1a: Tapu Koko|90\/100\n|\n|t:|1659720094\n|switch|p2a: Mamoswine|Mamoswine, M|100\/100|[from]move: U-turn\n|\n|upkeep\n|turn|9\n|\n|t:|1659720097\n|move|p1a: Tapu Koko|Grass Knot|p2a: Mamoswine\n|-supereffective|p2a: Mamoswine\n|-crit|p2a: Mamoswine\n|-damage|p2a: Mamoswine|0 fnt\n|faint|p2a: Mamoswine\n|\n|upkeep\n|\n|t:|1659720101\n|switch|p2a: Heatran|Heatran, M|80\/100\n|turn|10\n|\n|t:|1659720104\n|switch|p1a: Landorus|Landorus-Therian, M|100\/100\n|-ability|p1a: Landorus|Intimidate|boost\n|-unboost|p2a: Heatran|atk|1\n|move|p2a: Heatran|Stealth Rock|p1a: Landorus\n|-sidestart|p1: eromangagaki|move: Stealth Rock\n|\n|-heal|p2a: Heatran|86\/100|[from] item: Leftovers\n|upkeep\n|turn|11\n|\n|t:|1659720108\n|move|p1a: Landorus|Gravity|p1a: Landorus\n|-fieldstart|move: Gravity\n|move|p2a: Heatran|Magma Storm|p1a: Landorus\n|-damage|p1a: Landorus|41\/100\n|-activate|p1a: Landorus|move: Magma Storm|[of] p2a: Heatran\n|\n|-heal|p2a: Heatran|92\/100|[from] item: Leftovers\n|-damage|p1a: Landorus|29\/100|[from] move: Magma Storm|[partiallytrapped]\n|upkeep\n|turn|12\n|\n|t:|1659720129\n|switch|p2a: Tapu Fini|Tapu Fini|94\/100\n|-fieldstart|move: Misty Terrain|[from] ability: Misty Surge|[of] p2a: Tapu Fini\n|move|p1a: Landorus|Earth Power|p2a: Tapu Fini\n|-damage|p2a: Tapu Fini|57\/100\n|-damage|p1a: Landorus|19\/100|[from] item: Life Orb\n|\n|-heal|p2a: Tapu Fini|63\/100|[from] item: Leftovers\n|-end|p1a: Landorus|Magma Storm|[partiallytrapped]|[silent]\n|upkeep\n|turn|13\n|\n|t:|1659720133\n|move|p1a: Landorus|Sludge Wave|p2a: Tapu Fini\n|-supereffective|p2a: Tapu Fini\n|-damage|p2a: Tapu Fini|7\/100\n|-damage|p1a: Landorus|9\/100|[from] item: Life Orb\n|move|p2a: Tapu Fini|Moonblast|p1a: Landorus\n|-damage|p1a: Landorus|0 fnt\n|faint|p1a: Landorus\n|\n|-heal|p2a: Tapu Fini|13\/100|[from] item: Leftovers\n|upkeep\n|\n|t:|1659720138\n|switch|p1a: Tapu Koko|Tapu Koko|90\/100\n|-damage|p1a: Tapu Koko|78\/100|[from] Stealth Rock\n|-fieldstart|move: Electric Terrain|[from] ability: Electric Surge|[of] p1a: Tapu Koko\n|turn|14\n|\n|t:|1659720148\n|move|p1a: Tapu Koko|Volt Switch|p2a: Tapu Fini\n|-supereffective|p2a: Tapu Fini\n|-damage|p2a: Tapu Fini|0 fnt\n|faint|p2a: Tapu Fini\n|\n|t:|1659720150\n|switch|p1a: Araquanid|Araquanid, M|100\/100|[from]move: Volt Switch\n|-damage|p1a: Araquanid|76\/100|[from] Stealth Rock\n|\n|upkeep\n|\n|t:|1659720156\n|switch|p2a: Alakazam|Alakazam, F|100\/100\n|turn|15\n|\n|t:|1659720161\n|move|p2a: Alakazam|Psychic|p1a: Araquanid\n|-damage|p1a: Araquanid|26\/100\n|-enditem|p1a: Araquanid|Red Card|[of] p2a: Alakazam\n|drag|p2a: Heatran|Heatran, M|92\/100\n|move|p1a: Araquanid|Sticky Web|p2a: Heatran\n|-sidestart|p2: Daevank5|move: Sticky Web\n|\n|-heal|p2a: Heatran|98\/100|[from] item: Leftovers\n|-fieldend|move: Gravity\n|upkeep\n|turn|16\n|\n|t:|1659720167\n|move|p2a: Heatran|Magma Storm|p1a: Araquanid\n|-damage|p1a: Araquanid|7\/100\n|-activate|p1a: Araquanid|move: Magma Storm|[of] p2a: Heatran\n|move|p1a: Araquanid|Scald|p2a: Heatran\n|-supereffective|p2a: Heatran\n|-damage|p2a: Heatran|35\/100\n|\n|-heal|p2a: Heatran|42\/100|[from] item: Leftovers\n|-damage|p1a: Araquanid|0 fnt|[from] move: Magma Storm|[partiallytrapped]\n|faint|p1a: Araquanid\n|upkeep\n|\n|t:|1659720171\n|switch|p1a: Pikachu|Pikachu, M|100\/100\n|-damage|p1a: Pikachu|88\/100|[from] Stealth Rock\n|turn|17\n|\n|t:|1659720175\n|move|p1a: Pikachu|Rising Voltage|p2a: Heatran\n|-hint|Rising Voltage's BP doubled on grounded target.\n|-damage|p2a: Heatran|0 fnt\n|faint|p2a: Heatran\n|\n|upkeep\n|\n|t:|1659720176\n|switch|p2a: Alakazam|Alakazam, F|100\/100\n|-activate|p2a: Alakazam|move: Sticky Web\n|-unboost|p2a: Alakazam|spe|1\n|turn|18\n|\n|t:|1659720178\n|move|p1a: Pikachu|Rising Voltage|p2a: Alakazam\n|-hint|Rising Voltage's BP doubled on grounded target.\n|-damage|p2a: Alakazam|0 fnt\n|faint|p2a: Alakazam\n|\n|-fieldend|move: Electric Terrain\n|upkeep\n|-message|Daevank5 forfeited.\n|\n|win|eromangagaki\n|raw|eromangagaki's rating: 1688 &rarr; <strong>1709<\/strong><br \/>(+21 for winning)\n|raw|Daevank5's rating: 1701 &rarr; <strong>1680<\/strong><br \/>(-21 for losing)\n|l|\u2606Daevank5\n||Ladder isn't responding, score probably updated but might not have (Request timeout).\n","uploadtime":1659720188,"views":47,"p1id":"eromangagaki","p2id":"daevank5","formatid":"gen8ou","rating":1680,"private":0,"password":null}