{"id":"gen8doublesou-1397985210","p1":"txitxas","p2":"xskelly34","format":"gen8doublesou","log":"|html|<div class=\"broadcast-blue\"><strong>[Gen 8] Doubles OU is currently suspecting Kartana! For information on how to participate check out the <a href=\"https:\/\/www.smogon.com\/forums\/threads\/np-ss-dou-stage-8-paper-planes.3689189\/\">suspect thread<\/a>.<\/strong><\/div>\n|j|\u2606txitxas\n|j|\u2606xskelly34\n|inactive|Battle timer is ON: inactive players will automatically lose when time's up.\n|t:|1629162632\n|gametype|doubles\n|player|p1|txitxas|unknown|\n|player|p2|xskelly34|cyclist|\n|teamsize|p1|6\n|teamsize|p2|6\n|gen|8\n|tier|[Gen 8] Doubles OU\n|rated|Tournament battle\n|rule|Species Clause: Limit one of each Pok\u00e9mon\n|rule|OHKO Clause: OHKO moves are banned\n|rule|Evasion Moves Clause: Evasion moves are banned\n|rule|Gravity Sleep Clause: The combination of sleep-inducing moves with imperfect accuracy and Gravity or Gigantamax Orbeetle are banned\n|rule|Endless Battle Clause: Forcing endless battles is banned\n|rule|HP Percentage Mod: HP is shown in percentages\n|rule|Dynamax Clause: You cannot dynamax\n|rule|Swagger Clause: Swagger is banned\n|clearpoke\n|poke|p1|Dragapult, F|\n|poke|p1|Blastoise, F|\n|poke|p1|Rillaboom, F|\n|poke|p1|Incineroar, M|\n|poke|p1|Diancie|\n|poke|p1|Kyurem-Black|\n|poke|p2|Zygarde|\n|poke|p2|Heatran, M|\n|poke|p2|Zeraora|\n|poke|p2|Tapu Fini|\n|poke|p2|Kartana|\n|poke|p2|Rillaboom, M|\n|teampreview\n|j|*Lady Monita\n|j| Carlito89\n|inactive|txitxas has 120 seconds left.\n|inactive|txitxas has 90 seconds left.\n|\n|t:|1629162706\n|start\n|switch|p1a: Dragapult|Dragapult, F|100\/100\n|switch|p1b: Incineroar|Incineroar, M|100\/100\n|switch|p2a: Heatran|Heatran, M|100\/100\n|switch|p2b: Zeraora|Zeraora|100\/100\n|-ability|p1b: Incineroar|Intimidate|boost\n|-unboost|p2a: Heatran|atk|1\n|-unboost|p2b: Zeraora|atk|1\n|turn|1\n|\n|t:|1629162721\n|move|p2b: Zeraora|Fake Out|p1b: Incineroar\n|-damage|p1b: Incineroar|94\/100\n|cant|p1b: Incineroar|flinch\n|move|p1a: Dragapult|Shadow Ball|p2a: Heatran\n|-damage|p2a: Heatran|48\/100\n|move|p2a: Heatran|Earth Power|p1b: Incineroar\n|-supereffective|p1b: Incineroar\n|-damage|p1b: Incineroar|40\/100\n|\n|upkeep\n|turn|2\n|inactive|txitxas has 120 seconds left.\n|inactive|txitxas has 90 seconds left.\n|\n|t:|1629162784\n|switch|p1a: Rillaboom|Rillaboom, F|100\/100\n|-fieldstart|move: Grassy Terrain|[from] ability: Grassy Surge|[of] p1a: Rillaboom\n|switch|p2a: Tapu Fini|Tapu Fini|100\/100\n|-fieldstart|move: Misty Terrain|[from] ability: Misty Surge|[of] p2a: Tapu Fini\n|switch|p1b: Blastoise|Blastoise, F|100\/100\n|move|p2b: Zeraora|Plasma Fists|p1b: Blastoise\n|-supereffective|p1b: Blastoise\n|-damage|p1b: Blastoise|67\/100\n|\n|upkeep\n|turn|3\n|inactive|txitxas has 90 seconds left.\n|l| Carlito89\n|\n|t:|1629162839\n|switch|p2b: Kartana|Kartana|100\/100\n|switch|p2a: Heatran|Heatran, M|48\/100\n|move|p1a: Rillaboom|Fake Out|p2b: Kartana\n|-resisted|p2b: Kartana\n|-damage|p2b: Kartana|94\/100\n|move|p1b: Blastoise|Flip Turn|p2b: Kartana\n|-resisted|p2b: Kartana\n|-damage|p2b: Kartana|85\/100\n|\n|t:|1629162845\n|switch|p1b: Dragapult|Dragapult, F|100\/100|[from]move: Flip Turn\n|\n|upkeep\n|turn|4\n|\n|t:|1629162860\n|switch|p2b: Rillaboom|Rillaboom, M|100\/100\n|-fieldstart|move: Grassy Terrain|[from] ability: Grassy Surge|[of] p2b: Rillaboom\n|switch|p1a: Diancie|Diancie|100\/100\n|move|p2a: Heatran|Protect|p2a: Heatran\n|-singleturn|p2a: Heatran|Protect\n|move|p1b: Dragapult|Flamethrower|p2b: Rillaboom\n|-supereffective|p2b: Rillaboom\n|-damage|p2b: Rillaboom|55\/100\n|\n|-heal|p2a: Heatran|54\/100|[from] Grassy Terrain\n|-heal|p2b: Rillaboom|61\/100|[from] Grassy Terrain\n|upkeep\n|turn|5\n|j| stravench alt\n|l| stravench alt\n|inactive|xskelly34 has 120 seconds left.\n|\n|t:|1629162891\n|switch|p1b: Incineroar|Incineroar, M|40\/100\n|-ability|p1b: Incineroar|Intimidate|boost\n|-unboost|p2a: Heatran|atk|1\n|-unboost|p2b: Rillaboom|atk|1\n|move|p1a: Diancie|Protect|p1a: Diancie\n|-singleturn|p1a: Diancie|Protect\n|move|p2a: Heatran|Heat Wave|p1a: Diancie|[spread] p1b\n|-activate|p1a: Diancie|move: Protect\n|-resisted|p1b: Incineroar\n|-damage|p1b: Incineroar|23\/100\n|move|p2b: Rillaboom|Wood Hammer|p1a: Diancie\n|-activate|p1a: Diancie|move: Protect\n|\n|-heal|p2a: Heatran|61\/100|[from] Grassy Terrain\n|-heal|p2b: Rillaboom|68\/100|[from] Grassy Terrain\n|-heal|p1b: Incineroar|29\/100|[from] Grassy Terrain\n|upkeep\n|turn|6\n|j| DavidYGreninja\n|inactive|xskelly34 has 120 seconds left.\n|j| berrypudding\n|inactive|txitxas has 90 seconds left.\n|\n|t:|1629162933\n|switch|p2b: Zygarde|Zygarde|100\/100\n|-ability|p2b: Zygarde|Aura Break\n|move|p1b: Incineroar|Fake Out|p2a: Heatran\n|-resisted|p2a: Heatran\n|-damage|p2a: Heatran|55\/100\n|cant|p2a: Heatran|flinch\n|move|p1a: Diancie|Trick Room|p1a: Diancie\n|-fieldstart|move: Trick Room|[of] p1a: Diancie\n|\n|-heal|p1b: Incineroar|35\/100|[from] Grassy Terrain\n|-heal|p2a: Heatran|61\/100|[from] Grassy Terrain\n|upkeep\n|turn|7\n|j| vicheat\n|inactive|xskelly34 has 120 seconds left.\n|\n|t:|1629162954\n|move|p1a: Diancie|Protect|p1a: Diancie\n|-singleturn|p1a: Diancie|Protect\n|move|p1b: Incineroar|Parting Shot|p2a: Heatran\n|-unboost|p2a: Heatran|atk|1\n|-unboost|p2a: Heatran|spa|1\n|\n|t:|1629162964\n|switch|p1b: Kyurem|Kyurem-Black|100\/100|[from]move: Parting Shot\n|-ability|p1b: Kyurem|Teravolt\n|move|p2a: Heatran|Earth Power|p1b: Kyurem\n|-damage|p1b: Kyurem|84\/100\n|move|p2b: Zygarde|Thousand Waves|p1b: Kyurem|[spread] p1b\n|-activate|p1a: Diancie|move: Protect\n|-damage|p1b: Kyurem|48\/100\n|-activate|p1b: Kyurem|trapped\n|-enditem|p1b: Kyurem|Sitrus Berry|[eat]\n|-heal|p1b: Kyurem|73\/100|[from] item: Sitrus Berry\n|\n|-heal|p1b: Kyurem|79\/100|[from] Grassy Terrain\n|-heal|p2a: Heatran|67\/100|[from] Grassy Terrain\n|upkeep\n|turn|8\n|\n|t:|1629162987\n|switch|p2a: Tapu Fini|Tapu Fini|100\/100\n|-fieldstart|move: Misty Terrain|[from] ability: Misty Surge|[of] p2a: Tapu Fini\n|switch|p2b: Zeraora|Zeraora|100\/100\n|move|p1a: Diancie|Diamond Storm|p2b: Zeraora|[spread] p2a,p2b\n|-damage|p2a: Tapu Fini|76\/100\n|-damage|p2b: Zeraora|65\/100\n|-boost|p1a: Diancie|def|2\n|move|p1b: Kyurem|Ice Beam|p2b: Zeraora\n|-damage|p2b: Zeraora|19\/100\n|-enditem|p2b: Zeraora|Sitrus Berry|[eat]\n|-heal|p2b: Zeraora|44\/100|[from] item: Sitrus Berry\n|\n|-heal|p2a: Tapu Fini|82\/100|[from] item: Leftovers\n|upkeep\n|turn|9\n|inactive|txitxas has 120 seconds left.\n|inactive|txitxas has 90 seconds left.\n|\n|t:|1629163025\n|move|p2b: Zeraora|Fake Out|p1b: Kyurem\n|-damage|p1b: Kyurem|71\/100\n|move|p1a: Diancie|Diamond Storm|p2a: Tapu Fini|[spread] p2a\n|-miss|p1a: Diancie|p2b: Zeraora\n|-damage|p2a: Tapu Fini|60\/100\n|move|p2a: Tapu Fini|Calm Mind|p2a: Tapu Fini\n|-boost|p2a: Tapu Fini|spa|1\n|-boost|p2a: Tapu Fini|spd|1\n|cant|p1b: Kyurem|flinch\n|\n|-heal|p2a: Tapu Fini|66\/100|[from] item: Leftovers\n|upkeep\n|turn|10\n|\n|t:|1629163042\n|switch|p1b: Rillaboom|Rillaboom, F|100\/100\n|-fieldstart|move: Grassy Terrain|[from] ability: Grassy Surge|[of] p1b: Rillaboom\n|move|p1a: Diancie|Protect|p1a: Diancie\n|-singleturn|p1a: Diancie|Protect\n|move|p2a: Tapu Fini|Moonblast|p1b: Rillaboom\n|-damage|p1b: Rillaboom|67\/100\n|move|p2b: Zeraora|Taunt|p1a: Diancie\n|-activate|p1a: Diancie|move: Protect\n|\n|-heal|p1b: Rillaboom|73\/100|[from] Grassy Terrain\n|-heal|p2a: Tapu Fini|72\/100|[from] Grassy Terrain\n|-heal|p2a: Tapu Fini|78\/100|[from] item: Leftovers\n|-heal|p2b: Zeraora|50\/100|[from] Grassy Terrain\n|-fieldend|move: Trick Room\n|upkeep\n|turn|11\n|j| Meminger21\n|\n|t:|1629163064\n|switch|p2a: Heatran|Heatran, M|67\/100\n|move|p1b: Rillaboom|Fake Out|p2b: Zeraora\n|-damage|p2b: Zeraora|35\/100\n|cant|p2b: Zeraora|flinch\n|move|p1a: Diancie|Trick Room|p1a: Diancie\n|-fieldstart|move: Trick Room|[of] p1a: Diancie\n|\n|-heal|p1b: Rillaboom|79\/100|[from] Grassy Terrain\n|-heal|p2a: Heatran|73\/100|[from] Grassy Terrain\n|-heal|p2b: Zeraora|41\/100|[from] Grassy Terrain\n|upkeep\n|turn|12\n|j| nerd on pc\n|\n|t:|1629163078\n|switch|p2b: Kartana|Kartana|85\/100\n|move|p1a: Diancie|Body Press|p2a: Heatran\n|-supereffective|p2a: Heatran\n|-damage|p2a: Heatran|0 fnt\n|faint|p2a: Heatran\n|move|p1b: Rillaboom|Knock Off|p2b: Kartana\n|-damage|p2b: Kartana|54\/100\n|-enditem|p2b: Kartana|Scope Lens|[from] move: Knock Off|[of] p1b: Rillaboom\n|\n|-heal|p1b: Rillaboom|85\/100|[from] Grassy Terrain\n|-heal|p2b: Kartana|60\/100|[from] Grassy Terrain\n|upkeep\n|l| nerd on pc\n|\n|t:|1629163100\n|switch|p2a: Zeraora|Zeraora|41\/100\n|turn|13\n|j| VibeOverLuke\n|\n|t:|1629163126\n|move|p1a: Diancie|Protect|p1a: Diancie\n|-singleturn|p1a: Diancie|Protect\n|move|p1b: Rillaboom|U-turn|p2b: Kartana\n|-damage|p2b: Kartana|34\/100\n|j| hi fever\n|inactive|txitxas has 120 seconds left.\n|\n|t:|1629163177\n|switch|p1b: Incineroar|Incineroar, M|35\/100|[from]move: U-turn\n|-ability|p1b: Incineroar|Intimidate|boost\n|-unboost|p2a: Zeraora|atk|1\n|-unboost|p2b: Kartana|atk|1\n|move|p2b: Kartana|Sacred Sword|p1b: Incineroar\n|-supereffective|p1b: Incineroar\n|-damage|p1b: Incineroar|0 fnt\n|faint|p1b: Incineroar\n|-ability|p2b: Kartana|Beast Boost|boost\n|-boost|p2b: Kartana|atk|1\n|move|p2a: Zeraora|Coaching|p2b: Kartana\n|-boost|p2b: Kartana|atk|1\n|-boost|p2b: Kartana|def|1\n|\n|-heal|p2b: Kartana|40\/100|[from] Grassy Terrain\n|-heal|p2a: Zeraora|47\/100|[from] Grassy Terrain\n|upkeep\n|\n|t:|1629163183\n|switch|p1b: Kyurem|Kyurem-Black|71\/100\n|-ability|p1b: Kyurem|Teravolt\n|turn|14\n|\n|t:|1629163199\n|switch|p2a: Tapu Fini|Tapu Fini|78\/100\n|-fieldstart|move: Misty Terrain|[from] ability: Misty Surge|[of] p2a: Tapu Fini\n|move|p2b: Kartana|Protect|p2b: Kartana\n|-singleturn|p2b: Kartana|Protect\n|move|p1a: Diancie|Diamond Storm|p2a: Tapu Fini|[spread] p2a\n|-activate|p2b: Kartana|move: Protect\n|-damage|p2a: Tapu Fini|57\/100\n|-boost|p1a: Diancie|def|2\n|move|p1b: Kyurem|Ice Beam|p2b: Kartana\n|-activate|p2b: Kartana|move: Protect\n|\n|-heal|p2a: Tapu Fini|63\/100|[from] item: Leftovers\n|upkeep\n|turn|15\n|l| VibeOverLuke\n|\n|t:|1629163219\n|switch|p2b: Zeraora|Zeraora|47\/100\n|move|p1a: Diancie|Diamond Storm|p2b: Zeraora|[spread] p2a,p2b\n|-damage|p2a: Tapu Fini|40\/100\n|-damage|p2b: Zeraora|12\/100\n|move|p2a: Tapu Fini|Muddy Water|p1b: Kyurem|[spread] p1a,p1b\n|-supereffective|p1a: Diancie\n|-resisted|p1b: Kyurem\n|-damage|p1a: Diancie|67\/100\n|-damage|p1b: Kyurem|63\/100\n|-enditem|p1a: Diancie|Weakness Policy\n|-boost|p1a: Diancie|atk|2|[from] item: Weakness Policy\n|-boost|p1a: Diancie|spa|2|[from] item: Weakness Policy\n|move|p1b: Kyurem|Ice Beam|p2b: Zeraora\n|-damage|p2b: Zeraora|0 fnt\n|faint|p2b: Zeraora\n|\n|-heal|p2a: Tapu Fini|46\/100|[from] item: Leftovers\n|-fieldend|move: Trick Room\n|upkeep\n|j| FruitDogs\n|inactive|xskelly34 has 120 seconds left.\n|\n|t:|1629163240\n|switch|p2b: Kartana|Kartana|40\/100\n|turn|16\n|\n|t:|1629163250\n|move|p1a: Diancie|Protect|p1a: Diancie\n|-singleturn|p1a: Diancie|Protect\n|move|p2b: Kartana|Leaf Blade|p1a: Diancie\n|-activate|p1a: Diancie|move: Protect\n|move|p1b: Kyurem|Ice Beam|p2b: Kartana\n|-crit|p2b: Kartana\n|-damage|p2b: Kartana|0 fnt\n|faint|p2b: Kartana\n|move|p2a: Tapu Fini|Moonblast|p1b: Kyurem\n|-supereffective|p1b: Kyurem\n|-damage|p1b: Kyurem|16\/100\n|\n|-heal|p2a: Tapu Fini|52\/100|[from] item: Leftovers\n|upkeep\n|\n|t:|1629163254\n|switch|p2b: Zygarde|Zygarde|100\/100\n|-ability|p2b: Zygarde|Aura Break\n|turn|17\n|\n|t:|1629163261\n|move|p2b: Zygarde|Thousand Waves|p1b: Kyurem|[spread] p1a,p1b\n|-supereffective|p1a: Diancie\n|-damage|p1a: Diancie|41\/100\n|-damage|p1b: Kyurem|0 fnt\n|-activate|p1a: Diancie|trapped\n|faint|p1b: Kyurem\n|move|p2a: Tapu Fini|Muddy Water|p1a: Diancie\n|-supereffective|p1a: Diancie\n|-damage|p1a: Diancie|0 fnt\n|faint|p1a: Diancie\n|\n|-heal|p2a: Tapu Fini|58\/100|[from] item: Leftovers\n|upkeep\n|\n|t:|1629163268\n|switch|p1b: Rillaboom|Rillaboom, F|85\/100\n|switch|p1a: Blastoise|Blastoise, F|67\/100\n|-fieldstart|move: Grassy Terrain|[from] ability: Grassy Surge|[of] p1b: Rillaboom\n|turn|18\n|\n|t:|1629163279\n|move|p2a: Tapu Fini|Protect|p2a: Tapu Fini\n|-singleturn|p2a: Tapu Fini|Protect\n|move|p1b: Rillaboom|Fake Out|p2b: Zygarde\n|-damage|p2b: Zygarde|90\/100\n|cant|p2b: Zygarde|flinch\n|move|p1a: Blastoise|Icy Wind|p2a: Tapu Fini|[spread] p2b\n|-activate|p2a: Tapu Fini|move: Protect\n|-supereffective|p2b: Zygarde\n|-damage|p2b: Zygarde|63\/100\n|-unboost|p2b: Zygarde|spe|1\n|\n|-heal|p2a: Tapu Fini|64\/100|[from] Grassy Terrain\n|-heal|p2a: Tapu Fini|70\/100|[from] item: Leftovers\n|-heal|p1b: Rillaboom|92\/100|[from] Grassy Terrain\n|-heal|p1a: Blastoise|73\/100|[from] Grassy Terrain\n|-heal|p2b: Zygarde|69\/100|[from] Grassy Terrain\n|upkeep\n|turn|19\n|\n|t:|1629163297\n|switch|p2a: Rillaboom|Rillaboom, M|68\/100\n|move|p1b: Rillaboom|Grassy Glide|p2b: Zygarde\n|-damage|p2b: Zygarde|31\/100\n|move|p1a: Blastoise|Icy Wind|p2a: Rillaboom|[spread] p2a,p2b\n|-supereffective|p2a: Rillaboom\n|-supereffective|p2b: Zygarde\n|-damage|p2a: Rillaboom|58\/100\n|-damage|p2b: Zygarde|4\/100\n|-unboost|p2a: Rillaboom|spe|1\n|-unboost|p2b: Zygarde|spe|1\n|move|p2b: Zygarde|Thousand Waves|p1a: Blastoise|[spread] p1a,p1b\n|-crit|p1a: Blastoise\n|-resisted|p1b: Rillaboom\n|-damage|p1a: Blastoise|23\/100\n|-damage|p1b: Rillaboom|71\/100\n|-activate|p1a: Blastoise|trapped\n|-activate|p1b: Rillaboom|trapped\n|-enditem|p1a: Blastoise|Sitrus Berry|[eat]\n|-heal|p1a: Blastoise|48\/100|[from] item: Sitrus Berry\n|\n|-heal|p1b: Rillaboom|78\/100|[from] Grassy Terrain\n|-heal|p1a: Blastoise|54\/100|[from] Grassy Terrain\n|-heal|p2a: Rillaboom|64\/100|[from] Grassy Terrain\n|-heal|p2b: Zygarde|11\/100|[from] Grassy Terrain\n|upkeep\n|turn|20\n|l| hi fever\n|\n|t:|1629163318\n|move|p2a: Rillaboom|Grassy Glide|p1a: Blastoise\n|-supereffective|p1a: Blastoise\n|-damage|p1a: Blastoise|0 fnt\n|faint|p1a: Blastoise\n|move|p1b: Rillaboom|U-turn|p2a: Rillaboom\n|-supereffective|p2a: Rillaboom\n|-damage|p2a: Rillaboom|17\/100\n|\n|t:|1629163321\n|switch|p1b: Dragapult|Dragapult, F|100\/100|[from]move: U-turn\n|move|p2b: Zygarde|Thousand Waves|p1b: Dragapult\n|-damage|p1b: Dragapult|11\/100\n|\n|-heal|p1b: Dragapult|17\/100|[from] Grassy Terrain\n|-heal|p2a: Rillaboom|24\/100|[from] Grassy Terrain\n|-heal|p2b: Zygarde|17\/100|[from] Grassy Terrain\n|upkeep\n|\n|t:|1629163322\n|switch|p1a: Rillaboom|Rillaboom, F|78\/100\n|turn|21\n|j| Kerokoga\n|\n|t:|1629163343\n|switch|p2a: Tapu Fini|Tapu Fini|70\/100\n|-fieldstart|move: Misty Terrain|[from] ability: Misty Surge|[of] p2a: Tapu Fini\n|move|p1a: Rillaboom|Fake Out|p2a: Tapu Fini\n|-damage|p2a: Tapu Fini|60\/100\n|move|p1b: Dragapult|Shadow Ball|p2b: Zygarde\n|-damage|p2b: Zygarde|0 fnt\n|faint|p2b: Zygarde\n|\n|-heal|p2a: Tapu Fini|66\/100|[from] item: Leftovers\n|upkeep\n|\n|t:|1629163351\n|switch|p2b: Rillaboom|Rillaboom, M|24\/100\n|-fieldstart|move: Grassy Terrain|[from] ability: Grassy Surge|[of] p2b: Rillaboom\n|turn|22\n|inactive|txitxas has 120 seconds left.\n|\n|t:|1629163384\n|move|p2b: Rillaboom|Fake Out|p1a: Rillaboom\n|-damage|p1a: Rillaboom|66\/100\n|move|p1b: Dragapult|Shadow Ball|p2b: Rillaboom\n|-damage|p2b: Rillaboom|0 fnt\n|faint|p2b: Rillaboom\n|move|p2a: Tapu Fini|Moonblast|p1b: Dragapult\n|-supereffective|p1b: Dragapult\n|-damage|p1b: Dragapult|0 fnt\n|faint|p1b: Dragapult\n|cant|p1a: Rillaboom|flinch\n|\n|-heal|p2a: Tapu Fini|72\/100|[from] Grassy Terrain\n|-heal|p2a: Tapu Fini|78\/100|[from] item: Leftovers\n|-heal|p1a: Rillaboom|72\/100|[from] Grassy Terrain\n|upkeep\n|turn|23\n|\n|t:|1629163392\n|move|p1a: Rillaboom|Grassy Glide|p2a: Tapu Fini\n|-supereffective|p2a: Tapu Fini\n|-damage|p2a: Tapu Fini|16\/100\n|move|p2a: Tapu Fini|Muddy Water|p1a: Rillaboom|[miss]\n|-miss|p2a: Tapu Fini|p1a: Rillaboom\n|\n|-heal|p2a: Tapu Fini|22\/100|[from] Grassy Terrain\n|-heal|p2a: Tapu Fini|28\/100|[from] item: Leftovers\n|-heal|p1a: Rillaboom|78\/100|[from] Grassy Terrain\n|upkeep\n|turn|24\n|-message|xskelly34 forfeited.\n|\n|win|txitxas\n|n|\u2606txitxas|txitxas\n|n|\u2606xskelly34|xskelly34\n|n|*Lady Monita|ladymonita\n|n| DavidYGreninja|davidygreninja\n|n| berrypudding|berrypudding\n|n| vicheat|vicheat\n|n| Meminger21|meminger21\n|n| FruitDogs|fruitdogs\n|n| Kerokoga|kerokoga\n|l|*Lady Monita\n|l|\u2606xskelly34\n|l| DavidYGreninja\n|l| Kerokoga\n|l| Meminger21\n|l| vicheat\n|l| berrypudding\n|l| FruitDogs\n","uploadtime":1629164600,"views":7,"p1id":"txitxas","p2id":"xskelly34","formatid":"gen8doublesou","rating":0,"private":0,"password":null}