{"id":"gen8balancedhackmons-1073221394","p1":"ferromolybdenum","p2":"Wiso2","format":"gen8balancedhackmons","log":"|j|\u2606ferromolybdenum\n|j|\u2606Wiso2\n|player|p1|ferromolybdenum|lucas|1510\n|player|p2|Wiso2|101|1428\n|teamsize|p1|6\n|teamsize|p2|6\n|gametype|singles\n|gen|8\n|tier|[Gen 8] Balanced Hackmons\n|rated|\n|rule|OHKO Clause: OHKO moves are banned\n|rule|Evasion Moves Clause: Evasion moves are banned\n|clearpoke\n|poke|p1|Kyurem-Black|\n|poke|p1|Zeraora|\n|poke|p1|Melmetal|\n|poke|p1|Sylveon, M|\n|poke|p1|Reshiram|\n|poke|p1|Seismitoad, F|\n|poke|p2|Zekrom|\n|poke|p2|Zacian-Crowned|\n|poke|p2|Melmetal|\n|poke|p2|Reshiram|\n|poke|p2|Wobbuffet, M|\n|poke|p2|Zacian-Crowned|\n|rule|HP Percentage Mod: HP is shown in percentages\n|rule|Sleep Clause Mod: Limit one foe put to sleep\n|rule|Endless Battle Clause: Forcing endless battles is banned\n|teampreview\n|\n|start\n|switch|p1a: Zeraora|Zeraora|100\/100\n|switch|p2a: Zacian|Zacian-Crowned|100\/100\n|-ability|p1a: Zeraora|Intrepid Sword|boost\n|-boost|p1a: Zeraora|atk|1\n|-ability|p2a: Zacian|Intrepid Sword|boost\n|-boost|p2a: Zacian|atk|1\n|turn|1\n|\n|switch|p1a: Seismitoad|Seismitoad, F|100\/100\n|move|p2a: Zacian|Shell Smash|p2a: Zacian\n|-unboost|p2a: Zacian|def|1\n|-unboost|p2a: Zacian|spd|1\n|-boost|p2a: Zacian|atk|2\n|-boost|p2a: Zacian|spa|2\n|-boost|p2a: Zacian|spe|2\n|\n|upkeep\n|turn|2\n|\n|switch|p1a: Melmetal|Melmetal|100\/100\n|move|p2a: Zacian|Play Rough|p1a: Melmetal\n|-resisted|p1a: Melmetal\n|-damage|p1a: Melmetal|87\/100\n|\n|-heal|p1a: Melmetal|93\/100|[from] item: Leftovers\n|upkeep\n|turn|3\n|\n|move|p2a: Zacian|Earthquake|p1a: Melmetal\n|-supereffective|p1a: Melmetal\n|-damage|p1a: Melmetal|53\/100\n|move|p1a: Melmetal|Anchor Shot|p2a: Zacian\n|-damage|p2a: Zacian|72\/100\n|-activate|p2a: Zacian|trapped\n|\n|-heal|p1a: Melmetal|59\/100|[from] item: Leftovers\n|upkeep\n|turn|4\n|\n|move|p2a: Zacian|Earthquake|p1a: Melmetal\n|-supereffective|p1a: Melmetal\n|-damage|p1a: Melmetal|20\/100\n|move|p1a: Melmetal|Recover|p1a: Melmetal\n|-heal|p1a: Melmetal|70\/100\n|\n|-heal|p1a: Melmetal|76\/100|[from] item: Leftovers\n|upkeep\n|turn|5\n|\n|move|p2a: Zacian|Shell Smash|p2a: Zacian\n|-unboost|p2a: Zacian|def|1\n|-unboost|p2a: Zacian|spd|1\n|-boost|p2a: Zacian|atk|2\n|-boost|p2a: Zacian|spa|2\n|-boost|p2a: Zacian|spe|2\n|move|p1a: Melmetal|Recover|p1a: Melmetal\n|-heal|p1a: Melmetal|100\/100\n|\n|upkeep\n|turn|6\n|\n|move|p2a: Zacian|Earthquake|p1a: Melmetal\n|-supereffective|p1a: Melmetal\n|-damage|p1a: Melmetal|61\/100\n|move|p1a: Melmetal|Recover|p1a: Melmetal\n|-heal|p1a: Melmetal|100\/100\n|\n|upkeep\n|turn|7\n|\n|move|p2a: Zacian|Sunsteel Strike|p1a: Melmetal\n|-resisted|p1a: Melmetal\n|-damage|p1a: Melmetal|54\/100\n|move|p1a: Melmetal|Anchor Shot|p2a: Zacian\n|-damage|p2a: Zacian|45\/100\n|\n|-heal|p1a: Melmetal|60\/100|[from] item: Leftovers\n|upkeep\n|turn|8\n|\n|move|p2a: Zacian|Sunsteel Strike|p1a: Melmetal\n|-resisted|p1a: Melmetal\n|-damage|p1a: Melmetal|14\/100\n|move|p1a: Melmetal|Anchor Shot|p2a: Zacian\n|-damage|p2a: Zacian|18\/100\n|\n|-heal|p1a: Melmetal|20\/100|[from] item: Leftovers\n|upkeep\n|turn|9\n|\n|move|p2a: Zacian|Earthquake|p1a: Melmetal\n|-supereffective|p1a: Melmetal\n|-damage|p1a: Melmetal|0 fnt\n|faint|p1a: Melmetal\n|\n|upkeep\n|\n|switch|p1a: Kyurem|Kyurem-Black|100\/100\n|turn|10\n|\n|switch|p2a: Melmetal|Melmetal|100\/100\n|move|p1a: Kyurem|Fake Out|p2a: Melmetal\n|-resisted|p2a: Melmetal\n|-damage|p2a: Melmetal|96\/100\n|-damage|p1a: Kyurem|84\/100|[from] item: Rocky Helmet|[of] p2a: Melmetal\n|-damage|p1a: Kyurem|74\/100|[from] item: Life Orb\n|\n|upkeep\n|turn|11\n|j| GreenKitty57\n|\n|switch|p1a: Reshiram|Reshiram|100\/100\n|move|p2a: Melmetal|Spectral Thief|p1a: Reshiram\n|-damage|p1a: Reshiram|78\/100\n|\n|upkeep\n|turn|12\n|\n|switch|p2a: Wobbuffet|Wobbuffet, M|100\/100\n|-transform|p2a: Wobbuffet|p1a: Reshiram|[from] ability: Imposter\n|move|p1a: Reshiram|Blue Flare|p2a: Wobbuffet\n|-resisted|p2a: Wobbuffet\n|-damage|p2a: Wobbuffet|87\/100\n|\n|upkeep\n|turn|13\n|\n|switch|p1a: Sylveon|Sylveon, M|100\/100\n|move|p2a: Wobbuffet|Dynamax Cannon|p1a: Sylveon\n|-immune|p1a: Sylveon\n|\n|upkeep\n|turn|14\n|\n|switch|p2a: Zacian|Zacian-Crowned|18\/100\n|-ability|p2a: Zacian|Intrepid Sword|boost\n|-boost|p2a: Zacian|atk|1\n|move|p1a: Sylveon|Recover||[still]\n|-fail|p1a: Sylveon|heal\n|\n|upkeep\n|turn|15\n|c|\u2606ferromolybdenum|fuck misclicked\n|\n|switch|p1a: Seismitoad|Seismitoad, F|100\/100\n|move|p2a: Zacian|Sunsteel Strike|p1a: Seismitoad\n|-resisted|p1a: Seismitoad\n|-crit|p1a: Seismitoad\n|-damage|p1a: Seismitoad|40\/100\n|\n|-heal|p1a: Seismitoad|46\/100|[from] item: Leftovers\n|upkeep\n|turn|16\n|\n|move|p2a: Zacian|Sunsteel Strike|p1a: Seismitoad\n|-resisted|p1a: Seismitoad\n|-damage|p1a: Seismitoad|7\/100\n|move|p1a: Seismitoad|Recover|p1a: Seismitoad\n|-heal|p1a: Seismitoad|57\/100\n|\n|-heal|p1a: Seismitoad|63\/100|[from] item: Leftovers\n|upkeep\n|turn|17\n|\n|move|p2a: Zacian|Shell Smash|p2a: Zacian\n|-unboost|p2a: Zacian|def|1\n|-unboost|p2a: Zacian|spd|1\n|-boost|p2a: Zacian|atk|2\n|-boost|p2a: Zacian|spa|2\n|-boost|p2a: Zacian|spe|2\n|move|p1a: Seismitoad|Spectral Thief||[still]\n|-clearpositiveboost|p2a: Zacian|p1a: Seismitoad|move: Spectral Thief\n|-boost|p1a: Seismitoad|atk|3\n|-boost|p1a: Seismitoad|spa|2\n|-boost|p1a: Seismitoad|spe|2\n|-anim|p1a: Seismitoad|Spectral Thief|p2a: Zacian\n|-damage|p2a: Zacian|0 fnt\n|faint|p2a: Zacian\n|\n|-heal|p1a: Seismitoad|69\/100|[from] item: Leftovers\n|upkeep\n|\n|switch|p2a: Melmetal|Melmetal|96\/100\n|turn|18\n|\n|move|p1a: Seismitoad|Earth Power|p2a: Melmetal\n|-supereffective|p2a: Melmetal\n|-damage|p2a: Melmetal|0 fnt\n|faint|p2a: Melmetal\n|\n|-heal|p1a: Seismitoad|75\/100|[from] item: Leftovers\n|upkeep\n|\n|switch|p2a: Wobbuffet|Wobbuffet, M|87\/100\n|-transform|p2a: Wobbuffet|p1a: Seismitoad|[from] ability: Imposter\n|turn|19\n|\n|move|p2a: Wobbuffet|Spectral Thief||[still]\n|-clearpositiveboost|p1a: Seismitoad|p2a: Wobbuffet|move: Spectral Thief\n|-boost|p2a: Wobbuffet|atk|3\n|-boost|p2a: Wobbuffet|spa|2\n|-boost|p2a: Wobbuffet|spe|2\n|-anim|p2a: Wobbuffet|Spectral Thief|p1a: Seismitoad\n|-damage|p1a: Seismitoad|40\/100\n|move|p1a: Seismitoad|Recover|p1a: Seismitoad\n|-heal|p1a: Seismitoad|90\/100\n|\n|-heal|p1a: Seismitoad|96\/100|[from] item: Leftovers\n|upkeep\n|turn|20\n|\n|-start|p2a: Wobbuffet|Dynamax\n|-heal|p2a: Wobbuffet|87\/100|[silent]\n|move|p2a: Wobbuffet|Max Quake|p1a: Seismitoad\n|-damage|p1a: Seismitoad|0 fnt\n|-boost|p2a: Wobbuffet|spd|1\n|faint|p1a: Seismitoad\n|\n|upkeep\n|\n|switch|p1a: Sylveon|Sylveon, M|100\/100\n|turn|21\n|\n|move|p2a: Wobbuffet|Max Quake|p1a: Sylveon\n|-damage|p1a: Sylveon|62\/100\n|-boost|p2a: Wobbuffet|spd|1\n|move|p1a: Sylveon|Spectral Thief||[still]\n|-clearpositiveboost|p2a: Wobbuffet|p1a: Sylveon|move: Spectral Thief\n|-boost|p1a: Sylveon|atk|6\n|-boost|p1a: Sylveon|spa|4\n|-boost|p1a: Sylveon|spd|2\n|-boost|p1a: Sylveon|spe|4\n|-anim|p1a: Sylveon|Spectral Thief|p2a: Wobbuffet\n|-damage|p2a: Wobbuffet|77\/100\n|\n|-heal|p1a: Sylveon|69\/100|[from] item: Leftovers\n|upkeep\n|turn|22\n|\n|-end|p2a: Wobbuffet|Dynamax\n|-heal|p2a: Wobbuffet|77\/100|[silent]\n|switch|p2a: Zacian|Zacian-Crowned|100\/100\n|-ability|p2a: Zacian|Intrepid Sword|boost\n|-boost|p2a: Zacian|atk|1\n|move|p1a: Sylveon|Moonblast|p2a: Zacian\n|-resisted|p2a: Zacian\n|-damage|p2a: Zacian|61\/100\n|\n|-heal|p1a: Sylveon|75\/100|[from] item: Leftovers\n|upkeep\n|turn|23\n|\n|move|p1a: Sylveon|Moonblast|p2a: Zacian\n|-resisted|p2a: Zacian\n|-damage|p2a: Zacian|19\/100\n|-unboost|p2a: Zacian|spa|1\n|move|p2a: Zacian|Sunsteel Strike|p1a: Sylveon\n|-supereffective|p1a: Sylveon\n|-damage|p1a: Sylveon|0 fnt\n|faint|p1a: Sylveon\n|\n|upkeep\n|\n|switch|p1a: Kyurem|Kyurem-Black|74\/100\n|turn|24\n|\n|move|p1a: Kyurem|Extreme Speed|p2a: Zacian\n|-resisted|p2a: Zacian\n|-damage|p2a: Zacian|0 fnt\n|-damage|p1a: Kyurem|64\/100|[from] item: Life Orb\n|faint|p2a: Zacian\n|\n|upkeep\n|\n|switch|p2a: Wobbuffet|Wobbuffet, M|77\/100\n|-transform|p2a: Wobbuffet|p1a: Kyurem|[from] ability: Imposter\n|turn|25\n|\n|move|p1a: Kyurem|Extreme Speed|p2a: Wobbuffet\n|-damage|p2a: Wobbuffet|42\/100\n|-damage|p1a: Kyurem|54\/100|[from] item: Life Orb\n|move|p2a: Wobbuffet|Boomburst|p1a: Kyurem\n|-damage|p1a: Kyurem|0 fnt\n|faint|p1a: Kyurem\n|\n|upkeep\n|\n|switch|p1a: Zeraora|Zeraora|100\/100\n|-ability|p1a: Zeraora|Intrepid Sword|boost\n|-boost|p1a: Zeraora|atk|1\n|turn|26\n|\n|switch|p2a: Zekrom|Zekrom|100\/100\n|-ability|p2a: Zekrom|Teravolt\n|move|p1a: Zeraora|Bolt Beak|p2a: Zekrom\n|-resisted|p2a: Zekrom\n|-damage|p2a: Zekrom|73\/100\n|\n|upkeep\n|turn|27\n|\n|-start|p1a: Zeraora|Dynamax\n|-heal|p1a: Zeraora|100\/100|[silent]\n|move|p1a: Zeraora|Max Quake|p2a: Zekrom\n|-supereffective|p2a: Zekrom\n|-damage|p2a: Zekrom|3\/100\n|-boost|p1a: Zeraora|spd|1\n|move|p2a: Zekrom|Shell Smash|p2a: Zekrom\n|-unboost|p2a: Zekrom|def|1\n|-unboost|p2a: Zekrom|spd|1\n|-boost|p2a: Zekrom|atk|2\n|-boost|p2a: Zekrom|spa|2\n|-boost|p2a: Zekrom|spe|2\n|\n|upkeep\n|turn|28\n|\n|move|p2a: Zekrom|Multi-Attack|p1a: Zeraora\n|-damage|p1a: Zeraora|34\/100\n|move|p1a: Zeraora|Max Quake|p2a: Zekrom\n|-supereffective|p2a: Zekrom\n|-damage|p2a: Zekrom|0 fnt\n|-boost|p1a: Zeraora|spd|1\n|faint|p2a: Zekrom\n|\n|upkeep\n|\n|switch|p2a: Wobbuffet|Wobbuffet, M|42\/100\n|-transform|p2a: Wobbuffet|p1a: Zeraora|[from] ability: Imposter\n|-ability|p2a: Wobbuffet|Intrepid Sword|boost\n|-boost|p2a: Wobbuffet|atk|1\n|turn|29\n|j| Balanced Nichemons\n|\n|move|p2a: Wobbuffet|Earthquake|p1a: Zeraora\n|-supereffective|p1a: Zeraora\n|-damage|p1a: Zeraora|0 fnt\n|faint|p1a: Zeraora\n|\n|upkeep\n|\n|switch|p1a: Reshiram|Reshiram|78\/100\n|turn|30\n|c|\u2606ferromolybdenum|gg\n|\n|move|p2a: Wobbuffet|Earthquake|p1a: Reshiram\n|-supereffective|p1a: Reshiram\n|-damage|p1a: Reshiram|0 fnt\n|faint|p1a: Reshiram\n|\n|win|Wiso2\n|raw|ferromolybdenum's rating: 1510 &rarr; <strong>1486<\/strong><br \/>(-24 for losing)\n|raw|Wiso2's rating: 1429 &rarr; <strong>1453<\/strong><br \/>(+24 for winning)\n|l|\u2606ferromolybdenum\n|l| Balanced Nichemons\n","uploadtime":1583301194,"views":4,"p1id":"ferromolybdenum","p2id":"wiso2","formatid":"gen8balancedhackmons","rating":1453,"private":0,"password":null}