{"id":"gen8ou-1695325372","p1":"LT94JE Allistair","p2":"minimax_ai","format":"gen8ou","log":"|html|<div class=\"broadcast-blue\"><strong>[Gen 8] OU is currently suspecting Melmetal! For information on how to participate check out the <a href=\"https:\/\/www.smogon.com\/forums\/threads\/np-ss-ou-suspect-process-round-12-monster-mash.3709234\/\">suspect thread<\/a>.<\/strong><\/div>\n|j|\u2606LT94JE Allistair\n|j|\u2606minimax_ai\n|t:|1666792022\n|gametype|singles\n|player|p1|LT94JE Allistair|265|1550\n|player|p2|minimax_ai|266|1619\n|teamsize|p1|6\n|teamsize|p2|6\n|gen|8\n|tier|[Gen 8] OU\n|rated|\n|rule|Sleep Clause Mod: Limit one foe put to sleep\n|rule|Species Clause: Limit one of each Pok\u00e9mon\n|rule|OHKO Clause: OHKO moves are banned\n|rule|Evasion Items Clause: Evasion items are banned\n|rule|Evasion Moves Clause: Evasion moves are banned\n|rule|Endless Battle Clause: Forcing endless battles is banned\n|rule|HP Percentage Mod: HP is shown in percentages\n|rule|Dynamax Clause: You cannot dynamax\n|clearpoke\n|poke|p1|Mew|\n|poke|p1|Slurpuff, F|\n|poke|p1|Vanilluxe, F|\n|poke|p1|Jirachi|\n|poke|p1|Slowking-Galar, M|\n|poke|p1|Heatran, F|\n|poke|p2|Rotom-Wash|\n|poke|p2|Weavile, M|\n|poke|p2|Landorus-Therian, M|\n|poke|p2|Heatran, M|\n|poke|p2|Tangrowth, M|\n|poke|p2|Melmetal|\n|teampreview\n|c|\u2606minimax_ai|hf\n|inactive|Battle timer is ON: inactive players will automatically lose when time's up. (requested by minimax_ai)\n|inactive|LT94JE Allistair has 120 seconds left.\n|\n|t:|1666792062\n|start\n|switch|p1a: Slurpuff|Slurpuff, F|100\/100\n|switch|p2a: Melmetal|Melmetal|100\/100\n|turn|1\n|\n|t:|1666792066\n|switch|p1a: Heatran|Heatran, F|100\/100\n|move|p2a: Melmetal|Double Iron Bash|p1a: Heatran\n|-resisted|p1a: Heatran\n|-damage|p1a: Heatran|91\/100\n|-resisted|p1a: Heatran\n|-damage|p1a: Heatran|83\/100\n|-status|p2a: Melmetal|brn|[from] ability: Flame Body|[of] p1a: Heatran\n|-hitcount|p1a: Heatran|2\n|\n|-damage|p2a: Melmetal|94\/100 brn|[from] brn\n|upkeep\n|turn|2\n|\n|t:|1666792071\n|move|p1a: Heatran|Flamethrower|p2a: Melmetal\n|-supereffective|p2a: Melmetal\n|-damage|p2a: Melmetal|45\/100 brn\n|move|p2a: Melmetal|Earthquake|p1a: Heatran\n|-supereffective|p1a: Heatran\n|-damage|p1a: Heatran|12\/100\n|\n|-damage|p2a: Melmetal|39\/100 brn|[from] brn\n|upkeep\n|turn|3\n|\n|t:|1666792076\n|move|p1a: Heatran|Flamethrower|p2a: Melmetal\n|-supereffective|p2a: Melmetal\n|-damage|p2a: Melmetal|0 fnt\n|faint|p2a: Melmetal\n|\n|upkeep\n|\n|t:|1666792076\n|switch|p2a: Heatran|Heatran, M|100\/100\n|-item|p2a: Heatran|Air Balloon\n|turn|4\n|\n|t:|1666792080\n|move|p2a: Heatran|Magma Storm|p1a: Heatran\n|-damage|p1a: Heatran|0 fnt\n|faint|p1a: Heatran\n|\n|upkeep\n|\n|t:|1666792082\n|switch|p1a: Slurpuff|Slurpuff, F|100\/100\n|turn|5\n|\n|t:|1666792084\n|move|p2a: Heatran|Magma Storm|p1a: Slurpuff\n|-damage|p1a: Slurpuff|6\/100\n|-activate|p1a: Slurpuff|move: Magma Storm|[of] p2a: Heatran\n|move|p1a: Slurpuff|Sticky Web|p2a: Heatran\n|-sidestart|p2: minimax_ai|move: Sticky Web\n|\n|-damage|p1a: Slurpuff|0 fnt|[from] move: Magma Storm|[partiallytrapped]\n|faint|p1a: Slurpuff\n|upkeep\n|\n|t:|1666792090\n|switch|p1a: Vanilluxe|Vanilluxe, F|100\/100\n|-weather|Hail|[from] ability: Snow Warning|[of] p1a: Vanilluxe\n|turn|6\n|\n|t:|1666792095\n|move|p1a: Vanilluxe|Aurora Veil|p1a: Vanilluxe\n|-sidestart|p1: LT94JE Allistair|move: Aurora Veil\n|move|p2a: Heatran|Magma Storm|p1a: Vanilluxe\n|-supereffective|p1a: Vanilluxe\n|-damage|p1a: Vanilluxe|30\/100\n|-activate|p1a: Vanilluxe|move: Magma Storm|[of] p2a: Heatran\n|\n|-weather|Hail|[upkeep]\n|-damage|p2a: Heatran|94\/100|[from] Hail\n|-damage|p1a: Vanilluxe|18\/100|[from] move: Magma Storm|[partiallytrapped]\n|upkeep\n|turn|7\n|\n|t:|1666792098\n|switch|p2a: landorustherian|Landorus-Therian, M|100\/100\n|-ability|p2a: landorustherian|Intimidate|boost\n|-unboost|p1a: Vanilluxe|atk|1\n|move|p1a: Vanilluxe|Explosion|p2a: landorustherian\n|-damage|p2a: landorustherian|52\/100\n|faint|p1a: Vanilluxe\n|\n|-weather|Hail|[upkeep]\n|-damage|p2a: landorustherian|46\/100|[from] Hail\n|-heal|p2a: landorustherian|52\/100|[from] item: Leftovers\n|upkeep\n|\n|t:|1666792119\n|switch|p1a: Mew|Mew|100\/100\n|turn|8\n|\n|t:|1666792120\n|move|p1a: Mew|Taunt|p2a: landorustherian\n|-start|p2a: landorustherian|move: Taunt\n|cant|p2a: landorustherian|move: Taunt|Defog\n|\n|-weather|Hail|[upkeep]\n|-damage|p1a: Mew|94\/100|[from] Hail\n|-damage|p2a: landorustherian|46\/100|[from] Hail\n|-heal|p2a: landorustherian|52\/100|[from] item: Leftovers\n|upkeep\n|turn|9\n|\n|t:|1666792123\n|move|p1a: Mew|Cosmic Power|p1a: Mew\n|-boost|p1a: Mew|def|1\n|-boost|p1a: Mew|spd|1\n|move|p2a: landorustherian|U-turn|p1a: Mew\n|-supereffective|p1a: Mew\n|-damage|p1a: Mew|80\/100\n|-enditem|p1a: Mew|Weakness Policy\n|-boost|p1a: Mew|atk|2|[from] item: Weakness Policy\n|-boost|p1a: Mew|spa|2|[from] item: Weakness Policy\n|\n|t:|1666792123\n|switch|p2a: Weavile|Weavile, M|100\/100|[from]move: U-turn\n|-activate|p2a: Weavile|move: Sticky Web\n|-unboost|p2a: Weavile|spe|1\n|-ability|p2a: Weavile|Pressure\n|\n|-weather|Hail|[upkeep]\n|-damage|p1a: Mew|74\/100|[from] Hail\n|upkeep\n|turn|10\n|\n|t:|1666792126\n|move|p1a: Mew|Taunt|p2a: Weavile\n|-start|p2a: Weavile|move: Taunt\n|move|p2a: Weavile|Knock Off|p1a: Mew\n|-supereffective|p1a: Mew\n|-damage|p1a: Mew|45\/100\n|\n|-weather|none\n|upkeep\n|turn|11\n|\n|t:|1666792128\n|move|p1a: Mew|Cosmic Power|p1a: Mew\n|-boost|p1a: Mew|def|1\n|-boost|p1a: Mew|spd|1\n|move|p2a: Weavile|Knock Off|p1a: Mew\n|-supereffective|p1a: Mew\n|-damage|p1a: Mew|23\/100\n|\n|upkeep\n|turn|12\n|\n|t:|1666792130\n|move|p1a: Mew|Roost|p1a: Mew\n|-heal|p1a: Mew|73\/100\n|-singleturn|p1a: Mew|move: Roost\n|move|p2a: Weavile|Knock Off|p1a: Mew\n|-supereffective|p1a: Mew\n|-damage|p1a: Mew|52\/100\n|\n|-end|p2a: Weavile|move: Taunt\n|upkeep\n|turn|13\n|\n|t:|1666792133\n|switch|p2a: landorustherian|Landorus-Therian, M|52\/100\n|-ability|p2a: landorustherian|Intimidate|boost\n|-unboost|p1a: Mew|atk|1\n|move|p1a: Mew|Roost|p1a: Mew\n|-heal|p1a: Mew|100\/100\n|-singleturn|p1a: Mew|move: Roost\n|\n|-heal|p2a: landorustherian|58\/100|[from] item: Leftovers\n|-sideend|p1: LT94JE Allistair|move: Aurora Veil\n|upkeep\n|turn|14\n|\n|t:|1666792135\n|move|p1a: Mew|Taunt|p2a: landorustherian\n|-start|p2a: landorustherian|move: Taunt\n|cant|p2a: landorustherian|move: Taunt|Defog\n|\n|-heal|p2a: landorustherian|64\/100|[from] item: Leftovers\n|upkeep\n|turn|15\n|\n|t:|1666792137\n|move|p1a: Mew|Cosmic Power|p1a: Mew\n|-boost|p1a: Mew|def|1\n|-boost|p1a: Mew|spd|1\n|move|p2a: landorustherian|Earthquake|p1a: Mew\n|-damage|p1a: Mew|83\/100\n|\n|-heal|p2a: landorustherian|70\/100|[from] item: Leftovers\n|upkeep\n|turn|16\n|\n|t:|1666792140\n|move|p1a: Mew|Cosmic Power|p1a: Mew\n|-boost|p1a: Mew|def|1\n|-boost|p1a: Mew|spd|1\n|move|p2a: landorustherian|Earthquake|p1a: Mew\n|-damage|p1a: Mew|71\/100\n|\n|-heal|p2a: landorustherian|76\/100|[from] item: Leftovers\n|-end|p2a: landorustherian|move: Taunt\n|upkeep\n|turn|17\n|\n|t:|1666792142\n|move|p1a: Mew|Taunt|p2a: landorustherian\n|-start|p2a: landorustherian|move: Taunt\n|cant|p2a: landorustherian|move: Taunt|Defog\n|\n|-heal|p2a: landorustherian|82\/100|[from] item: Leftovers\n|upkeep\n|turn|18\n|\n|t:|1666792144\n|switch|p2a: rotomwash|Rotom-Wash|100\/100\n|move|p1a: Mew|Cosmic Power|p1a: Mew\n|-boost|p1a: Mew|def|1\n|-boost|p1a: Mew|spd|1\n|\n|upkeep\n|turn|19\n|\n|t:|1666792145\n|switch|p2a: landorustherian|Landorus-Therian, M|82\/100\n|-ability|p2a: landorustherian|Intimidate|boost\n|-unboost|p1a: Mew|atk|1\n|move|p1a: Mew|Stored Power|p2a: landorustherian\n|-damage|p2a: landorustherian|0 fnt\n|faint|p2a: landorustherian\n|\n|upkeep\n|\n|t:|1666792145\n|switch|p2a: Weavile|Weavile, M|100\/100\n|-activate|p2a: Weavile|move: Sticky Web\n|-unboost|p2a: Weavile|spe|1\n|-ability|p2a: Weavile|Pressure\n|turn|20\n|\n|t:|1666792148\n|move|p1a: Mew|Taunt|p2a: Weavile\n|-start|p2a: Weavile|move: Taunt\n|move|p2a: Weavile|Knock Off|p1a: Mew\n|-supereffective|p1a: Mew\n|-damage|p1a: Mew|46\/100\n|\n|upkeep\n|turn|21\n|\n|t:|1666792149\n|move|p1a: Mew|Roost|p1a: Mew\n|-heal|p1a: Mew|96\/100\n|-singleturn|p1a: Mew|move: Roost\n|move|p2a: Weavile|Knock Off|p1a: Mew\n|-supereffective|p1a: Mew\n|-damage|p1a: Mew|71\/100\n|\n|upkeep\n|turn|22\n|\n|t:|1666792152\n|move|p1a: Mew|Cosmic Power|p1a: Mew\n|-boost|p1a: Mew|def|1\n|-boost|p1a: Mew|spd|1\n|move|p2a: Weavile|Knock Off|p1a: Mew\n|-supereffective|p1a: Mew\n|-damage|p1a: Mew|48\/100\n|\n|-end|p2a: Weavile|move: Taunt\n|upkeep\n|turn|23\n|\n|t:|1666792154\n|move|p1a: Mew|Roost|p1a: Mew\n|-heal|p1a: Mew|98\/100\n|-singleturn|p1a: Mew|move: Roost\n|move|p2a: Weavile|Knock Off|p1a: Mew\n|-supereffective|p1a: Mew\n|-damage|p1a: Mew|79\/100\n|\n|upkeep\n|turn|24\n|\n|t:|1666792158\n|move|p1a: Mew|Taunt|p2a: Weavile\n|-start|p2a: Weavile|move: Taunt\n|move|p2a: Weavile|Knock Off|p1a: Mew\n|-supereffective|p1a: Mew\n|-damage|p1a: Mew|56\/100\n|\n|upkeep\n|turn|25\n|\n|t:|1666792161\n|move|p1a: Mew|Roost|p1a: Mew\n|-heal|p1a: Mew|100\/100\n|-singleturn|p1a: Mew|move: Roost\n|move|p2a: Weavile|Knock Off|p1a: Mew\n|-supereffective|p1a: Mew\n|-damage|p1a: Mew|79\/100\n|\n|upkeep\n|turn|26\n|\n|t:|1666792163\n|move|p1a: Mew|Cosmic Power|p1a: Mew\n|-boost|p1a: Mew|def|0\n|-boost|p1a: Mew|spd|0\n|move|p2a: Weavile|Knock Off|p1a: Mew\n|-supereffective|p1a: Mew\n|-damage|p1a: Mew|58\/100\n|\n|-end|p2a: Weavile|move: Taunt\n|upkeep\n|turn|27\n|\n|t:|1666792164\n|move|p1a: Mew|Taunt|p2a: Weavile\n|-start|p2a: Weavile|move: Taunt\n|move|p2a: Weavile|Knock Off|p1a: Mew\n|-supereffective|p1a: Mew\n|-damage|p1a: Mew|36\/100\n|\n|upkeep\n|turn|28\n|\n|t:|1666792166\n|move|p1a: Mew|Roost|p1a: Mew\n|-heal|p1a: Mew|86\/100\n|-singleturn|p1a: Mew|move: Roost\n|move|p2a: Weavile|Knock Off|p1a: Mew\n|-supereffective|p1a: Mew\n|-damage|p1a: Mew|64\/100\n|\n|upkeep\n|turn|29\n|\n|t:|1666792169\n|move|p1a: Mew|Roost|p1a: Mew\n|-heal|p1a: Mew|100\/100\n|-singleturn|p1a: Mew|move: Roost\n|move|p2a: Weavile|Knock Off|p1a: Mew\n|-supereffective|p1a: Mew\n|-damage|p1a: Mew|81\/100\n|\n|-end|p2a: Weavile|move: Taunt\n|upkeep\n|turn|30\n|\n|t:|1666792171\n|move|p1a: Mew|Taunt|p2a: Weavile\n|-start|p2a: Weavile|move: Taunt\n|move|p2a: Weavile|Knock Off|p1a: Mew\n|-supereffective|p1a: Mew\n|-damage|p1a: Mew|59\/100\n|\n|upkeep\n|turn|31\n|\n|t:|1666792173\n|move|p1a: Mew|Roost|p1a: Mew\n|-heal|p1a: Mew|100\/100\n|-singleturn|p1a: Mew|move: Roost\n|move|p2a: Weavile|Knock Off|p1a: Mew\n|-supereffective|p1a: Mew\n|-damage|p1a: Mew|81\/100\n|\n|upkeep\n|turn|32\n|\n|t:|1666792175\n|move|p1a: Mew|Cosmic Power|p1a: Mew\n|-boost|p1a: Mew|def|0\n|-boost|p1a: Mew|spd|0\n|move|p2a: Weavile|Knock Off|p1a: Mew\n|-supereffective|p1a: Mew\n|-damage|p1a: Mew|61\/100\n|\n|-end|p2a: Weavile|move: Taunt\n|upkeep\n|turn|33\n|\n|t:|1666792177\n|move|p1a: Mew|Roost|p1a: Mew\n|-heal|p1a: Mew|100\/100\n|-singleturn|p1a: Mew|move: Roost\n|move|p2a: Weavile|Knock Off|p1a: Mew\n|-supereffective|p1a: Mew\n|-damage|p1a: Mew|81\/100\n|\n|upkeep\n|turn|34\n|\n|t:|1666792179\n|move|p1a: Mew|Taunt|p2a: Weavile\n|-start|p2a: Weavile|move: Taunt\n|move|p2a: Weavile|Knock Off|p1a: Mew\n|-supereffective|p1a: Mew\n|-damage|p1a: Mew|58\/100\n|\n|upkeep\n|turn|35\n|\n|t:|1666792183\n|move|p1a: Mew|Roost|p1a: Mew\n|-heal|p1a: Mew|100\/100\n|-singleturn|p1a: Mew|move: Roost\n|move|p2a: Weavile|Knock Off|p1a: Mew\n|-supereffective|p1a: Mew\n|-damage|p1a: Mew|79\/100\n|\n|upkeep\n|turn|36\n|\n|t:|1666792185\n|move|p1a: Mew|Cosmic Power|p1a: Mew\n|-boost|p1a: Mew|def|0\n|-boost|p1a: Mew|spd|0\n|move|p2a: Weavile|Knock Off|p1a: Mew\n|-supereffective|p1a: Mew\n|-damage|p1a: Mew|58\/100\n|\n|-end|p2a: Weavile|move: Taunt\n|upkeep\n|turn|37\n|\n|t:|1666792187\n|move|p1a: Mew|Taunt|p2a: Weavile\n|-start|p2a: Weavile|move: Taunt\n|move|p2a: Weavile|Knock Off|p1a: Mew\n|-supereffective|p1a: Mew\n|-damage|p1a: Mew|38\/100\n|\n|upkeep\n|turn|38\n|\n|t:|1666792191\n|move|p1a: Mew|Roost|p1a: Mew\n|-heal|p1a: Mew|88\/100\n|-singleturn|p1a: Mew|move: Roost\n|move|p2a: Weavile|Knock Off|p1a: Mew\n|-supereffective|p1a: Mew\n|-damage|p1a: Mew|67\/100\n|\n|upkeep\n|turn|39\n|\n|t:|1666792195\n|move|p1a: Mew|Cosmic Power|p1a: Mew\n|-boost|p1a: Mew|def|0\n|-boost|p1a: Mew|spd|0\n|move|p2a: Weavile|Knock Off|p1a: Mew\n|-supereffective|p1a: Mew\n|-damage|p1a: Mew|43\/100\n|\n|-end|p2a: Weavile|move: Taunt\n|upkeep\n|turn|40\n|\n|t:|1666792198\n|move|p1a: Mew|Taunt|p2a: Weavile\n|-start|p2a: Weavile|move: Taunt\n|move|p2a: Weavile|Knock Off|p1a: Mew\n|-supereffective|p1a: Mew\n|-damage|p1a: Mew|22\/100\n|\n|upkeep\n|turn|41\n|\n|t:|1666792199\n|move|p1a: Mew|Roost|p1a: Mew\n|-heal|p1a: Mew|72\/100\n|-singleturn|p1a: Mew|move: Roost\n|move|p2a: Weavile|Knock Off|p1a: Mew\n|-supereffective|p1a: Mew\n|-damage|p1a: Mew|51\/100\n|\n|upkeep\n|turn|42\n|\n|t:|1666792201\n|move|p1a: Mew|Roost|p1a: Mew\n|-heal|p1a: Mew|100\/100\n|-singleturn|p1a: Mew|move: Roost\n|move|p2a: Weavile|Knock Off|p1a: Mew\n|-supereffective|p1a: Mew\n|-damage|p1a: Mew|78\/100\n|\n|-end|p2a: Weavile|move: Taunt\n|upkeep\n|turn|43\n|\n|t:|1666792204\n|move|p1a: Mew|Taunt|p2a: Weavile\n|-start|p2a: Weavile|move: Taunt\n|move|p2a: Weavile|Knock Off|p1a: Mew\n|-supereffective|p1a: Mew\n|-damage|p1a: Mew|57\/100\n|\n|upkeep\n|turn|44\n|\n|t:|1666792209\n|move|p1a: Mew|Roost|p1a: Mew\n|-heal|p1a: Mew|100\/100\n|-singleturn|p1a: Mew|move: Roost\n|move|p2a: Weavile|Knock Off|p1a: Mew\n|-supereffective|p1a: Mew\n|-damage|p1a: Mew|78\/100\n|\n|upkeep\n|turn|45\n|\n|t:|1666792213\n|move|p1a: Mew|Cosmic Power|p1a: Mew\n|-boost|p1a: Mew|def|0\n|-boost|p1a: Mew|spd|0\n|move|p2a: Weavile|Knock Off|p1a: Mew\n|-supereffective|p1a: Mew\n|-damage|p1a: Mew|58\/100\n|\n|-end|p2a: Weavile|move: Taunt\n|upkeep\n|turn|46\n|\n|t:|1666792216\n|move|p1a: Mew|Roost|p1a: Mew\n|-heal|p1a: Mew|100\/100\n|-singleturn|p1a: Mew|move: Roost\n|move|p2a: Weavile|Knock Off|p1a: Mew\n|-supereffective|p1a: Mew\n|-damage|p1a: Mew|81\/100\n|\n|upkeep\n|turn|47\n|\n|t:|1666792218\n|move|p1a: Mew|Taunt|p2a: Weavile\n|-start|p2a: Weavile|move: Taunt\n|move|p2a: Weavile|Knock Off|p1a: Mew\n|-supereffective|p1a: Mew\n|-damage|p1a: Mew|59\/100\n|\n|upkeep\n|turn|48\n|\n|t:|1666792221\n|move|p1a: Mew|Roost|p1a: Mew\n|-heal|p1a: Mew|100\/100\n|-singleturn|p1a: Mew|move: Roost\n|move|p2a: Weavile|Knock Off|p1a: Mew\n|-supereffective|p1a: Mew\n|-damage|p1a: Mew|79\/100\n|\n|upkeep\n|turn|49\n|\n|t:|1666792223\n|move|p1a: Mew|Stored Power|p2a: Weavile\n|-immune|p2a: Weavile\n|-activate|p2a: Weavile|move: Struggle\n|move|p2a: Weavile|Struggle|p1a: Mew\n|-damage|p1a: Mew|73\/100\n|-damage|p2a: Weavile|76\/100|[from] recoil\n|\n|-end|p2a: Weavile|move: Taunt\n|upkeep\n|turn|50\n|\n|t:|1666792226\n|move|p1a: Mew|Stored Power|p2a: Weavile\n|-immune|p2a: Weavile\n|-activate|p2a: Weavile|move: Struggle\n|move|p2a: Weavile|Struggle|p1a: Mew\n|-damage|p1a: Mew|68\/100\n|-damage|p2a: Weavile|51\/100|[from] recoil\n|\n|upkeep\n|turn|51\n|\n|t:|1666792229\n|move|p1a: Mew|Stored Power|p2a: Weavile\n|-immune|p2a: Weavile\n|-activate|p2a: Weavile|move: Struggle\n|move|p2a: Weavile|Struggle|p1a: Mew\n|-damage|p1a: Mew|62\/100\n|-damage|p2a: Weavile|26\/100|[from] recoil\n|\n|upkeep\n|turn|52\n|\n|t:|1666792231\n|move|p1a: Mew|Stored Power|p2a: Weavile\n|-immune|p2a: Weavile\n|-activate|p2a: Weavile|move: Struggle\n|move|p2a: Weavile|Struggle|p1a: Mew\n|-damage|p1a: Mew|56\/100\n|-damage|p2a: Weavile|1\/100|[from] recoil\n|\n|upkeep\n|turn|53\n|\n|t:|1666792234\n|move|p1a: Mew|Cosmic Power|p1a: Mew\n|-boost|p1a: Mew|def|0\n|-boost|p1a: Mew|spd|0\n|-activate|p2a: Weavile|move: Struggle\n|move|p2a: Weavile|Struggle|p1a: Mew\n|-damage|p1a: Mew|50\/100\n|-damage|p2a: Weavile|0 fnt|[from] recoil\n|faint|p2a: Weavile\n|\n|upkeep\n|\n|t:|1666792234\n|switch|p2a: rotomwash|Rotom-Wash|100\/100\n|turn|54\n|\n|t:|1666792236\n|move|p1a: Mew|Stored Power|p2a: rotomwash\n|-damage|p2a: rotomwash|0 fnt\n|faint|p2a: rotomwash\n|\n|upkeep\n|\n|t:|1666792236\n|switch|p2a: Heatran|Heatran, M|94\/100\n|-item|p2a: Heatran|Air Balloon\n|turn|55\n|\n|t:|1666792241\n|move|p1a: Mew|Stored Power|p2a: Heatran\n|-resisted|p2a: Heatran\n|-damage|p2a: Heatran|0 fnt\n|-enditem|p2a: Heatran|Air Balloon\n|faint|p2a: Heatran\n|\n|upkeep\n|\n|t:|1666792241\n|switch|p2a: Tangrowth|Tangrowth, M|100\/100\n|-activate|p2a: Tangrowth|move: Sticky Web\n|-unboost|p2a: Tangrowth|spe|1\n|turn|56\n|\n|t:|1666792244\n|move|p1a: Mew|Stored Power|p2a: Tangrowth\n|-crit|p2a: Tangrowth\n|-damage|p2a: Tangrowth|0 fnt\n|faint|p2a: Tangrowth\n|\n|win|LT94JE Allistair\n|raw|LT94JE Allistair's rating: 1550 &rarr; <strong>1574<\/strong><br \/>(+24 for winning)\n|raw|minimax_ai's rating: 1619 &rarr; <strong>1595<\/strong><br \/>(-24 for losing)\n|c|\u2606minimax_ai|gg\n","uploadtime":1666792246,"views":4,"p1id":"lt94jeallistair","p2id":"minimaxai","formatid":"gen8ou","rating":1574,"private":0,"password":null}