{"id":"gen8nationaldex-1693512049","p1":"DaUnderrated","p2":"Shinjou Akane","format":"gen8nationaldex","log":"|j|\u2606DaUnderrated\n|j|\u2606Shinjou Akane\n|t:|1666615243\n|gametype|singles\n|player|p1|DaUnderrated|iris|1285\n|player|p2|Shinjou Akane|nurse|1293\n|teamsize|p1|6\n|teamsize|p2|6\n|gen|8\n|tier|[Gen 8] National Dex\n|rated|\n|rule|HP Percentage Mod: HP is shown in percentages\n|rule|Endless Battle Clause: Forcing endless battles is banned\n|rule|OHKO Clause: OHKO moves are banned\n|rule|Evasion Moves Clause: Evasion moves are banned\n|rule|Species Clause: Limit one of each Pok\u00e9mon\n|rule|Dynamax Clause: You cannot dynamax\n|rule|Sleep Clause Mod: Limit one foe put to sleep\n|clearpoke\n|poke|p1|Pidgeot, F|\n|poke|p1|Corviknight, M|\n|poke|p1|Kyurem|\n|poke|p1|Tapu Lele|\n|poke|p1|Aegislash, M|\n|poke|p1|Gastrodon, F|\n|poke|p2|Lopunny, F|\n|poke|p2|Garchomp, M|\n|poke|p2|Greninja, M|\n|poke|p2|Ferrothorn, M|\n|poke|p2|Zapdos|\n|poke|p2|Victini|\n|teampreview\n|\n|t:|1666615251\n|start\n|switch|p1a: Kyurem|Kyurem|100\/100\n|switch|p2a: Victini|Victini|100\/100\n|-ability|p1a: Kyurem|Pressure\n|turn|1\n|\n|t:|1666615261\n|move|p2a: Victini|V-create|p1a: Kyurem\n|-damage|p1a: Kyurem|23\/100\n|-unboost|p2a: Victini|spe|1\n|-unboost|p2a: Victini|def|1\n|-unboost|p2a: Victini|spd|1\n|move|p1a: Kyurem|Substitute|p1a: Kyurem\n|-fail|p1a: Kyurem|move: Substitute|[weak]\n|\n|upkeep\n|turn|2\n|\n|t:|1666615270\n|switch|p2a: Ferrothorn|Ferrothorn, M|100\/100\n|move|p1a: Kyurem|Earth Power|p2a: Ferrothorn\n|-damage|p2a: Ferrothorn|81\/100\n|\n|-heal|p2a: Ferrothorn|87\/100|[from] item: Leftovers\n|upkeep\n|turn|3\n|\n|t:|1666615277\n|switch|p1a: Corviknight|Corviknight, M|100\/100\n|-ability|p1a: Corviknight|Pressure\n|move|p2a: Ferrothorn|Thunder Wave|p1a: Corviknight\n|-status|p1a: Corviknight|par\n|\n|-heal|p2a: Ferrothorn|93\/100|[from] item: Leftovers\n|upkeep\n|turn|4\n|\n|t:|1666615282\n|move|p1a: Corviknight|Body Press|p2a: Ferrothorn\n|-supereffective|p2a: Ferrothorn\n|-damage|p2a: Ferrothorn|55\/100\n|-damage|p1a: Corviknight|88\/100 par|[from] ability: Iron Barbs|[of] p2a: Ferrothorn\n|move|p2a: Ferrothorn|Stealth Rock|p1a: Corviknight\n|-sidestart|p1: DaUnderrated|move: Stealth Rock\n|\n|-heal|p2a: Ferrothorn|62\/100|[from] item: Leftovers\n|upkeep\n|turn|5\n|\n|t:|1666615286\n|switch|p2a: Zapdos|Zapdos|100\/100\n|move|p1a: Corviknight|Defog|p2a: Zapdos\n|-unboost|p2a: Zapdos|evasion|1\n|-sideend|p1: DaUnderrated|Stealth Rock|[from] move: Defog|[of] p1a: Corviknight\n|\n|upkeep\n|turn|6\n|\n|t:|1666615290\n|switch|p1a: Gastrodon|Gastrodon, F|100\/100\n|move|p2a: Zapdos|Volt Switch|p1a: Gastrodon\n|-immune|p1a: Gastrodon\n|\n|upkeep\n|turn|7\n|\n|t:|1666615302\n|switch|p2a: Ferrothorn|Ferrothorn, M|62\/100\n|move|p1a: Gastrodon|Toxic|p2a: Ferrothorn\n|-immune|p2a: Ferrothorn\n|\n|-heal|p2a: Ferrothorn|68\/100|[from] item: Leftovers\n|upkeep\n|turn|8\n|\n|t:|1666615307\n|switch|p1a: Corviknight|Corviknight, M|88\/100 par\n|-ability|p1a: Corviknight|Pressure\n|move|p2a: Ferrothorn|Leech Seed|p1a: Corviknight|[miss]\n|-miss|p2a: Ferrothorn|p1a: Corviknight\n|\n|-heal|p2a: Ferrothorn|74\/100|[from] item: Leftovers\n|upkeep\n|turn|9\n|\n|t:|1666615314\n|move|p1a: Corviknight|Body Press|p2a: Ferrothorn\n|-supereffective|p2a: Ferrothorn\n|-damage|p2a: Ferrothorn|33\/100\n|-damage|p1a: Corviknight|75\/100 par|[from] ability: Iron Barbs|[of] p2a: Ferrothorn\n|move|p2a: Ferrothorn|Leech Seed|p1a: Corviknight\n|-start|p1a: Corviknight|move: Leech Seed\n|\n|-heal|p2a: Ferrothorn|39\/100|[from] item: Leftovers\n|-damage|p1a: Corviknight|63\/100 par|[from] Leech Seed|[of] p2a: Ferrothorn\n|-heal|p2a: Ferrothorn|53\/100|[silent]\n|upkeep\n|turn|10\n|\n|t:|1666615319\n|switch|p2a: Victini|Victini|100\/100\n|move|p1a: Corviknight|Defog|p2a: Victini\n|-unboost|p2a: Victini|evasion|1\n|\n|-damage|p1a: Corviknight|50\/100 par|[from] Leech Seed|[of] p2a: Victini\n|upkeep\n|turn|11\n|\n|t:|1666615324\n|switch|p1a: Gastrodon|Gastrodon, F|100\/100\n|move|p2a: Victini|U-turn|p1a: Gastrodon\n|-damage|p1a: Gastrodon|79\/100\n|\n|t:|1666615329\n|switch|p2a: Ferrothorn|Ferrothorn, M|53\/100|[from]move: U-turn\n|\n|-heal|p1a: Gastrodon|85\/100|[from] item: Leftovers\n|-heal|p2a: Ferrothorn|59\/100|[from] item: Leftovers\n|upkeep\n|turn|12\n|\n|t:|1666615333\n|move|p1a: Gastrodon|Earth Power|p2a: Ferrothorn\n|-damage|p2a: Ferrothorn|39\/100\n|move|p2a: Ferrothorn|Leech Seed|p1a: Gastrodon\n|-start|p1a: Gastrodon|move: Leech Seed\n|\n|-heal|p1a: Gastrodon|91\/100|[from] item: Leftovers\n|-heal|p2a: Ferrothorn|46\/100|[from] item: Leftovers\n|-damage|p1a: Gastrodon|78\/100|[from] Leech Seed|[of] p2a: Ferrothorn\n|-heal|p2a: Ferrothorn|61\/100|[silent]\n|upkeep\n|turn|13\n|\n|t:|1666615340\n|switch|p1a: ssj3|Pidgeot, F|100\/100\n|move|p2a: Ferrothorn|Stealth Rock|p1a: ssj3\n|-sidestart|p1: DaUnderrated|move: Stealth Rock\n|\n|-heal|p2a: Ferrothorn|67\/100|[from] item: Leftovers\n|upkeep\n|turn|14\n|\n|t:|1666615346\n|switch|p2a: Zapdos|Zapdos|100\/100\n|detailschange|p1a: ssj3|Pidgeot-Mega, F\n|-mega|p1a: ssj3|Pidgeot|Pidgeotite\n|move|p1a: ssj3|Heat Wave|p2a: Zapdos\n|-crit|p2a: Zapdos\n|-damage|p2a: Zapdos|54\/100\n|\n|upkeep\n|turn|15\n|\n|t:|1666615353\n|move|p1a: ssj3|Hyper Beam|p2a: Zapdos\n|-damage|p2a: Zapdos|0 fnt\n|-mustrecharge|p1a: ssj3\n|faint|p2a: Zapdos\n|\n|upkeep\n|\n|t:|1666615359\n|switch|p2a: Greninja|Greninja, M|100\/100\n|turn|16\n|\n|t:|1666615362\n|move|p2a: Greninja|Hydro Pump|p1a: ssj3\n|-damage|p1a: ssj3|0 fnt\n|faint|p1a: ssj3\n|-activate|p2a: Greninja|ability: Battle Bond\n|detailschange|p2a: Greninja|Greninja-Ash, M\n|\n|upkeep\n|\n|t:|1666615367\n|switch|p1a: Tapu Lele|Tapu Lele|100\/100\n|-damage|p1a: Tapu Lele|88\/100|[from] Stealth Rock\n|-fieldstart|move: Psychic Terrain|[from] ability: Psychic Surge|[of] p1a: Tapu Lele\n|turn|17\n|\n|t:|1666615377\n|switch|p2a: Victini|Victini|100\/100\n|move|p1a: Tapu Lele|Moonblast|p2a: Victini\n|-resisted|p2a: Victini\n|-damage|p2a: Victini|77\/100\n|-unboost|p2a: Victini|spa|1\n|\n|upkeep\n|turn|18\n|\n|t:|1666615383\n|switch|p1a: Gastrodon|Gastrodon, F|78\/100\n|-damage|p1a: Gastrodon|72\/100|[from] Stealth Rock\n|move|p2a: Victini|V-create|p1a: Gastrodon\n|-resisted|p1a: Gastrodon\n|-damage|p1a: Gastrodon|28\/100\n|-unboost|p2a: Victini|spe|1\n|-unboost|p2a: Victini|def|1\n|-unboost|p2a: Victini|spd|1\n|\n|-heal|p1a: Gastrodon|34\/100|[from] item: Leftovers\n|upkeep\n|turn|19\n|\n|t:|1666615392\n|move|p2a: Victini|V-create|p1a: Gastrodon\n|-resisted|p1a: Gastrodon\n|-damage|p1a: Gastrodon|0 fnt\n|-unboost|p2a: Victini|spe|1\n|-unboost|p2a: Victini|def|1\n|-unboost|p2a: Victini|spd|1\n|faint|p1a: Gastrodon\n|\n|upkeep\n|\n|t:|1666615415\n|switch|p1a: Kyurem|Kyurem|23\/100\n|-ability|p1a: Kyurem|Pressure\n|turn|20\n|c|\u2606DaUnderrated|!dt vcreate\n|raw|<ul class=\"utilichart\"><li class=\"result\"><span class=\"col movenamecol\"><a href=\"https:\/\/dex.pokemonshowdown.com\/moves\/vcreate\">V-create<\/a><\/span> <span class=\"col typecol\"><img src=\"\/\/play.pokemonshowdown.com\/sprites\/types\/Fire.png\" alt=\"Fire\" width=\"32\" height=\"14\"><img src=\"\/\/play.pokemonshowdown.com\/sprites\/categories\/Physical.png\" alt=\"Physical\" width=\"32\" height=\"14\"><\/span> <span class=\"col labelcol\"><em>Power<\/em><br>180<\/span> <span class=\"col widelabelcol\"><em>Accuracy<\/em><br>95%<\/span> <span class=\"col pplabelcol\"><em>PP<\/em><br>8<\/span> <span class=\"col movedesccol\">Lowers the user's Defense, Sp. Def, Speed by 1.<\/span> <\/li><li style=\"clear:both\"><\/li><\/ul>\n|raw|<font size=\"1\"><font color=\"#686868\">Priority:<\/font> 0&nbsp;|&ThickSpace;<font color=\"#686868\">Gen:<\/font> 5&nbsp;|&ThickSpace;&#10003; Contact&nbsp;|&ThickSpace;<font color=\"#686868\">Z-Power:<\/font> 220&nbsp;|&ThickSpace;<font color=\"#686868\">Dynamax Power:<\/font> 150&nbsp;|&ThickSpace;<font color=\"#686868\">Target:<\/font> One Adjacent Pok\u00e9mon<\/font>\n\n|\n|t:|1666615433\n|switch|p2a: Ferrothorn|Ferrothorn, M|67\/100\n|move|p1a: Kyurem|Roost|p1a: Kyurem\n|-heal|p1a: Kyurem|73\/100\n|-singleturn|p1a: Kyurem|move: Roost\n|\n|-heal|p2a: Ferrothorn|73\/100|[from] item: Leftovers\n|upkeep\n|turn|21\n|\n|t:|1666615441\n|move|p1a: Kyurem|Substitute|p1a: Kyurem\n|-start|p1a: Kyurem|Substitute\n|-damage|p1a: Kyurem|48\/100\n|move|p2a: Ferrothorn|Power Whip|p1a: Kyurem|[miss]\n|-miss|p2a: Ferrothorn|p1a: Kyurem\n|\n|-heal|p2a: Ferrothorn|79\/100|[from] item: Leftovers\n|-fieldend|move: Psychic Terrain\n|upkeep\n|turn|22\n|\n|t:|1666615452\n|switch|p2a: Greninja|Greninja-Ash, M|100\/100\n|move|p1a: Kyurem|Roost|p1a: Kyurem\n|-heal|p1a: Kyurem|98\/100\n|-singleturn|p1a: Kyurem|move: Roost\n|\n|upkeep\n|turn|23\n|\n|t:|1666615457\n|move|p2a: Greninja|Dark Pulse|p1a: Kyurem\n|-end|p1a: Kyurem|Substitute\n|move|p1a: Kyurem|Freeze-Dry|p2a: Greninja\n|-supereffective|p2a: Greninja\n|-damage|p2a: Greninja|0 fnt\n|faint|p2a: Greninja\n|\n|upkeep\n|\n|t:|1666615459\n|switch|p2a: Lopunny|Lopunny, F, shiny|100\/100\n|turn|24\n|\n|t:|1666615467\n|switch|p1a: Tapu Lele|Tapu Lele|88\/100\n|-damage|p1a: Tapu Lele|76\/100|[from] Stealth Rock\n|-fieldstart|move: Psychic Terrain|[from] ability: Psychic Surge|[of] p1a: Tapu Lele\n|detailschange|p2a: Lopunny|Lopunny-Mega, F, shiny\n|-mega|p2a: Lopunny|Lopunny|Lopunnite\n|move|p2a: Lopunny|Close Combat|p1a: Tapu Lele\n|-resisted|p1a: Tapu Lele\n|-damage|p1a: Tapu Lele|52\/100\n|-unboost|p2a: Lopunny|def|1\n|-unboost|p2a: Lopunny|spd|1\n|\n|upkeep\n|turn|25\n|\n|t:|1666615474\n|switch|p2a: Victini|Victini|77\/100\n|move|p1a: Tapu Lele|Psyshock|p2a: Victini\n|-resisted|p2a: Victini\n|-damage|p2a: Victini|49\/100\n|\n|upkeep\n|turn|26\n|\n|t:|1666615483\n|switch|p1a: Kyurem|Kyurem|98\/100\n|-ability|p1a: Kyurem|Pressure\n|move|p2a: Victini|V-create|p1a: Kyurem\n|-damage|p1a: Kyurem|24\/100\n|-unboost|p2a: Victini|spe|1\n|-unboost|p2a: Victini|def|1\n|-unboost|p2a: Victini|spd|1\n|\n|upkeep\n|turn|27\n|\n|t:|1666615487\n|move|p1a: Kyurem|Earth Power|p2a: Victini\n|-supereffective|p2a: Victini\n|-damage|p2a: Victini|0 fnt\n|faint|p2a: Victini\n|\n|upkeep\n|\n|t:|1666615489\n|switch|p2a: Lopunny|Lopunny-Mega, F, shiny|100\/100\n|turn|28\n|\n|t:|1666615495\n|move|p2a: Lopunny|Frustration|p1a: Kyurem\n|-damage|p1a: Kyurem|0 fnt\n|faint|p1a: Kyurem\n|\n|-fieldend|move: Psychic Terrain\n|upkeep\n|\n|t:|1666615503\n|switch|p1a: Tapu Lele|Tapu Lele|52\/100\n|-damage|p1a: Tapu Lele|40\/100|[from] Stealth Rock\n|-fieldstart|move: Psychic Terrain|[from] ability: Psychic Surge|[of] p1a: Tapu Lele\n|turn|29\n|\n|t:|1666615513\n|switch|p2a: Ferrothorn|Ferrothorn, M|79\/100\n|move|p1a: Tapu Lele|Psyshock|p2a: Ferrothorn\n|-resisted|p2a: Ferrothorn\n|-damage|p2a: Ferrothorn|60\/100\n|\n|-heal|p2a: Ferrothorn|66\/100|[from] item: Leftovers\n|upkeep\n|turn|30\n|\n|t:|1666615517\n|switch|p1a: Aegislash|Aegislash, M|100\/100\n|-damage|p1a: Aegislash|94\/100|[from] Stealth Rock\n|move|p2a: Ferrothorn|Leech Seed|p1a: Aegislash\n|-start|p1a: Aegislash|move: Leech Seed\n|\n|-heal|p2a: Ferrothorn|72\/100|[from] item: Leftovers\n|-damage|p1a: Aegislash|82\/100|[from] Leech Seed|[of] p2a: Ferrothorn\n|-heal|p2a: Ferrothorn|82\/100|[silent]\n|upkeep\n|turn|31\n|\n|t:|1666615521\n|switch|p1a: Corviknight|Corviknight, M|50\/100 par\n|-damage|p1a: Corviknight|38\/100 par|[from] Stealth Rock\n|-ability|p1a: Corviknight|Pressure\n|switch|p2a: Garchomp|Garchomp, M|100\/100\n|\n|upkeep\n|turn|32\n|\n|t:|1666615524\n|move|p2a: Garchomp|Swords Dance|p2a: Garchomp\n|-boost|p2a: Garchomp|atk|2\n|move|p1a: Corviknight|Defog|p2a: Garchomp\n|-unboost|p2a: Garchomp|evasion|1\n|-sideend|p1: DaUnderrated|Stealth Rock|[from] move: Defog|[of] p1a: Corviknight\n|-fieldend|move: Psychic Terrain\n|\n|upkeep\n|turn|33\n|\n|t:|1666615527\n|move|p2a: Garchomp|Scale Shot|p1a: Corviknight\n|-resisted|p1a: Corviknight\n|-damage|p1a: Corviknight|30\/100 par\n|-resisted|p1a: Corviknight\n|-damage|p1a: Corviknight|23\/100 par\n|-hitcount|p1a: Corviknight|2\n|-unboost|p2a: Garchomp|def|1\n|-boost|p2a: Garchomp|spe|1\n|cant|p1a: Corviknight|par\n|\n|upkeep\n|turn|34\n|\n|t:|1666615531\n|move|p2a: Garchomp|Fire Fang|p1a: Corviknight\n|-supereffective|p1a: Corviknight\n|-damage|p1a: Corviknight|0 fnt\n|-damage|p2a: Garchomp|84\/100|[from] item: Rocky Helmet|[of] p1a: Corviknight\n|faint|p1a: Corviknight\n|\n|upkeep\n|\n|t:|1666615536\n|switch|p1a: Aegislash|Aegislash, M|82\/100\n|turn|35\n|\n|t:|1666615547\n|move|p2a: Garchomp|Earthquake|p1a: Aegislash\n|-supereffective|p1a: Aegislash\n|-damage|p1a: Aegislash|0 fnt\n|faint|p1a: Aegislash\n|\n|upkeep\n|\n|t:|1666615551\n|switch|p1a: Tapu Lele|Tapu Lele|40\/100\n|-fieldstart|move: Psychic Terrain|[from] ability: Psychic Surge|[of] p1a: Tapu Lele\n|turn|36\n|\n|t:|1666615555\n|move|p2a: Garchomp|Earthquake|p1a: Tapu Lele\n|-damage|p1a: Tapu Lele|0 fnt\n|faint|p1a: Tapu Lele\n|\n|win|Shinjou Akane\n|raw|DaUnderrated's rating: 1285 &rarr; <strong>1261<\/strong><br \/>(-24 for losing)\n|raw|Shinjou Akane's rating: 1293 &rarr; <strong>1317<\/strong><br \/>(+24 for winning)\n|l|\u2606DaUnderrated\n||Ladder isn't responding, score probably updated but might not have (Request timeout).\n","uploadtime":1666615560,"views":10,"p1id":"daunderrated","p2id":"shinjouakane","formatid":"gen8nationaldex","rating":1261,"private":0,"password":null}