{"id":"gen8ou-1671050812","p1":"GORAN EL DRACO","p2":"knexhawk2","format":"gen8ou","log":"|j|\u2606GORAN EL DRACO\n|j|\u2606knexhawk2\n|t:|1663891086\n|gametype|singles\n|player|p1|GORAN EL DRACO|harlequin|1668\n|player|p2|knexhawk2|red-masters|1644\n|teamsize|p1|6\n|teamsize|p2|6\n|gen|8\n|tier|[Gen 8] OU\n|rated|\n|rule|Sleep Clause Mod: Limit one foe put to sleep\n|rule|Species Clause: Limit one of each Pok\u00e9mon\n|rule|OHKO Clause: OHKO moves are banned\n|rule|Evasion Items Clause: Evasion items are banned\n|rule|Evasion Moves Clause: Evasion moves are banned\n|rule|Endless Battle Clause: Forcing endless battles is banned\n|rule|HP Percentage Mod: HP is shown in percentages\n|rule|Dynamax Clause: You cannot dynamax\n|clearpoke\n|poke|p1|Obstagoon, M|\n|poke|p1|Heatran, M|\n|poke|p1|Landorus-Therian, M|\n|poke|p1|Volcanion|\n|poke|p1|Tapu Lele|\n|poke|p1|Clefable, F|\n|poke|p2|Skarmory, M|\n|poke|p2|Tyranitar, M|\n|poke|p2|Excadrill, F|\n|poke|p2|Clefable, F|\n|poke|p2|Mandibuzz, F|\n|poke|p2|Aegislash, F|\n|teampreview\n|inactive|Battle timer is ON: inactive players will automatically lose when time's up. (requested by GORAN EL DRACO)\n|j| pelotonian\n|\n|t:|1663891095\n|start\n|switch|p1a: Volcanion|Volcanion|100\/100\n|switch|p2a: Excadrill|Excadrill, F|100\/100\n|turn|1\n|\n|t:|1663891100\n|switch|p2a: Skarmory|Skarmory, M|100\/100\n|switch|p1a: Landorus|Landorus-Therian, M|100\/100\n|-ability|p1a: Landorus|Intimidate|boost\n|-unboost|p2a: Skarmory|atk|1\n|\n|upkeep\n|turn|2\n|\n|t:|1663891104\n|move|p1a: Landorus|Stealth Rock|p2a: Skarmory\n|-sidestart|p2: knexhawk2|move: Stealth Rock\n|move|p2a: Skarmory|Spikes|p1a: Landorus\n|-sidestart|p1: GORAN EL DRACO|Spikes\n|\n|upkeep\n|turn|3\n|\n|t:|1663891107\n|move|p1a: Landorus|U-turn|p2a: Skarmory\n|-resisted|p2a: Skarmory\n|-damage|p2a: Skarmory|97\/100\n|-damage|p1a: Landorus|84\/100|[from] item: Rocky Helmet|[of] p2a: Skarmory\n|\n|t:|1663891112\n|switch|p1a: Volcanion|Volcanion|100\/100|[from]move: U-turn\n|-damage|p1a: Volcanion|88\/100|[from] Spikes\n|move|p2a: Skarmory|Spikes|p1a: Volcanion\n|-sidestart|p1: GORAN EL DRACO|Spikes\n|\n|upkeep\n|turn|4\n|\n|t:|1663891114\n|switch|p2a: Clefable|Clefable, F|100\/100\n|move|p1a: Volcanion|Steam Eruption|p2a: Clefable\n|-damage|p2a: Clefable|11\/100\n|-status|p2a: Clefable|brn\n|\n|-heal|p2a: Clefable|17\/100 brn|[from] item: Leftovers\n|upkeep\n|turn|5\n|\n|t:|1663891120\n|move|p1a: Volcanion|Steam Eruption|p2a: Clefable\n|-damage|p2a: Clefable|0 fnt\n|faint|p2a: Clefable\n|\n|upkeep\n|\n|t:|1663891121\n|switch|p2a: Excadrill|Excadrill, F|100\/100\n|-damage|p2a: Excadrill|97\/100|[from] Stealth Rock\n|turn|6\n|\n|t:|1663891123\n|switch|p1a: Landorus|Landorus-Therian, M|84\/100\n|-ability|p1a: Landorus|Intimidate|boost\n|-unboost|p2a: Excadrill|atk|1\n|move|p2a: Excadrill|Rock Slide|p1a: Landorus\n|-damage|p1a: Landorus|60\/100\n|-damage|p2a: Excadrill|87\/100|[from] item: Life Orb\n|\n|upkeep\n|turn|7\n|\n|t:|1663891127\n|switch|p2a: Mandibuzz|Mandibuzz, F|100\/100\n|move|p1a: Landorus|U-turn|p2a: Mandibuzz\n|-damage|p2a: Mandibuzz|85\/100\n|\n|t:|1663891131\n|switch|p1a: Volcanion|Volcanion|88\/100|[from]move: U-turn\n|-damage|p1a: Volcanion|72\/100|[from] Spikes\n|\n|upkeep\n|turn|8\n|\n|t:|1663891134\n|move|p1a: Volcanion|Steam Eruption|p2a: Mandibuzz\n|-damage|p2a: Mandibuzz|28\/100\n|-status|p2a: Mandibuzz|brn\n|move|p2a: Mandibuzz|Foul Play|p1a: Volcanion\n|-damage|p1a: Volcanion|58\/100\n|\n|-damage|p2a: Mandibuzz|21\/100 brn|[from] brn\n|upkeep\n|turn|9\n|\n|t:|1663891137\n|move|p1a: Volcanion|Steam Eruption|p2a: Mandibuzz\n|-damage|p2a: Mandibuzz|0 fnt\n|faint|p2a: Mandibuzz\n|\n|upkeep\n|\n|t:|1663891147\n|switch|p2a: Aegislash|Aegislash, F|100\/100\n|-damage|p2a: Aegislash|95\/100|[from] Stealth Rock\n|turn|10\n|\n|t:|1663891156\n|switch|p1a: Obstagoon|Obstagoon, M|100\/100\n|-damage|p1a: Obstagoon|84\/100|[from] Spikes\n|-formechange|p2a: Aegislash|Aegislash-Blade||[from] ability: Stance Change\n|move|p2a: Aegislash|Flash Cannon|p1a: Obstagoon\n|-damage|p1a: Obstagoon|0 fnt\n|faint|p1a: Obstagoon\n|\n|upkeep\n|\n|t:|1663891159\n|switch|p1a: Volcanion|Volcanion|58\/100\n|-damage|p1a: Volcanion|42\/100|[from] Spikes\n|turn|11\n|\n|t:|1663891161\n|switch|p2a: Tyranitar|Tyranitar, M|100\/100\n|-damage|p2a: Tyranitar|88\/100|[from] Stealth Rock\n|-weather|Sandstorm|[from] ability: Sand Stream|[of] p2a: Tyranitar\n|move|p1a: Volcanion|Steam Eruption|p2a: Tyranitar\n|-supereffective|p2a: Tyranitar\n|-damage|p2a: Tyranitar|0 fnt\n|faint|p2a: Tyranitar\n|\n|-weather|Sandstorm|[upkeep]\n|-damage|p1a: Volcanion|36\/100|[from] Sandstorm\n|upkeep\n|\n|t:|1663891163\n|switch|p2a: Excadrill|Excadrill, F|87\/100\n|-damage|p2a: Excadrill|84\/100|[from] Stealth Rock\n|turn|12\n|\n|t:|1663891169\n|move|p2a: Excadrill|Swords Dance|p2a: Excadrill\n|-boost|p2a: Excadrill|atk|2\n|move|p1a: Volcanion|Steam Eruption|p2a: Excadrill\n|-supereffective|p2a: Excadrill\n|-damage|p2a: Excadrill|0 fnt\n|faint|p2a: Excadrill\n|\n|-weather|Sandstorm|[upkeep]\n|-damage|p1a: Volcanion|30\/100|[from] Sandstorm\n|upkeep\n|\n|t:|1663891172\n|switch|p2a: Aegislash|Aegislash, F|95\/100\n|-damage|p2a: Aegislash|89\/100|[from] Stealth Rock\n|turn|13\n|-message|knexhawk2 forfeited.\n|\n|win|GORAN EL DRACO\n|raw|GORAN EL DRACO's rating: 1668 &rarr; <strong>1687<\/strong><br \/>(+19 for winning)\n|raw|knexhawk2's rating: 1644 &rarr; <strong>1625<\/strong><br \/>(-19 for losing)\n|l|\u2606knexhawk2\n|l| pelotonian\n||Ladder isn't responding, score probably updated but might not have (Request timeout).\n","uploadtime":1663891189,"views":56,"p1id":"goraneldraco","p2id":"knexhawk2","formatid":"gen8ou","rating":1625,"private":0,"password":null}