{"id":"gen8lc-1671431700","p1":"lys(\u25e6#\u25e6)ica","p2":"xasahbae","format":"gen8lc","log":"|j|\u203dlys(\u25e6#\u25e6)ica\n|j|\u2606xasahbae\n|inactive|Battle timer is ON: inactive players will automatically lose when time's up.\n|t:|1664267838\n|gametype|singles\n|player|p1|lys(\u25e6#\u25e6)ica|may-masters3|\n|player|p2|xasahbae|clerkf|\n|teamsize|p1|6\n|teamsize|p2|6\n|gen|8\n|tier|[Gen 8] LC\n|rated|Tournament battle\n|rule|Sleep Clause Mod: Limit one foe put to sleep\n|rule|Species Clause: Limit one of each Pok\u00e9mon\n|rule|OHKO Clause: OHKO moves are banned\n|rule|Evasion Items Clause: Evasion items are banned\n|rule|Evasion Moves Clause: Evasion moves are banned\n|rule|Endless Battle Clause: Forcing endless battles is banned\n|rule|HP Percentage Mod: HP is shown in percentages\n|rule|Dynamax Clause: You cannot dynamax\n|clearpoke\n|poke|p1|Mienfoo, L5, M|\n|poke|p1|Pawniard, L5, F|\n|poke|p1|Mareanie, L5, M|\n|poke|p1|Abra, L5, M|\n|poke|p1|Diglett, L5, M|\n|poke|p1|Porygon, L5|\n|poke|p2|Ponyta, L5, F|\n|poke|p2|Onix, L5, M|\n|poke|p2|Grookey, L5, M|\n|poke|p2|Pawniard, L5, M|\n|poke|p2|Tyrunt, L5, M|\n|poke|p2|Koffing, L5, F|\n|teampreview\n|j|*Lady Monita\n|j| keife\n|j| blaze_GG1\n|j| AF OP\n|j| Roshu\n|l| blaze_GG1\n|\n|t:|1664267859\n|start\n|switch|p1a: Mienfoo|Mienfoo, L5, M|100\/100\n|switch|p2a: Kumicho Dragon|Koffing, L5, F, shiny|100\/100\n|-ability|p2a: Kumicho Dragon|Neutralizing Gas\n|turn|1\n|\n|t:|1664267865\n|-end|p2a: Kumicho Dragon|ability: Neutralizing Gas\n|switch|p2a: Blaze|Ponyta, L5, F|100\/100\n|move|p1a: Mienfoo|Fake Out|p2a: Blaze\n|-damage|p2a: Blaze|86\/100\n|-status|p1a: Mienfoo|brn|[from] ability: Flame Body|[of] p2a: Blaze\n|\n|-damage|p1a: Mienfoo|96\/100 brn|[from] brn\n|upkeep\n|turn|2\n|\n|t:|1664267880\n|switch|p2a: Kumicho Dragon|Koffing, L5, F, shiny|100\/100\n|-ability|p2a: Kumicho Dragon|Neutralizing Gas\n|move|p1a: Mienfoo|U-turn|p2a: Kumicho Dragon\n|-resisted|p2a: Kumicho Dragon\n|-damage|p2a: Kumicho Dragon|96\/100\n|\n|t:|1664267883\n|switch|p1a: Abra|Abra, L5, M|100\/100|[from]move: U-turn\n|\n|upkeep\n|turn|3\n|\n|t:|1664267888\n|-end|p2a: Kumicho Dragon|ability: Neutralizing Gas\n|switch|p2a: King on the Field|Pawniard, L5, M|100\/100\n|move|p1a: Abra|Fire Punch|p2a: King on the Field\n|-supereffective|p2a: King on the Field\n|-damage|p2a: King on the Field|62\/100\n|\n|upkeep\n|turn|4\n|\n|t:|1664267897\n|switch|p1a: Mienfoo|Mienfoo, L5, M|96\/100 brn\n|move|p2a: King on the Field|Knock Off|p1a: Mienfoo\n|-resisted|p1a: Mienfoo\n|-damage|p1a: Mienfoo|80\/100 brn\n|-enditem|p1a: Mienfoo|Eviolite|[from] move: Knock Off|[of] p2a: King on the Field\n|\n|-damage|p1a: Mienfoo|75\/100 brn|[from] brn\n|upkeep\n|turn|5\n|\n|t:|1664267903\n|switch|p2a: Kumicho Dragon|Koffing, L5, F, shiny|96\/100\n|-ability|p2a: Kumicho Dragon|Neutralizing Gas\n|move|p1a: Mienfoo|U-turn|p2a: Kumicho Dragon\n|-resisted|p2a: Kumicho Dragon\n|-damage|p2a: Kumicho Dragon|91\/100\n|\n|t:|1664267906\n|switch|p1a: Abra|Abra, L5, M|100\/100|[from]move: U-turn\n|\n|upkeep\n|turn|6\n|\n|t:|1664267910\n|-end|p2a: Kumicho Dragon|ability: Neutralizing Gas\n|switch|p2a: King on the Field|Pawniard, L5, M|62\/100\n|move|p1a: Abra|Substitute|p1a: Abra\n|-start|p1a: Abra|Substitute\n|-damage|p1a: Abra|79\/100\n|\n|upkeep\n|turn|7\n|\n|t:|1664267916\n|move|p2a: King on the Field|Sucker Punch|p1a: Abra\n|-supereffective|p1a: Abra\n|-crit|p1a: Abra\n|-end|p1a: Abra|Substitute\n|move|p1a: Abra|Fire Punch|p2a: King on the Field\n|-supereffective|p2a: King on the Field\n|-damage|p2a: King on the Field|24\/100\n|-enditem|p2a: King on the Field|Berry Juice\n|-heal|p2a: King on the Field|100\/100|[from] item: Berry Juice\n|\n|upkeep\n|turn|8\n|\n|t:|1664267920\n|switch|p1a: Mienfoo|Mienfoo, L5, M|75\/100 brn\n|move|p2a: King on the Field|Stealth Rock|p1a: Mienfoo\n|-sidestart|p1: lys(\u25e6#\u25e6)ica|move: Stealth Rock\n|\n|-damage|p1a: Mienfoo|71\/100 brn|[from] brn\n|upkeep\n|turn|9\n|j| belegen\n|\n|t:|1664267924\n|switch|p2a: Kumicho Dragon|Koffing, L5, F, shiny|91\/100\n|-ability|p2a: Kumicho Dragon|Neutralizing Gas\n|move|p1a: Mienfoo|U-turn|p2a: Kumicho Dragon\n|-resisted|p2a: Kumicho Dragon\n|-damage|p2a: Kumicho Dragon|86\/100\n|\n|t:|1664267928\n|switch|p1a: Abra|Abra, L5, M|79\/100|[from]move: U-turn\n|-damage|p1a: Abra|69\/100|[from] Stealth Rock\n|\n|upkeep\n|turn|10\n|\n|t:|1664267931\n|move|p1a: Abra|Fire Punch|p2a: Kumicho Dragon\n|-damage|p2a: Kumicho Dragon|72\/100\n|-status|p2a: Kumicho Dragon|brn\n|move|p2a: Kumicho Dragon|Sludge Bomb|p1a: Abra\n|-damage|p1a: Abra|0 fnt\n|faint|p1a: Abra\n|\n|-damage|p2a: Kumicho Dragon|67\/100 brn|[from] brn\n|upkeep\n|\n|t:|1664267937\n|switch|p1a: Pawniard|Pawniard, L5, F|100\/100\n|-damage|p1a: Pawniard|96\/100|[from] Stealth Rock\n|turn|11\n|\n|t:|1664267940\n|move|p1a: Pawniard|Stealth Rock|p2a: Kumicho Dragon\n|-sidestart|p2: xasahbae|move: Stealth Rock\n|move|p2a: Kumicho Dragon|Fire Blast|p1a: Pawniard\n|-supereffective|p1a: Pawniard\n|-damage|p1a: Pawniard|10\/100\n|-enditem|p1a: Pawniard|Berry Juice\n|-heal|p1a: Pawniard|100\/100|[from] item: Berry Juice\n|\n|-damage|p2a: Kumicho Dragon|62\/100 brn|[from] brn\n|upkeep\n|turn|12\n|\n|t:|1664267945\n|move|p1a: Pawniard|Knock Off|p2a: Kumicho Dragon\n|-damage|p2a: Kumicho Dragon|20\/100 brn\n|-enditem|p2a: Kumicho Dragon|Eviolite|[from] move: Knock Off|[of] p1a: Pawniard\n|move|p2a: Kumicho Dragon|Pain Split|p1a: Pawniard\n|-sethp|p1a: Pawniard|58\/100|[from] move: Pain Split|[silent]\n|-sethp|p2a: Kumicho Dragon|58\/100 brn|[from] move: Pain Split\n|\n|-damage|p2a: Kumicho Dragon|53\/100 brn|[from] brn\n|upkeep\n|turn|13\n|\n|t:|1664267949\n|move|p1a: Pawniard|Iron Head|p2a: Kumicho Dragon\n|-damage|p2a: Kumicho Dragon|5\/100 brn\n|cant|p2a: Kumicho Dragon|flinch\n|\n|-damage|p2a: Kumicho Dragon|0 fnt|[from] brn\n|faint|p2a: Kumicho Dragon\n|-end|p2a: Kumicho Dragon|ability: Neutralizing Gas\n|upkeep\n|\n|t:|1664267972\n|switch|p2a: Jungle|Grookey, L5, M|100\/100\n|-damage|p2a: Jungle|91\/100|[from] Stealth Rock\n|-fieldstart|move: Grassy Terrain|[from] ability: Grassy Surge|[of] p2a: Jungle\n|turn|14\n|inactive|xasahbae has 120 seconds left.\n|c| AF OP|ll\n|c| AF OP|l\n|\n|t:|1664268003\n|move|p2a: Jungle|Drain Punch|p1a: Pawniard\n|-supereffective|p1a: Pawniard\n|-damage|p1a: Pawniard|0 fnt\n|-heal|p2a: Jungle|100\/100|[from] drain|[of] p1a: Pawniard\n|faint|p1a: Pawniard\n|\n|upkeep\n|\n|t:|1664268007\n|switch|p1a: Mareanie|Mareanie, L5, M|100\/100\n|-damage|p1a: Mareanie|92\/100|[from] Stealth Rock\n|turn|15\n|inactive|xasahbae has 120 seconds left.\n|\n|t:|1664268013\n|switch|p2a: King on the Field|Pawniard, L5, M|100\/100\n|-damage|p2a: King on the Field|96\/100|[from] Stealth Rock\n|move|p1a: Mareanie|Scald|p2a: King on the Field\n|-damage|p2a: King on the Field|53\/100\n|\n|-heal|p2a: King on the Field|58\/100|[from] Grassy Terrain\n|-heal|p1a: Mareanie|96\/100|[from] Grassy Terrain\n|upkeep\n|turn|16\n|\n|t:|1664268016\n|move|p2a: King on the Field|Knock Off|p1a: Mareanie\n|-damage|p1a: Mareanie|57\/100\n|-enditem|p1a: Mareanie|Eviolite|[from] move: Knock Off|[of] p2a: King on the Field\n|move|p1a: Mareanie|Scald|p2a: King on the Field\n|-damage|p2a: King on the Field|15\/100\n|\n|-heal|p2a: King on the Field|20\/100|[from] Grassy Terrain\n|-heal|p1a: Mareanie|61\/100|[from] Grassy Terrain\n|upkeep\n|turn|17\n|\n|t:|1664268024\n|move|p2a: King on the Field|Iron Head|p1a: Mareanie\n|-resisted|p1a: Mareanie\n|-damage|p1a: Mareanie|40\/100\n|move|p1a: Mareanie|Recover|p1a: Mareanie\n|-heal|p1a: Mareanie|92\/100\n|\n|-heal|p2a: King on the Field|24\/100|[from] Grassy Terrain\n|-heal|p1a: Mareanie|96\/100|[from] Grassy Terrain\n|upkeep\n|turn|18\n|\n|t:|1664268027\n|move|p2a: King on the Field|Knock Off|p1a: Mareanie\n|-damage|p1a: Mareanie|57\/100\n|move|p1a: Mareanie|Scald|p2a: King on the Field\n|-damage|p2a: King on the Field|0 fnt\n|faint|p2a: King on the Field\n|\n|-heal|p1a: Mareanie|61\/100|[from] Grassy Terrain\n|-fieldend|move: Grassy Terrain\n|upkeep\n|\n|t:|1664268034\n|switch|p2a: Blue Laminate|Tyrunt, L5, M, shiny|100\/100\n|-damage|p2a: Blue Laminate|91\/100|[from] Stealth Rock\n|turn|19\n|\n|t:|1664268044\n|move|p2a: Blue Laminate|Dragon Dance|p2a: Blue Laminate\n|-boost|p2a: Blue Laminate|atk|1\n|-boost|p2a: Blue Laminate|spe|1\n|move|p1a: Mareanie|Knock Off|p2a: Blue Laminate\n|-damage|p2a: Blue Laminate|73\/100\n|-enditem|p2a: Blue Laminate|Eviolite|[from] move: Knock Off|[of] p1a: Mareanie\n|\n|upkeep\n|turn|20\n|\n|t:|1664268051\n|move|p2a: Blue Laminate|Psychic Fangs|p1a: Mareanie\n|-supereffective|p1a: Mareanie\n|-damage|p1a: Mareanie|0 fnt\n|faint|p1a: Mareanie\n|\n|upkeep\n|\n|t:|1664268053\n|switch|p1a: Porygon|Porygon, L5|100\/100\n|-damage|p1a: Porygon|92\/100|[from] Stealth Rock\n|-ability|p1a: Porygon|Download|boost\n|-boost|p1a: Porygon|spa|1\n|turn|21\n|\n|t:|1664268056\n|move|p2a: Blue Laminate|Close Combat|p1a: Porygon\n|-supereffective|p1a: Porygon\n|-damage|p1a: Porygon|0 fnt\n|-unboost|p2a: Blue Laminate|def|1\n|-unboost|p2a: Blue Laminate|spd|1\n|faint|p1a: Porygon\n|\n|upkeep\n|j| Dragon246\n|-message|lys(\u25e6#\u25e6)ica forfeited.\n|\n|win|xasahbae\n|n|\u203dlys(\u25e6#\u25e6)ica|lysica\n|n|\u2606xasahbae|xasahbae\n|n|*Lady Monita|ladymonita\n|n| keife|keife\n|n| AF OP|afop\n|n| Roshu|roshu\n|n| belegen|belegen\n|n| Dragon246|dragon246\n|l|*Lady Monita\n|l|\u203dlys(\u25e6#\u25e6)ica\n","uploadtime":1664268063,"views":15,"p1id":"lysica","p2id":"xasahbae","formatid":"gen8lc","rating":0,"private":0,"password":null}