{"id":"gen8anythinggoes-1678182520","p1":"AGLT5TX jushu","p2":"yokobaby","format":"gen8anythinggoes","log":"|raw|<div class=\"broadcast-blue\"><strong>This battle is required to be public due to a player having a name starting with 'aglt5tx'.<\/div>\n|j|\u2606AGLT5TX jushu\n|j|\u2606yokobaby\n|t:|1664972606\n|gametype|singles\n|player|p1|AGLT5TX jushu|170|1767\n|player|p2|yokobaby|cynthia-masters|1864\n|teamsize|p1|6\n|teamsize|p2|6\n|gen|8\n|tier|[Gen 8] Anything Goes\n|rated|\n|rule|HP Percentage Mod: HP is shown in percentages\n|rule|Endless Battle Clause: Forcing endless battles is banned\n|clearpoke\n|poke|p1|Excadrill, F|\n|poke|p1|Necrozma-Dusk-Mane|\n|poke|p1|Yveltal|\n|poke|p1|Xerneas-*|\n|poke|p1|Calyrex-Shadow|\n|poke|p1|Kyogre|\n|poke|p2|Ho-Oh|\n|poke|p2|Ferrothorn, M|\n|poke|p2|Kyogre|\n|poke|p2|Eternatus|\n|poke|p2|Yveltal|\n|poke|p2|Necrozma-Dusk-Mane|\n|teampreview\n|\n|t:|1664972622\n|start\n|switch|p1a: Excadrill|Excadrill, F|100\/100\n|switch|p2a: Kyogre|Kyogre|100\/100\n|-ability|p1a: Excadrill|Mold Breaker\n|-weather|RainDance|[from] ability: Drizzle|[of] p2a: Kyogre\n|turn|1\n|\n|t:|1664972639\n|move|p1a: Excadrill|Stealth Rock|p2a: Kyogre\n|-sidestart|p2: yokobaby|move: Stealth Rock\n|move|p2a: Kyogre|Scald|p1a: Excadrill\n|-supereffective|p1a: Excadrill\n|-enditem|p1a: Excadrill|Focus Sash\n|-damage|p1a: Excadrill|1\/100\n|\n|-weather|RainDance|[upkeep]\n|upkeep\n|turn|2\n|\n|t:|1664972643\n|move|p1a: Excadrill|Earthquake|p2a: Kyogre\n|-damage|p2a: Kyogre|66\/100\n|move|p2a: Kyogre|Scald|p1a: Excadrill\n|-supereffective|p1a: Excadrill\n|-damage|p1a: Excadrill|0 fnt\n|faint|p1a: Excadrill\n|\n|-weather|RainDance|[upkeep]\n|-heal|p2a: Kyogre|73\/100|[from] item: Leftovers\n|upkeep\n|\n|t:|1664972646\n|switch|p1a: Calyrex|Calyrex-Shadow|100\/100\n|-ability|p1a: Calyrex|As One\n|-ability|p1a: Calyrex|Unnerve\n|turn|3\n|\n|t:|1664972654\n|move|p1a: Calyrex|Nasty Plot|p1a: Calyrex\n|-boost|p1a: Calyrex|spa|2\n|move|p2a: Kyogre|Roar|p1a: Calyrex\n|drag|p1a: Yveltal|Yveltal|100\/100\n|-ability|p1a: Yveltal|Dark Aura\n|\n|-weather|RainDance|[upkeep]\n|-heal|p2a: Kyogre|79\/100|[from] item: Leftovers\n|upkeep\n|turn|4\n|\n|t:|1664972663\n|switch|p2a: Eternatus|Eternatus|100\/100\n|-damage|p2a: Eternatus|88\/100|[from] Stealth Rock\n|-ability|p2a: Eternatus|Pressure\n|move|p1a: Yveltal|Dark Pulse|p2a: Eternatus\n|-damage|p2a: Eternatus|40\/100\n|-damage|p1a: Yveltal|91\/100|[from] item: Life Orb\n|\n|-weather|RainDance|[upkeep]\n|-heal|p2a: Eternatus|46\/100|[from] item: Black Sludge\n|upkeep\n|turn|5\n|\n|t:|1664972668\n|move|p2a: Eternatus|Flamethrower|p1a: Yveltal\n|-damage|p1a: Yveltal|79\/100\n|move|p1a: Yveltal|Dark Pulse|p2a: Eternatus\n|-damage|p2a: Eternatus|0 fnt\n|faint|p2a: Eternatus\n|-damage|p1a: Yveltal|69\/100|[from] item: Life Orb\n|\n|-weather|none\n|upkeep\n|\n|t:|1664972675\n|switch|p2a: Yveltal|Yveltal|100\/100\n|-ability|p2a: Yveltal|Dark Aura\n|turn|6\n|\n|t:|1664972682\n|move|p1a: Yveltal|Oblivion Wing|p2a: Yveltal\n|-damage|p2a: Yveltal|61\/100\n|-heal|p1a: Yveltal|100\/100|[from] drain|[of] p2a: Yveltal\n|-damage|p1a: Yveltal|91\/100|[from] item: Life Orb\n|move|p2a: Yveltal|Defog|p1a: Yveltal\n|-unboost|p1a: Yveltal|evasion|1\n|-sideend|p2: yokobaby|Stealth Rock|[from] move: Defog|[of] p2a: Yveltal\n|\n|upkeep\n|turn|7\n|\n|t:|1664972686\n|move|p1a: Yveltal|Dark Pulse|p2a: Yveltal\n|-resisted|p2a: Yveltal\n|-damage|p2a: Yveltal|37\/100\n|-damage|p1a: Yveltal|81\/100|[from] item: Life Orb\n|cant|p2a: Yveltal|flinch\n|\n|upkeep\n|turn|8\n|\n|t:|1664972701\n|switch|p2a: Ho-Oh|Ho-Oh|100\/100\n|move|p1a: Yveltal|Oblivion Wing|p2a: Ho-Oh\n|-damage|p2a: Ho-Oh|76\/100\n|-heal|p1a: Yveltal|99\/100|[from] drain|[of] p2a: Ho-Oh\n|-damage|p1a: Yveltal|90\/100|[from] item: Life Orb\n|\n|upkeep\n|turn|9\n|\n|t:|1664972710\n|move|p1a: Yveltal|Dark Pulse|p2a: Ho-Oh\n|-damage|p2a: Ho-Oh|41\/100\n|-damage|p1a: Yveltal|80\/100|[from] item: Life Orb\n|move|p2a: Ho-Oh|Thunder Wave|p1a: Yveltal\n|-status|p1a: Yveltal|par\n|\n|upkeep\n|turn|10\n|\n|t:|1664972715\n|switch|p2a: Yveltal|Yveltal|37\/100\n|-ability|p2a: Yveltal|Dark Aura\n|switch|p1a: Kyogre|Kyogre|100\/100\n|-weather|RainDance|[from] ability: Drizzle|[of] p1a: Kyogre\n|\n|-weather|RainDance|[upkeep]\n|upkeep\n|turn|11\n|\n|t:|1664972729\n|switch|p2a: Kyogre|Kyogre|79\/100\n|move|p1a: Kyogre|Water Spout|p2a: Kyogre\n|-resisted|p2a: Kyogre\n|-damage|p2a: Kyogre|37\/100\n|\n|-weather|RainDance|[upkeep]\n|-heal|p2a: Kyogre|43\/100|[from] item: Leftovers\n|upkeep\n|turn|12\n|\n|t:|1664972742\n|move|p1a: Kyogre|Water Spout|p2a: Kyogre\n|-resisted|p2a: Kyogre\n|-damage|p2a: Kyogre|3\/100\n|move|p2a: Kyogre|Rest|p2a: Kyogre\n|-status|p2a: Kyogre|slp|[from] move: Rest\n|-heal|p2a: Kyogre|100\/100 slp|[silent]\n|\n|-weather|RainDance|[upkeep]\n|upkeep\n|turn|13\n|inactive|Battle timer is ON: inactive players will automatically lose when time's up. (requested by AGLT5TX jushu)\n|\n|t:|1664972778\n|switch|p1a: Calyrex|Calyrex-Shadow|100\/100\n|-ability|p1a: Calyrex|As One\n|-ability|p1a: Calyrex|Unnerve\n|switch|p2a: Ferrothorn|Ferrothorn, M|100\/100\n|\n|-weather|RainDance|[upkeep]\n|upkeep\n|turn|14\n|\n|t:|1664972784\n|move|p1a: Calyrex|Nasty Plot|p1a: Calyrex\n|-boost|p1a: Calyrex|spa|2\n|move|p2a: Ferrothorn|Leech Seed|p1a: Calyrex\n|-start|p1a: Calyrex|move: Leech Seed\n|\n|-weather|none\n|-damage|p1a: Calyrex|88\/100|[from] Leech Seed|[of] p2a: Ferrothorn\n|upkeep\n|turn|15\n|\n|t:|1664972800\n|switch|p2a: Ho-Oh|Ho-Oh|74\/100\n|move|p1a: Calyrex|Astral Barrage|p2a: Ho-Oh\n|-damage|p2a: Ho-Oh|13\/100\n|\n|-damage|p1a: Calyrex|76\/100|[from] Leech Seed|[of] p2a: Ho-Oh\n|-heal|p2a: Ho-Oh|24\/100|[silent]\n|upkeep\n|turn|16\n|\n|t:|1664972805\n|switch|p2a: Yveltal|Yveltal|37\/100\n|-ability|p2a: Yveltal|Dark Aura\n|move|p1a: Calyrex|Astral Barrage|p2a: Yveltal\n|-resisted|p2a: Yveltal\n|-damage|p2a: Yveltal|0 fnt\n|faint|p2a: Yveltal\n|-ability|p1a: Calyrex|Grim Neigh|boost\n|-boost|p1a: Calyrex|spa|1\n|\n|upkeep\n|\n|t:|1664972811\n|switch|p2a: Ho-Oh|Ho-Oh|57\/100\n|turn|17\n|\n|t:|1664972815\n|-start|p2a: Ho-Oh|Dynamax|\n|-heal|p2a: Ho-Oh|57\/100|[silent]\n|move|p2a: Ho-Oh|Max Guard|p2a: Ho-Oh\n|-singleturn|p2a: Ho-Oh|Max Guard\n|move|p1a: Calyrex|Astral Barrage|p2a: Ho-Oh\n|-activate|p2a: Ho-Oh|move: Max Guard\n|\n|-damage|p1a: Calyrex|64\/100|[from] Leech Seed|[of] p2a: Ho-Oh\n|-heal|p2a: Ho-Oh|62\/100|[silent]\n|upkeep\n|turn|18\n|\n|t:|1664972831\n|move|p1a: Calyrex|Baton Pass|p1a: Calyrex\n|\n|t:|1664972832\n|switch|p1a: Kyogre|Kyogre|100\/100|[from]move: Baton Pass\n|-weather|RainDance|[from] ability: Drizzle|[of] p1a: Kyogre\n|move|p2a: Ho-Oh|Max Flare|p1a: Kyogre\n|-resisted|p1a: Kyogre\n|-damage|p1a: Kyogre|86\/100\n|-weather|SunnyDay\n|\n|-weather|SunnyDay|[upkeep]\n|-damage|p1a: Kyogre|74\/100|[from] Leech Seed|[of] p2a: Ho-Oh\n|-heal|p2a: Ho-Oh|67\/100|[silent]\n|upkeep\n|turn|19\n|\n|t:|1664972840\n|move|p1a: Kyogre|Water Spout|p2a: Ho-Oh\n|-supereffective|p2a: Ho-Oh\n|-damage|p2a: Ho-Oh|32\/100\n|move|p2a: Ho-Oh|Max Flare|p1a: Kyogre\n|-resisted|p1a: Kyogre\n|-damage|p1a: Kyogre|26\/100\n|\n|-weather|SunnyDay|[upkeep]\n|-damage|p1a: Kyogre|14\/100|[from] Leech Seed|[of] p2a: Ho-Oh\n|-heal|p2a: Ho-Oh|37\/100|[silent]\n|upkeep\n|-end|p2a: Ho-Oh|Dynamax\n|-heal|p2a: Ho-Oh|37\/100|[silent]\n|turn|20\n|\n|t:|1664972846\n|move|p1a: Kyogre|Water Spout|p2a: Ho-Oh\n|-supereffective|p2a: Ho-Oh\n|-damage|p2a: Ho-Oh|25\/100\n|move|p2a: Ho-Oh|Thunder Wave|p1a: Kyogre\n|-status|p1a: Kyogre|par\n|\n|-weather|SunnyDay|[upkeep]\n|-damage|p1a: Kyogre|1\/100 par|[from] Leech Seed|[of] p2a: Ho-Oh\n|-heal|p2a: Ho-Oh|36\/100|[silent]\n|upkeep\n|turn|21\n|\n|t:|1664972852\n|move|p1a: Kyogre|Water Spout|p2a: Ho-Oh\n|-supereffective|p2a: Ho-Oh\n|-damage|p2a: Ho-Oh|35\/100\n|move|p2a: Ho-Oh|Sacred Fire|p1a: Kyogre\n|-resisted|p1a: Kyogre\n|-damage|p1a: Kyogre|0 fnt\n|faint|p1a: Kyogre\n|\n|-weather|SunnyDay|[upkeep]\n|upkeep\n|\n|t:|1664972860\n|switch|p1a: Calyrex|Calyrex-Shadow|64\/100\n|-ability|p1a: Calyrex|As One\n|-ability|p1a: Calyrex|Unnerve\n|turn|22\n|\n|t:|1664972865\n|move|p1a: Calyrex|Nasty Plot|p1a: Calyrex\n|-boost|p1a: Calyrex|spa|2\n|move|p2a: Ho-Oh|Sacred Fire|p1a: Calyrex\n|-damage|p1a: Calyrex|0 fnt\n|faint|p1a: Calyrex\n|\n|-weather|none\n|upkeep\n|\n|t:|1664972872\n|switch|p1a: Xerneas|Xerneas|100\/100\n|-ability|p1a: Xerneas|Fairy Aura\n|turn|23\n|\n|t:|1664972875\n|move|p1a: Xerneas|Thunder|p2a: Ho-Oh|[miss]\n|-miss|p1a: Xerneas|p2a: Ho-Oh\n|move|p2a: Ho-Oh|Whirlwind|p1a: Xerneas\n|drag|p1a: Necrozma|Necrozma-Dusk-Mane|100\/100\n|\n|upkeep\n|turn|24\n|\n|t:|1664972878\n|switch|p2a: Ferrothorn|Ferrothorn, M|100\/100\n|move|p1a: Necrozma|Stone Edge|p2a: Ferrothorn\n|-resisted|p2a: Ferrothorn\n|-damage|p2a: Ferrothorn|87\/100\n|\n|-heal|p2a: Ferrothorn|94\/100|[from] item: Leftovers\n|upkeep\n|turn|25\n|\n|t:|1664972882\n|switch|p1a: Yveltal|Yveltal|80\/100 par\n|-ability|p1a: Yveltal|Dark Aura\n|move|p2a: Ferrothorn|Leech Seed|p1a: Yveltal\n|-start|p1a: Yveltal|move: Leech Seed\n|\n|-heal|p2a: Ferrothorn|99\/100|[from] item: Leftovers\n|-damage|p1a: Yveltal|68\/100 par|[from] Leech Seed|[of] p2a: Ferrothorn\n|-heal|p2a: Ferrothorn|100\/100|[silent]\n|upkeep\n|turn|26\n|\n|t:|1664972888\n|switch|p1a: Xerneas|Xerneas|100\/100\n|-ability|p1a: Xerneas|Fairy Aura\n|switch|p2a: Ho-Oh|Ho-Oh|69\/100\n|\n|upkeep\n|turn|27\n|\n|t:|1664972892\n|switch|p2a: Necrozma|Necrozma-Dusk-Mane|100\/100\n|move|p1a: Xerneas|Thunder|p2a: Necrozma\n|-crit|p2a: Necrozma\n|-damage|p2a: Necrozma|52\/100\n|\n|upkeep\n|turn|28\n|\n|t:|1664972896\n|switch|p1a: Necrozma|Necrozma-Dusk-Mane|100\/100\n|move|p2a: Necrozma|Morning Sun|p2a: Necrozma\n|-heal|p2a: Necrozma|100\/100\n|\n|upkeep\n|turn|29\n|\n|t:|1664972898\n|switch|p2a: Ferrothorn|Ferrothorn, M|100\/100\n|move|p1a: Necrozma|Dragon Dance|p1a: Necrozma\n|-boost|p1a: Necrozma|atk|1\n|-boost|p1a: Necrozma|spe|1\n|\n|upkeep\n|turn|30\n|\n|t:|1664972904\n|move|p1a: Necrozma|Dragon Dance|p1a: Necrozma\n|-boost|p1a: Necrozma|atk|1\n|-boost|p1a: Necrozma|spe|1\n|move|p2a: Ferrothorn|Iron Defense|p2a: Ferrothorn\n|-boost|p2a: Ferrothorn|def|2\n|\n|upkeep\n|turn|31\n|\n|t:|1664972906\n|switch|p1a: Yveltal|Yveltal|68\/100 par\n|-ability|p1a: Yveltal|Dark Aura\n|move|p2a: Ferrothorn|Leech Seed|p1a: Yveltal\n|-start|p1a: Yveltal|move: Leech Seed\n|\n|-damage|p1a: Yveltal|55\/100 par|[from] Leech Seed|[of] p2a: Ferrothorn\n|upkeep\n|turn|32\n|\n|t:|1664972914\n|switch|p1a: Xerneas|Xerneas|100\/100\n|-ability|p1a: Xerneas|Fairy Aura\n|switch|p2a: Ho-Oh|Ho-Oh|100\/100\n|\n|upkeep\n|turn|33\n|\n|t:|1664972918\n|move|p1a: Xerneas|Thunder|p2a: Ho-Oh\n|-supereffective|p2a: Ho-Oh\n|-damage|p2a: Ho-Oh|65\/100\n|-status|p2a: Ho-Oh|par\n|move|p2a: Ho-Oh|Whirlwind|p1a: Xerneas\n|drag|p1a: Necrozma|Necrozma-Dusk-Mane|100\/100\n|\n|upkeep\n|turn|34\n|\n|t:|1664972925\n|switch|p2a: Ferrothorn|Ferrothorn, M|100\/100\n|move|p1a: Necrozma|Earthquake|p2a: Ferrothorn\n|-crit|p2a: Ferrothorn\n|-damage|p2a: Ferrothorn|61\/100\n|\n|-heal|p2a: Ferrothorn|68\/100|[from] item: Leftovers\n|upkeep\n|turn|35\n|\n|t:|1664972929\n|switch|p1a: Yveltal|Yveltal|55\/100 par\n|-ability|p1a: Yveltal|Dark Aura\n|move|p2a: Ferrothorn|Iron Defense|p2a: Ferrothorn\n|-boost|p2a: Ferrothorn|def|2\n|\n|-heal|p2a: Ferrothorn|74\/100|[from] item: Leftovers\n|upkeep\n|turn|36\n|\n|t:|1664972934\n|switch|p2a: Ho-Oh|Ho-Oh|99\/100 par\n|move|p1a: Yveltal|Oblivion Wing|p2a: Ho-Oh\n|-damage|p2a: Ho-Oh|74\/100 par\n|-heal|p1a: Yveltal|75\/100 par|[from] drain|[of] p2a: Ho-Oh\n|-damage|p1a: Yveltal|65\/100 par|[from] item: Life Orb\n|\n|upkeep\n|turn|37\n|\n|t:|1664972938\n|move|p1a: Yveltal|Oblivion Wing|p2a: Ho-Oh\n|-damage|p2a: Ho-Oh|49\/100 par\n|-heal|p1a: Yveltal|85\/100 par|[from] drain|[of] p2a: Ho-Oh\n|-damage|p1a: Yveltal|75\/100 par|[from] item: Life Orb\n|move|p2a: Ho-Oh|Sacred Fire|p1a: Yveltal\n|-damage|p1a: Yveltal|30\/100 par\n|\n|upkeep\n|turn|38\n|\n|t:|1664972946\n|move|p1a: Yveltal|Dark Pulse|p2a: Ho-Oh\n|-damage|p2a: Ho-Oh|15\/100 par\n|-damage|p1a: Yveltal|20\/100 par|[from] item: Life Orb\n|cant|p2a: Ho-Oh|flinch\n|\n|upkeep\n|turn|39\n|\n|t:|1664972951\n|switch|p2a: Kyogre|Kyogre|100\/100 slp\n|-weather|RainDance|[from] ability: Drizzle|[of] p2a: Kyogre\n|move|p1a: Yveltal|Oblivion Wing|p2a: Kyogre\n|-damage|p2a: Kyogre|60\/100 slp\n|-heal|p1a: Yveltal|52\/100 par|[from] drain|[of] p2a: Kyogre\n|-damage|p1a: Yveltal|42\/100 par|[from] item: Life Orb\n|\n|-weather|RainDance|[upkeep]\n|-heal|p2a: Kyogre|66\/100 slp|[from] item: Leftovers\n|upkeep\n|turn|40\n|\n|t:|1664972957\n|cant|p2a: Kyogre|slp\n|move|p1a: Yveltal|Oblivion Wing|p2a: Kyogre\n|-damage|p2a: Kyogre|25\/100 slp\n|-heal|p1a: Yveltal|73\/100 par|[from] drain|[of] p2a: Kyogre\n|-damage|p1a: Yveltal|63\/100 par|[from] item: Life Orb\n|\n|-weather|RainDance|[upkeep]\n|-heal|p2a: Kyogre|32\/100 slp|[from] item: Leftovers\n|upkeep\n|turn|41\n|\n|t:|1664972960\n|cant|p2a: Kyogre|slp\n|move|p1a: Yveltal|Oblivion Wing|p2a: Kyogre\n|-damage|p2a: Kyogre|0 fnt\n|-heal|p1a: Yveltal|87\/100 par|[from] drain|[of] p2a: Kyogre\n|faint|p2a: Kyogre\n|-damage|p1a: Yveltal|77\/100 par|[from] item: Life Orb\n|\n|-weather|RainDance|[upkeep]\n|upkeep\n|\n|t:|1664972964\n|switch|p2a: Ferrothorn|Ferrothorn, M|74\/100\n|turn|42\n|\n|t:|1664972974\n|-start|p1a: Yveltal|Dynamax|\n|-heal|p1a: Yveltal|77\/100 par|[silent]\n|cant|p1a: Yveltal|par\n|move|p2a: Ferrothorn|Leech Seed|p1a: Yveltal\n|-start|p1a: Yveltal|move: Leech Seed\n|\n|-weather|RainDance|[upkeep]\n|-heal|p2a: Ferrothorn|80\/100|[from] item: Leftovers\n|-damage|p1a: Yveltal|71\/100 par|[from] Leech Seed|[of] p2a: Ferrothorn\n|-heal|p2a: Ferrothorn|94\/100|[silent]\n|upkeep\n|turn|43\n|\n|t:|1664972981\n|switch|p2a: Ho-Oh|Ho-Oh|49\/100 par\n|cant|p1a: Yveltal|par\n|\n|-weather|none\n|-damage|p1a: Yveltal|65\/100 par|[from] Leech Seed|[of] p2a: Ho-Oh\n|-heal|p2a: Ho-Oh|60\/100 par|[silent]\n|upkeep\n|turn|44\n|c|\u2606yokobaby|...\n|c|\u2606yokobaby|\u6a58\u9f20\n|c|\u2606yokobaby|\u6211\u771f\u5bf9\u4e0d\u8d77\u4f60\n|\n|t:|1664972993\n|move|p1a: Yveltal|Max Darkness|p2a: Ho-Oh\n|-damage|p2a: Ho-Oh|2\/100 par\n|-unboost|p2a: Ho-Oh|spd|1\n|-damage|p1a: Yveltal|60\/100 par|[from] item: Life Orb\n|move|p2a: Ho-Oh|Sacred Fire|p1a: Yveltal\n|-damage|p1a: Yveltal|40\/100 par\n|\n|-damage|p1a: Yveltal|34\/100 par|[from] Leech Seed|[of] p2a: Ho-Oh\n|-heal|p2a: Ho-Oh|14\/100 par|[silent]\n|upkeep\n|-end|p1a: Yveltal|Dynamax\n|-heal|p1a: Yveltal|34\/100 par|[silent]\n|turn|45\n|\n|t:|1664972999\n|cant|p1a: Yveltal|par\n|move|p2a: Ho-Oh|Sacred Fire|p1a: Yveltal\n|-damage|p1a: Yveltal|0 fnt\n|faint|p1a: Yveltal\n|\n|upkeep\n|c|\u2606yokobaby|\u6211\u53d7\u4e0d\u4e86\u4e86\n|\n|t:|1664973007\n|switch|p1a: Xerneas|Xerneas|100\/100\n|-ability|p1a: Xerneas|Fairy Aura\n|turn|46\n|c|\u2606yokobaby|\u6a58\u9f20\u4f60\u8fd9\u4e48\u9ed1\u522b\u6253\u4e86\n|c|\u2606yokobaby|\u6211\u5e2e\u4f60\u6253\u90fd\u884c\n|\n|t:|1664973014\n|move|p1a: Xerneas|Geomancy||[still]\n|-prepare|p1a: Xerneas|Geomancy\n|-enditem|p1a: Xerneas|Power Herb\n|-anim|p1a: Xerneas|Geomancy|p1a: Xerneas\n|-boost|p1a: Xerneas|spa|2\n|-boost|p1a: Xerneas|spd|2\n|-boost|p1a: Xerneas|spe|2\n|move|p2a: Ho-Oh|Whirlwind|p1a: Xerneas\n|drag|p1a: Necrozma|Necrozma-Dusk-Mane|100\/100\n|\n|upkeep\n|turn|47\n|\n|t:|1664973024\n|move|p1a: Necrozma|Dragon Dance|p1a: Necrozma\n|-boost|p1a: Necrozma|atk|1\n|-boost|p1a: Necrozma|spe|1\n|move|p2a: Ho-Oh|Thunder Wave|p1a: Necrozma\n|-status|p1a: Necrozma|par\n|\n|upkeep\n|turn|48\n|\n|t:|1664973029\n|switch|p2a: Ferrothorn|Ferrothorn, M|94\/100\n|move|p1a: Necrozma|Sunsteel Strike|p2a: Ferrothorn\n|-resisted|p2a: Ferrothorn\n|-damage|p2a: Ferrothorn|64\/100\n|-damage|p1a: Necrozma|88\/100 par|[from] ability: Iron Barbs|[of] p2a: Ferrothorn\n|\n|-heal|p2a: Ferrothorn|70\/100|[from] item: Leftovers\n|upkeep\n|turn|49\n|\n|t:|1664973032\n|move|p1a: Necrozma|Earthquake|p2a: Ferrothorn\n|-damage|p2a: Ferrothorn|27\/100\n|move|p2a: Ferrothorn|Iron Defense|p2a: Ferrothorn\n|-boost|p2a: Ferrothorn|def|2\n|\n|-heal|p2a: Ferrothorn|33\/100|[from] item: Leftovers\n|upkeep\n|turn|50\n|\n|t:|1664973035\n|move|p1a: Necrozma|Earthquake|p2a: Ferrothorn\n|-damage|p2a: Ferrothorn|12\/100\n|move|p2a: Ferrothorn|Leech Seed|p1a: Necrozma\n|-start|p1a: Necrozma|move: Leech Seed\n|\n|-heal|p2a: Ferrothorn|19\/100|[from] item: Leftovers\n|-damage|p1a: Necrozma|76\/100 par|[from] Leech Seed|[of] p2a: Ferrothorn\n|-heal|p2a: Ferrothorn|30\/100|[silent]\n|upkeep\n|turn|51\n|\n|t:|1664973040\n|switch|p1a: Xerneas|Xerneas|100\/100\n|-ability|p1a: Xerneas|Fairy Aura\n|move|p2a: Ferrothorn|Iron Defense|p2a: Ferrothorn\n|-boost|p2a: Ferrothorn|def|2\n|\n|-heal|p2a: Ferrothorn|37\/100|[from] item: Leftovers\n|upkeep\n|turn|52\n|\n|t:|1664973043\n|switch|p2a: Necrozma|Necrozma-Dusk-Mane|100\/100\n|move|p1a: Xerneas|Geomancy||[still]\n|-prepare|p1a: Xerneas|Geomancy\n|\n|upkeep\n|turn|53\n|\n|t:|1664973045\n|move|p1a: Xerneas|Geomancy|p1a: Xerneas|[from]lockedmove\n|-boost|p1a: Xerneas|spa|2\n|-boost|p1a: Xerneas|spd|2\n|-boost|p1a: Xerneas|spe|2\n|move|p2a: Necrozma|Sunsteel Strike|p1a: Xerneas\n|-supereffective|p1a: Xerneas\n|-damage|p1a: Xerneas|13\/100\n|\n|upkeep\n|turn|54\n|\n|t:|1664973047\n|move|p1a: Xerneas|Thunder|p2a: Necrozma\n|-damage|p2a: Necrozma|31\/100\n|move|p2a: Necrozma|Sunsteel Strike|p1a: Xerneas\n|-supereffective|p1a: Xerneas\n|-damage|p1a: Xerneas|0 fnt\n|faint|p1a: Xerneas\n|\n|upkeep\n|\n|t:|1664973049\n|switch|p1a: Necrozma|Necrozma-Dusk-Mane|76\/100 par\n|turn|55\n|\n|t:|1664973052\n|move|p2a: Necrozma|Knock Off|p1a: Necrozma\n|-supereffective|p1a: Necrozma\n|-damage|p1a: Necrozma|34\/100 par\n|-enditem|p1a: Necrozma|Weakness Policy\n|-boost|p1a: Necrozma|atk|2|[from] item: Weakness Policy\n|-boost|p1a: Necrozma|spa|2|[from] item: Weakness Policy\n|move|p1a: Necrozma|Dragon Dance|p1a: Necrozma\n|-boost|p1a: Necrozma|atk|1\n|-boost|p1a: Necrozma|spe|1\n|\n|upkeep\n|turn|56\n|\n|t:|1664973056\n|move|p2a: Necrozma|Knock Off|p1a: Necrozma\n|-supereffective|p1a: Necrozma\n|-crit|p1a: Necrozma\n|-damage|p1a: Necrozma|0 fnt\n|faint|p1a: Necrozma\n|\n|win|yokobaby\n|raw|AGLT5TX jushu's rating: 1725 &rarr; <strong>1713<\/strong><br \/>(-12 for losing)\n|raw|yokobaby's rating: 1864 &rarr; <strong>1876<\/strong><br \/>(+12 for winning)\n|c|\u2606AGLT5TX jushu|66\n|c|\u2606yokobaby|\u522b\u6253\u4e86\n|c|\u2606yokobaby|\u5b9e\u5728\u4e0d\u884c\u6211\u5e2e\u4f60\n||Ladder isn't responding, score probably updated but might not have (Request timeout).\n","uploadtime":1664973389,"views":11,"p1id":"aglt5txjushu","p2id":"yokobaby","formatid":"gen8anythinggoes","rating":1713,"private":0,"password":null}