{"id":"gen8ou-1665567747","p1":"Mrgamb1er007","p2":"broked on bricks","format":"gen8ou","log":"|j|\u2606Mrgamb1er007\n|j|\u2606broked on bricks\n|t:|1663315316\n|gametype|singles\n|player|p1|Mrgamb1er007|170|\n|player|p2|broked on bricks|psychic-gen2|\n|teamsize|p1|6\n|teamsize|p2|6\n|gen|8\n|tier|[Gen 8] OU\n|rule|Sleep Clause Mod: Limit one foe put to sleep\n|rule|Species Clause: Limit one of each Pok\u00e9mon\n|rule|OHKO Clause: OHKO moves are banned\n|rule|Evasion Items Clause: Evasion items are banned\n|rule|Evasion Moves Clause: Evasion moves are banned\n|rule|Endless Battle Clause: Forcing endless battles is banned\n|rule|HP Percentage Mod: HP is shown in percentages\n|rule|Dynamax Clause: You cannot dynamax\n|clearpoke\n|poke|p1|Porygon2|\n|poke|p1|Marowak-Alola, M|\n|poke|p1|Melmetal|\n|poke|p1|Crawdaunt, M|\n|poke|p1|Hatterene, F|\n|poke|p1|Cresselia, F|\n|poke|p2|Venusaur, F|\n|poke|p2|Victini|\n|poke|p2|Darmanitan, F|\n|poke|p2|Torkoal, M|\n|poke|p2|Mandibuzz, F|\n|poke|p2|Garchomp, F|\n|teampreview\n|inactive|Battle timer is ON: inactive players will automatically lose when time's up. (requested by Mrgamb1er007)\n|c|\u2606broked on bricks|glhf\n|\n|t:|1663315326\n|start\n|switch|p1a: Porygon2|Porygon2, shiny|100\/100\n|switch|p2a: Fart Excavator|Victini|100\/100\n|-ability|p1a: Porygon2|Victory Star|[from] ability: Trace|[of] p2a: Fart Excavator\n|turn|1\n|\n|t:|1663315333\n|move|p2a: Fart Excavator|Trick|p1a: Porygon2\n|-activate|p2a: Fart Excavator|move: Trick|[of] p1a: Porygon2\n|-item|p1a: Porygon2|Choice Scarf|[from] move: Trick\n|-item|p2a: Fart Excavator|Eviolite|[from] move: Trick\n|move|p1a: Porygon2|Trick Room|p1a: Porygon2\n|-fieldstart|move: Trick Room|[of] p1a: Porygon2\n|\n|upkeep\n|turn|2\n|\n|t:|1663315348\n|switch|p1a: Crawdaunt|Crawdaunt, M, shiny|100\/100\n|move|p2a: Fart Excavator|V-create|p1a: Crawdaunt\n|-resisted|p1a: Crawdaunt\n|-damage|p1a: Crawdaunt|46\/100\n|-unboost|p2a: Fart Excavator|spe|1\n|-unboost|p2a: Fart Excavator|def|1\n|-unboost|p2a: Fart Excavator|spd|1\n|\n|upkeep\n|turn|3\n|\n|t:|1663315361\n|switch|p2a: Greenusaur|Venusaur, F, shiny|100\/100\n|move|p1a: Crawdaunt|Swords Dance|p1a: Crawdaunt\n|-boost|p1a: Crawdaunt|atk|2\n|\n|upkeep\n|turn|4\n|\n|t:|1663315380\n|move|p1a: Crawdaunt|Knock Off|p2a: Greenusaur\n|-damage|p2a: Greenusaur|0 fnt\n|-enditem|p2a: Greenusaur|Life Orb|[from] move: Knock Off|[of] p1a: Crawdaunt\n|faint|p2a: Greenusaur\n|-damage|p1a: Crawdaunt|36\/100|[from] item: Life Orb\n|\n|upkeep\n|\n|t:|1663315384\n|switch|p2a: Beans Saranghae|Torkoal, M|100\/100\n|-weather|SunnyDay|[from] ability: Drought|[of] p2a: Beans Saranghae\n|turn|5\n|\n|t:|1663315402\n|move|p2a: Beans Saranghae|Body Press|p1a: Crawdaunt\n|-supereffective|p1a: Crawdaunt\n|-damage|p1a: Crawdaunt|0 fnt\n|faint|p1a: Crawdaunt\n|\n|-weather|SunnyDay|[upkeep]\n|-fieldend|move: Trick Room\n|upkeep\n|\n|t:|1663315410\n|switch|p1a: Cresselia|Cresselia, F|100\/100\n|turn|6\n|\n|t:|1663315413\n|move|p2a: Beans Saranghae|Stealth Rock|p1a: Cresselia\n|-sidestart|p1: Mrgamb1er007|move: Stealth Rock\n|move|p1a: Cresselia|Trick Room|p1a: Cresselia\n|-fieldstart|move: Trick Room|[of] p1a: Cresselia\n|\n|-weather|SunnyDay|[upkeep]\n|upkeep\n|turn|7\n|\n|t:|1663315419\n|switch|p1a: Marowak|Marowak-Alola, M|100\/100\n|-damage|p1a: Marowak|75\/100|[from] Stealth Rock\n|move|p2a: Beans Saranghae|Lava Plume|p1a: Marowak\n|-resisted|p1a: Marowak\n|-damage|p1a: Marowak|54\/100\n|\n|-weather|SunnyDay|[upkeep]\n|upkeep\n|turn|8\n|\n|t:|1663315433\n|move|p2a: Beans Saranghae|Lava Plume|p1a: Marowak\n|-resisted|p1a: Marowak\n|-damage|p1a: Marowak|30\/100\n|move|p1a: Marowak|Swords Dance|p1a: Marowak\n|-boost|p1a: Marowak|atk|2\n|\n|-weather|SunnyDay|[upkeep]\n|upkeep\n|turn|9\n|\n|t:|1663315437\n|switch|p2a: RIP Omari frfr|Mandibuzz, F, shiny|100\/100\n|move|p1a: Marowak|Poltergeist|p2a: RIP Omari frfr\n|-activate|p2a: RIP Omari frfr|move: Poltergeist|Rocky Helmet\n|-resisted|p2a: RIP Omari frfr\n|-damage|p2a: RIP Omari frfr|46\/100\n|\n|-weather|SunnyDay|[upkeep]\n|upkeep\n|turn|10\n|\n|t:|1663315444\n|move|p1a: Marowak|Flare Blitz|p2a: RIP Omari frfr\n|-damage|p2a: RIP Omari frfr|0 fnt\n|-damage|p1a: Marowak|14\/100|[from] item: Rocky Helmet|[of] p2a: RIP Omari frfr\n|faint|p2a: RIP Omari frfr\n|\n|-weather|SunnyDay|[upkeep]\n|-fieldend|move: Trick Room\n|upkeep\n|\n|t:|1663315450\n|switch|p2a: Elmo|Darmanitan, F|100\/100\n|turn|11\n|\n|t:|1663315456\n|switch|p1a: Cresselia|Cresselia, F|100\/100\n|-damage|p1a: Cresselia|88\/100|[from] Stealth Rock\n|move|p2a: Elmo|Flare Blitz|p1a: Cresselia\n|-damage|p1a: Cresselia|0 fnt\n|faint|p1a: Cresselia\n|-damage|p2a: Elmo|64\/100|[from] Recoil\n|\n|-weather|SunnyDay|[upkeep]\n|upkeep\n|c|\u2606broked on bricks|ayo\n|\n|t:|1663315469\n|switch|p1a: Porygon2|Porygon2, shiny|100\/100\n|-damage|p1a: Porygon2|88\/100|[from] Stealth Rock\n|-ability|p1a: Porygon2|Sheer Force|[from] ability: Trace|[of] p2a: Elmo\n|turn|12\n|\n|t:|1663315472\n|move|p2a: Elmo|Flare Blitz|p1a: Porygon2\n|-damage|p1a: Porygon2|0 fnt\n|faint|p1a: Porygon2\n|-damage|p2a: Elmo|33\/100|[from] Recoil\n|\n|-weather|none\n|upkeep\n|\n|t:|1663315476\n|switch|p1a: Hatterene|Hatterene, F|100\/100\n|-damage|p1a: Hatterene|88\/100|[from] Stealth Rock\n|turn|13\n|\n|t:|1663315480\n|move|p2a: Elmo|Flare Blitz|p1a: Hatterene\n|-damage|p1a: Hatterene|0 fnt\n|faint|p1a: Hatterene\n|-damage|p2a: Elmo|7\/100|[from] Recoil\n|\n|upkeep\n|\n|t:|1663315482\n|switch|p1a: Melmetal|Melmetal, shiny|100\/100\n|-damage|p1a: Melmetal|94\/100|[from] Stealth Rock\n|turn|14\n|\n|t:|1663315485\n|move|p2a: Elmo|Flare Blitz|p1a: Melmetal\n|-supereffective|p1a: Melmetal\n|-damage|p1a: Melmetal|0 fnt\n|faint|p1a: Melmetal\n|-damage|p2a: Elmo|0 fnt|[from] Recoil\n|faint|p2a: Elmo\n|\n|upkeep\n|c|\u2606Mrgamb1er007|lololol\n|\n|t:|1663315490\n|switch|p2a: Virgin Sharpedo|Garchomp, F|100\/100\n|switch|p1a: Marowak|Marowak-Alola, M|14\/100\n|-damage|p1a: Marowak|0 fnt|[from] Stealth Rock\n|faint|p1a: Marowak\n|\n|win|broked on bricks\n|c|\u2606broked on bricks|ggs\n","uploadtime":1663315497,"views":11,"p1id":"mrgamb1er007","p2id":"brokedonbricks","formatid":"gen8ou","rating":0,"private":0,"password":null}