{"id":"gen8ou-1566281796","p1":"andrewm0n","p2":"fendt di 7 anni fa","format":"gen8ou","log":"|j|\u2606andrewm0n\n|j|\u2606fendt di 7 anni fa\n|t:|1651526871\n|gametype|singles\n|player|p1|andrewm0n|169|1687\n|player|p2|fendt di 7 anni fa|zinnia|1711\n|teamsize|p1|6\n|teamsize|p2|6\n|gen|8\n|tier|[Gen 8] OU\n|rated|\n|rule|Sleep Clause Mod: Limit one foe put to sleep\n|rule|Species Clause: Limit one of each Pok\u00e9mon\n|rule|OHKO Clause: OHKO moves are banned\n|rule|Evasion Moves Clause: Evasion moves are banned\n|rule|Endless Battle Clause: Forcing endless battles is banned\n|rule|HP Percentage Mod: HP is shown in percentages\n|rule|Dynamax Clause: You cannot dynamax\n|clearpoke\n|poke|p1|Slowbro-Galar, M|\n|poke|p1|Seismitoad, M|\n|poke|p1|Clefable, F|\n|poke|p1|Corviknight, M|\n|poke|p1|Blaziken, M|\n|poke|p1|Kommo-o, M|\n|poke|p2|Melmetal|\n|poke|p2|Conkeldurr, M|\n|poke|p2|Dragapult, M|\n|poke|p2|Diggersby, F|\n|poke|p2|Hydreigon, M|\n|poke|p2|Regidrago|\n|teampreview\n|inactive|Battle timer is ON: inactive players will automatically lose when time's up. (requested by andrewm0n)\n|\n|t:|1651526885\n|start\n|switch|p1a: Slowbro|Slowbro-Galar, M|100\/100\n|switch|p2a: Conkeldurr|Conkeldurr, M|100\/100\n|turn|1\n|\n|t:|1651526896\n|switch|p2a: Hydreigon|Hydreigon, M|100\/100\n|move|p1a: Slowbro|Future Sight|p2a: Hydreigon\n|-start|p1a: Slowbro|move: Future Sight\n|\n|upkeep\n|turn|2\n|\n|t:|1651526902\n|switch|p1a: Clefable|Clefable, F|100\/100\n|move|p2a: Hydreigon|Substitute|p2a: Hydreigon\n|-start|p2a: Hydreigon|Substitute\n|-damage|p2a: Hydreigon|75\/100\n|\n|upkeep\n|turn|3\n|\n|t:|1651526907\n|move|p2a: Hydreigon|Nasty Plot|p2a: Hydreigon\n|-boost|p2a: Hydreigon|spa|2\n|move|p1a: Clefable|Moonblast|p2a: Hydreigon\n|-supereffective|p2a: Hydreigon\n|-crit|p2a: Hydreigon\n|-end|p2a: Hydreigon|Substitute\n|\n|-end|p2a: Hydreigon|move: Future Sight\n|-immune|p2a: Hydreigon\n|upkeep\n|turn|4\n|\n|t:|1651526909\n|move|p2a: Hydreigon|Substitute|p2a: Hydreigon\n|-start|p2a: Hydreigon|Substitute\n|-damage|p2a: Hydreigon|50\/100\n|move|p1a: Clefable|Moonblast|p2a: Hydreigon\n|-supereffective|p2a: Hydreigon\n|-crit|p2a: Hydreigon\n|-end|p2a: Hydreigon|Substitute\n|\n|upkeep\n|turn|5\n|\n|t:|1651526913\n|move|p2a: Hydreigon|Substitute|p2a: Hydreigon\n|-start|p2a: Hydreigon|Substitute\n|-damage|p2a: Hydreigon|25\/100\n|-enditem|p2a: Hydreigon|Salac Berry|[eat]\n|-boost|p2a: Hydreigon|spe|1|[from] item: Salac Berry\n|move|p1a: Clefable|Moonblast|p2a: Hydreigon\n|-supereffective|p2a: Hydreigon\n|-end|p2a: Hydreigon|Substitute\n|\n|upkeep\n|turn|6\n|\n|t:|1651526916\n|move|p2a: Hydreigon|Belch|p1a: Clefable\n|-supereffective|p1a: Clefable\n|-damage|p1a: Clefable|29\/100\n|move|p1a: Clefable|Moonblast|p2a: Hydreigon\n|-supereffective|p2a: Hydreigon\n|-crit|p2a: Hydreigon\n|-damage|p2a: Hydreigon|0 fnt\n|faint|p2a: Hydreigon\n|\n|-heal|p1a: Clefable|35\/100|[from] item: Leftovers\n|upkeep\n|\n|t:|1651526923\n|switch|p2a: Diggersby|Diggersby, F|100\/100\n|turn|7\n|\n|t:|1651526928\n|move|p1a: Clefable|Protect|p1a: Clefable\n|-singleturn|p1a: Clefable|Protect\n|move|p2a: Diggersby|Fire Punch|p1a: Clefable\n|-activate|p1a: Clefable|move: Protect\n|\n|-heal|p1a: Clefable|41\/100|[from] item: Leftovers\n|upkeep\n|turn|8\n|j| DA COME UP \u00a9\n|\n|t:|1651526932\n|move|p2a: Diggersby|Fire Punch|p1a: Clefable\n|-damage|p1a: Clefable|5\/100\n|move|p1a: Clefable|Teleport|p1a: Clefable\n|\n|t:|1651526942\n|switch|p1a: Kommo-o|Kommo-o, M|100\/100|[from]move: Teleport\n|\n|upkeep\n|turn|9\n|\n|t:|1651526946\n|switch|p2a: Dragapult|Dragapult, M|100\/100\n|move|p1a: Kommo-o|Clangorous Soul|p1a: Kommo-o\n|-boost|p1a: Kommo-o|atk|1\n|-boost|p1a: Kommo-o|def|1\n|-boost|p1a: Kommo-o|spa|1\n|-boost|p1a: Kommo-o|spd|1\n|-boost|p1a: Kommo-o|spe|1\n|-damage|p1a: Kommo-o|68\/100\n|\n|-heal|p1a: Kommo-o|74\/100|[from] item: Leftovers\n|upkeep\n|turn|10\n|\n|t:|1651526949\n|move|p2a: Dragapult|Draco Meteor|p1a: Kommo-o\n|-supereffective|p1a: Kommo-o\n|-damage|p1a: Kommo-o|0 fnt\n|-unboost|p2a: Dragapult|spa|2\n|faint|p1a: Kommo-o\n|\n|upkeep\n|\n|t:|1651526953\n|switch|p1a: Clefable|Clefable, F|5\/100\n|turn|11\n|\n|t:|1651526956\n|switch|p2a: Melmetal|Melmetal|100\/100\n|move|p1a: Clefable|Wish|p1a: Clefable\n|\n|-heal|p1a: Clefable|11\/100|[from] item: Leftovers\n|upkeep\n|turn|12\n|j| ppev\n|\n|t:|1651526964\n|move|p1a: Clefable|Protect|p1a: Clefable\n|-singleturn|p1a: Clefable|Protect\n|move|p2a: Melmetal|Double Iron Bash|p1a: Clefable\n|-activate|p1a: Clefable|move: Protect\n|\n|-heal|p1a: Clefable|61\/100|[from] move: Wish|[wisher] Clefable\n|-heal|p1a: Clefable|68\/100|[from] item: Leftovers\n|upkeep\n|turn|13\n|\n|t:|1651526968\n|switch|p1a: Corviknight|Corviknight, M|100\/100\n|-ability|p1a: Corviknight|Pressure\n|switch|p2a: Diggersby|Diggersby, F|100\/100\n|\n|upkeep\n|turn|14\n|\n|t:|1651526972\n|move|p2a: Diggersby|Fire Punch|p1a: Corviknight\n|-supereffective|p1a: Corviknight\n|-damage|p1a: Corviknight|25\/100\n|-damage|p2a: Diggersby|84\/100|[from] item: Rocky Helmet|[of] p1a: Corviknight\n|move|p1a: Corviknight|U-turn|p2a: Diggersby\n|-damage|p2a: Diggersby|64\/100\n|l| DA COME UP \u00a9\n|\n|t:|1651526975\n|switch|p1a: Blaziken|Blaziken, M|100\/100|[from]move: U-turn\n|\n|upkeep\n|turn|15\n|l| ppev\n|\n|t:|1651526981\n|switch|p2a: Conkeldurr|Conkeldurr, M|100\/100\n|move|p1a: Blaziken|Swords Dance|p1a: Blaziken\n|-boost|p1a: Blaziken|atk|2\n|\n|-ability|p1a: Blaziken|Speed Boost|boost\n|-boost|p1a: Blaziken|spe|1\n|upkeep\n|turn|16\n|\n|t:|1651526984\n|move|p1a: Blaziken|Close Combat|p2a: Conkeldurr\n|-damage|p2a: Conkeldurr|23\/100\n|-unboost|p1a: Blaziken|def|1\n|-unboost|p1a: Blaziken|spd|1\n|-damage|p1a: Blaziken|84\/100|[from] item: Rocky Helmet|[of] p2a: Conkeldurr\n|move|p2a: Conkeldurr|Drain Punch|p1a: Blaziken\n|-damage|p1a: Blaziken|0 fnt\n|-heal|p2a: Conkeldurr|53\/100|[from] drain|[of] p1a: Blaziken\n|faint|p1a: Blaziken\n|\n|upkeep\n|j| 8th Hokage Killua\n|\n|t:|1651526995\n|switch|p1a: Clefable|Clefable, F|68\/100\n|turn|17\n|\n|t:|1651527000\n|switch|p2a: Diggersby|Diggersby, F|64\/100\n|move|p1a: Clefable|Teleport|p1a: Clefable\n|\n|t:|1651527005\n|switch|p1a: Corviknight|Corviknight, M|25\/100|[from]move: Teleport\n|-ability|p1a: Corviknight|Pressure\n|\n|upkeep\n|turn|18\n|\n|t:|1651527011\n|switch|p1a: Seismitoad|Seismitoad, M|100\/100\n|move|p2a: Diggersby|Mega Kick|p1a: Seismitoad\n|-crit|p1a: Seismitoad\n|-damage|p1a: Seismitoad|0 fnt\n|faint|p1a: Seismitoad\n|\n|upkeep\n|inactive|andrewm0n has 120 seconds left.\n|\n|t:|1651527056\n|switch|p1a: Corviknight|Corviknight, M|25\/100\n|-ability|p1a: Corviknight|Pressure\n|turn|19\n|\n|t:|1651527058\n|move|p2a: Diggersby|Mega Kick|p1a: Corviknight\n|-resisted|p1a: Corviknight\n|-damage|p1a: Corviknight|0 fnt\n|-damage|p2a: Diggersby|47\/100|[from] item: Rocky Helmet|[of] p1a: Corviknight\n|faint|p1a: Corviknight\n|\n|upkeep\n|c|\u2606andrewm0n|gg\n|c|\u2606fendt di 7 anni fa|gg\n|c|\u2606andrewm0n|whats def conk for?\n|c|\u2606fendt di 7 anni fa|max hp almost max def\n|inactive|andrewm0n has 90 seconds left.\n|c|\u2606andrewm0n|but like what does it beat?\n|c|\u2606fendt di 7 anni fa|needed a defogger that could beat weavile\/sharp and lando\/kart almost\n|c|\u2606andrewm0n|ohhhh\n|c|\u2606fendt di 7 anni fa|also tanks things\n|j| DuelingPotato\n|c|\u2606andrewm0n|i forgot he learned defog\n|l| DuelingPotato\n|c|\u2606andrewm0n|haha, i found that out the hard way\n|inactive|andrewm0n has 60 seconds left.\n|c|\u2606fendt di 7 anni fa|yeah he beats rocks lando and ferro its not that bad\n|c|\u2606andrewm0n|did he ever tank\n|c|\u2606andrewm0n|anyways, gg\n|-message|andrewm0n forfeited.\n|\n|win|fendt di 7 anni fa\n|raw|andrewm0n's rating: 1687 &rarr; <strong>1668<\/strong><br \/>(-19 for losing)\n|raw|fendt di 7 anni fa's rating: 1711 &rarr; <strong>1730<\/strong><br \/>(+19 for winning)\n|c|\u2606fendt di 7 anni fa|yeah he tanks\n|l|\u2606andrewm0n\n|c|\u2606fendt di 7 anni fa|gg\n||Ladder isn't responding, score probably updated but might not have (Request timeout).\n","uploadtime":1651527145,"views":46,"p1id":"andrewm0n","p2id":"fendtdi7annifa","formatid":"gen8ou","rating":1668,"private":0,"password":null}