{"id":"gen8ou-1372153731","p1":"RTSG tests","p2":"Lt81yl fusien","format":"gen8ou","log":"|raw|<div class=\"broadcast-blue\"><strong>This battle is required to be public due to a player having a name starting with 'lt81yl'.<\/div>\n|j|\u2606RTSG tests\n|j|\u2606Lt81yl fusien\n|t:|1625646836\n|gametype|singles\n|player|p1|RTSG tests|hilbert|1688\n|player|p2|Lt81yl fusien|101|1803\n|teamsize|p1|6\n|teamsize|p2|6\n|gen|8\n|tier|[Gen 8] OU\n|rated|\n|rule|Sleep Clause Mod: Limit one foe put to sleep\n|rule|Species Clause: Limit one of each Pok\u00e9mon\n|rule|OHKO Clause: OHKO moves are banned\n|rule|Evasion Moves Clause: Evasion moves are banned\n|rule|Endless Battle Clause: Forcing endless battles is banned\n|rule|HP Percentage Mod: HP is shown in percentages\n|rule|Dynamax Clause: You cannot dynamax\n|clearpoke\n|poke|p1|Tapu Koko|\n|poke|p1|Hawlucha, M|\n|poke|p1|Mew|\n|poke|p1|Kommo-o, M|\n|poke|p1|Aegislash, F|\n|poke|p1|Zeraora|\n|poke|p2|Dragapult, F|\n|poke|p2|Urshifu-*, F|\n|poke|p2|Slowking, M|\n|poke|p2|Ferrothorn, M|\n|poke|p2|Landorus-Therian, M|\n|poke|p2|Clefable, F|\n|teampreview\n|inactive|Battle timer is ON: inactive players will automatically lose when time's up. (requested by Lt81yl fusien)\n|j| YaarBeli\n|j| Seasons In The Sun\n|inactive|Lt81yl fusien has 120 seconds left.\n|c|\u2606Lt81yl fusien|Hf\n|c|\u2606RTSG tests|yt\n|\n|t:|1625646885\n|start\n|switch|p1a: Mew|Mew|100\/100\n|switch|p2a: Urshifu|Urshifu-Rapid-Strike, F|100\/100\n|turn|1\n|\n|t:|1625646890\n|move|p2a: Urshifu|Surging Strikes|p1a: Mew\n|-crit|p1a: Mew\n|-damage|p1a: Mew|75\/100\n|-crit|p1a: Mew\n|-damage|p1a: Mew|49\/100\n|-crit|p1a: Mew\n|-damage|p1a: Mew|24\/100\n|-hitcount|p1a: Mew|3\n|move|p1a: Mew|Stealth Rock|p2a: Urshifu\n|-sidestart|p2: Lt81yl fusien|move: Stealth Rock\n|\n|upkeep\n|turn|2\n|inactive|Lt81yl fusien has 120 seconds left.\n|j| d18l\n|\n|t:|1625646940\n|move|p2a: Urshifu|Surging Strikes|p1a: Mew\n|-crit|p1a: Mew\n|-damage|p1a: Mew|0 fnt\n|faint|p1a: Mew\n|-hitcount|p1: Mew|1\n|\n|upkeep\n|\n|t:|1625646943\n|switch|p1a: Tapu Koko|Tapu Koko|100\/100\n|-fieldstart|move: Electric Terrain|[from] ability: Electric Surge|[of] p1a: Tapu Koko\n|turn|3\n|\n|t:|1625646946\n|move|p1a: Tapu Koko|Reflect|p1a: Tapu Koko\n|-sidestart|p1: RTSG tests|Reflect\n|move|p2a: Urshifu|Surging Strikes|p1a: Tapu Koko\n|-crit|p1a: Tapu Koko\n|-damage|p1a: Tapu Koko|68\/100\n|-crit|p1a: Tapu Koko\n|-damage|p1a: Tapu Koko|33\/100\n|-crit|p1a: Tapu Koko\n|-damage|p1a: Tapu Koko|0 fnt\n|faint|p1a: Tapu Koko\n|-hitcount|p1: Tapu Koko|3\n|\n|upkeep\n|\n|t:|1625646959\n|switch|p1a: Hawlucha|Hawlucha, M|100\/100\n|-enditem|p1a: Hawlucha|Electric Seed\n|-boost|p1a: Hawlucha|def|1|[from] item: Electric Seed\n|turn|4\n|\n|t:|1625646961\n|move|p1a: Hawlucha|Acrobatics|p2a: Urshifu\n|-supereffective|p2a: Urshifu\n|-damage|p2a: Urshifu|0 fnt\n|faint|p2a: Urshifu\n|\n|upkeep\n|\n|t:|1625646964\n|switch|p2a: Dragapult|Dragapult, F|100\/100\n|-damage|p2a: Dragapult|88\/100|[from] Stealth Rock\n|turn|5\n|\n|t:|1625646967\n|move|p1a: Hawlucha|Acrobatics|p2a: Dragapult\n|-damage|p2a: Dragapult|26\/100\n|move|p2a: Dragapult|Draco Meteor|p1a: Hawlucha\n|-damage|p1a: Hawlucha|0 fnt\n|-unboost|p2a: Dragapult|spa|2\n|faint|p1a: Hawlucha\n|\n|upkeep\n|\n|t:|1625646976\n|switch|p1a: Zeraora|Zeraora|100\/100\n|turn|6\n|\n|t:|1625646981\n|move|p1a: Zeraora|Bulk Up|p1a: Zeraora\n|-boost|p1a: Zeraora|atk|1\n|-boost|p1a: Zeraora|def|1\n|move|p2a: Dragapult|Draco Meteor|p1a: Zeraora\n|-crit|p1a: Zeraora\n|-damage|p1a: Zeraora|0 fnt\n|-unboost|p2a: Dragapult|spa|2\n|faint|p1a: Zeraora\n|\n|upkeep\n|\n|t:|1625646987\n|switch|p1a: Kommo-o|Kommo-o, M|100\/100\n|turn|7\n|\n|t:|1625646992\n|move|p2a: Dragapult|Draco Meteor|p1a: Kommo-o\n|-supereffective|p1a: Kommo-o\n|-damage|p1a: Kommo-o|45\/100\n|-unboost|p2a: Dragapult|spa|2\n|move|p1a: Kommo-o|Substitute|p1a: Kommo-o\n|-start|p1a: Kommo-o|Substitute\n|-damage|p1a: Kommo-o|20\/100\n|-enditem|p1a: Kommo-o|Salac Berry|[eat]\n|-boost|p1a: Kommo-o|spe|1|[from] item: Salac Berry\n|\n|-fieldend|move: Electric Terrain\n|upkeep\n|turn|8\n|\n|t:|1625646997\n|move|p1a: Kommo-o|Ice Punch|p2a: Dragapult\n|-supereffective|p2a: Dragapult\n|-damage|p2a: Dragapult|0 fnt\n|faint|p2a: Dragapult\n|\n|upkeep\n|\n|t:|1625647002\n|switch|p2a: Clefable|Clefable, F|100\/100\n|turn|9\n|\n|t:|1625647007\n|move|p1a: Kommo-o|Ice Punch|p2a: Clefable\n|-damage|p2a: Clefable|76\/100\n|move|p2a: Clefable|Moonblast|p1a: Kommo-o\n|-supereffective|p1a: Kommo-o\n|-end|p1a: Kommo-o|Substitute\n|\n|upkeep\n|turn|10\n|\n|t:|1625647019\n|move|p1a: Kommo-o|Ice Punch|p2a: Clefable\n|-damage|p2a: Clefable|54\/100\n|move|p2a: Clefable|Moonblast|p1a: Kommo-o\n|-supereffective|p1a: Kommo-o\n|-damage|p1a: Kommo-o|0 fnt\n|faint|p1a: Kommo-o\n|\n|-sideend|p1: RTSG tests|Reflect\n|upkeep\n|\n|t:|1625647021\n|switch|p1a: Aegislash|Aegislash, F|100\/100\n|turn|11\n|\n|t:|1625647023\n|move|p1a: Aegislash|Autotomize|p1a: Aegislash\n|-boost|p1a: Aegislash|spe|2\n|-start|p1a: Aegislash|Autotomize\n|move|p2a: Clefable|Thunder|p1a: Aegislash|[miss]\n|-miss|p2a: Clefable|p1a: Aegislash\n|\n|upkeep\n|turn|12\n|\n|t:|1625647027\n|switch|p2a: Ferrothorn|Ferrothorn, M|100\/100\n|-damage|p2a: Ferrothorn|94\/100|[from] Stealth Rock\n|-formechange|p1a: Aegislash|Aegislash-Blade||[from] ability: Stance Change\n|move|p1a: Aegislash|Flash Cannon|p2a: Ferrothorn\n|-resisted|p2a: Ferrothorn\n|-damage|p2a: Ferrothorn|78\/100\n|\n|-heal|p2a: Ferrothorn|84\/100|[from] item: Leftovers\n|upkeep\n|turn|13\n|c| YaarBeli|Imo b drum kommo is bad atm\n|\n|t:|1625647033\n|move|p1a: Aegislash|Shadow Ball|p2a: Ferrothorn\n|-damage|p2a: Ferrothorn|53\/100\n|move|p2a: Ferrothorn|Knock Off|p1a: Aegislash\n|-supereffective|p1a: Aegislash\n|-damage|p1a: Aegislash|1\/100\n|-enditem|p1a: Aegislash|Weakness Policy\n|-boost|p1a: Aegislash|atk|2|[from] item: Weakness Policy\n|-boost|p1a: Aegislash|spa|2|[from] item: Weakness Policy\n|\n|-heal|p2a: Ferrothorn|60\/100|[from] item: Leftovers\n|upkeep\n|turn|14\n|c| YaarBeli|Clanger is better\n|\n|t:|1625647041\n|move|p1a: Aegislash|Shadow Ball|p2a: Ferrothorn\n|-damage|p2a: Ferrothorn|0 fnt\n|faint|p2a: Ferrothorn\n|\n|upkeep\n|\n|t:|1625647046\n|switch|p2a: Clefable|Clefable, F|54\/100\n|turn|15\n|\n|t:|1625647049\n|move|p1a: Aegislash|Flash Cannon|p2a: Clefable\n|-supereffective|p2a: Clefable\n|-damage|p2a: Clefable|0 fnt\n|faint|p2a: Clefable\n|\n|upkeep\n|\n|t:|1625647051\n|switch|p2a: Slowking|Slowking, M|100\/100\n|turn|16\n|\n|t:|1625647053\n|move|p1a: Aegislash|Shadow Ball|p2a: Slowking\n|-supereffective|p2a: Slowking\n|-damage|p2a: Slowking|0 fnt\n|faint|p2a: Slowking\n|\n|upkeep\n|\n|t:|1625647055\n|switch|p2a: Landorus|Landorus-Therian, M|100\/100\n|-damage|p2a: Landorus|88\/100|[from] Stealth Rock\n|-ability|p2a: Landorus|Intimidate|boost\n|-unboost|p1a: Aegislash|atk|1\n|turn|17\n|\n|t:|1625647057\n|move|p1a: Aegislash|Shadow Ball|p2a: Landorus\n|-damage|p2a: Landorus|0 fnt\n|faint|p2a: Landorus\n|\n|win|RTSG tests\n|raw|RTSG tests's rating: 1688 &rarr; <strong>1714<\/strong><br \/>(+26 for winning)\n|raw|Lt81yl fusien's rating: 1803 &rarr; <strong>1777<\/strong><br \/>(-26 for losing)\n|c|\u2606Lt81yl fusien|Gg\n|c|\u2606RTSG tests|gg\n|l| d18l\n","uploadtime":1625647082,"views":34,"p1id":"rtsgtests","p2id":"lt81ylfusien","formatid":"gen8ou","rating":1714,"private":0,"password":null}