{"id":"gen8ou-1610013083","p1":"CelaDbandad","p2":"Makuryu","format":"gen8ou","log":"|j|\u2606CelaDbandad\n|j|\u2606Makuryu\n|t:|1656934435\n|gametype|singles\n|player|p1|CelaDbandad|evelyn|1591\n|player|p2|Makuryu|koga|1671\n|teamsize|p1|6\n|teamsize|p2|6\n|gen|8\n|tier|[Gen 8] OU\n|rated|\n|rule|Sleep Clause Mod: Limit one foe put to sleep\n|rule|Species Clause: Limit one of each Pok\u00e9mon\n|rule|OHKO Clause: OHKO moves are banned\n|rule|Evasion Moves Clause: Evasion moves are banned\n|rule|Endless Battle Clause: Forcing endless battles is banned\n|rule|HP Percentage Mod: HP is shown in percentages\n|rule|Dynamax Clause: You cannot dynamax\n|clearpoke\n|poke|p1|Landorus-Therian, M|\n|poke|p1|Heatran, F|\n|poke|p1|Dragonite, F|\n|poke|p1|Clefable, M|\n|poke|p1|Ferrothorn, M|\n|poke|p1|Tapu Koko|\n|poke|p2|Garchomp, F|\n|poke|p2|Ferrothorn, F|\n|poke|p2|Heatran, F|\n|poke|p2|Zapdos|\n|poke|p2|Tapu Fini|\n|poke|p2|Weavile, F|\n|teampreview\n|j| cute pink team\n|j| zReptar\n|l| zReptar\n|inactive|Battle timer is ON: inactive players will automatically lose when time's up. (requested by Makuryu)\n|\n|t:|1656934470\n|start\n|switch|p1a: Landorus|Landorus-Therian, M|100\/100\n|switch|p2a: Weavile|Weavile, F|100\/100\n|-ability|p2a: Weavile|Pressure\n|-ability|p1a: Landorus|Intimidate|boost\n|-unboost|p2a: Weavile|atk|1\n|turn|1\n|\n|t:|1656934490\n|switch|p1a: Ferrothorn|Ferrothorn, M|100\/100\n|move|p2a: Weavile|Knock Off|p1a: Ferrothorn\n|-damage|p1a: Ferrothorn|73\/100\n|-damage|p2a: Weavile|88\/100|[from] ability: Iron Barbs|[of] p1a: Ferrothorn\n|-damage|p2a: Weavile|72\/100|[from] item: Rocky Helmet|[of] p1a: Ferrothorn\n|-enditem|p1a: Ferrothorn|Rocky Helmet|[from] move: Knock Off|[of] p2a: Weavile\n|\n|upkeep\n|turn|2\n|\n|t:|1656934503\n|switch|p2a: Ferrothorn|Ferrothorn, F|100\/100\n|move|p1a: Ferrothorn|Knock Off|p2a: Ferrothorn\n|-damage|p2a: Ferrothorn|87\/100\n|-damage|p1a: Ferrothorn|60\/100|[from] ability: Iron Barbs|[of] p2a: Ferrothorn\n|-damage|p1a: Ferrothorn|44\/100|[from] item: Rocky Helmet|[of] p2a: Ferrothorn\n|-enditem|p2a: Ferrothorn|Rocky Helmet|[from] move: Knock Off|[of] p1a: Ferrothorn\n|\n|upkeep\n|turn|3\n|\n|t:|1656934512\n|move|p1a: Ferrothorn|Spikes|p2a: Ferrothorn\n|-sidestart|p2: Makuryu|Spikes\n|move|p2a: Ferrothorn|Spikes|p1a: Ferrothorn\n|-sidestart|p1: CelaDbandad|Spikes\n|\n|upkeep\n|turn|4\n|\n|t:|1656934517\n|move|p1a: Ferrothorn|Spikes|p2a: Ferrothorn\n|-sidestart|p2: Makuryu|Spikes\n|move|p2a: Ferrothorn|Spikes|p1a: Ferrothorn\n|-sidestart|p1: CelaDbandad|Spikes\n|\n|upkeep\n|turn|5\n|\n|t:|1656934521\n|move|p1a: Ferrothorn|Spikes|p2a: Ferrothorn\n|-sidestart|p2: Makuryu|Spikes\n|move|p2a: Ferrothorn|Spikes|p1a: Ferrothorn\n|-sidestart|p1: CelaDbandad|Spikes\n|\n|upkeep\n|turn|6\n|\n|t:|1656934527\n|move|p1a: Ferrothorn|Body Press|p2a: Ferrothorn\n|-supereffective|p2a: Ferrothorn\n|-damage|p2a: Ferrothorn|51\/100\n|-damage|p1a: Ferrothorn|31\/100|[from] ability: Iron Barbs|[of] p2a: Ferrothorn\n|move|p2a: Ferrothorn|Leech Seed|p1a: Ferrothorn\n|-immune|p1a: Ferrothorn\n|\n|upkeep\n|turn|7\n|\n|t:|1656934542\n|move|p1a: Ferrothorn|Knock Off|p2a: Ferrothorn\n|-damage|p2a: Ferrothorn|43\/100\n|-damage|p1a: Ferrothorn|19\/100|[from] ability: Iron Barbs|[of] p2a: Ferrothorn\n|move|p2a: Ferrothorn|Leech Seed|p1a: Ferrothorn\n|-immune|p1a: Ferrothorn\n|\n|upkeep\n|turn|8\n|\n|t:|1656934549\n|move|p1a: Ferrothorn|Body Press|p2a: Ferrothorn\n|-supereffective|p2a: Ferrothorn\n|-damage|p2a: Ferrothorn|10\/100\n|-damage|p1a: Ferrothorn|6\/100|[from] ability: Iron Barbs|[of] p2a: Ferrothorn\n|move|p2a: Ferrothorn|Leech Seed|p1a: Ferrothorn\n|-immune|p1a: Ferrothorn\n|\n|upkeep\n|turn|9\n|\n|t:|1656934561\n|switch|p1a: Clefable|Clefable, M, shiny|100\/100\n|move|p2a: Ferrothorn|Leech Seed|p1a: Clefable\n|-start|p1a: Clefable|move: Leech Seed\n|\n|upkeep\n|turn|10\n|\n|t:|1656934568\n|move|p1a: Clefable|Moonblast|p2a: Ferrothorn\n|-resisted|p2a: Ferrothorn\n|-damage|p2a: Ferrothorn|0 fnt\n|faint|p2a: Ferrothorn\n|\n|upkeep\n|\n|t:|1656934573\n|switch|p2a: Zapdos|Zapdos|100\/100\n|turn|11\n|\n|t:|1656934584\n|move|p2a: Zapdos|Hurricane|p1a: Clefable\n|-damage|p1a: Clefable|54\/100\n|move|p1a: Clefable|Trick|p2a: Zapdos\n|-activate|p1a: Clefable|move: Trick|[of] p2a: Zapdos\n|-item|p2a: Zapdos|Sticky Barb|[from] move: Trick\n|-item|p1a: Clefable|Heavy-Duty Boots|[from] move: Trick\n|\n|-damage|p2a: Zapdos|88\/100|[from] item: Sticky Barb\n|upkeep\n|turn|12\n|\n|t:|1656934593\n|move|p2a: Zapdos|Volt Switch|p1a: Clefable\n|-damage|p1a: Clefable|28\/100\n|\n|t:|1656934596\n|switch|p2a: Heatran|Heatran, F|100\/100|[from]move: Volt Switch\n|-item|p2a: Heatran|Air Balloon\n|move|p1a: Clefable|Soft-Boiled|p1a: Clefable\n|-heal|p1a: Clefable|78\/100\n|\n|upkeep\n|turn|13\n|\n|t:|1656934609\n|switch|p1a: Heatran|Heatran, F|100\/100\n|-item|p1a: Heatran|Air Balloon\n|move|p2a: Heatran|Stealth Rock|p1a: Heatran\n|-sidestart|p1: CelaDbandad|move: Stealth Rock\n|\n|upkeep\n|turn|14\n|\n|t:|1656934616\n|move|p1a: Heatran|Stealth Rock|p2a: Heatran\n|-sidestart|p2: Makuryu|move: Stealth Rock\n|move|p2a: Heatran|Taunt|p1a: Heatran\n|-start|p1a: Heatran|move: Taunt\n|\n|upkeep\n|turn|15\n|\n|t:|1656934624\n|move|p1a: Heatran|Earth Power|p2a: Heatran\n|-immune|p2a: Heatran\n|move|p2a: Heatran|Earth Power|p1a: Heatran\n|-immune|p1a: Heatran\n|\n|upkeep\n|turn|16\n|\n|t:|1656934636\n|move|p1a: Heatran|Earth Power|p2a: Heatran\n|-immune|p2a: Heatran\n|move|p2a: Heatran|Earth Power|p1a: Heatran\n|-immune|p1a: Heatran\n|\n|upkeep\n|turn|17\n|\n|t:|1656934643\n|move|p2a: Heatran|Earth Power|p1a: Heatran\n|-immune|p1a: Heatran\n|move|p1a: Heatran|Earth Power|p2a: Heatran\n|-immune|p2a: Heatran\n|\n|-end|p1a: Heatran|move: Taunt\n|upkeep\n|turn|18\n|\n|t:|1656934651\n|move|p1a: Heatran|Taunt|p2a: Heatran\n|-start|p2a: Heatran|move: Taunt\n|cant|p2a: Heatran|move: Taunt|Taunt\n|\n|upkeep\n|turn|19\n|\n|t:|1656934658\n|move|p1a: Heatran|Stealth Rock||[still]\n|-fail|p1a: Heatran\n|move|p2a: Heatran|Earth Power|p1a: Heatran\n|-immune|p1a: Heatran\n|\n|upkeep\n|turn|20\n|\n|t:|1656934664\n|move|p1a: Heatran|Stealth Rock||[still]\n|-fail|p1a: Heatran\n|move|p2a: Heatran|Magma Storm|p1a: Heatran\n|-start|p1a: Heatran|ability: Flash Fire\n|\n|-end|p2a: Heatran|move: Taunt\n|upkeep\n|turn|21\n|\n|t:|1656934671\n|move|p1a: Heatran|Taunt|p2a: Heatran\n|-start|p2a: Heatran|move: Taunt\n|cant|p2a: Heatran|move: Taunt|Taunt\n|\n|upkeep\n|turn|22\n|\n|t:|1656934677\n|move|p1a: Heatran|Earth Power|p2a: Heatran\n|-immune|p2a: Heatran\n|move|p2a: Heatran|Earth Power|p1a: Heatran\n|-immune|p1a: Heatran\n|\n|upkeep\n|turn|23\n|\n|t:|1656934683\n|move|p1a: Heatran|Stealth Rock||[still]\n|-fail|p1a: Heatran\n|move|p2a: Heatran|Earth Power|p1a: Heatran\n|-immune|p1a: Heatran\n|\n|-end|p2a: Heatran|move: Taunt\n|upkeep\n|turn|24\n|\n|t:|1656934690\n|move|p2a: Heatran|Taunt|p1a: Heatran\n|-start|p1a: Heatran|move: Taunt\n|move|p1a: Heatran|Magma Storm|p2a: Heatran\n|-start|p2a: Heatran|ability: Flash Fire\n|\n|upkeep\n|turn|25\n|\n|t:|1656934714\n|move|p2a: Heatran|Stealth Rock||[still]\n|-fail|p2a: Heatran\n|move|p1a: Heatran|Magma Storm|p2a: Heatran\n|-immune|p2a: Heatran|[from] ability: Flash Fire\n|\n|upkeep\n|turn|26\n|\n|t:|1656934719\n|move|p1a: Heatran|Magma Storm|p2a: Heatran\n|-immune|p2a: Heatran|[from] ability: Flash Fire\n|move|p2a: Heatran|Stealth Rock||[still]\n|-fail|p2a: Heatran\n|\n|-end|p1a: Heatran|move: Taunt\n|upkeep\n|turn|27\n|\n|t:|1656934726\n|move|p1a: Heatran|Taunt|p2a: Heatran\n|-start|p2a: Heatran|move: Taunt\n|cant|p2a: Heatran|move: Taunt|Taunt\n|\n|upkeep\n|turn|28\n|\n|t:|1656934733\n|move|p1a: Heatran|Stealth Rock||[still]\n|-fail|p1a: Heatran\n|move|p2a: Heatran|Magma Storm|p1a: Heatran\n|-immune|p1a: Heatran|[from] ability: Flash Fire\n|\n|upkeep\n|turn|29\n|\n|t:|1656934739\n|move|p2a: Heatran|Earth Power|p1a: Heatran\n|-immune|p1a: Heatran\n|move|p1a: Heatran|Stealth Rock||[still]\n|-fail|p1a: Heatran\n|\n|-end|p2a: Heatran|move: Taunt\n|upkeep\n|turn|30\n|\n|t:|1656934745\n|move|p1a: Heatran|Taunt|p2a: Heatran\n|-start|p2a: Heatran|move: Taunt\n|cant|p2a: Heatran|move: Taunt|Taunt\n|\n|upkeep\n|turn|31\n|\n|t:|1656934751\n|move|p2a: Heatran|Magma Storm|p1a: Heatran\n|-immune|p1a: Heatran|[from] ability: Flash Fire\n|move|p1a: Heatran|Stealth Rock||[still]\n|-fail|p1a: Heatran\n|\n|upkeep\n|turn|32\n|\n|t:|1656934768\n|move|p1a: Heatran|Stealth Rock||[still]\n|-fail|p1a: Heatran\n|move|p2a: Heatran|Earth Power|p1a: Heatran\n|-immune|p1a: Heatran\n|\n|-end|p2a: Heatran|move: Taunt\n|upkeep\n|turn|33\n|\n|t:|1656934774\n|move|p2a: Heatran|Taunt|p1a: Heatran\n|-start|p1a: Heatran|move: Taunt\n|cant|p1a: Heatran|move: Taunt|Taunt\n|\n|upkeep\n|turn|34\n|\n|t:|1656934785\n|move|p2a: Heatran|Stealth Rock||[still]\n|-fail|p2a: Heatran\n|move|p1a: Heatran|Magma Storm|p2a: Heatran\n|-immune|p2a: Heatran|[from] ability: Flash Fire\n|\n|upkeep\n|turn|35\n|\n|t:|1656934793\n|move|p2a: Heatran|Stealth Rock||[still]\n|-fail|p2a: Heatran\n|move|p1a: Heatran|Earth Power|p2a: Heatran\n|-immune|p2a: Heatran\n|\n|-end|p1a: Heatran|move: Taunt\n|upkeep\n|turn|36\n|\n|t:|1656934800\n|move|p2a: Heatran|Taunt|p1a: Heatran\n|-start|p1a: Heatran|move: Taunt\n|cant|p1a: Heatran|move: Taunt|Taunt\n|\n|upkeep\n|turn|37\n|\n|t:|1656934806\n|move|p2a: Heatran|Stealth Rock||[still]\n|-fail|p2a: Heatran\n|move|p1a: Heatran|Earth Power|p2a: Heatran\n|-immune|p2a: Heatran\n|\n|upkeep\n|turn|38\n|\n|t:|1656934813\n|move|p1a: Heatran|Earth Power|p2a: Heatran\n|-immune|p2a: Heatran\n|move|p2a: Heatran|Stealth Rock||[still]\n|-fail|p2a: Heatran\n|\n|-end|p1a: Heatran|move: Taunt\n|upkeep\n|turn|39\n|\n|t:|1656934820\n|move|p2a: Heatran|Taunt|p1a: Heatran\n|-start|p1a: Heatran|move: Taunt\n|cant|p1a: Heatran|move: Taunt|Taunt\n|\n|upkeep\n|turn|40\n|\n|t:|1656934826\n|move|p1a: Heatran|Earth Power|p2a: Heatran\n|-immune|p2a: Heatran\n|move|p2a: Heatran|Stealth Rock||[still]\n|-fail|p2a: Heatran\n|\n|upkeep\n|turn|41\n|\n|t:|1656934834\n|move|p2a: Heatran|Stealth Rock||[still]\n|-fail|p2a: Heatran\n|move|p1a: Heatran|Earth Power|p2a: Heatran\n|-immune|p2a: Heatran\n|\n|-end|p1a: Heatran|move: Taunt\n|upkeep\n|turn|42\n|\n|t:|1656934840\n|move|p1a: Heatran|Taunt|p2a: Heatran\n|-start|p2a: Heatran|move: Taunt\n|cant|p2a: Heatran|move: Taunt|Taunt\n|\n|upkeep\n|turn|43\n|\n|t:|1656934845\n|move|p2a: Heatran|Earth Power|p1a: Heatran\n|-immune|p1a: Heatran\n|move|p1a: Heatran|Stealth Rock||[still]\n|-fail|p1a: Heatran\n|\n|upkeep\n|turn|44\n|\n|t:|1656934852\n|move|p1a: Heatran|Stealth Rock||[still]\n|-fail|p1a: Heatran\n|move|p2a: Heatran|Magma Storm|p1a: Heatran\n|-immune|p1a: Heatran|[from] ability: Flash Fire\n|\n|-end|p2a: Heatran|move: Taunt\n|upkeep\n|turn|45\n|\n|t:|1656934859\n|move|p1a: Heatran|Taunt|p2a: Heatran\n|-start|p2a: Heatran|move: Taunt\n|cant|p2a: Heatran|move: Taunt|Taunt\n|\n|upkeep\n|turn|46\n|\n|t:|1656934864\n|move|p1a: Heatran|Stealth Rock||[still]\n|-fail|p1a: Heatran\n|move|p2a: Heatran|Earth Power|p1a: Heatran\n|-immune|p1a: Heatran\n|\n|upkeep\n|turn|47\n|\n|t:|1656934870\n|move|p2a: Heatran|Earth Power|p1a: Heatran\n|-immune|p1a: Heatran\n|move|p1a: Heatran|Stealth Rock||[still]\n|-fail|p1a: Heatran\n|\n|-end|p2a: Heatran|move: Taunt\n|upkeep\n|turn|48\n|\n|t:|1656934880\n|move|p1a: Heatran|Taunt|p2a: Heatran\n|-start|p2a: Heatran|move: Taunt\n|cant|p2a: Heatran|move: Taunt|Taunt\n|\n|upkeep\n|turn|49\n|\n|t:|1656934884\n|move|p1a: Heatran|Stealth Rock||[still]\n|-fail|p1a: Heatran\n|move|p2a: Heatran|Earth Power|p1a: Heatran\n|-immune|p1a: Heatran\n|\n|upkeep\n|turn|50\n|\n|t:|1656934890\n|move|p1a: Heatran|Stealth Rock||[still]\n|-fail|p1a: Heatran\n|move|p2a: Heatran|Earth Power|p1a: Heatran\n|-immune|p1a: Heatran\n|\n|-end|p2a: Heatran|move: Taunt\n|upkeep\n|turn|51\n|\n|t:|1656934897\n|move|p1a: Heatran|Taunt|p2a: Heatran\n|-start|p2a: Heatran|move: Taunt\n|cant|p2a: Heatran|move: Taunt|Taunt\n|\n|upkeep\n|turn|52\n|\n|t:|1656934903\n|move|p2a: Heatran|Magma Storm|p1a: Heatran\n|-immune|p1a: Heatran|[from] ability: Flash Fire\n|move|p1a: Heatran|Stealth Rock||[still]\n|-fail|p1a: Heatran\n|\n|upkeep\n|turn|53\n|\n|t:|1656934910\n|move|p2a: Heatran|Magma Storm|p1a: Heatran\n|-immune|p1a: Heatran|[from] ability: Flash Fire\n|move|p1a: Heatran|Stealth Rock||[still]\n|-fail|p1a: Heatran\n|\n|-end|p2a: Heatran|move: Taunt\n|upkeep\n|turn|54\n|\n|t:|1656934917\n|move|p2a: Heatran|Taunt|p1a: Heatran\n|-start|p1a: Heatran|move: Taunt\n|cant|p1a: Heatran|move: Taunt|Taunt\n|\n|upkeep\n|turn|55\n|\n|t:|1656934926\n|move|p2a: Heatran|Stealth Rock||[still]\n|-fail|p2a: Heatran\n|move|p1a: Heatran|Earth Power|p2a: Heatran\n|-immune|p2a: Heatran\n|\n|upkeep\n|turn|56\n|\n|t:|1656934932\n|move|p1a: Heatran|Earth Power|p2a: Heatran\n|-immune|p2a: Heatran\n|move|p2a: Heatran|Stealth Rock||[still]\n|-fail|p2a: Heatran\n|\n|-end|p1a: Heatran|move: Taunt\n|upkeep\n|turn|57\n|\n|t:|1656934939\n|move|p1a: Heatran|Taunt|p2a: Heatran\n|-start|p2a: Heatran|move: Taunt\n|cant|p2a: Heatran|move: Taunt|Taunt\n|\n|upkeep\n|turn|58\n|\n|t:|1656934945\n|move|p2a: Heatran|Earth Power|p1a: Heatran\n|-immune|p1a: Heatran\n|move|p1a: Heatran|Stealth Rock||[still]\n|-fail|p1a: Heatran\n|\n|upkeep\n|turn|59\n|\n|t:|1656934952\n|move|p1a: Heatran|Stealth Rock||[still]\n|-fail|p1a: Heatran\n|move|p2a: Heatran|Magma Storm|p1a: Heatran\n|-immune|p1a: Heatran|[from] ability: Flash Fire\n|\n|-end|p2a: Heatran|move: Taunt\n|upkeep\n|turn|60\n|\n|t:|1656934961\n|move|p1a: Heatran|Taunt|p2a: Heatran\n|-start|p2a: Heatran|move: Taunt\n|cant|p2a: Heatran|move: Taunt|Taunt\n|\n|upkeep\n|turn|61\n|\n|t:|1656934968\n|move|p2a: Heatran|Earth Power|p1a: Heatran\n|-immune|p1a: Heatran\n|move|p1a: Heatran|Taunt||[still]\n|-fail|p1a: Heatran\n|\n|upkeep\n|turn|62\n|\n|t:|1656934974\n|move|p2a: Heatran|Magma Storm|p1a: Heatran\n|-immune|p1a: Heatran|[from] ability: Flash Fire\n|move|p1a: Heatran|Stealth Rock||[still]\n|-fail|p1a: Heatran\n|\n|-end|p2a: Heatran|move: Taunt\n|upkeep\n|turn|63\n|\n|t:|1656934982\n|move|p1a: Heatran|Taunt|p2a: Heatran\n|-start|p2a: Heatran|move: Taunt\n|cant|p2a: Heatran|move: Taunt|Taunt\n|\n|upkeep\n|turn|64\n|\n|t:|1656934989\n|-end|p2a: Heatran|ability: Flash Fire|[silent]\n|switch|p2a: Garchomp|Garchomp, F|100\/100\n|-damage|p2a: Garchomp|76\/100|[from] Spikes\n|-damage|p2a: Garchomp|69\/100|[from] Stealth Rock\n|move|p1a: Heatran|Magma Storm|p2a: Garchomp\n|-resisted|p2a: Garchomp\n|-damage|p2a: Garchomp|28\/100\n|-activate|p2a: Garchomp|move: Magma Storm|[of] p1a: Heatran\n|\n|-heal|p2a: Garchomp|34\/100|[from] item: Leftovers\n|-damage|p2a: Garchomp|22\/100|[from] move: Magma Storm|[partiallytrapped]\n|upkeep\n|turn|65\n|\n|t:|1656935006\n|-end|p1a: Heatran|ability: Flash Fire|[silent]\n|switch|p1a: Landorus|Landorus-Therian, M|100\/100\n|-damage|p1a: Landorus|88\/100|[from] Stealth Rock\n|-ability|p1a: Landorus|Intimidate|boost\n|-unboost|p2a: Garchomp|atk|1\n|move|p2a: Garchomp|Aqua Tail|p1a: Landorus\n|-supereffective|p1a: Landorus\n|-damage|p1a: Landorus|53\/100\n|-damage|p2a: Garchomp|5\/100|[from] item: Rocky Helmet|[of] p1a: Landorus\n|\n|-heal|p2a: Garchomp|11\/100|[from] item: Leftovers\n|-end|p2a: Garchomp|Magma Storm|[partiallytrapped]|[silent]\n|upkeep\n|turn|66\n|\n|t:|1656935020\n|move|p2a: Garchomp|Aqua Tail|p1a: Landorus\n|-supereffective|p1a: Landorus\n|-crit|p1a: Landorus\n|-damage|p1a: Landorus|0 fnt\n|-damage|p2a: Garchomp|0 fnt|[from] item: Rocky Helmet|[of] p1a: Landorus\n|faint|p1a: Landorus\n|faint|p2a: Garchomp\n|\n|upkeep\n|\n|t:|1656935033\n|switch|p2a: Zapdos|Zapdos|88\/100\n|switch|p1a: Clefable|Clefable, M, shiny|78\/100\n|-damage|p2a: Zapdos|63\/100|[from] Stealth Rock\n|turn|67\n|\n|t:|1656935040\n|move|p2a: Zapdos|Defog|p1a: Clefable\n|-unboost|p1a: Clefable|evasion|1\n|-sideend|p1: CelaDbandad|Spikes|[from] move: Defog|[of] p2a: Zapdos\n|-sideend|p1: CelaDbandad|Stealth Rock|[from] move: Defog|[of] p2a: Zapdos\n|-sideend|p2: Makuryu|Spikes|[from] move: Defog|[of] p2a: Zapdos\n|-sideend|p2: Makuryu|Stealth Rock|[from] move: Defog|[of] p2a: Zapdos\n|move|p1a: Clefable|Moonblast|p2a: Zapdos\n|-damage|p2a: Zapdos|26\/100\n|\n|-damage|p2a: Zapdos|14\/100|[from] item: Sticky Barb\n|upkeep\n|turn|68\n|\n|t:|1656935056\n|move|p2a: Zapdos|Hurricane|p1a: Clefable\n|-damage|p1a: Clefable|35\/100\n|move|p1a: Clefable|Moonblast|p2a: Zapdos\n|-damage|p2a: Zapdos|0 fnt\n|faint|p2a: Zapdos\n|\n|upkeep\n|\n|t:|1656935068\n|switch|p2a: Weavile|Weavile, F|72\/100\n|-ability|p2a: Weavile|Pressure\n|turn|69\n|\n|t:|1656935073\n|move|p2a: Weavile|Triple Axel|p1a: Clefable\n|-damage|p1a: Clefable|19\/100\n|-damage|p1a: Clefable|0 fnt\n|faint|p1a: Clefable\n|-hitcount|p1: Clefable|2\n|\n|upkeep\n|inactive|CelaDbandad has 120 seconds left.\n|inactive|CelaDbandad has 90 seconds left.\n|\n|t:|1656935139\n|switch|p1a: Ferrothorn|Ferrothorn, M|6\/100\n|turn|70\n|j| La testeasion \u2022_\u2022\"\n|\n|t:|1656935142\n|move|p2a: Weavile|Triple Axel|p1a: Ferrothorn\n|-damage|p1a: Ferrothorn|0 fnt\n|-damage|p2a: Weavile|59\/100|[from] ability: Iron Barbs|[of] p1a: Ferrothorn\n|faint|p1a: Ferrothorn\n|-hitcount|p1: Ferrothorn|1\n|\n|upkeep\n|\n|t:|1656935149\n|switch|p1a: Tapu Koko|Tapu Koko|100\/100\n|-fieldstart|move: Electric Terrain|[from] ability: Electric Surge|[of] p1a: Tapu Koko\n|turn|71\n|\n|t:|1656935154\n|switch|p2a: Heatran|Heatran, F|100\/100\n|-item|p2a: Heatran|Air Balloon\n|move|p1a: Tapu Koko|Dazzling Gleam|p2a: Heatran\n|-resisted|p2a: Heatran\n|-damage|p2a: Heatran|93\/100\n|-enditem|p2a: Heatran|Air Balloon\n|\n|upkeep\n|turn|72\n|inactive|CelaDbandad has 90 seconds left.\n|\n|t:|1656935175\n|move|p1a: Tapu Koko|Calm Mind|p1a: Tapu Koko\n|-boost|p1a: Tapu Koko|spa|1\n|-boost|p1a: Tapu Koko|spd|1\n|move|p2a: Heatran|Stealth Rock|p1a: Tapu Koko\n|-sidestart|p1: CelaDbandad|move: Stealth Rock\n|\n|upkeep\n|turn|73\n|inactive|CelaDbandad has 90 seconds left.\n|\n|t:|1656935202\n|move|p1a: Tapu Koko|Thunderbolt|p2a: Heatran\n|-damage|p2a: Heatran|14\/100\n|move|p2a: Heatran|Earth Power|p1a: Tapu Koko\n|-supereffective|p1a: Tapu Koko\n|-damage|p1a: Tapu Koko|31\/100\n|\n|upkeep\n|turn|74\n|\n|t:|1656935210\n|move|p1a: Tapu Koko|Roost|p1a: Tapu Koko\n|-heal|p1a: Tapu Koko|82\/100\n|-singleturn|p1a: Tapu Koko|move: Roost\n|move|p2a: Heatran|Taunt|p1a: Tapu Koko\n|-start|p1a: Tapu Koko|move: Taunt\n|\n|upkeep\n|turn|75\n|-message|Makuryu forfeited.\n|\n|win|CelaDbandad\n|raw|CelaDbandad's rating: 1591 &rarr; <strong>1616<\/strong><br \/>(+25 for winning)\n|raw|Makuryu's rating: 1671 &rarr; <strong>1646<\/strong><br \/>(-25 for losing)\n|l|\u2606Makuryu\n|c|\u2606CelaDbandad|gg\n|c| La testeasion \u2022_\u2022\"|what an stupid turn\n|c| La testeasion \u2022_\u2022\"|by both\n|l| La testeasion \u2022_\u2022\"\n|c|\u2606CelaDbandad|why?\n|j| La testeasion \u2022_\u2022\"\n|l|\u2606CelaDbandad\n|c| La testeasion \u2022_\u2022\"|cuz u were losing +50 from epower so there was no point on rosting, same to the other guy,  taunting there was useless cuz u were supposed to use tbolt\n","uploadtime":1656935638,"views":20,"p1id":"celadbandad","p2id":"makuryu","formatid":"gen8ou","rating":1616,"private":0,"password":null}