{"id":"gen8ou-1063414107","p1":"Rheinmetal","p2":"Sparkesque","format":"gen8ou","log":"|j|\u2606Rheinmetal\n|j|\u2606Sparkesque\n|player|p1|Rheinmetal|cynthia|1466\n|player|p2|Sparkesque|101|1474\n|teamsize|p1|6\n|teamsize|p2|6\n|gametype|singles\n|gen|8\n|tier|[Gen 8] OU\n|rated|\n|clearpoke\n|poke|p1|Melmetal|\n|poke|p1|Kyurem-Black|\n|poke|p1|Incineroar, F|\n|poke|p1|Rotom-Wash|\n|poke|p1|Dragapult, M|\n|poke|p1|Excadrill, F|\n|poke|p2|Aegislash, F|\n|poke|p2|Bisharp, M|\n|poke|p2|Dragapult, F|\n|poke|p2|Hydreigon, M|\n|poke|p2|Mimikyu, F|\n|poke|p2|Kommo-o, F|\n|rule|Sleep Clause Mod: Limit one foe put to sleep\n|rule|Species Clause: Limit one of each Pok\u00e9mon\n|rule|OHKO Clause: OHKO moves are banned\n|rule|Evasion Moves Clause: Evasion moves are banned\n|rule|Endless Battle Clause: Forcing endless battles is banned\n|rule|HP Percentage Mod: HP is shown in percentages\n|rule|Dynamax Clause: You cannot dynamax\n|teampreview\n|inactive|Battle timer is ON: inactive players will automatically lose when time's up. (requested by Rheinmetal)\n|\n|start\n|switch|p1a: Excadrill|Excadrill, F|100\/100\n|switch|p2a: Kommo-o|Kommo-o, F|100\/100\n|-ability|p1a: Excadrill|Mold Breaker\n|turn|1\n|\n|move|p1a: Excadrill|Stealth Rock|p2a: Kommo-o\n|-sidestart|p2: Sparkesque|move: Stealth Rock\n|move|p2a: Kommo-o|Flamethrower|p1a: Excadrill\n|-supereffective|p1a: Excadrill\n|-damage|p1a: Excadrill|5\/100\n|-status|p1a: Excadrill|brn\n|-damage|p2a: Kommo-o|91\/100|[from] item: Life Orb\n|\n|-damage|p1a: Excadrill|0 fnt|[from] brn\n|faint|p1a: Excadrill\n|upkeep\n|\n|switch|p1a: Dragapult|Dragapult, M|100\/100\n|turn|2\n|\n|move|p1a: Dragapult|U-turn|p2a: Kommo-o\n|-resisted|p2a: Kommo-o\n|-damage|p2a: Kommo-o|82\/100\n|\n|switch|p1a: Rotom|Rotom-Wash|100\/100|[from]move: U-turn\n|move|p2a: Kommo-o|Stealth Rock|p1a: Rotom\n|-sidestart|p1: Rheinmetal|move: Stealth Rock\n|\n|upkeep\n|turn|3\n|\n|move|p2a: Kommo-o|Clanging Scales|p1a: Rotom\n|-damage|p1a: Rotom|29\/100\n|-unboost|p2a: Kommo-o|def|1\n|-damage|p2a: Kommo-o|72\/100|[from] item: Life Orb\n|move|p1a: Rotom|Will-O-Wisp|p2a: Kommo-o\n|-status|p2a: Kommo-o|brn\n|\n|-heal|p1a: Rotom|35\/100|[from] item: Leftovers\n|-damage|p2a: Kommo-o|66\/100 brn|[from] brn\n|upkeep\n|turn|4\n|\n|move|p2a: Kommo-o|Clanging Scales|p1a: Rotom\n|-damage|p1a: Rotom|0 fnt\n|-unboost|p2a: Kommo-o|def|1\n|-damage|p2a: Kommo-o|56\/100 brn|[from] item: Life Orb\n|faint|p1a: Rotom\n|\n|-damage|p2a: Kommo-o|50\/100 brn|[from] brn\n|upkeep\n|\n|switch|p1a: Incineroar|Incineroar, F, shiny|100\/100\n|-ability|p1a: Incineroar|Intimidate|boost\n|-unboost|p2a: Kommo-o|atk|1\n|turn|5\n|\n|move|p2a: Kommo-o|Clanging Scales|p1a: Incineroar\n|-damage|p1a: Incineroar|42\/100\n|-unboost|p2a: Kommo-o|def|1\n|-damage|p2a: Kommo-o|40\/100 brn|[from] item: Life Orb\n|move|p1a: Incineroar|Knock Off|p2a: Kommo-o\n|-resisted|p2a: Kommo-o\n|-damage|p2a: Kommo-o|0 fnt\n|-enditem|p2a: Kommo-o|Life Orb|[from] move: Knock Off|[of] p1a: Incineroar\n|faint|p2a: Kommo-o\n|\n|upkeep\n|\n|switch|p2a: Mimikyu|Mimikyu, F|100\/100\n|-damage|p2a: Mimikyu|88\/100|[from] Stealth Rock\n|turn|6\n|\n|move|p2a: Mimikyu|Play Rough|p1a: Incineroar\n|-damage|p1a: Incineroar|8\/100\n|-damage|p2a: Mimikyu|78\/100|[from] item: Life Orb\n|move|p1a: Incineroar|Iron Head|p2a: Mimikyu\n|-activate|p2a: Mimikyu|ability: Disguise\n|-damage|p2a: Mimikyu|78\/100\n|detailschange|p2a: Mimikyu|Mimikyu-Busted, F\n|-damage|p2a: Mimikyu|66\/100|[from] pokemon: mimikyubusted\n|\n|upkeep\n|turn|7\n|\n|move|p2a: Mimikyu|Shadow Claw|p1a: Incineroar\n|-resisted|p1a: Incineroar\n|-damage|p1a: Incineroar|0 fnt\n|-damage|p2a: Mimikyu|56\/100|[from] item: Life Orb\n|faint|p1a: Incineroar\n|\n|upkeep\n|\n|switch|p1a: Melmetal|Melmetal|100\/100\n|-damage|p1a: Melmetal|94\/100|[from] Stealth Rock\n|turn|8\n|\n|move|p2a: Mimikyu|Shadow Claw|p1a: Melmetal\n|-damage|p1a: Melmetal|73\/100\n|-damage|p2a: Mimikyu|46\/100|[from] item: Life Orb\n|move|p1a: Melmetal|Earthquake|p2a: Mimikyu\n|-damage|p2a: Mimikyu|0 fnt\n|faint|p2a: Mimikyu\n|\n|upkeep\n|\n|switch|p2a: Aegislash|Aegislash, F|100\/100\n|-damage|p2a: Aegislash|94\/100|[from] Stealth Rock\n|-item|p2a: Aegislash|Air Balloon\n|turn|9\n|\n|switch|p1a: Dragapult|Dragapult, M|100\/100\n|-damage|p1a: Dragapult|88\/100|[from] Stealth Rock\n|-formechange|p2a: Aegislash|Aegislash-Blade||[from] ability: Stance Change\n|move|p2a: Aegislash|Shadow Ball|p1a: Dragapult\n|-supereffective|p1a: Dragapult\n|-damage|p1a: Dragapult|0 fnt\n|faint|p1a: Dragapult\n|\n|upkeep\n|\n|switch|p1a: Kyurem|Kyurem-Black, shiny|100\/100\n|-damage|p1a: Kyurem|76\/100|[from] Stealth Rock\n|-ability|p1a: Kyurem|Teravolt\n|turn|10\n|\n|move|p1a: Kyurem|Dragon Dance|p1a: Kyurem\n|-boost|p1a: Kyurem|atk|1\n|-boost|p1a: Kyurem|spe|1\n|move|p2a: Aegislash|Flash Cannon|p1a: Kyurem\n|-supereffective|p1a: Kyurem\n|-damage|p1a: Kyurem|0 fnt\n|faint|p1a: Kyurem\n|\n|upkeep\n|-message|Rheinmetal forfeited.\n|\n|win|Sparkesque\n|l|\u2606Rheinmetal\n|raw|Rheinmetal's rating: 1445 &rarr; <strong>1428<\/strong><br \/>(-17 for losing)\n|raw|Sparkesque's rating: 1492 &rarr; <strong>1509<\/strong><br \/>(+17 for winning)\n","uploadtime":1581722417,"views":44,"p1id":"rheinmetal","p2id":"sparkesque","formatid":"gen8ou","rating":1428,"private":0,"password":null}