{"id":"gen8nationaldex-1695134818","p1":"ogwontonsoup","p2":"iopkj09","format":"gen8nationaldex","log":"|j|\u2606ogwontonsoup\n|j|\u2606iopkj09\n|t:|1666771081\n|gametype|singles\n|player|p1|ogwontonsoup|101|1600\n|player|p2|iopkj09|nate|1828\n|teamsize|p1|6\n|teamsize|p2|6\n|gen|8\n|tier|[Gen 8] National Dex\n|rated|\n|rule|HP Percentage Mod: HP is shown in percentages\n|rule|Endless Battle Clause: Forcing endless battles is banned\n|rule|OHKO Clause: OHKO moves are banned\n|rule|Evasion Moves Clause: Evasion moves are banned\n|rule|Species Clause: Limit one of each Pok\u00e9mon\n|rule|Dynamax Clause: You cannot dynamax\n|rule|Sleep Clause Mod: Limit one foe put to sleep\n|clearpoke\n|poke|p1|Heracross, F|\n|poke|p1|Kartana|\n|poke|p1|Mantine, F|\n|poke|p1|Tapu Koko|\n|poke|p1|Jirachi|\n|poke|p1|Landorus-Therian, M|\n|poke|p2|Kyurem|\n|poke|p2|Zapdos|\n|poke|p2|Mawile, F|\n|poke|p2|Garchomp, M|\n|poke|p2|Tapu Lele|\n|poke|p2|Melmetal|\n|teampreview\n|inactive|Battle timer is ON: inactive players will automatically lose when time's up. (requested by iopkj09)\n|\n|t:|1666771091\n|start\n|switch|p1a: Jirachi|Jirachi|100\/100\n|switch|p2a: Kyurem|Kyurem, shiny|100\/100\n|-ability|p2a: Kyurem|Pressure\n|turn|1\n|\n|t:|1666771097\n|switch|p2a: Mawile|Mawile, F|100\/100\n|-ability|p2a: Mawile|Intimidate|boost\n|-unboost|p1a: Jirachi|atk|1\n|move|p1a: Jirachi|U-turn|p2a: Mawile\n|-resisted|p2a: Mawile\n|-damage|p2a: Mawile|97\/100\n|\n|t:|1666771102\n|switch|p1a: Landorus|Landorus-Therian, M|100\/100|[from]move: U-turn\n|-ability|p1a: Landorus|Intimidate|boost\n|-unboost|p2a: Mawile|atk|1\n|\n|upkeep\n|turn|2\n|\n|t:|1666771106\n|detailschange|p2a: Mawile|Mawile-Mega, F\n|-mega|p2a: Mawile|Mawile|Mawilite\n|move|p1a: Landorus|Earth Power|p2a: Mawile\n|-supereffective|p2a: Mawile\n|-damage|p2a: Mawile|5\/100\n|move|p2a: Mawile|Knock Off|p1a: Landorus\n|-damage|p1a: Landorus|62\/100\n|-damage|p2a: Mawile|0 fnt|[from] item: Rocky Helmet|[of] p1a: Landorus\n|faint|p2a: Mawile\n|\n|upkeep\n|\n|t:|1666771110\n|switch|p2a: Kyurem|Kyurem, shiny|100\/100\n|-ability|p2a: Kyurem|Pressure\n|turn|3\n|\n|t:|1666771117\n|switch|p1a: Jirachi|Jirachi|100\/100\n|move|p2a: Kyurem|Freeze-Dry|p1a: Jirachi\n|-resisted|p1a: Jirachi\n|-damage|p1a: Jirachi|89\/100\n|\n|-heal|p1a: Jirachi|95\/100|[from] item: Leftovers\n|upkeep\n|turn|4\n|\n|t:|1666771120\n|move|p1a: Jirachi|Iron Head|p2a: Kyurem\n|-supereffective|p2a: Kyurem\n|-damage|p2a: Kyurem|58\/100\n|cant|p2a: Kyurem|flinch\n|\n|-heal|p1a: Jirachi|100\/100|[from] item: Leftovers\n|upkeep\n|turn|5\n|\n|t:|1666771124\n|switch|p2a: Zapdos|Zapdos, shiny|100\/100\n|move|p1a: Jirachi|U-turn|p2a: Zapdos\n|-resisted|p2a: Zapdos\n|-damage|p2a: Zapdos|91\/100\n|\n|t:|1666771127\n|switch|p1a: Heracross|Heracross, F|100\/100|[from]move: U-turn\n|\n|upkeep\n|turn|6\n|\n|t:|1666771131\n|detailschange|p1a: Heracross|Heracross-Mega, F\n|-mega|p1a: Heracross|Heracross|Heracronite\n|move|p2a: Zapdos|Heat Wave|p1a: Heracross\n|-supereffective|p1a: Heracross\n|-damage|p1a: Heracross|30\/100\n|move|p1a: Heracross|Rock Blast|p2a: Zapdos\n|-supereffective|p2a: Zapdos\n|-damage|p2a: Zapdos|64\/100\n|-supereffective|p2a: Zapdos\n|-damage|p2a: Zapdos|35\/100\n|-supereffective|p2a: Zapdos\n|-damage|p2a: Zapdos|7\/100\n|-supereffective|p2a: Zapdos\n|-damage|p2a: Zapdos|0 fnt\n|faint|p2a: Zapdos\n|-hitcount|p2: Zapdos|4\n|\n|upkeep\n|\n|t:|1666771137\n|switch|p2a: Tapu Lele|Tapu Lele|100\/100\n|-fieldstart|move: Psychic Terrain|[from] ability: Psychic Surge|[of] p2a: Tapu Lele\n|turn|7\n|\n|t:|1666771152\n|switch|p1a: Mantine|Mantine, F|100\/100\n|move|p2a: Tapu Lele|Psychic|p1a: Mantine\n|-damage|p1a: Mantine|48\/100\n|\n|upkeep\n|turn|8\n|\n|t:|1666771159\n|move|p2a: Tapu Lele|Psychic|p1a: Mantine\n|-damage|p1a: Mantine|0 fnt\n|faint|p1a: Mantine\n|\n|upkeep\n|\n|t:|1666771161\n|switch|p1a: Jirachi|Jirachi|100\/100\n|turn|9\n|\n|t:|1666771163\n|move|p2a: Tapu Lele|Psychic|p1a: Jirachi\n|-resisted|p1a: Jirachi\n|-damage|p1a: Jirachi|86\/100\n|move|p1a: Jirachi|U-turn|p2a: Tapu Lele\n|-crit|p2a: Tapu Lele\n|-damage|p2a: Tapu Lele|65\/100\n|\n|t:|1666771169\n|switch|p1a: Kartana|Kartana|100\/100|[from]move: U-turn\n|\n|upkeep\n|turn|10\n|\n|t:|1666771173\n|switch|p1a: Jirachi|Jirachi|86\/100\n|move|p2a: Tapu Lele|Psychic|p1a: Jirachi\n|-resisted|p1a: Jirachi\n|-damage|p1a: Jirachi|73\/100\n|\n|-heal|p1a: Jirachi|79\/100|[from] item: Leftovers\n|upkeep\n|turn|11\n|\n|t:|1666771179\n|move|p2a: Tapu Lele|Psychic|p1a: Jirachi\n|-resisted|p1a: Jirachi\n|-damage|p1a: Jirachi|63\/100\n|move|p1a: Jirachi|U-turn|p2a: Tapu Lele\n|-damage|p2a: Tapu Lele|41\/100\n|\n|t:|1666771182\n|switch|p1a: Kartana|Kartana|100\/100|[from]move: U-turn\n|\n|-fieldend|move: Psychic Terrain\n|upkeep\n|turn|12\n|\n|t:|1666771184\n|switch|p1a: Jirachi|Jirachi|63\/100\n|move|p2a: Tapu Lele|Psychic|p1a: Jirachi\n|-resisted|p1a: Jirachi\n|-damage|p1a: Jirachi|53\/100\n|\n|-heal|p1a: Jirachi|59\/100|[from] item: Leftovers\n|upkeep\n|turn|13\n|\n|t:|1666771187\n|move|p2a: Tapu Lele|Psychic|p1a: Jirachi\n|-resisted|p1a: Jirachi\n|-damage|p1a: Jirachi|47\/100\n|move|p1a: Jirachi|Wish|p1a: Jirachi\n|\n|-heal|p1a: Jirachi|53\/100|[from] item: Leftovers\n|upkeep\n|turn|14\n|\n|t:|1666771194\n|switch|p2a: Garchomp|Garchomp, M, shiny|100\/100\n|move|p1a: Jirachi|Iron Head|p2a: Garchomp\n|-damage|p2a: Garchomp|72\/100\n|-damage|p1a: Jirachi|41\/100|[from] ability: Rough Skin|[of] p2a: Garchomp\n|\n|-heal|p1a: Jirachi|91\/100|[from] move: Wish|[wisher] Jirachi\n|-heal|p1a: Jirachi|97\/100|[from] item: Leftovers\n|upkeep\n|turn|15\n|\n|t:|1666771203\n|switch|p1a: Landorus|Landorus-Therian, M|62\/100\n|-ability|p1a: Landorus|Intimidate|boost\n|-unboost|p2a: Garchomp|atk|1\n|move|p2a: Garchomp|Flamethrower|p1a: Landorus\n|-damage|p1a: Landorus|43\/100\n|\n|upkeep\n|turn|16\n|\n|t:|1666771207\n|move|p2a: Garchomp|Flamethrower|p1a: Landorus\n|-damage|p1a: Landorus|24\/100\n|move|p1a: Landorus|Stealth Rock|p2a: Garchomp\n|-sidestart|p2: iopkj09|move: Stealth Rock\n|\n|upkeep\n|turn|17\n|\n|t:|1666771209\n|move|p2a: Garchomp|Flamethrower|p1a: Landorus\n|-damage|p1a: Landorus|5\/100\n|move|p1a: Landorus|Hidden Power|p2a: Garchomp\n|-supereffective|p2a: Garchomp\n|-damage|p2a: Garchomp|0 fnt\n|faint|p2a: Garchomp\n|\n|upkeep\n|\n|t:|1666771214\n|switch|p2a: Tapu Lele|Tapu Lele|41\/100\n|-damage|p2a: Tapu Lele|29\/100|[from] Stealth Rock\n|-fieldstart|move: Psychic Terrain|[from] ability: Psychic Surge|[of] p2a: Tapu Lele\n|turn|18\n|\n|t:|1666771221\n|switch|p1a: Jirachi|Jirachi|97\/100\n|move|p2a: Tapu Lele|Psychic|p1a: Jirachi\n|-resisted|p1a: Jirachi\n|-damage|p1a: Jirachi|83\/100\n|\n|-heal|p1a: Jirachi|89\/100|[from] item: Leftovers\n|upkeep\n|turn|19\n|\n|t:|1666771224\n|switch|p2a: Melmetal|Melmetal, shiny|100\/100\n|-damage|p2a: Melmetal|94\/100|[from] Stealth Rock\n|move|p1a: Jirachi|U-turn|p2a: Melmetal\n|-resisted|p2a: Melmetal\n|-damage|p2a: Melmetal|90\/100\n|\n|t:|1666771226\n|switch|p1a: Heracross|Heracross-Mega, F|30\/100|[from]move: U-turn\n|\n|upkeep\n|turn|20\n|\n|t:|1666771228\n|move|p1a: Heracross|Close Combat|p2a: Melmetal\n|-supereffective|p2a: Melmetal\n|-damage|p2a: Melmetal|0 fnt\n|-unboost|p1a: Heracross|def|1\n|-unboost|p1a: Heracross|spd|1\n|faint|p2a: Melmetal\n|\n|upkeep\n|\n|t:|1666771231\n|switch|p2a: Tapu Lele|Tapu Lele|29\/100\n|-damage|p2a: Tapu Lele|16\/100|[from] Stealth Rock\n|turn|21\n|\n|t:|1666771234\n|move|p2a: Tapu Lele|Thunderbolt|p1a: Heracross\n|-damage|p1a: Heracross|0 fnt\n|faint|p1a: Heracross\n|\n|upkeep\n|\n|t:|1666771235\n|switch|p1a: Jirachi|Jirachi|89\/100\n|turn|22\n|\n|t:|1666771238\n|move|p2a: Tapu Lele|Thunderbolt|p1a: Jirachi\n|-damage|p1a: Jirachi|59\/100\n|move|p1a: Jirachi|Iron Head|p2a: Tapu Lele\n|-supereffective|p2a: Tapu Lele\n|-damage|p2a: Tapu Lele|0 fnt\n|faint|p2a: Tapu Lele\n|\n|-heal|p1a: Jirachi|66\/100|[from] item: Leftovers\n|-fieldend|move: Psychic Terrain\n|upkeep\n|c|\u2606ogwontonsoup|gg\n|\n|t:|1666771240\n|switch|p2a: Kyurem|Kyurem, shiny|58\/100\n|-damage|p2a: Kyurem|33\/100|[from] Stealth Rock\n|-ability|p2a: Kyurem|Pressure\n|turn|23\n|\n|t:|1666771242\n|move|p1a: Jirachi|Iron Head|p2a: Kyurem\n|-supereffective|p2a: Kyurem\n|-damage|p2a: Kyurem|0 fnt\n|faint|p2a: Kyurem\n|\n|win|ogwontonsoup\n|raw|ogwontonsoup's rating: 1600 &rarr; <strong>1632<\/strong><br \/>(+32 for winning)\n|raw|iopkj09's rating: 1828 &rarr; <strong>1796<\/strong><br \/>(-32 for losing)\n|l|\u2606iopkj09\n","uploadtime":1666771277,"views":15,"p1id":"ogwontonsoup","p2id":"iopkj09","formatid":"gen8nationaldex","rating":1632,"private":0,"password":null}