{"id":"gen8ou-1703244023","p1":"minimax_ai","p2":"iopkj09","format":"gen8ou","log":"|j|\u203dminimax_ai\n|j|\u2606iopkj09\n|t:|1667635470\n|gametype|singles\n|player|p1|minimax_ai|169|1531\n|player|p2|iopkj09|nate|1535\n|teamsize|p1|6\n|teamsize|p2|6\n|gen|8\n|tier|[Gen 8] OU\n|rated|\n|rule|Sleep Clause Mod: Limit one foe put to sleep\n|rule|Species Clause: Limit one of each Pok\u00e9mon\n|rule|OHKO Clause: OHKO moves are banned\n|rule|Evasion Items Clause: Evasion items are banned\n|rule|Evasion Moves Clause: Evasion moves are banned\n|rule|Endless Battle Clause: Forcing endless battles is banned\n|rule|HP Percentage Mod: HP is shown in percentages\n|rule|Dynamax Clause: You cannot dynamax\n|clearpoke\n|poke|p1|Rotom-Wash|\n|poke|p1|Weavile, F|\n|poke|p1|Landorus-Therian, M|\n|poke|p1|Heatran, M|\n|poke|p1|Tangrowth, M|\n|poke|p1|Melmetal|\n|poke|p2|Garchomp, M|\n|poke|p2|Zapdos|\n|poke|p2|Rillaboom, M|\n|poke|p2|Tapu Lele|\n|poke|p2|Volcanion|\n|poke|p2|Weavile, F|\n|teampreview\n|inactive|Battle timer is ON: inactive players will automatically lose when time's up. (requested by iopkj09)\n|inactive|minimax_ai also wants the timer to be on.\n|\n|t:|1667635476\n|start\n|switch|p1a: Melmetal|Melmetal|100\/100\n|switch|p2a: Weavile|Weavile, F|100\/100\n|-ability|p2a: Weavile|Pressure\n|turn|1\n|\n|t:|1667635479\n|switch|p2a: Volcanion|Volcanion|100\/100\n|move|p1a: Melmetal|Double Iron Bash|p2a: Volcanion\n|-resisted|p2a: Volcanion\n|-damage|p2a: Volcanion|92\/100\n|-resisted|p2a: Volcanion\n|-damage|p2a: Volcanion|85\/100\n|-hitcount|p2a: Volcanion|2\n|\n|upkeep\n|turn|2\n|\n|t:|1667635485\n|switch|p1a: Rotom|Rotom-Wash|100\/100\n|move|p2a: Volcanion|Steam Eruption|p1a: Rotom\n|-resisted|p1a: Rotom\n|-damage|p1a: Rotom|71\/100\n|\n|-heal|p1a: Rotom|77\/100|[from] item: Leftovers\n|upkeep\n|turn|3\n|\n|t:|1667635489\n|move|p1a: Rotom|Thunderbolt|p2a: Volcanion\n|-supereffective|p2a: Volcanion\n|-damage|p2a: Volcanion|44\/100\n|-status|p2a: Volcanion|par\n|move|p2a: Volcanion|Steam Eruption|p1a: Rotom\n|-resisted|p1a: Rotom\n|-damage|p1a: Rotom|47\/100\n|-status|p1a: Rotom|brn\n|\n|-heal|p1a: Rotom|53\/100 brn|[from] item: Leftovers\n|-damage|p1a: Rotom|47\/100 brn|[from] brn\n|upkeep\n|turn|4\n|\n|t:|1667635491\n|move|p1a: Rotom|Thunderbolt|p2a: Volcanion\n|-supereffective|p2a: Volcanion\n|-damage|p2a: Volcanion|5\/100 par\n|move|p2a: Volcanion|Steam Eruption|p1a: Rotom\n|-resisted|p1a: Rotom\n|-damage|p1a: Rotom|15\/100 brn\n|\n|-heal|p1a: Rotom|21\/100 brn|[from] item: Leftovers\n|-damage|p1a: Rotom|15\/100 brn|[from] brn\n|upkeep\n|turn|5\n|\n|t:|1667635494\n|move|p1a: Rotom|Thunderbolt|p2a: Volcanion\n|-supereffective|p2a: Volcanion\n|-damage|p2a: Volcanion|0 fnt\n|faint|p2a: Volcanion\n|\n|-heal|p1a: Rotom|21\/100 brn|[from] item: Leftovers\n|-damage|p1a: Rotom|15\/100 brn|[from] brn\n|upkeep\n|\n|t:|1667635495\n|switch|p2a: Weavile|Weavile, F|100\/100\n|-ability|p2a: Weavile|Pressure\n|turn|6\n|\n|t:|1667635498\n|move|p2a: Weavile|Swords Dance|p2a: Weavile\n|-boost|p2a: Weavile|atk|2\n|move|p1a: Rotom|Hydro Pump|p2a: Weavile|[miss]\n|-miss|p1a: Rotom|p2a: Weavile\n|\n|-heal|p1a: Rotom|21\/100 brn|[from] item: Leftovers\n|-damage|p1a: Rotom|15\/100 brn|[from] brn\n|upkeep\n|turn|7\n|\n|t:|1667635500\n|switch|p1a: Melmetal|Melmetal|100\/100\n|move|p2a: Weavile|Knock Off|p1a: Melmetal\n|-damage|p1a: Melmetal|42\/100\n|-enditem|p1a: Melmetal|Assault Vest|[from] move: Knock Off|[of] p2a: Weavile\n|\n|upkeep\n|turn|8\n|\n|t:|1667635503\n|move|p2a: Weavile|Low Kick|p1a: Melmetal\n|-supereffective|p1a: Melmetal\n|-damage|p1a: Melmetal|0 fnt\n|faint|p1a: Melmetal\n|\n|upkeep\n|\n|t:|1667635503\n|switch|p1a: Tangrowth|Tangrowth, M|100\/100\n|turn|9\n|\n|t:|1667635506\n|move|p2a: Weavile|Swords Dance|p2a: Weavile\n|-boost|p2a: Weavile|atk|2\n|move|p1a: Tangrowth|Focus Blast|p2a: Weavile|[miss]\n|-miss|p1a: Tangrowth|p2a: Weavile\n|\n|upkeep\n|turn|10\n|\n|t:|1667635509\n|switch|p1a: Rotom|Rotom-Wash|15\/100 brn\n|move|p2a: Weavile|Swords Dance|p2a: Weavile\n|-boost|p2a: Weavile|atk|2\n|\n|-heal|p1a: Rotom|21\/100 brn|[from] item: Leftovers\n|-damage|p1a: Rotom|15\/100 brn|[from] brn\n|upkeep\n|turn|11\n|\n|t:|1667635512\n|move|p2a: Weavile|Ice Shard|p1a: Rotom\n|-resisted|p1a: Rotom\n|-damage|p1a: Rotom|0 fnt\n|faint|p1a: Rotom\n|\n|upkeep\n|\n|t:|1667635512\n|switch|p1a: Tangrowth|Tangrowth, M|100\/100\n|turn|12\n|\n|t:|1667635515\n|move|p2a: Weavile|Knock Off|p1a: Tangrowth\n|-damage|p1a: Tangrowth|0 fnt\n|-damage|p2a: Weavile|84\/100|[from] item: Rocky Helmet|[of] p1a: Tangrowth\n|-enditem|p1a: Tangrowth|Rocky Helmet|[from] move: Knock Off|[of] p2a: Weavile\n|faint|p1a: Tangrowth\n|\n|upkeep\n|\n|t:|1667635515\n|switch|p1a: Weavile|Weavile, F|100\/100\n|-ability|p1a: Weavile|Pressure\n|turn|13\n|\n|t:|1667635520\n|move|p1a: Weavile|Ice Shard|p2a: Weavile\n|-resisted|p2a: Weavile\n|-damage|p2a: Weavile|60\/100\n|move|p2a: Weavile|Low Kick|p1a: Weavile\n|-supereffective|p1a: Weavile\n|-damage|p1a: Weavile|0 fnt\n|faint|p1a: Weavile\n|\n|upkeep\n|\n|t:|1667635520\n|switch|p1a: Landorus|Landorus-Therian, M|100\/100\n|-ability|p1a: Landorus|Intimidate|boost\n|-unboost|p2a: Weavile|atk|1\n|turn|14\n|\n|t:|1667635522\n|move|p2a: Weavile|Ice Shard|p1a: Landorus\n|-supereffective|p1a: Landorus\n|-damage|p1a: Landorus|0 fnt\n|faint|p1a: Landorus\n|\n|upkeep\n|\n|t:|1667635522\n|switch|p1a: Heatran|Heatran, M|100\/100\n|-item|p1a: Heatran|Air Balloon\n|turn|15\n|\n|t:|1667635523\n|move|p2a: Weavile|Low Kick|p1a: Heatran\n|-supereffective|p1a: Heatran\n|-damage|p1a: Heatran|0 fnt\n|-enditem|p1a: Heatran|Air Balloon\n|faint|p1a: Heatran\n|\n|win|iopkj09\n|raw|minimax_ai's rating: 1531 &rarr; <strong>1511<\/strong><br \/>(-20 for losing)\n|raw|iopkj09's rating: 1535 &rarr; <strong>1555<\/strong><br \/>(+20 for winning)\n","uploadtime":1667635525,"views":3,"p1id":"minimaxai","p2id":"iopkj09","formatid":"gen8ou","rating":1511,"private":0,"password":null}