{"id":"gen8nationaldex-1605537428","p1":"LECH24","p2":"NDLT3PXS LsLL","format":"gen8nationaldex","log":"|raw|<div class=\"broadcast-blue\"><strong>This battle is required to be public due to a player having a name starting with 'ndlt3pxs'.<\/div>\n|j|\u2606LECH24\n|j|\u2606NDLT3PXS LsLL\n|t:|1656364428\n|gametype|singles\n|player|p1|LECH24|170|1550\n|player|p2|NDLT3PXS LsLL|2|1502\n|teamsize|p1|6\n|teamsize|p2|6\n|gen|8\n|tier|[Gen 8] National Dex\n|rated|\n|rule|HP Percentage Mod: HP is shown in percentages\n|rule|Endless Battle Clause: Forcing endless battles is banned\n|rule|OHKO Clause: OHKO moves are banned\n|rule|Evasion Moves Clause: Evasion moves are banned\n|rule|Species Clause: Limit one of each Pok\u00e9mon\n|rule|Dynamax Clause: You cannot dynamax\n|rule|Sleep Clause Mod: Limit one foe put to sleep\n|clearpoke\n|poke|p1|Houndoom, F|\n|poke|p1|Rillaboom, F|\n|poke|p1|Volcarona, F|\n|poke|p1|Heatran, F|\n|poke|p1|Toxapex, F|\n|poke|p1|Gliscor, F|\n|poke|p2|Zapdos|\n|poke|p2|Toxapex, F|\n|poke|p2|Clefable, F|\n|poke|p2|Sableye, F|\n|poke|p2|Chansey, F|\n|poke|p2|Corviknight, F|\n|teampreview\n|j| GiantDwarf x\n|inactive|Battle timer is ON: inactive players will automatically lose when time's up. (requested by NDLT3PXS LsLL)\n|\n|t:|1656364464\n|start\n|switch|p1a: Toxapex|Toxapex, F|100\/100\n|switch|p2a: Sableye|Sableye, F|100\/100\n|turn|1\n|\n|t:|1656364483\n|detailschange|p2a: Sableye|Sableye-Mega, F\n|-mega|p2a: Sableye|Sableye|Sablenite\n|move|p1a: Toxapex|Poison Jab|p2a: Sableye\n|-resisted|p2a: Sableye\n|-damage|p2a: Sableye|91\/100\n|-status|p2a: Sableye|psn\n|move|p2a: Sableye|Knock Off|p1a: Toxapex\n|-damage|p1a: Toxapex|82\/100\n|-damage|p2a: Sableye|75\/100 psn|[from] item: Rocky Helmet|[of] p1a: Toxapex\n|-enditem|p1a: Toxapex|Rocky Helmet|[from] move: Knock Off|[of] p2a: Sableye\n|\n|-damage|p2a: Sableye|63\/100 psn|[from] psn\n|upkeep\n|turn|2\n|\n|t:|1656364497\n|switch|p1a: Gliscor|Gliscor, F|100\/100\n|move|p2a: Sableye|Recover|p2a: Sableye\n|-heal|p2a: Sableye|100\/100 psn\n|\n|-damage|p2a: Sableye|88\/100 psn|[from] psn\n|-status|p1a: Gliscor|tox|[from] item: Toxic Orb\n|upkeep\n|turn|3\n|j| ErryUnregistered\n|l| ErryUnregistered\n|\n|t:|1656364514\n|switch|p2a: Toxapex|Toxapex, F|100\/100\n|move|p1a: Gliscor|U-turn|p2a: Toxapex\n|-resisted|p2a: Toxapex\n|-damage|p2a: Toxapex|96\/100\n|\n|t:|1656364529\n|switch|p1a: Toxapex|Toxapex, F|100\/100|[from]move: U-turn\n|\n|-heal|p2a: Toxapex|100\/100|[from] item: Black Sludge\n|upkeep\n|turn|4\n|\n|t:|1656364539\n|switch|p2a: Chansey|Chansey, F|100\/100\n|move|p1a: Toxapex|Scald|p2a: Chansey\n|-damage|p2a: Chansey|96\/100\n|-status|p2a: Chansey|brn\n|\n|-damage|p2a: Chansey|90\/100 brn|[from] brn\n|upkeep\n|turn|5\n|\n|t:|1656364543\n|switch|p1a: Gliscor|Gliscor, F|100\/100 tox\n|move|p2a: Chansey|Stealth Rock|p1a: Gliscor\n|-sidestart|p1: LECH24|move: Stealth Rock\n|\n|-damage|p2a: Chansey|84\/100 brn|[from] brn\n|upkeep\n|turn|6\n|\n|t:|1656364548\n|-curestatus|p2a: Chansey|brn|[from] ability: Natural Cure\n|switch|p2a: Corviknight|Corviknight, F|100\/100\n|-ability|p2a: Corviknight|Pressure\n|move|p1a: Gliscor|Earthquake|p2a: Corviknight\n|-immune|p2a: Corviknight\n|\n|upkeep\n|turn|7\n|\n|t:|1656364556\n|move|p1a: Gliscor|Stealth Rock|p2a: Corviknight\n|-sidestart|p2: NDLT3PXS LsLL|move: Stealth Rock\n|move|p2a: Corviknight|Body Press|p1a: Gliscor\n|-resisted|p1a: Gliscor\n|-crit|p1a: Gliscor\n|-damage|p1a: Gliscor|87\/100 tox\n|\n|-heal|p1a: Gliscor|99\/100 tox|[from] ability: Poison Heal\n|upkeep\n|turn|8\n|\n|t:|1656364564\n|move|p1a: Gliscor|U-turn|p2a: Corviknight\n|-resisted|p2a: Corviknight\n|-damage|p2a: Corviknight|97\/100\n|\n|t:|1656364566\n|switch|p1a: Toxapex|Toxapex, F|100\/100|[from]move: U-turn\n|-damage|p1a: Toxapex|88\/100|[from] Stealth Rock\n|move|p2a: Corviknight|Defog|p1a: Toxapex\n|-unboost|p1a: Toxapex|evasion|1\n|-sideend|p1: LECH24|Stealth Rock|[from] move: Defog|[of] p2a: Corviknight\n|-sideend|p2: NDLT3PXS LsLL|Stealth Rock|[from] move: Defog|[of] p2a: Corviknight\n|\n|upkeep\n|turn|9\n|\n|t:|1656364572\n|switch|p2a: Chansey|Chansey, F|84\/100\n|switch|p1a: Heatran|Heatran, F|100\/100\n|\n|upkeep\n|turn|10\n|\n|t:|1656364588\n|move|p1a: Heatran|Magma Storm|p2a: Chansey|[miss]\n|-miss|p1a: Heatran|p2a: Chansey\n|move|p2a: Chansey|Seismic Toss|p1a: Heatran\n|-damage|p1a: Heatran|75\/100\n|\n|-heal|p1a: Heatran|81\/100|[from] item: Leftovers\n|upkeep\n|turn|11\n|\n|t:|1656364608\n|switch|p1a: Rillaboom|Rillaboom, F|100\/100\n|-fieldstart|move: Grassy Terrain|[from] ability: Grassy Surge|[of] p1a: Rillaboom\n|move|p2a: Chansey|Soft-Boiled|p2a: Chansey\n|-heal|p2a: Chansey|100\/100\n|\n|upkeep\n|turn|12\n|\n|t:|1656364620\n|switch|p2a: Toxapex|Toxapex, F|100\/100\n|move|p1a: Rillaboom|Grassy Glide|p2a: Toxapex\n|-damage|p2a: Toxapex|70\/100\n|\n|-heal|p2a: Toxapex|76\/100|[from] Grassy Terrain\n|-heal|p2a: Toxapex|82\/100|[from] item: Black Sludge\n|upkeep\n|turn|13\n|\n|t:|1656364626\n|switch|p1a: Gliscor|Gliscor, F|99\/100 tox\n|move|p2a: Toxapex|Toxic Spikes|p1a: Gliscor\n|-sidestart|p1: LECH24|move: Toxic Spikes\n|\n|-heal|p2a: Toxapex|89\/100|[from] Grassy Terrain\n|-heal|p2a: Toxapex|95\/100|[from] item: Black Sludge\n|-heal|p1a: Gliscor|100\/100 tox|[from] ability: Poison Heal\n|upkeep\n|turn|14\n|\n|t:|1656364633\n|switch|p2a: Sableye|Sableye-Mega, F|88\/100 psn\n|move|p1a: Gliscor|U-turn|p2a: Sableye\n|-damage|p2a: Sableye|73\/100 psn\n|\n|t:|1656364638\n|switch|p1a: Heatran|Heatran, F|81\/100|[from]move: U-turn\n|\n|-heal|p1a: Heatran|87\/100|[from] Grassy Terrain\n|-heal|p1a: Heatran|93\/100|[from] item: Leftovers\n|-heal|p2a: Sableye|79\/100 psn|[from] Grassy Terrain\n|-damage|p2a: Sableye|67\/100 psn|[from] psn\n|upkeep\n|turn|15\n|\n|t:|1656364645\n|move|p1a: Heatran|Taunt|p2a: Sableye\n|move|p2a: Sableye|Taunt|p1a: Heatran|[from]ability: Magic Bounce\n|-start|p1a: Heatran|move: Taunt\n|move|p2a: Sableye|Recover|p2a: Sableye\n|-heal|p2a: Sableye|100\/100 psn\n|\n|-heal|p1a: Heatran|99\/100|[from] Grassy Terrain\n|-heal|p1a: Heatran|100\/100|[from] item: Leftovers\n|-damage|p2a: Sableye|88\/100 psn|[from] psn\n|-fieldend|move: Grassy Terrain\n|upkeep\n|turn|16\n|l| GiantDwarf x\n|\n|t:|1656364655\n|switch|p1a: Toxapex|Toxapex, F|100\/100\n|-sideend|p1: LECH24|move: Toxic Spikes|[of] p1a: Toxapex\n|switch|p2a: Chansey|Chansey, F|100\/100\n|\n|upkeep\n|turn|17\n|\n|t:|1656364677\n|move|p2a: Chansey|Stealth Rock|p1a: Toxapex\n|-sidestart|p1: LECH24|move: Stealth Rock\n|move|p1a: Toxapex|Poison Jab|p2a: Chansey\n|-damage|p2a: Chansey|89\/100\n|-status|p2a: Chansey|psn\n|\n|-damage|p2a: Chansey|76\/100 psn|[from] psn\n|upkeep\n|turn|18\n|\n|t:|1656364683\n|-curestatus|p2a: Chansey|psn|[from] ability: Natural Cure\n|switch|p2a: Toxapex|Toxapex, F|100\/100\n|switch|p1a: Gliscor|Gliscor, F|100\/100 tox\n|-damage|p1a: Gliscor|88\/100 tox|[from] Stealth Rock\n|\n|-heal|p1a: Gliscor|100\/100 tox|[from] ability: Poison Heal\n|upkeep\n|turn|19\n|\n|t:|1656364690\n|switch|p2a: Zapdos|Zapdos|100\/100\n|-ability|p2a: Zapdos|Pressure\n|move|p1a: Gliscor|Earthquake|p2a: Zapdos\n|-immune|p2a: Zapdos\n|\n|upkeep\n|turn|20\n|\n|t:|1656364698\n|switch|p1a: Heatran|Heatran, F|100\/100\n|-damage|p1a: Heatran|88\/100|[from] Stealth Rock\n|move|p2a: Zapdos|Hidden Power|p1a: Heatran\n|-resisted|p1a: Heatran\n|-damage|p1a: Heatran|85\/100\n|\n|-heal|p1a: Heatran|91\/100|[from] item: Leftovers\n|upkeep\n|turn|21\n|\n|t:|1656364707\n|switch|p2a: Sableye|Sableye-Mega, F|88\/100 psn\n|move|p1a: Heatran|Magma Storm|p2a: Sableye\n|-damage|p2a: Sableye|55\/100 psn\n|-activate|p2a: Sableye|move: Magma Storm|[of] p1a: Heatran\n|\n|-heal|p1a: Heatran|98\/100|[from] item: Leftovers\n|-damage|p2a: Sableye|43\/100 psn|[from] psn\n|-damage|p2a: Sableye|31\/100 psn|[from] move: Magma Storm|[partiallytrapped]\n|upkeep\n|turn|22\n|\n|t:|1656364711\n|move|p1a: Heatran|Magma Storm|p2a: Sableye\n|-damage|p2a: Sableye|1\/100 psn\n|move|p2a: Sableye|Recover|p2a: Sableye\n|-heal|p2a: Sableye|51\/100 psn\n|\n|-heal|p1a: Heatran|100\/100|[from] item: Leftovers\n|-damage|p2a: Sableye|39\/100 psn|[from] psn\n|-damage|p2a: Sableye|27\/100 psn|[from] move: Magma Storm|[partiallytrapped]\n|upkeep\n|turn|23\n|\n|t:|1656364716\n|move|p2a: Sableye|Protect|p2a: Sableye\n|-singleturn|p2a: Sableye|Protect\n|move|p1a: Heatran|Magma Storm|p2a: Sableye\n|-activate|p2a: Sableye|move: Protect\n|\n|-damage|p2a: Sableye|15\/100 psn|[from] psn\n|-damage|p2a: Sableye|2\/100 psn|[from] move: Magma Storm|[partiallytrapped]\n|upkeep\n|turn|24\n|\n|t:|1656364738\n|switch|p2a: Zapdos|Zapdos|100\/100\n|-ability|p2a: Zapdos|Pressure\n|move|p1a: Heatran|Earth Power|p2a: Zapdos\n|-immune|p2a: Zapdos\n|\n|upkeep\n|turn|25\n|\n|t:|1656364744\n|move|p2a: Zapdos|Discharge|p1a: Heatran\n|-damage|p1a: Heatran|76\/100\n|move|p1a: Heatran|Taunt|p2a: Zapdos\n|-start|p2a: Zapdos|move: Taunt\n|\n|-heal|p1a: Heatran|83\/100|[from] item: Leftovers\n|upkeep\n|turn|26\n|\n|t:|1656364754\n|move|p2a: Zapdos|Discharge|p1a: Heatran\n|-damage|p1a: Heatran|62\/100\n|move|p1a: Heatran|Sunny Day|p1a: Heatran\n|-weather|SunnyDay\n|\n|-weather|SunnyDay|[upkeep]\n|-heal|p1a: Heatran|68\/100|[from] item: Leftovers\n|upkeep\n|turn|27\n|\n|t:|1656364762\n|move|p2a: Zapdos|Discharge|p1a: Heatran\n|-damage|p1a: Heatran|44\/100\n|move|p1a: Heatran|Magma Storm|p2a: Zapdos\n|-damage|p2a: Zapdos|32\/100\n|-activate|p2a: Zapdos|move: Magma Storm|[of] p1a: Heatran\n|\n|-weather|SunnyDay|[upkeep]\n|-heal|p1a: Heatran|50\/100|[from] item: Leftovers\n|-damage|p2a: Zapdos|20\/100|[from] move: Magma Storm|[partiallytrapped]\n|upkeep\n|turn|28\n|\n|t:|1656364767\n|move|p2a: Zapdos|Discharge|p1a: Heatran\n|-damage|p1a: Heatran|27\/100\n|move|p1a: Heatran|Magma Storm|p2a: Zapdos|[miss]\n|-miss|p1a: Heatran|p2a: Zapdos\n|\n|-weather|SunnyDay|[upkeep]\n|-heal|p1a: Heatran|34\/100|[from] item: Leftovers\n|-damage|p2a: Zapdos|7\/100|[from] move: Magma Storm|[partiallytrapped]\n|-end|p2a: Zapdos|move: Taunt\n|upkeep\n|turn|29\n|\n|t:|1656364772\n|move|p2a: Zapdos|Roost|p2a: Zapdos\n|-heal|p2a: Zapdos|57\/100\n|-singleturn|p2a: Zapdos|move: Roost\n|move|p1a: Heatran|Earth Power|p2a: Zapdos\n|-supereffective|p2a: Zapdos\n|-damage|p2a: Zapdos|9\/100\n|\n|-weather|SunnyDay|[upkeep]\n|-heal|p1a: Heatran|40\/100|[from] item: Leftovers\n|-damage|p2a: Zapdos|0 fnt|[from] move: Magma Storm|[partiallytrapped]\n|faint|p2a: Zapdos\n|upkeep\n|\n|t:|1656364777\n|switch|p2a: Chansey|Chansey, F|76\/100\n|turn|30\n|\n|t:|1656364783\n|move|p1a: Heatran|Taunt|p2a: Chansey\n|-start|p2a: Chansey|move: Taunt\n|move|p2a: Chansey|Seismic Toss|p1a: Heatran\n|-damage|p1a: Heatran|14\/100\n|\n|-weather|none\n|-heal|p1a: Heatran|20\/100|[from] item: Leftovers\n|upkeep\n|turn|31\n|\n|t:|1656364788\n|switch|p1a: Rillaboom|Rillaboom, F|100\/100\n|-damage|p1a: Rillaboom|88\/100|[from] Stealth Rock\n|-fieldstart|move: Grassy Terrain|[from] ability: Grassy Surge|[of] p1a: Rillaboom\n|move|p2a: Chansey|Seismic Toss|p1a: Rillaboom\n|-damage|p1a: Rillaboom|59\/100\n|\n|-heal|p1a: Rillaboom|65\/100|[from] Grassy Terrain\n|-heal|p2a: Chansey|82\/100|[from] Grassy Terrain\n|upkeep\n|turn|32\n|\n|t:|1656364818\n|switch|p1a: Gliscor|Gliscor, F|100\/100 tox\n|-damage|p1a: Gliscor|88\/100 tox|[from] Stealth Rock\n|switch|p2a: Toxapex|Toxapex, F|100\/100\n|\n|-heal|p1a: Gliscor|100\/100 tox|[from] ability: Poison Heal\n|upkeep\n|turn|33\n|\n|t:|1656364824\n|switch|p2a: Corviknight|Corviknight, F|97\/100\n|-ability|p2a: Corviknight|Pressure\n|move|p1a: Gliscor|Earthquake|p2a: Corviknight\n|-immune|p2a: Corviknight\n|\n|upkeep\n|turn|34\n|\n|t:|1656364832\n|move|p1a: Gliscor|Earthquake|p2a: Corviknight\n|-immune|p2a: Corviknight\n|move|p2a: Corviknight|Iron Defense|p2a: Corviknight\n|-boost|p2a: Corviknight|def|2\n|\n|upkeep\n|turn|35\n|inactive|NDLT3PXS LsLL has 120 seconds left.\n|\n|t:|1656364874\n|move|p1a: Gliscor|Stealth Rock|p2a: Corviknight\n|-sidestart|p2: NDLT3PXS LsLL|move: Stealth Rock\n|move|p2a: Corviknight|Body Press|p1a: Gliscor\n|-resisted|p1a: Gliscor\n|-damage|p1a: Gliscor|84\/100 tox\n|\n|-heal|p1a: Gliscor|96\/100 tox|[from] ability: Poison Heal\n|-fieldend|move: Grassy Terrain\n|upkeep\n|turn|36\n|\n|t:|1656364879\n|switch|p1a: Toxapex|Toxapex, F|100\/100\n|-damage|p1a: Toxapex|88\/100|[from] Stealth Rock\n|move|p2a: Corviknight|Defog|p1a: Toxapex\n|-unboost|p1a: Toxapex|evasion|1\n|-sideend|p1: LECH24|Stealth Rock|[from] move: Defog|[of] p2a: Corviknight\n|-sideend|p2: NDLT3PXS LsLL|Stealth Rock|[from] move: Defog|[of] p2a: Corviknight\n|\n|upkeep\n|turn|37\n|\n|t:|1656364882\n|switch|p2a: Chansey|Chansey, F|82\/100\n|move|p1a: Toxapex|Scald|p2a: Chansey\n|-damage|p2a: Chansey|77\/100\n|\n|upkeep\n|turn|38\n|\n|t:|1656364895\n|switch|p1a: Gliscor|Gliscor, F|96\/100 tox\n|move|p2a: Chansey|Stealth Rock|p1a: Gliscor\n|-sidestart|p1: LECH24|move: Stealth Rock\n|\n|-heal|p1a: Gliscor|100\/100 tox|[from] ability: Poison Heal\n|upkeep\n|turn|39\n|\n|t:|1656364902\n|move|p1a: Gliscor|U-turn|p2a: Chansey\n|-damage|p2a: Chansey|67\/100\n|\n|t:|1656364906\n|switch|p1a: Rillaboom|Rillaboom, F|65\/100|[from]move: U-turn\n|-damage|p1a: Rillaboom|53\/100|[from] Stealth Rock\n|-fieldstart|move: Grassy Terrain|[from] ability: Grassy Surge|[of] p1a: Rillaboom\n|move|p2a: Chansey|Soft-Boiled|p2a: Chansey\n|-heal|p2a: Chansey|100\/100\n|\n|-heal|p1a: Rillaboom|59\/100|[from] Grassy Terrain\n|upkeep\n|turn|40\n|inactive|NDLT3PXS LsLL has 120 seconds left.\n|inactive|NDLT3PXS LsLL has 90 seconds left.\n|\n|t:|1656364969\n|switch|p2a: Toxapex|Toxapex, F|100\/100\n|move|p1a: Rillaboom|Swords Dance|p1a: Rillaboom\n|-boost|p1a: Rillaboom|atk|2\n|\n|-heal|p1a: Rillaboom|65\/100|[from] Grassy Terrain\n|upkeep\n|turn|41\n|\n|t:|1656364987\n|switch|p1a: Gliscor|Gliscor, F|100\/100 tox\n|-damage|p1a: Gliscor|88\/100 tox|[from] Stealth Rock\n|move|p2a: Toxapex|Haze|p2a: Toxapex\n|-clearallboost\n|\n|-heal|p1a: Gliscor|100\/100 tox|[from] ability: Poison Heal\n|upkeep\n|turn|42\n|inactive|NDLT3PXS LsLL has 90 seconds left.\n|\n|t:|1656365036\n|switch|p2a: Corviknight|Corviknight, F|97\/100\n|-ability|p2a: Corviknight|Pressure\n|move|p1a: Gliscor|Stealth Rock|p2a: Corviknight\n|-sidestart|p2: NDLT3PXS LsLL|move: Stealth Rock\n|\n|upkeep\n|turn|43\n|\n|t:|1656365041\n|switch|p1a: Toxapex|Toxapex, F|100\/100\n|-damage|p1a: Toxapex|88\/100|[from] Stealth Rock\n|move|p2a: Corviknight|Defog|p1a: Toxapex\n|-unboost|p1a: Toxapex|evasion|1\n|-sideend|p1: LECH24|Stealth Rock|[from] move: Defog|[of] p2a: Corviknight\n|-sideend|p2: NDLT3PXS LsLL|Stealth Rock|[from] move: Defog|[of] p2a: Corviknight\n|-fieldend|move: Grassy Terrain\n|\n|upkeep\n|turn|44\n|\n|t:|1656365049\n|switch|p2a: Chansey|Chansey, F|100\/100\n|switch|p1a: Rillaboom|Rillaboom, F|65\/100\n|-fieldstart|move: Grassy Terrain|[from] ability: Grassy Surge|[of] p1a: Rillaboom\n|\n|-heal|p1a: Rillaboom|71\/100|[from] Grassy Terrain\n|upkeep\n|turn|45\n|\n|t:|1656365059\n|move|p1a: Rillaboom|Superpower|p2a: Chansey\n|-supereffective|p2a: Chansey\n|-crit|p2a: Chansey\n|-damage|p2a: Chansey|20\/100\n|-unboost|p1a: Rillaboom|atk|1\n|-unboost|p1a: Rillaboom|def|1\n|move|p2a: Chansey|Toxic|p1a: Rillaboom\n|-status|p1a: Rillaboom|tox\n|\n|-heal|p1a: Rillaboom|77\/100 tox|[from] Grassy Terrain\n|-heal|p2a: Chansey|26\/100|[from] Grassy Terrain\n|-damage|p1a: Rillaboom|71\/100 tox|[from] psn\n|upkeep\n|turn|46\n|\n|t:|1656365074\n|switch|p2a: Toxapex|Toxapex, F|100\/100\n|move|p1a: Rillaboom|Superpower|p2a: Toxapex\n|-resisted|p2a: Toxapex\n|-damage|p2a: Toxapex|91\/100\n|-unboost|p1a: Rillaboom|atk|1\n|-unboost|p1a: Rillaboom|def|1\n|\n|-heal|p1a: Rillaboom|77\/100 tox|[from] Grassy Terrain\n|-heal|p2a: Toxapex|97\/100|[from] Grassy Terrain\n|-heal|p2a: Toxapex|100\/100|[from] item: Black Sludge\n|-damage|p1a: Rillaboom|65\/100 tox|[from] psn\n|upkeep\n|turn|47\n|\n|t:|1656365086\n|switch|p1a: Heatran|Heatran, F|20\/100\n|move|p2a: Toxapex|Toxic Spikes|p1a: Heatran\n|-sidestart|p1: LECH24|move: Toxic Spikes\n|\n|-heal|p1a: Heatran|26\/100|[from] Grassy Terrain\n|-heal|p1a: Heatran|33\/100|[from] item: Leftovers\n|upkeep\n|turn|48\n|\n|t:|1656365103\n|move|p1a: Heatran|Earth Power|p2a: Toxapex\n|-supereffective|p2a: Toxapex\n|-damage|p2a: Toxapex|57\/100\n|move|p2a: Toxapex|Scald|p1a: Heatran\n|-supereffective|p1a: Heatran\n|-damage|p1a: Heatran|12\/100\n|\n|-heal|p1a: Heatran|18\/100|[from] Grassy Terrain\n|-heal|p1a: Heatran|24\/100|[from] item: Leftovers\n|-heal|p2a: Toxapex|63\/100|[from] Grassy Terrain\n|-heal|p2a: Toxapex|70\/100|[from] item: Black Sludge\n|-fieldend|move: Grassy Terrain\n|upkeep\n|turn|49\n|\n|t:|1656365120\n|switch|p1a: Gliscor|Gliscor, F|100\/100 tox\n|move|p2a: Toxapex|Recover|p2a: Toxapex\n|-heal|p2a: Toxapex|100\/100\n|\n|upkeep\n|turn|50\n|\n|t:|1656365126\n|switch|p2a: Corviknight|Corviknight, F|97\/100\n|-ability|p2a: Corviknight|Pressure\n|move|p1a: Gliscor|U-turn|p2a: Corviknight\n|-resisted|p2a: Corviknight\n|-damage|p2a: Corviknight|94\/100\n|\n|t:|1656365132\n|switch|p1a: Toxapex|Toxapex, F|100\/100|[from]move: U-turn\n|-sideend|p1: LECH24|move: Toxic Spikes|[of] p1a: Toxapex\n|\n|upkeep\n|turn|51\n|inactive|NDLT3PXS LsLL has 120 seconds left.\n|\n|t:|1656365145\n|switch|p2a: Chansey|Chansey, F|26\/100\n|switch|p1a: Heatran|Heatran, F|24\/100\n|\n|-heal|p1a: Heatran|31\/100|[from] item: Leftovers\n|upkeep\n|turn|52\n|\n|t:|1656365153\n|switch|p2a: Toxapex|Toxapex, F|100\/100\n|move|p1a: Heatran|Taunt|p2a: Toxapex\n|-start|p2a: Toxapex|move: Taunt\n|\n|-heal|p1a: Heatran|37\/100|[from] item: Leftovers\n|upkeep\n|turn|53\n|\n|t:|1656365179\n|switch|p1a: Gliscor|Gliscor, F|100\/100 tox\n|move|p2a: Toxapex|Scald|p1a: Gliscor\n|-supereffective|p1a: Gliscor\n|-damage|p1a: Gliscor|69\/100 tox\n|\n|-heal|p1a: Gliscor|81\/100 tox|[from] ability: Poison Heal\n|upkeep\n|turn|54\n|\n|t:|1656365187\n|switch|p2a: Corviknight|Corviknight, F|94\/100\n|-ability|p2a: Corviknight|Pressure\n|move|p1a: Gliscor|Earthquake|p2a: Corviknight\n|-immune|p2a: Corviknight\n|\n|-heal|p1a: Gliscor|93\/100 tox|[from] ability: Poison Heal\n|upkeep\n|turn|55\n|\n|t:|1656365193\n|switch|p2a: Toxapex|Toxapex, F|100\/100\n|move|p1a: Gliscor|Stealth Rock|p2a: Toxapex\n|-sidestart|p2: NDLT3PXS LsLL|move: Stealth Rock\n|\n|-heal|p1a: Gliscor|100\/100 tox|[from] ability: Poison Heal\n|upkeep\n|turn|56\n|\n|t:|1656365203\n|switch|p2a: Corviknight|Corviknight, F|94\/100\n|-ability|p2a: Corviknight|Pressure\n|move|p1a: Gliscor|U-turn|p2a: Corviknight\n|-resisted|p2a: Corviknight\n|-damage|p2a: Corviknight|92\/100\n|\n|t:|1656365207\n|switch|p1a: Houndoom|Houndoom, F|100\/100|[from]move: U-turn\n|\n|upkeep\n|turn|57\n|\n|t:|1656365218\n|switch|p2a: Toxapex|Toxapex, F|100\/100\n|-damage|p2a: Toxapex|88\/100|[from] Stealth Rock\n|detailschange|p1a: Houndoom|Houndoom-Mega, F\n|-mega|p1a: Houndoom|Houndoom|Houndoominite\n|move|p1a: Houndoom|Nasty Plot|p1a: Houndoom\n|-boost|p1a: Houndoom|spa|2\n|\n|-heal|p2a: Toxapex|94\/100|[from] item: Black Sludge\n|upkeep\n|turn|58\n|\n|t:|1656365221\n|move|p1a: Houndoom|Dark Pulse|p2a: Toxapex\n|-damage|p2a: Toxapex|24\/100\n|move|p2a: Toxapex|Haze|p2a: Toxapex\n|-clearallboost\n|\n|-heal|p2a: Toxapex|30\/100|[from] item: Black Sludge\n|upkeep\n|turn|59\n|\n|t:|1656365226\n|switch|p2a: Clefable|Clefable, F|100\/100\n|move|p1a: Houndoom|Fire Blast|p2a: Clefable|[miss]\n|-miss|p1a: Houndoom|p2a: Clefable\n|\n|upkeep\n|turn|60\n|\n|t:|1656365247\n|move|p2a: Clefable|Protect|p2a: Clefable\n|-singleturn|p2a: Clefable|Protect\n|move|p1a: Houndoom|Fire Blast|p2a: Clefable\n|-activate|p2a: Clefable|move: Protect\n|\n|upkeep\n|turn|61\n|\n|t:|1656365254\n|move|p1a: Houndoom|Fire Blast|p2a: Clefable\n|-damage|p2a: Clefable|42\/100\n|move|p2a: Clefable|Wish|p2a: Clefable\n|\n|upkeep\n|turn|62\n|\n|t:|1656365263\n|move|p2a: Clefable|Protect|p2a: Clefable\n|-singleturn|p2a: Clefable|Protect\n|move|p1a: Houndoom|Nasty Plot|p1a: Houndoom\n|-boost|p1a: Houndoom|spa|2\n|\n|-heal|p2a: Clefable|92\/100|[from] move: Wish|[wisher] Clefable\n|upkeep\n|turn|63\n|\n|t:|1656365277\n|move|p1a: Houndoom|Fire Blast|p2a: Clefable\n|-damage|p2a: Clefable|34\/100\n|move|p2a: Clefable|Wish|p2a: Clefable\n|\n|upkeep\n|turn|64\n|\n|t:|1656365282\n|move|p2a: Clefable|Protect|p2a: Clefable\n|-singleturn|p2a: Clefable|Protect\n|move|p1a: Houndoom|Hidden Power|p2a: Clefable\n|-activate|p2a: Clefable|move: Protect\n|\n|-heal|p2a: Clefable|84\/100|[from] move: Wish|[wisher] Clefable\n|upkeep\n|turn|65\n|\n|t:|1656365295\n|move|p1a: Houndoom|Dark Pulse|p2a: Clefable\n|-resisted|p2a: Clefable\n|-damage|p2a: Clefable|62\/100\n|move|p2a: Clefable|Wish|p2a: Clefable\n|\n|upkeep\n|turn|66\n|\n|t:|1656365300\n|move|p2a: Clefable|Protect|p2a: Clefable\n|-singleturn|p2a: Clefable|Protect\n|move|p1a: Houndoom|Dark Pulse|p2a: Clefable\n|-activate|p2a: Clefable|move: Protect\n|\n|-heal|p2a: Clefable|100\/100|[from] move: Wish|[wisher] Clefable\n|upkeep\n|turn|67\n|\n|t:|1656365303\n|move|p1a: Houndoom|Dark Pulse|p2a: Clefable\n|-resisted|p2a: Clefable\n|-damage|p2a: Clefable|81\/100\n|cant|p2a: Clefable|flinch\n|\n|upkeep\n|turn|68\n|\n|t:|1656365313\n|move|p2a: Clefable|Protect|p2a: Clefable\n|-singleturn|p2a: Clefable|Protect\n|move|p1a: Houndoom|Dark Pulse|p2a: Clefable\n|-activate|p2a: Clefable|move: Protect\n|\n|upkeep\n|turn|69\n|\n|t:|1656365319\n|move|p1a: Houndoom|Dark Pulse|p2a: Clefable\n|-resisted|p2a: Clefable\n|-damage|p2a: Clefable|60\/100\n|move|p2a: Clefable|Wish|p2a: Clefable\n|\n|upkeep\n|turn|70\n|\n|t:|1656365330\n|switch|p1a: Heatran|Heatran, F|37\/100\n|move|p2a: Clefable|Protect||[still]\n|-fail|p2a: Clefable\n|\n|-heal|p2a: Clefable|100\/100|[from] move: Wish|[wisher] Clefable\n|-heal|p1a: Heatran|43\/100|[from] item: Leftovers\n|upkeep\n|turn|71\n|\n|t:|1656365343\n|switch|p2a: Corviknight|Corviknight, F|92\/100\n|-ability|p2a: Corviknight|Pressure\n|move|p1a: Heatran|Taunt|p2a: Corviknight\n|-start|p2a: Corviknight|move: Taunt\n|\n|-heal|p1a: Heatran|49\/100|[from] item: Leftovers\n|upkeep\n|turn|72\n|\n|t:|1656365353\n|switch|p1a: Gliscor|Gliscor, F|100\/100 tox\n|switch|p2a: Toxapex|Toxapex, F|64\/100\n|-damage|p2a: Toxapex|51\/100|[from] Stealth Rock\n|\n|-heal|p2a: Toxapex|57\/100|[from] item: Black Sludge\n|upkeep\n|turn|73\n|\n|t:|1656365374\n|switch|p2a: Corviknight|Corviknight, F|92\/100\n|-ability|p2a: Corviknight|Pressure\n|move|p1a: Gliscor|U-turn|p2a: Corviknight\n|-resisted|p2a: Corviknight\n|-damage|p2a: Corviknight|88\/100\n|\n|t:|1656365378\n|switch|p1a: Houndoom|Houndoom-Mega, F|100\/100|[from]move: U-turn\n|\n|upkeep\n|turn|74\n|\n|t:|1656365383\n|switch|p2a: Toxapex|Toxapex, F|91\/100\n|-damage|p2a: Toxapex|78\/100|[from] Stealth Rock\n|move|p1a: Houndoom|Fire Blast|p2a: Toxapex\n|-resisted|p2a: Toxapex\n|-damage|p2a: Toxapex|52\/100\n|\n|-heal|p2a: Toxapex|59\/100|[from] item: Black Sludge\n|upkeep\n|turn|75\n|\n|t:|1656365391\n|switch|p2a: Clefable|Clefable, F|100\/100\n|move|p1a: Houndoom|Dark Pulse|p2a: Clefable\n|-resisted|p2a: Clefable\n|-damage|p2a: Clefable|78\/100\n|\n|upkeep\n|turn|76\n|\n|t:|1656365402\n|move|p1a: Houndoom|Nasty Plot|p1a: Houndoom\n|-boost|p1a: Houndoom|spa|2\n|move|p2a: Clefable|Wish|p2a: Clefable\n|\n|upkeep\n|turn|77\n|\n|t:|1656365406\n|move|p1a: Houndoom|Dark Pulse|p2a: Clefable\n|-resisted|p2a: Clefable\n|-damage|p2a: Clefable|58\/100\n|move|p2a: Clefable|Calm Mind|p2a: Clefable\n|-boost|p2a: Clefable|spa|1\n|-boost|p2a: Clefable|spd|1\n|\n|-heal|p2a: Clefable|100\/100|[from] move: Wish|[wisher] Clefable\n|upkeep\n|turn|78\n|\n|t:|1656365419\n|switch|p1a: Toxapex|Toxapex, F|100\/100\n|move|p2a: Clefable|Calm Mind|p2a: Clefable\n|-boost|p2a: Clefable|spa|1\n|-boost|p2a: Clefable|spd|1\n|\n|upkeep\n|turn|79\n|\n|t:|1656365424\n|switch|p2a: Toxapex|Toxapex, F|92\/100\n|-damage|p2a: Toxapex|79\/100|[from] Stealth Rock\n|move|p1a: Toxapex|Poison Jab|p2a: Toxapex\n|-resisted|p2a: Toxapex\n|-damage|p2a: Toxapex|74\/100\n|\n|-heal|p2a: Toxapex|80\/100|[from] item: Black Sludge\n|upkeep\n|turn|80\n|\n|t:|1656365432\n|move|p2a: Toxapex|Scald|p1a: Toxapex\n|-resisted|p1a: Toxapex\n|-damage|p1a: Toxapex|94\/100\n|-status|p1a: Toxapex|brn\n|move|p1a: Toxapex|Scald|p2a: Toxapex\n|-resisted|p2a: Toxapex\n|-damage|p2a: Toxapex|73\/100\n|-status|p2a: Toxapex|brn\n|\n|-heal|p2a: Toxapex|79\/100 brn|[from] item: Black Sludge\n|-damage|p2a: Toxapex|73\/100 brn|[from] brn\n|-damage|p1a: Toxapex|88\/100 brn|[from] brn\n|upkeep\n|turn|81\n|\n|t:|1656365441\n|switch|p1a: Gliscor|Gliscor, F|100\/100 tox\n|move|p2a: Toxapex|Scald|p1a: Gliscor\n|-supereffective|p1a: Gliscor\n|-damage|p1a: Gliscor|69\/100 tox\n|\n|-heal|p2a: Toxapex|79\/100 brn|[from] item: Black Sludge\n|-heal|p1a: Gliscor|81\/100 tox|[from] ability: Poison Heal\n|-damage|p2a: Toxapex|73\/100 brn|[from] brn\n|upkeep\n|turn|82\n|\n|t:|1656365463\n|switch|p1a: Heatran|Heatran, F|49\/100\n|move|p2a: Toxapex|Toxic Spikes|p1a: Heatran\n|-sidestart|p1: LECH24|move: Toxic Spikes\n|\n|-heal|p1a: Heatran|55\/100|[from] item: Leftovers\n|-heal|p2a: Toxapex|79\/100 brn|[from] item: Black Sludge\n|-damage|p2a: Toxapex|73\/100 brn|[from] brn\n|upkeep\n|turn|83\n|\n|t:|1656365468\n|switch|p2a: Corviknight|Corviknight, F|88\/100\n|-ability|p2a: Corviknight|Pressure\n|move|p1a: Heatran|Taunt|p2a: Corviknight\n|-start|p2a: Corviknight|move: Taunt\n|\n|-heal|p1a: Heatran|62\/100|[from] item: Leftovers\n|upkeep\n|turn|84\n|inactive|NDLT3PXS LsLL has 120 seconds left.\n|\n|t:|1656365502\n|switch|p2a: Clefable|Clefable, F|100\/100\n|move|p1a: Heatran|Sunny Day|p1a: Heatran\n|-weather|SunnyDay\n|\n|-weather|SunnyDay|[upkeep]\n|-heal|p1a: Heatran|68\/100|[from] item: Leftovers\n|upkeep\n|turn|85\n|\n|t:|1656365510\n|move|p2a: Clefable|Protect|p2a: Clefable\n|-singleturn|p2a: Clefable|Protect\n|move|p1a: Heatran|Taunt|p2a: Clefable\n|-activate|p2a: Clefable|move: Protect\n|\n|-weather|SunnyDay|[upkeep]\n|-heal|p1a: Heatran|74\/100|[from] item: Leftovers\n|upkeep\n|turn|86\n|\n|t:|1656365515\n|switch|p2a: Toxapex|Toxapex, F|100\/100 brn\n|-damage|p2a: Toxapex|88\/100 brn|[from] Stealth Rock\n|move|p1a: Heatran|Taunt|p2a: Toxapex\n|-start|p2a: Toxapex|move: Taunt\n|\n|-weather|SunnyDay|[upkeep]\n|-heal|p1a: Heatran|80\/100|[from] item: Leftovers\n|-heal|p2a: Toxapex|94\/100 brn|[from] item: Black Sludge\n|-damage|p2a: Toxapex|88\/100 brn|[from] brn\n|upkeep\n|turn|87\n|\n|t:|1656365522\n|switch|p1a: Toxapex|Toxapex, F|100\/100 brn\n|-sideend|p1: LECH24|move: Toxic Spikes|[of] p1a: Toxapex\n|switch|p2a: Corviknight|Corviknight, F|88\/100\n|-ability|p2a: Corviknight|Pressure\n|\n|-weather|SunnyDay|[upkeep]\n|-damage|p1a: Toxapex|95\/100 brn|[from] brn\n|upkeep\n|turn|88\n|\n|t:|1656365534\n|move|p2a: Corviknight|Defog|p1a: Toxapex\n|-unboost|p1a: Toxapex|evasion|1\n|-sideend|p2: NDLT3PXS LsLL|Stealth Rock|[from] move: Defog|[of] p2a: Corviknight\n|move|p1a: Toxapex|Scald|p2a: Corviknight\n|-damage|p2a: Corviknight|84\/100\n|-status|p2a: Corviknight|brn\n|\n|-weather|none\n|-damage|p2a: Corviknight|78\/100 brn|[from] brn\n|-damage|p1a: Toxapex|89\/100 brn|[from] brn\n|upkeep\n|turn|89\n|\n|t:|1656365544\n|switch|p2a: Chansey|Chansey, F|26\/100\n|switch|p1a: Heatran|Heatran, F|80\/100\n|\n|-heal|p1a: Heatran|87\/100|[from] item: Leftovers\n|upkeep\n|turn|90\n|\n|t:|1656365551\n|switch|p2a: Sableye|Sableye-Mega, F|2\/100 psn\n|move|p1a: Heatran|Taunt|p2a: Sableye\n|move|p2a: Sableye|Taunt|p1a: Heatran|[from]ability: Magic Bounce\n|-start|p1a: Heatran|move: Taunt\n|\n|-heal|p1a: Heatran|93\/100|[from] item: Leftovers\n|-damage|p2a: Sableye|0 fnt|[from] psn\n|faint|p2a: Sableye\n|upkeep\n|\n|t:|1656365553\n|switch|p2a: Chansey|Chansey, F|26\/100\n|turn|91\n|\n|t:|1656365564\n|switch|p1a: Rillaboom|Rillaboom, F|65\/100 tox\n|-fieldstart|move: Grassy Terrain|[from] ability: Grassy Surge|[of] p1a: Rillaboom\n|move|p2a: Chansey|Soft-Boiled|p2a: Chansey\n|-heal|p2a: Chansey|76\/100\n|\n|-heal|p1a: Rillaboom|71\/100 tox|[from] Grassy Terrain\n|-heal|p2a: Chansey|82\/100|[from] Grassy Terrain\n|-damage|p1a: Rillaboom|65\/100 tox|[from] psn\n|upkeep\n|turn|92\n|\n|t:|1656365570\n|switch|p1a: Gliscor|Gliscor, F|81\/100 tox\n|switch|p2a: Toxapex|Toxapex, F|100\/100 brn\n|\n|-heal|p1a: Gliscor|93\/100 tox|[from] ability: Poison Heal\n|-damage|p2a: Toxapex|94\/100 brn|[from] brn\n|upkeep\n|turn|93\n|\n|t:|1656365574\n|switch|p2a: Chansey|Chansey, F|82\/100\n|move|p1a: Gliscor|Stealth Rock|p2a: Chansey\n|-sidestart|p2: NDLT3PXS LsLL|move: Stealth Rock\n|\n|-heal|p2a: Chansey|88\/100|[from] Grassy Terrain\n|-heal|p1a: Gliscor|100\/100 tox|[from] ability: Poison Heal\n|upkeep\n|turn|94\n|\n|t:|1656365583\n|switch|p1a: Rillaboom|Rillaboom, F|65\/100 tox\n|move|p2a: Chansey|Stealth Rock|p1a: Rillaboom\n|-sidestart|p1: LECH24|move: Stealth Rock\n|\n|-heal|p1a: Rillaboom|71\/100 tox|[from] Grassy Terrain\n|-heal|p2a: Chansey|94\/100|[from] Grassy Terrain\n|-damage|p1a: Rillaboom|65\/100 tox|[from] psn\n|upkeep\n|turn|95\n|\n|t:|1656365592\n|switch|p2a: Toxapex|Toxapex, F|100\/100 brn\n|-damage|p2a: Toxapex|88\/100 brn|[from] Stealth Rock\n|move|p1a: Rillaboom|Swords Dance|p1a: Rillaboom\n|-boost|p1a: Rillaboom|atk|2\n|\n|-heal|p1a: Rillaboom|71\/100 tox|[from] Grassy Terrain\n|-heal|p2a: Toxapex|94\/100 brn|[from] Grassy Terrain\n|-heal|p2a: Toxapex|100\/100 brn|[from] item: Black Sludge\n|-damage|p1a: Rillaboom|59\/100 tox|[from] psn\n|-damage|p2a: Toxapex|94\/100 brn|[from] brn\n|-fieldend|move: Grassy Terrain\n|upkeep\n|turn|96\n|\n|t:|1656365601\n|switch|p1a: Gliscor|Gliscor, F|100\/100 tox\n|-damage|p1a: Gliscor|88\/100 tox|[from] Stealth Rock\n|switch|p2a: Clefable|Clefable, F|100\/100\n|\n|-heal|p1a: Gliscor|100\/100 tox|[from] ability: Poison Heal\n|upkeep\n|turn|97\n|inactive|NDLT3PXS LsLL has 120 seconds left.\n|\n|t:|1656365651\n|switch|p1a: Heatran|Heatran, F|93\/100\n|-damage|p1a: Heatran|80\/100|[from] Stealth Rock\n|switch|p2a: Toxapex|Toxapex, F|100\/100 brn\n|-damage|p2a: Toxapex|88\/100 brn|[from] Stealth Rock\n|\n|-heal|p1a: Heatran|87\/100|[from] item: Leftovers\n|-heal|p2a: Toxapex|94\/100 brn|[from] item: Black Sludge\n|-damage|p2a: Toxapex|88\/100 brn|[from] brn\n|upkeep\n|turn|98\n|\n|t:|1656365658\n|move|p1a: Heatran|Sunny Day|p1a: Heatran\n|-weather|SunnyDay\n|move|p2a: Toxapex|Scald|p1a: Heatran\n|-supereffective|p1a: Heatran\n|-damage|p1a: Heatran|75\/100\n|\n|-weather|SunnyDay|[upkeep]\n|-heal|p1a: Heatran|81\/100|[from] item: Leftovers\n|-heal|p2a: Toxapex|94\/100 brn|[from] item: Black Sludge\n|-damage|p2a: Toxapex|88\/100 brn|[from] brn\n|upkeep\n|turn|99\n|\n|t:|1656365663\n|switch|p2a: Chansey|Chansey, F|94\/100\n|-damage|p2a: Chansey|82\/100|[from] Stealth Rock\n|move|p1a: Heatran|Taunt|p2a: Chansey\n|-start|p2a: Chansey|move: Taunt\n|\n|-weather|SunnyDay|[upkeep]\n|-heal|p1a: Heatran|88\/100|[from] item: Leftovers\n|upkeep\n|turn|100\n|\n|t:|1656365674\n|switch|p1a: Toxapex|Toxapex, F|100\/100 brn\n|-damage|p1a: Toxapex|88\/100 brn|[from] Stealth Rock\n|move|p2a: Chansey|Seismic Toss|p1a: Toxapex\n|-damage|p1a: Toxapex|55\/100 brn\n|\n|-weather|SunnyDay|[upkeep]\n|-damage|p1a: Toxapex|49\/100 brn|[from] brn\n|upkeep\n|turn|101\n|\n|t:|1656365681\n|switch|p1a: Gliscor|Gliscor, F|100\/100 tox\n|-damage|p1a: Gliscor|88\/100 tox|[from] Stealth Rock\n|move|p2a: Chansey|Seismic Toss|p1a: Gliscor\n|-damage|p1a: Gliscor|58\/100 tox\n|\n|-weather|SunnyDay|[upkeep]\n|-heal|p1a: Gliscor|71\/100 tox|[from] ability: Poison Heal\n|-end|p2a: Chansey|move: Taunt\n|upkeep\n|turn|102\n|\n|t:|1656365692\n|switch|p1a: Toxapex|Toxapex, F|83\/100 brn\n|-damage|p1a: Toxapex|70\/100 brn|[from] Stealth Rock\n|move|p2a: Chansey|Seismic Toss|p1a: Toxapex\n|-damage|p1a: Toxapex|37\/100 brn\n|\n|-weather|none\n|-damage|p1a: Toxapex|32\/100 brn|[from] brn\n|upkeep\n|turn|103\n|\n|t:|1656365703\n|switch|p1a: Gliscor|Gliscor, F|71\/100 tox\n|-damage|p1a: Gliscor|58\/100 tox|[from] Stealth Rock\n|move|p2a: Chansey|Seismic Toss|p1a: Gliscor\n|-damage|p1a: Gliscor|29\/100 tox\n|\n|-heal|p1a: Gliscor|41\/100 tox|[from] ability: Poison Heal\n|upkeep\n|turn|104\n|\n|t:|1656365707\n|move|p1a: Gliscor|Roost|p1a: Gliscor\n|-heal|p1a: Gliscor|91\/100 tox\n|-singleturn|p1a: Gliscor|move: Roost\n|move|p2a: Chansey|Seismic Toss|p1a: Gliscor\n|-damage|p1a: Gliscor|62\/100 tox\n|\n|-heal|p1a: Gliscor|74\/100 tox|[from] ability: Poison Heal\n|upkeep\n|turn|105\n|\n|t:|1656365711\n|switch|p2a: Toxapex|Toxapex, F|100\/100 brn\n|-damage|p2a: Toxapex|88\/100 brn|[from] Stealth Rock\n|move|p1a: Gliscor|Earthquake|p2a: Toxapex\n|-supereffective|p2a: Toxapex\n|-damage|p2a: Toxapex|45\/100 brn\n|\n|-heal|p2a: Toxapex|51\/100 brn|[from] item: Black Sludge\n|-heal|p1a: Gliscor|87\/100 tox|[from] ability: Poison Heal\n|-damage|p2a: Toxapex|45\/100 brn|[from] brn\n|upkeep\n|turn|106\n|\n|t:|1656365715\n|switch|p1a: Toxapex|Toxapex, F|65\/100 brn\n|-damage|p1a: Toxapex|53\/100 brn|[from] Stealth Rock\n|switch|p2a: Corviknight|Corviknight, F|78\/100 brn\n|-ability|p2a: Corviknight|Pressure\n|\n|-damage|p2a: Corviknight|71\/100 brn|[from] brn\n|-damage|p1a: Toxapex|47\/100 brn|[from] brn\n|upkeep\n|turn|107\n|\n|t:|1656365722\n|switch|p1a: Volcarona|Volcarona, F|100\/100\n|move|p2a: Corviknight|Roost|p2a: Corviknight\n|-heal|p2a: Corviknight|100\/100 brn\n|-singleturn|p2a: Corviknight|move: Roost\n|\n|-damage|p2a: Corviknight|94\/100 brn|[from] brn\n|upkeep\n|turn|108\n|\n|t:|1656365727\n|switch|p1a: Heatran|Heatran, F|88\/100\n|-damage|p1a: Heatran|75\/100|[from] Stealth Rock\n|switch|p2a: Chansey|Chansey, F|82\/100\n|-damage|p2a: Chansey|69\/100|[from] Stealth Rock\n|\n|-heal|p1a: Heatran|81\/100|[from] item: Leftovers\n|upkeep\n|turn|109\n|\n|t:|1656365732\n|move|p1a: Heatran|Taunt|p2a: Chansey\n|-start|p2a: Chansey|move: Taunt\n|move|p2a: Chansey|Seismic Toss|p1a: Heatran\n|-damage|p1a: Heatran|55\/100\n|\n|-heal|p1a: Heatran|62\/100|[from] item: Leftovers\n|upkeep\n|turn|110\n|\n|t:|1656365737\n|switch|p1a: Gliscor|Gliscor, F|87\/100 tox\n|-damage|p1a: Gliscor|74\/100 tox|[from] Stealth Rock\n|move|p2a: Chansey|Seismic Toss|p1a: Gliscor\n|-damage|p1a: Gliscor|45\/100 tox\n|\n|-heal|p1a: Gliscor|57\/100 tox|[from] ability: Poison Heal\n|upkeep\n|turn|111\n|\n|t:|1656365750\n|switch|p2a: Corviknight|Corviknight, F|94\/100 brn\n|-ability|p2a: Corviknight|Pressure\n|move|p1a: Gliscor|Roost|p1a: Gliscor\n|-heal|p1a: Gliscor|100\/100 tox\n|-singleturn|p1a: Gliscor|move: Roost\n|\n|-damage|p2a: Corviknight|88\/100 brn|[from] brn\n|upkeep\n|turn|112\n|\n|t:|1656365757\n|move|p1a: Gliscor|U-turn|p2a: Corviknight\n|-resisted|p2a: Corviknight\n|-damage|p2a: Corviknight|85\/100 brn\n|\n|t:|1656365762\n|switch|p1a: Volcarona|Volcarona, F|100\/100|[from]move: U-turn\n|move|p2a: Corviknight|Defog|p1a: Volcarona\n|-unboost|p1a: Volcarona|evasion|1\n|-sideend|p1: LECH24|Stealth Rock|[from] move: Defog|[of] p2a: Corviknight\n|-sideend|p2: NDLT3PXS LsLL|Stealth Rock|[from] move: Defog|[of] p2a: Corviknight\n|\n|-damage|p2a: Corviknight|79\/100 brn|[from] brn\n|upkeep\n|turn|113\n|\n|t:|1656365786\n|switch|p2a: Chansey|Chansey, F|69\/100\n|move|p1a: Volcarona|Flamethrower|p2a: Chansey\n|-damage|p2a: Chansey|55\/100\n|\n|upkeep\n|turn|114\n|\n|t:|1656365795\n|switch|p1a: Gliscor|Gliscor, F|100\/100 tox\n|move|p2a: Chansey|Soft-Boiled|p2a: Chansey\n|-heal|p2a: Chansey|100\/100\n|\n|upkeep\n|turn|115\n|\n|t:|1656365815\n|move|p1a: Gliscor|Stealth Rock|p2a: Chansey\n|-sidestart|p2: NDLT3PXS LsLL|move: Stealth Rock\n|move|p2a: Chansey|Stealth Rock|p1a: Gliscor\n|-sidestart|p1: LECH24|move: Stealth Rock\n|\n|upkeep\n|turn|116\n|\n|t:|1656365829\n|move|p1a: Gliscor|U-turn|p2a: Chansey\n|-damage|p2a: Chansey|90\/100\n|\n|t:|1656365831\n|switch|p1a: Toxapex|Toxapex, F|80\/100 brn|[from]move: U-turn\n|-damage|p1a: Toxapex|68\/100 brn|[from] Stealth Rock\n|move|p2a: Chansey|Seismic Toss|p1a: Toxapex\n|-damage|p1a: Toxapex|35\/100 brn\n|\n|-damage|p1a: Toxapex|29\/100 brn|[from] brn\n|upkeep\n|turn|117\n|\n|t:|1656365845\n|switch|p2a: Toxapex|Toxapex, F|78\/100 brn\n|-damage|p2a: Toxapex|65\/100 brn|[from] Stealth Rock\n|switch|p1a: Gliscor|Gliscor, F|100\/100 tox\n|-damage|p1a: Gliscor|88\/100 tox|[from] Stealth Rock\n|\n|-heal|p2a: Toxapex|72\/100 brn|[from] item: Black Sludge\n|-heal|p1a: Gliscor|100\/100 tox|[from] ability: Poison Heal\n|-damage|p2a: Toxapex|65\/100 brn|[from] brn\n|upkeep\n|turn|118\n|\n|t:|1656365852\n|switch|p1a: Toxapex|Toxapex, F|62\/100 brn\n|-damage|p1a: Toxapex|50\/100 brn|[from] Stealth Rock\n|switch|p2a: Clefable|Clefable, F|100\/100\n|\n|-damage|p1a: Toxapex|44\/100 brn|[from] brn\n|upkeep\n|turn|119\n|\n|t:|1656365859\n|switch|p2a: Toxapex|Toxapex, F|99\/100 brn\n|-damage|p2a: Toxapex|86\/100 brn|[from] Stealth Rock\n|move|p1a: Toxapex|Poison Jab|p2a: Toxapex\n|-resisted|p2a: Toxapex\n|-damage|p2a: Toxapex|83\/100 brn\n|\n|-heal|p2a: Toxapex|90\/100 brn|[from] item: Black Sludge\n|-damage|p2a: Toxapex|83\/100 brn|[from] brn\n|-damage|p1a: Toxapex|38\/100 brn|[from] brn\n|upkeep\n|turn|120\n|inactive|NDLT3PXS LsLL has 120 seconds left.\n|inactive|NDLT3PXS LsLL has 90 seconds left.\n|\n|t:|1656365915\n|move|p1a: Toxapex|Recover|p1a: Toxapex\n|-heal|p1a: Toxapex|88\/100 brn\n|move|p2a: Toxapex|Scald|p1a: Toxapex\n|-resisted|p1a: Toxapex\n|-damage|p1a: Toxapex|82\/100 brn\n|\n|-heal|p2a: Toxapex|90\/100 brn|[from] item: Black Sludge\n|-damage|p1a: Toxapex|76\/100 brn|[from] brn\n|-damage|p2a: Toxapex|83\/100 brn|[from] brn\n|upkeep\n|turn|121\n|\n|t:|1656365930\n|move|p1a: Toxapex|Scald|p2a: Toxapex\n|-resisted|p2a: Toxapex\n|-damage|p2a: Toxapex|77\/100 brn\n|move|p2a: Toxapex|Toxic Spikes|p1a: Toxapex\n|-sidestart|p1: LECH24|move: Toxic Spikes\n|\n|-heal|p2a: Toxapex|83\/100 brn|[from] item: Black Sludge\n|-damage|p1a: Toxapex|70\/100 brn|[from] brn\n|-damage|p2a: Toxapex|77\/100 brn|[from] brn\n|upkeep\n|turn|122\n|\n|t:|1656365942\n|switch|p1a: Gliscor|Gliscor, F|100\/100 tox\n|-damage|p1a: Gliscor|88\/100 tox|[from] Stealth Rock\n|switch|p2a: Clefable|Clefable, F|100\/100\n|\n|-heal|p1a: Gliscor|100\/100 tox|[from] ability: Poison Heal\n|upkeep\n|turn|123\n|\n|t:|1656365947\n|switch|p1a: Toxapex|Toxapex, F|100\/100 brn\n|-damage|p1a: Toxapex|88\/100 brn|[from] Stealth Rock\n|-sideend|p1: LECH24|move: Toxic Spikes|[of] p1a: Toxapex\n|switch|p2a: Toxapex|Toxapex, F|100\/100 brn\n|-damage|p2a: Toxapex|88\/100 brn|[from] Stealth Rock\n|\n|-heal|p2a: Toxapex|94\/100 brn|[from] item: Black Sludge\n|-damage|p1a: Toxapex|82\/100 brn|[from] brn\n|-damage|p2a: Toxapex|88\/100 brn|[from] brn\n|upkeep\n|turn|124\n|\n|t:|1656365955\n|switch|p1a: Gliscor|Gliscor, F|100\/100 tox\n|-damage|p1a: Gliscor|88\/100 tox|[from] Stealth Rock\n|move|p2a: Toxapex|Haze|p2a: Toxapex\n|-clearallboost\n|\n|-heal|p2a: Toxapex|94\/100 brn|[from] item: Black Sludge\n|-heal|p1a: Gliscor|100\/100 tox|[from] ability: Poison Heal\n|-damage|p2a: Toxapex|88\/100 brn|[from] brn\n|upkeep\n|turn|125\n|\n|t:|1656365959\n|switch|p1a: Toxapex|Toxapex, F|100\/100 brn\n|-damage|p1a: Toxapex|88\/100 brn|[from] Stealth Rock\n|switch|p2a: Clefable|Clefable, F|100\/100\n|\n|-damage|p1a: Toxapex|82\/100 brn|[from] brn\n|upkeep\n|turn|126\n|\n|t:|1656365964\n|switch|p2a: Toxapex|Toxapex, F|100\/100 brn\n|-damage|p2a: Toxapex|88\/100 brn|[from] Stealth Rock\n|switch|p1a: Gliscor|Gliscor, F|100\/100 tox\n|-damage|p1a: Gliscor|88\/100 tox|[from] Stealth Rock\n|\n|-heal|p2a: Toxapex|94\/100 brn|[from] item: Black Sludge\n|-heal|p1a: Gliscor|100\/100 tox|[from] ability: Poison Heal\n|-damage|p2a: Toxapex|88\/100 brn|[from] brn\n|upkeep\n|turn|127\n|inactive|NDLT3PXS LsLL has 90 seconds left.\n|\n|t:|1656365990\n|switch|p1a: Toxapex|Toxapex, F|100\/100 brn\n|-damage|p1a: Toxapex|88\/100 brn|[from] Stealth Rock\n|switch|p2a: Clefable|Clefable, F|100\/100\n|\n|-damage|p1a: Toxapex|82\/100 brn|[from] brn\n|upkeep\n|turn|128\n|\n|t:|1656366004\n|switch|p2a: Toxapex|Toxapex, F|100\/100 brn\n|-damage|p2a: Toxapex|88\/100 brn|[from] Stealth Rock\n|switch|p1a: Gliscor|Gliscor, F|100\/100 tox\n|-damage|p1a: Gliscor|88\/100 tox|[from] Stealth Rock\n|\n|-heal|p2a: Toxapex|94\/100 brn|[from] item: Black Sludge\n|-heal|p1a: Gliscor|100\/100 tox|[from] ability: Poison Heal\n|-damage|p2a: Toxapex|88\/100 brn|[from] brn\n|upkeep\n|turn|129\n|inactive|NDLT3PXS LsLL has 60 seconds left.\n|\n|t:|1656366046\n|switch|p1a: Toxapex|Toxapex, F|100\/100 brn\n|-damage|p1a: Toxapex|88\/100 brn|[from] Stealth Rock\n|switch|p2a: Clefable|Clefable, F|100\/100\n|\n|-damage|p1a: Toxapex|82\/100 brn|[from] brn\n|upkeep\n|turn|130\n|\n|t:|1656366053\n|switch|p2a: Toxapex|Toxapex, F|100\/100 brn\n|-damage|p2a: Toxapex|88\/100 brn|[from] Stealth Rock\n|switch|p1a: Gliscor|Gliscor, F|100\/100 tox\n|-damage|p1a: Gliscor|88\/100 tox|[from] Stealth Rock\n|\n|-heal|p2a: Toxapex|94\/100 brn|[from] item: Black Sludge\n|-heal|p1a: Gliscor|100\/100 tox|[from] ability: Poison Heal\n|-damage|p2a: Toxapex|88\/100 brn|[from] brn\n|upkeep\n|turn|131\n|\n|t:|1656366077\n|switch|p1a: Toxapex|Toxapex, F|100\/100 brn\n|-damage|p1a: Toxapex|88\/100 brn|[from] Stealth Rock\n|switch|p2a: Clefable|Clefable, F|100\/100\n|\n|-damage|p1a: Toxapex|82\/100 brn|[from] brn\n|upkeep\n|turn|132\n|\n|t:|1656366083\n|switch|p2a: Toxapex|Toxapex, F|100\/100 brn\n|-damage|p2a: Toxapex|88\/100 brn|[from] Stealth Rock\n|switch|p1a: Rillaboom|Rillaboom, F|59\/100 tox\n|-damage|p1a: Rillaboom|47\/100 tox|[from] Stealth Rock\n|-fieldstart|move: Grassy Terrain|[from] ability: Grassy Surge|[of] p1a: Rillaboom\n|\n|-heal|p1a: Rillaboom|53\/100 tox|[from] Grassy Terrain\n|-heal|p2a: Toxapex|94\/100 brn|[from] Grassy Terrain\n|-heal|p2a: Toxapex|100\/100 brn|[from] item: Black Sludge\n|-damage|p1a: Rillaboom|47\/100 tox|[from] psn\n|-damage|p2a: Toxapex|94\/100 brn|[from] brn\n|upkeep\n|turn|133\n|\n|t:|1656366093\n|switch|p1a: Toxapex|Toxapex, F|100\/100 brn\n|-damage|p1a: Toxapex|88\/100 brn|[from] Stealth Rock\n|move|p2a: Toxapex|Toxic Spikes|p1a: Toxapex\n|-sidestart|p1: LECH24|move: Toxic Spikes\n|\n|-heal|p2a: Toxapex|100\/100 brn|[from] Grassy Terrain\n|-heal|p1a: Toxapex|94\/100 brn|[from] Grassy Terrain\n|-damage|p1a: Toxapex|88\/100 brn|[from] brn\n|-damage|p2a: Toxapex|94\/100 brn|[from] brn\n|upkeep\n|turn|134\n|\n|t:|1656366097\n|switch|p1a: Heatran|Heatran, F|62\/100\n|-damage|p1a: Heatran|49\/100|[from] Stealth Rock\n|switch|p2a: Chansey|Chansey, F|90\/100\n|-damage|p2a: Chansey|78\/100|[from] Stealth Rock\n|\n|-heal|p1a: Heatran|55\/100|[from] Grassy Terrain\n|-heal|p1a: Heatran|62\/100|[from] item: Leftovers\n|-heal|p2a: Chansey|84\/100|[from] Grassy Terrain\n|upkeep\n|turn|135\n|j| TrollingToTheTop\n|\n|t:|1656366106\n|switch|p1a: Toxapex|Toxapex, F|100\/100 brn\n|-damage|p1a: Toxapex|88\/100 brn|[from] Stealth Rock\n|-sideend|p1: LECH24|move: Toxic Spikes|[of] p1a: Toxapex\n|move|p2a: Chansey|Seismic Toss|p1a: Toxapex\n|-damage|p1a: Toxapex|55\/100 brn\n|\n|-heal|p2a: Chansey|90\/100|[from] Grassy Terrain\n|-heal|p1a: Toxapex|61\/100 brn|[from] Grassy Terrain\n|-damage|p1a: Toxapex|55\/100 brn|[from] brn\n|upkeep\n|turn|136\n|\n|t:|1656366119\n|switch|p1a: Gliscor|Gliscor, F|100\/100 tox\n|-damage|p1a: Gliscor|88\/100 tox|[from] Stealth Rock\n|move|p2a: Chansey|Seismic Toss|p1a: Gliscor\n|-damage|p1a: Gliscor|58\/100 tox\n|\n|-heal|p2a: Chansey|96\/100|[from] Grassy Terrain\n|-heal|p1a: Gliscor|71\/100 tox|[from] ability: Poison Heal\n|-fieldend|move: Grassy Terrain\n|upkeep\n|turn|137\n|\n|t:|1656366126\n|switch|p2a: Toxapex|Toxapex, F|100\/100 brn\n|-damage|p2a: Toxapex|88\/100 brn|[from] Stealth Rock\n|move|p1a: Gliscor|Stealth Rock||[still]\n|-fail|p1a: Gliscor\n|\n|-heal|p2a: Toxapex|94\/100 brn|[from] item: Black Sludge\n|-heal|p1a: Gliscor|83\/100 tox|[from] ability: Poison Heal\n|-damage|p2a: Toxapex|88\/100 brn|[from] brn\n|upkeep\n|turn|138\n|inactive|LECH24 has 120 seconds left.\n|\n|t:|1656366145\n|switch|p2a: Clefable|Clefable, F|100\/100\n|move|p1a: Gliscor|Earthquake|p2a: Clefable\n|-damage|p2a: Clefable|77\/100\n|\n|-heal|p1a: Gliscor|96\/100 tox|[from] ability: Poison Heal\n|upkeep\n|turn|139\n|inactive|LECH24 has 120 seconds left.\n|\n|t:|1656366158\n|switch|p1a: Heatran|Heatran, F|62\/100\n|-damage|p1a: Heatran|49\/100|[from] Stealth Rock\n|switch|p2a: Toxapex|Toxapex, F|100\/100 brn\n|-damage|p2a: Toxapex|88\/100 brn|[from] Stealth Rock\n|\n|-heal|p1a: Heatran|55\/100|[from] item: Leftovers\n|-heal|p2a: Toxapex|94\/100 brn|[from] item: Black Sludge\n|-damage|p2a: Toxapex|88\/100 brn|[from] brn\n|upkeep\n|turn|140\n|inactive|LECH24 has 120 seconds left.\n|\n|t:|1656366178\n|move|p1a: Heatran|Taunt|p2a: Toxapex\n|-start|p2a: Toxapex|move: Taunt\n|move|p2a: Toxapex|Scald|p1a: Heatran\n|-supereffective|p1a: Heatran\n|-damage|p1a: Heatran|35\/100\n|\n|-heal|p1a: Heatran|41\/100|[from] item: Leftovers\n|-heal|p2a: Toxapex|94\/100 brn|[from] item: Black Sludge\n|-damage|p2a: Toxapex|88\/100 brn|[from] brn\n|upkeep\n|turn|141\n|\n|t:|1656366184\n|move|p1a: Heatran|Sunny Day|p1a: Heatran\n|-weather|SunnyDay\n|move|p2a: Toxapex|Scald|p1a: Heatran\n|-supereffective|p1a: Heatran\n|-damage|p1a: Heatran|30\/100\n|\n|-weather|SunnyDay|[upkeep]\n|-heal|p1a: Heatran|36\/100|[from] item: Leftovers\n|-heal|p2a: Toxapex|94\/100 brn|[from] item: Black Sludge\n|-damage|p2a: Toxapex|88\/100 brn|[from] brn\n|upkeep\n|turn|142\n|inactive|NDLT3PXS LsLL has 30 seconds left.\n|\n|t:|1656366202\n|switch|p1a: Houndoom|Houndoom-Mega, F|100\/100\n|-damage|p1a: Houndoom|76\/100|[from] Stealth Rock\n|switch|p2a: Corviknight|Corviknight, F|79\/100 brn\n|-ability|p2a: Corviknight|Pressure\n|\n|-weather|SunnyDay|[upkeep]\n|-damage|p1a: Houndoom|63\/100|[from] ability: Solar Power|[of] p1a: Houndoom\n|-damage|p2a: Corviknight|72\/100 brn|[from] brn\n|upkeep\n|turn|143\n|\n|t:|1656366208\n|switch|p2a: Chansey|Chansey, F|96\/100\n|-damage|p2a: Chansey|84\/100|[from] Stealth Rock\n|move|p1a: Houndoom|Fire Blast|p2a: Chansey\n|-damage|p2a: Chansey|40\/100\n|\n|-weather|SunnyDay|[upkeep]\n|-damage|p1a: Houndoom|51\/100|[from] ability: Solar Power|[of] p1a: Houndoom\n|upkeep\n|turn|144\n|\n|t:|1656366216\n|switch|p2a: Toxapex|Toxapex, F|100\/100 brn\n|-damage|p2a: Toxapex|88\/100 brn|[from] Stealth Rock\n|move|p1a: Houndoom|Fire Blast|p2a: Toxapex\n|-resisted|p2a: Toxapex\n|-damage|p2a: Toxapex|34\/100 brn\n|\n|-weather|SunnyDay|[upkeep]\n|-damage|p1a: Houndoom|39\/100|[from] ability: Solar Power|[of] p1a: Houndoom\n|-heal|p2a: Toxapex|40\/100 brn|[from] item: Black Sludge\n|-damage|p2a: Toxapex|34\/100 brn|[from] brn\n|upkeep\n|turn|145\n|inactive|NDLT3PXS LsLL has 30 seconds left.\n|\n|t:|1656366227\n|move|p1a: Houndoom|Dark Pulse|p2a: Toxapex\n|-damage|p2a: Toxapex|0 fnt\n|faint|p2a: Toxapex\n|\n|-weather|none\n|upkeep\n|\n|t:|1656366230\n|switch|p2a: Chansey|Chansey, F|40\/100\n|-damage|p2a: Chansey|28\/100|[from] Stealth Rock\n|turn|146\n|\n|t:|1656366235\n|move|p1a: Houndoom|Dark Pulse|p2a: Chansey\n|-crit|p2a: Chansey\n|-damage|p2a: Chansey|6\/100\n|move|p2a: Chansey|Soft-Boiled|p2a: Chansey\n|-heal|p2a: Chansey|56\/100\n|\n|upkeep\n|turn|147\n|inactive|NDLT3PXS LsLL has 30 seconds left.\n|\n|t:|1656366251\n|switch|p1a: Gliscor|Gliscor, F|96\/100 tox\n|-damage|p1a: Gliscor|83\/100 tox|[from] Stealth Rock\n|move|p2a: Chansey|Soft-Boiled|p2a: Chansey\n|-heal|p2a: Chansey|100\/100\n|\n|-heal|p1a: Gliscor|96\/100 tox|[from] ability: Poison Heal\n|upkeep\n|turn|148\n|inactive|LECH24 has 120 seconds left.\n|\n|t:|1656366262\n|switch|p2a: Clefable|Clefable, F|77\/100\n|move|p1a: Gliscor|U-turn|p2a: Clefable\n|-resisted|p2a: Clefable\n|-damage|p2a: Clefable|71\/100\n|\n|t:|1656366266\n|switch|p1a: Heatran|Heatran, F|36\/100|[from]move: U-turn\n|-damage|p1a: Heatran|24\/100|[from] Stealth Rock\n|\n|-heal|p1a: Heatran|30\/100|[from] item: Leftovers\n|upkeep\n|turn|149\n|\n|t:|1656366275\n|move|p1a: Heatran|Taunt|p2a: Clefable\n|-start|p2a: Clefable|move: Taunt\n|move|p2a: Clefable|Moonblast|p1a: Heatran\n|-resisted|p1a: Heatran\n|-damage|p1a: Heatran|24\/100\n|-unboost|p1a: Heatran|spa|1\n|\n|-heal|p1a: Heatran|31\/100|[from] item: Leftovers\n|upkeep\n|turn|150\n|\n|t:|1656366289\n|switch|p2a: Chansey|Chansey, F|100\/100\n|-damage|p2a: Chansey|88\/100|[from] Stealth Rock\n|move|p1a: Heatran|Earth Power|p2a: Chansey\n|-damage|p2a: Chansey|83\/100\n|\n|-heal|p1a: Heatran|37\/100|[from] item: Leftovers\n|upkeep\n|turn|151\n|\n|t:|1656366297\n|switch|p1a: Toxapex|Toxapex, F|89\/100 brn\n|-damage|p1a: Toxapex|76\/100 brn|[from] Stealth Rock\n|move|p2a: Chansey|Seismic Toss|p1a: Toxapex\n|-damage|p1a: Toxapex|43\/100 brn\n|\n|-damage|p1a: Toxapex|37\/100 brn|[from] brn\n|upkeep\n|turn|152\n|\n|t:|1656366301\n|switch|p2a: Clefable|Clefable, F|71\/100\n|switch|p1a: Gliscor|Gliscor, F|96\/100 tox\n|-damage|p1a: Gliscor|83\/100 tox|[from] Stealth Rock\n|\n|-heal|p1a: Gliscor|96\/100 tox|[from] ability: Poison Heal\n|upkeep\n|turn|153\n|\n|t:|1656366307\n|switch|p1a: Toxapex|Toxapex, F|71\/100 brn\n|-damage|p1a: Toxapex|59\/100 brn|[from] Stealth Rock\n|move|p2a: Clefable|Wish|p2a: Clefable\n|\n|-damage|p1a: Toxapex|53\/100 brn|[from] brn\n|upkeep\n|turn|154\n|\n|t:|1656366310\n|switch|p2a: Corviknight|Corviknight, F|72\/100 brn\n|-ability|p2a: Corviknight|Pressure\n|move|p1a: Toxapex|Poison Jab|p2a: Corviknight\n|-immune|p2a: Corviknight\n|\n|-heal|p2a: Corviknight|100\/100 brn|[from] move: Wish|[wisher] Clefable\n|-damage|p2a: Corviknight|94\/100 brn|[from] brn\n|-damage|p1a: Toxapex|47\/100 brn|[from] brn\n|upkeep\n|turn|155\n|\n|t:|1656366329\n|switch|p1a: Gliscor|Gliscor, F|96\/100 tox\n|-damage|p1a: Gliscor|83\/100 tox|[from] Stealth Rock\n|move|p2a: Corviknight|Defog|p1a: Gliscor\n|-unboost|p1a: Gliscor|evasion|1\n|-sideend|p1: LECH24|Stealth Rock|[from] move: Defog|[of] p2a: Corviknight\n|-sideend|p2: NDLT3PXS LsLL|Stealth Rock|[from] move: Defog|[of] p2a: Corviknight\n|\n|-heal|p1a: Gliscor|96\/100 tox|[from] ability: Poison Heal\n|-damage|p2a: Corviknight|88\/100 brn|[from] brn\n|upkeep\n|turn|156\n|\n|t:|1656366337\n|move|p1a: Gliscor|Stealth Rock|p2a: Corviknight\n|-sidestart|p2: NDLT3PXS LsLL|move: Stealth Rock\n|move|p2a: Corviknight|Iron Defense|p2a: Corviknight\n|-boost|p2a: Corviknight|def|2\n|\n|-heal|p1a: Gliscor|100\/100 tox|[from] ability: Poison Heal\n|-damage|p2a: Corviknight|82\/100 brn|[from] brn\n|upkeep\n|turn|157\n|\n|t:|1656366347\n|switch|p1a: Toxapex|Toxapex, F|80\/100 brn\n|move|p2a: Corviknight|Defog|p1a: Toxapex\n|-unboost|p1a: Toxapex|evasion|1\n|-sideend|p2: NDLT3PXS LsLL|Stealth Rock|[from] move: Defog|[of] p2a: Corviknight\n|\n|-damage|p2a: Corviknight|75\/100 brn|[from] brn\n|-damage|p1a: Toxapex|74\/100 brn|[from] brn\n|upkeep\n|turn|158\n|\n|t:|1656366354\n|switch|p2a: Chansey|Chansey, F|83\/100\n|switch|p1a: Gliscor|Gliscor, F|100\/100 tox\n|\n|upkeep\n|turn|159\n|\n|t:|1656366367\n|move|p1a: Gliscor|Stealth Rock|p2a: Chansey\n|-sidestart|p2: NDLT3PXS LsLL|move: Stealth Rock\n|move|p2a: Chansey|Stealth Rock|p1a: Gliscor\n|-sidestart|p1: LECH24|move: Stealth Rock\n|\n|upkeep\n|turn|160\n|\n|t:|1656366375\n|switch|p1a: Toxapex|Toxapex, F|100\/100 brn\n|-damage|p1a: Toxapex|88\/100 brn|[from] Stealth Rock\n|switch|p2a: Corviknight|Corviknight, F|75\/100 brn\n|-ability|p2a: Corviknight|Pressure\n|\n|-damage|p2a: Corviknight|69\/100 brn|[from] brn\n|-damage|p1a: Toxapex|82\/100 brn|[from] brn\n|upkeep\n|turn|161\n|\n|t:|1656366382\n|switch|p1a: Gliscor|Gliscor, F|100\/100 tox\n|-damage|p1a: Gliscor|88\/100 tox|[from] Stealth Rock\n|move|p2a: Corviknight|Defog|p1a: Gliscor\n|-unboost|p1a: Gliscor|evasion|1\n|-sideend|p1: LECH24|Stealth Rock|[from] move: Defog|[of] p2a: Corviknight\n|-sideend|p2: NDLT3PXS LsLL|Stealth Rock|[from] move: Defog|[of] p2a: Corviknight\n|\n|-heal|p1a: Gliscor|100\/100 tox|[from] ability: Poison Heal\n|-damage|p2a: Corviknight|63\/100 brn|[from] brn\n|upkeep\n|turn|162\n|inactive|NDLT3PXS LsLL has 30 seconds left.\n|inactive|NDLT3PXS LsLL has 20 seconds left.\n|inactive|NDLT3PXS LsLL has 15 seconds left.\n|inactive|NDLT3PXS LsLL has 10 seconds left.\n|inactive|NDLT3PXS LsLL has 5 seconds left.\n|\n|t:|1656366429\n|switch|p1a: Volcarona|Volcarona, F|100\/100\n|move|p2a: Corviknight|Roost|p2a: Corviknight\n|-heal|p2a: Corviknight|100\/100 brn\n|-singleturn|p2a: Corviknight|move: Roost\n|\n|-damage|p2a: Corviknight|94\/100 brn|[from] brn\n|upkeep\n|turn|163\n|inactive|NDLT3PXS LsLL has 10 seconds left this turn.\n|\n|t:|1656366433\n|switch|p2a: Chansey|Chansey, F|83\/100\n|move|p1a: Volcarona|Flamethrower|p2a: Chansey\n|-damage|p2a: Chansey|67\/100\n|\n|upkeep\n|turn|164\n|inactive|NDLT3PXS LsLL has 15 seconds left this turn.\n|l| TrollingToTheTop\n|\n|t:|1656366439\n|switch|p1a: Gliscor|Gliscor, F|100\/100 tox\n|move|p2a: Chansey|Stealth Rock|p1a: Gliscor\n|-sidestart|p1: LECH24|move: Stealth Rock\n|\n|upkeep\n|turn|165\n|inactive|NDLT3PXS LsLL has 20 seconds left this turn.\n|\n|t:|1656366443\n|switch|p1a: Toxapex|Toxapex, F|100\/100 brn\n|-damage|p1a: Toxapex|88\/100 brn|[from] Stealth Rock\n|switch|p2a: Corviknight|Corviknight, F|94\/100 brn\n|-ability|p2a: Corviknight|Pressure\n|\n|-damage|p2a: Corviknight|88\/100 brn|[from] brn\n|-damage|p1a: Toxapex|82\/100 brn|[from] brn\n|upkeep\n|turn|166\n|inactive|NDLT3PXS LsLL has 25 seconds left this turn.\n|\n|t:|1656366449\n|switch|p2a: Chansey|Chansey, F|67\/100\n|switch|p1a: Gliscor|Gliscor, F|100\/100 tox\n|-damage|p1a: Gliscor|88\/100 tox|[from] Stealth Rock\n|\n|-heal|p1a: Gliscor|100\/100 tox|[from] ability: Poison Heal\n|upkeep\n|turn|167\n|inactive|NDLT3PXS LsLL has 30 seconds left this turn.\n|\n|t:|1656366454\n|switch|p2a: Corviknight|Corviknight, F|88\/100 brn\n|-ability|p2a: Corviknight|Pressure\n|move|p1a: Gliscor|Stealth Rock|p2a: Corviknight\n|-sidestart|p2: NDLT3PXS LsLL|move: Stealth Rock\n|\n|-damage|p2a: Corviknight|82\/100 brn|[from] brn\n|upkeep\n|turn|168\n|inactive|NDLT3PXS LsLL has 30 seconds left this turn.\n|\n|t:|1656366460\n|switch|p1a: Volcarona|Volcarona, F|100\/100\n|move|p2a: Corviknight|Defog|p1a: Volcarona\n|-unboost|p1a: Volcarona|evasion|1\n|-sideend|p1: LECH24|Stealth Rock|[from] move: Defog|[of] p2a: Corviknight\n|-sideend|p2: NDLT3PXS LsLL|Stealth Rock|[from] move: Defog|[of] p2a: Corviknight\n|\n|-damage|p2a: Corviknight|75\/100 brn|[from] brn\n|upkeep\n|turn|169\n|inactive|NDLT3PXS LsLL has 30 seconds left.\n|inactive|NDLT3PXS LsLL has 20 seconds left.\n|\n|t:|1656366477\n|switch|p1a: Rillaboom|Rillaboom, F|47\/100 tox\n|-fieldstart|move: Grassy Terrain|[from] ability: Grassy Surge|[of] p1a: Rillaboom\n|switch|p2a: Chansey|Chansey, F|67\/100\n|\n|-heal|p1a: Rillaboom|53\/100 tox|[from] Grassy Terrain\n|-heal|p2a: Chansey|74\/100|[from] Grassy Terrain\n|-damage|p1a: Rillaboom|47\/100 tox|[from] psn\n|upkeep\n|turn|170\n|inactive|NDLT3PXS LsLL has 25 seconds left this turn.\n|\n|t:|1656366483\n|switch|p2a: Corviknight|Corviknight, F|75\/100 brn\n|-ability|p2a: Corviknight|Pressure\n|move|p1a: Rillaboom|Swords Dance|p1a: Rillaboom\n|-boost|p1a: Rillaboom|atk|2\n|\n|-heal|p1a: Rillaboom|53\/100 tox|[from] Grassy Terrain\n|-damage|p1a: Rillaboom|40\/100 tox|[from] psn\n|-damage|p2a: Corviknight|69\/100 brn|[from] brn\n|upkeep\n|turn|171\n|inactive|NDLT3PXS LsLL has 30 seconds left this turn.\n|\n|t:|1656366486\n|switch|p2a: Clefable|Clefable, F|71\/100\n|-zpower|p1a: Rillaboom\n|move|p1a: Rillaboom|All-Out Pummeling|p2a: Clefable|[zeffect]\n|-resisted|p2a: Clefable\n|-damage|p2a: Clefable|45\/100\n|\n|-heal|p1a: Rillaboom|47\/100 tox|[from] Grassy Terrain\n|-heal|p2a: Clefable|51\/100|[from] Grassy Terrain\n|-damage|p1a: Rillaboom|28\/100 tox|[from] psn\n|upkeep\n|turn|172\n|\n|t:|1656366491\n|move|p2a: Clefable|Protect|p2a: Clefable\n|-singleturn|p2a: Clefable|Protect\n|move|p1a: Rillaboom|Wood Hammer|p2a: Clefable\n|-activate|p2a: Clefable|move: Protect\n|\n|-heal|p1a: Rillaboom|34\/100 tox|[from] Grassy Terrain\n|-heal|p2a: Clefable|57\/100|[from] Grassy Terrain\n|-damage|p1a: Rillaboom|10\/100 tox|[from] psn\n|upkeep\n|turn|173\n|\n|t:|1656366498\n|move|p1a: Rillaboom|Wood Hammer|p2a: Clefable\n|-damage|p2a: Clefable|0 fnt\n|faint|p2a: Clefable\n|-damage|p1a: Rillaboom|0 fnt|[from] Recoil\n|faint|p1a: Rillaboom\n|\n|-fieldend|move: Grassy Terrain\n|upkeep\n|-message|NDLT3PXS LsLL forfeited.\n|\n|win|LECH24\n|raw|LECH24's rating: 1550 &rarr; <strong>1567<\/strong><br \/>(+17 for winning)\n|raw|NDLT3PXS LsLL's rating: 1505 &rarr; <strong>1488<\/strong><br \/>(-17 for losing)\n|l|\u2606NDLT3PXS LsLL\n||Ladder isn't responding, score probably updated but might not have (Request timeout).\n|l|\u2606LECH24\n|j|\u2606LECH24\n|player|p1|LECH24|170\n","uploadtime":1656367305,"views":20,"p1id":"lech24","p2id":"ndlt3pxslsll","formatid":"gen8nationaldex","rating":1488,"private":0,"password":null}