{"id":"gen8ou-1696780284","p1":"Bunch24","p2":"FENDINI","format":"gen8ou","log":"|html|<div class=\"broadcast-blue\"><strong>[Gen 8] OU is currently suspecting Melmetal! For information on how to participate check out the <a href=\"https:\/\/www.smogon.com\/forums\/threads\/np-ss-ou-suspect-process-round-12-monster-mash.3709234\/\">suspect thread<\/a>.<\/strong><\/div>\n|j|\u2606Bunch24\n|j|\u2606FENDINI\n|t:|1666928344\n|gametype|singles\n|player|p1|Bunch24|101|1724\n|player|p2|FENDINI|ethan-masters|1720\n|teamsize|p1|6\n|teamsize|p2|6\n|gen|8\n|tier|[Gen 8] OU\n|rated|\n|rule|Sleep Clause Mod: Limit one foe put to sleep\n|rule|Species Clause: Limit one of each Pok\u00e9mon\n|rule|OHKO Clause: OHKO moves are banned\n|rule|Evasion Items Clause: Evasion items are banned\n|rule|Evasion Moves Clause: Evasion moves are banned\n|rule|Endless Battle Clause: Forcing endless battles is banned\n|rule|HP Percentage Mod: HP is shown in percentages\n|rule|Dynamax Clause: You cannot dynamax\n|clearpoke\n|poke|p1|Tapu Lele|\n|poke|p1|Kartana|\n|poke|p1|Corviknight, F|\n|poke|p1|Seismitoad, F|\n|poke|p1|Heatran, M|\n|poke|p1|Tornadus-Therian, M|\n|poke|p2|Rillaboom, M|\n|poke|p2|Tornadus-Therian, M|\n|poke|p2|Blaziken, M|\n|poke|p2|Melmetal|\n|poke|p2|Garchomp, F|\n|poke|p2|Slowbro, F|\n|teampreview\n|inactive|Battle timer is ON: inactive players will automatically lose when time's up. (requested by FENDINI)\n|j| Kwaga\n|c| Kwaga|seismitoad goated mon\n|\n|t:|1666928375\n|start\n|switch|p1a: Seismitoad|Seismitoad, F|100\/100\n|switch|p2a: Tornadus|Tornadus-Therian, M|100\/100\n|turn|1\n|\n|t:|1666928387\n|move|p2a: Tornadus|Knock Off|p1a: Seismitoad\n|-damage|p1a: Seismitoad|85\/100\n|-enditem|p1a: Seismitoad|Leftovers|[from] move: Knock Off|[of] p2a: Tornadus\n|move|p1a: Seismitoad|Knock Off|p2a: Tornadus\n|-damage|p2a: Tornadus|77\/100\n|-enditem|p2a: Tornadus|Heavy-Duty Boots|[from] move: Knock Off|[of] p1a: Seismitoad\n|\n|upkeep\n|turn|2\n|\n|t:|1666928395\n|move|p2a: Tornadus|U-turn|p1a: Seismitoad\n|-damage|p1a: Seismitoad|73\/100\n|j| tricks av\n|\n|t:|1666928404\n|switch|p2a: Slowbro|Slowbro, F|100\/100|[from]move: U-turn\n|move|p1a: Seismitoad|Stealth Rock|p2a: Slowbro\n|-sidestart|p2: FENDINI|move: Stealth Rock\n|\n|upkeep\n|turn|3\n|\n|t:|1666928414\n|switch|p1a: Tornadus|Tornadus-Therian, M|100\/100\n|move|p2a: Slowbro|Toxic|p1a: Tornadus\n|-status|p1a: Tornadus|tox\n|\n|-damage|p1a: Tornadus|94\/100 tox|[from] psn\n|upkeep\n|turn|4\n|j| Cbxbsb\n|\n|t:|1666928443\n|move|p1a: Tornadus|U-turn|p2a: Slowbro\n|-supereffective|p2a: Slowbro\n|-crit|p2a: Slowbro\n|-damage|p2a: Slowbro|77\/100\n|-damage|p1a: Tornadus|78\/100 tox|[from] item: Rocky Helmet|[of] p2a: Slowbro\n|c|\u2606Bunch24|It\u2019s so underrated\n|\n|t:|1666928460\n|switch|p1a: Tapu Lele|Tapu Lele|100\/100|[from]move: U-turn\n|-fieldstart|move: Psychic Terrain|[from] ability: Psychic Surge|[of] p1a: Tapu Lele\n|move|p2a: Slowbro|Future Sight|p1a: Tapu Lele\n|-start|p2a: Slowbro|move: Future Sight\n|\n|upkeep\n|turn|5\n|\n|t:|1666928467\n|switch|p2a: Melmetal|Melmetal|100\/100\n|-damage|p2a: Melmetal|94\/100|[from] Stealth Rock\n|move|p1a: Tapu Lele|Moonblast|p2a: Melmetal\n|-resisted|p2a: Melmetal\n|-damage|p2a: Melmetal|60\/100\n|-unboost|p2a: Melmetal|spa|1\n|\n|-heal|p2a: Melmetal|67\/100|[from] item: Leftovers\n|upkeep\n|turn|6\n|\n|t:|1666928476\n|switch|p1a: Corviknight|Corviknight, F|100\/100\n|-ability|p1a: Corviknight|Pressure\n|move|p2a: Melmetal|Superpower|p1a: Corviknight\n|-damage|p1a: Corviknight|72\/100\n|-unboost|p2a: Melmetal|atk|1\n|-unboost|p2a: Melmetal|def|1\n|-damage|p2a: Melmetal|50\/100|[from] item: Rocky Helmet|[of] p1a: Corviknight\n|\n|-end|p1a: Corviknight|move: Future Sight\n|-resisted|p1a: Corviknight\n|-damage|p1a: Corviknight|43\/100\n|-heal|p2a: Melmetal|56\/100|[from] item: Leftovers\n|upkeep\n|turn|7\n|\n|t:|1666928486\n|switch|p2a: Garchomp|Garchomp, F|100\/100\n|-damage|p2a: Garchomp|94\/100|[from] Stealth Rock\n|move|p1a: Corviknight|Roost|p1a: Corviknight\n|-heal|p1a: Corviknight|93\/100\n|-singleturn|p1a: Corviknight|move: Roost\n|\n|-heal|p2a: Garchomp|100\/100|[from] item: Leftovers\n|upkeep\n|turn|8\n|\n|t:|1666928491\n|switch|p1a: Tapu Lele|Tapu Lele|100\/100\n|move|p2a: Garchomp|Stealth Rock|p1a: Tapu Lele\n|-sidestart|p1: Bunch24|move: Stealth Rock\n|\n|-fieldend|move: Psychic Terrain\n|upkeep\n|turn|9\n|\n|t:|1666928498\n|move|p2a: Garchomp|Protect|p2a: Garchomp\n|-singleturn|p2a: Garchomp|Protect\n|move|p1a: Tapu Lele|Moonblast|p2a: Garchomp\n|-activate|p2a: Garchomp|move: Protect\n|\n|upkeep\n|turn|10\n|\n|t:|1666928523\n|switch|p2a: Rillaboom|Rillaboom, M|100\/100\n|-damage|p2a: Rillaboom|88\/100|[from] Stealth Rock\n|-fieldstart|move: Grassy Terrain|[from] ability: Grassy Surge|[of] p2a: Rillaboom\n|move|p1a: Tapu Lele|Moonblast|p2a: Rillaboom\n|-damage|p2a: Rillaboom|2\/100\n|\n|-heal|p2a: Rillaboom|9\/100|[from] Grassy Terrain\n|-heal|p2a: Rillaboom|15\/100|[from] item: Leftovers\n|upkeep\n|turn|11\n|\n|t:|1666928529\n|switch|p1a: Corviknight|Corviknight, F|93\/100\n|-damage|p1a: Corviknight|81\/100|[from] Stealth Rock\n|-ability|p1a: Corviknight|Pressure\n|move|p2a: Rillaboom|Knock Off|p1a: Corviknight\n|-damage|p1a: Corviknight|60\/100\n|-damage|p2a: Rillaboom|0 fnt|[from] item: Rocky Helmet|[of] p1a: Corviknight\n|faint|p2a: Rillaboom\n|\n|upkeep\n|\n|t:|1666928531\n|switch|p2a: Blaziken|Blaziken, M|100\/100\n|-damage|p2a: Blaziken|88\/100|[from] Stealth Rock\n|turn|12\n|\n|t:|1666928536\n|move|p2a: Blaziken|Flare Blitz|p1a: Corviknight\n|-supereffective|p1a: Corviknight\n|-damage|p1a: Corviknight|0 fnt\n|-damage|p2a: Blaziken|71\/100|[from] item: Rocky Helmet|[of] p1a: Corviknight\n|faint|p1a: Corviknight\n|-damage|p2a: Blaziken|48\/100|[from] Recoil\n|\n|-heal|p2a: Blaziken|54\/100|[from] Grassy Terrain\n|-heal|p2a: Blaziken|60\/100|[from] item: Leftovers\n|-ability|p2a: Blaziken|Speed Boost|boost\n|-boost|p2a: Blaziken|spe|1\n|upkeep\n|j| 120hd12d\n|\n|t:|1666928559\n|switch|p1a: Seismitoad|Seismitoad, F|73\/100\n|-damage|p1a: Seismitoad|67\/100|[from] Stealth Rock\n|turn|13\n|\n|t:|1666928586\n|switch|p2a: Slowbro|Slowbro, F|100\/100\n|-damage|p2a: Slowbro|88\/100|[from] Stealth Rock\n|move|p1a: Seismitoad|Knock Off|p2a: Slowbro\n|-supereffective|p2a: Slowbro\n|-damage|p2a: Slowbro|64\/100\n|-damage|p1a: Seismitoad|51\/100|[from] item: Rocky Helmet|[of] p2a: Slowbro\n|-enditem|p2a: Slowbro|Rocky Helmet|[from] move: Knock Off|[of] p1a: Seismitoad\n|\n|-heal|p1a: Seismitoad|57\/100|[from] Grassy Terrain\n|-heal|p2a: Slowbro|70\/100|[from] Grassy Terrain\n|upkeep\n|turn|14\n|\n|t:|1666928597\n|switch|p1a: Kartana|Kartana|100\/100\n|-damage|p1a: Kartana|94\/100|[from] Stealth Rock\n|move|p2a: Slowbro|Future Sight|p1a: Kartana\n|-start|p2a: Slowbro|move: Future Sight\n|\n|-heal|p1a: Kartana|100\/100|[from] Grassy Terrain\n|-heal|p2a: Slowbro|76\/100|[from] Grassy Terrain\n|-fieldend|move: Grassy Terrain\n|upkeep\n|turn|15\n|\n|t:|1666928602\n|switch|p2a: Tornadus|Tornadus-Therian, M|100\/100\n|-damage|p2a: Tornadus|76\/100|[from] Stealth Rock\n|move|p1a: Kartana|Sacred Sword|p2a: Tornadus\n|-resisted|p2a: Tornadus\n|-damage|p2a: Tornadus|53\/100\n|\n|upkeep\n|turn|16\n|\n|t:|1666928614\n|switch|p1a: Heatran|Heatran, M|100\/100\n|-damage|p1a: Heatran|88\/100|[from] Stealth Rock\n|move|p2a: Tornadus|U-turn|p1a: Heatran\n|-resisted|p1a: Heatran\n|-damage|p1a: Heatran|85\/100\n|j| Gogetta1200\n|\n|t:|1666928634\n|switch|p2a: Blaziken|Blaziken, M|60\/100|[from]move: U-turn\n|-damage|p2a: Blaziken|48\/100|[from] Stealth Rock\n|\n|-end|p1a: Heatran|move: Future Sight\n|-resisted|p1a: Heatran\n|-damage|p1a: Heatran|72\/100\n|-heal|p2a: Blaziken|54\/100|[from] item: Leftovers\n|-heal|p1a: Heatran|78\/100|[from] item: Leftovers\n|upkeep\n|turn|17\n|\n|t:|1666928639\n|move|p2a: Blaziken|Close Combat|p1a: Heatran\n|-supereffective|p1a: Heatran\n|-damage|p1a: Heatran|0 fnt\n|-unboost|p2a: Blaziken|def|1\n|-unboost|p2a: Blaziken|spd|1\n|faint|p1a: Heatran\n|\n|-heal|p2a: Blaziken|60\/100|[from] item: Leftovers\n|-ability|p2a: Blaziken|Speed Boost|boost\n|-boost|p2a: Blaziken|spe|1\n|upkeep\n|\n|t:|1666928643\n|switch|p1a: Tornadus|Tornadus-Therian, M|100\/100 tox\n|turn|18\n|\n|t:|1666928646\n|move|p2a: Blaziken|Protect|p2a: Blaziken\n|-singleturn|p2a: Blaziken|Protect\n|move|p1a: Tornadus|Hurricane|p2a: Blaziken\n|-activate|p2a: Blaziken|move: Protect\n|\n|-heal|p2a: Blaziken|67\/100|[from] item: Leftovers\n|-damage|p1a: Tornadus|94\/100 tox|[from] psn\n|-ability|p2a: Blaziken|Speed Boost|boost\n|-boost|p2a: Blaziken|spe|1\n|upkeep\n|turn|19\n|l| Cbxbsb\n|inactive|FENDINI has 120 seconds left.\n|\n|t:|1666928681\n|switch|p2a: Melmetal|Melmetal|56\/100\n|-damage|p2a: Melmetal|50\/100|[from] Stealth Rock\n|move|p1a: Tornadus|U-turn|p2a: Melmetal\n|-resisted|p2a: Melmetal\n|-damage|p2a: Melmetal|46\/100\n|\n|t:|1666928688\n|switch|p1a: Seismitoad|Seismitoad, F|57\/100|[from]move: U-turn\n|-damage|p1a: Seismitoad|51\/100|[from] Stealth Rock\n|\n|-heal|p2a: Melmetal|52\/100|[from] item: Leftovers\n|upkeep\n|turn|20\n|\n|t:|1666928696\n|switch|p2a: Slowbro|Slowbro, F|100\/100\n|-damage|p2a: Slowbro|88\/100|[from] Stealth Rock\n|move|p1a: Seismitoad|Scald|p2a: Slowbro\n|-resisted|p2a: Slowbro\n|-damage|p2a: Slowbro|76\/100\n|\n|upkeep\n|turn|21\n|\n|t:|1666928702\n|switch|p1a: Tapu Lele|Tapu Lele|100\/100\n|-damage|p1a: Tapu Lele|88\/100|[from] Stealth Rock\n|-fieldstart|move: Psychic Terrain|[from] ability: Psychic Surge|[of] p1a: Tapu Lele\n|move|p2a: Slowbro|Teleport|p2a: Slowbro\n|l| 120hd12d\n|inactive|FENDINI has 120 seconds left.\n|\n|t:|1666928726\n|switch|p2a: Blaziken|Blaziken, M|67\/100|[from]move: Teleport\n|-damage|p2a: Blaziken|54\/100|[from] Stealth Rock\n|\n|-heal|p2a: Blaziken|60\/100|[from] item: Leftovers\n|upkeep\n|turn|22\n|\n|t:|1666928738\n|switch|p1a: Tornadus|Tornadus-Therian, M|100\/100 tox\n|move|p2a: Blaziken|Protect||[still]\n|-fail|p2a: Blaziken\n|\n|-heal|p2a: Blaziken|67\/100|[from] item: Leftovers\n|-damage|p1a: Tornadus|94\/100 tox|[from] psn\n|-ability|p2a: Blaziken|Speed Boost|boost\n|-boost|p2a: Blaziken|spe|1\n|upkeep\n|turn|23\n|\n|t:|1666928746\n|move|p2a: Blaziken|Protect|p2a: Blaziken\n|-singleturn|p2a: Blaziken|Protect\n|move|p1a: Tornadus|Hurricane|p2a: Blaziken\n|-activate|p2a: Blaziken|move: Protect\n|\n|-heal|p2a: Blaziken|73\/100|[from] item: Leftovers\n|-damage|p1a: Tornadus|82\/100 tox|[from] psn\n|-ability|p2a: Blaziken|Speed Boost|boost\n|-boost|p2a: Blaziken|spe|1\n|upkeep\n|turn|24\n|\n|t:|1666928767\n|switch|p2a: Melmetal|Melmetal|52\/100\n|-damage|p2a: Melmetal|46\/100|[from] Stealth Rock\n|move|p1a: Tornadus|Hurricane|p2a: Melmetal|[miss]\n|-miss|p1a: Tornadus|p2a: Melmetal\n|\n|-heal|p2a: Melmetal|52\/100|[from] item: Leftovers\n|-damage|p1a: Tornadus|64\/100 tox|[from] psn\n|upkeep\n|turn|25\n|\n|t:|1666928779\n|switch|p1a: Seismitoad|Seismitoad, F|51\/100\n|-damage|p1a: Seismitoad|45\/100|[from] Stealth Rock\n|move|p2a: Melmetal|Double Iron Bash|p1a: Seismitoad\n|-resisted|p1a: Seismitoad\n|-crit|p1a: Seismitoad\n|-damage|p1a: Seismitoad|19\/100\n|-resisted|p1a: Seismitoad\n|-crit|p1a: Seismitoad\n|-damage|p1a: Seismitoad|0 fnt\n|faint|p1a: Seismitoad\n|-hitcount|p1: Seismitoad|2\n|\n|-heal|p2a: Melmetal|58\/100|[from] item: Leftovers\n|-fieldend|move: Psychic Terrain\n|upkeep\n|\n|t:|1666928797\n|switch|p1a: Tapu Lele|Tapu Lele|88\/100\n|-damage|p1a: Tapu Lele|76\/100|[from] Stealth Rock\n|-fieldstart|move: Psychic Terrain|[from] ability: Psychic Surge|[of] p1a: Tapu Lele\n|turn|26\n|\n|t:|1666928804\n|move|p2a: Melmetal|Protect|p2a: Melmetal\n|-singleturn|p2a: Melmetal|Protect\n|move|p1a: Tapu Lele|Focus Blast|p2a: Melmetal\n|-activate|p2a: Melmetal|move: Protect\n|\n|-heal|p2a: Melmetal|65\/100|[from] item: Leftovers\n|upkeep\n|turn|27\n|\n|t:|1666928811\n|switch|p1a: Kartana|Kartana|100\/100\n|-damage|p1a: Kartana|94\/100|[from] Stealth Rock\n|switch|p2a: Tornadus|Tornadus-Therian, M|86\/100\n|-damage|p2a: Tornadus|61\/100|[from] Stealth Rock\n|\n|upkeep\n|turn|28\n|\n|t:|1666928824\n|switch|p1a: Tornadus|Tornadus-Therian, M|97\/100 tox\n|switch|p2a: Melmetal|Melmetal|65\/100\n|-damage|p2a: Melmetal|58\/100|[from] Stealth Rock\n|\n|-heal|p2a: Melmetal|65\/100|[from] item: Leftovers\n|-damage|p1a: Tornadus|91\/100 tox|[from] psn\n|upkeep\n|turn|29\n|\n|t:|1666928831\n|move|p1a: Tornadus|Knock Off|p2a: Melmetal\n|-damage|p2a: Melmetal|53\/100\n|-enditem|p2a: Melmetal|Leftovers|[from] move: Knock Off|[of] p1a: Tornadus\n|move|p2a: Melmetal|Double Iron Bash|p1a: Tornadus\n|-crit|p1a: Tornadus\n|-damage|p1a: Tornadus|21\/100 tox\n|-damage|p1a: Tornadus|0 fnt\n|faint|p1a: Tornadus\n|-hitcount|p1: Tornadus|2\n|\n|upkeep\n|\n|t:|1666928837\n|switch|p1a: Tapu Lele|Tapu Lele|76\/100\n|-damage|p1a: Tapu Lele|63\/100|[from] Stealth Rock\n|turn|30\n|j| LT_Alt1\n|\n|t:|1666928851\n|move|p2a: Melmetal|Protect|p2a: Melmetal\n|-singleturn|p2a: Melmetal|Protect\n|move|p1a: Tapu Lele|Psychic|p2a: Melmetal\n|-activate|p2a: Melmetal|move: Protect\n|\n|-fieldend|move: Psychic Terrain\n|upkeep\n|turn|31\n|\n|t:|1666928858\n|move|p1a: Tapu Lele|Psychic|p2a: Melmetal\n|-resisted|p2a: Melmetal\n|-damage|p2a: Melmetal|20\/100\n|move|p2a: Melmetal|Double Iron Bash|p1a: Tapu Lele\n|-supereffective|p1a: Tapu Lele\n|-damage|p1a: Tapu Lele|0 fnt\n|faint|p1a: Tapu Lele\n|-hitcount|p1: Tapu Lele|1\n|\n|upkeep\n|\n|t:|1666928860\n|switch|p1a: Kartana|Kartana|94\/100\n|-damage|p1a: Kartana|88\/100|[from] Stealth Rock\n|turn|32\n|l| Kwaga\n|j| Kwaga\n|l| Kwaga\n|\n|t:|1666928876\n|move|p1a: Kartana|Leaf Blade|p2a: Melmetal\n|-resisted|p2a: Melmetal\n|-damage|p2a: Melmetal|3\/100\n|move|p2a: Melmetal|Superpower|p1a: Kartana\n|-supereffective|p1a: Kartana\n|-damage|p1a: Kartana|0 fnt\n|-unboost|p2a: Melmetal|atk|1\n|-unboost|p2a: Melmetal|def|1\n|faint|p1a: Kartana\n|\n|win|FENDINI\n|raw|Bunch24's rating: 1724 &rarr; <strong>1704<\/strong><br \/>(-20 for losing)\n|raw|FENDINI's rating: 1720 &rarr; <strong>1740<\/strong><br \/>(+20 for winning)\n|c|\u2606FENDINI|double bash crit was rlly stupid\n|c|\u2606FENDINI|ngl\n|c|\u2606FENDINI|assuming that didn't kill without\n|l| tricks av\n|c|\u2606Bunch24|Nah that blaz swept me\n|c|\u2606Bunch24|id it got up one sd\n||Ladder isn't responding, score probably updated but might not have (Request timeout).\n","uploadtime":1666928912,"views":13,"p1id":"bunch24","p2id":"fendini","formatid":"gen8ou","rating":1704,"private":0,"password":null}