{"id":"gen8balancedhackmons-1102341472","p1":"Yukita","p2":"BaddyGames","format":"gen8balancedhackmons","log":"|j|\u2606Yukita\n|j|\u2606BaddyGames\n|player|p1|Yukita|dawn|1267\n|player|p2|BaddyGames|275|1373\n|teamsize|p1|6\n|teamsize|p2|6\n|gametype|singles\n|gen|8\n|tier|[Gen 8] Balanced Hackmons\n|rated|\n|rule|OHKO Clause: OHKO moves are banned\n|rule|Evasion Moves Clause: Evasion moves are banned\n|rule|Forme Clause: Limit one of each forme of a Pok\u00e9mon\n|clearpoke\n|poke|p1|Golisopod, M|\n|poke|p1|Melmetal|\n|poke|p1|Zeraora|\n|poke|p1|Mewtwo|\n|poke|p1|Zamazenta-Crowned|\n|poke|p1|Kyurem-Black|\n|poke|p2|Kyurem-Black|\n|poke|p2|Dragapult, F|\n|poke|p2|Darmanitan-Galar-Zen, F|\n|poke|p2|Melmetal|\n|poke|p2|Munchlax, F|\n|poke|p2|Zamazenta-Crowned|\n|rule|HP Percentage Mod: HP is shown in percentages\n|rule|Sleep Clause Mod: Limit one foe put to sleep\n|rule|Endless Battle Clause: Forcing endless battles is banned\n|teampreview\n|inactive|Battle timer is ON: inactive players will automatically lose when time's up. (requested by BaddyGames)\n|c|\u2606Yukita|Ooo a munchlax?\n|\n|start\n|switch|p1a: Golisopod|Golisopod, M|100\/100\n|switch|p2a: Melmetal|Melmetal|100\/100\n|turn|1\n|c|\u2606BaddyGames|hype\n|\n|move|p2a: Melmetal|Substitute|p2a: Melmetal\n|-start|p2a: Melmetal|Substitute\n|-damage|p2a: Melmetal|76\/100\n|move|p1a: Golisopod|Swords Dance|p1a: Golisopod\n|-boost|p1a: Golisopod|atk|2\n|\n|-heal|p2a: Melmetal|82\/100|[from] item: Leftovers\n|upkeep\n|turn|2\n|\n|move|p1a: Golisopod|Drain Punch|p2a: Melmetal\n|-supereffective|p2a: Melmetal\n|-end|p2a: Melmetal|Substitute\n|-damage|p1a: Golisopod|91\/100|[from] item: Life Orb\n|move|p2a: Melmetal|Swords Dance|p2a: Melmetal\n|-boost|p2a: Melmetal|atk|2\n|\n|-heal|p2a: Melmetal|88\/100|[from] item: Leftovers\n|upkeep\n|turn|3\n|\n|move|p1a: Golisopod|Drain Punch|p2a: Melmetal\n|-supereffective|p2a: Melmetal\n|-damage|p2a: Melmetal|27\/100\n|-heal|p1a: Golisopod|100\/100|[from] drain|[of] p2a: Melmetal\n|-damage|p1a: Golisopod|91\/100|[from] item: Life Orb\n|move|p2a: Melmetal|Topsy-Turvy|p1a: Golisopod\n|-invertboost|p1a: Golisopod|[from] move: Topsy-Turvy\n|\n|-heal|p2a: Melmetal|33\/100|[from] item: Leftovers\n|upkeep\n|turn|4\n|\n|move|p1a: Golisopod|Drain Punch|p2a: Melmetal\n|-supereffective|p2a: Melmetal\n|-damage|p2a: Melmetal|19\/100\n|-heal|p1a: Golisopod|99\/100|[from] drain|[of] p2a: Melmetal\n|-damage|p1a: Golisopod|90\/100|[from] item: Life Orb\n|move|p2a: Melmetal|Baton Pass|p2a: Melmetal\n|\n|switch|p2a: Dragapult|Dragapult, F|100\/100|[from]move: Baton Pass\n|\n|upkeep\n|turn|5\n|\n|switch|p1a: Zamazenta|Zamazenta-Crowned|100\/100\n|move|p2a: Dragapult|Entrainment|p1a: Zamazenta\n|-endability|p1a: Zamazenta|Ice Scales|[from] move: Entrainment\n|-ability|p1a: Zamazenta|Normalize|[from] move: Entrainment\n|\n|upkeep\n|turn|6\n|c|\u2606Yukita|ahh i remember this set\n|c|\u2606Yukita|haha\n|\n|switch|p1a: Kyurem|Kyurem-Black|100\/100\n|move|p2a: Dragapult|Shift Gear|p2a: Dragapult\n|-boost|p2a: Dragapult|spe|2\n|-boost|p2a: Dragapult|atk|1\n|\n|upkeep\n|turn|7\n|c|\u2606BaddyGames|it's cancer\n|c|\u2606Yukita|yup\n|\n|move|p1a: Kyurem|Fake Out|p2a: Dragapult\n|-supereffective|p2a: Dragapult\n|-crit|p2a: Dragapult\n|-damage|p2a: Dragapult|0 fnt\n|-damage|p1a: Kyurem|91\/100|[from] item: Life Orb\n|faint|p2a: Dragapult\n|\n|upkeep\n|\n|switch|p2a: Zamazenta|Zamazenta-Crowned|100\/100\n|turn|8\n|\n|switch|p1a: Zamazenta|Zamazenta-Crowned|100\/100\n|move|p2a: Zamazenta|Swords Dance|p2a: Zamazenta\n|-boost|p2a: Zamazenta|atk|2\n|\n|upkeep\n|turn|9\n|\n|move|p2a: Zamazenta|Drain Punch|p1a: Zamazenta\n|-supereffective|p1a: Zamazenta\n|-damage|p1a: Zamazenta|0 fnt\n|-damage|p2a: Zamazenta|91\/100|[from] item: Life Orb\n|faint|p1a: Zamazenta\n|\n|upkeep\n|j| Andrew Linfante\n|\n|switch|p1a: Golisopod|Golisopod, M|90\/100\n|turn|10\n|\n|move|p2a: Zamazenta|Leech Life|p1a: Golisopod\n|-damage|p1a: Golisopod|43\/100\n|-heal|p2a: Zamazenta|100\/100|[from] drain|[of] p1a: Golisopod\n|-damage|p2a: Zamazenta|91\/100|[from] item: Life Orb\n|move|p1a: Golisopod|Swords Dance|p1a: Golisopod\n|-boost|p1a: Golisopod|atk|2\n|\n|upkeep\n|turn|11\n|\n|move|p2a: Zamazenta|Leech Life|p1a: Golisopod\n|-damage|p1a: Golisopod|0 fnt\n|-heal|p2a: Zamazenta|100\/100|[from] drain|[of] p1a: Golisopod\n|-damage|p2a: Zamazenta|91\/100|[from] item: Life Orb\n|faint|p1a: Golisopod\n|\n|upkeep\n|\n|switch|p1a: Zeraora|Zeraora|100\/100\n|turn|12\n|\n|move|p2a: Zamazenta|Drain Punch|p1a: Zeraora\n|-damage|p1a: Zeraora|11\/100\n|-heal|p2a: Zamazenta|100\/100|[from] drain|[of] p1a: Zeraora\n|-damage|p2a: Zamazenta|91\/100|[from] item: Life Orb\n|move|p1a: Zeraora|V-create|p2a: Zamazenta\n|-supereffective|p2a: Zamazenta\n|-damage|p2a: Zamazenta|0 fnt\n|-unboost|p1a: Zeraora|spe|1\n|-unboost|p1a: Zeraora|def|1\n|-unboost|p1a: Zeraora|spd|1\n|faint|p2a: Zamazenta\n|\n|upkeep\n|\n|switch|p2a: Darmanitan-Galar-Z|Darmanitan-Galar-Zen, F|100\/100\n|turn|13\n|\n|switch|p1a: Kyurem|Kyurem-Black|91\/100\n|move|p2a: Darmanitan-Galar-Z|Shell Smash|p2a: Darmanitan-Galar-Z\n|-unboost|p2a: Darmanitan-Galar-Z|def|2\n|-unboost|p2a: Darmanitan-Galar-Z|spd|2\n|-boost|p2a: Darmanitan-Galar-Z|atk|4\n|-boost|p2a: Darmanitan-Galar-Z|spa|4\n|-boost|p2a: Darmanitan-Galar-Z|spe|4\n|-enditem|p2a: Darmanitan-Galar-Z|White Herb\n|-clearnegativeboost|p2a: Darmanitan-Galar-Z|[silent]\n|\n|upkeep\n|turn|14\n|\n|move|p2a: Darmanitan-Galar-Z|Behemoth Blade|p1a: Kyurem\n|-supereffective|p1a: Kyurem\n|-damage|p1a: Kyurem|0 fnt\n|faint|p1a: Kyurem\n|\n|upkeep\n|\n|switch|p1a: Melmetal|Melmetal|100\/100\n|turn|15\n|c|\u2606Yukita|why is that thing so fast lol\n|c|\u2606Yukita|sad\n|\n|-start|p2a: Darmanitan-Galar-Z|Dynamax\n|-heal|p2a: Darmanitan-Galar-Z|100\/100|[silent]\n|move|p2a: Darmanitan-Galar-Z|Max Flare|p1a: Melmetal\n|-supereffective|p1a: Melmetal\n|-damage|p1a: Melmetal|0 fnt\n|-weather|SunnyDay\n|faint|p1a: Melmetal\n|\n|-weather|SunnyDay|[upkeep]\n|upkeep\n|c|\u2606BaddyGames|i mean 3x speed\n|inactive|Yukita has 120 seconds left.\n|c|\u2606Yukita|no like\n|c| Andrew Linfante|3x speed on one of the fastest mons in the meta\n|c|\u2606Yukita|base speed\n|c|\u2606BaddyGames|because this gen is stupid\n|c| Andrew Linfante|Bc gamefreak doesn't understand balance\n|c|\u2606Yukita|its max speed is 405 or sth\n|c|\u2606Yukita|sad\n|\n|switch|p1a: Mewtwo|Mewtwo|100\/100\n|turn|16\n|\n|-start|p1a: Mewtwo|Dynamax\n|-heal|p1a: Mewtwo|100\/100|[silent]\n|move|p2a: Darmanitan-Galar-Z|Max Flare|p1a: Mewtwo\n|-damage|p1a: Mewtwo|0 fnt\n|faint|p1a: Mewtwo\n|\n|-weather|SunnyDay|[upkeep]\n|upkeep\n|\n|switch|p1a: Zeraora|Zeraora|11\/100\n|turn|17\n|c|\u2606Yukita|haha gg\n|c|\u2606BaddyGames|gg\n|\n|move|p2a: Darmanitan-Galar-Z|Max Flare|p1a: Zeraora\n|-damage|p1a: Zeraora|0 fnt\n|faint|p1a: Zeraora\n|\n|win|BaddyGames\n|c|\u2606Yukita|it's been so lon since i saw someone use triage\n|raw|Yukita's rating: 1267 &rarr; <strong>1250<\/strong><br \/>(-17 for losing)\n|raw|BaddyGames's rating: 1373 &rarr; <strong>1387<\/strong><br \/>(+14 for winning)\n|c|\u2606BaddyGames|underrated\n|c|\u2606Yukita|yup\n|c| Andrew Linfante|Kinda cheesy tbh\n|l|\u2606Yukita\n|l|\u2606BaddyGames\n","uploadtime":1587698788,"views":7,"p1id":"yukita","p2id":"baddygames","formatid":"gen8balancedhackmons","rating":1250,"private":0,"password":null}