{"id":"gen8bdspmonotype-1476212590","p1":"gaijineagle","p2":"Ashes Tears","format":"gen8bdspmonotype","log":"|j|\u2606gaijineagle\n|j|\u2606Ashes Tears\n|t:|1639915720\n|gametype|singles\n|player|p1|gaijineagle|169|\n|player|p2|Ashes Tears|winona|\n|teamsize|p1|6\n|teamsize|p2|6\n|gen|8\n|tier|[Gen 8 BDSP] Monotype\n|rule|Sleep Clause Mod: Limit one foe put to sleep\n|rule|Species Clause: Limit one of each Pok\u00e9mon\n|rule|OHKO Clause: OHKO moves are banned\n|rule|Evasion Moves Clause: Evasion moves are banned\n|rule|Endless Battle Clause: Forcing endless battles is banned\n|rule|HP Percentage Mod: HP is shown in percentages\n|rule|Same Type Clause: Pok\u00e9mon in a team must share a type\n|clearpoke\n|poke|p1|Skarmory, M|\n|poke|p1|Empoleon, F|\n|poke|p1|Magnezone|\n|poke|p1|Heatran, M|\n|poke|p1|Jirachi|\n|poke|p1|Forretress, F|\n|poke|p2|Rotom-Wash|\n|poke|p2|Azumarill, F|\n|poke|p2|Kingdra, M|\n|poke|p2|Pelipper, M|\n|poke|p2|Manaphy|\n|poke|p2|Swampert, F|\n|teampreview\n|c|\u2606Ashes Tears|Hf\n|c|\u2606gaijineagle|u2\n|j| StitChuu\n|\n|t:|1639915800\n|start\n|switch|p1a: Jirachi|Jirachi|100\/100\n|switch|p2a: RACINGINTOTHENIGHT|Rotom-Wash|100\/100\n|turn|1\n|\n|t:|1639915812\n|move|p2a: RACINGINTOTHENIGHT|Volt Switch|p1a: Jirachi\n|-damage|p1a: Jirachi|80\/100\n|\n|t:|1639915819\n|switch|p2a: DEPARTURE|Swampert, F|100\/100|[from]move: Volt Switch\n|move|p1a: Jirachi|Stealth Rock|p2a: DEPARTURE\n|-sidestart|p2: Ashes Tears|move: Stealth Rock\n|\n|-heal|p1a: Jirachi|86\/100|[from] item: Leftovers\n|upkeep\n|turn|2\n|\n|t:|1639915838\n|switch|p1a: Skarmory|Skarmory, M|100\/100\n|move|p2a: DEPARTURE|Stealth Rock|p1a: Skarmory\n|-sidestart|p1: gaijineagle|move: Stealth Rock\n|\n|upkeep\n|turn|3\n|\n|t:|1639915842\n|switch|p2a: RACINGINTOTHENIGHT|Rotom-Wash|100\/100\n|-damage|p2a: RACINGINTOTHENIGHT|88\/100|[from] Stealth Rock\n|move|p1a: Skarmory|Swords Dance|p1a: Skarmory\n|-boost|p1a: Skarmory|atk|2\n|\n|upkeep\n|turn|4\n|j| Giove97\n|\n|t:|1639915856\n|move|p2a: RACINGINTOTHENIGHT|Volt Switch|p1a: Skarmory\n|-supereffective|p1a: Skarmory\n|-damage|p1a: Skarmory|0 fnt\n|faint|p1a: Skarmory\n|\n|t:|1639915862\n|switch|p2a: DEPARTURE|Swampert, F|100\/100|[from]move: Volt Switch\n|-damage|p2a: DEPARTURE|94\/100|[from] Stealth Rock\n|\n|-heal|p2a: DEPARTURE|100\/100|[from] item: Leftovers\n|upkeep\n|\n|t:|1639915881\n|switch|p1a: Empoleon|Empoleon, F|100\/100\n|-damage|p1a: Empoleon|94\/100|[from] Stealth Rock\n|turn|5\n|\n|t:|1639915886\n|move|p1a: Empoleon|Agility|p1a: Empoleon\n|-boost|p1a: Empoleon|spe|2\n|move|p2a: DEPARTURE|Earthquake|p1a: Empoleon\n|-supereffective|p1a: Empoleon\n|-damage|p1a: Empoleon|0 fnt\n|faint|p1a: Empoleon\n|\n|upkeep\n|c|\u2606gaijineagle|lol\n|l| Giove97\n|\n|t:|1639915898\n|switch|p1a: Forretress|Forretress, F|100\/100\n|-damage|p1a: Forretress|88\/100|[from] Stealth Rock\n|turn|6\n|c| StitChuu|lol\n|\n|t:|1639915917\n|move|p2a: DEPARTURE|Scald|p1a: Forretress\n|-damage|p1a: Forretress|50\/100\n|move|p1a: Forretress|Toxic Spikes|p2a: DEPARTURE\n|-sidestart|p2: Ashes Tears|move: Toxic Spikes\n|\n|upkeep\n|turn|7\n|\n|t:|1639915936\n|switch|p1a: Jirachi|Jirachi|86\/100\n|-damage|p1a: Jirachi|80\/100|[from] Stealth Rock\n|move|p2a: DEPARTURE|Scald|p1a: Jirachi\n|-damage|p1a: Jirachi|64\/100\n|-status|p1a: Jirachi|brn\n|\n|-heal|p1a: Jirachi|70\/100 brn|[from] item: Leftovers\n|-damage|p1a: Jirachi|64\/100 brn|[from] brn\n|upkeep\n|turn|8\n|\n|t:|1639915941\n|move|p1a: Jirachi|U-turn|p2a: DEPARTURE\n|-damage|p2a: DEPARTURE|93\/100\n|\n|t:|1639915944\n|switch|p1a: Forretress|Forretress, F|50\/100|[from]move: U-turn\n|-damage|p1a: Forretress|38\/100|[from] Stealth Rock\n|move|p2a: DEPARTURE|Earthquake|p1a: Forretress\n|-damage|p1a: Forretress|16\/100\n|\n|-heal|p2a: DEPARTURE|99\/100|[from] item: Leftovers\n|upkeep\n|turn|9\n|\n|t:|1639915949\n|move|p2a: DEPARTURE|Earthquake|p1a: Forretress\n|-damage|p1a: Forretress|0 fnt\n|faint|p1a: Forretress\n|\n|-heal|p2a: DEPARTURE|100\/100|[from] item: Leftovers\n|upkeep\n|j| fabwooloous\u30c4\n|\n|t:|1639915968\n|switch|p1a: Jirachi|Jirachi|64\/100 brn\n|-damage|p1a: Jirachi|58\/100 brn|[from] Stealth Rock\n|turn|10\n|\n|t:|1639915971\n|move|p1a: Jirachi|Wish|p1a: Jirachi\n|move|p2a: DEPARTURE|Earthquake|p1a: Jirachi\n|-supereffective|p1a: Jirachi\n|-damage|p1a: Jirachi|0 fnt\n|faint|p1a: Jirachi\n|\n|upkeep\n|\n|t:|1639915978\n|switch|p1a: Heatran|Heatran, M|100\/100\n|-damage|p1a: Heatran|88\/100|[from] Stealth Rock\n|turn|11\n|c| fabwooloous\u30c4|Hi Ainz larper\n|\n|t:|1639915987\n|move|p1a: Heatran|Protect|p1a: Heatran\n|-singleturn|p1a: Heatran|Protect\n|move|p2a: DEPARTURE|Earthquake|p1a: Heatran\n|-activate|p1a: Heatran|move: Protect\n|\n|-heal|p1a: Heatran|100\/100|[from] move: Wish|[wisher] Jirachi\n|upkeep\n|turn|12\n|\n|t:|1639915992\n|move|p1a: Heatran|Lava Plume|p2a: DEPARTURE\n|-resisted|p2a: DEPARTURE\n|-damage|p2a: DEPARTURE|89\/100\n|-status|p2a: DEPARTURE|brn\n|move|p2a: DEPARTURE|Earthquake|p1a: Heatran\n|-supereffective|p1a: Heatran\n|-damage|p1a: Heatran|40\/100\n|\n|-heal|p1a: Heatran|46\/100|[from] item: Leftovers\n|-heal|p2a: DEPARTURE|95\/100 brn|[from] item: Leftovers\n|-damage|p2a: DEPARTURE|89\/100 brn|[from] brn\n|upkeep\n|turn|13\n|c|\u2606Ashes Tears|Hi fabsusloous\n|\n|t:|1639916001\n|move|p1a: Heatran|Protect|p1a: Heatran\n|-singleturn|p1a: Heatran|Protect\n|move|p2a: DEPARTURE|Earthquake|p1a: Heatran\n|-activate|p1a: Heatran|move: Protect\n|\n|-heal|p1a: Heatran|52\/100|[from] item: Leftovers\n|-heal|p2a: DEPARTURE|95\/100 brn|[from] item: Leftovers\n|-damage|p2a: DEPARTURE|89\/100 brn|[from] brn\n|upkeep\n|turn|14\n|c| StitChuu|Ainzlarp\n|\n|t:|1639916010\n|move|p1a: Heatran|Torment|p2a: DEPARTURE\n|-start|p2a: DEPARTURE|Torment\n|move|p2a: DEPARTURE|Earthquake|p1a: Heatran\n|-supereffective|p1a: Heatran\n|-damage|p1a: Heatran|0 fnt\n|faint|p1a: Heatran\n|\n|-heal|p2a: DEPARTURE|95\/100 brn|[from] item: Leftovers\n|-damage|p2a: DEPARTURE|89\/100 brn|[from] brn\n|upkeep\n|l| fabwooloous\u30c4\n|\n|t:|1639916012\n|switch|p1a: Magnezone|Magnezone|100\/100\n|-damage|p1a: Magnezone|94\/100|[from] Stealth Rock\n|turn|15\n|\n|t:|1639916018\n|move|p1a: Magnezone|Flash Cannon|p2a: DEPARTURE\n|-resisted|p2a: DEPARTURE\n|-damage|p2a: DEPARTURE|75\/100 brn\n|move|p2a: DEPARTURE|Scald|p1a: Magnezone\n|-damage|p1a: Magnezone|60\/100\n|\n|-heal|p2a: DEPARTURE|81\/100 brn|[from] item: Leftovers\n|-damage|p2a: DEPARTURE|75\/100 brn|[from] brn\n|upkeep\n|turn|16\n|\n|t:|1639916021\n|move|p1a: Magnezone|Flash Cannon|p2a: DEPARTURE\n|-resisted|p2a: DEPARTURE\n|-damage|p2a: DEPARTURE|61\/100 brn\n|move|p2a: DEPARTURE|Earthquake|p1a: Magnezone\n|-supereffective|p1a: Magnezone\n|-damage|p1a: Magnezone|0 fnt\n|faint|p1a: Magnezone\n|\n|win|Ashes Tears\n|c|\u2606gaijineagle|gg\n|c|\u2606Ashes Tears|Gg\n","uploadtime":1639916028,"views":215,"p1id":"gaijineagle","p2id":"ashestears","formatid":"gen8bdspmonotype","rating":0,"private":0,"password":null}