{"id":"gen8bdspou-1513441067","p1":"VirginJimmy99","p2":"spenc247","format":"gen8bdspou","log":"|j|\u2606VirginJimmy99\n|j|\u2606spenc247\n|t:|1645154572\n|gametype|singles\n|player|p1|VirginJimmy99|170|1516\n|player|p2|spenc247|170|1587\n|teamsize|p1|6\n|teamsize|p2|6\n|gen|8\n|tier|[Gen 8 BDSP] OU\n|rated|\n|rule|Sleep Clause Mod: Limit one foe put to sleep\n|rule|Species Clause: Limit one of each Pok\u00e9mon\n|rule|OHKO Clause: OHKO moves are banned\n|rule|Evasion Moves Clause: Evasion moves are banned\n|rule|Endless Battle Clause: Forcing endless battles is banned\n|rule|HP Percentage Mod: HP is shown in percentages\n|clearpoke\n|poke|p1|Farfetch\u2019d, F|\n|poke|p1|Ariados, M|\n|poke|p1|Infernape, M|\n|poke|p1|Rotom|\n|poke|p1|Weavile, F|\n|poke|p1|Starmie|\n|poke|p2|Gliscor, F|\n|poke|p2|Mew|\n|poke|p2|Heatran, F|\n|poke|p2|Latios, M|\n|poke|p2|Rotom-Wash|\n|poke|p2|Breloom, M|\n|teampreview\n|inactive|Battle timer is ON: inactive players will automatically lose when time's up. (requested by spenc247)\n|inactive|VirginJimmy99 has 120 seconds left.\n|\n|t:|1645154647\n|start\n|switch|p1a: Ariados|Ariados, M|100\/100\n|switch|p2a: Mew|Mew|100\/100\n|turn|1\n|\n|t:|1645154654\n|move|p2a: Mew|Flamethrower|p1a: Ariados\n|-supereffective|p1a: Ariados\n|-damage|p1a: Ariados|13\/100\n|move|p1a: Ariados|Lunge|p2a: Mew\n|-supereffective|p2a: Mew\n|-damage|p2a: Mew|30\/100\n|-unboost|p2a: Mew|atk|1\n|\n|upkeep\n|turn|2\n|\n|t:|1645154662\n|move|p1a: Ariados|Sucker Punch|p2a: Mew\n|-supereffective|p2a: Mew\n|-damage|p2a: Mew|0 fnt\n|faint|p2a: Mew\n|\n|upkeep\n|\n|t:|1645154669\n|switch|p2a: Rotom|Rotom-Wash|100\/100\n|turn|3\n|\n|t:|1645154672\n|move|p1a: Ariados|Sucker Punch|p2a: Rotom\n|-crit|p2a: Rotom\n|-damage|p2a: Rotom|77\/100\n|move|p2a: Rotom|Volt Switch|p1a: Ariados\n|-damage|p1a: Ariados|0 fnt\n|faint|p1a: Ariados\n|\n|t:|1645154675\n|switch|p2a: Gliscor|Gliscor, F|100\/100|[from]move: Volt Switch\n|\n|-status|p2a: Gliscor|tox|[from] item: Toxic Orb\n|upkeep\n|\n|t:|1645154685\n|switch|p1a: Starmie|Starmie|100\/100\n|turn|4\n|\n|t:|1645154694\n|switch|p2a: Rotom|Rotom-Wash|77\/100\n|move|p1a: Starmie|Hydro Pump|p2a: Rotom\n|-resisted|p2a: Rotom\n|-damage|p2a: Rotom|37\/100\n|-damage|p1a: Starmie|91\/100|[from] item: Life Orb\n|\n|-heal|p2a: Rotom|44\/100|[from] item: Leftovers\n|upkeep\n|turn|5\n|\n|t:|1645154712\n|switch|p1a: Rotom|Rotom|100\/100\n|move|p2a: Rotom|Volt Switch|p1a: Rotom\n|-resisted|p1a: Rotom\n|-damage|p1a: Rotom|77\/100\n|\n|t:|1645154729\n|switch|p2a: Heatran|Heatran, F|100\/100|[from]move: Volt Switch\n|\n|-heal|p1a: Rotom|83\/100|[from] item: Leftovers\n|upkeep\n|turn|6\n|\n|t:|1645154734\n|move|p1a: Rotom|Substitute|p1a: Rotom\n|-start|p1a: Rotom|Substitute\n|-damage|p1a: Rotom|59\/100\n|move|p2a: Heatran|Stealth Rock|p1a: Rotom\n|-sidestart|p1: VirginJimmy99|move: Stealth Rock\n|\n|-heal|p1a: Rotom|65\/100|[from] item: Leftovers\n|upkeep\n|turn|7\n|\n|t:|1645154742\n|move|p1a: Rotom|Nasty Plot|p1a: Rotom\n|-boost|p1a: Rotom|spa|2\n|move|p2a: Heatran|Magma Storm|p1a: Rotom\n|-end|p1a: Rotom|Substitute\n|\n|-heal|p1a: Rotom|71\/100|[from] item: Leftovers\n|upkeep\n|turn|8\n|\n|t:|1645154753\n|switch|p2a: Rotom|Rotom-Wash|44\/100\n|move|p1a: Rotom|Substitute|p1a: Rotom\n|-start|p1a: Rotom|Substitute\n|-damage|p1a: Rotom|46\/100\n|\n|-heal|p1a: Rotom|52\/100|[from] item: Leftovers\n|-heal|p2a: Rotom|50\/100|[from] item: Leftovers\n|upkeep\n|turn|9\n|\n|t:|1645154757\n|move|p1a: Rotom|Thunderbolt|p2a: Rotom\n|-damage|p2a: Rotom|0 fnt\n|faint|p2a: Rotom\n|\n|-heal|p1a: Rotom|59\/100|[from] item: Leftovers\n|upkeep\n|\n|t:|1645154764\n|switch|p2a: Latios|Latios, M|100\/100\n|turn|10\n|\n|t:|1645154766\n|move|p2a: Latios|Psychic|p1a: Rotom\n|-end|p1a: Rotom|Substitute\n|move|p1a: Rotom|Shadow Ball|p2a: Latios\n|-supereffective|p2a: Latios\n|-damage|p2a: Latios|0 fnt\n|faint|p2a: Latios\n|\n|-heal|p1a: Rotom|65\/100|[from] item: Leftovers\n|upkeep\n|\n|t:|1645154780\n|switch|p2a: Heatran|Heatran, F|100\/100\n|turn|11\n|\n|t:|1645154783\n|move|p1a: Rotom|Substitute|p1a: Rotom\n|-start|p1a: Rotom|Substitute\n|-damage|p1a: Rotom|40\/100\n|move|p2a: Heatran|Magma Storm|p1a: Rotom\n|-end|p1a: Rotom|Substitute\n|\n|-heal|p1a: Rotom|46\/100|[from] item: Leftovers\n|upkeep\n|turn|12\n|-message|spenc247 forfeited.\n|\n|win|VirginJimmy99\n|raw|VirginJimmy99's rating: 1516 &rarr; <strong>1540<\/strong><br \/>(+24 for winning)\n|raw|spenc247's rating: 1587 &rarr; <strong>1563<\/strong><br \/>(-24 for losing)\n|l|\u2606spenc247\n","uploadtime":1645154790,"views":11,"p1id":"virginjimmy99","p2id":"spenc247","formatid":"gen8bdspou","rating":1540,"private":0,"password":null}