{"id":"gen8nationaldex-1678791227","p1":"yuwenzhao","p2":"wwaaa","format":"gen8nationaldex","log":"|j|\u2606yuwenzhao\n|j|\u2606wwaaa\n|t:|1665024266\n|gametype|singles\n|player|p1|yuwenzhao|dawn|1445\n|player|p2|wwaaa|lillie-masters|1540\n|teamsize|p1|6\n|teamsize|p2|6\n|gen|8\n|tier|[Gen 8] National Dex\n|rated|\n|rule|HP Percentage Mod: HP is shown in percentages\n|rule|Endless Battle Clause: Forcing endless battles is banned\n|rule|OHKO Clause: OHKO moves are banned\n|rule|Evasion Moves Clause: Evasion moves are banned\n|rule|Species Clause: Limit one of each Pok\u00e9mon\n|rule|Dynamax Clause: You cannot dynamax\n|rule|Sleep Clause Mod: Limit one foe put to sleep\n|clearpoke\n|poke|p1|Hoopa-Unbound|\n|poke|p1|Slowbro, F|\n|poke|p1|Greninja, M|\n|poke|p1|Rillaboom, F|\n|poke|p1|Celesteela|\n|poke|p1|Camerupt, M|\n|poke|p2|Kommo-o, F|\n|poke|p2|Landorus-Therian, M|\n|poke|p2|Diancie|\n|poke|p2|Amoonguss, M|\n|poke|p2|Zapdos|\n|poke|p2|Slowbro, F|\n|teampreview\n|inactive|Battle timer is ON: inactive players will automatically lose when time's up. (requested by yuwenzhao)\n|\n|t:|1665024305\n|start\n|switch|p1a: Camerupt|Camerupt, M|100\/100\n|switch|p2a: Zapdos|Zapdos|100\/100\n|turn|1\n|\n|t:|1665024317\n|detailschange|p1a: Camerupt|Camerupt-Mega, M\n|-mega|p1a: Camerupt|Camerupt|Cameruptite\n|move|p2a: Zapdos|Hurricane|p1a: Camerupt\n|-damage|p1a: Camerupt|41\/100\n|move|p1a: Camerupt|Stealth Rock|p2a: Zapdos\n|-sidestart|p2: wwaaa|move: Stealth Rock\n|\n|upkeep\n|turn|2\n|\n|t:|1665024329\n|switch|p1a: Celesteela|Celesteela|100\/100\n|move|p2a: Zapdos|Hurricane|p1a: Celesteela\n|-resisted|p1a: Celesteela\n|-damage|p1a: Celesteela|82\/100\n|-start|p1a: Celesteela|confusion\n|\n|-heal|p1a: Celesteela|88\/100|[from] item: Leftovers\n|upkeep\n|turn|3\n|\n|t:|1665024358\n|switch|p2a: Diancie|Diancie|100\/100\n|-damage|p2a: Diancie|88\/100|[from] Stealth Rock\n|switch|p1a: Hoopa|Hoopa-Unbound|100\/100\n|\n|upkeep\n|turn|4\n|inactive|yuwenzhao has 120 seconds left.\n|\n|t:|1665024392\n|detailschange|p2a: Diancie|Diancie-Mega\n|-mega|p2a: Diancie|Diancie|Diancite\n|move|p2a: Diancie|Diamond Storm|p1a: Hoopa\n|-damage|p1a: Hoopa|31\/100\n|-boost|p2a: Diancie|def|2\n|move|p1a: Hoopa|Trick Room|p1a: Hoopa\n|-fieldstart|move: Trick Room|[of] p1a: Hoopa\n|\n|upkeep\n|turn|5\n|inactive|yuwenzhao has 120 seconds left.\n|\n|t:|1665024404\n|switch|p1a: Slowbro|Slowbro, F, shiny|100\/100\n|move|p2a: Diancie|Magnet Rise|p2a: Diancie\n|-start|p2a: Diancie|Magnet Rise\n|\n|upkeep\n|turn|6\n|inactive|wwaaa has 120 seconds left.\n|\n|t:|1665024425\n|switch|p2a: Amoonguss|Amoonguss, M|100\/100\n|-damage|p2a: Amoonguss|88\/100|[from] Stealth Rock\n|move|p1a: Slowbro|Teleport|p1a: Slowbro\n|\n|t:|1665024430\n|switch|p1a: Camerupt|Camerupt-Mega, M|41\/100|[from]move: Teleport\n|\n|-heal|p2a: Amoonguss|94\/100|[from] item: Black Sludge\n|upkeep\n|turn|7\n|\n|t:|1665024442\n|switch|p2a: Slowbro|Slowbro, F|100\/100\n|move|p1a: Camerupt|Earth Power|p2a: Slowbro\n|-damage|p2a: Slowbro|27\/100\n|\n|upkeep\n|turn|8\n|\n|t:|1665024449\n|move|p1a: Camerupt|Fire Blast|p2a: Slowbro\n|-resisted|p2a: Slowbro\n|-damage|p2a: Slowbro|0 fnt\n|faint|p2a: Slowbro\n|\n|-fieldend|move: Trick Room\n|upkeep\n|\n|t:|1665024456\n|switch|p2a: Landorus|Landorus-Therian, M|100\/100\n|-ability|p2a: Landorus|Intimidate|boost\n|-unboost|p1a: Camerupt|atk|1\n|turn|9\n|\n|t:|1665024466\n|switch|p1a: Slowbro|Slowbro, F, shiny|100\/100\n|move|p2a: Landorus|Stealth Rock|p1a: Slowbro\n|-sidestart|p1: yuwenzhao|move: Stealth Rock\n|\n|upkeep\n|turn|10\n|\n|t:|1665024491\n|move|p2a: Landorus|U-turn|p1a: Slowbro\n|-supereffective|p1a: Slowbro\n|-damage|p1a: Slowbro|73\/100\n|inactive|wwaaa has 120 seconds left.\n|\n|t:|1665024512\n|switch|p2a: Amoonguss|Amoonguss, M|100\/100|[from]move: U-turn\n|-damage|p2a: Amoonguss|88\/100|[from] Stealth Rock\n|move|p1a: Slowbro|Trick Room|p1a: Slowbro\n|-fieldstart|move: Trick Room|[of] p1a: Slowbro\n|\n|-heal|p2a: Amoonguss|94\/100|[from] item: Black Sludge\n|upkeep\n|turn|11\n|\n|t:|1665024528\n|move|p2a: Amoonguss|Spore|p1a: Slowbro\n|-status|p1a: Slowbro|slp|[from] move: Spore\n|cant|p1a: Slowbro|slp\n|\n|-heal|p2a: Amoonguss|99\/100|[from] item: Black Sludge\n|upkeep\n|turn|12\n|inactive|wwaaa has 120 seconds left.\n|\n|t:|1665024560\n|switch|p1a: Camerupt|Camerupt-Mega, M|41\/100\n|-damage|p1a: Camerupt|29\/100|[from] Stealth Rock\n|move|p2a: Amoonguss|Sludge Bomb|p1a: Camerupt\n|-resisted|p1a: Camerupt\n|-damage|p1a: Camerupt|16\/100\n|\n|-heal|p2a: Amoonguss|100\/100|[from] item: Black Sludge\n|upkeep\n|turn|13\n|\n|t:|1665024574\n|move|p1a: Camerupt|Fire Blast|p2a: Amoonguss\n|-supereffective|p2a: Amoonguss\n|-damage|p2a: Amoonguss|0 fnt\n|faint|p2a: Amoonguss\n|\n|upkeep\n|\n|t:|1665024582\n|switch|p2a: Landorus|Landorus-Therian, M|100\/100\n|-ability|p2a: Landorus|Intimidate|boost\n|-unboost|p1a: Camerupt|atk|1\n|turn|14\n|\n|t:|1665024587\n|move|p1a: Camerupt|Hidden Power|p2a: Landorus\n|-supereffective|p2a: Landorus\n|-damage|p2a: Landorus|11\/100\n|move|p2a: Landorus|Earthquake|p1a: Camerupt\n|-supereffective|p1a: Camerupt\n|-damage|p1a: Camerupt|0 fnt\n|faint|p1a: Camerupt\n|\n|-fieldend|move: Trick Room\n|upkeep\n|\n|t:|1665024596\n|switch|p1a: Slowbro|Slowbro, F, shiny|100\/100 slp\n|-damage|p1a: Slowbro|88\/100 slp|[from] Stealth Rock\n|turn|15\n|inactive|wwaaa has 120 seconds left.\n|\n|t:|1665024602\n|move|p2a: Landorus|U-turn|p1a: Slowbro\n|-supereffective|p1a: Slowbro\n|-damage|p1a: Slowbro|64\/100 slp\n|\n|t:|1665024605\n|switch|p2a: Zapdos|Zapdos|100\/100|[from]move: U-turn\n|-damage|p2a: Zapdos|76\/100|[from] Stealth Rock\n|cant|p1a: Slowbro|slp\n|\n|upkeep\n|turn|16\n|\n|t:|1665024619\n|switch|p1a: Hoopa|Hoopa-Unbound|31\/100\n|-damage|p1a: Hoopa|19\/100|[from] Stealth Rock\n|move|p2a: Zapdos|Discharge|p1a: Hoopa\n|-damage|p1a: Hoopa|0 fnt\n|faint|p1a: Hoopa\n|\n|upkeep\n|\n|t:|1665024633\n|switch|p1a: Greninja|Greninja, M|100\/100\n|-damage|p1a: Greninja|88\/100|[from] Stealth Rock\n|turn|17\n|\n|t:|1665024651\n|move|p2a: Zapdos|Discharge|p1a: Greninja\n|-supereffective|p1a: Greninja\n|-damage|p1a: Greninja|0 fnt\n|faint|p1a: Greninja\n|\n|upkeep\n|\n|t:|1665024658\n|switch|p1a: Rillaboom|Rillaboom, F|100\/100\n|-damage|p1a: Rillaboom|88\/100|[from] Stealth Rock\n|-fieldstart|move: Grassy Terrain|[from] ability: Grassy Surge|[of] p1a: Rillaboom\n|turn|18\n|\n|t:|1665024671\n|switch|p2a: Kommo-o|Kommo-o, F|100\/100\n|-damage|p2a: Kommo-o|94\/100|[from] Stealth Rock\n|move|p1a: Rillaboom|Wood Hammer|p2a: Kommo-o\n|-resisted|p2a: Kommo-o\n|-damage|p2a: Kommo-o|29\/100\n|-damage|p1a: Rillaboom|70\/100|[from] Recoil\n|\n|-heal|p2a: Kommo-o|36\/100|[from] Grassy Terrain\n|-heal|p1a: Rillaboom|76\/100|[from] Grassy Terrain\n|upkeep\n|turn|19\n|\n|t:|1665024681\n|-zpower|p2a: Kommo-o\n|move|p2a: Kommo-o|Clangorous Soulblaze|p1a: Rillaboom|[zeffect]\n|-damage|p1a: Rillaboom|0 fnt\n|faint|p1a: Rillaboom\n|-boost|p2a: Kommo-o|atk|1\n|-boost|p2a: Kommo-o|def|1\n|-boost|p2a: Kommo-o|spa|1\n|-boost|p2a: Kommo-o|spd|1\n|-boost|p2a: Kommo-o|spe|1\n|\n|-heal|p2a: Kommo-o|42\/100|[from] Grassy Terrain\n|upkeep\n|c|\u2606wwaaa|gg\n|inactive|yuwenzhao has 120 seconds left.\n|\n|t:|1665024699\n|switch|p1a: Celesteela|Celesteela|88\/100\n|-damage|p1a: Celesteela|76\/100|[from] Stealth Rock\n|turn|20\n|\n|t:|1665024709\n|move|p2a: Kommo-o|Clanging Scales|p1a: Celesteela\n|-resisted|p1a: Celesteela\n|-damage|p1a: Celesteela|57\/100\n|-unboost|p2a: Kommo-o|def|1\n|move|p1a: Celesteela|Leech Seed|p2a: Kommo-o\n|-start|p2a: Kommo-o|move: Leech Seed\n|\n|-heal|p2a: Kommo-o|48\/100|[from] Grassy Terrain\n|-heal|p1a: Celesteela|63\/100|[from] item: Leftovers\n|-damage|p2a: Kommo-o|36\/100|[from] Leech Seed|[of] p1a: Celesteela\n|-heal|p1a: Celesteela|72\/100|[silent]\n|upkeep\n|turn|21\n|\n|t:|1665024720\n|move|p1a: Celesteela|Protect|p1a: Celesteela\n|-singleturn|p1a: Celesteela|Protect\n|move|p2a: Kommo-o|Close Combat|p1a: Celesteela\n|-activate|p1a: Celesteela|move: Protect\n|\n|-heal|p2a: Kommo-o|42\/100|[from] Grassy Terrain\n|-heal|p1a: Celesteela|78\/100|[from] item: Leftovers\n|-damage|p2a: Kommo-o|29\/100|[from] Leech Seed|[of] p1a: Celesteela\n|-heal|p1a: Celesteela|87\/100|[silent]\n|upkeep\n|turn|22\n|\n|t:|1665024730\n|move|p2a: Kommo-o|Close Combat|p1a: Celesteela\n|-damage|p1a: Celesteela|14\/100\n|-unboost|p2a: Kommo-o|def|1\n|-unboost|p2a: Kommo-o|spd|1\n|move|p1a: Celesteela|Heavy Slam|p2a: Kommo-o\n|-crit|p2a: Kommo-o\n|-damage|p2a: Kommo-o|0 fnt\n|faint|p2a: Kommo-o\n|-ability|p1a: Celesteela|Beast Boost|boost\n|-boost|p1a: Celesteela|spd|1\n|\n|-heal|p1a: Celesteela|20\/100|[from] item: Leftovers\n|-fieldend|move: Grassy Terrain\n|upkeep\n|\n|t:|1665024735\n|switch|p2a: Zapdos|Zapdos|76\/100\n|-damage|p2a: Zapdos|51\/100|[from] Stealth Rock\n|turn|23\n|\n|t:|1665024744\n|move|p1a: Celesteela|Protect|p1a: Celesteela\n|-singleturn|p1a: Celesteela|Protect\n|move|p2a: Zapdos|Discharge|p1a: Celesteela\n|-activate|p1a: Celesteela|move: Protect\n|\n|-heal|p1a: Celesteela|26\/100|[from] item: Leftovers\n|upkeep\n|turn|24\n|\n|t:|1665024751\n|move|p2a: Zapdos|Discharge|p1a: Celesteela\n|-supereffective|p1a: Celesteela\n|-damage|p1a: Celesteela|0 fnt\n|faint|p1a: Celesteela\n|\n|upkeep\n|\n|t:|1665024756\n|switch|p1a: Slowbro|Slowbro, F, shiny|97\/100 slp\n|-damage|p1a: Slowbro|85\/100 slp|[from] Stealth Rock\n|turn|25\n|\n|t:|1665024760\n|move|p2a: Zapdos|Discharge|p1a: Slowbro\n|-supereffective|p1a: Slowbro\n|-damage|p1a: Slowbro|0 fnt\n|faint|p1a: Slowbro\n|\n|win|wwaaa\n|raw|yuwenzhao's rating: 1445 &rarr; <strong>1430<\/strong><br \/>(-15 for losing)\n|raw|wwaaa's rating: 1540 &rarr; <strong>1555<\/strong><br \/>(+15 for winning)\n|l|\u2606yuwenzhao\n||Ladder isn't responding, score probably updated but might not have (Request timeout).\n","uploadtime":1665024768,"views":20,"p1id":"yuwenzhao","p2id":"wwaaa","formatid":"gen8nationaldex","rating":1430,"private":0,"password":null}