{"id":"gen8ou-1692205111","p1":"Firelord0zaii","p2":"alvar03","format":"gen8ou","log":"|html|<div class=\"broadcast-blue\"><strong>[Gen 8] OU is currently suspecting Melmetal! For information on how to participate check out the <a href=\"https:\/\/www.smogon.com\/forums\/threads\/np-ss-ou-suspect-process-round-12-monster-mash.3709234\/\">suspect thread<\/a>.<\/strong><\/div>\n|j|\u2606Firelord0zaii\n|j|\u2606alvar03\n|t:|1666461750\n|gametype|singles\n|player|p1|Firelord0zaii|gambler|1731\n|player|p2|alvar03|alder|1701\n|teamsize|p1|6\n|teamsize|p2|6\n|gen|8\n|tier|[Gen 8] OU\n|rated|\n|rule|Sleep Clause Mod: Limit one foe put to sleep\n|rule|Species Clause: Limit one of each Pok\u00e9mon\n|rule|OHKO Clause: OHKO moves are banned\n|rule|Evasion Items Clause: Evasion items are banned\n|rule|Evasion Moves Clause: Evasion moves are banned\n|rule|Endless Battle Clause: Forcing endless battles is banned\n|rule|HP Percentage Mod: HP is shown in percentages\n|rule|Dynamax Clause: You cannot dynamax\n|clearpoke\n|poke|p1|Diggersby, M|\n|poke|p1|Tornadus-Therian, M|\n|poke|p1|Reuniclus, F|\n|poke|p1|Ferrothorn, F|\n|poke|p1|Toxapex, M|\n|poke|p1|Hydreigon, F|\n|poke|p2|Aegislash, M|\n|poke|p2|Hippowdon, F|\n|poke|p2|Tornadus-Therian, M|\n|poke|p2|Ferrothorn, F|\n|poke|p2|Urshifu-*, M|\n|poke|p2|Dragapult, M|\n|teampreview\n|inactive|Battle timer is ON: inactive players will automatically lose when time's up. (requested by alvar03)\n|\n|t:|1666461763\n|start\n|switch|p1a: Tornadus|Tornadus-Therian, M|100\/100\n|switch|p2a: Tornadus|Tornadus-Therian, M|100\/100\n|turn|1\n|\n|t:|1666461766\n|move|p1a: Tornadus|Toxic|p2a: Tornadus\n|-status|p2a: Tornadus|tox\n|move|p2a: Tornadus|Knock Off|p1a: Tornadus\n|-damage|p1a: Tornadus|77\/100\n|-enditem|p1a: Tornadus|Heavy-Duty Boots|[from] move: Knock Off|[of] p2a: Tornadus\n|\n|-damage|p2a: Tornadus|94\/100 tox|[from] psn\n|upkeep\n|turn|2\n|\n|t:|1666461769\n|move|p1a: Tornadus|Hurricane|p2a: Tornadus\n|-damage|p2a: Tornadus|56\/100 tox\n|move|p2a: Tornadus|U-turn|p1a: Tornadus\n|-resisted|p1a: Tornadus\n|-damage|p1a: Tornadus|69\/100\n|\n|t:|1666461773\n|switch|p2a: Dragapult|Dragapult, M|100\/100|[from]move: U-turn\n|\n|upkeep\n|turn|3\n|\n|t:|1666461778\n|move|p2a: Dragapult|Draco Meteor|p1a: Tornadus\n|-damage|p1a: Tornadus|0 fnt\n|-unboost|p2a: Dragapult|spa|2\n|faint|p1a: Tornadus\n|\n|upkeep\n|\n|t:|1666461788\n|switch|p1a: Reuniclus|Reuniclus, F, shiny|100\/100\n|turn|4\n|\n|t:|1666461792\n|switch|p2a: Tornadus|Tornadus-Therian, M|89\/100 tox\n|move|p1a: Reuniclus|Calm Mind|p1a: Reuniclus\n|-boost|p1a: Reuniclus|spa|1\n|-boost|p1a: Reuniclus|spd|1\n|\n|-damage|p2a: Tornadus|83\/100 tox|[from] psn\n|upkeep\n|turn|5\n|\n|t:|1666461794\n|move|p2a: Tornadus|U-turn|p1a: Reuniclus\n|-supereffective|p1a: Reuniclus\n|-damage|p1a: Reuniclus|81\/100\n|\n|t:|1666461796\n|switch|p2a: Aegislash|Aegislash, M|100\/100|[from]move: U-turn\n|move|p1a: Reuniclus|Calm Mind|p1a: Reuniclus\n|-boost|p1a: Reuniclus|spa|1\n|-boost|p1a: Reuniclus|spd|1\n|\n|-heal|p1a: Reuniclus|87\/100|[from] item: Leftovers\n|upkeep\n|turn|6\n|\n|t:|1666461801\n|-formechange|p2a: Aegislash|Aegislash-Blade||[from] ability: Stance Change\n|move|p2a: Aegislash|Shadow Ball|p1a: Reuniclus\n|-supereffective|p1a: Reuniclus\n|-damage|p1a: Reuniclus|17\/100\n|-unboost|p1a: Reuniclus|spd|1\n|move|p1a: Reuniclus|Recover|p1a: Reuniclus\n|-heal|p1a: Reuniclus|67\/100\n|\n|-heal|p1a: Reuniclus|73\/100|[from] item: Leftovers\n|upkeep\n|turn|7\n|\n|t:|1666461814\n|switch|p1a: Diggersby|Diggersby, M|100\/100\n|move|p2a: Aegislash|Shadow Ball|p1a: Diggersby\n|-immune|p1a: Diggersby\n|\n|upkeep\n|turn|8\n|\n|t:|1666461822\n|switch|p2a: Tornadus|Tornadus-Therian, M|100\/100 tox\n|move|p1a: Diggersby|Ice Punch|p2a: Tornadus\n|-supereffective|p2a: Tornadus\n|-damage|p2a: Tornadus|0 fnt\n|faint|p2a: Tornadus\n|\n|upkeep\n|\n|t:|1666461825\n|switch|p2a: Urshifu|Urshifu-Rapid-Strike, M|100\/100\n|turn|9\n|\n|t:|1666461832\n|switch|p1a: Toxapex|Toxapex, M|100\/100\n|move|p2a: Urshifu|U-turn|p1a: Toxapex\n|-resisted|p1a: Toxapex\n|-damage|p1a: Toxapex|93\/100\n|\n|t:|1666461835\n|switch|p2a: Hippowdon|Hippowdon, F|100\/100|[from]move: U-turn\n|-weather|Sandstorm|[from] ability: Sand Stream|[of] p2a: Hippowdon\n|\n|-weather|Sandstorm|[upkeep]\n|-damage|p1a: Toxapex|87\/100|[from] Sandstorm\n|upkeep\n|turn|10\n|\n|t:|1666461839\n|move|p2a: Hippowdon|Stealth Rock|p1a: Toxapex\n|-sidestart|p1: Firelord0zaii|move: Stealth Rock\n|move|p1a: Toxapex|Toxic Spikes|p2a: Hippowdon\n|-sidestart|p2: alvar03|move: Toxic Spikes\n|\n|-weather|Sandstorm|[upkeep]\n|-damage|p1a: Toxapex|81\/100|[from] Sandstorm\n|upkeep\n|turn|11\n|\n|t:|1666461844\n|switch|p2a: Ferrothorn|Ferrothorn, F|100\/100\n|switch|p1a: Ferrothorn|Ferrothorn, F|100\/100\n|-damage|p1a: Ferrothorn|94\/100|[from] Stealth Rock\n|\n|-weather|Sandstorm|[upkeep]\n|-heal|p1a: Ferrothorn|100\/100|[from] item: Leftovers\n|upkeep\n|turn|12\n|\n|t:|1666461849\n|move|p2a: Ferrothorn|Spikes|p1a: Ferrothorn\n|-sidestart|p1: Firelord0zaii|Spikes\n|move|p1a: Ferrothorn|Stealth Rock|p2a: Ferrothorn\n|-sidestart|p2: alvar03|move: Stealth Rock\n|\n|-weather|Sandstorm|[upkeep]\n|upkeep\n|turn|13\n|\n|t:|1666461852\n|switch|p1a: Toxapex|Toxapex, M|100\/100\n|-damage|p1a: Toxapex|88\/100|[from] Stealth Rock\n|-damage|p1a: Toxapex|75\/100|[from] Spikes\n|move|p2a: Ferrothorn|Body Press|p1a: Toxapex\n|-resisted|p1a: Toxapex\n|-damage|p1a: Toxapex|69\/100\n|-damage|p2a: Ferrothorn|84\/100|[from] item: Rocky Helmet|[of] p1a: Toxapex\n|\n|-weather|none\n|-heal|p2a: Ferrothorn|90\/100|[from] item: Leftovers\n|upkeep\n|turn|14\n|\n|t:|1666461855\n|move|p1a: Toxapex|Toxic Spikes|p2a: Ferrothorn\n|-sidestart|p2: alvar03|move: Toxic Spikes\n|move|p2a: Ferrothorn|Leech Seed|p1a: Toxapex|[miss]\n|-miss|p2a: Ferrothorn|p1a: Toxapex\n|\n|-heal|p2a: Ferrothorn|97\/100|[from] item: Leftovers\n|upkeep\n|turn|15\n|\n|t:|1666461860\n|switch|p1a: Reuniclus|Reuniclus, F, shiny|73\/100\n|move|p2a: Ferrothorn|Spikes|p1a: Reuniclus\n|-sidestart|p1: Firelord0zaii|Spikes\n|\n|-heal|p1a: Reuniclus|79\/100|[from] item: Leftovers\n|-heal|p2a: Ferrothorn|100\/100|[from] item: Leftovers\n|upkeep\n|turn|16\n|\n|t:|1666461864\n|switch|p2a: Aegislash|Aegislash, M|100\/100\n|-damage|p2a: Aegislash|94\/100|[from] Stealth Rock\n|move|p1a: Reuniclus|Calm Mind|p1a: Reuniclus\n|-boost|p1a: Reuniclus|spa|1\n|-boost|p1a: Reuniclus|spd|1\n|\n|-heal|p1a: Reuniclus|85\/100|[from] item: Leftovers\n|upkeep\n|turn|17\n|\n|t:|1666461870\n|switch|p1a: Diggersby|Diggersby, M|100\/100\n|-damage|p1a: Diggersby|94\/100|[from] Stealth Rock\n|-damage|p1a: Diggersby|78\/100|[from] Spikes\n|-formechange|p2a: Aegislash|Aegislash-Blade||[from] ability: Stance Change\n|move|p2a: Aegislash|Shadow Ball|p1a: Diggersby\n|-immune|p1a: Diggersby\n|\n|upkeep\n|turn|18\n|\n|t:|1666461875\n|switch|p2a: Ferrothorn|Ferrothorn, F|100\/100\n|-damage|p2a: Ferrothorn|94\/100|[from] Stealth Rock\n|move|p1a: Diggersby|Earthquake|p2a: Ferrothorn\n|-damage|p2a: Ferrothorn|49\/100\n|\n|-heal|p2a: Ferrothorn|55\/100|[from] item: Leftovers\n|upkeep\n|turn|19\n|\n|t:|1666461880\n|move|p1a: Diggersby|Fire Punch|p2a: Ferrothorn\n|-supereffective|p2a: Ferrothorn\n|-crit|p2a: Ferrothorn\n|-damage|p2a: Ferrothorn|0 fnt\n|-damage|p1a: Diggersby|66\/100|[from] ability: Iron Barbs|[of] p2a: Ferrothorn\n|faint|p2a: Ferrothorn\n|\n|upkeep\n|\n|t:|1666461885\n|switch|p2a: Urshifu|Urshifu-Rapid-Strike, M|100\/100\n|-status|p2a: Urshifu|tox\n|-damage|p2a: Urshifu|94\/100 tox|[from] Stealth Rock\n|turn|20\n|\n|t:|1666461889\n|switch|p1a: Toxapex|Toxapex, M|100\/100\n|-damage|p1a: Toxapex|88\/100|[from] Stealth Rock\n|-damage|p1a: Toxapex|72\/100|[from] Spikes\n|move|p2a: Urshifu|Thunder Punch|p1a: Toxapex\n|-supereffective|p1a: Toxapex\n|-damage|p1a: Toxapex|39\/100\n|\n|-damage|p2a: Urshifu|88\/100 tox|[from] psn\n|upkeep\n|turn|21\n|\n|t:|1666461892\n|move|p2a: Urshifu|Thunder Punch|p1a: Toxapex\n|-supereffective|p1a: Toxapex\n|-damage|p1a: Toxapex|8\/100\n|move|p1a: Toxapex|Recover|p1a: Toxapex\n|-heal|p1a: Toxapex|58\/100\n|\n|-damage|p2a: Urshifu|76\/100 tox|[from] psn\n|upkeep\n|turn|22\n|\n|t:|1666461895\n|move|p2a: Urshifu|U-turn|p1a: Toxapex\n|-resisted|p1a: Toxapex\n|-damage|p1a: Toxapex|52\/100\n|\n|t:|1666461896\n|switch|p2a: Aegislash|Aegislash, M|94\/100|[from]move: U-turn\n|-damage|p2a: Aegislash|88\/100|[from] Stealth Rock\n|move|p1a: Toxapex|Recover|p1a: Toxapex\n|-heal|p1a: Toxapex|100\/100\n|\n|upkeep\n|turn|23\n|\n|t:|1666461903\n|-formechange|p2a: Aegislash|Aegislash-Blade||[from] ability: Stance Change\n|move|p2a: Aegislash|Shadow Ball|p1a: Toxapex\n|-damage|p1a: Toxapex|43\/100\n|move|p1a: Toxapex|Recover|p1a: Toxapex\n|-heal|p1a: Toxapex|93\/100\n|\n|upkeep\n|turn|24\n|inactive|Firelord0zaii has 120 seconds left.\n|j| Jongruenwald\n|j| SigmaMW\n|\n|t:|1666461960\n|switch|p2a: Urshifu|Urshifu-Rapid-Strike, M|76\/100 tox\n|-damage|p2a: Urshifu|70\/100 tox|[from] Stealth Rock\n|switch|p1a: Diggersby|Diggersby, M|66\/100\n|-damage|p1a: Diggersby|60\/100|[from] Stealth Rock\n|-damage|p1a: Diggersby|43\/100|[from] Spikes\n|\n|-damage|p2a: Urshifu|64\/100 tox|[from] psn\n|upkeep\n|turn|25\n|\n|t:|1666461966\n|switch|p1a: Toxapex|Toxapex, M|100\/100\n|-damage|p1a: Toxapex|88\/100|[from] Stealth Rock\n|-damage|p1a: Toxapex|72\/100|[from] Spikes\n|move|p2a: Urshifu|U-turn|p1a: Toxapex\n|-resisted|p1a: Toxapex\n|-damage|p1a: Toxapex|65\/100\n|\n|t:|1666461968\n|switch|p2a: Aegislash|Aegislash, M|88\/100|[from]move: U-turn\n|-damage|p2a: Aegislash|82\/100|[from] Stealth Rock\n|\n|upkeep\n|turn|26\n|\n|t:|1666461983\n|switch|p1a: Diggersby|Diggersby, M|43\/100\n|-damage|p1a: Diggersby|37\/100|[from] Stealth Rock\n|-damage|p1a: Diggersby|21\/100|[from] Spikes\n|-formechange|p2a: Aegislash|Aegislash-Blade||[from] ability: Stance Change\n|move|p2a: Aegislash|Shadow Ball|p1a: Diggersby\n|-immune|p1a: Diggersby\n|\n|upkeep\n|turn|27\n|\n|t:|1666461991\n|switch|p2a: Hippowdon|Hippowdon, F|100\/100\n|-status|p2a: Hippowdon|tox\n|-damage|p2a: Hippowdon|94\/100 tox|[from] Stealth Rock\n|-weather|Sandstorm|[from] ability: Sand Stream|[of] p2a: Hippowdon\n|move|p1a: Diggersby|Earthquake|p2a: Hippowdon\n|-damage|p2a: Hippowdon|43\/100 tox\n|\n|-weather|Sandstorm|[upkeep]\n|-heal|p2a: Hippowdon|49\/100 tox|[from] item: Leftovers\n|-damage|p2a: Hippowdon|43\/100 tox|[from] psn\n|upkeep\n|turn|28\n|inactive|Firelord0zaii has 120 seconds left.\n|\n|t:|1666462001\n|move|p1a: Diggersby|Ice Punch|p2a: Hippowdon\n|-supereffective|p2a: Hippowdon\n|-damage|p2a: Hippowdon|0 fnt\n|faint|p2a: Hippowdon\n|\n|-weather|Sandstorm|[upkeep]\n|upkeep\n|\n|t:|1666462004\n|switch|p2a: Urshifu|Urshifu-Rapid-Strike, M|64\/100 tox\n|-damage|p2a: Urshifu|57\/100 tox|[from] Stealth Rock\n|turn|29\n|\n|t:|1666462007\n|switch|p1a: Toxapex|Toxapex, M|98\/100\n|-damage|p1a: Toxapex|85\/100|[from] Stealth Rock\n|-damage|p1a: Toxapex|69\/100|[from] Spikes\n|move|p2a: Urshifu|Surging Strikes|p1a: Toxapex\n|-resisted|p1a: Toxapex\n|-crit|p1a: Toxapex\n|-damage|p1a: Toxapex|63\/100\n|-resisted|p1a: Toxapex\n|-crit|p1a: Toxapex\n|-damage|p1a: Toxapex|57\/100\n|-resisted|p1a: Toxapex\n|-crit|p1a: Toxapex\n|-damage|p1a: Toxapex|50\/100\n|-hitcount|p1a: Toxapex|3\n|\n|-weather|Sandstorm|[upkeep]\n|-damage|p2a: Urshifu|51\/100 tox|[from] Sandstorm\n|-damage|p1a: Toxapex|44\/100|[from] Sandstorm\n|-damage|p2a: Urshifu|45\/100 tox|[from] psn\n|upkeep\n|turn|30\n|\n|t:|1666462010\n|move|p2a: Urshifu|Thunder Punch|p1a: Toxapex\n|-supereffective|p1a: Toxapex\n|-damage|p1a: Toxapex|11\/100\n|move|p1a: Toxapex|Recover|p1a: Toxapex\n|-heal|p1a: Toxapex|61\/100\n|\n|-weather|Sandstorm|[upkeep]\n|-damage|p2a: Urshifu|39\/100 tox|[from] Sandstorm\n|-damage|p1a: Toxapex|54\/100|[from] Sandstorm\n|-damage|p2a: Urshifu|27\/100 tox|[from] psn\n|upkeep\n|turn|31\n|\n|t:|1666462013\n|move|p2a: Urshifu|U-turn|p1a: Toxapex\n|-resisted|p1a: Toxapex\n|-damage|p1a: Toxapex|47\/100\n|\n|t:|1666462014\n|switch|p2a: Aegislash|Aegislash, M|82\/100|[from]move: U-turn\n|-damage|p2a: Aegislash|76\/100|[from] Stealth Rock\n|move|p1a: Toxapex|Recover|p1a: Toxapex\n|-heal|p1a: Toxapex|97\/100\n|\n|-weather|none\n|upkeep\n|turn|32\n|\n|t:|1666462021\n|-formechange|p2a: Aegislash|Aegislash-Blade||[from] ability: Stance Change\n|move|p2a: Aegislash|Shadow Ball|p1a: Toxapex\n|-damage|p1a: Toxapex|38\/100\n|move|p1a: Toxapex|Recover|p1a: Toxapex\n|-heal|p1a: Toxapex|88\/100\n|\n|upkeep\n|turn|33\n|j| cypherstest\n|\n|t:|1666462027\n|move|p2a: Aegislash|Shadow Ball|p1a: Toxapex\n|-damage|p1a: Toxapex|30\/100\n|-unboost|p1a: Toxapex|spd|1\n|move|p1a: Toxapex|Scald|p2a: Aegislash\n|-damage|p2a: Aegislash|38\/100\n|\n|upkeep\n|turn|34\n|j| gen8agtrol1\n|\n|t:|1666462033\n|switch|p2a: Urshifu|Urshifu-Rapid-Strike, M|27\/100 tox\n|-damage|p2a: Urshifu|20\/100 tox|[from] Stealth Rock\n|switch|p1a: Diggersby|Diggersby, M|21\/100\n|-damage|p1a: Diggersby|15\/100|[from] Stealth Rock\n|-damage|p1a: Diggersby|0 fnt|[from] Spikes\n|faint|p1a: Diggersby\n|\n|-damage|p2a: Urshifu|14\/100 tox|[from] psn\n|upkeep\n|\n|t:|1666462039\n|switch|p1a: Toxapex|Toxapex, M|64\/100\n|-damage|p1a: Toxapex|51\/100|[from] Stealth Rock\n|-damage|p1a: Toxapex|35\/100|[from] Spikes\n|turn|35\n|\n|t:|1666462042\n|move|p2a: Urshifu|Thunder Punch|p1a: Toxapex\n|-supereffective|p1a: Toxapex\n|-damage|p1a: Toxapex|5\/100\n|move|p1a: Toxapex|Recover|p1a: Toxapex\n|-heal|p1a: Toxapex|55\/100\n|\n|-damage|p2a: Urshifu|2\/100 tox|[from] psn\n|upkeep\n|turn|36\n|l| gen8agtrol1\n|\n|t:|1666462046\n|move|p2a: Urshifu|Thunder Punch|p1a: Toxapex\n|-supereffective|p1a: Toxapex\n|-damage|p1a: Toxapex|21\/100\n|move|p1a: Toxapex|Recover|p1a: Toxapex\n|-heal|p1a: Toxapex|71\/100\n|\n|-damage|p2a: Urshifu|0 fnt|[from] psn\n|faint|p2a: Urshifu\n|upkeep\n|\n|t:|1666462048\n|switch|p2a: Aegislash|Aegislash, M|38\/100\n|-damage|p2a: Aegislash|32\/100|[from] Stealth Rock\n|turn|37\n|\n|t:|1666462055\n|-formechange|p2a: Aegislash|Aegislash-Blade||[from] ability: Stance Change\n|move|p2a: Aegislash|Shadow Ball|p1a: Toxapex\n|-damage|p1a: Toxapex|14\/100\n|move|p1a: Toxapex|Recover|p1a: Toxapex\n|-heal|p1a: Toxapex|64\/100\n|\n|upkeep\n|turn|38\n|\n|t:|1666462059\n|switch|p1a: Hydreigon|Hydreigon, F|100\/100\n|-damage|p1a: Hydreigon|88\/100|[from] Stealth Rock\n|move|p2a: Aegislash|Shadow Ball|p1a: Hydreigon\n|-resisted|p1a: Hydreigon\n|-damage|p1a: Hydreigon|48\/100\n|\n|upkeep\n|turn|39\n|\n|t:|1666462066\n|move|p1a: Hydreigon|Dark Pulse|p2a: Aegislash\n|-supereffective|p2a: Aegislash\n|-damage|p2a: Aegislash|0 fnt\n|faint|p2a: Aegislash\n|-damage|p1a: Hydreigon|38\/100|[from] item: Life Orb\n|\n|upkeep\n|\n|t:|1666462071\n|switch|p2a: Dragapult|Dragapult, M|100\/100\n|-status|p2a: Dragapult|tox\n|-damage|p2a: Dragapult|88\/100 tox|[from] Stealth Rock\n|turn|40\n|\n|t:|1666462074\n|move|p2a: Dragapult|Shadow Ball|p1a: Hydreigon\n|-resisted|p1a: Hydreigon\n|-damage|p1a: Hydreigon|10\/100\n|-unboost|p1a: Hydreigon|spd|1\n|move|p1a: Hydreigon|Dark Pulse|p2a: Dragapult\n|-supereffective|p2a: Dragapult\n|-damage|p2a: Dragapult|0 fnt\n|faint|p2a: Dragapult\n|-damage|p1a: Hydreigon|0 fnt|[from] item: Life Orb\n|faint|p1a: Hydreigon\n|\n|win|Firelord0zaii\n|raw|Firelord0zaii's rating: 1731 &rarr; <strong>1749<\/strong><br \/>(+18 for winning)\n|raw|alvar03's rating: 1701 &rarr; <strong>1683<\/strong><br \/>(-18 for losing)\n|l|\u2606alvar03\n|l| cypherstest\n||Ladder isn't responding, score probably updated but might not have (Request timeout).\n|l|\u2606Firelord0zaii\n|l| Jongruenwald\n|j| Panfles\n|l| SigmaMW\n","uploadtime":1666462497,"views":17,"p1id":"firelord0zaii","p2id":"alvar03","formatid":"gen8ou","rating":1683,"private":0,"password":null}