{"id":"gen8uu-1119382811","p1":"Cadmus Pevrell","p2":"OGamer289","format":"gen8uu","log":"|j|\u2606Cadmus Pevrell\n|j|\u2606OGamer289\n|player|p1|Cadmus Pevrell|unknown|1000\n|player|p2|OGamer289|153|1086\n|teamsize|p1|6\n|teamsize|p2|6\n|gametype|singles\n|gen|8\n|tier|[Gen 8] UU\n|rated|\n|html|<div class=\"broadcast-blue\"><strong>UU is currently suspecting Haxorus! For information on how to participate check out the <a href=\"https:\/\/www.smogon.com\/forums\/threads\/3664575\/\">suspect thread<\/a>.<\/strong><\/div>\n|clearpoke\n|poke|p1|Necrozma|\n|poke|p1|Weezing-Galar, F|\n|poke|p1|Rotom-Wash|\n|poke|p1|Rhyperior, F|\n|poke|p1|Gardevoir, M|\n|poke|p1|Pangoro, F|\n|poke|p2|Haxorus, M|\n|poke|p2|Mantine, F|\n|poke|p2|Toxtricity, F|\n|poke|p2|Runerigus, M|\n|poke|p2|Arcanine, M|\n|poke|p2|Hitmonlee, M|\n|rule|Sleep Clause Mod: Limit one foe put to sleep\n|rule|Species Clause: Limit one of each Pok\u00e9mon\n|rule|OHKO Clause: OHKO moves are banned\n|rule|Evasion Moves Clause: Evasion moves are banned\n|rule|Endless Battle Clause: Forcing endless battles is banned\n|rule|HP Percentage Mod: HP is shown in percentages\n|rule|Dynamax Clause: You cannot dynamax\n|teampreview\n|inactive|Battle timer is ON: inactive players will automatically lose when time's up. (requested by Cadmus Pevrell)\n|\n|start\n|switch|p1a: Rhyperior|Rhyperior, F, shiny|100\/100\n|switch|p2a: Komisch|Runerigus, M|100\/100\n|turn|1\n|inactive|Cadmus Pevrell has 120 seconds left.\n|\n|move|p1a: Rhyperior|Swords Dance|p1a: Rhyperior\n|-boost|p1a: Rhyperior|atk|2\n|move|p2a: Komisch|Taunt|p1a: Rhyperior\n|-start|p1a: Rhyperior|move: Taunt\n|\n|upkeep\n|turn|2\n|\n|move|p1a: Rhyperior|Earthquake|p2a: Komisch\n|-damage|p2a: Komisch|44\/100\n|move|p2a: Komisch|Body Press|p1a: Rhyperior\n|-supereffective|p1a: Rhyperior\n|-damage|p1a: Rhyperior|71\/100\n|\n|-heal|p1a: Rhyperior|77\/100|[from] item: Leftovers\n|-heal|p2a: Komisch|50\/100|[from] item: Leftovers\n|upkeep\n|turn|3\n|\n|move|p1a: Rhyperior|Earthquake|p2a: Komisch\n|-damage|p2a: Komisch|0 fnt\n|faint|p2a: Komisch\n|\n|-heal|p1a: Rhyperior|83\/100|[from] item: Leftovers\n|upkeep\n|\n|switch|p2a: Mantarochen|Mantine, F|100\/100\n|turn|4\n|\n|move|p2a: Mantarochen|Scald|p1a: Rhyperior\n|-supereffective|p1a: Rhyperior\n|-damage|p1a: Rhyperior|26\/100\n|-status|p1a: Rhyperior|brn\n|move|p1a: Rhyperior|Rock Blast|p2a: Mantarochen\n|-supereffective|p2a: Mantarochen\n|-damage|p2a: Mantarochen|70\/100\n|-supereffective|p2a: Mantarochen\n|-damage|p2a: Mantarochen|36\/100\n|-supereffective|p2a: Mantarochen\n|-damage|p2a: Mantarochen|4\/100\n|-hitcount|p2a: Mantarochen|3\n|\n|-heal|p2a: Mantarochen|10\/100|[from] item: Leftovers\n|-heal|p1a: Rhyperior|32\/100 brn|[from] item: Leftovers\n|-damage|p1a: Rhyperior|26\/100 brn|[from] brn\n|-end|p1a: Rhyperior|move: Taunt\n|upkeep\n|turn|5\n|inactive|Cadmus Pevrell has 120 seconds left.\n|inactive|Cadmus Pevrell has 90 seconds left.\n|\n|switch|p1a: Rotom|Rotom-Wash, shiny|100\/100\n|move|p2a: Mantarochen|Roost|p2a: Mantarochen\n|-heal|p2a: Mantarochen|60\/100\n|-singleturn|p2a: Mantarochen|move: Roost\n|\n|-heal|p2a: Mantarochen|66\/100|[from] item: Leftovers\n|upkeep\n|turn|6\n|\n|switch|p2a: Flex|Toxtricity, F|100\/100\n|move|p1a: Rotom|Volt Switch|p2a: Flex\n|-resisted|p2a: Flex\n|-damage|p2a: Flex|82\/100\n|inactive|Cadmus Pevrell has 90 seconds left.\n|\n|switch|p1a: Necrozma|Necrozma, shiny|100\/100|[from]move: Volt Switch\n|\n|upkeep\n|turn|7\n|\n|move|p1a: Necrozma|Earthquake|p2a: Flex\n|-supereffective|p2a: Flex\n|-damage|p2a: Flex|0 fnt\n|faint|p2a: Flex\n|\n|upkeep\n|\n|switch|p2a: Dragon Fly|Haxorus, M|100\/100\n|-ability|p2a: Dragon Fly|Mold Breaker\n|turn|8\n|inactive|Cadmus Pevrell has 90 seconds left.\n|\n|move|p2a: Dragon Fly|First Impression|p1a: Necrozma\n|-supereffective|p1a: Necrozma\n|-damage|p1a: Necrozma|24\/100\n|-damage|p2a: Dragon Fly|91\/100|[from] item: Life Orb\n|move|p1a: Necrozma|Knock Off|p2a: Dragon Fly\n|-damage|p2a: Dragon Fly|53\/100\n|-enditem|p2a: Dragon Fly|Life Orb|[from] move: Knock Off|[of] p1a: Necrozma\n|\n|-heal|p1a: Necrozma|30\/100|[from] item: Leftovers\n|upkeep\n|turn|9\n|inactive|Cadmus Pevrell has 90 seconds left.\n|\n|switch|p1a: Gardevoir|Gardevoir, M, shiny|100\/100\n|-ability|p1a: Gardevoir|Mold Breaker|[from] ability: Trace|[of] p2a: Dragon Fly\n|-ability|p1a: Gardevoir|Mold Breaker\n|move|p2a: Dragon Fly|Dragon Claw|p1a: Gardevoir\n|-immune|p1a: Gardevoir\n|\n|upkeep\n|turn|10\n|inactive|Cadmus Pevrell has 90 seconds left.\n|\n|move|p1a: Gardevoir|Psychic|p2a: Dragon Fly\n|-damage|p2a: Dragon Fly|0 fnt\n|faint|p2a: Dragon Fly\n|\n|upkeep\n|\n|switch|p2a: Mantarochen|Mantine, F|66\/100\n|turn|11\n|\n|move|p1a: Gardevoir|Psychic|p2a: Mantarochen\n|-crit|p2a: Mantarochen\n|-damage|p2a: Mantarochen|32\/100\n|move|p2a: Mantarochen|Toxic|p1a: Gardevoir\n|-status|p1a: Gardevoir|tox\n|\n|-heal|p2a: Mantarochen|38\/100|[from] item: Leftovers\n|-damage|p1a: Gardevoir|94\/100 tox|[from] psn\n|upkeep\n|turn|12\n|\n|move|p1a: Gardevoir|Psychic|p2a: Mantarochen\n|-damage|p2a: Mantarochen|15\/100\n|-unboost|p2a: Mantarochen|spd|1\n|move|p2a: Mantarochen|Roost|p2a: Mantarochen\n|-heal|p2a: Mantarochen|65\/100\n|-singleturn|p2a: Mantarochen|move: Roost\n|\n|-heal|p2a: Mantarochen|71\/100|[from] item: Leftovers\n|-damage|p1a: Gardevoir|82\/100 tox|[from] psn\n|upkeep\n|turn|13\n|inactive|Cadmus Pevrell has 90 seconds left.\n|\n|switch|p1a: Rotom|Rotom-Wash, shiny|100\/100\n|move|p2a: Mantarochen|Roost|p2a: Mantarochen\n|-heal|p2a: Mantarochen|100\/100\n|-singleturn|p2a: Mantarochen|move: Roost\n|\n|upkeep\n|turn|14\n|inactive|Cadmus Pevrell has 90 seconds left.\n|\n|switch|p2a: In die Fresse|Hitmonlee, M|100\/100\n|move|p1a: Rotom|Hydro Pump|p2a: In die Fresse\n|-damage|p2a: In die Fresse|49\/100\n|\n|upkeep\n|turn|15\n|\n|switch|p2a: Mantarochen|Mantine, F|100\/100\n|move|p1a: Rotom|Hydro Pump|p2a: Mantarochen\n|-immune|p2a: Mantarochen|[from] ability: Water Absorb\n|\n|upkeep\n|turn|16\n|\n|move|p1a: Rotom|Hydro Pump|p2a: Mantarochen\n|-immune|p2a: Mantarochen|[from] ability: Water Absorb\n|move|p2a: Mantarochen|Toxic|p1a: Rotom\n|-status|p1a: Rotom|tox\n|\n|-damage|p1a: Rotom|94\/100 tox|[from] psn\n|upkeep\n|turn|17\n|\n|move|p1a: Rotom|Volt Switch|p2a: Mantarochen\n|-supereffective|p2a: Mantarochen\n|-damage|p2a: Mantarochen|52\/100\n|inactive|Cadmus Pevrell has 90 seconds left.\n|\n|switch|p1a: Pangoro|Pangoro, F, shiny|100\/100|[from]move: Volt Switch\n|move|p2a: Mantarochen|Scald|p1a: Pangoro\n|-damage|p1a: Pangoro|71\/100\n|\n|-heal|p2a: Mantarochen|59\/100|[from] item: Leftovers\n|upkeep\n|turn|18\n|inactive|Cadmus Pevrell has 90 seconds left.\n|\n|switch|p2a: In die Fresse|Hitmonlee, M|49\/100\n|move|p1a: Pangoro|Knock Off|p2a: In die Fresse\n|-resisted|p2a: In die Fresse\n|-damage|p2a: In die Fresse|0 fnt\n|-enditem|p2a: In die Fresse|Life Orb|[from] move: Knock Off|[of] p1a: Pangoro\n|faint|p2a: In die Fresse\n|\n|upkeep\n|\n|switch|p2a: Zu schlecht|Arcanine, M|100\/100\n|-ability|p2a: Zu schlecht|Intimidate|boost\n|-unboost|p1a: Pangoro|atk|1\n|turn|19\n|\n|switch|p1a: Rotom|Rotom-Wash, shiny|94\/100 tox\n|move|p2a: Zu schlecht|Close Combat|p1a: Rotom\n|-damage|p1a: Rotom|65\/100 tox\n|-unboost|p2a: Zu schlecht|def|1\n|-unboost|p2a: Zu schlecht|spd|1\n|\n|-heal|p1a: Rotom|71\/100 tox|[from] item: Leftovers\n|-damage|p1a: Rotom|65\/100 tox|[from] psn\n|upkeep\n|turn|20\n|inactive|Cadmus Pevrell has 90 seconds left.\n|\n|switch|p2a: Mantarochen|Mantine, F|59\/100\n|move|p1a: Rotom|Volt Switch|p2a: Mantarochen\n|-supereffective|p2a: Mantarochen\n|-damage|p2a: Mantarochen|7\/100\n|inactive|Cadmus Pevrell has 90 seconds left.\n|\n|switch|p1a: Pangoro|Pangoro, F, shiny|71\/100|[from]move: Volt Switch\n|\n|-heal|p2a: Mantarochen|13\/100|[from] item: Leftovers\n|upkeep\n|turn|21\n|inactive|Cadmus Pevrell has 90 seconds left.\n|inactive|OGamer289 has 120 seconds left.\n|\n|move|p1a: Pangoro|Bullet Punch|p2a: Mantarochen\n|-resisted|p2a: Mantarochen\n|-damage|p2a: Mantarochen|0 fnt\n|faint|p2a: Mantarochen\n|\n|upkeep\n|\n|switch|p2a: Zu schlecht|Arcanine, M|100\/100\n|-ability|p2a: Zu schlecht|Intimidate|boost\n|-unboost|p1a: Pangoro|atk|1\n|turn|22\n|inactive|OGamer289 has 120 seconds left.\n|inactive|Cadmus Pevrell has 90 seconds left.\n|\n|switch|p1a: Weezing|Weezing-Galar, F, shiny|100\/100\n|move|p2a: Zu schlecht|Flare Blitz|p1a: Weezing\n|-crit|p1a: Weezing\n|-damage|p1a: Weezing|34\/100\n|-status|p1a: Weezing|brn\n|-damage|p2a: Zu schlecht|81\/100|[from] Recoil\n|\n|-heal|p1a: Weezing|40\/100 brn|[from] item: Black Sludge\n|-damage|p1a: Weezing|34\/100 brn|[from] brn\n|upkeep\n|turn|23\n|inactive|Cadmus Pevrell has 90 seconds left.\n|\n|switch|p1a: Rotom|Rotom-Wash, shiny|65\/100 tox\n|move|p2a: Zu schlecht|Flare Blitz|p1a: Rotom\n|-resisted|p1a: Rotom\n|-damage|p1a: Rotom|42\/100 tox\n|-damage|p2a: Zu schlecht|75\/100|[from] Recoil\n|\n|-heal|p1a: Rotom|49\/100 tox|[from] item: Leftovers\n|-damage|p1a: Rotom|42\/100 tox|[from] psn\n|upkeep\n|turn|24\n|inactive|OGamer289 has 120 seconds left.\n|\n|move|p2a: Zu schlecht|Close Combat|p1a: Rotom\n|-damage|p1a: Rotom|10\/100 tox\n|-unboost|p2a: Zu schlecht|def|1\n|-unboost|p2a: Zu schlecht|spd|1\n|move|p1a: Rotom|Hydro Pump|p2a: Zu schlecht\n|-supereffective|p2a: Zu schlecht\n|-damage|p2a: Zu schlecht|0 fnt\n|faint|p2a: Zu schlecht\n|\n|win|Cadmus Pevrell\n|l|\u2606OGamer289\n||Ladder (probably) updated, but score could not be retrieved (Response not received).\n","uploadtime":1590166924,"views":2,"p1id":"cadmuspevrell","p2id":"ogamer289","formatid":"gen8uu","rating":0,"private":0,"password":null}