{"id":"gen8ou-1175101556","p1":"LT73IU PPB","p2":"Jakkkkkka","format":"gen8ou","log":"|raw|<div class=\"broadcast-blue\"><strong>This battle is required to be public due to a player having a name starting with 'LT73IU'.<\/div>\n|j|\u2606LT73IU PPB\n|j|\u2606Jakkkkkka\n|t:|1598365932\n|player|p1|LT73IU PPB|barry|1616\n|player|p2|Jakkkkkka|norman|1596\n|teamsize|p1|6\n|teamsize|p2|6\n|gametype|singles\n|gen|8\n|tier|[Gen 8] OU\n|rated|\n|clearpoke\n|poke|p1|Corviknight, M|\n|poke|p1|Dragapult, M|\n|poke|p1|Clefable, M|\n|poke|p1|Magnezone|\n|poke|p1|Rillaboom, F|\n|poke|p1|Toxapex, F|\n|poke|p2|Rillaboom, M|\n|poke|p2|Kyurem|\n|poke|p2|Azumarill, F|\n|poke|p2|Volcarona, M|\n|poke|p2|Terrakion|\n|poke|p2|Zeraora|\n|rule|Sleep Clause Mod: Limit one foe put to sleep\n|rule|Species Clause: Limit one of each Pok\u00e9mon\n|rule|OHKO Clause: OHKO moves are banned\n|rule|Evasion Moves Clause: Evasion moves are banned\n|rule|Endless Battle Clause: Forcing endless battles is banned\n|rule|HP Percentage Mod: HP is shown in percentages\n|rule|Dynamax Clause: You cannot dynamax\n|teampreview\n|\n|t:|1598365940\n|start\n|switch|p1a: Corviknight|Corviknight, M|100\/100\n|switch|p2a: Terrakion|Terrakion|100\/100\n|-ability|p1a: Corviknight|Pressure\n|turn|1\n|\n|t:|1598365949\n|move|p2a: Terrakion|Stealth Rock|p1a: Corviknight\n|-sidestart|p1: LT73IU PPB|move: Stealth Rock\n|move|p1a: Corviknight|Body Press|p2a: Terrakion\n|-supereffective|p2a: Terrakion\n|-damage|p2a: Terrakion|35\/100\n|\n|upkeep\n|turn|2\n|\n|t:|1598365955\n|move|p2a: Terrakion|Taunt|p1a: Corviknight\n|-start|p1a: Corviknight|move: Taunt\n|move|p1a: Corviknight|Body Press|p2a: Terrakion\n|-supereffective|p2a: Terrakion\n|-damage|p2a: Terrakion|0 fnt\n|faint|p2a: Terrakion\n|\n|upkeep\n|\n|t:|1598365968\n|switch|p2a: Volcarona|Volcarona, M|100\/100\n|turn|3\n|\n|t:|1598365971\n|move|p2a: Volcarona|Quiver Dance|p2a: Volcarona\n|-boost|p2a: Volcarona|spa|1\n|-boost|p2a: Volcarona|spd|1\n|-boost|p2a: Volcarona|spe|1\n|move|p1a: Corviknight|Brave Bird|p2a: Volcarona\n|-supereffective|p2a: Volcarona\n|-damage|p2a: Volcarona|0 fnt\n|-damage|p1a: Corviknight|75\/100|[from] Recoil\n|faint|p2a: Volcarona\n|\n|upkeep\n|\n|t:|1598365982\n|switch|p2a: Kyurem|Kyurem|100\/100\n|-ability|p2a: Kyurem|Pressure\n|turn|4\n|\n|t:|1598365987\n|move|p2a: Kyurem|Ice Beam|p1a: Corviknight\n|-damage|p1a: Corviknight|3\/100\n|move|p1a: Corviknight|Body Press|p2a: Kyurem\n|-supereffective|p2a: Kyurem\n|-damage|p2a: Kyurem|48\/100\n|\n|-end|p1a: Corviknight|move: Taunt\n|upkeep\n|turn|5\n|\n|t:|1598365994\n|move|p2a: Kyurem|Ice Beam|p1a: Corviknight\n|-damage|p1a: Corviknight|0 fnt\n|faint|p1a: Corviknight\n|\n|upkeep\n|\n|t:|1598365998\n|switch|p1a: Clefable|Clefable, M|100\/100\n|turn|6\n|\n|t:|1598366002\n|move|p2a: Kyurem|Ice Beam|p1a: Clefable\n|-damage|p1a: Clefable|49\/100\n|move|p1a: Clefable|Moonblast|p2a: Kyurem\n|-supereffective|p2a: Kyurem\n|-damage|p2a: Kyurem|0 fnt\n|faint|p2a: Kyurem\n|\n|-heal|p1a: Clefable|55\/100|[from] item: Leftovers\n|upkeep\n|\n|t:|1598366011\n|switch|p2a: Zeraora|Zeraora|100\/100\n|turn|7\n|\n|t:|1598366014\n|move|p2a: Zeraora|Plasma Fists|p1a: Clefable\n|-crit|p1a: Clefable\n|-damage|p1a: Clefable|0 fnt\n|-fieldactivate|move: Ion Deluge\n|-damage|p2a: Zeraora|91\/100|[from] item: Life Orb\n|faint|p1a: Clefable\n|\n|upkeep\n|\n|t:|1598366024\n|switch|p1a: Rillaboom|Rillaboom, F|100\/100\n|-damage|p1a: Rillaboom|88\/100|[from] Stealth Rock\n|-fieldstart|move: Grassy Terrain|[from] ability: Grassy Surge|[of] p1a: Rillaboom\n|-enditem|p1a: Rillaboom|Grassy Seed\n|-boost|p1a: Rillaboom|def|1|[from] item: Grassy Seed\n|turn|8\n|\n|t:|1598366035\n|move|p2a: Zeraora|Knock Off|p1a: Rillaboom\n|-damage|p1a: Rillaboom|68\/100\n|-damage|p2a: Zeraora|81\/100|[from] item: Life Orb\n|move|p1a: Rillaboom|Swords Dance|p1a: Rillaboom\n|-boost|p1a: Rillaboom|atk|2\n|\n|-heal|p2a: Zeraora|87\/100|[from] Grassy Terrain\n|-heal|p1a: Rillaboom|74\/100|[from] Grassy Terrain\n|upkeep\n|turn|9\n|\n|t:|1598366044\n|move|p1a: Rillaboom|Grassy Glide|p2a: Zeraora\n|-damage|p2a: Zeraora|0 fnt\n|faint|p2a: Zeraora\n|\n|-heal|p1a: Rillaboom|80\/100|[from] Grassy Terrain\n|upkeep\n|\n|t:|1598366053\n|switch|p2a: Rillaboom|Rillaboom, M|100\/100\n|turn|10\n|\n|t:|1598366056\n|move|p1a: Rillaboom|Acrobatics|p2a: Rillaboom\n|-supereffective|p2a: Rillaboom\n|-damage|p2a: Rillaboom|0 fnt\n|faint|p2a: Rillaboom\n|\n|-heal|p1a: Rillaboom|86\/100|[from] Grassy Terrain\n|upkeep\n|-message|Jakkkkkka forfeited.\n|\n|win|LT73IU PPB\n|l|\u2606Jakkkkkka\n||Ladder (probably) updated, but score could not be retrieved (Request timeout).\n","uploadtime":1598366064,"views":35,"p1id":"lt73iuppb","p2id":"jakkkkkka","formatid":"gen8ou","rating":0,"private":0,"password":null}