{"id":"gen8ou-1691779856","p1":"Kwaga","p2":"Mel0nL0rd","format":"gen8ou","log":"|html|<div class=\"broadcast-blue\"><strong>[Gen 8] OU is currently suspecting Melmetal! For information on how to participate check out the <a href=\"https:\/\/www.smogon.com\/forums\/threads\/np-ss-ou-suspect-process-round-12-monster-mash.3709234\/\">suspect thread<\/a>.<\/strong><\/div>\n|j|\u2606Kwaga\n|j|\u2606Mel0nL0rd\n|t:|1666406344\n|gametype|singles\n|player|p1|Kwaga|ninjaboy|1638\n|player|p2|Mel0nL0rd|n|1761\n|teamsize|p1|6\n|teamsize|p2|6\n|gen|8\n|tier|[Gen 8] OU\n|rated|\n|rule|Sleep Clause Mod: Limit one foe put to sleep\n|rule|Species Clause: Limit one of each Pok\u00e9mon\n|rule|OHKO Clause: OHKO moves are banned\n|rule|Evasion Items Clause: Evasion items are banned\n|rule|Evasion Moves Clause: Evasion moves are banned\n|rule|Endless Battle Clause: Forcing endless battles is banned\n|rule|HP Percentage Mod: HP is shown in percentages\n|rule|Dynamax Clause: You cannot dynamax\n|clearpoke\n|poke|p1|Tyranitar, M|\n|poke|p1|Excadrill, M|\n|poke|p1|Urshifu-*, M|\n|poke|p1|Tapu Lele|\n|poke|p1|Ferrothorn, M|\n|poke|p1|Zapdos|\n|poke|p2|Tapu Koko|\n|poke|p2|Corviknight, M|\n|poke|p2|Volcanion|\n|poke|p2|Regieleki|\n|poke|p2|Landorus-Therian, M|\n|poke|p2|Lucario, M|\n|teampreview\n|inactive|Battle timer is ON: inactive players will automatically lose when time's up. (requested by Mel0nL0rd)\n|c|\u2606Mel0nL0rd|glhf\n|c|\u2606Kwaga|u2\n|\n|t:|1666406369\n|start\n|switch|p1a: Excadrill|Excadrill, M, shiny|100\/100\n|switch|p2a: Lucario|Lucario, M|100\/100\n|turn|1\n|\n|t:|1666406377\n|switch|p1a: Zapdos|Zapdos, shiny|100\/100\n|move|p2a: Lucario|Ice Punch|p1a: Zapdos\n|-supereffective|p1a: Zapdos\n|-damage|p1a: Zapdos|53\/100\n|-status|p2a: Lucario|par|[from] ability: Static|[of] p1a: Zapdos\n|-damage|p2a: Lucario|91\/100 par|[from] item: Life Orb\n|\n|upkeep\n|turn|2\n|\n|t:|1666406386\n|switch|p2a: Tapu Koko|Tapu Koko, shiny|100\/100\n|-fieldstart|move: Electric Terrain|[from] ability: Electric Surge|[of] p2a: Tapu Koko\n|move|p1a: Zapdos|Roost|p1a: Zapdos\n|-heal|p1a: Zapdos|100\/100\n|-singleturn|p1a: Zapdos|move: Roost\n|\n|upkeep\n|turn|3\n|j| avatar wan's bae\n|\n|t:|1666406390\n|move|p2a: Tapu Koko|U-turn|p1a: Zapdos\n|-resisted|p1a: Zapdos\n|-damage|p1a: Zapdos|94\/100\n|\n|t:|1666406398\n|switch|p2a: Landorus|Landorus-Therian, M|100\/100|[from]move: U-turn\n|-ability|p2a: Landorus|Intimidate|boost\n|-unboost|p1a: Zapdos|atk|1\n|move|p1a: Zapdos|Hurricane|p2a: Landorus\n|-damage|p2a: Landorus|39\/100\n|\n|-heal|p2a: Landorus|45\/100|[from] item: Leftovers\n|upkeep\n|turn|4\n|\n|t:|1666406404\n|switch|p1a: Ferrothorn|Ferrothorn, M, shiny|100\/100\n|move|p2a: Landorus|Substitute|p2a: Landorus\n|-start|p2a: Landorus|Substitute\n|-damage|p2a: Landorus|20\/100\n|\n|-heal|p2a: Landorus|26\/100|[from] item: Leftovers\n|upkeep\n|turn|5\n|\n|t:|1666406407\n|switch|p1a: Urshifu|Urshifu-Rapid-Strike, M|100\/100\n|move|p2a: Landorus|Swords Dance|p2a: Landorus\n|-boost|p2a: Landorus|atk|2\n|\n|-heal|p2a: Landorus|32\/100|[from] item: Leftovers\n|upkeep\n|turn|6\n|\n|t:|1666406416\n|switch|p2a: Volcanion|Volcanion|100\/100\n|move|p1a: Urshifu|Surging Strikes|p2a: Volcanion\n|-immune|p2a: Volcanion|[from] ability: Water Absorb\n|\n|upkeep\n|turn|7\n|\n|t:|1666406440\n|switch|p2a: Landorus|Landorus-Therian, M|32\/100\n|-ability|p2a: Landorus|Intimidate|boost\n|-unboost|p1a: Urshifu|atk|1\n|move|p1a: Urshifu|U-turn|p2a: Landorus\n|-resisted|p2a: Landorus\n|-damage|p2a: Landorus|23\/100\n|\n|t:|1666406447\n|switch|p1a: Tapu Lele|Tapu Lele, shiny|100\/100|[from]move: U-turn\n|-fieldstart|move: Psychic Terrain|[from] ability: Psychic Surge|[of] p1a: Tapu Lele\n|\n|-heal|p2a: Landorus|29\/100|[from] item: Leftovers\n|upkeep\n|turn|8\n|\n|t:|1666406456\n|switch|p2a: Corviknight|Corviknight, M, shiny|100\/100\n|-ability|p2a: Corviknight|Pressure\n|move|p1a: Tapu Lele|Psyshock|p2a: Corviknight\n|-resisted|p2a: Corviknight\n|-damage|p2a: Corviknight|82\/100\n|\n|-heal|p2a: Corviknight|88\/100|[from] item: Leftovers\n|upkeep\n|turn|9\n|\n|t:|1666406460\n|switch|p1a: Ferrothorn|Ferrothorn, M, shiny|100\/100\n|move|p2a: Corviknight|U-turn|p1a: Ferrothorn\n|-crit|p1a: Ferrothorn\n|-damage|p1a: Ferrothorn|85\/100\n|-damage|p2a: Corviknight|75\/100|[from] ability: Iron Barbs|[of] p1a: Ferrothorn\n|\n|t:|1666406462\n|switch|p2a: Volcanion|Volcanion|100\/100|[from]move: U-turn\n|\n|-heal|p1a: Ferrothorn|91\/100|[from] item: Leftovers\n|upkeep\n|turn|10\n|\n|t:|1666406474\n|switch|p1a: Zapdos|Zapdos, shiny|94\/100\n|move|p2a: Volcanion|Flamethrower|p1a: Zapdos\n|-damage|p1a: Zapdos|41\/100\n|\n|upkeep\n|turn|11\n|\n|t:|1666406481\n|move|p1a: Zapdos|Volt Switch|p2a: Volcanion\n|-supereffective|p2a: Volcanion\n|-damage|p2a: Volcanion|42\/100\n|\n|t:|1666406484\n|switch|p1a: Tapu Lele|Tapu Lele, shiny|100\/100|[from]move: Volt Switch\n|move|p2a: Volcanion|Steam Eruption|p1a: Tapu Lele\n|-damage|p1a: Tapu Lele|36\/100\n|\n|-fieldend|move: Psychic Terrain\n|upkeep\n|turn|12\n|j| Spyer2k\n|\n|t:|1666406495\n|switch|p2a: Corviknight|Corviknight, M, shiny|75\/100\n|-ability|p2a: Corviknight|Pressure\n|move|p1a: Tapu Lele|Thunderbolt|p2a: Corviknight\n|-supereffective|p2a: Corviknight\n|-damage|p2a: Corviknight|17\/100\n|\n|-heal|p2a: Corviknight|23\/100|[from] item: Leftovers\n|upkeep\n|turn|13\n|\n|t:|1666406503\n|switch|p1a: Urshifu|Urshifu-Rapid-Strike, M|100\/100\n|move|p2a: Corviknight|Roost|p2a: Corviknight\n|-heal|p2a: Corviknight|73\/100\n|-singleturn|p2a: Corviknight|move: Roost\n|\n|-heal|p2a: Corviknight|79\/100|[from] item: Leftovers\n|upkeep\n|turn|14\n|\n|t:|1666406510\n|move|p1a: Urshifu|U-turn|p2a: Corviknight\n|-resisted|p2a: Corviknight\n|-damage|p2a: Corviknight|76\/100\n|\n|t:|1666406511\n|switch|p1a: Zapdos|Zapdos, shiny|41\/100|[from]move: U-turn\n|move|p2a: Corviknight|U-turn|p1a: Zapdos\n|-resisted|p1a: Zapdos\n|-damage|p1a: Zapdos|36\/100\n|-status|p2a: Corviknight|par|[from] ability: Static|[of] p1a: Zapdos\n|\n|t:|1666406522\n|switch|p2a: Tapu Koko|Tapu Koko, shiny|100\/100|[from]move: U-turn\n|-fieldstart|move: Electric Terrain|[from] ability: Electric Surge|[of] p2a: Tapu Koko\n|\n|upkeep\n|turn|15\n|\n|t:|1666406538\n|switch|p2a: Landorus|Landorus-Therian, M|29\/100\n|-ability|p2a: Landorus|Intimidate|boost\n|-unboost|p1a: Zapdos|atk|1\n|switch|p1a: Excadrill|Excadrill, M, shiny|100\/100\n|\n|-heal|p2a: Landorus|35\/100|[from] item: Leftovers\n|upkeep\n|turn|16\n|\n|t:|1666406549\n|switch|p1a: Urshifu|Urshifu-Rapid-Strike, M|100\/100\n|move|p2a: Landorus|Earthquake|p1a: Urshifu\n|-damage|p1a: Urshifu|39\/100\n|\n|-heal|p2a: Landorus|41\/100|[from] item: Leftovers\n|upkeep\n|turn|17\n|\n|t:|1666406561\n|move|p1a: Urshifu|Surging Strikes|p2a: Landorus\n|-supereffective|p2a: Landorus\n|-crit|p2a: Landorus\n|-damage|p2a: Landorus|0 fnt\n|faint|p2a: Landorus\n|-hitcount|p2: Landorus|1\n|\n|upkeep\n|\n|t:|1666406571\n|switch|p2a: Tapu Koko|Tapu Koko, shiny|100\/100\n|turn|18\n|\n|t:|1666406578\n|switch|p2a: Volcanion|Volcanion|42\/100\n|switch|p1a: Ferrothorn|Ferrothorn, M, shiny|91\/100\n|\n|-heal|p1a: Ferrothorn|97\/100|[from] item: Leftovers\n|upkeep\n|turn|19\n|\n|t:|1666406597\n|switch|p1a: Urshifu|Urshifu-Rapid-Strike, M|39\/100\n|move|p2a: Volcanion|Steam Eruption|p1a: Urshifu\n|-resisted|p1a: Urshifu\n|-crit|p1a: Urshifu\n|-damage|p1a: Urshifu|0 fnt\n|faint|p1a: Urshifu\n|\n|upkeep\n|\n|t:|1666406599\n|switch|p1a: Tapu Lele|Tapu Lele, shiny|36\/100\n|-fieldstart|move: Psychic Terrain|[from] ability: Psychic Surge|[of] p1a: Tapu Lele\n|turn|20\n|\n|t:|1666406608\n|switch|p2a: Lucario|Lucario, M|91\/100 par\n|move|p1a: Tapu Lele|Thunderbolt|p2a: Lucario\n|-damage|p2a: Lucario|36\/100 par\n|\n|upkeep\n|turn|21\n|\n|t:|1666406611\n|move|p1a: Tapu Lele|Thunderbolt|p2a: Lucario\n|-damage|p2a: Lucario|0 fnt\n|faint|p2a: Lucario\n|\n|upkeep\n|\n|t:|1666406617\n|switch|p2a: Tapu Koko|Tapu Koko, shiny|100\/100\n|-fieldstart|move: Electric Terrain|[from] ability: Electric Surge|[of] p2a: Tapu Koko\n|turn|22\n|j| zhuzi\n|\n|t:|1666406628\n|switch|p1a: Excadrill|Excadrill, M, shiny|100\/100\n|move|p2a: Tapu Koko|Thunderbolt|p1a: Excadrill\n|-immune|p1a: Excadrill\n|\n|upkeep\n|turn|23\n|\n|t:|1666406633\n|move|p2a: Tapu Koko|U-turn|p1a: Excadrill\n|-resisted|p1a: Excadrill\n|-damage|p1a: Excadrill|89\/100\n|\n|t:|1666406637\n|switch|p2a: Corviknight|Corviknight, M, shiny|76\/100 par|[from]move: U-turn\n|-ability|p2a: Corviknight|Pressure\n|move|p1a: Excadrill|Rock Slide|p2a: Corviknight\n|-damage|p2a: Corviknight|47\/100 par\n|\n|-heal|p2a: Corviknight|53\/100 par|[from] item: Leftovers\n|upkeep\n|turn|24\n|\n|t:|1666406642\n|switch|p1a: Zapdos|Zapdos, shiny|36\/100\n|move|p2a: Corviknight|Roost|p2a: Corviknight\n|-heal|p2a: Corviknight|100\/100 par\n|-singleturn|p2a: Corviknight|move: Roost\n|\n|upkeep\n|turn|25\n|j| fork gaming\n|\n|t:|1666406645\n|switch|p2a: Regieleki|Regieleki|100\/100\n|move|p1a: Zapdos|Volt Switch|p2a: Regieleki\n|-resisted|p2a: Regieleki\n|-damage|p2a: Regieleki|74\/100\n|\n|t:|1666406649\n|switch|p1a: Excadrill|Excadrill, M, shiny|89\/100|[from]move: Volt Switch\n|\n|upkeep\n|turn|26\n|\n|t:|1666406658\n|switch|p2a: Corviknight|Corviknight, M, shiny|100\/100 par\n|-ability|p2a: Corviknight|Pressure\n|move|p1a: Excadrill|Rock Slide|p2a: Corviknight\n|-damage|p2a: Corviknight|71\/100 par\n|\n|-heal|p2a: Corviknight|77\/100 par|[from] item: Leftovers\n|upkeep\n|turn|27\n|\n|t:|1666406662\n|move|p1a: Excadrill|Rock Slide|p2a: Corviknight\n|-damage|p2a: Corviknight|47\/100 par\n|cant|p2a: Corviknight|par\n|\n|-heal|p2a: Corviknight|53\/100 par|[from] item: Leftovers\n|upkeep\n|turn|28\n|\n|t:|1666406667\n|switch|p1a: Zapdos|Zapdos, shiny|36\/100\n|move|p2a: Corviknight|Roost|p2a: Corviknight\n|-heal|p2a: Corviknight|100\/100 par\n|-singleturn|p2a: Corviknight|move: Roost\n|\n|upkeep\n|turn|29\n|\n|t:|1666406681\n|switch|p2a: Tapu Koko|Tapu Koko, shiny|100\/100\n|move|p1a: Zapdos|Roost|p1a: Zapdos\n|-heal|p1a: Zapdos|86\/100\n|-singleturn|p1a: Zapdos|move: Roost\n|\n|-fieldend|move: Electric Terrain\n|upkeep\n|turn|30\n|c|\u2606Mel0nL0rd|gg, idt I can break exca and ferro\n|c|\u2606Kwaga|gg\n|-message|Mel0nL0rd forfeited.\n|\n|win|Kwaga\n|raw|Kwaga's rating: 1638 &rarr; <strong>1665<\/strong><br \/>(+27 for winning)\n|raw|Mel0nL0rd's rating: 1761 &rarr; <strong>1734<\/strong><br \/>(-27 for losing)\n","uploadtime":1666406704,"views":8,"p1id":"kwaga","p2id":"mel0nl0rd","formatid":"gen8ou","rating":1665,"private":0,"password":null}