{"id":"gen8randombattle-1396174162","p1":"Picklecake","p2":"Archerdagoat","format":"gen8randombattle","log":"|j|\u2606Picklecake\n|j|\u2606Archerdagoat\n|t:|1628904114\n|gametype|singles\n|player|p1|Picklecake|rocketgruntf|1085\n|player|p2|Archerdagoat|hoopster|1072\n|teamsize|p1|6\n|teamsize|p2|6\n|gen|8\n|tier|[Gen 8] Random Battle\n|rated|\n|rule|Species Clause: Limit one of each Pok\u00e9mon\n|rule|HP Percentage Mod: HP is shown in percentages\n|rule|Sleep Clause Mod: Limit one foe put to sleep\n|\n|t:|1628904114\n|start\n|switch|p1a: Ludicolo|Ludicolo, L86, F|278\/278\n|switch|p2a: Tornadus|Tornadus, L80, M|258\/258\n|turn|1\n|\n|t:|1628904124\n|move|p2a: Tornadus|Nasty Plot|p2a: Tornadus\n|-boost|p2a: Tornadus|spa|2\n|move|p1a: Ludicolo|Ice Beam|p2a: Tornadus\n|-supereffective|p2a: Tornadus\n|-damage|p2a: Tornadus|76\/258\n|-damage|p1a: Ludicolo|251\/278|[from] item: Life Orb\n|\n|upkeep\n|turn|2\n|inactive|Battle timer is ON: inactive players will automatically lose when time's up. (requested by Picklecake)\n|\n|t:|1628904133\n|-start|p2a: Tornadus|Dynamax\n|-heal|p2a: Tornadus|152\/516|[silent]\n|move|p2a: Tornadus|Max Airstream|p1a: Ludicolo\n|-supereffective|p1a: Ludicolo\n|-damage|p1a: Ludicolo|0 fnt\n|-boost|p2a: Tornadus|spe|1\n|faint|p1a: Ludicolo\n|\n|upkeep\n|\n|t:|1628904147\n|switch|p1a: Dialga|Dialga, L74|270\/270\n|-ability|p1a: Dialga|Pressure\n|turn|3\n|\n|t:|1628904152\n|-start|p1a: Dialga|Dynamax\n|-heal|p1a: Dialga|540\/540|[silent]\n|move|p2a: Tornadus|Max Flare|p1a: Dialga\n|-damage|p1a: Dialga|344\/540\n|-weather|SunnyDay\n|move|p1a: Dialga|Max Lightning|p2a: Tornadus\n|-supereffective|p2a: Tornadus\n|-damage|p2a: Tornadus|0 fnt\n|-fieldstart|move: Electric Terrain\n|faint|p2a: Tornadus\n|\n|-weather|SunnyDay|[upkeep]\n|-heal|p1a: Dialga|360\/540|[from] item: Leftovers\n|upkeep\n|\n|t:|1628904168\n|switch|p2a: Skuntank|Skuntank, L85, M|314\/314\n|turn|4\n|\n|t:|1628904181\n|move|p2a: Skuntank|Sucker Punch|p1a: Dialga\n|-damage|p1a: Dialga|297\/540\n|move|p1a: Dialga|Max Steelspike|p2a: Skuntank\n|-damage|p2a: Skuntank|109\/314\n|-boost|p1a: Dialga|def|1\n|\n|-weather|SunnyDay|[upkeep]\n|-heal|p2a: Skuntank|128\/314|[from] item: Black Sludge\n|-heal|p1a: Dialga|313\/540|[from] item: Leftovers\n|upkeep\n|turn|5\n|\n|t:|1628904191\n|move|p2a: Skuntank|Sucker Punch|p1a: Dialga\n|-damage|p1a: Dialga|268\/540\n|move|p1a: Dialga|Max Steelspike|p2a: Skuntank\n|-damage|p2a: Skuntank|0 fnt\n|-boost|p1a: Dialga|def|1\n|faint|p2a: Skuntank\n|\n|-weather|SunnyDay|[upkeep]\n|-heal|p1a: Dialga|284\/540|[from] item: Leftovers\n|-end|p1a: Dialga|Dynamax\n|-heal|p1a: Dialga|142\/270|[silent]\n|upkeep\n|\n|t:|1628904210\n|switch|p2a: Vaporeon|Vaporeon, L84, M|356\/356\n|turn|6\n|\n|t:|1628904214\n|move|p1a: Dialga|Thunderbolt|p2a: Vaporeon\n|-supereffective|p2a: Vaporeon\n|-damage|p2a: Vaporeon|194\/356\n|move|p2a: Vaporeon|Wish|p2a: Vaporeon\n|\n|-weather|SunnyDay|[upkeep]\n|-heal|p1a: Dialga|158\/270|[from] item: Leftovers\n|-heal|p2a: Vaporeon|216\/356|[from] item: Leftovers\n|upkeep\n|turn|7\n|\n|t:|1628904223\n|move|p1a: Dialga|Stealth Rock|p2a: Vaporeon\n|-sidestart|p2: Archerdagoat|move: Stealth Rock\n|move|p2a: Vaporeon|Scald|p1a: Dialga\n|-resisted|p1a: Dialga\n|-damage|p1a: Dialga|134\/270\n|\n|-weather|none\n|-heal|p2a: Vaporeon|356\/356|[from] move: Wish|[wisher] Vaporeon\n|-heal|p1a: Dialga|150\/270|[from] item: Leftovers\n|-fieldend|move: Electric Terrain\n|upkeep\n|turn|8\n|\n|t:|1628904233\n|move|p1a: Dialga|Thunderbolt|p2a: Vaporeon\n|-supereffective|p2a: Vaporeon\n|-damage|p2a: Vaporeon|224\/356\n|move|p2a: Vaporeon|Scald|p1a: Dialga\n|-resisted|p1a: Dialga\n|-damage|p1a: Dialga|100\/270\n|\n|-heal|p1a: Dialga|116\/270|[from] item: Leftovers\n|-heal|p2a: Vaporeon|246\/356|[from] item: Leftovers\n|upkeep\n|turn|9\n|\n|t:|1628904242\n|switch|p2a: Rapidash|Rapidash-Galar, L84, M|246\/246\n|-damage|p2a: Rapidash|216\/246|[from] Stealth Rock\n|move|p1a: Dialga|Thunderbolt|p2a: Rapidash\n|-damage|p2a: Rapidash|147\/246\n|\n|-heal|p1a: Dialga|132\/270|[from] item: Leftovers\n|upkeep\n|turn|10\n|\n|t:|1628904251\n|move|p2a: Rapidash|High Horsepower|p1a: Dialga\n|-supereffective|p1a: Dialga\n|-damage|p1a: Dialga|54\/270\n|-damage|p2a: Rapidash|123\/246|[from] item: Life Orb\n|move|p1a: Dialga|Flash Cannon|p2a: Rapidash\n|-supereffective|p2a: Rapidash\n|-damage|p2a: Rapidash|0 fnt\n|faint|p2a: Rapidash\n|\n|-heal|p1a: Dialga|70\/270|[from] item: Leftovers\n|upkeep\n|\n|t:|1628904256\n|switch|p2a: Weavile|Weavile, L79, M|240\/240\n|turn|11\n|\n|t:|1628904263\n|move|p2a: Weavile|Low Kick|p1a: Dialga\n|-supereffective|p1a: Dialga\n|-damage|p1a: Dialga|0 fnt\n|faint|p1a: Dialga\n|\n|upkeep\n|\n|t:|1628904271\n|switch|p1a: Conkeldurr|Conkeldurr, L80, M|299\/299\n|turn|12\n|\n|t:|1628904285\n|switch|p2a: Vaporeon|Vaporeon, L84, M|246\/356\n|-damage|p2a: Vaporeon|202\/356|[from] Stealth Rock\n|move|p1a: Conkeldurr|Mach Punch|p2a: Vaporeon\n|-damage|p2a: Vaporeon|136\/356\n|\n|-heal|p2a: Vaporeon|158\/356|[from] item: Leftovers\n|-status|p1a: Conkeldurr|brn|[from] item: Flame Orb\n|upkeep\n|turn|13\n|\n|t:|1628904297\n|move|p2a: Vaporeon|Wish|p2a: Vaporeon\n|move|p1a: Conkeldurr|Facade|p2a: Vaporeon\n|-damage|p2a: Vaporeon|0 fnt\n|faint|p2a: Vaporeon\n|\n|-damage|p1a: Conkeldurr|281\/299 brn|[from] brn\n|upkeep\n|\n|t:|1628904302\n|switch|p2a: Espeon|Espeon, L82, F|241\/241\n|-damage|p2a: Espeon|211\/241|[from] Stealth Rock\n|turn|14\n|\n|t:|1628904312\n|move|p2a: Espeon|Psychic|p1a: Conkeldurr\n|-supereffective|p1a: Conkeldurr\n|-damage|p1a: Conkeldurr|0 fnt\n|faint|p1a: Conkeldurr\n|-damage|p2a: Espeon|187\/241|[from] item: Life Orb\n|\n|-heal|p2a: Espeon|241\/241|[from] move: Wish|[wisher] Vaporeon\n|upkeep\n|\n|t:|1628904329\n|switch|p1a: Gardevoir|Gardevoir, L82, F|246\/246\n|-ability|p1a: Gardevoir|Magic Bounce|[from] ability: Trace|[of] p2a: Espeon\n|turn|15\n|\n|t:|1628904336\n|move|p2a: Espeon|Calm Mind|p2a: Espeon\n|-boost|p2a: Espeon|spa|1\n|-boost|p2a: Espeon|spd|1\n|move|p1a: Gardevoir|Calm Mind|p1a: Gardevoir\n|-boost|p1a: Gardevoir|spa|1\n|-boost|p1a: Gardevoir|spd|1\n|\n|upkeep\n|turn|16\n|\n|t:|1628904342\n|move|p2a: Espeon|Calm Mind|p2a: Espeon\n|-boost|p2a: Espeon|spa|1\n|-boost|p2a: Espeon|spd|1\n|move|p1a: Gardevoir|Calm Mind|p1a: Gardevoir\n|-boost|p1a: Gardevoir|spa|1\n|-boost|p1a: Gardevoir|spd|1\n|\n|upkeep\n|turn|17\n|\n|t:|1628904348\n|move|p2a: Espeon|Calm Mind|p2a: Espeon\n|-boost|p2a: Espeon|spa|1\n|-boost|p2a: Espeon|spd|1\n|move|p1a: Gardevoir|Calm Mind|p1a: Gardevoir\n|-boost|p1a: Gardevoir|spa|1\n|-boost|p1a: Gardevoir|spd|1\n|\n|upkeep\n|turn|18\n|\n|t:|1628904354\n|move|p2a: Espeon|Calm Mind|p2a: Espeon\n|-boost|p2a: Espeon|spa|1\n|-boost|p2a: Espeon|spd|1\n|move|p1a: Gardevoir|Calm Mind|p1a: Gardevoir\n|-boost|p1a: Gardevoir|spa|1\n|-boost|p1a: Gardevoir|spd|1\n|\n|upkeep\n|turn|19\n|\n|t:|1628904360\n|move|p2a: Espeon|Calm Mind|p2a: Espeon\n|-boost|p2a: Espeon|spa|1\n|-boost|p2a: Espeon|spd|1\n|move|p1a: Gardevoir|Calm Mind|p1a: Gardevoir\n|-boost|p1a: Gardevoir|spa|1\n|-boost|p1a: Gardevoir|spd|1\n|\n|upkeep\n|turn|20\n|\n|t:|1628904365\n|move|p2a: Espeon|Calm Mind|p2a: Espeon\n|-boost|p2a: Espeon|spa|1\n|-boost|p2a: Espeon|spd|1\n|move|p1a: Gardevoir|Calm Mind|p1a: Gardevoir\n|-boost|p1a: Gardevoir|spa|1\n|-boost|p1a: Gardevoir|spd|1\n|\n|upkeep\n|turn|21\n|c|\u2606Archerdagoat|MAY THE BEST MAN WIN\n|\n|t:|1628904378\n|move|p2a: Espeon|Shadow Ball|p1a: Gardevoir\n|-supereffective|p1a: Gardevoir\n|-damage|p1a: Gardevoir|87\/246\n|-unboost|p1a: Gardevoir|spd|1\n|-damage|p2a: Espeon|217\/241|[from] item: Life Orb\n|move|p1a: Gardevoir|Psyshock|p2a: Espeon\n|-resisted|p2a: Espeon\n|-crit|p2a: Espeon\n|-damage|p2a: Espeon|0 fnt\n|faint|p2a: Espeon\n|\n|-heal|p1a: Gardevoir|102\/246|[from] item: Leftovers\n|upkeep\n|c|\u2606Picklecake|YA\n|c|\u2606Archerdagoat|DAMN\n|c|\u2606Archerdagoat|lmao\n|c|\u2606Picklecake|lmao\n|\n|t:|1628904395\n|switch|p2a: Weavile|Weavile, L79, M|240\/240\n|turn|22\n|\n|t:|1628904399\n|move|p2a: Weavile|Knock Off|p1a: Gardevoir\n|-crit|p1a: Gardevoir\n|-damage|p1a: Gardevoir|0 fnt\n|-enditem|p1a: Gardevoir|Leftovers|[from] move: Knock Off|[of] p2a: Weavile\n|faint|p1a: Gardevoir\n|\n|upkeep\n|\n|t:|1628904404\n|switch|p1a: Landorus|Landorus-Therian, L72, M|247\/247\n|-ability|p1a: Landorus|Intimidate|boost\n|-unboost|p2a: Weavile|atk|1\n|turn|23\n|\n|t:|1628904408\n|move|p2a: Weavile|Icicle Crash|p1a: Landorus\n|-supereffective|p1a: Landorus\n|-damage|p1a: Landorus|0 fnt\n|faint|p1a: Landorus\n|\n|upkeep\n|\n|t:|1628904413\n|switch|p1a: Kingler|Kingler, L84, F|230\/230\n|turn|24\n|\n|t:|1628904418\n|move|p2a: Weavile|Knock Off|p1a: Kingler\n|-damage|p1a: Kingler|167\/230\n|-enditem|p1a: Kingler|Life Orb|[from] move: Knock Off|[of] p2a: Weavile\n|move|p1a: Kingler|Rock Slide|p2a: Weavile\n|-supereffective|p2a: Weavile\n|-damage|p2a: Weavile|24\/240\n|\n|upkeep\n|turn|25\n|\n|t:|1628904430\n|move|p2a: Weavile|Low Kick|p1a: Kingler\n|-damage|p1a: Kingler|137\/230\n|move|p1a: Kingler|Rock Slide|p2a: Weavile\n|-supereffective|p2a: Weavile\n|-damage|p2a: Weavile|0 fnt\n|faint|p2a: Weavile\n|\n|win|Picklecake\n|raw|Picklecake's rating: 1085 &rarr; <strong>1111<\/strong><br \/>(+26 for winning)\n|raw|Archerdagoat's rating: 1072 &rarr; <strong>1052<\/strong><br \/>(-20 for losing)\n|c|\u2606Picklecake|gg\n|c|\u2606Archerdagoat|Damn I didn\u2019t see that I had sword dance\n|c|\u2606Archerdagoat|gg\n|l|\u2606Archerdagoat\n|l|\u2606Picklecake\n|j|\u2606Archerdagoat\n|player|p2|Archerdagoat|hoopster\n","inputlog":">version 21a297c45f97162f5f89849dadd0772730f2dfbc\n>start {\"formatid\":\"gen8randombattle\",\"seed\":[16005,34242,24718,54665],\"rated\":\"Rated battle\"}\n>player p1 {\"name\":\"Picklecake\",\"avatar\":\"rocketgruntf\",\"rating\":1085,\"seed\":[20204,56682,47629,32696]}\n>player p2 {\"name\":\"Archerdagoat\",\"avatar\":\"hoopster\",\"rating\":1072,\"seed\":[64930,54235,40101,34054]}\n>p1 move icebeam\n>p2 move nastyplot\n>p1 move icebeam\n>p2 move hurricane dynamax\n>p1 switch 2\n>p1 move thunderbolt dynamax\n>p2 move heatwave dynamax\n>p2 switch 5\n>p1 move flashcannon dynamax\n>p2 move suckerpunch\n>p1 move flashcannon dynamax\n>p2 move suckerpunch\n>p2 switch 3\n>p1 move thunderbolt\n>p2 move wish\n>p1 move stealthrock\n>p2 move scald\n>p1 move thunderbolt\n>p2 move scald\n>p1 move thunderbolt\n>p2 switch 4\n>p1 move flashcannon\n>p2 move highhorsepower\n>p2 switch 2\n>p1 move flashcannon\n>p2 move lowkick\n>p1 switch 3\n>p1 move machpunch\n>p2 switch 4\n>p1 move facade\n>p2 move wish\n>p2 switch 6\n>p1 move knockoff\n>p2 move psychic\n>p1 switch 4\n>p1 move calmmind\n>p2 move calmmind\n>p1 move calmmind\n>p2 move calmmind\n>p1 move calmmind\n>p2 move calmmind\n>p1 move calmmind\n>p2 move calmmind\n>p1 move calmmind\n>p2 move calmmind\n>p1 move calmmind\n>p2 move calmmind\n>chat \u2606Archerdagoat|MAY THE BEST MAN WIN \n>p1 move psyshock\n>p2 move shadowball\n>chat \u2606Picklecake|YA\n>chat \u2606Archerdagoat|DAMN\n>chat \u2606Archerdagoat|lmao\n>chat \u2606Picklecake|lmao\n>p2 switch 4\n>p1 move moonblast\n>p2 move knockoff\n>p1 switch 6\n>p1 move earthquake\n>p2 move iciclecrash\n>p1 switch 5\n>p1 move rockslide\n>p2 move knockoff\n>p1 move rockslide\n>p2 move lowkick","uploadtime":1628904686,"views":8,"p1id":"picklecake","p2id":"archerdagoat","formatid":"gen8randombattle","rating":1052,"private":0,"password":null}