{"id":"gen8ou-1259709816","p1":"Burnt Bright","p2":"mkyn","format":"gen8ou","log":"|j|\u2606Burnt Bright\n|j|\u2606mkyn\n|t:|1610314713\n|player|p1|Burnt Bright|parasollady-gen4|1657\n|player|p2|mkyn|morty|1711\n|teamsize|p1|6\n|teamsize|p2|6\n|gametype|singles\n|gen|8\n|tier|[Gen 8] OU\n|rated|\n|clearpoke\n|poke|p1|Corviknight, F|\n|poke|p1|Keldeo-Resolute|\n|poke|p1|Obstagoon, F|\n|poke|p1|Landorus-Therian, M|\n|poke|p1|Tapu Koko|\n|poke|p1|Rhyperior, F|\n|poke|p2|Stakataka|\n|poke|p2|Primarina, F|\n|poke|p2|Spectrier|\n|poke|p2|Blissey, F|\n|poke|p2|Melmetal|\n|poke|p2|Landorus-Therian, M|\n|rule|Sleep Clause Mod: Limit one foe put to sleep\n|rule|Species Clause: Limit one of each Pok\u00e9mon\n|rule|OHKO Clause: OHKO moves are banned\n|rule|Evasion Moves Clause: Evasion moves are banned\n|rule|Endless Battle Clause: Forcing endless battles is banned\n|rule|HP Percentage Mod: HP is shown in percentages\n|rule|Dynamax Clause: You cannot dynamax\n|teampreview\n|\n|t:|1610314741\n|start\n|switch|p1a: Tapu Koko|Tapu Koko|100\/100\n|switch|p2a: Primarina|Primarina, F|100\/100\n|-fieldstart|move: Electric Terrain|[from] ability: Electric Surge|[of] p1a: Tapu Koko\n|turn|1\n|\n|t:|1610314751\n|switch|p2a: Landorus|Landorus-Therian, M|100\/100\n|-ability|p2a: Landorus|Intimidate|boost\n|-unboost|p1a: Tapu Koko|atk|1\n|move|p1a: Tapu Koko|U-turn|p2a: Landorus\n|-resisted|p2a: Landorus\n|-damage|p2a: Landorus|92\/100\n|-damage|p1a: Tapu Koko|84\/100|[from] item: Rocky Helmet|[of] p2a: Landorus\n|-damage|p1a: Tapu Koko|74\/100|[from] item: Life Orb\n|\n|t:|1610314756\n|switch|p1a: Keldeo|Keldeo-Resolute|100\/100|[from]move: U-turn\n|\n|upkeep\n|turn|2\n|\n|t:|1610314772\n|switch|p2a: Primarina|Primarina, F|100\/100\n|move|p1a: Keldeo|Substitute|p1a: Keldeo\n|-start|p1a: Keldeo|Substitute\n|-damage|p1a: Keldeo|76\/100\n|\n|-heal|p1a: Keldeo|82\/100|[from] item: Leftovers\n|upkeep\n|turn|3\n|\n|t:|1610314775\n|move|p1a: Keldeo|Scald|p2a: Primarina\n|-resisted|p2a: Primarina\n|-damage|p2a: Primarina|78\/100\n|move|p2a: Primarina|Moonblast|p1a: Keldeo\n|-supereffective|p1a: Keldeo\n|-end|p1a: Keldeo|Substitute\n|\n|-heal|p1a: Keldeo|88\/100|[from] item: Leftovers\n|upkeep\n|turn|4\n|\n|t:|1610314781\n|switch|p1a: Corviknight|Corviknight, F|100\/100\n|-ability|p1a: Corviknight|Pressure\n|move|p2a: Primarina|Moonblast|p1a: Corviknight\n|-resisted|p1a: Corviknight\n|-damage|p1a: Corviknight|63\/100\n|-unboost|p1a: Corviknight|spa|1\n|\n|-heal|p1a: Corviknight|69\/100|[from] item: Leftovers\n|upkeep\n|turn|5\n|\n|t:|1610314792\n|switch|p2a: Melmetal|Melmetal|100\/100\n|move|p1a: Corviknight|Roost|p1a: Corviknight\n|-heal|p1a: Corviknight|100\/100\n|-singleturn|p1a: Corviknight|move: Roost\n|\n|-fieldend|move: Electric Terrain\n|upkeep\n|turn|6\n|\n|t:|1610314806\n|move|p1a: Corviknight|Roost||[still]\n|-fail|p1a: Corviknight|heal\n|move|p2a: Melmetal|Thunder Punch|p1a: Corviknight\n|-supereffective|p1a: Corviknight\n|-damage|p1a: Corviknight|30\/100\n|-status|p1a: Corviknight|par\n|\n|-heal|p1a: Corviknight|37\/100 par|[from] item: Leftovers\n|upkeep\n|turn|7\n|\n|t:|1610314814\n|switch|p1a: Rhyperior|Rhyperior, F|100\/100\n|move|p2a: Melmetal|Thunder Punch|p1a: Rhyperior\n|-immune|p1a: Rhyperior\n|\n|upkeep\n|turn|8\n|\n|t:|1610314820\n|switch|p2a: Landorus|Landorus-Therian, M|92\/100\n|-ability|p2a: Landorus|Intimidate|boost\n|-unboost|p1a: Rhyperior|atk|1\n|move|p1a: Rhyperior|Stealth Rock|p2a: Landorus\n|-sidestart|p2: mkyn|move: Stealth Rock\n|\n|upkeep\n|turn|9\n|\n|t:|1610314829\n|switch|p1a: Keldeo|Keldeo-Resolute|88\/100\n|move|p2a: Landorus|Stealth Rock|p1a: Keldeo\n|-sidestart|p1: Burnt Bright|move: Stealth Rock\n|\n|-heal|p1a: Keldeo|94\/100|[from] item: Leftovers\n|upkeep\n|turn|10\n|\n|t:|1610314834\n|move|p1a: Keldeo|Scald|p2a: Landorus\n|-supereffective|p2a: Landorus\n|-damage|p2a: Landorus|0 fnt\n|faint|p2a: Landorus\n|\n|-heal|p1a: Keldeo|100\/100|[from] item: Leftovers\n|upkeep\n|\n|t:|1610314846\n|switch|p2a: Primarina|Primarina, F|78\/100\n|-damage|p2a: Primarina|66\/100|[from] Stealth Rock\n|turn|11\n|\n|t:|1610314850\n|move|p1a: Keldeo|Substitute|p1a: Keldeo\n|-start|p1a: Keldeo|Substitute\n|-damage|p1a: Keldeo|76\/100\n|move|p2a: Primarina|Moonblast|p1a: Keldeo\n|-supereffective|p1a: Keldeo\n|-end|p1a: Keldeo|Substitute\n|\n|-heal|p1a: Keldeo|82\/100|[from] item: Leftovers\n|upkeep\n|turn|12\n|\n|t:|1610314853\n|switch|p1a: Corviknight|Corviknight, F|37\/100 par\n|-damage|p1a: Corviknight|24\/100 par|[from] Stealth Rock\n|-ability|p1a: Corviknight|Pressure\n|move|p2a: Primarina|Moonblast|p1a: Corviknight\n|-resisted|p1a: Corviknight\n|-damage|p1a: Corviknight|0 fnt\n|faint|p1a: Corviknight\n|\n|upkeep\n|\n|t:|1610314862\n|switch|p1a: Tapu Koko|Tapu Koko|74\/100\n|-damage|p1a: Tapu Koko|62\/100|[from] Stealth Rock\n|-fieldstart|move: Electric Terrain|[from] ability: Electric Surge|[of] p1a: Tapu Koko\n|turn|13\n|\n|t:|1610314869\n|switch|p2a: Blissey|Blissey, F|100\/100\n|-damage|p2a: Blissey|88\/100|[from] Stealth Rock\n|move|p1a: Tapu Koko|Thunderbolt|p2a: Blissey\n|-damage|p2a: Blissey|64\/100\n|-damage|p1a: Tapu Koko|52\/100|[from] item: Life Orb\n|\n|upkeep\n|turn|14\n|\n|t:|1610314874\n|move|p1a: Tapu Koko|U-turn|p2a: Blissey\n|-damage|p2a: Blissey|46\/100\n|-damage|p1a: Tapu Koko|42\/100|[from] item: Life Orb\n|\n|t:|1610314876\n|switch|p1a: Obstagoon|Obstagoon, F|100\/100|[from]move: U-turn\n|-damage|p1a: Obstagoon|88\/100|[from] Stealth Rock\n|move|p2a: Blissey|Soft-Boiled|p2a: Blissey\n|-heal|p2a: Blissey|96\/100\n|\n|-status|p1a: Obstagoon|brn|[from] item: Flame Orb\n|upkeep\n|turn|15\n|\n|t:|1610314881\n|move|p1a: Obstagoon|Facade|p2a: Blissey\n|-damage|p2a: Blissey|24\/100\n|move|p2a: Blissey|Counter|p1a: Obstagoon\n|-damage|p1a: Obstagoon|0 fnt\n|faint|p1a: Obstagoon\n|\n|upkeep\n|\n|t:|1610314888\n|switch|p1a: Keldeo|Keldeo-Resolute|82\/100\n|-damage|p1a: Keldeo|76\/100|[from] Stealth Rock\n|turn|16\n|\n|t:|1610314894\n|move|p1a: Keldeo|Substitute|p1a: Keldeo\n|-start|p1a: Keldeo|Substitute\n|-damage|p1a: Keldeo|51\/100\n|move|p2a: Blissey|Soft-Boiled|p2a: Blissey\n|-heal|p2a: Blissey|74\/100\n|\n|-heal|p1a: Keldeo|57\/100|[from] item: Leftovers\n|upkeep\n|turn|17\n|\n|t:|1610314899\n|switch|p2a: Spectrier|Spectrier|100\/100\n|-damage|p2a: Spectrier|88\/100|[from] Stealth Rock\n|move|p1a: Keldeo|Calm Mind|p1a: Keldeo\n|-boost|p1a: Keldeo|spa|1\n|-boost|p1a: Keldeo|spd|1\n|\n|-heal|p2a: Spectrier|94\/100|[from] item: Leftovers\n|-heal|p1a: Keldeo|63\/100|[from] item: Leftovers\n|-fieldend|move: Electric Terrain\n|upkeep\n|turn|18\n|\n|t:|1610314901\n|move|p2a: Spectrier|Shadow Ball|p1a: Keldeo\n|-end|p1a: Keldeo|Substitute\n|move|p1a: Keldeo|Scald|p2a: Spectrier\n|-damage|p2a: Spectrier|28\/100\n|-status|p2a: Spectrier|brn\n|\n|-heal|p2a: Spectrier|35\/100 brn|[from] item: Leftovers\n|-heal|p1a: Keldeo|70\/100|[from] item: Leftovers\n|-damage|p2a: Spectrier|28\/100 brn|[from] brn\n|upkeep\n|turn|19\n|\n|t:|1610314904\n|move|p2a: Spectrier|Shadow Ball|p1a: Keldeo\n|-damage|p1a: Keldeo|37\/100\n|move|p1a: Keldeo|Scald|p2a: Spectrier\n|-damage|p2a: Spectrier|0 fnt\n|faint|p2a: Spectrier\n|\n|-heal|p1a: Keldeo|43\/100|[from] item: Leftovers\n|upkeep\n|\n|t:|1610314910\n|switch|p2a: Primarina|Primarina, F|66\/100\n|-damage|p2a: Primarina|54\/100|[from] Stealth Rock\n|turn|20\n|\n|t:|1610314913\n|move|p1a: Keldeo|Substitute|p1a: Keldeo\n|-start|p1a: Keldeo|Substitute\n|-damage|p1a: Keldeo|18\/100\n|move|p2a: Primarina|Moonblast|p1a: Keldeo\n|-supereffective|p1a: Keldeo\n|-end|p1a: Keldeo|Substitute\n|\n|-heal|p1a: Keldeo|25\/100|[from] item: Leftovers\n|upkeep\n|turn|21\n|\n|t:|1610314923\n|switch|p1a: Rhyperior|Rhyperior, F|100\/100\n|-damage|p1a: Rhyperior|94\/100|[from] Stealth Rock\n|move|p2a: Primarina|Moonblast|p1a: Rhyperior\n|-damage|p1a: Rhyperior|22\/100\n|\n|-heal|p1a: Rhyperior|28\/100|[from] item: Leftovers\n|upkeep\n|turn|22\n|\n|t:|1610314925\n|move|p2a: Primarina|Moonblast|p1a: Rhyperior\n|-damage|p1a: Rhyperior|0 fnt\n|faint|p1a: Rhyperior\n|\n|upkeep\n|\n|t:|1610314931\n|switch|p1a: Tapu Koko|Tapu Koko|42\/100\n|-damage|p1a: Tapu Koko|29\/100|[from] Stealth Rock\n|-fieldstart|move: Electric Terrain|[from] ability: Electric Surge|[of] p1a: Tapu Koko\n|turn|23\n|\n|t:|1610314939\n|switch|p2a: Blissey|Blissey, F|74\/100\n|-damage|p2a: Blissey|61\/100|[from] Stealth Rock\n|move|p1a: Tapu Koko|Thunderbolt|p2a: Blissey\n|-damage|p2a: Blissey|38\/100\n|-damage|p1a: Tapu Koko|19\/100|[from] item: Life Orb\n|\n|upkeep\n|turn|24\n|\n|t:|1610314950\n|switch|p1a: Keldeo|Keldeo-Resolute|25\/100\n|-damage|p1a: Keldeo|18\/100|[from] Stealth Rock\n|move|p2a: Blissey|Counter||[still]\n|-fail|p2a: Blissey\n|\n|-heal|p1a: Keldeo|25\/100|[from] item: Leftovers\n|upkeep\n|turn|25\n|\n|t:|1610314955\n|move|p1a: Keldeo|Substitute|p1a: Keldeo\n|-fail|p1a: Keldeo|move: Substitute|[weak]\n|move|p2a: Blissey|Ice Beam|p1a: Keldeo\n|-resisted|p1a: Keldeo\n|-damage|p1a: Keldeo|15\/100\n|\n|-heal|p1a: Keldeo|21\/100|[from] item: Leftovers\n|upkeep\n|turn|26\n|\n|t:|1610314960\n|move|p1a: Keldeo|Secret Sword|p2a: Blissey\n|-supereffective|p2a: Blissey\n|-enditem|p2a: Blissey|Chople Berry|[eat]\n|-enditem|p2a: Blissey|Chople Berry|[weaken]\n|-damage|p2a: Blissey|0 fnt\n|faint|p2a: Blissey\n|\n|-heal|p1a: Keldeo|27\/100|[from] item: Leftovers\n|upkeep\n|\n|t:|1610314965\n|switch|p2a: Primarina|Primarina, F|54\/100\n|-damage|p2a: Primarina|41\/100|[from] Stealth Rock\n|turn|27\n|\n|t:|1610314978\n|move|p1a: Keldeo|Secret Sword|p2a: Primarina\n|-resisted|p2a: Primarina\n|-damage|p2a: Primarina|8\/100\n|move|p2a: Primarina|Scald|p1a: Keldeo\n|-resisted|p1a: Keldeo\n|-damage|p1a: Keldeo|0 fnt\n|faint|p1a: Keldeo\n|\n|-fieldend|move: Electric Terrain\n|upkeep\n|\n|t:|1610314984\n|switch|p1a: Landorus|Landorus-Therian, M|100\/100\n|-damage|p1a: Landorus|88\/100|[from] Stealth Rock\n|-ability|p1a: Landorus|Intimidate|boost\n|-unboost|p2a: Primarina|atk|1\n|turn|28\n|\n|t:|1610314994\n|move|p1a: Landorus|Earthquake|p2a: Primarina\n|-damage|p2a: Primarina|0 fnt\n|faint|p2a: Primarina\n|\n|upkeep\n|\n|t:|1610314997\n|switch|p2a: Stakataka|Stakataka|100\/100\n|-damage|p2a: Stakataka|94\/100|[from] Stealth Rock\n|-item|p2a: Stakataka|Air Balloon\n|turn|29\n|\n|t:|1610315001\n|switch|p1a: Tapu Koko|Tapu Koko|19\/100\n|-damage|p1a: Tapu Koko|7\/100|[from] Stealth Rock\n|-fieldstart|move: Electric Terrain|[from] ability: Electric Surge|[of] p1a: Tapu Koko\n|move|p2a: Stakataka|Trick Room|p2a: Stakataka\n|-fieldstart|move: Trick Room|[of] p2a: Stakataka\n|\n|upkeep\n|turn|30\n|\n|t:|1610315005\n|switch|p1a: Landorus|Landorus-Therian, M|88\/100\n|-damage|p1a: Landorus|76\/100|[from] Stealth Rock\n|-ability|p1a: Landorus|Intimidate|boost\n|-unboost|p2a: Stakataka|atk|1\n|move|p2a: Stakataka|Gyro Ball|p1a: Landorus\n|-damage|p1a: Landorus|11\/100\n|\n|upkeep\n|turn|31\n|-message|Burnt Bright forfeited.\n|\n|win|mkyn\n|l|\u2606Burnt Bright\n|c|\u2606mkyn|gg\n||Ladder (probably) updated, but score could not be retrieved (Request timeout).\n","uploadtime":1610315013,"views":16,"p1id":"burntbright","p2id":"mkyn","formatid":"gen8ou","rating":0,"private":0,"password":null}