{"id":"gen8ou-1634680946","p1":"d18l","p2":"LT92PF Homerchu","format":"gen8ou","log":"|j|\u2606d18l\n|j|\u2606LT92PF Homerchu\n|t:|1659924896\n|gametype|singles\n|player|p1|d18l|backpacker|1593\n|player|p2|LT92PF Homerchu|pokekid|1775\n|teamsize|p1|6\n|teamsize|p2|6\n|gen|8\n|tier|[Gen 8] OU\n|rated|\n|rule|Sleep Clause Mod: Limit one foe put to sleep\n|rule|Species Clause: Limit one of each Pok\u00e9mon\n|rule|OHKO Clause: OHKO moves are banned\n|rule|Evasion Items Clause: Evasion items are banned\n|rule|Evasion Moves Clause: Evasion moves are banned\n|rule|Endless Battle Clause: Forcing endless battles is banned\n|rule|HP Percentage Mod: HP is shown in percentages\n|rule|Dynamax Clause: You cannot dynamax\n|clearpoke\n|poke|p1|Tapu Koko|\n|poke|p1|Victini|\n|poke|p1|Landorus-Therian, M|\n|poke|p1|Tornadus-Therian, M|\n|poke|p1|Rotom-Wash|\n|poke|p1|Ferrothorn, M|\n|poke|p2|Dragonite, F|\n|poke|p2|Tapu Lele|\n|poke|p2|Rotom-Wash|\n|poke|p2|Kartana|\n|poke|p2|Melmetal|\n|poke|p2|Mandibuzz, F|\n|teampreview\n|inactive|Battle timer is ON: inactive players will automatically lose when time's up. (requested by LT92PF Homerchu)\n|j| GGeorgie\u25d5\u203f\u25d5\n|\n|t:|1659924920\n|start\n|switch|p1a: Tapu Koko|Tapu Koko|100\/100\n|switch|p2a: Rotom|Rotom-Wash|100\/100\n|-fieldstart|move: Electric Terrain|[from] ability: Electric Surge|[of] p1a: Tapu Koko\n|turn|1\n|inactive|d18l has 120 seconds left.\n|\n|t:|1659924956\n|switch|p1a: Ferrothorn|Ferrothorn, M|100\/100\n|switch|p2a: Melmetal|Melmetal|100\/100\n|\n|upkeep\n|turn|2\n|inactive|d18l has 120 seconds left.\n|\n|t:|1659924968\n|switch|p1a: Rotom|Rotom-Wash|100\/100\n|move|p2a: Melmetal|Superpower|p1a: Rotom\n|-damage|p1a: Rotom|53\/100\n|-unboost|p2a: Melmetal|atk|1\n|-unboost|p2a: Melmetal|def|1\n|-damage|p2a: Melmetal|84\/100|[from] item: Rocky Helmet|[of] p1a: Rotom\n|\n|upkeep\n|turn|3\n|inactive|d18l has 120 seconds left.\n|\n|t:|1659924991\n|switch|p2a: Tapu Lele|Tapu Lele|100\/100\n|-fieldstart|move: Psychic Terrain|[from] ability: Psychic Surge|[of] p2a: Tapu Lele\n|move|p1a: Rotom|Pain Split|p2a: Tapu Lele\n|-sethp|p2a: Tapu Lele|78\/100|[from] move: Pain Split|[silent]\n|-sethp|p1a: Rotom|73\/100|[from] move: Pain Split\n|\n|upkeep\n|turn|4\n|\n|t:|1659925011\n|switch|p1a: Victini|Victini|100\/100\n|move|p2a: Tapu Lele|Psychic|p1a: Victini\n|-resisted|p1a: Victini\n|-damage|p1a: Victini|66\/100\n|\n|upkeep\n|turn|5\n|\n|t:|1659925018\n|switch|p2a: Rotom|Rotom-Wash|100\/100\n|move|p1a: Victini|U-turn|p2a: Rotom\n|-damage|p2a: Rotom|85\/100\n|inactive|d18l has 90 seconds left.\n|inactive|d18l has 60 seconds left.\n|inactive|d18l has 30 seconds left.\n|inactive|d18l has 20 seconds left.\n|\n|t:|1659925111\n|switch|p1a: Tapu Koko|Tapu Koko|100\/100|[from]move: U-turn\n|-fieldstart|move: Electric Terrain|[from] ability: Electric Surge|[of] p1a: Tapu Koko\n|\n|-heal|p2a: Rotom|91\/100|[from] item: Leftovers\n|upkeep\n|turn|6\n|inactive|d18l has 30 seconds left this turn.\n|\n|t:|1659925125\n|move|p1a: Tapu Koko|Volt Switch|p2a: Rotom\n|-damage|p2a: Rotom|30\/100\n|\n|t:|1659925129\n|switch|p1a: Rotom|Rotom-Wash|73\/100|[from]move: Volt Switch\n|move|p2a: Rotom|Hydro Pump|p1a: Rotom|[miss]\n|-miss|p2a: Rotom|p1a: Rotom\n|\n|-heal|p2a: Rotom|36\/100|[from] item: Leftovers\n|upkeep\n|turn|7\n|inactive|d18l has 30 seconds left.\n|\n|t:|1659925144\n|move|p1a: Rotom|Toxic|p2a: Rotom\n|-status|p2a: Rotom|tox\n|move|p2a: Rotom|Discharge|p1a: Rotom\n|-damage|p1a: Rotom|44\/100\n|\n|-heal|p2a: Rotom|42\/100 tox|[from] item: Leftovers\n|-damage|p2a: Rotom|36\/100 tox|[from] psn\n|upkeep\n|turn|8\n|\n|t:|1659925153\n|move|p1a: Rotom|Hydro Pump|p2a: Rotom\n|-resisted|p2a: Rotom\n|-damage|p2a: Rotom|16\/100 tox\n|move|p2a: Rotom|Discharge|p1a: Rotom\n|-damage|p1a: Rotom|17\/100\n|\n|-heal|p2a: Rotom|23\/100 tox|[from] item: Leftovers\n|-damage|p2a: Rotom|10\/100 tox|[from] psn\n|upkeep\n|turn|9\n|\n|t:|1659925159\n|move|p1a: Rotom|Volt Switch|p2a: Rotom\n|-damage|p2a: Rotom|0 fnt\n|faint|p2a: Rotom\n|\n|t:|1659925166\n|switch|p1a: Tapu Koko|Tapu Koko|100\/100|[from]move: Volt Switch\n|\n|-fieldend|move: Electric Terrain\n|upkeep\n|\n|t:|1659925169\n|switch|p2a: Tapu Lele|Tapu Lele|78\/100\n|-fieldstart|move: Psychic Terrain|[from] ability: Psychic Surge|[of] p2a: Tapu Lele\n|turn|10\n|\n|t:|1659925176\n|switch|p1a: Victini|Victini|66\/100\n|move|p2a: Tapu Lele|Psychic|p1a: Victini\n|-resisted|p1a: Victini\n|-damage|p1a: Victini|33\/100\n|\n|upkeep\n|turn|11\n|\n|t:|1659925194\n|move|p2a: Tapu Lele|Psychic|p1a: Victini\n|-resisted|p1a: Victini\n|-damage|p1a: Victini|0 fnt\n|faint|p1a: Victini\n|\n|upkeep\n|inactive|d18l has 30 seconds left.\n|\n|t:|1659925220\n|switch|p1a: Tornadus|Tornadus-Therian, M|100\/100\n|turn|12\n|\n|t:|1659925224\n|switch|p2a: Melmetal|Melmetal|84\/100\n|move|p1a: Tornadus|Knock Off|p2a: Melmetal\n|-damage|p2a: Melmetal|73\/100\n|-enditem|p2a: Melmetal|Assault Vest|[from] move: Knock Off|[of] p1a: Tornadus\n|\n|upkeep\n|turn|13\n|\n|t:|1659925234\n|move|p1a: Tornadus|U-turn|p2a: Melmetal\n|-resisted|p2a: Melmetal\n|-damage|p2a: Melmetal|70\/100\n|\n|t:|1659925236\n|switch|p1a: Rotom|Rotom-Wash|17\/100|[from]move: U-turn\n|move|p2a: Melmetal|Double Iron Bash|p1a: Rotom\n|-resisted|p1a: Rotom\n|-damage|p1a: Rotom|7\/100\n|-damage|p2a: Melmetal|53\/100|[from] item: Rocky Helmet|[of] p1a: Rotom\n|-resisted|p1a: Rotom\n|-damage|p1a: Rotom|0 fnt\n|-damage|p2a: Melmetal|36\/100|[from] item: Rocky Helmet|[of] p1a: Rotom\n|faint|p1a: Rotom\n|-hitcount|p1: Rotom|2\n|\n|upkeep\n|\n|t:|1659925248\n|switch|p1a: Tapu Koko|Tapu Koko|100\/100\n|-fieldstart|move: Electric Terrain|[from] ability: Electric Surge|[of] p1a: Tapu Koko\n|turn|14\n|\n|t:|1659925251\n|move|p1a: Tapu Koko|Thunderbolt|p2a: Melmetal\n|-damage|p2a: Melmetal|0 fnt\n|faint|p2a: Melmetal\n|\n|upkeep\n|\n|t:|1659925255\n|switch|p2a: Tapu Lele|Tapu Lele|78\/100\n|-fieldstart|move: Psychic Terrain|[from] ability: Psychic Surge|[of] p2a: Tapu Lele\n|turn|15\n|\n|t:|1659925264\n|switch|p1a: Tornadus|Tornadus-Therian, M|100\/100\n|move|p2a: Tapu Lele|Psychic|p1a: Tornadus\n|-damage|p1a: Tornadus|52\/100\n|\n|upkeep\n|turn|16\n|\n|t:|1659925272\n|move|p2a: Tapu Lele|Psychic|p1a: Tornadus\n|-damage|p1a: Tornadus|7\/100\n|move|p1a: Tornadus|Knock Off|p2a: Tapu Lele\n|-damage|p2a: Tapu Lele|49\/100\n|-enditem|p2a: Tapu Lele|Choice Scarf|[from] move: Knock Off|[of] p1a: Tornadus\n|\n|upkeep\n|turn|17\n|\n|t:|1659925287\n|move|p1a: Tornadus|U-turn|p2a: Tapu Lele\n|-damage|p2a: Tapu Lele|26\/100\n|inactive|d18l has 60 seconds left.\n|\n|t:|1659925317\n|switch|p1a: Landorus|Landorus-Therian, M|100\/100|[from]move: U-turn\n|-ability|p1a: Landorus|Intimidate|boost\n|-unboost|p2a: Tapu Lele|atk|1\n|move|p2a: Tapu Lele|Psychic|p1a: Landorus\n|-damage|p1a: Landorus|43\/100\n|\n|-heal|p1a: Landorus|49\/100|[from] item: Leftovers\n|upkeep\n|turn|18\n|\n|t:|1659925321\n|move|p2a: Tapu Lele|Psychic|p1a: Landorus\n|-damage|p1a: Landorus|0 fnt\n|faint|p1a: Landorus\n|\n|upkeep\n|\n|t:|1659925326\n|switch|p1a: Tapu Koko|Tapu Koko|100\/100\n|-fieldstart|move: Electric Terrain|[from] ability: Electric Surge|[of] p1a: Tapu Koko\n|turn|19\n|inactive|d18l has 60 seconds left.\n|\n|t:|1659925344\n|move|p1a: Tapu Koko|Volt Switch|p2a: Tapu Lele\n|-damage|p2a: Tapu Lele|0 fnt\n|faint|p2a: Tapu Lele\n|\n|t:|1659925353\n|switch|p1a: Tornadus|Tornadus-Therian, M|41\/100|[from]move: Volt Switch\n|\n|upkeep\n|\n|t:|1659925360\n|switch|p2a: Dragonite|Dragonite, F|100\/100\n|turn|20\n|\n|t:|1659925367\n|move|p1a: Tornadus|U-turn|p2a: Dragonite\n|-resisted|p2a: Dragonite\n|-damage|p2a: Dragonite|97\/100\n|\n|t:|1659925370\n|switch|p1a: Ferrothorn|Ferrothorn, M|100\/100|[from]move: U-turn\n|move|p2a: Dragonite|Dragon Dance|p2a: Dragonite\n|-boost|p2a: Dragonite|atk|1\n|-boost|p2a: Dragonite|spe|1\n|\n|upkeep\n|turn|21\n|\n|t:|1659925373\n|move|p2a: Dragonite|Dragon Dance|p2a: Dragonite\n|-boost|p2a: Dragonite|atk|1\n|-boost|p2a: Dragonite|spe|1\n|move|p1a: Ferrothorn|Gyro Ball|p2a: Dragonite\n|-damage|p2a: Dragonite|42\/100\n|\n|upkeep\n|turn|22\n|\n|t:|1659925379\n|move|p2a: Dragonite|Roost|p2a: Dragonite\n|-heal|p2a: Dragonite|92\/100\n|-singleturn|p2a: Dragonite|move: Roost\n|move|p1a: Ferrothorn|Gyro Ball|p2a: Dragonite\n|-damage|p2a: Dragonite|35\/100\n|\n|upkeep\n|turn|23\n|\n|t:|1659925382\n|move|p2a: Dragonite|Roost|p2a: Dragonite\n|-heal|p2a: Dragonite|85\/100\n|-singleturn|p2a: Dragonite|move: Roost\n|move|p1a: Ferrothorn|Leech Seed|p2a: Dragonite\n|-start|p2a: Dragonite|move: Leech Seed\n|\n|-damage|p2a: Dragonite|72\/100|[from] Leech Seed|[of] p1a: Ferrothorn\n|-fieldend|move: Electric Terrain\n|upkeep\n|turn|24\n|\n|t:|1659925385\n|move|p2a: Dragonite|Roost|p2a: Dragonite\n|-heal|p2a: Dragonite|100\/100\n|-singleturn|p2a: Dragonite|move: Roost\n|move|p1a: Ferrothorn|Gyro Ball|p2a: Dragonite\n|-damage|p2a: Dragonite|74\/100\n|\n|-damage|p2a: Dragonite|61\/100|[from] Leech Seed|[of] p1a: Ferrothorn\n|upkeep\n|turn|25\n|\n|t:|1659925392\n|move|p2a: Dragonite|Roost|p2a: Dragonite\n|-heal|p2a: Dragonite|100\/100\n|-singleturn|p2a: Dragonite|move: Roost\n|move|p1a: Ferrothorn|Stealth Rock|p2a: Dragonite\n|-sidestart|p2: LT92PF Homerchu|move: Stealth Rock\n|\n|-damage|p2a: Dragonite|88\/100|[from] Leech Seed|[of] p1a: Ferrothorn\n|upkeep\n|turn|26\n|\n|t:|1659925398\n|move|p2a: Dragonite|Earthquake|p1a: Ferrothorn\n|-damage|p1a: Ferrothorn|53\/100\n|move|p1a: Ferrothorn|Gyro Ball|p2a: Dragonite\n|-damage|p2a: Dragonite|30\/100\n|\n|-damage|p2a: Dragonite|17\/100|[from] Leech Seed|[of] p1a: Ferrothorn\n|-heal|p1a: Ferrothorn|65\/100|[silent]\n|upkeep\n|turn|27\n|\n|t:|1659925403\n|move|p2a: Dragonite|Roost|p2a: Dragonite\n|-heal|p2a: Dragonite|67\/100\n|-singleturn|p2a: Dragonite|move: Roost\n|move|p1a: Ferrothorn|Gyro Ball|p2a: Dragonite\n|-damage|p2a: Dragonite|10\/100\n|\n|-damage|p2a: Dragonite|0 fnt|[from] Leech Seed|[of] p1a: Ferrothorn\n|-heal|p1a: Ferrothorn|73\/100|[silent]\n|faint|p2a: Dragonite\n|upkeep\n|\n|t:|1659925405\n|switch|p2a: Kartana|Kartana|100\/100\n|-damage|p2a: Kartana|94\/100|[from] Stealth Rock\n|turn|28\n|-message|LT92PF Homerchu forfeited.\n|\n|win|d18l\n|raw|d18l's rating: 1593 &rarr; <strong>1623<\/strong><br \/>(+30 for winning)\n|raw|LT92PF Homerchu's rating: 1775 &rarr; <strong>1745<\/strong><br \/>(-30 for losing)\n|l|\u2606LT92PF Homerchu\n","uploadtime":1659925413,"views":34,"p1id":"d18l","p2id":"lt92pfhomerchu","formatid":"gen8ou","rating":1623,"private":0,"password":null}