{"id":"gen8balancedhackmons-1619620721","p1":"NOOO LEGENDARIES","p2":"Redflix","format":"gen8balancedhackmons","log":"|j|\u2606NOOO LEGENDARIES\n|j|\u2606Redflix\n|t:|1658113902\n|gametype|singles\n|player|p1|NOOO LEGENDARIES|unknown|1324\n|player|p2|Redflix|erika|1640\n|teamsize|p1|6\n|teamsize|p2|6\n|gen|8\n|tier|[Gen 8] Balanced Hackmons\n|rated|\n|rule|OHKO Clause: OHKO moves are banned\n|rule|Evasion Moves Clause: Evasion moves are banned\n|rule|Forme Clause: Limit one of each forme of a Pok\u00e9mon\n|rule|HP Percentage Mod: HP is shown in percentages\n|rule|Dynamax Clause: You cannot dynamax\n|rule|Sleep Clause: Sleep-inducing moves are banned\n|rule|Endless Battle Clause: Forcing endless battles is banned\n|clearpoke\n|poke|p1|Krookodile, M|\n|poke|p1|Obstagoon, F|\n|poke|p1|Zygarde-Complete|\n|poke|p1|Melmetal|\n|poke|p1|Blissey, F|\n|poke|p1|Zacian-*|\n|poke|p2|Xerneas-*|\n|poke|p2|Regigigas|\n|poke|p2|Lunala|\n|poke|p2|Eternatus|\n|poke|p2|Melmetal|\n|poke|p2|Ho-Oh|\n|teampreview\n|inactive|Battle timer is ON: inactive players will automatically lose when time's up. (requested by NOOO LEGENDARIES)\n|\n|t:|1658113926\n|start\n|switch|p1a: Zacian|Zacian|100\/100\n|switch|p2a: Melmetal|Melmetal|100\/100\n|turn|1\n|\n|t:|1658113933\n|move|p1a: Zacian|Substitute|p1a: Zacian\n|-start|p1a: Zacian|Substitute\n|-damage|p1a: Zacian|75\/100\n|move|p2a: Melmetal|Parting Shot|p1a: Zacian\n|-unboost|p1a: Zacian|atk|1\n|-unboost|p1a: Zacian|spa|1\n|\n|t:|1658113936\n|switch|p2a: Lunala|Lunala|100\/100|[from]move: Parting Shot\n|\n|-heal|p1a: Zacian|82\/100|[from] item: Leftovers\n|upkeep\n|turn|2\n|\n|t:|1658113940\n|move|p1a: Zacian|Clangorous Soul|p1a: Zacian\n|-boost|p1a: Zacian|atk|1\n|-boost|p1a: Zacian|def|1\n|-boost|p1a: Zacian|spa|1\n|-boost|p1a: Zacian|spd|1\n|-boost|p1a: Zacian|spe|1\n|-damage|p1a: Zacian|49\/100\n|move|p2a: Lunala|Hex|p1a: Zacian\n|-activate|p1a: Zacian|move: Substitute|[damage]\n|\n|-heal|p1a: Zacian|55\/100|[from] item: Leftovers\n|upkeep\n|turn|3\n|\n|t:|1658113949\n|switch|p2a: Melmetal|Melmetal|100\/100\n|move|p1a: Zacian|Baton Pass|p1a: Zacian\n|\n|t:|1658113954\n|switch|p1a: Blissey|Blissey, F|100\/100|[from]move: Baton Pass\n|\n|upkeep\n|turn|4\n|\n|t:|1658113956\n|move|p1a: Blissey|Ingrain|p1a: Blissey\n|-start|p1a: Blissey|move: Ingrain\n|move|p2a: Melmetal|Parting Shot|p1a: Blissey\n|-unboost|p1a: Blissey|atk|1\n|-unboost|p1a: Blissey|spa|1\n|\n|t:|1658113965\n|switch|p2a: Regigigas|Regigigas|100\/100|[from]move: Parting Shot\n|\n|-status|p2a: Regigigas|tox|[from] item: Toxic Orb\n|upkeep\n|turn|5\n|\n|t:|1658113968\n|move|p1a: Blissey|Baton Pass|p1a: Blissey\n|\n|t:|1658113970\n|switch|p1a: Zygarde|Zygarde-Complete|100\/100|[from]move: Baton Pass\n|move|p2a: Regigigas|Facade|p1a: Zygarde\n|-end|p1a: Zygarde|Substitute\n|\n|upkeep\n|turn|6\n|\n|t:|1658113980\n|move|p1a: Zygarde|Substitute|p1a: Zygarde\n|-start|p1a: Zygarde|Substitute\n|-damage|p1a: Zygarde|76\/100\n|move|p2a: Regigigas|Knock Off|p1a: Zygarde\n|-activate|p1a: Zygarde|move: Substitute|[damage]\n|\n|-heal|p1a: Zygarde|82\/100|[from] Ingrain\n|upkeep\n|turn|7\n|\n|t:|1658113985\n|switch|p2a: Melmetal|Melmetal|100\/100\n|move|p1a: Zygarde|Rapid Spin|p2a: Melmetal\n|-resisted|p2a: Melmetal\n|-damage|p2a: Melmetal|99\/100\n|-boost|p1a: Zygarde|spe|1\n|\n|-heal|p2a: Melmetal|100\/100|[from] item: Leftovers\n|-heal|p1a: Zygarde|88\/100|[from] Ingrain\n|upkeep\n|turn|8\n|\n|t:|1658113991\n|move|p2a: Melmetal|Haze|p2a: Melmetal\n|-clearallboost\n|move|p1a: Zygarde|Baton Pass|p1a: Zygarde\n|\n|t:|1658113997\n|switch|p1a: Zacian|Zacian|55\/100|[from]move: Baton Pass\n|\n|-heal|p1a: Zacian|61\/100|[from] item: Leftovers\n|-heal|p1a: Zacian|67\/100|[from] Ingrain\n|upkeep\n|turn|9\n|\n|t:|1658114000\n|move|p1a: Zacian|Clangorous Soul|p1a: Zacian\n|-boost|p1a: Zacian|atk|1\n|-boost|p1a: Zacian|def|1\n|-boost|p1a: Zacian|spa|1\n|-boost|p1a: Zacian|spd|1\n|-boost|p1a: Zacian|spe|1\n|-damage|p1a: Zacian|34\/100\n|move|p2a: Melmetal|Parting Shot|p1a: Zacian\n|-unboost|p1a: Zacian|atk|1\n|-unboost|p1a: Zacian|spa|1\n|\n|t:|1658114002\n|switch|p2a: Eternatus|Eternatus|100\/100|[from]move: Parting Shot\n|\n|-heal|p1a: Zacian|40\/100|[from] item: Leftovers\n|-heal|p1a: Zacian|47\/100|[from] Ingrain\n|upkeep\n|turn|10\n|\n|t:|1658114006\n|move|p1a: Zacian|Baton Pass|p1a: Zacian\n|\n|t:|1658114008\n|switch|p1a: Blissey|Blissey, F|100\/100|[from]move: Baton Pass\n|move|p2a: Eternatus|Sludge Bomb|p1a: Blissey\n|-activate|p1a: Blissey|move: Substitute|[damage]\n|\n|upkeep\n|turn|11\n|\n|t:|1658114011\n|switch|p2a: Melmetal|Melmetal|100\/100\n|move|p1a: Blissey|Baton Pass|p1a: Blissey\n|\n|t:|1658114014\n|switch|p1a: Krookodile|Krookodile, M|100\/100|[from]move: Baton Pass\n|\n|upkeep\n|turn|12\n|\n|t:|1658114017\n|move|p2a: Melmetal|Haze|p2a: Melmetal\n|-clearallboost\n|move|p1a: Krookodile|Jaw Lock|p2a: Melmetal\n|-damage|p2a: Melmetal|85\/100\n|-activate|p1a: Krookodile|trapped\n|-activate|p2a: Melmetal|trapped\n|\n|-heal|p2a: Melmetal|91\/100|[from] item: Leftovers\n|upkeep\n|turn|13\n|\n|t:|1658114021\n|move|p2a: Melmetal|Parting Shot|p1a: Krookodile\n|-hint|Since gen 7, Dark is immune to Prankster moves.\n|-immune|p1a: Krookodile\n|move|p1a: Krookodile|Electrify||[still]\n|-fail|p1a: Krookodile\n|\n|-heal|p2a: Melmetal|98\/100|[from] item: Leftovers\n|upkeep\n|turn|14\n|\n|t:|1658114025\n|move|p1a: Krookodile|Electrify|p2a: Melmetal\n|-singleturn|p2a: Melmetal|move: Electrify\n|move|p2a: Melmetal|Anchor Shot|p1a: Krookodile\n|-immune|p1a: Krookodile\n|\n|-heal|p2a: Melmetal|100\/100|[from] item: Leftovers\n|upkeep\n|turn|15\n|\n|t:|1658114029\n|move|p2a: Melmetal|Parting Shot|p1a: Krookodile\n|-hint|Since gen 7, Dark is immune to Prankster moves.\n|-immune|p1a: Krookodile\n|move|p1a: Krookodile|Electrify||[still]\n|-fail|p1a: Krookodile\n|\n|upkeep\n|turn|16\n|\n|t:|1658114032\n|move|p2a: Melmetal|Parting Shot|p1a: Krookodile\n|-hint|Since gen 7, Dark is immune to Prankster moves.\n|-immune|p1a: Krookodile\n|move|p1a: Krookodile|Electrify||[still]\n|-fail|p1a: Krookodile\n|\n|upkeep\n|turn|17\n|\n|t:|1658114036\n|move|p2a: Melmetal|Parting Shot|p1a: Krookodile\n|-hint|Since gen 7, Dark is immune to Prankster moves.\n|-immune|p1a: Krookodile\n|move|p1a: Krookodile|Electrify||[still]\n|-fail|p1a: Krookodile\n|\n|upkeep\n|turn|18\n|\n|t:|1658114050\n|move|p2a: Melmetal|Recover||[still]\n|-fail|p2a: Melmetal|heal\n|move|p1a: Krookodile|Electrify||[still]\n|-fail|p1a: Krookodile\n|\n|upkeep\n|turn|19\n|\n|t:|1658114054\n|move|p2a: Melmetal|Parting Shot|p1a: Krookodile\n|-hint|Since gen 7, Dark is immune to Prankster moves.\n|-immune|p1a: Krookodile\n|move|p1a: Krookodile|Electrify||[still]\n|-fail|p1a: Krookodile\n|\n|upkeep\n|turn|20\n|\n|t:|1658114057\n|move|p2a: Melmetal|Recover||[still]\n|-fail|p2a: Melmetal|heal\n|move|p1a: Krookodile|Electrify||[still]\n|-fail|p1a: Krookodile\n|\n|upkeep\n|turn|21\n|\n|t:|1658114059\n|move|p1a: Krookodile|Electrify|p2a: Melmetal\n|-singleturn|p2a: Melmetal|move: Electrify\n|move|p2a: Melmetal|Anchor Shot|p1a: Krookodile\n|-immune|p1a: Krookodile\n|\n|upkeep\n|turn|22\n|\n|t:|1658114061\n|move|p1a: Krookodile|Electrify|p2a: Melmetal\n|-singleturn|p2a: Melmetal|move: Electrify\n|move|p2a: Melmetal|Anchor Shot|p1a: Krookodile\n|-immune|p1a: Krookodile\n|\n|upkeep\n|turn|23\n|\n|t:|1658114064\n|move|p1a: Krookodile|Electrify|p2a: Melmetal\n|-singleturn|p2a: Melmetal|move: Electrify\n|move|p2a: Melmetal|Anchor Shot|p1a: Krookodile\n|-immune|p1a: Krookodile\n|\n|upkeep\n|turn|24\n|\n|t:|1658114066\n|move|p2a: Melmetal|Parting Shot|p1a: Krookodile\n|-hint|Since gen 7, Dark is immune to Prankster moves.\n|-immune|p1a: Krookodile\n|move|p1a: Krookodile|Electrify||[still]\n|-fail|p1a: Krookodile\n|\n|upkeep\n|turn|25\n|\n|t:|1658114069\n|move|p2a: Melmetal|Recover||[still]\n|-fail|p2a: Melmetal|heal\n|move|p1a: Krookodile|Electrify||[still]\n|-fail|p1a: Krookodile\n|\n|upkeep\n|turn|26\n|\n|t:|1658114075\n|move|p2a: Melmetal|Haze|p2a: Melmetal\n|-clearallboost\n|move|p1a: Krookodile|Electrify||[still]\n|-fail|p1a: Krookodile\n|\n|upkeep\n|turn|27\n|\n|t:|1658114077\n|move|p2a: Melmetal|Haze|p2a: Melmetal\n|-clearallboost\n|move|p1a: Krookodile|Electrify||[still]\n|-fail|p1a: Krookodile\n|\n|upkeep\n|turn|28\n|\n|t:|1658114080\n|move|p2a: Melmetal|Haze|p2a: Melmetal\n|-clearallboost\n|move|p1a: Krookodile|Electrify||[still]\n|-fail|p1a: Krookodile\n|\n|upkeep\n|turn|29\n|\n|t:|1658114087\n|move|p2a: Melmetal|Parting Shot|p1a: Krookodile\n|-hint|Since gen 7, Dark is immune to Prankster moves.\n|-immune|p1a: Krookodile\n|move|p1a: Krookodile|Electrify||[still]\n|-fail|p1a: Krookodile\n|\n|upkeep\n|turn|30\n|\n|t:|1658114090\n|move|p2a: Melmetal|Parting Shot|p1a: Krookodile\n|-hint|Since gen 7, Dark is immune to Prankster moves.\n|-immune|p1a: Krookodile\n|move|p1a: Krookodile|Electrify||[still]\n|-fail|p1a: Krookodile\n|\n|upkeep\n|turn|31\n|\n|t:|1658114092\n|move|p2a: Melmetal|Parting Shot|p1a: Krookodile\n|-hint|Since gen 7, Dark is immune to Prankster moves.\n|-immune|p1a: Krookodile\n|move|p1a: Krookodile|Electrify||[still]\n|-fail|p1a: Krookodile\n|\n|upkeep\n|turn|32\n|\n|t:|1658114094\n|move|p1a: Krookodile|Electrify|p2a: Melmetal\n|-singleturn|p2a: Melmetal|move: Electrify\n|move|p2a: Melmetal|Anchor Shot|p1a: Krookodile\n|-immune|p1a: Krookodile\n|\n|upkeep\n|turn|33\n|\n|t:|1658114096\n|move|p2a: Melmetal|Parting Shot|p1a: Krookodile\n|-hint|Since gen 7, Dark is immune to Prankster moves.\n|-immune|p1a: Krookodile\n|move|p1a: Krookodile|Electrify||[still]\n|-fail|p1a: Krookodile\n|\n|upkeep\n|turn|34\n|\n|t:|1658114098\n|move|p1a: Krookodile|Electrify|p2a: Melmetal\n|-singleturn|p2a: Melmetal|move: Electrify\n|move|p2a: Melmetal|Anchor Shot|p1a: Krookodile\n|-immune|p1a: Krookodile\n|\n|upkeep\n|turn|35\n|\n|t:|1658114100\n|move|p1a: Krookodile|Electrify|p2a: Melmetal\n|-singleturn|p2a: Melmetal|move: Electrify\n|move|p2a: Melmetal|Anchor Shot|p1a: Krookodile\n|-immune|p1a: Krookodile\n|\n|upkeep\n|turn|36\n|\n|t:|1658114102\n|move|p2a: Melmetal|Parting Shot|p1a: Krookodile\n|-hint|Since gen 7, Dark is immune to Prankster moves.\n|-immune|p1a: Krookodile\n|move|p1a: Krookodile|Electrify||[still]\n|-fail|p1a: Krookodile\n|\n|upkeep\n|turn|37\n|\n|t:|1658114104\n|move|p1a: Krookodile|Electrify|p2a: Melmetal\n|-singleturn|p2a: Melmetal|move: Electrify\n|move|p2a: Melmetal|Anchor Shot|p1a: Krookodile\n|-immune|p1a: Krookodile\n|\n|upkeep\n|turn|38\n|\n|t:|1658114106\n|move|p2a: Melmetal|Parting Shot|p1a: Krookodile\n|-hint|Since gen 7, Dark is immune to Prankster moves.\n|-immune|p1a: Krookodile\n|move|p1a: Krookodile|Electrify||[still]\n|-fail|p1a: Krookodile\n|\n|upkeep\n|turn|39\n|\n|t:|1658114111\n|move|p2a: Melmetal|Parting Shot|p1a: Krookodile\n|-hint|Since gen 7, Dark is immune to Prankster moves.\n|-immune|p1a: Krookodile\n|move|p1a: Krookodile|Electrify||[still]\n|-fail|p1a: Krookodile\n|\n|upkeep\n|turn|40\n|\n|t:|1658114115\n|move|p2a: Melmetal|Haze|p2a: Melmetal\n|-clearallboost\n|move|p1a: Krookodile|Electrify||[still]\n|-fail|p1a: Krookodile\n|\n|upkeep\n|turn|41\n|\n|t:|1658114126\n|move|p2a: Melmetal|Haze|p2a: Melmetal\n|-clearallboost\n|move|p1a: Krookodile|Electrify||[still]\n|-fail|p1a: Krookodile\n|\n|upkeep\n|turn|42\n|\n|t:|1658114129\n|move|p2a: Melmetal|Haze|p2a: Melmetal\n|-clearallboost\n|move|p1a: Krookodile|Electrify||[still]\n|-fail|p1a: Krookodile\n|\n|upkeep\n|turn|43\n|\n|t:|1658114132\n|move|p2a: Melmetal|Haze|p2a: Melmetal\n|-clearallboost\n|move|p1a: Krookodile|Electrify||[still]\n|-fail|p1a: Krookodile\n|\n|upkeep\n|turn|44\n|\n|t:|1658114134\n|move|p1a: Krookodile|Electrify|p2a: Melmetal\n|-singleturn|p2a: Melmetal|move: Electrify\n|-enditem|p1a: Krookodile|Leppa Berry|[eat]\n|-activate|p1a: Krookodile|item: Leppa Berry|Electrify|[consumed]\n|move|p2a: Melmetal|Anchor Shot|p1a: Krookodile\n|-immune|p1a: Krookodile\n|\n|upkeep\n|turn|45\n|\n|t:|1658114142\n|move|p2a: Melmetal|Recover||[still]\n|-fail|p2a: Melmetal|heal\n|move|p1a: Krookodile|Electrify||[still]\n|-fail|p1a: Krookodile\n|\n|-item|p1a: Krookodile|Leppa Berry|[from] ability: Harvest\n|upkeep\n|turn|46\n|\n|t:|1658114147\n|move|p2a: Melmetal|Parting Shot|p1a: Krookodile\n|-hint|Since gen 7, Dark is immune to Prankster moves.\n|-immune|p1a: Krookodile\n|move|p1a: Krookodile|Electrify||[still]\n|-fail|p1a: Krookodile\n|\n|upkeep\n|turn|47\n|\n|t:|1658114150\n|move|p2a: Melmetal|Parting Shot|p1a: Krookodile\n|-hint|Since gen 7, Dark is immune to Prankster moves.\n|-immune|p1a: Krookodile\n|move|p1a: Krookodile|Electrify||[still]\n|-fail|p1a: Krookodile\n|\n|upkeep\n|turn|48\n|\n|t:|1658114153\n|move|p2a: Melmetal|Parting Shot|p1a: Krookodile\n|-hint|Since gen 7, Dark is immune to Prankster moves.\n|-immune|p1a: Krookodile\n|move|p1a: Krookodile|Electrify||[still]\n|-fail|p1a: Krookodile\n|\n|upkeep\n|turn|49\n|\n|t:|1658114154\n|move|p2a: Melmetal|Parting Shot|p1a: Krookodile\n|-hint|Since gen 7, Dark is immune to Prankster moves.\n|-immune|p1a: Krookodile\n|move|p1a: Krookodile|Electrify||[still]\n|-fail|p1a: Krookodile\n|\n|upkeep\n|turn|50\n|\n|t:|1658114157\n|move|p2a: Melmetal|Parting Shot|p1a: Krookodile\n|-hint|Since gen 7, Dark is immune to Prankster moves.\n|-immune|p1a: Krookodile\n|move|p1a: Krookodile|Electrify||[still]\n|-fail|p1a: Krookodile\n|\n|upkeep\n|turn|51\n|\n|t:|1658114167\n|move|p1a: Krookodile|Electrify|p2a: Melmetal\n|-singleturn|p2a: Melmetal|move: Electrify\n|move|p2a: Melmetal|Anchor Shot|p1a: Krookodile\n|-immune|p1a: Krookodile\n|\n|upkeep\n|turn|52\n|\n|t:|1658114171\n|move|p1a: Krookodile|Electrify|p2a: Melmetal\n|-singleturn|p2a: Melmetal|move: Electrify\n|move|p2a: Melmetal|Anchor Shot|p1a: Krookodile\n|-immune|p1a: Krookodile\n|\n|upkeep\n|turn|53\n|\n|t:|1658114173\n|move|p1a: Krookodile|Electrify|p2a: Melmetal\n|-singleturn|p2a: Melmetal|move: Electrify\n|move|p2a: Melmetal|Anchor Shot|p1a: Krookodile\n|-immune|p1a: Krookodile\n|\n|upkeep\n|turn|54\n|\n|t:|1658114177\n|move|p1a: Krookodile|Electrify|p2a: Melmetal\n|-singleturn|p2a: Melmetal|move: Electrify\n|-enditem|p1a: Krookodile|Leppa Berry|[eat]\n|-activate|p1a: Krookodile|item: Leppa Berry|Electrify|[consumed]\n|move|p2a: Melmetal|Anchor Shot|p1a: Krookodile\n|-immune|p1a: Krookodile\n|\n|-item|p1a: Krookodile|Leppa Berry|[from] ability: Harvest\n|upkeep\n|turn|55\n|\n|t:|1658114178\n|move|p1a: Krookodile|Electrify|p2a: Melmetal\n|-singleturn|p2a: Melmetal|move: Electrify\n|move|p2a: Melmetal|Anchor Shot|p1a: Krookodile\n|-immune|p1a: Krookodile\n|\n|upkeep\n|turn|56\n|\n|t:|1658114180\n|move|p1a: Krookodile|Electrify|p2a: Melmetal\n|-singleturn|p2a: Melmetal|move: Electrify\n|move|p2a: Melmetal|Anchor Shot|p1a: Krookodile\n|-immune|p1a: Krookodile\n|\n|upkeep\n|turn|57\n|\n|t:|1658114182\n|move|p1a: Krookodile|Electrify|p2a: Melmetal\n|-singleturn|p2a: Melmetal|move: Electrify\n|move|p2a: Melmetal|Anchor Shot|p1a: Krookodile\n|-immune|p1a: Krookodile\n|\n|upkeep\n|turn|58\n|\n|t:|1658114186\n|move|p2a: Melmetal|Haze|p2a: Melmetal\n|-clearallboost\n|move|p1a: Krookodile|Electrify||[still]\n|-fail|p1a: Krookodile\n|\n|upkeep\n|turn|59\n|\n|t:|1658114191\n|move|p2a: Melmetal|Haze|p2a: Melmetal\n|-clearallboost\n|move|p1a: Krookodile|Electrify||[still]\n|-fail|p1a: Krookodile\n|\n|upkeep\n|turn|60\n|\n|t:|1658114193\n|move|p2a: Melmetal|Haze|p2a: Melmetal\n|-clearallboost\n|move|p1a: Krookodile|Electrify||[still]\n|-fail|p1a: Krookodile\n|\n|upkeep\n|turn|61\n|\n|t:|1658114194\n|move|p2a: Melmetal|Haze|p2a: Melmetal\n|-clearallboost\n|move|p1a: Krookodile|Electrify||[still]\n|-fail|p1a: Krookodile\n|\n|upkeep\n|turn|62\n|\n|t:|1658114198\n|move|p2a: Melmetal|Haze|p2a: Melmetal\n|-clearallboost\n|move|p1a: Krookodile|Electrify||[still]\n|-fail|p1a: Krookodile\n|\n|upkeep\n|turn|63\n|\n|t:|1658114199\n|move|p2a: Melmetal|Haze|p2a: Melmetal\n|-clearallboost\n|move|p1a: Krookodile|Electrify||[still]\n|-fail|p1a: Krookodile\n|\n|upkeep\n|turn|64\n|\n|t:|1658114201\n|move|p2a: Melmetal|Haze|p2a: Melmetal\n|-clearallboost\n|move|p1a: Krookodile|Electrify||[still]\n|-fail|p1a: Krookodile\n|-enditem|p1a: Krookodile|Leppa Berry|[eat]\n|-activate|p1a: Krookodile|item: Leppa Berry|Electrify|[consumed]\n|\n|upkeep\n|turn|65\n|\n|t:|1658114205\n|move|p2a: Melmetal|Haze|p2a: Melmetal\n|-clearallboost\n|move|p1a: Krookodile|Electrify||[still]\n|-fail|p1a: Krookodile\n|\n|upkeep\n|turn|66\n|\n|t:|1658114207\n|move|p2a: Melmetal|Haze|p2a: Melmetal\n|-clearallboost\n|move|p1a: Krookodile|Electrify||[still]\n|-fail|p1a: Krookodile\n|\n|upkeep\n|turn|67\n|\n|t:|1658114208\n|move|p2a: Melmetal|Haze|p2a: Melmetal\n|-clearallboost\n|move|p1a: Krookodile|Electrify||[still]\n|-fail|p1a: Krookodile\n|\n|upkeep\n|turn|68\n|\n|t:|1658114217\n|move|p2a: Melmetal|Haze|p2a: Melmetal\n|-clearallboost\n|move|p1a: Krookodile|Electrify||[still]\n|-fail|p1a: Krookodile\n|\n|-item|p1a: Krookodile|Leppa Berry|[from] ability: Harvest\n|upkeep\n|turn|69\n|\n|t:|1658114221\n|move|p2a: Melmetal|Parting Shot|p1a: Krookodile\n|-hint|Since gen 7, Dark is immune to Prankster moves.\n|-immune|p1a: Krookodile\n|move|p1a: Krookodile|Electrify||[still]\n|-fail|p1a: Krookodile\n|\n|upkeep\n|turn|70\n|\n|t:|1658114224\n|move|p2a: Melmetal|Parting Shot|p1a: Krookodile\n|-hint|Since gen 7, Dark is immune to Prankster moves.\n|-immune|p1a: Krookodile\n|move|p1a: Krookodile|Electrify||[still]\n|-fail|p1a: Krookodile\n|\n|upkeep\n|turn|71\n|\n|t:|1658114226\n|move|p2a: Melmetal|Parting Shot|p1a: Krookodile\n|-hint|Since gen 7, Dark is immune to Prankster moves.\n|-immune|p1a: Krookodile\n|move|p1a: Krookodile|Electrify||[still]\n|-fail|p1a: Krookodile\n|\n|upkeep\n|turn|72\n|\n|t:|1658114228\n|move|p2a: Melmetal|Recover||[still]\n|-fail|p2a: Melmetal|heal\n|move|p1a: Krookodile|Electrify||[still]\n|-fail|p1a: Krookodile\n|\n|upkeep\n|turn|73\n|\n|t:|1658114230\n|move|p1a: Krookodile|Electrify|p2a: Melmetal\n|-singleturn|p2a: Melmetal|move: Electrify\n|move|p2a: Melmetal|Anchor Shot|p1a: Krookodile\n|-immune|p1a: Krookodile\n|\n|upkeep\n|turn|74\n|\n|t:|1658114231\n|move|p2a: Melmetal|Haze|p2a: Melmetal\n|-clearallboost\n|move|p1a: Krookodile|Electrify||[still]\n|-fail|p1a: Krookodile\n|-enditem|p1a: Krookodile|Leppa Berry|[eat]\n|-activate|p1a: Krookodile|item: Leppa Berry|Electrify|[consumed]\n|\n|upkeep\n|turn|75\n|\n|t:|1658114233\n|move|p2a: Melmetal|Recover||[still]\n|-fail|p2a: Melmetal|heal\n|move|p1a: Krookodile|Electrify||[still]\n|-fail|p1a: Krookodile\n|\n|upkeep\n|turn|76\n|\n|t:|1658114237\n|move|p2a: Melmetal|Parting Shot|p1a: Krookodile\n|-hint|Since gen 7, Dark is immune to Prankster moves.\n|-immune|p1a: Krookodile\n|move|p1a: Krookodile|Electrify||[still]\n|-fail|p1a: Krookodile\n|\n|upkeep\n|turn|77\n|\n|t:|1658114239\n|move|p2a: Melmetal|Recover||[still]\n|-fail|p2a: Melmetal|heal\n|move|p1a: Krookodile|Electrify||[still]\n|-fail|p1a: Krookodile\n|\n|upkeep\n|turn|78\n|\n|t:|1658114240\n|move|p2a: Melmetal|Recover||[still]\n|-fail|p2a: Melmetal|heal\n|move|p1a: Krookodile|Electrify||[still]\n|-fail|p1a: Krookodile\n|\n|-item|p1a: Krookodile|Leppa Berry|[from] ability: Harvest\n|upkeep\n|turn|79\n|\n|t:|1658114243\n|move|p2a: Melmetal|Parting Shot|p1a: Krookodile\n|-hint|Since gen 7, Dark is immune to Prankster moves.\n|-immune|p1a: Krookodile\n|move|p1a: Krookodile|Electrify||[still]\n|-fail|p1a: Krookodile\n|\n|upkeep\n|turn|80\n|\n|t:|1658114245\n|move|p2a: Melmetal|Recover||[still]\n|-fail|p2a: Melmetal|heal\n|move|p1a: Krookodile|Electrify||[still]\n|-fail|p1a: Krookodile\n|\n|upkeep\n|turn|81\n|\n|t:|1658114246\n|move|p2a: Melmetal|Parting Shot|p1a: Krookodile\n|-hint|Since gen 7, Dark is immune to Prankster moves.\n|-immune|p1a: Krookodile\n|move|p1a: Krookodile|Electrify||[still]\n|-fail|p1a: Krookodile\n|\n|upkeep\n|turn|82\n|\n|t:|1658114248\n|move|p2a: Melmetal|Recover||[still]\n|-fail|p2a: Melmetal|heal\n|move|p1a: Krookodile|Electrify||[still]\n|-fail|p1a: Krookodile\n|\n|upkeep\n|turn|83\n|\n|t:|1658114249\n|move|p2a: Melmetal|Parting Shot|p1a: Krookodile\n|-hint|Since gen 7, Dark is immune to Prankster moves.\n|-immune|p1a: Krookodile\n|move|p1a: Krookodile|Electrify||[still]\n|-fail|p1a: Krookodile\n|\n|upkeep\n|turn|84\n|\n|t:|1658114251\n|move|p2a: Melmetal|Recover||[still]\n|-fail|p2a: Melmetal|heal\n|move|p1a: Krookodile|Electrify||[still]\n|-fail|p1a: Krookodile\n|-enditem|p1a: Krookodile|Leppa Berry|[eat]\n|-activate|p1a: Krookodile|item: Leppa Berry|Electrify|[consumed]\n|\n|upkeep\n|turn|85\n|\n|t:|1658114252\n|move|p2a: Melmetal|Parting Shot|p1a: Krookodile\n|-hint|Since gen 7, Dark is immune to Prankster moves.\n|-immune|p1a: Krookodile\n|move|p1a: Krookodile|Electrify||[still]\n|-fail|p1a: Krookodile\n|\n|upkeep\n|turn|86\n|\n|t:|1658114254\n|move|p2a: Melmetal|Recover||[still]\n|-fail|p2a: Melmetal|heal\n|move|p1a: Krookodile|Electrify||[still]\n|-fail|p1a: Krookodile\n|\n|upkeep\n|turn|87\n|\n|t:|1658114256\n|move|p2a: Melmetal|Parting Shot|p1a: Krookodile\n|-hint|Since gen 7, Dark is immune to Prankster moves.\n|-immune|p1a: Krookodile\n|move|p1a: Krookodile|Electrify||[still]\n|-fail|p1a: Krookodile\n|\n|upkeep\n|turn|88\n|\n|t:|1658114258\n|move|p2a: Melmetal|Parting Shot|p1a: Krookodile\n|-hint|Since gen 7, Dark is immune to Prankster moves.\n|-immune|p1a: Krookodile\n|move|p1a: Krookodile|Electrify||[still]\n|-fail|p1a: Krookodile\n|\n|upkeep\n|turn|89\n|\n|t:|1658114260\n|move|p2a: Melmetal|Recover||[still]\n|-fail|p2a: Melmetal|heal\n|move|p1a: Krookodile|Electrify||[still]\n|-fail|p1a: Krookodile\n|\n|upkeep\n|turn|90\n|\n|t:|1658114261\n|move|p2a: Melmetal|Parting Shot|p1a: Krookodile\n|-hint|Since gen 7, Dark is immune to Prankster moves.\n|-immune|p1a: Krookodile\n|move|p1a: Krookodile|Electrify||[still]\n|-fail|p1a: Krookodile\n|\n|upkeep\n|turn|91\n|\n|t:|1658114263\n|move|p2a: Melmetal|Recover||[still]\n|-fail|p2a: Melmetal|heal\n|move|p1a: Krookodile|Electrify||[still]\n|-fail|p1a: Krookodile\n|\n|upkeep\n|turn|92\n|\n|t:|1658114264\n|move|p2a: Melmetal|Recover||[still]\n|-fail|p2a: Melmetal|heal\n|move|p1a: Krookodile|Electrify||[still]\n|-fail|p1a: Krookodile\n|\n|-item|p1a: Krookodile|Leppa Berry|[from] ability: Harvest\n|upkeep\n|turn|93\n|\n|t:|1658114265\n|move|p2a: Melmetal|Recover||[still]\n|-fail|p2a: Melmetal|heal\n|move|p1a: Krookodile|Electrify||[still]\n|-fail|p1a: Krookodile\n|\n|upkeep\n|turn|94\n|\n|t:|1658114267\n|move|p2a: Melmetal|Haze|p2a: Melmetal\n|-clearallboost\n|move|p1a: Krookodile|Electrify||[still]\n|-fail|p1a: Krookodile\n|-enditem|p1a: Krookodile|Leppa Berry|[eat]\n|-activate|p1a: Krookodile|item: Leppa Berry|Electrify|[consumed]\n|\n|-item|p1a: Krookodile|Leppa Berry|[from] ability: Harvest\n|upkeep\n|turn|95\n|\n|t:|1658114268\n|move|p2a: Melmetal|Haze|p2a: Melmetal\n|-clearallboost\n|move|p1a: Krookodile|Electrify||[still]\n|-fail|p1a: Krookodile\n|\n|upkeep\n|turn|96\n|\n|t:|1658114270\n|move|p1a: Krookodile|Electrify|p2a: Melmetal\n|-singleturn|p2a: Melmetal|move: Electrify\n|move|p2a: Melmetal|Anchor Shot|p1a: Krookodile\n|-immune|p1a: Krookodile\n|\n|upkeep\n|turn|97\n|\n|t:|1658114274\n|move|p2a: Melmetal|Haze|p2a: Melmetal\n|-clearallboost\n|move|p1a: Krookodile|Electrify||[still]\n|-fail|p1a: Krookodile\n|\n|upkeep\n|turn|98\n|\n|t:|1658114278\n|move|p2a: Melmetal|Haze|p2a: Melmetal\n|-clearallboost\n|move|p1a: Krookodile|Electrify||[still]\n|-fail|p1a: Krookodile\n|\n|upkeep\n|turn|99\n|\n|t:|1658114279\n|move|p2a: Melmetal|Haze|p2a: Melmetal\n|-clearallboost\n|move|p1a: Krookodile|Electrify||[still]\n|-fail|p1a: Krookodile\n|\n|upkeep\n|turn|100\n|\n|t:|1658114282\n|move|p1a: Krookodile|Electrify|p2a: Melmetal\n|-singleturn|p2a: Melmetal|move: Electrify\n|move|p2a: Melmetal|Anchor Shot|p1a: Krookodile\n|-immune|p1a: Krookodile\n|\n|upkeep\n|turn|101\n|\n|t:|1658114284\n|move|p1a: Krookodile|Electrify|p2a: Melmetal\n|-singleturn|p2a: Melmetal|move: Electrify\n|move|p2a: Melmetal|Anchor Shot|p1a: Krookodile\n|-immune|p1a: Krookodile\n|\n|upkeep\n|turn|102\n|\n|t:|1658114286\n|move|p1a: Krookodile|Electrify|p2a: Melmetal\n|-singleturn|p2a: Melmetal|move: Electrify\n|move|p2a: Melmetal|Anchor Shot|p1a: Krookodile\n|-immune|p1a: Krookodile\n|\n|upkeep\n|turn|103\n|\n|t:|1658114290\n|move|p1a: Krookodile|Electrify|p2a: Melmetal\n|-singleturn|p2a: Melmetal|move: Electrify\n|move|p2a: Melmetal|Anchor Shot|p1a: Krookodile\n|-immune|p1a: Krookodile\n|\n|upkeep\n|turn|104\n|\n|t:|1658114303\n|move|p1a: Krookodile|Electrify|p2a: Melmetal\n|-singleturn|p2a: Melmetal|move: Electrify\n|-enditem|p1a: Krookodile|Leppa Berry|[eat]\n|-activate|p1a: Krookodile|item: Leppa Berry|Electrify|[consumed]\n|move|p2a: Melmetal|Anchor Shot|p1a: Krookodile\n|-immune|p1a: Krookodile\n|\n|-item|p1a: Krookodile|Leppa Berry|[from] ability: Harvest\n|upkeep\n|turn|105\n|\n|t:|1658114309\n|move|p1a: Krookodile|Electrify|p2a: Melmetal\n|-singleturn|p2a: Melmetal|move: Electrify\n|move|p2a: Melmetal|Anchor Shot|p1a: Krookodile\n|-immune|p1a: Krookodile\n|\n|upkeep\n|turn|106\n|\n|t:|1658114313\n|move|p1a: Krookodile|Electrify|p2a: Melmetal\n|-singleturn|p2a: Melmetal|move: Electrify\n|move|p2a: Melmetal|Anchor Shot|p1a: Krookodile\n|-immune|p1a: Krookodile\n|\n|upkeep\n|turn|107\n|\n|t:|1658114316\n|move|p1a: Krookodile|Electrify|p2a: Melmetal\n|-singleturn|p2a: Melmetal|move: Electrify\n|move|p2a: Melmetal|Anchor Shot|p1a: Krookodile\n|-immune|p1a: Krookodile\n|\n|upkeep\n|turn|108\n|\n|t:|1658114318\n|move|p1a: Krookodile|Electrify|p2a: Melmetal\n|-singleturn|p2a: Melmetal|move: Electrify\n|move|p2a: Melmetal|Anchor Shot|p1a: Krookodile\n|-immune|p1a: Krookodile\n|\n|upkeep\n|turn|109\n|\n|t:|1658114319\n|move|p1a: Krookodile|Electrify|p2a: Melmetal\n|-singleturn|p2a: Melmetal|move: Electrify\n|move|p2a: Melmetal|Anchor Shot|p1a: Krookodile\n|-immune|p1a: Krookodile\n|\n|upkeep\n|turn|110\n|\n|t:|1658114322\n|move|p1a: Krookodile|Electrify|p2a: Melmetal\n|-singleturn|p2a: Melmetal|move: Electrify\n|move|p2a: Melmetal|Anchor Shot|p1a: Krookodile\n|-immune|p1a: Krookodile\n|\n|upkeep\n|turn|111\n|\n|t:|1658114323\n|move|p1a: Krookodile|Electrify|p2a: Melmetal\n|-singleturn|p2a: Melmetal|move: Electrify\n|move|p2a: Melmetal|Anchor Shot|p1a: Krookodile\n|-immune|p1a: Krookodile\n|\n|upkeep\n|turn|112\n|\n|t:|1658114325\n|move|p1a: Krookodile|Electrify|p2a: Melmetal\n|-singleturn|p2a: Melmetal|move: Electrify\n|move|p2a: Melmetal|Anchor Shot|p1a: Krookodile\n|-immune|p1a: Krookodile\n|\n|upkeep\n|turn|113\n|\n|t:|1658114326\n|move|p1a: Krookodile|Electrify|p2a: Melmetal\n|-singleturn|p2a: Melmetal|move: Electrify\n|move|p2a: Melmetal|Anchor Shot|p1a: Krookodile\n|-immune|p1a: Krookodile\n|\n|upkeep\n|turn|114\n|\n|t:|1658114329\n|move|p2a: Melmetal|Haze|p2a: Melmetal\n|-clearallboost\n|move|p1a: Krookodile|Electrify||[still]\n|-fail|p1a: Krookodile\n|-enditem|p1a: Krookodile|Leppa Berry|[eat]\n|-activate|p1a: Krookodile|item: Leppa Berry|Electrify|[consumed]\n|\n|-item|p1a: Krookodile|Leppa Berry|[from] ability: Harvest\n|upkeep\n|turn|115\n|\n|t:|1658114341\n|move|p2a: Melmetal|Haze|p2a: Melmetal\n|-clearallboost\n|move|p1a: Krookodile|Electrify||[still]\n|-fail|p1a: Krookodile\n|\n|upkeep\n|turn|116\n|\n|t:|1658114346\n|move|p2a: Melmetal|Haze|p2a: Melmetal\n|-clearallboost\n|move|p1a: Krookodile|Electrify||[still]\n|-fail|p1a: Krookodile\n|\n|upkeep\n|turn|117\n|\n|t:|1658114350\n|move|p2a: Melmetal|Haze|p2a: Melmetal\n|-clearallboost\n|move|p1a: Krookodile|Jaw Lock|p2a: Melmetal\n|-damage|p2a: Melmetal|84\/100\n|\n|-heal|p2a: Melmetal|91\/100|[from] item: Leftovers\n|upkeep\n|turn|118\n|\n|t:|1658114353\n|move|p2a: Melmetal|Haze|p2a: Melmetal\n|-clearallboost\n|move|p1a: Krookodile|Electrify||[still]\n|-fail|p1a: Krookodile\n|\n|-heal|p2a: Melmetal|97\/100|[from] item: Leftovers\n|upkeep\n|turn|119\n|\n|t:|1658114355\n|move|p2a: Melmetal|Haze|p2a: Melmetal\n|-clearallboost\n|move|p1a: Krookodile|Jaw Lock|p2a: Melmetal\n|-damage|p2a: Melmetal|81\/100\n|\n|-heal|p2a: Melmetal|87\/100|[from] item: Leftovers\n|upkeep\n|turn|120\n|\n|t:|1658114358\n|move|p2a: Melmetal|Haze|p2a: Melmetal\n|-clearallboost\n|move|p1a: Krookodile|Electrify||[still]\n|-fail|p1a: Krookodile\n|\n|-heal|p2a: Melmetal|93\/100|[from] item: Leftovers\n|upkeep\n|turn|121\n|\n|t:|1658114361\n|move|p2a: Melmetal|Haze|p2a: Melmetal\n|-clearallboost\n|move|p1a: Krookodile|Jaw Lock|p2a: Melmetal\n|-damage|p2a: Melmetal|78\/100\n|\n|-heal|p2a: Melmetal|84\/100|[from] item: Leftovers\n|upkeep\n|turn|122\n|\n|t:|1658114363\n|move|p2a: Melmetal|Haze|p2a: Melmetal\n|-clearallboost\n|move|p1a: Krookodile|Electrify||[still]\n|-fail|p1a: Krookodile\n|\n|-heal|p2a: Melmetal|90\/100|[from] item: Leftovers\n|upkeep\n|turn|123\n|\n|t:|1658114365\n|move|p2a: Melmetal|Haze|p2a: Melmetal\n|-clearallboost\n|move|p1a: Krookodile|Jaw Lock|p2a: Melmetal\n|-damage|p2a: Melmetal|74\/100\n|\n|-heal|p2a: Melmetal|80\/100|[from] item: Leftovers\n|upkeep\n|turn|124\n|\n|t:|1658114367\n|move|p2a: Melmetal|Haze|p2a: Melmetal\n|-clearallboost\n|move|p1a: Krookodile|Jaw Lock|p2a: Melmetal\n|-damage|p2a: Melmetal|65\/100\n|\n|-heal|p2a: Melmetal|71\/100|[from] item: Leftovers\n|upkeep\n|turn|125\n|\n|t:|1658114369\n|move|p2a: Melmetal|Haze|p2a: Melmetal\n|-clearallboost\n|move|p1a: Krookodile|Electrify||[still]\n|-fail|p1a: Krookodile\n|\n|-heal|p2a: Melmetal|77\/100|[from] item: Leftovers\n|upkeep\n|turn|126\n|\n|t:|1658114372\n|move|p2a: Melmetal|Haze|p2a: Melmetal\n|-clearallboost\n|move|p1a: Krookodile|Electrify||[still]\n|-fail|p1a: Krookodile\n|\n|-heal|p2a: Melmetal|83\/100|[from] item: Leftovers\n|upkeep\n|turn|127\n|\n|t:|1658114374\n|move|p2a: Melmetal|Haze|p2a: Melmetal\n|-clearallboost\n|move|p1a: Krookodile|Electrify||[still]\n|-fail|p1a: Krookodile\n|\n|-heal|p2a: Melmetal|89\/100|[from] item: Leftovers\n|upkeep\n|turn|128\n|\n|t:|1658114376\n|move|p2a: Melmetal|Haze|p2a: Melmetal\n|-clearallboost\n|move|p1a: Krookodile|Electrify||[still]\n|-fail|p1a: Krookodile\n|\n|-heal|p2a: Melmetal|95\/100|[from] item: Leftovers\n|upkeep\n|turn|129\n|\n|t:|1658114378\n|move|p2a: Melmetal|Haze|p2a: Melmetal\n|-clearallboost\n|move|p1a: Krookodile|Electrify||[still]\n|-fail|p1a: Krookodile\n|-enditem|p1a: Krookodile|Leppa Berry|[eat]\n|-activate|p1a: Krookodile|item: Leppa Berry|Electrify|[consumed]\n|\n|-heal|p2a: Melmetal|100\/100|[from] item: Leftovers\n|upkeep\n|turn|130\n|\n|t:|1658114384\n|move|p2a: Melmetal|Haze|p2a: Melmetal\n|-clearallboost\n|move|p1a: Krookodile|Jaw Lock|p2a: Melmetal\n|-damage|p2a: Melmetal|86\/100\n|\n|-heal|p2a: Melmetal|92\/100|[from] item: Leftovers\n|upkeep\n|turn|131\n|\n|t:|1658114387\n|move|p2a: Melmetal|Haze|p2a: Melmetal\n|-clearallboost\n|move|p1a: Krookodile|Electrify||[still]\n|-fail|p1a: Krookodile\n|\n|-heal|p2a: Melmetal|98\/100|[from] item: Leftovers\n|upkeep\n|turn|132\n|\n|t:|1658114389\n|move|p2a: Melmetal|Haze|p2a: Melmetal\n|-clearallboost\n|move|p1a: Krookodile|Jaw Lock|p2a: Melmetal\n|-damage|p2a: Melmetal|83\/100\n|\n|-heal|p2a: Melmetal|89\/100|[from] item: Leftovers\n|upkeep\n|turn|133\n|\n|t:|1658114391\n|move|p2a: Melmetal|Haze|p2a: Melmetal\n|-clearallboost\n|move|p1a: Krookodile|Electrify||[still]\n|-fail|p1a: Krookodile\n|\n|-heal|p2a: Melmetal|95\/100|[from] item: Leftovers\n|-item|p1a: Krookodile|Leppa Berry|[from] ability: Harvest\n|upkeep\n|turn|134\n|\n|t:|1658114396\n|move|p2a: Melmetal|Haze|p2a: Melmetal\n|-clearallboost\n|move|p1a: Krookodile|Electrify||[still]\n|-fail|p1a: Krookodile\n|\n|-heal|p2a: Melmetal|100\/100|[from] item: Leftovers\n|upkeep\n|turn|135\n|\n|t:|1658114399\n|move|p2a: Melmetal|Haze|p2a: Melmetal\n|-clearallboost\n|move|p1a: Krookodile|No Retreat|p1a: Krookodile\n|-boost|p1a: Krookodile|atk|1\n|-boost|p1a: Krookodile|def|1\n|-boost|p1a: Krookodile|spa|1\n|-boost|p1a: Krookodile|spd|1\n|-boost|p1a: Krookodile|spe|1\n|\n|upkeep\n|turn|136\n|\n|t:|1658114405\n|move|p1a: Krookodile|No Retreat|p1a: Krookodile\n|-boost|p1a: Krookodile|atk|1\n|-boost|p1a: Krookodile|def|1\n|-boost|p1a: Krookodile|spa|1\n|-boost|p1a: Krookodile|spd|1\n|-boost|p1a: Krookodile|spe|1\n|-activate|p2a: Melmetal|move: Struggle\n|move|p2a: Melmetal|Struggle|p1a: Krookodile\n|-activate|p1a: Krookodile|move: Substitute|[damage]\n|-damage|p2a: Melmetal|75\/100|[from] recoil\n|\n|-heal|p2a: Melmetal|82\/100|[from] item: Leftovers\n|upkeep\n|turn|137\n|\n|t:|1658114412\n|move|p1a: Krookodile|No Retreat|p1a: Krookodile\n|-boost|p1a: Krookodile|atk|1\n|-boost|p1a: Krookodile|def|1\n|-boost|p1a: Krookodile|spa|1\n|-boost|p1a: Krookodile|spd|1\n|-boost|p1a: Krookodile|spe|1\n|-activate|p2a: Melmetal|move: Struggle\n|move|p2a: Melmetal|Struggle|p1a: Krookodile\n|-activate|p1a: Krookodile|move: Substitute|[damage]\n|-damage|p2a: Melmetal|56\/100|[from] recoil\n|\n|-heal|p2a: Melmetal|63\/100|[from] item: Leftovers\n|upkeep\n|turn|138\n|\n|t:|1658114419\n|move|p1a: Krookodile|No Retreat|p1a: Krookodile\n|-boost|p1a: Krookodile|atk|1\n|-boost|p1a: Krookodile|def|1\n|-boost|p1a: Krookodile|spa|1\n|-boost|p1a: Krookodile|spd|1\n|-boost|p1a: Krookodile|spe|1\n|-activate|p2a: Melmetal|move: Struggle\n|move|p2a: Melmetal|Struggle|p1a: Krookodile\n|-end|p1a: Krookodile|Substitute\n|-damage|p2a: Melmetal|37\/100|[from] recoil\n|\n|-heal|p2a: Melmetal|44\/100|[from] item: Leftovers\n|upkeep\n|turn|139\n|\n|t:|1658114424\n|move|p1a: Krookodile|Baton Pass|p1a: Krookodile\n|\n|t:|1658114433\n|switch|p1a: Zacian|Zacian|47\/100|[from]move: Baton Pass\n|-activate|p2a: Melmetal|move: Struggle\n|move|p2a: Melmetal|Struggle|p1a: Zacian\n|-damage|p1a: Zacian|42\/100\n|-damage|p2a: Melmetal|18\/100|[from] recoil\n|\n|-heal|p1a: Zacian|48\/100|[from] item: Leftovers\n|-heal|p2a: Melmetal|25\/100|[from] item: Leftovers\n|-heal|p1a: Zacian|54\/100|[from] Ingrain\n|upkeep\n|turn|140\n|\n|t:|1658114436\n|move|p1a: Zacian|Substitute|p1a: Zacian\n|-start|p1a: Zacian|Substitute\n|-damage|p1a: Zacian|29\/100\n|-activate|p2a: Melmetal|move: Struggle\n|move|p2a: Melmetal|Struggle|p1a: Zacian\n|-activate|p1a: Zacian|move: Substitute|[damage]\n|-damage|p2a: Melmetal|0 fnt|[from] recoil\n|faint|p2a: Melmetal\n|\n|-heal|p1a: Zacian|36\/100|[from] item: Leftovers\n|-heal|p1a: Zacian|42\/100|[from] Ingrain\n|upkeep\n|\n|t:|1658114441\n|switch|p2a: Xerneas|Xerneas|100\/100\n|turn|141\n|\n|t:|1658114448\n|move|p1a: Zacian|Taunt|p2a: Xerneas\n|-start|p2a: Xerneas|move: Taunt\n|move|p2a: Xerneas|Boomburst|p1a: Zacian\n|-damage|p1a: Zacian|18\/100\n|\n|-heal|p1a: Zacian|24\/100|[from] item: Leftovers\n|-heal|p1a: Zacian|30\/100|[from] Ingrain\n|upkeep\n|turn|142\n|\n|t:|1658114455\n|move|p1a: Zacian|Baton Pass|p1a: Zacian\n|\n|t:|1658114465\n|switch|p1a: Melmetal|Melmetal|100\/100|[from]move: Baton Pass\n|move|p2a: Xerneas|Volt Switch|p1a: Melmetal\n|-activate|p1a: Melmetal|move: Substitute|[damage]\n|\n|t:|1658114468\n|switch|p2a: Eternatus|Eternatus|100\/100|[from]move: Volt Switch\n|\n|upkeep\n|turn|143\n|\n|t:|1658114470\n|move|p2a: Eternatus|Spectral Thief||[still]\n|-clearpositiveboost|p1a: Melmetal|p2a: Eternatus|move: Spectral Thief\n|-boost|p2a: Eternatus|atk|4\n|-boost|p2a: Eternatus|def|4\n|-boost|p2a: Eternatus|spa|4\n|-boost|p2a: Eternatus|spd|4\n|-boost|p2a: Eternatus|spe|4\n|-anim|p2a: Eternatus|Spectral Thief|p1a: Melmetal\n|-damage|p1a: Melmetal|77\/100\n|move|p1a: Melmetal|Baton Pass|p1a: Melmetal\n|\n|t:|1658114484\n|switch|p1a: Blissey|Blissey, F|100\/100|[from]move: Baton Pass\n|\n|upkeep\n|turn|144\n|\n|t:|1658114488\n|switch|p2a: Regigigas|Regigigas|100\/100 tox\n|move|p1a: Blissey|Wish|p1a: Blissey\n|\n|upkeep\n|turn|145\n|\n|t:|1658114492\n|move|p1a: Blissey|Baton Pass|p1a: Blissey\n|\n|t:|1658114496\n|switch|p1a: Zacian|Zacian|30\/100|[from]move: Baton Pass\n|move|p2a: Regigigas|Dragon Dance|p2a: Regigigas\n|-boost|p2a: Regigigas|atk|1\n|-boost|p2a: Regigigas|spe|1\n|\n|-heal|p1a: Zacian|100\/100|[from] move: Wish|[wisher] Blissey\n|upkeep\n|turn|146\n|\n|t:|1658114501\n|move|p1a: Zacian|Clangorous Soul|p1a: Zacian\n|-boost|p1a: Zacian|atk|1\n|-boost|p1a: Zacian|def|1\n|-boost|p1a: Zacian|spa|1\n|-boost|p1a: Zacian|spd|1\n|-boost|p1a: Zacian|spe|1\n|-damage|p1a: Zacian|68\/100\n|move|p2a: Regigigas|Facade|p1a: Zacian\n|-end|p1a: Zacian|Substitute\n|\n|-heal|p1a: Zacian|74\/100|[from] item: Leftovers\n|-heal|p1a: Zacian|80\/100|[from] Ingrain\n|upkeep\n|turn|147\n|\n|t:|1658114506\n|move|p1a: Zacian|Substitute|p1a: Zacian\n|-start|p1a: Zacian|Substitute\n|-damage|p1a: Zacian|55\/100\n|move|p2a: Regigigas|Facade|p1a: Zacian\n|-end|p1a: Zacian|Substitute\n|\n|-heal|p1a: Zacian|61\/100|[from] item: Leftovers\n|-heal|p1a: Zacian|67\/100|[from] Ingrain\n|upkeep\n|turn|148\n|\n|t:|1658114510\n|move|p1a: Zacian|Baton Pass|p1a: Zacian\n|\n|t:|1658114512\n|switch|p1a: Zygarde|Zygarde-Complete|88\/100|[from]move: Baton Pass\n|move|p2a: Regigigas|Facade|p1a: Zygarde\n|-damage|p1a: Zygarde|70\/100\n|\n|-heal|p1a: Zygarde|76\/100|[from] Ingrain\n|upkeep\n|turn|149\n|\n|t:|1658114516\n|move|p2a: Regigigas|Knock Off|p1a: Zygarde\n|-damage|p1a: Zygarde|67\/100\n|-enditem|p1a: Zygarde|Heavy-Duty Boots|[from] move: Knock Off|[of] p2a: Regigigas\n|move|p1a: Zygarde|Substitute|p1a: Zygarde\n|-start|p1a: Zygarde|Substitute\n|-damage|p1a: Zygarde|42\/100\n|\n|-heal|p1a: Zygarde|48\/100|[from] Ingrain\n|upkeep\n|turn|150\n|\n|t:|1658114519\n|move|p2a: Regigigas|Dragon Dance|p2a: Regigigas\n|-boost|p2a: Regigigas|atk|1\n|-boost|p2a: Regigigas|spe|1\n|move|p1a: Zygarde|Strength Sap|p2a: Regigigas\n|-unboost|p2a: Regigigas|atk|1\n|-heal|p1a: Zygarde|100\/100\n|\n|upkeep\n|turn|151\n|\n|t:|1658114523\n|move|p2a: Regigigas|Dragon Dance|p2a: Regigigas\n|-boost|p2a: Regigigas|atk|1\n|-boost|p2a: Regigigas|spe|1\n|move|p1a: Zygarde|Rapid Spin|p2a: Regigigas\n|-damage|p2a: Regigigas|87\/100 tox\n|-boost|p1a: Zygarde|spe|1\n|\n|-heal|p2a: Regigigas|99\/100 tox|[from] ability: Poison Heal\n|upkeep\n|turn|152\n|\n|t:|1658114532\n|move|p2a: Regigigas|Dragon Dance|p2a: Regigigas\n|-boost|p2a: Regigigas|atk|1\n|-boost|p2a: Regigigas|spe|1\n|move|p1a: Zygarde|Rapid Spin|p2a: Regigigas\n|-damage|p2a: Regigigas|87\/100 tox\n|-boost|p1a: Zygarde|spe|1\n|\n|-heal|p2a: Regigigas|99\/100 tox|[from] ability: Poison Heal\n|upkeep\n|turn|153\n|\n|t:|1658114538\n|move|p2a: Regigigas|Dragon Dance|p2a: Regigigas\n|-boost|p2a: Regigigas|atk|1\n|-boost|p2a: Regigigas|spe|1\n|move|p1a: Zygarde|Rapid Spin|p2a: Regigigas\n|-damage|p2a: Regigigas|87\/100 tox\n|-boost|p1a: Zygarde|spe|1\n|\n|-heal|p2a: Regigigas|99\/100 tox|[from] ability: Poison Heal\n|upkeep\n|turn|154\n|\n|t:|1658114540\n|move|p2a: Regigigas|Dragon Dance|p2a: Regigigas\n|-boost|p2a: Regigigas|atk|1\n|-boost|p2a: Regigigas|spe|1\n|move|p1a: Zygarde|Rapid Spin|p2a: Regigigas\n|-damage|p2a: Regigigas|87\/100 tox\n|-boost|p1a: Zygarde|spe|1\n|\n|-heal|p2a: Regigigas|99\/100 tox|[from] ability: Poison Heal\n|upkeep\n|turn|155\n|\n|t:|1658114541\n|move|p2a: Regigigas|Facade|p1a: Zygarde\n|-end|p1a: Zygarde|Substitute\n|move|p1a: Zygarde|Rapid Spin|p2a: Regigigas\n|-crit|p2a: Regigigas\n|-damage|p2a: Regigigas|81\/100 tox\n|-boost|p1a: Zygarde|spe|1\n|\n|-heal|p2a: Regigigas|93\/100 tox|[from] ability: Poison Heal\n|upkeep\n|turn|156\n|\n|t:|1658114544\n|move|p2a: Regigigas|Facade|p1a: Zygarde\n|-damage|p1a: Zygarde|57\/100\n|move|p1a: Zygarde|Substitute|p1a: Zygarde\n|-start|p1a: Zygarde|Substitute\n|-damage|p1a: Zygarde|32\/100\n|\n|-heal|p1a: Zygarde|39\/100|[from] Ingrain\n|-heal|p2a: Regigigas|100\/100 tox|[from] ability: Poison Heal\n|upkeep\n|turn|157\n|\n|t:|1658114549\n|move|p2a: Regigigas|Dragon Dance|p2a: Regigigas\n|-boost|p2a: Regigigas|atk|1\n|-boost|p2a: Regigigas|spe|0\n|move|p1a: Zygarde|Strength Sap|p2a: Regigigas\n|-unboost|p2a: Regigigas|atk|1\n|-heal|p1a: Zygarde|100\/100\n|\n|upkeep\n|turn|158\n|\n|t:|1658114557\n|move|p2a: Regigigas|Facade|p1a: Zygarde\n|-end|p1a: Zygarde|Substitute\n|move|p1a: Zygarde|Rapid Spin|p2a: Regigigas\n|-damage|p2a: Regigigas|88\/100 tox\n|\n|-heal|p2a: Regigigas|99\/100 tox|[from] ability: Poison Heal\n|upkeep\n|turn|159\n|\n|t:|1658114561\n|move|p2a: Regigigas|Dragon Dance|p2a: Regigigas\n|-boost|p2a: Regigigas|atk|1\n|-boost|p2a: Regigigas|spe|0\n|move|p1a: Zygarde|Substitute|p1a: Zygarde\n|-start|p1a: Zygarde|Substitute\n|-damage|p1a: Zygarde|76\/100\n|\n|-heal|p1a: Zygarde|82\/100|[from] Ingrain\n|-heal|p2a: Regigigas|100\/100 tox|[from] ability: Poison Heal\n|upkeep\n|turn|160\n|\n|t:|1658114564\n|move|p2a: Regigigas|Facade|p1a: Zygarde\n|-end|p1a: Zygarde|Substitute\n|move|p1a: Zygarde|Rapid Spin|p2a: Regigigas\n|-damage|p2a: Regigigas|88\/100 tox\n|\n|-heal|p1a: Zygarde|88\/100|[from] Ingrain\n|-heal|p2a: Regigigas|100\/100 tox|[from] ability: Poison Heal\n|upkeep\n|turn|161\n|\n|t:|1658114567\n|move|p2a: Regigigas|Facade|p1a: Zygarde\n|-damage|p1a: Zygarde|45\/100\n|move|p1a: Zygarde|Substitute|p1a: Zygarde\n|-start|p1a: Zygarde|Substitute\n|-damage|p1a: Zygarde|20\/100\n|\n|-heal|p1a: Zygarde|26\/100|[from] Ingrain\n|upkeep\n|turn|162\n|\n|t:|1658114571\n|move|p2a: Regigigas|Facade|p1a: Zygarde\n|-end|p1a: Zygarde|Substitute\n|move|p1a: Zygarde|Strength Sap|p2a: Regigigas\n|-unboost|p2a: Regigigas|atk|1\n|-heal|p1a: Zygarde|100\/100\n|\n|upkeep\n|turn|163\n|\n|t:|1658114573\n|move|p2a: Regigigas|Dragon Dance|p2a: Regigigas\n|-boost|p2a: Regigigas|atk|1\n|-boost|p2a: Regigigas|spe|0\n|move|p1a: Zygarde|Substitute|p1a: Zygarde\n|-start|p1a: Zygarde|Substitute\n|-damage|p1a: Zygarde|76\/100\n|\n|-heal|p1a: Zygarde|82\/100|[from] Ingrain\n|upkeep\n|turn|164\n|\n|t:|1658114577\n|move|p2a: Regigigas|Facade|p1a: Zygarde\n|-end|p1a: Zygarde|Substitute\n|move|p1a: Zygarde|Rapid Spin|p2a: Regigigas\n|-damage|p2a: Regigigas|88\/100 tox\n|\n|-heal|p1a: Zygarde|88\/100|[from] Ingrain\n|-heal|p2a: Regigigas|100\/100 tox|[from] ability: Poison Heal\n|upkeep\n|turn|165\n|\n|t:|1658114581\n|move|p2a: Regigigas|Facade|p1a: Zygarde\n|-damage|p1a: Zygarde|39\/100\n|move|p1a: Zygarde|Substitute|p1a: Zygarde\n|-start|p1a: Zygarde|Substitute\n|-damage|p1a: Zygarde|14\/100\n|\n|-heal|p1a: Zygarde|20\/100|[from] Ingrain\n|upkeep\n|turn|166\n|\n|t:|1658114584\n|move|p2a: Regigigas|Facade|p1a: Zygarde\n|-end|p1a: Zygarde|Substitute\n|move|p1a: Zygarde|Strength Sap|p2a: Regigigas\n|-unboost|p2a: Regigigas|atk|1\n|-heal|p1a: Zygarde|100\/100\n|\n|upkeep\n|turn|167\n|\n|t:|1658114586\n|move|p2a: Regigigas|Dragon Dance|p2a: Regigigas\n|-boost|p2a: Regigigas|atk|1\n|-boost|p2a: Regigigas|spe|0\n|move|p1a: Zygarde|Substitute|p1a: Zygarde\n|-start|p1a: Zygarde|Substitute\n|-damage|p1a: Zygarde|76\/100\n|\n|-heal|p1a: Zygarde|82\/100|[from] Ingrain\n|upkeep\n|turn|168\n|\n|t:|1658114588\n|move|p2a: Regigigas|Precipice Blades|p1a: Zygarde\n|-end|p1a: Zygarde|Substitute\n|move|p1a: Zygarde|Rapid Spin|p2a: Regigigas\n|-damage|p2a: Regigigas|88\/100 tox\n|\n|-heal|p1a: Zygarde|88\/100|[from] Ingrain\n|-heal|p2a: Regigigas|100\/100 tox|[from] ability: Poison Heal\n|upkeep\n|turn|169\n|\n|t:|1658114591\n|move|p2a: Regigigas|Knock Off|p1a: Zygarde\n|-damage|p1a: Zygarde|73\/100\n|move|p1a: Zygarde|Substitute|p1a: Zygarde\n|-start|p1a: Zygarde|Substitute\n|-damage|p1a: Zygarde|49\/100\n|\n|-heal|p1a: Zygarde|55\/100|[from] Ingrain\n|upkeep\n|turn|170\n|\n|t:|1658114600\n|move|p2a: Regigigas|Facade|p1a: Zygarde\n|-end|p1a: Zygarde|Substitute\n|move|p1a: Zygarde|Strength Sap|p2a: Regigigas\n|-unboost|p2a: Regigigas|atk|1\n|-heal|p1a: Zygarde|100\/100\n|\n|upkeep\n|turn|171\n|\n|t:|1658114603\n|move|p2a: Regigigas|Knock Off|p1a: Zygarde\n|-damage|p1a: Zygarde|89\/100\n|move|p1a: Zygarde|Substitute|p1a: Zygarde\n|-start|p1a: Zygarde|Substitute\n|-damage|p1a: Zygarde|64\/100\n|\n|-heal|p1a: Zygarde|70\/100|[from] Ingrain\n|upkeep\n|turn|172\n|\n|t:|1658114607\n|move|p2a: Regigigas|Dragon Dance|p2a: Regigigas\n|-boost|p2a: Regigigas|atk|1\n|-boost|p2a: Regigigas|spe|0\n|move|p1a: Zygarde|Strength Sap|p2a: Regigigas\n|-unboost|p2a: Regigigas|atk|1\n|-heal|p1a: Zygarde|100\/100\n|\n|upkeep\n|turn|173\n|\n|t:|1658114612\n|move|p2a: Regigigas|Facade|p1a: Zygarde\n|-end|p1a: Zygarde|Substitute\n|move|p1a: Zygarde|Baton Pass|p1a: Zygarde\n|\n|t:|1658114617\n|switch|p1a: Zacian|Zacian|67\/100|[from]move: Baton Pass\n|\n|-heal|p1a: Zacian|73\/100|[from] item: Leftovers\n|-heal|p1a: Zacian|80\/100|[from] Ingrain\n|upkeep\n|turn|174\n|\n|t:|1658114621\n|move|p1a: Zacian|Substitute|p1a: Zacian\n|-start|p1a: Zacian|Substitute\n|-damage|p1a: Zacian|55\/100\n|move|p2a: Regigigas|Facade|p1a: Zacian\n|-end|p1a: Zacian|Substitute\n|\n|-heal|p1a: Zacian|61\/100|[from] item: Leftovers\n|-heal|p1a: Zacian|67\/100|[from] Ingrain\n|upkeep\n|turn|175\n|\n|t:|1658114623\n|move|p1a: Zacian|Baton Pass|p1a: Zacian\n|\n|t:|1658114625\n|switch|p1a: Zygarde|Zygarde-Complete|100\/100|[from]move: Baton Pass\n|move|p2a: Regigigas|Facade|p1a: Zygarde\n|-crit|p1a: Zygarde\n|-damage|p1a: Zygarde|17\/100\n|\n|-heal|p1a: Zygarde|23\/100|[from] Ingrain\n|upkeep\n|turn|176\n|-message|NOOO LEGENDARIES forfeited.\n|\n|win|Redflix\n|raw|NOOO LEGENDARIES's rating: 1324 &rarr; <strong>1318<\/strong><br \/>(-6 for losing)\n|raw|Redflix's rating: 1640 &rarr; <strong>1646<\/strong><br \/>(+6 for winning)\n|l|\u2606NOOO LEGENDARIES\n|l|\u2606Redflix\n||Ladder isn't responding, score probably updated but might not have (Request timeout).\n","uploadtime":1658114704,"views":22,"p1id":"nooolegendaries","p2id":"redflix","formatid":"gen8balancedhackmons","rating":1318,"private":0,"password":null}