{"id":"gen8ou-1649496700","p1":"Kanivo","p2":"playeraccount","format":"gen8ou","log":"|j|\u2606Kanivo\n|j|\u2606playeraccount\n|t:|1661606047\n|gametype|singles\n|player|p1|Kanivo|ethan-masters|1210\n|player|p2|playeraccount|1|1231\n|teamsize|p1|6\n|teamsize|p2|6\n|gen|8\n|tier|[Gen 8] OU\n|rated|\n|rule|Sleep Clause Mod: Limit one foe put to sleep\n|rule|Species Clause: Limit one of each Pok\u00e9mon\n|rule|OHKO Clause: OHKO moves are banned\n|rule|Evasion Items Clause: Evasion items are banned\n|rule|Evasion Moves Clause: Evasion moves are banned\n|rule|Endless Battle Clause: Forcing endless battles is banned\n|rule|HP Percentage Mod: HP is shown in percentages\n|rule|Dynamax Clause: You cannot dynamax\n|clearpoke\n|poke|p1|Nidoking, M|\n|poke|p1|Tapu Koko|\n|poke|p1|Corviknight, F|\n|poke|p1|Ferrothorn, M|\n|poke|p1|Weavile, M|\n|poke|p1|Darmanitan, F|\n|poke|p2|Latias, F|\n|poke|p2|Slowbro, F|\n|poke|p2|Nidoqueen, F|\n|poke|p2|Blissey, F|\n|poke|p2|Togekiss, F|\n|poke|p2|Zeraora|\n|teampreview\n|inactive|Battle timer is ON: inactive players will automatically lose when time's up. (requested by Kanivo)\n|\n|t:|1661606059\n|start\n|switch|p1a: Ferrothorn|Ferrothorn, M|100\/100\n|switch|p2a: Nidoqueen|Nidoqueen, F, shiny|100\/100\n|turn|1\n|\n|t:|1661606067\n|move|p2a: Nidoqueen|Flamethrower|p1a: Ferrothorn\n|-supereffective|p1a: Ferrothorn\n|-damage|p1a: Ferrothorn|0 fnt\n|faint|p1a: Ferrothorn\n|\n|upkeep\n|\n|t:|1661606073\n|switch|p1a: Weavile|Weavile, M|100\/100\n|-ability|p1a: Weavile|Pressure\n|turn|2\n|\n|t:|1661606079\n|switch|p2a: Togekiss|Togekiss, F, shiny|100\/100\n|move|p1a: Weavile|Swords Dance|p1a: Weavile\n|-boost|p1a: Weavile|atk|2\n|\n|upkeep\n|turn|3\n|\n|t:|1661606083\n|move|p1a: Weavile|Triple Axel|p2a: Togekiss\n|-supereffective|p2a: Togekiss\n|-crit|p2a: Togekiss\n|-damage|p2a: Togekiss|56\/100\n|-supereffective|p2a: Togekiss\n|-damage|p2a: Togekiss|0 fnt\n|faint|p2a: Togekiss\n|-hitcount|p2: Togekiss|2\n|\n|upkeep\n|\n|t:|1661606089\n|switch|p2a: Zeraora|Zeraora, shiny|100\/100\n|turn|4\n|\n|t:|1661606096\n|switch|p1a: Tapu Koko|Tapu Koko|100\/100\n|-fieldstart|move: Electric Terrain|[from] ability: Electric Surge|[of] p1a: Tapu Koko\n|move|p2a: Zeraora|Play Rough|p1a: Tapu Koko\n|-damage|p1a: Tapu Koko|63\/100\n|\n|upkeep\n|turn|5\n|\n|t:|1661606104\n|move|p2a: Zeraora|Knock Off|p1a: Tapu Koko\n|-resisted|p1a: Tapu Koko\n|-damage|p1a: Tapu Koko|42\/100\n|-enditem|p1a: Tapu Koko|Heavy-Duty Boots|[from] move: Knock Off|[of] p2a: Zeraora\n|move|p1a: Tapu Koko|U-turn|p2a: Zeraora\n|-damage|p2a: Zeraora|79\/100\n|\n|t:|1661606111\n|switch|p1a: Darmanitan|Darmanitan, F|100\/100|[from]move: U-turn\n|\n|upkeep\n|turn|6\n|\n|t:|1661606121\n|switch|p2a: Slowbro|Slowbro, F, shiny|100\/100\n|move|p1a: Darmanitan|Earthquake|p2a: Slowbro\n|-damage|p2a: Slowbro|78\/100\n|\n|upkeep\n|turn|7\n|\n|t:|1661606127\n|switch|p1a: Tapu Koko|Tapu Koko|42\/100\n|move|p2a: Slowbro|Counter||[still]\n|-fail|p2a: Slowbro\n|\n|upkeep\n|turn|8\n|\n|t:|1661606133\n|switch|p2a: Blissey|Blissey, F, shiny|100\/100\n|move|p1a: Tapu Koko|U-turn|p2a: Blissey\n|-damage|p2a: Blissey|86\/100\n|\n|t:|1661606137\n|switch|p1a: Darmanitan|Darmanitan, F|100\/100|[from]move: U-turn\n|\n|-heal|p2a: Blissey|92\/100|[from] item: Leftovers\n|-fieldend|move: Electric Terrain\n|upkeep\n|turn|9\n|\n|t:|1661606144\n|move|p1a: Darmanitan|U-turn|p2a: Blissey\n|-damage|p2a: Blissey|68\/100\n|\n|t:|1661606148\n|switch|p1a: Corviknight|Corviknight, F|100\/100|[from]move: U-turn\n|-ability|p1a: Corviknight|Pressure\n|move|p2a: Blissey|Counter|p1a: Corviknight\n|-damage|p1a: Corviknight|15\/100\n|\n|-heal|p1a: Corviknight|21\/100|[from] item: Leftovers\n|-heal|p2a: Blissey|74\/100|[from] item: Leftovers\n|upkeep\n|turn|10\n|\n|t:|1661606156\n|switch|p2a: Nidoqueen|Nidoqueen, F, shiny|100\/100\n|move|p1a: Corviknight|Body Press|p2a: Nidoqueen\n|-resisted|p2a: Nidoqueen\n|-damage|p2a: Nidoqueen|86\/100\n|\n|-heal|p1a: Corviknight|27\/100|[from] item: Leftovers\n|upkeep\n|turn|11\n|\n|t:|1661606163\n|switch|p1a: Darmanitan|Darmanitan, F|100\/100\n|move|p2a: Nidoqueen|Stealth Rock|p1a: Darmanitan\n|-sidestart|p1: Kanivo|move: Stealth Rock\n|\n|upkeep\n|turn|12\n|\n|t:|1661606172\n|switch|p2a: Slowbro|Slowbro, F, shiny|100\/100\n|move|p1a: Darmanitan|Flare Blitz|p2a: Slowbro\n|-resisted|p2a: Slowbro\n|-damage|p2a: Slowbro|74\/100\n|-damage|p1a: Darmanitan|84\/100|[from] item: Rocky Helmet|[of] p2a: Slowbro\n|-damage|p1a: Darmanitan|74\/100|[from] Recoil\n|\n|upkeep\n|turn|13\n|\n|t:|1661606176\n|switch|p1a: Corviknight|Corviknight, F|27\/100\n|-damage|p1a: Corviknight|15\/100|[from] Stealth Rock\n|-ability|p1a: Corviknight|Pressure\n|move|p2a: Slowbro|Counter||[still]\n|-fail|p2a: Slowbro\n|\n|-heal|p1a: Corviknight|21\/100|[from] item: Leftovers\n|upkeep\n|turn|14\n|\n|t:|1661606181\n|move|p1a: Corviknight|Roost|p1a: Corviknight\n|-heal|p1a: Corviknight|71\/100\n|-singleturn|p1a: Corviknight|move: Roost\n|move|p2a: Slowbro|Ice Beam|p1a: Corviknight\n|-resisted|p1a: Corviknight\n|-damage|p1a: Corviknight|62\/100\n|\n|-heal|p1a: Corviknight|68\/100|[from] item: Leftovers\n|upkeep\n|turn|15\n|\n|t:|1661606193\n|switch|p2a: Nidoqueen|Nidoqueen, F, shiny|86\/100\n|move|p1a: Corviknight|Defog|p2a: Nidoqueen\n|-unboost|p2a: Nidoqueen|evasion|1\n|-sideend|p1: Kanivo|Stealth Rock|[from] move: Defog|[of] p1a: Corviknight\n|\n|-heal|p1a: Corviknight|74\/100|[from] item: Leftovers\n|upkeep\n|turn|16\n|\n|t:|1661606202\n|switch|p1a: Tapu Koko|Tapu Koko|42\/100\n|-fieldstart|move: Electric Terrain|[from] ability: Electric Surge|[of] p1a: Tapu Koko\n|move|p2a: Nidoqueen|Sludge Wave|p1a: Tapu Koko\n|-supereffective|p1a: Tapu Koko\n|-damage|p1a: Tapu Koko|0 fnt\n|faint|p1a: Tapu Koko\n|\n|upkeep\n|\n|t:|1661606205\n|switch|p1a: Nidoking|Nidoking, M|100\/100\n|turn|17\n|\n|t:|1661606221\n|switch|p1a: Weavile|Weavile, M|100\/100\n|-ability|p1a: Weavile|Pressure\n|switch|p2a: Latias|Latias, F, shiny|100\/100\n|\n|upkeep\n|turn|18\n|\n|t:|1661606225\n|switch|p2a: Slowbro|Slowbro, F, shiny|100\/100\n|move|p1a: Weavile|Swords Dance|p1a: Weavile\n|-boost|p1a: Weavile|atk|2\n|\n|upkeep\n|turn|19\n|\n|t:|1661606230\n|move|p1a: Weavile|Knock Off|p2a: Slowbro\n|-supereffective|p2a: Slowbro\n|-damage|p2a: Slowbro|0 fnt\n|-damage|p1a: Weavile|84\/100|[from] item: Rocky Helmet|[of] p2a: Slowbro\n|-enditem|p2a: Slowbro|Rocky Helmet|[from] move: Knock Off|[of] p1a: Weavile\n|faint|p2a: Slowbro\n|\n|upkeep\n|\n|t:|1661606234\n|switch|p2a: Nidoqueen|Nidoqueen, F, shiny|86\/100\n|turn|20\n|\n|t:|1661606237\n|move|p1a: Weavile|Triple Axel|p2a: Nidoqueen\n|-supereffective|p2a: Nidoqueen\n|-damage|p2a: Nidoqueen|38\/100\n|-supereffective|p2a: Nidoqueen\n|-damage|p2a: Nidoqueen|0 fnt\n|faint|p2a: Nidoqueen\n|-hitcount|p2: Nidoqueen|2\n|\n|-fieldend|move: Electric Terrain\n|upkeep\n|\n|t:|1661606241\n|switch|p2a: Zeraora|Zeraora, shiny|79\/100\n|turn|21\n|\n|t:|1661606252\n|switch|p1a: Nidoking|Nidoking, M|100\/100\n|move|p2a: Zeraora|Close Combat|p1a: Nidoking\n|-resisted|p1a: Nidoking\n|-damage|p1a: Nidoking|75\/100\n|-unboost|p2a: Zeraora|def|1\n|-unboost|p2a: Zeraora|spd|1\n|\n|upkeep\n|turn|22\n|\n|t:|1661606263\n|switch|p2a: Latias|Latias, F, shiny|100\/100\n|move|p1a: Nidoking|Sludge Wave|p2a: Latias\n|-damage|p2a: Latias|52\/100\n|\n|-heal|p2a: Latias|58\/100|[from] item: Leftovers\n|upkeep\n|turn|23\n|\n|t:|1661606268\n|move|p2a: Latias|Calm Mind|p2a: Latias\n|-boost|p2a: Latias|spa|1\n|-boost|p2a: Latias|spd|1\n|move|p1a: Nidoking|Ice Beam|p2a: Latias\n|-supereffective|p2a: Latias\n|-damage|p2a: Latias|10\/100\n|\n|-heal|p2a: Latias|16\/100|[from] item: Leftovers\n|upkeep\n|turn|24\n|\n|t:|1661606275\n|move|p2a: Latias|Recover|p2a: Latias\n|-heal|p2a: Latias|66\/100\n|move|p1a: Nidoking|Ice Beam|p2a: Latias\n|-supereffective|p2a: Latias\n|-damage|p2a: Latias|25\/100\n|\n|-heal|p2a: Latias|31\/100|[from] item: Leftovers\n|upkeep\n|turn|25\n|\n|t:|1661606278\n|move|p2a: Latias|Recover|p2a: Latias\n|-heal|p2a: Latias|81\/100\n|move|p1a: Nidoking|Ice Beam|p2a: Latias\n|-supereffective|p2a: Latias\n|-damage|p2a: Latias|39\/100\n|\n|-heal|p2a: Latias|45\/100|[from] item: Leftovers\n|upkeep\n|turn|26\n|\n|t:|1661606282\n|move|p2a: Latias|Calm Mind|p2a: Latias\n|-boost|p2a: Latias|spa|1\n|-boost|p2a: Latias|spd|1\n|move|p1a: Nidoking|Ice Beam|p2a: Latias\n|-supereffective|p2a: Latias\n|-damage|p2a: Latias|11\/100\n|\n|-heal|p2a: Latias|17\/100|[from] item: Leftovers\n|upkeep\n|turn|27\n|\n|t:|1661606286\n|move|p2a: Latias|Recover|p2a: Latias\n|-heal|p2a: Latias|67\/100\n|move|p1a: Nidoking|Ice Beam|p2a: Latias\n|-supereffective|p2a: Latias\n|-damage|p2a: Latias|36\/100\n|\n|-heal|p2a: Latias|43\/100|[from] item: Leftovers\n|upkeep\n|turn|28\n|\n|t:|1661606288\n|move|p2a: Latias|Calm Mind|p2a: Latias\n|-boost|p2a: Latias|spa|1\n|-boost|p2a: Latias|spd|1\n|move|p1a: Nidoking|Ice Beam|p2a: Latias\n|-supereffective|p2a: Latias\n|-damage|p2a: Latias|13\/100\n|\n|-heal|p2a: Latias|19\/100|[from] item: Leftovers\n|upkeep\n|turn|29\n|\n|t:|1661606291\n|move|p2a: Latias|Recover|p2a: Latias\n|-heal|p2a: Latias|69\/100\n|move|p1a: Nidoking|Ice Beam|p2a: Latias\n|-supereffective|p2a: Latias\n|-damage|p2a: Latias|42\/100\n|\n|-heal|p2a: Latias|48\/100|[from] item: Leftovers\n|upkeep\n|turn|30\n|\n|t:|1661606295\n|move|p2a: Latias|Calm Mind|p2a: Latias\n|-boost|p2a: Latias|spa|1\n|-boost|p2a: Latias|spd|1\n|move|p1a: Nidoking|Ice Beam|p2a: Latias\n|-supereffective|p2a: Latias\n|-damage|p2a: Latias|27\/100\n|\n|-heal|p2a: Latias|33\/100|[from] item: Leftovers\n|upkeep\n|turn|31\n|\n|t:|1661606297\n|move|p2a: Latias|Recover|p2a: Latias\n|-heal|p2a: Latias|83\/100\n|move|p1a: Nidoking|Ice Beam|p2a: Latias\n|-supereffective|p2a: Latias\n|-damage|p2a: Latias|61\/100\n|\n|-heal|p2a: Latias|67\/100|[from] item: Leftovers\n|upkeep\n|turn|32\n|\n|t:|1661606300\n|move|p2a: Latias|Recover|p2a: Latias\n|-heal|p2a: Latias|100\/100\n|move|p1a: Nidoking|Ice Beam|p2a: Latias\n|-supereffective|p2a: Latias\n|-damage|p2a: Latias|76\/100\n|\n|-heal|p2a: Latias|82\/100|[from] item: Leftovers\n|upkeep\n|turn|33\n|\n|t:|1661606303\n|move|p2a: Latias|Stored Power|p1a: Nidoking\n|-supereffective|p1a: Nidoking\n|-damage|p1a: Nidoking|0 fnt\n|faint|p1a: Nidoking\n|\n|-heal|p2a: Latias|88\/100|[from] item: Leftovers\n|upkeep\n|\n|t:|1661606307\n|switch|p1a: Weavile|Weavile, M|84\/100\n|-ability|p1a: Weavile|Pressure\n|turn|34\n|\n|t:|1661606318\n|move|p1a: Weavile|Triple Axel|p2a: Latias\n|-supereffective|p2a: Latias\n|-damage|p2a: Latias|70\/100\n|-supereffective|p2a: Latias\n|-damage|p2a: Latias|33\/100\n|-supereffective|p2a: Latias\n|-damage|p2a: Latias|0 fnt\n|faint|p2a: Latias\n|-hitcount|p2: Latias|3\n|\n|upkeep\n|\n|t:|1661606323\n|switch|p2a: Zeraora|Zeraora, shiny|79\/100\n|turn|35\n|\n|t:|1661606331\n|switch|p1a: Corviknight|Corviknight, F|74\/100\n|-ability|p1a: Corviknight|Pressure\n|move|p2a: Zeraora|Plasma Fists|p1a: Corviknight\n|-supereffective|p1a: Corviknight\n|-damage|p1a: Corviknight|0 fnt\n|-fieldactivate|move: Ion Deluge\n|-hint|Normal-type moves become Electric-type after using Plasma Fists.\n|faint|p1a: Corviknight\n|\n|upkeep\n|\n|t:|1661606335\n|switch|p1a: Darmanitan|Darmanitan, F|74\/100\n|turn|36\n|\n|t:|1661606344\n|switch|p2a: Blissey|Blissey, F, shiny|74\/100\n|move|p1a: Darmanitan|Flare Blitz|p2a: Blissey\n|-damage|p2a: Blissey|0 fnt\n|faint|p2a: Blissey\n|-damage|p1a: Darmanitan|24\/100|[from] Recoil\n|\n|upkeep\n|\n|t:|1661606347\n|switch|p2a: Zeraora|Zeraora, shiny|79\/100\n|turn|37\n|\n|t:|1661606350\n|move|p1a: Darmanitan|Flare Blitz|p2a: Zeraora\n|-damage|p2a: Zeraora|0 fnt\n|faint|p2a: Zeraora\n|-damage|p1a: Darmanitan|1\/100|[from] Recoil\n|\n|win|Kanivo\n|raw|Kanivo's rating: 1210 &rarr; <strong>1237<\/strong><br \/>(+27 for winning)\n|raw|playeraccount's rating: 1231 &rarr; <strong>1204<\/strong><br \/>(-27 for losing)\n|c|\u2606Kanivo|gg\n|c|\u2606Kanivo|wp\n|l|\u2606playeraccount\n||Ladder isn't responding, score probably updated but might not have (Request timeout).\n","uploadtime":1661606357,"views":9,"p1id":"kanivo","p2id":"playeraccount","formatid":"gen8ou","rating":1204,"private":0,"password":null}