{"id":"gen8nationaldex-1525494009","p1":"PoobleMaster945","p2":"Hikari-miyako","format":"gen8nationaldex","log":"|html|<div class=\"broadcast-blue\"><strong>[Gen 8] National Dex is currently suspecting Dragapult! For information on how to participate check out the <a href=\"https:\/\/www.smogon.com\/forums\/threads\/national-dex-suspect-test-14-ghost-girl.3697927\/\">suspect thread<\/a>.<\/strong><\/div>\n|j|\u2606PoobleMaster945\n|j|\u2606Hikari-miyako\n|t:|1646667655\n|gametype|singles\n|player|p1|PoobleMaster945|pokemaniac|1744\n|player|p2|Hikari-miyako|ariana|1879\n|teamsize|p1|6\n|teamsize|p2|6\n|gen|8\n|tier|[Gen 8] National Dex\n|rated|\n|rule|HP Percentage Mod: HP is shown in percentages\n|rule|Endless Battle Clause: Forcing endless battles is banned\n|rule|OHKO Clause: OHKO moves are banned\n|rule|Evasion Moves Clause: Evasion moves are banned\n|rule|Species Clause: Limit one of each Pok\u00e9mon\n|rule|Dynamax Clause: You cannot dynamax\n|rule|Sleep Clause Mod: Limit one foe put to sleep\n|clearpoke\n|poke|p1|Torkoal, M|\n|poke|p1|Venusaur, F|\n|poke|p1|Charizard, M|\n|poke|p1|Mamoswine, M|\n|poke|p1|Heliolisk, M|\n|poke|p1|Garchomp, M|\n|poke|p2|Aegislash, F|\n|poke|p2|Diancie|\n|poke|p2|Thundurus, M|\n|poke|p2|Bisharp, M|\n|poke|p2|Serperior, M|\n|poke|p2|Dragapult, F|\n|teampreview\n|c|\u2606PoobleMaster945|glhf\n|\n|t:|1646667660\n|start\n|switch|p1a: Mannieswine|Mamoswine, M|100\/100\n|switch|p2a: Diancie|Diancie|100\/100\n|turn|1\n|c|\u2606Hikari-miyako|you too\n|\n|t:|1646667664\n|switch|p2a: Thundurus|Thundurus, M|100\/100\n|move|p1a: Mannieswine|Earthquake|p2a: Thundurus\n|-immune|p2a: Thundurus\n|\n|upkeep\n|turn|2\n|\n|t:|1646667669\n|move|p2a: Thundurus|Grass Knot|p1a: Mannieswine\n|-supereffective|p1a: Mannieswine\n|-damage|p1a: Mannieswine|10\/100\n|-damage|p2a: Thundurus|91\/100|[from] item: Life Orb\n|move|p1a: Mannieswine|Icicle Crash|p2a: Thundurus\n|-supereffective|p2a: Thundurus\n|-damage|p2a: Thundurus|0 fnt\n|faint|p2a: Thundurus\n|\n|upkeep\n|\n|t:|1646667676\n|switch|p2a: Aegislash|Aegislash, F|100\/100\n|turn|3\n|\n|t:|1646667678\n|switch|p1a: Jaws|Garchomp, M|100\/100\n|-formechange|p2a: Aegislash|Aegislash-Blade||[from] ability: Stance Change\n|move|p2a: Aegislash|Shadow Sneak|p1a: Jaws\n|-damage|p1a: Jaws|83\/100\n|-damage|p2a: Aegislash|88\/100|[from] ability: Rough Skin|[of] p1a: Jaws\n|\n|-heal|p1a: Jaws|89\/100|[from] item: Leftovers\n|upkeep\n|turn|4\n|\n|t:|1646667682\n|switch|p2a: Serperior|Serperior, M|100\/100\n|move|p1a: Jaws|Earthquake|p2a: Serperior\n|-resisted|p2a: Serperior\n|-damage|p2a: Serperior|67\/100\n|\n|-heal|p1a: Jaws|95\/100|[from] item: Leftovers\n|upkeep\n|turn|5\n|\n|t:|1646667686\n|move|p2a: Serperior|Leaf Storm|p1a: Jaws\n|-damage|p1a: Jaws|42\/100\n|-boost|p2a: Serperior|spa|2\n|move|p1a: Jaws|Scale Shot|p2a: Serperior\n|-damage|p2a: Serperior|49\/100\n|-damage|p2a: Serperior|31\/100\n|-hitcount|p2a: Serperior|2\n|-unboost|p1a: Jaws|def|1\n|-boost|p1a: Jaws|spe|1\n|\n|-heal|p1a: Jaws|48\/100|[from] item: Leftovers\n|upkeep\n|turn|6\n|\n|t:|1646667690\n|move|p1a: Jaws|Fire Fang|p2a: Serperior\n|-supereffective|p2a: Serperior\n|-damage|p2a: Serperior|0 fnt\n|faint|p2a: Serperior\n|\n|-heal|p1a: Jaws|54\/100|[from] item: Leftovers\n|upkeep\n|\n|t:|1646667693\n|switch|p2a: Bisharp|Bisharp, M|100\/100\n|turn|7\n|\n|t:|1646667696\n|switch|p1a: Charliezard|Charizard, M, shiny|100\/100\n|move|p2a: Bisharp|Iron Head|p1a: Charliezard\n|-resisted|p1a: Charliezard\n|-damage|p1a: Charliezard|71\/100\n|\n|upkeep\n|turn|8\n|\n|t:|1646667699\n|detailschange|p1a: Charliezard|Charizard-Mega-Y, M, shiny\n|-mega|p1a: Charliezard|Charizard|Charizardite Y\n|-weather|SunnyDay|[from] ability: Drought|[of] p1a: Charliezard\n|move|p1a: Charliezard|Weather Ball|p2a: Bisharp\n|-supereffective|p2a: Bisharp\n|-enditem|p2a: Bisharp|Focus Sash\n|-damage|p2a: Bisharp|1\/100\n|move|p2a: Bisharp|Stealth Rock|p1a: Charliezard\n|-sidestart|p1: PoobleMaster945|move: Stealth Rock\n|\n|-weather|SunnyDay|[upkeep]\n|upkeep\n|turn|9\n|\n|t:|1646667705\n|switch|p1a: Torkool|Torkoal, M|100\/100\n|-damage|p1a: Torkool|76\/100|[from] Stealth Rock\n|move|p2a: Bisharp|Knock Off|p1a: Torkool\n|-damage|p1a: Torkool|44\/100\n|-enditem|p1a: Torkool|Heat Rock|[from] move: Knock Off|[of] p2a: Bisharp\n|\n|-weather|SunnyDay|[upkeep]\n|upkeep\n|turn|10\n|\n|t:|1646667709\n|switch|p2a: Aegislash|Aegislash, F|88\/100\n|move|p1a: Torkool|Yawn|p2a: Aegislash\n|-start|p2a: Aegislash|move: Yawn|[of] p1a: Torkool\n|\n|-weather|SunnyDay|[upkeep]\n|upkeep\n|turn|11\n|\n|t:|1646667713\n|switch|p2a: Diancie|Diancie|100\/100\n|move|p1a: Torkool|Lava Plume|p2a: Diancie\n|-resisted|p2a: Diancie\n|-damage|p2a: Diancie|81\/100\n|\n|-weather|SunnyDay|[upkeep]\n|upkeep\n|turn|12\n|\n|t:|1646667723\n|switch|p1a: Mannieswine|Mamoswine, M|10\/100\n|-damage|p1a: Mannieswine|0 fnt|[from] Stealth Rock\n|faint|p1a: Mannieswine\n|detailschange|p2a: Diancie|Diancie-Mega\n|-mega|p2a: Diancie|Diancie|Diancite\n|move|p2a: Diancie|Diamond Storm|p1: Mannieswine|[notarget]\n|-fail|p2a: Diancie\n|\n|-weather|none\n|upkeep\n|\n|t:|1646667725\n|switch|p1a: Torkool|Torkoal, M|44\/100\n|-damage|p1a: Torkool|19\/100|[from] Stealth Rock\n|-weather|SunnyDay|[from] ability: Drought|[of] p1a: Torkool\n|turn|13\n|\n|t:|1646667727\n|move|p2a: Diancie|Diamond Storm|p1a: Torkool\n|-supereffective|p1a: Torkool\n|-damage|p1a: Torkool|0 fnt\n|faint|p1a: Torkool\n|\n|-weather|SunnyDay|[upkeep]\n|upkeep\n|\n|t:|1646667729\n|switch|p1a: Venus|Venusaur, F|100\/100\n|-damage|p1a: Venus|88\/100|[from] Stealth Rock\n|turn|14\n|\n|t:|1646667738\n|move|p1a: Venus|Giga Drain|p2a: Diancie\n|-supereffective|p2a: Diancie\n|-damage|p2a: Diancie|0 fnt\n|-heal|p1a: Venus|100\/100|[from] drain|[of] p2a: Diancie\n|faint|p2a: Diancie\n|\n|-weather|SunnyDay|[upkeep]\n|upkeep\n|\n|t:|1646667741\n|switch|p2a: Aegislash|Aegislash, F|88\/100\n|turn|15\n|\n|t:|1646667744\n|move|p1a: Venus|Weather Ball|p2a: Aegislash\n|-supereffective|p2a: Aegislash\n|-damage|p2a: Aegislash|13\/100\n|-enditem|p2a: Aegislash|Weakness Policy\n|-boost|p2a: Aegislash|atk|2|[from] item: Weakness Policy\n|-boost|p2a: Aegislash|spa|2|[from] item: Weakness Policy\n|-formechange|p2a: Aegislash|Aegislash-Blade||[from] ability: Stance Change\n|move|p2a: Aegislash|Shadow Ball|p1a: Venus\n|-crit|p1a: Venus\n|-damage|p1a: Venus|0 fnt\n|faint|p1a: Venus\n|\n|-weather|SunnyDay|[upkeep]\n|upkeep\n|\n|t:|1646667752\n|switch|p1a: Jaws|Garchomp, M|54\/100\n|-damage|p1a: Jaws|48\/100|[from] Stealth Rock\n|turn|16\n|\n|t:|1646667754\n|move|p2a: Aegislash|Shadow Sneak|p1a: Jaws\n|-damage|p1a: Jaws|15\/100\n|-damage|p2a: Aegislash|0 fnt|[from] ability: Rough Skin|[of] p1a: Jaws\n|faint|p2a: Aegislash\n|move|p1a: Jaws|Earthquake|p2: Aegislash|[notarget]\n|-fail|p1a: Jaws\n|\n|-weather|SunnyDay|[upkeep]\n|-heal|p1a: Jaws|21\/100|[from] item: Leftovers\n|upkeep\n|\n|t:|1646667757\n|switch|p2a: Dragapult|Dragapult, F|100\/100\n|turn|17\n|\n|t:|1646667760\n|move|p2a: Dragapult|Dragon Darts|p1a: Jaws\n|-supereffective|p1a: Jaws\n|-damage|p1a: Jaws|0 fnt\n|faint|p1a: Jaws\n|-damage|p2a: Dragapult|91\/100|[from] item: Life Orb\n|\n|-weather|none\n|upkeep\n|\n|t:|1646667763\n|switch|p1a: Charliezard|Charizard-Mega-Y, M, shiny|71\/100\n|-damage|p1a: Charliezard|21\/100|[from] Stealth Rock\n|-weather|SunnyDay|[from] ability: Drought|[of] p1a: Charliezard\n|turn|18\n|\n|t:|1646667766\n|move|p2a: Dragapult|Dragon Darts|p1a: Charliezard\n|-damage|p1a: Charliezard|0 fnt\n|faint|p1a: Charliezard\n|-damage|p2a: Dragapult|81\/100|[from] item: Life Orb\n|\n|-weather|SunnyDay|[upkeep]\n|upkeep\n|\n|t:|1646667769\n|switch|p1a: Helios|Heliolisk, M, shiny|100\/100\n|-damage|p1a: Helios|88\/100|[from] Stealth Rock\n|turn|19\n|\n|t:|1646667774\n|move|p2a: Dragapult|Sucker Punch|p1a: Helios\n|-damage|p1a: Helios|22\/100\n|-damage|p2a: Dragapult|71\/100|[from] item: Life Orb\n|move|p1a: Helios|Thunderbolt|p2a: Dragapult\n|-resisted|p2a: Dragapult\n|-damage|p2a: Dragapult|26\/100\n|\n|-weather|SunnyDay|[upkeep]\n|-damage|p1a: Helios|10\/100|[from] ability: Solar Power|[of] p1a: Helios\n|upkeep\n|turn|20\n|\n|t:|1646667777\n|move|p2a: Dragapult|Sucker Punch|p1a: Helios\n|-damage|p1a: Helios|0 fnt\n|faint|p1a: Helios\n|-damage|p2a: Dragapult|16\/100|[from] item: Life Orb\n|\n|win|Hikari-miyako\n|raw|PoobleMaster945's rating: 1744 &rarr; <strong>1731<\/strong><br \/>(-13 for losing)\n|raw|Hikari-miyako's rating: 1879 &rarr; <strong>1892<\/strong><br \/>(+13 for winning)\n|l|\u2606PoobleMaster945\n","uploadtime":1646667782,"views":38,"p1id":"pooblemaster945","p2id":"hikarimiyako","formatid":"gen8nationaldex","rating":1731,"private":0,"password":null}