{"id":"gen8nfe-1706124648","p1":"Faygos","p2":"Rex15808","format":"gen8nfe","log":"|j|\u2606Faygos\n|j|\u2606Rex15808\n|inactive|Battle timer is ON: inactive players will automatically lose when time's up.\n|t:|1667949768\n|gametype|singles\n|player|p1|Faygos|101|\n|player|p2|Rex15808|iris-gen5bw2|\n|teamsize|p1|6\n|teamsize|p2|6\n|gen|8\n|tier|[Gen 8] NFE\n|rated|Tournament battle\n|rule|Species Clause: Limit one of each Pok\u00e9mon\n|rule|OHKO Clause: OHKO moves are banned\n|rule|Evasion Moves Clause: Evasion moves are banned\n|rule|Endless Battle Clause: Forcing endless battles is banned\n|rule|Dynamax Clause: You cannot dynamax\n|rule|HP Percentage Mod: HP is shown in percentages\n|rule|Sleep Clause Mod: Limit one foe put to sleep\n|clearpoke\n|poke|p1|Zweilous, F|\n|poke|p1|Roselia, M|\n|poke|p1|Gurdurr, M|\n|poke|p1|Duosion, M|\n|poke|p1|Marshtomp, F|\n|poke|p1|Electabuzz, M|\n|poke|p2|Electabuzz, F|\n|poke|p2|Raboot, F|\n|poke|p2|Piloswine, M|\n|poke|p2|Duosion, M|\n|poke|p2|Clefairy, M|\n|poke|p2|Corsola-Galar, F|\n|teampreview\n|inactive|Faygos also wants the timer to be on.\n|inactive|Rex15808 also wants the timer to be on.\n|\n|t:|1667949786\n|start\n|switch|p1a: Gurdurr|Gurdurr, M|100\/100\n|switch|p2a: Piloswine|Piloswine, M|100\/100\n|turn|1\n|j| gnsaigon\n|j| Gunnygod\n|\n|t:|1667949814\n|switch|p2a: Corsola|Corsola-Galar, F|100\/100\n|move|p1a: Gurdurr|Knock Off|p2a: Corsola\n|-supereffective|p2a: Corsola\n|-crit|p2a: Corsola\n|-damage|p2a: Corsola|59\/100\n|-start|p1a: Gurdurr|Disable|Knock Off|[from] ability: Cursed Body|[of] p2a: Corsola\n|-enditem|p2a: Corsola|Eviolite|[from] move: Knock Off|[of] p1a: Gurdurr\n|\n|upkeep\n|turn|2\n|\n|t:|1667949820\n|move|p1a: Gurdurr|High Horsepower|p2a: Corsola\n|-damage|p2a: Corsola|39\/100\n|move|p2a: Corsola|Strength Sap|p1a: Gurdurr\n|-unboost|p1a: Gurdurr|atk|1\n|-heal|p2a: Corsola|100\/100\n|\n|upkeep\n|turn|3\n|\n|t:|1667949827\n|switch|p1a: Zweilous|Zweilous, F|100\/100\n|move|p2a: Corsola|Stealth Rock|p1a: Zweilous\n|-sidestart|p1: Faygos|move: Stealth Rock\n|\n|upkeep\n|turn|4\n|\n|t:|1667949834\n|switch|p2a: Clefairy|Clefairy, M|100\/100\n|move|p1a: Zweilous|Substitute|p1a: Zweilous\n|-start|p1a: Zweilous|Substitute\n|-damage|p1a: Zweilous|76\/100\n|\n|-heal|p1a: Zweilous|82\/100|[from] item: Leftovers\n|upkeep\n|turn|5\n|\n|t:|1667949836\n|move|p1a: Zweilous|Body Slam|p2a: Clefairy|[miss]\n|-miss|p1a: Zweilous|p2a: Clefairy\n|move|p2a: Clefairy|Moonblast|p1a: Zweilous\n|-supereffective|p1a: Zweilous\n|-end|p1a: Zweilous|Substitute\n|\n|-heal|p1a: Zweilous|88\/100|[from] item: Leftovers\n|upkeep\n|turn|6\n|\n|t:|1667949840\n|switch|p1a: Roselia|Roselia, M|100\/100\n|-damage|p1a: Roselia|88\/100|[from] Stealth Rock\n|move|p2a: Clefairy|Knock Off|p1a: Roselia\n|-damage|p1a: Roselia|78\/100\n|-enditem|p1a: Roselia|Eviolite|[from] move: Knock Off|[of] p2a: Clefairy\n|\n|upkeep\n|turn|7\n|\n|t:|1667949851\n|switch|p2a: Corsola|Corsola-Galar, F|100\/100\n|move|p1a: Roselia|Sludge Bomb|p2a: Corsola\n|-resisted|p2a: Corsola\n|-damage|p2a: Corsola|83\/100\n|\n|upkeep\n|turn|8\n|\n|t:|1667949858\n|move|p1a: Roselia|Toxic Spikes|p2a: Corsola\n|-sidestart|p2: Rex15808|move: Toxic Spikes\n|move|p2a: Corsola|Night Shade|p1a: Roselia\n|-damage|p1a: Roselia|45\/100\n|\n|upkeep\n|turn|9\n|\n|t:|1667949877\n|switch|p2a: Piloswine|Piloswine, M|100\/100\n|-status|p2a: Piloswine|psn\n|move|p1a: Roselia|Synthesis|p1a: Roselia\n|-heal|p1a: Roselia|95\/100\n|\n|-damage|p2a: Piloswine|88\/100 psn|[from] psn\n|upkeep\n|turn|10\n|\n|t:|1667949887\n|switch|p1a: Gurdurr|Gurdurr, M|100\/100\n|-damage|p1a: Gurdurr|94\/100|[from] Stealth Rock\n|move|p2a: Piloswine|Icicle Crash|p1a: Gurdurr\n|-damage|p1a: Gurdurr|58\/100\n|\n|-damage|p2a: Piloswine|76\/100 psn|[from] psn\n|upkeep\n|turn|11\n|\n|t:|1667949900\n|switch|p2a: Corsola|Corsola-Galar, F|83\/100\n|-status|p2a: Corsola|psn\n|move|p1a: Gurdurr|Knock Off|p2a: Corsola\n|-supereffective|p2a: Corsola\n|-damage|p2a: Corsola|54\/100 psn\n|-start|p1a: Gurdurr|Disable|Knock Off|[from] ability: Cursed Body|[of] p2a: Corsola\n|\n|-damage|p2a: Corsola|42\/100 psn|[from] psn\n|upkeep\n|turn|12\n|\n|t:|1667949908\n|switch|p1a: Zweilous|Zweilous, F|88\/100\n|-damage|p1a: Zweilous|75\/100|[from] Stealth Rock\n|move|p2a: Corsola|Strength Sap|p1a: Zweilous\n|-unboost|p1a: Zweilous|atk|1\n|-heal|p2a: Corsola|100\/100 psn\n|\n|-heal|p1a: Zweilous|81\/100|[from] item: Leftovers\n|-damage|p2a: Corsola|88\/100 psn|[from] psn\n|upkeep\n|turn|13\n|\n|t:|1667949921\n|switch|p2a: Clefairy|Clefairy, M|100\/100\n|-status|p2a: Clefairy|psn\n|move|p1a: Zweilous|Body Slam|p2a: Clefairy\n|-damage|p2a: Clefairy|85\/100 psn\n|\n|-heal|p1a: Zweilous|88\/100|[from] item: Leftovers\n|upkeep\n|turn|14\n|\n|t:|1667949928\n|switch|p1a: Roselia|Roselia, M|95\/100\n|-damage|p1a: Roselia|82\/100|[from] Stealth Rock\n|switch|p2a: Raboot|Raboot, F|100\/100\n|-status|p2a: Raboot|psn\n|\n|-damage|p2a: Raboot|88\/100 psn|[from] psn\n|upkeep\n|turn|15\n|\n|t:|1667949949\n|switch|p1a: Marshtomp|Marshtomp, F|100\/100\n|-damage|p1a: Marshtomp|94\/100|[from] Stealth Rock\n|move|p2a: Raboot|U-turn|p1a: Marshtomp\n|-start|p2a: Raboot|typechange|Bug|[from] ability: Libero\n|-damage|p1a: Marshtomp|63\/100\n|\n|t:|1667949952\n|switch|p2a: Stupid Shit|Duosion, M|100\/100|[from]move: U-turn\n|-status|p2a: Stupid Shit|psn\n|\n|upkeep\n|turn|16\n|j| Dogpraxis\ufe0f\ufe0f\ufe0f\n|\n|t:|1667949972\n|switch|p2a: Clefairy|Clefairy, M|85\/100 psn\n|move|p1a: Marshtomp|Stealth Rock|p2a: Clefairy\n|-sidestart|p2: Rex15808|move: Stealth Rock\n|\n|upkeep\n|turn|17\n|l| Dogpraxis\ufe0f\ufe0f\ufe0f\n|\n|t:|1667949982\n|switch|p1a: Roselia|Roselia, M|82\/100\n|-damage|p1a: Roselia|70\/100|[from] Stealth Rock\n|move|p2a: Clefairy|Knock Off|p1a: Roselia\n|-damage|p1a: Roselia|59\/100\n|\n|upkeep\n|turn|18\n|\n|t:|1667949989\n|switch|p2a: Piloswine|Piloswine, M|76\/100 psn\n|-damage|p2a: Piloswine|63\/100 psn|[from] Stealth Rock\n|move|p1a: Roselia|Sludge Bomb|p2a: Piloswine\n|-resisted|p2a: Piloswine\n|-damage|p2a: Piloswine|44\/100 psn\n|\n|-damage|p2a: Piloswine|32\/100 psn|[from] psn\n|upkeep\n|turn|19\n|\n|t:|1667949997\n|move|p1a: Roselia|Leaf Storm|p2a: Piloswine\n|-supereffective|p2a: Piloswine\n|-damage|p2a: Piloswine|0 fnt\n|-unboost|p1a: Roselia|spa|2\n|faint|p2a: Piloswine\n|\n|upkeep\n|\n|t:|1667950000\n|switch|p2a: Raboot|Raboot, F|88\/100 psn\n|-damage|p2a: Raboot|64\/100 psn|[from] Stealth Rock\n|turn|20\n|\n|t:|1667950012\n|switch|p1a: Marshtomp|Marshtomp, F|63\/100\n|-damage|p1a: Marshtomp|56\/100|[from] Stealth Rock\n|move|p2a: Raboot|High Jump Kick|p1a: Marshtomp\n|-start|p2a: Raboot|typechange|Fighting|[from] ability: Libero\n|-damage|p1a: Marshtomp|0 fnt\n|faint|p1a: Marshtomp\n|\n|-damage|p2a: Raboot|51\/100 psn|[from] psn\n|upkeep\n|\n|t:|1667950017\n|switch|p1a: Electabuzz|Electabuzz, M|100\/100\n|-damage|p1a: Electabuzz|88\/100|[from] Stealth Rock\n|turn|21\n|\n|t:|1667950023\n|move|p1a: Electabuzz|Volt Switch|p2a: Raboot\n|-damage|p2a: Raboot|0 fnt\n|faint|p2a: Raboot\n|\n|t:|1667950034\n|switch|p1a: Gurdurr|Gurdurr, M|58\/100|[from]move: Volt Switch\n|-damage|p1a: Gurdurr|52\/100|[from] Stealth Rock\n|\n|upkeep\n|\n|t:|1667950040\n|switch|p2a: Clefairy|Clefairy, M|85\/100 psn\n|turn|22\n|\n|t:|1667950065\n|move|p1a: Gurdurr|Knock Off|p2a: Clefairy\n|-resisted|p2a: Clefairy\n|-crit|p2a: Clefairy\n|-damage|p2a: Clefairy|71\/100 psn\n|-enditem|p2a: Clefairy|Eviolite|[from] move: Knock Off|[of] p1a: Gurdurr\n|move|p2a: Clefairy|Moonblast|p1a: Gurdurr\n|-supereffective|p1a: Gurdurr\n|-damage|p1a: Gurdurr|3\/100\n|\n|upkeep\n|turn|23\n|\n|t:|1667950081\n|move|p1a: Gurdurr|High Horsepower|p2a: Clefairy\n|-damage|p2a: Clefairy|42\/100 psn\n|move|p2a: Clefairy|Soft-Boiled|p2a: Clefairy\n|-heal|p2a: Clefairy|92\/100 psn\n|\n|upkeep\n|turn|24\n|\n|t:|1667950099\n|move|p1a: Gurdurr|High Horsepower|p2a: Clefairy\n|-damage|p2a: Clefairy|65\/100 psn\n|move|p2a: Clefairy|Knock Off|p1a: Gurdurr\n|-resisted|p1a: Gurdurr\n|-damage|p1a: Gurdurr|0 fnt\n|-enditem|p1a: Gurdurr|Eviolite|[from] move: Knock Off|[of] p2a: Clefairy\n|faint|p1a: Gurdurr\n|\n|upkeep\n|\n|t:|1667950103\n|switch|p1a: Roselia|Roselia, M|59\/100\n|-damage|p1a: Roselia|46\/100|[from] Stealth Rock\n|turn|25\n|\n|t:|1667950111\n|switch|p2a: Electabuzz|Electabuzz, F|100\/100\n|-status|p2a: Electabuzz|psn\n|-damage|p2a: Electabuzz|88\/100 psn|[from] Stealth Rock\n|move|p1a: Roselia|Sludge Bomb|p2a: Electabuzz\n|-damage|p2a: Electabuzz|56\/100 psn\n|\n|-damage|p2a: Electabuzz|44\/100 psn|[from] psn\n|upkeep\n|turn|26\n|\n|t:|1667950118\n|switch|p1a: Zweilous|Zweilous, F|88\/100\n|-damage|p1a: Zweilous|75\/100|[from] Stealth Rock\n|move|p2a: Electabuzz|Psychic|p1a: Zweilous\n|-immune|p1a: Zweilous\n|\n|-heal|p1a: Zweilous|81\/100|[from] item: Leftovers\n|-damage|p2a: Electabuzz|31\/100 psn|[from] psn\n|upkeep\n|turn|27\n|\n|t:|1667950121\n|move|p2a: Electabuzz|Focus Blast|p1a: Zweilous\n|-supereffective|p1a: Zweilous\n|-damage|p1a: Zweilous|0 fnt\n|faint|p1a: Zweilous\n|\n|-damage|p2a: Electabuzz|19\/100 psn|[from] psn\n|upkeep\n|\n|t:|1667950127\n|switch|p1a: Electabuzz|Electabuzz, M|88\/100\n|-damage|p1a: Electabuzz|76\/100|[from] Stealth Rock\n|turn|28\n|\n|t:|1667950135\n|move|p2a: Electabuzz|Psychic|p1a: Electabuzz\n|-damage|p1a: Electabuzz|52\/100\n|move|p1a: Electabuzz|Volt Switch|p2a: Electabuzz\n|-resisted|p2a: Electabuzz\n|-damage|p2a: Electabuzz|5\/100 psn\n|\n|t:|1667950138\n|switch|p1a: Duosion|Duosion, M|100\/100|[from]move: Volt Switch\n|-damage|p1a: Duosion|88\/100|[from] Stealth Rock\n|\n|-damage|p2a: Electabuzz|0 fnt|[from] psn\n|faint|p2a: Electabuzz\n|upkeep\n|j|%KaenSoul\n|\n|t:|1667950157\n|switch|p2a: Stupid Shit|Duosion, M|100\/100 psn\n|turn|29\n|\n|t:|1667950160\n|move|p1a: Duosion|Shadow Ball|p2a: Stupid Shit\n|-supereffective|p2a: Stupid Shit\n|-damage|p2a: Stupid Shit|69\/100 psn\n|move|p2a: Stupid Shit|Calm Mind|p2a: Stupid Shit\n|-boost|p2a: Stupid Shit|spa|1\n|-boost|p2a: Stupid Shit|spd|1\n|\n|upkeep\n|turn|30\n|\n|t:|1667950165\n|move|p1a: Duosion|Shadow Ball|p2a: Stupid Shit\n|-supereffective|p2a: Stupid Shit\n|-damage|p2a: Stupid Shit|48\/100 psn\n|move|p2a: Stupid Shit|Recover|p2a: Stupid Shit\n|-heal|p2a: Stupid Shit|98\/100 psn\n|\n|upkeep\n|turn|31\n|\n|t:|1667950170\n|move|p2a: Stupid Shit|Calm Mind|p2a: Stupid Shit\n|-boost|p2a: Stupid Shit|spa|1\n|-boost|p2a: Stupid Shit|spd|1\n|move|p1a: Duosion|Shadow Ball|p2a: Stupid Shit\n|-supereffective|p2a: Stupid Shit\n|-damage|p2a: Stupid Shit|83\/100 psn\n|-unboost|p2a: Stupid Shit|spd|1\n|\n|upkeep\n|turn|32\n|\n|t:|1667950173\n|move|p2a: Stupid Shit|Calm Mind|p2a: Stupid Shit\n|-boost|p2a: Stupid Shit|spa|1\n|-boost|p2a: Stupid Shit|spd|1\n|move|p1a: Duosion|Shadow Ball|p2a: Stupid Shit\n|-supereffective|p2a: Stupid Shit\n|-damage|p2a: Stupid Shit|68\/100 psn\n|\n|upkeep\n|turn|33\n|l| Gunnygod\n|\n|t:|1667950178\n|move|p1a: Duosion|Shadow Ball|p2a: Stupid Shit\n|-supereffective|p2a: Stupid Shit\n|-damage|p2a: Stupid Shit|53\/100 psn\n|move|p2a: Stupid Shit|Calm Mind|p2a: Stupid Shit\n|-boost|p2a: Stupid Shit|spa|1\n|-boost|p2a: Stupid Shit|spd|1\n|\n|upkeep\n|turn|34\n|\n|t:|1667950180\n|move|p1a: Duosion|Shadow Ball|p2a: Stupid Shit\n|-supereffective|p2a: Stupid Shit\n|-damage|p2a: Stupid Shit|40\/100 psn\n|move|p2a: Stupid Shit|Recover|p2a: Stupid Shit\n|-heal|p2a: Stupid Shit|90\/100 psn\n|\n|upkeep\n|turn|35\n|\n|t:|1667950185\n|move|p1a: Duosion|Shadow Ball|p2a: Stupid Shit\n|-supereffective|p2a: Stupid Shit\n|-damage|p2a: Stupid Shit|78\/100 psn\n|move|p2a: Stupid Shit|Calm Mind|p2a: Stupid Shit\n|-boost|p2a: Stupid Shit|spa|1\n|-boost|p2a: Stupid Shit|spd|1\n|\n|upkeep\n|turn|36\n|\n|t:|1667950190\n|move|p2a: Stupid Shit|Calm Mind|p2a: Stupid Shit\n|-boost|p2a: Stupid Shit|spa|1\n|-boost|p2a: Stupid Shit|spd|1\n|move|p1a: Duosion|Shadow Ball|p2a: Stupid Shit\n|-supereffective|p2a: Stupid Shit\n|-damage|p2a: Stupid Shit|69\/100 psn\n|-unboost|p2a: Stupid Shit|spd|1\n|\n|upkeep\n|turn|37\n|\n|t:|1667950193\n|move|p1a: Duosion|Shadow Ball|p2a: Stupid Shit\n|-supereffective|p2a: Stupid Shit\n|-damage|p2a: Stupid Shit|59\/100 psn\n|move|p2a: Stupid Shit|Calm Mind|p2a: Stupid Shit\n|-boost|p2a: Stupid Shit|spa|0\n|-boost|p2a: Stupid Shit|spd|1\n|\n|upkeep\n|turn|38\n|\n|t:|1667950195\n|move|p1a: Duosion|Shadow Ball|p2a: Stupid Shit\n|-supereffective|p2a: Stupid Shit\n|-damage|p2a: Stupid Shit|50\/100 psn\n|move|p2a: Stupid Shit|Recover|p2a: Stupid Shit\n|-heal|p2a: Stupid Shit|99\/100 psn\n|\n|upkeep\n|turn|39\n|\n|t:|1667950197\n|move|p2a: Stupid Shit|Acid Armor|p2a: Stupid Shit\n|-boost|p2a: Stupid Shit|def|2\n|move|p1a: Duosion|Shadow Ball|p2a: Stupid Shit\n|-supereffective|p2a: Stupid Shit\n|-damage|p2a: Stupid Shit|91\/100 psn\n|\n|upkeep\n|turn|40\n|\n|t:|1667950199\n|move|p1a: Duosion|Shadow Ball|p2a: Stupid Shit\n|-supereffective|p2a: Stupid Shit\n|-damage|p2a: Stupid Shit|82\/100 psn\n|move|p2a: Stupid Shit|Acid Armor|p2a: Stupid Shit\n|-boost|p2a: Stupid Shit|def|2\n|\n|upkeep\n|turn|41\n|\n|t:|1667950201\n|move|p2a: Stupid Shit|Acid Armor|p2a: Stupid Shit\n|-boost|p2a: Stupid Shit|def|2\n|move|p1a: Duosion|Shadow Ball|p2a: Stupid Shit\n|-supereffective|p2a: Stupid Shit\n|-damage|p2a: Stupid Shit|73\/100 psn\n|\n|upkeep\n|turn|42\n|\n|t:|1667950206\n|move|p1a: Duosion|Shadow Ball|p2a: Stupid Shit\n|-supereffective|p2a: Stupid Shit\n|-damage|p2a: Stupid Shit|64\/100 psn\n|move|p2a: Stupid Shit|Stored Power|p1a: Duosion\n|-resisted|p1a: Duosion\n|-damage|p1a: Duosion|0 fnt\n|faint|p1a: Duosion\n|\n|upkeep\n|\n|t:|1667950214\n|switch|p1a: Electabuzz|Electabuzz, M|52\/100\n|-damage|p1a: Electabuzz|40\/100|[from] Stealth Rock\n|turn|43\n|\n|t:|1667950221\n|move|p1a: Electabuzz|Thunderbolt|p2a: Stupid Shit\n|-damage|p2a: Stupid Shit|56\/100 psn\n|move|p2a: Stupid Shit|Recover|p2a: Stupid Shit\n|-heal|p2a: Stupid Shit|100\/100 psn\n|\n|upkeep\n|turn|44\n|\n|t:|1667950223\n|move|p1a: Electabuzz|Thunderbolt|p2a: Stupid Shit\n|-damage|p2a: Stupid Shit|93\/100 psn\n|move|p2a: Stupid Shit|Stored Power|p1a: Electabuzz\n|-damage|p1a: Electabuzz|0 fnt\n|faint|p1a: Electabuzz\n|\n|upkeep\n|\n|t:|1667950225\n|switch|p1a: Roselia|Roselia, M|46\/100\n|-damage|p1a: Roselia|34\/100|[from] Stealth Rock\n|turn|45\n|c|\u2606Rex15808|gg\n|\n|t:|1667950230\n|move|p1a: Roselia|Leaf Storm|p2a: Stupid Shit\n|-damage|p2a: Stupid Shit|84\/100 psn\n|-unboost|p1a: Roselia|spa|2\n|move|p2a: Stupid Shit|Stored Power|p1a: Roselia\n|-supereffective|p1a: Roselia\n|-damage|p1a: Roselia|0 fnt\n|faint|p1a: Roselia\n|\n|win|Rex15808\n|n|\u2606Faygos|faygos\n|n|\u2606Rex15808|rex15808\n|n| gnsaigon|gnsaigon\n|n| KaenSoul|kaensoul\n","uploadtime":1667950232,"views":4,"p1id":"faygos","p2id":"rex15808","formatid":"gen8nfe","rating":0,"private":0,"password":null}