{"id":"gen8randombattle-1648887806","p1":"himynametay","p2":"LuckyLuxray101","format":"gen8randombattle","log":"|j|\u203dhimynametay\n|j|\u2606LuckyLuxray101\n|t:|1661534588\n|gametype|singles\n|player|p1|himynametay|elesa-masters|1727\n|player|p2|LuckyLuxray101|lucas|1771\n|teamsize|p1|6\n|teamsize|p2|6\n|gen|8\n|tier|[Gen 8] Random Battle\n|rated|\n|rule|Species Clause: Limit one of each Pok\u00e9mon\n|rule|HP Percentage Mod: HP is shown in percentages\n|rule|Sleep Clause Mod: Limit one foe put to sleep\n|\n|t:|1661534588\n|start\n|switch|p1a: Cinderace|Cinderace, L74, M|239\/239\n|switch|p2a: Slowbro|Slowbro, L84, F|297\/297\n|turn|1\n|\n|t:|1661534622\n|move|p1a: Cinderace|U-turn|p2a: Slowbro\n|-start|p1a: Cinderace|typechange|Bug|[from] ability: Libero\n|-supereffective|p2a: Slowbro\n|-damage|p2a: Slowbro|139\/297\n|inactive|Battle timer is ON: inactive players will automatically lose when time's up. (requested by LuckyLuxray101)\n|\n|t:|1661534629\n|switch|p1a: Orbeetle|Orbeetle, L86, M|243\/243\n|-item|p2a: Slowbro|Leftovers|[from] ability: Frisk|[of] p1a: Orbeetle|[identify]\n|move|p2a: Slowbro|Scald|p1a: Orbeetle\n|-damage|p1a: Orbeetle|170\/243\n|-status|p1a: Orbeetle|brn\n|\n|-heal|p2a: Slowbro|157\/297|[from] item: Leftovers\n|-damage|p1a: Orbeetle|155\/243 brn|[from] brn\n|upkeep\n|turn|2\n|\n|t:|1661534644\n|switch|p2a: Cinderace|Cinderace, L74, M|239\/239\n|move|p1a: Orbeetle|Bug Buzz|p2a: Cinderace\n|-resisted|p2a: Cinderace\n|-damage|p2a: Cinderace|184\/239\n|\n|-damage|p1a: Orbeetle|140\/243 brn|[from] brn\n|upkeep\n|turn|3\n|\n|t:|1661534655\n|switch|p1a: Clawitzer|Clawitzer, L84, F|256\/256\n|move|p2a: Cinderace|Pyro Ball|p1a: Clawitzer|[miss]\n|-miss|p2a: Cinderace|p1a: Clawitzer\n|\n|upkeep\n|turn|4\n|\n|t:|1661534666\n|switch|p2a: Audino|Audino, L91, F|335\/335\n|move|p1a: Clawitzer|Dark Pulse|p2a: Audino\n|-damage|p2a: Audino|186\/335\n|\n|-heal|p2a: Audino|206\/335|[from] item: Leftovers\n|upkeep\n|turn|5\n|\n|t:|1661534679\n|switch|p1a: Cradily|Cradily, L86, M|288\/288\n|move|p2a: Audino|Wish|p2a: Audino\n|\n|-heal|p2a: Audino|226\/335|[from] item: Leftovers\n|upkeep\n|turn|6\n|\n|t:|1661534683\n|move|p2a: Audino|Toxic|p1a: Cradily\n|-status|p1a: Cradily|tox\n|move|p1a: Cradily|Stone Edge|p2a: Audino|[miss]\n|-miss|p1a: Cradily|p2a: Audino\n|\n|-heal|p2a: Audino|335\/335|[from] move: Wish|[wisher] Audino\n|-damage|p1a: Cradily|270\/288 tox|[from] psn\n|upkeep\n|turn|7\n|\n|t:|1661534685\n|move|p2a: Audino|Wish|p2a: Audino\n|move|p1a: Cradily|Swords Dance|p1a: Cradily\n|-boost|p1a: Cradily|atk|2\n|\n|-heal|p1a: Cradily|288\/288 tox|[from] item: Leftovers\n|-damage|p1a: Cradily|252\/288 tox|[from] psn\n|upkeep\n|turn|8\n|\n|t:|1661534687\n|move|p2a: Audino|Knock Off|p1a: Cradily\n|-damage|p1a: Cradily|200\/288 tox\n|-enditem|p1a: Cradily|Leftovers|[from] move: Knock Off|[of] p2a: Audino\n|move|p1a: Cradily|Stone Edge|p2a: Audino\n|-crit|p2a: Audino\n|-damage|p2a: Audino|65\/335\n|\n|-heal|p2a: Audino|232\/335|[from] move: Wish|[wisher] Audino\n|-heal|p2a: Audino|252\/335|[from] item: Leftovers\n|-damage|p1a: Cradily|146\/288 tox|[from] psn\n|upkeep\n|turn|9\n|\n|t:|1661534696\n|move|p2a: Audino|Protect|p2a: Audino\n|-singleturn|p2a: Audino|Protect\n|move|p1a: Cradily|Stone Edge|p2a: Audino\n|-activate|p2a: Audino|move: Protect\n|\n|-heal|p2a: Audino|272\/335|[from] item: Leftovers\n|-damage|p1a: Cradily|74\/288 tox|[from] psn\n|upkeep\n|turn|10\n|\n|t:|1661534699\n|switch|p2a: Copperajah|Copperajah, L84, F|342\/342\n|move|p1a: Cradily|Recover|p1a: Cradily\n|-heal|p1a: Cradily|218\/288 tox\n|\n|-damage|p1a: Cradily|128\/288 tox|[from] psn\n|upkeep\n|turn|11\n|\n|t:|1661534702\n|move|p1a: Cradily|Power Whip|p2a: Copperajah\n|-resisted|p2a: Copperajah\n|-damage|p2a: Copperajah|200\/342\n|move|p2a: Copperajah|Heavy Slam|p1a: Cradily\n|-supereffective|p1a: Cradily\n|-damage|p1a: Cradily|0 fnt\n|faint|p1a: Cradily\n|\n|upkeep\n|\n|t:|1661534705\n|switch|p1a: Cinderace|Cinderace, L74, M|239\/239\n|turn|12\n|\n|t:|1661534707\n|move|p1a: Cinderace|U-turn|p2a: Copperajah\n|-start|p1a: Cinderace|typechange|Bug|[from] ability: Libero\n|-resisted|p2a: Copperajah\n|-damage|p2a: Copperajah|140\/342\n|\n|t:|1661534711\n|switch|p1a: Orbeetle|Orbeetle, L86, M|140\/243 brn\n|-item|p2a: Copperajah|Choice Band|[from] ability: Frisk|[of] p1a: Orbeetle|[identify]\n|move|p2a: Copperajah|Heavy Slam|p1a: Orbeetle\n|-damage|p1a: Orbeetle|0 fnt\n|faint|p1a: Orbeetle\n|\n|upkeep\n|\n|t:|1661534715\n|switch|p1a: Clawitzer|Clawitzer, L84, F|256\/256\n|turn|13\n|\n|t:|1661534738\n|move|p1a: Clawitzer|Scald|p2a: Copperajah\n|-damage|p2a: Copperajah|0 fnt\n|faint|p2a: Copperajah\n|\n|upkeep\n|\n|t:|1661534742\n|switch|p2a: Audino|Audino, L91, F|335\/335\n|turn|14\n|\n|t:|1661534767\n|switch|p1a: Pangoro|Pangoro, L84, F|297\/297\n|move|p2a: Audino|Knock Off|p1a: Pangoro\n|-resisted|p1a: Pangoro\n|-damage|p1a: Pangoro|282\/297\n|-enditem|p1a: Pangoro|Choice Band|[from] move: Knock Off|[of] p2a: Audino\n|\n|upkeep\n|turn|15\n|\n|t:|1661534790\n|move|p2a: Audino|Protect|p2a: Audino\n|-singleturn|p2a: Audino|Protect\n|move|p1a: Pangoro|Close Combat|p2a: Audino\n|-activate|p2a: Audino|move: Protect\n|\n|upkeep\n|turn|16\n|inactive|himynametay has 120 seconds left.\n|\n|t:|1661534816\n|move|p1a: Pangoro|Close Combat|p2a: Audino\n|-supereffective|p2a: Audino\n|-damage|p2a: Audino|63\/335\n|-unboost|p1a: Pangoro|def|1\n|-unboost|p1a: Pangoro|spd|1\n|move|p2a: Audino|Wish|p2a: Audino\n|\n|-heal|p2a: Audino|83\/335|[from] item: Leftovers\n|upkeep\n|turn|17\n|\n|t:|1661534821\n|move|p2a: Audino|Protect|p2a: Audino\n|-singleturn|p2a: Audino|Protect\n|move|p1a: Pangoro|Knock Off|p2a: Audino\n|-activate|p2a: Audino|move: Protect\n|\n|-heal|p2a: Audino|250\/335|[from] move: Wish|[wisher] Audino\n|-heal|p2a: Audino|270\/335|[from] item: Leftovers\n|upkeep\n|turn|18\n|\n|t:|1661534827\n|switch|p2a: Mudsdale|Mudsdale, L82, M|298\/298\n|move|p1a: Pangoro|Close Combat|p2a: Mudsdale\n|-damage|p2a: Mudsdale|166\/298\n|-unboost|p1a: Pangoro|def|1\n|-unboost|p1a: Pangoro|spd|1\n|-ability|p2a: Mudsdale|Stamina|boost\n|-boost|p2a: Mudsdale|def|1\n|\n|-heal|p2a: Mudsdale|184\/298|[from] item: Leftovers\n|upkeep\n|turn|19\n|inactive|himynametay has 120 seconds left.\n|\n|t:|1661534872\n|move|p1a: Pangoro|Parting Shot|p2a: Mudsdale\n|-unboost|p2a: Mudsdale|atk|1\n|-unboost|p2a: Mudsdale|spa|1\n|\n|t:|1661534873\n|switch|p1a: Clawitzer|Clawitzer, L84, F|256\/256\n|move|p2a: Mudsdale|Earthquake|p1a: Clawitzer\n|-damage|p1a: Clawitzer|172\/256\n|\n|-heal|p2a: Mudsdale|202\/298|[from] item: Leftovers\n|upkeep\n|turn|20\n|\n|t:|1661534879\n|switch|p2a: Audino|Audino, L91, F|335\/335\n|move|p1a: Clawitzer|Scald|p2a: Audino\n|-damage|p2a: Audino|182\/335\n|-status|p2a: Audino|brn\n|\n|-heal|p2a: Audino|202\/335 brn|[from] item: Leftovers\n|-damage|p2a: Audino|182\/335 brn|[from] brn\n|upkeep\n|turn|21\n|\n|t:|1661534887\n|switch|p1a: Pangoro|Pangoro, L84, F|282\/297\n|move|p2a: Audino|Wish|p2a: Audino\n|\n|-heal|p2a: Audino|202\/335 brn|[from] item: Leftovers\n|-damage|p2a: Audino|182\/335 brn|[from] brn\n|upkeep\n|turn|22\n|inactive|himynametay has 120 seconds left.\n|\n|t:|1661534921\n|switch|p2a: Mudsdale|Mudsdale, L82, M|202\/298\n|move|p1a: Pangoro|Close Combat|p2a: Mudsdale\n|-damage|p2a: Mudsdale|69\/298\n|-unboost|p1a: Pangoro|def|1\n|-unboost|p1a: Pangoro|spd|1\n|-ability|p2a: Mudsdale|Stamina|boost\n|-boost|p2a: Mudsdale|def|1\n|\n|-heal|p2a: Mudsdale|236\/298|[from] move: Wish|[wisher] Audino\n|-heal|p2a: Mudsdale|254\/298|[from] item: Leftovers\n|upkeep\n|turn|23\n|\n|t:|1661534932\n|move|p1a: Pangoro|Parting Shot|p2a: Mudsdale\n|-unboost|p2a: Mudsdale|atk|1\n|-unboost|p2a: Mudsdale|spa|1\n|\n|t:|1661534935\n|switch|p1a: Clawitzer|Clawitzer, L84, F|172\/256\n|move|p2a: Mudsdale|Stealth Rock|p1a: Clawitzer\n|-sidestart|p1: himynametay|move: Stealth Rock\n|\n|-heal|p2a: Mudsdale|272\/298|[from] item: Leftovers\n|upkeep\n|turn|24\n|\n|t:|1661534940\n|move|p1a: Clawitzer|Dark Pulse|p2a: Mudsdale\n|-damage|p2a: Mudsdale|123\/298\n|-ability|p2a: Mudsdale|Stamina|boost\n|-boost|p2a: Mudsdale|def|1\n|move|p2a: Mudsdale|Earthquake|p1a: Clawitzer\n|-damage|p1a: Clawitzer|96\/256\n|\n|-heal|p2a: Mudsdale|141\/298|[from] item: Leftovers\n|upkeep\n|turn|25\n|\n|t:|1661534945\n|move|p1a: Clawitzer|Dark Pulse|p2a: Mudsdale\n|-damage|p2a: Mudsdale|0 fnt\n|faint|p2a: Mudsdale\n|\n|upkeep\n|\n|t:|1661534959\n|switch|p2a: Cinderace|Cinderace, L74, M|184\/239\n|turn|26\n|\n|t:|1661534970\n|move|p2a: Cinderace|U-turn|p1a: Clawitzer\n|-start|p2a: Cinderace|typechange|Bug|[from] ability: Libero\n|-damage|p1a: Clawitzer|0 fnt\n|faint|p1a: Clawitzer\n|\n|t:|1661534979\n|switch|p2a: Audino|Audino, L91, F|293\/335 brn\n|\n|-heal|p2a: Audino|313\/335 brn|[from] item: Leftovers\n|-damage|p2a: Audino|293\/335 brn|[from] brn\n|upkeep\n|\n|t:|1661534983\n|switch|p1a: Pangoro|Pangoro, L84, F|282\/297\n|-damage|p1a: Pangoro|264\/297|[from] Stealth Rock\n|turn|27\n|\n|t:|1661534987\n|move|p2a: Audino|Protect|p2a: Audino\n|-singleturn|p2a: Audino|Protect\n|move|p1a: Pangoro|Close Combat|p2a: Audino\n|-activate|p2a: Audino|move: Protect\n|\n|-heal|p2a: Audino|313\/335 brn|[from] item: Leftovers\n|-damage|p2a: Audino|293\/335 brn|[from] brn\n|upkeep\n|turn|28\n|\n|t:|1661534989\n|switch|p2a: Slowbro|Slowbro, L84, F|256\/297\n|move|p1a: Pangoro|Close Combat|p2a: Slowbro\n|-resisted|p2a: Slowbro\n|-damage|p2a: Slowbro|187\/297\n|-unboost|p1a: Pangoro|def|1\n|-unboost|p1a: Pangoro|spd|1\n|\n|-heal|p2a: Slowbro|205\/297|[from] item: Leftovers\n|upkeep\n|turn|29\n|\n|t:|1661534997\n|switch|p2a: Audino|Audino, L91, F|335\/335 brn\n|move|p1a: Pangoro|Knock Off|p2a: Audino\n|-damage|p2a: Audino|226\/335 brn\n|-enditem|p2a: Audino|Leftovers|[from] move: Knock Off|[of] p1a: Pangoro\n|\n|-damage|p2a: Audino|206\/335 brn|[from] brn\n|upkeep\n|turn|30\n|\n|t:|1661535010\n|move|p2a: Audino|Protect|p2a: Audino\n|-singleturn|p2a: Audino|Protect\n|move|p1a: Pangoro|Close Combat|p2a: Audino\n|-activate|p2a: Audino|move: Protect\n|\n|-damage|p2a: Audino|186\/335 brn|[from] brn\n|upkeep\n|turn|31\n|\n|t:|1661535014\n|move|p1a: Pangoro|Knock Off|p2a: Audino\n|-damage|p2a: Audino|101\/335 brn\n|move|p2a: Audino|Wish|p2a: Audino\n|\n|-damage|p2a: Audino|81\/335 brn|[from] brn\n|upkeep\n|turn|32\n|\n|t:|1661535019\n|move|p2a: Audino|Protect|p2a: Audino\n|-singleturn|p2a: Audino|Protect\n|move|p1a: Pangoro|Knock Off|p2a: Audino\n|-activate|p2a: Audino|move: Protect\n|\n|-heal|p2a: Audino|248\/335 brn|[from] move: Wish|[wisher] Audino\n|-damage|p2a: Audino|228\/335 brn|[from] brn\n|upkeep\n|turn|33\n|\n|t:|1661535025\n|switch|p2a: Slowbro|Slowbro, L84, F|297\/297\n|move|p1a: Pangoro|Knock Off|p2a: Slowbro\n|-supereffective|p2a: Slowbro\n|-damage|p2a: Slowbro|81\/297\n|-enditem|p2a: Slowbro|Leftovers|[from] move: Knock Off|[of] p1a: Pangoro\n|\n|upkeep\n|turn|34\n|\n|t:|1661535029\n|switch|p2a: Audino|Audino, L91, F|335\/335 brn\n|move|p1a: Pangoro|Gunk Shot|p2a: Audino\n|-damage|p2a: Audino|239\/335 brn\n|\n|-damage|p2a: Audino|219\/335 brn|[from] brn\n|upkeep\n|turn|35\n|\n|t:|1661535034\n|move|p1a: Pangoro|Parting Shot|p2a: Audino\n|-unboost|p2a: Audino|atk|1\n|-unboost|p2a: Audino|spa|1\n|\n|t:|1661535037\n|switch|p1a: Alakazam|Alakazam, L78, M|214\/214\n|move|p2a: Audino|Wish|p2a: Audino\n|\n|-damage|p2a: Audino|199\/335 brn|[from] brn\n|upkeep\n|turn|36\n|\n|t:|1661535041\n|move|p1a: Alakazam|Focus Blast|p2a: Audino|[miss]\n|-miss|p1a: Alakazam|p2a: Audino\n|move|p2a: Audino|Knock Off|p1a: Alakazam\n|-supereffective|p1a: Alakazam\n|-damage|p1a: Alakazam|151\/214\n|-enditem|p1a: Alakazam|Life Orb|[from] move: Knock Off|[of] p2a: Audino\n|\n|-heal|p2a: Audino|335\/335 brn|[from] move: Wish|[wisher] Audino\n|-damage|p2a: Audino|315\/335 brn|[from] brn\n|upkeep\n|turn|37\n|\n|t:|1661535045\n|switch|p2a: Slowbro|Slowbro, L84, F|180\/297\n|move|p1a: Alakazam|Nasty Plot|p1a: Alakazam\n|-boost|p1a: Alakazam|spa|2\n|\n|upkeep\n|turn|38\n|\n|t:|1661535048\n|move|p1a: Alakazam|Shadow Ball|p2a: Slowbro\n|-supereffective|p2a: Slowbro\n|-damage|p2a: Slowbro|0 fnt\n|faint|p2a: Slowbro\n|\n|upkeep\n|\n|t:|1661535052\n|switch|p2a: Cresselia|Cresselia, L80, F|323\/323\n|turn|39\n|\n|t:|1661535057\n|-start|p2a: Cresselia|Dynamax|\n|-heal|p2a: Cresselia|646\/646|[silent]\n|move|p1a: Alakazam|Shadow Ball|p2a: Cresselia\n|-supereffective|p2a: Cresselia\n|-damage|p2a: Cresselia|440\/646\n|move|p2a: Cresselia|Max Starfall|p1a: Alakazam\n|-crit|p1a: Alakazam\n|-damage|p1a: Alakazam|45\/214\n|-fieldstart|move: Misty Terrain\n|\n|-heal|p2a: Cresselia|460\/646|[from] item: Leftovers\n|upkeep\n|turn|40\n|\n|t:|1661535073\n|move|p1a: Alakazam|Shadow Ball|p2a: Cresselia\n|-supereffective|p2a: Cresselia\n|-damage|p2a: Cresselia|252\/646\n|move|p2a: Cresselia|Max Starfall|p1a: Alakazam\n|-damage|p1a: Alakazam|0 fnt\n|faint|p1a: Alakazam\n|\n|-heal|p2a: Cresselia|272\/646|[from] item: Leftovers\n|upkeep\n|\n|t:|1661535076\n|switch|p1a: Cinderace|Cinderace, L74, M|239\/239\n|-damage|p1a: Cinderace|180\/239|[from] Stealth Rock\n|turn|41\n|\n|t:|1661535081\n|-start|p1a: Cinderace|Dynamax|\n|-heal|p1a: Cinderace|360\/478|[silent]\n|move|p1a: Cinderace|Max Flare|p2a: Cresselia\n|-damage|p2a: Cresselia|163\/646\n|-weather|SunnyDay\n|move|p2a: Cresselia|Max Mindstorm|p1a: Cinderace\n|-damage|p1a: Cinderace|222\/478\n|-fieldstart|move: Psychic Terrain\n|\n|-weather|SunnyDay|[upkeep]\n|-heal|p2a: Cresselia|183\/646|[from] item: Leftovers\n|upkeep\n|-end|p2a: Cresselia|Dynamax\n|-heal|p2a: Cresselia|92\/323|[silent]\n|turn|42\n|\n|t:|1661535088\n|move|p1a: Cinderace|Max Flare|p2a: Cresselia\n|-damage|p2a: Cresselia|0 fnt\n|faint|p2a: Cresselia\n|\n|-weather|SunnyDay|[upkeep]\n|upkeep\n|\n|t:|1661535091\n|switch|p2a: Audino|Audino, L91, F|335\/335 brn\n|turn|43\n|\n|t:|1661535097\n|move|p1a: Cinderace|Max Flare|p2a: Audino\n|-damage|p2a: Audino|158\/335 brn\n|move|p2a: Audino|Knock Off|p1a: Cinderace\n|-damage|p1a: Cinderace|184\/478\n|-enditem|p1a: Cinderace|Choice Band|[from] move: Knock Off|[of] p2a: Audino\n|\n|-weather|SunnyDay|[upkeep]\n|-damage|p2a: Audino|138\/335 brn|[from] brn\n|upkeep\n|-end|p1a: Cinderace|Dynamax\n|-heal|p1a: Cinderace|92\/239|[silent]\n|turn|44\n|\n|t:|1661535102\n|move|p1a: Cinderace|Pyro Ball|p2a: Audino\n|-damage|p2a: Audino|0 fnt\n|faint|p2a: Audino\n|\n|-weather|SunnyDay|[upkeep]\n|upkeep\n|\n|t:|1661535103\n|switch|p2a: Cinderace|Cinderace, L74, M|184\/239\n|turn|45\n|\n|t:|1661535108\n|move|p1a: Cinderace|Zen Headbutt|p2a: Cinderace\n|-start|p1a: Cinderace|typechange|Psychic|[from] ability: Libero\n|-damage|p2a: Cinderace|54\/239\n|move|p2a: Cinderace|High Jump Kick|p1a: Cinderace\n|-start|p2a: Cinderace|typechange|Fighting|[from] ability: Libero\n|-resisted|p1a: Cinderace\n|-damage|p1a: Cinderace|0 fnt\n|faint|p1a: Cinderace\n|\n|-weather|none\n|-fieldend|move: Psychic Terrain\n|upkeep\n|\n|t:|1661535112\n|switch|p1a: Pangoro|Pangoro, L84, F|264\/297\n|-damage|p1a: Pangoro|246\/297|[from] Stealth Rock\n|turn|46\n|\n|t:|1661535113\n|move|p2a: Cinderace|High Jump Kick|p1a: Pangoro|[miss]\n|-miss|p2a: Cinderace|p1a: Pangoro\n|-damage|p2a: Cinderace|0 fnt|[from] highjumpkick\n|faint|p2a: Cinderace\n|\n|win|himynametay\n|raw|himynametay's rating: 1731 &rarr; <strong>1753<\/strong><br \/>(+22 for winning)\n|raw|LuckyLuxray101's rating: 1771 &rarr; <strong>1749<\/strong><br \/>(-22 for losing)\n|c|\u2606LuckyLuxray101|f\n","inputlog":">version 6a616b3eff9d23b71ac7ce9a5066e931b21dc500\n>start {\"formatid\":\"gen8randombattle\",\"seed\":[27414,18078,23008,13431],\"rated\":\"Rated battle\"}\n>player p1 {\"name\":\"himynametay\",\"avatar\":\"elesa-masters\",\"rating\":1727,\"seed\":[11102,42095,34110,19254]}\n>player p2 {\"name\":\"LuckyLuxray101\",\"avatar\":\"lucas\",\"rating\":1771,\"seed\":[61822,26871,13772,40522]}\n>p1 move uturn\n>p2 move scald\n>p1 switch 2\n>p1 move bugbuzz\n>p2 switch 5\n>p1 switch 6\n>p2 move pyroball\n>p1 move darkpulse\n>p2 switch 6\n>p1 switch 5\n>p2 move wish\n>p1 move stoneedge\n>p2 move toxic\n>p1 move swordsdance\n>p2 move wish\n>p1 move stoneedge\n>p2 move knockoff\n>p1 move stoneedge\n>p2 move protect\n>p1 move recover\n>p2 switch 4\n>p1 move powerwhip\n>p2 move heavyslam\n>p1 switch 2\n>p1 move uturn\n>p2 move heavyslam\n>p1 switch 6\n>p1 switch 5\n>p1 move scald\n>p2 move heavyslam\n>p2 switch 4\n>p1 switch 3\n>p2 move knockoff\n>p1 move closecombat\n>p2 move protect\n>p1 move closecombat\n>p2 move wish\n>p1 move knockoff\n>p2 move protect\n>p1 move closecombat\n>p2 switch 3\n>p1 move partingshot\n>p2 move earthquake\n>p1 switch 3\n>p1 move scald\n>p2 switch 3\n>p1 switch 3\n>p2 move wish\n>p1 move closecombat\n>p2 switch 3\n>p1 move partingshot\n>p2 move stealthrock\n>p1 switch 3\n>p1 move darkpulse\n>p2 move earthquake\n>p1 move darkpulse\n>p2 move earthquake\n>p2 switch 6\n>p1 move darkpulse\n>p2 move uturn\n>p2 switch 3\n>p1 switch 3\n>p1 move closecombat\n>p2 move protect\n>p1 move closecombat\n>p2 switch 5\n>p1 move knockoff\n>p2 switch 5\n>p1 move closecombat\n>p2 move protect\n>p1 move knockoff\n>p2 move wish\n>p1 move knockoff\n>p2 move protect\n>p1 move knockoff\n>p2 switch 5\n>p1 move gunkshot\n>p2 switch 5\n>p1 move partingshot\n>p2 move wish\n>p1 switch 4\n>p1 move focusblast\n>p2 move knockoff\n>p1 move nastyplot\n>p2 switch 5\n>p1 move shadowball\n>p2 move futuresight\n>p2 switch 2\n>p1 move shadowball\n>p2 move moonblast dynamax\n>p1 move shadowball\n>p2 move moonblast dynamax\n>p1 switch 6\n>p1 move pyroball dynamax\n>p2 move psyshock dynamax\n>p1 move pyroball dynamax\n>p2 move moonlight\n>p2 switch 5\n>p1 move pyroball dynamax\n>p2 move knockoff\n>p1 move pyroball\n>p2 move toxic\n>p2 switch 3\n>p1 move zenheadbutt\n>p2 move highjumpkick\n>p1 switch 4\n>p1 move closecombat\n>p2 move highjumpkick","uploadtime":1661535117,"views":6,"p1id":"himynametay","p2id":"luckyluxray101","formatid":"gen8randombattle","rating":1749,"private":0,"password":null}