{"id":"gen8oublitz-1671156355","p1":"stunnagirl","p2":"FENDINI","format":"gen8oublitz","log":"|inactive|Battle timer is ON: inactive players will automatically lose when time's up.\n|j|\u2606stunnagirl\n|j|\u2606FENDINI\n|t:|1663902253\n|gametype|singles\n|player|p1|stunnagirl|sage-gen2|1447\n|player|p2|FENDINI|ethan-masters|1466\n|teamsize|p1|6\n|teamsize|p2|6\n|gen|8\n|tier|[Gen 8] OU (Blitz)\n|rated|\n|rule|Sleep Clause Mod: Limit one foe put to sleep\n|rule|Species Clause: Limit one of each Pok\u00e9mon\n|rule|OHKO Clause: OHKO moves are banned\n|rule|Evasion Items Clause: Evasion items are banned\n|rule|Evasion Moves Clause: Evasion moves are banned\n|rule|Endless Battle Clause: Forcing endless battles is banned\n|rule|HP Percentage Mod: HP is shown in percentages\n|rule|Dynamax Clause: You cannot dynamax\n|rule|Blitz: Super-fast timer\n|clearpoke\n|poke|p1|Tyranitar, F|\n|poke|p1|Clefable, M|\n|poke|p1|Excadrill, F|\n|poke|p1|Ferrothorn, F|\n|poke|p1|Rotom-Wash|\n|poke|p1|Dragapult, F|\n|poke|p2|Rillaboom, F|\n|poke|p2|Tornadus-Therian, M|\n|poke|p2|Blaziken, M|\n|poke|p2|Melmetal|\n|poke|p2|Garchomp, F|\n|poke|p2|Slowbro, M|\n|teampreview\n|inactive|stunnagirl also wants the timer to be on.\n|inactive|stunnagirl has 30 seconds left.\n|inactive|FENDINI has 30 seconds left.\n|\n|t:|1663902272\n|start\n|switch|p1a: Clefable|Clefable, M|100\/100\n|switch|p2a: Tornadus|Tornadus-Therian, M|100\/100\n|turn|1\n|inactive|FENDINI has 10 seconds left.\n|inactive|FENDINI has 5 seconds left.\n|\n|t:|1663902282\n|move|p2a: Tornadus|U-turn|p1a: Clefable\n|-resisted|p1a: Clefable\n|-damage|p1a: Clefable|95\/100\n|-damage|p2a: Tornadus|84\/100|[from] item: Rocky Helmet|[of] p1a: Clefable\n|inactive|FENDINI has 10 seconds left this turn.\n|\n|t:|1663902286\n|switch|p2a: Melmetal|Melmetal|100\/100|[from]move: U-turn\n|move|p1a: Clefable|Knock Off|p2a: Melmetal\n|-damage|p2a: Melmetal|91\/100\n|-enditem|p2a: Melmetal|Leftovers|[from] move: Knock Off|[of] p1a: Clefable\n|\n|upkeep\n|turn|2\n|inactive|stunnagirl has 10 seconds left.\n|inactive|FENDINI has 10 seconds left.\n|\n|t:|1663902295\n|switch|p1a: Rotom|Rotom-Wash|100\/100\n|move|p2a: Melmetal|Superpower|p1a: Rotom\n|-damage|p1a: Rotom|49\/100\n|-unboost|p2a: Melmetal|atk|1\n|-unboost|p2a: Melmetal|def|1\n|\n|-heal|p1a: Rotom|55\/100|[from] item: Leftovers\n|upkeep\n|turn|3\n|inactive|FENDINI has 10 seconds left.\n|\n|t:|1663902300\n|switch|p2a: Tornadus|Tornadus-Therian, M|100\/100\n|move|p1a: Rotom|Hydro Pump|p2a: Tornadus\n|-damage|p2a: Tornadus|61\/100\n|\n|-heal|p1a: Rotom|61\/100|[from] item: Leftovers\n|upkeep\n|turn|4\n|inactive|stunnagirl has 10 seconds left.\n|\n|t:|1663902306\n|move|p2a: Tornadus|U-turn|p1a: Rotom\n|-damage|p1a: Rotom|44\/100\n|\n|t:|1663902307\n|switch|p2a: Garchomp|Garchomp, F|100\/100|[from]move: U-turn\n|move|p1a: Rotom|Toxic|p2a: Garchomp\n|-status|p2a: Garchomp|tox\n|\n|-heal|p1a: Rotom|50\/100|[from] item: Leftovers\n|-damage|p2a: Garchomp|94\/100 tox|[from] psn\n|upkeep\n|turn|5\n|\n|t:|1663902312\n|move|p1a: Rotom|Pain Split|p2a: Garchomp\n|-sethp|p2a: Garchomp|65\/100 tox|[from] move: Pain Split|[silent]\n|-sethp|p1a: Rotom|90\/100|[from] move: Pain Split\n|move|p2a: Garchomp|Stealth Rock|p1a: Rotom\n|-sidestart|p1: stunnagirl|move: Stealth Rock\n|\n|-heal|p1a: Rotom|96\/100|[from] item: Leftovers\n|-heal|p2a: Garchomp|72\/100 tox|[from] item: Leftovers\n|-damage|p2a: Garchomp|59\/100 tox|[from] psn\n|upkeep\n|turn|6\n|\n|t:|1663902317\n|switch|p1a: Clefable|Clefable, M|95\/100\n|move|p2a: Garchomp|Toxic|p1a: Clefable\n|-status|p1a: Clefable|tox\n|\n|-heal|p2a: Garchomp|65\/100 tox|[from] item: Leftovers\n|-damage|p2a: Garchomp|47\/100 tox|[from] psn\n|upkeep\n|turn|7\n|\n|t:|1663902321\n|switch|p2a: Slowbro|Slowbro, M|100\/100\n|move|p1a: Clefable|Stealth Rock|p2a: Slowbro\n|-sidestart|p2: FENDINI|move: Stealth Rock\n|\n|upkeep\n|turn|8\n|inactive|stunnagirl has 10 seconds left.\n|\n|t:|1663902327\n|switch|p1a: Rotom|Rotom-Wash|96\/100\n|-damage|p1a: Rotom|83\/100|[from] Stealth Rock\n|move|p2a: Slowbro|Future Sight|p1a: Rotom\n|-start|p2a: Slowbro|move: Future Sight\n|\n|-heal|p1a: Rotom|90\/100|[from] item: Leftovers\n|upkeep\n|turn|9\n|\n|t:|1663902331\n|move|p1a: Rotom|Volt Switch|p2a: Slowbro\n|-supereffective|p2a: Slowbro\n|-damage|p2a: Slowbro|51\/100\n|inactive|stunnagirl has 10 seconds left.\n|inactive|stunnagirl has 5 seconds left.\n|\n|t:|1663902342\n|switch|p1a: Dragapult|Dragapult, F|100\/100|[from]move: Volt Switch\n|-damage|p1a: Dragapult|88\/100|[from] Stealth Rock\n|move|p2a: Slowbro|Teleport|p2a: Slowbro\n|inactive|stunnagirl has 10 seconds left this turn.\n|inactive|FENDINI has 10 seconds left.\n|\n|t:|1663902348\n|switch|p2a: Tornadus|Tornadus-Therian, M|94\/100|[from]move: Teleport\n|\n|upkeep\n|turn|10\n|\n|t:|1663902350\n|move|p1a: Dragapult|U-turn|p2a: Tornadus\n|-resisted|p2a: Tornadus\n|-damage|p2a: Tornadus|85\/100\n|\n|t:|1663902354\n|switch|p1a: Tyranitar|Tyranitar, F|100\/100|[from]move: U-turn\n|-damage|p1a: Tyranitar|88\/100|[from] Stealth Rock\n|-weather|Sandstorm|[from] ability: Sand Stream|[of] p1a: Tyranitar\n|move|p2a: Tornadus|Knock Off|p1a: Tyranitar\n|-resisted|p1a: Tyranitar\n|-damage|p1a: Tyranitar|79\/100\n|-enditem|p1a: Tyranitar|Choice Band|[from] move: Knock Off|[of] p2a: Tornadus\n|\n|-weather|Sandstorm|[upkeep]\n|-damage|p2a: Tornadus|79\/100|[from] Sandstorm\n|-end|p1a: Tyranitar|move: Future Sight\n|-immune|p1a: Tyranitar\n|upkeep\n|turn|11\n|inactive|stunnagirl has 10 seconds left.\n|\n|t:|1663902360\n|move|p2a: Tornadus|U-turn|p1a: Tyranitar\n|-supereffective|p1a: Tyranitar\n|-damage|p1a: Tyranitar|54\/100\n|\n|t:|1663902363\n|switch|p2a: Melmetal|Melmetal|91\/100|[from]move: U-turn\n|-damage|p2a: Melmetal|85\/100|[from] Stealth Rock\n|move|p1a: Tyranitar|Superpower|p2a: Melmetal\n|-supereffective|p2a: Melmetal\n|-damage|p2a: Melmetal|31\/100\n|-unboost|p1a: Tyranitar|atk|1\n|-unboost|p1a: Tyranitar|def|1\n|\n|-weather|Sandstorm|[upkeep]\n|upkeep\n|turn|12\n|inactive|FENDINI has 10 seconds left.\n|\n|t:|1663902373\n|switch|p2a: Slowbro|Slowbro, M|85\/100\n|-damage|p2a: Slowbro|72\/100|[from] Stealth Rock\n|move|p1a: Tyranitar|Superpower|p2a: Slowbro\n|-resisted|p2a: Slowbro\n|-damage|p2a: Slowbro|63\/100\n|-unboost|p1a: Tyranitar|atk|1\n|-unboost|p1a: Tyranitar|def|1\n|-damage|p1a: Tyranitar|38\/100|[from] item: Rocky Helmet|[of] p2a: Slowbro\n|\n|-weather|Sandstorm|[upkeep]\n|-damage|p2a: Slowbro|57\/100|[from] Sandstorm\n|upkeep\n|turn|13\n|inactive|stunnagirl has 10 seconds left.\n|inactive|FENDINI has 10 seconds left.\n|\n|t:|1663902379\n|switch|p1a: Clefable|Clefable, M|95\/100 tox\n|move|p2a: Slowbro|Teleport|p2a: Slowbro\n|inactive|FENDINI has 10 seconds left.\n|\n|t:|1663902387\n|switch|p2a: Melmetal|Melmetal|31\/100|[from]move: Teleport\n|-damage|p2a: Melmetal|25\/100|[from] Stealth Rock\n|\n|-weather|Sandstorm|[upkeep]\n|upkeep\n|turn|14\n|\n|t:|1663902390\n|switch|p1a: Ferrothorn|Ferrothorn, F|100\/100\n|-damage|p1a: Ferrothorn|94\/100|[from] Stealth Rock\n|switch|p2a: Tornadus|Tornadus-Therian, M|100\/100\n|\n|-weather|none\n|-heal|p1a: Ferrothorn|100\/100|[from] item: Leftovers\n|upkeep\n|turn|15\n|\n|t:|1663902394\n|switch|p1a: Clefable|Clefable, M|95\/100 tox\n|move|p2a: Tornadus|Heat Wave|p1a: Clefable|[miss]\n|-miss|p2a: Tornadus|p1a: Clefable\n|\n|upkeep\n|turn|16\n|\n|t:|1663902397\n|move|p2a: Tornadus|Knock Off|p1a: Clefable\n|-resisted|p1a: Clefable\n|-damage|p1a: Clefable|87\/100 tox\n|-damage|p2a: Tornadus|84\/100|[from] item: Rocky Helmet|[of] p1a: Clefable\n|-enditem|p1a: Clefable|Rocky Helmet|[from] move: Knock Off|[of] p2a: Tornadus\n|move|p1a: Clefable|Moonblast|p2a: Tornadus\n|-damage|p2a: Tornadus|53\/100\n|\n|upkeep\n|turn|17\n|\n|t:|1663902401\n|move|p2a: Tornadus|U-turn|p1a: Clefable\n|-resisted|p1a: Clefable\n|-damage|p1a: Clefable|82\/100 tox\n|\n|t:|1663902403\n|switch|p2a: Slowbro|Slowbro, M|90\/100|[from]move: U-turn\n|-damage|p2a: Slowbro|77\/100|[from] Stealth Rock\n|move|p1a: Clefable|Moonblast|p2a: Slowbro\n|-damage|p2a: Slowbro|44\/100\n|\n|upkeep\n|turn|18\n|\n|t:|1663902406\n|move|p1a: Clefable|Knock Off|p2a: Slowbro\n|-supereffective|p2a: Slowbro\n|-damage|p2a: Slowbro|27\/100\n|-enditem|p2a: Slowbro|Rocky Helmet|[from] move: Knock Off|[of] p1a: Clefable\n|move|p2a: Slowbro|Teleport|p2a: Slowbro\n|inactive|FENDINI has 10 seconds left.\n|\n|t:|1663902412\n|switch|p2a: Blaziken|Blaziken, M|100\/100|[from]move: Teleport\n|-damage|p2a: Blaziken|88\/100|[from] Stealth Rock\n|\n|-heal|p2a: Blaziken|94\/100|[from] item: Leftovers\n|upkeep\n|turn|19\n|inactive|FENDINI has 10 seconds left.\n|\n|t:|1663902417\n|move|p2a: Blaziken|Swords Dance|p2a: Blaziken\n|-boost|p2a: Blaziken|atk|2\n|move|p1a: Clefable|Moonblast|p2a: Blaziken\n|-damage|p2a: Blaziken|55\/100\n|\n|-heal|p2a: Blaziken|61\/100|[from] item: Leftovers\n|-ability|p2a: Blaziken|Speed Boost|boost\n|-boost|p2a: Blaziken|spe|1\n|upkeep\n|turn|20\n|inactive|stunnagirl has 10 seconds left.\n|inactive|stunnagirl has 5 seconds left.\n|\n|t:|1663902431\n|switch|p1a: Ferrothorn|Ferrothorn, F|100\/100\n|-damage|p1a: Ferrothorn|94\/100|[from] Stealth Rock\n|move|p2a: Blaziken|Flare Blitz|p1a: Ferrothorn\n|-supereffective|p1a: Ferrothorn\n|-damage|p1a: Ferrothorn|0 fnt\n|-damage|p2a: Blaziken|49\/100|[from] ability: Iron Barbs|[of] p1a: Ferrothorn\n|faint|p1a: Ferrothorn\n|-damage|p2a: Blaziken|16\/100|[from] Recoil\n|\n|-heal|p2a: Blaziken|22\/100|[from] item: Leftovers\n|-ability|p2a: Blaziken|Speed Boost|boost\n|-boost|p2a: Blaziken|spe|1\n|upkeep\n|inactive|stunnagirl has 10 seconds left this turn.\n|inactive|stunnagirl has 5 seconds left.\n|\n|t:|1663902436\n|switch|p1a: Clefable|Clefable, M|82\/100 tox\n|turn|21\n|inactive|stunnagirl has 10 seconds left this turn.\n|inactive|FENDINI has 10 seconds left.\n|\n|t:|1663902444\n|switch|p1a: Tyranitar|Tyranitar, F|38\/100\n|-damage|p1a: Tyranitar|26\/100|[from] Stealth Rock\n|-weather|Sandstorm|[from] ability: Sand Stream|[of] p1a: Tyranitar\n|move|p2a: Blaziken|Flare Blitz|p1a: Tyranitar\n|-resisted|p1a: Tyranitar\n|-damage|p1a: Tyranitar|0 fnt\n|faint|p1a: Tyranitar\n|-damage|p2a: Blaziken|14\/100|[from] Recoil\n|\n|-weather|Sandstorm|[upkeep]\n|-damage|p2a: Blaziken|8\/100|[from] Sandstorm\n|-heal|p2a: Blaziken|14\/100|[from] item: Leftovers\n|-ability|p2a: Blaziken|Speed Boost|boost\n|-boost|p2a: Blaziken|spe|1\n|upkeep\n|inactive|stunnagirl has 10 seconds left.\n|inactive|stunnagirl has 5 seconds left.\n|\n|t:|1663902454\n|switch|p1a: Dragapult|Dragapult, F|88\/100\n|-damage|p1a: Dragapult|76\/100|[from] Stealth Rock\n|turn|22\n|inactive|stunnagirl has 10 seconds left this turn.\n|\n|t:|1663902457\n|move|p2a: Blaziken|Protect|p2a: Blaziken\n|-singleturn|p2a: Blaziken|Protect\n|move|p1a: Dragapult|Shadow Ball|p2a: Blaziken\n|-activate|p2a: Blaziken|move: Protect\n|\n|-weather|Sandstorm|[upkeep]\n|-damage|p2a: Blaziken|8\/100|[from] Sandstorm\n|-damage|p1a: Dragapult|70\/100|[from] Sandstorm\n|-heal|p2a: Blaziken|14\/100|[from] item: Leftovers\n|-ability|p2a: Blaziken|Speed Boost|boost\n|-boost|p2a: Blaziken|spe|1\n|upkeep\n|turn|23\n|\n|t:|1663902460\n|move|p2a: Blaziken|Flare Blitz|p1a: Dragapult\n|-resisted|p1a: Dragapult\n|-damage|p1a: Dragapult|0 fnt\n|faint|p1a: Dragapult\n|-damage|p2a: Blaziken|0 fnt|[from] Recoil\n|faint|p2a: Blaziken\n|\n|-weather|Sandstorm|[upkeep]\n|upkeep\n|inactive|FENDINI has 10 seconds left.\n|\n|t:|1663902469\n|switch|p1a: Excadrill|Excadrill, F|100\/100\n|switch|p2a: Rillaboom|Rillaboom, F|100\/100\n|-damage|p1a: Excadrill|97\/100|[from] Stealth Rock\n|-damage|p2a: Rillaboom|88\/100|[from] Stealth Rock\n|-fieldstart|move: Grassy Terrain|[from] ability: Grassy Surge|[of] p2a: Rillaboom\n|turn|24\n|inactive|FENDINI has 10 seconds left.\n|\n|t:|1663902474\n|move|p1a: Excadrill|Iron Head|p2a: Rillaboom\n|-damage|p2a: Rillaboom|43\/100\n|move|p2a: Rillaboom|Drain Punch|p1a: Excadrill\n|-supereffective|p1a: Excadrill\n|-damage|p1a: Excadrill|11\/100\n|-heal|p2a: Rillaboom|82\/100|[from] drain|[of] p1a: Excadrill\n|\n|-weather|Sandstorm|[upkeep]\n|-damage|p2a: Rillaboom|76\/100|[from] Sandstorm\n|-heal|p1a: Excadrill|17\/100|[from] Grassy Terrain\n|-heal|p1a: Excadrill|23\/100|[from] item: Leftovers\n|-heal|p2a: Rillaboom|82\/100|[from] Grassy Terrain\n|-heal|p2a: Rillaboom|88\/100|[from] item: Leftovers\n|upkeep\n|turn|25\n|inactive|stunnagirl has 10 seconds left.\n|l|\u2606stunnagirl\n|inactive|stunnagirl disconnected and has a minute to reconnect!\n|player|p1|\n|inactive|stunnagirl has 5 seconds left.\n|-message|stunnagirl lost due to inactivity.\n|\n|win|FENDINI\n|raw|stunnagirl's rating: 1447 &rarr; <strong>1428<\/strong><br \/>(-19 for losing)\n|raw|FENDINI's rating: 1466 &rarr; <strong>1485<\/strong><br \/>(+19 for winning)\n","uploadtime":1663902494,"views":6,"p1id":"stunnagirl","p2id":"fendini","formatid":"gen8oublitz","rating":1428,"private":0,"password":null}