{"id":"gen8anythinggoes-1686400844","p1":"AGLT5TX jushu","p2":"yokobaby","format":"gen8anythinggoes","log":"|raw|<div class=\"broadcast-blue\"><strong>This battle is required to be public due to a player having a name starting with 'aglt5tx'.<\/div>\n|j|\u2606AGLT5TX jushu\n|j|\u2606yokobaby\n|t:|1665844121\n|gametype|singles\n|player|p1|AGLT5TX jushu|266|1879\n|player|p2|yokobaby|cynthia-masters|1894\n|teamsize|p1|6\n|teamsize|p2|6\n|gen|8\n|tier|[Gen 8] Anything Goes\n|rated|\n|rule|HP Percentage Mod: HP is shown in percentages\n|rule|Endless Battle Clause: Forcing endless battles is banned\n|clearpoke\n|poke|p1|Excadrill, M|\n|poke|p1|Necrozma-Dusk-Mane|\n|poke|p1|Yveltal|\n|poke|p1|Xerneas-*|\n|poke|p1|Calyrex-Shadow|\n|poke|p1|Kyogre|\n|poke|p2|Calyrex-Shadow|\n|poke|p2|Ho-Oh|\n|poke|p2|Zekrom|\n|poke|p2|Eternatus|\n|poke|p2|Yveltal|\n|poke|p2|Necrozma-Dusk-Mane|\n|teampreview\n|inactive|Battle timer is ON: inactive players will automatically lose when time's up. (requested by AGLT5TX jushu)\n|\n|t:|1665844132\n|start\n|switch|p1a: Excadrill|Excadrill, M|100\/100\n|switch|p2a: Calyrex|Calyrex-Shadow|100\/100\n|-ability|p2a: Calyrex|As One\n|-ability|p2a: Calyrex|Unnerve\n|-ability|p1a: Excadrill|Mold Breaker\n|turn|1\n|\n|t:|1665844137\n|switch|p1a: Kyogre|Kyogre|100\/100\n|-weather|RainDance|[from] ability: Drizzle|[of] p1a: Kyogre\n|move|p2a: Calyrex|Trick|p1a: Kyogre\n|-activate|p2a: Calyrex|move: Trick|[of] p1a: Kyogre\n|-item|p1a: Kyogre|Choice Scarf|[from] move: Trick\n|-item|p2a: Calyrex|Choice Scarf|[from] move: Trick\n|\n|-weather|RainDance|[upkeep]\n|upkeep\n|turn|2\n|\n|t:|1665844147\n|switch|p1a: Excadrill|Excadrill, M|100\/100\n|-ability|p1a: Excadrill|Mold Breaker\n|move|p2a: Calyrex|Psyshock|p1a: Excadrill\n|-resisted|p1a: Excadrill\n|-damage|p1a: Excadrill|67\/100\n|\n|-weather|RainDance|[upkeep]\n|upkeep\n|turn|3\n|\n|t:|1665844153\n|-start|p2a: Calyrex|Dynamax|\n|-heal|p2a: Calyrex|100\/100|[silent]\n|move|p2a: Calyrex|Max Phantasm|p1a: Excadrill\n|-damage|p1a: Excadrill|0 fnt\n|faint|p1a: Excadrill\n|-ability|p2a: Calyrex|Grim Neigh|boost\n|-boost|p2a: Calyrex|spa|1\n|\n|-weather|RainDance|[upkeep]\n|upkeep\n|\n|t:|1665844159\n|switch|p1a: Calyrex|Calyrex-Shadow|100\/100\n|-ability|p1a: Calyrex|As One\n|-ability|p1a: Calyrex|Unnerve\n|turn|4\n|\n|t:|1665844164\n|-end|p2a: Calyrex|Dynamax\n|-heal|p2a: Calyrex|100\/100|[silent]\n|switch|p2a: Ho-Oh|Ho-Oh|100\/100\n|move|p1a: Calyrex|Nasty Plot|p1a: Calyrex\n|-boost|p1a: Calyrex|spa|2\n|\n|-weather|RainDance|[upkeep]\n|upkeep\n|turn|5\n|\n|t:|1665844170\n|move|p1a: Calyrex|Astral Barrage|p2a: Ho-Oh\n|-damage|p2a: Ho-Oh|35\/100\n|move|p2a: Ho-Oh|Thunder Wave|p1a: Calyrex|[miss]\n|-miss|p2a: Ho-Oh|p1a: Calyrex\n|\n|-weather|none\n|upkeep\n|turn|6\n|c|\u2606AGLT5TX jushu|6\n|c|\u2606yokobaby|6666\n|c|\u2606AGLT5TX jushu|666\n|c|\u2606yokobaby|\u73a9\u4e2a\u5c41\n|\n|t:|1665844192\n|switch|p2a: Yveltal|Yveltal|100\/100\n|-ability|p2a: Yveltal|Dark Aura\n|move|p1a: Calyrex|Astral Barrage|p2a: Yveltal\n|-resisted|p2a: Yveltal\n|-damage|p2a: Yveltal|33\/100\n|\n|upkeep\n|turn|7\n|\n|t:|1665844197\n|move|p1a: Calyrex|Astral Barrage|p2a: Yveltal\n|-resisted|p2a: Yveltal\n|-damage|p2a: Yveltal|0 fnt\n|faint|p2a: Yveltal\n|-ability|p1a: Calyrex|Grim Neigh|boost\n|-boost|p1a: Calyrex|spa|1\n|\n|upkeep\n|\n|t:|1665844205\n|switch|p2a: Ho-Oh|Ho-Oh|69\/100\n|turn|8\n|\n|t:|1665844209\n|move|p1a: Calyrex|Astral Barrage|p2a: Ho-Oh\n|-damage|p2a: Ho-Oh|0 fnt\n|faint|p2a: Ho-Oh\n|-ability|p1a: Calyrex|Grim Neigh|boost\n|-boost|p1a: Calyrex|spa|1\n|\n|upkeep\n|-message|yokobaby forfeited.\n|\n|win|AGLT5TX jushu\n|raw|AGLT5TX jushu's rating: 1879 &rarr; <strong>1900<\/strong><br \/>(+21 for winning)\n|raw|yokobaby's rating: 1894 &rarr; <strong>1873<\/strong><br \/>(-21 for losing)\n|l|\u2606yokobaby\n||Ladder isn't responding, score probably updated but might not have (Request timeout).\n","uploadtime":1665844220,"views":7,"p1id":"aglt5txjushu","p2id":"yokobaby","formatid":"gen8anythinggoes","rating":1873,"private":0,"password":null}