{"id":"gen8nationaldexuu-1586541655","p1":"Willis_Hescock","p2":"Sir Fresh","format":"gen8nationaldexuu","log":"|j|\u2606Willis_Hescock\n|j|\u2606Sir Fresh\n|t:|1654016173\n|gametype|singles\n|player|p1|Willis_Hescock|hugh|\n|player|p2|Sir Fresh|palmer|\n|teamsize|p1|6\n|teamsize|p2|6\n|gen|8\n|tier|[Gen 8] National Dex UU\n|rule|HP Percentage Mod: HP is shown in percentages\n|rule|Endless Battle Clause: Forcing endless battles is banned\n|rule|OHKO Clause: OHKO moves are banned\n|rule|Evasion Moves Clause: Evasion moves are banned\n|rule|Species Clause: Limit one of each Pok\u00e9mon\n|rule|Dynamax Clause: You cannot dynamax\n|rule|Sleep Clause Mod: Limit one foe put to sleep\n|clearpoke\n|poke|p1|Raichu, F|\n|poke|p1|Roserade, F|\n|poke|p1|Tentacruel, M|\n|poke|p1|Houndoom, M|\n|poke|p1|Mimikyu, F|\n|poke|p1|Turtonator, M|\n|poke|p2|Sceptile, M|\n|poke|p2|Milotic, F|\n|poke|p2|Doublade, M|\n|poke|p2|Gardevoir, F|\n|poke|p2|Claydol|\n|poke|p2|Jolteon, M|\n|teampreview\n|inactive|Battle timer is ON: inactive players will automatically lose when time's up. (requested by Willis_Hescock)\n|c|\u2606Sir Fresh|Glhf\n|inactiveoff|Battle timer is now OFF.\n|c|\u2606Willis_Hescock|Glhf\n|\n|t:|1654016192\n|start\n|switch|p1a: Turtonator|Turtonator, M|100\/100\n|switch|p2a: Inception|Claydol|100\/100\n|turn|1\n|\n|t:|1654016197\n|move|p2a: Inception|Earthquake|p1a: Turtonator\n|-supereffective|p1a: Turtonator\n|-damage|p1a: Turtonator|43\/100\n|move|p1a: Turtonator|Shell Smash|p1a: Turtonator\n|-unboost|p1a: Turtonator|def|1\n|-unboost|p1a: Turtonator|spd|1\n|-boost|p1a: Turtonator|atk|2\n|-boost|p1a: Turtonator|spa|2\n|-boost|p1a: Turtonator|spe|2\n|-enditem|p1a: Turtonator|White Herb\n|-clearnegativeboost|p1a: Turtonator|[silent]\n|\n|upkeep\n|turn|2\n|\n|t:|1654016209\n|move|p1a: Turtonator|Flamethrower|p2a: Inception\n|-damage|p2a: Inception|43\/100\n|-status|p2a: Inception|brn\n|move|p2a: Inception|Earthquake|p1a: Turtonator\n|-supereffective|p1a: Turtonator\n|-damage|p1a: Turtonator|17\/100\n|\n|-damage|p2a: Inception|37\/100 brn|[from] brn\n|upkeep\n|turn|3\n|\n|t:|1654016222\n|move|p1a: Turtonator|Flamethrower|p2a: Inception\n|-damage|p2a: Inception|0 fnt\n|faint|p2a: Inception\n|\n|upkeep\n|\n|t:|1654016260\n|switch|p2a: Emiya|Doublade, M|100\/100\n|turn|4\n|\n|t:|1654016264\n|move|p2a: Emiya|Shadow Sneak|p1a: Turtonator\n|-damage|p1a: Turtonator|0 fnt\n|faint|p1a: Turtonator\n|\n|upkeep\n|\n|t:|1654016272\n|switch|p1a: Houndoom|Houndoom, M|100\/100\n|turn|5\n|\n|t:|1654016276\n|switch|p2a: Zelda|Gardevoir, F|100\/100\n|-ability|p2a: Zelda|Flash Fire|[from] ability: Trace|[of] p1a: Houndoom\n|detailschange|p1a: Houndoom|Houndoom-Mega, M\n|-mega|p1a: Houndoom|Houndoom|Houndoominite\n|move|p1a: Houndoom|Flame Charge|p2a: Zelda\n|-start|p2a: Zelda|ability: Flash Fire\n|\n|upkeep\n|turn|6\n|\n|t:|1654016285\n|move|p2a: Zelda|Moonblast|p1a: Houndoom\n|-damage|p1a: Houndoom|40\/100\n|move|p1a: Houndoom|Sludge Bomb|p2a: Zelda\n|-supereffective|p2a: Zelda\n|-damage|p2a: Zelda|24\/100\n|-status|p2a: Zelda|psn\n|\n|-damage|p2a: Zelda|12\/100 psn|[from] psn\n|upkeep\n|turn|7\n|\n|t:|1654016294\n|-end|p2a: Zelda|ability: Flash Fire|[silent]\n|switch|p2a: Zatch|Jolteon, M|100\/100\n|switch|p1a: Raichu|Raichu, F|100\/100\n|\n|upkeep\n|turn|8\n|\n|t:|1654016308\n|move|p2a: Zatch|Hyper Voice|p1a: Raichu\n|-damage|p1a: Raichu|37\/100\n|move|p1a: Raichu|Knock Off|p2a: Zatch\n|-damage|p2a: Zatch|30\/100\n|-enditem|p2a: Zatch|Choice Specs|[from] move: Knock Off|[of] p1a: Raichu\n|\n|upkeep\n|turn|9\n|\n|t:|1654016319\n|switch|p1a: Mimikyu|Mimikyu, F|100\/100\n|move|p2a: Zatch|Shadow Ball|p1a: Mimikyu\n|-activate|p1a: Mimikyu|ability: Disguise\n|-damage|p1a: Mimikyu|100\/100\n|-unboost|p1a: Mimikyu|spd|1\n|detailschange|p1a: Mimikyu|Mimikyu-Busted, F\n|-damage|p1a: Mimikyu|88\/100|[from] pokemon: Mimikyu-Busted\n|\n|upkeep\n|turn|10\n|\n|t:|1654016329\n|move|p1a: Mimikyu|Shadow Sneak|p2a: Zatch\n|-damage|p2a: Zatch|0 fnt\n|faint|p2a: Zatch\n|-damage|p1a: Mimikyu|78\/100|[from] item: Life Orb\n|\n|upkeep\n|\n|t:|1654016334\n|switch|p2a: Groot|Sceptile, M|100\/100\n|turn|11\n|\n|t:|1654016342\n|detailschange|p2a: Groot|Sceptile-Mega, M\n|-mega|p2a: Groot|Sceptile|Sceptilite\n|move|p2a: Groot|Leaf Blade|p1a: Mimikyu\n|-damage|p1a: Mimikyu|0 fnt\n|faint|p1a: Mimikyu\n|\n|upkeep\n|\n|t:|1654016349\n|switch|p1a: Tentacruel|Tentacruel, M|100\/100\n|turn|12\n|\n|t:|1654016360\n|move|p2a: Groot|Earthquake|p1a: Tentacruel\n|-supereffective|p1a: Tentacruel\n|-damage|p1a: Tentacruel|0 fnt\n|faint|p1a: Tentacruel\n|\n|upkeep\n|\n|t:|1654016364\n|switch|p1a: Roserade|Roserade, F|100\/100\n|turn|13\n|\n|t:|1654016373\n|switch|p2a: Emiya|Doublade, M|100\/100\n|move|p1a: Roserade|Sludge Bomb|p2a: Emiya\n|-immune|p2a: Emiya\n|\n|upkeep\n|turn|14\n|\n|t:|1654016380\n|switch|p1a: Raichu|Raichu, F|37\/100\n|move|p2a: Emiya|Shadow Sneak|p1a: Raichu\n|-damage|p1a: Raichu|0 fnt\n|-status|p2a: Emiya|par|[from] ability: Static|[of] p1a: Raichu\n|faint|p1a: Raichu\n|\n|upkeep\n|\n|t:|1654016387\n|switch|p1a: Houndoom|Houndoom-Mega, M|40\/100\n|turn|15\n|\n|t:|1654016392\n|switch|p2a: Katara|Milotic, F|100\/100\n|move|p1a: Houndoom|Dark Pulse|p2a: Katara\n|-damage|p2a: Katara|70\/100\n|\n|upkeep\n|turn|16\n|\n|t:|1654016402\n|switch|p1a: Roserade|Roserade, F|100\/100\n|move|p2a: Katara|Recover|p2a: Katara\n|-heal|p2a: Katara|100\/100\n|\n|upkeep\n|turn|17\n|\n|t:|1654016406\n|move|p1a: Roserade|Giga Drain|p2a: Katara\n|-supereffective|p2a: Katara\n|-damage|p2a: Katara|49\/100\n|move|p2a: Katara|Scald|p1a: Roserade\n|-resisted|p1a: Roserade\n|-damage|p1a: Roserade|84\/100\n|\n|upkeep\n|turn|18\n|\n|t:|1654016415\n|switch|p2a: Emiya|Doublade, M|100\/100 par\n|move|p1a: Roserade|Giga Drain|p2a: Emiya\n|-resisted|p2a: Emiya\n|-damage|p2a: Emiya|75\/100 par\n|-heal|p1a: Roserade|99\/100|[from] drain|[of] p2a: Emiya\n|\n|upkeep\n|turn|19\n|\n|t:|1654016419\n|move|p1a: Roserade|Giga Drain|p2a: Emiya\n|-resisted|p2a: Emiya\n|-damage|p2a: Emiya|53\/100 par\n|-heal|p1a: Roserade|100\/100|[from] drain|[of] p2a: Emiya\n|cant|p2a: Emiya|par\n|\n|upkeep\n|turn|20\n|\n|t:|1654016422\n|move|p1a: Roserade|Giga Drain|p2a: Emiya\n|-resisted|p2a: Emiya\n|-damage|p2a: Emiya|27\/100 par\n|cant|p2a: Emiya|par\n|\n|upkeep\n|turn|21\n|\n|t:|1654016426\n|move|p2a: Emiya|Shadow Sneak|p1a: Roserade\n|-damage|p1a: Roserade|66\/100\n|move|p1a: Roserade|Giga Drain|p2a: Emiya\n|-resisted|p2a: Emiya\n|-damage|p2a: Emiya|4\/100 par\n|-heal|p1a: Roserade|80\/100|[from] drain|[of] p2a: Emiya\n|\n|upkeep\n|turn|22\n|\n|t:|1654016429\n|move|p2a: Emiya|Shadow Sneak|p1a: Roserade\n|-damage|p1a: Roserade|41\/100\n|move|p1a: Roserade|Giga Drain|p2a: Emiya\n|-resisted|p2a: Emiya\n|-damage|p2a: Emiya|0 fnt\n|-heal|p1a: Roserade|43\/100|[from] drain|[of] p2a: Emiya\n|faint|p2a: Emiya\n|\n|upkeep\n|\n|t:|1654016434\n|switch|p2a: Groot|Sceptile-Mega, M|100\/100\n|turn|23\n|\n|t:|1654016437\n|switch|p1a: Houndoom|Houndoom-Mega, M|40\/100\n|move|p2a: Groot|Earthquake|p1a: Houndoom\n|-supereffective|p1a: Houndoom\n|-damage|p1a: Houndoom|0 fnt\n|faint|p1a: Houndoom\n|\n|upkeep\n|\n|t:|1654016439\n|switch|p1a: Roserade|Roserade, F|43\/100\n|turn|24\n|\n|t:|1654016442\n|move|p1a: Roserade|Sludge Bomb|p2a: Groot\n|-supereffective|p2a: Groot\n|-damage|p2a: Groot|0 fnt\n|faint|p2a: Groot\n|\n|upkeep\n|\n|t:|1654016447\n|switch|p2a: Katara|Milotic, F|49\/100\n|turn|25\n|\n|t:|1654016450\n|move|p1a: Roserade|Sludge Bomb|p2a: Katara\n|-damage|p2a: Katara|15\/100\n|move|p2a: Katara|Recover|p2a: Katara\n|-heal|p2a: Katara|65\/100\n|\n|upkeep\n|turn|26\n|\n|t:|1654016454\n|move|p1a: Roserade|Sludge Bomb|p2a: Katara\n|-damage|p2a: Katara|35\/100\n|move|p2a: Katara|Recover|p2a: Katara\n|-heal|p2a: Katara|85\/100\n|\n|upkeep\n|turn|27\n|j| shownotis\n|\n|t:|1654016458\n|move|p1a: Roserade|Sludge Bomb|p2a: Katara\n|-damage|p2a: Katara|54\/100\n|move|p2a: Katara|Recover|p2a: Katara\n|-heal|p2a: Katara|100\/100\n|\n|upkeep\n|turn|28\n|\n|t:|1654016461\n|move|p1a: Roserade|Sludge Bomb|p2a: Katara\n|-damage|p2a: Katara|65\/100\n|move|p2a: Katara|Scald|p1a: Roserade\n|-resisted|p1a: Roserade\n|-damage|p1a: Roserade|26\/100\n|\n|upkeep\n|turn|29\n|\n|t:|1654016467\n|move|p1a: Roserade|Sludge Bomb|p2a: Katara\n|-damage|p2a: Katara|32\/100\n|move|p2a: Katara|Scald|p1a: Roserade\n|-resisted|p1a: Roserade\n|-damage|p1a: Roserade|7\/100\n|\n|upkeep\n|turn|30\n|\n|t:|1654016471\n|move|p1a: Roserade|Sludge Bomb|p2a: Katara\n|-damage|p2a: Katara|2\/100\n|move|p2a: Katara|Recover|p2a: Katara\n|-heal|p2a: Katara|52\/100\n|\n|upkeep\n|turn|31\n|\n|t:|1654016475\n|move|p1a: Roserade|Sludge Bomb|p2a: Katara\n|-damage|p2a: Katara|19\/100\n|-status|p2a: Katara|psn\n|move|p2a: Katara|Recover|p2a: Katara\n|-heal|p2a: Katara|69\/100 psn\n|\n|-damage|p2a: Katara|57\/100 psn|[from] psn\n|upkeep\n|turn|32\n|\n|t:|1654016478\n|move|p1a: Roserade|Sludge Bomb|p2a: Katara\n|-damage|p2a: Katara|27\/100 psn\n|move|p2a: Katara|Recover|p2a: Katara\n|-heal|p2a: Katara|77\/100 psn\n|\n|-damage|p2a: Katara|64\/100 psn|[from] psn\n|upkeep\n|turn|33\n|\n|t:|1654016483\n|move|p1a: Roserade|Sludge Bomb|p2a: Katara\n|-damage|p2a: Katara|31\/100 psn\n|move|p2a: Katara|Scald|p1a: Roserade\n|-resisted|p1a: Roserade\n|-damage|p1a: Roserade|0 fnt\n|faint|p1a: Roserade\n|\n|win|Sir Fresh\n|c|\u2606Sir Fresh|Gg\n|c|\u2606Willis_Hescock|Gg\n|c|\u2606Willis_Hescock|Why not just end it?\n","uploadtime":1654016494,"views":22,"p1id":"willishescock","p2id":"sirfresh","formatid":"gen8nationaldexuu","rating":0,"private":0,"password":null}