{"id":"gen8ou-1678395223","p1":"knexhawk2","p2":"mkyn","format":"gen8ou","log":"|j|\u2606knexhawk2\n|j|\u2606mkyn\n|t:|1664989137\n|gametype|singles\n|player|p1|knexhawk2|acetrainer-gen4dp|1870\n|player|p2|mkyn|morty|1747\n|teamsize|p1|6\n|teamsize|p2|6\n|gen|8\n|tier|[Gen 8] OU\n|rated|\n|rule|Sleep Clause Mod: Limit one foe put to sleep\n|rule|Species Clause: Limit one of each Pok\u00e9mon\n|rule|OHKO Clause: OHKO moves are banned\n|rule|Evasion Items Clause: Evasion items are banned\n|rule|Evasion Moves Clause: Evasion moves are banned\n|rule|Endless Battle Clause: Forcing endless battles is banned\n|rule|HP Percentage Mod: HP is shown in percentages\n|rule|Dynamax Clause: You cannot dynamax\n|clearpoke\n|poke|p1|Xurkitree|\n|poke|p1|Slowbro, F|\n|poke|p1|Rillaboom, M|\n|poke|p1|Melmetal|\n|poke|p1|Tornadus-Therian, M|\n|poke|p1|Landorus-Therian, M|\n|poke|p2|Victini|\n|poke|p2|Buzzwole|\n|poke|p2|Gastrodon-East, F|\n|poke|p2|Tyranitar, M|\n|poke|p2|Tapu Lele|\n|poke|p2|Tornadus-Therian, M|\n|teampreview\n|\n|t:|1664989146\n|start\n|switch|p1a: Slowbro|Slowbro, F|100\/100\n|switch|p2a: Tornadus|Tornadus-Therian, M|100\/100\n|turn|1\n|\n|t:|1664989148\n|move|p2a: Tornadus|Knock Off|p1a: Slowbro\n|-supereffective|p1a: Slowbro\n|-damage|p1a: Slowbro|75\/100\n|-damage|p2a: Tornadus|84\/100|[from] item: Rocky Helmet|[of] p1a: Slowbro\n|-enditem|p1a: Slowbro|Rocky Helmet|[from] move: Knock Off|[of] p2a: Tornadus\n|move|p1a: Slowbro|Teleport|p1a: Slowbro\n|j| westcottike\n|\n|t:|1664989150\n|switch|p1a: christmas lights|Xurkitree, shiny|100\/100|[from]move: Teleport\n|\n|upkeep\n|turn|2\n|\n|t:|1664989156\n|move|p2a: Tornadus|U-turn|p1a: christmas lights\n|-damage|p1a: christmas lights|79\/100\n|\n|t:|1664989161\n|switch|p2a: Tyranitar|Tyranitar, M|100\/100|[from]move: U-turn\n|-weather|Sandstorm|[from] ability: Sand Stream|[of] p2a: Tyranitar\n|move|p1a: christmas lights|Thunderbolt|p2a: Tyranitar\n|-damage|p2a: Tyranitar|69\/100\n|\n|-weather|Sandstorm|[upkeep]\n|-damage|p1a: christmas lights|72\/100|[from] Sandstorm\n|-heal|p2a: Tyranitar|75\/100|[from] item: Leftovers\n|upkeep\n|turn|3\n|\n|t:|1664989167\n|move|p1a: christmas lights|Volt Switch|p2a: Tyranitar\n|-damage|p2a: Tyranitar|51\/100\n|\n|t:|1664989169\n|switch|p1a: Melmetal|Melmetal|100\/100|[from]move: Volt Switch\n|move|p2a: Tyranitar|Stealth Rock|p1a: Melmetal\n|-sidestart|p1: knexhawk2|move: Stealth Rock\n|\n|-weather|Sandstorm|[upkeep]\n|-heal|p2a: Tyranitar|58\/100|[from] item: Leftovers\n|upkeep\n|turn|4\n|\n|t:|1664989172\n|switch|p2a: Victini|Victini|100\/100\n|move|p1a: Melmetal|Toxic|p2a: Victini\n|-status|p2a: Victini|tox\n|\n|-weather|Sandstorm|[upkeep]\n|-damage|p2a: Victini|94\/100 tox|[from] Sandstorm\n|-damage|p2a: Victini|88\/100 tox|[from] psn\n|upkeep\n|turn|5\n|\n|t:|1664989176\n|move|p1a: Melmetal|Protect|p1a: Melmetal\n|-singleturn|p1a: Melmetal|Protect\n|move|p2a: Victini|V-create|p1a: Melmetal\n|-activate|p1a: Melmetal|move: Protect\n|\n|-weather|Sandstorm|[upkeep]\n|-damage|p2a: Victini|82\/100 tox|[from] Sandstorm\n|-damage|p2a: Victini|70\/100 tox|[from] psn\n|upkeep\n|turn|6\n|\n|t:|1664989177\n|switch|p1a: Slowbro|Slowbro, F|100\/100\n|-damage|p1a: Slowbro|88\/100|[from] Stealth Rock\n|move|p2a: Victini|V-create|p1a: Slowbro\n|-resisted|p1a: Slowbro\n|-damage|p1a: Slowbro|55\/100\n|-unboost|p2a: Victini|spe|1\n|-unboost|p2a: Victini|def|1\n|-unboost|p2a: Victini|spd|1\n|\n|-weather|none\n|-damage|p2a: Victini|51\/100 tox|[from] psn\n|upkeep\n|turn|7\n|\n|t:|1664989190\n|switch|p2a: Tapu Lele|Tapu Lele|100\/100\n|-fieldstart|move: Psychic Terrain|[from] ability: Psychic Surge|[of] p2a: Tapu Lele\n|move|p1a: Slowbro|Teleport|p1a: Slowbro\n|\n|t:|1664989192\n|switch|p1a: Melmetal|Melmetal|100\/100|[from]move: Teleport\n|-damage|p1a: Melmetal|94\/100|[from] Stealth Rock\n|\n|-heal|p1a: Melmetal|100\/100|[from] item: Leftovers\n|upkeep\n|turn|8\n|\n|t:|1664989196\n|switch|p2a: Buzzwole|Buzzwole|100\/100\n|move|p1a: Melmetal|Protect||[still]\n|-fail|p1a: Melmetal\n|\n|upkeep\n|turn|9\n|\n|t:|1664989199\n|switch|p1a: Slowbro|Slowbro, F|88\/100\n|-damage|p1a: Slowbro|76\/100|[from] Stealth Rock\n|move|p2a: Buzzwole|Toxic|p1a: Slowbro\n|-status|p1a: Slowbro|tox\n|\n|-damage|p1a: Slowbro|70\/100 tox|[from] psn\n|upkeep\n|turn|10\n|\n|t:|1664989202\n|switch|p2a: Tapu Lele|Tapu Lele|100\/100\n|move|p1a: Slowbro|Teleport|p1a: Slowbro\n|\n|t:|1664989208\n|switch|p1a: Rillaboom|Rillaboom, M|100\/100|[from]move: Teleport\n|-damage|p1a: Rillaboom|88\/100|[from] Stealth Rock\n|-fieldstart|move: Grassy Terrain|[from] ability: Grassy Surge|[of] p1a: Rillaboom\n|\n|-heal|p1a: Rillaboom|94\/100|[from] Grassy Terrain\n|upkeep\n|turn|11\n|\n|t:|1664989211\n|switch|p2a: Buzzwole|Buzzwole|100\/100\n|move|p1a: Rillaboom|U-turn|p2a: Buzzwole\n|-resisted|p2a: Buzzwole\n|-damage|p2a: Buzzwole|92\/100\n|-damage|p1a: Rillaboom|78\/100|[from] item: Rocky Helmet|[of] p2a: Buzzwole\n|\n|t:|1664989214\n|switch|p1a: christmas lights|Xurkitree, shiny|72\/100|[from]move: U-turn\n|-damage|p1a: christmas lights|60\/100|[from] Stealth Rock\n|\n|-heal|p1a: christmas lights|66\/100|[from] Grassy Terrain\n|-heal|p2a: Buzzwole|98\/100|[from] Grassy Terrain\n|upkeep\n|turn|12\n|\n|t:|1664989219\n|switch|p2a: Gastrodon|Gastrodon-East, F|100\/100\n|move|p1a: christmas lights|Dazzling Gleam|p2a: Gastrodon\n|-damage|p2a: Gastrodon|75\/100\n|\n|-heal|p1a: christmas lights|72\/100|[from] Grassy Terrain\n|-heal|p2a: Gastrodon|81\/100|[from] Grassy Terrain\n|-heal|p2a: Gastrodon|87\/100|[from] item: Leftovers\n|upkeep\n|turn|13\n|\n|t:|1664989226\n|switch|p2a: Tapu Lele|Tapu Lele|100\/100\n|-fieldstart|move: Psychic Terrain|[from] ability: Psychic Surge|[of] p2a: Tapu Lele\n|move|p1a: christmas lights|Energy Ball|p2a: Tapu Lele\n|-damage|p2a: Tapu Lele|49\/100\n|\n|upkeep\n|turn|14\n|j| lalelosido\n|\n|t:|1664989232\n|switch|p2a: Victini|Victini|51\/100 tox\n|switch|p1a: Slowbro|Slowbro, F|100\/100 tox\n|-damage|p1a: Slowbro|88\/100 tox|[from] Stealth Rock\n|\n|-damage|p2a: Victini|45\/100 tox|[from] psn\n|-damage|p1a: Slowbro|82\/100 tox|[from] psn\n|upkeep\n|turn|15\n|\n|t:|1664989237\n|switch|p1a: Landorus|Landorus-Therian, M|100\/100\n|-damage|p1a: Landorus|88\/100|[from] Stealth Rock\n|-ability|p1a: Landorus|Intimidate|boost\n|-unboost|p2a: Victini|atk|1\n|move|p2a: Victini|U-turn|p1a: Landorus\n|-resisted|p1a: Landorus\n|-damage|p1a: Landorus|78\/100\n|\n|t:|1664989246\n|switch|p2a: Tornadus|Tornadus-Therian, M|100\/100|[from]move: U-turn\n|\n|-heal|p1a: Landorus|84\/100|[from] item: Leftovers\n|upkeep\n|turn|16\n|\n|t:|1664989249\n|move|p2a: Tornadus|Knock Off|p1a: Landorus\n|-damage|p1a: Landorus|66\/100\n|-enditem|p1a: Landorus|Leftovers|[from] move: Knock Off|[of] p2a: Tornadus\n|move|p1a: Landorus|Defog|p2a: Tornadus\n|-unboost|p2a: Tornadus|evasion|1\n|-sideend|p1: knexhawk2|Stealth Rock|[from] move: Defog|[of] p1a: Landorus\n|-fieldend|move: Psychic Terrain\n|\n|upkeep\n|turn|17\n|\n|t:|1664989294\n|move|p2a: Tornadus|Hurricane|p1a: Landorus\n|-damage|p1a: Landorus|35\/100\n|move|p1a: Landorus|U-turn|p2a: Tornadus\n|-resisted|p2a: Tornadus\n|-damage|p2a: Tornadus|88\/100\n|\n|t:|1664989310\n|switch|p1a: christmas lights|Xurkitree, shiny|72\/100|[from]move: U-turn\n|\n|upkeep\n|turn|18\n|\n|t:|1664989314\n|move|p2a: Tornadus|U-turn|p1a: christmas lights\n|-damage|p1a: christmas lights|49\/100\n|\n|t:|1664989334\n|switch|p2a: Gastrodon|Gastrodon-East, F|87\/100|[from]move: U-turn\n|move|p1a: christmas lights|Volt Switch|p2a: Gastrodon\n|-immune|p2a: Gastrodon\n|\n|-heal|p2a: Gastrodon|93\/100|[from] item: Leftovers\n|upkeep\n|turn|19\n|\n|t:|1664989395\n|switch|p1a: Slowbro|Slowbro, F|100\/100 tox\n|switch|p2a: Tornadus|Tornadus-Therian, M|100\/100\n|\n|-damage|p1a: Slowbro|94\/100 tox|[from] psn\n|upkeep\n|turn|20\n|\n|t:|1664989399\n|move|p2a: Tornadus|Hurricane|p1a: Slowbro\n|-damage|p1a: Slowbro|52\/100 tox\n|move|p1a: Slowbro|Teleport|p1a: Slowbro\n|\n|t:|1664989404\n|switch|p1a: christmas lights|Xurkitree, shiny|49\/100|[from]move: Teleport\n|\n|upkeep\n|turn|21\n|\n|t:|1664989409\n|move|p2a: Tornadus|Knock Off|p1a: christmas lights\n|-damage|p1a: christmas lights|20\/100\n|-enditem|p1a: christmas lights|Wise Glasses|[from] move: Knock Off|[of] p2a: Tornadus\n|move|p1a: christmas lights|Thunderbolt|p2a: Tornadus\n|-supereffective|p2a: Tornadus\n|-damage|p2a: Tornadus|0 fnt\n|faint|p2a: Tornadus\n|-ability|p1a: christmas lights|Beast Boost|boost\n|-boost|p1a: christmas lights|spa|1\n|\n|upkeep\n|\n|t:|1664989411\n|switch|p2a: Tapu Lele|Tapu Lele|49\/100\n|-fieldstart|move: Psychic Terrain|[from] ability: Psychic Surge|[of] p2a: Tapu Lele\n|turn|22\n|\n|t:|1664989416\n|switch|p1a: Melmetal|Melmetal|100\/100\n|move|p2a: Tapu Lele|Psychic|p1a: Melmetal\n|-resisted|p1a: Melmetal\n|-damage|p1a: Melmetal|77\/100\n|\n|-heal|p1a: Melmetal|83\/100|[from] item: Leftovers\n|upkeep\n|turn|23\n|\n|t:|1664989420\n|switch|p2a: Buzzwole|Buzzwole|98\/100\n|move|p1a: Melmetal|Toxic|p2a: Buzzwole|[miss]\n|-miss|p1a: Melmetal|p2a: Buzzwole\n|\n|-heal|p1a: Melmetal|89\/100|[from] item: Leftovers\n|upkeep\n|turn|24\n|\n|t:|1664989428\n|move|p1a: Melmetal|Protect|p1a: Melmetal\n|-singleturn|p1a: Melmetal|Protect\n|move|p2a: Buzzwole|Drain Punch|p1a: Melmetal\n|-activate|p1a: Melmetal|move: Protect\n|\n|-heal|p1a: Melmetal|95\/100|[from] item: Leftovers\n|upkeep\n|turn|25\n|\n|t:|1664989431\n|switch|p1a: Slowbro|Slowbro, F|85\/100 tox\n|move|p2a: Buzzwole|Drain Punch|p1a: Slowbro\n|-resisted|p1a: Slowbro\n|-damage|p1a: Slowbro|75\/100 tox\n|-heal|p2a: Buzzwole|100\/100|[from] drain|[of] p1a: Slowbro\n|\n|-damage|p1a: Slowbro|69\/100 tox|[from] psn\n|upkeep\n|turn|26\n|\n|t:|1664989441\n|switch|p2a: Gastrodon|Gastrodon-East, F|93\/100\n|move|p1a: Slowbro|Teleport|p1a: Slowbro\n|\n|t:|1664989443\n|switch|p1a: christmas lights|Xurkitree, shiny|20\/100|[from]move: Teleport\n|\n|-heal|p2a: Gastrodon|99\/100|[from] item: Leftovers\n|-fieldend|move: Psychic Terrain\n|upkeep\n|turn|27\n|\n|t:|1664989459\n|switch|p2a: Tyranitar|Tyranitar, M|58\/100\n|-weather|Sandstorm|[from] ability: Sand Stream|[of] p2a: Tyranitar\n|move|p1a: christmas lights|Energy Ball|p2a: Tyranitar\n|-supereffective|p2a: Tyranitar\n|-damage|p2a: Tyranitar|25\/100\n|\n|-weather|Sandstorm|[upkeep]\n|-damage|p1a: christmas lights|14\/100|[from] Sandstorm\n|-heal|p2a: Tyranitar|31\/100|[from] item: Leftovers\n|upkeep\n|turn|28\n|j| potatochip_dd\n|j| Zaha11\n|j| sufy512\n|\n|t:|1664989516\n|switch|p2a: Victini|Victini|45\/100 tox\n|move|p1a: christmas lights|Energy Ball|p2a: Victini\n|-resisted|p2a: Victini\n|-damage|p2a: Victini|25\/100 tox\n|\n|-weather|Sandstorm|[upkeep]\n|-damage|p2a: Victini|19\/100 tox|[from] Sandstorm\n|-damage|p1a: christmas lights|8\/100|[from] Sandstorm\n|-damage|p2a: Victini|13\/100 tox|[from] psn\n|upkeep\n|turn|29\n|\n|t:|1664989522\n|switch|p1a: Slowbro|Slowbro, F|100\/100 tox\n|move|p2a: Victini|U-turn|p1a: Slowbro\n|-supereffective|p1a: Slowbro\n|-damage|p1a: Slowbro|66\/100 tox\n|\n|t:|1664989535\n|switch|p2a: Tapu Lele|Tapu Lele|49\/100|[from]move: U-turn\n|-fieldstart|move: Psychic Terrain|[from] ability: Psychic Surge|[of] p2a: Tapu Lele\n|\n|-weather|Sandstorm|[upkeep]\n|-damage|p2a: Tapu Lele|42\/100|[from] Sandstorm\n|-damage|p1a: Slowbro|60\/100 tox|[from] Sandstorm\n|-damage|p1a: Slowbro|54\/100 tox|[from] psn\n|upkeep\n|turn|30\n|\n|t:|1664989556\n|switch|p1a: Tornadus|Tornadus-Therian, M|100\/100\n|move|p2a: Tapu Lele|Future Sight|p1a: Tornadus\n|-start|p2a: Tapu Lele|move: Future Sight\n|\n|-weather|Sandstorm|[upkeep]\n|-damage|p2a: Tapu Lele|36\/100|[from] Sandstorm\n|-damage|p1a: Tornadus|94\/100|[from] Sandstorm\n|upkeep\n|turn|31\n|\n|t:|1664989600\n|switch|p2a: Tyranitar|Tyranitar, M|31\/100\n|move|p1a: Tornadus|Hurricane|p2a: Tyranitar|[miss]\n|-miss|p1a: Tornadus|p2a: Tyranitar\n|\n|-weather|none\n|-heal|p2a: Tyranitar|37\/100|[from] item: Leftovers\n|upkeep\n|turn|32\n|j| Skgkkemdkd\n|\n|t:|1664989610\n|move|p1a: Tornadus|U-turn|p2a: Tyranitar\n|-supereffective|p2a: Tyranitar\n|-damage|p2a: Tyranitar|11\/100\n|\n|t:|1664989613\n|switch|p1a: Slowbro|Slowbro, F|87\/100 tox|[from]move: U-turn\n|move|p2a: Tyranitar|Stealth Rock|p1a: Slowbro\n|-sidestart|p1: knexhawk2|move: Stealth Rock\n|\n|-end|p1a: Slowbro|move: Future Sight\n|-resisted|p1a: Slowbro\n|-damage|p1a: Slowbro|44\/100 tox\n|-heal|p2a: Tyranitar|17\/100|[from] item: Leftovers\n|-damage|p1a: Slowbro|38\/100 tox|[from] psn\n|upkeep\n|turn|33\n|l| Zaha11\n|\n|t:|1664989646\n|switch|p1a: Landorus|Landorus-Therian, M|35\/100\n|-damage|p1a: Landorus|23\/100|[from] Stealth Rock\n|-ability|p1a: Landorus|Intimidate|boost\n|-unboost|p2a: Tyranitar|atk|1\n|move|p2a: Tyranitar|Stone Edge|p1a: Landorus\n|-damage|p1a: Landorus|0 fnt\n|faint|p1a: Landorus\n|\n|-heal|p2a: Tyranitar|23\/100|[from] item: Leftovers\n|-fieldend|move: Psychic Terrain\n|upkeep\n|\n|t:|1664989653\n|switch|p1a: Melmetal|Melmetal|95\/100\n|-damage|p1a: Melmetal|89\/100|[from] Stealth Rock\n|turn|34\n|inactive|Battle timer is ON: inactive players will automatically lose when time's up. (requested by knexhawk2)\n|j| Concept Everything\n|\n|t:|1664989695\n|move|p2a: Tyranitar|Thunder Wave|p1a: Melmetal\n|-status|p1a: Melmetal|par\n|cant|p1a: Melmetal|par\n|\n|-heal|p2a: Tyranitar|29\/100|[from] item: Leftovers\n|-heal|p1a: Melmetal|95\/100 par|[from] item: Leftovers\n|upkeep\n|turn|35\n|j| GGAMERBR\n|\n|t:|1664989707\n|switch|p2a: Buzzwole|Buzzwole|100\/100\n|move|p1a: Melmetal|Toxic|p2a: Buzzwole\n|-status|p2a: Buzzwole|tox\n|\n|-heal|p1a: Melmetal|100\/100 par|[from] item: Leftovers\n|-damage|p2a: Buzzwole|94\/100 tox|[from] psn\n|upkeep\n|turn|36\n|\n|t:|1664989729\n|switch|p1a: Slowbro|Slowbro, F|71\/100 tox\n|-damage|p1a: Slowbro|58\/100 tox|[from] Stealth Rock\n|move|p2a: Buzzwole|Drain Punch|p1a: Slowbro\n|-resisted|p1a: Slowbro\n|-damage|p1a: Slowbro|48\/100 tox\n|-heal|p2a: Buzzwole|99\/100 tox|[from] drain|[of] p1a: Slowbro\n|\n|-damage|p2a: Buzzwole|87\/100 tox|[from] psn\n|-damage|p1a: Slowbro|42\/100 tox|[from] psn\n|upkeep\n|turn|37\n|c| GGAMERBR|knexhawk2 can u pokepast your team pls?\n|\n|t:|1664989745\n|switch|p2a: Gastrodon|Gastrodon-East, F|99\/100\n|move|p1a: Slowbro|Teleport|p1a: Slowbro\n|\n|t:|1664989748\n|switch|p1a: Rillaboom|Rillaboom, M|78\/100|[from]move: Teleport\n|-damage|p1a: Rillaboom|65\/100|[from] Stealth Rock\n|-fieldstart|move: Grassy Terrain|[from] ability: Grassy Surge|[of] p1a: Rillaboom\n|\n|-heal|p1a: Rillaboom|72\/100|[from] Grassy Terrain\n|-heal|p2a: Gastrodon|100\/100|[from] Grassy Terrain\n|upkeep\n|turn|38\n|\n|t:|1664989755\n|switch|p1a: Tornadus|Tornadus-Therian, M|100\/100\n|-damage|p1a: Tornadus|76\/100|[from] Stealth Rock\n|switch|p2a: Buzzwole|Buzzwole|87\/100 tox\n|\n|-heal|p2a: Buzzwole|93\/100 tox|[from] Grassy Terrain\n|-damage|p2a: Buzzwole|87\/100 tox|[from] psn\n|upkeep\n|turn|39\n|c|\u2606knexhawk2|once the game ends i will\n|c| GGAMERBR|thx\n|\n|t:|1664989766\n|switch|p2a: Gastrodon|Gastrodon-East, F|100\/100\n|move|p1a: Tornadus|Knock Off|p2a: Gastrodon\n|-damage|p2a: Gastrodon|76\/100\n|-enditem|p2a: Gastrodon|Leftovers|[from] move: Knock Off|[of] p1a: Tornadus\n|\n|-heal|p2a: Gastrodon|82\/100|[from] Grassy Terrain\n|upkeep\n|turn|40\n|\n|t:|1664989771\n|move|p1a: Tornadus|U-turn|p2a: Gastrodon\n|-damage|p2a: Gastrodon|63\/100\n|c|\u2606knexhawk2|np\n|\n|t:|1664989774\n|switch|p1a: Slowbro|Slowbro, F|75\/100 tox|[from]move: U-turn\n|-damage|p1a: Slowbro|63\/100 tox|[from] Stealth Rock\n|move|p2a: Gastrodon|Scald|p1a: Slowbro\n|-resisted|p1a: Slowbro\n|-damage|p1a: Slowbro|49\/100 tox\n|\n|-heal|p2a: Gastrodon|69\/100|[from] Grassy Terrain\n|-heal|p1a: Slowbro|55\/100 tox|[from] Grassy Terrain\n|-damage|p1a: Slowbro|49\/100 tox|[from] psn\n|upkeep\n|turn|41\n|\n|t:|1664989780\n|move|p2a: Gastrodon|Earth Power|p1a: Slowbro\n|-crit|p1a: Slowbro\n|-damage|p1a: Slowbro|4\/100 tox\n|-unboost|p1a: Slowbro|spd|1\n|move|p1a: Slowbro|Slack Off|p1a: Slowbro\n|-heal|p1a: Slowbro|54\/100 tox\n|\n|-heal|p2a: Gastrodon|75\/100|[from] Grassy Terrain\n|-heal|p1a: Slowbro|60\/100 tox|[from] Grassy Terrain\n|-damage|p1a: Slowbro|48\/100 tox|[from] psn\n|-fieldend|move: Grassy Terrain\n|upkeep\n|turn|42\n|\n|t:|1664989784\n|switch|p1a: Tornadus|Tornadus-Therian, M|100\/100\n|-damage|p1a: Tornadus|76\/100|[from] Stealth Rock\n|move|p2a: Gastrodon|Scald|p1a: Tornadus\n|-damage|p1a: Tornadus|58\/100\n|\n|upkeep\n|turn|43\n|\n|t:|1664989787\n|move|p1a: Tornadus|U-turn|p2a: Gastrodon\n|-damage|p2a: Gastrodon|56\/100\n|\n|t:|1664989789\n|switch|p1a: Slowbro|Slowbro, F|81\/100 tox|[from]move: U-turn\n|-damage|p1a: Slowbro|69\/100 tox|[from] Stealth Rock\n|move|p2a: Gastrodon|Toxic|p1a: Slowbro\n|-fail|p1a: Slowbro|tox\n|\n|-damage|p1a: Slowbro|63\/100 tox|[from] psn\n|upkeep\n|turn|44\n|\n|t:|1664989792\n|move|p2a: Gastrodon|Earth Power|p1a: Slowbro\n|-damage|p1a: Slowbro|32\/100 tox\n|move|p1a: Slowbro|Teleport|p1a: Slowbro\n|\n|t:|1664989794\n|switch|p1a: Rillaboom|Rillaboom, M|72\/100|[from]move: Teleport\n|-damage|p1a: Rillaboom|59\/100|[from] Stealth Rock\n|-fieldstart|move: Grassy Terrain|[from] ability: Grassy Surge|[of] p1a: Rillaboom\n|\n|-heal|p1a: Rillaboom|65\/100|[from] Grassy Terrain\n|-heal|p2a: Gastrodon|62\/100|[from] Grassy Terrain\n|upkeep\n|turn|45\n|\n|t:|1664989799\n|switch|p2a: Buzzwole|Buzzwole|87\/100 tox\n|move|p1a: Rillaboom|U-turn|p2a: Buzzwole\n|-resisted|p2a: Buzzwole\n|-damage|p2a: Buzzwole|78\/100 tox\n|-damage|p1a: Rillaboom|49\/100|[from] item: Rocky Helmet|[of] p2a: Buzzwole\n|\n|t:|1664989801\n|switch|p1a: Tornadus|Tornadus-Therian, M|91\/100|[from]move: U-turn\n|-damage|p1a: Tornadus|66\/100|[from] Stealth Rock\n|\n|-heal|p2a: Buzzwole|84\/100 tox|[from] Grassy Terrain\n|-damage|p2a: Buzzwole|78\/100 tox|[from] psn\n|upkeep\n|turn|46\n|j| Venositile\n|\n|t:|1664989812\n|switch|p2a: Tyranitar|Tyranitar, M|29\/100\n|-weather|Sandstorm|[from] ability: Sand Stream|[of] p2a: Tyranitar\n|move|p1a: Tornadus|U-turn|p2a: Tyranitar\n|-supereffective|p2a: Tyranitar\n|-damage|p2a: Tyranitar|5\/100\n|\n|t:|1664989822\n|switch|p1a: Melmetal|Melmetal|100\/100 par|[from]move: U-turn\n|-damage|p1a: Melmetal|94\/100 par|[from] Stealth Rock\n|\n|-weather|Sandstorm|[upkeep]\n|-heal|p2a: Tyranitar|11\/100|[from] Grassy Terrain\n|-heal|p2a: Tyranitar|17\/100|[from] item: Leftovers\n|-heal|p1a: Melmetal|100\/100 par|[from] Grassy Terrain\n|upkeep\n|turn|47\n|\n|t:|1664989836\n|switch|p2a: Buzzwole|Buzzwole|78\/100 tox\n|move|p1a: Melmetal|Double Iron Bash|p2a: Buzzwole\n|-damage|p2a: Buzzwole|62\/100 tox\n|-damage|p1a: Melmetal|84\/100 par|[from] item: Rocky Helmet|[of] p2a: Buzzwole\n|-damage|p2a: Buzzwole|47\/100 tox\n|-damage|p1a: Melmetal|67\/100 par|[from] item: Rocky Helmet|[of] p2a: Buzzwole\n|-hitcount|p2a: Buzzwole|2\n|\n|-weather|Sandstorm|[upkeep]\n|-damage|p2a: Buzzwole|41\/100 tox|[from] Sandstorm\n|-heal|p2a: Buzzwole|47\/100 tox|[from] Grassy Terrain\n|-heal|p1a: Melmetal|73\/100 par|[from] Grassy Terrain\n|-heal|p1a: Melmetal|80\/100 par|[from] item: Leftovers\n|-damage|p2a: Buzzwole|41\/100 tox|[from] psn\n|upkeep\n|turn|48\n|\n|t:|1664989842\n|switch|p1a: Slowbro|Slowbro, F|65\/100 tox\n|-damage|p1a: Slowbro|53\/100 tox|[from] Stealth Rock\n|move|p2a: Buzzwole|Roost|p2a: Buzzwole\n|-heal|p2a: Buzzwole|91\/100 tox\n|-singleturn|p2a: Buzzwole|move: Roost\n|\n|-weather|Sandstorm|[upkeep]\n|-damage|p2a: Buzzwole|85\/100 tox|[from] Sandstorm\n|-damage|p1a: Slowbro|47\/100 tox|[from] Sandstorm\n|-heal|p2a: Buzzwole|91\/100 tox|[from] Grassy Terrain\n|-heal|p1a: Slowbro|53\/100 tox|[from] Grassy Terrain\n|-damage|p2a: Buzzwole|79\/100 tox|[from] psn\n|-damage|p1a: Slowbro|47\/100 tox|[from] psn\n|-fieldend|move: Grassy Terrain\n|upkeep\n|turn|49\n|\n|t:|1664989846\n|switch|p2a: Gastrodon|Gastrodon-East, F|62\/100\n|move|p1a: Slowbro|Slack Off|p1a: Slowbro\n|-heal|p1a: Slowbro|97\/100 tox\n|\n|-weather|Sandstorm|[upkeep]\n|-damage|p1a: Slowbro|91\/100 tox|[from] Sandstorm\n|-damage|p1a: Slowbro|79\/100 tox|[from] psn\n|upkeep\n|turn|50\n|\n|t:|1664989852\n|move|p2a: Gastrodon|Earth Power|p1a: Slowbro\n|-damage|p1a: Slowbro|48\/100 tox\n|move|p1a: Slowbro|Teleport|p1a: Slowbro\n|\n|t:|1664989856\n|switch|p1a: Rillaboom|Rillaboom, M|49\/100|[from]move: Teleport\n|-damage|p1a: Rillaboom|36\/100|[from] Stealth Rock\n|-fieldstart|move: Grassy Terrain|[from] ability: Grassy Surge|[of] p1a: Rillaboom\n|\n|-weather|none\n|-heal|p1a: Rillaboom|43\/100|[from] Grassy Terrain\n|-heal|p2a: Gastrodon|68\/100|[from] Grassy Terrain\n|upkeep\n|turn|51\n|\n|t:|1664989866\n|switch|p1a: Slowbro|Slowbro, F|81\/100 tox\n|-damage|p1a: Slowbro|69\/100 tox|[from] Stealth Rock\n|switch|p2a: Buzzwole|Buzzwole|79\/100 tox\n|\n|-heal|p2a: Buzzwole|85\/100 tox|[from] Grassy Terrain\n|-heal|p1a: Slowbro|75\/100 tox|[from] Grassy Terrain\n|-damage|p2a: Buzzwole|79\/100 tox|[from] psn\n|-damage|p1a: Slowbro|69\/100 tox|[from] psn\n|upkeep\n|turn|52\n|\n|t:|1664989886\n|switch|p2a: Gastrodon|Gastrodon-East, F|68\/100\n|move|p1a: Slowbro|Flamethrower|p2a: Gastrodon\n|-resisted|p2a: Gastrodon\n|-crit|p2a: Gastrodon\n|-damage|p2a: Gastrodon|58\/100\n|-status|p2a: Gastrodon|brn\n|\n|-heal|p2a: Gastrodon|64\/100 brn|[from] Grassy Terrain\n|-heal|p1a: Slowbro|75\/100 tox|[from] Grassy Terrain\n|-damage|p1a: Slowbro|63\/100 tox|[from] psn\n|-damage|p2a: Gastrodon|58\/100 brn|[from] brn\n|upkeep\n|turn|53\n|\n|t:|1664989892\n|move|p2a: Gastrodon|Earth Power|p1a: Slowbro\n|-crit|p1a: Slowbro\n|-damage|p1a: Slowbro|15\/100 tox\n|-unboost|p1a: Slowbro|spd|1\n|move|p1a: Slowbro|Slack Off|p1a: Slowbro\n|-heal|p1a: Slowbro|65\/100 tox\n|\n|-heal|p2a: Gastrodon|64\/100 brn|[from] Grassy Terrain\n|-heal|p1a: Slowbro|71\/100 tox|[from] Grassy Terrain\n|-damage|p1a: Slowbro|53\/100 tox|[from] psn\n|-damage|p2a: Gastrodon|58\/100 brn|[from] brn\n|upkeep\n|turn|54\n|\n|t:|1664989896\n|switch|p1a: Tornadus|Tornadus-Therian, M|99\/100\n|-damage|p1a: Tornadus|75\/100|[from] Stealth Rock\n|move|p2a: Gastrodon|Earth Power|p1a: Tornadus\n|-immune|p1a: Tornadus\n|\n|-heal|p2a: Gastrodon|64\/100 brn|[from] Grassy Terrain\n|-damage|p2a: Gastrodon|58\/100 brn|[from] brn\n|-fieldend|move: Grassy Terrain\n|upkeep\n|turn|55\n|\n|t:|1664989898\n|move|p1a: Tornadus|U-turn|p2a: Gastrodon\n|-damage|p2a: Gastrodon|39\/100 brn\n|\n|t:|1664989903\n|switch|p1a: Slowbro|Slowbro, F|86\/100 tox|[from]move: U-turn\n|-damage|p1a: Slowbro|73\/100 tox|[from] Stealth Rock\n|move|p2a: Gastrodon|Recover|p2a: Gastrodon\n|-heal|p2a: Gastrodon|89\/100 brn\n|\n|-damage|p1a: Slowbro|67\/100 tox|[from] psn\n|-damage|p2a: Gastrodon|83\/100 brn|[from] brn\n|upkeep\n|turn|56\n|\n|t:|1664989909\n|switch|p2a: Tapu Lele|Tapu Lele|36\/100\n|-fieldstart|move: Psychic Terrain|[from] ability: Psychic Surge|[of] p2a: Tapu Lele\n|move|p1a: Slowbro|Slack Off|p1a: Slowbro\n|-heal|p1a: Slowbro|100\/100 tox\n|\n|-damage|p1a: Slowbro|88\/100 tox|[from] psn\n|upkeep\n|turn|57\n|\n|t:|1664989913\n|move|p2a: Tapu Lele|Aromatherapy|p2a: Tapu Lele\n|-activate|p2a: Tapu Lele|move: Aromatherapy\n|-curestatus|p2: Victini|tox|[msg]\n|-curestatus|p2: Gastrodon|brn|[msg]\n|-curestatus|p2: Buzzwole|tox|[msg]\n|move|p1a: Slowbro|Scald|p2a: Tapu Lele\n|-damage|p2a: Tapu Lele|8\/100\n|\n|-damage|p1a: Slowbro|70\/100 tox|[from] psn\n|upkeep\n|turn|58\n|\n|t:|1664989924\n|switch|p2a: Gastrodon|Gastrodon-East, F|83\/100\n|move|p1a: Slowbro|Teleport|p1a: Slowbro\n|\n|t:|1664989939\n|switch|p1a: Rillaboom|Rillaboom, M|43\/100|[from]move: Teleport\n|-damage|p1a: Rillaboom|30\/100|[from] Stealth Rock\n|-fieldstart|move: Grassy Terrain|[from] ability: Grassy Surge|[of] p1a: Rillaboom\n|\n|-heal|p1a: Rillaboom|36\/100|[from] Grassy Terrain\n|-heal|p2a: Gastrodon|89\/100|[from] Grassy Terrain\n|upkeep\n|turn|59\n|\n|t:|1664989947\n|switch|p1a: Slowbro|Slowbro, F|100\/100 tox\n|-damage|p1a: Slowbro|88\/100 tox|[from] Stealth Rock\n|switch|p2a: Buzzwole|Buzzwole|79\/100\n|\n|-heal|p2a: Buzzwole|85\/100|[from] Grassy Terrain\n|-heal|p1a: Slowbro|94\/100 tox|[from] Grassy Terrain\n|-damage|p1a: Slowbro|88\/100 tox|[from] psn\n|upkeep\n|turn|60\n|\n|t:|1664989954\n|switch|p2a: Tyranitar|Tyranitar, M|17\/100\n|-weather|Sandstorm|[from] ability: Sand Stream|[of] p2a: Tyranitar\n|move|p1a: Slowbro|Teleport|p1a: Slowbro\n|\n|t:|1664989955\n|switch|p1a: Melmetal|Melmetal|80\/100 par|[from]move: Teleport\n|-damage|p1a: Melmetal|73\/100 par|[from] Stealth Rock\n|\n|-weather|Sandstorm|[upkeep]\n|-heal|p2a: Tyranitar|24\/100|[from] Grassy Terrain\n|-heal|p2a: Tyranitar|30\/100|[from] item: Leftovers\n|-heal|p1a: Melmetal|80\/100 par|[from] Grassy Terrain\n|-heal|p1a: Melmetal|86\/100 par|[from] item: Leftovers\n|upkeep\n|turn|61\n|\n|t:|1664989960\n|switch|p2a: Buzzwole|Buzzwole|85\/100\n|move|p1a: Melmetal|Toxic|p2a: Buzzwole\n|-status|p2a: Buzzwole|tox\n|\n|-weather|Sandstorm|[upkeep]\n|-damage|p2a: Buzzwole|79\/100 tox|[from] Sandstorm\n|-heal|p2a: Buzzwole|85\/100 tox|[from] Grassy Terrain\n|-heal|p1a: Melmetal|92\/100 par|[from] Grassy Terrain\n|-heal|p1a: Melmetal|98\/100 par|[from] item: Leftovers\n|-damage|p2a: Buzzwole|79\/100 tox|[from] psn\n|upkeep\n|turn|62\n|\n|t:|1664989966\n|switch|p2a: Victini|Victini|13\/100\n|move|p1a: Melmetal|Protect||[still]\n|-fail|p1a: Melmetal\n|\n|-weather|Sandstorm|[upkeep]\n|-damage|p2a: Victini|6\/100|[from] Sandstorm\n|-heal|p2a: Victini|13\/100|[from] Grassy Terrain\n|-heal|p1a: Melmetal|100\/100 par|[from] Grassy Terrain\n|-fieldend|move: Grassy Terrain\n|upkeep\n|turn|63\n|\n|t:|1664989973\n|move|p1a: Melmetal|Protect|p1a: Melmetal\n|-singleturn|p1a: Melmetal|Protect\n|move|p2a: Victini|V-create|p1a: Melmetal\n|-activate|p1a: Melmetal|move: Protect\n|\n|-weather|Sandstorm|[upkeep]\n|-damage|p2a: Victini|6\/100|[from] Sandstorm\n|upkeep\n|turn|64\n|\n|t:|1664989975\n|switch|p1a: Slowbro|Slowbro, F|100\/100 tox\n|-damage|p1a: Slowbro|88\/100 tox|[from] Stealth Rock\n|move|p2a: Victini|V-create|p1a: Slowbro\n|-resisted|p1a: Slowbro\n|-damage|p1a: Slowbro|54\/100 tox\n|-unboost|p2a: Victini|spe|1\n|-unboost|p2a: Victini|def|1\n|-unboost|p2a: Victini|spd|1\n|\n|-weather|none\n|-damage|p1a: Slowbro|48\/100 tox|[from] psn\n|upkeep\n|turn|65\n|\n|t:|1664989980\n|move|p2a: Victini|V-create|p1a: Slowbro\n|-resisted|p1a: Slowbro\n|-damage|p1a: Slowbro|15\/100 tox\n|-unboost|p2a: Victini|spe|1\n|-unboost|p2a: Victini|def|1\n|-unboost|p2a: Victini|spd|1\n|move|p1a: Slowbro|Slack Off|p1a: Slowbro\n|-heal|p1a: Slowbro|65\/100 tox\n|\n|-damage|p1a: Slowbro|53\/100 tox|[from] psn\n|upkeep\n|turn|66\n|\n|t:|1664989985\n|switch|p2a: Gastrodon|Gastrodon-East, F|89\/100\n|move|p1a: Slowbro|Slack Off|p1a: Slowbro\n|-heal|p1a: Slowbro|100\/100 tox\n|\n|-damage|p1a: Slowbro|82\/100 tox|[from] psn\n|upkeep\n|turn|67\n|\n|t:|1664989990\n|move|p2a: Gastrodon|Scald|p1a: Slowbro\n|-resisted|p1a: Slowbro\n|-damage|p1a: Slowbro|69\/100 tox\n|move|p1a: Slowbro|Teleport|p1a: Slowbro\n|\n|t:|1664989997\n|switch|p1a: Melmetal|Melmetal|100\/100 par|[from]move: Teleport\n|-damage|p1a: Melmetal|94\/100 par|[from] Stealth Rock\n|\n|-heal|p1a: Melmetal|100\/100 par|[from] item: Leftovers\n|upkeep\n|turn|68\n|\n|t:|1664990001\n|move|p2a: Gastrodon|Earth Power|p1a: Melmetal\n|-supereffective|p1a: Melmetal\n|-damage|p1a: Melmetal|54\/100 par\n|move|p1a: Melmetal|Toxic|p2a: Gastrodon|[miss]\n|-miss|p1a: Melmetal|p2a: Gastrodon\n|\n|-heal|p1a: Melmetal|60\/100 par|[from] item: Leftovers\n|upkeep\n|turn|69\n|\n|t:|1664990008\n|switch|p1a: Tornadus|Tornadus-Therian, M|100\/100\n|-damage|p1a: Tornadus|76\/100|[from] Stealth Rock\n|move|p2a: Gastrodon|Earth Power|p1a: Tornadus\n|-immune|p1a: Tornadus\n|\n|upkeep\n|turn|70\n|c| sufy512|damn.\n|c|\u2606knexhawk2|yeah that kinda blows but oh well\n|c|\u2606knexhawk2|already misplayed letting lando die\n|c|\u2606knexhawk2|i deserve to lose this\n|\n|t:|1664990030\n|move|p1a: Tornadus|U-turn|p2a: Gastrodon\n|-damage|p2a: Gastrodon|73\/100\n|\n|t:|1664990031\n|switch|p1a: Slowbro|Slowbro, F|100\/100 tox|[from]move: U-turn\n|-damage|p1a: Slowbro|88\/100 tox|[from] Stealth Rock\n|move|p2a: Gastrodon|Toxic|p1a: Slowbro\n|-fail|p1a: Slowbro|tox\n|\n|-damage|p1a: Slowbro|82\/100 tox|[from] psn\n|upkeep\n|turn|71\n|c| sufy512|* letting lando and xurkitree die\n|\n|t:|1664990037\n|move|p2a: Gastrodon|Scald|p1a: Slowbro\n|-resisted|p1a: Slowbro\n|-damage|p1a: Slowbro|68\/100 tox\n|move|p1a: Slowbro|Teleport|p1a: Slowbro\n|c|\u2606knexhawk2|xurk took nessessary chip\n|c|\u2606knexhawk2|he punched a huge hole\n|c|\u2606knexhawk2|just misplayed letting  lando die and having him get rocks\n|inactive|knexhawk2 has 120 seconds left.\n|\n|t:|1664990070\n|switch|p1a: Tornadus|Tornadus-Therian, M|100\/100|[from]move: Teleport\n|-damage|p1a: Tornadus|76\/100|[from] Stealth Rock\n|\n|upkeep\n|turn|72\n|\n|t:|1664990077\n|move|p1a: Tornadus|U-turn|p2a: Gastrodon\n|-damage|p2a: Gastrodon|56\/100\n|c|\u2606knexhawk2|i still can win tho its not over\n|\n|t:|1664990081\n|switch|p1a: Slowbro|Slowbro, F|100\/100 tox|[from]move: U-turn\n|-damage|p1a: Slowbro|88\/100 tox|[from] Stealth Rock\n|move|p2a: Gastrodon|Scald|p1a: Slowbro\n|-resisted|p1a: Slowbro\n|-crit|p1a: Slowbro\n|-damage|p1a: Slowbro|67\/100 tox\n|\n|-damage|p1a: Slowbro|61\/100 tox|[from] psn\n|upkeep\n|turn|73\n|c| sufy512|ye\n|\n|t:|1664990084\n|move|p2a: Gastrodon|Recover|p2a: Gastrodon\n|-heal|p2a: Gastrodon|100\/100\n|move|p1a: Slowbro|Slack Off|p1a: Slowbro\n|-heal|p1a: Slowbro|100\/100 tox\n|\n|-damage|p1a: Slowbro|88\/100 tox|[from] psn\n|upkeep\n|turn|74\n|\n|t:|1664990090\n|switch|p2a: Tyranitar|Tyranitar, M|30\/100\n|-weather|Sandstorm|[from] ability: Sand Stream|[of] p2a: Tyranitar\n|move|p1a: Slowbro|Teleport|p1a: Slowbro\n|\n|t:|1664990093\n|switch|p1a: Melmetal|Melmetal|60\/100 par|[from]move: Teleport\n|-damage|p1a: Melmetal|54\/100 par|[from] Stealth Rock\n|\n|-weather|Sandstorm|[upkeep]\n|-heal|p2a: Tyranitar|36\/100|[from] item: Leftovers\n|-heal|p1a: Melmetal|60\/100 par|[from] item: Leftovers\n|upkeep\n|turn|75\n|\n|t:|1664990107\n|switch|p2a: Buzzwole|Buzzwole|79\/100 tox\n|move|p1a: Melmetal|Double Iron Bash|p2a: Buzzwole\n|-damage|p2a: Buzzwole|64\/100 tox\n|-damage|p1a: Melmetal|44\/100 par|[from] item: Rocky Helmet|[of] p2a: Buzzwole\n|-damage|p2a: Buzzwole|46\/100 tox\n|-damage|p1a: Melmetal|27\/100 par|[from] item: Rocky Helmet|[of] p2a: Buzzwole\n|-hitcount|p2a: Buzzwole|2\n|\n|-weather|Sandstorm|[upkeep]\n|-damage|p2a: Buzzwole|40\/100 tox|[from] Sandstorm\n|-heal|p1a: Melmetal|33\/100 par|[from] item: Leftovers\n|-damage|p2a: Buzzwole|34\/100 tox|[from] psn\n|upkeep\n|turn|76\n|\n|t:|1664990113\n|move|p1a: Melmetal|Protect|p1a: Melmetal\n|-singleturn|p1a: Melmetal|Protect\n|move|p2a: Buzzwole|Roost|p2a: Buzzwole\n|-heal|p2a: Buzzwole|84\/100 tox\n|-singleturn|p2a: Buzzwole|move: Roost\n|\n|-weather|Sandstorm|[upkeep]\n|-damage|p2a: Buzzwole|78\/100 tox|[from] Sandstorm\n|-heal|p1a: Melmetal|39\/100 par|[from] item: Leftovers\n|-damage|p2a: Buzzwole|65\/100 tox|[from] psn\n|upkeep\n|turn|77\n|\n|t:|1664990118\n|switch|p1a: Slowbro|Slowbro, F|100\/100 tox\n|-damage|p1a: Slowbro|88\/100 tox|[from] Stealth Rock\n|move|p2a: Buzzwole|Ice Punch|p1a: Slowbro\n|-resisted|p1a: Slowbro\n|-damage|p1a: Slowbro|81\/100 tox\n|\n|-weather|Sandstorm|[upkeep]\n|-damage|p2a: Buzzwole|59\/100 tox|[from] Sandstorm\n|-damage|p1a: Slowbro|75\/100 tox|[from] Sandstorm\n|-damage|p2a: Buzzwole|40\/100 tox|[from] psn\n|-damage|p1a: Slowbro|69\/100 tox|[from] psn\n|upkeep\n|turn|78\n|\n|t:|1664990122\n|switch|p2a: Gastrodon|Gastrodon-East, F|100\/100\n|move|p1a: Slowbro|Flamethrower|p2a: Gastrodon\n|-resisted|p2a: Gastrodon\n|-damage|p2a: Gastrodon|94\/100\n|\n|-weather|none\n|-damage|p1a: Slowbro|57\/100 tox|[from] psn\n|upkeep\n|turn|79\n|\n|t:|1664990131\n|move|p2a: Gastrodon|Earth Power|p1a: Slowbro\n|-damage|p1a: Slowbro|27\/100 tox\n|move|p1a: Slowbro|Teleport|p1a: Slowbro\n|l| Venositile\n|inactive|knexhawk2 has 120 seconds left.\n|\n|t:|1664990161\n|switch|p1a: Tornadus|Tornadus-Therian, M|100\/100|[from]move: Teleport\n|-damage|p1a: Tornadus|76\/100|[from] Stealth Rock\n|\n|upkeep\n|turn|80\n|l| potatochip_dd\n|\n|t:|1664990165\n|move|p1a: Tornadus|Hurricane|p2a: Gastrodon\n|-damage|p2a: Gastrodon|69\/100\n|move|p2a: Gastrodon|Recover|p2a: Gastrodon\n|-heal|p2a: Gastrodon|100\/100\n|\n|upkeep\n|turn|81\n|\n|t:|1664990168\n|switch|p2a: Tyranitar|Tyranitar, M|36\/100\n|-weather|Sandstorm|[from] ability: Sand Stream|[of] p2a: Tyranitar\n|move|p1a: Tornadus|U-turn|p2a: Tyranitar\n|-supereffective|p2a: Tyranitar\n|-damage|p2a: Tyranitar|11\/100\n|\n|t:|1664990171\n|switch|p1a: Melmetal|Melmetal|39\/100 par|[from]move: U-turn\n|-damage|p1a: Melmetal|33\/100 par|[from] Stealth Rock\n|\n|-weather|Sandstorm|[upkeep]\n|-heal|p2a: Tyranitar|17\/100|[from] item: Leftovers\n|-heal|p1a: Melmetal|39\/100 par|[from] item: Leftovers\n|upkeep\n|turn|82\n|\n|t:|1664990179\n|move|p2a: Tyranitar|Earthquake|p1a: Melmetal\n|-supereffective|p1a: Melmetal\n|-damage|p1a: Melmetal|11\/100 par\n|move|p1a: Melmetal|Double Iron Bash|p2a: Tyranitar\n|-supereffective|p2a: Tyranitar\n|-damage|p2a: Tyranitar|0 fnt\n|faint|p2a: Tyranitar\n|-hitcount|p2: Tyranitar|1\n|\n|-weather|Sandstorm|[upkeep]\n|-heal|p1a: Melmetal|18\/100 par|[from] item: Leftovers\n|upkeep\n|\n|t:|1664990184\n|switch|p2a: Tapu Lele|Tapu Lele|8\/100\n|-fieldstart|move: Psychic Terrain|[from] ability: Psychic Surge|[of] p2a: Tapu Lele\n|turn|83\n|\n|t:|1664990190\n|switch|p1a: christmas lights|Xurkitree, shiny|8\/100\n|-damage|p1a: christmas lights|0 fnt|[from] Stealth Rock\n|faint|p1a: christmas lights\n|move|p2a: Tapu Lele|Moonblast|p1: christmas lights|[notarget]\n|-fail|p2a: Tapu Lele\n|\n|-weather|Sandstorm|[upkeep]\n|-damage|p2a: Tapu Lele|2\/100|[from] Sandstorm\n|upkeep\n|\n|t:|1664990192\n|switch|p1a: Tornadus|Tornadus-Therian, M|100\/100\n|-damage|p1a: Tornadus|76\/100|[from] Stealth Rock\n|turn|84\n|\n|t:|1664990196\n|switch|p2a: Gastrodon|Gastrodon-East, F|100\/100\n|move|p1a: Tornadus|Hurricane|p2a: Gastrodon\n|-damage|p2a: Gastrodon|76\/100\n|\n|-weather|Sandstorm|[upkeep]\n|-damage|p1a: Tornadus|70\/100|[from] Sandstorm\n|upkeep\n|turn|85\n|\n|t:|1664990202\n|move|p1a: Tornadus|U-turn|p2a: Gastrodon\n|-damage|p2a: Gastrodon|59\/100\n|\n|t:|1664990204\n|switch|p1a: Slowbro|Slowbro, F|60\/100 tox|[from]move: U-turn\n|-damage|p1a: Slowbro|47\/100 tox|[from] Stealth Rock\n|move|p2a: Gastrodon|Earth Power|p1a: Slowbro\n|-damage|p1a: Slowbro|18\/100 tox\n|\n|-weather|none\n|-damage|p1a: Slowbro|12\/100 tox|[from] psn\n|upkeep\n|turn|86\n|\n|t:|1664990208\n|switch|p1a: Tornadus|Tornadus-Therian, M|100\/100\n|-damage|p1a: Tornadus|76\/100|[from] Stealth Rock\n|move|p2a: Gastrodon|Scald|p1a: Tornadus\n|-damage|p1a: Tornadus|59\/100\n|\n|upkeep\n|turn|87\n|\n|t:|1664990210\n|move|p1a: Tornadus|U-turn|p2a: Gastrodon\n|-damage|p2a: Gastrodon|43\/100\n|\n|t:|1664990212\n|switch|p1a: Slowbro|Slowbro, F|45\/100 tox|[from]move: U-turn\n|-damage|p1a: Slowbro|32\/100 tox|[from] Stealth Rock\n|move|p2a: Gastrodon|Recover|p2a: Gastrodon\n|-heal|p2a: Gastrodon|93\/100\n|\n|-damage|p1a: Slowbro|26\/100 tox|[from] psn\n|-fieldend|move: Psychic Terrain\n|upkeep\n|turn|88\n|\n|t:|1664990214\n|switch|p1a: Tornadus|Tornadus-Therian, M|92\/100\n|-damage|p1a: Tornadus|67\/100|[from] Stealth Rock\n|move|p2a: Gastrodon|Earth Power|p1a: Tornadus\n|-immune|p1a: Tornadus\n|\n|upkeep\n|turn|89\n|\n|t:|1664990217\n|switch|p1a: Slowbro|Slowbro, F|60\/100 tox\n|-damage|p1a: Slowbro|47\/100 tox|[from] Stealth Rock\n|move|p2a: Gastrodon|Scald|p1a: Slowbro\n|-resisted|p1a: Slowbro\n|-damage|p1a: Slowbro|33\/100 tox\n|\n|-damage|p1a: Slowbro|27\/100 tox|[from] psn\n|upkeep\n|turn|90\n|\n|t:|1664990219\n|switch|p1a: Tornadus|Tornadus-Therian, M|99\/100\n|-damage|p1a: Tornadus|75\/100|[from] Stealth Rock\n|move|p2a: Gastrodon|Scald|p1a: Tornadus\n|-damage|p1a: Tornadus|59\/100\n|\n|upkeep\n|turn|91\n|\n|t:|1664990222\n|switch|p1a: Slowbro|Slowbro, F|60\/100 tox\n|-damage|p1a: Slowbro|48\/100 tox|[from] Stealth Rock\n|move|p2a: Gastrodon|Earth Power|p1a: Slowbro\n|-damage|p1a: Slowbro|15\/100 tox\n|\n|-damage|p1a: Slowbro|9\/100 tox|[from] psn\n|upkeep\n|turn|92\n|\n|t:|1664990225\n|switch|p1a: Tornadus|Tornadus-Therian, M|92\/100\n|-damage|p1a: Tornadus|67\/100|[from] Stealth Rock\n|move|p2a: Gastrodon|Toxic|p1a: Tornadus\n|-status|p1a: Tornadus|tox\n|\n|-damage|p1a: Tornadus|61\/100 tox|[from] psn\n|upkeep\n|turn|93\n|\n|t:|1664990232\n|move|p1a: Tornadus|Hurricane|p2a: Gastrodon|[miss]\n|-miss|p1a: Tornadus|p2a: Gastrodon\n|move|p2a: Gastrodon|Scald|p1a: Tornadus\n|-damage|p1a: Tornadus|46\/100 tox\n|\n|-damage|p1a: Tornadus|33\/100 tox|[from] psn\n|upkeep\n|turn|94\n|\n|t:|1664990234\n|move|p1a: Tornadus|U-turn|p2a: Gastrodon\n|-damage|p2a: Gastrodon|75\/100\n|\n|t:|1664990240\n|switch|p1a: Slowbro|Slowbro, F|42\/100 tox|[from]move: U-turn\n|-damage|p1a: Slowbro|30\/100 tox|[from] Stealth Rock\n|move|p2a: Gastrodon|Earth Power|p1a: Slowbro\n|-damage|p1a: Slowbro|0 fnt\n|faint|p1a: Slowbro\n|\n|upkeep\n|\n|t:|1664990241\n|switch|p1a: Rillaboom|Rillaboom, M|36\/100\n|-damage|p1a: Rillaboom|24\/100|[from] Stealth Rock\n|-fieldstart|move: Grassy Terrain|[from] ability: Grassy Surge|[of] p1a: Rillaboom\n|turn|95\n|\n|t:|1664990261\n|switch|p2a: Buzzwole|Buzzwole|40\/100 tox\n|move|p1a: Rillaboom|Wood Hammer|p2a: Buzzwole\n|-resisted|p2a: Buzzwole\n|-damage|p2a: Buzzwole|13\/100 tox\n|-damage|p1a: Rillaboom|8\/100|[from] item: Rocky Helmet|[of] p2a: Buzzwole\n|-damage|p1a: Rillaboom|0 fnt|[from] Recoil\n|faint|p1a: Rillaboom\n|\n|-heal|p2a: Buzzwole|19\/100 tox|[from] Grassy Terrain\n|-damage|p2a: Buzzwole|13\/100 tox|[from] psn\n|upkeep\n|\n|t:|1664990263\n|switch|p1a: Tornadus|Tornadus-Therian, M|67\/100 tox\n|-damage|p1a: Tornadus|42\/100 tox|[from] Stealth Rock\n|turn|96\n|\n|t:|1664990267\n|move|p1a: Tornadus|Icy Wind|p2a: Buzzwole\n|-damage|p2a: Buzzwole|0 fnt\n|faint|p2a: Buzzwole\n|\n|-damage|p1a: Tornadus|36\/100 tox|[from] psn\n|upkeep\n|\n|t:|1664990270\n|switch|p2a: Tapu Lele|Tapu Lele|2\/100\n|-fieldstart|move: Psychic Terrain|[from] ability: Psychic Surge|[of] p2a: Tapu Lele\n|turn|97\n|\n|t:|1664990274\n|move|p2a: Tapu Lele|Psychic|p1a: Tornadus\n|-damage|p1a: Tornadus|0 fnt\n|faint|p1a: Tornadus\n|\n|upkeep\n|c|\u2606knexhawk2|gg\n|c|\u2606knexhawk2|https:\/\/pokepast.es\/1555af3f4d551513\n|-message|knexhawk2 forfeited.\n|\n|win|mkyn\n|raw|knexhawk2's rating: 1870 &rarr; <strong>1843<\/strong><br \/>(-27 for losing)\n|raw|mkyn's rating: 1747 &rarr; <strong>1774<\/strong><br \/>(+27 for winning)\n|l|\u2606knexhawk2\n|c|\u2606mkyn|gg\n|l| westcottike\n|l| GGAMERBR\n||Ladder isn't responding, score probably updated but might not have (Request timeout).\n","uploadtime":1664990285,"views":26,"p1id":"knexhawk2","p2id":"mkyn","formatid":"gen8ou","rating":1774,"private":0,"password":null}