{"id":"gen8ou-1475836036","p1":"Monsterapper","p2":"Diameter\u272fXtreme","format":"gen8ou","log":"|j|\u2606Monsterapper\n|j|\u2606Diameter\u272fXtreme\n|t:|1639854038\n|gametype|singles\n|player|p1|Monsterapper|scientist-gen4|1535\n|player|p2|Diameter\u272fXtreme|jasmine-gen2|1537\n|teamsize|p1|6\n|teamsize|p2|6\n|gen|8\n|tier|[Gen 8] OU\n|rated|\n|rule|Sleep Clause Mod: Limit one foe put to sleep\n|rule|Species Clause: Limit one of each Pok\u00e9mon\n|rule|OHKO Clause: OHKO moves are banned\n|rule|Evasion Moves Clause: Evasion moves are banned\n|rule|Endless Battle Clause: Forcing endless battles is banned\n|rule|HP Percentage Mod: HP is shown in percentages\n|rule|Dynamax Clause: You cannot dynamax\n|clearpoke\n|poke|p1|Tapu Lele|\n|poke|p1|Dragapult, F|\n|poke|p1|Kartana|\n|poke|p1|Landorus-Therian, M|\n|poke|p1|Cloyster, F|\n|poke|p1|Blacephalon|\n|poke|p2|Blacephalon|\n|poke|p2|Tapu Fini|\n|poke|p2|Corviknight, F|\n|poke|p2|Zapdos|\n|poke|p2|Tyranitar, M|\n|poke|p2|Garchomp, M|\n|teampreview\n|j| Bug Catcher nohope\n|\n|t:|1639854050\n|start\n|switch|p1a: Bushido|Kartana|100\/100\n|switch|p2a: Corviknight|Corviknight, F, shiny|100\/100\n|-ability|p2a: Corviknight|Pressure\n|turn|1\n|\n|t:|1639854056\n|move|p1a: Bushido|Knock Off|p2a: Corviknight\n|-damage|p2a: Corviknight|64\/100\n|-enditem|p2a: Corviknight|Leftovers|[from] move: Knock Off|[of] p1a: Bushido\n|move|p2a: Corviknight|Substitute|p2a: Corviknight\n|-start|p2a: Corviknight|Substitute\n|-damage|p2a: Corviknight|39\/100\n|\n|upkeep\n|turn|2\n|\n|t:|1639854063\n|move|p1a: Bushido|Knock Off|p2a: Corviknight\n|-end|p2a: Corviknight|Substitute\n|move|p2a: Corviknight|Roost|p2a: Corviknight\n|-heal|p2a: Corviknight|89\/100\n|-singleturn|p2a: Corviknight|move: Roost\n|\n|upkeep\n|turn|3\n|j| Misabi\n|\n|t:|1639854071\n|switch|p1a: Brock Lesnar|Landorus-Therian, M|100\/100\n|-ability|p1a: Brock Lesnar|Intimidate|boost\n|-unboost|p2a: Corviknight|atk|1\n|move|p2a: Corviknight|Bulk Up|p2a: Corviknight\n|-boost|p2a: Corviknight|atk|1\n|-boost|p2a: Corviknight|def|1\n|\n|upkeep\n|turn|4\n|\n|t:|1639854079\n|move|p1a: Brock Lesnar|Smack Down|p2a: Corviknight\n|-crit|p2a: Corviknight\n|-damage|p2a: Corviknight|62\/100\n|-start|p2a: Corviknight|Smack Down\n|move|p2a: Corviknight|Substitute|p2a: Corviknight\n|-start|p2a: Corviknight|Substitute\n|-damage|p2a: Corviknight|37\/100\n|\n|upkeep\n|turn|5\n|\n|t:|1639854088\n|move|p1a: Brock Lesnar|Earthquake|p2a: Corviknight\n|-supereffective|p2a: Corviknight\n|-end|p2a: Corviknight|Substitute\n|move|p2a: Corviknight|Roost|p2a: Corviknight\n|-heal|p2a: Corviknight|87\/100\n|-singleturn|p2a: Corviknight|move: Roost\n|\n|upkeep\n|turn|6\n|\n|t:|1639854095\n|switch|p2a: Garchomp|Garchomp, M|100\/100\n|move|p1a: Brock Lesnar|Earthquake|p2a: Garchomp\n|-damage|p2a: Garchomp|33\/100\n|\n|-heal|p2a: Garchomp|39\/100|[from] item: Leftovers\n|upkeep\n|turn|7\n|\n|t:|1639854102\n|move|p2a: Garchomp|Scale Shot|p1a: Brock Lesnar\n|-damage|p1a: Brock Lesnar|88\/100\n|-damage|p1a: Brock Lesnar|75\/100\n|-hitcount|p1a: Brock Lesnar|2\n|-unboost|p2a: Garchomp|def|1\n|-boost|p2a: Garchomp|spe|1\n|move|p1a: Brock Lesnar|Earthquake|p2a: Garchomp\n|-damage|p2a: Garchomp|0 fnt\n|faint|p2a: Garchomp\n|\n|upkeep\n|\n|t:|1639854106\n|switch|p2a: Blacephalon|Blacephalon|100\/100\n|turn|8\n|\n|t:|1639854117\n|move|p2a: Blacephalon|Flamethrower|p1a: Brock Lesnar\n|-damage|p1a: Brock Lesnar|0 fnt\n|faint|p1a: Brock Lesnar\n|-ability|p2a: Blacephalon|Beast Boost|boost\n|-boost|p2a: Blacephalon|spa|1\n|\n|upkeep\n|\n|t:|1639854123\n|switch|p1a: Apollo 13|Dragapult, F|100\/100\n|turn|9\n|\n|t:|1639854126\n|switch|p2a: Tyranitar|Tyranitar, M|100\/100\n|-weather|Sandstorm|[from] ability: Sand Stream|[of] p2a: Tyranitar\n|move|p1a: Apollo 13|Sucker Punch||[still]\n|-fail|p1a: Apollo 13\n|\n|-weather|Sandstorm|[upkeep]\n|-damage|p1a: Apollo 13|95\/100|[from] Sandstorm\n|upkeep\n|turn|10\n|\n|t:|1639854144\n|move|p1a: Apollo 13|Dragon Darts|p2a: Tyranitar\n|-damage|p2a: Tyranitar|67\/100\n|-anim|p1a: Apollo 13|Dragon Darts|p2a: Tyranitar\n|-damage|p2a: Tyranitar|31\/100\n|-damage|p1a: Apollo 13|85\/100|[from] item: Life Orb\n|move|p2a: Tyranitar|Crunch|p1a: Apollo 13\n|-supereffective|p1a: Apollo 13\n|-damage|p1a: Apollo 13|0 fnt\n|faint|p1a: Apollo 13\n|\n|-weather|Sandstorm|[upkeep]\n|upkeep\n|\n|t:|1639854159\n|switch|p1a: SuperBass|Tapu Lele|100\/100\n|-fieldstart|move: Psychic Terrain|[from] ability: Psychic Surge|[of] p1a: SuperBass\n|turn|11\n|l| Misabi\n|\n|t:|1639854165\n|move|p1a: SuperBass|Moonblast|p2a: Tyranitar\n|-supereffective|p2a: Tyranitar\n|-damage|p2a: Tyranitar|0 fnt\n|faint|p2a: Tyranitar\n|\n|-weather|Sandstorm|[upkeep]\n|-damage|p1a: SuperBass|94\/100|[from] Sandstorm\n|upkeep\n|\n|t:|1639854168\n|switch|p2a: Blacephalon|Blacephalon|100\/100\n|turn|12\n|\n|t:|1639854183\n|move|p2a: Blacephalon|Shadow Ball|p1a: SuperBass\n|-supereffective|p1a: SuperBass\n|-damage|p1a: SuperBass|0 fnt\n|faint|p1a: SuperBass\n|-ability|p2a: Blacephalon|Beast Boost|boost\n|-boost|p2a: Blacephalon|spa|1\n|\n|-weather|Sandstorm|[upkeep]\n|-damage|p2a: Blacephalon|94\/100|[from] Sandstorm\n|upkeep\n|\n|t:|1639854191\n|switch|p1a: Bushido|Kartana|100\/100\n|turn|13\n|\n|t:|1639854195\n|switch|p2a: Zapdos|Zapdos|100\/100\n|move|p1a: Bushido|Knock Off|p2a: Zapdos\n|-damage|p2a: Zapdos|64\/100\n|-enditem|p2a: Zapdos|Heavy-Duty Boots|[from] move: Knock Off|[of] p1a: Bushido\n|\n|-weather|none\n|upkeep\n|turn|14\n|\n|t:|1639854205\n|switch|p1a: The Whole Circus|Blacephalon|100\/100\n|move|p2a: Zapdos|Volt Switch|p1a: The Whole Circus\n|-damage|p1a: The Whole Circus|48\/100\n|\n|t:|1639854210\n|switch|p2a: Blacephalon|Blacephalon|94\/100|[from]move: Volt Switch\n|\n|upkeep\n|turn|15\n|\n|t:|1639854217\n|move|p1a: The Whole Circus|Shadow Ball|p2a: Blacephalon\n|-supereffective|p2a: Blacephalon\n|-damage|p2a: Blacephalon|0 fnt\n|faint|p2a: Blacephalon\n|-ability|p1a: The Whole Circus|Beast Boost|boost\n|-boost|p1a: The Whole Circus|spa|1\n|\n|-fieldend|move: Psychic Terrain\n|upkeep\n|\n|t:|1639854221\n|switch|p2a: Tapu Fini|Tapu Fini|100\/100\n|-fieldstart|move: Misty Terrain|[from] ability: Misty Surge|[of] p2a: Tapu Fini\n|turn|16\n|\n|t:|1639854227\n|move|p1a: The Whole Circus|Shadow Ball|p2a: Tapu Fini\n|-damage|p2a: Tapu Fini|50\/100\n|move|p2a: Tapu Fini|Whirlpool|p1a: The Whole Circus\n|-supereffective|p1a: The Whole Circus\n|-damage|p1a: The Whole Circus|7\/100\n|-activate|p1a: The Whole Circus|move: Whirlpool|[of] p2a: Tapu Fini\n|\n|-heal|p2a: Tapu Fini|56\/100|[from] item: Leftovers\n|-damage|p1a: The Whole Circus|0 fnt|[from] move: Whirlpool|[partiallytrapped]\n|faint|p1a: The Whole Circus\n|upkeep\n|\n|t:|1639854241\n|switch|p1a: The Clamboni|Cloyster, F|100\/100\n|turn|17\n|\n|t:|1639854247\n|move|p1a: The Clamboni|Shell Smash|p1a: The Clamboni\n|-unboost|p1a: The Clamboni|def|1\n|-unboost|p1a: The Clamboni|spd|1\n|-boost|p1a: The Clamboni|atk|2\n|-boost|p1a: The Clamboni|spa|2\n|-boost|p1a: The Clamboni|spe|2\n|move|p2a: Tapu Fini|Taunt|p1a: The Clamboni\n|-start|p1a: The Clamboni|move: Taunt\n|\n|-heal|p2a: Tapu Fini|62\/100|[from] item: Leftovers\n|upkeep\n|turn|18\n|\n|t:|1639854256\n|move|p1a: The Clamboni|Rock Blast|p2a: Tapu Fini\n|-damage|p2a: Tapu Fini|50\/100\n|-damage|p2a: Tapu Fini|39\/100\n|-damage|p2a: Tapu Fini|27\/100\n|-damage|p2a: Tapu Fini|15\/100\n|-damage|p2a: Tapu Fini|3\/100\n|-hitcount|p2a: Tapu Fini|5\n|move|p2a: Tapu Fini|Moonblast|p1a: The Clamboni\n|-enditem|p1a: The Clamboni|Focus Sash\n|-damage|p1a: The Clamboni|1\/100\n|-unboost|p1a: The Clamboni|spa|1\n|\n|-heal|p2a: Tapu Fini|10\/100|[from] item: Leftovers\n|upkeep\n|turn|19\n|\n|t:|1639854270\n|move|p1a: The Clamboni|Icicle Spear|p2a: Tapu Fini\n|-resisted|p2a: Tapu Fini\n|-damage|p2a: Tapu Fini|0 fnt\n|faint|p2a: Tapu Fini\n|-hitcount|p2: Tapu Fini|1\n|\n|upkeep\n|\n|t:|1639854272\n|switch|p2a: Corviknight|Corviknight, F, shiny|87\/100\n|-ability|p2a: Corviknight|Pressure\n|turn|20\n|\n|t:|1639854277\n|move|p1a: The Clamboni|Icicle Spear|p2a: Corviknight\n|-damage|p2a: Corviknight|69\/100\n|-damage|p2a: Corviknight|48\/100\n|-damage|p2a: Corviknight|30\/100\n|-damage|p2a: Corviknight|10\/100\n|-damage|p2a: Corviknight|0 fnt\n|faint|p2a: Corviknight\n|-hitcount|p2: Corviknight|5\n|\n|-end|p1a: The Clamboni|move: Taunt\n|-fieldend|Misty Terrain\n|upkeep\n|\n|t:|1639854281\n|switch|p2a: Zapdos|Zapdos|64\/100\n|turn|21\n|-message|Diameter\u272fXtreme forfeited.\n|\n|win|Monsterapper\n|raw|Monsterapper's rating: 1535 &rarr; <strong>1555<\/strong><br \/>(+20 for winning)\n|raw|Diameter\u272fXtreme's rating: 1537 &rarr; <strong>1517<\/strong><br \/>(-20 for losing)\n|l|\u2606Diameter\u272fXtreme\n","uploadtime":1639854305,"views":8,"p1id":"monsterapper","p2id":"diameterxtreme","formatid":"gen8ou","rating":1517,"private":0,"password":null}