{"id":"gen8ou-1421093053","p1":"Hannibal Africanus","p2":"brifye","format":"gen8ou","log":"|j|\u2606Hannibal Africanus\n|j|\u2606brifye\n|t:|1632229356\n|gametype|singles\n|player|p1|Hannibal Africanus|alder|1477\n|player|p2|brifye|101|1498\n|teamsize|p1|6\n|teamsize|p2|6\n|gen|8\n|tier|[Gen 8] OU\n|rated|\n|rule|Sleep Clause Mod: Limit one foe put to sleep\n|rule|Species Clause: Limit one of each Pok\u00e9mon\n|rule|OHKO Clause: OHKO moves are banned\n|rule|Evasion Moves Clause: Evasion moves are banned\n|rule|Endless Battle Clause: Forcing endless battles is banned\n|rule|HP Percentage Mod: HP is shown in percentages\n|rule|Dynamax Clause: You cannot dynamax\n|clearpoke\n|poke|p1|Tyranitar, F|\n|poke|p1|Tapu Lele|\n|poke|p1|Landorus-Therian, M|\n|poke|p1|Zapdos|\n|poke|p1|Melmetal|\n|poke|p1|Kyurem|\n|poke|p2|Torkoal, M|\n|poke|p2|Darmanitan, M|\n|poke|p2|Landorus-Therian, M|\n|poke|p2|Dragapult, F|\n|poke|p2|Venusaur, M|\n|poke|p2|Kyurem|\n|teampreview\n|\n|t:|1632229379\n|start\n|switch|p1a: Landorus|Landorus-Therian, M|100\/100\n|switch|p2a: Darmanitan|Darmanitan, M|100\/100\n|-ability|p1a: Landorus|Intimidate|boost\n|-unboost|p2a: Darmanitan|atk|1\n|turn|1\n|\n|t:|1632229389\n|switch|p1a: Zapdos|Zapdos|100\/100\n|move|p2a: Darmanitan|U-turn|p1a: Zapdos\n|-resisted|p1a: Zapdos\n|-damage|p1a: Zapdos|92\/100\n|\n|t:|1632229400\n|switch|p2a: Kyurem|Kyurem|100\/100|[from]move: U-turn\n|-ability|p2a: Kyurem|Pressure\n|\n|upkeep\n|turn|2\n|\n|t:|1632229408\n|switch|p1a: Melmetal|Melmetal|100\/100\n|move|p2a: Kyurem|Ice Beam|p1a: Melmetal\n|-resisted|p1a: Melmetal\n|-damage|p1a: Melmetal|81\/100\n|-status|p1a: Melmetal|frz\n|\n|upkeep\n|turn|3\n|\n|t:|1632229419\n|switch|p2a: Darmanitan|Darmanitan, M|100\/100\n|cant|p1a: Melmetal|frz\n|\n|upkeep\n|turn|4\n|\n|t:|1632229430\n|move|p2a: Darmanitan|Flare Blitz|p1a: Melmetal\n|-supereffective|p1a: Melmetal\n|-damage|p1a: Melmetal|0 fnt\n|faint|p1a: Melmetal\n|-damage|p2a: Darmanitan|65\/100|[from] Recoil\n|\n|upkeep\n|\n|t:|1632229434\n|switch|p1a: Tapu Lele|Tapu Lele|100\/100\n|-fieldstart|move: Psychic Terrain|[from] ability: Psychic Surge|[of] p1a: Tapu Lele\n|turn|5\n|\n|t:|1632229448\n|switch|p2a: Landorus|Landorus-Therian, M|100\/100\n|-ability|p2a: Landorus|Intimidate|boost\n|-unboost|p1a: Tapu Lele|atk|1\n|move|p1a: Tapu Lele|Psychic|p2a: Landorus\n|-damage|p2a: Landorus|54\/100\n|\n|-heal|p2a: Landorus|60\/100|[from] item: Leftovers\n|upkeep\n|turn|6\n|\n|t:|1632229465\n|move|p1a: Tapu Lele|Psychic|p2a: Landorus\n|-damage|p2a: Landorus|17\/100\n|move|p2a: Landorus|Toxic|p1a: Tapu Lele\n|-status|p1a: Tapu Lele|tox\n|\n|-heal|p2a: Landorus|23\/100|[from] item: Leftovers\n|-damage|p1a: Tapu Lele|94\/100 tox|[from] psn\n|upkeep\n|turn|7\n|\n|t:|1632229474\n|move|p1a: Tapu Lele|Psychic|p2a: Landorus\n|-damage|p2a: Landorus|0 fnt\n|faint|p2a: Landorus\n|\n|-damage|p1a: Tapu Lele|82\/100 tox|[from] psn\n|upkeep\n|\n|t:|1632229487\n|switch|p2a: Kyurem|Kyurem|100\/100\n|-ability|p2a: Kyurem|Pressure\n|turn|8\n|\n|t:|1632229494\n|switch|p1a: Tyranitar|Tyranitar, F, shiny|100\/100\n|-weather|Sandstorm|[from] ability: Sand Stream|[of] p1a: Tyranitar\n|move|p2a: Kyurem|Ice Beam|p1a: Tyranitar\n|-damage|p1a: Tyranitar|55\/100\n|\n|-weather|Sandstorm|[upkeep]\n|-damage|p2a: Kyurem|94\/100|[from] Sandstorm\n|upkeep\n|turn|9\n|\n|t:|1632229503\n|move|p2a: Kyurem|Ice Beam|p1a: Tyranitar\n|-damage|p1a: Tyranitar|6\/100\n|move|p1a: Tyranitar|Stone Edge|p2a: Kyurem\n|-supereffective|p2a: Kyurem\n|-damage|p2a: Kyurem|0 fnt\n|faint|p2a: Kyurem\n|\n|-weather|Sandstorm|[upkeep]\n|-fieldend|move: Psychic Terrain\n|upkeep\n|\n|t:|1632229513\n|switch|p2a: Dragapult|Dragapult, F|100\/100\n|turn|10\n|\n|t:|1632229517\n|switch|p1a: Landorus|Landorus-Therian, M|100\/100\n|-ability|p1a: Landorus|Intimidate|boost\n|-unboost|p2a: Dragapult|atk|1\n|move|p2a: Dragapult|Shadow Ball|p1a: Landorus\n|-damage|p1a: Landorus|59\/100\n|-unboost|p1a: Landorus|spd|1\n|\n|-weather|Sandstorm|[upkeep]\n|-damage|p2a: Dragapult|95\/100|[from] Sandstorm\n|-heal|p1a: Landorus|65\/100|[from] item: Leftovers\n|upkeep\n|turn|11\n|\n|t:|1632229535\n|move|p2a: Dragapult|Shadow Ball|p1a: Landorus\n|-damage|p1a: Landorus|0 fnt\n|faint|p1a: Landorus\n|\n|-weather|Sandstorm|[upkeep]\n|-damage|p2a: Dragapult|89\/100|[from] Sandstorm\n|upkeep\n|\n|t:|1632229540\n|switch|p1a: Tapu Lele|Tapu Lele|82\/100 tox\n|-fieldstart|move: Psychic Terrain|[from] ability: Psychic Surge|[of] p1a: Tapu Lele\n|turn|12\n|\n|t:|1632229551\n|move|p1a: Tapu Lele|Psychic|p2a: Dragapult\n|-damage|p2a: Dragapult|9\/100\n|move|p2a: Dragapult|Shadow Ball|p1a: Tapu Lele\n|-supereffective|p1a: Tapu Lele\n|-damage|p1a: Tapu Lele|0 fnt\n|faint|p1a: Tapu Lele\n|\n|-weather|none\n|upkeep\n|\n|t:|1632229556\n|switch|p1a: Kyurem|Kyurem|100\/100\n|-ability|p1a: Kyurem|Pressure\n|turn|13\n|\n|t:|1632229568\n|move|p2a: Dragapult|Shadow Ball|p1a: Kyurem\n|-damage|p1a: Kyurem|47\/100\n|-unboost|p1a: Kyurem|spd|1\n|move|p1a: Kyurem|Earth Power|p2a: Dragapult\n|-damage|p2a: Dragapult|0 fnt\n|faint|p2a: Dragapult\n|\n|upkeep\n|\n|t:|1632229588\n|switch|p2a: Darmanitan|Darmanitan, M|65\/100\n|turn|14\n|\n|t:|1632229594\n|switch|p1a: Zapdos|Zapdos|92\/100\n|move|p2a: Darmanitan|Flare Blitz|p1a: Zapdos\n|-damage|p1a: Zapdos|0 fnt\n|faint|p1a: Zapdos\n|-damage|p2a: Darmanitan|32\/100|[from] Recoil\n|\n|upkeep\n|\n|t:|1632229598\n|switch|p1a: Kyurem|Kyurem|47\/100\n|-ability|p1a: Kyurem|Pressure\n|turn|15\n|\n|t:|1632229603\n|move|p2a: Darmanitan|Flare Blitz|p1a: Kyurem\n|-damage|p1a: Kyurem|0 fnt\n|faint|p1a: Kyurem\n|-damage|p2a: Darmanitan|14\/100|[from] Recoil\n|\n|upkeep\n|\n|t:|1632229606\n|switch|p1a: Tyranitar|Tyranitar, F, shiny|6\/100\n|-weather|Sandstorm|[from] ability: Sand Stream|[of] p1a: Tyranitar\n|turn|16\n|c|\u2606brifye|gg\n|\n|t:|1632229618\n|move|p2a: Darmanitan|Flare Blitz|p1a: Tyranitar\n|-resisted|p1a: Tyranitar\n|-damage|p1a: Tyranitar|0 fnt\n|faint|p1a: Tyranitar\n|-damage|p2a: Darmanitan|12\/100|[from] Recoil\n|\n|win|brifye\n|raw|Hannibal Africanus's rating: 1477 &rarr; <strong>1458<\/strong><br \/>(-19 for losing)\n|raw|brifye's rating: 1498 &rarr; <strong>1517<\/strong><br \/>(+19 for winning)\n|l|\u2606brifye\n","uploadtime":1632229626,"views":22,"p1id":"hannibalafricanus","p2id":"brifye","formatid":"gen8ou","rating":1458,"private":0,"password":null}