{"id":"gen8ru-1276851537","p1":"LolzMachine","p2":"TheFlawlessWin","format":"gen8ru","log":"|j|\u2606LolzMachine\n|j|\u2606TheFlawlessWin\n|t:|1612557159\n|player|p1|LolzMachine|294|1350\n|player|p2|TheFlawlessWin|lance|1531\n|teamsize|p1|6\n|teamsize|p2|6\n|gametype|singles\n|gen|8\n|tier|[Gen 8] RU\n|rated|\n|clearpoke\n|poke|p1|Slowbro-Galar, F|\n|poke|p1|Cloyster, F|\n|poke|p1|Togekiss, F|\n|poke|p1|Golurk|\n|poke|p1|Sirfetch\u2019d, M|\n|poke|p1|Dunsparce, M|\n|poke|p2|Metagross|\n|poke|p2|Blastoise, M|\n|poke|p2|Obstagoon, F|\n|poke|p2|Rotom-Mow|\n|poke|p2|Arcanine, M|\n|poke|p2|Crobat, F|\n|rule|Sleep Clause Mod: Limit one foe put to sleep\n|rule|Species Clause: Limit one of each Pok\u00e9mon\n|rule|OHKO Clause: OHKO moves are banned\n|rule|Evasion Moves Clause: Evasion moves are banned\n|rule|Endless Battle Clause: Forcing endless battles is banned\n|rule|HP Percentage Mod: HP is shown in percentages\n|rule|Dynamax Clause: You cannot dynamax\n|teampreview\n|\n|t:|1612557173\n|start\n|switch|p1a: Golurk|Golurk|100\/100\n|switch|p2a: Crobat|Crobat, F|100\/100\n|turn|1\n|\n|t:|1612557179\n|move|p2a: Crobat|U-turn|p1a: Golurk\n|-resisted|p1a: Golurk\n|-damage|p1a: Golurk|90\/100\n|\n|t:|1612557182\n|switch|p2a: Obstagoon|Obstagoon, F|100\/100|[from]move: U-turn\n|move|p1a: Golurk|Dynamic Punch|p2a: Obstagoon\n|-supereffective|p2a: Obstagoon\n|-damage|p2a: Obstagoon|0 fnt\n|faint|p2a: Obstagoon\n|\n|upkeep\n|\n|t:|1612557191\n|switch|p2a: Rotom|Rotom-Mow|100\/100\n|turn|2\n|\n|t:|1612557197\n|move|p2a: Rotom|Volt Switch|p1a: Golurk\n|-immune|p1a: Golurk\n|move|p1a: Golurk|Stealth Rock|p2a: Rotom\n|-sidestart|p2: TheFlawlessWin|move: Stealth Rock\n|\n|upkeep\n|turn|3\n|\n|t:|1612557204\n|switch|p2a: Blastoise|Blastoise, M|100\/100\n|-damage|p2a: Blastoise|88\/100|[from] Stealth Rock\n|move|p1a: Golurk|Poltergeist|p2a: Blastoise\n|-activate|p2a: Blastoise|move: Poltergeist|Leftovers\n|-damage|p2a: Blastoise|52\/100\n|\n|-heal|p2a: Blastoise|59\/100|[from] item: Leftovers\n|upkeep\n|turn|4\n|\n|t:|1612557209\n|move|p1a: Golurk|Dynamic Punch|p2a: Blastoise\n|-damage|p2a: Blastoise|34\/100\n|-start|p2a: Blastoise|confusion\n|-activate|p2a: Blastoise|confusion\n|move|p2a: Blastoise|Scald|p1a: Golurk\n|-supereffective|p1a: Golurk\n|-damage|p1a: Golurk|22\/100\n|-status|p1a: Golurk|brn\n|\n|-heal|p2a: Blastoise|40\/100|[from] item: Leftovers\n|-damage|p1a: Golurk|16\/100 brn|[from] brn\n|upkeep\n|turn|5\n|\n|t:|1612557223\n|switch|p2a: Crobat|Crobat, F|100\/100\n|move|p1a: Golurk|Poltergeist|p2a: Crobat\n|-activate|p2a: Crobat|move: Poltergeist|Heavy-Duty Boots\n|-crit|p2a: Crobat\n|-damage|p2a: Crobat|53\/100\n|\n|-damage|p1a: Golurk|10\/100 brn|[from] brn\n|upkeep\n|turn|6\n|\n|t:|1612557227\n|move|p2a: Crobat|Roost|p2a: Crobat\n|-heal|p2a: Crobat|100\/100\n|-singleturn|p2a: Crobat|move: Roost\n|move|p1a: Golurk|Earthquake|p2a: Crobat\n|-supereffective|p2a: Crobat\n|-damage|p2a: Crobat|40\/100\n|\n|-damage|p1a: Golurk|4\/100 brn|[from] brn\n|upkeep\n|turn|7\n|\n|t:|1612557232\n|move|p2a: Crobat|Brave Bird|p1a: Golurk\n|-damage|p1a: Golurk|0 fnt\n|-damage|p2a: Crobat|39\/100|[from] Recoil\n|faint|p1a: Golurk\n|\n|upkeep\n|\n|t:|1612557238\n|switch|p1a: Slowbro|Slowbro-Galar, F|100\/100\n|turn|8\n|\n|t:|1612557241\n|move|p2a: Crobat|Taunt|p1a: Slowbro\n|-start|p1a: Slowbro|move: Taunt\n|cant|p1a: Slowbro|move: Taunt|Nasty Plot\n|\n|upkeep\n|turn|9\n|-activate|p1a: Slowbro|ability: Quick Draw\n|\n|t:|1612557247\n|move|p1a: Slowbro|Psyshock|p2a: Crobat\n|-supereffective|p2a: Crobat\n|-damage|p2a: Crobat|0 fnt\n|faint|p2a: Crobat\n|\n|upkeep\n|\n|t:|1612557253\n|switch|p2a: Metagross|Metagross|100\/100\n|-damage|p2a: Metagross|94\/100|[from] Stealth Rock\n|turn|10\n|-activate|p1a: Slowbro|ability: Quick Draw\n|\n|t:|1612557258\n|move|p1a: Slowbro|Fire Blast|p2a: Metagross\n|-supereffective|p2a: Metagross\n|-damage|p2a: Metagross|23\/100\n|move|p2a: Metagross|Stealth Rock|p1a: Slowbro\n|-sidestart|p1: LolzMachine|move: Stealth Rock\n|\n|-heal|p2a: Metagross|29\/100|[from] item: Leftovers\n|-end|p1a: Slowbro|move: Taunt\n|upkeep\n|turn|11\n|-activate|p1a: Slowbro|ability: Quick Draw\n|\n|t:|1612557265\n|move|p1a: Slowbro|Fire Blast|p2a: Metagross\n|-supereffective|p2a: Metagross\n|-damage|p2a: Metagross|0 fnt\n|faint|p2a: Metagross\n|\n|upkeep\n|c|\u2606TheFlawlessWin|that's cool\n|c|\u2606TheFlawlessWin|just get it every turn\n|c|\u2606LolzMachine|yeah\n|\n|t:|1612557277\n|switch|p2a: Blastoise|Blastoise, M|40\/100\n|-damage|p2a: Blastoise|28\/100|[from] Stealth Rock\n|turn|12\n|c|\u2606TheFlawlessWin|very fair\n|c|\u2606LolzMachine|slowwbro is cool\n|c|\u2606LolzMachine|very very fair\n|-activate|p1a: Slowbro|ability: Quick Draw\n|\n|t:|1612557290\n|move|p1a: Slowbro|Shell Side Arm|p2a: Blastoise\n|-damage|p2a: Blastoise|0 fnt\n|-hint|Special Shell Side Arm\n|faint|p2a: Blastoise\n|\n|upkeep\n|c|\u2606TheFlawlessWin|jesus christ\n|c|\u2606TheFlawlessWin|four fucking turns in a row\n|-message|TheFlawlessWin forfeited.\n|\n|win|LolzMachine\n||Ladder (probably) updated, but score could not be retrieved (Request timeout).\n","uploadtime":1612557318,"views":113,"p1id":"lolzmachine","p2id":"theflawlesswin","formatid":"gen8ru","rating":0,"private":0,"password":null}