{"id":"gen8ou-1665620468","p1":"Chomp11","p2":"broked on bricks","format":"gen8ou","log":"|j|\u2606Chomp11\n|j|\u2606broked on bricks\n|t:|1663323234\n|gametype|singles\n|player|p1|Chomp11|steven|1579\n|player|p2|broked on bricks|psychic-gen2|1489\n|teamsize|p1|6\n|teamsize|p2|6\n|gen|8\n|tier|[Gen 8] OU\n|rated|\n|rule|Sleep Clause Mod: Limit one foe put to sleep\n|rule|Species Clause: Limit one of each Pok\u00e9mon\n|rule|OHKO Clause: OHKO moves are banned\n|rule|Evasion Items Clause: Evasion items are banned\n|rule|Evasion Moves Clause: Evasion moves are banned\n|rule|Endless Battle Clause: Forcing endless battles is banned\n|rule|HP Percentage Mod: HP is shown in percentages\n|rule|Dynamax Clause: You cannot dynamax\n|clearpoke\n|poke|p1|Hippowdon, M|\n|poke|p1|Dracozolt|\n|poke|p1|Zapdos|\n|poke|p1|Melmetal|\n|poke|p1|Blissey, F|\n|poke|p1|Ferrothorn, M|\n|poke|p2|Pelipper, M|\n|poke|p2|Keldeo-Resolute|\n|poke|p2|Dragapult, M|\n|poke|p2|Tapu Lele|\n|poke|p2|Melmetal|\n|poke|p2|Landorus-Therian, M|\n|teampreview\n|c|\u2606broked on bricks|glhf\n|\n|t:|1663323242\n|start\n|switch|p1a: Dracozolt|Dracozolt|100\/100\n|switch|p2a: Keldeo|Keldeo-Resolute|100\/100\n|turn|1\n|inactive|Battle timer is ON: inactive players will automatically lose when time's up. (requested by Chomp11)\n|\n|t:|1663323265\n|switch|p2a: Landorus|Landorus-Therian, M|100\/100\n|-ability|p2a: Landorus|Intimidate|boost\n|-unboost|p1a: Dracozolt|atk|1\n|move|p1a: Dracozolt|Bolt Beak|p2a: Landorus\n|-immune|p2a: Landorus\n|\n|upkeep\n|turn|2\n|\n|t:|1663323285\n|switch|p1a: Ferrothorn|Ferrothorn, M|100\/100\n|switch|p2a: Tapu Lele|Tapu Lele|100\/100\n|-fieldstart|move: Psychic Terrain|[from] ability: Psychic Surge|[of] p2a: Tapu Lele\n|\n|upkeep\n|turn|3\n|\n|t:|1663323301\n|move|p2a: Tapu Lele|Focus Blast|p1a: Ferrothorn|[miss]\n|-miss|p2a: Tapu Lele|p1a: Ferrothorn\n|move|p1a: Ferrothorn|Knock Off|p2a: Tapu Lele\n|-damage|p2a: Tapu Lele|66\/100\n|-enditem|p2a: Tapu Lele|Choice Scarf|[from] move: Knock Off|[of] p1a: Ferrothorn\n|\n|upkeep\n|turn|4\n|\n|t:|1663323308\n|switch|p1a: Blissey|Blissey, F|100\/100\n|move|p2a: Tapu Lele|Future Sight|p1a: Blissey\n|-start|p2a: Tapu Lele|move: Future Sight\n|\n|upkeep\n|turn|5\n|\n|t:|1663323311\n|switch|p2a: Keldeo|Keldeo-Resolute|100\/100\n|switch|p1a: Melmetal|Melmetal|100\/100\n|\n|upkeep\n|turn|6\n|\n|t:|1663323316\n|switch|p1a: Zapdos|Zapdos|100\/100\n|move|p2a: Keldeo|Secret Sword|p1a: Zapdos\n|-resisted|p1a: Zapdos\n|-crit|p1a: Zapdos\n|-damage|p1a: Zapdos|65\/100\n|\n|-end|p1a: Zapdos|move: Future Sight\n|-damage|p1a: Zapdos|0 fnt\n|faint|p1a: Zapdos\n|-fieldend|move: Psychic Terrain\n|upkeep\n|\n|t:|1663323326\n|switch|p1a: Dracozolt|Dracozolt|100\/100\n|turn|7\n|\n|t:|1663323334\n|switch|p2a: Landorus|Landorus-Therian, M|100\/100\n|-ability|p2a: Landorus|Intimidate|boost\n|-unboost|p1a: Dracozolt|atk|1\n|move|p1a: Dracozolt|Draco Meteor|p2a: Landorus\n|-damage|p2a: Landorus|62\/100\n|-unboost|p1a: Dracozolt|spa|2\n|-enditem|p2a: Landorus|Eject Button\n|-damage|p1a: Dracozolt|91\/100|[from] item: Life Orb\n|\n|t:|1663323349\n|switch|p2a: Tapu Lele|Tapu Lele|66\/100\n|-fieldstart|move: Psychic Terrain|[from] ability: Psychic Surge|[of] p2a: Tapu Lele\n|\n|upkeep\n|turn|8\n|\n|t:|1663323354\n|switch|p1a: Melmetal|Melmetal|100\/100\n|move|p2a: Tapu Lele|Future Sight|p1a: Melmetal\n|-start|p2a: Tapu Lele|move: Future Sight\n|\n|upkeep\n|turn|9\n|\n|t:|1663323359\n|switch|p2a: Dragapult|Dragapult, M|100\/100\n|move|p1a: Melmetal|Double Iron Bash|p2a: Dragapult\n|-damage|p2a: Dragapult|42\/100\n|-damage|p2a: Dragapult|0 fnt\n|faint|p2a: Dragapult\n|-hitcount|p2: Dragapult|2\n|\n|upkeep\n|\n|t:|1663323363\n|switch|p2a: Keldeo|Keldeo-Resolute|100\/100\n|turn|10\n|\n|t:|1663323369\n|switch|p1a: Blissey|Blissey, F|100\/100\n|move|p2a: Keldeo|Secret Sword|p1a: Blissey\n|-supereffective|p1a: Blissey\n|-damage|p1a: Blissey|0 fnt\n|faint|p1a: Blissey\n|\n|-hint|Future Sight did not hit because the target is fainted.\n|upkeep\n|\n|t:|1663323379\n|switch|p1a: Dracozolt|Dracozolt|91\/100\n|turn|11\n|\n|t:|1663323385\n|switch|p2a: Landorus|Landorus-Therian, M|62\/100\n|-ability|p2a: Landorus|Intimidate|boost\n|-unboost|p1a: Dracozolt|atk|1\n|move|p1a: Dracozolt|Bolt Beak|p2a: Landorus\n|-immune|p2a: Landorus\n|\n|-fieldend|move: Psychic Terrain\n|upkeep\n|turn|12\n|\n|t:|1663323389\n|switch|p1a: Ferrothorn|Ferrothorn, M|100\/100\n|move|p2a: Landorus|U-turn|p1a: Ferrothorn\n|-damage|p1a: Ferrothorn|87\/100\n|-damage|p2a: Landorus|50\/100|[from] ability: Iron Barbs|[of] p1a: Ferrothorn\n|-damage|p2a: Landorus|33\/100|[from] item: Rocky Helmet|[of] p1a: Ferrothorn\n|\n|t:|1663323396\n|switch|p2a: Pelipper|Pelipper, M|100\/100|[from]move: U-turn\n|-weather|RainDance|[from] ability: Drizzle|[of] p2a: Pelipper\n|\n|-weather|RainDance|[upkeep]\n|upkeep\n|turn|13\n|\n|t:|1663323400\n|move|p2a: Pelipper|Hurricane|p1a: Ferrothorn\n|-damage|p1a: Ferrothorn|25\/100\n|move|p1a: Ferrothorn|Leech Seed|p2a: Pelipper\n|-start|p2a: Pelipper|move: Leech Seed\n|\n|-weather|RainDance|[upkeep]\n|-damage|p2a: Pelipper|88\/100|[from] Leech Seed|[of] p1a: Ferrothorn\n|-heal|p1a: Ferrothorn|34\/100|[silent]\n|upkeep\n|turn|14\n|\n|t:|1663323406\n|switch|p2a: Landorus|Landorus-Therian, M|33\/100\n|-ability|p2a: Landorus|Intimidate|boost\n|-unboost|p1a: Ferrothorn|atk|1\n|switch|p1a: Melmetal|Melmetal|100\/100\n|\n|-weather|RainDance|[upkeep]\n|upkeep\n|turn|15\n|\n|t:|1663323410\n|move|p2a: Landorus|Earthquake|p1a: Melmetal\n|-supereffective|p1a: Melmetal\n|-damage|p1a: Melmetal|47\/100\n|move|p1a: Melmetal|Ice Punch|p2a: Landorus\n|-supereffective|p2a: Landorus\n|-damage|p2a: Landorus|0 fnt\n|faint|p2a: Landorus\n|\n|-weather|RainDance|[upkeep]\n|-heal|p1a: Melmetal|53\/100|[from] item: Leftovers\n|upkeep\n|\n|t:|1663323415\n|switch|p2a: Keldeo|Keldeo-Resolute|100\/100\n|turn|16\n|\n|t:|1663323419\n|switch|p1a: Ferrothorn|Ferrothorn, M|34\/100\n|move|p2a: Keldeo|Surf|p1a: Ferrothorn\n|-resisted|p1a: Ferrothorn\n|-damage|p1a: Ferrothorn|0 fnt\n|faint|p1a: Ferrothorn\n|\n|-weather|none\n|upkeep\n|\n|t:|1663323423\n|switch|p1a: Dracozolt|Dracozolt|91\/100\n|turn|17\n|\n|t:|1663323426\n|switch|p2a: Melmetal|Melmetal|100\/100\n|move|p1a: Dracozolt|Bolt Beak|p2a: Melmetal\n|-damage|p2a: Melmetal|37\/100\n|-damage|p1a: Dracozolt|81\/100|[from] item: Life Orb\n|\n|-heal|p2a: Melmetal|43\/100|[from] item: Leftovers\n|upkeep\n|turn|18\n|\n|t:|1663323430\n|move|p2a: Melmetal|Protect|p2a: Melmetal\n|-singleturn|p2a: Melmetal|Protect\n|move|p1a: Dracozolt|Bolt Beak|p2a: Melmetal\n|-activate|p2a: Melmetal|move: Protect\n|\n|-heal|p2a: Melmetal|49\/100|[from] item: Leftovers\n|upkeep\n|turn|19\n|\n|t:|1663323432\n|move|p1a: Dracozolt|Bolt Beak|p2a: Melmetal\n|-damage|p2a: Melmetal|0 fnt\n|faint|p2a: Melmetal\n|-damage|p1a: Dracozolt|71\/100|[from] item: Life Orb\n|\n|upkeep\n|\n|t:|1663323438\n|switch|p2a: Tapu Lele|Tapu Lele|66\/100\n|-fieldstart|move: Psychic Terrain|[from] ability: Psychic Surge|[of] p2a: Tapu Lele\n|turn|20\n|\n|t:|1663323451\n|switch|p1a: Melmetal|Melmetal|53\/100\n|move|p2a: Tapu Lele|Psychic|p1a: Melmetal\n|-resisted|p1a: Melmetal\n|-damage|p1a: Melmetal|19\/100\n|\n|-heal|p1a: Melmetal|25\/100|[from] item: Leftovers\n|upkeep\n|turn|21\n|\n|t:|1663323458\n|move|p2a: Tapu Lele|Psychic|p1a: Melmetal\n|-resisted|p1a: Melmetal\n|-damage|p1a: Melmetal|0 fnt\n|faint|p1a: Melmetal\n|\n|upkeep\n|\n|t:|1663323460\n|switch|p1a: Hippowdon|Hippowdon, M|100\/100\n|-weather|Sandstorm|[from] ability: Sand Stream|[of] p1a: Hippowdon\n|turn|22\n|\n|t:|1663323463\n|move|p2a: Tapu Lele|Future Sight|p1a: Hippowdon\n|-start|p2a: Tapu Lele|move: Future Sight\n|move|p1a: Hippowdon|Earthquake|p2a: Tapu Lele\n|-damage|p2a: Tapu Lele|4\/100\n|\n|-weather|Sandstorm|[upkeep]\n|-damage|p2a: Tapu Lele|0 fnt|[from] Sandstorm\n|faint|p2a: Tapu Lele\n|upkeep\n|\n|t:|1663323468\n|switch|p2a: Pelipper|Pelipper, M|88\/100\n|-weather|RainDance|[from] ability: Drizzle|[of] p2a: Pelipper\n|turn|23\n|\n|t:|1663323479\n|move|p2a: Pelipper|Weather Ball|p1a: Hippowdon\n|-supereffective|p1a: Hippowdon\n|-crit|p1a: Hippowdon\n|-damage|p1a: Hippowdon|0 fnt\n|faint|p1a: Hippowdon\n|\n|-weather|RainDance|[upkeep]\n|upkeep\n|\n|t:|1663323483\n|switch|p1a: Dracozolt|Dracozolt|71\/100\n|turn|24\n|\n|t:|1663323486\n|move|p1a: Dracozolt|Bolt Beak|p2a: Pelipper\n|-supereffective|p2a: Pelipper\n|-damage|p2a: Pelipper|0 fnt\n|faint|p2a: Pelipper\n|-damage|p1a: Dracozolt|61\/100|[from] item: Life Orb\n|\n|-weather|RainDance|[upkeep]\n|-end|p1a: Dracozolt|move: Future Sight\n|-damage|p1a: Dracozolt|0 fnt\n|faint|p1a: Dracozolt\n|\n|win|broked on bricks\n|upkeep\n|raw|Chomp11's rating: 1579 &rarr; <strong>1554<\/strong><br \/>(-25 for losing)\n|raw|broked on bricks's rating: 1489 &rarr; <strong>1514<\/strong><br \/>(+25 for winning)\n|c|\u2606broked on bricks|gg\n","uploadtime":1663323491,"views":17,"p1id":"chomp11","p2id":"brokedonbricks","formatid":"gen8ou","rating":1514,"private":0,"password":null}