{"id":"gen8bdspou-1457061804","p1":"BeastyJ157","p2":"Butterchoke","format":"gen8bdspou","log":"|j|\u2606BeastyJ157\n|j|\u2606Butterchoke\n|t:|1637319042\n|gametype|singles\n|player|p1|BeastyJ157|acetrainer-gen4|1095\n|player|p2|Butterchoke|pryce|1211\n|teamsize|p1|6\n|teamsize|p2|6\n|gen|8\n|tier|[Gen 8 BDSP] OU\n|rated|\n|rule|Sleep Clause Mod: Limit one foe put to sleep\n|rule|Species Clause: Limit one of each Pok\u00e9mon\n|rule|OHKO Clause: OHKO moves are banned\n|rule|Evasion Moves Clause: Evasion moves are banned\n|rule|Endless Battle Clause: Forcing endless battles is banned\n|rule|HP Percentage Mod: HP is shown in percentages\n|clearpoke\n|poke|p1|Pelipper, F|\n|poke|p1|Manaphy|\n|poke|p1|Kingdra, F|\n|poke|p1|Scizor, F|\n|poke|p1|Zapdos|\n|poke|p1|Mamoswine, F|\n|poke|p2|Pelipper, M|\n|poke|p2|Kingdra, F|\n|poke|p2|Scizor, F|\n|poke|p2|Jirachi|\n|poke|p2|Crawdaunt, F|\n|poke|p2|Gorebyss, M|\n|teampreview\n|inactive|Battle timer is ON: inactive players will automatically lose when time's up. (requested by BeastyJ157)\n|c|\u2606Butterchoke|hi sample rain team\n|c|\u2606BeastyJ157|bonjour\n|c|\u2606BeastyJ157|well\n|inactive|BeastyJ157 has 120 seconds left.\n|\n|t:|1637319076\n|start\n|switch|p1a: zoinkerpoinger|Zapdos|100\/100\n|switch|p2a: Crawdaunt|Crawdaunt, F|100\/100\n|turn|1\n|\n|t:|1637319085\n|switch|p2a: Scizor|Scizor, F|100\/100\n|move|p1a: zoinkerpoinger|Volt Switch|p2a: Scizor\n|-damage|p2a: Scizor|49\/100\n|c|\u2606Butterchoke|yep\n|c|\u2606Butterchoke|that s over XD\n|c|\u2606BeastyJ157|should i just tail glow and win\n|\n|t:|1637319113\n|switch|p1a: blimblebumpy|Manaphy|100\/100|[from]move: Volt Switch\n|\n|upkeep\n|turn|2\n|inactive|Butterchoke has 120 seconds left.\n|\n|t:|1637319145\n|move|p1a: blimblebumpy|Tail Glow|p1a: blimblebumpy\n|-boost|p1a: blimblebumpy|spa|3\n|move|p2a: Scizor|U-turn|p1a: blimblebumpy\n|-damage|p1a: blimblebumpy|67\/100\n|inactive|Butterchoke has 120 seconds left.\n|\n|t:|1637319153\n|switch|p2a: Jirachi|Jirachi|100\/100|[from]move: U-turn\n|\n|upkeep\n|turn|3\n|\n|t:|1637319157\n|move|p2a: Jirachi|Thunder|p1a: blimblebumpy\n|-supereffective|p1a: blimblebumpy\n|-damage|p1a: blimblebumpy|17\/100\n|move|p1a: blimblebumpy|Surf|p2a: Jirachi\n|-damage|p2a: Jirachi|0 fnt\n|faint|p2a: Jirachi\n|\n|upkeep\n|c|\u2606Butterchoke|wow\n|c|\u2606Butterchoke|0\n|inactive|Butterchoke has 120 seconds left.\n|c|\u2606BeastyJ157|yes\n|c|\u2606BeastyJ157|tank\n|\n|t:|1637319180\n|switch|p2a: Scizor|Scizor, F|49\/100\n|turn|4\n|\n|t:|1637319187\n|switch|p1a: glorpaporp|Pelipper, F|100\/100\n|-weather|RainDance|[from] ability: Drizzle|[of] p1a: glorpaporp\n|move|p2a: Scizor|Bullet Punch|p1a: glorpaporp\n|-resisted|p1a: glorpaporp\n|-damage|p1a: glorpaporp|84\/100\n|\n|-weather|RainDance|[upkeep]\n|upkeep\n|turn|5\n|inactive|Butterchoke has 120 seconds left.\n|\n|t:|1637319230\n|move|p2a: Scizor|Roost|p2a: Scizor\n|-heal|p2a: Scizor|99\/100\n|-singleturn|p2a: Scizor|move: Roost\n|move|p1a: glorpaporp|U-turn|p2a: Scizor\n|-resisted|p2a: Scizor\n|-damage|p2a: Scizor|95\/100\n|\n|t:|1637319238\n|switch|p1a: blimblebumpy|Manaphy|17\/100|[from]move: U-turn\n|\n|-weather|RainDance|[upkeep]\n|upkeep\n|turn|6\n|c|\u2606BeastyJ157|no way punch kills?\n|\n|t:|1637319248\n|move|p2a: Scizor|Bullet Punch|p1a: blimblebumpy\n|-resisted|p1a: blimblebumpy\n|-damage|p1a: blimblebumpy|1\/100\n|move|p1a: blimblebumpy|Rest|p1a: blimblebumpy\n|-status|p1a: blimblebumpy|slp|[from] move: Rest\n|-heal|p1a: blimblebumpy|100\/100 slp|[silent]\n|\n|-weather|RainDance|[upkeep]\n|-activate|p1a: blimblebumpy|ability: Hydration\n|-curestatus|p1a: blimblebumpy|slp|[msg]\n|upkeep\n|turn|7\n|c|\u2606Butterchoke|NOOOOOOOOOOOOOOOOO\n|\n|t:|1637319258\n|move|p1a: blimblebumpy|Tail Glow|p1a: blimblebumpy\n|-boost|p1a: blimblebumpy|spa|3\n|move|p2a: Scizor|U-turn|p1a: blimblebumpy\n|-damage|p1a: blimblebumpy|66\/100\n|c|\u2606BeastyJ157|i was about to said dang\n|\n|t:|1637319264\n|switch|p2a: Kingdra|Kingdra, F|100\/100|[from]move: U-turn\n|\n|-weather|RainDance|[upkeep]\n|upkeep\n|turn|8\n|\n|t:|1637319270\n|move|p2a: Kingdra|Draco Meteor|p1a: blimblebumpy\n|-damage|p1a: blimblebumpy|5\/100\n|-unboost|p2a: Kingdra|spa|2\n|-damage|p2a: Kingdra|91\/100|[from] item: Life Orb\n|move|p1a: blimblebumpy|Ice Beam|p2a: Kingdra\n|-damage|p2a: Kingdra|9\/100\n|\n|-weather|RainDance|[upkeep]\n|upkeep\n|turn|9\n|c|\u2606BeastyJ157|hehehe\n|\n|t:|1637319280\n|switch|p1a: Scizor|Scizor, F|100\/100\n|move|p2a: Kingdra|Surf|p1a: Scizor\n|-damage|p1a: Scizor|59\/100\n|-damage|p2a: Kingdra|0 fnt|[from] item: Life Orb\n|faint|p2a: Kingdra\n|\n|-weather|RainDance|[upkeep]\n|-heal|p1a: Scizor|65\/100|[from] item: Leftovers\n|upkeep\n|c|\u2606Butterchoke|man\n|c|\u2606Butterchoke|this sample is good\n|inactive|Butterchoke has 120 seconds left.\n|c|\u2606Butterchoke|i should have taken it\n|c|\u2606Butterchoke|XD\n|\n|t:|1637319301\n|switch|p2a: Gorebyss|Gorebyss, M|100\/100\n|turn|10\n|\n|t:|1637319316\n|move|p2a: Gorebyss|Shell Smash|p2a: Gorebyss\n|-unboost|p2a: Gorebyss|def|1\n|-unboost|p2a: Gorebyss|spd|1\n|-boost|p2a: Gorebyss|atk|2\n|-boost|p2a: Gorebyss|spa|2\n|-boost|p2a: Gorebyss|spe|2\n|-enditem|p2a: Gorebyss|White Herb\n|-clearnegativeboost|p2a: Gorebyss|[silent]\n|move|p1a: Scizor|Roost|p1a: Scizor\n|-heal|p1a: Scizor|100\/100\n|-singleturn|p1a: Scizor|move: Roost\n|\n|-weather|RainDance|[upkeep]\n|upkeep\n|turn|11\n|inactive|Butterchoke has 120 seconds left.\n|c|\u2606BeastyJ157|its only good bc of man\n|\n|t:|1637319335\n|move|p2a: Gorebyss|Surf|p1a: Scizor\n|-damage|p1a: Scizor|0 fnt\n|faint|p1a: Scizor\n|\n|-weather|none\n|upkeep\n|\n|t:|1637319342\n|switch|p1a: zoinkerpoinger|Zapdos|100\/100\n|turn|12\n|\n|t:|1637319345\n|move|p2a: Gorebyss|Ice Beam|p1a: zoinkerpoinger\n|-supereffective|p1a: zoinkerpoinger\n|-damage|p1a: zoinkerpoinger|0 fnt\n|faint|p1a: zoinkerpoinger\n|\n|upkeep\n|\n|t:|1637319352\n|switch|p1a: flushledoodle|Kingdra, F|100\/100\n|turn|13\n|\n|t:|1637319356\n|move|p2a: Gorebyss|Shadow Ball|p1a: flushledoodle\n|-damage|p1a: flushledoodle|33\/100\n|move|p1a: flushledoodle|Draco Meteor|p2a: Gorebyss\n|-damage|p2a: Gorebyss|0 fnt\n|-unboost|p1a: flushledoodle|spa|2\n|faint|p2a: Gorebyss\n|\n|upkeep\n|c|\u2606Butterchoke|sad\n|\n|t:|1637319367\n|switch|p2a: Scizor|Scizor, F|95\/100\n|turn|14\n|\n|t:|1637319371\n|switch|p1a: glorpaporp|Pelipper, F|84\/100\n|-weather|RainDance|[from] ability: Drizzle|[of] p1a: glorpaporp\n|move|p2a: Scizor|Swords Dance|p2a: Scizor\n|-boost|p2a: Scizor|atk|2\n|\n|-weather|RainDance|[upkeep]\n|upkeep\n|turn|15\n|\n|t:|1637319383\n|move|p2a: Scizor|Bullet Punch|p1a: glorpaporp\n|-resisted|p1a: glorpaporp\n|-damage|p1a: glorpaporp|54\/100\n|move|p1a: glorpaporp|Scald|p2a: Scizor\n|-damage|p2a: Scizor|46\/100\n|\n|-weather|RainDance|[upkeep]\n|upkeep\n|turn|16\n|\n|t:|1637319395\n|move|p2a: Scizor|U-turn|p1a: glorpaporp\n|-resisted|p1a: glorpaporp\n|-damage|p1a: glorpaporp|24\/100\n|\n|t:|1637319399\n|switch|p2a: Crawdaunt|Crawdaunt, F|100\/100|[from]move: U-turn\n|move|p1a: glorpaporp|Scald|p2a: Crawdaunt\n|-resisted|p2a: Crawdaunt\n|-damage|p2a: Crawdaunt|62\/100\n|\n|-weather|RainDance|[upkeep]\n|upkeep\n|turn|17\n|\n|t:|1637319407\n|move|p2a: Crawdaunt|Knock Off|p1a: glorpaporp\n|-damage|p1a: glorpaporp|0 fnt\n|-enditem|p1a: glorpaporp|Damp Rock|[from] move: Knock Off|[of] p2a: Crawdaunt\n|faint|p1a: glorpaporp\n|-damage|p2a: Crawdaunt|52\/100|[from] item: Life Orb\n|\n|-weather|RainDance|[upkeep]\n|upkeep\n|\n|t:|1637319412\n|switch|p1a: flushledoodle|Kingdra, F|33\/100\n|turn|18\n|\n|t:|1637319418\n|move|p2a: Crawdaunt|Aqua Jet|p1a: flushledoodle\n|-resisted|p1a: flushledoodle\n|-damage|p1a: flushledoodle|17\/100\n|-damage|p2a: Crawdaunt|42\/100|[from] item: Life Orb\n|move|p1a: flushledoodle|Surf|p2a: Crawdaunt\n|-resisted|p2a: Crawdaunt\n|-damage|p2a: Crawdaunt|0 fnt\n|faint|p2a: Crawdaunt\n|\n|-weather|RainDance|[upkeep]\n|upkeep\n|\n|t:|1637319426\n|switch|p2a: Scizor|Scizor, F|46\/100\n|turn|19\n|\n|t:|1637319429\n|move|p2a: Scizor|Bullet Punch|p1a: flushledoodle\n|-resisted|p1a: flushledoodle\n|-damage|p1a: flushledoodle|0 fnt\n|faint|p1a: flushledoodle\n|\n|-weather|RainDance|[upkeep]\n|upkeep\n|\n|t:|1637319432\n|switch|p1a: smicklesmackle|Mamoswine, F|100\/100\n|turn|20\n|\n|t:|1637319437\n|switch|p2a: Pelipper|Pelipper, M|100\/100\n|move|p1a: smicklesmackle|Earthquake|p2a: Pelipper\n|-immune|p2a: Pelipper\n|\n|-weather|RainDance|[upkeep]\n|upkeep\n|turn|21\n|\n|t:|1637319445\n|switch|p1a: blimblebumpy|Manaphy|5\/100\n|move|p2a: Pelipper|Scald|p1a: blimblebumpy\n|-resisted|p1a: blimblebumpy\n|-crit|p1a: blimblebumpy\n|-damage|p1a: blimblebumpy|0 fnt\n|faint|p1a: blimblebumpy\n|\n|-weather|none\n|upkeep\n|c|\u2606Butterchoke|gg\n|\n|t:|1637319450\n|switch|p1a: smicklesmackle|Mamoswine, F|100\/100\n|turn|22\n|\n|t:|1637319455\n|move|p1a: smicklesmackle|Icicle Crash|p2a: Pelipper\n|-damage|p2a: Pelipper|67\/100\n|cant|p2a: Pelipper|flinch\n|\n|upkeep\n|turn|23\n|c|\u2606BeastyJ157|gg\n|c|\u2606Butterchoke|:(\n|c|\u2606BeastyJ157|actually\n|\n|t:|1637319464\n|move|p1a: smicklesmackle|Icicle Crash|p2a: Pelipper\n|-damage|p2a: Pelipper|35\/100\n|move|p2a: Pelipper|Scald|p1a: smicklesmackle\n|-supereffective|p1a: smicklesmackle\n|-damage|p1a: smicklesmackle|22\/100\n|\n|upkeep\n|turn|24\n|\n|t:|1637319470\n|move|p1a: smicklesmackle|Icicle Crash|p2a: Pelipper\n|-damage|p2a: Pelipper|3\/100\n|move|p2a: Pelipper|Scald|p1a: smicklesmackle\n|-supereffective|p1a: smicklesmackle\n|-damage|p1a: smicklesmackle|0 fnt\n|faint|p1a: smicklesmackle\n|\n|win|Butterchoke\n|raw|BeastyJ157's rating: 1095 &rarr; <strong>1079<\/strong><br \/>(-16 for losing)\n|raw|Butterchoke's rating: 1211 &rarr; <strong>1228<\/strong><br \/>(+17 for winning)\n|c|\u2606BeastyJ157|gg\n|l|\u2606BeastyJ157\n","uploadtime":1637319478,"views":11,"p1id":"beastyj157","p2id":"butterchoke","formatid":"gen8bdspou","rating":1079,"private":0,"password":null}