{"id":"gen8ou-1630055510","p1":"tolstoy","p2":"LT91BB Highv0ltag3","format":"gen8ou","log":"|raw|<div class=\"broadcast-blue\"><strong>This battle is required to be public due to a player having a name starting with 'lt91bb'.<\/div>\n|j|\u2606tolstoy\n|j|\u2606LT91BB Highv0ltag3\n|t:|1659379285\n|gametype|singles\n|player|p1|tolstoy|#lax|1827\n|player|p2|LT91BB Highv0ltag3|volo|1935\n|teamsize|p1|6\n|teamsize|p2|6\n|gen|8\n|tier|[Gen 8] OU\n|rated|\n|rule|Sleep Clause Mod: Limit one foe put to sleep\n|rule|Species Clause: Limit one of each Pok\u00e9mon\n|rule|OHKO Clause: OHKO moves are banned\n|rule|Evasion Moves Clause: Evasion moves are banned\n|rule|Endless Battle Clause: Forcing endless battles is banned\n|rule|HP Percentage Mod: HP is shown in percentages\n|rule|Dynamax Clause: You cannot dynamax\n|clearpoke\n|poke|p1|Zoroark, M|\n|poke|p1|Regieleki|\n|poke|p1|Buzzwole|\n|poke|p1|Slowking, M|\n|poke|p1|Ferrothorn, M|\n|poke|p1|Landorus-Therian, M|\n|poke|p2|Magnezone|\n|poke|p2|Espeon, M|\n|poke|p2|Corviknight, F|\n|poke|p2|Toxapex, F|\n|poke|p2|Quagsire, M|\n|poke|p2|Chansey, F|\n|teampreview\n|j| Jimmy Powka\n|c|\u2606LT91BB Highv0ltag3|Gl\n|inactive|Battle timer is ON: inactive players will automatically lose when time's up. (requested by tolstoy)\n|j| Top G Drew\n|c|\u2606tolstoy|ya u2\n|\n|t:|1659379325\n|start\n|switch|p1a: Buzzwole|Buzzwole|100\/100\n|switch|p2a: Chansey|Chansey, F|100\/100\n|turn|1\n|j| ourghostingduties\n|j| Lifeismyth\n|j| irkd\n|j| LT91BB Livio\n|j| zReptar\n|j| LT91BB Storm\n|j| xbngmng\n|j| ProXXDev\n|j| Oily man\n|\n|t:|1659379336\n|switch|p2a: Toxapex|Toxapex, F|100\/100\n|move|p1a: Buzzwole|Night Daze|p2a: Toxapex|[miss]\n|-miss|p1a: Buzzwole|p2a: Toxapex\n|\n|upkeep\n|turn|2\n|j| LT91BB Empo\n|j| Plasmeek\n|j| wish killer\n|j| London Beats\n|j| RNN YasuKe\n|\n|t:|1659379344\n|switch|p1a: Slowking|Slowking, M|100\/100\n|move|p2a: Toxapex|Knock Off|p1a: Slowking\n|-supereffective|p1a: Slowking\n|-damage|p1a: Slowking|79\/100\n|-damage|p2a: Toxapex|84\/100|[from] item: Rocky Helmet|[of] p1a: Slowking\n|-enditem|p1a: Slowking|Rocky Helmet|[from] move: Knock Off|[of] p2a: Toxapex\n|\n|-heal|p2a: Toxapex|90\/100|[from] item: Black Sludge\n|upkeep\n|turn|3\n|j| Tamagochi azulado\n|\n|t:|1659379349\n|move|p2a: Toxapex|Toxic Spikes|p1a: Slowking\n|-sidestart|p1: tolstoy|move: Toxic Spikes\n|move|p1a: Slowking|Future Sight|p2a: Toxapex\n|-start|p1a: Slowking|move: Future Sight\n|\n|-heal|p2a: Toxapex|97\/100|[from] item: Black Sludge\n|upkeep\n|turn|4\n|l| Tamagochi azulado\n|\n|t:|1659379352\n|switch|p2a: Corviknight|Corviknight, F|100\/100\n|-ability|p2a: Corviknight|Pressure\n|move|p1a: Slowking|Teleport|p1a: Slowking\n|j| fervfv\n|\n|t:|1659379353\n|switch|p1a: Regieleki|Regieleki|100\/100|[from]move: Teleport\n|\n|upkeep\n|turn|5\n|j| sup kid\n|\n|t:|1659379358\n|switch|p2a: Chansey|Chansey, F|100\/100\n|move|p1a: Regieleki|Rapid Spin|p2a: Chansey\n|-damage|p2a: Chansey|94\/100\n|-boost|p1a: Regieleki|spe|1\n|-sideend|p1: tolstoy|Toxic Spikes|[from] move: Rapid Spin|[of] p1a: Regieleki\n|\n|-end|p2a: Chansey|move: Future Sight\n|-damage|p2a: Chansey|80\/100\n|upkeep\n|turn|6\n|l| sup kid\n|l| fervfv\n|j| DrasticLightning\n|\n|t:|1659379362\n|move|p1a: Regieleki|Volt Switch|p2a: Chansey\n|-damage|p2a: Chansey|67\/100\n|j| joey milktank\n|j| Lou dort\n|\n|t:|1659379367\n|switch|p1a: Landorus|Landorus-Therian, M|100\/100|[from]move: Volt Switch\n|-ability|p1a: Landorus|Intimidate|boost\n|-unboost|p2a: Chansey|atk|1\n|move|p2a: Chansey|Stealth Rock|p1a: Landorus\n|-sidestart|p1: tolstoy|move: Stealth Rock\n|\n|upkeep\n|turn|7\n|j| Harrocross\n|j| LT91BB yama\n|j|+starmaster\n|j| Quilavabest\n|j| w1dummy\n|\n|t:|1659379379\n|move|p1a: Landorus|Stealth Rock|p2a: Chansey\n|-sidestart|p2: LT91BB Highv0ltag3|move: Stealth Rock\n|move|p2a: Chansey|Toxic|p1a: Landorus\n|-status|p1a: Landorus|tox\n|\n|-damage|p1a: Landorus|94\/100 tox|[from] psn\n|upkeep\n|turn|8\n|l| w1dummy\n|j| peepeehandler\n|j| TIER ACID\n|inactive|tolstoy has 120 seconds left.\n|c| Oily man|Never wish the opponent with good luck you are asking for the hax\n|\n|t:|1659379411\n|move|p1a: Landorus|U-turn|p2a: Chansey\n|-damage|p2a: Chansey|52\/100\n|l| Quilavabest\n|\n|t:|1659379416\n|switch|p1a: Slowking|Slowking, M|100\/100|[from]move: U-turn\n|-damage|p1a: Slowking|88\/100|[from] Stealth Rock\n|move|p2a: Chansey|Soft-Boiled|p2a: Chansey\n|-heal|p2a: Chansey|100\/100\n|\n|upkeep\n|turn|9\n|\n|t:|1659379426\n|move|p2a: Chansey|Toxic|p1a: Slowking\n|-status|p1a: Slowking|tox\n|move|p1a: Slowking|Future Sight|p2a: Chansey\n|-start|p1a: Slowking|move: Future Sight\n|\n|-damage|p1a: Slowking|82\/100 tox|[from] psn\n|upkeep\n|turn|10\n|\n|t:|1659379428\n|switch|p2a: Corviknight|Corviknight, F|100\/100\n|-damage|p2a: Corviknight|88\/100|[from] Stealth Rock\n|-ability|p2a: Corviknight|Pressure\n|move|p1a: Slowking|Teleport|p1a: Slowking\n|\n|t:|1659379436\n|switch|p1a: Buzzwole|Buzzwole|100\/100|[from]move: Teleport\n|-damage|p1a: Buzzwole|88\/100|[from] Stealth Rock\n|\n|upkeep\n|turn|11\n|\n|t:|1659379446\n|move|p1a: Buzzwole|Night Daze|p2a: Corviknight\n|-damage|p2a: Corviknight|23\/100\n|-unboost|p2a: Corviknight|accuracy|1\n|move|p2a: Corviknight|Roost|p2a: Corviknight\n|-heal|p2a: Corviknight|73\/100\n|-singleturn|p2a: Corviknight|move: Roost\n|\n|-end|p2a: Corviknight|move: Future Sight\n|-resisted|p2a: Corviknight\n|-damage|p2a: Corviknight|55\/100\n|upkeep\n|turn|12\n|l| Harrocross\n|l| Jimmy Powka\n|\n|t:|1659379454\n|switch|p1a: Slowking|Slowking, M|100\/100 tox\n|-damage|p1a: Slowking|88\/100 tox|[from] Stealth Rock\n|switch|p2a: Chansey|Chansey, F|100\/100\n|-damage|p2a: Chansey|88\/100|[from] Stealth Rock\n|\n|-damage|p1a: Slowking|82\/100 tox|[from] psn\n|upkeep\n|turn|13\n|n| lt91bb star|starmaster\n|\n|t:|1659379459\n|switch|p2a: Corviknight|Corviknight, F|55\/100\n|-damage|p2a: Corviknight|42\/100|[from] Stealth Rock\n|-ability|p2a: Corviknight|Pressure\n|move|p1a: Slowking|Future Sight|p2a: Corviknight\n|-start|p1a: Slowking|move: Future Sight\n|\n|-damage|p1a: Slowking|70\/100 tox|[from] psn\n|upkeep\n|turn|14\n|\n|t:|1659379462\n|move|p2a: Corviknight|Roost|p2a: Corviknight\n|-heal|p2a: Corviknight|92\/100\n|-singleturn|p2a: Corviknight|move: Roost\n|move|p1a: Slowking|Scald|p2a: Corviknight\n|-damage|p2a: Corviknight|68\/100\n|\n|-damage|p1a: Slowking|52\/100 tox|[from] psn\n|upkeep\n|turn|15\n|\n|t:|1659379466\n|switch|p2a: Chansey|Chansey, F|88\/100\n|-damage|p2a: Chansey|75\/100|[from] Stealth Rock\n|move|p1a: Slowking|Teleport|p1a: Slowking\n|\n|t:|1659379474\n|switch|p1a: Ferrothorn|Ferrothorn, M|100\/100|[from]move: Teleport\n|-damage|p1a: Ferrothorn|94\/100|[from] Stealth Rock\n|\n|-end|p2a: Chansey|move: Future Sight\n|-damage|p2a: Chansey|63\/100\n|-heal|p1a: Ferrothorn|100\/100|[from] item: Leftovers\n|upkeep\n|turn|16\n|\n|t:|1659379486\n|switch|p2a: Magnezone|Magnezone|100\/100\n|-damage|p2a: Magnezone|94\/100|[from] Stealth Rock\n|switch|p1a: Landorus|Landorus-Therian, M|94\/100 tox\n|-damage|p1a: Landorus|82\/100 tox|[from] Stealth Rock\n|-ability|p1a: Landorus|Intimidate|boost\n|-unboost|p2a: Magnezone|atk|1\n|\n|-heal|p1a: Landorus|88\/100 tox|[from] item: Leftovers\n|-heal|p2a: Magnezone|100\/100|[from] item: Leftovers\n|-damage|p1a: Landorus|82\/100 tox|[from] psn\n|upkeep\n|turn|17\n|\n|t:|1659379498\n|switch|p2a: Corviknight|Corviknight, F|68\/100\n|-damage|p2a: Corviknight|56\/100|[from] Stealth Rock\n|-ability|p2a: Corviknight|Pressure\n|move|p1a: Landorus|U-turn|p2a: Corviknight\n|-resisted|p2a: Corviknight\n|-damage|p2a: Corviknight|52\/100\n|\n|t:|1659379504\n|switch|p1a: Regieleki|Regieleki|100\/100|[from]move: U-turn\n|\n|upkeep\n|turn|18\n|\n|t:|1659379509\n|move|p1a: Regieleki|Volt Switch|p2a: Corviknight\n|-supereffective|p2a: Corviknight\n|-damage|p2a: Corviknight|0 fnt\n|faint|p2a: Corviknight\n|\n|t:|1659379513\n|switch|p1a: Slowking|Slowking, M|85\/100 tox|[from]move: Volt Switch\n|-damage|p1a: Slowking|72\/100 tox|[from] Stealth Rock\n|\n|-damage|p1a: Slowking|66\/100 tox|[from] psn\n|upkeep\n|\n|t:|1659379518\n|switch|p2a: Magnezone|Magnezone|100\/100\n|-damage|p2a: Magnezone|94\/100|[from] Stealth Rock\n|turn|19\n|\n|t:|1659379523\n|switch|p1a: Landorus|Landorus-Therian, M|82\/100 tox\n|-damage|p1a: Landorus|70\/100 tox|[from] Stealth Rock\n|-ability|p1a: Landorus|Intimidate|boost\n|-unboost|p2a: Magnezone|atk|1\n|move|p2a: Magnezone|Iron Defense|p2a: Magnezone\n|-boost|p2a: Magnezone|def|2\n|\n|-heal|p1a: Landorus|76\/100 tox|[from] item: Leftovers\n|-heal|p2a: Magnezone|100\/100|[from] item: Leftovers\n|-damage|p1a: Landorus|70\/100 tox|[from] psn\n|upkeep\n|turn|20\n|\n|t:|1659379530\n|switch|p2a: Quagsire|Quagsire, M|100\/100\n|-damage|p2a: Quagsire|94\/100|[from] Stealth Rock\n|move|p1a: Landorus|Earthquake|p2a: Quagsire\n|-damage|p2a: Quagsire|62\/100\n|\n|-heal|p1a: Landorus|76\/100 tox|[from] item: Leftovers\n|-heal|p2a: Quagsire|68\/100|[from] item: Leftovers\n|-damage|p1a: Landorus|64\/100 tox|[from] psn\n|upkeep\n|turn|21\n|l| wish killer\n|\n|t:|1659379549\n|switch|p2a: Toxapex|Toxapex, F|100\/100\n|-damage|p2a: Toxapex|88\/100|[from] Stealth Rock\n|move|p1a: Landorus|U-turn|p2a: Toxapex\n|-resisted|p2a: Toxapex\n|-damage|p2a: Toxapex|82\/100\n|\n|t:|1659379556\n|switch|p1a: Slowking|Slowking, M|99\/100 tox|[from]move: U-turn\n|-damage|p1a: Slowking|87\/100 tox|[from] Stealth Rock\n|\n|-heal|p2a: Toxapex|88\/100|[from] item: Black Sludge\n|-damage|p1a: Slowking|81\/100 tox|[from] psn\n|upkeep\n|turn|22\n|\n|t:|1659379559\n|move|p2a: Toxapex|Toxic Spikes|p1a: Slowking\n|-sidestart|p1: tolstoy|move: Toxic Spikes\n|move|p1a: Slowking|Future Sight|p2a: Toxapex\n|-start|p1a: Slowking|move: Future Sight\n|\n|-heal|p2a: Toxapex|94\/100|[from] item: Black Sludge\n|-damage|p1a: Slowking|69\/100 tox|[from] psn\n|upkeep\n|turn|23\n|\n|t:|1659379563\n|switch|p2a: Quagsire|Quagsire, M|68\/100\n|-damage|p2a: Quagsire|62\/100|[from] Stealth Rock\n|move|p1a: Slowking|Teleport|p1a: Slowking\n|\n|t:|1659379571\n|switch|p1a: Regieleki|Regieleki|100\/100|[from]move: Teleport\n|\n|-heal|p2a: Quagsire|68\/100|[from] item: Leftovers\n|upkeep\n|turn|24\n|\n|t:|1659379577\n|switch|p1a: Slowking|Slowking, M|100\/100 tox\n|-damage|p1a: Slowking|88\/100 tox|[from] Stealth Rock\n|move|p2a: Quagsire|Earthquake|p1a: Slowking\n|-damage|p1a: Slowking|61\/100 tox\n|\n|-end|p2a: Quagsire|move: Future Sight\n|-damage|p2a: Quagsire|17\/100\n|-heal|p2a: Quagsire|23\/100|[from] item: Leftovers\n|-damage|p1a: Slowking|55\/100 tox|[from] psn\n|upkeep\n|turn|25\n|\n|t:|1659379585\n|move|p2a: Quagsire|Recover|p2a: Quagsire\n|-heal|p2a: Quagsire|73\/100\n|move|p1a: Slowking|Scald|p2a: Quagsire\n|-damage|p2a: Quagsire|37\/100\n|\n|-heal|p2a: Quagsire|43\/100|[from] item: Leftovers\n|-damage|p1a: Slowking|42\/100 tox|[from] psn\n|upkeep\n|turn|26\n|\n|t:|1659379591\n|switch|p1a: Ferrothorn|Ferrothorn, M|100\/100\n|-damage|p1a: Ferrothorn|94\/100|[from] Stealth Rock\n|move|p2a: Quagsire|Earthquake|p1a: Ferrothorn\n|-damage|p1a: Ferrothorn|76\/100\n|\n|-heal|p2a: Quagsire|49\/100|[from] item: Leftovers\n|-heal|p1a: Ferrothorn|82\/100|[from] item: Leftovers\n|upkeep\n|turn|27\n|\n|t:|1659379602\n|switch|p2a: Espeon|Espeon, M|100\/100\n|-damage|p2a: Espeon|88\/100|[from] Stealth Rock\n|switch|p1a: Landorus|Landorus-Therian, M|64\/100 tox\n|-damage|p1a: Landorus|52\/100 tox|[from] Stealth Rock\n|-ability|p1a: Landorus|Intimidate|boost\n|-unboost|p2a: Espeon|atk|1\n|\n|-heal|p2a: Espeon|94\/100|[from] item: Leftovers\n|-heal|p1a: Landorus|58\/100 tox|[from] item: Leftovers\n|-damage|p1a: Landorus|52\/100 tox|[from] psn\n|upkeep\n|turn|28\n|\n|t:|1659379610\n|move|p2a: Espeon|Calm Mind|p2a: Espeon\n|-boost|p2a: Espeon|spa|1\n|-boost|p2a: Espeon|spd|1\n|move|p1a: Landorus|Earthquake|p2a: Espeon\n|-damage|p2a: Espeon|15\/100\n|\n|-heal|p2a: Espeon|21\/100|[from] item: Leftovers\n|-heal|p1a: Landorus|58\/100 tox|[from] item: Leftovers\n|-damage|p1a: Landorus|46\/100 tox|[from] psn\n|upkeep\n|turn|29\n|l| LT91BB Livio\n|l| irkd\n|\n|t:|1659379619\n|move|p2a: Espeon|Stored Power|p1a: Landorus\n|-damage|p1a: Landorus|15\/100 tox\n|move|p1a: Landorus|U-turn|p2a: Espeon\n|-supereffective|p2a: Espeon\n|-damage|p2a: Espeon|0 fnt\n|faint|p2a: Espeon\n|\n|t:|1659379625\n|switch|p1a: Slowking|Slowking, M|76\/100 tox|[from]move: U-turn\n|-damage|p1a: Slowking|63\/100 tox|[from] Stealth Rock\n|\n|-damage|p1a: Slowking|57\/100 tox|[from] psn\n|upkeep\n|\n|t:|1659379634\n|switch|p2a: Magnezone|Magnezone|100\/100\n|-damage|p2a: Magnezone|94\/100|[from] Stealth Rock\n|turn|30\n|\n|t:|1659379644\n|switch|p1a: Landorus|Landorus-Therian, M|15\/100 tox\n|-damage|p1a: Landorus|3\/100 tox|[from] Stealth Rock\n|-ability|p1a: Landorus|Intimidate|boost\n|-unboost|p2a: Magnezone|atk|1\n|move|p2a: Magnezone|Iron Defense|p2a: Magnezone\n|-boost|p2a: Magnezone|def|2\n|\n|-heal|p1a: Landorus|9\/100 tox|[from] item: Leftovers\n|-heal|p2a: Magnezone|100\/100|[from] item: Leftovers\n|-damage|p1a: Landorus|3\/100 tox|[from] psn\n|upkeep\n|turn|31\n|j| irgendwasmitmeeem\n|\n|t:|1659379651\n|switch|p2a: Quagsire|Quagsire, M|49\/100\n|-damage|p2a: Quagsire|43\/100|[from] Stealth Rock\n|move|p1a: Landorus|Earthquake|p2a: Quagsire\n|-damage|p2a: Quagsire|13\/100\n|\n|-heal|p1a: Landorus|9\/100 tox|[from] item: Leftovers\n|-heal|p2a: Quagsire|19\/100|[from] item: Leftovers\n|-damage|p1a: Landorus|0 fnt|[from] psn\n|faint|p1a: Landorus\n|upkeep\n|\n|t:|1659379667\n|switch|p1a: Buzzwole|Buzzwole|88\/100\n|-damage|p1a: Buzzwole|76\/100|[from] Stealth Rock\n|-status|p1a: Buzzwole|psn\n|turn|32\n|\n|t:|1659379676\n|switch|p2a: Chansey|Chansey, F|63\/100\n|-damage|p2a: Chansey|51\/100|[from] Stealth Rock\n|move|p1a: Buzzwole|Night Daze|p2a: Chansey\n|-damage|p2a: Chansey|30\/100\n|\n|-damage|p1a: Buzzwole|64\/100 psn|[from] psn\n|upkeep\n|turn|33\n|\n|t:|1659379682\n|switch|p1a: Ferrothorn|Ferrothorn, M|82\/100\n|-damage|p1a: Ferrothorn|76\/100|[from] Stealth Rock\n|move|p2a: Chansey|Soft-Boiled|p2a: Chansey\n|-heal|p2a: Chansey|80\/100\n|\n|-heal|p1a: Ferrothorn|82\/100|[from] item: Leftovers\n|upkeep\n|turn|34\n|\n|t:|1659379685\n|switch|p2a: Quagsire|Quagsire, M|19\/100\n|-damage|p2a: Quagsire|13\/100|[from] Stealth Rock\n|move|p1a: Ferrothorn|Spikes|p2a: Quagsire\n|-sidestart|p2: LT91BB Highv0ltag3|Spikes\n|\n|-heal|p2a: Quagsire|19\/100|[from] item: Leftovers\n|-heal|p1a: Ferrothorn|89\/100|[from] item: Leftovers\n|upkeep\n|turn|35\n|\n|t:|1659379690\n|switch|p2a: Magnezone|Magnezone|100\/100\n|-damage|p2a: Magnezone|94\/100|[from] Stealth Rock\n|-damage|p2a: Magnezone|82\/100|[from] Spikes\n|move|p1a: Ferrothorn|Knock Off|p2a: Magnezone\n|-damage|p2a: Magnezone|66\/100\n|-enditem|p2a: Magnezone|Leftovers|[from] move: Knock Off|[of] p1a: Ferrothorn\n|\n|-heal|p1a: Ferrothorn|95\/100|[from] item: Leftovers\n|upkeep\n|turn|36\n|\n|t:|1659379693\n|move|p2a: Magnezone|Iron Defense|p2a: Magnezone\n|-boost|p2a: Magnezone|def|2\n|move|p1a: Ferrothorn|Spikes|p2a: Magnezone\n|-sidestart|p2: LT91BB Highv0ltag3|Spikes\n|\n|-heal|p1a: Ferrothorn|100\/100|[from] item: Leftovers\n|upkeep\n|turn|37\n|\n|t:|1659379696\n|move|p2a: Magnezone|Iron Defense|p2a: Magnezone\n|-boost|p2a: Magnezone|def|2\n|move|p1a: Ferrothorn|Spikes|p2a: Magnezone\n|-sidestart|p2: LT91BB Highv0ltag3|Spikes\n|\n|upkeep\n|turn|38\n|\n|t:|1659379699\n|move|p2a: Magnezone|Iron Defense|p2a: Magnezone\n|-boost|p2a: Magnezone|def|2\n|move|p1a: Ferrothorn|Leech Seed|p2a: Magnezone\n|-start|p2a: Magnezone|move: Leech Seed\n|\n|-damage|p2a: Magnezone|54\/100|[from] Leech Seed|[of] p1a: Ferrothorn\n|upkeep\n|turn|39\n|\n|t:|1659379701\n|move|p2a: Magnezone|Body Press|p1a: Ferrothorn\n|-supereffective|p1a: Ferrothorn\n|-damage|p1a: Ferrothorn|0 fnt\n|-damage|p2a: Magnezone|42\/100|[from] ability: Iron Barbs|[of] p1a: Ferrothorn\n|faint|p1a: Ferrothorn\n|\n|upkeep\n|\n|t:|1659379703\n|switch|p1a: Buzzwole|Buzzwole|64\/100 psn\n|-damage|p1a: Buzzwole|51\/100 psn|[from] Stealth Rock\n|turn|40\n|\n|t:|1659379719\n|switch|p2a: Chansey|Chansey, F|80\/100\n|-damage|p2a: Chansey|68\/100|[from] Stealth Rock\n|-damage|p2a: Chansey|43\/100|[from] Spikes\n|move|p1a: Buzzwole|Flamethrower|p2a: Chansey\n|-damage|p2a: Chansey|26\/100\n|\n|-damage|p1a: Buzzwole|39\/100 psn|[from] psn\n|upkeep\n|turn|41\n|\n|t:|1659379728\n|switch|p1a: Regieleki|Regieleki|100\/100\n|move|p2a: Chansey|Soft-Boiled|p2a: Chansey\n|-heal|p2a: Chansey|76\/100\n|\n|upkeep\n|turn|42\n|j| LT91BB Tace\n|\n|t:|1659379736\n|move|p1a: Regieleki|Rapid Spin|p2a: Chansey\n|-damage|p2a: Chansey|70\/100\n|-boost|p1a: Regieleki|spe|1\n|-sideend|p1: tolstoy|Toxic Spikes|[from] move: Rapid Spin|[of] p1a: Regieleki\n|-sideend|p1: tolstoy|Stealth Rock|[from] move: Rapid Spin|[of] p1a: Regieleki\n|move|p2a: Chansey|Toxic|p1a: Regieleki\n|-status|p1a: Regieleki|tox\n|\n|-damage|p1a: Regieleki|95\/100 tox|[from] psn\n|upkeep\n|turn|43\n|\n|t:|1659379743\n|move|p1a: Regieleki|Volt Switch|p2a: Chansey\n|-damage|p2a: Chansey|56\/100\n|\n|t:|1659379749\n|switch|p1a: Slowking|Slowking, M|90\/100 tox|[from]move: Volt Switch\n|move|p2a: Chansey|Soft-Boiled|p2a: Chansey\n|-heal|p2a: Chansey|100\/100\n|\n|-damage|p1a: Slowking|84\/100 tox|[from] psn\n|upkeep\n|turn|44\n|j| cityfolk\n|\n|t:|1659379753\n|move|p2a: Chansey|Stealth Rock|p1a: Slowking\n|-sidestart|p1: tolstoy|move: Stealth Rock\n|move|p1a: Slowking|Future Sight|p2a: Chansey\n|-start|p1a: Slowking|move: Future Sight\n|\n|-damage|p1a: Slowking|72\/100 tox|[from] psn\n|upkeep\n|turn|45\n|\n|t:|1659379761\n|move|p2a: Chansey|Seismic Toss|p1a: Slowking\n|-damage|p1a: Slowking|47\/100 tox\n|move|p1a: Slowking|Teleport|p1a: Slowking\n|j| balls2004\n|j| Congwuyu\n|\n|t:|1659379764\n|switch|p1a: Buzzwole|Buzzwole|100\/100|[from]move: Teleport\n|-damage|p1a: Buzzwole|88\/100|[from] Stealth Rock\n|\n|upkeep\n|turn|46\n|\n|t:|1659379781\n|switch|p2a: Quagsire|Quagsire, M|19\/100\n|-damage|p2a: Quagsire|13\/100|[from] Stealth Rock\n|-damage|p2a: Quagsire|0 fnt|[from] Spikes\n|faint|p2a: Quagsire\n|move|p1a: Buzzwole|Close Combat|p2: Quagsire|[notarget]\n|-fail|p1a: Buzzwole\n|\n|-hint|Future Sight did not hit because the target is fainted.\n|upkeep\n|\n|t:|1659379784\n|switch|p2a: Toxapex|Toxapex, F|100\/100\n|-damage|p2a: Toxapex|88\/100|[from] Stealth Rock\n|-damage|p2a: Toxapex|63\/100|[from] Spikes\n|turn|47\n|l| cityfolk\n|j| gssagssagssag\n|\n|t:|1659379788\n|switch|p1a: Slowking|Slowking, M|80\/100 tox\n|-damage|p1a: Slowking|68\/100 tox|[from] Stealth Rock\n|move|p2a: Toxapex|Toxic Spikes|p1a: Slowking\n|-sidestart|p1: tolstoy|move: Toxic Spikes\n|\n|-heal|p2a: Toxapex|69\/100|[from] item: Black Sludge\n|-damage|p1a: Slowking|61\/100 tox|[from] psn\n|upkeep\n|turn|48\n|l| gssagssagssag\n|l| LT91BB Tace\n|\n|t:|1659379815\n|move|p2a: Toxapex|Knock Off|p1a: Slowking\n|-supereffective|p1a: Slowking\n|-damage|p1a: Slowking|46\/100 tox\n|move|p1a: Slowking|Teleport|p1a: Slowking\n|\n|t:|1659379818\n|switch|p1a: Regieleki|Regieleki|95\/100 tox|[from]move: Teleport\n|\n|-heal|p2a: Toxapex|75\/100|[from] item: Black Sludge\n|-damage|p1a: Regieleki|89\/100 tox|[from] psn\n|upkeep\n|turn|49\n|\n|t:|1659379824\n|switch|p2a: Chansey|Chansey, F|100\/100\n|-damage|p2a: Chansey|88\/100|[from] Stealth Rock\n|-damage|p2a: Chansey|63\/100|[from] Spikes\n|move|p1a: Regieleki|Rapid Spin|p2a: Chansey\n|-damage|p2a: Chansey|56\/100\n|-boost|p1a: Regieleki|spe|1\n|-sideend|p1: tolstoy|Toxic Spikes|[from] move: Rapid Spin|[of] p1a: Regieleki\n|-sideend|p1: tolstoy|Stealth Rock|[from] move: Rapid Spin|[of] p1a: Regieleki\n|\n|-damage|p1a: Regieleki|77\/100 tox|[from] psn\n|upkeep\n|turn|50\n|l| ProXXDev\n|\n|t:|1659379827\n|move|p1a: Regieleki|Volt Switch|p2a: Chansey\n|-damage|p2a: Chansey|41\/100\n|\n|t:|1659379830\n|switch|p1a: Slowking|Slowking, M|79\/100 tox|[from]move: Volt Switch\n|move|p2a: Chansey|Soft-Boiled|p2a: Chansey\n|-heal|p2a: Chansey|91\/100\n|\n|-damage|p1a: Slowking|73\/100 tox|[from] psn\n|upkeep\n|turn|51\n|\n|t:|1659379833\n|move|p2a: Chansey|Stealth Rock|p1a: Slowking\n|-sidestart|p1: tolstoy|move: Stealth Rock\n|move|p1a: Slowking|Future Sight|p2a: Chansey\n|-start|p1a: Slowking|move: Future Sight\n|\n|-damage|p1a: Slowking|61\/100 tox|[from] psn\n|upkeep\n|turn|52\n|c| Oily man|If eevee is the dog then how espeon is the cat?\n|\n|t:|1659379863\n|switch|p2a: Toxapex|Toxapex, F|100\/100\n|-damage|p2a: Toxapex|88\/100|[from] Stealth Rock\n|-damage|p2a: Toxapex|63\/100|[from] Spikes\n|move|p1a: Slowking|Teleport|p1a: Slowking\n|c| peepeehandler|o-o\n|c| zReptar|y do you ask now\n|\n|t:|1659379879\n|switch|p1a: Regieleki|Regieleki|77\/100 tox|[from]move: Teleport\n|\n|-heal|p2a: Toxapex|69\/100|[from] item: Black Sludge\n|-damage|p1a: Regieleki|71\/100 tox|[from] psn\n|upkeep\n|turn|53\n|\n|t:|1659379885\n|switch|p2a: Chansey|Chansey, F|91\/100\n|-damage|p2a: Chansey|78\/100|[from] Stealth Rock\n|-damage|p2a: Chansey|53\/100|[from] Spikes\n|move|p1a: Regieleki|Volt Switch|p2a: Chansey\n|-damage|p2a: Chansey|38\/100\n|c| peepeehandler|my favourite mon is vaporeon\n|\n|t:|1659379888\n|switch|p1a: Buzzwole|Buzzwole|88\/100|[from]move: Volt Switch\n|-damage|p1a: Buzzwole|76\/100|[from] Stealth Rock\n|\n|-end|p2a: Chansey|move: Future Sight\n|-damage|p2a: Chansey|26\/100\n|upkeep\n|turn|54\n|c|\u2606LT91BB Highv0ltag3|Gg\n|c| Oily man|Because important for learning\n|c|\u2606tolstoy|gg\n|\n|t:|1659379898\n|move|p1a: Buzzwole|Close Combat|p2a: Chansey\n|-supereffective|p2a: Chansey\n|-damage|p2a: Chansey|0 fnt\n|-unboost|p1a: Buzzwole|def|1\n|-unboost|p1a: Buzzwole|spd|1\n|faint|p2a: Chansey\n|-ability|p1a: Buzzwole|Beast Boost|boost\n|-boost|p1a: Buzzwole|atk|1\n|\n|upkeep\n|\n|t:|1659379900\n|switch|p2a: Toxapex|Toxapex, F|100\/100\n|-damage|p2a: Toxapex|88\/100|[from] Stealth Rock\n|-damage|p2a: Toxapex|63\/100|[from] Spikes\n|turn|55\n|-message|LT91BB Highv0ltag3 forfeited.\n|\n|win|tolstoy\n|raw|tolstoy's rating: 1827 &rarr; <strong>1853<\/strong><br \/>(+26 for winning)\n|raw|LT91BB Highv0ltag3's rating: 1935 &rarr; <strong>1909<\/strong><br \/>(-26 for losing)\n|l|\u2606LT91BB Highv0ltag3\n|l|\u2606tolstoy\n|l| irgendwasmitmeeem\n|l| Oily man\n|l| peepeehandler\n||Ladder isn't responding, score probably updated but might not have (Request timeout).\n","uploadtime":1659379912,"views":67,"p1id":"tolstoy","p2id":"lt91bbhighv0ltag3","formatid":"gen8ou","rating":1853,"private":0,"password":null}