{"id":"gen8ou-1015280517","p1":"CumBak2MeGen7","p2":"TryHonesty","format":"gen8ou","log":"|j|\u2606CumBak2MeGen7\n|j|\u2606TryHonesty\n|player|p1|CumBak2MeGen7|266|1100\n|player|p2|TryHonesty|266|1165\n|teamsize|p1|6\n|teamsize|p2|6\n|gametype|singles\n|gen|8\n|tier|[Gen 8] OU\n|rated|\n|rule|Sleep Clause Mod: Limit one foe put to sleep\n|rule|Species Clause: Limit one of each Pok\u00e9mon\n|rule|OHKO Clause: OHKO moves are banned\n|rule|Moody Clause: Moody is banned\n|rule|Evasion Moves Clause: Evasion moves are banned\n|rule|Endless Battle Clause: Forcing endless battles is banned\n|rule|HP Percentage Mod: HP is shown in percentages\n|clearpoke\n|poke|p1|Dragapult, F|item\n|poke|p1|Corviknight, F|item\n|poke|p1|Barraskewda, M|item\n|poke|p1|Darmanitan-Galar, F|item\n|poke|p1|Aegislash, M|item\n|poke|p1|Toxtricity, M|item\n|poke|p2|Coalossal, F|item\n|poke|p2|Dragapult, M|item\n|poke|p2|Avalugg, F|item\n|poke|p2|Hatterene, F|item\n|poke|p2|Conkeldurr, F|item\n|poke|p2|Drampa, M|item\n|teampreview\n|inactive|Battle timer is ON: inactive players will automatically lose when time's up. (requested by TryHonesty)\n|\n|start\n|switch|p1a: Darmanitan|Darmanitan-Galar, F|100\/100\n|switch|p2a: Coalossal|Coalossal, F|100\/100\n|turn|1\n|\n|switch|p2a: Avalugg|Avalugg, F|100\/100\n|move|p1a: Darmanitan|Earthquake|p2a: Avalugg\n|-damage|p2a: Avalugg|79\/100\n|\n|upkeep\n|turn|2\n|\n|switch|p1a: Toxtricity|Toxtricity, M|100\/100\n|switch|p2a: Coalossal|Coalossal, F|100\/100\n|\n|upkeep\n|turn|3\n|\n|move|p1a: Toxtricity|Boomburst|p2a: Coalossal\n|-resisted|p2a: Coalossal\n|-damage|p2a: Coalossal|71\/100\n|move|p2a: Coalossal|Stealth Rock|p1a: Toxtricity\n|-sidestart|p1: CumBak2MeGen7|move: Stealth Rock\n|\n|-heal|p2a: Coalossal|77\/100|[from] item: Leftovers\n|upkeep\n|turn|4\n|\n|switch|p1a: Aegislash|Aegislash, M|100\/100\n|-damage|p1a: Aegislash|94\/100|[from] Stealth Rock\n|move|p2a: Coalossal|Spikes|p1a: Aegislash\n|-sidestart|p1: CumBak2MeGen7|Spikes\n|\n|-heal|p2a: Coalossal|83\/100|[from] item: Leftovers\n|upkeep\n|turn|5\n|\n|move|p2a: Coalossal|Will-O-Wisp|p1a: Aegislash|[miss]\n|-miss|p2a: Coalossal|p1a: Aegislash\n|-formechange|p1a: Aegislash|Aegislash-Blade||[from] ability: Stance Change\n|move|p1a: Aegislash|Shadow Ball|p2a: Coalossal\n|-damage|p2a: Coalossal|62\/100\n|\n|-heal|p2a: Coalossal|68\/100|[from] item: Leftovers\n|upkeep\n|turn|6\n|\n|-formechange|p1a: Aegislash|Aegislash||[from] ability: Stance Change\n|move|p1a: Aegislash|King's Shield|p1a: Aegislash\n|-singleturn|p1a: Aegislash|Protect\n|move|p2a: Coalossal|Will-O-Wisp|p1a: Aegislash\n|-status|p1a: Aegislash|brn\n|\n|-heal|p2a: Coalossal|74\/100|[from] item: Leftovers\n|-damage|p1a: Aegislash|88\/100 brn|[from] brn\n|upkeep\n|turn|7\n|\n|switch|p1a: Corviknight|Corviknight, F|100\/100\n|-damage|p1a: Corviknight|88\/100|[from] Stealth Rock\n|move|p2a: Coalossal|Flamethrower|p1a: Corviknight\n|-supereffective|p1a: Corviknight\n|-damage|p1a: Corviknight|32\/100\n|\n|-heal|p2a: Coalossal|80\/100|[from] item: Leftovers\n|upkeep\n|turn|8\n|\n|move|p1a: Corviknight|Defog|p2a: Coalossal\n|-unboost|p2a: Coalossal|evasion|1\n|-sideend|p1: CumBak2MeGen7|Spikes|[from] move: Defog|[of] p1a: Corviknight\n|-sideend|p1: CumBak2MeGen7|Stealth Rock|[from] move: Defog|[of] p1a: Corviknight\n|move|p2a: Coalossal|Flamethrower|p1a: Corviknight\n|-supereffective|p1a: Corviknight\n|-damage|p1a: Corviknight|0 fnt\n|faint|p1a: Corviknight\n|\n|-heal|p2a: Coalossal|86\/100|[from] item: Leftovers\n|upkeep\n|\n|switch|p1a: Barraskewda|Barraskewda, M|100\/100\n|turn|9\n|\n|switch|p2a: Avalugg|Avalugg, F|79\/100\n|move|p1a: Barraskewda|Liquidation|p2a: Avalugg\n|-damage|p2a: Avalugg|55\/100\n|-damage|p1a: Barraskewda|84\/100|[from] item: Rocky Helmet|[of] p2a: Avalugg\n|-damage|p1a: Barraskewda|74\/100|[from] item: Life Orb\n|\n|upkeep\n|turn|10\n|inactive|CumBak2MeGen7 has 120 seconds left.\n|\n|switch|p1a: Darmanitan|Darmanitan-Galar, F|100\/100\n|move|p2a: Avalugg|Recover|p2a: Avalugg\n|-heal|p2a: Avalugg|100\/100\n|\n|upkeep\n|turn|11\n|\n|move|p1a: Darmanitan|U-turn|p2a: Avalugg\n|-damage|p2a: Avalugg|85\/100\n|-damage|p1a: Darmanitan|84\/100|[from] item: Rocky Helmet|[of] p2a: Avalugg\n|\n|switch|p1a: Toxtricity|Toxtricity, M|100\/100|[from]move: U-turn\n|move|p2a: Avalugg|Avalanche|p1a: Toxtricity\n|-damage|p1a: Toxtricity|63\/100\n|\n|upkeep\n|turn|12\n|\n|switch|p2a: Coalossal|Coalossal, F|86\/100\n|move|p1a: Toxtricity|Volt Switch|p2a: Coalossal\n|-damage|p2a: Coalossal|53\/100\n|\n|switch|p1a: Dragapult|Dragapult, F|100\/100|[from]move: Volt Switch\n|\n|-heal|p2a: Coalossal|59\/100|[from] item: Leftovers\n|upkeep\n|turn|13\n|\n|move|p1a: Dragapult|Substitute|p1a: Dragapult\n|-start|p1a: Dragapult|Substitute\n|-damage|p1a: Dragapult|76\/100\n|move|p2a: Coalossal|Stealth Rock|p1a: Dragapult\n|-sidestart|p1: CumBak2MeGen7|move: Stealth Rock\n|\n|-heal|p1a: Dragapult|82\/100|[from] item: Leftovers\n|-heal|p2a: Coalossal|66\/100|[from] item: Leftovers\n|upkeep\n|turn|14\n|\n|move|p1a: Dragapult|Dragon Dance|p1a: Dragapult\n|-boost|p1a: Dragapult|atk|1\n|-boost|p1a: Dragapult|spe|1\n|move|p2a: Coalossal|Flamethrower|p1a: Dragapult\n|-resisted|p1a: Dragapult\n|-activate|p1a: Dragapult|move: Substitute|[damage]\n|\n|-heal|p1a: Dragapult|88\/100|[from] item: Leftovers\n|-heal|p2a: Coalossal|72\/100|[from] item: Leftovers\n|upkeep\n|turn|15\n|\n|switch|p2a: Avalugg|Avalugg, F|85\/100\n|move|p1a: Dragapult|Dragon Dance|p1a: Dragapult\n|-boost|p1a: Dragapult|atk|1\n|-boost|p1a: Dragapult|spe|1\n|\n|-heal|p1a: Dragapult|94\/100|[from] item: Leftovers\n|upkeep\n|turn|16\n|\n|move|p1a: Dragapult|Dragon Darts|p2a: Avalugg\n|-damage|p2a: Avalugg|66\/100\n|-damage|p2a: Avalugg|45\/100\n|-hitcount|p2a: Avalugg|2\n|move|p2a: Avalugg|Avalanche|p1a: Dragapult\n|-supereffective|p1a: Dragapult\n|-end|p1a: Dragapult|Substitute\n|\n|-heal|p1a: Dragapult|99\/100|[from] item: Leftovers\n|upkeep\n|turn|17\n|\n|-start|p1a: Dragapult|Dynamax\n|-heal|p1a: Dragapult|99\/100|[silent]\n|move|p1a: Dragapult|Max Wyrmwind|p2a: Avalugg\n|-damage|p2a: Avalugg|0 fnt\n|faint|p2a: Avalugg\n|\n|-heal|p1a: Dragapult|100\/100|[from] item: Leftovers\n|upkeep\n|\n|switch|p2a: Hatterene|Hatterene, F|100\/100\n|turn|18\n|\n|-start|p2a: Hatterene|Dynamax\n|-formechange|p2a: Hatterene|Hatterene-Gmax|\n|-heal|p2a: Hatterene|100\/100|[silent]\n|move|p1a: Dragapult|Max Phantasm|p2a: Hatterene\n|-supereffective|p2a: Hatterene\n|-damage|p2a: Hatterene|0 fnt\n|faint|p2a: Hatterene\n|\n|upkeep\n|\n|switch|p2a: Conkeldurr|Conkeldurr, F|100\/100\n|turn|19\n|\n|move|p1a: Dragapult|Max Wyrmwind|p2a: Conkeldurr\n|-crit|p2a: Conkeldurr\n|-damage|p2a: Conkeldurr|0 fnt\n|faint|p2a: Conkeldurr\n|\n|-end|p1a: Dragapult|Dynamax\n|-heal|p1a: Dragapult|100\/100|[silent]\n|upkeep\n|\n|switch|p2a: Drampa|Drampa, M|100\/100\n|turn|20\n|\n|move|p1a: Dragapult|Dragon Darts|p2a: Drampa\n|-supereffective|p2a: Drampa\n|-damage|p2a: Drampa|0 fnt\n|-hitcount|p2a: Drampa|1\n|faint|p2a: Drampa\n|\n|upkeep\n|-message|TryHonesty forfeited.\n|\n|win|CumBak2MeGen7\n|l|\u2606TryHonesty\n|raw|CumBak2MeGen7's rating: 1076 &rarr; <strong>1112<\/strong><br \/>(+36 for winning)\n|raw|TryHonesty's rating: 1165 &rarr; <strong>1134<\/strong><br \/>(-31 for losing)\n","uploadtime":1574522943,"views":6,"p1id":"cumbak2megen7","p2id":"tryhonesty","formatid":"gen8ou","rating":1112,"private":0,"password":null}