{"id":"gen8ou-1638422718","p1":"Boltreaver","p2":"LT93OQ Lio","format":"gen8ou","log":"|raw|<div class=\"broadcast-blue\"><strong>This battle is required to be public due to a player having a name starting with 'lt93oq'.<\/div>\n|j|\u2606Boltreaver\n|j|\u2606LT93OQ Lio\n|t:|1660347509\n|gametype|singles\n|player|p1|Boltreaver|unknown|1673\n|player|p2|LT93OQ Lio|2|1748\n|teamsize|p1|6\n|teamsize|p2|6\n|gen|8\n|tier|[Gen 8] OU\n|rated|\n|rule|Sleep Clause Mod: Limit one foe put to sleep\n|rule|Species Clause: Limit one of each Pok\u00e9mon\n|rule|OHKO Clause: OHKO moves are banned\n|rule|Evasion Items Clause: Evasion items are banned\n|rule|Evasion Moves Clause: Evasion moves are banned\n|rule|Endless Battle Clause: Forcing endless battles is banned\n|rule|HP Percentage Mod: HP is shown in percentages\n|rule|Dynamax Clause: You cannot dynamax\n|clearpoke\n|poke|p1|Kartana|\n|poke|p1|Melmetal|\n|poke|p1|Regieleki|\n|poke|p1|Blacephalon|\n|poke|p1|Landorus-Therian, M|\n|poke|p1|Tapu Fini|\n|poke|p2|Keldeo-Resolute|\n|poke|p2|Dragapult, F|\n|poke|p2|Clefable, M|\n|poke|p2|Gastrodon, M|\n|poke|p2|Corviknight, M|\n|poke|p2|Kartana|\n|teampreview\n|inactive|Battle timer is ON: inactive players will automatically lose when time's up. (requested by Boltreaver)\n|\n|t:|1660347516\n|start\n|switch|p1a: Regieleki|Regieleki|100\/100\n|switch|p2a: Clefable|Clefable, M|100\/100\n|turn|1\n|\n|t:|1660347524\n|switch|p2a: Gastrodon|Gastrodon, M|100\/100\n|move|p1a: Regieleki|Thunderbolt|p2a: Gastrodon\n|-immune|p2a: Gastrodon\n|\n|upkeep\n|turn|2\n|\n|t:|1660347527\n|switch|p1a: Kartana|Kartana, shiny|100\/100\n|move|p2a: Gastrodon|Scald|p1a: Kartana\n|-resisted|p1a: Kartana\n|-damage|p1a: Kartana|59\/100\n|\n|upkeep\n|turn|3\n|\n|t:|1660347532\n|switch|p2a: Corviknight|Corviknight, M|100\/100\n|-ability|p2a: Corviknight|Pressure\n|move|p1a: Kartana|Knock Off|p2a: Corviknight\n|-damage|p2a: Corviknight|73\/100\n|-enditem|p2a: Corviknight|Leftovers|[from] move: Knock Off|[of] p1a: Kartana\n|\n|upkeep\n|turn|4\n|\n|t:|1660347537\n|switch|p1a: Blacephalon|Blacephalon, shiny|100\/100\n|move|p2a: Corviknight|U-turn|p1a: Blacephalon\n|-resisted|p1a: Blacephalon\n|-damage|p1a: Blacephalon|92\/100\n|\n|t:|1660347541\n|switch|p2a: Gastrodon|Gastrodon, M|100\/100|[from]move: U-turn\n|\n|upkeep\n|turn|5\n|\n|t:|1660347546\n|switch|p1a: Tapu Fini|Tapu Fini, shiny|100\/100\n|-fieldstart|move: Misty Terrain|[from] ability: Misty Surge|[of] p1a: Tapu Fini\n|move|p2a: Gastrodon|Scald|p1a: Tapu Fini\n|-resisted|p1a: Tapu Fini\n|-damage|p1a: Tapu Fini|90\/100\n|\n|-heal|p1a: Tapu Fini|96\/100|[from] item: Leftovers\n|upkeep\n|turn|6\n|\n|t:|1660347550\n|switch|p2a: Kartana|Kartana|100\/100\n|move|p1a: Tapu Fini|Moonblast|p2a: Kartana\n|-resisted|p2a: Kartana\n|-damage|p2a: Kartana|54\/100\n|\n|-heal|p1a: Tapu Fini|100\/100|[from] item: Leftovers\n|upkeep\n|turn|7\n|\n|t:|1660347557\n|switch|p1a: Landorus|Landorus-Therian, M|100\/100\n|-ability|p1a: Landorus|Intimidate|boost\n|-unboost|p2a: Kartana|atk|1\n|move|p2a: Kartana|Leaf Blade|p1a: Landorus\n|-damage|p1a: Landorus|48\/100\n|\n|-heal|p1a: Landorus|54\/100|[from] item: Leftovers\n|upkeep\n|turn|8\n|\n|t:|1660347561\n|switch|p2a: Clefable|Clefable, M|100\/100\n|move|p1a: Landorus|U-turn|p2a: Clefable\n|-resisted|p2a: Clefable\n|-damage|p2a: Clefable|90\/100\n|\n|t:|1660347564\n|switch|p1a: Blacephalon|Blacephalon, shiny|92\/100|[from]move: U-turn\n|\n|-heal|p2a: Clefable|96\/100|[from] item: Leftovers\n|upkeep\n|turn|9\n|j| chokst du\n|\n|t:|1660347569\n|move|p1a: Blacephalon|Shadow Ball|p2a: Clefable\n|-damage|p2a: Clefable|39\/100\n|move|p2a: Clefable|Stealth Rock|p1a: Blacephalon\n|-sidestart|p1: Boltreaver|move: Stealth Rock\n|\n|-heal|p2a: Clefable|45\/100|[from] item: Leftovers\n|-fieldend|Misty Terrain\n|upkeep\n|turn|10\n|j|+Dag \u300c \u300dDan\n|\n|t:|1660347577\n|switch|p2a: Gastrodon|Gastrodon, M|100\/100\n|move|p1a: Blacephalon|Shadow Ball|p2a: Gastrodon\n|-damage|p2a: Gastrodon|53\/100\n|-unboost|p2a: Gastrodon|spd|1\n|\n|-heal|p2a: Gastrodon|59\/100|[from] item: Leftovers\n|upkeep\n|turn|11\n|j| Riggsze1\n|c|\u2606LT93OQ Lio|f\n|\n|t:|1660347586\n|switch|p2a: Clefable|Clefable, M|45\/100\n|move|p1a: Blacephalon|Shadow Ball|p2a: Clefable\n|-damage|p2a: Clefable|0 fnt\n|faint|p2a: Clefable\n|-ability|p1a: Blacephalon|Beast Boost|boost\n|-boost|p1a: Blacephalon|spa|1\n|\n|upkeep\n|j| Riquelme14\n|j| RaiZen1704\n|j| ProXXDev\n|\n|t:|1660347616\n|switch|p2a: Dragapult|Dragapult, F|100\/100\n|turn|12\n|j| LT93OQ T\n|\n|t:|1660347619\n|switch|p1a: Melmetal|Melmetal|100\/100\n|-damage|p1a: Melmetal|94\/100|[from] Stealth Rock\n|move|p2a: Dragapult|Shadow Ball|p1a: Melmetal\n|-crit|p1a: Melmetal\n|-damage|p1a: Melmetal|51\/100\n|\n|upkeep\n|turn|13\n|j| AlIoutdragadarts\n|l| AlIoutdragadarts\n|\n|t:|1660347626\n|switch|p2a: Corviknight|Corviknight, M|73\/100\n|-ability|p2a: Corviknight|Pressure\n|move|p1a: Melmetal|Thunder Punch|p2a: Corviknight\n|-supereffective|p2a: Corviknight\n|-damage|p2a: Corviknight|27\/100\n|\n|upkeep\n|turn|14\n|\n|t:|1660347628\n|switch|p1a: Blacephalon|Blacephalon, shiny|92\/100\n|-damage|p1a: Blacephalon|68\/100|[from] Stealth Rock\n|move|p2a: Corviknight|Roost|p2a: Corviknight\n|-heal|p2a: Corviknight|77\/100\n|-singleturn|p2a: Corviknight|move: Roost\n|\n|upkeep\n|turn|15\n|\n|t:|1660347633\n|switch|p2a: Keldeo|Keldeo-Resolute|100\/100\n|move|p1a: Blacephalon|Shadow Ball|p2a: Keldeo\n|-damage|p2a: Keldeo|24\/100\n|\n|-heal|p2a: Keldeo|30\/100|[from] item: Leftovers\n|upkeep\n|turn|16\n|\n|t:|1660347638\n|switch|p2a: Kartana|Kartana|54\/100\n|switch|p1a: Tapu Fini|Tapu Fini, shiny|100\/100\n|-damage|p1a: Tapu Fini|88\/100|[from] Stealth Rock\n|-fieldstart|move: Misty Terrain|[from] ability: Misty Surge|[of] p1a: Tapu Fini\n|\n|-heal|p1a: Tapu Fini|94\/100|[from] item: Leftovers\n|upkeep\n|turn|17\n|\n|t:|1660347642\n|switch|p1a: Landorus|Landorus-Therian, M|54\/100\n|-damage|p1a: Landorus|42\/100|[from] Stealth Rock\n|-ability|p1a: Landorus|Intimidate|boost\n|-unboost|p2a: Kartana|atk|1\n|move|p2a: Kartana|Leaf Blade|p1a: Landorus\n|-crit|p1a: Landorus\n|-damage|p1a: Landorus|0 fnt\n|faint|p1a: Landorus\n|-ability|p2a: Kartana|Beast Boost|boost\n|-boost|p2a: Kartana|atk|1\n|\n|upkeep\n|\n|t:|1660347646\n|switch|p1a: Regieleki|Regieleki|100\/100\n|-damage|p1a: Regieleki|88\/100|[from] Stealth Rock\n|turn|18\n|l| LT93OQ T\n|\n|t:|1660347649\n|switch|p1a: Blacephalon|Blacephalon, shiny|68\/100\n|-damage|p1a: Blacephalon|43\/100|[from] Stealth Rock\n|switch|p2a: Dragapult|Dragapult, F|100\/100\n|\n|upkeep\n|turn|19\n|\n|t:|1660347652\n|switch|p1a: Tapu Fini|Tapu Fini, shiny|94\/100\n|-damage|p1a: Tapu Fini|82\/100|[from] Stealth Rock\n|move|p2a: Dragapult|Shadow Ball|p1a: Tapu Fini\n|-damage|p1a: Tapu Fini|41\/100\n|\n|-heal|p1a: Tapu Fini|47\/100|[from] item: Leftovers\n|upkeep\n|turn|20\n|\n|t:|1660347656\n|switch|p2a: Kartana|Kartana|54\/100\n|move|p1a: Tapu Fini|Moonblast|p2a: Kartana\n|-resisted|p2a: Kartana\n|-damage|p2a: Kartana|1\/100\n|-unboost|p2a: Kartana|spa|1\n|\n|-heal|p1a: Tapu Fini|53\/100|[from] item: Leftovers\n|-fieldend|Misty Terrain\n|upkeep\n|turn|21\n|\n|t:|1660347661\n|move|p2a: Kartana|Knock Off|p1a: Tapu Fini\n|-resisted|p1a: Tapu Fini\n|-damage|p1a: Tapu Fini|31\/100\n|-enditem|p1a: Tapu Fini|Leftovers|[from] move: Knock Off|[of] p2a: Kartana\n|move|p1a: Tapu Fini|Moonblast|p2a: Kartana\n|-resisted|p2a: Kartana\n|-damage|p2a: Kartana|0 fnt\n|faint|p2a: Kartana\n|\n|upkeep\n|\n|t:|1660347663\n|switch|p2a: Dragapult|Dragapult, F|100\/100\n|turn|22\n|\n|t:|1660347665\n|move|p2a: Dragapult|Shadow Ball|p1a: Tapu Fini\n|-damage|p1a: Tapu Fini|0 fnt\n|faint|p1a: Tapu Fini\n|\n|upkeep\n|\n|t:|1660347669\n|switch|p1a: Melmetal|Melmetal|51\/100\n|-damage|p1a: Melmetal|45\/100|[from] Stealth Rock\n|turn|23\n|l| ProXXDev\n|\n|t:|1660347678\n|switch|p2a: Corviknight|Corviknight, M|77\/100\n|-ability|p2a: Corviknight|Pressure\n|switch|p1a: Blacephalon|Blacephalon, shiny|43\/100\n|-damage|p1a: Blacephalon|18\/100|[from] Stealth Rock\n|\n|upkeep\n|turn|24\n|\n|t:|1660347685\n|switch|p2a: Keldeo|Keldeo-Resolute|30\/100\n|move|p1a: Blacephalon|Shadow Ball|p2a: Keldeo\n|-damage|p2a: Keldeo|0 fnt\n|faint|p2a: Keldeo\n|-ability|p1a: Blacephalon|Beast Boost|boost\n|-boost|p1a: Blacephalon|spa|1\n|\n|upkeep\n|\n|t:|1660347687\n|switch|p2a: Dragapult|Dragapult, F|100\/100\n|turn|25\n|\n|t:|1660347691\n|switch|p1a: Melmetal|Melmetal|45\/100\n|-damage|p1a: Melmetal|39\/100|[from] Stealth Rock\n|move|p2a: Dragapult|Shadow Ball|p1a: Melmetal\n|-damage|p1a: Melmetal|11\/100\n|-unboost|p1a: Melmetal|spd|1\n|\n|upkeep\n|turn|26\n|\n|t:|1660347694\n|move|p2a: Dragapult|Shadow Ball|p1a: Melmetal\n|-damage|p1a: Melmetal|0 fnt\n|faint|p1a: Melmetal\n|\n|upkeep\n|\n|t:|1660347699\n|switch|p1a: Kartana|Kartana, shiny|59\/100\n|-damage|p1a: Kartana|53\/100|[from] Stealth Rock\n|turn|27\n|\n|t:|1660347702\n|switch|p1a: Blacephalon|Blacephalon, shiny|18\/100\n|-damage|p1a: Blacephalon|0 fnt|[from] Stealth Rock\n|faint|p1a: Blacephalon\n|switch|p2a: Corviknight|Corviknight, M|77\/100\n|-ability|p2a: Corviknight|Pressure\n|\n|upkeep\n|\n|t:|1660347705\n|switch|p1a: Regieleki|Regieleki|88\/100\n|-damage|p1a: Regieleki|76\/100|[from] Stealth Rock\n|turn|28\n|\n|t:|1660347707\n|switch|p2a: Gastrodon|Gastrodon, M|59\/100\n|move|p1a: Regieleki|Rapid Spin|p2a: Gastrodon\n|-damage|p2a: Gastrodon|48\/100\n|-boost|p1a: Regieleki|spe|1\n|-sideend|p1: Boltreaver|Stealth Rock|[from] move: Rapid Spin|[of] p1a: Regieleki\n|\n|-heal|p2a: Gastrodon|54\/100|[from] item: Leftovers\n|upkeep\n|turn|29\n|\n|t:|1660347710\n|move|p1a: Regieleki|Rapid Spin|p2a: Gastrodon\n|-damage|p2a: Gastrodon|42\/100\n|-boost|p1a: Regieleki|spe|1\n|move|p2a: Gastrodon|Scald|p1a: Regieleki\n|-damage|p1a: Regieleki|21\/100\n|-status|p1a: Regieleki|brn\n|\n|-heal|p2a: Gastrodon|48\/100|[from] item: Leftovers\n|-damage|p1a: Regieleki|15\/100 brn|[from] brn\n|upkeep\n|turn|30\n|\n|t:|1660347713\n|move|p1a: Regieleki|Rapid Spin|p2a: Gastrodon\n|-damage|p2a: Gastrodon|43\/100\n|-boost|p1a: Regieleki|spe|1\n|move|p2a: Gastrodon|Scald|p1a: Regieleki\n|-damage|p1a: Regieleki|0 fnt\n|faint|p1a: Regieleki\n|\n|-heal|p2a: Gastrodon|49\/100|[from] item: Leftovers\n|upkeep\n|\n|t:|1660347715\n|switch|p1a: Kartana|Kartana, shiny|53\/100\n|turn|31\n|j| LT93OQ rej?\n|\n|t:|1660347719\n|switch|p2a: Corviknight|Corviknight, M|77\/100\n|-ability|p2a: Corviknight|Pressure\n|move|p1a: Kartana|Knock Off|p2a: Corviknight\n|-damage|p2a: Corviknight|59\/100\n|\n|upkeep\n|turn|32\n|-message|Boltreaver forfeited.\n|\n|win|LT93OQ Lio\n|raw|Boltreaver's rating: 1673 &rarr; <strong>1657<\/strong><br \/>(-16 for losing)\n|raw|LT93OQ Lio's rating: 1748 &rarr; <strong>1764<\/strong><br \/>(+16 for winning)\n|l|\u2606Boltreaver\n|l| LT93OQ rej?\n|j| isabela000\u25e5\u25b6_\u25c0\u25e4\n|l| isabela000\u25e5\u25b6_\u25c0\u25e4\n|j| LT93OQ rej?\n|l| LT93OQ rej?\n|l|+Dag \u300c \u300dDan\n||Ladder isn't responding, score probably updated but might not have (Request timeout).\n|l| Riquelme14\n|j| nortjanainortonda\n|l| RaiZen1704\n|l| nortjanainortonda\n","uploadtime":1660347847,"views":21,"p1id":"boltreaver","p2id":"lt93oqlio","formatid":"gen8ou","rating":1657,"private":0,"password":null}