{"id":"gen8bdspou-1465286859","p1":"BarkleyBoss","p2":"VirginJimmy99","format":"gen8bdspou","log":"|html|<div class=\"broadcast-blue\"><strong>[Gen 8 BDSP] OU is currently suspecting Latios! For information on how to participate check out the <a href=\"https:\/\/www.smogon.com\/forums\/threads\/np-bdsp-ou-suspect-process-round-1-mr-blue-sky.3694109\/\">suspect thread<\/a>.<\/strong><\/div>\n|j|\u2606BarkleyBoss\n|j|\u2606VirginJimmy99\n|t:|1638470148\n|gametype|singles\n|player|p1|BarkleyBoss|bugcatcher|1310\n|player|p2|VirginJimmy99|rocketgrunt|1412\n|teamsize|p1|6\n|teamsize|p2|6\n|gen|8\n|tier|[Gen 8 BDSP] OU\n|rated|\n|rule|Sleep Clause Mod: Limit one foe put to sleep\n|rule|Species Clause: Limit one of each Pok\u00e9mon\n|rule|OHKO Clause: OHKO moves are banned\n|rule|Evasion Moves Clause: Evasion moves are banned\n|rule|Endless Battle Clause: Forcing endless battles is banned\n|rule|HP Percentage Mod: HP is shown in percentages\n|clearpoke\n|poke|p1|Staraptor, M|\n|poke|p1|Magnezone|\n|poke|p1|Jirachi|\n|poke|p1|Roserade, M|\n|poke|p1|Gliscor, F|\n|poke|p1|Latios, M|\n|poke|p2|Bastiodon, M|\n|poke|p2|Scizor, F|\n|poke|p2|Weavile, M|\n|poke|p2|Alakazam, F|\n|poke|p2|Rotom-Wash|\n|poke|p2|Breloom, M|\n|teampreview\n|j| orange99\n|\n|t:|1638470178\n|start\n|switch|p1a: Magnezone|Magnezone|100\/100\n|switch|p2a: Big Nut 2|Bastiodon, M|100\/100\n|turn|1\n|\n|t:|1638470183\n|move|p1a: Magnezone|Volt Switch|p2a: Big Nut 2\n|-damage|p2a: Big Nut 2|64\/100\n|\n|t:|1638470187\n|switch|p1a: Roserade|Roserade, M|100\/100|[from]move: Volt Switch\n|move|p2a: Big Nut 2|Stealth Rock|p1a: Roserade\n|-sidestart|p1: BarkleyBoss|move: Stealth Rock\n|\n|upkeep\n|turn|2\n|\n|t:|1638470190\n|move|p1a: Roserade|Spikes|p2a: Big Nut 2\n|-sidestart|p2: VirginJimmy99|Spikes\n|move|p2a: Big Nut 2|Metal Burst||[still]\n|-fail|p2a: Big Nut 2\n|\n|upkeep\n|turn|3\n|\n|t:|1638470194\n|switch|p2a: Weavile|Weavile, M|100\/100\n|-damage|p2a: Weavile|88\/100|[from] Spikes\n|-ability|p2a: Weavile|Pressure\n|move|p1a: Roserade|Spikes|p2a: Weavile\n|-sidestart|p2: VirginJimmy99|Spikes\n|\n|upkeep\n|turn|4\n|\n|t:|1638470198\n|switch|p1a: Magnezone|Magnezone|100\/100\n|-damage|p1a: Magnezone|94\/100|[from] Stealth Rock\n|move|p2a: Weavile|Beat Up|p1a: Magnezone\n|-damage|p1a: Magnezone|80\/100\n|-damage|p1a: Magnezone|65\/100\n|-damage|p1a: Magnezone|55\/100\n|-damage|p1a: Magnezone|47\/100\n|-damage|p1a: Magnezone|39\/100\n|-damage|p1a: Magnezone|25\/100\n|-hitcount|p1a: Magnezone|6\n|\n|upkeep\n|turn|5\n|\n|t:|1638470205\n|switch|p1a: Gliscor|Gliscor, F|100\/100\n|-damage|p1a: Gliscor|88\/100|[from] Stealth Rock\n|move|p2a: Weavile|Beat Up|p1a: Gliscor\n|-damage|p1a: Gliscor|79\/100\n|-damage|p1a: Gliscor|70\/100\n|-damage|p1a: Gliscor|65\/100\n|-damage|p1a: Gliscor|59\/100\n|-crit|p1a: Gliscor\n|-damage|p1a: Gliscor|50\/100\n|-damage|p1a: Gliscor|41\/100\n|-hitcount|p1a: Gliscor|6\n|\n|-status|p1a: Gliscor|tox|[from] item: Toxic Orb\n|upkeep\n|turn|6\n|\n|t:|1638470216\n|move|p2a: Weavile|Beat Up|p1a: Gliscor\n|-damage|p1a: Gliscor|31\/100 tox\n|-damage|p1a: Gliscor|21\/100 tox\n|-damage|p1a: Gliscor|15\/100 tox\n|-damage|p1a: Gliscor|9\/100 tox\n|-damage|p1a: Gliscor|4\/100 tox\n|-damage|p1a: Gliscor|0 fnt\n|faint|p1a: Gliscor\n|-hitcount|p1: Gliscor|6\n|\n|upkeep\n|\n|t:|1638470221\n|switch|p1a: Roserade|Roserade, M|100\/100\n|-damage|p1a: Roserade|88\/100|[from] Stealth Rock\n|turn|7\n|\n|t:|1638470224\n|move|p2a: Weavile|Beat Up|p1a: Roserade\n|-crit|p1a: Roserade\n|-damage|p1a: Roserade|49\/100\n|-damage|p1a: Roserade|23\/100\n|-damage|p1a: Roserade|7\/100\n|-damage|p1a: Roserade|0 fnt\n|faint|p1a: Roserade\n|-hitcount|p1: Roserade|4\n|\n|upkeep\n|-message|BarkleyBoss forfeited.\n|\n|win|VirginJimmy99\n|raw|BarkleyBoss's rating: 1310 &rarr; <strong>1296<\/strong><br \/>(-14 for losing)\n|raw|VirginJimmy99's rating: 1412 &rarr; <strong>1426<\/strong><br \/>(+14 for winning)\n|l|\u2606BarkleyBoss\n||Ladder isn't responding, score probably updated but might not have (Request timeout).\n","uploadtime":1638470245,"views":9,"p1id":"barkleyboss","p2id":"virginjimmy99","formatid":"gen8bdspou","rating":1296,"private":0,"password":null}