{"id":"gen8vgc2022-1617208048","p1":"mr protian","p2":"brifye","format":"gen8vgc2022","log":"|j|\u2606mr protian\n|j|\u2606brifye\n|t:|1657815211\n|gametype|doubles\n|player|p1|mr protian|wallace|1367\n|player|p2|brifye|petrel|1480\n|teamsize|p1|6\n|teamsize|p2|6\n|gen|8\n|tier|[Gen 8] VGC 2022\n|rated|\n|rule|Species Clause: Limit one of each Pok\u00e9mon\n|rule|Item Clause: Limit one of each item\n|clearpoke\n|poke|p1|Yveltal, L50|\n|poke|p1|Zacian-*, L50|\n|poke|p1|Grimmsnarl, L50, M|\n|poke|p1|Landorus-Therian, L50, M|\n|poke|p1|Rotom-Heat, L50|\n|poke|p1|Gastrodon-East, L50, M|\n|poke|p2|Calyrex-Shadow, L50|\n|poke|p2|Zacian-*, L50|\n|poke|p2|Gastrodon, L50, F|\n|poke|p2|Incineroar, L50, M|\n|poke|p2|Rillaboom, L50, M|\n|poke|p2|Thundurus, L50, M|\n|teampreview|4\n|\n|t:|1657815231\n|start\n|switch|p1a: ugly dude|Landorus-Therian, L50, M|100\/100\n|switch|p1b: haxx babe|Grimmsnarl, L50, M|100\/100\n|switch|p2a: Thundurus|Thundurus, L50, M|100\/100\n|switch|p2b: Zacian|Zacian-Crowned, L50|100\/100\n|-ability|p2b: Zacian|Intrepid Sword|boost\n|-boost|p2b: Zacian|atk|1\n|-ability|p1a: ugly dude|Intimidate|boost\n|-unboost|p2a: Thundurus|atk|1\n|-ability|p2a: Thundurus|Defiant\n|-boost|p2a: Thundurus|atk|2\n|-unboost|p2b: Zacian|atk|1\n|turn|1\n|\n|t:|1657815272\n|-start|p2a: Thundurus|Dynamax|\n|-heal|p2a: Thundurus|100\/100|[silent]\n|-start|p1a: ugly dude|Dynamax|\n|-heal|p1a: ugly dude|100\/100|[silent]\n|move|p1b: haxx babe|Thunder Wave|p2b: Zacian\n|-status|p2b: Zacian|par\n|move|p2a: Thundurus|Max Airstream|p1a: ugly dude\n|-damage|p1a: ugly dude|27\/100\n|-boost|p2a: Thundurus|spe|1\n|-boost|p2b: Zacian|spe|1\n|-damage|p2a: Thundurus|96\/100|[from] item: Life Orb\n|move|p1a: ugly dude|Max Rockfall|p2a: Thundurus\n|-supereffective|p2a: Thundurus\n|-damage|p2a: Thundurus|4\/100\n|-weather|Sandstorm\n|-damage|p1a: ugly dude|23\/100|[from] item: Life Orb\n|move|p2b: Zacian|Behemoth Blade|p1b: haxx babe\n|-supereffective|p1b: haxx babe\n|-damage|p1b: haxx babe|0 fnt\n|faint|p1b: haxx babe\n|\n|-weather|Sandstorm|[upkeep]\n|-damage|p2a: Thundurus|1\/100|[from] Sandstorm\n|upkeep\n|\n|t:|1657815282\n|switch|p1b: beacon birb|Yveltal, L50|100\/100\n|-ability|p1b: beacon birb|Dark Aura\n|turn|2\n|\n|t:|1657815301\n|move|p1b: beacon birb|Sucker Punch|p2a: Thundurus\n|-damage|p2a: Thundurus|0 fnt\n|faint|p2a: Thundurus\n|move|p1a: ugly dude|Max Quake|p2b: Zacian\n|-supereffective|p2b: Zacian\n|-damage|p2b: Zacian|0 fnt\n|-boost|p1a: ugly dude|spd|1\n|-boost|p1b: beacon birb|spd|1\n|faint|p2b: Zacian\n|-damage|p1a: ugly dude|18\/100|[from] item: Life Orb\n|\n|-weather|Sandstorm|[upkeep]\n|-damage|p1b: beacon birb|95\/100|[from] Sandstorm\n|upkeep\n|\n|t:|1657815313\n|switch|p2b: Calyrex|Calyrex-Shadow, L50|100\/100\n|switch|p2a: Incineroar|Incineroar, L50, M|100\/100\n|-ability|p2b: Calyrex|As One\n|-ability|p2b: Calyrex|Unnerve\n|-ability|p2a: Incineroar|Intimidate|boost\n|-unboost|p1a: ugly dude|atk|1\n|-unboost|p1b: beacon birb|atk|1\n|turn|3\n|\n|t:|1657815342\n|move|p2a: Incineroar|Fake Out|p1b: beacon birb\n|-damage|p1b: beacon birb|86\/100\n|move|p2b: Calyrex|Astral Barrage|p1a: ugly dude|[spread] p1a,p1b\n|-resisted|p1b: beacon birb\n|-damage|p1a: ugly dude|0 fnt\n|-damage|p1b: beacon birb|76\/100\n|faint|p1a: ugly dude\n|-ability|p2b: Calyrex|Grim Neigh|boost\n|-boost|p2b: Calyrex|spa|1\n|cant|p1b: beacon birb|flinch\n|\n|-weather|Sandstorm|[upkeep]\n|-damage|p2b: Calyrex|94\/100|[from] Sandstorm\n|-damage|p1b: beacon birb|70\/100|[from] Sandstorm\n|upkeep\n|\n|t:|1657815345\n|switch|p1a: weak dog : )|Zacian-Crowned, L50|100\/100\n|-ability|p1a: weak dog : )|Intrepid Sword|boost\n|-boost|p1a: weak dog : )|atk|1\n|turn|4\n|\n|t:|1657815369\n|move|p2b: Calyrex|Protect|p2b: Calyrex\n|-singleturn|p2b: Calyrex|Protect\n|move|p1a: weak dog : )|Play Rough|p2a: Incineroar\n|-damage|p2a: Incineroar|36\/100\n|move|p1b: beacon birb|Snarl|p2b: Calyrex|[spread] p2a\n|-activate|p2b: Calyrex|move: Protect\n|-resisted|p2a: Incineroar\n|-damage|p2a: Incineroar|24\/100\n|-unboost|p2a: Incineroar|spa|1\n|move|p2a: Incineroar|Flare Blitz|p1b: beacon birb\n|-damage|p1b: beacon birb|35\/100\n|-damage|p2a: Incineroar|11\/100|[from] Recoil\n|\n|-weather|Sandstorm|[upkeep]\n|-damage|p2b: Calyrex|88\/100|[from] Sandstorm\n|-damage|p1b: beacon birb|29\/100|[from] Sandstorm\n|upkeep\n|turn|5\n|\n|t:|1657815388\n|move|p1b: beacon birb|Sucker Punch|p2b: Calyrex\n|-supereffective|p2b: Calyrex\n|-damage|p2b: Calyrex|0 fnt\n|faint|p2b: Calyrex\n|move|p1a: weak dog : )|Play Rough|p2a: Incineroar\n|-damage|p2a: Incineroar|0 fnt\n|faint|p2a: Incineroar\n|\n|win|mr protian\n|raw|mr protian's rating: 1367 &rarr; <strong>1393<\/strong><br \/>(+26 for winning)\n|raw|brifye's rating: 1480 &rarr; <strong>1454<\/strong><br \/>(-26 for losing)\n|l|\u2606brifye\n|c|\u2606mr protian|gg\n||Ladder isn't responding, score probably updated but might not have (Request timeout).\n","uploadtime":1657815396,"views":10,"p1id":"mrprotian","p2id":"brifye","formatid":"gen8vgc2022","rating":1393,"private":0,"password":null}