{"id":"gen8uu-1131939452","p1":"Goootzinho","p2":"Kairak","format":"gen8uu","log":"|j|\u2606Goootzinho\n|j|\u2606Kairak\n|player|p1|Goootzinho|galacticgrunt|1383\n|player|p2|Kairak|hiker-gen4|1373\n|teamsize|p1|6\n|teamsize|p2|6\n|gametype|singles\n|gen|8\n|tier|[Gen 8] UU\n|rated|\n|clearpoke\n|poke|p1|Froslass, F|\n|poke|p1|Celebi|\n|poke|p1|Flygon, M|\n|poke|p1|Barbaracle, F|\n|poke|p1|Polteageist|\n|poke|p1|Indeedee, M|\n|poke|p2|Rillaboom, F|\n|poke|p2|Keldeo-Resolute|\n|poke|p2|Chandelure, F|\n|poke|p2|Bronzong|\n|poke|p2|Noivern, F|\n|poke|p2|Sylveon, M|\n|rule|Sleep Clause Mod: Limit one foe put to sleep\n|rule|Species Clause: Limit one of each Pok\u00e9mon\n|rule|OHKO Clause: OHKO moves are banned\n|rule|Evasion Moves Clause: Evasion moves are banned\n|rule|Endless Battle Clause: Forcing endless battles is banned\n|rule|HP Percentage Mod: HP is shown in percentages\n|rule|Dynamax Clause: You cannot dynamax\n|teampreview\n|\n|start\n|switch|p1a: Froslass|Froslass, F|100\/100\n|switch|p2a: Rillaboom|Rillaboom, F|100\/100\n|-fieldstart|move: Grassy Terrain|[from] ability: Grassy Surge|[of] p2a: Rillaboom\n|turn|1\n|\n|move|p1a: Froslass|Spikes|p2a: Rillaboom\n|-sidestart|p2: Kairak|Spikes\n|move|p2a: Rillaboom|U-turn|p1a: Froslass\n|-resisted|p1a: Froslass\n|-damage|p1a: Froslass|71\/100\n|-start|p2a: Rillaboom|Disable|U-turn|[from] ability: Cursed Body|[of] p1a: Froslass\n|\n|switch|p2a: Noivern|Noivern, F|100\/100|[from]move: U-turn\n|\n|-heal|p1a: Froslass|77\/100|[from] Grassy Terrain\n|upkeep\n|turn|2\n|\n|move|p2a: Noivern|Flamethrower|p1a: Froslass\n|-supereffective|p1a: Froslass\n|-damage|p1a: Froslass|0 fnt\n|faint|p1a: Froslass\n|\n|upkeep\n|\n|switch|p1a: Barbaracle|Barbaracle, F|100\/100\n|turn|3\n|\n|switch|p2a: Keldeo|Keldeo-Resolute|100\/100\n|-damage|p2a: Keldeo|88\/100|[from] Spikes\n|move|p1a: Barbaracle|Shell Smash|p1a: Barbaracle\n|-unboost|p1a: Barbaracle|def|1\n|-unboost|p1a: Barbaracle|spd|1\n|-boost|p1a: Barbaracle|atk|2\n|-boost|p1a: Barbaracle|spa|2\n|-boost|p1a: Barbaracle|spe|2\n|\n|-heal|p2a: Keldeo|94\/100|[from] item: Leftovers\n|-heal|p2a: Keldeo|100\/100|[from] Grassy Terrain\n|upkeep\n|turn|4\n|\n|move|p1a: Barbaracle|Liquidation|p2a: Keldeo\n|-resisted|p2a: Keldeo\n|-damage|p2a: Keldeo|46\/100\n|move|p2a: Keldeo|Scald|p1a: Barbaracle\n|-damage|p1a: Barbaracle|23\/100\n|\n|-heal|p1a: Barbaracle|29\/100|[from] Grassy Terrain\n|-heal|p2a: Keldeo|52\/100|[from] item: Leftovers\n|-heal|p2a: Keldeo|59\/100|[from] Grassy Terrain\n|upkeep\n|turn|5\n|\n|move|p1a: Barbaracle|Liquidation|p2a: Keldeo\n|-resisted|p2a: Keldeo\n|-damage|p2a: Keldeo|5\/100\n|-unboost|p2a: Keldeo|def|1\n|move|p2a: Keldeo|Scald|p1a: Barbaracle\n|-damage|p1a: Barbaracle|0 fnt\n|faint|p1a: Barbaracle\n|\n|-heal|p2a: Keldeo|12\/100|[from] item: Leftovers\n|-heal|p2a: Keldeo|18\/100|[from] Grassy Terrain\n|-fieldend|move: Grassy Terrain\n|upkeep\n|\n|switch|p1a: Indeedee|Indeedee, M|100\/100\n|-fieldstart|move: Psychic Terrain|[from] ability: Psychic Surge|[of] p1a: Indeedee\n|turn|6\n|\n|switch|p2a: Bronzong|Bronzong|100\/100\n|move|p1a: Indeedee|Psychic|p2a: Bronzong\n|-resisted|p2a: Bronzong\n|-damage|p2a: Bronzong|91\/100\n|\n|-heal|p2a: Bronzong|98\/100|[from] item: Leftovers\n|upkeep\n|turn|7\n|\n|move|p1a: Indeedee|Mystical Fire|p2a: Bronzong\n|-supereffective|p2a: Bronzong\n|-damage|p2a: Bronzong|67\/100\n|-unboost|p2a: Bronzong|spa|1\n|move|p2a: Bronzong|Toxic|p1a: Indeedee\n|-status|p1a: Indeedee|tox\n|\n|-heal|p2a: Bronzong|73\/100|[from] item: Leftovers\n|-damage|p1a: Indeedee|94\/100 tox|[from] psn\n|upkeep\n|turn|8\n|\n|switch|p1a: Polteageist|Polteageist|100\/100\n|move|p2a: Bronzong|Stealth Rock|p1a: Polteageist\n|-sidestart|p1: Goootzinho|move: Stealth Rock\n|\n|-heal|p2a: Bronzong|79\/100|[from] item: Leftovers\n|upkeep\n|turn|9\n|\n|move|p1a: Polteageist|Shadow Ball|p2a: Bronzong\n|-supereffective|p2a: Bronzong\n|-damage|p2a: Bronzong|20\/100\n|move|p2a: Bronzong|Toxic|p1a: Polteageist\n|-status|p1a: Polteageist|tox\n|\n|-heal|p2a: Bronzong|26\/100|[from] item: Leftovers\n|-damage|p1a: Polteageist|94\/100 tox|[from] psn\n|upkeep\n|turn|10\n|\n|move|p1a: Polteageist|Shell Smash|p1a: Polteageist\n|-unboost|p1a: Polteageist|def|1\n|-unboost|p1a: Polteageist|spd|1\n|-boost|p1a: Polteageist|atk|2\n|-boost|p1a: Polteageist|spa|2\n|-boost|p1a: Polteageist|spe|2\n|move|p2a: Bronzong|Gyro Ball|p1a: Polteageist\n|-damage|p1a: Polteageist|0 fnt\n|faint|p1a: Polteageist\n|\n|-heal|p2a: Bronzong|32\/100|[from] item: Leftovers\n|upkeep\n|\n|switch|p1a: Indeedee|Indeedee, M|94\/100 tox\n|-damage|p1a: Indeedee|82\/100 tox|[from] Stealth Rock\n|turn|11\n|\n|move|p2a: Bronzong|Protect|p2a: Bronzong\n|-singleturn|p2a: Bronzong|Protect\n|move|p1a: Indeedee|Mystical Fire|p2a: Bronzong\n|-activate|p2a: Bronzong|move: Protect\n|\n|-heal|p2a: Bronzong|39\/100|[from] item: Leftovers\n|-damage|p1a: Indeedee|76\/100 tox|[from] psn\n|upkeep\n|turn|12\n|\n|move|p1a: Indeedee|Mystical Fire|p2a: Bronzong\n|-supereffective|p2a: Bronzong\n|-damage|p2a: Bronzong|9\/100\n|-unboost|p2a: Bronzong|spa|1\n|move|p2a: Bronzong|Gyro Ball|p1a: Indeedee\n|-damage|p1a: Indeedee|11\/100 tox\n|\n|-heal|p2a: Bronzong|15\/100|[from] item: Leftovers\n|-damage|p1a: Indeedee|0 fnt|[from] psn\n|faint|p1a: Indeedee\n|upkeep\n|-message|Goootzinho forfeited.\n|\n|win|Kairak\n|l|\u2606Goootzinho\n","uploadtime":1592050884,"views":6,"p1id":"goootzinho","p2id":"kairak","formatid":"gen8uu","rating":0,"private":0,"password":null}