{"id":"gen8ou-1626490769","p1":"alvar03","p2":"30orless","format":"gen8ou","log":"|j|\u2606alvar03\n|j|\u260630orless\n|t:|1658943412\n|gametype|singles\n|player|p1|alvar03|alder|1756\n|player|p2|30orless|266|1677\n|teamsize|p1|6\n|teamsize|p2|6\n|gen|8\n|tier|[Gen 8] OU\n|rated|\n|rule|Sleep Clause Mod: Limit one foe put to sleep\n|rule|Species Clause: Limit one of each Pok\u00e9mon\n|rule|OHKO Clause: OHKO moves are banned\n|rule|Evasion Moves Clause: Evasion moves are banned\n|rule|Endless Battle Clause: Forcing endless battles is banned\n|rule|HP Percentage Mod: HP is shown in percentages\n|rule|Dynamax Clause: You cannot dynamax\n|clearpoke\n|poke|p1|Tapu Lele|\n|poke|p1|Rotom-Wash|\n|poke|p1|Melmetal|\n|poke|p1|Tapu Fini|\n|poke|p1|Landorus-Therian, M|\n|poke|p1|Kartana|\n|poke|p2|Heatran, F|\n|poke|p2|Hydreigon, F|\n|poke|p2|Blaziken, F|\n|poke|p2|Volcanion|\n|poke|p2|Zapdos|\n|poke|p2|Mamoswine, F|\n|teampreview\n|inactive|Battle timer is ON: inactive players will automatically lose when time's up. (requested by 30orless)\n|\n|t:|1658943438\n|start\n|switch|p1a: Rotom|Rotom-Wash|100\/100\n|switch|p2a: Mamoswine|Mamoswine, F|100\/100\n|turn|1\n|inactive|30orless has 120 seconds left.\n|\n|t:|1658943476\n|switch|p2a: Hydreigon|Hydreigon, F|100\/100\n|move|p1a: Rotom|Will-O-Wisp|p2a: Hydreigon\n|-status|p2a: Hydreigon|brn\n|\n|-damage|p2a: Hydreigon|94\/100 brn|[from] brn\n|upkeep\n|turn|2\n|\n|t:|1658943481\n|switch|p1a: Tapu Fini|Tapu Fini|100\/100\n|-fieldstart|move: Misty Terrain|[from] ability: Misty Surge|[of] p1a: Tapu Fini\n|move|p2a: Hydreigon|Dark Pulse|p1a: Tapu Fini\n|-resisted|p1a: Tapu Fini\n|-damage|p1a: Tapu Fini|83\/100\n|\n|-heal|p1a: Tapu Fini|89\/100|[from] item: Leftovers\n|-damage|p2a: Hydreigon|88\/100 brn|[from] brn\n|upkeep\n|turn|3\n|\n|t:|1658943486\n|switch|p2a: Volcanion|Volcanion|100\/100\n|switch|p1a: Rotom|Rotom-Wash|100\/100\n|\n|upkeep\n|turn|4\n|\n|t:|1658943489\n|switch|p2a: Hydreigon|Hydreigon, F|88\/100 brn\n|move|p1a: Rotom|Volt Switch|p2a: Hydreigon\n|-resisted|p2a: Hydreigon\n|-damage|p2a: Hydreigon|75\/100 brn\n|\n|t:|1658943492\n|switch|p1a: Tapu Lele|Tapu Lele|100\/100|[from]move: Volt Switch\n|-fieldstart|move: Psychic Terrain|[from] ability: Psychic Surge|[of] p1a: Tapu Lele\n|\n|-damage|p2a: Hydreigon|69\/100 brn|[from] brn\n|upkeep\n|turn|5\n|\n|t:|1658943496\n|move|p2a: Hydreigon|Dark Pulse|p1a: Tapu Lele\n|-damage|p1a: Tapu Lele|54\/100\n|move|p1a: Tapu Lele|Focus Blast|p2a: Hydreigon\n|-supereffective|p2a: Hydreigon\n|-damage|p2a: Hydreigon|0 fnt\n|faint|p2a: Hydreigon\n|\n|upkeep\n|\n|t:|1658943505\n|switch|p2a: Zapdos|Zapdos|100\/100\n|turn|6\n|\n|t:|1658943509\n|switch|p1a: Landorus|Landorus-Therian, M|100\/100\n|-ability|p1a: Landorus|Intimidate|boost\n|-unboost|p2a: Zapdos|atk|1\n|move|p2a: Zapdos|Hurricane|p1a: Landorus\n|-damage|p1a: Landorus|57\/100\n|\n|-heal|p1a: Landorus|63\/100|[from] item: Leftovers\n|upkeep\n|turn|7\n|\n|t:|1658943514\n|switch|p2a: Mamoswine|Mamoswine, F|100\/100\n|move|p1a: Landorus|Stealth Rock|p2a: Mamoswine\n|-sidestart|p2: 30orless|move: Stealth Rock\n|\n|-heal|p1a: Landorus|69\/100|[from] item: Leftovers\n|upkeep\n|turn|8\n|\n|t:|1658943517\n|move|p2a: Mamoswine|Stealth Rock|p1a: Landorus\n|-sidestart|p1: alvar03|move: Stealth Rock\n|move|p1a: Landorus|U-turn|p2a: Mamoswine\n|-damage|p2a: Mamoswine|77\/100\n|\n|t:|1658943524\n|switch|p1a: Rotom|Rotom-Wash|100\/100|[from]move: U-turn\n|-damage|p1a: Rotom|88\/100|[from] Stealth Rock\n|\n|-heal|p1a: Rotom|94\/100|[from] item: Leftovers\n|-fieldend|move: Psychic Terrain\n|upkeep\n|turn|9\n|\n|t:|1658943529\n|switch|p2a: Zapdos|Zapdos|100\/100\n|move|p1a: Rotom|Hydro Pump|p2a: Zapdos\n|-damage|p2a: Zapdos|60\/100\n|\n|-heal|p1a: Rotom|100\/100|[from] item: Leftovers\n|upkeep\n|turn|10\n|\n|t:|1658943536\n|switch|p1a: Landorus|Landorus-Therian, M|69\/100\n|-damage|p1a: Landorus|57\/100|[from] Stealth Rock\n|-ability|p1a: Landorus|Intimidate|boost\n|-unboost|p2a: Zapdos|atk|1\n|move|p2a: Zapdos|Roost|p2a: Zapdos\n|-heal|p2a: Zapdos|100\/100\n|-singleturn|p2a: Zapdos|move: Roost\n|\n|-heal|p1a: Landorus|63\/100|[from] item: Leftovers\n|upkeep\n|turn|11\n|\n|t:|1658943538\n|move|p2a: Zapdos|Hurricane|p1a: Landorus\n|-damage|p1a: Landorus|18\/100\n|move|p1a: Landorus|Knock Off|p2a: Zapdos\n|-damage|p2a: Zapdos|69\/100\n|-status|p1a: Landorus|par|[from] ability: Static|[of] p2a: Zapdos\n|-enditem|p2a: Zapdos|Heavy-Duty Boots|[from] move: Knock Off|[of] p1a: Landorus\n|\n|-heal|p1a: Landorus|24\/100 par|[from] item: Leftovers\n|upkeep\n|turn|12\n|\n|t:|1658943545\n|move|p2a: Zapdos|Roost|p2a: Zapdos\n|-heal|p2a: Zapdos|100\/100\n|-singleturn|p2a: Zapdos|move: Roost\n|move|p1a: Landorus|Earthquake|p2a: Zapdos\n|-supereffective|p2a: Zapdos\n|-damage|p2a: Zapdos|0 fnt\n|faint|p2a: Zapdos\n|\n|-heal|p1a: Landorus|30\/100 par|[from] item: Leftovers\n|upkeep\n|\n|t:|1658943550\n|switch|p2a: Volcanion|Volcanion|100\/100\n|turn|13\n|\n|t:|1658943553\n|move|p2a: Volcanion|Steam Eruption|p1a: Landorus\n|-supereffective|p1a: Landorus\n|-damage|p1a: Landorus|0 fnt\n|faint|p1a: Landorus\n|\n|upkeep\n|\n|t:|1658943556\n|switch|p1a: Rotom|Rotom-Wash|100\/100\n|-damage|p1a: Rotom|88\/100|[from] Stealth Rock\n|turn|14\n|inactive|30orless has 120 seconds left.\n|\n|t:|1658943587\n|move|p1a: Rotom|Volt Switch|p2a: Volcanion\n|-supereffective|p2a: Volcanion\n|-crit|p2a: Volcanion\n|-damage|p2a: Volcanion|20\/100\n|\n|t:|1658943593\n|switch|p1a: Melmetal|Melmetal|100\/100|[from]move: Volt Switch\n|-damage|p1a: Melmetal|94\/100|[from] Stealth Rock\n|move|p2a: Volcanion|Steam Eruption|p1a: Melmetal\n|-damage|p1a: Melmetal|39\/100\n|-status|p1a: Melmetal|brn\n|\n|-damage|p1a: Melmetal|32\/100 brn|[from] brn\n|upkeep\n|turn|15\n|\n|t:|1658943599\n|move|p2a: Volcanion|Steam Eruption|p1a: Melmetal\n|-damage|p1a: Melmetal|0 fnt\n|faint|p1a: Melmetal\n|\n|upkeep\n|\n|t:|1658943604\n|switch|p1a: Kartana|Kartana|100\/100\n|-damage|p1a: Kartana|94\/100|[from] Stealth Rock\n|turn|16\n|\n|t:|1658943613\n|switch|p2a: Blaziken|Blaziken, F|100\/100\n|-damage|p2a: Blaziken|88\/100|[from] Stealth Rock\n|move|p1a: Kartana|Sacred Sword|p2a: Blaziken\n|-damage|p2a: Blaziken|28\/100\n|\n|upkeep\n|turn|17\n|\n|t:|1658943617\n|move|p2a: Blaziken|Vacuum Wave|p1a: Kartana\n|-supereffective|p1a: Kartana\n|-damage|p1a: Kartana|0 fnt\n|faint|p1a: Kartana\n|-damage|p2a: Blaziken|18\/100|[from] item: Life Orb\n|\n|-ability|p2a: Blaziken|Speed Boost|boost\n|-boost|p2a: Blaziken|spe|1\n|upkeep\n|\n|t:|1658943623\n|switch|p1a: Tapu Lele|Tapu Lele|54\/100\n|-damage|p1a: Tapu Lele|42\/100|[from] Stealth Rock\n|-fieldstart|move: Psychic Terrain|[from] ability: Psychic Surge|[of] p1a: Tapu Lele\n|turn|18\n|\n|t:|1658943629\n|move|p2a: Blaziken|Knock Off|p1a: Tapu Lele\n|-damage|p1a: Tapu Lele|0 fnt\n|-enditem|p1a: Tapu Lele|Choice Specs|[from] move: Knock Off|[of] p2a: Blaziken\n|faint|p1a: Tapu Lele\n|-damage|p2a: Blaziken|8\/100|[from] item: Life Orb\n|\n|-ability|p2a: Blaziken|Speed Boost|boost\n|-boost|p2a: Blaziken|spe|1\n|upkeep\n|\n|t:|1658943636\n|switch|p1a: Rotom|Rotom-Wash|88\/100\n|-damage|p1a: Rotom|75\/100|[from] Stealth Rock\n|turn|19\n|\n|t:|1658943642\n|move|p2a: Blaziken|Knock Off|p1a: Rotom\n|-damage|p1a: Rotom|36\/100\n|-enditem|p1a: Rotom|Leftovers|[from] move: Knock Off|[of] p2a: Blaziken\n|-damage|p2a: Blaziken|0 fnt|[from] item: Life Orb\n|faint|p2a: Blaziken\n|move|p1a: Rotom|Volt Switch|p2: Blaziken|[notarget]\n|-fail|p1a: Rotom\n|\n|upkeep\n|\n|t:|1658943652\n|switch|p2a: Mamoswine|Mamoswine, F|77\/100\n|-damage|p2a: Mamoswine|64\/100|[from] Stealth Rock\n|turn|20\n|\n|t:|1658943656\n|move|p2a: Mamoswine|Icicle Crash|p1a: Rotom\n|-resisted|p1a: Rotom\n|-damage|p1a: Rotom|11\/100\n|cant|p1a: Rotom|flinch\n|\n|upkeep\n|turn|21\n|\n|t:|1658943664\n|move|p2a: Mamoswine|Icicle Crash|p1a: Rotom\n|-resisted|p1a: Rotom\n|-damage|p1a: Rotom|0 fnt\n|faint|p1a: Rotom\n|\n|upkeep\n|\n|t:|1658943666\n|switch|p1a: Tapu Fini|Tapu Fini|89\/100\n|-damage|p1a: Tapu Fini|77\/100|[from] Stealth Rock\n|-fieldstart|move: Misty Terrain|[from] ability: Misty Surge|[of] p1a: Tapu Fini\n|turn|22\n|\n|t:|1658943667\n|move|p2a: Mamoswine|Earthquake|p1a: Tapu Fini\n|-damage|p1a: Tapu Fini|34\/100\n|move|p1a: Tapu Fini|Calm Mind|p1a: Tapu Fini\n|-boost|p1a: Tapu Fini|spa|1\n|-boost|p1a: Tapu Fini|spd|1\n|\n|-heal|p1a: Tapu Fini|40\/100|[from] item: Leftovers\n|upkeep\n|turn|23\n|\n|t:|1658943670\n|move|p2a: Mamoswine|Earthquake|p1a: Tapu Fini\n|-damage|p1a: Tapu Fini|0 fnt\n|faint|p1a: Tapu Fini\n|\n|win|30orless\n|raw|alvar03's rating: 1756 &rarr; <strong>1732<\/strong><br \/>(-24 for losing)\n|raw|30orless's rating: 1677 &rarr; <strong>1701<\/strong><br \/>(+24 for winning)\n|l|\u2606alvar03\n","uploadtime":1658943677,"views":37,"p1id":"alvar03","p2id":"30orless","formatid":"gen8ou","rating":1701,"private":0,"password":null}