{"id":"gen8ou-1118151074","p1":"FN Yeeted","p2":"testotesto321","format":"gen8ou","log":"|j|\u2606FN Yeeted\n|j|\u2606testotesto321\n|player|p1|FN Yeeted|169|1644\n|player|p2|testotesto321|bellelba|1662\n|teamsize|p1|6\n|teamsize|p2|6\n|gametype|singles\n|gen|8\n|tier|[Gen 8] OU\n|rated|\n|html|<div class=\"broadcast-blue\"><strong>OU is currently suspecting Dracovish! For information on how to participate check out the <a href=\"https:\/\/www.smogon.com\/forums\/threads\/3664521\/\">suspect thread<\/a>.<\/strong><\/div>\n|clearpoke\n|poke|p1|Heliolisk, F|\n|poke|p1|Torkoal, M|\n|poke|p1|Toxapex, F|\n|poke|p1|Hawlucha, M|\n|poke|p1|Celebi|\n|poke|p1|Corviknight, F|\n|poke|p2|Gengar, F|\n|poke|p2|Zeraora|\n|poke|p2|Clefable, F|\n|poke|p2|Hippowdon, M|\n|poke|p2|Corviknight, F|\n|poke|p2|Toxapex, F|\n|rule|Sleep Clause Mod: Limit one foe put to sleep\n|rule|Species Clause: Limit one of each Pok\u00e9mon\n|rule|OHKO Clause: OHKO moves are banned\n|rule|Evasion Moves Clause: Evasion moves are banned\n|rule|Endless Battle Clause: Forcing endless battles is banned\n|rule|HP Percentage Mod: HP is shown in percentages\n|rule|Dynamax Clause: You cannot dynamax\n|teampreview\n|inactive|Battle timer is ON: inactive players will automatically lose when time's up. (requested by testotesto321)\n|\n|start\n|switch|p1a: Toxapex|Toxapex, F|100\/100\n|switch|p2a: Gengar|Gengar, F|100\/100\n|turn|1\n|\n|switch|p2a: Corviknight|Corviknight, F, shiny|100\/100\n|-ability|p2a: Corviknight|Pressure\n|move|p1a: Toxapex|Knock Off|p2a: Corviknight\n|-damage|p2a: Corviknight|88\/100\n|-enditem|p2a: Corviknight|Leftovers|[from] move: Knock Off|[of] p1a: Toxapex\n|\n|upkeep\n|turn|2\n|\n|switch|p1a: Torkoal|Torkoal, M|100\/100\n|-weather|SunnyDay|[from] ability: Drought|[of] p1a: Torkoal\n|move|p2a: Corviknight|U-turn|p1a: Torkoal\n|-resisted|p1a: Torkoal\n|-damage|p1a: Torkoal|96\/100\n|\n|switch|p2a: Gengar|Gengar, F|100\/100|[from]move: U-turn\n|\n|-weather|SunnyDay|[upkeep]\n|upkeep\n|turn|3\n|\n|switch|p1a: Toxapex|Toxapex, F|100\/100\n|move|p2a: Gengar|Sludge Wave|p1a: Toxapex\n|-resisted|p1a: Toxapex\n|-damage|p1a: Toxapex|75\/100\n|\n|-weather|SunnyDay|[upkeep]\n|-heal|p1a: Toxapex|81\/100|[from] item: Black Sludge\n|upkeep\n|turn|4\n|\n|switch|p2a: Corviknight|Corviknight, F, shiny|88\/100\n|-ability|p2a: Corviknight|Pressure\n|switch|p1a: Torkoal|Torkoal, M|96\/100\n|\n|-weather|SunnyDay|[upkeep]\n|upkeep\n|turn|5\n|\n|switch|p2a: Toxapex|Toxapex, F, shiny|100\/100\n|move|p1a: Torkoal|Yawn|p2a: Toxapex\n|-start|p2a: Toxapex|move: Yawn|[of] p1a: Torkoal\n|\n|-weather|SunnyDay|[upkeep]\n|upkeep\n|turn|6\n|\n|switch|p2a: Hippowdon|Hippowdon, M|100\/100\n|-weather|Sandstorm|[from] ability: Sand Stream|[of] p2a: Hippowdon\n|move|p1a: Torkoal|Stealth Rock|p2a: Hippowdon\n|-sidestart|p2: testotesto321|move: Stealth Rock\n|\n|-weather|Sandstorm|[upkeep]\n|-damage|p1a: Torkoal|90\/100|[from] Sandstorm\n|upkeep\n|turn|7\n|\n|move|p2a: Hippowdon|Stealth Rock|p1a: Torkoal\n|-sidestart|p1: FN Yeeted|move: Stealth Rock\n|move|p1a: Torkoal|Yawn|p2a: Hippowdon\n|-start|p2a: Hippowdon|move: Yawn|[of] p1a: Torkoal\n|\n|-weather|Sandstorm|[upkeep]\n|-damage|p1a: Torkoal|84\/100|[from] Sandstorm\n|upkeep\n|turn|8\n|\n|switch|p2a: Toxapex|Toxapex, F, shiny|100\/100\n|-damage|p2a: Toxapex|88\/100|[from] Stealth Rock\n|move|p1a: Torkoal|Lava Plume|p2a: Toxapex\n|-resisted|p2a: Toxapex\n|-damage|p2a: Toxapex|78\/100\n|\n|-weather|Sandstorm|[upkeep]\n|-damage|p2a: Toxapex|72\/100|[from] Sandstorm\n|-damage|p1a: Torkoal|78\/100|[from] Sandstorm\n|-heal|p2a: Toxapex|78\/100|[from] item: Black Sludge\n|upkeep\n|turn|9\n|\n|move|p2a: Toxapex|Toxic|p1a: Torkoal\n|-status|p1a: Torkoal|tox\n|move|p1a: Torkoal|Rapid Spin|p2a: Toxapex\n|-damage|p2a: Toxapex|74\/100\n|-boost|p1a: Torkoal|spe|1\n|-sideend|p1: FN Yeeted|Stealth Rock|[from] move: Rapid Spin|[of] p1a: Torkoal\n|\n|-weather|Sandstorm|[upkeep]\n|-damage|p1a: Torkoal|72\/100 tox|[from] Sandstorm\n|-damage|p2a: Toxapex|67\/100|[from] Sandstorm\n|-heal|p2a: Toxapex|74\/100|[from] item: Black Sludge\n|-damage|p1a: Torkoal|66\/100 tox|[from] psn\n|upkeep\n|turn|10\n|\n|switch|p1a: Heliolisk|Heliolisk, F|100\/100\n|switch|p2a: Corviknight|Corviknight, F, shiny|88\/100\n|-damage|p2a: Corviknight|75\/100|[from] Stealth Rock\n|-ability|p2a: Corviknight|Pressure\n|\n|-weather|none\n|upkeep\n|turn|11\n|\n|move|p1a: Heliolisk|Hyper Voice|p2a: Corviknight\n|-resisted|p2a: Corviknight\n|-damage|p2a: Corviknight|53\/100\n|move|p2a: Corviknight|Defog|p1a: Heliolisk\n|-unboost|p1a: Heliolisk|evasion|1\n|-sideend|p2: testotesto321|Stealth Rock|[from] move: Defog|[of] p2a: Corviknight\n|\n|upkeep\n|turn|12\n|inactive|FN Yeeted has 120 seconds left.\n|\n|switch|p2a: Zeraora|Zeraora|100\/100\n|move|p1a: Heliolisk|Hyper Voice|p2a: Zeraora\n|-damage|p2a: Zeraora|19\/100\n|\n|upkeep\n|turn|13\n|inactive|FN Yeeted has 120 seconds left.\n|\n|switch|p2a: Gengar|Gengar, F|100\/100\n|switch|p1a: Toxapex|Toxapex, F|100\/100\n|\n|upkeep\n|turn|14\n|\n|switch|p2a: Corviknight|Corviknight, F, shiny|53\/100\n|-ability|p2a: Corviknight|Pressure\n|move|p1a: Toxapex|Knock Off|p2a: Corviknight\n|-damage|p2a: Corviknight|44\/100\n|\n|upkeep\n|turn|15\n|\n|switch|p1a: Torkoal|Torkoal, M|66\/100 tox\n|-weather|SunnyDay|[from] ability: Drought|[of] p1a: Torkoal\n|move|p2a: Corviknight|Roost|p2a: Corviknight\n|-heal|p2a: Corviknight|94\/100\n|-singleturn|p2a: Corviknight|move: Roost\n|\n|-weather|SunnyDay|[upkeep]\n|-damage|p1a: Torkoal|60\/100 tox|[from] psn\n|upkeep\n|turn|16\n|\n|move|p2a: Corviknight|U-turn|p1a: Torkoal\n|-resisted|p1a: Torkoal\n|-damage|p1a: Torkoal|56\/100 tox\n|\n|switch|p2a: Gengar|Gengar, F|100\/100|[from]move: U-turn\n|move|p1a: Torkoal|Yawn|p2a: Gengar\n|-start|p2a: Gengar|move: Yawn|[of] p1a: Torkoal\n|\n|-weather|SunnyDay|[upkeep]\n|-damage|p1a: Torkoal|44\/100 tox|[from] psn\n|upkeep\n|turn|17\n|\n|switch|p2a: Corviknight|Corviknight, F, shiny|94\/100\n|-ability|p2a: Corviknight|Pressure\n|move|p1a: Torkoal|Stealth Rock|p2a: Corviknight\n|-sidestart|p2: testotesto321|move: Stealth Rock\n|\n|-weather|SunnyDay|[upkeep]\n|-damage|p1a: Torkoal|25\/100 tox|[from] psn\n|upkeep\n|turn|18\n|\n|move|p2a: Corviknight|Defog|p1a: Torkoal\n|-unboost|p1a: Torkoal|evasion|1\n|-sideend|p2: testotesto321|Stealth Rock|[from] move: Defog|[of] p2a: Corviknight\n|move|p1a: Torkoal|Lava Plume|p2a: Corviknight\n|-supereffective|p2a: Corviknight\n|-damage|p2a: Corviknight|41\/100\n|-status|p2a: Corviknight|brn\n|\n|-weather|SunnyDay|[upkeep]\n|-damage|p2a: Corviknight|35\/100 brn|[from] brn\n|-damage|p1a: Torkoal|1\/100 tox|[from] psn\n|upkeep\n|turn|19\n|\n|move|p2a: Corviknight|Defog|p1a: Torkoal\n|-unboost|p1a: Torkoal|evasion|1\n|move|p1a: Torkoal|Stealth Rock|p2a: Corviknight\n|-sidestart|p2: testotesto321|move: Stealth Rock\n|\n|-weather|none\n|-damage|p2a: Corviknight|29\/100 brn|[from] brn\n|-damage|p1a: Torkoal|0 fnt|[from] psn\n|faint|p1a: Torkoal\n|upkeep\n|\n|switch|p1a: Heliolisk|Heliolisk, F|100\/100\n|turn|20\n|\n|switch|p2a: Hippowdon|Hippowdon, M|100\/100\n|-damage|p2a: Hippowdon|94\/100|[from] Stealth Rock\n|-weather|Sandstorm|[from] ability: Sand Stream|[of] p2a: Hippowdon\n|move|p1a: Heliolisk|Thunderbolt|p2a: Hippowdon\n|-immune|p2a: Hippowdon\n|\n|-weather|Sandstorm|[upkeep]\n|-damage|p1a: Heliolisk|94\/100|[from] Sandstorm\n|upkeep\n|turn|21\n|\n|switch|p1a: Celebi|Celebi|100\/100\n|switch|p2a: Corviknight|Corviknight, F, shiny|29\/100 brn\n|-damage|p2a: Corviknight|16\/100 brn|[from] Stealth Rock\n|-ability|p2a: Corviknight|Pressure\n|\n|-weather|Sandstorm|[upkeep]\n|-damage|p1a: Celebi|94\/100|[from] Sandstorm\n|-heal|p1a: Celebi|100\/100|[from] item: Leftovers\n|-damage|p2a: Corviknight|10\/100 brn|[from] brn\n|upkeep\n|turn|22\n|\n|move|p1a: Celebi|Aura Sphere|p2a: Corviknight\n|-damage|p2a: Corviknight|0 fnt\n|faint|p2a: Corviknight\n|\n|-weather|Sandstorm|[upkeep]\n|-damage|p1a: Celebi|94\/100|[from] Sandstorm\n|-heal|p1a: Celebi|100\/100|[from] item: Leftovers\n|upkeep\n|\n|switch|p2a: Gengar|Gengar, F|100\/100\n|-damage|p2a: Gengar|88\/100|[from] Stealth Rock\n|turn|23\n|\n|switch|p1a: Toxapex|Toxapex, F|100\/100\n|move|p2a: Gengar|Sludge Wave|p1a: Toxapex\n|-resisted|p1a: Toxapex\n|-damage|p1a: Toxapex|75\/100\n|\n|-weather|Sandstorm|[upkeep]\n|-damage|p2a: Gengar|82\/100|[from] Sandstorm\n|-damage|p1a: Toxapex|69\/100|[from] Sandstorm\n|-heal|p1a: Toxapex|75\/100|[from] item: Black Sludge\n|upkeep\n|turn|24\n|\n|switch|p2a: Clefable|Clefable, F, shiny|100\/100\n|move|p1a: Toxapex|Knock Off|p2a: Clefable\n|-resisted|p2a: Clefable\n|-damage|p2a: Clefable|92\/100\n|-enditem|p2a: Clefable|Life Orb|[from] move: Knock Off|[of] p1a: Toxapex\n|\n|-weather|none\n|-heal|p1a: Toxapex|81\/100|[from] item: Black Sludge\n|upkeep\n|turn|25\n|\n|switch|p1a: Heliolisk|Heliolisk, F|94\/100\n|move|p2a: Clefable|Thunder Wave|p1a: Heliolisk\n|-immune|p1a: Heliolisk\n|\n|upkeep\n|turn|26\n|\n|move|p1a: Heliolisk|Hyper Voice|p2a: Clefable\n|-damage|p2a: Clefable|25\/100\n|move|p2a: Clefable|Moonblast|p1a: Heliolisk\n|-damage|p1a: Heliolisk|36\/100\n|\n|upkeep\n|turn|27\n|\n|switch|p2a: Gengar|Gengar, F|82\/100\n|-damage|p2a: Gengar|70\/100|[from] Stealth Rock\n|move|p1a: Heliolisk|Hyper Voice|p2a: Gengar\n|-immune|p2a: Gengar\n|\n|upkeep\n|turn|28\n|\n|switch|p1a: Toxapex|Toxapex, F|100\/100\n|move|p2a: Gengar|Shadow Ball|p1a: Toxapex\n|-damage|p1a: Toxapex|51\/100\n|\n|-heal|p1a: Toxapex|57\/100|[from] item: Black Sludge\n|upkeep\n|turn|29\n|\n|switch|p2a: Zeraora|Zeraora|19\/100\n|-damage|p2a: Zeraora|7\/100|[from] Stealth Rock\n|switch|p1a: Heliolisk|Heliolisk, F|36\/100\n|\n|upkeep\n|turn|30\n|inactive|FN Yeeted has 120 seconds left.\n|\n|move|p2a: Zeraora|Plasma Fists|p1a: Heliolisk\n|-resisted|p1a: Heliolisk\n|-damage|p1a: Heliolisk|0 fnt\n|-fieldactivate|move: Ion Deluge\n|faint|p1a: Heliolisk\n|\n|upkeep\n|\n|switch|p1a: Celebi|Celebi|100\/100\n|turn|31\n|\n|move|p2a: Zeraora|Plasma Fists|p1a: Celebi\n|-resisted|p1a: Celebi\n|-crit|p1a: Celebi\n|-damage|p1a: Celebi|63\/100\n|-fieldactivate|move: Ion Deluge\n|move|p1a: Celebi|Psychic|p2a: Zeraora\n|-damage|p2a: Zeraora|0 fnt\n|faint|p2a: Zeraora\n|\n|-heal|p1a: Celebi|69\/100|[from] item: Leftovers\n|upkeep\n|\n|switch|p2a: Gengar|Gengar, F|70\/100\n|-damage|p2a: Gengar|58\/100|[from] Stealth Rock\n|turn|32\n|\n|switch|p1a: Toxapex|Toxapex, F|90\/100\n|move|p2a: Gengar|Shadow Ball|p1a: Toxapex\n|-damage|p1a: Toxapex|42\/100\n|-unboost|p1a: Toxapex|spd|1\n|\n|-heal|p1a: Toxapex|48\/100|[from] item: Black Sludge\n|upkeep\n|turn|33\n|inactive|FN Yeeted has 120 seconds left.\n|\n|switch|p1a: Hawlucha|Hawlucha, M|100\/100\n|move|p2a: Gengar|Shadow Ball|p1a: Hawlucha\n|-damage|p1a: Hawlucha|0 fnt\n|faint|p1a: Hawlucha\n|\n|upkeep\n|inactive|FN Yeeted has 120 seconds left.\n|\n|switch|p1a: Corviknight|Corviknight, F|100\/100\n|-ability|p1a: Corviknight|Pressure\n|turn|34\n|\n|switch|p2a: Hippowdon|Hippowdon, M|94\/100\n|-damage|p2a: Hippowdon|88\/100|[from] Stealth Rock\n|-weather|Sandstorm|[from] ability: Sand Stream|[of] p2a: Hippowdon\n|move|p1a: Corviknight|Agility|p1a: Corviknight\n|-boost|p1a: Corviknight|spe|2\n|\n|-weather|Sandstorm|[upkeep]\n|upkeep\n|turn|35\n|\n|switch|p2a: Toxapex|Toxapex, F, shiny|100\/100\n|-damage|p2a: Toxapex|88\/100|[from] Stealth Rock\n|move|p1a: Corviknight|Bulk Up|p1a: Corviknight\n|-boost|p1a: Corviknight|atk|1\n|-boost|p1a: Corviknight|def|1\n|\n|-weather|Sandstorm|[upkeep]\n|-damage|p2a: Toxapex|82\/100|[from] Sandstorm\n|-heal|p2a: Toxapex|88\/100|[from] item: Black Sludge\n|upkeep\n|turn|36\n|\n|switch|p1a: Celebi|Celebi|69\/100\n|move|p2a: Toxapex|Haze|p2a: Toxapex\n|-clearallboost\n|\n|-weather|Sandstorm|[upkeep]\n|-damage|p1a: Celebi|63\/100|[from] Sandstorm\n|-damage|p2a: Toxapex|82\/100|[from] Sandstorm\n|-heal|p1a: Celebi|69\/100|[from] item: Leftovers\n|-heal|p2a: Toxapex|88\/100|[from] item: Black Sludge\n|upkeep\n|turn|37\n|\n|switch|p2a: Clefable|Clefable, F, shiny|25\/100\n|move|p1a: Celebi|Psychic|p2a: Clefable\n|-damage|p2a: Clefable|0 fnt\n|faint|p2a: Clefable\n|\n|-weather|Sandstorm|[upkeep]\n|-damage|p1a: Celebi|63\/100|[from] Sandstorm\n|-heal|p1a: Celebi|69\/100|[from] item: Leftovers\n|upkeep\n|\n|switch|p2a: Gengar|Gengar, F|58\/100\n|-damage|p2a: Gengar|45\/100|[from] Stealth Rock\n|turn|38\n|inactive|FN Yeeted has 120 seconds left.\n|\n|switch|p1a: Toxapex|Toxapex, F|81\/100\n|move|p2a: Gengar|Shadow Ball|p1a: Toxapex\n|-damage|p1a: Toxapex|37\/100\n|\n|-weather|none\n|-heal|p1a: Toxapex|44\/100|[from] item: Black Sludge\n|upkeep\n|turn|39\n|inactive|FN Yeeted has 120 seconds left.\n|\n|switch|p1a: Corviknight|Corviknight, F|100\/100\n|-ability|p1a: Corviknight|Pressure\n|move|p2a: Gengar|Shadow Ball|p1a: Corviknight\n|-damage|p1a: Corviknight|47\/100\n|\n|-heal|p1a: Corviknight|53\/100|[from] item: Leftovers\n|upkeep\n|turn|40\n|\n|move|p2a: Gengar|Shadow Ball|p1a: Corviknight\n|-damage|p1a: Corviknight|0 fnt\n|faint|p1a: Corviknight\n|\n|upkeep\n|\n|switch|p1a: Toxapex|Toxapex, F|77\/100\n|turn|41\n|\n|switch|p2a: Hippowdon|Hippowdon, M|88\/100\n|-damage|p2a: Hippowdon|82\/100|[from] Stealth Rock\n|-weather|Sandstorm|[from] ability: Sand Stream|[of] p2a: Hippowdon\n|switch|p1a: Celebi|Celebi|69\/100\n|\n|-weather|Sandstorm|[upkeep]\n|-damage|p1a: Celebi|63\/100|[from] Sandstorm\n|-heal|p1a: Celebi|69\/100|[from] item: Leftovers\n|upkeep\n|turn|42\n|\n|move|p1a: Celebi|Calm Mind|p1a: Celebi\n|-boost|p1a: Celebi|spa|1\n|-boost|p1a: Celebi|spd|1\n|move|p2a: Hippowdon|Stealth Rock|p1a: Celebi\n|-sidestart|p1: FN Yeeted|move: Stealth Rock\n|\n|-weather|Sandstorm|[upkeep]\n|-damage|p1a: Celebi|63\/100|[from] Sandstorm\n|-heal|p1a: Celebi|69\/100|[from] item: Leftovers\n|upkeep\n|turn|43\n|\n|move|p1a: Celebi|Giga Drain|p2a: Hippowdon\n|-supereffective|p2a: Hippowdon\n|-damage|p2a: Hippowdon|0 fnt\n|-heal|p1a: Celebi|100\/100|[from] drain|[of] p2a: Hippowdon\n|faint|p2a: Hippowdon\n|\n|-weather|Sandstorm|[upkeep]\n|-damage|p1a: Celebi|94\/100|[from] Sandstorm\n|-heal|p1a: Celebi|100\/100|[from] item: Leftovers\n|upkeep\n|\n|switch|p2a: Gengar|Gengar, F|45\/100\n|-damage|p2a: Gengar|33\/100|[from] Stealth Rock\n|turn|44\n|\n|move|p2a: Gengar|Sludge Wave|p1a: Celebi\n|-supereffective|p1a: Celebi\n|-damage|p1a: Celebi|0 fnt\n|faint|p1a: Celebi\n|\n|-weather|Sandstorm|[upkeep]\n|-damage|p2a: Gengar|27\/100|[from] Sandstorm\n|upkeep\n|\n|switch|p1a: Toxapex|Toxapex, F|100\/100\n|-damage|p1a: Toxapex|88\/100|[from] Stealth Rock\n|turn|45\n|\n|switch|p2a: Toxapex|Toxapex, F, shiny|100\/100\n|-damage|p2a: Toxapex|88\/100|[from] Stealth Rock\n|move|p1a: Toxapex|Knock Off|p2a: Toxapex\n|-damage|p2a: Toxapex|79\/100\n|-enditem|p2a: Toxapex|Black Sludge|[from] move: Knock Off|[of] p1a: Toxapex\n|\n|-weather|none\n|-heal|p1a: Toxapex|94\/100|[from] item: Black Sludge\n|upkeep\n|turn|46\n|\n|move|p2a: Toxapex|Scald|p1a: Toxapex\n|-resisted|p1a: Toxapex\n|-damage|p1a: Toxapex|88\/100\n|move|p1a: Toxapex|Haze|p1a: Toxapex\n|-clearallboost\n|\n|-heal|p1a: Toxapex|95\/100|[from] item: Black Sludge\n|upkeep\n|turn|47\n|\n|move|p1a: Toxapex|Haze|p1a: Toxapex\n|-clearallboost\n|move|p2a: Toxapex|Scald|p1a: Toxapex\n|-resisted|p1a: Toxapex\n|-damage|p1a: Toxapex|89\/100\n|-status|p1a: Toxapex|brn\n|\n|-heal|p1a: Toxapex|95\/100 brn|[from] item: Black Sludge\n|-damage|p1a: Toxapex|89\/100 brn|[from] brn\n|upkeep\n|turn|48\n|\n|move|p2a: Toxapex|Haze|p2a: Toxapex\n|-clearallboost\n|move|p1a: Toxapex|Haze|p1a: Toxapex\n|-clearallboost\n|\n|-heal|p1a: Toxapex|95\/100 brn|[from] item: Black Sludge\n|-damage|p1a: Toxapex|89\/100 brn|[from] brn\n|upkeep\n|turn|49\n|\n|move|p2a: Toxapex|Haze|p2a: Toxapex\n|-clearallboost\n|move|p1a: Toxapex|Haze|p1a: Toxapex\n|-clearallboost\n|\n|-heal|p1a: Toxapex|95\/100 brn|[from] item: Black Sludge\n|-damage|p1a: Toxapex|89\/100 brn|[from] brn\n|upkeep\n|turn|50\n|\n|move|p2a: Toxapex|Haze|p2a: Toxapex\n|-clearallboost\n|move|p1a: Toxapex|Haze|p1a: Toxapex\n|-clearallboost\n|\n|-heal|p1a: Toxapex|95\/100 brn|[from] item: Black Sludge\n|-damage|p1a: Toxapex|89\/100 brn|[from] brn\n|upkeep\n|turn|51\n|\n|move|p1a: Toxapex|Haze|p1a: Toxapex\n|-clearallboost\n|move|p2a: Toxapex|Scald|p1a: Toxapex\n|-resisted|p1a: Toxapex\n|-damage|p1a: Toxapex|83\/100 brn\n|\n|-heal|p1a: Toxapex|89\/100 brn|[from] item: Black Sludge\n|-damage|p1a: Toxapex|83\/100 brn|[from] brn\n|upkeep\n|turn|52\n|\n|move|p1a: Toxapex|Haze|p1a: Toxapex\n|-clearallboost\n|move|p2a: Toxapex|Haze|p2a: Toxapex\n|-clearallboost\n|\n|-heal|p1a: Toxapex|89\/100 brn|[from] item: Black Sludge\n|-damage|p1a: Toxapex|83\/100 brn|[from] brn\n|upkeep\n|turn|53\n|\n|move|p1a: Toxapex|Haze|p1a: Toxapex\n|-clearallboost\n|move|p2a: Toxapex|Haze|p2a: Toxapex\n|-clearallboost\n|\n|-heal|p1a: Toxapex|89\/100 brn|[from] item: Black Sludge\n|-damage|p1a: Toxapex|83\/100 brn|[from] brn\n|upkeep\n|turn|54\n|\n|move|p1a: Toxapex|Haze|p1a: Toxapex\n|-clearallboost\n|move|p2a: Toxapex|Haze|p2a: Toxapex\n|-clearallboost\n|\n|-heal|p1a: Toxapex|89\/100 brn|[from] item: Black Sludge\n|-damage|p1a: Toxapex|83\/100 brn|[from] brn\n|upkeep\n|turn|55\n|\n|move|p2a: Toxapex|Haze|p2a: Toxapex\n|-clearallboost\n|move|p1a: Toxapex|Haze|p1a: Toxapex\n|-clearallboost\n|\n|-heal|p1a: Toxapex|89\/100 brn|[from] item: Black Sludge\n|-damage|p1a: Toxapex|83\/100 brn|[from] brn\n|upkeep\n|turn|56\n|\n|move|p1a: Toxapex|Haze|p1a: Toxapex\n|-clearallboost\n|move|p2a: Toxapex|Haze|p2a: Toxapex\n|-clearallboost\n|\n|-heal|p1a: Toxapex|89\/100 brn|[from] item: Black Sludge\n|-damage|p1a: Toxapex|83\/100 brn|[from] brn\n|upkeep\n|turn|57\n|\n|move|p2a: Toxapex|Haze|p2a: Toxapex\n|-clearallboost\n|move|p1a: Toxapex|Haze|p1a: Toxapex\n|-clearallboost\n|\n|-heal|p1a: Toxapex|89\/100 brn|[from] item: Black Sludge\n|-damage|p1a: Toxapex|83\/100 brn|[from] brn\n|upkeep\n|turn|58\n|\n|move|p1a: Toxapex|Haze|p1a: Toxapex\n|-clearallboost\n|move|p2a: Toxapex|Haze|p2a: Toxapex\n|-clearallboost\n|\n|-heal|p1a: Toxapex|89\/100 brn|[from] item: Black Sludge\n|-damage|p1a: Toxapex|83\/100 brn|[from] brn\n|upkeep\n|turn|59\n|\n|move|p1a: Toxapex|Haze|p1a: Toxapex\n|-clearallboost\n|move|p2a: Toxapex|Haze|p2a: Toxapex\n|-clearallboost\n|\n|-heal|p1a: Toxapex|89\/100 brn|[from] item: Black Sludge\n|-damage|p1a: Toxapex|83\/100 brn|[from] brn\n|upkeep\n|turn|60\n|\n|move|p1a: Toxapex|Haze|p1a: Toxapex\n|-clearallboost\n|move|p2a: Toxapex|Haze|p2a: Toxapex\n|-clearallboost\n|\n|-heal|p1a: Toxapex|89\/100 brn|[from] item: Black Sludge\n|-damage|p1a: Toxapex|83\/100 brn|[from] brn\n|upkeep\n|turn|61\n|\n|move|p1a: Toxapex|Knock Off|p2a: Toxapex\n|-damage|p2a: Toxapex|76\/100\n|move|p2a: Toxapex|Haze|p2a: Toxapex\n|-clearallboost\n|\n|-heal|p1a: Toxapex|89\/100 brn|[from] item: Black Sludge\n|-damage|p1a: Toxapex|83\/100 brn|[from] brn\n|upkeep\n|turn|62\n|\n|move|p2a: Toxapex|Haze|p2a: Toxapex\n|-clearallboost\n|move|p1a: Toxapex|Haze|p1a: Toxapex\n|-clearallboost\n|\n|-heal|p1a: Toxapex|89\/100 brn|[from] item: Black Sludge\n|-damage|p1a: Toxapex|83\/100 brn|[from] brn\n|upkeep\n|turn|63\n|\n|move|p2a: Toxapex|Haze|p2a: Toxapex\n|-clearallboost\n|move|p1a: Toxapex|Haze|p1a: Toxapex\n|-clearallboost\n|\n|-heal|p1a: Toxapex|89\/100 brn|[from] item: Black Sludge\n|-damage|p1a: Toxapex|83\/100 brn|[from] brn\n|upkeep\n|turn|64\n|\n|move|p2a: Toxapex|Haze|p2a: Toxapex\n|-clearallboost\n|move|p1a: Toxapex|Haze|p1a: Toxapex\n|-clearallboost\n|\n|-heal|p1a: Toxapex|89\/100 brn|[from] item: Black Sludge\n|-damage|p1a: Toxapex|83\/100 brn|[from] brn\n|upkeep\n|turn|65\n|\n|move|p1a: Toxapex|Knock Off|p2a: Toxapex\n|-damage|p2a: Toxapex|73\/100\n|move|p2a: Toxapex|Haze|p2a: Toxapex\n|-clearallboost\n|\n|-heal|p1a: Toxapex|89\/100 brn|[from] item: Black Sludge\n|-damage|p1a: Toxapex|83\/100 brn|[from] brn\n|upkeep\n|turn|66\n|\n|move|p2a: Toxapex|Scald|p1a: Toxapex\n|-resisted|p1a: Toxapex\n|-damage|p1a: Toxapex|76\/100 brn\n|move|p1a: Toxapex|Knock Off|p2a: Toxapex\n|-damage|p2a: Toxapex|69\/100\n|\n|-heal|p1a: Toxapex|82\/100 brn|[from] item: Black Sludge\n|-damage|p1a: Toxapex|76\/100 brn|[from] brn\n|upkeep\n|turn|67\n|\n|move|p1a: Toxapex|Haze|p1a: Toxapex\n|-clearallboost\n|move|p2a: Toxapex|Haze|p2a: Toxapex\n|-clearallboost\n|\n|-heal|p1a: Toxapex|82\/100 brn|[from] item: Black Sludge\n|-damage|p1a: Toxapex|76\/100 brn|[from] brn\n|upkeep\n|turn|68\n|\n|move|p1a: Toxapex|Haze|p1a: Toxapex\n|-clearallboost\n|move|p2a: Toxapex|Haze|p2a: Toxapex\n|-clearallboost\n|\n|-heal|p1a: Toxapex|82\/100 brn|[from] item: Black Sludge\n|-damage|p1a: Toxapex|76\/100 brn|[from] brn\n|upkeep\n|turn|69\n|\n|move|p1a: Toxapex|Haze|p1a: Toxapex\n|-clearallboost\n|move|p2a: Toxapex|Haze|p2a: Toxapex\n|-clearallboost\n|\n|-heal|p1a: Toxapex|82\/100 brn|[from] item: Black Sludge\n|-damage|p1a: Toxapex|76\/100 brn|[from] brn\n|upkeep\n|turn|70\n|\n|move|p1a: Toxapex|Haze|p1a: Toxapex\n|-clearallboost\n|move|p2a: Toxapex|Haze|p2a: Toxapex\n|-clearallboost\n|\n|-heal|p1a: Toxapex|82\/100 brn|[from] item: Black Sludge\n|-damage|p1a: Toxapex|76\/100 brn|[from] brn\n|upkeep\n|turn|71\n|\n|move|p2a: Toxapex|Haze|p2a: Toxapex\n|-clearallboost\n|move|p1a: Toxapex|Haze|p1a: Toxapex\n|-clearallboost\n|\n|-heal|p1a: Toxapex|82\/100 brn|[from] item: Black Sludge\n|-damage|p1a: Toxapex|76\/100 brn|[from] brn\n|upkeep\n|turn|72\n|\n|move|p2a: Toxapex|Scald|p1a: Toxapex\n|-resisted|p1a: Toxapex\n|-crit|p1a: Toxapex\n|-damage|p1a: Toxapex|66\/100 brn\n|move|p1a: Toxapex|Knock Off|p2a: Toxapex\n|-damage|p2a: Toxapex|66\/100\n|\n|-heal|p1a: Toxapex|73\/100 brn|[from] item: Black Sludge\n|-damage|p1a: Toxapex|66\/100 brn|[from] brn\n|upkeep\n|turn|73\n|\n|move|p1a: Toxapex|Toxic|p2a: Toxapex\n|-immune|p2a: Toxapex\n|move|p2a: Toxapex|Haze|p2a: Toxapex\n|-clearallboost\n|\n|-heal|p1a: Toxapex|73\/100 brn|[from] item: Black Sludge\n|-damage|p1a: Toxapex|66\/100 brn|[from] brn\n|upkeep\n|turn|74\n|\n|move|p2a: Toxapex|Haze|p2a: Toxapex\n|-clearallboost\n|move|p1a: Toxapex|Recover|p1a: Toxapex\n|-heal|p1a: Toxapex|100\/100 brn\n|\n|-damage|p1a: Toxapex|94\/100 brn|[from] brn\n|upkeep\n|turn|75\n|\n|move|p2a: Toxapex|Haze|p2a: Toxapex\n|-clearallboost\n|move|p1a: Toxapex|Toxic|p2a: Toxapex\n|-immune|p2a: Toxapex\n|\n|-heal|p1a: Toxapex|100\/100 brn|[from] item: Black Sludge\n|-damage|p1a: Toxapex|94\/100 brn|[from] brn\n|upkeep\n|turn|76\n|\n|move|p1a: Toxapex|Toxic|p2a: Toxapex\n|-immune|p2a: Toxapex\n|move|p2a: Toxapex|Haze|p2a: Toxapex\n|-clearallboost\n|\n|-heal|p1a: Toxapex|100\/100 brn|[from] item: Black Sludge\n|-damage|p1a: Toxapex|94\/100 brn|[from] brn\n|upkeep\n|turn|77\n|\n|move|p2a: Toxapex|Scald|p1a: Toxapex\n|-resisted|p1a: Toxapex\n|-damage|p1a: Toxapex|88\/100 brn\n|move|p1a: Toxapex|Toxic|p2a: Toxapex\n|-immune|p2a: Toxapex\n|\n|-heal|p1a: Toxapex|95\/100 brn|[from] item: Black Sludge\n|-damage|p1a: Toxapex|88\/100 brn|[from] brn\n|upkeep\n|turn|78\n|\n|move|p1a: Toxapex|Toxic|p2a: Toxapex\n|-immune|p2a: Toxapex\n|move|p2a: Toxapex|Scald|p1a: Toxapex\n|-resisted|p1a: Toxapex\n|-damage|p1a: Toxapex|82\/100 brn\n|\n|-heal|p1a: Toxapex|88\/100 brn|[from] item: Black Sludge\n|-damage|p1a: Toxapex|82\/100 brn|[from] brn\n|upkeep\n|turn|79\n|\n|move|p2a: Toxapex|Scald|p1a: Toxapex\n|-resisted|p1a: Toxapex\n|-damage|p1a: Toxapex|75\/100 brn\n|move|p1a: Toxapex|Toxic|p2a: Toxapex\n|-immune|p2a: Toxapex\n|\n|-heal|p1a: Toxapex|82\/100 brn|[from] item: Black Sludge\n|-damage|p1a: Toxapex|75\/100 brn|[from] brn\n|upkeep\n|turn|80\n|\n|move|p2a: Toxapex|Haze|p2a: Toxapex\n|-clearallboost\n|move|p1a: Toxapex|Toxic|p2a: Toxapex\n|-immune|p2a: Toxapex\n|\n|-heal|p1a: Toxapex|82\/100 brn|[from] item: Black Sludge\n|-damage|p1a: Toxapex|75\/100 brn|[from] brn\n|upkeep\n|turn|81\n|inactive|testotesto321 has 120 seconds left.\n|\n|move|p1a: Toxapex|Knock Off|p2a: Toxapex\n|-damage|p2a: Toxapex|63\/100\n|move|p2a: Toxapex|Haze|p2a: Toxapex\n|-clearallboost\n|\n|-heal|p1a: Toxapex|82\/100 brn|[from] item: Black Sludge\n|-damage|p1a: Toxapex|75\/100 brn|[from] brn\n|upkeep\n|turn|82\n|\n|move|p2a: Toxapex|Haze|p2a: Toxapex\n|-clearallboost\n|move|p1a: Toxapex|Knock Off|p2a: Toxapex\n|-crit|p2a: Toxapex\n|-damage|p2a: Toxapex|59\/100\n|\n|-heal|p1a: Toxapex|82\/100 brn|[from] item: Black Sludge\n|-damage|p1a: Toxapex|75\/100 brn|[from] brn\n|upkeep\n|turn|83\n|\n|move|p1a: Toxapex|Knock Off|p2a: Toxapex\n|-damage|p2a: Toxapex|55\/100\n|move|p2a: Toxapex|Recover|p2a: Toxapex\n|-heal|p2a: Toxapex|100\/100\n|\n|-heal|p1a: Toxapex|82\/100 brn|[from] item: Black Sludge\n|-damage|p1a: Toxapex|75\/100 brn|[from] brn\n|upkeep\n|turn|84\n|\n|move|p2a: Toxapex|Haze|p2a: Toxapex\n|-clearallboost\n|move|p1a: Toxapex|Toxic|p2a: Toxapex\n|-immune|p2a: Toxapex\n|\n|-heal|p1a: Toxapex|82\/100 brn|[from] item: Black Sludge\n|-damage|p1a: Toxapex|75\/100 brn|[from] brn\n|upkeep\n|turn|85\n|\n|move|p2a: Toxapex|Haze|p2a: Toxapex\n|-clearallboost\n|move|p1a: Toxapex|Toxic|p2a: Toxapex\n|-immune|p2a: Toxapex\n|\n|-heal|p1a: Toxapex|82\/100 brn|[from] item: Black Sludge\n|-damage|p1a: Toxapex|75\/100 brn|[from] brn\n|upkeep\n|turn|86\n|\n|move|p1a: Toxapex|Haze|p1a: Toxapex\n|-clearallboost\n|move|p2a: Toxapex|Haze|p2a: Toxapex\n|-clearallboost\n|\n|-heal|p1a: Toxapex|82\/100 brn|[from] item: Black Sludge\n|-damage|p1a: Toxapex|75\/100 brn|[from] brn\n|upkeep\n|turn|87\n|\n|move|p1a: Toxapex|Haze|p1a: Toxapex\n|-clearallboost\n|move|p2a: Toxapex|Haze|p2a: Toxapex\n|-clearallboost\n|\n|-heal|p1a: Toxapex|82\/100 brn|[from] item: Black Sludge\n|-damage|p1a: Toxapex|75\/100 brn|[from] brn\n|upkeep\n|turn|88\n|\n|move|p2a: Toxapex|Toxic||[still]\n|-fail|p2a: Toxapex\n|move|p1a: Toxapex|Haze|p1a: Toxapex\n|-clearallboost\n|\n|-heal|p1a: Toxapex|82\/100 brn|[from] item: Black Sludge\n|-damage|p1a: Toxapex|75\/100 brn|[from] brn\n|upkeep\n|turn|89\n|\n|move|p1a: Toxapex|Haze|p1a: Toxapex\n|-clearallboost\n|move|p2a: Toxapex|Toxic||[still]\n|-fail|p2a: Toxapex\n|\n|-heal|p1a: Toxapex|82\/100 brn|[from] item: Black Sludge\n|-damage|p1a: Toxapex|75\/100 brn|[from] brn\n|upkeep\n|turn|90\n|\n|move|p2a: Toxapex|Toxic||[still]\n|-fail|p2a: Toxapex\n|move|p1a: Toxapex|Haze|p1a: Toxapex\n|-clearallboost\n|\n|-heal|p1a: Toxapex|82\/100 brn|[from] item: Black Sludge\n|-damage|p1a: Toxapex|75\/100 brn|[from] brn\n|upkeep\n|turn|91\n|\n|move|p2a: Toxapex|Scald|p1a: Toxapex\n|-resisted|p1a: Toxapex\n|-damage|p1a: Toxapex|70\/100 brn\n|move|p1a: Toxapex|Haze|p1a: Toxapex\n|-clearallboost\n|\n|-heal|p1a: Toxapex|76\/100 brn|[from] item: Black Sludge\n|-damage|p1a: Toxapex|70\/100 brn|[from] brn\n|upkeep\n|turn|92\n|\n|move|p2a: Toxapex|Toxic||[still]\n|-fail|p2a: Toxapex\n|move|p1a: Toxapex|Recover|p1a: Toxapex\n|-heal|p1a: Toxapex|100\/100 brn\n|\n|-damage|p1a: Toxapex|94\/100 brn|[from] brn\n|upkeep\n|turn|93\n|\n|move|p1a: Toxapex|Knock Off|p2a: Toxapex\n|-damage|p2a: Toxapex|97\/100\n|move|p2a: Toxapex|Scald|p1a: Toxapex\n|-resisted|p1a: Toxapex\n|-damage|p1a: Toxapex|88\/100 brn\n|\n|-heal|p1a: Toxapex|95\/100 brn|[from] item: Black Sludge\n|-damage|p1a: Toxapex|88\/100 brn|[from] brn\n|upkeep\n|turn|94\n|\n|move|p2a: Toxapex|Scald|p1a: Toxapex\n|-resisted|p1a: Toxapex\n|-damage|p1a: Toxapex|82\/100 brn\n|move|p1a: Toxapex|Haze|p1a: Toxapex\n|-clearallboost\n|\n|-heal|p1a: Toxapex|88\/100 brn|[from] item: Black Sludge\n|-damage|p1a: Toxapex|82\/100 brn|[from] brn\n|upkeep\n|turn|95\n|\n|move|p1a: Toxapex|Toxic|p2a: Toxapex\n|-immune|p2a: Toxapex\n|move|p2a: Toxapex|Scald|p1a: Toxapex\n|-resisted|p1a: Toxapex\n|-damage|p1a: Toxapex|75\/100 brn\n|\n|-heal|p1a: Toxapex|82\/100 brn|[from] item: Black Sludge\n|-damage|p1a: Toxapex|75\/100 brn|[from] brn\n|upkeep\n|turn|96\n|\n|move|p2a: Toxapex|Toxic||[still]\n|-fail|p2a: Toxapex\n|move|p1a: Toxapex|Haze|p1a: Toxapex\n|-clearallboost\n|\n|-heal|p1a: Toxapex|82\/100 brn|[from] item: Black Sludge\n|-damage|p1a: Toxapex|75\/100 brn|[from] brn\n|upkeep\n|turn|97\n|\n|move|p1a: Toxapex|Haze|p1a: Toxapex\n|-clearallboost\n|move|p2a: Toxapex|Scald|p1a: Toxapex\n|-resisted|p1a: Toxapex\n|-damage|p1a: Toxapex|69\/100 brn\n|\n|-heal|p1a: Toxapex|75\/100 brn|[from] item: Black Sludge\n|-damage|p1a: Toxapex|69\/100 brn|[from] brn\n|upkeep\n|turn|98\n|\n|move|p1a: Toxapex|Knock Off|p2a: Toxapex\n|-crit|p2a: Toxapex\n|-damage|p2a: Toxapex|92\/100\n|move|p2a: Toxapex|Toxic||[still]\n|-fail|p2a: Toxapex\n|\n|-heal|p1a: Toxapex|75\/100 brn|[from] item: Black Sludge\n|-damage|p1a: Toxapex|69\/100 brn|[from] brn\n|upkeep\n|turn|99\n|\n|move|p2a: Toxapex|Haze|p2a: Toxapex\n|-clearallboost\n|move|p1a: Toxapex|Toxic|p2a: Toxapex\n|-immune|p2a: Toxapex\n|\n|-heal|p1a: Toxapex|75\/100 brn|[from] item: Black Sludge\n|-damage|p1a: Toxapex|69\/100 brn|[from] brn\n|upkeep\n|turn|100\n|\n|move|p1a: Toxapex|Toxic|p2a: Toxapex\n|-immune|p2a: Toxapex\n|move|p2a: Toxapex|Haze|p2a: Toxapex\n|-clearallboost\n|\n|-heal|p1a: Toxapex|75\/100 brn|[from] item: Black Sludge\n|-damage|p1a: Toxapex|69\/100 brn|[from] brn\n|upkeep\n|turn|101\n|\n|move|p2a: Toxapex|Toxic||[still]\n|-fail|p2a: Toxapex\n|move|p1a: Toxapex|Toxic|p2a: Toxapex\n|-immune|p2a: Toxapex\n|\n|-heal|p1a: Toxapex|75\/100 brn|[from] item: Black Sludge\n|-damage|p1a: Toxapex|69\/100 brn|[from] brn\n|upkeep\n|turn|102\n|\n|move|p1a: Toxapex|Toxic|p2a: Toxapex\n|-immune|p2a: Toxapex\n|move|p2a: Toxapex|Toxic||[still]\n|-fail|p2a: Toxapex\n|\n|-heal|p1a: Toxapex|75\/100 brn|[from] item: Black Sludge\n|-damage|p1a: Toxapex|69\/100 brn|[from] brn\n|upkeep\n|turn|103\n|\n|move|p2a: Toxapex|Toxic||[still]\n|-fail|p2a: Toxapex\n|move|p1a: Toxapex|Toxic|p2a: Toxapex\n|-immune|p2a: Toxapex\n|\n|-heal|p1a: Toxapex|75\/100 brn|[from] item: Black Sludge\n|-damage|p1a: Toxapex|69\/100 brn|[from] brn\n|upkeep\n|turn|104\n|\n|move|p2a: Toxapex|Toxic||[still]\n|-fail|p2a: Toxapex\n|move|p1a: Toxapex|Toxic|p2a: Toxapex\n|-immune|p2a: Toxapex\n|\n|-heal|p1a: Toxapex|75\/100 brn|[from] item: Black Sludge\n|-damage|p1a: Toxapex|69\/100 brn|[from] brn\n|upkeep\n|turn|105\n|\n|switch|p2a: Gengar|Gengar, F|27\/100\n|-damage|p2a: Gengar|15\/100|[from] Stealth Rock\n|move|p1a: Toxapex|Haze|p1a: Toxapex\n|-clearallboost\n|\n|-heal|p1a: Toxapex|75\/100 brn|[from] item: Black Sludge\n|-damage|p1a: Toxapex|69\/100 brn|[from] brn\n|upkeep\n|turn|106\n|\n|move|p2a: Gengar|Hex|p1a: Toxapex\n|-damage|p1a: Toxapex|0 fnt\n|faint|p1a: Toxapex\n|\n|win|testotesto321\n|c|\u2606FN Yeeted|So cool bro\n|c|\u2606FN Yeeted|four out of six stall\n|l|\u2606FN Yeeted\n|c|\u2606testotesto321|;)\n||Ladder (probably) updated, but score could not be retrieved (Response not received).\n","uploadtime":1589993666,"views":20,"p1id":"fnyeeted","p2id":"testotesto321","formatid":"gen8ou","rating":0,"private":0,"password":null}