{"id":"gen8monotype-1440462299","p1":"Craves for Crepes","p2":"Arcangel666","format":"gen8monotype","log":"|j|\u2606Craves for Crepes\n|j|\u2606Arcangel666\n|t:|1634935675\n|gametype|singles\n|player|p1|Craves for Crepes|psychic-gen4|1552\n|player|p2|Arcangel666|grimsley|1445\n|teamsize|p1|6\n|teamsize|p2|6\n|gen|8\n|tier|[Gen 8] Monotype\n|rated|\n|rule|Same Type Clause: Pok\u00e9mon in a team must share a type\n|rule|Sleep Clause Mod: Limit one foe put to sleep\n|rule|Species Clause: Limit one of each Pok\u00e9mon\n|rule|OHKO Clause: OHKO moves are banned\n|rule|Evasion Moves Clause: Evasion moves are banned\n|rule|Endless Battle Clause: Forcing endless battles is banned\n|rule|HP Percentage Mod: HP is shown in percentages\n|rule|Dynamax Clause: You cannot dynamax\n|clearpoke\n|poke|p1|Incineroar, M|\n|poke|p1|Liepard, F|\n|poke|p1|Krookodile, M|\n|poke|p1|Mandibuzz, F|\n|poke|p1|Drapion, F|\n|poke|p1|Hydreigon, F|\n|poke|p2|Bisharp, M|\n|poke|p2|Grimmsnarl, M|\n|poke|p2|Hydreigon, M|\n|poke|p2|Scrafty, M|\n|poke|p2|Sableye, M|\n|poke|p2|Moltres-Galar|\n|teampreview\n|c|\u2606Craves for Crepes|gl\n|j| Zoecidal\n|\n|t:|1634935733\n|start\n|switch|p1a: Incineroar|Incineroar, M|100\/100\n|switch|p2a: Bisharp|Bisharp, M, shiny|100\/100\n|-ability|p1a: Incineroar|Intimidate|boost\n|-unboost|p2a: Bisharp|atk|1\n|-ability|p2a: Bisharp|Defiant\n|-boost|p2a: Bisharp|atk|2\n|turn|1\n|\n|t:|1634935743\n|move|p1a: Incineroar|Flare Blitz|p2a: Bisharp\n|-supereffective|p2a: Bisharp\n|-enditem|p2a: Bisharp|Focus Sash\n|-damage|p2a: Bisharp|1\/100\n|-damage|p1a: Incineroar|67\/100|[from] Recoil\n|move|p2a: Bisharp|Knock Off|p1a: Incineroar\n|-resisted|p1a: Incineroar\n|-damage|p1a: Incineroar|23\/100\n|-enditem|p1a: Incineroar|Choice Scarf|[from] move: Knock Off|[of] p2a: Bisharp\n|\n|upkeep\n|turn|2\n|\n|t:|1634935757\n|move|p2a: Bisharp|Sucker Punch|p1a: Incineroar\n|-resisted|p1a: Incineroar\n|-damage|p1a: Incineroar|0 fnt\n|faint|p1a: Incineroar\n|\n|upkeep\n|\n|t:|1634935760\n|switch|p1a: Mandibuzz|Mandibuzz, F|100\/100\n|turn|3\n|\n|t:|1634935764\n|move|p1a: Mandibuzz|U-turn|p2a: Bisharp\n|-damage|p2a: Bisharp|0 fnt\n|faint|p2a: Bisharp\n|\n|t:|1634935773\n|switch|p1a: Hydreigon|Hydreigon, F|100\/100|[from]move: U-turn\n|\n|upkeep\n|\n|t:|1634935777\n|switch|p2a: Grimmsnarl|Grimmsnarl, M, shiny|100\/100\n|turn|4\n|c| Zoecidal|how is that faster\n|c|\u2606Craves for Crepes|well you're slow\n|c|\u2606Craves for Crepes|or he is slow\n|c|\u2606Craves for Crepes|adamant bish is easily speedcrept\n|\n|t:|1634935817\n|move|p2a: Grimmsnarl|Light Screen|p2a: Grimmsnarl\n|-sidestart|p2: Arcangel666|move: Light Screen\n|move|p1a: Hydreigon|Dragon Dance|p1a: Hydreigon\n|-boost|p1a: Hydreigon|atk|1\n|-boost|p1a: Hydreigon|spe|1\n|\n|upkeep\n|turn|5\n|\n|t:|1634935825\n|move|p2a: Grimmsnarl|Reflect|p2a: Grimmsnarl\n|-sidestart|p2: Arcangel666|Reflect\n|move|p1a: Hydreigon|Fire Blast|p2a: Grimmsnarl\n|-damage|p2a: Grimmsnarl|77\/100\n|\n|upkeep\n|turn|6\n|\n|t:|1634935830\n|move|p1a: Hydreigon|Fire Blast|p2a: Grimmsnarl\n|-damage|p2a: Grimmsnarl|54\/100\n|move|p2a: Grimmsnarl|Spirit Break|p1a: Hydreigon\n|-supereffective|p1a: Hydreigon\n|-enditem|p1a: Hydreigon|Roseli Berry|[eat]\n|-enditem|p1a: Hydreigon|Roseli Berry|[weaken]\n|-damage|p1a: Hydreigon|6\/100\n|-unboost|p1a: Hydreigon|spa|1\n|\n|upkeep\n|turn|7\n|c| Zoecidal|but you dont run that much speed on mandi\n|c|\u2606Craves for Crepes|i do\n|\n|t:|1634935840\n|move|p2a: Grimmsnarl|Sucker Punch|p1a: Hydreigon\n|-resisted|p1a: Hydreigon\n|-damage|p1a: Hydreigon|0 fnt\n|faint|p1a: Hydreigon\n|\n|upkeep\n|\n|t:|1634935854\n|switch|p1a: Liepard|Liepard, F|100\/100\n|turn|8\n|\n|t:|1634935859\n|move|p1a: Liepard|Substitute|p1a: Liepard\n|-start|p1a: Liepard|Substitute\n|-damage|p1a: Liepard|76\/100\n|move|p2a: Grimmsnarl|Spirit Break|p1a: Liepard\n|-supereffective|p1a: Liepard\n|-end|p1a: Liepard|Substitute\n|\n|-heal|p1a: Liepard|82\/100|[from] item: Leftovers\n|upkeep\n|turn|9\n|\n|t:|1634935867\n|move|p1a: Liepard|Substitute|p1a: Liepard\n|-start|p1a: Liepard|Substitute\n|-damage|p1a: Liepard|57\/100\n|move|p2a: Grimmsnarl|Spirit Break|p1a: Liepard\n|-supereffective|p1a: Liepard\n|-end|p1a: Liepard|Substitute\n|\n|-heal|p1a: Liepard|63\/100|[from] item: Leftovers\n|upkeep\n|turn|10\n|\n|t:|1634935874\n|move|p1a: Liepard|Substitute|p1a: Liepard\n|-start|p1a: Liepard|Substitute\n|-damage|p1a: Liepard|38\/100\n|move|p2a: Grimmsnarl|Spirit Break|p1a: Liepard\n|-supereffective|p1a: Liepard\n|-end|p1a: Liepard|Substitute\n|\n|-heal|p1a: Liepard|44\/100|[from] item: Leftovers\n|upkeep\n|turn|11\n|\n|t:|1634935882\n|move|p1a: Liepard|Substitute|p1a: Liepard\n|-start|p1a: Liepard|Substitute\n|-damage|p1a: Liepard|20\/100\n|move|p2a: Grimmsnarl|Spirit Break|p1a: Liepard\n|-supereffective|p1a: Liepard\n|-end|p1a: Liepard|Substitute\n|\n|-heal|p1a: Liepard|26\/100|[from] item: Leftovers\n|-sideend|p2: Arcangel666|move: Light Screen\n|upkeep\n|turn|12\n|c| Zoecidal|speed for base 60s?\n|c|\u2606Craves for Crepes|yup\n|c| Zoecidal|i see\n|\n|t:|1634935895\n|move|p1a: Liepard|Substitute|p1a: Liepard\n|-start|p1a: Liepard|Substitute\n|-damage|p1a: Liepard|1\/100\n|move|p2a: Grimmsnarl|Spirit Break|p1a: Liepard\n|-supereffective|p1a: Liepard\n|-end|p1a: Liepard|Substitute\n|\n|-heal|p1a: Liepard|7\/100|[from] item: Leftovers\n|-sideend|p2: Arcangel666|Reflect\n|upkeep\n|turn|13\n|\n|t:|1634935903\n|move|p1a: Liepard|Copycat|p1a: Liepard\n|move|p1a: Liepard|Spirit Break|p2a: Grimmsnarl|[from]move: Copycat\n|-hint|Since gen 7, Dark is immune to Prankster moves.\n|-immune|p2a: Grimmsnarl\n|move|p2a: Grimmsnarl|Reflect|p2a: Grimmsnarl\n|-sidestart|p2: Arcangel666|Reflect\n|\n|-heal|p1a: Liepard|13\/100|[from] item: Leftovers\n|upkeep\n|turn|14\n|c|\u2606Craves for Crepes|oh wow that counts as prankster\n|c|\u2606Craves for Crepes|boo\n|\n|t:|1634935916\n|move|p1a: Liepard|Copycat|p1a: Liepard\n|move|p1a: Liepard|Reflect|p1a: Liepard|[from]move: Copycat\n|-sidestart|p1: Craves for Crepes|Reflect\n|move|p2a: Grimmsnarl|Spirit Break|p1a: Liepard\n|-supereffective|p1a: Liepard\n|-damage|p1a: Liepard|0 fnt\n|faint|p1a: Liepard\n|\n|upkeep\n|j| chum lee\n|\n|t:|1634935923\n|switch|p1a: Krookodile|Krookodile, M|100\/100\n|turn|15\n|\n|t:|1634935928\n|switch|p2a: Scrafty|Scrafty, M|100\/100\n|move|p1a: Krookodile|Bulk Up|p1a: Krookodile\n|-boost|p1a: Krookodile|atk|1\n|-boost|p1a: Krookodile|def|1\n|\n|upkeep\n|turn|16\n|j| toastahs\n|c| Zoecidal|yeah :c\n|\n|t:|1634935937\n|move|p1a: Krookodile|Taunt|p2a: Scrafty\n|-start|p2a: Scrafty|move: Taunt\n|cant|p2a: Scrafty|move: Taunt|Bulk Up\n|\n|upkeep\n|turn|17\n|\n|t:|1634935939\n|move|p1a: Krookodile|Bulk Up|p1a: Krookodile\n|-boost|p1a: Krookodile|atk|1\n|-boost|p1a: Krookodile|def|1\n|move|p2a: Scrafty|Knock Off|p1a: Krookodile\n|-resisted|p1a: Krookodile\n|-damage|p1a: Krookodile|97\/100\n|-enditem|p1a: Krookodile|Maranga Berry|[from] move: Knock Off|[of] p2a: Scrafty\n|\n|upkeep\n|turn|18\n|\n|t:|1634935943\n|switch|p2a: Sableye|Sableye, M|100\/100\n|move|p1a: Krookodile|Bulk Up|p1a: Krookodile\n|-boost|p1a: Krookodile|atk|1\n|-boost|p1a: Krookodile|def|1\n|\n|-sideend|p1: Craves for Crepes|Reflect\n|upkeep\n|turn|19\n|c| Zoecidal|prankster nature power counts as prankster too\n|c|\u2606Craves for Crepes|this is just a meme dark for someone's birthday\n|c|\u2606Craves for Crepes|i need some funny replays :\/\n|\n|t:|1634935968\n|move|p1a: Krookodile|Bulk Up|p1a: Krookodile\n|-boost|p1a: Krookodile|atk|1\n|-boost|p1a: Krookodile|def|1\n|move|p2a: Sableye|Foul Play|p1a: Krookodile\n|-resisted|p1a: Krookodile\n|-damage|p1a: Krookodile|78\/100\n|\n|upkeep\n|turn|20\n|\n|t:|1634935986\n|move|p1a: Krookodile|Power Trip|p2a: Sableye\n|-damage|p2a: Sableye|0 fnt\n|faint|p2a: Sableye\n|-ability|p1a: Krookodile|Moxie|boost\n|-boost|p1a: Krookodile|atk|1\n|\n|-sideend|p2: Arcangel666|Reflect\n|upkeep\n|\n|t:|1634935990\n|switch|p2a: Grimmsnarl|Grimmsnarl, M, shiny|54\/100\n|turn|21\n|\n|t:|1634936002\n|move|p2a: Grimmsnarl|Reflect|p2a: Grimmsnarl\n|-sidestart|p2: Arcangel666|Reflect\n|move|p1a: Krookodile|Stealth Rock|p2a: Grimmsnarl\n|-sidestart|p2: Arcangel666|move: Stealth Rock\n|\n|upkeep\n|turn|22\n|\n|t:|1634936009\n|move|p1a: Krookodile|Bulk Up|p1a: Krookodile\n|-boost|p1a: Krookodile|atk|1\n|-boost|p1a: Krookodile|def|1\n|move|p2a: Grimmsnarl|Spirit Break|p1a: Krookodile\n|-supereffective|p1a: Krookodile\n|-damage|p1a: Krookodile|53\/100\n|-unboost|p1a: Krookodile|spa|1\n|\n|upkeep\n|turn|23\n|\n|t:|1634936014\n|move|p1a: Krookodile|Power Trip|p2a: Grimmsnarl\n|-resisted|p2a: Grimmsnarl\n|-damage|p2a: Grimmsnarl|0 fnt\n|faint|p2a: Grimmsnarl\n|\n|upkeep\n|\n|t:|1634936018\n|switch|p2a: Hydreigon|Hydreigon, M, shiny|100\/100\n|-damage|p2a: Hydreigon|88\/100|[from] Stealth Rock\n|turn|24\n|\n|t:|1634936021\n|move|p2a: Hydreigon|Dragon Pulse|p1a: Krookodile\n|-damage|p1a: Krookodile|5\/100\n|move|p1a: Krookodile|Power Trip|p2a: Hydreigon\n|-resisted|p2a: Hydreigon\n|-damage|p2a: Hydreigon|0 fnt\n|faint|p2a: Hydreigon\n|\n|upkeep\n|\n|t:|1634936025\n|switch|p2a: Moltres|Moltres-Galar|100\/100\n|-damage|p2a: Moltres|76\/100|[from] Stealth Rock\n|turn|25\n|\n|t:|1634936031\n|move|p1a: Krookodile|Power Trip|p2a: Moltres\n|-resisted|p2a: Moltres\n|-damage|p2a: Moltres|0 fnt\n|faint|p2a: Moltres\n|\n|upkeep\n|\n|t:|1634936034\n|switch|p2a: Scrafty|Scrafty, M|100\/100\n|-damage|p2a: Scrafty|95\/100|[from] Stealth Rock\n|turn|26\n|\n|t:|1634936037\n|move|p1a: Krookodile|Power Trip|p2a: Scrafty\n|-resisted|p2a: Scrafty\n|-damage|p2a: Scrafty|50\/100\n|move|p2a: Scrafty|Drain Punch|p1a: Krookodile\n|-supereffective|p1a: Krookodile\n|-damage|p1a: Krookodile|0 fnt\n|-heal|p2a: Scrafty|53\/100|[from] drain|[of] p1a: Krookodile\n|faint|p1a: Krookodile\n|\n|-heal|p2a: Scrafty|59\/100|[from] item: Leftovers\n|upkeep\n|c|\u2606Craves for Crepes|gg\n|\n|t:|1634936048\n|switch|p1a: Drapion|Drapion, F|100\/100\n|turn|27\n|\n|t:|1634936057\n|move|p1a: Drapion|Cross Poison|p2a: Scrafty\n|-crit|p2a: Scrafty\n|-damage|p2a: Scrafty|0 fnt\n|faint|p2a: Scrafty\n|\n|win|Craves for Crepes\n|raw|Craves for Crepes's rating: 1552 &rarr; <strong>1566<\/strong><br \/>(+14 for winning)\n|raw|Arcangel666's rating: 1445 &rarr; <strong>1431<\/strong><br \/>(-14 for losing)\n","uploadtime":1634936064,"views":21,"p1id":"cravesforcrepes","p2id":"arcangel666","formatid":"gen8monotype","rating":1431,"private":0,"password":null}