{"id":"gen8randombattle-1645771572","p1":"Stads","p2":"Inazuma-Fulgur","format":"gen8randombattle","log":"|j|\u2606Stads\n|j|\u2606Inazuma-Fulgur\n|t:|1661202712\n|gametype|singles\n|player|p1|Stads|102|2070\n|player|p2|Inazuma-Fulgur|marley|1996\n|teamsize|p1|6\n|teamsize|p2|6\n|gen|8\n|tier|[Gen 8] Random Battle\n|rated|\n|rule|Species Clause: Limit one of each Pok\u00e9mon\n|rule|HP Percentage Mod: HP is shown in percentages\n|rule|Sleep Clause Mod: Limit one foe put to sleep\n|\n|t:|1661202712\n|start\n|switch|p1a: Toxicroak|Toxicroak, L84, F|277\/277\n|switch|p2a: Copperajah|Copperajah, L84, M|342\/342\n|turn|1\n|\n|t:|1661202752\n|move|p1a: Toxicroak|Substitute|p1a: Toxicroak\n|-start|p1a: Toxicroak|Substitute\n|-damage|p1a: Toxicroak|208\/277\n|move|p2a: Copperajah|Earthquake|p1a: Toxicroak\n|-supereffective|p1a: Toxicroak\n|-end|p1a: Toxicroak|Substitute\n|\n|-heal|p1a: Toxicroak|225\/277|[from] item: Black Sludge\n|upkeep\n|turn|2\n|\n|t:|1661202758\n|move|p1a: Toxicroak|Drain Punch|p2a: Copperajah\n|-supereffective|p2a: Copperajah\n|-damage|p2a: Copperajah|126\/342\n|-heal|p1a: Toxicroak|277\/277|[from] drain|[of] p2a: Copperajah\n|move|p2a: Copperajah|Earthquake|p1a: Toxicroak\n|-supereffective|p1a: Toxicroak\n|-damage|p1a: Toxicroak|0 fnt\n|faint|p1a: Toxicroak\n|\n|upkeep\n|\n|t:|1661202765\n|switch|p1a: Flapple|Flapple, L84, M|255\/255\n|turn|3\n|c|\u2606Inazuma-Fulgur|owuldve lost to that mon\n|\n|t:|1661202786\n|switch|p2a: Heatran|Heatran, L78, M|270\/270\n|move|p1a: Flapple|Dragon Dance|p1a: Flapple\n|-boost|p1a: Flapple|atk|1\n|-boost|p1a: Flapple|spe|1\n|\n|upkeep\n|turn|4\n|\n|t:|1661202791\n|move|p1a: Flapple|Dragon Dance|p1a: Flapple\n|-boost|p1a: Flapple|atk|1\n|-boost|p1a: Flapple|spe|1\n|move|p2a: Heatran|Lava Plume|p1a: Flapple\n|-damage|p1a: Flapple|126\/255\n|\n|upkeep\n|turn|5\n|\n|t:|1661202813\n|switch|p2a: Copperajah|Copperajah, L84, M|126\/342\n|-start|p1a: Flapple|Dynamax|\n|-heal|p1a: Flapple|252\/510|[silent]\n|move|p1a: Flapple|Max Wyrmwind|p2a: Copperajah\n|-resisted|p2a: Copperajah\n|-damage|p2a: Copperajah|0 fnt\n|faint|p2a: Copperajah\n|-damage|p1a: Flapple|227\/510|[from] item: Life Orb\n|\n|upkeep\n|\n|t:|1661202837\n|switch|p2a: Lugia|Lugia, L74|279\/279\n|turn|6\n|\n|t:|1661202841\n|-start|p2a: Lugia|Dynamax|\n|-heal|p2a: Lugia|558\/558|[silent]\n|move|p1a: Flapple|Max Darkness|p2a: Lugia\n|-supereffective|p2a: Lugia\n|-damage|p2a: Lugia|268\/558\n|-unboost|p2a: Lugia|spd|1\n|-damage|p1a: Flapple|202\/510|[from] item: Life Orb\n|move|p2a: Lugia|Max Airstream|p1a: Flapple\n|-supereffective|p1a: Flapple\n|-damage|p1a: Flapple|0 fnt\n|-boost|p2a: Lugia|spe|1\n|faint|p1a: Flapple\n|\n|upkeep\n|\n|t:|1661202844\n|switch|p1a: Glastrier|Glastrier, L82|298\/298\n|turn|7\n|\n|t:|1661202858\n|-end|p2a: Lugia|Dynamax\n|-heal|p2a: Lugia|134\/279|[silent]\n|switch|p2a: Lunatone|Lunatone, L86|295\/295\n|move|p1a: Glastrier|Swords Dance|p1a: Glastrier\n|-boost|p1a: Glastrier|atk|2\n|\n|upkeep\n|turn|8\n|\n|t:|1661202865\n|move|p2a: Lunatone|Power Gem|p1a: Glastrier\n|-supereffective|p1a: Glastrier\n|-damage|p1a: Glastrier|119\/298\n|-damage|p2a: Lunatone|266\/295|[from] item: Life Orb\n|move|p1a: Glastrier|Icicle Crash|p2a: Lunatone\n|-damage|p2a: Lunatone|0 fnt\n|faint|p2a: Lunatone\n|-ability|p1a: Glastrier|Chilling Neigh|boost\n|-boost|p1a: Glastrier|atk|1\n|\n|upkeep\n|\n|t:|1661202873\n|switch|p2a: Heatran|Heatran, L78, M|270\/270\n|turn|9\n|inactive|Battle timer is ON: inactive players will automatically lose when time's up. (requested by Stads)\n|\n|t:|1661202876\n|move|p2a: Heatran|Lava Plume|p1a: Glastrier\n|-supereffective|p1a: Glastrier\n|-crit|p1a: Glastrier\n|-damage|p1a: Glastrier|0 fnt\n|faint|p1a: Glastrier\n|\n|upkeep\n|\n|t:|1661202878\n|switch|p1a: Kingdra|Kingdra, L82, M|257\/257\n|turn|10\n|\n|t:|1661202882\n|move|p1a: Kingdra|Rain Dance|p1a: Kingdra\n|-weather|RainDance\n|move|p2a: Heatran|Toxic|p1a: Kingdra\n|-status|p1a: Kingdra|tox\n|\n|-weather|RainDance|[upkeep]\n|-damage|p1a: Kingdra|241\/257 tox|[from] psn\n|upkeep\n|turn|11\n|\n|t:|1661202887\n|move|p2a: Heatran|Protect|p2a: Heatran\n|-singleturn|p2a: Heatran|Protect\n|move|p1a: Kingdra|Hydro Pump|p2a: Heatran\n|-activate|p2a: Heatran|move: Protect\n|\n|-weather|RainDance|[upkeep]\n|-damage|p1a: Kingdra|209\/257 tox|[from] psn\n|upkeep\n|turn|12\n|inactive|Inazuma-Fulgur has 120 seconds left.\n|\n|t:|1661202926\n|switch|p2a: Lugia|Lugia, L74|134\/279\n|move|p1a: Kingdra|Hydro Pump|p2a: Lugia|[miss]\n|-miss|p1a: Kingdra|p2a: Lugia\n|\n|-weather|RainDance|[upkeep]\n|-damage|p1a: Kingdra|161\/257 tox|[from] psn\n|upkeep\n|turn|13\n|inactive|Inazuma-Fulgur has 120 seconds left.\n|-message|Stads forfeited.\n|\n|win|Inazuma-Fulgur\n|raw|Stads's rating: 2070 &rarr; <strong>2046<\/strong><br \/>(-24 for losing)\n|raw|Inazuma-Fulgur's rating: 1996 &rarr; <strong>2020<\/strong><br \/>(+24 for winning)\n|l|\u2606Stads\n||Ladder isn't responding, score probably updated but might not have (Request timeout).\n","inputlog":">version 73883db4a613adaed2a9388dee826c74ecc75249\n>start {\"formatid\":\"gen8randombattle\",\"seed\":[49273,57125,35962,10742],\"rated\":\"Rated battle\"}\n>player p1 {\"name\":\"Stads\",\"avatar\":\"102\",\"rating\":2070,\"seed\":[18704,56996,39468,4158]}\n>player p2 {\"name\":\"Inazuma-Fulgur\",\"avatar\":\"marley\",\"rating\":1996,\"seed\":[16622,38508,43307,56984]}\n>p1 move substitute\n>p2 move earthquake\n>p1 move drainpunch\n>p2 move earthquake\n>p1 switch 5\n>chat \u2606Inazuma-Fulgur|owuldve lost to that mon\n>p1 move dragondance\n>p2 switch 5\n>p1 move dragondance\n>p2 move lavaplume\n>p1 move outrage dynamax\n>p2 switch 5\n>p2 switch 4\n>p1 move suckerpunch dynamax\n>p2 move airslash dynamax\n>p1 switch 4\n>p1 move swordsdance\n>p2 switch 3\n>p1 move iciclecrash\n>p2 move powergem\n>p2 switch 5\n>p1 move closecombat\n>p2 move lavaplume\n>p1 switch 3\n>p1 move raindance\n>p2 move toxic\n>p1 move hydropump\n>p2 move protect\n>p1 move hydropump\n>p2 switch 3\n>forcelose p1","uploadtime":1661202942,"views":7,"p1id":"stads","p2id":"inazumafulgur","formatid":"gen8randombattle","rating":2020,"private":0,"password":null}