{"id":"gen8nationaldex-1113220545","p1":"mongwong","p2":"kura64","format":"gen8nationaldex","log":"|j|\u2606mongwong\n|j|\u2606kura64\n|player|p1|mongwong|silver|1387\n|player|p2|kura64|170|1340\n|teamsize|p1|6\n|teamsize|p2|6\n|gametype|singles\n|gen|8\n|tier|[Gen 8] National Dex\n|rated|\n|html|<div class=\"broadcast-red\"><strong>National Dex is currently suspecting Mega Metagross! For information on how to participate check out the <a href=\"https:\/\/www.smogon.com\/forums\/threads\/3663780\/\">suspect thread<\/a>.<\/strong><\/div>\n|clearpoke\n|poke|p1|Darmanitan-Galar, M|\n|poke|p1|Cloyster, F|\n|poke|p1|Dracovish|\n|poke|p1|Diancie|\n|poke|p1|Gliscor, F|\n|poke|p1|Goodra, M|\n|poke|p2|Beedrill, F|\n|poke|p2|Dragonite, M|\n|poke|p2|Staraptor, F|\n|poke|p2|Magnezone|\n|poke|p2|Landorus-Therian, M|\n|poke|p2|Corviknight, F|\n|rule|HP Percentage Mod: HP is shown in percentages\n|rule|Endless Battle Clause: Forcing endless battles is banned\n|rule|OHKO Clause: OHKO moves are banned\n|rule|Evasion Moves Clause: Evasion moves are banned\n|rule|Species Clause: Limit one of each Pok\u00e9mon\n|rule|Dynamax Clause: You cannot dynamax\n|rule|Sleep Clause Mod: Limit one foe put to sleep\n|teampreview\n|inactive|Battle timer is ON: inactive players will automatically lose when time's up. (requested by kura64)\n|\n|start\n|switch|p1a: Diancie|Diancie|100\/100\n|switch|p2a: Landorus|Landorus-Therian, M|100\/100\n|-ability|p2a: Landorus|Intimidate|boost\n|-fail|p1a: Diancie|unboost|[from] ability: Clear Body|[of] p1a: Diancie\n|turn|1\n|\n|detailschange|p1a: Diancie|Diancie-Mega\n|-mega|p1a: Diancie|Diancie|Diancite\n|move|p1a: Diancie|Moonblast|p2a: Landorus\n|-damage|p2a: Landorus|36\/100\n|move|p2a: Landorus|Earthquake|p1a: Diancie\n|-supereffective|p1a: Diancie\n|-damage|p1a: Diancie|0 fnt\n|faint|p1a: Diancie\n|\n|upkeep\n|\n|switch|p1a: Cloyster|Cloyster, F|100\/100\n|turn|2\n|\n|move|p1a: Cloyster|Shell Smash|p1a: Cloyster\n|-unboost|p1a: Cloyster|def|1\n|-unboost|p1a: Cloyster|spd|1\n|-boost|p1a: Cloyster|atk|2\n|-boost|p1a: Cloyster|spa|2\n|-boost|p1a: Cloyster|spe|2\n|move|p2a: Landorus|U-turn|p1a: Cloyster\n|-damage|p1a: Cloyster|74\/100\n|\n|switch|p2a: Corviknight|Corviknight, F|100\/100|[from]move: U-turn\n|-ability|p2a: Corviknight|Pressure\n|\n|upkeep\n|turn|3\n|\n|move|p1a: Cloyster|Icicle Spear|p2a: Corviknight\n|-damage|p2a: Corviknight|85\/100\n|-damage|p2a: Corviknight|68\/100\n|-damage|p2a: Corviknight|51\/100\n|-damage|p2a: Corviknight|33\/100\n|-damage|p2a: Corviknight|15\/100\n|-hitcount|p2a: Corviknight|5\n|move|p2a: Corviknight|Brave Bird|p1a: Cloyster\n|-damage|p1a: Cloyster|27\/100\n|-damage|p2a: Corviknight|6\/100|[from] Recoil\n|\n|-heal|p2a: Corviknight|12\/100|[from] item: Leftovers\n|upkeep\n|turn|4\n|\n|move|p1a: Cloyster|Icicle Spear|p2a: Corviknight\n|-damage|p2a: Corviknight|0 fnt\n|-hitcount|p2a: Corviknight|1\n|faint|p2a: Corviknight\n|\n|upkeep\n|\n|switch|p2a: Dragonite|Dragonite, M|100\/100\n|turn|5\n|\n|move|p2a: Dragonite|Extreme Speed|p1a: Cloyster\n|-damage|p1a: Cloyster|0 fnt\n|faint|p1a: Cloyster\n|\n|upkeep\n|\n|switch|p1a: Darmanitan|Darmanitan-Galar, M|100\/100\n|turn|6\n|\n|switch|p2a: Magnezone|Magnezone|100\/100\n|move|p1a: Darmanitan|U-turn|p2a: Magnezone\n|-resisted|p2a: Magnezone\n|-damage|p2a: Magnezone|72\/100\n|\n|switch|p1a: Dracovish|Dracovish|100\/100|[from]move: U-turn\n|\n|upkeep\n|turn|7\n|\n|switch|p2a: Landorus|Landorus-Therian, M|36\/100\n|-ability|p2a: Landorus|Intimidate|boost\n|-unboost|p1a: Dracovish|atk|1\n|move|p1a: Dracovish|Fishious Rend|p2a: Landorus\n|-supereffective|p2a: Landorus\n|-damage|p2a: Landorus|0 fnt\n|-damage|p1a: Dracovish|84\/100|[from] item: Rocky Helmet|[of] p2a: Landorus\n|faint|p2a: Landorus\n|\n|upkeep\n|\n|switch|p2a: Dragonite|Dragonite, M|100\/100\n|turn|8\n|\n|switch|p1a: Gliscor|Gliscor, F|100\/100\n|move|p2a: Dragonite|Dragon Dance|p2a: Dragonite\n|-boost|p2a: Dragonite|atk|1\n|-boost|p2a: Dragonite|spe|1\n|\n|-status|p1a: Gliscor|tox|[from] item: Toxic Orb\n|upkeep\n|turn|9\n|\n|move|p2a: Dragonite|Dragon Dance|p2a: Dragonite\n|-boost|p2a: Dragonite|atk|1\n|-boost|p2a: Dragonite|spe|1\n|move|p1a: Gliscor|Facade|p2a: Dragonite\n|-damage|p2a: Dragonite|77\/100\n|\n|upkeep\n|turn|10\n|\n|-zpower|p2a: Dragonite\n|move|p2a: Dragonite|Devastating Drake|p1a: Gliscor|[zeffect]\n|-damage|p1a: Gliscor|0 fnt\n|faint|p1a: Gliscor\n|\n|upkeep\n|\n|switch|p1a: Darmanitan|Darmanitan-Galar, M|100\/100\n|turn|11\n|inactive|kura64 has 120 seconds left.\n|\n|move|p2a: Dragonite|Dragon Claw|p1a: Darmanitan\n|-crit|p1a: Darmanitan\n|-damage|p1a: Darmanitan|0 fnt\n|faint|p1a: Darmanitan\n|\n|upkeep\n|\n|switch|p1a: Dracovish|Dracovish|84\/100\n|turn|12\n|\n|move|p2a: Dragonite|Dragon Claw|p1a: Dracovish\n|-supereffective|p1a: Dracovish\n|-damage|p1a: Dracovish|0 fnt\n|faint|p1a: Dracovish\n|\n|upkeep\n|-message|mongwong forfeited.\n|\n|win|kura64\n|l|\u2606mongwong\n","uploadtime":1589278370,"views":26,"p1id":"mongwong","p2id":"kura64","formatid":"gen8nationaldex","rating":0,"private":0,"password":null}