{"id":"gen8ou-1551841849","p1":"WarioNear","p2":"cute pink team","format":"gen8ou","log":"|j|\u2606WarioNear\n|j|\u2606cute pink team\n|t:|1649780453\n|gametype|singles\n|player|p1|WarioNear|101|1809\n|player|p2|cute pink team|169|1806\n|teamsize|p1|6\n|teamsize|p2|6\n|gen|8\n|tier|[Gen 8] OU\n|rated|\n|rule|Sleep Clause Mod: Limit one foe put to sleep\n|rule|Species Clause: Limit one of each Pok\u00e9mon\n|rule|OHKO Clause: OHKO moves are banned\n|rule|Evasion Moves Clause: Evasion moves are banned\n|rule|Endless Battle Clause: Forcing endless battles is banned\n|rule|HP Percentage Mod: HP is shown in percentages\n|rule|Dynamax Clause: You cannot dynamax\n|clearpoke\n|poke|p1|Pelipper, F|\n|poke|p1|Zapdos|\n|poke|p1|Ferrothorn, F|\n|poke|p1|Garchomp, M|\n|poke|p1|Kingdra, M|\n|poke|p1|Barraskewda, F|\n|poke|p2|Zapdos|\n|poke|p2|Skarmory, F|\n|poke|p2|Blissey, F|\n|poke|p2|Dragapult, F|\n|poke|p2|Zygarde-10%|\n|poke|p2|Tapu Lele|\n|teampreview\n|\n|t:|1649780468\n|start\n|switch|p1a: Pelipper|Pelipper, F|100\/100\n|switch|p2a: Zapdos|Zapdos|100\/100\n|-ability|p2a: Zapdos|Pressure\n|-weather|RainDance|[from] ability: Drizzle|[of] p1a: Pelipper\n|turn|1\n|j| Nyanyiix\n|inactive|Battle timer is ON: inactive players will automatically lose when time's up. (requested by cute pink team)\n|l| Nyanyiix\n|j| 0SiegeWarfare\n|\n|t:|1649780510\n|switch|p1a: Ferrothorn|Ferrothorn, F|100\/100\n|move|p2a: Zapdos|Hurricane|p1a: Ferrothorn\n|-damage|p1a: Ferrothorn|41\/100\n|\n|-weather|RainDance|[upkeep]\n|-heal|p1a: Ferrothorn|47\/100|[from] item: Leftovers\n|upkeep\n|turn|2\n|\n|t:|1649780513\n|switch|p1a: Zapdos|Zapdos|100\/100\n|move|p2a: Zapdos|Hurricane|p1a: Zapdos\n|-resisted|p1a: Zapdos\n|-damage|p1a: Zapdos|48\/100\n|\n|-weather|RainDance|[upkeep]\n|upkeep\n|turn|3\n|\n|t:|1649780515\n|move|p1a: Zapdos|Thunder|p2a: Zapdos\n|-damage|p2a: Zapdos|31\/100\n|move|p2a: Zapdos|Hurricane|p1a: Zapdos\n|-resisted|p1a: Zapdos\n|-damage|p1a: Zapdos|0 fnt\n|faint|p1a: Zapdos\n|\n|-weather|RainDance|[upkeep]\n|upkeep\n|inactive|WarioNear has 120 seconds left.\n|j| Jokari\n|\n|t:|1649780564\n|switch|p1a: Barraskewda|Barraskewda, F|100\/100\n|turn|4\n|\n|t:|1649780568\n|switch|p2a: Skarmory|Skarmory, F|100\/100\n|move|p1a: Barraskewda|Liquidation|p2a: Skarmory\n|-damage|p2a: Skarmory|43\/100\n|\n|-weather|RainDance|[upkeep]\n|-heal|p2a: Skarmory|49\/100|[from] item: Leftovers\n|upkeep\n|turn|5\n|\n|t:|1649780574\n|move|p1a: Barraskewda|Liquidation|p2a: Skarmory\n|-damage|p2a: Skarmory|0 fnt\n|faint|p2a: Skarmory\n|\n|-weather|RainDance|[upkeep]\n|upkeep\n|\n|t:|1649780576\n|switch|p2a: Dragapult|Dragapult, F|100\/100\n|turn|6\n|\n|t:|1649780579\n|switch|p1a: Ferrothorn|Ferrothorn, F|47\/100\n|move|p2a: Dragapult|Shadow Ball|p1a: Ferrothorn\n|-damage|p1a: Ferrothorn|5\/100\n|\n|-weather|RainDance|[upkeep]\n|-heal|p1a: Ferrothorn|12\/100|[from] item: Leftovers\n|upkeep\n|turn|7\n|j| Cassaltdra\n|\n|t:|1649780582\n|move|p2a: Dragapult|Shadow Ball|p1a: Ferrothorn\n|-damage|p1a: Ferrothorn|0 fnt\n|faint|p1a: Ferrothorn\n|\n|-weather|RainDance|[upkeep]\n|upkeep\n|\n|t:|1649780584\n|switch|p1a: Garchomp|Garchomp, M|100\/100\n|turn|8\n|\n|t:|1649780587\n|switch|p2a: Tapu Lele|Tapu Lele|100\/100\n|-fieldstart|move: Psychic Terrain|[from] ability: Psychic Surge|[of] p2a: Tapu Lele\n|move|p1a: Garchomp|Scale Shot|p2a: Tapu Lele\n|-immune|p2a: Tapu Lele\n|\n|-weather|none\n|upkeep\n|turn|9\n|\n|t:|1649780596\n|switch|p1a: Pelipper|Pelipper, F|100\/100\n|-weather|RainDance|[from] ability: Drizzle|[of] p1a: Pelipper\n|move|p2a: Tapu Lele|Moonblast|p1a: Pelipper\n|-damage|p1a: Pelipper|19\/100\n|\n|-weather|RainDance|[upkeep]\n|upkeep\n|turn|10\n|\n|t:|1649780603\n|move|p2a: Tapu Lele|Moonblast|p1a: Pelipper\n|-damage|p1a: Pelipper|0 fnt\n|faint|p1a: Pelipper\n|\n|-weather|RainDance|[upkeep]\n|upkeep\n|\n|t:|1649780604\n|switch|p1a: Barraskewda|Barraskewda, F|100\/100\n|turn|11\n|\n|t:|1649780611\n|switch|p2a: Zapdos|Zapdos|31\/100\n|-ability|p2a: Zapdos|Pressure\n|move|p1a: Barraskewda|Flip Turn|p2a: Zapdos\n|-damage|p2a: Zapdos|0 fnt\n|faint|p2a: Zapdos\n|\n|t:|1649780614\n|switch|p1a: Kingdra|Kingdra, M|100\/100|[from]move: Flip Turn\n|\n|-weather|RainDance|[upkeep]\n|upkeep\n|\n|t:|1649780618\n|switch|p2a: Blissey|Blissey, F|100\/100\n|turn|12\n|\n|t:|1649780621\n|switch|p1a: Barraskewda|Barraskewda, F|100\/100\n|switch|p2a: Dragapult|Dragapult, F|100\/100\n|\n|-weather|RainDance|[upkeep]\n|-fieldend|move: Psychic Terrain\n|upkeep\n|turn|13\n|\n|t:|1649780630\n|move|p1a: Barraskewda|Flip Turn|p2a: Dragapult\n|-resisted|p2a: Dragapult\n|-damage|p2a: Dragapult|48\/100\n|\n|t:|1649780632\n|switch|p1a: Kingdra|Kingdra, M|100\/100|[from]move: Flip Turn\n|move|p2a: Dragapult|Shadow Ball|p1a: Kingdra\n|-damage|p1a: Kingdra|28\/100\n|\n|-weather|RainDance|[upkeep]\n|upkeep\n|turn|14\n|\n|t:|1649780639\n|switch|p1a: Garchomp|Garchomp, M|100\/100\n|switch|p2a: Blissey|Blissey, F|100\/100\n|\n|-weather|RainDance|[upkeep]\n|upkeep\n|turn|15\n|\n|t:|1649780645\n|switch|p2a: Tapu Lele|Tapu Lele|100\/100\n|-fieldstart|move: Psychic Terrain|[from] ability: Psychic Surge|[of] p2a: Tapu Lele\n|move|p1a: Garchomp|Earthquake|p2a: Tapu Lele\n|-damage|p2a: Tapu Lele|0 fnt\n|faint|p2a: Tapu Lele\n|-damage|p1a: Garchomp|91\/100|[from] item: Life Orb\n|\n|-weather|RainDance|[upkeep]\n|upkeep\n|\n|t:|1649780648\n|switch|p2a: Dragapult|Dragapult, F|48\/100\n|turn|16\n|\n|t:|1649780651\n|move|p2a: Dragapult|Draco Meteor|p1a: Garchomp\n|-supereffective|p1a: Garchomp\n|-damage|p1a: Garchomp|0 fnt\n|-unboost|p2a: Dragapult|spa|2\n|faint|p1a: Garchomp\n|\n|-weather|none\n|upkeep\n|\n|t:|1649780657\n|switch|p1a: Kingdra|Kingdra, M|28\/100\n|turn|17\n|\n|t:|1649780660\n|move|p2a: Dragapult|Draco Meteor|p1a: Kingdra\n|-supereffective|p1a: Kingdra\n|-damage|p1a: Kingdra|0 fnt\n|-unboost|p2a: Dragapult|spa|2\n|faint|p1a: Kingdra\n|\n|upkeep\n|\n|t:|1649780662\n|switch|p1a: Barraskewda|Barraskewda, F|100\/100\n|turn|18\n|\n|t:|1649780664\n|switch|p2a: Blissey|Blissey, F|100\/100\n|move|p1a: Barraskewda|Liquidation|p2a: Blissey\n|-damage|p2a: Blissey|24\/100\n|\n|upkeep\n|turn|19\n|\n|t:|1649780666\n|move|p1a: Barraskewda|Liquidation|p2a: Blissey\n|-damage|p2a: Blissey|0 fnt\n|faint|p2a: Blissey\n|\n|-fieldend|move: Psychic Terrain\n|upkeep\n|\n|t:|1649780668\n|switch|p2a: Zygarde|Zygarde-10%|100\/100\n|-ability|p2a: Zygarde|Aura Break\n|turn|20\n|\n|t:|1649780671\n|move|p2a: Zygarde|Extreme Speed|p1a: Barraskewda\n|-damage|p1a: Barraskewda|26\/100\n|move|p1a: Barraskewda|Liquidation|p2a: Zygarde\n|-damage|p2a: Zygarde|0 fnt\n|faint|p2a: Zygarde\n|\n|upkeep\n|\n|t:|1649780672\n|switch|p2a: Dragapult|Dragapult, F|48\/100\n|turn|21\n|\n|t:|1649780674\n|move|p2a: Dragapult|Shadow Ball|p1a: Barraskewda\n|-damage|p1a: Barraskewda|0 fnt\n|faint|p1a: Barraskewda\n|\n|win|cute pink team\n|raw|WarioNear's rating: 1809 &rarr; <strong>1789<\/strong><br \/>(-20 for losing)\n|raw|cute pink team's rating: 1806 &rarr; <strong>1826<\/strong><br \/>(+20 for winning)\n|l|\u2606WarioNear\n","uploadtime":1649780683,"views":105,"p1id":"warionear","p2id":"cutepinkteam","formatid":"gen8ou","rating":1789,"private":0,"password":null}