{"id":"gen8lc-1574327626","p1":"Laroxyl","p2":"Shrug","format":"gen8lc","log":"|j|\u2606Laroxyl\n|j|\u2606Shrug\n|t:|1652481007\n|gametype|singles\n|player|p1|Laroxyl|#scl1spartans|\n|player|p2|Shrug|dawn|\n|teamsize|p1|6\n|teamsize|p2|6\n|gen|8\n|tier|[Gen 8] LC\n|rule|Sleep Clause Mod: Limit one foe put to sleep\n|rule|Species Clause: Limit one of each Pok\u00e9mon\n|rule|OHKO Clause: OHKO moves are banned\n|rule|Evasion Moves Clause: Evasion moves are banned\n|rule|Endless Battle Clause: Forcing endless battles is banned\n|rule|HP Percentage Mod: HP is shown in percentages\n|rule|Dynamax Clause: You cannot dynamax\n|clearpoke\n|poke|p1|Larvesta, L5, F|\n|poke|p1|Carvanha, L5, F|\n|poke|p1|Koffing, L5, M|\n|poke|p1|Timburr, L5, M|\n|poke|p1|Natu, L5, F|\n|poke|p1|Pawniard, L5, F|\n|poke|p2|Carvanha, L5, M|\n|poke|p2|Koffing, L5, F|\n|poke|p2|Mienfoo, L5, M|\n|poke|p2|Ferroseed, L5, M|\n|poke|p2|Mudbray, L5, F|\n|poke|p2|Abra, L5, F|\n|teampreview\n|j|+fiend hound\n|j| Foukrou\n|j| zeroouttathere\n|j| zeriloa\n|j| Albi\n|\n|t:|1652481067\n|start\n|switch|p1a: Timburr|Timburr, L5, M|100\/100\n|switch|p2a: Mienfoo|Mienfoo, L5, M|100\/100\n|turn|1\n|c| zeroouttathere|that's my captain!\n|j| Peachy07\n|\n|t:|1652481072\n|switch|p1a: Larvesta|Larvesta, L5, F|100\/100\n|move|p2a: Mienfoo|Knock Off|p1a: Larvesta\n|-damage|p1a: Larvesta|61\/100\n|-enditem|p1a: Larvesta|Choice Scarf|[from] move: Knock Off|[of] p2a: Mienfoo\n|\n|upkeep\n|turn|2\n|j| meko prophet\n|j| Lokifan\n|\n|t:|1652481086\n|switch|p2a: Mudbray|Mudbray, L5, F|100\/100\n|move|p1a: Larvesta|Morning Sun|p1a: Larvesta\n|-heal|p1a: Larvesta|100\/100\n|\n|upkeep\n|turn|3\n|l| meko prophet\n|\n|t:|1652481110\n|switch|p1a: Timburr|Timburr, L5, M|100\/100\n|move|p2a: Mudbray|Heavy Slam|p1a: Timburr\n|-damage|p1a: Timburr|59\/100\n|\n|upkeep\n|turn|4\n|j| meko prophet\n|\n|t:|1652481139\n|switch|p1a: Natu|Natu, L5, F|100\/100\n|move|p2a: Mudbray|Heavy Slam|p1a: Natu\n|-damage|p1a: Natu|48\/100\n|\n|upkeep\n|turn|5\n|l| meko prophet\n|j| GreenWEnvy\n|l| GreenWEnvy\n|\n|t:|1652481185\n|switch|p1a: Larvesta|Larvesta, L5, F|100\/100\n|move|p2a: Mudbray|Heavy Slam|p1a: Larvesta\n|-resisted|p1a: Larvesta\n|-damage|p1a: Larvesta|79\/100\n|\n|upkeep\n|turn|6\n|j| meko prophet\n|j| daunt vs\n|l| meko prophet\n|\n|t:|1652481231\n|switch|p2a: Mienfoo|Mienfoo, L5, M|100\/100\n|move|p1a: Larvesta|U-turn|p2a: Mienfoo\n|-resisted|p2a: Mienfoo\n|-damage|p2a: Mienfoo|86\/100\n|j| meko prophet\n|\n|t:|1652481246\n|switch|p1a: Carvanha|Carvanha, L5, F|100\/100|[from]move: U-turn\n|\n|upkeep\n|turn|7\n|l| meko prophet\n|\n|t:|1652481266\n|move|p1a: Carvanha|Protect|p1a: Carvanha\n|-singleturn|p1a: Carvanha|Protect\n|move|p2a: Mienfoo|U-turn|p1a: Carvanha\n|-activate|p1a: Carvanha|move: Protect\n|\n|-ability|p1a: Carvanha|Speed Boost|boost\n|-boost|p1a: Carvanha|spe|1\n|upkeep\n|turn|8\n|\n|t:|1652481276\n|move|p1a: Carvanha|Flip Turn|p2a: Mienfoo\n|-damage|p2a: Mienfoo|43\/100\n|-damage|p1a: Carvanha|95\/100|[from] item: Life Orb\n|\n|t:|1652481281\n|switch|p1a: Koffing|Koffing, L5, M|100\/100|[from]move: Flip Turn\n|-ability|p1a: Koffing|Neutralizing Gas\n|move|p2a: Mienfoo|Knock Off|p1a: Koffing\n|-damage|p1a: Koffing|75\/100\n|-enditem|p1a: Koffing|Eviolite|[from] move: Knock Off|[of] p2a: Mienfoo\n|\n|upkeep\n|turn|9\n|j| meko prophet\n|\n|t:|1652481334\n|move|p2a: Mienfoo|U-turn|p1a: Koffing\n|-resisted|p1a: Koffing\n|-damage|p1a: Koffing|65\/100\n|j| got cookies\n|\n|t:|1652481342\n|switch|p2a: Ferroseed|Ferroseed, L5, M|100\/100|[from]move: U-turn\n|move|p1a: Koffing|Fire Blast|p2a: Ferroseed\n|-supereffective|p2a: Ferroseed\n|-damage|p2a: Ferroseed|10\/100\n|\n|upkeep\n|turn|10\n|\n|t:|1652481359\n|switch|p2a: Mudbray|Mudbray, L5, F|100\/100\n|move|p1a: Koffing|Fire Blast|p2a: Mudbray\n|-damage|p2a: Mudbray|68\/100\n|\n|upkeep\n|turn|11\n|c| got cookies|hey zeriloa shrug said you owe him a mcchiken\n|\n|t:|1652481379\n|-end|p1a: Koffing|ability: Neutralizing Gas\n|switch|p1a: Natu|Natu, L5, F|48\/100\n|move|p2a: Mudbray|Stealth Rock|p1a: Natu\n|move|p1a: Natu|Stealth Rock|p2a: Mudbray|[from]ability: Magic Bounce\n|-sidestart|p2: Shrug|move: Stealth Rock\n|\n|upkeep\n|turn|12\n|l| meko prophet\n|\n|t:|1652481421\n|move|p1a: Natu|U-turn|p2a: Mudbray\n|-damage|p2a: Mudbray|57\/100\n|-ability|p2a: Mudbray|Stamina|boost\n|-boost|p2a: Mudbray|def|1\n|\n|t:|1652481427\n|switch|p1a: Larvesta|Larvesta, L5, F|79\/100|[from]move: U-turn\n|move|p2a: Mudbray|Heavy Slam|p1a: Larvesta\n|-resisted|p1a: Larvesta\n|-damage|p1a: Larvesta|57\/100\n|\n|upkeep\n|turn|13\n|\n|t:|1652481462\n|move|p1a: Larvesta|U-turn|p2a: Mudbray\n|-damage|p2a: Mudbray|32\/100\n|-ability|p2a: Mudbray|Stamina|boost\n|-boost|p2a: Mudbray|def|1\n|\n|t:|1652481469\n|switch|p1a: Natu|Natu, L5, F|48\/100|[from]move: U-turn\n|move|p2a: Mudbray|Stealth Rock|p1a: Natu\n|move|p1a: Natu|Stealth Rock||[from]ability: Magic Bounce|[still]\n|-fail|p1a: Natu\n|\n|upkeep\n|turn|14\n|\n|t:|1652481482\n|move|p1a: Natu|Psychic|p2a: Mudbray\n|-damage|p2a: Mudbray|0 fnt\n|faint|p2a: Mudbray\n|\n|upkeep\n|c|\u2606Shrug|ok i got rocked gg\n|\n|t:|1652481499\n|switch|p2a: Abra|Abra, L5, F|100\/100\n|turn|15\n|j| paolode99\n|\n|t:|1652481535\n|switch|p2a: Mienfoo|Mienfoo, L5, M|43\/100\n|-damage|p2a: Mienfoo|39\/100|[from] Stealth Rock\n|switch|p1a: Pawniard|Pawniard, L5, F|100\/100\n|\n|upkeep\n|turn|16\n|l| got cookies\n|\n|t:|1652481555\n|switch|p2a: Abra|Abra, L5, F|100\/100\n|switch|p1a: Larvesta|Larvesta, L5, F|57\/100\n|\n|upkeep\n|turn|17\n|\n|t:|1652481569\n|switch|p2a: Mienfoo|Mienfoo, L5, M|72\/100\n|-damage|p2a: Mienfoo|67\/100|[from] Stealth Rock\n|switch|p1a: Pawniard|Pawniard, L5, F|100\/100\n|\n|upkeep\n|turn|18\n|j| sinisbee\n|\n|t:|1652481605\n|switch|p1a: Koffing|Koffing, L5, M|65\/100\n|-ability|p1a: Koffing|Neutralizing Gas\n|move|p2a: Mienfoo|High Jump Kick|p1a: Koffing\n|-resisted|p1a: Koffing\n|-damage|p1a: Koffing|35\/100\n|\n|upkeep\n|turn|19\n|\n|t:|1652481629\n|move|p2a: Mienfoo|U-turn|p1a: Koffing\n|-resisted|p1a: Koffing\n|-damage|p1a: Koffing|25\/100\n|\n|t:|1652481631\n|switch|p2a: Ferroseed|Ferroseed, L5, M|10\/100|[from]move: U-turn\n|-damage|p2a: Ferroseed|5\/100|[from] Stealth Rock\n|move|p1a: Koffing|Thunderbolt|p2a: Ferroseed\n|-resisted|p2a: Ferroseed\n|-damage|p2a: Ferroseed|0 fnt\n|faint|p2a: Ferroseed\n|\n|upkeep\n|\n|t:|1652481634\n|switch|p2a: Carvanha|Carvanha, L5, M|100\/100\n|-damage|p2a: Carvanha|90\/100|[from] Stealth Rock\n|turn|20\n|\n|t:|1652481652\n|move|p2a: Carvanha|Crunch|p1a: Koffing\n|-damage|p1a: Koffing|0 fnt\n|faint|p1a: Koffing\n|-end|p1a: Koffing|ability: Neutralizing Gas\n|-damage|p2a: Carvanha|85\/100|[from] item: Life Orb\n|\n|-ability|p2a: Carvanha|Speed Boost|boost\n|-boost|p2a: Carvanha|spe|1\n|upkeep\n|l| sinisbee\n|j| AndreyVGC\n|\n|t:|1652481710\n|switch|p1a: Pawniard|Pawniard, L5, F|100\/100\n|turn|21\n|\n|t:|1652481727\n|move|p2a: Carvanha|Flip Turn|p1a: Pawniard\n|-crit|p1a: Pawniard\n|-damage|p1a: Pawniard|10\/100\n|-enditem|p1a: Pawniard|Berry Juice\n|-heal|p1a: Pawniard|100\/100|[from] item: Berry Juice\n|-damage|p2a: Carvanha|79\/100|[from] item: Life Orb\n|\n|t:|1652481733\n|switch|p2a: Mienfoo|Mienfoo, L5, M|67\/100|[from]move: Flip Turn\n|-damage|p2a: Mienfoo|62\/100|[from] Stealth Rock\n|move|p1a: Pawniard|Knock Off|p2a: Mienfoo\n|-resisted|p2a: Mienfoo\n|-crit|p2a: Mienfoo\n|-damage|p2a: Mienfoo|24\/100\n|-enditem|p2a: Mienfoo|Eviolite|[from] move: Knock Off|[of] p1a: Pawniard\n|\n|upkeep\n|turn|22\n|c| daunt vs|k dia estamos\n|c| daunt vs|hoy?\n|c|\u2606Shrug|unfort\n|\n|t:|1652481771\n|switch|p2a: Koffing|Koffing, L5, F|100\/100\n|-ability|p2a: Koffing|Neutralizing Gas\n|-damage|p2a: Koffing|90\/100|[from] Stealth Rock\n|switch|p1a: Larvesta|Larvesta, L5, F|57\/100\n|\n|upkeep\n|turn|23\n|\n|t:|1652481791\n|move|p1a: Larvesta|U-turn|p2a: Koffing\n|-resisted|p2a: Koffing\n|-damage|p2a: Koffing|75\/100\n|\n|t:|1652481794\n|switch|p1a: Natu|Natu, L5, F|48\/100|[from]move: U-turn\n|move|p2a: Koffing|Fire Blast|p1a: Natu\n|-damage|p1a: Natu|10\/100\n|\n|upkeep\n|turn|24\n|\n|t:|1652481833\n|-end|p2a: Koffing|ability: Neutralizing Gas\n|switch|p2a: Carvanha|Carvanha, L5, M|79\/100\n|-damage|p2a: Carvanha|69\/100|[from] Stealth Rock\n|move|p1a: Natu|Heat Wave|p2a: Carvanha\n|-resisted|p2a: Carvanha\n|-damage|p2a: Carvanha|43\/100\n|\n|upkeep\n|turn|25\n|\n|t:|1652481864\n|move|p2a: Carvanha|Protect|p2a: Carvanha\n|-singleturn|p2a: Carvanha|Protect\n|move|p1a: Natu|U-turn|p2a: Carvanha\n|-activate|p2a: Carvanha|move: Protect\n|\n|-ability|p2a: Carvanha|Speed Boost|boost\n|-boost|p2a: Carvanha|spe|1\n|upkeep\n|turn|26\n|\n|t:|1652481874\n|move|p2a: Carvanha|Crunch|p1a: Natu\n|-supereffective|p1a: Natu\n|-damage|p1a: Natu|0 fnt\n|faint|p1a: Natu\n|-damage|p2a: Carvanha|37\/100|[from] item: Life Orb\n|\n|-ability|p2a: Carvanha|Speed Boost|boost\n|-boost|p2a: Carvanha|spe|1\n|upkeep\n|\n|t:|1652481885\n|switch|p1a: Timburr|Timburr, L5, M|59\/100\n|turn|27\n|\n|t:|1652481921\n|switch|p2a: Koffing|Koffing, L5, F|75\/100\n|-ability|p2a: Koffing|Neutralizing Gas\n|-damage|p2a: Koffing|65\/100|[from] Stealth Rock\n|move|p1a: Timburr|Mach Punch|p2a: Koffing\n|-resisted|p2a: Koffing\n|-damage|p2a: Koffing|56\/100\n|\n|upkeep\n|turn|28\n|\n|t:|1652481949\n|move|p2a: Koffing|Sludge Bomb|p1a: Timburr\n|-damage|p1a: Timburr|17\/100\n|-status|p1a: Timburr|psn\n|move|p1a: Timburr|Knock Off|p2a: Koffing\n|-damage|p2a: Koffing|25\/100\n|-enditem|p2a: Koffing|Eviolite|[from] move: Knock Off|[of] p1a: Timburr\n|\n|-damage|p1a: Timburr|5\/100 psn|[from] psn\n|upkeep\n|turn|29\n|\n|t:|1652482024\n|move|p2a: Koffing|Thunderbolt|p1a: Timburr\n|-damage|p1a: Timburr|0 fnt\n|faint|p1a: Timburr\n|\n|upkeep\n|\n|t:|1652482035\n|switch|p1a: Carvanha|Carvanha, L5, F|95\/100\n|turn|30\n|j| KingSlayer2000\n|\n|t:|1652482060\n|move|p1a: Carvanha|Crunch|p2a: Koffing\n|-damage|p2a: Koffing|0 fnt\n|faint|p2a: Koffing\n|-end|p2a: Koffing|ability: Neutralizing Gas\n|-damage|p1a: Carvanha|90\/100|[from] item: Life Orb\n|\n|-ability|p1a: Carvanha|Speed Boost|boost\n|-boost|p1a: Carvanha|spe|1\n|upkeep\n|\n|t:|1652482062\n|switch|p2a: Abra|Abra, L5, F|100\/100\n|turn|31\n|\n|t:|1652482085\n|switch|p2a: Mienfoo|Mienfoo, L5, M|58\/100\n|-damage|p2a: Mienfoo|53\/100|[from] Stealth Rock\n|move|p1a: Carvanha|Protect||[still]\n|-fail|p1a: Carvanha\n|\n|-ability|p1a: Carvanha|Speed Boost|boost\n|-boost|p1a: Carvanha|spe|1\n|upkeep\n|turn|32\n|c|\u2606Shrug|gg\n|-message|Shrug forfeited.\n|\n|win|Laroxyl\n|c|\u2606Laroxyl|gg\n|l| zeriloa\n","uploadtime":1652482105,"views":142,"p1id":"laroxyl","p2id":"shrug","formatid":"gen8lc","rating":0,"private":0,"password":null}