{"id":"gen8randombattle-1121697250","p1":"BigWes95","p2":"Eu_komala","format":"gen8randombattle","log":"|j|\u2606BigWes95\n|j|\u2606Eu_komala\n|player|p1|BigWes95|swimmer-gen4dp|1317\n|player|p2|Eu_komala|224|1368\n|teamsize|p1|6\n|teamsize|p2|6\n|gametype|singles\n|gen|8\n|tier|[Gen 8] Random Battle\n|rated|\n|rule|Species Clause: Limit one of each Pok\u00e9mon\n|rule|HP Percentage Mod: HP is shown in percentages\n|rule|Sleep Clause Mod: Limit one foe put to sleep\n|\n|start\n|switch|p1a: Grimmsnarl|Grimmsnarl, L80, M|283\/283\n|switch|p2a: Swoobat|Swoobat, L88, M|261\/261\n|turn|1\n|inactive|Battle timer is ON: inactive players will automatically lose when time's up. (requested by BigWes95)\n|inactive|Eu_komala has 120 seconds left.\n|\n|switch|p2a: Drapion|Drapion, L84, M|255\/255\n|move|p1a: Grimmsnarl|Play Rough|p2a: Drapion\n|-damage|p2a: Drapion|173\/255\n|\n|-heal|p2a: Drapion|188\/255|[from] item: Black Sludge\n|upkeep\n|turn|2\n|\n|switch|p1a: Quagsire|Quagsire, L86, M|304\/304\n|move|p2a: Drapion|Toxic Spikes|p1a: Quagsire\n|-sidestart|p1: BigWes95|move: Toxic Spikes\n|\n|-heal|p2a: Drapion|203\/255|[from] item: Black Sludge\n|upkeep\n|turn|3\n|\n|move|p2a: Drapion|Toxic Spikes|p1a: Quagsire\n|-sidestart|p1: BigWes95|move: Toxic Spikes\n|move|p1a: Quagsire|Earthquake|p2a: Drapion\n|-supereffective|p2a: Drapion\n|-damage|p2a: Drapion|27\/255\n|\n|-heal|p2a: Drapion|42\/255|[from] item: Black Sludge\n|upkeep\n|turn|4\n|inactive|Eu_komala has 120 seconds left.\n|\n|switch|p2a: Drifblim|Drifblim, L86, M|398\/398\n|move|p1a: Quagsire|Scald|p2a: Drifblim\n|-damage|p2a: Drifblim|299\/398\n|-status|p2a: Drifblim|brn\n|\n|-damage|p2a: Drifblim|275\/398 brn|[from] brn\n|upkeep\n|turn|5\n|inactive|Eu_komala has 120 seconds left.\n|\n|move|p2a: Drifblim|Strength Sap|p1a: Quagsire\n|-unboost|p1a: Quagsire|atk|1\n|-heal|p2a: Drifblim|398\/398 brn\n|move|p1a: Quagsire|Ice Beam|p2a: Drifblim\n|-supereffective|p2a: Drifblim\n|-damage|p2a: Drifblim|260\/398 brn\n|\n|-damage|p2a: Drifblim|236\/398 brn|[from] brn\n|upkeep\n|turn|6\n|inactive|Eu_komala has 120 seconds left.\n|\n|switch|p2a: Suicune|Suicune, L80|291\/291\n|-ability|p2a: Suicune|Pressure\n|move|p1a: Quagsire|Ice Beam|p2a: Suicune\n|-resisted|p2a: Suicune\n|-damage|p2a: Suicune|271\/291\n|\n|-heal|p2a: Suicune|289\/291|[from] item: Leftovers\n|upkeep\n|turn|7\n|inactive|Eu_komala has 120 seconds left.\n|\n|switch|p1a: Persian|Persian-Alola, L86, F|252\/252\n|-status|p1a: Persian|tox\n|move|p2a: Suicune|Scald|p1a: Persian\n|-damage|p1a: Persian|155\/252 tox\n|\n|-heal|p1a: Persian|170\/252 tox|[from] item: Leftovers\n|-heal|p2a: Suicune|291\/291|[from] item: Leftovers\n|-damage|p1a: Persian|155\/252 tox|[from] psn\n|upkeep\n|turn|8\n|inactive|Eu_komala has 120 seconds left.\n|\n|switch|p2a: Drifblim|Drifblim, L86, M|236\/398 brn\n|move|p1a: Persian|Thunderbolt|p2a: Drifblim\n|-supereffective|p2a: Drifblim\n|-damage|p2a: Drifblim|74\/398 brn\n|-enditem|p2a: Drifblim|Sitrus Berry|[eat]\n|-heal|p2a: Drifblim|173\/398 brn|[from] item: Sitrus Berry\n|\n|-heal|p1a: Persian|170\/252 tox|[from] item: Leftovers\n|-damage|p2a: Drifblim|149\/398 brn|[from] brn\n|-damage|p1a: Persian|140\/252 tox|[from] psn\n|upkeep\n|turn|9\n|\n|move|p2a: Drifblim|Strength Sap|p1a: Persian\n|-unboost|p1a: Persian|atk|1\n|-heal|p2a: Drifblim|257\/398 brn\n|move|p1a: Persian|Dark Pulse|p2a: Drifblim\n|-supereffective|p2a: Drifblim\n|-damage|p2a: Drifblim|65\/398 brn\n|\n|-heal|p1a: Persian|155\/252 tox|[from] item: Leftovers\n|-damage|p2a: Drifblim|41\/398 brn|[from] brn\n|-damage|p1a: Persian|110\/252 tox|[from] psn\n|upkeep\n|turn|10\n|\n|move|p2a: Drifblim|Thunderbolt|p1a: Persian\n|-damage|p1a: Persian|33\/252 tox\n|move|p1a: Persian|Dark Pulse|p2a: Drifblim\n|-supereffective|p2a: Drifblim\n|-damage|p2a: Drifblim|0 fnt\n|faint|p2a: Drifblim\n|\n|-heal|p1a: Persian|48\/252 tox|[from] item: Leftovers\n|-damage|p1a: Persian|0 fnt|[from] psn\n|faint|p1a: Persian\n|upkeep\n|\n|switch|p1a: Barbaracle|Barbaracle, L82, F|252\/252\n|switch|p2a: Drapion|Drapion, L84, M|42\/255\n|-status|p1a: Barbaracle|tox\n|turn|11\n|\n|move|p2a: Drapion|Taunt|p1a: Barbaracle\n|-start|p1a: Barbaracle|move: Taunt\n|cant|p1a: Barbaracle|move: Taunt|Shell Smash\n|\n|-heal|p2a: Drapion|57\/255|[from] item: Black Sludge\n|-damage|p1a: Barbaracle|237\/252 tox|[from] psn\n|upkeep\n|turn|12\n|\n|switch|p1a: Quagsire|Quagsire, L86, M|304\/304\n|-status|p1a: Quagsire|tox\n|move|p2a: Drapion|Knock Off|p1a: Quagsire\n|-damage|p1a: Quagsire|205\/304 tox\n|-enditem|p1a: Quagsire|Leftovers|[from] move: Knock Off|[of] p2a: Drapion\n|\n|-heal|p2a: Drapion|72\/255|[from] item: Black Sludge\n|-damage|p1a: Quagsire|186\/304 tox|[from] psn\n|upkeep\n|turn|13\n|\n|switch|p2a: Suicune|Suicune, L80|291\/291\n|-ability|p2a: Suicune|Pressure\n|move|p1a: Quagsire|Earthquake|p2a: Suicune\n|-damage|p2a: Suicune|207\/291\n|\n|-heal|p2a: Suicune|225\/291|[from] item: Leftovers\n|-damage|p1a: Quagsire|148\/304 tox|[from] psn\n|upkeep\n|turn|14\n|\n|move|p2a: Suicune|Scald|p1a: Quagsire\n|-heal|p1a: Quagsire|224\/304 tox|[from] ability: Water Absorb|[of] p2a: Suicune\n|move|p1a: Quagsire|Earthquake|p2a: Suicune\n|-damage|p2a: Suicune|131\/291\n|\n|-heal|p2a: Suicune|149\/291|[from] item: Leftovers\n|-damage|p1a: Quagsire|167\/304 tox|[from] psn\n|upkeep\n|turn|15\n|\n|move|p2a: Suicune|Rest|p2a: Suicune\n|-status|p2a: Suicune|slp|[from] move: Rest\n|-heal|p2a: Suicune|291\/291 slp|[silent]\n|move|p1a: Quagsire|Ice Beam|p2a: Suicune\n|-resisted|p2a: Suicune\n|-damage|p2a: Suicune|270\/291 slp\n|\n|-heal|p2a: Suicune|288\/291 slp|[from] item: Leftovers\n|-damage|p1a: Quagsire|91\/304 tox|[from] psn\n|upkeep\n|turn|16\n|\n|switch|p1a: Barbaracle|Barbaracle, L82, F|237\/252 tox\n|cant|p2a: Suicune|slp\n|move|p2a: Suicune|Sleep Talk|p2a: Suicune\n|move|p2a: Suicune|Ice Beam|p1a: Barbaracle|[from]Sleep Talk\n|-resisted|p1a: Barbaracle\n|-damage|p1a: Barbaracle|208\/252 tox\n|\n|-heal|p2a: Suicune|291\/291 slp|[from] item: Leftovers\n|-damage|p1a: Barbaracle|193\/252 tox|[from] psn\n|upkeep\n|turn|17\n|\n|cant|p2a: Suicune|slp\n|move|p2a: Suicune|Sleep Talk|p2a: Suicune\n|move|p2a: Suicune|Rest|p2a: Suicune|[from]Sleep Talk\n|-fail|p2a: Suicune|heal\n|move|p1a: Barbaracle|Shell Smash|p1a: Barbaracle\n|-unboost|p1a: Barbaracle|def|1\n|-unboost|p1a: Barbaracle|spd|1\n|-boost|p1a: Barbaracle|atk|2\n|-boost|p1a: Barbaracle|spa|2\n|-boost|p1a: Barbaracle|spe|2\n|-enditem|p1a: Barbaracle|White Herb\n|-clearnegativeboost|p1a: Barbaracle|[silent]\n|\n|-damage|p1a: Barbaracle|163\/252 tox|[from] psn\n|upkeep\n|turn|18\n|inactive|Eu_komala has 90 seconds left.\n|\n|move|p1a: Barbaracle|Shell Smash|p1a: Barbaracle\n|-unboost|p1a: Barbaracle|def|1\n|-unboost|p1a: Barbaracle|spd|1\n|-boost|p1a: Barbaracle|atk|2\n|-boost|p1a: Barbaracle|spa|2\n|-boost|p1a: Barbaracle|spe|2\n|-curestatus|p2a: Suicune|slp|[msg]\n|move|p2a: Suicune|Scald|p1a: Barbaracle\n|-damage|p1a: Barbaracle|48\/252 tox\n|\n|-damage|p1a: Barbaracle|3\/252 tox|[from] psn\n|upkeep\n|turn|19\n|inactive|Eu_komala has 90 seconds left.\n|\n|move|p1a: Barbaracle|Earthquake|p2a: Suicune\n|-damage|p2a: Suicune|95\/291\n|move|p2a: Suicune|Rest|p2a: Suicune\n|-status|p2a: Suicune|slp|[from] move: Rest\n|-heal|p2a: Suicune|291\/291 slp|[silent]\n|\n|-damage|p1a: Barbaracle|0 fnt|[from] psn\n|faint|p1a: Barbaracle\n|upkeep\n|-message|BigWes95 forfeited.\n|\n|win|Eu_komala\n|l|\u2606BigWes95\n||Ladder (probably) updated, but score could not be retrieved (Response not received).\n","inputlog":">version 76b545db107b1addf0962f06a01ce45d4aa5694c\n>start {\"formatid\":\"gen8randombattle\",\"seed\":[30322,46726,55165,35348],\"rated\":\"Rated battle\"}\n>player p1 {\"name\":\"BigWes95\",\"avatar\":\"swimmer-gen4dp\",\"team\":\"\",\"rating\":1317,\"seed\":[51473,65083,27228,49502]}\n>player p2 {\"name\":\"Eu_komala\",\"avatar\":\"224\",\"team\":\"\",\"rating\":1368,\"seed\":[1746,14722,28309,38189]}\n>p1 move playrough\n>p2 switch 4\n>p1 switch 4\n>p2 move toxicspikes\n>p1 move earthquake\n>p2 move toxicspikes\n>p1 move scald\n>p2 switch 6\n>p1 move icebeam\n>p2 move strengthsap\n>p1 move icebeam\n>p2 switch 3\n>p1 switch 2\n>p2 move scald\n>p1 move thunderbolt\n>p2 switch 3\n>p1 move darkpulse\n>p2 move strengthsap\n>p1 move darkpulse\n>p2 move thunderbolt\n>p1 switch 6\n>p2 switch 6\n>p1 move shellsmash\n>p2 move taunt\n>p1 switch 2\n>p2 move knockoff\n>p1 move earthquake\n>p2 switch 3\n>p1 move earthquake\n>p2 move scald\n>p1 move icebeam\n>p2 move rest\n>p1 switch 2\n>p2 move sleeptalk\n>p1 move shellsmash\n>p2 move sleeptalk\n>p1 move shellsmash\n>p2 move scald\n>p1 move earthquake\n>p2 move rest","uploadtime":1590518939,"views":1,"p1id":"bigwes95","p2id":"eukomala","formatid":"gen8randombattle","rating":0,"private":0,"password":null}