{"id":"gen8ru-1234944652","p1":"OGamer289","p2":"elmudo1995","format":"gen8ru","log":"|j|\u2606OGamer289\n|j|\u2606elmudo1995\n|t:|1606831317\n|player|p1|OGamer289|153|1291\n|player|p2|elmudo1995|cynthia-gen4|1146\n|teamsize|p1|6\n|teamsize|p2|6\n|gametype|singles\n|gen|8\n|tier|[Gen 8] RU\n|rated|\n|clearpoke\n|poke|p1|Slowbro-Galar, M|\n|poke|p1|Zarude|\n|poke|p1|Suicune|\n|poke|p1|Entei|\n|poke|p1|Klefki, F|\n|poke|p1|Kyurem|\n|poke|p2|Slowking, M|\n|poke|p2|Crobat, M|\n|poke|p2|Steelix, M|\n|poke|p2|Xurkitree|\n|poke|p2|Gardevoir, M|\n|poke|p2|Entei|\n|rule|Sleep Clause Mod: Limit one foe put to sleep\n|rule|Species Clause: Limit one of each Pok\u00e9mon\n|rule|OHKO Clause: OHKO moves are banned\n|rule|Evasion Moves Clause: Evasion moves are banned\n|rule|Endless Battle Clause: Forcing endless battles is banned\n|rule|HP Percentage Mod: HP is shown in percentages\n|rule|Dynamax Clause: You cannot dynamax\n|teampreview\n|inactive|Battle timer is ON: inactive players will automatically lose when time's up. (requested by OGamer289)\n|\n|t:|1606831327\n|start\n|switch|p1a: Jorge|Zarude|100\/100\n|switch|p2a: Crobat|Crobat, M|100\/100\n|turn|1\n|\n|t:|1606831346\n|switch|p1a: Bro|Slowbro-Galar, M, shiny|100\/100\n|move|p2a: Crobat|U-turn|p1a: Bro\n|-damage|p1a: Bro|90\/100\n|-damage|p2a: Crobat|84\/100|[from] item: Rocky Helmet|[of] p1a: Bro\n|\n|t:|1606831354\n|switch|p2a: Xurkitree|Xurkitree|100\/100|[from]move: U-turn\n|\n|upkeep\n|turn|2\n|\n|t:|1606831362\n|switch|p1a: H\u00fchnchen|Kyurem, shiny|100\/100\n|-ability|p1a: H\u00fchnchen|Pressure\n|move|p2a: Xurkitree|Volt Switch|p1a: H\u00fchnchen\n|-resisted|p1a: H\u00fchnchen\n|-damage|p1a: H\u00fchnchen|77\/100\n|\n|t:|1606831373\n|switch|p2a: Steelix|Steelix, M|100\/100|[from]move: Volt Switch\n|\n|upkeep\n|turn|3\n|\n|t:|1606831384\n|switch|p1a: Kuh|Suicune|100\/100\n|-ability|p1a: Kuh|Pressure\n|move|p2a: Steelix|Stealth Rock|p1a: Kuh\n|-sidestart|p1: OGamer289|move: Stealth Rock\n|\n|upkeep\n|turn|4\n|\n|t:|1606831388\n|switch|p2a: Gardevoir|Gardevoir, M|100\/100\n|-ability|p2a: Gardevoir|Pressure|[from] ability: Trace|[of] p1a: Kuh\n|-ability|p2a: Gardevoir|Pressure\n|move|p1a: Kuh|Scald|p2a: Gardevoir\n|-damage|p2a: Gardevoir|60\/100\n|\n|upkeep\n|turn|5\n|\n|t:|1606831396\n|move|p2a: Gardevoir|Trick|p1a: Kuh\n|-activate|p2a: Gardevoir|move: Trick|[of] p1a: Kuh\n|-item|p1a: Kuh|Choice Scarf|[from] move: Trick\n|-item|p2a: Gardevoir|Assault Vest|[from] move: Trick\n|move|p1a: Kuh|Hydro Pump|p2a: Gardevoir\n|-crit|p2a: Gardevoir\n|-damage|p2a: Gardevoir|8\/100\n|\n|upkeep\n|turn|6\n|\n|t:|1606831411\n|switch|p2a: King Sir\u00ec|Slowking, M|100\/100\n|move|p1a: Kuh|Hydro Pump|p2a: King Sir\u00ec\n|-resisted|p2a: King Sir\u00ec\n|-damage|p2a: King Sir\u00ec|80\/100\n|\n|-heal|p2a: King Sir\u00ec|87\/100|[from] item: Leftovers\n|upkeep\n|turn|7\n|\n|t:|1606831417\n|switch|p1a: Schl\u00fcs....|Klefki, F|100\/100\n|-damage|p1a: Schl\u00fcs....|95\/100|[from] Stealth Rock\n|move|p2a: King Sir\u00ec|Teleport|p2a: King Sir\u00ec\n|\n|t:|1606831420\n|switch|p2a: Entei|Entei|100\/100|[from]move: Teleport\n|-ability|p2a: Entei|Pressure\n|\n|-heal|p1a: Schl\u00fcs....|100\/100|[from] item: Leftovers\n|upkeep\n|turn|8\n|\n|t:|1606831425\n|switch|p1a: Kuh|Suicune|100\/100\n|-damage|p1a: Kuh|88\/100|[from] Stealth Rock\n|-ability|p1a: Kuh|Pressure\n|move|p2a: Entei|Sacred Fire|p1a: Kuh\n|-resisted|p1a: Kuh\n|-damage|p1a: Kuh|62\/100\n|-status|p1a: Kuh|brn\n|\n|-damage|p1a: Kuh|56\/100 brn|[from] brn\n|upkeep\n|turn|9\n|\n|t:|1606831429\n|switch|p2a: King Sir\u00ec|Slowking, M|100\/100\n|switch|p1a: Schl\u00fcs....|Klefki, F|100\/100\n|-damage|p1a: Schl\u00fcs....|95\/100|[from] Stealth Rock\n|\n|-heal|p1a: Schl\u00fcs....|100\/100|[from] item: Leftovers\n|upkeep\n|turn|10\n|\n|t:|1606831433\n|move|p1a: Schl\u00fcs....|Defog|p2a: King Sir\u00ec\n|-unboost|p2a: King Sir\u00ec|evasion|1\n|-sideend|p1: OGamer289|Stealth Rock|[from] move: Defog|[of] p1a: Schl\u00fcs....\n|move|p2a: King Sir\u00ec|Scald|p1a: Schl\u00fcs....\n|-damage|p1a: Schl\u00fcs....|77\/100\n|-status|p1a: Schl\u00fcs....|brn\n|\n|-heal|p1a: Schl\u00fcs....|83\/100 brn|[from] item: Leftovers\n|-damage|p1a: Schl\u00fcs....|77\/100 brn|[from] brn\n|upkeep\n|turn|11\n|\n|t:|1606831439\n|switch|p2a: Steelix|Steelix, M|100\/100\n|move|p1a: Schl\u00fcs....|Toxic|p2a: Steelix\n|-immune|p2a: Steelix\n|\n|-heal|p1a: Schl\u00fcs....|83\/100 brn|[from] item: Leftovers\n|-damage|p1a: Schl\u00fcs....|77\/100 brn|[from] brn\n|upkeep\n|turn|12\n|\n|t:|1606831443\n|switch|p1a: Kuh|Suicune|56\/100 brn\n|-ability|p1a: Kuh|Pressure\n|move|p2a: Steelix|Stealth Rock|p1a: Kuh\n|-sidestart|p1: OGamer289|move: Stealth Rock\n|\n|-damage|p1a: Kuh|50\/100 brn|[from] brn\n|upkeep\n|turn|13\n|\n|t:|1606831448\n|switch|p2a: King Sir\u00ec|Slowking, M|100\/100\n|move|p1a: Kuh|Scald|p2a: King Sir\u00ec\n|-resisted|p2a: King Sir\u00ec\n|-damage|p2a: King Sir\u00ec|86\/100\n|-status|p2a: King Sir\u00ec|brn\n|\n|-heal|p2a: King Sir\u00ec|92\/100 brn|[from] item: Leftovers\n|-damage|p1a: Kuh|44\/100 brn|[from] brn\n|-damage|p2a: King Sir\u00ec|86\/100 brn|[from] brn\n|upkeep\n|turn|14\n|\n|t:|1606831453\n|switch|p1a: Schl\u00fcs....|Klefki, F|77\/100 brn\n|-damage|p1a: Schl\u00fcs....|71\/100 brn|[from] Stealth Rock\n|move|p2a: King Sir\u00ec|Teleport|p2a: King Sir\u00ec\n|\n|t:|1606831459\n|switch|p2a: Steelix|Steelix, M|100\/100|[from]move: Teleport\n|\n|-heal|p1a: Schl\u00fcs....|77\/100 brn|[from] item: Leftovers\n|-damage|p1a: Schl\u00fcs....|71\/100 brn|[from] brn\n|upkeep\n|turn|15\n|\n|t:|1606831464\n|move|p1a: Schl\u00fcs....|Defog|p2a: Steelix\n|-unboost|p2a: Steelix|evasion|1\n|-sideend|p1: OGamer289|Stealth Rock|[from] move: Defog|[of] p1a: Schl\u00fcs....\n|move|p2a: Steelix|Earthquake|p1a: Schl\u00fcs....\n|-supereffective|p1a: Schl\u00fcs....\n|-damage|p1a: Schl\u00fcs....|0 fnt\n|faint|p1a: Schl\u00fcs....\n|\n|upkeep\n|\n|t:|1606831469\n|switch|p1a: Kuh|Suicune|44\/100 brn\n|-ability|p1a: Kuh|Pressure\n|turn|16\n|\n|t:|1606831473\n|switch|p2a: King Sir\u00ec|Slowking, M|100\/100 brn\n|move|p1a: Kuh|Scald|p2a: King Sir\u00ec\n|-resisted|p2a: King Sir\u00ec\n|-damage|p2a: King Sir\u00ec|86\/100 brn\n|\n|-heal|p2a: King Sir\u00ec|92\/100 brn|[from] item: Leftovers\n|-damage|p1a: Kuh|37\/100 brn|[from] brn\n|-damage|p2a: King Sir\u00ec|86\/100 brn|[from] brn\n|upkeep\n|turn|17\n|\n|t:|1606831477\n|switch|p1a: Jorge|Zarude|100\/100\n|move|p2a: King Sir\u00ec|Teleport|p2a: King Sir\u00ec\n|\n|t:|1606831479\n|switch|p2a: Steelix|Steelix, M|100\/100|[from]move: Teleport\n|\n|upkeep\n|turn|18\n|\n|t:|1606831483\n|move|p1a: Jorge|Close Combat|p2a: Steelix\n|-supereffective|p2a: Steelix\n|-damage|p2a: Steelix|56\/100\n|-unboost|p1a: Jorge|def|1\n|-unboost|p1a: Jorge|spd|1\n|-damage|p1a: Jorge|91\/100|[from] item: Life Orb\n|move|p2a: Steelix|Body Press|p1a: Jorge\n|-supereffective|p1a: Jorge\n|-damage|p1a: Jorge|0 fnt\n|faint|p1a: Jorge\n|\n|-heal|p2a: Steelix|62\/100|[from] item: Leftovers\n|upkeep\n|\n|t:|1606831487\n|switch|p1a: Timo|Entei, shiny|100\/100\n|-ability|p1a: Timo|Pressure\n|turn|19\n|\n|t:|1606831493\n|switch|p2a: King Sir\u00ec|Slowking, M|100\/100 brn\n|move|p1a: Timo|Sacred Fire|p2a: King Sir\u00ec\n|-resisted|p2a: King Sir\u00ec\n|-damage|p2a: King Sir\u00ec|70\/100 brn\n|\n|-heal|p2a: King Sir\u00ec|76\/100 brn|[from] item: Leftovers\n|-damage|p2a: King Sir\u00ec|70\/100 brn|[from] brn\n|upkeep\n|turn|20\n|\n|t:|1606831498\n|switch|p1a: Kuh|Suicune|37\/100 brn\n|-ability|p1a: Kuh|Pressure\n|move|p2a: King Sir\u00ec|Teleport|p2a: King Sir\u00ec\n|\n|t:|1606831501\n|switch|p2a: Xurkitree|Xurkitree|100\/100|[from]move: Teleport\n|\n|-damage|p1a: Kuh|31\/100 brn|[from] brn\n|upkeep\n|turn|21\n|\n|t:|1606831506\n|switch|p2a: King Sir\u00ec|Slowking, M|100\/100 brn\n|move|p1a: Kuh|Hydro Pump|p2a: King Sir\u00ec\n|-resisted|p2a: King Sir\u00ec\n|-damage|p2a: King Sir\u00ec|82\/100 brn\n|\n|-heal|p2a: King Sir\u00ec|88\/100 brn|[from] item: Leftovers\n|-damage|p1a: Kuh|25\/100 brn|[from] brn\n|-damage|p2a: King Sir\u00ec|82\/100 brn|[from] brn\n|upkeep\n|turn|22\n|\n|t:|1606831512\n|move|p1a: Kuh|Hydro Pump|p2a: King Sir\u00ec\n|-resisted|p2a: King Sir\u00ec\n|-damage|p2a: King Sir\u00ec|61\/100 brn\n|move|p2a: King Sir\u00ec|Future Sight|p1a: Kuh\n|-start|p2a: King Sir\u00ec|move: Future Sight\n|\n|-heal|p2a: King Sir\u00ec|67\/100 brn|[from] item: Leftovers\n|-damage|p1a: Kuh|19\/100 brn|[from] brn\n|-damage|p2a: King Sir\u00ec|61\/100 brn|[from] brn\n|upkeep\n|turn|23\n|\n|t:|1606831515\n|move|p1a: Kuh|Hydro Pump|p2a: King Sir\u00ec\n|-resisted|p2a: King Sir\u00ec\n|-damage|p2a: King Sir\u00ec|42\/100 brn\n|move|p2a: King Sir\u00ec|Slack Off|p2a: King Sir\u00ec\n|-heal|p2a: King Sir\u00ec|92\/100 brn\n|\n|-heal|p2a: King Sir\u00ec|98\/100 brn|[from] item: Leftovers\n|-damage|p1a: Kuh|13\/100 brn|[from] brn\n|-damage|p2a: King Sir\u00ec|92\/100 brn|[from] brn\n|upkeep\n|turn|24\n|\n|t:|1606831518\n|move|p1a: Kuh|Hydro Pump|p2a: King Sir\u00ec\n|-resisted|p2a: King Sir\u00ec\n|-damage|p2a: King Sir\u00ec|73\/100 brn\n|move|p2a: King Sir\u00ec|Slack Off|p2a: King Sir\u00ec\n|-heal|p2a: King Sir\u00ec|100\/100 brn\n|\n|-end|p1a: Kuh|move: Future Sight\n|-damage|p1a: Kuh|0 fnt\n|faint|p1a: Kuh\n|-damage|p2a: King Sir\u00ec|94\/100 brn|[from] brn\n|upkeep\n|-message|OGamer289 forfeited.\n|\n|win|elmudo1995\n|l|\u2606OGamer289\n","uploadtime":1606831526,"views":4,"p1id":"ogamer289","p2id":"elmudo1995","formatid":"gen8ru","rating":0,"private":0,"password":null}