{"id":"gen8randombattle-1094397295","p1":"JoJo321","p2":"SKRIEGZREX","format":"gen8randombattle","log":"|j|\u2606JoJo321\n|j|\u2606SKRIEGZREX\n|player|p1|JoJo321|2|1427\n|player|p2|SKRIEGZREX|palmer|1456\n|teamsize|p1|6\n|teamsize|p2|6\n|gametype|singles\n|gen|8\n|tier|[Gen 8] Random Battle\n|rated|\n|html|<div class=\"broadcast-red\"><strong>Random Battle is currently suspecting Dynamax! For information on how to participate check out the <a href=\"https:\/\/www.smogon.com\/forums\/threads\/3662006\/\">suspect thread<\/a>.<\/strong><\/div>\n|rule|Species Clause: Limit one of each Pok\u00e9mon\n|rule|HP Percentage Mod: HP is shown in percentages\n|rule|Sleep Clause Mod: Limit one foe put to sleep\n|\n|start\n|switch|p1a: Liepard|Liepard, L88, F|256\/256\n|switch|p2a: Registeel|Registeel, L82|265\/265\n|turn|1\n|inactive|Battle timer is ON: inactive players will automatically lose when time's up. (requested by SKRIEGZREX)\n|c|\u2606SKRIEGZREX|Glhf\n|\n|switch|p2a: Lanturn|Lanturn, L86, F|355\/355\n|move|p1a: Liepard|Knock Off|p2a: Lanturn\n|-damage|p2a: Lanturn|226\/355\n|-enditem|p2a: Lanturn|Leftovers|[from] move: Knock Off|[of] p1a: Liepard\n|\n|upkeep\n|turn|2\n|\n|move|p1a: Liepard|U-turn|p2a: Lanturn\n|-damage|p2a: Lanturn|154\/355\n|\n|switch|p1a: Lunala|Lunala, L72|316\/316\n|move|p2a: Lanturn|Toxic|p1a: Lunala\n|-status|p1a: Lunala|tox\n|\n|-damage|p1a: Lunala|297\/316 tox|[from] psn\n|upkeep\n|turn|3\n|\n|switch|p2a: Registeel|Registeel, L82|265\/265\n|move|p1a: Lunala|Moongeist Beam|p2a: Registeel\n|-damage|p2a: Registeel|201\/265\n|\n|-heal|p1a: Lunala|316\/316 tox|[from] item: Leftovers\n|-heal|p2a: Registeel|217\/265|[from] item: Leftovers\n|-damage|p1a: Lunala|278\/316 tox|[from] psn\n|upkeep\n|turn|4\n|\n|switch|p1a: Entei|Entei, L82|323\/323\n|-ability|p1a: Entei|Pressure\n|move|p2a: Registeel|Stealth Rock|p1a: Entei\n|-sidestart|p1: JoJo321|move: Stealth Rock\n|\n|-heal|p2a: Registeel|233\/265|[from] item: Leftovers\n|upkeep\n|turn|5\n|\n|move|p2a: Registeel|Protect|p2a: Registeel\n|-singleturn|p2a: Registeel|Protect\n|move|p1a: Entei|Flare Blitz|p2a: Registeel\n|-activate|p2a: Registeel|move: Protect\n|\n|-heal|p2a: Registeel|249\/265|[from] item: Leftovers\n|upkeep\n|turn|6\n|\n|switch|p2a: Jellicent|Jellicent, L84, M|305\/305\n|move|p1a: Entei|Flare Blitz|p2a: Jellicent\n|-resisted|p2a: Jellicent\n|-damage|p2a: Jellicent|178\/305\n|-damage|p1a: Entei|281\/323|[from] Recoil\n|\n|-heal|p2a: Jellicent|197\/305|[from] item: Leftovers\n|upkeep\n|turn|7\n|\n|switch|p1a: Liepard|Liepard, L88, F|256\/256\n|-damage|p1a: Liepard|224\/256|[from] Stealth Rock\n|switch|p2a: Alcremie|Alcremie, L86, F|252\/252\n|\n|upkeep\n|turn|8\n|\n|-start|p2a: Alcremie|Dynamax\n|-formechange|p2a: Alcremie|Alcremie-Gmax\n|-heal|p2a: Alcremie|504\/504|[silent]\n|move|p1a: Liepard|Thunder Wave|p2a: Alcremie|[miss]\n|-miss|p1a: Liepard|p2a: Alcremie\n|move|p2a: Alcremie|G-Max Finale|p1a: Liepard\n|-supereffective|p1a: Liepard\n|-damage|p1a: Liepard|0 fnt\n|faint|p1a: Liepard\n|\n|upkeep\n|\n|switch|p1a: Steelix|Steelix, L84, F|263\/263\n|-damage|p1a: Steelix|255\/263|[from] Stealth Rock\n|turn|9\n|\n|move|p2a: Alcremie|Max Flare|p1a: Steelix\n|-supereffective|p1a: Steelix\n|-damage|p1a: Steelix|0 fnt\n|-weather|SunnyDay\n|faint|p1a: Steelix\n|\n|-weather|SunnyDay|[upkeep]\n|upkeep\n|-message|JoJo321 forfeited.\n|\n|win|SKRIEGZREX\n|l|\u2606JoJo321\n","inputlog":">version db0b0d0acfe1dee9abc52566a4e84638d79f0ba8\n>start {\"formatid\":\"gen8randombattle\",\"seed\":[18785,13559,2156,54423],\"rated\":\"Rated battle\"}\n>player p1 {\"name\":\"JoJo321\",\"avatar\":\"2\",\"team\":\"\",\"rating\":1427,\"seed\":[38069,39898,6340,39387]}\n>player p2 {\"name\":\"SKRIEGZREX\",\"avatar\":\"palmer\",\"team\":\"\",\"rating\":1456,\"seed\":[17817,6387,27065,10120]}\n>p1 move knockoff\n>p2 switch 2\n>p1 move uturn\n>p2 move toxic\n>p1 switch 6\n>p1 move moongeistbeam\n>p2 switch 2\n>p1 switch 4\n>p2 move stealthrock\n>p1 move flareblitz\n>p2 move protect\n>p1 move flareblitz\n>p2 switch 4\n>p1 switch 6\n>p2 switch 3\n>p1 move thunderwave\n>p2 move dazzlinggleam dynamax\n>p1 switch 3\n>p1 move dragondance\n>p2 move mysticalfire dynamax","uploadtime":1586543599,"views":4,"p1id":"jojo321","p2id":"skriegzrex","formatid":"gen8randombattle","rating":0,"private":0,"password":null}