{"id":"gen8ou-1488423907","p1":"im tofa","p2":"LECH24","format":"gen8ou","log":"|j|\u2606im tofa\n|j|\u2606LECH24\n|t:|1641763523\n|gametype|singles\n|player|p1|im tofa|ethan-gen2c|1581\n|player|p2|LECH24|266|1643\n|teamsize|p1|6\n|teamsize|p2|6\n|gen|8\n|tier|[Gen 8] OU\n|rated|\n|rule|Sleep Clause Mod: Limit one foe put to sleep\n|rule|Species Clause: Limit one of each Pok\u00e9mon\n|rule|OHKO Clause: OHKO moves are banned\n|rule|Evasion Moves Clause: Evasion moves are banned\n|rule|Endless Battle Clause: Forcing endless battles is banned\n|rule|HP Percentage Mod: HP is shown in percentages\n|rule|Dynamax Clause: You cannot dynamax\n|clearpoke\n|poke|p1|Swampert, F|\n|poke|p1|Rillaboom, M|\n|poke|p1|Magnezone|\n|poke|p1|Tyranitar, M|\n|poke|p1|Tornadus-Therian, M|\n|poke|p1|Aegislash, M|\n|poke|p2|Zeraora|\n|poke|p2|Corviknight, M|\n|poke|p2|Heatran, F|\n|poke|p2|Rillaboom, M|\n|poke|p2|Tapu Lele|\n|poke|p2|Toxapex, F|\n|teampreview\n|inactive|Battle timer is ON: inactive players will automatically lose when time's up. (requested by im tofa)\n|inactive|LECH24 has 120 seconds left.\n|\n|t:|1641763556\n|start\n|switch|p1a: Team Player|Swampert, F|100\/100\n|switch|p2a: Rillaboom|Rillaboom, M|100\/100\n|-fieldstart|move: Grassy Terrain|[from] ability: Grassy Surge|[of] p2a: Rillaboom\n|turn|1\n|\n|t:|1641763561\n|move|p1a: Team Player|Protect|p1a: Team Player\n|-singleturn|p1a: Team Player|Protect\n|move|p2a: Rillaboom|Knock Off|p1a: Team Player\n|-activate|p1a: Team Player|move: Protect\n|\n|upkeep\n|turn|2\n|j| Zombini62\n|inactive|im tofa has 120 seconds left.\n|\n|t:|1641763594\n|move|p2a: Rillaboom|Knock Off|p1a: Team Player\n|-damage|p1a: Team Player|54\/100\n|-enditem|p1a: Team Player|Leftovers|[from] move: Knock Off|[of] p2a: Rillaboom\n|move|p1a: Team Player|Stealth Rock|p2a: Rillaboom\n|-sidestart|p2: LECH24|move: Stealth Rock\n|\n|-heal|p1a: Team Player|60\/100|[from] Grassy Terrain\n|upkeep\n|turn|3\n|inactive|im tofa has 120 seconds left.\n|\n|t:|1641763618\n|switch|p2a: Toxapex|Toxapex, F|100\/100\n|-damage|p2a: Toxapex|88\/100|[from] Stealth Rock\n|switch|p1a: Tyranitar|Tyranitar, M|100\/100\n|-weather|Sandstorm|[from] ability: Sand Stream|[of] p1a: Tyranitar\n|\n|-weather|Sandstorm|[upkeep]\n|-damage|p2a: Toxapex|82\/100|[from] Sandstorm\n|-heal|p2a: Toxapex|88\/100|[from] Grassy Terrain\n|upkeep\n|turn|4\n|\n|t:|1641763629\n|move|p1a: Tyranitar|Thunderbolt|p2a: Toxapex\n|-supereffective|p2a: Toxapex\n|-damage|p2a: Toxapex|54\/100\n|move|p2a: Toxapex|Toxic|p1a: Tyranitar\n|-status|p1a: Tyranitar|tox\n|\n|-weather|Sandstorm|[upkeep]\n|-damage|p2a: Toxapex|48\/100|[from] Sandstorm\n|-heal|p2a: Toxapex|54\/100|[from] Grassy Terrain\n|-damage|p1a: Tyranitar|94\/100 tox|[from] psn\n|upkeep\n|turn|5\n|\n|t:|1641763638\n|switch|p1a: Aegislash|Aegislash, M|100\/100\n|move|p2a: Toxapex|Recover|p2a: Toxapex\n|-heal|p2a: Toxapex|100\/100\n|\n|-weather|Sandstorm|[upkeep]\n|-damage|p2a: Toxapex|94\/100|[from] Sandstorm\n|-heal|p2a: Toxapex|100\/100|[from] Grassy Terrain\n|-fieldend|move: Grassy Terrain\n|upkeep\n|turn|6\n|inactive|im tofa has 120 seconds left.\n|\n|t:|1641763649\n|move|p1a: Aegislash|King's Shield|p1a: Aegislash\n|-singleturn|p1a: Aegislash|Protect\n|move|p2a: Toxapex|Scald|p1a: Aegislash\n|-activate|p1a: Aegislash|move: Protect\n|\n|-weather|Sandstorm|[upkeep]\n|-damage|p2a: Toxapex|94\/100|[from] Sandstorm\n|upkeep\n|turn|7\n|\n|t:|1641763654\n|move|p1a: Aegislash|Substitute|p1a: Aegislash\n|-start|p1a: Aegislash|Substitute\n|-damage|p1a: Aegislash|75\/100\n|move|p2a: Toxapex|Scald|p1a: Aegislash\n|-activate|p1a: Aegislash|move: Substitute|[damage]\n|\n|-weather|none\n|-heal|p1a: Aegislash|82\/100|[from] item: Leftovers\n|upkeep\n|turn|8\n|\n|t:|1641763666\n|-formechange|p1a: Aegislash|Aegislash-Blade||[from] ability: Stance Change\n|move|p1a: Aegislash|Shadow Ball|p2a: Toxapex\n|-damage|p2a: Toxapex|71\/100\n|move|p2a: Toxapex|Scald|p1a: Aegislash\n|-end|p1a: Aegislash|Substitute\n|\n|-heal|p1a: Aegislash|88\/100|[from] item: Leftovers\n|upkeep\n|turn|9\n|\n|t:|1641763679\n|-formechange|p1a: Aegislash|Aegislash||[from] ability: Stance Change\n|move|p1a: Aegislash|King's Shield|p1a: Aegislash\n|-singleturn|p1a: Aegislash|Protect\n|move|p2a: Toxapex|Scald|p1a: Aegislash\n|-activate|p1a: Aegislash|move: Protect\n|\n|-heal|p1a: Aegislash|94\/100|[from] item: Leftovers\n|upkeep\n|turn|10\n|\n|t:|1641763690\n|move|p1a: Aegislash|Substitute|p1a: Aegislash\n|-start|p1a: Aegislash|Substitute\n|-damage|p1a: Aegislash|69\/100\n|move|p2a: Toxapex|Scald|p1a: Aegislash\n|-activate|p1a: Aegislash|move: Substitute|[damage]\n|\n|-heal|p1a: Aegislash|75\/100|[from] item: Leftovers\n|upkeep\n|turn|11\n|\n|t:|1641763700\n|-formechange|p1a: Aegislash|Aegislash-Blade||[from] ability: Stance Change\n|move|p1a: Aegislash|Shadow Ball|p2a: Toxapex\n|-damage|p2a: Toxapex|47\/100\n|move|p2a: Toxapex|Scald|p1a: Aegislash\n|-end|p1a: Aegislash|Substitute\n|\n|-heal|p1a: Aegislash|81\/100|[from] item: Leftovers\n|upkeep\n|turn|12\n|\n|t:|1641763716\n|switch|p1a: Rillaboom|Rillaboom, M|100\/100\n|-fieldstart|move: Grassy Terrain|[from] ability: Grassy Surge|[of] p1a: Rillaboom\n|switch|p2a: Heatran|Heatran, F|100\/100\n|-damage|p2a: Heatran|88\/100|[from] Stealth Rock\n|\n|-heal|p2a: Heatran|94\/100|[from] Grassy Terrain\n|-heal|p2a: Heatran|100\/100|[from] item: Leftovers\n|upkeep\n|turn|13\n|\n|t:|1641763723\n|switch|p1a: Team Player|Swampert, F|60\/100\n|switch|p2a: Toxapex|Toxapex, F|80\/100\n|-damage|p2a: Toxapex|67\/100|[from] Stealth Rock\n|\n|-heal|p1a: Team Player|67\/100|[from] Grassy Terrain\n|-heal|p2a: Toxapex|74\/100|[from] Grassy Terrain\n|upkeep\n|turn|14\n|\n|t:|1641763733\n|move|p1a: Team Player|High Horsepower|p2a: Toxapex\n|-supereffective|p2a: Toxapex\n|-damage|p2a: Toxapex|22\/100\n|-damage|p1a: Team Player|50\/100|[from] item: Rocky Helmet|[of] p2a: Toxapex\n|move|p2a: Toxapex|Scald|p1a: Team Player\n|-damage|p1a: Team Player|38\/100\n|\n|-heal|p1a: Team Player|44\/100|[from] Grassy Terrain\n|-heal|p2a: Toxapex|28\/100|[from] Grassy Terrain\n|upkeep\n|turn|15\n|\n|t:|1641763742\n|switch|p2a: Rillaboom|Rillaboom, M|100\/100\n|-damage|p2a: Rillaboom|88\/100|[from] Stealth Rock\n|move|p1a: Team Player|High Horsepower|p2a: Rillaboom\n|-resisted|p2a: Rillaboom\n|-damage|p2a: Rillaboom|68\/100\n|\n|-heal|p2a: Rillaboom|74\/100|[from] Grassy Terrain\n|-heal|p1a: Team Player|50\/100|[from] Grassy Terrain\n|upkeep\n|turn|16\n|\n|t:|1641763748\n|switch|p2a: Tapu Lele|Tapu Lele|100\/100\n|-damage|p2a: Tapu Lele|88\/100|[from] Stealth Rock\n|-fieldstart|move: Psychic Terrain|[from] ability: Psychic Surge|[of] p2a: Tapu Lele\n|move|p1a: Team Player|Protect||[still]\n|-fail|p1a: Team Player\n|\n|upkeep\n|turn|17\n|\n|t:|1641763753\n|move|p1a: Team Player|Protect|p1a: Team Player\n|-singleturn|p1a: Team Player|Protect\n|move|p2a: Tapu Lele|Moonblast|p1a: Team Player\n|-activate|p1a: Team Player|move: Protect\n|\n|upkeep\n|turn|18\n|\n|t:|1641763759\n|switch|p1a: Aegislash|Aegislash, M|81\/100\n|move|p2a: Tapu Lele|Moonblast|p1a: Aegislash\n|-resisted|p1a: Aegislash\n|-damage|p1a: Aegislash|67\/100\n|\n|-heal|p1a: Aegislash|74\/100|[from] item: Leftovers\n|upkeep\n|turn|19\n|\n|t:|1641763765\n|switch|p2a: Heatran|Heatran, F|100\/100\n|-damage|p2a: Heatran|88\/100|[from] Stealth Rock\n|-formechange|p1a: Aegislash|Aegislash-Blade||[from] ability: Stance Change\n|move|p1a: Aegislash|Shadow Ball|p2a: Heatran\n|-damage|p2a: Heatran|56\/100\n|-unboost|p2a: Heatran|spd|1\n|\n|-heal|p2a: Heatran|62\/100|[from] item: Leftovers\n|-heal|p1a: Aegislash|80\/100|[from] item: Leftovers\n|upkeep\n|turn|20\n|\n|t:|1641763775\n|switch|p1a: Tyranitar|Tyranitar, M|94\/100 tox\n|-weather|Sandstorm|[from] ability: Sand Stream|[of] p1a: Tyranitar\n|move|p2a: Heatran|Stealth Rock|p1a: Tyranitar\n|-sidestart|p1: im tofa|move: Stealth Rock\n|\n|-weather|Sandstorm|[upkeep]\n|-heal|p2a: Heatran|69\/100|[from] item: Leftovers\n|-damage|p1a: Tyranitar|88\/100 tox|[from] psn\n|-fieldend|move: Psychic Terrain\n|upkeep\n|turn|21\n|\n|t:|1641763789\n|switch|p2a: Toxapex|Toxapex, F|62\/100\n|-damage|p2a: Toxapex|49\/100|[from] Stealth Rock\n|move|p1a: Tyranitar|Ice Beam|p2a: Toxapex\n|-resisted|p2a: Toxapex\n|-damage|p2a: Toxapex|41\/100\n|\n|-weather|Sandstorm|[upkeep]\n|-damage|p2a: Toxapex|34\/100|[from] Sandstorm\n|-damage|p1a: Tyranitar|76\/100 tox|[from] psn\n|upkeep\n|turn|22\n|\n|t:|1641763798\n|switch|p2a: Rillaboom|Rillaboom, M|74\/100\n|-damage|p2a: Rillaboom|62\/100|[from] Stealth Rock\n|-fieldstart|move: Grassy Terrain|[from] ability: Grassy Surge|[of] p2a: Rillaboom\n|move|p1a: Tyranitar|Earthquake|p2a: Rillaboom\n|-resisted|p2a: Rillaboom\n|-damage|p2a: Rillaboom|55\/100\n|\n|-weather|Sandstorm|[upkeep]\n|-damage|p2a: Rillaboom|49\/100|[from] Sandstorm\n|-heal|p2a: Rillaboom|55\/100|[from] Grassy Terrain\n|-heal|p1a: Tyranitar|82\/100 tox|[from] Grassy Terrain\n|-damage|p1a: Tyranitar|63\/100 tox|[from] psn\n|upkeep\n|turn|23\n|\n|t:|1641763808\n|switch|p1a: Tornadus|Tornadus-Therian, M|100\/100\n|move|p2a: Rillaboom|U-turn|p1a: Tornadus\n|-resisted|p1a: Tornadus\n|-damage|p1a: Tornadus|82\/100\n|\n|t:|1641763811\n|switch|p2a: Zeraora|Zeraora|100\/100|[from]move: U-turn\n|\n|-weather|Sandstorm|[upkeep]\n|-damage|p2a: Zeraora|95\/100|[from] Sandstorm\n|-damage|p1a: Tornadus|76\/100|[from] Sandstorm\n|-heal|p2a: Zeraora|100\/100|[from] Grassy Terrain\n|upkeep\n|turn|24\n|\n|t:|1641763826\n|move|p2a: Zeraora|Close Combat|p1a: Tornadus\n|-resisted|p1a: Tornadus\n|-damage|p1a: Tornadus|56\/100\n|-unboost|p2a: Zeraora|def|1\n|-unboost|p2a: Zeraora|spd|1\n|move|p1a: Tornadus|Knock Off|p2a: Zeraora\n|-damage|p2a: Zeraora|61\/100\n|-enditem|p2a: Zeraora|Heavy-Duty Boots|[from] move: Knock Off|[of] p1a: Tornadus\n|\n|-weather|none\n|-heal|p2a: Zeraora|67\/100|[from] Grassy Terrain\n|upkeep\n|turn|25\n|\n|t:|1641763837\n|switch|p1a: Rillaboom|Rillaboom, M|100\/100\n|-damage|p1a: Rillaboom|88\/100|[from] Stealth Rock\n|move|p2a: Zeraora|Close Combat|p1a: Rillaboom\n|-damage|p1a: Rillaboom|48\/100\n|-unboost|p2a: Zeraora|def|1\n|-unboost|p2a: Zeraora|spd|1\n|\n|-heal|p2a: Zeraora|73\/100|[from] Grassy Terrain\n|-heal|p1a: Rillaboom|54\/100|[from] Grassy Terrain\n|upkeep\n|turn|26\n|inactive|LECH24 has 120 seconds left.\n|\n|t:|1641763874\n|switch|p2a: Rillaboom|Rillaboom, M|55\/100\n|-damage|p2a: Rillaboom|42\/100|[from] Stealth Rock\n|move|p1a: Rillaboom|Grassy Glide|p2a: Rillaboom\n|-resisted|p2a: Rillaboom\n|-damage|p2a: Rillaboom|0 fnt\n|faint|p2a: Rillaboom\n|\n|-heal|p1a: Rillaboom|60\/100|[from] Grassy Terrain\n|-fieldend|move: Grassy Terrain\n|upkeep\n|\n|t:|1641763879\n|switch|p2a: Tapu Lele|Tapu Lele|88\/100\n|-damage|p2a: Tapu Lele|76\/100|[from] Stealth Rock\n|-fieldstart|move: Psychic Terrain|[from] ability: Psychic Surge|[of] p2a: Tapu Lele\n|turn|27\n|inactive|LECH24 has 120 seconds left.\n|inactive|im tofa has 120 seconds left.\n|\n|t:|1641763919\n|switch|p1a: Tornadus|Tornadus-Therian, M|89\/100\n|move|p2a: Tapu Lele|Psyshock|p1a: Tornadus\n|-damage|p1a: Tornadus|30\/100\n|\n|upkeep\n|turn|28\n|inactive|im tofa has 120 seconds left.\n|inactive|LECH24 has 120 seconds left.\n|\n|t:|1641763928\n|switch|p1a: Tyranitar|Tyranitar, M|63\/100 tox\n|-damage|p1a: Tyranitar|51\/100 tox|[from] Stealth Rock\n|-weather|Sandstorm|[from] ability: Sand Stream|[of] p1a: Tyranitar\n|move|p2a: Tapu Lele|Psyshock|p1a: Tyranitar\n|-immune|p1a: Tyranitar\n|\n|-weather|Sandstorm|[upkeep]\n|-damage|p2a: Tapu Lele|70\/100|[from] Sandstorm\n|-damage|p1a: Tyranitar|45\/100 tox|[from] psn\n|upkeep\n|turn|29\n|inactive|im tofa has 120 seconds left.\n|inactive|LECH24 has 120 seconds left.\n|\n|t:|1641763952\n|switch|p2a: Corviknight|Corviknight, M|100\/100\n|-damage|p2a: Corviknight|88\/100|[from] Stealth Rock\n|-ability|p2a: Corviknight|Pressure\n|switch|p1a: Magnezone|Magnezone|100\/100\n|-damage|p1a: Magnezone|94\/100|[from] Stealth Rock\n|\n|-weather|Sandstorm|[upkeep]\n|-heal|p2a: Corviknight|94\/100|[from] item: Leftovers\n|upkeep\n|turn|30\n|\n|t:|1641763961\n|move|p1a: Magnezone|Thunderbolt|p2a: Corviknight\n|-supereffective|p2a: Corviknight\n|-damage|p2a: Corviknight|8\/100\n|move|p2a: Corviknight|U-turn|p1a: Magnezone\n|-resisted|p1a: Magnezone\n|-damage|p1a: Magnezone|87\/100\n|\n|t:|1641763966\n|switch|p2a: Zeraora|Zeraora|73\/100|[from]move: U-turn\n|-damage|p2a: Zeraora|60\/100|[from] Stealth Rock\n|\n|-weather|Sandstorm|[upkeep]\n|-damage|p2a: Zeraora|54\/100|[from] Sandstorm\n|upkeep\n|turn|31\n|inactive|im tofa has 120 seconds left.\n|inactive|im tofa has 90 seconds left.\n|\n|t:|1641764008\n|switch|p1a: Tyranitar|Tyranitar, M|45\/100 tox\n|-damage|p1a: Tyranitar|32\/100 tox|[from] Stealth Rock\n|move|p2a: Zeraora|Bulk Up|p2a: Zeraora\n|-boost|p2a: Zeraora|atk|1\n|-boost|p2a: Zeraora|def|1\n|\n|-weather|Sandstorm|[upkeep]\n|-damage|p2a: Zeraora|48\/100|[from] Sandstorm\n|-damage|p1a: Tyranitar|26\/100 tox|[from] psn\n|-fieldend|move: Psychic Terrain\n|upkeep\n|turn|32\n|\n|t:|1641764014\n|move|p2a: Zeraora|Plasma Fists|p1a: Tyranitar\n|-damage|p1a: Tyranitar|0 fnt\n|-fieldactivate|move: Ion Deluge\n|-hint|Normal-type moves become Electric-type after using Plasma Fists.\n|faint|p1a: Tyranitar\n|\n|-weather|none\n|upkeep\n|\n|t:|1641764017\n|switch|p1a: Rillaboom|Rillaboom, M|60\/100\n|-damage|p1a: Rillaboom|48\/100|[from] Stealth Rock\n|-fieldstart|move: Grassy Terrain|[from] ability: Grassy Surge|[of] p1a: Rillaboom\n|turn|33\n|\n|t:|1641764030\n|switch|p2a: Corviknight|Corviknight, M|8\/100\n|-damage|p2a: Corviknight|0 fnt|[from] Stealth Rock\n|faint|p2a: Corviknight\n|move|p1a: Rillaboom|Grassy Glide|p2: Corviknight|[notarget]\n|-fail|p1a: Rillaboom\n|\n|-heal|p1a: Rillaboom|54\/100|[from] Grassy Terrain\n|upkeep\n|\n|t:|1641764033\n|switch|p2a: Tapu Lele|Tapu Lele|70\/100\n|-damage|p2a: Tapu Lele|57\/100|[from] Stealth Rock\n|-fieldstart|move: Psychic Terrain|[from] ability: Psychic Surge|[of] p2a: Tapu Lele\n|turn|34\n|inactive|im tofa has 120 seconds left.\n|\n|t:|1641764059\n|switch|p1a: Team Player|Swampert, F|50\/100\n|-damage|p1a: Team Player|44\/100|[from] Stealth Rock\n|move|p2a: Tapu Lele|Psychic|p1a: Team Player\n|-damage|p1a: Team Player|5\/100\n|\n|upkeep\n|turn|35\n|\n|t:|1641764066\n|move|p2a: Tapu Lele|Psychic|p1a: Team Player\n|-damage|p1a: Team Player|0 fnt\n|faint|p1a: Team Player\n|\n|upkeep\n|\n|t:|1641764073\n|switch|p1a: Tornadus|Tornadus-Therian, M|63\/100\n|turn|36\n|\n|t:|1641764085\n|switch|p2a: Toxapex|Toxapex, F|68\/100\n|-damage|p2a: Toxapex|55\/100|[from] Stealth Rock\n|move|p1a: Tornadus|Knock Off|p2a: Toxapex\n|-damage|p2a: Toxapex|41\/100\n|-damage|p1a: Tornadus|47\/100|[from] item: Rocky Helmet|[of] p2a: Toxapex\n|-enditem|p2a: Toxapex|Rocky Helmet|[from] move: Knock Off|[of] p1a: Tornadus\n|\n|upkeep\n|turn|37\n|inactive|im tofa has 120 seconds left.\n|\n|t:|1641764094\n|switch|p1a: Magnezone|Magnezone|87\/100\n|-damage|p1a: Magnezone|81\/100|[from] Stealth Rock\n|move|p2a: Toxapex|Recover|p2a: Toxapex\n|-heal|p2a: Toxapex|91\/100\n|\n|upkeep\n|turn|38\n|inactive|im tofa has 120 seconds left.\n|\n|t:|1641764107\n|move|p1a: Magnezone|Toxic|p2a: Toxapex\n|-immune|p2a: Toxapex\n|move|p2a: Toxapex|Recover|p2a: Toxapex\n|-heal|p2a: Toxapex|100\/100\n|\n|-fieldend|move: Psychic Terrain\n|upkeep\n|turn|39\n|inactive|im tofa has 120 seconds left.\n|\n|t:|1641764122\n|switch|p1a: Aegislash|Aegislash, M|80\/100\n|-damage|p1a: Aegislash|74\/100|[from] Stealth Rock\n|move|p2a: Toxapex|Scald|p1a: Aegislash\n|-damage|p1a: Aegislash|63\/100\n|\n|-heal|p1a: Aegislash|69\/100|[from] item: Leftovers\n|upkeep\n|turn|40\n|\n|t:|1641764126\n|move|p1a: Aegislash|Substitute|p1a: Aegislash\n|-start|p1a: Aegislash|Substitute\n|-damage|p1a: Aegislash|44\/100\n|move|p2a: Toxapex|Scald|p1a: Aegislash\n|-activate|p1a: Aegislash|move: Substitute|[damage]\n|\n|-heal|p1a: Aegislash|50\/100|[from] item: Leftovers\n|upkeep\n|turn|41\n|\n|t:|1641764129\n|move|p1a: Aegislash|King's Shield|p1a: Aegislash\n|-singleturn|p1a: Aegislash|Protect\n|move|p2a: Toxapex|Scald|p1a: Aegislash\n|-activate|p1a: Aegislash|move: Protect\n|\n|-heal|p1a: Aegislash|56\/100|[from] item: Leftovers\n|upkeep\n|turn|42\n|\n|t:|1641764134\n|-formechange|p1a: Aegislash|Aegislash-Blade||[from] ability: Stance Change\n|move|p1a: Aegislash|Shadow Ball|p2a: Toxapex\n|-damage|p2a: Toxapex|77\/100\n|-unboost|p2a: Toxapex|spd|1\n|move|p2a: Toxapex|Scald|p1a: Aegislash\n|-end|p1a: Aegislash|Substitute\n|\n|-heal|p1a: Aegislash|62\/100|[from] item: Leftovers\n|upkeep\n|turn|43\n|\n|t:|1641764142\n|-formechange|p1a: Aegislash|Aegislash||[from] ability: Stance Change\n|move|p1a: Aegislash|King's Shield|p1a: Aegislash\n|-singleturn|p1a: Aegislash|Protect\n|move|p2a: Toxapex|Haze|p2a: Toxapex\n|-clearallboost\n|\n|-heal|p1a: Aegislash|68\/100|[from] item: Leftovers\n|upkeep\n|turn|44\n|\n|t:|1641764148\n|move|p1a: Aegislash|Substitute|p1a: Aegislash\n|-start|p1a: Aegislash|Substitute\n|-damage|p1a: Aegislash|43\/100\n|move|p2a: Toxapex|Scald|p1a: Aegislash\n|-activate|p1a: Aegislash|move: Substitute|[damage]\n|\n|-heal|p1a: Aegislash|50\/100|[from] item: Leftovers\n|upkeep\n|turn|45\n|\n|t:|1641764154\n|-formechange|p1a: Aegislash|Aegislash-Blade||[from] ability: Stance Change\n|move|p1a: Aegislash|Shadow Ball|p2a: Toxapex\n|-damage|p2a: Toxapex|53\/100\n|move|p2a: Toxapex|Scald|p1a: Aegislash\n|-end|p1a: Aegislash|Substitute\n|\n|-heal|p1a: Aegislash|56\/100|[from] item: Leftovers\n|upkeep\n|turn|46\n|\n|t:|1641764159\n|switch|p2a: Heatran|Heatran, F|69\/100\n|-damage|p2a: Heatran|56\/100|[from] Stealth Rock\n|move|p1a: Aegislash|Substitute|p1a: Aegislash\n|-start|p1a: Aegislash|Substitute\n|-damage|p1a: Aegislash|31\/100\n|\n|-heal|p2a: Heatran|62\/100|[from] item: Leftovers\n|-heal|p1a: Aegislash|37\/100|[from] item: Leftovers\n|upkeep\n|turn|47\n|\n|t:|1641764169\n|move|p2a: Heatran|Earth Power|p1a: Aegislash\n|-supereffective|p1a: Aegislash\n|-crit|p1a: Aegislash\n|-end|p1a: Aegislash|Substitute\n|move|p1a: Aegislash|Shadow Ball|p2a: Heatran\n|-damage|p2a: Heatran|31\/100\n|\n|-heal|p2a: Heatran|37\/100|[from] item: Leftovers\n|-heal|p1a: Aegislash|43\/100|[from] item: Leftovers\n|upkeep\n|turn|48\n|\n|t:|1641764174\n|-formechange|p1a: Aegislash|Aegislash||[from] ability: Stance Change\n|move|p1a: Aegislash|King's Shield|p1a: Aegislash\n|-singleturn|p1a: Aegislash|Protect\n|move|p2a: Heatran|Magma Storm|p1a: Aegislash\n|-activate|p1a: Aegislash|move: Protect\n|\n|-heal|p2a: Heatran|43\/100|[from] item: Leftovers\n|-heal|p1a: Aegislash|49\/100|[from] item: Leftovers\n|upkeep\n|turn|49\n|\n|t:|1641764181\n|switch|p1a: Tornadus|Tornadus-Therian, M|80\/100\n|move|p2a: Heatran|Magma Storm|p1a: Tornadus\n|-damage|p1a: Tornadus|25\/100\n|-activate|p1a: Tornadus|move: Magma Storm|[of] p2a: Heatran\n|\n|-heal|p2a: Heatran|49\/100|[from] item: Leftovers\n|-damage|p1a: Tornadus|13\/100|[from] move: Magma Storm|[partiallytrapped]\n|upkeep\n|turn|50\n|\n|t:|1641764185\n|move|p1a: Tornadus|Knock Off|p2a: Heatran\n|-damage|p2a: Heatran|29\/100\n|-enditem|p2a: Heatran|Leftovers|[from] move: Knock Off|[of] p1a: Tornadus\n|move|p2a: Heatran|Flash Cannon|p1a: Tornadus\n|-damage|p1a: Tornadus|0 fnt\n|faint|p1a: Tornadus\n|\n|upkeep\n|\n|t:|1641764191\n|switch|p1a: Rillaboom|Rillaboom, M|54\/100\n|-damage|p1a: Rillaboom|42\/100|[from] Stealth Rock\n|-fieldstart|move: Grassy Terrain|[from] ability: Grassy Surge|[of] p1a: Rillaboom\n|turn|51\n|\n|t:|1641764209\n|switch|p2a: Toxapex|Toxapex, F|87\/100\n|-damage|p2a: Toxapex|74\/100|[from] Stealth Rock\n|move|p1a: Rillaboom|Superpower|p2a: Toxapex\n|-resisted|p2a: Toxapex\n|-damage|p2a: Toxapex|48\/100\n|-unboost|p1a: Rillaboom|atk|1\n|-unboost|p1a: Rillaboom|def|1\n|\n|-heal|p1a: Rillaboom|48\/100|[from] Grassy Terrain\n|-heal|p2a: Toxapex|54\/100|[from] Grassy Terrain\n|upkeep\n|turn|52\n|inactive|im tofa has 120 seconds left.\n|\n|t:|1641764238\n|switch|p1a: Aegislash|Aegislash, M|49\/100\n|-damage|p1a: Aegislash|43\/100|[from] Stealth Rock\n|move|p2a: Toxapex|Toxic|p1a: Aegislash\n|-immune|p1a: Aegislash\n|\n|-heal|p1a: Aegislash|49\/100|[from] Grassy Terrain\n|-heal|p1a: Aegislash|55\/100|[from] item: Leftovers\n|-heal|p2a: Toxapex|61\/100|[from] Grassy Terrain\n|upkeep\n|turn|53\n|\n|t:|1641764248\n|switch|p2a: Heatran|Heatran, F|29\/100\n|-damage|p2a: Heatran|16\/100|[from] Stealth Rock\n|move|p1a: Aegislash|Substitute|p1a: Aegislash\n|-start|p1a: Aegislash|Substitute\n|-damage|p1a: Aegislash|30\/100\n|\n|-heal|p2a: Heatran|22\/100|[from] Grassy Terrain\n|-heal|p1a: Aegislash|37\/100|[from] Grassy Terrain\n|-heal|p1a: Aegislash|43\/100|[from] item: Leftovers\n|upkeep\n|turn|54\n|\n|t:|1641764253\n|move|p2a: Heatran|Earth Power|p1a: Aegislash\n|-supereffective|p1a: Aegislash\n|-end|p1a: Aegislash|Substitute\n|-formechange|p1a: Aegislash|Aegislash-Blade||[from] ability: Stance Change\n|move|p1a: Aegislash|Shadow Ball|p2a: Heatran\n|-damage|p2a: Heatran|0 fnt\n|faint|p2a: Heatran\n|\n|-heal|p1a: Aegislash|49\/100|[from] Grassy Terrain\n|-heal|p1a: Aegislash|55\/100|[from] item: Leftovers\n|upkeep\n|\n|t:|1641764256\n|switch|p2a: Zeraora|Zeraora|48\/100\n|-damage|p2a: Zeraora|36\/100|[from] Stealth Rock\n|turn|55\n|\n|t:|1641764277\n|-formechange|p1a: Aegislash|Aegislash||[from] ability: Stance Change\n|move|p1a: Aegislash|King's Shield|p1a: Aegislash\n|-singleturn|p1a: Aegislash|Protect\n|move|p2a: Zeraora|Bulk Up|p2a: Zeraora\n|-boost|p2a: Zeraora|atk|1\n|-boost|p2a: Zeraora|def|1\n|\n|-heal|p2a: Zeraora|42\/100|[from] Grassy Terrain\n|-heal|p1a: Aegislash|61\/100|[from] Grassy Terrain\n|-heal|p1a: Aegislash|67\/100|[from] item: Leftovers\n|-fieldend|move: Grassy Terrain\n|upkeep\n|turn|56\n|\n|t:|1641764280\n|move|p2a: Zeraora|Knock Off|p1a: Aegislash\n|-supereffective|p1a: Aegislash\n|-damage|p1a: Aegislash|0 fnt\n|-enditem|p1a: Aegislash|Leftovers|[from] move: Knock Off|[of] p2a: Zeraora\n|faint|p1a: Aegislash\n|\n|upkeep\n|\n|t:|1641764284\n|switch|p1a: Rillaboom|Rillaboom, M|48\/100\n|-damage|p1a: Rillaboom|35\/100|[from] Stealth Rock\n|-fieldstart|move: Grassy Terrain|[from] ability: Grassy Surge|[of] p1a: Rillaboom\n|turn|57\n|inactive|LECH24 has 120 seconds left.\n|\n|t:|1641764328\n|move|p1a: Rillaboom|Grassy Glide|p2a: Zeraora\n|-crit|p2a: Zeraora\n|-damage|p2a: Zeraora|0 fnt\n|faint|p2a: Zeraora\n|\n|-heal|p1a: Rillaboom|42\/100|[from] Grassy Terrain\n|upkeep\n|\n|t:|1641764331\n|switch|p2a: Tapu Lele|Tapu Lele|57\/100\n|-damage|p2a: Tapu Lele|45\/100|[from] Stealth Rock\n|-fieldstart|move: Psychic Terrain|[from] ability: Psychic Surge|[of] p2a: Tapu Lele\n|turn|58\n|\n|t:|1641764346\n|move|p2a: Tapu Lele|Focus Blast|p1a: Rillaboom\n|-damage|p1a: Rillaboom|0 fnt\n|faint|p1a: Rillaboom\n|\n|upkeep\n|\n|t:|1641764349\n|switch|p1a: Magnezone|Magnezone|81\/100\n|-damage|p1a: Magnezone|75\/100|[from] Stealth Rock\n|turn|59\n|\n|t:|1641764353\n|move|p2a: Tapu Lele|Focus Blast|p1a: Magnezone\n|-supereffective|p1a: Magnezone\n|-damage|p1a: Magnezone|0 fnt\n|faint|p1a: Magnezone\n|\n|win|LECH24\n|raw|im tofa's rating: 1581 &rarr; <strong>1565<\/strong><br \/>(-16 for losing)\n|raw|LECH24's rating: 1643 &rarr; <strong>1659<\/strong><br \/>(+16 for winning)\n|l|\u2606im tofa\n||Ladder isn't responding, score probably updated but might not have (Request timeout).\n","uploadtime":1641764356,"views":37,"p1id":"imtofa","p2id":"lech24","formatid":"gen8ou","rating":1565,"private":0,"password":null}