{"id":"gen8ubers-1097033679","p1":"Blue chen","p2":"Ballfire","format":"gen8ubers","log":"|j|\u2606Blue chen\n|j|\u2606Ballfire\n|player|p1|Blue chen|clair|1740\n|player|p2|Ballfire|dahlia|1601\n|teamsize|p1|6\n|teamsize|p2|6\n|gametype|singles\n|gen|8\n|tier|[Gen 8] Ubers\n|rated|\n|clearpoke\n|poke|p1|Ferrothorn, M|\n|poke|p1|Eternatus|\n|poke|p1|Lunala|\n|poke|p1|Toxapex, M|\n|poke|p1|Necrozma-Dusk-Mane|\n|poke|p1|Zacian-Crowned|\n|poke|p2|Grimmsnarl, M|\n|poke|p2|Necrozma-Dusk-Mane|\n|poke|p2|Zacian-Crowned|\n|poke|p2|Lunala|\n|poke|p2|Zekrom|\n|poke|p2|Gyarados, F|\n|rule|Sleep Clause Mod: Limit one foe put to sleep\n|rule|Species Clause: Limit one of each Pok\u00e9mon\n|rule|OHKO Clause: OHKO moves are banned\n|rule|Evasion Moves Clause: Evasion moves are banned\n|rule|Endless Battle Clause: Forcing endless battles is banned\n|rule|HP Percentage Mod: HP is shown in percentages\n|html|Ubers Dynamax Clause: Pok\u00e9mon on the <a href=\"https:\/\/www.smogon.com\/dex\/ss\/formats\/uber\/\">Ubers Dynamax Banlist<\/a> cannot Dynamax.\n|teampreview\n|\n|start\n|switch|p1a: Toxapex|Toxapex, M|100\/100\n|switch|p2a: Grimmsnarl|Grimmsnarl, M|100\/100\n|turn|1\n|\n|move|p2a: Grimmsnarl|Taunt|p1a: Toxapex\n|-start|p1a: Toxapex|move: Taunt\n|cant|p1a: Toxapex|move: Taunt|Toxic Spikes\n|\n|upkeep\n|turn|2\n|\n|move|p2a: Grimmsnarl|Light Screen|p2a: Grimmsnarl\n|-sidestart|p2: Ballfire|move: Light Screen\n|move|p1a: Toxapex|Knock Off|p2a: Grimmsnarl\n|-resisted|p2a: Grimmsnarl\n|-damage|p2a: Grimmsnarl|97\/100\n|-enditem|p2a: Grimmsnarl|Light Clay|[from] move: Knock Off|[of] p1a: Toxapex\n|\n|upkeep\n|turn|3\n|\n|move|p2a: Grimmsnarl|Reflect|p2a: Grimmsnarl\n|-sidestart|p2: Ballfire|Reflect\n|move|p1a: Toxapex|Scald|p2a: Grimmsnarl\n|-damage|p2a: Grimmsnarl|91\/100\n|\n|-end|p1a: Toxapex|move: Taunt\n|upkeep\n|turn|4\n|\n|move|p2a: Grimmsnarl|Taunt|p1a: Toxapex\n|-start|p1a: Toxapex|move: Taunt\n|move|p1a: Toxapex|Scald|p2a: Grimmsnarl\n|-damage|p2a: Grimmsnarl|84\/100\n|\n|upkeep\n|turn|5\n|\n|switch|p2a: Gyarados|Gyarados, F|100\/100\n|move|p1a: Toxapex|Scald|p2a: Gyarados\n|-resisted|p2a: Gyarados\n|-crit|p2a: Gyarados\n|-damage|p2a: Gyarados|89\/100\n|\n|-heal|p2a: Gyarados|95\/100|[from] item: Leftovers\n|upkeep\n|turn|6\n|\n|switch|p1a: Eternatus|Eternatus|100\/100\n|-ability|p1a: Eternatus|Pressure\n|move|p2a: Gyarados|Substitute|p2a: Gyarados\n|-start|p2a: Gyarados|Substitute\n|-damage|p2a: Gyarados|70\/100\n|\n|-heal|p2a: Gyarados|76\/100|[from] item: Leftovers\n|upkeep\n|turn|7\n|\n|move|p1a: Eternatus|Cosmic Power|p1a: Eternatus\n|-boost|p1a: Eternatus|def|1\n|-boost|p1a: Eternatus|spd|1\n|move|p2a: Gyarados|Dragon Dance|p2a: Gyarados\n|-boost|p2a: Gyarados|atk|1\n|-boost|p2a: Gyarados|spe|1\n|\n|-heal|p2a: Gyarados|82\/100|[from] item: Leftovers\n|-sideend|p2: Ballfire|Reflect\n|upkeep\n|turn|8\n|\n|move|p1a: Eternatus|Substitute|p1a: Eternatus\n|-start|p1a: Eternatus|Substitute\n|-damage|p1a: Eternatus|76\/100\n|move|p2a: Gyarados|Dragon Dance|p2a: Gyarados\n|-boost|p2a: Gyarados|atk|1\n|-boost|p2a: Gyarados|spe|1\n|\n|-heal|p2a: Gyarados|88\/100|[from] item: Leftovers\n|-heal|p1a: Eternatus|82\/100|[from] item: Black Sludge\n|upkeep\n|turn|9\n|\n|move|p2a: Gyarados|Dragon Dance|p2a: Gyarados\n|-boost|p2a: Gyarados|atk|1\n|-boost|p2a: Gyarados|spe|1\n|move|p1a: Eternatus|Dragon Dance|p1a: Eternatus\n|-boost|p1a: Eternatus|atk|1\n|-boost|p1a: Eternatus|spe|1\n|\n|-heal|p1a: Eternatus|88\/100|[from] item: Black Sludge\n|-heal|p2a: Gyarados|94\/100|[from] item: Leftovers\n|-sideend|p2: Ballfire|move: Light Screen\n|upkeep\n|turn|10\n|\n|move|p1a: Eternatus|Cosmic Power|p1a: Eternatus\n|-boost|p1a: Eternatus|def|1\n|-boost|p1a: Eternatus|spd|1\n|move|p2a: Gyarados|Dragon Dance|p2a: Gyarados\n|-boost|p2a: Gyarados|atk|1\n|-boost|p2a: Gyarados|spe|1\n|\n|-heal|p2a: Gyarados|99\/100|[from] item: Leftovers\n|-heal|p1a: Eternatus|94\/100|[from] item: Black Sludge\n|upkeep\n|turn|11\n|\n|move|p2a: Gyarados|Dragon Dance|p2a: Gyarados\n|-boost|p2a: Gyarados|atk|1\n|-boost|p2a: Gyarados|spe|1\n|move|p1a: Eternatus|Cosmic Power|p1a: Eternatus\n|-boost|p1a: Eternatus|def|1\n|-boost|p1a: Eternatus|spd|1\n|\n|-heal|p2a: Gyarados|100\/100|[from] item: Leftovers\n|-heal|p1a: Eternatus|100\/100|[from] item: Black Sludge\n|upkeep\n|turn|12\n|\n|move|p2a: Gyarados|Dragon Dance|p2a: Gyarados\n|-boost|p2a: Gyarados|atk|1\n|-boost|p2a: Gyarados|spe|1\n|move|p1a: Eternatus|Dragon Tail|p2a: Gyarados\n|-end|p2a: Gyarados|Substitute\n|\n|upkeep\n|turn|13\n|\n|move|p2a: Gyarados|Substitute|p2a: Gyarados\n|-start|p2a: Gyarados|Substitute\n|-damage|p2a: Gyarados|76\/100\n|move|p1a: Eternatus|Cosmic Power|p1a: Eternatus\n|-boost|p1a: Eternatus|def|1\n|-boost|p1a: Eternatus|spd|1\n|\n|-heal|p2a: Gyarados|82\/100|[from] item: Leftovers\n|upkeep\n|turn|14\n|\n|move|p2a: Gyarados|Earthquake|p1a: Eternatus\n|-supereffective|p1a: Eternatus\n|-end|p1a: Eternatus|Substitute\n|move|p1a: Eternatus|Cosmic Power|p1a: Eternatus\n|-boost|p1a: Eternatus|def|1\n|-boost|p1a: Eternatus|spd|1\n|\n|-heal|p2a: Gyarados|88\/100|[from] item: Leftovers\n|upkeep\n|turn|15\n|\n|-end|p2a: Gyarados|Substitute\n|-start|p2a: Gyarados|Dynamax\n|-heal|p2a: Gyarados|88\/100|[silent]\n|move|p2a: Gyarados|Max Quake|p1a: Eternatus\n|-supereffective|p1a: Eternatus\n|-damage|p1a: Eternatus|21\/100\n|-boost|p2a: Gyarados|spd|1\n|move|p1a: Eternatus|Cosmic Power|p1a: Eternatus\n|-boost|p1a: Eternatus|def|1\n|-boost|p1a: Eternatus|spd|1\n|\n|-heal|p2a: Gyarados|91\/100|[from] item: Leftovers\n|-heal|p1a: Eternatus|27\/100|[from] item: Black Sludge\n|upkeep\n|turn|16\n|\n|switch|p1a: Ferrothorn|Ferrothorn, M|100\/100\n|move|p2a: Gyarados|Max Quake|p1a: Ferrothorn\n|-damage|p1a: Ferrothorn|0 fnt\n|-boost|p2a: Gyarados|spd|1\n|faint|p1a: Ferrothorn\n|\n|-heal|p2a: Gyarados|94\/100|[from] item: Leftovers\n|upkeep\n|-message|Blue chen forfeited.\n|\n|win|Ballfire\n|l|\u2606Blue chen\n|raw|Blue chen's rating: 1740 &rarr; <strong>1713<\/strong><br \/>(-27 for losing)\n|raw|Ballfire's rating: 1601 &rarr; <strong>1629<\/strong><br \/>(+28 for winning)\n","uploadtime":1586945091,"views":78,"p1id":"bluechen","p2id":"ballfire","formatid":"gen8ubers","rating":1629,"private":0,"password":null}