{"id":"gen8ou-1299520284","p1":"RickyRister","p2":"SuperTheoryBros","format":"gen8ou","log":"|j|\u2606RickyRister\n|j|\u2606SuperTheoryBros\n|t:|1615502985\n|player|p1|RickyRister|hilbert|1624\n|player|p2|SuperTheoryBros|265|1656\n|teamsize|p1|6\n|teamsize|p2|6\n|gametype|singles\n|gen|8\n|tier|[Gen 8] OU\n|rated|\n|clearpoke\n|poke|p1|Slowbro, F|\n|poke|p1|Rillaboom, F|\n|poke|p1|Zeraora|\n|poke|p1|Corviknight, M|\n|poke|p1|Nidoking, M|\n|poke|p1|Clefable, F|\n|poke|p2|Blissey, F|\n|poke|p2|Heatran, M|\n|poke|p2|Landorus-Therian, M|\n|poke|p2|Toxapex, M|\n|poke|p2|Corviknight, F|\n|poke|p2|Clefable, F|\n|rule|Sleep Clause Mod: Limit one foe put to sleep\n|rule|Species Clause: Limit one of each Pok\u00e9mon\n|rule|OHKO Clause: OHKO moves are banned\n|rule|Evasion Moves Clause: Evasion moves are banned\n|rule|Endless Battle Clause: Forcing endless battles is banned\n|rule|HP Percentage Mod: HP is shown in percentages\n|rule|Dynamax Clause: You cannot dynamax\n|teampreview\n|inactive|Battle timer is ON: inactive players will automatically lose when time's up. (requested by SuperTheoryBros)\n|j| j3j46k57l\n|\n|t:|1615503002\n|start\n|switch|p1a: Rillaboom|Rillaboom, F|100\/100\n|switch|p2a: Landorus|Landorus-Therian, M|100\/100\n|-ability|p2a: Landorus|Intimidate|boost\n|-unboost|p1a: Rillaboom|atk|1\n|-fieldstart|move: Grassy Terrain|[from] ability: Grassy Surge|[of] p1a: Rillaboom\n|turn|1\n|\n|t:|1615503012\n|move|p2a: Landorus|U-turn|p1a: Rillaboom\n|-supereffective|p1a: Rillaboom\n|-damage|p1a: Rillaboom|47\/100\n|\n|t:|1615503027\n|switch|p2a: Corviknight|Corviknight, F|100\/100|[from]move: U-turn\n|-ability|p2a: Corviknight|Pressure\n|move|p1a: Rillaboom|U-turn|p2a: Corviknight\n|-resisted|p2a: Corviknight\n|-damage|p2a: Corviknight|97\/100\n|\n|t:|1615503031\n|switch|p1a: Nidoking|Nidoking, M|100\/100|[from]move: U-turn\n|\n|-heal|p2a: Corviknight|100\/100|[from] item: Leftovers\n|upkeep\n|turn|2\n|\n|t:|1615503046\n|switch|p1a: Zeraora|Zeraora|100\/100\n|switch|p2a: Toxapex|Toxapex, M|100\/100\n|\n|upkeep\n|turn|3\n|\n|t:|1615503064\n|move|p1a: Zeraora|Volt Switch|p2a: Toxapex\n|-supereffective|p2a: Toxapex\n|-crit|p2a: Toxapex\n|-damage|p2a: Toxapex|46\/100\n|\n|t:|1615503075\n|switch|p1a: Slowbro|Slowbro, F|100\/100|[from]move: Volt Switch\n|move|p2a: Toxapex|Knock Off|p1a: Slowbro\n|-supereffective|p1a: Slowbro\n|-damage|p1a: Slowbro|83\/100\n|-damage|p2a: Toxapex|30\/100|[from] item: Rocky Helmet|[of] p1a: Slowbro\n|-enditem|p1a: Slowbro|Rocky Helmet|[from] move: Knock Off|[of] p2a: Toxapex\n|\n|-heal|p2a: Toxapex|36\/100|[from] Grassy Terrain\n|-heal|p1a: Slowbro|89\/100|[from] Grassy Terrain\n|upkeep\n|turn|4\n|\n|t:|1615503090\n|switch|p2a: Blissey|Blissey, F|100\/100\n|move|p1a: Slowbro|Future Sight|p2a: Blissey\n|-start|p1a: Slowbro|move: Future Sight\n|\n|-heal|p1a: Slowbro|95\/100|[from] Grassy Terrain\n|upkeep\n|turn|5\n|\n|t:|1615503098\n|move|p2a: Blissey|Stealth Rock|p1a: Slowbro\n|-sidestart|p1: RickyRister|move: Stealth Rock\n|move|p1a: Slowbro|Teleport|p1a: Slowbro\n|\n|t:|1615503106\n|switch|p1a: Zeraora|Zeraora|100\/100|[from]move: Teleport\n|\n|-fieldend|move: Grassy Terrain\n|upkeep\n|turn|6\n|inactive|SuperTheoryBros has 120 seconds left.\n|\n|t:|1615503143\n|switch|p2a: Landorus|Landorus-Therian, M|100\/100\n|-ability|p2a: Landorus|Intimidate|boost\n|-unboost|p1a: Zeraora|atk|1\n|move|p1a: Zeraora|Knock Off|p2a: Landorus\n|-damage|p2a: Landorus|83\/100\n|-enditem|p2a: Landorus|Choice Scarf|[from] move: Knock Off|[of] p1a: Zeraora\n|\n|-end|p2a: Landorus|move: Future Sight\n|-damage|p2a: Landorus|38\/100\n|upkeep\n|turn|7\n|inactive|SuperTheoryBros has 120 seconds left.\n|\n|t:|1615503167\n|switch|p1a: Corviknight|Corviknight, M|100\/100\n|-damage|p1a: Corviknight|88\/100|[from] Stealth Rock\n|-ability|p1a: Corviknight|Pressure\n|move|p2a: Landorus|U-turn|p1a: Corviknight\n|-resisted|p1a: Corviknight\n|-damage|p1a: Corviknight|84\/100\n|-damage|p2a: Landorus|22\/100|[from] item: Rocky Helmet|[of] p1a: Corviknight\n|\n|t:|1615503178\n|switch|p2a: Heatran|Heatran, M|100\/100|[from]move: U-turn\n|-item|p2a: Heatran|Air Balloon\n|\n|upkeep\n|turn|8\n|\n|t:|1615503207\n|switch|p1a: Slowbro|Slowbro, F|100\/100\n|-damage|p1a: Slowbro|88\/100|[from] Stealth Rock\n|move|p2a: Heatran|Magma Storm|p1a: Slowbro\n|-resisted|p1a: Slowbro\n|-damage|p1a: Slowbro|66\/100\n|-activate|p1a: Slowbro|move: Magma Storm|[of] p2a: Heatran\n|\n|-damage|p1a: Slowbro|54\/100|[from] move: Magma Storm|[partiallytrapped]\n|upkeep\n|turn|9\n|\n|t:|1615503217\n|move|p2a: Heatran|Toxic|p1a: Slowbro\n|-status|p1a: Slowbro|tox\n|move|p1a: Slowbro|Scald|p2a: Heatran\n|-supereffective|p2a: Heatran\n|-damage|p2a: Heatran|65\/100\n|-enditem|p2a: Heatran|Air Balloon\n|\n|-damage|p1a: Slowbro|48\/100 tox|[from] psn\n|-damage|p1a: Slowbro|35\/100 tox|[from] move: Magma Storm|[partiallytrapped]\n|upkeep\n|turn|10\n|\n|t:|1615503228\n|move|p2a: Heatran|Taunt|p1a: Slowbro\n|-start|p1a: Slowbro|move: Taunt\n|cant|p1a: Slowbro|move: Taunt|Teleport\n|\n|-damage|p1a: Slowbro|23\/100 tox|[from] psn\n|-damage|p1a: Slowbro|10\/100 tox|[from] move: Magma Storm|[partiallytrapped]\n|upkeep\n|turn|11\n|\n|t:|1615503237\n|move|p2a: Heatran|Earth Power|p1a: Slowbro\n|-damage|p1a: Slowbro|0 fnt\n|faint|p1a: Slowbro\n|\n|upkeep\n|\n|t:|1615503241\n|switch|p1a: Zeraora|Zeraora|100\/100\n|turn|12\n|\n|t:|1615503250\n|switch|p2a: Blissey|Blissey, F|100\/100\n|move|p1a: Zeraora|Close Combat|p2a: Blissey\n|-supereffective|p2a: Blissey\n|-damage|p2a: Blissey|24\/100\n|-unboost|p1a: Zeraora|def|1\n|-unboost|p1a: Zeraora|spd|1\n|\n|upkeep\n|turn|13\n|inactive|SuperTheoryBros has 120 seconds left.\n|\n|t:|1615503273\n|switch|p2a: Landorus|Landorus-Therian, M|22\/100\n|-ability|p2a: Landorus|Intimidate|boost\n|-unboost|p1a: Zeraora|atk|1\n|move|p1a: Zeraora|Close Combat|p2a: Landorus\n|-resisted|p2a: Landorus\n|-damage|p2a: Landorus|12\/100\n|-unboost|p1a: Zeraora|def|1\n|-unboost|p1a: Zeraora|spd|1\n|\n|upkeep\n|turn|14\n|inactive|SuperTheoryBros has 120 seconds left.\n|inactive|RickyRister has 120 seconds left.\n|\n|t:|1615503308\n|switch|p1a: Corviknight|Corviknight, M|84\/100\n|-damage|p1a: Corviknight|72\/100|[from] Stealth Rock\n|-ability|p1a: Corviknight|Pressure\n|switch|p2a: Clefable|Clefable, F|100\/100\n|\n|upkeep\n|turn|15\n|inactive|RickyRister has 120 seconds left.\n|inactive|RickyRister has 90 seconds left.\n|inactive|SuperTheoryBros has 90 seconds left.\n|\n|t:|1615503347\n|switch|p2a: Heatran|Heatran, M|65\/100\n|move|p1a: Corviknight|U-turn|p2a: Heatran\n|-resisted|p2a: Heatran\n|-damage|p2a: Heatran|62\/100\n|inactive|RickyRister has 90 seconds left.\n|\n|t:|1615503353\n|switch|p1a: Zeraora|Zeraora|100\/100|[from]move: U-turn\n|\n|upkeep\n|turn|16\n|\n|t:|1615503358\n|switch|p2a: Clefable|Clefable, F|100\/100\n|move|p1a: Zeraora|Close Combat|p2a: Clefable\n|-resisted|p2a: Clefable\n|-damage|p2a: Clefable|86\/100\n|-unboost|p1a: Zeraora|def|1\n|-unboost|p1a: Zeraora|spd|1\n|\n|-heal|p2a: Clefable|92\/100|[from] item: Leftovers\n|upkeep\n|turn|17\n|\n|t:|1615503379\n|move|p1a: Zeraora|Volt Switch|p2a: Clefable\n|-damage|p2a: Clefable|71\/100\n|\n|t:|1615503382\n|switch|p1a: Nidoking|Nidoking, M|100\/100|[from]move: Volt Switch\n|-damage|p1a: Nidoking|95\/100|[from] Stealth Rock\n|move|p2a: Clefable|Moonblast|p1a: Nidoking\n|-resisted|p1a: Nidoking\n|-damage|p1a: Nidoking|74\/100\n|-unboost|p1a: Nidoking|spa|1\n|\n|-heal|p2a: Clefable|77\/100|[from] item: Leftovers\n|upkeep\n|turn|18\n|inactive|RickyRister has 120 seconds left.\n|inactive|SuperTheoryBros has 90 seconds left.\n|\n|t:|1615503406\n|switch|p2a: Landorus|Landorus-Therian, M|12\/100\n|-ability|p2a: Landorus|Intimidate|boost\n|-unboost|p1a: Nidoking|atk|1\n|move|p1a: Nidoking|Sludge Wave|p2a: Landorus\n|-resisted|p2a: Landorus\n|-damage|p2a: Landorus|0 fnt\n|faint|p2a: Landorus\n|\n|upkeep\n|inactive|SuperTheoryBros has 90 seconds left.\n|\n|t:|1615503412\n|switch|p2a: Blissey|Blissey, F|24\/100\n|turn|19\n|\n|t:|1615503416\n|switch|p1a: Zeraora|Zeraora|100\/100\n|move|p2a: Blissey|Soft-Boiled|p2a: Blissey\n|-heal|p2a: Blissey|74\/100\n|\n|upkeep\n|turn|20\n|inactive|SuperTheoryBros has 90 seconds left.\n|\n|t:|1615503437\n|switch|p2a: Clefable|Clefable, F|77\/100\n|move|p1a: Zeraora|Close Combat|p2a: Clefable\n|-resisted|p2a: Clefable\n|-damage|p2a: Clefable|62\/100\n|-unboost|p1a: Zeraora|def|1\n|-unboost|p1a: Zeraora|spd|1\n|\n|-heal|p2a: Clefable|69\/100|[from] item: Leftovers\n|upkeep\n|turn|21\n|inactive|SuperTheoryBros has 90 seconds left.\n|\n|t:|1615503449\n|move|p1a: Zeraora|Volt Switch|p2a: Clefable\n|-damage|p2a: Clefable|49\/100\n|\n|t:|1615503454\n|switch|p1a: Nidoking|Nidoking, M|74\/100|[from]move: Volt Switch\n|-damage|p1a: Nidoking|68\/100|[from] Stealth Rock\n|move|p2a: Clefable|Soft-Boiled|p2a: Clefable\n|-heal|p2a: Clefable|99\/100\n|\n|-heal|p2a: Clefable|100\/100|[from] item: Leftovers\n|upkeep\n|turn|22\n|\n|t:|1615503476\n|switch|p1a: Zeraora|Zeraora|100\/100\n|move|p2a: Clefable|Moonblast|p1a: Zeraora\n|-damage|p1a: Zeraora|62\/100\n|-unboost|p1a: Zeraora|spa|1\n|\n|upkeep\n|turn|23\n|\n|t:|1615503485\n|move|p1a: Zeraora|Volt Switch|p2a: Clefable\n|-crit|p2a: Clefable\n|-damage|p2a: Clefable|70\/100\n|\n|t:|1615503487\n|switch|p1a: Corviknight|Corviknight, M|72\/100|[from]move: Volt Switch\n|-damage|p1a: Corviknight|59\/100|[from] Stealth Rock\n|-ability|p1a: Corviknight|Pressure\n|move|p2a: Clefable|Moonblast|p1a: Corviknight\n|-resisted|p1a: Corviknight\n|-damage|p1a: Corviknight|45\/100\n|\n|-heal|p2a: Clefable|76\/100|[from] item: Leftovers\n|upkeep\n|turn|24\n|\n|t:|1615503499\n|switch|p2a: Heatran|Heatran, M|62\/100\n|move|p1a: Corviknight|Roost|p1a: Corviknight\n|-heal|p1a: Corviknight|95\/100\n|-singleturn|p1a: Corviknight|move: Roost\n|\n|upkeep\n|turn|25\n|\n|t:|1615503508\n|move|p2a: Heatran|Magma Storm|p1a: Corviknight|[miss]\n|-miss|p2a: Heatran|p1a: Corviknight\n|move|p1a: Corviknight|U-turn|p2a: Heatran\n|-resisted|p2a: Heatran\n|-damage|p2a: Heatran|59\/100\n|\n|t:|1615503521\n|switch|p1a: Zeraora|Zeraora|62\/100|[from]move: U-turn\n|\n|upkeep\n|turn|26\n|inactive|SuperTheoryBros has 120 seconds left.\n|\n|t:|1615503536\n|switch|p2a: Clefable|Clefable, F|76\/100\n|move|p1a: Zeraora|Volt Switch|p2a: Clefable\n|-damage|p2a: Clefable|57\/100\n|\n|t:|1615503563\n|switch|p1a: Corviknight|Corviknight, M|95\/100|[from]move: Volt Switch\n|-damage|p1a: Corviknight|82\/100|[from] Stealth Rock\n|-ability|p1a: Corviknight|Pressure\n|\n|-heal|p2a: Clefable|63\/100|[from] item: Leftovers\n|upkeep\n|turn|27\n|inactive|SuperTheoryBros has 120 seconds left.\n|\n|t:|1615503580\n|move|p2a: Clefable|Soft-Boiled|p2a: Clefable\n|-heal|p2a: Clefable|100\/100\n|move|p1a: Corviknight|U-turn|p2a: Clefable\n|-resisted|p2a: Clefable\n|-damage|p2a: Clefable|95\/100\n|\n|t:|1615503589\n|switch|p1a: Nidoking|Nidoking, M|68\/100|[from]move: U-turn\n|-damage|p1a: Nidoking|62\/100|[from] Stealth Rock\n|\n|-heal|p2a: Clefable|100\/100|[from] item: Leftovers\n|upkeep\n|turn|28\n|\n|t:|1615503603\n|switch|p2a: Blissey|Blissey, F|74\/100\n|move|p1a: Nidoking|Sludge Wave|p2a: Blissey\n|-damage|p2a: Blissey|54\/100\n|\n|upkeep\n|turn|29\n|inactive|RickyRister has 120 seconds left.\n|\n|t:|1615503630\n|move|p1a: Nidoking|Sludge Wave|p2a: Blissey\n|-damage|p2a: Blissey|33\/100\n|move|p2a: Blissey|Soft-Boiled|p2a: Blissey\n|-heal|p2a: Blissey|83\/100\n|\n|upkeep\n|turn|30\n|\n|t:|1615503638\n|switch|p1a: Clefable|Clefable, F|100\/100\n|move|p2a: Blissey|Wish|p2a: Blissey\n|\n|upkeep\n|turn|31\n|inactive|RickyRister has 120 seconds left.\n|\n|t:|1615503654\n|switch|p1a: Zeraora|Zeraora|62\/100\n|switch|p2a: Heatran|Heatran, M|59\/100\n|\n|-heal|p2a: Heatran|100\/100|[from] move: Wish|[wisher] Blissey\n|upkeep\n|turn|32\n|\n|t:|1615503674\n|switch|p2a: Clefable|Clefable, F|100\/100\n|move|p1a: Zeraora|Knock Off|p2a: Clefable\n|-resisted|p2a: Clefable\n|-damage|p2a: Clefable|88\/100\n|-enditem|p2a: Clefable|Leftovers|[from] move: Knock Off|[of] p1a: Zeraora\n|\n|upkeep\n|turn|33\n|\n|t:|1615503688\n|move|p1a: Zeraora|Volt Switch|p2a: Clefable\n|-damage|p2a: Clefable|66\/100\n|inactive|RickyRister has 120 seconds left.\n|\n|t:|1615503711\n|switch|p1a: Clefable|Clefable, F|100\/100|[from]move: Volt Switch\n|move|p2a: Clefable|Moonblast|p1a: Clefable\n|-damage|p1a: Clefable|78\/100\n|\n|-heal|p1a: Clefable|85\/100|[from] item: Leftovers\n|upkeep\n|turn|34\n|inactive|RickyRister has 120 seconds left.\n|\n|t:|1615503725\n|switch|p1a: Zeraora|Zeraora|62\/100\n|move|p2a: Clefable|Moonblast|p1a: Zeraora\n|-damage|p1a: Zeraora|20\/100\n|-unboost|p1a: Zeraora|spa|1\n|\n|upkeep\n|turn|35\n|\n|t:|1615503733\n|move|p1a: Zeraora|Volt Switch|p2a: Clefable\n|-damage|p2a: Clefable|46\/100\n|\n|t:|1615503735\n|switch|p1a: Clefable|Clefable, F|85\/100|[from]move: Volt Switch\n|move|p2a: Clefable|Soft-Boiled|p2a: Clefable\n|-heal|p2a: Clefable|96\/100\n|\n|-heal|p1a: Clefable|91\/100|[from] item: Leftovers\n|upkeep\n|turn|36\n|j| TestandLose\n|\n|t:|1615503749\n|switch|p2a: Heatran|Heatran, M|100\/100\n|move|p1a: Clefable|Stealth Rock|p2a: Heatran\n|-sidestart|p2: SuperTheoryBros|move: Stealth Rock\n|\n|-heal|p1a: Clefable|97\/100|[from] item: Leftovers\n|upkeep\n|turn|37\n|\n|t:|1615503763\n|switch|p1a: Rillaboom|Rillaboom, F|47\/100\n|-damage|p1a: Rillaboom|34\/100|[from] Stealth Rock\n|-fieldstart|move: Grassy Terrain|[from] ability: Grassy Surge|[of] p1a: Rillaboom\n|move|p2a: Heatran|Magma Storm|p1a: Rillaboom|[miss]\n|-miss|p2a: Heatran|p1a: Rillaboom\n|\n|-heal|p1a: Rillaboom|40\/100|[from] Grassy Terrain\n|upkeep\n|turn|38\n|l| TestandLose\n|\n|t:|1615503775\n|switch|p2a: Toxapex|Toxapex, M|69\/100\n|-damage|p2a: Toxapex|57\/100|[from] Stealth Rock\n|move|p1a: Rillaboom|Knock Off|p2a: Toxapex\n|-damage|p2a: Toxapex|23\/100\n|-damage|p1a: Rillaboom|24\/100|[from] item: Rocky Helmet|[of] p2a: Toxapex\n|-enditem|p2a: Toxapex|Rocky Helmet|[from] move: Knock Off|[of] p1a: Rillaboom\n|\n|-heal|p1a: Rillaboom|30\/100|[from] Grassy Terrain\n|-heal|p2a: Toxapex|29\/100|[from] Grassy Terrain\n|upkeep\n|turn|39\n|\n|t:|1615503803\n|switch|p1a: Nidoking|Nidoking, M|62\/100\n|-damage|p1a: Nidoking|56\/100|[from] Stealth Rock\n|move|p2a: Toxapex|Recover|p2a: Toxapex\n|-heal|p2a: Toxapex|79\/100\n|\n|-heal|p1a: Nidoking|62\/100|[from] Grassy Terrain\n|-heal|p2a: Toxapex|85\/100|[from] Grassy Terrain\n|upkeep\n|turn|40\n|inactive|RickyRister has 120 seconds left.\n|inactive|SuperTheoryBros has 120 seconds left.\n|\n|t:|1615503829\n|switch|p1a: Zeraora|Zeraora|20\/100\n|switch|p2a: Blissey|Blissey, F|83\/100\n|\n|-heal|p1a: Zeraora|26\/100|[from] Grassy Terrain\n|-heal|p2a: Blissey|89\/100|[from] Grassy Terrain\n|upkeep\n|turn|41\n|inactive|RickyRister has 120 seconds left.\n|inactive|SuperTheoryBros has 120 seconds left.\n|\n|t:|1615503843\n|move|p1a: Zeraora|Plasma Fists|p2a: Blissey\n|-damage|p2a: Blissey|46\/100\n|-fieldactivate|move: Ion Deluge\n|move|p2a: Blissey|Wish|p2a: Blissey\n|\n|-heal|p1a: Zeraora|32\/100|[from] Grassy Terrain\n|-heal|p2a: Blissey|52\/100|[from] Grassy Terrain\n|-fieldend|move: Grassy Terrain\n|upkeep\n|turn|42\n|inactive|SuperTheoryBros has 120 seconds left.\n|inactive|RickyRister has 120 seconds left.\n|\n|t:|1615503864\n|switch|p2a: Clefable|Clefable, F|96\/100\n|-damage|p2a: Clefable|83\/100|[from] Stealth Rock\n|move|p1a: Zeraora|Volt Switch|p2a: Clefable\n|-damage|p2a: Clefable|64\/100\n|\n|t:|1615503887\n|switch|p1a: Nidoking|Nidoking, M|62\/100|[from]move: Volt Switch\n|-damage|p1a: Nidoking|56\/100|[from] Stealth Rock\n|\n|-heal|p2a: Clefable|100\/100|[from] move: Wish|[wisher] Blissey\n|upkeep\n|turn|43\n|inactive|SuperTheoryBros has 120 seconds left.\n|\n|t:|1615503897\n|move|p1a: Nidoking|Sludge Wave|p2a: Clefable\n|-supereffective|p2a: Clefable\n|-damage|p2a: Clefable|0 fnt\n|faint|p2a: Clefable\n|\n|upkeep\n|-message|SuperTheoryBros forfeited.\n|\n|win|RickyRister\n|l|\u2606SuperTheoryBros\n|raw|RickyRister's rating: 1624 &rarr; <strong>1641<\/strong><br \/>(+17 for winning)\n|raw|SuperTheoryBros's rating: 1650 &rarr; <strong>1633<\/strong><br \/>(-17 for losing)\n","uploadtime":1615503906,"views":24,"p1id":"rickyrister","p2id":"supertheorybros","formatid":"gen8ou","rating":1633,"private":0,"password":null}