{"id":"gen8ubers-1680753000","p1":"Shooriken","p2":"lou dort","format":"gen8ubers","log":"|j|\u2606Shooriken\n|j|\u203dlou dort\n|t:|1665235934\n|gametype|singles\n|player|p1|Shooriken|scientist-gen4|\n|player|p2|lou dort|lucas|\n|teamsize|p1|6\n|teamsize|p2|6\n|gen|8\n|tier|[Gen 8] Ubers\n|rule|Sleep Clause Mod: Limit one foe put to sleep\n|rule|Species Clause: Limit one of each Pok\u00e9mon\n|rule|OHKO Clause: OHKO moves are banned\n|rule|Evasion Items Clause: Evasion items are banned\n|rule|Evasion Moves Clause: Evasion moves are banned\n|rule|Endless Battle Clause: Forcing endless battles is banned\n|rule|HP Percentage Mod: HP is shown in percentages\n|rule|Dynamax Clause: You cannot dynamax\n|clearpoke\n|poke|p1|Marshadow|\n|poke|p1|Eternatus|\n|poke|p1|Yveltal|\n|poke|p1|Necrozma-Dusk-Mane|\n|poke|p1|Kyogre|\n|poke|p1|Groudon|\n|poke|p2|Aerodactyl, M|\n|poke|p2|Yveltal|\n|poke|p2|Necrozma-Dusk-Mane|\n|poke|p2|Zekrom|\n|poke|p2|Weavile, F|\n|poke|p2|Xerneas-*|\n|teampreview\n|inactive|Battle timer is ON: inactive players will automatically lose when time's up. (requested by lou dort)\n|c|\u2606Shooriken|Hf\n|j| misplayin\n|inactive|Shooriken has 270 seconds left.\n|j| trsh house\n|\n|t:|1665235984\n|start\n|switch|p1a: Eternatus|Eternatus|100\/100\n|switch|p2a: Aerodactyl|Aerodactyl, M, shiny|100\/100\n|-ability|p2a: Aerodactyl|Pressure\n|-ability|p1a: Eternatus|Pressure\n|turn|1\n|\n|t:|1665235988\n|move|p2a: Aerodactyl|Taunt|p1a: Eternatus\n|-start|p1a: Eternatus|move: Taunt\n|move|p1a: Eternatus|Dragon Pulse|p2a: Aerodactyl\n|-damage|p2a: Aerodactyl|39\/100\n|\n|upkeep\n|turn|2\n|l| trsh house\n|\n|t:|1665235990\n|move|p2a: Aerodactyl|Stealth Rock|p1a: Eternatus\n|-sidestart|p1: Shooriken|move: Stealth Rock\n|move|p1a: Eternatus|Dragon Pulse|p2a: Aerodactyl\n|-damage|p2a: Aerodactyl|0 fnt\n|faint|p2a: Aerodactyl\n|\n|upkeep\n|\n|t:|1665236000\n|switch|p2a: Weavile|Weavile, F|100\/100\n|-ability|p2a: Weavile|Pressure\n|turn|3\n|\n|t:|1665236005\n|move|p2a: Weavile|Swords Dance|p2a: Weavile\n|-boost|p2a: Weavile|atk|2\n|move|p1a: Eternatus|Mystical Fire|p2a: Weavile\n|-supereffective|p2a: Weavile\n|-damage|p2a: Weavile|31\/100\n|-unboost|p2a: Weavile|spa|1\n|\n|-end|p1a: Eternatus|move: Taunt\n|upkeep\n|turn|4\n|\n|t:|1665236011\n|move|p2a: Weavile|Triple Axel|p1a: Eternatus\n|-supereffective|p1a: Eternatus\n|-damage|p1a: Eternatus|74\/100\n|-supereffective|p1a: Eternatus\n|-damage|p1a: Eternatus|14\/100\n|-supereffective|p1a: Eternatus\n|-damage|p1a: Eternatus|0 fnt\n|faint|p1a: Eternatus\n|-hitcount|p1: Eternatus|3\n|\n|upkeep\n|inactive|Shooriken has 270 seconds left.\n|inactive|Shooriken has 240 seconds left.\n|inactive|Shooriken has 210 seconds left.\n|\n|t:|1665236110\n|switch|p1a: Marshadow|Marshadow|100\/100\n|-damage|p1a: Marshadow|94\/100|[from] Stealth Rock\n|turn|5\n|\n|t:|1665236127\n|switch|p2a: Yveltal|Yveltal|100\/100\n|-ability|p2a: Yveltal|Dark Aura\n|move|p1a: Marshadow|Shadow Sneak|p2a: Yveltal\n|-resisted|p2a: Yveltal\n|-damage|p2a: Yveltal|80\/100\n|\n|upkeep\n|turn|6\n|\n|t:|1665236139\n|switch|p1a: Yveltal|Yveltal|100\/100\n|-ability|p1a: Yveltal|Dark Aura\n|move|p2a: Yveltal|Knock Off|p1a: Yveltal\n|-resisted|p1a: Yveltal\n|-damage|p1a: Yveltal|74\/100\n|-enditem|p1a: Yveltal|Heavy-Duty Boots|[from] move: Knock Off|[of] p2a: Yveltal\n|\n|upkeep\n|turn|7\n|\n|t:|1665236145\n|move|p2a: Yveltal|Taunt|p1a: Yveltal\n|-start|p1a: Yveltal|move: Taunt\n|move|p1a: Yveltal|Knock Off|p2a: Yveltal\n|-resisted|p2a: Yveltal\n|-damage|p2a: Yveltal|54\/100\n|-enditem|p2a: Yveltal|Black Glasses|[from] move: Knock Off|[of] p1a: Yveltal\n|\n|upkeep\n|turn|8\n|\n|t:|1665236150\n|move|p2a: Yveltal|Knock Off|p1a: Yveltal\n|-resisted|p1a: Yveltal\n|-damage|p1a: Yveltal|59\/100\n|move|p1a: Yveltal|Knock Off|p2a: Yveltal\n|-resisted|p2a: Yveltal\n|-damage|p2a: Yveltal|36\/100\n|\n|upkeep\n|turn|9\n|inactive|Shooriken has 240 seconds left.\n|\n|t:|1665236157\n|switch|p1a: Kyogre|Kyogre|100\/100\n|-damage|p1a: Kyogre|88\/100|[from] Stealth Rock\n|-weather|RainDance|[from] ability: Drizzle|[of] p1a: Kyogre\n|move|p2a: Yveltal|Knock Off|p1a: Kyogre\n|-damage|p1a: Kyogre|44\/100\n|-enditem|p1a: Kyogre|Leftovers|[from] move: Knock Off|[of] p2a: Yveltal\n|\n|-weather|RainDance|[upkeep]\n|upkeep\n|turn|10\n|\n|t:|1665236160\n|move|p2a: Yveltal|Sucker Punch|p1a: Kyogre\n|-damage|p1a: Kyogre|15\/100\n|move|p1a: Kyogre|Surf|p2a: Yveltal\n|-damage|p2a: Yveltal|0 fnt\n|faint|p2a: Yveltal\n|\n|-weather|RainDance|[upkeep]\n|upkeep\n|\n|t:|1665236164\n|switch|p2a: Weavile|Weavile, F|31\/100\n|-ability|p2a: Weavile|Pressure\n|turn|11\n|\n|t:|1665236167\n|move|p2a: Weavile|Knock Off|p1a: Kyogre\n|-damage|p1a: Kyogre|0 fnt\n|faint|p1a: Kyogre\n|\n|-weather|RainDance|[upkeep]\n|upkeep\n|\n|t:|1665236171\n|switch|p1a: Marshadow|Marshadow|94\/100\n|-damage|p1a: Marshadow|88\/100|[from] Stealth Rock\n|turn|12\n|\n|t:|1665236173\n|move|p1a: Marshadow|Shadow Sneak|p2a: Weavile\n|-resisted|p2a: Weavile\n|-damage|p2a: Weavile|0 fnt\n|faint|p2a: Weavile\n|\n|-weather|RainDance|[upkeep]\n|upkeep\n|\n|t:|1665236182\n|switch|p2a: Xerneas|Xerneas, shiny|100\/100\n|-ability|p2a: Xerneas|Fairy Aura\n|turn|13\n|\n|t:|1665236187\n|switch|p1a: Necrozma|Necrozma-Dusk-Mane|100\/100\n|-damage|p1a: Necrozma|94\/100|[from] Stealth Rock\n|switch|p2a: Necrozma|Necrozma-Dusk-Mane|100\/100\n|\n|-weather|none\n|-heal|p1a: Necrozma|100\/100|[from] item: Leftovers\n|upkeep\n|turn|14\n|\n|t:|1665236190\n|move|p2a: Necrozma|Dragon Dance|p2a: Necrozma\n|-boost|p2a: Necrozma|atk|1\n|-boost|p2a: Necrozma|spe|1\n|move|p1a: Necrozma|Thunder Wave|p2a: Necrozma\n|-status|p2a: Necrozma|par\n|\n|upkeep\n|turn|15\n|\n|t:|1665236193\n|switch|p1a: Groudon|Groudon|100\/100\n|-damage|p1a: Groudon|94\/100|[from] Stealth Rock\n|-weather|SunnyDay|[from] ability: Drought|[of] p1a: Groudon\n|move|p2a: Necrozma|Earthquake|p1a: Groudon\n|-damage|p1a: Groudon|54\/100\n|\n|-weather|SunnyDay|[upkeep]\n|-heal|p1a: Groudon|60\/100|[from] item: Leftovers\n|upkeep\n|turn|16\n|\n|t:|1665236197\n|move|p1a: Groudon|Precipice Blades|p2a: Necrozma\n|-supereffective|p2a: Necrozma\n|-damage|p2a: Necrozma|21\/100 par\n|-enditem|p2a: Necrozma|Weakness Policy\n|-boost|p2a: Necrozma|atk|2|[from] item: Weakness Policy\n|-boost|p2a: Necrozma|spa|2|[from] item: Weakness Policy\n|move|p2a: Necrozma|Sunsteel Strike|p1a: Groudon\n|-damage|p1a: Groudon|0 fnt\n|faint|p1a: Groudon\n|\n|-weather|SunnyDay|[upkeep]\n|upkeep\n|\n|t:|1665236201\n|switch|p1a: Marshadow|Marshadow|88\/100\n|-damage|p1a: Marshadow|82\/100|[from] Stealth Rock\n|turn|17\n|\n|t:|1665236203\n|switch|p2a: Zekrom|Zekrom, shiny|100\/100\n|-ability|p2a: Zekrom|Teravolt\n|move|p1a: Marshadow|Spectral Thief|p2a: Zekrom\n|-damage|p2a: Zekrom|43\/100\n|\n|-weather|SunnyDay|[upkeep]\n|upkeep\n|turn|18\n|\n|t:|1665236210\n|move|p1a: Marshadow|Spectral Thief|p2a: Zekrom\n|-damage|p2a: Zekrom|0 fnt\n|faint|p2a: Zekrom\n|\n|-weather|SunnyDay|[upkeep]\n|upkeep\n|\n|t:|1665236211\n|switch|p2a: Xerneas|Xerneas, shiny|100\/100\n|-ability|p2a: Xerneas|Fairy Aura\n|turn|19\n|\n|t:|1665236220\n|move|p1a: Marshadow|Spectral Thief|p2a: Xerneas\n|-damage|p2a: Xerneas|52\/100\n|move|p2a: Xerneas|Geomancy||[still]\n|-prepare|p2a: Xerneas|Geomancy\n|-enditem|p2a: Xerneas|Power Herb\n|-anim|p2a: Xerneas|Geomancy|p2a: Xerneas\n|-boost|p2a: Xerneas|spa|2\n|-boost|p2a: Xerneas|spd|2\n|-boost|p2a: Xerneas|spe|2\n|\n|-weather|none\n|upkeep\n|turn|20\n|\n|t:|1665236229\n|switch|p1a: Yveltal|Yveltal|59\/100\n|-damage|p1a: Yveltal|34\/100|[from] Stealth Rock\n|-ability|p1a: Yveltal|Dark Aura\n|move|p2a: Xerneas|Moonblast|p1a: Yveltal\n|-supereffective|p1a: Yveltal\n|-damage|p1a: Yveltal|0 fnt\n|faint|p1a: Yveltal\n|\n|upkeep\n|\n|t:|1665236231\n|switch|p1a: Necrozma|Necrozma-Dusk-Mane|100\/100\n|-damage|p1a: Necrozma|94\/100|[from] Stealth Rock\n|turn|21\n|\n|t:|1665236233\n|move|p2a: Xerneas|Focus Blast|p1a: Necrozma|[miss]\n|-miss|p2a: Xerneas|p1a: Necrozma\n|move|p1a: Necrozma|Iron Head|p2a: Xerneas\n|-supereffective|p2a: Xerneas\n|-damage|p2a: Xerneas|0 fnt\n|faint|p2a: Xerneas\n|\n|-heal|p1a: Necrozma|100\/100|[from] item: Leftovers\n|upkeep\n|\n|t:|1665236236\n|switch|p2a: Necrozma|Necrozma-Dusk-Mane|21\/100 par\n|turn|22\n|\n|t:|1665236238\n|move|p1a: Necrozma|Iron Head|p2a: Necrozma\n|-resisted|p2a: Necrozma\n|-damage|p2a: Necrozma|4\/100 par\n|move|p2a: Necrozma|Earthquake|p1a: Necrozma\n|-supereffective|p1a: Necrozma\n|-damage|p1a: Necrozma|58\/100\n|\n|-heal|p1a: Necrozma|64\/100|[from] item: Leftovers\n|upkeep\n|turn|23\n|\n|t:|1665236241\n|move|p1a: Necrozma|Iron Head|p2a: Necrozma\n|-resisted|p2a: Necrozma\n|-damage|p2a: Necrozma|0 fnt\n|faint|p2a: Necrozma\n|\n|win|Shooriken\n|c|\u2606Shooriken|Gg\n","uploadtime":1665236247,"views":15,"p1id":"shooriken","p2id":"loudort","formatid":"gen8ubers","rating":0,"private":0,"password":null}