{"id":"gen8ou-1136113128","p1":"cold.exe","p2":"Crummy Dingus","format":"gen8ou","log":"|j|\u2606cold.exe\n|j|\u2606Crummy Dingus\n|player|p1|cold.exe|red|1485\n|player|p2|Crummy Dingus|102|1483\n|teamsize|p1|6\n|teamsize|p2|6\n|gametype|singles\n|gen|8\n|tier|[Gen 8] OU\n|rated|\n|clearpoke\n|poke|p1|Rotom-Heat|\n|poke|p1|Cinderace, F|\n|poke|p1|Kommo-o, M|\n|poke|p1|Clefable, F|\n|poke|p1|Hydreigon, F|\n|poke|p1|Diggersby, M|\n|poke|p2|Crawdaunt, M|\n|poke|p2|Conkeldurr, F|\n|poke|p2|Scizor, F|\n|poke|p2|Volcarona, M|\n|poke|p2|Mew|\n|poke|p2|Magearna|\n|rule|Sleep Clause Mod: Limit one foe put to sleep\n|rule|Species Clause: Limit one of each Pok\u00e9mon\n|rule|OHKO Clause: OHKO moves are banned\n|rule|Evasion Moves Clause: Evasion moves are banned\n|rule|Endless Battle Clause: Forcing endless battles is banned\n|rule|HP Percentage Mod: HP is shown in percentages\n|rule|Dynamax Clause: You cannot dynamax\n|teampreview\n|\n|start\n|switch|p1a: Hydreigon|Hydreigon, F|100\/100\n|switch|p2a: Mew|Mew|100\/100\n|turn|1\n|\n|move|p2a: Mew|Stealth Rock|p1a: Hydreigon\n|-sidestart|p1: cold.exe|move: Stealth Rock\n|move|p1a: Hydreigon|Dark Pulse|p2a: Mew\n|-supereffective|p2a: Mew\n|-damage|p2a: Mew|2\/100\n|-damage|p1a: Hydreigon|91\/100|[from] item: Life Orb\n|\n|upkeep\n|turn|2\n|\n|move|p2a: Mew|Explosion|p1a: Hydreigon\n|-damage|p1a: Hydreigon|27\/100\n|faint|p2a: Mew\n|move|p1a: Hydreigon|Dark Pulse|p2: Mew|[notarget]\n|-fail|p1a: Hydreigon\n|\n|upkeep\n|\n|switch|p2a: Magearna|Magearna|100\/100\n|turn|3\n|\n|switch|p1a: Cinderace|Cinderace, F|100\/100\n|move|p2a: Magearna|Shift Gear|p2a: Magearna\n|-boost|p2a: Magearna|spe|2\n|-boost|p2a: Magearna|atk|1\n|\n|upkeep\n|turn|4\n|\n|switch|p2a: Conkeldurr|Conkeldurr, F|100\/100\n|move|p1a: Cinderace|Pyro Ball|p2a: Conkeldurr\n|-damage|p2a: Conkeldurr|47\/100\n|\n|upkeep\n|turn|5\n|\n|move|p2a: Conkeldurr|Mach Punch|p1a: Cinderace\n|-damage|p1a: Cinderace|62\/100\n|move|p1a: Cinderace|Pyro Ball|p2a: Conkeldurr\n|-damage|p2a: Conkeldurr|0 fnt\n|faint|p2a: Conkeldurr\n|\n|upkeep\n|\n|switch|p2a: Crawdaunt|Crawdaunt, M|100\/100\n|turn|6\n|\n|switch|p1a: Kommo-o|Kommo-o, M|100\/100\n|-damage|p1a: Kommo-o|94\/100|[from] Stealth Rock\n|move|p2a: Crawdaunt|Aqua Jet|p1a: Kommo-o\n|-resisted|p1a: Kommo-o\n|-damage|p1a: Kommo-o|83\/100\n|-damage|p2a: Crawdaunt|84\/100|[from] item: Rocky Helmet|[of] p1a: Kommo-o\n|-damage|p2a: Crawdaunt|74\/100|[from] item: Life Orb\n|\n|upkeep\n|turn|7\n|\n|switch|p2a: Volcarona|Volcarona, M|100\/100\n|move|p1a: Kommo-o|Body Press|p2a: Volcarona\n|-resisted|p2a: Volcarona\n|-damage|p2a: Volcarona|69\/100\n|\n|-heal|p2a: Volcarona|75\/100|[from] item: Leftovers\n|upkeep\n|turn|8\n|\n|move|p2a: Volcarona|Quiver Dance|p2a: Volcarona\n|-boost|p2a: Volcarona|spa|1\n|-boost|p2a: Volcarona|spd|1\n|-boost|p2a: Volcarona|spe|1\n|move|p1a: Kommo-o|Rock Slide|p2a: Volcarona\n|-supereffective|p2a: Volcarona\n|-damage|p2a: Volcarona|0 fnt\n|faint|p2a: Volcarona\n|\n|upkeep\n|\n|switch|p2a: Scizor|Scizor, F|100\/100\n|turn|9\n|\n|move|p1a: Kommo-o|Iron Defense|p1a: Kommo-o\n|-boost|p1a: Kommo-o|def|2\n|move|p2a: Scizor|Swords Dance|p2a: Scizor\n|-boost|p2a: Scizor|atk|2\n|\n|upkeep\n|turn|10\n|\n|move|p1a: Kommo-o|Body Press|p2a: Scizor\n|-damage|p2a: Scizor|8\/100\n|move|p2a: Scizor|Swords Dance|p2a: Scizor\n|-boost|p2a: Scizor|atk|2\n|\n|-heal|p2a: Scizor|14\/100|[from] item: Leftovers\n|upkeep\n|turn|11\n|\n|move|p2a: Scizor|Bullet Punch|p1a: Kommo-o\n|-damage|p1a: Kommo-o|53\/100\n|-damage|p2a: Scizor|0 fnt|[from] item: Rocky Helmet|[of] p1a: Kommo-o\n|faint|p2a: Scizor\n|move|p1a: Kommo-o|Body Press|p2: Scizor|[notarget]\n|-fail|p1a: Kommo-o\n|\n|upkeep\n|\n|switch|p2a: Magearna|Magearna|100\/100\n|turn|12\n|\n|move|p1a: Kommo-o|Body Press|p2a: Magearna\n|-damage|p2a: Magearna|35\/100\n|move|p2a: Magearna|Ice Beam|p1a: Kommo-o\n|-supereffective|p1a: Kommo-o\n|-damage|p1a: Kommo-o|4\/100\n|\n|-heal|p2a: Magearna|41\/100|[from] item: Leftovers\n|upkeep\n|turn|13\n|-message|Crummy Dingus forfeited.\n|\n|win|cold.exe\n|l|\u2606Crummy Dingus\n|raw|cold.exe's rating: 1466 &rarr; <strong>1487<\/strong><br \/>(+21 for winning)\n|raw|Crummy Dingus's rating: 1483 &rarr; <strong>1462<\/strong><br \/>(-21 for losing)\n","uploadtime":1592664356,"views":6,"p1id":"coldexe","p2id":"crummydingus","formatid":"gen8ou","rating":1462,"private":0,"password":null}