{"id":"gen8uu-1262025083","p1":"ArcanineSquad","p2":"blueeeeeballie","format":"gen8uu","log":"|j|\u2606ArcanineSquad\n|j|\u2606blueeeeeballie\n|t:|1610623323\n|player|p1|ArcanineSquad|cynthia-gen4|1432\n|player|p2|blueeeeeballie|101|1458\n|teamsize|p1|6\n|teamsize|p2|6\n|gametype|singles\n|gen|8\n|tier|[Gen 8] UU\n|rated|\n|clearpoke\n|poke|p1|Rotom-Heat|\n|poke|p1|Zeraora|\n|poke|p1|Latias, F|\n|poke|p1|Krookodile, F|\n|poke|p1|Tapu Bulu|\n|poke|p1|Scizor, F|\n|poke|p2|Thundurus-Therian, M|\n|poke|p2|Amoonguss, F|\n|poke|p2|Golurk|\n|poke|p2|Chandelure, F|\n|poke|p2|Celesteela|\n|poke|p2|Mamoswine, M|\n|rule|Sleep Clause Mod: Limit one foe put to sleep\n|rule|Species Clause: Limit one of each Pok\u00e9mon\n|rule|OHKO Clause: OHKO moves are banned\n|rule|Evasion Moves Clause: Evasion moves are banned\n|rule|Endless Battle Clause: Forcing endless battles is banned\n|rule|HP Percentage Mod: HP is shown in percentages\n|rule|Dynamax Clause: You cannot dynamax\n|teampreview\n|j| Jairhdvdv\n|inactive|Battle timer is ON: inactive players will automatically lose when time's up. (requested by blueeeeeballie)\n|\n|t:|1610623348\n|start\n|switch|p1a: Rotom|Rotom-Heat, shiny|100\/100\n|switch|p2a: Golurk|Golurk|100\/100\n|turn|1\n|\n|t:|1610623354\n|move|p1a: Rotom|Overheat|p2a: Golurk\n|-damage|p2a: Golurk|73\/100\n|-unboost|p1a: Rotom|spa|2\n|move|p2a: Golurk|Poltergeist|p1a: Rotom\n|-activate|p1a: Rotom|move: Poltergeist|Heavy-Duty Boots\n|-damage|p1a: Rotom|41\/100\n|\n|upkeep\n|turn|2\n|\n|t:|1610623363\n|switch|p1a: Krookodile|Krookodile, F|100\/100\n|-ability|p1a: Krookodile|Intimidate|boost\n|-unboost|p2a: Golurk|atk|1\n|move|p2a: Golurk|Dynamic Punch|p1a: Krookodile\n|-supereffective|p1a: Krookodile\n|-damage|p1a: Krookodile|42\/100\n|-start|p1a: Krookodile|confusion\n|\n|upkeep\n|turn|3\n|\n|t:|1610623372\n|switch|p2a: Amoonguss|Amoonguss, F|100\/100\n|-activate|p1a: Krookodile|confusion\n|move|p1a: Krookodile|Stealth Rock|p2a: Amoonguss\n|-sidestart|p2: blueeeeeballie|move: Stealth Rock\n|\n|upkeep\n|turn|4\n|\n|t:|1610623376\n|switch|p1a: Rotom|Rotom-Heat, shiny|41\/100\n|move|p2a: Amoonguss|Spore|p1a: Rotom\n|-status|p1a: Rotom|slp|[from] move: Spore\n|\n|upkeep\n|turn|5\n|\n|t:|1610623383\n|switch|p1a: Latias|Latias, F, shiny|100\/100\n|switch|p2a: Thundurus|Thundurus-Therian, M|100\/100\n|\n|upkeep\n|turn|6\n|\n|t:|1610623388\n|switch|p2a: Celesteela|Celesteela|100\/100\n|-damage|p2a: Celesteela|88\/100|[from] Stealth Rock\n|move|p1a: Latias|Mystical Fire|p2a: Celesteela\n|-supereffective|p2a: Celesteela\n|-damage|p2a: Celesteela|51\/100\n|-unboost|p2a: Celesteela|spa|1\n|-damage|p1a: Latias|91\/100|[from] item: Life Orb\n|\n|-heal|p2a: Celesteela|57\/100|[from] item: Leftovers\n|upkeep\n|turn|7\n|\n|t:|1610623396\n|move|p1a: Latias|Mystical Fire|p2a: Celesteela\n|-supereffective|p2a: Celesteela\n|-damage|p2a: Celesteela|15\/100\n|-unboost|p2a: Celesteela|spa|1\n|-damage|p1a: Latias|81\/100|[from] item: Life Orb\n|move|p2a: Celesteela|Leech Seed|p1a: Latias\n|-start|p1a: Latias|move: Leech Seed\n|\n|-heal|p2a: Celesteela|21\/100|[from] item: Leftovers\n|-damage|p1a: Latias|68\/100|[from] Leech Seed|[of] p2a: Celesteela\n|-heal|p2a: Celesteela|30\/100|[silent]\n|upkeep\n|turn|8\n|\n|t:|1610623401\n|move|p2a: Celesteela|Protect|p2a: Celesteela\n|-singleturn|p2a: Celesteela|Protect\n|move|p1a: Latias|Roost|p1a: Latias\n|-heal|p1a: Latias|100\/100\n|-singleturn|p1a: Latias|move: Roost\n|\n|-heal|p2a: Celesteela|37\/100|[from] item: Leftovers\n|-damage|p1a: Latias|88\/100|[from] Leech Seed|[of] p2a: Celesteela\n|-heal|p2a: Celesteela|46\/100|[silent]\n|upkeep\n|turn|9\n|\n|t:|1610623409\n|switch|p1a: Zeraora|Zeraora|100\/100\n|switch|p2a: Thundurus|Thundurus-Therian, M|100\/100\n|\n|upkeep\n|turn|10\n|\n|t:|1610623416\n|switch|p1a: Latias|Latias, F, shiny|88\/100\n|move|p2a: Thundurus|Defog|p1a: Latias\n|-unboost|p1a: Latias|evasion|1\n|-sideend|p2: blueeeeeballie|Stealth Rock|[from] move: Defog|[of] p2a: Thundurus\n|\n|upkeep\n|turn|11\n|\n|t:|1610623426\n|move|p1a: Latias|Mystical Fire|p2a: Thundurus\n|-damage|p2a: Thundurus|62\/100\n|-unboost|p2a: Thundurus|spa|1\n|-damage|p1a: Latias|78\/100|[from] item: Life Orb\n|move|p2a: Thundurus|Toxic|p1a: Latias\n|-status|p1a: Latias|tox\n|\n|-damage|p1a: Latias|72\/100 tox|[from] psn\n|upkeep\n|turn|12\n|\n|t:|1610623433\n|switch|p2a: Chandelure|Chandelure, F|100\/100\n|move|p1a: Latias|Psyshock|p2a: Chandelure\n|-damage|p2a: Chandelure|33\/100\n|-damage|p1a: Latias|62\/100 tox|[from] item: Life Orb\n|\n|-damage|p1a: Latias|50\/100 tox|[from] psn\n|upkeep\n|turn|13\n|j| youke\n|\n|t:|1610623446\n|move|p2a: Chandelure|Shadow Ball|p1a: Latias\n|-supereffective|p1a: Latias\n|-damage|p1a: Latias|0 fnt\n|faint|p1a: Latias\n|\n|upkeep\n|\n|t:|1610623450\n|switch|p1a: Krookodile|Krookodile, F|42\/100\n|-ability|p1a: Krookodile|Intimidate|boost\n|-unboost|p2a: Chandelure|atk|1\n|turn|14\n|\n|t:|1610623462\n|switch|p2a: Amoonguss|Amoonguss, F|100\/100\n|move|p1a: Krookodile|Stealth Rock|p2a: Amoonguss\n|-sidestart|p2: blueeeeeballie|move: Stealth Rock\n|\n|upkeep\n|turn|15\n|\n|t:|1610623471\n|switch|p1a: Scizor|Scizor, F, shiny|100\/100\n|move|p2a: Amoonguss|Giga Drain|p1a: Scizor\n|-resisted|p1a: Scizor\n|-damage|p1a: Scizor|93\/100\n|\n|upkeep\n|turn|16\n|\n|t:|1610623475\n|move|p1a: Scizor|Swords Dance|p1a: Scizor\n|-boost|p1a: Scizor|atk|2\n|move|p2a: Amoonguss|Foul Play|p1a: Scizor\n|-damage|p1a: Scizor|26\/100\n|\n|upkeep\n|turn|17\n|\n|t:|1610623481\n|move|p1a: Scizor|Bullet Punch|p2a: Amoonguss\n|-damage|p2a: Amoonguss|40\/100\n|-damage|p1a: Scizor|10\/100|[from] item: Rocky Helmet|[of] p2a: Amoonguss\n|move|p2a: Amoonguss|Foul Play|p1a: Scizor\n|-damage|p1a: Scizor|0 fnt\n|faint|p1a: Scizor\n|\n|upkeep\n|\n|t:|1610623502\n|switch|p1a: Zeraora|Zeraora|100\/100\n|turn|18\n|\n|t:|1610623519\n|switch|p2a: Celesteela|Celesteela|46\/100\n|-damage|p2a: Celesteela|33\/100|[from] Stealth Rock\n|move|p1a: Zeraora|Blaze Kick|p2a: Celesteela\n|-supereffective|p2a: Celesteela\n|-damage|p2a: Celesteela|0 fnt\n|faint|p2a: Celesteela\n|\n|upkeep\n|\n|t:|1610623535\n|switch|p2a: Amoonguss|Amoonguss, F|73\/100\n|-damage|p2a: Amoonguss|61\/100|[from] Stealth Rock\n|turn|19\n|\n|t:|1610623539\n|move|p1a: Zeraora|Volt Switch|p2a: Amoonguss\n|-resisted|p2a: Amoonguss\n|-damage|p2a: Amoonguss|51\/100\n|\n|t:|1610623542\n|switch|p1a: Rotom|Rotom-Heat, shiny|41\/100 slp|[from]move: Volt Switch\n|move|p2a: Amoonguss|Spore|p1a: Rotom\n|-fail|p1a: Rotom|slp\n|\n|upkeep\n|turn|20\n|\n|t:|1610623547\n|switch|p2a: Thundurus|Thundurus-Therian, M|62\/100\n|cant|p1a: Rotom|slp\n|\n|upkeep\n|turn|21\n|\n|t:|1610623552\n|move|p2a: Thundurus|Defog|p1a: Rotom\n|-unboost|p1a: Rotom|evasion|1\n|-sideend|p2: blueeeeeballie|Stealth Rock|[from] move: Defog|[of] p2a: Thundurus\n|cant|p1a: Rotom|slp\n|\n|upkeep\n|turn|22\n|\n|t:|1610623561\n|move|p2a: Thundurus|Foul Play|p1a: Rotom\n|-damage|p1a: Rotom|30\/100 slp\n|-curestatus|p1a: Rotom|slp|[msg]\n|move|p1a: Rotom|Overheat|p2a: Thundurus\n|-damage|p2a: Thundurus|5\/100\n|-unboost|p1a: Rotom|spa|2\n|\n|upkeep\n|turn|23\n|\n|t:|1610623568\n|move|p2a: Thundurus|Volt Switch|p1a: Rotom\n|-resisted|p1a: Rotom\n|-damage|p1a: Rotom|13\/100\n|\n|t:|1610623579\n|switch|p2a: Chandelure|Chandelure, F|33\/100|[from]move: Volt Switch\n|move|p1a: Rotom|Pain Split|p2a: Chandelure\n|-sethp|p2a: Chandelure|24\/100|[from] move: Pain Split|[silent]\n|-sethp|p1a: Rotom|21\/100|[from] move: Pain Split\n|\n|upkeep\n|turn|24\n|\n|t:|1610623585\n|switch|p1a: Krookodile|Krookodile, F|42\/100\n|-ability|p1a: Krookodile|Intimidate|boost\n|-unboost|p2a: Chandelure|atk|1\n|move|p2a: Chandelure|Shadow Ball|p1a: Krookodile\n|-resisted|p1a: Krookodile\n|-damage|p1a: Krookodile|10\/100\n|\n|upkeep\n|turn|25\n|\n|t:|1610623600\n|switch|p2a: Thundurus|Thundurus-Therian, M|5\/100\n|move|p1a: Krookodile|Stealth Rock|p2a: Thundurus\n|-sidestart|p2: blueeeeeballie|move: Stealth Rock\n|\n|upkeep\n|turn|26\n|\n|t:|1610623606\n|switch|p1a: Zeraora|Zeraora|100\/100\n|move|p2a: Thundurus|Defog|p1a: Zeraora\n|-unboost|p1a: Zeraora|evasion|1\n|-sideend|p2: blueeeeeballie|Stealth Rock|[from] move: Defog|[of] p2a: Thundurus\n|\n|upkeep\n|turn|27\n|\n|t:|1610623611\n|move|p1a: Zeraora|Blaze Kick|p2a: Thundurus\n|-damage|p2a: Thundurus|0 fnt\n|faint|p2a: Thundurus\n|\n|upkeep\n|\n|t:|1610623615\n|switch|p2a: Mamoswine|Mamoswine, M|100\/100\n|turn|28\n|\n|t:|1610623620\n|switch|p1a: Rotom|Rotom-Heat, shiny|21\/100\n|move|p2a: Mamoswine|Earthquake|p1a: Rotom\n|-immune|p1a: Rotom|[from] ability: Levitate\n|\n|upkeep\n|turn|29\n|\n|t:|1610623625\n|switch|p2a: Golurk|Golurk|73\/100\n|move|p1a: Rotom|Pain Split|p2a: Golurk\n|-sethp|p2a: Golurk|45\/100|[from] move: Pain Split|[silent]\n|-sethp|p1a: Rotom|54\/100|[from] move: Pain Split\n|\n|upkeep\n|turn|30\n|\n|t:|1610623635\n|switch|p1a: Tapu Bulu|Tapu Bulu, shiny|100\/100\n|-fieldstart|move: Grassy Terrain|[from] ability: Grassy Surge|[of] p1a: Tapu Bulu\n|move|p2a: Golurk|Poltergeist|p1a: Tapu Bulu\n|-activate|p1a: Tapu Bulu|move: Poltergeist|Life Orb\n|-damage|p1a: Tapu Bulu|43\/100\n|\n|-heal|p1a: Tapu Bulu|49\/100|[from] Grassy Terrain\n|-heal|p2a: Golurk|51\/100|[from] Grassy Terrain\n|upkeep\n|turn|31\n|\n|t:|1610623643\n|switch|p2a: Amoonguss|Amoonguss, F|84\/100\n|move|p1a: Tapu Bulu|Swords Dance|p1a: Tapu Bulu\n|-boost|p1a: Tapu Bulu|atk|2\n|\n|-heal|p1a: Tapu Bulu|55\/100|[from] Grassy Terrain\n|-heal|p2a: Amoonguss|90\/100|[from] Grassy Terrain\n|upkeep\n|turn|32\n|\n|t:|1610623648\n|move|p1a: Tapu Bulu|Megahorn|p2a: Amoonguss\n|-damage|p2a: Amoonguss|1\/100\n|-damage|p1a: Tapu Bulu|39\/100|[from] item: Rocky Helmet|[of] p2a: Amoonguss\n|-damage|p1a: Tapu Bulu|29\/100|[from] item: Life Orb\n|move|p2a: Amoonguss|Sludge Bomb|p1a: Tapu Bulu\n|-supereffective|p1a: Tapu Bulu\n|-damage|p1a: Tapu Bulu|0 fnt\n|faint|p1a: Tapu Bulu\n|\n|-heal|p2a: Amoonguss|7\/100|[from] Grassy Terrain\n|upkeep\n|\n|t:|1610623655\n|switch|p1a: Zeraora|Zeraora|100\/100\n|turn|33\n|\n|t:|1610623678\n|switch|p2a: Golurk|Golurk|51\/100\n|move|p1a: Zeraora|Knock Off|p2a: Golurk\n|-supereffective|p2a: Golurk\n|-damage|p2a: Golurk|0 fnt\n|-enditem|p2a: Golurk|Assault Vest|[from] move: Knock Off|[of] p1a: Zeraora\n|faint|p2a: Golurk\n|\n|upkeep\n|\n|t:|1610623687\n|switch|p2a: Amoonguss|Amoonguss, F|40\/100\n|turn|34\n|\n|t:|1610623690\n|move|p1a: Zeraora|Blaze Kick|p2a: Amoonguss\n|-supereffective|p2a: Amoonguss\n|-damage|p2a: Amoonguss|0 fnt\n|-damage|p1a: Zeraora|84\/100|[from] item: Rocky Helmet|[of] p2a: Amoonguss\n|faint|p2a: Amoonguss\n|\n|-heal|p1a: Zeraora|90\/100|[from] Grassy Terrain\n|-fieldend|move: Grassy Terrain\n|upkeep\n|\n|t:|1610623693\n|switch|p2a: Mamoswine|Mamoswine, M|100\/100\n|turn|35\n|inactive|ArcanineSquad has 120 seconds left.\n|\n|t:|1610623731\n|move|p1a: Zeraora|Blaze Kick|p2a: Mamoswine\n|-supereffective|p2a: Mamoswine\n|-damage|p2a: Mamoswine|66\/100\n|move|p2a: Mamoswine|Icicle Crash|p1a: Zeraora\n|-damage|p1a: Zeraora|24\/100\n|\n|upkeep\n|turn|36\n|inactive|ArcanineSquad has 120 seconds left.\n|\n|t:|1610623737\n|move|p2a: Mamoswine|Ice Shard|p1a: Zeraora\n|-damage|p1a: Zeraora|0 fnt\n|faint|p1a: Zeraora\n|\n|upkeep\n|\n|t:|1610623739\n|switch|p1a: Rotom|Rotom-Heat, shiny|54\/100\n|turn|37\n|\n|t:|1610623750\n|move|p1a: Rotom|Volt Switch|p2a: Mamoswine\n|-immune|p2a: Mamoswine\n|move|p2a: Mamoswine|Icicle Crash|p1a: Rotom\n|-resisted|p1a: Rotom\n|-damage|p1a: Rotom|31\/100\n|\n|upkeep\n|turn|38\n|\n|t:|1610623754\n|move|p1a: Rotom|Pain Split|p2a: Mamoswine\n|-sethp|p2a: Mamoswine|46\/100|[from] move: Pain Split|[silent]\n|-sethp|p1a: Rotom|54\/100|[from] move: Pain Split\n|move|p2a: Mamoswine|Icicle Crash|p1a: Rotom\n|-resisted|p1a: Rotom\n|-damage|p1a: Rotom|32\/100\n|\n|upkeep\n|turn|39\n|\n|t:|1610623759\n|move|p1a: Rotom|Overheat|p2a: Mamoswine\n|-supereffective|p2a: Mamoswine\n|-damage|p2a: Mamoswine|0 fnt\n|-unboost|p1a: Rotom|spa|2\n|faint|p2a: Mamoswine\n|\n|upkeep\n|\n|t:|1610623763\n|switch|p2a: Chandelure|Chandelure, F|24\/100\n|turn|40\n|\n|t:|1610623765\n|move|p2a: Chandelure|Shadow Ball|p1a: Rotom\n|-damage|p1a: Rotom|0 fnt\n|faint|p1a: Rotom\n|\n|upkeep\n|\n|t:|1610623767\n|switch|p1a: Krookodile|Krookodile, F|10\/100\n|-ability|p1a: Krookodile|Intimidate|boost\n|-unboost|p2a: Chandelure|atk|1\n|turn|41\n|\n|t:|1610623769\n|move|p1a: Krookodile|Knock Off|p2a: Chandelure\n|-supereffective|p2a: Chandelure\n|-damage|p2a: Chandelure|0 fnt\n|-enditem|p2a: Chandelure|Choice Scarf|[from] move: Knock Off|[of] p1a: Krookodile\n|faint|p2a: Chandelure\n|\n|win|ArcanineSquad\n|c|\u2606ArcanineSquad|Gg\n|raw|ArcanineSquad's rating: 1432 &rarr; <strong>1453<\/strong><br \/>(+21 for winning)\n|raw|blueeeeeballie's rating: 1458 &rarr; <strong>1437<\/strong><br \/>(-21 for losing)\n|l|\u2606blueeeeeballie\n","uploadtime":1610623777,"views":10,"p1id":"arcaninesquad","p2id":"blueeeeeballie","formatid":"gen8uu","rating":1437,"private":0,"password":null}