{"id":"gen8nationaldex-1686420150","p1":"iamtherealpolpot","p2":"Elon Musk Rusk","format":"gen8nationaldex","log":"|j|\u2606iamtherealpolpot\n|j|\u2606Elon Musk Rusk\n|t:|1665846097\n|gametype|singles\n|player|p1|iamtherealpolpot|li|\n|player|p2|Elon Musk Rusk|102|\n|teamsize|p1|6\n|teamsize|p2|6\n|gen|8\n|tier|[Gen 8] National Dex\n|rule|HP Percentage Mod: HP is shown in percentages\n|rule|Endless Battle Clause: Forcing endless battles is banned\n|rule|OHKO Clause: OHKO moves are banned\n|rule|Evasion Moves Clause: Evasion moves are banned\n|rule|Species Clause: Limit one of each Pok\u00e9mon\n|rule|Dynamax Clause: You cannot dynamax\n|rule|Sleep Clause Mod: Limit one foe put to sleep\n|clearpoke\n|poke|p1|Blastoise, M|\n|poke|p1|Zeraora|\n|poke|p1|Heliolisk, F|\n|poke|p1|Tyrantrum, F|\n|poke|p1|Lickilicky, F|\n|poke|p1|Togedemaru, L1, M|\n|poke|p2|Gallade, M|\n|poke|p2|Swampert, F|\n|poke|p2|Tapu Fini|\n|poke|p2|Goodra, F|\n|poke|p2|Aegislash, M|\n|poke|p2|Palpitoad, M|\n|teampreview\n|inactive|Battle timer is ON: inactive players will automatically lose when time's up. (requested by iamtherealpolpot)\n|\n|t:|1665846105\n|start\n|switch|p1a: Togedemaru|Togedemaru, L1, M|100\/100\n|switch|p2a: Swampert|Swampert, F|100\/100\n|turn|1\n|c|\u2606Elon Musk Rusk|is this allowed?\n|n|\u2606iamtherealpolpot|iamtherealpolpot\n|inactive|Elon Musk Rusk has 270 seconds left.\n|c|\u2606iamtherealpolpot|yes i dont have priority\n|c|\u2606iamtherealpolpot|or a berry\n|c|\u2606Elon Musk Rusk|fear is allowed??\n|c|\u2606Elon Musk Rusk|bruh\n|inactive|Elon Musk Rusk has 240 seconds left.\n|c|\u2606iamtherealpolpot|its not fear if u dont have priority or recovery lol\n|\n|t:|1665846177\n|move|p2a: Swampert|Flip Turn|p1a: Togedemaru\n|-damage|p1a: Togedemaru|0 fnt\n|-damage|p2a: Swampert|88\/100|[from] ability: Iron Barbs|[of] p1a: Togedemaru\n|faint|p1a: Togedemaru\n|c|\u2606iamtherealpolpot|see\n|c|\u2606Elon Musk Rusk|oh\n|c|\u2606iamtherealpolpot|told ya\n|c|\u2606Elon Musk Rusk|why was it level 1 then\n|c|\u2606iamtherealpolpot|because\n|c|\u2606iamtherealpolpot|funny\n|c|\u2606Elon Musk Rusk|or youre just trolling\n|c|\u2606iamtherealpolpot|yes\n|c|\u2606Elon Musk Rusk|yes\n|inactive|Elon Musk Rusk has 210 seconds left.\n|\n|t:|1665846211\n|switch|p2a: Gallade|Gallade, M|100\/100|[from]move: Flip Turn\n|\n|upkeep\n|\n|t:|1665846238\n|switch|p1a: Zeraora|Zeraora|100\/100\n|turn|2\n|\n|t:|1665846241\n|detailschange|p2a: Gallade|Gallade-Mega, M\n|-mega|p2a: Gallade|Gallade|Galladite\n|move|p1a: Zeraora|Close Combat|p2a: Gallade\n|-resisted|p2a: Gallade\n|-damage|p2a: Gallade|63\/100\n|-unboost|p1a: Zeraora|def|1\n|-unboost|p1a: Zeraora|spd|1\n|move|p2a: Gallade|Close Combat|p1a: Zeraora\n|-damage|p1a: Zeraora|0 fnt\n|-unboost|p2a: Gallade|def|1\n|-unboost|p2a: Gallade|spd|1\n|faint|p1a: Zeraora\n|\n|upkeep\n|\n|t:|1665846245\n|switch|p1a: Heliolisk|Heliolisk, F|100\/100\n|turn|3\n|\n|t:|1665846252\n|switch|p2a: Swampert|Swampert, F|88\/100\n|move|p1a: Heliolisk|Thunderbolt|p2a: Swampert\n|-immune|p2a: Swampert\n|\n|-heal|p2a: Swampert|94\/100|[from] item: Leftovers\n|upkeep\n|turn|4\n|\n|t:|1665846257\n|move|p1a: Heliolisk|Thunderbolt|p2a: Swampert\n|-immune|p2a: Swampert\n|move|p2a: Swampert|Flip Turn|p1a: Heliolisk\n|-damage|p1a: Heliolisk|48\/100\n|\n|t:|1665846264\n|switch|p2a: Aegislash|Aegislash, M|100\/100|[from]move: Flip Turn\n|\n|upkeep\n|turn|5\n|\n|t:|1665846268\n|move|p2a: Aegislash|King's Shield|p2a: Aegislash\n|-singleturn|p2a: Aegislash|Protect\n|move|p1a: Heliolisk|Thunderbolt|p2a: Aegislash\n|-activate|p2a: Aegislash|move: Protect\n|\n|upkeep\n|turn|6\n|\n|t:|1665846270\n|switch|p2a: Swampert|Swampert, F|94\/100\n|move|p1a: Heliolisk|Thunderbolt|p2a: Swampert\n|-immune|p2a: Swampert\n|\n|-heal|p2a: Swampert|100\/100|[from] item: Leftovers\n|upkeep\n|turn|7\n|\n|t:|1665846272\n|move|p1a: Heliolisk|Thunderbolt|p2a: Swampert\n|-immune|p2a: Swampert\n|move|p2a: Swampert|Flip Turn|p1a: Heliolisk\n|-damage|p1a: Heliolisk|0 fnt\n|faint|p1a: Heliolisk\n|c|\u2606iamtherealpolpot|hurry\n|\n|t:|1665846275\n|switch|p2a: Gallade|Gallade-Mega, M|63\/100|[from]move: Flip Turn\n|\n|upkeep\n|\n|t:|1665846278\n|switch|p1a: Blastoise|Blastoise, M|100\/100\n|turn|8\n|\n|t:|1665846282\n|move|p2a: Gallade|Close Combat|p1a: Blastoise\n|-damage|p1a: Blastoise|14\/100\n|-unboost|p2a: Gallade|def|1\n|-unboost|p2a: Gallade|spd|1\n|-enditem|p1a: Blastoise|Petaya Berry|[eat]\n|-boost|p1a: Blastoise|spa|1|[from] item: Petaya Berry\n|move|p1a: Blastoise|Shell Smash|p1a: Blastoise\n|-unboost|p1a: Blastoise|def|1\n|-unboost|p1a: Blastoise|spd|1\n|-boost|p1a: Blastoise|atk|2\n|-boost|p1a: Blastoise|spa|2\n|-boost|p1a: Blastoise|spe|2\n|\n|upkeep\n|turn|9\n|\n|t:|1665846292\n|switch|p2a: Goodra|Goodra, F|100\/100\n|move|p1a: Blastoise|Hydro Pump|p2a: Goodra\n|-resisted|p2a: Goodra\n|-damage|p2a: Goodra|67\/100\n|\n|upkeep\n|turn|10\n|\n|t:|1665846297\n|move|p1a: Blastoise|Hydro Pump|p2a: Goodra|[miss]\n|-miss|p1a: Blastoise|p2a: Goodra\n|move|p2a: Goodra|Earthquake|p1a: Blastoise\n|-damage|p1a: Blastoise|0 fnt\n|faint|p1a: Blastoise\n|\n|upkeep\n|\n|t:|1665846301\n|switch|p1a: Lickilicky|Lickilicky, F|100\/100\n|turn|11\n|\n|t:|1665846303\n|switch|p2a: Gallade|Gallade-Mega, M|63\/100\n|move|p1a: Lickilicky|Substitute|p1a: Lickilicky\n|-start|p1a: Lickilicky|Substitute\n|-damage|p1a: Lickilicky|76\/100\n|\n|upkeep\n|turn|12\n|\n|t:|1665846308\n|move|p2a: Gallade|Substitute|p2a: Gallade\n|-start|p2a: Gallade|Substitute\n|-damage|p2a: Gallade|38\/100\n|move|p1a: Lickilicky|Substitute|p1a: Lickilicky\n|-fail|p1a: Lickilicky|move: Substitute\n|\n|upkeep\n|turn|13\n|\n|t:|1665846311\n|move|p2a: Gallade|Zen Headbutt|p1a: Lickilicky\n|-end|p1a: Lickilicky|Substitute\n|move|p1a: Lickilicky|Substitute|p1a: Lickilicky\n|-start|p1a: Lickilicky|Substitute\n|-damage|p1a: Lickilicky|51\/100\n|\n|upkeep\n|turn|14\n|\n|t:|1665846314\n|move|p2a: Gallade|Zen Headbutt|p1a: Lickilicky\n|-end|p1a: Lickilicky|Substitute\n|move|p1a: Lickilicky|Body Slam|p2a: Gallade\n|-end|p2a: Gallade|Substitute\n|\n|upkeep\n|turn|15\n|\n|t:|1665846320\n|move|p2a: Gallade|Close Combat|p1a: Lickilicky\n|-supereffective|p1a: Lickilicky\n|-damage|p1a: Lickilicky|0 fnt\n|-unboost|p2a: Gallade|def|1\n|-unboost|p2a: Gallade|spd|1\n|faint|p1a: Lickilicky\n|\n|upkeep\n|\n|t:|1665846322\n|switch|p1a: Tyrantrum|Tyrantrum, F|100\/100\n|turn|16\n|\n|t:|1665846323\n|move|p2a: Gallade|Close Combat|p1a: Tyrantrum\n|-supereffective|p1a: Tyrantrum\n|-damage|p1a: Tyrantrum|0 fnt\n|-unboost|p2a: Gallade|def|1\n|-unboost|p2a: Gallade|spd|1\n|faint|p1a: Tyrantrum\n|\n|win|Elon Musk Rusk\n|l|\u2606iamtherealpolpot\n","uploadtime":1665846331,"views":14,"p1id":"iamtherealpolpot","p2id":"elonmuskrusk","formatid":"gen8nationaldex","rating":0,"private":0,"password":null}