{"id":"gen8uu-1144058339","p1":"Rorschach I","p2":"CFK Kuroh","format":"gen8uu","log":"|j|\u2606Rorschach I\n|j|\u2606CFK Kuroh\n|player|p1|Rorschach I|cynthia|1531\n|player|p2|CFK Kuroh|dancer|1322\n|teamsize|p1|6\n|teamsize|p2|6\n|gametype|singles\n|gen|8\n|tier|[Gen 8] UU\n|rated|\n|clearpoke\n|poke|p1|Terrakion|\n|poke|p1|Kyurem|\n|poke|p1|Crawdaunt, F|\n|poke|p1|Aegislash, F|\n|poke|p1|Jirachi|\n|poke|p1|Rotom-Wash|\n|poke|p2|Blissey, F|\n|poke|p2|Skarmory, F|\n|poke|p2|Celebi|\n|poke|p2|Tyranitar, F|\n|poke|p2|Tentacruel, F|\n|poke|p2|Gengar, F|\n|rule|Sleep Clause Mod: Limit one foe put to sleep\n|rule|Species Clause: Limit one of each Pok\u00e9mon\n|rule|OHKO Clause: OHKO moves are banned\n|rule|Evasion Moves Clause: Evasion moves are banned\n|rule|Endless Battle Clause: Forcing endless battles is banned\n|rule|HP Percentage Mod: HP is shown in percentages\n|rule|Dynamax Clause: You cannot dynamax\n|teampreview\n|inactive|Battle timer is ON: inactive players will automatically lose when time's up. (requested by Rorschach I)\n|\n|start\n|switch|p1a: Terrakion|Terrakion|100\/100\n|switch|p2a: Celebi|Celebi|100\/100\n|turn|1\n|\n|move|p1a: Terrakion|Taunt|p2a: Celebi\n|-start|p2a: Celebi|move: Taunt\n|cant|p2a: Celebi|move: Taunt|Stealth Rock\n|\n|upkeep\n|turn|2\n|\n|move|p1a: Terrakion|Stealth Rock|p2a: Celebi\n|-sidestart|p2: CFK Kuroh|move: Stealth Rock\n|move|p2a: Celebi|U-turn|p1a: Terrakion\n|-resisted|p1a: Terrakion\n|-damage|p1a: Terrakion|92\/100\n|\n|switch|p2a: Skarmory|Skarmory, F|100\/100|[from]move: U-turn\n|-damage|p2a: Skarmory|88\/100|[from] Stealth Rock\n|\n|upkeep\n|turn|3\n|\n|move|p1a: Terrakion|Taunt|p2a: Skarmory\n|-start|p2a: Skarmory|move: Taunt\n|move|p2a: Skarmory|Body Press|p1a: Terrakion\n|-supereffective|p1a: Terrakion\n|-damage|p1a: Terrakion|15\/100\n|\n|upkeep\n|turn|4\n|\n|move|p1a: Terrakion|Close Combat|p2a: Skarmory\n|-damage|p2a: Skarmory|50\/100\n|-unboost|p1a: Terrakion|def|1\n|-unboost|p1a: Terrakion|spd|1\n|move|p2a: Skarmory|Body Press|p1a: Terrakion\n|-supereffective|p1a: Terrakion\n|-damage|p1a: Terrakion|0 fnt\n|faint|p1a: Terrakion\n|\n|upkeep\n|\n|switch|p1a: Rotom|Rotom-Wash|100\/100\n|turn|5\n|\n|switch|p2a: Celebi|Celebi|100\/100\n|-damage|p2a: Celebi|88\/100|[from] Stealth Rock\n|move|p1a: Rotom|Volt Switch|p2a: Celebi\n|-resisted|p2a: Celebi\n|-damage|p2a: Celebi|78\/100\n|\n|switch|p1a: Kyurem|Kyurem|100\/100|[from]move: Volt Switch\n|-ability|p1a: Kyurem|Pressure\n|\n|upkeep\n|turn|6\n|\n|switch|p1a: Crawdaunt|Crawdaunt, F|100\/100\n|switch|p2a: Blissey|Blissey, F|100\/100\n|-damage|p2a: Blissey|88\/100|[from] Stealth Rock\n|\n|-heal|p2a: Blissey|94\/100|[from] item: Leftovers\n|upkeep\n|turn|7\n|\n|switch|p2a: Tentacruel|Tentacruel, F|100\/100\n|-damage|p2a: Tentacruel|88\/100|[from] Stealth Rock\n|move|p1a: Crawdaunt|Knock Off|p2a: Tentacruel\n|-damage|p2a: Tentacruel|16\/100\n|-enditem|p2a: Tentacruel|Black Sludge|[from] move: Knock Off|[of] p1a: Crawdaunt\n|-damage|p1a: Crawdaunt|91\/100|[from] item: Life Orb\n|\n|upkeep\n|turn|8\n|\n|move|p2a: Tentacruel|Rapid Spin|p1a: Crawdaunt\n|-damage|p1a: Crawdaunt|77\/100\n|-boost|p2a: Tentacruel|spe|1\n|-sideend|p2: CFK Kuroh|Stealth Rock|[from] move: Rapid Spin|[of] p2a: Tentacruel\n|move|p1a: Crawdaunt|Knock Off|p2a: Tentacruel\n|-damage|p2a: Tentacruel|0 fnt\n|-damage|p1a: Crawdaunt|68\/100|[from] item: Life Orb\n|faint|p2a: Tentacruel\n|\n|upkeep\n|\n|switch|p2a: Celebi|Celebi|78\/100\n|turn|9\n|\n|switch|p1a: Jirachi|Jirachi|100\/100\n|move|p2a: Celebi|Stealth Rock|p1a: Jirachi\n|-sidestart|p1: Rorschach I|move: Stealth Rock\n|\n|upkeep\n|turn|10\n|\n|move|p1a: Jirachi|U-turn|p2a: Celebi\n|-supereffective|p2a: Celebi\n|-damage|p2a: Celebi|3\/100\n|\n|switch|p1a: Rotom|Rotom-Wash|100\/100|[from]move: U-turn\n|-damage|p1a: Rotom|88\/100|[from] Stealth Rock\n|move|p2a: Celebi|Thunder Wave|p1a: Rotom\n|-immune|p1a: Rotom\n|\n|-heal|p1a: Rotom|94\/100|[from] item: Leftovers\n|upkeep\n|turn|11\n|\n|switch|p2a: Blissey|Blissey, F|94\/100\n|move|p1a: Rotom|Volt Switch|p2a: Blissey\n|-damage|p2a: Blissey|83\/100\n|\n|switch|p1a: Crawdaunt|Crawdaunt, F|68\/100|[from]move: Volt Switch\n|-damage|p1a: Crawdaunt|55\/100|[from] Stealth Rock\n|\n|-heal|p2a: Blissey|89\/100|[from] item: Leftovers\n|upkeep\n|turn|12\n|\n|switch|p2a: Celebi|Celebi|3\/100\n|move|p1a: Crawdaunt|Swords Dance|p1a: Crawdaunt\n|-boost|p1a: Crawdaunt|atk|2\n|\n|upkeep\n|turn|13\n|\n|move|p1a: Crawdaunt|Aqua Jet|p2a: Celebi\n|-resisted|p2a: Celebi\n|-damage|p2a: Celebi|0 fnt\n|-damage|p1a: Crawdaunt|45\/100|[from] item: Life Orb\n|faint|p2a: Celebi\n|\n|upkeep\n|\n|switch|p2a: Tyranitar|Tyranitar, F|100\/100\n|-weather|Sandstorm|[from] ability: Sand Stream|[of] p2a: Tyranitar\n|turn|14\n|\n|move|p1a: Crawdaunt|Aqua Jet|p2a: Tyranitar\n|-supereffective|p2a: Tyranitar\n|-damage|p2a: Tyranitar|0 fnt\n|-damage|p1a: Crawdaunt|36\/100|[from] item: Life Orb\n|faint|p2a: Tyranitar\n|\n|-weather|Sandstorm|[upkeep]\n|-damage|p1a: Crawdaunt|30\/100|[from] Sandstorm\n|upkeep\n|\n|switch|p2a: Skarmory|Skarmory, F|50\/100\n|turn|15\n|\n|move|p1a: Crawdaunt|Knock Off|p2a: Skarmory\n|-damage|p2a: Skarmory|0 fnt\n|-enditem|p2a: Skarmory|Shed Shell|[from] move: Knock Off|[of] p1a: Crawdaunt\n|-damage|p1a: Crawdaunt|20\/100|[from] item: Life Orb\n|faint|p2a: Skarmory\n|\n|-weather|Sandstorm|[upkeep]\n|-damage|p1a: Crawdaunt|14\/100|[from] Sandstorm\n|upkeep\n|\n|switch|p2a: Gengar|Gengar, F|100\/100\n|turn|16\n|\n|move|p1a: Crawdaunt|Aqua Jet|p2a: Gengar\n|-damage|p2a: Gengar|0 fnt\n|-start|p1a: Crawdaunt|Disable|Aqua Jet|[from] ability: Cursed Body|[of] p2a: Gengar\n|-damage|p1a: Crawdaunt|4\/100|[from] item: Life Orb\n|faint|p2a: Gengar\n|\n|-weather|Sandstorm|[upkeep]\n|-damage|p1a: Crawdaunt|0 fnt|[from] Sandstorm\n|faint|p1a: Crawdaunt\n|upkeep\n|-message|CFK Kuroh forfeited.\n|\n|win|Rorschach I\n|l|\u2606CFK Kuroh\n","uploadtime":1593732299,"views":15,"p1id":"rorschachi","p2id":"cfkkuroh","formatid":"gen8uu","rating":0,"private":0,"password":null}