{"id":"gen8ou-1635645194","p1":"brifye","p2":"displacement force","format":"gen8ou","log":"|j|\u2606brifye\n|j|\u2606displacement force\n|t:|1660038050\n|gametype|singles\n|player|p1|brifye|petrel|1571\n|player|p2|displacement force|preschooler|1526\n|teamsize|p1|6\n|teamsize|p2|6\n|gen|8\n|tier|[Gen 8] OU\n|rated|\n|rule|Sleep Clause Mod: Limit one foe put to sleep\n|rule|Species Clause: Limit one of each Pok\u00e9mon\n|rule|OHKO Clause: OHKO moves are banned\n|rule|Evasion Items Clause: Evasion items are banned\n|rule|Evasion Moves Clause: Evasion moves are banned\n|rule|Endless Battle Clause: Forcing endless battles is banned\n|rule|HP Percentage Mod: HP is shown in percentages\n|rule|Dynamax Clause: You cannot dynamax\n|clearpoke\n|poke|p1|Weavile, M|\n|poke|p1|Tapu Fini|\n|poke|p1|Landorus-Therian, M|\n|poke|p1|Ferrothorn, M|\n|poke|p1|Heatran, M|\n|poke|p1|Tornadus-Therian, M|\n|poke|p2|Thundurus, M|\n|poke|p2|Clefable, F|\n|poke|p2|Dragonite, F|\n|poke|p2|Pyukumuku, F|\n|poke|p2|Slowbro-Galar, M|\n|poke|p2|Excadrill, M|\n|teampreview\n|j| weergo\n|inactive|Battle timer is ON: inactive players will automatically lose when time's up. (requested by brifye)\n|\n|t:|1660038102\n|start\n|switch|p1a: Tornadus|Tornadus-Therian, M|100\/100\n|switch|p2a: steady chip|Thundurus, M|100\/100\n|turn|1\n|\n|t:|1660038110\n|switch|p1a: Landorus|Landorus-Therian, M|100\/100\n|-ability|p1a: Landorus|Intimidate|boost\n|-unboost|p2a: steady chip|atk|1\n|-ability|p2a: steady chip|Defiant\n|-boost|p2a: steady chip|atk|2\n|move|p2a: steady chip|Knock Off|p1a: Landorus\n|-damage|p1a: Landorus|65\/100\n|-enditem|p1a: Landorus|Leftovers|[from] move: Knock Off|[of] p2a: steady chip\n|\n|upkeep\n|turn|2\n|\n|t:|1660038125\n|move|p2a: steady chip|Taunt|p1a: Landorus\n|-start|p1a: Landorus|move: Taunt\n|move|p1a: Landorus|U-turn|p2a: steady chip\n|-resisted|p2a: steady chip\n|-damage|p2a: steady chip|84\/100\n|\n|t:|1660038132\n|switch|p1a: Weavile|Weavile, M|100\/100|[from]move: U-turn\n|-ability|p1a: Weavile|Pressure\n|\n|upkeep\n|turn|3\n|\n|t:|1660038141\n|switch|p2a: bailed twice|Pyukumuku, F|100\/100\n|move|p1a: Weavile|Triple Axel|p2a: bailed twice\n|-resisted|p2a: bailed twice\n|-damage|p2a: bailed twice|97\/100\n|-hitcount|p2a: bailed twice|1\n|\n|-heal|p2a: bailed twice|100\/100|[from] item: Leftovers\n|upkeep\n|turn|4\n|\n|t:|1660038150\n|switch|p1a: Ferrothorn|Ferrothorn, M|100\/100\n|move|p2a: bailed twice|Soak|p1a: Ferrothorn\n|-start|p1a: Ferrothorn|typechange|Water\n|\n|upkeep\n|turn|5\n|\n|t:|1660038158\n|move|p2a: bailed twice|Toxic|p1a: Ferrothorn|[miss]\n|-miss|p2a: bailed twice|p1a: Ferrothorn\n|move|p1a: Ferrothorn|Stealth Rock|p2a: bailed twice\n|-sidestart|p2: displacement force|move: Stealth Rock\n|\n|upkeep\n|turn|6\n|\n|t:|1660038163\n|switch|p2a: on the edge|Excadrill, M|100\/100\n|-damage|p2a: on the edge|97\/100|[from] Stealth Rock\n|-ability|p2a: on the edge|Mold Breaker\n|switch|p1a: Tapu Fini|Tapu Fini|100\/100\n|-fieldstart|move: Misty Terrain|[from] ability: Misty Surge|[of] p1a: Tapu Fini\n|\n|-heal|p2a: on the edge|100\/100|[from] item: Leftovers\n|upkeep\n|turn|7\n|\n|t:|1660038173\n|move|p1a: Tapu Fini|Whirlpool|p2a: on the edge\n|-supereffective|p2a: on the edge\n|-damage|p2a: on the edge|82\/100\n|-activate|p2a: on the edge|move: Whirlpool|[of] p1a: Tapu Fini\n|move|p2a: on the edge|Rapid Spin|p1a: Tapu Fini\n|-damage|p1a: Tapu Fini|89\/100\n|-boost|p2a: on the edge|spe|1\n|-sideend|p2: displacement force|Stealth Rock|[from] move: Rapid Spin|[of] p2a: on the edge\n|-end|p2a: on the edge|Whirlpool|[partiallytrapped]\n|\n|-heal|p2a: on the edge|88\/100|[from] item: Leftovers\n|-heal|p1a: Tapu Fini|95\/100|[from] item: Leftovers\n|upkeep\n|turn|8\n|c|\u2606displacement force|spin to win\n|\n|t:|1660038197\n|switch|p2a: steady chip|Thundurus, M|84\/100\n|move|p1a: Tapu Fini|Nature's Madness|p2a: steady chip\n|-damage|p2a: steady chip|42\/100\n|\n|-heal|p1a: Tapu Fini|100\/100|[from] item: Leftovers\n|upkeep\n|turn|9\n|\n|t:|1660038208\n|move|p2a: steady chip|Knock Off|p1a: Tapu Fini\n|-resisted|p1a: Tapu Fini\n|-damage|p1a: Tapu Fini|92\/100\n|-enditem|p1a: Tapu Fini|Leftovers|[from] move: Knock Off|[of] p2a: steady chip\n|move|p1a: Tapu Fini|Moonblast|p2a: steady chip\n|-damage|p2a: steady chip|0 fnt\n|faint|p2a: steady chip\n|\n|upkeep\n|\n|t:|1660038224\n|switch|p2a: guap remnants|Slowbro-Galar, M|100\/100\n|turn|10\n|\n|t:|1660038233\n|switch|p1a: Landorus|Landorus-Therian, M|65\/100\n|-ability|p1a: Landorus|Intimidate|boost\n|-unboost|p2a: guap remnants|atk|1\n|move|p2a: guap remnants|Nasty Plot|p2a: guap remnants\n|-boost|p2a: guap remnants|spa|2\n|\n|-fieldend|Misty Terrain\n|upkeep\n|turn|11\n|\n|t:|1660038243\n|move|p1a: Landorus|Earthquake|p2a: guap remnants\n|-supereffective|p2a: guap remnants\n|-damage|p2a: guap remnants|27\/100\n|move|p2a: guap remnants|Psyshock|p1a: Landorus\n|-damage|p1a: Landorus|10\/100\n|\n|-heal|p2a: guap remnants|33\/100|[from] item: Black Sludge\n|upkeep\n|turn|12\n|\n|t:|1660038251\n|switch|p2a: bailed once|Dragonite, F|100\/100\n|move|p1a: Landorus|U-turn|p2a: bailed once\n|-resisted|p2a: bailed once\n|-damage|p2a: bailed once|97\/100\n|\n|t:|1660038262\n|switch|p1a: Tapu Fini|Tapu Fini|92\/100|[from]move: U-turn\n|-fieldstart|move: Misty Terrain|[from] ability: Misty Surge|[of] p1a: Tapu Fini\n|\n|upkeep\n|turn|13\n|\n|t:|1660038280\n|switch|p2a: on the edge|Excadrill, M|88\/100\n|-ability|p2a: on the edge|Mold Breaker\n|move|p1a: Tapu Fini|Taunt|p2a: on the edge\n|-start|p2a: on the edge|move: Taunt\n|\n|-heal|p2a: on the edge|94\/100|[from] item: Leftovers\n|upkeep\n|turn|14\n|\n|t:|1660038293\n|move|p1a: Tapu Fini|Nature's Madness|p2a: on the edge\n|-damage|p2a: on the edge|47\/100\n|move|p2a: on the edge|Earthquake|p1a: Tapu Fini\n|-damage|p1a: Tapu Fini|57\/100\n|\n|-heal|p2a: on the edge|54\/100|[from] item: Leftovers\n|upkeep\n|turn|15\n|\n|t:|1660038301\n|switch|p1a: Landorus|Landorus-Therian, M|10\/100\n|-ability|p1a: Landorus|Intimidate|boost\n|-unboost|p2a: on the edge|atk|1\n|move|p2a: on the edge|Rapid Spin|p1a: Landorus\n|-damage|p1a: Landorus|0 fnt\n|-boost|p2a: on the edge|spe|1\n|faint|p1a: Landorus\n|\n|-heal|p2a: on the edge|60\/100|[from] item: Leftovers\n|-end|p2a: on the edge|move: Taunt\n|upkeep\n|\n|t:|1660038311\n|switch|p1a: Ferrothorn|Ferrothorn, M|100\/100\n|turn|16\n|\n|t:|1660038323\n|switch|p2a: suicide mission|Clefable, F|100\/100\n|move|p1a: Ferrothorn|Leech Seed|p2a: suicide mission\n|-start|p2a: suicide mission|move: Leech Seed\n|\n|-fieldend|Misty Terrain\n|upkeep\n|turn|17\n|\n|t:|1660038330\n|move|p2a: suicide mission|Knock Off|p1a: Ferrothorn\n|-crit|p1a: Ferrothorn\n|-damage|p1a: Ferrothorn|87\/100\n|-activate|p1a: Ferrothorn|ability: Iron Barbs\n|-enditem|p1a: Ferrothorn|Rocky Helmet|[from] move: Knock Off|[of] p2a: suicide mission\n|move|p1a: Ferrothorn|Knock Off|p2a: suicide mission\n|-resisted|p2a: suicide mission\n|-damage|p2a: suicide mission|91\/100\n|-damage|p1a: Ferrothorn|71\/100|[from] item: Rocky Helmet|[of] p2a: suicide mission\n|-enditem|p2a: suicide mission|Rocky Helmet|[from] move: Knock Off|[of] p1a: Ferrothorn\n|\n|upkeep\n|turn|18\n|\n|t:|1660038339\n|move|p2a: suicide mission|Stealth Rock|p1a: Ferrothorn\n|-sidestart|p1: brifye|move: Stealth Rock\n|move|p1a: Ferrothorn|Gyro Ball|p2a: suicide mission\n|-supereffective|p2a: suicide mission\n|-damage|p2a: suicide mission|26\/100\n|\n|upkeep\n|turn|19\n|\n|t:|1660038352\n|move|p2a: suicide mission|Soft-Boiled|p2a: suicide mission\n|-heal|p2a: suicide mission|76\/100\n|move|p1a: Ferrothorn|Gyro Ball|p2a: suicide mission\n|-supereffective|p2a: suicide mission\n|-damage|p2a: suicide mission|18\/100\n|\n|upkeep\n|turn|20\n|\n|t:|1660038362\n|switch|p2a: guap remnants|Slowbro-Galar, M|66\/100\n|move|p1a: Ferrothorn|Gyro Ball|p2a: guap remnants\n|-damage|p2a: guap remnants|50\/100\n|\n|-heal|p2a: guap remnants|56\/100|[from] item: Black Sludge\n|upkeep\n|turn|21\n|l| weergo\n|\n|t:|1660038376\n|switch|p1a: Tornadus|Tornadus-Therian, M|100\/100\n|-damage|p1a: Tornadus|76\/100|[from] Stealth Rock\n|move|p2a: guap remnants|Flamethrower|p1a: Tornadus\n|-damage|p1a: Tornadus|62\/100\n|\n|-heal|p2a: guap remnants|62\/100|[from] item: Black Sludge\n|upkeep\n|turn|22\n|\n|t:|1660038402\n|switch|p2a: bailed once|Dragonite, F|97\/100\n|move|p1a: Tornadus|Knock Off|p2a: bailed once\n|-damage|p2a: bailed once|84\/100\n|-enditem|p2a: bailed once|Heavy-Duty Boots|[from] move: Knock Off|[of] p1a: Tornadus\n|\n|upkeep\n|turn|23\n|\n|t:|1660038412\n|move|p1a: Tornadus|U-turn|p2a: bailed once\n|-resisted|p2a: bailed once\n|-damage|p2a: bailed once|80\/100\n|\n|t:|1660038415\n|switch|p1a: Tapu Fini|Tapu Fini|57\/100|[from]move: U-turn\n|-damage|p1a: Tapu Fini|45\/100|[from] Stealth Rock\n|-fieldstart|move: Misty Terrain|[from] ability: Misty Surge|[of] p1a: Tapu Fini\n|move|p2a: bailed once|Roost|p2a: bailed once\n|-heal|p2a: bailed once|100\/100\n|-singleturn|p2a: bailed once|move: Roost\n|\n|upkeep\n|turn|24\n|\n|t:|1660038430\n|switch|p2a: guap remnants|Slowbro-Galar, M|96\/100\n|move|p1a: Tapu Fini|Taunt|p2a: guap remnants\n|-start|p2a: guap remnants|move: Taunt\n|\n|-heal|p2a: guap remnants|100\/100|[from] item: Black Sludge\n|upkeep\n|turn|25\n|\n|t:|1660038446\n|switch|p1a: Tornadus|Tornadus-Therian, M|95\/100\n|-damage|p1a: Tornadus|70\/100|[from] Stealth Rock\n|move|p2a: guap remnants|Sludge Bomb|p1a: Tornadus\n|-damage|p1a: Tornadus|48\/100\n|\n|upkeep\n|turn|26\n|\n|t:|1660038464\n|move|p1a: Tornadus|U-turn|p2a: guap remnants\n|-damage|p2a: guap remnants|90\/100\n|\n|t:|1660038476\n|switch|p1a: Ferrothorn|Ferrothorn, M|71\/100|[from]move: U-turn\n|-damage|p1a: Ferrothorn|65\/100|[from] Stealth Rock\n|move|p2a: guap remnants|Psyshock|p1a: Ferrothorn\n|-resisted|p1a: Ferrothorn\n|-damage|p1a: Ferrothorn|56\/100\n|\n|-heal|p2a: guap remnants|96\/100|[from] item: Black Sludge\n|-end|p2a: guap remnants|move: Taunt\n|upkeep\n|turn|27\n|\n|t:|1660038486\n|switch|p1a: Heatran|Heatran, M|100\/100\n|-damage|p1a: Heatran|88\/100|[from] Stealth Rock\n|-item|p1a: Heatran|Air Balloon\n|move|p2a: guap remnants|Flamethrower|p1a: Heatran\n|-start|p1a: Heatran|ability: Flash Fire\n|\n|-heal|p2a: guap remnants|100\/100|[from] item: Black Sludge\n|-fieldend|Misty Terrain\n|upkeep\n|turn|28\n|\n|t:|1660038496\n|switch|p2a: suicide mission|Clefable, F|18\/100\n|move|p1a: Heatran|Magma Storm|p2a: suicide mission|[miss]\n|-miss|p1a: Heatran|p2a: suicide mission\n|\n|upkeep\n|turn|29\n|\n|t:|1660038503\n|move|p1a: Heatran|Eruption|p2a: suicide mission\n|-damage|p2a: suicide mission|0 fnt\n|faint|p2a: suicide mission\n|\n|upkeep\n|\n|t:|1660038506\n|switch|p2a: bailed once|Dragonite, F|100\/100\n|turn|30\n|\n|t:|1660038513\n|move|p1a: Heatran|Magma Storm|p2a: bailed once\n|-resisted|p2a: bailed once\n|-damage|p2a: bailed once|83\/100\n|-activate|p2a: bailed once|move: Magma Storm|[of] p1a: Heatran\n|move|p2a: bailed once|Ice Beam|p1a: Heatran\n|-resisted|p1a: Heatran\n|-crit|p1a: Heatran\n|-damage|p1a: Heatran|81\/100\n|-enditem|p1a: Heatran|Air Balloon\n|\n|-damage|p2a: bailed once|71\/100|[from] move: Magma Storm|[partiallytrapped]\n|upkeep\n|turn|31\n|\n|t:|1660038542\n|move|p1a: Heatran|Taunt|p2a: bailed once\n|-start|p2a: bailed once|move: Taunt\n|move|p2a: bailed once|Earthquake|p1a: Heatran\n|-supereffective|p1a: Heatran\n|-damage|p1a: Heatran|0 fnt\n|faint|p1a: Heatran\n|\n|-end|p2a: bailed once|Magma Storm|[partiallytrapped]|[silent]\n|upkeep\n|\n|t:|1660038550\n|switch|p1a: Ferrothorn|Ferrothorn, M|56\/100\n|-damage|p1a: Ferrothorn|50\/100|[from] Stealth Rock\n|turn|32\n|\n|t:|1660038562\n|switch|p2a: guap remnants|Slowbro-Galar, M|100\/100\n|move|p1a: Ferrothorn|Leech Seed|p2a: guap remnants\n|-start|p2a: guap remnants|move: Leech Seed\n|\n|-damage|p2a: guap remnants|88\/100|[from] Leech Seed|[of] p1a: Ferrothorn\n|-heal|p1a: Ferrothorn|64\/100|[silent]\n|upkeep\n|turn|33\n|\n|t:|1660038572\n|switch|p2a: on the edge|Excadrill, M|60\/100\n|-ability|p2a: on the edge|Mold Breaker\n|switch|p1a: Tapu Fini|Tapu Fini|45\/100\n|-damage|p1a: Tapu Fini|32\/100|[from] Stealth Rock\n|-fieldstart|move: Misty Terrain|[from] ability: Misty Surge|[of] p1a: Tapu Fini\n|\n|-heal|p2a: on the edge|66\/100|[from] item: Leftovers\n|upkeep\n|turn|34\n|\n|t:|1660038582\n|switch|p1a: Tornadus|Tornadus-Therian, M|82\/100\n|-damage|p1a: Tornadus|57\/100|[from] Stealth Rock\n|move|p2a: on the edge|Rapid Spin|p1a: Tornadus\n|-damage|p1a: Tornadus|38\/100\n|-boost|p2a: on the edge|spe|1\n|\n|-heal|p2a: on the edge|72\/100|[from] item: Leftovers\n|upkeep\n|turn|35\n|\n|t:|1660038592\n|move|p1a: Tornadus|Heat Wave|p2a: on the edge\n|-supereffective|p2a: on the edge\n|-damage|p2a: on the edge|36\/100\n|move|p2a: on the edge|Earthquake|p1a: Tornadus\n|-immune|p1a: Tornadus\n|\n|-heal|p2a: on the edge|42\/100|[from] item: Leftovers\n|upkeep\n|turn|36\n|\n|t:|1660038599\n|move|p1a: Tornadus|U-turn|p2a: on the edge\n|-resisted|p2a: on the edge\n|-damage|p2a: on the edge|33\/100\n|\n|t:|1660038603\n|switch|p1a: Ferrothorn|Ferrothorn, M|64\/100|[from]move: U-turn\n|-damage|p1a: Ferrothorn|58\/100|[from] Stealth Rock\n|move|p2a: on the edge|Iron Head|p1a: Ferrothorn\n|-resisted|p1a: Ferrothorn\n|-damage|p1a: Ferrothorn|47\/100\n|-damage|p2a: on the edge|21\/100|[from] ability: Iron Barbs|[of] p1a: Ferrothorn\n|\n|-heal|p2a: on the edge|27\/100|[from] item: Leftovers\n|upkeep\n|turn|37\n|\n|t:|1660038614\n|move|p2a: on the edge|Earthquake|p1a: Ferrothorn\n|-damage|p1a: Ferrothorn|20\/100\n|move|p1a: Ferrothorn|Knock Off|p2a: on the edge\n|-damage|p2a: on the edge|0 fnt\n|-enditem|p2a: on the edge|Leftovers|[from] move: Knock Off|[of] p1a: Ferrothorn\n|faint|p2a: on the edge\n|\n|-fieldend|Misty Terrain\n|upkeep\n|\n|t:|1660038620\n|switch|p2a: guap remnants|Slowbro-Galar, M|100\/100\n|turn|38\n|\n|t:|1660038628\n|switch|p1a: Tapu Fini|Tapu Fini|32\/100\n|-damage|p1a: Tapu Fini|20\/100|[from] Stealth Rock\n|-fieldstart|move: Misty Terrain|[from] ability: Misty Surge|[of] p1a: Tapu Fini\n|move|p2a: guap remnants|Nasty Plot|p2a: guap remnants\n|-boost|p2a: guap remnants|spa|2\n|\n|upkeep\n|turn|39\n|\n|t:|1660038637\n|move|p1a: Tapu Fini|Nature's Madness|p2a: guap remnants\n|-damage|p2a: guap remnants|51\/100\n|move|p2a: guap remnants|Sludge Bomb|p1a: Tapu Fini\n|-supereffective|p1a: Tapu Fini\n|-damage|p1a: Tapu Fini|0 fnt\n|faint|p1a: Tapu Fini\n|\n|-heal|p2a: guap remnants|57\/100|[from] item: Black Sludge\n|upkeep\n|\n|t:|1660038645\n|switch|p1a: Weavile|Weavile, M|100\/100\n|-ability|p1a: Weavile|Pressure\n|turn|40\n|\n|t:|1660038650\n|switch|p2a: bailed twice|Pyukumuku, F|100\/100\n|move|p1a: Weavile|Knock Off|p2a: bailed twice\n|-damage|p2a: bailed twice|68\/100\n|-enditem|p2a: bailed twice|Leftovers|[from] move: Knock Off|[of] p1a: Weavile\n|\n|upkeep\n|turn|41\n|\n|t:|1660038658\n|switch|p1a: Ferrothorn|Ferrothorn, M|20\/100\n|-damage|p1a: Ferrothorn|14\/100|[from] Stealth Rock\n|move|p2a: bailed twice|Soak|p1a: Ferrothorn\n|-start|p1a: Ferrothorn|typechange|Water\n|\n|upkeep\n|turn|42\n|\n|t:|1660038665\n|move|p2a: bailed twice|Protect|p2a: bailed twice\n|-singleturn|p2a: bailed twice|Protect\n|move|p1a: Ferrothorn|Leech Seed|p2a: bailed twice\n|-activate|p2a: bailed twice|move: Protect\n|\n|-fieldend|Misty Terrain\n|upkeep\n|turn|43\n|\n|t:|1660038671\n|move|p2a: bailed twice|Toxic|p1a: Ferrothorn\n|-status|p1a: Ferrothorn|tox\n|move|p1a: Ferrothorn|Leech Seed|p2a: bailed twice|[miss]\n|-miss|p1a: Ferrothorn|p2a: bailed twice\n|\n|-damage|p1a: Ferrothorn|8\/100 tox|[from] psn\n|upkeep\n|turn|44\n|\n|t:|1660038679\n|move|p2a: bailed twice|Recover|p2a: bailed twice\n|-heal|p2a: bailed twice|100\/100\n|move|p1a: Ferrothorn|Leech Seed|p2a: bailed twice\n|-start|p2a: bailed twice|move: Leech Seed\n|\n|-damage|p2a: bailed twice|88\/100|[from] Leech Seed|[of] p1a: Ferrothorn\n|-heal|p1a: Ferrothorn|19\/100 tox|[silent]\n|-damage|p1a: Ferrothorn|6\/100 tox|[from] psn\n|upkeep\n|turn|45\n|\n|t:|1660038686\n|switch|p2a: guap remnants|Slowbro-Galar, M|90\/100\n|move|p1a: Ferrothorn|Stealth Rock|p2a: guap remnants\n|-sidestart|p2: displacement force|move: Stealth Rock\n|\n|-heal|p2a: guap remnants|96\/100|[from] item: Black Sludge\n|-damage|p1a: Ferrothorn|0 fnt|[from] psn\n|faint|p1a: Ferrothorn\n|upkeep\n|c|\u2606displacement force|pyuk\n|c|\u2606displacement force|sweeeeep\n|\n|t:|1660038695\n|switch|p1a: Tornadus|Tornadus-Therian, M|71\/100\n|-damage|p1a: Tornadus|46\/100|[from] Stealth Rock\n|turn|46\n|\n|t:|1660038702\n|move|p1a: Tornadus|Hurricane|p2a: guap remnants\n|-damage|p2a: guap remnants|48\/100\n|-start|p2a: guap remnants|confusion\n|-activate|p2a: guap remnants|confusion\n|move|p2a: guap remnants|Sludge Bomb|p1a: Tornadus\n|-damage|p1a: Tornadus|26\/100\n|-status|p1a: Tornadus|psn\n|\n|-heal|p2a: guap remnants|54\/100|[from] item: Black Sludge\n|-damage|p1a: Tornadus|13\/100 psn|[from] psn\n|upkeep\n|turn|47\n|\n|t:|1660038713\n|move|p1a: Tornadus|U-turn|p2a: guap remnants\n|-damage|p2a: guap remnants|44\/100\n|\n|t:|1660038716\n|switch|p1a: Weavile|Weavile, M|100\/100|[from]move: U-turn\n|-ability|p1a: Weavile|Pressure\n|-activate|p2a: guap remnants|confusion\n|move|p2a: guap remnants|Flamethrower|p1a: Weavile\n|-supereffective|p1a: Weavile\n|-damage|p1a: Weavile|39\/100\n|\n|-heal|p2a: guap remnants|50\/100|[from] item: Black Sludge\n|upkeep\n|turn|48\n|\n|t:|1660038730\n|switch|p2a: bailed twice|Pyukumuku, F|88\/100\n|-damage|p2a: bailed twice|76\/100|[from] Stealth Rock\n|move|p1a: Weavile|Knock Off|p2a: bailed twice\n|-damage|p2a: bailed twice|55\/100\n|\n|upkeep\n|turn|49\n|c|\u2606displacement force|gg\n|\n|t:|1660038738\n|move|p1a: Weavile|Swords Dance|p1a: Weavile\n|-boost|p1a: Weavile|atk|2\n|move|p2a: bailed twice|Recover|p2a: bailed twice\n|-heal|p2a: bailed twice|100\/100\n|\n|upkeep\n|turn|50\n|\n|t:|1660038743\n|move|p1a: Weavile|Knock Off|p2a: bailed twice\n|-damage|p2a: bailed twice|78\/100\n|move|p2a: bailed twice|Toxic|p1a: Weavile\n|-status|p1a: Weavile|tox\n|\n|-damage|p1a: Weavile|33\/100 tox|[from] psn\n|upkeep\n|turn|51\n|c|\u2606brifye|gg\n|-message|brifye forfeited.\n|\n|win|displacement force\n|raw|brifye's rating: 1571 &rarr; <strong>1548<\/strong><br \/>(-23 for losing)\n|raw|displacement force's rating: 1526 &rarr; <strong>1549<\/strong><br \/>(+23 for winning)\n|l|\u2606brifye\n","uploadtime":1660038756,"views":17,"p1id":"brifye","p2id":"displacementforce","formatid":"gen8ou","rating":1548,"private":0,"password":null}