{"id":"gen8vgc2021series9-1346123725","p1":"MartinJStark","p2":"badalakazam","format":"gen8vgc2021series9","log":"|j|\u2606MartinJStark\n|j|\u2606badalakazam\n|t:|1621806035\n|gametype|doubles\n|player|p1|MartinJStark|1|1390\n|player|p2|badalakazam|policeman|1360\n|teamsize|p1|6\n|teamsize|p2|6\n|gen|8\n|tier|[Gen 8] VGC 2021 Series 9\n|rated|\n|rule|Species Clause: Limit one of each Pok\u00e9mon\n|rule|Item Clause: Limit one of each item\n|clearpoke\n|poke|p1|Mienshao, L50, M|\n|poke|p1|Metagross, L50|\n|poke|p1|Ninetales, L50, F|\n|poke|p1|Venusaur, L50, M|\n|poke|p1|Landorus-Therian, L50, M|\n|poke|p1|Moltres-Galar, L50|\n|poke|p2|Landorus-Therian, L50, M|\n|poke|p2|Togekiss, L50, M|\n|poke|p2|Spectrier, L50|\n|poke|p2|Regieleki, L50|\n|poke|p2|Urshifu-*, L50, F|\n|poke|p2|Incineroar, L50, M|\n|teampreview|4\n|\n|t:|1621806094\n|start\n|switch|p1a: Ninetales|Ninetales, L50, F|100\/100\n|switch|p1b: Venusaur|Venusaur, L50, M|100\/100\n|switch|p2a: Incineroar|Incineroar, L50, M, shiny|100\/100\n|switch|p2b: Togekiss|Togekiss, L50, M|100\/100\n|-weather|SunnyDay|[from] ability: Drought|[of] p1a: Ninetales\n|-ability|p2a: Incineroar|Intimidate|boost\n|-unboost|p1a: Ninetales|atk|1\n|-unboost|p1b: Venusaur|atk|1\n|turn|1\n|\n|t:|1621806121\n|-start|p2b: Togekiss|Dynamax\n|-heal|p2b: Togekiss|100\/100|[silent]\n|move|p1b: Venusaur|Sleep Powder|p2b: Togekiss\n|-status|p2b: Togekiss|slp|[from] move: Sleep Powder\n|move|p1a: Ninetales|Hypnosis|p2a: Incineroar\n|-status|p2a: Incineroar|slp|[from] move: Hypnosis\n|cant|p2b: Togekiss|slp\n|cant|p2a: Incineroar|slp\n|\n|-weather|SunnyDay|[upkeep]\n|upkeep\n|turn|2\n|inactive|Battle timer is ON: inactive players will automatically lose when time's up. (requested by MartinJStark)\n|\n|t:|1621806147\n|-start|p1b: Venusaur|Dynamax\n|-formechange|p1b: Venusaur|Venusaur-Gmax\n|-heal|p1b: Venusaur|100\/100|[silent]\n|move|p1b: Venusaur|Max Ooze|p2a: Incineroar\n|-damage|p2a: Incineroar|53\/100 slp\n|-boost|p1a: Ninetales|spa|1\n|-boost|p1b: Venusaur|spa|1\n|-damage|p1b: Venusaur|96\/100|[from] item: Life Orb\n|move|p1a: Ninetales|Nasty Plot|p1a: Ninetales\n|-boost|p1a: Ninetales|spa|2\n|cant|p2b: Togekiss|slp\n|-curestatus|p2a: Incineroar|slp|[msg]\n|move|p2a: Incineroar|Flare Blitz|p1b: Venusaur\n|-supereffective|p1b: Venusaur\n|-damage|p1b: Venusaur|0 fnt\n|faint|p1b: Venusaur\n|-damage|p2a: Incineroar|5\/100|[from] Recoil\n|-enditem|p2a: Incineroar|Sitrus Berry|[eat]\n|-heal|p2a: Incineroar|30\/100|[from] item: Sitrus Berry\n|\n|-weather|SunnyDay|[upkeep]\n|upkeep\n|inactive|MartinJStark has 30 seconds left.\n|\n|t:|1621806173\n|switch|p1b: Mienshao|Mienshao, L50, M|100\/100\n|turn|3\n|c|\u2606badalakazam|where is venusaur\n|\n|t:|1621806197\n|move|p1b: Mienshao|Close Combat|p2a: Incineroar\n|-supereffective|p2a: Incineroar\n|-damage|p2a: Incineroar|0 fnt\n|-unboost|p1b: Mienshao|def|1\n|-unboost|p1b: Mienshao|spd|1\n|faint|p2a: Incineroar\n|move|p1a: Ninetales|Heat Wave|p2b: Togekiss\n|-damage|p2b: Togekiss|47\/100 slp\n|-curestatus|p2b: Togekiss|slp|[msg]\n|move|p2b: Togekiss|Max Airstream|p1b: Mienshao\n|-supereffective|p1b: Mienshao\n|-crit|p1b: Mienshao\n|-enditem|p1b: Mienshao|Focus Sash\n|-damage|p1b: Mienshao|1\/100\n|-boost|p2b: Togekiss|spe|1\n|\n|-weather|SunnyDay|[upkeep]\n|-end|p2b: Togekiss|Dynamax\n|-heal|p2b: Togekiss|47\/100|[silent]\n|upkeep\n|\n|t:|1621806211\n|switch|p2a: Spectrier|Spectrier, L50|100\/100\n|turn|4\n|\n|t:|1621806226\n|move|p1b: Mienshao|Ally Switch|p1b: Mienshao\n|swap|p1b: Mienshao|0|[from] move: Ally Switch\n|move|p2a: Spectrier|Shadow Ball|p1a: Mienshao\n|-damage|p1a: Mienshao|0 fnt\n|faint|p1a: Mienshao\n|-ability|p2a: Spectrier|Grim Neigh|boost\n|-boost|p2a: Spectrier|spa|1\n|-damage|p2a: Spectrier|91\/100|[from] item: Life Orb\n|move|p1b: Ninetales|Heat Wave|p2b: Togekiss|[spread] p2a,p2b\n|-damage|p2a: Spectrier|0 fnt\n|-damage|p2b: Togekiss|0 fnt\n|faint|p2a: Spectrier\n|faint|p2b: Togekiss\n|\n|-weather|SunnyDay|[upkeep]\n|upkeep\n|inactive|badalakazam has 30 seconds left.\n|inactive|badalakazam has 20 seconds left.\n|\n|t:|1621806266\n|switch|p2a: Urshifu|Urshifu-Rapid-Strike, L50, F|100\/100\n|switch|p1a: Metagross|Metagross, L50|100\/100\n|turn|5\n|\n|t:|1621806285\n|move|p1a: Metagross|Bullet Punch|p2a: Urshifu\n|-resisted|p2a: Urshifu\n|-damage|p2a: Urshifu|89\/100\n|move|p1b: Ninetales|Heat Wave|p2a: Urshifu\n|-resisted|p2a: Urshifu\n|-damage|p2a: Urshifu|0 fnt\n|faint|p2a: Urshifu\n|\n|win|MartinJStark\n|raw|MartinJStark's rating: 1390 &rarr; <strong>1408<\/strong><br \/>(+18 for winning)\n|raw|badalakazam's rating: 1360 &rarr; <strong>1342<\/strong><br \/>(-18 for losing)\n|player|p2|badalakazam|policeman\n","uploadtime":1621806323,"views":18,"p1id":"martinjstark","p2id":"badalakazam","formatid":"gen8vgc2021series9","rating":1342,"private":0,"password":null}