{"id":"gen8balancedhackmons-1611300203","p1":"samakins123","p2":"Redflix","format":"gen8balancedhackmons","log":"|j|\u2606samakins123\n|j|\u2606Redflix\n|t:|1657083480\n|gametype|singles\n|player|p1|samakins123|juggler|1370\n|player|p2|Redflix|erika|1779\n|teamsize|p1|6\n|teamsize|p2|6\n|gen|8\n|tier|[Gen 8] Balanced Hackmons\n|rated|\n|rule|OHKO Clause: OHKO moves are banned\n|rule|Evasion Moves Clause: Evasion moves are banned\n|rule|Forme Clause: Limit one of each forme of a Pok\u00e9mon\n|rule|HP Percentage Mod: HP is shown in percentages\n|rule|Dynamax Clause: You cannot dynamax\n|rule|Sleep Clause: Sleep-inducing moves are banned\n|rule|Endless Battle Clause: Forcing endless battles is banned\n|clearpoke\n|poke|p1|Xerneas-*|\n|poke|p1|Lunala|\n|poke|p1|Yveltal|\n|poke|p1|Eternatus|\n|poke|p1|Ho-Oh|\n|poke|p1|Necrozma-Dusk-Mane|\n|poke|p2|Zamazenta-Crowned|\n|poke|p2|Palkia|\n|poke|p2|Regigigas|\n|poke|p2|Ho-Oh|\n|poke|p2|Groudon|\n|poke|p2|Tapu Fini|\n|teampreview\n|inactive|Battle timer is ON: inactive players will automatically lose when time's up. (requested by samakins123)\n|\n|t:|1657083506\n|start\n|switch|p1a: The Queen|Lunala|100\/100\n|switch|p2a: Groudon|Groudon|100\/100\n|turn|1\n|\n|t:|1657083510\n|move|p1a: The Queen|No Retreat|p1a: The Queen\n|-boost|p1a: The Queen|atk|2\n|-boost|p1a: The Queen|def|2\n|-boost|p1a: The Queen|spa|2\n|-boost|p1a: The Queen|spd|2\n|-boost|p1a: The Queen|spe|2\n|-start|p1a: The Queen|move: No Retreat\n|move|p2a: Groudon|Spectral Thief||[still]\n|-clearpositiveboost|p1a: The Queen|p2a: Groudon|move: Spectral Thief\n|-boost|p2a: Groudon|atk|2\n|-boost|p2a: Groudon|def|2\n|-boost|p2a: Groudon|spa|2\n|-boost|p2a: Groudon|spd|2\n|-boost|p2a: Groudon|spe|2\n|-anim|p2a: Groudon|Spectral Thief|p1a: The Queen\n|-supereffective|p1a: The Queen\n|-enditem|p1a: The Queen|Focus Sash\n|-damage|p1a: The Queen|1\/100\n|\n|upkeep\n|turn|2\n|\n|t:|1657083514\n|move|p2a: Groudon|Thousand Waves|p1a: The Queen\n|-damage|p1a: The Queen|0 fnt\n|faint|p1a: The Queen\n|\n|upkeep\n|\n|t:|1657083518\n|switch|p1a: The Guardian Angel|Ho-Oh|100\/100\n|turn|3\n|\n|t:|1657083521\n|switch|p2a: Tapu Fini|Tapu Fini|100\/100\n|move|p1a: The Guardian Angel|Topsy-Turvy||[still]\n|-fail|p1a: The Guardian Angel\n|\n|-status|p2a: Tapu Fini|tox|[from] item: Toxic Orb\n|upkeep\n|turn|4\n|\n|t:|1657083528\n|move|p1a: The Guardian Angel|Parting Shot|p2a: Tapu Fini\n|-unboost|p2a: Tapu Fini|atk|1\n|-unboost|p2a: Tapu Fini|spa|1\n|\n|t:|1657083539\n|switch|p1a: The Bodyguard|Necrozma-Dusk-Mane|100\/100|[from]move: Parting Shot\n|move|p2a: Tapu Fini|Flip Turn|p1a: The Bodyguard\n|-damage|p1a: The Bodyguard|91\/100\n|\n|t:|1657083549\n|switch|p2a: Groudon|Groudon|100\/100|[from]move: Flip Turn\n|\n|upkeep\n|turn|5\n|\n|t:|1657083552\n|move|p2a: Groudon|Thousand Waves|p1a: The Bodyguard\n|-supereffective|p1a: The Bodyguard\n|-damage|p1a: The Bodyguard|34\/100\n|-activate|p1a: The Bodyguard|trapped\n|move|p1a: The Bodyguard|Photon Geyser|p2a: Groudon\n|-damage|p2a: Groudon|57\/100\n|-damage|p1a: The Bodyguard|24\/100|[from] item: Life Orb\n|\n|upkeep\n|turn|6\n|\n|t:|1657083559\n|move|p2a: Groudon|Shore Up|p2a: Groudon\n|-heal|p2a: Groudon|100\/100\n|move|p1a: The Bodyguard|Photon Geyser|p2a: Groudon\n|-damage|p2a: Groudon|60\/100\n|-damage|p1a: The Bodyguard|14\/100|[from] item: Life Orb\n|\n|upkeep\n|turn|7\n|\n|t:|1657083564\n|move|p2a: Groudon|Thousand Waves|p1a: The Bodyguard\n|-supereffective|p1a: The Bodyguard\n|-damage|p1a: The Bodyguard|0 fnt\n|faint|p1a: The Bodyguard\n|\n|upkeep\n|\n|t:|1657083577\n|switch|p1a: The Guardian Angel|Ho-Oh|100\/100\n|turn|8\n|\n|t:|1657083582\n|switch|p2a: Zamazenta|Zamazenta-Crowned|100\/100\n|move|p1a: The Guardian Angel|Glare|p2a: Zamazenta\n|move|p2a: Zamazenta|Glare|p1a: The Guardian Angel|[from]ability: Magic Bounce\n|-status|p1a: The Guardian Angel|par\n|\n|upkeep\n|turn|9\n|\n|t:|1657083588\n|move|p2a: Zamazenta|Anchor Shot|p1a: The Guardian Angel\n|-resisted|p1a: The Guardian Angel\n|-damage|p1a: The Guardian Angel|86\/100 par\n|-activate|p1a: The Guardian Angel|trapped\n|move|p1a: The Guardian Angel|V-create|p2a: Zamazenta\n|-supereffective|p2a: Zamazenta\n|-damage|p2a: Zamazenta|9\/100\n|-unboost|p1a: The Guardian Angel|spe|1\n|-unboost|p1a: The Guardian Angel|def|1\n|-unboost|p1a: The Guardian Angel|spd|1\n|\n|-heal|p2a: Zamazenta|15\/100|[from] item: Leftovers\n|upkeep\n|turn|10\n|\n|t:|1657083593\n|move|p2a: Zamazenta|Thunderous Kick|p1a: The Guardian Angel\n|-resisted|p1a: The Guardian Angel\n|-damage|p1a: The Guardian Angel|63\/100 par\n|-unboost|p1a: The Guardian Angel|def|1\n|move|p1a: The Guardian Angel|V-create|p2a: Zamazenta\n|-supereffective|p2a: Zamazenta\n|-damage|p2a: Zamazenta|0 fnt\n|-unboost|p1a: The Guardian Angel|spe|1\n|-unboost|p1a: The Guardian Angel|def|1\n|-unboost|p1a: The Guardian Angel|spd|1\n|faint|p2a: Zamazenta\n|\n|upkeep\n|\n|t:|1657083598\n|switch|p2a: Tapu Fini|Tapu Fini|100\/100 tox\n|turn|11\n|\n|t:|1657083601\n|cant|p1a: The Guardian Angel|par\n|move|p2a: Tapu Fini|Flip Turn|p1a: The Guardian Angel\n|-supereffective|p1a: The Guardian Angel\n|-damage|p1a: The Guardian Angel|0 fnt\n|faint|p1a: The Guardian Angel\n|\n|t:|1657083614\n|switch|p2a: Regigigas|Regigigas|100\/100|[from]move: Flip Turn\n|\n|-status|p2a: Regigigas|tox|[from] item: Toxic Orb\n|upkeep\n|\n|t:|1657083632\n|switch|p1a: The Demon|Eternatus|100\/100\n|turn|12\n|\n|t:|1657083651\n|move|p1a: The Demon|Nasty Plot|p1a: The Demon\n|-boost|p1a: The Demon|spa|4\n|move|p2a: Regigigas|Dragon Dance|p2a: Regigigas\n|-boost|p2a: Regigigas|atk|1\n|-boost|p2a: Regigigas|spe|1\n|\n|upkeep\n|turn|13\n|\n|t:|1657083654\n|move|p2a: Regigigas|Facade|p1a: The Demon\n|-damage|p1a: The Demon|25\/100\n|move|p1a: The Demon|Core Enforcer|p2a: Regigigas\n|-crit|p2a: Regigigas\n|-damage|p2a: Regigigas|0 fnt\n|faint|p2a: Regigigas\n|\n|upkeep\n|\n|t:|1657083660\n|switch|p2a: Ho-Oh|Ho-Oh|100\/100\n|turn|14\n|\n|t:|1657083674\n|move|p2a: Ho-Oh|Topsy-Turvy|p1a: The Demon\n|-invertboost|p1a: The Demon|[from] move: Topsy-Turvy\n|move|p1a: The Demon|Core Enforcer|p2a: Ho-Oh\n|-damage|p2a: Ho-Oh|92\/100\n|-endability|p2a: Ho-Oh\n|\n|upkeep\n|turn|15\n|\n|t:|1657083685\n|move|p1a: The Demon|Nasty Plot|p1a: The Demon\n|-boost|p1a: The Demon|spa|4\n|move|p2a: Ho-Oh|Nuzzle|p1a: The Demon\n|-resisted|p1a: The Demon\n|-damage|p1a: The Demon|23\/100\n|-status|p1a: The Demon|par\n|\n|upkeep\n|turn|16\n|\n|t:|1657083690\n|switch|p2a: Tapu Fini|Tapu Fini|100\/100 tox\n|move|p1a: The Demon|Nasty Plot|p1a: The Demon\n|-boost|p1a: The Demon|spa|4\n|\n|upkeep\n|turn|17\n|\n|t:|1657083693\n|switch|p2a: Palkia|Palkia|100\/100\n|move|p1a: The Demon|Sludge Wave|p2a: Palkia\n|-damage|p2a: Palkia|0 fnt\n|faint|p2a: Palkia\n|\n|upkeep\n|\n|t:|1657083696\n|switch|p2a: Groudon|Groudon|60\/100\n|turn|18\n|\n|t:|1657083700\n|move|p2a: Groudon|Thousand Waves|p1a: The Demon\n|-supereffective|p1a: The Demon\n|-damage|p1a: The Demon|0 fnt\n|faint|p1a: The Demon\n|\n|upkeep\n|inactive|samakins123 has 120 seconds left.\n|\n|t:|1657083747\n|switch|p1a: The Rebel|Yveltal|100\/100\n|turn|19\n|\n|t:|1657083772\n|move|p1a: The Rebel|Blizzard|p2a: Groudon\n|-supereffective|p2a: Groudon\n|-damage|p2a: Groudon|4\/100\n|move|p2a: Groudon|Spectral Thief|p1a: The Rebel\n|-resisted|p1a: The Rebel\n|-damage|p1a: The Rebel|90\/100\n|\n|upkeep\n|turn|20\n|\n|t:|1657083780\n|move|p1a: The Rebel|Fiery Wrath|p2a: Groudon\n|-damage|p2a: Groudon|0 fnt\n|faint|p2a: Groudon\n|\n|upkeep\n|\n|t:|1657083782\n|switch|p2a: Tapu Fini|Tapu Fini|100\/100 tox\n|turn|21\n|\n|t:|1657083784\n|switch|p1a: The Princess|Xerneas|100\/100\n|move|p2a: Tapu Fini|Moonblast|p1a: The Princess\n|-damage|p1a: The Princess|78\/100\n|\n|upkeep\n|turn|22\n|\n|t:|1657083788\n|switch|p2a: Ho-Oh|Ho-Oh|92\/100\n|move|p1a: The Princess|Quiver Dance|p1a: The Princess\n|-boost|p1a: The Princess|spa|1\n|-boost|p1a: The Princess|spd|1\n|-boost|p1a: The Princess|spe|1\n|\n|upkeep\n|turn|23\n|\n|t:|1657083791\n|move|p2a: Ho-Oh|Topsy-Turvy|p1a: The Princess\n|-invertboost|p1a: The Princess|[from] move: Topsy-Turvy\n|move|p1a: The Princess|Boomburst|p2a: Ho-Oh\n|-resisted|p2a: Ho-Oh\n|-damage|p2a: Ho-Oh|75\/100\n|-damage|p1a: The Princess|68\/100|[from] item: Life Orb\n|\n|upkeep\n|turn|24\n|\n|t:|1657083794\n|move|p2a: Ho-Oh|Nuzzle|p1a: The Princess\n|-damage|p1a: The Princess|63\/100\n|-status|p1a: The Princess|par\n|move|p1a: The Princess|Quiver Dance|p1a: The Princess\n|-boost|p1a: The Princess|spa|1\n|-boost|p1a: The Princess|spd|1\n|-boost|p1a: The Princess|spe|1\n|\n|upkeep\n|turn|25\n|\n|t:|1657083800\n|move|p2a: Ho-Oh|Fire Lash|p1a: The Princess\n|-damage|p1a: The Princess|33\/100 par\n|-unboost|p1a: The Princess|def|1\n|cant|p1a: The Princess|par\n|\n|upkeep\n|turn|26\n|\n|t:|1657083803\n|move|p2a: Ho-Oh|Fire Lash|p1a: The Princess\n|-damage|p1a: The Princess|0 fnt\n|faint|p1a: The Princess\n|\n|upkeep\n|\n|t:|1657083804\n|switch|p1a: The Rebel|Yveltal|90\/100\n|turn|27\n|\n|t:|1657083807\n|move|p1a: The Rebel|Geomancy||[still]\n|-prepare|p1a: The Rebel|Geomancy\n|-enditem|p1a: The Rebel|Power Herb\n|-anim|p1a: The Rebel|Geomancy|p1a: The Rebel\n|-boost|p1a: The Rebel|spa|4\n|-boost|p1a: The Rebel|spd|4\n|-boost|p1a: The Rebel|spe|4\n|move|p2a: Ho-Oh|Nuzzle|p1a: The Rebel\n|-supereffective|p1a: The Rebel\n|-damage|p1a: The Rebel|81\/100\n|-status|p1a: The Rebel|par\n|\n|upkeep\n|turn|28\n|\n|t:|1657083810\n|move|p1a: The Rebel|Blizzard|p2a: Ho-Oh\n|-damage|p2a: Ho-Oh|18\/100\n|move|p2a: Ho-Oh|Fire Lash|p1a: The Rebel\n|-damage|p1a: The Rebel|57\/100 par\n|-unboost|p1a: The Rebel|def|2\n|\n|upkeep\n|turn|29\n|\n|t:|1657083815\n|move|p2a: Ho-Oh|Slack Off|p2a: Ho-Oh\n|-heal|p2a: Ho-Oh|68\/100\n|cant|p1a: The Rebel|par\n|\n|upkeep\n|turn|30\n|\n|t:|1657083818\n|move|p1a: The Rebel|Fiery Wrath|p2a: Ho-Oh\n|-damage|p2a: Ho-Oh|0 fnt\n|faint|p2a: Ho-Oh\n|\n|upkeep\n|\n|t:|1657083821\n|switch|p2a: Tapu Fini|Tapu Fini|100\/100 tox\n|turn|31\n|\n|t:|1657083825\n|move|p1a: The Rebel|Fiery Wrath|p2a: Tapu Fini\n|-resisted|p2a: Tapu Fini\n|-damage|p2a: Tapu Fini|48\/100 tox\n|cant|p2a: Tapu Fini|flinch\n|\n|-heal|p2a: Tapu Fini|61\/100 tox|[from] ability: Poison Heal\n|upkeep\n|turn|32\n|\n|t:|1657083828\n|move|p2a: Tapu Fini|King's Shield|p2a: Tapu Fini\n|-singleturn|p2a: Tapu Fini|Protect\n|cant|p1a: The Rebel|par\n|\n|-heal|p2a: Tapu Fini|73\/100 tox|[from] ability: Poison Heal\n|upkeep\n|turn|33\n|\n|t:|1657083830\n|move|p1a: The Rebel|Fiery Wrath|p2a: Tapu Fini\n|-resisted|p2a: Tapu Fini\n|-damage|p2a: Tapu Fini|19\/100 tox\n|move|p2a: Tapu Fini|Moonblast|p1a: The Rebel\n|-supereffective|p1a: The Rebel\n|-damage|p1a: The Rebel|40\/100 par\n|\n|-heal|p2a: Tapu Fini|32\/100 tox|[from] ability: Poison Heal\n|upkeep\n|turn|34\n|\n|t:|1657083832\n|move|p2a: Tapu Fini|King's Shield|p2a: Tapu Fini\n|-singleturn|p2a: Tapu Fini|Protect\n|cant|p1a: The Rebel|par\n|\n|-heal|p2a: Tapu Fini|44\/100 tox|[from] ability: Poison Heal\n|upkeep\n|turn|35\n|\n|t:|1657083834\n|move|p1a: The Rebel|Fiery Wrath|p2a: Tapu Fini\n|-resisted|p2a: Tapu Fini\n|-damage|p2a: Tapu Fini|0 fnt\n|faint|p2a: Tapu Fini\n|\n|win|samakins123\n|raw|samakins123's rating: 1370 &rarr; <strong>1407<\/strong><br \/>(+37 for winning)\n|raw|Redflix's rating: 1779 &rarr; <strong>1742<\/strong><br \/>(-37 for losing)\n|c|\u2606samakins123|gg\n|l|\u2606Redflix\n||Ladder isn't responding, score probably updated but might not have (Request timeout).\n","uploadtime":1657083897,"views":31,"p1id":"samakins123","p2id":"redflix","formatid":"gen8balancedhackmons","rating":1407,"private":0,"password":null}