{"id":"gen8nationaldex-1178233498","p1":"Daunzu","p2":"Roadtotop10ouND","format":"gen8nationaldex","log":"|j|\u2606Daunzu\n|j|\u2606Roadtotop10ouND\n|t:|1598817110\n|player|p1|Daunzu|ingo|1491\n|player|p2|Roadtotop10ouND|steven|1383\n|teamsize|p1|6\n|teamsize|p2|6\n|gametype|singles\n|gen|8\n|tier|[Gen 8] National Dex\n|rated|\n|html|<div class=\"broadcast-blue\"><strong>National Dex is currently suspecting Ash-Greninja! For information on how to participate check out the <a href=\"https:\/\/www.smogon.com\/forums\/threads\/3668917\/\">suspect thread<\/a>.<\/strong><\/div>\n|clearpoke\n|poke|p1|Hippowdon, M|\n|poke|p1|Excadrill, F|\n|poke|p1|Landorus-Therian, M|\n|poke|p1|Alakazam, M|\n|poke|p1|Tapu Fini|\n|poke|p1|Heatran, M|\n|poke|p2|Toxapex, M|\n|poke|p2|Mew|\n|poke|p2|Lopunny, M|\n|poke|p2|Ferrothorn, M|\n|poke|p2|Dracovish|\n|poke|p2|Zapdos|\n|rule|HP Percentage Mod: HP is shown in percentages\n|rule|Endless Battle Clause: Forcing endless battles is banned\n|rule|OHKO Clause: OHKO moves are banned\n|rule|Evasion Moves Clause: Evasion moves are banned\n|rule|Species Clause: Limit one of each Pok\u00e9mon\n|rule|Dynamax Clause: You cannot dynamax\n|rule|Sleep Clause Mod: Limit one foe put to sleep\n|teampreview\n|inactive|Battle timer is ON: inactive players will automatically lose when time's up. (requested by Roadtotop10ouND)\n|\n|t:|1598817130\n|start\n|switch|p1a: Landorus|Landorus-Therian, M|100\/100\n|switch|p2a: Toxapex|Toxapex, M|100\/100\n|-ability|p1a: Landorus|Intimidate|boost\n|-unboost|p2a: Toxapex|atk|1\n|turn|1\n|\n|t:|1598817136\n|move|p1a: Landorus|Stealth Rock|p2a: Toxapex\n|-sidestart|p2: Roadtotop10ouND|move: Stealth Rock\n|move|p2a: Toxapex|Toxic Spikes|p1a: Landorus\n|-sidestart|p1: Daunzu|move: Toxic Spikes\n|\n|upkeep\n|turn|2\n|\n|t:|1598817139\n|move|p1a: Landorus|Earthquake|p2a: Toxapex\n|-supereffective|p2a: Toxapex\n|-damage|p2a: Toxapex|36\/100\n|move|p2a: Toxapex|Toxic Spikes|p1a: Landorus\n|-sidestart|p1: Daunzu|move: Toxic Spikes\n|\n|-heal|p2a: Toxapex|42\/100|[from] item: Black Sludge\n|upkeep\n|turn|3\n|\n|t:|1598817146\n|switch|p2a: Zapdos|Zapdos|100\/100\n|move|p1a: Landorus|Knock Off|p2a: Zapdos\n|-damage|p2a: Zapdos|76\/100\n|-status|p1a: Landorus|par|[from] ability: Static|[of] p2a: Zapdos\n|-enditem|p2a: Zapdos|Heavy-Duty Boots|[from] move: Knock Off|[of] p1a: Landorus\n|\n|upkeep\n|turn|4\n|inactive|Roadtotop10ouND has 120 seconds left.\n|\n|t:|1598817184\n|move|p2a: Zapdos|Heat Wave|p1a: Landorus\n|-damage|p1a: Landorus|72\/100 par\n|move|p1a: Landorus|U-turn|p2a: Zapdos\n|-resisted|p2a: Zapdos\n|-damage|p2a: Zapdos|68\/100\n|\n|t:|1598817190\n|switch|p1a: Heatran|Heatran, M|100\/100|[from]move: U-turn\n|\n|upkeep\n|turn|5\n|\n|t:|1598817199\n|switch|p2a: Dracovish|Dracovish, shiny|100\/100\n|-damage|p2a: Dracovish|88\/100|[from] Stealth Rock\n|move|p1a: Heatran|Lava Plume|p2a: Dracovish\n|-resisted|p2a: Dracovish\n|-damage|p2a: Dracovish|77\/100\n|-status|p2a: Dracovish|brn\n|\n|-damage|p2a: Dracovish|70\/100 brn|[from] brn\n|upkeep\n|turn|6\n|\n|t:|1598817216\n|switch|p1a: Landorus|Landorus-Therian, M|72\/100 par\n|-ability|p1a: Landorus|Intimidate|boost\n|-unboost|p2a: Dracovish|atk|1\n|move|p2a: Dracovish|Fishious Rend|p1a: Landorus\n|-supereffective|p1a: Landorus\n|-damage|p1a: Landorus|0 fnt\n|faint|p1a: Landorus\n|\n|-damage|p2a: Dracovish|64\/100 brn|[from] brn\n|upkeep\n|\n|t:|1598817231\n|switch|p1a: Excadrill|Excadrill, F|100\/100\n|-ability|p1a: Excadrill|Mold Breaker\n|turn|7\n|\n|t:|1598817235\n|move|p1a: Excadrill|Rapid Spin|p2a: Dracovish\n|-damage|p2a: Dracovish|44\/100 brn\n|-boost|p1a: Excadrill|spe|1\n|-sideend|p1: Daunzu|Toxic Spikes|[from] move: Rapid Spin|[of] p1a: Excadrill\n|move|p2a: Dracovish|Fishious Rend|p1a: Excadrill\n|-supereffective|p1a: Excadrill\n|-damage|p1a: Excadrill|16\/100\n|\n|-damage|p2a: Dracovish|38\/100 brn|[from] brn\n|upkeep\n|turn|8\n|\n|t:|1598817243\n|switch|p2a: Zapdos|Zapdos|68\/100\n|-damage|p2a: Zapdos|43\/100|[from] Stealth Rock\n|move|p1a: Excadrill|Earthquake|p2a: Zapdos\n|-immune|p2a: Zapdos\n|\n|upkeep\n|turn|9\n|\n|t:|1598817252\n|move|p1a: Excadrill|Rock Slide|p2a: Zapdos\n|-supereffective|p2a: Zapdos\n|-damage|p2a: Zapdos|0 fnt\n|faint|p2a: Zapdos\n|\n|upkeep\n|\n|t:|1598817256\n|switch|p2a: Lopunny|Lopunny, M|100\/100\n|-damage|p2a: Lopunny|88\/100|[from] Stealth Rock\n|turn|10\n|\n|t:|1598817261\n|switch|p1a: Hippowdon|Hippowdon, M|100\/100\n|-weather|Sandstorm|[from] ability: Sand Stream|[of] p1a: Hippowdon\n|detailschange|p2a: Lopunny|Lopunny-Mega, M\n|-mega|p2a: Lopunny|Lopunny|Lopunnite\n|move|p2a: Lopunny|Fake Out|p1a: Hippowdon\n|-damage|p1a: Hippowdon|90\/100\n|-damage|p2a: Lopunny|72\/100|[from] item: Rocky Helmet|[of] p1a: Hippowdon\n|\n|-weather|Sandstorm|[upkeep]\n|-damage|p2a: Lopunny|66\/100|[from] Sandstorm\n|upkeep\n|turn|11\n|\n|t:|1598817291\n|switch|p2a: Dracovish|Dracovish, shiny|38\/100 brn\n|-damage|p2a: Dracovish|25\/100 brn|[from] Stealth Rock\n|move|p1a: Hippowdon|Earthquake|p2a: Dracovish\n|-damage|p2a: Dracovish|0 fnt\n|faint|p2a: Dracovish\n|\n|-weather|Sandstorm|[upkeep]\n|upkeep\n|\n|t:|1598817293\n|switch|p2a: Mew|Mew|100\/100\n|-damage|p2a: Mew|88\/100|[from] Stealth Rock\n|turn|12\n|\n|t:|1598817307\n|move|p2a: Mew|Cosmic Power|p2a: Mew\n|-boost|p2a: Mew|def|1\n|-boost|p2a: Mew|spd|1\n|move|p1a: Hippowdon|Earthquake|p2a: Mew\n|-damage|p2a: Mew|73\/100\n|\n|-weather|Sandstorm|[upkeep]\n|-damage|p2a: Mew|67\/100|[from] Sandstorm\n|-heal|p2a: Mew|73\/100|[from] item: Leftovers\n|upkeep\n|turn|13\n|\n|t:|1598817320\n|move|p2a: Mew|Cosmic Power|p2a: Mew\n|-boost|p2a: Mew|def|1\n|-boost|p2a: Mew|spd|1\n|move|p1a: Hippowdon|Toxic|p2a: Mew\n|-status|p2a: Mew|tox\n|-activate|p2a: Mew|ability: Synchronize\n|-status|p1a: Hippowdon|tox\n|\n|-weather|Sandstorm|[upkeep]\n|-damage|p2a: Mew|67\/100 tox|[from] Sandstorm\n|-heal|p2a: Mew|73\/100 tox|[from] item: Leftovers\n|-damage|p2a: Mew|67\/100 tox|[from] psn\n|-damage|p1a: Hippowdon|84\/100 tox|[from] psn\n|upkeep\n|turn|14\n|\n|t:|1598817341\n|switch|p1a: Heatran|Heatran, M|100\/100\n|move|p2a: Mew|Roost|p2a: Mew\n|-heal|p2a: Mew|100\/100 tox\n|-singleturn|p2a: Mew|move: Roost\n|\n|-weather|none\n|-damage|p2a: Mew|88\/100 tox|[from] psn\n|upkeep\n|turn|15\n|\n|t:|1598817358\n|move|p2a: Mew|Body Press|p1a: Heatran\n|-supereffective|p1a: Heatran\n|-damage|p1a: Heatran|7\/100\n|move|p1a: Heatran|Lava Plume|p2a: Mew\n|-damage|p2a: Mew|71\/100 tox\n|\n|-heal|p2a: Mew|77\/100 tox|[from] item: Leftovers\n|-heal|p1a: Heatran|13\/100|[from] item: Leftovers\n|-damage|p2a: Mew|59\/100 tox|[from] psn\n|upkeep\n|turn|16\n|\n|t:|1598817371\n|switch|p1a: Hippowdon|Hippowdon, M|84\/100 tox\n|-weather|Sandstorm|[from] ability: Sand Stream|[of] p1a: Hippowdon\n|move|p2a: Mew|Stored Power|p1a: Hippowdon\n|-damage|p1a: Hippowdon|45\/100 tox\n|\n|-weather|Sandstorm|[upkeep]\n|-damage|p2a: Mew|53\/100 tox|[from] Sandstorm\n|-heal|p2a: Mew|59\/100 tox|[from] item: Leftovers\n|-damage|p2a: Mew|35\/100 tox|[from] psn\n|-damage|p1a: Hippowdon|39\/100 tox|[from] psn\n|upkeep\n|turn|17\n|\n|t:|1598817383\n|switch|p1a: Excadrill|Excadrill, F|16\/100\n|-ability|p1a: Excadrill|Mold Breaker\n|move|p2a: Mew|Body Press|p1a: Excadrill\n|-supereffective|p1a: Excadrill\n|-damage|p1a: Excadrill|0 fnt\n|faint|p1a: Excadrill\n|\n|-weather|Sandstorm|[upkeep]\n|-damage|p2a: Mew|29\/100 tox|[from] Sandstorm\n|-heal|p2a: Mew|35\/100 tox|[from] item: Leftovers\n|-damage|p2a: Mew|4\/100 tox|[from] psn\n|upkeep\n|inactive|Daunzu has 120 seconds left.\n|\n|t:|1598817404\n|switch|p1a: Alakazam|Alakazam, M|100\/100\n|turn|18\n|\n|t:|1598817410\n|move|p1a: Alakazam|Shadow Ball|p2a: Mew\n|-supereffective|p2a: Mew\n|-damage|p2a: Mew|0 fnt\n|faint|p2a: Mew\n|\n|-weather|Sandstorm|[upkeep]\n|upkeep\n|\n|t:|1598817412\n|switch|p2a: Ferrothorn|Ferrothorn, M|100\/100\n|-damage|p2a: Ferrothorn|94\/100|[from] Stealth Rock\n|turn|19\n|\n|t:|1598817425\n|move|p1a: Alakazam|Nasty Plot|p1a: Alakazam\n|-boost|p1a: Alakazam|spa|2\n|move|p2a: Ferrothorn|Gyro Ball|p1a: Alakazam\n|-enditem|p1a: Alakazam|Focus Sash\n|-damage|p1a: Alakazam|1\/100\n|\n|-weather|Sandstorm|[upkeep]\n|-heal|p2a: Ferrothorn|100\/100|[from] item: Leftovers\n|upkeep\n|turn|20\n|\n|t:|1598817437\n|move|p1a: Alakazam|Shadow Ball|p2a: Ferrothorn\n|-damage|p2a: Ferrothorn|67\/100\n|move|p2a: Ferrothorn|Gyro Ball|p1a: Alakazam\n|-damage|p1a: Alakazam|0 fnt\n|faint|p1a: Alakazam\n|\n|-weather|none\n|-heal|p2a: Ferrothorn|73\/100|[from] item: Leftovers\n|upkeep\n|c|\u2606Roadtotop10ouND|why no mega\n|c|\u2606Roadtotop10ouND|lol\n|\n|t:|1598817448\n|switch|p1a: Heatran|Heatran, M|13\/100\n|turn|21\n|\n|t:|1598817454\n|switch|p2a: Toxapex|Toxapex, M|76\/100\n|-damage|p2a: Toxapex|64\/100|[from] Stealth Rock\n|move|p1a: Heatran|Earth Power|p2a: Toxapex\n|-supereffective|p2a: Toxapex\n|-damage|p2a: Toxapex|22\/100\n|\n|-heal|p1a: Heatran|19\/100|[from] item: Leftovers\n|-heal|p2a: Toxapex|28\/100|[from] item: Black Sludge\n|upkeep\n|turn|22\n|\n|t:|1598817464\n|move|p1a: Heatran|Earth Power|p2a: Toxapex\n|-supereffective|p2a: Toxapex\n|-damage|p2a: Toxapex|0 fnt\n|faint|p2a: Toxapex\n|\n|-heal|p1a: Heatran|25\/100|[from] item: Leftovers\n|upkeep\n|\n|t:|1598817468\n|switch|p2a: Lopunny|Lopunny-Mega, M|66\/100\n|-damage|p2a: Lopunny|60\/100|[from] Stealth Rock\n|turn|23\n|\n|t:|1598817472\n|switch|p1a: Hippowdon|Hippowdon, M|39\/100 tox\n|-weather|Sandstorm|[from] ability: Sand Stream|[of] p1a: Hippowdon\n|move|p2a: Lopunny|High Jump Kick|p1a: Hippowdon\n|-crit|p1a: Hippowdon\n|-damage|p1a: Hippowdon|0 fnt\n|-damage|p2a: Lopunny|43\/100|[from] item: Rocky Helmet|[of] p1a: Hippowdon\n|faint|p1a: Hippowdon\n|\n|-weather|Sandstorm|[upkeep]\n|-damage|p2a: Lopunny|37\/100|[from] Sandstorm\n|upkeep\n|\n|t:|1598817484\n|switch|p1a: Tapu Fini|Tapu Fini|100\/100\n|-fieldstart|move: Misty Terrain|[from] ability: Misty Surge|[of] p1a: Tapu Fini\n|turn|24\n|\n|t:|1598817492\n|switch|p2a: Ferrothorn|Ferrothorn, M|73\/100\n|-damage|p2a: Ferrothorn|67\/100|[from] Stealth Rock\n|move|p1a: Tapu Fini|Taunt|p2a: Ferrothorn\n|-start|p2a: Ferrothorn|move: Taunt\n|\n|-weather|Sandstorm|[upkeep]\n|-damage|p1a: Tapu Fini|94\/100|[from] Sandstorm\n|-heal|p1a: Tapu Fini|100\/100|[from] item: Leftovers\n|-heal|p2a: Ferrothorn|73\/100|[from] item: Leftovers\n|upkeep\n|turn|25\n|\n|t:|1598817502\n|switch|p1a: Heatran|Heatran, M|25\/100\n|switch|p2a: Lopunny|Lopunny-Mega, M|37\/100\n|-damage|p2a: Lopunny|31\/100|[from] Stealth Rock\n|\n|-weather|Sandstorm|[upkeep]\n|-damage|p2a: Lopunny|26\/100|[from] Sandstorm\n|-heal|p1a: Heatran|32\/100|[from] item: Leftovers\n|upkeep\n|turn|26\n|\n|t:|1598817513\n|switch|p1a: Tapu Fini|Tapu Fini|100\/100\n|move|p2a: Lopunny|Frustration|p1a: Tapu Fini\n|-crit|p1a: Tapu Fini\n|-damage|p1a: Tapu Fini|28\/100\n|\n|-weather|Sandstorm|[upkeep]\n|-damage|p2a: Lopunny|20\/100|[from] Sandstorm\n|-damage|p1a: Tapu Fini|22\/100|[from] Sandstorm\n|-heal|p1a: Tapu Fini|28\/100|[from] item: Leftovers\n|upkeep\n|turn|27\n|\n|t:|1598817522\n|move|p2a: Lopunny|Frustration|p1a: Tapu Fini\n|-damage|p1a: Tapu Fini|0 fnt\n|faint|p1a: Tapu Fini\n|\n|-weather|none\n|upkeep\n|c|\u2606Roadtotop10ouND|the choke\n|\n|t:|1598817527\n|switch|p1a: Heatran|Heatran, M|32\/100\n|turn|28\n|c|\u2606Daunzu|yo\n|c|\u2606Daunzu|that was a sick switch\n|c|\u2606Daunzu|wp\n|c|\u2606Roadtotop10ouND|thx\n|c|\u2606Roadtotop10ouND|but\n|c|\u2606Roadtotop10ouND|do you have prtect\n|c|\u2606Daunzu|hmmmmmm\n|c|\u2606Roadtotop10ouND|is the real qwestion lol\n|c|\u2606Daunzu|do i?\n|c|\u2606Daunzu|lets find out\n|c|\u2606Roadtotop10ouND|i think so\n|inactive|Roadtotop10ouND has 120 seconds left.\n|\n|t:|1598817559\n|move|p2a: Lopunny|High Jump Kick|p1a: Heatran\n|-supereffective|p1a: Heatran\n|-damage|p1a: Heatran|0 fnt\n|faint|p1a: Heatran\n|\n|win|Roadtotop10ouND\n|c|\u2606Roadtotop10ouND|gg man\n|c|\u2606Daunzu|xDDDDDD\n|c|\u2606Daunzu|gg\n|c|\u2606Roadtotop10ouND|dam close\n|c|\u2606Daunzu|wp and you're right i do need a mega\n|c|\u2606Daunzu|not sure how to fit it into this tem\n|c|\u2606Daunzu|team*\n|c|\u2606Roadtotop10ouND|mega zam\n|c|\u2606Daunzu|isn't he banned?\n|c|\u2606Daunzu|im sure he is\n|c|\u2606Roadtotop10ouND|not sure\n|c|\u2606Daunzu|i think he is banned bro\n|raw|Daunzu's rating: 1467 &rarr; <strong>1442<\/strong><br \/>(-25 for losing)\n|raw|Roadtotop10ouND's rating: 1379 &rarr; <strong>1404<\/strong><br \/>(+25 for winning)\n|c|\u2606Daunzu|gg wp anyways\n|l|\u2606Daunzu\n|c|\u2606Roadtotop10ouND|ur rigth\n","uploadtime":1598817656,"views":0,"p1id":"daunzu","p2id":"roadtotop10ound","formatid":"gen8nationaldex","rating":1404,"private":0,"password":null}