{"id":"gen8randombattle-1126153695","p1":"BaddyGames","p2":"KurryInAHurry","format":"gen8randombattle","log":"|j|\u2606BaddyGames\n|j|\u2606KurryInAHurry\n|player|p1|BaddyGames|275|\n|player|p2|KurryInAHurry|lucas|\n|teamsize|p1|6\n|teamsize|p2|6\n|gametype|singles\n|gen|8\n|tier|[Gen 8] Random Battle\n|rule|Species Clause: Limit one of each Pok\u00e9mon\n|rule|HP Percentage Mod: HP is shown in percentages\n|rule|Sleep Clause Mod: Limit one foe put to sleep\n|\n|start\n|switch|p1a: Stunfisk|Stunfisk-Galar, L86, M|328\/328\n|switch|p2a: Hitmonlee|Hitmonlee, L84, M|221\/221\n|turn|1\n|inactive|Battle timer is ON: inactive players will automatically lose when time's up. (requested by KurryInAHurry)\n|\n|move|p2a: Hitmonlee|High Jump Kick|p1a: Stunfisk|[miss]\n|-miss|p2a: Hitmonlee|p1a: Stunfisk\n|-damage|p2a: Hitmonlee|111\/221|[from] highjumpkick\n|move|p1a: Stunfisk|Thunder Wave|p2a: Hitmonlee\n|-status|p2a: Hitmonlee|par\n|\n|upkeep\n|turn|2\n|\n|switch|p1a: Tapu Koko|Tapu Koko, L80|243\/243\n|-fieldstart|move: Electric Terrain|[from] ability: Electric Surge|[of] p1a: Tapu Koko\n|move|p2a: Hitmonlee|High Jump Kick|p1a: Tapu Koko\n|-resisted|p1a: Tapu Koko\n|-damage|p1a: Tapu Koko|77\/243\n|\n|upkeep\n|turn|3\n|\n|move|p1a: Tapu Koko|U-turn|p2a: Hitmonlee\n|-resisted|p2a: Hitmonlee\n|-damage|p2a: Hitmonlee|59\/221 par\n|\n|switch|p1a: Stunfisk|Stunfisk-Galar, L86, M|328\/328\n|-start|p1a: Stunfisk|typechange|Electric|[from] ability: Mimicry\n|move|p2a: Hitmonlee|High Jump Kick|p1a: Stunfisk\n|-damage|p1a: Stunfisk|67\/328\n|\n|-heal|p1a: Stunfisk|87\/328|[from] item: Leftovers\n|upkeep\n|turn|4\n|\n|move|p1a: Stunfisk|Earthquake|p2a: Hitmonlee\n|-damage|p2a: Hitmonlee|0 fnt\n|faint|p2a: Hitmonlee\n|\n|-heal|p1a: Stunfisk|107\/328|[from] item: Leftovers\n|upkeep\n|\n|switch|p2a: Dugtrio|Dugtrio-Alola, L86, M|200\/200\n|turn|5\n|\n|move|p2a: Dugtrio|Sucker Punch|p1a: Stunfisk\n|-damage|p1a: Stunfisk|46\/328\n|-damage|p2a: Dugtrio|180\/200|[from] item: Life Orb\n|move|p1a: Stunfisk|Earthquake|p2a: Dugtrio\n|-supereffective|p2a: Dugtrio\n|-damage|p2a: Dugtrio|18\/200\n|\n|-heal|p1a: Stunfisk|66\/328|[from] item: Leftovers\n|upkeep\n|turn|6\n|\n|move|p2a: Dugtrio|Iron Head|p1a: Stunfisk\n|-resisted|p1a: Stunfisk\n|-damage|p1a: Stunfisk|17\/328\n|-damage|p2a: Dugtrio|0 fnt|[from] item: Life Orb\n|faint|p2a: Dugtrio\n|move|p1a: Stunfisk|Earthquake|p2: Dugtrio|[notarget]\n|-fail|p1a: Stunfisk\n|\n|-heal|p1a: Stunfisk|37\/328|[from] item: Leftovers\n|-fieldend|move: Electric Terrain\n|upkeep\n|-activate|p1a: Stunfisk|ability: Mimicry\n|-end|p1a: Stunfisk|typechange|[silent]\n|c|\u2606KurryInAHurry|I am so bad at this\n|\n|switch|p2a: Dusknoir|Dusknoir, L88, M|222\/222\n|-ability|p2a: Dusknoir|Pressure\n|turn|7\n|\n|move|p2a: Dusknoir|Ice Punch|p1a: Stunfisk\n|-damage|p1a: Stunfisk|0 fnt\n|faint|p1a: Stunfisk\n|\n|upkeep\n|\n|switch|p1a: Crawdaunt|Crawdaunt, L82, M|237\/237\n|turn|8\n|c|\u2606BaddyGames|blame gen 8, it's shit\n|\n|switch|p2a: Venusaur|Venusaur, L82, M|265\/265\n|move|p1a: Crawdaunt|Knock Off|p2a: Venusaur\n|-crit|p2a: Venusaur\n|-damage|p2a: Venusaur|0 fnt\n|-enditem|p2a: Venusaur|Black Sludge|[from] move: Knock Off|[of] p1a: Crawdaunt\n|-damage|p1a: Crawdaunt|214\/237|[from] item: Life Orb\n|faint|p2a: Venusaur\n|\n|upkeep\n|\n|switch|p2a: Corviknight|Corviknight, L80, F|288\/288\n|turn|9\n|\n|move|p2a: Corviknight|Brave Bird|p1a: Crawdaunt\n|-damage|p1a: Crawdaunt|105\/237\n|-damage|p2a: Corviknight|252\/288|[from] Recoil\n|move|p1a: Crawdaunt|Knock Off|p2a: Corviknight\n|-damage|p2a: Corviknight|80\/288\n|-enditem|p2a: Corviknight|Leftovers|[from] move: Knock Off|[of] p1a: Crawdaunt\n|-damage|p1a: Crawdaunt|82\/237|[from] item: Life Orb\n|\n|upkeep\n|turn|10\n|\n|move|p1a: Crawdaunt|Aqua Jet|p2a: Corviknight\n|-damage|p2a: Corviknight|5\/288\n|-damage|p1a: Crawdaunt|59\/237|[from] item: Life Orb\n|move|p2a: Corviknight|Brave Bird|p1a: Crawdaunt\n|-damage|p1a: Crawdaunt|0 fnt\n|-damage|p2a: Corviknight|0 fnt|[from] Recoil\n|faint|p1a: Crawdaunt\n|faint|p2a: Corviknight\n|\n|upkeep\n|\n|switch|p2a: Dusknoir|Dusknoir, L88, M|222\/222\n|switch|p1a: Tapu Koko|Tapu Koko, L80|77\/243\n|-fieldstart|move: Electric Terrain|[from] ability: Electric Surge|[of] p1a: Tapu Koko\n|-ability|p2a: Dusknoir|Pressure\n|turn|11\n|c|\u2606KurryInAHurry|Yeah I do not like Gen 8 all that much honestly\n|\n|move|p1a: Tapu Koko|U-turn|p2a: Dusknoir\n|-resisted|p2a: Dusknoir\n|-damage|p2a: Dusknoir|194\/222\n|\n|switch|p1a: Haxorus|Haxorus, L82, F|259\/259\n|-ability|p1a: Haxorus|Mold Breaker\n|move|p2a: Dusknoir|Substitute|p2a: Dusknoir\n|-start|p2a: Dusknoir|Substitute\n|-damage|p2a: Dusknoir|139\/222\n|\n|-heal|p2a: Dusknoir|152\/222|[from] item: Leftovers\n|upkeep\n|turn|12\n|\n|-end|p2a: Dusknoir|Substitute\n|-start|p2a: Dusknoir|Dynamax\n|-heal|p2a: Dusknoir|304\/444|[silent]\n|move|p1a: Haxorus|Earthquake|p2a: Dusknoir\n|-damage|p2a: Dusknoir|245\/444\n|move|p2a: Dusknoir|Max Hailstorm|p1a: Haxorus\n|-supereffective|p1a: Haxorus\n|-damage|p1a: Haxorus|39\/259\n|-weather|Hail\n|\n|-weather|Hail|[upkeep]\n|-damage|p1a: Haxorus|23\/259|[from] Hail\n|-damage|p2a: Dusknoir|232\/444|[from] Hail\n|-heal|p2a: Dusknoir|245\/444|[from] item: Leftovers\n|upkeep\n|turn|13\n|\n|switch|p1a: Solrock|Solrock, L88|302\/302\n|move|p2a: Dusknoir|Max Hailstorm|p1a: Solrock\n|-damage|p1a: Solrock|202\/302\n|\n|-weather|Hail|[upkeep]\n|-damage|p1a: Solrock|184\/302|[from] Hail\n|-damage|p2a: Dusknoir|232\/444|[from] Hail\n|-heal|p1a: Solrock|202\/302|[from] item: Leftovers\n|-heal|p2a: Dusknoir|245\/444|[from] item: Leftovers\n|upkeep\n|turn|14\n|\n|move|p1a: Solrock|Will-O-Wisp|p2a: Dusknoir\n|-status|p2a: Dusknoir|brn\n|move|p2a: Dusknoir|Max Phantasm|p1a: Solrock\n|-supereffective|p1a: Solrock\n|-damage|p1a: Solrock|75\/302\n|-unboost|p1a: Solrock|def|1\n|\n|-weather|Hail|[upkeep]\n|-damage|p1a: Solrock|57\/302|[from] Hail\n|-damage|p2a: Dusknoir|232\/444 brn|[from] Hail\n|-heal|p1a: Solrock|75\/302|[from] item: Leftovers\n|-heal|p2a: Dusknoir|245\/444 brn|[from] item: Leftovers\n|-damage|p2a: Dusknoir|232\/444 brn|[from] brn\n|-end|p2a: Dusknoir|Dynamax\n|-heal|p2a: Dusknoir|116\/222 brn|[silent]\n|upkeep\n|turn|15\n|\n|move|p1a: Solrock|Stealth Rock|p2a: Dusknoir\n|-sidestart|p2: KurryInAHurry|move: Stealth Rock\n|move|p2a: Dusknoir|Shadow Punch|p1a: Solrock\n|-supereffective|p1a: Solrock\n|-damage|p1a: Solrock|0 fnt\n|faint|p1a: Solrock\n|\n|-weather|Hail|[upkeep]\n|-damage|p2a: Dusknoir|103\/222 brn|[from] Hail\n|-heal|p2a: Dusknoir|116\/222 brn|[from] item: Leftovers\n|-damage|p2a: Dusknoir|103\/222 brn|[from] brn\n|-fieldend|move: Electric Terrain\n|upkeep\n|\n|switch|p1a: Haxorus|Haxorus, L82, F|23\/259\n|-ability|p1a: Haxorus|Mold Breaker\n|turn|16\n|\n|move|p1a: Haxorus|Outrage|p2a: Dusknoir\n|-damage|p2a: Dusknoir|0 fnt\n|faint|p2a: Dusknoir\n|\n|-weather|none\n|upkeep\n|\n|switch|p2a: Lunala|Lunala, L72|316\/316\n|-damage|p2a: Lunala|277\/316|[from] Stealth Rock\n|turn|17\n|\n|move|p1a: Haxorus|Outrage|p2a: Lunala|[from]lockedmove\n|-damage|p2a: Lunala|67\/316\n|move|p2a: Lunala|Psyshock|p1a: Haxorus\n|-damage|p1a: Haxorus|0 fnt\n|faint|p1a: Haxorus\n|\n|-heal|p2a: Lunala|86\/316|[from] item: Leftovers\n|upkeep\n|\n|switch|p1a: Tapu Koko|Tapu Koko, L80|77\/243\n|-fieldstart|move: Electric Terrain|[from] ability: Electric Surge|[of] p1a: Tapu Koko\n|turn|18\n|\n|move|p1a: Tapu Koko|Wild Charge|p2a: Lunala\n|-damage|p2a: Lunala|0 fnt\n|-damage|p1a: Tapu Koko|55\/243|[from] Recoil\n|faint|p2a: Lunala\n|\n|win|BaddyGames\n|c|\u2606BaddyGames|gg\n|c|\u2606KurryInAHurry|gg\n","inputlog":">version 89968b315e483be7e46b12a2417a1b13d4f2119e\n>start {\"formatid\":\"gen8randombattle\",\"seed\":[10763,17330,11633,38105]}\n>player p1 {\"name\":\"BaddyGames\",\"avatar\":\"275\",\"team\":\"\",\"rating\":0,\"seed\":[6228,64395,41870,55393]}\n>player p2 {\"name\":\"KurryInAHurry\",\"avatar\":\"lucas\",\"team\":\"\",\"rating\":0,\"seed\":[60805,10118,56917,8684]}\n>p1 move thunderwave\n>p2 move highjumpkick\n>p1 switch 6\n>p2 move highjumpkick\n>p1 move uturn\n>p2 move highjumpkick\n>p1 switch 6\n>p1 move earthquake\n>p2 move highjumpkick\n>p2 switch 2\n>p1 move earthquake\n>p2 move suckerpunch\n>p1 move earthquake\n>p2 move ironhead\n>p2 switch 6\n>p1 move painsplit\n>p2 move icepunch\n>p1 switch 4\n>p1 move knockoff\n>p2 switch 3\n>p2 switch 4\n>p1 move knockoff\n>p2 move bravebird\n>p1 move aquajet\n>p2 move bravebird\n>p1 switch 6\n>p2 switch 3\n>p1 move uturn\n>p2 move substitute\n>p1 switch 5\n>p1 move earthquake\n>p2 move icepunch dynamax\n>p1 switch 3\n>p2 move icepunch dynamax\n>p1 move willowisp\n>p2 move shadowpunch dynamax\n>p1 move stealthrock\n>p2 move shadowpunch\n>p1 switch 3\n>p1 move outrage\n>p2 move icepunch\n>p2 switch 5\n>p1 move outrage\n>p2 move psyshock\n>p1 switch 5\n>p1 move wildcharge\n>p2 move moongeistbeam","uploadtime":1591208321,"views":6,"p1id":"baddygames","p2id":"kurryinahurry","formatid":"gen8randombattle","rating":0,"private":0,"password":null}