{"id":"gen8nationaldexag-1654467538","p1":"Meracx","p2":"Arkhaniste","format":"gen8nationaldexag","log":"|j|\u2606Meracx\n|j|\u2606Arkhaniste\n|t:|1662140686\n|gametype|singles\n|player|p1|Meracx|thorton|\n|player|p2|Arkhaniste|leon-masters|\n|teamsize|p1|6\n|teamsize|p2|6\n|gen|8\n|tier|[Gen 8] National Dex AG\n|rule|HP Percentage Mod: HP is shown in percentages\n|rule|Endless Battle Clause: Forcing endless battles is banned\n|clearpoke\n|poke|p1|Genesect|\n|poke|p1|Virizion|\n|poke|p1|Tapu Koko|\n|poke|p1|Duraludon, F|\n|poke|p1|Drapion, F|\n|poke|p1|Mudsdale, M|\n|poke|p2|Urshifu-*, F|\n|poke|p2|Scizor, M|\n|poke|p2|Zeraora|\n|poke|p2|Slowking, F|\n|poke|p2|Nihilego|\n|poke|p2|Charjabug, F|\n|teampreview\n|c|\u2606Arkhaniste|glhf\n|c|\u2606Meracx|hf\n|j| Smoukingrad\n|j| bulut\n|l| Smoukingrad\n|j| Smoukingrad\n|\n|t:|1662140774\n|start\n|switch|p1a: Plasma|Genesect|100\/100\n|switch|p2a: BourreTaMereJabug|Charjabug, F|100\/100\n|-ability|p1a: Plasma|Download|boost\n|-boost|p1a: Plasma|atk|1\n|turn|1\n|\n|t:|1662140792\n|move|p1a: Plasma|Flamethrower|p2a: BourreTaMereJabug\n|-supereffective|p2a: BourreTaMereJabug\n|-damage|p2a: BourreTaMereJabug|53\/100\n|move|p2a: BourreTaMereJabug|Sticky Web|p1a: Plasma\n|-sidestart|p1: Meracx|move: Sticky Web\n|\n|upkeep\n|turn|2\n|\n|t:|1662140815\n|switch|p1a: Cicatrice|Mudsdale, M|100\/100\n|-activate|p1a: Cicatrice|move: Sticky Web\n|-unboost|p1a: Cicatrice|spe|1\n|move|p2a: BourreTaMereJabug|Thunder Wave|p1a: Cicatrice\n|-immune|p1a: Cicatrice\n|\n|upkeep\n|turn|3\n|\n|t:|1662140830\n|switch|p2a: Vassal Vif|Slowking, F|100\/100\n|switch|p1a: Fe2+|Duraludon, F|100\/100\n|-activate|p1a: Fe2+|move: Sticky Web\n|-unboost|p1a: Fe2+|spe|1\n|\n|upkeep\n|turn|4\n|\n|t:|1662140845\n|move|p1a: Fe2+|Reflect|p1a: Fe2+\n|-sidestart|p1: Meracx|Reflect\n|move|p2a: Vassal Vif|Future Sight|p1a: Fe2+\n|-start|p2a: Vassal Vif|move: Future Sight\n|\n|upkeep\n|turn|5\n|\n|t:|1662140883\n|switch|p1a: EFS|Tapu Koko|100\/100\n|-fieldstart|move: Electric Terrain|[from] ability: Electric Surge|[of] p1a: EFS\n|move|p2a: Vassal Vif|Teleport|p2a: Vassal Vif\n|\n|t:|1662140897\n|switch|p2a: NihiPlaymobil|Nihilego|100\/100|[from]move: Teleport\n|\n|upkeep\n|turn|6\n|\n|t:|1662140902\n|switch|p1a: Fe2+|Duraludon, F|100\/100\n|-activate|p1a: Fe2+|move: Sticky Web\n|-unboost|p1a: Fe2+|spe|1\n|move|p2a: NihiPlaymobil|Sludge Wave|p1a: Fe2+\n|-immune|p1a: Fe2+\n|\n|-end|p1a: Fe2+|move: Future Sight\n|-resisted|p1a: Fe2+\n|-damage|p1a: Fe2+|76\/100\n|-heal|p1a: Fe2+|82\/100|[from] item: Leftovers\n|upkeep\n|turn|7\n|\n|t:|1662140913\n|switch|p2a: Vassal Vif|Slowking, F|100\/100\n|switch|p1a: EFS|Tapu Koko|100\/100\n|\n|upkeep\n|turn|8\n|\n|t:|1662140930\n|move|p1a: EFS|Defog|p2a: Vassal Vif\n|-unboost|p2a: Vassal Vif|evasion|1\n|-sideend|p1: Meracx|Sticky Web|[from] move: Defog|[of] p1a: EFS\n|-fieldend|move: Electric Terrain\n|move|p2a: Vassal Vif|Future Sight|p1a: EFS\n|-start|p2a: Vassal Vif|move: Future Sight\n|\n|-sideend|p1: Meracx|Reflect\n|upkeep\n|turn|9\n|j| Brayz\n|\n|t:|1662140936\n|move|p1a: EFS|U-turn|p2a: Vassal Vif\n|-supereffective|p2a: Vassal Vif\n|-crit|p2a: Vassal Vif\n|-damage|p2a: Vassal Vif|63\/100\n|j| TheooNS07_DL\n|\n|t:|1662140956\n|switch|p1a: Plasma|Genesect|100\/100|[from]move: U-turn\n|-ability|p1a: Plasma|Download|boost\n|-boost|p1a: Plasma|spa|1\n|move|p2a: Vassal Vif|Teleport|p2a: Vassal Vif\n|\n|t:|1662140967\n|switch|p2a: Plamaster|Zeraora|100\/100|[from]move: Teleport\n|\n|upkeep\n|turn|10\n|j| FlorentM\n|\n|t:|1662141021\n|switch|p1a: Cicatrice|Mudsdale, M|100\/100\n|move|p2a: Plamaster|Blaze Kick|p1a: Cicatrice\n|-damage|p1a: Cicatrice|86\/100\n|-ability|p1a: Cicatrice|Stamina|boost\n|-boost|p1a: Cicatrice|def|1\n|\n|-end|p1a: Cicatrice|move: Future Sight\n|-damage|p1a: Cicatrice|44\/100\n|-ability|p1a: Cicatrice|Stamina|boost\n|-boost|p1a: Cicatrice|def|1\n|-heal|p1a: Cicatrice|50\/100|[from] item: Leftovers\n|upkeep\n|turn|11\n|j| Fraises des boas\n|\n|t:|1662141038\n|move|p2a: Plamaster|Grass Knot|p1a: Cicatrice\n|-supereffective|p1a: Cicatrice\n|-damage|p1a: Cicatrice|0 fnt\n|faint|p1a: Cicatrice\n|\n|upkeep\n|\n|t:|1662141053\n|switch|p1a: Dracula|Drapion, F|100\/100\n|turn|12\n|\n|t:|1662141056\n|move|p2a: Plamaster|Volt Switch|p1a: Dracula\n|-damage|p1a: Dracula|60\/100\n|\n|t:|1662141059\n|switch|p2a: SamLePompier|Scizor, M|100\/100|[from]move: Volt Switch\n|move|p1a: Dracula|Swords Dance|p1a: Dracula\n|-boost|p1a: Dracula|atk|2\n|\n|-heal|p1a: Dracula|66\/100|[from] item: Black Sludge\n|upkeep\n|turn|13\n|\n|t:|1662141063\n|detailschange|p2a: SamLePompier|Scizor-Mega, M\n|-mega|p2a: SamLePompier|Scizor|Scizorite\n|move|p1a: Dracula|Fire Fang|p2a: SamLePompier\n|-supereffective|p2a: SamLePompier\n|-damage|p2a: SamLePompier|4\/100\n|move|p2a: SamLePompier|U-turn|p1a: Dracula\n|-damage|p1a: Dracula|28\/100\n|\n|t:|1662141072\n|switch|p2a: Fist&Furious|Urshifu, F|100\/100|[from]move: U-turn\n|\n|-heal|p1a: Dracula|34\/100|[from] item: Black Sludge\n|upkeep\n|turn|14\n|\n|t:|1662141105\n|switch|p1a: EFS|Tapu Koko|100\/100\n|-fieldstart|move: Electric Terrain|[from] ability: Electric Surge|[of] p1a: EFS\n|move|p2a: Fist&Furious|Close Combat|p1a: EFS\n|-resisted|p1a: EFS\n|-damage|p1a: EFS|70\/100\n|-unboost|p2a: Fist&Furious|def|1\n|-unboost|p2a: Fist&Furious|spd|1\n|\n|upkeep\n|turn|15\n|\n|t:|1662141116\n|switch|p2a: SamLePompier|Scizor-Mega, M|4\/100\n|move|p1a: EFS|U-turn|p2a: SamLePompier\n|-resisted|p2a: SamLePompier\n|-damage|p2a: SamLePompier|0 fnt\n|faint|p2a: SamLePompier\n|\n|t:|1662141122\n|switch|p1a: Plasma|Genesect|100\/100|[from]move: U-turn\n|\n|upkeep\n|\n|t:|1662141127\n|switch|p2a: BourreTaMereJabug|Charjabug, F|53\/100\n|turn|16\n|\n|t:|1662141138\n|switch|p1a: Dracula|Drapion, F|34\/100\n|move|p2a: BourreTaMereJabug|Sticky Web|p1a: Dracula\n|-sidestart|p1: Meracx|move: Sticky Web\n|\n|-heal|p1a: Dracula|40\/100|[from] item: Black Sludge\n|upkeep\n|turn|17\n|\n|t:|1662141144\n|move|p1a: Dracula|Poison Jab|p2a: BourreTaMereJabug\n|-damage|p2a: BourreTaMereJabug|27\/100\n|move|p2a: BourreTaMereJabug|Thunder Wave|p1a: Dracula\n|-status|p1a: Dracula|par\n|\n|-heal|p1a: Dracula|46\/100 par|[from] item: Black Sludge\n|upkeep\n|turn|18\n|\n|t:|1662141155\n|cant|p1a: Dracula|par\n|move|p2a: BourreTaMereJabug|Volt Switch|p1a: Dracula\n|-damage|p1a: Dracula|15\/100 par\n|\n|t:|1662141160\n|switch|p2a: Fist&Furious|Urshifu, F|100\/100|[from]move: Volt Switch\n|\n|-heal|p1a: Dracula|21\/100 par|[from] item: Black Sludge\n|-fieldend|move: Electric Terrain\n|upkeep\n|turn|19\n|\n|t:|1662141165\n|move|p2a: Fist&Furious|Wicked Blow|p1a: Dracula\n|-resisted|p1a: Dracula\n|-damage|p1a: Dracula|0 fnt\n|faint|p1a: Dracula\n|\n|upkeep\n|\n|t:|1662141167\n|switch|p1a: EFS|Tapu Koko|70\/100\n|-fieldstart|move: Electric Terrain|[from] ability: Electric Surge|[of] p1a: EFS\n|turn|20\n|\n|t:|1662141171\n|move|p1a: EFS|Defog|p2a: Fist&Furious\n|-unboost|p2a: Fist&Furious|evasion|1\n|-sideend|p1: Meracx|Sticky Web|[from] move: Defog|[of] p1a: EFS\n|-fieldend|move: Electric Terrain\n|move|p2a: Fist&Furious|Poison Jab|p1a: EFS\n|-supereffective|p1a: EFS\n|-damage|p1a: EFS|16\/100\n|-status|p1a: EFS|psn\n|\n|-damage|p1a: EFS|4\/100 psn|[from] psn\n|upkeep\n|turn|21\n|\n|t:|1662141180\n|move|p1a: EFS|Dazzling Gleam|p2a: Fist&Furious\n|-supereffective|p2a: Fist&Furious\n|-damage|p2a: Fist&Furious|0 fnt\n|faint|p2a: Fist&Furious\n|\n|-damage|p1a: EFS|0 fnt|[from] psn\n|faint|p1a: EFS\n|upkeep\n|\n|t:|1662141194\n|switch|p1a: Le fr\u00e9rot|Virizion|100\/100\n|switch|p2a: BourreTaMereJabug|Charjabug, F|27\/100\n|turn|22\n|\n|t:|1662141200\n|move|p1a: Le fr\u00e9rot|Substitute|p1a: Le fr\u00e9rot\n|-start|p1a: Le fr\u00e9rot|Substitute\n|-damage|p1a: Le fr\u00e9rot|76\/100\n|move|p2a: BourreTaMereJabug|Sticky Web|p1a: Le fr\u00e9rot\n|-sidestart|p1: Meracx|move: Sticky Web\n|\n|upkeep\n|turn|23\n|\n|t:|1662141203\n|move|p1a: Le fr\u00e9rot|Swords Dance|p1a: Le fr\u00e9rot\n|-boost|p1a: Le fr\u00e9rot|atk|2\n|move|p2a: BourreTaMereJabug|Volt Switch|p1a: Le fr\u00e9rot\n|-resisted|p1a: Le fr\u00e9rot\n|-activate|p1a: Le fr\u00e9rot|move: Substitute|[damage]\n|\n|t:|1662141208\n|switch|p2a: Plamaster|Zeraora|100\/100|[from]move: Volt Switch\n|\n|upkeep\n|turn|24\n|\n|t:|1662141212\n|move|p2a: Plamaster|Volt Switch|p1a: Le fr\u00e9rot\n|-resisted|p1a: Le fr\u00e9rot\n|-activate|p1a: Le fr\u00e9rot|move: Substitute|[damage]\n|\n|t:|1662141215\n|switch|p2a: BourreTaMereJabug|Charjabug, F|27\/100|[from]move: Volt Switch\n|move|p1a: Le fr\u00e9rot|Substitute|p1a: Le fr\u00e9rot\n|-fail|p1a: Le fr\u00e9rot|move: Substitute\n|\n|upkeep\n|turn|25\n|\n|t:|1662141227\n|-zpower|p1a: Le fr\u00e9rot\n|move|p1a: Le fr\u00e9rot|All-Out Pummeling|p2a: BourreTaMereJabug|[zeffect]\n|-resisted|p2a: BourreTaMereJabug\n|-damage|p2a: BourreTaMereJabug|0 fnt\n|faint|p2a: BourreTaMereJabug\n|\n|upkeep\n|\n|t:|1662141234\n|switch|p2a: Plamaster|Zeraora|100\/100\n|turn|26\n|\n|t:|1662141237\n|move|p2a: Plamaster|Blaze Kick|p1a: Le fr\u00e9rot\n|-supereffective|p1a: Le fr\u00e9rot\n|-end|p1a: Le fr\u00e9rot|Substitute\n|move|p1a: Le fr\u00e9rot|Substitute|p1a: Le fr\u00e9rot\n|-start|p1a: Le fr\u00e9rot|Substitute\n|-damage|p1a: Le fr\u00e9rot|51\/100\n|\n|upkeep\n|turn|27\n|\n|t:|1662141243\n|move|p2a: Plamaster|Blaze Kick|p1a: Le fr\u00e9rot\n|-supereffective|p1a: Le fr\u00e9rot\n|-end|p1a: Le fr\u00e9rot|Substitute\n|move|p1a: Le fr\u00e9rot|Leaf Blade|p2a: Plamaster\n|-damage|p2a: Plamaster|16\/100\n|\n|upkeep\n|turn|28\n|\n|t:|1662141253\n|move|p2a: Plamaster|Blaze Kick|p1a: Le fr\u00e9rot\n|-supereffective|p1a: Le fr\u00e9rot\n|-damage|p1a: Le fr\u00e9rot|0 fnt\n|faint|p1a: Le fr\u00e9rot\n|\n|upkeep\n|\n|t:|1662141255\n|switch|p1a: Fe2+|Duraludon, F|82\/100\n|-activate|p1a: Fe2+|move: Sticky Web\n|-unboost|p1a: Fe2+|spe|1\n|turn|29\n|\n|t:|1662141262\n|move|p2a: Plamaster|Volt Switch|p1a: Fe2+\n|-resisted|p1a: Fe2+\n|-damage|p1a: Fe2+|67\/100\n|\n|t:|1662141265\n|switch|p2a: Vassal Vif|Slowking, F|97\/100|[from]move: Volt Switch\n|move|p1a: Fe2+|Foul Play|p2a: Vassal Vif\n|-supereffective|p2a: Vassal Vif\n|-damage|p2a: Vassal Vif|78\/100\n|\n|-heal|p1a: Fe2+|73\/100|[from] item: Leftovers\n|upkeep\n|turn|30\n|\n|t:|1662141285\n|switch|p1a: Plasma|Genesect|100\/100\n|-activate|p1a: Plasma|move: Sticky Web\n|-unboost|p1a: Plasma|spe|1\n|-ability|p1a: Plasma|Download|boost\n|-boost|p1a: Plasma|spa|1\n|move|p2a: Vassal Vif|Scald|p1a: Plasma\n|-damage|p1a: Plasma|63\/100\n|\n|upkeep\n|turn|31\n|\n|t:|1662141293\n|move|p1a: Plasma|Bug Buzz|p2a: Vassal Vif\n|-supereffective|p2a: Vassal Vif\n|-damage|p2a: Vassal Vif|0 fnt\n|faint|p2a: Vassal Vif\n|\n|upkeep\n|\n|t:|1662141296\n|switch|p2a: NihiPlaymobil|Nihilego|100\/100\n|turn|32\n|\n|t:|1662141298\n|move|p2a: NihiPlaymobil|Meteor Beam||[still]\n|-prepare|p2a: NihiPlaymobil|Meteor Beam\n|-boost|p2a: NihiPlaymobil|spa|1\n|-enditem|p2a: NihiPlaymobil|Power Herb\n|-anim|p2a: NihiPlaymobil|Meteor Beam|p1a: Plasma\n|-damage|p1a: Plasma|0 fnt\n|faint|p1a: Plasma\n|-ability|p2a: NihiPlaymobil|Beast Boost|boost\n|-boost|p2a: NihiPlaymobil|spa|1\n|\n|upkeep\n|\n|t:|1662141301\n|switch|p1a: Fe2+|Duraludon, F|73\/100\n|-activate|p1a: Fe2+|move: Sticky Web\n|-unboost|p1a: Fe2+|spe|1\n|turn|33\n|\n|t:|1662141306\n|move|p2a: NihiPlaymobil|Power Gem|p1a: Fe2+\n|-resisted|p1a: Fe2+\n|-damage|p1a: Fe2+|27\/100\n|move|p1a: Fe2+|Flash Cannon|p2a: NihiPlaymobil\n|-supereffective|p2a: NihiPlaymobil\n|-damage|p2a: NihiPlaymobil|51\/100\n|\n|-heal|p1a: Fe2+|33\/100|[from] item: Leftovers\n|upkeep\n|turn|34\n|c|\u2606Meracx|gg\n|\n|t:|1662141311\n|move|p2a: NihiPlaymobil|Power Gem|p1a: Fe2+\n|-resisted|p1a: Fe2+\n|-damage|p1a: Fe2+|0 fnt\n|faint|p1a: Fe2+\n|\n|win|Arkhaniste\n|c|\u2606Arkhaniste|gg\n","uploadtime":1662141316,"views":33,"p1id":"meracx","p2id":"arkhaniste","formatid":"gen8nationaldexag","rating":0,"private":0,"password":null}