{"id":"gen8ou-1384324535","p1":"Brifye","p2":"LT84JM US East OG","format":"gen8ou","log":"|j|\u2606Brifye\n|j|\u2606LT84JM US East OG\n|t:|1627304367\n|gametype|singles\n|player|p1|Brifye|265|1579\n|player|p2|LT84JM US East OG|mars|1883\n|teamsize|p1|6\n|teamsize|p2|6\n|gen|8\n|tier|[Gen 8] OU\n|rated|\n|rule|Sleep Clause Mod: Limit one foe put to sleep\n|rule|Species Clause: Limit one of each Pok\u00e9mon\n|rule|OHKO Clause: OHKO moves are banned\n|rule|Evasion Moves Clause: Evasion moves are banned\n|rule|Endless Battle Clause: Forcing endless battles is banned\n|rule|HP Percentage Mod: HP is shown in percentages\n|rule|Dynamax Clause: You cannot dynamax\n|clearpoke\n|poke|p1|Urshifu-*, F|\n|poke|p1|Slowking, M|\n|poke|p1|Weavile, F|\n|poke|p1|Tapu Koko|\n|poke|p1|Corviknight, M|\n|poke|p1|Landorus-Therian, M|\n|poke|p2|Victini|\n|poke|p2|Ferrothorn, M|\n|poke|p2|Weavile, F|\n|poke|p2|Tapu Fini|\n|poke|p2|Landorus-Therian, M|\n|poke|p2|Tapu Lele|\n|teampreview\n|j| pedekartk5com\n|c|\u2606LT84JM US East OG|Bro\n|j| jhehehehe\n|c|\u2606LT84JM US East OG|i cant say the f word anymore\n|j| LT84JM reje\n|j| Licor43\n|c|\u2606LT84JM US East OG|cuz all u pvssies keep telling mods it hurts ur feelings\n|j| RipReckful\n|c|\u2606LT84JM US East OG|the fuck kind of shit is that\n|c|\u2606LT84JM US East OG|if ur gay ur gay\n|c|\u2606LT84JM US East OG|who cares?\n|c| pedekartk5com|brifye money on you\n|c| pedekartk5com|lmaoooooo\n|c| pedekartk5com|you tripping\n|c|\u2606LT84JM US East OG|But am i lying?\n|c| pedekartk5com|no straight faxx\n|c|\u2606Brifye|^^ thanks. GL HF\n|inactive|Battle timer is ON: inactive players will automatically lose when time's up. (requested by Brifye)\n|c| pedekartk5com|hahahahaahhahahaa\n|c| pedekartk5com|thats the best comments i hav eever seen\n|inactive|LT84JM US East OG has 120 seconds left.\n|c| pedekartk5com|but ur right og east\n|j| LT84JM Adri\n|c| jhehehehe|Why do u keep facing 1600 ish\n|c|\u2606LT84JM US East OG|No clue fam\n|inactive|LT84JM US East OG has 90 seconds left.\n|c|\u2606Brifye|Sorry for you dude\n|c|\u2606LT84JM US East OG|Idk how imma win this tho\n|j| poop test\n|c|\u2606LT84JM US East OG|nah u good\n|c|\u2606LT84JM US East OG|Idc who i get\n|inactive|LT84JM US East OG has 60 seconds left.\n|c|\u2606Brifye|Let's see :)\n|c|\u2606LT84JM US East OG|i can beat anybody\n|c|\u2606LT84JM US East OG|but this looks shitty\n|j| LT83AQ rrm\n|\n|t:|1627304550\n|start\n|switch|p1a: Landorus|Landorus-Therian, M|100\/100\n|switch|p2a: Tapu Fini|Tapu Fini|100\/100\n|-ability|p1a: Landorus|Intimidate|boost\n|-unboost|p2a: Tapu Fini|atk|1\n|-fieldstart|move: Misty Terrain|[from] ability: Misty Surge|[of] p2a: Tapu Fini\n|turn|1\n|\n|t:|1627304566\n|move|p1a: Landorus|Stealth Rock|p2a: Tapu Fini\n|-sidestart|p2: LT84JM US East OG|move: Stealth Rock\n|move|p2a: Tapu Fini|Surf|p1a: Landorus\n|-supereffective|p1a: Landorus\n|-damage|p1a: Landorus|50\/100\n|\n|-heal|p1a: Landorus|56\/100|[from] item: Leftovers\n|upkeep\n|turn|2\n|\n|t:|1627304573\n|move|p1a: Landorus|U-turn|p2a: Tapu Fini\n|-resisted|p2a: Tapu Fini\n|-damage|p2a: Tapu Fini|91\/100\n|\n|t:|1627304576\n|switch|p1a: Slowking|Slowking, M|100\/100|[from]move: U-turn\n|move|p2a: Tapu Fini|Nature's Madness|p1a: Slowking\n|-damage|p1a: Slowking|51\/100\n|\n|-heal|p2a: Tapu Fini|98\/100|[from] item: Leftovers\n|upkeep\n|turn|3\n|c| pedekartk5com|did i mis something why is there so many of you LT84JM\n|l| poop test\n|\n|t:|1627304591\n|move|p2a: Tapu Fini|Taunt|p1a: Slowking\n|-start|p1a: Slowking|move: Taunt\n|cant|p1a: Slowking|move: Taunt|Teleport\n|\n|-heal|p2a: Tapu Fini|100\/100|[from] item: Leftovers\n|upkeep\n|turn|4\n|c|\u2606LT84JM US East OG|Its a clan\n|c|\u2606LT84JM US East OG|the next IDM\n|c|\u2606LT84JM US East OG|ill do recruiting for bear later\n|inactive|LT84JM US East OG has 90 seconds left.\n|c| pedekartk5com|oh\n|\n|t:|1627304633\n|switch|p1a: Corviknight|Corviknight, M|100\/100\n|-ability|p1a: Corviknight|Pressure\n|move|p2a: Tapu Fini|Nature's Madness|p1a: Corviknight\n|-damage|p1a: Corviknight|51\/100\n|\n|upkeep\n|turn|5\n|\n|t:|1627304642\n|move|p2a: Tapu Fini|Surf|p1a: Corviknight\n|-damage|p1a: Corviknight|21\/100\n|move|p1a: Corviknight|U-turn|p2a: Tapu Fini\n|-resisted|p2a: Tapu Fini\n|-damage|p2a: Tapu Fini|95\/100\n|\n|t:|1627304648\n|switch|p1a: Tapu Koko|Tapu Koko|100\/100|[from]move: U-turn\n|-fieldstart|move: Electric Terrain|[from] ability: Electric Surge|[of] p1a: Tapu Koko\n|\n|-heal|p2a: Tapu Fini|100\/100|[from] item: Leftovers\n|upkeep\n|turn|6\n|j| fgergbws\n|inactive|LT84JM US East OG has 90 seconds left.\n|\n|t:|1627304663\n|switch|p2a: Landorus|Landorus-Therian, M|100\/100\n|-damage|p2a: Landorus|88\/100|[from] Stealth Rock\n|-ability|p2a: Landorus|Intimidate|boost\n|-unboost|p1a: Tapu Koko|atk|1\n|move|p1a: Tapu Koko|Dazzling Gleam|p2a: Landorus\n|-damage|p2a: Landorus|50\/100\n|\n|upkeep\n|turn|7\n|inactive|LT84JM US East OG has 90 seconds left.\n|\n|t:|1627304672\n|move|p1a: Tapu Koko|Dazzling Gleam|p2a: Landorus\n|-damage|p2a: Landorus|14\/100\n|move|p2a: Landorus|Stealth Rock|p1a: Tapu Koko\n|-sidestart|p1: Brifye|move: Stealth Rock\n|\n|upkeep\n|turn|8\n|\n|t:|1627304678\n|switch|p2a: Ferrothorn|Ferrothorn, M|100\/100\n|-damage|p2a: Ferrothorn|94\/100|[from] Stealth Rock\n|move|p1a: Tapu Koko|Dazzling Gleam|p2a: Ferrothorn\n|-resisted|p2a: Ferrothorn\n|-damage|p2a: Ferrothorn|83\/100\n|\n|-heal|p2a: Ferrothorn|89\/100|[from] item: Leftovers\n|upkeep\n|turn|9\n|\n|t:|1627304686\n|move|p1a: Tapu Koko|Volt Switch|p2a: Ferrothorn\n|-resisted|p2a: Ferrothorn\n|-damage|p2a: Ferrothorn|75\/100\n|\n|t:|1627304690\n|switch|p1a: Corviknight|Corviknight, M|21\/100|[from]move: Volt Switch\n|-damage|p1a: Corviknight|9\/100|[from] Stealth Rock\n|-ability|p1a: Corviknight|Pressure\n|move|p2a: Ferrothorn|Leech Seed|p1a: Corviknight\n|-start|p1a: Corviknight|move: Leech Seed\n|\n|-heal|p2a: Ferrothorn|82\/100|[from] item: Leftovers\n|-damage|p1a: Corviknight|0 fnt|[from] Leech Seed|[of] p2a: Ferrothorn\n|-heal|p2a: Ferrothorn|91\/100|[silent]\n|faint|p1a: Corviknight\n|-fieldend|move: Electric Terrain\n|upkeep\n|\n|t:|1627304702\n|switch|p1a: Urshifu|Urshifu-Rapid-Strike, F|100\/100\n|-damage|p1a: Urshifu|94\/100|[from] Stealth Rock\n|turn|10\n|c| pedekartk5com|koko would be so op if hp ice wasnt \"cancelled\"\n|\n|t:|1627304728\n|switch|p2a: Landorus|Landorus-Therian, M|14\/100\n|-damage|p2a: Landorus|1\/100|[from] Stealth Rock\n|-ability|p2a: Landorus|Intimidate|boost\n|-unboost|p1a: Urshifu|atk|1\n|move|p1a: Urshifu|U-turn|p2a: Landorus\n|-resisted|p2a: Landorus\n|-damage|p2a: Landorus|0 fnt\n|-damage|p1a: Urshifu|78\/100|[from] item: Rocky Helmet|[of] p2a: Landorus\n|faint|p2a: Landorus\n|c|\u2606LT84JM US East OG|?\n|\n|t:|1627304740\n|switch|p1a: Tapu Koko|Tapu Koko|100\/100|[from]move: U-turn\n|-fieldstart|move: Electric Terrain|[from] ability: Electric Surge|[of] p1a: Tapu Koko\n|\n|upkeep\n|c|\u2606LT84JM US East OG|it proved all year\n|c|\u2606LT84JM US East OG|that it doesnt need it\n|c|\u2606LT84JM US East OG|lol\n|inactive|LT84JM US East OG has 90 seconds left.\n|c|\u2606LT84JM US East OG|it was p much a crutch\n|c| pedekartk5com|nah it is but it would be better\n|inactive|LT84JM US East OG has 60 seconds left.\n|\n|t:|1627304785\n|switch|p2a: Tapu Lele|Tapu Lele|100\/100\n|-damage|p2a: Tapu Lele|88\/100|[from] Stealth Rock\n|-fieldstart|move: Psychic Terrain|[from] ability: Psychic Surge|[of] p2a: Tapu Lele\n|turn|11\n|\n|t:|1627304793\n|switch|p1a: Slowking|Slowking, M|84\/100\n|move|p2a: Tapu Lele|Moonblast|p1a: Slowking\n|-damage|p1a: Slowking|40\/100\n|\n|upkeep\n|turn|12\n|c|\u2606LT84JM US East OG|Bench press that bitch lele\n|c|\u2606LT84JM US East OG|do it\n|c|\u2606Brifye|that was balzy of you ^^\n|c|\u2606LT84JM US East OG|What was ballsy\n|inactive|Brifye has 120 seconds left.\n|c|\u2606LT84JM US East OG|it got a kill\n|c|\u2606LT84JM US East OG|no matter what u do\n|c|\u2606Brifye|you were slower but you hit !\n|c|\u2606Brifye|nice\n|\n|t:|1627304845\n|switch|p1a: Landorus|Landorus-Therian, M|56\/100\n|-damage|p1a: Landorus|44\/100|[from] Stealth Rock\n|-ability|p1a: Landorus|Intimidate|boost\n|-unboost|p2a: Tapu Lele|atk|1\n|move|p2a: Tapu Lele|Moonblast|p1a: Landorus\n|-damage|p1a: Landorus|0 fnt\n|faint|p1a: Landorus\n|\n|upkeep\n|c|\u2606LT84JM US East OG|Okay u werent\n|c|\u2606LT84JM US East OG|killing me\n|c|\u2606LT84JM US East OG|unless u tbolt parad\n|\n|t:|1627304854\n|switch|p1a: Urshifu|Urshifu-Rapid-Strike, F|78\/100\n|-damage|p1a: Urshifu|72\/100|[from] Stealth Rock\n|turn|13\n|inactive|LT84JM US East OG has 90 seconds left.\n|\n|t:|1627304859\n|switch|p2a: Tapu Fini|Tapu Fini|100\/100\n|-damage|p2a: Tapu Fini|88\/100|[from] Stealth Rock\n|-fieldstart|move: Misty Terrain|[from] ability: Misty Surge|[of] p2a: Tapu Fini\n|move|p1a: Urshifu|U-turn|p2a: Tapu Fini\n|-resisted|p2a: Tapu Fini\n|-damage|p2a: Tapu Fini|73\/100\n|c|\u2606Brifye|true !\n|\n|t:|1627304866\n|switch|p1a: Tapu Koko|Tapu Koko|100\/100|[from]move: U-turn\n|-fieldstart|move: Electric Terrain|[from] ability: Electric Surge|[of] p1a: Tapu Koko\n|\n|-heal|p2a: Tapu Fini|79\/100|[from] item: Leftovers\n|upkeep\n|turn|14\n|\n|t:|1627304881\n|switch|p2a: Victini|Victini|100\/100\n|move|p1a: Tapu Koko|Thunderbolt|p2a: Victini\n|-damage|p2a: Victini|52\/100\n|\n|upkeep\n|turn|15\n|inactive|Brifye has 120 seconds left.\n|\n|t:|1627304890\n|move|p1a: Tapu Koko|Volt Switch|p2a: Victini\n|-damage|p2a: Victini|14\/100\n|inactive|Brifye has 120 seconds left.\n|\n|t:|1627304897\n|switch|p1a: Slowking|Slowking, M|74\/100|[from]move: Volt Switch\n|move|p2a: Victini|V-create|p1a: Slowking\n|-resisted|p1a: Slowking\n|-damage|p1a: Slowking|33\/100\n|-unboost|p2a: Victini|spe|1\n|-unboost|p2a: Victini|def|1\n|-unboost|p2a: Victini|spd|1\n|\n|upkeep\n|turn|16\n|inactive|Brifye has 120 seconds left.\n|\n|t:|1627304910\n|move|p2a: Victini|Expanding Force|p1a: Slowking\n|-resisted|p1a: Slowking\n|-damage|p1a: Slowking|25\/100\n|move|p1a: Slowking|Future Sight|p2a: Victini\n|-start|p1a: Slowking|move: Future Sight\n|\n|upkeep\n|turn|17\n|\n|t:|1627304917\n|move|p2a: Victini|V-create|p1a: Slowking\n|-resisted|p1a: Slowking\n|-damage|p1a: Slowking|0 fnt\n|-unboost|p2a: Victini|spe|1\n|-unboost|p2a: Victini|def|1\n|-unboost|p2a: Victini|spd|1\n|faint|p1a: Slowking\n|\n|-fieldend|move: Electric Terrain\n|upkeep\n|\n|t:|1627304926\n|switch|p1a: Tapu Koko|Tapu Koko|100\/100\n|-fieldstart|move: Electric Terrain|[from] ability: Electric Surge|[of] p1a: Tapu Koko\n|turn|18\n|\n|t:|1627304933\n|move|p1a: Tapu Koko|Thunderbolt|p2a: Victini\n|-damage|p2a: Victini|0 fnt\n|faint|p2a: Victini\n|\n|-hint|Future Sight did not hit because the target is fainted.\n|upkeep\n|inactive|LT84JM US East OG has 120 seconds left.\n|\n|t:|1627304963\n|switch|p2a: Tapu Lele|Tapu Lele|88\/100\n|-damage|p2a: Tapu Lele|76\/100|[from] Stealth Rock\n|-fieldstart|move: Psychic Terrain|[from] ability: Psychic Surge|[of] p2a: Tapu Lele\n|turn|19\n|\n|t:|1627304968\n|move|p1a: Tapu Koko|Thunderbolt|p2a: Tapu Lele\n|-damage|p2a: Tapu Lele|36\/100\n|move|p2a: Tapu Lele|Moonblast|p1a: Tapu Koko\n|-damage|p1a: Tapu Koko|0 fnt\n|faint|p1a: Tapu Koko\n|\n|upkeep\n|l| RipReckful\n|j| Arnav_73\n|\n|t:|1627304976\n|switch|p1a: Weavile|Weavile, F|100\/100\n|-ability|p1a: Weavile|Pressure\n|turn|20\n|\n|t:|1627304980\n|move|p1a: Weavile|Knock Off|p2a: Tapu Lele\n|-damage|p2a: Tapu Lele|0 fnt\n|-enditem|p2a: Tapu Lele|Choice Specs|[from] move: Knock Off|[of] p1a: Weavile\n|faint|p2a: Tapu Lele\n|\n|upkeep\n|\n|t:|1627304982\n|switch|p2a: Ferrothorn|Ferrothorn, M|91\/100\n|-damage|p2a: Ferrothorn|85\/100|[from] Stealth Rock\n|turn|21\n|j| LT84JM Veritas\n|inactive|Brifye has 120 seconds left.\n|\n|t:|1627305013\n|move|p1a: Weavile|Swords Dance|p1a: Weavile\n|-boost|p1a: Weavile|atk|2\n|move|p2a: Ferrothorn|Gyro Ball|p1a: Weavile\n|-supereffective|p1a: Weavile\n|-damage|p1a: Weavile|0 fnt\n|faint|p1a: Weavile\n|\n|-heal|p2a: Ferrothorn|91\/100|[from] item: Leftovers\n|upkeep\n|inactive|Brifye has 120 seconds left.\n|c|\u2606LT84JM US East OG|gg\n|\n|t:|1627305020\n|switch|p1a: Urshifu|Urshifu-Rapid-Strike, F|72\/100\n|-damage|p1a: Urshifu|66\/100|[from] Stealth Rock\n|turn|22\n|\n|t:|1627305024\n|move|p1a: Urshifu|Close Combat|p2a: Ferrothorn\n|-supereffective|p2a: Ferrothorn\n|-damage|p2a: Ferrothorn|0 fnt\n|-unboost|p1a: Urshifu|def|1\n|-unboost|p1a: Urshifu|spd|1\n|-damage|p1a: Urshifu|53\/100|[from] ability: Iron Barbs|[of] p2a: Ferrothorn\n|faint|p2a: Ferrothorn\n|\n|upkeep\n|\n|t:|1627305027\n|switch|p2a: Tapu Fini|Tapu Fini|79\/100\n|-damage|p2a: Tapu Fini|67\/100|[from] Stealth Rock\n|-fieldstart|move: Misty Terrain|[from] ability: Misty Surge|[of] p2a: Tapu Fini\n|turn|23\n|j| Bijets\n|\n|t:|1627305035\n|move|p1a: Urshifu|Close Combat|p2a: Tapu Fini\n|-resisted|p2a: Tapu Fini\n|-damage|p2a: Tapu Fini|31\/100\n|-unboost|p1a: Urshifu|def|1\n|-unboost|p1a: Urshifu|spd|1\n|move|p2a: Tapu Fini|Moonblast|p1a: Urshifu\n|-supereffective|p1a: Urshifu\n|-damage|p1a: Urshifu|0 fnt\n|faint|p1a: Urshifu\n|\n|win|LT84JM US East OG\n|raw|Brifye's rating: 1579 &rarr; <strong>1573<\/strong><br \/>(-6 for losing)\n|raw|LT84JM US East OG's rating: 1883 &rarr; <strong>1889<\/strong><br \/>(+6 for winning)\n|j| BLCK Lalisa\n|c|\u2606Brifye|gg :)\n|l| Licor43\n|l| BLCK Lalisa\n|l| fgergbws\n|l|\u2606LT84JM US East OG\n|l|\u2606Brifye\n|l| Arnav_73\n|l| pedekartk5com\n","uploadtime":1627305116,"views":20,"p1id":"brifye","p2id":"lt84jmuseastog","formatid":"gen8ou","rating":1573,"private":0,"password":null}