{"id":"gen8nationaldex-1650029973","p1":"Matieu","p2":"FleetFoxxx","format":"gen8nationaldex","log":"|j|\u2606Matieu\n|j|\u2606FleetFoxxx\n|t:|1661661496\n|gametype|singles\n|player|p1|Matieu|palmer|\n|player|p2|FleetFoxxx|flannery|\n|teamsize|p1|6\n|teamsize|p2|6\n|gen|8\n|tier|[Gen 8] National Dex\n|rule|HP Percentage Mod: HP is shown in percentages\n|rule|Endless Battle Clause: Forcing endless battles is banned\n|rule|OHKO Clause: OHKO moves are banned\n|rule|Evasion Moves Clause: Evasion moves are banned\n|rule|Species Clause: Limit one of each Pok\u00e9mon\n|rule|Dynamax Clause: You cannot dynamax\n|rule|Sleep Clause Mod: Limit one foe put to sleep\n|clearpoke\n|poke|p1|Stunfisk-Galar, M|\n|poke|p1|Volcanion|\n|poke|p1|Roserade, F|\n|poke|p1|Machamp, F|\n|poke|p1|Sharpedo, F|\n|poke|p1|Xatu, F|\n|poke|p2|Bisharp, M|\n|poke|p2|Whimsicott, M|\n|poke|p2|Galvantula, F|\n|poke|p2|Banette, F|\n|poke|p2|Togetic, M|\n|poke|p2|Runerigus, M|\n|teampreview\n|\n|t:|1661661512\n|start\n|switch|p1a: Volcanion|Volcanion|100\/100\n|switch|p2a: Runerigus|Runerigus, M|100\/100\n|turn|1\n|j| bsvhsvj\n|j| DerpyDots\n|j| yes munchlax\n|j| Burrahobbit\n|\n|t:|1661661536\n|move|p1a: Volcanion|Steam Eruption|p2a: Runerigus\n|-supereffective|p2a: Runerigus\n|-damage|p2a: Runerigus|18\/100\n|-status|p2a: Runerigus|brn\n|move|p2a: Runerigus|Earthquake|p1a: Volcanion\n|-supereffective|p1a: Volcanion\n|-damage|p1a: Volcanion|69\/100\n|\n|-damage|p2a: Runerigus|12\/100 brn|[from] brn\n|upkeep\n|turn|2\n|j| Bugsileus\n|j|+111ace111\n|l| bsvhsvj\n|\n|t:|1661661542\n|move|p1a: Volcanion|Flamethrower|p2a: Runerigus\n|-damage|p2a: Runerigus|0 fnt\n|faint|p2a: Runerigus\n|\n|upkeep\n|c| Burrahobbit|WOOOOOOOOO GO MATIEUUUU\n|\n|t:|1661661548\n|switch|p2a: Galvantula|Galvantula, F|100\/100\n|turn|3\n|j| Deathbypudding\n|j| bsvhsvj\n|j| SPACEDUDE360000\n|j| Flare1498\n|c| bsvhsvj|WOOO LET'S GO MATIEU\n|c| Bugsileus|hyped for GAME 3\n|\n|t:|1661661581\n|move|p2a: Galvantula|Volt Switch|p1a: Volcanion\n|-supereffective|p1a: Volcanion\n|-damage|p1a: Volcanion|17\/100\n|j| glumpbumpin\n|c| glumpbumpin|where game 4\n|\n|t:|1661661633\n|switch|p2a: Banette|Banette, F|100\/100|[from]move: Volt Switch\n|-item|p1a: Volcanion|Assault Vest|[from] ability: Frisk|[of] p2a: Banette|[identify]\n|move|p1a: Volcanion|Flamethrower|p2a: Banette\n|-damage|p2a: Banette|12\/100\n|\n|upkeep\n|turn|4\n|\n|t:|1661661661\n|switch|p1a: Stunfisk|Stunfisk-Galar, M|100\/100\n|detailschange|p2a: Banette|Banette-Mega, F\n|-mega|p2a: Banette|Banette|Banettite\n|move|p2a: Banette|Shadow Sneak|p1a: Stunfisk\n|-damage|p1a: Stunfisk|85\/100\n|\n|-heal|p1a: Stunfisk|91\/100|[from] item: Leftovers\n|upkeep\n|turn|5\n|\n|t:|1661661687\n|move|p2a: Banette|Destiny Bond|p2a: Banette\n|-singlemove|p2a: Banette|Destiny Bond\n|move|p1a: Stunfisk|Stealth Rock|p2a: Banette\n|-sidestart|p2: FleetFoxxx|move: Stealth Rock\n|\n|-heal|p1a: Stunfisk|98\/100|[from] item: Leftovers\n|upkeep\n|turn|6\n|\n|t:|1661661703\n|move|p2a: Banette|Shadow Claw|p1a: Stunfisk\n|-damage|p1a: Stunfisk|74\/100\n|move|p1a: Stunfisk|Earthquake|p2a: Banette\n|-damage|p2a: Banette|0 fnt\n|faint|p2a: Banette\n|\n|-heal|p1a: Stunfisk|80\/100|[from] item: Leftovers\n|upkeep\n|\n|t:|1661661709\n|switch|p2a: Bisharp|Bisharp, M|100\/100\n|-damage|p2a: Bisharp|95\/100|[from] Stealth Rock\n|turn|7\n|\n|t:|1661661715\n|move|p2a: Bisharp|Knock Off|p1a: Stunfisk\n|-damage|p1a: Stunfisk|39\/100\n|-enditem|p1a: Stunfisk|Leftovers|[from] move: Knock Off|[of] p2a: Bisharp\n|-damage|p2a: Bisharp|85\/100|[from] item: Life Orb\n|move|p1a: Stunfisk|Earthquake|p2a: Bisharp\n|-supereffective|p2a: Bisharp\n|-damage|p2a: Bisharp|11\/100\n|\n|upkeep\n|turn|8\n|\n|t:|1661661719\n|move|p2a: Bisharp|Brick Break|p1a: Stunfisk\n|-supereffective|p1a: Stunfisk\n|-damage|p1a: Stunfisk|0 fnt\n|faint|p1a: Stunfisk\n|-damage|p2a: Bisharp|1\/100|[from] item: Life Orb\n|\n|upkeep\n|\n|t:|1661661725\n|switch|p1a: Sharpedo|Sharpedo, F|100\/100\n|turn|9\n|\n|t:|1661661736\n|move|p2a: Bisharp|Sucker Punch|p1a: Sharpedo\n|-resisted|p1a: Sharpedo\n|-damage|p1a: Sharpedo|36\/100\n|-damage|p2a: Bisharp|0 fnt|[from] item: Life Orb\n|faint|p2a: Bisharp\n|move|p1a: Sharpedo|Ice Fang|p2: Bisharp|[notarget]\n|-fail|p1a: Sharpedo\n|\n|-ability|p1a: Sharpedo|Speed Boost|boost\n|-boost|p1a: Sharpedo|spe|1\n|upkeep\n|\n|t:|1661661746\n|switch|p2a: Togetic|Togetic, M|100\/100\n|-damage|p2a: Togetic|76\/100|[from] Stealth Rock\n|turn|10\n|\n|t:|1661661785\n|switch|p1a: Xatu|Xatu, F|100\/100\n|move|p2a: Togetic|Dazzling Gleam|p1a: Xatu\n|-damage|p1a: Xatu|63\/100\n|\n|upkeep\n|turn|11\n|\n|t:|1661661799\n|switch|p2a: Galvantula|Galvantula, F|100\/100\n|move|p1a: Xatu|Shadow Ball|p2a: Galvantula\n|-damage|p2a: Galvantula|53\/100\n|\n|upkeep\n|turn|12\n|\n|t:|1661661819\n|switch|p1a: Volcanion|Volcanion|17\/100\n|move|p2a: Galvantula|Volt Switch|p1a: Volcanion\n|-supereffective|p1a: Volcanion\n|-damage|p1a: Volcanion|0 fnt\n|faint|p1a: Volcanion\n|\n|t:|1661661829\n|switch|p2a: Whimsicott|Whimsicott, M|100\/100|[from]move: Volt Switch\n|-damage|p2a: Whimsicott|88\/100|[from] Stealth Rock\n|\n|upkeep\n|l| bsvhsvj\n|j| bsvhsvj\n|l| bsvhsvj\n|j| Lavamites\n|\n|t:|1661661933\n|switch|p1a: Machamp|Machamp, F|100\/100\n|turn|13\n|j| bsvhsvj\n|\n|t:|1661661977\n|-zpower|p2a: Whimsicott\n|move|p2a: Whimsicott|Supersonic Skystrike|p1a: Machamp|[zeffect]\n|-supereffective|p1a: Machamp\n|-damage|p1a: Machamp|36\/100\n|move|p1a: Machamp|Poison Jab|p2a: Whimsicott\n|-supereffective|p2a: Whimsicott\n|-damage|p2a: Whimsicott|0 fnt\n|faint|p2a: Whimsicott\n|\n|upkeep\n|c| Bugsileus|that is a thick boy\n|c| Bugsileus|derpydots must evolve into that pokemon\n|l| bsvhsvj\n|l| Deathbypudding\n|\n|t:|1661662033\n|switch|p2a: Togetic|Togetic, M|76\/100\n|-damage|p2a: Togetic|51\/100|[from] Stealth Rock\n|turn|14\n|c| DerpyDots|thats my pre evo\n|\n|t:|1661662040\n|move|p1a: Machamp|Poison Jab|p2a: Togetic\n|-supereffective|p2a: Togetic\n|-damage|p2a: Togetic|13\/100\n|-status|p2a: Togetic|psn\n|move|p2a: Togetic|Counter|p1a: Machamp\n|-damage|p1a: Machamp|0 fnt\n|faint|p1a: Machamp\n|\n|-damage|p2a: Togetic|0 fnt|[from] psn\n|faint|p2a: Togetic\n|upkeep\n|j| bsvhsvj\n|c| Burrahobbit|Derpydots wishes he was as powerful as one of matieu\u2019s pokemon\n|\n|t:|1661662049\n|switch|p1a: Roserade|Roserade, F|100\/100\n|switch|p2a: Galvantula|Galvantula, F|53\/100\n|turn|15\n|\n|t:|1661662052\n|move|p2a: Galvantula|Hidden Power|p1a: Roserade\n|-supereffective|p1a: Roserade\n|-damage|p1a: Roserade|59\/100\n|move|p1a: Roserade|Hidden Power|p2a: Galvantula\n|-supereffective|p2a: Galvantula\n|-damage|p2a: Galvantula|0 fnt\n|faint|p2a: Galvantula\n|\n|win|Matieu\n|c|\u2606Matieu|gg!\n|l| bsvhsvj\n","uploadtime":1661662057,"views":9,"p1id":"matieu","p2id":"fleetfoxxx","formatid":"gen8nationaldex","rating":0,"private":0,"password":null}