{"id":"gen8ou-1688413528","p1":"minimax_ai","p2":"Vodyne","format":"gen8ou","log":"|html|<div class=\"broadcast-blue\"><strong>[Gen 8] OU is currently suspecting Melmetal! For information on how to participate check out the <a href=\"https:\/\/www.smogon.com\/forums\/threads\/np-ss-ou-suspect-process-round-12-monster-mash.3709234\/\">suspect thread<\/a>.<\/strong><\/div>\n|j|\u2606minimax_ai\n|j|\u2606Vodyne\n|t:|1666062726\n|gametype|singles\n|player|p1|minimax_ai|lusamine-nihilego|1554\n|player|p2|Vodyne|169|1603\n|teamsize|p1|6\n|teamsize|p2|6\n|gen|8\n|tier|[Gen 8] OU\n|rated|\n|rule|Sleep Clause Mod: Limit one foe put to sleep\n|rule|Species Clause: Limit one of each Pok\u00e9mon\n|rule|OHKO Clause: OHKO moves are banned\n|rule|Evasion Items Clause: Evasion items are banned\n|rule|Evasion Moves Clause: Evasion moves are banned\n|rule|Endless Battle Clause: Forcing endless battles is banned\n|rule|HP Percentage Mod: HP is shown in percentages\n|rule|Dynamax Clause: You cannot dynamax\n|clearpoke\n|poke|p1|Rotom-Wash|\n|poke|p1|Weavile, M|\n|poke|p1|Landorus-Therian, M|\n|poke|p1|Heatran, M|\n|poke|p1|Tangrowth, F|\n|poke|p1|Melmetal|\n|poke|p2|Snorlax, M|\n|poke|p2|Suicune|\n|poke|p2|Melmetal|\n|poke|p2|Victini|\n|poke|p2|Landorus-Therian, M|\n|poke|p2|Zapdos|\n|teampreview\n|c|\u2606minimax_ai|hf\n|inactive|Battle timer is ON: inactive players will automatically lose when time's up. (requested by minimax_ai)\n|c|\u2606Vodyne|hf\n|\n|t:|1666062736\n|start\n|switch|p1a: landorustherian|Landorus-Therian, M|100\/100\n|switch|p2a: Suicune|Suicune|100\/100\n|-ability|p1a: landorustherian|Intimidate|boost\n|-unboost|p2a: Suicune|atk|1\n|-ability|p2a: Suicune|Pressure\n|turn|1\n|\n|t:|1666062739\n|switch|p1a: rotomwash|Rotom-Wash|100\/100\n|move|p2a: Suicune|Ice Beam|p1a: rotomwash\n|-resisted|p1a: rotomwash\n|-damage|p1a: rotomwash|90\/100\n|\n|-heal|p1a: rotomwash|97\/100|[from] item: Leftovers\n|upkeep\n|turn|2\n|\n|t:|1666062743\n|switch|p2a: Snorlax|Snorlax, M|100\/100\n|move|p1a: rotomwash|Nasty Plot|p1a: rotomwash\n|-boost|p1a: rotomwash|spa|2\n|\n|-heal|p1a: rotomwash|100\/100|[from] item: Leftovers\n|upkeep\n|turn|3\n|\n|t:|1666062748\n|move|p1a: rotomwash|Hydro Pump|p2a: Snorlax\n|-damage|p2a: Snorlax|62\/100\n|move|p2a: Snorlax|Body Slam|p1a: rotomwash\n|-damage|p1a: rotomwash|67\/100\n|\n|-heal|p1a: rotomwash|73\/100|[from] item: Leftovers\n|-heal|p2a: Snorlax|68\/100|[from] item: Leftovers\n|upkeep\n|turn|4\n|\n|t:|1666062752\n|move|p1a: rotomwash|Hydro Pump|p2a: Snorlax|[miss]\n|-miss|p1a: rotomwash|p2a: Snorlax\n|move|p2a: Snorlax|Body Slam|p1a: rotomwash\n|-damage|p1a: rotomwash|39\/100\n|\n|-heal|p1a: rotomwash|45\/100|[from] item: Leftovers\n|-heal|p2a: Snorlax|74\/100|[from] item: Leftovers\n|upkeep\n|turn|5\n|\n|t:|1666062754\n|move|p1a: rotomwash|Hydro Pump|p2a: Snorlax\n|-damage|p2a: Snorlax|35\/100\n|move|p2a: Snorlax|Body Slam|p1a: rotomwash\n|-damage|p1a: rotomwash|14\/100\n|\n|-heal|p1a: rotomwash|21\/100|[from] item: Leftovers\n|-heal|p2a: Snorlax|41\/100|[from] item: Leftovers\n|upkeep\n|turn|6\n|\n|t:|1666062756\n|move|p1a: rotomwash|Pain Split|p2a: Snorlax\n|-sethp|p2a: Snorlax|26\/100|[from] move: Pain Split|[silent]\n|-sethp|p1a: rotomwash|45\/100|[from] move: Pain Split\n|move|p2a: Snorlax|Body Slam|p1a: rotomwash\n|-damage|p1a: rotomwash|10\/100\n|\n|-heal|p1a: rotomwash|16\/100|[from] item: Leftovers\n|-heal|p2a: Snorlax|33\/100|[from] item: Leftovers\n|upkeep\n|turn|7\n|\n|t:|1666062757\n|move|p1a: rotomwash|Pain Split|p2a: Snorlax\n|-sethp|p2a: Snorlax|21\/100|[from] move: Pain Split|[silent]\n|-sethp|p1a: rotomwash|36\/100|[from] move: Pain Split\n|move|p2a: Snorlax|Body Slam|p1a: rotomwash\n|-damage|p1a: rotomwash|0 fnt\n|faint|p1a: rotomwash\n|\n|-heal|p2a: Snorlax|27\/100|[from] item: Leftovers\n|upkeep\n|\n|t:|1666062757\n|switch|p1a: Weavile|Weavile, M|100\/100\n|-ability|p1a: Weavile|Pressure\n|turn|8\n|\n|t:|1666062759\n|move|p1a: Weavile|Knock Off|p2a: Snorlax\n|-damage|p2a: Snorlax|0 fnt\n|-enditem|p2a: Snorlax|Leftovers|[from] move: Knock Off|[of] p1a: Weavile\n|faint|p2a: Snorlax\n|\n|upkeep\n|\n|t:|1666062762\n|switch|p2a: Melmetal|Melmetal|100\/100\n|turn|9\n|\n|t:|1666062774\n|switch|p1a: Tangrowth|Tangrowth, F|100\/100\n|switch|p2a: Suicune|Suicune|100\/100\n|-ability|p2a: Suicune|Pressure\n|\n|upkeep\n|turn|10\n|\n|t:|1666062779\n|switch|p2a: Victini|Victini|100\/100\n|switch|p1a: Melmetal|Melmetal|100\/100\n|\n|upkeep\n|turn|11\n|\n|t:|1666062785\n|switch|p1a: Heatran|Heatran, M|100\/100\n|-item|p1a: Heatran|Air Balloon\n|move|p2a: Victini|Bolt Strike|p1a: Heatran\n|-damage|p1a: Heatran|48\/100\n|-enditem|p1a: Heatran|Air Balloon\n|\n|upkeep\n|turn|12\n|\n|t:|1666062790\n|switch|p2a: Suicune|Suicune|100\/100\n|-ability|p2a: Suicune|Pressure\n|move|p1a: Heatran|Earth Power|p2a: Suicune\n|-damage|p2a: Suicune|77\/100\n|-unboost|p2a: Suicune|spd|1\n|\n|-heal|p2a: Suicune|83\/100|[from] item: Leftovers\n|upkeep\n|turn|13\n|\n|t:|1666062797\n|switch|p1a: Melmetal|Melmetal|100\/100\n|move|p2a: Suicune|Scald|p1a: Melmetal\n|-damage|p1a: Melmetal|88\/100\n|-status|p1a: Melmetal|brn\n|\n|-heal|p2a: Suicune|90\/100|[from] item: Leftovers\n|-damage|p1a: Melmetal|82\/100 brn|[from] brn\n|upkeep\n|turn|14\n|\n|t:|1666062800\n|switch|p2a: Victini|Victini|100\/100\n|move|p1a: Melmetal|Thunder Punch|p2a: Victini\n|-damage|p2a: Victini|84\/100\n|\n|-damage|p1a: Melmetal|76\/100 brn|[from] brn\n|upkeep\n|turn|15\n|\n|t:|1666062803\n|move|p2a: Victini|V-create|p1a: Melmetal\n|-supereffective|p1a: Melmetal\n|-damage|p1a: Melmetal|0 fnt\n|-unboost|p2a: Victini|spe|1\n|-unboost|p2a: Victini|def|1\n|-unboost|p2a: Victini|spd|1\n|faint|p1a: Melmetal\n|\n|upkeep\n|\n|t:|1666062803\n|switch|p1a: Weavile|Weavile, M|100\/100\n|-ability|p1a: Weavile|Pressure\n|turn|16\n|\n|t:|1666062808\n|switch|p2a: Suicune|Suicune|90\/100\n|-ability|p2a: Suicune|Pressure\n|move|p1a: Weavile|Knock Off|p2a: Suicune\n|-damage|p2a: Suicune|50\/100\n|-enditem|p2a: Suicune|Leftovers|[from] move: Knock Off|[of] p1a: Weavile\n|\n|upkeep\n|turn|17\n|\n|t:|1666062812\n|move|p1a: Weavile|Knock Off|p2a: Suicune\n|-damage|p2a: Suicune|24\/100\n|move|p2a: Suicune|Scald|p1a: Weavile\n|-damage|p1a: Weavile|66\/100\n|-status|p1a: Weavile|brn\n|\n|-damage|p1a: Weavile|60\/100 brn|[from] brn\n|upkeep\n|turn|18\n|\n|t:|1666062814\n|move|p1a: Weavile|Knock Off|p2a: Suicune\n|-damage|p2a: Suicune|10\/100\n|move|p2a: Suicune|Scald|p1a: Weavile\n|-damage|p1a: Weavile|25\/100 brn\n|\n|-damage|p1a: Weavile|19\/100 brn|[from] brn\n|upkeep\n|turn|19\n|\n|t:|1666062815\n|move|p1a: Weavile|Knock Off|p2a: Suicune\n|-damage|p2a: Suicune|0 fnt\n|faint|p2a: Suicune\n|\n|-damage|p1a: Weavile|13\/100 brn|[from] brn\n|upkeep\n|\n|t:|1666062821\n|switch|p2a: Melmetal|Melmetal|100\/100\n|turn|20\n|\n|t:|1666062828\n|move|p1a: Weavile|Knock Off|p2a: Melmetal\n|-damage|p2a: Melmetal|81\/100\n|-enditem|p2a: Melmetal|Assault Vest|[from] move: Knock Off|[of] p1a: Weavile\n|move|p2a: Melmetal|Ice Punch|p1a: Weavile\n|-resisted|p1a: Weavile\n|-damage|p1a: Weavile|0 fnt\n|faint|p1a: Weavile\n|\n|upkeep\n|\n|t:|1666062828\n|switch|p1a: Heatran|Heatran, M|48\/100\n|turn|21\n|\n|t:|1666062831\n|switch|p2a: Victini|Victini|84\/100\n|move|p1a: Heatran|Magma Storm|p2a: Victini\n|-resisted|p2a: Victini\n|-crit|p2a: Victini\n|-damage|p2a: Victini|48\/100\n|-activate|p2a: Victini|move: Magma Storm|[of] p1a: Heatran\n|\n|-damage|p2a: Victini|35\/100|[from] move: Magma Storm|[partiallytrapped]\n|upkeep\n|turn|22\n|\n|t:|1666062836\n|move|p2a: Victini|U-turn|p1a: Heatran\n|-resisted|p1a: Heatran\n|-damage|p1a: Heatran|40\/100\n|\n|t:|1666062844\n|switch|p2a: Landorus|Landorus-Therian, M|100\/100|[from]move: U-turn\n|-ability|p2a: Landorus|Intimidate|boost\n|-unboost|p1a: Heatran|atk|1\n|move|p1a: Heatran|Magma Storm|p2a: Landorus\n|-damage|p2a: Landorus|31\/100\n|-activate|p2a: Landorus|move: Magma Storm|[of] p1a: Heatran\n|\n|-damage|p2a: Landorus|19\/100|[from] move: Magma Storm|[partiallytrapped]\n|upkeep\n|turn|23\n|\n|t:|1666062850\n|switch|p1a: landorustherian|Landorus-Therian, M|100\/100\n|-ability|p1a: landorustherian|Intimidate|boost\n|-unboost|p2a: Landorus|atk|1\n|move|p2a: Landorus|Knock Off|p1a: landorustherian\n|-damage|p1a: landorustherian|78\/100\n|-enditem|p1a: landorustherian|Leftovers|[from] move: Knock Off|[of] p2a: Landorus\n|\n|-end|p2a: Landorus|Magma Storm|[partiallytrapped]|[silent]\n|upkeep\n|turn|24\n|\n|t:|1666062857\n|switch|p2a: Zapdos|Zapdos|100\/100\n|move|p1a: landorustherian|U-turn|p2a: Zapdos\n|-resisted|p2a: Zapdos\n|-damage|p2a: Zapdos|89\/100\n|-status|p1a: landorustherian|par|[from] ability: Static|[of] p2a: Zapdos\n|\n|t:|1666062857\n|switch|p1a: Tangrowth|Tangrowth, F|100\/100|[from]move: U-turn\n|\n|upkeep\n|turn|25\n|\n|t:|1666062861\n|switch|p1a: landorustherian|Landorus-Therian, M|78\/100 par\n|-ability|p1a: landorustherian|Intimidate|boost\n|-unboost|p2a: Zapdos|atk|1\n|move|p2a: Zapdos|Heat Wave|p1a: landorustherian\n|-damage|p1a: landorustherian|54\/100 par\n|\n|upkeep\n|turn|26\n|\n|t:|1666062863\n|move|p2a: Zapdos|Hurricane|p1a: landorustherian\n|-damage|p1a: landorustherian|9\/100 par\n|move|p1a: landorustherian|U-turn|p2a: Zapdos\n|-resisted|p2a: Zapdos\n|-damage|p2a: Zapdos|78\/100\n|\n|t:|1666062863\n|switch|p1a: Heatran|Heatran, M|40\/100|[from]move: U-turn\n|\n|upkeep\n|turn|27\n|\n|t:|1666062867\n|switch|p1a: landorustherian|Landorus-Therian, M|9\/100 par\n|-ability|p1a: landorustherian|Intimidate|boost\n|-unboost|p2a: Zapdos|atk|1\n|move|p2a: Zapdos|Volt Switch|p1a: landorustherian\n|-immune|p1a: landorustherian\n|\n|upkeep\n|turn|28\n|\n|t:|1666062870\n|move|p2a: Zapdos|Hurricane|p1a: landorustherian|[miss]\n|-miss|p2a: Zapdos|p1a: landorustherian\n|move|p1a: landorustherian|Earthquake|p2a: Zapdos\n|-immune|p2a: Zapdos\n|\n|upkeep\n|turn|29\n|\n|t:|1666062872\n|move|p2a: Zapdos|Hurricane|p1a: landorustherian|[miss]\n|-miss|p2a: Zapdos|p1a: landorustherian\n|move|p1a: landorustherian|Earthquake|p2a: Zapdos\n|-immune|p2a: Zapdos\n|\n|upkeep\n|turn|30\n|\n|t:|1666062873\n|move|p2a: Zapdos|Hurricane|p1a: landorustherian\n|-damage|p1a: landorustherian|0 fnt\n|faint|p1a: landorustherian\n|\n|upkeep\n|\n|t:|1666062873\n|switch|p1a: Heatran|Heatran, M|40\/100\n|turn|31\n|\n|t:|1666062876\n|move|p1a: Heatran|Magma Storm|p2a: Zapdos\n|-damage|p2a: Zapdos|24\/100\n|-activate|p2a: Zapdos|move: Magma Storm|[of] p1a: Heatran\n|move|p2a: Zapdos|Volt Switch|p1a: Heatran\n|-damage|p1a: Heatran|0 fnt\n|faint|p1a: Heatran\n|\n|t:|1666062879\n|switch|p2a: Victini|Victini|35\/100|[from]move: Volt Switch\n|\n|upkeep\n|\n|t:|1666062879\n|switch|p1a: Tangrowth|Tangrowth, F|100\/100\n|turn|32\n|\n|t:|1666062879\n|move|p2a: Victini|V-create|p1a: Tangrowth\n|-supereffective|p1a: Tangrowth\n|-damage|p1a: Tangrowth|0 fnt\n|-unboost|p2a: Victini|spe|1\n|-unboost|p2a: Victini|def|1\n|-unboost|p2a: Victini|spd|1\n|-damage|p2a: Victini|19\/100|[from] item: Rocky Helmet|[of] p1a: Tangrowth\n|faint|p1a: Tangrowth\n|\n|win|Vodyne\n|raw|minimax_ai's rating: 1554 &rarr; <strong>1537<\/strong><br \/>(-17 for losing)\n|raw|Vodyne's rating: 1603 &rarr; <strong>1620<\/strong><br \/>(+17 for winning)\n|c|\u2606minimax_ai|gg\n|c|\u2606Vodyne|gg\n|l|\u2606minimax_ai\n","uploadtime":1666062881,"views":13,"p1id":"minimaxai","p2id":"vodyne","formatid":"gen8ou","rating":1537,"private":0,"password":null}