{"id":"gen8bdspou-1487203178","p1":"cump3","p2":"caloppubr","format":"gen8bdspou","log":"|j|\u2606cump3\n|j|\u2606caloppubr\n|t:|1641580865\n|gametype|singles\n|player|p1|cump3|gentleman-gen4|1506\n|player|p2|caloppubr|101|1646\n|teamsize|p1|6\n|teamsize|p2|6\n|gen|8\n|tier|[Gen 8 BDSP] OU\n|rated|\n|rule|Sleep Clause Mod: Limit one foe put to sleep\n|rule|Species Clause: Limit one of each Pok\u00e9mon\n|rule|OHKO Clause: OHKO moves are banned\n|rule|Evasion Moves Clause: Evasion moves are banned\n|rule|Endless Battle Clause: Forcing endless battles is banned\n|rule|HP Percentage Mod: HP is shown in percentages\n|clearpoke\n|poke|p1|Heracross, M|\n|poke|p1|Heatran, F|\n|poke|p1|Garchomp, F|\n|poke|p1|Alakazam, M|\n|poke|p1|Rotom-Wash|\n|poke|p1|Scizor, M|\n|poke|p2|Weavile, M|\n|poke|p2|Gengar, F|\n|poke|p2|Garchomp, F|\n|poke|p2|Clefable, F|\n|poke|p2|Scizor, M|\n|poke|p2|Manaphy|\n|teampreview\n|inactive|Battle timer is ON: inactive players will automatically lose when time's up. (requested by caloppubr)\n|j| Alto right there!\n|\n|t:|1641580890\n|start\n|switch|p1a: Heracross|Heracross, M|100\/100\n|switch|p2a: Garchomp|Garchomp, F|100\/100\n|turn|1\n|\n|t:|1641580893\n|move|p2a: Garchomp|Stealth Rock|p1a: Heracross\n|-sidestart|p1: cump3|move: Stealth Rock\n|move|p1a: Heracross|Close Combat|p2a: Garchomp\n|-damage|p2a: Garchomp|43\/100\n|-unboost|p1a: Heracross|def|1\n|-unboost|p1a: Heracross|spd|1\n|-damage|p1a: Heracross|88\/100|[from] ability: Rough Skin|[of] p2a: Garchomp\n|\n|-heal|p2a: Garchomp|50\/100|[from] item: Leftovers\n|-status|p1a: Heracross|brn|[from] item: Flame Orb\n|upkeep\n|turn|2\n|\n|t:|1641580902\n|switch|p1a: Heatran|Heatran, F|100\/100\n|-damage|p1a: Heatran|88\/100|[from] Stealth Rock\n|move|p2a: Garchomp|Dragon Claw|p1a: Heatran\n|-resisted|p1a: Heatran\n|-damage|p1a: Heatran|71\/100\n|\n|-heal|p2a: Garchomp|56\/100|[from] item: Leftovers\n|-heal|p1a: Heatran|77\/100|[from] item: Leftovers\n|upkeep\n|turn|3\n|\n|t:|1641580905\n|move|p1a: Heatran|Protect|p1a: Heatran\n|-singleturn|p1a: Heatran|Protect\n|move|p2a: Garchomp|Earthquake|p1a: Heatran\n|-activate|p1a: Heatran|move: Protect\n|\n|-heal|p2a: Garchomp|62\/100|[from] item: Leftovers\n|-heal|p1a: Heatran|83\/100|[from] item: Leftovers\n|upkeep\n|turn|4\n|\n|t:|1641580908\n|switch|p1a: Rotom|Rotom-Wash|100\/100\n|-damage|p1a: Rotom|88\/100|[from] Stealth Rock\n|move|p2a: Garchomp|Earthquake|p1a: Rotom\n|-immune|p1a: Rotom|[from] ability: Levitate\n|\n|-heal|p2a: Garchomp|68\/100|[from] item: Leftovers\n|-heal|p1a: Rotom|94\/100|[from] item: Leftovers\n|upkeep\n|turn|5\n|\n|t:|1641580922\n|move|p2a: Garchomp|Dragon Claw|p1a: Rotom\n|-damage|p1a: Rotom|62\/100\n|move|p1a: Rotom|Will-O-Wisp|p2a: Garchomp\n|-status|p2a: Garchomp|brn\n|\n|-heal|p2a: Garchomp|74\/100 brn|[from] item: Leftovers\n|-heal|p1a: Rotom|69\/100|[from] item: Leftovers\n|-damage|p2a: Garchomp|68\/100 brn|[from] brn\n|upkeep\n|turn|6\n|\n|t:|1641580925\n|move|p2a: Garchomp|Dragon Claw|p1a: Rotom\n|-damage|p1a: Rotom|53\/100\n|move|p1a: Rotom|Hydro Pump|p2a: Garchomp\n|-damage|p2a: Garchomp|21\/100 brn\n|\n|-heal|p2a: Garchomp|27\/100 brn|[from] item: Leftovers\n|-heal|p1a: Rotom|59\/100|[from] item: Leftovers\n|-damage|p2a: Garchomp|21\/100 brn|[from] brn\n|upkeep\n|turn|7\n|\n|t:|1641580933\n|move|p1a: Rotom|Protect|p1a: Rotom\n|-singleturn|p1a: Rotom|Protect\n|move|p2a: Garchomp|Dragon Claw|p1a: Rotom\n|-activate|p1a: Rotom|move: Protect\n|\n|-heal|p2a: Garchomp|27\/100 brn|[from] item: Leftovers\n|-heal|p1a: Rotom|65\/100|[from] item: Leftovers\n|-damage|p2a: Garchomp|21\/100 brn|[from] brn\n|upkeep\n|turn|8\n|\n|t:|1641580940\n|move|p2a: Garchomp|Dragon Claw|p1a: Rotom\n|-damage|p1a: Rotom|49\/100\n|move|p1a: Rotom|Hydro Pump|p2a: Garchomp\n|-damage|p2a: Garchomp|0 fnt\n|faint|p2a: Garchomp\n|\n|-heal|p1a: Rotom|55\/100|[from] item: Leftovers\n|upkeep\n|\n|t:|1641580950\n|switch|p2a: Gengar|Gengar, F|100\/100\n|turn|9\n|\n|t:|1641580951\n|move|p1a: Rotom|Protect|p1a: Rotom\n|-singleturn|p1a: Rotom|Protect\n|move|p2a: Gengar|Shadow Ball|p1a: Rotom\n|-activate|p1a: Rotom|move: Protect\n|\n|-heal|p1a: Rotom|61\/100|[from] item: Leftovers\n|upkeep\n|turn|10\n|\n|t:|1641580956\n|switch|p1a: Heatran|Heatran, F|83\/100\n|-damage|p1a: Heatran|71\/100|[from] Stealth Rock\n|move|p2a: Gengar|Shadow Ball|p1a: Heatran\n|-damage|p1a: Heatran|41\/100\n|-unboost|p1a: Heatran|spd|1\n|\n|-heal|p1a: Heatran|47\/100|[from] item: Leftovers\n|upkeep\n|turn|11\n|\n|t:|1641580962\n|switch|p2a: Manaphy|Manaphy|100\/100\n|move|p1a: Heatran|Earth Power|p2a: Manaphy\n|-damage|p2a: Manaphy|76\/100\n|-unboost|p2a: Manaphy|spd|1\n|\n|-heal|p2a: Manaphy|82\/100|[from] item: Leftovers\n|-heal|p1a: Heatran|54\/100|[from] item: Leftovers\n|upkeep\n|turn|12\n|\n|t:|1641580966\n|move|p2a: Manaphy|Tail Glow|p2a: Manaphy\n|-boost|p2a: Manaphy|spa|3\n|move|p1a: Heatran|Earth Power|p2a: Manaphy\n|-damage|p2a: Manaphy|46\/100\n|\n|-heal|p2a: Manaphy|52\/100|[from] item: Leftovers\n|-heal|p1a: Heatran|60\/100|[from] item: Leftovers\n|upkeep\n|turn|13\n|\n|t:|1641580969\n|move|p2a: Manaphy|Surf|p1a: Heatran\n|-supereffective|p1a: Heatran\n|-damage|p1a: Heatran|0 fnt\n|faint|p1a: Heatran\n|\n|-heal|p2a: Manaphy|58\/100|[from] item: Leftovers\n|upkeep\n|\n|t:|1641580975\n|switch|p1a: Alakazam|Alakazam, M|100\/100\n|turn|14\n|\n|t:|1641580978\n|switch|p2a: Scizor|Scizor, M|100\/100\n|move|p1a: Alakazam|Energy Ball|p2a: Scizor\n|-resisted|p2a: Scizor\n|-damage|p2a: Scizor|94\/100\n|\n|-heal|p2a: Scizor|99\/100|[from] item: Leftovers\n|upkeep\n|turn|15\n|\n|t:|1641580981\n|switch|p1a: Scizor|Scizor, M|100\/100\n|-damage|p1a: Scizor|88\/100|[from] Stealth Rock\n|move|p2a: Scizor|U-turn|p1a: Scizor\n|-resisted|p1a: Scizor\n|-damage|p1a: Scizor|74\/100\n|\n|t:|1641580985\n|switch|p2a: Clefable|Clefable, F|100\/100|[from]move: U-turn\n|\n|-heal|p1a: Scizor|80\/100|[from] item: Leftovers\n|upkeep\n|turn|16\n|\n|t:|1641580987\n|move|p1a: Scizor|Bullet Punch|p2a: Clefable\n|-supereffective|p2a: Clefable\n|-damage|p2a: Clefable|59\/100\n|move|p2a: Clefable|Flamethrower|p1a: Scizor\n|-supereffective|p1a: Scizor\n|-damage|p1a: Scizor|17\/100\n|\n|-heal|p1a: Scizor|23\/100|[from] item: Leftovers\n|-heal|p2a: Clefable|65\/100|[from] item: Leftovers\n|upkeep\n|turn|17\n|\n|t:|1641580992\n|move|p1a: Scizor|Defog|p2a: Clefable\n|-unboost|p2a: Clefable|evasion|1\n|-sideend|p1: cump3|Stealth Rock|[from] move: Defog|[of] p1a: Scizor\n|move|p2a: Clefable|Flamethrower|p1a: Scizor\n|-supereffective|p1a: Scizor\n|-damage|p1a: Scizor|0 fnt\n|faint|p1a: Scizor\n|\n|-heal|p2a: Clefable|71\/100|[from] item: Leftovers\n|upkeep\n|\n|t:|1641581002\n|switch|p1a: Rotom|Rotom-Wash|61\/100\n|turn|18\n|\n|t:|1641581011\n|move|p1a: Rotom|Volt Switch|p2a: Clefable\n|-damage|p2a: Clefable|47\/100\n|\n|t:|1641581015\n|switch|p1a: Heracross|Heracross, M|88\/100 brn|[from]move: Volt Switch\n|move|p2a: Clefable|Wish|p2a: Clefable\n|\n|-heal|p2a: Clefable|53\/100|[from] item: Leftovers\n|-damage|p1a: Heracross|82\/100 brn|[from] brn\n|upkeep\n|turn|19\n|\n|t:|1641581020\n|move|p2a: Clefable|Protect|p2a: Clefable\n|-singleturn|p2a: Clefable|Protect\n|move|p1a: Heracross|Facade|p2a: Clefable\n|-activate|p2a: Clefable|move: Protect\n|\n|-heal|p2a: Clefable|100\/100|[from] move: Wish|[wisher] Clefable\n|-damage|p1a: Heracross|76\/100 brn|[from] brn\n|upkeep\n|turn|20\n|\n|t:|1641581026\n|move|p1a: Heracross|Facade|p2a: Clefable\n|-damage|p2a: Clefable|46\/100\n|move|p2a: Clefable|Moonblast|p1a: Heracross\n|-supereffective|p1a: Heracross\n|-damage|p1a: Heracross|2\/100 brn\n|-unboost|p1a: Heracross|spa|1\n|\n|-heal|p2a: Clefable|53\/100|[from] item: Leftovers\n|-damage|p1a: Heracross|0 fnt|[from] brn\n|faint|p1a: Heracross\n|upkeep\n|-message|cump3 forfeited.\n|\n|win|caloppubr\n|raw|cump3's rating: 1506 &rarr; <strong>1494<\/strong><br \/>(-12 for losing)\n|raw|caloppubr's rating: 1646 &rarr; <strong>1658<\/strong><br \/>(+12 for winning)\n|l|\u2606cump3\n|l|\u2606caloppubr\n","uploadtime":1641581043,"views":15,"p1id":"cump3","p2id":"caloppubr","formatid":"gen8bdspou","rating":1494,"private":0,"password":null}