{"id":"gen8randombattle-1694298096","p1":"KitsuneKikome","p2":"playeraccount","format":"gen8randombattle","log":"|j|\u2606KitsuneKikome\n|j|\u2606playeraccount\n|t:|1666691058\n|gametype|singles\n|player|p1|KitsuneKikome|fantina|1166\n|player|p2|playeraccount|2|1177\n|teamsize|p1|6\n|teamsize|p2|6\n|gen|8\n|tier|[Gen 8] Random Battle\n|rated|\n|rule|Species Clause: Limit one of each Pok\u00e9mon\n|rule|HP Percentage Mod: HP is shown in percentages\n|rule|Sleep Clause Mod: Limit one foe put to sleep\n|\n|t:|1666691058\n|start\n|switch|p1a: Hatterene|Hatterene, L86, F|238\/238\n|switch|p2a: Delibird|Delibird, F|252\/252\n|turn|1\n|inactive|Battle timer is ON: inactive players will automatically lose when time's up. (requested by playeraccount)\n|\n|t:|1666691070\n|move|p2a: Delibird|Freeze-Dry|p1a: Hatterene\n|-damage|p1a: Hatterene|171\/238\n|move|p1a: Hatterene|Mystical Fire|p2a: Delibird\n|-supereffective|p2a: Delibird\n|-damage|p2a: Delibird|0 fnt\n|faint|p2a: Delibird\n|\n|upkeep\n|\n|t:|1666691075\n|switch|p2a: Zacian|Zacian-Crowned, L62|218\/218\n|-ability|p2a: Zacian|Intrepid Sword|boost\n|-boost|p2a: Zacian|atk|1\n|turn|2\n|\n|t:|1666691080\n|move|p2a: Zacian|Behemoth Blade|p1a: Hatterene\n|-supereffective|p1a: Hatterene\n|-crit|p1a: Hatterene\n|-damage|p1a: Hatterene|0 fnt\n|faint|p1a: Hatterene\n|\n|upkeep\n|\n|t:|1666691095\n|switch|p1a: Exploud|Exploud, L84, M|312\/312\n|turn|3\n|\n|t:|1666691100\n|switch|p2a: Persian|Persian-Alola, L82, M|241\/241\n|move|p1a: Exploud|Fire Blast|p2a: Persian\n|-damage|p2a: Persian|102\/241\n|\n|-heal|p2a: Persian|117\/241|[from] item: Leftovers\n|upkeep\n|turn|4\n|\n|t:|1666691109\n|move|p2a: Persian|Hypnosis|p1a: Exploud|[miss]\n|-miss|p2a: Persian|p1a: Exploud\n|move|p1a: Exploud|Fire Blast|p2a: Persian|[miss]\n|-miss|p1a: Exploud|p2a: Persian\n|\n|-heal|p2a: Persian|132\/241|[from] item: Leftovers\n|upkeep\n|turn|5\n|\n|t:|1666691124\n|switch|p1a: Tyranitar|Tyranitar, L78, M|284\/284\n|-weather|Sandstorm|[from] ability: Sand Stream|[of] p1a: Tyranitar\n|move|p2a: Persian|Hypnosis|p1a: Tyranitar|[miss]\n|-miss|p2a: Persian|p1a: Tyranitar\n|\n|-weather|Sandstorm|[upkeep]\n|-damage|p2a: Persian|117\/241|[from] Sandstorm\n|-heal|p2a: Persian|132\/241|[from] item: Leftovers\n|upkeep\n|turn|6\n|\n|t:|1666691139\n|switch|p2a: Eldegoss|Eldegoss, L90, F|254\/254\n|move|p1a: Tyranitar|Stone Edge|p2a: Eldegoss\n|-damage|p2a: Eldegoss|134\/254\n|\n|-weather|Sandstorm|[upkeep]\n|-damage|p2a: Eldegoss|119\/254|[from] Sandstorm\n|-heal|p2a: Eldegoss|134\/254|[from] item: Leftovers\n|upkeep\n|turn|7\n|\n|t:|1666691152\n|move|p2a: Eldegoss|Energy Ball|p1a: Tyranitar\n|-supereffective|p1a: Tyranitar\n|-damage|p1a: Tyranitar|164\/284\n|move|p1a: Tyranitar|Fire Punch|p2a: Eldegoss\n|-supereffective|p2a: Eldegoss\n|-damage|p2a: Eldegoss|22\/254\n|\n|-weather|Sandstorm|[upkeep]\n|-damage|p2a: Eldegoss|7\/254|[from] Sandstorm\n|-heal|p2a: Eldegoss|22\/254|[from] item: Leftovers\n|-heal|p1a: Tyranitar|181\/284|[from] item: Leftovers\n|upkeep\n|turn|8\n|\n|t:|1666691162\n|move|p2a: Eldegoss|Pollen Puff|p1a: Tyranitar\n|-supereffective|p1a: Tyranitar\n|-damage|p1a: Tyranitar|95\/284\n|move|p1a: Tyranitar|Fire Punch|p2a: Eldegoss\n|-supereffective|p2a: Eldegoss\n|-damage|p2a: Eldegoss|0 fnt\n|faint|p2a: Eldegoss\n|\n|-weather|Sandstorm|[upkeep]\n|-heal|p1a: Tyranitar|112\/284|[from] item: Leftovers\n|upkeep\n|\n|t:|1666691166\n|switch|p2a: Zacian|Zacian-Crowned, L62|218\/218\n|-ability|p2a: Zacian|Intrepid Sword|boost\n|-boost|p2a: Zacian|atk|1\n|turn|9\n|\n|t:|1666691177\n|move|p2a: Zacian|Swords Dance|p2a: Zacian\n|-boost|p2a: Zacian|atk|2\n|move|p1a: Tyranitar|Fire Punch|p2a: Zacian\n|-supereffective|p2a: Zacian\n|-damage|p2a: Zacian|88\/218\n|\n|-weather|none\n|-heal|p1a: Tyranitar|129\/284|[from] item: Leftovers\n|upkeep\n|turn|10\n|\n|t:|1666691186\n|-start|p1a: Tyranitar|Dynamax|\n|-heal|p1a: Tyranitar|258\/568|[silent]\n|move|p2a: Zacian|Behemoth Blade|p1a: Tyranitar\n|-supereffective|p1a: Tyranitar\n|-damage|p1a: Tyranitar|0 fnt\n|faint|p1a: Tyranitar\n|\n|upkeep\n|\n|t:|1666691196\n|switch|p1a: Exploud|Exploud, L84, M|312\/312\n|turn|11\n|\n|t:|1666691202\n|move|p2a: Zacian|Behemoth Blade|p1a: Exploud\n|-damage|p1a: Exploud|0 fnt\n|faint|p1a: Exploud\n|\n|upkeep\n|\n|t:|1666691213\n|switch|p1a: Aegislash|Aegislash, L80, M|227\/227\n|turn|12\n|\n|t:|1666691223\n|-formechange|p1a: Aegislash|Aegislash-Blade||[from] ability: Stance Change\n|move|p1a: Aegislash|Shadow Sneak|p2a: Zacian\n|-damage|p2a: Zacian|13\/218\n|-damage|p1a: Aegislash|205\/227|[from] item: Life Orb\n|move|p2a: Zacian|Crunch|p1a: Aegislash\n|-supereffective|p1a: Aegislash\n|-damage|p1a: Aegislash|0 fnt\n|faint|p1a: Aegislash\n|\n|upkeep\n|\n|t:|1666691235\n|switch|p1a: Comfey|Comfey, L86, M|228\/228\n|turn|13\n|\n|t:|1666691240\n|move|p1a: Comfey|Draining Kiss|p2a: Zacian\n|-resisted|p2a: Zacian\n|-damage|p2a: Zacian|0 fnt\n|faint|p2a: Zacian\n|-damage|p1a: Comfey|206\/228|[from] item: Life Orb\n|\n|upkeep\n|\n|t:|1666691244\n|switch|p2a: Tornadus|Tornadus-Therian, L78, M|251\/251\n|turn|14\n|\n|t:|1666691252\n|-start|p2a: Tornadus|Dynamax|\n|-heal|p2a: Tornadus|502\/502|[silent]\n|move|p2a: Tornadus|Max Airstream|p1a: Comfey\n|-damage|p1a: Comfey|91\/228\n|-boost|p2a: Tornadus|spe|1\n|move|p1a: Comfey|Calm Mind|p1a: Comfey\n|-boost|p1a: Comfey|spa|1\n|-boost|p1a: Comfey|spd|1\n|\n|upkeep\n|turn|15\n|\n|t:|1666691262\n|move|p1a: Comfey|Draining Kiss|p2a: Tornadus\n|-damage|p2a: Tornadus|399\/502\n|-heal|p1a: Comfey|168\/228|[from] drain|[of] p2a: Tornadus\n|-damage|p1a: Comfey|146\/228|[from] item: Life Orb\n|move|p2a: Tornadus|Max Airstream|p1a: Comfey\n|-damage|p1a: Comfey|67\/228\n|-boost|p2a: Tornadus|spe|1\n|\n|upkeep\n|turn|16\n|\n|t:|1666691272\n|move|p1a: Comfey|Draining Kiss|p2a: Tornadus\n|-damage|p2a: Tornadus|300\/502\n|-heal|p1a: Comfey|141\/228|[from] drain|[of] p2a: Tornadus\n|-damage|p1a: Comfey|119\/228|[from] item: Life Orb\n|move|p2a: Tornadus|Max Knuckle|p1a: Comfey\n|-resisted|p1a: Comfey\n|-damage|p1a: Comfey|89\/228\n|-boost|p2a: Tornadus|atk|1\n|\n|upkeep\n|-end|p2a: Tornadus|Dynamax\n|-heal|p2a: Tornadus|150\/251|[silent]\n|turn|17\n|\n|t:|1666691286\n|move|p1a: Comfey|Draining Kiss|p2a: Tornadus\n|-damage|p2a: Tornadus|49\/251\n|-heal|p1a: Comfey|165\/228|[from] drain|[of] p2a: Tornadus\n|-damage|p1a: Comfey|143\/228|[from] item: Life Orb\n|move|p2a: Tornadus|Knock Off|p1a: Comfey\n|-resisted|p1a: Comfey\n|-damage|p1a: Comfey|98\/228\n|-enditem|p1a: Comfey|Life Orb|[from] move: Knock Off|[of] p2a: Tornadus\n|\n|upkeep\n|turn|18\n|\n|t:|1666691295\n|move|p1a: Comfey|Draining Kiss|p2a: Tornadus\n|-damage|p2a: Tornadus|0 fnt\n|-heal|p1a: Comfey|135\/228|[from] drain|[of] p2a: Tornadus\n|faint|p2a: Tornadus\n|\n|upkeep\n|\n|t:|1666691298\n|switch|p2a: Persian|Persian-Alola, L82, M|132\/241\n|turn|19\n|\n|t:|1666691302\n|move|p1a: Comfey|Draining Kiss|p2a: Persian\n|-supereffective|p2a: Persian\n|-crit|p2a: Persian\n|-damage|p2a: Persian|0 fnt\n|-heal|p1a: Comfey|228\/228|[from] drain|[of] p2a: Persian\n|faint|p2a: Persian\n|\n|upkeep\n|\n|t:|1666691305\n|switch|p2a: Dragalge|Dragalge, L86, M|252\/252\n|turn|20\n|\n|t:|1666691315\n|move|p1a: Comfey|Draining Kiss|p2a: Dragalge\n|-damage|p2a: Dragalge|200\/252\n|move|p2a: Dragalge|Sludge Wave|p1a: Comfey\n|-supereffective|p1a: Comfey\n|-damage|p1a: Comfey|72\/228\n|\n|-heal|p2a: Dragalge|215\/252|[from] item: Black Sludge\n|upkeep\n|turn|21\n|\n|t:|1666691325\n|move|p1a: Comfey|Stored Power|p2a: Dragalge\n|-supereffective|p2a: Dragalge\n|-damage|p2a: Dragalge|127\/252\n|move|p2a: Dragalge|Sludge Wave|p1a: Comfey\n|-supereffective|p1a: Comfey\n|-damage|p1a: Comfey|0 fnt\n|faint|p1a: Comfey\n|\n|-heal|p2a: Dragalge|142\/252|[from] item: Black Sludge\n|upkeep\n|\n|t:|1666691334\n|switch|p1a: Stunfisk|Stunfisk, L84, M|320\/320\n|turn|22\n|\n|t:|1666691338\n|move|p2a: Dragalge|Focus Blast|p1a: Stunfisk|[miss]\n|-miss|p2a: Dragalge|p1a: Stunfisk\n|move|p1a: Stunfisk|Earth Power|p2a: Dragalge\n|-supereffective|p2a: Dragalge\n|-damage|p2a: Dragalge|14\/252\n|\n|-heal|p2a: Dragalge|29\/252|[from] item: Black Sludge\n|upkeep\n|turn|23\n|\n|t:|1666691346\n|move|p2a: Dragalge|Draco Meteor|p1a: Stunfisk\n|-damage|p1a: Stunfisk|196\/320\n|-unboost|p2a: Dragalge|spa|2\n|move|p1a: Stunfisk|Earth Power|p2a: Dragalge\n|-supereffective|p2a: Dragalge\n|-damage|p2a: Dragalge|0 fnt\n|faint|p2a: Dragalge\n|\n|win|KitsuneKikome\n|raw|KitsuneKikome's rating: 1166 &rarr; <strong>1192<\/strong><br \/>(+26 for winning)\n|raw|playeraccount's rating: 1177 &rarr; <strong>1151<\/strong><br \/>(-26 for losing)\n|l|\u2606playeraccount\n|c|\u2606KitsuneKikome|ggs!\n||Ladder isn't responding, score probably updated but might not have (Request timeout).\n","inputlog":">version cdc5fe0aa6fcc38eea459fd4e334db1536a68c32\n>start {\"formatid\":\"gen8randombattle\",\"seed\":[47390,33775,35655,7311],\"rated\":\"Rated battle\"}\n>player p1 {\"name\":\"KitsuneKikome\",\"avatar\":\"fantina\",\"rating\":1166,\"seed\":[12210,52649,46935,12661]}\n>player p2 {\"name\":\"playeraccount\",\"avatar\":\"2\",\"rating\":1177,\"seed\":[60681,39530,35298,28938]}\n>p1 move mysticalfire\n>p2 move freezedry\n>p2 switch 5\n>p1 move mysticalfire\n>p2 move behemothblade\n>p1 switch 3\n>p1 move fireblast\n>p2 switch 6\n>p1 move fireblast\n>p2 move hypnosis\n>p1 switch 5\n>p2 move hypnosis\n>p1 move stoneedge\n>p2 switch 2\n>p1 move firepunch\n>p2 move energyball\n>p1 move firepunch\n>p2 move pollenpuff\n>p2 switch 6\n>p1 move firepunch\n>p2 move swordsdance\n>p1 move firepunch dynamax\n>p2 move behemothblade\n>p1 switch 5\n>p1 move fireblast\n>p2 move behemothblade\n>p1 switch 2\n>p1 move shadowsneak\n>p2 move crunch\n>p1 switch 4\n>p1 move drainingkiss\n>p2 move playrough\n>p2 switch 3\n>p1 move calmmind\n>p2 move hurricane dynamax\n>p1 move drainingkiss\n>p2 move hurricane dynamax\n>p1 move drainingkiss\n>p2 move superpower dynamax\n>p1 move drainingkiss\n>p2 move knockoff\n>p1 move drainingkiss\n>p2 move hurricane\n>p2 switch 2\n>p1 move drainingkiss\n>p2 move hypnosis\n>p2 switch 4\n>p1 move drainingkiss\n>p2 move sludgewave\n>p1 move storedpower\n>p2 move sludgewave\n>p1 switch 6\n>p1 move earthpower\n>p2 move focusblast\n>p1 move earthpower\n>p2 move dracometeor","uploadtime":1666691361,"views":8,"p1id":"kitsunekikome","p2id":"playeraccount","formatid":"gen8randombattle","rating":1151,"private":0,"password":null}