{"id":"gen8randombattle-1697422684","p1":"PedroGreg","p2":"Lnfofo","format":"gen8randombattle","log":"|j|\u2606PedroGreg\n|j|\u2606Lnfofo\n|inactive|Battle timer is ON: inactive players will automatically lose when time's up.\n|t:|1666992810\n|gametype|singles\n|player|p1|PedroGreg|#wcop2022brazil|\n|player|p2|Lnfofo|cheren|\n|teamsize|p1|6\n|teamsize|p2|6\n|gen|8\n|tier|[Gen 8] Random Battle\n|rated|Tournament battle\n|rule|Species Clause: Limit one of each Pok\u00e9mon\n|rule|HP Percentage Mod: HP is shown in percentages\n|rule|Sleep Clause Mod: Limit one foe put to sleep\n|\n|t:|1666992810\n|start\n|switch|p1a: Drapion|Drapion, L82, M|249\/249\n|switch|p2a: Ditto|Ditto, L76|198\/198\n|-transform|p2a: Ditto|p1a: Drapion|[from] ability: Imposter\n|turn|1\n|c|\u2606Lnfofo|gl\n|inactive|PedroGreg has 120 seconds left.\n|c|\u2606PedroGreg|hf\n|\n|t:|1666992861\n|move|p2a: Ditto|Earthquake|p1a: Drapion\n|-supereffective|p1a: Drapion\n|-damage|p1a: Drapion|145\/249\n|move|p1a: Drapion|Earthquake|p2a: Ditto\n|-supereffective|p2a: Ditto\n|-damage|p2a: Ditto|65\/198\n|-damage|p1a: Drapion|121\/249|[from] item: Life Orb\n|\n|upkeep\n|turn|2\n|\n|t:|1666992870\n|move|p2a: Ditto|Earthquake|p1a: Drapion\n|-supereffective|p1a: Drapion\n|-damage|p1a: Drapion|13\/249\n|move|p1a: Drapion|Earthquake|p2a: Ditto\n|-supereffective|p2a: Ditto\n|-damage|p2a: Ditto|0 fnt\n|faint|p2a: Ditto\n|-damage|p1a: Drapion|0 fnt|[from] item: Life Orb\n|faint|p1a: Drapion\n|\n|upkeep\n|j| monkaSaur\n|\n|t:|1666992894\n|switch|p1a: Ninjask|Ninjask, L86, M|245\/245\n|switch|p2a: Umbreon|Umbreon, L82, F|290\/290\n|turn|3\n|\n|t:|1666992899\n|move|p1a: Ninjask|U-turn|p2a: Umbreon\n|-supereffective|p2a: Umbreon\n|-damage|p2a: Umbreon|174\/290\n|\n|t:|1666992904\n|switch|p1a: Venusaur|Venusaur, L82, F|265\/265\n|move|p2a: Umbreon|Toxic|p1a: Venusaur\n|-immune|p1a: Venusaur\n|\n|-heal|p2a: Umbreon|192\/290|[from] item: Leftovers\n|upkeep\n|turn|4\n|\n|t:|1666992909\n|move|p1a: Venusaur|Leech Seed|p2a: Umbreon\n|-start|p2a: Umbreon|move: Leech Seed\n|move|p2a: Umbreon|Wish|p2a: Umbreon\n|\n|-heal|p2a: Umbreon|210\/290|[from] item: Leftovers\n|-damage|p2a: Umbreon|174\/290|[from] Leech Seed|[of] p1a: Venusaur\n|upkeep\n|turn|5\n|\n|t:|1666992912\n|move|p2a: Umbreon|Protect|p2a: Umbreon\n|-singleturn|p2a: Umbreon|Protect\n|move|p1a: Venusaur|Substitute|p1a: Venusaur\n|-start|p1a: Venusaur|Substitute\n|-damage|p1a: Venusaur|199\/265\n|\n|-heal|p2a: Umbreon|290\/290|[from] move: Wish|[wisher] Umbreon\n|-heal|p1a: Venusaur|215\/265|[from] item: Black Sludge\n|-damage|p2a: Umbreon|254\/290|[from] Leech Seed|[of] p1a: Venusaur\n|-heal|p1a: Venusaur|251\/265|[silent]\n|upkeep\n|turn|6\n|\n|t:|1666992918\n|move|p1a: Venusaur|Sludge Bomb|p2a: Umbreon\n|-crit|p2a: Umbreon\n|-damage|p2a: Umbreon|155\/290\n|move|p2a: Umbreon|Foul Play|p1a: Venusaur\n|-end|p1a: Venusaur|Substitute\n|\n|-heal|p1a: Venusaur|265\/265|[from] item: Black Sludge\n|-heal|p2a: Umbreon|173\/290|[from] item: Leftovers\n|-damage|p2a: Umbreon|137\/290|[from] Leech Seed|[of] p1a: Venusaur\n|upkeep\n|turn|7\n|\n|t:|1666992924\n|switch|p2a: Chandelure|Chandelure, L82, M|233\/233\n|move|p1a: Venusaur|Sludge Bomb|p2a: Chandelure\n|-resisted|p2a: Chandelure\n|-damage|p2a: Chandelure|190\/233\n|-status|p2a: Chandelure|psn\n|\n|-damage|p2a: Chandelure|161\/233 psn|[from] psn\n|upkeep\n|turn|8\n|l| monkaSaur\n|\n|t:|1666992936\n|switch|p1a: Gallade|Gallade, L82, M|246\/246\n|move|p2a: Chandelure|Calm Mind|p2a: Chandelure\n|-boost|p2a: Chandelure|spa|1\n|-boost|p2a: Chandelure|spd|1\n|\n|-damage|p2a: Chandelure|132\/233 psn|[from] psn\n|upkeep\n|turn|9\n|\n|t:|1666992942\n|move|p1a: Gallade|Knock Off|p2a: Chandelure\n|-supereffective|p2a: Chandelure\n|-damage|p2a: Chandelure|0 fnt\n|-enditem|p2a: Chandelure|Heavy-Duty Boots|[from] move: Knock Off|[of] p1a: Gallade\n|faint|p2a: Chandelure\n|-damage|p1a: Gallade|222\/246|[from] item: Life Orb\n|\n|upkeep\n|\n|t:|1666992945\n|switch|p2a: Umbreon|Umbreon, L82, F|137\/290\n|turn|10\n|\n|t:|1666992948\n|move|p2a: Umbreon|Protect|p2a: Umbreon\n|-singleturn|p2a: Umbreon|Protect\n|move|p1a: Gallade|Close Combat|p2a: Umbreon\n|-activate|p2a: Umbreon|move: Protect\n|\n|-heal|p2a: Umbreon|155\/290|[from] item: Leftovers\n|upkeep\n|turn|11\n|\n|t:|1666992955\n|switch|p2a: Articuno|Articuno-Galar, L80|275\/275\n|move|p1a: Gallade|Close Combat|p2a: Articuno\n|-resisted|p2a: Articuno\n|-damage|p2a: Articuno|223\/275\n|-unboost|p1a: Gallade|def|1\n|-unboost|p1a: Gallade|spd|1\n|-damage|p1a: Gallade|198\/246|[from] item: Life Orb\n|\n|upkeep\n|turn|12\n|\n|t:|1666992962\n|move|p2a: Articuno|Calm Mind|p2a: Articuno\n|-boost|p2a: Articuno|spa|1\n|-boost|p2a: Articuno|spd|1\n|move|p1a: Gallade|Knock Off|p2a: Articuno\n|-supereffective|p2a: Articuno\n|-damage|p2a: Articuno|0 fnt\n|-enditem|p2a: Articuno|Heavy-Duty Boots|[from] move: Knock Off|[of] p1a: Gallade\n|faint|p2a: Articuno\n|-damage|p1a: Gallade|174\/246|[from] item: Life Orb\n|\n|upkeep\n|\n|t:|1666992969\n|switch|p2a: Luxray|Luxray, L84, F|272\/272\n|turn|13\n|\n|t:|1666992975\n|switch|p1a: Mamoswine|Mamoswine, L80, M|307\/307\n|move|p2a: Luxray|Agility|p2a: Luxray\n|-boost|p2a: Luxray|spe|2\n|\n|-status|p2a: Luxray|brn|[from] item: Flame Orb\n|upkeep\n|turn|14\n|\n|t:|1666992987\n|move|p2a: Luxray|Facade|p1a: Mamoswine\n|-damage|p1a: Mamoswine|105\/307\n|move|p1a: Mamoswine|Earthquake|p2a: Luxray\n|-supereffective|p2a: Luxray\n|-damage|p2a: Luxray|0 fnt\n|faint|p2a: Luxray\n|-damage|p1a: Mamoswine|75\/307|[from] item: Life Orb\n|\n|upkeep\n|\n|t:|1666992992\n|switch|p2a: Umbreon|Umbreon, L82, F|155\/290\n|turn|15\n|\n|t:|1666992996\n|move|p1a: Mamoswine|Stealth Rock|p2a: Umbreon\n|-sidestart|p2: Lnfofo|move: Stealth Rock\n|move|p2a: Umbreon|Wish|p2a: Umbreon\n|\n|-heal|p2a: Umbreon|173\/290|[from] item: Leftovers\n|upkeep\n|turn|16\n|\n|t:|1666993001\n|move|p2a: Umbreon|Protect|p2a: Umbreon\n|-singleturn|p2a: Umbreon|Protect\n|move|p1a: Mamoswine|Knock Off|p2a: Umbreon\n|-activate|p2a: Umbreon|move: Protect\n|\n|-heal|p2a: Umbreon|290\/290|[from] move: Wish|[wisher] Umbreon\n|upkeep\n|turn|17\n|\n|t:|1666993007\n|move|p1a: Mamoswine|Knock Off|p2a: Umbreon\n|-resisted|p2a: Umbreon\n|-damage|p2a: Umbreon|247\/290\n|-enditem|p2a: Umbreon|Leftovers|[from] move: Knock Off|[of] p1a: Mamoswine\n|-damage|p1a: Mamoswine|45\/307|[from] item: Life Orb\n|move|p2a: Umbreon|Toxic|p1a: Mamoswine|[miss]\n|-miss|p2a: Umbreon|p1a: Mamoswine\n|\n|upkeep\n|turn|18\n|\n|t:|1666993014\n|switch|p1a: Venusaur|Venusaur, L82, F|265\/265\n|move|p2a: Umbreon|Foul Play|p1a: Venusaur\n|-damage|p1a: Venusaur|192\/265\n|\n|-heal|p1a: Venusaur|208\/265|[from] item: Black Sludge\n|upkeep\n|turn|19\n|\n|t:|1666993022\n|switch|p2a: Zekrom|Zekrom, L69|252\/252\n|-damage|p2a: Zekrom|221\/252|[from] Stealth Rock\n|-ability|p2a: Zekrom|Teravolt\n|move|p1a: Venusaur|Leech Seed|p2a: Zekrom\n|-start|p2a: Zekrom|move: Leech Seed\n|\n|-heal|p1a: Venusaur|224\/265|[from] item: Black Sludge\n|-damage|p2a: Zekrom|190\/252|[from] Leech Seed|[of] p1a: Venusaur\n|-heal|p1a: Venusaur|255\/265|[silent]\n|upkeep\n|turn|20\n|\n|t:|1666993030\n|move|p1a: Venusaur|Sludge Bomb|p2a: Zekrom\n|-damage|p2a: Zekrom|93\/252\n|move|p2a: Zekrom|Dragon Dance|p2a: Zekrom\n|-boost|p2a: Zekrom|atk|1\n|-boost|p2a: Zekrom|spe|1\n|\n|-heal|p1a: Venusaur|265\/265|[from] item: Black Sludge\n|-damage|p2a: Zekrom|62\/252|[from] Leech Seed|[of] p1a: Venusaur\n|upkeep\n|turn|21\n|\n|t:|1666993039\n|-start|p2a: Zekrom|Dynamax|\n|-heal|p2a: Zekrom|124\/504|[silent]\n|move|p2a: Zekrom|Max Wyrmwind|p1a: Venusaur\n|-damage|p1a: Venusaur|27\/265\n|-unboost|p1a: Venusaur|atk|1\n|move|p1a: Venusaur|Sludge Bomb|p2a: Zekrom\n|-damage|p2a: Zekrom|22\/504\n|-status|p2a: Zekrom|psn\n|-enditem|p2a: Zekrom|Lum Berry|[eat]\n|-curestatus|p2a: Zekrom|psn|[msg]\n|\n|-heal|p1a: Venusaur|43\/265|[from] item: Black Sludge\n|-damage|p2a: Zekrom|0 fnt|[from] Leech Seed|[of] p1a: Venusaur\n|-heal|p1a: Venusaur|65\/265|[silent]\n|faint|p2a: Zekrom\n|upkeep\n|\n|t:|1666993049\n|switch|p2a: Umbreon|Umbreon, L82, F|247\/290\n|-damage|p2a: Umbreon|211\/290|[from] Stealth Rock\n|turn|22\n|\n|t:|1666993052\n|move|p1a: Venusaur|Leech Seed|p2a: Umbreon\n|-start|p2a: Umbreon|move: Leech Seed\n|move|p2a: Umbreon|Foul Play|p1a: Venusaur\n|-damage|p1a: Venusaur|22\/265\n|\n|-heal|p1a: Venusaur|38\/265|[from] item: Black Sludge\n|-damage|p2a: Umbreon|175\/290|[from] Leech Seed|[of] p1a: Venusaur\n|-heal|p1a: Venusaur|74\/265|[silent]\n|upkeep\n|turn|23\n|\n|t:|1666993060\n|move|p1a: Venusaur|Giga Drain|p2a: Umbreon\n|-damage|p2a: Umbreon|94\/290\n|-heal|p1a: Venusaur|115\/265|[from] drain|[of] p2a: Umbreon\n|move|p2a: Umbreon|Foul Play|p1a: Venusaur\n|-crit|p1a: Venusaur\n|-damage|p1a: Venusaur|12\/265\n|\n|-heal|p1a: Venusaur|28\/265|[from] item: Black Sludge\n|-damage|p2a: Umbreon|58\/290|[from] Leech Seed|[of] p1a: Venusaur\n|-heal|p1a: Venusaur|64\/265|[silent]\n|upkeep\n|turn|24\n|-message|Lnfofo forfeited.\n|\n|win|PedroGreg\n|n|\u2606PedroGreg|pedrogreg\n|n|\u2606Lnfofo|lnfofo\n|l|\u2606Lnfofo\n|c|\u2606PedroGreg|gg\n|l|\u2606PedroGreg\n","inputlog":">version 855bee47758c8e203fce9c72050fbccc525688e2\n>start {\"formatid\":\"gen8randombattle\",\"seed\":[18016,31614,14357,1666],\"rated\":\"Tournament battle\"}\n>player p1 {\"name\":\"PedroGreg\",\"avatar\":\"#wcop2022brazil\",\"rating\":0,\"seed\":[54914,64327,17776,52151]}\n>player p2 {\"name\":\"Lnfofo\",\"avatar\":\"cheren\",\"rating\":0,\"seed\":[20125,42217,58337,43669]}\n>chat \u2606Lnfofo|gl\n>chat \u2606PedroGreg|hf\n>p1 move earthquake\n>p2 move earthquake\n>p1 move earthquake\n>p2 move earthquake\n>p1 switch 4\n>p2 switch 5\n>p1 move uturn\n>p2 move toxic\n>p1 switch 5\n>p1 move leechseed\n>p2 move wish\n>p1 move substitute\n>p2 move protect\n>p1 move sludgebomb\n>p2 move foulplay\n>p1 move sludgebomb\n>p2 switch 4\n>p1 switch 3\n>p2 move calmmind\n>p1 move knockoff\n>p2 move shadowball\n>p2 switch 4\n>p1 move closecombat\n>p2 move protect\n>p1 move closecombat\n>p2 switch 3\n>p1 move knockoff\n>p2 move calmmind\n>p2 switch 6\n>p1 switch 2\n>p2 move agility\n>p1 move earthquake\n>p2 move facade\n>p2 switch 3\n>p1 move stealthrock\n>p2 move wish\n>p1 move knockoff\n>p2 move protect\n>p1 move knockoff\n>p2 move toxic\n>p1 switch 3\n>p2 move foulplay\n>p1 move leechseed\n>p2 switch 2\n>p1 move sludgebomb\n>p2 move dragondance\n>p1 move sludgebomb\n>p2 move outrage dynamax\n>p2 switch 2\n>p1 move leechseed\n>p2 move foulplay\n>p1 move gigadrain\n>p2 move foulplay\n>forcelose p2","uploadtime":1666993158,"views":8,"p1id":"pedrogreg","p2id":"lnfofo","formatid":"gen8randombattle","rating":0,"private":0,"password":null}