{"id":"gen8randombattle-1705995377","p1":"wdndy","p2":"Allelaja","format":"gen8randombattle","log":"|j|\u2606wdndy\n|j|\u2606Allelaja\n|t:|1667938295\n|gametype|singles\n|player|p1|wdndy|fisherman-gen4|1548\n|player|p2|Allelaja|tuber|1585\n|teamsize|p1|6\n|teamsize|p2|6\n|gen|8\n|tier|[Gen 8] Random Battle\n|rated|\n|rule|Species Clause: Limit one of each Pok\u00e9mon\n|rule|HP Percentage Mod: HP is shown in percentages\n|rule|Sleep Clause Mod: Limit one foe put to sleep\n|\n|t:|1667938295\n|start\n|switch|p1a: Reshiram|Reshiram, L74|270\/270\n|switch|p2a: Kartana|Kartana, L74|209\/209\n|-ability|p1a: Reshiram|Turboblaze\n|turn|1\n|inactive|Battle timer is ON: inactive players will automatically lose when time's up. (requested by Allelaja)\n|\n|t:|1667938301\n|switch|p2a: Coalossal|Coalossal, L87, M|333\/333\n|move|p1a: Reshiram|Blue Flare|p2a: Coalossal\n|-resisted|p2a: Coalossal\n|-damage|p2a: Coalossal|298\/333\n|\n|upkeep\n|turn|2\n|\n|t:|1667938308\n|switch|p1a: Starmie|Starmie, L84|238\/238\n|move|p2a: Coalossal|Spikes|p1a: Starmie\n|-sidestart|p1: wdndy|Spikes\n|\n|upkeep\n|turn|3\n|\n|t:|1667938314\n|switch|p2a: Whimsicott|Whimsicott, L84, M|238\/238\n|move|p1a: Starmie|Scald|p2a: Whimsicott\n|-resisted|p2a: Whimsicott\n|-damage|p2a: Whimsicott|156\/238\n|-damage|p1a: Starmie|215\/238|[from] item: Life Orb\n|\n|-heal|p2a: Whimsicott|170\/238|[from] item: Leftovers\n|upkeep\n|turn|4\n|\n|t:|1667938318\n|move|p2a: Whimsicott|Moonblast|p1a: Starmie\n|-damage|p1a: Starmie|134\/238\n|move|p1a: Starmie|Ice Beam|p2a: Whimsicott\n|-supereffective|p2a: Whimsicott\n|-damage|p2a: Whimsicott|0 fnt\n|faint|p2a: Whimsicott\n|-damage|p1a: Starmie|111\/238|[from] item: Life Orb\n|\n|upkeep\n|\n|t:|1667938327\n|switch|p2a: Meowstic|Meowstic, L84, M|262\/262\n|turn|5\n|\n|t:|1667938331\n|move|p2a: Meowstic|Thunder Wave|p1a: Starmie\n|-status|p1a: Starmie|par\n|move|p1a: Starmie|Recover|p1a: Starmie\n|-heal|p1a: Starmie|230\/238 par\n|\n|upkeep\n|turn|6\n|\n|t:|1667938340\n|move|p2a: Meowstic|Light Screen|p2a: Meowstic\n|-sidestart|p2: Allelaja|move: Light Screen\n|cant|p1a: Starmie|par\n|\n|upkeep\n|turn|7\n|\n|t:|1667938344\n|switch|p2a: Dialga|Dialga, L74|270\/270\n|-ability|p2a: Dialga|Pressure\n|move|p1a: Starmie|Scald|p2a: Dialga\n|-resisted|p2a: Dialga\n|-damage|p2a: Dialga|230\/270\n|-damage|p1a: Starmie|207\/238 par|[from] item: Life Orb\n|\n|-heal|p2a: Dialga|246\/270|[from] item: Leftovers\n|upkeep\n|turn|8\n|\n|t:|1667938352\n|switch|p1a: Chansey|Chansey, L84, F|557\/557\n|-damage|p1a: Chansey|488\/557|[from] Spikes\n|move|p2a: Dialga|Stealth Rock|p1a: Chansey\n|-sidestart|p1: wdndy|move: Stealth Rock\n|\n|-heal|p2a: Dialga|262\/270|[from] item: Leftovers\n|upkeep\n|turn|9\n|\n|t:|1667938359\n|switch|p2a: Coalossal|Coalossal, L87, M|298\/333\n|move|p1a: Chansey|Stealth Rock|p2a: Coalossal\n|-sidestart|p2: Allelaja|move: Stealth Rock\n|\n|upkeep\n|turn|10\n|\n|t:|1667938366\n|switch|p1a: Scrafty|Scrafty, L82, F|241\/241\n|-damage|p1a: Scrafty|211\/241|[from] Spikes\n|-damage|p1a: Scrafty|196\/241|[from] Stealth Rock\n|-ability|p1a: Scrafty|Intimidate|boost\n|-unboost|p2a: Coalossal|atk|1\n|move|p2a: Coalossal|Rapid Spin|p1a: Scrafty\n|-damage|p1a: Scrafty|177\/241\n|-boost|p2a: Coalossal|spe|1\n|-sideend|p2: Allelaja|Stealth Rock|[from] move: Rapid Spin|[of] p2a: Coalossal\n|\n|upkeep\n|turn|11\n|\n|t:|1667938371\n|move|p2a: Coalossal|Overheat|p1a: Scrafty\n|-damage|p1a: Scrafty|75\/241\n|-unboost|p2a: Coalossal|spa|2\n|move|p1a: Scrafty|Dragon Dance|p1a: Scrafty\n|-boost|p1a: Scrafty|atk|1\n|-boost|p1a: Scrafty|spe|1\n|\n|upkeep\n|turn|12\n|\n|t:|1667938375\n|move|p1a: Scrafty|Close Combat|p2a: Coalossal\n|-supereffective|p2a: Coalossal\n|-damage|p2a: Coalossal|22\/333\n|-unboost|p1a: Scrafty|def|1\n|-unboost|p1a: Scrafty|spd|1\n|move|p2a: Coalossal|Overheat|p1a: Scrafty\n|-damage|p1a: Scrafty|0 fnt\n|-unboost|p2a: Coalossal|spa|2\n|faint|p1a: Scrafty\n|\n|upkeep\n|\n|t:|1667938383\n|switch|p1a: Starmie|Starmie, L84|207\/238 par\n|-damage|p1a: Starmie|178\/238 par|[from] Spikes\n|-damage|p1a: Starmie|149\/238 par|[from] Stealth Rock\n|turn|13\n|\n|t:|1667938386\n|move|p2a: Coalossal|Stone Edge|p1a: Starmie\n|-damage|p1a: Starmie|83\/238 par\n|move|p1a: Starmie|Scald|p2a: Coalossal\n|-supereffective|p2a: Coalossal\n|-damage|p2a: Coalossal|0 fnt\n|faint|p2a: Coalossal\n|-damage|p1a: Starmie|60\/238 par|[from] item: Life Orb\n|\n|-sideend|p2: Allelaja|move: Light Screen\n|upkeep\n|\n|t:|1667938391\n|switch|p2a: Kartana|Kartana, L74|209\/209\n|turn|14\n|\n|t:|1667938394\n|move|p2a: Kartana|Leaf Blade|p1a: Starmie\n|-supereffective|p1a: Starmie\n|-damage|p1a: Starmie|0 fnt\n|faint|p1a: Starmie\n|-ability|p2a: Kartana|Beast Boost|boost\n|-boost|p2a: Kartana|atk|1\n|-damage|p2a: Kartana|189\/209|[from] item: Life Orb\n|\n|upkeep\n|\n|t:|1667938397\n|switch|p1a: Delibird|Delibird, M|252\/252\n|turn|15\n|\n|t:|1667938403\n|move|p1a: Delibird|Rapid Spin|p2a: Kartana\n|-resisted|p2a: Kartana\n|-damage|p2a: Kartana|175\/209\n|-boost|p1a: Delibird|spe|1\n|-sideend|p1: wdndy|Spikes|[from] move: Rapid Spin|[of] p1a: Delibird\n|-sideend|p1: wdndy|Stealth Rock|[from] move: Rapid Spin|[of] p1a: Delibird\n|move|p2a: Kartana|Smart Strike|p1a: Delibird\n|-supereffective|p1a: Delibird\n|-damage|p1a: Delibird|0 fnt\n|faint|p1a: Delibird\n|-ability|p2a: Kartana|Beast Boost|boost\n|-boost|p2a: Kartana|atk|1\n|-damage|p2a: Kartana|155\/209|[from] item: Life Orb\n|\n|upkeep\n|\n|t:|1667938407\n|switch|p1a: Reshiram|Reshiram, L74|270\/270\n|-ability|p1a: Reshiram|Turboblaze\n|turn|16\n|\n|t:|1667938409\n|move|p2a: Kartana|Sacred Sword|p1a: Reshiram\n|-damage|p1a: Reshiram|54\/270\n|-damage|p2a: Kartana|135\/209|[from] item: Life Orb\n|move|p1a: Reshiram|Blue Flare|p2a: Kartana\n|-supereffective|p2a: Kartana\n|-damage|p2a: Kartana|0 fnt\n|faint|p2a: Kartana\n|\n|upkeep\n|\n|t:|1667938417\n|switch|p2a: Meowstic|Meowstic, L84, M|262\/262\n|turn|17\n|\n|t:|1667938419\n|move|p2a: Meowstic|Psychic|p1a: Reshiram\n|-damage|p1a: Reshiram|0 fnt\n|faint|p1a: Reshiram\n|\n|upkeep\n|\n|t:|1667938423\n|switch|p1a: Haxorus|Haxorus, L77, M|244\/244\n|-ability|p1a: Haxorus|Mold Breaker\n|turn|18\n|\n|t:|1667938425\n|move|p2a: Meowstic|Thunder Wave|p1a: Haxorus|[miss]\n|-miss|p2a: Meowstic|p1a: Haxorus\n|move|p1a: Haxorus|Dragon Dance|p1a: Haxorus\n|-boost|p1a: Haxorus|atk|1\n|-boost|p1a: Haxorus|spe|1\n|\n|upkeep\n|turn|19\n|\n|t:|1667938430\n|-start|p1a: Haxorus|Dynamax|\n|-heal|p1a: Haxorus|488\/488|[silent]\n|move|p2a: Meowstic|Thunder Wave|p1a: Haxorus|[miss]\n|-miss|p2a: Meowstic|p1a: Haxorus\n|move|p1a: Haxorus|Max Wyrmwind|p2a: Meowstic\n|-damage|p2a: Meowstic|0 fnt\n|faint|p2a: Meowstic\n|-damage|p1a: Haxorus|464\/488|[from] item: Life Orb\n|\n|upkeep\n|\n|t:|1667938440\n|switch|p2a: Landorus|Landorus-Therian, L72, M|247\/247\n|-ability|p2a: Landorus|Intimidate|boost\n|-unboost|p1a: Haxorus|atk|1\n|turn|20\n|\n|t:|1667938444\n|switch|p2a: Dialga|Dialga, L74|262\/270\n|-ability|p2a: Dialga|Pressure\n|move|p1a: Haxorus|Max Wyrmwind|p2a: Dialga\n|-damage|p2a: Dialga|74\/270\n|-unboost|p2a: Dialga|atk|1\n|-damage|p1a: Haxorus|440\/488|[from] item: Life Orb\n|\n|-heal|p2a: Dialga|90\/270|[from] item: Leftovers\n|upkeep\n|turn|21\n|\n|t:|1667938452\n|move|p1a: Haxorus|Max Knuckle|p2a: Dialga\n|-supereffective|p2a: Dialga\n|-damage|p2a: Dialga|0 fnt\n|-boost|p1a: Haxorus|atk|1\n|faint|p2a: Dialga\n|-damage|p1a: Haxorus|416\/488|[from] item: Life Orb\n|\n|upkeep\n|\n|t:|1667938454\n|switch|p2a: Landorus|Landorus-Therian, L72, M|247\/247\n|-ability|p2a: Landorus|Intimidate|boost\n|-unboost|p1a: Haxorus|atk|1\n|-end|p1a: Haxorus|Dynamax\n|-heal|p1a: Haxorus|208\/244|[silent]\n|turn|22\n|\n|t:|1667938459\n|-start|p2a: Landorus|Dynamax|\n|-heal|p2a: Landorus|494\/494|[silent]\n|move|p1a: Haxorus|Outrage|p2a: Landorus\n|-damage|p2a: Landorus|283\/494\n|-damage|p1a: Haxorus|184\/244|[from] item: Life Orb\n|move|p2a: Landorus|Max Airstream|p1a: Haxorus\n|-damage|p1a: Haxorus|3\/244\n|-boost|p2a: Landorus|spe|1\n|-damage|p2a: Landorus|259\/494|[from] item: Life Orb\n|\n|upkeep\n|turn|23\n|\n|t:|1667938467\n|move|p1a: Haxorus|Outrage|p2a: Landorus|[from]lockedmove\n|-damage|p2a: Landorus|39\/494\n|-damage|p1a: Haxorus|0 fnt|[from] item: Life Orb\n|faint|p1a: Haxorus\n|move|p2a: Landorus|Max Airstream|p1: Haxorus|[notarget]\n|-fail|p2a: Landorus\n|\n|upkeep\n|\n|t:|1667938469\n|switch|p1a: Chansey|Chansey, L84, F|488\/557\n|turn|24\n|\n|t:|1667938472\n|move|p2a: Landorus|Max Airstream|p1a: Chansey\n|-damage|p1a: Chansey|86\/557\n|-boost|p2a: Landorus|spe|1\n|-damage|p2a: Landorus|15\/494|[from] item: Life Orb\n|move|p1a: Chansey|Seismic Toss|p2a: Landorus\n|-damage|p2a: Landorus|0 fnt\n|faint|p2a: Landorus\n|\n|win|wdndy\n|raw|wdndy's rating: 1548 &rarr; <strong>1570<\/strong><br \/>(+22 for winning)\n|raw|Allelaja's rating: 1585 &rarr; <strong>1563<\/strong><br \/>(-22 for losing)\n|l|\u2606Allelaja\n||Ladder isn't responding, score probably updated but might not have (Request timeout).\n","inputlog":">version 64bd7780963bb8912946b73c4d69c4a2054e31b7\n>start {\"formatid\":\"gen8randombattle\",\"seed\":[14237,14985,65106,13538],\"rated\":\"Rated battle\"}\n>player p1 {\"name\":\"wdndy\",\"avatar\":\"fisherman-gen4\",\"rating\":1548,\"seed\":[4043,718,54171,64606]}\n>player p2 {\"name\":\"Allelaja\",\"avatar\":\"tuber\",\"rating\":1585,\"seed\":[58358,55092,47150,27393]}\n>p1 move blueflare\n>p2 switch 5\n>p1 switch 5\n>p2 move spikes\n>p1 move scald\n>p2 switch 4\n>p1 move icebeam\n>p2 move moonblast\n>p2 switch 3\n>p1 move recover\n>p2 move thunderwave\n>p1 move scald\n>p2 move lightscreen\n>p1 move scald\n>p2 switch 2\n>p1 switch 6\n>p2 move stealthrock\n>p1 move stealthrock\n>p2 switch 4\n>p1 switch 3\n>p2 move rapidspin\n>p1 move dragondance\n>p2 move overheat\n>p1 move closecombat\n>p2 move overheat\n>p1 switch 6\n>p1 move scald\n>p2 move stoneedge\n>p2 switch 5\n>p1 move scald\n>p2 move leafblade\n>p1 switch 2\n>p1 move rapidspin\n>p2 move smartstrike\n>p1 switch 5\n>p1 move blueflare\n>p2 move sacredsword\n>p2 switch 2\n>p1 move dracometeor\n>p2 move psychic\n>p1 switch 4\n>p1 move dragondance\n>p2 move thunderwave\n>p1 move outrage dynamax\n>p2 move thunderwave\n>p2 switch 6\n>p1 move outrage dynamax\n>p2 switch 4\n>p1 move closecombat dynamax\n>p2 move toxic\n>p2 switch 4\n>p1 move outrage\n>p2 move fly dynamax\n>p1 move outrage\n>p2 move fly dynamax\n>p1 switch 3\n>p1 move seismictoss\n>p2 move fly dynamax","uploadtime":1667938501,"views":4,"p1id":"wdndy","p2id":"allelaja","formatid":"gen8randombattle","rating":1563,"private":0,"password":null}