{"id":"gen8ou-1300717837","p1":"friedfreak","p2":"Omari P Heat Alt","format":"gen8ou","log":"|j|\u2606friedfreak\n|j|\u2606Omari P Heat Alt\n|t:|1615658993\n|player|p1|friedfreak|1|1828\n|player|p2|Omari P Heat Alt|pokemonrangerf|1709\n|teamsize|p1|6\n|teamsize|p2|6\n|gametype|singles\n|gen|8\n|tier|[Gen 8] OU\n|rated|\n|clearpoke\n|poke|p1|Clefable, F|\n|poke|p1|Garchomp, M|\n|poke|p1|Tapu Koko|\n|poke|p1|Ferrothorn, M|\n|poke|p1|Mandibuzz, F|\n|poke|p1|Urshifu-*, M|\n|poke|p2|Torkoal, M|\n|poke|p2|Venusaur, M|\n|poke|p2|Heatran, M|\n|poke|p2|Mandibuzz, F|\n|poke|p2|Latios, M|\n|poke|p2|Landorus-Therian, M|\n|rule|Sleep Clause Mod: Limit one foe put to sleep\n|rule|Species Clause: Limit one of each Pok\u00e9mon\n|rule|OHKO Clause: OHKO moves are banned\n|rule|Evasion Moves Clause: Evasion moves are banned\n|rule|Endless Battle Clause: Forcing endless battles is banned\n|rule|HP Percentage Mod: HP is shown in percentages\n|rule|Dynamax Clause: You cannot dynamax\n|teampreview\n|j| Criminal Honrado\n|\n|t:|1615659020\n|start\n|switch|p1a: Garchomp|Garchomp, M|100\/100\n|switch|p2a: Landorus|Landorus-Therian, M|100\/100\n|-ability|p2a: Landorus|Intimidate|boost\n|-unboost|p1a: Garchomp|atk|1\n|turn|1\n|\n|t:|1615659026\n|move|p2a: Landorus|Earthquake|p1a: Garchomp\n|-damage|p1a: Garchomp|48\/100\n|move|p1a: Garchomp|Stealth Rock|p2a: Landorus\n|-sidestart|p2: Omari P Heat Alt|move: Stealth Rock\n|\n|upkeep\n|turn|2\n|inactive|Battle timer is ON: inactive players will automatically lose when time's up. (requested by Omari P Heat Alt)\n|l| Criminal Honrado\n|\n|t:|1615659033\n|switch|p2a: Mandibuzz|Mandibuzz, F, shiny|100\/100\n|-damage|p2a: Mandibuzz|76\/100|[from] Stealth Rock\n|switch|p1a: Mandibuzz|Mandibuzz, F|100\/100\n|\n|upkeep\n|turn|3\n|\n|t:|1615659037\n|move|p1a: Mandibuzz|Toxic|p2a: Mandibuzz\n|-status|p2a: Mandibuzz|tox\n|move|p2a: Mandibuzz|Defog|p1a: Mandibuzz\n|-unboost|p1a: Mandibuzz|evasion|1\n|-sideend|p2: Omari P Heat Alt|Stealth Rock|[from] move: Defog|[of] p2a: Mandibuzz\n|\n|-damage|p2a: Mandibuzz|70\/100 tox|[from] psn\n|upkeep\n|turn|4\n|\n|t:|1615659047\n|switch|p1a: Garchomp|Garchomp, M|48\/100\n|switch|p2a: Torkoal|Torkoal, M|100\/100\n|-weather|SunnyDay|[from] ability: Drought|[of] p2a: Torkoal\n|\n|-weather|SunnyDay|[upkeep]\n|upkeep\n|turn|5\n|j| Trysmeth\n|j| Nesnot\n|j| tapu moxo\n|\n|t:|1615659060\n|switch|p2a: Venusaur|Venusaur, M|100\/100\n|move|p1a: Garchomp|Stealth Rock|p2a: Venusaur\n|-sidestart|p2: Omari P Heat Alt|move: Stealth Rock\n|\n|-weather|SunnyDay|[upkeep]\n|upkeep\n|turn|6\n|j| AgressivEbolAidCOV\n|\n|t:|1615659074\n|move|p2a: Venusaur|Growth|p2a: Venusaur\n|-boost|p2a: Venusaur|atk|2\n|-boost|p2a: Venusaur|spa|2\n|move|p1a: Garchomp|Earthquake|p2a: Venusaur\n|-damage|p2a: Venusaur|25\/100\n|\n|-weather|SunnyDay|[upkeep]\n|upkeep\n|turn|7\n|j| Die4Slaya\n|j| roltr\n|\n|t:|1615659087\n|switch|p1a: Ferrothorn|Ferrothorn, M|100\/100\n|move|p2a: Venusaur|Giga Drain|p1a: Ferrothorn\n|-resisted|p1a: Ferrothorn\n|-damage|p1a: Ferrothorn|79\/100\n|-heal|p2a: Venusaur|38\/100|[from] drain|[of] p1a: Ferrothorn\n|-damage|p2a: Venusaur|28\/100|[from] item: Life Orb\n|\n|-weather|SunnyDay|[upkeep]\n|-heal|p1a: Ferrothorn|85\/100|[from] item: Leftovers\n|upkeep\n|turn|8\n|l| tapu moxo\n|inactive|Omari P Heat Alt has 120 seconds left.\n|l| Die4Slaya\n|inactive|Omari P Heat Alt has 90 seconds left.\n|\n|t:|1615659149\n|move|p2a: Venusaur|Weather Ball|p1a: Ferrothorn\n|-supereffective|p1a: Ferrothorn\n|-damage|p1a: Ferrothorn|0 fnt\n|-damage|p2a: Venusaur|18\/100|[from] item: Life Orb\n|faint|p1a: Ferrothorn\n|\n|-weather|SunnyDay|[upkeep]\n|upkeep\n|\n|t:|1615659158\n|switch|p1a: Mandibuzz|Mandibuzz, F|100\/100\n|turn|9\n|j| der kuli\n|inactive|Omari P Heat Alt has 90 seconds left.\n|\n|t:|1615659186\n|move|p2a: Venusaur|Weather Ball|p1a: Mandibuzz\n|-damage|p1a: Mandibuzz|25\/100\n|-damage|p2a: Venusaur|8\/100|[from] item: Life Orb\n|move|p1a: Mandibuzz|Knock Off|p2a: Venusaur\n|-damage|p2a: Venusaur|0 fnt\n|-enditem|p2a: Venusaur|Life Orb|[from] move: Knock Off|[of] p1a: Mandibuzz\n|faint|p2a: Venusaur\n|\n|-weather|SunnyDay|[upkeep]\n|upkeep\n|\n|t:|1615659191\n|switch|p2a: Heatran|Heatran, M|100\/100\n|-damage|p2a: Heatran|88\/100|[from] Stealth Rock\n|turn|10\n|j| trolllorddeee\n|\n|t:|1615659213\n|switch|p1a: Clefable|Clefable, F|100\/100\n|move|p2a: Heatran|Eruption|p1a: Clefable\n|-damage|p1a: Clefable|0 fnt\n|faint|p1a: Clefable\n|\n|-weather|SunnyDay|[upkeep]\n|upkeep\n|inactive|friedfreak has 120 seconds left.\n|\n|t:|1615659224\n|switch|p1a: Urshifu|Urshifu-Rapid-Strike, M|100\/100\n|turn|11\n|l| der kuli\n|inactive|friedfreak has 120 seconds left.\n|\n|t:|1615659238\n|switch|p2a: Mandibuzz|Mandibuzz, F, shiny|70\/100 tox\n|-damage|p2a: Mandibuzz|45\/100 tox|[from] Stealth Rock\n|move|p1a: Urshifu|Surging Strikes|p2a: Mandibuzz\n|-crit|p2a: Mandibuzz\n|-damage|p2a: Mandibuzz|37\/100 tox\n|-damage|p1a: Urshifu|84\/100|[from] item: Rocky Helmet|[of] p2a: Mandibuzz\n|-crit|p2a: Mandibuzz\n|-damage|p2a: Mandibuzz|28\/100 tox\n|-damage|p1a: Urshifu|68\/100|[from] item: Rocky Helmet|[of] p2a: Mandibuzz\n|-crit|p2a: Mandibuzz\n|-damage|p2a: Mandibuzz|19\/100 tox\n|-damage|p1a: Urshifu|51\/100|[from] item: Rocky Helmet|[of] p2a: Mandibuzz\n|-hitcount|p2a: Mandibuzz|3\n|\n|-weather|none\n|-damage|p2a: Mandibuzz|13\/100 tox|[from] psn\n|upkeep\n|turn|12\n|\n|t:|1615659242\n|move|p1a: Urshifu|Surging Strikes|p2a: Mandibuzz\n|-crit|p2a: Mandibuzz\n|-damage|p2a: Mandibuzz|0 fnt\n|-damage|p1a: Urshifu|35\/100|[from] item: Rocky Helmet|[of] p2a: Mandibuzz\n|-hitcount|p2a: Mandibuzz|1\n|faint|p2a: Mandibuzz\n|\n|upkeep\n|\n|t:|1615659245\n|switch|p2a: Torkoal|Torkoal, M|100\/100\n|-damage|p2a: Torkoal|76\/100|[from] Stealth Rock\n|-weather|SunnyDay|[from] ability: Drought|[of] p2a: Torkoal\n|turn|13\n|\n|t:|1615659254\n|move|p1a: Urshifu|Surging Strikes|p2a: Torkoal\n|-supereffective|p2a: Torkoal\n|-crit|p2a: Torkoal\n|-damage|p2a: Torkoal|59\/100\n|-supereffective|p2a: Torkoal\n|-crit|p2a: Torkoal\n|-damage|p2a: Torkoal|45\/100\n|-supereffective|p2a: Torkoal\n|-crit|p2a: Torkoal\n|-damage|p2a: Torkoal|28\/100\n|-hitcount|p2a: Torkoal|3\n|move|p2a: Torkoal|Lava Plume|p1a: Urshifu\n|-resisted|p1a: Urshifu\n|-damage|p1a: Urshifu|9\/100\n|\n|-weather|SunnyDay|[upkeep]\n|upkeep\n|turn|14\n|inactive|Omari P Heat Alt has 120 seconds left.\n|\n|t:|1615659286\n|move|p1a: Urshifu|Surging Strikes|p2a: Torkoal\n|-supereffective|p2a: Torkoal\n|-crit|p2a: Torkoal\n|-damage|p2a: Torkoal|11\/100\n|-supereffective|p2a: Torkoal\n|-crit|p2a: Torkoal\n|-damage|p2a: Torkoal|0 fnt\n|-hitcount|p2a: Torkoal|2\n|faint|p2a: Torkoal\n|\n|-weather|SunnyDay|[upkeep]\n|upkeep\n|\n|t:|1615659290\n|switch|p2a: Landorus|Landorus-Therian, M|100\/100\n|-damage|p2a: Landorus|88\/100|[from] Stealth Rock\n|-ability|p2a: Landorus|Intimidate|boost\n|-unboost|p1a: Urshifu|atk|1\n|turn|15\n|\n|t:|1615659306\n|switch|p1a: Garchomp|Garchomp, M|48\/100\n|move|p2a: Landorus|U-turn|p1a: Garchomp\n|-damage|p1a: Garchomp|20\/100\n|-damage|p2a: Landorus|76\/100|[from] ability: Rough Skin|[of] p1a: Garchomp\n|\n|t:|1615659309\n|switch|p2a: Latios|Latios, M|100\/100|[from]move: U-turn\n|-damage|p2a: Latios|88\/100|[from] Stealth Rock\n|\n|-weather|SunnyDay|[upkeep]\n|upkeep\n|turn|16\n|\n|t:|1615659319\n|move|p2a: Latios|Mystical Fire|p1a: Garchomp\n|-resisted|p1a: Garchomp\n|-damage|p1a: Garchomp|0 fnt\n|-damage|p2a: Latios|78\/100|[from] item: Life Orb\n|faint|p1a: Garchomp\n|\n|-weather|SunnyDay|[upkeep]\n|upkeep\n|j| Ladderwithme33\n|\n|t:|1615659333\n|switch|p1a: Tapu Koko|Tapu Koko|100\/100\n|-fieldstart|move: Electric Terrain|[from] ability: Electric Surge|[of] p1a: Tapu Koko\n|turn|17\n|\n|t:|1615659341\n|switch|p2a: Heatran|Heatran, M|88\/100\n|-damage|p2a: Heatran|76\/100|[from] Stealth Rock\n|move|p1a: Tapu Koko|Dazzling Gleam|p2a: Heatran\n|-resisted|p2a: Heatran\n|-damage|p2a: Heatran|68\/100\n|\n|-weather|SunnyDay|[upkeep]\n|upkeep\n|turn|18\n|l| Ladderwithme33\n|inactive|friedfreak has 120 seconds left.\n|j| Clozap9\n|\n|t:|1615659392\n|move|p1a: Tapu Koko|Thunderbolt|p2a: Heatran\n|-damage|p2a: Heatran|16\/100\n|move|p2a: Heatran|Flamethrower|p1a: Tapu Koko\n|-damage|p1a: Tapu Koko|0 fnt\n|faint|p1a: Tapu Koko\n|\n|-weather|SunnyDay|[upkeep]\n|upkeep\n|l| trolllorddeee\n|\n|t:|1615659401\n|switch|p1a: Urshifu|Urshifu-Rapid-Strike, M|9\/100\n|turn|19\n|\n|t:|1615659413\n|move|p1a: Urshifu|Surging Strikes|p2a: Heatran\n|-supereffective|p2a: Heatran\n|-crit|p2a: Heatran\n|-damage|p2a: Heatran|0 fnt\n|-hitcount|p2a: Heatran|1\n|faint|p2a: Heatran\n|\n|-weather|SunnyDay|[upkeep]\n|upkeep\n|\n|t:|1615659416\n|switch|p2a: Latios|Latios, M|78\/100\n|-damage|p2a: Latios|66\/100|[from] Stealth Rock\n|turn|20\n|\n|t:|1615659428\n|move|p2a: Latios|Mystical Fire|p1a: Urshifu\n|-resisted|p1a: Urshifu\n|-damage|p1a: Urshifu|0 fnt\n|-damage|p2a: Latios|56\/100|[from] item: Life Orb\n|faint|p1a: Urshifu\n|\n|-weather|none\n|upkeep\n|\n|t:|1615659431\n|switch|p1a: Mandibuzz|Mandibuzz, F|25\/100\n|turn|21\n|\n|t:|1615659434\n|move|p2a: Latios|Draco Meteor|p1a: Mandibuzz\n|-damage|p1a: Mandibuzz|0 fnt\n|-unboost|p2a: Latios|spa|2\n|-damage|p2a: Latios|46\/100|[from] item: Life Orb\n|faint|p1a: Mandibuzz\n|\n|win|Omari P Heat Alt\n|raw|friedfreak's rating: 1828 &rarr; <strong>1807<\/strong><br \/>(-21 for losing)\n|raw|Omari P Heat Alt's rating: 1709 &rarr; <strong>1730<\/strong><br \/>(+21 for winning)\n|l|\u2606friedfreak\n||Ladder (probably) updated, but score could not be retrieved (Request timeout).\n|l| roltr\n","uploadtime":1615659457,"views":31,"p1id":"friedfreak","p2id":"omaripheatalt","formatid":"gen8ou","rating":1730,"private":0,"password":null}