{"id":"gen8ou-1659854817","p1":"reionatro","p2":"quixana","format":"gen8ou","log":"|j|\u2606reionatro\n|j|\u2606quixana\n|t:|1662715090\n|gametype|singles\n|player|p1|reionatro|169|1888\n|player|p2|quixana|ethan-pokeathlon|1783\n|teamsize|p1|6\n|teamsize|p2|6\n|gen|8\n|tier|[Gen 8] OU\n|rated|\n|rule|Sleep Clause Mod: Limit one foe put to sleep\n|rule|Species Clause: Limit one of each Pok\u00e9mon\n|rule|OHKO Clause: OHKO moves are banned\n|rule|Evasion Items Clause: Evasion items are banned\n|rule|Evasion Moves Clause: Evasion moves are banned\n|rule|Endless Battle Clause: Forcing endless battles is banned\n|rule|HP Percentage Mod: HP is shown in percentages\n|rule|Dynamax Clause: You cannot dynamax\n|clearpoke\n|poke|p1|Landorus-Therian, M|\n|poke|p1|Melmetal|\n|poke|p1|Rillaboom, M|\n|poke|p1|Tapu Koko|\n|poke|p1|Urshifu-*, F|\n|poke|p1|Zapdos|\n|poke|p2|Zeraora|\n|poke|p2|Zapdos|\n|poke|p2|Rillaboom, F|\n|poke|p2|Kartana|\n|poke|p2|Landorus-Therian, M|\n|poke|p2|Heatran, M|\n|teampreview\n|c|\u2606reionatro|hf\n|c|\u2606quixana|u2\n|j| docked\n|\n|t:|1662715136\n|start\n|switch|p1a: Zapdos|Zapdos, shiny|100\/100\n|switch|p2a: Landorus|Landorus-Therian, M|100\/100\n|-ability|p2a: Landorus|Intimidate|boost\n|-unboost|p1a: Zapdos|atk|1\n|turn|1\n|\n|t:|1662715141\n|move|p1a: Zapdos|Hurricane|p2a: Landorus\n|-damage|p2a: Landorus|68\/100\n|move|p2a: Landorus|Toxic|p1a: Zapdos\n|-status|p1a: Zapdos|tox\n|\n|-heal|p2a: Landorus|74\/100|[from] item: Leftovers\n|-damage|p1a: Zapdos|94\/100 tox|[from] psn\n|upkeep\n|turn|2\n|\n|t:|1662715155\n|move|p1a: Zapdos|Hurricane|p2a: Landorus\n|-damage|p2a: Landorus|37\/100\n|move|p2a: Landorus|Stealth Rock|p1a: Zapdos\n|-sidestart|p1: reionatro|move: Stealth Rock\n|\n|-heal|p2a: Landorus|43\/100|[from] item: Leftovers\n|-damage|p1a: Zapdos|82\/100 tox|[from] psn\n|upkeep\n|turn|3\n|\n|t:|1662715170\n|move|p1a: Zapdos|Hurricane|p2a: Landorus|[miss]\n|-miss|p1a: Zapdos|p2a: Landorus\n|move|p2a: Landorus|U-turn|p1a: Zapdos\n|-resisted|p1a: Zapdos\n|-damage|p1a: Zapdos|73\/100 tox\n|\n|t:|1662715174\n|switch|p2a: Zeraora|Zeraora|100\/100|[from]move: U-turn\n|\n|-damage|p1a: Zapdos|55\/100 tox|[from] psn\n|upkeep\n|turn|4\n|\n|t:|1662715178\n|switch|p1a: Landorus|Landorus-Therian, M|100\/100\n|-damage|p1a: Landorus|88\/100|[from] Stealth Rock\n|-ability|p1a: Landorus|Intimidate|boost\n|-unboost|p2a: Zeraora|atk|1\n|move|p2a: Zeraora|Knock Off|p1a: Landorus\n|-damage|p1a: Landorus|67\/100\n|-enditem|p1a: Landorus|Leftovers|[from] move: Knock Off|[of] p2a: Zeraora\n|\n|upkeep\n|turn|5\n|\n|t:|1662715192\n|switch|p2a: Landorus|Landorus-Therian, M|43\/100\n|-ability|p2a: Landorus|Intimidate|boost\n|-unboost|p1a: Landorus|atk|1\n|move|p1a: Landorus|Stealth Rock|p2a: Landorus\n|-sidestart|p2: quixana|move: Stealth Rock\n|\n|-heal|p2a: Landorus|49\/100|[from] item: Leftovers\n|upkeep\n|turn|6\n|\n|t:|1662715199\n|switch|p1a: Zapdos|Zapdos, shiny|55\/100 tox\n|move|p2a: Landorus|Toxic|p1a: Zapdos\n|-fail|p1a: Zapdos|tox\n|\n|-heal|p2a: Landorus|55\/100|[from] item: Leftovers\n|-damage|p1a: Zapdos|49\/100 tox|[from] psn\n|upkeep\n|turn|7\n|\n|t:|1662715205\n|move|p1a: Zapdos|Roost|p1a: Zapdos\n|-heal|p1a: Zapdos|99\/100 tox\n|-singleturn|p1a: Zapdos|move: Roost\n|move|p2a: Landorus|U-turn|p1a: Zapdos\n|-damage|p1a: Zapdos|82\/100 tox\n|-status|p2a: Landorus|par|[from] ability: Static|[of] p1a: Zapdos\n|\n|t:|1662715210\n|switch|p2a: Zeraora|Zeraora|100\/100|[from]move: U-turn\n|\n|-damage|p1a: Zapdos|70\/100 tox|[from] psn\n|upkeep\n|turn|8\n|\n|t:|1662715214\n|switch|p1a: Landorus|Landorus-Therian, M|67\/100\n|-damage|p1a: Landorus|55\/100|[from] Stealth Rock\n|-ability|p1a: Landorus|Intimidate|boost\n|-unboost|p2a: Zeraora|atk|1\n|move|p2a: Zeraora|Knock Off|p1a: Landorus\n|-damage|p1a: Landorus|41\/100\n|\n|upkeep\n|turn|9\n|j| rthtfhngy\n|\n|t:|1662715236\n|switch|p2a: Landorus|Landorus-Therian, M|55\/100 par\n|-damage|p2a: Landorus|43\/100 par|[from] Stealth Rock\n|-ability|p2a: Landorus|Intimidate|boost\n|-unboost|p1a: Landorus|atk|1\n|move|p1a: Landorus|U-turn|p2a: Landorus\n|-resisted|p2a: Landorus\n|-damage|p2a: Landorus|36\/100 par\n|\n|t:|1662715243\n|switch|p1a: Urshifu|Urshifu-Rapid-Strike, F|100\/100|[from]move: U-turn\n|-damage|p1a: Urshifu|94\/100|[from] Stealth Rock\n|\n|-heal|p2a: Landorus|42\/100 par|[from] item: Leftovers\n|upkeep\n|turn|10\n|\n|t:|1662715247\n|switch|p2a: Zapdos|Zapdos|100\/100\n|move|p1a: Urshifu|Close Combat|p2a: Zapdos\n|-resisted|p2a: Zapdos\n|-damage|p2a: Zapdos|75\/100\n|-unboost|p1a: Urshifu|def|1\n|-unboost|p1a: Urshifu|spd|1\n|\n|upkeep\n|turn|11\n|\n|t:|1662715262\n|switch|p1a: Tapu Koko|Tapu Koko|100\/100\n|-damage|p1a: Tapu Koko|88\/100|[from] Stealth Rock\n|-fieldstart|move: Electric Terrain|[from] ability: Electric Surge|[of] p1a: Tapu Koko\n|move|p2a: Zapdos|Volt Switch|p1a: Tapu Koko\n|-resisted|p1a: Tapu Koko\n|-damage|p1a: Tapu Koko|63\/100\n|\n|t:|1662715279\n|switch|p2a: Rillaboom|Rillaboom, F|100\/100|[from]move: Volt Switch\n|-damage|p2a: Rillaboom|88\/100|[from] Stealth Rock\n|-fieldstart|move: Grassy Terrain|[from] ability: Grassy Surge|[of] p2a: Rillaboom\n|\n|-heal|p1a: Tapu Koko|70\/100|[from] Grassy Terrain\n|-heal|p2a: Rillaboom|94\/100|[from] Grassy Terrain\n|upkeep\n|turn|12\n|\n|t:|1662715288\n|switch|p1a: Zapdos|Zapdos, shiny|70\/100 tox\n|move|p2a: Rillaboom|Wood Hammer|p1a: Zapdos\n|-resisted|p1a: Zapdos\n|-damage|p1a: Zapdos|26\/100 tox\n|-damage|p2a: Rillaboom|78\/100|[from] Recoil\n|-damage|p2a: Rillaboom|68\/100|[from] item: Life Orb\n|\n|-heal|p2a: Rillaboom|74\/100|[from] Grassy Terrain\n|-damage|p1a: Zapdos|20\/100 tox|[from] psn\n|upkeep\n|turn|13\n|\n|t:|1662715315\n|switch|p2a: Zeraora|Zeraora|100\/100\n|move|p1a: Zapdos|Roost|p1a: Zapdos\n|-heal|p1a: Zapdos|70\/100 tox\n|-singleturn|p1a: Zapdos|move: Roost\n|\n|-heal|p1a: Zapdos|76\/100 tox|[from] Grassy Terrain\n|-damage|p1a: Zapdos|64\/100 tox|[from] psn\n|upkeep\n|turn|14\n|\n|t:|1662715343\n|switch|p1a: Rillaboom|Rillaboom, M|100\/100\n|-damage|p1a: Rillaboom|88\/100|[from] Stealth Rock\n|move|p2a: Zeraora|Knock Off|p1a: Rillaboom\n|-damage|p1a: Rillaboom|62\/100\n|-enditem|p1a: Rillaboom|Leftovers|[from] move: Knock Off|[of] p2a: Zeraora\n|\n|-heal|p1a: Rillaboom|68\/100|[from] Grassy Terrain\n|upkeep\n|turn|15\n|j| joeding\n|\n|t:|1662715372\n|switch|p2a: Heatran|Heatran, M|100\/100\n|-damage|p2a: Heatran|88\/100|[from] Stealth Rock\n|move|p1a: Rillaboom|Knock Off|p2a: Heatran\n|-damage|p2a: Heatran|67\/100\n|-enditem|p2a: Heatran|Leftovers|[from] move: Knock Off|[of] p1a: Rillaboom\n|\n|-heal|p1a: Rillaboom|74\/100|[from] Grassy Terrain\n|-heal|p2a: Heatran|74\/100|[from] Grassy Terrain\n|-fieldend|move: Grassy Terrain\n|upkeep\n|turn|16\n|\n|t:|1662715433\n|switch|p1a: Landorus|Landorus-Therian, M|41\/100\n|-damage|p1a: Landorus|29\/100|[from] Stealth Rock\n|-ability|p1a: Landorus|Intimidate|boost\n|-unboost|p2a: Heatran|atk|1\n|move|p2a: Heatran|Lava Plume|p1a: Landorus\n|-damage|p1a: Landorus|2\/100\n|\n|upkeep\n|turn|17\n|\n|t:|1662715472\n|move|p2a: Heatran|Protect|p2a: Heatran\n|-singleturn|p2a: Heatran|Protect\n|move|p1a: Landorus|Knock Off|p2a: Heatran\n|-activate|p2a: Heatran|move: Protect\n|\n|upkeep\n|turn|18\n|\n|t:|1662715483\n|switch|p2a: Landorus|Landorus-Therian, M|42\/100 par\n|-damage|p2a: Landorus|30\/100 par|[from] Stealth Rock\n|-ability|p2a: Landorus|Intimidate|boost\n|-unboost|p1a: Landorus|atk|1\n|move|p1a: Landorus|Knock Off|p2a: Landorus\n|-damage|p2a: Landorus|9\/100 par\n|-enditem|p2a: Landorus|Leftovers|[from] move: Knock Off|[of] p1a: Landorus\n|\n|upkeep\n|turn|19\n|\n|t:|1662715491\n|move|p1a: Landorus|Knock Off|p2a: Landorus\n|-damage|p2a: Landorus|0 fnt\n|faint|p2a: Landorus\n|\n|upkeep\n|\n|t:|1662715512\n|switch|p2a: Zeraora|Zeraora|100\/100\n|turn|20\n|l| rthtfhngy\n|\n|t:|1662715521\n|move|p2a: Zeraora|Knock Off|p1a: Landorus\n|-crit|p1a: Landorus\n|-damage|p1a: Landorus|0 fnt\n|faint|p1a: Landorus\n|\n|upkeep\n|j| AnloveBack\n|\n|t:|1662715587\n|switch|p1a: Melmetal|Melmetal, shiny|100\/100\n|-damage|p1a: Melmetal|94\/100|[from] Stealth Rock\n|turn|21\n|\n|t:|1662715613\n|switch|p2a: Zapdos|Zapdos|75\/100\n|switch|p1a: Tapu Koko|Tapu Koko|70\/100\n|-damage|p1a: Tapu Koko|57\/100|[from] Stealth Rock\n|-fieldstart|move: Electric Terrain|[from] ability: Electric Surge|[of] p1a: Tapu Koko\n|\n|upkeep\n|turn|22\n|l| joeding\n|j| joeding\n|\n|t:|1662715631\n|switch|p2a: Heatran|Heatran, M|74\/100\n|-damage|p2a: Heatran|61\/100|[from] Stealth Rock\n|move|p1a: Tapu Koko|Dazzling Gleam|p2a: Heatran\n|-resisted|p2a: Heatran\n|-damage|p2a: Heatran|51\/100\n|\n|upkeep\n|turn|23\n|\n|t:|1662715644\n|switch|p1a: Melmetal|Melmetal, shiny|94\/100\n|-damage|p1a: Melmetal|88\/100|[from] Stealth Rock\n|move|p2a: Heatran|Lava Plume|p1a: Melmetal\n|-supereffective|p1a: Melmetal\n|-damage|p1a: Melmetal|27\/100\n|\n|-heal|p1a: Melmetal|33\/100|[from] item: Leftovers\n|upkeep\n|turn|24\n|\n|t:|1662715648\n|move|p2a: Heatran|Lava Plume|p1a: Melmetal\n|-supereffective|p1a: Melmetal\n|-damage|p1a: Melmetal|0 fnt\n|faint|p1a: Melmetal\n|\n|upkeep\n|\n|t:|1662715651\n|switch|p1a: Urshifu|Urshifu-Rapid-Strike, F|94\/100\n|-damage|p1a: Urshifu|88\/100|[from] Stealth Rock\n|turn|25\n|\n|t:|1662715666\n|move|p1a: Urshifu|Close Combat|p2a: Heatran\n|-supereffective|p2a: Heatran\n|-damage|p2a: Heatran|0 fnt\n|-unboost|p1a: Urshifu|def|1\n|-unboost|p1a: Urshifu|spd|1\n|faint|p2a: Heatran\n|\n|-fieldend|move: Electric Terrain\n|upkeep\n|\n|t:|1662715670\n|switch|p2a: Zapdos|Zapdos|75\/100\n|turn|26\n|\n|t:|1662715710\n|move|p1a: Urshifu|Surging Strikes|p2a: Zapdos\n|-crit|p2a: Zapdos\n|-damage|p2a: Zapdos|57\/100\n|-crit|p2a: Zapdos\n|-damage|p2a: Zapdos|39\/100\n|-crit|p2a: Zapdos\n|-damage|p2a: Zapdos|21\/100\n|-hitcount|p2a: Zapdos|3\n|move|p2a: Zapdos|Volt Switch|p1a: Urshifu\n|-supereffective|p1a: Urshifu\n|-damage|p1a: Urshifu|0 fnt\n|faint|p1a: Urshifu\n|l| joeding\n|j| usserrnnamme\n|\n|t:|1662715726\n|switch|p2a: Kartana|Kartana|100\/100|[from]move: Volt Switch\n|-damage|p2a: Kartana|94\/100|[from] Stealth Rock\n|\n|upkeep\n|\n|t:|1662715795\n|switch|p1a: Zapdos|Zapdos, shiny|64\/100 tox\n|turn|27\n|\n|t:|1662715807\n|switch|p2a: Zeraora|Zeraora|100\/100\n|move|p1a: Zapdos|Hurricane|p2a: Zeraora|[miss]\n|-miss|p1a: Zapdos|p2a: Zeraora\n|\n|-damage|p1a: Zapdos|58\/100 tox|[from] psn\n|upkeep\n|turn|28\n|\n|t:|1662715822\n|switch|p1a: Rillaboom|Rillaboom, M|74\/100\n|-damage|p1a: Rillaboom|62\/100|[from] Stealth Rock\n|-fieldstart|move: Grassy Terrain|[from] ability: Grassy Surge|[of] p1a: Rillaboom\n|move|p2a: Zeraora|Bulk Up|p2a: Zeraora\n|-boost|p2a: Zeraora|atk|1\n|-boost|p2a: Zeraora|def|1\n|\n|-heal|p1a: Rillaboom|68\/100|[from] Grassy Terrain\n|upkeep\n|turn|29\n|\n|t:|1662715833\n|move|p2a: Zeraora|Close Combat|p1a: Rillaboom\n|-damage|p1a: Rillaboom|12\/100\n|-unboost|p2a: Zeraora|def|1\n|-unboost|p2a: Zeraora|spd|1\n|move|p1a: Rillaboom|Swords Dance|p1a: Rillaboom\n|-boost|p1a: Rillaboom|atk|2\n|\n|-heal|p1a: Rillaboom|18\/100|[from] Grassy Terrain\n|upkeep\n|turn|30\n|\n|t:|1662715850\n|switch|p2a: Zapdos|Zapdos|21\/100\n|move|p1a: Rillaboom|Grassy Glide|p2a: Zapdos\n|-resisted|p2a: Zapdos\n|-damage|p2a: Zapdos|0 fnt\n|faint|p2a: Zapdos\n|\n|-heal|p1a: Rillaboom|24\/100|[from] Grassy Terrain\n|upkeep\n|\n|t:|1662715854\n|switch|p2a: Kartana|Kartana|94\/100\n|-damage|p2a: Kartana|88\/100|[from] Stealth Rock\n|turn|31\n|\n|t:|1662715881\n|switch|p1a: Zapdos|Zapdos, shiny|58\/100 tox\n|move|p2a: Kartana|Knock Off|p1a: Zapdos\n|-damage|p1a: Zapdos|21\/100 tox\n|-enditem|p1a: Zapdos|Heavy-Duty Boots|[from] move: Knock Off|[of] p2a: Kartana\n|\n|-heal|p2a: Kartana|94\/100|[from] Grassy Terrain\n|-damage|p1a: Zapdos|15\/100 tox|[from] psn\n|upkeep\n|turn|32\n|\n|t:|1662715889\n|switch|p2a: Zeraora|Zeraora|100\/100\n|move|p1a: Zapdos|Roost|p1a: Zapdos\n|-heal|p1a: Zapdos|66\/100 tox\n|-singleturn|p1a: Zapdos|move: Roost\n|\n|-heal|p1a: Zapdos|72\/100 tox|[from] Grassy Terrain\n|-damage|p1a: Zapdos|60\/100 tox|[from] psn\n|-fieldend|move: Grassy Terrain\n|upkeep\n|turn|33\n|\n|t:|1662715904\n|move|p2a: Zeraora|Plasma Fists|p1a: Zapdos\n|-damage|p1a: Zapdos|24\/100 tox\n|-fieldactivate|move: Ion Deluge\n|-hint|Normal-type moves become Electric-type after using Plasma Fists.\n|move|p1a: Zapdos|Hurricane|p2a: Zeraora|[miss]\n|-miss|p1a: Zapdos|p2a: Zeraora\n|\n|-damage|p1a: Zapdos|6\/100 tox|[from] psn\n|upkeep\n|turn|34\n|\n|t:|1662715913\n|move|p2a: Zeraora|Knock Off|p1a: Zapdos\n|-damage|p1a: Zapdos|0 fnt\n|faint|p1a: Zapdos\n|\n|upkeep\n|\n|t:|1662715915\n|switch|p1a: Tapu Koko|Tapu Koko|57\/100\n|-damage|p1a: Tapu Koko|45\/100|[from] Stealth Rock\n|-fieldstart|move: Electric Terrain|[from] ability: Electric Surge|[of] p1a: Tapu Koko\n|turn|35\n|\n|t:|1662715925\n|move|p2a: Zeraora|Plasma Fists|p1a: Tapu Koko\n|-resisted|p1a: Tapu Koko\n|-damage|p1a: Tapu Koko|1\/100\n|-fieldactivate|move: Ion Deluge\n|-hint|Normal-type moves become Electric-type after using Plasma Fists.\n|move|p1a: Tapu Koko|Dazzling Gleam|p2a: Zeraora\n|-damage|p2a: Zeraora|32\/100\n|\n|upkeep\n|turn|36\n|\n|t:|1662715932\n|move|p2a: Zeraora|Plasma Fists|p1a: Tapu Koko\n|-resisted|p1a: Tapu Koko\n|-damage|p1a: Tapu Koko|0 fnt\n|-fieldactivate|move: Ion Deluge\n|-hint|Normal-type moves become Electric-type after using Plasma Fists.\n|faint|p1a: Tapu Koko\n|\n|upkeep\n|j| joeding\n|\n|t:|1662715935\n|switch|p1a: Rillaboom|Rillaboom, M|24\/100\n|-damage|p1a: Rillaboom|12\/100|[from] Stealth Rock\n|-fieldstart|move: Grassy Terrain|[from] ability: Grassy Surge|[of] p1a: Rillaboom\n|turn|37\n|\n|t:|1662715937\n|move|p1a: Rillaboom|Grassy Glide|p2a: Zeraora\n|-damage|p2a: Zeraora|0 fnt\n|faint|p2a: Zeraora\n|\n|-heal|p1a: Rillaboom|18\/100|[from] Grassy Terrain\n|upkeep\n|\n|t:|1662715938\n|switch|p2a: Kartana|Kartana|94\/100\n|-damage|p2a: Kartana|88\/100|[from] Stealth Rock\n|turn|38\n|\n|t:|1662715940\n|move|p2a: Kartana|Leaf Blade|p1a: Rillaboom\n|-resisted|p1a: Rillaboom\n|-damage|p1a: Rillaboom|0 fnt\n|faint|p1a: Rillaboom\n|\n|win|quixana\n|raw|reionatro's rating: 1888 &rarr; <strong>1862<\/strong><br \/>(-26 for losing)\n|raw|quixana's rating: 1783 &rarr; <strong>1809<\/strong><br \/>(+26 for winning)\n|c|\u2606quixana|gg\n|l|\u2606reionatro\n|l| joeding\n","uploadtime":1662715951,"views":46,"p1id":"reionatro","p2id":"quixana","formatid":"gen8ou","rating":1809,"private":0,"password":null}