{"id":"gen8nationaldex-1656437536","p1":"Faygos","p2":"The Void Itself","format":"gen8nationaldex","log":"|j|\u2606Faygos\n|j|\u2606The Void Itself\n|inactive|Battle timer is ON: inactive players will automatically lose when time's up.\n|t:|1662352188\n|gametype|singles\n|player|p1|Faygos|266|\n|player|p2|The Void Itself|cyrus-masters|\n|teamsize|p1|6\n|teamsize|p2|6\n|gen|8\n|tier|[Gen 8] National Dex\n|rated|Tournament battle\n|rule|HP Percentage Mod: HP is shown in percentages\n|rule|Endless Battle Clause: Forcing endless battles is banned\n|rule|OHKO Clause: OHKO moves are banned\n|rule|Evasion Moves Clause: Evasion moves are banned\n|rule|Species Clause: Limit one of each Pok\u00e9mon\n|rule|Dynamax Clause: You cannot dynamax\n|rule|Sleep Clause Mod: Limit one foe put to sleep\n|clearpoke\n|poke|p1|Ribombee, F|\n|poke|p1|Diancie|\n|poke|p1|Tyrantrum, M|\n|poke|p1|Serperior, F|\n|poke|p1|Celesteela|\n|poke|p1|Gengar, M|\n|poke|p2|Aerodactyl, M|\n|poke|p2|Equilibra|\n|poke|p2|Volcanion|\n|poke|p2|Cyclohm, M|\n|poke|p2|Tapu Lele|\n|poke|p2|Chansey, F|\n|teampreview\n|inactive|Faygos also wants the timer to be on.\n|j| heir fanclub\n|\n|t:|1662352202\n|start\n|switch|p1a: Ribombee|Ribombee, F|100\/100\n|switch|p2a: Aeolus|Aerodactyl, M, shiny|100\/100\n|turn|1\n|\n|t:|1662352208\n|switch|p1a: Celesteela|Celesteela, shiny|100\/100\n|detailschange|p2a: Aeolus|Aerodactyl-Mega, M, shiny\n|-mega|p2a: Aeolus|Aerodactyl|Aerodactylite\n|move|p2a: Aeolus|Dual Wingbeat|p1a: Celesteela\n|-resisted|p1a: Celesteela\n|-damage|p1a: Celesteela|85\/100\n|-resisted|p1a: Celesteela\n|-damage|p1a: Celesteela|69\/100\n|-hitcount|p1a: Celesteela|2\n|\n|upkeep\n|turn|2\n|\n|t:|1662352214\n|switch|p2a: Ohm|Cyclohm, M|100\/100\n|move|p1a: Celesteela|Autotomize|p1a: Celesteela\n|-boost|p1a: Celesteela|spe|2\n|-start|p1a: Celesteela|Autotomize\n|\n|upkeep\n|turn|3\n|\n|t:|1662352220\n|move|p1a: Celesteela|Meteor Beam||[still]\n|-prepare|p1a: Celesteela|Meteor Beam\n|-boost|p1a: Celesteela|spa|1\n|-enditem|p1a: Celesteela|Power Herb\n|-anim|p1a: Celesteela|Meteor Beam|p2a: Ohm\n|-damage|p2a: Ohm|31\/100\n|move|p2a: Ohm|Volt Switch|p1a: Celesteela\n|-supereffective|p1a: Celesteela\n|-damage|p1a: Celesteela|14\/100\n|\n|t:|1662352227\n|switch|p2a: Chance|Chansey, F|100\/100|[from]move: Volt Switch\n|\n|upkeep\n|turn|4\n|j| Egeggneggy\n|\n|t:|1662352229\n|switch|p1a: Gengar|Gengar, M, shiny|100\/100\n|move|p2a: Chance|Stealth Rock|p1a: Gengar\n|-sidestart|p1: Faygos|move: Stealth Rock\n|\n|upkeep\n|turn|5\n|\n|t:|1662352233\n|switch|p2a: Scales|Equilibra|100\/100\n|move|p1a: Gengar|Substitute|p1a: Gengar\n|-start|p1a: Gengar|Substitute\n|-damage|p1a: Gengar|76\/100\n|\n|upkeep\n|turn|6\n|c| Egeggneggy|Gaygos\n|l| Egeggneggy\n|\n|t:|1662352237\n|move|p1a: Gengar|Nasty Plot|p1a: Gengar\n|-boost|p1a: Gengar|spa|2\n|move|p2a: Scales|Earth Power|p1a: Gengar\n|-supereffective|p1a: Gengar\n|-end|p1a: Gengar|Substitute\n|\n|upkeep\n|turn|7\n|c| heir fanclub|oml\n|\n|t:|1662352240\n|switch|p2a: Chance|Chansey, F|100\/100\n|-zpower|p1a: Gengar\n|move|p1a: Gengar|Never-Ending Nightmare|p2a: Chance|[zeffect]\n|-immune|p2a: Chance\n|\n|upkeep\n|turn|8\n|\n|t:|1662352243\n|switch|p2a: Scales|Equilibra|100\/100\n|move|p1a: Gengar|Substitute|p1a: Gengar\n|-start|p1a: Gengar|Substitute\n|-damage|p1a: Gengar|51\/100\n|\n|upkeep\n|turn|9\n|\n|t:|1662352247\n|move|p1a: Gengar|Shadow Ball|p2a: Scales\n|-damage|p2a: Scales|46\/100\n|move|p2a: Scales|Earth Power|p1a: Gengar\n|-supereffective|p1a: Gengar\n|-end|p1a: Gengar|Substitute\n|\n|-heal|p2a: Scales|52\/100|[from] item: Leftovers\n|upkeep\n|turn|10\n|j| sealoo\n|\n|t:|1662352255\n|move|p1a: Gengar|Shadow Ball|p2a: Scales\n|-damage|p2a: Scales|2\/100\n|move|p2a: Scales|Earth Power|p1a: Gengar\n|-supereffective|p1a: Gengar\n|-damage|p1a: Gengar|0 fnt\n|faint|p1a: Gengar\n|\n|-heal|p2a: Scales|8\/100|[from] item: Leftovers\n|upkeep\n|\n|t:|1662352279\n|switch|p1a: Ribombee|Ribombee, F|100\/100\n|-damage|p1a: Ribombee|76\/100|[from] Stealth Rock\n|turn|11\n|\n|t:|1662352285\n|move|p1a: Ribombee|Tailwind|p1a: Ribombee\n|-sidestart|p1: Faygos|move: Tailwind\n|move|p2a: Scales|Rapid Spin|p1a: Ribombee\n|-damage|p1a: Ribombee|64\/100\n|-boost|p2a: Scales|spe|1\n|\n|-heal|p2a: Scales|14\/100|[from] item: Leftovers\n|upkeep\n|turn|12\n|\n|t:|1662352289\n|move|p1a: Ribombee|Moonblast|p2a: Scales\n|-resisted|p2a: Scales\n|-damage|p2a: Scales|0 fnt\n|faint|p2a: Scales\n|\n|upkeep\n|\n|t:|1662352293\n|switch|p2a: Aeolus|Aerodactyl-Mega, M, shiny|100\/100\n|turn|13\n|\n|t:|1662352302\n|move|p1a: Ribombee|Sticky Web|p2a: Aeolus\n|-sidestart|p2: The Void Itself|move: Sticky Web\n|move|p2a: Aeolus|Dual Wingbeat|p1a: Ribombee\n|-supereffective|p1a: Ribombee\n|-damage|p1a: Ribombee|0 fnt\n|faint|p1a: Ribombee\n|-hitcount|p1: Ribombee|1\n|\n|upkeep\n|\n|t:|1662352306\n|switch|p1a: Tyrantrum|Tyrantrum, M, shiny|100\/100\n|-damage|p1a: Tyrantrum|88\/100|[from] Stealth Rock\n|turn|14\n|\n|t:|1662352311\n|switch|p2a: Ohm|Cyclohm, M|31\/100\n|move|p1a: Tyrantrum|Head Smash|p2a: Ohm|[miss]\n|-miss|p1a: Tyrantrum|p2a: Ohm\n|\n|-sideend|p1: Faygos|move: Tailwind\n|upkeep\n|turn|15\n|\n|t:|1662352313\n|move|p1a: Tyrantrum|Head Smash|p2a: Ohm\n|-damage|p2a: Ohm|0 fnt\n|faint|p2a: Ohm\n|\n|upkeep\n|\n|t:|1662352319\n|switch|p2a: Chance|Chansey, F|100\/100\n|-activate|p2a: Chance|move: Sticky Web\n|-unboost|p2a: Chance|spe|1\n|turn|16\n|\n|t:|1662352321\n|move|p1a: Tyrantrum|Head Smash|p2a: Chance\n|-damage|p2a: Chance|28\/100\n|move|p2a: Chance|Seismic Toss|p1a: Tyrantrum\n|-damage|p1a: Tyrantrum|55\/100\n|\n|upkeep\n|turn|17\n|\n|t:|1662352323\n|move|p1a: Tyrantrum|Head Smash|p2a: Chance|[miss]\n|-miss|p1a: Tyrantrum|p2a: Chance\n|move|p2a: Chance|Seismic Toss|p1a: Tyrantrum\n|-damage|p1a: Tyrantrum|22\/100\n|\n|upkeep\n|turn|18\n|\n|t:|1662352326\n|move|p1a: Tyrantrum|Head Smash|p2a: Chance|[miss]\n|-miss|p1a: Tyrantrum|p2a: Chance\n|move|p2a: Chance|Seismic Toss|p1a: Tyrantrum\n|-damage|p1a: Tyrantrum|0 fnt\n|faint|p1a: Tyrantrum\n|\n|upkeep\n|c|\u2606Faygos|ok\n|j| BrillaintStar\n|\n|t:|1662352345\n|switch|p1a: Diancie|Diancie, shiny|100\/100\n|-damage|p1a: Diancie|88\/100|[from] Stealth Rock\n|turn|19\n|\n|t:|1662352348\n|move|p1a: Diancie|Calm Mind|p1a: Diancie\n|-boost|p1a: Diancie|spa|1\n|-boost|p1a: Diancie|spd|1\n|move|p2a: Chance|Seismic Toss|p1a: Diancie\n|-damage|p1a: Diancie|47\/100\n|\n|upkeep\n|turn|20\n|\n|t:|1662352352\n|detailschange|p1a: Diancie|Diancie-Mega, shiny\n|-mega|p1a: Diancie|Diancie|Diancite\n|move|p1a: Diancie|Moonblast|p2a: Chance\n|-damage|p2a: Chance|1\/100\n|-unboost|p2a: Chance|spa|1\n|move|p2a: Chance|Seismic Toss|p1a: Diancie\n|-damage|p1a: Diancie|5\/100\n|\n|upkeep\n|turn|21\n|c| BrillaintStar|Sad moment my favorite mons are dead\n|\n|t:|1662352355\n|move|p1a: Diancie|Moonblast|p2a: Chance\n|-damage|p2a: Chance|0 fnt\n|faint|p2a: Chance\n|\n|upkeep\n|\n|t:|1662352358\n|switch|p2a: Aeolus|Aerodactyl-Mega, M, shiny|100\/100\n|turn|22\n|\n|t:|1662352361\n|move|p2a: Aeolus|Earthquake|p1a: Diancie\n|-supereffective|p1a: Diancie\n|-damage|p1a: Diancie|0 fnt\n|faint|p1a: Diancie\n|\n|upkeep\n|\n|t:|1662352363\n|switch|p1a: Serperior|Serperior, F, shiny|100\/100\n|-damage|p1a: Serperior|88\/100|[from] Stealth Rock\n|turn|23\n|\n|t:|1662352367\n|move|p2a: Aeolus|Dual Wingbeat|p1a: Serperior\n|-supereffective|p1a: Serperior\n|-damage|p1a: Serperior|27\/100\n|-supereffective|p1a: Serperior\n|-damage|p1a: Serperior|0 fnt\n|faint|p1a: Serperior\n|-hitcount|p1: Serperior|2\n|\n|upkeep\n|\n|t:|1662352372\n|switch|p1a: Celesteela|Celesteela, shiny|14\/100\n|-damage|p1a: Celesteela|2\/100|[from] Stealth Rock\n|turn|24\n|\n|t:|1662352373\n|move|p2a: Aeolus|Dual Wingbeat|p1a: Celesteela|[miss]\n|-miss|p2a: Aeolus|p1a: Celesteela\n|move|p1a: Celesteela|Air Slash|p2a: Aeolus\n|-resisted|p2a: Aeolus\n|-damage|p2a: Aeolus|77\/100\n|\n|upkeep\n|turn|25\n|j| Egeggneggy\n|\n|t:|1662352376\n|move|p2a: Aeolus|Stone Edge|p1a: Celesteela\n|-damage|p1a: Celesteela|0 fnt\n|faint|p1a: Celesteela\n|\n|win|The Void Itself\n|n|\u2606Faygos|faygos\n|n|\u2606The Void Itself|thevoiditself\n|n| heir fanclub|heirfanclub\n|n| sealoo|sealoo\n|n| BrillaintStar|brillaintstar\n|n| Egeggneggy|egeggneggy\n","uploadtime":1662352377,"views":13,"p1id":"faygos","p2id":"thevoiditself","formatid":"gen8nationaldex","rating":0,"private":0,"password":null}