{"id":"gen8ou-1192114018","p1":"TryHardLegend","p2":"glaed13","format":"gen8ou","log":"|j|\u2606TryHardLegend\n|j|\u2606glaed13\n|t:|1600906835\n|player|p1|TryHardLegend|169|1472\n|player|p2|glaed13|riley|1449\n|teamsize|p1|6\n|teamsize|p2|6\n|gametype|singles\n|gen|8\n|tier|[Gen 8] OU\n|rated|\n|html|<div class=\"broadcast-blue\"><strong>OU is currently suspecting Cinderace! For information on how to participate check out the <a href=\"https:\/\/www.smogon.com\/forums\/threads\/3670532\/\">suspect thread<\/a>.<\/strong><\/div>\n|clearpoke\n|poke|p1|Rhyperior, F|\n|poke|p1|Golisopod, F|\n|poke|p1|Salazzle, F|\n|poke|p1|Zeraora|\n|poke|p1|Togekiss, M|\n|poke|p1|Rillaboom, M|\n|poke|p2|Hatterene, F|\n|poke|p2|Skarmory, M|\n|poke|p2|Haxorus, F|\n|poke|p2|Arcanine, M|\n|poke|p2|Conkeldurr, M|\n|poke|p2|Obstagoon, M|\n|rule|Sleep Clause Mod: Limit one foe put to sleep\n|rule|Species Clause: Limit one of each Pok\u00e9mon\n|rule|OHKO Clause: OHKO moves are banned\n|rule|Evasion Moves Clause: Evasion moves are banned\n|rule|Endless Battle Clause: Forcing endless battles is banned\n|rule|HP Percentage Mod: HP is shown in percentages\n|rule|Dynamax Clause: You cannot dynamax\n|teampreview\n|inactive|Battle timer is ON: inactive players will automatically lose when time's up. (requested by glaed13)\n|inactive|TryHardLegend has 120 seconds left.\n|\n|t:|1600906872\n|start\n|switch|p1a: Golisopod|Golisopod, F|100\/100\n|switch|p2a: Obstagoon|Obstagoon, M|100\/100\n|turn|1\n|\n|t:|1600906884\n|switch|p2a: Skarmory|Skarmory, M|100\/100\n|move|p1a: Golisopod|First Impression|p2a: Skarmory\n|-resisted|p2a: Skarmory\n|-damage|p2a: Skarmory|90\/100\n|-damage|p1a: Golisopod|84\/100|[from] item: Rocky Helmet|[of] p2a: Skarmory\n|\n|upkeep\n|turn|2\n|\n|t:|1600906894\n|switch|p2a: Arcanine|Arcanine, M|100\/100\n|-ability|p2a: Arcanine|Intimidate|boost\n|-unboost|p1a: Golisopod|atk|1\n|switch|p1a: Zeraora|Zeraora|100\/100\n|\n|upkeep\n|turn|3\n|\n|t:|1600906906\n|move|p1a: Zeraora|Volt Switch|p2a: Arcanine\n|-damage|p2a: Arcanine|75\/100\n|\n|t:|1600906929\n|switch|p1a: Rhyperior|Rhyperior, F|100\/100|[from]move: Volt Switch\n|move|p2a: Arcanine|Will-O-Wisp|p1a: Rhyperior\n|-status|p1a: Rhyperior|brn\n|\n|-damage|p1a: Rhyperior|94\/100 brn|[from] brn\n|upkeep\n|turn|4\n|\n|t:|1600906942\n|switch|p2a: Hatterene|Hatterene, F|100\/100\n|move|p1a: Rhyperior|Toxic|p2a: Hatterene\n|move|p2a: Hatterene|Toxic||[from]Magic Bounce|[still]\n|-fail|p2a: Hatterene\n|\n|-damage|p1a: Rhyperior|88\/100 brn|[from] brn\n|upkeep\n|turn|5\n|inactive|TryHardLegend has 120 seconds left.\n|\n|t:|1600906964\n|switch|p1a: Golisopod|Golisopod, F|84\/100\n|switch|p2a: Skarmory|Skarmory, M|90\/100\n|\n|upkeep\n|turn|6\n|inactive|TryHardLegend has 120 seconds left.\n|\n|t:|1600906975\n|switch|p1a: Salazzle|Salazzle, F|100\/100\n|move|p2a: Skarmory|Body Press|p1a: Salazzle\n|-resisted|p1a: Salazzle\n|-damage|p1a: Salazzle|69\/100\n|\n|upkeep\n|turn|7\n|inactive|TryHardLegend has 120 seconds left.\n|\n|t:|1600906989\n|switch|p2a: Obstagoon|Obstagoon, M|100\/100\n|move|p1a: Salazzle|Nasty Plot|p1a: Salazzle\n|-boost|p1a: Salazzle|spa|2\n|\n|upkeep\n|turn|8\n|inactive|TryHardLegend has 120 seconds left.\n|\n|t:|1600907018\n|move|p2a: Obstagoon|Double-Edge|p1a: Salazzle\n|-damage|p1a: Salazzle|0 fnt\n|-damage|p2a: Obstagoon|81\/100|[from] Recoil\n|faint|p1a: Salazzle\n|\n|upkeep\n|inactive|TryHardLegend has 90 seconds left.\n|inactive|TryHardLegend has 60 seconds left.\n|\n|t:|1600907067\n|switch|p1a: Golisopod|Golisopod, F|84\/100\n|turn|9\n|inactive|TryHardLegend has 60 seconds left.\n|\n|t:|1600907078\n|switch|p2a: Arcanine|Arcanine, M|75\/100\n|-ability|p2a: Arcanine|Intimidate|boost\n|-unboost|p1a: Golisopod|atk|1\n|switch|p1a: Zeraora|Zeraora|100\/100\n|\n|upkeep\n|turn|10\n|\n|t:|1600907089\n|move|p1a: Zeraora|Volt Switch|p2a: Arcanine\n|-damage|p2a: Arcanine|50\/100\n|\n|t:|1600907098\n|switch|p1a: Togekiss|Togekiss, M|100\/100|[from]move: Volt Switch\n|move|p2a: Arcanine|Morning Sun|p2a: Arcanine\n|-heal|p2a: Arcanine|99\/100\n|\n|upkeep\n|turn|11\n|\n|t:|1600907108\n|switch|p2a: Hatterene|Hatterene, F|100\/100\n|move|p1a: Togekiss|Nasty Plot|p1a: Togekiss\n|-boost|p1a: Togekiss|spa|2\n|\n|upkeep\n|turn|12\n|\n|t:|1600907120\n|move|p1a: Togekiss|Air Slash|p2a: Hatterene\n|-crit|p2a: Hatterene\n|-damage|p2a: Hatterene|3\/100\n|cant|p2a: Hatterene|flinch\n|\n|-heal|p2a: Hatterene|9\/100|[from] item: Leftovers\n|upkeep\n|turn|13\n|\n|t:|1600907130\n|move|p1a: Togekiss|Flamethrower|p2a: Hatterene\n|-damage|p2a: Hatterene|0 fnt\n|faint|p2a: Hatterene\n|\n|upkeep\n|\n|t:|1600907148\n|switch|p2a: Haxorus|Haxorus, F|100\/100\n|-ability|p2a: Haxorus|Mold Breaker\n|turn|14\n|\n|t:|1600907162\n|move|p2a: Haxorus|Poison Jab|p1a: Togekiss\n|-supereffective|p1a: Togekiss\n|-damage|p1a: Togekiss|14\/100\n|move|p1a: Togekiss|Air Slash|p2a: Haxorus\n|-damage|p2a: Haxorus|0 fnt\n|faint|p2a: Haxorus\n|\n|upkeep\n|\n|t:|1600907171\n|switch|p2a: Obstagoon|Obstagoon, M|81\/100\n|turn|15\n|\n|t:|1600907180\n|switch|p1a: Rhyperior|Rhyperior, F|88\/100 brn\n|move|p2a: Obstagoon|Knock Off|p1a: Rhyperior\n|-damage|p1a: Rhyperior|63\/100 brn\n|-enditem|p1a: Rhyperior|Rindo Berry|[from] move: Knock Off|[of] p2a: Obstagoon\n|\n|-damage|p1a: Rhyperior|57\/100 brn|[from] brn\n|upkeep\n|turn|16\n|\n|t:|1600907193\n|switch|p2a: Skarmory|Skarmory, M|90\/100\n|move|p1a: Rhyperior|Stealth Rock|p2a: Skarmory\n|-sidestart|p2: glaed13|move: Stealth Rock\n|\n|-damage|p1a: Rhyperior|50\/100 brn|[from] brn\n|upkeep\n|turn|17\n|\n|t:|1600907220\n|switch|p1a: Golisopod|Golisopod, F|84\/100\n|move|p2a: Skarmory|Defog|p1a: Golisopod\n|-unboost|p1a: Golisopod|evasion|1\n|-sideend|p2: glaed13|Stealth Rock|[from] move: Defog|[of] p2a: Skarmory\n|\n|upkeep\n|turn|18\n|\n|t:|1600907227\n|move|p2a: Skarmory|Roost|p2a: Skarmory\n|-heal|p2a: Skarmory|100\/100\n|-singleturn|p2a: Skarmory|move: Roost\n|move|p1a: Golisopod|Spikes|p2a: Skarmory\n|-sidestart|p2: glaed13|Spikes\n|\n|upkeep\n|turn|19\n|\n|t:|1600907239\n|move|p2a: Skarmory|Drill Peck|p1a: Golisopod\n|-supereffective|p1a: Golisopod\n|-damage|p1a: Golisopod|50\/100\n|-activate|p1a: Golisopod|ability: Emergency Exit\n|\n|t:|1600907249\n|switch|p1a: Togekiss|Togekiss, M|14\/100\n|\n|upkeep\n|turn|20\n|\n|t:|1600907257\n|move|p1a: Togekiss|Air Slash|p2a: Skarmory\n|-resisted|p2a: Skarmory\n|-damage|p2a: Skarmory|77\/100\n|move|p2a: Skarmory|Drill Peck|p1a: Togekiss\n|-damage|p1a: Togekiss|0 fnt\n|faint|p1a: Togekiss\n|\n|upkeep\n|\n|t:|1600907264\n|switch|p1a: Zeraora|Zeraora|100\/100\n|turn|21\n|\n|t:|1600907274\n|switch|p2a: Conkeldurr|Conkeldurr, M|100\/100\n|-damage|p2a: Conkeldurr|88\/100|[from] Spikes\n|move|p1a: Zeraora|Volt Switch|p2a: Conkeldurr\n|-damage|p2a: Conkeldurr|71\/100\n|inactive|TryHardLegend has 90 seconds left.\n|\n|t:|1600907317\n|switch|p1a: Rillaboom|Rillaboom, M|100\/100|[from]move: Volt Switch\n|-fieldstart|move: Grassy Terrain|[from] ability: Grassy Surge|[of] p1a: Rillaboom\n|\n|-heal|p2a: Conkeldurr|77\/100|[from] Grassy Terrain\n|upkeep\n|turn|22\n|\n|t:|1600907328\n|switch|p2a: Skarmory|Skarmory, M|77\/100\n|move|p1a: Rillaboom|Swords Dance|p1a: Rillaboom\n|-boost|p1a: Rillaboom|atk|2\n|\n|upkeep\n|turn|23\n|\n|t:|1600907336\n|move|p1a: Rillaboom|Knock Off|p2a: Skarmory\n|-damage|p2a: Skarmory|24\/100\n|-damage|p1a: Rillaboom|84\/100|[from] item: Rocky Helmet|[of] p2a: Skarmory\n|-enditem|p2a: Skarmory|Rocky Helmet|[from] move: Knock Off|[of] p1a: Rillaboom\n|-damage|p1a: Rillaboom|74\/100|[from] item: Life Orb\n|move|p2a: Skarmory|Defog|p1a: Rillaboom\n|-unboost|p1a: Rillaboom|evasion|1\n|-sideend|p2: glaed13|Spikes|[from] move: Defog|[of] p2a: Skarmory\n|-fieldend|move: Grassy Terrain\n|\n|upkeep\n|turn|24\n|inactive|TryHardLegend has 90 seconds left.\n|\n|t:|1600907349\n|move|p1a: Rillaboom|Drain Punch|p2a: Skarmory\n|-damage|p2a: Skarmory|0 fnt\n|-heal|p1a: Rillaboom|86\/100|[from] drain|[of] p2a: Skarmory\n|-damage|p1a: Rillaboom|76\/100|[from] item: Life Orb\n|faint|p2a: Skarmory\n|\n|upkeep\n|\n|t:|1600907357\n|switch|p2a: Arcanine|Arcanine, M|99\/100\n|-ability|p2a: Arcanine|Intimidate|boost\n|-unboost|p1a: Rillaboom|atk|1\n|turn|25\n|\n|t:|1600907365\n|switch|p1a: Rhyperior|Rhyperior, F|50\/100 brn\n|move|p2a: Arcanine|Fire Blast|p1a: Rhyperior\n|-resisted|p1a: Rhyperior\n|-damage|p1a: Rhyperior|25\/100 brn\n|\n|-damage|p1a: Rhyperior|19\/100 brn|[from] brn\n|upkeep\n|turn|26\n|\n|t:|1600907376\n|move|p2a: Arcanine|Fire Blast|p1a: Rhyperior\n|-resisted|p1a: Rhyperior\n|-crit|p1a: Rhyperior\n|-damage|p1a: Rhyperior|0 fnt\n|faint|p1a: Rhyperior\n|\n|upkeep\n|\n|t:|1600907381\n|switch|p1a: Golisopod|Golisopod, F|50\/100\n|turn|27\n|\n|t:|1600907390\n|move|p1a: Golisopod|Aqua Jet|p2a: Arcanine\n|-supereffective|p2a: Arcanine\n|-damage|p2a: Arcanine|21\/100\n|move|p2a: Arcanine|Will-O-Wisp|p1a: Golisopod\n|-status|p1a: Golisopod|brn\n|\n|-damage|p1a: Golisopod|44\/100 brn|[from] brn\n|upkeep\n|turn|28\n|\n|t:|1600907400\n|switch|p2a: Conkeldurr|Conkeldurr, M|77\/100\n|move|p1a: Golisopod|Aqua Jet|p2a: Conkeldurr\n|-damage|p2a: Conkeldurr|64\/100\n|\n|-damage|p1a: Golisopod|38\/100 brn|[from] brn\n|upkeep\n|turn|29\n|\n|t:|1600907410\n|move|p1a: Golisopod|Aqua Jet|p2a: Conkeldurr\n|-damage|p2a: Conkeldurr|50\/100\n|move|p2a: Conkeldurr|Knock Off|p1a: Golisopod\n|-damage|p1a: Golisopod|8\/100 brn\n|-enditem|p1a: Golisopod|Choice Band|[from] move: Knock Off|[of] p2a: Conkeldurr\n|\n|-damage|p1a: Golisopod|2\/100 brn|[from] brn\n|upkeep\n|turn|30\n|\n|t:|1600907421\n|move|p2a: Conkeldurr|Mach Punch|p1a: Golisopod\n|-resisted|p1a: Golisopod\n|-damage|p1a: Golisopod|0 fnt\n|faint|p1a: Golisopod\n|\n|upkeep\n|\n|t:|1600907433\n|switch|p1a: Zeraora|Zeraora|100\/100\n|turn|31\n|\n|t:|1600907442\n|switch|p2a: Arcanine|Arcanine, M|21\/100\n|-ability|p2a: Arcanine|Intimidate|boost\n|-unboost|p1a: Zeraora|atk|1\n|move|p1a: Zeraora|Play Rough|p2a: Arcanine\n|-resisted|p2a: Arcanine\n|-crit|p2a: Arcanine\n|-damage|p2a: Arcanine|0 fnt\n|faint|p2a: Arcanine\n|\n|upkeep\n|\n|t:|1600907454\n|switch|p2a: Conkeldurr|Conkeldurr, M|50\/100\n|turn|32\n|\n|t:|1600907472\n|move|p1a: Zeraora|Play Rough|p2a: Conkeldurr\n|-supereffective|p2a: Conkeldurr\n|-damage|p2a: Conkeldurr|18\/100\n|move|p2a: Conkeldurr|Drain Punch|p1a: Zeraora\n|-damage|p1a: Zeraora|29\/100\n|-heal|p2a: Conkeldurr|45\/100|[from] drain|[of] p1a: Zeraora\n|\n|upkeep\n|turn|33\n|\n|t:|1600907484\n|move|p2a: Conkeldurr|Mach Punch|p1a: Zeraora\n|-crit|p1a: Zeraora\n|-damage|p1a: Zeraora|0 fnt\n|faint|p1a: Zeraora\n|\n|upkeep\n|\n|t:|1600907490\n|switch|p1a: Rillaboom|Rillaboom, M|76\/100\n|-fieldstart|move: Grassy Terrain|[from] ability: Grassy Surge|[of] p1a: Rillaboom\n|turn|34\n|\n|t:|1600907499\n|move|p1a: Rillaboom|Grassy Glide|p2a: Conkeldurr\n|-damage|p2a: Conkeldurr|0 fnt\n|-damage|p1a: Rillaboom|66\/100|[from] item: Life Orb\n|faint|p2a: Conkeldurr\n|\n|-heal|p1a: Rillaboom|72\/100|[from] Grassy Terrain\n|upkeep\n|\n|t:|1600907508\n|switch|p2a: Obstagoon|Obstagoon, M|81\/100\n|turn|35\n|inactive|TryHardLegend has 120 seconds left.\n|inactive|TryHardLegend has 90 seconds left.\n|\n|t:|1600907572\n|move|p2a: Obstagoon|Double-Edge|p1a: Rillaboom\n|-damage|p1a: Rillaboom|13\/100\n|-damage|p2a: Obstagoon|61\/100|[from] Recoil\n|move|p1a: Rillaboom|Drain Punch|p2a: Obstagoon\n|-supereffective|p2a: Obstagoon\n|-damage|p2a: Obstagoon|0 fnt\n|-heal|p1a: Rillaboom|42\/100|[from] drain|[of] p2a: Obstagoon\n|-damage|p1a: Rillaboom|32\/100|[from] item: Life Orb\n|faint|p2a: Obstagoon\n|\n|win|TryHardLegend\n|raw|TryHardLegend's rating: 1448 &rarr; <strong>1469<\/strong><br \/>(+21 for winning)\n|raw|glaed13's rating: 1449 &rarr; <strong>1429<\/strong><br \/>(-20 for losing)\n|l|\u2606glaed13\n","uploadtime":1600909470,"views":5,"p1id":"tryhardlegend","p2id":"glaed13","formatid":"gen8ou","rating":1429,"private":0,"password":null}