{"id":"gen8ou-1126959090","p1":"padmecito","p2":"Storm Zone","format":"gen8ou","log":"|j|\u2606padmecito\n|j|\u2606Storm Zone\n|player|p1|padmecito|170|1729\n|player|p2|Storm Zone|zinnia|1818\n|teamsize|p1|6\n|teamsize|p2|6\n|gametype|singles\n|gen|8\n|tier|[Gen 8] OU\n|rated|\n|clearpoke\n|poke|p1|Cinderace, M|\n|poke|p1|Ferrothorn, F|\n|poke|p1|Rotom-Wash|\n|poke|p1|Hippowdon, F|\n|poke|p1|Mimikyu, F|\n|poke|p1|Mandibuzz, F|\n|poke|p2|Torkoal, M|\n|poke|p2|Necrozma|\n|poke|p2|Shiftry, M|\n|poke|p2|Durant, M|\n|poke|p2|Cinderace, M|\n|poke|p2|Togekiss, M|\n|rule|Sleep Clause Mod: Limit one foe put to sleep\n|rule|Species Clause: Limit one of each Pok\u00e9mon\n|rule|OHKO Clause: OHKO moves are banned\n|rule|Evasion Moves Clause: Evasion moves are banned\n|rule|Endless Battle Clause: Forcing endless battles is banned\n|rule|HP Percentage Mod: HP is shown in percentages\n|rule|Dynamax Clause: You cannot dynamax\n|teampreview\n|j| kleiner racker\n|inactive|Battle timer is ON: inactive players will automatically lose when time's up. (requested by padmecito)\n|j| biklad\n|\n|start\n|switch|p1a: Rotom|Rotom-Wash|100\/100\n|switch|p2a: Kazame|Torkoal, M|100\/100\n|-weather|SunnyDay|[from] ability: Drought|[of] p2a: Kazame\n|turn|1\n|inactive|padmecito has 120 seconds left.\n|\n|move|p1a: Rotom|Substitute|p1a: Rotom\n|-start|p1a: Rotom|Substitute\n|-damage|p1a: Rotom|76\/100\n|move|p2a: Kazame|Stealth Rock|p1a: Rotom\n|-sidestart|p1: padmecito|move: Stealth Rock\n|\n|-weather|SunnyDay|[upkeep]\n|-heal|p1a: Rotom|82\/100|[from] item: Leftovers\n|upkeep\n|turn|2\n|\n|switch|p2a: Assassin|Shiftry, M|100\/100\n|move|p1a: Rotom|Discharge|p2a: Assassin\n|-resisted|p2a: Assassin\n|-damage|p2a: Assassin|73\/100\n|-status|p2a: Assassin|par\n|\n|-weather|SunnyDay|[upkeep]\n|-heal|p1a: Rotom|88\/100|[from] item: Leftovers\n|upkeep\n|turn|3\n|\n|move|p1a: Rotom|Discharge|p2a: Assassin\n|-resisted|p2a: Assassin\n|-damage|p2a: Assassin|43\/100 par\n|move|p2a: Assassin|Leaf Blade|p1a: Rotom\n|-supereffective|p1a: Rotom\n|-end|p1a: Rotom|Substitute\n|-damage|p2a: Assassin|33\/100 par|[from] item: Life Orb\n|\n|-weather|SunnyDay|[upkeep]\n|-heal|p1a: Rotom|94\/100|[from] item: Leftovers\n|upkeep\n|turn|4\n|\n|move|p1a: Rotom|Substitute|p1a: Rotom\n|-start|p1a: Rotom|Substitute\n|-damage|p1a: Rotom|69\/100\n|move|p2a: Assassin|Leaf Blade|p1a: Rotom\n|-supereffective|p1a: Rotom\n|-end|p1a: Rotom|Substitute\n|-damage|p2a: Assassin|23\/100 par|[from] item: Life Orb\n|\n|-weather|SunnyDay|[upkeep]\n|-heal|p1a: Rotom|75\/100|[from] item: Leftovers\n|upkeep\n|turn|5\n|\n|cant|p2a: Assassin|par\n|move|p1a: Rotom|Substitute|p1a: Rotom\n|-start|p1a: Rotom|Substitute\n|-damage|p1a: Rotom|50\/100\n|\n|-weather|SunnyDay|[upkeep]\n|-heal|p1a: Rotom|56\/100|[from] item: Leftovers\n|upkeep\n|turn|6\n|\n|move|p2a: Assassin|Sucker Punch|p1a: Rotom\n|-crit|p1a: Rotom\n|-end|p1a: Rotom|Substitute\n|-damage|p2a: Assassin|13\/100 par|[from] item: Life Orb\n|move|p1a: Rotom|Discharge|p2a: Assassin\n|-resisted|p2a: Assassin\n|-damage|p2a: Assassin|0 fnt\n|faint|p2a: Assassin\n|\n|-weather|SunnyDay|[upkeep]\n|-heal|p1a: Rotom|62\/100|[from] item: Leftovers\n|upkeep\n|\n|switch|p2a: Megatronus|Necrozma|100\/100\n|turn|7\n|\n|move|p1a: Rotom|Discharge|p2a: Megatronus\n|-damage|p2a: Megatronus|62\/100\n|-status|p2a: Megatronus|par\n|move|p2a: Megatronus|Photon Geyser|p1a: Rotom\n|-damage|p1a: Rotom|0 fnt\n|faint|p1a: Rotom\n|\n|-weather|SunnyDay|[upkeep]\n|upkeep\n|\n|switch|p1a: Mandibuzz|Mandibuzz, F|100\/100\n|turn|8\n|\n|switch|p2a: Liberacy|Cinderace, M|100\/100\n|move|p1a: Mandibuzz|Defog|p2a: Liberacy\n|-unboost|p2a: Liberacy|evasion|1\n|-sideend|p1: padmecito|Stealth Rock|[from] move: Defog|[of] p1a: Mandibuzz\n|\n|-weather|none\n|upkeep\n|turn|9\n|\n|move|p2a: Liberacy|U-turn|p1a: Mandibuzz\n|-start|p2a: Liberacy|typechange|Bug|[from] ability: Libero\n|-damage|p1a: Mandibuzz|59\/100\n|\n|switch|p2a: Kazame|Torkoal, M|100\/100|[from]move: U-turn\n|-weather|SunnyDay|[from] ability: Drought|[of] p2a: Kazame\n|move|p1a: Mandibuzz|Brave Bird|p2a: Kazame\n|-damage|p2a: Kazame|85\/100\n|-damage|p1a: Mandibuzz|55\/100|[from] Recoil\n|\n|-weather|SunnyDay|[upkeep]\n|upkeep\n|turn|10\n|j| TheDarkSwirl\n|inactive|padmecito has 120 seconds left.\n|\n|move|p1a: Mandibuzz|Roost|p1a: Mandibuzz\n|-heal|p1a: Mandibuzz|100\/100\n|-singleturn|p1a: Mandibuzz|move: Roost\n|move|p2a: Kazame|Stealth Rock|p1a: Mandibuzz\n|-sidestart|p1: padmecito|move: Stealth Rock\n|\n|-weather|SunnyDay|[upkeep]\n|upkeep\n|turn|11\n|\n|move|p1a: Mandibuzz|Brave Bird|p2a: Kazame\n|-damage|p2a: Kazame|68\/100\n|-damage|p1a: Mandibuzz|96\/100|[from] Recoil\n|move|p2a: Kazame|Will-O-Wisp|p1a: Mandibuzz|[miss]\n|-miss|p2a: Kazame|p1a: Mandibuzz\n|\n|-weather|SunnyDay|[upkeep]\n|upkeep\n|turn|12\n|inactive|padmecito has 120 seconds left.\n|\n|move|p1a: Mandibuzz|Defog|p2a: Kazame\n|-unboost|p2a: Kazame|evasion|1\n|-sideend|p1: padmecito|Stealth Rock|[from] move: Defog|[of] p1a: Mandibuzz\n|move|p2a: Kazame|Will-O-Wisp|p1a: Mandibuzz\n|-status|p1a: Mandibuzz|brn\n|\n|-weather|SunnyDay|[upkeep]\n|-damage|p1a: Mandibuzz|90\/100 brn|[from] brn\n|upkeep\n|turn|13\n|\n|move|p1a: Mandibuzz|U-turn|p2a: Kazame\n|-resisted|p2a: Kazame\n|-damage|p2a: Kazame|66\/100\n|\n|switch|p1a: Cinderace|Cinderace, M|100\/100|[from]move: U-turn\n|move|p2a: Kazame|Stealth Rock|p1a: Cinderace\n|-sidestart|p1: padmecito|move: Stealth Rock\n|\n|-weather|SunnyDay|[upkeep]\n|upkeep\n|turn|14\n|j| Vccfg\n|l| Vccfg\n|\n|switch|p2a: Cl0ud n1n3|Togekiss, M|100\/100\n|move|p1a: Cinderace|Pyro Ball|p2a: Cl0ud n1n3\n|-damage|p2a: Cl0ud n1n3|0 fnt\n|-damage|p1a: Cinderace|91\/100|[from] item: Life Orb\n|faint|p2a: Cl0ud n1n3\n|\n|-weather|SunnyDay|[upkeep]\n|upkeep\n|\n|switch|p2a: Liberacy|Cinderace, M|100\/100\n|turn|15\n|inactive|padmecito has 90 seconds left.\n|j| HeavenStar\n|\n|move|p2a: Liberacy|Pyro Ball|p1a: Cinderace\n|-resisted|p1a: Cinderace\n|-damage|p1a: Cinderace|0 fnt\n|faint|p1a: Cinderace\n|\n|-weather|SunnyDay|[upkeep]\n|upkeep\n|\n|switch|p1a: Hippowdon|Hippowdon, F|100\/100\n|-damage|p1a: Hippowdon|94\/100|[from] Stealth Rock\n|-weather|Sandstorm|[from] ability: Sand Stream|[of] p1a: Hippowdon\n|turn|16\n|inactive|padmecito has 90 seconds left.\n|\n|switch|p2a: Kazame|Torkoal, M|66\/100\n|-weather|SunnyDay|[from] ability: Drought|[of] p2a: Kazame\n|move|p1a: Hippowdon|Earthquake|p2a: Kazame\n|-supereffective|p2a: Kazame\n|-damage|p2a: Kazame|28\/100\n|\n|-weather|SunnyDay|[upkeep]\n|upkeep\n|turn|17\n|inactive|padmecito has 90 seconds left.\n|\n|move|p1a: Hippowdon|Earthquake|p2a: Kazame\n|-supereffective|p2a: Kazame\n|-damage|p2a: Kazame|0 fnt\n|faint|p2a: Kazame\n|\n|-weather|SunnyDay|[upkeep]\n|upkeep\n|j| Attila Hildmann\n|\n|switch|p2a: Megatronus|Necrozma|62\/100 par\n|turn|18\n|\n|switch|p1a: Mandibuzz|Mandibuzz, F|90\/100 brn\n|move|p2a: Megatronus|Heat Wave|p1a: Mandibuzz|[miss]\n|-miss|p2a: Megatronus|p1a: Mandibuzz\n|\n|-weather|SunnyDay|[upkeep]\n|-damage|p1a: Mandibuzz|84\/100 brn|[from] brn\n|upkeep\n|turn|19\n|\n|move|p1a: Mandibuzz|Defog|p2a: Megatronus\n|-unboost|p2a: Megatronus|evasion|1\n|-sideend|p1: padmecito|Stealth Rock|[from] move: Defog|[of] p1a: Mandibuzz\n|move|p2a: Megatronus|Heat Wave|p1a: Mandibuzz\n|-damage|p1a: Mandibuzz|39\/100 brn\n|\n|-weather|SunnyDay|[upkeep]\n|-damage|p1a: Mandibuzz|33\/100 brn|[from] brn\n|upkeep\n|turn|20\n|c| Attila Hildmann|R\u00fcben\n|c| kleiner racker|oh ja\n|\n|switch|p2a: Liberacy|Cinderace, M|100\/100\n|move|p1a: Mandibuzz|Brave Bird|p2a: Liberacy\n|-damage|p2a: Liberacy|80\/100\n|-damage|p1a: Mandibuzz|28\/100 brn|[from] Recoil\n|\n|-weather|SunnyDay|[upkeep]\n|-damage|p1a: Mandibuzz|22\/100 brn|[from] brn\n|upkeep\n|turn|21\n|c| kleiner racker|gro\u00dfe dicke r\u00fcben\n|c| Attila Hildmann|Vegans!\n|\n|move|p2a: Liberacy|Pyro Ball|p1a: Mandibuzz\n|-damage|p1a: Mandibuzz|0 fnt\n|faint|p1a: Mandibuzz\n|\n|-weather|SunnyDay|[upkeep]\n|upkeep\n|\n|switch|p1a: Hippowdon|Hippowdon, F|94\/100\n|-weather|Sandstorm|[from] ability: Sand Stream|[of] p1a: Hippowdon\n|turn|22\n|c| kleiner racker|isst du kein fleisch\n|\n|move|p2a: Liberacy|Pyro Ball|p1a: Hippowdon\n|-damage|p1a: Hippowdon|51\/100\n|-status|p1a: Hippowdon|brn\n|move|p1a: Hippowdon|Earthquake|p2a: Liberacy\n|-supereffective|p2a: Liberacy\n|-damage|p2a: Liberacy|23\/100\n|\n|-weather|Sandstorm|[upkeep]\n|-damage|p2a: Liberacy|17\/100|[from] Sandstorm\n|-damage|p1a: Hippowdon|45\/100 brn|[from] brn\n|upkeep\n|turn|23\n|c| Attila Hildmann|Ne\n|\n|move|p2a: Liberacy|Pyro Ball|p1a: Hippowdon\n|-damage|p1a: Hippowdon|4\/100 brn\n|move|p1a: Hippowdon|Slack Off|p1a: Hippowdon\n|-heal|p1a: Hippowdon|54\/100 brn\n|\n|-weather|Sandstorm|[upkeep]\n|-damage|p2a: Liberacy|11\/100|[from] Sandstorm\n|-damage|p1a: Hippowdon|47\/100 brn|[from] brn\n|upkeep\n|turn|24\n|c| kleiner racker|wow\n|l| kleiner racker\n|\n|move|p2a: Liberacy|Pyro Ball|p1a: Hippowdon\n|-damage|p1a: Hippowdon|1\/100 brn\n|move|p1a: Hippowdon|Slack Off|p1a: Hippowdon\n|-heal|p1a: Hippowdon|51\/100 brn\n|\n|-weather|Sandstorm|[upkeep]\n|-damage|p2a: Liberacy|5\/100|[from] Sandstorm\n|-damage|p1a: Hippowdon|45\/100 brn|[from] brn\n|upkeep\n|turn|25\n|l| TheDarkSwirl\n|\n|move|p2a: Liberacy|Pyro Ball|p1a: Hippowdon\n|-damage|p1a: Hippowdon|0 fnt\n|faint|p1a: Hippowdon\n|\n|-weather|Sandstorm|[upkeep]\n|-damage|p2a: Liberacy|0 fnt|[from] Sandstorm\n|faint|p2a: Liberacy\n|upkeep\n|c| Attila Hildmann|Trinke auch kein Adrenochrom\n|l| Attila Hildmann\n|j| MrWolfe123\n|\n|switch|p2a: Megatronus|Necrozma|62\/100 par\n|switch|p1a: Mimikyu|Mimikyu, F|100\/100\n|turn|26\n|j| black shadow 666\n|\n|move|p1a: Mimikyu|Shadow Claw|p2a: Megatronus\n|-supereffective|p2a: Megatronus\n|-damage|p2a: Megatronus|7\/100 par\n|-damage|p1a: Mimikyu|91\/100|[from] item: Life Orb\n|move|p2a: Megatronus|Photon Geyser|p1a: Mimikyu\n|-damage|p1a: Mimikyu|0 fnt\n|faint|p1a: Mimikyu\n|\n|-weather|none\n|upkeep\n|l| black shadow 666\n|j| Nartey\n|\n|switch|p1a: Ferrothorn|Ferrothorn, F|100\/100\n|turn|27\n|j| black shadow 666\n|\n|move|p2a: Megatronus|Photon Geyser|p1a: Ferrothorn\n|-resisted|p1a: Ferrothorn\n|-damage|p1a: Ferrothorn|77\/100\n|move|p1a: Ferrothorn|Knock Off|p2a: Megatronus\n|-supereffective|p2a: Megatronus\n|-damage|p2a: Megatronus|0 fnt\n|-enditem|p2a: Megatronus|Choice Specs|[from] move: Knock Off|[of] p1a: Ferrothorn\n|faint|p2a: Megatronus\n|\n|-heal|p1a: Ferrothorn|83\/100|[from] item: Leftovers\n|upkeep\n|l| black shadow 666\n|\n|switch|p2a: Predator|Durant, M|100\/100\n|turn|28\n|\n|move|p2a: Predator|First Impression|p1a: Ferrothorn\n|-damage|p1a: Ferrothorn|18\/100\n|-damage|p2a: Predator|88\/100|[from] ability: Iron Barbs|[of] p1a: Ferrothorn\n|-damage|p2a: Predator|78\/100|[from] item: Life Orb\n|move|p1a: Ferrothorn|Knock Off|p2a: Predator\n|-damage|p2a: Predator|52\/100\n|-enditem|p2a: Predator|Life Orb|[from] move: Knock Off|[of] p1a: Ferrothorn\n|\n|-heal|p1a: Ferrothorn|25\/100|[from] item: Leftovers\n|upkeep\n|turn|29\n|j| danisahne\n|\n|move|p1a: Ferrothorn|Protect|p1a: Ferrothorn\n|-singleturn|p1a: Ferrothorn|Protect\n|move|p2a: Predator|Superpower|p1a: Ferrothorn\n|-activate|p1a: Ferrothorn|move: Protect\n|\n|-heal|p1a: Ferrothorn|31\/100|[from] item: Leftovers\n|upkeep\n|turn|30\n|\n|move|p2a: Predator|Superpower|p1a: Ferrothorn\n|-supereffective|p1a: Ferrothorn\n|-damage|p1a: Ferrothorn|0 fnt\n|-unboost|p2a: Predator|atk|1\n|-unboost|p2a: Predator|def|1\n|-damage|p2a: Predator|40\/100|[from] ability: Iron Barbs|[of] p1a: Ferrothorn\n|faint|p1a: Ferrothorn\n|\n|win|Storm Zone\n|c| danisahne|gg\n|l|\u2606padmecito\n|l|\u2606Storm Zone\n|raw|padmecito's rating: 1729 &rarr; <strong>1715<\/strong><br \/>(-14 for losing)\n|raw|Storm Zone's rating: 1836 &rarr; <strong>1850<\/strong><br \/>(+14 for winning)\n|l| MrWolfe123\n|l| danisahne\n|l| Nartey\n","uploadtime":1591313603,"views":737,"p1id":"padmecito","p2id":"stormzone","formatid":"gen8ou","rating":1715,"private":0,"password":null}