{"id":"gen8ou-1612632173","p1":"TPX05","p2":"fishy8995","format":"gen8ou","log":"|j|\u2606TPX05\n|j|\u2606fishy8995\n|t:|1657242204\n|gametype|singles\n|player|p1|TPX05|clerkf|1532\n|player|p2|fishy8995|101|1555\n|teamsize|p1|6\n|teamsize|p2|6\n|gen|8\n|tier|[Gen 8] OU\n|rated|\n|rule|Sleep Clause Mod: Limit one foe put to sleep\n|rule|Species Clause: Limit one of each Pok\u00e9mon\n|rule|OHKO Clause: OHKO moves are banned\n|rule|Evasion Moves Clause: Evasion moves are banned\n|rule|Endless Battle Clause: Forcing endless battles is banned\n|rule|HP Percentage Mod: HP is shown in percentages\n|rule|Dynamax Clause: You cannot dynamax\n|clearpoke\n|poke|p1|Tyranitar, F|\n|poke|p1|Hippowdon, F|\n|poke|p1|Excadrill, F|\n|poke|p1|Toxapex, M|\n|poke|p1|Dracozolt|\n|poke|p1|Tornadus-Therian, M|\n|poke|p2|Hippowdon, F|\n|poke|p2|Tyranitar, F|\n|poke|p2|Excadrill, M|\n|poke|p2|Latias, F|\n|poke|p2|Toxapex, M|\n|poke|p2|Dracozolt|\n|teampreview\n|inactive|Battle timer is ON: inactive players will automatically lose when time's up. (requested by TPX05)\n|\n|t:|1657242220\n|start\n|switch|p1a: Tornadus|Tornadus-Therian, M|100\/100\n|switch|p2a: Tyranitar|Tyranitar, F|100\/100\n|-weather|Sandstorm|[from] ability: Sand Stream|[of] p2a: Tyranitar\n|turn|1\n|\n|t:|1657242223\n|move|p1a: Tornadus|U-turn|p2a: Tyranitar\n|-supereffective|p2a: Tyranitar\n|-damage|p2a: Tyranitar|81\/100\n|\n|t:|1657242228\n|switch|p1a: Hippowdon|Hippowdon, F|100\/100|[from]move: U-turn\n|move|p2a: Tyranitar|Ice Beam|p1a: Hippowdon\n|-supereffective|p1a: Hippowdon\n|-damage|p1a: Hippowdon|44\/100\n|-status|p1a: Hippowdon|frz\n|\n|-weather|Sandstorm|[upkeep]\n|upkeep\n|turn|2\n|\n|t:|1657242236\n|switch|p1a: Excadrill|Excadrill, F|100\/100\n|move|p2a: Tyranitar|Ice Beam|p1a: Excadrill\n|-damage|p1a: Excadrill|64\/100\n|-status|p1a: Excadrill|frz\n|\n|-weather|Sandstorm|[upkeep]\n|-heal|p1a: Excadrill|70\/100 frz|[from] item: Leftovers\n|upkeep\n|turn|3\n|c|\u2606TPX05|?\n|\n|t:|1657242241\n|cant|p1a: Excadrill|frz\n|move|p2a: Tyranitar|Flamethrower|p1a: Excadrill\n|-supereffective|p1a: Excadrill\n|-damage|p1a: Excadrill|0 fnt\n|faint|p1a: Excadrill\n|\n|-weather|Sandstorm|[upkeep]\n|upkeep\n|\n|t:|1657242246\n|switch|p1a: Dracozolt|Dracozolt|100\/100\n|turn|4\n|\n|t:|1657242256\n|switch|p2a: Excadrill|Excadrill, M, shiny|100\/100\n|move|p1a: Dracozolt|Earthquake|p2a: Excadrill\n|-supereffective|p2a: Excadrill\n|-enditem|p2a: Excadrill|Focus Sash\n|-damage|p2a: Excadrill|1\/100\n|-damage|p1a: Dracozolt|91\/100|[from] item: Life Orb\n|\n|-weather|Sandstorm|[upkeep]\n|upkeep\n|turn|5\n|\n|t:|1657242266\n|switch|p1a: Tornadus|Tornadus-Therian, M|100\/100\n|move|p2a: Excadrill|Rock Slide|p1a: Tornadus\n|-supereffective|p1a: Tornadus\n|-damage|p1a: Tornadus|28\/100\n|\n|-weather|none\n|upkeep\n|turn|6\n|\n|t:|1657242270\n|switch|p2a: Tyranitar|Tyranitar, F|81\/100\n|-weather|Sandstorm|[from] ability: Sand Stream|[of] p2a: Tyranitar\n|move|p1a: Tornadus|U-turn|p2a: Tyranitar\n|-supereffective|p2a: Tyranitar\n|-damage|p2a: Tyranitar|58\/100\n|\n|t:|1657242272\n|switch|p1a: Dracozolt|Dracozolt|91\/100|[from]move: U-turn\n|\n|-weather|Sandstorm|[upkeep]\n|upkeep\n|turn|7\n|\n|t:|1657242287\n|switch|p2a: Hippowdon|Hippowdon, F|100\/100\n|move|p1a: Dracozolt|Earthquake|p2a: Hippowdon\n|-damage|p2a: Hippowdon|79\/100\n|-damage|p1a: Dracozolt|81\/100|[from] item: Life Orb\n|\n|-weather|Sandstorm|[upkeep]\n|upkeep\n|turn|8\n|\n|t:|1657242295\n|switch|p1a: Hippowdon|Hippowdon, F|44\/100 frz\n|move|p2a: Hippowdon|Toxic|p1a: Hippowdon|[miss]\n|-miss|p2a: Hippowdon|p1a: Hippowdon\n|\n|-weather|Sandstorm|[upkeep]\n|upkeep\n|turn|9\n|\n|t:|1657242298\n|switch|p2a: Tyranitar|Tyranitar, F|58\/100\n|cant|p1a: Hippowdon|frz\n|\n|-weather|Sandstorm|[upkeep]\n|upkeep\n|turn|10\n|\n|t:|1657242302\n|switch|p1a: Toxapex|Toxapex, M|100\/100\n|move|p2a: Tyranitar|Ice Beam|p1a: Toxapex\n|-resisted|p1a: Toxapex\n|-damage|p1a: Toxapex|89\/100\n|\n|-weather|none\n|upkeep\n|turn|11\n|\n|t:|1657242306\n|move|p2a: Tyranitar|Thunderbolt|p1a: Toxapex\n|-supereffective|p1a: Toxapex\n|-damage|p1a: Toxapex|42\/100\n|move|p1a: Toxapex|Toxic Spikes|p2a: Tyranitar\n|-sidestart|p2: fishy8995|move: Toxic Spikes\n|\n|upkeep\n|turn|12\n|\n|t:|1657242319\n|switch|p1a: Tyranitar|Tyranitar, F|100\/100\n|-weather|Sandstorm|[from] ability: Sand Stream|[of] p1a: Tyranitar\n|move|p2a: Tyranitar|Thunderbolt|p1a: Tyranitar\n|-crit|p1a: Tyranitar\n|-damage|p1a: Tyranitar|74\/100\n|\n|-weather|Sandstorm|[upkeep]\n|upkeep\n|turn|13\n|\n|t:|1657242324\n|switch|p2a: Toxapex|Toxapex, M|100\/100\n|-sideend|p2: fishy8995|move: Toxic Spikes|[of] p2a: Toxapex\n|move|p1a: Tyranitar|Earthquake|p2a: Toxapex\n|-supereffective|p2a: Toxapex\n|-damage|p2a: Toxapex|5\/100\n|\n|-weather|Sandstorm|[upkeep]\n|-damage|p2a: Toxapex|0 fnt|[from] Sandstorm\n|faint|p2a: Toxapex\n|upkeep\n|\n|t:|1657242327\n|switch|p2a: Excadrill|Excadrill, M, shiny|1\/100\n|turn|14\n|\n|t:|1657242352\n|switch|p1a: Toxapex|Toxapex, M|75\/100\n|move|p2a: Excadrill|Iron Head|p1a: Toxapex\n|-resisted|p1a: Toxapex\n|-damage|p1a: Toxapex|60\/100\n|-damage|p2a: Excadrill|0 fnt|[from] item: Rocky Helmet|[of] p1a: Toxapex\n|faint|p2a: Excadrill\n|\n|-weather|Sandstorm|[upkeep]\n|-damage|p1a: Toxapex|54\/100|[from] Sandstorm\n|upkeep\n|\n|t:|1657242359\n|switch|p2a: Dracozolt|Dracozolt|100\/100\n|turn|15\n|inactive|TPX05 has 120 seconds left.\n|\n|t:|1657242391\n|switch|p1a: Hippowdon|Hippowdon, F|44\/100 frz\n|move|p2a: Dracozolt|Earthquake|p1a: Hippowdon\n|-damage|p1a: Hippowdon|22\/100 frz\n|-damage|p2a: Dracozolt|91\/100|[from] item: Life Orb\n|\n|-weather|Sandstorm|[upkeep]\n|upkeep\n|turn|16\n|inactive|TPX05 has 120 seconds left.\n|\n|t:|1657242397\n|move|p2a: Dracozolt|Dragon Claw|p1a: Hippowdon\n|-damage|p1a: Hippowdon|0 fnt\n|faint|p1a: Hippowdon\n|-damage|p2a: Dracozolt|81\/100|[from] item: Life Orb\n|\n|-weather|none\n|upkeep\n|inactive|TPX05 has 120 seconds left.\n|\n|t:|1657242405\n|switch|p1a: Tornadus|Tornadus-Therian, M|61\/100\n|turn|17\n|\n|t:|1657242413\n|move|p1a: Tornadus|Icy Wind|p2a: Dracozolt\n|-supereffective|p2a: Dracozolt\n|-damage|p2a: Dracozolt|32\/100\n|-unboost|p2a: Dracozolt|spe|1\n|move|p2a: Dracozolt|Bolt Beak|p1a: Tornadus\n|-supereffective|p1a: Tornadus\n|-damage|p1a: Tornadus|0 fnt\n|faint|p1a: Tornadus\n|-damage|p2a: Dracozolt|22\/100|[from] item: Life Orb\n|\n|upkeep\n|\n|t:|1657242415\n|switch|p1a: Dracozolt|Dracozolt|81\/100\n|turn|18\n|\n|t:|1657242427\n|switch|p2a: Hippowdon|Hippowdon, F|79\/100\n|-weather|Sandstorm|[from] ability: Sand Stream|[of] p2a: Hippowdon\n|move|p1a: Dracozolt|Draco Meteor|p2a: Hippowdon\n|-damage|p2a: Hippowdon|15\/100\n|-unboost|p1a: Dracozolt|spa|2\n|-damage|p1a: Dracozolt|71\/100|[from] item: Life Orb\n|\n|-weather|Sandstorm|[upkeep]\n|upkeep\n|turn|19\n|\n|t:|1657242438\n|switch|p2a: Latias|Latias, F, shiny|100\/100\n|move|p1a: Dracozolt|Earthquake|p2a: Latias\n|-immune|p2a: Latias|[from] ability: Levitate\n|\n|-weather|Sandstorm|[upkeep]\n|-damage|p2a: Latias|94\/100|[from] Sandstorm\n|upkeep\n|turn|20\n|\n|t:|1657242442\n|move|p1a: Dracozolt|Draco Meteor|p2a: Latias|[miss]\n|-miss|p1a: Dracozolt|p2a: Latias\n|move|p2a: Latias|Healing Wish|p2a: Latias\n|faint|p2a: Latias\n|\n|-weather|Sandstorm|[upkeep]\n|upkeep\n|\n|t:|1657242446\n|switch|p2a: Hippowdon|Hippowdon, F|15\/100\n|-heal|p2a: Hippowdon|100\/100|[from] move: Healing Wish\n|turn|21\n|\n|t:|1657242451\n|switch|p1a: Toxapex|Toxapex, M|88\/100\n|move|p2a: Hippowdon|Yawn|p1a: Toxapex\n|-start|p1a: Toxapex|move: Yawn|[of] p2a: Hippowdon\n|\n|-weather|Sandstorm|[upkeep]\n|-damage|p1a: Toxapex|82\/100|[from] Sandstorm\n|upkeep\n|turn|22\n|\n|t:|1657242455\n|move|p2a: Hippowdon|Toxic|p1a: Toxapex\n|-immune|p1a: Toxapex\n|move|p1a: Toxapex|Toxic Spikes|p2a: Hippowdon\n|-sidestart|p2: fishy8995|move: Toxic Spikes\n|\n|-weather|Sandstorm|[upkeep]\n|-damage|p1a: Toxapex|76\/100|[from] Sandstorm\n|-end|p1a: Toxapex|move: Yawn|[silent]\n|-status|p1a: Toxapex|slp\n|upkeep\n|turn|23\n|\n|t:|1657242479\n|switch|p2a: Tyranitar|Tyranitar, F|58\/100\n|-status|p2a: Tyranitar|psn\n|cant|p1a: Toxapex|slp\n|\n|-weather|Sandstorm|[upkeep]\n|-damage|p1a: Toxapex|70\/100 slp|[from] Sandstorm\n|-damage|p2a: Tyranitar|46\/100 psn|[from] psn\n|upkeep\n|turn|24\n|\n|t:|1657242485\n|switch|p2a: Dracozolt|Dracozolt|22\/100\n|-status|p2a: Dracozolt|psn\n|switch|p1a: Tyranitar|Tyranitar, F|74\/100\n|\n|-weather|Sandstorm|[upkeep]\n|-damage|p2a: Dracozolt|10\/100 psn|[from] psn\n|upkeep\n|turn|25\n|\n|t:|1657242489\n|switch|p1a: Toxapex|Toxapex, M|100\/100 slp\n|move|p2a: Dracozolt|Bolt Beak|p1a: Toxapex\n|-supereffective|p1a: Toxapex\n|-damage|p1a: Toxapex|0 fnt\n|-damage|p2a: Dracozolt|0 fnt|[from] item: Rocky Helmet|[of] p1a: Toxapex\n|faint|p1a: Toxapex\n|faint|p2a: Dracozolt\n|\n|-weather|none\n|upkeep\n|\n|t:|1657242503\n|switch|p2a: Tyranitar|Tyranitar, F|46\/100 psn\n|switch|p1a: Tyranitar|Tyranitar, F|74\/100\n|-weather|Sandstorm|[from] ability: Sand Stream|[of] p1a: Tyranitar\n|turn|26\n|\n|t:|1657242506\n|move|p1a: Tyranitar|Earthquake|p2a: Tyranitar\n|-supereffective|p2a: Tyranitar\n|-damage|p2a: Tyranitar|0 fnt\n|faint|p2a: Tyranitar\n|\n|-weather|Sandstorm|[upkeep]\n|upkeep\n|\n|t:|1657242508\n|switch|p2a: Hippowdon|Hippowdon, F|100\/100\n|-status|p2a: Hippowdon|psn\n|turn|27\n|\n|t:|1657242510\n|move|p1a: Tyranitar|Earthquake|p2a: Hippowdon\n|-damage|p2a: Hippowdon|71\/100 psn\n|move|p2a: Hippowdon|Toxic|p1a: Tyranitar\n|-status|p1a: Tyranitar|tox\n|\n|-weather|Sandstorm|[upkeep]\n|-damage|p1a: Tyranitar|68\/100 tox|[from] psn\n|-damage|p2a: Hippowdon|59\/100 psn|[from] psn\n|upkeep\n|turn|28\n|\n|t:|1657242512\n|move|p1a: Tyranitar|Earthquake|p2a: Hippowdon\n|-damage|p2a: Hippowdon|28\/100 psn\n|move|p2a: Hippowdon|Slack Off|p2a: Hippowdon\n|-heal|p2a: Hippowdon|78\/100 psn\n|\n|-weather|Sandstorm|[upkeep]\n|-damage|p1a: Tyranitar|56\/100 tox|[from] psn\n|-damage|p2a: Hippowdon|66\/100 psn|[from] psn\n|upkeep\n|turn|29\n|\n|t:|1657242514\n|move|p1a: Tyranitar|Earthquake|p2a: Hippowdon\n|-damage|p2a: Hippowdon|33\/100 psn\n|move|p2a: Hippowdon|Slack Off|p2a: Hippowdon\n|-heal|p2a: Hippowdon|83\/100 psn\n|\n|-weather|Sandstorm|[upkeep]\n|-damage|p1a: Tyranitar|37\/100 tox|[from] psn\n|-damage|p2a: Hippowdon|71\/100 psn|[from] psn\n|upkeep\n|turn|30\n|\n|t:|1657242516\n|move|p1a: Tyranitar|Earthquake|p2a: Hippowdon\n|-damage|p2a: Hippowdon|38\/100 psn\n|move|p2a: Hippowdon|Slack Off|p2a: Hippowdon\n|-heal|p2a: Hippowdon|88\/100 psn\n|\n|-weather|none\n|-damage|p1a: Tyranitar|13\/100 tox|[from] psn\n|-damage|p2a: Hippowdon|75\/100 psn|[from] psn\n|upkeep\n|turn|31\n|\n|t:|1657242517\n|move|p1a: Tyranitar|Earthquake|p2a: Hippowdon\n|-damage|p2a: Hippowdon|44\/100 psn\n|move|p2a: Hippowdon|Slack Off|p2a: Hippowdon\n|-heal|p2a: Hippowdon|94\/100 psn\n|\n|-damage|p1a: Tyranitar|0 fnt|[from] psn\n|faint|p1a: Tyranitar\n|-damage|p2a: Hippowdon|81\/100 psn|[from] psn\n|upkeep\n|\n|t:|1657242519\n|switch|p1a: Dracozolt|Dracozolt|71\/100\n|turn|32\n|\n|t:|1657242521\n|move|p1a: Dracozolt|Draco Meteor|p2a: Hippowdon\n|-damage|p2a: Hippowdon|15\/100 psn\n|-unboost|p1a: Dracozolt|spa|2\n|-damage|p1a: Dracozolt|61\/100|[from] item: Life Orb\n|move|p2a: Hippowdon|Slack Off|p2a: Hippowdon\n|-heal|p2a: Hippowdon|65\/100 psn\n|\n|-damage|p2a: Hippowdon|53\/100 psn|[from] psn\n|upkeep\n|turn|33\n|\n|t:|1657242538\n|move|p1a: Dracozolt|Earthquake|p2a: Hippowdon\n|-damage|p2a: Hippowdon|30\/100 psn\n|-damage|p1a: Dracozolt|51\/100|[from] item: Life Orb\n|move|p2a: Hippowdon|Slack Off|p2a: Hippowdon\n|-heal|p2a: Hippowdon|80\/100 psn\n|\n|-damage|p2a: Hippowdon|68\/100 psn|[from] psn\n|upkeep\n|turn|34\n|\n|t:|1657242540\n|move|p1a: Dracozolt|Earthquake|p2a: Hippowdon\n|-damage|p2a: Hippowdon|45\/100 psn\n|-damage|p1a: Dracozolt|41\/100|[from] item: Life Orb\n|move|p2a: Hippowdon|Slack Off|p2a: Hippowdon\n|-heal|p2a: Hippowdon|95\/100 psn\n|\n|-damage|p2a: Hippowdon|82\/100 psn|[from] psn\n|upkeep\n|turn|35\n|\n|t:|1657242542\n|move|p1a: Dracozolt|Draco Meteor|p2a: Hippowdon|[miss]\n|-miss|p1a: Dracozolt|p2a: Hippowdon\n|move|p2a: Hippowdon|Toxic|p1a: Dracozolt|[miss]\n|-miss|p2a: Hippowdon|p1a: Dracozolt\n|\n|-damage|p2a: Hippowdon|70\/100 psn|[from] psn\n|upkeep\n|turn|36\n|\n|t:|1657242548\n|move|p1a: Dracozolt|Draco Meteor|p2a: Hippowdon\n|-damage|p2a: Hippowdon|37\/100 psn\n|-unboost|p1a: Dracozolt|spa|2\n|-damage|p1a: Dracozolt|31\/100|[from] item: Life Orb\n|move|p2a: Hippowdon|Slack Off|p2a: Hippowdon\n|-heal|p2a: Hippowdon|87\/100 psn\n|\n|-damage|p2a: Hippowdon|75\/100 psn|[from] psn\n|upkeep\n|turn|37\n|\n|t:|1657242551\n|move|p1a: Dracozolt|Draco Meteor|p2a: Hippowdon\n|-damage|p2a: Hippowdon|56\/100 psn\n|-unboost|p1a: Dracozolt|spa|2\n|-damage|p1a: Dracozolt|21\/100|[from] item: Life Orb\n|move|p2a: Hippowdon|Slack Off|p2a: Hippowdon\n|-heal|p2a: Hippowdon|100\/100 psn\n|\n|-damage|p2a: Hippowdon|88\/100 psn|[from] psn\n|upkeep\n|turn|38\n|\n|t:|1657242553\n|move|p1a: Dracozolt|Draco Meteor|p2a: Hippowdon\n|-damage|p2a: Hippowdon|72\/100 psn\n|-damage|p1a: Dracozolt|11\/100|[from] item: Life Orb\n|move|p2a: Hippowdon|Toxic|p1a: Dracozolt\n|-status|p1a: Dracozolt|tox\n|\n|-damage|p1a: Dracozolt|5\/100 tox|[from] psn\n|-damage|p2a: Hippowdon|60\/100 psn|[from] psn\n|upkeep\n|turn|39\n|\n|t:|1657242556\n|move|p1a: Dracozolt|Draco Meteor|p2a: Hippowdon\n|-damage|p2a: Hippowdon|44\/100 psn\n|-damage|p1a: Dracozolt|0 fnt|[from] item: Life Orb\n|faint|p1a: Dracozolt\n|\n|win|fishy8995\n|raw|TPX05's rating: 1532 &rarr; <strong>1512<\/strong><br \/>(-20 for losing)\n|raw|fishy8995's rating: 1531 &rarr; <strong>1551<\/strong><br \/>(+20 for winning)\n|c|\u2606TPX05|gg\n|c|\u2606fishy8995|gg\n|c|\u2606TPX05|that freeze\n|c|\u2606TPX05|man\n|c|\u2606fishy8995|yus\n|l|\u2606TPX05\n|c|\u2606fishy8995|we has same team lol\n||Ladder isn't responding, score probably updated but might not have (Request timeout).\n","uploadtime":1657242563,"views":19,"p1id":"tpx05","p2id":"fishy8995","formatid":"gen8ou","rating":1512,"private":0,"password":null}