{"id":"gen8ou-1692374240","p1":"zhule1","p2":"Kwaga","format":"gen8ou","log":"|html|<div class=\"broadcast-blue\"><strong>[Gen 8] OU is currently suspecting Melmetal! For information on how to participate check out the <a href=\"https:\/\/www.smogon.com\/forums\/threads\/np-ss-ou-suspect-process-round-12-monster-mash.3709234\/\">suspect thread<\/a>.<\/strong><\/div>\n|j|\u2606zhule1\n|j|\u2606Kwaga\n|t:|1666478019\n|gametype|singles\n|player|p1|zhule1|lucas|1574\n|player|p2|Kwaga|brock-gen1rb|1617\n|teamsize|p1|6\n|teamsize|p2|6\n|gen|8\n|tier|[Gen 8] OU\n|rated|\n|rule|Sleep Clause Mod: Limit one foe put to sleep\n|rule|Species Clause: Limit one of each Pok\u00e9mon\n|rule|OHKO Clause: OHKO moves are banned\n|rule|Evasion Items Clause: Evasion items are banned\n|rule|Evasion Moves Clause: Evasion moves are banned\n|rule|Endless Battle Clause: Forcing endless battles is banned\n|rule|HP Percentage Mod: HP is shown in percentages\n|rule|Dynamax Clause: You cannot dynamax\n|clearpoke\n|poke|p1|Pelipper, F|\n|poke|p1|Barraskewda, F|\n|poke|p1|Thundurus-Therian, M|\n|poke|p1|Crawdaunt, M|\n|poke|p1|Ferrothorn, F|\n|poke|p1|Buzzwole|\n|poke|p2|Mew|\n|poke|p2|Weavile, M|\n|poke|p2|Crawdaunt, M|\n|poke|p2|Celesteela|\n|poke|p2|Garchomp, M|\n|poke|p2|Blacephalon|\n|teampreview\n|inactive|Battle timer is ON: inactive players will automatically lose when time's up. (requested by zhule1)\n|\n|t:|1666478034\n|start\n|switch|p1a: Ferrothorn|Ferrothorn, F|100\/100\n|switch|p2a: Mew|Mew|100\/100\n|turn|1\n|\n|t:|1666478037\n|move|p2a: Mew|Taunt|p1a: Ferrothorn\n|-start|p1a: Ferrothorn|move: Taunt\n|move|p1a: Ferrothorn|Knock Off|p2a: Mew\n|-supereffective|p2a: Mew\n|-enditem|p2a: Mew|Colbur Berry|[eat]\n|-enditem|p2a: Mew|Colbur Berry|[weaken]\n|-damage|p2a: Mew|82\/100\n|\n|upkeep\n|turn|2\n|\n|t:|1666478053\n|switch|p1a: Pelipper|Pelipper, F|100\/100\n|-weather|RainDance|[from] ability: Drizzle|[of] p1a: Pelipper\n|move|p2a: Mew|Stealth Rock|p1a: Pelipper\n|-sidestart|p1: zhule1|move: Stealth Rock\n|\n|-weather|RainDance|[upkeep]\n|upkeep\n|turn|3\n|\n|t:|1666478061\n|move|p2a: Mew|Spikes|p1a: Pelipper\n|-sidestart|p1: zhule1|Spikes\n|move|p1a: Pelipper|Defog|p2a: Mew\n|-unboost|p2a: Mew|evasion|1\n|-sideend|p1: zhule1|Spikes|[from] move: Defog|[of] p1a: Pelipper\n|-sideend|p1: zhule1|Stealth Rock|[from] move: Defog|[of] p1a: Pelipper\n|\n|-weather|RainDance|[upkeep]\n|upkeep\n|turn|4\n|\n|t:|1666478065\n|move|p2a: Mew|Stealth Rock|p1a: Pelipper\n|-sidestart|p1: zhule1|move: Stealth Rock\n|move|p1a: Pelipper|Hurricane|p2a: Mew\n|-damage|p2a: Mew|53\/100\n|\n|-weather|RainDance|[upkeep]\n|upkeep\n|turn|5\n|\n|t:|1666478071\n|move|p2a: Mew|Taunt|p1a: Pelipper\n|-start|p1a: Pelipper|move: Taunt\n|move|p1a: Pelipper|Hurricane|p2a: Mew\n|-damage|p2a: Mew|22\/100\n|\n|-weather|RainDance|[upkeep]\n|upkeep\n|turn|6\n|\n|t:|1666478078\n|move|p2a: Mew|Spikes|p1a: Pelipper\n|-sidestart|p1: zhule1|Spikes\n|move|p1a: Pelipper|Hurricane|p2a: Mew\n|-damage|p2a: Mew|0 fnt\n|faint|p2a: Mew\n|\n|-weather|RainDance|[upkeep]\n|upkeep\n|\n|t:|1666478105\n|switch|p2a: Celesteela|Celesteela|100\/100\n|turn|7\n|\n|t:|1666478110\n|move|p2a: Celesteela|Meteor Beam||[still]\n|-prepare|p2a: Celesteela|Meteor Beam\n|-boost|p2a: Celesteela|spa|1\n|-enditem|p2a: Celesteela|Power Herb\n|-anim|p2a: Celesteela|Meteor Beam|p1a: Pelipper\n|-supereffective|p1a: Pelipper\n|-damage|p1a: Pelipper|0 fnt\n|faint|p1a: Pelipper\n|-ability|p2a: Celesteela|Beast Boost|boost\n|-boost|p2a: Celesteela|spa|1\n|\n|-weather|RainDance|[upkeep]\n|upkeep\n|\n|t:|1666478116\n|switch|p1a: Thundurus|Thundurus-Therian, M|100\/100\n|-damage|p1a: Thundurus|75\/100|[from] Stealth Rock\n|turn|8\n|\n|t:|1666478128\n|switch|p2a: Garchomp|Garchomp, M|100\/100\n|move|p1a: Thundurus|Thunder|p2a: Garchomp\n|-immune|p2a: Garchomp\n|\n|-weather|RainDance|[upkeep]\n|upkeep\n|turn|9\n|\n|t:|1666478132\n|move|p2a: Garchomp|Scale Shot|p1a: Thundurus\n|-damage|p1a: Thundurus|54\/100\n|-damage|p1a: Thundurus|33\/100\n|-damage|p1a: Thundurus|15\/100\n|-hitcount|p1a: Thundurus|3\n|-unboost|p2a: Garchomp|def|1\n|-boost|p2a: Garchomp|spe|1\n|move|p1a: Thundurus|Weather Ball|p2a: Garchomp\n|-damage|p2a: Garchomp|15\/100\n|-damage|p1a: Thundurus|4\/100|[from] item: Life Orb\n|\n|-weather|none\n|upkeep\n|turn|10\n|\n|t:|1666478138\n|move|p2a: Garchomp|Scale Shot|p1a: Thundurus\n|-damage|p1a: Thundurus|0 fnt\n|faint|p1a: Thundurus\n|-hitcount|p1: Thundurus|1\n|-unboost|p2a: Garchomp|def|1\n|-boost|p2a: Garchomp|spe|1\n|\n|upkeep\n|\n|t:|1666478147\n|switch|p1a: Buzzwole|Buzzwole|100\/100\n|-damage|p1a: Buzzwole|88\/100|[from] Stealth Rock\n|-damage|p1a: Buzzwole|76\/100|[from] Spikes\n|turn|11\n|\n|t:|1666478156\n|move|p2a: Garchomp|Fire Fang|p1a: Buzzwole\n|-supereffective|p1a: Buzzwole\n|-damage|p1a: Buzzwole|50\/100\n|-damage|p2a: Garchomp|0 fnt|[from] item: Rocky Helmet|[of] p1a: Buzzwole\n|faint|p2a: Garchomp\n|move|p1a: Buzzwole|Earthquake|p2: Garchomp|[notarget]\n|-fail|p1a: Buzzwole\n|\n|upkeep\n|\n|t:|1666478174\n|switch|p2a: Blacephalon|Blacephalon, shiny|100\/100\n|turn|12\n|\n|t:|1666478181\n|switch|p1a: Crawdaunt|Crawdaunt, M|100\/100\n|-damage|p1a: Crawdaunt|88\/100|[from] Stealth Rock\n|-damage|p1a: Crawdaunt|76\/100|[from] Spikes\n|move|p2a: Blacephalon|Shadow Ball|p1a: Crawdaunt\n|-resisted|p1a: Crawdaunt\n|-damage|p1a: Crawdaunt|23\/100\n|\n|upkeep\n|turn|13\n|\n|t:|1666478192\n|switch|p2a: Crawdaunt|Crawdaunt, M|100\/100\n|move|p1a: Crawdaunt|Aqua Jet|p2a: Crawdaunt\n|-resisted|p2a: Crawdaunt\n|-damage|p2a: Crawdaunt|72\/100\n|-damage|p1a: Crawdaunt|13\/100|[from] item: Life Orb\n|\n|upkeep\n|turn|14\n|\n|t:|1666478200\n|move|p2a: Crawdaunt|Aqua Jet|p1a: Crawdaunt\n|-resisted|p1a: Crawdaunt\n|-damage|p1a: Crawdaunt|0 fnt\n|faint|p1a: Crawdaunt\n|-damage|p2a: Crawdaunt|63\/100|[from] item: Life Orb\n|\n|upkeep\n|\n|t:|1666478212\n|switch|p1a: Barraskewda|Barraskewda, F|100\/100\n|-damage|p1a: Barraskewda|88\/100|[from] Stealth Rock\n|-damage|p1a: Barraskewda|76\/100|[from] Spikes\n|turn|15\n|\n|t:|1666478226\n|move|p2a: Crawdaunt|Aqua Jet|p1a: Barraskewda\n|-resisted|p1a: Barraskewda\n|-damage|p1a: Barraskewda|38\/100\n|-damage|p2a: Crawdaunt|53\/100|[from] item: Life Orb\n|move|p1a: Barraskewda|Liquidation|p2a: Crawdaunt\n|-resisted|p2a: Crawdaunt\n|-damage|p2a: Crawdaunt|4\/100\n|-unboost|p2a: Crawdaunt|def|1\n|\n|upkeep\n|turn|16\n|\n|t:|1666478235\n|switch|p1a: Ferrothorn|Ferrothorn, F|100\/100\n|-damage|p1a: Ferrothorn|94\/100|[from] Stealth Rock\n|-damage|p1a: Ferrothorn|82\/100|[from] Spikes\n|move|p2a: Crawdaunt|Aqua Jet|p1a: Ferrothorn\n|-resisted|p1a: Ferrothorn\n|-crit|p1a: Ferrothorn\n|-damage|p1a: Ferrothorn|61\/100\n|-damage|p2a: Crawdaunt|0 fnt|[from] ability: Iron Barbs|[of] p1a: Ferrothorn\n|faint|p2a: Crawdaunt\n|\n|-heal|p1a: Ferrothorn|67\/100|[from] item: Leftovers\n|upkeep\n|\n|t:|1666478237\n|switch|p2a: Blacephalon|Blacephalon, shiny|100\/100\n|turn|17\n|\n|t:|1666478243\n|move|p2a: Blacephalon|Flamethrower|p1a: Ferrothorn\n|-supereffective|p1a: Ferrothorn\n|-damage|p1a: Ferrothorn|0 fnt\n|faint|p1a: Ferrothorn\n|-ability|p2a: Blacephalon|Beast Boost|boost\n|-boost|p2a: Blacephalon|spa|1\n|\n|upkeep\n|\n|t:|1666478246\n|switch|p1a: Buzzwole|Buzzwole|50\/100\n|-damage|p1a: Buzzwole|37\/100|[from] Stealth Rock\n|-damage|p1a: Buzzwole|25\/100|[from] Spikes\n|turn|18\n|-message|zhule1 forfeited.\n|\n|win|Kwaga\n|raw|zhule1's rating: 1574 &rarr; <strong>1556<\/strong><br \/>(-18 for losing)\n|raw|Kwaga's rating: 1617 &rarr; <strong>1635<\/strong><br \/>(+18 for winning)\n|l|\u2606zhule1\n","uploadtime":1666478252,"views":4,"p1id":"zhule1","p2id":"kwaga","formatid":"gen8ou","rating":1556,"private":0,"password":null}