{"id":"gen8ou-1637904167","p1":"LT92PF Funk Flex","p2":"OldBoyASM","format":"gen8ou","log":"|raw|<div class=\"broadcast-blue\"><strong>This battle is required to be public due to a player having a name starting with 'lt92pf'.<\/div>\n|j|\u2606LT92PF Funk Flex\n|j|\u2606OldBoyASM\n|t:|1660290946\n|gametype|singles\n|player|p1|LT92PF Funk Flex|hugh|1796\n|player|p2|OldBoyASM|266|1763\n|teamsize|p1|6\n|teamsize|p2|6\n|gen|8\n|tier|[Gen 8] OU\n|rated|\n|rule|Sleep Clause Mod: Limit one foe put to sleep\n|rule|Species Clause: Limit one of each Pok\u00e9mon\n|rule|OHKO Clause: OHKO moves are banned\n|rule|Evasion Items Clause: Evasion items are banned\n|rule|Evasion Moves Clause: Evasion moves are banned\n|rule|Endless Battle Clause: Forcing endless battles is banned\n|rule|HP Percentage Mod: HP is shown in percentages\n|rule|Dynamax Clause: You cannot dynamax\n|clearpoke\n|poke|p1|Tornadus-Therian, M|\n|poke|p1|Ferrothorn, M|\n|poke|p1|Slowbro, F|\n|poke|p1|Tyranitar, F|\n|poke|p1|Nidoking, M|\n|poke|p1|Excadrill, M|\n|poke|p2|Blaziken, M|\n|poke|p2|Tapu Koko|\n|poke|p2|Latios, M|\n|poke|p2|Landorus-Therian, M|\n|poke|p2|Dragapult, F|\n|poke|p2|Azumarill, M|\n|teampreview\n|inactive|Battle timer is ON: inactive players will automatically lose when time's up. (requested by LT92PF Funk Flex)\n|\n|t:|1660290966\n|start\n|switch|p1a: Slowbro|Slowbro, F|100\/100\n|switch|p2a: Landeau Russe|Landorus-Therian, M|100\/100\n|-ability|p2a: Landeau Russe|Intimidate|boost\n|-unboost|p1a: Slowbro|atk|1\n|turn|1\n|\n|t:|1660290970\n|move|p2a: Landeau Russe|Stealth Rock|p1a: Slowbro\n|-sidestart|p1: LT92PF Funk Flex|move: Stealth Rock\n|move|p1a: Slowbro|Future Sight|p2a: Landeau Russe\n|-start|p1a: Slowbro|move: Future Sight\n|\n|upkeep\n|turn|2\n|\n|t:|1660290974\n|move|p2a: Landeau Russe|Rock Tomb|p1a: Slowbro\n|-damage|p1a: Slowbro|86\/100\n|-unboost|p1a: Slowbro|spe|1\n|move|p1a: Slowbro|Ice Beam|p2a: Landeau Russe\n|-supereffective|p2a: Landeau Russe\n|-enditem|p2a: Landeau Russe|Focus Sash\n|-damage|p2a: Landeau Russe|1\/100\n|\n|upkeep\n|turn|3\n|\n|t:|1660290978\n|move|p2a: Landeau Russe|Explosion|p1a: Slowbro\n|-damage|p1a: Slowbro|28\/100\n|faint|p2a: Landeau Russe\n|move|p1a: Slowbro|Ice Beam|p2: Landeau Russe|[notarget]\n|-fail|p1a: Slowbro\n|\n|-hint|Future Sight did not hit because the target is fainted.\n|upkeep\n|\n|t:|1660290992\n|switch|p2a: Marill Le Pen|Azumarill, M|100\/100\n|turn|4\n|\n|t:|1660290999\n|move|p2a: Marill Le Pen|Belly Drum|p2a: Marill Le Pen\n|-damage|p2a: Marill Le Pen|50\/100\n|-setboost|p2a: Marill Le Pen|atk|6|[from] move: Belly Drum\n|-enditem|p2a: Marill Le Pen|Sitrus Berry|[eat]\n|-heal|p2a: Marill Le Pen|75\/100|[from] item: Sitrus Berry\n|move|p1a: Slowbro|Future Sight|p2a: Marill Le Pen\n|-start|p1a: Slowbro|move: Future Sight\n|\n|upkeep\n|turn|5\n|\n|t:|1660291003\n|switch|p1a: Ferrothorn|Ferrothorn, M|100\/100\n|-damage|p1a: Ferrothorn|95\/100|[from] Stealth Rock\n|move|p2a: Marill Le Pen|Knock Off|p1a: Ferrothorn\n|-damage|p1a: Ferrothorn|0 fnt\n|-damage|p2a: Marill Le Pen|63\/100|[from] ability: Iron Barbs|[of] p1a: Ferrothorn\n|-enditem|p1a: Ferrothorn|Leftovers|[from] move: Knock Off|[of] p2a: Marill Le Pen\n|faint|p1a: Ferrothorn\n|\n|upkeep\n|j| averagechiefer\n|\n|t:|1660291016\n|switch|p1a: Tyranitar|Tyranitar, F|100\/100\n|-damage|p1a: Tyranitar|88\/100|[from] Stealth Rock\n|-weather|Sandstorm|[from] ability: Sand Stream|[of] p1a: Tyranitar\n|turn|6\n|\n|t:|1660291021\n|switch|p1a: Tornadus|Tornadus-Therian, M|100\/100\n|move|p2a: Marill Le Pen|Aqua Jet|p1a: Tornadus\n|-damage|p1a: Tornadus|1\/100\n|\n|-weather|Sandstorm|[upkeep]\n|-damage|p1a: Tornadus|0 fnt|[from] Sandstorm\n|-damage|p2a: Marill Le Pen|57\/100|[from] Sandstorm\n|faint|p1a: Tornadus\n|-end|p2a: Marill Le Pen|move: Future Sight\n|-damage|p2a: Marill Le Pen|5\/100\n|upkeep\n|\n|t:|1660291027\n|switch|p1a: Slowbro|Slowbro, F|61\/100\n|-damage|p1a: Slowbro|49\/100|[from] Stealth Rock\n|turn|7\n|\n|t:|1660291032\n|switch|p1a: Tyranitar|Tyranitar, F|88\/100\n|-damage|p1a: Tyranitar|76\/100|[from] Stealth Rock\n|move|p2a: Marill Le Pen|Knock Off|p1a: Tyranitar\n|-resisted|p1a: Tyranitar\n|-damage|p1a: Tyranitar|12\/100\n|-enditem|p1a: Tyranitar|Leftovers|[from] move: Knock Off|[of] p2a: Marill Le Pen\n|\n|-weather|Sandstorm|[upkeep]\n|-damage|p2a: Marill Le Pen|0 fnt|[from] Sandstorm\n|faint|p2a: Marill Le Pen\n|upkeep\n|\n|t:|1660291037\n|switch|p2a: Sanders' Bird|Blaziken, M|100\/100\n|turn|8\n|\n|t:|1660291041\n|switch|p1a: Slowbro|Slowbro, F|82\/100\n|-damage|p1a: Slowbro|70\/100|[from] Stealth Rock\n|move|p2a: Sanders' Bird|Swords Dance|p2a: Sanders' Bird\n|-boost|p2a: Sanders' Bird|atk|2\n|\n|-weather|Sandstorm|[upkeep]\n|-damage|p2a: Sanders' Bird|95\/100|[from] Sandstorm\n|-damage|p1a: Slowbro|64\/100|[from] Sandstorm\n|-heal|p2a: Sanders' Bird|100\/100|[from] item: Leftovers\n|-ability|p2a: Sanders' Bird|Speed Boost|boost\n|-boost|p2a: Sanders' Bird|spe|1\n|upkeep\n|turn|9\n|\n|t:|1660291046\n|move|p2a: Sanders' Bird|Flare Blitz|p1a: Slowbro\n|-resisted|p1a: Slowbro\n|-damage|p1a: Slowbro|26\/100\n|-damage|p2a: Sanders' Bird|84\/100|[from] item: Rocky Helmet|[of] p1a: Slowbro\n|-damage|p2a: Sanders' Bird|67\/100|[from] Recoil\n|move|p1a: Slowbro|Slack Off|p1a: Slowbro\n|-heal|p1a: Slowbro|76\/100\n|\n|-weather|Sandstorm|[upkeep]\n|-damage|p2a: Sanders' Bird|61\/100|[from] Sandstorm\n|-damage|p1a: Slowbro|70\/100|[from] Sandstorm\n|-heal|p2a: Sanders' Bird|67\/100|[from] item: Leftovers\n|-ability|p2a: Sanders' Bird|Speed Boost|boost\n|-boost|p2a: Sanders' Bird|spe|1\n|upkeep\n|turn|10\n|\n|t:|1660291049\n|move|p2a: Sanders' Bird|Swords Dance|p2a: Sanders' Bird\n|-boost|p2a: Sanders' Bird|atk|2\n|move|p1a: Slowbro|Slack Off|p1a: Slowbro\n|-heal|p1a: Slowbro|100\/100\n|\n|-weather|none\n|-heal|p2a: Sanders' Bird|73\/100|[from] item: Leftovers\n|-ability|p2a: Sanders' Bird|Speed Boost|boost\n|-boost|p2a: Sanders' Bird|spe|1\n|upkeep\n|turn|11\n|\n|t:|1660291052\n|move|p2a: Sanders' Bird|Swords Dance|p2a: Sanders' Bird\n|-boost|p2a: Sanders' Bird|atk|2\n|move|p1a: Slowbro|Future Sight|p2a: Sanders' Bird\n|-start|p1a: Slowbro|move: Future Sight\n|\n|-heal|p2a: Sanders' Bird|79\/100|[from] item: Leftovers\n|-ability|p2a: Sanders' Bird|Speed Boost|boost\n|-boost|p2a: Sanders' Bird|spe|1\n|upkeep\n|turn|12\n|\n|t:|1660291054\n|move|p2a: Sanders' Bird|Flare Blitz|p1a: Slowbro\n|-resisted|p1a: Slowbro\n|-damage|p1a: Slowbro|28\/100\n|-status|p1a: Slowbro|brn\n|-damage|p2a: Sanders' Bird|63\/100|[from] item: Rocky Helmet|[of] p1a: Slowbro\n|-damage|p2a: Sanders' Bird|31\/100|[from] Recoil\n|move|p1a: Slowbro|Slack Off|p1a: Slowbro\n|-heal|p1a: Slowbro|78\/100 brn\n|\n|-heal|p2a: Sanders' Bird|37\/100|[from] item: Leftovers\n|-damage|p1a: Slowbro|72\/100 brn|[from] brn\n|-ability|p2a: Sanders' Bird|Speed Boost|boost\n|-boost|p2a: Sanders' Bird|spe|1\n|upkeep\n|turn|13\n|\n|t:|1660291064\n|move|p2a: Sanders' Bird|Flare Blitz|p1a: Slowbro\n|-resisted|p1a: Slowbro\n|-damage|p1a: Slowbro|4\/100 brn\n|-damage|p2a: Sanders' Bird|21\/100|[from] item: Rocky Helmet|[of] p1a: Slowbro\n|-damage|p2a: Sanders' Bird|0 fnt|[from] Recoil\n|faint|p2a: Sanders' Bird\n|move|p1a: Slowbro|Slack Off|p1a: Slowbro\n|-heal|p1a: Slowbro|54\/100 brn\n|\n|-hint|Future Sight did not hit because the target is fainted.\n|-damage|p1a: Slowbro|48\/100 brn|[from] brn\n|upkeep\n|\n|t:|1660291072\n|switch|p2a: Super Jet|Latios, M|100\/100\n|turn|14\n|\n|t:|1660291078\n|switch|p1a: Excadrill|Excadrill, M|100\/100\n|-damage|p1a: Excadrill|97\/100|[from] Stealth Rock\n|move|p2a: Super Jet|Thunderbolt|p1a: Excadrill\n|-immune|p1a: Excadrill\n|\n|-heal|p1a: Excadrill|100\/100|[from] item: Leftovers\n|upkeep\n|turn|15\n|\n|t:|1660291083\n|move|p2a: Super Jet|Aura Sphere|p1a: Excadrill\n|-supereffective|p1a: Excadrill\n|-damage|p1a: Excadrill|13\/100\n|move|p1a: Excadrill|Rapid Spin|p2a: Super Jet\n|-damage|p2a: Super Jet|77\/100\n|-boost|p1a: Excadrill|spe|1\n|-sideend|p1: LT92PF Funk Flex|Stealth Rock|[from] move: Rapid Spin|[of] p1a: Excadrill\n|\n|-heal|p1a: Excadrill|19\/100|[from] item: Leftovers\n|upkeep\n|turn|16\n|\n|t:|1660291093\n|switch|p1a: Tyranitar|Tyranitar, F|12\/100\n|-weather|Sandstorm|[from] ability: Sand Stream|[of] p1a: Tyranitar\n|move|p2a: Super Jet|Aura Sphere|p1a: Tyranitar\n|-supereffective|p1a: Tyranitar\n|-damage|p1a: Tyranitar|0 fnt\n|faint|p1a: Tyranitar\n|\n|-weather|Sandstorm|[upkeep]\n|-damage|p2a: Super Jet|71\/100|[from] Sandstorm\n|upkeep\n|\n|t:|1660291096\n|switch|p1a: Nidoking|Nidoking, M|100\/100\n|turn|17\n|\n|t:|1660291100\n|switch|p1a: Slowbro|Slowbro, F|81\/100 brn\n|move|p2a: Super Jet|Psyshock|p1a: Slowbro\n|-resisted|p1a: Slowbro\n|-damage|p1a: Slowbro|68\/100 brn\n|\n|-weather|Sandstorm|[upkeep]\n|-damage|p2a: Super Jet|65\/100|[from] Sandstorm\n|-damage|p1a: Slowbro|62\/100 brn|[from] Sandstorm\n|-damage|p1a: Slowbro|56\/100 brn|[from] brn\n|upkeep\n|turn|18\n|\n|t:|1660291107\n|switch|p1a: Excadrill|Excadrill, M|19\/100\n|move|p2a: Super Jet|Aura Sphere|p1a: Excadrill\n|-supereffective|p1a: Excadrill\n|-damage|p1a: Excadrill|0 fnt\n|faint|p1a: Excadrill\n|\n|-weather|Sandstorm|[upkeep]\n|-damage|p2a: Super Jet|59\/100|[from] Sandstorm\n|upkeep\n|\n|t:|1660291109\n|switch|p1a: Nidoking|Nidoking, M|100\/100\n|turn|19\n|\n|t:|1660291111\n|move|p2a: Super Jet|Psyshock|p1a: Nidoking\n|-supereffective|p1a: Nidoking\n|-crit|p1a: Nidoking\n|-damage|p1a: Nidoking|0 fnt\n|faint|p1a: Nidoking\n|\n|-weather|Sandstorm|[upkeep]\n|-damage|p2a: Super Jet|53\/100|[from] Sandstorm\n|upkeep\n|-message|LT92PF Funk Flex forfeited.\n|\n|win|OldBoyASM\n|raw|LT92PF Funk Flex's rating: 1796 &rarr; <strong>1774<\/strong><br \/>(-22 for losing)\n|raw|OldBoyASM's rating: 1763 &rarr; <strong>1785<\/strong><br \/>(+22 for winning)\n|l|\u2606LT92PF Funk Flex\n|j|\u2606LT92PF Funk Flex\n|player|p1|LT92PF Funk Flex|hugh\n","uploadtime":1660291126,"views":8,"p1id":"lt92pffunkflex","p2id":"oldboyasm","formatid":"gen8ou","rating":1774,"private":0,"password":null}