{"id":"gen8bdspou-1483751145","p1":"Red Vs Showdown","p2":"Buhrito","format":"gen8bdspou","log":"|j|\u2606Red Vs Showdown\n|j|\u2606Buhrito\n|t:|1641088806\n|gametype|singles\n|player|p1|Red Vs Showdown|red-gen2|1478\n|player|p2|Buhrito|birdkeeper-gen3rs|1577\n|teamsize|p1|6\n|teamsize|p2|6\n|gen|8\n|tier|[Gen 8 BDSP] OU\n|rated|\n|rule|Sleep Clause Mod: Limit one foe put to sleep\n|rule|Species Clause: Limit one of each Pok\u00e9mon\n|rule|OHKO Clause: OHKO moves are banned\n|rule|Evasion Moves Clause: Evasion moves are banned\n|rule|Endless Battle Clause: Forcing endless battles is banned\n|rule|HP Percentage Mod: HP is shown in percentages\n|clearpoke\n|poke|p1|Pikachu, F|\n|poke|p1|Charizard, F|\n|poke|p1|Blastoise, M|\n|poke|p1|Venusaur, F|\n|poke|p1|Snorlax, F|\n|poke|p1|Espeon, F|\n|poke|p2|Mamoswine, M|\n|poke|p2|Scizor, F|\n|poke|p2|Jirachi|\n|poke|p2|Rotom-Wash|\n|poke|p2|Tyranitar, M|\n|poke|p2|Starmie|\n|teampreview\n|c|\u2606Red Vs Showdown|...\n|j| DatComfeyGuyDoe\n|inactive|Battle timer is ON: inactive players will automatically lose when time's up. (requested by Red Vs Showdown)\n|c| DatComfeyGuyDoe|do you win the makority of your games via pure terror disconnect then?\n|c|\u2606Red Vs Showdown|:)\n|c| DatComfeyGuyDoe|majority*\n|inactive|Buhrito has 120 seconds left.\n|c|\u2606Buhrito|im scared\n|inactive|Buhrito has 90 seconds left.\n|c|\u2606Buhrito|fighting red 2 rn\n|\n|t:|1641088914\n|start\n|switch|p1a: Blastoise|Blastoise, M|100\/100\n|switch|p2a: Rotom|Rotom-Wash|100\/100\n|turn|1\n|\n|t:|1641088918\n|switch|p1a: Pikachu|Pikachu, F|100\/100\n|move|p2a: Rotom|Volt Switch|p1a: Pikachu\n|-ability|p1a: Pikachu|Lightning Rod|boost\n|-boost|p1a: Pikachu|spa|1\n|\n|upkeep\n|turn|2\n|c| DatComfeyGuyDoe|oh shit.\n|\n|t:|1641088928\n|move|p1a: Pikachu|Volt Switch|p2a: Rotom\n|-damage|p2a: Rotom|36\/100\n|c| DatComfeyGuyDoe|so it begins.\n|\n|t:|1641088933\n|switch|p1a: Venusaur|Venusaur, F|100\/100|[from]move: Volt Switch\n|move|p2a: Rotom|Hydro Pump|p1a: Venusaur|[miss]\n|-miss|p2a: Rotom|p1a: Venusaur\n|\n|-heal|p2a: Rotom|42\/100|[from] item: Leftovers\n|upkeep\n|turn|3\n|\n|t:|1641088939\n|switch|p2a: Scizor|Scizor, F|100\/100\n|move|p1a: Venusaur|Sleep Powder|p2a: Scizor|[miss]\n|-miss|p1a: Venusaur|p2a: Scizor\n|\n|upkeep\n|turn|4\n|\n|t:|1641088941\n|move|p1a: Venusaur|Sleep Powder|p2a: Scizor\n|-status|p2a: Scizor|slp|[from] move: Sleep Powder\n|cant|p2a: Scizor|slp\n|\n|upkeep\n|turn|5\n|\n|t:|1641088943\n|switch|p1a: Charizard|Charizard, F|100\/100\n|-curestatus|p2a: Scizor|slp|[msg]\n|move|p2a: Scizor|U-turn|p1a: Charizard\n|-resisted|p1a: Charizard\n|-damage|p1a: Charizard|90\/100\n|\n|t:|1641088947\n|switch|p2a: Tyranitar|Tyranitar, M|100\/100|[from]move: U-turn\n|-weather|Sandstorm|[from] ability: Sand Stream|[of] p2a: Tyranitar\n|\n|-weather|Sandstorm|[upkeep]\n|-damage|p1a: Charizard|84\/100|[from] Sandstorm\n|upkeep\n|turn|6\n|\n|t:|1641088951\n|move|p1a: Charizard|Focus Blast|p2a: Tyranitar\n|-supereffective|p2a: Tyranitar\n|-damage|p2a: Tyranitar|0 fnt\n|faint|p2a: Tyranitar\n|\n|-weather|Sandstorm|[upkeep]\n|-damage|p1a: Charizard|78\/100|[from] Sandstorm\n|upkeep\n|\n|t:|1641088955\n|switch|p2a: Starmie|Starmie|100\/100\n|turn|7\n|l| DatComfeyGuyDoe\n|\n|t:|1641088959\n|switch|p1a: Snorlax|Snorlax, F|100\/100\n|move|p2a: Starmie|Ice Beam|p1a: Snorlax\n|-damage|p1a: Snorlax|87\/100\n|\n|-weather|Sandstorm|[upkeep]\n|-damage|p2a: Starmie|94\/100|[from] Sandstorm\n|-damage|p1a: Snorlax|81\/100|[from] Sandstorm\n|-heal|p1a: Snorlax|87\/100|[from] item: Leftovers\n|upkeep\n|turn|8\n|\n|t:|1641088964\n|switch|p2a: Jirachi|Jirachi|100\/100\n|move|p1a: Snorlax|Crunch|p2a: Jirachi\n|-supereffective|p2a: Jirachi\n|-damage|p2a: Jirachi|53\/100\n|\n|-weather|Sandstorm|[upkeep]\n|-damage|p1a: Snorlax|81\/100|[from] Sandstorm\n|-heal|p2a: Jirachi|60\/100|[from] item: Leftovers\n|-heal|p1a: Snorlax|87\/100|[from] item: Leftovers\n|upkeep\n|turn|9\n|\n|t:|1641088967\n|switch|p1a: Espeon|Espeon, F|100\/100\n|move|p2a: Jirachi|Stealth Rock|p1a: Espeon\n|move|p1a: Espeon|Stealth Rock|p2a: Jirachi|[from]ability: Magic Bounce\n|-sidestart|p2: Buhrito|move: Stealth Rock\n|\n|-weather|none\n|-heal|p2a: Jirachi|66\/100|[from] item: Leftovers\n|upkeep\n|turn|10\n|\n|t:|1641088971\n|move|p1a: Espeon|Shadow Ball|p2a: Jirachi\n|-supereffective|p2a: Jirachi\n|-damage|p2a: Jirachi|29\/100\n|move|p2a: Jirachi|Doom Desire|p1a: Espeon\n|-start|p2a: Jirachi|Doom Desire\n|\n|-heal|p2a: Jirachi|35\/100|[from] item: Leftovers\n|upkeep\n|turn|11\n|c|\u2606Buhrito|red is too powerful\n|\n|t:|1641088979\n|move|p2a: Jirachi|Protect|p2a: Jirachi\n|-singleturn|p2a: Jirachi|Protect\n|move|p1a: Espeon|Shadow Ball|p2a: Jirachi\n|-activate|p2a: Jirachi|move: Protect\n|\n|-heal|p2a: Jirachi|41\/100|[from] item: Leftovers\n|upkeep\n|turn|12\n|\n|t:|1641088983\n|switch|p2a: Scizor|Scizor, F|100\/100\n|-damage|p2a: Scizor|88\/100|[from] Stealth Rock\n|move|p1a: Espeon|Shadow Ball|p2a: Scizor\n|-damage|p2a: Scizor|58\/100\n|\n|-end|p1a: Espeon|move: Doom Desire\n|-damage|p1a: Espeon|41\/100\n|-heal|p2a: Scizor|64\/100|[from] item: Leftovers\n|upkeep\n|turn|13\n|\n|t:|1641088988\n|switch|p1a: Blastoise|Blastoise, M|100\/100\n|move|p2a: Scizor|U-turn|p1a: Blastoise\n|-damage|p1a: Blastoise|73\/100\n|\n|t:|1641088991\n|switch|p2a: Rotom|Rotom-Wash|42\/100|[from]move: U-turn\n|-damage|p2a: Rotom|30\/100|[from] Stealth Rock\n|\n|-heal|p1a: Blastoise|80\/100|[from] item: Leftovers\n|-heal|p2a: Rotom|36\/100|[from] item: Leftovers\n|upkeep\n|turn|14\n|\n|t:|1641088999\n|switch|p1a: Venusaur|Venusaur, F|100\/100\n|move|p2a: Rotom|Volt Switch|p1a: Venusaur\n|-resisted|p1a: Venusaur\n|-damage|p1a: Venusaur|87\/100\n|\n|t:|1641089006\n|switch|p2a: Mamoswine|Mamoswine, M|100\/100|[from]move: Volt Switch\n|-damage|p2a: Mamoswine|88\/100|[from] Stealth Rock\n|\n|-heal|p2a: Mamoswine|94\/100|[from] item: Leftovers\n|upkeep\n|turn|15\n|\n|t:|1641089009\n|move|p1a: Venusaur|Leaf Storm|p2a: Mamoswine|[miss]\n|-miss|p1a: Venusaur|p2a: Mamoswine\n|move|p2a: Mamoswine|Substitute|p2a: Mamoswine\n|-start|p2a: Mamoswine|Substitute\n|-damage|p2a: Mamoswine|69\/100\n|\n|-heal|p2a: Mamoswine|75\/100|[from] item: Leftovers\n|upkeep\n|turn|16\n|\n|t:|1641089016\n|switch|p1a: Blastoise|Blastoise, M|80\/100\n|move|p2a: Mamoswine|Icicle Crash|p1a: Blastoise\n|-resisted|p1a: Blastoise\n|-damage|p1a: Blastoise|60\/100\n|\n|-heal|p2a: Mamoswine|81\/100|[from] item: Leftovers\n|-heal|p1a: Blastoise|66\/100|[from] item: Leftovers\n|upkeep\n|turn|17\n|\n|t:|1641089018\n|move|p2a: Mamoswine|Earthquake|p1a: Blastoise\n|-damage|p1a: Blastoise|17\/100\n|move|p1a: Blastoise|Scald|p2a: Mamoswine\n|-supereffective|p2a: Mamoswine\n|-end|p2a: Mamoswine|Substitute\n|\n|-heal|p2a: Mamoswine|87\/100|[from] item: Leftovers\n|-heal|p1a: Blastoise|23\/100|[from] item: Leftovers\n|upkeep\n|turn|18\n|\n|t:|1641089026\n|move|p2a: Mamoswine|Earthquake|p1a: Blastoise\n|-damage|p1a: Blastoise|0 fnt\n|faint|p1a: Blastoise\n|\n|-heal|p2a: Mamoswine|94\/100|[from] item: Leftovers\n|upkeep\n|\n|t:|1641089029\n|switch|p1a: Pikachu|Pikachu, F|100\/100\n|turn|19\n|\n|t:|1641089036\n|switch|p2a: Rotom|Rotom-Wash|36\/100\n|-damage|p2a: Rotom|24\/100|[from] Stealth Rock\n|move|p1a: Pikachu|Grass Knot|p2a: Rotom\n|-supereffective|p2a: Rotom\n|-damage|p2a: Rotom|6\/100\n|\n|-heal|p2a: Rotom|12\/100|[from] item: Leftovers\n|upkeep\n|turn|20\n|\n|t:|1641089040\n|move|p1a: Pikachu|Grass Knot|p2a: Rotom\n|-supereffective|p2a: Rotom\n|-damage|p2a: Rotom|0 fnt\n|faint|p2a: Rotom\n|\n|upkeep\n|\n|t:|1641089042\n|switch|p2a: Starmie|Starmie|94\/100\n|-damage|p2a: Starmie|82\/100|[from] Stealth Rock\n|turn|21\n|\n|t:|1641089050\n|switch|p1a: Snorlax|Snorlax, F|87\/100\n|move|p2a: Starmie|Hydro Pump|p1a: Snorlax\n|-damage|p1a: Snorlax|39\/100\n|\n|-heal|p1a: Snorlax|45\/100|[from] item: Leftovers\n|upkeep\n|turn|22\n|\n|t:|1641089058\n|switch|p2a: Jirachi|Jirachi|41\/100\n|-damage|p2a: Jirachi|35\/100|[from] Stealth Rock\n|move|p1a: Snorlax|Crunch|p2a: Jirachi\n|-supereffective|p2a: Jirachi\n|-damage|p2a: Jirachi|0 fnt\n|faint|p2a: Jirachi\n|\n|-heal|p1a: Snorlax|51\/100|[from] item: Leftovers\n|upkeep\n|\n|t:|1641089062\n|switch|p2a: Mamoswine|Mamoswine, M|94\/100\n|-damage|p2a: Mamoswine|81\/100|[from] Stealth Rock\n|turn|23\n|\n|t:|1641089069\n|switch|p1a: Espeon|Espeon, F|41\/100\n|move|p2a: Mamoswine|Earthquake|p1a: Espeon\n|-damage|p1a: Espeon|0 fnt\n|faint|p1a: Espeon\n|\n|-heal|p2a: Mamoswine|87\/100|[from] item: Leftovers\n|upkeep\n|\n|t:|1641089070\n|switch|p1a: Pikachu|Pikachu, F|100\/100\n|turn|24\n|\n|t:|1641089075\n|switch|p2a: Scizor|Scizor, F|64\/100\n|-damage|p2a: Scizor|52\/100|[from] Stealth Rock\n|move|p1a: Pikachu|Surf|p2a: Scizor\n|-damage|p2a: Scizor|14\/100\n|\n|-heal|p2a: Scizor|20\/100|[from] item: Leftovers\n|upkeep\n|turn|25\n|\n|t:|1641089080\n|switch|p1a: Charizard|Charizard, F|78\/100\n|move|p2a: Scizor|Bullet Punch|p1a: Charizard\n|-resisted|p1a: Charizard\n|-damage|p1a: Charizard|58\/100\n|\n|-heal|p2a: Scizor|26\/100|[from] item: Leftovers\n|upkeep\n|turn|26\n|\n|t:|1641089084\n|move|p2a: Scizor|Bullet Punch|p1a: Charizard\n|-resisted|p1a: Charizard\n|-damage|p1a: Charizard|41\/100\n|move|p1a: Charizard|Air Slash|p2a: Scizor\n|-damage|p2a: Scizor|0 fnt\n|faint|p2a: Scizor\n|\n|upkeep\n|\n|t:|1641089088\n|switch|p2a: Starmie|Starmie|82\/100\n|-damage|p2a: Starmie|70\/100|[from] Stealth Rock\n|turn|27\n|\n|t:|1641089091\n|move|p2a: Starmie|Hydro Pump|p1a: Charizard\n|-supereffective|p1a: Charizard\n|-damage|p1a: Charizard|0 fnt\n|faint|p1a: Charizard\n|\n|upkeep\n|\n|t:|1641089093\n|switch|p1a: Venusaur|Venusaur, F|87\/100\n|turn|28\n|\n|t:|1641089096\n|move|p1a: Venusaur|Giga Drain|p2a: Starmie\n|-supereffective|p2a: Starmie\n|-damage|p2a: Starmie|0 fnt\n|-heal|p1a: Venusaur|100\/100|[from] drain|[of] p2a: Starmie\n|faint|p2a: Starmie\n|\n|upkeep\n|\n|t:|1641089098\n|switch|p2a: Mamoswine|Mamoswine, M|87\/100\n|-damage|p2a: Mamoswine|75\/100|[from] Stealth Rock\n|turn|29\n|\n|t:|1641089100\n|move|p1a: Venusaur|Giga Drain|p2a: Mamoswine\n|-supereffective|p2a: Mamoswine\n|-damage|p2a: Mamoswine|0 fnt\n|faint|p2a: Mamoswine\n|\n|win|Red Vs Showdown\n|raw|Red Vs Showdown's rating: 1478 &rarr; <strong>1504<\/strong><br \/>(+26 for winning)\n|raw|Buhrito's rating: 1577 &rarr; <strong>1551<\/strong><br \/>(-26 for losing)\n|c|\u2606Red Vs Showdown|...\n|c|\u2606Buhrito|gg\n","uploadtime":1641089106,"views":20,"p1id":"redvsshowdown","p2id":"buhrito","formatid":"gen8bdspou","rating":1504,"private":0,"password":null}