{"id":"gen8ou-1653692290","p1":"LT82ZW Guatemala","p2":"kokoukohiro","format":"gen8ou","log":"|j|\u2606LT82ZW Guatemala\n|j|\u2606kokoukohiro\n|t:|1662054934\n|gametype|singles\n|player|p1|LT82ZW Guatemala|265|1712\n|player|p2|kokoukohiro|dawn|1707\n|teamsize|p1|6\n|teamsize|p2|6\n|gen|8\n|tier|[Gen 8] OU\n|rated|\n|rule|Sleep Clause Mod: Limit one foe put to sleep\n|rule|Species Clause: Limit one of each Pok\u00e9mon\n|rule|OHKO Clause: OHKO moves are banned\n|rule|Evasion Items Clause: Evasion items are banned\n|rule|Evasion Moves Clause: Evasion moves are banned\n|rule|Endless Battle Clause: Forcing endless battles is banned\n|rule|HP Percentage Mod: HP is shown in percentages\n|rule|Dynamax Clause: You cannot dynamax\n|clearpoke\n|poke|p1|Rillaboom, F|\n|poke|p1|Dragonite, F|\n|poke|p1|Weavile, F|\n|poke|p1|Heatran, M|\n|poke|p1|Nidoking, M|\n|poke|p1|Crawdaunt, M|\n|poke|p2|Jirachi|\n|poke|p2|Quagsire, M|\n|poke|p2|Blissey, F|\n|poke|p2|Toxapex, F|\n|poke|p2|Skarmory, F|\n|poke|p2|Tornadus-Therian, M|\n|teampreview\n|\n|t:|1662054945\n|start\n|switch|p1a: Heatran|Heatran, M|100\/100\n|switch|p2a: Tornadus|Tornadus-Therian, M|100\/100\n|-item|p1a: Heatran|Air Balloon\n|turn|1\n|\n|t:|1662054948\n|move|p2a: Tornadus|U-turn|p1a: Heatran\n|-resisted|p1a: Heatran\n|-damage|p1a: Heatran|98\/100\n|-enditem|p1a: Heatran|Air Balloon\n|\n|t:|1662054951\n|switch|p2a: Toxapex|Toxapex, F|100\/100|[from]move: U-turn\n|move|p1a: Heatran|Magma Storm|p2a: Toxapex\n|-resisted|p2a: Toxapex\n|-damage|p2a: Toxapex|83\/100\n|-activate|p2a: Toxapex|move: Magma Storm|[of] p1a: Heatran\n|\n|-damage|p2a: Toxapex|70\/100|[from] move: Magma Storm|[partiallytrapped]\n|upkeep\n|turn|2\n|\n|t:|1662054955\n|switch|p2a: Tornadus|Tornadus-Therian, M|100\/100\n|move|p1a: Heatran|Stealth Rock|p2a: Tornadus\n|-sidestart|p2: kokoukohiro|move: Stealth Rock\n|\n|upkeep\n|turn|3\n|\n|t:|1662054958\n|move|p2a: Tornadus|Defog|p1a: Heatran\n|-unboost|p1a: Heatran|evasion|1\n|-sideend|p2: kokoukohiro|Stealth Rock|[from] move: Defog|[of] p2a: Tornadus\n|move|p1a: Heatran|Toxic|p2a: Tornadus\n|-status|p2a: Tornadus|tox\n|\n|-damage|p2a: Tornadus|94\/100 tox|[from] psn\n|upkeep\n|turn|4\n|\n|t:|1662054962\n|move|p2a: Tornadus|U-turn|p1a: Heatran\n|-resisted|p1a: Heatran\n|-damage|p1a: Heatran|96\/100\n|\n|t:|1662054965\n|switch|p2a: Toxapex|Toxapex, F|100\/100|[from]move: U-turn\n|move|p1a: Heatran|Stealth Rock|p2a: Toxapex\n|-sidestart|p2: kokoukohiro|move: Stealth Rock\n|\n|upkeep\n|turn|5\n|\n|t:|1662054971\n|move|p1a: Heatran|Magma Storm|p2a: Toxapex\n|-resisted|p2a: Toxapex\n|-damage|p2a: Toxapex|83\/100\n|-activate|p2a: Toxapex|move: Magma Storm|[of] p1a: Heatran\n|move|p2a: Toxapex|Toxic Spikes|p1a: Heatran\n|-sidestart|p1: LT82ZW Guatemala|move: Toxic Spikes\n|\n|-damage|p2a: Toxapex|71\/100|[from] move: Magma Storm|[partiallytrapped]\n|upkeep\n|turn|6\n|\n|t:|1662054975\n|switch|p1a: Nidoking|Nidoking, M|100\/100\n|-sideend|p1: LT82ZW Guatemala|move: Toxic Spikes|[of] p1a: Nidoking\n|switch|p2a: Tornadus|Tornadus-Therian, M|100\/100 tox\n|\n|-damage|p2a: Tornadus|94\/100 tox|[from] psn\n|upkeep\n|turn|7\n|\n|t:|1662054978\n|move|p2a: Tornadus|U-turn|p1a: Nidoking\n|-resisted|p1a: Nidoking\n|-damage|p1a: Nidoking|90\/100\n|\n|t:|1662054981\n|switch|p2a: Blissey|Blissey, F|100\/100|[from]move: U-turn\n|move|p1a: Nidoking|Ice Beam|p2a: Blissey\n|-damage|p2a: Blissey|90\/100\n|\n|upkeep\n|turn|8\n|\n|t:|1662054993\n|switch|p1a: Crawdaunt|Crawdaunt, M|100\/100\n|move|p2a: Blissey|Aromatherapy|p2a: Blissey\n|-activate|p2a: Blissey|move: Aromatherapy\n|-curestatus|p2: Tornadus|tox|[msg]\n|\n|upkeep\n|turn|9\n|\n|t:|1662055000\n|switch|p2a: Quagsire|Quagsire, M|100\/100\n|-damage|p2a: Quagsire|94\/100|[from] Stealth Rock\n|move|p1a: Crawdaunt|Knock Off|p2a: Quagsire\n|-damage|p2a: Quagsire|35\/100\n|-enditem|p2a: Quagsire|Leftovers|[from] move: Knock Off|[of] p1a: Crawdaunt\n|\n|upkeep\n|turn|10\n|\n|t:|1662055006\n|move|p1a: Crawdaunt|Knock Off|p2a: Quagsire\n|-damage|p2a: Quagsire|0 fnt\n|faint|p2a: Quagsire\n|\n|upkeep\n|\n|t:|1662055009\n|switch|p2a: Toxapex|Toxapex, F|100\/100\n|-damage|p2a: Toxapex|88\/100|[from] Stealth Rock\n|turn|11\n|\n|t:|1662055015\n|move|p1a: Crawdaunt|Swords Dance|p1a: Crawdaunt\n|-boost|p1a: Crawdaunt|atk|2\n|move|p2a: Toxapex|Scald|p1a: Crawdaunt\n|-resisted|p1a: Crawdaunt\n|-damage|p1a: Crawdaunt|83\/100\n|\n|upkeep\n|turn|12\n|\n|t:|1662055018\n|move|p1a: Crawdaunt|Knock Off|p2a: Toxapex\n|-damage|p2a: Toxapex|0 fnt\n|-enditem|p2a: Toxapex|Shed Shell|[from] move: Knock Off|[of] p1a: Crawdaunt\n|faint|p2a: Toxapex\n|\n|upkeep\n|\n|t:|1662055022\n|switch|p2a: Tornadus|Tornadus-Therian, M|100\/100\n|turn|13\n|\n|t:|1662055025\n|switch|p1a: Heatran|Heatran, M|96\/100\n|move|p2a: Tornadus|U-turn|p1a: Heatran\n|-resisted|p1a: Heatran\n|-damage|p1a: Heatran|93\/100\n|-status|p2a: Tornadus|brn|[from] ability: Flame Body|[of] p1a: Heatran\n|j| Quagshi\n|-message|kokoukohiro forfeited.\n|\n|win|LT82ZW Guatemala\n|raw|LT82ZW Guatemala's rating: 1712 &rarr; <strong>1732<\/strong><br \/>(+20 for winning)\n|raw|kokoukohiro's rating: 1707 &rarr; <strong>1687<\/strong><br \/>(-20 for losing)\n|l|\u2606kokoukohiro\n|l|\u2606LT82ZW Guatemala\n|l| Quagshi\n|j|\u2606LT82ZW Guatemala\n|player|p1|LT82ZW Guatemala|265\n","uploadtime":1662055057,"views":14,"p1id":"lt82zwguatemala","p2id":"kokoukohiro","formatid":"gen8ou","rating":1687,"private":0,"password":null}