{"id":"gen8ou-1675712845","p1":"Guest 5890168","p2":"EEEEEvolto","format":"gen8ou","log":"|j|\u203dGuest 5890168\n|j|\u2606EEEEEvolto\n|t:|1664716144\n|gametype|singles\n|player|p1|Guest 5890168|170|1613\n|player|p2|EEEEEvolto|102|1652\n|teamsize|p1|6\n|teamsize|p2|6\n|gen|8\n|tier|[Gen 8] OU\n|rated|\n|rule|Sleep Clause Mod: Limit one foe put to sleep\n|rule|Species Clause: Limit one of each Pok\u00e9mon\n|rule|OHKO Clause: OHKO moves are banned\n|rule|Evasion Items Clause: Evasion items are banned\n|rule|Evasion Moves Clause: Evasion moves are banned\n|rule|Endless Battle Clause: Forcing endless battles is banned\n|rule|HP Percentage Mod: HP is shown in percentages\n|rule|Dynamax Clause: You cannot dynamax\n|clearpoke\n|poke|p1|Rotom-Wash|\n|poke|p1|Weavile, F|\n|poke|p1|Landorus-Therian, M|\n|poke|p1|Heatran, M|\n|poke|p1|Tangrowth, M|\n|poke|p1|Melmetal|\n|poke|p2|Kartana|\n|poke|p2|Heatran, M|\n|poke|p2|Landorus-Therian, M|\n|poke|p2|Slowbro, M|\n|poke|p2|Umbreon, M|\n|poke|p2|Tapu Koko|\n|teampreview\n|\n|t:|1664716147\n|start\n|switch|p1a: Melmetal|Melmetal|100\/100\n|switch|p2a: Heatran|Heatran, M|100\/100\n|turn|1\n|inactive|Battle timer is ON: inactive players will automatically lose when time's up. (requested by Guest 5890168)\n|\n|t:|1664716151\n|move|p2a: Heatran|Protect|p2a: Heatran\n|-singleturn|p2a: Heatran|Protect\n|move|p1a: Melmetal|Earthquake|p2a: Heatran\n|-activate|p2a: Heatran|move: Protect\n|\n|upkeep\n|turn|2\n|\n|t:|1664716153\n|switch|p2a: Landorus|Landorus-Therian, M|100\/100\n|-ability|p2a: Landorus|Intimidate|boost\n|-unboost|p1a: Melmetal|atk|1\n|switch|p1a: Heatran|Heatran, M|100\/100\n|-item|p1a: Heatran|Air Balloon\n|\n|upkeep\n|turn|3\n|\n|t:|1664716157\n|move|p1a: Heatran|Eruption|p2a: Landorus\n|-damage|p2a: Landorus|39\/100\n|move|p2a: Landorus|U-turn|p1a: Heatran\n|-resisted|p1a: Heatran\n|-damage|p1a: Heatran|95\/100\n|-enditem|p1a: Heatran|Air Balloon\n|\n|t:|1664716163\n|switch|p2a: Kartana|Kartana|100\/100|[from]move: U-turn\n|\n|upkeep\n|turn|4\n|\n|t:|1664716165\n|switch|p1a: Tangrowth|Tangrowth, M|100\/100\n|move|p2a: Kartana|Sacred Sword|p1a: Tangrowth\n|-crit|p1a: Tangrowth\n|-damage|p1a: Tangrowth|52\/100\n|-damage|p2a: Kartana|84\/100|[from] item: Rocky Helmet|[of] p1a: Tangrowth\n|\n|upkeep\n|turn|5\n|\n|t:|1664716170\n|move|p2a: Kartana|Sacred Sword|p1a: Tangrowth\n|-damage|p1a: Tangrowth|22\/100\n|-damage|p2a: Kartana|67\/100|[from] item: Rocky Helmet|[of] p1a: Tangrowth\n|move|p1a: Tangrowth|Giga Drain|p2a: Kartana\n|-resisted|p2a: Kartana\n|-damage|p2a: Kartana|44\/100\n|-heal|p1a: Tangrowth|29\/100|[from] drain|[of] p2a: Kartana\n|\n|upkeep\n|turn|6\n|\n|t:|1664716171\n|move|p2a: Kartana|Sacred Sword|p1a: Tangrowth\n|-crit|p1a: Tangrowth\n|-damage|p1a: Tangrowth|0 fnt\n|-damage|p2a: Kartana|28\/100|[from] item: Rocky Helmet|[of] p1a: Tangrowth\n|faint|p1a: Tangrowth\n|-ability|p2a: Kartana|Beast Boost|boost\n|-boost|p2a: Kartana|atk|1\n|\n|upkeep\n|\n|t:|1664716171\n|switch|p1a: Rotom|Rotom-Wash|100\/100\n|turn|7\n|\n|t:|1664716179\n|switch|p2a: Umbreon|Umbreon, M|100\/100\n|move|p1a: Rotom|Hydro Pump|p2a: Umbreon|[miss]\n|-miss|p1a: Rotom|p2a: Umbreon\n|\n|upkeep\n|turn|8\n|\n|t:|1664716182\n|move|p1a: Rotom|Nasty Plot|p1a: Rotom\n|-boost|p1a: Rotom|spa|2\n|move|p2a: Umbreon|Wish|p2a: Umbreon\n|\n|upkeep\n|turn|9\n|\n|t:|1664716185\n|move|p1a: Rotom|Hydro Pump|p2a: Umbreon\n|-crit|p2a: Umbreon\n|-damage|p2a: Umbreon|16\/100\n|move|p2a: Umbreon|Foul Play|p1a: Rotom\n|-damage|p1a: Rotom|77\/100\n|\n|-heal|p2a: Umbreon|66\/100|[from] move: Wish|[wisher] Umbreon\n|-heal|p1a: Rotom|83\/100|[from] item: Leftovers\n|-heal|p2a: Umbreon|72\/100|[from] item: Leftovers\n|upkeep\n|turn|10\n|\n|t:|1664716191\n|move|p1a: Rotom|Thunderbolt|p2a: Umbreon\n|-damage|p2a: Umbreon|25\/100\n|move|p2a: Umbreon|Wish|p2a: Umbreon\n|\n|-heal|p1a: Rotom|89\/100|[from] item: Leftovers\n|-heal|p2a: Umbreon|31\/100|[from] item: Leftovers\n|upkeep\n|turn|11\n|\n|t:|1664716195\n|move|p2a: Umbreon|Protect|p2a: Umbreon\n|-singleturn|p2a: Umbreon|Protect\n|move|p1a: Rotom|Hydro Pump|p2a: Umbreon\n|-activate|p2a: Umbreon|move: Protect\n|\n|-heal|p2a: Umbreon|81\/100|[from] move: Wish|[wisher] Umbreon\n|-heal|p1a: Rotom|96\/100|[from] item: Leftovers\n|-heal|p2a: Umbreon|87\/100|[from] item: Leftovers\n|upkeep\n|turn|12\n|\n|t:|1664716202\n|switch|p2a: Kartana|Kartana|28\/100\n|move|p1a: Rotom|Thunderbolt|p2a: Kartana\n|-resisted|p2a: Kartana\n|-damage|p2a: Kartana|0 fnt\n|faint|p2a: Kartana\n|\n|-heal|p1a: Rotom|100\/100|[from] item: Leftovers\n|upkeep\n|\n|t:|1664716207\n|switch|p2a: Tapu Koko|Tapu Koko|100\/100\n|-fieldstart|move: Electric Terrain|[from] ability: Electric Surge|[of] p2a: Tapu Koko\n|turn|13\n|\n|t:|1664716209\n|move|p2a: Tapu Koko|Calm Mind|p2a: Tapu Koko\n|-boost|p2a: Tapu Koko|spa|1\n|-boost|p2a: Tapu Koko|spd|1\n|move|p1a: Rotom|Hydro Pump|p2a: Tapu Koko\n|-damage|p2a: Tapu Koko|11\/100\n|\n|upkeep\n|turn|14\n|\n|t:|1664716211\n|move|p2a: Tapu Koko|Thunderbolt|p1a: Rotom\n|-damage|p1a: Rotom|17\/100\n|move|p1a: Rotom|Thunderbolt|p2a: Tapu Koko\n|-resisted|p2a: Tapu Koko\n|-damage|p2a: Tapu Koko|0 fnt\n|faint|p2a: Tapu Koko\n|\n|-heal|p1a: Rotom|23\/100|[from] item: Leftovers\n|upkeep\n|\n|t:|1664716215\n|switch|p2a: Slowbro|Slowbro, M|100\/100\n|turn|15\n|\n|t:|1664716217\n|move|p1a: Rotom|Nasty Plot|p1a: Rotom\n|-boost|p1a: Rotom|spa|2\n|move|p2a: Slowbro|Future Sight|p1a: Rotom\n|-start|p2a: Slowbro|move: Future Sight\n|\n|-heal|p1a: Rotom|29\/100|[from] item: Leftovers\n|upkeep\n|turn|16\n|\n|t:|1664716219\n|switch|p2a: Landorus|Landorus-Therian, M|39\/100\n|-ability|p2a: Landorus|Intimidate|boost\n|-unboost|p1a: Rotom|atk|1\n|move|p1a: Rotom|Pain Split|p2a: Landorus\n|-sethp|p2a: Landorus|31\/100|[from] move: Pain Split|[silent]\n|-sethp|p1a: Rotom|39\/100|[from] move: Pain Split\n|\n|-heal|p1a: Rotom|45\/100|[from] item: Leftovers\n|-heal|p2a: Landorus|37\/100|[from] item: Leftovers\n|upkeep\n|turn|17\n|\n|t:|1664716224\n|switch|p2a: Slowbro|Slowbro, M|100\/100\n|move|p1a: Rotom|Hydro Pump|p2a: Slowbro\n|-resisted|p2a: Slowbro\n|-damage|p2a: Slowbro|58\/100\n|\n|-end|p1a: Rotom|move: Future Sight\n|-damage|p1a: Rotom|4\/100\n|-heal|p1a: Rotom|11\/100|[from] item: Leftovers\n|-fieldend|move: Electric Terrain\n|upkeep\n|turn|18\n|\n|t:|1664716227\n|switch|p2a: Landorus|Landorus-Therian, M|37\/100\n|-ability|p2a: Landorus|Intimidate|boost\n|-unboost|p1a: Rotom|atk|1\n|move|p1a: Rotom|Hydro Pump|p2a: Landorus\n|-supereffective|p2a: Landorus\n|-damage|p2a: Landorus|0 fnt\n|faint|p2a: Landorus\n|\n|-heal|p1a: Rotom|17\/100|[from] item: Leftovers\n|upkeep\n|\n|t:|1664716229\n|switch|p2a: Heatran|Heatran, M|100\/100\n|turn|19\n|\n|t:|1664716232\n|move|p1a: Rotom|Pain Split|p2a: Heatran\n|-sethp|p2a: Heatran|57\/100|[from] move: Pain Split|[silent]\n|-sethp|p1a: Rotom|72\/100|[from] move: Pain Split\n|move|p2a: Heatran|Lava Plume|p1a: Rotom\n|-resisted|p1a: Rotom\n|-damage|p1a: Rotom|53\/100\n|\n|-heal|p1a: Rotom|59\/100|[from] item: Leftovers\n|-heal|p2a: Heatran|63\/100|[from] item: Leftovers\n|upkeep\n|turn|20\n|\n|t:|1664716234\n|move|p1a: Rotom|Thunderbolt|p2a: Heatran\n|-damage|p2a: Heatran|0 fnt\n|faint|p2a: Heatran\n|\n|-heal|p1a: Rotom|66\/100|[from] item: Leftovers\n|upkeep\n|-message|EEEEEvolto forfeited.\n|\n|win|Guest 5890168\n|raw|Guest 5890168's rating: 1613 &rarr; <strong>1635<\/strong><br \/>(+22 for winning)\n|raw|EEEEEvolto's rating: 1652 &rarr; <strong>1630<\/strong><br \/>(-22 for losing)\n|l|\u2606EEEEEvolto\n","uploadtime":1664716244,"views":7,"p1id":"guest5890168","p2id":"eeeeevolto","formatid":"gen8ou","rating":1630,"private":0,"password":null}