{"id":"gen8ou-1128977543","p1":"Galarian Blue","p2":"mongwong","format":"gen8ou","log":"|j|\u2606Galarian Blue\n|j|\u2606mongwong\n|player|p1|Galarian Blue|blue-gen7|1347\n|player|p2|mongwong|silver|1312\n|teamsize|p1|6\n|teamsize|p2|6\n|gametype|singles\n|gen|8\n|tier|[Gen 8] OU\n|rated|\n|clearpoke\n|poke|p1|Charizard, M|\n|poke|p1|Torkoal, M|\n|poke|p1|Kyurem|\n|poke|p1|Venusaur, F|\n|poke|p1|Cinderace, F|\n|poke|p1|Mandibuzz, F|\n|poke|p2|Inteleon, F|\n|poke|p2|Cinderace, F|\n|poke|p2|Conkeldurr, F|\n|poke|p2|Clefable, F|\n|poke|p2|Shuckle, F|\n|poke|p2|Mew|\n|rule|Sleep Clause Mod: Limit one foe put to sleep\n|rule|Species Clause: Limit one of each Pok\u00e9mon\n|rule|OHKO Clause: OHKO moves are banned\n|rule|Evasion Moves Clause: Evasion moves are banned\n|rule|Endless Battle Clause: Forcing endless battles is banned\n|rule|HP Percentage Mod: HP is shown in percentages\n|rule|Dynamax Clause: You cannot dynamax\n|teampreview\n|inactive|Battle timer is ON: inactive players will automatically lose when time's up. (requested by mongwong)\n|inactive|Galarian Blue has 120 seconds left.\n|\n|start\n|switch|p1a: Cinderace|Cinderace, F|100\/100\n|switch|p2a: Shuckle|Shuckle, F|100\/100\n|turn|1\n|\n|move|p1a: Cinderace|Bulk Up|p1a: Cinderace\n|-start|p1a: Cinderace|typechange|Fighting|[from] ability: Libero\n|-boost|p1a: Cinderace|atk|1\n|-boost|p1a: Cinderace|def|1\n|move|p2a: Shuckle|Stealth Rock|p1a: Cinderace\n|-sidestart|p1: Galarian Blue|move: Stealth Rock\n|\n|upkeep\n|turn|2\n|inactive|Galarian Blue has 120 seconds left.\n|\n|move|p1a: Cinderace|Pyro Ball|p2a: Shuckle\n|-start|p1a: Cinderace|typechange|Fire|[from] ability: Libero\n|-damage|p2a: Shuckle|52\/100\n|move|p2a: Shuckle|Sticky Web|p1a: Cinderace\n|-sidestart|p1: Galarian Blue|move: Sticky Web\n|\n|upkeep\n|turn|3\n|\n|move|p1a: Cinderace|Bulk Up|p1a: Cinderace\n|-start|p1a: Cinderace|typechange|Fighting|[from] ability: Libero\n|-boost|p1a: Cinderace|atk|1\n|-boost|p1a: Cinderace|def|1\n|move|p2a: Shuckle|Infestation|p1a: Cinderace\n|-resisted|p1a: Cinderace\n|-damage|p1a: Cinderace|99\/100\n|-activate|p1a: Cinderace|move: Infestation|[of] p2a: Shuckle\n|\n|-damage|p1a: Cinderace|87\/100|[from] move: Infestation|[partiallytrapped]\n|upkeep\n|turn|4\n|\n|move|p1a: Cinderace|Pyro Ball|p2a: Shuckle\n|-start|p1a: Cinderace|typechange|Fire|[from] ability: Libero\n|-damage|p2a: Shuckle|0 fnt\n|faint|p2a: Shuckle\n|\n|-end|p1a: Cinderace|Infestation|[partiallytrapped]|[silent]\n|upkeep\n|\n|switch|p2a: Inteleon|Inteleon, F|100\/100\n|turn|5\n|\n|move|p1a: Cinderace|Sucker Punch|p2a: Inteleon\n|-start|p1a: Cinderace|typechange|Dark|[from] ability: Libero\n|-damage|p2a: Inteleon|0 fnt\n|faint|p2a: Inteleon\n|\n|upkeep\n|\n|switch|p2a: Conkeldurr|Conkeldurr, F|100\/100\n|turn|6\n|\n|move|p2a: Conkeldurr|Mach Punch|p1a: Cinderace\n|-supereffective|p1a: Cinderace\n|-damage|p1a: Cinderace|53\/100\n|move|p1a: Cinderace|Zen Headbutt|p2a: Conkeldurr\n|-start|p1a: Cinderace|typechange|Psychic|[from] ability: Libero\n|-supereffective|p2a: Conkeldurr\n|-damage|p2a: Conkeldurr|0 fnt\n|faint|p2a: Conkeldurr\n|\n|upkeep\n|\n|switch|p2a: Cinderace|Cinderace, F|100\/100\n|turn|7\n|\n|move|p1a: Cinderace|Sucker Punch|p2a: Cinderace\n|-start|p1a: Cinderace|typechange|Dark|[from] ability: Libero\n|-damage|p2a: Cinderace|0 fnt\n|faint|p2a: Cinderace\n|\n|upkeep\n|\n|switch|p2a: Clefable|Clefable, F|100\/100\n|turn|8\n|\n|move|p1a: Cinderace|Pyro Ball|p2a: Clefable\n|-start|p1a: Cinderace|typechange|Fire|[from] ability: Libero\n|-damage|p2a: Clefable|0 fnt\n|faint|p2a: Clefable\n|\n|upkeep\n|\n|switch|p2a: Mew|Mew|100\/100\n|turn|9\n|\n|move|p1a: Cinderace|Pyro Ball|p2a: Mew\n|-damage|p2a: Mew|0 fnt\n|faint|p2a: Mew\n|\n|win|Galarian Blue\n|l|\u2606mongwong\n|c|\u2606Galarian Blue|Oh. Ok.\n|raw|Galarian Blue's rating: 1347 &rarr; <strong>1365<\/strong><br \/>(+18 for winning)\n|raw|mongwong's rating: 1312 &rarr; <strong>1294<\/strong><br \/>(-18 for losing)\n","uploadtime":1591613345,"views":5,"p1id":"galarianblue","p2id":"mongwong","formatid":"gen8ou","rating":1294,"private":0,"password":null}