{"id":"gen8ru-1692705463","p1":"draghi in trip","p2":"LoSconosciuto","format":"gen8ru","log":"|j|\u2606draghi in trip\n|j|\u2606LoSconosciuto\n|inactive|Battle timer is ON: inactive players will automatically lose when time's up.\n|t:|1666523948\n|gametype|singles\n|player|p1|draghi in trip|#teamballo2022|\n|player|p2|LoSconosciuto|#teamgapdos|\n|teamsize|p1|6\n|teamsize|p2|6\n|gen|8\n|tier|[Gen 8] RU\n|rated|Tournament battle\n|rule|Sleep Clause Mod: Limit one foe put to sleep\n|rule|Species Clause: Limit one of each Pok\u00e9mon\n|rule|OHKO Clause: OHKO moves are banned\n|rule|Evasion Items Clause: Evasion items are banned\n|rule|Evasion Moves Clause: Evasion moves are banned\n|rule|Endless Battle Clause: Forcing endless battles is banned\n|rule|HP Percentage Mod: HP is shown in percentages\n|rule|Dynamax Clause: You cannot dynamax\n|clearpoke\n|poke|p1|Rhyperior, F|\n|poke|p1|Flygon, F|\n|poke|p1|Togekiss, F|\n|poke|p1|Metagross|\n|poke|p1|Golisopod, M|\n|poke|p1|Toxicroak, M|\n|poke|p2|Aerodactyl, F|\n|poke|p2|Polteageist-Antique|\n|poke|p2|Mimikyu, M|\n|poke|p2|Lucario, F|\n|poke|p2|Starmie|\n|poke|p2|Barbaracle, F|\n|teampreview\n|j| BB-8-NU\n|inactive|LoSconosciuto also wants the timer to be on.\n|j|*Lady Monita \u263d\n|j|%Pika Sup\n|j| Irene-2002\n|c|\u2606LoSconosciuto|hf\n|c|\u2606draghi in trip|u2\n|j| Failbor21\n|j| Grietrich\n|c|%Pika Sup|Loscono is a goat for using that team\n|\n|t:|1666523974\n|start\n|switch|p1a: Metagross|Metagross|100\/100\n|switch|p2a: Aerodactyl|Aerodactyl, F|100\/100\n|-ability|p2a: Aerodactyl|Unnerve\n|turn|1\n|\n|t:|1666523979\n|move|p2a: Aerodactyl|Stealth Rock|p1a: Metagross\n|-sidestart|p1: draghi in trip|move: Stealth Rock\n|move|p1a: Metagross|Meteor Mash|p2a: Aerodactyl|[miss]\n|-miss|p1a: Metagross|p2a: Aerodactyl\n|\n|upkeep\n|turn|2\n|\n|t:|1666523985\n|move|p2a: Aerodactyl|Earthquake|p1a: Metagross\n|-supereffective|p1a: Metagross\n|-damage|p1a: Metagross|48\/100\n|move|p1a: Metagross|Stealth Rock|p2a: Aerodactyl\n|-sidestart|p2: LoSconosciuto|move: Stealth Rock\n|\n|upkeep\n|turn|3\n|j| witbig\n|\n|t:|1666523989\n|move|p2a: Aerodactyl|Earthquake|p1a: Metagross\n|-supereffective|p1a: Metagross\n|-crit|p1a: Metagross\n|-damage|p1a: Metagross|0 fnt\n|faint|p1a: Metagross\n|\n|upkeep\n|\n|t:|1666523996\n|switch|p1a: Flygon|Flygon, F|100\/100\n|-damage|p1a: Flygon|95\/100|[from] Stealth Rock\n|turn|4\n|j| F3rrari450\n|\n|t:|1666524005\n|move|p2a: Aerodactyl|Stone Edge|p1a: Flygon\n|-resisted|p1a: Flygon\n|-damage|p1a: Flygon|63\/100\n|move|p1a: Flygon|Stone Edge|p2a: Aerodactyl\n|-supereffective|p2a: Aerodactyl\n|-damage|p2a: Aerodactyl|1\/100\n|\n|upkeep\n|turn|5\n|\n|t:|1666524013\n|move|p2a: Aerodactyl|Stone Edge|p1a: Flygon\n|-resisted|p1a: Flygon\n|-damage|p1a: Flygon|30\/100\n|move|p1a: Flygon|Dragon Dance|p1a: Flygon\n|-boost|p1a: Flygon|atk|1\n|-boost|p1a: Flygon|spe|1\n|\n|upkeep\n|turn|6\n|\n|t:|1666524018\n|move|p1a: Flygon|Dragon Claw|p2a: Aerodactyl\n|-damage|p2a: Aerodactyl|0 fnt\n|faint|p2a: Aerodactyl\n|\n|upkeep\n|\n|t:|1666524021\n|switch|p2a: Lucario|Lucario, F|100\/100\n|-damage|p2a: Lucario|98\/100|[from] Stealth Rock\n|turn|7\n|\n|t:|1666524023\n|move|p2a: Lucario|Extreme Speed|p1a: Flygon\n|-damage|p1a: Flygon|0 fnt\n|faint|p1a: Flygon\n|-damage|p2a: Lucario|88\/100|[from] item: Life Orb\n|\n|upkeep\n|\n|t:|1666524028\n|switch|p1a: Togekiss|Togekiss, F|100\/100\n|-damage|p1a: Togekiss|76\/100|[from] Stealth Rock\n|turn|8\n|\n|t:|1666524032\n|move|p1a: Togekiss|Air Slash|p2a: Lucario\n|-damage|p2a: Lucario|29\/100\n|move|p2a: Lucario|Meteor Mash|p1a: Togekiss\n|-supereffective|p1a: Togekiss\n|-damage|p1a: Togekiss|0 fnt\n|faint|p1a: Togekiss\n|-damage|p2a: Lucario|19\/100|[from] item: Life Orb\n|\n|upkeep\n|\n|t:|1666524038\n|switch|p1a: Golisopod|Golisopod, M|100\/100\n|turn|9\n|\n|t:|1666524047\n|move|p2a: Lucario|Extreme Speed|p1a: Golisopod\n|-damage|p1a: Golisopod|77\/100\n|-damage|p2a: Lucario|9\/100|[from] item: Life Orb\n|move|p1a: Golisopod|First Impression|p2a: Lucario\n|-resisted|p2a: Lucario\n|-damage|p2a: Lucario|0 fnt\n|faint|p2a: Lucario\n|\n|upkeep\n|\n|t:|1666524052\n|switch|p2a: Starmie|Starmie|100\/100\n|-damage|p2a: Starmie|88\/100|[from] Stealth Rock\n|turn|10\n|\n|t:|1666524057\n|switch|p1a: Rhyperior|Rhyperior, F|100\/100\n|-damage|p1a: Rhyperior|94\/100|[from] Stealth Rock\n|move|p2a: Starmie|Thunderbolt|p1a: Rhyperior\n|-immune|p1a: Rhyperior\n|\n|upkeep\n|turn|11\n|\n|t:|1666524061\n|move|p2a: Starmie|Hydro Pump|p1a: Rhyperior|[miss]\n|-miss|p2a: Starmie|p1a: Rhyperior\n|move|p1a: Rhyperior|Earthquake|p2a: Starmie\n|-damage|p2a: Starmie|0 fnt\n|faint|p2a: Starmie\n|\n|upkeep\n|c|\u2606draghi in trip|scusa\n|c|\u2606LoSconosciuto|nessun problema\n|\n|t:|1666524071\n|switch|p2a: Barbaracle|Barbaracle, F|100\/100\n|-damage|p2a: Barbaracle|88\/100|[from] Stealth Rock\n|turn|12\n|\n|t:|1666524076\n|move|p2a: Barbaracle|Grass Knot|p1a: Rhyperior\n|-supereffective|p1a: Rhyperior\n|-damage|p1a: Rhyperior|0 fnt\n|faint|p1a: Rhyperior\n|-damage|p2a: Barbaracle|78\/100|[from] item: Life Orb\n|\n|upkeep\n|\n|t:|1666524084\n|switch|p1a: Toxicroak|Toxicroak, M|100\/100\n|-damage|p1a: Toxicroak|94\/100|[from] Stealth Rock\n|turn|13\n|\n|t:|1666524088\n|move|p1a: Toxicroak|Drain Punch|p2a: Barbaracle\n|-supereffective|p2a: Barbaracle\n|-damage|p2a: Barbaracle|0 fnt\n|-heal|p1a: Toxicroak|100\/100|[from] drain|[of] p2a: Barbaracle\n|faint|p2a: Barbaracle\n|-damage|p1a: Toxicroak|91\/100|[from] item: Life Orb\n|\n|upkeep\n|j| Dragonair2Fair\n|\n|t:|1666524099\n|switch|p2a: Mimikyu|Mimikyu, M|100\/100\n|-damage|p2a: Mimikyu|88\/100|[from] Stealth Rock\n|turn|14\n|\n|t:|1666524101\n|move|p2a: Mimikyu|Swords Dance|p2a: Mimikyu\n|-boost|p2a: Mimikyu|atk|2\n|move|p1a: Toxicroak|Gunk Shot|p2a: Mimikyu\n|-activate|p2a: Mimikyu|ability: Disguise\n|-damage|p2a: Mimikyu|88\/100\n|-status|p2a: Mimikyu|psn\n|detailschange|p2a: Mimikyu|Mimikyu-Busted, M\n|-damage|p2a: Mimikyu|76\/100 psn|[from] pokemon: Mimikyu-Busted\n|-damage|p1a: Toxicroak|81\/100|[from] item: Life Orb\n|\n|-damage|p2a: Mimikyu|63\/100 psn|[from] psn\n|upkeep\n|turn|15\n|c|\u2606draghi in trip|scusa\n|\n|t:|1666524109\n|move|p1a: Toxicroak|Sucker Punch|p2a: Mimikyu\n|-damage|p2a: Mimikyu|22\/100 psn\n|-damage|p1a: Toxicroak|71\/100|[from] item: Life Orb\n|move|p2a: Mimikyu|Play Rough|p1a: Toxicroak\n|-damage|p1a: Toxicroak|0 fnt\n|faint|p1a: Toxicroak\n|-damage|p2a: Mimikyu|12\/100 psn|[from] item: Life Orb\n|\n|-damage|p2a: Mimikyu|0 fnt|[from] psn\n|faint|p2a: Mimikyu\n|upkeep\n|\n|t:|1666524113\n|switch|p2a: Polteageist|Polteageist-Antique|100\/100\n|switch|p1a: Golisopod|Golisopod, M|77\/100\n|-damage|p2a: Polteageist|88\/100|[from] Stealth Rock\n|turn|16\n|\n|t:|1666524117\n|move|p1a: Golisopod|First Impression|p2a: Polteageist\n|-resisted|p2a: Polteageist\n|-damage|p2a: Polteageist|44\/100\n|-ability|p2a: Polteageist|Weak Armor|boost\n|-unboost|p2a: Polteageist|def|1\n|-boost|p2a: Polteageist|spe|2\n|move|p2a: Polteageist|Shadow Ball|p1a: Golisopod\n|-damage|p1a: Golisopod|19\/100\n|\n|upkeep\n|turn|17\n|\n|t:|1666524121\n|move|p2a: Polteageist|Shadow Ball|p1a: Golisopod\n|-damage|p1a: Golisopod|0 fnt\n|faint|p1a: Golisopod\n|\n|win|LoSconosciuto\n|n|\u2606draghi in trip|draghiintrip\n|n|\u2606LoSconosciuto|losconosciuto\n|n| BB-8-NU|bb8nu\n|n|*Lady Monita \u263d|ladymonita\n|n| Pika Sup|pikasup\n|n| Irene-2002|irene2002\n|n| Failbor21|failbor21\n|n| Grietrich|grietrich\n|n| witbig|witbig\n|n| F3rrari450|f3rrari450\n|n| Dragonair2Fair|dragonair2fair\n|l|*Lady Monita \u263d\n|l| BB-8-NU\n|c|\u2606LoSconosciuto|gg\n|c|\u2606draghi in trip|gg\n|l|\u2606draghi in trip\n|l| Irene-2002\n|l| F3rrari450\n|l| Dragonair2Fair\n","uploadtime":1666524162,"views":6,"p1id":"draghiintrip","p2id":"losconosciuto","formatid":"gen8ru","rating":0,"private":0,"password":null}