{"id":"gen8ou-1682140055","p1":"smoglin doglin","p2":"minimax_ai","format":"gen8ou","log":"|j|\u2606smoglin doglin\n|j|\u2606minimax_ai\n|t:|1665396997\n|gametype|singles\n|player|p1|smoglin doglin|flannery|1708\n|player|p2|minimax_ai|lusamine-nihilego|1675\n|teamsize|p1|6\n|teamsize|p2|6\n|gen|8\n|tier|[Gen 8] OU\n|rated|\n|rule|Sleep Clause Mod: Limit one foe put to sleep\n|rule|Species Clause: Limit one of each Pok\u00e9mon\n|rule|OHKO Clause: OHKO moves are banned\n|rule|Evasion Items Clause: Evasion items are banned\n|rule|Evasion Moves Clause: Evasion moves are banned\n|rule|Endless Battle Clause: Forcing endless battles is banned\n|rule|HP Percentage Mod: HP is shown in percentages\n|rule|Dynamax Clause: You cannot dynamax\n|clearpoke\n|poke|p1|Escavalier, M|\n|poke|p1|Excadrill, M|\n|poke|p1|Slowbro, M|\n|poke|p1|Tyranitar, F|\n|poke|p1|Tornadus-Therian, M|\n|poke|p1|Kommo-o, M|\n|poke|p2|Rotom-Wash|\n|poke|p2|Weavile, F|\n|poke|p2|Landorus-Therian, M|\n|poke|p2|Heatran, M|\n|poke|p2|Tangrowth, F|\n|poke|p2|Melmetal|\n|teampreview\n|c|\u2606minimax_ai|hf\n|inactive|Battle timer is ON: inactive players will automatically lose when time's up. (requested by minimax_ai)\n|\n|t:|1665397007\n|start\n|switch|p1a: Tyranitar|Tyranitar, F|100\/100\n|switch|p2a: Melmetal|Melmetal|100\/100\n|-weather|Sandstorm|[from] ability: Sand Stream|[of] p1a: Tyranitar\n|turn|1\n|\n|t:|1665397009\n|switch|p1a: Slowbro|Slowbro, M|100\/100\n|move|p2a: Melmetal|Double Iron Bash|p1a: Slowbro\n|-resisted|p1a: Slowbro\n|-damage|p1a: Slowbro|88\/100\n|-damage|p2a: Melmetal|84\/100|[from] item: Rocky Helmet|[of] p1a: Slowbro\n|-resisted|p1a: Slowbro\n|-damage|p1a: Slowbro|77\/100\n|-damage|p2a: Melmetal|67\/100|[from] item: Rocky Helmet|[of] p1a: Slowbro\n|-hitcount|p1a: Slowbro|2\n|\n|-weather|Sandstorm|[upkeep]\n|-damage|p1a: Slowbro|71\/100|[from] Sandstorm\n|upkeep\n|turn|2\n|\n|t:|1665397012\n|move|p2a: Melmetal|Double Iron Bash|p1a: Slowbro\n|-resisted|p1a: Slowbro\n|-damage|p1a: Slowbro|59\/100\n|-damage|p2a: Melmetal|51\/100|[from] item: Rocky Helmet|[of] p1a: Slowbro\n|-resisted|p1a: Slowbro\n|-damage|p1a: Slowbro|46\/100\n|-damage|p2a: Melmetal|34\/100|[from] item: Rocky Helmet|[of] p1a: Slowbro\n|-hitcount|p1a: Slowbro|2\n|move|p1a: Slowbro|Teleport|p1a: Slowbro\n|\n|t:|1665397015\n|switch|p1a: Kommo-o|Kommo-o, M|100\/100|[from]move: Teleport\n|\n|-weather|Sandstorm|[upkeep]\n|-damage|p1a: Kommo-o|94\/100|[from] Sandstorm\n|-heal|p1a: Kommo-o|100\/100|[from] item: Leftovers\n|upkeep\n|turn|3\n|\n|t:|1665397016\n|switch|p2a: landorustherian|Landorus-Therian, M|100\/100\n|-ability|p2a: landorustherian|Intimidate|boost\n|-unboost|p1a: Kommo-o|atk|1\n|move|p1a: Kommo-o|Body Press|p2a: landorustherian\n|-resisted|p2a: landorustherian\n|-damage|p2a: landorustherian|81\/100\n|\n|-weather|Sandstorm|[upkeep]\n|-damage|p1a: Kommo-o|94\/100|[from] Sandstorm\n|-heal|p1a: Kommo-o|100\/100|[from] item: Leftovers\n|-heal|p2a: landorustherian|87\/100|[from] item: Leftovers\n|upkeep\n|turn|4\n|\n|t:|1665397019\n|move|p1a: Kommo-o|Toxic|p2a: landorustherian\n|-status|p2a: landorustherian|tox\n|move|p2a: landorustherian|Toxic|p1a: Kommo-o\n|-status|p1a: Kommo-o|tox\n|\n|-weather|Sandstorm|[upkeep]\n|-damage|p1a: Kommo-o|94\/100 tox|[from] Sandstorm\n|-heal|p1a: Kommo-o|100\/100 tox|[from] item: Leftovers\n|-heal|p2a: landorustherian|93\/100 tox|[from] item: Leftovers\n|-damage|p1a: Kommo-o|94\/100 tox|[from] psn\n|-damage|p2a: landorustherian|87\/100 tox|[from] psn\n|upkeep\n|turn|5\n|\n|t:|1665397021\n|move|p1a: Kommo-o|Stealth Rock|p2a: landorustherian\n|-sidestart|p2: minimax_ai|move: Stealth Rock\n|move|p2a: landorustherian|Earthquake|p1a: Kommo-o\n|-damage|p1a: Kommo-o|62\/100 tox\n|\n|-weather|none\n|-heal|p1a: Kommo-o|68\/100 tox|[from] item: Leftovers\n|-heal|p2a: landorustherian|93\/100 tox|[from] item: Leftovers\n|-damage|p1a: Kommo-o|56\/100 tox|[from] psn\n|-damage|p2a: landorustherian|81\/100 tox|[from] psn\n|upkeep\n|turn|6\n|j| GermanHumour\n|\n|t:|1665397032\n|switch|p1a: Tyranitar|Tyranitar, F|100\/100\n|-weather|Sandstorm|[from] ability: Sand Stream|[of] p1a: Tyranitar\n|move|p2a: landorustherian|Defog|p1a: Tyranitar\n|-unboost|p1a: Tyranitar|evasion|1\n|-sideend|p2: minimax_ai|Stealth Rock|[from] move: Defog|[of] p2a: landorustherian\n|\n|-weather|Sandstorm|[upkeep]\n|-heal|p2a: landorustherian|87\/100 tox|[from] item: Leftovers\n|-damage|p2a: landorustherian|69\/100 tox|[from] psn\n|upkeep\n|turn|7\n|\n|t:|1665397036\n|switch|p2a: Tangrowth|Tangrowth, F|100\/100\n|move|p1a: Tyranitar|Stone Edge|p2a: Tangrowth\n|-damage|p2a: Tangrowth|51\/100\n|\n|-weather|Sandstorm|[upkeep]\n|-damage|p2a: Tangrowth|45\/100|[from] Sandstorm\n|upkeep\n|turn|8\n|\n|t:|1665397039\n|switch|p2a: Melmetal|Melmetal|34\/100\n|move|p1a: Tyranitar|Stone Edge|p2a: Melmetal\n|-resisted|p2a: Melmetal\n|-damage|p2a: Melmetal|11\/100\n|\n|-weather|Sandstorm|[upkeep]\n|upkeep\n|turn|9\n|\n|t:|1665397041\n|switch|p2a: Tangrowth|Tangrowth, F|78\/100\n|move|p1a: Tyranitar|Stone Edge|p2a: Tangrowth\n|-damage|p2a: Tangrowth|31\/100\n|\n|-weather|Sandstorm|[upkeep]\n|-damage|p2a: Tangrowth|25\/100|[from] Sandstorm\n|upkeep\n|turn|10\n|\n|t:|1665397043\n|switch|p2a: landorustherian|Landorus-Therian, M|69\/100 tox\n|-ability|p2a: landorustherian|Intimidate|boost\n|-unboost|p1a: Tyranitar|atk|1\n|move|p1a: Tyranitar|Stone Edge|p2a: landorustherian\n|-damage|p2a: landorustherian|16\/100 tox\n|\n|-weather|none\n|-heal|p2a: landorustherian|22\/100 tox|[from] item: Leftovers\n|-damage|p2a: landorustherian|16\/100 tox|[from] psn\n|upkeep\n|turn|11\n|\n|t:|1665397044\n|switch|p2a: Tangrowth|Tangrowth, F|58\/100\n|move|p1a: Tyranitar|Stone Edge|p2a: Tangrowth|[miss]\n|-miss|p1a: Tyranitar|p2a: Tangrowth\n|\n|upkeep\n|turn|12\n|\n|t:|1665397047\n|switch|p1a: Tornadus|Tornadus-Therian, M|100\/100\n|switch|p2a: rotomwash|Rotom-Wash|100\/100\n|\n|upkeep\n|turn|13\n|\n|t:|1665397055\n|switch|p1a: Kommo-o|Kommo-o, M|56\/100 tox\n|move|p2a: rotomwash|Nasty Plot|p2a: rotomwash\n|-boost|p2a: rotomwash|spa|2\n|\n|-heal|p1a: Kommo-o|62\/100 tox|[from] item: Leftovers\n|-damage|p1a: Kommo-o|56\/100 tox|[from] psn\n|upkeep\n|turn|14\n|\n|t:|1665397057\n|move|p2a: rotomwash|Nasty Plot|p2a: rotomwash\n|-boost|p2a: rotomwash|spa|2\n|move|p1a: Kommo-o|Toxic|p2a: rotomwash\n|-status|p2a: rotomwash|tox\n|\n|-heal|p1a: Kommo-o|62\/100 tox|[from] item: Leftovers\n|-damage|p2a: rotomwash|94\/100 tox|[from] psn\n|-damage|p1a: Kommo-o|50\/100 tox|[from] psn\n|upkeep\n|turn|15\n|\n|t:|1665397071\n|switch|p1a: Slowbro|Slowbro, M|79\/100\n|move|p2a: rotomwash|Hydro Pump|p1a: Slowbro\n|-resisted|p1a: Slowbro\n|-damage|p1a: Slowbro|7\/100\n|\n|-heal|p2a: rotomwash|100\/100 tox|[from] item: Leftovers\n|-damage|p2a: rotomwash|88\/100 tox|[from] psn\n|upkeep\n|turn|16\n|\n|t:|1665397075\n|switch|p1a: Excadrill|Excadrill, M|100\/100\n|move|p2a: rotomwash|Hydro Pump|p1a: Excadrill|[miss]\n|-miss|p2a: rotomwash|p1a: Excadrill\n|\n|-heal|p2a: rotomwash|94\/100 tox|[from] item: Leftovers\n|-damage|p2a: rotomwash|75\/100 tox|[from] psn\n|upkeep\n|turn|17\n|\n|t:|1665397079\n|switch|p1a: Slowbro|Slowbro, M|41\/100\n|move|p2a: rotomwash|Hydro Pump|p1a: Slowbro\n|-resisted|p1a: Slowbro\n|-damage|p1a: Slowbro|0 fnt\n|faint|p1a: Slowbro\n|\n|-heal|p2a: rotomwash|82\/100 tox|[from] item: Leftovers\n|-damage|p2a: rotomwash|57\/100 tox|[from] psn\n|upkeep\n|j| Rookie55\n|\n|t:|1665397081\n|switch|p1a: Escavalier|Escavalier, M|100\/100\n|turn|18\n|\n|t:|1665397084\n|move|p1a: Escavalier|Protect|p1a: Escavalier\n|-singleturn|p1a: Escavalier|Protect\n|move|p2a: rotomwash|Hydro Pump|p1a: Escavalier\n|-activate|p1a: Escavalier|move: Protect\n|\n|-heal|p2a: rotomwash|63\/100 tox|[from] item: Leftovers\n|-damage|p2a: rotomwash|32\/100 tox|[from] psn\n|upkeep\n|turn|19\n|j| Quagshi\n|\n|t:|1665397091\n|switch|p1a: Kommo-o|Kommo-o, M|50\/100 tox\n|move|p2a: rotomwash|Pain Split|p1a: Kommo-o\n|-sethp|p1a: Kommo-o|38\/100 tox|[from] move: Pain Split|[silent]\n|-sethp|p2a: rotomwash|45\/100 tox|[from] move: Pain Split\n|\n|-heal|p2a: rotomwash|51\/100 tox|[from] item: Leftovers\n|-heal|p1a: Kommo-o|45\/100 tox|[from] item: Leftovers\n|-damage|p2a: rotomwash|13\/100 tox|[from] psn\n|-damage|p1a: Kommo-o|38\/100 tox|[from] psn\n|upkeep\n|turn|20\n|\n|t:|1665397094\n|move|p2a: rotomwash|Hydro Pump|p1a: Kommo-o\n|-resisted|p1a: Kommo-o\n|-damage|p1a: Kommo-o|0 fnt\n|faint|p1a: Kommo-o\n|\n|-heal|p2a: rotomwash|20\/100 tox|[from] item: Leftovers\n|-damage|p2a: rotomwash|0 fnt|[from] psn\n|faint|p2a: rotomwash\n|upkeep\n|\n|t:|1665397099\n|switch|p2a: Tangrowth|Tangrowth, F|91\/100\n|switch|p1a: Tornadus|Tornadus-Therian, M|100\/100\n|turn|21\n|\n|t:|1665397106\n|switch|p1a: Tyranitar|Tyranitar, F|100\/100\n|-weather|Sandstorm|[from] ability: Sand Stream|[of] p1a: Tyranitar\n|switch|p2a: landorustherian|Landorus-Therian, M|16\/100 tox\n|-ability|p2a: landorustherian|Intimidate|boost\n|-unboost|p1a: Tyranitar|atk|1\n|\n|-weather|Sandstorm|[upkeep]\n|-heal|p2a: landorustherian|22\/100 tox|[from] item: Leftovers\n|-damage|p2a: landorustherian|16\/100 tox|[from] psn\n|upkeep\n|turn|22\n|\n|t:|1665397109\n|switch|p2a: Tangrowth|Tangrowth, F|100\/100\n|switch|p1a: Tornadus|Tornadus-Therian, M|100\/100\n|\n|-weather|Sandstorm|[upkeep]\n|-damage|p1a: Tornadus|94\/100|[from] Sandstorm\n|-damage|p2a: Tangrowth|94\/100|[from] Sandstorm\n|upkeep\n|turn|23\n|\n|t:|1665397111\n|switch|p2a: landorustherian|Landorus-Therian, M|16\/100 tox\n|-ability|p2a: landorustherian|Intimidate|boost\n|-unboost|p1a: Tornadus|atk|1\n|move|p1a: Tornadus|Hurricane|p2a: landorustherian\n|-damage|p2a: landorustherian|0 fnt\n|faint|p2a: landorustherian\n|\n|-weather|Sandstorm|[upkeep]\n|-damage|p1a: Tornadus|88\/100|[from] Sandstorm\n|upkeep\n|\n|t:|1665397111\n|switch|p2a: Melmetal|Melmetal|11\/100\n|turn|24\n|\n|t:|1665397113\n|move|p1a: Tornadus|Heat Wave|p2a: Melmetal\n|-supereffective|p2a: Melmetal\n|-damage|p2a: Melmetal|0 fnt\n|faint|p2a: Melmetal\n|\n|-weather|Sandstorm|[upkeep]\n|-damage|p1a: Tornadus|82\/100|[from] Sandstorm\n|upkeep\n|\n|t:|1665397113\n|switch|p2a: Weavile|Weavile, F|100\/100\n|-ability|p2a: Weavile|Pressure\n|turn|25\n|\n|t:|1665397119\n|switch|p1a: Escavalier|Escavalier, M|100\/100\n|move|p2a: Weavile|Triple Axel|p1a: Escavalier\n|-resisted|p1a: Escavalier\n|-damage|p1a: Escavalier|93\/100\n|-resisted|p1a: Escavalier\n|-damage|p1a: Escavalier|77\/100\n|-resisted|p1a: Escavalier\n|-damage|p1a: Escavalier|52\/100\n|-hitcount|p1a: Escavalier|3\n|\n|-weather|none\n|-heal|p1a: Escavalier|58\/100|[from] item: Leftovers\n|upkeep\n|turn|26\n|\n|t:|1665397123\n|switch|p2a: Heatran|Heatran, M|100\/100\n|-item|p2a: Heatran|Air Balloon\n|switch|p1a: Tyranitar|Tyranitar, F|100\/100\n|-weather|Sandstorm|[from] ability: Sand Stream|[of] p1a: Tyranitar\n|\n|-weather|Sandstorm|[upkeep]\n|upkeep\n|turn|27\n|\n|t:|1665397126\n|switch|p2a: Tangrowth|Tangrowth, F|100\/100\n|move|p1a: Tyranitar|Stone Edge|p2a: Tangrowth\n|-damage|p2a: Tangrowth|57\/100\n|\n|-weather|Sandstorm|[upkeep]\n|-damage|p2a: Tangrowth|51\/100|[from] Sandstorm\n|upkeep\n|turn|28\n|\n|t:|1665397132\n|switch|p1a: Tornadus|Tornadus-Therian, M|100\/100\n|move|p2a: Tangrowth|Giga Drain|p1a: Tornadus\n|-resisted|p1a: Tornadus\n|-damage|p1a: Tornadus|85\/100\n|-heal|p2a: Tangrowth|58\/100|[from] drain|[of] p1a: Tornadus\n|\n|-weather|Sandstorm|[upkeep]\n|-damage|p1a: Tornadus|79\/100|[from] Sandstorm\n|-damage|p2a: Tangrowth|52\/100|[from] Sandstorm\n|upkeep\n|turn|29\n|\n|t:|1665397134\n|switch|p2a: Heatran|Heatran, M|100\/100\n|-item|p2a: Heatran|Air Balloon\n|move|p1a: Tornadus|Hurricane|p2a: Heatran\n|-resisted|p2a: Heatran\n|-damage|p2a: Heatran|77\/100\n|-enditem|p2a: Heatran|Air Balloon\n|\n|-weather|Sandstorm|[upkeep]\n|-damage|p1a: Tornadus|73\/100|[from] Sandstorm\n|upkeep\n|turn|30\n|\n|t:|1665397137\n|switch|p1a: Tyranitar|Tyranitar, F|100\/100\n|move|p2a: Heatran|Magma Storm|p1a: Tyranitar\n|-resisted|p1a: Tyranitar\n|-damage|p1a: Tyranitar|86\/100\n|-activate|p1a: Tyranitar|move: Magma Storm|[of] p2a: Heatran\n|\n|-weather|none\n|-damage|p1a: Tyranitar|73\/100|[from] move: Magma Storm|[partiallytrapped]\n|upkeep\n|turn|31\n|\n|t:|1665397140\n|move|p2a: Heatran|Earth Power|p1a: Tyranitar\n|-supereffective|p1a: Tyranitar\n|-damage|p1a: Tyranitar|17\/100\n|move|p1a: Tyranitar|Crunch|p2a: Heatran\n|-damage|p2a: Heatran|9\/100\n|\n|-damage|p1a: Tyranitar|5\/100|[from] move: Magma Storm|[partiallytrapped]\n|upkeep\n|turn|32\n|\n|t:|1665397142\n|move|p2a: Heatran|Magma Storm|p1a: Tyranitar\n|-resisted|p1a: Tyranitar\n|-damage|p1a: Tyranitar|0 fnt\n|faint|p1a: Tyranitar\n|\n|upkeep\n|\n|t:|1665397146\n|switch|p1a: Excadrill|Excadrill, M|100\/100\n|turn|33\n|\n|t:|1665397149\n|switch|p2a: Tangrowth|Tangrowth, F|85\/100\n|move|p1a: Excadrill|Rock Slide|p2a: Tangrowth\n|-damage|p2a: Tangrowth|71\/100\n|\n|upkeep\n|turn|34\n|\n|t:|1665397151\n|switch|p1a: Tornadus|Tornadus-Therian, M|100\/100\n|move|p2a: Tangrowth|Knock Off|p1a: Tornadus\n|-damage|p1a: Tornadus|74\/100\n|-enditem|p1a: Tornadus|Heavy-Duty Boots|[from] move: Knock Off|[of] p2a: Tangrowth\n|\n|upkeep\n|turn|35\n|\n|t:|1665397153\n|switch|p2a: Heatran|Heatran, M|9\/100\n|move|p1a: Tornadus|Hurricane|p2a: Heatran\n|-resisted|p2a: Heatran\n|-damage|p2a: Heatran|0 fnt\n|faint|p2a: Heatran\n|\n|upkeep\n|\n|t:|1665397153\n|switch|p2a: Weavile|Weavile, F|100\/100\n|-ability|p2a: Weavile|Pressure\n|turn|36\n|\n|t:|1665397156\n|switch|p1a: Excadrill|Excadrill, M|100\/100\n|move|p2a: Weavile|Triple Axel|p1a: Excadrill\n|-damage|p1a: Excadrill|78\/100\n|-damage|p1a: Excadrill|37\/100\n|-damage|p1a: Excadrill|0 fnt\n|faint|p1a: Excadrill\n|-hitcount|p1: Excadrill|3\n|\n|upkeep\n|\n|t:|1665397159\n|switch|p1a: Escavalier|Escavalier, M|58\/100\n|turn|37\n|\n|t:|1665397164\n|switch|p2a: Tangrowth|Tangrowth, F|100\/100\n|move|p1a: Escavalier|Megahorn|p2a: Tangrowth\n|-supereffective|p2a: Tangrowth\n|-damage|p2a: Tangrowth|23\/100\n|-damage|p1a: Escavalier|41\/100|[from] item: Rocky Helmet|[of] p2a: Tangrowth\n|\n|-heal|p1a: Escavalier|47\/100|[from] item: Leftovers\n|upkeep\n|turn|38\n|\n|t:|1665397166\n|move|p1a: Escavalier|Protect|p1a: Escavalier\n|-singleturn|p1a: Escavalier|Protect\n|move|p2a: Tangrowth|Knock Off|p1a: Escavalier\n|-activate|p1a: Escavalier|move: Protect\n|\n|-heal|p1a: Escavalier|53\/100|[from] item: Leftovers\n|upkeep\n|turn|39\n|\n|t:|1665397168\n|switch|p1a: Tornadus|Tornadus-Therian, M|100\/100\n|move|p2a: Tangrowth|Knock Off|p1a: Tornadus\n|-damage|p1a: Tornadus|82\/100\n|\n|upkeep\n|turn|40\n|\n|t:|1665397171\n|move|p1a: Tornadus|Heat Wave|p2a: Tangrowth\n|-supereffective|p2a: Tangrowth\n|-damage|p2a: Tangrowth|0 fnt\n|faint|p2a: Tangrowth\n|\n|upkeep\n|\n|t:|1665397171\n|switch|p2a: Weavile|Weavile, F|100\/100\n|-ability|p2a: Weavile|Pressure\n|turn|41\n|\n|t:|1665397173\n|move|p2a: Weavile|Triple Axel|p1a: Tornadus\n|-supereffective|p1a: Tornadus\n|-damage|p1a: Tornadus|48\/100\n|-supereffective|p1a: Tornadus\n|-damage|p1a: Tornadus|0 fnt\n|faint|p1a: Tornadus\n|-hitcount|p1: Tornadus|2\n|\n|upkeep\n|\n|t:|1665397174\n|switch|p1a: Escavalier|Escavalier, M|53\/100\n|turn|42\n|\n|t:|1665397176\n|move|p1a: Escavalier|Protect|p1a: Escavalier\n|-singleturn|p1a: Escavalier|Protect\n|move|p2a: Weavile|Triple Axel|p1a: Escavalier\n|-activate|p1a: Escavalier|move: Protect\n|\n|-heal|p1a: Escavalier|59\/100|[from] item: Leftovers\n|upkeep\n|turn|43\n|\n|t:|1665397178\n|move|p2a: Weavile|Triple Axel|p1a: Escavalier\n|-resisted|p1a: Escavalier\n|-damage|p1a: Escavalier|52\/100\n|-resisted|p1a: Escavalier\n|-damage|p1a: Escavalier|37\/100\n|-resisted|p1a: Escavalier\n|-damage|p1a: Escavalier|14\/100\n|-hitcount|p1a: Escavalier|3\n|move|p1a: Escavalier|Iron Head|p2a: Weavile\n|-supereffective|p2a: Weavile\n|-damage|p2a: Weavile|0 fnt\n|faint|p2a: Weavile\n|\n|win|smoglin doglin\n|raw|smoglin doglin's rating: 1708 &rarr; <strong>1726<\/strong><br \/>(+18 for winning)\n|raw|minimax_ai's rating: 1675 &rarr; <strong>1657<\/strong><br \/>(-18 for losing)\n|c|\u2606minimax_ai|gg\n","uploadtime":1665397179,"views":24,"p1id":"smoglindoglin","p2id":"minimaxai","formatid":"gen8ou","rating":1657,"private":0,"password":null}