{"id":"gen8ou-1639197966","p1":"dracaufeu shiny","p2":"gitt guud","format":"gen8ou","log":"|j|\u2606dracaufeu shiny\n|j|\u2606gitt guud\n|t:|1660443485\n|gametype|singles\n|player|p1|dracaufeu shiny|red|1459\n|player|p2|gitt guud|acetrainer-gen4dp|1482\n|teamsize|p1|6\n|teamsize|p2|6\n|gen|8\n|tier|[Gen 8] OU\n|rated|\n|rule|Sleep Clause Mod: Limit one foe put to sleep\n|rule|Species Clause: Limit one of each Pok\u00e9mon\n|rule|OHKO Clause: OHKO moves are banned\n|rule|Evasion Items Clause: Evasion items are banned\n|rule|Evasion Moves Clause: Evasion moves are banned\n|rule|Endless Battle Clause: Forcing endless battles is banned\n|rule|HP Percentage Mod: HP is shown in percentages\n|rule|Dynamax Clause: You cannot dynamax\n|clearpoke\n|poke|p1|Heatran, F|\n|poke|p1|Tapu Lele|\n|poke|p1|Landorus-Therian, M|\n|poke|p1|Tornadus-Therian, M|\n|poke|p1|Ferrothorn, F|\n|poke|p1|Dragapult, M|\n|poke|p2|Chansey, F|\n|poke|p2|Landorus-Therian, M|\n|poke|p2|Toxapex, M|\n|poke|p2|Dragapult, M|\n|poke|p2|Corviknight, M|\n|poke|p2|Ditto|\n|teampreview\n|inactive|Battle timer is ON: inactive players will automatically lose when time's up. (requested by gitt guud)\n|\n|t:|1660443498\n|start\n|switch|p1a: Tornadus|Tornadus-Therian, M|100\/100\n|switch|p2a: Dragapult|Dragapult, M|100\/100\n|turn|1\n|\n|t:|1660443503\n|move|p2a: Dragapult|Substitute|p2a: Dragapult\n|-start|p2a: Dragapult|Substitute\n|-damage|p2a: Dragapult|76\/100\n|move|p1a: Tornadus|Knock Off|p2a: Dragapult\n|-supereffective|p2a: Dragapult\n|-end|p2a: Dragapult|Substitute\n|\n|-heal|p2a: Dragapult|82\/100|[from] item: Leftovers\n|upkeep\n|turn|2\n|\n|t:|1660443508\n|switch|p2a: Toxapex|Toxapex, M, shiny|100\/100\n|move|p1a: Tornadus|Knock Off|p2a: Toxapex\n|-damage|p2a: Toxapex|89\/100\n|-damage|p1a: Tornadus|84\/100|[from] item: Rocky Helmet|[of] p2a: Toxapex\n|-enditem|p2a: Toxapex|Rocky Helmet|[from] move: Knock Off|[of] p1a: Tornadus\n|\n|upkeep\n|turn|3\n|\n|t:|1660443515\n|move|p1a: Tornadus|U-turn|p2a: Toxapex\n|-resisted|p2a: Toxapex\n|-damage|p2a: Toxapex|85\/100\n|\n|t:|1660443519\n|switch|p1a: Ferrothorn|Ferrothorn, F|100\/100|[from]move: U-turn\n|move|p2a: Toxapex|Toxic Spikes|p1a: Ferrothorn\n|-sidestart|p1: dracaufeu shiny|move: Toxic Spikes\n|\n|upkeep\n|turn|4\n|\n|t:|1660443523\n|move|p2a: Toxapex|Toxic Spikes|p1a: Ferrothorn\n|-sidestart|p1: dracaufeu shiny|move: Toxic Spikes\n|move|p1a: Ferrothorn|Leech Seed|p2a: Toxapex\n|-start|p2a: Toxapex|move: Leech Seed\n|\n|-damage|p2a: Toxapex|72\/100|[from] Leech Seed|[of] p1a: Ferrothorn\n|upkeep\n|turn|5\n|\n|t:|1660443525\n|move|p2a: Toxapex|Scald|p1a: Ferrothorn\n|-resisted|p1a: Ferrothorn\n|-damage|p1a: Ferrothorn|94\/100\n|move|p1a: Ferrothorn|Stealth Rock|p2a: Toxapex\n|-sidestart|p2: gitt guud|move: Stealth Rock\n|\n|-heal|p1a: Ferrothorn|99\/100|[from] item: Leftovers\n|-damage|p2a: Toxapex|60\/100|[from] Leech Seed|[of] p1a: Ferrothorn\n|-heal|p1a: Ferrothorn|100\/100|[silent]\n|upkeep\n|turn|6\n|\n|t:|1660443528\n|move|p2a: Toxapex|Scald|p1a: Ferrothorn\n|-resisted|p1a: Ferrothorn\n|-damage|p1a: Ferrothorn|94\/100\n|move|p1a: Ferrothorn|Leech Seed||[still]\n|-fail|p1a: Ferrothorn\n|\n|-heal|p1a: Ferrothorn|99\/100|[from] item: Leftovers\n|-damage|p2a: Toxapex|47\/100|[from] Leech Seed|[of] p1a: Ferrothorn\n|-heal|p1a: Ferrothorn|100\/100|[silent]\n|upkeep\n|turn|7\n|\n|t:|1660443532\n|move|p2a: Toxapex|Recover|p2a: Toxapex\n|-heal|p2a: Toxapex|97\/100\n|move|p1a: Ferrothorn|Knock Off|p2a: Toxapex\n|-damage|p2a: Toxapex|89\/100\n|\n|-damage|p2a: Toxapex|76\/100|[from] Leech Seed|[of] p1a: Ferrothorn\n|upkeep\n|turn|8\n|\n|t:|1660443535\n|move|p2a: Toxapex|Scald|p1a: Ferrothorn\n|-resisted|p1a: Ferrothorn\n|-damage|p1a: Ferrothorn|93\/100\n|move|p1a: Ferrothorn|Leech Seed||[still]\n|-fail|p1a: Ferrothorn\n|\n|-heal|p1a: Ferrothorn|99\/100|[from] item: Leftovers\n|-damage|p2a: Toxapex|64\/100|[from] Leech Seed|[of] p1a: Ferrothorn\n|-heal|p1a: Ferrothorn|100\/100|[silent]\n|upkeep\n|turn|9\n|\n|t:|1660443539\n|move|p2a: Toxapex|Scald|p1a: Ferrothorn\n|-resisted|p1a: Ferrothorn\n|-damage|p1a: Ferrothorn|94\/100\n|move|p1a: Ferrothorn|Knock Off|p2a: Toxapex\n|-damage|p2a: Toxapex|55\/100\n|\n|-heal|p1a: Ferrothorn|99\/100|[from] item: Leftovers\n|-damage|p2a: Toxapex|43\/100|[from] Leech Seed|[of] p1a: Ferrothorn\n|-heal|p1a: Ferrothorn|100\/100|[silent]\n|upkeep\n|turn|10\n|\n|t:|1660443541\n|move|p2a: Toxapex|Recover|p2a: Toxapex\n|-heal|p2a: Toxapex|93\/100\n|move|p1a: Ferrothorn|Knock Off|p2a: Toxapex\n|-damage|p2a: Toxapex|85\/100\n|\n|-damage|p2a: Toxapex|73\/100|[from] Leech Seed|[of] p1a: Ferrothorn\n|upkeep\n|turn|11\n|\n|t:|1660443543\n|move|p2a: Toxapex|Scald|p1a: Ferrothorn\n|-resisted|p1a: Ferrothorn\n|-damage|p1a: Ferrothorn|94\/100\n|move|p1a: Ferrothorn|Body Press|p2a: Toxapex\n|-resisted|p2a: Toxapex\n|-damage|p2a: Toxapex|63\/100\n|\n|-heal|p1a: Ferrothorn|99\/100|[from] item: Leftovers\n|-damage|p2a: Toxapex|50\/100|[from] Leech Seed|[of] p1a: Ferrothorn\n|-heal|p1a: Ferrothorn|100\/100|[silent]\n|upkeep\n|turn|12\n|\n|t:|1660443545\n|move|p2a: Toxapex|Scald|p1a: Ferrothorn\n|-resisted|p1a: Ferrothorn\n|-damage|p1a: Ferrothorn|94\/100\n|move|p1a: Ferrothorn|Leech Seed||[still]\n|-fail|p1a: Ferrothorn\n|\n|-heal|p1a: Ferrothorn|99\/100|[from] item: Leftovers\n|-damage|p2a: Toxapex|38\/100|[from] Leech Seed|[of] p1a: Ferrothorn\n|-heal|p1a: Ferrothorn|100\/100|[silent]\n|upkeep\n|turn|13\n|\n|t:|1660443547\n|move|p2a: Toxapex|Recover|p2a: Toxapex\n|-heal|p2a: Toxapex|88\/100\n|move|p1a: Ferrothorn|Body Press|p2a: Toxapex\n|-resisted|p2a: Toxapex\n|-damage|p2a: Toxapex|79\/100\n|\n|-damage|p2a: Toxapex|66\/100|[from] Leech Seed|[of] p1a: Ferrothorn\n|upkeep\n|turn|14\n|\n|t:|1660443550\n|move|p2a: Toxapex|Scald|p1a: Ferrothorn\n|-resisted|p1a: Ferrothorn\n|-damage|p1a: Ferrothorn|93\/100\n|move|p1a: Ferrothorn|Body Press|p2a: Toxapex\n|-resisted|p2a: Toxapex\n|-damage|p2a: Toxapex|57\/100\n|\n|-heal|p1a: Ferrothorn|99\/100|[from] item: Leftovers\n|-damage|p2a: Toxapex|45\/100|[from] Leech Seed|[of] p1a: Ferrothorn\n|-heal|p1a: Ferrothorn|100\/100|[silent]\n|upkeep\n|turn|15\n|c|\u2606gitt guud|FKIGN BURRNNN\n|\n|t:|1660443557\n|move|p2a: Toxapex|Recover|p2a: Toxapex\n|-heal|p2a: Toxapex|95\/100\n|move|p1a: Ferrothorn|Leech Seed||[still]\n|-fail|p1a: Ferrothorn\n|\n|-damage|p2a: Toxapex|82\/100|[from] Leech Seed|[of] p1a: Ferrothorn\n|upkeep\n|turn|16\n|\n|t:|1660443562\n|move|p2a: Toxapex|Scald|p1a: Ferrothorn\n|-resisted|p1a: Ferrothorn\n|-damage|p1a: Ferrothorn|93\/100\n|move|p1a: Ferrothorn|Knock Off|p2a: Toxapex\n|-damage|p2a: Toxapex|74\/100\n|\n|-heal|p1a: Ferrothorn|99\/100|[from] item: Leftovers\n|-damage|p2a: Toxapex|61\/100|[from] Leech Seed|[of] p1a: Ferrothorn\n|-heal|p1a: Ferrothorn|100\/100|[silent]\n|upkeep\n|turn|17\n|\n|t:|1660443564\n|move|p2a: Toxapex|Scald|p1a: Ferrothorn\n|-resisted|p1a: Ferrothorn\n|-damage|p1a: Ferrothorn|93\/100\n|-status|p1a: Ferrothorn|brn\n|move|p1a: Ferrothorn|Knock Off|p2a: Toxapex\n|-damage|p2a: Toxapex|57\/100\n|\n|-heal|p1a: Ferrothorn|99\/100 brn|[from] item: Leftovers\n|-damage|p2a: Toxapex|44\/100|[from] Leech Seed|[of] p1a: Ferrothorn\n|-heal|p1a: Ferrothorn|100\/100 brn|[silent]\n|-damage|p1a: Ferrothorn|94\/100 brn|[from] brn\n|upkeep\n|turn|18\n|\n|t:|1660443566\n|move|p2a: Toxapex|Recover|p2a: Toxapex\n|-heal|p2a: Toxapex|94\/100\n|move|p1a: Ferrothorn|Knock Off|p2a: Toxapex\n|-damage|p2a: Toxapex|90\/100\n|\n|-heal|p1a: Ferrothorn|100\/100 brn|[from] item: Leftovers\n|-damage|p2a: Toxapex|77\/100|[from] Leech Seed|[of] p1a: Ferrothorn\n|-damage|p1a: Ferrothorn|94\/100 brn|[from] brn\n|upkeep\n|turn|19\n|\n|t:|1660443576\n|move|p2a: Toxapex|Scald|p1a: Ferrothorn\n|-resisted|p1a: Ferrothorn\n|-damage|p1a: Ferrothorn|87\/100 brn\n|move|p1a: Ferrothorn|Knock Off|p2a: Toxapex\n|-damage|p2a: Toxapex|73\/100\n|\n|-heal|p1a: Ferrothorn|93\/100 brn|[from] item: Leftovers\n|-damage|p2a: Toxapex|61\/100|[from] Leech Seed|[of] p1a: Ferrothorn\n|-heal|p1a: Ferrothorn|100\/100 brn|[silent]\n|-damage|p1a: Ferrothorn|94\/100 brn|[from] brn\n|upkeep\n|turn|20\n|\n|t:|1660443580\n|move|p2a: Toxapex|Scald|p1a: Ferrothorn\n|-resisted|p1a: Ferrothorn\n|-damage|p1a: Ferrothorn|87\/100 brn\n|move|p1a: Ferrothorn|Knock Off|p2a: Toxapex\n|-damage|p2a: Toxapex|56\/100\n|\n|-heal|p1a: Ferrothorn|93\/100 brn|[from] item: Leftovers\n|-damage|p2a: Toxapex|44\/100|[from] Leech Seed|[of] p1a: Ferrothorn\n|-heal|p1a: Ferrothorn|100\/100 brn|[silent]\n|-damage|p1a: Ferrothorn|94\/100 brn|[from] brn\n|upkeep\n|turn|21\n|\n|t:|1660443583\n|move|p2a: Toxapex|Recover|p2a: Toxapex\n|-heal|p2a: Toxapex|94\/100\n|move|p1a: Ferrothorn|Knock Off|p2a: Toxapex\n|-damage|p2a: Toxapex|89\/100\n|\n|-heal|p1a: Ferrothorn|100\/100 brn|[from] item: Leftovers\n|-damage|p2a: Toxapex|77\/100|[from] Leech Seed|[of] p1a: Ferrothorn\n|-damage|p1a: Ferrothorn|94\/100 brn|[from] brn\n|upkeep\n|turn|22\n|\n|t:|1660443589\n|switch|p2a: Landorus|Landorus-Therian, M|100\/100\n|-damage|p2a: Landorus|88\/100|[from] Stealth Rock\n|-ability|p2a: Landorus|Intimidate|boost\n|-unboost|p1a: Ferrothorn|atk|1\n|move|p1a: Ferrothorn|Knock Off|p2a: Landorus\n|-damage|p2a: Landorus|81\/100\n|-enditem|p2a: Landorus|Leftovers|[from] move: Knock Off|[of] p1a: Ferrothorn\n|\n|-heal|p1a: Ferrothorn|100\/100 brn|[from] item: Leftovers\n|-damage|p1a: Ferrothorn|94\/100 brn|[from] brn\n|upkeep\n|turn|23\n|\n|t:|1660443594\n|move|p2a: Landorus|Earthquake|p1a: Ferrothorn\n|-damage|p1a: Ferrothorn|61\/100 brn\n|move|p1a: Ferrothorn|Leech Seed|p2a: Landorus\n|-start|p2a: Landorus|move: Leech Seed\n|\n|-heal|p1a: Ferrothorn|67\/100 brn|[from] item: Leftovers\n|-damage|p2a: Landorus|69\/100|[from] Leech Seed|[of] p1a: Ferrothorn\n|-heal|p1a: Ferrothorn|80\/100 brn|[silent]\n|-damage|p1a: Ferrothorn|74\/100 brn|[from] brn\n|upkeep\n|turn|24\n|\n|t:|1660443604\n|switch|p2a: Toxapex|Toxapex, M, shiny|100\/100\n|-damage|p2a: Toxapex|88\/100|[from] Stealth Rock\n|switch|p1a: Landorus|Landorus-Therian, M|100\/100\n|-ability|p1a: Landorus|Intimidate|boost\n|-unboost|p2a: Toxapex|atk|1\n|\n|upkeep\n|turn|25\n|\n|t:|1660443607\n|move|p1a: Landorus|Earthquake|p2a: Toxapex\n|-supereffective|p2a: Toxapex\n|-damage|p2a: Toxapex|35\/100\n|move|p2a: Toxapex|Scald|p1a: Landorus\n|-supereffective|p1a: Landorus\n|-damage|p1a: Landorus|75\/100\n|-status|p1a: Landorus|brn\n|\n|-heal|p1a: Landorus|81\/100 brn|[from] item: Leftovers\n|-damage|p1a: Landorus|75\/100 brn|[from] brn\n|upkeep\n|turn|26\n|\n|t:|1660443612\n|move|p1a: Landorus|Defog|p2a: Toxapex\n|-unboost|p2a: Toxapex|evasion|1\n|-sideend|p2: gitt guud|Stealth Rock|[from] move: Defog|[of] p1a: Landorus\n|-sideend|p1: dracaufeu shiny|Toxic Spikes|[from] move: Defog|[of] p1a: Landorus\n|move|p2a: Toxapex|Recover|p2a: Toxapex\n|-heal|p2a: Toxapex|85\/100\n|\n|-heal|p1a: Landorus|81\/100 brn|[from] item: Leftovers\n|-damage|p1a: Landorus|75\/100 brn|[from] brn\n|upkeep\n|turn|27\n|\n|t:|1660443616\n|move|p1a: Landorus|Earthquake|p2a: Toxapex\n|-supereffective|p2a: Toxapex\n|-damage|p2a: Toxapex|57\/100\n|move|p2a: Toxapex|Toxic Spikes|p1a: Landorus\n|-sidestart|p1: dracaufeu shiny|move: Toxic Spikes\n|\n|-heal|p1a: Landorus|81\/100 brn|[from] item: Leftovers\n|-damage|p1a: Landorus|75\/100 brn|[from] brn\n|upkeep\n|turn|28\n|\n|t:|1660443624\n|switch|p1a: Heatran|Heatran, F|100\/100\n|move|p2a: Toxapex|Recover|p2a: Toxapex\n|-heal|p2a: Toxapex|100\/100\n|\n|upkeep\n|turn|29\n|\n|t:|1660443631\n|switch|p2a: Dragapult|Dragapult, M|82\/100\n|move|p1a: Heatran|Magma Storm|p2a: Dragapult\n|-resisted|p2a: Dragapult\n|-damage|p2a: Dragapult|57\/100\n|-activate|p2a: Dragapult|move: Magma Storm|[of] p1a: Heatran\n|\n|-heal|p2a: Dragapult|63\/100|[from] item: Leftovers\n|-damage|p2a: Dragapult|51\/100|[from] move: Magma Storm|[partiallytrapped]\n|upkeep\n|turn|30\n|\n|t:|1660443647\n|move|p2a: Dragapult|Thunder Wave|p1a: Heatran\n|-status|p1a: Heatran|par\n|move|p1a: Heatran|Heavy Slam|p2a: Dragapult\n|-damage|p2a: Dragapult|12\/100\n|\n|-heal|p2a: Dragapult|18\/100|[from] item: Leftovers\n|-damage|p2a: Dragapult|5\/100|[from] move: Magma Storm|[partiallytrapped]\n|upkeep\n|turn|31\n|\n|t:|1660443657\n|switch|p2a: Chansey|Chansey, F|100\/100\n|move|p1a: Heatran|Heavy Slam|p2a: Chansey\n|-damage|p2a: Chansey|78\/100\n|\n|upkeep\n|turn|32\n|\n|t:|1660443661\n|move|p2a: Chansey|Wish|p2a: Chansey\n|move|p1a: Heatran|Taunt|p2a: Chansey\n|-start|p2a: Chansey|move: Taunt\n|\n|upkeep\n|turn|33\n|\n|t:|1660443669\n|switch|p2a: Landorus|Landorus-Therian, M|69\/100\n|-ability|p2a: Landorus|Intimidate|boost\n|-unboost|p1a: Heatran|atk|1\n|move|p1a: Heatran|Magma Storm|p2a: Landorus\n|-damage|p2a: Landorus|25\/100\n|-activate|p2a: Landorus|move: Magma Storm|[of] p1a: Heatran\n|\n|-heal|p2a: Landorus|100\/100|[from] move: Wish|[wisher] Chansey\n|-damage|p2a: Landorus|88\/100|[from] move: Magma Storm|[partiallytrapped]\n|upkeep\n|turn|34\n|\n|t:|1660443679\n|switch|p1a: Landorus|Landorus-Therian, M|75\/100 brn\n|-ability|p1a: Landorus|Intimidate|boost\n|-unboost|p2a: Landorus|atk|1\n|move|p2a: Landorus|U-turn|p1a: Landorus\n|-resisted|p1a: Landorus\n|-crit|p1a: Landorus\n|-damage|p1a: Landorus|54\/100 brn\n|\n|t:|1660443684\n|switch|p2a: Dragapult|Dragapult, M|5\/100|[from]move: U-turn\n|\n|-heal|p2a: Dragapult|11\/100|[from] item: Leftovers\n|-heal|p1a: Landorus|60\/100 brn|[from] item: Leftovers\n|-damage|p1a: Landorus|54\/100 brn|[from] brn\n|upkeep\n|turn|35\n|\n|t:|1660443689\n|move|p2a: Dragapult|Hex|p1a: Landorus\n|-damage|p1a: Landorus|19\/100 brn\n|move|p1a: Landorus|U-turn|p2a: Dragapult\n|-resisted|p2a: Dragapult\n|-damage|p2a: Dragapult|5\/100\n|\n|t:|1660443695\n|switch|p1a: Tapu Lele|Tapu Lele|100\/100|[from]move: U-turn\n|-status|p1a: Tapu Lele|psn\n|-fieldstart|move: Psychic Terrain|[from] ability: Psychic Surge|[of] p1a: Tapu Lele\n|\n|-heal|p2a: Dragapult|11\/100|[from] item: Leftovers\n|-damage|p1a: Tapu Lele|88\/100 psn|[from] psn\n|upkeep\n|turn|36\n|\n|t:|1660443700\n|move|p1a: Tapu Lele|Psyshock|p2a: Dragapult\n|-damage|p2a: Dragapult|0 fnt\n|faint|p2a: Dragapult\n|\n|-damage|p1a: Tapu Lele|76\/100 psn|[from] psn\n|upkeep\n|\n|t:|1660443706\n|switch|p2a: Corviknight|Corviknight, M|100\/100\n|-ability|p2a: Corviknight|Pressure\n|turn|37\n|\n|t:|1660443713\n|switch|p1a: Landorus|Landorus-Therian, M|19\/100 brn\n|-ability|p1a: Landorus|Intimidate|boost\n|-unboost|p2a: Corviknight|atk|1\n|move|p2a: Corviknight|U-turn|p1a: Landorus\n|-resisted|p1a: Landorus\n|-damage|p1a: Landorus|14\/100 brn\n|\n|t:|1660443719\n|switch|p2a: Ditto|Ditto|100\/100|[from]move: U-turn\n|-transform|p2a: Ditto|p1a: Landorus|[from] ability: Imposter\n|-ability|p2a: Ditto|Intimidate|boost\n|-unboost|p1a: Landorus|atk|1\n|\n|-heal|p1a: Landorus|20\/100 brn|[from] item: Leftovers\n|-damage|p1a: Landorus|14\/100 brn|[from] brn\n|upkeep\n|turn|38\n|\n|t:|1660443728\n|move|p2a: Ditto|U-turn|p1a: Landorus\n|-resisted|p1a: Landorus\n|-damage|p1a: Landorus|4\/100 brn\n|\n|t:|1660443735\n|switch|p2a: Corviknight|Corviknight, M|100\/100|[from]move: U-turn\n|-ability|p2a: Corviknight|Pressure\n|move|p1a: Landorus|Defog|p2a: Corviknight\n|-unboost|p2a: Corviknight|evasion|1\n|-sideend|p1: dracaufeu shiny|Toxic Spikes|[from] move: Defog|[of] p1a: Landorus\n|-fieldend|move: Psychic Terrain\n|\n|-heal|p1a: Landorus|10\/100 brn|[from] item: Leftovers\n|-damage|p1a: Landorus|4\/100 brn|[from] brn\n|upkeep\n|turn|39\n|\n|t:|1660443742\n|move|p2a: Corviknight|Body Press|p1a: Landorus\n|-resisted|p1a: Landorus\n|-damage|p1a: Landorus|0 fnt\n|faint|p1a: Landorus\n|\n|upkeep\n|\n|t:|1660443746\n|switch|p1a: Heatran|Heatran, F|100\/100 par\n|turn|40\n|\n|t:|1660443759\n|move|p2a: Corviknight|U-turn|p1a: Heatran\n|-resisted|p1a: Heatran\n|-damage|p1a: Heatran|97\/100 par\n|\n|t:|1660443761\n|switch|p2a: Chansey|Chansey, F|78\/100|[from]move: U-turn\n|move|p1a: Heatran|Magma Storm|p2a: Chansey|[miss]\n|-miss|p1a: Heatran|p2a: Chansey\n|\n|-heal|p1a: Heatran|100\/100 par|[from] item: Leftovers\n|upkeep\n|turn|41\n|\n|t:|1660443769\n|move|p2a: Chansey|Seismic Toss|p1a: Heatran\n|-damage|p1a: Heatran|75\/100 par\n|move|p1a: Heatran|Magma Storm|p2a: Chansey|[miss]\n|-miss|p1a: Heatran|p2a: Chansey\n|\n|-heal|p1a: Heatran|81\/100 par|[from] item: Leftovers\n|upkeep\n|turn|42\n|\n|t:|1660443772\n|move|p2a: Chansey|Seismic Toss|p1a: Heatran\n|-damage|p1a: Heatran|55\/100 par\n|move|p1a: Heatran|Magma Storm|p2a: Chansey\n|-damage|p2a: Chansey|65\/100\n|-activate|p2a: Chansey|move: Magma Storm|[of] p1a: Heatran\n|\n|-heal|p1a: Heatran|61\/100 par|[from] item: Leftovers\n|-damage|p2a: Chansey|53\/100|[from] move: Magma Storm|[partiallytrapped]\n|upkeep\n|turn|43\n|\n|t:|1660443775\n|move|p2a: Chansey|Soft-Boiled|p2a: Chansey\n|-heal|p2a: Chansey|100\/100\n|move|p1a: Heatran|Taunt|p2a: Chansey\n|-start|p2a: Chansey|move: Taunt\n|\n|-heal|p1a: Heatran|67\/100 par|[from] item: Leftovers\n|-damage|p2a: Chansey|88\/100|[from] move: Magma Storm|[partiallytrapped]\n|upkeep\n|turn|44\n|\n|t:|1660443778\n|move|p2a: Chansey|Seismic Toss|p1a: Heatran\n|-damage|p1a: Heatran|41\/100 par\n|cant|p1a: Heatran|par\n|\n|-heal|p1a: Heatran|48\/100 par|[from] item: Leftovers\n|-damage|p2a: Chansey|76\/100|[from] move: Magma Storm|[partiallytrapped]\n|upkeep\n|turn|45\n|\n|t:|1660443784\n|move|p2a: Chansey|Seismic Toss|p1a: Heatran\n|-damage|p1a: Heatran|22\/100 par\n|move|p1a: Heatran|Heavy Slam|p2a: Chansey\n|-damage|p2a: Chansey|52\/100\n|\n|-heal|p1a: Heatran|28\/100 par|[from] item: Leftovers\n|-damage|p2a: Chansey|40\/100|[from] move: Magma Storm|[partiallytrapped]\n|upkeep\n|turn|46\n|\n|t:|1660443788\n|move|p2a: Chansey|Seismic Toss|p1a: Heatran\n|-damage|p1a: Heatran|2\/100 par\n|move|p1a: Heatran|Heavy Slam|p2a: Chansey\n|-damage|p2a: Chansey|17\/100\n|\n|-heal|p1a: Heatran|8\/100 par|[from] item: Leftovers\n|-damage|p2a: Chansey|4\/100|[from] move: Magma Storm|[partiallytrapped]\n|-end|p2a: Chansey|move: Taunt\n|upkeep\n|turn|47\n|\n|t:|1660443799\n|switch|p1a: Tornadus|Tornadus-Therian, M|100\/100\n|move|p2a: Chansey|Soft-Boiled|p2a: Chansey\n|-heal|p2a: Chansey|54\/100\n|\n|-end|p2a: Chansey|Magma Storm|[partiallytrapped]\n|upkeep\n|turn|48\n|\n|t:|1660443803\n|switch|p2a: Toxapex|Toxapex, M, shiny|100\/100\n|move|p1a: Tornadus|Knock Off|p2a: Toxapex\n|-damage|p2a: Toxapex|92\/100\n|\n|upkeep\n|turn|49\n|\n|t:|1660443810\n|switch|p1a: Ferrothorn|Ferrothorn, F|74\/100 brn\n|move|p2a: Toxapex|Toxic Spikes|p1a: Ferrothorn\n|-sidestart|p1: dracaufeu shiny|move: Toxic Spikes\n|\n|-heal|p1a: Ferrothorn|80\/100 brn|[from] item: Leftovers\n|-damage|p1a: Ferrothorn|74\/100 brn|[from] brn\n|upkeep\n|turn|50\n|\n|t:|1660443816\n|move|p2a: Toxapex|Toxic Spikes|p1a: Ferrothorn\n|-sidestart|p1: dracaufeu shiny|move: Toxic Spikes\n|move|p1a: Ferrothorn|Leech Seed|p2a: Toxapex\n|-start|p2a: Toxapex|move: Leech Seed\n|\n|-heal|p1a: Ferrothorn|80\/100 brn|[from] item: Leftovers\n|-damage|p2a: Toxapex|79\/100|[from] Leech Seed|[of] p1a: Ferrothorn\n|-heal|p1a: Ferrothorn|91\/100 brn|[silent]\n|-damage|p1a: Ferrothorn|85\/100 brn|[from] brn\n|upkeep\n|turn|51\n|\n|t:|1660443822\n|switch|p2a: Ditto|Ditto|100\/100\n|-transform|p2a: Ditto|p1a: Ferrothorn|[from] ability: Imposter\n|move|p1a: Ferrothorn|Knock Off|p2a: Ditto\n|-damage|p2a: Ditto|94\/100\n|-damage|p1a: Ferrothorn|72\/100 brn|[from] ability: Iron Barbs|[of] p2a: Ditto\n|-enditem|p2a: Ditto|Choice Scarf|[from] move: Knock Off|[of] p1a: Ferrothorn\n|\n|-heal|p1a: Ferrothorn|79\/100 brn|[from] item: Leftovers\n|-damage|p1a: Ferrothorn|72\/100 brn|[from] brn\n|upkeep\n|turn|52\n|\n|t:|1660443835\n|switch|p1a: Dragapult|Dragapult, M|100\/100\n|move|p2a: Ditto|Leech Seed|p1a: Dragapult\n|-start|p1a: Dragapult|move: Leech Seed\n|\n|-damage|p1a: Dragapult|88\/100|[from] Leech Seed|[of] p2a: Ditto\n|-heal|p2a: Ditto|100\/100|[silent]\n|upkeep\n|turn|53\n|\n|t:|1660443841\n|switch|p2a: Toxapex|Toxapex, M, shiny|100\/100\n|move|p1a: Dragapult|Thunder Wave|p2a: Toxapex\n|-status|p2a: Toxapex|par\n|\n|-damage|p1a: Dragapult|76\/100|[from] Leech Seed|[of] p2a: Toxapex\n|upkeep\n|turn|54\n|c|\u2606gitt guud|yo wtf\n|c|\u2606gitt guud|copy me\n|\n|t:|1660443854\n|switch|p1a: Ferrothorn|Ferrothorn, F|72\/100 brn\n|move|p2a: Toxapex|Scald|p1a: Ferrothorn\n|-resisted|p1a: Ferrothorn\n|-damage|p1a: Ferrothorn|65\/100 brn\n|\n|-heal|p1a: Ferrothorn|71\/100 brn|[from] item: Leftovers\n|-damage|p1a: Ferrothorn|65\/100 brn|[from] brn\n|upkeep\n|turn|55\n|\n|t:|1660443860\n|switch|p2a: Ditto|Ditto|100\/100\n|-transform|p2a: Ditto|p1a: Ferrothorn|[from] ability: Imposter\n|move|p1a: Ferrothorn|Leech Seed|p2a: Ditto\n|-immune|p2a: Ditto\n|\n|-heal|p1a: Ferrothorn|71\/100 brn|[from] item: Leftovers\n|-damage|p1a: Ferrothorn|65\/100 brn|[from] brn\n|upkeep\n|turn|56\n|\n|t:|1660443867\n|move|p2a: Ditto|Leech Seed|p1a: Ferrothorn\n|-immune|p1a: Ferrothorn\n|move|p1a: Ferrothorn|Body Press|p2a: Ditto\n|-supereffective|p2a: Ditto\n|-damage|p2a: Ditto|80\/100\n|-damage|p1a: Ferrothorn|52\/100 brn|[from] ability: Iron Barbs|[of] p2a: Ditto\n|\n|-heal|p1a: Ferrothorn|59\/100 brn|[from] item: Leftovers\n|-damage|p1a: Ferrothorn|52\/100 brn|[from] brn\n|upkeep\n|turn|57\n|\n|t:|1660443874\n|move|p2a: Ditto|Knock Off|p1a: Ferrothorn\n|-damage|p1a: Ferrothorn|41\/100 brn\n|-damage|p2a: Ditto|67\/100|[from] ability: Iron Barbs|[of] p1a: Ferrothorn\n|-enditem|p1a: Ferrothorn|Leftovers|[from] move: Knock Off|[of] p2a: Ditto\n|move|p1a: Ferrothorn|Stealth Rock|p2a: Ditto\n|-sidestart|p2: gitt guud|move: Stealth Rock\n|\n|-damage|p1a: Ferrothorn|35\/100 brn|[from] brn\n|upkeep\n|turn|58\n|\n|t:|1660443880\n|move|p2a: Ditto|Stealth Rock|p1a: Ferrothorn\n|-sidestart|p1: dracaufeu shiny|move: Stealth Rock\n|move|p1a: Ferrothorn|Leech Seed|p2a: Ditto\n|-immune|p2a: Ditto\n|\n|-damage|p1a: Ferrothorn|29\/100 brn|[from] brn\n|upkeep\n|turn|59\n|\n|t:|1660443886\n|move|p2a: Ditto|Leech Seed|p1a: Ferrothorn\n|-immune|p1a: Ferrothorn\n|move|p1a: Ferrothorn|Leech Seed|p2a: Ditto\n|-immune|p2a: Ditto\n|\n|-damage|p1a: Ferrothorn|22\/100 brn|[from] brn\n|upkeep\n|turn|60\n|\n|t:|1660443890\n|switch|p1a: Heatran|Heatran, F|8\/100 par\n|-damage|p1a: Heatran|0 fnt|[from] Stealth Rock\n|faint|p1a: Heatran\n|move|p2a: Ditto|Leech Seed|p1: Heatran|[notarget]\n|-fail|p2a: Ditto\n|\n|upkeep\n|\n|t:|1660443894\n|switch|p1a: Tornadus|Tornadus-Therian, M|100\/100\n|turn|61\n|\n|t:|1660443898\n|switch|p2a: Toxapex|Toxapex, M, shiny|100\/100 par\n|-damage|p2a: Toxapex|88\/100 par|[from] Stealth Rock\n|move|p1a: Tornadus|Hurricane|p2a: Toxapex\n|-damage|p2a: Toxapex|53\/100 par\n|\n|upkeep\n|turn|62\n|\n|t:|1660443901\n|move|p1a: Tornadus|Hurricane|p2a: Toxapex\n|-damage|p2a: Toxapex|23\/100 par\n|cant|p2a: Toxapex|par\n|\n|upkeep\n|turn|63\n|\n|t:|1660443912\n|move|p1a: Tornadus|Taunt|p2a: Toxapex\n|-start|p2a: Toxapex|move: Taunt\n|cant|p2a: Toxapex|move: Taunt|Recover\n|\n|upkeep\n|turn|64\n|\n|t:|1660443923\n|switch|p2a: Corviknight|Corviknight, M|100\/100\n|-damage|p2a: Corviknight|88\/100|[from] Stealth Rock\n|-ability|p2a: Corviknight|Pressure\n|move|p1a: Tornadus|Knock Off|p2a: Corviknight\n|-damage|p2a: Corviknight|77\/100\n|-damage|p1a: Tornadus|84\/100|[from] item: Rocky Helmet|[of] p2a: Corviknight\n|-enditem|p2a: Corviknight|Rocky Helmet|[from] move: Knock Off|[of] p1a: Tornadus\n|\n|upkeep\n|turn|65\n|\n|t:|1660443934\n|switch|p1a: Dragapult|Dragapult, M|76\/100\n|move|p2a: Corviknight|U-turn|p1a: Dragapult\n|-resisted|p1a: Dragapult\n|-crit|p1a: Dragapult\n|-damage|p1a: Dragapult|60\/100\n|\n|t:|1660443938\n|switch|p2a: Ditto|Ditto|67\/100|[from]move: U-turn\n|-damage|p2a: Ditto|55\/100|[from] Stealth Rock\n|-transform|p2a: Ditto|p1a: Dragapult|[from] ability: Imposter\n|\n|upkeep\n|turn|66\n|c|\u2606gitt guud|sucka\n|c|\u2606gitt guud|wilo\n|c|\u2606gitt guud|hex\n|c|\u2606gitt guud|copy me\n|inactive|gitt guud has 120 seconds left.\n|\n|t:|1660443971\n|switch|p2a: Chansey|Chansey, F|54\/100\n|-damage|p2a: Chansey|42\/100|[from] Stealth Rock\n|move|p1a: Dragapult|Hex|p2a: Chansey\n|-immune|p2a: Chansey\n|\n|upkeep\n|turn|67\n|\n|t:|1660443975\n|move|p1a: Dragapult|Thunder Wave|p2a: Chansey\n|-status|p2a: Chansey|par\n|move|p2a: Chansey|Soft-Boiled|p2a: Chansey\n|-heal|p2a: Chansey|92\/100 par\n|\n|upkeep\n|turn|68\n|\n|t:|1660443982\n|switch|p1a: Tornadus|Tornadus-Therian, M|100\/100\n|move|p2a: Chansey|Wish|p2a: Chansey\n|\n|upkeep\n|turn|69\n|\n|t:|1660443991\n|-curestatus|p2a: Chansey|par|[from] ability: Natural Cure\n|switch|p2a: Corviknight|Corviknight, M|77\/100\n|-damage|p2a: Corviknight|65\/100|[from] Stealth Rock\n|-ability|p2a: Corviknight|Pressure\n|move|p1a: Tornadus|Knock Off|p2a: Corviknight\n|-damage|p2a: Corviknight|57\/100\n|\n|-heal|p2a: Corviknight|100\/100|[from] move: Wish|[wisher] Chansey\n|upkeep\n|turn|70\n|\n|t:|1660444004\n|move|p1a: Tornadus|Hurricane|p2a: Corviknight\n|-resisted|p2a: Corviknight\n|-damage|p2a: Corviknight|80\/100\n|move|p2a: Corviknight|U-turn|p1a: Tornadus\n|-resisted|p1a: Tornadus\n|-damage|p1a: Tornadus|94\/100\n|\n|t:|1660444010\n|switch|p2a: Ditto|Ditto|55\/100|[from]move: U-turn\n|-damage|p2a: Ditto|43\/100|[from] Stealth Rock\n|-transform|p2a: Ditto|p1a: Tornadus|[from] ability: Imposter\n|\n|upkeep\n|turn|71\n|\n|t:|1660444017\n|switch|p2a: Corviknight|Corviknight, M|80\/100\n|-damage|p2a: Corviknight|68\/100|[from] Stealth Rock\n|-ability|p2a: Corviknight|Pressure\n|move|p1a: Tornadus|Hurricane|p2a: Corviknight\n|-resisted|p2a: Corviknight\n|-damage|p2a: Corviknight|48\/100\n|\n|upkeep\n|turn|72\n|\n|t:|1660444023\n|move|p1a: Tornadus|Taunt|p2a: Corviknight\n|-start|p2a: Corviknight|move: Taunt\n|move|p2a: Corviknight|U-turn|p1a: Tornadus\n|-resisted|p1a: Tornadus\n|-damage|p1a: Tornadus|86\/100\n|\n|t:|1660444029\n|switch|p2a: Ditto|Ditto|76\/100|[from]move: U-turn\n|-damage|p2a: Ditto|63\/100|[from] Stealth Rock\n|-transform|p2a: Ditto|p1a: Tornadus|[from] ability: Imposter\n|\n|upkeep\n|turn|73\n|\n|t:|1660444035\n|move|p2a: Ditto|Knock Off|p1a: Tornadus\n|-damage|p1a: Tornadus|67\/100\n|-enditem|p1a: Tornadus|Heavy-Duty Boots|[from] move: Knock Off|[of] p2a: Ditto\n|move|p1a: Tornadus|Hurricane|p2a: Ditto\n|-damage|p2a: Ditto|16\/100\n|-start|p2a: Ditto|confusion\n|\n|upkeep\n|turn|74\n|\n|t:|1660444044\n|switch|p2a: Toxapex|Toxapex, M, shiny|56\/100 par\n|-damage|p2a: Toxapex|43\/100 par|[from] Stealth Rock\n|move|p1a: Tornadus|Knock Off|p2a: Toxapex\n|-damage|p2a: Toxapex|35\/100 par\n|\n|upkeep\n|turn|75\n|\n|t:|1660444057\n|move|p1a: Tornadus|Taunt|p2a: Toxapex\n|-start|p2a: Toxapex|move: Taunt\n|move|p2a: Toxapex|Scald|p1a: Tornadus\n|-crit|p1a: Tornadus\n|-damage|p1a: Tornadus|38\/100\n|\n|upkeep\n|turn|76\n|\n|t:|1660444062\n|switch|p1a: Ferrothorn|Ferrothorn, F|22\/100 brn\n|-damage|p1a: Ferrothorn|16\/100 brn|[from] Stealth Rock\n|move|p2a: Toxapex|Scald|p1a: Ferrothorn\n|-resisted|p1a: Ferrothorn\n|-damage|p1a: Ferrothorn|9\/100 brn\n|\n|-damage|p1a: Ferrothorn|3\/100 brn|[from] brn\n|upkeep\n|turn|77\n|\n|t:|1660444068\n|switch|p2a: Ditto|Ditto|49\/100\n|-damage|p2a: Ditto|37\/100|[from] Stealth Rock\n|-transform|p2a: Ditto|p1a: Ferrothorn|[from] ability: Imposter\n|move|p1a: Ferrothorn|Leech Seed|p2a: Ditto\n|-immune|p2a: Ditto\n|\n|-damage|p1a: Ferrothorn|0 fnt|[from] brn\n|faint|p1a: Ferrothorn\n|upkeep\n|\n|t:|1660444081\n|switch|p1a: Dragapult|Dragapult, M|60\/100\n|turn|78\n|\n|t:|1660444085\n|switch|p2a: Chansey|Chansey, F|92\/100\n|-damage|p2a: Chansey|80\/100|[from] Stealth Rock\n|move|p1a: Dragapult|Thunder Wave|p2a: Chansey\n|-status|p2a: Chansey|par\n|\n|upkeep\n|turn|79\n|\n|t:|1660444092\n|move|p1a: Dragapult|Sucker Punch||[still]\n|-fail|p1a: Dragapult\n|move|p2a: Chansey|Wish|p2a: Chansey\n|\n|upkeep\n|turn|80\n|\n|t:|1660444098\n|move|p1a: Dragapult|Hex|p2a: Chansey\n|-immune|p2a: Chansey\n|move|p2a: Chansey|Thunder Wave|p1a: Dragapult\n|-status|p1a: Dragapult|par\n|\n|-heal|p2a: Chansey|100\/100 par|[from] move: Wish|[wisher] Chansey\n|upkeep\n|turn|81\n|\n|t:|1660444104\n|move|p1a: Dragapult|Hex|p2a: Chansey\n|-immune|p2a: Chansey\n|move|p2a: Chansey|Wish|p2a: Chansey\n|\n|upkeep\n|turn|82\n|\n|t:|1660444117\n|-curestatus|p2a: Chansey|par|[from] ability: Natural Cure\n|switch|p2a: Corviknight|Corviknight, M|48\/100\n|-damage|p2a: Corviknight|36\/100|[from] Stealth Rock\n|-ability|p2a: Corviknight|Pressure\n|move|p1a: Dragapult|Will-O-Wisp|p2a: Corviknight\n|-status|p2a: Corviknight|brn\n|\n|-heal|p2a: Corviknight|100\/100 brn|[from] move: Wish|[wisher] Chansey\n|-damage|p2a: Corviknight|94\/100 brn|[from] brn\n|upkeep\n|turn|83\n|\n|t:|1660444121\n|cant|p1a: Dragapult|par\n|move|p2a: Corviknight|U-turn|p1a: Dragapult\n|-resisted|p1a: Dragapult\n|-damage|p1a: Dragapult|55\/100 par\n|-message|dracaufeu shiny forfeited.\n|\n|win|gitt guud\n|raw|dracaufeu shiny's rating: 1459 &rarr; <strong>1440<\/strong><br \/>(-19 for losing)\n|raw|gitt guud's rating: 1482 &rarr; <strong>1501<\/strong><br \/>(+19 for winning)\n|l|\u2606dracaufeu shiny\n","uploadtime":1660444129,"views":8,"p1id":"dracaufeushiny","p2id":"gittguud","formatid":"gen8ou","rating":1440,"private":0,"password":null}