{"id":"gen8ou-1570085496","p1":"not mb","p2":"lukibrasil","format":"gen8ou","log":"|j|\u2606not mb\n|j|\u2606lukibrasil\n|t:|1651980981\n|gametype|singles\n|player|p1|not mb|#splxiiiscooters|1678\n|player|p2|lukibrasil|102|1709\n|teamsize|p1|6\n|teamsize|p2|6\n|gen|8\n|tier|[Gen 8] OU\n|rated|\n|rule|Sleep Clause Mod: Limit one foe put to sleep\n|rule|Species Clause: Limit one of each Pok\u00e9mon\n|rule|OHKO Clause: OHKO moves are banned\n|rule|Evasion Moves Clause: Evasion moves are banned\n|rule|Endless Battle Clause: Forcing endless battles is banned\n|rule|HP Percentage Mod: HP is shown in percentages\n|rule|Dynamax Clause: You cannot dynamax\n|clearpoke\n|poke|p1|Tapu Fini|\n|poke|p1|Melmetal|\n|poke|p1|Dragapult, M|\n|poke|p1|Buzzwole|\n|poke|p1|Landorus-Therian, M|\n|poke|p1|Heatran, M|\n|poke|p2|Rillaboom, M|\n|poke|p2|Magnezone|\n|poke|p2|Heatran, M|\n|poke|p2|Buzzwole|\n|poke|p2|Tapu Fini|\n|poke|p2|Kartana|\n|teampreview\n|j| XPSH\n|j| HOF69\n|inactive|Battle timer is ON: inactive players will automatically lose when time's up. (requested by not mb)\n|j| Nextgene\n|\n|t:|1651981039\n|start\n|switch|p1a: Dragapult|Dragapult, M|100\/100\n|switch|p2a: Kartana|Kartana|100\/100\n|turn|1\n|l| Nextgene\n|j| PlayinMite\n|j| BabyPigsAreLaughin\n|j| call the crew\n|inactive|not mb has 120 seconds left.\n|j| marioluvera_\n|l| call the crew\n|inactive|not mb has 90 seconds left.\n|j| zttyt\n|c|\u2606not mb|test\n|\n|t:|1651981110\n|switch|p1a: Buzzwole|Buzzwole|100\/100\n|switch|p2a: Tapu Fini|Tapu Fini|100\/100\n|-fieldstart|move: Misty Terrain|[from] ability: Misty Surge|[of] p2a: Tapu Fini\n|\n|upkeep\n|turn|2\n|\n|t:|1651981118\n|switch|p1a: Tapu Fini|Tapu Fini|100\/100\n|move|p2a: Tapu Fini|Trick|p1a: Tapu Fini\n|-activate|p2a: Tapu Fini|move: Trick|[of] p1a: Tapu Fini\n|-item|p1a: Tapu Fini|Choice Scarf|[from] move: Trick\n|-item|p2a: Tapu Fini|Leftovers|[from] move: Trick\n|\n|upkeep\n|turn|3\n|\n|t:|1651981123\n|move|p1a: Tapu Fini|Nature's Madness|p2a: Tapu Fini|[miss]\n|-miss|p1a: Tapu Fini|p2a: Tapu Fini\n|move|p2a: Tapu Fini|Moonblast|p1a: Tapu Fini\n|-damage|p1a: Tapu Fini|78\/100\n|\n|upkeep\n|turn|4\n|\n|t:|1651981128\n|move|p1a: Tapu Fini|Nature's Madness|p2a: Tapu Fini\n|-damage|p2a: Tapu Fini|51\/100\n|move|p2a: Tapu Fini|Moonblast|p1a: Tapu Fini\n|-damage|p1a: Tapu Fini|57\/100\n|\n|-heal|p2a: Tapu Fini|57\/100|[from] item: Leftovers\n|upkeep\n|turn|5\n|inactive|not mb has 120 seconds left.\n|\n|t:|1651981134\n|move|p1a: Tapu Fini|Nature's Madness|p2a: Tapu Fini\n|-damage|p2a: Tapu Fini|29\/100\n|move|p2a: Tapu Fini|Moonblast|p1a: Tapu Fini\n|-damage|p1a: Tapu Fini|36\/100\n|-unboost|p1a: Tapu Fini|spa|1\n|\n|-heal|p2a: Tapu Fini|35\/100|[from] item: Leftovers\n|-fieldend|Misty Terrain\n|upkeep\n|turn|6\n|inactive|not mb has 120 seconds left.\n|\n|t:|1651981146\n|switch|p1a: Landorus|Landorus-Therian, M|100\/100\n|-ability|p1a: Landorus|Intimidate|boost\n|-unboost|p2a: Tapu Fini|atk|1\n|move|p2a: Tapu Fini|Moonblast|p1a: Landorus\n|-damage|p1a: Landorus|75\/100\n|\n|-heal|p2a: Tapu Fini|41\/100|[from] item: Leftovers\n|-heal|p1a: Landorus|81\/100|[from] item: Leftovers\n|upkeep\n|turn|7\n|\n|t:|1651981151\n|move|p2a: Tapu Fini|Surf|p1a: Landorus\n|-supereffective|p1a: Landorus\n|-damage|p1a: Landorus|36\/100\n|move|p1a: Landorus|Earthquake|p2a: Tapu Fini\n|-damage|p2a: Tapu Fini|0 fnt\n|faint|p2a: Tapu Fini\n|\n|-heal|p1a: Landorus|42\/100|[from] item: Leftovers\n|upkeep\n|\n|t:|1651981157\n|switch|p2a: Kartana|Kartana|100\/100\n|turn|8\n|\n|t:|1651981165\n|switch|p1a: Buzzwole|Buzzwole|100\/100\n|move|p2a: Kartana|Knock Off|p1a: Buzzwole\n|-resisted|p1a: Buzzwole\n|-damage|p1a: Buzzwole|78\/100\n|-enditem|p1a: Buzzwole|Muscle Band|[from] move: Knock Off|[of] p2a: Kartana\n|\n|upkeep\n|turn|9\n|\n|t:|1651981180\n|switch|p2a: Buzzwole|Buzzwole|100\/100\n|switch|p1a: Heatran|Heatran, M|100\/100\n|-item|p1a: Heatran|Air Balloon\n|\n|upkeep\n|turn|10\n|\n|t:|1651981185\n|move|p2a: Buzzwole|Drain Punch|p1a: Heatran\n|-supereffective|p1a: Heatran\n|-damage|p1a: Heatran|18\/100\n|-enditem|p1a: Heatran|Air Balloon\n|move|p1a: Heatran|Eruption|p2a: Buzzwole\n|-supereffective|p2a: Buzzwole\n|-damage|p2a: Buzzwole|68\/100\n|\n|upkeep\n|turn|11\n|c|\u2606not mb|LOL\n|\n|t:|1651981198\n|switch|p1a: Dragapult|Dragapult, M|100\/100\n|move|p2a: Buzzwole|Drain Punch|p1a: Dragapult\n|-immune|p1a: Dragapult\n|\n|upkeep\n|turn|12\n|\n|t:|1651981206\n|move|p1a: Dragapult|Hydro Pump|p2a: Buzzwole\n|-damage|p2a: Buzzwole|31\/100\n|move|p2a: Buzzwole|Ice Punch|p1a: Dragapult\n|-supereffective|p1a: Dragapult\n|-damage|p1a: Dragapult|25\/100\n|\n|upkeep\n|turn|13\n|\n|t:|1651981215\n|switch|p2a: Rillaboom|Rillaboom, M|100\/100\n|-fieldstart|move: Grassy Terrain|[from] ability: Grassy Surge|[of] p2a: Rillaboom\n|move|p1a: Dragapult|Fire Blast|p2a: Rillaboom\n|-supereffective|p2a: Rillaboom\n|-damage|p2a: Rillaboom|0 fnt\n|faint|p2a: Rillaboom\n|\n|-heal|p1a: Dragapult|31\/100|[from] Grassy Terrain\n|upkeep\n|\n|t:|1651981225\n|switch|p2a: Heatran|Heatran, M|100\/100\n|turn|14\n|\n|t:|1651981235\n|switch|p1a: Landorus|Landorus-Therian, M|42\/100\n|-ability|p1a: Landorus|Intimidate|boost\n|-unboost|p2a: Heatran|atk|1\n|move|p2a: Heatran|Lava Plume|p1a: Landorus\n|-damage|p1a: Landorus|10\/100\n|\n|-heal|p1a: Landorus|16\/100|[from] item: Leftovers\n|upkeep\n|turn|15\n|c| PlayinMite|That\u2019s a Rillaboom moment right there\n|j| Nesnot\n|\n|t:|1651981249\n|move|p2a: Heatran|Lava Plume|p1a: Landorus\n|-damage|p1a: Landorus|0 fnt\n|faint|p1a: Landorus\n|\n|upkeep\n|\n|t:|1651981258\n|switch|p1a: Heatran|Heatran, M|18\/100\n|turn|16\n|\n|t:|1651981265\n|switch|p2a: Magnezone|Magnezone|100\/100\n|move|p1a: Heatran|Earth Power|p2a: Magnezone\n|-supereffective|p2a: Magnezone\n|-damage|p2a: Magnezone|0 fnt\n|faint|p2a: Magnezone\n|\n|-heal|p1a: Heatran|24\/100|[from] Grassy Terrain\n|upkeep\n|\n|t:|1651981269\n|switch|p2a: Buzzwole|Buzzwole|31\/100\n|turn|17\n|\n|t:|1651981275\n|switch|p1a: Tapu Fini|Tapu Fini|36\/100\n|-fieldstart|move: Misty Terrain|[from] ability: Misty Surge|[of] p1a: Tapu Fini\n|move|p2a: Buzzwole|Earthquake|p1a: Tapu Fini\n|-damage|p1a: Tapu Fini|7\/100\n|\n|upkeep\n|turn|18\n|\n|t:|1651981286\n|switch|p2a: Heatran|Heatran, M|100\/100\n|move|p1a: Tapu Fini|Nature's Madness|p2a: Heatran\n|-damage|p2a: Heatran|51\/100\n|\n|upkeep\n|turn|19\n|\n|t:|1651981291\n|move|p2a: Heatran|Earth Power|p1a: Tapu Fini\n|-damage|p1a: Tapu Fini|0 fnt\n|faint|p1a: Tapu Fini\n|\n|upkeep\n|c|\u2606not mb|o\n|l| Nesnot\n|\n|t:|1651981307\n|switch|p1a: Buzzwole|Buzzwole|78\/100\n|turn|20\n|\n|t:|1651981325\n|switch|p2a: Buzzwole|Buzzwole|31\/100\n|move|p1a: Buzzwole|Close Combat|p2a: Buzzwole\n|-resisted|p2a: Buzzwole\n|-damage|p2a: Buzzwole|8\/100\n|-unboost|p1a: Buzzwole|def|1\n|-unboost|p1a: Buzzwole|spd|1\n|\n|upkeep\n|turn|21\n|\n|t:|1651981331\n|move|p2a: Buzzwole|Drain Punch|p1a: Buzzwole\n|-resisted|p1a: Buzzwole\n|-damage|p1a: Buzzwole|57\/100\n|-heal|p2a: Buzzwole|18\/100|[from] drain|[of] p1a: Buzzwole\n|move|p1a: Buzzwole|Close Combat|p2a: Buzzwole\n|-resisted|p2a: Buzzwole\n|-damage|p2a: Buzzwole|0 fnt\n|-unboost|p1a: Buzzwole|def|1\n|-unboost|p1a: Buzzwole|spd|1\n|faint|p2a: Buzzwole\n|-ability|p1a: Buzzwole|Beast Boost|boost\n|-boost|p1a: Buzzwole|atk|1\n|\n|-fieldend|Misty Terrain\n|upkeep\n|j| coeur de le ciel\n|\n|t:|1651981337\n|switch|p2a: Kartana|Kartana|100\/100\n|turn|22\n|\n|t:|1651981358\n|move|p2a: Kartana|Aerial Ace|p1a: Buzzwole\n|-supereffective|p1a: Buzzwole\n|-damage|p1a: Buzzwole|0 fnt\n|faint|p1a: Buzzwole\n|-ability|p2a: Kartana|Beast Boost|boost\n|-boost|p2a: Kartana|atk|1\n|\n|upkeep\n|\n|t:|1651981363\n|switch|p1a: Dragapult|Dragapult, M|31\/100\n|turn|23\n|\n|t:|1651981370\n|switch|p2a: Heatran|Heatran, M|51\/100\n|move|p1a: Dragapult|Shadow Ball|p2a: Heatran\n|-damage|p2a: Heatran|11\/100\n|\n|upkeep\n|turn|24\n|j| havefun507\n|inactive|not mb has 120 seconds left.\n|c|\u2606not mb|i def choked somewhere along the way\n|l| coeur de le ciel\n|j| coeur de le ciel\n|inactive|not mb has 90 seconds left.\n|c| PlayinMite|Sometimes I wonder, what even is heatran supposed to be\n|c|\u2606lukibrasil|lmao\n|c| PlayinMite|like I know it\u2019s place in the meta but what is it\u2019s design supposed to be\n|\n|t:|1651981449\n|switch|p1a: Heatran|Heatran, M|24\/100\n|move|p2a: Heatran|Earth Power|p1a: Heatran\n|-supereffective|p1a: Heatran\n|-damage|p1a: Heatran|0 fnt\n|faint|p1a: Heatran\n|\n|upkeep\n|\n|t:|1651981452\n|switch|p1a: Melmetal|Melmetal|100\/100\n|turn|25\n|\n|t:|1651981455\n|switch|p2a: Kartana|Kartana|100\/100\n|switch|p1a: Dragapult|Dragapult, M|31\/100\n|\n|upkeep\n|turn|26\n|inactive|not mb has 90 seconds left.\n|\n|t:|1651981466\n|move|p1a: Dragapult|Shadow Ball|p2a: Kartana\n|-damage|p2a: Kartana|0 fnt\n|faint|p2a: Kartana\n|\n|upkeep\n|\n|t:|1651981469\n|switch|p2a: Heatran|Heatran, M|11\/100\n|turn|27\n|\n|t:|1651981477\n|move|p1a: Dragapult|Thunderbolt|p2a: Heatran\n|-damage|p2a: Heatran|0 fnt\n|faint|p2a: Heatran\n|\n|win|not mb\n|raw|not mb's rating: 1678 &rarr; <strong>1700<\/strong><br \/>(+22 for winning)\n|raw|lukibrasil's rating: 1709 &rarr; <strong>1687<\/strong><br \/>(-22 for losing)\n|c|\u2606not mb|o\n|c|\u2606not mb|lol\n|l|\u2606lukibrasil\n|l|\u2606not mb\n|l| HOF69\n|c| BabyPigsAreLaughin|I always thought Heatran was a giant spider, like the Phantom from Devil May Cry 1.\n|l| PlayinMite\n|l| coeur de le ciel\n|l| havefun507\n|l| zttyt\n|l| marioluvera_\n|j| AlIoutdragadarts\n|l| AlIoutdragadarts\n|n| XPSH@!|xpsh\n|l| XPSH\n|j| godlike.shin\n|l| BabyPigsAreLaughin\n","uploadtime":1651986784,"views":52,"p1id":"notmb","p2id":"lukibrasil","formatid":"gen8ou","rating":1687,"private":0,"password":null}