{"id":"gen8randombattle-1412834937","p1":"TehranTyphlosions","p2":"dabintheclub","format":"gen8randombattle","log":"|j|\u2606TehranTyphlosions\n|j|\u2606dabintheclub\n|t:|1631129733\n|gametype|singles\n|player|p1|TehranTyphlosions|clair|1785\n|player|p2|dabintheclub|170|1772\n|teamsize|p1|6\n|teamsize|p2|6\n|gen|8\n|tier|[Gen 8] Random Battle\n|rated|\n|rule|Species Clause: Limit one of each Pok\u00e9mon\n|rule|HP Percentage Mod: HP is shown in percentages\n|rule|Sleep Clause Mod: Limit one foe put to sleep\n|\n|t:|1631129733\n|start\n|switch|p1a: Oranguru|Oranguru, L86, M|295\/295\n|switch|p2a: Dialga|Dialga, L74|270\/270\n|-ability|p2a: Dialga|Pressure\n|turn|1\n|\n|t:|1631129755\n|switch|p2a: Scyther|Scyther, L81, M|246\/246\n|move|p1a: Oranguru|Focus Blast|p2a: Scyther\n|-resisted|p2a: Scyther\n|-damage|p2a: Scyther|224\/246\n|\n|upkeep\n|turn|2\n|\n|t:|1631129762\n|switch|p1a: Ninetales|Ninetales-Alola, L79, F|245\/245\n|-weather|Hail|[from] ability: Snow Warning|[of] p1a: Ninetales\n|move|p2a: Scyther|U-turn|p1a: Ninetales\n|-resisted|p1a: Ninetales\n|-damage|p1a: Ninetales|200\/245\n|\n|t:|1631129775\n|switch|p2a: Dialga|Dialga, L74|270\/270\n|-ability|p2a: Dialga|Pressure\n|\n|-weather|Hail|[upkeep]\n|-damage|p2a: Dialga|254\/270|[from] Hail\n|-heal|p2a: Dialga|270\/270|[from] item: Leftovers\n|upkeep\n|turn|3\n|\n|t:|1631129789\n|switch|p1a: Oranguru|Oranguru, L86, M|295\/295\n|move|p2a: Dialga|Stealth Rock|p1a: Oranguru\n|-sidestart|p1: TehranTyphlosions|move: Stealth Rock\n|\n|-weather|Hail|[upkeep]\n|-damage|p2a: Dialga|254\/270|[from] Hail\n|-damage|p1a: Oranguru|277\/295|[from] Hail\n|-heal|p2a: Dialga|270\/270|[from] item: Leftovers\n|-heal|p1a: Oranguru|295\/295|[from] item: Leftovers\n|upkeep\n|turn|4\n|inactive|Battle timer is ON: inactive players will automatically lose when time's up. (requested by TehranTyphlosions)\n|\n|t:|1631129800\n|move|p2a: Dialga|Draco Meteor|p1a: Oranguru\n|-damage|p1a: Oranguru|165\/295\n|-unboost|p2a: Dialga|spa|2\n|move|p1a: Oranguru|Thunderbolt|p2a: Dialga\n|-resisted|p2a: Dialga\n|-damage|p2a: Dialga|237\/270\n|\n|-weather|Hail|[upkeep]\n|-damage|p2a: Dialga|221\/270|[from] Hail\n|-damage|p1a: Oranguru|147\/295|[from] Hail\n|-heal|p2a: Dialga|237\/270|[from] item: Leftovers\n|-heal|p1a: Oranguru|165\/295|[from] item: Leftovers\n|upkeep\n|turn|5\n|\n|t:|1631129820\n|switch|p2a: Obstagoon|Obstagoon, L80, F|280\/280\n|move|p1a: Oranguru|Psychic|p2a: Obstagoon\n|-immune|p2a: Obstagoon\n|\n|-weather|Hail|[upkeep]\n|-damage|p2a: Obstagoon|263\/280|[from] Hail\n|-damage|p1a: Oranguru|147\/295|[from] Hail\n|-heal|p1a: Oranguru|165\/295|[from] item: Leftovers\n|-status|p2a: Obstagoon|brn|[from] item: Flame Orb\n|upkeep\n|turn|6\n|\n|t:|1631129848\n|move|p2a: Obstagoon|Knock Off|p1a: Oranguru\n|-supereffective|p1a: Oranguru\n|-damage|p1a: Oranguru|0 fnt\n|-enditem|p1a: Oranguru|Leftovers|[from] move: Knock Off|[of] p2a: Obstagoon\n|faint|p1a: Oranguru\n|\n|-weather|none\n|-damage|p2a: Obstagoon|246\/280 brn|[from] brn\n|upkeep\n|\n|t:|1631129850\n|switch|p1a: Ninetales|Ninetales-Alola, L79, F|200\/245\n|-damage|p1a: Ninetales|139\/245|[from] Stealth Rock\n|-weather|Hail|[from] ability: Snow Warning|[of] p1a: Ninetales\n|turn|7\n|\n|t:|1631129858\n|switch|p2a: Dialga|Dialga, L74|237\/270\n|-ability|p2a: Dialga|Pressure\n|move|p1a: Ninetales|Aurora Veil|p1a: Ninetales\n|-sidestart|p1: TehranTyphlosions|move: Aurora Veil\n|\n|-weather|Hail|[upkeep]\n|-damage|p2a: Dialga|221\/270|[from] Hail\n|-heal|p2a: Dialga|237\/270|[from] item: Leftovers\n|upkeep\n|turn|8\n|\n|t:|1631129866\n|move|p1a: Ninetales|Blizzard|p2a: Dialga\n|-damage|p2a: Dialga|140\/270\n|move|p2a: Dialga|Flash Cannon|p1a: Ninetales\n|-supereffective|p1a: Ninetales\n|-damage|p1a: Ninetales|0 fnt\n|faint|p1a: Ninetales\n|\n|-weather|Hail|[upkeep]\n|-damage|p2a: Dialga|124\/270|[from] Hail\n|-heal|p2a: Dialga|140\/270|[from] item: Leftovers\n|upkeep\n|\n|t:|1631129879\n|switch|p1a: Eternatus|Eternatus, L69|308\/308\n|-damage|p1a: Eternatus|270\/308|[from] Stealth Rock\n|-ability|p1a: Eternatus|Pressure\n|turn|9\n|\n|t:|1631129888\n|move|p1a: Eternatus|Dynamax Cannon|p2a: Dialga\n|-damage|p2a: Dialga|38\/270\n|move|p2a: Dialga|Draco Meteor|p1a: Eternatus\n|-supereffective|p1a: Eternatus\n|-damage|p1a: Eternatus|92\/308\n|-unboost|p2a: Dialga|spa|2\n|\n|-weather|Hail|[upkeep]\n|-damage|p1a: Eternatus|73\/308|[from] Hail\n|-damage|p2a: Dialga|22\/270|[from] Hail\n|-heal|p1a: Eternatus|92\/308|[from] item: Black Sludge\n|-heal|p2a: Dialga|38\/270|[from] item: Leftovers\n|upkeep\n|turn|10\n|\n|t:|1631129909\n|switch|p2a: Obstagoon|Obstagoon, L80, F|246\/280 brn\n|move|p1a: Eternatus|Recover|p1a: Eternatus\n|-heal|p1a: Eternatus|246\/308\n|\n|-weather|Hail|[upkeep]\n|-damage|p1a: Eternatus|227\/308|[from] Hail\n|-damage|p2a: Obstagoon|229\/280 brn|[from] Hail\n|-heal|p1a: Eternatus|246\/308|[from] item: Black Sludge\n|-damage|p2a: Obstagoon|212\/280 brn|[from] brn\n|upkeep\n|turn|11\n|\n|t:|1631129917\n|move|p1a: Eternatus|Dynamax Cannon|p2a: Obstagoon\n|-damage|p2a: Obstagoon|104\/280 brn\n|move|p2a: Obstagoon|Knock Off|p1a: Eternatus\n|-damage|p1a: Eternatus|168\/308\n|-enditem|p1a: Eternatus|Black Sludge|[from] move: Knock Off|[of] p2a: Obstagoon\n|\n|-weather|none\n|-damage|p2a: Obstagoon|87\/280 brn|[from] brn\n|upkeep\n|turn|12\n|\n|t:|1631129930\n|switch|p2a: Dialga|Dialga, L74|38\/270\n|-ability|p2a: Dialga|Pressure\n|move|p1a: Eternatus|Recover|p1a: Eternatus\n|-heal|p1a: Eternatus|308\/308\n|\n|-heal|p2a: Dialga|54\/270|[from] item: Leftovers\n|upkeep\n|turn|13\n|\n|t:|1631129945\n|move|p1a: Eternatus|Dynamax Cannon|p2a: Dialga\n|-damage|p2a: Dialga|0 fnt\n|faint|p2a: Dialga\n|\n|upkeep\n|\n|t:|1631129963\n|switch|p2a: Raichu|Raichu-Alola, L84, M|238\/238\n|turn|14\n|\n|t:|1631129969\n|move|p2a: Raichu|Nasty Plot|p2a: Raichu\n|-boost|p2a: Raichu|spa|2\n|move|p1a: Eternatus|Dynamax Cannon|p2a: Raichu\n|-damage|p2a: Raichu|139\/238\n|\n|-sideend|p1: TehranTyphlosions|move: Aurora Veil\n|upkeep\n|turn|15\n|\n|t:|1631129974\n|move|p2a: Raichu|Psyshock|p1a: Eternatus\n|-supereffective|p1a: Eternatus\n|-damage|p1a: Eternatus|0 fnt\n|faint|p1a: Eternatus\n|-damage|p2a: Raichu|116\/238|[from] item: Life Orb\n|\n|upkeep\n|\n|t:|1631129982\n|switch|p1a: Hatterene|Hatterene, L86, F|238\/238\n|-damage|p1a: Hatterene|209\/238|[from] Stealth Rock\n|turn|16\n|\n|t:|1631129993\n|-start|p1a: Hatterene|Dynamax\n|-formechange|p1a: Hatterene|Hatterene-Gmax\n|-heal|p1a: Hatterene|418\/476|[silent]\n|move|p2a: Raichu|Thunderbolt|p1a: Hatterene\n|-damage|p1a: Hatterene|191\/476\n|-damage|p2a: Raichu|93\/238|[from] item: Life Orb\n|move|p1a: Hatterene|G-Max Smite|p2a: Raichu\n|-damage|p2a: Raichu|0 fnt\n|faint|p2a: Raichu\n|\n|-heal|p1a: Hatterene|205\/476|[from] item: Leftovers\n|upkeep\n|\n|t:|1631130007\n|switch|p2a: Obstagoon|Obstagoon, L80, F|87\/280 brn\n|turn|17\n|\n|t:|1631130013\n|move|p2a: Obstagoon|Knock Off|p1a: Hatterene\n|-damage|p1a: Hatterene|88\/476\n|-enditem|p1a: Hatterene|Leftovers|[from] move: Knock Off|[of] p2a: Obstagoon\n|move|p1a: Hatterene|G-Max Smite|p2a: Obstagoon\n|-supereffective|p2a: Obstagoon\n|-damage|p2a: Obstagoon|0 fnt\n|faint|p2a: Obstagoon\n|\n|upkeep\n|\n|t:|1631130029\n|switch|p2a: Scyther|Scyther, L81, M|224\/246\n|turn|18\n|\n|t:|1631130034\n|-start|p2a: Scyther|Dynamax\n|-heal|p2a: Scyther|448\/492|[silent]\n|move|p2a: Scyther|Max Airstream|p1a: Hatterene\n|-damage|p1a: Hatterene|0 fnt\n|-boost|p2a: Scyther|spe|1\n|faint|p1a: Hatterene\n|\n|upkeep\n|\n|t:|1631130041\n|switch|p1a: Kyurem|Kyurem, L80|331\/331\n|-ability|p1a: Kyurem|Pressure\n|turn|19\n|\n|t:|1631130052\n|move|p2a: Scyther|Max Flutterby|p1a: Kyurem\n|-damage|p1a: Kyurem|201\/331\n|-unboost|p1a: Kyurem|spa|1\n|move|p1a: Kyurem|Roost|p1a: Kyurem\n|-heal|p1a: Kyurem|331\/331\n|-singleturn|p1a: Kyurem|move: Roost\n|\n|upkeep\n|turn|20\n|\n|t:|1631130057\n|move|p2a: Scyther|Max Flutterby|p1a: Kyurem\n|-damage|p1a: Kyurem|190\/331\n|-unboost|p1a: Kyurem|spa|1\n|move|p1a: Kyurem|Roost|p1a: Kyurem\n|-heal|p1a: Kyurem|331\/331\n|-singleturn|p1a: Kyurem|move: Roost\n|\n|-end|p2a: Scyther|Dynamax\n|-heal|p2a: Scyther|224\/246|[silent]\n|upkeep\n|turn|21\n|\n|t:|1631130066\n|switch|p1a: Exploud|Exploud, L84, F|312\/312\n|-damage|p1a: Exploud|273\/312|[from] Stealth Rock\n|move|p2a: Scyther|Knock Off|p1a: Exploud\n|-damage|p1a: Exploud|188\/312\n|-enditem|p1a: Exploud|Choice Specs|[from] move: Knock Off|[of] p2a: Scyther\n|\n|upkeep\n|turn|22\n|\n|t:|1631130079\n|move|p2a: Scyther|Dual Wingbeat|p1a: Exploud\n|-damage|p1a: Exploud|110\/312\n|-damage|p1a: Exploud|25\/312\n|-hitcount|p1a: Exploud|2\n|move|p1a: Exploud|Boomburst|p2a: Scyther\n|-damage|p2a: Scyther|61\/246\n|\n|upkeep\n|turn|23\n|\n|t:|1631130086\n|move|p2a: Scyther|Knock Off|p1a: Exploud\n|-damage|p1a: Exploud|0 fnt\n|faint|p1a: Exploud\n|\n|upkeep\n|\n|t:|1631130088\n|switch|p1a: Kyurem|Kyurem, L80|331\/331\n|-ability|p1a: Kyurem|Pressure\n|turn|24\n|\n|t:|1631130097\n|move|p2a: Scyther|Dual Wingbeat|p1a: Kyurem\n|-damage|p1a: Kyurem|265\/331\n|-damage|p1a: Kyurem|202\/331\n|-hitcount|p1a: Kyurem|2\n|move|p1a: Kyurem|Ice Beam|p2a: Scyther\n|-supereffective|p2a: Scyther\n|-damage|p2a: Scyther|0 fnt\n|faint|p2a: Scyther\n|\n|upkeep\n|\n|t:|1631130107\n|switch|p2a: Bewear|Bewear, L82, F|331\/331\n|turn|25\n|\n|t:|1631130111\n|move|p1a: Kyurem|Substitute|p1a: Kyurem\n|-start|p1a: Kyurem|Substitute\n|-damage|p1a: Kyurem|120\/331\n|move|p2a: Bewear|Close Combat|p1a: Kyurem\n|-supereffective|p1a: Kyurem\n|-end|p1a: Kyurem|Substitute\n|-unboost|p2a: Bewear|def|1\n|-unboost|p2a: Bewear|spd|1\n|-damage|p2a: Bewear|298\/331|[from] item: Life Orb\n|\n|upkeep\n|turn|26\n|\n|t:|1631130117\n|switch|p2a: Arcanine|Arcanine, L82, M|282\/282\n|move|p1a: Kyurem|Substitute|p1a: Kyurem\n|-start|p1a: Kyurem|Substitute\n|-damage|p1a: Kyurem|38\/331\n|\n|upkeep\n|turn|27\n|\n|t:|1631130125\n|move|p2a: Arcanine|Flare Blitz|p1a: Kyurem\n|-end|p1a: Kyurem|Substitute\n|-damage|p2a: Arcanine|255\/282|[from] Recoil|[of] p1a: Kyurem\n|move|p1a: Kyurem|Roost|p1a: Kyurem\n|-heal|p1a: Kyurem|204\/331\n|-singleturn|p1a: Kyurem|move: Roost\n|\n|upkeep\n|turn|28\n|\n|t:|1631130130\n|move|p2a: Arcanine|Flare Blitz|p1a: Kyurem\n|-damage|p1a: Kyurem|74\/331\n|-damage|p2a: Arcanine|212\/282|[from] Recoil\n|move|p1a: Kyurem|Roost|p1a: Kyurem\n|-heal|p1a: Kyurem|240\/331\n|-singleturn|p1a: Kyurem|move: Roost\n|\n|upkeep\n|turn|29\n|\n|t:|1631130140\n|move|p2a: Arcanine|Flare Blitz|p1a: Kyurem\n|-damage|p1a: Kyurem|111\/331\n|-damage|p2a: Arcanine|169\/282|[from] Recoil\n|move|p1a: Kyurem|Substitute|p1a: Kyurem\n|-start|p1a: Kyurem|Substitute\n|-damage|p1a: Kyurem|29\/331\n|\n|upkeep\n|turn|30\n|\n|t:|1631130148\n|move|p2a: Arcanine|Flare Blitz|p1a: Kyurem\n|-end|p1a: Kyurem|Substitute\n|-damage|p2a: Arcanine|142\/282|[from] Recoil|[of] p1a: Kyurem\n|move|p1a: Kyurem|Roost|p1a: Kyurem\n|-heal|p1a: Kyurem|195\/331\n|-singleturn|p1a: Kyurem|move: Roost\n|\n|upkeep\n|turn|31\n|\n|t:|1631130154\n|move|p2a: Arcanine|Morning Sun|p2a: Arcanine\n|-heal|p2a: Arcanine|282\/282\n|move|p1a: Kyurem|Roost|p1a: Kyurem\n|-heal|p1a: Kyurem|331\/331\n|-singleturn|p1a: Kyurem|move: Roost\n|\n|upkeep\n|turn|32\n|\n|t:|1631130160\n|move|p2a: Arcanine|Flare Blitz|p1a: Kyurem\n|-damage|p1a: Kyurem|201\/331\n|-damage|p2a: Arcanine|239\/282|[from] Recoil\n|move|p1a: Kyurem|Substitute|p1a: Kyurem\n|-start|p1a: Kyurem|Substitute\n|-damage|p1a: Kyurem|119\/331\n|\n|upkeep\n|turn|33\n|c|\u2606TehranTyphlosions|sry to do this\n|\n|t:|1631130168\n|move|p2a: Arcanine|Flare Blitz|p1a: Kyurem\n|-end|p1a: Kyurem|Substitute\n|-damage|p2a: Arcanine|212\/282|[from] Recoil|[of] p1a: Kyurem\n|move|p1a: Kyurem|Roost|p1a: Kyurem\n|-heal|p1a: Kyurem|285\/331\n|-singleturn|p1a: Kyurem|move: Roost\n|\n|upkeep\n|turn|34\n|\n|t:|1631130176\n|move|p2a: Arcanine|Flare Blitz|p1a: Kyurem\n|-damage|p1a: Kyurem|138\/331\n|-damage|p2a: Arcanine|163\/282|[from] Recoil\n|move|p1a: Kyurem|Substitute|p1a: Kyurem\n|-start|p1a: Kyurem|Substitute\n|-damage|p1a: Kyurem|56\/331\n|\n|upkeep\n|turn|35\n|\n|t:|1631130184\n|move|p2a: Arcanine|Flare Blitz|p1a: Kyurem\n|-end|p1a: Kyurem|Substitute\n|-damage|p2a: Arcanine|136\/282|[from] Recoil|[of] p1a: Kyurem\n|move|p1a: Kyurem|Roost|p1a: Kyurem\n|-heal|p1a: Kyurem|222\/331\n|-singleturn|p1a: Kyurem|move: Roost\n|\n|upkeep\n|turn|36\n|\n|t:|1631130195\n|move|p2a: Arcanine|Morning Sun|p2a: Arcanine\n|-heal|p2a: Arcanine|277\/282\n|move|p1a: Kyurem|Roost|p1a: Kyurem\n|-heal|p1a: Kyurem|331\/331\n|-singleturn|p1a: Kyurem|move: Roost\n|\n|upkeep\n|turn|37\n|\n|t:|1631130206\n|move|p2a: Arcanine|Flare Blitz|p1a: Kyurem\n|-damage|p1a: Kyurem|190\/331\n|-damage|p2a: Arcanine|230\/282|[from] Recoil\n|move|p1a: Kyurem|Roost|p1a: Kyurem\n|-heal|p1a: Kyurem|331\/331\n|-singleturn|p1a: Kyurem|move: Roost\n|\n|upkeep\n|turn|38\n|\n|t:|1631130211\n|move|p2a: Arcanine|Flare Blitz|p1a: Kyurem\n|-damage|p1a: Kyurem|198\/331\n|-damage|p2a: Arcanine|186\/282|[from] Recoil\n|move|p1a: Kyurem|Substitute|p1a: Kyurem\n|-start|p1a: Kyurem|Substitute\n|-damage|p1a: Kyurem|116\/331\n|\n|upkeep\n|turn|39\n|\n|t:|1631130219\n|move|p2a: Arcanine|Extreme Speed|p1a: Kyurem\n|-activate|p1a: Kyurem|move: Substitute|[damage]\n|move|p1a: Kyurem|Roost|p1a: Kyurem\n|-heal|p1a: Kyurem|282\/331\n|-singleturn|p1a: Kyurem|move: Roost\n|\n|upkeep\n|turn|40\n|\n|t:|1631130227\n|move|p2a: Arcanine|Wild Charge|p1a: Kyurem\n|-resisted|p1a: Kyurem\n|-end|p1a: Kyurem|Substitute\n|-damage|p2a: Arcanine|181\/282|[from] Recoil|[of] p1a: Kyurem\n|move|p1a: Kyurem|Substitute|p1a: Kyurem\n|-start|p1a: Kyurem|Substitute\n|-damage|p1a: Kyurem|200\/331\n|\n|upkeep\n|turn|41\n|\n|t:|1631130239\n|move|p2a: Arcanine|Extreme Speed|p1a: Kyurem\n|-activate|p1a: Kyurem|move: Substitute|[damage]\n|move|p1a: Kyurem|Ice Beam|p2a: Arcanine\n|-resisted|p2a: Arcanine\n|-damage|p2a: Arcanine|119\/282\n|\n|upkeep\n|turn|42\n|\n|t:|1631130245\n|move|p2a: Arcanine|Morning Sun|p2a: Arcanine\n|-heal|p2a: Arcanine|260\/282\n|move|p1a: Kyurem|Roost|p1a: Kyurem\n|-heal|p1a: Kyurem|331\/331\n|-singleturn|p1a: Kyurem|move: Roost\n|\n|upkeep\n|turn|43\n|\n|t:|1631130253\n|move|p2a: Arcanine|Wild Charge|p1a: Kyurem\n|-resisted|p1a: Kyurem\n|-end|p1a: Kyurem|Substitute\n|-damage|p2a: Arcanine|254\/282|[from] Recoil|[of] p1a: Kyurem\n|move|p1a: Kyurem|Ice Beam|p2a: Arcanine\n|-resisted|p2a: Arcanine\n|-damage|p2a: Arcanine|191\/282\n|\n|upkeep\n|turn|44\n|\n|t:|1631130262\n|move|p2a: Arcanine|Extreme Speed|p1a: Kyurem\n|-damage|p1a: Kyurem|269\/331\n|move|p1a: Kyurem|Substitute|p1a: Kyurem\n|-start|p1a: Kyurem|Substitute\n|-damage|p1a: Kyurem|187\/331\n|\n|upkeep\n|turn|45\n|\n|t:|1631130268\n|move|p2a: Arcanine|Extreme Speed|p1a: Kyurem\n|-activate|p1a: Kyurem|move: Substitute|[damage]\n|move|p1a: Kyurem|Roost|p1a: Kyurem\n|-heal|p1a: Kyurem|331\/331\n|-singleturn|p1a: Kyurem|move: Roost\n|\n|upkeep\n|turn|46\n|\n|t:|1631130289\n|move|p2a: Arcanine|Wild Charge|p1a: Kyurem\n|-resisted|p1a: Kyurem\n|-end|p1a: Kyurem|Substitute\n|-damage|p2a: Arcanine|185\/282|[from] Recoil|[of] p1a: Kyurem\n|move|p1a: Kyurem|Ice Beam|p2a: Arcanine\n|-resisted|p2a: Arcanine\n|-damage|p2a: Arcanine|124\/282\n|\n|upkeep\n|turn|47\n|\n|t:|1631130295\n|move|p2a: Arcanine|Morning Sun|p2a: Arcanine\n|-heal|p2a: Arcanine|265\/282\n|move|p1a: Kyurem|Ice Beam|p2a: Arcanine\n|-resisted|p2a: Arcanine\n|-damage|p2a: Arcanine|206\/282\n|\n|upkeep\n|turn|48\n|\n|t:|1631130302\n|move|p2a: Arcanine|Flare Blitz|p1a: Kyurem\n|-damage|p1a: Kyurem|204\/331\n|-damage|p2a: Arcanine|164\/282|[from] Recoil\n|move|p1a: Kyurem|Ice Beam|p2a: Arcanine\n|-resisted|p2a: Arcanine\n|-damage|p2a: Arcanine|107\/282\n|\n|upkeep\n|turn|49\n|\n|t:|1631130308\n|move|p2a: Arcanine|Morning Sun|p2a: Arcanine\n|-heal|p2a: Arcanine|248\/282\n|move|p1a: Kyurem|Roost|p1a: Kyurem\n|-heal|p1a: Kyurem|331\/331\n|-singleturn|p1a: Kyurem|move: Roost\n|\n|upkeep\n|turn|50\n|\n|t:|1631130316\n|move|p2a: Arcanine|Flare Blitz|p1a: Kyurem\n|-damage|p1a: Kyurem|190\/331\n|-damage|p2a: Arcanine|201\/282|[from] Recoil\n|move|p1a: Kyurem|Ice Beam|p2a: Arcanine\n|-resisted|p2a: Arcanine\n|-damage|p2a: Arcanine|135\/282\n|\n|upkeep\n|turn|51\n|\n|t:|1631130324\n|move|p2a: Arcanine|Morning Sun|p2a: Arcanine\n|-heal|p2a: Arcanine|276\/282\n|move|p1a: Kyurem|Roost|p1a: Kyurem\n|-heal|p1a: Kyurem|331\/331\n|-singleturn|p1a: Kyurem|move: Roost\n|\n|upkeep\n|turn|52\n|\n|t:|1631130328\n|move|p2a: Arcanine|Wild Charge|p1a: Kyurem\n|-resisted|p1a: Kyurem\n|-damage|p1a: Kyurem|297\/331\n|-damage|p2a: Arcanine|267\/282|[from] Recoil\n|move|p1a: Kyurem|Substitute|p1a: Kyurem\n|-start|p1a: Kyurem|Substitute\n|-damage|p1a: Kyurem|215\/331\n|\n|upkeep\n|turn|53\n|\n|t:|1631130335\n|move|p2a: Arcanine|Wild Charge|p1a: Kyurem\n|-resisted|p1a: Kyurem\n|-activate|p1a: Kyurem|move: Substitute|[damage]\n|-damage|p2a: Arcanine|258\/282|[from] Recoil|[of] p1a: Kyurem\n|move|p1a: Kyurem|Ice Beam|p2a: Arcanine\n|-resisted|p2a: Arcanine\n|-damage|p2a: Arcanine|197\/282\n|\n|upkeep\n|turn|54\n|\n|t:|1631130341\n|move|p2a: Arcanine|Wild Charge|p1a: Kyurem\n|-resisted|p1a: Kyurem\n|-activate|p1a: Kyurem|move: Substitute|[damage]\n|-damage|p2a: Arcanine|188\/282|[from] Recoil|[of] p1a: Kyurem\n|move|p1a: Kyurem|Ice Beam|p2a: Arcanine\n|-resisted|p2a: Arcanine\n|-damage|p2a: Arcanine|128\/282\n|\n|upkeep\n|turn|55\n|\n|t:|1631130348\n|move|p2a: Arcanine|Wild Charge|p1a: Kyurem\n|-resisted|p1a: Kyurem\n|-end|p1a: Kyurem|Substitute\n|-damage|p2a: Arcanine|125\/282|[from] Recoil|[of] p1a: Kyurem\n|move|p1a: Kyurem|Ice Beam|p2a: Arcanine\n|-resisted|p2a: Arcanine\n|-damage|p2a: Arcanine|65\/282\n|-status|p2a: Arcanine|frz\n|\n|upkeep\n|turn|56\n|\n|t:|1631130355\n|switch|p2a: Bewear|Bewear, L82, F|298\/331\n|move|p1a: Kyurem|Substitute|p1a: Kyurem\n|-start|p1a: Kyurem|Substitute\n|-damage|p1a: Kyurem|133\/331\n|\n|upkeep\n|turn|57\n|\n|t:|1631130365\n|move|p1a: Kyurem|Roost|p1a: Kyurem\n|-heal|p1a: Kyurem|299\/331\n|-singleturn|p1a: Kyurem|move: Roost\n|move|p2a: Bewear|Double-Edge|p1a: Kyurem\n|-end|p1a: Kyurem|Substitute\n|-damage|p2a: Bewear|271\/331|[from] Recoil|[of] p1a: Kyurem\n|-damage|p2a: Bewear|238\/331|[from] item: Life Orb\n|\n|upkeep\n|turn|58\n|inactive|dabintheclub has 120 seconds left.\n|\n|t:|1631130397\n|move|p1a: Kyurem|Substitute|p1a: Kyurem\n|-start|p1a: Kyurem|Substitute\n|-damage|p1a: Kyurem|217\/331\n|move|p2a: Bewear|Ice Punch|p1a: Kyurem\n|-activate|p1a: Kyurem|move: Substitute|[damage]\n|-damage|p2a: Bewear|205\/331|[from] item: Life Orb\n|\n|upkeep\n|turn|59\n|\n|t:|1631130400\n|move|p1a: Kyurem|Ice Beam|p2a: Bewear\n|-damage|p2a: Bewear|63\/331\n|move|p2a: Bewear|Ice Punch|p1a: Kyurem\n|-end|p1a: Kyurem|Substitute\n|-damage|p2a: Bewear|30\/331|[from] item: Life Orb\n|\n|upkeep\n|turn|60\n|\n|t:|1631130406\n|move|p1a: Kyurem|Ice Beam|p2a: Bewear\n|-damage|p2a: Bewear|0 fnt\n|faint|p2a: Bewear\n|\n|upkeep\n|\n|t:|1631130408\n|switch|p2a: Arcanine|Arcanine, L82, M|65\/282 frz\n|turn|61\n|c|\u2606TehranTyphlosions|gg\n|\n|t:|1631130412\n|cant|p2a: Arcanine|frz\n|move|p1a: Kyurem|Draco Meteor|p2a: Arcanine\n|-damage|p2a: Arcanine|0 fnt\n|-unboost|p1a: Kyurem|spa|2\n|faint|p2a: Arcanine\n|\n|win|TehranTyphlosions\n|raw|TehranTyphlosions's rating: 1785 &rarr; <strong>1804<\/strong><br \/>(+19 for winning)\n|raw|dabintheclub's rating: 1772 &rarr; <strong>1753<\/strong><br \/>(-19 for losing)\n|l|\u2606dabintheclub\n||Ladder isn't responding, score probably updated but might not have (Request timeout).\n","inputlog":">version 1fc5e3a787b8279edae46856b686e9990da28421\n>start {\"formatid\":\"gen8randombattle\",\"seed\":[62178,12777,23005,56493],\"rated\":\"Rated battle\"}\n>player p1 {\"name\":\"TehranTyphlosions\",\"avatar\":\"clair\",\"rating\":1785,\"seed\":[18559,7522,6046,52170]}\n>player p2 {\"name\":\"dabintheclub\",\"avatar\":\"170\",\"rating\":1772,\"seed\":[12160,64016,22409,14673]}\n>p1 move focusblast\n>p2 switch 5\n>p1 switch 2\n>p2 move uturn\n>p2 switch 5\n>p1 switch 2\n>p2 move stealthrock\n>p1 move thunderbolt\n>p2 move dracometeor\n>p1 move psychic\n>p2 switch 2\n>p1 move focusblast\n>p2 move knockoff\n>p1 switch 2\n>p1 move auroraveil\n>p2 switch 2\n>p1 move blizzard\n>p2 move flashcannon\n>p1 switch 6\n>p1 move dynamaxcannon\n>p2 move dracometeor\n>p1 move recover\n>p2 switch 2\n>p1 move dynamaxcannon\n>p2 move knockoff\n>p1 move recover\n>p2 switch 2\n>p1 move dynamaxcannon\n>p2 move dracometeor\n>p2 switch 6\n>p1 move dynamaxcannon\n>p2 move nastyplot\n>p1 move dynamaxcannon\n>p2 move psyshock\n>p1 switch 5\n>p1 move dazzlinggleam dynamax\n>p2 move thunderbolt\n>p2 switch 2\n>p1 move dazzlinggleam dynamax\n>p2 move knockoff\n>p2 switch 5\n>p1 move dazzlinggleam dynamax\n>p2 move dualwingbeat dynamax\n>p1 switch 4\n>p1 move roost\n>p2 move uturn dynamax\n>p1 move roost\n>p2 move uturn dynamax\n>p1 switch 3\n>p2 move knockoff\n>p1 move boomburst\n>p2 move dualwingbeat\n>p1 move boomburst\n>p2 move knockoff\n>p1 switch 3\n>p1 move icebeam\n>p2 move dualwingbeat\n>p2 switch 3\n>p1 move substitute\n>p2 move closecombat\n>p1 move substitute\n>p2 switch 4\n>p1 move roost\n>p2 move flareblitz\n>p1 move roost\n>p2 move flareblitz\n>p1 move substitute\n>p2 move flareblitz\n>p1 move roost\n>p2 move flareblitz\n>p1 move roost\n>p2 move morningsun\n>p1 move substitute\n>p2 move flareblitz\n>chat \u2606TehranTyphlosions|sry to do this\n>p1 move roost\n>p2 move flareblitz\n>p1 move substitute\n>p2 move flareblitz\n>p1 move roost\n>p2 move flareblitz\n>p1 move roost\n>p2 move morningsun\n>p1 move roost\n>p2 move flareblitz\n>p1 move substitute\n>p2 move flareblitz\n>p1 move roost\n>p2 move extremespeed\n>p1 move substitute\n>p2 move wildcharge\n>p1 move icebeam\n>p2 move extremespeed\n>p1 move roost\n>p2 move morningsun\n>p1 move icebeam\n>p2 move wildcharge\n>p1 move substitute\n>p2 move extremespeed\n>p1 move roost\n>p2 move extremespeed\n>p1 move icebeam\n>p2 move wildcharge\n>p1 move icebeam\n>p2 move morningsun\n>p1 move icebeam\n>p2 move flareblitz\n>p1 move roost\n>p2 move morningsun\n>p1 move icebeam\n>p2 move flareblitz\n>p1 move roost\n>p2 move morningsun\n>p1 move substitute\n>p2 move wildcharge\n>p1 move icebeam\n>p2 move wildcharge\n>p1 move icebeam\n>p2 move wildcharge\n>p1 move icebeam\n>p2 move wildcharge\n>p1 move substitute\n>p2 switch 4\n>p1 move roost\n>p2 move doubleedge\n>p1 move substitute\n>p2 move icepunch\n>p1 move icebeam\n>p2 move icepunch\n>p1 move icebeam\n>p2 move closecombat\n>p2 switch 4\n>chat \u2606TehranTyphlosions|gg\n>p1 move dracometeor\n>p2 move morningsun","uploadtime":1631130426,"views":26,"p1id":"tehrantyphlosions","p2id":"dabintheclub","formatid":"gen8randombattle","rating":1753,"private":0,"password":null}