{"id":"gen8nationaldex-1702227985","p1":"Jadenisbadatpkmn","p2":"brettfavreinnocent","format":"gen8nationaldex","log":"|j|\u2606Jadenisbadatpkmn\n|j|\u203dbrettfavreinnocent\n|t:|1667523461\n|gametype|singles\n|player|p1|Jadenisbadatpkmn|shelly|1727\n|player|p2|brettfavreinnocent|fantina|1820\n|teamsize|p1|6\n|teamsize|p2|6\n|gen|8\n|tier|[Gen 8] National Dex\n|rated|\n|rule|HP Percentage Mod: HP is shown in percentages\n|rule|Endless Battle Clause: Forcing endless battles is banned\n|rule|OHKO Clause: OHKO moves are banned\n|rule|Evasion Moves Clause: Evasion moves are banned\n|rule|Species Clause: Limit one of each Pok\u00e9mon\n|rule|Dynamax Clause: You cannot dynamax\n|rule|Sleep Clause Mod: Limit one foe put to sleep\n|clearpoke\n|poke|p1|Aggron, F|\n|poke|p1|Regieleki|\n|poke|p1|Heatran, M|\n|poke|p1|Garchomp, M|\n|poke|p1|Tapu Fini|\n|poke|p1|Zapdos-Galar|\n|poke|p2|Kyurem|\n|poke|p2|Ferrothorn, M|\n|poke|p2|Rillaboom, F|\n|poke|p2|Swampert, F|\n|poke|p2|Pelipper, F|\n|poke|p2|Greninja, M|\n|teampreview\n|inactive|Battle timer is ON: inactive players will automatically lose when time's up. (requested by Jadenisbadatpkmn)\n|\n|t:|1667523482\n|start\n|switch|p1a: Regieleki|Regieleki|100\/100\n|switch|p2a: Ferrothorn|Ferrothorn, M|100\/100\n|turn|1\n|\n|t:|1667523488\n|switch|p1a: Heatran|Heatran, M|100\/100\n|move|p2a: Ferrothorn|Stealth Rock|p1a: Heatran\n|-sidestart|p1: Jadenisbadatpkmn|move: Stealth Rock\n|\n|upkeep\n|turn|2\n|\n|t:|1667523490\n|switch|p2a: Pelipper|Pelipper, F|100\/100\n|-weather|RainDance|[from] ability: Drizzle|[of] p2a: Pelipper\n|move|p1a: Heatran|Magma Storm|p2a: Pelipper|[miss]\n|-miss|p1a: Heatran|p2a: Pelipper\n|\n|-weather|RainDance|[upkeep]\n|upkeep\n|turn|3\n|\n|t:|1667523495\n|switch|p1a: Regieleki|Regieleki|100\/100\n|-damage|p1a: Regieleki|88\/100|[from] Stealth Rock\n|move|p2a: Pelipper|Scald|p1a: Regieleki\n|-damage|p1a: Regieleki|25\/100\n|-status|p1a: Regieleki|brn\n|\n|-weather|RainDance|[upkeep]\n|-damage|p1a: Regieleki|19\/100 brn|[from] brn\n|upkeep\n|turn|4\n|\n|t:|1667523502\n|move|p1a: Regieleki|Rapid Spin|p2a: Pelipper\n|-damage|p2a: Pelipper|96\/100\n|-boost|p1a: Regieleki|spe|1\n|-sideend|p1: Jadenisbadatpkmn|Stealth Rock|[from] move: Rapid Spin|[of] p1a: Regieleki\n|move|p2a: Pelipper|Scald|p1a: Regieleki\n|-damage|p1a: Regieleki|0 fnt\n|faint|p1a: Regieleki\n|\n|-weather|RainDance|[upkeep]\n|upkeep\n|\n|t:|1667523508\n|switch|p1a: Zapdos|Zapdos-Galar|100\/100\n|turn|5\n|\n|t:|1667523519\n|move|p1a: Zapdos|Brave Bird|p2a: Pelipper\n|-damage|p2a: Pelipper|23\/100\n|-damage|p1a: Zapdos|76\/100|[from] Recoil\n|move|p2a: Pelipper|Scald|p1a: Zapdos\n|-damage|p1a: Zapdos|32\/100\n|\n|-weather|RainDance|[upkeep]\n|upkeep\n|turn|6\n|\n|t:|1667523533\n|switch|p2a: Ferrothorn|Ferrothorn, M|100\/100\n|move|p1a: Zapdos|Brave Bird|p2a: Ferrothorn\n|-crit|p2a: Ferrothorn\n|-damage|p2a: Ferrothorn|0 fnt\n|-damage|p1a: Zapdos|20\/100|[from] ability: Iron Barbs|[of] p2a: Ferrothorn\n|faint|p2a: Ferrothorn\n|-damage|p1a: Zapdos|0 fnt|[from] Recoil\n|faint|p1a: Zapdos\n|\n|-weather|RainDance|[upkeep]\n|upkeep\n|\n|t:|1667523545\n|switch|p1a: Garchomp|Garchomp, M|100\/100\n|switch|p2a: Swampert|Swampert, F|100\/100\n|turn|7\n|\n|t:|1667523549\n|detailschange|p2a: Swampert|Swampert-Mega, F\n|-mega|p2a: Swampert|Swampert|Swampertite\n|move|p2a: Swampert|Ice Punch|p1a: Garchomp\n|-supereffective|p1a: Garchomp\n|-damage|p1a: Garchomp|0 fnt\n|-damage|p2a: Swampert|88\/100|[from] ability: Rough Skin|[of] p1a: Garchomp\n|faint|p1a: Garchomp\n|\n|-weather|RainDance|[upkeep]\n|upkeep\n|\n|t:|1667523555\n|switch|p1a: Tapu Fini|Tapu Fini|100\/100\n|-fieldstart|move: Misty Terrain|[from] ability: Misty Surge|[of] p1a: Tapu Fini\n|turn|8\n|\n|t:|1667523560\n|switch|p1a: Aggron|Aggron, F|100\/100\n|move|p2a: Swampert|High Horsepower|p1a: Aggron\n|-supereffective|p1a: Aggron\n|-ability|p1a: Aggron|Sturdy\n|-damage|p1a: Aggron|1\/100\n|\n|-weather|RainDance|[upkeep]\n|upkeep\n|turn|9\n|-message|Jadenisbadatpkmn forfeited.\n|\n|win|brettfavreinnocent\n|raw|Jadenisbadatpkmn's rating: 1727 &rarr; <strong>1712<\/strong><br \/>(-15 for losing)\n|raw|brettfavreinnocent's rating: 1820 &rarr; <strong>1835<\/strong><br \/>(+15 for winning)\n|l|\u2606Jadenisbadatpkmn\n||Ladder isn't responding, score probably updated but might not have (Request timeout).\n","uploadtime":1667523632,"views":15,"p1id":"jadenisbadatpkmn","p2id":"brettfavreinnocent","formatid":"gen8nationaldex","rating":1712,"private":0,"password":null}