{"id":"gen8ou-1702452175","p1":"6bands7bands","p2":"minimax_ai","format":"gen8ou","log":"|j|\u26066bands7bands\n|j|\u203dminimax_ai\n|t:|1667556236\n|gametype|singles\n|player|p1|6bands7bands|cyclist-gen4|1255\n|player|p2|minimax_ai|169|1251\n|teamsize|p1|6\n|teamsize|p2|6\n|gen|8\n|tier|[Gen 8] OU\n|rated|\n|rule|Sleep Clause Mod: Limit one foe put to sleep\n|rule|Species Clause: Limit one of each Pok\u00e9mon\n|rule|OHKO Clause: OHKO moves are banned\n|rule|Evasion Items Clause: Evasion items are banned\n|rule|Evasion Moves Clause: Evasion moves are banned\n|rule|Endless Battle Clause: Forcing endless battles is banned\n|rule|HP Percentage Mod: HP is shown in percentages\n|rule|Dynamax Clause: You cannot dynamax\n|clearpoke\n|poke|p1|Dragapult, M|\n|poke|p1|Urshifu-*, M|\n|poke|p1|Tapu Lele|\n|poke|p1|Landorus-Therian, M|\n|poke|p1|Zapdos|\n|poke|p1|Melmetal|\n|poke|p2|Rotom-Wash|\n|poke|p2|Weavile, F|\n|poke|p2|Landorus-Therian, M|\n|poke|p2|Heatran, M|\n|poke|p2|Tangrowth, F|\n|poke|p2|Melmetal|\n|teampreview\n|inactive|Battle timer is ON: inactive players will automatically lose when time's up. (requested by minimax_ai)\n|inactive|6bands7bands has 120 seconds left.\n|\n|t:|1667556272\n|start\n|switch|p1a: Dragapult|Dragapult, M|100\/100\n|switch|p2a: Landorus|Landorus-Therian, M|100\/100\n|-ability|p2a: Landorus|Intimidate|boost\n|-unboost|p1a: Dragapult|atk|1\n|turn|1\n|\n|t:|1667556282\n|move|p1a: Dragapult|U-turn|p2a: Landorus\n|-resisted|p2a: Landorus\n|-damage|p2a: Landorus|95\/100\n|\n|t:|1667556285\n|switch|p1a: Landorus|Landorus-Therian, M|100\/100|[from]move: U-turn\n|-ability|p1a: Landorus|Intimidate|boost\n|-unboost|p2a: Landorus|atk|1\n|move|p2a: Landorus|Toxic|p1a: Landorus\n|-status|p1a: Landorus|tox\n|\n|-heal|p2a: Landorus|100\/100|[from] item: Leftovers\n|-damage|p1a: Landorus|94\/100 tox|[from] psn\n|upkeep\n|turn|2\n|\n|t:|1667556287\n|switch|p2a: Tangrowth|Tangrowth, F|100\/100\n|move|p1a: Landorus|Stealth Rock|p2a: Tangrowth\n|-sidestart|p2: minimax_ai|move: Stealth Rock\n|\n|-heal|p1a: Landorus|100\/100 tox|[from] item: Leftovers\n|-damage|p1a: Landorus|88\/100 tox|[from] psn\n|upkeep\n|turn|3\n|\n|t:|1667556289\n|move|p1a: Landorus|U-turn|p2a: Tangrowth\n|-supereffective|p2a: Tangrowth\n|-damage|p2a: Tangrowth|77\/100\n|-damage|p1a: Landorus|72\/100 tox|[from] item: Rocky Helmet|[of] p2a: Tangrowth\n|\n|t:|1667556295\n|switch|p1a: Dragapult|Dragapult, M|100\/100|[from]move: U-turn\n|move|p2a: Tangrowth|Knock Off|p1a: Dragapult\n|-supereffective|p1a: Dragapult\n|-damage|p1a: Dragapult|37\/100\n|-enditem|p1a: Dragapult|Choice Specs|[from] move: Knock Off|[of] p2a: Tangrowth\n|\n|upkeep\n|turn|4\n|\n|t:|1667556300\n|switch|p2a: Landorus|Landorus-Therian, M|100\/100\n|-damage|p2a: Landorus|88\/100|[from] Stealth Rock\n|-ability|p2a: Landorus|Intimidate|boost\n|-unboost|p1a: Dragapult|atk|1\n|move|p1a: Dragapult|Shadow Ball|p2a: Landorus\n|-damage|p2a: Landorus|60\/100\n|-unboost|p2a: Landorus|spd|1\n|\n|-heal|p2a: Landorus|66\/100|[from] item: Leftovers\n|upkeep\n|turn|5\n|\n|t:|1667556304\n|move|p1a: Dragapult|Draco Meteor|p2a: Landorus\n|-crit|p2a: Landorus\n|-damage|p2a: Landorus|0 fnt\n|-unboost|p1a: Dragapult|spa|2\n|faint|p2a: Landorus\n|\n|upkeep\n|\n|t:|1667556304\n|switch|p2a: Heatran|Heatran, M|100\/100\n|-damage|p2a: Heatran|88\/100|[from] Stealth Rock\n|-item|p2a: Heatran|Air Balloon\n|turn|6\n|\n|t:|1667556308\n|move|p1a: Dragapult|U-turn|p2a: Heatran\n|-resisted|p2a: Heatran\n|-damage|p2a: Heatran|85\/100\n|-enditem|p2a: Heatran|Air Balloon\n|\n|t:|1667556310\n|switch|p1a: Urshifu|Urshifu-Rapid-Strike, M|100\/100|[from]move: U-turn\n|move|p2a: Heatran|Stealth Rock|p1a: Urshifu\n|-sidestart|p1: 6bands7bands|move: Stealth Rock\n|\n|upkeep\n|turn|7\n|\n|t:|1667556312\n|switch|p2a: Tangrowth|Tangrowth, F|100\/100\n|-damage|p2a: Tangrowth|88\/100|[from] Stealth Rock\n|move|p1a: Urshifu|U-turn|p2a: Tangrowth\n|-supereffective|p2a: Tangrowth\n|-damage|p2a: Tangrowth|47\/100\n|-damage|p1a: Urshifu|84\/100|[from] item: Rocky Helmet|[of] p2a: Tangrowth\n|\n|t:|1667556321\n|switch|p1a: Dragapult|Dragapult, M|37\/100|[from]move: U-turn\n|-damage|p1a: Dragapult|24\/100|[from] Stealth Rock\n|\n|upkeep\n|turn|8\n|\n|t:|1667556323\n|switch|p2a: Melmetal|Melmetal|100\/100\n|-damage|p2a: Melmetal|94\/100|[from] Stealth Rock\n|move|p1a: Dragapult|Shadow Ball|p2a: Melmetal\n|-damage|p2a: Melmetal|72\/100\n|-unboost|p2a: Melmetal|spd|1\n|\n|upkeep\n|turn|9\n|\n|t:|1667556328\n|move|p1a: Dragapult|Flamethrower|p2a: Melmetal\n|-supereffective|p2a: Melmetal\n|-damage|p2a: Melmetal|22\/100\n|move|p2a: Melmetal|Double Iron Bash|p1a: Dragapult\n|-damage|p1a: Dragapult|0 fnt\n|faint|p1a: Dragapult\n|-hitcount|p1: Dragapult|1\n|\n|upkeep\n|\n|t:|1667556338\n|switch|p1a: Zapdos|Zapdos|100\/100\n|turn|10\n|\n|t:|1667556340\n|move|p1a: Zapdos|Volt Switch|p2a: Melmetal\n|-damage|p2a: Melmetal|0 fnt\n|faint|p2a: Melmetal\n|\n|t:|1667556346\n|switch|p1a: Melmetal|Melmetal|100\/100|[from]move: Volt Switch\n|-damage|p1a: Melmetal|94\/100|[from] Stealth Rock\n|\n|-heal|p1a: Melmetal|100\/100|[from] item: Leftovers\n|upkeep\n|\n|t:|1667556346\n|switch|p2a: Rotom|Rotom-Wash|100\/100\n|-damage|p2a: Rotom|88\/100|[from] Stealth Rock\n|turn|11\n|\n|t:|1667556352\n|move|p2a: Rotom|Nasty Plot|p2a: Rotom\n|-boost|p2a: Rotom|spa|2\n|move|p1a: Melmetal|Double Iron Bash|p2a: Rotom\n|-resisted|p2a: Rotom\n|-damage|p2a: Rotom|77\/100\n|-resisted|p2a: Rotom\n|-damage|p2a: Rotom|66\/100\n|-hitcount|p2a: Rotom|2\n|\n|-heal|p2a: Rotom|73\/100|[from] item: Leftovers\n|upkeep\n|turn|12\n|\n|t:|1667556354\n|move|p2a: Rotom|Thunderbolt|p1a: Melmetal\n|-damage|p1a: Melmetal|39\/100\n|move|p1a: Melmetal|Toxic|p2a: Rotom\n|-status|p2a: Rotom|tox\n|\n|-heal|p2a: Rotom|79\/100 tox|[from] item: Leftovers\n|-heal|p1a: Melmetal|45\/100|[from] item: Leftovers\n|-damage|p2a: Rotom|73\/100 tox|[from] psn\n|upkeep\n|turn|13\n|\n|t:|1667556356\n|move|p1a: Melmetal|Protect|p1a: Melmetal\n|-singleturn|p1a: Melmetal|Protect\n|move|p2a: Rotom|Thunderbolt|p1a: Melmetal\n|-activate|p1a: Melmetal|move: Protect\n|\n|-heal|p2a: Rotom|79\/100 tox|[from] item: Leftovers\n|-heal|p1a: Melmetal|51\/100|[from] item: Leftovers\n|-damage|p2a: Rotom|66\/100 tox|[from] psn\n|upkeep\n|turn|14\n|\n|t:|1667556359\n|switch|p1a: Landorus|Landorus-Therian, M|72\/100 tox\n|-damage|p1a: Landorus|60\/100 tox|[from] Stealth Rock\n|-ability|p1a: Landorus|Intimidate|boost\n|-unboost|p2a: Rotom|atk|1\n|move|p2a: Rotom|Hydro Pump|p1a: Landorus\n|-supereffective|p1a: Landorus\n|-damage|p1a: Landorus|0 fnt\n|faint|p1a: Landorus\n|\n|-heal|p2a: Rotom|73\/100 tox|[from] item: Leftovers\n|-damage|p2a: Rotom|54\/100 tox|[from] psn\n|upkeep\n|\n|t:|1667556363\n|switch|p1a: Urshifu|Urshifu-Rapid-Strike, M|84\/100\n|-damage|p1a: Urshifu|78\/100|[from] Stealth Rock\n|turn|15\n|\n|t:|1667556365\n|move|p1a: Urshifu|Close Combat|p2a: Rotom\n|-damage|p2a: Rotom|0 fnt\n|-unboost|p1a: Urshifu|def|1\n|-unboost|p1a: Urshifu|spd|1\n|faint|p2a: Rotom\n|\n|upkeep\n|\n|t:|1667556365\n|switch|p2a: Tangrowth|Tangrowth, F|80\/100\n|-damage|p2a: Tangrowth|68\/100|[from] Stealth Rock\n|turn|16\n|\n|t:|1667556370\n|switch|p1a: Melmetal|Melmetal|51\/100\n|-damage|p1a: Melmetal|45\/100|[from] Stealth Rock\n|move|p2a: Tangrowth|Sleep Powder|p1a: Melmetal\n|-status|p1a: Melmetal|slp|[from] move: Sleep Powder\n|\n|-heal|p1a: Melmetal|51\/100 slp|[from] item: Leftovers\n|upkeep\n|turn|17\n|\n|t:|1667556374\n|switch|p1a: Zapdos|Zapdos|100\/100\n|move|p2a: Tangrowth|Knock Off|p1a: Zapdos\n|-damage|p1a: Zapdos|75\/100\n|-enditem|p1a: Zapdos|Heavy-Duty Boots|[from] move: Knock Off|[of] p2a: Tangrowth\n|\n|upkeep\n|turn|18\n|\n|t:|1667556376\n|switch|p2a: Heatran|Heatran, M|85\/100\n|-damage|p2a: Heatran|73\/100|[from] Stealth Rock\n|move|p1a: Zapdos|Hurricane|p2a: Heatran\n|-resisted|p2a: Heatran\n|-damage|p2a: Heatran|47\/100\n|\n|upkeep\n|turn|19\n|\n|t:|1667556379\n|move|p1a: Zapdos|Volt Switch|p2a: Heatran\n|-damage|p2a: Heatran|10\/100\n|\n|t:|1667556382\n|switch|p1a: Melmetal|Melmetal|51\/100 slp|[from]move: Volt Switch\n|-damage|p1a: Melmetal|45\/100 slp|[from] Stealth Rock\n|move|p2a: Heatran|Magma Storm|p1a: Melmetal|[miss]\n|-miss|p2a: Heatran|p1a: Melmetal\n|\n|-heal|p1a: Melmetal|51\/100 slp|[from] item: Leftovers\n|upkeep\n|turn|20\n|\n|t:|1667556384\n|cant|p1a: Melmetal|slp\n|move|p2a: Heatran|Magma Storm|p1a: Melmetal\n|-supereffective|p1a: Melmetal\n|-damage|p1a: Melmetal|0 fnt\n|faint|p1a: Melmetal\n|\n|upkeep\n|\n|t:|1667556389\n|switch|p1a: Urshifu|Urshifu-Rapid-Strike, M|78\/100\n|-damage|p1a: Urshifu|72\/100|[from] Stealth Rock\n|turn|21\n|\n|t:|1667556394\n|move|p1a: Urshifu|U-turn|p2a: Heatran\n|-resisted|p2a: Heatran\n|-damage|p2a: Heatran|1\/100\n|\n|t:|1667556396\n|switch|p1a: Zapdos|Zapdos|75\/100|[from]move: U-turn\n|-damage|p1a: Zapdos|50\/100|[from] Stealth Rock\n|move|p2a: Heatran|Magma Storm|p1a: Zapdos\n|-damage|p1a: Zapdos|0 fnt\n|faint|p1a: Zapdos\n|\n|upkeep\n|\n|t:|1667556398\n|switch|p1a: Urshifu|Urshifu-Rapid-Strike, M|72\/100\n|-damage|p1a: Urshifu|66\/100|[from] Stealth Rock\n|turn|22\n|\n|t:|1667556400\n|switch|p2a: Tangrowth|Tangrowth, F|100\/100\n|-damage|p2a: Tangrowth|88\/100|[from] Stealth Rock\n|move|p1a: Urshifu|Surging Strikes|p2a: Tangrowth\n|-resisted|p2a: Tangrowth\n|-crit|p2a: Tangrowth\n|-damage|p2a: Tangrowth|80\/100\n|-damage|p1a: Urshifu|49\/100|[from] item: Rocky Helmet|[of] p2a: Tangrowth\n|-resisted|p2a: Tangrowth\n|-crit|p2a: Tangrowth\n|-damage|p2a: Tangrowth|72\/100\n|-damage|p1a: Urshifu|33\/100|[from] item: Rocky Helmet|[of] p2a: Tangrowth\n|-resisted|p2a: Tangrowth\n|-crit|p2a: Tangrowth\n|-damage|p2a: Tangrowth|64\/100\n|-damage|p1a: Urshifu|16\/100|[from] item: Rocky Helmet|[of] p2a: Tangrowth\n|-hitcount|p2a: Tangrowth|3\n|\n|upkeep\n|turn|23\n|\n|t:|1667556403\n|move|p1a: Urshifu|Surging Strikes|p2a: Tangrowth\n|-resisted|p2a: Tangrowth\n|-crit|p2a: Tangrowth\n|-damage|p2a: Tangrowth|56\/100\n|-damage|p1a: Urshifu|0 fnt|[from] item: Rocky Helmet|[of] p2a: Tangrowth\n|faint|p1a: Urshifu\n|-hitcount|p2a: Tangrowth|1\n|move|p2a: Tangrowth|Knock Off|p1: Urshifu|[notarget]\n|-fail|p2a: Tangrowth\n|\n|upkeep\n|\n|t:|1667556406\n|switch|p1a: Tapu Lele|Tapu Lele|100\/100\n|-damage|p1a: Tapu Lele|88\/100|[from] Stealth Rock\n|-fieldstart|move: Psychic Terrain|[from] ability: Psychic Surge|[of] p1a: Tapu Lele\n|turn|24\n|\n|t:|1667556408\n|switch|p2a: Heatran|Heatran, M|1\/100\n|-damage|p2a: Heatran|0 fnt|[from] Stealth Rock\n|faint|p2a: Heatran\n|move|p1a: Tapu Lele|Moonblast|p2: Heatran|[notarget]\n|-fail|p1a: Tapu Lele\n|\n|upkeep\n|\n|t:|1667556408\n|switch|p2a: Weavile|Weavile, F|100\/100\n|-damage|p2a: Weavile|76\/100|[from] Stealth Rock\n|-ability|p2a: Weavile|Pressure\n|turn|25\n|\n|t:|1667556411\n|move|p1a: Tapu Lele|Moonblast|p2a: Weavile\n|-supereffective|p2a: Weavile\n|-damage|p2a: Weavile|0 fnt\n|faint|p2a: Weavile\n|\n|upkeep\n|\n|t:|1667556411\n|switch|p2a: Tangrowth|Tangrowth, F|90\/100\n|-damage|p2a: Tangrowth|77\/100|[from] Stealth Rock\n|turn|26\n|\n|t:|1667556413\n|move|p1a: Tapu Lele|Moonblast|p2a: Tangrowth\n|-damage|p2a: Tangrowth|0 fnt\n|faint|p2a: Tangrowth\n|\n|win|6bands7bands\n|raw|6bands7bands's rating: 1255 &rarr; <strong>1280<\/strong><br \/>(+25 for winning)\n|raw|minimax_ai's rating: 1251 &rarr; <strong>1226<\/strong><br \/>(-25 for losing)\n","uploadtime":1667556414,"views":12,"p1id":"6bands7bands","p2id":"minimaxai","formatid":"gen8ou","rating":1226,"private":0,"password":null}