{"id":"gen8vgc2021series9-1351826737","p1":"bhkg","p2":"Enigmatic_Tester","format":"gen8vgc2021series9","log":"|j|\u2606bhkg\n|j|\u2606Enigmatic_Tester\n|t:|1622645335\n|gametype|doubles\n|player|p1|bhkg|265|1391\n|player|p2|Enigmatic_Tester|shauntal|1377\n|teamsize|p1|6\n|teamsize|p2|6\n|gen|8\n|tier|[Gen 8] VGC 2021 Series 9\n|rated|\n|rule|Species Clause: Limit one of each Pok\u00e9mon\n|rule|Item Clause: Limit one of each item\n|clearpoke\n|poke|p1|Marowak-Alola, L50, F|\n|poke|p1|Nidoqueen, L50, F|\n|poke|p1|Rillaboom, L50, M|\n|poke|p1|Moltres-Galar, L50|\n|poke|p1|Glastrier, L50|\n|poke|p1|Raichu, L50, M|\n|poke|p2|Indeedee-F, L50, F|\n|poke|p2|Hatterene, L50, F|\n|poke|p2|Dusclops, L50, M|\n|poke|p2|Torkoal, L50, M|\n|poke|p2|Lilligant, L50, F|\n|poke|p2|Regirock, L50|\n|teampreview|4\n|inactive|Battle timer is ON: inactive players will automatically lose when time's up. (requested by Enigmatic_Tester)\n|inactive|Enigmatic_Tester has 60 seconds left.\n|inactive|bhkg has 60 seconds left.\n|inactive|Enigmatic_Tester has 30 seconds left.\n|inactive|Enigmatic_Tester has 20 seconds left.\n|inactive|Enigmatic_Tester has 15 seconds left.\n|inactive|Enigmatic_Tester has 10 seconds left.\n|inactive|Enigmatic_Tester has 5 seconds left.\n|\n|t:|1622645423\n|start\n|switch|p1a: Raichu|Raichu, L50, M|100\/100\n|switch|p1b: Glastrier|Glastrier, L50|100\/100\n|switch|p2a: Dusclops|Dusclops, L50, M|100\/100\n|switch|p2b: Indeedee|Indeedee-F, L50, F|100\/100\n|-fieldstart|move: Psychic Terrain|[from] ability: Psychic Surge|[of] p2b: Indeedee\n|-item|p1a: Raichu|Focus Sash|[from] ability: Frisk|[of] p2a: Dusclops|[identify]\n|-item|p1b: Glastrier|Lum Berry|[from] ability: Frisk|[of] p2a: Dusclops|[identify]\n|turn|1\n|inactive|bhkg has 30 seconds left.\n|\n|t:|1622645452\n|-start|p1b: Glastrier|Dynamax\n|-heal|p1b: Glastrier|100\/100|[silent]\n|move|p2b: Indeedee|Follow Me|p2b: Indeedee\n|-singleturn|p2b: Indeedee|move: Follow Me\n|move|p1a: Raichu|Volt Switch|p2b: Indeedee\n|-damage|p2b: Indeedee|80\/100\n|\n|t:|1622645455\n|switch|p1a: Rillaboom|Rillaboom, L50, M|100\/100|[from]move: Volt Switch\n|-fieldstart|move: Grassy Terrain|[from] ability: Grassy Surge|[of] p1a: Rillaboom\n|move|p1b: Glastrier|Max Knuckle|p2b: Indeedee\n|-damage|p2b: Indeedee|24\/100\n|-boost|p1a: Rillaboom|atk|1\n|-boost|p1b: Glastrier|atk|1\n|move|p2a: Dusclops|Trick Room|p2a: Dusclops\n|-fieldstart|move: Trick Room|[of] p2a: Dusclops\n|\n|-heal|p2b: Indeedee|30\/100|[from] Grassy Terrain\n|upkeep\n|turn|2\n|inactive|bhkg has 30 seconds left.\n|inactive|Enigmatic_Tester has 30 seconds left.\n|inactive|Enigmatic_Tester has 20 seconds left.\n|\n|t:|1622645491\n|move|p1a: Rillaboom|Fake Out|p2b: Indeedee\n|-damage|p2b: Indeedee|0 fnt\n|faint|p2b: Indeedee\n|move|p2a: Dusclops|Will-O-Wisp|p1b: Glastrier\n|-status|p1b: Glastrier|brn\n|-enditem|p1b: Glastrier|Lum Berry|[eat]\n|-curestatus|p1b: Glastrier|brn|[msg]\n|move|p1b: Glastrier|Max Quake|p2a: Dusclops\n|-damage|p2a: Dusclops|58\/100\n|-boost|p1a: Rillaboom|spd|1\n|-boost|p1b: Glastrier|spd|1\n|\n|-heal|p2a: Dusclops|64\/100|[from] Grassy Terrain\n|upkeep\n|\n|t:|1622645506\n|switch|p2b: Torkoal|Torkoal, L50, M|100\/100\n|-weather|SunnyDay|[from] ability: Drought|[of] p2b: Torkoal\n|turn|3\n|\n|t:|1622645513\n|move|p2b: Torkoal|Protect|p2b: Torkoal\n|-singleturn|p2b: Torkoal|Protect\n|move|p2a: Dusclops|Will-O-Wisp|p1b: Glastrier\n|-status|p1b: Glastrier|brn\n|move|p1b: Glastrier|Max Quake|p2b: Torkoal\n|-supereffective|p2b: Torkoal\n|-zbroken|p2b: Torkoal\n|-damage|p2b: Torkoal|84\/100\n|-boost|p1a: Rillaboom|spd|1\n|-boost|p1b: Glastrier|spd|1\n|-enditem|p2b: Torkoal|Weakness Policy\n|-boost|p2b: Torkoal|atk|2|[from] item: Weakness Policy\n|-boost|p2b: Torkoal|spa|2|[from] item: Weakness Policy\n|move|p1a: Rillaboom|High Horsepower|p2b: Torkoal\n|-activate|p2b: Torkoal|move: Protect\n|\n|-weather|SunnyDay|[upkeep]\n|-heal|p2a: Dusclops|71\/100|[from] Grassy Terrain\n|-heal|p2b: Torkoal|90\/100|[from] Grassy Terrain\n|-damage|p1b: Glastrier|98\/100 brn|[from] brn\n|-end|p1b: Glastrier|Dynamax\n|-heal|p1b: Glastrier|98\/100 brn|[silent]\n|upkeep\n|turn|4\n|inactive|Enigmatic_Tester has 30 seconds left.\n|\n|t:|1622645541\n|-start|p2b: Torkoal|Dynamax\n|-heal|p2b: Torkoal|90\/100|[silent]\n|move|p1a: Rillaboom|Grassy Glide|p2b: Torkoal\n|-resisted|p2b: Torkoal\n|-damage|p2b: Torkoal|78\/100\n|move|p2a: Dusclops|Night Shade|p1a: Rillaboom\n|-damage|p1a: Rillaboom|76\/100\n|move|p2b: Torkoal|Max Flare|p1a: Rillaboom\n|-supereffective|p1a: Rillaboom\n|-damage|p1a: Rillaboom|0 fnt\n|faint|p1a: Rillaboom\n|move|p1b: Glastrier|High Horsepower|p2b: Torkoal\n|-supereffective|p2b: Torkoal\n|-damage|p2b: Torkoal|56\/100\n|\n|-weather|SunnyDay|[upkeep]\n|-heal|p2a: Dusclops|77\/100|[from] Grassy Terrain\n|-heal|p2b: Torkoal|59\/100|[from] Grassy Terrain\n|-heal|p1b: Glastrier|100\/100 brn|[from] Grassy Terrain\n|-damage|p1b: Glastrier|95\/100 brn|[from] brn\n|upkeep\n|\n|t:|1622645557\n|switch|p1a: Moltres|Moltres-Galar, L50|100\/100\n|turn|5\n|\n|t:|1622645576\n|move|p1a: Moltres|Protect|p1a: Moltres\n|-singleturn|p1a: Moltres|Protect\n|move|p2a: Dusclops|Night Shade|p1b: Glastrier\n|-damage|p1b: Glastrier|70\/100 brn\n|move|p2b: Torkoal|Max Flare|p1a: Moltres\n|-zbroken|p1a: Moltres\n|-damage|p1a: Moltres|62\/100\n|move|p1b: Glastrier|Icicle Crash|p2a: Dusclops\n|-damage|p2a: Dusclops|56\/100\n|\n|-weather|SunnyDay|[upkeep]\n|-heal|p2a: Dusclops|62\/100|[from] Grassy Terrain\n|-heal|p2b: Torkoal|62\/100|[from] Grassy Terrain\n|-heal|p1b: Glastrier|76\/100 brn|[from] Grassy Terrain\n|-damage|p1b: Glastrier|70\/100 brn|[from] brn\n|-fieldend|move: Trick Room\n|-fieldend|move: Grassy Terrain\n|upkeep\n|turn|6\n|\n|t:|1622645601\n|move|p1a: Moltres|Fiery Wrath|p2b: Torkoal|[spread] p2a,p2b\n|-supereffective|p2a: Dusclops\n|-damage|p2a: Dusclops|26\/100\n|-damage|p2b: Torkoal|43\/100\n|move|p1b: Glastrier|Icicle Crash|p2a: Dusclops\n|-damage|p2a: Dusclops|6\/100\n|move|p2b: Torkoal|Max Flare|p1a: Moltres\n|-damage|p1a: Moltres|0 fnt\n|faint|p1a: Moltres\n|move|p2a: Dusclops|Trick Room|p2a: Dusclops\n|-fieldstart|move: Trick Room|[of] p2a: Dusclops\n|\n|-weather|SunnyDay|[upkeep]\n|-damage|p1b: Glastrier|65\/100 brn|[from] brn\n|-end|p2b: Torkoal|Dynamax\n|-heal|p2b: Torkoal|43\/100|[silent]\n|upkeep\n|\n|t:|1622645604\n|switch|p1a: Raichu|Raichu, L50, M|100\/100\n|turn|7\n|\n|t:|1622645621\n|move|p2b: Torkoal|Protect|p2b: Torkoal\n|-singleturn|p2b: Torkoal|Protect\n|move|p2a: Dusclops|Night Shade|p1a: Raichu\n|-damage|p1a: Raichu|71\/100\n|move|p1b: Glastrier|High Horsepower|p2b: Torkoal\n|-activate|p2b: Torkoal|move: Protect\n|move|p1a: Raichu|Volt Switch|p2b: Torkoal\n|-activate|p2b: Torkoal|move: Protect\n|\n|-weather|none\n|-damage|p1b: Glastrier|59\/100 brn|[from] brn\n|upkeep\n|turn|8\n|\n|t:|1622645648\n|move|p2a: Dusclops|Night Shade|p1b: Glastrier\n|-damage|p1b: Glastrier|34\/100 brn\n|move|p2b: Torkoal|Earth Power|p1a: Raichu\n|-supereffective|p1a: Raichu\n|-damage|p1a: Raichu|0 fnt\n|faint|p1a: Raichu\n|move|p1b: Glastrier|High Horsepower|p2b: Torkoal\n|-supereffective|p2b: Torkoal\n|-damage|p2b: Torkoal|0 fnt\n|faint|p2b: Torkoal\n|-ability|p1b: Glastrier|Chilling Neigh|boost\n|-boost|p1b: Glastrier|atk|1\n|\n|-damage|p1b: Glastrier|29\/100 brn|[from] brn\n|upkeep\n|\n|t:|1622645660\n|switch|p2b: Regirock|Regirock, L50|100\/100\n|turn|9\n|-message|bhkg forfeited.\n|\n|win|Enigmatic_Tester\n|raw|bhkg's rating: 1391 &rarr; <strong>1370<\/strong><br \/>(-21 for losing)\n|raw|Enigmatic_Tester's rating: 1377 &rarr; <strong>1398<\/strong><br \/>(+21 for winning)\n|player|p1|bhkg|265\n","uploadtime":1622645681,"views":19,"p1id":"bhkg","p2id":"enigmatictester","formatid":"gen8vgc2021series9","rating":1370,"private":0,"password":null}