{"id":"gen8ubers-1614395509","p1":"rooopos","p2":"SpikeyRifk","format":"gen8ubers","log":"|html|<div class=\"broadcast-blue\"><strong>[Gen 8] Ubers is currently suspecting Calyrex-Shadow! For information on how to participate check out the <a href=\"https:\/\/www.smogon.com\/forums\/threads\/np-ss-ubers-stage-8-ridin-dirty-calyrex-shadow-suspect-test.3704200\/\">suspect thread<\/a>.<\/strong><\/div>\n|j|\u2606rooopos\n|j|\u2606SpikeyRifk\n|t:|1657473811\n|gametype|singles\n|player|p1|rooopos|101|\n|player|p2|SpikeyRifk|allister|\n|teamsize|p1|6\n|teamsize|p2|6\n|gen|8\n|tier|[Gen 8] Ubers\n|rule|Sleep Clause Mod: Limit one foe put to sleep\n|rule|Species Clause: Limit one of each Pok\u00e9mon\n|rule|OHKO Clause: OHKO moves are banned\n|rule|Evasion Moves Clause: Evasion moves are banned\n|rule|Endless Battle Clause: Forcing endless battles is banned\n|rule|HP Percentage Mod: HP is shown in percentages\n|rule|Dynamax Clause: You cannot dynamax\n|clearpoke\n|poke|p1|Dragapult, F|\n|poke|p1|Weavile, M|\n|poke|p1|Landorus-Therian, M|\n|poke|p1|Ferrothorn, F|\n|poke|p1|Volcanion|\n|poke|p1|Tapu Koko|\n|poke|p2|Kyurem|\n|poke|p2|Dragapult, M|\n|poke|p2|Latias, F|\n|poke|p2|Kommo-o, M|\n|poke|p2|Hydreigon, F|\n|poke|p2|Garchomp, F|\n|teampreview\n|c|\u2606rooopos|hf\n|\n|t:|1657473851\n|start\n|switch|p1a: Tapu Koko|Tapu Koko|100\/100\n|switch|p2a: DREAMS|Latias, F|100\/100\n|-fieldstart|move: Electric Terrain|[from] ability: Electric Surge|[of] p1a: Tapu Koko\n|turn|1\n|\n|t:|1657473855\n|move|p1a: Tapu Koko|U-turn|p2a: DREAMS\n|-supereffective|p2a: DREAMS\n|-damage|p2a: DREAMS|64\/100\n|\n|t:|1657473867\n|switch|p1a: Weavile|Weavile, M|100\/100|[from]move: U-turn\n|-ability|p1a: Weavile|Pressure\n|move|p2a: DREAMS|Light Screen|p2a: DREAMS\n|-sidestart|p2: SpikeyRifk|move: Light Screen\n|\n|upkeep\n|turn|2\n|\n|t:|1657473877\n|move|p1a: Weavile|Knock Off|p2a: DREAMS\n|-supereffective|p2a: DREAMS\n|-damage|p2a: DREAMS|0 fnt\n|-enditem|p2a: DREAMS|Light Clay|[from] move: Knock Off|[of] p1a: Weavile\n|faint|p2a: DREAMS\n|\n|upkeep\n|\n|t:|1657473886\n|switch|p2a: HOW RUDE|Kyurem|100\/100\n|-ability|p2a: HOW RUDE|Pressure\n|turn|3\n|\n|t:|1657473899\n|move|p2a: HOW RUDE|Flash Cannon|p1a: Weavile\n|-supereffective|p1a: Weavile\n|-damage|p1a: Weavile|20\/100\n|move|p1a: Weavile|Swords Dance|p1a: Weavile\n|-boost|p1a: Weavile|atk|2\n|\n|upkeep\n|turn|4\n|\n|t:|1657473904\n|switch|p1a: Volcanion|Volcanion|100\/100\n|move|p2a: HOW RUDE|Flash Cannon|p1a: Volcanion\n|-resisted|p1a: Volcanion\n|-damage|p1a: Volcanion|92\/100\n|\n|upkeep\n|turn|5\n|\n|t:|1657473916\n|switch|p2a: ANGEL 9|Hydreigon, F|100\/100\n|move|p1a: Volcanion|Steam Eruption|p2a: ANGEL 9\n|-resisted|p2a: ANGEL 9\n|-damage|p2a: ANGEL 9|85\/100\n|-status|p2a: ANGEL 9|brn\n|\n|-damage|p2a: ANGEL 9|79\/100 brn|[from] brn\n|-fieldend|move: Electric Terrain\n|upkeep\n|turn|6\n|\n|t:|1657473930\n|switch|p1a: Landorus|Landorus-Therian, M|100\/100\n|-ability|p1a: Landorus|Intimidate|boost\n|-unboost|p2a: ANGEL 9|atk|1\n|move|p2a: ANGEL 9|Dark Pulse|p1a: Landorus\n|-damage|p1a: Landorus|59\/100\n|\n|-heal|p1a: Landorus|65\/100|[from] item: Leftovers\n|-damage|p2a: ANGEL 9|72\/100 brn|[from] brn\n|upkeep\n|turn|7\n|\n|t:|1657473949\n|switch|p1a: Tapu Koko|Tapu Koko|100\/100\n|-fieldstart|move: Electric Terrain|[from] ability: Electric Surge|[of] p1a: Tapu Koko\n|move|p2a: ANGEL 9|Dark Pulse|p1a: Tapu Koko\n|-resisted|p1a: Tapu Koko\n|-damage|p1a: Tapu Koko|54\/100\n|\n|-damage|p2a: ANGEL 9|66\/100 brn|[from] brn\n|upkeep\n|turn|8\n|\n|t:|1657473961\n|move|p1a: Tapu Koko|U-turn|p2a: ANGEL 9\n|-supereffective|p2a: ANGEL 9\n|-damage|p2a: ANGEL 9|31\/100 brn\n|\n|t:|1657473964\n|switch|p1a: Landorus|Landorus-Therian, M|65\/100|[from]move: U-turn\n|-ability|p1a: Landorus|Intimidate|boost\n|-unboost|p2a: ANGEL 9|atk|1\n|move|p2a: ANGEL 9|Dark Pulse|p1a: Landorus\n|-damage|p1a: Landorus|20\/100\n|\n|-heal|p1a: Landorus|26\/100|[from] item: Leftovers\n|-damage|p2a: ANGEL 9|24\/100 brn|[from] brn\n|-sideend|p2: SpikeyRifk|move: Light Screen\n|upkeep\n|turn|9\n|\n|t:|1657473970\n|move|p2a: ANGEL 9|Dark Pulse|p1a: Landorus\n|-damage|p1a: Landorus|0 fnt\n|faint|p1a: Landorus\n|\n|-damage|p2a: ANGEL 9|18\/100 brn|[from] brn\n|upkeep\n|\n|t:|1657473973\n|switch|p1a: Tapu Koko|Tapu Koko|54\/100\n|turn|10\n|\n|t:|1657473976\n|move|p1a: Tapu Koko|Dazzling Gleam|p2a: ANGEL 9\n|-supereffective|p2a: ANGEL 9\n|-damage|p2a: ANGEL 9|0 fnt\n|faint|p2a: ANGEL 9\n|\n|upkeep\n|\n|t:|1657473977\n|switch|p2a: HOW RUDE|Kyurem|100\/100\n|-ability|p2a: HOW RUDE|Pressure\n|turn|11\n|\n|t:|1657473983\n|switch|p1a: Volcanion|Volcanion|92\/100\n|move|p2a: HOW RUDE|Freeze-Dry|p1a: Volcanion\n|-damage|p1a: Volcanion|38\/100\n|\n|-fieldend|move: Electric Terrain\n|upkeep\n|turn|12\n|\n|t:|1657473993\n|move|p2a: HOW RUDE|Freeze-Dry|p1a: Volcanion\n|-damage|p1a: Volcanion|0 fnt\n|faint|p1a: Volcanion\n|\n|upkeep\n|\n|t:|1657473998\n|switch|p1a: Ferrothorn|Ferrothorn, F|100\/100\n|turn|13\n|\n|t:|1657474006\n|switch|p2a: Winter|Kommo-o, M|100\/100\n|move|p1a: Ferrothorn|Knock Off|p2a: Winter\n|-resisted|p2a: Winter\n|-damage|p2a: Winter|90\/100\n|-enditem|p2a: Winter|Sitrus Berry|[from] move: Knock Off|[of] p1a: Ferrothorn\n|\n|upkeep\n|turn|14\n|\n|t:|1657474013\n|switch|p1a: Dragapult|Dragapult, F|100\/100\n|move|p2a: Winter|Clangorous Soul|p2a: Winter\n|-boost|p2a: Winter|atk|1\n|-boost|p2a: Winter|def|1\n|-boost|p2a: Winter|spa|1\n|-boost|p2a: Winter|spd|1\n|-boost|p2a: Winter|spe|1\n|-damage|p2a: Winter|57\/100\n|\n|upkeep\n|turn|15\n|\n|t:|1657474024\n|move|p2a: Winter|Dragon Claw|p1a: Dragapult\n|-supereffective|p1a: Dragapult\n|-damage|p1a: Dragapult|0 fnt\n|faint|p1a: Dragapult\n|\n|upkeep\n|\n|t:|1657474027\n|switch|p1a: Tapu Koko|Tapu Koko|54\/100\n|-fieldstart|move: Electric Terrain|[from] ability: Electric Surge|[of] p1a: Tapu Koko\n|turn|16\n|\n|t:|1657474032\n|move|p2a: Winter|Poison Jab|p1a: Tapu Koko\n|-supereffective|p1a: Tapu Koko\n|-damage|p1a: Tapu Koko|0 fnt\n|faint|p1a: Tapu Koko\n|\n|upkeep\n|\n|t:|1657474036\n|switch|p1a: Weavile|Weavile, M|20\/100\n|-ability|p1a: Weavile|Pressure\n|turn|17\n|\n|t:|1657474038\n|move|p2a: Winter|Drain Punch|p1a: Weavile\n|-supereffective|p1a: Weavile\n|-crit|p1a: Weavile\n|-damage|p1a: Weavile|0 fnt\n|-heal|p2a: Winter|66\/100|[from] drain|[of] p1a: Weavile\n|faint|p1a: Weavile\n|\n|upkeep\n|\n|t:|1657474041\n|switch|p1a: Ferrothorn|Ferrothorn, F|100\/100\n|turn|18\n|\n|t:|1657474044\n|move|p2a: Winter|Drain Punch|p1a: Ferrothorn\n|-supereffective|p1a: Ferrothorn\n|-damage|p1a: Ferrothorn|35\/100\n|-heal|p2a: Winter|100\/100|[from] drain|[of] p1a: Ferrothorn\n|-damage|p2a: Winter|88\/100|[from] ability: Iron Barbs|[of] p1a: Ferrothorn\n|move|p1a: Ferrothorn|Power Whip|p2a: Winter\n|-resisted|p2a: Winter\n|-damage|p2a: Winter|75\/100\n|\n|-heal|p1a: Ferrothorn|41\/100|[from] item: Leftovers\n|upkeep\n|turn|19\n|c|\u2606rooopos|gg\n|\n|t:|1657474052\n|move|p2a: Winter|Drain Punch|p1a: Ferrothorn\n|-supereffective|p1a: Ferrothorn\n|-damage|p1a: Ferrothorn|0 fnt\n|-heal|p2a: Winter|99\/100|[from] drain|[of] p1a: Ferrothorn\n|-damage|p2a: Winter|87\/100|[from] ability: Iron Barbs|[of] p1a: Ferrothorn\n|faint|p1a: Ferrothorn\n|\n|win|SpikeyRifk\n","uploadtime":1657474061,"views":10,"p1id":"rooopos","p2id":"spikeyrifk","formatid":"gen8ubers","rating":0,"private":0,"password":null}