{"id":"gen8ou-1640074292","p1":"LT93OQ Shurtugal","p2":"Ban lando t guy jk","format":"gen8ou","log":"|raw|<div class=\"broadcast-blue\"><strong>This battle is required to be public due to a player having a name starting with 'lt93oq'.<\/div>\n|j|\u2606LT93OQ Shurtugal\n|j|\u2606Ban lando t guy jk\n|t:|1660552033\n|gametype|singles\n|player|p1|LT93OQ Shurtugal|hilda|1649\n|player|p2|Ban lando t guy jk|silver|1659\n|teamsize|p1|6\n|teamsize|p2|6\n|gen|8\n|tier|[Gen 8] OU\n|rated|\n|rule|Sleep Clause Mod: Limit one foe put to sleep\n|rule|Species Clause: Limit one of each Pok\u00e9mon\n|rule|OHKO Clause: OHKO moves are banned\n|rule|Evasion Items Clause: Evasion items are banned\n|rule|Evasion Moves Clause: Evasion moves are banned\n|rule|Endless Battle Clause: Forcing endless battles is banned\n|rule|HP Percentage Mod: HP is shown in percentages\n|rule|Dynamax Clause: You cannot dynamax\n|clearpoke\n|poke|p1|Shuckle, M|\n|poke|p1|Victini|\n|poke|p1|Urshifu-*, M|\n|poke|p1|Kartana|\n|poke|p1|Dragonite, F|\n|poke|p1|Bisharp, M|\n|poke|p2|Pelipper, F|\n|poke|p2|Barraskewda, F|\n|poke|p2|Ferrothorn, F|\n|poke|p2|Seismitoad, F|\n|poke|p2|Tapu Koko|\n|poke|p2|Tornadus-Therian, M|\n|teampreview\n|inactive|Battle timer is ON: inactive players will automatically lose when time's up. (requested by Ban lando t guy jk)\n|\n|t:|1660552051\n|start\n|switch|p1a: Victini|Victini|100\/100\n|switch|p2a: One fish two fish|Barraskewda, F|100\/100\n|turn|1\n|inactive|LT93OQ Shurtugal has 120 seconds left.\n|\n|t:|1660552085\n|switch|p2a: Lando Black sheep|Tornadus-Therian, M|100\/100\n|move|p1a: Victini|Final Gambit|p2a: Lando Black sheep\n|-damage|p2a: Lando Black sheep|0 fnt\n|faint|p1a: Victini\n|faint|p2a: Lando Black sheep\n|\n|upkeep\n|\n|t:|1660552089\n|switch|p2a: One fish two fish|Barraskewda, F|100\/100\n|switch|p1a: Urshifu|Urshifu-Rapid-Strike, M|100\/100\n|turn|2\n|\n|t:|1660552092\n|switch|p1a: Shuckle|Shuckle, M|100\/100\n|move|p2a: One fish two fish|Flip Turn|p1a: Shuckle\n|-supereffective|p1a: Shuckle\n|-damage|p1a: Shuckle|49\/100\n|\n|t:|1660552097\n|switch|p2a: Big Gulp sponsor|Pelipper, F|100\/100|[from]move: Flip Turn\n|-weather|RainDance|[from] ability: Drizzle|[of] p2a: Big Gulp sponsor\n|\n|-weather|RainDance|[upkeep]\n|upkeep\n|turn|3\n|-enditem|p1a: Shuckle|Custap Berry|[eat]\n|-activate|p1a: Shuckle|item: Custap Berry|[consumed]\n|\n|t:|1660552110\n|move|p1a: Shuckle|Sticky Web|p2a: Big Gulp sponsor\n|-sidestart|p2: Ban lando t guy jk|move: Sticky Web\n|move|p2a: Big Gulp sponsor|Scald|p1a: Shuckle\n|-supereffective|p1a: Shuckle\n|-damage|p1a: Shuckle|0 fnt\n|faint|p1a: Shuckle\n|\n|-weather|RainDance|[upkeep]\n|upkeep\n|\n|t:|1660552113\n|switch|p1a: Urshifu|Urshifu-Rapid-Strike, M|100\/100\n|turn|4\n|\n|t:|1660552116\n|move|p1a: Urshifu|Thunder Punch|p2a: Big Gulp sponsor\n|-supereffective|p2a: Big Gulp sponsor\n|-damage|p2a: Big Gulp sponsor|10\/100\n|move|p2a: Big Gulp sponsor|Defog|p1a: Urshifu\n|-unboost|p1a: Urshifu|evasion|1\n|-sideend|p2: Ban lando t guy jk|Sticky Web|[from] move: Defog|[of] p2a: Big Gulp sponsor\n|\n|-weather|RainDance|[upkeep]\n|upkeep\n|turn|5\n|\n|t:|1660552120\n|switch|p2a: Agent \u00a5|Seismitoad, F, shiny|100\/100\n|move|p1a: Urshifu|Surging Strikes|p2a: Agent \u00a5\n|-crit|p2a: Agent \u00a5\n|-damage|p2a: Agent \u00a5|59\/100\n|-crit|p2a: Agent \u00a5\n|-damage|p2a: Agent \u00a5|21\/100\n|-crit|p2a: Agent \u00a5\n|-damage|p2a: Agent \u00a5|0 fnt\n|faint|p2a: Agent \u00a5\n|-hitcount|p2: Agent \u00a5|3\n|\n|-weather|RainDance|[upkeep]\n|upkeep\n|\n|t:|1660552124\n|switch|p2a: Speed Overdose|Tapu Koko|100\/100\n|-fieldstart|move: Electric Terrain|[from] ability: Electric Surge|[of] p2a: Speed Overdose\n|turn|6\n|\n|t:|1660552149\n|move|p2a: Speed Overdose|Volt Switch|p1a: Urshifu\n|-supereffective|p1a: Urshifu\n|-damage|p1a: Urshifu|0 fnt\n|faint|p1a: Urshifu\n|\n|t:|1660552154\n|switch|p2a: One fish two fish|Barraskewda, F|100\/100|[from]move: Volt Switch\n|\n|-weather|RainDance|[upkeep]\n|upkeep\n|\n|t:|1660552158\n|switch|p1a: Kartana|Kartana|100\/100\n|turn|7\n|\n|t:|1660552162\n|move|p2a: One fish two fish|Close Combat|p1a: Kartana\n|-supereffective|p1a: Kartana\n|-enditem|p1a: Kartana|Focus Sash\n|-damage|p1a: Kartana|1\/100\n|-unboost|p2a: One fish two fish|def|1\n|-unboost|p2a: One fish two fish|spd|1\n|move|p1a: Kartana|Leaf Blade|p2a: One fish two fish\n|-supereffective|p2a: One fish two fish\n|-damage|p2a: One fish two fish|0 fnt\n|faint|p2a: One fish two fish\n|-ability|p1a: Kartana|Beast Boost|boost\n|-boost|p1a: Kartana|atk|1\n|\n|-weather|RainDance|[upkeep]\n|upkeep\n|\n|t:|1660552166\n|switch|p2a: Speed Overdose|Tapu Koko|100\/100\n|turn|8\n|\n|t:|1660552170\n|move|p2a: Speed Overdose|Dazzling Gleam|p1a: Kartana\n|-resisted|p1a: Kartana\n|-damage|p1a: Kartana|0 fnt\n|faint|p1a: Kartana\n|\n|-weather|RainDance|[upkeep]\n|upkeep\n|\n|t:|1660552177\n|switch|p1a: Bisharp|Bisharp, M|100\/100\n|turn|9\n|\n|t:|1660552187\n|move|p2a: Speed Overdose|Dazzling Gleam|p1a: Bisharp\n|-damage|p1a: Bisharp|14\/100\n|move|p1a: Bisharp|Swords Dance|p1a: Bisharp\n|-boost|p1a: Bisharp|atk|2\n|\n|-weather|none\n|upkeep\n|turn|10\n|\n|t:|1660552191\n|move|p1a: Bisharp|Sucker Punch|p2a: Speed Overdose\n|-resisted|p2a: Speed Overdose\n|-damage|p2a: Speed Overdose|31\/100\n|-damage|p1a: Bisharp|4\/100|[from] item: Life Orb\n|move|p2a: Speed Overdose|Dazzling Gleam|p1a: Bisharp\n|-damage|p1a: Bisharp|0 fnt\n|faint|p1a: Bisharp\n|\n|-fieldend|move: Electric Terrain\n|upkeep\n|\n|t:|1660552192\n|switch|p1a: Dragonite|Dragonite, F|100\/100\n|turn|11\n|\n|t:|1660552194\n|switch|p2a: Hates rain|Ferrothorn, F|100\/100\n|move|p1a: Dragonite|Dragon Dance|p1a: Dragonite\n|-boost|p1a: Dragonite|atk|1\n|-boost|p1a: Dragonite|spe|1\n|\n|upkeep\n|turn|12\n|\n|t:|1660552196\n|move|p1a: Dragonite|Dragon Dance|p1a: Dragonite\n|-boost|p1a: Dragonite|atk|1\n|-boost|p1a: Dragonite|spe|1\n|move|p2a: Hates rain|Leech Seed|p1a: Dragonite\n|-start|p1a: Dragonite|move: Leech Seed\n|\n|-damage|p1a: Dragonite|88\/100|[from] Leech Seed|[of] p2a: Hates rain\n|upkeep\n|turn|13\n|\n|t:|1660552198\n|move|p1a: Dragonite|Earthquake|p2a: Hates rain\n|-damage|p2a: Hates rain|57\/100\n|move|p2a: Hates rain|Gyro Ball|p1a: Dragonite\n|-damage|p1a: Dragonite|39\/100\n|\n|-heal|p2a: Hates rain|64\/100|[from] item: Leftovers\n|-damage|p1a: Dragonite|26\/100|[from] Leech Seed|[of] p2a: Hates rain\n|-heal|p2a: Hates rain|75\/100|[silent]\n|upkeep\n|turn|14\n|\n|t:|1660552200\n|move|p1a: Dragonite|Earthquake|p2a: Hates rain\n|-damage|p2a: Hates rain|31\/100\n|move|p2a: Hates rain|Gyro Ball|p1a: Dragonite\n|-damage|p1a: Dragonite|0 fnt\n|faint|p1a: Dragonite\n|\n|win|Ban lando t guy jk\n|raw|LT93OQ Shurtugal's rating: 1649 &rarr; <strong>1630<\/strong><br \/>(-19 for losing)\n|raw|Ban lando t guy jk's rating: 1659 &rarr; <strong>1678<\/strong><br \/>(+19 for winning)\n|c|\u2606Ban lando t guy jk|Gg\n|l|\u2606LT93OQ Shurtugal\n","uploadtime":1660552215,"views":49,"p1id":"lt93oqshurtugal","p2id":"banlandotguyjk","formatid":"gen8ou","rating":1630,"private":0,"password":null}