{"id":"gen8ou-1595864826","p1":"fishy8995","p2":"monaruby","format":"gen8ou","log":"|j|\u2606fishy8995\n|j|\u2606monaruby\n|t:|1655177947\n|gametype|singles\n|player|p1|fishy8995|1|1708\n|player|p2|monaruby|101|1671\n|teamsize|p1|6\n|teamsize|p2|6\n|gen|8\n|tier|[Gen 8] OU\n|rated|\n|rule|Sleep Clause Mod: Limit one foe put to sleep\n|rule|Species Clause: Limit one of each Pok\u00e9mon\n|rule|OHKO Clause: OHKO moves are banned\n|rule|Evasion Moves Clause: Evasion moves are banned\n|rule|Endless Battle Clause: Forcing endless battles is banned\n|rule|HP Percentage Mod: HP is shown in percentages\n|rule|Dynamax Clause: You cannot dynamax\n|clearpoke\n|poke|p1|Hippowdon, M|\n|poke|p1|Tyranitar, F|\n|poke|p1|Excadrill, M|\n|poke|p1|Rotom-Heat|\n|poke|p1|Toxapex, F|\n|poke|p1|Dracozolt|\n|poke|p2|Garchomp, M|\n|poke|p2|Heatran, M|\n|poke|p2|Weavile, F|\n|poke|p2|Rotom-Wash|\n|poke|p2|Togekiss, M|\n|poke|p2|Tangrowth, F|\n|teampreview\n|\n|t:|1655177963\n|start\n|switch|p1a: Tyranitar|Tyranitar, F|100\/100\n|switch|p2a: Rotom|Rotom-Wash|100\/100\n|-weather|Sandstorm|[from] ability: Sand Stream|[of] p1a: Tyranitar\n|turn|1\n|inactive|Battle timer is ON: inactive players will automatically lose when time's up. (requested by monaruby)\n|\n|t:|1655177976\n|switch|p1a: Hippowdon|Hippowdon, M|100\/100\n|move|p2a: Rotom|Hydro Pump|p1a: Hippowdon\n|-supereffective|p1a: Hippowdon\n|-damage|p1a: Hippowdon|24\/100\n|\n|-weather|Sandstorm|[upkeep]\n|-damage|p2a: Rotom|94\/100|[from] Sandstorm\n|-heal|p2a: Rotom|100\/100|[from] item: Leftovers\n|upkeep\n|turn|2\n|j| GoldenStateIdiots\n|\n|t:|1655177982\n|move|p2a: Rotom|Hydro Pump|p1a: Hippowdon\n|-supereffective|p1a: Hippowdon\n|-damage|p1a: Hippowdon|0 fnt\n|faint|p1a: Hippowdon\n|\n|-weather|Sandstorm|[upkeep]\n|-damage|p2a: Rotom|94\/100|[from] Sandstorm\n|-heal|p2a: Rotom|100\/100|[from] item: Leftovers\n|upkeep\n|\n|t:|1655177985\n|switch|p1a: Dracozolt|Dracozolt|100\/100\n|turn|3\n|\n|t:|1655177990\n|switch|p2a: Tangrowth|Tangrowth, F|100\/100\n|move|p1a: Dracozolt|Bolt Beak|p2a: Tangrowth\n|-resisted|p2a: Tangrowth\n|-damage|p2a: Tangrowth|74\/100\n|-damage|p1a: Dracozolt|84\/100|[from] item: Rocky Helmet|[of] p2a: Tangrowth\n|-damage|p1a: Dracozolt|74\/100|[from] item: Life Orb\n|\n|-weather|Sandstorm|[upkeep]\n|-damage|p2a: Tangrowth|67\/100|[from] Sandstorm\n|upkeep\n|turn|4\n|\n|t:|1655178003\n|switch|p2a: Rotom|Rotom-Wash|100\/100\n|move|p1a: Dracozolt|Flamethrower|p2a: Rotom\n|-resisted|p2a: Rotom\n|-damage|p2a: Rotom|92\/100\n|-damage|p1a: Dracozolt|64\/100|[from] item: Life Orb\n|\n|-weather|Sandstorm|[upkeep]\n|-damage|p2a: Rotom|86\/100|[from] Sandstorm\n|-heal|p2a: Rotom|92\/100|[from] item: Leftovers\n|upkeep\n|turn|5\n|\n|t:|1655178014\n|switch|p1a: Rotom|Rotom-Heat|100\/100\n|switch|p2a: Garchomp|Garchomp, M|100\/100\n|\n|-weather|none\n|upkeep\n|turn|6\n|\n|t:|1655178022\n|switch|p2a: Heatran|Heatran, M|100\/100\n|move|p1a: Rotom|Trick|p2a: Heatran\n|-activate|p1a: Rotom|move: Trick|[of] p2a: Heatran\n|-item|p2a: Heatran|Ring Target|[from] move: Trick\n|-item|p1a: Rotom|Leftovers|[from] move: Trick\n|\n|upkeep\n|turn|7\n|\n|t:|1655178035\n|move|p1a: Rotom|Volt Switch|p2a: Heatran\n|-damage|p2a: Heatran|85\/100\n|\n|t:|1655178042\n|switch|p1a: Tyranitar|Tyranitar, F|100\/100|[from]move: Volt Switch\n|-weather|Sandstorm|[from] ability: Sand Stream|[of] p1a: Tyranitar\n|move|p2a: Heatran|Stealth Rock|p1a: Tyranitar\n|-sidestart|p1: fishy8995|move: Stealth Rock\n|\n|-weather|Sandstorm|[upkeep]\n|upkeep\n|turn|8\n|\n|t:|1655178050\n|move|p2a: Heatran|Earth Power|p1a: Tyranitar\n|-supereffective|p1a: Tyranitar\n|-damage|p1a: Tyranitar|68\/100\n|move|p1a: Tyranitar|Earthquake|p2a: Heatran\n|-supereffective|p2a: Heatran\n|-damage|p2a: Heatran|0 fnt\n|faint|p2a: Heatran\n|\n|-weather|Sandstorm|[upkeep]\n|upkeep\n|\n|t:|1655178056\n|switch|p2a: Garchomp|Garchomp, M|100\/100\n|turn|9\n|\n|t:|1655178059\n|move|p2a: Garchomp|Earthquake|p1a: Tyranitar\n|-supereffective|p1a: Tyranitar\n|-damage|p1a: Tyranitar|0 fnt\n|faint|p1a: Tyranitar\n|\n|-weather|Sandstorm|[upkeep]\n|upkeep\n|\n|t:|1655178065\n|switch|p1a: Dracozolt|Dracozolt|64\/100\n|-damage|p1a: Dracozolt|52\/100|[from] Stealth Rock\n|turn|10\n|\n|t:|1655178071\n|switch|p2a: Tangrowth|Tangrowth, F|100\/100\n|move|p1a: Dracozolt|Flamethrower|p2a: Tangrowth\n|-supereffective|p2a: Tangrowth\n|-damage|p2a: Tangrowth|34\/100\n|-damage|p1a: Dracozolt|42\/100|[from] item: Life Orb\n|\n|-weather|Sandstorm|[upkeep]\n|-damage|p2a: Tangrowth|27\/100|[from] Sandstorm\n|upkeep\n|turn|11\n|\n|t:|1655178080\n|switch|p2a: Rotom|Rotom-Wash|92\/100\n|move|p1a: Dracozolt|Bolt Beak|p2a: Rotom\n|-damage|p2a: Rotom|0 fnt\n|faint|p2a: Rotom\n|-damage|p1a: Dracozolt|32\/100|[from] item: Life Orb\n|\n|-weather|none\n|upkeep\n|\n|t:|1655178090\n|switch|p2a: Garchomp|Garchomp, M|100\/100\n|turn|12\n|\n|t:|1655178095\n|move|p2a: Garchomp|Scale Shot|p1a: Dracozolt\n|-supereffective|p1a: Dracozolt\n|-damage|p1a: Dracozolt|1\/100\n|-supereffective|p1a: Dracozolt\n|-damage|p1a: Dracozolt|0 fnt\n|faint|p1a: Dracozolt\n|-hitcount|p1: Dracozolt|2\n|-unboost|p2a: Garchomp|def|1\n|-boost|p2a: Garchomp|spe|1\n|\n|upkeep\n|\n|t:|1655178104\n|switch|p1a: Toxapex|Toxapex, F|100\/100\n|-damage|p1a: Toxapex|88\/100|[from] Stealth Rock\n|turn|13\n|\n|t:|1655178109\n|move|p2a: Garchomp|Earthquake|p1a: Toxapex\n|-supereffective|p1a: Toxapex\n|-damage|p1a: Toxapex|1\/100\n|move|p1a: Toxapex|Scald|p2a: Garchomp\n|-damage|p2a: Garchomp|83\/100\n|\n|-heal|p2a: Garchomp|90\/100|[from] item: Leftovers\n|-heal|p1a: Toxapex|8\/100|[from] item: Black Sludge\n|upkeep\n|turn|14\n|\n|t:|1655178114\n|move|p2a: Garchomp|Earthquake|p1a: Toxapex\n|-supereffective|p1a: Toxapex\n|-damage|p1a: Toxapex|0 fnt\n|faint|p1a: Toxapex\n|\n|-heal|p2a: Garchomp|96\/100|[from] item: Leftovers\n|upkeep\n|\n|t:|1655178118\n|switch|p1a: Rotom|Rotom-Heat|100\/100\n|-damage|p1a: Rotom|75\/100|[from] Stealth Rock\n|turn|15\n|\n|t:|1655178124\n|move|p2a: Garchomp|Swords Dance|p2a: Garchomp\n|-boost|p2a: Garchomp|atk|2\n|move|p1a: Rotom|Overheat|p2a: Garchomp\n|-resisted|p2a: Garchomp\n|-damage|p2a: Garchomp|69\/100\n|-unboost|p1a: Rotom|spa|2\n|\n|-heal|p2a: Garchomp|75\/100|[from] item: Leftovers\n|-heal|p1a: Rotom|82\/100|[from] item: Leftovers\n|upkeep\n|turn|16\n|\n|t:|1655178128\n|move|p2a: Garchomp|Scale Shot|p1a: Rotom|[miss]\n|-miss|p2a: Garchomp|p1a: Rotom\n|move|p1a: Rotom|Defog|p2a: Garchomp\n|-unboost|p2a: Garchomp|evasion|1\n|-sideend|p1: fishy8995|Stealth Rock|[from] move: Defog|[of] p1a: Rotom\n|\n|-heal|p2a: Garchomp|81\/100|[from] item: Leftovers\n|-heal|p1a: Rotom|88\/100|[from] item: Leftovers\n|upkeep\n|turn|17\n|\n|t:|1655178133\n|move|p2a: Garchomp|Scale Shot|p1a: Rotom\n|-damage|p1a: Rotom|59\/100\n|-damage|p1a: Rotom|32\/100\n|-damage|p1a: Rotom|2\/100\n|-hitcount|p1a: Rotom|3\n|-unboost|p2a: Garchomp|def|1\n|-boost|p2a: Garchomp|spe|1\n|move|p1a: Rotom|Overheat|p2a: Garchomp\n|-resisted|p2a: Garchomp\n|-damage|p2a: Garchomp|68\/100\n|-unboost|p1a: Rotom|spa|2\n|\n|-heal|p2a: Garchomp|74\/100|[from] item: Leftovers\n|-heal|p1a: Rotom|9\/100|[from] item: Leftovers\n|upkeep\n|turn|18\n|\n|t:|1655178143\n|move|p2a: Garchomp|Scale Shot|p1a: Rotom\n|-damage|p1a: Rotom|0 fnt\n|faint|p1a: Rotom\n|-hitcount|p1: Rotom|1\n|-unboost|p2a: Garchomp|def|1\n|-boost|p2a: Garchomp|spe|1\n|\n|-heal|p2a: Garchomp|80\/100|[from] item: Leftovers\n|upkeep\n|\n|t:|1655178144\n|switch|p1a: Excadrill|Excadrill, M, shiny|100\/100\n|turn|19\n|\n|t:|1655178146\n|move|p2a: Garchomp|Earthquake|p1a: Excadrill\n|-supereffective|p1a: Excadrill\n|-enditem|p1a: Excadrill|Focus Sash\n|-damage|p1a: Excadrill|1\/100\n|move|p1a: Excadrill|Earthquake|p2a: Garchomp\n|-damage|p2a: Garchomp|0 fnt\n|faint|p2a: Garchomp\n|\n|upkeep\n|\n|t:|1655178152\n|switch|p2a: Weavile|Weavile, F|100\/100\n|-ability|p2a: Weavile|Pressure\n|turn|20\n|\n|t:|1655178155\n|move|p2a: Weavile|Ice Shard|p1a: Excadrill\n|-damage|p1a: Excadrill|0 fnt\n|faint|p1a: Excadrill\n|\n|win|monaruby\n|raw|fishy8995's rating: 1720 &rarr; <strong>1697<\/strong><br \/>(-23 for losing)\n|raw|monaruby's rating: 1671 &rarr; <strong>1694<\/strong><br \/>(+23 for winning)\n|l|\u2606fishy8995\n","uploadtime":1655178161,"views":17,"p1id":"fishy8995","p2id":"monaruby","formatid":"gen8ou","rating":1694,"private":0,"password":null}