{"id":"gen8nationaldex-1322710179","p1":"Diameter\u272fXtreme","p2":"Popipapapipopa<3","format":"gen8nationaldex","log":"|html|<div class=\"broadcast-blue\"><strong>[Gen 8] National Dex is currently suspecting Magearna! For information on how to participate check out the <a href=\"https:\/\/www.smogon.com\/forums\/threads\/national-dex-suspect-test-11-robot-rock.3681382\/\">suspect thread<\/a>.<\/strong><\/div>\n|j|\u2606Diameter\u272fXtreme\n|j|\u2606Popipapapipopa<3\n|t:|1618579098\n|gametype|singles\n|player|p1|Diameter\u272fXtreme|jasmine-gen2|1518\n|player|p2|Popipapapipopa<3|cynthia|1559\n|teamsize|p1|6\n|teamsize|p2|6\n|gen|8\n|tier|[Gen 8] National Dex\n|rated|\n|clearpoke\n|poke|p1|Excadrill, F|\n|poke|p1|Kartana|\n|poke|p1|Tyranitar, M|\n|poke|p1|Toxapex, M|\n|poke|p1|Moltres|\n|poke|p1|Clefable, F|\n|poke|p2|Lopunny, M|\n|poke|p2|Garchomp, M|\n|poke|p2|Magnezone|\n|poke|p2|Kartana|\n|poke|p2|Landorus-Therian, M|\n|poke|p2|Volcarona, M|\n|rule|HP Percentage Mod: HP is shown in percentages\n|rule|Endless Battle Clause: Forcing endless battles is banned\n|rule|OHKO Clause: OHKO moves are banned\n|rule|Evasion Moves Clause: Evasion moves are banned\n|rule|Species Clause: Limit one of each Pok\u00e9mon\n|rule|Dynamax Clause: You cannot dynamax\n|rule|Sleep Clause Mod: Limit one foe put to sleep\n|teampreview\n|inactive|Battle timer is ON: inactive players will automatically lose when time's up. (requested by Popipapapipopa<3)\n|j| Bishop The Saint\n|\n|t:|1618579114\n|start\n|switch|p1a: Kartana|Kartana|100\/100\n|switch|p2a: Landorus|Landorus-Therian, M|100\/100\n|-ability|p2a: Landorus|Intimidate|boost\n|-unboost|p1a: Kartana|atk|1\n|turn|1\n|\n|t:|1618579120\n|-zpower|p1a: Kartana\n|move|p1a: Kartana|Z-Swords Dance|p1a: Kartana|[anim]Swords Dance\n|-clearnegativeboost|p1a: Kartana|[zeffect]\n|-boost|p1a: Kartana|atk|2\n|move|p2a: Landorus|Stealth Rock|p1a: Kartana\n|-sidestart|p1: Diameter\u272fXtreme|move: Stealth Rock\n|\n|upkeep\n|turn|2\n|\n|t:|1618579132\n|move|p1a: Kartana|Leaf Blade|p2a: Landorus\n|-enditem|p2a: Landorus|Focus Sash\n|-damage|p2a: Landorus|1\/100\n|move|p2a: Landorus|Earthquake|p1a: Kartana\n|-damage|p1a: Kartana|38\/100\n|\n|upkeep\n|turn|3\n|\n|t:|1618579141\n|move|p1a: Kartana|Sacred Sword|p2a: Landorus\n|-resisted|p2a: Landorus\n|-damage|p2a: Landorus|0 fnt\n|faint|p2a: Landorus\n|-ability|p1a: Kartana|Beast Boost|boost\n|-boost|p1a: Kartana|atk|1\n|\n|upkeep\n|\n|t:|1618579144\n|switch|p2a: Kartana|Kartana|100\/100\n|turn|4\n|\n|t:|1618579150\n|switch|p1a: Moltres|Moltres|100\/100\n|move|p2a: Kartana|Knock Off|p1a: Moltres\n|-damage|p1a: Moltres|64\/100\n|-enditem|p1a: Moltres|Heavy-Duty Boots|[from] move: Knock Off|[of] p2a: Kartana\n|\n|upkeep\n|turn|5\n|\n|t:|1618579156\n|switch|p2a: Garchomp|Garchomp, M|100\/100\n|move|p1a: Moltres|Mystical Fire|p2a: Garchomp\n|-resisted|p2a: Garchomp\n|-damage|p2a: Garchomp|83\/100\n|-unboost|p2a: Garchomp|spa|1\n|\n|upkeep\n|turn|6\n|\n|t:|1618579159\n|move|p2a: Garchomp|Swords Dance|p2a: Garchomp\n|-boost|p2a: Garchomp|atk|2\n|move|p1a: Moltres|Roost|p1a: Moltres\n|-heal|p1a: Moltres|100\/100\n|-singleturn|p1a: Moltres|move: Roost\n|\n|upkeep\n|turn|7\n|\n|t:|1618579165\n|-zpower|p2a: Garchomp\n|move|p2a: Garchomp|Devastating Drake|p1a: Moltres|[zeffect]\n|-damage|p1a: Moltres|0 fnt\n|faint|p1a: Moltres\n|\n|upkeep\n|\n|t:|1618579167\n|switch|p1a: Clefable|Clefable, F|100\/100\n|turn|8\n|\n|t:|1618579170\n|move|p2a: Garchomp|Poison Jab|p1a: Clefable\n|-supereffective|p1a: Clefable\n|-damage|p1a: Clefable|14\/100\n|move|p1a: Clefable|Moonblast|p2a: Garchomp\n|-supereffective|p2a: Garchomp\n|-damage|p2a: Garchomp|0 fnt\n|faint|p2a: Garchomp\n|\n|upkeep\n|\n|t:|1618579174\n|switch|p2a: Volcarona|Volcarona, M|100\/100\n|turn|9\n|\n|t:|1618579178\n|switch|p1a: Tyranitar|Tyranitar, M|100\/100\n|-damage|p1a: Tyranitar|88\/100|[from] Stealth Rock\n|-weather|Sandstorm|[from] ability: Sand Stream|[of] p1a: Tyranitar\n|move|p2a: Volcarona|Quiver Dance|p2a: Volcarona\n|-boost|p2a: Volcarona|spa|1\n|-boost|p2a: Volcarona|spd|1\n|-boost|p2a: Volcarona|spe|1\n|\n|-weather|Sandstorm|[upkeep]\n|-damage|p2a: Volcarona|94\/100|[from] Sandstorm\n|upkeep\n|turn|10\n|\n|t:|1618579188\n|switch|p2a: Kartana|Kartana|100\/100\n|detailschange|p1a: Tyranitar|Tyranitar-Mega, M\n|-mega|p1a: Tyranitar|Tyranitar|Tyranitarite\n|move|p1a: Tyranitar|Stone Edge|p2a: Kartana|[miss]\n|-miss|p1a: Tyranitar|p2a: Kartana\n|\n|-weather|Sandstorm|[upkeep]\n|upkeep\n|turn|11\n|\n|t:|1618579192\n|switch|p1a: Clefable|Clefable, F|14\/100\n|move|p2a: Kartana|Leaf Blade|p1a: Clefable\n|-damage|p1a: Clefable|0 fnt\n|faint|p1a: Clefable\n|-ability|p2a: Kartana|Beast Boost|boost\n|-boost|p2a: Kartana|atk|1\n|\n|-weather|Sandstorm|[upkeep]\n|upkeep\n|\n|t:|1618579193\n|switch|p1a: Excadrill|Excadrill, F|100\/100\n|-damage|p1a: Excadrill|97\/100|[from] Stealth Rock\n|turn|12\n|\n|t:|1618579196\n|move|p1a: Excadrill|Earthquake|p2a: Kartana\n|-damage|p2a: Kartana|41\/100\n|move|p2a: Kartana|Leaf Blade|p1a: Excadrill\n|-damage|p1a: Excadrill|0 fnt\n|faint|p1a: Excadrill\n|-ability|p2a: Kartana|Beast Boost|boost\n|-boost|p2a: Kartana|atk|1\n|\n|-weather|Sandstorm|[upkeep]\n|upkeep\n|\n|t:|1618579204\n|switch|p1a: Toxapex|Toxapex, M|100\/100\n|-damage|p1a: Toxapex|88\/100|[from] Stealth Rock\n|turn|13\n|\n|t:|1618579206\n|move|p2a: Kartana|Leaf Blade|p1a: Toxapex\n|-damage|p1a: Toxapex|17\/100\n|move|p1a: Toxapex|Haze|p1a: Toxapex\n|-clearallboost\n|\n|-weather|none\n|-heal|p1a: Toxapex|23\/100|[from] item: Black Sludge\n|upkeep\n|turn|14\n|\n|t:|1618579219\n|switch|p1a: Tyranitar|Tyranitar-Mega, M|88\/100\n|-damage|p1a: Tyranitar|76\/100|[from] Stealth Rock\n|-weather|Sandstorm|[from] ability: Sand Stream|[of] p1a: Tyranitar\n|move|p2a: Kartana|Leaf Blade|p1a: Tyranitar\n|-supereffective|p1a: Tyranitar\n|-damage|p1a: Tyranitar|2\/100\n|\n|-weather|Sandstorm|[upkeep]\n|upkeep\n|turn|15\n|\n|t:|1618579221\n|move|p2a: Kartana|Leaf Blade|p1a: Tyranitar\n|-supereffective|p1a: Tyranitar\n|-damage|p1a: Tyranitar|0 fnt\n|faint|p1a: Tyranitar\n|-ability|p2a: Kartana|Beast Boost|boost\n|-boost|p2a: Kartana|atk|1\n|\n|-weather|Sandstorm|[upkeep]\n|upkeep\n|\n|t:|1618579222\n|switch|p1a: Kartana|Kartana|38\/100\n|-damage|p1a: Kartana|31\/100|[from] Stealth Rock\n|turn|16\n|\n|t:|1618579227\n|move|p2a: Kartana|Leaf Blade|p1a: Kartana\n|-resisted|p1a: Kartana\n|-damage|p1a: Kartana|7\/100\n|move|p1a: Kartana|Sacred Sword|p2a: Kartana\n|-supereffective|p2a: Kartana\n|-damage|p2a: Kartana|0 fnt\n|faint|p2a: Kartana\n|-ability|p1a: Kartana|Beast Boost|boost\n|-boost|p1a: Kartana|atk|1\n|\n|-weather|Sandstorm|[upkeep]\n|upkeep\n|\n|t:|1618579232\n|switch|p2a: Lopunny|Lopunny, M|100\/100\n|turn|17\n|\n|t:|1618579237\n|switch|p1a: Toxapex|Toxapex, M|56\/100\n|-damage|p1a: Toxapex|44\/100|[from] Stealth Rock\n|detailschange|p2a: Lopunny|Lopunny-Mega, M\n|-mega|p2a: Lopunny|Lopunny|Lopunnite\n|move|p2a: Lopunny|Fake Out|p1a: Toxapex\n|-damage|p1a: Toxapex|30\/100\n|\n|-weather|Sandstorm|[upkeep]\n|-damage|p2a: Lopunny|95\/100|[from] Sandstorm\n|-damage|p1a: Toxapex|24\/100|[from] Sandstorm\n|-heal|p1a: Toxapex|30\/100|[from] item: Black Sludge\n|upkeep\n|turn|18\n|\n|t:|1618579240\n|move|p2a: Lopunny|Return|p1a: Toxapex\n|-damage|p1a: Toxapex|0 fnt\n|faint|p1a: Toxapex\n|\n|-weather|none\n|upkeep\n|-message|Diameter\u272fXtreme forfeited.\n|\n|win|Popipapapipopa<3\n|l|\u2606Diameter\u272fXtreme\n|raw|Diameter\u272fXtreme's rating: 1518 &rarr; <strong>1500<\/strong><br \/>(-18 for losing)\n|raw|Popipapapipopa&lt;3's rating: 1559 &rarr; <strong>1577<\/strong><br \/>(+18 for winning)\n||Ladder isn't responding, score probably updated but might not have (Request timeout).\n","uploadtime":1618579275,"views":32,"p1id":"diameterxtreme","p2id":"popipapapipopa3","formatid":"gen8nationaldex","rating":1500,"private":0,"password":null}