{"id":"gen8ou-1688373057","p1":"Vodyne","p2":"myguysaresolid","format":"gen8ou","log":"|html|<div class=\"broadcast-blue\"><strong>[Gen 8] OU is currently suspecting Melmetal! For information on how to participate check out the <a href=\"https:\/\/www.smogon.com\/forums\/threads\/np-ss-ou-suspect-process-round-12-monster-mash.3709234\/\">suspect thread<\/a>.<\/strong><\/div>\n|j|\u2606Vodyne\n|j|\u2606myguysaresolid\n|t:|1666058208\n|gametype|singles\n|player|p1|Vodyne|169|1535\n|player|p2|myguysaresolid|li|1598\n|teamsize|p1|6\n|teamsize|p2|6\n|gen|8\n|tier|[Gen 8] OU\n|rated|\n|rule|Sleep Clause Mod: Limit one foe put to sleep\n|rule|Species Clause: Limit one of each Pok\u00e9mon\n|rule|OHKO Clause: OHKO moves are banned\n|rule|Evasion Items Clause: Evasion items are banned\n|rule|Evasion Moves Clause: Evasion moves are banned\n|rule|Endless Battle Clause: Forcing endless battles is banned\n|rule|HP Percentage Mod: HP is shown in percentages\n|rule|Dynamax Clause: You cannot dynamax\n|clearpoke\n|poke|p1|Snorlax, M|\n|poke|p1|Suicune|\n|poke|p1|Melmetal|\n|poke|p1|Victini|\n|poke|p1|Landorus-Therian, M|\n|poke|p1|Zapdos|\n|poke|p2|Rhyperior, F|\n|poke|p2|Zapdos|\n|poke|p2|Shiinotic, F|\n|poke|p2|Urshifu-*, M|\n|poke|p2|Scizor, M|\n|poke|p2|Alakazam, F|\n|teampreview\n|c|\u2606Vodyne|hf\n|\n|t:|1666058227\n|start\n|switch|p1a: Victini|Victini|100\/100\n|switch|p2a: Urshifu|Urshifu-Rapid-Strike, M|100\/100\n|turn|1\n|\n|t:|1666058239\n|switch|p1a: Suicune|Suicune|100\/100\n|-ability|p1a: Suicune|Pressure\n|move|p2a: Urshifu|Surging Strikes|p1a: Suicune\n|-resisted|p1a: Suicune\n|-crit|p1a: Suicune\n|-damage|p1a: Suicune|95\/100\n|-resisted|p1a: Suicune\n|-crit|p1a: Suicune\n|-damage|p1a: Suicune|90\/100\n|-resisted|p1a: Suicune\n|-crit|p1a: Suicune\n|-damage|p1a: Suicune|84\/100\n|-hitcount|p1a: Suicune|3\n|\n|-heal|p1a: Suicune|90\/100|[from] item: Leftovers\n|upkeep\n|turn|2\n|\n|t:|1666058245\n|move|p2a: Urshifu|U-turn|p1a: Suicune\n|-damage|p1a: Suicune|76\/100\n|\n|t:|1666058248\n|switch|p2a: Scizor|Scizor, M|100\/100|[from]move: U-turn\n|move|p1a: Suicune|Scald|p2a: Scizor\n|-damage|p2a: Scizor|79\/100\n|-status|p2a: Scizor|brn\n|\n|-heal|p1a: Suicune|83\/100|[from] item: Leftovers\n|-heal|p2a: Scizor|85\/100 brn|[from] item: Leftovers\n|-damage|p2a: Scizor|79\/100 brn|[from] brn\n|upkeep\n|turn|3\n|\n|t:|1666058273\n|switch|p1a: Zapdos|Zapdos|100\/100\n|move|p2a: Scizor|Knock Off|p1a: Zapdos\n|-damage|p1a: Zapdos|86\/100\n|-enditem|p1a: Zapdos|Heavy-Duty Boots|[from] move: Knock Off|[of] p2a: Scizor\n|\n|-heal|p2a: Scizor|85\/100 brn|[from] item: Leftovers\n|-damage|p2a: Scizor|79\/100 brn|[from] brn\n|upkeep\n|turn|4\n|\n|t:|1666058300\n|move|p1a: Zapdos|Heat Wave|p2a: Scizor\n|-supereffective|p2a: Scizor\n|-damage|p2a: Scizor|0 fnt\n|faint|p2a: Scizor\n|\n|upkeep\n|\n|t:|1666058305\n|switch|p2a: Rhyperior|Rhyperior, F|100\/100\n|turn|5\n|\n|t:|1666058310\n|switch|p1a: Suicune|Suicune|83\/100\n|-ability|p1a: Suicune|Pressure\n|move|p2a: Rhyperior|Toxic|p1a: Suicune\n|-status|p1a: Suicune|tox\n|\n|-heal|p1a: Suicune|89\/100 tox|[from] item: Leftovers\n|-damage|p1a: Suicune|83\/100 tox|[from] psn\n|upkeep\n|turn|6\n|\n|t:|1666058319\n|switch|p2a: Shiinotic|Shiinotic, F|100\/100\n|move|p1a: Suicune|Scald|p2a: Shiinotic\n|-resisted|p2a: Shiinotic\n|-damage|p2a: Shiinotic|88\/100\n|\n|-heal|p1a: Suicune|89\/100 tox|[from] item: Leftovers\n|-heal|p2a: Shiinotic|95\/100|[from] item: Leftovers\n|-damage|p1a: Suicune|76\/100 tox|[from] psn\n|upkeep\n|turn|7\n|\n|t:|1666058325\n|switch|p1a: Melmetal|Melmetal|100\/100\n|move|p2a: Shiinotic|Leech Seed|p1a: Melmetal\n|-start|p1a: Melmetal|move: Leech Seed\n|\n|-heal|p2a: Shiinotic|100\/100|[from] item: Leftovers\n|-damage|p1a: Melmetal|88\/100|[from] Leech Seed|[of] p2a: Shiinotic\n|upkeep\n|turn|8\n|\n|t:|1666058331\n|switch|p2a: Zapdos|Zapdos|100\/100\n|move|p1a: Melmetal|Double Iron Bash|p2a: Zapdos\n|-resisted|p2a: Zapdos\n|-damage|p2a: Zapdos|85\/100\n|-status|p1a: Melmetal|par|[from] ability: Static|[of] p2a: Zapdos\n|-resisted|p2a: Zapdos\n|-damage|p2a: Zapdos|69\/100\n|-hitcount|p2a: Zapdos|2\n|\n|-damage|p1a: Melmetal|76\/100 par|[from] Leech Seed|[of] p2a: Zapdos\n|-heal|p2a: Zapdos|83\/100|[silent]\n|upkeep\n|turn|9\n|\n|t:|1666058338\n|switch|p2a: Rhyperior|Rhyperior, F|100\/100\n|switch|p1a: Landorus|Landorus-Therian, M|100\/100\n|-ability|p1a: Landorus|Intimidate|boost\n|-unboost|p2a: Rhyperior|atk|1\n|\n|upkeep\n|turn|10\n|\n|t:|1666058344\n|move|p1a: Landorus|Earthquake|p2a: Rhyperior\n|-supereffective|p2a: Rhyperior\n|-damage|p2a: Rhyperior|50\/100\n|move|p2a: Rhyperior|Toxic|p1a: Landorus\n|-status|p1a: Landorus|tox\n|\n|-heal|p2a: Rhyperior|56\/100|[from] item: Leftovers\n|-damage|p1a: Landorus|95\/100 tox|[from] psn\n|upkeep\n|turn|11\n|\n|t:|1666058351\n|switch|p1a: Suicune|Suicune|76\/100 tox\n|-ability|p1a: Suicune|Pressure\n|switch|p2a: Shiinotic|Shiinotic, F|100\/100\n|\n|-heal|p1a: Suicune|83\/100 tox|[from] item: Leftovers\n|-damage|p1a: Suicune|76\/100 tox|[from] psn\n|upkeep\n|turn|12\n|\n|t:|1666058372\n|switch|p1a: Zapdos|Zapdos|86\/100\n|move|p2a: Shiinotic|Leech Seed|p1a: Zapdos\n|-start|p1a: Zapdos|move: Leech Seed\n|\n|-damage|p1a: Zapdos|74\/100|[from] Leech Seed|[of] p2a: Shiinotic\n|upkeep\n|turn|13\n|\n|t:|1666058381\n|switch|p2a: Rhyperior|Rhyperior, F|56\/100\n|move|p1a: Zapdos|Hurricane|p2a: Rhyperior\n|-resisted|p2a: Rhyperior\n|-damage|p2a: Rhyperior|31\/100\n|-start|p2a: Rhyperior|confusion\n|\n|-heal|p2a: Rhyperior|37\/100|[from] item: Leftovers\n|-damage|p1a: Zapdos|61\/100|[from] Leech Seed|[of] p2a: Rhyperior\n|-heal|p2a: Rhyperior|47\/100|[silent]\n|upkeep\n|turn|14\n|\n|t:|1666058390\n|switch|p1a: Melmetal|Melmetal|76\/100 par\n|-activate|p2a: Rhyperior|confusion\n|move|p2a: Rhyperior|Stealth Rock|p1a: Melmetal\n|-sidestart|p1: Vodyne|move: Stealth Rock\n|\n|-heal|p2a: Rhyperior|54\/100|[from] item: Leftovers\n|upkeep\n|turn|15\n|\n|t:|1666058397\n|switch|p2a: Zapdos|Zapdos|83\/100\n|cant|p1a: Melmetal|par\n|\n|upkeep\n|turn|16\n|\n|t:|1666058404\n|move|p2a: Zapdos|Heat Wave|p1a: Melmetal|[miss]\n|-miss|p2a: Zapdos|p1a: Melmetal\n|move|p1a: Melmetal|Ice Punch|p2a: Zapdos\n|-supereffective|p2a: Zapdos\n|-damage|p2a: Zapdos|30\/100\n|\n|upkeep\n|turn|17\n|\n|t:|1666058412\n|move|p2a: Zapdos|Roost|p2a: Zapdos\n|-heal|p2a: Zapdos|80\/100\n|-singleturn|p2a: Zapdos|move: Roost\n|move|p1a: Melmetal|Earthquake|p2a: Zapdos\n|-supereffective|p2a: Zapdos\n|-damage|p2a: Zapdos|19\/100\n|\n|upkeep\n|turn|18\n|\n|t:|1666058416\n|move|p2a: Zapdos|Roost|p2a: Zapdos\n|-heal|p2a: Zapdos|69\/100\n|-singleturn|p2a: Zapdos|move: Roost\n|move|p1a: Melmetal|Ice Punch|p2a: Zapdos\n|-damage|p2a: Zapdos|41\/100\n|\n|upkeep\n|turn|19\n|\n|t:|1666058419\n|switch|p2a: Urshifu|Urshifu-Rapid-Strike, M|100\/100\n|cant|p1a: Melmetal|par\n|\n|upkeep\n|turn|20\n|\n|t:|1666058427\n|move|p2a: Urshifu|Close Combat|p1a: Melmetal\n|-supereffective|p1a: Melmetal\n|-damage|p1a: Melmetal|2\/100 par\n|-unboost|p2a: Urshifu|def|1\n|-unboost|p2a: Urshifu|spd|1\n|cant|p1a: Melmetal|par\n|\n|upkeep\n|turn|21\n|c|\u2606Vodyne|:\/\n|\n|t:|1666058443\n|move|p2a: Urshifu|U-turn|p1a: Melmetal\n|-resisted|p1a: Melmetal\n|-damage|p1a: Melmetal|0 fnt\n|faint|p1a: Melmetal\n|\n|t:|1666058446\n|switch|p2a: Rhyperior|Rhyperior, F|54\/100|[from]move: U-turn\n|\n|-heal|p2a: Rhyperior|60\/100|[from] item: Leftovers\n|upkeep\n|\n|t:|1666058492\n|switch|p1a: Suicune|Suicune|76\/100 tox\n|-damage|p1a: Suicune|64\/100 tox|[from] Stealth Rock\n|-ability|p1a: Suicune|Pressure\n|turn|22\n|\n|t:|1666058515\n|switch|p2a: Shiinotic|Shiinotic, F|100\/100\n|move|p1a: Suicune|Ice Beam|p2a: Shiinotic\n|-supereffective|p2a: Shiinotic\n|-damage|p2a: Shiinotic|57\/100\n|\n|-heal|p1a: Suicune|70\/100 tox|[from] item: Leftovers\n|-heal|p2a: Shiinotic|63\/100|[from] item: Leftovers\n|-damage|p1a: Suicune|64\/100 tox|[from] psn\n|upkeep\n|turn|23\n|\n|t:|1666058525\n|move|p1a: Suicune|Ice Beam|p2a: Shiinotic\n|-supereffective|p2a: Shiinotic\n|-damage|p2a: Shiinotic|24\/100\n|move|p2a: Shiinotic|Strength Sap|p1a: Suicune\n|-unboost|p1a: Suicune|atk|1\n|-heal|p2a: Shiinotic|67\/100\n|\n|-heal|p1a: Suicune|70\/100 tox|[from] item: Leftovers\n|-heal|p2a: Shiinotic|74\/100|[from] item: Leftovers\n|-damage|p1a: Suicune|58\/100 tox|[from] psn\n|upkeep\n|turn|24\n|\n|t:|1666058550\n|switch|p2a: Urshifu|Urshifu-Rapid-Strike, M|100\/100\n|move|p1a: Suicune|Ice Beam|p2a: Urshifu\n|-resisted|p2a: Urshifu\n|-damage|p2a: Urshifu|86\/100\n|\n|-heal|p1a: Suicune|64\/100 tox|[from] item: Leftovers\n|-damage|p1a: Suicune|45\/100 tox|[from] psn\n|upkeep\n|turn|25\n|\n|t:|1666058562\n|move|p2a: Urshifu|Close Combat|p1a: Suicune\n|-damage|p1a: Suicune|10\/100 tox\n|-unboost|p2a: Urshifu|def|1\n|-unboost|p2a: Urshifu|spd|1\n|move|p1a: Suicune|Rest|p1a: Suicune\n|-status|p1a: Suicune|slp|[from] move: Rest\n|-heal|p1a: Suicune|100\/100 slp|[silent]\n|\n|upkeep\n|turn|26\n|\n|t:|1666058575\n|move|p2a: Urshifu|U-turn|p1a: Suicune\n|-damage|p1a: Suicune|87\/100 slp\n|\n|t:|1666058579\n|switch|p2a: Shiinotic|Shiinotic, F|74\/100|[from]move: U-turn\n|cant|p1a: Suicune|slp\n|\n|-heal|p1a: Suicune|93\/100 slp|[from] item: Leftovers\n|-heal|p2a: Shiinotic|80\/100|[from] item: Leftovers\n|upkeep\n|turn|27\n|\n|t:|1666058601\n|switch|p1a: Zapdos|Zapdos|61\/100\n|-damage|p1a: Zapdos|37\/100|[from] Stealth Rock\n|move|p2a: Shiinotic|Leech Seed|p1a: Zapdos|[miss]\n|-miss|p2a: Shiinotic|p1a: Zapdos\n|\n|-heal|p2a: Shiinotic|86\/100|[from] item: Leftovers\n|upkeep\n|turn|28\n|\n|t:|1666058619\n|switch|p2a: Rhyperior|Rhyperior, F|60\/100\n|move|p1a: Zapdos|Defog|p2a: Rhyperior\n|-unboost|p2a: Rhyperior|evasion|1\n|-sideend|p1: Vodyne|Stealth Rock|[from] move: Defog|[of] p1a: Zapdos\n|\n|-heal|p2a: Rhyperior|66\/100|[from] item: Leftovers\n|upkeep\n|turn|29\n|\n|t:|1666058661\n|switch|p1a: Victini|Victini|100\/100\n|move|p2a: Rhyperior|Stealth Rock|p1a: Victini\n|-sidestart|p1: Vodyne|move: Stealth Rock\n|\n|-heal|p2a: Rhyperior|72\/100|[from] item: Leftovers\n|upkeep\n|turn|30\n|\n|t:|1666058670\n|move|p1a: Victini|V-create|p2a: Rhyperior\n|-resisted|p2a: Rhyperior\n|-damage|p2a: Rhyperior|36\/100\n|-unboost|p1a: Victini|spe|1\n|-unboost|p1a: Victini|def|1\n|-unboost|p1a: Victini|spd|1\n|move|p2a: Rhyperior|Earthquake|p1a: Victini\n|-supereffective|p1a: Victini\n|-damage|p1a: Victini|0 fnt\n|faint|p1a: Victini\n|\n|-heal|p2a: Rhyperior|43\/100|[from] item: Leftovers\n|upkeep\n|\n|t:|1666058682\n|switch|p1a: Suicune|Suicune|93\/100 slp\n|-damage|p1a: Suicune|80\/100 slp|[from] Stealth Rock\n|-ability|p1a: Suicune|Pressure\n|turn|31\n|\n|t:|1666058708\n|switch|p2a: Shiinotic|Shiinotic, F|86\/100\n|cant|p1a: Suicune|slp\n|\n|-heal|p1a: Suicune|87\/100 slp|[from] item: Leftovers\n|-heal|p2a: Shiinotic|92\/100|[from] item: Leftovers\n|upkeep\n|turn|32\n|\n|t:|1666058714\n|-curestatus|p1a: Suicune|slp|[msg]\n|move|p1a: Suicune|Calm Mind|p1a: Suicune\n|-boost|p1a: Suicune|spa|1\n|-boost|p1a: Suicune|spd|1\n|move|p2a: Shiinotic|Spore|p1a: Suicune\n|-status|p1a: Suicune|slp|[from] move: Spore\n|\n|-heal|p1a: Suicune|93\/100 slp|[from] item: Leftovers\n|-heal|p2a: Shiinotic|98\/100|[from] item: Leftovers\n|upkeep\n|turn|33\n|\n|t:|1666058719\n|cant|p1a: Suicune|slp\n|move|p2a: Shiinotic|Leech Seed|p1a: Suicune\n|-start|p1a: Suicune|move: Leech Seed\n|\n|-heal|p1a: Suicune|99\/100 slp|[from] item: Leftovers\n|-heal|p2a: Shiinotic|100\/100|[from] item: Leftovers\n|-damage|p1a: Suicune|87\/100 slp|[from] Leech Seed|[of] p2a: Shiinotic\n|upkeep\n|turn|34\n|\n|t:|1666058746\n|switch|p2a: Alakazam|Alakazam, F|100\/100\n|-curestatus|p1a: Suicune|slp|[msg]\n|move|p1a: Suicune|Calm Mind|p1a: Suicune\n|-boost|p1a: Suicune|spa|1\n|-boost|p1a: Suicune|spd|1\n|\n|-heal|p1a: Suicune|93\/100|[from] item: Leftovers\n|-damage|p1a: Suicune|80\/100|[from] Leech Seed|[of] p2a: Alakazam\n|upkeep\n|turn|35\n|\n|t:|1666058775\n|move|p2a: Alakazam|Psyshock|p1a: Suicune\n|-damage|p1a: Suicune|54\/100\n|move|p1a: Suicune|Scald|p2a: Alakazam\n|-damage|p2a: Alakazam|33\/100\n|\n|-heal|p1a: Suicune|60\/100|[from] item: Leftovers\n|-damage|p1a: Suicune|48\/100|[from] Leech Seed|[of] p2a: Alakazam\n|-heal|p2a: Alakazam|53\/100|[silent]\n|upkeep\n|turn|36\n|\n|t:|1666058783\n|move|p2a: Alakazam|Psyshock|p1a: Suicune\n|-damage|p1a: Suicune|25\/100\n|move|p1a: Suicune|Scald|p2a: Alakazam\n|-damage|p2a: Alakazam|0 fnt\n|faint|p2a: Alakazam\n|\n|-heal|p1a: Suicune|32\/100|[from] item: Leftovers\n|upkeep\n|\n|t:|1666058791\n|switch|p2a: Urshifu|Urshifu-Rapid-Strike, M|86\/100\n|turn|37\n|\n|t:|1666058803\n|move|p2a: Urshifu|Close Combat|p1a: Suicune\n|-damage|p1a: Suicune|0 fnt\n|-unboost|p2a: Urshifu|def|1\n|-unboost|p2a: Urshifu|spd|1\n|faint|p1a: Suicune\n|\n|upkeep\n|\n|t:|1666058822\n|switch|p1a: Zapdos|Zapdos|37\/100\n|-damage|p1a: Zapdos|12\/100|[from] Stealth Rock\n|turn|38\n|\n|t:|1666058874\n|switch|p2a: Zapdos|Zapdos|41\/100\n|move|p1a: Zapdos|Hurricane|p2a: Zapdos|[miss]\n|-miss|p1a: Zapdos|p2a: Zapdos\n|\n|upkeep\n|turn|39\n|\n|t:|1666058882\n|move|p1a: Zapdos|Volt Switch|p2a: Zapdos\n|-damage|p2a: Zapdos|1\/100\n|\n|t:|1666058885\n|switch|p1a: Landorus|Landorus-Therian, M|95\/100 tox|[from]move: Volt Switch\n|-damage|p1a: Landorus|82\/100 tox|[from] Stealth Rock\n|-ability|p1a: Landorus|Intimidate|boost\n|-unboost|p2a: Zapdos|atk|1\n|move|p2a: Zapdos|Heat Wave|p1a: Landorus\n|-damage|p1a: Landorus|48\/100 tox\n|\n|-damage|p1a: Landorus|42\/100 tox|[from] psn\n|upkeep\n|turn|40\n|\n|t:|1666058893\n|move|p1a: Landorus|Knock Off|p2a: Zapdos\n|-damage|p2a: Zapdos|0 fnt\n|-enditem|p2a: Zapdos|Heavy-Duty Boots|[from] move: Knock Off|[of] p1a: Landorus\n|faint|p2a: Zapdos\n|\n|-damage|p1a: Landorus|30\/100 tox|[from] psn\n|upkeep\n|\n|t:|1666058897\n|switch|p2a: Urshifu|Urshifu-Rapid-Strike, M|86\/100\n|turn|41\n|\n|t:|1666058904\n|switch|p1a: Zapdos|Zapdos|12\/100\n|-damage|p1a: Zapdos|0 fnt|[from] Stealth Rock\n|faint|p1a: Zapdos\n|move|p2a: Urshifu|Surging Strikes|p1: Zapdos|[notarget]\n|-fail|p2a: Urshifu\n|\n|upkeep\n|\n|t:|1666058917\n|switch|p1a: Landorus|Landorus-Therian, M|30\/100 tox\n|-damage|p1a: Landorus|18\/100 tox|[from] Stealth Rock\n|-ability|p1a: Landorus|Intimidate|boost\n|-unboost|p2a: Urshifu|atk|1\n|turn|42\n|\n|t:|1666058921\n|move|p1a: Landorus|Earthquake|p2a: Urshifu\n|-crit|p2a: Urshifu\n|-damage|p2a: Urshifu|0 fnt\n|faint|p2a: Urshifu\n|\n|-damage|p1a: Landorus|12\/100 tox|[from] psn\n|upkeep\n|\n|t:|1666058927\n|switch|p2a: Shiinotic|Shiinotic, F|100\/100\n|turn|43\n|\n|t:|1666058933\n|move|p1a: Landorus|Earthquake|p2a: Shiinotic\n|-resisted|p2a: Shiinotic\n|-damage|p2a: Shiinotic|77\/100\n|move|p2a: Shiinotic|Strength Sap|p1a: Landorus\n|-unboost|p1a: Landorus|atk|1\n|-heal|p2a: Shiinotic|100\/100\n|\n|-damage|p1a: Landorus|0 fnt|[from] psn\n|faint|p1a: Landorus\n|upkeep\n|\n|t:|1666058938\n|switch|p1a: Snorlax|Snorlax, M|100\/100\n|-damage|p1a: Snorlax|88\/100|[from] Stealth Rock\n|turn|44\n|\n|t:|1666058942\n|move|p1a: Snorlax|Heat Crash|p2a: Shiinotic\n|-supereffective|p2a: Shiinotic\n|-damage|p2a: Shiinotic|45\/100\n|move|p2a: Shiinotic|Leech Seed|p1a: Snorlax\n|-start|p1a: Snorlax|move: Leech Seed\n|\n|-heal|p1a: Snorlax|94\/100|[from] item: Leftovers\n|-heal|p2a: Shiinotic|51\/100|[from] item: Leftovers\n|-damage|p1a: Snorlax|82\/100|[from] Leech Seed|[of] p2a: Shiinotic\n|-heal|p2a: Shiinotic|71\/100|[silent]\n|upkeep\n|turn|45\n|\n|t:|1666058947\n|move|p1a: Snorlax|Heat Crash|p2a: Shiinotic\n|-supereffective|p2a: Shiinotic\n|-damage|p2a: Shiinotic|21\/100\n|move|p2a: Shiinotic|Spore|p1a: Snorlax\n|-status|p1a: Snorlax|slp|[from] move: Spore\n|\n|-heal|p1a: Snorlax|88\/100 slp|[from] item: Leftovers\n|-heal|p2a: Shiinotic|27\/100|[from] item: Leftovers\n|-damage|p1a: Snorlax|75\/100 slp|[from] Leech Seed|[of] p2a: Shiinotic\n|-heal|p2a: Shiinotic|47\/100|[silent]\n|upkeep\n|turn|46\n|\n|t:|1666058951\n|cant|p1a: Snorlax|slp\n|move|p2a: Shiinotic|Strength Sap|p1a: Snorlax\n|-unboost|p1a: Snorlax|atk|1\n|-heal|p2a: Shiinotic|100\/100\n|\n|-heal|p1a: Snorlax|82\/100 slp|[from] item: Leftovers\n|-damage|p1a: Snorlax|69\/100 slp|[from] Leech Seed|[of] p2a: Shiinotic\n|upkeep\n|turn|47\n|\n|t:|1666058955\n|switch|p2a: Rhyperior|Rhyperior, F|43\/100\n|-curestatus|p1a: Snorlax|slp|[msg]\n|move|p1a: Snorlax|Curse|p1a: Snorlax\n|-unboost|p1a: Snorlax|spe|1\n|-boost|p1a: Snorlax|atk|1\n|-boost|p1a: Snorlax|def|1\n|\n|-heal|p2a: Rhyperior|49\/100|[from] item: Leftovers\n|-heal|p1a: Snorlax|75\/100|[from] item: Leftovers\n|-damage|p1a: Snorlax|63\/100|[from] Leech Seed|[of] p2a: Rhyperior\n|-heal|p2a: Rhyperior|64\/100|[silent]\n|upkeep\n|turn|48\n|\n|t:|1666058958\n|move|p2a: Rhyperior|Earthquake|p1a: Snorlax\n|-damage|p1a: Snorlax|30\/100\n|move|p1a: Snorlax|Curse|p1a: Snorlax\n|-unboost|p1a: Snorlax|spe|1\n|-boost|p1a: Snorlax|atk|1\n|-boost|p1a: Snorlax|def|1\n|\n|-heal|p2a: Rhyperior|70\/100|[from] item: Leftovers\n|-heal|p1a: Snorlax|36\/100|[from] item: Leftovers\n|-damage|p1a: Snorlax|24\/100|[from] Leech Seed|[of] p2a: Rhyperior\n|-heal|p2a: Rhyperior|85\/100|[silent]\n|upkeep\n|turn|49\n|\n|t:|1666058961\n|move|p2a: Rhyperior|Earthquake|p1a: Snorlax\n|-damage|p1a: Snorlax|1\/100\n|move|p1a: Snorlax|Rest|p1a: Snorlax\n|-status|p1a: Snorlax|slp|[from] move: Rest\n|-heal|p1a: Snorlax|100\/100 slp|[silent]\n|\n|-heal|p2a: Rhyperior|91\/100|[from] item: Leftovers\n|-damage|p1a: Snorlax|88\/100 slp|[from] Leech Seed|[of] p2a: Rhyperior\n|-heal|p2a: Rhyperior|100\/100|[silent]\n|upkeep\n|turn|50\n|\n|t:|1666058964\n|move|p2a: Rhyperior|Earthquake|p1a: Snorlax\n|-damage|p1a: Snorlax|64\/100 slp\n|cant|p1a: Snorlax|slp\n|\n|-heal|p1a: Snorlax|70\/100 slp|[from] item: Leftovers\n|-damage|p1a: Snorlax|58\/100 slp|[from] Leech Seed|[of] p2a: Rhyperior\n|upkeep\n|turn|51\n|\n|t:|1666058970\n|move|p2a: Rhyperior|Earthquake|p1a: Snorlax\n|-damage|p1a: Snorlax|32\/100 slp\n|cant|p1a: Snorlax|slp\n|\n|-heal|p1a: Snorlax|38\/100 slp|[from] item: Leftovers\n|-damage|p1a: Snorlax|26\/100 slp|[from] Leech Seed|[of] p2a: Rhyperior\n|upkeep\n|turn|52\n|\n|t:|1666058972\n|move|p2a: Rhyperior|Earthquake|p1a: Snorlax\n|-damage|p1a: Snorlax|3\/100 slp\n|-curestatus|p1a: Snorlax|slp|[msg]\n|move|p1a: Snorlax|Rest|p1a: Snorlax\n|-status|p1a: Snorlax|slp|[from] move: Rest\n|-heal|p1a: Snorlax|100\/100 slp|[silent]\n|\n|-damage|p1a: Snorlax|88\/100 slp|[from] Leech Seed|[of] p2a: Rhyperior\n|upkeep\n|turn|53\n|\n|t:|1666058975\n|move|p2a: Rhyperior|Earthquake|p1a: Snorlax\n|-damage|p1a: Snorlax|64\/100 slp\n|cant|p1a: Snorlax|slp\n|\n|-heal|p1a: Snorlax|70\/100 slp|[from] item: Leftovers\n|-damage|p1a: Snorlax|58\/100 slp|[from] Leech Seed|[of] p2a: Rhyperior\n|upkeep\n|turn|54\n|\n|t:|1666058977\n|move|p2a: Rhyperior|Earthquake|p1a: Snorlax\n|-damage|p1a: Snorlax|34\/100 slp\n|cant|p1a: Snorlax|slp\n|\n|-heal|p1a: Snorlax|41\/100 slp|[from] item: Leftovers\n|-damage|p1a: Snorlax|28\/100 slp|[from] Leech Seed|[of] p2a: Rhyperior\n|upkeep\n|turn|55\n|\n|t:|1666058979\n|move|p2a: Rhyperior|Earthquake|p1a: Snorlax\n|-damage|p1a: Snorlax|6\/100 slp\n|-curestatus|p1a: Snorlax|slp|[msg]\n|move|p1a: Snorlax|Rest|p1a: Snorlax\n|-status|p1a: Snorlax|slp|[from] move: Rest\n|-heal|p1a: Snorlax|100\/100 slp|[silent]\n|\n|-damage|p1a: Snorlax|88\/100 slp|[from] Leech Seed|[of] p2a: Rhyperior\n|upkeep\n|turn|56\n|\n|t:|1666058982\n|move|p2a: Rhyperior|Earthquake|p1a: Snorlax\n|-damage|p1a: Snorlax|65\/100 slp\n|cant|p1a: Snorlax|slp\n|\n|-heal|p1a: Snorlax|71\/100 slp|[from] item: Leftovers\n|-damage|p1a: Snorlax|59\/100 slp|[from] Leech Seed|[of] p2a: Rhyperior\n|upkeep\n|turn|57\n|\n|t:|1666058983\n|move|p2a: Rhyperior|Earthquake|p1a: Snorlax\n|-damage|p1a: Snorlax|33\/100 slp\n|cant|p1a: Snorlax|slp\n|\n|-heal|p1a: Snorlax|39\/100 slp|[from] item: Leftovers\n|-damage|p1a: Snorlax|27\/100 slp|[from] Leech Seed|[of] p2a: Rhyperior\n|upkeep\n|turn|58\n|\n|t:|1666058985\n|move|p2a: Rhyperior|Earthquake|p1a: Snorlax\n|-damage|p1a: Snorlax|4\/100 slp\n|-curestatus|p1a: Snorlax|slp|[msg]\n|move|p1a: Snorlax|Rest|p1a: Snorlax\n|-status|p1a: Snorlax|slp|[from] move: Rest\n|-heal|p1a: Snorlax|100\/100 slp|[silent]\n|\n|-damage|p1a: Snorlax|88\/100 slp|[from] Leech Seed|[of] p2a: Rhyperior\n|upkeep\n|turn|59\n|\n|t:|1666058987\n|move|p2a: Rhyperior|Earthquake|p1a: Snorlax\n|-damage|p1a: Snorlax|66\/100 slp\n|cant|p1a: Snorlax|slp\n|\n|-heal|p1a: Snorlax|72\/100 slp|[from] item: Leftovers\n|-damage|p1a: Snorlax|60\/100 slp|[from] Leech Seed|[of] p2a: Rhyperior\n|upkeep\n|turn|60\n|\n|t:|1666058989\n|move|p2a: Rhyperior|Earthquake|p1a: Snorlax\n|-damage|p1a: Snorlax|34\/100 slp\n|cant|p1a: Snorlax|slp\n|\n|-heal|p1a: Snorlax|41\/100 slp|[from] item: Leftovers\n|-damage|p1a: Snorlax|28\/100 slp|[from] Leech Seed|[of] p2a: Rhyperior\n|upkeep\n|turn|61\n|\n|t:|1666058990\n|move|p2a: Rhyperior|Earthquake|p1a: Snorlax\n|-damage|p1a: Snorlax|3\/100 slp\n|-curestatus|p1a: Snorlax|slp|[msg]\n|move|p1a: Snorlax|Rest|p1a: Snorlax\n|-status|p1a: Snorlax|slp|[from] move: Rest\n|-heal|p1a: Snorlax|100\/100 slp|[silent]\n|\n|-damage|p1a: Snorlax|88\/100 slp|[from] Leech Seed|[of] p2a: Rhyperior\n|upkeep\n|turn|62\n|\n|t:|1666058994\n|move|p2a: Rhyperior|Earthquake|p1a: Snorlax\n|-damage|p1a: Snorlax|64\/100 slp\n|cant|p1a: Snorlax|slp\n|\n|-heal|p1a: Snorlax|70\/100 slp|[from] item: Leftovers\n|-damage|p1a: Snorlax|58\/100 slp|[from] Leech Seed|[of] p2a: Rhyperior\n|upkeep\n|turn|63\n|\n|t:|1666058998\n|move|p2a: Rhyperior|Fire Punch|p1a: Snorlax\n|-damage|p1a: Snorlax|52\/100 slp\n|cant|p1a: Snorlax|slp\n|\n|-heal|p1a: Snorlax|58\/100 slp|[from] item: Leftovers\n|-damage|p1a: Snorlax|45\/100 slp|[from] Leech Seed|[of] p2a: Rhyperior\n|upkeep\n|turn|64\n|\n|t:|1666059002\n|switch|p2a: Shiinotic|Shiinotic, F|100\/100\n|-curestatus|p1a: Snorlax|slp|[msg]\n|move|p1a: Snorlax|Curse|p1a: Snorlax\n|-unboost|p1a: Snorlax|spe|1\n|-boost|p1a: Snorlax|atk|1\n|-boost|p1a: Snorlax|def|1\n|\n|-heal|p1a: Snorlax|51\/100|[from] item: Leftovers\n|-damage|p1a: Snorlax|39\/100|[from] Leech Seed|[of] p2a: Shiinotic\n|upkeep\n|turn|65\n|\n|t:|1666059009\n|move|p2a: Shiinotic|Strength Sap|p1a: Snorlax\n|-unboost|p1a: Snorlax|atk|1\n|move|p1a: Snorlax|Heat Crash|p2a: Shiinotic\n|-supereffective|p2a: Shiinotic\n|-damage|p2a: Shiinotic|24\/100\n|-status|p1a: Snorlax|par|[from] ability: Effect Spore|[of] p2a: Shiinotic\n|\n|-heal|p2a: Shiinotic|30\/100|[from] item: Leftovers\n|-heal|p1a: Snorlax|45\/100 par|[from] item: Leftovers\n|-damage|p1a: Snorlax|33\/100 par|[from] Leech Seed|[of] p2a: Shiinotic\n|-heal|p2a: Shiinotic|50\/100|[silent]\n|upkeep\n|turn|66\n|\n|t:|1666059013\n|move|p2a: Shiinotic|Moonblast|p1a: Snorlax\n|-damage|p1a: Snorlax|20\/100 par\n|move|p1a: Snorlax|Rest|p1a: Snorlax\n|-status|p1a: Snorlax|slp|[from] move: Rest\n|-heal|p1a: Snorlax|100\/100 slp|[silent]\n|\n|-heal|p2a: Shiinotic|56\/100|[from] item: Leftovers\n|-damage|p1a: Snorlax|88\/100 slp|[from] Leech Seed|[of] p2a: Shiinotic\n|-heal|p2a: Shiinotic|76\/100|[silent]\n|upkeep\n|turn|67\n|\n|t:|1666059017\n|move|p2a: Shiinotic|Moonblast|p1a: Snorlax\n|-damage|p1a: Snorlax|75\/100 slp\n|-unboost|p1a: Snorlax|spa|1\n|cant|p1a: Snorlax|slp\n|\n|-heal|p2a: Shiinotic|83\/100|[from] item: Leftovers\n|-heal|p1a: Snorlax|82\/100 slp|[from] item: Leftovers\n|-damage|p1a: Snorlax|69\/100 slp|[from] Leech Seed|[of] p2a: Shiinotic\n|-heal|p2a: Shiinotic|100\/100|[silent]\n|upkeep\n|turn|68\n|\n|t:|1666059024\n|move|p2a: Shiinotic|Moonblast|p1a: Snorlax\n|-damage|p1a: Snorlax|55\/100 slp\n|cant|p1a: Snorlax|slp\n|\n|-heal|p1a: Snorlax|61\/100 slp|[from] item: Leftovers\n|-damage|p1a: Snorlax|48\/100 slp|[from] Leech Seed|[of] p2a: Shiinotic\n|upkeep\n|turn|69\n|\n|t:|1666059030\n|move|p2a: Shiinotic|Moonblast|p1a: Snorlax\n|-damage|p1a: Snorlax|36\/100 slp\n|-curestatus|p1a: Snorlax|slp|[msg]\n|move|p1a: Snorlax|Rest|p1a: Snorlax\n|-status|p1a: Snorlax|slp|[from] move: Rest\n|-heal|p1a: Snorlax|100\/100 slp|[silent]\n|\n|-damage|p1a: Snorlax|88\/100 slp|[from] Leech Seed|[of] p2a: Shiinotic\n|upkeep\n|turn|70\n|\n|t:|1666059036\n|switch|p2a: Rhyperior|Rhyperior, F|100\/100\n|cant|p1a: Snorlax|slp\n|\n|-heal|p1a: Snorlax|94\/100 slp|[from] item: Leftovers\n|-damage|p1a: Snorlax|82\/100 slp|[from] Leech Seed|[of] p2a: Rhyperior\n|upkeep\n|turn|71\n|\n|t:|1666059045\n|switch|p2a: Shiinotic|Shiinotic, F|100\/100\n|cant|p1a: Snorlax|slp\n|\n|-heal|p1a: Snorlax|88\/100 slp|[from] item: Leftovers\n|-damage|p1a: Snorlax|75\/100 slp|[from] Leech Seed|[of] p2a: Shiinotic\n|upkeep\n|turn|72\n|\n|t:|1666059054\n|switch|p2a: Rhyperior|Rhyperior, F|100\/100\n|-curestatus|p1a: Snorlax|slp|[msg]\n|move|p1a: Snorlax|Curse|p1a: Snorlax\n|-unboost|p1a: Snorlax|spe|1\n|-boost|p1a: Snorlax|atk|1\n|-boost|p1a: Snorlax|def|1\n|\n|-heal|p1a: Snorlax|82\/100|[from] item: Leftovers\n|-damage|p1a: Snorlax|69\/100|[from] Leech Seed|[of] p2a: Rhyperior\n|upkeep\n|turn|73\n|\n|t:|1666059067\n|switch|p2a: Shiinotic|Shiinotic, F|100\/100\n|move|p1a: Snorlax|Curse|p1a: Snorlax\n|-unboost|p1a: Snorlax|spe|1\n|-boost|p1a: Snorlax|atk|1\n|-boost|p1a: Snorlax|def|1\n|\n|-heal|p1a: Snorlax|75\/100|[from] item: Leftovers\n|-damage|p1a: Snorlax|63\/100|[from] Leech Seed|[of] p2a: Shiinotic\n|upkeep\n|turn|74\n|\n|t:|1666059069\n|move|p2a: Shiinotic|Strength Sap|p1a: Snorlax\n|-unboost|p1a: Snorlax|atk|1\n|move|p1a: Snorlax|Heat Crash|p2a: Shiinotic\n|-supereffective|p2a: Shiinotic\n|-damage|p2a: Shiinotic|0 fnt\n|-status|p1a: Snorlax|slp|[from] ability: Effect Spore|[of] p2a: Shiinotic\n|faint|p2a: Shiinotic\n|\n|-heal|p1a: Snorlax|69\/100 slp|[from] item: Leftovers\n|upkeep\n|\n|t:|1666059073\n|switch|p2a: Rhyperior|Rhyperior, F|100\/100\n|turn|75\n|-message|myguysaresolid forfeited.\n|\n|win|Vodyne\n|raw|Vodyne's rating: 1535 &rarr; <strong>1559<\/strong><br \/>(+24 for winning)\n|raw|myguysaresolid's rating: 1598 &rarr; <strong>1574<\/strong><br \/>(-24 for losing)\n|l|\u2606myguysaresolid\n|c|\u2606Vodyne|gg\n||Ladder isn't responding, score probably updated but might not have (Request timeout).\n","uploadtime":1666059084,"views":16,"p1id":"vodyne","p2id":"myguysaresolid","formatid":"gen8ou","rating":1559,"private":0,"password":null}