{"id":"gen8nationaldex-1706459769","p1":"Ledunqi","p2":"Ferrothornail\u8349\u94a2\u7532","format":"gen8nationaldex","log":"|j|\u2606Ledunqi\n|j|\u2606Ferrothornail\u8349\u94a2\u7532\n|t:|1667993905\n|gametype|singles\n|player|p1|Ledunqi|pokemonranger-gen6|1672\n|player|p2|Ferrothornail\u8349\u94a2\u7532|lillie|1791\n|teamsize|p1|6\n|teamsize|p2|6\n|gen|8\n|tier|[Gen 8] National Dex\n|rated|\n|rule|HP Percentage Mod: HP is shown in percentages\n|rule|Endless Battle Clause: Forcing endless battles is banned\n|rule|OHKO Clause: OHKO moves are banned\n|rule|Evasion Moves Clause: Evasion moves are banned\n|rule|Species Clause: Limit one of each Pok\u00e9mon\n|rule|Dynamax Clause: You cannot dynamax\n|rule|Sleep Clause Mod: Limit one foe put to sleep\n|clearpoke\n|poke|p1|Charizard, M|\n|poke|p1|Tyranitar, M|\n|poke|p1|Corviknight, M|\n|poke|p1|Excadrill, F|\n|poke|p1|Zapdos|\n|poke|p1|Amoonguss, F|\n|poke|p2|Pelipper, F|\n|poke|p2|Kingdra, M|\n|poke|p2|Ferrothorn, F|\n|poke|p2|Swampert, M|\n|poke|p2|Tapu Koko|\n|poke|p2|Gyarados, F|\n|teampreview\n|inactive|Battle timer is ON: inactive players will automatically lose when time's up. (requested by Ledunqi)\n|\n|t:|1667993930\n|start\n|switch|p1a: Among Us|Amoonguss, F|100\/100\n|switch|p2a: Pelipper|Pelipper, F|100\/100\n|-weather|RainDance|[from] ability: Drizzle|[of] p2a: Pelipper\n|turn|1\n|\n|t:|1667993934\n|switch|p2a: Ferrothorn|Ferrothorn, F|100\/100\n|move|p1a: Among Us|Sludge Bomb|p2a: Ferrothorn\n|-immune|p2a: Ferrothorn\n|\n|-weather|RainDance|[upkeep]\n|upkeep\n|turn|2\n|\n|t:|1667993936\n|move|p1a: Among Us|Hidden Power|p2a: Ferrothorn\n|-supereffective|p2a: Ferrothorn\n|-damage|p2a: Ferrothorn|87\/100\n|move|p2a: Ferrothorn|Spikes|p1a: Among Us\n|-sidestart|p1: Ledunqi|Spikes\n|\n|-weather|RainDance|[upkeep]\n|upkeep\n|turn|3\n|\n|t:|1667993940\n|switch|p1a: Corvi|Corviknight, M|100\/100\n|-ability|p1a: Corvi|Pressure\n|move|p2a: Ferrothorn|Spikes|p1a: Corvi\n|-sidestart|p1: Ledunqi|Spikes\n|\n|-weather|RainDance|[upkeep]\n|upkeep\n|turn|4\n|\n|t:|1667993943\n|switch|p2a: Kingdra|Kingdra, M|100\/100\n|move|p1a: Corvi|Defog|p2a: Kingdra\n|-unboost|p2a: Kingdra|evasion|1\n|-sideend|p1: Ledunqi|Spikes|[from] move: Defog|[of] p1a: Corvi\n|\n|-weather|RainDance|[upkeep]\n|upkeep\n|turn|5\n|\n|t:|1667993946\n|switch|p1a: Among Us|Amoonguss, F|100\/100\n|move|p2a: Kingdra|Hydro Pump|p1a: Among Us\n|-resisted|p1a: Among Us\n|-damage|p1a: Among Us|63\/100\n|\n|-weather|RainDance|[upkeep]\n|-heal|p1a: Among Us|69\/100|[from] item: Black Sludge\n|upkeep\n|turn|6\n|\n|t:|1667993951\n|switch|p2a: Ferrothorn|Ferrothorn, F|87\/100\n|move|p1a: Among Us|Giga Drain|p2a: Ferrothorn\n|-resisted|p2a: Ferrothorn\n|-damage|p2a: Ferrothorn|83\/100\n|-heal|p1a: Among Us|70\/100|[from] drain|[of] p2a: Ferrothorn\n|\n|-weather|RainDance|[upkeep]\n|-heal|p1a: Among Us|76\/100|[from] item: Black Sludge\n|upkeep\n|turn|7\n|\n|t:|1667993956\n|switch|p1a: Corvi|Corviknight, M|100\/100\n|-ability|p1a: Corvi|Pressure\n|move|p2a: Ferrothorn|Spikes|p1a: Corvi\n|-sidestart|p1: Ledunqi|Spikes\n|\n|-weather|RainDance|[upkeep]\n|upkeep\n|turn|8\n|\n|t:|1667993958\n|move|p1a: Corvi|Defog|p2a: Ferrothorn\n|-unboost|p2a: Ferrothorn|evasion|1\n|-sideend|p1: Ledunqi|Spikes|[from] move: Defog|[of] p1a: Corvi\n|move|p2a: Ferrothorn|Leech Seed|p1a: Corvi\n|-start|p1a: Corvi|move: Leech Seed\n|\n|-weather|none\n|-damage|p1a: Corvi|88\/100|[from] Leech Seed|[of] p2a: Ferrothorn\n|-heal|p2a: Ferrothorn|97\/100|[silent]\n|upkeep\n|turn|9\n|\n|t:|1667993971\n|switch|p1a: Dusty|Tyranitar, M|100\/100\n|-weather|Sandstorm|[from] ability: Sand Stream|[of] p1a: Dusty\n|move|p2a: Ferrothorn|Leech Seed|p1a: Dusty|[miss]\n|-miss|p2a: Ferrothorn|p1a: Dusty\n|\n|-weather|Sandstorm|[upkeep]\n|upkeep\n|turn|10\n|\n|t:|1667993974\n|move|p1a: Dusty|Superpower|p2a: Ferrothorn\n|-supereffective|p2a: Ferrothorn\n|-enditem|p2a: Ferrothorn|Chople Berry|[eat]\n|-enditem|p2a: Ferrothorn|Chople Berry|[weaken]\n|-damage|p2a: Ferrothorn|49\/100\n|-unboost|p1a: Dusty|atk|1\n|-unboost|p1a: Dusty|def|1\n|-damage|p1a: Dusty|88\/100|[from] ability: Iron Barbs|[of] p2a: Ferrothorn\n|move|p2a: Ferrothorn|Body Press|p1a: Dusty\n|-supereffective|p1a: Dusty\n|-damage|p1a: Dusty|0 fnt\n|faint|p1a: Dusty\n|\n|-weather|Sandstorm|[upkeep]\n|upkeep\n|\n|t:|1667993980\n|switch|p1a: Drilly|Excadrill, F|100\/100\n|turn|11\n|j| KoKoms\n|\n|t:|1667993991\n|move|p1a: Drilly|Substitute|p1a: Drilly\n|-start|p1a: Drilly|Substitute\n|-damage|p1a: Drilly|76\/100\n|move|p2a: Ferrothorn|Body Press|p1a: Drilly\n|-supereffective|p1a: Drilly\n|-end|p1a: Drilly|Substitute\n|\n|-weather|Sandstorm|[upkeep]\n|-heal|p1a: Drilly|82\/100|[from] item: Leftovers\n|upkeep\n|turn|12\n|\n|t:|1667993996\n|switch|p1a: Charly|Charizard, M, shiny|100\/100\n|move|p2a: Ferrothorn|Body Press|p1a: Charly\n|-resisted|p1a: Charly\n|-damage|p1a: Charly|85\/100\n|\n|-weather|Sandstorm|[upkeep]\n|-damage|p1a: Charly|79\/100|[from] Sandstorm\n|upkeep\n|turn|13\n|\n|t:|1667994003\n|switch|p2a: Kingdra|Kingdra, M|100\/100\n|detailschange|p1a: Charly|Charizard-Mega-Y, M, shiny\n|-mega|p1a: Charly|Charizard|Charizardite Y\n|-weather|SunnyDay|[from] ability: Drought|[of] p1a: Charly\n|move|p1a: Charly|Weather Ball|p2a: Kingdra\n|-resisted|p2a: Kingdra\n|-damage|p2a: Kingdra|77\/100\n|\n|-weather|SunnyDay|[upkeep]\n|upkeep\n|turn|14\n|\n|t:|1667994007\n|switch|p1a: Among Us|Amoonguss, F|100\/100\n|switch|p2a: Pelipper|Pelipper, F|100\/100\n|-weather|RainDance|[from] ability: Drizzle|[of] p2a: Pelipper\n|\n|-weather|RainDance|[upkeep]\n|upkeep\n|turn|15\n|\n|t:|1667994017\n|switch|p2a: Ferrothorn|Ferrothorn, F|49\/100\n|switch|p1a: Zappy|Zapdos|100\/100\n|\n|-weather|RainDance|[upkeep]\n|upkeep\n|turn|16\n|\n|t:|1667994021\n|move|p1a: Zappy|Volt Switch|p2a: Ferrothorn\n|-resisted|p2a: Ferrothorn\n|-damage|p2a: Ferrothorn|38\/100\n|\n|t:|1667994023\n|switch|p1a: Charly|Charizard-Mega-Y, M, shiny|79\/100|[from]move: Volt Switch\n|-weather|SunnyDay|[from] ability: Drought|[of] p1a: Charly\n|move|p2a: Ferrothorn|Leech Seed|p1a: Charly\n|-start|p1a: Charly|move: Leech Seed\n|\n|-weather|SunnyDay|[upkeep]\n|-damage|p1a: Charly|66\/100|[from] Leech Seed|[of] p2a: Ferrothorn\n|-heal|p2a: Ferrothorn|49\/100|[silent]\n|upkeep\n|turn|17\n|\n|t:|1667994028\n|switch|p1a: Among Us|Amoonguss, F|100\/100\n|switch|p2a: Pelipper|Pelipper, F|100\/100\n|-weather|RainDance|[from] ability: Drizzle|[of] p2a: Pelipper\n|\n|-weather|RainDance|[upkeep]\n|upkeep\n|turn|18\n|\n|t:|1667994033\n|move|p2a: Pelipper|Hurricane|p1a: Among Us\n|-supereffective|p1a: Among Us\n|-damage|p1a: Among Us|49\/100\n|move|p1a: Among Us|Hidden Power|p2a: Pelipper\n|-resisted|p2a: Pelipper\n|-damage|p2a: Pelipper|96\/100\n|\n|-weather|RainDance|[upkeep]\n|-heal|p1a: Among Us|55\/100|[from] item: Black Sludge\n|upkeep\n|turn|19\n|\n|t:|1667994038\n|move|p2a: Pelipper|U-turn|p1a: Among Us\n|-damage|p1a: Among Us|46\/100\n|j| fuyuzu\n|\n|t:|1667994040\n|switch|p2a: Ferrothorn|Ferrothorn, F|49\/100|[from]move: U-turn\n|move|p1a: Among Us|Giga Drain|p2a: Ferrothorn\n|-resisted|p2a: Ferrothorn\n|-damage|p2a: Ferrothorn|45\/100\n|-heal|p1a: Among Us|48\/100|[from] drain|[of] p2a: Ferrothorn\n|\n|-weather|RainDance|[upkeep]\n|-heal|p1a: Among Us|54\/100|[from] item: Black Sludge\n|upkeep\n|turn|20\n|\n|t:|1667994048\n|switch|p1a: Charly|Charizard-Mega-Y, M, shiny|66\/100\n|-weather|SunnyDay|[from] ability: Drought|[of] p1a: Charly\n|move|p2a: Ferrothorn|Spikes|p1a: Charly\n|-sidestart|p1: Ledunqi|Spikes\n|\n|-weather|SunnyDay|[upkeep]\n|upkeep\n|turn|21\n|\n|t:|1667994050\n|switch|p2a: Pelipper|Pelipper, F|96\/100\n|-weather|RainDance|[from] ability: Drizzle|[of] p2a: Pelipper\n|move|p1a: Charly|Roost|p1a: Charly\n|-heal|p1a: Charly|100\/100\n|-singleturn|p1a: Charly|move: Roost\n|\n|-weather|RainDance|[upkeep]\n|upkeep\n|turn|22\n|\n|t:|1667994053\n|switch|p1a: Zappy|Zapdos|100\/100\n|move|p2a: Pelipper|Hurricane|p1a: Zappy\n|-resisted|p1a: Zappy\n|-damage|p1a: Zappy|84\/100\n|\n|-weather|RainDance|[upkeep]\n|upkeep\n|turn|23\n|\n|t:|1667994057\n|switch|p2a: Swampert|Swampert, M|100\/100\n|move|p1a: Zappy|Defog|p2a: Swampert\n|-unboost|p2a: Swampert|evasion|1\n|-sideend|p1: Ledunqi|Spikes|[from] move: Defog|[of] p1a: Zappy\n|\n|-weather|RainDance|[upkeep]\n|upkeep\n|turn|24\n|\n|t:|1667994063\n|switch|p1a: Corvi|Corviknight, M|88\/100\n|-ability|p1a: Corvi|Pressure\n|detailschange|p2a: Swampert|Swampert-Mega, M\n|-mega|p2a: Swampert|Swampert|Swampertite\n|move|p2a: Swampert|Stealth Rock|p1a: Corvi\n|-sidestart|p1: Ledunqi|move: Stealth Rock\n|\n|-weather|RainDance|[upkeep]\n|upkeep\n|turn|25\n|\n|t:|1667994066\n|move|p2a: Swampert|Liquidation|p1a: Corvi\n|-damage|p1a: Corvi|38\/100\n|-damage|p2a: Swampert|84\/100|[from] item: Rocky Helmet|[of] p1a: Corvi\n|move|p1a: Corvi|Defog|p2a: Swampert\n|-unboost|p2a: Swampert|evasion|1\n|-sideend|p1: Ledunqi|Stealth Rock|[from] move: Defog|[of] p1a: Corvi\n|\n|-weather|RainDance|[upkeep]\n|upkeep\n|turn|26\n|\n|t:|1667994074\n|move|p2a: Swampert|Liquidation|p1a: Corvi\n|-damage|p1a: Corvi|0 fnt\n|-damage|p2a: Swampert|68\/100|[from] item: Rocky Helmet|[of] p1a: Corvi\n|faint|p1a: Corvi\n|\n|-weather|RainDance|[upkeep]\n|upkeep\n|\n|t:|1667994077\n|switch|p1a: Charly|Charizard-Mega-Y, M, shiny|100\/100\n|-weather|SunnyDay|[from] ability: Drought|[of] p1a: Charly\n|turn|27\n|\n|t:|1667994085\n|switch|p1a: Drilly|Excadrill, F|82\/100\n|switch|p2a: Pelipper|Pelipper, F|96\/100\n|-weather|RainDance|[from] ability: Drizzle|[of] p2a: Pelipper\n|\n|-weather|RainDance|[upkeep]\n|-heal|p1a: Drilly|88\/100|[from] item: Leftovers\n|upkeep\n|turn|28\n|\n|t:|1667994100\n|switch|p2a: Swampert|Swampert-Mega, M|68\/100\n|move|p1a: Drilly|Substitute|p1a: Drilly\n|-start|p1a: Drilly|Substitute\n|-damage|p1a: Drilly|63\/100\n|\n|-weather|RainDance|[upkeep]\n|-heal|p1a: Drilly|69\/100|[from] item: Leftovers\n|upkeep\n|turn|29\n|\n|t:|1667994111\n|move|p2a: Swampert|Liquidation|p1a: Drilly\n|-supereffective|p1a: Drilly\n|-end|p1a: Drilly|Substitute\n|move|p1a: Drilly|Earthquake|p2a: Swampert\n|-damage|p2a: Swampert|16\/100\n|\n|-weather|RainDance|[upkeep]\n|-heal|p1a: Drilly|75\/100|[from] item: Leftovers\n|upkeep\n|turn|30\n|\n|t:|1667994117\n|switch|p1a: Zappy|Zapdos|84\/100\n|move|p2a: Swampert|Stealth Rock|p1a: Zappy\n|-sidestart|p1: Ledunqi|move: Stealth Rock\n|\n|-weather|RainDance|[upkeep]\n|upkeep\n|turn|31\n|\n|t:|1667994121\n|move|p2a: Swampert|Ice Punch|p1a: Zappy\n|-supereffective|p1a: Zappy\n|-damage|p1a: Zappy|36\/100\n|move|p1a: Zappy|Volt Switch|p2a: Swampert\n|-immune|p2a: Swampert\n|\n|-weather|RainDance|[upkeep]\n|upkeep\n|turn|32\n|\n|t:|1667994125\n|move|p2a: Swampert|Ice Punch|p1a: Zappy\n|-supereffective|p1a: Zappy\n|-damage|p1a: Zappy|0 fnt\n|faint|p1a: Zappy\n|\n|-weather|RainDance|[upkeep]\n|upkeep\n|-message|Ledunqi forfeited.\n|\n|win|Ferrothornail\u8349\u94a2\u7532\n|raw|Ledunqi's rating: 1672 &rarr; <strong>1659<\/strong><br \/>(-13 for losing)\n|raw|Ferrothornail\u8349\u94a2\u7532's rating: 1791 &rarr; <strong>1804<\/strong><br \/>(+13 for winning)\n|l|\u2606Ledunqi\n","uploadtime":1667994131,"views":3,"p1id":"ledunqi","p2id":"ferrothornail","formatid":"gen8nationaldex","rating":1659,"private":0,"password":null}