{"id":"gen8nationaldex-1689114857","p1":"A Simpl Trainer...","p2":"Brettfavreguilty","format":"gen8nationaldex","log":"|j|\u2606A Simpl Trainer...\n|j|\u2606Brettfavreguilty\n|t:|1666132917\n|gametype|singles\n|player|p1|A Simpl Trainer...|unknown|1018\n|player|p2|Brettfavreguilty|102|1040\n|teamsize|p1|6\n|teamsize|p2|6\n|gen|8\n|tier|[Gen 8] National Dex\n|rated|\n|rule|HP Percentage Mod: HP is shown in percentages\n|rule|Endless Battle Clause: Forcing endless battles is banned\n|rule|OHKO Clause: OHKO moves are banned\n|rule|Evasion Moves Clause: Evasion moves are banned\n|rule|Species Clause: Limit one of each Pok\u00e9mon\n|rule|Dynamax Clause: You cannot dynamax\n|rule|Sleep Clause Mod: Limit one foe put to sleep\n|clearpoke\n|poke|p1|Toxapex, M|\n|poke|p1|Chandelure, F|\n|poke|p1|Dragonite, M|\n|poke|p1|Quagsire, M|\n|poke|p1|Scrafty, F|\n|poke|p1|Forretress, F|\n|poke|p2|Azumarill, M|\n|poke|p2|Silvally-*|\n|poke|p2|Cursola, F|\n|poke|p2|Meganium, M|\n|poke|p2|Bronzong|\n|poke|p2|Lickilicky, M|\n|teampreview\n|\n|t:|1666132938\n|start\n|switch|p1a: Forretress|Forretress, F|100\/100\n|switch|p2a: dino mode|Meganium, M|100\/100\n|turn|1\n|\n|t:|1666132951\n|move|p2a: dino mode|Reflect|p2a: dino mode\n|-sidestart|p2: Brettfavreguilty|Reflect\n|move|p1a: Forretress|Spikes|p2a: dino mode\n|-sidestart|p2: Brettfavreguilty|Spikes\n|\n|upkeep\n|turn|2\n|\n|t:|1666132954\n|move|p2a: dino mode|Light Screen|p2a: dino mode\n|-sidestart|p2: Brettfavreguilty|move: Light Screen\n|move|p1a: Forretress|Spikes|p2a: dino mode\n|-sidestart|p2: Brettfavreguilty|Spikes\n|\n|upkeep\n|turn|3\n|\n|t:|1666132957\n|switch|p2a: 0=0|Bronzong|100\/100\n|move|p1a: Forretress|Spikes|p2a: 0=0\n|-sidestart|p2: Brettfavreguilty|Spikes\n|\n|upkeep\n|turn|4\n|\n|t:|1666132967\n|move|p1a: Forretress|Stealth Rock|p2a: 0=0\n|-sidestart|p2: Brettfavreguilty|move: Stealth Rock\n|move|p2a: 0=0|Stealth Rock|p1a: Forretress\n|-sidestart|p1: A Simpl Trainer...|move: Stealth Rock\n|\n|upkeep\n|turn|5\n|\n|t:|1666132971\n|move|p1a: Forretress|Toxic Spikes|p2a: 0=0\n|-sidestart|p2: Brettfavreguilty|move: Toxic Spikes\n|move|p2a: 0=0|Iron Defense|p2a: 0=0\n|-boost|p2a: 0=0|def|2\n|\n|-sideend|p2: Brettfavreguilty|Reflect\n|upkeep\n|turn|6\n|\n|t:|1666132976\n|move|p1a: Forretress|Toxic Spikes|p2a: 0=0\n|-sidestart|p2: Brettfavreguilty|move: Toxic Spikes\n|move|p2a: 0=0|Iron Defense|p2a: 0=0\n|-boost|p2a: 0=0|def|2\n|\n|-sideend|p2: Brettfavreguilty|move: Light Screen\n|upkeep\n|turn|7\n|\n|t:|1666132984\n|move|p1a: Forretress|Rapid Spin|p2a: 0=0\n|-resisted|p2a: 0=0\n|-damage|p2a: 0=0|99\/100\n|-boost|p1a: Forretress|spe|1\n|-sideend|p1: A Simpl Trainer...|Stealth Rock|[from] move: Rapid Spin|[of] p1a: Forretress\n|move|p2a: 0=0|Iron Defense|p2a: 0=0\n|-boost|p2a: 0=0|def|2\n|\n|-heal|p2a: 0=0|100\/100|[from] item: Leftovers\n|upkeep\n|turn|8\n|\n|t:|1666133000\n|switch|p1a: Scrafty|Scrafty, F|100\/100\n|move|p2a: 0=0|Body Press|p1a: Scrafty\n|-supereffective|p1a: Scrafty\n|-damage|p1a: Scrafty|0 fnt\n|faint|p1a: Scrafty\n|\n|upkeep\n|\n|t:|1666133010\n|switch|p1a: Chandelure|Chandelure, F|100\/100\n|-item|p1a: Chandelure|Air Balloon\n|turn|9\n|\n|t:|1666133028\n|switch|p2a: Tubulon Prime|Lickilicky, M|100\/100\n|-damage|p2a: Tubulon Prime|75\/100|[from] Spikes\n|-damage|p2a: Tubulon Prime|63\/100|[from] Stealth Rock\n|-status|p2a: Tubulon Prime|tox\n|-ability|p2a: Tubulon Prime|Cloud Nine\n|move|p1a: Chandelure|Flamethrower|p2a: Tubulon Prime\n|-damage|p2a: Tubulon Prime|22\/100 tox\n|\n|-heal|p2a: Tubulon Prime|28\/100 tox|[from] item: Leftovers\n|-damage|p2a: Tubulon Prime|22\/100 tox|[from] psn\n|upkeep\n|turn|10\n|\n|t:|1666133043\n|move|p1a: Chandelure|Flamethrower|p2a: Tubulon Prime\n|-damage|p2a: Tubulon Prime|0 fnt\n|faint|p2a: Tubulon Prime\n|\n|upkeep\n|\n|t:|1666133045\n|switch|p2a: bird?|Silvally-Ground|100\/100\n|-damage|p2a: bird?|76\/100|[from] Spikes\n|-damage|p2a: bird?|69\/100|[from] Stealth Rock\n|-status|p2a: bird?|tox\n|turn|11\n|\n|t:|1666133054\n|switch|p1a: Dragonite|Dragonite, M|100\/100\n|move|p2a: bird?|Defog|p1a: Dragonite\n|-unboost|p1a: Dragonite|evasion|1\n|-sideend|p2: Brettfavreguilty|Spikes|[from] move: Defog|[of] p2a: bird?\n|-sideend|p2: Brettfavreguilty|Toxic Spikes|[from] move: Defog|[of] p2a: bird?\n|-sideend|p2: Brettfavreguilty|Stealth Rock|[from] move: Defog|[of] p2a: bird?\n|\n|-damage|p2a: bird?|63\/100 tox|[from] psn\n|upkeep\n|turn|12\n|\n|t:|1666133064\n|move|p1a: Dragonite|Tailwind|p1a: Dragonite\n|-sidestart|p1: A Simpl Trainer...|move: Tailwind\n|move|p2a: bird?|Parting Shot|p1a: Dragonite\n|-unboost|p1a: Dragonite|atk|1\n|-unboost|p1a: Dragonite|spa|1\n|\n|t:|1666133092\n|switch|p2a: Sashimi|Cursola, F|100\/100|[from]move: Parting Shot\n|\n|upkeep\n|turn|13\n|\n|t:|1666133107\n|switch|p1a: Toxapex|Toxapex, M|100\/100\n|move|p2a: Sashimi|Ice Beam|p1a: Toxapex\n|-resisted|p1a: Toxapex\n|-damage|p1a: Toxapex|88\/100\n|\n|-heal|p1a: Toxapex|94\/100|[from] item: Black Sludge\n|upkeep\n|turn|14\n|\n|t:|1666133117\n|move|p1a: Toxapex|Hex|p2a: Sashimi\n|-supereffective|p2a: Sashimi\n|-damage|p2a: Sashimi|78\/100\n|move|p2a: Sashimi|Earth Power|p1a: Toxapex\n|-supereffective|p1a: Toxapex\n|-damage|p1a: Toxapex|42\/100\n|\n|-heal|p1a: Toxapex|48\/100|[from] item: Black Sludge\n|upkeep\n|turn|15\n|\n|t:|1666133133\n|move|p1a: Toxapex|Baneful Bunker|p1a: Toxapex\n|-singleturn|p1a: Toxapex|move: Protect\n|move|p2a: Sashimi|Ice Beam|p1a: Toxapex\n|-activate|p1a: Toxapex|move: Protect\n|\n|-heal|p1a: Toxapex|54\/100|[from] item: Black Sludge\n|-sideend|p1: A Simpl Trainer...|move: Tailwind\n|upkeep\n|turn|16\n|\n|t:|1666133141\n|move|p1a: Toxapex|Hex|p2a: Sashimi\n|-supereffective|p2a: Sashimi\n|-damage|p2a: Sashimi|55\/100\n|move|p2a: Sashimi|Earth Power|p1a: Toxapex\n|-supereffective|p1a: Toxapex\n|-damage|p1a: Toxapex|0 fnt\n|faint|p1a: Toxapex\n|\n|upkeep\n|\n|t:|1666133152\n|switch|p1a: Quagsire|Quagsire, M|100\/100\n|turn|17\n|\n|t:|1666133184\n|switch|p2a: bird?|Silvally-Ground|63\/100 tox\n|move|p1a: Quagsire|Stockpile|p1a: Quagsire\n|-start|p1a: Quagsire|stockpile1\n|-boost|p1a: Quagsire|def|1\n|-boost|p1a: Quagsire|spd|1\n|\n|-damage|p2a: bird?|57\/100 tox|[from] psn\n|upkeep\n|turn|18\n|\n|t:|1666133195\n|move|p2a: bird?|Parting Shot|p1a: Quagsire\n|-unboost|p1a: Quagsire|atk|1\n|-unboost|p1a: Quagsire|spa|1\n|\n|t:|1666133200\n|switch|p2a: dino mode|Meganium, M|100\/100|[from]move: Parting Shot\n|move|p1a: Quagsire|Liquidation|p2a: dino mode\n|-resisted|p2a: dino mode\n|-damage|p2a: dino mode|95\/100\n|\n|-heal|p2a: dino mode|100\/100|[from] item: Leftovers\n|upkeep\n|turn|19\n|\n|t:|1666133225\n|switch|p1a: Chandelure|Chandelure, F|100\/100\n|-item|p1a: Chandelure|Air Balloon\n|move|p2a: dino mode|Giga Drain|p1a: Chandelure\n|-resisted|p1a: Chandelure\n|-damage|p1a: Chandelure|90\/100\n|-enditem|p1a: Chandelure|Air Balloon\n|\n|upkeep\n|turn|20\n|\n|t:|1666133235\n|move|p2a: dino mode|Light Screen|p2a: dino mode\n|-sidestart|p2: Brettfavreguilty|move: Light Screen\n|move|p1a: Chandelure|Acid Armor|p1a: Chandelure\n|-boost|p1a: Chandelure|def|2\n|\n|upkeep\n|turn|21\n|\n|t:|1666133242\n|move|p2a: dino mode|Earthquake|p1a: Chandelure\n|-supereffective|p1a: Chandelure\n|-damage|p1a: Chandelure|71\/100\n|move|p1a: Chandelure|Flamethrower|p2a: dino mode\n|-supereffective|p2a: dino mode\n|-damage|p2a: dino mode|56\/100\n|\n|-heal|p2a: dino mode|62\/100|[from] item: Leftovers\n|upkeep\n|turn|22\n|\n|t:|1666133250\n|move|p2a: dino mode|Earthquake|p1a: Chandelure\n|-supereffective|p1a: Chandelure\n|-damage|p1a: Chandelure|50\/100\n|move|p1a: Chandelure|Flamethrower|p2a: dino mode\n|-supereffective|p2a: dino mode\n|-damage|p2a: dino mode|18\/100\n|\n|-heal|p2a: dino mode|24\/100|[from] item: Leftovers\n|upkeep\n|turn|23\n|\n|t:|1666133257\n|move|p2a: dino mode|Earthquake|p1a: Chandelure\n|-supereffective|p1a: Chandelure\n|-crit|p1a: Chandelure\n|-damage|p1a: Chandelure|0 fnt\n|faint|p1a: Chandelure\n|\n|-heal|p2a: dino mode|30\/100|[from] item: Leftovers\n|upkeep\n|\n|t:|1666133267\n|switch|p1a: Dragonite|Dragonite, M|100\/100\n|turn|24\n|\n|t:|1666133273\n|move|p1a: Dragonite|Extreme Speed|p2a: dino mode\n|-damage|p2a: dino mode|14\/100\n|move|p2a: dino mode|Reflect|p2a: dino mode\n|-sidestart|p2: Brettfavreguilty|Reflect\n|\n|-heal|p2a: dino mode|20\/100|[from] item: Leftovers\n|-sideend|p2: Brettfavreguilty|move: Light Screen\n|upkeep\n|turn|25\n|\n|t:|1666133280\n|move|p1a: Dragonite|Extreme Speed|p2a: dino mode\n|-damage|p2a: dino mode|12\/100\n|move|p2a: dino mode|Light Screen|p2a: dino mode\n|-sidestart|p2: Brettfavreguilty|move: Light Screen\n|\n|-heal|p2a: dino mode|18\/100|[from] item: Leftovers\n|upkeep\n|turn|26\n|\n|t:|1666133288\n|move|p1a: Dragonite|Tailwind|p1a: Dragonite\n|-sidestart|p1: A Simpl Trainer...|move: Tailwind\n|move|p2a: dino mode|Giga Drain|p1a: Dragonite\n|-resisted|p1a: Dragonite\n|-damage|p1a: Dragonite|97\/100\n|-heal|p2a: dino mode|20\/100|[from] drain|[of] p1a: Dragonite\n|\n|-heal|p2a: dino mode|26\/100|[from] item: Leftovers\n|upkeep\n|turn|27\n|\n|t:|1666133300\n|switch|p1a: Forretress|Forretress, F|100\/100\n|switch|p2a: pikablu|Azumarill, M|100\/100\n|\n|upkeep\n|turn|28\n|\n|t:|1666133310\n|move|p1a: Forretress|Spikes|p2a: pikablu\n|-sidestart|p2: Brettfavreguilty|Spikes\n|move|p2a: pikablu|Belly Drum|p2a: pikablu\n|-damage|p2a: pikablu|50\/100\n|-setboost|p2a: pikablu|atk|6|[from] move: Belly Drum\n|-enditem|p2a: pikablu|Sitrus Berry|[eat]\n|-heal|p2a: pikablu|75\/100|[from] item: Sitrus Berry\n|\n|-sideend|p2: Brettfavreguilty|Reflect\n|upkeep\n|turn|29\n|\n|t:|1666133329\n|move|p1a: Forretress|Rapid Spin|p2a: pikablu\n|-damage|p2a: pikablu|65\/100\n|-boost|p1a: Forretress|spe|1\n|move|p2a: pikablu|Superpower|p1a: Forretress\n|-damage|p1a: Forretress|0 fnt\n|-unboost|p2a: pikablu|atk|1\n|-unboost|p2a: pikablu|def|1\n|faint|p1a: Forretress\n|\n|-sideend|p2: Brettfavreguilty|move: Light Screen\n|-sideend|p1: A Simpl Trainer...|move: Tailwind\n|upkeep\n|\n|t:|1666133351\n|switch|p1a: Dragonite|Dragonite, M|97\/100\n|turn|30\n|\n|t:|1666133356\n|move|p1a: Dragonite|Extreme Speed|p2a: pikablu\n|-crit|p2a: pikablu\n|-damage|p2a: pikablu|4\/100\n|move|p2a: pikablu|Play Rough|p1a: Dragonite\n|-supereffective|p1a: Dragonite\n|-damage|p1a: Dragonite|0 fnt\n|faint|p1a: Dragonite\n|\n|upkeep\n|\n|t:|1666133364\n|switch|p1a: Quagsire|Quagsire, M|100\/100\n|turn|31\n|\n|t:|1666133368\n|move|p2a: pikablu|Play Rough|p1a: Quagsire\n|-damage|p1a: Quagsire|49\/100\n|move|p1a: Quagsire|Liquidation|p2a: pikablu\n|-resisted|p2a: pikablu\n|-damage|p2a: pikablu|0 fnt\n|faint|p2a: pikablu\n|\n|upkeep\n|\n|t:|1666133379\n|switch|p2a: dino mode|Meganium, M|26\/100\n|-damage|p2a: dino mode|13\/100|[from] Spikes\n|turn|32\n|\n|t:|1666133383\n|move|p2a: dino mode|Giga Drain|p1a: Quagsire\n|-supereffective|p1a: Quagsire\n|-damage|p1a: Quagsire|0 fnt\n|-heal|p2a: dino mode|39\/100|[from] drain|[of] p1a: Quagsire\n|faint|p1a: Quagsire\n|\n|win|Brettfavreguilty\n|raw|A Simpl Trainer...'s rating: 1018 &rarr; <strong>1006<\/strong><br \/>(-12 for losing)\n|raw|Brettfavreguilty's rating: 1040 &rarr; <strong>1072<\/strong><br \/>(+32 for winning)\n","uploadtime":1666133390,"views":2,"p1id":"asimpltrainer","p2id":"brettfavreguilty","formatid":"gen8nationaldex","rating":1006,"private":0,"password":null}