{"id":"gen8nationaldex-1671551597","p1":"TILTEDUSER19155696","p2":"iopkj09","format":"gen8nationaldex","log":"|j|\u2606TILTEDUSER19155696\n|j|\u2606iopkj09\n|t:|1663948158\n|gametype|singles\n|player|p1|TILTEDUSER19155696|acetrainerf|1760\n|player|p2|iopkj09|nate|1757\n|teamsize|p1|6\n|teamsize|p2|6\n|gen|8\n|tier|[Gen 8] National Dex\n|rated|\n|rule|HP Percentage Mod: HP is shown in percentages\n|rule|Endless Battle Clause: Forcing endless battles is banned\n|rule|OHKO Clause: OHKO moves are banned\n|rule|Evasion Moves Clause: Evasion moves are banned\n|rule|Species Clause: Limit one of each Pok\u00e9mon\n|rule|Dynamax Clause: You cannot dynamax\n|rule|Sleep Clause Mod: Limit one foe put to sleep\n|clearpoke\n|poke|p1|Greninja, M|\n|poke|p1|Tapu Lele|\n|poke|p1|Heatran, M|\n|poke|p1|Latias, F|\n|poke|p1|Urshifu-*, M|\n|poke|p1|Landorus-Therian, M|\n|poke|p2|Kyurem|\n|poke|p2|Zapdos|\n|poke|p2|Mawile, F|\n|poke|p2|Rillaboom, M|\n|poke|p2|Garchomp, M|\n|poke|p2|Tapu Lele|\n|teampreview\n|inactive|Battle timer is ON: inactive players will automatically lose when time's up. (requested by iopkj09)\n|\n|t:|1663948168\n|start\n|switch|p1a: trap this way|Heatran, M|100\/100\n|switch|p2a: Kyurem|Kyurem, shiny|100\/100\n|-ability|p2a: Kyurem|Pressure\n|-item|p1a: trap this way|Air Balloon\n|turn|1\n|\n|t:|1663948199\n|move|p2a: Kyurem|Freeze-Dry|p1a: trap this way\n|-resisted|p1a: trap this way\n|-damage|p1a: trap this way|95\/100\n|-enditem|p1a: trap this way|Air Balloon\n|move|p1a: trap this way|Stealth Rock|p2a: Kyurem\n|-sidestart|p2: iopkj09|move: Stealth Rock\n|\n|upkeep\n|turn|2\n|\n|t:|1663948205\n|switch|p1a: moon relate~|Tapu Lele, shiny|100\/100\n|-fieldstart|move: Psychic Terrain|[from] ability: Psychic Surge|[of] p1a: moon relate~\n|move|p2a: Kyurem|Flash Cannon|p1a: moon relate~\n|-supereffective|p1a: moon relate~\n|-damage|p1a: moon relate~|66\/100\n|\n|upkeep\n|turn|3\n|\n|t:|1663948209\n|move|p1a: moon relate~|Moonblast|p2a: Kyurem\n|-supereffective|p2a: Kyurem\n|-damage|p2a: Kyurem|41\/100\n|move|p2a: Kyurem|Flash Cannon|p1a: moon relate~\n|-supereffective|p1a: moon relate~\n|-damage|p1a: moon relate~|26\/100\n|\n|upkeep\n|turn|4\n|\n|t:|1663948217\n|move|p1a: moon relate~|Moonblast|p2a: Kyurem\n|-supereffective|p2a: Kyurem\n|-damage|p2a: Kyurem|0 fnt\n|faint|p2a: Kyurem\n|\n|upkeep\n|\n|t:|1663948222\n|switch|p2a: Tapu Lele|Tapu Lele|100\/100\n|-damage|p2a: Tapu Lele|88\/100|[from] Stealth Rock\n|turn|5\n|\n|t:|1663948226\n|switch|p1a: trap this way|Heatran, M|95\/100\n|move|p2a: Tapu Lele|Moonblast|p1a: trap this way\n|-resisted|p1a: trap this way\n|-crit|p1a: trap this way\n|-damage|p1a: trap this way|75\/100\n|\n|upkeep\n|turn|6\n|\n|t:|1663948234\n|switch|p1a: ITOSHI RIN|Greninja, M|100\/100\n|move|p2a: Tapu Lele|Moonblast|p1a: ITOSHI RIN\n|-supereffective|p1a: ITOSHI RIN\n|-damage|p1a: ITOSHI RIN|0 fnt\n|faint|p1a: ITOSHI RIN\n|\n|-fieldend|move: Psychic Terrain\n|upkeep\n|\n|t:|1663948237\n|switch|p1a: trap this way|Heatran, M|75\/100\n|turn|7\n|\n|t:|1663948251\n|switch|p2a: Garchomp|Garchomp, M, shiny|100\/100\n|-damage|p2a: Garchomp|94\/100|[from] Stealth Rock\n|move|p1a: trap this way|Magma Storm|p2a: Garchomp|[miss]\n|-miss|p1a: trap this way|p2a: Garchomp\n|\n|upkeep\n|turn|8\n|j| Sewlu\n|\n|t:|1663948255\n|switch|p1a: ISAGI YOICHI|Landorus-Therian, M|100\/100\n|-ability|p1a: ISAGI YOICHI|Intimidate|boost\n|-unboost|p2a: Garchomp|atk|1\n|move|p2a: Garchomp|Earthquake|p1a: ISAGI YOICHI\n|-immune|p1a: ISAGI YOICHI\n|\n|upkeep\n|turn|9\n|\n|t:|1663948267\n|switch|p2a: Rillaboom|Rillaboom, M, shiny|100\/100\n|-damage|p2a: Rillaboom|88\/100|[from] Stealth Rock\n|-fieldstart|move: Grassy Terrain|[from] ability: Grassy Surge|[of] p2a: Rillaboom\n|move|p1a: ISAGI YOICHI|U-turn|p2a: Rillaboom\n|-supereffective|p2a: Rillaboom\n|-damage|p2a: Rillaboom|43\/100\n|j| limekro\n|\n|t:|1663948280\n|switch|p1a: trap this way|Heatran, M|75\/100|[from]move: U-turn\n|\n|-heal|p2a: Rillaboom|49\/100|[from] Grassy Terrain\n|-heal|p1a: trap this way|81\/100|[from] Grassy Terrain\n|upkeep\n|turn|10\n|\n|t:|1663948282\n|switch|p1a: BABY PLUTO|Latias, F|100\/100\n|move|p2a: Rillaboom|High Horsepower|p1a: BABY PLUTO\n|-immune|p1a: BABY PLUTO|[from] ability: Levitate\n|\n|-heal|p2a: Rillaboom|55\/100|[from] Grassy Terrain\n|upkeep\n|turn|11\n|\n|t:|1663948288\n|switch|p2a: Tapu Lele|Tapu Lele|88\/100\n|-damage|p2a: Tapu Lele|76\/100|[from] Stealth Rock\n|-fieldstart|move: Psychic Terrain|[from] ability: Psychic Surge|[of] p2a: Tapu Lele\n|detailschange|p1a: BABY PLUTO|Latias-Mega, F\n|-mega|p1a: BABY PLUTO|Latias|Latiasite\n|move|p1a: BABY PLUTO|Calm Mind|p1a: BABY PLUTO\n|-boost|p1a: BABY PLUTO|spa|1\n|-boost|p1a: BABY PLUTO|spd|1\n|\n|upkeep\n|turn|12\n|\n|t:|1663948297\n|move|p1a: BABY PLUTO|Calm Mind|p1a: BABY PLUTO\n|-boost|p1a: BABY PLUTO|spa|1\n|-boost|p1a: BABY PLUTO|spd|1\n|move|p2a: Tapu Lele|Psychic|p1a: BABY PLUTO\n|-resisted|p1a: BABY PLUTO\n|-damage|p1a: BABY PLUTO|85\/100\n|\n|upkeep\n|turn|13\n|\n|t:|1663948303\n|switch|p2a: Garchomp|Garchomp, M, shiny|94\/100\n|-damage|p2a: Garchomp|88\/100|[from] Stealth Rock\n|move|p1a: BABY PLUTO|Calm Mind|p1a: BABY PLUTO\n|-boost|p1a: BABY PLUTO|spa|1\n|-boost|p1a: BABY PLUTO|spd|1\n|\n|upkeep\n|turn|14\n|j| KoKoual\n|\n|t:|1663948309\n|move|p2a: Garchomp|Outrage|p1a: BABY PLUTO\n|-supereffective|p1a: BABY PLUTO\n|-damage|p1a: BABY PLUTO|0 fnt\n|faint|p1a: BABY PLUTO\n|\n|upkeep\n|\n|t:|1663948314\n|switch|p1a: moon relate~|Tapu Lele, shiny|26\/100\n|turn|15\n|\n|t:|1663948317\n|move|p2a: Garchomp|Outrage|p1a: moon relate~|[from]lockedmove\n|-immune|p1a: moon relate~\n|move|p1a: moon relate~|Moonblast|p2a: Garchomp\n|-supereffective|p2a: Garchomp\n|-damage|p2a: Garchomp|0 fnt\n|faint|p2a: Garchomp\n|\n|-fieldend|move: Psychic Terrain\n|upkeep\n|\n|t:|1663948319\n|switch|p2a: Rillaboom|Rillaboom, M, shiny|55\/100\n|-damage|p2a: Rillaboom|43\/100|[from] Stealth Rock\n|-fieldstart|move: Grassy Terrain|[from] ability: Grassy Surge|[of] p2a: Rillaboom\n|turn|16\n|\n|t:|1663948327\n|switch|p1a: ISAGI YOICHI|Landorus-Therian, M|100\/100\n|-ability|p1a: ISAGI YOICHI|Intimidate|boost\n|-unboost|p2a: Rillaboom|atk|1\n|move|p2a: Rillaboom|Grassy Glide|p1a: ISAGI YOICHI\n|-damage|p1a: ISAGI YOICHI|66\/100\n|-damage|p2a: Rillaboom|27\/100|[from] item: Rocky Helmet|[of] p1a: ISAGI YOICHI\n|-damage|p2a: Rillaboom|17\/100|[from] item: Life Orb\n|\n|-heal|p2a: Rillaboom|23\/100|[from] Grassy Terrain\n|upkeep\n|turn|17\n|\n|t:|1663948334\n|switch|p2a: Mawile|Mawile, F|100\/100\n|-damage|p2a: Mawile|94\/100|[from] Stealth Rock\n|-ability|p2a: Mawile|Intimidate|boost\n|-unboost|p1a: ISAGI YOICHI|atk|1\n|move|p1a: ISAGI YOICHI|U-turn|p2a: Mawile\n|-resisted|p2a: Mawile\n|-damage|p2a: Mawile|89\/100\n|\n|t:|1663948339\n|switch|p1a: trap this way|Heatran, M|81\/100|[from]move: U-turn\n|\n|-heal|p1a: trap this way|88\/100|[from] Grassy Terrain\n|-heal|p2a: Mawile|96\/100|[from] Grassy Terrain\n|upkeep\n|turn|18\n|\n|t:|1663948347\n|move|p2a: Mawile|Sucker Punch|p1a: trap this way\n|-damage|p1a: trap this way|71\/100\n|move|p1a: trap this way|Magma Storm|p2a: Mawile\n|-supereffective|p2a: Mawile\n|-damage|p2a: Mawile|0 fnt\n|faint|p2a: Mawile\n|\n|-heal|p1a: trap this way|77\/100|[from] Grassy Terrain\n|upkeep\n|\n|t:|1663948353\n|switch|p2a: Rillaboom|Rillaboom, M, shiny|23\/100\n|-damage|p2a: Rillaboom|10\/100|[from] Stealth Rock\n|turn|19\n|\n|t:|1663948357\n|switch|p1a: ISAGI YOICHI|Landorus-Therian, M|66\/100\n|-ability|p1a: ISAGI YOICHI|Intimidate|boost\n|-unboost|p2a: Rillaboom|atk|1\n|move|p2a: Rillaboom|Swords Dance|p2a: Rillaboom\n|-boost|p2a: Rillaboom|atk|2\n|\n|-heal|p2a: Rillaboom|17\/100|[from] Grassy Terrain\n|upkeep\n|turn|20\n|\n|t:|1663948359\n|move|p2a: Rillaboom|Grassy Glide|p1a: ISAGI YOICHI\n|-damage|p1a: ISAGI YOICHI|0 fnt\n|-damage|p2a: Rillaboom|0 fnt|[from] item: Rocky Helmet|[of] p1a: ISAGI YOICHI\n|faint|p1a: ISAGI YOICHI\n|faint|p2a: Rillaboom\n|\n|-fieldend|move: Grassy Terrain\n|upkeep\n|l| Sewlu\n|\n|t:|1663948371\n|switch|p2a: Tapu Lele|Tapu Lele|76\/100\n|switch|p1a: moon relate~|Tapu Lele, shiny|26\/100\n|-damage|p2a: Tapu Lele|63\/100|[from] Stealth Rock\n|-fieldstart|move: Psychic Terrain|[from] ability: Psychic Surge|[of] p2a: Tapu Lele\n|turn|21\n|\n|t:|1663948378\n|switch|p1a: trap this way|Heatran, M|77\/100\n|move|p2a: Tapu Lele|Psychic|p1a: trap this way\n|-resisted|p1a: trap this way\n|-damage|p1a: trap this way|44\/100\n|\n|upkeep\n|turn|22\n|\n|t:|1663948381\n|move|p2a: Tapu Lele|Psychic|p1a: trap this way\n|-resisted|p1a: trap this way\n|-damage|p1a: trap this way|13\/100\n|move|p1a: trap this way|Magma Storm|p2a: Tapu Lele|[miss]\n|-miss|p1a: trap this way|p2a: Tapu Lele\n|\n|upkeep\n|turn|23\n|\n|t:|1663948385\n|move|p2a: Tapu Lele|Psychic|p1a: trap this way\n|-resisted|p1a: trap this way\n|-damage|p1a: trap this way|0 fnt\n|faint|p1a: trap this way\n|\n|upkeep\n|\n|t:|1663948387\n|switch|p1a: ITOSHI SAE|Urshifu-Rapid-Strike, M|100\/100\n|turn|24\n|\n|t:|1663948389\n|move|p1a: ITOSHI SAE|Surging Strikes|p2a: Tapu Lele\n|-crit|p2a: Tapu Lele\n|-damage|p2a: Tapu Lele|35\/100\n|-crit|p2a: Tapu Lele\n|-damage|p2a: Tapu Lele|2\/100\n|-crit|p2a: Tapu Lele\n|-damage|p2a: Tapu Lele|0 fnt\n|faint|p2a: Tapu Lele\n|-hitcount|p2: Tapu Lele|3\n|\n|upkeep\n|\n|t:|1663948393\n|switch|p2a: Zapdos|Zapdos, shiny|100\/100\n|-damage|p2a: Zapdos|76\/100|[from] Stealth Rock\n|turn|25\n|\n|t:|1663948395\n|move|p1a: ITOSHI SAE|Surging Strikes|p2a: Zapdos\n|-crit|p2a: Zapdos\n|-damage|p2a: Zapdos|52\/100\n|-crit|p2a: Zapdos\n|-damage|p2a: Zapdos|27\/100\n|-status|p1a: ITOSHI SAE|par|[from] ability: Static|[of] p2a: Zapdos\n|-crit|p2a: Zapdos\n|-damage|p2a: Zapdos|4\/100\n|-hitcount|p2a: Zapdos|3\n|move|p2a: Zapdos|Thunderbolt|p1a: ITOSHI SAE\n|-supereffective|p1a: ITOSHI SAE\n|-damage|p1a: ITOSHI SAE|0 fnt\n|faint|p1a: ITOSHI SAE\n|\n|-fieldend|move: Psychic Terrain\n|upkeep\n|\n|t:|1663948396\n|switch|p1a: moon relate~|Tapu Lele, shiny|26\/100\n|-fieldstart|move: Psychic Terrain|[from] ability: Psychic Surge|[of] p1a: moon relate~\n|turn|26\n|\n|t:|1663948398\n|move|p2a: Zapdos|Thunderbolt|p1a: moon relate~\n|-crit|p1a: moon relate~\n|-damage|p1a: moon relate~|0 fnt\n|faint|p1a: moon relate~\n|\n|win|iopkj09\n|raw|TILTEDUSER19155696's rating: 1760 &rarr; <strong>1741<\/strong><br \/>(-19 for losing)\n|raw|iopkj09's rating: 1777 &rarr; <strong>1796<\/strong><br \/>(+19 for winning)\n|l|\u2606iopkj09\n|c|\u2606TILTEDUSER19155696|ur\n|c|\u2606TILTEDUSER19155696|rlybad\n|l|\u2606TILTEDUSER19155696\n|l| limekro\n||Ladder isn't responding, score probably updated but might not have (Request timeout).\n","uploadtime":1663948525,"views":11,"p1id":"tilteduser19155696","p2id":"iopkj09","formatid":"gen8nationaldex","rating":1741,"private":0,"password":null}