{"id":"gen8ou-1409600401","p1":"Infernoss","p2":"jptoroglass","format":"gen8ou","log":"|j|\u2606Infernoss\n|j|\u2606jptoroglass\n|t:|1630695006\n|gametype|singles\n|player|p1|Infernoss|chili|1619\n|player|p2|jptoroglass|marley|1547\n|teamsize|p1|6\n|teamsize|p2|6\n|gen|8\n|tier|[Gen 8] OU\n|rated|\n|rule|Sleep Clause Mod: Limit one foe put to sleep\n|rule|Species Clause: Limit one of each Pok\u00e9mon\n|rule|OHKO Clause: OHKO moves are banned\n|rule|Evasion Moves Clause: Evasion moves are banned\n|rule|Endless Battle Clause: Forcing endless battles is banned\n|rule|HP Percentage Mod: HP is shown in percentages\n|rule|Dynamax Clause: You cannot dynamax\n|clearpoke\n|poke|p1|Slowbro, F|\n|poke|p1|Hatterene, F|\n|poke|p1|Marowak-Alola, F|\n|poke|p1|Ferrothorn, M|\n|poke|p1|Garchomp, F|\n|poke|p1|Drampa, F|\n|poke|p2|Mew|\n|poke|p2|Cloyster, F|\n|poke|p2|Gengar, M|\n|poke|p2|Bisharp, M|\n|poke|p2|Rillaboom, M|\n|poke|p2|Hawlucha, F|\n|teampreview\n|\n|t:|1630695023\n|start\n|switch|p1a: Thorns|Ferrothorn, M|100\/100\n|switch|p2a: Mew|Mew, shiny|100\/100\n|turn|1\n|\n|t:|1630695038\n|switch|p1a: Hatterene|Hatterene, F|100\/100\n|move|p2a: Mew|Taunt|p1a: Hatterene\n|move|p1a: Hatterene|Taunt|p2a: Mew|[from]ability: Magic Bounce\n|-start|p2a: Mew|move: Taunt\n|\n|upkeep\n|turn|2\n|\n|t:|1630695051\n|switch|p2a: Zero|Bisharp, M|100\/100\n|move|p1a: Hatterene|Trick Room|p1a: Hatterene\n|-fieldstart|move: Trick Room|[of] p1a: Hatterene\n|\n|upkeep\n|turn|3\n|\n|t:|1630695071\n|switch|p1a: Sonso|Slowbro, F|100\/100\n|move|p2a: Zero|Iron Head|p1a: Sonso\n|-resisted|p1a: Sonso\n|-damage|p1a: Sonso|88\/100\n|\n|upkeep\n|turn|4\n|\n|t:|1630695077\n|move|p2a: Zero|Sucker Punch|p1a: Sonso\n|-supereffective|p1a: Sonso\n|-enditem|p1a: Sonso|Colbur Berry|[eat]\n|-enditem|p1a: Sonso|Colbur Berry|[weaken]\n|-damage|p1a: Sonso|60\/100\n|move|p1a: Sonso|Body Press|p2a: Zero\n|-supereffective|p2a: Zero\n|-damage|p2a: Zero|0 fnt\n|faint|p2a: Zero\n|\n|upkeep\n|\n|t:|1630695083\n|switch|p2a: Mew|Mew, shiny|100\/100\n|turn|5\n|\n|t:|1630695089\n|switch|p1a: Hatterene|Hatterene, F|100\/100\n|switch|p2a: Okage|Gengar, M|100\/100\n|\n|upkeep\n|turn|6\n|\n|t:|1630695101\n|switch|p2a: Mew|Mew, shiny|100\/100\n|move|p1a: Hatterene|Mystical Fire|p2a: Mew\n|-damage|p2a: Mew|81\/100\n|-unboost|p2a: Mew|spa|1\n|-enditem|p2a: Mew|Red Card|[of] p1a: Hatterene\n|drag|p1a: Billy B.|Marowak-Alola, F|100\/100\n|\n|-fieldend|move: Trick Room\n|upkeep\n|turn|7\n|\n|t:|1630695116\n|switch|p1a: Hatterene|Hatterene, F|100\/100\n|move|p2a: Mew|Stealth Rock|p1a: Hatterene\n|move|p1a: Hatterene|Stealth Rock|p2a: Mew|[from]ability: Magic Bounce\n|-sidestart|p2: jptoroglass|move: Stealth Rock\n|\n|upkeep\n|turn|8\n|\n|t:|1630695125\n|move|p2a: Mew|Explosion|p1a: Hatterene\n|-damage|p1a: Hatterene|38\/100\n|faint|p2a: Mew\n|move|p1a: Hatterene|Mystical Fire|p2: Mew|[notarget]\n|-fail|p1a: Hatterene\n|\n|upkeep\n|\n|t:|1630695133\n|switch|p2a: Okage|Gengar, M|100\/100\n|-damage|p2a: Okage|88\/100|[from] Stealth Rock\n|turn|9\n|\n|t:|1630695140\n|switch|p1a: Thorns|Ferrothorn, M|100\/100\n|move|p2a: Okage|Shadow Ball|p1a: Thorns\n|-damage|p1a: Thorns|72\/100\n|\n|-heal|p1a: Thorns|78\/100|[from] item: Leftovers\n|upkeep\n|turn|10\n|\n|t:|1630695147\n|move|p2a: Okage|Focus Blast|p1a: Thorns\n|-supereffective|p1a: Thorns\n|-damage|p1a: Thorns|20\/100\n|move|p1a: Thorns|Gyro Ball|p2a: Okage\n|-damage|p2a: Okage|0 fnt\n|faint|p2a: Okage\n|\n|-heal|p1a: Thorns|27\/100|[from] item: Leftovers\n|upkeep\n|\n|t:|1630695153\n|switch|p2a: DK did it first|Rillaboom, M|100\/100\n|-damage|p2a: DK did it first|88\/100|[from] Stealth Rock\n|-fieldstart|move: Grassy Terrain|[from] ability: Grassy Surge|[of] p2a: DK did it first\n|turn|11\n|\n|t:|1630695159\n|move|p2a: DK did it first|Swords Dance|p2a: DK did it first\n|-boost|p2a: DK did it first|atk|2\n|move|p1a: Thorns|Gyro Ball|p2a: DK did it first\n|-damage|p2a: DK did it first|37\/100\n|\n|-heal|p2a: DK did it first|43\/100|[from] Grassy Terrain\n|-heal|p1a: Thorns|33\/100|[from] Grassy Terrain\n|-heal|p1a: Thorns|39\/100|[from] item: Leftovers\n|upkeep\n|turn|12\n|\n|t:|1630695169\n|move|p2a: DK did it first|Drain Punch|p1a: Thorns\n|-supereffective|p1a: Thorns\n|-damage|p1a: Thorns|0 fnt\n|-heal|p2a: DK did it first|63\/100|[from] drain|[of] p1a: Thorns\n|-damage|p2a: DK did it first|51\/100|[from] ability: Iron Barbs|[of] p1a: Thorns\n|faint|p1a: Thorns\n|-damage|p2a: DK did it first|41\/100|[from] item: Life Orb\n|\n|-heal|p2a: DK did it first|47\/100|[from] Grassy Terrain\n|upkeep\n|inactive|Battle timer is ON: inactive players will automatically lose when time's up. (requested by jptoroglass)\n|\n|t:|1630695200\n|switch|p1a: Sonso|Slowbro, F|93\/100\n|turn|13\n|\n|t:|1630695208\n|switch|p1a: Hatterene|Hatterene, F|38\/100\n|move|p2a: DK did it first|Knock Off|p1a: Hatterene\n|-damage|p1a: Hatterene|0 fnt\n|-enditem|p1a: Hatterene|Kasib Berry|[from] move: Knock Off|[of] p2a: DK did it first\n|faint|p1a: Hatterene\n|-damage|p2a: DK did it first|37\/100|[from] item: Life Orb\n|\n|-heal|p2a: DK did it first|43\/100|[from] Grassy Terrain\n|upkeep\n|\n|t:|1630695220\n|switch|p1a: Sonso|Slowbro, F|100\/100\n|turn|14\n|\n|t:|1630695225\n|move|p2a: DK did it first|Grassy Glide|p1a: Sonso\n|-supereffective|p1a: Sonso\n|-damage|p1a: Sonso|0 fnt\n|faint|p1a: Sonso\n|-damage|p2a: DK did it first|33\/100|[from] item: Life Orb\n|\n|-heal|p2a: DK did it first|40\/100|[from] Grassy Terrain\n|upkeep\n|\n|t:|1630695235\n|switch|p1a: Sharpo|Garchomp, F|100\/100\n|turn|15\n|\n|t:|1630695240\n|switch|p1a: Falko|Drampa, F|100\/100\n|move|p2a: DK did it first|Grassy Glide|p1a: Falko\n|-resisted|p1a: Falko\n|-damage|p1a: Falko|24\/100\n|-ability|p1a: Falko|Berserk|boost\n|-boost|p1a: Falko|spa|1\n|-damage|p2a: DK did it first|30\/100|[from] item: Life Orb\n|\n|-heal|p2a: DK did it first|36\/100|[from] Grassy Terrain\n|-heal|p1a: Falko|30\/100|[from] Grassy Terrain\n|-fieldend|move: Grassy Terrain\n|upkeep\n|turn|16\n|\n|t:|1630695253\n|move|p2a: DK did it first|Drain Punch|p1a: Falko\n|-supereffective|p1a: Falko\n|-damage|p1a: Falko|0 fnt\n|-heal|p2a: DK did it first|51\/100|[from] drain|[of] p1a: Falko\n|faint|p1a: Falko\n|-damage|p2a: DK did it first|41\/100|[from] item: Life Orb\n|\n|upkeep\n|\n|t:|1630695260\n|switch|p1a: Sharpo|Garchomp, F|100\/100\n|turn|17\n|\n|t:|1630695268\n|switch|p2a: MagicConch|Cloyster, F|100\/100\n|-damage|p2a: MagicConch|76\/100|[from] Stealth Rock\n|move|p1a: Sharpo|Swords Dance|p1a: Sharpo\n|-boost|p1a: Sharpo|atk|2\n|\n|upkeep\n|turn|18\n|\n|t:|1630695274\n|move|p2a: MagicConch|Ice Shard|p1a: Sharpo\n|-supereffective|p1a: Sharpo\n|-damage|p1a: Sharpo|22\/100\n|move|p1a: Sharpo|Earthquake|p2a: MagicConch\n|-damage|p2a: MagicConch|0 fnt\n|faint|p2a: MagicConch\n|\n|-heal|p1a: Sharpo|28\/100|[from] item: Leftovers\n|upkeep\n|\n|t:|1630695278\n|switch|p2a: DK did it first|Rillaboom, M|41\/100\n|-damage|p2a: DK did it first|29\/100|[from] Stealth Rock\n|-fieldstart|move: Grassy Terrain|[from] ability: Grassy Surge|[of] p2a: DK did it first\n|turn|19\n|\n|t:|1630695288\n|move|p2a: DK did it first|Grassy Glide|p1a: Sharpo\n|-damage|p1a: Sharpo|0 fnt\n|-damage|p2a: DK did it first|17\/100|[from] ability: Rough Skin|[of] p1a: Sharpo\n|faint|p1a: Sharpo\n|-damage|p2a: DK did it first|7\/100|[from] item: Life Orb\n|\n|-heal|p2a: DK did it first|13\/100|[from] Grassy Terrain\n|upkeep\n|-message|Infernoss forfeited.\n|\n|win|jptoroglass\n|l|\u2606Infernoss\n|raw|Infernoss's rating: 1619 &rarr; <strong>1595<\/strong><br \/>(-24 for losing)\n|raw|jptoroglass's rating: 1547 &rarr; <strong>1571<\/strong><br \/>(+24 for winning)\n||Ladder isn't responding, score probably updated but might not have (Request timeout).\n","uploadtime":1630695301,"views":41,"p1id":"infernoss","p2id":"jptoroglass","formatid":"gen8ou","rating":1571,"private":0,"password":null}