{"id":"gen8monotype-1668685961","p1":"Savant Arcanum","p2":"Alu9204","format":"gen8monotype","log":"|j|\u2606Savant Arcanum\n|j|\u2606Alu9204\n|t:|1663652900\n|gametype|singles\n|player|p1|Savant Arcanum|sabrina|1299\n|player|p2|Alu9204|burglar|1339\n|teamsize|p1|6\n|teamsize|p2|6\n|gen|8\n|tier|[Gen 8] Monotype\n|rated|\n|rule|Same Type Clause: Pok\u00e9mon in a team must share a type\n|rule|Sleep Clause Mod: Limit one foe put to sleep\n|rule|Species Clause: Limit one of each Pok\u00e9mon\n|rule|OHKO Clause: OHKO moves are banned\n|rule|Evasion Items Clause: Evasion items are banned\n|rule|Evasion Moves Clause: Evasion moves are banned\n|rule|Endless Battle Clause: Forcing endless battles is banned\n|rule|HP Percentage Mod: HP is shown in percentages\n|rule|Dynamax Clause: You cannot dynamax\n|clearpoke\n|poke|p1|Mew|\n|poke|p1|Slowbro, F|\n|poke|p1|Gallade, M|\n|poke|p1|Tapu Lele|\n|poke|p1|Alakazam, F|\n|poke|p1|Indeedee, M|\n|poke|p2|Thundurus-Therian, M|\n|poke|p2|Celesteela|\n|poke|p2|Landorus-Therian, M|\n|poke|p2|Dragonite, F|\n|poke|p2|Zapdos-Galar|\n|poke|p2|Moltres-Galar|\n|teampreview\n|\n|t:|1663652912\n|start\n|switch|p1a: Tapu Lele|Tapu Lele, shiny|100\/100\n|switch|p2a: Landorus|Landorus-Therian, M|100\/100\n|-fieldstart|move: Psychic Terrain|[from] ability: Psychic Surge|[of] p1a: Tapu Lele\n|-ability|p2a: Landorus|Intimidate|boost\n|-unboost|p1a: Tapu Lele|atk|1\n|turn|1\n|inactive|Battle timer is ON: inactive players will automatically lose when time's up. (requested by Alu9204)\n|\n|t:|1663652920\n|move|p1a: Tapu Lele|Psychic|p2a: Landorus\n|-damage|p2a: Landorus|10\/100\n|move|p2a: Landorus|Stealth Rock|p1a: Tapu Lele\n|-sidestart|p1: Savant Arcanum|move: Stealth Rock\n|\n|-heal|p2a: Landorus|16\/100|[from] item: Leftovers\n|upkeep\n|turn|2\n|\n|t:|1663652931\n|move|p1a: Tapu Lele|Psychic|p2a: Landorus\n|-damage|p2a: Landorus|0 fnt\n|faint|p2a: Landorus\n|\n|upkeep\n|\n|t:|1663652942\n|switch|p2a: Celesteela|Celesteela|100\/100\n|turn|3\n|\n|t:|1663652947\n|switch|p1a: Mew|Mew|100\/100\n|-damage|p1a: Mew|88\/100|[from] Stealth Rock\n|move|p2a: Celesteela|Leech Seed|p1a: Mew\n|-start|p1a: Mew|move: Leech Seed\n|\n|-heal|p1a: Mew|94\/100|[from] item: Leftovers\n|-damage|p1a: Mew|82\/100|[from] Leech Seed|[of] p2a: Celesteela\n|upkeep\n|turn|4\n|\n|t:|1663652956\n|move|p1a: Mew|Taunt|p2a: Celesteela\n|-start|p2a: Celesteela|move: Taunt\n|move|p2a: Celesteela|Heavy Slam|p1a: Mew\n|-damage|p1a: Mew|53\/100\n|\n|-heal|p1a: Mew|59\/100|[from] item: Leftovers\n|-damage|p1a: Mew|46\/100|[from] Leech Seed|[of] p2a: Celesteela\n|upkeep\n|turn|5\n|\n|t:|1663652968\n|switch|p1a: Slowbro|Slowbro, F|100\/100\n|-damage|p1a: Slowbro|88\/100|[from] Stealth Rock\n|move|p2a: Celesteela|Heavy Slam|p1a: Slowbro\n|-resisted|p1a: Slowbro\n|-damage|p1a: Slowbro|76\/100\n|-damage|p2a: Celesteela|84\/100|[from] item: Rocky Helmet|[of] p1a: Slowbro\n|\n|-heal|p2a: Celesteela|90\/100|[from] item: Leftovers\n|-fieldend|move: Psychic Terrain\n|upkeep\n|turn|6\n|\n|t:|1663652981\n|move|p2a: Celesteela|Flamethrower|p1a: Slowbro\n|-resisted|p1a: Slowbro\n|-damage|p1a: Slowbro|65\/100\n|move|p1a: Slowbro|Scald|p2a: Celesteela\n|-damage|p2a: Celesteela|73\/100\n|-status|p2a: Celesteela|brn\n|\n|-heal|p2a: Celesteela|79\/100 brn|[from] item: Leftovers\n|-damage|p2a: Celesteela|73\/100 brn|[from] brn\n|-end|p2a: Celesteela|move: Taunt\n|upkeep\n|turn|7\n|\n|t:|1663652995\n|switch|p1a: Tapu Lele|Tapu Lele, shiny|100\/100\n|-damage|p1a: Tapu Lele|88\/100|[from] Stealth Rock\n|-fieldstart|move: Psychic Terrain|[from] ability: Psychic Surge|[of] p1a: Tapu Lele\n|move|p2a: Celesteela|Leech Seed|p1a: Tapu Lele\n|-start|p1a: Tapu Lele|move: Leech Seed\n|\n|-heal|p2a: Celesteela|79\/100 brn|[from] item: Leftovers\n|-damage|p1a: Tapu Lele|76\/100|[from] Leech Seed|[of] p2a: Celesteela\n|-heal|p2a: Celesteela|88\/100 brn|[silent]\n|-damage|p2a: Celesteela|82\/100 brn|[from] brn\n|upkeep\n|turn|8\n|\n|t:|1663653008\n|move|p1a: Tapu Lele|Thunderbolt|p2a: Celesteela\n|-supereffective|p2a: Celesteela\n|-damage|p2a: Celesteela|24\/100 brn\n|move|p2a: Celesteela|Heavy Slam|p1a: Tapu Lele\n|-supereffective|p1a: Tapu Lele\n|-damage|p1a: Tapu Lele|14\/100\n|\n|-heal|p2a: Celesteela|30\/100 brn|[from] item: Leftovers\n|-damage|p1a: Tapu Lele|2\/100|[from] Leech Seed|[of] p2a: Celesteela\n|-heal|p2a: Celesteela|39\/100 brn|[silent]\n|-damage|p2a: Celesteela|33\/100 brn|[from] brn\n|upkeep\n|turn|9\n|\n|t:|1663653019\n|move|p2a: Celesteela|Protect|p2a: Celesteela\n|-singleturn|p2a: Celesteela|Protect\n|move|p1a: Tapu Lele|Thunderbolt|p2a: Celesteela\n|-activate|p2a: Celesteela|move: Protect\n|\n|-heal|p2a: Celesteela|39\/100 brn|[from] item: Leftovers\n|-damage|p1a: Tapu Lele|0 fnt|[from] Leech Seed|[of] p2a: Celesteela\n|-heal|p2a: Celesteela|40\/100 brn|[silent]\n|faint|p1a: Tapu Lele\n|-damage|p2a: Celesteela|34\/100 brn|[from] brn\n|upkeep\n|\n|t:|1663653029\n|switch|p1a: Indeedee|Indeedee, M|100\/100\n|-damage|p1a: Indeedee|88\/100|[from] Stealth Rock\n|turn|10\n|\n|t:|1663653035\n|move|p1a: Indeedee|Substitute|p1a: Indeedee\n|-start|p1a: Indeedee|Substitute\n|-damage|p1a: Indeedee|63\/100\n|move|p2a: Celesteela|Leech Seed||[still]\n|-fail|p2a: Celesteela\n|\n|-heal|p1a: Indeedee|69\/100|[from] item: Leftovers\n|-heal|p2a: Celesteela|40\/100 brn|[from] item: Leftovers\n|-damage|p2a: Celesteela|34\/100 brn|[from] brn\n|upkeep\n|turn|11\n|\n|t:|1663653045\n|move|p1a: Indeedee|Mystical Fire|p2a: Celesteela\n|-supereffective|p2a: Celesteela\n|-damage|p2a: Celesteela|11\/100 brn\n|-unboost|p2a: Celesteela|spa|1\n|move|p2a: Celesteela|Heavy Slam|p1a: Indeedee\n|-end|p1a: Indeedee|Substitute\n|\n|-heal|p1a: Indeedee|75\/100|[from] item: Leftovers\n|-heal|p2a: Celesteela|17\/100 brn|[from] item: Leftovers\n|-damage|p2a: Celesteela|11\/100 brn|[from] brn\n|-fieldend|move: Psychic Terrain\n|upkeep\n|turn|12\n|\n|t:|1663653057\n|move|p1a: Indeedee|Mystical Fire|p2a: Celesteela\n|-supereffective|p2a: Celesteela\n|-damage|p2a: Celesteela|0 fnt\n|faint|p2a: Celesteela\n|\n|-heal|p1a: Indeedee|81\/100|[from] item: Leftovers\n|upkeep\n|\n|t:|1663653066\n|switch|p2a: Zapdos|Zapdos-Galar|100\/100\n|turn|13\n|\n|t:|1663653074\n|switch|p1a: Mew|Mew|46\/100\n|-damage|p1a: Mew|34\/100|[from] Stealth Rock\n|move|p2a: Zapdos|Brave Bird|p1a: Mew\n|-damage|p1a: Mew|0 fnt\n|faint|p1a: Mew\n|-damage|p2a: Zapdos|87\/100|[from] Recoil\n|\n|upkeep\n|\n|t:|1663653086\n|switch|p1a: Alakazam|Alakazam, F|100\/100\n|turn|14\n|\n|t:|1663653089\n|move|p2a: Zapdos|Brave Bird|p1a: Alakazam\n|-enditem|p1a: Alakazam|Focus Sash\n|-damage|p1a: Alakazam|1\/100\n|-damage|p2a: Zapdos|61\/100|[from] Recoil\n|move|p1a: Alakazam|Psyshock|p2a: Zapdos\n|-supereffective|p2a: Zapdos\n|-damage|p2a: Zapdos|0 fnt\n|faint|p2a: Zapdos\n|\n|upkeep\n|\n|t:|1663653104\n|switch|p2a: Dragonite|Dragonite, F|100\/100\n|turn|15\n|\n|t:|1663653108\n|switch|p1a: Slowbro|Slowbro, F|98\/100\n|-damage|p1a: Slowbro|86\/100|[from] Stealth Rock\n|move|p2a: Dragonite|Dragon Dance|p2a: Dragonite\n|-boost|p2a: Dragonite|atk|1\n|-boost|p2a: Dragonite|spe|1\n|\n|upkeep\n|turn|16\n|\n|t:|1663653116\n|move|p2a: Dragonite|Dragon Dance|p2a: Dragonite\n|-boost|p2a: Dragonite|atk|1\n|-boost|p2a: Dragonite|spe|1\n|move|p1a: Slowbro|Iron Defense|p1a: Slowbro\n|-boost|p1a: Slowbro|def|2\n|\n|upkeep\n|turn|17\n|\n|t:|1663653121\n|move|p2a: Dragonite|Thunder Punch|p1a: Slowbro\n|-supereffective|p1a: Slowbro\n|-damage|p1a: Slowbro|49\/100\n|-damage|p2a: Dragonite|84\/100|[from] item: Rocky Helmet|[of] p1a: Slowbro\n|move|p1a: Slowbro|Iron Defense|p1a: Slowbro\n|-boost|p1a: Slowbro|def|2\n|\n|upkeep\n|turn|18\n|\n|t:|1663653137\n|move|p2a: Dragonite|Roost|p2a: Dragonite\n|-heal|p2a: Dragonite|100\/100\n|-singleturn|p2a: Dragonite|move: Roost\n|move|p1a: Slowbro|Slack Off|p1a: Slowbro\n|-heal|p1a: Slowbro|99\/100\n|\n|upkeep\n|turn|19\n|\n|t:|1663653143\n|move|p2a: Dragonite|Dragon Dance|p2a: Dragonite\n|-boost|p2a: Dragonite|atk|1\n|-boost|p2a: Dragonite|spe|1\n|move|p1a: Slowbro|Iron Defense|p1a: Slowbro\n|-boost|p1a: Slowbro|def|2\n|\n|upkeep\n|turn|20\n|\n|t:|1663653149\n|move|p2a: Dragonite|Dragon Dance|p2a: Dragonite\n|-boost|p2a: Dragonite|atk|1\n|-boost|p2a: Dragonite|spe|1\n|move|p1a: Slowbro|Scald|p2a: Dragonite\n|-resisted|p2a: Dragonite\n|-damage|p2a: Dragonite|94\/100\n|-status|p2a: Dragonite|brn\n|\n|-damage|p2a: Dragonite|87\/100 brn|[from] brn\n|upkeep\n|turn|21\n|\n|t:|1663653158\n|move|p2a: Dragonite|Dragon Dance|p2a: Dragonite\n|-boost|p2a: Dragonite|atk|1\n|-boost|p2a: Dragonite|spe|1\n|move|p1a: Slowbro|Body Press|p2a: Dragonite\n|-resisted|p2a: Dragonite\n|-damage|p2a: Dragonite|31\/100 brn\n|\n|-damage|p2a: Dragonite|25\/100 brn|[from] brn\n|upkeep\n|turn|22\n|\n|t:|1663653166\n|move|p2a: Dragonite|Thunder Punch|p1a: Slowbro\n|-supereffective|p1a: Slowbro\n|-damage|p1a: Slowbro|84\/100\n|-damage|p2a: Dragonite|9\/100 brn|[from] item: Rocky Helmet|[of] p1a: Slowbro\n|move|p1a: Slowbro|Body Press|p2a: Dragonite\n|-resisted|p2a: Dragonite\n|-damage|p2a: Dragonite|0 fnt\n|faint|p2a: Dragonite\n|\n|upkeep\n|\n|t:|1663653169\n|switch|p2a: Thundurus|Thundurus-Therian, M|100\/100\n|turn|23\n|\n|t:|1663653176\n|switch|p1a: Indeedee|Indeedee, M|81\/100\n|-damage|p1a: Indeedee|69\/100|[from] Stealth Rock\n|-fieldstart|move: Psychic Terrain|[from] ability: Psychic Surge|[of] p1a: Indeedee\n|move|p2a: Thundurus|Knock Off|p1a: Indeedee\n|-supereffective|p1a: Indeedee\n|-damage|p1a: Indeedee|0 fnt\n|-enditem|p1a: Indeedee|Leftovers|[from] move: Knock Off|[of] p2a: Thundurus\n|faint|p1a: Indeedee\n|\n|upkeep\n|\n|t:|1663653189\n|switch|p1a: Alakazam|Alakazam, F|1\/100\n|turn|24\n|\n|t:|1663653192\n|move|p1a: Alakazam|Psyshock|p2a: Thundurus\n|-damage|p2a: Thundurus|14\/100\n|move|p2a: Thundurus|Thunderbolt|p1a: Alakazam\n|-damage|p1a: Alakazam|0 fnt\n|faint|p1a: Alakazam\n|\n|upkeep\n|\n|t:|1663653199\n|switch|p1a: Gallade|Gallade, M, shiny|100\/100\n|-damage|p1a: Gallade|94\/100|[from] Stealth Rock\n|turn|25\n|\n|t:|1663653203\n|move|p1a: Gallade|Shadow Sneak|p2a: Thundurus\n|-hint|Psychic Terrain doesn't affect Pok\u00e9mon immune to Ground.\n|-damage|p2a: Thundurus|0 fnt\n|faint|p2a: Thundurus\n|\n|upkeep\n|\n|t:|1663653209\n|switch|p2a: Moltres|Moltres-Galar|100\/100\n|turn|26\n|c|\u2606Savant Arcanum|oh\n|c|\u2606Savant Arcanum|interesting\n|c|\u2606Savant Arcanum|just found that out now lol\n|\n|t:|1663653225\n|move|p2a: Moltres|Agility|p2a: Moltres\n|-boost|p2a: Moltres|spe|2\n|move|p1a: Gallade|Rock Tomb|p2a: Moltres\n|-supereffective|p2a: Moltres\n|-damage|p2a: Moltres|66\/100\n|-unboost|p2a: Moltres|spe|1\n|\n|upkeep\n|turn|27\n|\n|t:|1663653236\n|move|p2a: Moltres|Nasty Plot|p2a: Moltres\n|-boost|p2a: Moltres|spa|2\n|move|p1a: Gallade|Knock Off|p2a: Moltres\n|-resisted|p2a: Moltres\n|-damage|p2a: Moltres|54\/100\n|-enditem|p2a: Moltres|Chesto Berry|[from] move: Knock Off|[of] p1a: Gallade\n|\n|-fieldend|move: Psychic Terrain\n|upkeep\n|turn|28\n|\n|t:|1663653252\n|move|p2a: Moltres|Fiery Wrath|p1a: Gallade\n|-damage|p1a: Gallade|56\/100\n|-ability|p1a: Gallade|Justified|boost\n|-boost|p1a: Gallade|atk|1\n|move|p1a: Gallade|Rock Tomb|p2a: Moltres\n|-supereffective|p2a: Moltres\n|-damage|p2a: Moltres|6\/100\n|-unboost|p2a: Moltres|spe|1\n|-ability|p2a: Moltres|Berserk|boost\n|-boost|p2a: Moltres|spa|1\n|\n|upkeep\n|turn|29\n|\n|t:|1663653264\n|move|p1a: Gallade|Shadow Sneak|p2a: Moltres\n|-resisted|p2a: Moltres\n|-damage|p2a: Moltres|0 fnt\n|faint|p2a: Moltres\n|\n|win|Savant Arcanum\n|raw|Savant Arcanum's rating: 1299 &rarr; <strong>1327<\/strong><br \/>(+28 for winning)\n|raw|Alu9204's rating: 1339 &rarr; <strong>1317<\/strong><br \/>(-22 for losing)\n|c|\u2606Savant Arcanum|gg\n","uploadtime":1663653276,"views":6,"p1id":"savantarcanum","p2id":"alu9204","formatid":"gen8monotype","rating":1317,"private":0,"password":null}