{"id":"gen8ou-1229859343","p1":"Karmatron","p2":"glaed13","format":"gen8ou","log":"|j|\u2606Karmatron\n|j|\u2606glaed13\n|t:|1606156346\n|player|p1|Karmatron|waiter|1775\n|player|p2|glaed13|cheren-gen5bw2|1782\n|teamsize|p1|6\n|teamsize|p2|6\n|gametype|singles\n|gen|8\n|tier|[Gen 8] OU\n|rated|\n|clearpoke\n|poke|p1|Pheromosa|\n|poke|p1|Tyranitar, M|\n|poke|p1|Excadrill, M|\n|poke|p1|Hawlucha, M|\n|poke|p1|Zapdos|\n|poke|p1|Tapu Lele|\n|poke|p2|Blaziken, M|\n|poke|p2|Klefki, F|\n|poke|p2|Ninetales, M|\n|poke|p2|Zapdos-Galar|\n|poke|p2|Cinderace, F|\n|poke|p2|Garchomp, F|\n|rule|Sleep Clause Mod: Limit one foe put to sleep\n|rule|Species Clause: Limit one of each Pok\u00e9mon\n|rule|OHKO Clause: OHKO moves are banned\n|rule|Evasion Moves Clause: Evasion moves are banned\n|rule|Endless Battle Clause: Forcing endless battles is banned\n|rule|HP Percentage Mod: HP is shown in percentages\n|rule|Dynamax Clause: You cannot dynamax\n|teampreview\n|inactive|Battle timer is ON: inactive players will automatically lose when time's up. (requested by glaed13)\n|\n|t:|1606156357\n|start\n|switch|p1a: Tyranitar|Tyranitar, M|100\/100\n|switch|p2a: Klefki|Klefki, F, shiny|100\/100\n|-weather|Sandstorm|[from] ability: Sand Stream|[of] p1a: Tyranitar\n|turn|1\n|\n|t:|1606156365\n|move|p2a: Klefki|Reflect|p2a: Klefki\n|-sidestart|p2: glaed13|Reflect\n|move|p1a: Tyranitar|Thunder Wave|p2a: Klefki\n|-status|p2a: Klefki|par\n|\n|-weather|Sandstorm|[upkeep]\n|upkeep\n|turn|2\n|j| Shellnuts\n|\n|t:|1606156373\n|cant|p2a: Klefki|par\n|move|p1a: Tyranitar|Stealth Rock|p2a: Klefki\n|-sidestart|p2: glaed13|move: Stealth Rock\n|\n|-weather|Sandstorm|[upkeep]\n|upkeep\n|turn|3\n|j| Sweetcinnamon\n|j| Limited_Toolkit\n|l| Sweetcinnamon\n|inactive|Karmatron has 120 seconds left.\n|\n|t:|1606156424\n|switch|p1a: Pheromosa|Pheromosa|100\/100\n|move|p2a: Klefki|Light Screen|p2a: Klefki\n|-sidestart|p2: glaed13|move: Light Screen\n|\n|-weather|Sandstorm|[upkeep]\n|-damage|p1a: Pheromosa|94\/100|[from] Sandstorm\n|upkeep\n|turn|4\n|\n|t:|1606156430\n|cant|p2a: Klefki|par\n|move|p1a: Pheromosa|Quiver Dance|p1a: Pheromosa\n|-boost|p1a: Pheromosa|spa|1\n|-boost|p1a: Pheromosa|spd|1\n|-boost|p1a: Pheromosa|spe|1\n|\n|-weather|Sandstorm|[upkeep]\n|-damage|p1a: Pheromosa|88\/100|[from] Sandstorm\n|upkeep\n|turn|5\n|\n|t:|1606156435\n|move|p2a: Klefki|Thunder Wave|p1a: Pheromosa\n|-status|p1a: Pheromosa|par\n|cant|p1a: Pheromosa|par\n|\n|-weather|none\n|upkeep\n|turn|6\n|\n|t:|1606156448\n|switch|p2a: Zapdos|Zapdos-Galar|100\/100\n|-damage|p2a: Zapdos|88\/100|[from] Stealth Rock\n|move|p1a: Pheromosa|Quiver Dance|p1a: Pheromosa\n|-boost|p1a: Pheromosa|spa|1\n|-boost|p1a: Pheromosa|spd|1\n|-boost|p1a: Pheromosa|spe|1\n|\n|upkeep\n|turn|7\n|\n|t:|1606156454\n|move|p1a: Pheromosa|Ice Beam|p2a: Zapdos\n|-supereffective|p2a: Zapdos\n|-damage|p2a: Zapdos|0 fnt\n|-damage|p1a: Pheromosa|79\/100 par|[from] item: Life Orb\n|faint|p2a: Zapdos\n|-ability|p1a: Pheromosa|Beast Boost|boost\n|-boost|p1a: Pheromosa|spa|1\n|\n|upkeep\n|\n|t:|1606156460\n|switch|p2a: Klefki|Klefki, F, shiny|100\/100 par\n|-damage|p2a: Klefki|94\/100 par|[from] Stealth Rock\n|turn|8\n|\n|t:|1606156464\n|move|p2a: Klefki|Defog|p1a: Pheromosa\n|-unboost|p1a: Pheromosa|evasion|1\n|-sideend|p2: glaed13|Stealth Rock|[from] move: Defog|[of] p2a: Klefki\n|move|p1a: Pheromosa|Focus Blast|p2a: Klefki\n|-damage|p2a: Klefki|0 fnt\n|-damage|p1a: Pheromosa|69\/100 par|[from] item: Life Orb\n|faint|p2a: Klefki\n|-ability|p1a: Pheromosa|Beast Boost|boost\n|-boost|p1a: Pheromosa|spa|1\n|\n|-sideend|p2: glaed13|Reflect\n|upkeep\n|\n|t:|1606156479\n|switch|p2a: Cinderace|Cinderace, F|100\/100\n|turn|9\n|\n|t:|1606156484\n|move|p1a: Pheromosa|Focus Blast|p2a: Cinderace\n|-damage|p2a: Cinderace|0 fnt\n|-damage|p1a: Pheromosa|59\/100 par|[from] item: Life Orb\n|faint|p2a: Cinderace\n|-ability|p1a: Pheromosa|Beast Boost|boost\n|-boost|p1a: Pheromosa|spa|1\n|\n|upkeep\n|l| Limited_Toolkit\n|\n|t:|1606156490\n|switch|p2a: Blaziken|Blaziken, M|100\/100\n|turn|10\n|j| Javier1605\n|\n|t:|1606156502\n|switch|p1a: Zapdos|Zapdos|100\/100\n|move|p2a: Blaziken|Blaze Kick|p1a: Zapdos\n|-damage|p1a: Zapdos|68\/100\n|\n|-sideend|p2: glaed13|move: Light Screen\n|-ability|p2a: Blaziken|Speed Boost|boost\n|-boost|p2a: Blaziken|spe|1\n|upkeep\n|turn|11\n|\n|t:|1606156514\n|switch|p2a: Ninetales|Ninetales, M|100\/100\n|-weather|SunnyDay|[from] ability: Drought|[of] p2a: Ninetales\n|move|p1a: Zapdos|Roost|p1a: Zapdos\n|-heal|p1a: Zapdos|100\/100\n|-singleturn|p1a: Zapdos|move: Roost\n|\n|-weather|SunnyDay|[upkeep]\n|upkeep\n|turn|12\n|\n|t:|1606156527\n|switch|p1a: Tyranitar|Tyranitar, M|100\/100\n|-weather|Sandstorm|[from] ability: Sand Stream|[of] p1a: Tyranitar\n|move|p2a: Ninetales|Flamethrower|p1a: Tyranitar\n|-resisted|p1a: Tyranitar\n|-crit|p1a: Tyranitar\n|-damage|p1a: Tyranitar|89\/100\n|\n|-weather|Sandstorm|[upkeep]\n|-damage|p2a: Ninetales|95\/100|[from] Sandstorm\n|-heal|p1a: Tyranitar|96\/100|[from] item: Leftovers\n|upkeep\n|turn|13\n|\n|t:|1606156530\n|move|p2a: Ninetales|Memento|p1a: Tyranitar\n|-unboost|p1a: Tyranitar|atk|2\n|-unboost|p1a: Tyranitar|spa|2\n|faint|p2a: Ninetales\n|move|p1a: Tyranitar|Rock Blast|p2: Ninetales|[notarget]\n|-fail|p1a: Tyranitar\n|\n|-weather|Sandstorm|[upkeep]\n|-heal|p1a: Tyranitar|100\/100|[from] item: Leftovers\n|upkeep\n|\n|t:|1606156534\n|switch|p2a: Garchomp|Garchomp, F|100\/100\n|turn|14\n|\n|t:|1606156546\n|switch|p1a: Excadrill|Excadrill, M|100\/100\n|move|p2a: Garchomp|Swords Dance|p2a: Garchomp\n|-boost|p2a: Garchomp|atk|2\n|\n|-weather|Sandstorm|[upkeep]\n|upkeep\n|turn|15\n|j| Lenape\n|\n|t:|1606156554\n|move|p1a: Excadrill|Earthquake|p2a: Garchomp\n|-damage|p2a: Garchomp|23\/100\n|-damage|p1a: Excadrill|91\/100|[from] item: Life Orb\n|move|p2a: Garchomp|Earthquake|p1a: Excadrill\n|-supereffective|p1a: Excadrill\n|-damage|p1a: Excadrill|0 fnt\n|faint|p1a: Excadrill\n|\n|-weather|Sandstorm|[upkeep]\n|upkeep\n|\n|t:|1606156557\n|switch|p1a: Tapu Lele|Tapu Lele|100\/100\n|-fieldstart|move: Psychic Terrain|[from] ability: Psychic Surge|[of] p1a: Tapu Lele\n|turn|16\n|\n|t:|1606156569\n|move|p2a: Garchomp|Poison Jab|p1a: Tapu Lele\n|-supereffective|p1a: Tapu Lele\n|-damage|p1a: Tapu Lele|0 fnt\n|faint|p1a: Tapu Lele\n|\n|-weather|none\n|upkeep\n|\n|t:|1606156571\n|switch|p1a: Hawlucha|Hawlucha, M|100\/100\n|-enditem|p1a: Hawlucha|Psychic Seed\n|-boost|p1a: Hawlucha|spd|1|[from] item: Psychic Seed\n|turn|17\n|\n|t:|1606156579\n|move|p1a: Hawlucha|Acrobatics|p2a: Garchomp\n|-damage|p2a: Garchomp|0 fnt\n|-damage|p1a: Hawlucha|88\/100|[from] ability: Rough Skin|[of] p2a: Garchomp\n|faint|p2a: Garchomp\n|\n|upkeep\n|\n|t:|1606156583\n|switch|p2a: Blaziken|Blaziken, M|100\/100\n|turn|18\n|\n|t:|1606156585\n|move|p1a: Hawlucha|Acrobatics|p2a: Blaziken\n|-supereffective|p2a: Blaziken\n|-damage|p2a: Blaziken|0 fnt\n|faint|p2a: Blaziken\n|\n|win|Karmatron\n|l|\u2606glaed13\n|l|\u2606Karmatron\n|l| Shellnuts\n||Ladder (probably) updated, but score could not be retrieved (Request timeout).\n|l| Lenape\n|l| Javier1605\n","uploadtime":1606158914,"views":30,"p1id":"karmatron","p2id":"glaed13","formatid":"gen8ou","rating":0,"private":0,"password":null}