{"id":"gen8ou-1312116303","p1":"cump2","p2":"test ya boi","format":"gen8ou","log":"|j|\u2606cump2\n|j|\u2606test ya boi\n|t:|1617133233\n|player|p1|cump2|1|1418\n|player|p2|test ya boi|morty-gen2|1375\n|teamsize|p1|6\n|teamsize|p2|6\n|gametype|singles\n|gen|8\n|tier|[Gen 8] OU\n|rated|\n|clearpoke\n|poke|p1|Regieleki|\n|poke|p1|Kartana|\n|poke|p1|Garchomp, F|\n|poke|p1|Blacephalon|\n|poke|p1|Tapu Fini|\n|poke|p1|Tapu Lele|\n|poke|p2|Zapdos|\n|poke|p2|Rillaboom, M|\n|poke|p2|Blacephalon|\n|poke|p2|Chansey, F|\n|poke|p2|Heatran, M|\n|poke|p2|Tapu Fini|\n|rule|Sleep Clause Mod: Limit one foe put to sleep\n|rule|Species Clause: Limit one of each Pok\u00e9mon\n|rule|OHKO Clause: OHKO moves are banned\n|rule|Evasion Moves Clause: Evasion moves are banned\n|rule|Endless Battle Clause: Forcing endless battles is banned\n|rule|HP Percentage Mod: HP is shown in percentages\n|rule|Dynamax Clause: You cannot dynamax\n|teampreview\n|\n|t:|1617133239\n|start\n|switch|p1a: Blacephalon|Blacephalon|100\/100\n|switch|p2a: Tapu Fini|Tapu Fini|100\/100\n|-fieldstart|move: Misty Terrain|[from] ability: Misty Surge|[of] p2a: Tapu Fini\n|turn|1\n|\n|t:|1617133244\n|switch|p1a: Regieleki|Regieleki|100\/100\n|move|p2a: Tapu Fini|Whirlpool|p1a: Regieleki\n|-damage|p1a: Regieleki|69\/100\n|-activate|p1a: Regieleki|move: Whirlpool|[of] p2a: Tapu Fini\n|\n|-damage|p1a: Regieleki|56\/100|[from] move: Whirlpool|[partiallytrapped]\n|upkeep\n|turn|2\n|\n|t:|1617133256\n|move|p1a: Regieleki|Thunderbolt|p2a: Tapu Fini\n|-supereffective|p2a: Tapu Fini\n|-damage|p2a: Tapu Fini|2\/100\n|move|p2a: Tapu Fini|Scald|p1a: Regieleki\n|-damage|p1a: Regieleki|0 fnt\n|faint|p1a: Regieleki\n|\n|-heal|p2a: Tapu Fini|8\/100|[from] item: Leftovers\n|upkeep\n|\n|t:|1617133263\n|switch|p1a: Kartana|Kartana|100\/100\n|turn|3\n|\n|t:|1617133266\n|switch|p2a: Zapdos|Zapdos, shiny|100\/100\n|move|p1a: Kartana|Knock Off|p2a: Zapdos\n|-damage|p2a: Zapdos|68\/100\n|-damage|p1a: Kartana|84\/100|[from] item: Rocky Helmet|[of] p2a: Zapdos\n|-enditem|p2a: Zapdos|Rocky Helmet|[from] move: Knock Off|[of] p1a: Kartana\n|\n|upkeep\n|turn|4\n|\n|t:|1617133271\n|switch|p1a: Garchomp|Garchomp, F|100\/100\n|switch|p2a: Tapu Fini|Tapu Fini|8\/100\n|\n|-heal|p2a: Tapu Fini|14\/100|[from] item: Leftovers\n|upkeep\n|turn|5\n|\n|t:|1617133279\n|switch|p2a: Zapdos|Zapdos, shiny|68\/100\n|move|p1a: Garchomp|Earthquake|p2a: Zapdos\n|-immune|p2a: Zapdos\n|\n|-fieldend|Misty Terrain\n|upkeep\n|turn|6\n|\n|t:|1617133285\n|move|p1a: Garchomp|Swords Dance|p1a: Garchomp\n|-boost|p1a: Garchomp|atk|2\n|move|p2a: Zapdos|Toxic|p1a: Garchomp\n|-status|p1a: Garchomp|tox\n|\n|-damage|p1a: Garchomp|94\/100 tox|[from] psn\n|upkeep\n|turn|7\n|\n|t:|1617133290\n|switch|p2a: Tapu Fini|Tapu Fini|14\/100\n|-fieldstart|move: Misty Terrain|[from] ability: Misty Surge|[of] p2a: Tapu Fini\n|move|p1a: Garchomp|Scale Shot|p2a: Tapu Fini\n|-immune|p2a: Tapu Fini\n|\n|-heal|p2a: Tapu Fini|21\/100|[from] item: Leftovers\n|-damage|p1a: Garchomp|82\/100 tox|[from] psn\n|upkeep\n|turn|8\n|\n|t:|1617133296\n|move|p1a: Garchomp|Scale Shot|p2a: Tapu Fini\n|-immune|p2a: Tapu Fini\n|move|p2a: Tapu Fini|Scald|p1a: Garchomp\n|-damage|p1a: Garchomp|39\/100 tox\n|\n|-heal|p2a: Tapu Fini|27\/100|[from] item: Leftovers\n|-damage|p1a: Garchomp|21\/100 tox|[from] psn\n|upkeep\n|turn|9\n|\n|t:|1617133306\n|switch|p2a: Zapdos|Zapdos, shiny|68\/100\n|move|p1a: Garchomp|Earthquake|p2a: Zapdos\n|-immune|p2a: Zapdos\n|\n|-damage|p1a: Garchomp|0 fnt|[from] psn\n|faint|p1a: Garchomp\n|upkeep\n|\n|t:|1617133313\n|switch|p1a: Tapu Lele|Tapu Lele|100\/100\n|-fieldstart|move: Psychic Terrain|[from] ability: Psychic Surge|[of] p1a: Tapu Lele\n|turn|10\n|\n|t:|1617133318\n|switch|p2a: Chansey|Chansey, F|100\/100\n|move|p1a: Tapu Lele|Focus Blast|p2a: Chansey\n|-supereffective|p2a: Chansey\n|-damage|p2a: Chansey|65\/100\n|\n|upkeep\n|turn|11\n|\n|t:|1617133323\n|switch|p1a: Kartana|Kartana|84\/100\n|move|p2a: Chansey|Stealth Rock|p1a: Kartana\n|-sidestart|p1: cump2|move: Stealth Rock\n|\n|upkeep\n|turn|12\n|\n|t:|1617133337\n|switch|p1a: Tapu Lele|Tapu Lele|100\/100\n|-damage|p1a: Tapu Lele|88\/100|[from] Stealth Rock\n|switch|p2a: Zapdos|Zapdos, shiny|68\/100\n|\n|upkeep\n|turn|13\n|\n|t:|1617133344\n|move|p1a: Tapu Lele|Psyshock|p2a: Zapdos\n|-damage|p2a: Zapdos|7\/100\n|move|p2a: Zapdos|Discharge|p1a: Tapu Lele\n|-damage|p1a: Tapu Lele|51\/100\n|-status|p1a: Tapu Lele|par\n|\n|upkeep\n|turn|14\n|\n|t:|1617133350\n|move|p2a: Zapdos|Roost|p2a: Zapdos\n|-heal|p2a: Zapdos|57\/100\n|-singleturn|p2a: Zapdos|move: Roost\n|cant|p1a: Tapu Lele|par\n|\n|-fieldend|move: Psychic Terrain\n|upkeep\n|turn|15\n|\n|t:|1617133354\n|move|p2a: Zapdos|Discharge|p1a: Tapu Lele\n|-damage|p1a: Tapu Lele|12\/100 par\n|move|p1a: Tapu Lele|Psyshock|p2a: Zapdos\n|-damage|p2a: Zapdos|14\/100\n|\n|upkeep\n|turn|16\n|\n|t:|1617133358\n|move|p2a: Zapdos|Roost|p2a: Zapdos\n|-heal|p2a: Zapdos|64\/100\n|-singleturn|p2a: Zapdos|move: Roost\n|move|p1a: Tapu Lele|Psyshock|p2a: Zapdos\n|-damage|p2a: Zapdos|23\/100\n|\n|upkeep\n|turn|17\n|-message|cump2 forfeited.\n|\n|t:|1617133364\n|move|p2a: Zapdos|Roost|p2a: Zapdos\n|-heal|p2a: Zapdos|73\/100\n|-singleturn|p2a: Zapdos|move: Roost\n|move|p1a: Tapu Lele|Psyshock|p2a: Zapdos\n|-damage|p2a: Zapdos|24\/100\n|\n|upkeep\n|turn|18\n|\n|win|test ya boi\n|raw|cump2's rating: 1419 &rarr; <strong>1396<\/strong><br \/>(-23 for losing)\n|raw|test ya boi's rating: 1375 &rarr; <strong>1398<\/strong><br \/>(+23 for winning)\n|l|\u2606cump2\n||Ladder isn't responding, score probably updated but might not have (Request timeout).\n","uploadtime":1617133368,"views":24,"p1id":"cump2","p2id":"testyaboi","formatid":"gen8ou","rating":1396,"private":0,"password":null}