{"id":"gen8ou-1692458596","p1":"B.ClownPosse","p2":"mongwong","format":"gen8ou","log":"|html|<div class=\"broadcast-blue\"><strong>[Gen 8] OU is currently suspecting Melmetal! For information on how to participate check out the <a href=\"https:\/\/www.smogon.com\/forums\/threads\/np-ss-ou-suspect-process-round-12-monster-mash.3709234\/\">suspect thread<\/a>.<\/strong><\/div>\n|j|\u2606B.ClownPosse\n|j|\u2606mongwong\n|t:|1666487277\n|gametype|singles\n|player|p1|B.ClownPosse|swimmerm-gen3rs|1432\n|player|p2|mongwong|eusine-gen2|1474\n|teamsize|p1|6\n|teamsize|p2|6\n|gen|8\n|tier|[Gen 8] OU\n|rated|\n|rule|Sleep Clause Mod: Limit one foe put to sleep\n|rule|Species Clause: Limit one of each Pok\u00e9mon\n|rule|OHKO Clause: OHKO moves are banned\n|rule|Evasion Items Clause: Evasion items are banned\n|rule|Evasion Moves Clause: Evasion moves are banned\n|rule|Endless Battle Clause: Forcing endless battles is banned\n|rule|HP Percentage Mod: HP is shown in percentages\n|rule|Dynamax Clause: You cannot dynamax\n|clearpoke\n|poke|p1|Mantine, M|\n|poke|p1|Omastar, F|\n|poke|p1|Mamoswine, F|\n|poke|p1|Blacephalon|\n|poke|p1|Buzzwole|\n|poke|p1|Umbreon, F|\n|poke|p2|Pelipper, M|\n|poke|p2|Zapdos|\n|poke|p2|Kingdra, F|\n|poke|p2|Barraskewda, M|\n|poke|p2|Magnezone|\n|poke|p2|Tapu Lele|\n|teampreview\n|inactive|Battle timer is ON: inactive players will automatically lose when time's up. (requested by B.ClownPosse)\n|\n|t:|1666487287\n|start\n|switch|p1a: Mamoswine|Mamoswine, F|100\/100\n|switch|p2a: Tapu Lele|Tapu Lele|100\/100\n|-fieldstart|move: Psychic Terrain|[from] ability: Psychic Surge|[of] p2a: Tapu Lele\n|turn|1\n|\n|t:|1666487293\n|move|p2a: Tapu Lele|Moonblast|p1a: Mamoswine\n|-damage|p1a: Mamoswine|36\/100\n|move|p1a: Mamoswine|Earthquake|p2a: Tapu Lele\n|-damage|p2a: Tapu Lele|10\/100\n|\n|upkeep\n|turn|2\n|\n|t:|1666487302\n|switch|p2a: Pelipper|Pelipper, M|100\/100\n|-weather|RainDance|[from] ability: Drizzle|[of] p2a: Pelipper\n|switch|p1a: Umbreon|Umbreon, F|100\/100\n|\n|-weather|RainDance|[upkeep]\n|upkeep\n|turn|3\n|\n|t:|1666487305\n|move|p2a: Pelipper|U-turn|p1a: Umbreon\n|-supereffective|p1a: Umbreon\n|-damage|p1a: Umbreon|87\/100\n|\n|t:|1666487308\n|switch|p2a: Magnezone|Magnezone|100\/100|[from]move: U-turn\n|move|p1a: Umbreon|Wish|p1a: Umbreon\n|\n|-weather|RainDance|[upkeep]\n|-heal|p1a: Umbreon|93\/100|[from] item: Leftovers\n|upkeep\n|turn|4\n|\n|t:|1666487314\n|move|p1a: Umbreon|Protect|p1a: Umbreon\n|-singleturn|p1a: Umbreon|Protect\n|move|p2a: Magnezone|Body Press|p1a: Umbreon\n|-activate|p1a: Umbreon|move: Protect\n|\n|-weather|RainDance|[upkeep]\n|-heal|p1a: Umbreon|100\/100|[from] move: Wish|[wisher] Umbreon\n|upkeep\n|turn|5\n|\n|t:|1666487324\n|switch|p1a: Buzzwole|Buzzwole|100\/100\n|move|p2a: Magnezone|Teleport|p2a: Magnezone\n|\n|t:|1666487334\n|switch|p2a: Tapu Lele|Tapu Lele|10\/100|[from]move: Teleport\n|\n|-weather|RainDance|[upkeep]\n|-fieldend|move: Psychic Terrain\n|upkeep\n|turn|6\n|\n|t:|1666487336\n|move|p2a: Tapu Lele|Moonblast|p1a: Buzzwole\n|-supereffective|p1a: Buzzwole\n|-damage|p1a: Buzzwole|0 fnt\n|faint|p1a: Buzzwole\n|\n|-weather|RainDance|[upkeep]\n|upkeep\n|\n|t:|1666487341\n|switch|p1a: Omastar|Omastar, F|100\/100\n|turn|7\n|\n|t:|1666487348\n|move|p2a: Tapu Lele|Moonblast|p1a: Omastar\n|-damage|p1a: Omastar|23\/100\n|move|p1a: Omastar|Shell Smash|p1a: Omastar\n|-unboost|p1a: Omastar|def|1\n|-unboost|p1a: Omastar|spd|1\n|-boost|p1a: Omastar|atk|2\n|-boost|p1a: Omastar|spa|2\n|-boost|p1a: Omastar|spe|2\n|\n|-weather|RainDance|[upkeep]\n|upkeep\n|turn|8\n|\n|t:|1666487355\n|move|p2a: Tapu Lele|Moonblast|p1a: Omastar\n|-damage|p1a: Omastar|0 fnt\n|faint|p1a: Omastar\n|\n|-weather|RainDance|[upkeep]\n|upkeep\n|\n|t:|1666487359\n|switch|p1a: Mamoswine|Mamoswine, F|36\/100\n|turn|9\n|\n|t:|1666487366\n|move|p2a: Tapu Lele|Moonblast|p1a: Mamoswine\n|-damage|p1a: Mamoswine|0 fnt\n|faint|p1a: Mamoswine\n|\n|-weather|none\n|upkeep\n|\n|t:|1666487369\n|switch|p1a: Blacephalon|Blacephalon|100\/100\n|turn|10\n|\n|t:|1666487373\n|switch|p2a: Pelipper|Pelipper, M|100\/100\n|-weather|RainDance|[from] ability: Drizzle|[of] p2a: Pelipper\n|move|p1a: Blacephalon|Shadow Ball|p2a: Pelipper\n|-damage|p2a: Pelipper|33\/100\n|\n|-weather|RainDance|[upkeep]\n|upkeep\n|turn|11\n|\n|t:|1666487379\n|move|p1a: Blacephalon|Shadow Ball|p2a: Pelipper\n|-damage|p2a: Pelipper|0 fnt\n|faint|p2a: Pelipper\n|-ability|p1a: Blacephalon|Beast Boost|boost\n|-boost|p1a: Blacephalon|spa|1\n|\n|-weather|RainDance|[upkeep]\n|upkeep\n|\n|t:|1666487390\n|switch|p2a: Kingdra|Kingdra, F|100\/100\n|turn|12\n|\n|t:|1666487401\n|switch|p1a: Mantine|Mantine, M|100\/100\n|move|p2a: Kingdra|Hurricane|p1a: Mantine\n|-damage|p1a: Mantine|65\/100\n|-start|p1a: Mantine|confusion\n|\n|-weather|RainDance|[upkeep]\n|-heal|p1a: Mantine|71\/100|[from] item: Leftovers\n|upkeep\n|turn|13\n|\n|t:|1666487406\n|switch|p2a: Zapdos|Zapdos|100\/100\n|switch|p1a: Umbreon|Umbreon, F|100\/100\n|\n|-weather|RainDance|[upkeep]\n|upkeep\n|turn|14\n|\n|t:|1666487410\n|move|p1a: Umbreon|Protect|p1a: Umbreon\n|-singleturn|p1a: Umbreon|Protect\n|move|p2a: Zapdos|Thunder|p1a: Umbreon\n|-activate|p1a: Umbreon|move: Protect\n|\n|-weather|RainDance|[upkeep]\n|upkeep\n|turn|15\n|\n|t:|1666487414\n|move|p2a: Zapdos|Thunder|p1a: Umbreon\n|-damage|p1a: Umbreon|59\/100\n|move|p1a: Umbreon|Wish|p1a: Umbreon\n|\n|-weather|RainDance|[upkeep]\n|-heal|p1a: Umbreon|65\/100|[from] item: Leftovers\n|upkeep\n|turn|16\n|\n|t:|1666487418\n|move|p2a: Zapdos|Thunder|p1a: Umbreon\n|-damage|p1a: Umbreon|21\/100\n|move|p1a: Umbreon|Foul Play|p2a: Zapdos\n|-damage|p2a: Zapdos|72\/100\n|\n|-weather|RainDance|[upkeep]\n|-heal|p1a: Umbreon|71\/100|[from] move: Wish|[wisher] Umbreon\n|-heal|p1a: Umbreon|77\/100|[from] item: Leftovers\n|upkeep\n|turn|17\n|\n|t:|1666487421\n|switch|p2a: Magnezone|Magnezone|100\/100\n|move|p1a: Umbreon|Protect||[still]\n|-fail|p1a: Umbreon\n|\n|-weather|none\n|-heal|p1a: Umbreon|83\/100|[from] item: Leftovers\n|upkeep\n|turn|18\n|\n|t:|1666487426\n|move|p1a: Umbreon|Foul Play|p2a: Magnezone\n|-damage|p2a: Magnezone|89\/100\n|move|p2a: Magnezone|Volt Switch|p1a: Umbreon\n|-damage|p1a: Umbreon|68\/100\n|\n|t:|1666487430\n|switch|p2a: Tapu Lele|Tapu Lele|10\/100|[from]move: Volt Switch\n|-fieldstart|move: Psychic Terrain|[from] ability: Psychic Surge|[of] p2a: Tapu Lele\n|\n|-heal|p1a: Umbreon|74\/100|[from] item: Leftovers\n|upkeep\n|turn|19\n|\n|t:|1666487434\n|move|p1a: Umbreon|Protect|p1a: Umbreon\n|-singleturn|p1a: Umbreon|Protect\n|move|p2a: Tapu Lele|Moonblast|p1a: Umbreon\n|-activate|p1a: Umbreon|move: Protect\n|\n|-heal|p1a: Umbreon|80\/100|[from] item: Leftovers\n|upkeep\n|turn|20\n|\n|t:|1666487452\n|move|p2a: Tapu Lele|Moonblast|p1a: Umbreon\n|-supereffective|p1a: Umbreon\n|-damage|p1a: Umbreon|28\/100\n|-unboost|p1a: Umbreon|spa|1\n|move|p1a: Umbreon|Wish|p1a: Umbreon\n|\n|-heal|p1a: Umbreon|34\/100|[from] item: Leftovers\n|upkeep\n|turn|21\n|\n|t:|1666487460\n|switch|p2a: Magnezone|Magnezone|89\/100\n|move|p1a: Umbreon|Foul Play|p2a: Magnezone\n|-damage|p2a: Magnezone|77\/100\n|\n|-heal|p1a: Umbreon|84\/100|[from] move: Wish|[wisher] Umbreon\n|-heal|p1a: Umbreon|90\/100|[from] item: Leftovers\n|-heal|p2a: Magnezone|83\/100|[from] item: Leftovers\n|upkeep\n|turn|22\n|\n|t:|1666487466\n|move|p1a: Umbreon|Protect|p1a: Umbreon\n|-singleturn|p1a: Umbreon|Protect\n|move|p2a: Magnezone|Body Press|p1a: Umbreon\n|-activate|p1a: Umbreon|move: Protect\n|\n|-heal|p1a: Umbreon|96\/100|[from] item: Leftovers\n|-heal|p2a: Magnezone|89\/100|[from] item: Leftovers\n|-fieldend|move: Psychic Terrain\n|upkeep\n|turn|23\n|\n|t:|1666487471\n|move|p1a: Umbreon|Wish|p1a: Umbreon\n|move|p2a: Magnezone|Body Press|p1a: Umbreon\n|-supereffective|p1a: Umbreon\n|-damage|p1a: Umbreon|52\/100\n|\n|-heal|p1a: Umbreon|58\/100|[from] item: Leftovers\n|-heal|p2a: Magnezone|96\/100|[from] item: Leftovers\n|upkeep\n|turn|24\n|\n|t:|1666487475\n|move|p1a: Umbreon|Foul Play|p2a: Magnezone\n|-damage|p2a: Magnezone|84\/100\n|move|p2a: Magnezone|Iron Defense|p2a: Magnezone\n|-boost|p2a: Magnezone|def|2\n|\n|-heal|p1a: Umbreon|100\/100|[from] move: Wish|[wisher] Umbreon\n|-heal|p2a: Magnezone|90\/100|[from] item: Leftovers\n|upkeep\n|turn|25\n|\n|t:|1666487481\n|switch|p1a: Blacephalon|Blacephalon|100\/100\n|move|p2a: Magnezone|Body Press|p1a: Blacephalon\n|-immune|p1a: Blacephalon\n|\n|-heal|p2a: Magnezone|96\/100|[from] item: Leftovers\n|upkeep\n|turn|26\n|\n|t:|1666487491\n|switch|p2a: Kingdra|Kingdra, F|100\/100\n|move|p1a: Blacephalon|Shadow Ball|p2a: Kingdra\n|-damage|p2a: Kingdra|41\/100\n|\n|upkeep\n|turn|27\n|\n|t:|1666487498\n|move|p1a: Blacephalon|Shadow Ball|p2a: Kingdra\n|-damage|p2a: Kingdra|0 fnt\n|faint|p2a: Kingdra\n|-ability|p1a: Blacephalon|Beast Boost|boost\n|-boost|p1a: Blacephalon|spa|1\n|\n|upkeep\n|\n|t:|1666487500\n|switch|p2a: Barraskewda|Barraskewda, M|100\/100\n|turn|28\n|\n|t:|1666487505\n|switch|p1a: Mantine|Mantine, M|71\/100\n|move|p2a: Barraskewda|Flip Turn|p1a: Mantine\n|-heal|p1a: Mantine|96\/100|[from] ability: Water Absorb|[of] p2a: Barraskewda\n|\n|-heal|p1a: Mantine|100\/100|[from] item: Leftovers\n|upkeep\n|turn|29\n|\n|t:|1666487510\n|switch|p2a: Zapdos|Zapdos|72\/100\n|move|p1a: Mantine|Scald|p2a: Zapdos\n|-damage|p2a: Zapdos|45\/100\n|\n|upkeep\n|turn|30\n|\n|t:|1666487521\n|move|p2a: Zapdos|Volt Switch|p1a: Mantine\n|-supereffective|p1a: Mantine\n|-damage|p1a: Mantine|0 fnt\n|faint|p1a: Mantine\n|\n|t:|1666487525\n|switch|p2a: Barraskewda|Barraskewda, M|100\/100|[from]move: Volt Switch\n|\n|upkeep\n|\n|t:|1666487529\n|switch|p1a: Umbreon|Umbreon, F|100\/100\n|turn|31\n|\n|t:|1666487532\n|move|p1a: Umbreon|Protect|p1a: Umbreon\n|-singleturn|p1a: Umbreon|Protect\n|move|p2a: Barraskewda|Close Combat|p1a: Umbreon\n|-activate|p1a: Umbreon|move: Protect\n|\n|upkeep\n|turn|32\n|\n|t:|1666487536\n|move|p2a: Barraskewda|Close Combat|p1a: Umbreon\n|-supereffective|p1a: Umbreon\n|-damage|p1a: Umbreon|0 fnt\n|-unboost|p2a: Barraskewda|def|1\n|-unboost|p2a: Barraskewda|spd|1\n|faint|p1a: Umbreon\n|\n|upkeep\n|\n|t:|1666487538\n|switch|p1a: Blacephalon|Blacephalon|100\/100\n|turn|33\n|\n|t:|1666487542\n|switch|p2a: Zapdos|Zapdos|45\/100\n|move|p1a: Blacephalon|Shadow Ball|p2a: Zapdos\n|-damage|p2a: Zapdos|0 fnt\n|faint|p2a: Zapdos\n|-ability|p1a: Blacephalon|Beast Boost|boost\n|-boost|p1a: Blacephalon|spa|1\n|\n|upkeep\n|\n|t:|1666487544\n|switch|p2a: Tapu Lele|Tapu Lele|10\/100\n|-fieldstart|move: Psychic Terrain|[from] ability: Psychic Surge|[of] p2a: Tapu Lele\n|turn|34\n|\n|t:|1666487547\n|move|p1a: Blacephalon|Shadow Ball|p2a: Tapu Lele\n|-supereffective|p2a: Tapu Lele\n|-damage|p2a: Tapu Lele|0 fnt\n|faint|p2a: Tapu Lele\n|-ability|p1a: Blacephalon|Beast Boost|boost\n|-boost|p1a: Blacephalon|spa|1\n|\n|upkeep\n|\n|t:|1666487551\n|switch|p2a: Barraskewda|Barraskewda, M|100\/100\n|turn|35\n|\n|t:|1666487552\n|move|p1a: Blacephalon|Shadow Ball|p2a: Barraskewda\n|-damage|p2a: Barraskewda|0 fnt\n|faint|p2a: Barraskewda\n|-ability|p1a: Blacephalon|Beast Boost|boost\n|-boost|p1a: Blacephalon|spa|1\n|\n|upkeep\n|\n|t:|1666487554\n|switch|p2a: Magnezone|Magnezone|96\/100\n|turn|36\n|\n|t:|1666487556\n|move|p1a: Blacephalon|Shadow Ball|p2a: Magnezone\n|-damage|p2a: Magnezone|0 fnt\n|faint|p2a: Magnezone\n|\n|win|B.ClownPosse\n|raw|B.ClownPosse's rating: 1407 &rarr; <strong>1431<\/strong><br \/>(+24 for winning)\n|raw|mongwong's rating: 1474 &rarr; <strong>1450<\/strong><br \/>(-24 for losing)\n|c|\u2606B.ClownPosse|real\n|c|\u2606B.ClownPosse|gg\n|l|\u2606mongwong\n","uploadtime":1666487586,"views":9,"p1id":"bclownposse","p2id":"mongwong","formatid":"gen8ou","rating":1431,"private":0,"password":null}