{"id":"gen8bdspou-1536658221","p1":"Anibunnysomoney","p2":"shadowsfalling19","format":"gen8bdspou","log":"|j|\u2606Anibunnysomoney\n|j|\u2606shadowsfalling19\n|t:|1648005715\n|gametype|singles\n|player|p1|Anibunnysomoney|102|1546\n|player|p2|shadowsfalling19|policeman|1668\n|teamsize|p1|6\n|teamsize|p2|6\n|gen|8\n|tier|[Gen 8 BDSP] OU\n|rated|\n|rule|Sleep Clause Mod: Limit one foe put to sleep\n|rule|Species Clause: Limit one of each Pok\u00e9mon\n|rule|OHKO Clause: OHKO moves are banned\n|rule|Evasion Moves Clause: Evasion moves are banned\n|rule|Endless Battle Clause: Forcing endless battles is banned\n|rule|HP Percentage Mod: HP is shown in percentages\n|clearpoke\n|poke|p1|Blissey, F|\n|poke|p1|Tangrowth, F|\n|poke|p1|Azumarill, M|\n|poke|p1|Heatran, F|\n|poke|p1|Gliscor, F|\n|poke|p1|Dragonite, M|\n|poke|p2|Infernape, M|\n|poke|p2|Scizor, M|\n|poke|p2|Garchomp, M|\n|poke|p2|Rotom-Wash|\n|poke|p2|Latias, F|\n|poke|p2|Nidoking, M|\n|teampreview\n|\n|t:|1648005727\n|start\n|switch|p1a: Azumarill|Azumarill, M|100\/100\n|switch|p2a: Garchomp|Garchomp, M|100\/100\n|turn|1\n|inactive|Battle timer is ON: inactive players will automatically lose when time's up. (requested by Anibunnysomoney)\n|\n|t:|1648005738\n|switch|p2a: Scizor|Scizor, M|100\/100\n|move|p1a: Azumarill|Play Rough|p2a: Scizor\n|-resisted|p2a: Scizor\n|-damage|p2a: Scizor|57\/100\n|\n|upkeep\n|turn|2\n|\n|t:|1648005742\n|switch|p2a: Garchomp|Garchomp, M|100\/100\n|move|p1a: Azumarill|Play Rough|p2a: Garchomp\n|-supereffective|p2a: Garchomp\n|-damage|p2a: Garchomp|0 fnt\n|-damage|p1a: Azumarill|88\/100|[from] ability: Rough Skin|[of] p2a: Garchomp\n|faint|p2a: Garchomp\n|\n|upkeep\n|\n|t:|1648005744\n|switch|p2a: Rotom|Rotom-Wash|100\/100\n|turn|3\n|\n|t:|1648005750\n|switch|p1a: Blissey|Blissey, F|100\/100\n|move|p2a: Rotom|Trick|p1a: Blissey\n|-activate|p2a: Rotom|move: Trick|[of] p1a: Blissey\n|-item|p1a: Blissey|Choice Specs|[from] move: Trick\n|-item|p2a: Rotom|Leftovers|[from] move: Trick\n|\n|upkeep\n|turn|4\n|\n|t:|1648005756\n|move|p2a: Rotom|Volt Switch|p1a: Blissey\n|-damage|p1a: Blissey|89\/100\n|\n|t:|1648005758\n|switch|p2a: Nidoking|Nidoking, M, shiny|100\/100|[from]move: Volt Switch\n|move|p1a: Blissey|Stealth Rock|p2a: Nidoking\n|-sidestart|p2: shadowsfalling19|move: Stealth Rock\n|\n|upkeep\n|turn|5\n|\n|t:|1648005771\n|move|p2a: Nidoking|Poison Jab|p1a: Blissey\n|-damage|p1a: Blissey|28\/100\n|move|p1a: Blissey|Stealth Rock||[still]\n|-fail|p1a: Blissey\n|\n|upkeep\n|turn|6\n|\n|t:|1648005781\n|switch|p1a: Dragonite|Dragonite, M|100\/100\n|move|p2a: Nidoking|Ice Beam|p1a: Dragonite\n|-supereffective|p1a: Dragonite\n|-enditem|p1a: Dragonite|Yache Berry|[eat]\n|-enditem|p1a: Dragonite|Yache Berry|[weaken]\n|-damage|p1a: Dragonite|60\/100\n|\n|upkeep\n|turn|7\n|inactive|Anibunnysomoney has 120 seconds left.\n|\n|t:|1648005813\n|switch|p1a: Azumarill|Azumarill, M|88\/100\n|switch|p2a: Rotom|Rotom-Wash|100\/100\n|-damage|p2a: Rotom|88\/100|[from] Stealth Rock\n|\n|-heal|p2a: Rotom|94\/100|[from] item: Leftovers\n|upkeep\n|turn|8\n|inactive|Anibunnysomoney has 120 seconds left.\n|\n|t:|1648005827\n|switch|p1a: Gliscor|Gliscor, F|100\/100\n|move|p2a: Rotom|Thunderbolt|p1a: Gliscor\n|-immune|p1a: Gliscor\n|\n|-heal|p2a: Rotom|100\/100|[from] item: Leftovers\n|-status|p1a: Gliscor|tox|[from] item: Toxic Orb\n|upkeep\n|turn|9\n|\n|t:|1648005830\n|switch|p1a: Blissey|Blissey, F|28\/100\n|move|p2a: Rotom|Hydro Pump|p1a: Blissey|[miss]\n|-miss|p2a: Rotom|p1a: Blissey\n|\n|upkeep\n|turn|10\n|\n|t:|1648005834\n|move|p2a: Rotom|Volt Switch|p1a: Blissey\n|-damage|p1a: Blissey|18\/100\n|\n|t:|1648005836\n|switch|p2a: Latias|Latias, F|100\/100|[from]move: Volt Switch\n|-damage|p2a: Latias|88\/100|[from] Stealth Rock\n|move|p1a: Blissey|Soft-Boiled|p1a: Blissey\n|-heal|p1a: Blissey|68\/100\n|\n|upkeep\n|turn|11\n|\n|t:|1648005839\n|move|p2a: Latias|Defog|p1a: Blissey\n|-unboost|p1a: Blissey|evasion|1\n|-sideend|p2: shadowsfalling19|Stealth Rock|[from] move: Defog|[of] p2a: Latias\n|move|p1a: Blissey|Soft-Boiled|p1a: Blissey\n|-heal|p1a: Blissey|100\/100\n|\n|upkeep\n|turn|12\n|\n|t:|1648005859\n|switch|p1a: Azumarill|Azumarill, M|88\/100\n|move|p2a: Latias|Psychic|p1a: Azumarill\n|-damage|p1a: Azumarill|39\/100\n|\n|upkeep\n|turn|13\n|\n|t:|1648005867\n|switch|p1a: Blissey|Blissey, F|100\/100\n|move|p2a: Latias|Psychic|p1a: Blissey\n|-damage|p1a: Blissey|83\/100\n|\n|upkeep\n|turn|14\n|\n|t:|1648005871\n|switch|p2a: Nidoking|Nidoking, M, shiny|100\/100\n|move|p1a: Blissey|Seismic Toss|p2a: Nidoking\n|-damage|p2a: Nidoking|67\/100\n|\n|upkeep\n|turn|15\n|\n|t:|1648005874\n|move|p2a: Nidoking|Poison Jab|p1a: Blissey\n|-damage|p1a: Blissey|19\/100\n|move|p1a: Blissey|Seismic Toss|p2a: Nidoking\n|-damage|p2a: Nidoking|34\/100\n|\n|upkeep\n|turn|16\n|\n|t:|1648005881\n|move|p2a: Nidoking|Poison Jab|p1a: Blissey\n|-damage|p1a: Blissey|0 fnt\n|faint|p1a: Blissey\n|\n|upkeep\n|\n|t:|1648005890\n|switch|p1a: Azumarill|Azumarill, M|39\/100\n|turn|17\n|\n|t:|1648005893\n|move|p2a: Nidoking|Poison Jab|p1a: Azumarill\n|-supereffective|p1a: Azumarill\n|-damage|p1a: Azumarill|0 fnt\n|faint|p1a: Azumarill\n|\n|upkeep\n|\n|t:|1648005895\n|switch|p1a: Dragonite|Dragonite, M|60\/100\n|turn|18\n|\n|t:|1648005903\n|switch|p2a: Latias|Latias, F|88\/100\n|move|p1a: Dragonite|Extreme Speed|p2a: Latias\n|-damage|p2a: Latias|50\/100\n|\n|upkeep\n|turn|19\n|\n|t:|1648005927\n|switch|p1a: Gliscor|Gliscor, F|100\/100 tox\n|move|p2a: Latias|Healing Wish|p2a: Latias\n|faint|p2a: Latias\n|\n|upkeep\n|\n|t:|1648005930\n|switch|p2a: Nidoking|Nidoking, M, shiny|34\/100\n|-heal|p2a: Nidoking|100\/100|[from] move: Healing Wish\n|turn|20\n|\n|t:|1648005954\n|switch|p1a: Heatran|Heatran, F|100\/100\n|move|p2a: Nidoking|Ice Beam|p1a: Heatran\n|-resisted|p1a: Heatran\n|-damage|p1a: Heatran|91\/100\n|\n|upkeep\n|turn|21\n|\n|t:|1648005969\n|switch|p2a: Rotom|Rotom-Wash|100\/100\n|move|p1a: Heatran|Solar Beam||[still]\n|-prepare|p1a: Heatran|Solar Beam\n|-enditem|p1a: Heatran|Power Herb\n|-anim|p1a: Heatran|Solar Beam|p2a: Rotom\n|-supereffective|p2a: Rotom\n|-damage|p2a: Rotom|0 fnt\n|faint|p2a: Rotom\n|\n|upkeep\n|\n|t:|1648005979\n|switch|p2a: Nidoking|Nidoking, M, shiny|100\/100\n|turn|22\n|\n|t:|1648005984\n|move|p1a: Heatran|Earth Power|p2a: Nidoking\n|-supereffective|p2a: Nidoking\n|-damage|p2a: Nidoking|7\/100\n|move|p2a: Nidoking|Earth Power|p1a: Heatran\n|-supereffective|p1a: Heatran\n|-damage|p1a: Heatran|0 fnt\n|faint|p1a: Heatran\n|\n|upkeep\n|\n|t:|1648005988\n|switch|p1a: Dragonite|Dragonite, M|60\/100\n|turn|23\n|\n|t:|1648005996\n|switch|p2a: Scizor|Scizor, M|57\/100\n|move|p1a: Dragonite|Extreme Speed|p2a: Scizor\n|-resisted|p2a: Scizor\n|-damage|p2a: Scizor|40\/100\n|\n|upkeep\n|turn|24\n|\n|t:|1648006000\n|move|p1a: Dragonite|Dragon Dance|p1a: Dragonite\n|-boost|p1a: Dragonite|atk|1\n|-boost|p1a: Dragonite|spe|1\n|move|p2a: Scizor|Iron Head|p1a: Dragonite\n|-damage|p1a: Dragonite|0 fnt\n|faint|p1a: Dragonite\n|\n|upkeep\n|\n|t:|1648006010\n|switch|p1a: Gliscor|Gliscor, F|100\/100 tox\n|turn|25\n|\n|t:|1648006014\n|move|p1a: Gliscor|Knock Off|p2a: Scizor\n|-damage|p2a: Scizor|19\/100\n|-enditem|p2a: Scizor|Choice Band|[from] move: Knock Off|[of] p1a: Gliscor\n|move|p2a: Scizor|Iron Head|p1a: Gliscor\n|-damage|p1a: Gliscor|74\/100 tox\n|\n|-heal|p1a: Gliscor|87\/100 tox|[from] ability: Poison Heal\n|upkeep\n|turn|26\n|\n|t:|1648006020\n|move|p2a: Scizor|Bullet Punch|p1a: Gliscor\n|-damage|p1a: Gliscor|67\/100 tox\n|move|p1a: Gliscor|U-turn|p2a: Scizor\n|-resisted|p2a: Scizor\n|-damage|p2a: Scizor|11\/100\n|\n|t:|1648006023\n|switch|p1a: Tangrowth|Tangrowth, F|100\/100|[from]move: U-turn\n|\n|upkeep\n|turn|27\n|\n|t:|1648006025\n|move|p2a: Scizor|U-turn|p1a: Tangrowth\n|-supereffective|p1a: Tangrowth\n|-crit|p1a: Tangrowth\n|-damage|p1a: Tangrowth|40\/100\n|\n|t:|1648006027\n|switch|p2a: Infernape|Infernape, M|100\/100|[from]move: U-turn\n|move|p1a: Tangrowth|Sleep Powder|p2a: Infernape\n|-status|p2a: Infernape|slp|[from] move: Sleep Powder\n|\n|upkeep\n|turn|28\n|\n|t:|1648006033\n|switch|p2a: Scizor|Scizor, M|11\/100\n|move|p1a: Tangrowth|Knock Off|p2a: Scizor\n|-damage|p2a: Scizor|0 fnt\n|faint|p2a: Scizor\n|\n|upkeep\n|\n|t:|1648006035\n|switch|p2a: Nidoking|Nidoking, M, shiny|7\/100\n|turn|29\n|\n|t:|1648006040\n|move|p2a: Nidoking|Ice Beam|p1a: Tangrowth\n|-supereffective|p1a: Tangrowth\n|-damage|p1a: Tangrowth|0 fnt\n|faint|p1a: Tangrowth\n|\n|upkeep\n|\n|t:|1648006041\n|switch|p1a: Gliscor|Gliscor, F|67\/100 tox\n|turn|30\n|\n|t:|1648006044\n|move|p2a: Nidoking|Ice Beam|p1a: Gliscor\n|-supereffective|p1a: Gliscor\n|-damage|p1a: Gliscor|0 fnt\n|faint|p1a: Gliscor\n|\n|win|shadowsfalling19\n|raw|Anibunnysomoney's rating: 1546 &rarr; <strong>1533<\/strong><br \/>(-13 for losing)\n|raw|shadowsfalling19's rating: 1668 &rarr; <strong>1681<\/strong><br \/>(+13 for winning)\n|c|\u2606shadowsfalling19|gg\n|c|\u2606Anibunnysomoney|Gg\n","uploadtime":1648006050,"views":21,"p1id":"anibunnysomoney","p2id":"shadowsfalling19","formatid":"gen8bdspou","rating":1533,"private":0,"password":null}