{"id":"gen8ru-1044755675","p1":"Walletinspector62","p2":"Jband","format":"gen8ru","log":"|j|\u2606Walletinspector62\n|j|\u2606Jband\n|player|p1|Walletinspector62|170|1035\n|player|p2|Jband|265|1097\n|teamsize|p1|6\n|teamsize|p2|6\n|gametype|singles\n|gen|8\n|tier|[Gen 8] RU\n|rated|\n|clearpoke\n|poke|p1|Barbaracle, F|\n|poke|p1|Vanilluxe, M|\n|poke|p1|Bewear, F|\n|poke|p1|Steelix, F|\n|poke|p1|Boltund, M|\n|poke|p1|Dhelmise|\n|poke|p2|Xatu, M|\n|poke|p2|Flapple, F|\n|poke|p2|Mr. Rime, M|\n|poke|p2|Boltund, M|\n|poke|p2|Falinks|\n|poke|p2|Steelix, F|\n|rule|Sleep Clause Mod: Limit one foe put to sleep\n|rule|Species Clause: Limit one of each Pok\u00e9mon\n|rule|OHKO Clause: OHKO moves are banned\n|rule|Evasion Moves Clause: Evasion moves are banned\n|rule|Endless Battle Clause: Forcing endless battles is banned\n|rule|HP Percentage Mod: HP is shown in percentages\n|rule|Dynamax Clause: You cannot dynamax\n|teampreview\n|inactive|Battle timer is ON: inactive players will automatically lose when time's up. (requested by Jband)\n|\n|start\n|switch|p1a: Boltund|Boltund, M|100\/100\n|switch|p2a: Steelix|Steelix, F|100\/100\n|turn|1\n|\n|move|p1a: Boltund|Fire Fang|p2a: Steelix\n|-supereffective|p2a: Steelix\n|-damage|p2a: Steelix|66\/100\n|move|p2a: Steelix|Stealth Rock|p1a: Boltund\n|-sidestart|p1: Walletinspector62|move: Stealth Rock\n|\n|-heal|p2a: Steelix|72\/100|[from] item: Leftovers\n|upkeep\n|turn|2\n|\n|move|p1a: Boltund|Fire Fang|p2a: Steelix\n|-supereffective|p2a: Steelix\n|-damage|p2a: Steelix|41\/100\n|move|p2a: Steelix|Body Press|p1a: Boltund\n|-damage|p1a: Boltund|17\/100\n|\n|-heal|p2a: Steelix|47\/100|[from] item: Leftovers\n|upkeep\n|turn|3\n|\n|switch|p1a: Steelix|Steelix, F|100\/100\n|-damage|p1a: Steelix|97\/100|[from] Stealth Rock\n|move|p2a: Steelix|Heavy Slam|p1a: Steelix\n|-resisted|p1a: Steelix\n|-damage|p1a: Steelix|94\/100\n|\n|-heal|p2a: Steelix|54\/100|[from] item: Leftovers\n|-heal|p1a: Steelix|99\/100|[from] item: Leftovers\n|upkeep\n|turn|4\n|\n|move|p1a: Steelix|Earthquake|p2a: Steelix\n|-supereffective|p2a: Steelix\n|-damage|p2a: Steelix|16\/100\n|move|p2a: Steelix|Body Press|p1a: Steelix\n|-supereffective|p1a: Steelix\n|-damage|p1a: Steelix|58\/100\n|\n|-heal|p2a: Steelix|23\/100|[from] item: Leftovers\n|-heal|p1a: Steelix|65\/100|[from] item: Leftovers\n|upkeep\n|turn|5\n|\n|move|p1a: Steelix|Earthquake|p2a: Steelix\n|-supereffective|p2a: Steelix\n|-damage|p2a: Steelix|0 fnt\n|faint|p2a: Steelix\n|\n|-heal|p1a: Steelix|71\/100|[from] item: Leftovers\n|upkeep\n|\n|switch|p2a: Falinks|Falinks|100\/100\n|turn|6\n|\n|move|p2a: Falinks|No Retreat|p2a: Falinks\n|-boost|p2a: Falinks|atk|1\n|-boost|p2a: Falinks|def|1\n|-boost|p2a: Falinks|spa|1\n|-boost|p2a: Falinks|spd|1\n|-boost|p2a: Falinks|spe|1\n|-start|p2a: Falinks|move: No Retreat\n|move|p1a: Steelix|Heavy Slam|p2a: Falinks\n|-damage|p2a: Falinks|60\/100\n|\n|-heal|p1a: Steelix|77\/100|[from] item: Leftovers\n|upkeep\n|turn|7\n|\n|switch|p1a: Boltund|Boltund, M|17\/100\n|-damage|p1a: Boltund|5\/100|[from] Stealth Rock\n|move|p2a: Falinks|Swords Dance|p2a: Falinks\n|-boost|p2a: Falinks|atk|2\n|\n|upkeep\n|turn|8\n|\n|move|p2a: Falinks|Throat Chop|p1a: Boltund\n|-damage|p1a: Boltund|0 fnt\n|faint|p1a: Boltund\n|\n|upkeep\n|\n|switch|p1a: Dhelmise|Dhelmise|100\/100\n|-damage|p1a: Dhelmise|88\/100|[from] Stealth Rock\n|turn|9\n|\n|move|p2a: Falinks|Throat Chop|p1a: Dhelmise\n|-supereffective|p1a: Dhelmise\n|-damage|p1a: Dhelmise|0 fnt\n|faint|p1a: Dhelmise\n|\n|upkeep\n|\n|switch|p1a: Vanilluxe|Vanilluxe, M|100\/100\n|-damage|p1a: Vanilluxe|76\/100|[from] Stealth Rock\n|-weather|Hail|[from] ability: Snow Warning|[of] p1a: Vanilluxe\n|turn|10\n|\n|move|p2a: Falinks|Throat Chop|p1a: Vanilluxe\n|-damage|p1a: Vanilluxe|5\/100\n|-start|p1a: Vanilluxe|Throat Chop|[silent]\n|move|p1a: Vanilluxe|Aurora Veil|p1a: Vanilluxe\n|-sidestart|p1: Walletinspector62|move: Aurora Veil\n|\n|-weather|Hail|[upkeep]\n|-damage|p2a: Falinks|53\/100|[from] Hail\n|upkeep\n|turn|11\n|\n|move|p2a: Falinks|Throat Chop|p1a: Vanilluxe\n|-damage|p1a: Vanilluxe|0 fnt\n|faint|p1a: Vanilluxe\n|\n|-weather|Hail|[upkeep]\n|-damage|p2a: Falinks|47\/100|[from] Hail\n|upkeep\n|\n|switch|p1a: Bewear|Bewear, F|100\/100\n|-damage|p1a: Bewear|94\/100|[from] Stealth Rock\n|turn|12\n|\n|move|p2a: Falinks|Close Combat|p1a: Bewear\n|-supereffective|p1a: Bewear\n|-damage|p1a: Bewear|36\/100\n|-unboost|p2a: Falinks|def|1\n|-unboost|p2a: Falinks|spd|1\n|move|p1a: Bewear|Close Combat|p2a: Falinks\n|-damage|p2a: Falinks|0 fnt\n|-unboost|p1a: Bewear|def|1\n|-unboost|p1a: Bewear|spd|1\n|faint|p2a: Falinks\n|\n|-weather|Hail|[upkeep]\n|-damage|p1a: Bewear|30\/100|[from] Hail\n|-heal|p1a: Bewear|36\/100|[from] item: Leftovers\n|upkeep\n|\n|switch|p2a: Mr. Rime|Mr. Rime, M|100\/100\n|-activate|p2a: Mr. Rime|ability: Screen Cleaner\n|-sideend|p1: Walletinspector62|move: Aurora Veil\n|turn|13\n|\n|move|p2a: Mr. Rime|Psychic|p1a: Bewear\n|-supereffective|p1a: Bewear\n|-damage|p1a: Bewear|0 fnt\n|faint|p1a: Bewear\n|\n|-weather|Hail|[upkeep]\n|upkeep\n|\n|switch|p1a: Barbaracle|Barbaracle, F|100\/100\n|-damage|p1a: Barbaracle|88\/100|[from] Stealth Rock\n|turn|14\n|\n|move|p2a: Mr. Rime|Psychic|p1a: Barbaracle\n|-damage|p1a: Barbaracle|35\/100\n|move|p1a: Barbaracle|Shell Smash|p1a: Barbaracle\n|-unboost|p1a: Barbaracle|def|1\n|-unboost|p1a: Barbaracle|spd|1\n|-boost|p1a: Barbaracle|atk|2\n|-boost|p1a: Barbaracle|spa|2\n|-boost|p1a: Barbaracle|spe|2\n|-enditem|p1a: Barbaracle|White Herb\n|-clearnegativeboost|p1a: Barbaracle|[silent]\n|\n|-weather|none\n|upkeep\n|turn|15\n|\n|switch|p2a: Xatu|Xatu, M|100\/100\n|move|p1a: Barbaracle|Liquidation|p2a: Xatu\n|-damage|p2a: Xatu|0 fnt\n|faint|p2a: Xatu\n|\n|upkeep\n|\n|switch|p2a: Flapple|Flapple, F|100\/100\n|turn|16\n|\n|move|p2a: Flapple|Sucker Punch|p1a: Barbaracle\n|-damage|p1a: Barbaracle|0 fnt\n|faint|p1a: Barbaracle\n|\n|upkeep\n|\n|switch|p1a: Steelix|Steelix, F|77\/100\n|-damage|p1a: Steelix|74\/100|[from] Stealth Rock\n|turn|17\n|\n|move|p2a: Flapple|Grav Apple|p1a: Steelix\n|-damage|p1a: Steelix|43\/100\n|-unboost|p1a: Steelix|def|1\n|move|p1a: Steelix|Heavy Slam|p2a: Flapple\n|-damage|p2a: Flapple|26\/100\n|\n|-heal|p1a: Steelix|50\/100|[from] item: Leftovers\n|upkeep\n|turn|18\n|\n|move|p2a: Flapple|Grav Apple|p1a: Steelix\n|-damage|p1a: Steelix|7\/100\n|-unboost|p1a: Steelix|def|1\n|move|p1a: Steelix|Heavy Slam|p2a: Flapple\n|-damage|p2a: Flapple|0 fnt\n|faint|p2a: Flapple\n|\n|-heal|p1a: Steelix|13\/100|[from] item: Leftovers\n|upkeep\n|\n|switch|p2a: Boltund|Boltund, M|100\/100\n|turn|19\n|\n|move|p2a: Boltund|Crunch|p1a: Steelix\n|-damage|p1a: Steelix|0 fnt\n|faint|p1a: Steelix\n|\n|win|Jband\n|l|\u2606Walletinspector62\n","uploadtime":1578784628,"views":2,"p1id":"walletinspector62","p2id":"jband","formatid":"gen8ru","rating":0,"private":0,"password":null}