{"id":"gen8ou-1700119737","p1":"YaBoiBigT","p2":"testingdriverio","format":"gen8ou","log":"|j|\u2606YaBoiBigT\n|j|\u2606testingdriverio\n|t:|1667315061\n|gametype|singles\n|player|p1|YaBoiBigT|clay|1804\n|player|p2|testingdriverio|170|1886\n|teamsize|p1|6\n|teamsize|p2|6\n|gen|8\n|tier|[Gen 8] OU\n|rated|\n|rule|Sleep Clause Mod: Limit one foe put to sleep\n|rule|Species Clause: Limit one of each Pok\u00e9mon\n|rule|OHKO Clause: OHKO moves are banned\n|rule|Evasion Items Clause: Evasion items are banned\n|rule|Evasion Moves Clause: Evasion moves are banned\n|rule|Endless Battle Clause: Forcing endless battles is banned\n|rule|HP Percentage Mod: HP is shown in percentages\n|rule|Dynamax Clause: You cannot dynamax\n|clearpoke\n|poke|p1|Lanturn, F|\n|poke|p1|Corviknight, M|\n|poke|p1|Landorus-Therian, M|\n|poke|p1|Dragonite, F|\n|poke|p1|Urshifu-*, F|\n|poke|p1|Kartana|\n|poke|p2|Slowking-Galar, F|\n|poke|p2|Salamence, F|\n|poke|p2|Buzzwole|\n|poke|p2|Excadrill, M|\n|poke|p2|Rotom-Wash|\n|poke|p2|Weavile, F|\n|teampreview\n|inactive|Battle timer is ON: inactive players will automatically lose when time's up. (requested by YaBoiBigT)\n|\n|t:|1667315065\n|start\n|switch|p1a: Lanturn|Lanturn, F|100\/100\n|switch|p2a: Salamence|Salamence, F|100\/100\n|-ability|p2a: Salamence|Intimidate|boost\n|-unboost|p1a: Lanturn|atk|1\n|turn|1\n|\n|t:|1667315067\n|move|p2a: Salamence|Draco Meteor|p1a: Lanturn|[miss]\n|-miss|p2a: Salamence|p1a: Lanturn\n|move|p1a: Lanturn|Toxic|p2a: Salamence\n|-status|p2a: Salamence|tox\n|\n|-damage|p2a: Salamence|94\/100 tox|[from] psn\n|upkeep\n|turn|2\n|\n|t:|1667315074\n|move|p1a: Lanturn|Protect|p1a: Lanturn\n|-singleturn|p1a: Lanturn|Protect\n|move|p2a: Salamence|Draco Meteor|p1a: Lanturn\n|-activate|p1a: Lanturn|move: Protect\n|\n|-damage|p2a: Salamence|82\/100 tox|[from] psn\n|upkeep\n|turn|3\n|\n|t:|1667315077\n|move|p2a: Salamence|Draco Meteor|p1a: Lanturn\n|-damage|p1a: Lanturn|38\/100\n|-unboost|p2a: Salamence|spa|2\n|move|p1a: Lanturn|Scald|p2a: Salamence\n|-resisted|p2a: Salamence\n|-damage|p2a: Salamence|69\/100 tox\n|\n|-heal|p1a: Lanturn|44\/100|[from] item: Leftovers\n|-damage|p2a: Salamence|51\/100 tox|[from] psn\n|upkeep\n|turn|4\n|\n|t:|1667315086\n|switch|p2a: Excadrill|Excadrill, M|100\/100\n|-ability|p2a: Excadrill|Mold Breaker\n|move|p1a: Lanturn|Toxic|p2a: Excadrill\n|-immune|p2a: Excadrill\n|\n|-heal|p1a: Lanturn|50\/100|[from] item: Leftovers\n|upkeep\n|turn|5\n|\n|t:|1667315091\n|switch|p2a: Slowking|Slowking-Galar, F|100\/100\n|move|p1a: Lanturn|Protect||[still]\n|-fail|p1a: Lanturn\n|\n|-heal|p1a: Lanturn|56\/100|[from] item: Leftovers\n|upkeep\n|turn|6\n|\n|t:|1667315096\n|move|p1a: Lanturn|Protect|p1a: Lanturn\n|-singleturn|p1a: Lanturn|Protect\n|move|p2a: Slowking|Trick|p1a: Lanturn\n|-activate|p1a: Lanturn|move: Protect\n|\n|-heal|p1a: Lanturn|62\/100|[from] item: Leftovers\n|upkeep\n|turn|7\n|\n|t:|1667315106\n|move|p1a: Lanturn|Volt Switch|p2a: Slowking\n|-damage|p2a: Slowking|85\/100\n|\n|t:|1667315111\n|switch|p1a: Urshifu|Urshifu-Rapid-Strike, F|100\/100|[from]move: Volt Switch\n|move|p2a: Slowking|Trick|p1a: Urshifu\n|-activate|p2a: Slowking|move: Trick|[of] p1a: Urshifu\n|-item|p1a: Urshifu|Black Sludge|[from] move: Trick\n|-item|p2a: Slowking|Choice Band|[from] move: Trick\n|\n|-damage|p1a: Urshifu|88\/100|[from] item: Black Sludge\n|upkeep\n|turn|8\n|\n|t:|1667315126\n|switch|p2a: Buzzwole|Buzzwole|100\/100\n|move|p1a: Urshifu|U-turn|p2a: Buzzwole\n|-resisted|p2a: Buzzwole\n|-damage|p2a: Buzzwole|93\/100\n|-damage|p1a: Urshifu|72\/100|[from] item: Rocky Helmet|[of] p2a: Buzzwole\n|\n|t:|1667315135\n|switch|p1a: Lanturn|Lanturn, F|62\/100|[from]move: U-turn\n|\n|-heal|p1a: Lanturn|68\/100|[from] item: Leftovers\n|upkeep\n|turn|9\n|\n|t:|1667315144\n|move|p1a: Lanturn|Protect|p1a: Lanturn\n|-singleturn|p1a: Lanturn|Protect\n|move|p2a: Buzzwole|Leech Life|p1a: Lanturn\n|-activate|p1a: Lanturn|move: Protect\n|\n|-heal|p1a: Lanturn|75\/100|[from] item: Leftovers\n|upkeep\n|turn|10\n|\n|t:|1667315148\n|move|p2a: Buzzwole|Leech Life|p1a: Lanturn\n|-damage|p1a: Lanturn|19\/100\n|-heal|p2a: Buzzwole|100\/100|[from] drain|[of] p1a: Lanturn\n|move|p1a: Lanturn|Toxic|p2a: Buzzwole\n|-status|p2a: Buzzwole|tox\n|\n|-heal|p1a: Lanturn|26\/100|[from] item: Leftovers\n|-damage|p2a: Buzzwole|94\/100 tox|[from] psn\n|upkeep\n|turn|11\n|\n|t:|1667315155\n|switch|p2a: Excadrill|Excadrill, M|100\/100\n|-ability|p2a: Excadrill|Mold Breaker\n|move|p1a: Lanturn|Protect||[still]\n|-fail|p1a: Lanturn\n|\n|-heal|p1a: Lanturn|32\/100|[from] item: Leftovers\n|upkeep\n|turn|12\n|\n|t:|1667315158\n|move|p1a: Lanturn|Protect|p1a: Lanturn\n|-singleturn|p1a: Lanturn|Protect\n|move|p2a: Excadrill|Stealth Rock|p1a: Lanturn\n|-sidestart|p1: YaBoiBigT|move: Stealth Rock\n|\n|-heal|p1a: Lanturn|38\/100|[from] item: Leftovers\n|upkeep\n|turn|13\n|\n|t:|1667315163\n|switch|p2a: Slowking|Slowking-Galar, F|100\/100\n|switch|p1a: Corviknight|Corviknight, M|100\/100\n|-damage|p1a: Corviknight|88\/100|[from] Stealth Rock\n|-ability|p1a: Corviknight|Pressure\n|\n|upkeep\n|turn|14\n|\n|t:|1667315166\n|move|p1a: Corviknight|Defog|p2a: Slowking\n|-unboost|p2a: Slowking|evasion|1\n|-sideend|p1: YaBoiBigT|Stealth Rock|[from] move: Defog|[of] p1a: Corviknight\n|move|p2a: Slowking|Trick|p1a: Corviknight\n|-activate|p2a: Slowking|move: Trick|[of] p1a: Corviknight\n|-item|p1a: Corviknight|Choice Band|[from] move: Trick\n|-item|p2a: Slowking|Rocky Helmet|[from] move: Trick\n|\n|upkeep\n|turn|15\n|j| Jongruenwald\n|\n|t:|1667315176\n|move|p1a: Corviknight|U-turn|p2a: Slowking\n|-damage|p2a: Slowking|84\/100\n|-damage|p1a: Corviknight|71\/100|[from] item: Rocky Helmet|[of] p2a: Slowking\n|\n|t:|1667315178\n|switch|p1a: Dragonite|Dragonite, F|100\/100|[from]move: U-turn\n|move|p2a: Slowking|Psyshock|p1a: Dragonite\n|-damage|p1a: Dragonite|86\/100\n|\n|upkeep\n|turn|16\n|\n|t:|1667315185\n|switch|p2a: Rotom|Rotom-Wash|100\/100\n|move|p1a: Dragonite|Earthquake|p2a: Rotom\n|-immune|p2a: Rotom|[from] ability: Levitate\n|\n|upkeep\n|turn|17\n|\n|t:|1667315190\n|move|p2a: Rotom|Will-O-Wisp|p1a: Dragonite\n|-status|p1a: Dragonite|brn\n|move|p1a: Dragonite|Roost|p1a: Dragonite\n|-heal|p1a: Dragonite|100\/100 brn\n|-singleturn|p1a: Dragonite|move: Roost\n|\n|-damage|p1a: Dragonite|94\/100 brn|[from] brn\n|upkeep\n|turn|18\n|j| oRinNeGa7V1\n|\n|t:|1667315196\n|move|p2a: Rotom|Volt Switch|p1a: Dragonite\n|-damage|p1a: Dragonite|78\/100 brn\n|\n|t:|1667315204\n|switch|p2a: Buzzwole|Buzzwole|94\/100 tox|[from]move: Volt Switch\n|move|p1a: Dragonite|Heal Bell|p1a: Dragonite\n|-activate|p1a: Dragonite|move: Heal Bell\n|-curestatus|p1a: Dragonite|brn|[msg]\n|\n|-damage|p2a: Buzzwole|88\/100 tox|[from] psn\n|upkeep\n|turn|19\n|\n|t:|1667315210\n|switch|p1a: Corviknight|Corviknight, M|71\/100\n|-ability|p1a: Corviknight|Pressure\n|move|p2a: Buzzwole|Ice Punch|p1a: Corviknight\n|-damage|p1a: Corviknight|55\/100\n|\n|-damage|p2a: Buzzwole|76\/100 tox|[from] psn\n|upkeep\n|turn|20\n|\n|t:|1667315217\n|switch|p2a: Rotom|Rotom-Wash|100\/100\n|move|p1a: Corviknight|Roost|p1a: Corviknight\n|-heal|p1a: Corviknight|100\/100\n|-singleturn|p1a: Corviknight|move: Roost\n|\n|upkeep\n|turn|21\n|\n|t:|1667315222\n|switch|p1a: Lanturn|Lanturn, F|38\/100\n|move|p2a: Rotom|Hydro Pump|p1a: Lanturn\n|-resisted|p1a: Lanturn\n|-damage|p1a: Lanturn|24\/100\n|\n|-heal|p1a: Lanturn|30\/100|[from] item: Leftovers\n|upkeep\n|turn|22\n|\n|t:|1667315226\n|switch|p2a: Slowking|Slowking-Galar, F|100\/100\n|move|p1a: Lanturn|Protect||[still]\n|-fail|p1a: Lanturn\n|\n|-heal|p1a: Lanturn|37\/100|[from] item: Leftovers\n|upkeep\n|turn|23\n|\n|t:|1667315231\n|move|p1a: Lanturn|Volt Switch|p2a: Slowking\n|-damage|p2a: Slowking|85\/100\n|\n|t:|1667315233\n|switch|p1a: Dragonite|Dragonite, F|78\/100|[from]move: Volt Switch\n|move|p2a: Slowking|Calm Mind|p2a: Slowking\n|-boost|p2a: Slowking|spa|1\n|-boost|p2a: Slowking|spd|1\n|\n|upkeep\n|turn|24\n|\n|t:|1667315240\n|switch|p2a: Rotom|Rotom-Wash|100\/100\n|move|p1a: Dragonite|Earthquake|p2a: Rotom\n|-immune|p2a: Rotom|[from] ability: Levitate\n|\n|upkeep\n|turn|25\n|\n|t:|1667315248\n|move|p2a: Rotom|Will-O-Wisp|p1a: Dragonite\n|-status|p1a: Dragonite|brn\n|move|p1a: Dragonite|Roost|p1a: Dragonite\n|-heal|p1a: Dragonite|100\/100 brn\n|-singleturn|p1a: Dragonite|move: Roost\n|\n|-damage|p1a: Dragonite|94\/100 brn|[from] brn\n|upkeep\n|turn|26\n|\n|t:|1667315256\n|move|p2a: Rotom|Volt Switch|p1a: Dragonite\n|-damage|p1a: Dragonite|77\/100 brn\n|j| ArianaBlonde\n|\n|t:|1667315258\n|switch|p2a: Buzzwole|Buzzwole|76\/100 tox|[from]move: Volt Switch\n|move|p1a: Dragonite|Heal Bell|p1a: Dragonite\n|-activate|p1a: Dragonite|move: Heal Bell\n|-curestatus|p1a: Dragonite|brn|[msg]\n|\n|-damage|p2a: Buzzwole|70\/100 tox|[from] psn\n|upkeep\n|turn|27\n|\n|t:|1667315266\n|switch|p1a: Corviknight|Corviknight, M|100\/100\n|-ability|p1a: Corviknight|Pressure\n|move|p2a: Buzzwole|Close Combat|p1a: Corviknight\n|-damage|p1a: Corviknight|60\/100\n|-unboost|p2a: Buzzwole|def|1\n|-unboost|p2a: Buzzwole|spd|1\n|\n|-damage|p2a: Buzzwole|58\/100 tox|[from] psn\n|upkeep\n|turn|28\n|j| Stonkystinky\n|\n|t:|1667315275\n|switch|p2a: Rotom|Rotom-Wash|100\/100\n|switch|p1a: Dragonite|Dragonite, F|77\/100\n|\n|upkeep\n|turn|29\n|\n|t:|1667315280\n|switch|p1a: Corviknight|Corviknight, M|60\/100\n|-ability|p1a: Corviknight|Pressure\n|move|p2a: Rotom|Will-O-Wisp|p1a: Corviknight\n|-status|p1a: Corviknight|brn\n|\n|-damage|p1a: Corviknight|54\/100 brn|[from] brn\n|upkeep\n|turn|30\n|j| TheFinalOne256\n|\n|t:|1667315284\n|switch|p1a: Lanturn|Lanturn, F|37\/100\n|move|p2a: Rotom|Volt Switch|p1a: Lanturn\n|-heal|p1a: Lanturn|62\/100|[from] ability: Volt Absorb|[of] p2a: Rotom\n|\n|-heal|p1a: Lanturn|68\/100|[from] item: Leftovers\n|upkeep\n|turn|31\n|j| MCAdmin2\n|\n|t:|1667315293\n|switch|p2a: Slowking|Slowking-Galar, F|100\/100\n|move|p1a: Lanturn|Scald|p2a: Slowking\n|-damage|p2a: Slowking|84\/100\n|\n|-heal|p1a: Lanturn|74\/100|[from] item: Leftovers\n|upkeep\n|turn|32\n|\n|t:|1667315298\n|move|p1a: Lanturn|Volt Switch|p2a: Slowking\n|-damage|p2a: Slowking|68\/100\n|\n|t:|1667315307\n|switch|p1a: Dragonite|Dragonite, F|77\/100|[from]move: Volt Switch\n|move|p2a: Slowking|Sludge Bomb|p1a: Dragonite\n|-damage|p1a: Dragonite|55\/100\n|-status|p1a: Dragonite|psn\n|\n|-damage|p1a: Dragonite|43\/100 psn|[from] psn\n|upkeep\n|turn|33\n|\n|t:|1667315315\n|move|p1a: Dragonite|Heal Bell|p1a: Dragonite\n|-activate|p1a: Dragonite|move: Heal Bell\n|-curestatus|p1a: Dragonite|psn|[msg]\n|-curestatus|p1: Corviknight|brn|[msg]\n|move|p2a: Slowking|Trick|p1a: Dragonite\n|-activate|p2a: Slowking|move: Trick|[of] p1a: Dragonite\n|-item|p1a: Dragonite|Rocky Helmet|[from] move: Trick\n|-item|p2a: Slowking|Heavy-Duty Boots|[from] move: Trick\n|\n|upkeep\n|turn|34\n|\n|t:|1667315324\n|move|p1a: Dragonite|Roost|p1a: Dragonite\n|-heal|p1a: Dragonite|93\/100\n|-singleturn|p1a: Dragonite|move: Roost\n|move|p2a: Slowking|Sludge Bomb|p1a: Dragonite\n|-damage|p1a: Dragonite|72\/100\n|\n|upkeep\n|turn|35\n|\n|t:|1667315327\n|switch|p2a: Rotom|Rotom-Wash|100\/100\n|move|p1a: Dragonite|Earthquake|p2a: Rotom\n|-immune|p2a: Rotom|[from] ability: Levitate\n|\n|upkeep\n|turn|36\n|\n|t:|1667315342\n|move|p2a: Rotom|Will-O-Wisp|p1a: Dragonite\n|-status|p1a: Dragonite|brn\n|move|p1a: Dragonite|Roost|p1a: Dragonite\n|-heal|p1a: Dragonite|100\/100 brn\n|-singleturn|p1a: Dragonite|move: Roost\n|\n|-damage|p1a: Dragonite|94\/100 brn|[from] brn\n|upkeep\n|turn|37\n|\n|t:|1667315348\n|switch|p1a: Kartana|Kartana|100\/100\n|move|p2a: Rotom|Pain Split|p1a: Kartana\n|-sethp|p1a: Kartana|98\/100|[from] move: Pain Split|[silent]\n|-sethp|p2a: Rotom|100\/100|[from] move: Pain Split\n|\n|upkeep\n|turn|38\n|l| Stonkystinky\n|\n|t:|1667315358\n|move|p1a: Kartana|Knock Off|p2a: Rotom\n|-damage|p2a: Rotom|55\/100\n|-enditem|p2a: Rotom|Leftovers|[from] move: Knock Off|[of] p1a: Kartana\n|-damage|p1a: Kartana|88\/100|[from] item: Life Orb\n|move|p2a: Rotom|Will-O-Wisp|p1a: Kartana\n|-status|p1a: Kartana|brn\n|\n|-damage|p1a: Kartana|82\/100 brn|[from] brn\n|upkeep\n|turn|39\n|\n|t:|1667315367\n|switch|p1a: Lanturn|Lanturn, F|74\/100\n|switch|p2a: Buzzwole|Buzzwole|58\/100 tox\n|\n|-heal|p1a: Lanturn|80\/100|[from] item: Leftovers\n|-damage|p2a: Buzzwole|52\/100 tox|[from] psn\n|upkeep\n|turn|40\n|\n|t:|1667315376\n|switch|p2a: Slowking|Slowking-Galar, F|100\/100\n|move|p1a: Lanturn|Protect||[still]\n|-fail|p1a: Lanturn\n|\n|-heal|p1a: Lanturn|86\/100|[from] item: Leftovers\n|upkeep\n|turn|41\n|\n|t:|1667315384\n|switch|p1a: Dragonite|Dragonite, F|94\/100 brn\n|switch|p2a: Excadrill|Excadrill, M|100\/100\n|-ability|p2a: Excadrill|Mold Breaker\n|\n|-damage|p1a: Dragonite|88\/100 brn|[from] brn\n|upkeep\n|turn|42\n|l| ArianaBlonde\n|\n|t:|1667315390\n|move|p2a: Excadrill|Stealth Rock|p1a: Dragonite\n|-sidestart|p1: YaBoiBigT|move: Stealth Rock\n|move|p1a: Dragonite|Heal Bell|p1a: Dragonite\n|-activate|p1a: Dragonite|move: Heal Bell\n|-curestatus|p1a: Dragonite|brn|[msg]\n|-curestatus|p1: Kartana|brn|[msg]\n|\n|upkeep\n|turn|43\n|\n|t:|1667315396\n|switch|p2a: Rotom|Rotom-Wash|55\/100\n|move|p1a: Dragonite|Roost|p1a: Dragonite\n|-heal|p1a: Dragonite|100\/100\n|-singleturn|p1a: Dragonite|move: Roost\n|\n|upkeep\n|turn|44\n|\n|t:|1667315406\n|switch|p1a: Lanturn|Lanturn, F|86\/100\n|-damage|p1a: Lanturn|74\/100|[from] Stealth Rock\n|move|p2a: Rotom|Will-O-Wisp|p1a: Lanturn\n|-status|p1a: Lanturn|brn\n|\n|-heal|p1a: Lanturn|80\/100 brn|[from] item: Leftovers\n|-damage|p1a: Lanturn|74\/100 brn|[from] brn\n|upkeep\n|turn|45\n|j| FernandoTA\n|\n|t:|1667315412\n|switch|p2a: Slowking|Slowking-Galar, F|100\/100\n|move|p1a: Lanturn|Scald|p2a: Slowking\n|-damage|p2a: Slowking|83\/100\n|\n|-heal|p1a: Lanturn|80\/100 brn|[from] item: Leftovers\n|-damage|p1a: Lanturn|74\/100 brn|[from] brn\n|upkeep\n|turn|46\n|\n|t:|1667315421\n|switch|p1a: Kartana|Kartana|82\/100\n|-damage|p1a: Kartana|75\/100|[from] Stealth Rock\n|move|p2a: Slowking|Sludge Bomb|p1a: Kartana\n|-immune|p1a: Kartana\n|\n|upkeep\n|turn|47\n|\n|t:|1667315429\n|switch|p2a: Salamence|Salamence, F|51\/100 tox\n|-ability|p2a: Salamence|Intimidate|boost\n|-unboost|p1a: Kartana|atk|1\n|move|p1a: Kartana|Knock Off|p2a: Salamence\n|-damage|p2a: Salamence|16\/100 tox\n|-enditem|p2a: Salamence|Choice Specs|[from] move: Knock Off|[of] p1a: Kartana\n|-damage|p1a: Kartana|65\/100|[from] item: Life Orb\n|\n|-damage|p2a: Salamence|10\/100 tox|[from] psn\n|upkeep\n|turn|48\n|\n|t:|1667315437\n|switch|p2a: Buzzwole|Buzzwole|52\/100 tox\n|move|p1a: Kartana|Knock Off|p2a: Buzzwole\n|-resisted|p2a: Buzzwole\n|-damage|p2a: Buzzwole|43\/100 tox\n|-damage|p1a: Kartana|49\/100|[from] item: Rocky Helmet|[of] p2a: Buzzwole\n|-enditem|p2a: Buzzwole|Rocky Helmet|[from] move: Knock Off|[of] p1a: Kartana\n|-damage|p1a: Kartana|39\/100|[from] item: Life Orb\n|\n|-damage|p2a: Buzzwole|37\/100 tox|[from] psn\n|upkeep\n|turn|49\n|\n|t:|1667315447\n|switch|p1a: Landorus|Landorus-Therian, M|100\/100\n|-damage|p1a: Landorus|88\/100|[from] Stealth Rock\n|-ability|p1a: Landorus|Intimidate|boost\n|-unboost|p2a: Buzzwole|atk|1\n|move|p2a: Buzzwole|Roost|p2a: Buzzwole\n|-heal|p2a: Buzzwole|87\/100 tox\n|-singleturn|p2a: Buzzwole|move: Roost\n|\n|-heal|p1a: Landorus|94\/100|[from] item: Leftovers\n|-damage|p2a: Buzzwole|75\/100 tox|[from] psn\n|upkeep\n|turn|50\n|\n|t:|1667315463\n|move|p2a: Buzzwole|Ice Punch|p1a: Landorus\n|-supereffective|p1a: Landorus\n|-damage|p1a: Landorus|36\/100\n|move|p1a: Landorus|U-turn|p2a: Buzzwole\n|-resisted|p2a: Buzzwole\n|-damage|p2a: Buzzwole|68\/100 tox\n|\n|t:|1667315465\n|switch|p1a: Corviknight|Corviknight, M|54\/100|[from]move: U-turn\n|-damage|p1a: Corviknight|41\/100|[from] Stealth Rock\n|-ability|p1a: Corviknight|Pressure\n|\n|-damage|p2a: Buzzwole|49\/100 tox|[from] psn\n|upkeep\n|turn|51\n|\n|t:|1667315473\n|switch|p2a: Excadrill|Excadrill, M|100\/100\n|-ability|p2a: Excadrill|Mold Breaker\n|move|p1a: Corviknight|Roost|p1a: Corviknight\n|-heal|p1a: Corviknight|91\/100\n|-singleturn|p1a: Corviknight|move: Roost\n|\n|upkeep\n|turn|52\n|\n|t:|1667315481\n|switch|p1a: Dragonite|Dragonite, F|100\/100\n|-damage|p1a: Dragonite|76\/100|[from] Stealth Rock\n|move|p2a: Excadrill|Rapid Spin|p1a: Dragonite\n|-damage|p1a: Dragonite|62\/100\n|-boost|p2a: Excadrill|spe|1\n|-damage|p2a: Excadrill|84\/100|[from] item: Rocky Helmet|[of] p1a: Dragonite\n|\n|-heal|p2a: Excadrill|90\/100|[from] item: Leftovers\n|upkeep\n|turn|53\n|\n|t:|1667315488\n|switch|p2a: Rotom|Rotom-Wash|55\/100\n|move|p1a: Dragonite|Roost|p1a: Dragonite\n|-heal|p1a: Dragonite|100\/100\n|-singleturn|p1a: Dragonite|move: Roost\n|\n|upkeep\n|turn|54\n|\n|t:|1667315494\n|move|p2a: Rotom|Pain Split|p1a: Dragonite\n|-sethp|p1a: Dragonite|72\/100|[from] move: Pain Split|[silent]\n|-sethp|p2a: Rotom|91\/100|[from] move: Pain Split\n|move|p1a: Dragonite|Heal Bell|p1a: Dragonite\n|-activate|p1a: Dragonite|move: Heal Bell\n|-curestatus|p1: Lanturn|brn|[msg]\n|\n|upkeep\n|turn|55\n|\n|t:|1667315500\n|switch|p1a: Lanturn|Lanturn, F|74\/100\n|-damage|p1a: Lanturn|62\/100|[from] Stealth Rock\n|move|p2a: Rotom|Will-O-Wisp|p1a: Lanturn\n|-status|p1a: Lanturn|brn\n|\n|-heal|p1a: Lanturn|68\/100 brn|[from] item: Leftovers\n|-damage|p1a: Lanturn|62\/100 brn|[from] brn\n|upkeep\n|turn|56\n|\n|t:|1667315506\n|switch|p2a: Slowking|Slowking-Galar, F|100\/100\n|move|p1a: Lanturn|Volt Switch|p2a: Slowking\n|-damage|p2a: Slowking|86\/100\n|\n|t:|1667315511\n|switch|p1a: Urshifu|Urshifu-Rapid-Strike, F|72\/100|[from]move: Volt Switch\n|-damage|p1a: Urshifu|66\/100|[from] Stealth Rock\n|\n|-damage|p1a: Urshifu|53\/100|[from] item: Black Sludge\n|upkeep\n|turn|57\n|\n|t:|1667315519\n|switch|p2a: Salamence|Salamence, F|10\/100 tox\n|-ability|p2a: Salamence|Intimidate|boost\n|-unboost|p1a: Urshifu|atk|1\n|move|p1a: Urshifu|Surging Strikes|p2a: Salamence\n|-resisted|p2a: Salamence\n|-crit|p2a: Salamence\n|-damage|p2a: Salamence|0 fnt\n|faint|p2a: Salamence\n|-hitcount|p2: Salamence|1\n|\n|-damage|p1a: Urshifu|41\/100|[from] item: Black Sludge\n|upkeep\n|\n|t:|1667315529\n|switch|p2a: Rotom|Rotom-Wash|91\/100\n|turn|58\n|\n|t:|1667315534\n|switch|p1a: Dragonite|Dragonite, F|72\/100\n|-damage|p1a: Dragonite|47\/100|[from] Stealth Rock\n|move|p2a: Rotom|Hydro Pump|p1a: Dragonite\n|-resisted|p1a: Dragonite\n|-damage|p1a: Dragonite|35\/100\n|\n|upkeep\n|turn|59\n|\n|t:|1667315538\n|move|p2a: Rotom|Volt Switch|p1a: Dragonite\n|-damage|p1a: Dragonite|20\/100\n|\n|t:|1667315541\n|switch|p2a: Weavile|Weavile, F|100\/100|[from]move: Volt Switch\n|-ability|p2a: Weavile|Pressure\n|move|p1a: Dragonite|Roost|p1a: Dragonite\n|-heal|p1a: Dragonite|70\/100\n|-singleturn|p1a: Dragonite|move: Roost\n|\n|upkeep\n|turn|60\n|\n|t:|1667315550\n|switch|p1a: Corviknight|Corviknight, M|91\/100\n|-damage|p1a: Corviknight|79\/100|[from] Stealth Rock\n|-ability|p1a: Corviknight|Pressure\n|move|p2a: Weavile|Swords Dance|p2a: Weavile\n|-boost|p2a: Weavile|atk|2\n|\n|upkeep\n|turn|61\n|\n|t:|1667315559\n|switch|p2a: Slowking|Slowking-Galar, F|100\/100\n|move|p1a: Corviknight|Body Press|p2a: Slowking\n|-resisted|p2a: Slowking\n|-damage|p2a: Slowking|93\/100\n|\n|upkeep\n|turn|62\n|\n|t:|1667315567\n|switch|p1a: Dragonite|Dragonite, F|70\/100\n|-damage|p1a: Dragonite|45\/100|[from] Stealth Rock\n|switch|p2a: Weavile|Weavile, F|100\/100\n|-ability|p2a: Weavile|Pressure\n|\n|upkeep\n|turn|63\n|\n|t:|1667315576\n|move|p2a: Weavile|Swords Dance|p2a: Weavile\n|-boost|p2a: Weavile|atk|2\n|move|p1a: Dragonite|Earthquake|p2a: Weavile\n|-damage|p2a: Weavile|46\/100\n|\n|upkeep\n|turn|64\n|\n|t:|1667315583\n|move|p2a: Weavile|Knock Off|p1a: Dragonite\n|-damage|p1a: Dragonite|0 fnt\n|-damage|p2a: Weavile|30\/100|[from] item: Rocky Helmet|[of] p1a: Dragonite\n|-enditem|p1a: Dragonite|Rocky Helmet|[from] move: Knock Off|[of] p2a: Weavile\n|faint|p1a: Dragonite\n|\n|upkeep\n|\n|t:|1667315588\n|switch|p1a: Urshifu|Urshifu-Rapid-Strike, F|41\/100\n|-damage|p1a: Urshifu|35\/100|[from] Stealth Rock\n|turn|65\n|j| ArianaBlonde\n|\n|t:|1667315615\n|switch|p2a: Slowking|Slowking-Galar, F|100\/100\n|move|p1a: Urshifu|Aqua Jet|p2a: Slowking\n|-damage|p2a: Slowking|85\/100\n|\n|-damage|p1a: Urshifu|22\/100|[from] item: Black Sludge\n|upkeep\n|turn|66\n|\n|t:|1667315624\n|switch|p2a: Rotom|Rotom-Wash|91\/100\n|move|p1a: Urshifu|Surging Strikes|p2a: Rotom\n|-resisted|p2a: Rotom\n|-crit|p2a: Rotom\n|-damage|p2a: Rotom|80\/100\n|-resisted|p2a: Rotom\n|-crit|p2a: Rotom\n|-damage|p2a: Rotom|70\/100\n|-resisted|p2a: Rotom\n|-crit|p2a: Rotom\n|-damage|p2a: Rotom|58\/100\n|-hitcount|p2a: Rotom|3\n|\n|-damage|p1a: Urshifu|10\/100|[from] item: Black Sludge\n|upkeep\n|turn|67\n|l| ArianaBlonde\n|l| FernandoTA\n|\n|t:|1667315631\n|switch|p2a: Slowking|Slowking-Galar, F|100\/100\n|move|p1a: Urshifu|U-turn|p2a: Slowking\n|-damage|p2a: Slowking|83\/100\n|\n|t:|1667315634\n|switch|p1a: Landorus|Landorus-Therian, M|36\/100|[from]move: U-turn\n|-damage|p1a: Landorus|23\/100|[from] Stealth Rock\n|-ability|p1a: Landorus|Intimidate|boost\n|-unboost|p2a: Slowking|atk|1\n|\n|-heal|p1a: Landorus|29\/100|[from] item: Leftovers\n|upkeep\n|turn|68\n|\n|t:|1667315639\n|switch|p2a: Rotom|Rotom-Wash|58\/100\n|move|p1a: Landorus|Stealth Rock|p2a: Rotom\n|-sidestart|p2: testingdriverio|move: Stealth Rock\n|\n|-heal|p1a: Landorus|35\/100|[from] item: Leftovers\n|upkeep\n|turn|69\n|\n|t:|1667315646\n|switch|p1a: Lanturn|Lanturn, F|62\/100 brn\n|-damage|p1a: Lanturn|49\/100 brn|[from] Stealth Rock\n|move|p2a: Rotom|Hydro Pump|p1a: Lanturn\n|-resisted|p1a: Lanturn\n|-damage|p1a: Lanturn|36\/100 brn\n|\n|-heal|p1a: Lanturn|42\/100 brn|[from] item: Leftovers\n|-damage|p1a: Lanturn|36\/100 brn|[from] brn\n|upkeep\n|turn|70\n|\n|t:|1667315656\n|switch|p2a: Slowking|Slowking-Galar, F|100\/100\n|move|p1a: Lanturn|Scald|p2a: Slowking\n|-damage|p2a: Slowking|82\/100\n|-status|p2a: Slowking|brn\n|\n|-heal|p1a: Lanturn|42\/100 brn|[from] item: Leftovers\n|-damage|p1a: Lanturn|36\/100 brn|[from] brn\n|-damage|p2a: Slowking|76\/100 brn|[from] brn\n|upkeep\n|turn|71\n|\n|t:|1667315663\n|move|p1a: Lanturn|Scald|p2a: Slowking\n|-damage|p2a: Slowking|59\/100 brn\n|move|p2a: Slowking|Sludge Bomb|p1a: Lanturn\n|-damage|p1a: Lanturn|15\/100 brn\n|\n|-heal|p1a: Lanturn|21\/100 brn|[from] item: Leftovers\n|-damage|p1a: Lanturn|15\/100 brn|[from] brn\n|-damage|p2a: Slowking|53\/100 brn|[from] brn\n|upkeep\n|turn|72\n|\n|t:|1667315667\n|move|p1a: Lanturn|Scald|p2a: Slowking\n|-damage|p2a: Slowking|37\/100 brn\n|move|p2a: Slowking|Psyshock|p1a: Lanturn\n|-damage|p1a: Lanturn|0 fnt\n|faint|p1a: Lanturn\n|\n|-damage|p2a: Slowking|31\/100 brn|[from] brn\n|upkeep\n|\n|t:|1667315677\n|switch|p1a: Kartana|Kartana|39\/100\n|-damage|p1a: Kartana|33\/100|[from] Stealth Rock\n|turn|73\n|\n|t:|1667315690\n|switch|p2a: Buzzwole|Buzzwole|49\/100 tox\n|-damage|p2a: Buzzwole|37\/100 tox|[from] Stealth Rock\n|move|p1a: Kartana|Knock Off|p2a: Buzzwole\n|-resisted|p2a: Buzzwole\n|-damage|p2a: Buzzwole|28\/100 tox\n|-damage|p1a: Kartana|23\/100|[from] item: Life Orb\n|\n|-damage|p2a: Buzzwole|22\/100 tox|[from] psn\n|upkeep\n|turn|74\n|\n|t:|1667315700\n|switch|p1a: Corviknight|Corviknight, M|79\/100\n|-damage|p1a: Corviknight|66\/100|[from] Stealth Rock\n|-ability|p1a: Corviknight|Pressure\n|move|p2a: Buzzwole|Roost|p2a: Buzzwole\n|-heal|p2a: Buzzwole|72\/100 tox\n|-singleturn|p2a: Buzzwole|move: Roost\n|\n|-damage|p2a: Buzzwole|60\/100 tox|[from] psn\n|upkeep\n|turn|75\n|\n|t:|1667315707\n|move|p2a: Buzzwole|Close Combat|p1a: Corviknight\n|-crit|p1a: Corviknight\n|-damage|p1a: Corviknight|5\/100\n|-unboost|p2a: Buzzwole|def|1\n|-unboost|p2a: Buzzwole|spd|1\n|move|p1a: Corviknight|Defog|p2a: Buzzwole\n|-unboost|p2a: Buzzwole|evasion|1\n|-sideend|p2: testingdriverio|Stealth Rock|[from] move: Defog|[of] p1a: Corviknight\n|-sideend|p1: YaBoiBigT|Stealth Rock|[from] move: Defog|[of] p1a: Corviknight\n|\n|-damage|p2a: Buzzwole|41\/100 tox|[from] psn\n|upkeep\n|turn|76\n|\n|t:|1667315718\n|move|p2a: Buzzwole|Ice Punch|p1a: Corviknight\n|-damage|p1a: Corviknight|0 fnt\n|faint|p1a: Corviknight\n|-ability|p2a: Buzzwole|Beast Boost|boost\n|-boost|p2a: Buzzwole|atk|1\n|\n|-damage|p2a: Buzzwole|17\/100 tox|[from] psn\n|upkeep\n|j| cypherstest\n|\n|t:|1667315729\n|switch|p1a: Urshifu|Urshifu-Rapid-Strike, F|10\/100\n|turn|77\n|\n|t:|1667315739\n|move|p1a: Urshifu|U-turn|p2a: Buzzwole\n|-resisted|p2a: Buzzwole\n|-damage|p2a: Buzzwole|4\/100 tox\n|\n|t:|1667315742\n|switch|p1a: Landorus|Landorus-Therian, M|35\/100|[from]move: U-turn\n|-ability|p1a: Landorus|Intimidate|boost\n|-unboost|p2a: Buzzwole|atk|1\n|move|p2a: Buzzwole|Leech Life|p1a: Landorus\n|-resisted|p1a: Landorus\n|-damage|p1a: Landorus|18\/100\n|-heal|p2a: Buzzwole|13\/100 tox|[from] drain|[of] p1a: Landorus\n|\n|-heal|p1a: Landorus|24\/100|[from] item: Leftovers\n|-damage|p2a: Buzzwole|0 fnt|[from] psn\n|faint|p2a: Buzzwole\n|upkeep\n|\n|t:|1667315747\n|switch|p2a: Weavile|Weavile, F|30\/100\n|-ability|p2a: Weavile|Pressure\n|turn|78\n|j| daddy max\n|\n|t:|1667315753\n|move|p2a: Weavile|Ice Shard|p1a: Landorus\n|-supereffective|p1a: Landorus\n|-damage|p1a: Landorus|0 fnt\n|faint|p1a: Landorus\n|\n|upkeep\n|\n|t:|1667315755\n|switch|p1a: Urshifu|Urshifu-Rapid-Strike, F|10\/100\n|turn|79\n|\n|t:|1667315767\n|switch|p2a: Rotom|Rotom-Wash|58\/100\n|move|p1a: Urshifu|U-turn|p2a: Rotom\n|-damage|p2a: Rotom|30\/100\n|\n|t:|1667315772\n|switch|p1a: Kartana|Kartana|23\/100|[from]move: U-turn\n|\n|upkeep\n|turn|80\n|l| cypherstest\n|\n|t:|1667315780\n|switch|p2a: Slowking|Slowking-Galar, F|64\/100 brn\n|move|p1a: Kartana|Leaf Blade|p2a: Slowking\n|-resisted|p2a: Slowking\n|-damage|p2a: Slowking|42\/100 brn\n|-damage|p1a: Kartana|13\/100|[from] item: Life Orb\n|\n|-damage|p2a: Slowking|36\/100 brn|[from] brn\n|upkeep\n|turn|81\n|c|\u2606YaBoiBigT|gg\n|\n|t:|1667315790\n|move|p1a: Kartana|Knock Off|p2a: Slowking\n|-supereffective|p2a: Slowking\n|-damage|p2a: Slowking|0 fnt\n|-enditem|p2a: Slowking|Heavy-Duty Boots|[from] move: Knock Off|[of] p1a: Kartana\n|faint|p2a: Slowking\n|-ability|p1a: Kartana|Beast Boost|boost\n|-boost|p1a: Kartana|spe|1\n|-damage|p1a: Kartana|3\/100|[from] item: Life Orb\n|\n|upkeep\n|\n|t:|1667315794\n|switch|p2a: Weavile|Weavile, F|30\/100\n|-ability|p2a: Weavile|Pressure\n|turn|82\n|\n|t:|1667315796\n|move|p2a: Weavile|Ice Shard|p1a: Kartana\n|-damage|p1a: Kartana|0 fnt\n|faint|p1a: Kartana\n|\n|upkeep\n|\n|t:|1667315799\n|switch|p1a: Urshifu|Urshifu-Rapid-Strike, F|10\/100\n|turn|83\n|\n|t:|1667315804\n|move|p2a: Weavile|Ice Shard|p1a: Urshifu\n|-resisted|p1a: Urshifu\n|-damage|p1a: Urshifu|0 fnt\n|faint|p1a: Urshifu\n|\n|win|testingdriverio\n|raw|YaBoiBigT's rating: 1804 &rarr; <strong>1789<\/strong><br \/>(-15 for losing)\n|raw|testingdriverio's rating: 1886 &rarr; <strong>1901<\/strong><br \/>(+15 for winning)\n|l|\u2606YaBoiBigT\n|l|\u2606testingdriverio\n|l| oRinNeGa7V1\n|l| daddy max\n||Ladder isn't responding, score probably updated but might not have (Request timeout).\n","uploadtime":1667315879,"views":14,"p1id":"yaboibigt","p2id":"testingdriverio","formatid":"gen8ou","rating":1789,"private":0,"password":null}