{"id":"gen8balancedhackmons-1698117171","p1":"Faygos","p2":"OM~!","format":"gen8balancedhackmons","log":"|j|\u2606Faygos\n|j|\u2606OM~!\n|t:|1667077695\n|gametype|singles\n|player|p1|Faygos|2|\n|player|p2|OM~!|#om|\n|teamsize|p1|6\n|teamsize|p2|6\n|gen|8\n|tier|[Gen 8] Balanced Hackmons\n|rule|OHKO Clause: OHKO moves are banned\n|rule|Evasion Moves Clause: Evasion moves are banned\n|rule|Forme Clause: Limit one of each forme of a Pok\u00e9mon\n|rule|HP Percentage Mod: HP is shown in percentages\n|rule|Dynamax Clause: You cannot dynamax\n|rule|Sleep Clause: Sleep-inducing moves are banned\n|rule|Endless Battle Clause: Forcing endless battles is banned\n|clearpoke\n|poke|p1|Ho-Oh|\n|poke|p1|Lunala|\n|poke|p1|Zamazenta-Crowned|\n|poke|p1|Xerneas-*|\n|poke|p1|Yveltal|\n|poke|p1|Dialga|\n|poke|p2|Xerneas-*|\n|poke|p2|Regigigas|\n|poke|p2|Eternatus|\n|poke|p2|Chansey, F|\n|poke|p2|Ho-Oh|\n|poke|p2|Giratina|\n|teampreview\n|inactive|Battle timer is ON: inactive players will automatically lose when time's up. (requested by Faygos)\n|c|\u2606Faygos|\/log Faygos made this room public.\n|inactive|Faygos has 270 seconds left.\n|j| derpyboi\n|inactive|Faygos has 240 seconds left.\n|j| MickeyMouseTier\n|\n|t:|1667077771\n|start\n|switch|p1a: Zamazenta|Zamazenta-Crowned|100\/100\n|switch|p2a: Chansey|Chansey, F|100\/100\n|-weather|PrimordialSea|[from] ability: Primordial Sea|[of] p1a: Zamazenta\n|-transform|p2a: Chansey|p1a: Zamazenta|[from] ability: Imposter\n|turn|1\n|inactive|OM~! has 270 seconds left.\n|\n|t:|1667077804\n|move|p2a: Chansey|Fishious Rend|p1a: Zamazenta\n|-damage|p1a: Zamazenta|49\/100\n|move|p1a: Zamazenta|Thunderous Kick|p2a: Chansey\n|-supereffective|p2a: Chansey\n|-damage|p2a: Chansey|80\/100\n|-unboost|p2a: Chansey|def|1\n|\n|-weather|PrimordialSea|[upkeep]\n|upkeep\n|turn|2\n|inactive|OM~! has 270 seconds left.\n|\n|t:|1667077828\n|switch|p1a: Dialga|Dialga|100\/100\n|move|p2a: Chansey|Thunderous Kick|p1a: Dialga\n|-supereffective|p1a: Dialga\n|-damage|p1a: Dialga|39\/100\n|-unboost|p1a: Dialga|def|1\n|\n|-weather|PrimordialSea|[upkeep]\n|upkeep\n|turn|3\n|\n|t:|1667077837\n|switch|p1a: Ho-Oh|Ho-Oh|100\/100\n|-weather|DesolateLand|[from] ability: Desolate Land|[of] p1a: Ho-Oh\n|move|p2a: Chansey|Fishious Rend||[still]\n|-fail|p2a: Chansey|Fishious Rend|[from] Desolate Land\n|\n|-weather|DesolateLand|[upkeep]\n|upkeep\n|turn|4\n|inactive|Faygos has 270 seconds left.\n|\n|t:|1667077873\n|switch|p2a: Giratina|Giratina|100\/100\n|move|p1a: Ho-Oh|Shift Gear|p1a: Ho-Oh\n|-boost|p1a: Ho-Oh|spe|2\n|-boost|p1a: Ho-Oh|atk|1\n|\n|-weather|DesolateLand|[upkeep]\n|upkeep\n|turn|5\n|inactive|OM~! has 270 seconds left.\n|\n|t:|1667077891\n|move|p1a: Ho-Oh|Glacial Lance|p2a: Giratina\n|-supereffective|p2a: Giratina\n|-damage|p2a: Giratina|39\/100\n|move|p2a: Giratina|Nuzzle|p1a: Ho-Oh\n|-supereffective|p1a: Ho-Oh\n|-damage|p1a: Ho-Oh|91\/100\n|-status|p1a: Ho-Oh|par\n|\n|-weather|DesolateLand|[upkeep]\n|upkeep\n|turn|6\n|\n|t:|1667077900\n|switch|p2a: Chansey|Chansey, F|80\/100\n|-transform|p2a: Chansey|p1a: Ho-Oh|[from] ability: Imposter\n|move|p1a: Ho-Oh|Shift Gear|p1a: Ho-Oh\n|-boost|p1a: Ho-Oh|spe|2\n|-boost|p1a: Ho-Oh|atk|1\n|\n|-weather|DesolateLand|[upkeep]\n|upkeep\n|turn|7\n|\n|t:|1667077907\n|move|p2a: Chansey|Glacial Lance|p1a: Ho-Oh\n|-damage|p1a: Ho-Oh|43\/100 par\n|move|p1a: Ho-Oh|Jungle Healing|p1a: Ho-Oh\n|-heal|p1a: Ho-Oh|68\/100 par\n|-curestatus|p1a: Ho-Oh|par|[msg]\n|\n|-weather|DesolateLand|[upkeep]\n|upkeep\n|turn|8\n|\n|t:|1667077922\n|move|p1a: Ho-Oh|Glacial Lance|p2a: Chansey\n|-crit|p2a: Chansey\n|-damage|p2a: Chansey|40\/100\n|move|p2a: Chansey|Shift Gear|p2a: Chansey\n|-boost|p2a: Chansey|spe|2\n|-boost|p2a: Chansey|atk|1\n|\n|-weather|DesolateLand|[upkeep]\n|upkeep\n|turn|9\n|inactive|Faygos has 270 seconds left.\n|\n|t:|1667077953\n|move|p1a: Ho-Oh|Glacial Lance|p2a: Chansey\n|-damage|p2a: Chansey|14\/100\n|move|p2a: Chansey|Glacial Lance|p1a: Ho-Oh\n|-damage|p1a: Ho-Oh|4\/100\n|\n|-weather|DesolateLand|[upkeep]\n|upkeep\n|turn|10\n|\n|t:|1667077963\n|move|p2a: Chansey|Glacial Lance|p1a: Ho-Oh\n|-damage|p1a: Ho-Oh|0 fnt\n|faint|p1a: Ho-Oh\n|\n|-weather|DesolateLand|[upkeep]\n|upkeep\n|inactive|Faygos has 270 seconds left.\n|\n|t:|1667077987\n|switch|p1a: Yveltal|Yveltal|100\/100\n|turn|11\n|\n|t:|1667077995\n|-weather|none\n|switch|p2a: Regigigas|Regigigas|100\/100\n|move|p1a: Yveltal|Oblivion Wing|p2a: Regigigas\n|-damage|p2a: Regigigas|73\/100\n|\n|-status|p2a: Regigigas|tox|[from] item: Toxic Orb\n|upkeep\n|turn|12\n|inactive|Faygos has 270 seconds left.\n|j| oaklies\n|\n|t:|1667078016\n|move|p2a: Regigigas|Facade|p1a: Yveltal\n|-crit|p1a: Yveltal\n|-damage|p1a: Yveltal|6\/100\n|move|p1a: Yveltal|Nasty Plot|p1a: Yveltal\n|-boost|p1a: Yveltal|spa|2\n|\n|-heal|p2a: Regigigas|85\/100 tox|[from] ability: Poison Heal\n|upkeep\n|turn|13\n|\n|t:|1667078022\n|move|p1a: Yveltal|Oblivion Wing|p2a: Regigigas\n|-damage|p2a: Regigigas|28\/100 tox\n|-heal|p1a: Yveltal|45\/100|[from] drain|[of] p2a: Regigigas\n|move|p2a: Regigigas|Facade|p1a: Yveltal\n|-damage|p1a: Yveltal|0 fnt\n|faint|p1a: Yveltal\n|\n|-heal|p2a: Regigigas|40\/100 tox|[from] ability: Poison Heal\n|upkeep\n|c|\u2606OM~!|srry about crit\n|c|\u2606Faygos|its ok i dont understand this tier\n|c| derpyboi|LOL\n|c|\u2606OM~!|cate\n|\n|t:|1667078042\n|switch|p1a: Zamazenta|Zamazenta-Crowned|49\/100\n|-weather|PrimordialSea|[from] ability: Primordial Sea|[of] p1a: Zamazenta\n|turn|14\n|\n|t:|1667078053\n|switch|p2a: Giratina|Giratina|39\/100\n|move|p1a: Zamazenta|Roost|p1a: Zamazenta\n|-heal|p1a: Zamazenta|99\/100\n|-singleturn|p1a: Zamazenta|move: Roost\n|\n|-weather|PrimordialSea|[upkeep]\n|upkeep\n|turn|15\n|\n|t:|1667078064\n|-weather|none\n|switch|p1a: Xerneas|Xerneas|100\/100\n|move|p2a: Giratina|Roost|p2a: Giratina\n|-heal|p2a: Giratina|89\/100\n|-singleturn|p2a: Giratina|move: Roost\n|\n|upkeep\n|turn|16\n|\n|t:|1667078071\n|switch|p2a: Ho-Oh|Ho-Oh|100\/100\n|move|p1a: Xerneas|Boomburst|p2a: Ho-Oh\n|-resisted|p2a: Ho-Oh\n|-damage|p2a: Ho-Oh|75\/100\n|\n|upkeep\n|turn|17\n|\n|t:|1667078076\n|switch|p1a: Zamazenta|Zamazenta-Crowned|99\/100\n|-weather|PrimordialSea|[from] ability: Primordial Sea|[of] p1a: Zamazenta\n|move|p2a: Ho-Oh|Fire Lash||[still]\n|-fail|p2a: Ho-Oh|Fire Lash|[from] Primordial Sea\n|\n|-weather|PrimordialSea|[upkeep]\n|upkeep\n|turn|18\n|\n|t:|1667078080\n|-weather|none\n|switch|p1a: Xerneas|Xerneas|100\/100\n|switch|p2a: Giratina|Giratina|89\/100\n|\n|upkeep\n|turn|19\n|\n|t:|1667078096\n|switch|p2a: Ho-Oh|Ho-Oh|75\/100\n|move|p1a: Xerneas|Boomburst|p2a: Ho-Oh\n|-resisted|p2a: Ho-Oh\n|-damage|p2a: Ho-Oh|51\/100\n|\n|upkeep\n|turn|20\n|\n|t:|1667078103\n|switch|p1a: Zamazenta|Zamazenta-Crowned|99\/100\n|-weather|PrimordialSea|[from] ability: Primordial Sea|[of] p1a: Zamazenta\n|move|p2a: Ho-Oh|Soft-Boiled|p2a: Ho-Oh\n|-heal|p2a: Ho-Oh|100\/100\n|\n|-weather|PrimordialSea|[upkeep]\n|upkeep\n|turn|21\n|\n|t:|1667078107\n|-weather|none\n|switch|p1a: Lunala|Lunala|100\/100\n|switch|p2a: Giratina|Giratina|89\/100\n|\n|upkeep\n|turn|22\n|\n|t:|1667078118\n|switch|p2a: Regigigas|Regigigas|40\/100 tox\n|move|p1a: Lunala|No Retreat|p1a: Lunala\n|-boost|p1a: Lunala|atk|2\n|-boost|p1a: Lunala|def|2\n|-boost|p1a: Lunala|spa|2\n|-boost|p1a: Lunala|spd|2\n|-boost|p1a: Lunala|spe|2\n|-start|p1a: Lunala|move: No Retreat\n|\n|-heal|p2a: Regigigas|53\/100 tox|[from] ability: Poison Heal\n|upkeep\n|turn|23\n|\n|t:|1667078124\n|move|p1a: Lunala|Stored Power|p2a: Regigigas\n|-damage|p2a: Regigigas|0 fnt\n|faint|p2a: Regigigas\n|\n|upkeep\n|\n|t:|1667078127\n|switch|p2a: Chansey|Chansey, F|14\/100\n|-transform|p2a: Chansey|p1a: Lunala|[from] ability: Imposter\n|turn|24\n|\n|t:|1667078130\n|move|p2a: Chansey|Astral Barrage|p1a: Lunala\n|-supereffective|p1a: Lunala\n|-enditem|p1a: Lunala|Focus Sash\n|-damage|p1a: Lunala|1\/100\n|move|p1a: Lunala|Astral Barrage|p2a: Chansey\n|-supereffective|p2a: Chansey\n|-damage|p2a: Chansey|0 fnt\n|faint|p2a: Chansey\n|\n|upkeep\n|\n|t:|1667078134\n|switch|p2a: Xerneas|Xerneas|100\/100\n|turn|25\n|\n|t:|1667078153\n|switch|p1a: Zamazenta|Zamazenta-Crowned|99\/100\n|-weather|PrimordialSea|[from] ability: Primordial Sea|[of] p1a: Zamazenta\n|move|p2a: Xerneas|Extreme Speed|p1a: Zamazenta\n|-damage|p1a: Zamazenta|70\/100\n|\n|-weather|PrimordialSea|[upkeep]\n|upkeep\n|turn|26\n|\n|t:|1667078160\n|-weather|none\n|switch|p1a: Lunala|Lunala|1\/100\n|switch|p2a: Giratina|Giratina|89\/100\n|\n|upkeep\n|turn|27\n|\n|t:|1667078165\n|switch|p2a: Ho-Oh|Ho-Oh|100\/100\n|move|p1a: Lunala|Astral Barrage|p2a: Ho-Oh\n|-damage|p2a: Ho-Oh|64\/100\n|\n|upkeep\n|turn|28\n|\n|t:|1667078171\n|move|p1a: Lunala|Astral Barrage|p2a: Ho-Oh\n|-damage|p2a: Ho-Oh|30\/100\n|move|p2a: Ho-Oh|Glacial Lance|p1a: Lunala\n|-damage|p1a: Lunala|0 fnt\n|faint|p1a: Lunala\n|\n|upkeep\n|\n|t:|1667078183\n|switch|p1a: Zamazenta|Zamazenta-Crowned|70\/100\n|-weather|PrimordialSea|[from] ability: Primordial Sea|[of] p1a: Zamazenta\n|turn|29\n|\n|t:|1667078191\n|-weather|none\n|switch|p1a: Xerneas|Xerneas|100\/100\n|switch|p2a: Giratina|Giratina|89\/100\n|\n|upkeep\n|turn|30\n|\n|t:|1667078198\n|move|p1a: Xerneas|Boomburst|p2a: Giratina\n|-supereffective|p2a: Giratina\n|-damage|p2a: Giratina|0 fnt\n|faint|p2a: Giratina\n|\n|upkeep\n|\n|t:|1667078200\n|switch|p2a: Eternatus|Eternatus|100\/100\n|turn|31\n|\n|t:|1667078206\n|switch|p1a: Dialga|Dialga|72\/100\n|move|p2a: Eternatus|Sludge Bomb|p1a: Dialga\n|-immune|p1a: Dialga\n|\n|upkeep\n|turn|32\n|\n|t:|1667078210\n|move|p2a: Eternatus|Dragon Energy|p1a: Dialga\n|-damage|p1a: Dialga|0 fnt\n|faint|p1a: Dialga\n|\n|upkeep\n|\n|t:|1667078221\n|switch|p1a: Zamazenta|Zamazenta-Crowned|70\/100\n|-weather|PrimordialSea|[from] ability: Primordial Sea|[of] p1a: Zamazenta\n|turn|33\n|\n|t:|1667078225\n|move|p2a: Eternatus|Dragon Energy|p1a: Zamazenta\n|-resisted|p1a: Zamazenta\n|-damage|p1a: Zamazenta|25\/100\n|move|p1a: Zamazenta|Thunderous Kick|p2a: Eternatus\n|-resisted|p2a: Eternatus\n|-damage|p2a: Eternatus|85\/100\n|-unboost|p2a: Eternatus|def|1\n|\n|-weather|PrimordialSea|[upkeep]\n|upkeep\n|turn|34\n|\n|t:|1667078237\n|-weather|none\n|switch|p1a: Xerneas|Xerneas|100\/100\n|move|p2a: Eternatus|Volt Switch|p1a: Xerneas\n|-damage|p1a: Xerneas|81\/100\n|\n|t:|1667078241\n|switch|p2a: Ho-Oh|Ho-Oh|30\/100|[from]move: Volt Switch\n|\n|upkeep\n|turn|35\n|\n|t:|1667078260\n|switch|p1a: Zamazenta|Zamazenta-Crowned|25\/100\n|-weather|PrimordialSea|[from] ability: Primordial Sea|[of] p1a: Zamazenta\n|move|p2a: Ho-Oh|Soft-Boiled|p2a: Ho-Oh\n|-heal|p2a: Ho-Oh|80\/100\n|\n|-weather|PrimordialSea|[upkeep]\n|upkeep\n|turn|36\n|\n|t:|1667078270\n|switch|p2a: Eternatus|Eternatus|85\/100\n|move|p1a: Zamazenta|Roost|p1a: Zamazenta\n|-heal|p1a: Zamazenta|75\/100\n|-singleturn|p1a: Zamazenta|move: Roost\n|\n|-weather|PrimordialSea|[upkeep]\n|upkeep\n|turn|37\n|\n|t:|1667078279\n|move|p2a: Eternatus|Strength Sap|p1a: Zamazenta\n|-unboost|p1a: Zamazenta|atk|1\n|-heal|p2a: Eternatus|100\/100\n|move|p1a: Zamazenta|Fishious Rend|p2a: Eternatus\n|-resisted|p2a: Eternatus\n|-damage|p2a: Eternatus|90\/100\n|\n|-weather|PrimordialSea|[upkeep]\n|upkeep\n|turn|38\n|\n|t:|1667078285\n|move|p2a: Eternatus|Dragon Energy|p1a: Zamazenta\n|-resisted|p1a: Zamazenta\n|-damage|p1a: Zamazenta|39\/100\n|move|p1a: Zamazenta|Roost|p1a: Zamazenta\n|-heal|p1a: Zamazenta|89\/100\n|-singleturn|p1a: Zamazenta|move: Roost\n|\n|-weather|PrimordialSea|[upkeep]\n|upkeep\n|turn|39\n|\n|t:|1667078289\n|move|p2a: Eternatus|Strength Sap|p1a: Zamazenta\n|-unboost|p1a: Zamazenta|atk|1\n|-heal|p2a: Eternatus|100\/100\n|move|p1a: Zamazenta|Thunderous Kick|p2a: Eternatus\n|-resisted|p2a: Eternatus\n|-damage|p2a: Eternatus|93\/100\n|-unboost|p2a: Eternatus|def|1\n|\n|-weather|PrimordialSea|[upkeep]\n|upkeep\n|turn|40\n|\n|t:|1667078296\n|move|p2a: Eternatus|Volt Switch|p1a: Zamazenta\n|-crit|p1a: Zamazenta\n|-damage|p1a: Zamazenta|64\/100\n|\n|t:|1667078298\n|switch|p2a: Xerneas|Xerneas|100\/100|[from]move: Volt Switch\n|move|p1a: Zamazenta|Roost|p1a: Zamazenta\n|-heal|p1a: Zamazenta|100\/100\n|-singleturn|p1a: Zamazenta|move: Roost\n|\n|-weather|PrimordialSea|[upkeep]\n|upkeep\n|turn|41\n|\n|t:|1667078310\n|move|p1a: Zamazenta|Thunderous Kick|p2a: Xerneas\n|-resisted|p2a: Xerneas\n|-damage|p2a: Xerneas|93\/100\n|-unboost|p2a: Xerneas|def|1\n|move|p2a: Xerneas|Boomburst|p1a: Zamazenta\n|-damage|p1a: Zamazenta|17\/100\n|\n|-weather|PrimordialSea|[upkeep]\n|upkeep\n|turn|42\n|\n|t:|1667078317\n|move|p1a: Zamazenta|Fishious Rend|p2a: Xerneas\n|-damage|p2a: Xerneas|48\/100\n|move|p2a: Xerneas|Boomburst|p1a: Zamazenta\n|-damage|p1a: Zamazenta|0 fnt\n|faint|p1a: Zamazenta\n|-weather|none\n|\n|upkeep\n|\n|t:|1667078319\n|switch|p1a: Xerneas|Xerneas|81\/100\n|turn|43\n|\n|t:|1667078322\n|switch|p2a: Ho-Oh|Ho-Oh|80\/100\n|move|p1a: Xerneas|Boomburst|p2a: Ho-Oh\n|-resisted|p2a: Ho-Oh\n|-damage|p2a: Ho-Oh|54\/100\n|\n|upkeep\n|turn|44\n|\n|t:|1667078324\n|move|p1a: Xerneas|Boomburst|p2a: Ho-Oh\n|-resisted|p2a: Ho-Oh\n|-damage|p2a: Ho-Oh|29\/100\n|move|p2a: Ho-Oh|Soft-Boiled|p2a: Ho-Oh\n|-heal|p2a: Ho-Oh|79\/100\n|\n|upkeep\n|turn|45\n|\n|t:|1667078326\n|move|p1a: Xerneas|Boomburst|p2a: Ho-Oh\n|-resisted|p2a: Ho-Oh\n|-damage|p2a: Ho-Oh|54\/100\n|move|p2a: Ho-Oh|Soft-Boiled|p2a: Ho-Oh\n|-heal|p2a: Ho-Oh|100\/100\n|\n|upkeep\n|turn|46\n|\n|t:|1667078328\n|move|p1a: Xerneas|Boomburst|p2a: Ho-Oh\n|-resisted|p2a: Ho-Oh\n|-damage|p2a: Ho-Oh|76\/100\n|move|p2a: Ho-Oh|Fire Lash|p1a: Xerneas\n|-damage|p1a: Xerneas|54\/100\n|-unboost|p1a: Xerneas|def|1\n|\n|upkeep\n|turn|47\n|\n|t:|1667078330\n|move|p1a: Xerneas|Boomburst|p2a: Ho-Oh\n|-resisted|p2a: Ho-Oh\n|-damage|p2a: Ho-Oh|50\/100\n|move|p2a: Ho-Oh|Fire Lash|p1a: Xerneas\n|-damage|p1a: Xerneas|14\/100\n|-unboost|p1a: Xerneas|def|1\n|\n|upkeep\n|turn|48\n|\n|t:|1667078332\n|move|p1a: Xerneas|Boomburst|p2a: Ho-Oh\n|-resisted|p2a: Ho-Oh\n|-damage|p2a: Ho-Oh|27\/100\n|move|p2a: Ho-Oh|Soft-Boiled|p2a: Ho-Oh\n|-heal|p2a: Ho-Oh|77\/100\n|\n|upkeep\n|turn|49\n|\n|t:|1667078334\n|move|p1a: Xerneas|Boomburst|p2a: Ho-Oh\n|-resisted|p2a: Ho-Oh\n|-damage|p2a: Ho-Oh|53\/100\n|move|p2a: Ho-Oh|Soft-Boiled|p2a: Ho-Oh\n|-heal|p2a: Ho-Oh|100\/100\n|\n|upkeep\n|turn|50\n|\n|t:|1667078337\n|move|p1a: Xerneas|Boomburst|p2a: Ho-Oh\n|-resisted|p2a: Ho-Oh\n|-damage|p2a: Ho-Oh|77\/100\n|move|p2a: Ho-Oh|Fire Lash|p1a: Xerneas\n|-damage|p1a: Xerneas|0 fnt\n|faint|p1a: Xerneas\n|\n|win|OM~!\n|c|\u2606OM~!|gg\n|c|\u2606Faygos|gg\n|l|\u2606Faygos\n|l|\u2606OM~!\n|j|\u2606Faygos\n|player|p1|Faygos|2\n|j|\u2606OM~!\n|player|p2|OM~!|#om\n|j| spookyedgedsword\n|l| spookyedgedsword\n|l|\u2606Faygos\n|player|p1|\n|l| MickeyMouseTier\n|l| oaklies\n|l| derpyboi\n","uploadtime":1667078955,"views":35,"p1id":"faygos","p2id":"om","formatid":"gen8balancedhackmons","rating":0,"private":0,"password":null}