{"id":"gen8cap-1685845764","p1":"Gaboswampert","p2":"LoSconosciuto","format":"gen8cap","log":"|j|\u2606Gaboswampert\n|j|\u2606LoSconosciuto\n|t:|1665775156\n|gametype|singles\n|player|p1|Gaboswampert|grimsley-gen7|\n|player|p2|LoSconosciuto|#teamgapdos|\n|teamsize|p1|6\n|teamsize|p2|6\n|gen|8\n|tier|[Gen 8] CAP\n|rule|Sleep Clause Mod: Limit one foe put to sleep\n|rule|Species Clause: Limit one of each Pok\u00e9mon\n|rule|OHKO Clause: OHKO moves are banned\n|rule|Evasion Items Clause: Evasion items are banned\n|rule|Evasion Moves Clause: Evasion moves are banned\n|rule|Endless Battle Clause: Forcing endless battles is banned\n|rule|HP Percentage Mod: HP is shown in percentages\n|rule|Dynamax Clause: You cannot dynamax\n|clearpoke\n|poke|p1|Ninetales-Alola, M|\n|poke|p1|Cawmodore, M|\n|poke|p1|Fidgit, F|\n|poke|p1|Moltres|\n|poke|p1|Melmetal|\n|poke|p1|Dragapult, F|\n|poke|p2|Regieleki|\n|poke|p2|Zapdos-Galar|\n|poke|p2|Kartana|\n|poke|p2|Landorus-Therian, M|\n|poke|p2|Slowbro, M|\n|poke|p2|Astrolotl, M|\n|teampreview\n|inactive|Battle timer is ON: inactive players will automatically lose when time's up. (requested by LoSconosciuto)\n|c|\u2606Gaboswampert|Glhf!\n|j| MOHAMEDALL\n|j| giove97\n|c|\u2606LoSconosciuto|hf\n|j| acefly\n|j| waffle2O22\n|l| acefly\n|j| Canova\n|inactive|Gaboswampert has 270 seconds left.\n|inactive|LoSconosciuto has 270 seconds left.\n|j| Figull400\n|inactive|Gaboswampert has 240 seconds left.\n|\n|t:|1665775223\n|start\n|switch|p1a: Auroracanth|Ninetales-Alola, M|100\/100\n|switch|p2a: Viktor|Astrolotl, M|100\/100\n|-weather|Hail|[from] ability: Snow Warning|[of] p1a: Auroracanth\n|turn|1\n|l| waffle2O22\n|\n|t:|1665775239\n|move|p2a: Viktor|Flare Blitz|p1a: Auroracanth\n|-supereffective|p1a: Auroracanth\n|-crit|p1a: Auroracanth\n|-damage|p1a: Auroracanth|0 fnt\n|faint|p1a: Auroracanth\n|-damage|p2a: Viktor|68\/100|[from] Recoil\n|\n|-weather|Hail|[upkeep]\n|-damage|p2a: Viktor|62\/100|[from] Hail\n|upkeep\n|j| waffle2O22\n|inactive|Gaboswampert has 270 seconds left.\n|\n|t:|1665775260\n|switch|p1a: Aknosom|Moltres|100\/100\n|turn|2\n|inactive|Gaboswampert has 270 seconds left.\n|inactive|LoSconosciuto has 270 seconds left.\n|\n|t:|1665775317\n|switch|p2a: Singed|Slowbro, M|100\/100\n|move|p1a: Aknosom|Scorching Sands|p2a: Singed\n|-damage|p2a: Singed|77\/100\n|-status|p2a: Singed|brn\n|\n|-weather|Hail|[upkeep]\n|-damage|p1a: Aknosom|94\/100|[from] Hail\n|-damage|p2a: Singed|70\/100 brn|[from] Hail\n|-damage|p2a: Singed|64\/100 brn|[from] brn\n|upkeep\n|turn|3\n|inactive|Gaboswampert has 240 seconds left.\n|\n|t:|1665775371\n|move|p1a: Aknosom|U-turn|p2a: Singed\n|-supereffective|p2a: Singed\n|-damage|p2a: Singed|49\/100 brn\n|\n|t:|1665775378\n|switch|p1a: Daimyo|Fidgit, F, shiny|100\/100|[from]move: U-turn\n|move|p2a: Singed|Teleport|p2a: Singed\n|inactive|LoSconosciuto has 240 seconds left.\n|j| paolode99\n|\n|t:|1665775415\n|switch|p2a: Vander|Landorus-Therian, M|100\/100|[from]move: Teleport\n|-ability|p2a: Vander|Intimidate|boost\n|-unboost|p1a: Daimyo|atk|1\n|\n|-weather|Hail|[upkeep]\n|-damage|p1a: Daimyo|94\/100|[from] Hail\n|-damage|p2a: Vander|94\/100|[from] Hail\n|-heal|p2a: Vander|100\/100|[from] item: Leftovers\n|upkeep\n|turn|4\n|\n|t:|1665775427\n|move|p1a: Daimyo|Tailwind|p1a: Daimyo\n|-activate|p1a: Daimyo|ability: Persistent|Tailwind\n|-sidestart|p1: Gaboswampert|move: Tailwind\n|move|p2a: Vander|Stealth Rock|p1a: Daimyo\n|-sidestart|p1: Gaboswampert|move: Stealth Rock\n|\n|-weather|Hail|[upkeep]\n|-damage|p1a: Daimyo|88\/100|[from] Hail\n|-damage|p2a: Vander|94\/100|[from] Hail\n|-heal|p2a: Vander|100\/100|[from] item: Leftovers\n|upkeep\n|turn|5\n|inactive|LoSconosciuto has 210 seconds left.\n|\n|t:|1665775451\n|move|p1a: Daimyo|Stealth Rock|p2a: Vander\n|-sidestart|p2: LoSconosciuto|move: Stealth Rock\n|move|p2a: Vander|U-turn|p1a: Daimyo\n|-resisted|p1a: Daimyo\n|-damage|p1a: Daimyo|79\/100\n|inactive|LoSconosciuto has 210 seconds left.\n|\n|t:|1665775464\n|switch|p2a: Singed|Slowbro, M|82\/100 brn|[from]move: U-turn\n|-damage|p2a: Singed|69\/100 brn|[from] Stealth Rock\n|\n|-weather|none\n|-damage|p2a: Singed|63\/100 brn|[from] brn\n|upkeep\n|turn|6\n|inactive|LoSconosciuto has 210 seconds left.\n|\n|t:|1665775487\n|move|p1a: Daimyo|Rapid Spin|p2a: Singed\n|-damage|p2a: Singed|60\/100 brn\n|-boost|p1a: Daimyo|spe|1\n|-sideend|p1: Gaboswampert|Stealth Rock|[from] move: Rapid Spin|[of] p1a: Daimyo\n|move|p2a: Singed|Teleport|p2a: Singed\n|inactive|LoSconosciuto has 210 seconds left.\n|\n|t:|1665775496\n|switch|p2a: Vander|Landorus-Therian, M|100\/100|[from]move: Teleport\n|-damage|p2a: Vander|88\/100|[from] Stealth Rock\n|-ability|p2a: Vander|Intimidate|boost\n|-unboost|p1a: Daimyo|atk|1\n|\n|-heal|p2a: Vander|94\/100|[from] item: Leftovers\n|upkeep\n|turn|7\n|\n|t:|1665775506\n|move|p1a: Daimyo|U-turn|p2a: Vander\n|-resisted|p2a: Vander\n|-damage|p2a: Vander|91\/100\n|inactive|Gaboswampert has 210 seconds left.\n|\n|t:|1665775534\n|switch|p1a: Bazelgeuse|Cawmodore, M|100\/100|[from]move: U-turn\n|move|p2a: Vander|Earthquake|p1a: Bazelgeuse\n|-immune|p1a: Bazelgeuse\n|\n|-heal|p2a: Vander|97\/100|[from] item: Leftovers\n|upkeep\n|turn|8\n|inactive|Gaboswampert has 210 seconds left.\n|inactive|LoSconosciuto has 210 seconds left.\n|\n|t:|1665775560\n|move|p1a: Bazelgeuse|Belly Drum|p1a: Bazelgeuse\n|-damage|p1a: Bazelgeuse|51\/100\n|-setboost|p1a: Bazelgeuse|atk|6|[from] move: Belly Drum\n|move|p2a: Vander|U-turn|p1a: Bazelgeuse\n|-resisted|p1a: Bazelgeuse\n|-damage|p1a: Bazelgeuse|44\/100\n|-enditem|p1a: Bazelgeuse|Sitrus Berry|[eat]\n|-heal|p1a: Bazelgeuse|69\/100|[from] item: Sitrus Berry\n|j| Magatsu Izanagi\n|inactive|LoSconosciuto has 180 seconds left.\n|inactive|LoSconosciuto has 150 seconds left.\n|\n|t:|1665775631\n|switch|p2a: Jinx|Regieleki|100\/100|[from]move: U-turn\n|\n|upkeep\n|turn|9\n|inactive|Gaboswampert has 210 seconds left.\n|\n|t:|1665775659\n|switch|p2a: Vander|Landorus-Therian, M|97\/100\n|-damage|p2a: Vander|84\/100|[from] Stealth Rock\n|-ability|p2a: Vander|Intimidate|boost\n|-unboost|p1a: Bazelgeuse|atk|1\n|move|p1a: Bazelgeuse|Acrobatics|p2a: Vander\n|-damage|p2a: Vander|0 fnt\n|faint|p2a: Vander\n|\n|-sideend|p1: Gaboswampert|move: Tailwind\n|upkeep\n|\n|t:|1665775667\n|switch|p2a: Viktor|Astrolotl, M|95\/100\n|-damage|p2a: Viktor|70\/100|[from] Stealth Rock\n|turn|10\n|inactive|Gaboswampert has 210 seconds left.\n|inactive|Gaboswampert has 180 seconds left.\n|inactive|Gaboswampert has 150 seconds left.\n|\n|t:|1665775749\n|move|p2a: Viktor|Flare Blitz|p1a: Bazelgeuse\n|-supereffective|p1a: Bazelgeuse\n|-damage|p1a: Bazelgeuse|0 fnt\n|faint|p1a: Bazelgeuse\n|-damage|p2a: Viktor|55\/100|[from] Recoil\n|\n|upkeep\n|\n|t:|1665775764\n|switch|p1a: Aknosom|Moltres|94\/100\n|turn|11\n|\n|t:|1665775792\n|switch|p2a: Jinx|Regieleki|100\/100\n|move|p1a: Aknosom|U-turn|p2a: Jinx\n|-damage|p2a: Jinx|76\/100\n|\n|t:|1665775797\n|switch|p1a: Daimyo|Fidgit, F, shiny|79\/100|[from]move: U-turn\n|\n|upkeep\n|turn|12\n|\n|t:|1665775804\n|move|p2a: Jinx|Rapid Spin|p1a: Daimyo\n|-damage|p1a: Daimyo|71\/100\n|-boost|p2a: Jinx|spe|1\n|-sideend|p2: LoSconosciuto|Stealth Rock|[from] move: Rapid Spin|[of] p2a: Jinx\n|move|p1a: Daimyo|Tailwind|p1a: Daimyo\n|-activate|p1a: Daimyo|ability: Persistent|Tailwind\n|-sidestart|p1: Gaboswampert|move: Tailwind\n|\n|upkeep\n|turn|13\n|\n|t:|1665775815\n|switch|p2a: Singed|Slowbro, M|93\/100 brn\n|move|p1a: Daimyo|Stealth Rock|p2a: Singed\n|-sidestart|p2: LoSconosciuto|move: Stealth Rock\n|\n|-damage|p2a: Singed|87\/100 brn|[from] brn\n|upkeep\n|turn|14\n|\n|t:|1665775829\n|move|p1a: Daimyo|U-turn|p2a: Singed\n|-supereffective|p2a: Singed\n|-damage|p2a: Singed|73\/100 brn\n|\n|t:|1665775843\n|switch|p1a: Kushala Daora|Dragapult, F|100\/100|[from]move: U-turn\n|move|p2a: Singed|Future Sight|p1a: Kushala Daora\n|-start|p2a: Singed|move: Future Sight\n|\n|-damage|p2a: Singed|66\/100 brn|[from] brn\n|upkeep\n|turn|15\n|inactive|Gaboswampert has 120 seconds left.\n|\n|t:|1665775860\n|move|p1a: Kushala Daora|Shadow Ball|p2a: Singed\n|-supereffective|p2a: Singed\n|-damage|p2a: Singed|0 fnt\n|faint|p2a: Singed\n|\n|upkeep\n|inactive|LoSconosciuto has 150 seconds left.\n|\n|t:|1665775890\n|switch|p2a: Vi|Zapdos-Galar|100\/100\n|-damage|p2a: Vi|88\/100|[from] Stealth Rock\n|turn|16\n|\n|t:|1665775896\n|move|p1a: Kushala Daora|Shadow Ball|p2a: Vi\n|-damage|p2a: Vi|24\/100\n|-unboost|p2a: Vi|spd|1\n|-ability|p2a: Vi|Defiant|boost\n|-boost|p2a: Vi|atk|2\n|move|p2a: Vi|Brave Bird|p1a: Kushala Daora\n|-damage|p1a: Kushala Daora|0 fnt\n|faint|p1a: Kushala Daora\n|-damage|p2a: Vi|0 fnt|[from] Recoil\n|faint|p2a: Vi\n|\n|-hint|Future Sight did not hit because the target is fainted.\n|upkeep\n|inactive|Gaboswampert has 120 seconds left.\n|\n|t:|1665775921\n|switch|p1a: Aknosom|Moltres|94\/100\n|switch|p2a: Jinx|Regieleki|76\/100\n|turn|17\n|inactive|Gaboswampert has 120 seconds left.\n|\n|t:|1665775933\n|move|p1a: Aknosom|Scorching Sands|p2a: Jinx\n|-supereffective|p2a: Jinx\n|-damage|p2a: Jinx|0 fnt\n|faint|p2a: Jinx\n|\n|-sideend|p1: Gaboswampert|move: Tailwind\n|upkeep\n|inactive|LoSconosciuto has 120 seconds left.\n|inactive|LoSconosciuto has 90 seconds left.\n|\n|t:|1665775998\n|switch|p2a: Jayce|Kartana|100\/100\n|-damage|p2a: Jayce|94\/100|[from] Stealth Rock\n|turn|18\n|inactive|Gaboswampert has 120 seconds left.\n|\n|t:|1665776020\n|move|p2a: Jayce|Swords Dance|p2a: Jayce\n|-boost|p2a: Jayce|atk|2\n|move|p1a: Aknosom|Fire Blast|p2a: Jayce\n|-supereffective|p2a: Jayce\n|-damage|p2a: Jayce|0 fnt\n|faint|p2a: Jayce\n|\n|upkeep\n|c|\u2606LoSconosciuto|gg\n|-message|LoSconosciuto forfeited.\n|\n|win|Gaboswampert\n|l| giove97\n|c|\u2606Gaboswampert|GGs!\n|l| Figull400\n|j| giove97\n","uploadtime":1665776036,"views":26,"p1id":"gaboswampert","p2id":"losconosciuto","formatid":"gen8cap","rating":0,"private":0,"password":null}