{"id":"gen8ou-1545373724","p1":"Chip Witley","p2":"Skip The Drip","format":"gen8ou","log":"|j|\u2606Chip Witley\n|j|\u2606Skip The Drip\n|t:|1649028022\n|gametype|singles\n|player|p1|Chip Witley|lucas|1724\n|player|p2|Skip The Drip|victor-dojo|1834\n|teamsize|p1|6\n|teamsize|p2|6\n|gen|8\n|tier|[Gen 8] OU\n|rated|\n|rule|Sleep Clause Mod: Limit one foe put to sleep\n|rule|Species Clause: Limit one of each Pok\u00e9mon\n|rule|OHKO Clause: OHKO moves are banned\n|rule|Evasion Moves Clause: Evasion moves are banned\n|rule|Endless Battle Clause: Forcing endless battles is banned\n|rule|HP Percentage Mod: HP is shown in percentages\n|rule|Dynamax Clause: You cannot dynamax\n|clearpoke\n|poke|p1|Regieleki|\n|poke|p1|Landorus-Therian, M|\n|poke|p1|Tapu Koko|\n|poke|p1|Toxapex, F|\n|poke|p1|Corviknight, F|\n|poke|p1|Dragapult, F|\n|poke|p2|Blissey, F|\n|poke|p2|Victini|\n|poke|p2|Mew|\n|poke|p2|Vaporeon, F|\n|poke|p2|Accelgor, F|\n|poke|p2|Clefable, F|\n|teampreview\n|inactive|Battle timer is ON: inactive players will automatically lose when time's up. (requested by Skip The Drip)\n|inactive|Chip Witley has 120 seconds left.\n|\n|t:|1649028066\n|start\n|switch|p1a: Toxapex|Toxapex, F|100\/100\n|switch|p2a: Accelgor|Accelgor, F|100\/100\n|turn|1\n|inactive|Chip Witley has 120 seconds left.\n|\n|t:|1649028112\n|move|p2a: Accelgor|Final Gambit|p1a: Toxapex\n|-damage|p1a: Toxapex|0 fnt\n|faint|p2a: Accelgor\n|faint|p1a: Toxapex\n|\n|upkeep\n|j| Frank Lopez\n|\n|t:|1649028124\n|switch|p2a: Vaporeon|Vaporeon, F|100\/100\n|switch|p1a: Landorus|Landorus-Therian, M|100\/100\n|-ability|p1a: Landorus|Intimidate|boost\n|-unboost|p2a: Vaporeon|atk|1\n|turn|2\n|\n|t:|1649028133\n|move|p2a: Vaporeon|Copycat|p2a: Vaporeon\n|move|p2a: Vaporeon|Final Gambit|p1a: Landorus|[from]move: Copycat\n|-damage|p1a: Landorus|0 fnt\n|faint|p2a: Vaporeon\n|faint|p1a: Landorus\n|\n|upkeep\n|inactive|Chip Witley has 120 seconds left.\n|\n|t:|1649028143\n|switch|p1a: Tapu Koko|Tapu Koko|100\/100\n|switch|p2a: Blissey|Blissey, F|100\/100\n|-fieldstart|move: Electric Terrain|[from] ability: Electric Surge|[of] p1a: Tapu Koko\n|turn|3\n|\n|t:|1649028149\n|move|p1a: Tapu Koko|U-turn|p2a: Blissey\n|-damage|p2a: Blissey|66\/100\n|inactive|Chip Witley has 120 seconds left.\n|\n|t:|1649028175\n|switch|p1a: Dragapult|Dragapult, F|100\/100|[from]move: U-turn\n|move|p2a: Blissey|Thunderbolt|p1a: Dragapult\n|-resisted|p1a: Dragapult\n|-damage|p1a: Dragapult|82\/100\n|\n|upkeep\n|turn|4\n|\n|t:|1649028181\n|switch|p1a: Regieleki|Regieleki|100\/100\n|switch|p2a: Victini|Victini|100\/100\n|\n|upkeep\n|turn|5\n|j| Pinochet a God\n|\n|t:|1649028190\n|move|p1a: Regieleki|Substitute|p1a: Regieleki\n|-start|p1a: Regieleki|Substitute\n|-damage|p1a: Regieleki|76\/100\n|move|p2a: Victini|V-create|p1a: Regieleki\n|-end|p1a: Regieleki|Substitute\n|-unboost|p2a: Victini|spe|1\n|-unboost|p2a: Victini|def|1\n|-unboost|p2a: Victini|spd|1\n|\n|-heal|p1a: Regieleki|82\/100|[from] item: Leftovers\n|upkeep\n|turn|6\n|inactive|Chip Witley has 120 seconds left.\n|\n|t:|1649028206\n|switch|p2a: Blissey|Blissey, F|66\/100\n|move|p1a: Regieleki|Thunder Cage|p2a: Blissey\n|-damage|p2a: Blissey|41\/100\n|-activate|p2a: Blissey|move: Thunder Cage|[of] p1a: Regieleki\n|\n|-heal|p1a: Regieleki|88\/100|[from] item: Leftovers\n|-damage|p2a: Blissey|28\/100|[from] move: Thunder Cage|[partiallytrapped]\n|upkeep\n|turn|7\n|inactive|Chip Witley has 120 seconds left.\n|\n|t:|1649028212\n|move|p1a: Regieleki|Substitute|p1a: Regieleki\n|-start|p1a: Regieleki|Substitute\n|-damage|p1a: Regieleki|63\/100\n|move|p2a: Blissey|Healing Wish|p2a: Blissey\n|faint|p2a: Blissey\n|\n|-heal|p1a: Regieleki|69\/100|[from] item: Leftovers\n|-fieldend|move: Electric Terrain\n|upkeep\n|\n|t:|1649028222\n|switch|p2a: Clefable|Clefable, F|100\/100\n|turn|8\n|\n|t:|1649028232\n|move|p1a: Regieleki|Thunder Cage|p2a: Clefable\n|-damage|p2a: Clefable|55\/100\n|-activate|p2a: Clefable|move: Thunder Cage|[of] p1a: Regieleki\n|move|p2a: Clefable|Cosmic Power|p2a: Clefable\n|-boost|p2a: Clefable|def|1\n|-boost|p2a: Clefable|spd|1\n|\n|-heal|p1a: Regieleki|75\/100|[from] item: Leftovers\n|-heal|p2a: Clefable|61\/100|[from] item: Leftovers\n|upkeep\n|turn|9\n|j| DcMarvelAnimeFan\n|\n|t:|1649028240\n|switch|p1a: Tapu Koko|Tapu Koko|100\/100\n|-fieldstart|move: Electric Terrain|[from] ability: Electric Surge|[of] p1a: Tapu Koko\n|move|p2a: Clefable|Soft-Boiled|p2a: Clefable\n|-heal|p2a: Clefable|100\/100\n|\n|-end|p2a: Clefable|Thunder Cage|[partiallytrapped]|[silent]\n|upkeep\n|turn|10\n|c|\u2606Chip Witley|gg\n|-message|Chip Witley forfeited.\n|\n|win|Skip The Drip\n|raw|Chip Witley's rating: 1724 &rarr; <strong>1710<\/strong><br \/>(-14 for losing)\n|raw|Skip The Drip's rating: 1834 &rarr; <strong>1848<\/strong><br \/>(+14 for winning)\n|l|\u2606Chip Witley\n","uploadtime":1649028250,"views":57,"p1id":"chipwitley","p2id":"skipthedrip","formatid":"gen8ou","rating":1710,"private":0,"password":null}