{"id":"gen8anythinggoes-1693414399","p1":"jushu114514","p2":"aglt5tx sasasasa","format":"gen8anythinggoes","log":"|raw|<div class=\"broadcast-blue\"><strong>This battle is required to be public due to a player having a name starting with 'aglt5tx'.<\/div>\n|j|\u2606jushu114514\n|j|\u2606aglt5tx sasasasa\n|t:|1666603739\n|gametype|singles\n|player|p1|jushu114514|170|1853\n|player|p2|aglt5tx sasasasa|101|1986\n|teamsize|p1|6\n|teamsize|p2|6\n|gen|8\n|tier|[Gen 8] Anything Goes\n|rated|\n|rule|HP Percentage Mod: HP is shown in percentages\n|rule|Endless Battle Clause: Forcing endless battles is banned\n|clearpoke\n|poke|p1|Aerodactyl, M|\n|poke|p1|Butterfree, F|\n|poke|p1|Calyrex-Shadow|\n|poke|p1|Yveltal|\n|poke|p1|Dialga|\n|poke|p1|Kyogre|\n|poke|p2|Kyogre|\n|poke|p2|Ferrothorn, F|\n|poke|p2|Eternatus|\n|poke|p2|Yveltal|\n|poke|p2|Necrozma-Dusk-Mane|\n|poke|p2|Ditto|\n|teampreview\n|inactive|Battle timer is ON: inactive players will automatically lose when time's up. (requested by aglt5tx sasasasa)\n|l|\u2606aglt5tx sasasasa\n|inactive|aglt5tx sasasasa disconnected and has a minute to reconnect!\n|player|p2|\n|j|\u2606aglt5tx sasasasa\n|inactive|aglt5tx sasasasa reconnected and has 135 seconds left.\n|player|p2|aglt5tx sasasasa|101\n|inactive|aglt5tx sasasasa has 120 seconds left.\n|\n|t:|1666603780\n|start\n|switch|p1a: Aerodactyl|Aerodactyl, M|100\/100\n|switch|p2a: Kyogre|Kyogre|100\/100\n|-ability|p1a: Aerodactyl|Pressure\n|-weather|RainDance|[from] ability: Drizzle|[of] p2a: Kyogre\n|turn|1\n|\n|t:|1666603783\n|move|p1a: Aerodactyl|Stealth Rock|p2a: Kyogre\n|-sidestart|p2: aglt5tx sasasasa|move: Stealth Rock\n|move|p2a: Kyogre|Scald|p1a: Aerodactyl\n|-supereffective|p1a: Aerodactyl\n|-enditem|p1a: Aerodactyl|Focus Sash\n|-damage|p1a: Aerodactyl|1\/100\n|\n|-weather|RainDance|[upkeep]\n|upkeep\n|turn|2\n|\n|t:|1666603790\n|switch|p2a: Ferrothorn|Ferrothorn, F|100\/100\n|-damage|p2a: Ferrothorn|94\/100|[from] Stealth Rock\n|move|p1a: Aerodactyl|Rock Tomb|p2a: Ferrothorn\n|-resisted|p2a: Ferrothorn\n|-damage|p2a: Ferrothorn|87\/100\n|-unboost|p2a: Ferrothorn|spe|1\n|\n|-weather|RainDance|[upkeep]\n|-heal|p2a: Ferrothorn|93\/100|[from] item: Leftovers\n|upkeep\n|turn|3\n|\n|t:|1666603793\n|switch|p2a: Ditto|Ditto|100\/100\n|-damage|p2a: Ditto|88\/100|[from] Stealth Rock\n|-transform|p2a: Ditto|p1a: Aerodactyl|[from] ability: Imposter\n|-ability|p2a: Ditto|Pressure\n|move|p1a: Aerodactyl|Taunt|p2a: Ditto\n|-start|p2a: Ditto|move: Taunt\n|\n|-weather|RainDance|[upkeep]\n|upkeep\n|turn|4\n|\n|t:|1666603798\n|move|p2a: Ditto|Rock Tomb|p1a: Aerodactyl\n|-supereffective|p1a: Aerodactyl\n|-damage|p1a: Aerodactyl|0 fnt\n|faint|p1a: Aerodactyl\n|\n|-weather|RainDance|[upkeep]\n|upkeep\n|\n|t:|1666603802\n|switch|p1a: Kyogre|Kyogre|100\/100\n|turn|5\n|\n|t:|1666603805\n|switch|p2a: Eternatus|Eternatus|100\/100\n|-ability|p2a: Eternatus|Pressure\n|move|p1a: Kyogre|Water Spout|p2a: Eternatus\n|-resisted|p2a: Eternatus\n|-damage|p2a: Eternatus|59\/100\n|\n|-weather|none\n|upkeep\n|turn|6\n|\n|t:|1666603809\n|switch|p1a: Butterfree|Butterfree, F|100\/100\n|move|p2a: Eternatus|Recover|p2a: Eternatus\n|-heal|p2a: Eternatus|100\/100\n|\n|upkeep\n|turn|7\n|\n|t:|1666603812\n|move|p2a: Eternatus|Mystical Fire|p1a: Butterfree\n|-supereffective|p1a: Butterfree\n|-damage|p1a: Butterfree|40\/100\n|-unboost|p1a: Butterfree|spa|1\n|move|p1a: Butterfree|Quiver Dance|p1a: Butterfree\n|-boost|p1a: Butterfree|spa|1\n|-boost|p1a: Butterfree|spd|1\n|-boost|p1a: Butterfree|spe|1\n|\n|upkeep\n|turn|8\n|\n|t:|1666603817\n|move|p1a: Butterfree|Substitute|p1a: Butterfree\n|-start|p1a: Butterfree|Substitute\n|-damage|p1a: Butterfree|16\/100\n|move|p2a: Eternatus|Mystical Fire|p1a: Butterfree\n|-supereffective|p1a: Butterfree\n|-end|p1a: Butterfree|Substitute\n|\n|upkeep\n|turn|9\n|\n|t:|1666603821\n|move|p1a: Butterfree|Sleep Powder|p2a: Eternatus\n|-status|p2a: Eternatus|slp|[from] move: Sleep Powder\n|cant|p2a: Eternatus|slp\n|\n|upkeep\n|turn|10\n|\n|t:|1666603823\n|move|p1a: Butterfree|Quiver Dance|p1a: Butterfree\n|-boost|p1a: Butterfree|spa|1\n|-boost|p1a: Butterfree|spd|1\n|-boost|p1a: Butterfree|spe|1\n|cant|p2a: Eternatus|slp\n|\n|upkeep\n|turn|11\n|\n|t:|1666603829\n|move|p1a: Butterfree|Baton Pass|p1a: Butterfree\n|\n|t:|1666603830\n|switch|p1a: Yveltal|Yveltal|100\/100|[from]move: Baton Pass\n|-ability|p1a: Yveltal|Dark Aura\n|-curestatus|p2a: Eternatus|slp|[msg]\n|move|p2a: Eternatus|Dragon Tail|p1a: Yveltal\n|-damage|p1a: Yveltal|85\/100\n|drag|p1a: Dialga|Dialga|100\/100\n|-ability|p1a: Dialga|Pressure\n|\n|upkeep\n|turn|12\n|\n|t:|1666603834\n|move|p2a: Eternatus|Mystical Fire|p1a: Dialga\n|-damage|p1a: Dialga|88\/100\n|-unboost|p1a: Dialga|spa|1\n|move|p1a: Dialga|Dragon Pulse|p2a: Eternatus\n|-supereffective|p2a: Eternatus\n|-damage|p2a: Eternatus|61\/100\n|\n|upkeep\n|turn|13\n|\n|t:|1666603837\n|move|p2a: Eternatus|Mystical Fire|p1a: Dialga\n|-damage|p1a: Dialga|77\/100\n|-unboost|p1a: Dialga|spa|1\n|move|p1a: Dialga|Dragon Pulse|p2a: Eternatus\n|-supereffective|p2a: Eternatus\n|-crit|p2a: Eternatus\n|-damage|p2a: Eternatus|0 fnt\n|faint|p2a: Eternatus\n|\n|upkeep\n|\n|t:|1666603844\n|switch|p2a: Kyogre|Kyogre|100\/100\n|-damage|p2a: Kyogre|88\/100|[from] Stealth Rock\n|-weather|RainDance|[from] ability: Drizzle|[of] p2a: Kyogre\n|turn|14\n|\n|t:|1666603848\n|move|p2a: Kyogre|Block|p1a: Dialga\n|-activate|p1a: Dialga|trapped\n|move|p1a: Dialga|Thunder|p2a: Kyogre\n|-supereffective|p2a: Kyogre\n|-damage|p2a: Kyogre|63\/100\n|\n|-weather|RainDance|[upkeep]\n|-heal|p2a: Kyogre|69\/100|[from] item: Leftovers\n|upkeep\n|turn|15\n|\n|t:|1666603852\n|move|p2a: Kyogre|Calm Mind|p2a: Kyogre\n|-boost|p2a: Kyogre|spa|1\n|-boost|p2a: Kyogre|spd|1\n|move|p1a: Dialga|Thunder|p2a: Kyogre\n|-supereffective|p2a: Kyogre\n|-damage|p2a: Kyogre|51\/100\n|-status|p2a: Kyogre|par\n|\n|-weather|RainDance|[upkeep]\n|-heal|p2a: Kyogre|57\/100 par|[from] item: Leftovers\n|upkeep\n|turn|16\n|\n|t:|1666603855\n|move|p1a: Dialga|Thunder|p2a: Kyogre\n|-supereffective|p2a: Kyogre\n|-damage|p2a: Kyogre|40\/100 par\n|move|p2a: Kyogre|Rest|p2a: Kyogre\n|-status|p2a: Kyogre|slp|[from] move: Rest\n|-heal|p2a: Kyogre|100\/100 slp|[silent]\n|\n|-weather|RainDance|[upkeep]\n|upkeep\n|turn|17\n|\n|t:|1666603858\n|cant|p2a: Kyogre|slp\n|move|p1a: Dialga|Thunder|p2a: Kyogre\n|-supereffective|p2a: Kyogre\n|-damage|p2a: Kyogre|83\/100 slp\n|\n|-weather|RainDance|[upkeep]\n|-heal|p2a: Kyogre|89\/100 slp|[from] item: Leftovers\n|upkeep\n|turn|18\n|\n|t:|1666603859\n|cant|p2a: Kyogre|slp\n|move|p1a: Dialga|Thunder|p2a: Kyogre\n|-supereffective|p2a: Kyogre\n|-damage|p2a: Kyogre|72\/100 slp\n|\n|-weather|none\n|-heal|p2a: Kyogre|78\/100 slp|[from] item: Leftovers\n|upkeep\n|turn|19\n|\n|t:|1666603861\n|-curestatus|p2a: Kyogre|slp|[msg]\n|move|p2a: Kyogre|Calm Mind|p2a: Kyogre\n|-boost|p2a: Kyogre|spa|1\n|-boost|p2a: Kyogre|spd|1\n|move|p1a: Dialga|Flash Cannon|p2a: Kyogre\n|-resisted|p2a: Kyogre\n|-damage|p2a: Kyogre|75\/100\n|\n|-heal|p2a: Kyogre|81\/100|[from] item: Leftovers\n|upkeep\n|turn|20\n|\n|t:|1666603863\n|move|p2a: Kyogre|Calm Mind|p2a: Kyogre\n|-boost|p2a: Kyogre|spa|1\n|-boost|p2a: Kyogre|spd|1\n|move|p1a: Dialga|Flash Cannon|p2a: Kyogre\n|-resisted|p2a: Kyogre\n|-damage|p2a: Kyogre|78\/100\n|-unboost|p2a: Kyogre|spd|1\n|\n|-heal|p2a: Kyogre|84\/100|[from] item: Leftovers\n|upkeep\n|turn|21\n|\n|t:|1666603866\n|move|p2a: Kyogre|Calm Mind|p2a: Kyogre\n|-boost|p2a: Kyogre|spa|1\n|-boost|p2a: Kyogre|spd|1\n|move|p1a: Dialga|Flash Cannon|p2a: Kyogre\n|-resisted|p2a: Kyogre\n|-crit|p2a: Kyogre\n|-damage|p2a: Kyogre|62\/100\n|\n|-heal|p2a: Kyogre|69\/100|[from] item: Leftovers\n|upkeep\n|turn|22\n|\n|t:|1666603868\n|move|p2a: Kyogre|Calm Mind|p2a: Kyogre\n|-boost|p2a: Kyogre|spa|1\n|-boost|p2a: Kyogre|spd|1\n|move|p1a: Dialga|Flash Cannon|p2a: Kyogre\n|-resisted|p2a: Kyogre\n|-damage|p2a: Kyogre|66\/100\n|\n|-heal|p2a: Kyogre|72\/100|[from] item: Leftovers\n|upkeep\n|turn|23\n|\n|t:|1666603869\n|move|p2a: Kyogre|Calm Mind|p2a: Kyogre\n|-boost|p2a: Kyogre|spa|1\n|-boost|p2a: Kyogre|spd|1\n|move|p1a: Dialga|Flash Cannon|p2a: Kyogre\n|-resisted|p2a: Kyogre\n|-damage|p2a: Kyogre|70\/100\n|\n|-heal|p2a: Kyogre|76\/100|[from] item: Leftovers\n|upkeep\n|turn|24\n|\n|t:|1666603872\n|move|p2a: Kyogre|Rest|p2a: Kyogre\n|-status|p2a: Kyogre|slp|[from] move: Rest\n|-heal|p2a: Kyogre|100\/100 slp|[silent]\n|move|p1a: Dialga|Flash Cannon|p2a: Kyogre\n|-resisted|p2a: Kyogre\n|-damage|p2a: Kyogre|98\/100 slp\n|\n|-heal|p2a: Kyogre|100\/100 slp|[from] item: Leftovers\n|upkeep\n|turn|25\n|\n|t:|1666603876\n|cant|p2a: Kyogre|slp\n|move|p1a: Dialga|Flash Cannon|p2a: Kyogre\n|-resisted|p2a: Kyogre\n|-damage|p2a: Kyogre|98\/100 slp\n|\n|-heal|p2a: Kyogre|100\/100 slp|[from] item: Leftovers\n|upkeep\n|turn|26\n|\n|t:|1666603878\n|cant|p2a: Kyogre|slp\n|move|p1a: Dialga|Flash Cannon|p2a: Kyogre\n|-resisted|p2a: Kyogre\n|-damage|p2a: Kyogre|98\/100 slp\n|\n|-heal|p2a: Kyogre|100\/100 slp|[from] item: Leftovers\n|upkeep\n|turn|27\n|\n|t:|1666603880\n|-curestatus|p2a: Kyogre|slp|[msg]\n|move|p2a: Kyogre|Calm Mind|p2a: Kyogre\n|-boost|p2a: Kyogre|spa|0\n|-boost|p2a: Kyogre|spd|1\n|move|p1a: Dialga|Flash Cannon|p2a: Kyogre\n|-resisted|p2a: Kyogre\n|-damage|p2a: Kyogre|99\/100\n|\n|-heal|p2a: Kyogre|100\/100|[from] item: Leftovers\n|upkeep\n|turn|28\n|\n|t:|1666603882\n|move|p2a: Kyogre|Scald|p1a: Dialga\n|-resisted|p1a: Dialga\n|-damage|p1a: Dialga|42\/100\n|move|p1a: Dialga|Flash Cannon|p2a: Kyogre\n|-resisted|p2a: Kyogre\n|-damage|p2a: Kyogre|99\/100\n|\n|-heal|p2a: Kyogre|100\/100|[from] item: Leftovers\n|upkeep\n|turn|29\n|\n|t:|1666603886\n|move|p2a: Kyogre|Scald|p1a: Dialga\n|-resisted|p1a: Dialga\n|-damage|p1a: Dialga|6\/100\n|-status|p1a: Dialga|brn\n|move|p1a: Dialga|Flash Cannon|p2a: Kyogre\n|-resisted|p2a: Kyogre\n|-damage|p2a: Kyogre|99\/100\n|\n|-heal|p2a: Kyogre|100\/100|[from] item: Leftovers\n|-damage|p1a: Dialga|0 fnt|[from] brn\n|faint|p1a: Dialga\n|upkeep\n|\n|t:|1666603888\n|switch|p1a: Butterfree|Butterfree, F|16\/100\n|turn|30\n|\n|t:|1666603891\n|move|p1a: Butterfree|Sleep Powder|p2a: Kyogre\n|-status|p2a: Kyogre|slp|[from] move: Sleep Powder\n|cant|p2a: Kyogre|slp\n|\n|upkeep\n|turn|31\n|\n|t:|1666603894\n|move|p1a: Butterfree|Quiver Dance|p1a: Butterfree\n|-boost|p1a: Butterfree|spa|1\n|-boost|p1a: Butterfree|spd|1\n|-boost|p1a: Butterfree|spe|1\n|cant|p2a: Kyogre|slp\n|\n|upkeep\n|turn|32\n|\n|t:|1666603896\n|move|p1a: Butterfree|Quiver Dance|p1a: Butterfree\n|-boost|p1a: Butterfree|spa|1\n|-boost|p1a: Butterfree|spd|1\n|-boost|p1a: Butterfree|spe|1\n|-curestatus|p2a: Kyogre|slp|[msg]\n|move|p2a: Kyogre|Scald|p1a: Butterfree\n|-damage|p1a: Butterfree|0 fnt\n|faint|p1a: Butterfree\n|\n|upkeep\n|\n|t:|1666603898\n|switch|p1a: Calyrex|Calyrex-Shadow|100\/100\n|-ability|p1a: Calyrex|As One\n|-ability|p1a: Calyrex|Unnerve\n|turn|33\n|\n|t:|1666603903\n|move|p1a: Calyrex|Nasty Plot|p1a: Calyrex\n|-boost|p1a: Calyrex|spa|2\n|move|p2a: Kyogre|Scald|p1a: Calyrex\n|-crit|p1a: Calyrex\n|-enditem|p1a: Calyrex|Focus Sash\n|-damage|p1a: Calyrex|1\/100\n|\n|upkeep\n|turn|34\n|\n|t:|1666603906\n|-start|p2a: Kyogre|Dynamax|\n|-heal|p2a: Kyogre|100\/100|[silent]\n|move|p1a: Calyrex|Psyshock|p2a: Kyogre\n|-damage|p2a: Kyogre|65\/100\n|move|p2a: Kyogre|Max Geyser|p1a: Calyrex\n|-damage|p1a: Calyrex|0 fnt\n|-weather|RainDance\n|faint|p1a: Calyrex\n|\n|-weather|RainDance|[upkeep]\n|-heal|p2a: Kyogre|68\/100|[from] item: Leftovers\n|upkeep\n|-message|jushu114514 forfeited.\n|\n|win|aglt5tx sasasasa\n|raw|jushu114514's rating: 1853 &rarr; <strong>1840<\/strong><br \/>(-13 for losing)\n|raw|aglt5tx sasasasa's rating: 1986 &rarr; <strong>1999<\/strong><br \/>(+13 for winning)\n|l|\u2606jushu114514\n","uploadtime":1666603913,"views":16,"p1id":"jushu114514","p2id":"aglt5txsasasasa","formatid":"gen8anythinggoes","rating":1840,"private":0,"password":null}