{"id":"gen8almostanyability-1462000052","p1":"Heracross2.0","p2":"gostop","format":"gen8almostanyability","log":"|j|\u2606Heracross2.0\n|j|\u2606gostop\n|t:|1638025390\n|gametype|singles\n|player|p1|Heracross2.0|anabel|\n|player|p2|gostop|swimmer-gen4dp|\n|teamsize|p1|6\n|teamsize|p2|6\n|gen|8\n|tier|[Gen 8] Almost Any Ability\n|rule|Species Clause: Limit one of each Pok\u00e9mon\n|rule|2 Ability Clause: Limit two of each ability\n|rule|OHKO Clause: OHKO moves are banned\n|rule|Evasion Moves Clause: Evasion moves are banned\n|rule|HP Percentage Mod: HP is shown in percentages\n|rule|Dynamax Clause: You cannot dynamax\n|rule|Sleep Clause: Sleep-inducing moves are banned\n|rule|Endless Battle Clause: Forcing endless battles is banned\n|clearpoke\n|poke|p1|Slowking, F|\n|poke|p1|Tangrowth, F|\n|poke|p1|Tapu Fini|\n|poke|p1|Toxapex, F|\n|poke|p1|Blissey, F|\n|poke|p1|Jirachi|\n|poke|p2|Corviknight, F|\n|poke|p2|Swampert, F|\n|poke|p2|Blissey, F|\n|poke|p2|Tapu Lele|\n|poke|p2|Barraskewda, M|\n|poke|p2|Zarude-Dada|\n|teampreview\n|inactive|Battle timer is ON: inactive players will automatically lose when time's up. (requested by Heracross2.0)\n|inactive|Heracross2.0 has 270 seconds left.\n|inactive|gostop has 270 seconds left.\n|j| iapt \u263e\n|j| drphdbj\n|c|\u2606Heracross2.0|can you make this public\n|c|\u2606Heracross2.0|thanks\n|inactive|Heracross2.0 has 240 seconds left.\n|inactive|gostop has 240 seconds left.\n|j| ItsChew2\n|c|\u2606gostop|ok can u turn off the timer\uff1f\n|j| JAMKRE\n|j|+Greybaum\n|j| Shing'n Streets\n|inactiveoff|Battle timer is now OFF.\n|c|\u2606gostop|\/log gostop made this room public.\n|c|\u2606gostop|thanks!\n|c| ItsChew2|go Hera go Hera!\n|c| iapt \u263e|go hera!!\n|j| Lasen\n|l| Lasen\n|j| Osake\n|c| JAMKRE|go gostop\uff01\n|j| beauts\n|j| Redflix\n|c| ItsChew2|in reality im South, in my heart im NE\n|\n|t:|1638025515\n|start\n|switch|p1a: Da Pex|Toxapex, F|100\/100\n|switch|p2a: Zarude|Zarude-Dada|100\/100\n|-fieldstart|move: Grassy Terrain|[from] ability: Grassy Surge|[of] p2a: Zarude\n|turn|1\n|j| Ren\n|l| Redflix\n|c| ItsChew2|<3\n|\n|t:|1638025533\n|move|p2a: Zarude|U-turn|p1a: Da Pex\n|-resisted|p1a: Da Pex\n|-damage|p1a: Da Pex|89\/100\n|c| Ren|What heart?\n|j| mudkipbowl\n|c| ItsChew2|the one i stole from ur mom\n|c| mudkipbowl|go hera!!\n|\n|t:|1638025599\n|switch|p2a: Tapu Lele|Tapu Lele|100\/100|[from]move: U-turn\n|move|p1a: Da Pex|Scald|p2a: Tapu Lele\n|-damage|p2a: Tapu Lele|83\/100\n|-status|p2a: Tapu Lele|brn\n|\n|-heal|p2a: Tapu Lele|89\/100 brn|[from] Grassy Terrain\n|-heal|p1a: Da Pex|95\/100|[from] Grassy Terrain\n|-damage|p2a: Tapu Lele|83\/100 brn|[from] brn\n|upkeep\n|turn|2\n|j| PandaDoux\u2665\u2661\u32db\u2605\u2729\n|\n|t:|1638025613\n|switch|p2a: Zarude|Zarude-Dada|100\/100\n|switch|p1a: Slow Your Roll|Slowking, F, shiny|100\/100\n|\n|upkeep\n|turn|3\n|j| UnnerfTalonflame\n|j| Bekaray\n|l| UnnerfTalonflame\n|\n|t:|1638025641\n|switch|p1a: Foots Da Fern|Tangrowth, F|100\/100\n|move|p2a: Zarude|Darkest Lariat|p1a: Foots Da Fern\n|-damage|p1a: Foots Da Fern|67\/100\n|-damage|p2a: Zarude|84\/100|[from] item: Rocky Helmet|[of] p1a: Foots Da Fern\n|\n|-heal|p2a: Zarude|90\/100|[from] Grassy Terrain\n|-heal|p1a: Foots Da Fern|73\/100|[from] Grassy Terrain\n|upkeep\n|turn|4\n|j|+The Number Man\n|l|+The Number Man\n|\n|t:|1638025663\n|switch|p2a: Corviknight|Corviknight, F|100\/100\n|-ability|p2a: Corviknight|Intimidate|boost\n|-unboost|p1a: Foots Da Fern|atk|1\n|move|p1a: Foots Da Fern|Knock Off|p2a: Corviknight\n|-damage|p2a: Corviknight|91\/100\n|-damage|p1a: Foots Da Fern|56\/100|[from] item: Rocky Helmet|[of] p2a: Corviknight\n|-enditem|p2a: Corviknight|Rocky Helmet|[from] move: Knock Off|[of] p1a: Foots Da Fern\n|\n|-heal|p1a: Foots Da Fern|63\/100|[from] Grassy Terrain\n|upkeep\n|turn|5\n|j| zacian clowned\n|j| Tectonicdestroyer\n|j| UnnerfTalonflame\n|\n|t:|1638025675\n|move|p2a: Corviknight|U-turn|p1a: Foots Da Fern\n|-supereffective|p1a: Foots Da Fern\n|-damage|p1a: Foots Da Fern|46\/100\n|-damage|p2a: Corviknight|74\/100|[from] item: Rocky Helmet|[of] p1a: Foots Da Fern\n|l| Tectonicdestroyer\n|j|+Dragonillis\n|\n|t:|1638025684\n|switch|p2a: Zarude|Zarude-Dada|90\/100|[from]move: U-turn\n|move|p1a: Foots Da Fern|Synthesis|p1a: Foots Da Fern\n|-heal|p1a: Foots Da Fern|96\/100\n|\n|-heal|p2a: Zarude|96\/100|[from] Grassy Terrain\n|-heal|p1a: Foots Da Fern|100\/100|[from] Grassy Terrain\n|-fieldend|move: Grassy Terrain\n|upkeep\n|turn|6\n|j| atha\n|l| beauts\n|\n|t:|1638025696\n|move|p2a: Zarude|U-turn|p1a: Foots Da Fern\n|-supereffective|p1a: Foots Da Fern\n|-damage|p1a: Foots Da Fern|61\/100\n|-damage|p2a: Zarude|79\/100|[from] item: Rocky Helmet|[of] p1a: Foots Da Fern\n|l| UnnerfTalonflame\n|\n|t:|1638025719\n|switch|p2a: Corviknight|Corviknight, F|74\/100|[from]move: U-turn\n|-ability|p2a: Corviknight|Intimidate|boost\n|-unboost|p1a: Foots Da Fern|atk|1\n|move|p1a: Foots Da Fern|Leech Seed|p2a: Corviknight\n|-start|p2a: Corviknight|move: Leech Seed\n|\n|-damage|p2a: Corviknight|62\/100|[from] Leech Seed|[of] p1a: Foots Da Fern\n|-heal|p1a: Foots Da Fern|73\/100|[silent]\n|upkeep\n|turn|7\n|j| StitChuu\n|j| beauts\n|\n|t:|1638025727\n|move|p2a: Corviknight|U-turn|p1a: Foots Da Fern\n|-supereffective|p1a: Foots Da Fern\n|-damage|p1a: Foots Da Fern|57\/100\n|-damage|p2a: Corviknight|45\/100|[from] item: Rocky Helmet|[of] p1a: Foots Da Fern\n|j| UnnerfTalonflame\n|l| StitChuu\n|\n|t:|1638025742\n|switch|p2a: Blissey|Blissey, F|100\/100|[from]move: U-turn\n|move|p1a: Foots Da Fern|Knock Off|p2a: Blissey\n|-crit|p2a: Blissey\n|-damage|p2a: Blissey|70\/100\n|-enditem|p2a: Blissey|Heavy-Duty Boots|[from] move: Knock Off|[of] p1a: Foots Da Fern\n|\n|upkeep\n|turn|8\n|l| UnnerfTalonflame\n|\n|t:|1638025753\n|switch|p1a: Make A Wish|Jirachi|100\/100\n|move|p2a: Blissey|Thunder Wave|p1a: Make A Wish\n|-immune|p1a: Make A Wish|[from] ability: Volt Absorb\n|\n|upkeep\n|turn|9\n|j| Starmie 323\n|\n|t:|1638025769\n|switch|p1a: Pure Bliss|Blissey, F|100\/100\n|move|p2a: Blissey|Teleport|p2a: Blissey\n|\n|t:|1638025775\n|switch|p2a: Zarude|Zarude-Dada|79\/100|[from]move: Teleport\n|-fieldstart|move: Grassy Terrain|[from] ability: Grassy Surge|[of] p2a: Zarude\n|\n|-heal|p2a: Zarude|85\/100|[from] Grassy Terrain\n|upkeep\n|turn|10\n|l| Starmie 323\n|\n|t:|1638025787\n|switch|p1a: Da Pex|Toxapex, F|95\/100\n|move|p2a: Zarude|Darkest Lariat|p1a: Da Pex\n|-damage|p1a: Da Pex|55\/100\n|\n|-heal|p2a: Zarude|91\/100|[from] Grassy Terrain\n|-heal|p1a: Da Pex|61\/100|[from] Grassy Terrain\n|upkeep\n|turn|11\n|j| Louna\n|c| ItsChew2|nvm go Gostop,\n|c| ItsChew2|pls win\n|j| UnnerfTalonflame\n|c|\u2606gostop|hard\n|c| ItsChew2|nah u got this!\n|l| Ren\n|l| UnnerfTalonflame\n|c|\u2606gostop|gg actually\n|\n|t:|1638025866\n|switch|p2a: Tapu Lele|Tapu Lele|83\/100 brn\n|move|p1a: Da Pex|Recover|p1a: Da Pex\n|-heal|p1a: Da Pex|100\/100\n|\n|-heal|p2a: Tapu Lele|89\/100 brn|[from] Grassy Terrain\n|-damage|p2a: Tapu Lele|83\/100 brn|[from] brn\n|upkeep\n|turn|12\n|c| ItsChew2|?\n|\n|t:|1638025883\n|switch|p2a: Zarude|Zarude-Dada|91\/100\n|switch|p1a: Make A Wish|Jirachi|100\/100\n|\n|-heal|p2a: Zarude|97\/100|[from] Grassy Terrain\n|upkeep\n|turn|13\n|j| UnnerfTalonflame\n|\n|t:|1638025904\n|move|p1a: Make A Wish|Protect|p1a: Make A Wish\n|-singleturn|p1a: Make A Wish|Protect\n|move|p2a: Zarude|U-turn|p1a: Make A Wish\n|-activate|p1a: Make A Wish|move: Protect\n|\n|-heal|p2a: Zarude|100\/100|[from] Grassy Terrain\n|-fieldend|move: Grassy Terrain\n|upkeep\n|turn|14\n|\n|t:|1638025911\n|move|p2a: Zarude|U-turn|p1a: Make A Wish\n|-damage|p1a: Make A Wish|67\/100\n|\n|t:|1638025938\n|switch|p2a: Corviknight|Corviknight, F|45\/100|[from]move: U-turn\n|-ability|p2a: Corviknight|Intimidate|boost\n|-unboost|p1a: Make A Wish|atk|1\n|move|p1a: Make A Wish|Wish|p1a: Make A Wish\n|\n|-heal|p1a: Make A Wish|73\/100|[from] item: Leftovers\n|upkeep\n|turn|15\n|\n|t:|1638025955\n|switch|p1a: Foots Da Fern|Tangrowth, F|57\/100\n|move|p2a: Corviknight|Roost|p2a: Corviknight\n|-heal|p2a: Corviknight|95\/100\n|-singleturn|p2a: Corviknight|move: Roost\n|\n|-heal|p1a: Foots Da Fern|100\/100|[from] move: Wish|[wisher] Make A Wish\n|upkeep\n|turn|16\n|l| UnnerfTalonflame\n|\n|t:|1638025970\n|move|p2a: Corviknight|U-turn|p1a: Foots Da Fern\n|-supereffective|p1a: Foots Da Fern\n|-damage|p1a: Foots Da Fern|85\/100\n|-damage|p2a: Corviknight|79\/100|[from] item: Rocky Helmet|[of] p1a: Foots Da Fern\n|\n|t:|1638025975\n|switch|p2a: Blissey|Blissey, F|100\/100|[from]move: U-turn\n|move|p1a: Foots Da Fern|Sludge Bomb|p2a: Blissey\n|-damage|p2a: Blissey|91\/100\n|\n|upkeep\n|turn|17\n|\n|t:|1638025981\n|move|p1a: Foots Da Fern|Sludge Bomb|p2a: Blissey\n|-damage|p2a: Blissey|82\/100\n|-status|p2a: Blissey|psn\n|move|p2a: Blissey|Teleport|p2a: Blissey\n|\n|t:|1638025999\n|switch|p2a: Zarude|Zarude-Dada|100\/100|[from]move: Teleport\n|-fieldstart|move: Grassy Terrain|[from] ability: Grassy Surge|[of] p2a: Zarude\n|\n|-heal|p1a: Foots Da Fern|91\/100|[from] Grassy Terrain\n|upkeep\n|turn|18\n|\n|t:|1638026008\n|move|p2a: Zarude|U-turn|p1a: Foots Da Fern\n|-supereffective|p1a: Foots Da Fern\n|-damage|p1a: Foots Da Fern|50\/100\n|-damage|p2a: Zarude|84\/100|[from] item: Rocky Helmet|[of] p1a: Foots Da Fern\n|\n|t:|1638026030\n|switch|p2a: Corviknight|Corviknight, F|79\/100|[from]move: U-turn\n|-ability|p2a: Corviknight|Intimidate|boost\n|-unboost|p1a: Foots Da Fern|atk|1\n|move|p1a: Foots Da Fern|Leech Seed|p2a: Corviknight\n|-start|p2a: Corviknight|move: Leech Seed\n|\n|-heal|p1a: Foots Da Fern|56\/100|[from] Grassy Terrain\n|-damage|p2a: Corviknight|66\/100|[from] Leech Seed|[of] p1a: Foots Da Fern\n|-heal|p1a: Foots Da Fern|69\/100|[silent]\n|upkeep\n|turn|19\n|\n|t:|1638026039\n|move|p2a: Corviknight|U-turn|p1a: Foots Da Fern\n|-supereffective|p1a: Foots Da Fern\n|-damage|p1a: Foots Da Fern|55\/100\n|-damage|p2a: Corviknight|50\/100|[from] item: Rocky Helmet|[of] p1a: Foots Da Fern\n|j| UnnerfTalonflame\n|\n|t:|1638026047\n|switch|p2a: Blissey|Blissey, F|100\/100 psn|[from]move: U-turn\n|move|p1a: Foots Da Fern|Synthesis|p1a: Foots Da Fern\n|-heal|p1a: Foots Da Fern|100\/100\n|\n|-damage|p2a: Blissey|88\/100 psn|[from] psn\n|upkeep\n|turn|20\n|\n|t:|1638026055\n|switch|p1a: Da Pex|Toxapex, F|100\/100\n|move|p2a: Blissey|Teleport|p2a: Blissey\n|\n|t:|1638026059\n|switch|p2a: Tapu Lele|Tapu Lele|83\/100 brn|[from]move: Teleport\n|\n|-heal|p2a: Tapu Lele|89\/100 brn|[from] Grassy Terrain\n|-damage|p2a: Tapu Lele|83\/100 brn|[from] brn\n|upkeep\n|turn|21\n|\n|t:|1638026064\n|switch|p2a: Zarude|Zarude-Dada|84\/100\n|switch|p1a: Make A Wish|Jirachi|73\/100\n|\n|-heal|p2a: Zarude|90\/100|[from] Grassy Terrain\n|-heal|p1a: Make A Wish|79\/100|[from] Grassy Terrain\n|-heal|p1a: Make A Wish|85\/100|[from] item: Leftovers\n|-fieldend|move: Grassy Terrain\n|upkeep\n|turn|22\n|\n|t:|1638026075\n|switch|p2a: Barraskewda|Barraskewda, M|100\/100\n|-weather|PrimordialSea|[from] ability: Primordial Sea|[of] p2a: Barraskewda\n|move|p1a: Make A Wish|Protect||[still]\n|-fail|p1a: Make A Wish\n|\n|-weather|PrimordialSea|[upkeep]\n|-heal|p1a: Make A Wish|91\/100|[from] item: Leftovers\n|upkeep\n|turn|23\n|\n|t:|1638026091\n|move|p1a: Make A Wish|Protect|p1a: Make A Wish\n|-singleturn|p1a: Make A Wish|Protect\n|move|p2a: Barraskewda|Flip Turn|p1a: Make A Wish\n|-activate|p1a: Make A Wish|move: Protect\n|\n|-weather|PrimordialSea|[upkeep]\n|-heal|p1a: Make A Wish|98\/100|[from] item: Leftovers\n|upkeep\n|turn|24\n|\n|t:|1638026098\n|switch|p1a: Da Pex|Toxapex, F|100\/100\n|move|p2a: Barraskewda|Flip Turn|p1a: Da Pex\n|-resisted|p1a: Da Pex\n|-damage|p1a: Da Pex|81\/100\n|j|+The Number Man\n|\n|t:|1638026112\n|-weather|none\n|switch|p2a: Zarude|Zarude-Dada|90\/100|[from]move: Flip Turn\n|-fieldstart|move: Grassy Terrain|[from] ability: Grassy Surge|[of] p2a: Zarude\n|\n|-heal|p2a: Zarude|96\/100|[from] Grassy Terrain\n|-heal|p1a: Da Pex|87\/100|[from] Grassy Terrain\n|upkeep\n|turn|25\n|\n|t:|1638026123\n|move|p2a: Zarude|U-turn|p1a: Da Pex\n|-resisted|p1a: Da Pex\n|-damage|p1a: Da Pex|76\/100\n|l| UnnerfTalonflame\n|\n|t:|1638026131\n|switch|p2a: Blissey|Blissey, F|100\/100 psn|[from]move: U-turn\n|move|p1a: Da Pex|Scald|p2a: Blissey\n|-damage|p2a: Blissey|94\/100 psn\n|\n|-heal|p2a: Blissey|99\/100 psn|[from] Grassy Terrain\n|-heal|p1a: Da Pex|82\/100|[from] Grassy Terrain\n|-damage|p2a: Blissey|87\/100 psn|[from] psn\n|upkeep\n|turn|26\n|\n|t:|1638026147\n|switch|p1a: Pure Bliss|Blissey, F|100\/100\n|move|p2a: Blissey|Teleport|p2a: Blissey\n|\n|t:|1638026158\n|switch|p2a: Swampert|Swampert, F|100\/100|[from]move: Teleport\n|\n|upkeep\n|turn|27\n|\n|t:|1638026165\n|switch|p2a: Blissey|Blissey, F|100\/100 psn\n|move|p1a: Pure Bliss|Teleport|p1a: Pure Bliss\n|\n|t:|1638026169\n|switch|p1a: Slow Your Roll|Slowking, F, shiny|100\/100|[from]move: Teleport\n|\n|-damage|p2a: Blissey|88\/100 psn|[from] psn\n|upkeep\n|turn|28\n|\n|t:|1638026191\n|switch|p2a: Swampert|Swampert, F|100\/100\n|move|p1a: Slow Your Roll|Future Sight|p2a: Swampert\n|-start|p1a: Slow Your Roll|move: Future Sight\n|\n|-fieldend|move: Grassy Terrain\n|upkeep\n|turn|29\n|j| Spitfire arcanine\n|\n|t:|1638026206\n|move|p2a: Swampert|Flip Turn|p1a: Slow Your Roll\n|-resisted|p1a: Slow Your Roll\n|-damage|p1a: Slow Your Roll|89\/100\n|\n|t:|1638026210\n|switch|p2a: Blissey|Blissey, F|100\/100 psn|[from]move: Flip Turn\n|move|p1a: Slow Your Roll|Scald|p2a: Blissey\n|-damage|p2a: Blissey|91\/100 psn\n|\n|-damage|p2a: Blissey|78\/100 psn|[from] psn\n|upkeep\n|turn|30\n|\n|t:|1638026217\n|move|p1a: Slow Your Roll|Earthquake|p2a: Blissey\n|-damage|p2a: Blissey|63\/100 psn\n|move|p2a: Blissey|Teleport|p2a: Blissey\n|l| Spitfire arcanine\n|\n|t:|1638026221\n|switch|p2a: Zarude|Zarude-Dada|96\/100|[from]move: Teleport\n|-fieldstart|move: Grassy Terrain|[from] ability: Grassy Surge|[of] p2a: Zarude\n|\n|-end|p2a: Zarude|move: Future Sight\n|-immune|p2a: Zarude\n|-heal|p2a: Zarude|100\/100|[from] Grassy Terrain\n|-heal|p1a: Slow Your Roll|95\/100|[from] Grassy Terrain\n|upkeep\n|turn|31\n|c| beauts|most riveting aaa game:\n|\n|t:|1638026228\n|switch|p2a: Blissey|Blissey, F|96\/100 psn\n|switch|p1a: Foots Da Fern|Tangrowth, F|100\/100\n|\n|-heal|p2a: Blissey|100\/100 psn|[from] Grassy Terrain\n|-damage|p2a: Blissey|88\/100 psn|[from] psn\n|upkeep\n|turn|32\n|\n|t:|1638026236\n|switch|p2a: Corviknight|Corviknight, F|50\/100\n|-ability|p2a: Corviknight|Intimidate|boost\n|-unboost|p1a: Foots Da Fern|atk|1\n|switch|p1a: Make A Wish|Jirachi|98\/100\n|\n|-heal|p1a: Make A Wish|100\/100|[from] Grassy Terrain\n|upkeep\n|turn|33\n|\n|t:|1638026245\n|switch|p2a: Swampert|Swampert, F|100\/100\n|move|p1a: Make A Wish|Fire Punch|p2a: Swampert\n|-resisted|p2a: Swampert\n|-damage|p2a: Swampert|95\/100\n|\n|-heal|p2a: Swampert|100\/100|[from] Grassy Terrain\n|upkeep\n|turn|34\n|\n|t:|1638026253\n|move|p1a: Make A Wish|Stealth Rock|p2a: Swampert\n|-sidestart|p2: gostop|move: Stealth Rock\n|move|p2a: Swampert|Flip Turn|p1a: Make A Wish\n|-damage|p1a: Make A Wish|83\/100\n|l|+The Number Man\n|\n|t:|1638026266\n|switch|p2a: Blissey|Blissey, F|100\/100 psn|[from]move: Flip Turn\n|-damage|p2a: Blissey|88\/100 psn|[from] Stealth Rock\n|\n|-heal|p1a: Make A Wish|89\/100|[from] Grassy Terrain\n|-heal|p1a: Make A Wish|95\/100|[from] item: Leftovers\n|-heal|p2a: Blissey|94\/100 psn|[from] Grassy Terrain\n|-damage|p2a: Blissey|82\/100 psn|[from] psn\n|-fieldend|move: Grassy Terrain\n|upkeep\n|turn|35\n|j| UnnerfTalonflame\n|l| JAMKRE\n|j| Ren\n|l| UnnerfTalonflame\n|\n|t:|1638026282\n|switch|p1a: Da Pex|Toxapex, F|82\/100\n|switch|p2a: Swampert|Swampert, F|100\/100\n|-damage|p2a: Swampert|94\/100|[from] Stealth Rock\n|\n|-heal|p2a: Swampert|100\/100|[from] item: Leftovers\n|upkeep\n|turn|36\n|j| JAMKRE\n|\n|t:|1638026292\n|switch|p2a: Blissey|Blissey, F|100\/100 psn\n|-damage|p2a: Blissey|88\/100 psn|[from] Stealth Rock\n|move|p1a: Da Pex|Scald|p2a: Blissey\n|-damage|p2a: Blissey|82\/100 psn\n|\n|-damage|p2a: Blissey|70\/100 psn|[from] psn\n|upkeep\n|turn|37\n|\n|t:|1638026297\n|switch|p2a: Swampert|Swampert, F|100\/100\n|-damage|p2a: Swampert|94\/100|[from] Stealth Rock\n|move|p1a: Da Pex|Gastro Acid|p2a: Swampert\n|-endability|p2a: Swampert\n|\n|-heal|p2a: Swampert|100\/100|[from] item: Leftovers\n|upkeep\n|turn|38\n|l| atha\n|\n|t:|1638026323\n|switch|p2a: Blissey|Blissey, F|100\/100 psn\n|-damage|p2a: Blissey|88\/100 psn|[from] Stealth Rock\n|switch|p1a: Pure Bliss|Blissey, F|100\/100\n|\n|-damage|p2a: Blissey|76\/100 psn|[from] psn\n|upkeep\n|turn|39\n|\n|t:|1638026331\n|switch|p2a: Swampert|Swampert, F|100\/100\n|-damage|p2a: Swampert|94\/100|[from] Stealth Rock\n|move|p1a: Pure Bliss|Teleport|p1a: Pure Bliss\n|\n|t:|1638026334\n|switch|p1a: Foots Da Fern|Tangrowth, F|100\/100|[from]move: Teleport\n|\n|-heal|p2a: Swampert|100\/100|[from] item: Leftovers\n|upkeep\n|turn|40\n|j|@Think~?\n|l| drphdbj\n|\n|t:|1638026346\n|switch|p2a: Blissey|Blissey, F|100\/100 psn\n|-damage|p2a: Blissey|88\/100 psn|[from] Stealth Rock\n|move|p1a: Foots Da Fern|Knock Off|p2a: Blissey\n|-damage|p2a: Blissey|75\/100 psn\n|\n|-damage|p2a: Blissey|62\/100 psn|[from] psn\n|upkeep\n|turn|41\n|\n|t:|1638026352\n|move|p1a: Foots Da Fern|Knock Off|p2a: Blissey\n|-damage|p2a: Blissey|50\/100 psn\n|move|p2a: Blissey|Teleport|p2a: Blissey\n|j|+The Number Man\n|\n|t:|1638026366\n|switch|p2a: Corviknight|Corviknight, F|50\/100|[from]move: Teleport\n|-damage|p2a: Corviknight|37\/100|[from] Stealth Rock\n|-ability|p2a: Corviknight|Intimidate|boost\n|-unboost|p1a: Foots Da Fern|atk|1\n|\n|upkeep\n|turn|42\n|\n|t:|1638026371\n|move|p2a: Corviknight|Roost|p2a: Corviknight\n|-heal|p2a: Corviknight|87\/100\n|-singleturn|p2a: Corviknight|move: Roost\n|move|p1a: Foots Da Fern|Leech Seed|p2a: Corviknight\n|-start|p2a: Corviknight|move: Leech Seed\n|\n|-damage|p2a: Corviknight|75\/100|[from] Leech Seed|[of] p1a: Foots Da Fern\n|upkeep\n|turn|43\n|l|@Think~?\n|l|+The Number Man\n|\n|t:|1638026403\n|switch|p2a: Swampert|Swampert, F|100\/100\n|-damage|p2a: Swampert|94\/100|[from] Stealth Rock\n|switch|p1a: Make A Wish|Jirachi|95\/100\n|\n|-heal|p1a: Make A Wish|100\/100|[from] item: Leftovers\n|-heal|p2a: Swampert|100\/100|[from] item: Leftovers\n|upkeep\n|turn|44\n|\n|t:|1638026414\n|switch|p1a: Finite|Tapu Fini|100\/100\n|move|p2a: Swampert|Stealth Rock|p1a: Finite\n|-sidestart|p1: Heracross2.0|move: Stealth Rock\n|\n|upkeep\n|turn|45\n|\n|t:|1638026426\n|switch|p2a: Blissey|Blissey, F|84\/100 psn\n|-damage|p2a: Blissey|71\/100 psn|[from] Stealth Rock\n|move|p1a: Finite|Scald|p2a: Blissey\n|-damage|p2a: Blissey|61\/100 psn\n|\n|-damage|p2a: Blissey|49\/100 psn|[from] psn\n|upkeep\n|turn|46\n|\n|t:|1638026440\n|move|p1a: Finite|Scald|p2a: Blissey\n|-damage|p2a: Blissey|39\/100 psn\n|move|p2a: Blissey|Soft-Boiled|p2a: Blissey\n|-heal|p2a: Blissey|89\/100 psn\n|\n|-damage|p2a: Blissey|77\/100 psn|[from] psn\n|upkeep\n|turn|47\n|\n|t:|1638026444\n|switch|p2a: Swampert|Swampert, F|100\/100\n|-damage|p2a: Swampert|94\/100|[from] Stealth Rock\n|move|p1a: Finite|Knock Off|p2a: Swampert\n|-damage|p2a: Swampert|83\/100\n|-enditem|p2a: Swampert|Leftovers|[from] move: Knock Off|[of] p1a: Finite\n|\n|upkeep\n|turn|48\n|j| Thinkerino\n|\n|t:|1638026462\n|switch|p2a: Blissey|Blissey, F|100\/100 psn\n|-damage|p2a: Blissey|88\/100 psn|[from] Stealth Rock\n|move|p1a: Finite|Scald|p2a: Blissey\n|-damage|p2a: Blissey|78\/100 psn\n|\n|-damage|p2a: Blissey|65\/100 psn|[from] psn\n|upkeep\n|turn|49\n|j| drphdbj\n|\n|t:|1638026470\n|switch|p2a: Swampert|Swampert, F|100\/100\n|-damage|p2a: Swampert|94\/100|[from] Stealth Rock\n|move|p1a: Finite|Scald|p2a: Swampert\n|-damage|p2a: Swampert|69\/100\n|-status|p2a: Swampert|brn\n|\n|-damage|p2a: Swampert|63\/100 brn|[from] brn\n|upkeep\n|turn|50\n|l| Thinkerino\n|j|@Think~?\n|l| drphdbj\n|\n|t:|1638026478\n|switch|p2a: Blissey|Blissey, F|98\/100 psn\n|-damage|p2a: Blissey|86\/100 psn|[from] Stealth Rock\n|move|p1a: Finite|Defog|p2a: Blissey\n|-unboost|p2a: Blissey|evasion|1\n|-sideend|p2: gostop|Stealth Rock|[from] move: Defog|[of] p1a: Finite\n|-sideend|p1: Heracross2.0|Stealth Rock|[from] move: Defog|[of] p1a: Finite\n|\n|-damage|p2a: Blissey|73\/100 psn|[from] psn\n|upkeep\n|turn|51\n|\n|t:|1638026494\n|switch|p1a: Make A Wish|Jirachi|100\/100\n|switch|p2a: Swampert|Swampert, F|96\/100 brn\n|\n|-damage|p2a: Swampert|90\/100 brn|[from] brn\n|upkeep\n|turn|52\n|\n|t:|1638026503\n|switch|p1a: Pure Bliss|Blissey, F|100\/100\n|move|p2a: Swampert|Stealth Rock|p1a: Pure Bliss\n|move|p1a: Pure Bliss|Stealth Rock|p2a: Swampert|[from]ability: Magic Bounce\n|-sidestart|p2: gostop|move: Stealth Rock\n|\n|-damage|p2a: Swampert|83\/100 brn|[from] brn\n|upkeep\n|turn|53\n|\n|t:|1638026515\n|switch|p2a: Blissey|Blissey, F|100\/100 psn\n|-damage|p2a: Blissey|88\/100 psn|[from] Stealth Rock\n|move|p1a: Pure Bliss|Teleport|p1a: Pure Bliss\n|\n|t:|1638026521\n|switch|p1a: Slow Your Roll|Slowking, F, shiny|100\/100|[from]move: Teleport\n|\n|-damage|p2a: Blissey|76\/100 psn|[from] psn\n|upkeep\n|turn|54\n|\n|t:|1638026539\n|switch|p2a: Swampert|Swampert, F|100\/100 brn\n|-damage|p2a: Swampert|94\/100 brn|[from] Stealth Rock\n|move|p1a: Slow Your Roll|Future Sight|p2a: Swampert\n|-start|p1a: Slow Your Roll|move: Future Sight\n|\n|-damage|p2a: Swampert|88\/100 brn|[from] brn\n|upkeep\n|turn|55\n|\n|t:|1638026547\n|switch|p2a: Blissey|Blissey, F|100\/100 psn\n|-damage|p2a: Blissey|88\/100 psn|[from] Stealth Rock\n|move|p1a: Slow Your Roll|Scald|p2a: Blissey\n|-damage|p2a: Blissey|78\/100 psn\n|\n|-damage|p2a: Blissey|66\/100 psn|[from] psn\n|upkeep\n|turn|56\n|\n|t:|1638026556\n|move|p1a: Slow Your Roll|Scald|p2a: Blissey\n|-damage|p2a: Blissey|55\/100 psn\n|move|p2a: Blissey|Teleport|p2a: Blissey\n|\n|t:|1638026564\n|switch|p2a: Zarude|Zarude-Dada|100\/100|[from]move: Teleport\n|-damage|p2a: Zarude|88\/100|[from] Stealth Rock\n|-fieldstart|move: Grassy Terrain|[from] ability: Grassy Surge|[of] p2a: Zarude\n|\n|-end|p2a: Zarude|move: Future Sight\n|-immune|p2a: Zarude\n|-heal|p2a: Zarude|94\/100|[from] Grassy Terrain\n|upkeep\n|turn|57\n|\n|t:|1638026572\n|switch|p2a: Swampert|Swampert, F|100\/100 brn\n|-damage|p2a: Swampert|94\/100 brn|[from] Stealth Rock\n|switch|p1a: Foots Da Fern|Tangrowth, F|100\/100\n|\n|-heal|p2a: Swampert|100\/100 brn|[from] Grassy Terrain\n|-damage|p2a: Swampert|94\/100 brn|[from] brn\n|upkeep\n|turn|58\n|\n|t:|1638026582\n|move|p1a: Foots Da Fern|Leech Seed|p2a: Swampert\n|-start|p2a: Swampert|move: Leech Seed\n|move|p2a: Swampert|Stealth Rock|p1a: Foots Da Fern\n|-sidestart|p1: Heracross2.0|move: Stealth Rock\n|\n|-heal|p2a: Swampert|100\/100 brn|[from] Grassy Terrain\n|-damage|p2a: Swampert|88\/100 brn|[from] Leech Seed|[of] p1a: Foots Da Fern\n|-damage|p2a: Swampert|82\/100 brn|[from] brn\n|upkeep\n|turn|59\n|\n|t:|1638026596\n|switch|p2a: Blissey|Blissey, F|89\/100 psn\n|-damage|p2a: Blissey|76\/100 psn|[from] Stealth Rock\n|move|p1a: Foots Da Fern|Knock Off|p2a: Blissey\n|-damage|p2a: Blissey|64\/100 psn\n|\n|-heal|p2a: Blissey|70\/100 psn|[from] Grassy Terrain\n|-damage|p2a: Blissey|57\/100 psn|[from] psn\n|upkeep\n|turn|60\n|\n|t:|1638026603\n|switch|p2a: Swampert|Swampert, F|100\/100 brn\n|-damage|p2a: Swampert|94\/100 brn|[from] Stealth Rock\n|switch|p1a: Finite|Tapu Fini|100\/100\n|\n|-heal|p2a: Swampert|100\/100 brn|[from] Grassy Terrain\n|-damage|p2a: Swampert|94\/100 brn|[from] brn\n|-fieldend|move: Grassy Terrain\n|upkeep\n|turn|61\n|\n|t:|1638026610\n|switch|p2a: Blissey|Blissey, F|91\/100 psn\n|-damage|p2a: Blissey|78\/100 psn|[from] Stealth Rock\n|move|p1a: Finite|Defog|p2a: Blissey\n|-unboost|p2a: Blissey|evasion|1\n|-sideend|p2: gostop|Stealth Rock|[from] move: Defog|[of] p1a: Finite\n|-sideend|p1: Heracross2.0|Stealth Rock|[from] move: Defog|[of] p1a: Finite\n|\n|-damage|p2a: Blissey|66\/100 psn|[from] psn\n|upkeep\n|turn|62\n|j|+The Number Man\n|\n|t:|1638026618\n|switch|p1a: Make A Wish|Jirachi|100\/100\n|switch|p2a: Swampert|Swampert, F|100\/100 brn\n|\n|-damage|p2a: Swampert|94\/100 brn|[from] brn\n|upkeep\n|turn|63\n|l|+The Number Man\n|\n|t:|1638026634\n|switch|p1a: Pure Bliss|Blissey, F|100\/100\n|switch|p2a: Blissey|Blissey, F|99\/100 psn\n|\n|-damage|p2a: Blissey|87\/100 psn|[from] psn\n|upkeep\n|turn|64\n|\n|t:|1638026641\n|switch|p2a: Swampert|Swampert, F|100\/100 brn\n|move|p1a: Pure Bliss|Teleport|p1a: Pure Bliss\n|j| UnnerfTalonflame\n|\n|t:|1638026655\n|switch|p1a: Slow Your Roll|Slowking, F, shiny|100\/100|[from]move: Teleport\n|\n|-damage|p2a: Swampert|94\/100 brn|[from] brn\n|upkeep\n|turn|65\n|l| UnnerfTalonflame\n|\n|t:|1638026671\n|switch|p2a: Blissey|Blissey, F|100\/100 psn\n|switch|p1a: Pure Bliss|Blissey, F|100\/100\n|\n|-damage|p2a: Blissey|88\/100 psn|[from] psn\n|upkeep\n|turn|66\n|\n|t:|1638026679\n|switch|p2a: Swampert|Swampert, F|100\/100 brn\n|switch|p1a: Slow Your Roll|Slowking, F, shiny|100\/100\n|\n|-damage|p2a: Swampert|94\/100 brn|[from] brn\n|upkeep\n|turn|67\n|\n|t:|1638026683\n|switch|p2a: Blissey|Blissey, F|100\/100 psn\n|switch|p1a: Pure Bliss|Blissey, F|100\/100\n|\n|-damage|p2a: Blissey|88\/100 psn|[from] psn\n|upkeep\n|turn|68\n|\n|t:|1638026690\n|switch|p2a: Swampert|Swampert, F|100\/100 brn\n|switch|p1a: Slow Your Roll|Slowking, F, shiny|100\/100\n|\n|-damage|p2a: Swampert|94\/100 brn|[from] brn\n|upkeep\n|turn|69\n|\n|t:|1638026697\n|switch|p2a: Blissey|Blissey, F|100\/100 psn\n|move|p1a: Slow Your Roll|Future Sight|p2a: Blissey\n|-start|p1a: Slow Your Roll|move: Future Sight\n|\n|-damage|p2a: Blissey|88\/100 psn|[from] psn\n|upkeep\n|turn|70\n|\n|t:|1638026703\n|switch|p2a: Swampert|Swampert, F|100\/100 brn\n|switch|p1a: Make A Wish|Jirachi|100\/100\n|\n|-damage|p2a: Swampert|94\/100 brn|[from] brn\n|upkeep\n|turn|71\n|j| drphdbj\n|l| drphdbj\n|\n|t:|1638026727\n|move|p1a: Make A Wish|Stealth Rock|p2a: Swampert\n|-sidestart|p2: gostop|move: Stealth Rock\n|move|p2a: Swampert|Flip Turn|p1a: Make A Wish\n|-damage|p1a: Make A Wish|92\/100\n|\n|t:|1638026735\n|switch|p2a: Zarude|Zarude-Dada|94\/100|[from]move: Flip Turn\n|-damage|p2a: Zarude|82\/100|[from] Stealth Rock\n|-fieldstart|move: Grassy Terrain|[from] ability: Grassy Surge|[of] p2a: Zarude\n|\n|-end|p2a: Zarude|move: Future Sight\n|-immune|p2a: Zarude\n|-heal|p2a: Zarude|88\/100|[from] Grassy Terrain\n|-heal|p1a: Make A Wish|98\/100|[from] Grassy Terrain\n|-heal|p1a: Make A Wish|100\/100|[from] item: Leftovers\n|upkeep\n|turn|72\n|\n|t:|1638026750\n|switch|p2a: Swampert|Swampert, F|100\/100 brn\n|-damage|p2a: Swampert|94\/100 brn|[from] Stealth Rock\n|move|p1a: Make A Wish|Protect||[still]\n|-fail|p1a: Make A Wish\n|\n|-heal|p2a: Swampert|100\/100 brn|[from] Grassy Terrain\n|-damage|p2a: Swampert|94\/100 brn|[from] brn\n|upkeep\n|turn|73\n|\n|t:|1638026754\n|switch|p1a: Pure Bliss|Blissey, F|100\/100\n|switch|p2a: Blissey|Blissey, F|100\/100 psn\n|-damage|p2a: Blissey|88\/100 psn|[from] Stealth Rock\n|\n|-heal|p2a: Blissey|94\/100 psn|[from] Grassy Terrain\n|-damage|p2a: Blissey|82\/100 psn|[from] psn\n|upkeep\n|turn|74\n|\n|t:|1638026763\n|switch|p2a: Swampert|Swampert, F|100\/100 brn\n|-damage|p2a: Swampert|94\/100 brn|[from] Stealth Rock\n|switch|p1a: Slow Your Roll|Slowking, F, shiny|100\/100\n|\n|-heal|p2a: Swampert|100\/100 brn|[from] Grassy Terrain\n|-damage|p2a: Swampert|94\/100 brn|[from] brn\n|upkeep\n|turn|75\n|l|+Dragonillis\n|\n|t:|1638026767\n|switch|p2a: Blissey|Blissey, F|100\/100 psn\n|-damage|p2a: Blissey|88\/100 psn|[from] Stealth Rock\n|switch|p1a: Pure Bliss|Blissey, F|100\/100\n|\n|-heal|p2a: Blissey|94\/100 psn|[from] Grassy Terrain\n|-damage|p2a: Blissey|82\/100 psn|[from] psn\n|-fieldend|move: Grassy Terrain\n|upkeep\n|turn|76\n|\n|t:|1638026771\n|switch|p2a: Swampert|Swampert, F|100\/100 brn\n|-damage|p2a: Swampert|94\/100 brn|[from] Stealth Rock\n|switch|p1a: Slow Your Roll|Slowking, F, shiny|100\/100\n|\n|-damage|p2a: Swampert|88\/100 brn|[from] brn\n|upkeep\n|turn|77\n|\n|t:|1638026775\n|switch|p2a: Blissey|Blissey, F|100\/100 psn\n|-damage|p2a: Blissey|88\/100 psn|[from] Stealth Rock\n|move|p1a: Slow Your Roll|Earthquake|p2a: Blissey\n|-damage|p2a: Blissey|72\/100 psn\n|\n|-damage|p2a: Blissey|60\/100 psn|[from] psn\n|upkeep\n|turn|78\n|c| mudkipbowl|riveting\n|\n|t:|1638026781\n|switch|p2a: Swampert|Swampert, F|100\/100 brn\n|-damage|p2a: Swampert|94\/100 brn|[from] Stealth Rock\n|move|p1a: Slow Your Roll|Future Sight|p2a: Swampert\n|-start|p1a: Slow Your Roll|move: Future Sight\n|\n|-damage|p2a: Swampert|88\/100 brn|[from] brn\n|upkeep\n|turn|79\n|\n|t:|1638026799\n|move|p2a: Swampert|Stealth Rock|p1a: Slow Your Roll\n|-sidestart|p1: Heracross2.0|move: Stealth Rock\n|move|p1a: Slow Your Roll|Scald|p2a: Swampert\n|-damage|p2a: Swampert|61\/100 brn\n|\n|-damage|p2a: Swampert|55\/100 brn|[from] brn\n|upkeep\n|turn|80\n|\n|t:|1638026806\n|move|p2a: Swampert|Flip Turn|p1a: Slow Your Roll\n|-resisted|p1a: Slow Your Roll\n|-crit|p1a: Slow Your Roll\n|-damage|p1a: Slow Your Roll|93\/100\n|\n|t:|1638026816\n|switch|p2a: Blissey|Blissey, F|93\/100 psn|[from]move: Flip Turn\n|-damage|p2a: Blissey|81\/100 psn|[from] Stealth Rock\n|move|p1a: Slow Your Roll|Earthquake|p2a: Blissey\n|-damage|p2a: Blissey|65\/100 psn\n|\n|-end|p2a: Blissey|move: Future Sight\n|-damage|p2a: Blissey|49\/100 psn\n|-damage|p2a: Blissey|36\/100 psn|[from] psn\n|upkeep\n|turn|81\n|c| ItsChew2|this game is simply amazing\n|c| Osake|no u\n|\n|t:|1638026828\n|move|p2a: Blissey|Soft-Boiled|p2a: Blissey\n|-heal|p2a: Blissey|86\/100 psn\n|move|p1a: Slow Your Roll|Future Sight|p2a: Blissey\n|-start|p1a: Slow Your Roll|move: Future Sight\n|\n|-damage|p2a: Blissey|74\/100 psn|[from] psn\n|upkeep\n|turn|82\n|l| Shing'n Streets\n|c| ItsChew2|ty :)\n|c| beauts|osake is amazing\n|j| Shing'n Streets\n|\n|t:|1638026837\n|switch|p2a: Swampert|Swampert, F|88\/100 brn\n|-damage|p2a: Swampert|82\/100 brn|[from] Stealth Rock\n|move|p1a: Slow Your Roll|Scald|p2a: Swampert\n|-damage|p2a: Swampert|57\/100 brn\n|\n|-damage|p2a: Swampert|50\/100 brn|[from] brn\n|upkeep\n|turn|83\n|c| Osake|no u\n|\n|t:|1638026850\n|switch|p2a: Blissey|Blissey, F|100\/100 psn\n|-damage|p2a: Blissey|88\/100 psn|[from] Stealth Rock\n|move|p1a: Slow Your Roll|Scald|p2a: Blissey\n|-damage|p2a: Blissey|78\/100 psn\n|\n|-end|p2a: Blissey|move: Future Sight\n|-damage|p2a: Blissey|63\/100 psn\n|-damage|p2a: Blissey|50\/100 psn|[from] psn\n|upkeep\n|turn|84\n|l|\u2606gostop\n|player|p2|\n|j|+The Number Man\n|j| Menacing supernova\n|j|\u2606gostop\n|player|p2|gostop|swimmer-gen4dp\n|j| UnnerfTalonflame\n|\n|t:|1638026900\n|switch|p2a: Swampert|Swampert, F|84\/100 brn\n|-damage|p2a: Swampert|77\/100 brn|[from] Stealth Rock\n|move|p1a: Slow Your Roll|Future Sight|p2a: Swampert\n|-start|p1a: Slow Your Roll|move: Future Sight\n|\n|-damage|p2a: Swampert|71\/100 brn|[from] brn\n|upkeep\n|turn|85\n|l| UnnerfTalonflame\n|l| Shing'n Streets\n|\n|t:|1638026909\n|switch|p2a: Blissey|Blissey, F|84\/100 psn\n|-damage|p2a: Blissey|71\/100 psn|[from] Stealth Rock\n|switch|p1a: Finite|Tapu Fini|100\/100\n|\n|-damage|p2a: Blissey|59\/100 psn|[from] psn\n|upkeep\n|turn|86\n|\n|t:|1638026926\n|switch|p2a: Swampert|Swampert, F|100\/100 brn\n|-damage|p2a: Swampert|94\/100 brn|[from] Stealth Rock\n|move|p1a: Finite|Defog|p2a: Swampert\n|-unboost|p2a: Swampert|evasion|1\n|-sideend|p2: gostop|Stealth Rock|[from] move: Defog|[of] p1a: Finite\n|-sideend|p1: Heracross2.0|Stealth Rock|[from] move: Defog|[of] p1a: Finite\n|\n|-end|p2a: Swampert|move: Future Sight\n|-damage|p2a: Swampert|59\/100 brn\n|-damage|p2a: Swampert|52\/100 brn|[from] brn\n|upkeep\n|turn|87\n|\n|t:|1638026941\n|switch|p1a: Pure Bliss|Blissey, F|100\/100\n|switch|p2a: Blissey|Blissey, F|92\/100 psn\n|\n|-damage|p2a: Blissey|80\/100 psn|[from] psn\n|upkeep\n|turn|88\n|\n|t:|1638026949\n|switch|p2a: Swampert|Swampert, F|86\/100 brn\n|move|p1a: Pure Bliss|Teleport|p1a: Pure Bliss\n|\n|t:|1638026952\n|switch|p1a: Make A Wish|Jirachi|100\/100|[from]move: Teleport\n|\n|-damage|p2a: Swampert|79\/100 brn|[from] brn\n|upkeep\n|turn|89\n|\n|t:|1638026960\n|switch|p1a: Pure Bliss|Blissey, F|100\/100\n|move|p2a: Swampert|Stealth Rock|p1a: Pure Bliss\n|move|p1a: Pure Bliss|Stealth Rock|p2a: Swampert|[from]ability: Magic Bounce\n|-sidestart|p2: gostop|move: Stealth Rock\n|\n|-damage|p2a: Swampert|73\/100 brn|[from] brn\n|upkeep\n|turn|90\n|\n|t:|1638026968\n|switch|p2a: Blissey|Blissey, F|100\/100 psn\n|-damage|p2a: Blissey|88\/100 psn|[from] Stealth Rock\n|move|p1a: Pure Bliss|Teleport|p1a: Pure Bliss\n|\n|t:|1638026977\n|switch|p1a: Slow Your Roll|Slowking, F, shiny|100\/100|[from]move: Teleport\n|\n|-damage|p2a: Blissey|76\/100 psn|[from] psn\n|upkeep\n|turn|91\n|\n|t:|1638026985\n|switch|p2a: Swampert|Swampert, F|100\/100 brn\n|-damage|p2a: Swampert|94\/100 brn|[from] Stealth Rock\n|move|p1a: Slow Your Roll|Future Sight|p2a: Swampert\n|-start|p1a: Slow Your Roll|move: Future Sight\n|\n|-damage|p2a: Swampert|88\/100 brn|[from] brn\n|upkeep\n|turn|92\n|j| StitChuu\n|\n|t:|1638027005\n|switch|p2a: Blissey|Blissey, F|100\/100 psn\n|-damage|p2a: Blissey|88\/100 psn|[from] Stealth Rock\n|switch|p1a: Pure Bliss|Blissey, F|100\/100\n|\n|-damage|p2a: Blissey|76\/100 psn|[from] psn\n|upkeep\n|turn|93\n|l| StitChuu\n|\n|t:|1638027015\n|switch|p2a: Swampert|Swampert, F|100\/100 brn\n|-damage|p2a: Swampert|94\/100 brn|[from] Stealth Rock\n|switch|p1a: Finite|Tapu Fini|100\/100\n|\n|-end|p2a: Swampert|move: Future Sight\n|-damage|p2a: Swampert|57\/100 brn\n|-damage|p2a: Swampert|51\/100 brn|[from] brn\n|upkeep\n|turn|94\n|\n|t:|1638027021\n|switch|p2a: Blissey|Blissey, F|100\/100 psn\n|-damage|p2a: Blissey|88\/100 psn|[from] Stealth Rock\n|move|p1a: Finite|Moonblast|p2a: Blissey\n|-damage|p2a: Blissey|76\/100 psn\n|\n|-damage|p2a: Blissey|64\/100 psn|[from] psn\n|upkeep\n|turn|95\n|l| zacian clowned\n|\n|t:|1638027031\n|switch|p1a: Pure Bliss|Blissey, F|100\/100\n|switch|p2a: Swampert|Swampert, F|84\/100 brn\n|-damage|p2a: Swampert|78\/100 brn|[from] Stealth Rock\n|\n|-damage|p2a: Swampert|72\/100 brn|[from] brn\n|upkeep\n|turn|96\n|\n|t:|1638027037\n|switch|p2a: Blissey|Blissey, F|97\/100 psn\n|-damage|p2a: Blissey|85\/100 psn|[from] Stealth Rock\n|move|p1a: Pure Bliss|Teleport|p1a: Pure Bliss\n|\n|t:|1638027039\n|switch|p1a: Da Pex|Toxapex, F|82\/100|[from]move: Teleport\n|\n|-damage|p2a: Blissey|72\/100 psn|[from] psn\n|upkeep\n|turn|97\n|j| Shing'n Streets\n|j|+MZ\n|l|+MZ\n|\n|t:|1638027110\n|switch|p2a: Swampert|Swampert, F|100\/100 brn\n|-damage|p2a: Swampert|94\/100 brn|[from] Stealth Rock\n|move|p1a: Da Pex|Recover|p1a: Da Pex\n|-heal|p1a: Da Pex|100\/100\n|\n|-damage|p2a: Swampert|88\/100 brn|[from] brn\n|upkeep\n|turn|98\n|\n|t:|1638027155\n|switch|p1a: Pure Bliss|Blissey, F|100\/100\n|move|p2a: Swampert|Stealth Rock|p1a: Pure Bliss\n|move|p1a: Pure Bliss|Stealth Rock||[from]ability: Magic Bounce|[still]\n|-fail|p1a: Pure Bliss\n|\n|-damage|p2a: Swampert|82\/100 brn|[from] brn\n|upkeep\n|turn|99\n|\n|t:|1638027160\n|switch|p2a: Blissey|Blissey, F|100\/100 psn\n|-damage|p2a: Blissey|88\/100 psn|[from] Stealth Rock\n|move|p1a: Pure Bliss|Teleport|p1a: Pure Bliss\n|\n|t:|1638027164\n|switch|p1a: Finite|Tapu Fini|100\/100|[from]move: Teleport\n|\n|-damage|p2a: Blissey|76\/100 psn|[from] psn\n|upkeep\n|turn|100\n|\n|t:|1638027173\n|switch|p2a: Swampert|Swampert, F|100\/100 brn\n|-damage|p2a: Swampert|94\/100 brn|[from] Stealth Rock\n|move|p1a: Finite|Moonblast|p2a: Swampert\n|-damage|p2a: Swampert|63\/100 brn\n|\n|-damage|p2a: Swampert|57\/100 brn|[from] brn\n|upkeep\n|turn|101\n|\n|t:|1638027176\n|switch|p2a: Blissey|Blissey, F|100\/100 psn\n|-damage|p2a: Blissey|88\/100 psn|[from] Stealth Rock\n|move|p1a: Finite|Moonblast|p2a: Blissey\n|-damage|p2a: Blissey|77\/100 psn\n|\n|-damage|p2a: Blissey|65\/100 psn|[from] psn\n|upkeep\n|turn|102\n|\n|t:|1638027180\n|switch|p2a: Swampert|Swampert, F|90\/100 brn\n|-damage|p2a: Swampert|84\/100 brn|[from] Stealth Rock\n|move|p1a: Finite|Moonblast|p2a: Swampert\n|-damage|p2a: Swampert|53\/100 brn\n|-unboost|p2a: Swampert|spa|1\n|\n|-damage|p2a: Swampert|47\/100 brn|[from] brn\n|upkeep\n|turn|103\n|j| drphdbj\n|\n|t:|1638027182\n|switch|p2a: Blissey|Blissey, F|98\/100 psn\n|-damage|p2a: Blissey|86\/100 psn|[from] Stealth Rock\n|move|p1a: Finite|Moonblast|p2a: Blissey\n|-damage|p2a: Blissey|74\/100 psn\n|\n|-damage|p2a: Blissey|62\/100 psn|[from] psn\n|upkeep\n|turn|104\n|\n|t:|1638027188\n|move|p1a: Finite|Moonblast|p2a: Blissey\n|-damage|p2a: Blissey|50\/100 psn\n|move|p2a: Blissey|Teleport|p2a: Blissey\n|\n|t:|1638027192\n|switch|p2a: Swampert|Swampert, F|80\/100 brn|[from]move: Teleport\n|-damage|p2a: Swampert|74\/100 brn|[from] Stealth Rock\n|\n|-damage|p2a: Swampert|68\/100 brn|[from] brn\n|upkeep\n|turn|105\n|\n|t:|1638027196\n|switch|p2a: Blissey|Blissey, F|83\/100 psn\n|-damage|p2a: Blissey|71\/100 psn|[from] Stealth Rock\n|move|p1a: Finite|Moonblast|p2a: Blissey\n|-damage|p2a: Blissey|59\/100 psn\n|-unboost|p2a: Blissey|spa|1\n|\n|-damage|p2a: Blissey|47\/100 psn|[from] psn\n|upkeep\n|turn|106\n|\n|t:|1638027203\n|switch|p2a: Swampert|Swampert, F|100\/100 brn\n|-damage|p2a: Swampert|94\/100 brn|[from] Stealth Rock\n|move|p1a: Finite|Scald|p2a: Swampert\n|-damage|p2a: Swampert|70\/100 brn\n|\n|-damage|p2a: Swampert|64\/100 brn|[from] brn\n|upkeep\n|turn|107\n|\n|t:|1638027214\n|move|p1a: Finite|Moonblast|p2a: Swampert\n|-damage|p2a: Swampert|36\/100 brn\n|-unboost|p2a: Swampert|spa|1\n|move|p2a: Swampert|Flip Turn|p1a: Finite\n|-resisted|p1a: Finite\n|-damage|p1a: Finite|97\/100\n|\n|t:|1638027216\n|switch|p2a: Blissey|Blissey, F|80\/100 psn|[from]move: Flip Turn\n|-damage|p2a: Blissey|68\/100 psn|[from] Stealth Rock\n|\n|-damage|p2a: Blissey|55\/100 psn|[from] psn\n|upkeep\n|turn|108\n|c| ItsChew2|~~pls offer draw and bring different teams~~\n|\n|t:|1638027225\n|move|p1a: Finite|Moonblast|p2a: Blissey\n|-damage|p2a: Blissey|44\/100 psn\n|move|p2a: Blissey|Soft-Boiled|p2a: Blissey\n|-heal|p2a: Blissey|94\/100 psn\n|\n|-damage|p2a: Blissey|81\/100 psn|[from] psn\n|upkeep\n|turn|109\n|c|+Greybaum|chew ghosting\n|\n|t:|1638027241\n|switch|p1a: Pure Bliss|Blissey, F|100\/100\n|move|p2a: Blissey|Teleport|p2a: Blissey\n|\n|t:|1638027249\n|switch|p2a: Swampert|Swampert, F|69\/100 brn|[from]move: Teleport\n|-damage|p2a: Swampert|63\/100 brn|[from] Stealth Rock\n|\n|-damage|p2a: Swampert|57\/100 brn|[from] brn\n|upkeep\n|turn|110\n|j| Scorp9\n|\n|t:|1638027254\n|switch|p2a: Blissey|Blissey, F|100\/100 psn\n|-damage|p2a: Blissey|88\/100 psn|[from] Stealth Rock\n|move|p1a: Pure Bliss|Teleport|p1a: Pure Bliss\n|\n|t:|1638027261\n|switch|p1a: Finite|Tapu Fini|100\/100|[from]move: Teleport\n|\n|-damage|p2a: Blissey|76\/100 psn|[from] psn\n|upkeep\n|turn|111\n|j| eclipse equinox\n|\n|t:|1638027268\n|switch|p2a: Swampert|Swampert, F|90\/100 brn\n|-damage|p2a: Swampert|84\/100 brn|[from] Stealth Rock\n|move|p1a: Finite|Scald|p2a: Swampert\n|-crit|p2a: Swampert\n|-damage|p2a: Swampert|49\/100 brn\n|\n|-damage|p2a: Swampert|43\/100 brn|[from] brn\n|upkeep\n|turn|112\n|l| drphdbj\n|\n|t:|1638027272\n|switch|p2a: Blissey|Blissey, F|100\/100 psn\n|-damage|p2a: Blissey|88\/100 psn|[from] Stealth Rock\n|move|p1a: Finite|Moonblast|p2a: Blissey\n|-damage|p2a: Blissey|77\/100 psn\n|-unboost|p2a: Blissey|spa|1\n|\n|-damage|p2a: Blissey|65\/100 psn|[from] psn\n|upkeep\n|turn|113\n|c| Scorp9|what da\n|\n|t:|1638027290\n|move|p1a: Finite|Moonblast|p2a: Blissey\n|-damage|p2a: Blissey|54\/100 psn\n|-unboost|p2a: Blissey|spa|1\n|move|p2a: Blissey|Teleport|p2a: Blissey\n|\n|t:|1638027294\n|switch|p2a: Swampert|Swampert, F|76\/100 brn|[from]move: Teleport\n|-damage|p2a: Swampert|70\/100 brn|[from] Stealth Rock\n|\n|-damage|p2a: Swampert|64\/100 brn|[from] brn\n|upkeep\n|turn|114\n|\n|t:|1638027298\n|switch|p1a: Slow Your Roll|Slowking, F, shiny|100\/100\n|switch|p2a: Blissey|Blissey, F|87\/100 psn\n|-damage|p2a: Blissey|74\/100 psn|[from] Stealth Rock\n|\n|-damage|p2a: Blissey|62\/100 psn|[from] psn\n|upkeep\n|turn|115\n|\n|t:|1638027302\n|switch|p2a: Swampert|Swampert, F|97\/100 brn\n|-damage|p2a: Swampert|91\/100 brn|[from] Stealth Rock\n|move|p1a: Slow Your Roll|Future Sight|p2a: Swampert\n|-start|p1a: Slow Your Roll|move: Future Sight\n|\n|-damage|p2a: Swampert|85\/100 brn|[from] brn\n|upkeep\n|turn|116\n|\n|t:|1638027309\n|switch|p1a: Finite|Tapu Fini|100\/100\n|move|p2a: Swampert|Flip Turn|p1a: Finite\n|-resisted|p1a: Finite\n|-damage|p1a: Finite|97\/100\n|l| JAMKRE\n|\n|t:|1638027329\n|switch|p2a: Blissey|Blissey, F|95\/100 psn|[from]move: Flip Turn\n|-damage|p2a: Blissey|83\/100 psn|[from] Stealth Rock\n|\n|-damage|p2a: Blissey|70\/100 psn|[from] psn\n|upkeep\n|turn|117\n|\n|t:|1638027338\n|switch|p2a: Swampert|Swampert, F|100\/100 brn\n|-damage|p2a: Swampert|94\/100 brn|[from] Stealth Rock\n|move|p1a: Finite|Moonblast|p2a: Swampert\n|-damage|p2a: Swampert|65\/100 brn\n|\n|-end|p2a: Swampert|move: Future Sight\n|-damage|p2a: Swampert|25\/100 brn\n|-damage|p2a: Swampert|19\/100 brn|[from] brn\n|upkeep\n|turn|118\n|\n|t:|1638027348\n|switch|p1a: Slow Your Roll|Slowking, F, shiny|100\/100\n|switch|p2a: Blissey|Blissey, F|100\/100 psn\n|-damage|p2a: Blissey|88\/100 psn|[from] Stealth Rock\n|\n|-damage|p2a: Blissey|76\/100 psn|[from] psn\n|upkeep\n|turn|119\n|l| Scorp9\n|\n|t:|1638027356\n|move|p1a: Slow Your Roll|Future Sight|p2a: Blissey\n|-start|p1a: Slow Your Roll|move: Future Sight\n|move|p2a: Blissey|Teleport|p2a: Blissey\n|\n|t:|1638027364\n|switch|p2a: Swampert|Swampert, F|52\/100 brn|[from]move: Teleport\n|-damage|p2a: Swampert|46\/100 brn|[from] Stealth Rock\n|\n|-damage|p2a: Swampert|40\/100 brn|[from] brn\n|upkeep\n|turn|120\n|\n|t:|1638027367\n|switch|p2a: Blissey|Blissey, F|100\/100 psn\n|-damage|p2a: Blissey|88\/100 psn|[from] Stealth Rock\n|switch|p1a: Finite|Tapu Fini|100\/100\n|\n|-damage|p2a: Blissey|76\/100 psn|[from] psn\n|upkeep\n|turn|121\n|\n|t:|1638027374\n|move|p1a: Finite|Scald|p2a: Blissey\n|-damage|p2a: Blissey|66\/100 psn\n|move|p2a: Blissey|Teleport|p2a: Blissey\n|\n|t:|1638027378\n|switch|p2a: Swampert|Swampert, F|73\/100 brn|[from]move: Teleport\n|-damage|p2a: Swampert|67\/100 brn|[from] Stealth Rock\n|\n|-end|p2a: Swampert|move: Future Sight\n|-damage|p2a: Swampert|29\/100 brn\n|-damage|p2a: Swampert|23\/100 brn|[from] brn\n|upkeep\n|turn|122\n|j| UnnerfTalonflame\n|\n|t:|1638027383\n|switch|p2a: Blissey|Blissey, F|99\/100 psn\n|-damage|p2a: Blissey|87\/100 psn|[from] Stealth Rock\n|move|p1a: Finite|Moonblast|p2a: Blissey\n|-damage|p2a: Blissey|77\/100 psn\n|\n|-damage|p2a: Blissey|64\/100 psn|[from] psn\n|upkeep\n|turn|123\n|j|+byyleth\n|\n|t:|1638027392\n|move|p1a: Finite|Scald|p2a: Blissey\n|-damage|p2a: Blissey|54\/100 psn\n|move|p2a: Blissey|Thunder Wave|p1a: Finite\n|-status|p1a: Finite|par\n|\n|-damage|p2a: Blissey|42\/100 psn|[from] psn\n|upkeep\n|turn|124\n|\n|t:|1638027400\n|switch|p1a: Slow Your Roll|Slowking, F, shiny|100\/100\n|move|p2a: Blissey|Soft-Boiled|p2a: Blissey\n|-heal|p2a: Blissey|92\/100 psn\n|\n|-damage|p2a: Blissey|79\/100 psn|[from] psn\n|upkeep\n|turn|125\n|\n|t:|1638027404\n|switch|p2a: Swampert|Swampert, F|56\/100 brn\n|-damage|p2a: Swampert|50\/100 brn|[from] Stealth Rock\n|move|p1a: Slow Your Roll|Future Sight|p2a: Swampert\n|-start|p1a: Slow Your Roll|move: Future Sight\n|\n|-damage|p2a: Swampert|44\/100 brn|[from] brn\n|upkeep\n|turn|126\n|l| eclipse equinox\n|\n|t:|1638027411\n|move|p2a: Swampert|Flip Turn|p1a: Slow Your Roll\n|-resisted|p1a: Slow Your Roll\n|-damage|p1a: Slow Your Roll|95\/100\n|\n|t:|1638027415\n|switch|p2a: Blissey|Blissey, F|100\/100 psn|[from]move: Flip Turn\n|-damage|p2a: Blissey|88\/100 psn|[from] Stealth Rock\n|move|p1a: Slow Your Roll|Earthquake|p2a: Blissey\n|-damage|p2a: Blissey|73\/100 psn\n|\n|-damage|p2a: Blissey|61\/100 psn|[from] psn\n|upkeep\n|turn|127\n|j| Aazi\n|\n|t:|1638027434\n|switch|p1a: Foots Da Fern|Tangrowth, F|100\/100\n|move|p2a: Blissey|Thunder Wave|p1a: Foots Da Fern\n|-status|p1a: Foots Da Fern|par\n|\n|-end|p2a: Blissey|move: Future Sight\n|-damage|p2a: Blissey|46\/100 psn\n|-damage|p2a: Blissey|33\/100 psn|[from] psn\n|upkeep\n|turn|128\n|\n|t:|1638027443\n|switch|p2a: Corviknight|Corviknight, F|75\/100\n|-damage|p2a: Corviknight|62\/100|[from] Stealth Rock\n|-ability|p2a: Corviknight|Intimidate|boost\n|-unboost|p1a: Foots Da Fern|atk|1\n|move|p1a: Foots Da Fern|Knock Off|p2a: Corviknight\n|-damage|p2a: Corviknight|57\/100\n|\n|upkeep\n|turn|129\n|\n|t:|1638027450\n|switch|p1a: Pure Bliss|Blissey, F|100\/100\n|move|p2a: Corviknight|Defog|p1a: Pure Bliss\n|move|p1a: Pure Bliss|Defog|p2a: Corviknight|[from]ability: Magic Bounce\n|-unboost|p2a: Corviknight|evasion|1\n|-sideend|p2: gostop|Stealth Rock|[from] move: Defog|[of] p1a: Pure Bliss\n|\n|upkeep\n|turn|130\n|\n|t:|1638027458\n|switch|p2a: Blissey|Blissey, F|67\/100 psn\n|switch|p1a: Finite|Tapu Fini|100\/100 par\n|\n|-damage|p2a: Blissey|54\/100 psn|[from] psn\n|upkeep\n|turn|131\n|\n|t:|1638027462\n|switch|p2a: Swampert|Swampert, F|77\/100 brn\n|switch|p1a: Pure Bliss|Blissey, F|100\/100\n|\n|-damage|p2a: Swampert|71\/100 brn|[from] brn\n|upkeep\n|turn|132\n|\n|t:|1638027466\n|switch|p2a: Blissey|Blissey, F|88\/100 psn\n|move|p1a: Pure Bliss|Aromatherapy|p1a: Pure Bliss\n|-activate|p1a: Pure Bliss|move: Aromatherapy\n|-curestatus|p1: Foots Da Fern|par|[msg]\n|-curestatus|p1: Finite|par|[msg]\n|\n|-damage|p2a: Blissey|75\/100 psn|[from] psn\n|upkeep\n|turn|133\n|\n|t:|1638027481\n|move|p2a: Blissey|Thunder Wave|p1a: Pure Bliss\n|move|p1a: Pure Bliss|Thunder Wave|p2a: Blissey|[from]ability: Magic Bounce|[miss]\n|-miss|p1a: Pure Bliss|p2a: Blissey\n|move|p1a: Pure Bliss|Teleport|p1a: Pure Bliss\n|\n|t:|1638027486\n|switch|p1a: Make A Wish|Jirachi|100\/100|[from]move: Teleport\n|\n|-damage|p2a: Blissey|63\/100 psn|[from] psn\n|upkeep\n|turn|134\n|l| Ren\n|l| UnnerfTalonflame\n|l| Shing'n Streets\n|l| Aazi\n|\n|t:|1638027523\n|switch|p2a: Corviknight|Corviknight, F|57\/100\n|-ability|p2a: Corviknight|Intimidate|boost\n|-unboost|p1a: Make A Wish|atk|1\n|move|p1a: Make A Wish|Stealth Rock|p2a: Corviknight\n|-sidestart|p2: gostop|move: Stealth Rock\n|\n|upkeep\n|turn|135\n|\n|t:|1638027529\n|move|p1a: Make A Wish|Fire Punch|p2a: Corviknight\n|-supereffective|p2a: Corviknight\n|-damage|p2a: Corviknight|42\/100\n|move|p2a: Corviknight|Roost|p2a: Corviknight\n|-heal|p2a: Corviknight|92\/100\n|-singleturn|p2a: Corviknight|move: Roost\n|\n|upkeep\n|turn|136\n|\n|t:|1638027540\n|move|p1a: Make A Wish|Fire Punch|p2a: Corviknight\n|-supereffective|p2a: Corviknight\n|-damage|p2a: Corviknight|76\/100\n|move|p2a: Corviknight|Defog|p1a: Make A Wish\n|-unboost|p1a: Make A Wish|evasion|1\n|-sideend|p2: gostop|Stealth Rock|[from] move: Defog|[of] p2a: Corviknight\n|\n|upkeep\n|turn|137\n|\n|t:|1638027547\n|move|p1a: Make A Wish|Stealth Rock|p2a: Corviknight\n|-sidestart|p2: gostop|move: Stealth Rock\n|move|p2a: Corviknight|U-turn|p1a: Make A Wish\n|-damage|p1a: Make A Wish|89\/100\n|\n|t:|1638027554\n|switch|p2a: Blissey|Blissey, F|96\/100 psn|[from]move: U-turn\n|-damage|p2a: Blissey|84\/100 psn|[from] Stealth Rock\n|\n|-heal|p1a: Make A Wish|95\/100|[from] item: Leftovers\n|-damage|p2a: Blissey|71\/100 psn|[from] psn\n|upkeep\n|turn|138\n|c| ItsChew2|the progress in this game is immaculate\n|\n|t:|1638027573\n|switch|p1a: Da Pex|Toxapex, F|100\/100\n|switch|p2a: Swampert|Swampert, F|100\/100 brn\n|-damage|p2a: Swampert|94\/100 brn|[from] Stealth Rock\n|\n|-damage|p2a: Swampert|88\/100 brn|[from] brn\n|upkeep\n|turn|139\n|\n|t:|1638027609\n|switch|p1a: Pure Bliss|Blissey, F|100\/100\n|move|p2a: Swampert|Stealth Rock|p1a: Pure Bliss\n|move|p1a: Pure Bliss|Stealth Rock||[from]ability: Magic Bounce|[still]\n|-fail|p1a: Pure Bliss\n|\n|-damage|p2a: Swampert|82\/100 brn|[from] brn\n|upkeep\n|turn|140\n|\n|t:|1638027615\n|switch|p2a: Blissey|Blissey, F|100\/100 psn\n|-damage|p2a: Blissey|88\/100 psn|[from] Stealth Rock\n|move|p1a: Pure Bliss|Teleport|p1a: Pure Bliss\n|\n|t:|1638027619\n|switch|p1a: Da Pex|Toxapex, F|100\/100|[from]move: Teleport\n|\n|-damage|p2a: Blissey|76\/100 psn|[from] psn\n|upkeep\n|turn|141\n|\n|t:|1638027624\n|switch|p2a: Swampert|Swampert, F|100\/100 brn\n|-damage|p2a: Swampert|94\/100 brn|[from] Stealth Rock\n|move|p1a: Da Pex|Gastro Acid|p2a: Swampert\n|-endability|p2a: Swampert\n|\n|-damage|p2a: Swampert|88\/100 brn|[from] brn\n|upkeep\n|turn|142\n|\n|t:|1638027627\n|switch|p2a: Blissey|Blissey, F|100\/100 psn\n|-damage|p2a: Blissey|88\/100 psn|[from] Stealth Rock\n|switch|p1a: Pure Bliss|Blissey, F|100\/100\n|\n|-damage|p2a: Blissey|76\/100 psn|[from] psn\n|upkeep\n|turn|143\n|\n|t:|1638027630\n|switch|p2a: Swampert|Swampert, F|88\/100 brn\n|-damage|p2a: Swampert|82\/100 brn|[from] Stealth Rock\n|move|p1a: Pure Bliss|Teleport|p1a: Pure Bliss\n|\n|t:|1638027632\n|switch|p1a: Da Pex|Toxapex, F|100\/100|[from]move: Teleport\n|\n|-damage|p2a: Swampert|76\/100 brn|[from] brn\n|upkeep\n|turn|144\n|\n|t:|1638027635\n|switch|p2a: Blissey|Blissey, F|100\/100 psn\n|-damage|p2a: Blissey|88\/100 psn|[from] Stealth Rock\n|move|p1a: Da Pex|Gastro Acid|p2a: Blissey\n|-endability|p2a: Blissey\n|\n|-damage|p2a: Blissey|76\/100 psn|[from] psn\n|upkeep\n|turn|145\n|\n|t:|1638027639\n|switch|p2a: Swampert|Swampert, F|100\/100 brn\n|-damage|p2a: Swampert|94\/100 brn|[from] Stealth Rock\n|switch|p1a: Pure Bliss|Blissey, F|100\/100\n|\n|-damage|p2a: Swampert|88\/100 brn|[from] brn\n|upkeep\n|turn|146\n|j| Shing'n Streets\n|\n|t:|1638027643\n|switch|p2a: Blissey|Blissey, F|76\/100 psn\n|-damage|p2a: Blissey|63\/100 psn|[from] Stealth Rock\n|switch|p1a: Da Pex|Toxapex, F|100\/100\n|\n|-damage|p2a: Blissey|51\/100 psn|[from] psn\n|upkeep\n|turn|147\n|\n|t:|1638027646\n|switch|p2a: Swampert|Swampert, F|100\/100 brn\n|-damage|p2a: Swampert|94\/100 brn|[from] Stealth Rock\n|move|p1a: Da Pex|Gastro Acid|p2a: Swampert\n|-endability|p2a: Swampert\n|\n|-damage|p2a: Swampert|88\/100 brn|[from] brn\n|upkeep\n|turn|148\n|\n|t:|1638027655\n|switch|p2a: Blissey|Blissey, F|84\/100 psn\n|-damage|p2a: Blissey|72\/100 psn|[from] Stealth Rock\n|move|p1a: Da Pex|Gastro Acid|p2a: Blissey\n|-endability|p2a: Blissey\n|\n|-damage|p2a: Blissey|59\/100 psn|[from] psn\n|upkeep\n|turn|149\n|\n|t:|1638027662\n|move|p2a: Blissey|Thunder Wave|p1a: Da Pex\n|-status|p1a: Da Pex|par\n|move|p1a: Da Pex|Scald|p2a: Blissey\n|-damage|p2a: Blissey|53\/100 psn\n|\n|-damage|p2a: Blissey|41\/100 psn|[from] psn\n|upkeep\n|turn|150\n|\n|t:|1638027669\n|switch|p1a: Foots Da Fern|Tangrowth, F|100\/100\n|move|p2a: Blissey|Soft-Boiled|p2a: Blissey\n|-heal|p2a: Blissey|91\/100 psn\n|\n|-damage|p2a: Blissey|78\/100 psn|[from] psn\n|upkeep\n|turn|151\n|l| Shing'n Streets\n|\n|t:|1638027696\n|switch|p2a: Swampert|Swampert, F|88\/100 brn\n|-damage|p2a: Swampert|82\/100 brn|[from] Stealth Rock\n|switch|p1a: Make A Wish|Jirachi|95\/100\n|\n|-heal|p1a: Make A Wish|100\/100|[from] item: Leftovers\n|-damage|p2a: Swampert|76\/100 brn|[from] brn\n|upkeep\n|turn|152\n|j| UnnerfTalonflame\n|j| Ren\n|l| UnnerfTalonflame\n|\n|t:|1638027724\n|switch|p1a: Pure Bliss|Blissey, F|100\/100\n|switch|p2a: Blissey|Blissey, F|78\/100 psn\n|-damage|p2a: Blissey|66\/100 psn|[from] Stealth Rock\n|\n|-damage|p2a: Blissey|53\/100 psn|[from] psn\n|upkeep\n|turn|153\n|\n|t:|1638027731\n|switch|p2a: Swampert|Swampert, F|100\/100 brn\n|-damage|p2a: Swampert|94\/100 brn|[from] Stealth Rock\n|switch|p1a: Make A Wish|Jirachi|100\/100\n|\n|-damage|p2a: Swampert|88\/100 brn|[from] brn\n|upkeep\n|turn|154\n|l| iapt \u263e\n|j| iapt \u263e\n|\n|t:|1638027738\n|switch|p1a: Pure Bliss|Blissey, F|100\/100\n|switch|p2a: Blissey|Blissey, F|86\/100 psn\n|-damage|p2a: Blissey|74\/100 psn|[from] Stealth Rock\n|\n|-damage|p2a: Blissey|62\/100 psn|[from] psn\n|upkeep\n|turn|155\n|\n|t:|1638027743\n|switch|p2a: Swampert|Swampert, F|100\/100 brn\n|-damage|p2a: Swampert|94\/100 brn|[from] Stealth Rock\n|switch|p1a: Make A Wish|Jirachi|100\/100\n|\n|-damage|p2a: Swampert|88\/100 brn|[from] brn\n|upkeep\n|turn|156\n|\n|t:|1638027757\n|switch|p1a: Pure Bliss|Blissey, F|100\/100\n|switch|p2a: Blissey|Blissey, F|95\/100 psn\n|-damage|p2a: Blissey|82\/100 psn|[from] Stealth Rock\n|\n|-damage|p2a: Blissey|70\/100 psn|[from] psn\n|upkeep\n|turn|157\n|\n|t:|1638027763\n|switch|p2a: Swampert|Swampert, F|100\/100 brn\n|-damage|p2a: Swampert|94\/100 brn|[from] Stealth Rock\n|switch|p1a: Make A Wish|Jirachi|100\/100\n|\n|-damage|p2a: Swampert|88\/100 brn|[from] brn\n|upkeep\n|turn|158\n|\n|t:|1638027771\n|switch|p1a: Pure Bliss|Blissey, F|100\/100\n|switch|p2a: Blissey|Blissey, F|100\/100 psn\n|-damage|p2a: Blissey|88\/100 psn|[from] Stealth Rock\n|\n|-damage|p2a: Blissey|76\/100 psn|[from] psn\n|upkeep\n|turn|159\n|\n|t:|1638027774\n|switch|p2a: Swampert|Swampert, F|100\/100 brn\n|-damage|p2a: Swampert|94\/100 brn|[from] Stealth Rock\n|switch|p1a: Make A Wish|Jirachi|100\/100\n|\n|-damage|p2a: Swampert|88\/100 brn|[from] brn\n|upkeep\n|turn|160\n|\n|t:|1638027778\n|switch|p1a: Pure Bliss|Blissey, F|100\/100\n|switch|p2a: Blissey|Blissey, F|100\/100 psn\n|-damage|p2a: Blissey|88\/100 psn|[from] Stealth Rock\n|\n|-damage|p2a: Blissey|76\/100 psn|[from] psn\n|upkeep\n|turn|161\n|\n|t:|1638027787\n|switch|p2a: Swampert|Swampert, F|100\/100 brn\n|-damage|p2a: Swampert|94\/100 brn|[from] Stealth Rock\n|switch|p1a: Slow Your Roll|Slowking, F, shiny|100\/100\n|\n|-damage|p2a: Swampert|88\/100 brn|[from] brn\n|upkeep\n|turn|162\n|\n|t:|1638027793\n|switch|p2a: Blissey|Blissey, F|100\/100 psn\n|-damage|p2a: Blissey|88\/100 psn|[from] Stealth Rock\n|move|p1a: Slow Your Roll|Future Sight|p2a: Blissey\n|-start|p1a: Slow Your Roll|move: Future Sight\n|\n|-damage|p2a: Blissey|76\/100 psn|[from] psn\n|upkeep\n|turn|163\n|\n|t:|1638027801\n|switch|p1a: Make A Wish|Jirachi|100\/100\n|move|p2a: Blissey|Thunder Wave|p1a: Make A Wish\n|-immune|p1a: Make A Wish|[from] ability: Volt Absorb\n|\n|-damage|p2a: Blissey|63\/100 psn|[from] psn\n|upkeep\n|turn|164\n|\n|t:|1638027817\n|switch|p2a: Swampert|Swampert, F|100\/100 brn\n|-damage|p2a: Swampert|94\/100 brn|[from] Stealth Rock\n|move|p1a: Make A Wish|Fire Punch|p2a: Swampert\n|-resisted|p2a: Swampert\n|-damage|p2a: Swampert|89\/100 brn\n|\n|-end|p2a: Swampert|move: Future Sight\n|-damage|p2a: Swampert|53\/100 brn\n|-damage|p2a: Swampert|46\/100 brn|[from] brn\n|upkeep\n|turn|165\n|\n|t:|1638027827\n|switch|p1a: Pure Bliss|Blissey, F|100\/100\n|switch|p2a: Blissey|Blissey, F|96\/100 psn\n|-damage|p2a: Blissey|84\/100 psn|[from] Stealth Rock\n|\n|-damage|p2a: Blissey|72\/100 psn|[from] psn\n|upkeep\n|turn|166\n|n|+Greybaum@!|greybaum\n|j| Shing'n Streets\n|j| WwlWss\n|c|\u2606gostop|t\n|\n|t:|1638027936\n|switch|p2a: Swampert|Swampert, F|80\/100 brn\n|-damage|p2a: Swampert|73\/100 brn|[from] Stealth Rock\n|switch|p1a: Make A Wish|Jirachi|100\/100\n|\n|-damage|p2a: Swampert|67\/100 brn|[from] brn\n|upkeep\n|turn|167\n|\n|t:|1638027944\n|switch|p1a: Foots Da Fern|Tangrowth, F|100\/100\n|switch|p2a: Blissey|Blissey, F|100\/100 psn\n|-damage|p2a: Blissey|88\/100 psn|[from] Stealth Rock\n|\n|-damage|p2a: Blissey|76\/100 psn|[from] psn\n|upkeep\n|turn|168\n|\n|t:|1638027950\n|switch|p2a: Swampert|Swampert, F|100\/100 brn\n|-damage|p2a: Swampert|94\/100 brn|[from] Stealth Rock\n|switch|p1a: Da Pex|Toxapex, F|100\/100 par\n|\n|-damage|p2a: Swampert|88\/100 brn|[from] brn\n|upkeep\n|turn|169\n|\n|t:|1638027965\n|switch|p1a: Slow Your Roll|Slowking, F, shiny|100\/100\n|move|p2a: Swampert|Flip Turn|p1a: Slow Your Roll\n|-resisted|p1a: Slow Your Roll\n|-damage|p1a: Slow Your Roll|95\/100\n|\n|t:|1638027972\n|switch|p2a: Blissey|Blissey, F|100\/100 psn|[from]move: Flip Turn\n|-damage|p2a: Blissey|88\/100 psn|[from] Stealth Rock\n|\n|-damage|p2a: Blissey|76\/100 psn|[from] psn\n|upkeep\n|turn|170\n|\n|t:|1638027975\n|switch|p2a: Swampert|Swampert, F|100\/100 brn\n|-damage|p2a: Swampert|94\/100 brn|[from] Stealth Rock\n|switch|p1a: Make A Wish|Jirachi|100\/100\n|\n|-damage|p2a: Swampert|88\/100 brn|[from] brn\n|upkeep\n|turn|171\n|\n|t:|1638027979\n|switch|p1a: Pure Bliss|Blissey, F|100\/100\n|switch|p2a: Blissey|Blissey, F|100\/100 psn\n|-damage|p2a: Blissey|88\/100 psn|[from] Stealth Rock\n|\n|-damage|p2a: Blissey|76\/100 psn|[from] psn\n|upkeep\n|turn|172\n|\n|t:|1638027983\n|switch|p2a: Swampert|Swampert, F|100\/100 brn\n|-damage|p2a: Swampert|94\/100 brn|[from] Stealth Rock\n|switch|p1a: Da Pex|Toxapex, F|100\/100 par\n|\n|-damage|p2a: Swampert|88\/100 brn|[from] brn\n|upkeep\n|turn|173\n|\n|t:|1638028002\n|switch|p2a: Blissey|Blissey, F|100\/100 psn\n|-damage|p2a: Blissey|88\/100 psn|[from] Stealth Rock\n|switch|p1a: Pure Bliss|Blissey, F|100\/100\n|\n|-damage|p2a: Blissey|76\/100 psn|[from] psn\n|upkeep\n|turn|174\n|\n|t:|1638028014\n|switch|p2a: Swampert|Swampert, F|100\/100 brn\n|-damage|p2a: Swampert|94\/100 brn|[from] Stealth Rock\n|switch|p1a: Foots Da Fern|Tangrowth, F|100\/100\n|\n|-damage|p2a: Swampert|88\/100 brn|[from] brn\n|upkeep\n|turn|175\n|\n|t:|1638028030\n|switch|p1a: Pure Bliss|Blissey, F|100\/100\n|switch|p2a: Blissey|Blissey, F|100\/100 psn\n|-damage|p2a: Blissey|88\/100 psn|[from] Stealth Rock\n|\n|-damage|p2a: Blissey|76\/100 psn|[from] psn\n|upkeep\n|turn|176\n|\n|t:|1638028052\n|switch|p2a: Swampert|Swampert, F|100\/100 brn\n|-damage|p2a: Swampert|94\/100 brn|[from] Stealth Rock\n|switch|p1a: Make A Wish|Jirachi|100\/100\n|\n|-damage|p2a: Swampert|88\/100 brn|[from] brn\n|upkeep\n|turn|177\n|\n|t:|1638028088\n|switch|p1a: Pure Bliss|Blissey, F|100\/100\n|switch|p2a: Blissey|Blissey, F|100\/100 psn\n|-damage|p2a: Blissey|88\/100 psn|[from] Stealth Rock\n|\n|-damage|p2a: Blissey|76\/100 psn|[from] psn\n|upkeep\n|turn|178\n|j| Le Dieunnotor\n|j| drphdbj\n|l| drphdbj\n|l| Ren\n|c|\u2606gostop|t\n|n|+Greybaum|greybaum\n|\n|t:|1638028252\n|switch|p2a: Swampert|Swampert, F|100\/100 brn\n|-damage|p2a: Swampert|94\/100 brn|[from] Stealth Rock\n|switch|p1a: Finite|Tapu Fini|100\/100\n|\n|-damage|p2a: Swampert|88\/100 brn|[from] brn\n|upkeep\n|turn|179\n|l| Shing'n Streets\n|l| Le Dieunnotor\n|c|\u2606gostop|t\n|j| Ren\n|\n|t:|1638028333\n|switch|p1a: Pure Bliss|Blissey, F|100\/100\n|switch|p2a: Blissey|Blissey, F|100\/100 psn\n|-damage|p2a: Blissey|88\/100 psn|[from] Stealth Rock\n|\n|-damage|p2a: Blissey|76\/100 psn|[from] psn\n|upkeep\n|turn|180\n|l|@Think~?\n|\n|t:|1638028374\n|switch|p2a: Swampert|Swampert, F|100\/100 brn\n|-damage|p2a: Swampert|94\/100 brn|[from] Stealth Rock\n|switch|p1a: Make A Wish|Jirachi|100\/100\n|\n|-damage|p2a: Swampert|88\/100 brn|[from] brn\n|upkeep\n|turn|181\n|l| Menacing supernova\n|\n|t:|1638028429\n|switch|p1a: Pure Bliss|Blissey, F|100\/100\n|switch|p2a: Blissey|Blissey, F|100\/100 psn\n|-damage|p2a: Blissey|88\/100 psn|[from] Stealth Rock\n|\n|-damage|p2a: Blissey|76\/100 psn|[from] psn\n|upkeep\n|turn|182\n|\n|t:|1638028434\n|switch|p2a: Swampert|Swampert, F|100\/100 brn\n|-damage|p2a: Swampert|94\/100 brn|[from] Stealth Rock\n|move|p1a: Pure Bliss|Teleport|p1a: Pure Bliss\n|\n|t:|1638028436\n|switch|p1a: Make A Wish|Jirachi|100\/100|[from]move: Teleport\n|\n|-damage|p2a: Swampert|88\/100 brn|[from] brn\n|upkeep\n|turn|183\n|\n|t:|1638028447\n|switch|p1a: Pure Bliss|Blissey, F|100\/100\n|switch|p2a: Blissey|Blissey, F|100\/100 psn\n|-damage|p2a: Blissey|88\/100 psn|[from] Stealth Rock\n|\n|-damage|p2a: Blissey|76\/100 psn|[from] psn\n|upkeep\n|turn|184\n|j| QY_CS\n|\n|t:|1638028508\n|switch|p2a: Swampert|Swampert, F|100\/100 brn\n|-damage|p2a: Swampert|94\/100 brn|[from] Stealth Rock\n|switch|p1a: Make A Wish|Jirachi|100\/100\n|\n|-damage|p2a: Swampert|88\/100 brn|[from] brn\n|upkeep\n|turn|185\n|j| drphdbj\n|j|@Think~?\n|\n|t:|1638028574\n|switch|p1a: Pure Bliss|Blissey, F|100\/100\n|switch|p2a: Blissey|Blissey, F|100\/100 psn\n|-damage|p2a: Blissey|88\/100 psn|[from] Stealth Rock\n|\n|-damage|p2a: Blissey|76\/100 psn|[from] psn\n|upkeep\n|turn|186\n|\n|t:|1638028644\n|switch|p2a: Swampert|Swampert, F|100\/100 brn\n|-damage|p2a: Swampert|94\/100 brn|[from] Stealth Rock\n|switch|p1a: Make A Wish|Jirachi|100\/100\n|\n|-damage|p2a: Swampert|88\/100 brn|[from] brn\n|upkeep\n|turn|187\n|j| F3I\n|\n|t:|1638028651\n|switch|p2a: Blissey|Blissey, F|100\/100 psn\n|-damage|p2a: Blissey|88\/100 psn|[from] Stealth Rock\n|move|p1a: Make A Wish|Fire Punch|p2a: Blissey\n|-damage|p2a: Blissey|72\/100 psn\n|\n|-damage|p2a: Blissey|59\/100 psn|[from] psn\n|upkeep\n|turn|188\n|\n|t:|1638028661\n|switch|p1a: Finite|Tapu Fini|100\/100\n|switch|p2a: Swampert|Swampert, F|100\/100 brn\n|-damage|p2a: Swampert|94\/100 brn|[from] Stealth Rock\n|\n|-damage|p2a: Swampert|88\/100 brn|[from] brn\n|upkeep\n|turn|189\n|\n|t:|1638028665\n|switch|p2a: Blissey|Blissey, F|93\/100 psn\n|-damage|p2a: Blissey|80\/100 psn|[from] Stealth Rock\n|move|p1a: Finite|Moonblast|p2a: Blissey\n|-damage|p2a: Blissey|68\/100 psn\n|\n|-damage|p2a: Blissey|56\/100 psn|[from] psn\n|upkeep\n|turn|190\n|\n|t:|1638028677\n|switch|p1a: Pure Bliss|Blissey, F|100\/100\n|switch|p2a: Swampert|Swampert, F|100\/100 brn\n|-damage|p2a: Swampert|94\/100 brn|[from] Stealth Rock\n|\n|-damage|p2a: Swampert|88\/100 brn|[from] brn\n|upkeep\n|turn|191\n|\n|t:|1638028682\n|switch|p2a: Blissey|Blissey, F|89\/100 psn\n|-damage|p2a: Blissey|77\/100 psn|[from] Stealth Rock\n|move|p1a: Pure Bliss|Teleport|p1a: Pure Bliss\n|\n|t:|1638028686\n|switch|p1a: Make A Wish|Jirachi|100\/100|[from]move: Teleport\n|\n|-damage|p2a: Blissey|64\/100 psn|[from] psn\n|upkeep\n|turn|192\n|\n|t:|1638028691\n|switch|p2a: Swampert|Swampert, F|100\/100 brn\n|-damage|p2a: Swampert|94\/100 brn|[from] Stealth Rock\n|move|p1a: Make A Wish|Fire Punch|p2a: Swampert\n|-resisted|p2a: Swampert\n|-damage|p2a: Swampert|89\/100 brn\n|\n|-damage|p2a: Swampert|83\/100 brn|[from] brn\n|upkeep\n|turn|193\n|\n|t:|1638028698\n|switch|p1a: Pure Bliss|Blissey, F|100\/100\n|switch|p2a: Blissey|Blissey, F|98\/100 psn\n|-damage|p2a: Blissey|85\/100 psn|[from] Stealth Rock\n|\n|-damage|p2a: Blissey|73\/100 psn|[from] psn\n|upkeep\n|turn|194\n|l| F3I\n|\n|t:|1638028743\n|switch|p2a: Swampert|Swampert, F|100\/100 brn\n|-damage|p2a: Swampert|94\/100 brn|[from] Stealth Rock\n|switch|p1a: Make A Wish|Jirachi|100\/100\n|\n|-damage|p2a: Swampert|88\/100 brn|[from] brn\n|upkeep\n|turn|195\n|j|+Dragonillis\n|inactive|Battle timer is ON: inactive players will automatically lose when time's up. (requested by gostop)\n|\n|t:|1638028774\n|switch|p1a: Pure Bliss|Blissey, F|100\/100\n|switch|p2a: Blissey|Blissey, F|100\/100 psn\n|-damage|p2a: Blissey|88\/100 psn|[from] Stealth Rock\n|\n|-damage|p2a: Blissey|76\/100 psn|[from] psn\n|upkeep\n|turn|196\n|\n|t:|1638028780\n|switch|p2a: Swampert|Swampert, F|100\/100 brn\n|-damage|p2a: Swampert|94\/100 brn|[from] Stealth Rock\n|switch|p1a: Make A Wish|Jirachi|100\/100\n|\n|-damage|p2a: Swampert|88\/100 brn|[from] brn\n|upkeep\n|turn|197\n|n| Bekaka|bekaray\n|j|+SFG\n|\n|t:|1638028785\n|switch|p1a: Pure Bliss|Blissey, F|100\/100\n|switch|p2a: Blissey|Blissey, F|100\/100 psn\n|-damage|p2a: Blissey|88\/100 psn|[from] Stealth Rock\n|\n|-damage|p2a: Blissey|76\/100 psn|[from] psn\n|upkeep\n|turn|198\n|\n|t:|1638028787\n|switch|p2a: Swampert|Swampert, F|100\/100 brn\n|-damage|p2a: Swampert|94\/100 brn|[from] Stealth Rock\n|switch|p1a: Make A Wish|Jirachi|100\/100\n|\n|-damage|p2a: Swampert|88\/100 brn|[from] brn\n|upkeep\n|turn|199\n|\n|t:|1638028789\n|switch|p1a: Pure Bliss|Blissey, F|100\/100\n|switch|p2a: Blissey|Blissey, F|100\/100 psn\n|-damage|p2a: Blissey|88\/100 psn|[from] Stealth Rock\n|\n|-damage|p2a: Blissey|76\/100 psn|[from] psn\n|upkeep\n|turn|200\n|\n|t:|1638028791\n|switch|p2a: Swampert|Swampert, F|100\/100 brn\n|-damage|p2a: Swampert|94\/100 brn|[from] Stealth Rock\n|switch|p1a: Make A Wish|Jirachi|100\/100\n|\n|-damage|p2a: Swampert|88\/100 brn|[from] brn\n|upkeep\n|turn|201\n|\n|t:|1638028793\n|switch|p1a: Pure Bliss|Blissey, F|100\/100\n|switch|p2a: Blissey|Blissey, F|100\/100 psn\n|-damage|p2a: Blissey|88\/100 psn|[from] Stealth Rock\n|\n|-damage|p2a: Blissey|76\/100 psn|[from] psn\n|upkeep\n|turn|202\n|\n|t:|1638028795\n|switch|p2a: Swampert|Swampert, F|100\/100 brn\n|-damage|p2a: Swampert|94\/100 brn|[from] Stealth Rock\n|switch|p1a: Make A Wish|Jirachi|100\/100\n|\n|-damage|p2a: Swampert|88\/100 brn|[from] brn\n|upkeep\n|turn|203\n|\n|t:|1638028797\n|switch|p1a: Pure Bliss|Blissey, F|100\/100\n|switch|p2a: Blissey|Blissey, F|100\/100 psn\n|-damage|p2a: Blissey|88\/100 psn|[from] Stealth Rock\n|\n|-damage|p2a: Blissey|76\/100 psn|[from] psn\n|upkeep\n|turn|204\n|\n|t:|1638028799\n|switch|p2a: Swampert|Swampert, F|100\/100 brn\n|-damage|p2a: Swampert|94\/100 brn|[from] Stealth Rock\n|switch|p1a: Make A Wish|Jirachi|100\/100\n|\n|-damage|p2a: Swampert|88\/100 brn|[from] brn\n|upkeep\n|turn|205\n|\n|t:|1638028800\n|switch|p1a: Pure Bliss|Blissey, F|100\/100\n|switch|p2a: Blissey|Blissey, F|100\/100 psn\n|-damage|p2a: Blissey|88\/100 psn|[from] Stealth Rock\n|\n|-damage|p2a: Blissey|76\/100 psn|[from] psn\n|upkeep\n|turn|206\n|\n|t:|1638028802\n|switch|p2a: Swampert|Swampert, F|100\/100 brn\n|-damage|p2a: Swampert|94\/100 brn|[from] Stealth Rock\n|switch|p1a: Make A Wish|Jirachi|100\/100\n|\n|-damage|p2a: Swampert|88\/100 brn|[from] brn\n|upkeep\n|turn|207\n|\n|t:|1638028804\n|switch|p1a: Pure Bliss|Blissey, F|100\/100\n|switch|p2a: Blissey|Blissey, F|100\/100 psn\n|-damage|p2a: Blissey|88\/100 psn|[from] Stealth Rock\n|\n|-damage|p2a: Blissey|76\/100 psn|[from] psn\n|upkeep\n|turn|208\n|\n|t:|1638028806\n|switch|p2a: Swampert|Swampert, F|100\/100 brn\n|-damage|p2a: Swampert|94\/100 brn|[from] Stealth Rock\n|switch|p1a: Make A Wish|Jirachi|100\/100\n|\n|-damage|p2a: Swampert|88\/100 brn|[from] brn\n|upkeep\n|turn|209\n|\n|t:|1638028809\n|switch|p1a: Pure Bliss|Blissey, F|100\/100\n|switch|p2a: Blissey|Blissey, F|100\/100 psn\n|-damage|p2a: Blissey|88\/100 psn|[from] Stealth Rock\n|\n|-damage|p2a: Blissey|76\/100 psn|[from] psn\n|upkeep\n|turn|210\n|\n|t:|1638028811\n|switch|p2a: Swampert|Swampert, F|100\/100 brn\n|-damage|p2a: Swampert|94\/100 brn|[from] Stealth Rock\n|switch|p1a: Make A Wish|Jirachi|100\/100\n|\n|-damage|p2a: Swampert|88\/100 brn|[from] brn\n|upkeep\n|turn|211\n|\n|t:|1638028813\n|switch|p1a: Pure Bliss|Blissey, F|100\/100\n|switch|p2a: Blissey|Blissey, F|100\/100 psn\n|-damage|p2a: Blissey|88\/100 psn|[from] Stealth Rock\n|\n|-damage|p2a: Blissey|76\/100 psn|[from] psn\n|upkeep\n|turn|212\n|\n|t:|1638028816\n|switch|p2a: Swampert|Swampert, F|100\/100 brn\n|-damage|p2a: Swampert|94\/100 brn|[from] Stealth Rock\n|switch|p1a: Make A Wish|Jirachi|100\/100\n|\n|-damage|p2a: Swampert|88\/100 brn|[from] brn\n|upkeep\n|turn|213\n|\n|t:|1638028818\n|switch|p1a: Pure Bliss|Blissey, F|100\/100\n|switch|p2a: Blissey|Blissey, F|100\/100 psn\n|-damage|p2a: Blissey|88\/100 psn|[from] Stealth Rock\n|\n|-damage|p2a: Blissey|76\/100 psn|[from] psn\n|upkeep\n|turn|214\n|j| XxSevagxX\n|\n|t:|1638028820\n|switch|p2a: Swampert|Swampert, F|100\/100 brn\n|-damage|p2a: Swampert|94\/100 brn|[from] Stealth Rock\n|switch|p1a: Make A Wish|Jirachi|100\/100\n|\n|-damage|p2a: Swampert|88\/100 brn|[from] brn\n|upkeep\n|turn|215\n|\n|t:|1638028828\n|switch|p1a: Pure Bliss|Blissey, F|100\/100\n|switch|p2a: Blissey|Blissey, F|100\/100 psn\n|-damage|p2a: Blissey|88\/100 psn|[from] Stealth Rock\n|\n|-damage|p2a: Blissey|76\/100 psn|[from] psn\n|upkeep\n|turn|216\n|\n|t:|1638028829\n|switch|p2a: Swampert|Swampert, F|100\/100 brn\n|-damage|p2a: Swampert|94\/100 brn|[from] Stealth Rock\n|switch|p1a: Make A Wish|Jirachi|100\/100\n|\n|-damage|p2a: Swampert|88\/100 brn|[from] brn\n|upkeep\n|turn|217\n|\n|t:|1638028831\n|switch|p1a: Pure Bliss|Blissey, F|100\/100\n|switch|p2a: Blissey|Blissey, F|100\/100 psn\n|-damage|p2a: Blissey|88\/100 psn|[from] Stealth Rock\n|\n|-damage|p2a: Blissey|76\/100 psn|[from] psn\n|upkeep\n|turn|218\n|\n|t:|1638028833\n|switch|p2a: Swampert|Swampert, F|100\/100 brn\n|-damage|p2a: Swampert|94\/100 brn|[from] Stealth Rock\n|switch|p1a: Make A Wish|Jirachi|100\/100\n|\n|-damage|p2a: Swampert|88\/100 brn|[from] brn\n|upkeep\n|turn|219\n|\n|t:|1638028835\n|switch|p1a: Pure Bliss|Blissey, F|100\/100\n|switch|p2a: Blissey|Blissey, F|100\/100 psn\n|-damage|p2a: Blissey|88\/100 psn|[from] Stealth Rock\n|\n|-damage|p2a: Blissey|76\/100 psn|[from] psn\n|upkeep\n|turn|220\n|\n|t:|1638028836\n|switch|p2a: Swampert|Swampert, F|100\/100 brn\n|-damage|p2a: Swampert|94\/100 brn|[from] Stealth Rock\n|switch|p1a: Make A Wish|Jirachi|100\/100\n|\n|-damage|p2a: Swampert|88\/100 brn|[from] brn\n|upkeep\n|turn|221\n|\n|t:|1638028838\n|switch|p1a: Pure Bliss|Blissey, F|100\/100\n|switch|p2a: Blissey|Blissey, F|100\/100 psn\n|-damage|p2a: Blissey|88\/100 psn|[from] Stealth Rock\n|\n|-damage|p2a: Blissey|76\/100 psn|[from] psn\n|upkeep\n|turn|222\n|\n|t:|1638028841\n|switch|p2a: Swampert|Swampert, F|100\/100 brn\n|-damage|p2a: Swampert|94\/100 brn|[from] Stealth Rock\n|switch|p1a: Make A Wish|Jirachi|100\/100\n|\n|-damage|p2a: Swampert|88\/100 brn|[from] brn\n|upkeep\n|turn|223\n|\n|t:|1638028842\n|switch|p1a: Pure Bliss|Blissey, F|100\/100\n|switch|p2a: Blissey|Blissey, F|100\/100 psn\n|-damage|p2a: Blissey|88\/100 psn|[from] Stealth Rock\n|\n|-damage|p2a: Blissey|76\/100 psn|[from] psn\n|upkeep\n|turn|224\n|\n|t:|1638028844\n|switch|p2a: Swampert|Swampert, F|100\/100 brn\n|-damage|p2a: Swampert|94\/100 brn|[from] Stealth Rock\n|switch|p1a: Make A Wish|Jirachi|100\/100\n|\n|-damage|p2a: Swampert|88\/100 brn|[from] brn\n|upkeep\n|turn|225\n|\n|t:|1638028845\n|switch|p1a: Pure Bliss|Blissey, F|100\/100\n|switch|p2a: Blissey|Blissey, F|100\/100 psn\n|-damage|p2a: Blissey|88\/100 psn|[from] Stealth Rock\n|\n|-damage|p2a: Blissey|76\/100 psn|[from] psn\n|upkeep\n|turn|226\n|\n|t:|1638028847\n|switch|p2a: Swampert|Swampert, F|100\/100 brn\n|-damage|p2a: Swampert|94\/100 brn|[from] Stealth Rock\n|switch|p1a: Make A Wish|Jirachi|100\/100\n|\n|-damage|p2a: Swampert|88\/100 brn|[from] brn\n|upkeep\n|turn|227\n|\n|t:|1638028848\n|switch|p1a: Pure Bliss|Blissey, F|100\/100\n|switch|p2a: Blissey|Blissey, F|100\/100 psn\n|-damage|p2a: Blissey|88\/100 psn|[from] Stealth Rock\n|\n|-damage|p2a: Blissey|76\/100 psn|[from] psn\n|upkeep\n|turn|228\n|\n|t:|1638028850\n|switch|p2a: Swampert|Swampert, F|100\/100 brn\n|-damage|p2a: Swampert|94\/100 brn|[from] Stealth Rock\n|switch|p1a: Make A Wish|Jirachi|100\/100\n|\n|-damage|p2a: Swampert|88\/100 brn|[from] brn\n|upkeep\n|turn|229\n|\n|t:|1638028852\n|switch|p1a: Pure Bliss|Blissey, F|100\/100\n|switch|p2a: Blissey|Blissey, F|100\/100 psn\n|-damage|p2a: Blissey|88\/100 psn|[from] Stealth Rock\n|\n|-damage|p2a: Blissey|76\/100 psn|[from] psn\n|upkeep\n|turn|230\n|\n|t:|1638028854\n|switch|p2a: Swampert|Swampert, F|100\/100 brn\n|-damage|p2a: Swampert|94\/100 brn|[from] Stealth Rock\n|switch|p1a: Make A Wish|Jirachi|100\/100\n|\n|-damage|p2a: Swampert|88\/100 brn|[from] brn\n|upkeep\n|turn|231\n|\n|t:|1638028856\n|switch|p1a: Pure Bliss|Blissey, F|100\/100\n|switch|p2a: Blissey|Blissey, F|100\/100 psn\n|-damage|p2a: Blissey|88\/100 psn|[from] Stealth Rock\n|\n|-damage|p2a: Blissey|76\/100 psn|[from] psn\n|upkeep\n|turn|232\n|\n|t:|1638028858\n|switch|p2a: Swampert|Swampert, F|100\/100 brn\n|-damage|p2a: Swampert|94\/100 brn|[from] Stealth Rock\n|switch|p1a: Make A Wish|Jirachi|100\/100\n|\n|-damage|p2a: Swampert|88\/100 brn|[from] brn\n|upkeep\n|turn|233\n|\n|t:|1638028865\n|switch|p1a: Pure Bliss|Blissey, F|100\/100\n|switch|p2a: Blissey|Blissey, F|100\/100 psn\n|-damage|p2a: Blissey|88\/100 psn|[from] Stealth Rock\n|\n|-damage|p2a: Blissey|76\/100 psn|[from] psn\n|upkeep\n|turn|234\n|\n|t:|1638028870\n|switch|p2a: Swampert|Swampert, F|100\/100 brn\n|-damage|p2a: Swampert|94\/100 brn|[from] Stealth Rock\n|switch|p1a: Make A Wish|Jirachi|100\/100\n|\n|-damage|p2a: Swampert|88\/100 brn|[from] brn\n|upkeep\n|turn|235\n|\n|t:|1638028880\n|switch|p1a: Pure Bliss|Blissey, F|100\/100\n|switch|p2a: Blissey|Blissey, F|100\/100 psn\n|-damage|p2a: Blissey|88\/100 psn|[from] Stealth Rock\n|\n|-damage|p2a: Blissey|76\/100 psn|[from] psn\n|upkeep\n|turn|236\n|j| quojova\n|j| Givra no bi \u262f\n|\n|t:|1638028896\n|switch|p2a: Swampert|Swampert, F|100\/100 brn\n|-damage|p2a: Swampert|94\/100 brn|[from] Stealth Rock\n|switch|p1a: Make A Wish|Jirachi|100\/100\n|\n|-damage|p2a: Swampert|88\/100 brn|[from] brn\n|upkeep\n|turn|237\n|\n|t:|1638028906\n|switch|p1a: Pure Bliss|Blissey, F|100\/100\n|switch|p2a: Blissey|Blissey, F|100\/100 psn\n|-damage|p2a: Blissey|88\/100 psn|[from] Stealth Rock\n|\n|-damage|p2a: Blissey|76\/100 psn|[from] psn\n|upkeep\n|turn|238\n|\n|t:|1638028912\n|switch|p2a: Swampert|Swampert, F|100\/100 brn\n|-damage|p2a: Swampert|94\/100 brn|[from] Stealth Rock\n|switch|p1a: Make A Wish|Jirachi|100\/100\n|\n|-damage|p2a: Swampert|88\/100 brn|[from] brn\n|upkeep\n|turn|239\n|\n|t:|1638028917\n|switch|p1a: Pure Bliss|Blissey, F|100\/100\n|switch|p2a: Blissey|Blissey, F|100\/100 psn\n|-damage|p2a: Blissey|88\/100 psn|[from] Stealth Rock\n|\n|-damage|p2a: Blissey|76\/100 psn|[from] psn\n|upkeep\n|turn|240\n|c| mudkipbowl|oh my we are still going\n|j| imkaylooo\n|\n|t:|1638028925\n|switch|p2a: Swampert|Swampert, F|100\/100 brn\n|-damage|p2a: Swampert|94\/100 brn|[from] Stealth Rock\n|switch|p1a: Make A Wish|Jirachi|100\/100\n|\n|-damage|p2a: Swampert|88\/100 brn|[from] brn\n|upkeep\n|turn|241\n|\n|t:|1638028933\n|switch|p1a: Pure Bliss|Blissey, F|100\/100\n|switch|p2a: Blissey|Blissey, F|100\/100 psn\n|-damage|p2a: Blissey|88\/100 psn|[from] Stealth Rock\n|\n|-damage|p2a: Blissey|76\/100 psn|[from] psn\n|upkeep\n|turn|242\n|\n|t:|1638028938\n|switch|p2a: Swampert|Swampert, F|100\/100 brn\n|-damage|p2a: Swampert|94\/100 brn|[from] Stealth Rock\n|switch|p1a: Make A Wish|Jirachi|100\/100\n|\n|-damage|p2a: Swampert|88\/100 brn|[from] brn\n|upkeep\n|turn|243\n|\n|t:|1638028943\n|switch|p1a: Pure Bliss|Blissey, F|100\/100\n|switch|p2a: Blissey|Blissey, F|100\/100 psn\n|-damage|p2a: Blissey|88\/100 psn|[from] Stealth Rock\n|\n|-damage|p2a: Blissey|76\/100 psn|[from] psn\n|upkeep\n|turn|244\n|\n|t:|1638028948\n|switch|p2a: Swampert|Swampert, F|100\/100 brn\n|-damage|p2a: Swampert|94\/100 brn|[from] Stealth Rock\n|switch|p1a: Make A Wish|Jirachi|100\/100\n|\n|-damage|p2a: Swampert|88\/100 brn|[from] brn\n|upkeep\n|turn|245\n|\n|t:|1638028953\n|switch|p1a: Pure Bliss|Blissey, F|100\/100\n|switch|p2a: Blissey|Blissey, F|100\/100 psn\n|-damage|p2a: Blissey|88\/100 psn|[from] Stealth Rock\n|\n|-damage|p2a: Blissey|76\/100 psn|[from] psn\n|upkeep\n|turn|246\n|\n|t:|1638028957\n|switch|p2a: Swampert|Swampert, F|100\/100 brn\n|-damage|p2a: Swampert|94\/100 brn|[from] Stealth Rock\n|switch|p1a: Make A Wish|Jirachi|100\/100\n|\n|-damage|p2a: Swampert|88\/100 brn|[from] brn\n|upkeep\n|turn|247\n|\n|t:|1638028960\n|switch|p1a: Pure Bliss|Blissey, F|100\/100\n|switch|p2a: Blissey|Blissey, F|100\/100 psn\n|-damage|p2a: Blissey|88\/100 psn|[from] Stealth Rock\n|\n|-damage|p2a: Blissey|76\/100 psn|[from] psn\n|upkeep\n|turn|248\n|\n|t:|1638028964\n|switch|p2a: Swampert|Swampert, F|100\/100 brn\n|-damage|p2a: Swampert|94\/100 brn|[from] Stealth Rock\n|switch|p1a: Make A Wish|Jirachi|100\/100\n|\n|-damage|p2a: Swampert|88\/100 brn|[from] brn\n|upkeep\n|turn|249\n|\n|t:|1638028967\n|switch|p1a: Pure Bliss|Blissey, F|100\/100\n|switch|p2a: Blissey|Blissey, F|100\/100 psn\n|-damage|p2a: Blissey|88\/100 psn|[from] Stealth Rock\n|\n|-damage|p2a: Blissey|76\/100 psn|[from] psn\n|upkeep\n|turn|250\n|\n|t:|1638028970\n|switch|p2a: Swampert|Swampert, F|100\/100 brn\n|-damage|p2a: Swampert|94\/100 brn|[from] Stealth Rock\n|switch|p1a: Make A Wish|Jirachi|100\/100\n|\n|-damage|p2a: Swampert|88\/100 brn|[from] brn\n|upkeep\n|turn|251\n|\n|t:|1638028973\n|switch|p1a: Pure Bliss|Blissey, F|100\/100\n|switch|p2a: Blissey|Blissey, F|100\/100 psn\n|-damage|p2a: Blissey|88\/100 psn|[from] Stealth Rock\n|\n|-damage|p2a: Blissey|76\/100 psn|[from] psn\n|upkeep\n|turn|252\n|\n|t:|1638028976\n|switch|p2a: Swampert|Swampert, F|100\/100 brn\n|-damage|p2a: Swampert|94\/100 brn|[from] Stealth Rock\n|switch|p1a: Make A Wish|Jirachi|100\/100\n|\n|-damage|p2a: Swampert|88\/100 brn|[from] brn\n|upkeep\n|turn|253\n|\n|t:|1638028983\n|switch|p1a: Pure Bliss|Blissey, F|100\/100\n|switch|p2a: Blissey|Blissey, F|100\/100 psn\n|-damage|p2a: Blissey|88\/100 psn|[from] Stealth Rock\n|\n|-damage|p2a: Blissey|76\/100 psn|[from] psn\n|upkeep\n|turn|254\n|\n|t:|1638028987\n|switch|p2a: Swampert|Swampert, F|100\/100 brn\n|-damage|p2a: Swampert|94\/100 brn|[from] Stealth Rock\n|switch|p1a: Make A Wish|Jirachi|100\/100\n|\n|-damage|p2a: Swampert|88\/100 brn|[from] brn\n|upkeep\n|turn|255\n|\n|t:|1638028990\n|switch|p1a: Pure Bliss|Blissey, F|100\/100\n|switch|p2a: Blissey|Blissey, F|100\/100 psn\n|-damage|p2a: Blissey|88\/100 psn|[from] Stealth Rock\n|\n|-damage|p2a: Blissey|76\/100 psn|[from] psn\n|upkeep\n|turn|256\n|\n|t:|1638028994\n|switch|p2a: Swampert|Swampert, F|100\/100 brn\n|-damage|p2a: Swampert|94\/100 brn|[from] Stealth Rock\n|switch|p1a: Make A Wish|Jirachi|100\/100\n|\n|-damage|p2a: Swampert|88\/100 brn|[from] brn\n|upkeep\n|turn|257\n|\n|t:|1638028997\n|switch|p1a: Pure Bliss|Blissey, F|100\/100\n|switch|p2a: Blissey|Blissey, F|100\/100 psn\n|-damage|p2a: Blissey|88\/100 psn|[from] Stealth Rock\n|\n|-damage|p2a: Blissey|76\/100 psn|[from] psn\n|upkeep\n|turn|258\n|\n|t:|1638029000\n|switch|p2a: Swampert|Swampert, F|100\/100 brn\n|-damage|p2a: Swampert|94\/100 brn|[from] Stealth Rock\n|switch|p1a: Make A Wish|Jirachi|100\/100\n|\n|-damage|p2a: Swampert|88\/100 brn|[from] brn\n|upkeep\n|turn|259\n|\n|t:|1638029004\n|switch|p1a: Pure Bliss|Blissey, F|100\/100\n|switch|p2a: Blissey|Blissey, F|100\/100 psn\n|-damage|p2a: Blissey|88\/100 psn|[from] Stealth Rock\n|\n|-damage|p2a: Blissey|76\/100 psn|[from] psn\n|upkeep\n|turn|260\n|\n|t:|1638029007\n|switch|p2a: Swampert|Swampert, F|100\/100 brn\n|-damage|p2a: Swampert|94\/100 brn|[from] Stealth Rock\n|switch|p1a: Make A Wish|Jirachi|100\/100\n|\n|-damage|p2a: Swampert|88\/100 brn|[from] brn\n|upkeep\n|turn|261\n|\n|t:|1638029011\n|switch|p1a: Pure Bliss|Blissey, F|100\/100\n|switch|p2a: Blissey|Blissey, F|100\/100 psn\n|-damage|p2a: Blissey|88\/100 psn|[from] Stealth Rock\n|\n|-damage|p2a: Blissey|76\/100 psn|[from] psn\n|upkeep\n|turn|262\n|\n|t:|1638029015\n|switch|p2a: Swampert|Swampert, F|100\/100 brn\n|-damage|p2a: Swampert|94\/100 brn|[from] Stealth Rock\n|switch|p1a: Make A Wish|Jirachi|100\/100\n|\n|-damage|p2a: Swampert|88\/100 brn|[from] brn\n|upkeep\n|turn|263\n|\n|t:|1638029019\n|switch|p1a: Pure Bliss|Blissey, F|100\/100\n|switch|p2a: Blissey|Blissey, F|100\/100 psn\n|-damage|p2a: Blissey|88\/100 psn|[from] Stealth Rock\n|\n|-damage|p2a: Blissey|76\/100 psn|[from] psn\n|upkeep\n|turn|264\n|\n|t:|1638029024\n|switch|p2a: Swampert|Swampert, F|100\/100 brn\n|-damage|p2a: Swampert|94\/100 brn|[from] Stealth Rock\n|switch|p1a: Make A Wish|Jirachi|100\/100\n|\n|-damage|p2a: Swampert|88\/100 brn|[from] brn\n|upkeep\n|turn|265\n|c|\u2606gostop|t\n|inactive|Heracross2.0 has 270 seconds left.\n|\n|t:|1638029062\n|switch|p1a: Pure Bliss|Blissey, F|100\/100\n|switch|p2a: Blissey|Blissey, F|100\/100 psn\n|-damage|p2a: Blissey|88\/100 psn|[from] Stealth Rock\n|\n|-damage|p2a: Blissey|76\/100 psn|[from] psn\n|upkeep\n|turn|266\n|\n|t:|1638029066\n|switch|p2a: Swampert|Swampert, F|100\/100 brn\n|-damage|p2a: Swampert|94\/100 brn|[from] Stealth Rock\n|switch|p1a: Make A Wish|Jirachi|100\/100\n|\n|-damage|p2a: Swampert|88\/100 brn|[from] brn\n|upkeep\n|turn|267\n|\n|t:|1638029069\n|switch|p1a: Pure Bliss|Blissey, F|100\/100\n|switch|p2a: Blissey|Blissey, F|100\/100 psn\n|-damage|p2a: Blissey|88\/100 psn|[from] Stealth Rock\n|\n|-damage|p2a: Blissey|76\/100 psn|[from] psn\n|upkeep\n|turn|268\n|\n|t:|1638029073\n|switch|p2a: Swampert|Swampert, F|100\/100 brn\n|-damage|p2a: Swampert|94\/100 brn|[from] Stealth Rock\n|switch|p1a: Make A Wish|Jirachi|100\/100\n|\n|-damage|p2a: Swampert|88\/100 brn|[from] brn\n|upkeep\n|turn|269\n|inactive|Heracross2.0 has 270 seconds left.\n|inactive|Heracross2.0 has 240 seconds left.\n|\n|t:|1638029156\n|switch|p1a: Pure Bliss|Blissey, F|100\/100\n|switch|p2a: Blissey|Blissey, F|100\/100 psn\n|-damage|p2a: Blissey|88\/100 psn|[from] Stealth Rock\n|\n|-damage|p2a: Blissey|76\/100 psn|[from] psn\n|upkeep\n|turn|270\n|l| iapt \u263e\n|\n|t:|1638029163\n|switch|p2a: Swampert|Swampert, F|100\/100 brn\n|-damage|p2a: Swampert|94\/100 brn|[from] Stealth Rock\n|switch|p1a: Make A Wish|Jirachi|100\/100\n|\n|-damage|p2a: Swampert|88\/100 brn|[from] brn\n|upkeep\n|turn|271\n|\n|t:|1638029166\n|switch|p1a: Pure Bliss|Blissey, F|100\/100\n|switch|p2a: Blissey|Blissey, F|100\/100 psn\n|-damage|p2a: Blissey|88\/100 psn|[from] Stealth Rock\n|\n|-damage|p2a: Blissey|76\/100 psn|[from] psn\n|upkeep\n|turn|272\n|\n|t:|1638029169\n|switch|p2a: Swampert|Swampert, F|100\/100 brn\n|-damage|p2a: Swampert|94\/100 brn|[from] Stealth Rock\n|switch|p1a: Make A Wish|Jirachi|100\/100\n|\n|-damage|p2a: Swampert|88\/100 brn|[from] brn\n|upkeep\n|turn|273\n|\n|t:|1638029172\n|switch|p1a: Pure Bliss|Blissey, F|100\/100\n|switch|p2a: Blissey|Blissey, F|100\/100 psn\n|-damage|p2a: Blissey|88\/100 psn|[from] Stealth Rock\n|\n|-damage|p2a: Blissey|76\/100 psn|[from] psn\n|upkeep\n|turn|274\n|\n|t:|1638029176\n|switch|p2a: Swampert|Swampert, F|100\/100 brn\n|-damage|p2a: Swampert|94\/100 brn|[from] Stealth Rock\n|switch|p1a: Make A Wish|Jirachi|100\/100\n|\n|-damage|p2a: Swampert|88\/100 brn|[from] brn\n|upkeep\n|turn|275\n|\n|t:|1638029179\n|switch|p1a: Pure Bliss|Blissey, F|100\/100\n|switch|p2a: Blissey|Blissey, F|100\/100 psn\n|-damage|p2a: Blissey|88\/100 psn|[from] Stealth Rock\n|\n|-damage|p2a: Blissey|76\/100 psn|[from] psn\n|upkeep\n|turn|276\n|\n|t:|1638029182\n|switch|p2a: Swampert|Swampert, F|100\/100 brn\n|-damage|p2a: Swampert|94\/100 brn|[from] Stealth Rock\n|switch|p1a: Make A Wish|Jirachi|100\/100\n|\n|-damage|p2a: Swampert|88\/100 brn|[from] brn\n|upkeep\n|turn|277\n|l|+SFG\n|inactive|Heracross2.0 has 270 seconds left.\n|l| imkaylooo\n|inactive|Heracross2.0 has 240 seconds left.\n|j| Arnav_73\n|\n|t:|1638029248\n|switch|p1a: Pure Bliss|Blissey, F|100\/100\n|switch|p2a: Blissey|Blissey, F|100\/100 psn\n|-damage|p2a: Blissey|88\/100 psn|[from] Stealth Rock\n|\n|-damage|p2a: Blissey|76\/100 psn|[from] psn\n|upkeep\n|turn|278\n|\n|t:|1638029270\n|switch|p2a: Swampert|Swampert, F|100\/100 brn\n|-damage|p2a: Swampert|94\/100 brn|[from] Stealth Rock\n|switch|p1a: Make A Wish|Jirachi|100\/100\n|\n|-damage|p2a: Swampert|88\/100 brn|[from] brn\n|upkeep\n|turn|279\n|\n|t:|1638029275\n|switch|p1a: Pure Bliss|Blissey, F|100\/100\n|switch|p2a: Blissey|Blissey, F|100\/100 psn\n|-damage|p2a: Blissey|88\/100 psn|[from] Stealth Rock\n|\n|-damage|p2a: Blissey|76\/100 psn|[from] psn\n|upkeep\n|turn|280\n|\n|t:|1638029279\n|switch|p2a: Swampert|Swampert, F|100\/100 brn\n|-damage|p2a: Swampert|94\/100 brn|[from] Stealth Rock\n|switch|p1a: Make A Wish|Jirachi|100\/100\n|\n|-damage|p2a: Swampert|88\/100 brn|[from] brn\n|upkeep\n|turn|281\n|\n|t:|1638029283\n|switch|p1a: Pure Bliss|Blissey, F|100\/100\n|switch|p2a: Blissey|Blissey, F|100\/100 psn\n|-damage|p2a: Blissey|88\/100 psn|[from] Stealth Rock\n|\n|-damage|p2a: Blissey|76\/100 psn|[from] psn\n|upkeep\n|turn|282\n|inactive|Heracross2.0 has 270 seconds left.\n|\n|t:|1638029313\n|switch|p2a: Swampert|Swampert, F|100\/100 brn\n|-damage|p2a: Swampert|94\/100 brn|[from] Stealth Rock\n|switch|p1a: Make A Wish|Jirachi|100\/100\n|\n|-damage|p2a: Swampert|88\/100 brn|[from] brn\n|upkeep\n|turn|283\n|l|+Dragonillis\n|\n|t:|1638029323\n|switch|p1a: Pure Bliss|Blissey, F|100\/100\n|switch|p2a: Blissey|Blissey, F|100\/100 psn\n|-damage|p2a: Blissey|88\/100 psn|[from] Stealth Rock\n|\n|-damage|p2a: Blissey|76\/100 psn|[from] psn\n|upkeep\n|turn|284\n|inactive|Heracross2.0 has 270 seconds left.\n|\n|t:|1638029337\n|switch|p2a: Swampert|Swampert, F|100\/100 brn\n|-damage|p2a: Swampert|94\/100 brn|[from] Stealth Rock\n|switch|p1a: Make A Wish|Jirachi|100\/100\n|\n|-damage|p2a: Swampert|88\/100 brn|[from] brn\n|upkeep\n|turn|285\n|\n|t:|1638029340\n|switch|p1a: Pure Bliss|Blissey, F|100\/100\n|switch|p2a: Blissey|Blissey, F|100\/100 psn\n|-damage|p2a: Blissey|88\/100 psn|[from] Stealth Rock\n|\n|-damage|p2a: Blissey|76\/100 psn|[from] psn\n|upkeep\n|turn|286\n|\n|t:|1638029349\n|switch|p2a: Swampert|Swampert, F|100\/100 brn\n|-damage|p2a: Swampert|94\/100 brn|[from] Stealth Rock\n|switch|p1a: Make A Wish|Jirachi|100\/100\n|\n|-damage|p2a: Swampert|88\/100 brn|[from] brn\n|upkeep\n|turn|287\n|j| F3I\n|\n|t:|1638029364\n|switch|p1a: Pure Bliss|Blissey, F|100\/100\n|switch|p2a: Blissey|Blissey, F|100\/100 psn\n|-damage|p2a: Blissey|88\/100 psn|[from] Stealth Rock\n|\n|-damage|p2a: Blissey|76\/100 psn|[from] psn\n|upkeep\n|turn|288\n|\n|t:|1638029375\n|switch|p2a: Swampert|Swampert, F|100\/100 brn\n|-damage|p2a: Swampert|94\/100 brn|[from] Stealth Rock\n|switch|p1a: Make A Wish|Jirachi|100\/100\n|\n|-damage|p2a: Swampert|88\/100 brn|[from] brn\n|upkeep\n|turn|289\n|j| TTTech_\n|inactive|Heracross2.0 has 270 seconds left.\n|\n|t:|1638029397\n|switch|p1a: Pure Bliss|Blissey, F|100\/100\n|switch|p2a: Blissey|Blissey, F|100\/100 psn\n|-damage|p2a: Blissey|88\/100 psn|[from] Stealth Rock\n|\n|-damage|p2a: Blissey|76\/100 psn|[from] psn\n|upkeep\n|turn|290\n|\n|t:|1638029400\n|switch|p2a: Swampert|Swampert, F|100\/100 brn\n|-damage|p2a: Swampert|94\/100 brn|[from] Stealth Rock\n|switch|p1a: Make A Wish|Jirachi|100\/100\n|\n|-damage|p2a: Swampert|88\/100 brn|[from] brn\n|upkeep\n|turn|291\n|\n|t:|1638029409\n|switch|p1a: Pure Bliss|Blissey, F|100\/100\n|switch|p2a: Blissey|Blissey, F|100\/100 psn\n|-damage|p2a: Blissey|88\/100 psn|[from] Stealth Rock\n|\n|-damage|p2a: Blissey|76\/100 psn|[from] psn\n|upkeep\n|turn|292\n|\n|t:|1638029418\n|switch|p2a: Swampert|Swampert, F|100\/100 brn\n|-damage|p2a: Swampert|94\/100 brn|[from] Stealth Rock\n|switch|p1a: Make A Wish|Jirachi|100\/100\n|\n|-damage|p2a: Swampert|88\/100 brn|[from] brn\n|upkeep\n|turn|293\n|inactive|Heracross2.0 has 270 seconds left.\n|\n|t:|1638029450\n|switch|p1a: Pure Bliss|Blissey, F|100\/100\n|switch|p2a: Blissey|Blissey, F|100\/100 psn\n|-damage|p2a: Blissey|88\/100 psn|[from] Stealth Rock\n|\n|-damage|p2a: Blissey|76\/100 psn|[from] psn\n|upkeep\n|turn|294\n|\n|t:|1638029453\n|switch|p2a: Swampert|Swampert, F|100\/100 brn\n|-damage|p2a: Swampert|94\/100 brn|[from] Stealth Rock\n|switch|p1a: Make A Wish|Jirachi|100\/100\n|\n|-damage|p2a: Swampert|88\/100 brn|[from] brn\n|upkeep\n|turn|295\n|\n|t:|1638029472\n|switch|p1a: Pure Bliss|Blissey, F|100\/100\n|switch|p2a: Blissey|Blissey, F|100\/100 psn\n|-damage|p2a: Blissey|88\/100 psn|[from] Stealth Rock\n|\n|-damage|p2a: Blissey|76\/100 psn|[from] psn\n|upkeep\n|turn|296\n|\n|t:|1638029476\n|switch|p2a: Swampert|Swampert, F|100\/100 brn\n|-damage|p2a: Swampert|94\/100 brn|[from] Stealth Rock\n|switch|p1a: Make A Wish|Jirachi|100\/100\n|\n|-damage|p2a: Swampert|88\/100 brn|[from] brn\n|upkeep\n|turn|297\n|\n|t:|1638029479\n|switch|p1a: Pure Bliss|Blissey, F|100\/100\n|switch|p2a: Blissey|Blissey, F|100\/100 psn\n|-damage|p2a: Blissey|88\/100 psn|[from] Stealth Rock\n|\n|-damage|p2a: Blissey|76\/100 psn|[from] psn\n|upkeep\n|turn|298\n|\n|t:|1638029485\n|switch|p2a: Swampert|Swampert, F|100\/100 brn\n|-damage|p2a: Swampert|94\/100 brn|[from] Stealth Rock\n|switch|p1a: Make A Wish|Jirachi|100\/100\n|\n|-damage|p2a: Swampert|88\/100 brn|[from] brn\n|upkeep\n|turn|299\n|j| iapt \u263e\n|\n|t:|1638029512\n|switch|p1a: Pure Bliss|Blissey, F|100\/100\n|switch|p2a: Blissey|Blissey, F|100\/100 psn\n|-damage|p2a: Blissey|88\/100 psn|[from] Stealth Rock\n|\n|-damage|p2a: Blissey|76\/100 psn|[from] psn\n|upkeep\n|turn|300\n|\n|t:|1638029515\n|switch|p2a: Swampert|Swampert, F|100\/100 brn\n|-damage|p2a: Swampert|94\/100 brn|[from] Stealth Rock\n|switch|p1a: Make A Wish|Jirachi|100\/100\n|\n|-damage|p2a: Swampert|88\/100 brn|[from] brn\n|upkeep\n|turn|301\n|\n|t:|1638029527\n|switch|p1a: Pure Bliss|Blissey, F|100\/100\n|switch|p2a: Blissey|Blissey, F|100\/100 psn\n|-damage|p2a: Blissey|88\/100 psn|[from] Stealth Rock\n|\n|-damage|p2a: Blissey|76\/100 psn|[from] psn\n|upkeep\n|turn|302\n|\n|t:|1638029531\n|switch|p2a: Swampert|Swampert, F|100\/100 brn\n|-damage|p2a: Swampert|94\/100 brn|[from] Stealth Rock\n|switch|p1a: Make A Wish|Jirachi|100\/100\n|\n|-damage|p2a: Swampert|88\/100 brn|[from] brn\n|upkeep\n|turn|303\n|\n|t:|1638029546\n|switch|p1a: Pure Bliss|Blissey, F|100\/100\n|switch|p2a: Blissey|Blissey, F|100\/100 psn\n|-damage|p2a: Blissey|88\/100 psn|[from] Stealth Rock\n|\n|-damage|p2a: Blissey|76\/100 psn|[from] psn\n|upkeep\n|turn|304\n|inactive|Heracross2.0 has 270 seconds left.\n|\n|t:|1638029579\n|switch|p2a: Swampert|Swampert, F|100\/100 brn\n|-damage|p2a: Swampert|94\/100 brn|[from] Stealth Rock\n|switch|p1a: Make A Wish|Jirachi|100\/100\n|\n|-damage|p2a: Swampert|88\/100 brn|[from] brn\n|upkeep\n|turn|305\n|\n|t:|1638029583\n|switch|p1a: Pure Bliss|Blissey, F|100\/100\n|switch|p2a: Blissey|Blissey, F|100\/100 psn\n|-damage|p2a: Blissey|88\/100 psn|[from] Stealth Rock\n|\n|-damage|p2a: Blissey|76\/100 psn|[from] psn\n|upkeep\n|turn|306\n|l| Arnav_73\n|inactive|Heracross2.0 has 270 seconds left.\n|\n|t:|1638029627\n|switch|p2a: Swampert|Swampert, F|100\/100 brn\n|-damage|p2a: Swampert|94\/100 brn|[from] Stealth Rock\n|switch|p1a: Make A Wish|Jirachi|100\/100\n|\n|-damage|p2a: Swampert|88\/100 brn|[from] brn\n|upkeep\n|turn|307\n|\n|t:|1638029631\n|switch|p1a: Pure Bliss|Blissey, F|100\/100\n|switch|p2a: Blissey|Blissey, F|100\/100 psn\n|-damage|p2a: Blissey|88\/100 psn|[from] Stealth Rock\n|\n|-damage|p2a: Blissey|76\/100 psn|[from] psn\n|upkeep\n|turn|308\n|\n|t:|1638029635\n|switch|p2a: Swampert|Swampert, F|100\/100 brn\n|-damage|p2a: Swampert|94\/100 brn|[from] Stealth Rock\n|switch|p1a: Make A Wish|Jirachi|100\/100\n|\n|-damage|p2a: Swampert|88\/100 brn|[from] brn\n|upkeep\n|turn|309\n|\n|t:|1638029638\n|switch|p1a: Pure Bliss|Blissey, F|100\/100\n|switch|p2a: Blissey|Blissey, F|100\/100 psn\n|-damage|p2a: Blissey|88\/100 psn|[from] Stealth Rock\n|\n|-damage|p2a: Blissey|76\/100 psn|[from] psn\n|upkeep\n|turn|310\n|\n|t:|1638029641\n|switch|p2a: Swampert|Swampert, F|100\/100 brn\n|-damage|p2a: Swampert|94\/100 brn|[from] Stealth Rock\n|switch|p1a: Make A Wish|Jirachi|100\/100\n|\n|-damage|p2a: Swampert|88\/100 brn|[from] brn\n|upkeep\n|turn|311\n|\n|t:|1638029667\n|switch|p1a: Pure Bliss|Blissey, F|100\/100\n|switch|p2a: Blissey|Blissey, F|100\/100 psn\n|-damage|p2a: Blissey|88\/100 psn|[from] Stealth Rock\n|\n|-damage|p2a: Blissey|76\/100 psn|[from] psn\n|upkeep\n|turn|312\n|\n|t:|1638029674\n|switch|p2a: Swampert|Swampert, F|100\/100 brn\n|-damage|p2a: Swampert|94\/100 brn|[from] Stealth Rock\n|switch|p1a: Make A Wish|Jirachi|100\/100\n|\n|-damage|p2a: Swampert|88\/100 brn|[from] brn\n|upkeep\n|turn|313\n|inactive|Heracross2.0 has 270 seconds left.\n|\n|t:|1638029699\n|switch|p1a: Pure Bliss|Blissey, F|100\/100\n|switch|p2a: Blissey|Blissey, F|100\/100 psn\n|-damage|p2a: Blissey|88\/100 psn|[from] Stealth Rock\n|\n|-damage|p2a: Blissey|76\/100 psn|[from] psn\n|upkeep\n|turn|314\n|\n|t:|1638029703\n|switch|p2a: Swampert|Swampert, F|100\/100 brn\n|-damage|p2a: Swampert|94\/100 brn|[from] Stealth Rock\n|switch|p1a: Make A Wish|Jirachi|100\/100\n|\n|-damage|p2a: Swampert|88\/100 brn|[from] brn\n|upkeep\n|turn|315\n|\n|t:|1638029705\n|switch|p1a: Pure Bliss|Blissey, F|100\/100\n|switch|p2a: Blissey|Blissey, F|100\/100 psn\n|-damage|p2a: Blissey|88\/100 psn|[from] Stealth Rock\n|\n|-damage|p2a: Blissey|76\/100 psn|[from] psn\n|upkeep\n|turn|316\n|inactive|Heracross2.0 has 270 seconds left.\n|inactive|Heracross2.0 has 240 seconds left.\n|\n|t:|1638029779\n|switch|p2a: Swampert|Swampert, F|100\/100 brn\n|-damage|p2a: Swampert|94\/100 brn|[from] Stealth Rock\n|switch|p1a: Make A Wish|Jirachi|100\/100\n|\n|-damage|p2a: Swampert|88\/100 brn|[from] brn\n|upkeep\n|turn|317\n|\n|t:|1638029783\n|switch|p1a: Pure Bliss|Blissey, F|100\/100\n|switch|p2a: Blissey|Blissey, F|100\/100 psn\n|-damage|p2a: Blissey|88\/100 psn|[from] Stealth Rock\n|\n|-damage|p2a: Blissey|76\/100 psn|[from] psn\n|upkeep\n|turn|318\n|\n|t:|1638029786\n|switch|p2a: Swampert|Swampert, F|100\/100 brn\n|-damage|p2a: Swampert|94\/100 brn|[from] Stealth Rock\n|switch|p1a: Make A Wish|Jirachi|100\/100\n|\n|-damage|p2a: Swampert|88\/100 brn|[from] brn\n|upkeep\n|turn|319\n|\n|t:|1638029789\n|switch|p1a: Pure Bliss|Blissey, F|100\/100\n|switch|p2a: Blissey|Blissey, F|100\/100 psn\n|-damage|p2a: Blissey|88\/100 psn|[from] Stealth Rock\n|\n|-damage|p2a: Blissey|76\/100 psn|[from] psn\n|upkeep\n|turn|320\n|c|\u2606Heracross2.0|okay do you want to just draw and try again in half an hour\n|c| Ren|You can't lol\n|inactive|Heracross2.0 has 240 seconds left.\n|c|+Greybaum|no replays\n|c| ItsChew2|you cannot replay\n|c|+Greybaum|draw = 1 point both teams\n|c|+Greybaum|as opposed to 2\n|c|+Greybaum|for a w\n|c| WwlWss|draw = draw\n|j| Arnav_73\n|c|\u2606Heracross2.0|oh okay\n|c| WwlWss|no rematch\n|inactive|Heracross2.0 has 210 seconds left.\n|c| quojova|can you agree to a draw early though\ngostop is offering a tie.\n|c| quojova|there should be no issue with that right\n|c|+Greybaum|they can\n|c| ItsChew2|omg\n|c|\u2606Heracross2.0|yeah there's no other way\nHeracross2.0 accepted the tie.\n|\n|tie\n|c| ItsChew2|pls\n|c|+Greybaum|\"do you want to try again in half an hour\" he said to the dude who has gone past midnight\n|c|\u2606Heracross2.0|gg\n|c| ItsChew2|AMEN\n|c| quojova|wp\n|c|\u2606Heracross2.0|Greybaum I forgot about timezones\n|l| Arnav_73\n|l| drphdbj\n|c| ItsChew2|EVERYONE ANGRY REACT\n|l| Givra no bi \u262f\n|c| ItsChew2|THE POST\n|c| Ren|Is now the wrong time to say that the game wasn't exactly over\n|c|\u2606Heracross2.0|I'll post the replay\n|c| F3I|sleep well gostop\n|l| beauts\n|c| quojova|what was the lele\n|c| TTTech_|Ima love the replay \u2764\ufe0f\n|l| ItsChew2\n|c| TTTech_|I approve of this team\n|c| mudkipbowl|oml\n|c| Osake|SFLO quojova\n|c|\u2606gostop|12am in my time\n|c|\u2606gostop|lol\n|c|@Think~?|Lele could've won with hax\n|c|@Think~?|fwiw\n|c| Ren|Ye\n|c| Ren|It's not reliable but\n|l| TTTech_\n|l| iapt \u263e\n|c| Ren|When one side can't win and you can no matter how unlikely\n|l| F3I\n|c|+Greybaum|it's midnight for him ren\n|c| Ren|Just something you gotta go for\n|c|+Greybaum|in prelims\n|c| Ren|That's fair\n|c|+Greybaum|dont make the dude stay up for a .2% crit chance\n|c|+byyleth|lele is burned that thing is not winning lul\n|c|+Greybaum|spread across 50 turns\n|j| tranquil trees\n|c| Ren|Nah it can\n|c| Ren|It's tough but it def can\n|l|+Greybaum\n|l| mudkipbowl\n|l| tranquil trees\n|l|+byyleth\n|j| R8 New York\n|l| Ren\n|c|\u2606gostop|no he has helment\n|c| XxSevagxX|gostop wanna play rn\n|c| XxSevagxX|i've got the nastiest stall known to man\n|c|\u2606gostop|actually not 0.2\n|c|\u2606gostop|is 0\n|c| Osake|XxSevagxX\n|c| Osake|bring zama\n|c| Osake|if real\n|c|\u2606gostop|he could switch\n|l| PandaDoux\u2665\u2661\u32db\u2605\u2729\n|l| Osake\n|l|\u2606Heracross2.0\n|j| Ren\n|j|\u2606Heracross2.0\n|player|p1|Heracross2.0|anabel\n|c| Ren|Is Lele not SFLO?\n|c|@Think~?|It is\n|c|@Think~?|So it could've won\n|c|@Think~?|Idk what ppl are talking about\n|l|\u2606Heracross2.0\n|player|p1|\n|l| quojova\n|l| Ren\n|l|@Think~?\n","uploadtime":1638029886,"views":687,"p1id":"heracross20","p2id":"gostop","formatid":"gen8almostanyability","rating":0,"private":0,"password":null}