{"id":"gen8nationaldex-1579146581","p1":"Fastpitchkiller","p2":"ShinyDragapult1234","format":"gen8nationaldex","log":"|j|\u2606Fastpitchkiller\n|j|\u203dShinyDragapult1234\n|t:|1653066370\n|gametype|singles\n|player|p1|Fastpitchkiller|170|1600\n|player|p2|ShinyDragapult1234|2|1527\n|teamsize|p1|6\n|teamsize|p2|6\n|gen|8\n|tier|[Gen 8] National Dex\n|rated|\n|rule|HP Percentage Mod: HP is shown in percentages\n|rule|Endless Battle Clause: Forcing endless battles is banned\n|rule|OHKO Clause: OHKO moves are banned\n|rule|Evasion Moves Clause: Evasion moves are banned\n|rule|Species Clause: Limit one of each Pok\u00e9mon\n|rule|Dynamax Clause: You cannot dynamax\n|rule|Sleep Clause Mod: Limit one foe put to sleep\n|clearpoke\n|poke|p1|Greninja, M|\n|poke|p1|Zapdos|\n|poke|p1|Melmetal|\n|poke|p1|Slowbro, F|\n|poke|p1|Tyranitar, M|\n|poke|p1|Kommo-o, M|\n|poke|p2|Mawile, M|\n|poke|p2|Tapu Fini|\n|poke|p2|Ferrothorn, F|\n|poke|p2|Heatran, M|\n|poke|p2|Landorus-Therian, M|\n|poke|p2|Greninja, M|\n|teampreview\n|\n|t:|1653066376\n|start\n|switch|p1a: Slowgatell|Slowbro, F|100\/100\n|switch|p2a: Tapu Fini|Tapu Fini|100\/100\n|-fieldstart|move: Misty Terrain|[from] ability: Misty Surge|[of] p2a: Tapu Fini\n|turn|1\n|\n|t:|1653066384\n|move|p2a: Tapu Fini|Taunt|p1a: Slowgatell\n|-start|p1a: Slowgatell|move: Taunt\n|move|p1a: Slowgatell|Future Sight|p2a: Tapu Fini\n|-start|p1a: Slowgatell|move: Future Sight\n|\n|upkeep\n|turn|2\n|\n|t:|1653066390\n|switch|p2a: Mawile|Mawile, M, shiny|100\/100\n|-ability|p2a: Mawile|Intimidate|boost\n|-unboost|p1a: Slowgatell|atk|1\n|switch|p1a: Johnny Bravo|Melmetal|100\/100\n|\n|upkeep\n|turn|3\n|\n|t:|1653066399\n|switch|p2a: Ferrothorn|Ferrothorn, F|100\/100\n|move|p1a: Johnny Bravo|Double Iron Bash|p2a: Ferrothorn\n|-resisted|p2a: Ferrothorn\n|-damage|p2a: Ferrothorn|84\/100\n|-activate|p2a: Ferrothorn|ability: Iron Barbs\n|-activate|p1a: Johnny Bravo|item: Protective Pads\n|-resisted|p2a: Ferrothorn\n|-damage|p2a: Ferrothorn|69\/100\n|-activate|p2a: Ferrothorn|ability: Iron Barbs\n|-activate|p1a: Johnny Bravo|item: Protective Pads\n|-hitcount|p2a: Ferrothorn|2\n|\n|-end|p2a: Ferrothorn|move: Future Sight\n|-resisted|p2a: Ferrothorn\n|-damage|p2a: Ferrothorn|55\/100\n|-heal|p2a: Ferrothorn|61\/100|[from] item: Leftovers\n|upkeep\n|turn|4\n|j| 47-Theconemann-47\n|l| 47-Theconemann-47\n|\n|t:|1653066414\n|move|p1a: Johnny Bravo|Double Iron Bash|p2a: Ferrothorn\n|-resisted|p2a: Ferrothorn\n|-damage|p2a: Ferrothorn|44\/100\n|-activate|p2a: Ferrothorn|ability: Iron Barbs\n|-activate|p1a: Johnny Bravo|item: Protective Pads\n|-resisted|p2a: Ferrothorn\n|-damage|p2a: Ferrothorn|27\/100\n|-activate|p2a: Ferrothorn|ability: Iron Barbs\n|-activate|p1a: Johnny Bravo|item: Protective Pads\n|-hitcount|p2a: Ferrothorn|2\n|cant|p2a: Ferrothorn|flinch\n|\n|-heal|p2a: Ferrothorn|33\/100|[from] item: Leftovers\n|upkeep\n|turn|5\n|\n|t:|1653066427\n|move|p2a: Ferrothorn|Protect|p2a: Ferrothorn\n|-singleturn|p2a: Ferrothorn|Protect\n|move|p1a: Johnny Bravo|Double Iron Bash|p2a: Ferrothorn\n|-activate|p2a: Ferrothorn|move: Protect\n|\n|-heal|p2a: Ferrothorn|39\/100|[from] item: Leftovers\n|-fieldend|Misty Terrain\n|upkeep\n|turn|6\n|\n|t:|1653066435\n|move|p1a: Johnny Bravo|Double Iron Bash|p2a: Ferrothorn\n|-resisted|p2a: Ferrothorn\n|-damage|p2a: Ferrothorn|22\/100\n|-activate|p2a: Ferrothorn|ability: Iron Barbs\n|-activate|p1a: Johnny Bravo|item: Protective Pads\n|-resisted|p2a: Ferrothorn\n|-damage|p2a: Ferrothorn|6\/100\n|-activate|p2a: Ferrothorn|ability: Iron Barbs\n|-activate|p1a: Johnny Bravo|item: Protective Pads\n|-hitcount|p2a: Ferrothorn|2\n|move|p2a: Ferrothorn|Leech Seed|p1a: Johnny Bravo|[miss]\n|-miss|p2a: Ferrothorn|p1a: Johnny Bravo\n|\n|-heal|p2a: Ferrothorn|12\/100|[from] item: Leftovers\n|upkeep\n|turn|7\n|\n|t:|1653066449\n|move|p1a: Johnny Bravo|Thunder Punch|p2a: Ferrothorn\n|-resisted|p2a: Ferrothorn\n|-damage|p2a: Ferrothorn|0 fnt\n|-activate|p2a: Ferrothorn|ability: Iron Barbs\n|-activate|p1a: Johnny Bravo|item: Protective Pads\n|faint|p2a: Ferrothorn\n|\n|upkeep\n|\n|t:|1653066453\n|switch|p2a: Heatran|Heatran, M|100\/100\n|turn|8\n|\n|t:|1653066458\n|switch|p1a: Tyranitar|Tyranitar, M|100\/100\n|-weather|Sandstorm|[from] ability: Sand Stream|[of] p1a: Tyranitar\n|move|p2a: Heatran|Magma Storm|p1a: Tyranitar\n|-resisted|p1a: Tyranitar\n|-damage|p1a: Tyranitar|92\/100\n|-activate|p1a: Tyranitar|move: Magma Storm|[of] p2a: Heatran\n|\n|-weather|Sandstorm|[upkeep]\n|-heal|p1a: Tyranitar|98\/100|[from] item: Leftovers\n|-damage|p1a: Tyranitar|85\/100|[from] move: Magma Storm|[partiallytrapped]\n|upkeep\n|turn|9\n|\n|t:|1653066470\n|move|p2a: Heatran|Toxic|p1a: Tyranitar\n|-status|p1a: Tyranitar|tox\n|move|p1a: Tyranitar|Stealth Rock|p2a: Heatran\n|-sidestart|p2: ShinyDragapult1234|move: Stealth Rock\n|\n|-weather|Sandstorm|[upkeep]\n|-heal|p1a: Tyranitar|92\/100 tox|[from] item: Leftovers\n|-damage|p1a: Tyranitar|85\/100 tox|[from] psn\n|-damage|p1a: Tyranitar|73\/100 tox|[from] move: Magma Storm|[partiallytrapped]\n|upkeep\n|turn|10\n|\n|t:|1653066480\n|move|p2a: Heatran|Protect|p2a: Heatran\n|-singleturn|p2a: Heatran|Protect\n|move|p1a: Tyranitar|Earthquake|p2a: Heatran\n|-activate|p2a: Heatran|move: Protect\n|\n|-weather|Sandstorm|[upkeep]\n|-heal|p1a: Tyranitar|79\/100 tox|[from] item: Leftovers\n|-damage|p1a: Tyranitar|67\/100 tox|[from] psn\n|-damage|p1a: Tyranitar|54\/100 tox|[from] move: Magma Storm|[partiallytrapped]\n|upkeep\n|turn|11\n|\n|t:|1653066494\n|switch|p2a: Tapu Fini|Tapu Fini|100\/100\n|-damage|p2a: Tapu Fini|88\/100|[from] Stealth Rock\n|-fieldstart|move: Misty Terrain|[from] ability: Misty Surge|[of] p2a: Tapu Fini\n|move|p1a: Tyranitar|Rock Blast|p2a: Tapu Fini\n|-damage|p2a: Tapu Fini|80\/100\n|-damage|p2a: Tapu Fini|72\/100\n|-damage|p2a: Tapu Fini|65\/100\n|-hitcount|p2a: Tapu Fini|3\n|\n|-weather|Sandstorm|[upkeep]\n|-damage|p2a: Tapu Fini|59\/100|[from] Sandstorm\n|-heal|p2a: Tapu Fini|65\/100|[from] item: Leftovers\n|-heal|p1a: Tyranitar|61\/100 tox|[from] item: Leftovers\n|-damage|p1a: Tyranitar|42\/100 tox|[from] psn\n|-end|p1a: Tyranitar|Magma Storm|[partiallytrapped]|[silent]\n|upkeep\n|turn|12\n|\n|t:|1653066510\n|switch|p1a: Johnny Bravo|Melmetal|100\/100\n|move|p2a: Tapu Fini|Defog|p1a: Johnny Bravo\n|-unboost|p1a: Johnny Bravo|evasion|1\n|-sideend|p2: ShinyDragapult1234|Stealth Rock|[from] move: Defog|[of] p2a: Tapu Fini\n|-fieldend|Misty Terrain\n|\n|-weather|none\n|-heal|p2a: Tapu Fini|71\/100|[from] item: Leftovers\n|upkeep\n|turn|13\n|\n|t:|1653066528\n|switch|p2a: Heatran|Heatran, M|100\/100\n|move|p1a: Johnny Bravo|Toxic|p2a: Heatran\n|-immune|p2a: Heatran\n|\n|upkeep\n|turn|14\n|\n|t:|1653066535\n|switch|p1a: Tyranitar|Tyranitar, M|42\/100 tox\n|-weather|Sandstorm|[from] ability: Sand Stream|[of] p1a: Tyranitar\n|move|p2a: Heatran|Magma Storm|p1a: Tyranitar|[miss]\n|-miss|p2a: Heatran|p1a: Tyranitar\n|\n|-weather|Sandstorm|[upkeep]\n|-heal|p1a: Tyranitar|48\/100 tox|[from] item: Leftovers\n|-damage|p1a: Tyranitar|42\/100 tox|[from] psn\n|upkeep\n|turn|15\n|\n|t:|1653066548\n|switch|p2a: Landorus|Landorus-Therian, M|100\/100\n|-ability|p2a: Landorus|Intimidate|boost\n|-unboost|p1a: Tyranitar|atk|1\n|move|p1a: Tyranitar|Stealth Rock|p2a: Landorus\n|-sidestart|p2: ShinyDragapult1234|move: Stealth Rock\n|\n|-weather|Sandstorm|[upkeep]\n|-heal|p1a: Tyranitar|48\/100 tox|[from] item: Leftovers\n|-damage|p1a: Tyranitar|36\/100 tox|[from] psn\n|upkeep\n|turn|16\n|\n|t:|1653066558\n|switch|p1a: Slowgatell|Slowbro, F|100\/100\n|move|p2a: Landorus|U-turn|p1a: Slowgatell\n|-supereffective|p1a: Slowgatell\n|-damage|p1a: Slowgatell|75\/100\n|-damage|p2a: Landorus|84\/100|[from] item: Rocky Helmet|[of] p1a: Slowgatell\n|\n|t:|1653066562\n|switch|p2a: Tapu Fini|Tapu Fini|71\/100|[from]move: U-turn\n|-damage|p2a: Tapu Fini|58\/100|[from] Stealth Rock\n|-fieldstart|move: Misty Terrain|[from] ability: Misty Surge|[of] p2a: Tapu Fini\n|\n|-weather|Sandstorm|[upkeep]\n|-damage|p2a: Tapu Fini|52\/100|[from] Sandstorm\n|-damage|p1a: Slowgatell|69\/100|[from] Sandstorm\n|-heal|p2a: Tapu Fini|58\/100|[from] item: Leftovers\n|upkeep\n|turn|17\n|\n|t:|1653066574\n|move|p2a: Tapu Fini|Defog|p1a: Slowgatell\n|-unboost|p1a: Slowgatell|evasion|1\n|-sideend|p2: ShinyDragapult1234|Stealth Rock|[from] move: Defog|[of] p2a: Tapu Fini\n|-fieldend|Misty Terrain\n|move|p1a: Slowgatell|Future Sight|p2a: Tapu Fini\n|-start|p1a: Slowgatell|move: Future Sight\n|\n|-weather|Sandstorm|[upkeep]\n|-damage|p2a: Tapu Fini|52\/100|[from] Sandstorm\n|-damage|p1a: Slowgatell|62\/100|[from] Sandstorm\n|-heal|p2a: Tapu Fini|58\/100|[from] item: Leftovers\n|upkeep\n|turn|18\n|\n|t:|1653066584\n|move|p2a: Tapu Fini|Taunt|p1a: Slowgatell\n|-start|p1a: Slowgatell|move: Taunt\n|cant|p1a: Slowgatell|move: Taunt|Teleport\n|\n|-weather|none\n|-heal|p2a: Tapu Fini|64\/100|[from] item: Leftovers\n|upkeep\n|turn|19\n|\n|t:|1653066593\n|switch|p2a: Greninja|Greninja, M|100\/100\n|move|p1a: Slowgatell|Scald|p2a: Greninja\n|-resisted|p2a: Greninja\n|-damage|p2a: Greninja|80\/100\n|\n|-end|p2a: Greninja|move: Future Sight\n|-immune|p2a: Greninja\n|upkeep\n|turn|20\n|\n|t:|1653066603\n|switch|p1a: Tyranitar|Tyranitar, M|36\/100 tox\n|-weather|Sandstorm|[from] ability: Sand Stream|[of] p1a: Tyranitar\n|move|p2a: Greninja|Ice Beam|p1a: Tyranitar\n|-damage|p1a: Tyranitar|25\/100 tox\n|\n|-weather|Sandstorm|[upkeep]\n|-damage|p2a: Greninja|74\/100|[from] Sandstorm\n|-heal|p1a: Tyranitar|32\/100 tox|[from] item: Leftovers\n|-damage|p1a: Tyranitar|25\/100 tox|[from] psn\n|upkeep\n|turn|21\n|\n|t:|1653066615\n|move|p2a: Greninja|Hydro Pump|p1a: Tyranitar|[miss]\n|-miss|p2a: Greninja|p1a: Tyranitar\n|move|p1a: Tyranitar|Stealth Rock|p2a: Greninja\n|-sidestart|p2: ShinyDragapult1234|move: Stealth Rock\n|\n|-weather|Sandstorm|[upkeep]\n|-damage|p2a: Greninja|68\/100|[from] Sandstorm\n|-heal|p1a: Tyranitar|32\/100 tox|[from] item: Leftovers\n|-damage|p1a: Tyranitar|19\/100 tox|[from] psn\n|upkeep\n|turn|22\n|\n|t:|1653066625\n|switch|p2a: Tapu Fini|Tapu Fini|64\/100\n|-damage|p2a: Tapu Fini|52\/100|[from] Stealth Rock\n|-fieldstart|move: Misty Terrain|[from] ability: Misty Surge|[of] p2a: Tapu Fini\n|move|p1a: Tyranitar|Superpower|p2a: Tapu Fini\n|-resisted|p2a: Tapu Fini\n|-damage|p2a: Tapu Fini|40\/100\n|-unboost|p1a: Tyranitar|atk|1\n|-unboost|p1a: Tyranitar|def|1\n|\n|-weather|Sandstorm|[upkeep]\n|-damage|p2a: Tapu Fini|34\/100|[from] Sandstorm\n|-heal|p2a: Tapu Fini|40\/100|[from] item: Leftovers\n|-heal|p1a: Tyranitar|25\/100 tox|[from] item: Leftovers\n|-damage|p1a: Tyranitar|7\/100 tox|[from] psn\n|upkeep\n|turn|23\n|\n|t:|1653066641\n|move|p2a: Tapu Fini|Defog|p1a: Tyranitar\n|-unboost|p1a: Tyranitar|evasion|1\n|-sideend|p2: ShinyDragapult1234|Stealth Rock|[from] move: Defog|[of] p2a: Tapu Fini\n|-fieldend|Misty Terrain\n|move|p1a: Tyranitar|Stealth Rock|p2a: Tapu Fini\n|-sidestart|p2: ShinyDragapult1234|move: Stealth Rock\n|\n|-weather|Sandstorm|[upkeep]\n|-damage|p2a: Tapu Fini|34\/100|[from] Sandstorm\n|-heal|p2a: Tapu Fini|40\/100|[from] item: Leftovers\n|-heal|p1a: Tyranitar|13\/100 tox|[from] item: Leftovers\n|-damage|p1a: Tyranitar|0 fnt|[from] psn\n|faint|p1a: Tyranitar\n|upkeep\n|\n|t:|1653066659\n|switch|p1a: Johnny Bravo|Melmetal|100\/100\n|turn|24\n|\n|t:|1653066664\n|move|p2a: Tapu Fini|Defog|p1a: Johnny Bravo\n|-unboost|p1a: Johnny Bravo|evasion|1\n|-sideend|p2: ShinyDragapult1234|Stealth Rock|[from] move: Defog|[of] p2a: Tapu Fini\n|move|p1a: Johnny Bravo|Double Iron Bash|p2a: Tapu Fini\n|-damage|p2a: Tapu Fini|7\/100\n|-damage|p2a: Tapu Fini|0 fnt\n|faint|p2a: Tapu Fini\n|-hitcount|p2: Tapu Fini|2\n|\n|-weather|none\n|upkeep\n|\n|t:|1653066672\n|switch|p2a: Heatran|Heatran, M|100\/100\n|turn|25\n|\n|t:|1653066678\n|switch|p1a: Slowgatell|Slowbro, F|96\/100\n|move|p2a: Heatran|Magma Storm|p1a: Slowgatell\n|-resisted|p1a: Slowgatell\n|-damage|p1a: Slowgatell|75\/100\n|-activate|p1a: Slowgatell|move: Magma Storm|[of] p2a: Heatran\n|\n|-damage|p1a: Slowgatell|63\/100|[from] move: Magma Storm|[partiallytrapped]\n|upkeep\n|turn|26\n|\n|t:|1653066688\n|move|p2a: Heatran|Toxic|p1a: Slowgatell\n|-status|p1a: Slowgatell|tox\n|move|p1a: Slowgatell|Scald|p2a: Heatran\n|-supereffective|p2a: Heatran\n|-damage|p2a: Heatran|67\/100\n|\n|-heal|p2a: Heatran|73\/100|[from] item: Leftovers\n|-damage|p1a: Slowgatell|57\/100 tox|[from] psn\n|-damage|p1a: Slowgatell|44\/100 tox|[from] move: Magma Storm|[partiallytrapped]\n|upkeep\n|turn|27\n|\n|t:|1653066699\n|move|p2a: Heatran|Protect|p2a: Heatran\n|-singleturn|p2a: Heatran|Protect\n|move|p1a: Slowgatell|Teleport|p1a: Slowgatell\n|\n|t:|1653066702\n|switch|p1a: Greninja|Greninja, M|100\/100|[from]move: Teleport\n|\n|-heal|p2a: Heatran|79\/100|[from] item: Leftovers\n|upkeep\n|turn|28\n|\n|t:|1653066709\n|move|p2a: Heatran|Protect||[still]\n|-fail|p2a: Heatran\n|move|p1a: Greninja|Hydro Pump|p2a: Heatran\n|-supereffective|p2a: Heatran\n|-damage|p2a: Heatran|0 fnt\n|faint|p2a: Heatran\n|-activate|p1a: Greninja|ability: Battle Bond\n|detailschange|p1a: Greninja|Greninja-Ash, M\n|\n|upkeep\n|\n|t:|1653066714\n|switch|p2a: Mawile|Mawile, M, shiny|100\/100\n|-ability|p2a: Mawile|Intimidate|boost\n|-unboost|p1a: Greninja|atk|1\n|turn|29\n|\n|t:|1653066722\n|switch|p1a: Zapdos|Zapdos|100\/100\n|detailschange|p2a: Mawile|Mawile-Mega, M, shiny\n|-mega|p2a: Mawile|Mawile|Mawilite\n|move|p2a: Mawile|Play Rough|p1a: Zapdos\n|-damage|p1a: Zapdos|41\/100\n|-status|p2a: Mawile|par|[from] ability: Static|[of] p1a: Zapdos\n|\n|upkeep\n|turn|30\n|\n|t:|1653066733\n|move|p1a: Zapdos|Heat Wave|p2a: Mawile\n|-supereffective|p2a: Mawile\n|-crit|p2a: Mawile\n|-damage|p2a: Mawile|0 fnt\n|faint|p2a: Mawile\n|\n|upkeep\n|\n|t:|1653066738\n|switch|p2a: Greninja|Greninja, M|68\/100\n|turn|31\n|\n|t:|1653066750\n|switch|p1a: Johnny Bravo|Melmetal|100\/100\n|move|p2a: Greninja|Hydro Pump|p1a: Johnny Bravo\n|-damage|p1a: Johnny Bravo|53\/100\n|\n|upkeep\n|turn|32\n|\n|t:|1653066756\n|switch|p2a: Landorus|Landorus-Therian, M|84\/100\n|-ability|p2a: Landorus|Intimidate|boost\n|-unboost|p1a: Johnny Bravo|atk|1\n|move|p1a: Johnny Bravo|Double Iron Bash|p2a: Landorus\n|-damage|p2a: Landorus|58\/100\n|-damage|p2a: Landorus|30\/100\n|-hitcount|p2a: Landorus|2\n|\n|-heal|p2a: Landorus|36\/100|[from] item: Leftovers\n|upkeep\n|turn|33\n|\n|t:|1653066767\n|move|p2a: Landorus|Knock Off|p1a: Johnny Bravo\n|-damage|p1a: Johnny Bravo|34\/100\n|-enditem|p1a: Johnny Bravo|Protective Pads|[from] move: Knock Off|[of] p2a: Landorus\n|move|p1a: Johnny Bravo|Double Iron Bash|p2a: Landorus\n|-damage|p2a: Landorus|7\/100\n|-damage|p2a: Landorus|0 fnt\n|faint|p2a: Landorus\n|-hitcount|p2: Landorus|2\n|\n|upkeep\n|\n|t:|1653066770\n|switch|p2a: Greninja|Greninja, M|68\/100\n|turn|34\n|\n|t:|1653066779\n|move|p2a: Greninja|Dark Pulse|p1a: Johnny Bravo\n|-damage|p1a: Johnny Bravo|0 fnt\n|faint|p1a: Johnny Bravo\n|-activate|p2a: Greninja|ability: Battle Bond\n|detailschange|p2a: Greninja|Greninja-Ash, M\n|\n|upkeep\n|\n|t:|1653066787\n|switch|p1a: Greninja|Greninja-Ash, M|100\/100\n|turn|35\n|\n|t:|1653066794\n|move|p1a: Greninja|Water Shuriken|p2a: Greninja\n|-resisted|p2a: Greninja\n|-damage|p2a: Greninja|55\/100\n|-resisted|p2a: Greninja\n|-damage|p2a: Greninja|41\/100\n|-resisted|p2a: Greninja\n|-damage|p2a: Greninja|28\/100\n|-hitcount|p2a: Greninja|3\n|move|p2a: Greninja|Dark Pulse|p1a: Greninja\n|-resisted|p1a: Greninja\n|-damage|p1a: Greninja|62\/100\n|\n|upkeep\n|turn|36\n|\n|t:|1653066804\n|move|p1a: Greninja|Water Shuriken|p2a: Greninja\n|-resisted|p2a: Greninja\n|-damage|p2a: Greninja|14\/100\n|-resisted|p2a: Greninja\n|-damage|p2a: Greninja|0 fnt\n|faint|p2a: Greninja\n|-hitcount|p2: Greninja|2\n|\n|win|Fastpitchkiller\n|raw|Fastpitchkiller's rating: 1600 &rarr; <strong>1616<\/strong><br \/>(+16 for winning)\n|raw|ShinyDragapult1234's rating: 1527 &rarr; <strong>1511<\/strong><br \/>(-16 for losing)\n|l|\u2606Fastpitchkiller\n","uploadtime":1653066815,"views":11,"p1id":"fastpitchkiller","p2id":"shinydragapult1234","formatid":"gen8nationaldex","rating":1511,"private":0,"password":null}