{"id":"gen8ou-1491634929","p1":"Chacaux","p2":"Drm3","format":"gen8ou","log":"|j|\u2606Chacaux\n|j|\u2606Drm3\n|inactive|Battle timer is ON: inactive players will automatically lose when time's up.\n|t:|1642196206\n|gametype|singles\n|player|p1|Chacaux|preschooler|\n|player|p2|Drm3|dragontamer|\n|teamsize|p1|6\n|teamsize|p2|6\n|gen|8\n|tier|[Gen 8] OU\n|rated|Tournament battle\n|rule|Sleep Clause Mod: Limit one foe put to sleep\n|rule|Species Clause: Limit one of each Pok\u00e9mon\n|rule|OHKO Clause: OHKO moves are banned\n|rule|Evasion Moves Clause: Evasion moves are banned\n|rule|Endless Battle Clause: Forcing endless battles is banned\n|rule|HP Percentage Mod: HP is shown in percentages\n|rule|Dynamax Clause: You cannot dynamax\n|clearpoke\n|poke|p1|Magnezone|\n|poke|p1|Kartana|\n|poke|p1|Tapu Lele|\n|poke|p1|Landorus-Therian, M|\n|poke|p1|Toxapex, F|\n|poke|p1|Mandibuzz, F|\n|poke|p2|Mew|\n|poke|p2|Zapdos|\n|poke|p2|Landorus-Therian, M|\n|poke|p2|Corviknight, M|\n|poke|p2|Toxapex, F|\n|poke|p2|Clefable, M|\n|teampreview\n|inactive|Chacaux also wants the timer to be on.\n|j| wir3sandfir3s\n|c|\u2606Chacaux|Hf\n|c|\u2606Drm3|u2\n|\n|t:|1642196220\n|start\n|switch|p1a: Toxapex|Toxapex, F|100\/100\n|switch|p2a: Landorus|Landorus-Therian, M|100\/100\n|-ability|p2a: Landorus|Intimidate|boost\n|-unboost|p1a: Toxapex|atk|1\n|turn|1\n|\n|t:|1642196237\n|move|p2a: Landorus|Earthquake|p1a: Toxapex\n|-supereffective|p1a: Toxapex\n|-damage|p1a: Toxapex|47\/100\n|-enditem|p1a: Toxapex|Eject Button\n|\n|t:|1642196241\n|switch|p1a: Landorus|Landorus-Therian, M|100\/100\n|-ability|p1a: Landorus|Intimidate|boost\n|-unboost|p2a: Landorus|atk|1\n|\n|upkeep\n|turn|2\n|j| yaboiAshK.\n|j| Mr_Smooves\n|\n|t:|1642196244\n|move|p2a: Landorus|Knock Off|p1a: Landorus\n|-damage|p1a: Landorus|82\/100\n|-enditem|p1a: Landorus|Leftovers|[from] move: Knock Off|[of] p2a: Landorus\n|move|p1a: Landorus|Toxic|p2a: Landorus\n|-status|p2a: Landorus|tox\n|\n|-damage|p2a: Landorus|94\/100 tox|[from] psn\n|upkeep\n|turn|3\n|\n|t:|1642196249\n|move|p2a: Landorus|Stealth Rock|p1a: Landorus\n|-sidestart|p1: Chacaux|move: Stealth Rock\n|move|p1a: Landorus|Stealth Rock|p2a: Landorus\n|-sidestart|p2: Drm3|move: Stealth Rock\n|\n|-heal|p2a: Landorus|100\/100 tox|[from] item: Leftovers\n|-damage|p2a: Landorus|88\/100 tox|[from] psn\n|upkeep\n|turn|4\n|\n|t:|1642196253\n|switch|p2a: Toxapex|Toxapex, F|100\/100\n|-damage|p2a: Toxapex|88\/100|[from] Stealth Rock\n|move|p1a: Landorus|U-turn|p2a: Toxapex\n|-resisted|p2a: Toxapex\n|-damage|p2a: Toxapex|82\/100\n|-damage|p1a: Landorus|66\/100|[from] item: Rocky Helmet|[of] p2a: Toxapex\n|\n|t:|1642196256\n|switch|p1a: Magnezone|Magnezone|100\/100|[from]move: U-turn\n|-damage|p1a: Magnezone|94\/100|[from] Stealth Rock\n|\n|-heal|p1a: Magnezone|100\/100|[from] item: Leftovers\n|upkeep\n|turn|5\n|c| wir3sandfir3s|we taking bets?\n|\n|t:|1642196260\n|switch|p2a: Mew|Mew|100\/100\n|-damage|p2a: Mew|88\/100|[from] Stealth Rock\n|move|p1a: Magnezone|Thunderbolt|p2a: Mew\n|-damage|p2a: Mew|58\/100\n|-status|p2a: Mew|par\n|-activate|p2a: Mew|ability: Synchronize\n|-immune|p1a: Magnezone\n|\n|-heal|p2a: Mew|64\/100 par|[from] item: Leftovers\n|upkeep\n|turn|6\n|\n|t:|1642196268\n|switch|p1a: Mandibuzz|Mandibuzz, F|100\/100\n|move|p2a: Mew|Heal Bell|p2a: Mew\n|-activate|p2a: Mew|move: Heal Bell\n|-curestatus|p2a: Mew|par|[msg]\n|-curestatus|p2: Landorus|tox|[msg]\n|\n|-heal|p2a: Mew|70\/100|[from] item: Leftovers\n|upkeep\n|turn|7\n|\n|t:|1642196271\n|move|p2a: Mew|Knock Off|p1a: Mandibuzz\n|-resisted|p1a: Mandibuzz\n|-damage|p1a: Mandibuzz|93\/100\n|-enditem|p1a: Mandibuzz|Heavy-Duty Boots|[from] move: Knock Off|[of] p2a: Mew\n|move|p1a: Mandibuzz|Foul Play|p2a: Mew\n|-supereffective|p2a: Mew\n|-damage|p2a: Mew|10\/100\n|\n|-heal|p2a: Mew|16\/100|[from] item: Leftovers\n|upkeep\n|turn|8\n|\n|t:|1642196279\n|switch|p2a: Toxapex|Toxapex, F|100\/100\n|-damage|p2a: Toxapex|88\/100|[from] Stealth Rock\n|move|p1a: Mandibuzz|U-turn|p2a: Toxapex\n|-resisted|p2a: Toxapex\n|-damage|p2a: Toxapex|85\/100\n|-damage|p1a: Mandibuzz|76\/100|[from] item: Rocky Helmet|[of] p2a: Toxapex\n|\n|t:|1642196286\n|switch|p1a: Magnezone|Magnezone|100\/100|[from]move: U-turn\n|-damage|p1a: Magnezone|94\/100|[from] Stealth Rock\n|\n|-heal|p1a: Magnezone|100\/100|[from] item: Leftovers\n|upkeep\n|turn|9\n|\n|t:|1642196291\n|switch|p2a: Zapdos|Zapdos|100\/100\n|-ability|p2a: Zapdos|Pressure\n|move|p1a: Magnezone|Thunderbolt|p2a: Zapdos\n|-damage|p2a: Zapdos|61\/100\n|\n|upkeep\n|turn|10\n|\n|t:|1642196298\n|move|p2a: Zapdos|Roost|p2a: Zapdos\n|-heal|p2a: Zapdos|100\/100\n|-singleturn|p2a: Zapdos|move: Roost\n|move|p1a: Magnezone|Toxic|p2a: Zapdos\n|-status|p2a: Zapdos|tox\n|\n|-damage|p2a: Zapdos|94\/100 tox|[from] psn\n|upkeep\n|turn|11\n|\n|t:|1642196321\n|switch|p2a: Landorus|Landorus-Therian, M|88\/100\n|-damage|p2a: Landorus|76\/100|[from] Stealth Rock\n|-ability|p2a: Landorus|Intimidate|boost\n|-unboost|p1a: Magnezone|atk|1\n|switch|p1a: Tapu Lele|Tapu Lele|100\/100\n|-damage|p1a: Tapu Lele|88\/100|[from] Stealth Rock\n|-fieldstart|move: Psychic Terrain|[from] ability: Psychic Surge|[of] p1a: Tapu Lele\n|\n|-heal|p2a: Landorus|82\/100|[from] item: Leftovers\n|upkeep\n|turn|12\n|\n|t:|1642196329\n|switch|p2a: Corviknight|Corviknight, M|100\/100\n|-damage|p2a: Corviknight|88\/100|[from] Stealth Rock\n|-ability|p2a: Corviknight|Pressure\n|move|p1a: Tapu Lele|Moonblast|p2a: Corviknight\n|-resisted|p2a: Corviknight\n|-damage|p2a: Corviknight|70\/100\n|-unboost|p2a: Corviknight|spa|1\n|\n|upkeep\n|turn|13\n|\n|t:|1642196337\n|switch|p2a: Mew|Mew|16\/100\n|-damage|p2a: Mew|4\/100|[from] Stealth Rock\n|move|p1a: Tapu Lele|Moonblast|p2a: Mew\n|-damage|p2a: Mew|0 fnt\n|faint|p2a: Mew\n|\n|upkeep\n|j| Mikirae\n|\n|t:|1642196348\n|switch|p2a: Toxapex|Toxapex, F|100\/100\n|-damage|p2a: Toxapex|88\/100|[from] Stealth Rock\n|turn|14\n|\n|t:|1642196355\n|switch|p1a: Magnezone|Magnezone|100\/100\n|-damage|p1a: Magnezone|94\/100|[from] Stealth Rock\n|move|p2a: Toxapex|Knock Off|p1a: Magnezone\n|-damage|p1a: Magnezone|82\/100\n|-enditem|p1a: Magnezone|Leftovers|[from] move: Knock Off|[of] p2a: Toxapex\n|\n|upkeep\n|turn|15\n|\n|t:|1642196366\n|move|p1a: Magnezone|Thunderbolt|p2a: Toxapex\n|-supereffective|p2a: Toxapex\n|-damage|p2a: Toxapex|23\/100\n|move|p2a: Toxapex|Knock Off|p1a: Magnezone\n|-damage|p1a: Magnezone|72\/100\n|\n|-fieldend|move: Psychic Terrain\n|upkeep\n|turn|16\n|\n|t:|1642196379\n|switch|p2a: Landorus|Landorus-Therian, M|82\/100\n|-damage|p2a: Landorus|70\/100|[from] Stealth Rock\n|-ability|p2a: Landorus|Intimidate|boost\n|-unboost|p1a: Magnezone|atk|1\n|move|p1a: Magnezone|Toxic|p2a: Landorus\n|-status|p2a: Landorus|tox\n|\n|-heal|p2a: Landorus|76\/100 tox|[from] item: Leftovers\n|-damage|p2a: Landorus|70\/100 tox|[from] psn\n|upkeep\n|turn|17\n|\n|t:|1642196389\n|switch|p2a: Zapdos|Zapdos|94\/100 tox\n|-ability|p2a: Zapdos|Pressure\n|switch|p1a: Mandibuzz|Mandibuzz, F|76\/100\n|-damage|p1a: Mandibuzz|52\/100|[from] Stealth Rock\n|\n|-damage|p2a: Zapdos|88\/100 tox|[from] psn\n|upkeep\n|turn|18\n|\n|t:|1642196395\n|switch|p1a: Landorus|Landorus-Therian, M|66\/100\n|-damage|p1a: Landorus|53\/100|[from] Stealth Rock\n|-ability|p1a: Landorus|Intimidate|boost\n|-unboost|p2a: Zapdos|atk|1\n|move|p2a: Zapdos|Thunderbolt|p1a: Landorus\n|-immune|p1a: Landorus\n|\n|-damage|p2a: Zapdos|76\/100 tox|[from] psn\n|upkeep\n|turn|19\n|\n|t:|1642196401\n|switch|p2a: Toxapex|Toxapex, F|56\/100\n|-damage|p2a: Toxapex|44\/100|[from] Stealth Rock\n|move|p1a: Landorus|U-turn|p2a: Toxapex\n|-resisted|p2a: Toxapex\n|-damage|p2a: Toxapex|38\/100\n|-damage|p1a: Landorus|37\/100|[from] item: Rocky Helmet|[of] p2a: Toxapex\n|\n|t:|1642196412\n|switch|p1a: Kartana|Kartana|100\/100|[from]move: U-turn\n|-damage|p1a: Kartana|94\/100|[from] Stealth Rock\n|\n|upkeep\n|turn|20\n|\n|t:|1642196416\n|move|p1a: Kartana|Knock Off|p2a: Toxapex\n|-damage|p2a: Toxapex|0 fnt\n|-damage|p1a: Kartana|78\/100|[from] item: Rocky Helmet|[of] p2a: Toxapex\n|-enditem|p2a: Toxapex|Rocky Helmet|[from] move: Knock Off|[of] p1a: Kartana\n|faint|p2a: Toxapex\n|-ability|p1a: Kartana|Beast Boost|boost\n|-boost|p1a: Kartana|atk|1\n|\n|upkeep\n|\n|t:|1642196422\n|switch|p2a: Clefable|Clefable, M|100\/100\n|-damage|p2a: Clefable|88\/100|[from] Stealth Rock\n|turn|21\n|\n|t:|1642196438\n|switch|p1a: Toxapex|Toxapex, F|80\/100\n|-damage|p1a: Toxapex|68\/100|[from] Stealth Rock\n|move|p2a: Clefable|Moonblast|p1a: Toxapex\n|-resisted|p1a: Toxapex\n|-damage|p1a: Toxapex|55\/100\n|-unboost|p1a: Toxapex|spa|1\n|\n|-heal|p2a: Clefable|94\/100|[from] item: Leftovers\n|upkeep\n|turn|22\n|\n|t:|1642196446\n|move|p2a: Clefable|Wish|p2a: Clefable\n|move|p1a: Toxapex|Recover|p1a: Toxapex\n|-heal|p1a: Toxapex|100\/100\n|\n|-heal|p2a: Clefable|99\/100|[from] item: Leftovers\n|upkeep\n|turn|23\n|\n|t:|1642196465\n|switch|p2a: Zapdos|Zapdos|76\/100 tox\n|-ability|p2a: Zapdos|Pressure\n|move|p1a: Toxapex|Scald|p2a: Zapdos\n|-crit|p2a: Zapdos\n|-damage|p2a: Zapdos|48\/100 tox\n|\n|-heal|p2a: Zapdos|100\/100 tox|[from] move: Wish|[wisher] Clefable\n|-damage|p2a: Zapdos|94\/100 tox|[from] psn\n|upkeep\n|turn|24\n|j| NoTollsNoRolls\n|inactive|Chacaux has 120 seconds left.\n|inactive|Chacaux has 90 seconds left.\n|\n|t:|1642196522\n|switch|p1a: Landorus|Landorus-Therian, M|37\/100\n|-damage|p1a: Landorus|25\/100|[from] Stealth Rock\n|-ability|p1a: Landorus|Intimidate|boost\n|-unboost|p2a: Zapdos|atk|1\n|move|p2a: Zapdos|Thunderbolt|p1a: Landorus\n|-immune|p1a: Landorus\n|\n|-damage|p2a: Zapdos|82\/100 tox|[from] psn\n|upkeep\n|turn|25\n|\n|t:|1642196525\n|move|p2a: Zapdos|Hurricane|p1a: Landorus|[miss]\n|-miss|p2a: Zapdos|p1a: Landorus\n|move|p1a: Landorus|U-turn|p2a: Zapdos\n|-resisted|p2a: Zapdos\n|-damage|p2a: Zapdos|71\/100 tox\n|\n|t:|1642196527\n|switch|p1a: Tapu Lele|Tapu Lele|88\/100|[from]move: U-turn\n|-damage|p1a: Tapu Lele|76\/100|[from] Stealth Rock\n|-fieldstart|move: Psychic Terrain|[from] ability: Psychic Surge|[of] p1a: Tapu Lele\n|\n|-damage|p2a: Zapdos|53\/100 tox|[from] psn\n|upkeep\n|turn|26\n|c|\u2606Drm3|gg\n|\n|t:|1642196536\n|switch|p2a: Corviknight|Corviknight, M|70\/100\n|-damage|p2a: Corviknight|58\/100|[from] Stealth Rock\n|-ability|p2a: Corviknight|Pressure\n|move|p1a: Tapu Lele|Moonblast|p2a: Corviknight\n|-resisted|p2a: Corviknight\n|-damage|p2a: Corviknight|41\/100\n|\n|upkeep\n|turn|27\n|\n|t:|1642196547\n|switch|p1a: Magnezone|Magnezone|72\/100\n|-damage|p1a: Magnezone|66\/100|[from] Stealth Rock\n|move|p2a: Corviknight|Roost|p2a: Corviknight\n|-heal|p2a: Corviknight|91\/100\n|-singleturn|p2a: Corviknight|move: Roost\n|\n|upkeep\n|turn|28\n|\n|t:|1642196551\n|switch|p2a: Landorus|Landorus-Therian, M|70\/100 tox\n|-damage|p2a: Landorus|58\/100 tox|[from] Stealth Rock\n|-ability|p2a: Landorus|Intimidate|boost\n|-unboost|p1a: Magnezone|atk|1\n|move|p1a: Magnezone|Thunderbolt|p2a: Landorus\n|-immune|p2a: Landorus\n|\n|-heal|p2a: Landorus|64\/100 tox|[from] item: Leftovers\n|-damage|p2a: Landorus|58\/100 tox|[from] psn\n|upkeep\n|turn|29\n|inactive|Chacaux has 120 seconds left.\n|\n|t:|1642196568\n|switch|p2a: Zapdos|Zapdos|53\/100 tox\n|-ability|p2a: Zapdos|Pressure\n|switch|p1a: Mandibuzz|Mandibuzz, F|52\/100\n|-damage|p1a: Mandibuzz|27\/100|[from] Stealth Rock\n|\n|-damage|p2a: Zapdos|47\/100 tox|[from] psn\n|-fieldend|move: Psychic Terrain\n|upkeep\n|turn|30\n|inactive|Chacaux has 120 seconds left.\n|\n|t:|1642196578\n|move|p2a: Zapdos|Roost|p2a: Zapdos\n|-heal|p2a: Zapdos|97\/100 tox\n|-singleturn|p2a: Zapdos|move: Roost\n|move|p1a: Mandibuzz|Roost|p1a: Mandibuzz\n|-heal|p1a: Mandibuzz|77\/100\n|-singleturn|p1a: Mandibuzz|move: Roost\n|\n|-damage|p2a: Zapdos|85\/100 tox|[from] psn\n|upkeep\n|turn|31\n|l| wir3sandfir3s\n|\n|t:|1642196582\n|switch|p1a: Landorus|Landorus-Therian, M|25\/100\n|-damage|p1a: Landorus|12\/100|[from] Stealth Rock\n|-ability|p1a: Landorus|Intimidate|boost\n|-unboost|p2a: Zapdos|atk|1\n|move|p2a: Zapdos|Thunderbolt|p1a: Landorus\n|-immune|p1a: Landorus\n|\n|-damage|p2a: Zapdos|66\/100 tox|[from] psn\n|upkeep\n|turn|32\n|\n|t:|1642196588\n|move|p2a: Zapdos|Hurricane|p1a: Landorus\n|-damage|p1a: Landorus|0 fnt\n|faint|p1a: Landorus\n|\n|-damage|p2a: Zapdos|42\/100 tox|[from] psn\n|upkeep\n|\n|t:|1642196602\n|switch|p1a: Kartana|Kartana|78\/100\n|-damage|p1a: Kartana|72\/100|[from] Stealth Rock\n|turn|33\n|\n|t:|1642196604\n|switch|p2a: Clefable|Clefable, M|99\/100\n|-damage|p2a: Clefable|88\/100|[from] Stealth Rock\n|move|p1a: Kartana|Knock Off|p2a: Clefable\n|-resisted|p2a: Clefable\n|-crit|p2a: Clefable\n|-damage|p2a: Clefable|48\/100\n|-enditem|p2a: Clefable|Leftovers|[from] move: Knock Off|[of] p1a: Kartana\n|\n|upkeep\n|turn|34\n|c|\u2606Drm3|damn\n|\n|t:|1642196615\n|switch|p1a: Tapu Lele|Tapu Lele|76\/100\n|-damage|p1a: Tapu Lele|63\/100|[from] Stealth Rock\n|-fieldstart|move: Psychic Terrain|[from] ability: Psychic Surge|[of] p1a: Tapu Lele\n|move|p2a: Clefable|Wish|p2a: Clefable\n|\n|upkeep\n|turn|35\n|\n|t:|1642196624\n|move|p2a: Clefable|Protect|p2a: Clefable\n|-singleturn|p2a: Clefable|Protect\n|move|p1a: Tapu Lele|Moonblast|p2a: Clefable\n|-activate|p2a: Clefable|move: Protect\n|\n|-heal|p2a: Clefable|98\/100|[from] move: Wish|[wisher] Clefable\n|upkeep\n|turn|36\n|\n|t:|1642196634\n|move|p1a: Tapu Lele|Moonblast|p2a: Clefable\n|-damage|p2a: Clefable|49\/100\n|move|p2a: Clefable|Wish|p2a: Clefable\n|\n|upkeep\n|turn|37\n|\n|t:|1642196641\n|move|p2a: Clefable|Protect|p2a: Clefable\n|-singleturn|p2a: Clefable|Protect\n|move|p1a: Tapu Lele|Moonblast|p2a: Clefable\n|-activate|p2a: Clefable|move: Protect\n|\n|-heal|p2a: Clefable|99\/100|[from] move: Wish|[wisher] Clefable\n|upkeep\n|turn|38\n|\n|t:|1642196644\n|move|p1a: Tapu Lele|Moonblast|p2a: Clefable\n|-damage|p2a: Clefable|54\/100\n|move|p2a: Clefable|Wish|p2a: Clefable\n|\n|-fieldend|move: Psychic Terrain\n|upkeep\n|turn|39\n|\n|t:|1642196654\n|switch|p1a: Kartana|Kartana|72\/100\n|-damage|p1a: Kartana|65\/100|[from] Stealth Rock\n|move|p2a: Clefable|Moonblast|p1a: Kartana\n|-resisted|p1a: Kartana\n|-crit|p1a: Kartana\n|-damage|p1a: Kartana|0 fnt\n|faint|p1a: Kartana\n|\n|-heal|p2a: Clefable|100\/100|[from] move: Wish|[wisher] Clefable\n|upkeep\n|\n|t:|1642196675\n|switch|p1a: Tapu Lele|Tapu Lele|63\/100\n|-damage|p1a: Tapu Lele|51\/100|[from] Stealth Rock\n|-fieldstart|move: Psychic Terrain|[from] ability: Psychic Surge|[of] p1a: Tapu Lele\n|turn|40\n|c|\u2606Chacaux|Gg\n|j| jpmimoso\n|\n|t:|1642196692\n|move|p2a: Clefable|Protect|p2a: Clefable\n|-singleturn|p2a: Clefable|Protect\n|move|p1a: Tapu Lele|Future Sight|p2a: Clefable\n|-start|p1a: Tapu Lele|move: Future Sight\n|\n|upkeep\n|turn|41\n|\n|t:|1642196700\n|switch|p1a: Magnezone|Magnezone|66\/100\n|-damage|p1a: Magnezone|60\/100|[from] Stealth Rock\n|move|p2a: Clefable|Wish|p2a: Clefable\n|\n|upkeep\n|turn|42\n|\n|t:|1642196715\n|move|p1a: Magnezone|Thunderbolt|p2a: Clefable\n|-damage|p2a: Clefable|67\/100\n|move|p2a: Clefable|Moonblast|p1a: Magnezone\n|-resisted|p1a: Magnezone\n|-damage|p1a: Magnezone|38\/100\n|\n|-end|p2a: Clefable|move: Future Sight\n|-damage|p2a: Clefable|0 fnt\n|faint|p2a: Clefable\n|upkeep\n|\n|t:|1642196722\n|switch|p2a: Zapdos|Zapdos|42\/100 tox\n|-ability|p2a: Zapdos|Pressure\n|turn|43\n|c| Mr_Smooves|Damn\n|c|\u2606Drm3|those crits did me in\n|\n|t:|1642196739\n|move|p2a: Zapdos|Roost|p2a: Zapdos\n|-heal|p2a: Zapdos|92\/100 tox\n|-singleturn|p2a: Zapdos|move: Roost\n|move|p1a: Magnezone|Thunderbolt|p2a: Zapdos\n|-resisted|p2a: Zapdos\n|-damage|p2a: Zapdos|71\/100 tox\n|\n|-damage|p2a: Zapdos|65\/100 tox|[from] psn\n|upkeep\n|turn|44\n|\n|t:|1642196760\n|switch|p1a: Mandibuzz|Mandibuzz, F|77\/100\n|-damage|p1a: Mandibuzz|52\/100|[from] Stealth Rock\n|move|p2a: Zapdos|Thunderbolt|p1a: Mandibuzz\n|-supereffective|p1a: Mandibuzz\n|-damage|p1a: Mandibuzz|0 fnt\n|faint|p1a: Mandibuzz\n|\n|-damage|p2a: Zapdos|53\/100 tox|[from] psn\n|-fieldend|move: Psychic Terrain\n|upkeep\n|\n|t:|1642196762\n|switch|p1a: Tapu Lele|Tapu Lele|51\/100\n|-damage|p1a: Tapu Lele|38\/100|[from] Stealth Rock\n|-fieldstart|move: Psychic Terrain|[from] ability: Psychic Surge|[of] p1a: Tapu Lele\n|turn|45\n|l| Mikirae\n|inactive|Chacaux has 120 seconds left.\n|\n|t:|1642196789\n|switch|p2a: Corviknight|Corviknight, M|91\/100\n|-damage|p2a: Corviknight|78\/100|[from] Stealth Rock\n|-ability|p2a: Corviknight|Pressure\n|move|p1a: Tapu Lele|Future Sight|p2a: Corviknight\n|-start|p1a: Tapu Lele|move: Future Sight\n|\n|upkeep\n|turn|46\n|\n|t:|1642196804\n|switch|p1a: Magnezone|Magnezone|38\/100\n|-damage|p1a: Magnezone|32\/100|[from] Stealth Rock\n|move|p2a: Corviknight|Substitute|p2a: Corviknight\n|-start|p2a: Corviknight|Substitute\n|-damage|p2a: Corviknight|54\/100\n|\n|upkeep\n|turn|47\n|\n|t:|1642196814\n|move|p1a: Magnezone|Thunderbolt|p2a: Corviknight\n|-supereffective|p2a: Corviknight\n|-end|p2a: Corviknight|Substitute\n|move|p2a: Corviknight|Roost|p2a: Corviknight\n|-heal|p2a: Corviknight|100\/100\n|-singleturn|p2a: Corviknight|move: Roost\n|\n|-end|p2a: Corviknight|move: Future Sight\n|-resisted|p2a: Corviknight\n|-damage|p2a: Corviknight|75\/100\n|upkeep\n|turn|48\n|\n|t:|1642196833\n|switch|p1a: Toxapex|Toxapex, F|100\/100\n|-damage|p1a: Toxapex|88\/100|[from] Stealth Rock\n|switch|p2a: Landorus|Landorus-Therian, M|58\/100 tox\n|-damage|p2a: Landorus|45\/100 tox|[from] Stealth Rock\n|-ability|p2a: Landorus|Intimidate|boost\n|-unboost|p1a: Toxapex|atk|1\n|\n|-heal|p2a: Landorus|51\/100 tox|[from] item: Leftovers\n|-damage|p2a: Landorus|45\/100 tox|[from] psn\n|upkeep\n|turn|49\n|\n|t:|1642196852\n|switch|p2a: Zapdos|Zapdos|53\/100 tox\n|-ability|p2a: Zapdos|Pressure\n|move|p1a: Toxapex|Scald|p2a: Zapdos\n|-damage|p2a: Zapdos|36\/100 tox\n|\n|-damage|p2a: Zapdos|30\/100 tox|[from] psn\n|-fieldend|move: Psychic Terrain\n|upkeep\n|turn|50\n|\n|t:|1642196863\n|switch|p1a: Tapu Lele|Tapu Lele|38\/100\n|-damage|p1a: Tapu Lele|26\/100|[from] Stealth Rock\n|-fieldstart|move: Psychic Terrain|[from] ability: Psychic Surge|[of] p1a: Tapu Lele\n|move|p2a: Zapdos|Roost|p2a: Zapdos\n|-heal|p2a: Zapdos|80\/100 tox\n|-singleturn|p2a: Zapdos|move: Roost\n|\n|-damage|p2a: Zapdos|68\/100 tox|[from] psn\n|upkeep\n|turn|51\n|\n|t:|1642196871\n|switch|p2a: Corviknight|Corviknight, M|75\/100\n|-damage|p2a: Corviknight|63\/100|[from] Stealth Rock\n|-ability|p2a: Corviknight|Pressure\n|move|p1a: Tapu Lele|Psyshock|p2a: Corviknight\n|-resisted|p2a: Corviknight\n|-damage|p2a: Corviknight|40\/100\n|\n|upkeep\n|turn|52\n|\n|t:|1642196880\n|switch|p1a: Magnezone|Magnezone|32\/100\n|-damage|p1a: Magnezone|26\/100|[from] Stealth Rock\n|move|p2a: Corviknight|Roost|p2a: Corviknight\n|-heal|p2a: Corviknight|90\/100\n|-singleturn|p2a: Corviknight|move: Roost\n|\n|upkeep\n|turn|53\n|\n|t:|1642196885\n|switch|p2a: Landorus|Landorus-Therian, M|45\/100 tox\n|-damage|p2a: Landorus|33\/100 tox|[from] Stealth Rock\n|-ability|p2a: Landorus|Intimidate|boost\n|-unboost|p1a: Magnezone|atk|1\n|move|p1a: Magnezone|Thunderbolt|p2a: Landorus\n|-immune|p2a: Landorus\n|\n|-heal|p2a: Landorus|39\/100 tox|[from] item: Leftovers\n|-damage|p2a: Landorus|33\/100 tox|[from] psn\n|upkeep\n|turn|54\n|j| chrispiestchicken\n|\n|t:|1642196890\n|switch|p1a: Toxapex|Toxapex, F|100\/100\n|-damage|p1a: Toxapex|88\/100|[from] Stealth Rock\n|move|p2a: Landorus|Earthquake|p1a: Toxapex\n|-supereffective|p1a: Toxapex\n|-crit|p1a: Toxapex\n|-damage|p1a: Toxapex|0 fnt\n|faint|p1a: Toxapex\n|\n|-heal|p2a: Landorus|39\/100 tox|[from] item: Leftovers\n|-damage|p2a: Landorus|27\/100 tox|[from] psn\n|-fieldend|move: Psychic Terrain\n|upkeep\n|c|\u2606Chacaux|Ptdrrrr\n|l|\u2606Drm3\n|inactive|Drm3 disconnected and has a minute to reconnect!\n|player|p2|\n|c|\u2606Chacaux|No broo\n|inactive|Chacaux has 120 seconds left.\n|\n|t:|1642196924\n|switch|p1a: Tapu Lele|Tapu Lele|26\/100\n|-damage|p1a: Tapu Lele|13\/100|[from] Stealth Rock\n|-fieldstart|move: Psychic Terrain|[from] ability: Psychic Surge|[of] p1a: Tapu Lele\n|turn|55\n|j|\u2606Drm3\n|inactive|Drm3 reconnected and has 145 seconds left.\n|player|p2|Drm3|dragontamer\n|\n|t:|1642196933\n|switch|p2a: Corviknight|Corviknight, M|90\/100\n|-damage|p2a: Corviknight|78\/100|[from] Stealth Rock\n|-ability|p2a: Corviknight|Pressure\n|move|p1a: Tapu Lele|Moonblast|p2a: Corviknight\n|-resisted|p2a: Corviknight\n|-damage|p2a: Corviknight|61\/100\n|\n|upkeep\n|turn|56\n|c| Mr_Smooves|His mom told him dinner was ready\n|inactive|Chacaux has 120 seconds left.\n|c|\u2606Chacaux|Ik ik\n|\n|t:|1642196960\n|switch|p1a: Magnezone|Magnezone|26\/100\n|-damage|p1a: Magnezone|20\/100|[from] Stealth Rock\n|move|p2a: Corviknight|Roost|p2a: Corviknight\n|-heal|p2a: Corviknight|100\/100\n|-singleturn|p2a: Corviknight|move: Roost\n|\n|upkeep\n|turn|57\n|j| breadupt\n|inactive|Chacaux has 120 seconds left.\n|\n|t:|1642196975\n|switch|p2a: Landorus|Landorus-Therian, M|27\/100 tox\n|-damage|p2a: Landorus|15\/100 tox|[from] Stealth Rock\n|-ability|p2a: Landorus|Intimidate|boost\n|-unboost|p1a: Magnezone|atk|1\n|move|p1a: Magnezone|Thunderbolt|p2a: Landorus\n|-immune|p2a: Landorus\n|\n|-heal|p2a: Landorus|21\/100 tox|[from] item: Leftovers\n|-damage|p2a: Landorus|15\/100 tox|[from] psn\n|upkeep\n|turn|58\n|\n|t:|1642196978\n|move|p2a: Landorus|Earthquake|p1a: Magnezone\n|-supereffective|p1a: Magnezone\n|-damage|p1a: Magnezone|0 fnt\n|faint|p1a: Magnezone\n|\n|-heal|p2a: Landorus|21\/100 tox|[from] item: Leftovers\n|-damage|p2a: Landorus|9\/100 tox|[from] psn\n|upkeep\n|\n|t:|1642196981\n|switch|p1a: Tapu Lele|Tapu Lele|13\/100\n|-damage|p1a: Tapu Lele|1\/100|[from] Stealth Rock\n|turn|59\n|\n|t:|1642196985\n|move|p1a: Tapu Lele|Psyshock|p2a: Landorus\n|-damage|p2a: Landorus|0 fnt\n|faint|p2a: Landorus\n|\n|-fieldend|move: Psychic Terrain\n|upkeep\n|\n|t:|1642196988\n|switch|p2a: Zapdos|Zapdos|68\/100 tox\n|-ability|p2a: Zapdos|Pressure\n|turn|60\n|\n|t:|1642196990\n|move|p1a: Tapu Lele|Psyshock|p2a: Zapdos\n|-damage|p2a: Zapdos|22\/100 tox\n|move|p2a: Zapdos|Thunderbolt|p1a: Tapu Lele\n|-damage|p1a: Tapu Lele|0 fnt\n|faint|p1a: Tapu Lele\n|\n|win|Drm3\n|n|\u2606Chacaux|chacaux\n|n| yaboiAshK.|yaboiashk\n|n| Mr_Smooves|mrsmooves\n|n| NoTollsNoRolls|notollsnorolls\n|n| jpmimoso|jpmimoso\n|n| chrispiestchicken|chrispiestchicken\n|n|\u2606Drm3|drm3\n|n| breadupt|breadupt\n|l| NoTollsNoRolls\n|c|\u2606Drm3|gg\n|l| Mr_Smooves\n|l| jpmimoso\n|l| breadupt\n","uploadtime":1642197004,"views":347,"p1id":"chacaux","p2id":"drm3","formatid":"gen8ou","rating":0,"private":0,"password":null}