{"id":"gen8randombattle-1588900272","p1":"Batataplays","p2":"PKM Champion Blue","format":"gen8randombattle","log":"|j|\u2606Batataplays\n|j|\u203dPKM Champion Blue\n|inactive|Battle timer is ON: inactive players will automatically lose when time's up.\n|t:|1654315535\n|gametype|singles\n|player|p1|Batataplays|leaguestafff|\n|player|p2|PKM Champion Blue|blue-gen7|\n|teamsize|p1|6\n|teamsize|p2|6\n|gen|8\n|tier|[Gen 8] Random Battle\n|rated|Tournament battle\n|rule|Species Clause: Limit one of each Pok\u00e9mon\n|rule|HP Percentage Mod: HP is shown in percentages\n|rule|Sleep Clause Mod: Limit one foe put to sleep\n|\n|t:|1654315535\n|start\n|switch|p1a: Swampert|Swampert, L80, F|291\/291\n|switch|p2a: Exploud|Exploud, L84, F|312\/312\n|turn|1\n|inactive|PKM Champion Blue also wants the timer to be on.\n|j| bostil\n|\n|t:|1654315561\n|move|p2a: Exploud|Boomburst|p1a: Swampert\n|-damage|p1a: Swampert|144\/291\n|move|p1a: Swampert|Flip Turn|p2a: Exploud\n|-damage|p2a: Exploud|234\/312\n|\n|t:|1654315583\n|switch|p1a: Hitmonlee|Hitmonlee, L84, M|221\/221\n|\n|upkeep\n|turn|2\n|\n|t:|1654315605\n|switch|p2a: Sableye|Sableye, L88, F|231\/231\n|move|p1a: Hitmonlee|Close Combat|p2a: Sableye\n|-immune|p2a: Sableye\n|\n|upkeep\n|turn|3\n|\n|t:|1654315611\n|switch|p1a: Pincurchin|Pincurchin, L88, M|228\/228\n|-fieldstart|move: Electric Terrain|[from] ability: Electric Surge|[of] p1a: Pincurchin\n|move|p2a: Sableye|Knock Off|p1a: Pincurchin\n|-damage|p1a: Pincurchin|150\/228\n|-enditem|p1a: Pincurchin|Shuca Berry|[from] move: Knock Off|[of] p2a: Sableye\n|\n|upkeep\n|turn|4\n|\n|t:|1654315616\n|switch|p2a: Garchomp|Garchomp, L74, M|282\/282\n|move|p1a: Pincurchin|Spikes|p2a: Garchomp\n|-sidestart|p2: PKM Champion Blue|Spikes\n|\n|upkeep\n|turn|5\n|\n|t:|1654315625\n|switch|p1a: Thievul|Thievul, L86, F|261\/261\n|move|p2a: Garchomp|Stealth Rock|p1a: Thievul\n|-sidestart|p1: Batataplays|move: Stealth Rock\n|\n|upkeep\n|turn|6\n|j| Buko2k\n|l| Buko2k\n|\n|t:|1654315633\n|switch|p2a: Exploud|Exploud, L84, F|234\/312\n|-damage|p2a: Exploud|195\/312|[from] Spikes\n|move|p1a: Thievul|Parting Shot|p2a: Exploud\n|-unboost|p2a: Exploud|atk|1\n|-unboost|p2a: Exploud|spa|1\n|\n|t:|1654315639\n|switch|p1a: Ho-Oh|Ho-Oh, L72|272\/272\n|\n|upkeep\n|turn|7\n|j| LucasXGames\n|\n|t:|1654315651\n|move|p1a: Ho-Oh|Sacred Fire|p2a: Exploud\n|-damage|p2a: Exploud|75\/312\n|-status|p2a: Exploud|brn\n|move|p2a: Exploud|Surf|p1a: Ho-Oh\n|-supereffective|p1a: Ho-Oh\n|-damage|p1a: Ho-Oh|184\/272\n|\n|-damage|p2a: Exploud|56\/312 brn|[from] brn\n|-fieldend|move: Electric Terrain\n|upkeep\n|turn|8\n|\n|t:|1654315658\n|move|p1a: Ho-Oh|Sacred Fire|p2a: Exploud\n|-damage|p2a: Exploud|0 fnt\n|faint|p2a: Exploud\n|\n|upkeep\n|\n|t:|1654315661\n|switch|p2a: Garchomp|Garchomp, L74, M|282\/282\n|-damage|p2a: Garchomp|247\/282|[from] Spikes\n|turn|9\n|\n|t:|1654315665\n|move|p2a: Garchomp|Stone Edge|p1a: Ho-Oh\n|-supereffective|p1a: Ho-Oh\n|-damage|p1a: Ho-Oh|0 fnt\n|faint|p1a: Ho-Oh\n|\n|upkeep\n|\n|t:|1654315670\n|switch|p1a: Thievul|Thievul, L86, F|261\/261\n|-damage|p1a: Thievul|229\/261|[from] Stealth Rock\n|turn|10\n|\n|t:|1654315678\n|move|p1a: Thievul|Dark Pulse|p2a: Garchomp\n|-damage|p2a: Garchomp|157\/282\n|move|p2a: Garchomp|Outrage|p1a: Thievul\n|-damage|p1a: Thievul|67\/261\n|\n|-heal|p1a: Thievul|83\/261|[from] item: Leftovers\n|upkeep\n|turn|11\n|\n|t:|1654315684\n|move|p1a: Thievul|Foul Play|p2a: Garchomp\n|-damage|p2a: Garchomp|28\/282\n|-damage|p1a: Thievul|51\/261|[from] ability: Rough Skin|[of] p2a: Garchomp\n|-damage|p1a: Thievul|8\/261|[from] item: Rocky Helmet|[of] p2a: Garchomp\n|move|p2a: Garchomp|Outrage|p1a: Thievul|[from]lockedmove\n|-damage|p1a: Thievul|0 fnt\n|faint|p1a: Thievul\n|-start|p2a: Garchomp|confusion|[fatigue]\n|\n|upkeep\n|\n|t:|1654315690\n|switch|p1a: Hitmonlee|Hitmonlee, L84, M|221\/221\n|-damage|p1a: Hitmonlee|208\/221|[from] Stealth Rock\n|turn|12\n|\n|t:|1654315695\n|-activate|p2a: Garchomp|confusion\n|-damage|p2a: Garchomp|0 fnt|[from] confusion\n|faint|p2a: Garchomp\n|move|p1a: Hitmonlee|Knock Off|p2: Garchomp|[notarget]\n|-fail|p1a: Hitmonlee\n|\n|upkeep\n|\n|t:|1654315706\n|switch|p2a: Kingdra|Kingdra, L82, M|257\/257\n|-damage|p2a: Kingdra|225\/257|[from] Spikes\n|turn|13\n|l| LucasXGames\n|\n|t:|1654315721\n|-start|p2a: Kingdra|Dynamax|\n|-heal|p2a: Kingdra|450\/514|[silent]\n|move|p1a: Hitmonlee|Close Combat|p2a: Kingdra\n|-damage|p2a: Kingdra|314\/514\n|-unboost|p1a: Hitmonlee|def|1\n|-unboost|p1a: Hitmonlee|spd|1\n|-enditem|p1a: Hitmonlee|White Herb\n|-clearnegativeboost|p1a: Hitmonlee|[silent]\n|move|p2a: Kingdra|Max Airstream|p1a: Hitmonlee\n|-supereffective|p1a: Hitmonlee\n|-damage|p1a: Hitmonlee|5\/221\n|-boost|p2a: Kingdra|spe|1\n|-damage|p2a: Kingdra|289\/514|[from] item: Life Orb\n|\n|upkeep\n|turn|14\n|\n|t:|1654315731\n|move|p1a: Hitmonlee|Close Combat|p2a: Kingdra\n|-damage|p2a: Kingdra|136\/514\n|-unboost|p1a: Hitmonlee|def|1\n|-unboost|p1a: Hitmonlee|spd|1\n|move|p2a: Kingdra|Max Geyser|p1a: Hitmonlee\n|-damage|p1a: Hitmonlee|0 fnt\n|-weather|RainDance\n|faint|p1a: Hitmonlee\n|-damage|p2a: Kingdra|111\/514|[from] item: Life Orb\n|\n|-weather|RainDance|[upkeep]\n|upkeep\n|\n|t:|1654315737\n|switch|p1a: Pincurchin|Pincurchin, L88, M|150\/228\n|-damage|p1a: Pincurchin|122\/228|[from] Stealth Rock\n|-fieldstart|move: Electric Terrain|[from] ability: Electric Surge|[of] p1a: Pincurchin\n|turn|15\n|\n|t:|1654315741\n|switch|p1a: Swampert|Swampert, L80, F|144\/291\n|-damage|p1a: Swampert|126\/291|[from] Stealth Rock\n|move|p2a: Kingdra|Max Geyser|p1a: Swampert\n|-damage|p1a: Swampert|0 fnt\n|faint|p1a: Swampert\n|-damage|p2a: Kingdra|86\/514|[from] item: Life Orb\n|\n|-weather|RainDance|[upkeep]\n|upkeep\n|\n|t:|1654315747\n|switch|p1a: Bisharp|Bisharp, L80, M|235\/235\n|-damage|p1a: Bisharp|221\/235|[from] Stealth Rock\n|-end|p2a: Kingdra|Dynamax\n|-heal|p2a: Kingdra|43\/257|[silent]\n|turn|16\n|\n|t:|1654315751\n|move|p1a: Bisharp|Sucker Punch|p2a: Kingdra\n|-damage|p2a: Kingdra|0 fnt\n|faint|p2a: Kingdra\n|-damage|p1a: Bisharp|198\/235|[from] item: Life Orb\n|\n|-weather|RainDance|[upkeep]\n|upkeep\n|\n|t:|1654315756\n|switch|p2a: Wailord|Wailord, L90, F|452\/452\n|-damage|p2a: Wailord|396\/452|[from] Spikes\n|turn|17\n|\n|t:|1654315768\n|-start|p1a: Bisharp|Dynamax|\n|-heal|p1a: Bisharp|396\/470|[silent]\n|move|p2a: Wailord|Hydro Pump|p1a: Bisharp\n|-damage|p1a: Bisharp|57\/470\n|move|p1a: Bisharp|Max Darkness|p2a: Wailord\n|-damage|p2a: Wailord|100\/452\n|-unboost|p2a: Wailord|spd|1\n|-damage|p1a: Bisharp|34\/470|[from] item: Life Orb\n|\n|-weather|RainDance|[upkeep]\n|upkeep\n|turn|18\n|\n|t:|1654315775\n|move|p2a: Wailord|Hydro Pump|p1a: Bisharp\n|-damage|p1a: Bisharp|0 fnt\n|faint|p1a: Bisharp\n|\n|-weather|none\n|upkeep\n|\n|t:|1654315778\n|switch|p1a: Pincurchin|Pincurchin, L88, M|122\/228\n|-damage|p1a: Pincurchin|94\/228|[from] Stealth Rock\n|turn|19\n|\n|t:|1654315782\n|move|p2a: Wailord|Hydro Pump|p1a: Pincurchin\n|-damage|p1a: Pincurchin|0 fnt\n|faint|p1a: Pincurchin\n|\n|win|PKM Champion Blue\n|n|\u2606Batataplays|batataplays\n|n|\u203dPKM Champion Blue|pkmchampionblue\n|n| bostil|bostil\n","inputlog":">version 37aae3f54f319300a67b84b4c9ac0ceec3e65817\n>start {\"formatid\":\"gen8randombattle\",\"seed\":[23517,41138,55481,53643],\"rated\":\"Tournament battle\"}\n>player p1 {\"name\":\"Batataplays\",\"avatar\":\"leaguestafff\",\"rating\":0,\"seed\":[1796,6839,65084,44201]}\n>player p2 {\"name\":\"PKM Champion Blue\",\"avatar\":\"blue-gen7\",\"rating\":0,\"seed\":[26985,50056,40629,61498]}\n>p1 move flipturn\n>p2 move boomburst\n>p1 switch 4\n>p1 move closecombat\n>p2 switch 2\n>p1 switch 2\n>p2 move knockoff\n>p1 move spikes\n>p2 switch 6\n>p1 switch 3\n>p2 move stealthrock\n>p1 move partingshot\n>p2 switch 2\n>p1 switch 5\n>p1 move sacredfire\n>p2 move surf\n>p1 move sacredfire\n>p2 move surf\n>p2 switch 2\n>p1 move toxic\n>p2 move stoneedge\n>p1 switch 5\n>p1 move darkpulse\n>p2 move outrage\n>p1 move foulplay\n>p2 move outrage\n>p1 switch 2\n>p1 move knockoff\n>p2 move outrage\n>p2 switch 5\n>p1 move closecombat\n>p2 move hurricane dynamax\n>p1 move closecombat\n>p2 move hydropump dynamax\n>p1 switch 3\n>p1 switch 4\n>p2 move hydropump dynamax\n>p1 switch 6\n>p1 move suckerpunch\n>p2 move hydropump\n>p2 switch 4\n>p1 move knockoff dynamax\n>p2 move hydropump\n>p1 move knockoff dynamax\n>p2 move hydropump\n>p1 switch 4\n>p1 move risingvoltage\n>p2 move hydropump","uploadtime":1654315782,"views":7,"p1id":"batataplays","p2id":"pkmchampionblue","formatid":"gen8randombattle","rating":0,"private":0,"password":null}