{"id":"gen8ou-1667295428","p1":"RggV_YT","p2":"LaughingJackass","format":"gen8ou","log":"|j|\u2606RggV_YT\n|j|\u2606LaughingJackass\n|t:|1663509253\n|gametype|singles\n|player|p1|RggV_YT|scientist-gen4|1649\n|player|p2|LaughingJackass|170|1613\n|teamsize|p1|6\n|teamsize|p2|6\n|gen|8\n|tier|[Gen 8] OU\n|rated|\n|rule|Sleep Clause Mod: Limit one foe put to sleep\n|rule|Species Clause: Limit one of each Pok\u00e9mon\n|rule|OHKO Clause: OHKO moves are banned\n|rule|Evasion Items Clause: Evasion items are banned\n|rule|Evasion Moves Clause: Evasion moves are banned\n|rule|Endless Battle Clause: Forcing endless battles is banned\n|rule|HP Percentage Mod: HP is shown in percentages\n|rule|Dynamax Clause: You cannot dynamax\n|clearpoke\n|poke|p1|Sudowoodo, F|\n|poke|p1|Slowbro, M|\n|poke|p1|Hatterene, F|\n|poke|p1|Porygon2|\n|poke|p1|Snorlax, M|\n|poke|p1|Marowak-Alola, M|\n|poke|p2|Tapu Fini|\n|poke|p2|Heatran, F|\n|poke|p2|Rillaboom, M|\n|poke|p2|Zapdos|\n|poke|p2|Kartana|\n|poke|p2|Garchomp, F|\n|teampreview\n|inactive|Battle timer is ON: inactive players will automatically lose when time's up. (requested by LaughingJackass)\n|inactive|RggV_YT also wants the timer to be on.\n|j| iced out samsung\n|l| iced out samsung\n|inactive|LaughingJackass has 120 seconds left.\n|\n|t:|1663509296\n|start\n|switch|p1a: Hatterene|Hatterene, F|100\/100\n|switch|p2a: Rillaboom|Rillaboom, M|100\/100\n|-fieldstart|move: Grassy Terrain|[from] ability: Grassy Surge|[of] p2a: Rillaboom\n|turn|1\n|inactive|RggV_YT has 120 seconds left.\n|\n|t:|1663509333\n|move|p2a: Rillaboom|Wood Hammer|p1a: Hatterene\n|-enditem|p1a: Hatterene|Focus Sash\n|-damage|p1a: Hatterene|1\/100\n|-damage|p2a: Rillaboom|70\/100|[from] Recoil\n|move|p1a: Hatterene|Trick Room|p1a: Hatterene\n|-fieldstart|move: Trick Room|[of] p1a: Hatterene\n|\n|-heal|p1a: Hatterene|7\/100|[from] Grassy Terrain\n|-heal|p2a: Rillaboom|76\/100|[from] Grassy Terrain\n|upkeep\n|turn|2\n|inactive|RggV_YT has 120 seconds left.\n|\n|t:|1663509349\n|switch|p2a: Heatran|Heatran, F|100\/100\n|move|p1a: Hatterene|Healing Wish|p1a: Hatterene\n|faint|p1a: Hatterene\n|\n|upkeep\n|\n|t:|1663509351\n|switch|p1a: Marowak|Marowak-Alola, M|100\/100\n|turn|3\n|\n|t:|1663509357\n|switch|p2a: Zapdos|Zapdos|100\/100\n|move|p1a: Marowak|Swords Dance|p1a: Marowak\n|-boost|p1a: Marowak|atk|2\n|\n|upkeep\n|turn|4\n|\n|t:|1663509359\n|move|p1a: Marowak|Poltergeist|p2a: Zapdos\n|-activate|p2a: Zapdos|move: Poltergeist|Heavy-Duty Boots\n|-damage|p2a: Zapdos|0 fnt\n|faint|p2a: Zapdos\n|\n|upkeep\n|j| 0SiegeWarfare\n|\n|t:|1663509373\n|switch|p2a: Tapu Fini|Tapu Fini|100\/100\n|-fieldstart|move: Misty Terrain|[from] ability: Misty Surge|[of] p2a: Tapu Fini\n|turn|5\n|\n|t:|1663509376\n|move|p1a: Marowak|Poltergeist|p2a: Tapu Fini\n|-activate|p2a: Tapu Fini|move: Poltergeist|Leftovers\n|-damage|p2a: Tapu Fini|0 fnt\n|faint|p2a: Tapu Fini\n|\n|-fieldend|move: Trick Room\n|upkeep\n|\n|t:|1663509380\n|switch|p2a: Heatran|Heatran, F|100\/100\n|turn|6\n|\n|t:|1663509384\n|move|p2a: Heatran|Earth Power|p1a: Marowak\n|-supereffective|p1a: Marowak\n|-damage|p1a: Marowak|34\/100\n|move|p1a: Marowak|Poltergeist|p2a: Heatran\n|-activate|p2a: Heatran|move: Poltergeist|Leftovers\n|-damage|p2a: Heatran|0 fnt\n|faint|p2a: Heatran\n|\n|upkeep\n|\n|t:|1663509389\n|switch|p2a: Rillaboom|Rillaboom, M|76\/100\n|-fieldstart|move: Grassy Terrain|[from] ability: Grassy Surge|[of] p2a: Rillaboom\n|turn|7\n|\n|t:|1663509396\n|switch|p1a: Sudowoodo|Sudowoodo, F|100\/100\n|move|p2a: Rillaboom|Wood Hammer|p1a: Sudowoodo\n|-supereffective|p1a: Sudowoodo\n|-damage|p1a: Sudowoodo|0 fnt\n|faint|p1a: Sudowoodo\n|-damage|p2a: Rillaboom|46\/100|[from] Recoil\n|\n|-heal|p2a: Rillaboom|52\/100|[from] Grassy Terrain\n|upkeep\n|\n|t:|1663509399\n|switch|p1a: Marowak|Marowak-Alola, M|34\/100\n|-heal|p1a: Marowak|100\/100|[from] move: Healing Wish\n|turn|8\n|\n|t:|1663509401\n|move|p2a: Rillaboom|Wood Hammer|p1a: Marowak\n|-resisted|p1a: Marowak\n|-damage|p1a: Marowak|43\/100\n|-damage|p2a: Rillaboom|34\/100|[from] Recoil\n|move|p1a: Marowak|Poltergeist|p2a: Rillaboom\n|-activate|p2a: Rillaboom|move: Poltergeist|Choice Band\n|-damage|p2a: Rillaboom|0 fnt\n|faint|p2a: Rillaboom\n|\n|-heal|p1a: Marowak|49\/100|[from] Grassy Terrain\n|upkeep\n|\n|t:|1663509404\n|switch|p2a: Kartana|Kartana|100\/100\n|turn|9\n|\n|t:|1663509406\n|switch|p1a: Porygon2|Porygon2|100\/100\n|-ability|p1a: Porygon2|Beast Boost|[from] ability: Trace|[of] p2a: Kartana\n|move|p2a: Kartana|Knock Off|p1a: Porygon2\n|-damage|p1a: Porygon2|62\/100\n|-enditem|p1a: Porygon2|Eviolite|[from] move: Knock Off|[of] p2a: Kartana\n|\n|-heal|p1a: Porygon2|68\/100|[from] Grassy Terrain\n|upkeep\n|turn|10\n|\n|t:|1663509409\n|move|p2a: Kartana|Knock Off|p1a: Porygon2\n|-damage|p1a: Porygon2|25\/100\n|move|p1a: Porygon2|Trick Room|p1a: Porygon2\n|-fieldstart|move: Trick Room|[of] p1a: Porygon2\n|\n|-heal|p1a: Porygon2|31\/100|[from] Grassy Terrain\n|upkeep\n|turn|11\n|\n|t:|1663509411\n|move|p1a: Porygon2|Ice Beam|p2a: Kartana\n|-damage|p2a: Kartana|31\/100\n|move|p2a: Kartana|Knock Off|p1a: Porygon2\n|-damage|p1a: Porygon2|0 fnt\n|faint|p1a: Porygon2\n|-ability|p2a: Kartana|Beast Boost|boost\n|-boost|p2a: Kartana|atk|1\n|\n|-heal|p2a: Kartana|37\/100|[from] Grassy Terrain\n|-fieldend|move: Grassy Terrain\n|upkeep\n|\n|t:|1663509422\n|switch|p1a: Snorlax|Snorlax, M|100\/100\n|turn|12\n|\n|t:|1663509425\n|move|p1a: Snorlax|Earthquake|p2a: Kartana\n|-damage|p2a: Kartana|0 fnt\n|faint|p2a: Kartana\n|\n|upkeep\n|\n|t:|1663509428\n|switch|p2a: Garchomp|Garchomp, F|100\/100\n|turn|13\n|\n|t:|1663509430\n|move|p1a: Snorlax|Belly Drum|p1a: Snorlax\n|-damage|p1a: Snorlax|50\/100\n|-setboost|p1a: Snorlax|atk|6|[from] move: Belly Drum\n|move|p2a: Garchomp|Earthquake|p1a: Snorlax\n|-damage|p1a: Snorlax|2\/100\n|\n|upkeep\n|turn|14\n|-enditem|p1a: Snorlax|Custap Berry|[eat]\n|-activate|p1a: Snorlax|item: Custap Berry|[consumed]\n|\n|t:|1663509432\n|move|p1a: Snorlax|Body Slam|p2a: Garchomp\n|-damage|p2a: Garchomp|0 fnt\n|-damage|p1a: Snorlax|0 fnt|[from] ability: Rough Skin|[of] p2a: Garchomp\n|faint|p2a: Garchomp\n|faint|p1a: Snorlax\n|\n|win|RggV_YT\n|raw|RggV_YT's rating: 1649 &rarr; <strong>1667<\/strong><br \/>(+18 for winning)\n|raw|LaughingJackass's rating: 1613 &rarr; <strong>1595<\/strong><br \/>(-18 for losing)\n|l|\u2606LaughingJackass\n|l|\u2606RggV_YT\n||Ladder isn't responding, score probably updated but might not have (Request timeout).\n","uploadtime":1663509848,"views":38,"p1id":"rggvyt","p2id":"laughingjackass","formatid":"gen8ou","rating":1595,"private":0,"password":null}