{"id":"gen8vgc2022-1572161715","p1":"SetsuStsna","p2":"lilpuppyvert","format":"gen8vgc2022","log":"|j|\u2606SetsuStsna\n|j|\u203dlilpuppyvert\n|inactive|Battle timer is ON: inactive players will automatically lose when time's up.\n|t:|1652233839\n|gametype|doubles\n|player|p1|SetsuStsna|irida|\n|player|p2|lilpuppyvert|steven|\n|teamsize|p1|4\n|teamsize|p2|6\n|gen|8\n|tier|[Gen 8] VGC 2022\n|rated|Tournament battle\n|rule|Item Clause: Limit one of each item\n|clearpoke\n|poke|p1|Relicanth, L50, F|\n|poke|p1|Relicanth, L50, F|\n|poke|p1|Relicanth, L50, F|\n|poke|p1|Relicanth, L50, F|\n|poke|p2|Relicanth, L50, M|\n|poke|p2|Relicanth, L50, F|\n|poke|p2|Relicanth, L50, F|\n|poke|p2|Relicanth, L50, F|\n|poke|p2|Relicanth, L50, F|\n|poke|p2|Relicanth, L50, F|\n|teampreview|4\n|c|\u2606SetsuStsna|hf\n|j| TheNewBrends11\n|inactive|lilpuppyvert has 60 seconds left.\n|\n|t:|1652233871\n|start\n|switch|p1a: Relicanth|Relicanth, L50, F|100\/100\n|switch|p1b: Relicanth|Relicanth, L50, F|100\/100\n|switch|p2a: Relicanth|Relicanth, L50, M|100\/100\n|switch|p2b: Relicanth|Relicanth, L50, F|100\/100\n|turn|1\n|inactive|lilpuppyvert has 30 seconds left.\n|\n|t:|1652233901\n|-start|p2b: Relicanth|Dynamax|\n|-heal|p2b: Relicanth|100\/100|[silent]\n|move|p2b: Relicanth|Max Quake|p1a: Relicanth\n|-supereffective|p1a: Relicanth\n|-damage|p1a: Relicanth|38\/100\n|-boost|p2a: Relicanth|spd|1\n|-boost|p2b: Relicanth|spd|1\n|move|p1a: Relicanth|Rain Dance|p1a: Relicanth\n|-weather|RainDance\n|move|p1b: Relicanth|Head Smash|p2b: Relicanth\n|-damage|p2b: Relicanth|58\/100\n|-damage|p1b: Relicanth|58\/100|[from] Recoil\n|move|p2a: Relicanth|Earth Power|p1b: Relicanth\n|-supereffective|p1b: Relicanth\n|-damage|p1b: Relicanth|0 fnt\n|faint|p1b: Relicanth\n|\n|-weather|RainDance|[upkeep]\n|upkeep\n|c|\u2606SetsuStsna|yo\n|inactive|SetsuStsna has 30 seconds left.\n|\n|t:|1652233934\n|switch|p1b: Relicanth|Relicanth, L50, F|100\/100\n|turn|2\n|\n|t:|1652233955\n|-start|p1b: Relicanth|Dynamax|\n|-heal|p1b: Relicanth|100\/100|[silent]\n|move|p1a: Relicanth|Yawn|p2a: Relicanth\n|-start|p2a: Relicanth|move: Yawn|[of] p1a: Relicanth\n|move|p2b: Relicanth|Max Quake|p1a: Relicanth\n|-supereffective|p1a: Relicanth\n|-damage|p1a: Relicanth|0 fnt\n|-boost|p2a: Relicanth|spd|1\n|-boost|p2b: Relicanth|spd|1\n|faint|p1a: Relicanth\n|move|p1b: Relicanth|Max Quake|p2b: Relicanth\n|-supereffective|p2b: Relicanth\n|-damage|p2b: Relicanth|37\/100\n|-boost|p1b: Relicanth|spd|1\n|move|p2a: Relicanth|Earth Power|p1b: Relicanth\n|-supereffective|p1b: Relicanth\n|-damage|p1b: Relicanth|76\/100\n|\n|-weather|RainDance|[upkeep]\n|upkeep\n|j| gotsnsd\n|\n|t:|1652233973\n|switch|p1a: Relicanth|Relicanth, L50, F|100\/100\n|turn|3\n|\n|t:|1652233986\n|move|p1a: Relicanth|Earth Power|p2b: Relicanth\n|-supereffective|p2b: Relicanth\n|-damage|p2b: Relicanth|20\/100\n|move|p2b: Relicanth|Max Quake|p1b: Relicanth\n|-supereffective|p1b: Relicanth\n|-damage|p1b: Relicanth|54\/100\n|-boost|p2a: Relicanth|spd|1\n|-boost|p2b: Relicanth|spd|1\n|move|p1b: Relicanth|Max Quake|p2b: Relicanth\n|-supereffective|p2b: Relicanth\n|-damage|p2b: Relicanth|6\/100\n|-boost|p1a: Relicanth|spd|1\n|-boost|p1b: Relicanth|spd|1\n|move|p2a: Relicanth|Earth Power|p1a: Relicanth\n|-supereffective|p1a: Relicanth\n|-damage|p1a: Relicanth|48\/100\n|-unboost|p1a: Relicanth|spd|1\n|\n|-weather|RainDance|[upkeep]\n|-end|p2a: Relicanth|move: Yawn|[silent]\n|-status|p2a: Relicanth|slp\n|upkeep\n|-end|p2b: Relicanth|Dynamax\n|-heal|p2b: Relicanth|6\/100|[silent]\n|turn|4\n|inactive|lilpuppyvert has 30 seconds left.\n|\n|t:|1652234011\n|move|p2b: Relicanth|Earth Power|p1a: Relicanth\n|-supereffective|p1a: Relicanth\n|-damage|p1a: Relicanth|0 fnt\n|faint|p1a: Relicanth\n|move|p1b: Relicanth|Max Quake|p2a: Relicanth\n|-supereffective|p2a: Relicanth\n|-damage|p2a: Relicanth|72\/100 slp\n|-boost|p1b: Relicanth|spd|1\n|cant|p2a: Relicanth|slp\n|\n|-weather|RainDance|[upkeep]\n|upkeep\n|-end|p1b: Relicanth|Dynamax\n|-heal|p1b: Relicanth|54\/100|[silent]\n|turn|5\n|\n|t:|1652234028\n|move|p2b: Relicanth|Earth Power|p1b: Relicanth\n|-supereffective|p1b: Relicanth\n|-damage|p1b: Relicanth|36\/100\n|move|p1b: Relicanth|Meteor Beam||[still]\n|-prepare|p1b: Relicanth|Meteor Beam\n|-boost|p1b: Relicanth|spa|1\n|-enditem|p1b: Relicanth|Power Herb\n|-anim|p1b: Relicanth|Meteor Beam|p2b: Relicanth\n|-damage|p2b: Relicanth|0 fnt\n|faint|p2b: Relicanth\n|cant|p2a: Relicanth|slp\n|\n|-weather|RainDance|[upkeep]\n|upkeep\n|\n|t:|1652234047\n|switch|p2b: Relicanth|Relicanth, L50, F|100\/100\n|turn|6\n|\n|t:|1652234053\n|move|p2b: Relicanth|Body Press|p1b: Relicanth\n|-supereffective|p1b: Relicanth\n|-damage|p1b: Relicanth|0 fnt\n|faint|p1b: Relicanth\n|\n|win|lilpuppyvert\n|n|\u2606SetsuStsna|setsustsna\n|n|\u203dlilpuppyvert|lilpuppyvert\n|n| TheNewBrends11|thenewbrends11\n|n| gotsnsd|gotsnsd\n|c|\u2606SetsuStsna|gg\n|l|\u2606SetsuStsna\n|l| gotsnsd\n","uploadtime":1652234122,"views":11,"p1id":"setsustsna","p2id":"lilpuppyvert","formatid":"gen8vgc2022","rating":0,"private":0,"password":null}