{"id":"gen8randombattle-1129360233","p1":"Burnt Bright","p2":"Andrearleo","format":"gen8randombattle","log":"|j|\u2606Burnt Bright\n|j|\u2606Andrearleo\n|player|p1|Burnt Bright|102|2030\n|player|p2|Andrearleo|101|2002\n|teamsize|p1|6\n|teamsize|p2|6\n|gametype|singles\n|gen|8\n|tier|[Gen 8] Random Battle\n|rated|\n|rule|Species Clause: Limit one of each Pok\u00e9mon\n|rule|HP Percentage Mod: HP is shown in percentages\n|rule|Sleep Clause Mod: Limit one foe put to sleep\n|\n|start\n|switch|p1a: Rapidash|Rapidash, L86, F|251\/251\n|switch|p2a: Cinderace|Cinderace, L80, F|259\/259\n|turn|1\n|inactive|Battle timer is ON: inactive players will automatically lose when time's up. (requested by Andrearleo)\n|\n|move|p2a: Cinderace|U-turn|p1a: Rapidash\n|-start|p2a: Cinderace|typechange|Bug|[from] ability: Libero\n|-resisted|p1a: Rapidash\n|-damage|p1a: Rapidash|208\/251\n|\n|switch|p2a: Cresselia|Cresselia, L82, F|331\/331\n|move|p1a: Rapidash|Will-O-Wisp|p2a: Cresselia\n|-status|p2a: Cresselia|brn\n|\n|-heal|p1a: Rapidash|223\/251|[from] item: Leftovers\n|-damage|p2a: Cresselia|311\/331 brn|[from] brn\n|upkeep\n|turn|2\n|\n|switch|p1a: Trevenant|Trevenant, L88, F|293\/293\n|move|p2a: Cresselia|Toxic|p1a: Trevenant\n|-status|p1a: Trevenant|tox\n|\n|-heal|p2a: Cresselia|331\/331 brn|[from] item: Leftovers\n|-damage|p2a: Cresselia|311\/331 brn|[from] brn\n|-damage|p1a: Trevenant|275\/293 tox|[from] psn\n|upkeep\n|turn|3\n|\n|switch|p2a: Oranguru|Oranguru, L88, F|302\/302\n|move|p1a: Trevenant|Shadow Claw|p2a: Oranguru\n|-immune|p2a: Oranguru\n|\n|-damage|p1a: Trevenant|239\/293 tox|[from] psn\n|upkeep\n|turn|4\n|\n|switch|p1a: Solrock|Solrock, L88|302\/302\n|move|p2a: Oranguru|Trick Room|p2a: Oranguru\n|-fieldstart|move: Trick Room|[of] p2a: Oranguru\n|\n|upkeep\n|turn|5\n|\n|switch|p2a: Aromatisse|Aromatisse, L84, M|307\/307\n|switch|p1a: Trevenant|Trevenant, L88, F|239\/293\n|\n|upkeep\n|turn|6\n|\n|move|p2a: Aromatisse|Toxic|p1a: Trevenant\n|-status|p1a: Trevenant|tox\n|move|p1a: Trevenant|Horn Leech|p2a: Aromatisse\n|-damage|p2a: Aromatisse|158\/307\n|-heal|p1a: Trevenant|293\/293 tox|[from] drain|[of] p2a: Aromatisse\n|-damage|p1a: Trevenant|264\/293 tox|[from] item: Life Orb\n|\n|-heal|p2a: Aromatisse|177\/307|[from] item: Leftovers\n|-damage|p1a: Trevenant|246\/293 tox|[from] psn\n|upkeep\n|turn|7\n|\n|-curestatus|p1a: Trevenant|tox|[from] ability: Natural Cure\n|switch|p1a: Mew|Mew, L80|291\/291\n|move|p2a: Aromatisse|Protect||[still]\n|-fail|p2a: Aromatisse\n|\n|-heal|p2a: Aromatisse|196\/307|[from] item: Leftovers\n|upkeep\n|turn|8\n|\n|switch|p1a: Trevenant|Trevenant, L88, F|246\/293\n|move|p2a: Aromatisse|Wish|p2a: Aromatisse\n|\n|-heal|p2a: Aromatisse|215\/307|[from] item: Leftovers\n|-fieldend|move: Trick Room\n|upkeep\n|turn|9\n|\n|switch|p1a: Mew|Mew, L80|291\/291\n|switch|p2a: Cinderace|Cinderace, L80, F|259\/259\n|\n|upkeep\n|turn|10\n|\n|switch|p1a: Rapidash|Rapidash, L86, F|223\/251\n|move|p2a: Cinderace|U-turn|p1a: Rapidash\n|-start|p2a: Cinderace|typechange|Bug|[from] ability: Libero\n|-resisted|p1a: Rapidash\n|-damage|p1a: Rapidash|175\/251\n|\n|switch|p2a: Cresselia|Cresselia, L82, F|311\/331 brn\n|\n|-heal|p1a: Rapidash|190\/251|[from] item: Leftovers\n|-heal|p2a: Cresselia|331\/331 brn|[from] item: Leftovers\n|-damage|p2a: Cresselia|311\/331 brn|[from] brn\n|upkeep\n|turn|11\n|\n|switch|p1a: Mew|Mew, L80|291\/291\n|move|p2a: Cresselia|Psyshock|p1a: Mew\n|-resisted|p1a: Mew\n|-damage|p1a: Mew|259\/291\n|\n|-heal|p1a: Mew|277\/291|[from] item: Leftovers\n|-heal|p2a: Cresselia|331\/331 brn|[from] item: Leftovers\n|-damage|p2a: Cresselia|311\/331 brn|[from] brn\n|upkeep\n|turn|12\n|\n|move|p1a: Mew|Psychic|p2a: Cresselia\n|-resisted|p2a: Cresselia\n|-damage|p2a: Cresselia|279\/331 brn\n|move|p2a: Cresselia|Toxic||[still]\n|-status|p1a: Mew|tox\n|-activate|p1a: Mew|ability: Synchronize\n|-fail|p1a: Mew\n|\n|-heal|p1a: Mew|291\/291 tox|[from] item: Leftovers\n|-heal|p2a: Cresselia|299\/331 brn|[from] item: Leftovers\n|-damage|p1a: Mew|273\/291 tox|[from] psn\n|-damage|p2a: Cresselia|279\/331 brn|[from] brn\n|upkeep\n|turn|13\n|\n|switch|p1a: Rapidash|Rapidash, L86, F|190\/251\n|move|p2a: Cresselia|Psyshock|p1a: Rapidash\n|-damage|p1a: Rapidash|108\/251\n|\n|-heal|p1a: Rapidash|123\/251|[from] item: Leftovers\n|-heal|p2a: Cresselia|299\/331 brn|[from] item: Leftovers\n|-damage|p2a: Cresselia|279\/331 brn|[from] brn\n|upkeep\n|turn|14\n|\n|move|p1a: Rapidash|Swords Dance|p1a: Rapidash\n|-boost|p1a: Rapidash|atk|2\n|move|p2a: Cresselia|Toxic|p1a: Rapidash\n|-status|p1a: Rapidash|tox\n|\n|-heal|p1a: Rapidash|138\/251 tox|[from] item: Leftovers\n|-heal|p2a: Cresselia|299\/331 brn|[from] item: Leftovers\n|-damage|p1a: Rapidash|123\/251 tox|[from] psn\n|-damage|p2a: Cresselia|279\/331 brn|[from] brn\n|upkeep\n|turn|15\n|\n|move|p1a: Rapidash|Flare Blitz|p2a: Cresselia\n|-damage|p2a: Cresselia|78\/331 brn\n|-damage|p1a: Rapidash|57\/251 tox|[from] Recoil\n|move|p2a: Cresselia|Moonlight|p2a: Cresselia\n|-heal|p2a: Cresselia|243\/331 brn\n|\n|-heal|p1a: Rapidash|72\/251 tox|[from] item: Leftovers\n|-heal|p2a: Cresselia|263\/331 brn|[from] item: Leftovers\n|-damage|p1a: Rapidash|42\/251 tox|[from] psn\n|-damage|p2a: Cresselia|243\/331 brn|[from] brn\n|upkeep\n|turn|16\n|\n|move|p1a: Rapidash|Flare Blitz|p2a: Cresselia\n|-damage|p2a: Cresselia|41\/331 brn\n|-damage|p1a: Rapidash|0 fnt|[from] Recoil\n|faint|p1a: Rapidash\n|move|p2a: Cresselia|Moonlight|p2a: Cresselia\n|-heal|p2a: Cresselia|206\/331 brn\n|\n|-heal|p2a: Cresselia|226\/331 brn|[from] item: Leftovers\n|-damage|p2a: Cresselia|206\/331 brn|[from] brn\n|upkeep\n|\n|switch|p1a: Trevenant|Trevenant, L88, F|246\/293\n|turn|17\n|\n|switch|p2a: Oranguru|Oranguru, L88, F|302\/302\n|move|p1a: Trevenant|Shadow Claw|p2a: Oranguru\n|-immune|p2a: Oranguru\n|\n|upkeep\n|turn|18\n|\n|move|p2a: Oranguru|Psychic|p1a: Trevenant\n|-damage|p1a: Trevenant|144\/293\n|move|p1a: Trevenant|Horn Leech|p2a: Oranguru\n|-damage|p2a: Oranguru|177\/302\n|-heal|p1a: Trevenant|207\/293|[from] drain|[of] p2a: Oranguru\n|-damage|p1a: Trevenant|178\/293|[from] item: Life Orb\n|\n|-heal|p2a: Oranguru|195\/302|[from] item: Leftovers\n|upkeep\n|turn|19\n|\n|switch|p2a: Cinderace|Cinderace, L80, F|259\/259\n|switch|p1a: Solrock|Solrock, L88|302\/302\n|\n|upkeep\n|turn|20\n|\n|move|p2a: Cinderace|U-turn|p1a: Solrock\n|-start|p2a: Cinderace|typechange|Bug|[from] ability: Libero\n|-supereffective|p1a: Solrock\n|-damage|p1a: Solrock|152\/302\n|\n|switch|p2a: Aromatisse|Aromatisse, L84, M|215\/307\n|move|p1a: Solrock|Stone Edge|p2a: Aromatisse\n|-crit|p2a: Aromatisse\n|-damage|p2a: Aromatisse|25\/307\n|\n|-heal|p1a: Solrock|170\/302|[from] item: Leftovers\n|-heal|p2a: Aromatisse|44\/307|[from] item: Leftovers\n|upkeep\n|turn|21\n|\n|switch|p2a: Zacian|Zacian-Crowned, L72|251\/251\n|-ability|p2a: Zacian|Intrepid Sword|boost\n|-boost|p2a: Zacian|atk|1\n|move|p1a: Solrock|Earthquake|p2a: Zacian\n|-supereffective|p2a: Zacian\n|-damage|p2a: Zacian|109\/251\n|\n|-heal|p1a: Solrock|188\/302|[from] item: Leftovers\n|upkeep\n|turn|22\n|\n|move|p2a: Zacian|Behemoth Blade|p1a: Solrock\n|-supereffective|p1a: Solrock\n|-damage|p1a: Solrock|0 fnt\n|faint|p1a: Solrock\n|\n|upkeep\n|inactive|Burnt Bright has 120 seconds left.\n|\n|switch|p1a: Mew|Mew, L80|273\/291 tox\n|turn|23\n|\n|switch|p2a: Cresselia|Cresselia, L82, F|206\/331 brn\n|move|p1a: Mew|Fire Blast|p2a: Cresselia\n|-damage|p2a: Cresselia|149\/331 brn\n|\n|-heal|p1a: Mew|291\/291 tox|[from] item: Leftovers\n|-heal|p2a: Cresselia|169\/331 brn|[from] item: Leftovers\n|-damage|p1a: Mew|273\/291 tox|[from] psn\n|-damage|p2a: Cresselia|149\/331 brn|[from] brn\n|upkeep\n|turn|24\n|inactive|Burnt Bright has 120 seconds left.\n|\n|move|p1a: Mew|Stealth Rock|p2a: Cresselia\n|-sidestart|p2: Andrearleo|move: Stealth Rock\n|move|p2a: Cresselia|Moonlight|p2a: Cresselia\n|-heal|p2a: Cresselia|314\/331 brn\n|\n|-heal|p1a: Mew|291\/291 tox|[from] item: Leftovers\n|-heal|p2a: Cresselia|331\/331 brn|[from] item: Leftovers\n|-damage|p1a: Mew|255\/291 tox|[from] psn\n|-damage|p2a: Cresselia|311\/331 brn|[from] brn\n|upkeep\n|turn|25\n|inactive|Burnt Bright has 120 seconds left.\n|\n|switch|p1a: Trevenant|Trevenant, L88, F|178\/293\n|switch|p2a: Oranguru|Oranguru, L88, F|195\/302\n|-damage|p2a: Oranguru|158\/302|[from] Stealth Rock\n|\n|-heal|p2a: Oranguru|176\/302|[from] item: Leftovers\n|upkeep\n|turn|26\n|inactive|Burnt Bright has 120 seconds left.\n|\n|switch|p1a: Kyogre|Kyogre, L72|263\/263\n|-weather|RainDance|[from] ability: Drizzle|[of] p1a: Kyogre\n|move|p2a: Oranguru|Trick Room|p2a: Oranguru\n|-fieldstart|move: Trick Room|[of] p2a: Oranguru\n|\n|-weather|RainDance|[upkeep]\n|-heal|p2a: Oranguru|194\/302|[from] item: Leftovers\n|upkeep\n|turn|27\n|\n|move|p2a: Oranguru|Psychic|p1a: Kyogre\n|-damage|p1a: Kyogre|178\/263\n|-unboost|p1a: Kyogre|spd|1\n|move|p1a: Kyogre|Calm Mind|p1a: Kyogre\n|-boost|p1a: Kyogre|spa|1\n|-boost|p1a: Kyogre|spd|1\n|\n|-weather|RainDance|[upkeep]\n|-heal|p2a: Oranguru|212\/302|[from] item: Leftovers\n|-heal|p1a: Kyogre|194\/263|[from] item: Leftovers\n|upkeep\n|turn|28\n|\n|move|p2a: Oranguru|Psychic|p1a: Kyogre\n|-damage|p1a: Kyogre|118\/263\n|move|p1a: Kyogre|Surf|p2a: Oranguru\n|-crit|p2a: Oranguru\n|-damage|p2a: Oranguru|0 fnt\n|faint|p2a: Oranguru\n|\n|-weather|RainDance|[upkeep]\n|-heal|p1a: Kyogre|134\/263|[from] item: Leftovers\n|upkeep\n|\n|switch|p2a: Aromatisse|Aromatisse, L84, M|44\/307\n|-damage|p2a: Aromatisse|6\/307|[from] Stealth Rock\n|turn|29\n|inactive|Burnt Bright has 120 seconds left.\n|\n|move|p2a: Aromatisse|Protect|p2a: Aromatisse\n|-singleturn|p2a: Aromatisse|Protect\n|move|p1a: Kyogre|Surf|p2a: Aromatisse\n|-activate|p2a: Aromatisse|move: Protect\n|\n|-weather|RainDance|[upkeep]\n|-heal|p2a: Aromatisse|25\/307|[from] item: Leftovers\n|-heal|p1a: Kyogre|150\/263|[from] item: Leftovers\n|upkeep\n|turn|30\n|\n|switch|p1a: Mew|Mew, L80|255\/291 tox\n|move|p2a: Aromatisse|Moonblast|p1a: Mew\n|-damage|p1a: Mew|161\/291 tox\n|\n|-weather|none\n|-heal|p2a: Aromatisse|44\/307|[from] item: Leftovers\n|-heal|p1a: Mew|179\/291 tox|[from] item: Leftovers\n|-damage|p1a: Mew|161\/291 tox|[from] psn\n|-fieldend|move: Trick Room\n|upkeep\n|turn|31\n|\n|move|p2a: Aromatisse|Protect|p2a: Aromatisse\n|-singleturn|p2a: Aromatisse|Protect\n|move|p1a: Mew|Psychic|p2a: Aromatisse\n|-activate|p2a: Aromatisse|move: Protect\n|\n|-heal|p1a: Mew|179\/291 tox|[from] item: Leftovers\n|-heal|p2a: Aromatisse|63\/307|[from] item: Leftovers\n|-damage|p1a: Mew|143\/291 tox|[from] psn\n|upkeep\n|turn|32\n|inactive|Burnt Bright has 120 seconds left.\n|\n|move|p1a: Mew|Psychic|p2a: Aromatisse\n|-damage|p2a: Aromatisse|0 fnt\n|faint|p2a: Aromatisse\n|\n|-heal|p1a: Mew|161\/291 tox|[from] item: Leftovers\n|-damage|p1a: Mew|107\/291 tox|[from] psn\n|upkeep\n|inactive|Andrearleo has 120 seconds left.\n|\n|switch|p2a: Cinderace|Cinderace, L80, F|259\/259\n|turn|33\n|\n|move|p2a: Cinderace|U-turn|p1a: Mew\n|-start|p2a: Cinderace|typechange|Bug|[from] ability: Libero\n|-supereffective|p1a: Mew\n|-damage|p1a: Mew|0 fnt\n|faint|p1a: Mew\n|inactive|Andrearleo has 120 seconds left.\n|\n|switch|p2a: Zacian|Zacian-Crowned, L72|109\/251\n|-damage|p2a: Zacian|94\/251|[from] Stealth Rock\n|-ability|p2a: Zacian|Intrepid Sword|boost\n|-boost|p2a: Zacian|atk|1\n|\n|upkeep\n|inactive|Burnt Bright has 120 seconds left.\n|\n|switch|p1a: Braviary|Braviary, L84, M|305\/305\n|turn|34\n|inactive|Burnt Bright has 120 seconds left.\n|\n|-start|p1a: Braviary|Dynamax\n|-heal|p1a: Braviary|610\/610|[silent]\n|move|p2a: Zacian|Behemoth Blade|p1a: Braviary\n|-damage|p1a: Braviary|178\/610\n|move|p1a: Braviary|Max Airstream|p2a: Zacian\n|-resisted|p2a: Zacian\n|-damage|p2a: Zacian|14\/251\n|-boost|p1a: Braviary|spe|1\n|\n|-heal|p1a: Braviary|197\/610|[from] item: Leftovers\n|upkeep\n|turn|35\n|\n|move|p1a: Braviary|Max Knuckle|p2a: Zacian\n|-damage|p2a: Zacian|0 fnt\n|-boost|p1a: Braviary|atk|1\n|faint|p2a: Zacian\n|\n|-heal|p1a: Braviary|216\/610|[from] item: Leftovers\n|upkeep\n|\n|switch|p2a: Silvally|Silvally-Electric, L88|310\/310\n|-damage|p2a: Silvally|272\/310|[from] Stealth Rock\n|turn|36\n|inactive|Andrearleo has 120 seconds left.\n|\n|-start|p2a: Silvally|Dynamax\n|-heal|p2a: Silvally|544\/620|[silent]\n|move|p2a: Silvally|Max Guard|p2a: Silvally\n|-singleturn|p2a: Silvally|Max Guard\n|move|p1a: Braviary|Max Airstream|p2a: Silvally\n|-activate|p2a: Silvally|move: Max Guard\n|\n|-heal|p1a: Braviary|235\/610|[from] item: Leftovers\n|-end|p1a: Braviary|Dynamax\n|-heal|p1a: Braviary|118\/305|[silent]\n|upkeep\n|turn|37\n|inactive|Andrearleo has 120 seconds left.\n|\n|move|p1a: Braviary|Roost|p1a: Braviary\n|-heal|p1a: Braviary|271\/305\n|-singleturn|p1a: Braviary|move: Roost\n|move|p2a: Silvally|Max Hailstorm|p1a: Braviary\n|-damage|p1a: Braviary|164\/305\n|-weather|Hail\n|\n|-weather|Hail|[upkeep]\n|-damage|p1a: Braviary|145\/305|[from] Hail\n|-damage|p2a: Silvally|525\/620|[from] Hail\n|-heal|p1a: Braviary|164\/305|[from] item: Leftovers\n|upkeep\n|turn|38\n|inactive|Andrearleo has 120 seconds left.\n|\n|move|p1a: Braviary|Roost|p1a: Braviary\n|-heal|p1a: Braviary|305\/305\n|-singleturn|p1a: Braviary|move: Roost\n|move|p2a: Silvally|Max Lightning|p1a: Braviary\n|-damage|p1a: Braviary|119\/305\n|-fieldstart|move: Electric Terrain\n|\n|-weather|Hail|[upkeep]\n|-damage|p1a: Braviary|100\/305|[from] Hail\n|-damage|p2a: Silvally|506\/620|[from] Hail\n|-heal|p1a: Braviary|119\/305|[from] item: Leftovers\n|-end|p2a: Silvally|Dynamax\n|-heal|p2a: Silvally|253\/310|[silent]\n|upkeep\n|turn|39\n|inactive|Andrearleo has 120 seconds left.\n|\n|move|p1a: Braviary|Close Combat|p2a: Silvally\n|-damage|p2a: Silvally|121\/310\n|-unboost|p1a: Braviary|def|1\n|-unboost|p1a: Braviary|spd|1\n|move|p2a: Silvally|Multi-Attack|p1a: Braviary\n|-supereffective|p1a: Braviary\n|-damage|p1a: Braviary|0 fnt\n|faint|p1a: Braviary\n|\n|-weather|Hail|[upkeep]\n|-damage|p2a: Silvally|102\/310|[from] Hail\n|upkeep\n|\n|switch|p1a: Trevenant|Trevenant, L88, F|178\/293\n|turn|40\n|inactive|Andrearleo has 120 seconds left.\n|\n|move|p2a: Silvally|Parting Shot|p1a: Trevenant\n|-unboost|p1a: Trevenant|atk|1\n|-unboost|p1a: Trevenant|spa|1\n|inactive|Andrearleo has 120 seconds left.\n|\n|switch|p2a: Cinderace|Cinderace, L80, F|259\/259\n|move|p1a: Trevenant|Trick Room|p1a: Trevenant\n|-fieldstart|move: Trick Room|[of] p1a: Trevenant\n|\n|-weather|Hail|[upkeep]\n|-damage|p1a: Trevenant|160\/293|[from] Hail\n|-damage|p2a: Cinderace|243\/259|[from] Hail\n|upkeep\n|turn|41\n|inactive|Andrearleo has 120 seconds left.\n|\n|switch|p1a: Kyogre|Kyogre, L72|150\/263\n|-weather|RainDance|[from] ability: Drizzle|[of] p1a: Kyogre\n|move|p2a: Cinderace|Pyro Ball|p1a: Kyogre\n|-resisted|p1a: Kyogre\n|-damage|p1a: Kyogre|113\/263\n|\n|-weather|RainDance|[upkeep]\n|-heal|p1a: Kyogre|129\/263|[from] item: Leftovers\n|upkeep\n|turn|42\n|inactive|Andrearleo has 120 seconds left.\n|\n|switch|p2a: Cresselia|Cresselia, L82, F|311\/331 brn\n|-damage|p2a: Cresselia|270\/331 brn|[from] Stealth Rock\n|move|p1a: Kyogre|Surf|p2a: Cresselia\n|-damage|p2a: Cresselia|155\/331 brn\n|\n|-weather|RainDance|[upkeep]\n|-heal|p1a: Kyogre|145\/263|[from] item: Leftovers\n|-heal|p2a: Cresselia|175\/331 brn|[from] item: Leftovers\n|-damage|p2a: Cresselia|155\/331 brn|[from] brn\n|-fieldend|move: Electric Terrain\n|upkeep\n|turn|43\n|inactive|Andrearleo has 120 seconds left.\n|\n|move|p1a: Kyogre|Calm Mind|p1a: Kyogre\n|-boost|p1a: Kyogre|spa|1\n|-boost|p1a: Kyogre|spd|1\n|move|p2a: Cresselia|Toxic|p1a: Kyogre\n|-status|p1a: Kyogre|tox\n|\n|-weather|RainDance|[upkeep]\n|-heal|p1a: Kyogre|161\/263 tox|[from] item: Leftovers\n|-heal|p2a: Cresselia|175\/331 brn|[from] item: Leftovers\n|-damage|p1a: Kyogre|145\/263 tox|[from] psn\n|-damage|p2a: Cresselia|155\/331 brn|[from] brn\n|upkeep\n|turn|44\n|inactive|Andrearleo has 120 seconds left.\n|\n|move|p1a: Kyogre|Surf|p2a: Cresselia\n|-damage|p2a: Cresselia|0 fnt\n|faint|p2a: Cresselia\n|\n|-weather|RainDance|[upkeep]\n|-heal|p1a: Kyogre|161\/263 tox|[from] item: Leftovers\n|-damage|p1a: Kyogre|129\/263 tox|[from] psn\n|-fieldend|move: Trick Room\n|upkeep\n|\n|switch|p2a: Silvally|Silvally-Electric, L88|102\/310\n|-damage|p2a: Silvally|64\/310|[from] Stealth Rock\n|turn|45\n|\n|move|p2a: Silvally|Multi-Attack|p1a: Kyogre\n|-supereffective|p1a: Kyogre\n|-damage|p1a: Kyogre|0 fnt\n|faint|p1a: Kyogre\n|\n|-weather|none\n|upkeep\n|\n|switch|p1a: Trevenant|Trevenant, L88, F|160\/293\n|turn|46\n|\n|move|p2a: Silvally|Ice Beam|p1a: Trevenant\n|-supereffective|p1a: Trevenant\n|-damage|p1a: Trevenant|28\/293\n|move|p1a: Trevenant|Trick Room|p1a: Trevenant\n|-fieldstart|move: Trick Room|[of] p1a: Trevenant\n|\n|upkeep\n|turn|47\n|\n|move|p1a: Trevenant|Horn Leech|p2a: Silvally\n|-damage|p2a: Silvally|0 fnt\n|-heal|p1a: Trevenant|60\/293|[from] drain|[of] p2a: Silvally\n|-damage|p1a: Trevenant|31\/293|[from] item: Life Orb\n|faint|p2a: Silvally\n|\n|upkeep\n|c|\u2606Burnt Bright|oh shit\n|\n|switch|p2a: Cinderace|Cinderace, L80, F|243\/259\n|turn|48\n|c|\u2606Burnt Bright|please don't have sucker lol\n|\n|move|p1a: Trevenant|Earthquake|p2a: Cinderace\n|-supereffective|p2a: Cinderace\n|-damage|p2a: Cinderace|0 fnt\n|-damage|p1a: Trevenant|2\/293|[from] item: Life Orb\n|faint|p2a: Cinderace\n|\n|win|Burnt Bright\n|c|\u2606Burnt Bright|hot damn\n|c|\u2606Burnt Bright|gg dude\n|l|\u2606Andrearleo\n||Ladder (probably) updated, but score could not be retrieved (Response not received).\n","inputlog":">version 406eaed520a8900f336a406bf9d3c448fb961526\n>start {\"formatid\":\"gen8randombattle\",\"seed\":[4602,21142,21093,60208],\"rated\":\"Rated battle\"}\n>player p1 {\"name\":\"Burnt Bright\",\"avatar\":\"102\",\"team\":\"\",\"rating\":2030,\"seed\":[33643,41391,51238,13038]}\n>player p2 {\"name\":\"Andrearleo\",\"avatar\":\"101\",\"team\":\"\",\"rating\":2002,\"seed\":[28760,63588,49627,58596]}\n>p1 move willowisp\n>p2 move uturn\n>p2 switch 6\n>p1 switch 6\n>p2 move toxic\n>p1 move shadowclaw\n>p2 switch 2\n>p1 switch 4\n>p2 move trickroom\n>p1 switch 4\n>p2 switch 3\n>p1 move hornleech\n>p2 move toxic\n>p1 switch 5\n>p2 move protect\n>p1 switch 5\n>p2 move wish\n>p1 switch 5\n>p2 switch 6\n>p1 switch 6\n>p2 move uturn\n>p2 switch 2\n>p1 switch 6\n>p2 move psyshock\n>p1 move psychic\n>p2 move toxic\n>p1 switch 6\n>p2 move psyshock\n>p1 move swordsdance\n>p2 move toxic\n>p1 move flareblitz\n>p2 move moonlight\n>p1 move flareblitz\n>p2 move moonlight\n>p1 switch 5\n>p1 move shadowclaw\n>p2 switch 3\n>p1 move hornleech\n>p2 move psychic\n>p1 switch 4\n>p2 switch 2\n>p1 move stoneedge\n>p2 move uturn\n>p2 switch 6\n>p1 move earthquake\n>p2 switch 5\n>p1 move earthquake\n>p2 move behemothblade\n>p1 switch 6\n>p1 move fireblast\n>p2 switch 3\n>p1 move stealthrock\n>p2 move moonlight\n>p1 switch 4\n>p2 switch 2\n>p1 switch 3\n>p2 move trickroom\n>p1 move calmmind\n>p2 move psychic\n>p1 move surf\n>p2 move psychic\n>p2 switch 5\n>p1 move surf\n>p2 move protect\n>p1 switch 4\n>p2 move moonblast\n>p1 move psychic\n>p2 move protect\n>p1 move psychic\n>p2 move wish\n>p2 switch 6\n>p1 move stealthrock\n>p2 move uturn\n>p2 switch 3\n>p1 switch 2\n>p1 move bravebird dynamax\n>p2 move behemothblade\n>p1 move closecombat dynamax\n>p2 move behemothblade\n>p2 switch 4\n>p1 move bravebird dynamax\n>p2 move toxic dynamax\n>p1 move roost\n>p2 move icebeam dynamax\n>p1 move roost\n>p2 move multiattack dynamax\n>p1 move closecombat\n>p2 move multiattack\n>p1 switch 3\n>p1 move trickroom\n>p2 move partingshot\n>p2 switch 3\n>p1 switch 4\n>p2 move pyroball\n>p1 move surf\n>p2 switch 2\n>p1 move calmmind\n>p2 move toxic\n>p1 move surf\n>p2 move psyshock\n>p2 switch 3\n>p1 move surf\n>p2 move multiattack\n>p1 switch 4\n>p1 move trickroom\n>p2 move icebeam\n>p1 move hornleech\n>p2 move icebeam\n>p2 switch 2\n>p1 move earthquake\n>p2 move pyroball","uploadtime":1591660346,"views":3,"p1id":"burntbright","p2id":"andrearleo","formatid":"gen8randombattle","rating":0,"private":0,"password":null}