{"id":"gen8randombattle-1536233293","p1":"Kayle Pax","p2":"Gurtrant","format":"gen8randombattle","log":"|j|\u2606Kayle Pax\n|j|\u2606Gurtrant\n|t:|1647964583\n|gametype|singles\n|player|p1|Kayle Pax|twins-gen4dp|1510\n|player|p2|Gurtrant|170|1498\n|teamsize|p1|6\n|teamsize|p2|6\n|gen|8\n|tier|[Gen 8] Random Battle\n|rated|\n|rule|Species Clause: Limit one of each Pok\u00e9mon\n|rule|HP Percentage Mod: HP is shown in percentages\n|rule|Sleep Clause Mod: Limit one foe put to sleep\n|\n|t:|1647964583\n|start\n|switch|p1a: Mr. Mime|Mr. Mime, L86, F|209\/209\n|switch|p2a: Necrozma|Necrozma, L80|286\/286\n|turn|1\n|\n|t:|1647964610\n|switch|p2a: Bisharp|Bisharp, L80, F|235\/235\n|move|p1a: Mr. Mime|Nasty Plot|p1a: Mr. Mime\n|-boost|p1a: Mr. Mime|spa|2\n|\n|upkeep\n|turn|2\n|\n|t:|1647964620\n|-start|p1a: Mr. Mime|Dynamax\n|-heal|p1a: Mr. Mime|418\/418|[silent]\n|move|p1a: Mr. Mime|Max Knuckle|p2a: Bisharp\n|-supereffective|p2a: Bisharp\n|-damage|p2a: Bisharp|0 fnt\n|-boost|p1a: Mr. Mime|atk|1\n|faint|p2a: Bisharp\n|-damage|p1a: Mr. Mime|398\/418|[from] item: Life Orb\n|\n|upkeep\n|\n|t:|1647964636\n|switch|p2a: Zarude|Zarude-Dada, L78|292\/292\n|turn|3\n|\n|t:|1647964642\n|move|p2a: Zarude|U-turn|p1a: Mr. Mime\n|-damage|p1a: Mr. Mime|304\/418\n|\n|t:|1647964647\n|switch|p2a: Necrozma|Necrozma, L80|286\/286\n|move|p1a: Mr. Mime|Max Starfall|p2a: Necrozma\n|-damage|p2a: Necrozma|0 fnt\n|-fieldstart|move: Misty Terrain\n|faint|p2a: Necrozma\n|-damage|p1a: Mr. Mime|284\/418|[from] item: Life Orb\n|\n|upkeep\n|\n|t:|1647964658\n|switch|p2a: Zarude|Zarude-Dada, L78|292\/292\n|turn|4\n|\n|t:|1647964669\n|move|p2a: Zarude|U-turn|p1a: Mr. Mime\n|-damage|p1a: Mr. Mime|183\/418\n|\n|t:|1647964677\n|switch|p2a: Appletun|Appletun, L90, F|344\/344\n|move|p1a: Mr. Mime|Max Starfall|p2a: Appletun\n|-supereffective|p2a: Appletun\n|-damage|p2a: Appletun|0 fnt\n|faint|p2a: Appletun\n|-damage|p1a: Mr. Mime|163\/418|[from] item: Life Orb\n|\n|-end|p1a: Mr. Mime|Dynamax\n|-heal|p1a: Mr. Mime|82\/209|[silent]\n|upkeep\n|\n|t:|1647964683\n|switch|p2a: Zarude|Zarude-Dada, L78|292\/292\n|turn|5\n|\n|t:|1647964687\n|move|p2a: Zarude|Darkest Lariat|p1a: Mr. Mime\n|-damage|p1a: Mr. Mime|0 fnt\n|faint|p1a: Mr. Mime\n|\n|upkeep\n|inactive|Battle timer is ON: inactive players will automatically lose when time's up. (requested by Gurtrant)\n|\n|t:|1647964698\n|switch|p1a: Haxorus|Haxorus, L77, F|244\/244\n|-ability|p1a: Haxorus|Mold Breaker\n|turn|6\n|\n|t:|1647964706\n|move|p2a: Zarude|Darkest Lariat|p1a: Haxorus\n|-damage|p1a: Haxorus|91\/244\n|move|p1a: Haxorus|Dragon Dance|p1a: Haxorus\n|-boost|p1a: Haxorus|atk|1\n|-boost|p1a: Haxorus|spe|1\n|\n|upkeep\n|turn|7\n|\n|t:|1647964715\n|move|p1a: Haxorus|Poison Jab|p2a: Zarude\n|-supereffective|p2a: Zarude\n|-damage|p2a: Zarude|50\/292\n|-damage|p1a: Haxorus|67\/244|[from] item: Life Orb\n|move|p2a: Zarude|Darkest Lariat|p1a: Haxorus\n|-damage|p1a: Haxorus|0 fnt\n|faint|p1a: Haxorus\n|\n|-fieldend|Misty Terrain\n|upkeep\n|\n|t:|1647964729\n|switch|p1a: Tapu Koko|Tapu Koko, L78|237\/237\n|-fieldstart|move: Electric Terrain|[from] ability: Electric Surge|[of] p1a: Tapu Koko\n|turn|8\n|\n|t:|1647964742\n|move|p1a: Tapu Koko|Substitute|p1a: Tapu Koko\n|-start|p1a: Tapu Koko|Substitute\n|-damage|p1a: Tapu Koko|178\/237\n|move|p2a: Zarude|Darkest Lariat|p1a: Tapu Koko\n|-resisted|p1a: Tapu Koko\n|-end|p1a: Tapu Koko|Substitute\n|\n|-heal|p1a: Tapu Koko|192\/237|[from] item: Leftovers\n|upkeep\n|turn|9\n|inactive|Kayle Pax has 120 seconds left.\n|\n|t:|1647964775\n|move|p1a: Tapu Koko|Dazzling Gleam|p2a: Zarude\n|-supereffective|p2a: Zarude\n|-crit|p2a: Zarude\n|-damage|p2a: Zarude|0 fnt\n|faint|p2a: Zarude\n|\n|-heal|p1a: Tapu Koko|206\/237|[from] item: Leftovers\n|upkeep\n|\n|t:|1647964782\n|switch|p2a: Slurpuff|Slurpuff, L80, F|262\/262\n|turn|10\n|\n|t:|1647964791\n|move|p1a: Tapu Koko|Thunderbolt|p2a: Slurpuff\n|-damage|p2a: Slurpuff|130\/262\n|-status|p2a: Slurpuff|par\n|-enditem|p2a: Slurpuff|Sitrus Berry|[eat]\n|-heal|p2a: Slurpuff|195\/262 par|[from] item: Sitrus Berry\n|move|p2a: Slurpuff|Belly Drum|p2a: Slurpuff\n|-damage|p2a: Slurpuff|64\/262 par\n|-setboost|p2a: Slurpuff|atk|6|[from] move: Belly Drum\n|\n|-heal|p1a: Tapu Koko|220\/237|[from] item: Leftovers\n|upkeep\n|turn|11\n|\n|t:|1647964802\n|move|p1a: Tapu Koko|Thunderbolt|p2a: Slurpuff\n|-damage|p2a: Slurpuff|0 fnt\n|faint|p2a: Slurpuff\n|\n|-heal|p1a: Tapu Koko|234\/237|[from] item: Leftovers\n|upkeep\n|\n|t:|1647964804\n|switch|p2a: Kyurem|Kyurem-White, L74|307\/307\n|-ability|p2a: Kyurem|Turboblaze\n|turn|12\n|\n|t:|1647964816\n|move|p1a: Tapu Koko|Calm Mind|p1a: Tapu Koko\n|-boost|p1a: Tapu Koko|spa|1\n|-boost|p1a: Tapu Koko|spd|1\n|move|p2a: Kyurem|Ice Beam|p1a: Tapu Koko\n|-damage|p1a: Tapu Koko|141\/237\n|-status|p1a: Tapu Koko|frz\n|\n|-heal|p1a: Tapu Koko|155\/237 frz|[from] item: Leftovers\n|-fieldend|move: Electric Terrain\n|upkeep\n|turn|13\n|\n|t:|1647964827\n|cant|p1a: Tapu Koko|frz\n|move|p2a: Kyurem|Fusion Flare|p1a: Tapu Koko\n|-damage|p1a: Tapu Koko|81\/237 frz\n|-curestatus|p1a: Tapu Koko|frz|[msg]\n|\n|-heal|p1a: Tapu Koko|95\/237|[from] item: Leftovers\n|upkeep\n|turn|14\n|-message|Gurtrant forfeited.\n|\n|win|Kayle Pax\n|raw|Kayle Pax's rating: 1510 &rarr; <strong>1529<\/strong><br \/>(+19 for winning)\n|raw|Gurtrant's rating: 1498 &rarr; <strong>1479<\/strong><br \/>(-19 for losing)\n|l|\u2606Gurtrant\n","inputlog":">version 3e3f7f95ced453fb6569d65c347856b0466abcfd\n>start {\"formatid\":\"gen8randombattle\",\"seed\":[41924,30939,27473,49861],\"rated\":\"Rated battle\"}\n>player p1 {\"name\":\"Kayle Pax\",\"avatar\":\"twins-gen4dp\",\"rating\":1510,\"seed\":[33613,38333,10496,16461]}\n>player p2 {\"name\":\"Gurtrant\",\"avatar\":\"170\",\"rating\":1498,\"seed\":[27895,445,8109,62032]}\n>p1 move nastyplot\n>p2 switch 4\n>p1 move focusblast dynamax\n>p2 move stealthrock\n>p2 switch 6\n>p1 move dazzlinggleam dynamax\n>p2 move uturn\n>p2 switch 4\n>p2 switch 4\n>p1 move dazzlinggleam dynamax\n>p2 move uturn\n>p2 switch 2\n>p2 switch 2\n>p1 move dazzlinggleam\n>p2 move darkestlariat\n>p1 switch 4\n>p1 move dragondance\n>p2 move darkestlariat\n>p1 move poisonjab\n>p2 move darkestlariat\n>p1 switch 6\n>p1 move substitute\n>p2 move darkestlariat\n>p1 move dazzlinggleam\n>p2 move darkestlariat\n>p2 switch 3\n>p1 move thunderbolt\n>p2 move bellydrum\n>p1 move thunderbolt\n>p2 move facade\n>p2 switch 5\n>p1 move calmmind\n>p2 move icebeam\n>p1 move calmmind\n>p2 move fusionflare\n>forcelose p2","uploadtime":1647964844,"views":9,"p1id":"kaylepax","p2id":"gurtrant","formatid":"gen8randombattle","rating":1479,"private":0,"password":null}