{"id":"gen8bdspou-1692874243","p1":"MurderousMantyke","p2":"had sweep","format":"gen8bdspou","log":"|j|\u2606MurderousMantyke\n|j|\u2606had sweep\n|t:|1666543296\n|gametype|singles\n|player|p1|MurderousMantyke|#helpstaffxmas|1448\n|player|p2|had sweep|swimmer-gen4|1535\n|teamsize|p1|6\n|teamsize|p2|6\n|gen|8\n|tier|[Gen 8 BDSP] OU\n|rated|\n|rule|Sleep Clause Mod: Limit one foe put to sleep\n|rule|Species Clause: Limit one of each Pok\u00e9mon\n|rule|OHKO Clause: OHKO moves are banned\n|rule|Evasion Items Clause: Evasion items are banned\n|rule|Evasion Moves Clause: Evasion moves are banned\n|rule|Endless Battle Clause: Forcing endless battles is banned\n|rule|HP Percentage Mod: HP is shown in percentages\n|clearpoke\n|poke|p1|Celebi|\n|poke|p1|Feraligatr, F|\n|poke|p1|Garchomp, M|\n|poke|p1|Infernape, F|\n|poke|p1|Latias, F|\n|poke|p1|Scizor, M|\n|poke|p2|Cresselia, F|\n|poke|p2|Poliwrath, M|\n|poke|p2|Latias, F|\n|poke|p2|Heatran, F|\n|poke|p2|Roserade, F|\n|poke|p2|Donphan, F|\n|teampreview\n|inactive|Battle timer is ON: inactive players will automatically lose when time's up. (requested by had sweep)\n|inactive|MurderousMantyke has 120 seconds left.\n|inactive|had sweep has 120 seconds left.\n|c|\u2606MurderousMantyke|hf\n|c|\u2606had sweep|u2\n|\n|t:|1666543360\n|start\n|switch|p1a: Garchomp|Garchomp, M|100\/100\n|switch|p2a: Apollo 1|Cresselia, F|100\/100\n|turn|1\n|\n|t:|1666543374\n|move|p1a: Garchomp|Stealth Rock|p2a: Apollo 1\n|-sidestart|p2: had sweep|move: Stealth Rock\n|move|p2a: Apollo 1|Future Sight|p1a: Garchomp\n|-start|p2a: Apollo 1|move: Future Sight\n|\n|upkeep\n|turn|2\n|\n|t:|1666543381\n|switch|p1a: Scizor|Scizor, M|100\/100\n|move|p2a: Apollo 1|Calm Mind|p2a: Apollo 1\n|-boost|p2a: Apollo 1|spa|1\n|-boost|p2a: Apollo 1|spd|1\n|\n|upkeep\n|turn|3\n|\n|t:|1666543392\n|move|p2a: Apollo 1|Calm Mind|p2a: Apollo 1\n|-boost|p2a: Apollo 1|spa|1\n|-boost|p2a: Apollo 1|spd|1\n|move|p1a: Scizor|Swords Dance|p1a: Scizor\n|-boost|p1a: Scizor|atk|2\n|\n|-end|p1a: Scizor|move: Future Sight\n|-resisted|p1a: Scizor\n|-damage|p1a: Scizor|56\/100\n|-heal|p1a: Scizor|62\/100|[from] item: Leftovers\n|upkeep\n|turn|4\n|\n|t:|1666543398\n|switch|p2a: Heatran|Heatran, F|100\/100\n|-damage|p2a: Heatran|88\/100|[from] Stealth Rock\n|move|p1a: Scizor|U-turn|p2a: Heatran\n|-resisted|p2a: Heatran\n|-damage|p2a: Heatran|73\/100\n|\n|t:|1666543410\n|switch|p1a: Feraligatr|Feraligatr, F|100\/100|[from]move: U-turn\n|\n|-heal|p2a: Heatran|79\/100|[from] item: Leftovers\n|upkeep\n|turn|5\n|\n|t:|1666543416\n|switch|p2a: Poliwrath|Poliwrath, M|100\/100\n|-damage|p2a: Poliwrath|94\/100|[from] Stealth Rock\n|switch|p1a: Latias|Latias, F|100\/100\n|\n|-heal|p2a: Poliwrath|100\/100|[from] item: Leftovers\n|upkeep\n|turn|6\n|\n|t:|1666543421\n|switch|p2a: Apollo 1|Cresselia, F|100\/100\n|-damage|p2a: Apollo 1|88\/100|[from] Stealth Rock\n|move|p1a: Latias|Psychic|p2a: Apollo 1\n|-resisted|p2a: Apollo 1\n|-damage|p2a: Apollo 1|73\/100\n|\n|-heal|p2a: Apollo 1|79\/100|[from] item: Leftovers\n|upkeep\n|turn|7\n|\n|t:|1666543433\n|switch|p1a: Scizor|Scizor, M|62\/100\n|move|p2a: Apollo 1|Future Sight|p1a: Scizor\n|-start|p2a: Apollo 1|move: Future Sight\n|\n|-heal|p2a: Apollo 1|85\/100|[from] item: Leftovers\n|-heal|p1a: Scizor|68\/100|[from] item: Leftovers\n|upkeep\n|turn|8\n|\n|t:|1666543440\n|switch|p2a: Donphan|Donphan, F|100\/100\n|-damage|p2a: Donphan|94\/100|[from] Stealth Rock\n|move|p1a: Scizor|Roost|p1a: Scizor\n|-heal|p1a: Scizor|100\/100\n|-singleturn|p1a: Scizor|move: Roost\n|\n|-heal|p2a: Donphan|100\/100|[from] item: Leftovers\n|upkeep\n|turn|9\n|inactive|MurderousMantyke has 120 seconds left.\n|\n|t:|1666543488\n|move|p2a: Donphan|Rapid Spin|p1a: Scizor\n|-resisted|p1a: Scizor\n|-damage|p1a: Scizor|94\/100\n|-boost|p2a: Donphan|spe|1\n|-sideend|p2: had sweep|Stealth Rock|[from] move: Rapid Spin|[of] p2a: Donphan\n|move|p1a: Scizor|Swords Dance|p1a: Scizor\n|-boost|p1a: Scizor|atk|2\n|\n|-end|p1a: Scizor|move: Future Sight\n|-resisted|p1a: Scizor\n|-damage|p1a: Scizor|73\/100\n|-heal|p1a: Scizor|80\/100|[from] item: Leftovers\n|upkeep\n|turn|10\n|\n|t:|1666543496\n|switch|p2a: Heatran|Heatran, F|79\/100\n|move|p1a: Scizor|U-turn|p2a: Heatran\n|-resisted|p2a: Heatran\n|-damage|p2a: Heatran|64\/100\n|\n|t:|1666543500\n|switch|p1a: Garchomp|Garchomp, M|100\/100|[from]move: U-turn\n|\n|-heal|p2a: Heatran|70\/100|[from] item: Leftovers\n|upkeep\n|turn|11\n|\n|t:|1666543505\n|switch|p2a: Apollo 1|Cresselia, F|85\/100\n|move|p1a: Garchomp|Stealth Rock|p2a: Apollo 1\n|-sidestart|p2: had sweep|move: Stealth Rock\n|\n|-heal|p2a: Apollo 1|91\/100|[from] item: Leftovers\n|upkeep\n|turn|12\n|\n|t:|1666543518\n|switch|p1a: Scizor|Scizor, M|80\/100\n|move|p2a: Apollo 1|Future Sight|p1a: Scizor\n|-start|p2a: Apollo 1|move: Future Sight\n|\n|-heal|p2a: Apollo 1|98\/100|[from] item: Leftovers\n|-heal|p1a: Scizor|86\/100|[from] item: Leftovers\n|upkeep\n|turn|13\n|\n|t:|1666543522\n|switch|p2a: Donphan|Donphan, F|100\/100\n|-damage|p2a: Donphan|94\/100|[from] Stealth Rock\n|move|p1a: Scizor|U-turn|p2a: Donphan\n|-damage|p2a: Donphan|77\/100\n|\n|t:|1666543527\n|switch|p1a: Garchomp|Garchomp, M|100\/100|[from]move: U-turn\n|\n|-heal|p2a: Donphan|83\/100|[from] item: Leftovers\n|upkeep\n|turn|14\n|\n|t:|1666543530\n|move|p1a: Garchomp|Draco Meteor|p2a: Donphan\n|-crit|p2a: Donphan\n|-damage|p2a: Donphan|0 fnt\n|-unboost|p1a: Garchomp|spa|2\n|faint|p2a: Donphan\n|-damage|p1a: Garchomp|91\/100|[from] item: Life Orb\n|\n|-end|p1a: Garchomp|move: Future Sight\n|-damage|p1a: Garchomp|44\/100\n|upkeep\n|\n|t:|1666543537\n|switch|p2a: Latias|Latias, F|100\/100\n|-damage|p2a: Latias|88\/100|[from] Stealth Rock\n|turn|15\n|\n|t:|1666543541\n|move|p2a: Latias|Draco Meteor|p1a: Garchomp\n|-supereffective|p1a: Garchomp\n|-damage|p1a: Garchomp|0 fnt\n|-unboost|p2a: Latias|spa|2\n|faint|p1a: Garchomp\n|\n|upkeep\n|\n|t:|1666543545\n|switch|p1a: Scizor|Scizor, M|86\/100\n|turn|16\n|\n|t:|1666543548\n|switch|p2a: Poliwrath|Poliwrath, M|100\/100\n|-damage|p2a: Poliwrath|94\/100|[from] Stealth Rock\n|move|p1a: Scizor|U-turn|p2a: Poliwrath\n|-resisted|p2a: Poliwrath\n|-damage|p2a: Poliwrath|85\/100\n|\n|t:|1666543552\n|switch|p1a: Celebi|Celebi|100\/100|[from]move: U-turn\n|\n|-heal|p2a: Poliwrath|91\/100|[from] item: Leftovers\n|upkeep\n|turn|17\n|\n|t:|1666543555\n|move|p1a: Celebi|U-turn|p2a: Poliwrath\n|-resisted|p2a: Poliwrath\n|-damage|p2a: Poliwrath|86\/100\n|\n|t:|1666543559\n|switch|p1a: Latias|Latias, F|100\/100|[from]move: U-turn\n|move|p2a: Poliwrath|Circle Throw|p1a: Latias\n|-resisted|p1a: Latias\n|-damage|p1a: Latias|88\/100\n|drag|p1a: Infernape|Infernape, F|100\/100\n|\n|-heal|p2a: Poliwrath|92\/100|[from] item: Leftovers\n|upkeep\n|turn|18\n|\n|t:|1666543565\n|move|p1a: Infernape|U-turn|p2a: Poliwrath\n|-resisted|p2a: Poliwrath\n|-damage|p2a: Poliwrath|82\/100\n|\n|t:|1666543569\n|switch|p1a: Latias|Latias, F|88\/100|[from]move: U-turn\n|move|p2a: Poliwrath|Circle Throw|p1a: Latias\n|-resisted|p1a: Latias\n|-damage|p1a: Latias|76\/100\n|drag|p1a: Scizor|Scizor, M|86\/100\n|\n|-heal|p2a: Poliwrath|88\/100|[from] item: Leftovers\n|-heal|p1a: Scizor|92\/100|[from] item: Leftovers\n|upkeep\n|turn|19\n|\n|t:|1666543576\n|move|p2a: Poliwrath|Bulk Up|p2a: Poliwrath\n|-boost|p2a: Poliwrath|atk|1\n|-boost|p2a: Poliwrath|def|1\n|move|p1a: Scizor|U-turn|p2a: Poliwrath\n|-resisted|p2a: Poliwrath\n|-damage|p2a: Poliwrath|81\/100\n|\n|t:|1666543580\n|switch|p1a: Latias|Latias, F|76\/100|[from]move: U-turn\n|\n|-heal|p2a: Poliwrath|88\/100|[from] item: Leftovers\n|upkeep\n|turn|20\n|\n|t:|1666543584\n|switch|p2a: Apollo 1|Cresselia, F|98\/100\n|-damage|p2a: Apollo 1|85\/100|[from] Stealth Rock\n|move|p1a: Latias|Psychic|p2a: Apollo 1\n|-resisted|p2a: Apollo 1\n|-damage|p2a: Apollo 1|70\/100\n|\n|-heal|p2a: Apollo 1|76\/100|[from] item: Leftovers\n|upkeep\n|turn|21\n|inactive|MurderousMantyke has 120 seconds left.\n|\n|t:|1666543634\n|switch|p1a: Scizor|Scizor, M|92\/100\n|switch|p2a: Heatran|Heatran, F|70\/100\n|-damage|p2a: Heatran|58\/100|[from] Stealth Rock\n|\n|-heal|p2a: Heatran|64\/100|[from] item: Leftovers\n|-heal|p1a: Scizor|98\/100|[from] item: Leftovers\n|upkeep\n|turn|22\n|\n|t:|1666543640\n|switch|p1a: Feraligatr|Feraligatr, F|100\/100\n|move|p2a: Heatran|Stealth Rock|p1a: Feraligatr\n|-sidestart|p1: MurderousMantyke|move: Stealth Rock\n|\n|-heal|p2a: Heatran|70\/100|[from] item: Leftovers\n|upkeep\n|turn|23\n|\n|t:|1666543647\n|switch|p2a: Poliwrath|Poliwrath, M|88\/100\n|-damage|p2a: Poliwrath|81\/100|[from] Stealth Rock\n|move|p1a: Feraligatr|Crunch|p2a: Poliwrath\n|-resisted|p2a: Poliwrath\n|-damage|p2a: Poliwrath|66\/100\n|\n|-heal|p2a: Poliwrath|72\/100|[from] item: Leftovers\n|upkeep\n|turn|24\n|\n|t:|1666543662\n|switch|p1a: Celebi|Celebi|100\/100\n|-damage|p1a: Celebi|88\/100|[from] Stealth Rock\n|move|p2a: Poliwrath|Circle Throw|p1a: Celebi\n|-resisted|p1a: Celebi\n|-damage|p1a: Celebi|79\/100\n|drag|p1a: Scizor|Scizor, M|98\/100\n|-damage|p1a: Scizor|85\/100|[from] Stealth Rock\n|\n|-heal|p2a: Poliwrath|78\/100|[from] item: Leftovers\n|-heal|p1a: Scizor|91\/100|[from] item: Leftovers\n|upkeep\n|turn|25\n|\n|t:|1666543667\n|move|p1a: Scizor|U-turn|p2a: Poliwrath\n|-resisted|p2a: Poliwrath\n|-damage|p2a: Poliwrath|69\/100\n|\n|t:|1666543671\n|switch|p1a: Latias|Latias, F|76\/100|[from]move: U-turn\n|-damage|p1a: Latias|63\/100|[from] Stealth Rock\n|move|p2a: Poliwrath|Circle Throw|p1a: Latias\n|-resisted|p1a: Latias\n|-damage|p1a: Latias|50\/100\n|drag|p1a: Celebi|Celebi|79\/100\n|-damage|p1a: Celebi|67\/100|[from] Stealth Rock\n|\n|-heal|p2a: Poliwrath|75\/100|[from] item: Leftovers\n|upkeep\n|turn|26\n|\n|t:|1666543676\n|switch|p2a: Heatran|Heatran, F|70\/100\n|-damage|p2a: Heatran|58\/100|[from] Stealth Rock\n|move|p1a: Celebi|U-turn|p2a: Heatran\n|-resisted|p2a: Heatran\n|-damage|p2a: Heatran|54\/100\n|\n|t:|1666543682\n|switch|p1a: Infernape|Infernape, F|100\/100|[from]move: U-turn\n|-damage|p1a: Infernape|88\/100|[from] Stealth Rock\n|\n|-heal|p2a: Heatran|61\/100|[from] item: Leftovers\n|upkeep\n|turn|27\n|\n|t:|1666543689\n|switch|p2a: Latias|Latias, F|88\/100\n|-damage|p2a: Latias|75\/100|[from] Stealth Rock\n|move|p1a: Infernape|Flare Blitz|p2a: Latias\n|-resisted|p2a: Latias\n|-damage|p2a: Latias|29\/100\n|-damage|p1a: Infernape|72\/100|[from] Recoil\n|\n|upkeep\n|turn|28\n|\n|t:|1666543697\n|switch|p1a: Scizor|Scizor, M|91\/100\n|-damage|p1a: Scizor|79\/100|[from] Stealth Rock\n|move|p2a: Latias|Roost|p2a: Latias\n|-heal|p2a: Latias|79\/100\n|-singleturn|p2a: Latias|move: Roost\n|\n|-heal|p1a: Scizor|85\/100|[from] item: Leftovers\n|upkeep\n|turn|29\n|\n|t:|1666543703\n|switch|p2a: Poliwrath|Poliwrath, M|75\/100\n|-damage|p2a: Poliwrath|69\/100|[from] Stealth Rock\n|move|p1a: Scizor|U-turn|p2a: Poliwrath\n|-resisted|p2a: Poliwrath\n|-damage|p2a: Poliwrath|60\/100\n|\n|t:|1666543707\n|switch|p1a: Celebi|Celebi|67\/100|[from]move: U-turn\n|-damage|p1a: Celebi|54\/100|[from] Stealth Rock\n|\n|-heal|p2a: Poliwrath|66\/100|[from] item: Leftovers\n|upkeep\n|turn|30\n|\n|t:|1666543711\n|switch|p2a: Heatran|Heatran, F|61\/100\n|-damage|p2a: Heatran|48\/100|[from] Stealth Rock\n|move|p1a: Celebi|Psychic|p2a: Heatran\n|-resisted|p2a: Heatran\n|-damage|p2a: Heatran|27\/100\n|\n|-heal|p2a: Heatran|34\/100|[from] item: Leftovers\n|upkeep\n|turn|31\n|\n|t:|1666543715\n|move|p1a: Celebi|Psychic|p2a: Heatran\n|-resisted|p2a: Heatran\n|-damage|p2a: Heatran|14\/100\n|move|p2a: Heatran|Overheat|p1a: Celebi\n|-supereffective|p1a: Celebi\n|-damage|p1a: Celebi|0 fnt\n|-unboost|p2a: Heatran|spa|2\n|faint|p1a: Celebi\n|\n|-heal|p2a: Heatran|20\/100|[from] item: Leftovers\n|upkeep\n|\n|t:|1666543723\n|switch|p1a: Infernape|Infernape, F|72\/100\n|-damage|p1a: Infernape|60\/100|[from] Stealth Rock\n|turn|32\n|\n|t:|1666543727\n|move|p1a: Infernape|Close Combat|p2a: Heatran\n|-supereffective|p2a: Heatran\n|-damage|p2a: Heatran|0 fnt\n|-unboost|p1a: Infernape|def|1\n|-unboost|p1a: Infernape|spd|1\n|faint|p2a: Heatran\n|\n|upkeep\n|\n|t:|1666543735\n|switch|p2a: Latias|Latias, F|79\/100\n|-damage|p2a: Latias|66\/100|[from] Stealth Rock\n|turn|33\n|\n|t:|1666543743\n|switch|p1a: Scizor|Scizor, M|85\/100\n|-damage|p1a: Scizor|73\/100|[from] Stealth Rock\n|move|p2a: Latias|Psychic|p1a: Scizor\n|-resisted|p1a: Scizor\n|-damage|p1a: Scizor|45\/100\n|-unboost|p1a: Scizor|spd|1\n|\n|-heal|p1a: Scizor|51\/100|[from] item: Leftovers\n|upkeep\n|turn|34\n|\n|t:|1666543749\n|switch|p1a: Feraligatr|Feraligatr, F|100\/100\n|-damage|p1a: Feraligatr|88\/100|[from] Stealth Rock\n|move|p2a: Latias|Draco Meteor|p1a: Feraligatr|[miss]\n|-miss|p2a: Latias|p1a: Feraligatr\n|\n|upkeep\n|turn|35\n|\n|t:|1666543756\n|move|p2a: Latias|Draco Meteor|p1a: Feraligatr\n|-damage|p1a: Feraligatr|0 fnt\n|-unboost|p2a: Latias|spa|2\n|faint|p1a: Feraligatr\n|\n|upkeep\n|\n|t:|1666543760\n|switch|p1a: Scizor|Scizor, M|51\/100\n|-damage|p1a: Scizor|39\/100|[from] Stealth Rock\n|turn|36\n|\n|t:|1666543766\n|switch|p2a: Roserade|Roserade, F|100\/100\n|-damage|p2a: Roserade|88\/100|[from] Stealth Rock\n|move|p1a: Scizor|Roost|p1a: Scizor\n|-heal|p1a: Scizor|89\/100\n|-singleturn|p1a: Scizor|move: Roost\n|\n|-heal|p2a: Roserade|94\/100|[from] item: Black Sludge\n|-heal|p1a: Scizor|95\/100|[from] item: Leftovers\n|upkeep\n|turn|37\n|\n|t:|1666543770\n|move|p2a: Roserade|Spikes|p1a: Scizor\n|-sidestart|p1: MurderousMantyke|Spikes\n|move|p1a: Scizor|U-turn|p2a: Roserade\n|-damage|p2a: Roserade|61\/100\n|\n|t:|1666543774\n|switch|p1a: Latias|Latias, F|50\/100|[from]move: U-turn\n|-damage|p1a: Latias|38\/100|[from] Stealth Rock\n|\n|-heal|p2a: Roserade|67\/100|[from] item: Black Sludge\n|upkeep\n|turn|38\n|\n|t:|1666543778\n|switch|p2a: Apollo 1|Cresselia, F|76\/100\n|-damage|p2a: Apollo 1|64\/100|[from] Stealth Rock\n|move|p1a: Latias|Roost|p1a: Latias\n|-heal|p1a: Latias|88\/100\n|-singleturn|p1a: Latias|move: Roost\n|\n|-heal|p2a: Apollo 1|70\/100|[from] item: Leftovers\n|upkeep\n|turn|39\n|\n|t:|1666543783\n|move|p1a: Latias|Psychic|p2a: Apollo 1\n|-resisted|p2a: Apollo 1\n|-damage|p2a: Apollo 1|53\/100\n|move|p2a: Apollo 1|Future Sight|p1a: Latias\n|-start|p2a: Apollo 1|move: Future Sight\n|\n|-heal|p2a: Apollo 1|59\/100|[from] item: Leftovers\n|upkeep\n|turn|40\n|\n|t:|1666543788\n|switch|p1a: Scizor|Scizor, M|95\/100\n|-damage|p1a: Scizor|82\/100|[from] Stealth Rock\n|-damage|p1a: Scizor|70\/100|[from] Spikes\n|move|p2a: Apollo 1|Calm Mind|p2a: Apollo 1\n|-boost|p2a: Apollo 1|spa|1\n|-boost|p2a: Apollo 1|spd|1\n|\n|-heal|p2a: Apollo 1|65\/100|[from] item: Leftovers\n|-heal|p1a: Scizor|76\/100|[from] item: Leftovers\n|upkeep\n|turn|41\n|\n|t:|1666543792\n|move|p2a: Apollo 1|Moonlight|p2a: Apollo 1\n|-heal|p2a: Apollo 1|100\/100\n|move|p1a: Scizor|U-turn|p2a: Apollo 1\n|-supereffective|p2a: Apollo 1\n|-damage|p2a: Apollo 1|64\/100\n|\n|t:|1666543798\n|switch|p1a: Latias|Latias, F|88\/100|[from]move: U-turn\n|-damage|p1a: Latias|76\/100|[from] Stealth Rock\n|\n|-end|p1a: Latias|move: Future Sight\n|-resisted|p1a: Latias\n|-damage|p1a: Latias|47\/100\n|-heal|p2a: Apollo 1|70\/100|[from] item: Leftovers\n|upkeep\n|turn|42\n|\n|t:|1666543802\n|move|p1a: Latias|Roost|p1a: Latias\n|-heal|p1a: Latias|97\/100\n|-singleturn|p1a: Latias|move: Roost\n|move|p2a: Apollo 1|Calm Mind|p2a: Apollo 1\n|-boost|p2a: Apollo 1|spa|1\n|-boost|p2a: Apollo 1|spd|1\n|\n|-heal|p2a: Apollo 1|76\/100|[from] item: Leftovers\n|upkeep\n|turn|43\n|\n|t:|1666543806\n|switch|p1a: Scizor|Scizor, M|76\/100\n|-damage|p1a: Scizor|64\/100|[from] Stealth Rock\n|-damage|p1a: Scizor|51\/100|[from] Spikes\n|move|p2a: Apollo 1|Future Sight|p1a: Scizor\n|-start|p2a: Apollo 1|move: Future Sight\n|\n|-heal|p2a: Apollo 1|82\/100|[from] item: Leftovers\n|-heal|p1a: Scizor|57\/100|[from] item: Leftovers\n|upkeep\n|turn|44\n|\n|t:|1666543812\n|move|p2a: Apollo 1|Calm Mind|p2a: Apollo 1\n|-boost|p2a: Apollo 1|spa|1\n|-boost|p2a: Apollo 1|spd|1\n|move|p1a: Scizor|Swords Dance|p1a: Scizor\n|-boost|p1a: Scizor|atk|2\n|\n|-heal|p2a: Apollo 1|88\/100|[from] item: Leftovers\n|-heal|p1a: Scizor|63\/100|[from] item: Leftovers\n|upkeep\n|turn|45\n|\n|t:|1666543818\n|move|p2a: Apollo 1|Moonlight|p2a: Apollo 1\n|-heal|p2a: Apollo 1|100\/100\n|move|p1a: Scizor|U-turn|p2a: Apollo 1\n|-supereffective|p2a: Apollo 1\n|-damage|p2a: Apollo 1|23\/100\n|\n|t:|1666543826\n|switch|p1a: Latias|Latias, F|97\/100|[from]move: U-turn\n|-damage|p1a: Latias|85\/100|[from] Stealth Rock\n|\n|-end|p1a: Latias|move: Future Sight\n|-resisted|p1a: Latias\n|-damage|p1a: Latias|38\/100\n|-heal|p2a: Apollo 1|30\/100|[from] item: Leftovers\n|upkeep\n|turn|46\n|\n|t:|1666543830\n|move|p1a: Latias|Draco Meteor|p2a: Apollo 1|[miss]\n|-miss|p1a: Latias|p2a: Apollo 1\n|move|p2a: Apollo 1|Moonlight|p2a: Apollo 1\n|-heal|p2a: Apollo 1|80\/100\n|\n|-heal|p2a: Apollo 1|86\/100|[from] item: Leftovers\n|upkeep\n|turn|47\n|\n|t:|1666543835\n|move|p1a: Latias|Roost|p1a: Latias\n|-heal|p1a: Latias|88\/100\n|-singleturn|p1a: Latias|move: Roost\n|move|p2a: Apollo 1|Future Sight|p1a: Latias\n|-start|p2a: Apollo 1|move: Future Sight\n|\n|-heal|p2a: Apollo 1|92\/100|[from] item: Leftovers\n|upkeep\n|turn|48\n|\n|t:|1666543839\n|move|p1a: Latias|Calm Mind|p1a: Latias\n|-boost|p1a: Latias|spa|1\n|-boost|p1a: Latias|spd|1\n|move|p2a: Apollo 1|Calm Mind|p2a: Apollo 1\n|-boost|p2a: Apollo 1|spa|1\n|-boost|p2a: Apollo 1|spd|1\n|\n|-heal|p2a: Apollo 1|98\/100|[from] item: Leftovers\n|upkeep\n|turn|49\n|\n|t:|1666543843\n|move|p1a: Latias|Calm Mind|p1a: Latias\n|-boost|p1a: Latias|spa|1\n|-boost|p1a: Latias|spd|1\n|move|p2a: Apollo 1|Calm Mind|p2a: Apollo 1\n|-boost|p2a: Apollo 1|spa|1\n|-boost|p2a: Apollo 1|spd|1\n|\n|-end|p1a: Latias|move: Future Sight\n|-resisted|p1a: Latias\n|-damage|p1a: Latias|55\/100\n|-heal|p2a: Apollo 1|100\/100|[from] item: Leftovers\n|upkeep\n|turn|50\n|\n|t:|1666543846\n|move|p1a: Latias|Calm Mind|p1a: Latias\n|-boost|p1a: Latias|spa|1\n|-boost|p1a: Latias|spd|1\n|move|p2a: Apollo 1|Future Sight|p1a: Latias\n|-start|p2a: Apollo 1|move: Future Sight\n|\n|upkeep\n|turn|51\n|\n|t:|1666543850\n|move|p1a: Latias|Calm Mind|p1a: Latias\n|-boost|p1a: Latias|spa|1\n|-boost|p1a: Latias|spd|1\n|move|p2a: Apollo 1|Calm Mind|p2a: Apollo 1\n|-boost|p2a: Apollo 1|spa|1\n|-boost|p2a: Apollo 1|spd|1\n|\n|upkeep\n|turn|52\n|\n|t:|1666543856\n|move|p1a: Latias|Roost|p1a: Latias\n|-heal|p1a: Latias|100\/100\n|-singleturn|p1a: Latias|move: Roost\n|move|p2a: Apollo 1|Calm Mind|p2a: Apollo 1\n|-boost|p2a: Apollo 1|spa|0\n|-boost|p2a: Apollo 1|spd|0\n|\n|-end|p1a: Latias|move: Future Sight\n|-resisted|p1a: Latias\n|-damage|p1a: Latias|77\/100\n|upkeep\n|turn|53\n|\n|t:|1666543873\n|move|p1a: Latias|Calm Mind|p1a: Latias\n|-boost|p1a: Latias|spa|1\n|-boost|p1a: Latias|spd|1\n|move|p2a: Apollo 1|Future Sight|p1a: Latias\n|-start|p2a: Apollo 1|move: Future Sight\n|\n|upkeep\n|turn|54\n|\n|t:|1666543875\n|move|p1a: Latias|Calm Mind|p1a: Latias\n|-boost|p1a: Latias|spa|1\n|-boost|p1a: Latias|spd|1\n|move|p2a: Apollo 1|Calm Mind|p2a: Apollo 1\n|-boost|p2a: Apollo 1|spa|0\n|-boost|p2a: Apollo 1|spd|0\n|\n|upkeep\n|turn|55\n|\n|t:|1666543881\n|move|p1a: Latias|Roost|p1a: Latias\n|-heal|p1a: Latias|100\/100\n|-singleturn|p1a: Latias|move: Roost\n|move|p2a: Apollo 1|Calm Mind|p2a: Apollo 1\n|-boost|p2a: Apollo 1|spa|0\n|-boost|p2a: Apollo 1|spd|0\n|\n|-end|p1a: Latias|move: Future Sight\n|-resisted|p1a: Latias\n|-damage|p1a: Latias|81\/100\n|upkeep\n|turn|56\n|\n|t:|1666543889\n|move|p1a: Latias|Psychic|p2a: Apollo 1\n|-resisted|p2a: Apollo 1\n|-damage|p2a: Apollo 1|86\/100\n|move|p2a: Apollo 1|Future Sight|p1a: Latias\n|-start|p2a: Apollo 1|move: Future Sight\n|\n|-heal|p2a: Apollo 1|92\/100|[from] item: Leftovers\n|upkeep\n|turn|57\n|\n|t:|1666543896\n|move|p1a: Latias|Psychic|p2a: Apollo 1\n|-resisted|p2a: Apollo 1\n|-damage|p2a: Apollo 1|77\/100\n|move|p2a: Apollo 1|Skill Swap|p1a: Latias\n|-activate|p2a: Apollo 1|move: Skill Swap|Levitate|Levitate|[of] p1a: Latias\n|\n|-heal|p2a: Apollo 1|83\/100|[from] item: Leftovers\n|upkeep\n|turn|58\n|\n|t:|1666543906\n|move|p1a: Latias|Psychic|p2a: Apollo 1\n|-resisted|p2a: Apollo 1\n|-damage|p2a: Apollo 1|69\/100\n|move|p2a: Apollo 1|Skill Swap|p1a: Latias\n|-activate|p2a: Apollo 1|move: Skill Swap|Levitate|Levitate|[of] p1a: Latias\n|\n|-end|p1a: Latias|move: Future Sight\n|-resisted|p1a: Latias\n|-damage|p1a: Latias|64\/100\n|-heal|p2a: Apollo 1|75\/100|[from] item: Leftovers\n|upkeep\n|turn|59\n|\n|t:|1666543914\n|move|p1a: Latias|Psychic|p2a: Apollo 1\n|-resisted|p2a: Apollo 1\n|-damage|p2a: Apollo 1|61\/100\n|move|p2a: Apollo 1|Skill Swap|p1a: Latias\n|-activate|p2a: Apollo 1|move: Skill Swap|Levitate|Levitate|[of] p1a: Latias\n|\n|-heal|p2a: Apollo 1|67\/100|[from] item: Leftovers\n|upkeep\n|turn|60\n|\n|t:|1666543932\n|move|p1a: Latias|Psychic|p2a: Apollo 1\n|-resisted|p2a: Apollo 1\n|-damage|p2a: Apollo 1|53\/100\n|move|p2a: Apollo 1|Moonlight|p2a: Apollo 1\n|-heal|p2a: Apollo 1|100\/100\n|\n|upkeep\n|turn|61\n|\n|t:|1666543942\n|move|p1a: Latias|Calm Mind|p1a: Latias\n|-boost|p1a: Latias|spa|0\n|-boost|p1a: Latias|spd|0\n|move|p2a: Apollo 1|Future Sight|p1a: Latias\n|-start|p2a: Apollo 1|move: Future Sight\n|\n|upkeep\n|turn|62\n|\n|t:|1666543949\n|move|p1a: Latias|Calm Mind|p1a: Latias\n|-boost|p1a: Latias|spa|0\n|-boost|p1a: Latias|spd|0\n|move|p2a: Apollo 1|Calm Mind|p2a: Apollo 1\n|-boost|p2a: Apollo 1|spa|0\n|-boost|p2a: Apollo 1|spd|0\n|\n|upkeep\n|turn|63\n|\n|t:|1666543972\n|move|p1a: Latias|Calm Mind|p1a: Latias\n|-boost|p1a: Latias|spa|0\n|-boost|p1a: Latias|spd|0\n|move|p2a: Apollo 1|Calm Mind|p2a: Apollo 1\n|-boost|p2a: Apollo 1|spa|0\n|-boost|p2a: Apollo 1|spd|0\n|\n|-end|p1a: Latias|move: Future Sight\n|-resisted|p1a: Latias\n|-damage|p1a: Latias|46\/100\n|upkeep\n|turn|64\n|\n|t:|1666543982\n|move|p1a: Latias|Roost|p1a: Latias\n|-heal|p1a: Latias|96\/100\n|-singleturn|p1a: Latias|move: Roost\n|move|p2a: Apollo 1|Calm Mind|p2a: Apollo 1\n|-boost|p2a: Apollo 1|spa|0\n|-boost|p2a: Apollo 1|spd|0\n|\n|upkeep\n|turn|65\n|inactive|MurderousMantyke has 120 seconds left.\n|\n|t:|1666544021\n|move|p1a: Latias|Calm Mind|p1a: Latias\n|-boost|p1a: Latias|spa|0\n|-boost|p1a: Latias|spd|0\n|move|p2a: Apollo 1|Calm Mind|p2a: Apollo 1\n|-boost|p2a: Apollo 1|spa|0\n|-boost|p2a: Apollo 1|spd|0\n|\n|upkeep\n|turn|66\n|\n|t:|1666544030\n|move|p1a: Latias|Calm Mind|p1a: Latias\n|-boost|p1a: Latias|spa|0\n|-boost|p1a: Latias|spd|0\n|move|p2a: Apollo 1|Calm Mind|p2a: Apollo 1\n|-boost|p2a: Apollo 1|spa|0\n|-boost|p2a: Apollo 1|spd|0\n|\n|upkeep\n|turn|67\n|inactive|MurderousMantyke has 120 seconds left.\n|\n|t:|1666544043\n|move|p1a: Latias|Calm Mind|p1a: Latias\n|-boost|p1a: Latias|spa|0\n|-boost|p1a: Latias|spd|0\n|move|p2a: Apollo 1|Calm Mind|p2a: Apollo 1\n|-boost|p2a: Apollo 1|spa|0\n|-boost|p2a: Apollo 1|spd|0\n|\n|upkeep\n|turn|68\n|inactive|MurderousMantyke has 120 seconds left.\n|\n|t:|1666544053\n|move|p1a: Latias|Calm Mind|p1a: Latias\n|-boost|p1a: Latias|spa|0\n|-boost|p1a: Latias|spd|0\n|move|p2a: Apollo 1|Calm Mind|p2a: Apollo 1\n|-boost|p2a: Apollo 1|spa|0\n|-boost|p2a: Apollo 1|spd|0\n|\n|upkeep\n|turn|69\n|\n|t:|1666544057\n|move|p1a: Latias|Calm Mind|p1a: Latias\n|-boost|p1a: Latias|spa|0\n|-boost|p1a: Latias|spd|0\n|move|p2a: Apollo 1|Calm Mind|p2a: Apollo 1\n|-boost|p2a: Apollo 1|spa|0\n|-boost|p2a: Apollo 1|spd|0\n|\n|upkeep\n|turn|70\n|\n|t:|1666544060\n|move|p1a: Latias|Calm Mind|p1a: Latias\n|-boost|p1a: Latias|spa|0\n|-boost|p1a: Latias|spd|0\n|move|p2a: Apollo 1|Calm Mind|p2a: Apollo 1\n|-boost|p2a: Apollo 1|spa|0\n|-boost|p2a: Apollo 1|spd|0\n|\n|upkeep\n|turn|71\n|\n|t:|1666544063\n|move|p1a: Latias|Calm Mind|p1a: Latias\n|-boost|p1a: Latias|spa|0\n|-boost|p1a: Latias|spd|0\n|move|p2a: Apollo 1|Calm Mind|p2a: Apollo 1\n|-boost|p2a: Apollo 1|spa|0\n|-boost|p2a: Apollo 1|spd|0\n|\n|upkeep\n|turn|72\n|\n|t:|1666544065\n|move|p1a: Latias|Calm Mind|p1a: Latias\n|-boost|p1a: Latias|spa|0\n|-boost|p1a: Latias|spd|0\n|move|p2a: Apollo 1|Calm Mind|p2a: Apollo 1\n|-boost|p2a: Apollo 1|spa|0\n|-boost|p2a: Apollo 1|spd|0\n|\n|upkeep\n|turn|73\n|\n|t:|1666544068\n|move|p1a: Latias|Calm Mind|p1a: Latias\n|-boost|p1a: Latias|spa|0\n|-boost|p1a: Latias|spd|0\n|move|p2a: Apollo 1|Calm Mind|p2a: Apollo 1\n|-boost|p2a: Apollo 1|spa|0\n|-boost|p2a: Apollo 1|spd|0\n|\n|upkeep\n|turn|74\n|inactive|MurderousMantyke has 120 seconds left.\n|\n|t:|1666544100\n|move|p1a: Latias|Calm Mind|p1a: Latias\n|-boost|p1a: Latias|spa|0\n|-boost|p1a: Latias|spd|0\n|move|p2a: Apollo 1|Calm Mind|p2a: Apollo 1\n|-boost|p2a: Apollo 1|spa|0\n|-boost|p2a: Apollo 1|spd|0\n|\n|upkeep\n|turn|75\n|\n|t:|1666544107\n|move|p1a: Latias|Calm Mind|p1a: Latias\n|-boost|p1a: Latias|spa|0\n|-boost|p1a: Latias|spd|0\n|move|p2a: Apollo 1|Calm Mind|p2a: Apollo 1\n|-boost|p2a: Apollo 1|spa|0\n|-boost|p2a: Apollo 1|spd|0\n|\n|upkeep\n|turn|76\n|\n|t:|1666544113\n|move|p1a: Latias|Calm Mind|p1a: Latias\n|-boost|p1a: Latias|spa|0\n|-boost|p1a: Latias|spd|0\n|move|p2a: Apollo 1|Calm Mind|p2a: Apollo 1\n|-boost|p2a: Apollo 1|spa|0\n|-boost|p2a: Apollo 1|spd|0\n|\n|upkeep\n|turn|77\n|\n|t:|1666544116\n|move|p1a: Latias|Calm Mind|p1a: Latias\n|-boost|p1a: Latias|spa|0\n|-boost|p1a: Latias|spd|0\n|move|p2a: Apollo 1|Calm Mind|p2a: Apollo 1\n|-boost|p2a: Apollo 1|spa|0\n|-boost|p2a: Apollo 1|spd|0\n|\n|upkeep\n|turn|78\n|\n|t:|1666544119\n|move|p1a: Latias|Calm Mind|p1a: Latias\n|-boost|p1a: Latias|spa|0\n|-boost|p1a: Latias|spd|0\n|move|p2a: Apollo 1|Calm Mind|p2a: Apollo 1\n|-boost|p2a: Apollo 1|spa|0\n|-boost|p2a: Apollo 1|spd|0\n|\n|upkeep\n|turn|79\n|\n|t:|1666544123\n|move|p1a: Latias|Calm Mind|p1a: Latias\n|-boost|p1a: Latias|spa|0\n|-boost|p1a: Latias|spd|0\n|move|p2a: Apollo 1|Calm Mind|p2a: Apollo 1\n|-boost|p2a: Apollo 1|spa|0\n|-boost|p2a: Apollo 1|spd|0\n|\n|upkeep\n|turn|80\n|\n|t:|1666544129\n|move|p1a: Latias|Calm Mind|p1a: Latias\n|-boost|p1a: Latias|spa|0\n|-boost|p1a: Latias|spd|0\n|move|p2a: Apollo 1|Calm Mind|p2a: Apollo 1\n|-boost|p2a: Apollo 1|spa|0\n|-boost|p2a: Apollo 1|spd|0\n|\n|upkeep\n|turn|81\n|\n|t:|1666544135\n|move|p1a: Latias|Calm Mind|p1a: Latias\n|-boost|p1a: Latias|spa|0\n|-boost|p1a: Latias|spd|0\n|move|p2a: Apollo 1|Calm Mind|p2a: Apollo 1\n|-boost|p2a: Apollo 1|spa|0\n|-boost|p2a: Apollo 1|spd|0\n|\n|upkeep\n|turn|82\n|\n|t:|1666544140\n|move|p1a: Latias|Calm Mind|p1a: Latias\n|-boost|p1a: Latias|spa|0\n|-boost|p1a: Latias|spd|0\n|move|p2a: Apollo 1|Calm Mind|p2a: Apollo 1\n|-boost|p2a: Apollo 1|spa|0\n|-boost|p2a: Apollo 1|spd|0\n|\n|upkeep\n|turn|83\n|\n|t:|1666544149\n|move|p1a: Latias|Calm Mind|p1a: Latias\n|-boost|p1a: Latias|spa|0\n|-boost|p1a: Latias|spd|0\n|move|p2a: Apollo 1|Skill Swap|p1a: Latias\n|-activate|p2a: Apollo 1|move: Skill Swap|Levitate|Levitate|[of] p1a: Latias\n|\n|upkeep\n|turn|84\n|\n|t:|1666544154\n|move|p1a: Latias|Calm Mind|p1a: Latias\n|-boost|p1a: Latias|spa|0\n|-boost|p1a: Latias|spd|0\n|move|p2a: Apollo 1|Skill Swap|p1a: Latias\n|-activate|p2a: Apollo 1|move: Skill Swap|Levitate|Levitate|[of] p1a: Latias\n|\n|upkeep\n|turn|85\n|\n|t:|1666544157\n|move|p1a: Latias|Calm Mind|p1a: Latias\n|-boost|p1a: Latias|spa|0\n|-boost|p1a: Latias|spd|0\n|move|p2a: Apollo 1|Future Sight|p1a: Latias\n|-start|p2a: Apollo 1|move: Future Sight\n|\n|upkeep\n|turn|86\n|\n|t:|1666544162\n|move|p1a: Latias|Calm Mind|p1a: Latias\n|-boost|p1a: Latias|spa|0\n|-boost|p1a: Latias|spd|0\n|move|p2a: Apollo 1|Skill Swap|p1a: Latias\n|-activate|p2a: Apollo 1|move: Skill Swap|Levitate|Levitate|[of] p1a: Latias\n|\n|upkeep\n|turn|87\n|\n|t:|1666544164\n|move|p1a: Latias|Psychic|p2a: Apollo 1\n|-resisted|p2a: Apollo 1\n|-damage|p2a: Apollo 1|86\/100\n|move|p2a: Apollo 1|Skill Swap|p1a: Latias\n|-activate|p2a: Apollo 1|move: Skill Swap|Levitate|Levitate|[of] p1a: Latias\n|\n|-end|p1a: Latias|move: Future Sight\n|-resisted|p1a: Latias\n|-damage|p1a: Latias|78\/100\n|-heal|p2a: Apollo 1|92\/100|[from] item: Leftovers\n|upkeep\n|turn|88\n|\n|t:|1666544170\n|move|p1a: Latias|Calm Mind|p1a: Latias\n|-boost|p1a: Latias|spa|0\n|-boost|p1a: Latias|spd|0\n|move|p2a: Apollo 1|Skill Swap|p1a: Latias\n|-activate|p2a: Apollo 1|move: Skill Swap|Levitate|Levitate|[of] p1a: Latias\n|\n|-heal|p2a: Apollo 1|98\/100|[from] item: Leftovers\n|upkeep\n|turn|89\n|\n|t:|1666544180\n|move|p1a: Latias|Psychic|p2a: Apollo 1\n|-resisted|p2a: Apollo 1\n|-damage|p2a: Apollo 1|82\/100\n|move|p2a: Apollo 1|Skill Swap|p1a: Latias\n|-activate|p2a: Apollo 1|move: Skill Swap|Levitate|Levitate|[of] p1a: Latias\n|\n|-heal|p2a: Apollo 1|88\/100|[from] item: Leftovers\n|upkeep\n|turn|90\n|\n|t:|1666544189\n|move|p1a: Latias|Psychic|p2a: Apollo 1\n|-resisted|p2a: Apollo 1\n|-damage|p2a: Apollo 1|74\/100\n|move|p2a: Apollo 1|Future Sight|p1a: Latias\n|-start|p2a: Apollo 1|move: Future Sight\n|\n|-heal|p2a: Apollo 1|80\/100|[from] item: Leftovers\n|upkeep\n|turn|91\n|\n|t:|1666544194\n|move|p1a: Latias|Psychic|p2a: Apollo 1\n|-resisted|p2a: Apollo 1\n|-damage|p2a: Apollo 1|66\/100\n|move|p2a: Apollo 1|Skill Swap|p1a: Latias\n|-activate|p2a: Apollo 1|move: Skill Swap|Levitate|Levitate|[of] p1a: Latias\n|\n|-heal|p2a: Apollo 1|72\/100|[from] item: Leftovers\n|upkeep\n|turn|92\n|\n|t:|1666544201\n|move|p1a: Latias|Psychic|p2a: Apollo 1\n|-resisted|p2a: Apollo 1\n|-damage|p2a: Apollo 1|56\/100\n|move|p2a: Apollo 1|Skill Swap|p1a: Latias\n|-activate|p2a: Apollo 1|move: Skill Swap|Levitate|Levitate|[of] p1a: Latias\n|\n|-end|p1a: Latias|move: Future Sight\n|-resisted|p1a: Latias\n|-damage|p1a: Latias|59\/100\n|-heal|p2a: Apollo 1|62\/100|[from] item: Leftovers\n|upkeep\n|turn|93\n|\n|t:|1666544206\n|move|p1a: Latias|Psychic|p2a: Apollo 1\n|-resisted|p2a: Apollo 1\n|-damage|p2a: Apollo 1|46\/100\n|-unboost|p2a: Apollo 1|spd|1\n|move|p2a: Apollo 1|Skill Swap|p1a: Latias\n|-activate|p2a: Apollo 1|move: Skill Swap|Levitate|Levitate|[of] p1a: Latias\n|\n|-heal|p2a: Apollo 1|52\/100|[from] item: Leftovers\n|upkeep\n|turn|94\n|\n|t:|1666544236\n|move|p1a: Latias|Draco Meteor|p2a: Apollo 1|[miss]\n|-miss|p1a: Latias|p2a: Apollo 1\n|move|p2a: Apollo 1|Moonlight|p2a: Apollo 1\n|-heal|p2a: Apollo 1|100\/100\n|\n|upkeep\n|turn|95\n|\n|t:|1666544246\n|move|p1a: Latias|Roost|p1a: Latias\n|-heal|p1a: Latias|100\/100\n|-singleturn|p1a: Latias|move: Roost\n|move|p2a: Apollo 1|Future Sight|p1a: Latias\n|-start|p2a: Apollo 1|move: Future Sight\n|\n|upkeep\n|turn|96\n|inactive|MurderousMantyke has 120 seconds left.\n|\n|t:|1666544265\n|move|p1a: Latias|Roost||[still]\n|-fail|p1a: Latias|heal\n|move|p2a: Apollo 1|Skill Swap|p1a: Latias\n|-activate|p2a: Apollo 1|move: Skill Swap|Levitate|Levitate|[of] p1a: Latias\n|\n|upkeep\n|turn|97\n|\n|t:|1666544276\n|move|p1a: Latias|Roost||[still]\n|-fail|p1a: Latias|heal\n|move|p2a: Apollo 1|Moonlight|p2a: Apollo 1\n|-fail|p2a: Apollo 1|heal\n|\n|-end|p1a: Latias|move: Future Sight\n|-resisted|p1a: Latias\n|-damage|p1a: Latias|82\/100\n|upkeep\n|turn|98\n|\n|t:|1666544284\n|move|p1a: Latias|Roost|p1a: Latias\n|-heal|p1a: Latias|100\/100\n|-singleturn|p1a: Latias|move: Roost\n|move|p2a: Apollo 1|Future Sight|p1a: Latias\n|-start|p2a: Apollo 1|move: Future Sight\n|\n|upkeep\n|turn|99\n|\n|t:|1666544301\n|move|p1a: Latias|Roost||[still]\n|-fail|p1a: Latias|heal\n|move|p2a: Apollo 1|Skill Swap|p1a: Latias\n|-activate|p2a: Apollo 1|move: Skill Swap|Levitate|Levitate|[of] p1a: Latias\n|\n|upkeep\n|turn|100\n|\n|t:|1666544308\n|move|p1a: Latias|Roost||[still]\n|-fail|p1a: Latias|heal\n|move|p2a: Apollo 1|Skill Swap|p1a: Latias\n|-activate|p2a: Apollo 1|move: Skill Swap|Levitate|Levitate|[of] p1a: Latias\n|\n|-end|p1a: Latias|move: Future Sight\n|-resisted|p1a: Latias\n|-crit|p1a: Latias\n|-damage|p1a: Latias|0 fnt\n|faint|p1a: Latias\n|upkeep\n|c|\u2606had sweep|omg\n|c|\u2606MurderousMantyke|lmaooo\n|c|\u2606had sweep|mad unfort\n|c|\u2606MurderousMantyke|happens lol\n|c|\u2606MurderousMantyke|gg mate\n|-message|MurderousMantyke forfeited.\n|\n|win|had sweep\n|raw|MurderousMantyke's rating: 1448 &rarr; <strong>1433<\/strong><br \/>(-15 for losing)\n|raw|had sweep's rating: 1535 &rarr; <strong>1550<\/strong><br \/>(+15 for winning)\n|l|\u2606MurderousMantyke\n||Ladder isn't responding, score probably updated but might not have (Request timeout).\n","uploadtime":1666545005,"views":18,"p1id":"murderousmantyke","p2id":"hadsweep","formatid":"gen8bdspou","rating":1433,"private":0,"password":null}