{"id":"gen8monotype-1571702206","p1":"Meister Siegfried","p2":"xSkelly34","format":"gen8monotype","log":"|j|\u2606Meister Siegfried\n|j|\u2606xSkelly34\n|inactive|Battle timer is ON: inactive players will automatically lose when time's up.\n|t:|1652189943\n|gametype|singles\n|player|p1|Meister Siegfried|cogita|\n|player|p2|xSkelly34|bugsy|\n|teamsize|p1|6\n|teamsize|p2|6\n|gen|8\n|tier|[Gen 8] Monotype\n|rated|Tournament battle\n|rule|Same Type Clause: Pok\u00e9mon in a team must share a type\n|rule|Sleep Clause Mod: Limit one foe put to sleep\n|rule|Species Clause: Limit one of each Pok\u00e9mon\n|rule|OHKO Clause: OHKO moves are banned\n|rule|Evasion Moves Clause: Evasion moves are banned\n|rule|Endless Battle Clause: Forcing endless battles is banned\n|rule|HP Percentage Mod: HP is shown in percentages\n|rule|Dynamax Clause: You cannot dynamax\n|clearpoke\n|poke|p1|Swampert, M|\n|poke|p1|Mantine, M|\n|poke|p1|Slowking, F|\n|poke|p1|Tapu Fini|\n|poke|p1|Toxapex, F|\n|poke|p1|Urshifu-*, M|\n|poke|p2|Froslass, F|\n|poke|p2|Mimikyu, M|\n|poke|p2|Aegislash, M|\n|poke|p2|Spectrier|\n|poke|p2|Blacephalon|\n|poke|p2|Dragapult, F|\n|teampreview\n|j|*Lady Monita \u273f\n|inactive|Meister Siegfried also wants the timer to be on.\n|\n|t:|1652189952\n|start\n|switch|p1a: Urshifu|Urshifu-Rapid-Strike, M|100\/100\n|switch|p2a: Froslass|Froslass, F|100\/100\n|turn|1\n|\n|t:|1652189957\n|move|p1a: Urshifu|U-turn|p2a: Froslass\n|-resisted|p2a: Froslass\n|-crit|p2a: Froslass\n|-damage|p2a: Froslass|73\/100\n|-start|p1a: Urshifu|Disable|U-turn|[from] ability: Cursed Body|[of] p2a: Froslass\n|\n|t:|1652189965\n|switch|p1a: Toxapex|Toxapex, F|100\/100|[from]move: U-turn\n|move|p2a: Froslass|Spikes|p1a: Toxapex\n|-sidestart|p1: Meister Siegfried|Spikes\n|\n|upkeep\n|turn|2\n|\n|t:|1652189971\n|move|p2a: Froslass|Taunt|p1a: Toxapex\n|-start|p1a: Toxapex|move: Taunt\n|move|p1a: Toxapex|Knock Off|p2a: Froslass\n|-supereffective|p2a: Froslass\n|-damage|p2a: Froslass|28\/100\n|-enditem|p2a: Froslass|Focus Sash|[from] move: Knock Off|[of] p1a: Toxapex\n|\n|upkeep\n|turn|3\n|\n|t:|1652189977\n|move|p2a: Froslass|Spikes|p1a: Toxapex\n|-sidestart|p1: Meister Siegfried|Spikes\n|move|p1a: Toxapex|Knock Off|p2a: Froslass\n|-supereffective|p2a: Froslass\n|-damage|p2a: Froslass|1\/100\n|\n|upkeep\n|turn|4\n|\n|t:|1652189982\n|switch|p1a: Mantine|Mantine, M|100\/100\n|move|p2a: Froslass|Will-O-Wisp|p1a: Mantine\n|-status|p1a: Mantine|brn\n|\n|-damage|p1a: Mantine|94\/100 brn|[from] brn\n|upkeep\n|turn|5\n|\n|t:|1652189992\n|switch|p1a: Urshifu|Urshifu-Rapid-Strike, M|100\/100\n|-damage|p1a: Urshifu|84\/100|[from] Spikes\n|move|p2a: Froslass|Taunt|p1a: Urshifu\n|-start|p1a: Urshifu|move: Taunt\n|\n|upkeep\n|turn|6\n|inactive|Meister Siegfried has 120 seconds left.\n|\n|t:|1652190037\n|move|p1a: Urshifu|Surging Strikes|p2a: Froslass\n|-crit|p2a: Froslass\n|-damage|p2a: Froslass|0 fnt\n|faint|p2a: Froslass\n|-hitcount|p2: Froslass|1\n|\n|upkeep\n|\n|t:|1652190061\n|switch|p2a: Dragapult|Dragapult, F|100\/100\n|turn|7\n|inactive|Meister Siegfried has 120 seconds left.\n|\n|t:|1652190074\n|switch|p1a: Tapu Fini|Tapu Fini|100\/100\n|-damage|p1a: Tapu Fini|84\/100|[from] Spikes\n|-fieldstart|move: Misty Terrain|[from] ability: Misty Surge|[of] p1a: Tapu Fini\n|move|p2a: Dragapult|Dragon Dance|p2a: Dragapult\n|-boost|p2a: Dragapult|atk|1\n|-boost|p2a: Dragapult|spe|1\n|\n|upkeep\n|turn|8\n|\n|t:|1652190082\n|move|p2a: Dragapult|Phantom Force||[still]\n|-prepare|p2a: Dragapult|Phantom Force\n|move|p1a: Tapu Fini|Moonblast|p2a: Dragapult|[miss]\n|-miss|p1a: Tapu Fini|p2a: Dragapult\n|\n|upkeep\n|turn|9\n|\n|t:|1652190091\n|move|p2a: Dragapult|Phantom Force|p1a: Tapu Fini|[from]lockedmove\n|-damage|p1a: Tapu Fini|18\/100\n|move|p1a: Tapu Fini|Moonblast|p2a: Dragapult\n|-supereffective|p2a: Dragapult\n|-damage|p2a: Dragapult|0 fnt\n|faint|p2a: Dragapult\n|\n|upkeep\n|\n|t:|1652190099\n|switch|p2a: Spectrier|Spectrier|100\/100\n|turn|10\n|\n|t:|1652190102\n|switch|p1a: Mantine|Mantine, M|94\/100 brn\n|move|p2a: Spectrier|Shadow Ball|p1a: Mantine\n|-damage|p1a: Mantine|61\/100 brn\n|-unboost|p1a: Mantine|spd|1\n|\n|-damage|p1a: Mantine|55\/100 brn|[from] brn\n|upkeep\n|turn|11\n|\n|t:|1652190110\n|switch|p1a: Toxapex|Toxapex, F|100\/100\n|-damage|p1a: Toxapex|84\/100|[from] Spikes\n|move|p2a: Spectrier|Shadow Ball|p1a: Toxapex\n|-damage|p1a: Toxapex|26\/100\n|-unboost|p1a: Toxapex|spd|1\n|\n|-heal|p1a: Toxapex|33\/100|[from] item: Black Sludge\n|-fieldend|Misty Terrain\n|upkeep\n|turn|12\n|\n|t:|1652190114\n|move|p2a: Spectrier|Shadow Ball|p1a: Toxapex\n|-damage|p1a: Toxapex|0 fnt\n|faint|p1a: Toxapex\n|-ability|p2a: Spectrier|Grim Neigh|boost\n|-boost|p2a: Spectrier|spa|1\n|\n|upkeep\n|\n|t:|1652190116\n|switch|p1a: Mantine|Mantine, M|55\/100 brn\n|turn|13\n|\n|t:|1652190119\n|move|p2a: Spectrier|Shadow Ball|p1a: Mantine\n|-damage|p1a: Mantine|2\/100 brn\n|move|p1a: Mantine|Roost|p1a: Mantine\n|-heal|p1a: Mantine|52\/100 brn\n|-singleturn|p1a: Mantine|move: Roost\n|\n|-damage|p1a: Mantine|45\/100 brn|[from] brn\n|upkeep\n|turn|14\n|\n|t:|1652190123\n|move|p2a: Spectrier|Shadow Ball|p1a: Mantine\n|-damage|p1a: Mantine|0 fnt\n|faint|p1a: Mantine\n|-ability|p2a: Spectrier|Grim Neigh|boost\n|-boost|p2a: Spectrier|spa|1\n|\n|upkeep\n|\n|t:|1652190126\n|switch|p1a: Urshifu|Urshifu-Rapid-Strike, M|84\/100\n|-damage|p1a: Urshifu|68\/100|[from] Spikes\n|turn|15\n|\n|t:|1652190133\n|move|p1a: Urshifu|Surging Strikes|p2a: Spectrier\n|-crit|p2a: Spectrier\n|-damage|p2a: Spectrier|65\/100\n|-crit|p2a: Spectrier\n|-damage|p2a: Spectrier|31\/100\n|-crit|p2a: Spectrier\n|-damage|p2a: Spectrier|0 fnt\n|faint|p2a: Spectrier\n|-hitcount|p2: Spectrier|3\n|\n|upkeep\n|\n|t:|1652190145\n|switch|p2a: Aegislash|Aegislash, M|100\/100\n|turn|16\n|\n|t:|1652190150\n|switch|p1a: Swampert|Swampert, M|100\/100\n|-damage|p1a: Swampert|84\/100|[from] Spikes\n|move|p2a: Aegislash|Swords Dance|p2a: Aegislash\n|-boost|p2a: Aegislash|atk|2\n|\n|-heal|p1a: Swampert|90\/100|[from] item: Leftovers\n|upkeep\n|turn|17\n|\n|t:|1652190153\n|move|p2a: Aegislash|Swords Dance|p2a: Aegislash\n|-boost|p2a: Aegislash|atk|2\n|move|p1a: Swampert|Earthquake|p2a: Aegislash\n|-supereffective|p2a: Aegislash\n|-damage|p2a: Aegislash|28\/100\n|-enditem|p2a: Aegislash|Weakness Policy\n|-boost|p2a: Aegislash|atk|2|[from] item: Weakness Policy\n|-boost|p2a: Aegislash|spa|2|[from] item: Weakness Policy\n|\n|-heal|p1a: Swampert|96\/100|[from] item: Leftovers\n|upkeep\n|turn|18\n|\n|t:|1652190158\n|move|p1a: Swampert|Protect|p1a: Swampert\n|-singleturn|p1a: Swampert|Protect\n|-formechange|p2a: Aegislash|Aegislash-Blade||[from] ability: Stance Change\n|move|p2a: Aegislash|Close Combat|p1a: Swampert\n|-activate|p1a: Swampert|move: Protect\n|\n|-heal|p1a: Swampert|100\/100|[from] item: Leftovers\n|upkeep\n|turn|19\n|\n|t:|1652190171\n|switch|p1a: Tapu Fini|Tapu Fini|18\/100\n|-damage|p1a: Tapu Fini|2\/100|[from] Spikes\n|-fieldstart|move: Misty Terrain|[from] ability: Misty Surge|[of] p1a: Tapu Fini\n|move|p2a: Aegislash|Close Combat|p1a: Tapu Fini\n|-resisted|p1a: Tapu Fini\n|-damage|p1a: Tapu Fini|0 fnt\n|-unboost|p2a: Aegislash|def|1\n|-unboost|p2a: Aegislash|spd|1\n|faint|p1a: Tapu Fini\n|\n|upkeep\n|\n|t:|1652190174\n|switch|p1a: Urshifu|Urshifu-Rapid-Strike, M|68\/100\n|-damage|p1a: Urshifu|51\/100|[from] Spikes\n|turn|20\n|\n|t:|1652190178\n|move|p1a: Urshifu|Aqua Jet|p2a: Aegislash\n|-damage|p2a: Aegislash|0 fnt\n|faint|p2a: Aegislash\n|\n|upkeep\n|\n|t:|1652190180\n|switch|p2a: Mimikyu|Mimikyu, M|100\/100\n|turn|21\n|\n|t:|1652190185\n|switch|p1a: Swampert|Swampert, M|100\/100\n|-damage|p1a: Swampert|84\/100|[from] Spikes\n|move|p2a: Mimikyu|Swords Dance|p2a: Mimikyu\n|-boost|p2a: Mimikyu|atk|2\n|\n|-heal|p1a: Swampert|90\/100|[from] item: Leftovers\n|upkeep\n|turn|22\n|\n|t:|1652190190\n|move|p2a: Mimikyu|Play Rough|p1a: Swampert\n|-damage|p1a: Swampert|28\/100\n|-damage|p2a: Mimikyu|91\/100|[from] item: Life Orb\n|move|p1a: Swampert|Earthquake|p2a: Mimikyu\n|-activate|p2a: Mimikyu|ability: Disguise\n|-damage|p2a: Mimikyu|91\/100\n|detailschange|p2a: Mimikyu|Mimikyu-Busted, M\n|-damage|p2a: Mimikyu|78\/100|[from] pokemon: Mimikyu-Busted\n|\n|-heal|p1a: Swampert|34\/100|[from] item: Leftovers\n|upkeep\n|turn|23\n|\n|t:|1652190197\n|move|p2a: Mimikyu|Play Rough|p1a: Swampert\n|-damage|p1a: Swampert|0 fnt\n|faint|p1a: Swampert\n|-damage|p2a: Mimikyu|68\/100|[from] item: Life Orb\n|\n|-fieldend|Misty Terrain\n|upkeep\n|\n|t:|1652190204\n|switch|p1a: Slowking|Slowking, F|100\/100\n|turn|24\n|\n|t:|1652190214\n|move|p2a: Mimikyu|Play Rough|p1a: Slowking\n|-damage|p1a: Slowking|7\/100\n|-damage|p2a: Mimikyu|58\/100|[from] item: Life Orb\n|move|p1a: Slowking|Scald|p2a: Mimikyu\n|-damage|p2a: Mimikyu|21\/100\n|\n|upkeep\n|turn|25\n|\n|t:|1652190218\n|move|p2a: Mimikyu|Shadow Sneak|p1a: Slowking\n|-supereffective|p1a: Slowking\n|-damage|p1a: Slowking|0 fnt\n|faint|p1a: Slowking\n|-damage|p2a: Mimikyu|11\/100|[from] item: Life Orb\n|\n|upkeep\n|\n|t:|1652190220\n|switch|p1a: Urshifu|Urshifu-Rapid-Strike, M|51\/100\n|-damage|p1a: Urshifu|35\/100|[from] Spikes\n|turn|26\n|\n|t:|1652190222\n|move|p1a: Urshifu|Aqua Jet|p2a: Mimikyu\n|-damage|p2a: Mimikyu|0 fnt\n|faint|p2a: Mimikyu\n|\n|upkeep\n|\n|t:|1652190224\n|switch|p2a: Blacephalon|Blacephalon|100\/100\n|turn|27\n|\n|t:|1652190227\n|move|p1a: Urshifu|Aqua Jet|p2a: Blacephalon\n|-supereffective|p2a: Blacephalon\n|-damage|p2a: Blacephalon|0 fnt\n|faint|p2a: Blacephalon\n|\n|win|Meister Siegfried\n|n|\u2606Meister Siegfried|meistersiegfried\n|n|\u2606xSkelly34|xskelly34\n|n|*Lady Monita \u273f|ladymonita\n|l|*Lady Monita \u273f\n|c|\u2606Meister Siegfried|gg\n|l|\u2606xSkelly34\n","uploadtime":1652190234,"views":8,"p1id":"meistersiegfried","p2id":"xskelly34","formatid":"gen8monotype","rating":0,"private":0,"password":null}