{"id":"gen8bdspou-1492489050","p1":"Colonel Rivai","p2":"Pipoune36","format":"gen8bdspou","log":"|html|<div class=\"broadcast-blue\"><strong>[Gen 8 BDSP] OU is currently suspecting Manaphy! For information on how to participate check out the <a href=\"https:\/\/www.smogon.com\/forums\/threads\/np-bdsp-ou-suspect-process-round-2-afterglow.3696052\/\">suspect thread<\/a>.<\/strong><\/div>\n|j|\u2606Colonel Rivai\n|j|\u2606Pipoune36\n|t:|1642331230\n|gametype|singles\n|player|p1|Colonel Rivai|266|1444\n|player|p2|Pipoune36|101|1537\n|teamsize|p1|6\n|teamsize|p2|6\n|gen|8\n|tier|[Gen 8 BDSP] OU\n|rated|\n|rule|Sleep Clause Mod: Limit one foe put to sleep\n|rule|Species Clause: Limit one of each Pok\u00e9mon\n|rule|OHKO Clause: OHKO moves are banned\n|rule|Evasion Moves Clause: Evasion moves are banned\n|rule|Endless Battle Clause: Forcing endless battles is banned\n|rule|HP Percentage Mod: HP is shown in percentages\n|clearpoke\n|poke|p1|Magmortar, F|\n|poke|p1|Togekiss, F|\n|poke|p1|Tentacruel, M|\n|poke|p1|Scizor, M|\n|poke|p1|Garchomp, F|\n|poke|p1|Weavile, F|\n|poke|p2|Rotom-Wash|\n|poke|p2|Scizor, M|\n|poke|p2|Heatran, F|\n|poke|p2|Crawdaunt, M|\n|poke|p2|Clefable, F|\n|poke|p2|Latios, M|\n|teampreview\n|inactive|Battle timer is ON: inactive players will automatically lose when time's up. (requested by Pipoune36)\n|\n|t:|1642331241\n|start\n|switch|p1a: Tentacruel|Tentacruel, M|100\/100\n|switch|p2a: Rotom|Rotom-Wash|100\/100\n|turn|1\n|\n|t:|1642331247\n|move|p2a: Rotom|Volt Switch|p1a: Tentacruel\n|-supereffective|p1a: Tentacruel\n|-damage|p1a: Tentacruel|48\/100\n|\n|t:|1642331255\n|switch|p2a: Latios|Latios, M|100\/100|[from]move: Volt Switch\n|move|p1a: Tentacruel|Knock Off|p2a: Latios\n|-supereffective|p2a: Latios\n|-damage|p2a: Latios|57\/100\n|-enditem|p2a: Latios|Choice Specs|[from] move: Knock Off|[of] p1a: Tentacruel\n|\n|-heal|p1a: Tentacruel|54\/100|[from] item: Black Sludge\n|upkeep\n|turn|2\n|\n|t:|1642331266\n|switch|p2a: Heatran|Heatran, F|100\/100\n|switch|p1a: Scizor|Scizor, M|100\/100\n|\n|upkeep\n|turn|3\n|\n|t:|1642331273\n|switch|p1a: Tentacruel|Tentacruel, M|54\/100\n|move|p2a: Heatran|Magma Storm|p1a: Tentacruel\n|-resisted|p1a: Tentacruel\n|-damage|p1a: Tentacruel|31\/100\n|-activate|p1a: Tentacruel|move: Magma Storm|[of] p2a: Heatran\n|\n|-heal|p1a: Tentacruel|37\/100|[from] item: Black Sludge\n|-damage|p1a: Tentacruel|25\/100|[from] move: Magma Storm|[partiallytrapped]\n|upkeep\n|turn|4\n|\n|t:|1642331282\n|move|p2a: Heatran|Stealth Rock|p1a: Tentacruel\n|-sidestart|p1: Colonel Rivai|move: Stealth Rock\n|move|p1a: Tentacruel|Scald|p2a: Heatran\n|-supereffective|p2a: Heatran\n|-damage|p2a: Heatran|58\/100\n|\n|-heal|p1a: Tentacruel|31\/100|[from] item: Black Sludge\n|-damage|p1a: Tentacruel|18\/100|[from] move: Magma Storm|[partiallytrapped]\n|upkeep\n|turn|5\n|\n|t:|1642331291\n|move|p2a: Heatran|Solar Beam||[still]\n|-prepare|p2a: Heatran|Solar Beam\n|-enditem|p2a: Heatran|Power Herb\n|-anim|p2a: Heatran|Solar Beam|p1a: Tentacruel\n|-damage|p1a: Tentacruel|0 fnt\n|faint|p1a: Tentacruel\n|\n|upkeep\n|\n|t:|1642331296\n|switch|p1a: Garchomp|Garchomp, F|100\/100\n|-damage|p1a: Garchomp|94\/100|[from] Stealth Rock\n|turn|6\n|\n|t:|1642331304\n|switch|p1a: Scizor|Scizor, M|100\/100\n|-damage|p1a: Scizor|88\/100|[from] Stealth Rock\n|switch|p2a: Clefable|Clefable, F|100\/100\n|\n|-heal|p1a: Scizor|94\/100|[from] item: Leftovers\n|upkeep\n|turn|7\n|\n|t:|1642331314\n|move|p1a: Scizor|Defog|p2a: Clefable\n|-unboost|p2a: Clefable|evasion|1\n|-sideend|p1: Colonel Rivai|Stealth Rock|[from] move: Defog|[of] p1a: Scizor\n|move|p2a: Clefable|Wish|p2a: Clefable\n|\n|-heal|p1a: Scizor|99\/100|[from] item: Leftovers\n|upkeep\n|turn|8\n|\n|t:|1642331320\n|switch|p2a: Heatran|Heatran, F|58\/100\n|move|p1a: Scizor|U-turn|p2a: Heatran\n|-resisted|p2a: Heatran\n|-damage|p2a: Heatran|50\/100\n|\n|t:|1642331325\n|switch|p1a: Garchomp|Garchomp, F|94\/100|[from]move: U-turn\n|\n|-heal|p2a: Heatran|100\/100|[from] move: Wish|[wisher] Clefable\n|upkeep\n|turn|9\n|\n|t:|1642331331\n|switch|p2a: Clefable|Clefable, F|100\/100\n|move|p1a: Garchomp|Stealth Rock|p2a: Clefable\n|-sidestart|p2: Pipoune36|move: Stealth Rock\n|\n|upkeep\n|turn|10\n|\n|t:|1642331339\n|switch|p1a: Magmortar|Magmortar, F|100\/100\n|move|p2a: Clefable|Wish|p2a: Clefable\n|\n|upkeep\n|turn|11\n|\n|t:|1642331344\n|switch|p1a: Weavile|Weavile, F|100\/100\n|-ability|p1a: Weavile|Pressure\n|move|p2a: Clefable|Thunder Wave|p1a: Weavile\n|-status|p1a: Weavile|par\n|\n|upkeep\n|turn|12\n|\n|t:|1642331352\n|switch|p1a: Togekiss|Togekiss, F|100\/100\n|move|p2a: Clefable|Moonblast|p1a: Togekiss\n|-damage|p1a: Togekiss|81\/100\n|\n|-heal|p1a: Togekiss|87\/100|[from] item: Leftovers\n|upkeep\n|turn|13\n|\n|t:|1642331359\n|move|p1a: Togekiss|Air Slash|p2a: Clefable\n|-damage|p2a: Clefable|74\/100\n|cant|p2a: Clefable|flinch\n|\n|-heal|p1a: Togekiss|94\/100|[from] item: Leftovers\n|-heal|p2a: Clefable|80\/100|[from] item: Leftovers\n|upkeep\n|turn|14\n|\n|t:|1642331366\n|move|p1a: Togekiss|Air Slash|p2a: Clefable\n|-damage|p2a: Clefable|54\/100\n|move|p2a: Clefable|Thunder Wave|p1a: Togekiss\n|-status|p1a: Togekiss|par\n|\n|-heal|p2a: Clefable|60\/100|[from] item: Leftovers\n|-heal|p1a: Togekiss|99\/100 par|[from] item: Leftovers\n|upkeep\n|turn|15\n|\n|t:|1642331374\n|move|p2a: Clefable|Wish|p2a: Clefable\n|cant|p1a: Togekiss|par\n|\n|-heal|p2a: Clefable|66\/100|[from] item: Leftovers\n|-heal|p1a: Togekiss|100\/100 par|[from] item: Leftovers\n|upkeep\n|turn|16\n|\n|t:|1642331380\n|move|p2a: Clefable|Moonblast|p1a: Togekiss\n|-damage|p1a: Togekiss|81\/100 par\n|move|p1a: Togekiss|Thunder Wave|p2a: Clefable\n|-status|p2a: Clefable|par\n|\n|-heal|p2a: Clefable|100\/100 par|[from] move: Wish|[wisher] Clefable\n|-heal|p1a: Togekiss|87\/100 par|[from] item: Leftovers\n|upkeep\n|turn|17\n|\n|t:|1642331389\n|move|p1a: Togekiss|Air Slash|p2a: Clefable\n|-damage|p2a: Clefable|77\/100 par\n|cant|p2a: Clefable|par\n|\n|-heal|p1a: Togekiss|93\/100 par|[from] item: Leftovers\n|-heal|p2a: Clefable|83\/100 par|[from] item: Leftovers\n|upkeep\n|turn|18\n|\n|t:|1642331396\n|move|p2a: Clefable|Protect|p2a: Clefable\n|-singleturn|p2a: Clefable|Protect\n|move|p1a: Togekiss|Air Slash|p2a: Clefable\n|-activate|p2a: Clefable|move: Protect\n|\n|-heal|p1a: Togekiss|99\/100 par|[from] item: Leftovers\n|-heal|p2a: Clefable|89\/100 par|[from] item: Leftovers\n|upkeep\n|turn|19\n|\n|t:|1642331403\n|move|p1a: Togekiss|Air Slash|p2a: Clefable\n|-damage|p2a: Clefable|65\/100 par\n|cant|p2a: Clefable|flinch\n|\n|-heal|p1a: Togekiss|100\/100 par|[from] item: Leftovers\n|-heal|p2a: Clefable|71\/100 par|[from] item: Leftovers\n|upkeep\n|turn|20\n|\n|t:|1642331410\n|move|p2a: Clefable|Protect|p2a: Clefable\n|-singleturn|p2a: Clefable|Protect\n|move|p1a: Togekiss|Flamethrower|p2a: Clefable\n|-activate|p2a: Clefable|move: Protect\n|\n|-heal|p2a: Clefable|77\/100 par|[from] item: Leftovers\n|upkeep\n|turn|21\n|\n|t:|1642331416\n|move|p1a: Togekiss|Air Slash|p2a: Clefable\n|-damage|p2a: Clefable|54\/100 par\n|cant|p2a: Clefable|flinch\n|\n|-heal|p2a: Clefable|61\/100 par|[from] item: Leftovers\n|upkeep\n|turn|22\n|\n|t:|1642331422\n|switch|p1a: Magmortar|Magmortar, F|100\/100\n|move|p2a: Clefable|Protect||[still]\n|-fail|p2a: Clefable\n|\n|-heal|p2a: Clefable|67\/100 par|[from] item: Leftovers\n|upkeep\n|turn|23\n|\n|t:|1642331428\n|cant|p2a: Clefable|par\n|move|p1a: Magmortar|Overheat|p2a: Clefable\n|-damage|p2a: Clefable|0 fnt\n|-unboost|p1a: Magmortar|spa|2\n|faint|p2a: Clefable\n|\n|upkeep\n|\n|t:|1642331437\n|switch|p2a: Heatran|Heatran, F|100\/100\n|-damage|p2a: Heatran|88\/100|[from] Stealth Rock\n|turn|24\n|\n|t:|1642331443\n|switch|p1a: Garchomp|Garchomp, F|94\/100\n|move|p2a: Heatran|Stealth Rock|p1a: Garchomp\n|-sidestart|p1: Colonel Rivai|move: Stealth Rock\n|\n|upkeep\n|turn|25\n|\n|t:|1642331451\n|switch|p2a: Rotom|Rotom-Wash|100\/100\n|-damage|p2a: Rotom|88\/100|[from] Stealth Rock\n|move|p1a: Garchomp|Earthquake|p2a: Rotom\n|-immune|p2a: Rotom|[from] ability: Levitate\n|\n|upkeep\n|turn|26\n|j| Johtomon\n|\n|t:|1642331458\n|switch|p1a: Scizor|Scizor, M|99\/100\n|-damage|p1a: Scizor|88\/100|[from] Stealth Rock\n|move|p2a: Rotom|Will-O-Wisp|p1a: Scizor\n|-status|p1a: Scizor|brn\n|\n|-heal|p1a: Scizor|94\/100 brn|[from] item: Leftovers\n|-damage|p1a: Scizor|88\/100 brn|[from] brn\n|upkeep\n|turn|27\n|\n|t:|1642331467\n|switch|p2a: Heatran|Heatran, F|88\/100\n|-damage|p2a: Heatran|76\/100|[from] Stealth Rock\n|move|p1a: Scizor|U-turn|p2a: Heatran\n|-resisted|p2a: Heatran\n|-damage|p2a: Heatran|72\/100\n|\n|t:|1642331470\n|switch|p1a: Garchomp|Garchomp, F|94\/100|[from]move: U-turn\n|-damage|p1a: Garchomp|88\/100|[from] Stealth Rock\n|\n|upkeep\n|turn|28\n|\n|t:|1642331477\n|move|p1a: Garchomp|Dragon Claw|p2a: Heatran\n|-resisted|p2a: Heatran\n|-damage|p2a: Heatran|53\/100\n|move|p2a: Heatran|Magma Storm|p1a: Garchomp\n|-resisted|p1a: Garchomp\n|-damage|p1a: Garchomp|57\/100\n|-activate|p1a: Garchomp|move: Magma Storm|[of] p2a: Heatran\n|\n|-damage|p1a: Garchomp|45\/100|[from] move: Magma Storm|[partiallytrapped]\n|upkeep\n|turn|29\n|\n|t:|1642331489\n|switch|p2a: Rotom|Rotom-Wash|88\/100\n|-damage|p2a: Rotom|76\/100|[from] Stealth Rock\n|move|p1a: Garchomp|Dragon Claw|p2a: Rotom\n|-damage|p2a: Rotom|16\/100\n|\n|-end|p1a: Garchomp|Magma Storm|[partiallytrapped]|[silent]\n|upkeep\n|turn|30\n|\n|t:|1642331496\n|move|p1a: Garchomp|Dragon Claw|p2a: Rotom\n|-damage|p2a: Rotom|0 fnt\n|faint|p2a: Rotom\n|\n|upkeep\n|\n|t:|1642331513\n|switch|p2a: Heatran|Heatran, F|53\/100\n|-damage|p2a: Heatran|40\/100|[from] Stealth Rock\n|turn|31\n|j| ufff stall\n|\n|t:|1642331525\n|switch|p1a: Weavile|Weavile, F|100\/100 par\n|-damage|p1a: Weavile|76\/100 par|[from] Stealth Rock\n|-ability|p1a: Weavile|Pressure\n|move|p2a: Heatran|Magma Storm|p1a: Weavile\n|-supereffective|p1a: Weavile\n|-damage|p1a: Weavile|0 fnt\n|faint|p1a: Weavile\n|\n|upkeep\n|\n|t:|1642331527\n|switch|p1a: Garchomp|Garchomp, F|45\/100\n|-damage|p1a: Garchomp|39\/100|[from] Stealth Rock\n|turn|32\n|\n|t:|1642331536\n|move|p1a: Garchomp|Earthquake|p2a: Heatran\n|-supereffective|p2a: Heatran\n|-damage|p2a: Heatran|0 fnt\n|faint|p2a: Heatran\n|\n|upkeep\n|\n|t:|1642331560\n|switch|p2a: Latios|Latios, M|57\/100\n|-damage|p2a: Latios|44\/100|[from] Stealth Rock\n|turn|33\n|\n|t:|1642331565\n|switch|p2a: Crawdaunt|Crawdaunt, M|100\/100\n|-damage|p2a: Crawdaunt|88\/100|[from] Stealth Rock\n|move|p1a: Garchomp|Earthquake|p2a: Crawdaunt\n|-damage|p2a: Crawdaunt|16\/100\n|\n|upkeep\n|turn|34\n|c|\u2606Pipoune36|wp\n|\n|t:|1642331574\n|move|p2a: Crawdaunt|Aqua Jet|p1a: Garchomp\n|-damage|p1a: Garchomp|3\/100\n|-damage|p2a: Crawdaunt|3\/100|[from] ability: Rough Skin|[of] p1a: Garchomp\n|-damage|p2a: Crawdaunt|0 fnt|[from] item: Life Orb\n|faint|p2a: Crawdaunt\n|move|p1a: Garchomp|Earthquake|p2: Crawdaunt|[notarget]\n|-fail|p1a: Garchomp\n|\n|upkeep\n|\n|t:|1642331582\n|switch|p2a: Scizor|Scizor, M|100\/100\n|-damage|p2a: Scizor|88\/100|[from] Stealth Rock\n|turn|35\n|\n|t:|1642331588\n|switch|p1a: Scizor|Scizor, M|88\/100 brn\n|-damage|p1a: Scizor|75\/100 brn|[from] Stealth Rock\n|move|p2a: Scizor|Swords Dance|p2a: Scizor\n|-boost|p2a: Scizor|atk|2\n|\n|-heal|p1a: Scizor|81\/100 brn|[from] item: Leftovers\n|-heal|p2a: Scizor|94\/100|[from] item: Leftovers\n|-damage|p1a: Scizor|75\/100 brn|[from] brn\n|upkeep\n|turn|36\n|\n|t:|1642331598\n|move|p1a: Scizor|Defog|p2a: Scizor\n|-unboost|p2a: Scizor|evasion|1\n|-sideend|p2: Pipoune36|Stealth Rock|[from] move: Defog|[of] p1a: Scizor\n|-sideend|p1: Colonel Rivai|Stealth Rock|[from] move: Defog|[of] p1a: Scizor\n|move|p2a: Scizor|Swords Dance|p2a: Scizor\n|-boost|p2a: Scizor|atk|2\n|\n|-heal|p1a: Scizor|81\/100 brn|[from] item: Leftovers\n|-heal|p2a: Scizor|99\/100|[from] item: Leftovers\n|-damage|p1a: Scizor|75\/100 brn|[from] brn\n|upkeep\n|turn|37\n|\n|t:|1642331607\n|move|p2a: Scizor|Bullet Punch|p1a: Scizor\n|-resisted|p1a: Scizor\n|-damage|p1a: Scizor|48\/100 brn\n|move|p1a: Scizor|U-turn|p2a: Scizor\n|-resisted|p2a: Scizor\n|-damage|p2a: Scizor|92\/100\n|\n|t:|1642331609\n|switch|p1a: Magmortar|Magmortar, F|100\/100|[from]move: U-turn\n|\n|-heal|p2a: Scizor|98\/100|[from] item: Leftovers\n|upkeep\n|turn|38\n|\n|t:|1642331621\n|move|p2a: Scizor|Bullet Punch|p1a: Magmortar\n|-resisted|p1a: Magmortar\n|-crit|p1a: Magmortar\n|-damage|p1a: Magmortar|13\/100\n|move|p1a: Magmortar|Flamethrower|p2a: Scizor\n|-supereffective|p2a: Scizor\n|-damage|p2a: Scizor|0 fnt\n|faint|p2a: Scizor\n|\n|upkeep\n|\n|t:|1642331628\n|switch|p2a: Latios|Latios, M|44\/100\n|turn|39\n|\n|t:|1642331630\n|move|p2a: Latios|Surf|p1a: Magmortar\n|-supereffective|p1a: Magmortar\n|-damage|p1a: Magmortar|0 fnt\n|faint|p1a: Magmortar\n|\n|upkeep\n|\n|t:|1642331633\n|switch|p1a: Garchomp|Garchomp, F|3\/100\n|turn|40\n|\n|t:|1642331636\n|move|p1a: Garchomp|Outrage|p2a: Latios\n|-supereffective|p2a: Latios\n|-damage|p2a: Latios|0 fnt\n|faint|p2a: Latios\n|\n|win|Colonel Rivai\n|raw|Colonel Rivai's rating: 1444 &rarr; <strong>1469<\/strong><br \/>(+25 for winning)\n|raw|Pipoune36's rating: 1537 &rarr; <strong>1512<\/strong><br \/>(-25 for losing)\n|c|\u2606Colonel Rivai|gg\n|l|\u2606Colonel Rivai\n|c|\u2606Pipoune36|gg\n|l|\u2606Pipoune36\n|l| Johtomon\n","uploadtime":1642333477,"views":18,"p1id":"colonelrivai","p2id":"pipoune36","formatid":"gen8bdspou","rating":1469,"private":0,"password":null}