{"id":"gen8ou-1141277447","p1":"R3d Pilgrim","p2":"mongwong","format":"gen8ou","log":"|j|\u2606R3d Pilgrim\n|j|\u2606mongwong\n|player|p1|R3d Pilgrim|102|1342\n|player|p2|mongwong|red|1375\n|teamsize|p1|6\n|teamsize|p2|6\n|gametype|singles\n|gen|8\n|tier|[Gen 8] OU\n|rated|\n|clearpoke\n|poke|p1|Bisharp, F|\n|poke|p1|Hatterene, F|\n|poke|p1|Darmanitan, M|\n|poke|p1|Rillaboom, F|\n|poke|p1|Urshifu-*, M|\n|poke|p1|Corsola-Galar, M|\n|poke|p2|Pelipper, F|\n|poke|p2|Kingdra, F|\n|poke|p2|Barraskewda, M|\n|poke|p2|Ferrothorn, M|\n|poke|p2|Goodra, F|\n|poke|p2|Magnezone|\n|rule|Sleep Clause Mod: Limit one foe put to sleep\n|rule|Species Clause: Limit one of each Pok\u00e9mon\n|rule|OHKO Clause: OHKO moves are banned\n|rule|Evasion Moves Clause: Evasion moves are banned\n|rule|Endless Battle Clause: Forcing endless battles is banned\n|rule|HP Percentage Mod: HP is shown in percentages\n|rule|Dynamax Clause: You cannot dynamax\n|teampreview\n|\n|start\n|switch|p1a: Corsola|Corsola-Galar, M|100\/100\n|switch|p2a: Pelipper|Pelipper, F|100\/100\n|-weather|RainDance|[from] ability: Drizzle|[of] p2a: Pelipper\n|turn|1\n|\n|move|p2a: Pelipper|U-turn|p1a: Corsola\n|-resisted|p1a: Corsola\n|-damage|p1a: Corsola|97\/100\n|\n|switch|p2a: Kingdra|Kingdra, F|100\/100|[from]move: U-turn\n|move|p1a: Corsola|Stealth Rock|p2a: Kingdra\n|-sidestart|p2: mongwong|move: Stealth Rock\n|\n|-weather|RainDance|[upkeep]\n|upkeep\n|turn|2\n|inactive|Battle timer is ON: inactive players will automatically lose when time's up. (requested by mongwong)\n|\n|move|p2a: Kingdra|Surf|p1a: Corsola\n|-damage|p1a: Corsola|55\/100\n|-start|p2a: Kingdra|Disable|Surf|[from] ability: Cursed Body|[of] p1a: Corsola\n|-damage|p2a: Kingdra|91\/100|[from] item: Life Orb\n|move|p1a: Corsola|Strength Sap|p2a: Kingdra\n|-unboost|p2a: Kingdra|atk|1\n|-heal|p1a: Corsola|100\/100\n|\n|-weather|RainDance|[upkeep]\n|upkeep\n|turn|3\n|\n|switch|p2a: Magnezone|Magnezone|100\/100\n|-damage|p2a: Magnezone|94\/100|[from] Stealth Rock\n|move|p1a: Corsola|Will-O-Wisp|p2a: Magnezone|[miss]\n|-miss|p1a: Corsola|p2a: Magnezone\n|\n|-weather|RainDance|[upkeep]\n|upkeep\n|turn|4\n|\n|move|p2a: Magnezone|Volt Switch|p1a: Corsola\n|-damage|p1a: Corsola|78\/100\n|\n|switch|p2a: Ferrothorn|Ferrothorn, M|100\/100|[from]move: Volt Switch\n|-damage|p2a: Ferrothorn|94\/100|[from] Stealth Rock\n|move|p1a: Corsola|Strength Sap|p2a: Ferrothorn\n|-unboost|p2a: Ferrothorn|atk|1\n|-heal|p1a: Corsola|100\/100\n|\n|-weather|RainDance|[upkeep]\n|-heal|p2a: Ferrothorn|100\/100|[from] item: Leftovers\n|upkeep\n|turn|5\n|\n|switch|p1a: Hatterene|Hatterene, F|100\/100\n|move|p2a: Ferrothorn|Stealth Rock|p1a: Hatterene\n|move|p1a: Hatterene|Stealth Rock||[from]Magic Bounce|[still]\n|-fail|p1a: Hatterene\n|\n|-weather|RainDance|[upkeep]\n|upkeep\n|turn|6\n|\n|switch|p1a: Urshifu|Urshifu-Rapid-Strike, M|100\/100\n|switch|p2a: Magnezone|Magnezone|94\/100\n|-damage|p2a: Magnezone|88\/100|[from] Stealth Rock\n|\n|-weather|RainDance|[upkeep]\n|upkeep\n|turn|7\n|\n|move|p1a: Urshifu|Close Combat|p2a: Magnezone\n|-supereffective|p2a: Magnezone\n|-damage|p2a: Magnezone|0 fnt\n|-unboost|p1a: Urshifu|def|1\n|-unboost|p1a: Urshifu|spd|1\n|faint|p2a: Magnezone\n|\n|-weather|RainDance|[upkeep]\n|upkeep\n|\n|switch|p2a: Kingdra|Kingdra, F|91\/100\n|-damage|p2a: Kingdra|78\/100|[from] Stealth Rock\n|turn|8\n|\n|switch|p1a: Corsola|Corsola-Galar, M|100\/100\n|move|p2a: Kingdra|Hurricane|p1a: Corsola\n|-damage|p1a: Corsola|79\/100\n|-damage|p2a: Kingdra|68\/100|[from] item: Life Orb\n|\n|-weather|none\n|upkeep\n|turn|9\n|\n|switch|p2a: Pelipper|Pelipper, F|100\/100\n|-damage|p2a: Pelipper|76\/100|[from] Stealth Rock\n|-weather|RainDance|[from] ability: Drizzle|[of] p2a: Pelipper\n|move|p1a: Corsola|Will-O-Wisp|p2a: Pelipper\n|-status|p2a: Pelipper|brn\n|\n|-weather|RainDance|[upkeep]\n|-damage|p2a: Pelipper|70\/100 brn|[from] brn\n|upkeep\n|turn|10\n|\n|move|p2a: Pelipper|Defog|p1a: Corsola\n|-unboost|p1a: Corsola|evasion|1\n|-sideend|p2: mongwong|Stealth Rock|[from] move: Defog|[of] p2a: Pelipper\n|move|p1a: Corsola|Strength Sap|p2a: Pelipper\n|-unboost|p2a: Pelipper|atk|1\n|-heal|p1a: Corsola|100\/100\n|\n|-weather|RainDance|[upkeep]\n|-damage|p2a: Pelipper|63\/100 brn|[from] brn\n|upkeep\n|turn|11\n|\n|move|p2a: Pelipper|U-turn|p1a: Corsola\n|-resisted|p1a: Corsola\n|-damage|p1a: Corsola|99\/100\n|-start|p2a: Pelipper|Disable|U-turn|[from] ability: Cursed Body|[of] p1a: Corsola\n|\n|switch|p2a: Ferrothorn|Ferrothorn, M|100\/100|[from]move: U-turn\n|move|p1a: Corsola|Stealth Rock|p2a: Ferrothorn\n|-sidestart|p2: mongwong|move: Stealth Rock\n|\n|-weather|RainDance|[upkeep]\n|upkeep\n|turn|12\n|\n|switch|p1a: Urshifu|Urshifu-Rapid-Strike, M|100\/100\n|switch|p2a: Barraskewda|Barraskewda, M|100\/100\n|-damage|p2a: Barraskewda|88\/100|[from] Stealth Rock\n|\n|-weather|RainDance|[upkeep]\n|upkeep\n|turn|13\n|\n|switch|p1a: Corsola|Corsola-Galar, M|99\/100\n|move|p2a: Barraskewda|Liquidation|p1a: Corsola\n|-damage|p1a: Corsola|27\/100\n|-unboost|p1a: Corsola|def|1\n|\n|-weather|RainDance|[upkeep]\n|upkeep\n|turn|14\n|\n|switch|p1a: Rillaboom|Rillaboom, F|100\/100\n|-fieldstart|move: Grassy Terrain|[from] ability: Grassy Surge|[of] p1a: Rillaboom\n|move|p2a: Barraskewda|Liquidation|p1a: Rillaboom\n|-resisted|p1a: Rillaboom\n|-damage|p1a: Rillaboom|46\/100\n|-unboost|p1a: Rillaboom|def|1\n|\n|-weather|RainDance|[upkeep]\n|-heal|p2a: Barraskewda|94\/100|[from] Grassy Terrain\n|-heal|p1a: Rillaboom|52\/100|[from] Grassy Terrain\n|upkeep\n|turn|15\n|\n|move|p1a: Rillaboom|Grassy Glide|p2a: Barraskewda\n|-supereffective|p2a: Barraskewda\n|-damage|p2a: Barraskewda|0 fnt\n|faint|p2a: Barraskewda\n|\n|-weather|RainDance|[upkeep]\n|-heal|p1a: Rillaboom|58\/100|[from] Grassy Terrain\n|upkeep\n|\n|switch|p2a: Kingdra|Kingdra, F|68\/100\n|-damage|p2a: Kingdra|56\/100|[from] Stealth Rock\n|turn|16\n|\n|move|p1a: Rillaboom|Grassy Glide|p2a: Kingdra\n|-damage|p2a: Kingdra|0 fnt\n|faint|p2a: Kingdra\n|\n|-weather|none\n|-heal|p1a: Rillaboom|64\/100|[from] Grassy Terrain\n|upkeep\n|-message|mongwong forfeited.\n|\n|win|R3d Pilgrim\n|l|\u2606mongwong\n|raw|R3d Pilgrim's rating: 1342 &rarr; <strong>1364<\/strong><br \/>(+22 for winning)\n|raw|mongwong's rating: 1375 &rarr; <strong>1353<\/strong><br \/>(-22 for losing)\n","uploadtime":1593350814,"views":5,"p1id":"r3dpilgrim","p2id":"mongwong","formatid":"gen8ou","rating":1353,"private":0,"password":null}