{"id":"gen8nationaldex-1185578243","p1":"Commando 55","p2":"tester116","format":"gen8nationaldex","log":"|j|\u2606Commando 55\n|j|\u2606tester116\n|t:|1599904744\n|player|p1|Commando 55|iris-gen5bw2|1584\n|player|p2|tester116|cyclist|1622\n|teamsize|p1|6\n|teamsize|p2|6\n|gametype|singles\n|gen|8\n|tier|[Gen 8] National Dex\n|rated|\n|clearpoke\n|poke|p1|Torkoal, M|\n|poke|p1|Victini|\n|poke|p1|Sceptile, M|\n|poke|p1|Blissey, F|\n|poke|p1|Skarmory, F|\n|poke|p1|Clefable, M|\n|poke|p2|Greninja, M|\n|poke|p2|Beedrill, M|\n|poke|p2|Magearna|\n|poke|p2|Kommo-o, M|\n|poke|p2|Zapdos|\n|poke|p2|Heatran, F|\n|rule|HP Percentage Mod: HP is shown in percentages\n|rule|Endless Battle Clause: Forcing endless battles is banned\n|rule|OHKO Clause: OHKO moves are banned\n|rule|Evasion Moves Clause: Evasion moves are banned\n|rule|Species Clause: Limit one of each Pok\u00e9mon\n|rule|Dynamax Clause: You cannot dynamax\n|rule|Sleep Clause Mod: Limit one foe put to sleep\n|teampreview\n|inactive|Battle timer is ON: inactive players will automatically lose when time's up. (requested by tester116)\n|\n|t:|1599904757\n|start\n|switch|p1a: Sceptile|Sceptile, M|100\/100\n|switch|p2a: Dustbringer|Heatran, F|100\/100\n|-item|p2a: Dustbringer|Air Balloon\n|turn|1\n|\n|t:|1599904762\n|detailschange|p1a: Sceptile|Sceptile-Mega, M\n|-mega|p1a: Sceptile|Sceptile|Sceptilite\n|move|p1a: Sceptile|Dragon Pulse|p2a: Dustbringer\n|-resisted|p2a: Dustbringer\n|-damage|p2a: Dustbringer|85\/100\n|-enditem|p2a: Dustbringer|Air Balloon\n|move|p2a: Dustbringer|Lava Plume|p1a: Sceptile\n|-damage|p1a: Sceptile|47\/100\n|-status|p1a: Sceptile|brn\n|\n|-damage|p1a: Sceptile|41\/100 brn|[from] brn\n|upkeep\n|turn|2\n|\n|t:|1599904774\n|move|p1a: Sceptile|Earthquake|p2a: Dustbringer\n|-supereffective|p2a: Dustbringer\n|-damage|p2a: Dustbringer|44\/100\n|move|p2a: Dustbringer|Stealth Rock|p1a: Sceptile\n|-sidestart|p1: Commando 55|move: Stealth Rock\n|\n|-damage|p1a: Sceptile|35\/100 brn|[from] brn\n|upkeep\n|turn|3\n|\n|t:|1599904780\n|switch|p2a: Elsecaller|Magearna|100\/100\n|move|p1a: Sceptile|Earthquake|p2a: Elsecaller\n|-supereffective|p2a: Elsecaller\n|-damage|p2a: Elsecaller|74\/100\n|\n|-damage|p1a: Sceptile|29\/100 brn|[from] brn\n|upkeep\n|turn|4\n|\n|t:|1599904784\n|switch|p1a: Torkoal|Torkoal, M|100\/100\n|-weather|SunnyDay|[from] ability: Drought|[of] p1a: Torkoal\n|move|p2a: Elsecaller|Shift Gear|p2a: Elsecaller\n|-boost|p2a: Elsecaller|spe|2\n|-boost|p2a: Elsecaller|atk|1\n|\n|-weather|SunnyDay|[upkeep]\n|upkeep\n|turn|5\n|\n|t:|1599904787\n|move|p2a: Elsecaller|Hidden Power|p1a: Torkoal\n|-supereffective|p1a: Torkoal\n|-damage|p1a: Torkoal|49\/100\n|move|p1a: Torkoal|Rapid Spin|p2a: Elsecaller\n|-resisted|p2a: Elsecaller\n|-damage|p2a: Elsecaller|70\/100\n|-boost|p1a: Torkoal|spe|1\n|-sideend|p1: Commando 55|Stealth Rock|[from] move: Rapid Spin|[of] p1a: Torkoal\n|\n|-weather|SunnyDay|[upkeep]\n|upkeep\n|turn|6\n|\n|t:|1599904792\n|switch|p1a: Blissey|Blissey, F|100\/100\n|move|p2a: Elsecaller|Hidden Power|p1a: Blissey\n|-damage|p1a: Blissey|93\/100\n|\n|-weather|SunnyDay|[upkeep]\n|upkeep\n|turn|7\n|\n|t:|1599904797\n|switch|p2a: Willshaper|Beedrill, M|100\/100\n|move|p1a: Blissey|Teleport|p1a: Blissey\n|\n|t:|1599904810\n|switch|p1a: Skarmory|Skarmory, F|100\/100|[from]move: Teleport\n|\n|-weather|SunnyDay|[upkeep]\n|upkeep\n|turn|8\n|\n|t:|1599904814\n|detailschange|p2a: Willshaper|Beedrill-Mega, M\n|-mega|p2a: Willshaper|Beedrill|Beedrillite\n|move|p2a: Willshaper|Knock Off|p1a: Skarmory\n|-damage|p1a: Skarmory|78\/100\n|-damage|p2a: Willshaper|84\/100|[from] item: Rocky Helmet|[of] p1a: Skarmory\n|-enditem|p1a: Skarmory|Rocky Helmet|[from] move: Knock Off|[of] p2a: Willshaper\n|move|p1a: Skarmory|Whirlwind|p2a: Willshaper\n|drag|p2a: Dustbringer|Heatran, F|44\/100\n|\n|-weather|none\n|upkeep\n|turn|9\n|\n|t:|1599904830\n|switch|p1a: Blissey|Blissey, F|93\/100\n|move|p2a: Dustbringer|Stealth Rock|p1a: Blissey\n|-sidestart|p1: Commando 55|move: Stealth Rock\n|\n|upkeep\n|turn|10\n|\n|t:|1599904834\n|move|p1a: Blissey|Thunder Wave|p2a: Dustbringer\n|-status|p2a: Dustbringer|par\n|move|p2a: Dustbringer|Roar|p1a: Blissey\n|drag|p1a: Skarmory|Skarmory, F|78\/100\n|-damage|p1a: Skarmory|65\/100|[from] Stealth Rock\n|\n|upkeep\n|turn|11\n|\n|t:|1599904841\n|switch|p1a: Blissey|Blissey, F|93\/100\n|cant|p2a: Dustbringer|par\n|\n|upkeep\n|turn|12\n|\n|t:|1599904846\n|move|p1a: Blissey|Seismic Toss|p2a: Dustbringer\n|-damage|p2a: Dustbringer|18\/100 par\n|cant|p2a: Dustbringer|par\n|\n|upkeep\n|turn|13\n|\n|t:|1599904850\n|move|p1a: Blissey|Teleport|p1a: Blissey\n|\n|t:|1599904854\n|switch|p1a: Clefable|Clefable, M|100\/100|[from]move: Teleport\n|move|p2a: Dustbringer|Roar|p1a: Clefable\n|drag|p1a: Victini|Victini|100\/100\n|-damage|p1a: Victini|76\/100|[from] Stealth Rock\n|\n|upkeep\n|turn|14\n|\n|t:|1599904864\n|move|p1a: Victini|Bolt Strike|p2a: Dustbringer\n|-damage|p2a: Dustbringer|0 fnt\n|faint|p2a: Dustbringer\n|\n|upkeep\n|\n|t:|1599904869\n|switch|p2a: Edgedancer|Greninja, M|100\/100\n|turn|15\n|\n|t:|1599904886\n|switch|p1a: Blissey|Blissey, F|93\/100\n|move|p2a: Edgedancer|U-turn|p1a: Blissey\n|-start|p2a: Edgedancer|typechange|Bug|[from] ability: Protean\n|-damage|p1a: Blissey|69\/100\n|\n|t:|1599904889\n|switch|p2a: Willshaper|Beedrill-Mega, M|84\/100|[from]move: U-turn\n|\n|upkeep\n|turn|16\n|\n|t:|1599904907\n|switch|p1a: Skarmory|Skarmory, F|65\/100\n|-damage|p1a: Skarmory|53\/100|[from] Stealth Rock\n|move|p2a: Willshaper|U-turn|p1a: Skarmory\n|-resisted|p1a: Skarmory\n|-damage|p1a: Skarmory|45\/100\n|\n|t:|1599904911\n|switch|p2a: Skybreaker|Zapdos|100\/100|[from]move: U-turn\n|\n|upkeep\n|turn|17\n|\n|t:|1599904921\n|switch|p2a: Willshaper|Beedrill-Mega, M|84\/100\n|switch|p1a: Blissey|Blissey, F|69\/100\n|\n|upkeep\n|turn|18\n|\n|t:|1599904927\n|move|p2a: Willshaper|U-turn|p1a: Blissey\n|-damage|p1a: Blissey|19\/100\n|\n|t:|1599904929\n|switch|p2a: Edgedancer|Greninja, M|100\/100|[from]move: U-turn\n|move|p1a: Blissey|Soft-Boiled|p1a: Blissey\n|-heal|p1a: Blissey|69\/100\n|\n|upkeep\n|turn|19\n|\n|t:|1599904950\n|move|p2a: Edgedancer|U-turn|p1a: Blissey\n|-start|p2a: Edgedancer|typechange|Bug|[from] ability: Protean\n|-damage|p1a: Blissey|44\/100\n|\n|t:|1599904958\n|switch|p2a: Skybreaker|Zapdos|100\/100|[from]move: U-turn\n|move|p1a: Blissey|Soft-Boiled|p1a: Blissey\n|-heal|p1a: Blissey|94\/100\n|\n|upkeep\n|turn|20\n|inactive|Commando 55 has 120 seconds left.\n|\n|t:|1599905001\n|move|p2a: Skybreaker|Discharge|p1a: Blissey\n|-damage|p1a: Blissey|82\/100\n|-status|p1a: Blissey|par\n|move|p1a: Blissey|Teleport|p1a: Blissey\n|\n|t:|1599905021\n|switch|p1a: Torkoal|Torkoal, M|49\/100|[from]move: Teleport\n|-weather|SunnyDay|[from] ability: Drought|[of] p1a: Torkoal\n|\n|-weather|SunnyDay|[upkeep]\n|upkeep\n|turn|21\n|\n|t:|1599905024\n|switch|p1a: Blissey|Blissey, F|82\/100\n|move|p2a: Skybreaker|Discharge|p1a: Blissey\n|-damage|p1a: Blissey|70\/100\n|\n|-weather|SunnyDay|[upkeep]\n|upkeep\n|turn|22\n|\n|t:|1599905028\n|switch|p2a: Willshaper|Beedrill-Mega, M|84\/100\n|move|p1a: Blissey|Teleport|p1a: Blissey\n|\n|t:|1599905035\n|switch|p1a: Skarmory|Skarmory, F|45\/100|[from]move: Teleport\n|-damage|p1a: Skarmory|33\/100|[from] Stealth Rock\n|\n|-weather|SunnyDay|[upkeep]\n|upkeep\n|turn|23\n|\n|t:|1599905044\n|move|p2a: Willshaper|U-turn|p1a: Skarmory\n|-resisted|p1a: Skarmory\n|-damage|p1a: Skarmory|25\/100\n|\n|t:|1599905047\n|switch|p2a: Stoneward|Kommo-o, M|100\/100|[from]move: U-turn\n|move|p1a: Skarmory|Roost|p1a: Skarmory\n|-heal|p1a: Skarmory|75\/100\n|-singleturn|p1a: Skarmory|move: Roost\n|\n|-weather|SunnyDay|[upkeep]\n|upkeep\n|turn|24\n|\n|t:|1599905053\n|move|p2a: Stoneward|Flamethrower|p1a: Skarmory\n|-supereffective|p1a: Skarmory\n|-damage|p1a: Skarmory|0 fnt\n|faint|p1a: Skarmory\n|\n|-weather|none\n|upkeep\n|\n|t:|1599905059\n|switch|p1a: Blissey|Blissey, F|70\/100\n|turn|25\n|\n|t:|1599905065\n|move|p2a: Stoneward|Substitute|p2a: Stoneward\n|-start|p2a: Stoneward|Substitute\n|-damage|p2a: Stoneward|76\/100\n|move|p1a: Blissey|Soft-Boiled|p1a: Blissey\n|-heal|p1a: Blissey|100\/100\n|\n|upkeep\n|turn|26\n|\n|t:|1599905069\n|move|p2a: Stoneward|Drain Punch|p1a: Blissey\n|-supereffective|p1a: Blissey\n|-damage|p1a: Blissey|50\/100\n|-heal|p2a: Stoneward|100\/100|[from] drain|[of] p1a: Blissey\n|move|p1a: Blissey|Seismic Toss|p2a: Stoneward\n|-end|p2a: Stoneward|Substitute\n|\n|upkeep\n|turn|27\n|\n|t:|1599905074\n|switch|p1a: Clefable|Clefable, M|100\/100\n|move|p2a: Stoneward|Drain Punch|p1a: Clefable\n|-resisted|p1a: Clefable\n|-damage|p1a: Clefable|90\/100\n|\n|-heal|p1a: Clefable|96\/100|[from] item: Leftovers\n|upkeep\n|turn|28\n|\n|t:|1599905081\n|switch|p2a: Elsecaller|Magearna|70\/100\n|move|p1a: Clefable|Wish|p1a: Clefable\n|\n|-heal|p1a: Clefable|100\/100|[from] item: Leftovers\n|upkeep\n|turn|29\n|\n|t:|1599905094\n|move|p2a: Elsecaller|Thunderbolt|p1a: Clefable\n|-damage|p1a: Clefable|72\/100\n|move|p1a: Clefable|Teleport|p1a: Clefable\n|\n|t:|1599905098\n|switch|p1a: Torkoal|Torkoal, M|49\/100|[from]move: Teleport\n|-weather|SunnyDay|[from] ability: Drought|[of] p1a: Torkoal\n|\n|-weather|SunnyDay|[upkeep]\n|-heal|p1a: Torkoal|100\/100|[from] move: Wish|[wisher] Clefable\n|upkeep\n|turn|30\n|\n|t:|1599905125\n|move|p2a: Elsecaller|Hidden Power|p1a: Torkoal\n|-supereffective|p1a: Torkoal\n|-damage|p1a: Torkoal|45\/100\n|move|p1a: Torkoal|Rapid Spin|p2a: Elsecaller\n|-resisted|p2a: Elsecaller\n|-damage|p2a: Elsecaller|67\/100\n|-boost|p1a: Torkoal|spe|1\n|-sideend|p1: Commando 55|Stealth Rock|[from] move: Rapid Spin|[of] p1a: Torkoal\n|\n|-weather|SunnyDay|[upkeep]\n|upkeep\n|turn|31\n|\n|t:|1599905137\n|switch|p2a: Stoneward|Kommo-o, M|100\/100\n|switch|p1a: Blissey|Blissey, F|50\/100\n|\n|-weather|SunnyDay|[upkeep]\n|upkeep\n|turn|32\n|\n|t:|1599905139\n|switch|p1a: Clefable|Clefable, M|72\/100\n|move|p2a: Stoneward|Drain Punch|p1a: Clefable\n|-resisted|p1a: Clefable\n|-damage|p1a: Clefable|62\/100\n|\n|-weather|SunnyDay|[upkeep]\n|-heal|p1a: Clefable|69\/100|[from] item: Leftovers\n|upkeep\n|turn|33\n|\n|t:|1599905142\n|move|p2a: Stoneward|Flamethrower|p1a: Clefable\n|-damage|p1a: Clefable|29\/100\n|move|p1a: Clefable|Wish|p1a: Clefable\n|\n|-weather|none\n|-heal|p1a: Clefable|35\/100|[from] item: Leftovers\n|upkeep\n|turn|34\n|\n|t:|1599905150\n|switch|p2a: Willshaper|Beedrill-Mega, M|84\/100\n|move|p1a: Clefable|Moonblast|p2a: Willshaper\n|-resisted|p2a: Willshaper\n|-damage|p2a: Willshaper|61\/100\n|\n|-heal|p1a: Clefable|85\/100|[from] move: Wish|[wisher] Clefable\n|-heal|p1a: Clefable|91\/100|[from] item: Leftovers\n|upkeep\n|turn|35\n|inactive|Commando 55 has 120 seconds left.\n|\n|t:|1599905187\n|move|p1a: Clefable|Protect|p1a: Clefable\n|-singleturn|p1a: Clefable|Protect\n|move|p2a: Willshaper|Poison Jab|p1a: Clefable\n|-activate|p1a: Clefable|move: Protect\n|\n|-heal|p1a: Clefable|97\/100|[from] item: Leftovers\n|upkeep\n|turn|36\n|inactive|Commando 55 has 120 seconds left.\n|\n|t:|1599905196\n|switch|p1a: Sceptile|Sceptile-Mega, M|29\/100 brn\n|move|p2a: Willshaper|Knock Off|p1a: Sceptile\n|-damage|p1a: Sceptile|0 fnt\n|faint|p1a: Sceptile\n|\n|upkeep\n|inactive|Commando 55 has 120 seconds left.\n|\n|t:|1599905215\n|switch|p1a: Torkoal|Torkoal, M|45\/100\n|-weather|SunnyDay|[from] ability: Drought|[of] p1a: Torkoal\n|turn|37\n|\n|t:|1599905222\n|move|p2a: Willshaper|U-turn|p1a: Torkoal\n|-resisted|p1a: Torkoal\n|-damage|p1a: Torkoal|30\/100\n|\n|t:|1599905229\n|switch|p2a: Edgedancer|Greninja, M|100\/100|[from]move: U-turn\n|move|p1a: Torkoal|Stealth Rock|p2a: Edgedancer\n|-sidestart|p2: tester116|move: Stealth Rock\n|\n|-weather|SunnyDay|[upkeep]\n|upkeep\n|turn|38\n|\n|t:|1599905238\n|move|p2a: Edgedancer|U-turn|p1a: Torkoal\n|-start|p2a: Edgedancer|typechange|Bug|[from] ability: Protean\n|-resisted|p1a: Torkoal\n|-damage|p1a: Torkoal|23\/100\n|\n|t:|1599905245\n|switch|p2a: Elsecaller|Magearna|67\/100|[from]move: U-turn\n|-damage|p2a: Elsecaller|61\/100|[from] Stealth Rock\n|move|p1a: Torkoal|Toxic|p2a: Elsecaller\n|-immune|p2a: Elsecaller\n|\n|-weather|SunnyDay|[upkeep]\n|upkeep\n|turn|39\n|\n|t:|1599905259\n|switch|p2a: Skybreaker|Zapdos|100\/100\n|switch|p1a: Blissey|Blissey, F|50\/100\n|\n|-weather|SunnyDay|[upkeep]\n|upkeep\n|turn|40\n|\n|t:|1599905262\n|move|p2a: Skybreaker|Defog|p1a: Blissey\n|-unboost|p1a: Blissey|evasion|1\n|-sideend|p2: tester116|Stealth Rock|[from] move: Defog|[of] p2a: Skybreaker\n|move|p1a: Blissey|Soft-Boiled|p1a: Blissey\n|-heal|p1a: Blissey|99\/100\n|\n|-weather|SunnyDay|[upkeep]\n|upkeep\n|turn|41\n|\n|t:|1599905267\n|move|p2a: Skybreaker|Discharge|p1a: Blissey\n|-damage|p1a: Blissey|87\/100\n|move|p1a: Blissey|Teleport|p1a: Blissey\n|\n|t:|1599905270\n|switch|p1a: Clefable|Clefable, M|97\/100|[from]move: Teleport\n|\n|-weather|none\n|-heal|p1a: Clefable|100\/100|[from] item: Leftovers\n|upkeep\n|turn|42\n|\n|t:|1599905274\n|switch|p1a: Blissey|Blissey, F|87\/100\n|move|p2a: Skybreaker|Discharge|p1a: Blissey\n|-damage|p1a: Blissey|75\/100\n|\n|upkeep\n|turn|43\n|\n|t:|1599905280\n|move|p2a: Skybreaker|Discharge|p1a: Blissey\n|-damage|p1a: Blissey|63\/100\n|-status|p1a: Blissey|par\n|move|p1a: Blissey|Teleport|p1a: Blissey\n|\n|t:|1599905282\n|-curestatus|p1a: Blissey|par|[from] ability: Natural Cure\n|switch|p1a: Torkoal|Torkoal, M|23\/100|[from]move: Teleport\n|-weather|SunnyDay|[from] ability: Drought|[of] p1a: Torkoal\n|\n|-weather|SunnyDay|[upkeep]\n|upkeep\n|turn|44\n|\n|t:|1599905285\n|switch|p1a: Blissey|Blissey, F|63\/100\n|move|p2a: Skybreaker|Discharge|p1a: Blissey\n|-damage|p1a: Blissey|50\/100\n|\n|-weather|SunnyDay|[upkeep]\n|upkeep\n|turn|45\n|\n|t:|1599905288\n|switch|p2a: Willshaper|Beedrill-Mega, M|61\/100\n|move|p1a: Blissey|Soft-Boiled|p1a: Blissey\n|-heal|p1a: Blissey|99\/100\n|\n|-weather|SunnyDay|[upkeep]\n|upkeep\n|turn|46\n|\n|t:|1599905302\n|move|p2a: Willshaper|U-turn|p1a: Blissey\n|-damage|p1a: Blissey|57\/100\n|\n|t:|1599905307\n|switch|p2a: Skybreaker|Zapdos|100\/100|[from]move: U-turn\n|move|p1a: Blissey|Thunder Wave|p2a: Skybreaker\n|-immune|p2a: Skybreaker\n|\n|-weather|SunnyDay|[upkeep]\n|upkeep\n|turn|47\n|\n|t:|1599905312\n|move|p2a: Skybreaker|Discharge|p1a: Blissey\n|-damage|p1a: Blissey|45\/100\n|move|p1a: Blissey|Soft-Boiled|p1a: Blissey\n|-heal|p1a: Blissey|95\/100\n|\n|-weather|none\n|upkeep\n|turn|48\n|\n|t:|1599905319\n|move|p2a: Skybreaker|Discharge|p1a: Blissey\n|-damage|p1a: Blissey|82\/100\n|move|p1a: Blissey|Teleport|p1a: Blissey\n|\n|t:|1599905322\n|switch|p1a: Torkoal|Torkoal, M|23\/100|[from]move: Teleport\n|-weather|SunnyDay|[from] ability: Drought|[of] p1a: Torkoal\n|\n|-weather|SunnyDay|[upkeep]\n|upkeep\n|turn|49\n|\n|t:|1599905328\n|switch|p1a: Blissey|Blissey, F|82\/100\n|move|p2a: Skybreaker|Discharge|p1a: Blissey\n|-damage|p1a: Blissey|71\/100\n|\n|-weather|SunnyDay|[upkeep]\n|upkeep\n|turn|50\n|\n|t:|1599905331\n|switch|p2a: Willshaper|Beedrill-Mega, M|61\/100\n|move|p1a: Blissey|Teleport|p1a: Blissey\n|\n|t:|1599905349\n|switch|p1a: Torkoal|Torkoal, M|23\/100|[from]move: Teleport\n|\n|-weather|SunnyDay|[upkeep]\n|upkeep\n|turn|51\n|\n|t:|1599905360\n|move|p2a: Willshaper|Drill Run|p1a: Torkoal\n|-supereffective|p1a: Torkoal\n|-damage|p1a: Torkoal|0 fnt\n|faint|p1a: Torkoal\n|\n|-weather|SunnyDay|[upkeep]\n|upkeep\n|\n|t:|1599905363\n|switch|p1a: Blissey|Blissey, F|71\/100\n|turn|52\n|\n|t:|1599905366\n|move|p2a: Willshaper|U-turn|p1a: Blissey\n|-crit|p1a: Blissey\n|-damage|p1a: Blissey|4\/100\n|\n|t:|1599905371\n|switch|p2a: Edgedancer|Greninja, M|100\/100|[from]move: U-turn\n|move|p1a: Blissey|Soft-Boiled|p1a: Blissey\n|-heal|p1a: Blissey|54\/100\n|\n|-weather|none\n|upkeep\n|turn|53\n|\n|t:|1599905375\n|move|p2a: Edgedancer|Gunk Shot|p1a: Blissey\n|-start|p2a: Edgedancer|typechange|Poison|[from] ability: Protean\n|-damage|p1a: Blissey|12\/100\n|move|p1a: Blissey|Soft-Boiled|p1a: Blissey\n|-heal|p1a: Blissey|62\/100\n|\n|upkeep\n|turn|54\n|\n|t:|1599905386\n|switch|p2a: Skybreaker|Zapdos|100\/100\n|move|p1a: Blissey|Soft-Boiled|p1a: Blissey\n|-heal|p1a: Blissey|100\/100\n|\n|upkeep\n|turn|55\n|\n|t:|1599905392\n|move|p2a: Skybreaker|Discharge|p1a: Blissey\n|-damage|p1a: Blissey|89\/100\n|move|p1a: Blissey|Teleport|p1a: Blissey\n|\n|t:|1599905393\n|switch|p1a: Clefable|Clefable, M|100\/100|[from]move: Teleport\n|\n|upkeep\n|turn|56\n|\n|t:|1599905400\n|switch|p2a: Willshaper|Beedrill-Mega, M|61\/100\n|move|p1a: Clefable|Teleport|p1a: Clefable\n|\n|t:|1599905402\n|switch|p1a: Blissey|Blissey, F|89\/100|[from]move: Teleport\n|\n|upkeep\n|turn|57\n|\n|t:|1599905406\n|move|p2a: Willshaper|Knock Off|p1a: Blissey\n|-damage|p1a: Blissey|55\/100\n|-enditem|p1a: Blissey|Heavy-Duty Boots|[from] move: Knock Off|[of] p2a: Willshaper\n|move|p1a: Blissey|Soft-Boiled|p1a: Blissey\n|-heal|p1a: Blissey|100\/100\n|\n|upkeep\n|turn|58\n|\n|t:|1599905410\n|move|p2a: Willshaper|U-turn|p1a: Blissey\n|-damage|p1a: Blissey|53\/100\n|\n|t:|1599905414\n|switch|p2a: Skybreaker|Zapdos|100\/100|[from]move: U-turn\n|move|p1a: Blissey|Thunder Wave|p2a: Skybreaker\n|-immune|p2a: Skybreaker\n|\n|upkeep\n|turn|59\n|\n|t:|1599905417\n|move|p2a: Skybreaker|Discharge|p1a: Blissey\n|-damage|p1a: Blissey|40\/100\n|move|p1a: Blissey|Soft-Boiled|p1a: Blissey\n|-heal|p1a: Blissey|90\/100\n|\n|upkeep\n|turn|60\n|c|\u2606tester116|I won't choke\n|inactive|Commando 55 has 120 seconds left.\n|inactive|Commando 55 has 90 seconds left.\n|\n|t:|1599905498\n|move|p2a: Skybreaker|Discharge|p1a: Blissey\n|-damage|p1a: Blissey|77\/100\n|move|p1a: Blissey|Teleport|p1a: Blissey\n|\n|t:|1599905500\n|switch|p1a: Victini|Victini|76\/100|[from]move: Teleport\n|\n|upkeep\n|turn|61\n|\n|t:|1599905510\n|move|p1a: Victini|V-create|p2a: Skybreaker\n|-damage|p2a: Skybreaker|10\/100\n|-unboost|p1a: Victini|spe|1\n|-unboost|p1a: Victini|def|1\n|-unboost|p1a: Victini|spd|1\n|-status|p1a: Victini|par|[from] ability: Static|[of] p2a: Skybreaker\n|move|p2a: Skybreaker|Discharge|p1a: Victini\n|-damage|p1a: Victini|26\/100 par\n|\n|upkeep\n|turn|62\n|\n|t:|1599905519\n|move|p2a: Skybreaker|Discharge|p1a: Victini\n|-damage|p1a: Victini|0 fnt\n|faint|p1a: Victini\n|\n|upkeep\n|-message|Commando 55 forfeited.\n|\n|win|tester116\n|l|\u2606Commando 55\n|raw|Commando 55's rating: 1584 &rarr; <strong>1566<\/strong><br \/>(-18 for losing)\n|raw|tester116's rating: 1622 &rarr; <strong>1640<\/strong><br \/>(+18 for winning)\n","uploadtime":1599905535,"views":11,"p1id":"commando55","p2id":"tester116","formatid":"gen8nationaldex","rating":1566,"private":0,"password":null}