{"id":"gen8ou-1325479163","p1":"OUTKEnnioMorricone","p2":"hauntersnightmare","format":"gen8ou","log":"|html|<div class=\"broadcast-blue\"><strong>[Gen 8] OU is currently suspecting Zamazenta-Crowned! For information on how to participate check out the <a href=\"https:\/\/www.smogon.com\/forums\/threads\/np-ss-ou-suspect-process-round-10-royals.3681787\/\">suspect thread<\/a>.<\/strong><\/div>\n|j|\u2606OUTKEnnioMorricone\n|j|\u2606hauntersnightmare\n|t:|1618946594\n|gametype|singles\n|player|p1|OUTKEnnioMorricone|lucas-gen4pt|1567\n|player|p2|hauntersnightmare|266|1639\n|teamsize|p1|6\n|teamsize|p2|6\n|gen|8\n|tier|[Gen 8] OU\n|rated|\n|clearpoke\n|poke|p1|Shedinja|\n|poke|p1|Blissey, F|\n|poke|p1|Toxapex, F|\n|poke|p1|Skarmory, M|\n|poke|p1|Dragonite, F|\n|poke|p1|Quagsire, M|\n|poke|p2|Zamazenta-Crowned|\n|poke|p2|Kartana|\n|poke|p2|Heatran, F|\n|poke|p2|Landorus-Therian, M|\n|poke|p2|Slowbro, F|\n|poke|p2|Dragapult, F|\n|rule|Sleep Clause Mod: Limit one foe put to sleep\n|rule|Species Clause: Limit one of each Pok\u00e9mon\n|rule|OHKO Clause: OHKO moves are banned\n|rule|Evasion Moves Clause: Evasion moves are banned\n|rule|Endless Battle Clause: Forcing endless battles is banned\n|rule|HP Percentage Mod: HP is shown in percentages\n|rule|Dynamax Clause: You cannot dynamax\n|teampreview\n|\n|t:|1618946620\n|start\n|switch|p1a: Toxapex|Toxapex, F|100\/100\n|switch|p2a: Landorus|Landorus-Therian, M|100\/100\n|-ability|p2a: Landorus|Intimidate|boost\n|-unboost|p1a: Toxapex|atk|1\n|turn|1\n|inactive|Battle timer is ON: inactive players will automatically lose when time's up. (requested by OUTKEnnioMorricone)\n|\n|t:|1618946623\n|switch|p1a: Skarmory|Skarmory, M|100\/100\n|move|p2a: Landorus|Earthquake|p1a: Skarmory\n|-immune|p1a: Skarmory\n|\n|upkeep\n|turn|2\n|\n|t:|1618946628\n|switch|p2a: Heatran|Heatran, F, shiny|100\/100\n|move|p1a: Skarmory|Spikes|p2a: Heatran\n|-sidestart|p2: hauntersnightmare|Spikes\n|\n|upkeep\n|turn|3\n|\n|t:|1618946635\n|switch|p1a: Gondolette|Dragonite, F|100\/100\n|move|p2a: Heatran|Toxic|p1a: Gondolette\n|-status|p1a: Gondolette|tox\n|\n|-damage|p1a: Gondolette|94\/100 tox|[from] psn\n|upkeep\n|turn|4\n|\n|t:|1618946639\n|switch|p2a: Slowbro|Slowbro, F, shiny|100\/100\n|move|p1a: Gondolette|Earthquake|p2a: Slowbro\n|-damage|p2a: Slowbro|81\/100\n|\n|-damage|p1a: Gondolette|82\/100 tox|[from] psn\n|upkeep\n|turn|5\n|\n|t:|1618946644\n|switch|p1a: Blissey|Blissey, F|100\/100\n|move|p2a: Slowbro|Teleport|p2a: Slowbro\n|\n|t:|1618946646\n|switch|p2a: Landorus|Landorus-Therian, M|100\/100|[from]move: Teleport\n|-ability|p2a: Landorus|Intimidate|boost\n|-unboost|p1a: Blissey|atk|1\n|\n|upkeep\n|turn|6\n|\n|t:|1618946652\n|switch|p1a: Skarmory|Skarmory, M|100\/100\n|move|p2a: Landorus|Stealth Rock|p1a: Skarmory\n|-sidestart|p1: OUTKEnnioMorricone|move: Stealth Rock\n|\n|upkeep\n|turn|7\n|\n|t:|1618946655\n|switch|p2a: Heatran|Heatran, F, shiny|100\/100\n|-damage|p2a: Heatran|88\/100|[from] Spikes\n|move|p1a: Skarmory|Spikes|p2a: Heatran\n|-sidestart|p2: hauntersnightmare|Spikes\n|\n|-heal|p2a: Heatran|94\/100|[from] item: Leftovers\n|upkeep\n|turn|8\n|\n|t:|1618946660\n|switch|p1a: Gondolette|Dragonite, F|82\/100 tox\n|move|p2a: Heatran|Magma Storm|p1a: Gondolette\n|-resisted|p1a: Gondolette\n|-damage|p1a: Gondolette|62\/100 tox\n|-activate|p1a: Gondolette|move: Magma Storm|[of] p2a: Heatran\n|\n|-heal|p2a: Heatran|100\/100|[from] item: Leftovers\n|-damage|p1a: Gondolette|56\/100 tox|[from] psn\n|-damage|p1a: Gondolette|44\/100 tox|[from] move: Magma Storm|[partiallytrapped]\n|upkeep\n|turn|9\n|\n|t:|1618946666\n|switch|p2a: Landorus|Landorus-Therian, M|100\/100\n|-ability|p2a: Landorus|Intimidate|boost\n|-unboost|p1a: Gondolette|atk|1\n|move|p1a: Gondolette|Roost|p1a: Gondolette\n|-heal|p1a: Gondolette|94\/100 tox\n|-singleturn|p1a: Gondolette|move: Roost\n|\n|-damage|p1a: Gondolette|81\/100 tox|[from] psn\n|-end|p1a: Gondolette|Magma Storm|[partiallytrapped]|[silent]\n|upkeep\n|turn|10\n|\n|t:|1618946671\n|switch|p1a: Skarmory|Skarmory, M|100\/100\n|-damage|p1a: Skarmory|88\/100|[from] Stealth Rock\n|move|p2a: Landorus|U-turn|p1a: Skarmory\n|-resisted|p1a: Skarmory\n|-damage|p1a: Skarmory|82\/100\n|-damage|p2a: Landorus|84\/100|[from] item: Rocky Helmet|[of] p1a: Skarmory\n|\n|t:|1618946676\n|switch|p2a: Dragapult|Dragapult, F, shiny|100\/100|[from]move: U-turn\n|-damage|p2a: Dragapult|84\/100|[from] Spikes\n|\n|upkeep\n|turn|11\n|\n|t:|1618946680\n|switch|p1a: Toxapex|Toxapex, F|100\/100\n|-damage|p1a: Toxapex|88\/100|[from] Stealth Rock\n|move|p2a: Dragapult|Fire Blast|p1a: Toxapex|[miss]\n|-miss|p2a: Dragapult|p1a: Toxapex\n|\n|upkeep\n|turn|12\n|\n|t:|1618946691\n|switch|p2a: Kartana|Kartana, shiny|100\/100\n|-damage|p2a: Kartana|84\/100|[from] Spikes\n|move|p1a: Toxapex|Knock Off|p2a: Kartana\n|-damage|p2a: Kartana|70\/100\n|-enditem|p2a: Kartana|Life Orb|[from] move: Knock Off|[of] p1a: Toxapex\n|\n|upkeep\n|turn|13\n|\n|t:|1618946695\n|switch|p1a: Skarmory|Skarmory, M|82\/100\n|-damage|p1a: Skarmory|70\/100|[from] Stealth Rock\n|move|p2a: Kartana|Swords Dance|p2a: Kartana\n|-boost|p2a: Kartana|atk|2\n|\n|upkeep\n|turn|14\n|\n|t:|1618946698\n|move|p2a: Kartana|Knock Off|p1a: Skarmory\n|-damage|p1a: Skarmory|13\/100\n|-damage|p2a: Kartana|54\/100|[from] item: Rocky Helmet|[of] p1a: Skarmory\n|-enditem|p1a: Skarmory|Rocky Helmet|[from] move: Knock Off|[of] p2a: Kartana\n|move|p1a: Skarmory|Roost|p1a: Skarmory\n|-heal|p1a: Skarmory|64\/100\n|-singleturn|p1a: Skarmory|move: Roost\n|\n|upkeep\n|turn|15\n|\n|t:|1618946704\n|move|p2a: Kartana|Swords Dance|p2a: Kartana\n|-boost|p2a: Kartana|atk|2\n|move|p1a: Skarmory|Roost|p1a: Skarmory\n|-heal|p1a: Skarmory|100\/100\n|-singleturn|p1a: Skarmory|move: Roost\n|\n|upkeep\n|turn|16\n|\n|t:|1618946706\n|move|p2a: Kartana|Sacred Sword|p1a: Skarmory\n|-damage|p1a: Skarmory|25\/100\n|move|p1a: Skarmory|Body Press|p2a: Kartana\n|-supereffective|p2a: Kartana\n|-damage|p2a: Kartana|0 fnt\n|faint|p2a: Kartana\n|\n|upkeep\n|inactive|hauntersnightmare has 120 seconds left.\n|\n|t:|1618946746\n|switch|p2a: Landorus|Landorus-Therian, M|84\/100\n|-ability|p2a: Landorus|Intimidate|boost\n|-unboost|p1a: Skarmory|atk|1\n|turn|17\n|\n|t:|1618946777\n|switch|p1a: Quagsire|Quagsire, M|100\/100\n|-damage|p1a: Quagsire|94\/100|[from] Stealth Rock\n|move|p2a: Landorus|Rock Slide|p1a: Quagsire|[miss]\n|-miss|p2a: Landorus|p1a: Quagsire\n|\n|-heal|p1a: Quagsire|100\/100|[from] item: Leftovers\n|upkeep\n|turn|18\n|\n|t:|1618946782\n|switch|p2a: Slowbro|Slowbro, F, shiny|100\/100\n|move|p1a: Quagsire|Toxic|p2a: Slowbro\n|-status|p2a: Slowbro|tox\n|\n|-damage|p2a: Slowbro|94\/100 tox|[from] psn\n|upkeep\n|turn|19\n|\n|t:|1618946784\n|switch|p1a: Blissey|Blissey, F|100\/100\n|move|p2a: Slowbro|Teleport|p2a: Slowbro\n|\n|t:|1618946803\n|switch|p2a: Landorus|Landorus-Therian, M|84\/100|[from]move: Teleport\n|-ability|p2a: Landorus|Intimidate|boost\n|-unboost|p1a: Blissey|atk|1\n|\n|upkeep\n|turn|20\n|\n|t:|1618946812\n|move|p2a: Landorus|U-turn|p1a: Blissey\n|-damage|p1a: Blissey|67\/100\n|\n|t:|1618946817\n|switch|p2a: Slowbro|Slowbro, F, shiny|100\/100 tox|[from]move: U-turn\n|move|p1a: Blissey|Toxic|p2a: Slowbro\n|-fail|p2a: Slowbro|tox\n|\n|-damage|p2a: Slowbro|94\/100 tox|[from] psn\n|upkeep\n|turn|21\n|\n|t:|1618946819\n|move|p1a: Blissey|Soft-Boiled|p1a: Blissey\n|-heal|p1a: Blissey|100\/100\n|move|p2a: Slowbro|Teleport|p2a: Slowbro\n|\n|t:|1618946822\n|switch|p2a: Landorus|Landorus-Therian, M|84\/100|[from]move: Teleport\n|-ability|p2a: Landorus|Intimidate|boost\n|-unboost|p1a: Blissey|atk|1\n|\n|upkeep\n|turn|22\n|\n|t:|1618946825\n|move|p2a: Landorus|U-turn|p1a: Blissey\n|-damage|p1a: Blissey|69\/100\n|\n|t:|1618946828\n|switch|p2a: Slowbro|Slowbro, F, shiny|100\/100 tox|[from]move: U-turn\n|move|p1a: Blissey|Soft-Boiled|p1a: Blissey\n|-heal|p1a: Blissey|100\/100\n|\n|-damage|p2a: Slowbro|94\/100 tox|[from] psn\n|upkeep\n|turn|23\n|\n|t:|1618946830\n|move|p1a: Blissey|Stealth Rock|p2a: Slowbro\n|-sidestart|p2: hauntersnightmare|move: Stealth Rock\n|move|p2a: Slowbro|Teleport|p2a: Slowbro\n|\n|t:|1618946832\n|switch|p2a: Landorus|Landorus-Therian, M|84\/100|[from]move: Teleport\n|-damage|p2a: Landorus|72\/100|[from] Stealth Rock\n|-ability|p2a: Landorus|Intimidate|boost\n|-unboost|p1a: Blissey|atk|1\n|\n|upkeep\n|turn|24\n|\n|t:|1618946841\n|move|p2a: Landorus|Earthquake|p1a: Blissey\n|-damage|p1a: Blissey|24\/100\n|move|p1a: Blissey|Soft-Boiled|p1a: Blissey\n|-heal|p1a: Blissey|74\/100\n|\n|upkeep\n|turn|25\n|\n|t:|1618946846\n|switch|p2a: Heatran|Heatran, F, shiny|100\/100\n|-damage|p2a: Heatran|88\/100|[from] Stealth Rock\n|-damage|p2a: Heatran|71\/100|[from] Spikes\n|switch|p1a: Shedinja|Shedinja|100\/100\n|\n|-heal|p2a: Heatran|78\/100|[from] item: Leftovers\n|upkeep\n|turn|26\n|\n|t:|1618946849\n|switch|p1a: Gondolette|Dragonite, F|81\/100 tox\n|move|p2a: Heatran|Magma Storm|p1a: Gondolette|[miss]\n|-miss|p2a: Heatran|p1a: Gondolette\n|\n|-heal|p2a: Heatran|84\/100|[from] item: Leftovers\n|-damage|p1a: Gondolette|75\/100 tox|[from] psn\n|upkeep\n|turn|27\n|\n|t:|1618946856\n|move|p1a: Gondolette|Heal Bell|p1a: Gondolette\n|-activate|p1a: Gondolette|move: Heal Bell\n|-curestatus|p1a: Gondolette|tox|[msg]\n|move|p2a: Heatran|Taunt|p1a: Gondolette\n|-start|p1a: Gondolette|move: Taunt\n|\n|-heal|p2a: Heatran|90\/100|[from] item: Leftovers\n|upkeep\n|turn|28\n|\n|t:|1618946860\n|switch|p2a: Landorus|Landorus-Therian, M|72\/100\n|-damage|p2a: Landorus|59\/100|[from] Stealth Rock\n|-ability|p2a: Landorus|Intimidate|boost\n|-unboost|p1a: Gondolette|atk|1\n|move|p1a: Gondolette|Earthquake|p2a: Landorus\n|-immune|p2a: Landorus\n|\n|upkeep\n|turn|29\n|\n|t:|1618946871\n|switch|p1a: Skarmory|Skarmory, M|25\/100\n|-damage|p1a: Skarmory|12\/100|[from] Stealth Rock\n|move|p2a: Landorus|U-turn|p1a: Skarmory\n|-resisted|p1a: Skarmory\n|-damage|p1a: Skarmory|6\/100\n|\n|t:|1618946880\n|switch|p2a: Dragapult|Dragapult, F, shiny|84\/100|[from]move: U-turn\n|-damage|p2a: Dragapult|72\/100|[from] Stealth Rock\n|-damage|p2a: Dragapult|55\/100|[from] Spikes\n|\n|upkeep\n|turn|30\n|\n|t:|1618946886\n|switch|p1a: Toxapex|Toxapex, F|100\/100\n|-damage|p1a: Toxapex|88\/100|[from] Stealth Rock\n|move|p2a: Dragapult|Dragon Darts|p1a: Toxapex\n|-damage|p1a: Toxapex|70\/100\n|-anim|p2a: Dragapult|Dragon Darts|p1a: Toxapex\n|-damage|p1a: Toxapex|50\/100\n|-damage|p2a: Dragapult|46\/100|[from] item: Life Orb\n|\n|upkeep\n|turn|31\n|\n|t:|1618946894\n|move|p2a: Dragapult|Dragon Darts|p1a: Toxapex\n|-damage|p1a: Toxapex|32\/100\n|-anim|p2a: Dragapult|Dragon Darts|p1a: Toxapex\n|-damage|p1a: Toxapex|11\/100\n|-damage|p2a: Dragapult|36\/100|[from] item: Life Orb\n|move|p1a: Toxapex|Recover|p1a: Toxapex\n|-heal|p1a: Toxapex|61\/100\n|\n|upkeep\n|turn|32\n|\n|t:|1618946900\n|move|p2a: Dragapult|Shadow Ball|p1a: Toxapex\n|-damage|p1a: Toxapex|27\/100\n|-damage|p2a: Dragapult|26\/100|[from] item: Life Orb\n|move|p1a: Toxapex|Recover|p1a: Toxapex\n|-heal|p1a: Toxapex|77\/100\n|\n|upkeep\n|turn|33\n|\n|t:|1618946904\n|move|p2a: Dragapult|Shadow Ball|p1a: Toxapex\n|-damage|p1a: Toxapex|43\/100\n|-damage|p2a: Dragapult|16\/100|[from] item: Life Orb\n|move|p1a: Toxapex|Recover|p1a: Toxapex\n|-heal|p1a: Toxapex|93\/100\n|\n|upkeep\n|turn|34\n|\n|t:|1618946908\n|move|p2a: Dragapult|Dragon Darts|p1a: Toxapex\n|-damage|p1a: Toxapex|72\/100\n|-anim|p2a: Dragapult|Dragon Darts|p1a: Toxapex\n|-damage|p1a: Toxapex|53\/100\n|-damage|p2a: Dragapult|6\/100|[from] item: Life Orb\n|move|p1a: Toxapex|Recover|p1a: Toxapex\n|-heal|p1a: Toxapex|100\/100\n|\n|upkeep\n|turn|35\n|\n|t:|1618946913\n|move|p2a: Dragapult|Dragon Darts|p1a: Toxapex\n|-damage|p1a: Toxapex|81\/100\n|-anim|p2a: Dragapult|Dragon Darts|p1a: Toxapex\n|-damage|p1a: Toxapex|63\/100\n|-damage|p2a: Dragapult|0 fnt|[from] item: Life Orb\n|faint|p2a: Dragapult\n|move|p1a: Toxapex|Recover|p1a: Toxapex\n|-heal|p1a: Toxapex|100\/100\n|\n|upkeep\n|\n|t:|1618946918\n|switch|p2a: Zamazenta|Zamazenta-Crowned|100\/100\n|-damage|p2a: Zamazenta|97\/100|[from] Stealth Rock\n|-damage|p2a: Zamazenta|81\/100|[from] Spikes\n|-ability|p2a: Zamazenta|Dauntless Shield|boost\n|-boost|p2a: Zamazenta|def|1\n|turn|36\n|\n|t:|1618946925\n|switch|p1a: Shedinja|Shedinja|100\/100\n|move|p2a: Zamazenta|Howl|p2a: Zamazenta\n|-boost|p2a: Zamazenta|atk|1\n|\n|upkeep\n|turn|37\n|\n|t:|1618946928\n|move|p1a: Shedinja|Protect|p1a: Shedinja\n|-singleturn|p1a: Shedinja|Protect\n|move|p2a: Zamazenta|Crunch|p1a: Shedinja\n|-activate|p1a: Shedinja|move: Protect\n|\n|upkeep\n|turn|38\n|\n|t:|1618946938\n|switch|p1a: Quagsire|Quagsire, M|100\/100\n|-damage|p1a: Quagsire|94\/100|[from] Stealth Rock\n|move|p2a: Zamazenta|Close Combat|p1a: Quagsire\n|-damage|p1a: Quagsire|43\/100\n|-unboost|p2a: Zamazenta|def|1\n|-unboost|p2a: Zamazenta|spd|1\n|\n|-heal|p1a: Quagsire|49\/100|[from] item: Leftovers\n|upkeep\n|turn|39\n|\n|t:|1618946945\n|move|p2a: Zamazenta|Close Combat|p1a: Quagsire\n|-damage|p1a: Quagsire|0 fnt\n|-unboost|p2a: Zamazenta|def|1\n|-unboost|p2a: Zamazenta|spd|1\n|faint|p1a: Quagsire\n|\n|upkeep\n|\n|t:|1618946948\n|switch|p1a: Toxapex|Toxapex, F|100\/100\n|-damage|p1a: Toxapex|88\/100|[from] Stealth Rock\n|turn|40\n|\n|t:|1618946963\n|switch|p2a: Slowbro|Slowbro, F, shiny|100\/100 tox\n|move|p1a: Toxapex|Haze|p1a: Toxapex\n|-clearallboost\n|\n|-damage|p2a: Slowbro|94\/100 tox|[from] psn\n|upkeep\n|turn|41\n|\n|t:|1618946966\n|move|p1a: Toxapex|Knock Off|p2a: Slowbro\n|-supereffective|p2a: Slowbro\n|-damage|p2a: Slowbro|77\/100 tox\n|-enditem|p2a: Slowbro|Heavy-Duty Boots|[from] move: Knock Off|[of] p1a: Toxapex\n|move|p2a: Slowbro|Teleport|p2a: Slowbro\n|inactive|hauntersnightmare has 120 seconds left.\n|\n|t:|1618947020\n|switch|p2a: Landorus|Landorus-Therian, M|59\/100|[from]move: Teleport\n|-damage|p2a: Landorus|47\/100|[from] Stealth Rock\n|-ability|p2a: Landorus|Intimidate|boost\n|-unboost|p1a: Toxapex|atk|1\n|\n|upkeep\n|turn|42\n|\n|t:|1618947023\n|switch|p1a: Skarmory|Skarmory, M|6\/100\n|-damage|p1a: Skarmory|0 fnt|[from] Stealth Rock\n|faint|p1a: Skarmory\n|move|p2a: Landorus|Rock Slide|p1: Skarmory|[notarget]\n|-fail|p2a: Landorus\n|\n|upkeep\n|\n|t:|1618947030\n|switch|p1a: Blissey|Blissey, F|74\/100\n|turn|43\n|inactive|hauntersnightmare has 120 seconds left.\n|\n|t:|1618947043\n|switch|p2a: Slowbro|Slowbro, F, shiny|100\/100 tox\n|-damage|p2a: Slowbro|88\/100 tox|[from] Stealth Rock\n|-damage|p2a: Slowbro|72\/100 tox|[from] Spikes\n|move|p1a: Blissey|Soft-Boiled|p1a: Blissey\n|-heal|p1a: Blissey|100\/100\n|\n|-damage|p2a: Slowbro|65\/100 tox|[from] psn\n|upkeep\n|turn|44\n|\n|t:|1618947046\n|move|p1a: Blissey|Seismic Toss|p2a: Slowbro\n|-damage|p2a: Slowbro|40\/100 tox\n|move|p2a: Slowbro|Toxic|p1a: Blissey\n|-status|p1a: Blissey|tox\n|\n|-damage|p1a: Blissey|94\/100 tox|[from] psn\n|-damage|p2a: Slowbro|28\/100 tox|[from] psn\n|upkeep\n|turn|45\n|\n|t:|1618947060\n|switch|p1a: Shedinja|Shedinja|100\/100\n|move|p2a: Slowbro|Slack Off|p2a: Slowbro\n|-heal|p2a: Slowbro|78\/100 tox\n|\n|-damage|p2a: Slowbro|60\/100 tox|[from] psn\n|upkeep\n|turn|46\n|\n|t:|1618947067\n|move|p1a: Shedinja|Protect|p1a: Shedinja\n|-singleturn|p1a: Shedinja|Protect\n|move|p2a: Slowbro|Teleport|p2a: Slowbro\n|\n|t:|1618947072\n|switch|p2a: Heatran|Heatran, F, shiny|90\/100|[from]move: Teleport\n|-damage|p2a: Heatran|78\/100|[from] Stealth Rock\n|-damage|p2a: Heatran|61\/100|[from] Spikes\n|\n|-heal|p2a: Heatran|67\/100|[from] item: Leftovers\n|upkeep\n|turn|47\n|\n|t:|1618947075\n|switch|p1a: Gondolette|Dragonite, F|75\/100\n|move|p2a: Heatran|Toxic|p1a: Gondolette\n|-status|p1a: Gondolette|tox\n|\n|-heal|p2a: Heatran|74\/100|[from] item: Leftovers\n|-damage|p1a: Gondolette|69\/100 tox|[from] psn\n|upkeep\n|turn|48\n|\n|t:|1618947082\n|switch|p2a: Landorus|Landorus-Therian, M|47\/100\n|-damage|p2a: Landorus|35\/100|[from] Stealth Rock\n|-ability|p2a: Landorus|Intimidate|boost\n|-unboost|p1a: Gondolette|atk|1\n|move|p1a: Gondolette|Roost|p1a: Gondolette\n|-heal|p1a: Gondolette|100\/100 tox\n|-singleturn|p1a: Gondolette|move: Roost\n|\n|-damage|p1a: Gondolette|88\/100 tox|[from] psn\n|upkeep\n|turn|49\n|\n|t:|1618947089\n|switch|p1a: Blissey|Blissey, F|94\/100\n|move|p2a: Landorus|Rock Slide|p1a: Blissey\n|-damage|p1a: Blissey|58\/100\n|\n|upkeep\n|turn|50\n|\n|t:|1618947093\n|move|p2a: Landorus|Rock Slide|p1a: Blissey\n|-damage|p1a: Blissey|22\/100\n|move|p1a: Blissey|Soft-Boiled|p1a: Blissey\n|-heal|p1a: Blissey|72\/100\n|\n|upkeep\n|turn|51\n|inactive|OUTKEnnioMorricone has 120 seconds left.\n|\n|t:|1618947131\n|switch|p1a: Toxapex|Toxapex, F|100\/100\n|-damage|p1a: Toxapex|88\/100|[from] Stealth Rock\n|move|p2a: Landorus|Rock Slide|p1a: Toxapex\n|-damage|p1a: Toxapex|58\/100\n|\n|upkeep\n|turn|52\n|inactive|OUTKEnnioMorricone has 120 seconds left.\n|inactive|hauntersnightmare has 120 seconds left.\n|inactive|hauntersnightmare has 90 seconds left.\n|inactive|hauntersnightmare has 60 seconds left.\n|inactive|hauntersnightmare has 30 seconds left.\n|\n|t:|1618947258\n|switch|p2a: Slowbro|Slowbro, F, shiny|93\/100 tox\n|-damage|p2a: Slowbro|80\/100 tox|[from] Stealth Rock\n|-damage|p2a: Slowbro|64\/100 tox|[from] Spikes\n|move|p1a: Toxapex|Recover|p1a: Toxapex\n|-heal|p1a: Toxapex|100\/100\n|\n|-damage|p2a: Slowbro|58\/100 tox|[from] psn\n|upkeep\n|turn|53\n|\n|t:|1618947263\n|switch|p1a: Blissey|Blissey, F|72\/100\n|move|p2a: Slowbro|Slack Off|p2a: Slowbro\n|-heal|p2a: Slowbro|100\/100 tox\n|\n|-damage|p2a: Slowbro|88\/100 tox|[from] psn\n|upkeep\n|turn|54\n|\n|t:|1618947267\n|move|p1a: Blissey|Soft-Boiled|p1a: Blissey\n|-heal|p1a: Blissey|100\/100\n|move|p2a: Slowbro|Teleport|p2a: Slowbro\n|\n|t:|1618947271\n|switch|p2a: Landorus|Landorus-Therian, M|35\/100|[from]move: Teleport\n|-damage|p2a: Landorus|23\/100|[from] Stealth Rock\n|-ability|p2a: Landorus|Intimidate|boost\n|-unboost|p1a: Blissey|atk|1\n|\n|upkeep\n|turn|55\n|\n|t:|1618947274\n|move|p2a: Landorus|Earthquake|p1a: Blissey\n|-damage|p1a: Blissey|26\/100\n|move|p1a: Blissey|Seismic Toss|p2a: Landorus\n|-damage|p2a: Landorus|0 fnt\n|faint|p2a: Landorus\n|\n|upkeep\n|inactive|hauntersnightmare has 60 seconds left.\n|\n|t:|1618947284\n|switch|p2a: Heatran|Heatran, F, shiny|74\/100\n|-damage|p2a: Heatran|57\/100|[from] Spikes\n|-damage|p2a: Heatran|45\/100|[from] Stealth Rock\n|turn|56\n|\n|t:|1618947287\n|switch|p1a: Gondolette|Dragonite, F|88\/100 tox\n|move|p2a: Heatran|Magma Storm|p1a: Gondolette|[miss]\n|-miss|p2a: Heatran|p1a: Gondolette\n|\n|-heal|p2a: Heatran|51\/100|[from] item: Leftovers\n|-damage|p1a: Gondolette|82\/100 tox|[from] psn\n|upkeep\n|turn|57\n|\n|t:|1618947292\n|move|p1a: Gondolette|Heal Bell|p1a: Gondolette\n|-activate|p1a: Gondolette|move: Heal Bell\n|-curestatus|p1a: Gondolette|tox|[msg]\n|move|p2a: Heatran|Taunt|p1a: Gondolette\n|-start|p1a: Gondolette|move: Taunt\n|\n|-heal|p2a: Heatran|57\/100|[from] item: Leftovers\n|upkeep\n|turn|58\n|\n|t:|1618947295\n|switch|p2a: Slowbro|Slowbro, F, shiny|100\/100 tox\n|-damage|p2a: Slowbro|88\/100 tox|[from] Stealth Rock\n|-damage|p2a: Slowbro|72\/100 tox|[from] Spikes\n|move|p1a: Gondolette|Earthquake|p2a: Slowbro\n|-damage|p2a: Slowbro|53\/100 tox\n|\n|-damage|p2a: Slowbro|46\/100 tox|[from] psn\n|upkeep\n|turn|59\n|\n|t:|1618947300\n|switch|p1a: Blissey|Blissey, F|26\/100\n|move|p2a: Slowbro|Teleport|p2a: Slowbro\n|\n|t:|1618947302\n|switch|p2a: Zamazenta|Zamazenta-Crowned|81\/100|[from]move: Teleport\n|-damage|p2a: Zamazenta|64\/100|[from] Spikes\n|-damage|p2a: Zamazenta|61\/100|[from] Stealth Rock\n|-ability|p2a: Zamazenta|Dauntless Shield|boost\n|-boost|p2a: Zamazenta|def|1\n|\n|upkeep\n|turn|60\n|\n|t:|1618947304\n|switch|p1a: Toxapex|Toxapex, F|100\/100\n|-damage|p1a: Toxapex|88\/100|[from] Stealth Rock\n|move|p2a: Zamazenta|Howl|p2a: Zamazenta\n|-boost|p2a: Zamazenta|atk|1\n|\n|upkeep\n|turn|61\n|\n|t:|1618947306\n|move|p2a: Zamazenta|Crunch|p1a: Toxapex\n|-damage|p1a: Toxapex|56\/100\n|-damage|p2a: Zamazenta|44\/100|[from] item: Rocky Helmet|[of] p1a: Toxapex\n|move|p1a: Toxapex|Haze|p1a: Toxapex\n|-clearallboost\n|\n|upkeep\n|turn|62\n|\n|t:|1618947312\n|switch|p2a: Heatran|Heatran, F, shiny|57\/100\n|-damage|p2a: Heatran|40\/100|[from] Spikes\n|-damage|p2a: Heatran|28\/100|[from] Stealth Rock\n|move|p1a: Toxapex|Recover|p1a: Toxapex\n|-heal|p1a: Toxapex|100\/100\n|\n|-heal|p2a: Heatran|34\/100|[from] item: Leftovers\n|upkeep\n|turn|63\n|-message|hauntersnightmare forfeited.\n|\n|win|OUTKEnnioMorricone\n|l|\u2606hauntersnightmare\n|raw|OUTKEnnioMorricone's rating: 1567 &rarr; <strong>1591<\/strong><br \/>(+24 for winning)\n|raw|hauntersnightmare's rating: 1639 &rarr; <strong>1615<\/strong><br \/>(-24 for losing)\n","uploadtime":1618947326,"views":12,"p1id":"outkenniomorricone","p2id":"hauntersnightmare","formatid":"gen8ou","rating":1591,"private":0,"password":null}