{"id":"gen8ou-1585674428","p1":"fishy8995","p2":"Djpablix","format":"gen8ou","log":"|j|\u2606fishy8995\n|j|\u2606Djpablix\n|t:|1653881411\n|gametype|singles\n|player|p1|fishy8995|102|1795\n|player|p2|Djpablix|veteran|1711\n|teamsize|p1|6\n|teamsize|p2|6\n|gen|8\n|tier|[Gen 8] OU\n|rated|\n|rule|Sleep Clause Mod: Limit one foe put to sleep\n|rule|Species Clause: Limit one of each Pok\u00e9mon\n|rule|OHKO Clause: OHKO moves are banned\n|rule|Evasion Moves Clause: Evasion moves are banned\n|rule|Endless Battle Clause: Forcing endless battles is banned\n|rule|HP Percentage Mod: HP is shown in percentages\n|rule|Dynamax Clause: You cannot dynamax\n|clearpoke\n|poke|p1|Hippowdon, F|\n|poke|p1|Tyranitar, F|\n|poke|p1|Excadrill, M|\n|poke|p1|Latios, M|\n|poke|p1|Toxapex, F|\n|poke|p1|Dracozolt|\n|poke|p2|Gengar, M|\n|poke|p2|Dragonite, M|\n|poke|p2|Blaziken, M|\n|poke|p2|Landorus-Therian, M|\n|poke|p2|Kartana|\n|poke|p2|Latias, F|\n|teampreview\n|\n|t:|1653881454\n|start\n|switch|p1a: Tyranitar|Tyranitar, F|100\/100\n|switch|p2a: Blaziken|Blaziken, M|100\/100\n|-weather|Sandstorm|[from] ability: Sand Stream|[of] p1a: Tyranitar\n|turn|1\n|\n|t:|1653881460\n|move|p2a: Blaziken|Swords Dance|p2a: Blaziken\n|-boost|p2a: Blaziken|atk|2\n|move|p1a: Tyranitar|Earthquake|p2a: Blaziken\n|-supereffective|p2a: Blaziken\n|-enditem|p2a: Blaziken|Focus Sash\n|-damage|p2a: Blaziken|1\/100\n|\n|-weather|Sandstorm|[upkeep]\n|-damage|p2a: Blaziken|0 fnt|[from] Sandstorm\n|faint|p2a: Blaziken\n|upkeep\n|\n|t:|1653881472\n|switch|p2a: Kartana|Kartana|100\/100\n|turn|2\n|\n|t:|1653881474\n|move|p2a: Kartana|Swords Dance|p2a: Kartana\n|-boost|p2a: Kartana|atk|2\n|move|p1a: Tyranitar|Flamethrower|p2a: Kartana\n|-supereffective|p2a: Kartana\n|-damage|p2a: Kartana|0 fnt\n|faint|p2a: Kartana\n|\n|-weather|Sandstorm|[upkeep]\n|upkeep\n|\n|t:|1653881480\n|switch|p2a: Landorus|Landorus-Therian, M|100\/100\n|-ability|p2a: Landorus|Intimidate|boost\n|-unboost|p1a: Tyranitar|atk|1\n|turn|3\n|\n|t:|1653881483\n|move|p2a: Landorus|Rock Polish|p2a: Landorus\n|-boost|p2a: Landorus|spe|2\n|move|p1a: Tyranitar|Ice Beam|p2a: Landorus\n|-supereffective|p2a: Landorus\n|-enditem|p2a: Landorus|Yache Berry|[eat]\n|-enditem|p2a: Landorus|Yache Berry|[weaken]\n|-damage|p2a: Landorus|24\/100\n|\n|-weather|Sandstorm|[upkeep]\n|upkeep\n|turn|4\n|\n|t:|1653881488\n|move|p2a: Landorus|Earthquake|p1a: Tyranitar\n|-supereffective|p1a: Tyranitar\n|-damage|p1a: Tyranitar|1\/100\n|move|p1a: Tyranitar|Ice Beam|p2a: Landorus\n|-supereffective|p2a: Landorus\n|-damage|p2a: Landorus|0 fnt\n|faint|p2a: Landorus\n|\n|-weather|Sandstorm|[upkeep]\n|upkeep\n|\n|t:|1653881494\n|switch|p2a: Gengar|Gengar, M|100\/100\n|turn|5\n|\n|t:|1653881499\n|switch|p1a: Toxapex|Toxapex, F|100\/100\n|move|p2a: Gengar|Shadow Ball|p1a: Toxapex\n|-damage|p1a: Toxapex|74\/100\n|\n|-weather|none\n|-heal|p1a: Toxapex|80\/100|[from] item: Black Sludge\n|upkeep\n|turn|6\n|\n|t:|1653881504\n|switch|p1a: Hippowdon|Hippowdon, F|100\/100\n|-weather|Sandstorm|[from] ability: Sand Stream|[of] p1a: Hippowdon\n|move|p2a: Gengar|Hypnosis|p1a: Hippowdon\n|-status|p1a: Hippowdon|slp|[from] move: Hypnosis\n|\n|-weather|Sandstorm|[upkeep]\n|-damage|p2a: Gengar|94\/100|[from] Sandstorm\n|upkeep\n|turn|7\n|\n|t:|1653881513\n|switch|p1a: Tyranitar|Tyranitar, F|1\/100\n|move|p2a: Gengar|Nasty Plot|p2a: Gengar\n|-boost|p2a: Gengar|spa|2\n|\n|-weather|Sandstorm|[upkeep]\n|-damage|p2a: Gengar|88\/100|[from] Sandstorm\n|upkeep\n|turn|8\n|\n|t:|1653881516\n|move|p2a: Gengar|Shadow Ball|p1a: Tyranitar\n|-resisted|p1a: Tyranitar\n|-damage|p1a: Tyranitar|0 fnt\n|faint|p1a: Tyranitar\n|\n|-weather|Sandstorm|[upkeep]\n|-damage|p2a: Gengar|82\/100|[from] Sandstorm\n|upkeep\n|\n|t:|1653881519\n|switch|p1a: Dracozolt|Dracozolt|100\/100\n|turn|9\n|\n|t:|1653881524\n|move|p1a: Dracozolt|Bolt Beak|p2a: Gengar\n|-damage|p2a: Gengar|0 fnt\n|-start|p1a: Dracozolt|Disable|Bolt Beak|[from] ability: Cursed Body|[of] p2a: Gengar\n|faint|p2a: Gengar\n|-damage|p1a: Dracozolt|91\/100|[from] item: Life Orb\n|\n|-weather|Sandstorm|[upkeep]\n|upkeep\n|\n|t:|1653881535\n|switch|p2a: Dragonite|Dragonite, M|100\/100\n|turn|10\n|\n|t:|1653881537\n|move|p1a: Dracozolt|Dragon Rush|p2a: Dragonite\n|-supereffective|p2a: Dragonite\n|-damage|p2a: Dragonite|39\/100\n|-enditem|p2a: Dragonite|Weakness Policy\n|-boost|p2a: Dragonite|atk|2|[from] item: Weakness Policy\n|-boost|p2a: Dragonite|spa|2|[from] item: Weakness Policy\n|-damage|p1a: Dracozolt|81\/100|[from] item: Life Orb\n|move|p2a: Dragonite|Dragon Dance|p2a: Dragonite\n|-boost|p2a: Dragonite|atk|1\n|-boost|p2a: Dragonite|spe|1\n|\n|-weather|Sandstorm|[upkeep]\n|-damage|p2a: Dragonite|32\/100|[from] Sandstorm\n|upkeep\n|turn|11\n|\n|t:|1653881545\n|move|p1a: Dracozolt|Dragon Rush|p2a: Dragonite\n|-supereffective|p2a: Dragonite\n|-damage|p2a: Dragonite|0 fnt\n|faint|p2a: Dragonite\n|-damage|p1a: Dracozolt|71\/100|[from] item: Life Orb\n|\n|-weather|Sandstorm|[upkeep]\n|upkeep\n|\n|t:|1653881548\n|switch|p2a: Latias|Latias, F|100\/100\n|turn|12\n|\n|t:|1653881550\n|move|p1a: Dracozolt|Dragon Rush|p2a: Latias\n|-supereffective|p2a: Latias\n|-damage|p2a: Latias|0 fnt\n|faint|p2a: Latias\n|-damage|p1a: Dracozolt|61\/100|[from] item: Life Orb\n|\n|win|fishy8995\n|raw|fishy8995's rating: 1795 &rarr; <strong>1810<\/strong><br \/>(+15 for winning)\n|raw|Djpablix's rating: 1711 &rarr; <strong>1696<\/strong><br \/>(-15 for losing)\n|l|\u2606Djpablix\n","uploadtime":1653881555,"views":26,"p1id":"fishy8995","p2id":"djpablix","formatid":"gen8ou","rating":1696,"private":0,"password":null}