{"id":"gen8ou-1626548440","p1":"Daevank5","p2":"LT91BB animefan","format":"gen8ou","log":"|raw|<div class=\"broadcast-blue\"><strong>This battle is required to be public due to a player having a name starting with 'lt91bb'.<\/div>\n|j|\u2606Daevank5\n|j|\u2606LT91BB animefan\n|t:|1658949024\n|gametype|singles\n|player|p1|Daevank5|169|1659\n|player|p2|LT91BB animefan|170|1751\n|teamsize|p1|6\n|teamsize|p2|6\n|gen|8\n|tier|[Gen 8] OU\n|rated|\n|rule|Sleep Clause Mod: Limit one foe put to sleep\n|rule|Species Clause: Limit one of each Pok\u00e9mon\n|rule|OHKO Clause: OHKO moves are banned\n|rule|Evasion Moves Clause: Evasion moves are banned\n|rule|Endless Battle Clause: Forcing endless battles is banned\n|rule|HP Percentage Mod: HP is shown in percentages\n|rule|Dynamax Clause: You cannot dynamax\n|clearpoke\n|poke|p1|Exploud, M|\n|poke|p1|Ribombee, F|\n|poke|p1|Zapdos-Galar|\n|poke|p1|Heatran, M|\n|poke|p1|Kartana|\n|poke|p1|Mamoswine, M|\n|poke|p2|Cresselia, F|\n|poke|p2|Clefable, M|\n|poke|p2|Quagsire, M|\n|poke|p2|Skarmory, M|\n|poke|p2|Zapdos|\n|poke|p2|Toxapex, F|\n|teampreview\n|inactive|Battle timer is ON: inactive players will automatically lose when time's up. (requested by LT91BB animefan)\n|\n|t:|1658949051\n|start\n|switch|p1a: Exploud|Exploud, M|100\/100\n|switch|p2a: Zapdos|Zapdos|100\/100\n|-ability|p2a: Zapdos|Pressure\n|turn|1\n|\n|t:|1658949060\n|move|p2a: Zapdos|Hurricane|p1a: Exploud\n|-damage|p1a: Exploud|43\/100\n|-start|p1a: Exploud|confusion\n|-activate|p1a: Exploud|confusion\n|-damage|p1a: Exploud|34\/100|[from] confusion\n|\n|upkeep\n|turn|2\n|\n|t:|1658949065\n|switch|p1a: Mamoswine|Mamoswine, M|100\/100\n|move|p2a: Zapdos|Volt Switch|p1a: Mamoswine\n|-immune|p1a: Mamoswine\n|\n|upkeep\n|turn|3\n|j| LT91BB Uxilon\n|\n|t:|1658949069\n|switch|p2a: Cresselia|Cresselia, F|100\/100\n|move|p1a: Mamoswine|Stealth Rock|p2a: Cresselia\n|-sidestart|p2: LT91BB animefan|move: Stealth Rock\n|\n|upkeep\n|turn|4\n|j| Theking2169\n|\n|t:|1658949074\n|switch|p1a: Heatran|Heatran, M|100\/100\n|-item|p1a: Heatran|Air Balloon\n|move|p2a: Cresselia|Toxic|p1a: Heatran\n|-immune|p1a: Heatran\n|\n|upkeep\n|turn|5\n|\n|t:|1658949091\n|switch|p2a: Toxapex|Toxapex, F|100\/100\n|-damage|p2a: Toxapex|88\/100|[from] Stealth Rock\n|move|p1a: Heatran|Magma Storm|p2a: Toxapex\n|-resisted|p2a: Toxapex\n|-damage|p2a: Toxapex|73\/100\n|-activate|p2a: Toxapex|move: Magma Storm|[of] p1a: Heatran\n|\n|-damage|p2a: Toxapex|61\/100|[from] move: Magma Storm|[partiallytrapped]\n|upkeep\n|turn|6\n|l| Theking2169\n|\n|t:|1658949100\n|move|p1a: Heatran|Earth Power|p2a: Toxapex\n|-supereffective|p2a: Toxapex\n|-damage|p2a: Toxapex|24\/100\n|-unboost|p2a: Toxapex|spd|1\n|move|p2a: Toxapex|Knock Off|p1a: Heatran\n|-damage|p1a: Heatran|89\/100\n|-enditem|p1a: Heatran|Air Balloon\n|\n|-damage|p2a: Toxapex|11\/100|[from] move: Magma Storm|[partiallytrapped]\n|upkeep\n|turn|7\n|j| kono sakai\n|\n|t:|1658949110\n|switch|p2a: Quagsire|Quagsire, M|100\/100\n|-damage|p2a: Quagsire|94\/100|[from] Stealth Rock\n|move|p1a: Heatran|Magma Storm|p2a: Quagsire\n|-resisted|p2a: Quagsire\n|-damage|p2a: Quagsire|69\/100\n|-activate|p2a: Quagsire|move: Magma Storm|[of] p1a: Heatran\n|\n|-heal|p2a: Quagsire|75\/100|[from] item: Leftovers\n|-damage|p2a: Quagsire|63\/100|[from] move: Magma Storm|[partiallytrapped]\n|upkeep\n|turn|8\n|j| fardin's hater\n|\n|t:|1658949137\n|move|p1a: Heatran|Taunt|p2a: Quagsire\n|-start|p2a: Quagsire|move: Taunt\n|move|p2a: Quagsire|Earthquake|p1a: Heatran\n|-supereffective|p1a: Heatran\n|-damage|p1a: Heatran|0 fnt\n|faint|p1a: Heatran\n|\n|-heal|p2a: Quagsire|69\/100|[from] item: Leftovers\n|-end|p2a: Quagsire|Magma Storm|[partiallytrapped]|[silent]\n|upkeep\n|\n|t:|1658949142\n|switch|p1a: Exploud|Exploud, M|34\/100\n|turn|9\n|\n|t:|1658949152\n|switch|p2a: Cresselia|Cresselia, F|100\/100\n|-damage|p2a: Cresselia|88\/100|[from] Stealth Rock\n|move|p1a: Exploud|Boomburst|p2a: Cresselia\n|-damage|p2a: Cresselia|41\/100\n|\n|-heal|p2a: Cresselia|47\/100|[from] item: Leftovers\n|upkeep\n|turn|10\n|\n|t:|1658949159\n|move|p2a: Cresselia|Protect|p2a: Cresselia\n|-singleturn|p2a: Cresselia|Protect\n|move|p1a: Exploud|Boomburst|p2a: Cresselia\n|-activate|p2a: Cresselia|move: Protect\n|\n|-heal|p2a: Cresselia|53\/100|[from] item: Leftovers\n|upkeep\n|turn|11\n|\n|t:|1658949162\n|move|p1a: Exploud|Boomburst|p2a: Cresselia\n|-crit|p2a: Cresselia\n|-damage|p2a: Cresselia|0 fnt\n|faint|p2a: Cresselia\n|\n|upkeep\n|\n|t:|1658949164\n|switch|p2a: Zapdos|Zapdos|100\/100\n|-ability|p2a: Zapdos|Pressure\n|turn|12\n|\n|t:|1658949167\n|switch|p1a: Mamoswine|Mamoswine, M|100\/100\n|move|p2a: Zapdos|Hurricane|p1a: Mamoswine\n|-damage|p1a: Mamoswine|38\/100\n|\n|-heal|p1a: Mamoswine|44\/100|[from] item: Leftovers\n|upkeep\n|turn|13\n|\n|t:|1658949173\n|switch|p2a: Skarmory|Skarmory, M|100\/100\n|move|p1a: Mamoswine|Icicle Crash|p2a: Skarmory|[miss]\n|-miss|p1a: Mamoswine|p2a: Skarmory\n|\n|-heal|p1a: Mamoswine|50\/100|[from] item: Leftovers\n|upkeep\n|turn|14\n|j| ClumsyClefable\n|\n|t:|1658949184\n|move|p1a: Mamoswine|Icicle Crash|p2a: Skarmory\n|-damage|p2a: Skarmory|73\/100\n|cant|p2a: Skarmory|flinch\n|\n|-heal|p1a: Mamoswine|56\/100|[from] item: Leftovers\n|upkeep\n|turn|15\n|j| Mbouchon\n|\n|t:|1658949203\n|switch|p1a: Ribombee|Ribombee, F|100\/100\n|move|p2a: Skarmory|Spikes|p1a: Ribombee\n|-sidestart|p1: Daevank5|Spikes\n|\n|upkeep\n|turn|16\n|\n|t:|1658949210\n|move|p1a: Ribombee|Stun Spore|p2a: Skarmory|[miss]\n|-miss|p1a: Ribombee|p2a: Skarmory\n|move|p2a: Skarmory|Toxic|p1a: Ribombee\n|-status|p1a: Ribombee|tox\n|\n|-damage|p1a: Ribombee|94\/100 tox|[from] psn\n|upkeep\n|turn|17\n|\n|t:|1658949217\n|switch|p2a: Zapdos|Zapdos|100\/100\n|-ability|p2a: Zapdos|Pressure\n|move|p1a: Ribombee|Tailwind|p1a: Ribombee\n|-sidestart|p1: Daevank5|move: Tailwind\n|\n|-damage|p1a: Ribombee|82\/100 tox|[from] psn\n|upkeep\n|turn|18\n|inactive|LT91BB animefan has 120 seconds left.\n|\n|t:|1658949263\n|move|p1a: Ribombee|Moonblast|p2a: Zapdos\n|-damage|p2a: Zapdos|72\/100\n|move|p2a: Zapdos|Hurricane|p1a: Ribombee\n|-supereffective|p1a: Ribombee\n|-crit|p1a: Ribombee\n|-damage|p1a: Ribombee|0 fnt\n|faint|p1a: Ribombee\n|\n|upkeep\n|\n|t:|1658949268\n|switch|p1a: Exploud|Exploud, M|34\/100\n|-damage|p1a: Exploud|22\/100|[from] Spikes\n|turn|19\n|\n|t:|1658949272\n|switch|p2a: Toxapex|Toxapex, F|45\/100\n|-damage|p2a: Toxapex|33\/100|[from] Stealth Rock\n|move|p1a: Exploud|Boomburst|p2a: Toxapex\n|-damage|p2a: Toxapex|0 fnt\n|faint|p2a: Toxapex\n|\n|upkeep\n|\n|t:|1658949274\n|switch|p2a: Quagsire|Quagsire, M|69\/100\n|-damage|p2a: Quagsire|63\/100|[from] Stealth Rock\n|turn|20\n|\n|t:|1658949277\n|move|p1a: Exploud|Boomburst|p2a: Quagsire\n|-damage|p2a: Quagsire|0 fnt\n|faint|p2a: Quagsire\n|\n|-sideend|p1: Daevank5|move: Tailwind\n|upkeep\n|\n|t:|1658949279\n|switch|p2a: Zapdos|Zapdos|72\/100\n|-ability|p2a: Zapdos|Pressure\n|turn|21\n|\n|t:|1658949293\n|switch|p1a: Zapdos|Zapdos-Galar|100\/100\n|move|p2a: Zapdos|Volt Switch|p1a: Zapdos\n|-supereffective|p1a: Zapdos\n|-damage|p1a: Zapdos|34\/100\n|\n|t:|1658949303\n|switch|p2a: Clefable|Clefable, M|100\/100|[from]move: Volt Switch\n|\n|upkeep\n|turn|22\n|\n|t:|1658949307\n|move|p1a: Zapdos|Thunderous Kick|p2a: Clefable\n|-resisted|p2a: Clefable\n|-damage|p2a: Clefable|81\/100\n|-unboost|p2a: Clefable|def|1\n|move|p2a: Clefable|Stealth Rock|p1a: Zapdos\n|-sidestart|p1: Daevank5|move: Stealth Rock\n|\n|upkeep\n|turn|23\n|\n|t:|1658949312\n|move|p1a: Zapdos|Thunderous Kick|p2a: Clefable\n|-resisted|p2a: Clefable\n|-damage|p2a: Clefable|52\/100\n|-unboost|p2a: Clefable|def|1\n|move|p2a: Clefable|Moonblast|p1a: Zapdos\n|-supereffective|p1a: Zapdos\n|-damage|p1a: Zapdos|0 fnt\n|faint|p1a: Zapdos\n|\n|upkeep\n|inactive|Daevank5 has 120 seconds left.\n|inactive|Daevank5 has 90 seconds left.\n|inactive|Daevank5 has 60 seconds left.\n|\n|t:|1658949426\n|switch|p1a: Kartana|Kartana|100\/100\n|-damage|p1a: Kartana|88\/100|[from] Spikes\n|-damage|p1a: Kartana|82\/100|[from] Stealth Rock\n|turn|24\n|\n|t:|1658949456\n|switch|p2a: Skarmory|Skarmory, M|73\/100\n|move|p1a: Kartana|Swords Dance|p1a: Kartana\n|-boost|p1a: Kartana|atk|2\n|\n|upkeep\n|turn|25\n|\n|t:|1658949461\n|move|p1a: Kartana|Knock Off|p2a: Skarmory\n|-damage|p2a: Skarmory|5\/100\n|-enditem|p2a: Skarmory|Heavy-Duty Boots|[from] move: Knock Off|[of] p1a: Kartana\n|-damage|p1a: Kartana|72\/100|[from] item: Life Orb\n|move|p2a: Skarmory|Roost|p2a: Skarmory\n|-heal|p2a: Skarmory|55\/100\n|-singleturn|p2a: Skarmory|move: Roost\n|\n|upkeep\n|turn|26\n|\n|t:|1658949465\n|move|p1a: Kartana|Sacred Sword|p2a: Skarmory\n|-damage|p2a: Skarmory|0 fnt\n|faint|p2a: Skarmory\n|-ability|p1a: Kartana|Beast Boost|boost\n|-boost|p1a: Kartana|atk|1\n|-damage|p1a: Kartana|63\/100|[from] item: Life Orb\n|\n|upkeep\n|-message|LT91BB animefan forfeited.\n|\n|win|Daevank5\n|raw|Daevank5's rating: 1659 &rarr; <strong>1685<\/strong><br \/>(+26 for winning)\n|raw|LT91BB animefan's rating: 1761 &rarr; <strong>1735<\/strong><br \/>(-26 for losing)\n|l|\u2606LT91BB animefan\n|c|\u2606Daevank5|Gg\n|l| Mbouchon\n|j| Mbouchon\n","uploadtime":1658949481,"views":123,"p1id":"daevank5","p2id":"lt91bbanimefan","formatid":"gen8ou","rating":1685,"private":0,"password":null}