{"id":"gen8doublesou-1698291721","p1":"Blacksponge","p2":"ultravapelord","format":"gen8doublesou","log":"|j|\u2606Blacksponge\n|j|\u2606ultravapelord\n|t:|1667097253\n|gametype|doubles\n|player|p1|Blacksponge|lucas|1176\n|player|p2|ultravapelord|1|1338\n|teamsize|p1|6\n|teamsize|p2|6\n|gen|8\n|tier|[Gen 8] Doubles OU\n|rated|\n|rule|Species Clause: Limit one of each Pok\u00e9mon\n|rule|OHKO Clause: OHKO moves are banned\n|rule|Evasion Moves Clause: Evasion moves are banned\n|rule|Gravity Sleep Clause: The combination of sleep-inducing moves with imperfect accuracy and Gravity or Gigantamax Orbeetle are banned\n|rule|Endless Battle Clause: Forcing endless battles is banned\n|rule|HP Percentage Mod: HP is shown in percentages\n|rule|Dynamax Clause: You cannot dynamax\n|rule|Swagger Clause: Swagger is banned\n|clearpoke\n|poke|p1|Victini|\n|poke|p1|Malamar, F|\n|poke|p1|Blastoise, M|\n|poke|p1|Whimsicott, M|\n|poke|p1|Kyurem-Black|\n|poke|p1|Mew|\n|poke|p2|Nidoking, M|\n|poke|p2|Toxtricity-Low-Key, M|\n|poke|p2|Zeraora|\n|poke|p2|Whimsicott, M|\n|poke|p2|Gastrodon, F|\n|poke|p2|Metagross|\n|teampreview\n|\n|t:|1667097266\n|start\n|switch|p1a: Mew|Mew|100\/100\n|switch|p1b: Blastoise|Blastoise, M|100\/100\n|switch|p2a: Toxtricity|Toxtricity-Low-Key, M|100\/100\n|switch|p2b: Zeraora|Zeraora|100\/100\n|turn|1\n|\n|t:|1667097291\n|switch|p1b: Whimsicott|Whimsicott, M|100\/100\n|move|p1a: Mew|Protect|p1a: Mew\n|-singleturn|p1a: Mew|Protect\n|move|p2a: Toxtricity|Protect|p2a: Toxtricity\n|-singleturn|p2a: Toxtricity|Protect\n|move|p2b: Zeraora|Fake Out|p1a: Mew\n|-activate|p1a: Mew|move: Protect\n|\n|upkeep\n|turn|2\n|\n|t:|1667097306\n|move|p1b: Whimsicott|Helping Hand|p1a: Mew\n|-singleturn|p1a: Mew|Helping Hand|[of] p1b: Whimsicott\n|move|p2b: Zeraora|Plasma Fists|p1a: Mew\n|-damage|p1a: Mew|52\/100\n|-fieldactivate|move: Ion Deluge\n|-hint|Normal-type moves become Electric-type after using Plasma Fists.\n|move|p1a: Mew|Earthquake|p2a: Toxtricity|[spread] p1b,p2a,p2b\n|-resisted|p1b: Whimsicott\n|-supereffective|p2a: Toxtricity\n|-supereffective|p2b: Zeraora\n|-damage|p1b: Whimsicott|75\/100\n|-damage|p2a: Toxtricity|0 fnt\n|-damage|p2b: Zeraora|11\/100\n|faint|p2a: Toxtricity\n|\n|upkeep\n|\n|t:|1667097330\n|switch|p2a: Whimsicott|Whimsicott, M, shiny|100\/100\n|turn|3\n|\n|t:|1667097342\n|move|p1b: Whimsicott|Tailwind|p1b: Whimsicott\n|-sidestart|p1: Blacksponge|move: Tailwind\n|move|p2a: Whimsicott|Tailwind|p2a: Whimsicott\n|-sidestart|p2: ultravapelord|move: Tailwind\n|move|p2b: Zeraora|Knock Off|p1a: Mew\n|-supereffective|p1a: Mew\n|-damage|p1a: Mew|0 fnt\n|-enditem|p1a: Mew|Normal Gem|[from] move: Knock Off|[of] p2b: Zeraora\n|faint|p1a: Mew\n|\n|upkeep\n|\n|t:|1667097353\n|switch|p1a: Kyurem|Kyurem-Black|100\/100\n|-ability|p1a: Kyurem|Teravolt\n|turn|4\n|\n|t:|1667097368\n|move|p1b: Whimsicott|Helping Hand|p1a: Kyurem\n|-singleturn|p1a: Kyurem|Helping Hand|[of] p1b: Whimsicott\n|move|p2a: Whimsicott|Taunt|p1b: Whimsicott\n|-start|p1b: Whimsicott|move: Taunt\n|move|p2b: Zeraora|Knock Off|p1a: Kyurem\n|-damage|p1a: Kyurem|79\/100\n|-enditem|p1a: Kyurem|Assault Vest|[from] move: Knock Off|[of] p2b: Zeraora\n|move|p1a: Kyurem|Icy Wind|p2b: Zeraora|[spread] p2a,p2b\n|-supereffective|p2a: Whimsicott\n|-damage|p2a: Whimsicott|34\/100\n|-damage|p2b: Zeraora|0 fnt\n|-unboost|p2a: Whimsicott|spe|1\n|faint|p2b: Zeraora\n|\n|upkeep\n|\n|t:|1667097381\n|switch|p2b: Metagross|Metagross|100\/100\n|turn|5\n|\n|t:|1667097395\n|switch|p1b: Blastoise|Blastoise, M|100\/100\n|switch|p2a: Gastrodon|Gastrodon, F|100\/100\n|move|p2b: Metagross|Bullet Punch|p1a: Kyurem\n|-supereffective|p1a: Kyurem\n|-damage|p1a: Kyurem|40\/100\n|move|p1a: Kyurem|Fusion Bolt|p2b: Metagross\n|-damage|p2b: Metagross|74\/100\n|\n|-heal|p2b: Metagross|80\/100|[from] item: Leftovers\n|upkeep\n|turn|6\n|\n|t:|1667097422\n|switch|p1a: Victini|Victini|100\/100\n|move|p1b: Blastoise|Follow Me|p1b: Blastoise\n|-singleturn|p1b: Blastoise|move: Follow Me\n|move|p2b: Metagross|Bullet Punch|p1b: Blastoise\n|-resisted|p1b: Blastoise\n|-damage|p1b: Blastoise|92\/100\n|move|p2a: Gastrodon|Icy Wind|p1b: Blastoise|[spread] p1a,p1b\n|-resisted|p1a: Victini\n|-resisted|p1b: Blastoise\n|-damage|p1a: Victini|95\/100\n|-damage|p1b: Blastoise|87\/100\n|-unboost|p1a: Victini|spe|1\n|-unboost|p1b: Blastoise|spe|1\n|\n|-heal|p2b: Metagross|86\/100|[from] item: Leftovers\n|-sideend|p2: ultravapelord|move: Tailwind\n|-sideend|p1: Blacksponge|move: Tailwind\n|upkeep\n|turn|7\n|\n|t:|1667097434\n|move|p1b: Blastoise|Follow Me|p1b: Blastoise\n|-singleturn|p1b: Blastoise|move: Follow Me\n|move|p2b: Metagross|Zen Headbutt|p1b: Blastoise\n|-damage|p1b: Blastoise|55\/100\n|move|p1a: Victini|V-create|p2b: Metagross\n|-supereffective|p2b: Metagross\n|-damage|p2b: Metagross|0 fnt\n|-unboost|p1a: Victini|spe|1\n|-unboost|p1a: Victini|def|1\n|-unboost|p1a: Victini|spd|1\n|faint|p2b: Metagross\n|move|p2a: Gastrodon|Earth Power|p1b: Blastoise\n|-crit|p1b: Blastoise\n|-damage|p1b: Blastoise|4\/100\n|-enditem|p1b: Blastoise|Sitrus Berry|[eat]\n|-heal|p1b: Blastoise|28\/100|[from] item: Sitrus Berry\n|\n|upkeep\n|\n|t:|1667097448\n|switch|p2b: Whimsicott|Whimsicott, M, shiny|34\/100\n|turn|8\n|\n|t:|1667097459\n|move|p1b: Blastoise|Follow Me|p1b: Blastoise\n|-singleturn|p1b: Blastoise|move: Follow Me\n|move|p2b: Whimsicott|Tailwind|p2b: Whimsicott\n|-sidestart|p2: ultravapelord|move: Tailwind\n|move|p2a: Gastrodon|Earth Power|p1b: Blastoise\n|-damage|p1b: Blastoise|0 fnt\n|faint|p1b: Blastoise\n|move|p1a: Victini|V-create|p2b: Whimsicott\n|-supereffective|p2b: Whimsicott\n|-damage|p2b: Whimsicott|0 fnt\n|-unboost|p1a: Victini|spe|1\n|-unboost|p1a: Victini|def|1\n|-unboost|p1a: Victini|spd|1\n|faint|p2b: Whimsicott\n|\n|upkeep\n|\n|t:|1667097468\n|switch|p2b: Nidoking|Nidoking, M|100\/100\n|switch|p1b: Malamar|Malamar, F|100\/100\n|turn|9\n|\n|t:|1667097486\n|move|p1a: Victini|Protect|p1a: Victini\n|-singleturn|p1a: Victini|Protect\n|move|p2b: Nidoking|Sludge Bomb|p1a: Victini\n|-activate|p1a: Victini|move: Protect\n|move|p2a: Gastrodon|Earth Power|p1b: Malamar\n|-damage|p1b: Malamar|51\/100\n|move|p1b: Malamar|Topsy-Turvy|p1a: Victini\n|-activate|p1a: Victini|move: Protect\n|\n|upkeep\n|turn|10\n|\n|t:|1667097516\n|switch|p1a: Whimsicott|Whimsicott, M|75\/100\n|move|p2b: Nidoking|Sludge Bomb|p1a: Whimsicott\n|-supereffective|p1a: Whimsicott\n|-damage|p1a: Whimsicott|0 fnt\n|faint|p1a: Whimsicott\n|move|p2a: Gastrodon|Earth Power|p1b: Malamar\n|-damage|p1b: Malamar|6\/100\n|-enditem|p1b: Malamar|Sitrus Berry|[eat]\n|-heal|p1b: Malamar|31\/100|[from] item: Sitrus Berry\n|move|p1b: Malamar|Hypnosis|p2b: Nidoking|[miss]\n|-miss|p1b: Malamar|p2b: Nidoking\n|\n|upkeep\n|\n|t:|1667097530\n|switch|p1a: Kyurem|Kyurem-Black|40\/100\n|-ability|p1a: Kyurem|Teravolt\n|turn|11\n|\n|t:|1667097549\n|move|p1b: Malamar|Ally Switch|p1b: Malamar\n|swap|p1b: Malamar|0|[from] move: Ally Switch\n|move|p2b: Nidoking|Sludge Bomb|p1a: Malamar\n|-damage|p1a: Malamar|0 fnt\n|faint|p1a: Malamar\n|move|p1b: Kyurem|Icy Wind|p2b: Nidoking|[spread] p2a,p2b\n|-supereffective|p2b: Nidoking\n|-damage|p2a: Gastrodon|90\/100\n|-damage|p2b: Nidoking|47\/100\n|-unboost|p2a: Gastrodon|spe|1\n|-unboost|p2b: Nidoking|spe|1\n|move|p2a: Gastrodon|Earth Power|p1b: Kyurem\n|-damage|p1b: Kyurem|8\/100\n|-unboost|p1b: Kyurem|spd|1\n|\n|-sideend|p2: ultravapelord|move: Tailwind\n|upkeep\n|\n|t:|1667097563\n|switch|p1a: Victini|Victini|95\/100\n|turn|12\n|\n|t:|1667097588\n|move|p1a: Victini|V-create|p2b: Nidoking\n|-damage|p2b: Nidoking|0 fnt\n|-unboost|p1a: Victini|spe|1\n|-unboost|p1a: Victini|def|1\n|-unboost|p1a: Victini|spd|1\n|faint|p2b: Nidoking\n|move|p1b: Kyurem|Draco Meteor|p2a: Gastrodon\n|-damage|p2a: Gastrodon|53\/100\n|-unboost|p1b: Kyurem|spa|2\n|move|p2a: Gastrodon|Earth Power|p1b: Kyurem\n|-damage|p1b: Kyurem|0 fnt\n|faint|p1b: Kyurem\n|\n|upkeep\n|turn|13\n|\n|t:|1667097601\n|move|p1a: Victini|V-create|p2a: Gastrodon\n|-resisted|p2a: Gastrodon\n|-damage|p2a: Gastrodon|11\/100\n|-unboost|p1a: Victini|spe|1\n|-unboost|p1a: Victini|def|1\n|-unboost|p1a: Victini|spd|1\n|move|p2a: Gastrodon|Earth Power|p1a: Victini\n|-supereffective|p1a: Victini\n|-damage|p1a: Victini|0 fnt\n|faint|p1a: Victini\n|\n|win|ultravapelord\n|raw|Blacksponge's rating: 1176 &rarr; <strong>1162<\/strong><br \/>(-14 for losing)\n|raw|ultravapelord's rating: 1338 &rarr; <strong>1349<\/strong><br \/>(+11 for winning)\n|c|\u2606Blacksponge|gg\n|c|\u2606ultravapelord|gg\n|l|\u2606Blacksponge\n","uploadtime":1667097619,"views":4,"p1id":"blacksponge","p2id":"ultravapelord","formatid":"gen8doublesou","rating":1162,"private":0,"password":null}