{"id":"gen8ou-1671690116","p1":"Kamikaz 100","p2":"machugen","format":"gen8ou","log":"|j|\u2606Kamikaz 100\n|j|\u2606machugen\n|t:|1664293540\n|gametype|singles\n|player|p1|Kamikaz 100|101|1720\n|player|p2|machugen|byron|1730\n|teamsize|p1|6\n|teamsize|p2|6\n|gen|8\n|tier|[Gen 8] OU\n|rated|\n|rule|Sleep Clause Mod: Limit one foe put to sleep\n|rule|Species Clause: Limit one of each Pok\u00e9mon\n|rule|OHKO Clause: OHKO moves are banned\n|rule|Evasion Items Clause: Evasion items are banned\n|rule|Evasion Moves Clause: Evasion moves are banned\n|rule|Endless Battle Clause: Forcing endless battles is banned\n|rule|HP Percentage Mod: HP is shown in percentages\n|rule|Dynamax Clause: You cannot dynamax\n|clearpoke\n|poke|p1|Nihilego|\n|poke|p1|Tapu Lele|\n|poke|p1|Magnezone|\n|poke|p1|Weavile, M|\n|poke|p1|Slowbro, M|\n|poke|p1|Landorus-Therian, M|\n|poke|p2|Nihilego|\n|poke|p2|Garchomp, M|\n|poke|p2|Weavile, M|\n|poke|p2|Kartana|\n|poke|p2|Tornadus-Therian, M|\n|poke|p2|Corviknight, M|\n|teampreview\n|\n|t:|1664293554\n|start\n|switch|p1a: Tapu Lele|Tapu Lele|100\/100\n|switch|p2a: Kartana|Kartana|100\/100\n|-fieldstart|move: Psychic Terrain|[from] ability: Psychic Surge|[of] p1a: Tapu Lele\n|turn|1\n|\n|t:|1664293558\n|switch|p2a: Tornadus|Tornadus-Therian, M|100\/100\n|switch|p1a: Landorus|Landorus-Therian, M|100\/100\n|-ability|p1a: Landorus|Intimidate|boost\n|-unboost|p2a: Tornadus|atk|1\n|\n|upkeep\n|turn|2\n|\n|t:|1664293564\n|move|p2a: Tornadus|Knock Off|p1a: Landorus\n|-damage|p1a: Landorus|88\/100\n|-enditem|p1a: Landorus|Leftovers|[from] move: Knock Off|[of] p2a: Tornadus\n|move|p1a: Landorus|Toxic|p2a: Tornadus\n|-status|p2a: Tornadus|tox\n|\n|-damage|p2a: Tornadus|94\/100 tox|[from] psn\n|upkeep\n|turn|3\n|\n|t:|1664293568\n|move|p2a: Tornadus|Hurricane|p1a: Landorus|[miss]\n|-miss|p2a: Tornadus|p1a: Landorus\n|move|p1a: Landorus|Stealth Rock|p2a: Tornadus\n|-sidestart|p2: machugen|move: Stealth Rock\n|\n|-damage|p2a: Tornadus|82\/100 tox|[from] psn\n|upkeep\n|turn|4\n|\n|t:|1664293576\n|move|p2a: Tornadus|U-turn|p1a: Landorus\n|-resisted|p1a: Landorus\n|-damage|p1a: Landorus|84\/100\n|\n|t:|1664293583\n|switch|p2a: Garchomp|Garchomp, M|100\/100|[from]move: U-turn\n|-damage|p2a: Garchomp|94\/100|[from] Stealth Rock\n|move|p1a: Landorus|Stealth Rock||[still]\n|-fail|p1a: Landorus\n|\n|-heal|p2a: Garchomp|100\/100|[from] item: Leftovers\n|upkeep\n|turn|5\n|\n|t:|1664293586\n|move|p2a: Garchomp|Swords Dance|p2a: Garchomp\n|-boost|p2a: Garchomp|atk|2\n|move|p1a: Landorus|Toxic|p2a: Garchomp\n|-status|p2a: Garchomp|tox\n|\n|-damage|p2a: Garchomp|94\/100 tox|[from] psn\n|-fieldend|move: Psychic Terrain\n|upkeep\n|turn|6\n|\n|t:|1664293593\n|switch|p1a: Tapu Lele|Tapu Lele|100\/100\n|-fieldstart|move: Psychic Terrain|[from] ability: Psychic Surge|[of] p1a: Tapu Lele\n|move|p2a: Garchomp|Swords Dance|p2a: Garchomp\n|-boost|p2a: Garchomp|atk|2\n|\n|-heal|p2a: Garchomp|100\/100 tox|[from] item: Leftovers\n|-damage|p2a: Garchomp|88\/100 tox|[from] psn\n|upkeep\n|turn|7\n|\n|t:|1664293602\n|switch|p2a: Nihilego|Nihilego|100\/100\n|-damage|p2a: Nihilego|88\/100|[from] Stealth Rock\n|move|p1a: Tapu Lele|Moonblast|p2a: Nihilego\n|-resisted|p2a: Nihilego\n|-damage|p2a: Nihilego|68\/100\n|\n|upkeep\n|turn|8\n|\n|t:|1664293610\n|switch|p1a: Landorus|Landorus-Therian, M|84\/100\n|-ability|p1a: Landorus|Intimidate|boost\n|-unboost|p2a: Nihilego|atk|1\n|move|p2a: Nihilego|Meteor Beam||[still]\n|-prepare|p2a: Nihilego|Meteor Beam\n|-boost|p2a: Nihilego|spa|1\n|-enditem|p2a: Nihilego|Power Herb\n|-anim|p2a: Nihilego|Meteor Beam|p1a: Landorus\n|-damage|p1a: Landorus|6\/100\n|\n|upkeep\n|turn|9\n|\n|t:|1664293615\n|switch|p1a: Magnezone|Magnezone|100\/100\n|move|p2a: Nihilego|Power Gem|p1a: Magnezone\n|-resisted|p1a: Magnezone\n|-damage|p1a: Magnezone|58\/100\n|\n|upkeep\n|turn|10\n|\n|t:|1664293624\n|move|p2a: Nihilego|Meteor Beam||[still]\n|-prepare|p2a: Nihilego|Meteor Beam\n|-boost|p2a: Nihilego|spa|1\n|move|p1a: Magnezone|Body Press|p2a: Nihilego\n|-damage|p2a: Nihilego|21\/100\n|\n|-fieldend|move: Psychic Terrain\n|upkeep\n|turn|11\n|\n|t:|1664293635\n|switch|p1a: Nihilego|Nihilego|100\/100\n|move|p2a: Nihilego|Meteor Beam|p1a: Nihilego|[from]lockedmove\n|-damage|p1a: Nihilego|4\/100\n|\n|upkeep\n|turn|12\n|\n|t:|1664293637\n|move|p1a: Nihilego|Power Gem|p2a: Nihilego\n|-crit|p2a: Nihilego\n|-damage|p2a: Nihilego|0 fnt\n|faint|p2a: Nihilego\n|-ability|p1a: Nihilego|Beast Boost|boost\n|-boost|p1a: Nihilego|spa|1\n|\n|upkeep\n|\n|t:|1664293650\n|switch|p2a: Tornadus|Tornadus-Therian, M|100\/100 tox\n|-damage|p2a: Tornadus|76\/100 tox|[from] Stealth Rock\n|turn|13\n|\n|t:|1664293655\n|move|p2a: Tornadus|U-turn|p1a: Nihilego\n|-resisted|p1a: Nihilego\n|-damage|p1a: Nihilego|0 fnt\n|faint|p1a: Nihilego\n|\n|t:|1664293660\n|switch|p2a: Kartana|Kartana|100\/100|[from]move: U-turn\n|-damage|p2a: Kartana|94\/100|[from] Stealth Rock\n|\n|upkeep\n|\n|t:|1664293666\n|switch|p1a: Landorus|Landorus-Therian, M|6\/100\n|-ability|p1a: Landorus|Intimidate|boost\n|-unboost|p2a: Kartana|atk|1\n|turn|14\n|\n|t:|1664293673\n|switch|p1a: Magnezone|Magnezone|58\/100\n|move|p2a: Kartana|Sacred Sword|p1a: Magnezone\n|-supereffective|p1a: Magnezone\n|-damage|p1a: Magnezone|11\/100\n|-damage|p2a: Kartana|78\/100|[from] item: Rocky Helmet|[of] p1a: Magnezone\n|\n|upkeep\n|turn|15\n|\n|t:|1664293682\n|switch|p1a: Slowbro|Slowbro, M|100\/100\n|move|p2a: Kartana|Sacred Sword|p1a: Slowbro\n|-resisted|p1a: Slowbro\n|-damage|p1a: Slowbro|90\/100\n|\n|upkeep\n|turn|16\n|\n|t:|1664293691\n|switch|p2a: Corviknight|Corviknight, M|100\/100\n|-damage|p2a: Corviknight|88\/100|[from] Stealth Rock\n|-ability|p2a: Corviknight|Pressure\n|move|p1a: Slowbro|Scald|p2a: Corviknight\n|-damage|p2a: Corviknight|64\/100\n|\n|-heal|p2a: Corviknight|70\/100|[from] item: Leftovers\n|upkeep\n|turn|17\n|j| PlayinMite\n|\n|t:|1664293695\n|move|p2a: Corviknight|Defog|p1a: Slowbro\n|-unboost|p1a: Slowbro|evasion|1\n|-sideend|p2: machugen|Stealth Rock|[from] move: Defog|[of] p2a: Corviknight\n|move|p1a: Slowbro|Scald|p2a: Corviknight\n|-damage|p2a: Corviknight|47\/100\n|-status|p2a: Corviknight|brn\n|\n|-heal|p2a: Corviknight|53\/100 brn|[from] item: Leftovers\n|-damage|p2a: Corviknight|47\/100 brn|[from] brn\n|upkeep\n|turn|18\n|\n|t:|1664293700\n|move|p2a: Corviknight|Roost|p2a: Corviknight\n|-heal|p2a: Corviknight|97\/100 brn\n|-singleturn|p2a: Corviknight|move: Roost\n|move|p1a: Slowbro|Future Sight|p2a: Corviknight\n|-start|p1a: Slowbro|move: Future Sight\n|\n|-heal|p2a: Corviknight|100\/100 brn|[from] item: Leftovers\n|-damage|p2a: Corviknight|94\/100 brn|[from] brn\n|upkeep\n|turn|19\n|l| PlayinMite\n|\n|t:|1664293710\n|move|p2a: Corviknight|U-turn|p1a: Slowbro\n|-supereffective|p1a: Slowbro\n|-damage|p1a: Slowbro|78\/100\n|\n|t:|1664293711\n|switch|p2a: Weavile|Weavile, M|100\/100|[from]move: U-turn\n|-ability|p2a: Weavile|Pressure\n|move|p1a: Slowbro|Teleport|p1a: Slowbro\n|\n|t:|1664293719\n|switch|p1a: Tapu Lele|Tapu Lele|100\/100|[from]move: Teleport\n|-fieldstart|move: Psychic Terrain|[from] ability: Psychic Surge|[of] p1a: Tapu Lele\n|\n|upkeep\n|turn|20\n|j| jrmcm10\n|\n|t:|1664293725\n|switch|p2a: Garchomp|Garchomp, M|88\/100 tox\n|move|p1a: Tapu Lele|Moonblast|p2a: Garchomp\n|-supereffective|p2a: Garchomp\n|-damage|p2a: Garchomp|0 fnt\n|faint|p2a: Garchomp\n|\n|-hint|Future Sight did not hit because the target is fainted.\n|upkeep\n|\n|t:|1664293728\n|switch|p2a: Kartana|Kartana|78\/100\n|turn|21\n|\n|t:|1664293745\n|switch|p2a: Tornadus|Tornadus-Therian, M|100\/100 tox\n|switch|p1a: Landorus|Landorus-Therian, M|6\/100\n|-ability|p1a: Landorus|Intimidate|boost\n|-unboost|p2a: Tornadus|atk|1\n|\n|-damage|p2a: Tornadus|94\/100 tox|[from] psn\n|upkeep\n|turn|22\n|\n|t:|1664293750\n|move|p2a: Tornadus|Knock Off|p1a: Landorus\n|-damage|p1a: Landorus|0 fnt\n|faint|p1a: Landorus\n|\n|-damage|p2a: Tornadus|82\/100 tox|[from] psn\n|upkeep\n|\n|t:|1664293753\n|switch|p1a: Weavile|Weavile, M|100\/100\n|turn|23\n|j| Kpxbrothers\n|\n|t:|1664293763\n|switch|p2a: Corviknight|Corviknight, M|94\/100 brn\n|-ability|p2a: Corviknight|Pressure\n|move|p1a: Weavile|Triple Axel|p2a: Corviknight|[miss]\n|-miss|p1a: Weavile|p2a: Corviknight\n|\n|-heal|p2a: Corviknight|100\/100 brn|[from] item: Leftovers\n|-damage|p2a: Corviknight|94\/100 brn|[from] brn\n|-fieldend|move: Psychic Terrain\n|upkeep\n|turn|24\n|inactive|Battle timer is ON: inactive players will automatically lose when time's up. (requested by machugen)\n|\n|t:|1664293770\n|move|p1a: Weavile|Knock Off|p2a: Corviknight\n|-damage|p2a: Corviknight|64\/100 brn\n|-enditem|p2a: Corviknight|Leftovers|[from] move: Knock Off|[of] p1a: Weavile\n|move|p2a: Corviknight|U-turn|p1a: Weavile\n|-supereffective|p1a: Weavile\n|-damage|p1a: Weavile|76\/100\n|\n|t:|1664293773\n|switch|p2a: Kartana|Kartana|78\/100|[from]move: U-turn\n|\n|upkeep\n|turn|25\n|j| Kapu sleepy\n|\n|t:|1664293782\n|move|p2a: Kartana|Leaf Blade|p1a: Weavile\n|-damage|p1a: Weavile|0 fnt\n|faint|p1a: Weavile\n|-ability|p2a: Kartana|Beast Boost|boost\n|-boost|p2a: Kartana|atk|1\n|\n|upkeep\n|-message|Kamikaz 100 forfeited.\n|\n|win|machugen\n|raw|Kamikaz 100's rating: 1720 &rarr; <strong>1701<\/strong><br \/>(-19 for losing)\n|raw|machugen's rating: 1730 &rarr; <strong>1749<\/strong><br \/>(+19 for winning)\n|l|\u2606Kamikaz 100\n","uploadtime":1664293788,"views":31,"p1id":"kamikaz100","p2id":"machugen","formatid":"gen8ou","rating":1701,"private":0,"password":null}