{"id":"gen8balancedhackmons-1626387733","p1":"Redflix","p2":"A LOSR","format":"gen8balancedhackmons","log":"|j|\u2606Redflix\n|j|\u2606A LOSR\n|inactive|Battle timer is ON: inactive players will automatically lose when time's up.\n|t:|1658932723\n|gametype|singles\n|player|p1|Redflix|erika|\n|player|p2|A LOSR|red-gen7|\n|teamsize|p1|6\n|teamsize|p2|6\n|gen|8\n|tier|[Gen 8] Balanced Hackmons\n|rated|Tournament battle\n|rule|OHKO Clause: OHKO moves are banned\n|rule|Evasion Moves Clause: Evasion moves are banned\n|rule|Forme Clause: Limit one of each forme of a Pok\u00e9mon\n|rule|HP Percentage Mod: HP is shown in percentages\n|rule|Dynamax Clause: You cannot dynamax\n|rule|Sleep Clause: Sleep-inducing moves are banned\n|rule|Endless Battle Clause: Forcing endless battles is banned\n|clearpoke\n|poke|p1|Xerneas-*|\n|poke|p1|Giratina|\n|poke|p1|Zamazenta-Crowned|\n|poke|p1|Groudon|\n|poke|p1|Yveltal|\n|poke|p1|Chansey, F|\n|poke|p2|Mewtwo|\n|poke|p2|Victini|\n|poke|p2|Zamazenta-Crowned|\n|poke|p2|Giratina-Origin|\n|poke|p2|Magearna|\n|poke|p2|Groudon|\n|teampreview\n|c|\u2606A LOSR|hf\n|j| omsrfun\n|c|\u2606Redflix|hf\n|j| Unviabriel\n|\n|t:|1658932738\n|start\n|switch|p1a: Giratina|Giratina|100\/100\n|switch|p2a: Giratina|Giratina-Origin|100\/100\n|turn|1\n|\n|t:|1658932745\n|move|p2a: Giratina|Nuzzle|p1a: Giratina\n|-resisted|p1a: Giratina\n|-damage|p1a: Giratina|99\/100\n|-status|p1a: Giratina|par\n|cant|p1a: Giratina|par\n|\n|-heal|p1a: Giratina|100\/100 par|[from] item: Leftovers\n|upkeep\n|turn|2\n|\n|t:|1658932750\n|move|p2a: Giratina|Hex|p1a: Giratina\n|-supereffective|p1a: Giratina\n|-damage|p1a: Giratina|33\/100 par\n|move|p1a: Giratina|Flip Turn|p2a: Giratina\n|-resisted|p2a: Giratina\n|-damage|p2a: Giratina|98\/100\n|\n|t:|1658932753\n|switch|p1a: Xerneas|Xerneas|100\/100|[from]move: Flip Turn\n|\n|-status|p1a: Xerneas|tox|[from] item: Toxic Orb\n|upkeep\n|turn|3\n|\n|t:|1658932763\n|switch|p2a: Victini|Victini|100\/100\n|-weather|DesolateLand|[from] ability: Desolate Land|[of] p2a: Victini\n|switch|p1a: Giratina|Giratina|33\/100 par\n|\n|-weather|DesolateLand|[upkeep]\n|-heal|p1a: Giratina|40\/100 par|[from] item: Leftovers\n|upkeep\n|turn|4\n|j| MGZ Arcanine\n|\n|t:|1658932771\n|-weather|none\n|switch|p2a: Mewtwo|Mewtwo|100\/100\n|-ability|p2a: Mewtwo|Teravolt\n|cant|p1a: Giratina|par\n|\n|-heal|p1a: Giratina|46\/100 par|[from] item: Leftovers\n|upkeep\n|turn|5\n|\n|t:|1658932800\n|move|p2a: Mewtwo|Moonblast|p1a: Giratina\n|-supereffective|p1a: Giratina\n|-damage|p1a: Giratina|0 fnt\n|faint|p1a: Giratina\n|-damage|p2a: Mewtwo|91\/100|[from] item: Life Orb\n|\n|upkeep\n|\n|t:|1658932810\n|switch|p1a: Xerneas|Xerneas|100\/100 tox\n|turn|6\n|\n|t:|1658932816\n|move|p2a: Mewtwo|Psystrike|p1a: Xerneas\n|-damage|p1a: Xerneas|57\/100 tox\n|-damage|p2a: Mewtwo|81\/100|[from] item: Life Orb\n|move|p1a: Xerneas|Quiver Dance|p1a: Xerneas\n|-boost|p1a: Xerneas|spa|1\n|-boost|p1a: Xerneas|spd|1\n|-boost|p1a: Xerneas|spe|1\n|\n|-heal|p1a: Xerneas|69\/100 tox|[from] ability: Poison Heal\n|upkeep\n|turn|7\n|\n|t:|1658932821\n|switch|p2a: Victini|Victini|100\/100\n|-weather|DesolateLand|[from] ability: Desolate Land|[of] p2a: Victini\n|move|p1a: Xerneas|Moonblast|p2a: Victini\n|-resisted|p2a: Victini\n|-damage|p2a: Victini|72\/100\n|\n|-weather|DesolateLand|[upkeep]\n|-heal|p1a: Xerneas|82\/100 tox|[from] ability: Poison Heal\n|upkeep\n|turn|8\n|\n|t:|1658932824\n|move|p1a: Xerneas|Strength Sap|p2a: Victini\n|-unboost|p2a: Victini|atk|1\n|-heal|p1a: Xerneas|100\/100 tox\n|move|p2a: Victini|V-create|p1a: Xerneas\n|-damage|p1a: Xerneas|27\/100 tox\n|-unboost|p2a: Victini|spe|1\n|-unboost|p2a: Victini|def|1\n|-unboost|p2a: Victini|spd|1\n|\n|-weather|DesolateLand|[upkeep]\n|-heal|p1a: Xerneas|40\/100 tox|[from] ability: Poison Heal\n|upkeep\n|turn|9\n|\n|t:|1658932833\n|-weather|none\n|switch|p2a: Magearna|Magearna|100\/100\n|move|p1a: Xerneas|Strength Sap|p2a: Magearna\n|-unboost|p2a: Magearna|atk|1\n|-heal|p1a: Xerneas|100\/100 tox\n|\n|upkeep\n|turn|10\n|\n|t:|1658932838\n|switch|p2a: Victini|Victini|72\/100\n|-weather|DesolateLand|[from] ability: Desolate Land|[of] p2a: Victini\n|move|p1a: Xerneas|Thunder Cage|p2a: Victini\n|-damage|p2a: Victini|42\/100\n|-activate|p2a: Victini|move: Thunder Cage|[of] p1a: Xerneas\n|\n|-weather|DesolateLand|[upkeep]\n|-damage|p2a: Victini|30\/100|[from] move: Thunder Cage|[partiallytrapped]\n|upkeep\n|turn|11\n|\n|t:|1658932842\n|move|p1a: Xerneas|Moonblast|p2a: Victini\n|-resisted|p2a: Victini\n|-damage|p2a: Victini|0 fnt\n|faint|p2a: Victini\n|-weather|none\n|\n|upkeep\n|c|\u2606A LOSR|i messed that up\n|\n|t:|1658932849\n|switch|p2a: Zamazenta|Zamazenta-Crowned|100\/100\n|-weather|PrimordialSea|[from] ability: Primordial Sea|[of] p2a: Zamazenta\n|turn|12\n|\n|t:|1658932853\n|switch|p1a: Chansey|Chansey, F|100\/100\n|-transform|p1a: Chansey|p2a: Zamazenta|[from] ability: Imposter\n|move|p2a: Zamazenta|Anchor Shot|p1a: Chansey\n|-resisted|p1a: Chansey\n|-damage|p1a: Chansey|95\/100\n|-activate|p1a: Chansey|trapped\n|\n|-weather|PrimordialSea|[upkeep]\n|upkeep\n|turn|13\n|\n|t:|1658932866\n|move|p2a: Zamazenta|Thunderous Kick|p1a: Chansey\n|-supereffective|p1a: Chansey\n|-crit|p1a: Chansey\n|-damage|p1a: Chansey|54\/100\n|-unboost|p1a: Chansey|def|1\n|move|p1a: Chansey|Thunderous Kick|p2a: Zamazenta\n|-supereffective|p2a: Zamazenta\n|-damage|p2a: Zamazenta|53\/100\n|-unboost|p2a: Zamazenta|def|1\n|\n|-weather|PrimordialSea|[upkeep]\n|upkeep\n|turn|14\n|\n|t:|1658932871\n|move|p1a: Chansey|Thunderous Kick|p2a: Zamazenta\n|-supereffective|p2a: Zamazenta\n|-damage|p2a: Zamazenta|0 fnt\n|faint|p2a: Zamazenta\n|\n|-weather|PrimordialSea|[upkeep]\n|upkeep\n|\n|t:|1658932875\n|switch|p2a: Mewtwo|Mewtwo|81\/100\n|-ability|p2a: Mewtwo|Teravolt\n|turn|15\n|\n|t:|1658932880\n|-weather|none\n|switch|p1a: Zamazenta|Zamazenta-Crowned|100\/100\n|move|p2a: Mewtwo|Psystrike|p1a: Zamazenta\n|-damage|p1a: Zamazenta|62\/100\n|-damage|p2a: Mewtwo|71\/100|[from] item: Life Orb\n|\n|-heal|p1a: Zamazenta|69\/100|[from] item: Leftovers\n|upkeep\n|turn|16\n|\n|t:|1658932884\n|move|p2a: Mewtwo|Blue Flare|p1a: Zamazenta\n|-supereffective|p1a: Zamazenta\n|-damage|p1a: Zamazenta|6\/100\n|-damage|p2a: Mewtwo|61\/100|[from] item: Life Orb\n|move|p1a: Zamazenta|Nuzzle|p2a: Mewtwo\n|-damage|p2a: Mewtwo|56\/100\n|-status|p2a: Mewtwo|par\n|\n|-heal|p1a: Zamazenta|12\/100|[from] item: Leftovers\n|upkeep\n|turn|17\n|\n|t:|1658932890\n|move|p1a: Zamazenta|Knock Off|p2a: Mewtwo\n|-supereffective|p2a: Mewtwo\n|-damage|p2a: Mewtwo|5\/100 par\n|-enditem|p2a: Mewtwo|Life Orb|[from] move: Knock Off|[of] p1a: Zamazenta\n|move|p2a: Mewtwo|Psystrike|p1a: Zamazenta\n|-damage|p1a: Zamazenta|0 fnt\n|faint|p1a: Zamazenta\n|\n|upkeep\n|\n|t:|1658932895\n|switch|p1a: Yveltal|Yveltal|100\/100\n|turn|18\n|\n|t:|1658932899\n|switch|p2a: Magearna|Magearna|100\/100\n|move|p1a: Yveltal|Boomburst|p2a: Magearna\n|-resisted|p2a: Magearna\n|-damage|p2a: Magearna|73\/100\n|\n|upkeep\n|turn|19\n|\n|t:|1658932903\n|move|p1a: Yveltal|Volt Switch|p2a: Magearna\n|-damage|p2a: Magearna|57\/100\n|\n|t:|1658932905\n|switch|p1a: Chansey|Chansey, F|54\/100|[from]move: Volt Switch\n|-transform|p1a: Chansey|p2a: Magearna|[from] ability: Imposter\n|move|p2a: Magearna|Anchor Shot|p1a: Chansey\n|-damage|p1a: Chansey|43\/100\n|-activate|p1a: Chansey|trapped\n|\n|upkeep\n|turn|20\n|\n|t:|1658932911\n|move|p1a: Chansey|Slack Off|p1a: Chansey\n|-heal|p1a: Chansey|93\/100\n|move|p2a: Magearna|Slack Off|p2a: Magearna\n|-heal|p2a: Magearna|100\/100\n|\n|upkeep\n|turn|21\n|\n|t:|1658932913\n|move|p2a: Magearna|Heal Bell|p2a: Magearna\n|-activate|p2a: Magearna|move: Heal Bell\n|-curestatus|p2: Mewtwo|par|[msg]\n|move|p1a: Chansey|Anchor Shot|p2a: Magearna\n|-damage|p2a: Magearna|80\/100\n|-activate|p2a: Magearna|trapped\n|\n|upkeep\n|turn|22\n|\n|t:|1658932917\n|move|p2a: Magearna|Rapid Spin|p1a: Chansey\n|-resisted|p1a: Chansey\n|-damage|p1a: Chansey|88\/100\n|-boost|p2a: Magearna|spe|1\n|move|p1a: Chansey|Rapid Spin|p2a: Magearna\n|-resisted|p2a: Magearna\n|-damage|p2a: Magearna|71\/100\n|-boost|p1a: Chansey|spe|1\n|\n|upkeep\n|turn|23\n|\n|t:|1658932919\n|move|p2a: Magearna|Rapid Spin|p1a: Chansey\n|-resisted|p1a: Chansey\n|-damage|p1a: Chansey|84\/100\n|-boost|p2a: Magearna|spe|1\n|move|p1a: Chansey|Anchor Shot|p2a: Magearna\n|-damage|p2a: Magearna|50\/100\n|\n|upkeep\n|turn|24\n|\n|t:|1658932922\n|move|p2a: Magearna|Rapid Spin|p1a: Chansey\n|-resisted|p1a: Chansey\n|-damage|p1a: Chansey|79\/100\n|-boost|p2a: Magearna|spe|1\n|move|p1a: Chansey|Anchor Shot|p2a: Magearna\n|-damage|p2a: Magearna|28\/100\n|\n|upkeep\n|turn|25\n|\n|t:|1658932924\n|move|p2a: Magearna|Slack Off|p2a: Magearna\n|-heal|p2a: Magearna|78\/100\n|move|p1a: Chansey|Anchor Shot|p2a: Magearna\n|-damage|p2a: Magearna|56\/100\n|\n|upkeep\n|turn|26\n|\n|t:|1658932927\n|move|p2a: Magearna|Rapid Spin|p1a: Chansey\n|-resisted|p1a: Chansey\n|-damage|p1a: Chansey|75\/100\n|-boost|p2a: Magearna|spe|1\n|move|p1a: Chansey|Slack Off|p1a: Chansey\n|-heal|p1a: Chansey|100\/100\n|\n|upkeep\n|turn|27\n|\n|t:|1658932929\n|move|p2a: Magearna|Anchor Shot|p1a: Chansey\n|-damage|p1a: Chansey|88\/100\n|move|p1a: Chansey|Anchor Shot|p2a: Magearna\n|-damage|p2a: Magearna|32\/100\n|\n|upkeep\n|turn|28\n|\n|t:|1658932933\n|switch|p1a: Xerneas|Xerneas|100\/100 tox\n|move|p2a: Magearna|Slack Off|p2a: Magearna\n|-heal|p2a: Magearna|82\/100\n|\n|upkeep\n|turn|29\n|\n|t:|1658932936\n|move|p2a: Magearna|Anchor Shot|p1a: Xerneas\n|-supereffective|p1a: Xerneas\n|-damage|p1a: Xerneas|61\/100 tox\n|-activate|p1a: Xerneas|trapped\n|move|p1a: Xerneas|Quiver Dance|p1a: Xerneas\n|-boost|p1a: Xerneas|spa|1\n|-boost|p1a: Xerneas|spd|1\n|-boost|p1a: Xerneas|spe|1\n|\n|-heal|p1a: Xerneas|73\/100 tox|[from] ability: Poison Heal\n|upkeep\n|turn|30\n|\n|t:|1658932942\n|move|p2a: Magearna|Anchor Shot|p1a: Xerneas\n|-supereffective|p1a: Xerneas\n|-damage|p1a: Xerneas|34\/100 tox\n|move|p1a: Xerneas|Thunder Cage|p2a: Magearna\n|-damage|p2a: Magearna|55\/100\n|-activate|p2a: Magearna|move: Thunder Cage|[of] p1a: Xerneas\n|\n|-heal|p1a: Xerneas|46\/100 tox|[from] ability: Poison Heal\n|-damage|p2a: Magearna|42\/100|[from] move: Thunder Cage|[partiallytrapped]\n|upkeep\n|turn|31\n|\n|t:|1658932945\n|move|p2a: Magearna|Anchor Shot|p1a: Xerneas\n|-supereffective|p1a: Xerneas\n|-damage|p1a: Xerneas|1\/100 tox\n|move|p1a: Xerneas|Strength Sap|p2a: Magearna\n|-unboost|p2a: Magearna|atk|1\n|-heal|p1a: Xerneas|64\/100 tox\n|\n|-heal|p1a: Xerneas|77\/100 tox|[from] ability: Poison Heal\n|-damage|p2a: Magearna|30\/100|[from] move: Thunder Cage|[partiallytrapped]\n|upkeep\n|turn|32\n|c|\u2606A LOSR|wow 39, 39 45\n|j| Z the Lord\n|c|\u2606A LOSR|cutting it close there\n|\n|t:|1658932963\n|move|p2a: Magearna|Slack Off|p2a: Magearna\n|-heal|p2a: Magearna|80\/100\n|move|p1a: Xerneas|Quiver Dance|p1a: Xerneas\n|-boost|p1a: Xerneas|spa|1\n|-boost|p1a: Xerneas|spd|1\n|-boost|p1a: Xerneas|spe|1\n|\n|-heal|p1a: Xerneas|89\/100 tox|[from] ability: Poison Heal\n|-damage|p2a: Magearna|68\/100|[from] move: Thunder Cage|[partiallytrapped]\n|upkeep\n|turn|33\n|\n|t:|1658932967\n|move|p2a: Magearna|Rapid Spin|p1a: Xerneas\n|-damage|p1a: Xerneas|79\/100 tox\n|-boost|p2a: Magearna|spe|1\n|-end|p2a: Magearna|Thunder Cage|[partiallytrapped]\n|move|p1a: Xerneas|Thunder Cage|p2a: Magearna\n|-damage|p2a: Magearna|31\/100\n|-activate|p2a: Magearna|move: Thunder Cage|[of] p1a: Xerneas\n|\n|-heal|p1a: Xerneas|92\/100 tox|[from] ability: Poison Heal\n|-damage|p2a: Magearna|19\/100|[from] move: Thunder Cage|[partiallytrapped]\n|upkeep\n|turn|34\n|\n|t:|1658932970\n|move|p2a: Magearna|Slack Off|p2a: Magearna\n|-heal|p2a: Magearna|69\/100\n|move|p1a: Xerneas|Moonblast|p2a: Magearna\n|-resisted|p2a: Magearna\n|-damage|p2a: Magearna|36\/100\n|\n|-heal|p1a: Xerneas|100\/100 tox|[from] ability: Poison Heal\n|-damage|p2a: Magearna|23\/100|[from] move: Thunder Cage|[partiallytrapped]\n|upkeep\n|turn|35\n|\n|t:|1658932973\n|move|p2a: Magearna|Rapid Spin|p1a: Xerneas\n|-damage|p1a: Xerneas|89\/100 tox\n|-boost|p2a: Magearna|spe|1\n|-end|p2a: Magearna|Thunder Cage|[partiallytrapped]\n|move|p1a: Xerneas|Quiver Dance|p1a: Xerneas\n|-boost|p1a: Xerneas|spa|1\n|-boost|p1a: Xerneas|spd|1\n|-boost|p1a: Xerneas|spe|1\n|\n|-heal|p1a: Xerneas|100\/100 tox|[from] ability: Poison Heal\n|upkeep\n|turn|36\n|\n|t:|1658932976\n|move|p2a: Magearna|Slack Off|p2a: Magearna\n|-heal|p2a: Magearna|73\/100\n|move|p1a: Xerneas|Moonblast|p2a: Magearna\n|-resisted|p2a: Magearna\n|-damage|p2a: Magearna|28\/100\n|\n|upkeep\n|turn|37\n|\n|t:|1658932979\n|move|p2a: Magearna|Rapid Spin|p1a: Xerneas\n|-damage|p1a: Xerneas|90\/100 tox\n|move|p1a: Xerneas|Moonblast|p2a: Magearna\n|-resisted|p2a: Magearna\n|-damage|p2a: Magearna|0 fnt\n|faint|p2a: Magearna\n|\n|-heal|p1a: Xerneas|100\/100 tox|[from] ability: Poison Heal\n|upkeep\n|\n|t:|1658932981\n|switch|p2a: Groudon|Groudon|100\/100\n|turn|38\n|\n|t:|1658932985\n|switch|p1a: Chansey|Chansey, F|88\/100\n|-transform|p1a: Chansey|p2a: Groudon|[from] ability: Imposter\n|move|p2a: Groudon|Haze|p2a: Groudon\n|-clearallboost\n|\n|upkeep\n|turn|39\n|\n|t:|1658932994\n|switch|p1a: Xerneas|Xerneas|100\/100 tox\n|move|p2a: Groudon|Glare||[still]\n|-fail|p2a: Groudon\n|\n|upkeep\n|turn|40\n|c|\u2606A LOSR|this is a good reminder to delete this team\n|c|\u2606A LOSR|gg\n|c|\u2606Redflix|gg\n|\n|t:|1658933001\n|move|p1a: Xerneas|Moonblast|p2a: Groudon\n|-damage|p2a: Groudon|59\/100\n|move|p2a: Groudon|Thousand Arrows|p1a: Xerneas\n|-damage|p1a: Xerneas|70\/100 tox\n|\n|-heal|p1a: Xerneas|83\/100 tox|[from] ability: Poison Heal\n|upkeep\n|turn|41\n|\n|t:|1658933006\n|move|p1a: Xerneas|Moonblast|p2a: Groudon\n|-damage|p2a: Groudon|23\/100\n|-unboost|p2a: Groudon|spa|1\n|move|p2a: Groudon|Thousand Arrows|p1a: Xerneas\n|-damage|p1a: Xerneas|49\/100 tox\n|\n|-heal|p1a: Xerneas|61\/100 tox|[from] ability: Poison Heal\n|upkeep\n|turn|42\n|\n|t:|1658933011\n|move|p2a: Groudon|Milk Drink|p2a: Groudon\n|-heal|p2a: Groudon|73\/100\n|move|p1a: Xerneas|Moonblast|p2a: Groudon\n|-damage|p2a: Groudon|34\/100\n|\n|-heal|p1a: Xerneas|74\/100 tox|[from] ability: Poison Heal\n|upkeep\n|turn|43\n|\n|t:|1658933022\n|switch|p1a: Groudon|Groudon|100\/100\n|move|p2a: Groudon|Milk Drink|p2a: Groudon\n|-heal|p2a: Groudon|84\/100\n|\n|upkeep\n|turn|44\n|\n|t:|1658933024\n|move|p2a: Groudon|Glare|p1a: Groudon\n|-status|p1a: Groudon|par\n|move|p1a: Groudon|Thousand Waves|p2a: Groudon\n|-damage|p2a: Groudon|55\/100\n|-activate|p2a: Groudon|trapped\n|\n|upkeep\n|turn|45\n|\n|t:|1658933028\n|move|p2a: Groudon|Thousand Arrows|p1a: Groudon\n|-damage|p1a: Groudon|74\/100 par\n|move|p1a: Groudon|Worry Seed|p2a: Groudon\n|-endability|p2a: Groudon|Prankster|[from] move: Worry Seed\n|-ability|p2a: Groudon|Insomnia|[from] move: Worry Seed\n|\n|upkeep\n|turn|46\n|\n|t:|1658933033\n|move|p2a: Groudon|Milk Drink|p2a: Groudon\n|-heal|p2a: Groudon|100\/100\n|move|p1a: Groudon|Thousand Waves|p2a: Groudon\n|-damage|p2a: Groudon|71\/100\n|\n|upkeep\n|turn|47\n|\n|t:|1658933044\n|move|p2a: Groudon|Thousand Arrows|p1a: Groudon\n|-crit|p1a: Groudon\n|-damage|p1a: Groudon|36\/100 par\n|move|p1a: Groudon|Thousand Waves|p2a: Groudon\n|-damage|p2a: Groudon|44\/100\n|\n|upkeep\n|turn|48\n|\n|t:|1658933047\n|move|p2a: Groudon|Thousand Arrows|p1a: Groudon\n|-damage|p1a: Groudon|10\/100 par\n|cant|p1a: Groudon|par\n|\n|upkeep\n|turn|49\n|\n|t:|1658933051\n|switch|p1a: Yveltal|Yveltal|100\/100\n|move|p2a: Groudon|Thousand Arrows|p1a: Yveltal\n|-crit|p1a: Yveltal\n|-damage|p1a: Yveltal|52\/100\n|-start|p1a: Yveltal|Smack Down\n|\n|upkeep\n|turn|50\n|\n|t:|1658933054\n|move|p1a: Yveltal|Boomburst|p2a: Groudon\n|-damage|p2a: Groudon|0 fnt\n|faint|p2a: Groudon\n|\n|upkeep\n|\n|t:|1658933056\n|switch|p2a: Giratina|Giratina-Origin|98\/100\n|turn|51\n|\n|t:|1658933061\n|move|p1a: Yveltal|Volt Switch|p2a: Giratina\n|-resisted|p2a: Giratina\n|-damage|p2a: Giratina|91\/100\n|\n|t:|1658933062\n|switch|p1a: Groudon|Groudon|10\/100 par|[from]move: Volt Switch\n|move|p2a: Giratina|Hex|p1a: Groudon\n|-damage|p1a: Groudon|0 fnt\n|faint|p1a: Groudon\n|\n|upkeep\n|\n|t:|1658933064\n|switch|p1a: Xerneas|Xerneas|74\/100 tox\n|turn|52\n|\n|t:|1658933066\n|move|p2a: Giratina|Hex|p1a: Xerneas\n|-damage|p1a: Xerneas|27\/100 tox\n|move|p1a: Xerneas|Quiver Dance|p1a: Xerneas\n|-boost|p1a: Xerneas|spa|1\n|-boost|p1a: Xerneas|spd|1\n|-boost|p1a: Xerneas|spe|1\n|\n|-heal|p1a: Xerneas|39\/100 tox|[from] ability: Poison Heal\n|upkeep\n|turn|53\n|\n|t:|1658933069\n|move|p1a: Xerneas|Strength Sap|p2a: Giratina\n|-unboost|p2a: Giratina|atk|1\n|-heal|p1a: Xerneas|93\/100 tox\n|move|p2a: Giratina|Hex|p1a: Xerneas\n|-damage|p1a: Xerneas|64\/100 tox\n|\n|-heal|p1a: Xerneas|76\/100 tox|[from] ability: Poison Heal\n|upkeep\n|turn|54\n|\n|t:|1658933072\n|move|p1a: Xerneas|Moonblast|p2a: Giratina\n|-supereffective|p2a: Giratina\n|-damage|p2a: Giratina|6\/100\n|-unboost|p2a: Giratina|spa|1\n|move|p2a: Giratina|Hex|p1a: Xerneas\n|-damage|p1a: Xerneas|56\/100 tox\n|\n|-heal|p1a: Xerneas|68\/100 tox|[from] ability: Poison Heal\n|upkeep\n|turn|55\n|\n|t:|1658933076\n|move|p1a: Xerneas|Moonblast|p2a: Giratina\n|-supereffective|p2a: Giratina\n|-damage|p2a: Giratina|0 fnt\n|faint|p2a: Giratina\n|\n|-heal|p1a: Xerneas|81\/100 tox|[from] ability: Poison Heal\n|upkeep\n|\n|t:|1658933077\n|switch|p2a: Mewtwo|Mewtwo|5\/100\n|-ability|p2a: Mewtwo|Teravolt\n|turn|56\n|\n|t:|1658933080\n|move|p1a: Xerneas|Moonblast|p2a: Mewtwo\n|-damage|p2a: Mewtwo|0 fnt\n|faint|p2a: Mewtwo\n|\n|win|Redflix\n|n|\u2606Redflix|redflix\n|n|\u2606A LOSR|alosr\n|n| omsrfun|omsrfun\n|n| Unviabriel|unviabriel\n|n| MGZ Arcanine|mgzarcanine\n|n| Z the Lord|zthelord\n","uploadtime":1658933081,"views":58,"p1id":"redflix","p2id":"alosr","formatid":"gen8balancedhackmons","rating":0,"private":0,"password":null}