{"id":"gen8sharedpower-1095303430","p1":"ferromolybdenum","p2":"Michzz","format":"gen8sharedpower","log":"|j|\u2606ferromolybdenum\n|j|\u2606Michzz\n|player|p1|ferromolybdenum|lucas|1199\n|player|p2|Michzz|170|1221\n|teamsize|p1|6\n|teamsize|p2|6\n|gametype|singles\n|gen|8\n|tier|[Gen 8] Shared Power\n|rated|\n|clearpoke\n|poke|p1|Frosmoth, M|\n|poke|p1|Persian-Alola, F|\n|poke|p1|Corviknight, F|\n|poke|p1|Avalugg, M|\n|poke|p1|Toxapex, F|\n|poke|p1|Rhyperior, M|\n|poke|p2|Lucario, F|\n|poke|p2|Roserade, M|\n|poke|p2|Coalossal, F|\n|poke|p2|Dhelmise|\n|poke|p2|Barbaracle, F|\n|poke|p2|Conkeldurr, M|\n|rule|Sleep Clause Mod: Limit one foe put to sleep\n|rule|Species Clause: Limit one of each Pok\u00e9mon\n|rule|OHKO Clause: OHKO moves are banned\n|rule|Evasion Moves Clause: Evasion moves are banned\n|rule|Endless Battle Clause: Forcing endless battles is banned\n|rule|HP Percentage Mod: HP is shown in percentages\n|rule|Dynamax Clause: You cannot dynamax\n|teampreview\n|\n|start\n|switch|p1a: Persian|Persian-Alola, F|100\/100\n|switch|p2a: Coalossal|Coalossal, F|100\/100\n|turn|1\n|\n|move|p1a: Persian|Parting Shot|p2a: Coalossal\n|-unboost|p2a: Coalossal|atk|1\n|-unboost|p2a: Coalossal|spa|1\n|\n|switch|p1a: Frosmoth|Frosmoth, M|100\/100|[from]move: Parting Shot\n|move|p2a: Coalossal|Body Press|p1a: Frosmoth\n|-damage|p1a: Frosmoth|72\/100\n|\n|upkeep\n|turn|2\n|\n|switch|p1a: Rhyperior|Rhyperior, M|100\/100\n|move|p2a: Coalossal|Stealth Rock|p1a: Rhyperior\n|-sidestart|p1: ferromolybdenum|move: Stealth Rock\n|\n|upkeep\n|turn|3\n|\n|switch|p1a: Corviknight|Corviknight, F|100\/100\n|-damage|p1a: Corviknight|88\/100|[from] Stealth Rock\n|-ability|p1a: Corviknight|Pressure\n|move|p2a: Coalossal|Spikes|p1a: Corviknight\n|-sidestart|p1: ferromolybdenum|Spikes\n|\n|-heal|p1a: Corviknight|94\/100|[from] item: Leftovers\n|upkeep\n|turn|4\n|\n|switch|p2a: Conkeldurr|Conkeldurr, M|100\/100\n|move|p1a: Corviknight|Defog|p2a: Conkeldurr\n|-unboost|p2a: Conkeldurr|evasion|1\n|-sideend|p1: ferromolybdenum|Spikes|[from] move: Defog|[of] p1a: Corviknight\n|-sideend|p1: ferromolybdenum|Stealth Rock|[from] move: Defog|[of] p1a: Corviknight\n|\n|-heal|p1a: Corviknight|100\/100|[from] item: Leftovers\n|upkeep\n|turn|5\n|j| Manon974\n|\n|move|p1a: Corviknight|Brave Bird|p2a: Conkeldurr\n|-supereffective|p2a: Conkeldurr\n|-damage|p2a: Conkeldurr|33\/100\n|-damage|p1a: Corviknight|77\/100|[from] Recoil\n|move|p2a: Conkeldurr|Bulk Up|p2a: Conkeldurr\n|-boost|p2a: Conkeldurr|atk|1\n|-boost|p2a: Conkeldurr|def|1\n|\n|-heal|p1a: Corviknight|84\/100|[from] item: Leftovers\n|upkeep\n|turn|6\n|\n|switch|p2a: Barbaracle|Barbaracle, F|100\/100\n|move|p1a: Corviknight|Brave Bird|p2a: Barbaracle\n|-resisted|p2a: Barbaracle\n|-damage|p2a: Barbaracle|82\/100\n|-damage|p1a: Corviknight|79\/100|[from] Recoil\n|\n|-heal|p1a: Corviknight|85\/100|[from] item: Leftovers\n|upkeep\n|turn|7\n|\n|switch|p2a: Roserade|Roserade, M|100\/100\n|move|p1a: Corviknight|U-turn|p2a: Roserade\n|-crit|p2a: Roserade\n|-damage|p2a: Roserade|63\/100\n|\n|switch|p1a: Toxapex|Toxapex, F|100\/100|[from]move: U-turn\n|-ability|p1a: Toxapex|Pressure\n|\n|upkeep\n|turn|8\n|l| Manon974\n|\n|switch|p1a: Corviknight|Corviknight, F|85\/100\n|-ability|p1a: Corviknight|Pressure\n|move|p2a: Roserade|Extrasensory|p1a: Corviknight\n|-resisted|p1a: Corviknight\n|-damage|p1a: Corviknight|79\/100\n|\n|-heal|p1a: Corviknight|85\/100|[from] item: Leftovers\n|upkeep\n|turn|9\n|\n|move|p2a: Roserade|Extrasensory|p1a: Corviknight\n|-resisted|p1a: Corviknight\n|-damage|p1a: Corviknight|79\/100\n|move|p1a: Corviknight|Defog|p2a: Roserade\n|-unboost|p2a: Roserade|evasion|1\n|\n|-heal|p1a: Corviknight|85\/100|[from] item: Leftovers\n|upkeep\n|turn|10\n|\n|switch|p2a: Coalossal|Coalossal, F|100\/100\n|move|p1a: Corviknight|Brave Bird|p2a: Coalossal\n|-resisted|p2a: Coalossal\n|-damage|p2a: Coalossal|91\/100\n|-damage|p1a: Corviknight|82\/100|[from] Recoil\n|\n|-heal|p1a: Corviknight|88\/100|[from] item: Leftovers\n|upkeep\n|turn|11\n|\n|switch|p1a: Rhyperior|Rhyperior, M|100\/100\n|-ability|p1a: Rhyperior|Pressure\n|move|p2a: Coalossal|Body Press|p1a: Rhyperior\n|-supereffective|p1a: Rhyperior\n|-damage|p1a: Rhyperior|82\/100\n|\n|-heal|p1a: Rhyperior|88\/100|[from] item: Leftovers\n|upkeep\n|turn|12\n|\n|move|p1a: Rhyperior|Earthquake|p2a: Coalossal\n|-supereffective|p2a: Coalossal\n|-damage|p2a: Coalossal|0 fnt\n|faint|p2a: Coalossal\n|\n|-heal|p1a: Rhyperior|94\/100|[from] item: Leftovers\n|upkeep\n|\n|switch|p2a: Dhelmise|Dhelmise|100\/100\n|turn|13\n|\n|switch|p1a: Corviknight|Corviknight, F|100\/100\n|-ability|p1a: Corviknight|Pressure\n|move|p2a: Dhelmise|Knock Off|p1a: Corviknight\n|-damage|p1a: Corviknight|80\/100\n|-enditem|p1a: Corviknight|Leftovers|[from] move: Knock Off|[of] p2a: Dhelmise\n|\n|upkeep\n|turn|14\n|\n|switch|p2a: Conkeldurr|Conkeldurr, M|33\/100\n|move|p1a: Corviknight|Brave Bird|p2a: Conkeldurr\n|-supereffective|p2a: Conkeldurr\n|-damage|p2a: Conkeldurr|0 fnt\n|-damage|p1a: Corviknight|69\/100|[from] Recoil\n|faint|p2a: Conkeldurr\n|\n|upkeep\n|\n|switch|p2a: Barbaracle|Barbaracle, F|82\/100\n|turn|15\n|\n|switch|p1a: Avalugg|Avalugg, M|100\/100\n|-ability|p1a: Avalugg|Pressure\n|move|p2a: Barbaracle|Shell Smash|p2a: Barbaracle\n|-unboost|p2a: Barbaracle|def|1\n|-unboost|p2a: Barbaracle|spd|1\n|-boost|p2a: Barbaracle|atk|2\n|-boost|p2a: Barbaracle|spa|2\n|-boost|p2a: Barbaracle|spe|2\n|-enditem|p2a: Barbaracle|White Herb\n|-clearnegativeboost|p2a: Barbaracle|[silent]\n|\n|upkeep\n|turn|16\n|\n|move|p2a: Barbaracle|Rock Tomb|p1a: Avalugg\n|-supereffective|p1a: Avalugg\n|-damage|p1a: Avalugg|70\/100\n|move|p1a: Avalugg|Body Press|p2a: Barbaracle\n|-supereffective|p2a: Barbaracle\n|-damage|p2a: Barbaracle|0 fnt\n|faint|p2a: Barbaracle\n|\n|upkeep\n|\n|switch|p2a: Lucario|Lucario, F|100\/100\n|turn|17\n|\n|move|p2a: Lucario|Force Palm|p1a: Avalugg\n|-supereffective|p1a: Avalugg\n|-damage|p1a: Avalugg|45\/100\n|move|p1a: Avalugg|Body Press|p2a: Lucario\n|-supereffective|p2a: Lucario\n|-damage|p2a: Lucario|0 fnt\n|faint|p2a: Lucario\n|\n|upkeep\n|-message|Michzz forfeited.\n|\n|win|ferromolybdenum\n|l|\u2606Michzz\n|raw|ferromolybdenum's rating: 1199 &rarr; <strong>1226<\/strong><br \/>(+27 for winning)\n|raw|Michzz's rating: 1221 &rarr; <strong>1195<\/strong><br \/>(-26 for losing)\n","uploadtime":1586687613,"views":13,"p1id":"ferromolybdenum","p2id":"michzz","formatid":"gen8sharedpower","rating":1195,"private":0,"password":null}