{"id":"gen8ou-1694201814","p1":"minimax_ai","p2":"Kwaga","format":"gen8ou","log":"|html|<div class=\"broadcast-blue\"><strong>[Gen 8] OU is currently suspecting Melmetal! For information on how to participate check out the <a href=\"https:\/\/www.smogon.com\/forums\/threads\/np-ss-ou-suspect-process-round-12-monster-mash.3709234\/\">suspect thread<\/a>.<\/strong><\/div>\n|j|\u2606minimax_ai\n|j|\u2606Kwaga\n|t:|1666676816\n|gametype|singles\n|player|p1|minimax_ai|lusamine-nihilego|1651\n|player|p2|Kwaga|brock-gen1rb|1668\n|teamsize|p1|6\n|teamsize|p2|6\n|gen|8\n|tier|[Gen 8] OU\n|rated|\n|rule|Sleep Clause Mod: Limit one foe put to sleep\n|rule|Species Clause: Limit one of each Pok\u00e9mon\n|rule|OHKO Clause: OHKO moves are banned\n|rule|Evasion Items Clause: Evasion items are banned\n|rule|Evasion Moves Clause: Evasion moves are banned\n|rule|Endless Battle Clause: Forcing endless battles is banned\n|rule|HP Percentage Mod: HP is shown in percentages\n|rule|Dynamax Clause: You cannot dynamax\n|clearpoke\n|poke|p1|Rotom-Wash|\n|poke|p1|Weavile, F|\n|poke|p1|Landorus-Therian, M|\n|poke|p1|Heatran, M|\n|poke|p1|Tangrowth, M|\n|poke|p1|Melmetal|\n|poke|p2|Weavile, M|\n|poke|p2|Melmetal|\n|poke|p2|Kartana|\n|poke|p2|Volcanion|\n|poke|p2|Zapdos|\n|poke|p2|Landorus-Therian, M|\n|teampreview\n|c|\u2606minimax_ai|hf\n|inactive|Battle timer is ON: inactive players will automatically lose when time's up. (requested by minimax_ai)\n|j| Dr John Jasper\n|l| Dr John Jasper\n|j| coral \u2665 fan\n|\n|t:|1666676836\n|start\n|switch|p1a: rotomwash|Rotom-Wash|100\/100\n|switch|p2a: Volcanion|Volcanion|100\/100\n|turn|1\n|j| M comics am\n|j| cypherstest\n|\n|t:|1666676846\n|switch|p2a: Landorus|Landorus-Therian, M|100\/100\n|-ability|p2a: Landorus|Intimidate|boost\n|-unboost|p1a: rotomwash|atk|1\n|move|p1a: rotomwash|Thunderbolt|p2a: Landorus\n|-immune|p2a: Landorus\n|\n|upkeep\n|turn|2\n|\n|t:|1666676871\n|switch|p2a: Zapdos|Zapdos|100\/100\n|move|p1a: rotomwash|Hydro Pump|p2a: Zapdos|[miss]\n|-miss|p1a: rotomwash|p2a: Zapdos\n|\n|upkeep\n|turn|3\n|\n|t:|1666676873\n|switch|p1a: landorustherian|Landorus-Therian, M|100\/100\n|-ability|p1a: landorustherian|Intimidate|boost\n|-unboost|p2a: Zapdos|atk|1\n|move|p2a: Zapdos|Volt Switch|p1a: landorustherian\n|-immune|p1a: landorustherian\n|\n|upkeep\n|turn|4\n|\n|t:|1666676879\n|move|p2a: Zapdos|Hurricane|p1a: landorustherian\n|-damage|p1a: landorustherian|60\/100\n|-start|p1a: landorustherian|confusion\n|-activate|p1a: landorustherian|confusion\n|move|p1a: landorustherian|Toxic|p2a: Zapdos\n|-status|p2a: Zapdos|tox\n|\n|-heal|p1a: landorustherian|66\/100|[from] item: Leftovers\n|-damage|p2a: Zapdos|94\/100 tox|[from] psn\n|upkeep\n|turn|5\n|\n|t:|1666676883\n|move|p2a: Zapdos|Hurricane|p1a: landorustherian\n|-damage|p1a: landorustherian|23\/100\n|-activate|p1a: landorustherian|confusion\n|move|p1a: landorustherian|Toxic|p2a: Zapdos\n|-fail|p2a: Zapdos|tox\n|\n|-heal|p1a: landorustherian|29\/100|[from] item: Leftovers\n|-damage|p2a: Zapdos|82\/100 tox|[from] psn\n|upkeep\n|turn|6\n|\n|t:|1666676885\n|switch|p1a: Melmetal|Melmetal|100\/100\n|move|p2a: Zapdos|Hurricane|p1a: Melmetal|[miss]\n|-miss|p2a: Zapdos|p1a: Melmetal\n|\n|-damage|p2a: Zapdos|63\/100 tox|[from] psn\n|upkeep\n|turn|7\n|\n|t:|1666676887\n|switch|p1a: landorustherian|Landorus-Therian, M|29\/100\n|-ability|p1a: landorustherian|Intimidate|boost\n|-unboost|p2a: Zapdos|atk|1\n|move|p2a: Zapdos|Volt Switch|p1a: landorustherian\n|-immune|p1a: landorustherian\n|\n|-heal|p1a: landorustherian|35\/100|[from] item: Leftovers\n|-damage|p2a: Zapdos|38\/100 tox|[from] psn\n|upkeep\n|turn|8\n|\n|t:|1666676889\n|move|p2a: Zapdos|Roost|p2a: Zapdos\n|-heal|p2a: Zapdos|88\/100 tox\n|-singleturn|p2a: Zapdos|move: Roost\n|move|p1a: landorustherian|Toxic|p2a: Zapdos\n|-fail|p2a: Zapdos|tox\n|\n|-heal|p1a: landorustherian|41\/100|[from] item: Leftovers\n|-damage|p2a: Zapdos|57\/100 tox|[from] psn\n|upkeep\n|turn|9\n|\n|t:|1666676894\n|move|p2a: Zapdos|Hurricane|p1a: landorustherian|[miss]\n|-miss|p2a: Zapdos|p1a: landorustherian\n|move|p1a: landorustherian|Toxic|p2a: Zapdos\n|-fail|p2a: Zapdos|tox\n|\n|-heal|p1a: landorustherian|47\/100|[from] item: Leftovers\n|-damage|p2a: Zapdos|20\/100 tox|[from] psn\n|upkeep\n|turn|10\n|c| cypherstest|almost a mirror match lol\n|j| De5tr0yr\n|\n|t:|1666676899\n|switch|p2a: Kartana|Kartana, shiny|100\/100\n|move|p1a: landorustherian|Toxic|p2a: Kartana\n|-immune|p2a: Kartana\n|\n|-heal|p1a: landorustherian|53\/100|[from] item: Leftovers\n|upkeep\n|turn|11\n|\n|t:|1666676903\n|switch|p1a: Tangrowth|Tangrowth, M|100\/100\n|move|p2a: Kartana|Knock Off|p1a: Tangrowth\n|-damage|p1a: Tangrowth|76\/100\n|-damage|p2a: Kartana|84\/100|[from] item: Rocky Helmet|[of] p1a: Tangrowth\n|-enditem|p1a: Tangrowth|Rocky Helmet|[from] move: Knock Off|[of] p2a: Kartana\n|\n|upkeep\n|turn|12\n|\n|t:|1666676928\n|switch|p2a: Volcanion|Volcanion|100\/100\n|move|p1a: Tangrowth|Knock Off|p2a: Volcanion\n|-damage|p2a: Volcanion|79\/100\n|-enditem|p2a: Volcanion|Choice Specs|[from] move: Knock Off|[of] p1a: Tangrowth\n|\n|upkeep\n|turn|13\n|\n|t:|1666676931\n|switch|p2a: Weavile|Weavile, M|100\/100\n|-ability|p2a: Weavile|Pressure\n|switch|p1a: rotomwash|Rotom-Wash|100\/100\n|\n|upkeep\n|turn|14\n|\n|t:|1666676937\n|move|p2a: Weavile|Beat Up|p1a: rotomwash\n|-damage|p1a: rotomwash|87\/100\n|-damage|p1a: rotomwash|71\/100\n|-damage|p1a: rotomwash|56\/100\n|-damage|p1a: rotomwash|40\/100\n|-damage|p1a: rotomwash|20\/100\n|-hitcount|p1a: rotomwash|5\n|move|p1a: rotomwash|Thunderbolt|p2a: Weavile\n|-damage|p2a: Weavile|50\/100\n|\n|-heal|p1a: rotomwash|26\/100|[from] item: Leftovers\n|upkeep\n|turn|15\n|c| coral \u2665 fan|weave melm lando is super common so not that surprising\n|\n|t:|1666676940\n|move|p2a: Weavile|Beat Up|p1a: rotomwash\n|-damage|p1a: rotomwash|10\/100\n|-damage|p1a: rotomwash|0 fnt\n|faint|p1a: rotomwash\n|-hitcount|p1: rotomwash|2\n|\n|upkeep\n|\n|t:|1666676940\n|switch|p1a: Heatran|Heatran, M|100\/100\n|-item|p1a: Heatran|Air Balloon\n|turn|16\n|j| njhjj\n|\n|t:|1666676943\n|switch|p2a: Volcanion|Volcanion|79\/100\n|move|p1a: Heatran|Magma Storm|p2a: Volcanion|[miss]\n|-miss|p1a: Heatran|p2a: Volcanion\n|\n|upkeep\n|turn|17\n|\n|t:|1666676946\n|move|p1a: Heatran|Earth Power|p2a: Volcanion\n|-supereffective|p2a: Volcanion\n|-damage|p2a: Volcanion|0 fnt\n|faint|p2a: Volcanion\n|\n|upkeep\n|c| cypherstest|tru\n|\n|t:|1666676951\n|switch|p2a: Landorus|Landorus-Therian, M|100\/100\n|-ability|p2a: Landorus|Intimidate|boost\n|-unboost|p1a: Heatran|atk|1\n|turn|18\n|\n|t:|1666676952\n|move|p1a: Heatran|Eruption|p2a: Landorus\n|-damage|p2a: Landorus|43\/100\n|move|p2a: Landorus|U-turn|p1a: Heatran\n|-resisted|p1a: Heatran\n|-damage|p1a: Heatran|95\/100\n|-enditem|p1a: Heatran|Air Balloon\n|j| Ctannn\n|\n|t:|1666676959\n|switch|p2a: Weavile|Weavile, M|50\/100|[from]move: U-turn\n|-ability|p2a: Weavile|Pressure\n|\n|upkeep\n|turn|19\n|\n|t:|1666676961\n|move|p2a: Weavile|Knock Off|p1a: Heatran\n|-damage|p1a: Heatran|42\/100\n|move|p1a: Heatran|Magma Storm|p2a: Weavile\n|-supereffective|p2a: Weavile\n|-damage|p2a: Weavile|0 fnt\n|faint|p2a: Weavile\n|\n|upkeep\n|j| KangkongNation\n|\n|t:|1666676965\n|switch|p2a: Landorus|Landorus-Therian, M|43\/100\n|-ability|p2a: Landorus|Intimidate|boost\n|-unboost|p1a: Heatran|atk|1\n|turn|20\n|\n|t:|1666676967\n|move|p1a: Heatran|Magma Storm|p2a: Landorus\n|-damage|p2a: Landorus|3\/100\n|-activate|p2a: Landorus|move: Magma Storm|[of] p1a: Heatran\n|move|p2a: Landorus|Earthquake|p1a: Heatran\n|-supereffective|p1a: Heatran\n|-damage|p1a: Heatran|0 fnt\n|faint|p1a: Heatran\n|\n|-heal|p2a: Landorus|9\/100|[from] item: Leftovers\n|-end|p2a: Landorus|Magma Storm|[partiallytrapped]|[silent]\n|upkeep\n|\n|t:|1666676967\n|switch|p1a: Weavile|Weavile, F|100\/100\n|-ability|p1a: Weavile|Pressure\n|turn|21\n|\n|t:|1666676970\n|move|p1a: Weavile|Low Kick|p2a: Landorus\n|-resisted|p2a: Landorus\n|-damage|p2a: Landorus|0 fnt\n|faint|p2a: Landorus\n|\n|upkeep\n|\n|t:|1666676974\n|switch|p2a: Melmetal|Melmetal|100\/100\n|turn|22\n|\n|t:|1666676976\n|switch|p1a: Tangrowth|Tangrowth, M|100\/100\n|move|p2a: Melmetal|Double Iron Bash|p1a: Tangrowth\n|-damage|p1a: Tangrowth|69\/100\n|-damage|p1a: Tangrowth|37\/100\n|-hitcount|p1a: Tangrowth|2\n|\n|upkeep\n|turn|23\n|\n|t:|1666676977\n|switch|p1a: Melmetal|Melmetal|100\/100\n|move|p2a: Melmetal|Double Iron Bash|p1a: Melmetal\n|-resisted|p1a: Melmetal\n|-crit|p1a: Melmetal\n|-damage|p1a: Melmetal|71\/100\n|-resisted|p1a: Melmetal\n|-damage|p1a: Melmetal|54\/100\n|-hitcount|p1a: Melmetal|2\n|\n|upkeep\n|turn|24\n|\n|t:|1666676981\n|switch|p2a: Zapdos|Zapdos|20\/100 tox\n|move|p1a: Melmetal|Double Iron Bash|p2a: Zapdos\n|-resisted|p2a: Zapdos\n|-damage|p2a: Zapdos|0 fnt\n|faint|p2a: Zapdos\n|-hitcount|p2: Zapdos|1\n|\n|upkeep\n|l| KangkongNation\n|\n|t:|1666676985\n|switch|p2a: Melmetal|Melmetal|100\/100\n|turn|25\n|j| KangkongNation\n|\n|t:|1666676987\n|move|p2a: Melmetal|Double Iron Bash|p1a: Melmetal\n|-resisted|p1a: Melmetal\n|-damage|p1a: Melmetal|35\/100\n|-resisted|p1a: Melmetal\n|-damage|p1a: Melmetal|15\/100\n|-hitcount|p1a: Melmetal|2\n|move|p1a: Melmetal|Double Iron Bash|p2a: Melmetal\n|-resisted|p2a: Melmetal\n|-damage|p2a: Melmetal|89\/100\n|-resisted|p2a: Melmetal\n|-damage|p2a: Melmetal|77\/100\n|-hitcount|p2a: Melmetal|2\n|\n|upkeep\n|turn|26\n|\n|t:|1666676990\n|move|p2a: Melmetal|Double Iron Bash|p1a: Melmetal\n|-resisted|p1a: Melmetal\n|-damage|p1a: Melmetal|0 fnt\n|faint|p1a: Melmetal\n|-hitcount|p1: Melmetal|1\n|\n|upkeep\n|\n|t:|1666676990\n|switch|p1a: landorustherian|Landorus-Therian, M|53\/100\n|-ability|p1a: landorustherian|Intimidate|boost\n|-unboost|p2a: Melmetal|atk|1\n|turn|27\n|\n|t:|1666676993\n|switch|p2a: Kartana|Kartana, shiny|84\/100\n|move|p1a: landorustherian|U-turn|p2a: Kartana\n|-damage|p2a: Kartana|60\/100\n|\n|t:|1666676993\n|switch|p1a: Tangrowth|Tangrowth, M|70\/100|[from]move: U-turn\n|\n|upkeep\n|turn|28\n|\n|t:|1666676998\n|switch|p2a: Melmetal|Melmetal|77\/100\n|move|p1a: Tangrowth|Focus Blast|p2a: Melmetal|[miss]\n|-miss|p1a: Tangrowth|p2a: Melmetal\n|\n|upkeep\n|turn|29\n|\n|t:|1666677000\n|move|p2a: Melmetal|Double Iron Bash|p1a: Tangrowth\n|-damage|p1a: Tangrowth|38\/100\n|-damage|p1a: Tangrowth|2\/100\n|-hitcount|p1a: Tangrowth|2\n|cant|p1a: Tangrowth|flinch\n|\n|upkeep\n|turn|30\n|\n|t:|1666677002\n|move|p2a: Melmetal|Double Iron Bash|p1a: Tangrowth\n|-damage|p1a: Tangrowth|0 fnt\n|faint|p1a: Tangrowth\n|-hitcount|p1: Tangrowth|1\n|\n|upkeep\n|\n|t:|1666677003\n|switch|p1a: landorustherian|Landorus-Therian, M|53\/100\n|-ability|p1a: landorustherian|Intimidate|boost\n|-unboost|p2a: Melmetal|atk|1\n|turn|31\n|\n|t:|1666677004\n|move|p1a: landorustherian|Earthquake|p2a: Melmetal\n|-supereffective|p2a: Melmetal\n|-damage|p2a: Melmetal|19\/100\n|move|p2a: Melmetal|Double Iron Bash|p1a: landorustherian\n|-damage|p1a: landorustherian|6\/100\n|-damage|p1a: landorustherian|0 fnt\n|faint|p1a: landorustherian\n|-hitcount|p1: landorustherian|2\n|\n|upkeep\n|\n|t:|1666677004\n|switch|p1a: Weavile|Weavile, F|100\/100\n|-ability|p1a: Weavile|Pressure\n|turn|32\n|l| KangkongNation\n|j| KangkongNation\n|\n|t:|1666677007\n|move|p1a: Weavile|Triple Axel|p2a: Melmetal\n|-resisted|p2a: Melmetal\n|-damage|p2a: Melmetal|14\/100\n|-resisted|p2a: Melmetal\n|-damage|p2a: Melmetal|5\/100\n|-resisted|p2a: Melmetal\n|-crit|p2a: Melmetal\n|-damage|p2a: Melmetal|0 fnt\n|faint|p2a: Melmetal\n|-hitcount|p2: Melmetal|3\n|\n|upkeep\n|\n|t:|1666677008\n|switch|p2a: Kartana|Kartana, shiny|60\/100\n|turn|33\n|\n|t:|1666677009\n|move|p2a: Kartana|Sacred Sword|p1a: Weavile\n|-supereffective|p1a: Weavile\n|-damage|p1a: Weavile|0 fnt\n|faint|p1a: Weavile\n|\n|win|Kwaga\n|raw|minimax_ai's rating: 1651 &rarr; <strong>1632<\/strong><br \/>(-19 for losing)\n|raw|Kwaga's rating: 1668 &rarr; <strong>1687<\/strong><br \/>(+19 for winning)\n|c|\u2606minimax_ai|gg\n","uploadtime":1666677010,"views":4,"p1id":"minimaxai","p2id":"kwaga","formatid":"gen8ou","rating":1632,"private":0,"password":null}