{"id":"gen8nationaldex-1604089021","p1":"RTSG tests","p2":"NDLT3EXR soccermom","format":"gen8nationaldex","log":"|raw|<div class=\"broadcast-blue\"><strong>This battle is required to be public due to a player having a name starting with 'ndlt3exr'.<\/div>\n|j|\u2606RTSG tests\n|j|\u2606NDLT3EXR soccermom\n|t:|1656183127\n|gametype|singles\n|player|p1|RTSG tests|birdkeeper|1594\n|player|p2|NDLT3EXR soccermom|adaman|1681\n|teamsize|p1|6\n|teamsize|p2|6\n|gen|8\n|tier|[Gen 8] National Dex\n|rated|\n|rule|HP Percentage Mod: HP is shown in percentages\n|rule|Endless Battle Clause: Forcing endless battles is banned\n|rule|OHKO Clause: OHKO moves are banned\n|rule|Evasion Moves Clause: Evasion moves are banned\n|rule|Species Clause: Limit one of each Pok\u00e9mon\n|rule|Dynamax Clause: You cannot dynamax\n|rule|Sleep Clause Mod: Limit one foe put to sleep\n|clearpoke\n|poke|p1|Sceptile, M|\n|poke|p1|Rillaboom, M|\n|poke|p1|Tyranitar, F|\n|poke|p1|Magnezone|\n|poke|p1|Azumarill, F|\n|poke|p1|Landorus-Therian, M|\n|poke|p2|Greninja, M|\n|poke|p2|Kartana|\n|poke|p2|Hatterene, F|\n|poke|p2|Landorus-Therian, M|\n|poke|p2|Tapu Lele|\n|poke|p2|Mawile, F|\n|teampreview\n|inactive|Battle timer is ON: inactive players will automatically lose when time's up. (requested by NDLT3EXR soccermom)\n|\n|t:|1656183134\n|start\n|switch|p1a: Rillaboom|Rillaboom, M|100\/100\n|switch|p2a: Greninja|Greninja, M|100\/100\n|-fieldstart|move: Grassy Terrain|[from] ability: Grassy Surge|[of] p1a: Rillaboom\n|turn|1\n|\n|t:|1656183138\n|switch|p2a: Mawile|Mawile, F|100\/100\n|-ability|p2a: Mawile|Intimidate|boost\n|-unboost|p1a: Rillaboom|atk|1\n|move|p1a: Rillaboom|U-turn|p2a: Mawile\n|-resisted|p2a: Mawile\n|-damage|p2a: Mawile|91\/100\n|\n|t:|1656183140\n|switch|p1a: Magnezone|Magnezone|100\/100|[from]move: U-turn\n|\n|-heal|p2a: Mawile|97\/100|[from] Grassy Terrain\n|upkeep\n|turn|2\n|\n|t:|1656183143\n|detailschange|p2a: Mawile|Mawile-Mega, F\n|-mega|p2a: Mawile|Mawile|Mawilite\n|-zpower|p1a: Magnezone\n|move|p1a: Magnezone|Gigavolt Havoc|p2a: Mawile|[zeffect]\n|-damage|p2a: Mawile|0 fnt\n|faint|p2a: Mawile\n|\n|upkeep\n|\n|t:|1656183149\n|switch|p2a: Landorus|Landorus-Therian, M|100\/100\n|-ability|p2a: Landorus|Intimidate|boost\n|-unboost|p1a: Magnezone|atk|1\n|turn|3\n|\n|t:|1656183153\n|move|p2a: Landorus|Stealth Rock|p1a: Magnezone\n|-sidestart|p1: RTSG tests|move: Stealth Rock\n|move|p1a: Magnezone|Flash Cannon|p2a: Landorus\n|-damage|p2a: Landorus|49\/100\n|\n|upkeep\n|turn|4\n|\n|t:|1656183157\n|switch|p1a: Landorus|Landorus-Therian, M|100\/100\n|-damage|p1a: Landorus|88\/100|[from] Stealth Rock\n|-ability|p1a: Landorus|Intimidate|boost\n|-unboost|p2a: Landorus|atk|1\n|move|p2a: Landorus|Earthquake|p1a: Landorus\n|-immune|p1a: Landorus\n|\n|upkeep\n|turn|5\n|\n|t:|1656183164\n|move|p1a: Landorus|U-turn|p2a: Landorus\n|-resisted|p2a: Landorus\n|-damage|p2a: Landorus|40\/100\n|-damage|p1a: Landorus|72\/100|[from] item: Rocky Helmet|[of] p2a: Landorus\n|\n|t:|1656183167\n|switch|p1a: Magnezone|Magnezone|100\/100|[from]move: U-turn\n|-damage|p1a: Magnezone|94\/100|[from] Stealth Rock\n|move|p2a: Landorus|Toxic|p1a: Magnezone\n|-immune|p1a: Magnezone\n|\n|-heal|p1a: Magnezone|100\/100|[from] Grassy Terrain\n|-fieldend|move: Grassy Terrain\n|upkeep\n|turn|6\n|\n|t:|1656183174\n|switch|p1a: Landorus|Landorus-Therian, M|72\/100\n|-damage|p1a: Landorus|59\/100|[from] Stealth Rock\n|-ability|p1a: Landorus|Intimidate|boost\n|-unboost|p2a: Landorus|atk|1\n|move|p2a: Landorus|Earthquake|p1a: Landorus\n|-immune|p1a: Landorus\n|\n|upkeep\n|turn|7\n|\n|t:|1656183180\n|move|p1a: Landorus|Defog|p2a: Landorus\n|-unboost|p2a: Landorus|evasion|1\n|-sideend|p1: RTSG tests|Stealth Rock|[from] move: Defog|[of] p1a: Landorus\n|move|p2a: Landorus|Toxic|p1a: Landorus\n|-status|p1a: Landorus|tox\n|\n|-damage|p1a: Landorus|53\/100 tox|[from] psn\n|upkeep\n|turn|8\n|\n|t:|1656183183\n|switch|p1a: Sceptile|Sceptile, M|100\/100\n|move|p2a: Landorus|Stealth Rock|p1a: Sceptile\n|-sidestart|p1: RTSG tests|move: Stealth Rock\n|\n|upkeep\n|turn|9\n|\n|t:|1656183187\n|detailschange|p1a: Sceptile|Sceptile-Mega, M\n|-mega|p1a: Sceptile|Sceptile|Sceptilite\n|move|p1a: Sceptile|Dragon Pulse|p2a: Landorus\n|-damage|p2a: Landorus|0 fnt\n|faint|p2a: Landorus\n|\n|upkeep\n|j| CCPs2 ad\n|\n|t:|1656183194\n|switch|p2a: Korago FF Plz|Tapu Lele, shiny|100\/100\n|-fieldstart|move: Psychic Terrain|[from] ability: Psychic Surge|[of] p2a: Korago FF Plz\n|turn|10\n|j| Boulicrok\n|\n|t:|1656183202\n|switch|p1a: Azumarill|Azumarill, F|100\/100\n|-damage|p1a: Azumarill|88\/100|[from] Stealth Rock\n|move|p2a: Korago FF Plz|Moonblast|p1a: Azumarill\n|-damage|p1a: Azumarill|45\/100\n|-unboost|p1a: Azumarill|spa|1\n|\n|upkeep\n|turn|11\n|\n|t:|1656183209\n|move|p2a: Korago FF Plz|Thunderbolt|p1a: Azumarill\n|-supereffective|p1a: Azumarill\n|-damage|p1a: Azumarill|0 fnt\n|faint|p1a: Azumarill\n|\n|upkeep\n|\n|t:|1656183213\n|switch|p1a: Rillaboom|Rillaboom, M|100\/100\n|-damage|p1a: Rillaboom|88\/100|[from] Stealth Rock\n|-fieldstart|move: Grassy Terrain|[from] ability: Grassy Surge|[of] p1a: Rillaboom\n|turn|12\n|\n|t:|1656183223\n|move|p1a: Rillaboom|Grassy Glide|p2a: Korago FF Plz\n|-damage|p2a: Korago FF Plz|0 fnt\n|faint|p2a: Korago FF Plz\n|\n|-heal|p1a: Rillaboom|94\/100|[from] Grassy Terrain\n|upkeep\n|\n|t:|1656183225\n|switch|p2a: Kartana|Kartana, shiny|100\/100\n|turn|13\n|\n|t:|1656183229\n|switch|p1a: Landorus|Landorus-Therian, M|53\/100 tox\n|-damage|p1a: Landorus|41\/100 tox|[from] Stealth Rock\n|-ability|p1a: Landorus|Intimidate|boost\n|-unboost|p2a: Kartana|atk|1\n|move|p2a: Kartana|Sacred Sword|p1a: Landorus\n|-resisted|p1a: Landorus\n|-damage|p1a: Landorus|25\/100 tox\n|\n|-damage|p1a: Landorus|19\/100 tox|[from] psn\n|upkeep\n|turn|14\n|\n|t:|1656183238\n|switch|p2a: Hatterene|Hatterene, F|100\/100\n|move|p1a: Landorus|Defog|p2a: Hatterene\n|move|p2a: Hatterene|Defog|p1a: Landorus|[from]ability: Magic Bounce\n|-unboost|p1a: Landorus|evasion|1\n|-sideend|p1: RTSG tests|Stealth Rock|[from] move: Defog|[of] p2a: Hatterene\n|-fieldend|move: Grassy Terrain\n|\n|-damage|p1a: Landorus|7\/100 tox|[from] psn\n|upkeep\n|turn|15\n|\n|t:|1656183247\n|switch|p1a: Tyranitar|Tyranitar, F|100\/100\n|-weather|Sandstorm|[from] ability: Sand Stream|[of] p1a: Tyranitar\n|move|p2a: Hatterene|Trick Room|p2a: Hatterene\n|-fieldstart|move: Trick Room|[of] p2a: Hatterene\n|\n|-weather|Sandstorm|[upkeep]\n|-damage|p2a: Hatterene|95\/100|[from] Sandstorm\n|upkeep\n|turn|16\n|\n|t:|1656183252\n|switch|p1a: Landorus|Landorus-Therian, M|7\/100 tox\n|-ability|p1a: Landorus|Intimidate|boost\n|-unboost|p2a: Hatterene|atk|1\n|move|p2a: Hatterene|Draining Kiss|p1a: Landorus\n|-damage|p1a: Landorus|0 fnt\n|-heal|p2a: Hatterene|99\/100|[from] drain|[of] p1a: Landorus\n|faint|p1a: Landorus\n|\n|-weather|Sandstorm|[upkeep]\n|-damage|p2a: Hatterene|93\/100|[from] Sandstorm\n|upkeep\n|\n|t:|1656183255\n|switch|p1a: Rillaboom|Rillaboom, M|94\/100\n|-fieldstart|move: Grassy Terrain|[from] ability: Grassy Surge|[of] p1a: Rillaboom\n|turn|17\n|\n|t:|1656183259\n|move|p1a: Rillaboom|Grassy Glide|p2a: Hatterene\n|-crit|p2a: Hatterene\n|-damage|p2a: Hatterene|0 fnt\n|faint|p2a: Hatterene\n|\n|-weather|Sandstorm|[upkeep]\n|-damage|p1a: Rillaboom|88\/100|[from] Sandstorm\n|-heal|p1a: Rillaboom|94\/100|[from] Grassy Terrain\n|upkeep\n|\n|t:|1656183260\n|switch|p2a: Kartana|Kartana, shiny|100\/100\n|turn|18\n|\n|t:|1656183268\n|switch|p1a: Magnezone|Magnezone|100\/100\n|move|p2a: Kartana|Sacred Sword|p1a: Magnezone\n|-supereffective|p1a: Magnezone\n|-damage|p1a: Magnezone|9\/100\n|\n|-weather|Sandstorm|[upkeep]\n|-heal|p1a: Magnezone|15\/100|[from] Grassy Terrain\n|upkeep\n|turn|19\n|\n|t:|1656183271\n|move|p1a: Magnezone|Hidden Power|p2a: Kartana\n|-supereffective|p2a: Kartana\n|-damage|p2a: Kartana|0 fnt\n|faint|p2a: Kartana\n|\n|-weather|none\n|-heal|p1a: Magnezone|21\/100|[from] Grassy Terrain\n|-fieldend|move: Trick Room\n|upkeep\n|\n|t:|1656183272\n|switch|p2a: Greninja|Greninja, M|100\/100\n|turn|20\n|\n|t:|1656183274\n|move|p2a: Greninja|Low Kick|p1a: Magnezone\n|-start|p2a: Greninja|typechange|Fighting|[from] ability: Protean\n|-supereffective|p1a: Magnezone\n|-damage|p1a: Magnezone|0 fnt\n|faint|p1a: Magnezone\n|\n|upkeep\n|\n|t:|1656183278\n|switch|p1a: Sceptile|Sceptile-Mega, M|100\/100\n|turn|21\n|\n|t:|1656183280\n|move|p1a: Sceptile|Leaf Storm|p2a: Greninja\n|-damage|p2a: Greninja|0 fnt\n|-unboost|p1a: Sceptile|spa|2\n|faint|p2a: Greninja\n|\n|win|RTSG tests\n|raw|RTSG tests's rating: 1594 &rarr; <strong>1619<\/strong><br \/>(+25 for winning)\n|raw|NDLT3EXR soccermom's rating: 1681 &rarr; <strong>1656<\/strong><br \/>(-25 for losing)\n|l|\u2606NDLT3EXR soccermom\n","uploadtime":1656183284,"views":15,"p1id":"rtsgtests","p2id":"ndlt3exrsoccermom","formatid":"gen8nationaldex","rating":1619,"private":0,"password":null}