{"id":"gen8ou-1578939733","p1":"MonkeKING69","p2":"SuperTheoryBros","format":"gen8ou","log":"|j|\u2606MonkeKING69\n|j|\u2606SuperTheoryBros\n|t:|1653047278\n|gametype|singles\n|player|p1|MonkeKING69|waiter|1737\n|player|p2|SuperTheoryBros|101|1677\n|teamsize|p1|6\n|teamsize|p2|6\n|gen|8\n|tier|[Gen 8] OU\n|rated|\n|rule|Sleep Clause Mod: Limit one foe put to sleep\n|rule|Species Clause: Limit one of each Pok\u00e9mon\n|rule|OHKO Clause: OHKO moves are banned\n|rule|Evasion Moves Clause: Evasion moves are banned\n|rule|Endless Battle Clause: Forcing endless battles is banned\n|rule|HP Percentage Mod: HP is shown in percentages\n|rule|Dynamax Clause: You cannot dynamax\n|clearpoke\n|poke|p1|Dragapult, M|\n|poke|p1|Magnezone|\n|poke|p1|Tornadus-Therian, M|\n|poke|p1|Tapu Lele|\n|poke|p1|Tapu Fini|\n|poke|p1|Landorus-Therian, M|\n|poke|p2|Grimmsnarl, M|\n|poke|p2|Golurk|\n|poke|p2|Blaziken, M|\n|poke|p2|Corviknight, M|\n|poke|p2|Mew|\n|poke|p2|Toxapex, M|\n|teampreview\n|\n|t:|1653047296\n|start\n|switch|p1a: Tornadus|Tornadus-Therian, M|100\/100\n|switch|p2a: Grimmsnarl|Grimmsnarl, M|100\/100\n|turn|1\n|\n|t:|1653047312\n|move|p2a: Grimmsnarl|Light Screen|p2a: Grimmsnarl\n|-sidestart|p2: SuperTheoryBros|move: Light Screen\n|move|p1a: Tornadus|Knock Off|p2a: Grimmsnarl\n|-resisted|p2a: Grimmsnarl\n|-damage|p2a: Grimmsnarl|96\/100\n|-enditem|p2a: Grimmsnarl|Light Clay|[from] move: Knock Off|[of] p1a: Tornadus\n|\n|upkeep\n|turn|2\n|j| Marsso\n|j| ashlacon\n|\n|t:|1653047340\n|switch|p2a: Golurk|Golurk|100\/100\n|move|p1a: Tornadus|U-turn|p2a: Golurk\n|-resisted|p2a: Golurk\n|-damage|p2a: Golurk|93\/100\n|\n|t:|1653047348\n|switch|p1a: Landorus|Landorus-Therian, M|100\/100|[from]move: U-turn\n|-ability|p1a: Landorus|Intimidate|boost\n|-unboost|p2a: Golurk|atk|1\n|\n|upkeep\n|turn|3\n|\n|t:|1653047356\n|move|p1a: Landorus|Stealth Rock|p2a: Golurk\n|-sidestart|p2: SuperTheoryBros|move: Stealth Rock\n|move|p2a: Golurk|Stealth Rock|p1a: Landorus\n|-sidestart|p1: MonkeKING69|move: Stealth Rock\n|\n|upkeep\n|turn|4\n|\n|t:|1653047376\n|switch|p2a: Corviknight|Corviknight, M|100\/100\n|-damage|p2a: Corviknight|88\/100|[from] Stealth Rock\n|-ability|p2a: Corviknight|Pressure\n|move|p1a: Landorus|Toxic|p2a: Corviknight\n|-immune|p2a: Corviknight\n|\n|upkeep\n|turn|5\n|l| Marsso\n|\n|t:|1653047384\n|move|p1a: Landorus|U-turn|p2a: Corviknight\n|-resisted|p2a: Corviknight\n|-damage|p2a: Corviknight|84\/100\n|\n|t:|1653047386\n|switch|p1a: Magnezone|Magnezone|100\/100|[from]move: U-turn\n|-damage|p1a: Magnezone|94\/100|[from] Stealth Rock\n|move|p2a: Corviknight|Agility|p2a: Corviknight\n|-boost|p2a: Corviknight|spe|2\n|\n|upkeep\n|turn|6\n|\n|t:|1653047410\n|move|p2a: Corviknight|Agility|p2a: Corviknight\n|-boost|p2a: Corviknight|spe|2\n|move|p1a: Magnezone|Iron Defense|p1a: Magnezone\n|-boost|p1a: Magnezone|def|2\n|\n|upkeep\n|turn|7\n|j| RealMadridOfficial\n|\n|t:|1653047452\n|move|p2a: Corviknight|Bulk Up|p2a: Corviknight\n|-boost|p2a: Corviknight|atk|1\n|-boost|p2a: Corviknight|def|1\n|move|p1a: Magnezone|Iron Defense|p1a: Magnezone\n|-boost|p1a: Magnezone|def|2\n|\n|upkeep\n|turn|8\n|\n|t:|1653047459\n|move|p2a: Corviknight|Bulk Up|p2a: Corviknight\n|-boost|p2a: Corviknight|atk|1\n|-boost|p2a: Corviknight|def|1\n|move|p1a: Magnezone|Iron Defense|p1a: Magnezone\n|-boost|p1a: Magnezone|def|2\n|\n|-sideend|p2: SuperTheoryBros|move: Light Screen\n|upkeep\n|turn|9\n|\n|t:|1653047466\n|move|p2a: Corviknight|Bulk Up|p2a: Corviknight\n|-boost|p2a: Corviknight|atk|1\n|-boost|p2a: Corviknight|def|1\n|move|p1a: Magnezone|Body Press|p2a: Corviknight\n|-damage|p2a: Corviknight|49\/100\n|\n|upkeep\n|turn|10\n|\n|t:|1653047475\n|move|p2a: Corviknight|Bulk Up|p2a: Corviknight\n|-boost|p2a: Corviknight|atk|1\n|-boost|p2a: Corviknight|def|1\n|move|p1a: Magnezone|Body Press|p2a: Corviknight\n|-damage|p2a: Corviknight|20\/100\n|\n|upkeep\n|turn|11\n|\n|t:|1653047482\n|move|p2a: Corviknight|Power Trip|p1a: Magnezone\n|-damage|p1a: Magnezone|59\/100\n|move|p1a: Magnezone|Body Press|p2a: Corviknight\n|-damage|p2a: Corviknight|0 fnt\n|faint|p2a: Corviknight\n|\n|upkeep\n|\n|t:|1653047491\n|switch|p2a: Golurk|Golurk|93\/100\n|-damage|p2a: Golurk|86\/100|[from] Stealth Rock\n|turn|12\n|\n|t:|1653047511\n|switch|p1a: Landorus|Landorus-Therian, M|100\/100\n|-damage|p1a: Landorus|88\/100|[from] Stealth Rock\n|-ability|p1a: Landorus|Intimidate|boost\n|-unboost|p2a: Golurk|atk|1\n|switch|p2a: Mew|Mew|100\/100\n|-damage|p2a: Mew|88\/100|[from] Stealth Rock\n|\n|-heal|p1a: Landorus|94\/100|[from] item: Leftovers\n|upkeep\n|turn|13\n|j| Ctannn\n|l| ashlacon\n|\n|t:|1653047540\n|switch|p2a: Grimmsnarl|Grimmsnarl, M|96\/100\n|-damage|p2a: Grimmsnarl|84\/100|[from] Stealth Rock\n|move|p1a: Landorus|Toxic|p2a: Grimmsnarl\n|-status|p2a: Grimmsnarl|tox\n|\n|-heal|p1a: Landorus|99\/100|[from] item: Leftovers\n|-damage|p2a: Grimmsnarl|78\/100 tox|[from] psn\n|upkeep\n|turn|14\n|\n|t:|1653047549\n|move|p2a: Grimmsnarl|Reflect|p2a: Grimmsnarl\n|-sidestart|p2: SuperTheoryBros|Reflect\n|move|p1a: Landorus|Earthquake|p2a: Grimmsnarl\n|-damage|p2a: Grimmsnarl|59\/100 tox\n|\n|-heal|p1a: Landorus|100\/100|[from] item: Leftovers\n|-damage|p2a: Grimmsnarl|46\/100 tox|[from] psn\n|upkeep\n|turn|15\n|\n|t:|1653047579\n|switch|p2a: Golurk|Golurk|86\/100\n|-damage|p2a: Golurk|80\/100|[from] Stealth Rock\n|move|p1a: Landorus|Earthquake|p2a: Golurk\n|-damage|p2a: Golurk|54\/100\n|\n|upkeep\n|turn|16\n|\n|t:|1653047587\n|move|p1a: Landorus|Toxic|p2a: Golurk|[miss]\n|-miss|p1a: Landorus|p2a: Golurk\n|move|p2a: Golurk|Poltergeist|p1a: Landorus\n|-activate|p1a: Landorus|move: Poltergeist|Leftovers\n|-damage|p1a: Landorus|39\/100\n|\n|-heal|p1a: Landorus|45\/100|[from] item: Leftovers\n|upkeep\n|turn|17\n|\n|t:|1653047595\n|move|p1a: Landorus|Earthquake|p2a: Golurk\n|-damage|p2a: Golurk|29\/100\n|move|p2a: Golurk|Poltergeist|p1a: Landorus\n|-activate|p1a: Landorus|move: Poltergeist|Leftovers\n|-damage|p1a: Landorus|0 fnt\n|faint|p1a: Landorus\n|\n|upkeep\n|\n|t:|1653047603\n|switch|p1a: Tapu Lele|Tapu Lele|100\/100\n|-damage|p1a: Tapu Lele|88\/100|[from] Stealth Rock\n|-fieldstart|move: Psychic Terrain|[from] ability: Psychic Surge|[of] p1a: Tapu Lele\n|turn|18\n|\n|t:|1653047639\n|move|p1a: Tapu Lele|Moonblast|p2a: Golurk\n|-damage|p2a: Golurk|0 fnt\n|faint|p2a: Golurk\n|\n|-sideend|p2: SuperTheoryBros|Reflect\n|upkeep\n|\n|t:|1653047649\n|switch|p2a: Toxapex|Toxapex, M|100\/100\n|-damage|p2a: Toxapex|88\/100|[from] Stealth Rock\n|turn|19\n|\n|t:|1653047654\n|switch|p1a: Tapu Fini|Tapu Fini|100\/100\n|-damage|p1a: Tapu Fini|88\/100|[from] Stealth Rock\n|-fieldstart|move: Misty Terrain|[from] ability: Misty Surge|[of] p1a: Tapu Fini\n|move|p2a: Toxapex|Toxic Spikes|p1a: Tapu Fini\n|-sidestart|p1: MonkeKING69|move: Toxic Spikes\n|\n|-heal|p1a: Tapu Fini|94\/100|[from] item: Leftovers\n|upkeep\n|turn|20\n|\n|t:|1653047668\n|switch|p2a: Mew|Mew|88\/100\n|-damage|p2a: Mew|76\/100|[from] Stealth Rock\n|move|p1a: Tapu Fini|Taunt|p2a: Mew\n|-start|p2a: Mew|move: Taunt\n|\n|-heal|p1a: Tapu Fini|99\/100|[from] item: Leftovers\n|upkeep\n|turn|21\n|\n|t:|1653047672\n|switch|p2a: Toxapex|Toxapex, M|100\/100\n|-damage|p2a: Toxapex|88\/100|[from] Stealth Rock\n|move|p1a: Tapu Fini|Defog|p2a: Toxapex\n|-unboost|p2a: Toxapex|evasion|1\n|-sideend|p2: SuperTheoryBros|Stealth Rock|[from] move: Defog|[of] p1a: Tapu Fini\n|-sideend|p1: MonkeKING69|Toxic Spikes|[from] move: Defog|[of] p1a: Tapu Fini\n|-sideend|p1: MonkeKING69|Stealth Rock|[from] move: Defog|[of] p1a: Tapu Fini\n|-fieldend|Misty Terrain\n|\n|-heal|p1a: Tapu Fini|100\/100|[from] item: Leftovers\n|upkeep\n|turn|22\n|\n|t:|1653047679\n|move|p1a: Tapu Fini|Taunt|p2a: Toxapex\n|-start|p2a: Toxapex|move: Taunt\n|cant|p2a: Toxapex|move: Taunt|Toxic Spikes\n|\n|upkeep\n|turn|23\n|\n|t:|1653047685\n|switch|p1a: Tapu Lele|Tapu Lele|88\/100\n|-fieldstart|move: Psychic Terrain|[from] ability: Psychic Surge|[of] p1a: Tapu Lele\n|move|p2a: Toxapex|Knock Off|p1a: Tapu Lele\n|-damage|p1a: Tapu Lele|66\/100\n|-enditem|p1a: Tapu Lele|Choice Specs|[from] move: Knock Off|[of] p2a: Toxapex\n|\n|upkeep\n|turn|24\n|\n|t:|1653047708\n|switch|p2a: Grimmsnarl|Grimmsnarl, M|46\/100 tox\n|move|p1a: Tapu Lele|Psychic|p2a: Grimmsnarl\n|-immune|p2a: Grimmsnarl\n|\n|-damage|p2a: Grimmsnarl|40\/100 tox|[from] psn\n|upkeep\n|turn|25\n|\n|t:|1653047715\n|move|p2a: Grimmsnarl|Light Screen|p2a: Grimmsnarl\n|-sidestart|p2: SuperTheoryBros|move: Light Screen\n|move|p1a: Tapu Lele|Moonblast|p2a: Grimmsnarl\n|-supereffective|p2a: Grimmsnarl\n|-damage|p2a: Grimmsnarl|0 fnt\n|faint|p2a: Grimmsnarl\n|\n|upkeep\n|\n|t:|1653047737\n|switch|p2a: Blaziken|Blaziken, M|100\/100\n|turn|26\n|\n|t:|1653047746\n|move|p1a: Tapu Lele|Psychic|p2a: Blaziken\n|-supereffective|p2a: Blaziken\n|-damage|p2a: Blaziken|6\/100\n|move|p2a: Blaziken|Swords Dance|p2a: Blaziken\n|-boost|p2a: Blaziken|atk|2\n|\n|-ability|p2a: Blaziken|Speed Boost|boost\n|-boost|p2a: Blaziken|spe|1\n|upkeep\n|turn|27\n|\n|t:|1653047764\n|move|p2a: Blaziken|Earthquake|p1a: Tapu Lele\n|-damage|p1a: Tapu Lele|0 fnt\n|faint|p1a: Tapu Lele\n|-damage|p2a: Blaziken|0 fnt|[from] item: Life Orb\n|faint|p2a: Blaziken\n|\n|-fieldend|move: Psychic Terrain\n|upkeep\n|j| jeanmilapipe\n|\n|t:|1653047785\n|switch|p1a: Dragapult|Dragapult, M|100\/100\n|switch|p2a: Mew|Mew|76\/100\n|turn|28\n|\n|t:|1653047789\n|switch|p2a: Toxapex|Toxapex, M|100\/100\n|move|p1a: Dragapult|Phantom Force||[still]\n|-prepare|p1a: Dragapult|Phantom Force\n|\n|upkeep\n|turn|29\n|l| RealMadridOfficial\n|\n|t:|1653047809\n|move|p1a: Dragapult|Phantom Force|p2a: Toxapex|[from]lockedmove\n|-damage|p2a: Toxapex|62\/100\n|-damage|p1a: Dragapult|84\/100|[from] item: Rocky Helmet|[of] p2a: Toxapex\n|move|p2a: Toxapex|Knock Off|p1a: Dragapult\n|-supereffective|p1a: Dragapult\n|-damage|p1a: Dragapult|42\/100\n|-enditem|p1a: Dragapult|Choice Band|[from] move: Knock Off|[of] p2a: Toxapex\n|\n|-sideend|p2: SuperTheoryBros|move: Light Screen\n|upkeep\n|turn|30\n|\n|t:|1653047825\n|switch|p1a: Tapu Fini|Tapu Fini|100\/100\n|-fieldstart|move: Misty Terrain|[from] ability: Misty Surge|[of] p1a: Tapu Fini\n|move|p2a: Toxapex|Recover|p2a: Toxapex\n|-heal|p2a: Toxapex|100\/100\n|\n|upkeep\n|turn|31\n|\n|t:|1653047833\n|move|p1a: Tapu Fini|Taunt|p2a: Toxapex\n|-start|p2a: Toxapex|move: Taunt\n|move|p2a: Toxapex|Knock Off|p1a: Tapu Fini\n|-resisted|p1a: Tapu Fini\n|-damage|p1a: Tapu Fini|95\/100\n|-enditem|p1a: Tapu Fini|Leftovers|[from] move: Knock Off|[of] p2a: Toxapex\n|\n|upkeep\n|turn|32\n|\n|t:|1653047840\n|switch|p1a: Magnezone|Magnezone|59\/100\n|move|p2a: Toxapex|Knock Off|p1a: Magnezone\n|-damage|p1a: Magnezone|45\/100\n|-enditem|p1a: Magnezone|Expert Belt|[from] move: Knock Off|[of] p2a: Toxapex\n|\n|upkeep\n|turn|33\n|\n|t:|1653047846\n|switch|p2a: Mew|Mew|76\/100\n|move|p1a: Magnezone|Thunderbolt|p2a: Mew\n|-damage|p2a: Mew|40\/100\n|\n|upkeep\n|turn|34\n|\n|t:|1653047859\n|move|p2a: Mew|Taunt|p1a: Magnezone\n|-start|p1a: Magnezone|move: Taunt\n|move|p1a: Magnezone|Thunderbolt|p2a: Mew\n|-damage|p2a: Mew|5\/100\n|\n|-fieldend|Misty Terrain\n|upkeep\n|turn|35\n|\n|t:|1653047865\n|move|p2a: Mew|Roost|p2a: Mew\n|-heal|p2a: Mew|55\/100\n|-singleturn|p2a: Mew|move: Roost\n|move|p1a: Magnezone|Thunderbolt|p2a: Mew\n|-damage|p2a: Mew|19\/100\n|\n|upkeep\n|turn|36\n|\n|t:|1653047869\n|move|p2a: Mew|Roost|p2a: Mew\n|-heal|p2a: Mew|69\/100\n|-singleturn|p2a: Mew|move: Roost\n|move|p1a: Magnezone|Thunderbolt|p2a: Mew\n|-damage|p2a: Mew|34\/100\n|\n|-end|p1a: Magnezone|move: Taunt\n|upkeep\n|turn|37\n|\n|t:|1653047878\n|move|p2a: Mew|Roost|p2a: Mew\n|-heal|p2a: Mew|84\/100\n|-singleturn|p2a: Mew|move: Roost\n|move|p1a: Magnezone|Thunderbolt|p2a: Mew\n|-damage|p2a: Mew|48\/100\n|\n|upkeep\n|turn|38\n|\n|t:|1653047889\n|move|p2a: Mew|Taunt|p1a: Magnezone\n|-start|p1a: Magnezone|move: Taunt\n|move|p1a: Magnezone|Thunderbolt|p2a: Mew\n|-damage|p2a: Mew|13\/100\n|\n|upkeep\n|turn|39\n|\n|t:|1653047891\n|move|p2a: Mew|Roost|p2a: Mew\n|-heal|p2a: Mew|63\/100\n|-singleturn|p2a: Mew|move: Roost\n|move|p1a: Magnezone|Thunderbolt|p2a: Mew\n|-damage|p2a: Mew|25\/100\n|\n|upkeep\n|turn|40\n|\n|t:|1653047893\n|move|p2a: Mew|Roost|p2a: Mew\n|-heal|p2a: Mew|75\/100\n|-singleturn|p2a: Mew|move: Roost\n|move|p1a: Magnezone|Thunderbolt|p2a: Mew\n|-damage|p2a: Mew|41\/100\n|\n|-end|p1a: Magnezone|move: Taunt\n|upkeep\n|turn|41\n|\n|t:|1653047897\n|move|p2a: Mew|Roost|p2a: Mew\n|-heal|p2a: Mew|91\/100\n|-singleturn|p2a: Mew|move: Roost\n|move|p1a: Magnezone|Thunderbolt|p2a: Mew\n|-damage|p2a: Mew|56\/100\n|\n|upkeep\n|turn|42\n|\n|t:|1653047905\n|move|p2a: Mew|Cosmic Power|p2a: Mew\n|-boost|p2a: Mew|def|1\n|-boost|p2a: Mew|spd|1\n|move|p1a: Magnezone|Thunderbolt|p2a: Mew\n|-damage|p2a: Mew|33\/100\n|\n|upkeep\n|turn|43\n|\n|t:|1653047908\n|move|p2a: Mew|Roost|p2a: Mew\n|-heal|p2a: Mew|83\/100\n|-singleturn|p2a: Mew|move: Roost\n|move|p1a: Magnezone|Thunderbolt|p2a: Mew\n|-damage|p2a: Mew|58\/100\n|\n|upkeep\n|turn|44\n|\n|t:|1653047917\n|move|p2a: Mew|Roost|p2a: Mew\n|-heal|p2a: Mew|100\/100\n|-singleturn|p2a: Mew|move: Roost\n|move|p1a: Magnezone|Thunderbolt|p2a: Mew\n|-damage|p2a: Mew|78\/100\n|\n|upkeep\n|turn|45\n|\n|t:|1653047920\n|move|p2a: Mew|Cosmic Power|p2a: Mew\n|-boost|p2a: Mew|def|1\n|-boost|p2a: Mew|spd|1\n|move|p1a: Magnezone|Thunderbolt|p2a: Mew\n|-damage|p2a: Mew|61\/100\n|\n|upkeep\n|turn|46\n|\n|t:|1653047930\n|move|p2a: Mew|Cosmic Power|p2a: Mew\n|-boost|p2a: Mew|def|1\n|-boost|p2a: Mew|spd|1\n|move|p1a: Magnezone|Thunderbolt|p2a: Mew\n|-damage|p2a: Mew|47\/100\n|\n|upkeep\n|turn|47\n|\n|t:|1653047934\n|move|p2a: Mew|Roost|p2a: Mew\n|-heal|p2a: Mew|97\/100\n|-singleturn|p2a: Mew|move: Roost\n|move|p1a: Magnezone|Thunderbolt|p2a: Mew\n|-damage|p2a: Mew|82\/100\n|-status|p2a: Mew|par\n|-activate|p2a: Mew|ability: Synchronize\n|-immune|p1a: Magnezone\n|\n|upkeep\n|turn|48\n|\n|t:|1653047946\n|switch|p1a: Tapu Fini|Tapu Fini|95\/100\n|-fieldstart|move: Misty Terrain|[from] ability: Misty Surge|[of] p1a: Tapu Fini\n|cant|p2a: Mew|par\n|\n|upkeep\n|turn|49\n|\n|t:|1653047951\n|move|p1a: Tapu Fini|Taunt|p2a: Mew\n|-start|p2a: Mew|move: Taunt\n|move|p2a: Mew|Stored Power|p1a: Tapu Fini\n|-crit|p1a: Tapu Fini\n|-damage|p1a: Tapu Fini|46\/100\n|\n|upkeep\n|turn|50\n|\n|t:|1653047955\n|move|p1a: Tapu Fini|Surf|p2a: Mew\n|-damage|p2a: Mew|73\/100 par\n|move|p2a: Mew|Stored Power|p1a: Tapu Fini\n|-damage|p1a: Tapu Fini|14\/100\n|\n|upkeep\n|turn|51\n|\n|t:|1653047959\n|move|p1a: Tapu Fini|Moonblast|p2a: Mew\n|-damage|p2a: Mew|63\/100 par\n|move|p2a: Mew|Stored Power|p1a: Tapu Fini\n|-damage|p1a: Tapu Fini|0 fnt\n|faint|p1a: Tapu Fini\n|\n|-end|p2a: Mew|move: Taunt\n|upkeep\n|\n|t:|1653047966\n|switch|p1a: Tornadus|Tornadus-Therian, M|100\/100\n|turn|52\n|\n|t:|1653047973\n|move|p1a: Tornadus|Hurricane|p2a: Mew\n|-damage|p2a: Mew|49\/100 par\n|cant|p2a: Mew|par\n|\n|-fieldend|Misty Terrain\n|upkeep\n|turn|53\n|\n|t:|1653047977\n|move|p1a: Tornadus|Hurricane|p2a: Mew\n|-damage|p2a: Mew|34\/100 par\n|move|p2a: Mew|Roost|p2a: Mew\n|-heal|p2a: Mew|84\/100 par\n|-singleturn|p2a: Mew|move: Roost\n|\n|upkeep\n|turn|54\n|\n|t:|1653047986\n|move|p1a: Tornadus|Hurricane|p2a: Mew\n|-damage|p2a: Mew|70\/100 par\n|move|p2a: Mew|Cosmic Power|p2a: Mew\n|-boost|p2a: Mew|def|1\n|-boost|p2a: Mew|spd|1\n|\n|upkeep\n|turn|55\n|\n|t:|1653047989\n|move|p1a: Tornadus|Hurricane|p2a: Mew\n|-damage|p2a: Mew|59\/100 par\n|cant|p2a: Mew|par\n|\n|upkeep\n|turn|56\n|\n|t:|1653047992\n|move|p1a: Tornadus|Hurricane|p2a: Mew\n|-damage|p2a: Mew|48\/100 par\n|-start|p2a: Mew|confusion\n|-activate|p2a: Mew|confusion\n|move|p2a: Mew|Roost|p2a: Mew\n|-heal|p2a: Mew|98\/100 par\n|-singleturn|p2a: Mew|move: Roost\n|\n|upkeep\n|turn|57\n|\n|t:|1653048011\n|move|p1a: Tornadus|Knock Off|p2a: Mew\n|-supereffective|p2a: Mew\n|-damage|p2a: Mew|85\/100 par\n|-enditem|p2a: Mew|Weakness Policy\n|-boost|p2a: Mew|atk|2|[from] item: Weakness Policy\n|-boost|p2a: Mew|spa|2|[from] item: Weakness Policy\n|-activate|p2a: Mew|confusion\n|-damage|p2a: Mew|80\/100 par|[from] confusion\n|\n|upkeep\n|turn|58\n|\n|t:|1653048017\n|move|p1a: Tornadus|Knock Off|p2a: Mew\n|-supereffective|p2a: Mew\n|-damage|p2a: Mew|73\/100 par\n|-activate|p2a: Mew|confusion\n|-damage|p2a: Mew|68\/100 par|[from] confusion\n|\n|upkeep\n|turn|59\n|\n|t:|1653048029\n|move|p1a: Tornadus|Knock Off|p2a: Mew\n|-supereffective|p2a: Mew\n|-damage|p2a: Mew|60\/100 par\n|-end|p2a: Mew|confusion\n|move|p2a: Mew|Roost|p2a: Mew\n|-heal|p2a: Mew|100\/100 par\n|-singleturn|p2a: Mew|move: Roost\n|\n|upkeep\n|turn|60\n|j| flyingknife\n|\n|t:|1653048034\n|move|p1a: Tornadus|Hurricane|p2a: Mew|[miss]\n|-miss|p1a: Tornadus|p2a: Mew\n|move|p2a: Mew|Stored Power|p1a: Tornadus\n|-damage|p1a: Tornadus|0 fnt\n|faint|p1a: Tornadus\n|\n|upkeep\n|\n|t:|1653048037\n|switch|p1a: Dragapult|Dragapult, M|42\/100\n|turn|61\n|\n|t:|1653048055\n|move|p1a: Dragapult|Phantom Force||[still]\n|-prepare|p1a: Dragapult|Phantom Force\n|move|p2a: Mew|Stored Power|p1a: Dragapult|[miss]\n|-miss|p2a: Mew|p1a: Dragapult\n|\n|upkeep\n|turn|62\n|\n|t:|1653048062\n|move|p1a: Dragapult|Phantom Force|p2a: Mew|[from]lockedmove\n|-supereffective|p2a: Mew\n|-damage|p2a: Mew|75\/100 par\n|move|p2a: Mew|Stored Power|p1a: Dragapult\n|-damage|p1a: Dragapult|0 fnt\n|faint|p1a: Dragapult\n|\n|upkeep\n|\n|t:|1653048069\n|switch|p1a: Magnezone|Magnezone|45\/100\n|turn|63\n|\n|t:|1653048080\n|move|p1a: Magnezone|Thunderbolt|p2a: Mew\n|-damage|p2a: Mew|62\/100 par\n|cant|p2a: Mew|par\n|\n|upkeep\n|turn|64\n|\n|t:|1653048089\n|move|p1a: Magnezone|Thunderbolt|p2a: Mew\n|-damage|p2a: Mew|49\/100 par\n|move|p2a: Mew|Roost|p2a: Mew\n|-heal|p2a: Mew|99\/100 par\n|-singleturn|p2a: Mew|move: Roost\n|\n|upkeep\n|turn|65\n|\n|t:|1653048093\n|move|p1a: Magnezone|Thunderbolt|p2a: Mew\n|-damage|p2a: Mew|87\/100 par\n|cant|p2a: Mew|par\n|\n|upkeep\n|turn|66\n|\n|t:|1653048098\n|move|p1a: Magnezone|Thunderbolt|p2a: Mew\n|-damage|p2a: Mew|75\/100 par\n|move|p2a: Mew|Stored Power|p1a: Magnezone\n|-resisted|p1a: Magnezone\n|-damage|p1a: Magnezone|0 fnt\n|faint|p1a: Magnezone\n|\n|win|SuperTheoryBros\n|raw|MonkeKING69's rating: 1737 &rarr; <strong>1714<\/strong><br \/>(-23 for losing)\n|raw|SuperTheoryBros's rating: 1677 &rarr; <strong>1700<\/strong><br \/>(+23 for winning)\n|c|\u2606MonkeKING69|gg\n|l|\u2606MonkeKING69\n||Ladder isn't responding, score probably updated but might not have (Request timeout).\n","uploadtime":1653048105,"views":18,"p1id":"monkeking69","p2id":"supertheorybros","formatid":"gen8ou","rating":1700,"private":0,"password":null}