{"id":"gen8monotype-1149342654","p1":"Goootzinho","p2":"Ryun","format":"gen8monotype","log":"|j|\u2606Goootzinho\n|j|\u2606Ryun\n|player|p1|Goootzinho|galacticgrunt|1455\n|player|p2|Ryun|swimmerfjp-gen2|1438\n|teamsize|p1|6\n|teamsize|p2|6\n|gametype|singles\n|gen|8\n|tier|[Gen 8] Monotype\n|rated|\n|rule|Same Type Clause: Pok\u00e9mon in a team must share a type\n|clearpoke\n|poke|p1|Torkoal, M|\n|poke|p1|Cinderace, M|\n|poke|p1|Volcarona, F|\n|poke|p1|Marowak-Alola, M|\n|poke|p1|Charizard, F|\n|poke|p1|Incineroar, M|\n|poke|p2|Alakazam, F|\n|poke|p2|Indeedee, M|\n|poke|p2|Gardevoir, F|\n|poke|p2|Slowbro, M|\n|poke|p2|Celebi|\n|poke|p2|Jirachi|\n|rule|Sleep Clause Mod: Limit one foe put to sleep\n|rule|Species Clause: Limit one of each Pok\u00e9mon\n|rule|OHKO Clause: OHKO moves are banned\n|rule|Evasion Moves Clause: Evasion moves are banned\n|rule|Endless Battle Clause: Forcing endless battles is banned\n|rule|HP Percentage Mod: HP is shown in percentages\n|rule|Dynamax Clause: You cannot dynamax\n|teampreview\n|\n|start\n|switch|p1a: Incineroar|Incineroar, M|100\/100\n|switch|p2a: Jirachi|Jirachi|100\/100\n|-ability|p1a: Incineroar|Intimidate|boost\n|-unboost|p2a: Jirachi|atk|1\n|turn|1\n|\n|move|p2a: Jirachi|Stealth Rock|p1a: Incineroar\n|-sidestart|p1: Goootzinho|move: Stealth Rock\n|move|p1a: Incineroar|Knock Off|p2a: Jirachi\n|-supereffective|p2a: Jirachi\n|-damage|p2a: Jirachi|38\/100\n|-enditem|p2a: Jirachi|Leftovers|[from] move: Knock Off|[of] p1a: Incineroar\n|\n|upkeep\n|turn|2\n|\n|move|p2a: Jirachi|Body Slam|p1a: Incineroar\n|-damage|p1a: Incineroar|87\/100\n|-status|p1a: Incineroar|par\n|cant|p1a: Incineroar|par\n|\n|upkeep\n|turn|3\n|inactive|Battle timer is ON: inactive players will automatically lose when time's up. (requested by Goootzinho)\n|\n|switch|p1a: Torkoal|Torkoal, M|100\/100\n|-damage|p1a: Torkoal|76\/100|[from] Stealth Rock\n|-weather|SunnyDay|[from] ability: Drought|[of] p1a: Torkoal\n|move|p2a: Jirachi|Iron Head|p1a: Torkoal\n|-resisted|p1a: Torkoal\n|-damage|p1a: Torkoal|71\/100\n|\n|-weather|SunnyDay|[upkeep]\n|upkeep\n|turn|4\n|\n|move|p2a: Jirachi|Body Slam|p1a: Torkoal\n|-damage|p1a: Torkoal|64\/100\n|-status|p1a: Torkoal|par\n|cant|p1a: Torkoal|par\n|\n|-weather|SunnyDay|[upkeep]\n|upkeep\n|turn|5\n|c|\u2606Goootzinho|lol\n|\n|move|p2a: Jirachi|Wish|p2a: Jirachi\n|cant|p1a: Torkoal|par\n|\n|-weather|SunnyDay|[upkeep]\n|upkeep\n|turn|6\n|c|\u2606Ryun|sorry\n|\n|move|p2a: Jirachi|Iron Head|p1a: Torkoal\n|-resisted|p1a: Torkoal\n|-crit|p1a: Torkoal\n|-damage|p1a: Torkoal|52\/100 par\n|cant|p1a: Torkoal|flinch\n|\n|-weather|SunnyDay|[upkeep]\n|-heal|p2a: Jirachi|88\/100|[from] move: Wish|[wisher] Jirachi\n|upkeep\n|turn|7\n|\n|move|p2a: Jirachi|Wish|p2a: Jirachi\n|move|p1a: Torkoal|Yawn|p2a: Jirachi\n|-start|p2a: Jirachi|move: Yawn|[of] p1a: Torkoal\n|\n|-weather|SunnyDay|[upkeep]\n|upkeep\n|turn|8\n|\n|move|p2a: Jirachi|Iron Head|p1a: Torkoal\n|-resisted|p1a: Torkoal\n|-damage|p1a: Torkoal|46\/100 par\n|cant|p1a: Torkoal|flinch\n|\n|-weather|SunnyDay|[upkeep]\n|-heal|p2a: Jirachi|100\/100|[from] move: Wish|[wisher] Jirachi\n|-end|p2a: Jirachi|move: Yawn|[silent]\n|-status|p2a: Jirachi|slp\n|upkeep\n|turn|9\n|\n|cant|p2a: Jirachi|slp\n|move|p1a: Torkoal|Rapid Spin|p2a: Jirachi\n|-resisted|p2a: Jirachi\n|-damage|p2a: Jirachi|97\/100 slp\n|-boost|p1a: Torkoal|spe|1\n|-sideend|p1: Goootzinho|Stealth Rock|[from] move: Rapid Spin|[of] p1a: Torkoal\n|\n|-weather|SunnyDay|[upkeep]\n|upkeep\n|turn|10\n|\n|-curestatus|p2a: Jirachi|slp|[msg]\n|move|p2a: Jirachi|Stealth Rock|p1a: Torkoal\n|-sidestart|p1: Goootzinho|move: Stealth Rock\n|move|p1a: Torkoal|Stealth Rock|p2a: Jirachi\n|-sidestart|p2: Ryun|move: Stealth Rock\n|\n|-weather|none\n|upkeep\n|turn|11\n|\n|move|p2a: Jirachi|Iron Head|p1a: Torkoal\n|-resisted|p1a: Torkoal\n|-damage|p1a: Torkoal|42\/100 par\n|cant|p1a: Torkoal|par\n|\n|upkeep\n|turn|12\n|\n|move|p2a: Jirachi|Iron Head|p1a: Torkoal\n|-resisted|p1a: Torkoal\n|-damage|p1a: Torkoal|36\/100 par\n|cant|p1a: Torkoal|par\n|\n|upkeep\n|turn|13\n|\n|move|p2a: Jirachi|Iron Head|p1a: Torkoal\n|-resisted|p1a: Torkoal\n|-damage|p1a: Torkoal|31\/100 par\n|cant|p1a: Torkoal|flinch\n|\n|upkeep\n|turn|14\n|\n|move|p2a: Jirachi|Iron Head|p1a: Torkoal\n|-resisted|p1a: Torkoal\n|-damage|p1a: Torkoal|25\/100 par\n|cant|p1a: Torkoal|par\n|\n|upkeep\n|turn|15\n|\n|move|p2a: Jirachi|Iron Head|p1a: Torkoal\n|-resisted|p1a: Torkoal\n|-damage|p1a: Torkoal|20\/100 par\n|move|p1a: Torkoal|Yawn|p2a: Jirachi\n|-start|p2a: Jirachi|move: Yawn|[of] p1a: Torkoal\n|\n|upkeep\n|turn|16\n|\n|move|p2a: Jirachi|Wish|p2a: Jirachi\n|move|p1a: Torkoal|Rapid Spin|p2a: Jirachi\n|-resisted|p2a: Jirachi\n|-damage|p2a: Jirachi|94\/100\n|-boost|p1a: Torkoal|spe|1\n|-sideend|p1: Goootzinho|Stealth Rock|[from] move: Rapid Spin|[of] p1a: Torkoal\n|\n|-end|p2a: Jirachi|move: Yawn|[silent]\n|-status|p2a: Jirachi|slp\n|upkeep\n|turn|17\n|\n|switch|p1a: Volcarona|Volcarona, F|100\/100\n|cant|p2a: Jirachi|slp\n|\n|-heal|p2a: Jirachi|100\/100 slp|[from] move: Wish|[wisher] Jirachi\n|upkeep\n|turn|18\n|\n|move|p1a: Volcarona|Quiver Dance|p1a: Volcarona\n|-boost|p1a: Volcarona|spa|1\n|-boost|p1a: Volcarona|spd|1\n|-boost|p1a: Volcarona|spe|1\n|cant|p2a: Jirachi|slp\n|\n|upkeep\n|turn|19\n|\n|move|p1a: Volcarona|Fire Blast|p2a: Jirachi\n|-supereffective|p2a: Jirachi\n|-damage|p2a: Jirachi|0 fnt\n|faint|p2a: Jirachi\n|\n|upkeep\n|\n|switch|p2a: Indeedee|Indeedee, M|100\/100\n|-damage|p2a: Indeedee|88\/100|[from] Stealth Rock\n|-fieldstart|move: Psychic Terrain|[from] ability: Psychic Surge|[of] p2a: Indeedee\n|turn|20\n|\n|move|p1a: Volcarona|Bug Buzz|p2a: Indeedee\n|-supereffective|p2a: Indeedee\n|-damage|p2a: Indeedee|0 fnt\n|faint|p2a: Indeedee\n|\n|upkeep\n|\n|switch|p2a: Alakazam|Alakazam, F|100\/100\n|turn|21\n|\n|move|p1a: Volcarona|Bug Buzz|p2a: Alakazam\n|-supereffective|p2a: Alakazam\n|-enditem|p2a: Alakazam|Focus Sash\n|-damage|p2a: Alakazam|1\/100\n|move|p2a: Alakazam|Expanding Force|p1a: Volcarona\n|-damage|p1a: Volcarona|37\/100\n|\n|upkeep\n|turn|22\n|\n|move|p1a: Volcarona|Bug Buzz|p2a: Alakazam\n|-supereffective|p2a: Alakazam\n|-damage|p2a: Alakazam|0 fnt\n|faint|p2a: Alakazam\n|\n|upkeep\n|\n|switch|p2a: Gardevoir|Gardevoir, F|100\/100\n|-damage|p2a: Gardevoir|88\/100|[from] Stealth Rock\n|-ability|p2a: Gardevoir|Flame Body|[from] ability: Trace|[of] p1a: Volcarona\n|turn|23\n|inactive|Goootzinho has 120 seconds left.\n|\n|move|p1a: Volcarona|Fire Blast|p2a: Gardevoir\n|-damage|p2a: Gardevoir|0 fnt\n|faint|p2a: Gardevoir\n|\n|upkeep\n|-message|Ryun forfeited.\n|\n|win|Goootzinho\n|l|\u2606Ryun\n|l|\u2606Goootzinho\n|j|\u2606Goootzinho\n|player|p1|Goootzinho|galacticgrunt\n|raw|Goootzinho's rating: 1428 &rarr; <strong>1450<\/strong><br \/>(+22 for winning)\n|raw|Ryun's rating: 1454 &rarr; <strong>1433<\/strong><br \/>(-21 for losing)\n","uploadtime":1594490655,"views":6,"p1id":"goootzinho","p2id":"ryun","formatid":"gen8monotype","rating":1433,"private":0,"password":null}