{"id":"gen8waterparadise-1371125261","p1":"SoMuchAppletun","p2":"lebanesestinker","format":"gen8waterparadise","log":"|j|\u2606SoMuchAppletun\n|j|\u2606lebanesestinker\n|t:|1625509507\n|gametype|singles\n|player|p1|SoMuchAppletun|clay|1103\n|player|p2|lebanesestinker|policeman|1000\n|teamsize|p1|6\n|teamsize|p2|6\n|gen|8\n|tier|[Gen 8] Water Paradise\n|rated|\n|rule|Species Clause: Limit one of each Pok\u00e9mon\n|rule|Item Clause: Limit one of each item\n|clearpoke\n|poke|p1|Crawdaunt, L50, M|\n|poke|p1|Gyarados, L50, M|\n|poke|p1|Ludicolo, L50, F|\n|poke|p1|Lapras, L50, M|\n|poke|p1|Octillery, L50, F|\n|poke|p1|Gastrodon, L50, F|\n|poke|p2|Barbaracle, L50, F|\n|poke|p2|Ludicolo, L50, M|\n|poke|p2|Starmie, L50|\n|poke|p2|Lanturn, L50, F|\n|poke|p2|Sharpedo, L50, M|\n|poke|p2|Primarina, L50, F|\n|teampreview|3\n|inactive|Battle timer is ON: inactive players will automatically lose when time's up. (requested by SoMuchAppletun)\n|\n|t:|1625509538\n|start\n|switch|p1a: Argonaut|Octillery, L50, F|100\/100\n|switch|p2a: Lanturn|Lanturn, L50, F|100\/100\n|turn|1\n|c|\u2606SoMuchAppletun|glhf\n|c|\u2606SoMuchAppletun|props for not using gyara or lap xD\n|\n|t:|1625509549\n|switch|p1a: Doris|Gastrodon, L50, F|100\/100\n|move|p2a: Lanturn|Volt Switch|p1a: Doris\n|-immune|p1a: Doris\n|\n|upkeep\n|turn|2\n|\n|t:|1625509556\n|switch|p2a: Primarina|Primarina, L50, F|100\/100\n|move|p1a: Doris|Yawn|p2a: Primarina\n|-start|p2a: Primarina|move: Yawn|[of] p1a: Doris\n|\n|upkeep\n|turn|3\n|inactive|lebanesestinker has 120 seconds left.\n|\n|t:|1625509589\n|switch|p2a: Sharpedo|Sharpedo, L50, M|100\/100\n|move|p1a: Doris|Mirror Coat|p2a: Sharpedo\n|-immune|p2a: Sharpedo\n|\n|upkeep\n|turn|4\n|\n|t:|1625509596\n|move|p2a: Sharpedo|Crunch|p1a: Doris\n|-damage|p1a: Doris|33\/100\n|move|p1a: Doris|Yawn|p2a: Sharpedo\n|-start|p2a: Sharpedo|move: Yawn|[of] p1a: Doris\n|\n|-ability|p2a: Sharpedo|Speed Boost|boost\n|-boost|p2a: Sharpedo|spe|1\n|upkeep\n|turn|5\n|\n|t:|1625509607\n|move|p2a: Sharpedo|Crunch|p1a: Doris\n|-damage|p1a: Doris|0 fnt\n|faint|p1a: Doris\n|\n|-end|p2a: Sharpedo|move: Yawn|[silent]\n|-status|p2a: Sharpedo|slp\n|-ability|p2a: Sharpedo|Speed Boost|boost\n|-boost|p2a: Sharpedo|spe|1\n|upkeep\n|\n|t:|1625509619\n|switch|p1a: Argonaut|Octillery, L50, F|100\/100\n|turn|6\n|\n|t:|1625509637\n|switch|p2a: Lanturn|Lanturn, L50, F|100\/100\n|-start|p1a: Argonaut|Dynamax\n|-heal|p1a: Argonaut|100\/100|[silent]\n|move|p1a: Argonaut|Max Overgrowth|p2a: Lanturn\n|-supereffective|p2a: Lanturn\n|-damage|p2a: Lanturn|52\/100\n|-fieldstart|move: Grassy Terrain\n|\n|-heal|p2a: Lanturn|58\/100|[from] Grassy Terrain\n|-ability|p1a: Argonaut|Moody|boost\n|-boost|p1a: Argonaut|spe|2\n|-unboost|p1a: Argonaut|spa|1\n|upkeep\n|turn|7\n|\n|t:|1625509657\n|-start|p2a: Lanturn|Dynamax\n|-heal|p2a: Lanturn|58\/100|[silent]\n|move|p1a: Argonaut|Max Overgrowth|p2a: Lanturn\n|-supereffective|p2a: Lanturn\n|-damage|p2a: Lanturn|27\/100\n|move|p2a: Lanturn|Max Lightning|p1a: Argonaut\n|-supereffective|p1a: Argonaut\n|-damage|p1a: Argonaut|72\/100\n|-fieldstart|move: Electric Terrain\n|\n|-ability|p1a: Argonaut|Moody|boost\n|-boost|p1a: Argonaut|def|2\n|-unboost|p1a: Argonaut|spa|1\n|upkeep\n|turn|8\n|\n|t:|1625509672\n|move|p2a: Lanturn|Max Guard|p2a: Lanturn\n|-singleturn|p2a: Lanturn|Max Guard\n|move|p1a: Argonaut|Max Overgrowth|p2a: Lanturn\n|-activate|p2a: Lanturn|move: Max Guard\n|\n|-ability|p1a: Argonaut|Moody|boost\n|-boost|p1a: Argonaut|atk|2\n|-unboost|p1a: Argonaut|spa|1\n|-end|p1a: Argonaut|Dynamax\n|-heal|p1a: Argonaut|72\/100|[silent]\n|upkeep\n|turn|9\n|\n|t:|1625509682\n|move|p1a: Argonaut|Bullet Seed|p2a: Lanturn\n|-supereffective|p2a: Lanturn\n|-damage|p2a: Lanturn|18\/100\n|-supereffective|p2a: Lanturn\n|-damage|p2a: Lanturn|8\/100\n|-supereffective|p2a: Lanturn\n|-damage|p2a: Lanturn|0 fnt\n|faint|p2a: Lanturn\n|-hitcount|p2: Lanturn|3\n|\n|-ability|p1a: Argonaut|Moody|boost\n|-boost|p1a: Argonaut|def|2\n|-unboost|p1a: Argonaut|atk|1\n|upkeep\n|\n|t:|1625509686\n|switch|p2a: Primarina|Primarina, L50, F|100\/100\n|turn|10\n|\n|t:|1625509694\n|move|p1a: Argonaut|Gunk Shot|p2a: Primarina\n|-supereffective|p2a: Primarina\n|-damage|p2a: Primarina|0 fnt\n|faint|p2a: Primarina\n|\n|-ability|p1a: Argonaut|Moody|boost\n|-boost|p1a: Argonaut|atk|2\n|-unboost|p1a: Argonaut|spa|1\n|upkeep\n|\n|t:|1625509696\n|switch|p2a: Sharpedo|Sharpedo, L50, M|100\/100 slp\n|turn|11\n|\n|t:|1625509702\n|cant|p2a: Sharpedo|slp\n|move|p1a: Argonaut|Bullet Seed|p2a: Sharpedo\n|-supereffective|p2a: Sharpedo\n|-damage|p2a: Sharpedo|25\/100 slp\n|-supereffective|p2a: Sharpedo\n|-damage|p2a: Sharpedo|0 fnt\n|faint|p2a: Sharpedo\n|-hitcount|p2: Sharpedo|2\n|\n|win|SoMuchAppletun\n|raw|SoMuchAppletun's rating: 1103 &rarr; <strong>1121<\/strong><br \/>(+18 for winning)\n|raw|lebanesestinker's rating: 1000 &rarr; <strong>1000<\/strong><br \/>(+0 for losing)\n|l|\u2606lebanesestinker\n|c|\u2606SoMuchAppletun|gg mate\n|l|\u2606SoMuchAppletun\n||Ladder isn't responding, score probably updated but might not have (Request timeout).\n","uploadtime":1625509963,"views":5,"p1id":"somuchappletun","p2id":"lebanesestinker","formatid":"gen8waterparadise","rating":1000,"private":0,"password":null}