{"id":"gen8ou-1499379206","p1":"Alloriga","p2":"kokoukohiro","format":"gen8ou","log":"|j|\u2606Alloriga\n|j|\u2606kokoukohiro\n|t:|1643279532\n|gametype|singles\n|player|p1|Alloriga|red|1622\n|player|p2|kokoukohiro|dawn|1611\n|teamsize|p1|6\n|teamsize|p2|6\n|gen|8\n|tier|[Gen 8] OU\n|rated|\n|rule|Sleep Clause Mod: Limit one foe put to sleep\n|rule|Species Clause: Limit one of each Pok\u00e9mon\n|rule|OHKO Clause: OHKO moves are banned\n|rule|Evasion Moves Clause: Evasion moves are banned\n|rule|Endless Battle Clause: Forcing endless battles is banned\n|rule|HP Percentage Mod: HP is shown in percentages\n|rule|Dynamax Clause: You cannot dynamax\n|clearpoke\n|poke|p1|Bisharp, M|\n|poke|p1|Gyarados, M|\n|poke|p1|Rapidash, M|\n|poke|p1|Zapdos|\n|poke|p1|Durant, M|\n|poke|p1|Flygon, F|\n|poke|p2|Shedinja|\n|poke|p2|Quagsire, M|\n|poke|p2|Clefable, M|\n|poke|p2|Blissey, F|\n|poke|p2|Toxapex, M|\n|poke|p2|Zapdos|\n|teampreview\n|inactive|Battle timer is ON: inactive players will automatically lose when time's up. (requested by kokoukohiro)\n|\n|t:|1643279553\n|start\n|switch|p1a: Bisharp|Bisharp, M|100\/100\n|switch|p2a: Zapdos|Zapdos|100\/100\n|-ability|p2a: Zapdos|Pressure\n|turn|1\n|\n|t:|1643279563\n|switch|p1a: Flygon|Flygon, F|100\/100\n|switch|p2a: Toxapex|Toxapex, M|100\/100\n|\n|upkeep\n|turn|2\n|j| Lightchanseyy\n|\n|t:|1643279571\n|move|p1a: Flygon|Earth Power|p2a: Toxapex\n|-supereffective|p2a: Toxapex\n|-damage|p2a: Toxapex|23\/100\n|move|p2a: Toxapex|Toxic Spikes|p1a: Flygon\n|-sidestart|p1: Alloriga|move: Toxic Spikes\n|\n|-heal|p2a: Toxapex|29\/100|[from] item: Black Sludge\n|upkeep\n|turn|3\n|\n|t:|1643279585\n|switch|p1a: Bisharp|Bisharp, M|100\/100\n|switch|p2a: Blissey|Blissey, F|100\/100\n|\n|upkeep\n|turn|4\n|\n|t:|1643279592\n|switch|p2a: Quagsire|Quagsire, M|100\/100\n|move|p1a: Bisharp|Swords Dance|p1a: Bisharp\n|-boost|p1a: Bisharp|atk|2\n|\n|upkeep\n|turn|5\n|\n|t:|1643279605\n|switch|p1a: Gyarados|Gyarados, M|100\/100\n|move|p2a: Quagsire|Recover||[still]\n|-fail|p2a: Quagsire|heal\n|\n|upkeep\n|turn|6\n|\n|t:|1643279613\n|switch|p2a: Shedinja|Shedinja|100\/100\n|move|p1a: Gyarados|Power Whip|p2a: Shedinja\n|-immune|p2a: Shedinja|[from] ability: Wonder Guard\n|\n|upkeep\n|turn|7\n|j| 7uy5567675\n|\n|t:|1643279639\n|switch|p1a: Flygon|Flygon, F|100\/100\n|move|p2a: Shedinja|Protect||[still]\n|-fail|p2a: Shedinja\n|\n|upkeep\n|turn|8\n|\n|t:|1643279645\n|move|p2a: Shedinja|Protect|p2a: Shedinja\n|-singleturn|p2a: Shedinja|Protect\n|move|p1a: Flygon|Flamethrower|p2a: Shedinja\n|-activate|p2a: Shedinja|move: Protect\n|\n|upkeep\n|turn|9\n|j| Un0wn Player\n|\n|t:|1643279652\n|switch|p1a: Durant|Durant, M|100\/100\n|switch|p2a: Blissey|Blissey, F|100\/100\n|\n|upkeep\n|turn|10\n|\n|t:|1643279664\n|switch|p2a: Zapdos|Zapdos|100\/100\n|-ability|p2a: Zapdos|Pressure\n|move|p1a: Durant|Thunder Fang|p2a: Zapdos\n|-damage|p2a: Zapdos|79\/100\n|\n|upkeep\n|turn|11\n|\n|t:|1643279678\n|switch|p1a: Zapdos|Zapdos|100\/100\n|switch|p2a: Toxapex|Toxapex, M|62\/100\n|\n|-heal|p2a: Toxapex|69\/100|[from] item: Black Sludge\n|upkeep\n|turn|12\n|\n|t:|1643279687\n|switch|p2a: Blissey|Blissey, F|100\/100\n|move|p1a: Zapdos|Defog|p2a: Blissey\n|-unboost|p2a: Blissey|evasion|1\n|-sideend|p1: Alloriga|Toxic Spikes|[from] move: Defog|[of] p1a: Zapdos\n|\n|upkeep\n|turn|13\n|\n|t:|1643279698\n|switch|p1a: Bisharp|Bisharp, M|100\/100\n|move|p2a: Blissey|Toxic|p1a: Bisharp\n|-immune|p1a: Bisharp\n|\n|upkeep\n|turn|14\n|j| bdzrg sr\n|\n|t:|1643279707\n|switch|p2a: Quagsire|Quagsire, M|100\/100\n|move|p1a: Bisharp|Knock Off|p2a: Quagsire\n|-crit|p2a: Quagsire\n|-damage|p2a: Quagsire|46\/100\n|-enditem|p2a: Quagsire|Leftovers|[from] move: Knock Off|[of] p1a: Bisharp\n|\n|upkeep\n|turn|15\n|\n|t:|1643279714\n|move|p1a: Bisharp|Iron Head|p2a: Quagsire\n|-resisted|p2a: Quagsire\n|-damage|p2a: Quagsire|30\/100\n|cant|p2a: Quagsire|flinch\n|\n|upkeep\n|turn|16\n|\n|t:|1643279724\n|move|p1a: Bisharp|Knock Off|p2a: Quagsire\n|-damage|p2a: Quagsire|4\/100\n|move|p2a: Quagsire|Recover|p2a: Quagsire\n|-heal|p2a: Quagsire|54\/100\n|\n|upkeep\n|turn|17\n|\n|t:|1643279735\n|move|p1a: Bisharp|Iron Head|p2a: Quagsire\n|-resisted|p2a: Quagsire\n|-damage|p2a: Quagsire|40\/100\n|move|p2a: Quagsire|Recover|p2a: Quagsire\n|-heal|p2a: Quagsire|90\/100\n|\n|upkeep\n|turn|18\n|\n|t:|1643279745\n|switch|p1a: Gyarados|Gyarados, M|100\/100\n|move|p2a: Quagsire|Earthquake|p1a: Gyarados\n|-immune|p1a: Gyarados\n|\n|upkeep\n|turn|19\n|\n|t:|1643279753\n|switch|p1a: Durant|Durant, M|100\/100\n|switch|p2a: Shedinja|Shedinja|100\/100\n|\n|upkeep\n|turn|20\n|\n|t:|1643279760\n|move|p2a: Shedinja|Protect|p2a: Shedinja\n|-singleturn|p2a: Shedinja|Protect\n|move|p1a: Durant|Rock Slide|p2a: Shedinja\n|-activate|p2a: Shedinja|move: Protect\n|\n|upkeep\n|turn|21\n|\n|t:|1643279771\n|switch|p2a: Toxapex|Toxapex, M|100\/100\n|move|p1a: Durant|Superpower|p2a: Toxapex\n|-resisted|p2a: Toxapex\n|-damage|p2a: Toxapex|83\/100\n|-unboost|p1a: Durant|atk|1\n|-unboost|p1a: Durant|def|1\n|\n|-heal|p2a: Toxapex|89\/100|[from] item: Black Sludge\n|upkeep\n|turn|22\n|\n|t:|1643279786\n|switch|p1a: Bisharp|Bisharp, M|100\/100\n|move|p2a: Toxapex|Toxic Spikes|p1a: Bisharp\n|-sidestart|p1: Alloriga|move: Toxic Spikes\n|\n|-heal|p2a: Toxapex|96\/100|[from] item: Black Sludge\n|upkeep\n|turn|23\n|\n|t:|1643279795\n|move|p1a: Bisharp|Knock Off|p2a: Toxapex\n|-damage|p2a: Toxapex|64\/100\n|-enditem|p2a: Toxapex|Black Sludge|[from] move: Knock Off|[of] p1a: Bisharp\n|move|p2a: Toxapex|Toxic Spikes|p1a: Bisharp\n|-sidestart|p1: Alloriga|move: Toxic Spikes\n|\n|upkeep\n|turn|24\n|\n|t:|1643279805\n|switch|p1a: Zapdos|Zapdos|100\/100\n|move|p2a: Toxapex|Knock Off|p1a: Zapdos\n|-damage|p1a: Zapdos|87\/100\n|-enditem|p1a: Zapdos|Heavy-Duty Boots|[from] move: Knock Off|[of] p2a: Toxapex\n|\n|upkeep\n|turn|25\n|\n|t:|1643279815\n|switch|p2a: Blissey|Blissey, F|100\/100\n|move|p1a: Zapdos|Defog|p2a: Blissey\n|-unboost|p2a: Blissey|evasion|1\n|-sideend|p1: Alloriga|Toxic Spikes|[from] move: Defog|[of] p1a: Zapdos\n|\n|upkeep\n|turn|26\n|\n|t:|1643279826\n|switch|p1a: Durant|Durant, M|100\/100\n|switch|p2a: Toxapex|Toxapex, M|97\/100\n|\n|upkeep\n|turn|27\n|\n|t:|1643279833\n|move|p1a: Durant|Thunder Fang|p2a: Toxapex\n|-supereffective|p2a: Toxapex\n|-damage|p2a: Toxapex|63\/100\n|move|p2a: Toxapex|Toxic Spikes|p1a: Durant\n|-sidestart|p1: Alloriga|move: Toxic Spikes\n|\n|upkeep\n|turn|28\n|\n|t:|1643279840\n|move|p1a: Durant|Thunder Fang|p2a: Toxapex\n|-supereffective|p2a: Toxapex\n|-damage|p2a: Toxapex|26\/100\n|move|p2a: Toxapex|Toxic Spikes|p1a: Durant\n|-sidestart|p1: Alloriga|move: Toxic Spikes\n|\n|upkeep\n|turn|29\n|\n|t:|1643279848\n|switch|p2a: Zapdos|Zapdos|79\/100\n|-ability|p2a: Zapdos|Pressure\n|move|p1a: Durant|Superpower|p2a: Zapdos\n|-resisted|p2a: Zapdos\n|-damage|p2a: Zapdos|60\/100\n|-unboost|p1a: Durant|atk|1\n|-unboost|p1a: Durant|def|1\n|\n|upkeep\n|turn|30\n|\n|t:|1643279860\n|switch|p1a: Flygon|Flygon, F|100\/100\n|move|p2a: Zapdos|Roost|p2a: Zapdos\n|-heal|p2a: Zapdos|100\/100\n|-singleturn|p2a: Zapdos|move: Roost\n|\n|upkeep\n|turn|31\n|\n|t:|1643279869\n|switch|p2a: Blissey|Blissey, F|100\/100\n|move|p1a: Flygon|Draco Meteor|p2a: Blissey\n|-damage|p2a: Blissey|80\/100\n|-unboost|p1a: Flygon|spa|2\n|\n|upkeep\n|turn|32\n|\n|t:|1643279878\n|switch|p1a: Zapdos|Zapdos|87\/100\n|move|p2a: Blissey|Seismic Toss|p1a: Zapdos\n|-damage|p1a: Zapdos|61\/100\n|\n|upkeep\n|turn|33\n|\n|t:|1643279885\n|move|p1a: Zapdos|Thunderbolt|p2a: Blissey\n|-damage|p2a: Blissey|67\/100\n|-status|p2a: Blissey|par\n|move|p2a: Blissey|Toxic|p1a: Zapdos\n|-status|p1a: Zapdos|tox\n|\n|-damage|p1a: Zapdos|54\/100 tox|[from] psn\n|upkeep\n|turn|34\n|\n|t:|1643279894\n|move|p1a: Zapdos|Roost|p1a: Zapdos\n|-heal|p1a: Zapdos|100\/100 tox\n|-singleturn|p1a: Zapdos|move: Roost\n|cant|p2a: Blissey|par\n|\n|-damage|p1a: Zapdos|88\/100 tox|[from] psn\n|upkeep\n|turn|35\n|\n|t:|1643279906\n|move|p1a: Zapdos|Defog|p2a: Blissey\n|-unboost|p2a: Blissey|evasion|1\n|-sideend|p1: Alloriga|Toxic Spikes|[from] move: Defog|[of] p1a: Zapdos\n|cant|p2a: Blissey|par\n|\n|-damage|p1a: Zapdos|69\/100 tox|[from] psn\n|upkeep\n|turn|36\n|l| Un0wn Player\n|\n|t:|1643279918\n|switch|p1a: Durant|Durant, M|100\/100\n|move|p2a: Blissey|Seismic Toss|p1a: Durant\n|-damage|p1a: Durant|62\/100\n|\n|upkeep\n|turn|37\n|\n|t:|1643279925\n|-curestatus|p2a: Blissey|par|[from] ability: Natural Cure\n|switch|p2a: Zapdos|Zapdos|100\/100\n|-ability|p2a: Zapdos|Pressure\n|move|p1a: Durant|Rock Slide|p2a: Zapdos\n|-supereffective|p2a: Zapdos\n|-damage|p2a: Zapdos|55\/100\n|\n|upkeep\n|turn|38\n|j| AlIoutdragadarts\n|\n|t:|1643279935\n|move|p1a: Durant|Rock Slide|p2a: Zapdos\n|-supereffective|p2a: Zapdos\n|-damage|p2a: Zapdos|9\/100\n|move|p2a: Zapdos|Roost|p2a: Zapdos\n|-heal|p2a: Zapdos|59\/100\n|-singleturn|p2a: Zapdos|move: Roost\n|\n|upkeep\n|turn|39\n|l| AlIoutdragadarts\n|\n|t:|1643279944\n|switch|p2a: Quagsire|Quagsire, M|90\/100\n|move|p1a: Durant|Iron Head|p2a: Quagsire\n|-resisted|p2a: Quagsire\n|-damage|p2a: Quagsire|72\/100\n|\n|upkeep\n|turn|40\n|\n|t:|1643279952\n|move|p1a: Durant|Superpower|p2a: Quagsire\n|-damage|p2a: Quagsire|34\/100\n|-unboost|p1a: Durant|atk|1\n|-unboost|p1a: Durant|def|1\n|move|p2a: Quagsire|Scald|p1a: Durant\n|-damage|p1a: Durant|20\/100\n|\n|upkeep\n|turn|41\n|\n|t:|1643279961\n|switch|p1a: Gyarados|Gyarados, M|100\/100\n|switch|p2a: Toxapex|Toxapex, M|59\/100\n|\n|upkeep\n|turn|42\n|\n|t:|1643279969\n|switch|p2a: Shedinja|Shedinja|100\/100\n|move|p1a: Gyarados|Earthquake|p2a: Shedinja\n|-immune|p2a: Shedinja|[from] ability: Wonder Guard\n|\n|upkeep\n|turn|43\n|\n|t:|1643279979\n|switch|p1a: Rapidash|Rapidash, M|100\/100\n|move|p2a: Shedinja|Toxic|p1a: Rapidash\n|-status|p1a: Rapidash|tox\n|\n|-damage|p1a: Rapidash|95\/100 tox|[from] psn\n|upkeep\n|turn|44\n|\n|t:|1643279987\n|move|p2a: Shedinja|Protect|p2a: Shedinja\n|-singleturn|p2a: Shedinja|Protect\n|move|p1a: Rapidash|Swords Dance|p1a: Rapidash\n|-boost|p1a: Rapidash|atk|2\n|\n|-damage|p1a: Rapidash|83\/100 tox|[from] psn\n|upkeep\n|turn|45\n|\n|t:|1643279999\n|switch|p2a: Toxapex|Toxapex, M|92\/100\n|move|p1a: Rapidash|Wild Charge|p2a: Toxapex\n|-supereffective|p2a: Toxapex\n|-damage|p2a: Toxapex|13\/100\n|-damage|p1a: Rapidash|61\/100 tox|[from] Recoil\n|\n|-damage|p1a: Rapidash|43\/100 tox|[from] psn\n|upkeep\n|turn|46\n|\n|t:|1643280009\n|switch|p2a: Quagsire|Quagsire, M|34\/100\n|move|p1a: Rapidash|Flare Blitz|p2a: Quagsire\n|-resisted|p2a: Quagsire\n|-damage|p2a: Quagsire|16\/100\n|-damage|p1a: Rapidash|34\/100 tox|[from] Recoil\n|\n|-damage|p1a: Rapidash|10\/100 tox|[from] psn\n|upkeep\n|turn|47\n|\n|t:|1643280019\n|switch|p2a: Toxapex|Toxapex, M|47\/100\n|move|p1a: Rapidash|Flare Blitz|p2a: Toxapex\n|-resisted|p2a: Toxapex\n|-damage|p2a: Toxapex|16\/100\n|-damage|p1a: Rapidash|0 fnt|[from] Recoil\n|faint|p1a: Rapidash\n|\n|upkeep\n|\n|t:|1643280028\n|switch|p1a: Bisharp|Bisharp, M|100\/100\n|turn|48\n|\n|t:|1643280046\n|switch|p2a: Quagsire|Quagsire, M|16\/100\n|move|p1a: Bisharp|Knock Off|p2a: Quagsire\n|-damage|p2a: Quagsire|0 fnt\n|faint|p2a: Quagsire\n|\n|upkeep\n|\n|t:|1643280048\n|switch|p2a: Toxapex|Toxapex, M|49\/100\n|turn|49\n|\n|t:|1643280059\n|move|p1a: Bisharp|Swords Dance|p1a: Bisharp\n|-boost|p1a: Bisharp|atk|2\n|move|p2a: Toxapex|Recover|p2a: Toxapex\n|-heal|p2a: Toxapex|99\/100\n|\n|upkeep\n|turn|50\n|\n|t:|1643280066\n|move|p1a: Bisharp|Knock Off|p2a: Toxapex\n|-damage|p2a: Toxapex|59\/100\n|move|p2a: Toxapex|Haze|p2a: Toxapex\n|-clearallboost\n|\n|upkeep\n|turn|51\n|\n|t:|1643280076\n|switch|p1a: Zapdos|Zapdos|69\/100 tox\n|move|p2a: Toxapex|Recover|p2a: Toxapex\n|-heal|p2a: Toxapex|100\/100\n|\n|-damage|p1a: Zapdos|63\/100 tox|[from] psn\n|upkeep\n|turn|52\n|\n|t:|1643280086\n|switch|p2a: Blissey|Blissey, F|67\/100\n|move|p1a: Zapdos|Thunderbolt|p2a: Blissey\n|-damage|p2a: Blissey|55\/100\n|\n|-damage|p1a: Zapdos|50\/100 tox|[from] psn\n|upkeep\n|turn|53\n|\n|t:|1643280095\n|move|p1a: Zapdos|Roost|p1a: Zapdos\n|-heal|p1a: Zapdos|100\/100 tox\n|-singleturn|p1a: Zapdos|move: Roost\n|move|p2a: Blissey|Soft-Boiled|p2a: Blissey\n|-heal|p2a: Blissey|100\/100\n|\n|-damage|p1a: Zapdos|82\/100 tox|[from] psn\n|upkeep\n|turn|54\n|\n|t:|1643280107\n|switch|p1a: Gyarados|Gyarados, M|100\/100\n|move|p2a: Blissey|Seismic Toss|p1a: Gyarados\n|-damage|p1a: Gyarados|70\/100\n|\n|upkeep\n|turn|55\n|\n|t:|1643280115\n|switch|p1a: Bisharp|Bisharp, M|100\/100\n|switch|p2a: Shedinja|Shedinja|100\/100\n|\n|upkeep\n|turn|56\n|\n|t:|1643280122\n|switch|p2a: Toxapex|Toxapex, M|100\/100\n|move|p1a: Bisharp|Swords Dance|p1a: Bisharp\n|-boost|p1a: Bisharp|atk|2\n|\n|upkeep\n|turn|57\n|\n|t:|1643280128\n|move|p1a: Bisharp|Knock Off|p2a: Toxapex\n|-crit|p2a: Toxapex\n|-damage|p2a: Toxapex|33\/100\n|move|p2a: Toxapex|Haze|p2a: Toxapex\n|-clearallboost\n|\n|upkeep\n|turn|58\n|\n|t:|1643280136\n|move|p1a: Bisharp|Knock Off|p2a: Toxapex\n|-damage|p2a: Toxapex|13\/100\n|move|p2a: Toxapex|Recover|p2a: Toxapex\n|-heal|p2a: Toxapex|63\/100\n|\n|upkeep\n|turn|59\n|\n|t:|1643280146\n|move|p1a: Bisharp|Swords Dance|p1a: Bisharp\n|-boost|p1a: Bisharp|atk|2\n|move|p2a: Toxapex|Recover|p2a: Toxapex\n|-heal|p2a: Toxapex|100\/100\n|\n|upkeep\n|turn|60\n|\n|t:|1643280154\n|move|p1a: Bisharp|Knock Off|p2a: Toxapex\n|-damage|p2a: Toxapex|57\/100\n|move|p2a: Toxapex|Haze|p2a: Toxapex\n|-clearallboost\n|\n|upkeep\n|turn|61\n|\n|t:|1643280161\n|switch|p1a: Flygon|Flygon, F|100\/100\n|move|p2a: Toxapex|Recover|p2a: Toxapex\n|-heal|p2a: Toxapex|100\/100\n|\n|upkeep\n|turn|62\n|\n|t:|1643280169\n|switch|p1a: Durant|Durant, M|20\/100\n|switch|p2a: Blissey|Blissey, F|100\/100\n|\n|upkeep\n|turn|63\n|\n|t:|1643280177\n|switch|p2a: Toxapex|Toxapex, M|100\/100\n|move|p1a: Durant|Thunder Fang|p2a: Toxapex\n|-supereffective|p2a: Toxapex\n|-damage|p2a: Toxapex|66\/100\n|\n|upkeep\n|turn|64\n|\n|t:|1643280185\n|switch|p2a: Zapdos|Zapdos|59\/100\n|-ability|p2a: Zapdos|Pressure\n|move|p1a: Durant|Thunder Fang|p2a: Zapdos\n|-damage|p2a: Zapdos|36\/100\n|\n|upkeep\n|turn|65\n|\n|t:|1643280193\n|switch|p2a: Toxapex|Toxapex, M|99\/100\n|move|p1a: Durant|Rock Slide|p2a: Toxapex\n|-damage|p2a: Toxapex|80\/100\n|\n|upkeep\n|turn|66\n|\n|t:|1643280202\n|move|p1a: Durant|Thunder Fang|p2a: Toxapex\n|-supereffective|p2a: Toxapex\n|-damage|p2a: Toxapex|44\/100\n|move|p2a: Toxapex|Knock Off|p1a: Durant\n|-damage|p1a: Durant|2\/100\n|-enditem|p1a: Durant|Wide Lens|[from] move: Knock Off|[of] p2a: Toxapex\n|\n|upkeep\n|turn|67\n|\n|t:|1643280210\n|move|p1a: Durant|Thunder Fang|p2a: Toxapex\n|-supereffective|p2a: Toxapex\n|-damage|p2a: Toxapex|8\/100\n|move|p2a: Toxapex|Recover|p2a: Toxapex\n|-heal|p2a: Toxapex|58\/100\n|\n|upkeep\n|turn|68\n|\n|t:|1643280217\n|move|p1a: Durant|Thunder Fang|p2a: Toxapex|[miss]\n|-miss|p1a: Durant|p2a: Toxapex\n|move|p2a: Toxapex|Recover|p2a: Toxapex\n|-heal|p2a: Toxapex|100\/100\n|\n|upkeep\n|turn|69\n|\n|t:|1643280229\n|move|p1a: Durant|Thunder Fang|p2a: Toxapex\n|-supereffective|p2a: Toxapex\n|-damage|p2a: Toxapex|62\/100\n|move|p2a: Toxapex|Knock Off|p1a: Durant\n|-damage|p1a: Durant|0 fnt\n|faint|p1a: Durant\n|\n|upkeep\n|\n|t:|1643280237\n|switch|p1a: Zapdos|Zapdos|82\/100 tox\n|turn|70\n|\n|t:|1643280242\n|switch|p1a: Bisharp|Bisharp, M|100\/100\n|switch|p2a: Blissey|Blissey, F|100\/100\n|\n|upkeep\n|turn|71\n|\n|t:|1643280249\n|switch|p2a: Toxapex|Toxapex, M|95\/100\n|move|p1a: Bisharp|Swords Dance|p1a: Bisharp\n|-boost|p1a: Bisharp|atk|2\n|\n|upkeep\n|turn|72\n|\n|t:|1643280256\n|move|p1a: Bisharp|Iron Head|p2a: Toxapex\n|-resisted|p2a: Toxapex\n|-damage|p2a: Toxapex|70\/100\n|move|p2a: Toxapex|Haze|p2a: Toxapex\n|-clearallboost\n|\n|upkeep\n|turn|73\n|\n|t:|1643280274\n|switch|p1a: Zapdos|Zapdos|82\/100 tox\n|move|p2a: Toxapex|Knock Off|p1a: Zapdos\n|-damage|p1a: Zapdos|72\/100 tox\n|\n|-damage|p1a: Zapdos|66\/100 tox|[from] psn\n|upkeep\n|turn|74\n|\n|t:|1643280284\n|switch|p2a: Blissey|Blissey, F|100\/100\n|move|p1a: Zapdos|Thunderbolt|p2a: Blissey\n|-damage|p2a: Blissey|89\/100\n|\n|-damage|p1a: Zapdos|53\/100 tox|[from] psn\n|upkeep\n|turn|75\n|\n|t:|1643280292\n|move|p1a: Zapdos|Hurricane|p2a: Blissey\n|-damage|p2a: Blissey|72\/100\n|move|p2a: Blissey|Seismic Toss|p1a: Zapdos\n|-damage|p1a: Zapdos|27\/100 tox\n|-status|p2a: Blissey|par|[from] ability: Static|[of] p1a: Zapdos\n|\n|-damage|p1a: Zapdos|8\/100 tox|[from] psn\n|upkeep\n|turn|76\n|\n|t:|1643280302\n|-curestatus|p2a: Blissey|par|[from] ability: Natural Cure\n|switch|p2a: Zapdos|Zapdos|36\/100\n|-ability|p2a: Zapdos|Pressure\n|move|p1a: Zapdos|Roost|p1a: Zapdos\n|-heal|p1a: Zapdos|58\/100 tox\n|-singleturn|p1a: Zapdos|move: Roost\n|\n|-damage|p1a: Zapdos|33\/100 tox|[from] psn\n|upkeep\n|turn|77\n|\n|t:|1643280325\n|move|p1a: Zapdos|Thunderbolt|p2a: Zapdos\n|-damage|p2a: Zapdos|0 fnt\n|faint|p2a: Zapdos\n|\n|-damage|p1a: Zapdos|2\/100 tox|[from] psn\n|upkeep\n|\n|t:|1643280331\n|switch|p2a: Shedinja|Shedinja|100\/100\n|turn|78\n|\n|t:|1643280337\n|switch|p1a: Bisharp|Bisharp, M|100\/100\n|move|p2a: Shedinja|Protect||[still]\n|-fail|p2a: Shedinja\n|\n|upkeep\n|turn|79\n|\n|t:|1643280344\n|switch|p2a: Toxapex|Toxapex, M|100\/100\n|move|p1a: Bisharp|Swords Dance|p1a: Bisharp\n|-boost|p1a: Bisharp|atk|2\n|\n|upkeep\n|turn|80\n|\n|t:|1643280350\n|move|p1a: Bisharp|Iron Head|p2a: Toxapex\n|-resisted|p2a: Toxapex\n|-damage|p2a: Toxapex|74\/100\n|cant|p2a: Toxapex|flinch\n|\n|upkeep\n|turn|81\n|\n|t:|1643280359\n|move|p1a: Bisharp|Knock Off|p2a: Toxapex\n|-damage|p2a: Toxapex|26\/100\n|move|p2a: Toxapex|Haze|p2a: Toxapex\n|-clearallboost\n|\n|upkeep\n|turn|82\n|\n|t:|1643280371\n|move|p1a: Bisharp|Iron Head|p2a: Toxapex\n|-resisted|p2a: Toxapex\n|-damage|p2a: Toxapex|14\/100\n|move|p2a: Toxapex|Recover|p2a: Toxapex\n|-heal|p2a: Toxapex|64\/100\n|\n|upkeep\n|turn|83\n|\n|t:|1643280378\n|move|p1a: Bisharp|Swords Dance|p1a: Bisharp\n|-boost|p1a: Bisharp|atk|2\n|move|p2a: Toxapex|Knock Off|p1a: Bisharp\n|-resisted|p1a: Bisharp\n|-damage|p1a: Bisharp|91\/100\n|-enditem|p1a: Bisharp|Focus Sash|[from] move: Knock Off|[of] p2a: Toxapex\n|\n|upkeep\n|turn|84\n|\n|t:|1643280386\n|move|p1a: Bisharp|Knock Off|p2a: Toxapex\n|-damage|p2a: Toxapex|17\/100\n|move|p2a: Toxapex|Haze|p2a: Toxapex\n|-clearallboost\n|\n|upkeep\n|turn|85\n|\n|t:|1643280401\n|switch|p2a: Clefable|Clefable, M|100\/100\n|move|p1a: Bisharp|Knock Off|p2a: Clefable\n|-resisted|p2a: Clefable\n|-damage|p2a: Clefable|69\/100\n|-enditem|p2a: Clefable|Heavy-Duty Boots|[from] move: Knock Off|[of] p1a: Bisharp\n|\n|upkeep\n|turn|86\n|\n|t:|1643280410\n|switch|p2a: Toxapex|Toxapex, M|50\/100\n|move|p1a: Bisharp|Iron Head|p2a: Toxapex\n|-resisted|p2a: Toxapex\n|-damage|p2a: Toxapex|36\/100\n|\n|upkeep\n|turn|87\n|\n|t:|1643280418\n|move|p1a: Bisharp|Swords Dance|p1a: Bisharp\n|-boost|p1a: Bisharp|atk|2\n|move|p2a: Toxapex|Recover|p2a: Toxapex\n|-heal|p2a: Toxapex|86\/100\n|\n|upkeep\n|turn|88\n|\n|t:|1643280424\n|move|p1a: Bisharp|Iron Head|p2a: Toxapex\n|-resisted|p2a: Toxapex\n|-damage|p2a: Toxapex|57\/100\n|cant|p2a: Toxapex|flinch\n|\n|upkeep\n|turn|89\n|\n|t:|1643280444\n|move|p1a: Bisharp|Knock Off|p2a: Toxapex\n|-damage|p2a: Toxapex|12\/100\n|move|p2a: Toxapex|Haze|p2a: Toxapex\n|-clearallboost\n|\n|upkeep\n|turn|90\n|\n|t:|1643280450\n|move|p1a: Bisharp|Iron Head|p2a: Toxapex\n|-resisted|p2a: Toxapex\n|-damage|p2a: Toxapex|0 fnt\n|faint|p2a: Toxapex\n|\n|upkeep\n|-message|kokoukohiro forfeited.\n|\n|win|Alloriga\n|raw|Alloriga's rating: 1622 &rarr; <strong>1641<\/strong><br \/>(+19 for winning)\n|raw|kokoukohiro's rating: 1611 &rarr; <strong>1592<\/strong><br \/>(-19 for losing)\n|l|\u2606kokoukohiro\n","uploadtime":1643280507,"views":19,"p1id":"alloriga","p2id":"kokoukohiro","formatid":"gen8ou","rating":1592,"private":0,"password":null}