{"id":"gen8uu-1681157513","p1":"Alolans Creed","p2":"misplayin","format":"gen8uu","log":"|j|\u2606Alolans Creed\n|j|\u2606misplayin\n|t:|1665276259\n|gametype|singles\n|player|p1|Alolans Creed|kukui-stand|\n|player|p2|misplayin|pokemonrangerf-gen4|\n|teamsize|p1|6\n|teamsize|p2|6\n|gen|8\n|tier|[Gen 8] UU\n|rule|Sleep Clause Mod: Limit one foe put to sleep\n|rule|Species Clause: Limit one of each Pok\u00e9mon\n|rule|OHKO Clause: OHKO moves are banned\n|rule|Evasion Items Clause: Evasion items are banned\n|rule|Evasion Moves Clause: Evasion moves are banned\n|rule|Endless Battle Clause: Forcing endless battles is banned\n|rule|HP Percentage Mod: HP is shown in percentages\n|rule|Dynamax Clause: You cannot dynamax\n|clearpoke\n|poke|p1|Cobalion|\n|poke|p1|Hydreigon, M|\n|poke|p1|Tapu Bulu|\n|poke|p1|Moltres|\n|poke|p1|Slowking, M|\n|poke|p1|Mamoswine, M|\n|poke|p2|Skarmory, F|\n|poke|p2|Rotom-Heat|\n|poke|p2|Heracross, F|\n|poke|p2|Swampert, F|\n|poke|p2|Nidoking, M|\n|poke|p2|Mandibuzz, F|\n|teampreview\n|inactive|Battle timer is ON: inactive players will automatically lose when time's up. (requested by misplayin)\n|j| Firelord Term\n|inactive|Alolans Creed has 270 seconds left.\n|inactive|misplayin has 270 seconds left.\n|j| doopishere\n|inactive|misplayin has 240 seconds left.\n|\n|t:|1665276320\n|start\n|switch|p1a: Dr.Drei|Hydreigon, M|100\/100\n|switch|p2a: Skarmory|Skarmory, F|100\/100\n|turn|1\n|\n|t:|1665276324\n|switch|p2a: Mandibuzz|Mandibuzz, F|100\/100\n|move|p1a: Dr.Drei|Dark Pulse|p2a: Mandibuzz\n|-resisted|p2a: Mandibuzz\n|-damage|p2a: Mandibuzz|88\/100\n|\n|upkeep\n|turn|2\n|\n|t:|1665276329\n|switch|p1a: Hawt|Moltres|100\/100\n|move|p2a: Mandibuzz|U-turn|p1a: Hawt\n|-resisted|p1a: Hawt\n|-damage|p1a: Hawt|98\/100\n|-status|p2a: Mandibuzz|brn|[from] ability: Flame Body|[of] p1a: Hawt\n|\n|t:|1665276334\n|switch|p2a: Swampert|Swampert, F|100\/100|[from]move: U-turn\n|\n|upkeep\n|turn|3\n|\n|t:|1665276338\n|switch|p1a: Ole|Tapu Bulu|100\/100\n|-fieldstart|move: Grassy Terrain|[from] ability: Grassy Surge|[of] p1a: Ole\n|move|p2a: Swampert|Stealth Rock|p1a: Ole\n|-sidestart|p1: Alolans Creed|move: Stealth Rock\n|\n|upkeep\n|turn|4\n|\n|t:|1665276344\n|switch|p2a: Rotom|Rotom-Heat|100\/100\n|move|p1a: Ole|Toxic|p2a: Rotom\n|-status|p2a: Rotom|tox\n|\n|-damage|p2a: Rotom|94\/100 tox|[from] psn\n|upkeep\n|turn|5\n|j| UnstoppableUg\n|\n|t:|1665276351\n|switch|p1a: Sophisticated|Slowking, M|100\/100\n|-damage|p1a: Sophisticated|88\/100|[from] Stealth Rock\n|move|p2a: Rotom|Volt Switch|p1a: Sophisticated\n|-supereffective|p1a: Sophisticated\n|-damage|p1a: Sophisticated|45\/100\n|\n|t:|1665276357\n|switch|p2a: Heracross|Heracross, F|100\/100|[from]move: Volt Switch\n|\n|-heal|p1a: Sophisticated|51\/100|[from] Grassy Terrain\n|upkeep\n|turn|6\n|\n|t:|1665276362\n|switch|p1a: Hawt|Moltres|98\/100\n|move|p2a: Heracross|Close Combat|p1a: Hawt\n|-resisted|p1a: Hawt\n|-damage|p1a: Hawt|72\/100\n|-unboost|p2a: Heracross|def|1\n|-unboost|p2a: Heracross|spd|1\n|\n|upkeep\n|turn|7\n|\n|t:|1665276367\n|switch|p2a: Swampert|Swampert, F|100\/100\n|move|p1a: Hawt|Defog|p2a: Swampert\n|-unboost|p2a: Swampert|evasion|1\n|-sideend|p1: Alolans Creed|Stealth Rock|[from] move: Defog|[of] p1a: Hawt\n|-fieldend|move: Grassy Terrain\n|\n|upkeep\n|turn|8\n|\n|t:|1665276381\n|switch|p1a: Ole|Tapu Bulu|100\/100\n|-fieldstart|move: Grassy Terrain|[from] ability: Grassy Surge|[of] p1a: Ole\n|move|p2a: Swampert|Flip Turn|p1a: Ole\n|-resisted|p1a: Ole\n|-damage|p1a: Ole|92\/100\n|\n|t:|1665276388\n|switch|p2a: Skarmory|Skarmory, F|100\/100|[from]move: Flip Turn\n|\n|-heal|p1a: Ole|98\/100|[from] Grassy Terrain\n|upkeep\n|turn|9\n|j| Mai Senjougahara\n|\n|t:|1665276396\n|switch|p1a: Hawt|Moltres|72\/100\n|switch|p2a: Swampert|Swampert, F|100\/100\n|\n|upkeep\n|turn|10\n|\n|t:|1665276401\n|switch|p1a: Ole|Tapu Bulu|98\/100\n|move|p2a: Swampert|Stealth Rock|p1a: Ole\n|-sidestart|p1: Alolans Creed|move: Stealth Rock\n|\n|-heal|p1a: Ole|100\/100|[from] Grassy Terrain\n|upkeep\n|turn|11\n|\n|t:|1665276409\n|switch|p1a: Sophisticated|Slowking, M|85\/100\n|-damage|p1a: Sophisticated|72\/100|[from] Stealth Rock\n|switch|p2a: Skarmory|Skarmory, F|100\/100\n|\n|-heal|p1a: Sophisticated|78\/100|[from] Grassy Terrain\n|upkeep\n|turn|12\n|\n|t:|1665276412\n|move|p2a: Skarmory|Spikes|p1a: Sophisticated\n|-sidestart|p1: Alolans Creed|Spikes\n|move|p1a: Sophisticated|Scald|p2a: Skarmory\n|-damage|p2a: Skarmory|65\/100\n|-status|p2a: Skarmory|brn\n|\n|-heal|p1a: Sophisticated|84\/100|[from] Grassy Terrain\n|-damage|p2a: Skarmory|59\/100 brn|[from] brn\n|-fieldend|move: Grassy Terrain\n|upkeep\n|turn|13\n|\n|t:|1665276419\n|move|p2a: Skarmory|Taunt|p1a: Sophisticated\n|-start|p1a: Sophisticated|move: Taunt\n|cant|p1a: Sophisticated|move: Taunt|Teleport\n|\n|-damage|p2a: Skarmory|53\/100 brn|[from] brn\n|upkeep\n|turn|14\n|\n|t:|1665276426\n|switch|p2a: Swampert|Swampert, F|100\/100\n|move|p1a: Sophisticated|Scald|p2a: Swampert\n|-damage|p2a: Swampert|82\/100\n|\n|-heal|p2a: Swampert|88\/100|[from] item: Leftovers\n|upkeep\n|turn|15\n|\n|t:|1665276429\n|move|p2a: Swampert|Flip Turn|p1a: Sophisticated\n|-resisted|p1a: Sophisticated\n|-damage|p1a: Sophisticated|77\/100\n|\n|t:|1665276432\n|switch|p2a: Mandibuzz|Mandibuzz, F|88\/100 brn|[from]move: Flip Turn\n|move|p1a: Sophisticated|Scald|p2a: Mandibuzz\n|-damage|p2a: Mandibuzz|71\/100 brn\n|\n|-damage|p2a: Mandibuzz|65\/100 brn|[from] brn\n|-end|p1a: Sophisticated|move: Taunt\n|upkeep\n|turn|16\n|\n|t:|1665276436\n|move|p2a: Mandibuzz|Taunt|p1a: Sophisticated\n|-start|p1a: Sophisticated|move: Taunt\n|cant|p1a: Sophisticated|move: Taunt|Teleport\n|\n|-damage|p2a: Mandibuzz|59\/100 brn|[from] brn\n|upkeep\n|turn|17\n|\n|t:|1665276441\n|move|p2a: Mandibuzz|Knock Off|p1a: Sophisticated\n|-supereffective|p1a: Sophisticated\n|-enditem|p1a: Sophisticated|Colbur Berry|[eat]\n|-enditem|p1a: Sophisticated|Colbur Berry|[weaken]\n|-damage|p1a: Sophisticated|68\/100\n|move|p1a: Sophisticated|Scald|p2a: Mandibuzz\n|-damage|p2a: Mandibuzz|41\/100 brn\n|\n|-damage|p2a: Mandibuzz|35\/100 brn|[from] brn\n|upkeep\n|turn|18\n|\n|t:|1665276449\n|switch|p1a: Concord Jordans|Cobalion|100\/100\n|-damage|p1a: Concord Jordans|97\/100|[from] Stealth Rock\n|-damage|p1a: Concord Jordans|85\/100|[from] Spikes\n|move|p2a: Mandibuzz|Roost|p2a: Mandibuzz\n|-heal|p2a: Mandibuzz|85\/100 brn\n|-singleturn|p2a: Mandibuzz|move: Roost\n|\n|-heal|p1a: Concord Jordans|91\/100|[from] item: Leftovers\n|-damage|p2a: Mandibuzz|79\/100 brn|[from] brn\n|upkeep\n|turn|19\n|\n|t:|1665276452\n|move|p1a: Concord Jordans|Swords Dance|p1a: Concord Jordans\n|-boost|p1a: Concord Jordans|atk|2\n|move|p2a: Mandibuzz|U-turn|p1a: Concord Jordans\n|-resisted|p1a: Concord Jordans\n|-damage|p1a: Concord Jordans|90\/100\n|\n|t:|1665276454\n|switch|p2a: Heracross|Heracross, F|100\/100|[from]move: U-turn\n|\n|-heal|p1a: Concord Jordans|96\/100|[from] item: Leftovers\n|upkeep\n|turn|20\n|\n|t:|1665276457\n|switch|p1a: Hawt|Moltres|72\/100\n|move|p2a: Heracross|Close Combat|p1a: Hawt\n|-resisted|p1a: Hawt\n|-damage|p1a: Hawt|45\/100\n|-unboost|p2a: Heracross|def|1\n|-unboost|p2a: Heracross|spd|1\n|\n|upkeep\n|turn|21\n|\n|t:|1665276462\n|switch|p2a: Nidoking|Nidoking, M|100\/100\n|move|p1a: Hawt|Defog|p2a: Nidoking\n|-unboost|p2a: Nidoking|evasion|1\n|-sideend|p1: Alolans Creed|Spikes|[from] move: Defog|[of] p1a: Hawt\n|-sideend|p1: Alolans Creed|Stealth Rock|[from] move: Defog|[of] p1a: Hawt\n|\n|upkeep\n|turn|22\n|\n|t:|1665276471\n|switch|p1a: Sophisticated|Slowking, M|100\/100\n|move|p2a: Nidoking|Substitute|p2a: Nidoking\n|-start|p2a: Nidoking|Substitute\n|-damage|p2a: Nidoking|76\/100\n|\n|upkeep\n|turn|23\n|\n|t:|1665276475\n|move|p2a: Nidoking|Sludge Wave|p1a: Sophisticated\n|-damage|p1a: Sophisticated|51\/100\n|move|p1a: Sophisticated|Psychic|p2a: Nidoking\n|-supereffective|p2a: Nidoking\n|-end|p2a: Nidoking|Substitute\n|\n|upkeep\n|turn|24\n|\n|t:|1665276479\n|move|p2a: Nidoking|Sludge Wave|p1a: Sophisticated\n|-crit|p1a: Sophisticated\n|-damage|p1a: Sophisticated|0 fnt\n|faint|p1a: Sophisticated\n|\n|upkeep\n|\n|t:|1665276486\n|switch|p1a: Dr.Drei|Hydreigon, M|100\/100\n|turn|25\n|\n|t:|1665276501\n|switch|p2a: Mandibuzz|Mandibuzz, F|79\/100 brn\n|move|p1a: Dr.Drei|U-turn|p2a: Mandibuzz\n|-damage|p2a: Mandibuzz|67\/100 brn\n|\n|t:|1665276502\n|switch|p1a: Snuffaluffugus|Mamoswine, M|100\/100|[from]move: U-turn\n|\n|-damage|p2a: Mandibuzz|61\/100 brn|[from] brn\n|upkeep\n|turn|26\n|\n|t:|1665276505\n|switch|p2a: Rotom|Rotom-Heat|94\/100 tox\n|move|p1a: Snuffaluffugus|Stealth Rock|p2a: Rotom\n|-sidestart|p2: misplayin|move: Stealth Rock\n|\n|-damage|p2a: Rotom|88\/100 tox|[from] psn\n|upkeep\n|turn|27\n|j| Mim21\n|\n|t:|1665276512\n|switch|p1a: Hawt|Moltres|45\/100\n|move|p2a: Rotom|Defog|p1a: Hawt\n|-unboost|p1a: Hawt|evasion|1\n|-sideend|p2: misplayin|Stealth Rock|[from] move: Defog|[of] p2a: Rotom\n|\n|-damage|p2a: Rotom|75\/100 tox|[from] psn\n|upkeep\n|turn|28\n|\n|t:|1665276514\n|move|p1a: Hawt|Roost|p1a: Hawt\n|-heal|p1a: Hawt|95\/100\n|-singleturn|p1a: Hawt|move: Roost\n|move|p2a: Rotom|Volt Switch|p1a: Hawt\n|-damage|p1a: Hawt|67\/100\n|\n|t:|1665276519\n|switch|p2a: Nidoking|Nidoking, M|76\/100|[from]move: Volt Switch\n|\n|upkeep\n|turn|29\n|\n|t:|1665276520\n|move|p2a: Nidoking|Sludge Wave|p1a: Hawt\n|-damage|p1a: Hawt|7\/100\n|move|p1a: Hawt|Scorching Sands|p2a: Nidoking\n|-supereffective|p2a: Nidoking\n|-damage|p2a: Nidoking|24\/100\n|\n|upkeep\n|turn|30\n|\n|t:|1665276528\n|switch|p1a: Concord Jordans|Cobalion|96\/100\n|move|p2a: Nidoking|Sludge Wave|p1a: Concord Jordans\n|-immune|p1a: Concord Jordans\n|\n|-heal|p1a: Concord Jordans|100\/100|[from] item: Leftovers\n|upkeep\n|turn|31\n|\n|t:|1665276536\n|switch|p2a: Skarmory|Skarmory, F|53\/100 brn\n|move|p1a: Concord Jordans|Close Combat|p2a: Skarmory\n|-damage|p2a: Skarmory|23\/100 brn\n|-unboost|p1a: Concord Jordans|def|1\n|-unboost|p1a: Concord Jordans|spd|1\n|-damage|p1a: Concord Jordans|84\/100|[from] item: Rocky Helmet|[of] p2a: Skarmory\n|\n|-heal|p1a: Concord Jordans|90\/100|[from] item: Leftovers\n|-damage|p2a: Skarmory|17\/100 brn|[from] brn\n|upkeep\n|turn|32\n|l| Mim21\n|\n|t:|1665276539\n|move|p1a: Concord Jordans|Close Combat|p2a: Skarmory\n|-damage|p2a: Skarmory|0 fnt\n|-unboost|p1a: Concord Jordans|def|1\n|-unboost|p1a: Concord Jordans|spd|1\n|-damage|p1a: Concord Jordans|74\/100|[from] item: Rocky Helmet|[of] p2a: Skarmory\n|faint|p2a: Skarmory\n|\n|-heal|p1a: Concord Jordans|80\/100|[from] item: Leftovers\n|upkeep\n|\n|t:|1665276547\n|switch|p2a: Heracross|Heracross, F|100\/100\n|turn|33\n|\n|t:|1665276559\n|switch|p2a: Swampert|Swampert, F|88\/100\n|switch|p1a: Ole|Tapu Bulu|100\/100\n|-fieldstart|move: Grassy Terrain|[from] ability: Grassy Surge|[of] p1a: Ole\n|\n|-heal|p2a: Swampert|94\/100|[from] Grassy Terrain\n|-heal|p2a: Swampert|99\/100|[from] item: Leftovers\n|upkeep\n|turn|34\n|j| Mim21\n|\n|t:|1665276568\n|switch|p1a: Hawt|Moltres|7\/100\n|switch|p2a: Rotom|Rotom-Heat|75\/100 tox\n|\n|-damage|p2a: Rotom|69\/100 tox|[from] psn\n|upkeep\n|turn|35\n|\n|t:|1665276577\n|move|p1a: Hawt|Roost|p1a: Hawt\n|-heal|p1a: Hawt|57\/100\n|-singleturn|p1a: Hawt|move: Roost\n|move|p2a: Rotom|Volt Switch|p1a: Hawt\n|-damage|p1a: Hawt|31\/100\n|\n|t:|1665276585\n|switch|p2a: Nidoking|Nidoking, M|24\/100|[from]move: Volt Switch\n|\n|-heal|p2a: Nidoking|30\/100|[from] Grassy Terrain\n|-heal|p1a: Hawt|37\/100|[from] Grassy Terrain\n|upkeep\n|turn|36\n|\n|t:|1665276590\n|switch|p1a: Concord Jordans|Cobalion|80\/100\n|move|p2a: Nidoking|Sludge Wave|p1a: Concord Jordans\n|-immune|p1a: Concord Jordans\n|\n|-heal|p1a: Concord Jordans|86\/100|[from] Grassy Terrain\n|-heal|p1a: Concord Jordans|92\/100|[from] item: Leftovers\n|-heal|p2a: Nidoking|36\/100|[from] Grassy Terrain\n|upkeep\n|turn|37\n|l| Mim21\n|\n|t:|1665276598\n|switch|p2a: Swampert|Swampert, F|99\/100\n|move|p1a: Concord Jordans|Close Combat|p2a: Swampert\n|-damage|p2a: Swampert|55\/100\n|-unboost|p1a: Concord Jordans|def|1\n|-unboost|p1a: Concord Jordans|spd|1\n|\n|-heal|p1a: Concord Jordans|99\/100|[from] Grassy Terrain\n|-heal|p1a: Concord Jordans|100\/100|[from] item: Leftovers\n|-heal|p2a: Swampert|61\/100|[from] Grassy Terrain\n|-heal|p2a: Swampert|67\/100|[from] item: Leftovers\n|-fieldend|move: Grassy Terrain\n|upkeep\n|turn|38\n|\n|t:|1665276606\n|move|p1a: Concord Jordans|Swords Dance|p1a: Concord Jordans\n|-boost|p1a: Concord Jordans|atk|2\n|move|p2a: Swampert|Flip Turn|p1a: Concord Jordans\n|-damage|p1a: Concord Jordans|70\/100\n|\n|t:|1665276610\n|switch|p2a: Heracross|Heracross, F|100\/100|[from]move: Flip Turn\n|\n|-heal|p1a: Concord Jordans|77\/100|[from] item: Leftovers\n|upkeep\n|turn|39\n|\n|t:|1665276613\n|switch|p1a: Ole|Tapu Bulu|100\/100\n|-fieldstart|move: Grassy Terrain|[from] ability: Grassy Surge|[of] p1a: Ole\n|move|p2a: Heracross|Close Combat|p1a: Ole\n|-resisted|p1a: Ole\n|-damage|p1a: Ole|78\/100\n|-unboost|p2a: Heracross|def|1\n|-unboost|p2a: Heracross|spd|1\n|\n|-heal|p1a: Ole|84\/100|[from] Grassy Terrain\n|upkeep\n|turn|40\n|\n|t:|1665276617\n|switch|p2a: Rotom|Rotom-Heat|69\/100 tox\n|switch|p1a: Hawt|Moltres|37\/100\n|\n|-damage|p2a: Rotom|63\/100 tox|[from] psn\n|upkeep\n|turn|41\n|\n|t:|1665276620\n|move|p1a: Hawt|Roost|p1a: Hawt\n|-heal|p1a: Hawt|87\/100\n|-singleturn|p1a: Hawt|move: Roost\n|move|p2a: Rotom|Pain Split|p1a: Hawt\n|-sethp|p1a: Hawt|66\/100|[from] move: Pain Split|[silent]\n|-sethp|p2a: Rotom|92\/100 tox|[from] move: Pain Split\n|\n|-heal|p1a: Hawt|72\/100|[from] Grassy Terrain\n|-damage|p2a: Rotom|80\/100 tox|[from] psn\n|upkeep\n|turn|42\n|\n|t:|1665276625\n|switch|p1a: Snuffaluffugus|Mamoswine, M|100\/100\n|move|p2a: Rotom|Volt Switch|p1a: Snuffaluffugus\n|-immune|p1a: Snuffaluffugus\n|\n|-damage|p2a: Rotom|61\/100 tox|[from] psn\n|upkeep\n|turn|43\n|\n|t:|1665276628\n|switch|p1a: Hawt|Moltres|72\/100\n|move|p2a: Rotom|Volt Switch|p1a: Hawt\n|-supereffective|p1a: Hawt\n|-damage|p1a: Hawt|14\/100\n|\n|t:|1665276632\n|switch|p2a: Nidoking|Nidoking, M|36\/100|[from]move: Volt Switch\n|\n|-heal|p2a: Nidoking|42\/100|[from] Grassy Terrain\n|-fieldend|move: Grassy Terrain\n|upkeep\n|turn|44\n|\n|t:|1665276638\n|move|p2a: Nidoking|Earth Power|p1a: Hawt\n|-immune|p1a: Hawt\n|move|p1a: Hawt|Scorching Sands|p2a: Nidoking\n|-supereffective|p2a: Nidoking\n|-damage|p2a: Nidoking|0 fnt\n|faint|p2a: Nidoking\n|\n|upkeep\n|\n|t:|1665276644\n|switch|p2a: Swampert|Swampert, F|67\/100\n|turn|45\n|\n|t:|1665276651\n|move|p1a: Hawt|Roost|p1a: Hawt\n|-heal|p1a: Hawt|64\/100\n|-singleturn|p1a: Hawt|move: Roost\n|move|p2a: Swampert|Flip Turn|p1a: Hawt\n|-supereffective|p1a: Hawt\n|-damage|p1a: Hawt|28\/100\n|\n|t:|1665276655\n|switch|p2a: Heracross|Heracross, F|100\/100|[from]move: Flip Turn\n|\n|upkeep\n|turn|46\n|\n|t:|1665276661\n|switch|p1a: Concord Jordans|Cobalion|77\/100\n|move|p2a: Heracross|Close Combat|p1a: Concord Jordans\n|-supereffective|p1a: Concord Jordans\n|-damage|p1a: Concord Jordans|0 fnt\n|-unboost|p2a: Heracross|def|1\n|-unboost|p2a: Heracross|spd|1\n|faint|p1a: Concord Jordans\n|-ability|p2a: Heracross|Moxie|boost\n|-boost|p2a: Heracross|atk|1\n|\n|upkeep\n|\n|t:|1665276667\n|switch|p1a: Ole|Tapu Bulu|84\/100\n|-fieldstart|move: Grassy Terrain|[from] ability: Grassy Surge|[of] p1a: Ole\n|turn|47\n|\n|t:|1665276675\n|switch|p2a: Rotom|Rotom-Heat|61\/100 tox\n|move|p1a: Ole|Horn Leech|p2a: Rotom\n|-resisted|p2a: Rotom\n|-damage|p2a: Rotom|42\/100 tox\n|-heal|p1a: Ole|91\/100|[from] drain|[of] p2a: Rotom\n|\n|-heal|p1a: Ole|98\/100|[from] Grassy Terrain\n|-damage|p2a: Rotom|36\/100 tox|[from] psn\n|upkeep\n|turn|48\n|\n|t:|1665276680\n|switch|p1a: Hawt|Moltres|28\/100\n|move|p2a: Rotom|Volt Switch|p1a: Hawt\n|-supereffective|p1a: Hawt\n|-damage|p1a: Hawt|0 fnt\n|faint|p1a: Hawt\n|\n|t:|1665276688\n|switch|p2a: Swampert|Swampert, F|67\/100|[from]move: Volt Switch\n|\n|-heal|p2a: Swampert|74\/100|[from] Grassy Terrain\n|-heal|p2a: Swampert|80\/100|[from] item: Leftovers\n|upkeep\n|l| Mai Senjougahara\n|\n|t:|1665276697\n|switch|p1a: Snuffaluffugus|Mamoswine, M|100\/100\n|turn|49\n|\n|t:|1665276699\n|move|p1a: Snuffaluffugus|Icicle Crash|p2a: Swampert\n|-damage|p2a: Swampert|28\/100\n|cant|p2a: Swampert|flinch\n|\n|-heal|p2a: Swampert|34\/100|[from] Grassy Terrain\n|-heal|p2a: Swampert|40\/100|[from] item: Leftovers\n|upkeep\n|turn|50\n|c| Firelord Term|banded mamo ftw !\n|inactive|misplayin has 270 seconds left.\n|\n|t:|1665276736\n|move|p1a: Snuffaluffugus|Icicle Crash|p2a: Swampert\n|-damage|p2a: Swampert|0 fnt\n|faint|p2a: Swampert\n|\n|upkeep\n|\n|t:|1665276738\n|switch|p2a: Heracross|Heracross, F|100\/100\n|turn|51\n|\n|t:|1665276744\n|move|p2a: Heracross|Megahorn|p1a: Snuffaluffugus\n|-damage|p1a: Snuffaluffugus|30\/100\n|move|p1a: Snuffaluffugus|Icicle Crash|p2a: Heracross\n|-damage|p2a: Heracross|11\/100\n|\n|-heal|p2a: Heracross|17\/100|[from] Grassy Terrain\n|-heal|p1a: Snuffaluffugus|36\/100|[from] Grassy Terrain\n|-fieldend|move: Grassy Terrain\n|upkeep\n|turn|52\n|\n|t:|1665276750\n|move|p1a: Snuffaluffugus|Ice Shard|p2a: Heracross\n|-damage|p2a: Heracross|0 fnt\n|faint|p2a: Heracross\n|\n|upkeep\n|\n|t:|1665276754\n|switch|p2a: Rotom|Rotom-Heat|36\/100 tox\n|turn|53\n|\n|t:|1665276759\n|move|p1a: Snuffaluffugus|Icicle Crash|p2a: Rotom\n|-resisted|p2a: Rotom\n|-damage|p2a: Rotom|7\/100 tox\n|move|p2a: Rotom|Overheat|p1a: Snuffaluffugus\n|-supereffective|p1a: Snuffaluffugus\n|-damage|p1a: Snuffaluffugus|0 fnt\n|-unboost|p2a: Rotom|spa|2\n|faint|p1a: Snuffaluffugus\n|\n|-damage|p2a: Rotom|1\/100 tox|[from] psn\n|upkeep\n|c| UnstoppableUg|Thats why u calc\n|\n|t:|1665276765\n|switch|p1a: Dr.Drei|Hydreigon, M|100\/100\n|turn|54\n|c| Firelord Term|its not banded wtf\n|c| Firelord Term|lmao\n|c|\u2606misplayin|thats why i calc lmao\n|c| Firelord Term|what is that\n|\n|t:|1665276775\n|move|p1a: Dr.Drei|U-turn|p2a: Rotom\n|-resisted|p2a: Rotom\n|-damage|p2a: Rotom|0 fnt\n|faint|p2a: Rotom\n|c|\u2606Alolans Creed|Nevermelt ice, adamant\n|c| Firelord Term|expert belt?\n|c|\u2606misplayin|gg\n|c| Firelord Term|oh\n|\n|t:|1665276780\n|switch|p1a: Ole|Tapu Bulu|98\/100|[from]move: U-turn\n|-fieldstart|move: Grassy Terrain|[from] ability: Grassy Surge|[of] p1a: Ole\n|\n|-heal|p1a: Ole|100\/100|[from] Grassy Terrain\n|upkeep\n|\n|t:|1665276782\n|switch|p2a: Mandibuzz|Mandibuzz, F|61\/100 brn\n|turn|55\n|\n|t:|1665276784\n|move|p1a: Ole|Dazzling Gleam|p2a: Mandibuzz\n|-supereffective|p2a: Mandibuzz\n|-damage|p2a: Mandibuzz|30\/100 brn\n|move|p2a: Mandibuzz|Roost|p2a: Mandibuzz\n|-heal|p2a: Mandibuzz|80\/100 brn\n|-singleturn|p2a: Mandibuzz|move: Roost\n|\n|-heal|p2a: Mandibuzz|86\/100 brn|[from] Grassy Terrain\n|-damage|p2a: Mandibuzz|80\/100 brn|[from] brn\n|upkeep\n|turn|56\n|c| UnstoppableUg|Bro its spdf swampert lmao\n|\n|t:|1665276787\n|move|p1a: Ole|Dazzling Gleam|p2a: Mandibuzz\n|-supereffective|p2a: Mandibuzz\n|-damage|p2a: Mandibuzz|51\/100 brn\n|move|p2a: Mandibuzz|Knock Off|p1a: Ole\n|-resisted|p1a: Ole\n|-damage|p1a: Ole|96\/100\n|-enditem|p1a: Ole|Heavy-Duty Boots|[from] move: Knock Off|[of] p2a: Mandibuzz\n|\n|-heal|p1a: Ole|100\/100|[from] Grassy Terrain\n|-damage|p2a: Mandibuzz|45\/100 brn|[from] brn\n|upkeep\n|turn|57\n|c| UnstoppableUg|Thats normal damage\n|\n|t:|1665276791\n|move|p1a: Ole|Dazzling Gleam|p2a: Mandibuzz\n|-supereffective|p2a: Mandibuzz\n|-damage|p2a: Mandibuzz|17\/100 brn\n|move|p2a: Mandibuzz|Roost|p2a: Mandibuzz\n|-heal|p2a: Mandibuzz|67\/100 brn\n|-singleturn|p2a: Mandibuzz|move: Roost\n|\n|-heal|p2a: Mandibuzz|73\/100 brn|[from] Grassy Terrain\n|-damage|p2a: Mandibuzz|67\/100 brn|[from] brn\n|upkeep\n|turn|58\n|\n|t:|1665276795\n|move|p1a: Ole|Dazzling Gleam|p2a: Mandibuzz\n|-supereffective|p2a: Mandibuzz\n|-damage|p2a: Mandibuzz|38\/100 brn\n|move|p2a: Mandibuzz|Roost|p2a: Mandibuzz\n|-heal|p2a: Mandibuzz|88\/100 brn\n|-singleturn|p2a: Mandibuzz|move: Roost\n|\n|-heal|p2a: Mandibuzz|94\/100 brn|[from] Grassy Terrain\n|-damage|p2a: Mandibuzz|88\/100 brn|[from] brn\n|-fieldend|move: Grassy Terrain\n|upkeep\n|turn|59\n|c| UnstoppableUg|Banded does like 70\n|\n|t:|1665276798\n|move|p1a: Ole|Dazzling Gleam|p2a: Mandibuzz\n|-supereffective|p2a: Mandibuzz\n|-damage|p2a: Mandibuzz|62\/100 brn\n|move|p2a: Mandibuzz|U-turn|p1a: Ole\n|-damage|p1a: Ole|97\/100\n|\n|-damage|p2a: Mandibuzz|56\/100 brn|[from] brn\n|upkeep\n|turn|60\n|c| Firelord Term|crazy\n|\n|t:|1665276803\n|move|p1a: Ole|Dazzling Gleam|p2a: Mandibuzz\n|-supereffective|p2a: Mandibuzz\n|-damage|p2a: Mandibuzz|27\/100 brn\n|move|p2a: Mandibuzz|Roost|p2a: Mandibuzz\n|-heal|p2a: Mandibuzz|77\/100 brn\n|-singleturn|p2a: Mandibuzz|move: Roost\n|\n|-damage|p2a: Mandibuzz|71\/100 brn|[from] brn\n|upkeep\n|turn|61\n|\n|t:|1665276806\n|move|p1a: Ole|Dazzling Gleam|p2a: Mandibuzz\n|-supereffective|p2a: Mandibuzz\n|-damage|p2a: Mandibuzz|42\/100 brn\n|move|p2a: Mandibuzz|U-turn|p1a: Ole\n|-damage|p1a: Ole|93\/100\n|\n|-damage|p2a: Mandibuzz|36\/100 brn|[from] brn\n|upkeep\n|turn|62\n|\n|t:|1665276809\n|move|p1a: Ole|Dazzling Gleam|p2a: Mandibuzz\n|-supereffective|p2a: Mandibuzz\n|-damage|p2a: Mandibuzz|7\/100 brn\n|move|p2a: Mandibuzz|Roost|p2a: Mandibuzz\n|-heal|p2a: Mandibuzz|57\/100 brn\n|-singleturn|p2a: Mandibuzz|move: Roost\n|\n|-damage|p2a: Mandibuzz|51\/100 brn|[from] brn\n|upkeep\n|turn|63\n|\n|t:|1665276811\n|move|p1a: Ole|Dazzling Gleam|p2a: Mandibuzz\n|-supereffective|p2a: Mandibuzz\n|-damage|p2a: Mandibuzz|26\/100 brn\n|move|p2a: Mandibuzz|Roost|p2a: Mandibuzz\n|-heal|p2a: Mandibuzz|76\/100 brn\n|-singleturn|p2a: Mandibuzz|move: Roost\n|\n|-damage|p2a: Mandibuzz|70\/100 brn|[from] brn\n|upkeep\n|turn|64\n|c| Firelord Term|dazzling gleam bulu is crazy\n|c| Firelord Term|LOL\n|\n|t:|1665276813\n|move|p1a: Ole|Dazzling Gleam|p2a: Mandibuzz\n|-supereffective|p2a: Mandibuzz\n|-damage|p2a: Mandibuzz|44\/100 brn\n|move|p2a: Mandibuzz|U-turn|p1a: Ole\n|-damage|p1a: Ole|89\/100\n|\n|-damage|p2a: Mandibuzz|38\/100 brn|[from] brn\n|upkeep\n|turn|65\n|\n|t:|1665276815\n|move|p1a: Ole|Horn Leech|p2a: Mandibuzz\n|-resisted|p2a: Mandibuzz\n|-damage|p2a: Mandibuzz|26\/100 brn\n|-heal|p1a: Ole|96\/100|[from] drain|[of] p2a: Mandibuzz\n|move|p2a: Mandibuzz|Roost|p2a: Mandibuzz\n|-heal|p2a: Mandibuzz|76\/100 brn\n|-singleturn|p2a: Mandibuzz|move: Roost\n|\n|-damage|p2a: Mandibuzz|70\/100 brn|[from] brn\n|upkeep\n|turn|66\n|j| Mim21\n|\n|t:|1665276824\n|move|p1a: Ole|Dazzling Gleam|p2a: Mandibuzz\n|-supereffective|p2a: Mandibuzz\n|-damage|p2a: Mandibuzz|44\/100 brn\n|move|p2a: Mandibuzz|U-turn|p1a: Ole\n|-crit|p1a: Ole\n|-damage|p1a: Ole|90\/100\n|\n|-damage|p2a: Mandibuzz|38\/100 brn|[from] brn\n|upkeep\n|turn|67\n|c| doopishere|show some respect\n|\n|t:|1665276826\n|move|p1a: Ole|Dazzling Gleam|p2a: Mandibuzz\n|-supereffective|p2a: Mandibuzz\n|-damage|p2a: Mandibuzz|8\/100 brn\n|move|p2a: Mandibuzz|Roost|p2a: Mandibuzz\n|-heal|p2a: Mandibuzz|58\/100 brn\n|-singleturn|p2a: Mandibuzz|move: Roost\n|\n|-damage|p2a: Mandibuzz|52\/100 brn|[from] brn\n|upkeep\n|turn|68\n|\n|t:|1665276829\n|move|p1a: Ole|Dazzling Gleam|p2a: Mandibuzz\n|-supereffective|p2a: Mandibuzz\n|-damage|p2a: Mandibuzz|24\/100 brn\n|move|p2a: Mandibuzz|Roost|p2a: Mandibuzz\n|-heal|p2a: Mandibuzz|75\/100 brn\n|-singleturn|p2a: Mandibuzz|move: Roost\n|\n|-damage|p2a: Mandibuzz|69\/100 brn|[from] brn\n|upkeep\n|turn|69\n|\n|t:|1665276833\n|move|p1a: Ole|Horn Leech|p2a: Mandibuzz\n|-resisted|p2a: Mandibuzz\n|-damage|p2a: Mandibuzz|56\/100 brn\n|-heal|p1a: Ole|97\/100|[from] drain|[of] p2a: Mandibuzz\n|move|p2a: Mandibuzz|U-turn|p1a: Ole\n|-damage|p1a: Ole|94\/100\n|\n|-damage|p2a: Mandibuzz|50\/100 brn|[from] brn\n|upkeep\n|turn|70\n|c| UnstoppableUg|Its defensive bulu\n|\n|t:|1665276837\n|move|p1a: Ole|Horn Leech|p2a: Mandibuzz\n|-resisted|p2a: Mandibuzz\n|-damage|p2a: Mandibuzz|39\/100 brn\n|-heal|p1a: Ole|100\/100|[from] drain|[of] p2a: Mandibuzz\n|move|p2a: Mandibuzz|U-turn|p1a: Ole\n|-damage|p1a: Ole|96\/100\n|\n|-damage|p2a: Mandibuzz|32\/100 brn|[from] brn\n|upkeep\n|turn|71\n|c| UnstoppableUg|Classic set\n|\n|t:|1665276839\n|move|p1a: Ole|Horn Leech|p2a: Mandibuzz\n|-resisted|p2a: Mandibuzz\n|-damage|p2a: Mandibuzz|19\/100 brn\n|-heal|p1a: Ole|100\/100|[from] drain|[of] p2a: Mandibuzz\n|move|p2a: Mandibuzz|Roost|p2a: Mandibuzz\n|-heal|p2a: Mandibuzz|69\/100 brn\n|-singleturn|p2a: Mandibuzz|move: Roost\n|\n|-damage|p2a: Mandibuzz|63\/100 brn|[from] brn\n|upkeep\n|turn|72\n|c|\u2606misplayin|gg\n|-message|misplayin forfeited.\n|\n|win|Alolans Creed\n|c|\u2606Alolans Creed|gg\n|l|\u2606misplayin\n|c| doopishere|FUCK\n|j|\u2606misplayin\n|player|p2|misplayin|pokemonrangerf-gen4\n|l| Firelord Term\n","uploadtime":1665276848,"views":13,"p1id":"alolanscreed","p2id":"misplayin","formatid":"gen8uu","rating":0,"private":0,"password":null}