{"id":"gen8pu-1294761480","p1":"PedroGreg","p2":"RNG Jutsu","format":"gen8pu","log":"|j|\u2606PedroGreg\n|j|\u2606RNG Jutsu\n|t:|1614907305\n|player|p1|PedroGreg|elesa|1449\n|player|p2|RNG Jutsu|koga-gen2|1417\n|teamsize|p1|6\n|teamsize|p2|6\n|gametype|singles\n|gen|8\n|tier|[Gen 8] PU\n|rated|\n|clearpoke\n|poke|p1|Passimian, F|\n|poke|p1|Regirock|\n|poke|p1|Aromatisse, M|\n|poke|p1|Silvally-*|\n|poke|p1|Weezing, M|\n|poke|p1|Heliolisk, M|\n|poke|p2|Passimian, F|\n|poke|p2|Sandslash-Alola, M|\n|poke|p2|Regirock|\n|poke|p2|Cofagrigus, F|\n|poke|p2|Talonflame, M|\n|poke|p2|Basculin-Blue-Striped, F|\n|rule|Sleep Clause Mod: Limit one foe put to sleep\n|rule|Species Clause: Limit one of each Pok\u00e9mon\n|rule|OHKO Clause: OHKO moves are banned\n|rule|Evasion Moves Clause: Evasion moves are banned\n|rule|Endless Battle Clause: Forcing endless battles is banned\n|rule|HP Percentage Mod: HP is shown in percentages\n|rule|Dynamax Clause: You cannot dynamax\n|teampreview\n|\n|t:|1614907330\n|start\n|switch|p1a: Heliolisk|Heliolisk, M|100\/100\n|switch|p2a: Basculin|Basculin-Blue-Striped, F|100\/100\n|turn|1\n|\n|t:|1614907335\n|switch|p2a: Regirock|Regirock|100\/100\n|move|p1a: Heliolisk|Volt Switch|p2a: Regirock\n|-damage|p2a: Regirock|63\/100\n|\n|t:|1614907344\n|switch|p1a: Passimian|Passimian, F|100\/100|[from]move: Volt Switch\n|\n|-heal|p2a: Regirock|69\/100|[from] item: Leftovers\n|upkeep\n|turn|2\n|\n|t:|1614907348\n|move|p1a: Passimian|Knock Off|p2a: Regirock\n|-damage|p2a: Regirock|54\/100\n|-enditem|p2a: Regirock|Leftovers|[from] move: Knock Off|[of] p1a: Passimian\n|move|p2a: Regirock|Stealth Rock|p1a: Passimian\n|-sidestart|p1: PedroGreg|move: Stealth Rock\n|\n|upkeep\n|turn|3\n|\n|t:|1614907359\n|switch|p1a: Weezing|Weezing, M|100\/100\n|-damage|p1a: Weezing|88\/100|[from] Stealth Rock\n|move|p2a: Regirock|Body Press|p1a: Weezing\n|-resisted|p1a: Weezing\n|-damage|p1a: Weezing|76\/100\n|\n|-heal|p1a: Weezing|82\/100|[from] item: Black Sludge\n|upkeep\n|turn|4\n|\n|t:|1614907364\n|switch|p2a: Cofagrigus|Cofagrigus, F|100\/100\n|move|p1a: Weezing|Toxic Spikes|p2a: Cofagrigus\n|-sidestart|p2: RNG Jutsu|move: Toxic Spikes\n|\n|-heal|p1a: Weezing|88\/100|[from] item: Black Sludge\n|upkeep\n|turn|5\n|\n|t:|1614907368\n|move|p1a: Weezing|Will-O-Wisp|p2a: Cofagrigus\n|-status|p2a: Cofagrigus|brn\n|move|p2a: Cofagrigus|Toxic Spikes|p1a: Weezing\n|-sidestart|p1: PedroGreg|move: Toxic Spikes\n|\n|-heal|p1a: Weezing|94\/100|[from] item: Black Sludge\n|-damage|p2a: Cofagrigus|94\/100 brn|[from] brn\n|upkeep\n|turn|6\n|\n|t:|1614907374\n|switch|p1a: Silvally|Silvally-Steel|100\/100\n|-damage|p1a: Silvally|94\/100|[from] Stealth Rock\n|move|p2a: Cofagrigus|Toxic Spikes|p1a: Silvally\n|-sidestart|p1: PedroGreg|move: Toxic Spikes\n|\n|-damage|p2a: Cofagrigus|88\/100 brn|[from] brn\n|upkeep\n|turn|7\n|\n|t:|1614907380\n|move|p1a: Silvally|Defog|p2a: Cofagrigus\n|-unboost|p2a: Cofagrigus|evasion|1\n|-sideend|p2: RNG Jutsu|Toxic Spikes|[from] move: Defog|[of] p1a: Silvally\n|-sideend|p1: PedroGreg|Toxic Spikes|[from] move: Defog|[of] p1a: Silvally\n|-sideend|p1: PedroGreg|Stealth Rock|[from] move: Defog|[of] p1a: Silvally\n|move|p2a: Cofagrigus|Iron Defense|p2a: Cofagrigus\n|-boost|p2a: Cofagrigus|def|2\n|\n|-damage|p2a: Cofagrigus|82\/100 brn|[from] brn\n|upkeep\n|turn|8\n|\n|t:|1614907385\n|move|p1a: Silvally|Parting Shot|p2a: Cofagrigus\n|-unboost|p2a: Cofagrigus|atk|1\n|-unboost|p2a: Cofagrigus|spa|1\n|\n|t:|1614907389\n|switch|p1a: Heliolisk|Heliolisk, M|100\/100|[from]move: Parting Shot\n|move|p2a: Cofagrigus|Body Press|p1a: Heliolisk\n|-supereffective|p1a: Heliolisk\n|-damage|p1a: Heliolisk|0 fnt\n|faint|p1a: Heliolisk\n|\n|-damage|p2a: Cofagrigus|75\/100 brn|[from] brn\n|upkeep\n|\n|t:|1614907399\n|switch|p1a: Aromatisse|Aromatisse, M|100\/100\n|turn|9\n|\n|t:|1614907402\n|switch|p2a: Talonflame|Talonflame, M|100\/100\n|move|p1a: Aromatisse|Wish|p1a: Aromatisse\n|\n|upkeep\n|turn|10\n|\n|t:|1614907407\n|move|p2a: Talonflame|U-turn|p1a: Aromatisse\n|-resisted|p1a: Aromatisse\n|-damage|p1a: Aromatisse|96\/100\n|\n|t:|1614907410\n|switch|p2a: Sandslash|Sandslash-Alola, M|100\/100|[from]move: U-turn\n|move|p1a: Aromatisse|Moonblast|p2a: Sandslash\n|-resisted|p2a: Sandslash\n|-damage|p2a: Sandslash|86\/100\n|-unboost|p2a: Sandslash|spa|1\n|\n|-heal|p1a: Aromatisse|100\/100|[from] move: Wish|[wisher] Aromatisse\n|upkeep\n|turn|11\n|\n|t:|1614907416\n|switch|p1a: Weezing|Weezing, M|94\/100\n|move|p2a: Sandslash|Spikes|p1a: Weezing\n|-sidestart|p1: PedroGreg|Spikes\n|\n|-heal|p1a: Weezing|99\/100|[from] item: Black Sludge\n|upkeep\n|turn|12\n|\n|t:|1614907420\n|switch|p2a: Cofagrigus|Cofagrigus, F|75\/100 brn\n|move|p1a: Weezing|Toxic Spikes|p2a: Cofagrigus\n|-sidestart|p2: RNG Jutsu|move: Toxic Spikes\n|\n|-heal|p1a: Weezing|100\/100|[from] item: Black Sludge\n|-damage|p2a: Cofagrigus|69\/100 brn|[from] brn\n|upkeep\n|turn|13\n|\n|t:|1614907427\n|switch|p1a: Silvally|Silvally-Steel|94\/100\n|-damage|p1a: Silvally|82\/100|[from] Spikes\n|move|p2a: Cofagrigus|Iron Defense|p2a: Cofagrigus\n|-boost|p2a: Cofagrigus|def|2\n|\n|-damage|p2a: Cofagrigus|63\/100 brn|[from] brn\n|upkeep\n|turn|14\n|\n|t:|1614907432\n|move|p1a: Silvally|Parting Shot|p2a: Cofagrigus\n|-unboost|p2a: Cofagrigus|atk|1\n|-unboost|p2a: Cofagrigus|spa|1\n|\n|t:|1614907443\n|switch|p1a: Weezing|Weezing, M|100\/100|[from]move: Parting Shot\n|move|p2a: Cofagrigus|Rest|p2a: Cofagrigus\n|-status|p2a: Cofagrigus|slp|[from] move: Rest\n|-heal|p2a: Cofagrigus|100\/100 slp|[silent]\n|-enditem|p2a: Cofagrigus|Chesto Berry|[eat]\n|-curestatus|p2a: Cofagrigus|slp|[msg]\n|\n|upkeep\n|turn|15\n|\n|t:|1614907447\n|move|p1a: Weezing|Will-O-Wisp|p2a: Cofagrigus\n|-status|p2a: Cofagrigus|brn\n|move|p2a: Cofagrigus|Toxic Spikes|p1a: Weezing\n|-sidestart|p1: PedroGreg|move: Toxic Spikes\n|\n|-damage|p2a: Cofagrigus|94\/100 brn|[from] brn\n|upkeep\n|turn|16\n|\n|t:|1614907450\n|move|p1a: Weezing|Toxic Spikes|p2a: Cofagrigus\n|-sidestart|p2: RNG Jutsu|move: Toxic Spikes\n|move|p2a: Cofagrigus|Toxic Spikes|p1a: Weezing\n|-sidestart|p1: PedroGreg|move: Toxic Spikes\n|\n|-damage|p2a: Cofagrigus|88\/100 brn|[from] brn\n|upkeep\n|turn|17\n|\n|t:|1614907455\n|move|p1a: Weezing|Sludge Bomb|p2a: Cofagrigus\n|-resisted|p2a: Cofagrigus\n|-damage|p2a: Cofagrigus|76\/100 brn\n|move|p2a: Cofagrigus|Iron Defense|p2a: Cofagrigus\n|-boost|p2a: Cofagrigus|def|2\n|\n|-damage|p2a: Cofagrigus|70\/100 brn|[from] brn\n|upkeep\n|turn|18\n|\n|t:|1614907459\n|move|p1a: Weezing|Sludge Bomb|p2a: Cofagrigus\n|-resisted|p2a: Cofagrigus\n|-damage|p2a: Cofagrigus|58\/100 brn\n|move|p2a: Cofagrigus|Iron Defense|p2a: Cofagrigus\n|-boost|p2a: Cofagrigus|def|2\n|\n|-damage|p2a: Cofagrigus|52\/100 brn|[from] brn\n|upkeep\n|turn|19\n|-message|PedroGreg forfeited.\n|\n|win|RNG Jutsu\n|l|\u2606PedroGreg\n|raw|PedroGreg's rating: 1455 &rarr; <strong>1434<\/strong><br \/>(-21 for losing)\n|raw|RNG Jutsu's rating: 1425 &rarr; <strong>1447<\/strong><br \/>(+22 for winning)\n","uploadtime":1614907464,"views":12,"p1id":"pedrogreg","p2id":"rngjutsu","formatid":"gen8pu","rating":1434,"private":0,"password":null}