{"id":"gen8ou-1676059393","p1":"AerialsAce","p2":"cows123p","format":"gen8ou","log":"|j|\u2606AerialsAce\n|j|\u2606cows123p\n|t:|1664748141\n|gametype|singles\n|player|p1|AerialsAce|clay|1569\n|player|p2|cows123p|twins-gen4dp|1573\n|teamsize|p1|6\n|teamsize|p2|6\n|gen|8\n|tier|[Gen 8] OU\n|rated|\n|rule|Sleep Clause Mod: Limit one foe put to sleep\n|rule|Species Clause: Limit one of each Pok\u00e9mon\n|rule|OHKO Clause: OHKO moves are banned\n|rule|Evasion Items Clause: Evasion items are banned\n|rule|Evasion Moves Clause: Evasion moves are banned\n|rule|Endless Battle Clause: Forcing endless battles is banned\n|rule|HP Percentage Mod: HP is shown in percentages\n|rule|Dynamax Clause: You cannot dynamax\n|clearpoke\n|poke|p1|Tapu Koko|\n|poke|p1|Zapdos|\n|poke|p1|Regieleki|\n|poke|p1|Weavile, M|\n|poke|p1|Corviknight, M|\n|poke|p1|Garchomp, M|\n|poke|p2|Blacephalon|\n|poke|p2|Corviknight, F|\n|poke|p2|Slowking-Galar, F|\n|poke|p2|Garchomp, F|\n|poke|p2|Kartana|\n|poke|p2|Tapu Fini|\n|teampreview\n|c|\u2606AerialsAce|glhf\n|inactive|Battle timer is ON: inactive players will automatically lose when time's up. (requested by AerialsAce)\n|inactive|cows123p has 120 seconds left.\n|\n|t:|1664748193\n|start\n|switch|p1a: Weavile|Weavile, M|100\/100\n|switch|p2a: Kartana|Kartana|100\/100\n|-ability|p1a: Weavile|Pressure\n|turn|1\n|j| Kyurem\n|inactive|AerialsAce has 120 seconds left.\n|\n|t:|1664748228\n|switch|p1a: Corviknight|Corviknight, M|100\/100\n|-ability|p1a: Corviknight|Pressure\n|move|p2a: Kartana|Sacred Sword|p1a: Corviknight\n|-damage|p1a: Corviknight|66\/100\n|\n|-heal|p1a: Corviknight|72\/100|[from] item: Leftovers\n|upkeep\n|turn|2\n|\n|t:|1664748238\n|switch|p2a: Slowking|Slowking-Galar, F|100\/100\n|switch|p1a: Zapdos|Zapdos|100\/100\n|\n|upkeep\n|turn|3\n|\n|t:|1664748246\n|move|p1a: Zapdos|Volt Switch|p2a: Slowking\n|-damage|p2a: Slowking|74\/100\n|\n|t:|1664748264\n|switch|p1a: Weavile|Weavile, M|100\/100|[from]move: Volt Switch\n|-ability|p1a: Weavile|Pressure\n|move|p2a: Slowking|Ice Beam|p1a: Weavile\n|-resisted|p1a: Weavile\n|-damage|p1a: Weavile|78\/100\n|\n|upkeep\n|turn|4\n|\n|t:|1664748279\n|switch|p2a: Corviknight|Corviknight, F|100\/100\n|-ability|p2a: Corviknight|Pressure\n|move|p1a: Weavile|Knock Off|p2a: Corviknight\n|-damage|p2a: Corviknight|57\/100\n|-enditem|p2a: Corviknight|Leftovers|[from] move: Knock Off|[of] p1a: Weavile\n|\n|upkeep\n|turn|5\n|\n|t:|1664748288\n|switch|p1a: Zapdos|Zapdos|100\/100\n|move|p2a: Corviknight|U-turn|p1a: Zapdos\n|-resisted|p1a: Zapdos\n|-damage|p1a: Zapdos|91\/100\n|\n|t:|1664748294\n|switch|p2a: Blacephalon|Blacephalon|100\/100|[from]move: U-turn\n|\n|upkeep\n|turn|6\n|inactive|AerialsAce has 120 seconds left.\n|\n|t:|1664748325\n|move|p2a: Blacephalon|Overheat|p1a: Zapdos\n|-damage|p1a: Zapdos|0 fnt\n|-unboost|p2a: Blacephalon|spa|2\n|faint|p1a: Zapdos\n|-ability|p2a: Blacephalon|Beast Boost|boost\n|-boost|p2a: Blacephalon|spa|1\n|\n|upkeep\n|\n|t:|1664748331\n|switch|p1a: Garchomp|Garchomp, M|100\/100\n|turn|7\n|\n|t:|1664748339\n|switch|p2a: Corviknight|Corviknight, F|57\/100\n|-ability|p2a: Corviknight|Pressure\n|move|p1a: Garchomp|Swords Dance|p1a: Garchomp\n|-boost|p1a: Garchomp|atk|2\n|\n|upkeep\n|turn|8\n|\n|t:|1664748346\n|move|p1a: Garchomp|Fire Fang|p2a: Corviknight\n|-supereffective|p2a: Corviknight\n|-damage|p2a: Corviknight|3\/100\n|move|p2a: Corviknight|U-turn|p1a: Garchomp\n|-damage|p1a: Garchomp|88\/100\n|-damage|p2a: Corviknight|0 fnt|[from] ability: Rough Skin|[of] p1a: Garchomp\n|faint|p2a: Corviknight\n|\n|upkeep\n|\n|t:|1664748354\n|switch|p2a: Tapu Fini|Tapu Fini|100\/100\n|-fieldstart|move: Misty Terrain|[from] ability: Misty Surge|[of] p2a: Tapu Fini\n|turn|9\n|\n|t:|1664748359\n|move|p1a: Garchomp|Earthquake|p2a: Tapu Fini\n|-damage|p2a: Tapu Fini|5\/100\n|move|p2a: Tapu Fini|Draining Kiss|p1a: Garchomp\n|-supereffective|p1a: Garchomp\n|-damage|p1a: Garchomp|44\/100\n|-heal|p2a: Tapu Fini|43\/100|[from] drain|[of] p1a: Garchomp\n|-damage|p2a: Tapu Fini|30\/100|[from] ability: Rough Skin|[of] p1a: Garchomp\n|\n|-heal|p2a: Tapu Fini|36\/100|[from] item: Leftovers\n|upkeep\n|turn|10\n|\n|t:|1664748370\n|move|p1a: Garchomp|Earthquake|p2a: Tapu Fini\n|-damage|p2a: Tapu Fini|0 fnt\n|faint|p2a: Tapu Fini\n|\n|upkeep\n|\n|t:|1664748374\n|switch|p2a: Blacephalon|Blacephalon|100\/100\n|turn|11\n|\n|t:|1664748384\n|move|p2a: Blacephalon|Shadow Ball|p1a: Garchomp\n|-damage|p1a: Garchomp|0 fnt\n|faint|p1a: Garchomp\n|-ability|p2a: Blacephalon|Beast Boost|boost\n|-boost|p2a: Blacephalon|spa|1\n|\n|upkeep\n|\n|t:|1664748388\n|switch|p1a: Weavile|Weavile, M|78\/100\n|-ability|p1a: Weavile|Pressure\n|turn|12\n|\n|t:|1664748398\n|switch|p2a: Garchomp|Garchomp, F|100\/100\n|move|p1a: Weavile|Knock Off|p2a: Garchomp\n|-damage|p2a: Garchomp|22\/100\n|-damage|p1a: Weavile|65\/100|[from] ability: Rough Skin|[of] p2a: Garchomp\n|-enditem|p2a: Garchomp|Leftovers|[from] move: Knock Off|[of] p1a: Weavile\n|\n|upkeep\n|turn|13\n|\n|t:|1664748406\n|move|p1a: Weavile|Knock Off|p2a: Garchomp\n|-damage|p2a: Garchomp|0 fnt\n|-damage|p1a: Weavile|53\/100|[from] ability: Rough Skin|[of] p2a: Garchomp\n|faint|p2a: Garchomp\n|\n|-fieldend|Misty Terrain\n|upkeep\n|\n|t:|1664748413\n|switch|p2a: Kartana|Kartana|100\/100\n|turn|14\n|\n|t:|1664748422\n|switch|p1a: Corviknight|Corviknight, M|72\/100\n|-ability|p1a: Corviknight|Pressure\n|move|p2a: Kartana|Sacred Sword|p1a: Corviknight\n|-damage|p1a: Corviknight|40\/100\n|\n|-heal|p1a: Corviknight|46\/100|[from] item: Leftovers\n|upkeep\n|turn|15\n|\n|t:|1664748430\n|move|p2a: Kartana|Sacred Sword|p1a: Corviknight\n|-damage|p1a: Corviknight|14\/100\n|move|p1a: Corviknight|Roost|p1a: Corviknight\n|-heal|p1a: Corviknight|64\/100\n|-singleturn|p1a: Corviknight|move: Roost\n|\n|-heal|p1a: Corviknight|70\/100|[from] item: Leftovers\n|upkeep\n|turn|16\n|\n|t:|1664748444\n|switch|p2a: Slowking|Slowking-Galar, F|100\/100\n|switch|p1a: Tapu Koko|Tapu Koko|100\/100\n|-fieldstart|move: Electric Terrain|[from] ability: Electric Surge|[of] p1a: Tapu Koko\n|\n|upkeep\n|turn|17\n|\n|t:|1664748451\n|move|p1a: Tapu Koko|Light Screen|p1a: Tapu Koko\n|-sidestart|p1: AerialsAce|move: Light Screen\n|move|p2a: Slowking|Sludge Bomb|p1a: Tapu Koko\n|-supereffective|p1a: Tapu Koko\n|-damage|p1a: Tapu Koko|40\/100\n|\n|upkeep\n|turn|18\n|\n|t:|1664748459\n|move|p1a: Tapu Koko|Nature's Madness|p2a: Slowking\n|-damage|p2a: Slowking|50\/100\n|move|p2a: Slowking|Sludge Bomb|p1a: Tapu Koko\n|-supereffective|p1a: Tapu Koko\n|-damage|p1a: Tapu Koko|0 fnt\n|faint|p1a: Tapu Koko\n|\n|upkeep\n|\n|t:|1664748468\n|switch|p1a: Regieleki|Regieleki|100\/100\n|turn|19\n|\n|t:|1664748472\n|move|p1a: Regieleki|Wild Charge|p2a: Slowking\n|-damage|p2a: Slowking|0 fnt\n|faint|p2a: Slowking\n|-damage|p1a: Regieleki|87\/100|[from] Recoil\n|-damage|p1a: Regieleki|77\/100|[from] item: Life Orb\n|\n|upkeep\n|c|\u2606AerialsAce|gg\n|\n|t:|1664748478\n|switch|p2a: Kartana|Kartana|100\/100\n|turn|20\n|\n|t:|1664748490\n|move|p2a: Kartana|Sacred Sword|p1a: Regieleki\n|-damage|p1a: Regieleki|10\/100\n|move|p1a: Regieleki|Thunderbolt|p2a: Kartana\n|-resisted|p2a: Kartana\n|-damage|p2a: Kartana|0 fnt\n|faint|p2a: Kartana\n|-damage|p1a: Regieleki|0 fnt|[from] item: Life Orb\n|faint|p1a: Regieleki\n|\n|-fieldend|move: Electric Terrain\n|upkeep\n|\n|t:|1664748499\n|switch|p1a: Weavile|Weavile, M|53\/100\n|switch|p2a: Blacephalon|Blacephalon|100\/100\n|-ability|p1a: Weavile|Pressure\n|turn|21\n|\n|t:|1664748504\n|move|p1a: Weavile|Knock Off|p2a: Blacephalon\n|-supereffective|p2a: Blacephalon\n|-damage|p2a: Blacephalon|0 fnt\n|-enditem|p2a: Blacephalon|Choice Specs|[from] move: Knock Off|[of] p1a: Weavile\n|faint|p2a: Blacephalon\n|\n|win|AerialsAce\n|raw|AerialsAce's rating: 1569 &rarr; <strong>1589<\/strong><br \/>(+20 for winning)\n|raw|cows123p's rating: 1573 &rarr; <strong>1553<\/strong><br \/>(-20 for losing)\n|l|\u2606cows123p\n||Ladder isn't responding, score probably updated but might not have (Request timeout).\n","uploadtime":1664748512,"views":7,"p1id":"aerialsace","p2id":"cows123p","formatid":"gen8ou","rating":1553,"private":0,"password":null}