{"id":"gen8randombattle-1686070754","p1":"2done","p2":"george malone","format":"gen8randombattle","log":"|j|\u26062done\n|j|\u203dgeorge malone\n|t:|1665797311\n|gametype|singles\n|player|p1|2done|101|1999\n|player|p2|george malone|2|2093\n|teamsize|p1|6\n|teamsize|p2|6\n|gen|8\n|tier|[Gen 8] Random Battle\n|rated|\n|rule|Species Clause: Limit one of each Pok\u00e9mon\n|rule|HP Percentage Mod: HP is shown in percentages\n|rule|Sleep Clause Mod: Limit one foe put to sleep\n|\n|t:|1665797311\n|start\n|switch|p1a: Necrozma|Necrozma-Dusk-Mane, L67|241\/241\n|switch|p2a: Kyurem|Kyurem-Black, L73|303\/303\n|-ability|p2a: Kyurem|Teravolt\n|turn|1\n|\n|t:|1665797335\n|switch|p2a: Thundurus|Thundurus-Therian, L80, M|258\/258\n|move|p1a: Necrozma|Dragon Dance|p1a: Necrozma\n|-boost|p1a: Necrozma|atk|1\n|-boost|p1a: Necrozma|spe|1\n|\n|upkeep\n|turn|2\n|inactive|Battle timer is ON: inactive players will automatically lose when time's up. (requested by george malone)\n|\n|t:|1665797352\n|switch|p1a: Terrakion|Terrakion, L78|270\/270\n|move|p2a: Thundurus|Thunderbolt|p1a: Terrakion\n|-damage|p1a: Terrakion|105\/270\n|-damage|p2a: Thundurus|233\/258|[from] item: Life Orb\n|\n|upkeep\n|turn|3\n|\n|t:|1665797360\n|switch|p2a: Lopunny|Lopunny, L90, F|263\/263\n|move|p1a: Terrakion|Stone Edge|p2a: Lopunny\n|-damage|p2a: Lopunny|123\/263\n|-damage|p1a: Terrakion|78\/270|[from] item: Life Orb\n|\n|-status|p2a: Lopunny|tox|[from] item: Toxic Orb\n|upkeep\n|turn|4\n|\n|t:|1665797372\n|switch|p1a: Doublade|Doublade, L82, F|231\/231\n|move|p2a: Lopunny|Close Combat|p1a: Doublade\n|-immune|p1a: Doublade\n|\n|-damage|p2a: Lopunny|107\/263 tox|[from] psn\n|upkeep\n|turn|5\n|\n|t:|1665797382\n|switch|p2a: Wishiwashi|Wishiwashi, L84, M|213\/213\n|-formechange|p2a: Wishiwashi|Wishiwashi-School||[from] ability: Schooling\n|move|p1a: Doublade|Swords Dance|p1a: Doublade\n|-boost|p1a: Doublade|atk|2\n|\n|upkeep\n|turn|6\n|\n|t:|1665797409\n|move|p1a: Doublade|Shadow Claw|p2a: Wishiwashi\n|-damage|p2a: Wishiwashi|95\/213\n|move|p2a: Wishiwashi|Scald|p1a: Doublade\n|-damage|p1a: Doublade|108\/231\n|-status|p1a: Doublade|brn\n|\n|-damage|p1a: Doublade|94\/231 brn|[from] brn\n|upkeep\n|turn|7\n|\n|t:|1665797418\n|move|p1a: Doublade|Close Combat|p2a: Wishiwashi\n|-damage|p2a: Wishiwashi|28\/213\n|-unboost|p1a: Doublade|def|1\n|-unboost|p1a: Doublade|spd|1\n|move|p2a: Wishiwashi|Scald|p1a: Doublade\n|-damage|p1a: Doublade|0 fnt\n|faint|p1a: Doublade\n|\n|-formechange|p2a: Wishiwashi|Wishiwashi||[from] ability: Schooling\n|upkeep\n|\n|t:|1665797432\n|switch|p1a: Uxie|Uxie, L82|257\/257\n|turn|8\n|\n|t:|1665797438\n|switch|p2a: Vespiquen|Vespiquen, L96, F|290\/290\n|-ability|p2a: Vespiquen|Pressure\n|move|p1a: Uxie|Stealth Rock|p2a: Vespiquen\n|-sidestart|p2: george malone|move: Stealth Rock\n|\n|upkeep\n|turn|9\n|\n|t:|1665797445\n|move|p1a: Uxie|U-turn|p2a: Vespiquen\n|-resisted|p2a: Vespiquen\n|-damage|p2a: Vespiquen|274\/290\n|\n|t:|1665797447\n|switch|p1a: Terrakion|Terrakion, L78|78\/270\n|move|p2a: Vespiquen|Defog|p1a: Terrakion\n|-unboost|p1a: Terrakion|evasion|1\n|-sideend|p2: george malone|Stealth Rock|[from] move: Defog|[of] p2a: Vespiquen\n|\n|upkeep\n|turn|10\n|\n|t:|1665797472\n|move|p1a: Terrakion|Stone Edge|p2a: Vespiquen|[miss]\n|-miss|p1a: Terrakion|p2a: Vespiquen\n|move|p2a: Vespiquen|Air Slash|p1a: Terrakion\n|-damage|p1a: Terrakion|0 fnt\n|faint|p1a: Terrakion\n|\n|upkeep\n|\n|t:|1665797482\n|switch|p1a: Raikou|Raikou, L80|275\/275\n|-ability|p1a: Raikou|Pressure\n|turn|11\n|\n|t:|1665797485\n|switch|p2a: Thundurus|Thundurus-Therian, L80, M|233\/258\n|move|p1a: Raikou|Substitute|p1a: Raikou\n|-start|p1a: Raikou|Substitute\n|-damage|p1a: Raikou|207\/275\n|\n|-heal|p1a: Raikou|224\/275|[from] item: Leftovers\n|upkeep\n|turn|12\n|\n|t:|1665797489\n|move|p1a: Raikou|Calm Mind|p1a: Raikou\n|-boost|p1a: Raikou|spa|1\n|-boost|p1a: Raikou|spd|1\n|move|p2a: Thundurus|Nasty Plot|p2a: Thundurus\n|-boost|p2a: Thundurus|spa|2\n|\n|-heal|p1a: Raikou|241\/275|[from] item: Leftovers\n|upkeep\n|turn|13\n|\n|t:|1665797494\n|move|p1a: Raikou|Calm Mind|p1a: Raikou\n|-boost|p1a: Raikou|spa|1\n|-boost|p1a: Raikou|spd|1\n|move|p2a: Thundurus|Thunderbolt|p1a: Raikou\n|-resisted|p1a: Raikou\n|-end|p1a: Raikou|Substitute\n|-damage|p2a: Thundurus|208\/258|[from] item: Life Orb\n|\n|-heal|p1a: Raikou|258\/275|[from] item: Leftovers\n|upkeep\n|turn|14\n|\n|t:|1665797499\n|move|p1a: Raikou|Calm Mind|p1a: Raikou\n|-boost|p1a: Raikou|spa|1\n|-boost|p1a: Raikou|spd|1\n|move|p2a: Thundurus|Psychic|p1a: Raikou\n|-damage|p1a: Raikou|170\/275\n|-unboost|p1a: Raikou|spd|1\n|-damage|p2a: Thundurus|183\/258|[from] item: Life Orb\n|\n|-heal|p1a: Raikou|187\/275|[from] item: Leftovers\n|upkeep\n|turn|15\n|\n|t:|1665797506\n|move|p1a: Raikou|Calm Mind|p1a: Raikou\n|-boost|p1a: Raikou|spa|1\n|-boost|p1a: Raikou|spd|1\n|move|p2a: Thundurus|Psychic|p1a: Raikou\n|-damage|p1a: Raikou|105\/275\n|-damage|p2a: Thundurus|158\/258|[from] item: Life Orb\n|\n|-heal|p1a: Raikou|122\/275|[from] item: Leftovers\n|upkeep\n|turn|16\n|\n|t:|1665797511\n|move|p1a: Raikou|Aura Sphere|p2a: Thundurus\n|-resisted|p2a: Thundurus\n|-damage|p2a: Thundurus|57\/258\n|move|p2a: Thundurus|Psychic|p1a: Raikou\n|-damage|p1a: Raikou|40\/275\n|-damage|p2a: Thundurus|32\/258|[from] item: Life Orb\n|\n|-heal|p1a: Raikou|57\/275|[from] item: Leftovers\n|upkeep\n|turn|17\n|\n|t:|1665797518\n|move|p1a: Raikou|Aura Sphere|p2a: Thundurus\n|-resisted|p2a: Thundurus\n|-damage|p2a: Thundurus|0 fnt\n|faint|p2a: Thundurus\n|\n|-heal|p1a: Raikou|74\/275|[from] item: Leftovers\n|upkeep\n|\n|t:|1665797520\n|switch|p2a: Lopunny|Lopunny, L90, F|107\/263 tox\n|turn|18\n|\n|t:|1665797524\n|switch|p1a: Necrozma|Necrozma-Dusk-Mane, L67|241\/241\n|move|p2a: Lopunny|Facade|p1a: Necrozma\n|-resisted|p1a: Necrozma\n|-damage|p1a: Necrozma|170\/241\n|\n|-damage|p2a: Lopunny|91\/263 tox|[from] psn\n|upkeep\n|turn|19\n|\n|t:|1665797532\n|move|p2a: Lopunny|Healing Wish|p2a: Lopunny\n|faint|p2a: Lopunny\n|move|p1a: Necrozma|Dragon Dance|p1a: Necrozma\n|-boost|p1a: Necrozma|atk|1\n|-boost|p1a: Necrozma|spe|1\n|\n|upkeep\n|\n|t:|1665797535\n|switch|p2a: Wishiwashi|Wishiwashi, L84, M|28\/213\n|-heal|p2a: Wishiwashi|213\/213|[from] move: Healing Wish\n|-formechange|p2a: Wishiwashi|Wishiwashi-School||[from] ability: Schooling\n|turn|20\n|\n|t:|1665797540\n|switch|p1a: Uxie|Uxie, L82|257\/257\n|move|p2a: Wishiwashi|Scald|p1a: Uxie\n|-damage|p1a: Uxie|178\/257\n|\n|-heal|p1a: Uxie|194\/257|[from] item: Leftovers\n|upkeep\n|turn|21\n|\n|t:|1665797546\n|move|p1a: Uxie|Knock Off|p2a: Wishiwashi\n|-damage|p2a: Wishiwashi|171\/213\n|-enditem|p2a: Wishiwashi|Assault Vest|[from] move: Knock Off|[of] p1a: Uxie\n|move|p2a: Wishiwashi|U-turn|p1a: Uxie\n|-supereffective|p1a: Uxie\n|-damage|p1a: Uxie|96\/257\n|\n|t:|1665797557\n|switch|p2a: Vespiquen|Vespiquen, L96, F|274\/290\n|-ability|p2a: Vespiquen|Pressure\n|\n|-heal|p1a: Uxie|112\/257|[from] item: Leftovers\n|upkeep\n|turn|22\n|\n|t:|1665797572\n|move|p1a: Uxie|Knock Off|p2a: Vespiquen\n|-damage|p2a: Vespiquen|234\/290\n|-enditem|p2a: Vespiquen|Heavy-Duty Boots|[from] move: Knock Off|[of] p1a: Uxie\n|move|p2a: Vespiquen|Toxic|p1a: Uxie\n|-status|p1a: Uxie|tox\n|\n|-heal|p1a: Uxie|128\/257 tox|[from] item: Leftovers\n|-damage|p1a: Uxie|112\/257 tox|[from] psn\n|upkeep\n|turn|23\n|\n|t:|1665797577\n|move|p1a: Uxie|U-turn|p2a: Vespiquen\n|-resisted|p2a: Vespiquen\n|-damage|p2a: Vespiquen|219\/290\n|\n|t:|1665797578\n|switch|p1a: Raikou|Raikou, L80|74\/275\n|-ability|p1a: Raikou|Pressure\n|move|p2a: Vespiquen|Air Slash|p1a: Raikou\n|-resisted|p1a: Raikou\n|-damage|p1a: Raikou|30\/275\n|\n|-heal|p1a: Raikou|47\/275|[from] item: Leftovers\n|upkeep\n|turn|24\n|\n|t:|1665797584\n|move|p1a: Raikou|Thunderbolt|p2a: Vespiquen\n|-supereffective|p2a: Vespiquen\n|-damage|p2a: Vespiquen|73\/290\n|move|p2a: Vespiquen|Toxic|p1a: Raikou\n|-status|p1a: Raikou|tox\n|\n|-heal|p1a: Raikou|64\/275 tox|[from] item: Leftovers\n|-damage|p1a: Raikou|47\/275 tox|[from] psn\n|upkeep\n|turn|25\n|\n|t:|1665797597\n|move|p1a: Raikou|Thunderbolt|p2a: Vespiquen\n|-supereffective|p2a: Vespiquen\n|-damage|p2a: Vespiquen|0 fnt\n|faint|p2a: Vespiquen\n|\n|-heal|p1a: Raikou|64\/275 tox|[from] item: Leftovers\n|-damage|p1a: Raikou|30\/275 tox|[from] psn\n|upkeep\n|\n|t:|1665797601\n|switch|p2a: Tyrantrum|Tyrantrum, L82, F|269\/269\n|turn|26\n|\n|t:|1665797607\n|move|p1a: Raikou|Aura Sphere|p2a: Tyrantrum\n|-supereffective|p2a: Tyrantrum\n|-damage|p2a: Tyrantrum|95\/269\n|move|p2a: Tyrantrum|Dragon Dance|p2a: Tyrantrum\n|-boost|p2a: Tyrantrum|atk|1\n|-boost|p2a: Tyrantrum|spe|1\n|\n|-heal|p1a: Raikou|47\/275 tox|[from] item: Leftovers\n|-damage|p1a: Raikou|0 fnt|[from] psn\n|faint|p1a: Raikou\n|upkeep\n|\n|t:|1665797614\n|switch|p1a: Necrozma|Necrozma-Dusk-Mane, L67|170\/241\n|turn|27\n|\n|t:|1665797618\n|-start|p1a: Necrozma|Dynamax|\n|-heal|p1a: Necrozma|340\/482|[silent]\n|move|p2a: Tyrantrum|Close Combat|p1a: Necrozma\n|-damage|p1a: Necrozma|170\/482\n|-unboost|p2a: Tyrantrum|def|1\n|-unboost|p2a: Tyrantrum|spd|1\n|-damage|p2a: Tyrantrum|69\/269|[from] item: Life Orb\n|move|p1a: Necrozma|Max Steelspike|p2a: Tyrantrum\n|-supereffective|p2a: Tyrantrum\n|-damage|p2a: Tyrantrum|0 fnt\n|-boost|p1a: Necrozma|def|1\n|faint|p2a: Tyrantrum\n|\n|upkeep\n|\n|t:|1665797623\n|switch|p2a: Wishiwashi|Wishiwashi, L84, M|171\/213\n|-formechange|p2a: Wishiwashi|Wishiwashi-School||[from] ability: Schooling\n|turn|28\n|\n|t:|1665797639\n|move|p1a: Necrozma|Max Quake|p2a: Wishiwashi\n|-damage|p2a: Wishiwashi|112\/213\n|-boost|p1a: Necrozma|spd|1\n|move|p2a: Wishiwashi|Scald|p1a: Necrozma\n|-damage|p1a: Necrozma|94\/482\n|\n|upkeep\n|turn|29\n|\n|t:|1665797643\n|move|p1a: Necrozma|Max Quake|p2a: Wishiwashi\n|-damage|p2a: Wishiwashi|48\/213\n|-boost|p1a: Necrozma|spd|1\n|move|p2a: Wishiwashi|Scald|p1a: Necrozma\n|-damage|p1a: Necrozma|33\/482\n|\n|-formechange|p2a: Wishiwashi|Wishiwashi||[from] ability: Schooling\n|upkeep\n|-end|p1a: Necrozma|Dynamax\n|-heal|p1a: Necrozma|17\/241|[silent]\n|turn|30\n|\n|t:|1665797648\n|move|p1a: Necrozma|Earthquake|p2a: Wishiwashi\n|-damage|p2a: Wishiwashi|0 fnt\n|faint|p2a: Wishiwashi\n|\n|upkeep\n|\n|t:|1665797651\n|switch|p2a: Kyurem|Kyurem-Black, L73|303\/303\n|-ability|p2a: Kyurem|Teravolt\n|turn|31\n|\n|t:|1665797653\n|move|p2a: Kyurem|Fusion Bolt|p1a: Necrozma\n|-damage|p1a: Necrozma|0 fnt\n|faint|p1a: Necrozma\n|\n|upkeep\n|\n|t:|1665797656\n|switch|p1a: Darmanitan|Darmanitan, L80, M|299\/299\n|turn|32\n|\n|t:|1665797664\n|move|p1a: Darmanitan|Rock Slide|p2a: Kyurem\n|-supereffective|p2a: Kyurem\n|-damage|p2a: Kyurem|82\/303\n|move|p2a: Kyurem|Dragon Dance|p2a: Kyurem\n|-boost|p2a: Kyurem|atk|1\n|-boost|p2a: Kyurem|spe|1\n|\n|upkeep\n|turn|33\n|\n|t:|1665797669\n|-start|p2a: Kyurem|Dynamax|\n|-heal|p2a: Kyurem|164\/606|[silent]\n|move|p2a: Kyurem|Max Wyrmwind|p1a: Darmanitan\n|-damage|p1a: Darmanitan|0 fnt\n|faint|p1a: Darmanitan\n|\n|upkeep\n|\n|t:|1665797672\n|switch|p1a: Uxie|Uxie, L82|112\/257 tox\n|turn|34\n|\n|t:|1665797677\n|move|p2a: Kyurem|Max Guard|p2a: Kyurem\n|-singleturn|p2a: Kyurem|Max Guard\n|move|p1a: Uxie|Psychic|p2a: Kyurem\n|-activate|p2a: Kyurem|move: Max Guard\n|\n|-heal|p1a: Uxie|128\/257 tox|[from] item: Leftovers\n|-damage|p1a: Uxie|112\/257 tox|[from] psn\n|upkeep\n|turn|35\n|c|\u26062done|dumbass\n|-message|2done forfeited.\n|\n|win|george malone\n|raw|2done's rating: 2017 &rarr; <strong>2001<\/strong><br \/>(-16 for losing)\n|raw|george malone's rating: 2093 &rarr; <strong>2109<\/strong><br \/>(+16 for winning)\n|l|\u26062done\n||Ladder isn't responding, score probably updated but might not have (Request timeout).\n","inputlog":">version ef613a9475d6dbd637653866edadf31f5286d49e\n>start {\"formatid\":\"gen8randombattle\",\"seed\":[48559,33981,43421,38683],\"rated\":\"Rated battle\"}\n>player p1 {\"name\":\"2done\",\"avatar\":\"101\",\"rating\":1999,\"seed\":[56330,3580,36050,6325]}\n>player p2 {\"name\":\"george malone\",\"avatar\":\"2\",\"rating\":2093,\"seed\":[62796,60674,1240,29196]}\n>p1 move dragondance\n>p2 switch 6\n>p1 switch 3\n>p2 move thunderbolt\n>p1 move stoneedge\n>p2 switch 5\n>p1 switch 5\n>p2 move closecombat\n>p1 move swordsdance\n>p2 switch 2\n>p1 move shadowclaw\n>p2 move scald\n>p1 move closecombat\n>p2 move scald\n>p1 switch 2\n>p1 move stealthrock\n>p2 switch 4\n>p1 move uturn\n>p2 move defog\n>p1 switch 5\n>p1 move stoneedge\n>p2 move airslash\n>p1 switch 4\n>p1 move substitute\n>p2 switch 5\n>p1 move calmmind\n>p2 move nastyplot\n>p1 move calmmind\n>p2 move thunderbolt\n>p1 move calmmind\n>p2 move psychic\n>p1 move calmmind\n>p2 move psychic\n>p1 move aurasphere\n>p2 move psychic\n>p1 move aurasphere\n>p2 move psychic\n>p2 switch 2\n>p1 switch 3\n>p2 move facade\n>p1 move dragondance\n>p2 move healingwish\n>p2 switch 4\n>p1 switch 5\n>p2 move scald\n>p1 move knockoff\n>p2 move uturn\n>p2 switch 5\n>p1 move knockoff\n>p2 move toxic\n>p1 move uturn\n>p2 move airslash\n>p1 switch 3\n>p1 move thunderbolt\n>p2 move toxic\n>p1 move thunderbolt\n>p2 move roost\n>p2 switch 3\n>p1 move aurasphere\n>p2 move dragondance\n>p1 switch 5\n>p1 move sunsteelstrike dynamax\n>p2 move closecombat\n>p2 switch 5\n>p1 move earthquake dynamax\n>p2 move scald\n>p1 move earthquake dynamax\n>p2 move scald\n>p1 move earthquake\n>p2 move scald\n>p2 switch 6\n>p1 move sunsteelstrike\n>p2 move fusionbolt\n>p1 switch 6\n>p1 move rockslide\n>p2 move dragondance\n>p1 move flareblitz\n>p2 move outrage dynamax\n>p1 switch 3\n>p1 move psychic\n>p2 move dragondance dynamax\n>chat \u26062done|dumbass\n>forcelose p1","uploadtime":1665797719,"views":12,"p1id":"2done","p2id":"georgemalone","formatid":"gen8randombattle","rating":2001,"private":0,"password":null}