{"id":"gen8ou-1678948993","p1":"Shinjou Akane","p2":"Kamikaz 100","format":"gen8ou","log":"|j|\u2606Shinjou Akane\n|j|\u2606Kamikaz 100\n|t:|1665046508\n|gametype|singles\n|player|p1|Shinjou Akane|elesa-masters|1657\n|player|p2|Kamikaz 100|169|1723\n|teamsize|p1|6\n|teamsize|p2|6\n|gen|8\n|tier|[Gen 8] OU\n|rated|\n|rule|Sleep Clause Mod: Limit one foe put to sleep\n|rule|Species Clause: Limit one of each Pok\u00e9mon\n|rule|OHKO Clause: OHKO moves are banned\n|rule|Evasion Items Clause: Evasion items are banned\n|rule|Evasion Moves Clause: Evasion moves are banned\n|rule|Endless Battle Clause: Forcing endless battles is banned\n|rule|HP Percentage Mod: HP is shown in percentages\n|rule|Dynamax Clause: You cannot dynamax\n|clearpoke\n|poke|p1|Corviknight, M|\n|poke|p1|Garchomp, M|\n|poke|p1|Slowking-Galar, M|\n|poke|p1|Urshifu-*, F|\n|poke|p1|Zeraora|\n|poke|p1|Rillaboom, F|\n|poke|p2|Mew|\n|poke|p2|Rillaboom, F|\n|poke|p2|Garchomp, M|\n|poke|p2|Volcarona, M|\n|poke|p2|Dragapult, M|\n|poke|p2|Bisharp, M|\n|teampreview\n|inactive|Battle timer is ON: inactive players will automatically lose when time's up. (requested by Kamikaz 100)\n|\n|t:|1665046519\n|start\n|switch|p1a: Urshifu|Urshifu-Rapid-Strike, F|100\/100\n|switch|p2a: Mew|Mew|100\/100\n|turn|1\n|\n|t:|1665046525\n|move|p2a: Mew|Stealth Rock|p1a: Urshifu\n|-sidestart|p1: Shinjou Akane|move: Stealth Rock\n|move|p1a: Urshifu|Surging Strikes|p2a: Mew\n|-crit|p2a: Mew\n|-damage|p2a: Mew|76\/100\n|-crit|p2a: Mew\n|-damage|p2a: Mew|52\/100\n|-crit|p2a: Mew\n|-damage|p2a: Mew|29\/100\n|-hitcount|p2a: Mew|3\n|-enditem|p2a: Mew|Red Card|[of] p1a: Urshifu\n|drag|p1a: Zeraora|Zeraora|100\/100\n|\n|upkeep\n|turn|2\n|\n|t:|1665046542\n|switch|p2a: Garchomp|Garchomp, M|100\/100\n|move|p1a: Zeraora|Knock Off|p2a: Garchomp\n|-damage|p2a: Garchomp|68\/100\n|-damage|p1a: Zeraora|88\/100|[from] ability: Rough Skin|[of] p2a: Garchomp\n|-enditem|p2a: Garchomp|Life Orb|[from] move: Knock Off|[of] p1a: Zeraora\n|\n|upkeep\n|turn|3\n|\n|t:|1665046551\n|switch|p1a: Corviknight|Corviknight, M, shiny|100\/100\n|-damage|p1a: Corviknight|88\/100|[from] Stealth Rock\n|-ability|p1a: Corviknight|Pressure\n|switch|p2a: Mew|Mew|29\/100\n|\n|upkeep\n|turn|4\n|\n|t:|1665046561\n|move|p2a: Mew|Spikes|p1a: Corviknight\n|-sidestart|p1: Shinjou Akane|Spikes\n|move|p1a: Corviknight|Brave Bird|p2a: Mew\n|-damage|p2a: Mew|0 fnt\n|faint|p2a: Mew\n|-damage|p1a: Corviknight|78\/100|[from] Recoil\n|\n|upkeep\n|\n|t:|1665046572\n|switch|p2a: Volcarona|Volcarona, M|100\/100\n|turn|5\n|\n|t:|1665046578\n|move|p2a: Volcarona|Flamethrower|p1a: Corviknight\n|-supereffective|p1a: Corviknight\n|-damage|p1a: Corviknight|0 fnt\n|faint|p1a: Corviknight\n|\n|upkeep\n|\n|t:|1665046583\n|switch|p1a: Urshifu|Urshifu-Rapid-Strike, F|100\/100\n|-damage|p1a: Urshifu|94\/100|[from] Stealth Rock\n|-damage|p1a: Urshifu|82\/100|[from] Spikes\n|turn|6\n|\n|t:|1665046592\n|switch|p2a: Rillaboom|Rillaboom, F|100\/100\n|-fieldstart|move: Grassy Terrain|[from] ability: Grassy Surge|[of] p2a: Rillaboom\n|move|p1a: Urshifu|Close Combat|p2a: Rillaboom\n|-damage|p2a: Rillaboom|5\/100\n|-unboost|p1a: Urshifu|def|1\n|-unboost|p1a: Urshifu|spd|1\n|\n|-heal|p1a: Urshifu|88\/100|[from] Grassy Terrain\n|-heal|p2a: Rillaboom|11\/100|[from] Grassy Terrain\n|upkeep\n|turn|7\n|\n|t:|1665046603\n|switch|p1a: Garchomp|Garchomp, M|100\/100\n|-damage|p1a: Garchomp|94\/100|[from] Stealth Rock\n|-damage|p1a: Garchomp|82\/100|[from] Spikes\n|move|p2a: Rillaboom|Grassy Glide|p1a: Garchomp\n|-damage|p1a: Garchomp|30\/100\n|-damage|p2a: Rillaboom|0 fnt|[from] ability: Rough Skin|[of] p1a: Garchomp\n|faint|p2a: Rillaboom\n|\n|-heal|p1a: Garchomp|36\/100|[from] Grassy Terrain\n|-heal|p1a: Garchomp|43\/100|[from] item: Leftovers\n|upkeep\n|\n|t:|1665046614\n|switch|p2a: Dragapult|Dragapult, M|100\/100\n|turn|8\n|\n|t:|1665046619\n|move|p1a: Garchomp|Protect|p1a: Garchomp\n|-singleturn|p1a: Garchomp|Protect\n|move|p2a: Dragapult|Shadow Ball|p1a: Garchomp\n|-activate|p1a: Garchomp|move: Protect\n|\n|-heal|p1a: Garchomp|49\/100|[from] Grassy Terrain\n|-heal|p1a: Garchomp|55\/100|[from] item: Leftovers\n|upkeep\n|turn|9\n|\n|t:|1665046627\n|move|p2a: Dragapult|Shadow Ball|p1a: Garchomp\n|-damage|p1a: Garchomp|10\/100\n|-unboost|p1a: Garchomp|spd|1\n|move|p1a: Garchomp|Stealth Rock|p2a: Dragapult\n|-sidestart|p2: Kamikaz 100|move: Stealth Rock\n|\n|-heal|p1a: Garchomp|16\/100|[from] Grassy Terrain\n|-heal|p1a: Garchomp|22\/100|[from] item: Leftovers\n|upkeep\n|turn|10\n|j| VegetaGamex\n|\n|t:|1665046637\n|switch|p1a: Slowking|Slowking-Galar, M|100\/100\n|-damage|p1a: Slowking|88\/100|[from] Stealth Rock\n|-damage|p1a: Slowking|76\/100|[from] Spikes\n|move|p2a: Dragapult|Shadow Ball|p1a: Slowking\n|-supereffective|p1a: Slowking\n|-damage|p1a: Slowking|31\/100\n|\n|-heal|p1a: Slowking|38\/100|[from] Grassy Terrain\n|-fieldend|move: Grassy Terrain\n|upkeep\n|turn|11\n|\n|t:|1665046646\n|move|p2a: Dragapult|Shadow Ball|p1a: Slowking\n|-supereffective|p1a: Slowking\n|-damage|p1a: Slowking|0 fnt\n|faint|p1a: Slowking\n|\n|upkeep\n|\n|t:|1665046651\n|switch|p1a: Rillaboom|Rillaboom, F|100\/100\n|-damage|p1a: Rillaboom|88\/100|[from] Stealth Rock\n|-damage|p1a: Rillaboom|75\/100|[from] Spikes\n|-fieldstart|move: Grassy Terrain|[from] ability: Grassy Surge|[of] p1a: Rillaboom\n|turn|12\n|\n|t:|1665046657\n|switch|p2a: Volcarona|Volcarona, M|100\/100\n|move|p1a: Rillaboom|Knock Off|p2a: Volcarona\n|-damage|p2a: Volcarona|44\/100\n|-enditem|p2a: Volcarona|Heavy-Duty Boots|[from] move: Knock Off|[of] p1a: Rillaboom\n|\n|-heal|p2a: Volcarona|50\/100|[from] Grassy Terrain\n|-heal|p1a: Rillaboom|82\/100|[from] Grassy Terrain\n|-heal|p1a: Rillaboom|88\/100|[from] item: Leftovers\n|upkeep\n|turn|13\n|\n|t:|1665046668\n|move|p2a: Volcarona|Roost|p2a: Volcarona\n|-heal|p2a: Volcarona|99\/100\n|-singleturn|p2a: Volcarona|move: Roost\n|move|p1a: Rillaboom|Knock Off|p2a: Volcarona\n|-damage|p2a: Volcarona|60\/100\n|\n|-heal|p2a: Volcarona|66\/100|[from] Grassy Terrain\n|-heal|p1a: Rillaboom|94\/100|[from] Grassy Terrain\n|-heal|p1a: Rillaboom|100\/100|[from] item: Leftovers\n|upkeep\n|turn|14\n|\n|t:|1665046678\n|switch|p1a: Urshifu|Urshifu-Rapid-Strike, F|88\/100\n|-damage|p1a: Urshifu|82\/100|[from] Stealth Rock\n|-damage|p1a: Urshifu|70\/100|[from] Spikes\n|move|p2a: Volcarona|Flamethrower|p1a: Urshifu\n|-resisted|p1a: Urshifu\n|-damage|p1a: Urshifu|35\/100\n|\n|-heal|p2a: Volcarona|72\/100|[from] Grassy Terrain\n|-heal|p1a: Urshifu|42\/100|[from] Grassy Terrain\n|upkeep\n|turn|15\n|\n|t:|1665046692\n|move|p1a: Urshifu|Aqua Jet|p2a: Volcarona\n|-supereffective|p2a: Volcarona\n|-damage|p2a: Volcarona|0 fnt\n|faint|p2a: Volcarona\n|\n|-heal|p1a: Urshifu|48\/100|[from] Grassy Terrain\n|upkeep\n|\n|t:|1665046696\n|switch|p2a: Dragapult|Dragapult, M|100\/100\n|-damage|p2a: Dragapult|88\/100|[from] Stealth Rock\n|turn|16\n|\n|t:|1665046701\n|switch|p1a: Garchomp|Garchomp, M|22\/100\n|-damage|p1a: Garchomp|16\/100|[from] Stealth Rock\n|-damage|p1a: Garchomp|4\/100|[from] Spikes\n|move|p2a: Dragapult|Shadow Ball|p1a: Garchomp\n|-damage|p1a: Garchomp|0 fnt\n|faint|p1a: Garchomp\n|\n|-heal|p2a: Dragapult|94\/100|[from] Grassy Terrain\n|-fieldend|move: Grassy Terrain\n|upkeep\n|\n|t:|1665046711\n|switch|p1a: Zeraora|Zeraora|88\/100\n|turn|17\n|\n|t:|1665046715\n|switch|p2a: Garchomp|Garchomp, M|68\/100\n|-damage|p2a: Garchomp|62\/100|[from] Stealth Rock\n|move|p1a: Zeraora|Knock Off|p2a: Garchomp\n|-damage|p2a: Garchomp|43\/100\n|-damage|p1a: Zeraora|76\/100|[from] ability: Rough Skin|[of] p2a: Garchomp\n|\n|upkeep\n|turn|18\n|j| Kyurem\n|\n|t:|1665046723\n|switch|p1a: Rillaboom|Rillaboom, F|100\/100\n|-damage|p1a: Rillaboom|88\/100|[from] Stealth Rock\n|-damage|p1a: Rillaboom|75\/100|[from] Spikes\n|-fieldstart|move: Grassy Terrain|[from] ability: Grassy Surge|[of] p1a: Rillaboom\n|switch|p2a: Dragapult|Dragapult, M|94\/100\n|-damage|p2a: Dragapult|82\/100|[from] Stealth Rock\n|\n|-heal|p2a: Dragapult|88\/100|[from] Grassy Terrain\n|-heal|p1a: Rillaboom|82\/100|[from] Grassy Terrain\n|-heal|p1a: Rillaboom|88\/100|[from] item: Leftovers\n|upkeep\n|turn|19\n|\n|t:|1665046736\n|move|p2a: Dragapult|Flamethrower|p1a: Rillaboom\n|-supereffective|p1a: Rillaboom\n|-damage|p1a: Rillaboom|6\/100\n|move|p1a: Rillaboom|Knock Off|p2a: Dragapult\n|-supereffective|p2a: Dragapult\n|-damage|p2a: Dragapult|0 fnt\n|-enditem|p2a: Dragapult|Choice Specs|[from] move: Knock Off|[of] p1a: Rillaboom\n|faint|p2a: Dragapult\n|\n|-heal|p1a: Rillaboom|12\/100|[from] Grassy Terrain\n|-heal|p1a: Rillaboom|18\/100|[from] item: Leftovers\n|upkeep\n|\n|t:|1665046744\n|switch|p2a: Bisharp|Bisharp, M|100\/100\n|-damage|p2a: Bisharp|95\/100|[from] Stealth Rock\n|turn|20\n|j| KMTQ\n|l| KMTQ\n|\n|t:|1665046751\n|move|p2a: Bisharp|Knock Off|p1a: Rillaboom\n|-damage|p1a: Rillaboom|0 fnt\n|-enditem|p1a: Rillaboom|Leftovers|[from] move: Knock Off|[of] p2a: Bisharp\n|faint|p1a: Rillaboom\n|\n|-heal|p2a: Bisharp|100\/100|[from] Grassy Terrain\n|upkeep\n|\n|t:|1665046758\n|switch|p1a: Zeraora|Zeraora|76\/100\n|turn|21\n|\n|t:|1665046767\n|switch|p2a: Garchomp|Garchomp, M|43\/100\n|-damage|p2a: Garchomp|37\/100|[from] Stealth Rock\n|move|p1a: Zeraora|Close Combat|p2a: Garchomp\n|-damage|p2a: Garchomp|0 fnt\n|-unboost|p1a: Zeraora|def|1\n|-unboost|p1a: Zeraora|spd|1\n|-damage|p1a: Zeraora|64\/100|[from] ability: Rough Skin|[of] p2a: Garchomp\n|faint|p2a: Garchomp\n|\n|-heal|p1a: Zeraora|70\/100|[from] Grassy Terrain\n|upkeep\n|\n|t:|1665046775\n|switch|p2a: Bisharp|Bisharp, M|100\/100\n|-damage|p2a: Bisharp|95\/100|[from] Stealth Rock\n|turn|22\n|\n|t:|1665046781\n|switch|p1a: Urshifu|Urshifu-Rapid-Strike, F|48\/100\n|-damage|p1a: Urshifu|42\/100|[from] Stealth Rock\n|-damage|p1a: Urshifu|29\/100|[from] Spikes\n|move|p2a: Bisharp|Swords Dance|p2a: Bisharp\n|-boost|p2a: Bisharp|atk|2\n|\n|-heal|p1a: Urshifu|35\/100|[from] Grassy Terrain\n|-heal|p2a: Bisharp|100\/100|[from] Grassy Terrain\n|-fieldend|move: Grassy Terrain\n|upkeep\n|turn|23\n|\n|t:|1665046791\n|move|p1a: Urshifu|Close Combat|p2a: Bisharp\n|-supereffective|p2a: Bisharp\n|-damage|p2a: Bisharp|0 fnt\n|-unboost|p1a: Urshifu|def|1\n|-unboost|p1a: Urshifu|spd|1\n|faint|p2a: Bisharp\n|\n|win|Shinjou Akane\n|raw|Shinjou Akane's rating: 1657 &rarr; <strong>1681<\/strong><br \/>(+24 for winning)\n|raw|Kamikaz 100's rating: 1723 &rarr; <strong>1699<\/strong><br \/>(-24 for losing)\n|l|\u2606Kamikaz 100\n","uploadtime":1665046801,"views":22,"p1id":"shinjouakane","p2id":"kamikaz100","formatid":"gen8ou","rating":1681,"private":0,"password":null}