{"id":"gen8ou-1607082673","p1":"Samoan Bro","p2":"andrewm0n","format":"gen8ou","log":"|j|\u2606Samoan Bro\n|j|\u2606andrewm0n\n|t:|1656549743\n|gametype|singles\n|player|p1|Samoan Bro|firebreather|1679\n|player|p2|andrewm0n|swimmerf|1760\n|teamsize|p1|6\n|teamsize|p2|6\n|gen|8\n|tier|[Gen 8] OU\n|rated|\n|rule|Sleep Clause Mod: Limit one foe put to sleep\n|rule|Species Clause: Limit one of each Pok\u00e9mon\n|rule|OHKO Clause: OHKO moves are banned\n|rule|Evasion Moves Clause: Evasion moves are banned\n|rule|Endless Battle Clause: Forcing endless battles is banned\n|rule|HP Percentage Mod: HP is shown in percentages\n|rule|Dynamax Clause: You cannot dynamax\n|clearpoke\n|poke|p1|Mew|\n|poke|p1|Tapu Fini|\n|poke|p1|Nidoking, M|\n|poke|p1|Alakazam, F|\n|poke|p1|Garchomp, M|\n|poke|p1|Celesteela|\n|poke|p2|Blaziken, M|\n|poke|p2|Clefable, F|\n|poke|p2|Slowbro-Galar, M|\n|poke|p2|Corviknight, M|\n|poke|p2|Seismitoad, M|\n|poke|p2|Rillaboom, M|\n|teampreview\n|\n|t:|1656549757\n|start\n|switch|p1a: Nidoking|Nidoking, M, shiny|100\/100\n|switch|p2a: Rillaboom|Rillaboom, M|100\/100\n|-fieldstart|move: Grassy Terrain|[from] ability: Grassy Surge|[of] p2a: Rillaboom\n|turn|1\n|\n|t:|1656549791\n|switch|p2a: Corviknight|Corviknight, M|100\/100\n|move|p1a: Nidoking|Stealth Rock|p2a: Corviknight\n|-sidestart|p2: andrewm0n|move: Stealth Rock\n|\n|upkeep\n|turn|2\n|\n|t:|1656549799\n|move|p1a: Nidoking|Flamethrower|p2a: Corviknight\n|-supereffective|p2a: Corviknight\n|-damage|p2a: Corviknight|49\/100\n|move|p2a: Corviknight|Brave Bird|p1a: Nidoking\n|-damage|p1a: Nidoking|47\/100\n|-damage|p2a: Corviknight|36\/100|[from] Recoil\n|\n|-heal|p1a: Nidoking|53\/100|[from] Grassy Terrain\n|upkeep\n|turn|3\n|\n|t:|1656549809\n|switch|p2a: Seismitoad|Seismitoad, M|100\/100\n|-damage|p2a: Seismitoad|94\/100|[from] Stealth Rock\n|move|p1a: Nidoking|Earth Power|p2a: Seismitoad\n|-damage|p2a: Seismitoad|54\/100\n|\n|-heal|p1a: Nidoking|59\/100|[from] Grassy Terrain\n|-heal|p2a: Seismitoad|60\/100|[from] Grassy Terrain\n|-heal|p2a: Seismitoad|66\/100|[from] item: Leftovers\n|upkeep\n|turn|4\n|\n|t:|1656549819\n|switch|p1a: Celesteela|Celesteela, shiny|100\/100\n|move|p2a: Seismitoad|Earth Power|p1a: Celesteela\n|-immune|p1a: Celesteela\n|\n|-heal|p2a: Seismitoad|72\/100|[from] Grassy Terrain\n|-heal|p2a: Seismitoad|79\/100|[from] item: Leftovers\n|upkeep\n|turn|5\n|\n|t:|1656549838\n|move|p1a: Celesteela|Air Slash|p2a: Seismitoad\n|-damage|p2a: Seismitoad|42\/100\n|move|p2a: Seismitoad|Knock Off|p1a: Celesteela\n|-damage|p1a: Celesteela|78\/100\n|-enditem|p1a: Celesteela|Power Herb|[from] move: Knock Off|[of] p2a: Seismitoad\n|\n|-heal|p2a: Seismitoad|48\/100|[from] Grassy Terrain\n|-heal|p2a: Seismitoad|54\/100|[from] item: Leftovers\n|-fieldend|move: Grassy Terrain\n|upkeep\n|turn|6\n|\n|t:|1656549862\n|switch|p2a: Slowbro|Slowbro-Galar, M|100\/100\n|-damage|p2a: Slowbro|88\/100|[from] Stealth Rock\n|move|p1a: Celesteela|Air Slash|p2a: Slowbro\n|-damage|p2a: Slowbro|61\/100\n|\n|upkeep\n|turn|7\n|\n|t:|1656549870\n|move|p1a: Celesteela|Air Slash|p2a: Slowbro\n|-damage|p2a: Slowbro|34\/100\n|cant|p2a: Slowbro|flinch\n|\n|upkeep\n|turn|8\n|\n|t:|1656549880\n|move|p1a: Celesteela|Meteor Beam||[still]\n|-prepare|p1a: Celesteela|Meteor Beam\n|-boost|p1a: Celesteela|spa|1\n|move|p2a: Slowbro|Flamethrower|p1a: Celesteela\n|-supereffective|p1a: Celesteela\n|-damage|p1a: Celesteela|36\/100\n|\n|upkeep\n|turn|9\n|\n|t:|1656549887\n|switch|p2a: Clefable|Clefable, F|100\/100\n|-damage|p2a: Clefable|88\/100|[from] Stealth Rock\n|move|p1a: Celesteela|Meteor Beam|p2a: Clefable|[from]lockedmove\n|-damage|p2a: Clefable|50\/100\n|\n|-heal|p2a: Clefable|56\/100|[from] item: Leftovers\n|upkeep\n|turn|10\n|\n|t:|1656549891\n|move|p2a: Clefable|Protect|p2a: Clefable\n|-singleturn|p2a: Clefable|Protect\n|move|p1a: Celesteela|Air Slash|p2a: Clefable\n|-activate|p2a: Clefable|move: Protect\n|\n|-heal|p2a: Clefable|62\/100|[from] item: Leftovers\n|upkeep\n|turn|11\n|j| 50 at max\n|\n|t:|1656549914\n|move|p1a: Celesteela|Air Slash|p2a: Clefable\n|-damage|p2a: Clefable|25\/100\n|move|p2a: Clefable|Wish|p2a: Clefable\n|\n|-heal|p2a: Clefable|31\/100|[from] item: Leftovers\n|upkeep\n|turn|12\n|\n|t:|1656549918\n|move|p2a: Clefable|Protect|p2a: Clefable\n|-singleturn|p2a: Clefable|Protect\n|move|p1a: Celesteela|Meteor Beam||[still]\n|-prepare|p1a: Celesteela|Meteor Beam\n|-boost|p1a: Celesteela|spa|1\n|\n|-heal|p2a: Clefable|81\/100|[from] move: Wish|[wisher] Clefable\n|-heal|p2a: Clefable|87\/100|[from] item: Leftovers\n|upkeep\n|turn|13\n|\n|t:|1656549930\n|move|p1a: Celesteela|Meteor Beam|p2a: Clefable|[from]lockedmove\n|-damage|p2a: Clefable|47\/100\n|move|p2a: Clefable|Wish|p2a: Clefable\n|\n|-heal|p2a: Clefable|53\/100|[from] item: Leftovers\n|upkeep\n|turn|14\n|\n|t:|1656549935\n|move|p1a: Celesteela|Air Slash|p2a: Clefable\n|-damage|p2a: Clefable|19\/100\n|cant|p2a: Clefable|flinch\n|\n|-heal|p2a: Clefable|69\/100|[from] move: Wish|[wisher] Clefable\n|-heal|p2a: Clefable|75\/100|[from] item: Leftovers\n|upkeep\n|turn|15\n|\n|t:|1656549939\n|move|p2a: Clefable|Protect|p2a: Clefable\n|-singleturn|p2a: Clefable|Protect\n|move|p1a: Celesteela|Air Slash|p2a: Clefable\n|-activate|p2a: Clefable|move: Protect\n|\n|-heal|p2a: Clefable|81\/100|[from] item: Leftovers\n|upkeep\n|turn|16\n|\n|t:|1656549941\n|move|p1a: Celesteela|Air Slash|p2a: Clefable\n|-damage|p2a: Clefable|48\/100\n|move|p2a: Clefable|Wish|p2a: Clefable\n|\n|-heal|p2a: Clefable|55\/100|[from] item: Leftovers\n|upkeep\n|turn|17\n|\n|t:|1656549948\n|move|p1a: Celesteela|Air Slash|p2a: Clefable\n|-damage|p2a: Clefable|20\/100\n|cant|p2a: Clefable|flinch\n|\n|-heal|p2a: Clefable|70\/100|[from] move: Wish|[wisher] Clefable\n|-heal|p2a: Clefable|76\/100|[from] item: Leftovers\n|upkeep\n|turn|18\n|\n|t:|1656549956\n|move|p2a: Clefable|Protect|p2a: Clefable\n|-singleturn|p2a: Clefable|Protect\n|move|p1a: Celesteela|Air Slash|p2a: Clefable\n|-activate|p2a: Clefable|move: Protect\n|\n|-heal|p2a: Clefable|82\/100|[from] item: Leftovers\n|upkeep\n|turn|19\n|\n|t:|1656549958\n|move|p1a: Celesteela|Air Slash|p2a: Clefable\n|-damage|p2a: Clefable|46\/100\n|move|p2a: Clefable|Wish|p2a: Clefable\n|\n|-heal|p2a: Clefable|53\/100|[from] item: Leftovers\n|upkeep\n|turn|20\n|\n|t:|1656549964\n|move|p1a: Celesteela|Air Slash|p2a: Clefable\n|-damage|p2a: Clefable|16\/100\n|move|p2a: Clefable|Moonblast|p1a: Celesteela\n|-resisted|p1a: Celesteela\n|-damage|p1a: Celesteela|21\/100\n|\n|-heal|p2a: Clefable|66\/100|[from] move: Wish|[wisher] Clefable\n|-heal|p2a: Clefable|72\/100|[from] item: Leftovers\n|upkeep\n|turn|21\n|\n|t:|1656549968\n|move|p2a: Clefable|Protect|p2a: Clefable\n|-singleturn|p2a: Clefable|Protect\n|move|p1a: Celesteela|Air Slash|p2a: Clefable\n|-activate|p2a: Clefable|move: Protect\n|\n|-heal|p2a: Clefable|78\/100|[from] item: Leftovers\n|upkeep\n|turn|22\n|\n|t:|1656549971\n|move|p1a: Celesteela|Air Slash|p2a: Clefable\n|-crit|p2a: Clefable\n|-damage|p2a: Clefable|20\/100\n|cant|p2a: Clefable|flinch\n|\n|-heal|p2a: Clefable|26\/100|[from] item: Leftovers\n|upkeep\n|turn|23\n|\n|t:|1656549979\n|move|p2a: Clefable|Protect|p2a: Clefable\n|-singleturn|p2a: Clefable|Protect\n|move|p1a: Celesteela|Air Slash|p2a: Clefable\n|-activate|p2a: Clefable|move: Protect\n|\n|-heal|p2a: Clefable|32\/100|[from] item: Leftovers\n|upkeep\n|turn|24\n|\n|t:|1656549989\n|move|p1a: Celesteela|Air Slash|p2a: Clefable\n|-damage|p2a: Clefable|0 fnt\n|faint|p2a: Clefable\n|-ability|p1a: Celesteela|Beast Boost|boost\n|-boost|p1a: Celesteela|spa|1\n|\n|upkeep\n|\n|t:|1656549992\n|switch|p2a: Blaziken|Blaziken, M|100\/100\n|-damage|p2a: Blaziken|88\/100|[from] Stealth Rock\n|turn|25\n|inactive|Battle timer is ON: inactive players will automatically lose when time's up. (requested by andrewm0n)\n|\n|t:|1656550019\n|move|p2a: Blaziken|Close Combat|p1a: Celesteela\n|-damage|p1a: Celesteela|0 fnt\n|-unboost|p2a: Blaziken|def|1\n|-unboost|p2a: Blaziken|spd|1\n|faint|p1a: Celesteela\n|\n|-heal|p2a: Blaziken|94\/100|[from] item: Leftovers\n|-ability|p2a: Blaziken|Speed Boost|boost\n|-boost|p2a: Blaziken|spe|1\n|upkeep\n|\n|t:|1656550025\n|switch|p1a: Alakazam|Alakazam, F|100\/100\n|turn|26\n|\n|t:|1656550041\n|switch|p2a: Seismitoad|Seismitoad, M|54\/100\n|-damage|p2a: Seismitoad|48\/100|[from] Stealth Rock\n|move|p1a: Alakazam|Psyshock|p2a: Seismitoad\n|-damage|p2a: Seismitoad|14\/100\n|\n|-heal|p2a: Seismitoad|20\/100|[from] item: Leftovers\n|upkeep\n|turn|27\n|\n|t:|1656550047\n|move|p1a: Alakazam|Psyshock|p2a: Seismitoad\n|-crit|p2a: Seismitoad\n|-damage|p2a: Seismitoad|0 fnt\n|faint|p2a: Seismitoad\n|\n|upkeep\n|\n|t:|1656550049\n|switch|p2a: Rillaboom|Rillaboom, M|100\/100\n|-damage|p2a: Rillaboom|88\/100|[from] Stealth Rock\n|-fieldstart|move: Grassy Terrain|[from] ability: Grassy Surge|[of] p2a: Rillaboom\n|turn|28\n|inactive|Samoan Bro has 120 seconds left.\n|\n|t:|1656550088\n|move|p2a: Rillaboom|Grassy Glide|p1a: Alakazam\n|-enditem|p1a: Alakazam|Focus Sash\n|-damage|p1a: Alakazam|1\/100\n|move|p1a: Alakazam|Psyshock|p2a: Rillaboom\n|-damage|p2a: Rillaboom|42\/100\n|\n|-heal|p1a: Alakazam|7\/100|[from] Grassy Terrain\n|-heal|p2a: Rillaboom|49\/100|[from] Grassy Terrain\n|upkeep\n|turn|29\n|inactive|Samoan Bro has 120 seconds left.\n|\n|t:|1656550106\n|move|p2a: Rillaboom|Grassy Glide|p1a: Alakazam\n|-damage|p1a: Alakazam|0 fnt\n|faint|p1a: Alakazam\n|\n|-heal|p2a: Rillaboom|55\/100|[from] Grassy Terrain\n|upkeep\n|\n|t:|1656550112\n|switch|p1a: Tapu Fini|Tapu Fini|100\/100\n|-fieldstart|move: Misty Terrain|[from] ability: Misty Surge|[of] p1a: Tapu Fini\n|turn|30\n|\n|t:|1656550120\n|switch|p1a: Garchomp|Garchomp, M, shiny|100\/100\n|switch|p2a: Slowbro|Slowbro-Galar, M|67\/100\n|-damage|p2a: Slowbro|55\/100|[from] Stealth Rock\n|\n|upkeep\n|turn|31\n|inactive|Samoan Bro has 120 seconds left.\n|\n|t:|1656550144\n|switch|p2a: Corviknight|Corviknight, M|36\/100\n|-damage|p2a: Corviknight|23\/100|[from] Stealth Rock\n|move|p1a: Garchomp|Swords Dance|p1a: Garchomp\n|-boost|p1a: Garchomp|atk|2\n|\n|upkeep\n|turn|32\n|\n|t:|1656550155\n|move|p1a: Garchomp|Fire Fang|p2a: Corviknight\n|-supereffective|p2a: Corviknight\n|-damage|p2a: Corviknight|0 fnt\n|-damage|p1a: Garchomp|84\/100|[from] item: Rocky Helmet|[of] p2a: Corviknight\n|faint|p2a: Corviknight\n|\n|upkeep\n|\n|t:|1656550159\n|switch|p2a: Blaziken|Blaziken, M|94\/100\n|-damage|p2a: Blaziken|82\/100|[from] Stealth Rock\n|turn|33\n|\n|t:|1656550169\n|move|p2a: Blaziken|Protect|p2a: Blaziken\n|-singleturn|p2a: Blaziken|Protect\n|move|p1a: Garchomp|Earthquake|p2a: Blaziken\n|-activate|p2a: Blaziken|move: Protect\n|\n|-heal|p2a: Blaziken|88\/100|[from] item: Leftovers\n|-ability|p2a: Blaziken|Speed Boost|boost\n|-boost|p2a: Blaziken|spe|1\n|upkeep\n|turn|34\n|\n|t:|1656550173\n|move|p2a: Blaziken|Close Combat|p1a: Garchomp\n|-damage|p1a: Garchomp|23\/100\n|-unboost|p2a: Blaziken|def|1\n|-unboost|p2a: Blaziken|spd|1\n|-damage|p2a: Blaziken|76\/100|[from] ability: Rough Skin|[of] p1a: Garchomp\n|move|p1a: Garchomp|Earthquake|p2a: Blaziken\n|-supereffective|p2a: Blaziken\n|-damage|p2a: Blaziken|0 fnt\n|faint|p2a: Blaziken\n|\n|-fieldend|Misty Terrain\n|upkeep\n|\n|t:|1656550176\n|switch|p2a: Rillaboom|Rillaboom, M|55\/100\n|-damage|p2a: Rillaboom|42\/100|[from] Stealth Rock\n|-fieldstart|move: Grassy Terrain|[from] ability: Grassy Surge|[of] p2a: Rillaboom\n|turn|35\n|inactive|Samoan Bro has 120 seconds left.\n|\n|t:|1656550210\n|move|p2a: Rillaboom|Grassy Glide|p1a: Garchomp\n|-damage|p1a: Garchomp|0 fnt\n|-damage|p2a: Rillaboom|30\/100|[from] ability: Rough Skin|[of] p1a: Garchomp\n|faint|p1a: Garchomp\n|\n|-heal|p2a: Rillaboom|36\/100|[from] Grassy Terrain\n|upkeep\n|\n|t:|1656550219\n|switch|p1a: Tapu Fini|Tapu Fini|100\/100\n|-fieldstart|move: Misty Terrain|[from] ability: Misty Surge|[of] p1a: Tapu Fini\n|turn|36\n|\n|t:|1656550230\n|switch|p2a: Slowbro|Slowbro-Galar, M|88\/100\n|-damage|p2a: Slowbro|75\/100|[from] Stealth Rock\n|move|p1a: Tapu Fini|Hydro Pump|p2a: Slowbro\n|-damage|p2a: Slowbro|45\/100\n|\n|upkeep\n|turn|37\n|inactive|Samoan Bro has 120 seconds left.\n|\n|t:|1656550239\n|switch|p1a: Nidoking|Nidoking, M, shiny|59\/100\n|move|p2a: Slowbro|Earthquake|p1a: Nidoking\n|-supereffective|p1a: Nidoking\n|-damage|p1a: Nidoking|0 fnt\n|faint|p1a: Nidoking\n|\n|upkeep\n|inactive|Samoan Bro has 120 seconds left.\n|\n|t:|1656550245\n|switch|p1a: Mew|Mew|100\/100\n|turn|38\n|\n|t:|1656550252\n|move|p1a: Mew|Dragon Dance|p1a: Mew\n|-boost|p1a: Mew|atk|1\n|-boost|p1a: Mew|spe|1\n|move|p2a: Slowbro|Shell Side Arm|p1a: Mew|[anim] Shell Side Arm Physical\n|-damage|p1a: Mew|68\/100\n|-hint|Physical Shell Side Arm\n|\n|upkeep\n|turn|39\n|\n|t:|1656550256\n|move|p1a: Mew|Psychic Fangs|p2a: Slowbro\n|-damage|p2a: Slowbro|0 fnt\n|faint|p2a: Slowbro\n|\n|upkeep\n|\n|t:|1656550258\n|switch|p2a: Rillaboom|Rillaboom, M|36\/100\n|-damage|p2a: Rillaboom|24\/100|[from] Stealth Rock\n|-fieldstart|move: Grassy Terrain|[from] ability: Grassy Surge|[of] p2a: Rillaboom\n|turn|40\n|\n|t:|1656550261\n|move|p2a: Rillaboom|Grassy Glide|p1a: Mew\n|-damage|p1a: Mew|7\/100\n|move|p1a: Mew|Psychic Fangs|p2a: Rillaboom\n|-damage|p2a: Rillaboom|0 fnt\n|faint|p2a: Rillaboom\n|\n|win|Samoan Bro\n|raw|Samoan Bro's rating: 1679 &rarr; <strong>1704<\/strong><br \/>(+25 for winning)\n|raw|andrewm0n's rating: 1760 &rarr; <strong>1735<\/strong><br \/>(-25 for losing)\n|c|\u2606andrewm0n|gg\n|l|\u2606andrewm0n\n||Ladder isn't responding, score probably updated but might not have (Request timeout).\n","uploadtime":1656550320,"views":40,"p1id":"samoanbro","p2id":"andrewm0n","formatid":"gen8ou","rating":1704,"private":0,"password":null}