{"id":"gen8nationaldexag-1244600090","p1":"Nesnot","p2":"Vodyne","format":"gen8nationaldexag","log":"|j|\u2606Nesnot\n|j|\u2606Vodyne\n|t:|1608100650\n|player|p1|Nesnot|265|\n|player|p2|Vodyne|dawn|\n|teamsize|p1|1\n|teamsize|p2|1\n|gametype|singles\n|gen|8\n|tier|[Gen 8] National Dex AG\n|clearpoke\n|poke|p1|Necrozma-Dusk-Mane|\n|poke|p2|Arbok, M|\n|rule|HP Percentage Mod: HP is shown in percentages\n|rule|Endless Battle Clause: Forcing endless battles is banned\n|teampreview\n|c|\u2606Nesnot|hf\n|\n|t:|1608100658\n|start\n|switch|p1a: Necrozma|Necrozma-Dusk-Mane|100\/100\n|switch|p2a: Arbok|Arbok, M|100\/100\n|-ability|p2a: Arbok|Intimidate|boost\n|-unboost|p1a: Necrozma|atk|1\n|turn|1\n|\n|t:|1608100664\n|move|p2a: Arbok|Switcheroo|p1a: Necrozma\n|-activate|p2a: Arbok|move: Trick|[of] p1a: Necrozma\n|-item|p1a: Necrozma|Choice Specs|[from] move: Switcheroo\n|-item|p2a: Arbok|Leftovers|[from] move: Switcheroo\n|move|p1a: Necrozma|Earthquake|p2a: Arbok\n|-supereffective|p2a: Arbok\n|-damage|p2a: Arbok|17\/100\n|\n|-heal|p2a: Arbok|23\/100|[from] item: Leftovers\n|upkeep\n|turn|2\n|\n|t:|1608100672\n|move|p2a: Arbok|Disable|p1a: Necrozma\n|-start|p1a: Necrozma|Disable|Earthquake\n|cant|p1a: Necrozma|Disable|Earthquake\n|\n|-heal|p2a: Arbok|29\/100|[from] item: Leftovers\n|upkeep\n|turn|3\n|c|\u2606Vodyne|i forgot to do hp\/def over atk\n|c|\u2606Nesnot|Oh.. Earthquake and Poison Move have good coverage\n|\n|t:|1608100708\n|move|p2a: Arbok|Earthquake|p1a: Necrozma\n|-supereffective|p1a: Necrozma\n|-damage|p1a: Necrozma|69\/100\n|-activate|p1a: Necrozma|move: Struggle\n|move|p1a: Necrozma|Struggle|p2a: Arbok\n|-damage|p2a: Arbok|8\/100\n|-damage|p1a: Necrozma|44\/100|[from] recoil\n|\n|-heal|p2a: Arbok|14\/100|[from] item: Leftovers\n|upkeep\n|turn|4\n|c|\u2606Nesnot|Oh lol this wasn't supposed to happen with Struggle\n|\n|t:|1608100733\n|move|p2a: Arbok|Endure|p2a: Arbok\n|-singleturn|p2a: Arbok|move: Endure\n|-activate|p1a: Necrozma|move: Struggle\n|move|p1a: Necrozma|Struggle|p2a: Arbok\n|-activate|p2a: Arbok|move: Endure\n|-damage|p2a: Arbok|1\/100\n|-damage|p1a: Necrozma|19\/100|[from] recoil\n|\n|-heal|p2a: Arbok|7\/100|[from] item: Leftovers\n|upkeep\n|turn|5\n|c|\u2606Nesnot|LOL\n|\n|t:|1608100743\n|move|p2a: Arbok|Endure|p2a: Arbok\n|-singleturn|p2a: Arbok|move: Endure\n|-activate|p1a: Necrozma|move: Struggle\n|move|p1a: Necrozma|Struggle|p2a: Arbok\n|-activate|p2a: Arbok|move: Endure\n|-damage|p2a: Arbok|1\/100\n|-damage|p1a: Necrozma|0 fnt|[from] recoil\n|faint|p1a: Necrozma\n|\n|win|Vodyne\n|c|\u2606Vodyne|lets go\n|c|\u2606Nesnot|PROOF BOYS\n|c|\u2606Vodyne|and thats no HP no Def\n","uploadtime":1608100758,"views":25,"p1id":"nesnot","p2id":"vodyne","formatid":"gen8nationaldexag","rating":0,"private":0,"password":null}