{"id":"gen8ou-1627971595","p1":"LT91BB Manololt","p2":"Orangesss","format":"gen8ou","log":"|raw|<div class=\"broadcast-blue\"><strong>This battle is required to be public due to a player having a name starting with 'lt91bb'.<\/div>\n|j|\u2606LT91BB Manololt\n|j|\u2606Orangesss\n|t:|1659118118\n|gametype|singles\n|player|p1|LT91BB Manololt|psychic-gen4|1731\n|player|p2|Orangesss|silver|1707\n|teamsize|p1|6\n|teamsize|p2|6\n|gen|8\n|tier|[Gen 8] OU\n|rated|\n|rule|Sleep Clause Mod: Limit one foe put to sleep\n|rule|Species Clause: Limit one of each Pok\u00e9mon\n|rule|OHKO Clause: OHKO moves are banned\n|rule|Evasion Moves Clause: Evasion moves are banned\n|rule|Endless Battle Clause: Forcing endless battles is banned\n|rule|HP Percentage Mod: HP is shown in percentages\n|rule|Dynamax Clause: You cannot dynamax\n|clearpoke\n|poke|p1|Clefable, F|\n|poke|p1|Zapdos|\n|poke|p1|Gastrodon-East, F|\n|poke|p1|Blacephalon|\n|poke|p1|Corviknight, M|\n|poke|p1|Urshifu-*, F|\n|poke|p2|Pelipper, F|\n|poke|p2|Barraskewda, F|\n|poke|p2|Ferrothorn, M|\n|poke|p2|Seismitoad, F|\n|poke|p2|Tapu Koko|\n|poke|p2|Tornadus-Therian, M|\n|teampreview\n|inactive|Battle timer is ON: inactive players will automatically lose when time's up. (requested by Orangesss)\n|\n|t:|1659118136\n|start\n|switch|p1a: Clefable|Clefable, F|100\/100\n|switch|p2a: Speed Overdose|Tapu Koko|100\/100\n|-fieldstart|move: Electric Terrain|[from] ability: Electric Surge|[of] p2a: Speed Overdose\n|turn|1\n|j| Nylez\n|\n|t:|1659118139\n|move|p2a: Speed Overdose|Dazzling Gleam|p1a: Clefable\n|-damage|p1a: Clefable|62\/100\n|move|p1a: Clefable|Stealth Rock|p2a: Speed Overdose\n|-sidestart|p2: Orangesss|move: Stealth Rock\n|\n|upkeep\n|turn|2\n|\n|t:|1659118142\n|switch|p2a: Lando Black sheep|Tornadus-Therian, M|100\/100\n|move|p1a: Clefable|Soft-Boiled|p1a: Clefable\n|-heal|p1a: Clefable|100\/100\n|\n|upkeep\n|turn|3\n|\n|t:|1659118145\n|move|p2a: Lando Black sheep|Defog|p1a: Clefable\n|-unboost|p1a: Clefable|evasion|1\n|-sideend|p2: Orangesss|Stealth Rock|[from] move: Defog|[of] p2a: Lando Black sheep\n|-fieldend|move: Electric Terrain\n|move|p1a: Clefable|Thunder Wave|p2a: Lando Black sheep|[miss]\n|-miss|p1a: Clefable|p2a: Lando Black sheep\n|\n|upkeep\n|turn|4\n|\n|t:|1659118150\n|move|p2a: Lando Black sheep|U-turn|p1a: Clefable\n|-resisted|p1a: Clefable\n|-damage|p1a: Clefable|94\/100\n|-damage|p2a: Lando Black sheep|84\/100|[from] item: Rocky Helmet|[of] p1a: Clefable\n|\n|t:|1659118155\n|switch|p2a: Hates rain|Ferrothorn, M|100\/100|[from]move: U-turn\n|move|p1a: Clefable|Stealth Rock|p2a: Hates rain\n|-sidestart|p2: Orangesss|move: Stealth Rock\n|\n|upkeep\n|turn|5\n|\n|t:|1659118159\n|switch|p1a: Blacephalon|Blacephalon|100\/100\n|move|p2a: Hates rain|Knock Off|p1a: Blacephalon\n|-supereffective|p1a: Blacephalon\n|-damage|p1a: Blacephalon|1\/100\n|-enditem|p1a: Blacephalon|Choice Specs|[from] move: Knock Off|[of] p2a: Hates rain\n|\n|upkeep\n|turn|6\n|\n|t:|1659118163\n|move|p1a: Blacephalon|Shadow Ball|p2a: Hates rain\n|-damage|p2a: Hates rain|59\/100\n|move|p2a: Hates rain|Knock Off|p1a: Blacephalon\n|-supereffective|p1a: Blacephalon\n|-damage|p1a: Blacephalon|0 fnt\n|faint|p1a: Blacephalon\n|\n|-heal|p2a: Hates rain|66\/100|[from] item: Leftovers\n|upkeep\n|\n|t:|1659118165\n|switch|p1a: Urshifu|Urshifu-Rapid-Strike, F|100\/100\n|turn|7\n|\n|t:|1659118168\n|switch|p2a: Lando Black sheep|Tornadus-Therian, M|100\/100\n|move|p1a: Urshifu|Close Combat|p2a: Lando Black sheep\n|-resisted|p2a: Lando Black sheep\n|-damage|p2a: Lando Black sheep|69\/100\n|-unboost|p1a: Urshifu|def|1\n|-unboost|p1a: Urshifu|spd|1\n|\n|upkeep\n|turn|8\n|\n|t:|1659118170\n|switch|p1a: Zapdos|Zapdos|100\/100\n|move|p2a: Lando Black sheep|Defog|p1a: Zapdos\n|-unboost|p1a: Zapdos|evasion|1\n|-sideend|p2: Orangesss|Stealth Rock|[from] move: Defog|[of] p2a: Lando Black sheep\n|\n|upkeep\n|turn|9\n|\n|t:|1659118175\n|switch|p2a: Agent \u00a5|Seismitoad, F, shiny|100\/100\n|move|p1a: Zapdos|Hurricane|p2a: Agent \u00a5|[miss]\n|-miss|p1a: Zapdos|p2a: Agent \u00a5\n|\n|upkeep\n|turn|10\n|\n|t:|1659118178\n|move|p1a: Zapdos|Hurricane|p2a: Agent \u00a5\n|-damage|p2a: Agent \u00a5|0 fnt\n|faint|p2a: Agent \u00a5\n|\n|upkeep\n|\n|t:|1659118181\n|switch|p2a: Speed Overdose|Tapu Koko|100\/100\n|-fieldstart|move: Electric Terrain|[from] ability: Electric Surge|[of] p2a: Speed Overdose\n|turn|11\n|\n|t:|1659118185\n|switch|p1a: Gastrodon|Gastrodon-East, F|100\/100\n|move|p2a: Speed Overdose|Grass Knot|p1a: Gastrodon\n|-supereffective|p1a: Gastrodon\n|-damage|p1a: Gastrodon|32\/100\n|\n|-heal|p1a: Gastrodon|38\/100|[from] item: Leftovers\n|upkeep\n|turn|12\n|\n|t:|1659118192\n|move|p2a: Speed Overdose|Grass Knot|p1a: Gastrodon\n|-supereffective|p1a: Gastrodon\n|-damage|p1a: Gastrodon|0 fnt\n|faint|p1a: Gastrodon\n|\n|upkeep\n|\n|t:|1659118198\n|switch|p1a: Clefable|Clefable, F|94\/100\n|turn|13\n|\n|t:|1659118201\n|switch|p2a: Big Gulp sponsor|Pelipper, F|100\/100\n|-weather|RainDance|[from] ability: Drizzle|[of] p2a: Big Gulp sponsor\n|move|p1a: Clefable|Stealth Rock|p2a: Big Gulp sponsor\n|-sidestart|p2: Orangesss|move: Stealth Rock\n|\n|-weather|RainDance|[upkeep]\n|upkeep\n|turn|14\n|\n|t:|1659118204\n|move|p2a: Big Gulp sponsor|Defog|p1a: Clefable\n|-unboost|p1a: Clefable|evasion|1\n|-sideend|p2: Orangesss|Stealth Rock|[from] move: Defog|[of] p2a: Big Gulp sponsor\n|-fieldend|move: Electric Terrain\n|move|p1a: Clefable|Moonblast|p2a: Big Gulp sponsor\n|-damage|p2a: Big Gulp sponsor|58\/100\n|\n|-weather|RainDance|[upkeep]\n|upkeep\n|turn|15\n|\n|t:|1659118209\n|move|p2a: Big Gulp sponsor|U-turn|p1a: Clefable\n|-resisted|p1a: Clefable\n|-crit|p1a: Clefable\n|-damage|p1a: Clefable|88\/100\n|-damage|p2a: Big Gulp sponsor|41\/100|[from] item: Rocky Helmet|[of] p1a: Clefable\n|\n|t:|1659118211\n|switch|p2a: One fish two fish|Barraskewda, F|100\/100|[from]move: U-turn\n|move|p1a: Clefable|Moonblast|p2a: One fish two fish\n|-damage|p2a: One fish two fish|31\/100\n|\n|-weather|RainDance|[upkeep]\n|upkeep\n|turn|16\n|j| LT91BB Rapty\n|\n|t:|1659118216\n|switch|p1a: Corviknight|Corviknight, M|100\/100\n|-ability|p1a: Corviknight|Pressure\n|move|p2a: One fish two fish|Liquidation|p1a: Corviknight\n|-crit|p1a: Corviknight\n|-damage|p1a: Corviknight|0 fnt\n|-damage|p2a: One fish two fish|15\/100|[from] item: Rocky Helmet|[of] p1a: Corviknight\n|faint|p1a: Corviknight\n|\n|-weather|RainDance|[upkeep]\n|upkeep\n|c|\u2606LT91BB Manololt|jioder\n|c|\u2606LT91BB Manololt|nah\n|c|\u2606LT91BB Manololt|tio\n|c|\u2606LT91BB Manololt|si es que\n|c|\u2606LT91BB Manololt|ESTE JUEGO\n|c|\u2606LT91BB Manololt|ES UNA\n|c|\u2606LT91BB Manololt|PUTA\n|c|\u2606LT91BB Manololt|MIERDA\n|\n|t:|1659118228\n|switch|p1a: Urshifu|Urshifu-Rapid-Strike, F|100\/100\n|turn|17\n|\n|t:|1659118232\n|switch|p2a: Hates rain|Ferrothorn, M|66\/100\n|move|p1a: Urshifu|Surging Strikes|p2a: Hates rain\n|-resisted|p2a: Hates rain\n|-crit|p2a: Hates rain\n|-damage|p2a: Hates rain|56\/100\n|-activate|p2a: Hates rain|ability: Iron Barbs\n|-activate|p1a: Urshifu|item: Protective Pads\n|-resisted|p2a: Hates rain\n|-crit|p2a: Hates rain\n|-damage|p2a: Hates rain|48\/100\n|-activate|p2a: Hates rain|ability: Iron Barbs\n|-activate|p1a: Urshifu|item: Protective Pads\n|-resisted|p2a: Hates rain\n|-crit|p2a: Hates rain\n|-damage|p2a: Hates rain|40\/100\n|-activate|p2a: Hates rain|ability: Iron Barbs\n|-activate|p1a: Urshifu|item: Protective Pads\n|-hitcount|p2a: Hates rain|3\n|\n|-weather|RainDance|[upkeep]\n|-heal|p2a: Hates rain|46\/100|[from] item: Leftovers\n|upkeep\n|turn|18\n|\n|t:|1659118244\n|switch|p2a: Lando Black sheep|Tornadus-Therian, M|100\/100\n|move|p1a: Urshifu|Surging Strikes|p2a: Lando Black sheep\n|-crit|p2a: Lando Black sheep\n|-damage|p2a: Lando Black sheep|65\/100\n|-crit|p2a: Lando Black sheep\n|-damage|p2a: Lando Black sheep|35\/100\n|-crit|p2a: Lando Black sheep\n|-damage|p2a: Lando Black sheep|4\/100\n|-hitcount|p2a: Lando Black sheep|3\n|\n|-weather|RainDance|[upkeep]\n|upkeep\n|turn|19\n|\n|t:|1659118248\n|switch|p2a: Hates rain|Ferrothorn, M|46\/100\n|switch|p1a: Zapdos|Zapdos|100\/100\n|\n|-weather|RainDance|[upkeep]\n|-heal|p2a: Hates rain|52\/100|[from] item: Leftovers\n|upkeep\n|turn|20\n|\n|t:|1659118254\n|move|p1a: Zapdos|Hurricane|p2a: Hates rain\n|-damage|p2a: Hates rain|0 fnt\n|faint|p2a: Hates rain\n|\n|-weather|none\n|upkeep\n|\n|t:|1659118259\n|switch|p2a: Big Gulp sponsor|Pelipper, F|41\/100\n|-weather|RainDance|[from] ability: Drizzle|[of] p2a: Big Gulp sponsor\n|turn|21\n|\n|t:|1659118261\n|move|p1a: Zapdos|Hurricane|p2a: Big Gulp sponsor\n|-damage|p2a: Big Gulp sponsor|0 fnt\n|faint|p2a: Big Gulp sponsor\n|\n|-weather|RainDance|[upkeep]\n|upkeep\n|\n|t:|1659118263\n|switch|p2a: One fish two fish|Barraskewda, F|15\/100\n|turn|22\n|\n|t:|1659118270\n|switch|p1a: Urshifu|Urshifu-Rapid-Strike, F|100\/100\n|move|p2a: One fish two fish|Liquidation|p1a: Urshifu\n|-resisted|p1a: Urshifu\n|-damage|p1a: Urshifu|46\/100\n|-unboost|p1a: Urshifu|def|1\n|\n|-weather|RainDance|[upkeep]\n|upkeep\n|turn|23\n|\n|t:|1659118274\n|switch|p1a: Zapdos|Zapdos|100\/100\n|move|p2a: One fish two fish|Liquidation|p1a: Zapdos\n|-damage|p1a: Zapdos|0 fnt\n|faint|p1a: Zapdos\n|\n|-weather|RainDance|[upkeep]\n|upkeep\n|\n|t:|1659118276\n|switch|p1a: Clefable|Clefable, F|88\/100\n|turn|24\n|\n|t:|1659118278\n|move|p2a: One fish two fish|Liquidation|p1a: Clefable\n|-damage|p1a: Clefable|0 fnt\n|-damage|p2a: One fish two fish|0 fnt|[from] item: Rocky Helmet|[of] p1a: Clefable\n|faint|p1a: Clefable\n|faint|p2a: One fish two fish\n|\n|-weather|RainDance|[upkeep]\n|upkeep\n|-message|LT91BB Manololt forfeited.\n|\n|win|Orangesss\n|raw|LT91BB Manololt's rating: 1713 &rarr; <strong>1693<\/strong><br \/>(-20 for losing)\n|raw|Orangesss's rating: 1707 &rarr; <strong>1727<\/strong><br \/>(+20 for winning)\n|l|\u2606LT91BB Manololt\n","uploadtime":1659118287,"views":13,"p1id":"lt91bbmanololt","p2id":"orangesss","formatid":"gen8ou","rating":1693,"private":0,"password":null}