{"id":"gen8bdspou-1458230061","p1":"i know im horrible","p2":"wellhell","format":"gen8bdspou","log":"|j|\u2606i know im horrible\n|j|\u2606wellhell\n|t:|1637492221\n|gametype|singles\n|player|p1|i know im horrible|170|1288\n|player|p2|wellhell|waiter|1290\n|teamsize|p1|6\n|teamsize|p2|6\n|gen|8\n|tier|[Gen 8 BDSP] OU\n|rated|\n|rule|Sleep Clause Mod: Limit one foe put to sleep\n|rule|Species Clause: Limit one of each Pok\u00e9mon\n|rule|OHKO Clause: OHKO moves are banned\n|rule|Evasion Moves Clause: Evasion moves are banned\n|rule|Endless Battle Clause: Forcing endless battles is banned\n|rule|HP Percentage Mod: HP is shown in percentages\n|clearpoke\n|poke|p1|Gliscor, M|\n|poke|p1|Blissey, F|\n|poke|p1|Skarmory, F|\n|poke|p1|Clefable, M|\n|poke|p1|Mantine, M|\n|poke|p1|Ditto|\n|poke|p2|Aerodactyl, M|\n|poke|p2|Blaziken, M|\n|poke|p2|Cloyster, M|\n|poke|p2|Alakazam, F|\n|poke|p2|Weavile, F|\n|poke|p2|Garchomp, F|\n|teampreview\n|c|\u2606wellhell|gl hf\n|c|\u2606i know im horrible|u2\n|\n|t:|1637492249\n|start\n|switch|p1a: Mantine|Mantine, M|100\/100\n|switch|p2a: Aerodactyl|Aerodactyl, M|100\/100\n|turn|1\n|\n|t:|1637492256\n|move|p2a: Aerodactyl|Stealth Rock|p1a: Mantine\n|-sidestart|p1: i know im horrible|move: Stealth Rock\n|move|p1a: Mantine|Scald|p2a: Aerodactyl\n|-supereffective|p2a: Aerodactyl\n|-damage|p2a: Aerodactyl|31\/100\n|\n|upkeep\n|turn|2\n|\n|t:|1637492262\n|move|p2a: Aerodactyl|Taunt|p1a: Mantine\n|-start|p1a: Mantine|move: Taunt\n|move|p1a: Mantine|Scald|p2a: Aerodactyl\n|-supereffective|p2a: Aerodactyl\n|-damage|p2a: Aerodactyl|0 fnt\n|faint|p2a: Aerodactyl\n|\n|upkeep\n|\n|t:|1637492269\n|switch|p2a: Cloyster|Cloyster, M|100\/100\n|turn|3\n|\n|t:|1637492280\n|switch|p1a: Clefable|Clefable, M|100\/100\n|-damage|p1a: Clefable|88\/100|[from] Stealth Rock\n|move|p2a: Cloyster|Rock Blast|p1a: Clefable\n|-damage|p1a: Clefable|82\/100\n|-damage|p1a: Clefable|76\/100\n|-damage|p1a: Clefable|70\/100\n|-damage|p1a: Clefable|65\/100\n|-damage|p1a: Clefable|58\/100\n|-hitcount|p1a: Clefable|5\n|\n|-heal|p1a: Clefable|64\/100|[from] item: Leftovers\n|upkeep\n|turn|4\n|\n|t:|1637492284\n|move|p2a: Cloyster|Icicle Spear|p1a: Clefable\n|-damage|p1a: Clefable|55\/100\n|-damage|p1a: Clefable|47\/100\n|-damage|p1a: Clefable|38\/100\n|-damage|p1a: Clefable|29\/100\n|-damage|p1a: Clefable|20\/100\n|-hitcount|p1a: Clefable|5\n|move|p1a: Clefable|Wish|p1a: Clefable\n|\n|-heal|p1a: Clefable|26\/100|[from] item: Leftovers\n|upkeep\n|turn|5\n|\n|t:|1637492303\n|move|p1a: Clefable|Protect|p1a: Clefable\n|-singleturn|p1a: Clefable|Protect\n|move|p2a: Cloyster|Shell Smash|p2a: Cloyster\n|-unboost|p2a: Cloyster|def|1\n|-unboost|p2a: Cloyster|spd|1\n|-boost|p2a: Cloyster|atk|2\n|-boost|p2a: Cloyster|spa|2\n|-boost|p2a: Cloyster|spe|2\n|\n|-heal|p1a: Clefable|76\/100|[from] move: Wish|[wisher] Clefable\n|-heal|p1a: Clefable|82\/100|[from] item: Leftovers\n|upkeep\n|turn|6\n|\n|t:|1637492307\n|move|p2a: Cloyster|Icicle Spear|p1a: Clefable\n|-damage|p1a: Clefable|74\/100\n|-damage|p1a: Clefable|64\/100\n|-damage|p1a: Clefable|55\/100\n|-damage|p1a: Clefable|45\/100\n|-damage|p1a: Clefable|37\/100\n|-hitcount|p1a: Clefable|5\n|move|p1a: Clefable|Wish|p1a: Clefable\n|\n|-heal|p1a: Clefable|43\/100|[from] item: Leftovers\n|upkeep\n|turn|7\n|\n|t:|1637492311\n|move|p1a: Clefable|Protect|p1a: Clefable\n|-singleturn|p1a: Clefable|Protect\n|move|p2a: Cloyster|Rock Blast|p1a: Clefable\n|-activate|p1a: Clefable|move: Protect\n|\n|-heal|p1a: Clefable|93\/100|[from] move: Wish|[wisher] Clefable\n|-heal|p1a: Clefable|99\/100|[from] item: Leftovers\n|upkeep\n|turn|8\n|\n|t:|1637492315\n|move|p2a: Cloyster|Icicle Spear|p1a: Clefable\n|-damage|p1a: Clefable|91\/100\n|-damage|p1a: Clefable|81\/100\n|-damage|p1a: Clefable|72\/100\n|-damage|p1a: Clefable|63\/100\n|-damage|p1a: Clefable|54\/100\n|-hitcount|p1a: Clefable|5\n|move|p1a: Clefable|Wish|p1a: Clefable\n|\n|-heal|p1a: Clefable|60\/100|[from] item: Leftovers\n|upkeep\n|turn|9\n|\n|t:|1637492322\n|move|p2a: Cloyster|Icicle Spear|p1a: Clefable\n|-damage|p1a: Clefable|51\/100\n|-damage|p1a: Clefable|42\/100\n|-damage|p1a: Clefable|33\/100\n|-damage|p1a: Clefable|24\/100\n|-damage|p1a: Clefable|16\/100\n|-hitcount|p1a: Clefable|5\n|move|p1a: Clefable|Moonblast|p2a: Cloyster\n|-damage|p2a: Cloyster|6\/100\n|\n|-heal|p1a: Clefable|66\/100|[from] move: Wish|[wisher] Clefable\n|-heal|p1a: Clefable|72\/100|[from] item: Leftovers\n|upkeep\n|turn|10\n|\n|t:|1637492327\n|move|p1a: Clefable|Protect|p1a: Clefable\n|-singleturn|p1a: Clefable|Protect\n|move|p2a: Cloyster|Icicle Spear|p1a: Clefable\n|-activate|p1a: Clefable|move: Protect\n|\n|-heal|p1a: Clefable|78\/100|[from] item: Leftovers\n|upkeep\n|turn|11\n|\n|t:|1637492329\n|move|p2a: Cloyster|Icicle Spear|p1a: Clefable\n|-damage|p1a: Clefable|69\/100\n|-damage|p1a: Clefable|59\/100\n|-damage|p1a: Clefable|50\/100\n|-damage|p1a: Clefable|42\/100\n|-damage|p1a: Clefable|33\/100\n|-hitcount|p1a: Clefable|5\n|move|p1a: Clefable|Wish|p1a: Clefable\n|\n|-heal|p1a: Clefable|39\/100|[from] item: Leftovers\n|upkeep\n|turn|12\n|\n|t:|1637492335\n|move|p1a: Clefable|Protect|p1a: Clefable\n|-singleturn|p1a: Clefable|Protect\n|move|p2a: Cloyster|Icicle Spear|p1a: Clefable\n|-activate|p1a: Clefable|move: Protect\n|\n|-heal|p1a: Clefable|89\/100|[from] move: Wish|[wisher] Clefable\n|-heal|p1a: Clefable|95\/100|[from] item: Leftovers\n|upkeep\n|turn|13\n|\n|t:|1637492340\n|move|p2a: Cloyster|Icicle Spear|p1a: Clefable\n|-damage|p1a: Clefable|86\/100\n|-damage|p1a: Clefable|77\/100\n|-crit|p1a: Clefable\n|-damage|p1a: Clefable|63\/100\n|-damage|p1a: Clefable|54\/100\n|-damage|p1a: Clefable|45\/100\n|-hitcount|p1a: Clefable|5\n|move|p1a: Clefable|Wish|p1a: Clefable\n|\n|-heal|p1a: Clefable|51\/100|[from] item: Leftovers\n|upkeep\n|turn|14\n|\n|t:|1637492344\n|move|p1a: Clefable|Protect|p1a: Clefable\n|-singleturn|p1a: Clefable|Protect\n|move|p2a: Cloyster|Icicle Spear|p1a: Clefable\n|-activate|p1a: Clefable|move: Protect\n|\n|-heal|p1a: Clefable|100\/100|[from] move: Wish|[wisher] Clefable\n|upkeep\n|turn|15\n|\n|t:|1637492346\n|move|p2a: Cloyster|Icicle Spear|p1a: Clefable\n|-damage|p1a: Clefable|92\/100\n|-damage|p1a: Clefable|82\/100\n|-damage|p1a: Clefable|74\/100\n|-damage|p1a: Clefable|65\/100\n|-damage|p1a: Clefable|57\/100\n|-hitcount|p1a: Clefable|5\n|move|p1a: Clefable|Wish|p1a: Clefable\n|\n|-heal|p1a: Clefable|63\/100|[from] item: Leftovers\n|upkeep\n|turn|16\n|\n|t:|1637492349\n|move|p2a: Cloyster|Icicle Spear|p1a: Clefable\n|-damage|p1a: Clefable|55\/100\n|-damage|p1a: Clefable|45\/100\n|-damage|p1a: Clefable|37\/100\n|-damage|p1a: Clefable|28\/100\n|-damage|p1a: Clefable|19\/100\n|-hitcount|p1a: Clefable|5\n|move|p1a: Clefable|Calm Mind|p1a: Clefable\n|-boost|p1a: Clefable|spa|1\n|-boost|p1a: Clefable|spd|1\n|\n|-heal|p1a: Clefable|69\/100|[from] move: Wish|[wisher] Clefable\n|-heal|p1a: Clefable|75\/100|[from] item: Leftovers\n|upkeep\n|turn|17\n|\n|t:|1637492354\n|move|p2a: Cloyster|Icicle Spear|p1a: Clefable\n|-damage|p1a: Clefable|66\/100\n|-damage|p1a: Clefable|58\/100\n|-damage|p1a: Clefable|49\/100\n|-damage|p1a: Clefable|40\/100\n|-damage|p1a: Clefable|32\/100\n|-hitcount|p1a: Clefable|5\n|move|p1a: Clefable|Wish|p1a: Clefable\n|\n|-heal|p1a: Clefable|38\/100|[from] item: Leftovers\n|upkeep\n|turn|18\n|\n|t:|1637492356\n|move|p1a: Clefable|Protect|p1a: Clefable\n|-singleturn|p1a: Clefable|Protect\n|move|p2a: Cloyster|Icicle Spear|p1a: Clefable\n|-activate|p1a: Clefable|move: Protect\n|\n|-heal|p1a: Clefable|88\/100|[from] move: Wish|[wisher] Clefable\n|-heal|p1a: Clefable|94\/100|[from] item: Leftovers\n|upkeep\n|turn|19\n|j| Lupo Trax\n|\n|t:|1637492365\n|move|p2a: Cloyster|Icicle Spear|p1a: Clefable\n|-damage|p1a: Clefable|86\/100\n|-damage|p1a: Clefable|77\/100\n|-damage|p1a: Clefable|68\/100\n|-crit|p1a: Clefable\n|-damage|p1a: Clefable|54\/100\n|-crit|p1a: Clefable\n|-damage|p1a: Clefable|40\/100\n|-hitcount|p1a: Clefable|5\n|move|p1a: Clefable|Moonblast|p2a: Cloyster\n|-damage|p2a: Cloyster|0 fnt\n|faint|p2a: Cloyster\n|\n|-heal|p1a: Clefable|46\/100|[from] item: Leftovers\n|upkeep\n|\n|t:|1637492375\n|switch|p2a: Blaziken|Blaziken, M|100\/100\n|turn|20\n|\n|t:|1637492384\n|switch|p1a: Mantine|Mantine, M|100\/100\n|-damage|p1a: Mantine|76\/100|[from] Stealth Rock\n|move|p2a: Blaziken|Flare Blitz|p1a: Mantine\n|-resisted|p1a: Mantine\n|-damage|p1a: Mantine|40\/100\n|-damage|p2a: Blaziken|86\/100|[from] Recoil\n|-damage|p2a: Blaziken|76\/100|[from] item: Life Orb\n|\n|-heal|p1a: Mantine|46\/100|[from] item: Leftovers\n|-ability|p2a: Blaziken|Speed Boost|boost\n|-boost|p2a: Blaziken|spe|1\n|upkeep\n|turn|21\n|\n|t:|1637492396\n|move|p2a: Blaziken|Swords Dance|p2a: Blaziken\n|-boost|p2a: Blaziken|atk|2\n|move|p1a: Mantine|Roost|p1a: Mantine\n|-heal|p1a: Mantine|96\/100\n|-singleturn|p1a: Mantine|move: Roost\n|\n|-heal|p1a: Mantine|100\/100|[from] item: Leftovers\n|-ability|p2a: Blaziken|Speed Boost|boost\n|-boost|p2a: Blaziken|spe|1\n|upkeep\n|turn|22\n|\n|t:|1637492406\n|move|p2a: Blaziken|Flare Blitz|p1a: Mantine\n|-resisted|p1a: Mantine\n|-damage|p1a: Mantine|36\/100\n|-damage|p2a: Blaziken|49\/100|[from] Recoil\n|-damage|p2a: Blaziken|39\/100|[from] item: Life Orb\n|move|p1a: Mantine|Scald|p2a: Blaziken\n|-supereffective|p2a: Blaziken\n|-damage|p2a: Blaziken|0 fnt\n|faint|p2a: Blaziken\n|\n|-heal|p1a: Mantine|42\/100|[from] item: Leftovers\n|upkeep\n|\n|t:|1637492413\n|switch|p2a: Weavile|Weavile, F|100\/100\n|-ability|p2a: Weavile|Pressure\n|turn|23\n|\n|t:|1637492423\n|switch|p1a: Skarmory|Skarmory, F|100\/100\n|-damage|p1a: Skarmory|88\/100|[from] Stealth Rock\n|move|p2a: Weavile|Swords Dance|p2a: Weavile\n|-boost|p2a: Weavile|atk|2\n|\n|-heal|p1a: Skarmory|94\/100|[from] item: Leftovers\n|upkeep\n|turn|24\n|\n|t:|1637492426\n|move|p2a: Weavile|Icicle Crash|p1a: Skarmory\n|-damage|p1a: Skarmory|27\/100\n|-damage|p2a: Weavile|91\/100|[from] item: Life Orb\n|cant|p1a: Skarmory|flinch\n|\n|-heal|p1a: Skarmory|33\/100|[from] item: Leftovers\n|upkeep\n|turn|25\n|\n|t:|1637492432\n|move|p2a: Weavile|Throat Chop|p1a: Skarmory\n|-damage|p1a: Skarmory|0 fnt\n|faint|p1a: Skarmory\n|-damage|p2a: Weavile|81\/100|[from] item: Life Orb\n|\n|upkeep\n|\n|t:|1637492439\n|switch|p1a: Ditto|Ditto|100\/100\n|-damage|p1a: Ditto|88\/100|[from] Stealth Rock\n|-transform|p1a: Ditto|p2a: Weavile|[from] ability: Imposter\n|-ability|p1a: Ditto|Pressure\n|turn|26\n|\n|t:|1637492445\n|move|p2a: Weavile|Throat Chop|p1a: Ditto\n|-resisted|p1a: Ditto\n|-crit|p1a: Ditto\n|-damage|p1a: Ditto|0 fnt\n|faint|p1a: Ditto\n|-damage|p2a: Weavile|71\/100|[from] item: Life Orb\n|\n|upkeep\n|c|\u2606wellhell|ok ?\n|c|\u2606i know im horrible|what the actual fuck is this rng\n|\n|t:|1637492459\n|switch|p1a: Clefable|Clefable, M|46\/100\n|-damage|p1a: Clefable|33\/100|[from] Stealth Rock\n|turn|27\n|c|\u2606wellhell|non choice scarf ditto\n|\n|t:|1637492463\n|move|p1a: Clefable|Protect|p1a: Clefable\n|-singleturn|p1a: Clefable|Protect\n|move|p2a: Weavile|Icicle Crash|p1a: Clefable\n|-activate|p1a: Clefable|move: Protect\n|\n|-heal|p1a: Clefable|40\/100|[from] item: Leftovers\n|upkeep\n|turn|28\n|c|\u2606i know im horrible|on a stall team\n|c|\u2606i know im horrible|is okay\n|\n|t:|1637492470\n|move|p2a: Weavile|Icicle Crash|p1a: Clefable\n|-damage|p1a: Clefable|0 fnt\n|faint|p1a: Clefable\n|-damage|p2a: Weavile|61\/100|[from] item: Life Orb\n|\n|upkeep\n|\n|t:|1637492477\n|switch|p1a: Blissey|Blissey, F|100\/100\n|-damage|p1a: Blissey|88\/100|[from] Stealth Rock\n|turn|29\n|\n|t:|1637492481\n|move|p2a: Weavile|Throat Chop|p1a: Blissey\n|-damage|p1a: Blissey|0 fnt\n|faint|p1a: Blissey\n|-damage|p2a: Weavile|51\/100|[from] item: Life Orb\n|\n|upkeep\n|c|\u2606i know im horrible|fucking lucky\n|-message|i know im horrible forfeited.\n|\n|win|wellhell\n|raw|i know im horrible's rating: 1288 &rarr; <strong>1263<\/strong><br \/>(-25 for losing)\n|raw|wellhell's rating: 1290 &rarr; <strong>1315<\/strong><br \/>(+25 for winning)\n|l|\u2606i know im horrible\n|l| Lupo Trax\n","uploadtime":1637492497,"views":17,"p1id":"iknowimhorrible","p2id":"wellhell","formatid":"gen8bdspou","rating":1263,"private":0,"password":null}