{"id":"gen8nationaldex-1487974737","p1":"beastyj157","p2":"Pks CliTauros","format":"gen8nationaldex","log":"|j|\u2606beastyj157\n|j|\u2606Pks CliTauros\n|inactive|Battle timer is ON: inactive players will automatically lose when time's up.\n|t:|1641691931\n|gametype|singles\n|player|p1|beastyj157|greta-gen3|\n|player|p2|Pks CliTauros|hilda|\n|teamsize|p1|6\n|teamsize|p2|6\n|gen|8\n|tier|[Gen 8] National Dex\n|rated|Tournament battle\n|rule|HP Percentage Mod: HP is shown in percentages\n|rule|Endless Battle Clause: Forcing endless battles is banned\n|rule|OHKO Clause: OHKO moves are banned\n|rule|Evasion Moves Clause: Evasion moves are banned\n|rule|Species Clause: Limit one of each Pok\u00e9mon\n|rule|Dynamax Clause: You cannot dynamax\n|rule|Sleep Clause Mod: Limit one foe put to sleep\n|clearpoke\n|poke|p1|Greninja, M|\n|poke|p1|Landorus-Therian, M|\n|poke|p1|Tangrowth, M|\n|poke|p1|Heatran, F|\n|poke|p1|Tapu Fini|\n|poke|p1|Mawile, M|\n|poke|p2|Heatran, F|\n|poke|p2|Charizard, F|\n|poke|p2|Kyurem|\n|poke|p2|Tapu Koko|\n|poke|p2|Mimikyu, F|\n|poke|p2|Tapu Fini|\n|teampreview\n|j| uiopman\u2606888\n|j| Gytle\n|c|\u2606beastyj157|Run same team again\n|c|\u2606beastyj157|idc\n|j| derpyboi\n|c| uiopman\u2606888|that better b a zard x, is all im saying\n|l| derpyboi\n|\n|t:|1641691957\n|start\n|switch|p1a: Landorus|Landorus-Therian, M|100\/100\n|switch|p2a: Kyurem|Kyurem|100\/100\n|-ability|p2a: Kyurem|Pressure\n|-ability|p1a: Landorus|Intimidate|boost\n|-unboost|p2a: Kyurem|atk|1\n|turn|1\n|c| Gytle|Better be\n|\n|t:|1641691967\n|move|p2a: Kyurem|Freeze-Dry|p1a: Landorus\n|-supereffective|p1a: Landorus\n|-damage|p1a: Landorus|0 fnt\n|faint|p1a: Landorus\n|\n|upkeep\n|c| Gytle|Ni e\n|c| Gytle|Nice\n|c|\u2606beastyj157|Scarf kyu nice\n|\n|t:|1641691981\n|switch|p1a: Heatran|Heatran, F|100\/100\n|turn|2\n|\n|t:|1641691992\n|switch|p2a: Heatran|Heatran, F|100\/100\n|-item|p2a: Heatran|Air Balloon\n|move|p1a: Heatran|Stealth Rock|p2a: Heatran\n|-sidestart|p2: Pks CliTauros|move: Stealth Rock\n|\n|upkeep\n|turn|3\n|c| Gytle|Nice\n|\n|t:|1641692003\n|switch|p1a: Tapu Fini|Tapu Fini|100\/100\n|-fieldstart|move: Misty Terrain|[from] ability: Misty Surge|[of] p1a: Tapu Fini\n|move|p2a: Heatran|Earth Power|p1a: Tapu Fini\n|-crit|p1a: Tapu Fini\n|-damage|p1a: Tapu Fini|73\/100\n|\n|-heal|p1a: Tapu Fini|79\/100|[from] item: Leftovers\n|upkeep\n|turn|4\n|\n|t:|1641692009\n|switch|p2a: Tapu Koko|Tapu Koko|100\/100\n|-damage|p2a: Tapu Koko|88\/100|[from] Stealth Rock\n|-fieldstart|move: Electric Terrain|[from] ability: Electric Surge|[of] p2a: Tapu Koko\n|move|p1a: Tapu Fini|Scald|p2a: Tapu Koko\n|-damage|p2a: Tapu Koko|45\/100\n|\n|-heal|p1a: Tapu Fini|85\/100|[from] item: Leftovers\n|upkeep\n|turn|5\n|\n|t:|1641692028\n|move|p2a: Tapu Koko|Defog|p1a: Tapu Fini\n|-unboost|p1a: Tapu Fini|evasion|1\n|-sideend|p2: Pks CliTauros|Stealth Rock|[from] move: Defog|[of] p2a: Tapu Koko\n|-fieldend|move: Electric Terrain\n|move|p1a: Tapu Fini|Moonblast|p2a: Tapu Koko\n|-damage|p2a: Tapu Koko|0 fnt\n|faint|p2a: Tapu Koko\n|\n|-heal|p1a: Tapu Fini|91\/100|[from] item: Leftovers\n|upkeep\n|\n|t:|1641692033\n|switch|p2a: Charizard|Charizard, F|100\/100\n|turn|6\n|c| uiopman\u2606888|i know this is probably zard y but i want to see zard x\n|c| uiopman\u2606888|dammit\n|c|\u2606beastyj157|I lose to y\n|c|\u2606beastyj157|PLZ BE X\n|\n|t:|1641692054\n|detailschange|p2a: Charizard|Charizard-Mega-X, F\n|-mega|p2a: Charizard|Charizard|Charizardite X\n|move|p2a: Charizard|Dragon Dance|p2a: Charizard\n|-boost|p2a: Charizard|atk|1\n|-boost|p2a: Charizard|spe|1\n|move|p1a: Tapu Fini|Scald|p2a: Charizard\n|-damage|p2a: Charizard|64\/100\n|\n|-heal|p1a: Tapu Fini|98\/100|[from] item: Leftovers\n|upkeep\n|turn|7\n|c| uiopman\u2606888|HE IS\n|c| uiopman\u2606888|LOL\n|c|\u2606beastyj157|K good\n|\n|t:|1641692068\n|move|p2a: Charizard|Thunder Punch|p1a: Tapu Fini\n|-supereffective|p1a: Tapu Fini\n|-damage|p1a: Tapu Fini|0 fnt\n|faint|p1a: Tapu Fini\n|\n|upkeep\n|c| uiopman\u2606888|im shocked that he went to it on fin-\n|c| uiopman\u2606888|oh.\n|\n|t:|1641692073\n|switch|p1a: Mawile|Mawile, M|100\/100\n|turn|8\n|c| uiopman\u2606888|that sounds about right\n|\n|t:|1641692086\n|switch|p2a: Heatran|Heatran, F|100\/100\n|-item|p2a: Heatran|Air Balloon\n|detailschange|p1a: Mawile|Mawile-Mega, M\n|-mega|p1a: Mawile|Mawile|Mawilite\n|move|p1a: Mawile|Play Rough|p2a: Heatran\n|-resisted|p2a: Heatran\n|-damage|p2a: Heatran|82\/100\n|-status|p1a: Mawile|brn|[from] ability: Flame Body|[of] p2a: Heatran\n|-enditem|p2a: Heatran|Air Balloon\n|\n|-damage|p1a: Mawile|95\/100 brn|[from] brn\n|upkeep\n|turn|9\n|c|\u2606beastyj157|Welllll\n|\n|t:|1641692098\n|switch|p1a: Greninja|Greninja, M|100\/100\n|move|p2a: Heatran|Magma Storm|p1a: Greninja|[miss]\n|-miss|p2a: Heatran|p1a: Greninja\n|\n|upkeep\n|turn|10\n|\n|t:|1641692107\n|switch|p1a: Mawile|Mawile-Mega, M|95\/100 brn\n|switch|p2a: Tapu Fini|Tapu Fini|100\/100\n|-fieldstart|move: Misty Terrain|[from] ability: Misty Surge|[of] p2a: Tapu Fini\n|\n|-damage|p1a: Mawile|89\/100 brn|[from] brn\n|upkeep\n|turn|11\n|\n|t:|1641692113\n|move|p2a: Tapu Fini|Calm Mind|p2a: Tapu Fini\n|-boost|p2a: Tapu Fini|spa|1\n|-boost|p2a: Tapu Fini|spd|1\n|move|p1a: Mawile|Swords Dance|p1a: Mawile\n|-boost|p1a: Mawile|atk|2\n|\n|-damage|p1a: Mawile|83\/100 brn|[from] brn\n|upkeep\n|turn|12\n|\n|t:|1641692119\n|move|p2a: Tapu Fini|Draining Kiss|p1a: Mawile\n|-resisted|p1a: Mawile\n|-damage|p1a: Mawile|60\/100 brn\n|move|p1a: Mawile|Swords Dance|p1a: Mawile\n|-boost|p1a: Mawile|atk|2\n|\n|-damage|p1a: Mawile|54\/100 brn|[from] brn\n|upkeep\n|turn|13\n|c| uiopman\u2606888|the maw\n|\n|t:|1641692145\n|move|p2a: Tapu Fini|Draining Kiss|p1a: Mawile\n|-resisted|p1a: Mawile\n|-damage|p1a: Mawile|34\/100 brn\n|move|p1a: Mawile|Thunder Punch|p2a: Tapu Fini\n|-supereffective|p2a: Tapu Fini\n|-damage|p2a: Tapu Fini|0 fnt\n|faint|p2a: Tapu Fini\n|\n|-damage|p1a: Mawile|28\/100 brn|[from] brn\n|upkeep\n|c|\u2606beastyj157|Still dtrong\n|\n|t:|1641692152\n|switch|p2a: Mimikyu|Mimikyu, F|100\/100\n|turn|14\n|\n|t:|1641692156\n|move|p2a: Mimikyu|Drain Punch|p1a: Mawile\n|-damage|p1a: Mawile|5\/100 brn\n|move|p1a: Mawile|Thunder Punch|p2a: Mimikyu\n|-activate|p2a: Mimikyu|ability: Disguise\n|-damage|p2a: Mimikyu|100\/100\n|detailschange|p2a: Mimikyu|Mimikyu-Busted, F\n|-damage|p2a: Mimikyu|88\/100|[from] pokemon: Mimikyu-Busted\n|-enditem|p2a: Mimikyu|Red Card|[of] p1a: Mawile\n|drag|p1a: Heatran|Heatran, F|100\/100\n|\n|-fieldend|Misty Terrain\n|upkeep\n|turn|15\n|c|\u2606beastyj157|?\n|\n|t:|1641692173\n|switch|p2a: Charizard|Charizard-Mega-X, F|64\/100\n|-zpower|p1a: Heatran\n|move|p1a: Heatran|Corkscrew Crash|p2a: Charizard|[zeffect]\n|-resisted|p2a: Charizard\n|-damage|p2a: Charizard|0 fnt\n|faint|p2a: Charizard\n|\n|upkeep\n|\n|t:|1641692179\n|switch|p2a: Mimikyu|Mimikyu-Busted, F|88\/100\n|turn|16\n|\n|t:|1641692182\n|move|p2a: Mimikyu|Drain Punch|p1a: Heatran\n|-supereffective|p1a: Heatran\n|-damage|p1a: Heatran|57\/100\n|-heal|p2a: Mimikyu|100\/100|[from] drain|[of] p1a: Heatran\n|-status|p2a: Mimikyu|brn|[from] ability: Flame Body|[of] p1a: Heatran\n|move|p1a: Heatran|Magma Storm|p2a: Mimikyu|[miss]\n|-miss|p1a: Heatran|p2a: Mimikyu\n|\n|-damage|p2a: Mimikyu|95\/100 brn|[from] brn\n|upkeep\n|turn|17\n|c|\u2606beastyj157|Two can play at the flame body fame\n|\n|t:|1641692206\n|move|p2a: Mimikyu|Swords Dance|p2a: Mimikyu\n|-boost|p2a: Mimikyu|atk|2\n|move|p1a: Heatran|Magma Storm|p2a: Mimikyu\n|-damage|p2a: Mimikyu|25\/100 brn\n|-activate|p2a: Mimikyu|move: Magma Storm|[of] p1a: Heatran\n|\n|-damage|p2a: Mimikyu|19\/100 brn|[from] brn\n|-damage|p2a: Mimikyu|6\/100 brn|[from] move: Magma Storm|[partiallytrapped]\n|upkeep\n|turn|18\n|\n|t:|1641692212\n|switch|p1a: Tangrowth|Tangrowth, M|100\/100\n|move|p2a: Mimikyu|Drain Punch|p1a: Tangrowth\n|-damage|p1a: Tangrowth|90\/100\n|-heal|p2a: Mimikyu|15\/100 brn|[from] drain|[of] p1a: Tangrowth\n|-damage|p2a: Mimikyu|0 fnt|[from] item: Rocky Helmet|[of] p1a: Tangrowth\n|faint|p2a: Mimikyu\n|\n|upkeep\n|\n|t:|1641692217\n|switch|p2a: Heatran|Heatran, F|82\/100\n|turn|19\n|\n|t:|1641692221\n|switch|p1a: Mawile|Mawile-Mega, M|5\/100 brn\n|move|p2a: Heatran|Magma Storm|p1a: Mawile\n|-supereffective|p1a: Mawile\n|-damage|p1a: Mawile|0 fnt\n|faint|p1a: Mawile\n|\n|upkeep\n|\n|t:|1641692227\n|switch|p1a: Greninja|Greninja, M|100\/100\n|turn|20\n|\n|t:|1641692229\n|switch|p2a: Kyurem|Kyurem|100\/100\n|-ability|p2a: Kyurem|Pressure\n|move|p1a: Greninja|Dark Pulse|p2a: Kyurem\n|-damage|p2a: Kyurem|48\/100\n|\n|upkeep\n|turn|21\n|\n|t:|1641692241\n|switch|p1a: Tangrowth|Tangrowth, M|100\/100\n|move|p2a: Kyurem|Earth Power|p1a: Tangrowth\n|-resisted|p1a: Tangrowth\n|-damage|p1a: Tangrowth|77\/100\n|\n|upkeep\n|turn|22\n|\n|t:|1641692248\n|switch|p2a: Heatran|Heatran, F|82\/100\n|switch|p1a: Greninja|Greninja, M|100\/100\n|\n|upkeep\n|turn|23\n|\n|t:|1641692257\n|move|p1a: Greninja|Dark Pulse|p2a: Heatran\n|-damage|p2a: Heatran|50\/100\n|move|p2a: Heatran|Magma Storm|p1a: Greninja|[miss]\n|-miss|p2a: Heatran|p1a: Greninja\n|\n|upkeep\n|turn|24\n|c| uiopman\u2606888|THE MOVES\n|\n|t:|1641692263\n|move|p1a: Greninja|Dark Pulse|p2a: Heatran\n|-damage|p2a: Heatran|18\/100\n|move|p2a: Heatran|Earth Power|p1a: Greninja\n|-damage|p1a: Greninja|58\/100\n|\n|upkeep\n|turn|25\n|\n|t:|1641692268\n|move|p1a: Greninja|Dark Pulse|p2a: Heatran\n|-damage|p2a: Heatran|0 fnt\n|faint|p2a: Heatran\n|-activate|p1a: Greninja|ability: Battle Bond\n|detailschange|p1a: Greninja|Greninja-Ash, M\n|\n|upkeep\n|\n|t:|1641692270\n|switch|p2a: Kyurem|Kyurem|48\/100\n|-ability|p2a: Kyurem|Pressure\n|turn|26\n|j| M1chael82\n|\n|t:|1641692273\n|switch|p1a: Tangrowth|Tangrowth, M|100\/100\n|move|p2a: Kyurem|Freeze-Dry|p1a: Tangrowth\n|-supereffective|p1a: Tangrowth\n|-damage|p1a: Tangrowth|1\/100\n|\n|upkeep\n|turn|27\n|c|\u2606beastyj157|K gg\n|\n|t:|1641692283\n|move|p2a: Kyurem|Freeze-Dry|p1a: Tangrowth\n|-supereffective|p1a: Tangrowth\n|-damage|p1a: Tangrowth|0 fnt\n|faint|p1a: Tangrowth\n|\n|upkeep\n|\n|t:|1641692285\n|switch|p1a: Heatran|Heatran, F|57\/100\n|turn|28\n|\n|t:|1641692288\n|move|p2a: Kyurem|Freeze-Dry|p1a: Heatran\n|-resisted|p1a: Heatran\n|-damage|p1a: Heatran|48\/100\n|move|p1a: Heatran|Steel Beam|p2a: Kyurem\n|-supereffective|p2a: Kyurem\n|-damage|p2a: Kyurem|0 fnt\n|-damage|p1a: Heatran|0 fnt|[from] mindblown\n|faint|p1a: Heatran\n|faint|p2a: Kyurem\n|\n|win|beastyj157\n|n|\u2606beastyj157|beastyj157\n|n|\u2606Pks CliTauros|pksclitauros\n|n| uiopman\u2606888|uiopman888\n|n| Gytle|gytle\n|n| M1chael82|m1chael82\n","uploadtime":1641692289,"views":12,"p1id":"beastyj157","p2id":"pksclitauros","formatid":"gen8nationaldex","rating":0,"private":0,"password":null}