{"id":"gen8bdspou-1466342768","p1":"cows123p","p2":"GDFK","format":"gen8bdspou","log":"|html|<div class=\"broadcast-blue\"><strong>[Gen 8 BDSP] OU is currently suspecting Latios! For information on how to participate check out the <a href=\"https:\/\/www.smogon.com\/forums\/threads\/np-bdsp-ou-suspect-process-round-1-mr-blue-sky.3694109\/\">suspect thread<\/a>.<\/strong><\/div>\n|j|\u2606cows123p\n|j|\u2606GDFK\n|t:|1638604187\n|gametype|singles\n|player|p1|cows123p|twins-gen4dp|1441\n|player|p2|GDFK|265|1473\n|teamsize|p1|6\n|teamsize|p2|6\n|gen|8\n|tier|[Gen 8 BDSP] OU\n|rated|\n|rule|Sleep Clause Mod: Limit one foe put to sleep\n|rule|Species Clause: Limit one of each Pok\u00e9mon\n|rule|OHKO Clause: OHKO moves are banned\n|rule|Evasion Moves Clause: Evasion moves are banned\n|rule|Endless Battle Clause: Forcing endless battles is banned\n|rule|HP Percentage Mod: HP is shown in percentages\n|clearpoke\n|poke|p1|Aerodactyl, F|\n|poke|p1|Scizor, M|\n|poke|p1|Snorlax, F|\n|poke|p1|Crawdaunt, F|\n|poke|p1|Gengar, M|\n|poke|p1|Gliscor, M|\n|poke|p2|Manaphy|\n|poke|p2|Scizor, M|\n|poke|p2|Latios, M|\n|poke|p2|Mamoswine, F|\n|poke|p2|Gliscor, M|\n|poke|p2|Infernape, F|\n|teampreview\n|inactive|Battle timer is ON: inactive players will automatically lose when time's up. (requested by GDFK)\n|j| ToadsChode\n|\n|t:|1638604209\n|start\n|switch|p1a: Crawdaunt|Crawdaunt, F|100\/100\n|switch|p2a: Scizor|Scizor, M|100\/100\n|turn|1\n|j| 1 Am A Loser\n|\n|t:|1638604226\n|switch|p2a: Infernape|Infernape, F|100\/100\n|move|p1a: Crawdaunt|Knock Off|p2a: Infernape\n|-resisted|p2a: Infernape\n|-damage|p2a: Infernape|22\/100\n|-enditem|p2a: Infernape|Choice Scarf|[from] move: Knock Off|[of] p1a: Crawdaunt\n|\n|upkeep\n|turn|2\n|\n|t:|1638604237\n|switch|p1a: Gliscor|Gliscor, M|100\/100\n|move|p2a: Infernape|Close Combat|p1a: Gliscor\n|-resisted|p1a: Gliscor\n|-damage|p1a: Gliscor|80\/100\n|-unboost|p2a: Infernape|def|1\n|-unboost|p2a: Infernape|spd|1\n|\n|-status|p1a: Gliscor|tox|[from] item: Toxic Orb\n|upkeep\n|turn|3\n|\n|t:|1638604250\n|switch|p2a: Gliscor|Gliscor, M|100\/100\n|move|p1a: Gliscor|Facade|p2a: Gliscor\n|-damage|p2a: Gliscor|83\/100\n|\n|-heal|p1a: Gliscor|92\/100 tox|[from] ability: Poison Heal\n|-status|p2a: Gliscor|tox|[from] item: Toxic Orb\n|upkeep\n|turn|4\n|\n|t:|1638604262\n|move|p1a: Gliscor|Swords Dance|p1a: Gliscor\n|-boost|p1a: Gliscor|atk|2\n|move|p2a: Gliscor|Stealth Rock|p1a: Gliscor\n|-sidestart|p1: cows123p|move: Stealth Rock\n|\n|-heal|p1a: Gliscor|100\/100 tox|[from] ability: Poison Heal\n|-heal|p2a: Gliscor|95\/100 tox|[from] ability: Poison Heal\n|upkeep\n|turn|5\n|j| Pkmntrainyobetch\n|\n|t:|1638604271\n|move|p1a: Gliscor|Facade|p2a: Gliscor\n|-damage|p2a: Gliscor|56\/100 tox\n|move|p2a: Gliscor|U-turn|p1a: Gliscor\n|-resisted|p1a: Gliscor\n|-damage|p1a: Gliscor|94\/100 tox\n|\n|t:|1638604274\n|switch|p2a: Manaphy|Manaphy|100\/100|[from]move: U-turn\n|\n|-heal|p1a: Gliscor|100\/100 tox|[from] ability: Poison Heal\n|upkeep\n|turn|6\n|\n|t:|1638604283\n|switch|p1a: Snorlax|Snorlax, F|100\/100\n|-damage|p1a: Snorlax|88\/100|[from] Stealth Rock\n|move|p2a: Manaphy|Ice Beam|p1a: Snorlax\n|-damage|p1a: Snorlax|80\/100\n|\n|-heal|p1a: Snorlax|86\/100|[from] item: Leftovers\n|upkeep\n|turn|7\n|\n|t:|1638604296\n|switch|p2a: Gliscor|Gliscor, M|56\/100 tox\n|switch|p1a: Aerodactyl|Aerodactyl, F|100\/100\n|-damage|p1a: Aerodactyl|76\/100|[from] Stealth Rock\n|\n|-heal|p2a: Gliscor|68\/100 tox|[from] ability: Poison Heal\n|upkeep\n|turn|8\n|\n|t:|1638604304\n|switch|p2a: Scizor|Scizor, M|100\/100\n|move|p1a: Aerodactyl|Stealth Rock|p2a: Scizor\n|-sidestart|p2: GDFK|move: Stealth Rock\n|\n|upkeep\n|turn|9\n|\n|t:|1638604316\n|switch|p1a: Gliscor|Gliscor, M|100\/100 tox\n|-damage|p1a: Gliscor|88\/100 tox|[from] Stealth Rock\n|move|p2a: Scizor|Bullet Punch|p1a: Gliscor\n|-damage|p1a: Gliscor|67\/100 tox\n|\n|-heal|p1a: Gliscor|79\/100 tox|[from] ability: Poison Heal\n|upkeep\n|turn|10\n|\n|t:|1638604326\n|switch|p2a: Manaphy|Manaphy|100\/100\n|-damage|p2a: Manaphy|88\/100|[from] Stealth Rock\n|move|p1a: Gliscor|Swords Dance|p1a: Gliscor\n|-boost|p1a: Gliscor|atk|2\n|\n|-heal|p2a: Manaphy|94\/100|[from] item: Leftovers\n|-heal|p1a: Gliscor|92\/100 tox|[from] ability: Poison Heal\n|upkeep\n|turn|11\n|\n|t:|1638604335\n|move|p2a: Manaphy|Scald|p1a: Gliscor\n|-supereffective|p1a: Gliscor\n|-damage|p1a: Gliscor|5\/100 tox\n|move|p1a: Gliscor|Earthquake|p2a: Manaphy\n|-damage|p2a: Manaphy|32\/100\n|\n|-heal|p2a: Manaphy|38\/100|[from] item: Leftovers\n|-heal|p1a: Gliscor|18\/100 tox|[from] ability: Poison Heal\n|upkeep\n|turn|12\n|\n|t:|1638604344\n|switch|p1a: Snorlax|Snorlax, F|86\/100\n|-damage|p1a: Snorlax|74\/100|[from] Stealth Rock\n|move|p2a: Manaphy|Scald|p1a: Snorlax\n|-damage|p1a: Snorlax|51\/100\n|\n|-heal|p2a: Manaphy|44\/100|[from] item: Leftovers\n|-heal|p1a: Snorlax|57\/100|[from] item: Leftovers\n|upkeep\n|turn|13\n|\n|t:|1638604353\n|switch|p2a: Gliscor|Gliscor, M|68\/100 tox\n|-damage|p2a: Gliscor|56\/100 tox|[from] Stealth Rock\n|move|p1a: Snorlax|Body Slam|p2a: Gliscor\n|-damage|p2a: Gliscor|31\/100 tox\n|\n|-heal|p1a: Snorlax|63\/100|[from] item: Leftovers\n|-heal|p2a: Gliscor|43\/100 tox|[from] ability: Poison Heal\n|upkeep\n|turn|14\n|\n|t:|1638604362\n|switch|p1a: Gliscor|Gliscor, M|18\/100 tox\n|-damage|p1a: Gliscor|5\/100 tox|[from] Stealth Rock\n|move|p2a: Gliscor|Roost|p2a: Gliscor\n|-heal|p2a: Gliscor|93\/100 tox\n|-singleturn|p2a: Gliscor|move: Roost\n|\n|-heal|p1a: Gliscor|18\/100 tox|[from] ability: Poison Heal\n|-heal|p2a: Gliscor|100\/100 tox|[from] ability: Poison Heal\n|upkeep\n|turn|15\n|\n|t:|1638604373\n|move|p1a: Gliscor|Roost|p1a: Gliscor\n|-heal|p1a: Gliscor|68\/100 tox\n|-singleturn|p1a: Gliscor|move: Roost\n|move|p2a: Gliscor|U-turn|p1a: Gliscor\n|-damage|p1a: Gliscor|56\/100 tox\n|\n|t:|1638604375\n|switch|p2a: Latios|Latios, M|100\/100|[from]move: U-turn\n|-damage|p2a: Latios|88\/100|[from] Stealth Rock\n|\n|-heal|p1a: Gliscor|69\/100 tox|[from] ability: Poison Heal\n|upkeep\n|turn|16\n|\n|t:|1638604391\n|switch|p1a: Aerodactyl|Aerodactyl, F|76\/100\n|-damage|p1a: Aerodactyl|51\/100|[from] Stealth Rock\n|move|p2a: Latios|Surf|p1a: Aerodactyl\n|-supereffective|p1a: Aerodactyl\n|-damage|p1a: Aerodactyl|0 fnt\n|faint|p1a: Aerodactyl\n|\n|upkeep\n|\n|t:|1638604399\n|switch|p1a: Gengar|Gengar, M|100\/100\n|-damage|p1a: Gengar|88\/100|[from] Stealth Rock\n|turn|17\n|\n|t:|1638604404\n|switch|p2a: Scizor|Scizor, M|100\/100\n|-damage|p2a: Scizor|88\/100|[from] Stealth Rock\n|move|p1a: Gengar|Shadow Ball|p2a: Scizor\n|-damage|p2a: Scizor|37\/100\n|\n|-heal|p2a: Scizor|43\/100|[from] item: Leftovers\n|upkeep\n|turn|18\n|\n|t:|1638604412\n|move|p2a: Scizor|Bullet Punch|p1a: Gengar\n|-damage|p1a: Gengar|35\/100\n|move|p1a: Gengar|Shadow Ball|p2a: Scizor\n|-damage|p2a: Scizor|0 fnt\n|faint|p2a: Scizor\n|\n|upkeep\n|\n|t:|1638604415\n|switch|p2a: Mamoswine|Mamoswine, F|100\/100\n|-damage|p2a: Mamoswine|88\/100|[from] Stealth Rock\n|turn|19\n|\n|t:|1638604425\n|switch|p1a: Scizor|Scizor, M|100\/100\n|-damage|p1a: Scizor|88\/100|[from] Stealth Rock\n|move|p2a: Mamoswine|Ice Shard|p1a: Scizor\n|-resisted|p1a: Scizor\n|-damage|p1a: Scizor|78\/100\n|-damage|p2a: Mamoswine|78\/100|[from] item: Life Orb\n|\n|-heal|p1a: Scizor|84\/100|[from] item: Leftovers\n|upkeep\n|turn|20\n|\n|t:|1638604434\n|move|p2a: Mamoswine|Earthquake|p1a: Scizor\n|-damage|p1a: Scizor|27\/100\n|-damage|p2a: Mamoswine|68\/100|[from] item: Life Orb\n|move|p1a: Scizor|Swords Dance|p1a: Scizor\n|-boost|p1a: Scizor|atk|2\n|\n|-heal|p1a: Scizor|33\/100|[from] item: Leftovers\n|upkeep\n|turn|21\n|\n|t:|1638604446\n|switch|p2a: Gliscor|Gliscor, M|100\/100 tox\n|-damage|p2a: Gliscor|88\/100 tox|[from] Stealth Rock\n|move|p1a: Scizor|Bullet Punch|p2a: Gliscor\n|-damage|p2a: Gliscor|57\/100 tox\n|\n|-heal|p1a: Scizor|40\/100|[from] item: Leftovers\n|-heal|p2a: Gliscor|69\/100 tox|[from] ability: Poison Heal\n|upkeep\n|turn|22\n|\n|t:|1638604456\n|move|p2a: Gliscor|Earthquake|p1a: Scizor\n|-damage|p1a: Scizor|16\/100\n|move|p1a: Scizor|Roost|p1a: Scizor\n|-heal|p1a: Scizor|66\/100\n|-singleturn|p1a: Scizor|move: Roost\n|\n|-heal|p1a: Scizor|72\/100|[from] item: Leftovers\n|-heal|p2a: Gliscor|82\/100 tox|[from] ability: Poison Heal\n|upkeep\n|turn|23\n|\n|t:|1638604464\n|move|p2a: Gliscor|U-turn|p1a: Scizor\n|-resisted|p1a: Scizor\n|-damage|p1a: Scizor|67\/100\n|\n|t:|1638604466\n|switch|p2a: Manaphy|Manaphy|44\/100|[from]move: U-turn\n|-damage|p2a: Manaphy|32\/100|[from] Stealth Rock\n|move|p1a: Scizor|Swords Dance|p1a: Scizor\n|-boost|p1a: Scizor|atk|2\n|\n|-heal|p2a: Manaphy|38\/100|[from] item: Leftovers\n|-heal|p1a: Scizor|73\/100|[from] item: Leftovers\n|upkeep\n|turn|24\n|\n|t:|1638604475\n|move|p2a: Manaphy|Scald|p1a: Scizor\n|-damage|p1a: Scizor|30\/100\n|move|p1a: Scizor|U-turn|p2a: Manaphy\n|-damage|p2a: Manaphy|0 fnt\n|faint|p2a: Manaphy\n|\n|t:|1638604489\n|switch|p1a: Crawdaunt|Crawdaunt, F|100\/100|[from]move: U-turn\n|-damage|p1a: Crawdaunt|88\/100|[from] Stealth Rock\n|\n|upkeep\n|\n|t:|1638604493\n|switch|p2a: Latios|Latios, M|88\/100\n|-damage|p2a: Latios|76\/100|[from] Stealth Rock\n|turn|25\n|\n|t:|1638604500\n|switch|p1a: Snorlax|Snorlax, F|63\/100\n|-damage|p1a: Snorlax|51\/100|[from] Stealth Rock\n|move|p2a: Latios|Thunderbolt|p1a: Snorlax\n|-damage|p1a: Snorlax|23\/100\n|\n|-heal|p1a: Snorlax|30\/100|[from] item: Leftovers\n|upkeep\n|turn|26\n|\n|t:|1638604515\n|move|p2a: Latios|Thunderbolt|p1a: Snorlax\n|-damage|p1a: Snorlax|3\/100\n|move|p1a: Snorlax|Crunch|p2a: Latios\n|-supereffective|p2a: Latios\n|-damage|p2a: Latios|3\/100\n|\n|-heal|p1a: Snorlax|9\/100|[from] item: Leftovers\n|upkeep\n|turn|27\n|\n|t:|1638604523\n|move|p2a: Latios|Thunderbolt|p1a: Snorlax\n|-damage|p1a: Snorlax|0 fnt\n|faint|p1a: Snorlax\n|\n|upkeep\n|\n|t:|1638604530\n|switch|p1a: Crawdaunt|Crawdaunt, F|88\/100\n|-damage|p1a: Crawdaunt|76\/100|[from] Stealth Rock\n|turn|28\n|\n|t:|1638604536\n|move|p1a: Crawdaunt|Aqua Jet|p2a: Latios\n|-resisted|p2a: Latios\n|-damage|p2a: Latios|0 fnt\n|faint|p2a: Latios\n|\n|upkeep\n|\n|t:|1638604543\n|switch|p2a: Infernape|Infernape, F|22\/100\n|-damage|p2a: Infernape|10\/100|[from] Stealth Rock\n|turn|29\n|\n|t:|1638604551\n|switch|p1a: Gliscor|Gliscor, M|69\/100 tox\n|-damage|p1a: Gliscor|56\/100 tox|[from] Stealth Rock\n|move|p2a: Infernape|Flare Blitz|p1a: Gliscor\n|-damage|p1a: Gliscor|15\/100 tox\n|-damage|p2a: Infernape|0 fnt|[from] Recoil\n|faint|p2a: Infernape\n|\n|-heal|p1a: Gliscor|27\/100 tox|[from] ability: Poison Heal\n|upkeep\n|\n|t:|1638604555\n|switch|p2a: Mamoswine|Mamoswine, F|68\/100\n|-damage|p2a: Mamoswine|56\/100|[from] Stealth Rock\n|turn|30\n|\n|t:|1638604564\n|move|p2a: Mamoswine|Ice Shard|p1a: Gliscor\n|-supereffective|p1a: Gliscor\n|-damage|p1a: Gliscor|0 fnt\n|faint|p1a: Gliscor\n|-damage|p2a: Mamoswine|46\/100|[from] item: Life Orb\n|\n|upkeep\n|\n|t:|1638604570\n|switch|p1a: Crawdaunt|Crawdaunt, F|76\/100\n|-damage|p1a: Crawdaunt|64\/100|[from] Stealth Rock\n|turn|31\n|\n|t:|1638604574\n|move|p2a: Mamoswine|Ice Shard|p1a: Crawdaunt\n|-resisted|p1a: Crawdaunt\n|-damage|p1a: Crawdaunt|40\/100\n|-damage|p2a: Mamoswine|36\/100|[from] item: Life Orb\n|move|p1a: Crawdaunt|Aqua Jet|p2a: Mamoswine\n|-supereffective|p2a: Mamoswine\n|-damage|p2a: Mamoswine|0 fnt\n|faint|p2a: Mamoswine\n|\n|upkeep\n|\n|t:|1638604577\n|switch|p2a: Gliscor|Gliscor, M|82\/100 tox\n|-damage|p2a: Gliscor|69\/100 tox|[from] Stealth Rock\n|turn|32\n|\n|t:|1638604585\n|move|p1a: Crawdaunt|Aqua Jet|p2a: Gliscor\n|-supereffective|p2a: Gliscor\n|-damage|p2a: Gliscor|21\/100 tox\n|move|p2a: Gliscor|Roost|p2a: Gliscor\n|-heal|p2a: Gliscor|71\/100 tox\n|-singleturn|p2a: Gliscor|move: Roost\n|\n|-heal|p2a: Gliscor|83\/100 tox|[from] ability: Poison Heal\n|upkeep\n|turn|33\n|\n|t:|1638604594\n|move|p1a: Crawdaunt|Aqua Jet|p2a: Gliscor\n|-supereffective|p2a: Gliscor\n|-damage|p2a: Gliscor|39\/100 tox\n|move|p2a: Gliscor|Earthquake|p1a: Crawdaunt\n|-damage|p1a: Crawdaunt|0 fnt\n|faint|p1a: Crawdaunt\n|\n|-heal|p2a: Gliscor|51\/100 tox|[from] ability: Poison Heal\n|upkeep\n|\n|t:|1638604603\n|switch|p1a: Gengar|Gengar, M|35\/100\n|-damage|p1a: Gengar|23\/100|[from] Stealth Rock\n|turn|34\n|\n|t:|1638604606\n|move|p1a: Gengar|Shadow Ball|p2a: Gliscor\n|-damage|p2a: Gliscor|0 fnt\n|faint|p2a: Gliscor\n|\n|win|cows123p\n|raw|cows123p's rating: 1441 &rarr; <strong>1463<\/strong><br \/>(+22 for winning)\n|raw|GDFK's rating: 1473 &rarr; <strong>1451<\/strong><br \/>(-22 for losing)\n|c|\u2606GDFK|gg\n|l|\u2606GDFK\n|c|\u2606cows123p|gg\n","uploadtime":1638604625,"views":19,"p1id":"cows123p","p2id":"gdfk","formatid":"gen8bdspou","rating":1451,"private":0,"password":null}