{"id":"gen8nationaldex-1695185040","p1":"Yeidimatute","p2":"Kikoobuster","format":"gen8nationaldex","log":"|j|\u2606Yeidimatute\n|j|\u2606Kikoobuster\n|t:|1666777870\n|gametype|singles\n|player|p1|Yeidimatute|benga|1514\n|player|p2|Kikoobuster|101|1549\n|teamsize|p1|6\n|teamsize|p2|6\n|gen|8\n|tier|[Gen 8] National Dex\n|rated|\n|rule|HP Percentage Mod: HP is shown in percentages\n|rule|Endless Battle Clause: Forcing endless battles is banned\n|rule|OHKO Clause: OHKO moves are banned\n|rule|Evasion Moves Clause: Evasion moves are banned\n|rule|Species Clause: Limit one of each Pok\u00e9mon\n|rule|Dynamax Clause: You cannot dynamax\n|rule|Sleep Clause Mod: Limit one foe put to sleep\n|clearpoke\n|poke|p1|Hoopa-Unbound|\n|poke|p1|Corviknight, F|\n|poke|p1|Clefable, M|\n|poke|p1|Breloom, F|\n|poke|p1|Swampert, F|\n|poke|p1|Tapu Lele|\n|poke|p2|Meloetta|\n|poke|p2|Empoleon, M|\n|poke|p2|Azumarill, M|\n|poke|p2|Infernape, M|\n|poke|p2|Altaria, M|\n|poke|p2|Landorus-Therian, M|\n|teampreview\n|inactive|Battle timer is ON: inactive players will automatically lose when time's up. (requested by Kikoobuster)\n|\n|t:|1666777878\n|start\n|switch|p1a: Floyd|Breloom, F, shiny|100\/100\n|switch|p2a: Empoleon|Empoleon, M|100\/100\n|turn|1\n|\n|t:|1666777887\n|switch|p2a: Landorus|Landorus-Therian, M|100\/100\n|-ability|p2a: Landorus|Intimidate|boost\n|-unboost|p1a: Floyd|atk|1\n|move|p1a: Floyd|Spore|p2a: Landorus\n|-status|p2a: Landorus|slp|[from] move: Spore\n|\n|upkeep\n|turn|2\n|\n|t:|1666777895\n|switch|p2a: Altaria|Altaria, M|100\/100\n|-ability|p2a: Altaria|Cloud Nine\n|move|p1a: Floyd|Rock Tomb|p2a: Altaria\n|-supereffective|p2a: Altaria\n|-damage|p2a: Altaria|43\/100\n|-unboost|p2a: Altaria|spe|1\n|\n|upkeep\n|turn|3\n|j| KoKohs\n|\n|t:|1666777904\n|detailschange|p2a: Altaria|Altaria-Mega, M\n|-mega|p2a: Altaria|Altaria|Altarianite\n|move|p1a: Floyd|Rock Tomb|p2a: Altaria\n|-damage|p2a: Altaria|21\/100\n|-unboost|p2a: Altaria|spe|1\n|move|p2a: Altaria|Return|p1a: Floyd\n|-supereffective|p1a: Floyd\n|-enditem|p1a: Floyd|Focus Sash\n|-damage|p1a: Floyd|1\/100\n|\n|upkeep\n|turn|4\n|\n|t:|1666777914\n|move|p1a: Floyd|Rock Tomb|p2a: Altaria\n|-damage|p2a: Altaria|0 fnt\n|faint|p2a: Altaria\n|\n|upkeep\n|\n|t:|1666777918\n|switch|p2a: Infernape|Infernape, M|100\/100\n|turn|5\n|\n|t:|1666777922\n|move|p1a: Floyd|Mach Punch|p2a: Infernape\n|-damage|p2a: Infernape|67\/100\n|move|p2a: Infernape|U-turn|p1a: Floyd\n|-damage|p1a: Floyd|0 fnt\n|faint|p1a: Floyd\n|\n|t:|1666777937\n|switch|p2a: Landorus|Landorus-Therian, M|100\/100 slp|[from]move: U-turn\n|\n|upkeep\n|\n|t:|1666777942\n|switch|p1a: Swampert|Swampert, F|100\/100\n|turn|6\n|\n|t:|1666777949\n|switch|p2a: Azumarill|Azumarill, M|100\/100\n|detailschange|p1a: Swampert|Swampert-Mega, F\n|-mega|p1a: Swampert|Swampert|Swampertite\n|move|p1a: Swampert|Flip Turn|p2a: Azumarill\n|-resisted|p2a: Azumarill\n|-damage|p2a: Azumarill|78\/100\n|\n|t:|1666777956\n|switch|p1a: Taza|Tapu Lele, shiny|100\/100|[from]move: Flip Turn\n|-fieldstart|move: Psychic Terrain|[from] ability: Psychic Surge|[of] p1a: Taza\n|\n|upkeep\n|turn|7\n|\n|t:|1666777961\n|switch|p2a: Empoleon|Empoleon, M|100\/100\n|move|p1a: Taza|Thunderbolt|p2a: Empoleon\n|-supereffective|p2a: Empoleon\n|-damage|p2a: Empoleon|54\/100\n|\n|-heal|p2a: Empoleon|60\/100|[from] item: Leftovers\n|upkeep\n|turn|8\n|\n|t:|1666777969\n|switch|p1a: Boomer|Clefable, M|100\/100\n|move|p2a: Empoleon|Stealth Rock|p1a: Boomer\n|-sidestart|p1: Yeidimatute|move: Stealth Rock\n|\n|-heal|p2a: Empoleon|66\/100|[from] item: Leftovers\n|upkeep\n|turn|9\n|\n|t:|1666777977\n|switch|p1a: Swampert|Swampert-Mega, F|100\/100\n|-damage|p1a: Swampert|94\/100|[from] Stealth Rock\n|move|p2a: Empoleon|Scald|p1a: Swampert\n|-damage|p1a: Swampert|66\/100\n|\n|-heal|p2a: Empoleon|72\/100|[from] item: Leftovers\n|upkeep\n|turn|10\n|\n|t:|1666777986\n|move|p2a: Empoleon|Protect|p2a: Empoleon\n|-singleturn|p2a: Empoleon|Protect\n|move|p1a: Swampert|Liquidation|p2a: Empoleon\n|-activate|p2a: Empoleon|move: Protect\n|\n|-heal|p2a: Empoleon|78\/100|[from] item: Leftovers\n|-fieldend|move: Psychic Terrain\n|upkeep\n|turn|11\n|\n|t:|1666777993\n|move|p1a: Swampert|Liquidation|p2a: Empoleon\n|-resisted|p2a: Empoleon\n|-damage|p2a: Empoleon|56\/100\n|move|p2a: Empoleon|Scald|p1a: Swampert\n|-damage|p1a: Swampert|37\/100\n|\n|-heal|p2a: Empoleon|62\/100|[from] item: Leftovers\n|upkeep\n|turn|12\n|\n|t:|1666778001\n|move|p2a: Empoleon|Protect|p2a: Empoleon\n|-singleturn|p2a: Empoleon|Protect\n|move|p1a: Swampert|Earthquake|p2a: Empoleon\n|-activate|p2a: Empoleon|move: Protect\n|\n|-heal|p2a: Empoleon|68\/100|[from] item: Leftovers\n|upkeep\n|turn|13\n|\n|t:|1666778007\n|switch|p2a: Azumarill|Azumarill, M|78\/100\n|move|p1a: Swampert|Hammer Arm|p2a: Azumarill\n|-resisted|p2a: Azumarill\n|-damage|p2a: Azumarill|54\/100\n|-unboost|p1a: Swampert|spe|1\n|\n|upkeep\n|turn|14\n|\n|t:|1666778015\n|switch|p1a: Boomer|Clefable, M|100\/100\n|-damage|p1a: Boomer|88\/100|[from] Stealth Rock\n|move|p2a: Azumarill|Play Rough|p1a: Boomer\n|-damage|p1a: Boomer|41\/100\n|\n|-heal|p1a: Boomer|47\/100|[from] item: Leftovers\n|upkeep\n|turn|15\n|\n|t:|1666778024\n|switch|p1a: Sir|Corviknight, F, shiny|100\/100\n|-ability|p1a: Sir|Unnerve\n|-damage|p1a: Sir|88\/100|[from] Stealth Rock\n|move|p2a: Azumarill|Play Rough|p1a: Sir\n|-resisted|p1a: Sir\n|-damage|p1a: Sir|69\/100\n|-damage|p2a: Azumarill|37\/100|[from] item: Rocky Helmet|[of] p1a: Sir\n|\n|upkeep\n|turn|16\n|\n|t:|1666778034\n|move|p2a: Azumarill|Knock Off|p1a: Sir\n|-damage|p1a: Sir|42\/100\n|-damage|p2a: Azumarill|21\/100|[from] item: Rocky Helmet|[of] p1a: Sir\n|-enditem|p1a: Sir|Rocky Helmet|[from] move: Knock Off|[of] p2a: Azumarill\n|move|p1a: Sir|Defog|p2a: Azumarill\n|-unboost|p2a: Azumarill|evasion|1\n|-sideend|p1: Yeidimatute|Stealth Rock|[from] move: Defog|[of] p1a: Sir\n|\n|upkeep\n|turn|17\n|\n|t:|1666778055\n|move|p2a: Azumarill|Knock Off|p1a: Sir\n|-damage|p1a: Sir|25\/100\n|move|p1a: Sir|Roost|p1a: Sir\n|-heal|p1a: Sir|75\/100\n|-singleturn|p1a: Sir|move: Roost\n|\n|upkeep\n|turn|18\n|\n|t:|1666778063\n|switch|p2a: Infernape|Infernape, M|67\/100\n|move|p1a: Sir|Body Press|p2a: Infernape\n|-damage|p2a: Infernape|30\/100\n|\n|upkeep\n|turn|19\n|\n|t:|1666778070\n|switch|p1a: Swampert|Swampert-Mega, F|37\/100\n|move|p2a: Infernape|Close Combat|p1a: Swampert\n|-damage|p1a: Swampert|0 fnt\n|-unboost|p2a: Infernape|def|1\n|-unboost|p2a: Infernape|spd|1\n|faint|p1a: Swampert\n|\n|upkeep\n|\n|t:|1666778080\n|switch|p1a: Taza|Tapu Lele, shiny|100\/100\n|-fieldstart|move: Psychic Terrain|[from] ability: Psychic Surge|[of] p1a: Taza\n|turn|20\n|\n|t:|1666778086\n|switch|p2a: Azumarill|Azumarill, M|21\/100\n|-enditem|p2a: Azumarill|Sitrus Berry|[eat]\n|-heal|p2a: Azumarill|46\/100|[from] item: Sitrus Berry\n|move|p1a: Taza|Moonblast|p2a: Azumarill\n|-damage|p2a: Azumarill|0 fnt\n|faint|p2a: Azumarill\n|\n|upkeep\n|\n|t:|1666778089\n|switch|p2a: Empoleon|Empoleon, M|68\/100\n|turn|21\n|\n|t:|1666778096\n|switch|p1a: Slim Shady|Hoopa-Unbound|100\/100\n|move|p2a: Empoleon|Stealth Rock|p1a: Slim Shady\n|-sidestart|p1: Yeidimatute|move: Stealth Rock\n|\n|-heal|p2a: Empoleon|74\/100|[from] item: Leftovers\n|upkeep\n|turn|22\n|\n|t:|1666778103\n|move|p2a: Empoleon|Protect|p2a: Empoleon\n|-singleturn|p2a: Empoleon|Protect\n|move|p1a: Slim Shady|Dark Pulse|p2a: Empoleon\n|-activate|p2a: Empoleon|move: Protect\n|\n|-heal|p2a: Empoleon|81\/100|[from] item: Leftovers\n|upkeep\n|turn|23\n|\n|t:|1666778110\n|move|p1a: Slim Shady|Thunderbolt|p2a: Empoleon\n|-supereffective|p2a: Empoleon\n|-damage|p2a: Empoleon|24\/100\n|move|p2a: Empoleon|Toxic|p1a: Slim Shady\n|-status|p1a: Slim Shady|tox\n|\n|-heal|p2a: Empoleon|30\/100|[from] item: Leftovers\n|-damage|p1a: Slim Shady|94\/100 tox|[from] psn\n|upkeep\n|turn|24\n|\n|t:|1666778118\n|move|p2a: Empoleon|Protect|p2a: Empoleon\n|-singleturn|p2a: Empoleon|Protect\n|move|p1a: Slim Shady|Dark Pulse|p2a: Empoleon\n|-activate|p2a: Empoleon|move: Protect\n|\n|-heal|p2a: Empoleon|37\/100|[from] item: Leftovers\n|-damage|p1a: Slim Shady|82\/100 tox|[from] psn\n|-fieldend|move: Psychic Terrain\n|upkeep\n|turn|25\n|\n|t:|1666778129\n|switch|p2a: Landorus|Landorus-Therian, M|100\/100 slp\n|-ability|p2a: Landorus|Intimidate|boost\n|-unboost|p1a: Slim Shady|atk|1\n|move|p1a: Slim Shady|Dark Pulse|p2a: Landorus\n|-damage|p2a: Landorus|29\/100 slp\n|\n|-damage|p1a: Slim Shady|64\/100 tox|[from] psn\n|upkeep\n|turn|26\n|\n|t:|1666778138\n|cant|p2a: Landorus|slp\n|move|p1a: Slim Shady|Psyshock|p2a: Landorus\n|-damage|p2a: Landorus|0 fnt\n|faint|p2a: Landorus\n|\n|-damage|p1a: Slim Shady|40\/100 tox|[from] psn\n|upkeep\n|\n|t:|1666778144\n|switch|p2a: Infernape|Infernape, M|30\/100\n|turn|27\n|\n|t:|1666778150\n|move|p2a: Infernape|U-turn|p1a: Slim Shady\n|-supereffective|p1a: Slim Shady\n|-damage|p1a: Slim Shady|0 fnt\n|faint|p1a: Slim Shady\n|\n|t:|1666778157\n|switch|p2a: Meloetta|Meloetta|100\/100|[from]move: U-turn\n|\n|upkeep\n|\n|t:|1666778164\n|switch|p1a: Boomer|Clefable, M|47\/100\n|-damage|p1a: Boomer|35\/100|[from] Stealth Rock\n|turn|28\n|\n|t:|1666778173\n|-zpower|p2a: Meloetta\n|move|p2a: Meloetta|Z-Celebrate|p2a: Meloetta|[anim]Celebrate\n|-boost|p2a: Meloetta|atk|1|[zeffect]\n|-boost|p2a: Meloetta|def|1|[zeffect]\n|-boost|p2a: Meloetta|spa|1|[zeffect]\n|-boost|p2a: Meloetta|spd|1|[zeffect]\n|-boost|p2a: Meloetta|spe|1|[zeffect]\n|-activate|p2a: Meloetta|move: Celebrate\n|move|p1a: Boomer|Soft-Boiled|p1a: Boomer\n|-heal|p1a: Boomer|85\/100\n|\n|-heal|p1a: Boomer|91\/100|[from] item: Leftovers\n|upkeep\n|turn|29\n|\n|t:|1666778184\n|move|p2a: Meloetta|Psychic|p1a: Boomer\n|-damage|p1a: Boomer|44\/100\n|move|p1a: Boomer|Calm Mind|p1a: Boomer\n|-boost|p1a: Boomer|spa|1\n|-boost|p1a: Boomer|spd|1\n|\n|-heal|p1a: Boomer|50\/100|[from] item: Leftovers\n|upkeep\n|turn|30\n|\n|t:|1666778196\n|switch|p2a: Infernape|Infernape, M|30\/100\n|move|p1a: Boomer|Soft-Boiled|p1a: Boomer\n|-heal|p1a: Boomer|99\/100\n|\n|-heal|p1a: Boomer|100\/100|[from] item: Leftovers\n|upkeep\n|turn|31\n|\n|t:|1666778204\n|move|p2a: Infernape|Flare Blitz|p1a: Boomer\n|-damage|p1a: Boomer|40\/100\n|-damage|p2a: Infernape|3\/100|[from] Recoil\n|move|p1a: Boomer|Moonblast|p2a: Infernape\n|-damage|p2a: Infernape|0 fnt\n|faint|p2a: Infernape\n|\n|-heal|p1a: Boomer|46\/100|[from] item: Leftovers\n|upkeep\n|\n|t:|1666778207\n|switch|p2a: Empoleon|Empoleon, M|37\/100\n|turn|32\n|\n|t:|1666778215\n|move|p2a: Empoleon|Toxic|p1a: Boomer\n|-status|p1a: Boomer|tox\n|move|p1a: Boomer|Flamethrower|p2a: Empoleon\n|-damage|p2a: Empoleon|15\/100\n|\n|-heal|p2a: Empoleon|21\/100|[from] item: Leftovers\n|-heal|p1a: Boomer|52\/100 tox|[from] item: Leftovers\n|-damage|p1a: Boomer|46\/100 tox|[from] psn\n|upkeep\n|turn|33\n|\n|t:|1666778225\n|switch|p1a: Sir|Corviknight, F, shiny|75\/100\n|-ability|p1a: Sir|Unnerve\n|-damage|p1a: Sir|62\/100|[from] Stealth Rock\n|move|p2a: Empoleon|Protect||[still]\n|-fail|p2a: Empoleon\n|\n|-heal|p2a: Empoleon|28\/100|[from] item: Leftovers\n|upkeep\n|turn|34\n|l| KoKohs\n|\n|t:|1666778241\n|move|p2a: Empoleon|Scald|p1a: Sir\n|-damage|p1a: Sir|21\/100\n|move|p1a: Sir|Body Press|p2a: Empoleon\n|-supereffective|p2a: Empoleon\n|-damage|p2a: Empoleon|0 fnt\n|faint|p2a: Empoleon\n|\n|upkeep\n|\n|t:|1666778244\n|switch|p2a: Meloetta|Meloetta|100\/100\n|turn|35\n|\n|t:|1666778250\n|move|p2a: Meloetta|Focus Blast|p1a: Sir|[miss]\n|-miss|p2a: Meloetta|p1a: Sir\n|move|p1a: Sir|Iron Defense|p1a: Sir\n|-boost|p1a: Sir|def|2\n|\n|upkeep\n|turn|36\n|\n|t:|1666778256\n|move|p2a: Meloetta|Focus Blast|p1a: Sir\n|-damage|p1a: Sir|0 fnt\n|faint|p1a: Sir\n|\n|upkeep\n|\n|t:|1666778264\n|switch|p1a: Taza|Tapu Lele, shiny|100\/100\n|-damage|p1a: Taza|88\/100|[from] Stealth Rock\n|-fieldstart|move: Psychic Terrain|[from] ability: Psychic Surge|[of] p1a: Taza\n|turn|37\n|\n|t:|1666778270\n|move|p1a: Taza|Moonblast|p2a: Meloetta\n|-damage|p2a: Meloetta|57\/100\n|move|p2a: Meloetta|Hyper Voice|p1a: Taza\n|-crit|p1a: Taza\n|-damage|p1a: Taza|10\/100\n|\n|upkeep\n|turn|38\n|\n|t:|1666778277\n|move|p1a: Taza|Moonblast|p2a: Meloetta\n|-damage|p2a: Meloetta|18\/100\n|-unboost|p2a: Meloetta|spa|1\n|move|p2a: Meloetta|Hyper Voice|p1a: Taza\n|-damage|p1a: Taza|0 fnt\n|faint|p1a: Taza\n|\n|upkeep\n|\n|t:|1666778284\n|switch|p1a: Boomer|Clefable, M|46\/100 tox\n|-damage|p1a: Boomer|33\/100 tox|[from] Stealth Rock\n|turn|39\n|\n|t:|1666778288\n|move|p2a: Meloetta|Psychic|p1a: Boomer\n|-damage|p1a: Boomer|0 fnt\n|faint|p1a: Boomer\n|\n|win|Kikoobuster\n|raw|Yeidimatute's rating: 1514 &rarr; <strong>1496<\/strong><br \/>(-18 for losing)\n|raw|Kikoobuster's rating: 1549 &rarr; <strong>1567<\/strong><br \/>(+18 for winning)\n|c|\u2606Kikoobuster|Gg\n|c|\u2606Yeidimatute|gg\n|l|\u2606Yeidimatute\n","uploadtime":1666778307,"views":7,"p1id":"yeidimatute","p2id":"kikoobuster","formatid":"gen8nationaldex","rating":1496,"private":0,"password":null}