{"id":"gen8ubers-1619277245","p1":"luminating","p2":"Hikari-miyako","format":"gen8ubers","log":"|j|\u2606luminating\n|j|\u2606Hikari-miyako\n|t:|1658077076\n|gametype|singles\n|player|p1|luminating|2|1165\n|player|p2|Hikari-miyako|ariana|1448\n|teamsize|p1|6\n|teamsize|p2|6\n|gen|8\n|tier|[Gen 8] Ubers\n|rated|\n|rule|Sleep Clause Mod: Limit one foe put to sleep\n|rule|Species Clause: Limit one of each Pok\u00e9mon\n|rule|OHKO Clause: OHKO moves are banned\n|rule|Evasion Moves Clause: Evasion moves are banned\n|rule|Endless Battle Clause: Forcing endless battles is banned\n|rule|HP Percentage Mod: HP is shown in percentages\n|rule|Dynamax Clause: You cannot dynamax\n|clearpoke\n|poke|p1|Calyrex-Shadow|\n|poke|p1|Urshifu-*, M|\n|poke|p1|Ho-Oh|\n|poke|p1|Rillaboom, F|\n|poke|p1|Landorus-Therian, M|\n|poke|p1|Regieleki|\n|poke|p2|Marshadow|\n|poke|p2|Yveltal|\n|poke|p2|Necrozma-Dusk-Mane|\n|poke|p2|Excadrill, F|\n|poke|p2|Zygarde|\n|poke|p2|Xerneas-*|\n|teampreview\n|\n|t:|1658077091\n|start\n|switch|p1a: Ho-Oh|Ho-Oh|100\/100\n|switch|p2a: Excadrill|Excadrill, F|100\/100\n|-ability|p2a: Excadrill|Mold Breaker\n|turn|1\n|\n|t:|1658077097\n|move|p2a: Excadrill|Rock Slide|p1a: Ho-Oh\n|-supereffective|p1a: Ho-Oh\n|-damage|p1a: Ho-Oh|11\/100\n|cant|p1a: Ho-Oh|flinch\n|\n|upkeep\n|turn|2\n|\n|t:|1658077114\n|switch|p1a: Rillaboom|Rillaboom, F|100\/100\n|-fieldstart|move: Grassy Terrain|[from] ability: Grassy Surge|[of] p1a: Rillaboom\n|move|p2a: Excadrill|Stealth Rock|p1a: Rillaboom\n|-sidestart|p1: luminating|move: Stealth Rock\n|\n|upkeep\n|turn|3\n|\n|t:|1658077122\n|move|p2a: Excadrill|Rock Slide|p1a: Rillaboom\n|-crit|p1a: Rillaboom\n|-damage|p1a: Rillaboom|60\/100\n|cant|p1a: Rillaboom|flinch\n|\n|-heal|p1a: Rillaboom|66\/100|[from] Grassy Terrain\n|upkeep\n|turn|4\n|\n|t:|1658077133\n|move|p1a: Rillaboom|Grassy Glide|p2a: Excadrill\n|-damage|p2a: Excadrill|29\/100\n|move|p2a: Excadrill|Rock Slide|p1a: Rillaboom\n|-damage|p1a: Rillaboom|41\/100\n|\n|-heal|p2a: Excadrill|35\/100|[from] Grassy Terrain\n|-heal|p1a: Rillaboom|47\/100|[from] Grassy Terrain\n|upkeep\n|turn|5\n|\n|t:|1658077143\n|move|p2a: Excadrill|Rock Slide|p1a: Rillaboom|[miss]\n|-miss|p2a: Excadrill|p1a: Rillaboom\n|move|p1a: Rillaboom|Knock Off|p2a: Excadrill\n|-damage|p2a: Excadrill|0 fnt\n|-enditem|p2a: Excadrill|Focus Sash|[from] move: Knock Off|[of] p1a: Rillaboom\n|faint|p2a: Excadrill\n|\n|-heal|p1a: Rillaboom|53\/100|[from] Grassy Terrain\n|upkeep\n|\n|t:|1658077145\n|switch|p2a: Zygarde|Zygarde|100\/100\n|turn|6\n|inactive|Battle timer is ON: inactive players will automatically lose when time's up. (requested by Hikari-miyako)\n|\n|t:|1658077154\n|move|p1a: Rillaboom|Grassy Glide|p2a: Zygarde\n|-damage|p2a: Zygarde|66\/100\n|move|p2a: Zygarde|Substitute|p2a: Zygarde\n|-start|p2a: Zygarde|Substitute\n|-damage|p2a: Zygarde|41\/100\n|\n|-heal|p2a: Zygarde|47\/100|[from] Grassy Terrain\n|-heal|p2a: Zygarde|53\/100|[from] item: Leftovers\n|-heal|p1a: Rillaboom|59\/100|[from] Grassy Terrain\n|-fieldend|move: Grassy Terrain\n|upkeep\n|turn|7\n|\n|t:|1658077164\n|move|p2a: Zygarde|Dragon Dance|p2a: Zygarde\n|-boost|p2a: Zygarde|atk|1\n|-boost|p2a: Zygarde|spe|1\n|move|p1a: Rillaboom|Grassy Glide|p2a: Zygarde\n|-end|p2a: Zygarde|Substitute\n|\n|-heal|p2a: Zygarde|59\/100|[from] item: Leftovers\n|upkeep\n|turn|8\n|\n|t:|1658077193\n|switch|p1a: Calyrex|Calyrex-Shadow|100\/100\n|-ability|p1a: Calyrex|As One\n|-ability|p1a: Calyrex|Unnerve\n|-damage|p1a: Calyrex|88\/100|[from] Stealth Rock\n|move|p2a: Zygarde|Substitute|p2a: Zygarde\n|-start|p2a: Zygarde|Substitute\n|-damage|p2a: Zygarde|35\/100\n|\n|-heal|p2a: Zygarde|41\/100|[from] item: Leftovers\n|-activate|p2a: Zygarde|ability: Power Construct\n|detailschange|p2a: Zygarde|Zygarde-Complete\n|-heal|p2a: Zygarde|62\/100|[silent]\n|upkeep\n|turn|9\n|\n|t:|1658077208\n|move|p2a: Zygarde|Thousand Arrows|p1a: Calyrex\n|-damage|p1a: Calyrex|21\/100\n|move|p1a: Calyrex|Astral Barrage|p2a: Zygarde\n|-end|p2a: Zygarde|Substitute\n|-damage|p1a: Calyrex|11\/100|[from] item: Life Orb\n|\n|-heal|p2a: Zygarde|68\/100|[from] item: Leftovers\n|upkeep\n|turn|10\n|\n|t:|1658077219\n|move|p1a: Calyrex|Protect|p1a: Calyrex\n|-singleturn|p1a: Calyrex|Protect\n|move|p2a: Zygarde|Substitute|p2a: Zygarde\n|-start|p2a: Zygarde|Substitute\n|-damage|p2a: Zygarde|43\/100\n|\n|-heal|p2a: Zygarde|49\/100|[from] item: Leftovers\n|upkeep\n|turn|11\n|-message|luminating forfeited.\n|\n|win|Hikari-miyako\n|raw|luminating's rating: 1165 &rarr; <strong>1157<\/strong><br \/>(-8 for losing)\n|raw|Hikari-miyako's rating: 1448 &rarr; <strong>1455<\/strong><br \/>(+7 for winning)\n|l|\u2606luminating\n","uploadtime":1658077233,"views":9,"p1id":"luminating","p2id":"hikarimiyako","formatid":"gen8ubers","rating":1157,"private":0,"password":null}