{"id":"gen8ou-1636776040","p1":"LT92PF pwns","p2":"jeandonis02","format":"gen8ou","log":"|j|\u2606LT92PF pwns\n|j|\u2606jeandonis02\n|t:|1660161847\n|gametype|singles\n|player|p1|LT92PF pwns|nanu|1668\n|player|p2|jeandonis02|lucas|1605\n|teamsize|p1|6\n|teamsize|p2|6\n|gen|8\n|tier|[Gen 8] OU\n|rated|\n|rule|Sleep Clause Mod: Limit one foe put to sleep\n|rule|Species Clause: Limit one of each Pok\u00e9mon\n|rule|OHKO Clause: OHKO moves are banned\n|rule|Evasion Items Clause: Evasion items are banned\n|rule|Evasion Moves Clause: Evasion moves are banned\n|rule|Endless Battle Clause: Forcing endless battles is banned\n|rule|HP Percentage Mod: HP is shown in percentages\n|rule|Dynamax Clause: You cannot dynamax\n|clearpoke\n|poke|p1|Melmetal|\n|poke|p1|Tapu Lele|\n|poke|p1|Magnezone|\n|poke|p1|Tornadus-Therian, M|\n|poke|p1|Tapu Fini|\n|poke|p1|Landorus-Therian, M|\n|poke|p2|Zeraora|\n|poke|p2|Toxapex, M|\n|poke|p2|Garchomp, F|\n|poke|p2|Rotom-Wash|\n|poke|p2|Ferrothorn, M|\n|poke|p2|Charizard, F|\n|teampreview\n|j| LT92PF Shurt\n|inactive|Battle timer is ON: inactive players will automatically lose when time's up. (requested by jeandonis02)\n|\n|t:|1660161879\n|start\n|switch|p1a: Melmetal|Melmetal|100\/100\n|switch|p2a: Garchomp|Garchomp, F|100\/100\n|turn|1\n|l|\u2606jeandonis02\n|inactive|jeandonis02 disconnected and has a minute to reconnect!\n|player|p2|\n|j|\u2606jeandonis02\n|inactive|jeandonis02 reconnected and has 130 seconds left.\n|player|p2|jeandonis02|lucas\n|\n|t:|1660161903\n|move|p2a: Garchomp|Earthquake|p1a: Melmetal\n|-supereffective|p1a: Melmetal\n|-damage|p1a: Melmetal|8\/100\n|move|p1a: Melmetal|Toxic|p2a: Garchomp\n|-status|p2a: Garchomp|tox\n|\n|-heal|p1a: Melmetal|14\/100|[from] item: Leftovers\n|-damage|p2a: Garchomp|94\/100 tox|[from] psn\n|upkeep\n|turn|2\n|\n|t:|1660161932\n|switch|p2a: Rotom|Rotom-Wash|100\/100\n|move|p1a: Melmetal|Protect||[still]\n|-fail|p1a: Melmetal\n|\n|-heal|p1a: Melmetal|20\/100|[from] item: Leftovers\n|upkeep\n|turn|3\n|\n|t:|1660161938\n|move|p1a: Melmetal|Protect|p1a: Melmetal\n|-singleturn|p1a: Melmetal|Protect\n|move|p2a: Rotom|Hydro Pump|p1a: Melmetal\n|-activate|p1a: Melmetal|move: Protect\n|\n|-heal|p1a: Melmetal|26\/100|[from] item: Leftovers\n|upkeep\n|turn|4\n|\n|t:|1660161950\n|switch|p1a: Tapu Fini|Tapu Fini|100\/100\n|-fieldstart|move: Misty Terrain|[from] ability: Misty Surge|[of] p1a: Tapu Fini\n|move|p2a: Rotom|Volt Switch|p1a: Tapu Fini\n|-supereffective|p1a: Tapu Fini\n|-damage|p1a: Tapu Fini|57\/100\n|\n|t:|1660161957\n|switch|p2a: Zeraora|Zeraora|100\/100|[from]move: Volt Switch\n|\n|-heal|p1a: Tapu Fini|63\/100|[from] item: Leftovers\n|upkeep\n|turn|5\n|\n|t:|1660161960\n|switch|p1a: Landorus|Landorus-Therian, M|100\/100\n|-ability|p1a: Landorus|Intimidate|boost\n|-unboost|p2a: Zeraora|atk|1\n|move|p2a: Zeraora|Knock Off|p1a: Landorus\n|-damage|p1a: Landorus|79\/100\n|-enditem|p1a: Landorus|Leftovers|[from] move: Knock Off|[of] p2a: Zeraora\n|\n|upkeep\n|turn|6\n|\n|t:|1660161971\n|switch|p2a: Rotom|Rotom-Wash|100\/100\n|move|p1a: Landorus|Stealth Rock|p2a: Rotom\n|-sidestart|p2: jeandonis02|move: Stealth Rock\n|\n|upkeep\n|turn|7\n|inactive|LT92PF pwns has 120 seconds left.\n|\n|t:|1660162009\n|switch|p1a: Tapu Lele|Tapu Lele|100\/100\n|-fieldstart|move: Psychic Terrain|[from] ability: Psychic Surge|[of] p1a: Tapu Lele\n|move|p2a: Rotom|Defog|p1a: Tapu Lele\n|-unboost|p1a: Tapu Lele|evasion|1\n|-sideend|p2: jeandonis02|Stealth Rock|[from] move: Defog|[of] p2a: Rotom\n|-fieldend|move: Psychic Terrain\n|\n|upkeep\n|turn|8\n|inactive|LT92PF pwns has 120 seconds left.\n|\n|t:|1660162017\n|switch|p2a: Toxapex|Toxapex, M|100\/100\n|move|p1a: Tapu Lele|Psychic|p2a: Toxapex\n|-supereffective|p2a: Toxapex\n|-damage|p2a: Toxapex|10\/100\n|\n|-heal|p2a: Toxapex|16\/100|[from] item: Black Sludge\n|upkeep\n|turn|9\n|inactive|LT92PF pwns has 120 seconds left.\n|\n|t:|1660162027\n|switch|p1a: Magnezone|Magnezone|100\/100\n|switch|p2a: Ferrothorn|Ferrothorn, M|100\/100\n|\n|upkeep\n|turn|10\n|\n|t:|1660162029\n|move|p1a: Magnezone|Iron Defense|p1a: Magnezone\n|-boost|p1a: Magnezone|def|2\n|move|p2a: Ferrothorn|Leech Seed|p1a: Magnezone\n|-start|p1a: Magnezone|move: Leech Seed\n|\n|-damage|p1a: Magnezone|88\/100|[from] Leech Seed|[of] p2a: Ferrothorn\n|upkeep\n|turn|11\n|\n|t:|1660162041\n|move|p1a: Magnezone|Body Press|p2a: Ferrothorn\n|-supereffective|p2a: Ferrothorn\n|-damage|p2a: Ferrothorn|35\/100\n|-damage|p1a: Magnezone|76\/100|[from] ability: Iron Barbs|[of] p2a: Ferrothorn\n|-damage|p1a: Magnezone|59\/100|[from] item: Rocky Helmet|[of] p2a: Ferrothorn\n|move|p2a: Ferrothorn|Stealth Rock|p1a: Magnezone\n|-sidestart|p1: LT92PF pwns|move: Stealth Rock\n|\n|-heal|p1a: Magnezone|65\/100|[from] item: Leftovers\n|-damage|p1a: Magnezone|53\/100|[from] Leech Seed|[of] p2a: Ferrothorn\n|-heal|p2a: Ferrothorn|47\/100|[silent]\n|upkeep\n|turn|12\n|\n|t:|1660162044\n|move|p1a: Magnezone|Body Press|p2a: Ferrothorn\n|-supereffective|p2a: Ferrothorn\n|-damage|p2a: Ferrothorn|0 fnt\n|-damage|p1a: Magnezone|41\/100|[from] ability: Iron Barbs|[of] p2a: Ferrothorn\n|-damage|p1a: Magnezone|24\/100|[from] item: Rocky Helmet|[of] p2a: Ferrothorn\n|faint|p2a: Ferrothorn\n|\n|-heal|p1a: Magnezone|30\/100|[from] item: Leftovers\n|upkeep\n|\n|t:|1660162048\n|switch|p2a: Rotom|Rotom-Wash|100\/100\n|turn|13\n|\n|t:|1660162065\n|move|p2a: Rotom|Hydro Pump|p1a: Magnezone\n|-damage|p1a: Magnezone|0 fnt\n|faint|p1a: Magnezone\n|\n|upkeep\n|\n|t:|1660162070\n|switch|p1a: Tapu Lele|Tapu Lele|100\/100\n|-damage|p1a: Tapu Lele|88\/100|[from] Stealth Rock\n|-fieldstart|move: Psychic Terrain|[from] ability: Psychic Surge|[of] p1a: Tapu Lele\n|turn|14\n|\n|t:|1660162074\n|move|p1a: Tapu Lele|Psychic|p2a: Rotom\n|-damage|p2a: Rotom|0 fnt\n|faint|p2a: Rotom\n|\n|upkeep\n|\n|t:|1660162079\n|switch|p2a: Garchomp|Garchomp, F|94\/100 tox\n|turn|15\n|\n|t:|1660162091\n|switch|p1a: Melmetal|Melmetal|26\/100\n|-damage|p1a: Melmetal|20\/100|[from] Stealth Rock\n|move|p2a: Garchomp|Iron Head|p1a: Melmetal\n|-resisted|p1a: Melmetal\n|-damage|p1a: Melmetal|10\/100\n|\n|-heal|p1a: Melmetal|16\/100|[from] item: Leftovers\n|-damage|p2a: Garchomp|88\/100 tox|[from] psn\n|upkeep\n|turn|16\n|\n|t:|1660162121\n|switch|p2a: Toxapex|Toxapex, M|49\/100\n|move|p1a: Melmetal|Toxic|p2a: Toxapex\n|-immune|p2a: Toxapex\n|\n|-heal|p1a: Melmetal|22\/100|[from] item: Leftovers\n|-heal|p2a: Toxapex|55\/100|[from] item: Black Sludge\n|upkeep\n|turn|17\n|\n|t:|1660162128\n|move|p1a: Melmetal|Earthquake|p2a: Toxapex\n|-supereffective|p2a: Toxapex\n|-damage|p2a: Toxapex|1\/100\n|move|p2a: Toxapex|Scald|p1a: Melmetal\n|-damage|p1a: Melmetal|9\/100\n|\n|-heal|p1a: Melmetal|15\/100|[from] item: Leftovers\n|-heal|p2a: Toxapex|8\/100|[from] item: Black Sludge\n|upkeep\n|turn|18\n|\n|t:|1660162140\n|move|p1a: Melmetal|Earthquake|p2a: Toxapex\n|-supereffective|p2a: Toxapex\n|-damage|p2a: Toxapex|0 fnt\n|faint|p2a: Toxapex\n|\n|-heal|p1a: Melmetal|21\/100|[from] item: Leftovers\n|-fieldend|move: Psychic Terrain\n|upkeep\n|\n|t:|1660162142\n|switch|p2a: Charizard|Charizard, F|100\/100\n|turn|19\n|\n|t:|1660162150\n|move|p2a: Charizard|Belly Drum|p2a: Charizard\n|-damage|p2a: Charizard|50\/100\n|-setboost|p2a: Charizard|atk|6|[from] move: Belly Drum\n|-enditem|p2a: Charizard|Sitrus Berry|[eat]\n|-heal|p2a: Charizard|75\/100|[from] item: Sitrus Berry\n|move|p1a: Melmetal|Toxic|p2a: Charizard\n|-status|p2a: Charizard|tox\n|\n|-heal|p1a: Melmetal|27\/100|[from] item: Leftovers\n|-damage|p2a: Charizard|69\/100 tox|[from] psn\n|upkeep\n|turn|20\n|\n|t:|1660162155\n|move|p1a: Melmetal|Protect|p1a: Melmetal\n|-singleturn|p1a: Melmetal|Protect\n|move|p2a: Charizard|Roost|p2a: Charizard\n|-heal|p2a: Charizard|100\/100 tox\n|-singleturn|p2a: Charizard|move: Roost\n|\n|-heal|p1a: Melmetal|34\/100|[from] item: Leftovers\n|-damage|p2a: Charizard|88\/100 tox|[from] psn\n|upkeep\n|turn|21\n|\n|t:|1660162173\n|switch|p1a: Tapu Lele|Tapu Lele|88\/100\n|-damage|p1a: Tapu Lele|76\/100|[from] Stealth Rock\n|-fieldstart|move: Psychic Terrain|[from] ability: Psychic Surge|[of] p1a: Tapu Lele\n|move|p2a: Charizard|Flame Charge|p1a: Tapu Lele\n|-damage|p1a: Tapu Lele|0 fnt\n|-boost|p2a: Charizard|spe|1\n|faint|p1a: Tapu Lele\n|\n|-damage|p2a: Charizard|70\/100 tox|[from] psn\n|upkeep\n|\n|t:|1660162187\n|switch|p1a: Landorus|Landorus-Therian, M|79\/100\n|-damage|p1a: Landorus|67\/100|[from] Stealth Rock\n|-ability|p1a: Landorus|Intimidate|boost\n|-unboost|p2a: Charizard|atk|1\n|turn|22\n|c| LT92PF Shurt|LOL\n|\n|t:|1660162207\n|switch|p1a: Tapu Fini|Tapu Fini|63\/100\n|-damage|p1a: Tapu Fini|50\/100|[from] Stealth Rock\n|-fieldstart|move: Misty Terrain|[from] ability: Misty Surge|[of] p1a: Tapu Fini\n|move|p2a: Charizard|Acrobatics|p1a: Tapu Fini\n|-damage|p1a: Tapu Fini|0 fnt\n|faint|p1a: Tapu Fini\n|\n|-damage|p2a: Charizard|46\/100 tox|[from] psn\n|upkeep\n|inactive|LT92PF pwns has 120 seconds left.\n|\n|t:|1660162218\n|switch|p1a: Melmetal|Melmetal|34\/100\n|-damage|p1a: Melmetal|27\/100|[from] Stealth Rock\n|turn|23\n|\n|t:|1660162223\n|move|p2a: Charizard|Flame Charge|p1a: Melmetal\n|-supereffective|p1a: Melmetal\n|-damage|p1a: Melmetal|0 fnt\n|-boost|p2a: Charizard|spe|1\n|faint|p1a: Melmetal\n|\n|-damage|p2a: Charizard|16\/100 tox|[from] psn\n|upkeep\n|\n|t:|1660162233\n|switch|p1a: Tornadus|Tornadus-Therian, M, shiny|100\/100\n|turn|24\n|\n|t:|1660162239\n|move|p2a: Charizard|Acrobatics|p1a: Tornadus\n|-damage|p1a: Tornadus|0 fnt\n|faint|p1a: Tornadus\n|\n|-damage|p2a: Charizard|0 fnt|[from] psn\n|faint|p2a: Charizard\n|upkeep\n|\n|t:|1660162243\n|switch|p1a: Landorus|Landorus-Therian, M|67\/100\n|switch|p2a: Garchomp|Garchomp, F|88\/100 tox\n|-damage|p1a: Landorus|54\/100|[from] Stealth Rock\n|-ability|p1a: Landorus|Intimidate|boost\n|-unboost|p2a: Garchomp|atk|1\n|turn|25\n|\n|t:|1660162247\n|move|p2a: Garchomp|Outrage|p1a: Landorus\n|-damage|p1a: Landorus|0 fnt\n|faint|p1a: Landorus\n|\n|win|jeandonis02\n|raw|LT92PF pwns's rating: 1668 &rarr; <strong>1644<\/strong><br \/>(-24 for losing)\n|raw|jeandonis02's rating: 1605 &rarr; <strong>1629<\/strong><br \/>(+24 for winning)\n|l|\u2606LT92PF pwns\n||Ladder isn't responding, score probably updated but might not have (Request timeout).\n","uploadtime":1660162255,"views":30,"p1id":"lt92pfpwns","p2id":"jeandonis02","formatid":"gen8ou","rating":1629,"private":0,"password":null}