{"id":"gen8ou-1603229895","p1":"Highv0ltag3","p2":"blade murphy","format":"gen8ou","log":"|j|\u2606Highv0ltag3\n|j|\u2606blade murphy\n|t:|1656076812\n|gametype|singles\n|player|p1|Highv0ltag3|volo|1801\n|player|p2|blade murphy|olympia|1733\n|teamsize|p1|6\n|teamsize|p2|6\n|gen|8\n|tier|[Gen 8] OU\n|rated|\n|rule|Sleep Clause Mod: Limit one foe put to sleep\n|rule|Species Clause: Limit one of each Pok\u00e9mon\n|rule|OHKO Clause: OHKO moves are banned\n|rule|Evasion Moves Clause: Evasion moves are banned\n|rule|Endless Battle Clause: Forcing endless battles is banned\n|rule|HP Percentage Mod: HP is shown in percentages\n|rule|Dynamax Clause: You cannot dynamax\n|clearpoke\n|poke|p1|Xatu, M|\n|poke|p1|Corviknight, M|\n|poke|p1|Buzzwole|\n|poke|p1|Chansey, F|\n|poke|p1|Toxapex, F|\n|poke|p1|Hippowdon, M|\n|poke|p2|Zapdos|\n|poke|p2|Landorus-Therian, M|\n|poke|p2|Vanilluxe, M|\n|poke|p2|Melmetal|\n|poke|p2|Slowking, F|\n|poke|p2|Urshifu-*, F|\n|teampreview\n|inactive|Battle timer is ON: inactive players will automatically lose when time's up. (requested by Highv0ltag3)\n|c|\u2606blade murphy|oh hey i always see you in the ou room\n|c|\u2606Highv0ltag3|hey\n|\n|t:|1656076854\n|start\n|switch|p1a: Hippowdon|Hippowdon, M|100\/100\n|switch|p2a: damo suzuki|Landorus-Therian, M, shiny|100\/100\n|-ability|p2a: damo suzuki|Intimidate|boost\n|-unboost|p1a: Hippowdon|atk|1\n|turn|1\n|j| ctlh\n|\n|t:|1656076864\n|switch|p1a: Corviknight|Corviknight, M|100\/100\n|-ability|p1a: Corviknight|Pressure\n|move|p2a: damo suzuki|Stealth Rock|p1a: Corviknight\n|-sidestart|p1: Highv0ltag3|move: Stealth Rock\n|\n|upkeep\n|turn|2\n|\n|t:|1656076870\n|switch|p2a: dorian electra|Zapdos|100\/100\n|move|p1a: Corviknight|Defog|p2a: dorian electra\n|-unboost|p2a: dorian electra|evasion|1\n|-sideend|p1: Highv0ltag3|Stealth Rock|[from] move: Defog|[of] p1a: Corviknight\n|\n|upkeep\n|turn|3\n|j| tamadie\n|\n|t:|1656076876\n|switch|p2a: icy wiener|Vanilluxe, M, shiny|100\/100\n|-weather|Hail|[from] ability: Snow Warning|[of] p2a: icy wiener\n|switch|p1a: Hippowdon|Hippowdon, M|100\/100\n|\n|-weather|Hail|[upkeep]\n|-damage|p1a: Hippowdon|94\/100|[from] Hail\n|-heal|p1a: Hippowdon|100\/100|[from] item: Leftovers\n|upkeep\n|turn|4\n|\n|t:|1656076887\n|switch|p2a: metal auf metal|Melmetal|100\/100\n|switch|p1a: Chansey|Chansey, F|100\/100\n|\n|-weather|Hail|[upkeep]\n|-damage|p1a: Chansey|94\/100|[from] Hail\n|-damage|p2a: metal auf metal|94\/100|[from] Hail\n|-heal|p2a: metal auf metal|100\/100|[from] item: Leftovers\n|upkeep\n|turn|5\n|\n|t:|1656076894\n|switch|p1a: Buzzwole|Buzzwole|100\/100\n|switch|p2a: damo suzuki|Landorus-Therian, M, shiny|100\/100\n|-ability|p2a: damo suzuki|Intimidate|boost\n|-unboost|p1a: Buzzwole|atk|1\n|\n|-weather|Hail|[upkeep]\n|-damage|p2a: damo suzuki|94\/100|[from] Hail\n|-damage|p1a: Buzzwole|94\/100|[from] Hail\n|-heal|p2a: damo suzuki|100\/100|[from] item: Leftovers\n|-heal|p1a: Buzzwole|100\/100|[from] item: Leftovers\n|upkeep\n|turn|6\n|l| ctlh\n|\n|t:|1656076897\n|move|p2a: damo suzuki|U-turn|p1a: Buzzwole\n|-resisted|p1a: Buzzwole\n|-damage|p1a: Buzzwole|95\/100\n|j| animekingreal\n|\n|t:|1656076900\n|switch|p2a: young sheldon|Slowking, F, shiny|100\/100|[from]move: U-turn\n|move|p1a: Buzzwole|Ice Punch|p2a: young sheldon\n|-resisted|p2a: young sheldon\n|-damage|p2a: young sheldon|95\/100\n|\n|-weather|Hail|[upkeep]\n|-damage|p1a: Buzzwole|89\/100|[from] Hail\n|-damage|p2a: young sheldon|89\/100|[from] Hail\n|-heal|p1a: Buzzwole|95\/100|[from] item: Leftovers\n|upkeep\n|turn|7\n|j| ThisIsntHilarious\n|\n|t:|1656076905\n|switch|p1a: Toxapex|Toxapex, F|100\/100\n|move|p2a: young sheldon|Future Sight|p1a: Toxapex\n|-start|p2a: young sheldon|move: Future Sight\n|\n|-weather|none\n|upkeep\n|turn|8\n|\n|t:|1656076906\n|move|p1a: Toxapex|Light Screen|p1a: Toxapex\n|-sidestart|p1: Highv0ltag3|move: Light Screen\n|move|p2a: young sheldon|Teleport|p2a: young sheldon\n|\n|t:|1656076911\n|switch|p2a: damo suzuki|Landorus-Therian, M, shiny|100\/100|[from]move: Teleport\n|-ability|p2a: damo suzuki|Intimidate|boost\n|-unboost|p1a: Toxapex|atk|1\n|\n|upkeep\n|turn|9\n|\n|t:|1656076914\n|switch|p1a: Corviknight|Corviknight, M|100\/100\n|-ability|p1a: Corviknight|Pressure\n|move|p2a: damo suzuki|Stealth Rock|p1a: Corviknight\n|-sidestart|p1: Highv0ltag3|move: Stealth Rock\n|\n|-end|p1a: Corviknight|move: Future Sight\n|-resisted|p1a: Corviknight\n|-damage|p1a: Corviknight|91\/100\n|upkeep\n|turn|10\n|\n|t:|1656076918\n|move|p2a: damo suzuki|Knock Off|p1a: Corviknight\n|-damage|p1a: Corviknight|73\/100\n|-enditem|p1a: Corviknight|Shed Shell|[from] move: Knock Off|[of] p2a: damo suzuki\n|move|p1a: Corviknight|Defog|p2a: damo suzuki\n|-unboost|p2a: damo suzuki|evasion|1\n|-sideend|p1: Highv0ltag3|Stealth Rock|[from] move: Defog|[of] p1a: Corviknight\n|\n|upkeep\n|turn|11\n|\n|t:|1656076929\n|move|p2a: damo suzuki|Stealth Rock|p1a: Corviknight\n|-sidestart|p1: Highv0ltag3|move: Stealth Rock\n|move|p1a: Corviknight|Roost|p1a: Corviknight\n|-heal|p1a: Corviknight|100\/100\n|-singleturn|p1a: Corviknight|move: Roost\n|\n|upkeep\n|turn|12\n|\n|t:|1656076932\n|move|p2a: damo suzuki|U-turn|p1a: Corviknight\n|-resisted|p1a: Corviknight\n|-damage|p1a: Corviknight|97\/100\n|\n|t:|1656076941\n|switch|p2a: young sheldon|Slowking, F, shiny|100\/100|[from]move: U-turn\n|move|p1a: Corviknight|Defog|p2a: young sheldon\n|-unboost|p2a: young sheldon|evasion|1\n|-sideend|p1: Highv0ltag3|Stealth Rock|[from] move: Defog|[of] p1a: Corviknight\n|\n|-sideend|p1: Highv0ltag3|move: Light Screen\n|upkeep\n|turn|13\n|\n|t:|1656076946\n|switch|p1a: Toxapex|Toxapex, F|100\/100\n|move|p2a: young sheldon|Teleport|p2a: young sheldon\n|\n|t:|1656076950\n|switch|p2a: icy wiener|Vanilluxe, M, shiny|100\/100|[from]move: Teleport\n|-weather|Hail|[from] ability: Snow Warning|[of] p2a: icy wiener\n|\n|-weather|Hail|[upkeep]\n|-damage|p1a: Toxapex|94\/100|[from] Hail\n|-heal|p1a: Toxapex|100\/100|[from] item: Black Sludge\n|upkeep\n|turn|14\n|\n|t:|1656076954\n|switch|p1a: Chansey|Chansey, F|94\/100\n|move|p2a: icy wiener|Freeze-Dry|p1a: Chansey\n|-damage|p1a: Chansey|79\/100\n|\n|-weather|Hail|[upkeep]\n|-damage|p1a: Chansey|73\/100|[from] Hail\n|upkeep\n|turn|15\n|\n|t:|1656076957\n|switch|p2a: metal auf metal|Melmetal|100\/100\n|move|p1a: Chansey|Soft-Boiled|p1a: Chansey\n|-heal|p1a: Chansey|100\/100\n|\n|-weather|Hail|[upkeep]\n|-damage|p1a: Chansey|94\/100|[from] Hail\n|-damage|p2a: metal auf metal|94\/100|[from] Hail\n|-heal|p2a: metal auf metal|100\/100|[from] item: Leftovers\n|upkeep\n|turn|16\n|\n|t:|1656076963\n|switch|p1a: Toxapex|Toxapex, F|100\/100\n|move|p2a: metal auf metal|Double Iron Bash|p1a: Toxapex\n|-resisted|p1a: Toxapex\n|-damage|p1a: Toxapex|87\/100\n|-resisted|p1a: Toxapex\n|-damage|p1a: Toxapex|75\/100\n|-hitcount|p1a: Toxapex|2\n|\n|-weather|Hail|[upkeep]\n|-damage|p2a: metal auf metal|94\/100|[from] Hail\n|-damage|p1a: Toxapex|69\/100|[from] Hail\n|-heal|p2a: metal auf metal|100\/100|[from] item: Leftovers\n|-heal|p1a: Toxapex|75\/100|[from] item: Black Sludge\n|upkeep\n|turn|17\n|\n|t:|1656076969\n|move|p2a: metal auf metal|Double Iron Bash|p1a: Toxapex\n|-resisted|p1a: Toxapex\n|-damage|p1a: Toxapex|62\/100\n|-resisted|p1a: Toxapex\n|-damage|p1a: Toxapex|48\/100\n|-hitcount|p1a: Toxapex|2\n|cant|p1a: Toxapex|flinch\n|\n|-weather|none\n|-heal|p1a: Toxapex|54\/100|[from] item: Black Sludge\n|upkeep\n|turn|18\n|\n|t:|1656076975\n|switch|p1a: Buzzwole|Buzzwole|95\/100\n|move|p2a: metal auf metal|Toxic|p1a: Buzzwole\n|-status|p1a: Buzzwole|tox\n|\n|-heal|p1a: Buzzwole|100\/100 tox|[from] item: Leftovers\n|-damage|p1a: Buzzwole|94\/100 tox|[from] psn\n|upkeep\n|turn|19\n|\n|t:|1656076981\n|switch|p1a: Toxapex|Toxapex, F|88\/100\n|switch|p2a: young sheldon|Slowking, F, shiny|100\/100\n|\n|-heal|p1a: Toxapex|94\/100|[from] item: Black Sludge\n|upkeep\n|turn|20\n|\n|t:|1656076987\n|move|p1a: Toxapex|Knock Off|p2a: young sheldon\n|-supereffective|p2a: young sheldon\n|-damage|p2a: young sheldon|77\/100\n|-enditem|p2a: young sheldon|Heavy-Duty Boots|[from] move: Knock Off|[of] p1a: Toxapex\n|move|p2a: young sheldon|Teleport|p2a: young sheldon\n|\n|t:|1656076994\n|switch|p2a: damo suzuki|Landorus-Therian, M, shiny|100\/100|[from]move: Teleport\n|-ability|p2a: damo suzuki|Intimidate|boost\n|-unboost|p1a: Toxapex|atk|1\n|\n|-heal|p1a: Toxapex|99\/100|[from] item: Black Sludge\n|upkeep\n|turn|21\n|\n|t:|1656077002\n|switch|p1a: Corviknight|Corviknight, M|97\/100\n|-ability|p1a: Corviknight|Pressure\n|move|p2a: damo suzuki|Stealth Rock|p1a: Corviknight\n|-sidestart|p1: Highv0ltag3|move: Stealth Rock\n|\n|upkeep\n|turn|22\n|\n|t:|1656077005\n|move|p2a: damo suzuki|U-turn|p1a: Corviknight\n|-resisted|p1a: Corviknight\n|-damage|p1a: Corviknight|93\/100\n|\n|t:|1656077009\n|switch|p2a: icy wiener|Vanilluxe, M, shiny|100\/100|[from]move: U-turn\n|-weather|Hail|[from] ability: Snow Warning|[of] p2a: icy wiener\n|move|p1a: Corviknight|Defog|p2a: icy wiener\n|-unboost|p2a: icy wiener|evasion|1\n|-sideend|p1: Highv0ltag3|Stealth Rock|[from] move: Defog|[of] p1a: Corviknight\n|\n|-weather|Hail|[upkeep]\n|-damage|p1a: Corviknight|87\/100|[from] Hail\n|upkeep\n|turn|23\n|\n|t:|1656077020\n|switch|p1a: Chansey|Chansey, F|94\/100\n|move|p2a: icy wiener|Blizzard|p1a: Chansey\n|-damage|p1a: Chansey|68\/100\n|\n|-weather|Hail|[upkeep]\n|-damage|p1a: Chansey|62\/100|[from] Hail\n|upkeep\n|turn|24\n|\n|t:|1656077029\n|move|p2a: icy wiener|Blizzard|p1a: Chansey\n|-damage|p1a: Chansey|36\/100\n|move|p1a: Chansey|Soft-Boiled|p1a: Chansey\n|-heal|p1a: Chansey|86\/100\n|\n|-weather|Hail|[upkeep]\n|-damage|p1a: Chansey|80\/100|[from] Hail\n|upkeep\n|turn|25\n|\n|t:|1656077036\n|switch|p2a: young sheldon|Slowking, F, shiny|100\/100\n|move|p1a: Chansey|Soft-Boiled|p1a: Chansey\n|-heal|p1a: Chansey|100\/100\n|\n|-weather|Hail|[upkeep]\n|-damage|p1a: Chansey|94\/100|[from] Hail\n|-damage|p2a: young sheldon|94\/100|[from] Hail\n|upkeep\n|turn|26\n|\n|t:|1656077040\n|switch|p1a: Toxapex|Toxapex, F|100\/100\n|move|p2a: young sheldon|Future Sight|p1a: Toxapex\n|-start|p2a: young sheldon|move: Future Sight\n|\n|-weather|none\n|upkeep\n|turn|27\n|\n|t:|1656077042\n|move|p1a: Toxapex|Light Screen|p1a: Toxapex\n|-sidestart|p1: Highv0ltag3|move: Light Screen\n|move|p2a: young sheldon|Teleport|p2a: young sheldon\n|\n|t:|1656077045\n|switch|p2a: damo suzuki|Landorus-Therian, M, shiny|100\/100|[from]move: Teleport\n|-ability|p2a: damo suzuki|Intimidate|boost\n|-unboost|p1a: Toxapex|atk|1\n|\n|upkeep\n|turn|28\n|\n|t:|1656077047\n|switch|p1a: Corviknight|Corviknight, M|87\/100\n|-ability|p1a: Corviknight|Pressure\n|move|p2a: damo suzuki|Earthquake|p1a: Corviknight\n|-immune|p1a: Corviknight\n|\n|-end|p1a: Corviknight|move: Future Sight\n|-resisted|p1a: Corviknight\n|-damage|p1a: Corviknight|77\/100\n|upkeep\n|turn|29\n|\n|t:|1656077053\n|move|p2a: damo suzuki|U-turn|p1a: Corviknight\n|-resisted|p1a: Corviknight\n|-damage|p1a: Corviknight|74\/100\n|j| T0d\n|\n|t:|1656077057\n|switch|p2a: dorian electra|Zapdos|100\/100|[from]move: U-turn\n|move|p1a: Corviknight|Roost|p1a: Corviknight\n|-heal|p1a: Corviknight|100\/100\n|-singleturn|p1a: Corviknight|move: Roost\n|\n|upkeep\n|turn|30\n|\n|t:|1656077064\n|switch|p1a: Hippowdon|Hippowdon, M|100\/100\n|move|p2a: dorian electra|Heat Wave|p1a: Hippowdon\n|-damage|p1a: Hippowdon|90\/100\n|\n|-heal|p1a: Hippowdon|96\/100|[from] item: Leftovers\n|upkeep\n|turn|31\n|\n|t:|1656077071\n|switch|p2a: young sheldon|Slowking, F, shiny|100\/100\n|move|p1a: Hippowdon|Stealth Rock|p2a: young sheldon\n|-sidestart|p2: blade murphy|move: Stealth Rock\n|\n|-heal|p1a: Hippowdon|100\/100|[from] item: Leftovers\n|-sideend|p1: Highv0ltag3|move: Light Screen\n|upkeep\n|turn|32\n|\n|t:|1656077080\n|switch|p1a: Toxapex|Toxapex, F|100\/100\n|move|p2a: young sheldon|Scald|p1a: Toxapex\n|-resisted|p1a: Toxapex\n|-damage|p1a: Toxapex|90\/100\n|\n|-heal|p1a: Toxapex|96\/100|[from] item: Black Sludge\n|upkeep\n|turn|33\n|\n|t:|1656077084\n|move|p1a: Toxapex|Knock Off|p2a: young sheldon\n|-supereffective|p2a: young sheldon\n|-damage|p2a: young sheldon|85\/100\n|move|p2a: young sheldon|Future Sight|p1a: Toxapex\n|-start|p2a: young sheldon|move: Future Sight\n|\n|-heal|p1a: Toxapex|100\/100|[from] item: Black Sludge\n|upkeep\n|turn|34\n|\n|t:|1656077086\n|move|p1a: Toxapex|Light Screen|p1a: Toxapex\n|-sidestart|p1: Highv0ltag3|move: Light Screen\n|move|p2a: young sheldon|Scald|p1a: Toxapex\n|-resisted|p1a: Toxapex\n|-damage|p1a: Toxapex|95\/100\n|\n|-heal|p1a: Toxapex|100\/100|[from] item: Black Sludge\n|upkeep\n|turn|35\n|\n|t:|1656077093\n|switch|p1a: Chansey|Chansey, F|94\/100\n|move|p2a: young sheldon|Teleport|p2a: young sheldon\n|j| FantaOrangeGood\n|\n|t:|1656077097\n|switch|p2a: metal auf metal|Melmetal|100\/100|[from]move: Teleport\n|-damage|p2a: metal auf metal|94\/100|[from] Stealth Rock\n|\n|-end|p1a: Chansey|move: Future Sight\n|-damage|p1a: Chansey|88\/100\n|-heal|p2a: metal auf metal|100\/100|[from] item: Leftovers\n|upkeep\n|turn|36\n|\n|t:|1656077102\n|switch|p1a: Toxapex|Toxapex, F|100\/100\n|move|p2a: metal auf metal|Double Iron Bash|p1a: Toxapex\n|-resisted|p1a: Toxapex\n|-damage|p1a: Toxapex|88\/100\n|-resisted|p1a: Toxapex\n|-damage|p1a: Toxapex|74\/100\n|-hitcount|p1a: Toxapex|2\n|\n|-heal|p1a: Toxapex|80\/100|[from] item: Black Sludge\n|upkeep\n|turn|37\n|\n|t:|1656077109\n|move|p2a: metal auf metal|Earthquake|p1a: Toxapex\n|-supereffective|p1a: Toxapex\n|-damage|p1a: Toxapex|33\/100\n|move|p1a: Toxapex|Knock Off|p2a: metal auf metal\n|-damage|p2a: metal auf metal|92\/100\n|-enditem|p2a: metal auf metal|Leftovers|[from] move: Knock Off|[of] p1a: Toxapex\n|\n|-heal|p1a: Toxapex|39\/100|[from] item: Black Sludge\n|upkeep\n|turn|38\n|\n|t:|1656077117\n|switch|p2a: icy wiener|Vanilluxe, M, shiny|100\/100\n|-damage|p2a: icy wiener|76\/100|[from] Stealth Rock\n|-weather|Hail|[from] ability: Snow Warning|[of] p2a: icy wiener\n|switch|p1a: Corviknight|Corviknight, M|100\/100\n|-ability|p1a: Corviknight|Pressure\n|\n|-weather|Hail|[upkeep]\n|-damage|p1a: Corviknight|94\/100|[from] Hail\n|-sideend|p1: Highv0ltag3|move: Light Screen\n|upkeep\n|turn|39\n|\n|t:|1656077120\n|switch|p1a: Chansey|Chansey, F|88\/100\n|move|p2a: icy wiener|Blizzard|p1a: Chansey\n|-crit|p1a: Chansey\n|-damage|p1a: Chansey|52\/100\n|\n|-weather|Hail|[upkeep]\n|-damage|p1a: Chansey|46\/100|[from] Hail\n|upkeep\n|turn|40\n|\n|t:|1656077123\n|move|p2a: icy wiener|Blizzard|p1a: Chansey\n|-crit|p1a: Chansey\n|-damage|p1a: Chansey|8\/100\n|move|p1a: Chansey|Soft-Boiled|p1a: Chansey\n|-heal|p1a: Chansey|58\/100\n|\n|-weather|Hail|[upkeep]\n|-damage|p1a: Chansey|52\/100|[from] Hail\n|upkeep\n|turn|41\n|\n|t:|1656077127\n|move|p2a: icy wiener|Blizzard|p1a: Chansey\n|-damage|p1a: Chansey|25\/100\n|move|p1a: Chansey|Soft-Boiled|p1a: Chansey\n|-heal|p1a: Chansey|75\/100\n|\n|-weather|Hail|[upkeep]\n|-damage|p1a: Chansey|69\/100|[from] Hail\n|upkeep\n|turn|42\n|\n|t:|1656077131\n|switch|p2a: damo suzuki|Landorus-Therian, M, shiny|100\/100\n|-damage|p2a: damo suzuki|88\/100|[from] Stealth Rock\n|-ability|p2a: damo suzuki|Intimidate|boost\n|-unboost|p1a: Chansey|atk|1\n|move|p1a: Chansey|Soft-Boiled|p1a: Chansey\n|-heal|p1a: Chansey|100\/100\n|\n|-weather|none\n|-heal|p2a: damo suzuki|94\/100|[from] item: Leftovers\n|upkeep\n|turn|43\n|\n|t:|1656077135\n|move|p2a: damo suzuki|Knock Off|p1a: Chansey\n|-damage|p1a: Chansey|80\/100\n|-enditem|p1a: Chansey|Eviolite|[from] move: Knock Off|[of] p2a: damo suzuki\n|move|p1a: Chansey|Toxic|p2a: damo suzuki\n|-status|p2a: damo suzuki|tox\n|\n|-heal|p2a: damo suzuki|99\/100 tox|[from] item: Leftovers\n|-damage|p2a: damo suzuki|94\/100 tox|[from] psn\n|upkeep\n|turn|44\n|\n|t:|1656077141\n|switch|p1a: Xatu|Xatu, M|100\/100\n|move|p2a: damo suzuki|Stealth Rock|p1a: Xatu\n|move|p1a: Xatu|Stealth Rock||[from]ability: Magic Bounce|[still]\n|-fail|p1a: Xatu\n|\n|-heal|p2a: damo suzuki|99\/100 tox|[from] item: Leftovers\n|-damage|p2a: damo suzuki|88\/100 tox|[from] psn\n|upkeep\n|turn|45\n|\n|t:|1656077146\n|move|p2a: damo suzuki|Knock Off|p1a: Xatu\n|-supereffective|p1a: Xatu\n|-damage|p1a: Xatu|21\/100\n|-enditem|p1a: Xatu|Leftovers|[from] move: Knock Off|[of] p2a: damo suzuki\n|move|p1a: Xatu|Night Shade|p2a: damo suzuki\n|-damage|p2a: damo suzuki|62\/100 tox\n|\n|-heal|p2a: damo suzuki|68\/100 tox|[from] item: Leftovers\n|-damage|p2a: damo suzuki|50\/100 tox|[from] psn\n|upkeep\n|turn|46\n|\n|t:|1656077153\n|move|p2a: damo suzuki|U-turn|p1a: Xatu\n|-damage|p1a: Xatu|0 fnt\n|faint|p1a: Xatu\n|\n|t:|1656077157\n|switch|p2a: dorian electra|Zapdos|100\/100|[from]move: U-turn\n|\n|upkeep\n|\n|t:|1656077161\n|switch|p1a: Hippowdon|Hippowdon, M|100\/100\n|turn|47\n|\n|t:|1656077165\n|switch|p2a: young sheldon|Slowking, F, shiny|100\/100\n|-damage|p2a: young sheldon|88\/100|[from] Stealth Rock\n|move|p1a: Hippowdon|Toxic|p2a: young sheldon\n|-status|p2a: young sheldon|tox\n|\n|-damage|p2a: young sheldon|82\/100 tox|[from] psn\n|upkeep\n|turn|48\n|\n|t:|1656077170\n|switch|p1a: Toxapex|Toxapex, F|72\/100\n|move|p2a: young sheldon|Scald|p1a: Toxapex\n|-resisted|p1a: Toxapex\n|-damage|p1a: Toxapex|60\/100\n|-status|p1a: Toxapex|brn\n|\n|-heal|p1a: Toxapex|67\/100 brn|[from] item: Black Sludge\n|-damage|p2a: young sheldon|70\/100 tox|[from] psn\n|-damage|p1a: Toxapex|60\/100 brn|[from] brn\n|upkeep\n|turn|49\n|\n|t:|1656077176\n|move|p1a: Toxapex|Knock Off|p2a: young sheldon\n|-supereffective|p2a: young sheldon\n|-damage|p2a: young sheldon|62\/100 tox\n|move|p2a: young sheldon|Teleport|p2a: young sheldon\n|\n|t:|1656077180\n|switch|p2a: damo suzuki|Landorus-Therian, M, shiny|50\/100 tox|[from]move: Teleport\n|-damage|p2a: damo suzuki|38\/100 tox|[from] Stealth Rock\n|-ability|p2a: damo suzuki|Intimidate|boost\n|-unboost|p1a: Toxapex|atk|1\n|\n|-heal|p2a: damo suzuki|44\/100 tox|[from] item: Leftovers\n|-heal|p1a: Toxapex|67\/100 brn|[from] item: Black Sludge\n|-damage|p2a: damo suzuki|38\/100 tox|[from] psn\n|-damage|p1a: Toxapex|60\/100 brn|[from] brn\n|upkeep\n|turn|50\n|\n|t:|1656077183\n|switch|p1a: Corviknight|Corviknight, M|94\/100\n|-ability|p1a: Corviknight|Pressure\n|move|p2a: damo suzuki|Stealth Rock|p1a: Corviknight\n|-sidestart|p1: Highv0ltag3|move: Stealth Rock\n|\n|-heal|p2a: damo suzuki|44\/100 tox|[from] item: Leftovers\n|-damage|p2a: damo suzuki|32\/100 tox|[from] psn\n|upkeep\n|turn|51\n|\n|t:|1656077192\n|move|p2a: damo suzuki|U-turn|p1a: Corviknight\n|-resisted|p1a: Corviknight\n|-damage|p1a: Corviknight|91\/100\n|\n|t:|1656077199\n|switch|p2a: dorian electra|Zapdos|100\/100|[from]move: U-turn\n|move|p1a: Corviknight|Iron Defense|p1a: Corviknight\n|-boost|p1a: Corviknight|def|2\n|\n|upkeep\n|turn|52\n|\n|t:|1656077203\n|switch|p1a: Hippowdon|Hippowdon, M|100\/100\n|-damage|p1a: Hippowdon|94\/100|[from] Stealth Rock\n|move|p2a: dorian electra|Heat Wave|p1a: Hippowdon\n|-crit|p1a: Hippowdon\n|-damage|p1a: Hippowdon|65\/100\n|-status|p1a: Hippowdon|brn\n|\n|-heal|p1a: Hippowdon|71\/100 brn|[from] item: Leftovers\n|-damage|p1a: Hippowdon|65\/100 brn|[from] brn\n|upkeep\n|turn|53\n|\n|t:|1656077209\n|switch|p2a: young sheldon|Slowking, F, shiny|96\/100 tox\n|-damage|p2a: young sheldon|83\/100 tox|[from] Stealth Rock\n|move|p1a: Hippowdon|Slack Off|p1a: Hippowdon\n|-heal|p1a: Hippowdon|100\/100 brn\n|\n|-damage|p2a: young sheldon|77\/100 tox|[from] psn\n|-damage|p1a: Hippowdon|94\/100 brn|[from] brn\n|upkeep\n|turn|54\n|\n|t:|1656077213\n|switch|p1a: Toxapex|Toxapex, F|94\/100 brn\n|-damage|p1a: Toxapex|81\/100 brn|[from] Stealth Rock\n|move|p2a: young sheldon|Teleport|p2a: young sheldon\n|\n|t:|1656077216\n|switch|p2a: icy wiener|Vanilluxe, M, shiny|76\/100|[from]move: Teleport\n|-damage|p2a: icy wiener|51\/100|[from] Stealth Rock\n|-weather|Hail|[from] ability: Snow Warning|[of] p2a: icy wiener\n|\n|-weather|Hail|[upkeep]\n|-damage|p1a: Toxapex|75\/100 brn|[from] Hail\n|-heal|p1a: Toxapex|81\/100 brn|[from] item: Black Sludge\n|-damage|p1a: Toxapex|75\/100 brn|[from] brn\n|upkeep\n|turn|55\n|j| Arhetti\n|j| angrrry\n|\n|t:|1656077224\n|switch|p1a: Chansey|Chansey, F|80\/100\n|-damage|p1a: Chansey|67\/100|[from] Stealth Rock\n|move|p2a: icy wiener|Blizzard|p1a: Chansey\n|-damage|p1a: Chansey|28\/100\n|-status|p1a: Chansey|frz\n|\n|-weather|Hail|[upkeep]\n|-damage|p1a: Chansey|22\/100 frz|[from] Hail\n|upkeep\n|turn|56\n|j| Lawic\n|j| wocaowocao\n|l| wocaowocao\n|\n|t:|1656077232\n|-curestatus|p1a: Chansey|frz|[from] ability: Natural Cure\n|switch|p1a: Toxapex|Toxapex, F|100\/100 brn\n|-damage|p1a: Toxapex|88\/100 brn|[from] Stealth Rock\n|move|p2a: icy wiener|Blizzard|p1a: Toxapex\n|-resisted|p1a: Toxapex\n|-damage|p1a: Toxapex|55\/100 brn\n|\n|-weather|Hail|[upkeep]\n|-damage|p1a: Toxapex|49\/100 brn|[from] Hail\n|-heal|p1a: Toxapex|55\/100 brn|[from] item: Black Sludge\n|-damage|p1a: Toxapex|49\/100 brn|[from] brn\n|upkeep\n|turn|57\n|\n|t:|1656077241\n|switch|p2a: damo suzuki|Landorus-Therian, M, shiny|32\/100 tox\n|-damage|p2a: damo suzuki|19\/100 tox|[from] Stealth Rock\n|-ability|p2a: damo suzuki|Intimidate|boost\n|-unboost|p1a: Toxapex|atk|1\n|switch|p1a: Chansey|Chansey, F|22\/100\n|-damage|p1a: Chansey|10\/100|[from] Stealth Rock\n|\n|-weather|Hail|[upkeep]\n|-damage|p2a: damo suzuki|13\/100 tox|[from] Hail\n|-damage|p1a: Chansey|3\/100|[from] Hail\n|-heal|p2a: damo suzuki|19\/100 tox|[from] item: Leftovers\n|-damage|p2a: damo suzuki|13\/100 tox|[from] psn\n|upkeep\n|turn|58\n|\n|t:|1656077254\n|switch|p1a: Buzzwole|Buzzwole|94\/100 tox\n|-damage|p1a: Buzzwole|82\/100 tox|[from] Stealth Rock\n|move|p2a: damo suzuki|U-turn|p1a: Buzzwole\n|-resisted|p1a: Buzzwole\n|-crit|p1a: Buzzwole\n|-damage|p1a: Buzzwole|74\/100 tox\n|\n|t:|1656077267\n|switch|p2a: young sheldon|Slowking, F, shiny|100\/100 tox|[from]move: U-turn\n|-damage|p2a: young sheldon|88\/100 tox|[from] Stealth Rock\n|\n|-weather|none\n|-heal|p1a: Buzzwole|81\/100 tox|[from] item: Leftovers\n|-damage|p1a: Buzzwole|74\/100 tox|[from] psn\n|-damage|p2a: young sheldon|82\/100 tox|[from] psn\n|upkeep\n|turn|59\n|\n|t:|1656077273\n|switch|p1a: Corviknight|Corviknight, M|91\/100\n|-damage|p1a: Corviknight|78\/100|[from] Stealth Rock\n|-ability|p1a: Corviknight|Pressure\n|move|p2a: young sheldon|Teleport|p2a: young sheldon\n|\n|t:|1656077279\n|switch|p2a: icy wiener|Vanilluxe, M, shiny|51\/100|[from]move: Teleport\n|-damage|p2a: icy wiener|26\/100|[from] Stealth Rock\n|-weather|Hail|[from] ability: Snow Warning|[of] p2a: icy wiener\n|\n|-weather|Hail|[upkeep]\n|-damage|p1a: Corviknight|72\/100|[from] Hail\n|upkeep\n|turn|60\n|\n|t:|1656077285\n|move|p2a: icy wiener|Freeze-Dry|p1a: Corviknight\n|-damage|p1a: Corviknight|21\/100\n|move|p1a: Corviknight|Roost|p1a: Corviknight\n|-heal|p1a: Corviknight|71\/100\n|-singleturn|p1a: Corviknight|move: Roost\n|\n|-weather|Hail|[upkeep]\n|-damage|p1a: Corviknight|65\/100|[from] Hail\n|upkeep\n|turn|61\n|\n|t:|1656077297\n|switch|p2a: dorian electra|Zapdos|100\/100\n|move|p1a: Corviknight|Body Press|p2a: dorian electra\n|-resisted|p2a: dorian electra\n|-damage|p2a: dorian electra|91\/100\n|\n|-weather|Hail|[upkeep]\n|-damage|p2a: dorian electra|85\/100|[from] Hail\n|-damage|p1a: Corviknight|58\/100|[from] Hail\n|upkeep\n|turn|62\n|\n|t:|1656077305\n|switch|p1a: Hippowdon|Hippowdon, M|94\/100 brn\n|-damage|p1a: Hippowdon|88\/100 brn|[from] Stealth Rock\n|move|p2a: dorian electra|Heat Wave|p1a: Hippowdon\n|-damage|p1a: Hippowdon|70\/100 brn\n|\n|-weather|Hail|[upkeep]\n|-damage|p2a: dorian electra|79\/100|[from] Hail\n|-damage|p1a: Hippowdon|64\/100 brn|[from] Hail\n|-heal|p1a: Hippowdon|70\/100 brn|[from] item: Leftovers\n|-damage|p1a: Hippowdon|64\/100 brn|[from] brn\n|upkeep\n|turn|63\n|l| Lawic\n|\n|t:|1656077319\n|move|p2a: dorian electra|Weather Ball|p1a: Hippowdon\n|-supereffective|p1a: Hippowdon\n|-damage|p1a: Hippowdon|25\/100 brn\n|move|p1a: Hippowdon|Slack Off|p1a: Hippowdon\n|-heal|p1a: Hippowdon|75\/100 brn\n|\n|-weather|none\n|-heal|p1a: Hippowdon|81\/100 brn|[from] item: Leftovers\n|-damage|p1a: Hippowdon|75\/100 brn|[from] brn\n|upkeep\n|turn|64\n|\n|t:|1656077335\n|switch|p1a: Corviknight|Corviknight, M|58\/100\n|-damage|p1a: Corviknight|46\/100|[from] Stealth Rock\n|-ability|p1a: Corviknight|Pressure\n|move|p2a: dorian electra|Heat Wave|p1a: Corviknight\n|-supereffective|p1a: Corviknight\n|-damage|p1a: Corviknight|2\/100\n|\n|upkeep\n|turn|65\n|c|\u2606Highv0ltag3|wp gg\n|-message|Highv0ltag3 forfeited.\n|\n|win|blade murphy\n|raw|Highv0ltag3's rating: 1801 &rarr; <strong>1777<\/strong><br \/>(-24 for losing)\n|raw|blade murphy's rating: 1733 &rarr; <strong>1757<\/strong><br \/>(+24 for winning)\n|l|\u2606Highv0ltag3\n|c|\u2606blade murphy|gg sitr\n|c|\u2606blade murphy|sir\n|l| T0d\n|l| ThisIsntHilarious\n||Ladder isn't responding, score probably updated but might not have (Request timeout).\n","uploadtime":1656077360,"views":121,"p1id":"highv0ltag3","p2id":"blademurphy","formatid":"gen8ou","rating":1757,"private":0,"password":null}