{"id":"gen8nationaldex-1140932035","p1":"Lef deppard","p2":"Moskito Cup","format":"gen8nationaldex","log":"|raw|<div class=\"broadcast-red\"><strong>This battle is invite-only!<\/strong><br \/>Users must be invited with <code>\/invite<\/code> (or be staff) to join<\/div>\n|j|\u2606Lef deppard\n|j|\u203dMoskito Cup\n|player|p1|Lef deppard|veteran|1655\n|player|p2|Moskito Cup|169|1825\n|teamsize|p1|6\n|teamsize|p2|6\n|gametype|singles\n|gen|8\n|tier|[Gen 8] National Dex\n|rated|\n|clearpoke\n|poke|p1|Donphan, M|\n|poke|p1|Staraptor, F|\n|poke|p1|Slowbro, M|\n|poke|p1|Metagross|\n|poke|p1|Zapdos|\n|poke|p1|Clefable, F|\n|poke|p2|Venusaur, M|\n|poke|p2|Keldeo-Resolute|\n|poke|p2|Skarmory, F|\n|poke|p2|Chansey, F|\n|poke|p2|Heatran, F|\n|poke|p2|Bisharp, M|\n|rule|HP Percentage Mod: HP is shown in percentages\n|rule|Endless Battle Clause: Forcing endless battles is banned\n|rule|OHKO Clause: OHKO moves are banned\n|rule|Evasion Moves Clause: Evasion moves are banned\n|rule|Species Clause: Limit one of each Pok\u00e9mon\n|rule|Dynamax Clause: You cannot dynamax\n|rule|Sleep Clause Mod: Limit one foe put to sleep\n|teampreview\n|inactive|Battle timer is ON: inactive players will automatically lose when time's up. (requested by Moskito Cup)\n|\n|start\n|switch|p1a: Clefable|Clefable, F|100\/100\n|switch|p2a: Keldeo|Keldeo-Resolute|100\/100\n|turn|1\n|\n|switch|p2a: Heatran|Heatran, F|100\/100\n|move|p1a: Clefable|Knock Off|p2a: Heatran\n|-damage|p2a: Heatran|89\/100\n|-enditem|p2a: Heatran|Leftovers|[from] move: Knock Off|[of] p1a: Clefable\n|\n|upkeep\n|turn|2\n|\n|move|p2a: Heatran|Stealth Rock|p1a: Clefable\n|-sidestart|p1: Lef deppard|move: Stealth Rock\n|move|p1a: Clefable|Stealth Rock|p2a: Heatran\n|-sidestart|p2: Moskito Cup|move: Stealth Rock\n|\n|upkeep\n|turn|3\n|\n|move|p2a: Heatran|Lava Plume|p1a: Clefable\n|-damage|p1a: Clefable|79\/100\n|-status|p1a: Clefable|brn\n|move|p1a: Clefable|Moonblast|p2a: Heatran\n|-resisted|p2a: Heatran\n|-damage|p2a: Heatran|82\/100\n|\n|-heal|p1a: Clefable|85\/100 brn|[from] item: Leftovers\n|upkeep\n|turn|4\n|\n|switch|p1a: Slowbro|Slowbro, M|100\/100\n|-damage|p1a: Slowbro|88\/100|[from] Stealth Rock\n|move|p2a: Heatran|Lava Plume|p1a: Slowbro\n|-resisted|p1a: Slowbro\n|-damage|p1a: Slowbro|69\/100\n|-status|p1a: Slowbro|brn\n|\n|-damage|p1a: Slowbro|63\/100 brn|[from] brn\n|upkeep\n|turn|5\n|\n|switch|p2a: Bisharp|Bisharp, M|100\/100\n|-damage|p2a: Bisharp|94\/100|[from] Stealth Rock\n|move|p1a: Slowbro|Teleport|p1a: Slowbro\n|\n|switch|p1a: Donphan|Donphan, M|100\/100|[from]move: Teleport\n|-damage|p1a: Donphan|94\/100|[from] Stealth Rock\n|\n|-heal|p2a: Bisharp|100\/100|[from] item: Leftovers\n|-heal|p1a: Donphan|100\/100|[from] item: Leftovers\n|upkeep\n|turn|6\n|\n|move|p2a: Bisharp|Knock Off|p1a: Donphan\n|-damage|p1a: Donphan|57\/100\n|-enditem|p1a: Donphan|Leftovers|[from] move: Knock Off|[of] p2a: Bisharp\n|move|p1a: Donphan|Rapid Spin|p2a: Bisharp\n|-resisted|p2a: Bisharp\n|-damage|p2a: Bisharp|91\/100\n|-boost|p1a: Donphan|spe|1\n|-sideend|p1: Lef deppard|Stealth Rock|[from] move: Rapid Spin|[of] p1a: Donphan\n|\n|-heal|p2a: Bisharp|97\/100|[from] item: Leftovers\n|upkeep\n|turn|7\n|\n|switch|p2a: Skarmory|Skarmory, F|100\/100\n|-damage|p2a: Skarmory|88\/100|[from] Stealth Rock\n|move|p1a: Donphan|Knock Off|p2a: Skarmory\n|-damage|p2a: Skarmory|69\/100\n|-damage|p1a: Donphan|41\/100|[from] item: Rocky Helmet|[of] p2a: Skarmory\n|-enditem|p2a: Skarmory|Rocky Helmet|[from] move: Knock Off|[of] p1a: Donphan\n|\n|upkeep\n|turn|8\n|\n|switch|p1a: Metagross|Metagross|100\/100\n|move|p2a: Skarmory|Spikes|p1a: Metagross\n|-sidestart|p1: Lef deppard|Spikes\n|\n|upkeep\n|turn|9\n|\n|detailschange|p1a: Metagross|Metagross-Mega\n|-mega|p1a: Metagross|Metagross|Metagrossite\n|move|p1a: Metagross|Power-Up Punch|p2a: Skarmory\n|-damage|p2a: Skarmory|58\/100\n|-boost|p1a: Metagross|atk|1\n|move|p2a: Skarmory|Roost|p2a: Skarmory\n|-heal|p2a: Skarmory|100\/100\n|-singleturn|p2a: Skarmory|move: Roost\n|\n|upkeep\n|turn|10\n|\n|move|p1a: Metagross|Power-Up Punch|p2a: Skarmory\n|-damage|p2a: Skarmory|83\/100\n|-boost|p1a: Metagross|atk|1\n|move|p2a: Skarmory|Whirlwind|p1a: Metagross\n|drag|p1a: Zapdos|Zapdos|100\/100\n|\n|upkeep\n|turn|11\n|\n|switch|p1a: Donphan|Donphan, M|41\/100\n|-damage|p1a: Donphan|28\/100|[from] Spikes\n|switch|p2a: Heatran|Heatran, F|82\/100\n|-damage|p2a: Heatran|70\/100|[from] Stealth Rock\n|\n|upkeep\n|turn|12\n|\n|switch|p1a: Slowbro|Slowbro, M|96\/100 brn\n|-damage|p1a: Slowbro|83\/100 brn|[from] Spikes\n|move|p2a: Heatran|Lava Plume|p1a: Slowbro\n|-resisted|p1a: Slowbro\n|-damage|p1a: Slowbro|65\/100 brn\n|\n|-damage|p1a: Slowbro|59\/100 brn|[from] brn\n|upkeep\n|turn|13\n|\n|move|p2a: Heatran|Stealth Rock|p1a: Slowbro\n|-sidestart|p1: Lef deppard|move: Stealth Rock\n|move|p1a: Slowbro|Teleport|p1a: Slowbro\n|\n|switch|p1a: Zapdos|Zapdos|100\/100|[from]move: Teleport\n|-damage|p1a: Zapdos|75\/100|[from] Stealth Rock\n|\n|-heal|p1a: Zapdos|82\/100|[from] item: Leftovers\n|upkeep\n|turn|14\n|\n|move|p2a: Heatran|Toxic|p1a: Zapdos\n|-status|p1a: Zapdos|tox\n|move|p1a: Zapdos|Discharge|p2a: Heatran\n|-damage|p2a: Heatran|43\/100\n|\n|-heal|p1a: Zapdos|88\/100 tox|[from] item: Leftovers\n|-damage|p1a: Zapdos|82\/100 tox|[from] psn\n|upkeep\n|turn|15\n|\n|move|p2a: Heatran|Lava Plume|p1a: Zapdos\n|-damage|p1a: Zapdos|50\/100 tox\n|move|p1a: Zapdos|Discharge|p2a: Heatran\n|-damage|p2a: Heatran|15\/100\n|\n|-heal|p1a: Zapdos|57\/100 tox|[from] item: Leftovers\n|-damage|p1a: Zapdos|44\/100 tox|[from] psn\n|upkeep\n|turn|16\n|\n|switch|p1a: Clefable|Clefable, F|85\/100 brn\n|move|p2a: Heatran|Lava Plume|p1a: Clefable\n|-damage|p1a: Clefable|63\/100 brn\n|\n|-heal|p1a: Clefable|69\/100 brn|[from] item: Leftovers\n|upkeep\n|turn|17\n|\n|switch|p1a: Slowbro|Slowbro, M|92\/100 brn\n|-damage|p1a: Slowbro|80\/100 brn|[from] Spikes\n|-damage|p1a: Slowbro|68\/100 brn|[from] Stealth Rock\n|move|p2a: Heatran|Taunt|p1a: Slowbro\n|-start|p1a: Slowbro|move: Taunt\n|\n|-damage|p1a: Slowbro|61\/100 brn|[from] brn\n|upkeep\n|turn|18\n|\n|switch|p1a: Zapdos|Zapdos|44\/100 tox\n|-damage|p1a: Zapdos|19\/100 tox|[from] Stealth Rock\n|move|p2a: Heatran|Lava Plume|p1a: Zapdos\n|-damage|p1a: Zapdos|0 fnt\n|faint|p1a: Zapdos\n|\n|upkeep\n|\n|switch|p1a: Metagross|Metagross-Mega|100\/100\n|-damage|p1a: Metagross|88\/100|[from] Spikes\n|-damage|p1a: Metagross|82\/100|[from] Stealth Rock\n|turn|19\n|\n|move|p1a: Metagross|Power-Up Punch|p2a: Heatran\n|-supereffective|p2a: Heatran\n|-crit|p2a: Heatran\n|-damage|p2a: Heatran|0 fnt\n|-boost|p1a: Metagross|atk|1\n|faint|p2a: Heatran\n|\n|upkeep\n|\n|switch|p2a: Skarmory|Skarmory, F|83\/100\n|-damage|p2a: Skarmory|71\/100|[from] Stealth Rock\n|turn|20\n|\n|move|p1a: Metagross|Thunder Punch|p2a: Skarmory\n|-supereffective|p2a: Skarmory\n|-damage|p2a: Skarmory|11\/100\n|move|p2a: Skarmory|Whirlwind|p1a: Metagross\n|drag|p1a: Staraptor|Staraptor, F|100\/100\n|-damage|p1a: Staraptor|76\/100|[from] Stealth Rock\n|\n|upkeep\n|turn|21\n|\n|move|p1a: Staraptor|Close Combat|p2a: Skarmory\n|-damage|p2a: Skarmory|0 fnt\n|-unboost|p1a: Staraptor|def|1\n|-unboost|p1a: Staraptor|spd|1\n|faint|p2a: Skarmory\n|\n|upkeep\n|\n|switch|p2a: Venusaur|Venusaur, M|100\/100\n|-damage|p2a: Venusaur|88\/100|[from] Stealth Rock\n|turn|22\n|inactive|Lef deppard has 120 seconds left.\n|\n|switch|p1a: Slowbro|Slowbro, M|95\/100 brn\n|-damage|p1a: Slowbro|82\/100 brn|[from] Stealth Rock\n|-damage|p1a: Slowbro|70\/100 brn|[from] Spikes\n|detailschange|p2a: Venusaur|Venusaur-Mega, M\n|-mega|p2a: Venusaur|Venusaur|Venusaurite\n|move|p2a: Venusaur|Giga Drain|p1a: Slowbro\n|-supereffective|p1a: Slowbro\n|-damage|p1a: Slowbro|9\/100 brn\n|-heal|p2a: Venusaur|100\/100|[from] drain|[of] p1a: Slowbro\n|\n|-damage|p1a: Slowbro|3\/100 brn|[from] brn\n|upkeep\n|turn|23\n|inactive|Lef deppard has 120 seconds left.\n|\n|move|p2a: Venusaur|Hidden Power|p1a: Slowbro\n|-resisted|p1a: Slowbro\n|-damage|p1a: Slowbro|0 fnt\n|faint|p1a: Slowbro\n|\n|upkeep\n|inactive|Lef deppard has 120 seconds left.\n|\n|switch|p1a: Metagross|Metagross-Mega|82\/100\n|-damage|p1a: Metagross|76\/100|[from] Stealth Rock\n|-damage|p1a: Metagross|64\/100|[from] Spikes\n|turn|24\n|\n|move|p1a: Metagross|Zen Headbutt|p2a: Venusaur\n|-supereffective|p2a: Venusaur\n|-damage|p2a: Venusaur|31\/100\n|move|p2a: Venusaur|Hidden Power|p1a: Metagross\n|-supereffective|p1a: Metagross\n|-damage|p1a: Metagross|31\/100\n|\n|upkeep\n|turn|25\n|\n|move|p1a: Metagross|Meteor Mash|p2a: Venusaur\n|-damage|p2a: Venusaur|0 fnt\n|faint|p2a: Venusaur\n|\n|upkeep\n|\n|switch|p2a: Bisharp|Bisharp, M|97\/100\n|-damage|p2a: Bisharp|91\/100|[from] Stealth Rock\n|turn|26\n|inactive|Lef deppard has 120 seconds left.\n|\n|switch|p1a: Staraptor|Staraptor, F|76\/100\n|-damage|p1a: Staraptor|51\/100|[from] Stealth Rock\n|move|p2a: Bisharp|Sucker Punch||[still]\n|-fail|p2a: Bisharp\n|\n|-heal|p2a: Bisharp|97\/100|[from] item: Leftovers\n|upkeep\n|turn|27\n|\n|switch|p2a: Keldeo|Keldeo-Resolute|100\/100\n|-damage|p2a: Keldeo|94\/100|[from] Stealth Rock\n|move|p1a: Staraptor|Close Combat|p2a: Keldeo\n|-damage|p2a: Keldeo|51\/100\n|-unboost|p1a: Staraptor|def|1\n|-unboost|p1a: Staraptor|spd|1\n|\n|-heal|p2a: Keldeo|58\/100|[from] item: Leftovers\n|upkeep\n|turn|28\n|inactive|Lef deppard has 120 seconds left.\n|\n|switch|p1a: Clefable|Clefable, F|69\/100 brn\n|move|p2a: Keldeo|Scald|p1a: Clefable\n|-damage|p1a: Clefable|41\/100 brn\n|\n|-heal|p2a: Keldeo|64\/100|[from] item: Leftovers\n|-heal|p1a: Clefable|47\/100 brn|[from] item: Leftovers\n|upkeep\n|turn|29\n|\n|switch|p2a: Bisharp|Bisharp, M|97\/100\n|-damage|p2a: Bisharp|91\/100|[from] Stealth Rock\n|move|p1a: Clefable|Moonblast|p2a: Bisharp\n|-damage|p2a: Bisharp|46\/100\n|\n|-heal|p2a: Bisharp|52\/100|[from] item: Leftovers\n|-heal|p1a: Clefable|53\/100 brn|[from] item: Leftovers\n|upkeep\n|turn|30\n|\n|move|p2a: Bisharp|Iron Head|p1a: Clefable\n|-supereffective|p1a: Clefable\n|-crit|p1a: Clefable\n|-damage|p1a: Clefable|0 fnt\n|faint|p1a: Clefable\n|\n|-heal|p2a: Bisharp|58\/100|[from] item: Leftovers\n|upkeep\n|-message|Lef deppard forfeited.\n|\n|win|Moskito Cup\n|l|\u2606Lef deppard\n|c|\u203dMoskito Cup|\/log Moskito Cup made this room public.\n","uploadtime":1593294747,"views":373,"p1id":"lefdeppard","p2id":"moskitocup","formatid":"gen8nationaldex","rating":0,"private":0,"password":null}