{"id":"gen8ou-1138060923","p1":"just testing dmm","p2":"Goootzinho","format":"gen8ou","log":"|j|\u2606just testing dmm\n|j|\u2606Goootzinho\n|player|p1|just testing dmm|2|1461\n|player|p2|Goootzinho|galacticgrunt|1487\n|teamsize|p1|6\n|teamsize|p2|6\n|gametype|singles\n|gen|8\n|tier|[Gen 8] OU\n|rated|\n|clearpoke\n|poke|p1|Magearna|\n|poke|p1|Marowak-Alola, M|\n|poke|p1|Hatterene, F|\n|poke|p1|Bronzong|\n|poke|p1|Sirfetch\u2019d, F|\n|poke|p1|Crawdaunt, F|\n|poke|p2|Druddigon, F|\n|poke|p2|Klefki, M|\n|poke|p2|Magearna-Original|\n|poke|p2|Urshifu-*, M|\n|poke|p2|Rillaboom, F|\n|poke|p2|Hawlucha, M|\n|rule|Sleep Clause Mod: Limit one foe put to sleep\n|rule|Species Clause: Limit one of each Pok\u00e9mon\n|rule|OHKO Clause: OHKO moves are banned\n|rule|Evasion Moves Clause: Evasion moves are banned\n|rule|Endless Battle Clause: Forcing endless battles is banned\n|rule|HP Percentage Mod: HP is shown in percentages\n|rule|Dynamax Clause: You cannot dynamax\n|teampreview\n|inactive|Battle timer is ON: inactive players will automatically lose when time's up. (requested by just testing dmm)\n|\n|start\n|switch|p1a: Crawdaunt|Crawdaunt, F|100\/100\n|switch|p2a: Klefki|Klefki, M|100\/100\n|turn|1\n|\n|switch|p2a: Rillaboom|Rillaboom, F|100\/100\n|-fieldstart|move: Grassy Terrain|[from] ability: Grassy Surge|[of] p2a: Rillaboom\n|move|p1a: Crawdaunt|Knock Off|p2a: Rillaboom\n|-damage|p2a: Rillaboom|0 fnt\n|-enditem|p2a: Rillaboom|Life Orb|[from] move: Knock Off|[of] p1a: Crawdaunt\n|faint|p2a: Rillaboom\n|\n|upkeep\n|c|\u2606just testing dmm|i wanted to knock off the light clay\n|\n|switch|p2a: Hawlucha|Hawlucha, M|100\/100\n|-enditem|p2a: Hawlucha|Grassy Seed\n|-boost|p2a: Hawlucha|def|1|[from] item: Grassy Seed\n|turn|2\n|c|\u2606Goootzinho|cool\n|\n|switch|p1a: Bronzong|Bronzong|100\/100\n|move|p2a: Hawlucha|Swords Dance|p2a: Hawlucha\n|-boost|p2a: Hawlucha|atk|2\n|\n|upkeep\n|turn|3\n|inactive|Goootzinho has 120 seconds left.\n|\n|move|p2a: Hawlucha|Taunt|p1a: Bronzong\n|-start|p1a: Bronzong|move: Taunt\n|-enditem|p1a: Bronzong|Mental Herb\n|-end|p1a: Bronzong|move: Taunt\n|move|p1a: Bronzong|Trick Room|p1a: Bronzong\n|-fieldstart|move: Trick Room|[of] p1a: Bronzong\n|\n|upkeep\n|turn|4\n|c|\u2606just testing dmm|oh wait i didn't know u were gay\n|inactive|Goootzinho has 120 seconds left.\n|c|\u2606just testing dmm|my bad\n|c|\u2606Goootzinho|reported\n|c|\u2606just testing dmm|?\n|c|\u2606just testing dmm|sure lmao\n|inactive|Goootzinho has 90 seconds left.\n|\n|move|p1a: Bronzong|Gyro Ball|p2a: Hawlucha\n|-damage|p2a: Hawlucha|56\/100\n|move|p2a: Hawlucha|Close Combat|p1a: Bronzong\n|-damage|p1a: Bronzong|27\/100\n|-unboost|p2a: Hawlucha|def|1\n|-unboost|p2a: Hawlucha|spd|1\n|\n|upkeep\n|turn|5\n|\n|move|p1a: Bronzong|Stealth Rock|p2a: Hawlucha\n|-sidestart|p2: Goootzinho|move: Stealth Rock\n|move|p2a: Hawlucha|Close Combat|p1a: Bronzong\n|-damage|p1a: Bronzong|0 fnt\n|-unboost|p2a: Hawlucha|def|1\n|-unboost|p2a: Hawlucha|spd|1\n|faint|p1a: Bronzong\n|\n|-fieldend|move: Grassy Terrain\n|upkeep\n|\n|switch|p1a: Sirfetch\u2019d|Sirfetch\u2019d, F|100\/100\n|turn|6\n|\n|move|p1a: Sirfetch\u2019d|Close Combat|p2a: Hawlucha\n|-resisted|p2a: Hawlucha\n|-damage|p2a: Hawlucha|0 fnt\n|-unboost|p1a: Sirfetch\u2019d|def|1\n|-unboost|p1a: Sirfetch\u2019d|spd|1\n|faint|p2a: Hawlucha\n|\n|upkeep\n|j|@Aethernum\n|\n|switch|p2a: Klefki|Klefki, M|100\/100\n|-damage|p2a: Klefki|95\/100|[from] Stealth Rock\n|turn|7\n|\n|move|p2a: Klefki|Switcheroo|p1a: Sirfetch\u2019d\n|-activate|p2a: Klefki|move: Trick|[of] p1a: Sirfetch\u2019d\n|-item|p1a: Sirfetch\u2019d|Choice Specs|[from] move: Switcheroo\n|-item|p2a: Klefki|Choice Band|[from] move: Switcheroo\n|move|p1a: Sirfetch\u2019d|Close Combat|p2a: Klefki\n|-damage|p2a: Klefki|6\/100\n|-unboost|p1a: Sirfetch\u2019d|def|1\n|-unboost|p1a: Sirfetch\u2019d|spd|1\n|\n|-fieldend|move: Trick Room\n|upkeep\n|turn|8\n|c|@Aethernum|\/log just testing dmm was warned by Aethernum. (don't use gay as an insult)\n|unlink|justtestingdmm\n|\n|switch|p1a: Magearna|Magearna|100\/100\n|move|p2a: Klefki|Spikes|p1a: Magearna\n|-sidestart|p1: just testing dmm|Spikes\n|\n|upkeep\n|turn|9\n|\n|switch|p2a: Druddigon|Druddigon, F|100\/100\n|-damage|p2a: Druddigon|88\/100|[from] Stealth Rock\n|move|p1a: Magearna|Trick Room|p1a: Magearna\n|-fieldstart|move: Trick Room|[of] p1a: Magearna\n|\n|upkeep\n|turn|10\n|\n|move|p1a: Magearna|Fleur Cannon|p2a: Druddigon\n|-supereffective|p2a: Druddigon\n|-damage|p2a: Druddigon|0 fnt\n|-unboost|p1a: Magearna|spa|2\n|faint|p2a: Druddigon\n|-ability|p1a: Magearna|Soul-Heart|boost\n|-boost|p1a: Magearna|spa|1\n|\n|upkeep\n|\n|switch|p2a: Klefki|Klefki, M|6\/100\n|-damage|p2a: Klefki|0 fnt|[from] Stealth Rock\n|faint|p2a: Klefki\n|-ability|p1a: Magearna|Soul-Heart|boost\n|-boost|p1a: Magearna|spa|1\n|\n|switch|p2a: Magearna|Magearna-Original|100\/100\n|-damage|p2a: Magearna|94\/100|[from] Stealth Rock\n|turn|11\n|\n|move|p1a: Magearna|Thunderbolt|p2a: Magearna\n|-damage|p2a: Magearna|64\/100\n|move|p2a: Magearna|Calm Mind|p2a: Magearna\n|-boost|p2a: Magearna|spa|1\n|-boost|p2a: Magearna|spd|1\n|\n|-heal|p2a: Magearna|70\/100|[from] item: Leftovers\n|upkeep\n|turn|12\n|\n|move|p1a: Magearna|Thunderbolt|p2a: Magearna\n|-damage|p2a: Magearna|52\/100\n|move|p2a: Magearna|Calm Mind|p2a: Magearna\n|-boost|p2a: Magearna|spa|1\n|-boost|p2a: Magearna|spd|1\n|\n|-heal|p2a: Magearna|58\/100|[from] item: Leftovers\n|upkeep\n|turn|13\n|\n|move|p1a: Magearna|Thunderbolt|p2a: Magearna\n|-damage|p2a: Magearna|45\/100\n|move|p2a: Magearna|Calm Mind|p2a: Magearna\n|-boost|p2a: Magearna|spa|1\n|-boost|p2a: Magearna|spd|1\n|\n|-heal|p2a: Magearna|51\/100|[from] item: Leftovers\n|-fieldend|move: Trick Room\n|upkeep\n|turn|14\n|\n|move|p2a: Magearna|Aura Sphere|p1a: Magearna\n|-damage|p1a: Magearna|55\/100\n|move|p1a: Magearna|Trick Room|p1a: Magearna\n|-fieldstart|move: Trick Room|[of] p1a: Magearna\n|\n|-heal|p2a: Magearna|57\/100|[from] item: Leftovers\n|upkeep\n|turn|15\n|\n|switch|p1a: Marowak|Marowak-Alola, M|100\/100\n|-damage|p1a: Marowak|88\/100|[from] Spikes\n|move|p2a: Magearna|Calm Mind|p2a: Magearna\n|-boost|p2a: Magearna|spa|1\n|-boost|p2a: Magearna|spd|1\n|\n|-heal|p2a: Magearna|63\/100|[from] item: Leftovers\n|upkeep\n|turn|16\n|\n|move|p1a: Marowak|Flare Blitz|p2a: Magearna\n|-supereffective|p2a: Magearna\n|-damage|p2a: Magearna|0 fnt\n|-damage|p1a: Marowak|65\/100|[from] Recoil\n|faint|p2a: Magearna\n|\n|upkeep\n|\n|switch|p2a: Urshifu|Urshifu, M|100\/100\n|-damage|p2a: Urshifu|94\/100|[from] Stealth Rock\n|turn|17\n|\n|move|p1a: Marowak|Flare Blitz|p2a: Urshifu\n|-damage|p2a: Urshifu|0 fnt\n|-damage|p1a: Marowak|32\/100|[from] Recoil\n|faint|p2a: Urshifu\n|\n|win|just testing dmm\n|l|\u2606Goootzinho\n||Ladder (probably) updated, but score could not be retrieved (Request timeout).\n","uploadtime":1592921999,"views":7,"p1id":"justtestingdmm","p2id":"goootzinho","formatid":"gen8ou","rating":0,"private":0,"password":null}