{"id":"gen8sharedpower-1655811091","p1":"Pigwarrior","p2":"Meracx","format":"gen8sharedpower","log":"|j|\u2606Pigwarrior\n|j|\u2606Meracx\n|inactive|Battle timer is ON: inactive players will automatically lose when time's up.\n|t:|1662290659\n|gametype|singles\n|player|p1|Pigwarrior|hooligans|\n|player|p2|Meracx|thorton|\n|teamsize|p1|5\n|teamsize|p2|5\n|gen|8\n|tier|[Gen 8] Shared Power\n|rated|Tournament battle\n|rule|Species Clause: Limit one of each Pok\u00e9mon\n|rule|OHKO Clause: OHKO moves are banned\n|rule|Evasion Moves Clause: Evasion moves are banned\n|rule|Endless Battle Clause: Forcing endless battles is banned\n|rule|Dynamax Clause: You cannot dynamax\n|rule|HP Percentage Mod: HP is shown in percentages\n|rule|Sleep Clause Mod: Limit one foe put to sleep\n|clearpoke\n|poke|p1|Vanillish, F|\n|poke|p1|Blastoise, F|\n|poke|p1|Drapion, M|\n|poke|p1|Cinderace, F|\n|poke|p1|Manectric, F|\n|poke|p2|Aromatisse, M|\n|poke|p2|Porygon-Z|\n|poke|p2|Magmortar, F|\n|poke|p2|Araquanid, M|\n|poke|p2|Salamence, M|\n|teampreview\n|j|*Lady Monita\n|inactive|Pigwarrior also wants the timer to be on.\n|c|\u2606Meracx|hf\n|c|\u2606Pigwarrior|gl hf\n|\n|t:|1662290672\n|start\n|switch|p1a: Manectric|Manectric, F|100\/100\n|switch|p2a: Porygon-Z|Porygon-Z|100\/100\n|turn|1\n|\n|t:|1662290677\n|move|p1a: Manectric|Switcheroo|p2a: Porygon-Z\n|-activate|p1a: Manectric|move: Trick|[of] p2a: Porygon-Z\n|-item|p2a: Porygon-Z|Choice Scarf|[from] move: Switcheroo\n|-item|p1a: Manectric|Choice Scarf|[from] move: Switcheroo\n|move|p2a: Porygon-Z|Tri Attack|p1a: Manectric\n|-damage|p1a: Manectric|0 fnt\n|faint|p1a: Manectric\n|\n|upkeep\n|\n|t:|1662290683\n|switch|p1a: Vanillish|Vanillish, F|100\/100\n|turn|2\n|\n|t:|1662290689\n|move|p2a: Porygon-Z|Tri Attack|p1a: Vanillish\n|-damage|p1a: Vanillish|31\/100\n|move|p1a: Vanillish|Mirror Coat|p2a: Porygon-Z\n|-damage|p2a: Porygon-Z|0 fnt\n|faint|p2a: Porygon-Z\n|\n|upkeep\n|\n|t:|1662290695\n|switch|p2a: Araquanid|Araquanid, M|100\/100\n|turn|3\n|j| jfebhjbeebhjf\n|\n|t:|1662290702\n|move|p1a: Vanillish|Explosion|p2a: Araquanid\n|-damage|p2a: Araquanid|59\/100\n|faint|p1a: Vanillish\n|move|p2a: Araquanid|Sticky Web|p1: Vanillish\n|-sidestart|p1: Pigwarrior|move: Sticky Web\n|\n|upkeep\n|j| Chickenfreeze\n|\n|t:|1662290713\n|switch|p1a: Blastoise|Blastoise, F|100\/100\n|-activate|p1a: Blastoise|move: Sticky Web\n|-unboost|p1a: Blastoise|spe|1\n|-enditem|p1a: Blastoise|White Herb\n|-clearnegativeboost|p1a: Blastoise|[silent]\n|turn|4\n|\n|t:|1662290723\n|move|p1a: Blastoise|Substitute|p1a: Blastoise\n|-start|p1a: Blastoise|Substitute\n|-damage|p1a: Blastoise|76\/100\n|move|p2a: Araquanid|Leech Life|p1a: Blastoise\n|-end|p1a: Blastoise|Substitute\n|-heal|p2a: Araquanid|70\/100|[from] drain|[of] p1a: Blastoise\n|\n|upkeep\n|turn|5\n|\n|t:|1662290733\n|move|p1a: Blastoise|Dark Pulse|p2a: Araquanid\n|-damage|p2a: Araquanid|52\/100\n|move|p2a: Araquanid|Leech Life|p1a: Blastoise\n|-damage|p1a: Blastoise|30\/100\n|-heal|p2a: Araquanid|73\/100|[from] drain|[of] p1a: Blastoise\n|-ability|p1a: Blastoise|Weak Armor|boost\n|-unboost|p1a: Blastoise|def|1\n|-boost|p1a: Blastoise|spe|2\n|\n|upkeep\n|turn|6\n|\n|t:|1662290740\n|move|p1a: Blastoise|Dark Pulse|p2a: Araquanid\n|-damage|p2a: Araquanid|53\/100\n|move|p2a: Araquanid|Leech Life|p1a: Blastoise\n|-damage|p1a: Blastoise|0 fnt\n|-heal|p2a: Araquanid|66\/100|[from] drain|[of] p1a: Blastoise\n|faint|p1a: Blastoise\n|\n|upkeep\n|\n|t:|1662290743\n|switch|p1a: Cinderace|Cinderace, F|100\/100\n|turn|7\n|\n|t:|1662290750\n|move|p1a: Cinderace|Gunk Shot|p2a: Araquanid\n|-damage|p2a: Araquanid|30\/100\n|move|p2a: Araquanid|Liquidation|p1a: Cinderace\n|-supereffective|p1a: Cinderace\n|-damage|p1a: Cinderace|0 fnt\n|faint|p1a: Cinderace\n|\n|upkeep\n|\n|t:|1662290753\n|switch|p1a: Drapion|Drapion, M|100\/100\n|-activate|p1a: Drapion|move: Sticky Web\n|-unboost|p1a: Drapion|spe|1\n|turn|8\n|\n|t:|1662290757\n|move|p1a: Drapion|Knock Off|p2a: Araquanid\n|-damage|p2a: Araquanid|0 fnt\n|-enditem|p2a: Araquanid|Custap Berry|[from] move: Knock Off|[of] p1a: Drapion\n|faint|p2a: Araquanid\n|\n|upkeep\n|c| Chickenfreeze|yooo, aqua tail salamence maybe\n|\n|t:|1662290765\n|switch|p2a: Magmortar|Magmortar, F|100\/100\n|turn|9\n|l| jfebhjbeebhjf\n|j| Dragon Slayer Ash\n|\n|t:|1662290770\n|move|p2a: Magmortar|Overheat|p1a: Drapion\n|-damage|p1a: Drapion|0 fnt\n|-unboost|p2a: Magmortar|spa|2\n|-enditem|p2a: Magmortar|White Herb\n|-clearnegativeboost|p2a: Magmortar|[silent]\n|faint|p1a: Drapion\n|\n|win|Meracx\n|n|\u2606Pigwarrior|pigwarrior\n|n|\u2606Meracx|meracx\n|n|*Lady Monita|ladymonita\n|n| Chickenfreeze|chickenfreeze\n|n| Dragon Slayer Ash|dragonslayerash\n","uploadtime":1662290771,"views":7,"p1id":"pigwarrior","p2id":"meracx","formatid":"gen8sharedpower","rating":0,"private":0,"password":null}