{"id":"gen8vgc2022-1537711275","p1":"lothlorien2000","p2":"PokeDa","format":"gen8vgc2022","log":"|j|\u2606lothlorien2000\n|j|\u2606PokeDa\n|t:|1648130869\n|gametype|doubles\n|player|p1|lothlorien2000|steven|\n|player|p2|PokeDa|266|\n|teamsize|p1|6\n|teamsize|p2|6\n|gen|8\n|tier|[Gen 8] VGC 2022\n|rule|Species Clause: Limit one of each Pok\u00e9mon\n|rule|Item Clause: Limit one of each item\n|clearpoke\n|poke|p1|Kyogre, L50|\n|poke|p1|Ferrothorn, L50, F|\n|poke|p1|Grimmsnarl, L50, M|\n|poke|p1|Zapdos, L50|\n|poke|p1|Incineroar, L50, F|\n|poke|p1|Seismitoad, L50, M|\n|poke|p2|Xerneas-*, L50|\n|poke|p2|Landorus-Therian, L50, M|\n|poke|p2|Amoonguss, L50, M|\n|poke|p2|Lapras, L50, F|\n|poke|p2|Incineroar, L50, M|\n|poke|p2|Rotom-Heat, L50|\n|teampreview|4\n|c|\u2606lothlorien2000|%\u25d5\u203f\u203f\u25d5%\n|\n|t:|1648130950\n|start\n|switch|p1a: Grimmsnarl|Grimmsnarl, L50, M|100\/100\n|switch|p1b: Kyogre|Kyogre, L50|100\/100\n|switch|p2a: Incineroar|Incineroar, L50, M|100\/100\n|switch|p2b: Lapras|Lapras, L50, F|100\/100\n|-weather|RainDance|[from] ability: Drizzle|[of] p1b: Kyogre\n|-ability|p2a: Incineroar|Intimidate|boost\n|-unboost|p1a: Grimmsnarl|atk|1\n|-unboost|p1b: Kyogre|atk|1\n|turn|1\n|\n|t:|1648130989\n|-start|p1b: Kyogre|Dynamax\n|-heal|p1b: Kyogre|100\/100|[silent]\n|-start|p2b: Lapras|Dynamax\n|-formechange|p2b: Lapras|Lapras-Gmax\n|-heal|p2b: Lapras|100\/100|[silent]\n|move|p2a: Incineroar|Fake Out|p1a: Grimmsnarl\n|-damage|p1a: Grimmsnarl|89\/100\n|cant|p1a: Grimmsnarl|flinch\n|move|p1b: Kyogre|Max Geyser|p2a: Incineroar\n|-supereffective|p2a: Incineroar\n|-damage|p2a: Incineroar|0 fnt\n|faint|p2a: Incineroar\n|move|p2b: Lapras|Max Geyser|p1a: Grimmsnarl\n|-damage|p1a: Grimmsnarl|18\/100\n|\n|-weather|RainDance|[upkeep]\n|upkeep\n|\n|t:|1648131008\n|switch|p2a: Xerneas|Xerneas, L50|100\/100\n|-ability|p2a: Xerneas|Fairy Aura\n|turn|2\n|l|\u2606lothlorien2000\n|player|p1|\n|j|\u2606lothlorien2000\n|player|p1|lothlorien2000|steven\n|\n|t:|1648131054\n|move|p2a: Xerneas|Protect|p2a: Xerneas\n|-singleturn|p2a: Xerneas|Protect\n|move|p1a: Grimmsnarl|Scary Face|p2a: Xerneas\n|-activate|p2a: Xerneas|move: Protect\n|move|p1b: Kyogre|Max Geyser|p2a: Xerneas\n|-zbroken|p2a: Xerneas\n|-damage|p2a: Xerneas|76\/100\n|move|p2b: Lapras|G-Max Resonance|p1a: Grimmsnarl\n|-damage|p1a: Grimmsnarl|0 fnt\n|-sidestart|p2: PokeDa|move: Aurora Veil\n|faint|p1a: Grimmsnarl\n|\n|-weather|RainDance|[upkeep]\n|upkeep\n|\n|t:|1648131066\n|switch|p1a: Seismitoad|Seismitoad, L50, M|100\/100\n|turn|3\n|\n|t:|1648131112\n|move|p1a: Seismitoad|Liquidation|p2a: Xerneas\n|-damage|p2a: Xerneas|32\/100\n|-damage|p1a: Seismitoad|91\/100|[from] item: Life Orb\n|move|p2a: Xerneas|Geomancy||[still]\n|-prepare|p2a: Xerneas|Geomancy\n|-enditem|p2a: Xerneas|Power Herb\n|-anim|p2a: Xerneas|Geomancy|p2a: Xerneas\n|-boost|p2a: Xerneas|spa|2\n|-boost|p2a: Xerneas|spd|2\n|-boost|p2a: Xerneas|spe|2\n|move|p1b: Kyogre|Max Geyser|p2a: Xerneas\n|-damage|p2a: Xerneas|0 fnt\n|faint|p2a: Xerneas\n|move|p2b: Lapras|Max Geyser|p1a: Seismitoad\n|-damage|p1a: Seismitoad|0 fnt\n|faint|p1a: Seismitoad\n|\n|-weather|RainDance|[upkeep]\n|-end|p1b: Kyogre|Dynamax\n|-heal|p1b: Kyogre|100\/100|[silent]\n|-end|p2b: Lapras|Dynamax\n|-formechange|p2b: Lapras|Lapras\n|-heal|p2b: Lapras|100\/100|[silent]\n|upkeep\n|\n|t:|1648131126\n|switch|p2a: Rotom|Rotom-Heat, L50|100\/100\n|switch|p1a: Ferrothorn|Ferrothorn, L50, F|100\/100\n|turn|4\n|\n|t:|1648131143\n|move|p2a: Rotom|Protect|p2a: Rotom\n|-singleturn|p2a: Rotom|Protect\n|move|p1b: Kyogre|Origin Pulse|p2b: Lapras|[spread] \n|-activate|p2a: Rotom|move: Protect\n|-immune|p2b: Lapras|[from] ability: Water Absorb\n|move|p2b: Lapras|Freeze-Dry|p1b: Kyogre\n|-supereffective|p1b: Kyogre\n|-damage|p1b: Kyogre|76\/100\n|move|p1a: Ferrothorn|Leech Seed|p2a: Rotom\n|-activate|p2a: Rotom|move: Protect\n|\n|-weather|RainDance|[upkeep]\n|upkeep\n|turn|5\n|\n|t:|1648131162\n|move|p2a: Rotom|Protect|p2a: Rotom\n|-singleturn|p2a: Rotom|Protect\n|move|p1b: Kyogre|Origin Pulse|p2a: Rotom|[spread] \n|-activate|p2a: Rotom|move: Protect\n|-immune|p2b: Lapras|[from] ability: Water Absorb\n|move|p2b: Lapras|Freeze-Dry|p1b: Kyogre\n|-supereffective|p1b: Kyogre\n|-damage|p1b: Kyogre|51\/100\n|move|p1a: Ferrothorn|Leech Seed|p2a: Rotom\n|-activate|p2a: Rotom|move: Protect\n|\n|-weather|none\n|upkeep\n|turn|6\n|\n|t:|1648131174\n|move|p1a: Ferrothorn|Protect|p1a: Ferrothorn\n|-singleturn|p1a: Ferrothorn|Protect\n|move|p1b: Kyogre|Origin Pulse|p2b: Lapras|[spread] p2a\n|-immune|p2b: Lapras|[from] ability: Water Absorb\n|-supereffective|p2a: Rotom\n|-damage|p2a: Rotom|23\/100\n|move|p2a: Rotom|Overheat|p1a: Ferrothorn\n|-activate|p1a: Ferrothorn|move: Protect\n|move|p2b: Lapras|Freeze-Dry|p1b: Kyogre\n|-supereffective|p1b: Kyogre\n|-damage|p1b: Kyogre|28\/100\n|-status|p1b: Kyogre|frz\n|\n|upkeep\n|turn|7\n|c|\u2606PokeDa|\u3002\n|\n|t:|1648131193\n|-curestatus|p1b: Kyogre|frz|[msg]\n|move|p1b: Kyogre|Thunder|p2b: Lapras\n|-supereffective|p2b: Lapras\n|-damage|p2b: Lapras|50\/100\n|move|p2a: Rotom|Overheat|p1a: Ferrothorn\n|-supereffective|p1a: Ferrothorn\n|-damage|p1a: Ferrothorn|0 fnt\n|-unboost|p2a: Rotom|spa|2\n|faint|p1a: Ferrothorn\n|move|p2b: Lapras|Freeze-Dry|p1b: Kyogre\n|-supereffective|p1b: Kyogre\n|-damage|p1b: Kyogre|4\/100\n|\n|upkeep\n|turn|8\n|-message|lothlorien2000 forfeited.\n|\n|win|PokeDa\n","uploadtime":1648131253,"views":45,"p1id":"lothlorien2000","p2id":"pokeda","formatid":"gen8vgc2022","rating":0,"private":0,"password":null}