{"id":"gen8ou-1675851753","p1":"Down$hift","p2":"Chipstofer skylark","format":"gen8ou","log":"|j|\u2606Down$hift\n|j|\u2606Chipstofer skylark\n|t:|1664729837\n|gametype|singles\n|player|p1|Down$hift|teamrocket|1684\n|player|p2|Chipstofer skylark|byron|1760\n|teamsize|p1|6\n|teamsize|p2|6\n|gen|8\n|tier|[Gen 8] OU\n|rated|\n|rule|Sleep Clause Mod: Limit one foe put to sleep\n|rule|Species Clause: Limit one of each Pok\u00e9mon\n|rule|OHKO Clause: OHKO moves are banned\n|rule|Evasion Items Clause: Evasion items are banned\n|rule|Evasion Moves Clause: Evasion moves are banned\n|rule|Endless Battle Clause: Forcing endless battles is banned\n|rule|HP Percentage Mod: HP is shown in percentages\n|rule|Dynamax Clause: You cannot dynamax\n|clearpoke\n|poke|p1|Regigigas|\n|poke|p1|Weezing-Galar, F|\n|poke|p1|Landorus-Therian, M|\n|poke|p1|Dragapult, F|\n|poke|p1|Slowbro, F|\n|poke|p1|Tapu Lele|\n|poke|p2|Ferrothorn, M|\n|poke|p2|Heatran, M|\n|poke|p2|Dragonite, F|\n|poke|p2|Zapdos|\n|poke|p2|Garchomp, F|\n|poke|p2|Swampert, M|\n|teampreview\n|c|\u2606Down$hift|hf\n|c|\u2606Chipstofer skylark|Oh shit\n|c|\u2606Chipstofer skylark|Is that\n|c|\u2606Chipstofer skylark|Regigigas?\n|\n|t:|1664729856\n|start\n|switch|p1a: Dimmadome|Weezing-Galar, F|100\/100\n|switch|p2a: Dragonite|Dragonite, F|100\/100\n|turn|1\n|j| regret abounds\n|\n|t:|1664729864\n|move|p2a: Dragonite|Flamethrower|p1a: Dimmadome\n|-damage|p1a: Dimmadome|63\/100\n|move|p1a: Dimmadome|Strange Steam|p2a: Dragonite\n|-supereffective|p2a: Dragonite\n|-damage|p2a: Dragonite|75\/100\n|-start|p2a: Dragonite|confusion\n|\n|upkeep\n|turn|2\n|\n|t:|1664729870\n|switch|p2a: Ferrothorn|Ferrothorn, M|100\/100\n|move|p1a: Dimmadome|Will-O-Wisp|p2a: Ferrothorn\n|-status|p2a: Ferrothorn|brn\n|\n|-damage|p2a: Ferrothorn|94\/100 brn|[from] brn\n|upkeep\n|turn|3\n|\n|t:|1664729874\n|switch|p1a: BIacephaIon|Regigigas, shiny|100\/100\n|-start|p1a: BIacephaIon|ability: Slow Start\n|switch|p2a: Heatran|Heatran, M|100\/100\n|\n|upkeep\n|turn|4\n|\n|t:|1664729880\n|move|p2a: Heatran|Eruption|p1a: BIacephaIon\n|-damage|p1a: BIacephaIon|54\/100\n|move|p1a: BIacephaIon|Knock Off|p2a: Heatran\n|-damage|p2a: Heatran|84\/100\n|-enditem|p2a: Heatran|Focus Sash|[from] move: Knock Off|[of] p1a: BIacephaIon\n|\n|-heal|p1a: BIacephaIon|60\/100|[from] item: Leftovers\n|upkeep\n|turn|5\n|\n|t:|1664729890\n|-end|p1a: BIacephaIon|Slow Start|[silent]\n|switch|p1a: ur slow|Slowbro, F|100\/100\n|move|p2a: Heatran|Eruption|p1a: ur slow\n|-resisted|p1a: ur slow\n|-damage|p1a: ur slow|77\/100\n|\n|upkeep\n|turn|6\n|\n|t:|1664729896\n|switch|p2a: Dragonite|Dragonite, F|75\/100\n|move|p1a: ur slow|Future Sight|p2a: Dragonite\n|-start|p1a: ur slow|move: Future Sight\n|\n|upkeep\n|turn|7\n|\n|t:|1664729899\n|move|p2a: Dragonite|Thunderbolt|p1a: ur slow\n|-supereffective|p1a: ur slow\n|-damage|p1a: ur slow|36\/100\n|move|p1a: ur slow|Teleport|p1a: ur slow\n|\n|t:|1664729902\n|switch|p1a: Canned Calamari|Tapu Lele|100\/100|[from]move: Teleport\n|-fieldstart|move: Psychic Terrain|[from] ability: Psychic Surge|[of] p1a: Canned Calamari\n|\n|upkeep\n|turn|8\n|\n|t:|1664729905\n|move|p1a: Canned Calamari|Psychic|p2a: Dragonite\n|-damage|p2a: Dragonite|0 fnt\n|faint|p2a: Dragonite\n|\n|-hint|Future Sight did not hit because the target is fainted.\n|upkeep\n|\n|t:|1664729908\n|switch|p2a: Ferrothorn|Ferrothorn, M|94\/100 brn\n|turn|9\n|\n|t:|1664729913\n|switch|p1a: BIacephaIon|Regigigas, shiny|60\/100\n|-start|p1a: BIacephaIon|ability: Slow Start\n|move|p2a: Ferrothorn|Stealth Rock|p1a: BIacephaIon\n|-sidestart|p1: Down$hift|move: Stealth Rock\n|\n|-heal|p1a: BIacephaIon|66\/100|[from] item: Leftovers\n|-heal|p2a: Ferrothorn|100\/100 brn|[from] item: Leftovers\n|-damage|p2a: Ferrothorn|94\/100 brn|[from] brn\n|upkeep\n|turn|10\n|\n|t:|1664729916\n|move|p1a: BIacephaIon|Knock Off|p2a: Ferrothorn\n|-damage|p2a: Ferrothorn|85\/100 brn\n|-damage|p1a: BIacephaIon|53\/100|[from] ability: Iron Barbs|[of] p2a: Ferrothorn\n|-enditem|p2a: Ferrothorn|Leftovers|[from] move: Knock Off|[of] p1a: BIacephaIon\n|move|p2a: Ferrothorn|Toxic|p1a: BIacephaIon|[miss]\n|-miss|p2a: Ferrothorn|p1a: BIacephaIon\n|\n|-heal|p1a: BIacephaIon|59\/100|[from] item: Leftovers\n|-damage|p2a: Ferrothorn|79\/100 brn|[from] brn\n|upkeep\n|turn|11\n|\n|t:|1664729920\n|-end|p1a: BIacephaIon|Slow Start|[silent]\n|switch|p1a: Dimmadome|Weezing-Galar, F|63\/100\n|-damage|p1a: Dimmadome|51\/100|[from] Stealth Rock\n|move|p2a: Ferrothorn|Leech Seed|p1a: Dimmadome\n|-start|p1a: Dimmadome|move: Leech Seed\n|\n|-damage|p1a: Dimmadome|39\/100|[from] Leech Seed|[of] p2a: Ferrothorn\n|-heal|p2a: Ferrothorn|91\/100 brn|[silent]\n|-damage|p2a: Ferrothorn|84\/100 brn|[from] brn\n|-fieldend|move: Psychic Terrain\n|upkeep\n|turn|12\n|\n|t:|1664729923\n|switch|p2a: Swampert|Swampert, M|100\/100\n|move|p1a: Dimmadome|Defog|p2a: Swampert\n|-unboost|p2a: Swampert|evasion|1\n|-sideend|p1: Down$hift|Stealth Rock|[from] move: Defog|[of] p1a: Dimmadome\n|\n|-damage|p1a: Dimmadome|27\/100|[from] Leech Seed|[of] p2a: Swampert\n|upkeep\n|turn|13\n|\n|t:|1664729928\n|move|p1a: Dimmadome|Pain Split|p2a: Swampert\n|-sethp|p2a: Swampert|61\/100|[from] move: Pain Split|[silent]\n|-sethp|p1a: Dimmadome|74\/100|[from] move: Pain Split\n|move|p2a: Swampert|Waterfall|p1a: Dimmadome\n|-damage|p1a: Dimmadome|49\/100\n|-damage|p2a: Swampert|45\/100|[from] item: Rocky Helmet|[of] p1a: Dimmadome\n|\n|-heal|p2a: Swampert|51\/100|[from] item: Leftovers\n|-damage|p1a: Dimmadome|37\/100|[from] Leech Seed|[of] p2a: Swampert\n|-heal|p2a: Swampert|61\/100|[silent]\n|upkeep\n|turn|14\n|\n|t:|1664729938\n|switch|p1a: Canned Calamari|Tapu Lele|100\/100\n|-fieldstart|move: Psychic Terrain|[from] ability: Psychic Surge|[of] p1a: Canned Calamari\n|move|p2a: Swampert|Bulk Up|p2a: Swampert\n|-boost|p2a: Swampert|atk|1\n|-boost|p2a: Swampert|def|1\n|\n|-heal|p2a: Swampert|67\/100|[from] item: Leftovers\n|upkeep\n|turn|15\n|\n|t:|1664729941\n|move|p1a: Canned Calamari|Psychic|p2a: Swampert\n|-damage|p2a: Swampert|0 fnt\n|faint|p2a: Swampert\n|\n|upkeep\n|\n|t:|1664729943\n|switch|p2a: Heatran|Heatran, M|84\/100\n|turn|16\n|\n|t:|1664729950\n|switch|p1a: ur slow|Slowbro, F|69\/100\n|move|p2a: Heatran|Flash Cannon|p1a: ur slow\n|-resisted|p1a: ur slow\n|-damage|p1a: ur slow|55\/100\n|\n|upkeep\n|turn|17\n|\n|t:|1664729953\n|switch|p2a: Ferrothorn|Ferrothorn, M|84\/100 brn\n|move|p1a: ur slow|Slack Off|p1a: ur slow\n|-heal|p1a: ur slow|100\/100\n|\n|-damage|p2a: Ferrothorn|78\/100 brn|[from] brn\n|upkeep\n|turn|18\n|\n|t:|1664729960\n|switch|p1a: Dimmadome|Weezing-Galar, F|37\/100\n|move|p2a: Ferrothorn|Stealth Rock|p1a: Dimmadome\n|-sidestart|p1: Down$hift|move: Stealth Rock\n|\n|-damage|p2a: Ferrothorn|72\/100 brn|[from] brn\n|-fieldend|move: Psychic Terrain\n|upkeep\n|turn|19\n|\n|t:|1664729966\n|move|p1a: Dimmadome|Defog|p2a: Ferrothorn\n|-unboost|p2a: Ferrothorn|evasion|1\n|-sideend|p1: Down$hift|Stealth Rock|[from] move: Defog|[of] p1a: Dimmadome\n|move|p2a: Ferrothorn|Leech Seed|p1a: Dimmadome\n|-start|p1a: Dimmadome|move: Leech Seed\n|\n|-damage|p1a: Dimmadome|25\/100|[from] Leech Seed|[of] p2a: Ferrothorn\n|-heal|p2a: Ferrothorn|83\/100 brn|[silent]\n|-damage|p2a: Ferrothorn|77\/100 brn|[from] brn\n|upkeep\n|turn|20\n|\n|t:|1664729971\n|move|p1a: Dimmadome|Pain Split|p2a: Ferrothorn\n|-sethp|p2a: Ferrothorn|50\/100 brn|[from] move: Pain Split|[silent]\n|-sethp|p1a: Dimmadome|53\/100|[from] move: Pain Split\n|move|p2a: Ferrothorn|Stealth Rock|p1a: Dimmadome\n|-sidestart|p1: Down$hift|move: Stealth Rock\n|\n|-damage|p1a: Dimmadome|41\/100|[from] Leech Seed|[of] p2a: Ferrothorn\n|-heal|p2a: Ferrothorn|62\/100 brn|[silent]\n|-damage|p2a: Ferrothorn|56\/100 brn|[from] brn\n|upkeep\n|turn|21\n|\n|t:|1664729978\n|move|p1a: Dimmadome|Defog|p2a: Ferrothorn\n|-unboost|p2a: Ferrothorn|evasion|1\n|-sideend|p1: Down$hift|Stealth Rock|[from] move: Defog|[of] p1a: Dimmadome\n|move|p2a: Ferrothorn|Spikes|p1a: Dimmadome\n|-sidestart|p1: Down$hift|Spikes\n|\n|-damage|p1a: Dimmadome|28\/100|[from] Leech Seed|[of] p2a: Ferrothorn\n|-heal|p2a: Ferrothorn|67\/100 brn|[silent]\n|-damage|p2a: Ferrothorn|61\/100 brn|[from] brn\n|upkeep\n|turn|22\n|\n|t:|1664729988\n|switch|p1a: LandOUrus-T|Landorus-Therian, M|100\/100\n|-ability|p1a: LandOUrus-T|Intimidate|boost\n|-unboost|p2a: Ferrothorn|atk|1\n|move|p2a: Ferrothorn|Spikes|p1a: LandOUrus-T\n|-sidestart|p1: Down$hift|Spikes\n|\n|-damage|p2a: Ferrothorn|55\/100 brn|[from] brn\n|upkeep\n|turn|23\n|\n|t:|1664729993\n|move|p1a: LandOUrus-T|Earthquake|p2a: Ferrothorn\n|-damage|p2a: Ferrothorn|27\/100 brn\n|move|p2a: Ferrothorn|Toxic|p1a: LandOUrus-T\n|-status|p1a: LandOUrus-T|tox\n|\n|-damage|p1a: LandOUrus-T|94\/100 tox|[from] psn\n|-damage|p2a: Ferrothorn|21\/100 brn|[from] brn\n|upkeep\n|turn|24\n|\n|t:|1664729998\n|move|p1a: LandOUrus-T|Earthquake|p2a: Ferrothorn\n|-damage|p2a: Ferrothorn|0 fnt\n|faint|p2a: Ferrothorn\n|\n|-heal|p1a: LandOUrus-T|100\/100 tox|[from] item: Leftovers\n|-damage|p1a: LandOUrus-T|88\/100 tox|[from] psn\n|upkeep\n|\n|t:|1664730002\n|switch|p2a: Garchomp|Garchomp, F|100\/100\n|turn|25\n|\n|t:|1664730007\n|move|p2a: Garchomp|Swords Dance|p2a: Garchomp\n|-boost|p2a: Garchomp|atk|2\n|move|p1a: LandOUrus-T|U-turn|p2a: Garchomp\n|-damage|p2a: Garchomp|80\/100\n|-damage|p1a: LandOUrus-T|76\/100 tox|[from] ability: Rough Skin|[of] p2a: Garchomp\n|-damage|p1a: LandOUrus-T|60\/100 tox|[from] item: Rocky Helmet|[of] p2a: Garchomp\n|\n|t:|1664730009\n|switch|p1a: Dreepy Airlines|Dragapult, F|100\/100|[from]move: U-turn\n|\n|upkeep\n|turn|26\n|\n|t:|1664730018\n|switch|p2a: Heatran|Heatran, M|84\/100\n|move|p1a: Dreepy Airlines|Dragon Darts|p2a: Heatran\n|-resisted|p2a: Heatran\n|-damage|p2a: Heatran|74\/100\n|-anim|p1a: Dreepy Airlines|Dragon Darts|p2a: Heatran\n|-resisted|p2a: Heatran\n|-damage|p2a: Heatran|64\/100\n|\n|upkeep\n|turn|27\n|\n|t:|1664730023\n|move|p1a: Dreepy Airlines|U-turn|p2a: Heatran\n|-resisted|p2a: Heatran\n|-damage|p2a: Heatran|59\/100\n|\n|t:|1664730025\n|switch|p1a: ur slow|Slowbro, F|100\/100|[from]move: U-turn\n|move|p2a: Heatran|Flash Cannon|p1a: ur slow\n|-resisted|p1a: ur slow\n|-damage|p1a: ur slow|85\/100\n|\n|upkeep\n|turn|28\n|\n|t:|1664730033\n|move|p2a: Heatran|Earth Power|p1a: ur slow\n|-damage|p1a: ur slow|64\/100\n|move|p1a: ur slow|Scald|p2a: Heatran\n|-supereffective|p2a: Heatran\n|-damage|p2a: Heatran|1\/100\n|\n|upkeep\n|turn|29\n|\n|t:|1664730043\n|move|p2a: Heatran|Earth Power|p1a: ur slow\n|-damage|p1a: ur slow|42\/100\n|move|p1a: ur slow|Teleport|p1a: ur slow\n|\n|t:|1664730046\n|switch|p1a: Dreepy Airlines|Dragapult, F|100\/100|[from]move: Teleport\n|\n|upkeep\n|turn|30\n|\n|t:|1664730048\n|move|p1a: Dreepy Airlines|Dragon Darts|p2a: Heatran\n|-resisted|p2a: Heatran\n|-damage|p2a: Heatran|0 fnt\n|faint|p2a: Heatran\n|\n|upkeep\n|\n|t:|1664730049\n|switch|p2a: Zapdos|Zapdos|100\/100\n|turn|31\n|\n|t:|1664730053\n|switch|p1a: LandOUrus-T|Landorus-Therian, M|60\/100 tox\n|-ability|p1a: LandOUrus-T|Intimidate|boost\n|-unboost|p2a: Zapdos|atk|1\n|move|p2a: Zapdos|Thunderbolt|p1a: LandOUrus-T\n|-immune|p1a: LandOUrus-T\n|\n|-heal|p1a: LandOUrus-T|66\/100 tox|[from] item: Leftovers\n|-damage|p1a: LandOUrus-T|60\/100 tox|[from] psn\n|upkeep\n|turn|32\n|\n|t:|1664730056\n|switch|p2a: Garchomp|Garchomp, F|80\/100\n|move|p1a: LandOUrus-T|Toxic|p2a: Garchomp\n|-status|p2a: Garchomp|tox\n|\n|-heal|p1a: LandOUrus-T|66\/100 tox|[from] item: Leftovers\n|-damage|p2a: Garchomp|73\/100 tox|[from] psn\n|-damage|p1a: LandOUrus-T|54\/100 tox|[from] psn\n|upkeep\n|turn|33\n|\n|t:|1664730060\n|move|p2a: Garchomp|Scale Shot|p1a: LandOUrus-T\n|-damage|p1a: LandOUrus-T|42\/100 tox\n|-damage|p1a: LandOUrus-T|31\/100 tox\n|-hitcount|p1a: LandOUrus-T|2\n|-unboost|p2a: Garchomp|def|1\n|-boost|p2a: Garchomp|spe|1\n|move|p1a: LandOUrus-T|U-turn|p2a: Garchomp\n|-damage|p2a: Garchomp|42\/100 tox\n|-damage|p1a: LandOUrus-T|19\/100 tox|[from] ability: Rough Skin|[of] p2a: Garchomp\n|-damage|p1a: LandOUrus-T|2\/100 tox|[from] item: Rocky Helmet|[of] p2a: Garchomp\n|\n|t:|1664730065\n|switch|p1a: Dimmadome|Weezing-Galar, F|28\/100|[from]move: U-turn\n|\n|-damage|p2a: Garchomp|30\/100 tox|[from] psn\n|upkeep\n|turn|34\n|\n|t:|1664730074\n|move|p2a: Garchomp|Earthquake|p1a: Dimmadome\n|-immune|p1a: Dimmadome|[from] ability: Levitate\n|move|p1a: Dimmadome|Defog|p2a: Garchomp\n|-unboost|p2a: Garchomp|evasion|1\n|-sideend|p1: Down$hift|Spikes|[from] move: Defog|[of] p1a: Dimmadome\n|\n|-damage|p2a: Garchomp|11\/100 tox|[from] psn\n|upkeep\n|turn|35\n|\n|t:|1664730089\n|switch|p2a: Zapdos|Zapdos|100\/100\n|move|p1a: Dimmadome|Defog|p2a: Zapdos\n|-unboost|p2a: Zapdos|evasion|1\n|\n|upkeep\n|turn|36\n|\n|t:|1664730100\n|switch|p1a: LandOUrus-T|Landorus-Therian, M|2\/100 tox\n|-ability|p1a: LandOUrus-T|Intimidate|boost\n|-unboost|p2a: Zapdos|atk|1\n|move|p2a: Zapdos|Thunderbolt|p1a: LandOUrus-T\n|-immune|p1a: LandOUrus-T\n|\n|-heal|p1a: LandOUrus-T|8\/100 tox|[from] item: Leftovers\n|-damage|p1a: LandOUrus-T|2\/100 tox|[from] psn\n|upkeep\n|turn|37\n|\n|t:|1664730104\n|move|p2a: Zapdos|Thunderbolt|p1a: LandOUrus-T\n|-immune|p1a: LandOUrus-T\n|move|p1a: LandOUrus-T|Toxic|p2a: Zapdos\n|-status|p2a: Zapdos|tox\n|\n|-heal|p1a: LandOUrus-T|8\/100 tox|[from] item: Leftovers\n|-damage|p2a: Zapdos|94\/100 tox|[from] psn\n|-damage|p1a: LandOUrus-T|0 fnt|[from] psn\n|faint|p1a: LandOUrus-T\n|upkeep\n|\n|t:|1664730110\n|switch|p1a: BIacephaIon|Regigigas, shiny|59\/100\n|-start|p1a: BIacephaIon|ability: Slow Start\n|turn|38\n|\n|t:|1664730112\n|move|p2a: Zapdos|Thunderbolt|p1a: BIacephaIon\n|-damage|p1a: BIacephaIon|20\/100\n|move|p1a: BIacephaIon|Rest|p1a: BIacephaIon\n|-status|p1a: BIacephaIon|slp|[from] move: Rest\n|-heal|p1a: BIacephaIon|100\/100 slp|[silent]\n|\n|-damage|p2a: Zapdos|82\/100 tox|[from] psn\n|upkeep\n|turn|39\n|\n|t:|1664730116\n|move|p2a: Zapdos|Thunderbolt|p1a: BIacephaIon\n|-damage|p1a: BIacephaIon|59\/100 slp\n|cant|p1a: BIacephaIon|slp\n|\n|-heal|p1a: BIacephaIon|65\/100 slp|[from] item: Leftovers\n|-damage|p2a: Zapdos|63\/100 tox|[from] psn\n|upkeep\n|turn|40\n|\n|t:|1664730120\n|switch|p2a: Garchomp|Garchomp, F|11\/100 tox\n|cant|p1a: BIacephaIon|slp\n|\n|-heal|p1a: BIacephaIon|71\/100 slp|[from] item: Leftovers\n|-damage|p2a: Garchomp|5\/100 tox|[from] psn\n|upkeep\n|turn|41\n|\n|t:|1664730123\n|move|p2a: Garchomp|Earthquake|p1a: BIacephaIon\n|-damage|p1a: BIacephaIon|32\/100 slp\n|-curestatus|p1a: BIacephaIon|slp|[msg]\n|move|p1a: BIacephaIon|Rest|p1a: BIacephaIon\n|-status|p1a: BIacephaIon|slp|[from] move: Rest\n|-heal|p1a: BIacephaIon|100\/100 slp|[silent]\n|\n|-damage|p2a: Garchomp|0 fnt|[from] psn\n|faint|p2a: Garchomp\n|upkeep\n|\n|t:|1664730126\n|switch|p2a: Zapdos|Zapdos|63\/100 tox\n|turn|42\n|\n|t:|1664730129\n|move|p2a: Zapdos|Thunderbolt|p1a: BIacephaIon\n|-damage|p1a: BIacephaIon|60\/100 slp\n|cant|p1a: BIacephaIon|slp\n|\n|-heal|p1a: BIacephaIon|66\/100 slp|[from] item: Leftovers\n|-damage|p2a: Zapdos|57\/100 tox|[from] psn\n|-end|p1a: BIacephaIon|Slow Start\n|upkeep\n|turn|43\n|\n|t:|1664730132\n|move|p2a: Zapdos|Thunderbolt|p1a: BIacephaIon\n|-damage|p1a: BIacephaIon|25\/100 slp\n|cant|p1a: BIacephaIon|slp\n|\n|-heal|p1a: BIacephaIon|31\/100 slp|[from] item: Leftovers\n|-damage|p2a: Zapdos|45\/100 tox|[from] psn\n|upkeep\n|turn|44\n|\n|t:|1664730134\n|move|p2a: Zapdos|Thunderbolt|p1a: BIacephaIon\n|-damage|p1a: BIacephaIon|0 fnt\n|faint|p1a: BIacephaIon\n|-end|p1a: BIacephaIon|Slow Start|[silent]\n|\n|-damage|p2a: Zapdos|26\/100 tox|[from] psn\n|upkeep\n|\n|t:|1664730136\n|switch|p1a: Dreepy Airlines|Dragapult, F|100\/100\n|turn|45\n|\n|t:|1664730138\n|move|p1a: Dreepy Airlines|Dragon Darts|p2a: Zapdos\n|-crit|p2a: Zapdos\n|-damage|p2a: Zapdos|0 fnt\n|faint|p2a: Zapdos\n|\n|win|Down$hift\n|raw|Down$hift's rating: 1684 &rarr; <strong>1708<\/strong><br \/>(+24 for winning)\n|raw|Chipstofer skylark's rating: 1760 &rarr; <strong>1736<\/strong><br \/>(-24 for losing)\n|c|\u2606Down$hift|gg\n|c|\u2606Chipstofer skylark|Pizza\n|c|\u2606Chipstofer skylark|Pizza\n|j| zReptar\n|l| zReptar\n||Ladder isn't responding, score probably updated but might not have (Request timeout).\n|l|\u2606Chipstofer skylark\n|j|\u2606Chipstofer skylark\n|player|p2|Chipstofer skylark|byron\n|l|\u2606Chipstofer skylark\n|player|p2|\n|l|\u2606Down$hift\n|l| regret abounds\n|j|\u2606Down$hift\n|player|p1|Down$hift|teamrocket\n","uploadtime":1664731118,"views":40,"p1id":"downhift","p2id":"chipstoferskylark","formatid":"gen8ou","rating":1708,"private":0,"password":null}