{"id":"gen8ou-1522741838","p1":"Igotthegat","p2":"abGodc","format":"gen8ou","log":"|j|\u2606Igotthegat\n|j|\u2606abGodc\n|t:|1646325204\n|gametype|singles\n|player|p1|Igotthegat|hilda|1401\n|player|p2|abGodc|265|1408\n|teamsize|p1|6\n|teamsize|p2|6\n|gen|8\n|tier|[Gen 8] OU\n|rated|\n|rule|Sleep Clause Mod: Limit one foe put to sleep\n|rule|Species Clause: Limit one of each Pok\u00e9mon\n|rule|OHKO Clause: OHKO moves are banned\n|rule|Evasion Moves Clause: Evasion moves are banned\n|rule|Endless Battle Clause: Forcing endless battles is banned\n|rule|HP Percentage Mod: HP is shown in percentages\n|rule|Dynamax Clause: You cannot dynamax\n|clearpoke\n|poke|p1|Landorus-Therian, M|\n|poke|p1|Slowking, F|\n|poke|p1|Volcarona, F|\n|poke|p1|Bisharp, M|\n|poke|p1|Kartana|\n|poke|p1|Rotom-Wash|\n|poke|p2|Hippowdon, F|\n|poke|p2|Tyranitar, M|\n|poke|p2|Dracozolt|\n|poke|p2|Excadrill, M|\n|poke|p2|Heatran, M|\n|poke|p2|Aegislash, M|\n|teampreview\n|inactive|Battle timer is ON: inactive players will automatically lose when time's up. (requested by Igotthegat)\n|\n|t:|1646325211\n|start\n|switch|p1a: Kartana|Kartana, shiny|100\/100\n|switch|p2a: Hippowdon|Hippowdon, F|100\/100\n|-weather|Sandstorm|[from] ability: Sand Stream|[of] p2a: Hippowdon\n|turn|1\n|\n|t:|1646325221\n|move|p1a: Kartana|Leaf Blade|p2a: Hippowdon\n|-supereffective|p2a: Hippowdon\n|-damage|p2a: Hippowdon|35\/100\n|move|p2a: Hippowdon|Whirlwind|p1a: Kartana\n|drag|p1a: Bisharp|Bisharp, M|100\/100\n|\n|-weather|Sandstorm|[upkeep]\n|-heal|p2a: Hippowdon|41\/100|[from] item: Leftovers\n|upkeep\n|turn|2\n|\n|t:|1646325231\n|move|p1a: Bisharp|Knock Off|p2a: Hippowdon\n|-damage|p2a: Hippowdon|11\/100\n|-enditem|p2a: Hippowdon|Leftovers|[from] move: Knock Off|[of] p1a: Bisharp\n|move|p2a: Hippowdon|Slack Off|p2a: Hippowdon\n|-heal|p2a: Hippowdon|61\/100\n|\n|-weather|Sandstorm|[upkeep]\n|upkeep\n|turn|3\n|\n|t:|1646325242\n|switch|p1a: Kartana|Kartana, shiny|100\/100\n|move|p2a: Hippowdon|Stealth Rock|p1a: Kartana\n|-sidestart|p1: Igotthegat|move: Stealth Rock\n|\n|-weather|Sandstorm|[upkeep]\n|upkeep\n|turn|4\n|\n|t:|1646325255\n|switch|p2a: Heatran|Heatran, M|100\/100\n|move|p1a: Kartana|Sacred Sword|p2a: Heatran\n|-supereffective|p2a: Heatran\n|-damage|p2a: Heatran|31\/100\n|\n|-weather|Sandstorm|[upkeep]\n|-heal|p2a: Heatran|37\/100|[from] item: Leftovers\n|upkeep\n|turn|5\n|\n|t:|1646325265\n|switch|p2a: Aegislash|Aegislash, M|100\/100\n|move|p1a: Kartana|Sacred Sword|p2a: Aegislash\n|-immune|p2a: Aegislash\n|\n|-weather|none\n|upkeep\n|turn|6\n|\n|t:|1646325273\n|switch|p1a: Landorus|Landorus-Therian, M|100\/100\n|-damage|p1a: Landorus|88\/100|[from] Stealth Rock\n|-ability|p1a: Landorus|Intimidate|boost\n|-unboost|p2a: Aegislash|atk|1\n|-formechange|p2a: Aegislash|Aegislash-Blade||[from] ability: Stance Change\n|move|p2a: Aegislash|Shadow Ball|p1a: Landorus\n|-damage|p1a: Landorus|37\/100\n|\n|-heal|p1a: Landorus|43\/100|[from] item: Leftovers\n|upkeep\n|turn|7\n|c|\u2606abGodc|hey i just met you\n|c|\u2606abGodc|and this is crazy\n|c|\u2606abGodc|so heres my number\n|\n|t:|1646325286\n|switch|p1a: Rotom|Rotom-Wash|100\/100\n|-damage|p1a: Rotom|88\/100|[from] Stealth Rock\n|-formechange|p2a: Aegislash|Aegislash||[from] ability: Stance Change\n|move|p2a: Aegislash|King's Shield||[still]\n|-fail|p2a: Aegislash\n|\n|upkeep\n|turn|8\n|c|\u2606abGodc|and call me maybe\n|\n|t:|1646325293\n|move|p1a: Rotom|Volt Switch|p2a: Aegislash\n|-damage|p2a: Aegislash|81\/100\n|\n|t:|1646325299\n|switch|p1a: Slowking|Slowking, F|100\/100|[from]move: Volt Switch\n|-damage|p1a: Slowking|88\/100|[from] Stealth Rock\n|-formechange|p2a: Aegislash|Aegislash-Blade||[from] ability: Stance Change\n|move|p2a: Aegislash|Shadow Ball|p1a: Slowking\n|-supereffective|p1a: Slowking\n|-damage|p1a: Slowking|4\/100\n|\n|-heal|p2a: Aegislash|87\/100|[from] item: Leftovers\n|-heal|p1a: Slowking|10\/100|[from] item: Leftovers\n|upkeep\n|turn|9\n|\n|t:|1646325312\n|move|p2a: Aegislash|Shadow Ball|p1a: Slowking\n|-supereffective|p1a: Slowking\n|-damage|p1a: Slowking|0 fnt\n|faint|p1a: Slowking\n|\n|-heal|p2a: Aegislash|93\/100|[from] item: Leftovers\n|upkeep\n|\n|t:|1646325322\n|switch|p1a: Bisharp|Bisharp, M|100\/100\n|-damage|p1a: Bisharp|95\/100|[from] Stealth Rock\n|turn|10\n|\n|t:|1646325327\n|-formechange|p2a: Aegislash|Aegislash||[from] ability: Stance Change\n|move|p2a: Aegislash|King's Shield|p2a: Aegislash\n|-singleturn|p2a: Aegislash|Protect\n|move|p1a: Bisharp|Swords Dance|p1a: Bisharp\n|-boost|p1a: Bisharp|atk|2\n|\n|-heal|p2a: Aegislash|99\/100|[from] item: Leftovers\n|upkeep\n|turn|11\n|\n|t:|1646325336\n|move|p1a: Bisharp|Swords Dance|p1a: Bisharp\n|-boost|p1a: Bisharp|atk|2\n|-formechange|p2a: Aegislash|Aegislash-Blade||[from] ability: Stance Change\n|move|p2a: Aegislash|Close Combat|p1a: Bisharp\n|-supereffective|p1a: Bisharp\n|-damage|p1a: Bisharp|0 fnt\n|-unboost|p2a: Aegislash|def|1\n|-unboost|p2a: Aegislash|spd|1\n|faint|p1a: Bisharp\n|\n|-heal|p2a: Aegislash|100\/100|[from] item: Leftovers\n|upkeep\n|l|\u2606Igotthegat\n|inactive|Igotthegat disconnected and has a minute to reconnect!\n|player|p1|\n|c|\u2606abGodc|ez\n|c|\u2606abGodc|eat my ass\n|c|\u2606abGodc|i want it in my cheeks\n|inactive|Igotthegat has 30 seconds to reconnect!\n|inactive|Igotthegat has 20 seconds to reconnect!\n|inactive|Igotthegat has 15 seconds to reconnect!\n|inactive|Igotthegat has 10 seconds to reconnect!\n|inactive|Igotthegat has 5 seconds to reconnect!\n|-message|Igotthegat lost due to inactivity.\n|\n|win|abGodc\n|raw|Igotthegat's rating: 1401 &rarr; <strong>1381<\/strong><br \/>(-20 for losing)\n|raw|abGodc's rating: 1408 &rarr; <strong>1428<\/strong><br \/>(+20 for winning)\n|j|%in the hills\n|n|\u203dabGodc|abgodc\n|c|%in the hills|\/log abGodc was locked from talking by in the hills. (inap battle harassment)\n|l|%in the hills\n||Ladder isn't responding, score probably updated but might not have (Request timeout).\n","uploadtime":1646325354,"views":10,"p1id":"igotthegat","p2id":"abgodc","formatid":"gen8ou","rating":1381,"private":0,"password":null}