{"id":"gen8ou-1544698456","p1":"Kaipro","p2":"yung_iznamakin","format":"gen8ou","log":"|j|\u2606Kaipro\n|j|\u2606yung_iznamakin\n|t:|1648940393\n|gametype|singles\n|player|p1|Kaipro|brawly|1507\n|player|p2|yung_iznamakin|brendan-gen3|1585\n|teamsize|p1|6\n|teamsize|p2|6\n|gen|8\n|tier|[Gen 8] OU\n|rated|\n|rule|Sleep Clause Mod: Limit one foe put to sleep\n|rule|Species Clause: Limit one of each Pok\u00e9mon\n|rule|OHKO Clause: OHKO moves are banned\n|rule|Evasion Moves Clause: Evasion moves are banned\n|rule|Endless Battle Clause: Forcing endless battles is banned\n|rule|HP Percentage Mod: HP is shown in percentages\n|rule|Dynamax Clause: You cannot dynamax\n|clearpoke\n|poke|p1|Landorus-Therian, M|\n|poke|p1|Dragonite, F|\n|poke|p1|Clefable, M|\n|poke|p1|Heatran, F|\n|poke|p1|Ferrothorn, M|\n|poke|p1|Tapu Koko|\n|poke|p2|Tapu Koko|\n|poke|p2|Hawlucha, F|\n|poke|p2|Gyarados, M|\n|poke|p2|Blaziken, M|\n|poke|p2|Dragapult, F|\n|poke|p2|Kartana|\n|teampreview\n|inactive|Battle timer is ON: inactive players will automatically lose when time's up. (requested by yung_iznamakin)\n|\n|t:|1648940419\n|start\n|switch|p1a: Landorus|Landorus-Therian, M|100\/100\n|switch|p2a: Naruto|Tapu Koko|100\/100\n|-fieldstart|move: Electric Terrain|[from] ability: Electric Surge|[of] p2a: Naruto\n|-ability|p1a: Landorus|Intimidate|boost\n|-unboost|p2a: Naruto|atk|1\n|turn|1\n|\n|t:|1648940428\n|move|p2a: Naruto|Taunt|p1a: Landorus\n|-start|p1a: Landorus|move: Taunt\n|cant|p1a: Landorus|move: Taunt|Stealth Rock\n|\n|upkeep\n|turn|2\n|\n|t:|1648940431\n|move|p2a: Naruto|Reflect|p2a: Naruto\n|-sidestart|p2: yung_iznamakin|Reflect\n|move|p1a: Landorus|U-turn|p2a: Naruto\n|-resisted|p2a: Naruto\n|-damage|p2a: Naruto|95\/100\n|\n|t:|1648940449\n|switch|p1a: Clefable|Clefable, M, shiny|100\/100|[from]move: U-turn\n|\n|upkeep\n|turn|3\n|\n|t:|1648940452\n|move|p2a: Naruto|Light Screen|p2a: Naruto\n|-sidestart|p2: yung_iznamakin|move: Light Screen\n|move|p1a: Clefable|Trick|p2a: Naruto\n|-activate|p1a: Clefable|move: Trick|[of] p2a: Naruto\n|-item|p2a: Naruto|Sticky Barb|[from] move: Trick\n|-item|p1a: Clefable|Light Clay|[from] move: Trick\n|\n|-damage|p2a: Naruto|82\/100|[from] item: Sticky Barb\n|upkeep\n|turn|4\n|\n|t:|1648940464\n|move|p2a: Naruto|U-turn|p1a: Clefable\n|-resisted|p1a: Clefable\n|-damage|p1a: Clefable|95\/100\n|\n|t:|1648940467\n|switch|p2a: John Cena|Hawlucha, F|100\/100|[from]move: U-turn\n|-enditem|p2a: John Cena|Electric Seed\n|-boost|p2a: John Cena|def|1|[from] item: Electric Seed\n|move|p1a: Clefable|Thunder Wave|p2a: John Cena\n|-status|p2a: John Cena|par\n|\n|upkeep\n|turn|5\n|\n|t:|1648940473\n|cant|p2a: John Cena|par\n|move|p1a: Clefable|Moonblast|p2a: John Cena\n|-supereffective|p2a: John Cena\n|-damage|p2a: John Cena|48\/100 par\n|\n|-fieldend|move: Electric Terrain\n|upkeep\n|turn|6\n|\n|t:|1648940478\n|move|p2a: John Cena|Acrobatics|p1a: Clefable\n|-damage|p1a: Clefable|44\/100\n|move|p1a: Clefable|Moonblast|p2a: John Cena\n|-supereffective|p2a: John Cena\n|-damage|p2a: John Cena|0 fnt\n|faint|p2a: John Cena\n|\n|upkeep\n|\n|t:|1648940485\n|switch|p2a: Mifune|Kartana|100\/100\n|turn|7\n|\n|t:|1648940491\n|switch|p1a: Ferrothorn|Ferrothorn, M|100\/100\n|move|p2a: Mifune|Swords Dance|p2a: Mifune\n|-boost|p2a: Mifune|atk|2\n|\n|upkeep\n|turn|8\n|\n|t:|1648940497\n|switch|p1a: Landorus|Landorus-Therian, M|100\/100\n|-ability|p1a: Landorus|Intimidate|boost\n|-unboost|p2a: Mifune|atk|1\n|move|p2a: Mifune|Swords Dance|p2a: Mifune\n|-boost|p2a: Mifune|atk|2\n|\n|upkeep\n|turn|9\n|\n|t:|1648940503\n|move|p2a: Mifune|Leaf Blade|p1a: Landorus\n|-damage|p1a: Landorus|0 fnt\n|faint|p1a: Landorus\n|-ability|p2a: Mifune|Beast Boost|boost\n|-boost|p2a: Mifune|spe|1\n|-damage|p2a: Mifune|91\/100|[from] item: Life Orb\n|\n|-sideend|p2: yung_iznamakin|Reflect\n|upkeep\n|\n|t:|1648940521\n|switch|p1a: Dragonite|Dragonite, F|100\/100\n|turn|10\n|\n|t:|1648940525\n|move|p2a: Mifune|Knock Off|p1a: Dragonite\n|-damage|p1a: Dragonite|42\/100\n|-enditem|p1a: Dragonite|Heavy-Duty Boots|[from] move: Knock Off|[of] p2a: Mifune\n|-damage|p2a: Mifune|81\/100|[from] item: Life Orb\n|move|p1a: Dragonite|Ice Punch|p2a: Mifune\n|-damage|p2a: Mifune|59\/100\n|\n|-sideend|p2: yung_iznamakin|move: Light Screen\n|upkeep\n|turn|11\n|\n|t:|1648940532\n|move|p2a: Mifune|Knock Off|p1a: Dragonite\n|-damage|p1a: Dragonite|0 fnt\n|faint|p1a: Dragonite\n|-ability|p2a: Mifune|Beast Boost|boost\n|-boost|p2a: Mifune|spe|1\n|-damage|p2a: Mifune|49\/100|[from] item: Life Orb\n|\n|upkeep\n|\n|t:|1648940539\n|switch|p1a: Ferrothorn|Ferrothorn, M|100\/100\n|turn|12\n|\n|t:|1648940543\n|move|p2a: Mifune|Sacred Sword|p1a: Ferrothorn\n|-supereffective|p1a: Ferrothorn\n|-damage|p1a: Ferrothorn|0 fnt\n|-damage|p2a: Mifune|36\/100|[from] ability: Iron Barbs|[of] p1a: Ferrothorn\n|-damage|p2a: Mifune|20\/100|[from] item: Rocky Helmet|[of] p1a: Ferrothorn\n|faint|p1a: Ferrothorn\n|-ability|p2a: Mifune|Beast Boost|boost\n|-boost|p2a: Mifune|spe|1\n|-damage|p2a: Mifune|10\/100|[from] item: Life Orb\n|\n|upkeep\n|\n|t:|1648940548\n|switch|p1a: Heatran|Heatran, F, shiny|100\/100\n|-item|p1a: Heatran|Air Balloon\n|turn|13\n|\n|t:|1648940554\n|move|p2a: Mifune|Sacred Sword|p1a: Heatran\n|-supereffective|p1a: Heatran\n|-damage|p1a: Heatran|0 fnt\n|-status|p2a: Mifune|brn|[from] ability: Flame Body|[of] p1a: Heatran\n|-enditem|p1a: Heatran|Air Balloon\n|faint|p1a: Heatran\n|-ability|p2a: Mifune|Beast Boost|boost\n|-boost|p2a: Mifune|spe|1\n|-damage|p2a: Mifune|0 fnt|[from] item: Life Orb\n|faint|p2a: Mifune\n|\n|upkeep\n|\n|t:|1648940565\n|switch|p2a: Naruto|Tapu Koko|82\/100\n|switch|p1a: Tapu Koko|Tapu Koko|100\/100\n|-fieldstart|move: Electric Terrain|[from] ability: Electric Surge|[of] p1a: Tapu Koko\n|turn|14\n|\n|t:|1648940569\n|move|p2a: Naruto|Light Screen|p2a: Naruto\n|-sidestart|p2: yung_iznamakin|move: Light Screen\n|move|p1a: Tapu Koko|Calm Mind|p1a: Tapu Koko\n|-boost|p1a: Tapu Koko|spa|1\n|-boost|p1a: Tapu Koko|spd|1\n|\n|-damage|p2a: Naruto|70\/100|[from] item: Sticky Barb\n|upkeep\n|turn|15\n|\n|t:|1648940574\n|move|p2a: Naruto|Taunt|p1a: Tapu Koko\n|-start|p1a: Tapu Koko|move: Taunt\n|cant|p1a: Tapu Koko|move: Taunt|Calm Mind\n|\n|-damage|p2a: Naruto|58\/100|[from] item: Sticky Barb\n|upkeep\n|turn|16\n|\n|t:|1648940579\n|move|p2a: Naruto|Reflect|p2a: Naruto\n|-sidestart|p2: yung_iznamakin|Reflect\n|move|p1a: Tapu Koko|Dazzling Gleam|p2a: Naruto\n|-damage|p2a: Naruto|26\/100\n|\n|-damage|p2a: Naruto|14\/100|[from] item: Sticky Barb\n|upkeep\n|turn|17\n|\n|t:|1648940584\n|move|p1a: Tapu Koko|Dazzling Gleam|p2a: Naruto\n|-damage|p2a: Naruto|0 fnt\n|faint|p2a: Naruto\n|\n|-end|p1a: Tapu Koko|move: Taunt\n|upkeep\n|\n|t:|1648940589\n|switch|p2a: Gotta Go Fast|Blaziken, M|100\/100\n|-item|p2a: Gotta Go Fast|Air Balloon\n|turn|18\n|\n|t:|1648940594\n|move|p1a: Tapu Koko|Thunderbolt|p2a: Gotta Go Fast\n|-damage|p2a: Gotta Go Fast|47\/100\n|-status|p2a: Gotta Go Fast|par\n|-enditem|p2a: Gotta Go Fast|Air Balloon\n|move|p2a: Gotta Go Fast|Blaze Kick|p1a: Tapu Koko\n|-damage|p1a: Tapu Koko|42\/100\n|\n|-sideend|p2: yung_iznamakin|move: Light Screen\n|-fieldend|move: Electric Terrain\n|-ability|p2a: Gotta Go Fast|Speed Boost|boost\n|-boost|p2a: Gotta Go Fast|spe|1\n|upkeep\n|turn|19\n|\n|t:|1648940612\n|move|p1a: Tapu Koko|Thunderbolt|p2a: Gotta Go Fast\n|-damage|p2a: Gotta Go Fast|0 fnt\n|faint|p2a: Gotta Go Fast\n|\n|upkeep\n|\n|t:|1648940616\n|switch|p2a: Dragapult|Dragapult, F|100\/100\n|turn|20\n|\n|t:|1648940622\n|move|p1a: Tapu Koko|Dazzling Gleam|p2a: Dragapult\n|-supereffective|p2a: Dragapult\n|-damage|p2a: Dragapult|0 fnt\n|faint|p2a: Dragapult\n|\n|-sideend|p2: yung_iznamakin|Reflect\n|upkeep\n|-message|yung_iznamakin forfeited.\n|\n|win|Kaipro\n|raw|Kaipro's rating: 1507 &rarr; <strong>1531<\/strong><br \/>(+24 for winning)\n|raw|yung_iznamakin's rating: 1585 &rarr; <strong>1561<\/strong><br \/>(-24 for losing)\n|l|\u2606yung_iznamakin\n","uploadtime":1648940632,"views":83,"p1id":"kaipro","p2id":"yungiznamakin","formatid":"gen8ou","rating":1531,"private":0,"password":null}