{"id":"gen8randombattle-1706960667","p1":"Ryudociel","p2":"Supernerdjack","format":"gen8randombattle","log":"|j|\u2606Ryudociel\n|j|\u2606Supernerdjack\n|t:|1668036565\n|gametype|singles\n|player|p1|Ryudociel|hugh|1707\n|player|p2|Supernerdjack|blackbelt-gen4dp|1658\n|teamsize|p1|6\n|teamsize|p2|6\n|gen|8\n|tier|[Gen 8] Random Battle\n|rated|\n|rule|Species Clause: Limit one of each Pok\u00e9mon\n|rule|HP Percentage Mod: HP is shown in percentages\n|rule|Sleep Clause Mod: Limit one foe put to sleep\n|\n|t:|1668036565\n|start\n|switch|p1a: Solgaleo|Solgaleo, L72|316\/316\n|switch|p2a: Wishiwashi|Wishiwashi, L84, M|213\/213\n|-formechange|p2a: Wishiwashi|Wishiwashi-School||[from] ability: Schooling\n|turn|1\n|inactive|Battle timer is ON: inactive players will automatically lose when time's up. (requested by Supernerdjack)\n|\n|t:|1668036577\n|switch|p1a: Sylveon|Sylveon, L84, M|297\/297\n|move|p2a: Wishiwashi|Scald|p1a: Sylveon\n|-damage|p1a: Sylveon|173\/297\n|\n|-heal|p1a: Sylveon|191\/297|[from] item: Leftovers\n|upkeep\n|turn|2\n|\n|t:|1668036596\n|move|p1a: Sylveon|Calm Mind|p1a: Sylveon\n|-boost|p1a: Sylveon|spa|1\n|-boost|p1a: Sylveon|spd|1\n|move|p2a: Wishiwashi|Scald|p1a: Sylveon\n|-damage|p1a: Sylveon|106\/297\n|\n|-heal|p1a: Sylveon|124\/297|[from] item: Leftovers\n|upkeep\n|turn|3\n|\n|t:|1668036613\n|switch|p2a: Sceptile|Sceptile, L86, F|261\/261\n|move|p1a: Sylveon|Wish|p1a: Sylveon\n|\n|-heal|p1a: Sylveon|142\/297|[from] item: Leftovers\n|upkeep\n|turn|4\n|\n|t:|1668036618\n|move|p1a: Sylveon|Protect|p1a: Sylveon\n|-singleturn|p1a: Sylveon|Protect\n|move|p2a: Sceptile|Leech Seed|p1a: Sylveon\n|-activate|p1a: Sylveon|move: Protect\n|\n|-heal|p1a: Sylveon|290\/297|[from] move: Wish|[wisher] Sylveon\n|-heal|p1a: Sylveon|297\/297|[from] item: Leftovers\n|upkeep\n|turn|5\n|\n|t:|1668036622\n|move|p2a: Sceptile|Leech Seed|p1a: Sylveon\n|-start|p1a: Sylveon|move: Leech Seed\n|move|p1a: Sylveon|Hyper Voice|p2a: Sceptile\n|-damage|p2a: Sceptile|65\/261\n|\n|-heal|p2a: Sceptile|81\/261|[from] item: Leftovers\n|-damage|p1a: Sylveon|260\/297|[from] Leech Seed|[of] p2a: Sceptile\n|-heal|p2a: Sceptile|118\/261|[silent]\n|upkeep\n|turn|6\n|\n|t:|1668036631\n|move|p2a: Sceptile|Giga Drain|p1a: Sylveon\n|-damage|p1a: Sylveon|215\/297\n|-heal|p2a: Sceptile|141\/261|[from] drain|[of] p1a: Sylveon\n|move|p1a: Sylveon|Hyper Voice|p2a: Sceptile\n|-damage|p2a: Sceptile|0 fnt\n|faint|p2a: Sceptile\n|\n|-heal|p1a: Sylveon|233\/297|[from] item: Leftovers\n|upkeep\n|\n|t:|1668036651\n|switch|p2a: Lycanroc|Lycanroc, L80, F|251\/251\n|turn|7\n|\n|t:|1668036658\n|switch|p1a: Cofagrigus|Cofagrigus, L86, M|240\/240\n|move|p2a: Lycanroc|Stone Edge|p1a: Cofagrigus\n|-damage|p1a: Cofagrigus|146\/240\n|-damage|p2a: Lycanroc|226\/251|[from] item: Life Orb\n|\n|-heal|p1a: Cofagrigus|161\/240|[from] item: Leftovers\n|upkeep\n|turn|8\n|\n|t:|1668036669\n|switch|p2a: Wishiwashi|Wishiwashi, L84, M|213\/213\n|-formechange|p2a: Wishiwashi|Wishiwashi-School||[from] ability: Schooling\n|move|p1a: Cofagrigus|Body Press|p2a: Wishiwashi\n|-damage|p2a: Wishiwashi|149\/213\n|\n|-heal|p1a: Cofagrigus|176\/240|[from] item: Leftovers\n|upkeep\n|turn|9\n|\n|t:|1668036677\n|move|p1a: Cofagrigus|Toxic Spikes|p2a: Wishiwashi\n|-sidestart|p2: Supernerdjack|move: Toxic Spikes\n|move|p2a: Wishiwashi|Scald|p1a: Cofagrigus\n|-damage|p1a: Cofagrigus|22\/240\n|\n|-heal|p1a: Cofagrigus|37\/240|[from] item: Leftovers\n|upkeep\n|turn|10\n|\n|t:|1668036692\n|switch|p1a: Sylveon|Sylveon, L84, M|233\/297\n|move|p2a: Wishiwashi|Scald|p1a: Sylveon\n|-damage|p1a: Sylveon|109\/297\n|-status|p1a: Sylveon|brn\n|\n|-heal|p1a: Sylveon|127\/297 brn|[from] item: Leftovers\n|-damage|p1a: Sylveon|109\/297 brn|[from] brn\n|upkeep\n|turn|11\n|\n|t:|1668036712\n|move|p1a: Sylveon|Hyper Voice|p2a: Wishiwashi\n|-damage|p2a: Wishiwashi|53\/213\n|move|p2a: Wishiwashi|Scald|p1a: Sylveon\n|-damage|p1a: Sylveon|0 fnt\n|faint|p1a: Sylveon\n|\n|-formechange|p2a: Wishiwashi|Wishiwashi||[from] ability: Schooling\n|upkeep\n|inactive|Ryudociel has 120 seconds left.\n|\n|t:|1668036741\n|switch|p1a: Crawdaunt|Crawdaunt, L84, M|243\/243\n|turn|12\n|c|\u2606Ryudociel|Mr CRAW\n|c|\u2606Supernerdjack|i hate this crabby\n|inactive|Supernerdjack has 120 seconds left.\n|\n|t:|1668036774\n|switch|p2a: Lycanroc|Lycanroc, L80, F|226\/251\n|-status|p2a: Lycanroc|psn\n|move|p1a: Crawdaunt|Dragon Dance|p1a: Crawdaunt\n|-boost|p1a: Crawdaunt|atk|1\n|-boost|p1a: Crawdaunt|spe|1\n|\n|-damage|p2a: Lycanroc|195\/251 psn|[from] psn\n|upkeep\n|turn|13\n|\n|t:|1668036784\n|-start|p1a: Crawdaunt|Dynamax|\n|-heal|p1a: Crawdaunt|486\/486|[silent]\n|move|p2a: Lycanroc|Close Combat|p1a: Crawdaunt\n|-supereffective|p1a: Crawdaunt\n|-damage|p1a: Crawdaunt|255\/486\n|-unboost|p2a: Lycanroc|def|1\n|-unboost|p2a: Lycanroc|spd|1\n|-damage|p2a: Lycanroc|170\/251 psn|[from] item: Life Orb\n|move|p1a: Crawdaunt|Max Geyser|p2a: Lycanroc\n|-supereffective|p2a: Lycanroc\n|-damage|p2a: Lycanroc|0 fnt\n|-weather|RainDance\n|faint|p2a: Lycanroc\n|-damage|p1a: Crawdaunt|231\/486|[from] item: Life Orb\n|\n|-weather|RainDance|[upkeep]\n|upkeep\n|inactive|Supernerdjack has 120 seconds left.\n|\n|t:|1668036800\n|switch|p2a: Wishiwashi|Wishiwashi, L84, M|53\/213\n|-status|p2a: Wishiwashi|psn\n|turn|14\n|\n|t:|1668036805\n|move|p1a: Crawdaunt|Max Knuckle|p2a: Wishiwashi\n|-damage|p2a: Wishiwashi|0 fnt\n|-boost|p1a: Crawdaunt|atk|1\n|faint|p2a: Wishiwashi\n|-damage|p1a: Crawdaunt|207\/486|[from] item: Life Orb\n|\n|-weather|RainDance|[upkeep]\n|upkeep\n|\n|t:|1668036808\n|switch|p2a: Urshifu|Urshifu, L76, M|277\/277\n|-status|p2a: Urshifu|psn\n|turn|15\n|\n|t:|1668036817\n|-start|p2a: Urshifu|Dynamax|\n|-heal|p2a: Urshifu|554\/554 psn|[silent]\n|move|p1a: Crawdaunt|Max Geyser|p2a: Urshifu\n|-damage|p2a: Urshifu|0 fnt\n|faint|p2a: Urshifu\n|-damage|p1a: Crawdaunt|183\/486|[from] item: Life Orb\n|\n|-weather|RainDance|[upkeep]\n|upkeep\n|\n|t:|1668036825\n|switch|p2a: Gothitelle|Gothitelle, L86, M|261\/261\n|-status|p2a: Gothitelle|psn\n|-end|p1a: Crawdaunt|Dynamax\n|-heal|p1a: Crawdaunt|92\/243|[silent]\n|turn|16\n|\n|t:|1668036832\n|move|p1a: Crawdaunt|Knock Off|p2a: Gothitelle\n|-supereffective|p2a: Gothitelle\n|-damage|p2a: Gothitelle|0 fnt\n|-enditem|p2a: Gothitelle|Leftovers|[from] move: Knock Off|[of] p1a: Crawdaunt\n|faint|p2a: Gothitelle\n|-damage|p1a: Crawdaunt|68\/243|[from] item: Life Orb\n|\n|-weather|RainDance|[upkeep]\n|upkeep\n|\n|t:|1668036836\n|switch|p2a: Chandelure|Chandelure, L82, F|233\/233\n|turn|17\n|c|\u2606Ryudociel|Shieet\n|\n|t:|1668036849\n|move|p1a: Crawdaunt|Knock Off|p2a: Chandelure\n|-supereffective|p2a: Chandelure\n|-damage|p2a: Chandelure|0 fnt\n|-enditem|p2a: Chandelure|Heavy-Duty Boots|[from] move: Knock Off|[of] p1a: Crawdaunt\n|faint|p2a: Chandelure\n|-damage|p1a: Crawdaunt|44\/243|[from] item: Life Orb\n|\n|win|Ryudociel\n|raw|Ryudociel's rating: 1707 &rarr; <strong>1724<\/strong><br \/>(+17 for winning)\n|raw|Supernerdjack's rating: 1658 &rarr; <strong>1641<\/strong><br \/>(-17 for losing)\n|c|\u2606Supernerdjack|rip\n|l|\u2606Supernerdjack\n||Ladder isn't responding, score probably updated but might not have (Request timeout).\n","inputlog":">version 453a3ad56483cc6a5c08448f6577d394b68621b7\n>start {\"formatid\":\"gen8randombattle\",\"seed\":[2290,14877,2157,24004],\"rated\":\"Rated battle\"}\n>player p1 {\"name\":\"Ryudociel\",\"avatar\":\"hugh\",\"rating\":1707,\"seed\":[57652,33962,994,17075]}\n>player p2 {\"name\":\"Supernerdjack\",\"avatar\":\"blackbelt-gen4dp\",\"rating\":1658,\"seed\":[13467,19391,24149,5636]}\n>p1 switch 4\n>p2 move scald\n>p1 move calmmind\n>p2 move scald\n>p1 move wish\n>p2 switch 6\n>p1 move protect\n>p2 move leechseed\n>p1 move hypervoice\n>p2 move leechseed\n>p1 move hypervoice\n>p2 move gigadrain\n>p2 switch 3\n>p1 switch 2\n>p2 move stoneedge\n>p1 move bodypress\n>p2 switch 6\n>p1 move toxicspikes\n>p2 move scald\n>p1 switch 2\n>p2 move scald\n>p1 move hypervoice\n>p2 move scald\n>p1 switch 6\n>chat \u2606Ryudociel|Mr CRAW\n>chat \u2606Supernerdjack|i hate this crabby \n>p1 move dragondance\n>p2 switch 6\n>p1 move crabhammer dynamax\n>p2 move closecombat\n>p2 switch 6\n>p1 move closecombat dynamax\n>p2 move uturn\n>p2 switch 4\n>p1 move crabhammer dynamax\n>p2 move closecombat dynamax\n>p2 switch 2\n>p1 move knockoff\n>p2 move thunderbolt\n>p2 switch 5\n>chat \u2606Ryudociel|Shieet\n>p1 move knockoff\n>p2 move shadowball","uploadtime":1668036862,"views":3,"p1id":"ryudociel","p2id":"supernerdjack","formatid":"gen8randombattle","rating":1641,"private":0,"password":null}