{"id":"gen8ou-1242104386","p1":"Vodyne","p2":"Lucinasfeetlicker","format":"gen8ou","log":"|j|\u2606Vodyne\n|j|\u203dLucinasfeetlicker\n|t:|1607753750\n|player|p1|Vodyne|dawn|1428\n|player|p2|Lucinasfeetlicker|schoolboy-gen2|1388\n|teamsize|p1|6\n|teamsize|p2|6\n|gametype|singles\n|gen|8\n|tier|[Gen 8] OU\n|rated|\n|clearpoke\n|poke|p1|Victini|\n|poke|p1|Rotom-Mow|\n|poke|p1|Suicune|\n|poke|p1|Diancie|\n|poke|p1|Celesteela|\n|poke|p1|Snorlax, M|\n|poke|p2|Pelipper, M|\n|poke|p2|Zapdos|\n|poke|p2|Barraskewda, M|\n|poke|p2|Ferrothorn, M|\n|poke|p2|Garchomp, F|\n|poke|p2|Azumarill, M|\n|rule|Sleep Clause Mod: Limit one foe put to sleep\n|rule|Species Clause: Limit one of each Pok\u00e9mon\n|rule|OHKO Clause: OHKO moves are banned\n|rule|Evasion Moves Clause: Evasion moves are banned\n|rule|Endless Battle Clause: Forcing endless battles is banned\n|rule|HP Percentage Mod: HP is shown in percentages\n|rule|Dynamax Clause: You cannot dynamax\n|teampreview\n|\n|t:|1607753771\n|start\n|switch|p1a: Rotom|Rotom-Mow|100\/100\n|switch|p2a: Barraskewda|Barraskewda, M|100\/100\n|turn|1\n|\n|t:|1607753778\n|switch|p2a: Garchomp|Garchomp, F|100\/100\n|move|p1a: Rotom|Leaf Storm|p2a: Garchomp\n|-damage|p2a: Garchomp|48\/100\n|-unboost|p1a: Rotom|spa|2\n|\n|upkeep\n|turn|2\n|\n|t:|1607753790\n|switch|p1a: Suicune|Suicune|100\/100\n|-ability|p1a: Suicune|Pressure\n|move|p2a: Garchomp|Swords Dance|p2a: Garchomp\n|-boost|p2a: Garchomp|atk|2\n|\n|upkeep\n|turn|3\n|\n|t:|1607753798\n|move|p2a: Garchomp|Earthquake|p1a: Suicune\n|-damage|p1a: Suicune|31\/100\n|-damage|p2a: Garchomp|38\/100|[from] item: Life Orb\n|move|p1a: Suicune|Ice Beam|p2a: Garchomp\n|-supereffective|p2a: Garchomp\n|-damage|p2a: Garchomp|0 fnt\n|faint|p2a: Garchomp\n|\n|-heal|p1a: Suicune|37\/100|[from] item: Leftovers\n|upkeep\n|\n|t:|1607753810\n|switch|p2a: Zapdos|Zapdos|100\/100\n|turn|4\n|\n|t:|1607753824\n|switch|p1a: Snorlax|Snorlax, M|100\/100\n|move|p2a: Zapdos|Thunder|p1a: Snorlax|[miss]\n|-miss|p2a: Zapdos|p1a: Snorlax\n|\n|upkeep\n|turn|5\n|\n|t:|1607753832\n|switch|p2a: Pelipper|Pelipper, M|100\/100\n|-weather|RainDance|[from] ability: Drizzle|[of] p2a: Pelipper\n|move|p1a: Snorlax|Body Slam|p2a: Pelipper\n|-damage|p2a: Pelipper|77\/100\n|-status|p2a: Pelipper|par\n|\n|-weather|RainDance|[upkeep]\n|upkeep\n|turn|6\n|\n|t:|1607753845\n|move|p1a: Snorlax|Body Slam|p2a: Pelipper\n|-damage|p2a: Pelipper|53\/100 par\n|move|p2a: Pelipper|U-turn|p1a: Snorlax\n|-damage|p1a: Snorlax|92\/100\n|\n|t:|1607753864\n|switch|p2a: Azumarill|Azumarill, M|100\/100|[from]move: U-turn\n|\n|-weather|RainDance|[upkeep]\n|-heal|p1a: Snorlax|99\/100|[from] item: Leftovers\n|upkeep\n|turn|7\n|\n|t:|1607753888\n|switch|p1a: Suicune|Suicune|37\/100\n|-ability|p1a: Suicune|Pressure\n|move|p2a: Azumarill|Liquidation|p1a: Suicune\n|-resisted|p1a: Suicune\n|-damage|p1a: Suicune|3\/100\n|\n|-weather|RainDance|[upkeep]\n|-heal|p1a: Suicune|9\/100|[from] item: Leftovers\n|upkeep\n|turn|8\n|\n|t:|1607753907\n|move|p1a: Suicune|Rest|p1a: Suicune\n|-status|p1a: Suicune|slp|[from] move: Rest\n|-heal|p1a: Suicune|100\/100 slp|[silent]\n|move|p2a: Azumarill|Liquidation|p1a: Suicune\n|-resisted|p1a: Suicune\n|-damage|p1a: Suicune|66\/100 slp\n|\n|-weather|RainDance|[upkeep]\n|-heal|p1a: Suicune|72\/100 slp|[from] item: Leftovers\n|upkeep\n|turn|9\n|\n|t:|1607753920\n|switch|p2a: Zapdos|Zapdos|100\/100\n|cant|p1a: Suicune|slp\n|\n|-weather|RainDance|[upkeep]\n|-heal|p1a: Suicune|78\/100 slp|[from] item: Leftovers\n|upkeep\n|turn|10\n|\n|t:|1607753927\n|switch|p1a: Snorlax|Snorlax, M|99\/100\n|move|p2a: Zapdos|Hurricane|p1a: Snorlax\n|-damage|p1a: Snorlax|76\/100\n|\n|-weather|RainDance|[upkeep]\n|-heal|p1a: Snorlax|82\/100|[from] item: Leftovers\n|upkeep\n|turn|11\n|\n|t:|1607753938\n|switch|p2a: Ferrothorn|Ferrothorn, M|100\/100\n|move|p1a: Snorlax|Curse|p1a: Snorlax\n|-unboost|p1a: Snorlax|spe|1\n|-boost|p1a: Snorlax|atk|1\n|-boost|p1a: Snorlax|def|1\n|\n|-weather|RainDance|[upkeep]\n|-heal|p1a: Snorlax|88\/100|[from] item: Leftovers\n|upkeep\n|turn|12\n|\n|t:|1607753987\n|switch|p1a: Riga|Celesteela|100\/100\n|move|p2a: Ferrothorn|Knock Off|p1a: Riga\n|-damage|p1a: Riga|80\/100\n|-enditem|p1a: Riga|Power Herb|[from] move: Knock Off|[of] p2a: Ferrothorn\n|\n|-weather|none\n|upkeep\n|turn|13\n|\n|t:|1607753995\n|move|p1a: Riga|Flamethrower|p2a: Ferrothorn\n|-supereffective|p2a: Ferrothorn\n|-damage|p2a: Ferrothorn|24\/100\n|move|p2a: Ferrothorn|Spikes|p1a: Riga\n|-sidestart|p1: Vodyne|Spikes\n|\n|-heal|p2a: Ferrothorn|30\/100|[from] item: Leftovers\n|upkeep\n|turn|14\n|\n|t:|1607754002\n|switch|p2a: Pelipper|Pelipper, M|53\/100 par\n|-weather|RainDance|[from] ability: Drizzle|[of] p2a: Pelipper\n|move|p1a: Riga|Autotomize|p1a: Riga\n|-boost|p1a: Riga|spe|2\n|-start|p1a: Riga|Autotomize\n|\n|-weather|RainDance|[upkeep]\n|upkeep\n|turn|15\n|\n|t:|1607754019\n|switch|p2a: Zapdos|Zapdos|100\/100\n|move|p1a: Riga|Autotomize|p1a: Riga\n|-boost|p1a: Riga|spe|2\n|-start|p1a: Riga|Autotomize\n|\n|-weather|RainDance|[upkeep]\n|upkeep\n|turn|16\n|\n|t:|1607754028\n|move|p1a: Riga|Meteor Beam||[still]\n|-prepare|p1a: Riga|Meteor Beam\n|-boost|p1a: Riga|spa|1\n|move|p2a: Zapdos|Thunder|p1a: Riga\n|-supereffective|p1a: Riga\n|-damage|p1a: Riga|0 fnt\n|faint|p1a: Riga\n|\n|-weather|RainDance|[upkeep]\n|upkeep\n|\n|t:|1607754046\n|switch|p1a: Rotom|Rotom-Mow|100\/100\n|turn|17\n|\n|t:|1607754050\n|move|p2a: Zapdos|Hurricane|p1a: Rotom\n|-damage|p1a: Rotom|25\/100\n|move|p1a: Rotom|Will-O-Wisp|p2a: Zapdos\n|-status|p2a: Zapdos|brn\n|\n|-weather|RainDance|[upkeep]\n|-damage|p2a: Zapdos|94\/100 brn|[from] brn\n|upkeep\n|turn|18\n|\n|t:|1607754060\n|switch|p2a: Barraskewda|Barraskewda, M|100\/100\n|switch|p1a: Snorlax|Snorlax, M|88\/100\n|-damage|p1a: Snorlax|76\/100|[from] Spikes\n|\n|-weather|RainDance|[upkeep]\n|-heal|p1a: Snorlax|82\/100|[from] item: Leftovers\n|upkeep\n|turn|19\n|\n|t:|1607754072\n|switch|p1a: Suicune|Suicune|78\/100 slp\n|-damage|p1a: Suicune|66\/100 slp|[from] Spikes\n|-ability|p1a: Suicune|Pressure\n|move|p2a: Barraskewda|Close Combat|p1a: Suicune\n|-damage|p1a: Suicune|27\/100 slp\n|-unboost|p2a: Barraskewda|def|1\n|-unboost|p2a: Barraskewda|spd|1\n|\n|-weather|RainDance|[upkeep]\n|-heal|p1a: Suicune|33\/100 slp|[from] item: Leftovers\n|upkeep\n|turn|20\n|\n|t:|1607754086\n|switch|p2a: Azumarill|Azumarill, M|100\/100\n|cant|p1a: Suicune|slp\n|\n|-weather|RainDance|[upkeep]\n|-heal|p1a: Suicune|39\/100 slp|[from] item: Leftovers\n|upkeep\n|turn|21\n|\n|t:|1607754095\n|-curestatus|p1a: Suicune|slp|[msg]\n|move|p1a: Suicune|Scald|p2a: Azumarill\n|-resisted|p2a: Azumarill\n|-damage|p2a: Azumarill|77\/100\n|move|p2a: Azumarill|Play Rough|p1a: Suicune\n|-damage|p1a: Suicune|0 fnt\n|faint|p1a: Suicune\n|\n|-weather|none\n|upkeep\n|\n|t:|1607754104\n|switch|p1a: Rotom|Rotom-Mow|25\/100\n|turn|22\n|\n|t:|1607754116\n|switch|p2a: Zapdos|Zapdos|94\/100 brn\n|move|p1a: Rotom|Volt Switch|p2a: Zapdos\n|-damage|p2a: Zapdos|63\/100 brn\n|\n|t:|1607754119\n|switch|p1a: Diancie|Diancie|100\/100|[from]move: Volt Switch\n|-damage|p1a: Diancie|88\/100|[from] Spikes\n|\n|-damage|p2a: Zapdos|57\/100 brn|[from] brn\n|upkeep\n|turn|23\n|\n|t:|1607754137\n|switch|p2a: Azumarill|Azumarill, M|77\/100\n|move|p1a: Diancie|Diamond Storm|p2a: Azumarill\n|-damage|p2a: Azumarill|24\/100\n|-boost|p1a: Diancie|def|2\n|\n|upkeep\n|turn|24\n|\n|t:|1607754147\n|move|p2a: Azumarill|Liquidation|p1a: Diancie\n|-supereffective|p1a: Diancie\n|-damage|p1a: Diancie|21\/100\n|move|p1a: Diancie|Diamond Storm|p2a: Azumarill\n|-crit|p2a: Azumarill\n|-damage|p2a: Azumarill|0 fnt\n|faint|p2a: Azumarill\n|\n|upkeep\n|\n|t:|1607754157\n|switch|p2a: Barraskewda|Barraskewda, M|100\/100\n|turn|25\n|\n|t:|1607754166\n|move|p2a: Barraskewda|Liquidation|p1a: Diancie\n|-supereffective|p1a: Diancie\n|-damage|p1a: Diancie|0 fnt\n|faint|p1a: Diancie\n|\n|upkeep\n|\n|t:|1607754172\n|switch|p1a: Rotom|Rotom-Mow|25\/100\n|turn|26\n|\n|t:|1607754182\n|switch|p2a: Zapdos|Zapdos|57\/100 brn\n|move|p1a: Rotom|Thunderbolt|p2a: Zapdos\n|-damage|p2a: Zapdos|16\/100 brn\n|\n|-damage|p2a: Zapdos|10\/100 brn|[from] brn\n|upkeep\n|turn|27\n|\n|t:|1607754191\n|move|p2a: Zapdos|Hurricane|p1a: Rotom|[miss]\n|-miss|p2a: Zapdos|p1a: Rotom\n|move|p1a: Rotom|Volt Switch|p2a: Zapdos\n|-damage|p2a: Zapdos|0 fnt\n|faint|p2a: Zapdos\n|\n|t:|1607754196\n|switch|p1a: Victini|Victini|100\/100|[from]move: Volt Switch\n|-damage|p1a: Victini|88\/100|[from] Spikes\n|\n|upkeep\n|\n|t:|1607754207\n|switch|p2a: Pelipper|Pelipper, M|53\/100 par\n|-weather|RainDance|[from] ability: Drizzle|[of] p2a: Pelipper\n|turn|28\n|\n|t:|1607754212\n|move|p1a: Victini|Bolt Strike|p2a: Pelipper\n|-supereffective|p2a: Pelipper\n|-damage|p2a: Pelipper|0 fnt\n|faint|p2a: Pelipper\n|\n|-weather|RainDance|[upkeep]\n|upkeep\n|\n|t:|1607754218\n|switch|p2a: Barraskewda|Barraskewda, M|100\/100\n|turn|29\n|\n|t:|1607754224\n|switch|p1a: Snorlax|Snorlax, M|82\/100\n|-damage|p1a: Snorlax|70\/100|[from] Spikes\n|move|p2a: Barraskewda|Liquidation|p1a: Snorlax\n|-damage|p1a: Snorlax|0 fnt\n|faint|p1a: Snorlax\n|\n|-weather|RainDance|[upkeep]\n|upkeep\n|\n|t:|1607754230\n|switch|p1a: Rotom|Rotom-Mow|25\/100\n|turn|30\n|\n|t:|1607754233\n|move|p2a: Barraskewda|Liquidation|p1a: Rotom\n|-resisted|p1a: Rotom\n|-damage|p1a: Rotom|0 fnt\n|faint|p1a: Rotom\n|\n|-weather|RainDance|[upkeep]\n|upkeep\n|\n|t:|1607754236\n|switch|p1a: Victini|Victini|88\/100\n|-damage|p1a: Victini|76\/100|[from] Spikes\n|turn|31\n|\n|t:|1607754241\n|move|p2a: Barraskewda|Liquidation|p1a: Victini\n|-supereffective|p1a: Victini\n|-damage|p1a: Victini|0 fnt\n|faint|p1a: Victini\n|\n|win|Lucinasfeetlicker\n|l|\u2606Vodyne\n|raw|Vodyne's rating: 1428 &rarr; <strong>1406<\/strong><br \/>(-22 for losing)\n|raw|Lucinasfeetlicker's rating: 1388 &rarr; <strong>1410<\/strong><br \/>(+22 for winning)\n","uploadtime":1607754248,"views":16,"p1id":"vodyne","p2id":"lucinasfeetlicker","formatid":"gen8ou","rating":1406,"private":0,"password":null}