{"id":"gen8ou-1673125188","p1":"LT94JE Allistair","p2":"FuckboyCharmander","format":"gen8ou","log":"|j|\u2606LT94JE Allistair\n|j|\u2606FuckboyCharmander\n|t:|1664436497\n|gametype|singles\n|player|p1|LT94JE Allistair|2|1689\n|player|p2|FuckboyCharmander|265|1734\n|teamsize|p1|6\n|teamsize|p2|6\n|gen|8\n|tier|[Gen 8] OU\n|rated|\n|rule|Sleep Clause Mod: Limit one foe put to sleep\n|rule|Species Clause: Limit one of each Pok\u00e9mon\n|rule|OHKO Clause: OHKO moves are banned\n|rule|Evasion Items Clause: Evasion items are banned\n|rule|Evasion Moves Clause: Evasion moves are banned\n|rule|Endless Battle Clause: Forcing endless battles is banned\n|rule|HP Percentage Mod: HP is shown in percentages\n|rule|Dynamax Clause: You cannot dynamax\n|clearpoke\n|poke|p1|Mew|\n|poke|p1|Slurpuff, F|\n|poke|p1|Jirachi|\n|poke|p1|Vanilluxe, F|\n|poke|p1|Weavile, F|\n|poke|p1|Ninetales-Alola, M|\n|poke|p2|Ninetales-Alola, F|\n|poke|p2|Blaziken, F|\n|poke|p2|Azumarill, F|\n|poke|p2|Landorus-Therian, M|\n|poke|p2|Rillaboom, F|\n|poke|p2|Hawlucha, M|\n|teampreview\n|\n|t:|1664436507\n|start\n|switch|p1a: Slurpuff|Slurpuff, F|100\/100\n|switch|p2a: Azumarill|Azumarill, F|100\/100\n|turn|1\n|\n|t:|1664436510\n|move|p1a: Slurpuff|Sticky Web|p2a: Azumarill\n|-sidestart|p2: FuckboyCharmander|move: Sticky Web\n|move|p2a: Azumarill|Play Rough|p1a: Slurpuff\n|-damage|p1a: Slurpuff|31\/100\n|-damage|p2a: Azumarill|91\/100|[from] item: Life Orb\n|\n|upkeep\n|turn|2\n|j| nightsuwu\n|\n|t:|1664436515\n|move|p1a: Slurpuff|Yawn|p2a: Azumarill\n|-start|p2a: Azumarill|move: Yawn|[of] p1a: Slurpuff\n|move|p2a: Azumarill|Play Rough|p1a: Slurpuff\n|-damage|p1a: Slurpuff|0 fnt\n|faint|p1a: Slurpuff\n|-damage|p2a: Azumarill|81\/100|[from] item: Life Orb\n|\n|upkeep\n|\n|t:|1664436531\n|switch|p1a: Vanilluxe|Vanilluxe, F|100\/100\n|-weather|Hail|[from] ability: Snow Warning|[of] p1a: Vanilluxe\n|turn|3\n|\n|t:|1664436536\n|switch|p2a: Ninetales|Ninetales-Alola, F|100\/100\n|-activate|p2a: Ninetales|move: Sticky Web\n|-unboost|p2a: Ninetales|spe|1\n|move|p1a: Vanilluxe|Aurora Veil|p1a: Vanilluxe\n|-sidestart|p1: LT94JE Allistair|move: Aurora Veil\n|\n|-weather|Hail|[upkeep]\n|upkeep\n|turn|4\n|\n|t:|1664436540\n|move|p1a: Vanilluxe|Taunt|p2a: Ninetales\n|-start|p2a: Ninetales|move: Taunt\n|cant|p2a: Ninetales|move: Taunt|Aurora Veil\n|\n|-weather|Hail|[upkeep]\n|upkeep\n|turn|5\n|\n|t:|1664436545\n|switch|p1a: Mew|Mew|100\/100\n|move|p2a: Ninetales|Moonblast|p1a: Mew\n|-damage|p1a: Mew|86\/100\n|\n|-weather|Hail|[upkeep]\n|-damage|p1a: Mew|79\/100|[from] Hail\n|upkeep\n|turn|6\n|\n|t:|1664436552\n|move|p1a: Mew|Cosmic Power|p1a: Mew\n|-boost|p1a: Mew|def|1\n|-boost|p1a: Mew|spd|1\n|move|p2a: Ninetales|Moonblast|p1a: Mew\n|-damage|p1a: Mew|69\/100\n|-unboost|p1a: Mew|spa|1\n|\n|-weather|Hail|[upkeep]\n|-damage|p1a: Mew|62\/100|[from] Hail\n|-end|p2a: Ninetales|move: Taunt\n|upkeep\n|turn|7\n|\n|t:|1664436555\n|move|p1a: Mew|Taunt|p2a: Ninetales\n|-start|p2a: Ninetales|move: Taunt\n|cant|p2a: Ninetales|move: Taunt|Toxic\n|\n|-weather|none\n|upkeep\n|turn|8\n|\n|t:|1664436558\n|switch|p2a: Landorus|Landorus-Therian, M|100\/100\n|-ability|p2a: Landorus|Intimidate|boost\n|-unboost|p1a: Mew|atk|1\n|move|p1a: Mew|Cosmic Power|p1a: Mew\n|-boost|p1a: Mew|def|1\n|-boost|p1a: Mew|spd|1\n|\n|upkeep\n|turn|9\n|\n|t:|1664436560\n|move|p1a: Mew|Taunt|p2a: Landorus\n|-start|p2a: Landorus|move: Taunt\n|move|p2a: Landorus|Knock Off|p1a: Mew\n|-supereffective|p1a: Mew\n|-damage|p1a: Mew|45\/100\n|-enditem|p1a: Mew|Weakness Policy\n|-boost|p1a: Mew|atk|2|[from] item: Weakness Policy\n|-boost|p1a: Mew|spa|2|[from] item: Weakness Policy\n|\n|upkeep\n|turn|10\n|\n|t:|1664436566\n|move|p1a: Mew|Roost|p1a: Mew\n|-heal|p1a: Mew|95\/100\n|-singleturn|p1a: Mew|move: Roost\n|move|p2a: Landorus|Knock Off|p1a: Mew\n|-supereffective|p1a: Mew\n|-damage|p1a: Mew|84\/100\n|\n|-sideend|p1: LT94JE Allistair|move: Aurora Veil\n|upkeep\n|turn|11\n|j| jsjejejejjdmmdjd\n|\n|t:|1664436571\n|switch|p2a: Ninetales|Ninetales-Alola, F|100\/100\n|-activate|p2a: Ninetales|move: Sticky Web\n|-unboost|p2a: Ninetales|spe|1\n|-weather|Hail|[from] ability: Snow Warning|[of] p2a: Ninetales\n|move|p1a: Mew|Cosmic Power|p1a: Mew\n|-boost|p1a: Mew|def|1\n|-boost|p1a: Mew|spd|1\n|\n|-weather|Hail|[upkeep]\n|-damage|p1a: Mew|78\/100|[from] Hail\n|upkeep\n|turn|12\n|\n|t:|1664436573\n|move|p1a: Mew|Taunt|p2a: Ninetales\n|-start|p2a: Ninetales|move: Taunt\n|cant|p2a: Ninetales|move: Taunt|Toxic\n|\n|-weather|Hail|[upkeep]\n|-damage|p1a: Mew|72\/100|[from] Hail\n|upkeep\n|turn|13\n|\n|t:|1664436575\n|move|p1a: Mew|Cosmic Power|p1a: Mew\n|-boost|p1a: Mew|def|1\n|-boost|p1a: Mew|spd|1\n|move|p2a: Ninetales|Freeze-Dry|p1a: Mew\n|-damage|p1a: Mew|64\/100\n|\n|-weather|Hail|[upkeep]\n|-damage|p1a: Mew|58\/100|[from] Hail\n|upkeep\n|turn|14\n|\n|t:|1664436578\n|move|p1a: Mew|Roost|p1a: Mew\n|-heal|p1a: Mew|100\/100\n|-singleturn|p1a: Mew|move: Roost\n|move|p2a: Ninetales|Freeze-Dry|p1a: Mew\n|-damage|p1a: Mew|92\/100\n|\n|-weather|Hail|[upkeep]\n|-damage|p1a: Mew|86\/100|[from] Hail\n|-end|p2a: Ninetales|move: Taunt\n|upkeep\n|turn|15\n|\n|t:|1664436580\n|move|p1a: Mew|Taunt|p2a: Ninetales\n|-start|p2a: Ninetales|move: Taunt\n|move|p2a: Ninetales|Freeze-Dry|p1a: Mew\n|-damage|p1a: Mew|78\/100\n|\n|-weather|none\n|upkeep\n|turn|16\n|\n|t:|1664436584\n|switch|p2a: Rillaboom|Rillaboom, F|100\/100\n|-activate|p2a: Rillaboom|move: Sticky Web\n|-unboost|p2a: Rillaboom|spe|1\n|-fieldstart|move: Grassy Terrain|[from] ability: Grassy Surge|[of] p2a: Rillaboom\n|move|p1a: Mew|Cosmic Power|p1a: Mew\n|-boost|p1a: Mew|def|1\n|-boost|p1a: Mew|spd|1\n|\n|-heal|p1a: Mew|84\/100|[from] Grassy Terrain\n|upkeep\n|turn|17\n|j| wdz999\n|\n|t:|1664436588\n|move|p1a: Mew|Stored Power|p2a: Rillaboom\n|-damage|p2a: Rillaboom|0 fnt\n|faint|p2a: Rillaboom\n|\n|-heal|p1a: Mew|91\/100|[from] Grassy Terrain\n|upkeep\n|-message|FuckboyCharmander forfeited.\n|\n|win|LT94JE Allistair\n|raw|LT94JE Allistair's rating: 1689 &rarr; <strong>1712<\/strong><br \/>(+23 for winning)\n|raw|FuckboyCharmander's rating: 1734 &rarr; <strong>1711<\/strong><br \/>(-23 for losing)\n|l|\u2606FuckboyCharmander\n|l|\u2606LT94JE Allistair\n","uploadtime":1664436601,"views":18,"p1id":"lt94jeallistair","p2id":"fuckboycharmander","formatid":"gen8ou","rating":1711,"private":0,"password":null}