{"id":"gen8randombattle-1091676963","p1":"VA14NTINE","p2":"BaddyGames","format":"gen8randombattle","log":"|j|\u2606VA14NTINE\n|j|\u2606BaddyGames\n|player|p1|VA14NTINE|249|\n|player|p2|BaddyGames|275|\n|teamsize|p1|6\n|teamsize|p2|6\n|gametype|singles\n|gen|8\n|tier|[Gen 8] Random Battle\n|rule|Species Clause: Limit one of each Pok\u00e9mon\n|rule|HP Percentage Mod: HP is shown in percentages\n|rule|Sleep Clause Mod: Limit one foe put to sleep\n|\n|start\n|switch|p1a: Drednaw|Drednaw, L86, F|295\/295\n|switch|p2a: Flapple|Flapple, L84, F|255\/255\n|turn|1\n|inactive|Battle timer is ON: inactive players will automatically lose when time's up. (requested by VA14NTINE)\n|\n|switch|p1a: Eldegoss|Eldegoss, L86, M|243\/243\n|move|p2a: Flapple|Grav Apple|p1a: Eldegoss\n|-resisted|p1a: Eldegoss\n|-damage|p1a: Eldegoss|171\/243\n|-unboost|p1a: Eldegoss|def|1\n|\n|-heal|p1a: Eldegoss|186\/243|[from] item: Leftovers\n|upkeep\n|turn|2\n|\n|move|p2a: Flapple|Dragon Dance|p2a: Flapple\n|-boost|p2a: Flapple|atk|1\n|-boost|p2a: Flapple|spe|1\n|move|p1a: Eldegoss|Charm|p2a: Flapple\n|-unboost|p2a: Flapple|atk|2\n|\n|-heal|p1a: Eldegoss|201\/243|[from] item: Leftovers\n|upkeep\n|turn|3\n|\n|move|p2a: Flapple|Sucker Punch||[still]\n|-fail|p2a: Flapple\n|move|p1a: Eldegoss|Charm|p2a: Flapple\n|-unboost|p2a: Flapple|atk|2\n|\n|-heal|p1a: Eldegoss|216\/243|[from] item: Leftovers\n|upkeep\n|turn|4\n|\n|switch|p2a: Ferrothorn|Ferrothorn, L80, M|250\/250\n|switch|p1a: Jellicent|Jellicent, L84, M|305\/305\n|\n|upkeep\n|turn|5\n|\n|move|p1a: Jellicent|Scald|p2a: Ferrothorn\n|-resisted|p2a: Ferrothorn\n|-damage|p2a: Ferrothorn|217\/250\n|-status|p2a: Ferrothorn|brn\n|move|p2a: Ferrothorn|Leech Seed|p1a: Jellicent\n|-start|p1a: Jellicent|move: Leech Seed\n|\n|-heal|p2a: Ferrothorn|232\/250 brn|[from] item: Leftovers\n|-damage|p1a: Jellicent|267\/305|[from] Leech Seed|[of] p2a: Ferrothorn\n|-heal|p2a: Ferrothorn|250\/250 brn|[silent]\n|-damage|p2a: Ferrothorn|235\/250 brn|[from] brn\n|upkeep\n|turn|6\n|\n|switch|p1a: Eldegoss|Eldegoss, L86, M|243\/243\n|move|p2a: Ferrothorn|Stealth Rock|p1a: Eldegoss\n|-sidestart|p1: VA14NTINE|move: Stealth Rock\n|\n|-heal|p2a: Ferrothorn|250\/250 brn|[from] item: Leftovers\n|-damage|p2a: Ferrothorn|235\/250 brn|[from] brn\n|upkeep\n|turn|7\n|\n|switch|p2a: Entei|Entei, L82|323\/323\n|-ability|p2a: Entei|Pressure\n|move|p1a: Eldegoss|Rapid Spin|p2a: Entei\n|-damage|p2a: Entei|298\/323\n|-boost|p1a: Eldegoss|spe|1\n|-sideend|p1: VA14NTINE|Stealth Rock|[from] move: Rapid Spin|[of] p1a: Eldegoss\n|\n|upkeep\n|turn|8\n|\n|move|p1a: Eldegoss|Sleep Powder|p2a: Entei\n|-status|p2a: Entei|slp|[from] move: Sleep Powder\n|cant|p2a: Entei|slp\n|\n|upkeep\n|turn|9\n|\n|switch|p2a: Grapploct|Grapploct, L88, M|284\/284\n|move|p1a: Eldegoss|Charm|p2a: Grapploct\n|-unboost|p2a: Grapploct|atk|2\n|\n|upkeep\n|turn|10\n|c|\u2606VA14NTINE|Please stop harassing me Baddy\n|c|\u2606BaddyGames|ok\n|j| Poke ec\n|\n|switch|p1a: Azelf|Azelf, L80|251\/251\n|move|p2a: Grapploct|Ice Punch|p1a: Azelf\n|-damage|p1a: Azelf|192\/251\n|\n|-heal|p1a: Azelf|207\/251|[from] item: Leftovers\n|upkeep\n|turn|11\n|\n|switch|p2a: Ferrothorn|Ferrothorn, L80, M|235\/250 brn\n|move|p1a: Azelf|Stealth Rock|p2a: Ferrothorn\n|-sidestart|p2: BaddyGames|move: Stealth Rock\n|\n|-heal|p1a: Azelf|222\/251|[from] item: Leftovers\n|-heal|p2a: Ferrothorn|250\/250 brn|[from] item: Leftovers\n|-damage|p2a: Ferrothorn|235\/250 brn|[from] brn\n|upkeep\n|turn|12\n|c| Poke ec|I\u2019m from poke ecliplse\n|c| Poke ec|im master of death\n|\n|switch|p1a: Eldegoss|Eldegoss, L86, M|243\/243\n|move|p2a: Ferrothorn|Stealth Rock|p1a: Eldegoss\n|-sidestart|p1: VA14NTINE|move: Stealth Rock\n|\n|-heal|p2a: Ferrothorn|250\/250 brn|[from] item: Leftovers\n|-damage|p2a: Ferrothorn|235\/250 brn|[from] brn\n|upkeep\n|turn|13\n|c| Poke ec|and im a pro in this game\n|\n|switch|p2a: Grapploct|Grapploct, L88, M|284\/284\n|-damage|p2a: Grapploct|267\/284|[from] Stealth Rock\n|move|p1a: Eldegoss|Charm|p2a: Grapploct\n|-unboost|p2a: Grapploct|atk|2\n|\n|upkeep\n|turn|14\n|\n|move|p1a: Eldegoss|Rapid Spin|p2a: Grapploct\n|-damage|p2a: Grapploct|244\/284\n|-boost|p1a: Eldegoss|spe|1\n|-sideend|p1: VA14NTINE|Stealth Rock|[from] move: Rapid Spin|[of] p1a: Eldegoss\n|move|p2a: Grapploct|Ice Punch|p1a: Eldegoss\n|-supereffective|p1a: Eldegoss\n|-damage|p1a: Eldegoss|147\/243\n|\n|-heal|p1a: Eldegoss|162\/243|[from] item: Leftovers\n|upkeep\n|turn|15\n|c| Poke ec|so who wanna get beat by the pokemon master\n|\n|switch|p1a: Heatmor|Heatmor, L88, M|293\/293\n|move|p2a: Grapploct|Ice Punch|p1a: Heatmor\n|-resisted|p1a: Heatmor\n|-damage|p1a: Heatmor|260\/293\n|\n|upkeep\n|turn|16\n|\n|switch|p2a: Entei|Entei, L82|298\/323 slp\n|-damage|p2a: Entei|218\/323 slp|[from] Stealth Rock\n|-ability|p2a: Entei|Pressure\n|move|p1a: Heatmor|Fire Lash|p2a: Entei\n|-resisted|p2a: Entei\n|-damage|p2a: Entei|157\/323 slp\n|-unboost|p2a: Entei|def|1\n|-damage|p1a: Heatmor|231\/293|[from] item: Life Orb\n|\n|upkeep\n|turn|17\n|\n|cant|p2a: Entei|slp\n|move|p1a: Heatmor|Fire Lash|p2a: Entei\n|-resisted|p2a: Entei\n|-damage|p2a: Entei|65\/323 slp\n|-unboost|p2a: Entei|def|1\n|-damage|p1a: Heatmor|202\/293|[from] item: Life Orb\n|\n|upkeep\n|turn|18\n|c|\u2606VA14NTINE|yikes\n|j| Biggggggn\n|\n|move|p1a: Heatmor|Sucker Punch|p2a: Entei\n|-damage|p2a: Entei|0 fnt\n|-damage|p1a: Heatmor|173\/293|[from] item: Life Orb\n|faint|p2a: Entei\n|\n|upkeep\n|c| Poke ec|VA\n|j| FlaowaKenn\n|c|\u2606VA14NTINE|Rules have been updated by Lucas\n|c| Poke ec|did u hear what I said\n|\n|switch|p2a: Flapple|Flapple, L84, F|255\/255\n|-damage|p2a: Flapple|224\/255|[from] Stealth Rock\n|turn|19\n|c| Poke ec|im masterofdeath\n|c|\u2606VA14NTINE|If I win I own Baddy's box\n|c| Poke ec|and I\u2019m a pro\n|c| Poke ec|in this game\n|\n|move|p2a: Flapple|Dragon Dance|p2a: Flapple\n|-boost|p2a: Flapple|atk|1\n|-boost|p2a: Flapple|spe|1\n|move|p1a: Heatmor|Fire Lash|p2a: Flapple\n|-damage|p2a: Flapple|103\/255\n|-unboost|p2a: Flapple|def|1\n|-damage|p1a: Heatmor|144\/293|[from] item: Life Orb\n|\n|upkeep\n|turn|20\n|c|\u2606BaddyGames|i do not listen to mexicans\n|c| Poke ec|in my \u00falt I have 10000 Wins\n|\n|move|p2a: Flapple|Outrage|p1a: Heatmor\n|-damage|p1a: Heatmor|0 fnt\n|faint|p1a: Heatmor\n|\n|upkeep\n|c| Poke ec|baddy that\u2019s offensive\n|c|\u2606VA14NTINE|You are Mexican\n|c|\u2606BaddyGames|cry more\n|c| Poke ec|yes I am\n|\n|switch|p1a: Doublade|Doublade, L82, F|231\/231\n|turn|21\n|c| Poke ec|Baddy\n|c| Poke ec|wanna go\n|c| Poke ec|for ur best poke\n|\n|move|p2a: Flapple|Outrage|p1a: Doublade|[from]lockedmove\n|-resisted|p1a: Doublade\n|-damage|p1a: Doublade|157\/231\n|-start|p2a: Flapple|confusion|[fatigue]\n|-enditem|p2a: Flapple|Lum Berry|[eat]\n|-end|p2a: Flapple|confusion\n|move|p1a: Doublade|Iron Head|p2a: Flapple\n|-damage|p2a: Flapple|0 fnt\n|faint|p2a: Flapple\n|\n|upkeep\n|\n|switch|p2a: Ferrothorn|Ferrothorn, L80, M|235\/250 brn\n|-damage|p2a: Ferrothorn|220\/250 brn|[from] Stealth Rock\n|turn|22\n|\n|switch|p1a: Eldegoss|Eldegoss, L86, M|243\/243\n|move|p2a: Ferrothorn|Leech Seed|p1a: Eldegoss\n|-immune|p1a: Eldegoss\n|\n|-heal|p2a: Ferrothorn|235\/250 brn|[from] item: Leftovers\n|-damage|p2a: Ferrothorn|220\/250 brn|[from] brn\n|upkeep\n|turn|23\n|\n|switch|p2a: Grapploct|Grapploct, L88, M|244\/284\n|-damage|p2a: Grapploct|227\/284|[from] Stealth Rock\n|move|p1a: Eldegoss|Charm|p2a: Grapploct\n|-unboost|p2a: Grapploct|atk|2\n|\n|upkeep\n|turn|24\n|\n|move|p1a: Eldegoss|Charm|p2a: Grapploct\n|-unboost|p2a: Grapploct|atk|2\n|move|p2a: Grapploct|Ice Punch|p1a: Eldegoss\n|-supereffective|p1a: Eldegoss\n|-damage|p1a: Eldegoss|175\/243\n|\n|-heal|p1a: Eldegoss|190\/243|[from] item: Leftovers\n|upkeep\n|turn|25\n|\n|move|p1a: Eldegoss|Charm|p2a: Grapploct\n|-unboost|p2a: Grapploct|atk|2\n|move|p2a: Grapploct|Ice Punch|p1a: Eldegoss\n|-supereffective|p1a: Eldegoss\n|-damage|p1a: Eldegoss|138\/243\n|\n|-heal|p1a: Eldegoss|153\/243|[from] item: Leftovers\n|upkeep\n|turn|26\n|\n|move|p1a: Eldegoss|Energy Ball|p2a: Grapploct\n|-damage|p2a: Grapploct|140\/284\n|move|p2a: Grapploct|Ice Punch|p1a: Eldegoss\n|-supereffective|p1a: Eldegoss\n|-damage|p1a: Eldegoss|105\/243\n|\n|-heal|p1a: Eldegoss|120\/243|[from] item: Leftovers\n|upkeep\n|turn|27\n|\n|move|p1a: Eldegoss|Energy Ball|p2a: Grapploct\n|-damage|p2a: Grapploct|56\/284\n|move|p2a: Grapploct|Ice Punch|p1a: Eldegoss\n|-supereffective|p1a: Eldegoss\n|-damage|p1a: Eldegoss|68\/243\n|\n|-heal|p1a: Eldegoss|83\/243|[from] item: Leftovers\n|upkeep\n|turn|28\n|\n|move|p1a: Eldegoss|Energy Ball|p2a: Grapploct\n|-damage|p2a: Grapploct|0 fnt\n|faint|p2a: Grapploct\n|\n|-heal|p1a: Eldegoss|98\/243|[from] item: Leftovers\n|upkeep\n|\n|switch|p2a: Ferrothorn|Ferrothorn, L80, M|220\/250 brn\n|-damage|p2a: Ferrothorn|205\/250 brn|[from] Stealth Rock\n|turn|29\n|\n|move|p1a: Eldegoss|Charm|p2a: Ferrothorn\n|-unboost|p2a: Ferrothorn|atk|2\n|move|p2a: Ferrothorn|Gyro Ball|p1a: Eldegoss\n|-damage|p1a: Eldegoss|74\/243\n|\n|-heal|p1a: Eldegoss|89\/243|[from] item: Leftovers\n|-heal|p2a: Ferrothorn|220\/250 brn|[from] item: Leftovers\n|-damage|p2a: Ferrothorn|205\/250 brn|[from] brn\n|upkeep\n|turn|30\n|\n|move|p1a: Eldegoss|Charm|p2a: Ferrothorn\n|-unboost|p2a: Ferrothorn|atk|2\n|move|p2a: Ferrothorn|Gyro Ball|p1a: Eldegoss\n|-damage|p1a: Eldegoss|73\/243\n|\n|-heal|p1a: Eldegoss|88\/243|[from] item: Leftovers\n|-heal|p2a: Ferrothorn|220\/250 brn|[from] item: Leftovers\n|-damage|p2a: Ferrothorn|205\/250 brn|[from] brn\n|upkeep\n|turn|31\n|c| Poke ec|Baddy\n|c| Poke ec|Baddy!\n|c|\u2606BaddyGames|6 physical attackers\n|c|\u2606BaddyGames|wtf is this\n|\n|move|p1a: Eldegoss|Charm|p2a: Ferrothorn\n|-unboost|p2a: Ferrothorn|atk|2\n|move|p2a: Ferrothorn|Gyro Ball|p1a: Eldegoss\n|-damage|p1a: Eldegoss|77\/243\n|\n|-heal|p1a: Eldegoss|92\/243|[from] item: Leftovers\n|-heal|p2a: Ferrothorn|220\/250 brn|[from] item: Leftovers\n|-damage|p2a: Ferrothorn|205\/250 brn|[from] brn\n|upkeep\n|turn|32\n|c|\u2606VA14NTINE|Gj\n|c| Poke ec|BAdddy\n|\n|move|p1a: Eldegoss|Energy Ball|p2a: Ferrothorn\n|-resisted|p2a: Ferrothorn\n|-damage|p2a: Ferrothorn|187\/250 brn\n|move|p2a: Ferrothorn|Gyro Ball|p1a: Eldegoss\n|-damage|p1a: Eldegoss|81\/243\n|\n|-heal|p1a: Eldegoss|96\/243|[from] item: Leftovers\n|-heal|p2a: Ferrothorn|202\/250 brn|[from] item: Leftovers\n|-damage|p2a: Ferrothorn|187\/250 brn|[from] brn\n|upkeep\n|turn|33\n|c| Poke ec|VA\n|\n|move|p1a: Eldegoss|Energy Ball|p2a: Ferrothorn\n|-resisted|p2a: Ferrothorn\n|-damage|p2a: Ferrothorn|168\/250 brn\n|move|p2a: Ferrothorn|Gyro Ball|p1a: Eldegoss\n|-damage|p1a: Eldegoss|84\/243\n|\n|-heal|p1a: Eldegoss|99\/243|[from] item: Leftovers\n|-heal|p2a: Ferrothorn|183\/250 brn|[from] item: Leftovers\n|-damage|p2a: Ferrothorn|168\/250 brn|[from] brn\n|upkeep\n|turn|34\n|c| Poke ec|Guysss\n|c|\u2606VA14NTINE|Did you get a Rainbow Latios yet\n|\n|move|p1a: Eldegoss|Energy Ball|p2a: Ferrothorn\n|-resisted|p2a: Ferrothorn\n|-damage|p2a: Ferrothorn|149\/250 brn\n|move|p2a: Ferrothorn|Gyro Ball|p1a: Eldegoss\n|-damage|p1a: Eldegoss|88\/243\n|\n|-heal|p1a: Eldegoss|103\/243|[from] item: Leftovers\n|-heal|p2a: Ferrothorn|164\/250 brn|[from] item: Leftovers\n|-damage|p2a: Ferrothorn|149\/250 brn|[from] brn\n|upkeep\n|turn|35\n|c| Poke ec|VALENTIME\n|c|\u2606BaddyGames|yes\n|\n|move|p1a: Eldegoss|Energy Ball|p2a: Ferrothorn\n|-resisted|p2a: Ferrothorn\n|-damage|p2a: Ferrothorn|131\/250 brn\n|move|p2a: Ferrothorn|Gyro Ball|p1a: Eldegoss\n|-damage|p1a: Eldegoss|91\/243\n|\n|-heal|p1a: Eldegoss|106\/243|[from] item: Leftovers\n|-heal|p2a: Ferrothorn|146\/250 brn|[from] item: Leftovers\n|-damage|p2a: Ferrothorn|131\/250 brn|[from] brn\n|upkeep\n|turn|36\n|c|\u2606VA14NTINE|nice\n|c| Poke ec|baddy wanna foght\n|c| Poke ec|fight\n|\n|move|p1a: Eldegoss|Energy Ball|p2a: Ferrothorn\n|-resisted|p2a: Ferrothorn\n|-damage|p2a: Ferrothorn|114\/250 brn\n|move|p2a: Ferrothorn|Gyro Ball|p1a: Eldegoss\n|-damage|p1a: Eldegoss|94\/243\n|\n|-heal|p1a: Eldegoss|109\/243|[from] item: Leftovers\n|-heal|p2a: Ferrothorn|129\/250 brn|[from] item: Leftovers\n|-damage|p2a: Ferrothorn|114\/250 brn|[from] brn\n|upkeep\n|turn|37\n|\n|switch|p2a: Greedent|Greedent, L88, M|354\/354\n|-damage|p2a: Greedent|310\/354|[from] Stealth Rock\n|move|p1a: Eldegoss|Energy Ball|p2a: Greedent\n|-crit|p2a: Greedent\n|-damage|p2a: Greedent|181\/354\n|\n|-heal|p1a: Eldegoss|124\/243|[from] item: Leftovers\n|upkeep\n|turn|38\n|c| Poke ec|why ignore me\n|\n|switch|p1a: Doublade|Doublade, L82, F|157\/231\n|move|p2a: Greedent|Body Slam|p1a: Doublade\n|-immune|p1a: Doublade\n|\n|upkeep\n|turn|39\n|\n|move|p1a: Doublade|Swords Dance|p1a: Doublade\n|-boost|p1a: Doublade|atk|2\n|move|p2a: Greedent|Earthquake|p1a: Doublade\n|-supereffective|p1a: Doublade\n|-damage|p1a: Doublade|87\/231\n|\n|upkeep\n|turn|40\n|\n|move|p1a: Doublade|Sacred Sword|p2a: Greedent\n|-supereffective|p2a: Greedent\n|-damage|p2a: Greedent|0 fnt\n|faint|p2a: Greedent\n|\n|upkeep\n|\n|switch|p2a: Quagsire|Quagsire, L86, F|304\/304\n|-damage|p2a: Quagsire|285\/304|[from] Stealth Rock\n|turn|41\n|\n|-start|p2a: Quagsire|Dynamax\n|-heal|p2a: Quagsire|570\/608|[silent]\n|move|p2a: Quagsire|Max Quake|p1a: Doublade\n|-supereffective|p1a: Doublade\n|-crit|p1a: Doublade\n|-damage|p1a: Doublade|0 fnt\n|-boost|p2a: Quagsire|spd|1\n|faint|p1a: Doublade\n|\n|-heal|p2a: Quagsire|589\/608|[from] item: Leftovers\n|upkeep\n|c| Poke ec|ValEN\n|\n|switch|p1a: Eldegoss|Eldegoss, L86, M|205\/243\n|turn|42\n|c| Poke ec|plS awsnee\n|c| Poke ec|awnser\n|c| Poke ec|I\u2019m masterofdeath\n|\n|move|p1a: Eldegoss|Sleep Powder|p2a: Quagsire\n|-status|p2a: Quagsire|slp|[from] move: Sleep Powder\n|cant|p2a: Quagsire|slp\n|\n|-heal|p1a: Eldegoss|220\/243|[from] item: Leftovers\n|-heal|p2a: Quagsire|608\/608 slp|[from] item: Leftovers\n|upkeep\n|turn|43\n|\n|move|p1a: Eldegoss|Charm|p2a: Quagsire\n|-unboost|p2a: Quagsire|atk|2\n|-curestatus|p2a: Quagsire|slp|[msg]\n|move|p2a: Quagsire|Max Quake|p1a: Eldegoss\n|-resisted|p1a: Eldegoss\n|-damage|p1a: Eldegoss|189\/243\n|-boost|p2a: Quagsire|spd|1\n|\n|-heal|p1a: Eldegoss|204\/243|[from] item: Leftovers\n|-end|p2a: Quagsire|Dynamax\n|-heal|p2a: Quagsire|304\/304|[silent]\n|upkeep\n|turn|44\n|\n|move|p1a: Eldegoss|Sleep Powder|p2a: Quagsire\n|-status|p2a: Quagsire|slp|[from] move: Sleep Powder\n|cant|p2a: Quagsire|slp\n|\n|-heal|p1a: Eldegoss|219\/243|[from] item: Leftovers\n|upkeep\n|turn|45\n|c| Poke ec|remember me?\n|\n|move|p1a: Eldegoss|Energy Ball|p2a: Quagsire\n|-supereffective|p2a: Quagsire\n|-damage|p2a: Quagsire|96\/304 slp\n|cant|p2a: Quagsire|slp\n|\n|-heal|p1a: Eldegoss|234\/243|[from] item: Leftovers\n|-heal|p2a: Quagsire|115\/304 slp|[from] item: Leftovers\n|upkeep\n|turn|46\n|\n|move|p1a: Eldegoss|Energy Ball|p2a: Quagsire\n|-supereffective|p2a: Quagsire\n|-damage|p2a: Quagsire|0 fnt\n|faint|p2a: Quagsire\n|\n|-heal|p1a: Eldegoss|243\/243|[from] item: Leftovers\n|upkeep\n|\n|switch|p2a: Ferrothorn|Ferrothorn, L80, M|114\/250 brn\n|-damage|p2a: Ferrothorn|99\/250 brn|[from] Stealth Rock\n|turn|47\n|c|\u2606BaddyGames|gg\n|c| Poke ec|BADDY\n|c|\u2606VA14NTINE|gg\n|c| Poke ec|BADDY\n|\n|move|p1a: Eldegoss|Charm|p2a: Ferrothorn\n|-unboost|p2a: Ferrothorn|atk|2\n|move|p2a: Ferrothorn|Stealth Rock|p1a: Eldegoss\n|-sidestart|p1: VA14NTINE|move: Stealth Rock\n|\n|-heal|p2a: Ferrothorn|114\/250 brn|[from] item: Leftovers\n|-damage|p2a: Ferrothorn|99\/250 brn|[from] brn\n|upkeep\n|turn|48\n|\n|move|p1a: Eldegoss|Charm|p2a: Ferrothorn\n|-unboost|p2a: Ferrothorn|atk|2\n|move|p2a: Ferrothorn|Power Whip|p1a: Eldegoss\n|-resisted|p1a: Eldegoss\n|-damage|p1a: Eldegoss|234\/243\n|\n|-heal|p1a: Eldegoss|243\/243|[from] item: Leftovers\n|-heal|p2a: Ferrothorn|114\/250 brn|[from] item: Leftovers\n|-damage|p2a: Ferrothorn|99\/250 brn|[from] brn\n|upkeep\n|turn|49\n|c| Poke ec|THIS MF WONT AWNSER\n|\n|move|p1a: Eldegoss|Charm|p2a: Ferrothorn\n|-unboost|p2a: Ferrothorn|atk|2\n|move|p2a: Ferrothorn|Power Whip|p1a: Eldegoss\n|-resisted|p1a: Eldegoss\n|-damage|p1a: Eldegoss|237\/243\n|\n|-heal|p1a: Eldegoss|243\/243|[from] item: Leftovers\n|-heal|p2a: Ferrothorn|114\/250 brn|[from] item: Leftovers\n|-damage|p2a: Ferrothorn|99\/250 brn|[from] brn\n|upkeep\n|turn|50\n|-message|BaddyGames forfeited.\n|\n|win|VA14NTINE\n","inputlog":">version 27ab55754bea5f92662446eba0b12f13caa1d28c\n>version-origin 387dd7ce2d0b834580f1b9b8c3a8f95abb544df4\n>start {\"formatid\":\"gen8randombattle\",\"seed\":[34966,55666,12526,57964]}\n>player p1 {\"name\":\"VA14NTINE\",\"avatar\":\"249\",\"team\":\"\",\"rating\":0,\"seed\":[12889,54242,45015,38507]}\n>player p2 {\"name\":\"BaddyGames\",\"avatar\":\"275\",\"team\":\"\",\"rating\":0,\"seed\":[43532,22405,27218,14026]}\n>p1 switch 2\n>p2 move gravapple\n>p1 move charm\n>p2 move dragondance\n>p1 move charm\n>p2 move suckerpunch\n>p1 switch 6\n>p2 switch 2\n>p1 move scald\n>p2 move leechseed\n>p1 switch 6\n>p2 move stealthrock\n>p1 move rapidspin\n>p2 switch 6\n>p1 move sleeppowder\n>p2 move flareblitz\n>p1 move charm\n>p2 switch 5\n>p1 switch 5\n>p2 move icepunch\n>p1 move stealthrock\n>p2 switch 6\n>p1 switch 5\n>p2 move stealthrock\n>p1 move charm\n>p2 switch 6\n>p1 move rapidspin\n>p2 move icepunch\n>p1 switch 4\n>p2 move icepunch\n>p1 move firelash\n>p2 switch 5\n>p1 move firelash\n>p2 move stompingtantrum\n>p1 move suckerpunch\n>p2 move stoneedge\n>p2 switch 2\n>p1 move firelash\n>p2 move dragondance\n>p1 move firelash\n>p2 move outrage\n>p1 switch 3\n>p1 move ironhead\n>p2 move outrage\n>p2 switch 6\n>p1 switch 4\n>p2 move leechseed\n>p1 move charm\n>p2 switch 5\n>p1 move charm\n>p2 move icepunch\n>p1 move charm\n>p2 move icepunch\n>p1 move energyball\n>p2 move icepunch\n>p1 move energyball\n>p2 move icepunch\n>p1 move energyball\n>p2 move icepunch\n>p2 switch 5\n>p1 move charm\n>p2 move gyroball\n>p1 move charm\n>p2 move gyroball\n>p1 move charm\n>p2 move gyroball\n>p1 move energyball\n>p2 move gyroball\n>p1 move energyball\n>p2 move gyroball\n>p1 move energyball\n>p2 move gyroball\n>p1 move energyball\n>p2 move gyroball\n>p1 move energyball\n>p2 move gyroball\n>p1 move energyball\n>p2 switch 4\n>p1 switch 4\n>p2 move bodyslam\n>p1 move swordsdance\n>p2 move earthquake\n>p1 move sacredsword\n>p2 move earthquake\n>p2 switch 3\n>p1 move sacredsword\n>p2 move earthquake dynamax\n>p1 switch 4\n>p1 move sleeppowder\n>p2 move earthquake dynamax\n>p1 move charm\n>p2 move earthquake dynamax\n>p1 move sleeppowder\n>p2 move toxic\n>p1 move energyball\n>p2 move toxic\n>p1 move energyball\n>p2 move toxic\n>p2 switch 4\n>p1 move charm\n>p2 move stealthrock\n>p1 move charm\n>p2 move powerwhip\n>p1 move charm\n>p2 move powerwhip","uploadtime":1586133538,"views":5,"p1id":"va14ntine","p2id":"baddygames","formatid":"gen8randombattle","rating":0,"private":0,"password":null}