{"id":"gen8uu-1668558432","p1":"ninjadouche","p2":"Capital Cruiser","format":"gen8uu","log":"|j|\u2606ninjadouche\n|j|\u203dCapital Cruiser\n|t:|1663637077\n|gametype|singles\n|player|p1|ninjadouche|burglar|1288\n|player|p2|Capital Cruiser|cheren-gen5bw2|1368\n|teamsize|p1|6\n|teamsize|p2|6\n|gen|8\n|tier|[Gen 8] UU\n|rated|\n|rule|Sleep Clause Mod: Limit one foe put to sleep\n|rule|Species Clause: Limit one of each Pok\u00e9mon\n|rule|OHKO Clause: OHKO moves are banned\n|rule|Evasion Items Clause: Evasion items are banned\n|rule|Evasion Moves Clause: Evasion moves are banned\n|rule|Endless Battle Clause: Forcing endless battles is banned\n|rule|HP Percentage Mod: HP is shown in percentages\n|rule|Dynamax Clause: You cannot dynamax\n|clearpoke\n|poke|p1|Marowak-Alola, M|\n|poke|p1|Ninetales, F|\n|poke|p1|Rotom-Wash|\n|poke|p1|Snorlax, F|\n|poke|p1|Shiftry, M|\n|poke|p1|Aggron, M|\n|poke|p2|Excadrill, M|\n|poke|p2|Keldeo-Resolute|\n|poke|p2|Celesteela|\n|poke|p2|Necrozma|\n|poke|p2|Swampert, M|\n|poke|p2|Darmanitan, F|\n|teampreview\n|inactive|Battle timer is ON: inactive players will automatically lose when time's up. (requested by Capital Cruiser)\n|\n|t:|1663637100\n|start\n|switch|p1a: Ninetales|Ninetales, F, shiny|100\/100\n|switch|p2a: Excadrill|Excadrill, M, shiny|100\/100\n|-weather|SunnyDay|[from] ability: Drought|[of] p1a: Ninetales\n|-ability|p2a: Excadrill|Mold Breaker\n|turn|1\n|\n|t:|1663637113\n|move|p1a: Ninetales|Overheat|p2a: Excadrill\n|-supereffective|p2a: Excadrill\n|-damage|p2a: Excadrill|0 fnt\n|-unboost|p1a: Ninetales|spa|2\n|faint|p2a: Excadrill\n|\n|-weather|SunnyDay|[upkeep]\n|upkeep\n|c|\u2606ninjadouche|no sash?\n|\n|t:|1663637126\n|switch|p2a: Necrozma|Necrozma, shiny|100\/100\n|turn|2\n|c|\u2606ninjadouche|thats a first\n|\n|t:|1663637133\n|switch|p1a: Snorlax|Snorlax, F|100\/100\n|move|p2a: Necrozma|Stealth Rock|p1a: Snorlax\n|-sidestart|p1: ninjadouche|move: Stealth Rock\n|\n|-weather|SunnyDay|[upkeep]\n|upkeep\n|turn|3\n|\n|t:|1663637140\n|move|p2a: Necrozma|Brick Break|p1a: Snorlax\n|-supereffective|p1a: Snorlax\n|-damage|p1a: Snorlax|69\/100\n|move|p1a: Snorlax|Double-Edge|p2a: Necrozma\n|-damage|p2a: Necrozma|24\/100\n|-damage|p1a: Snorlax|47\/100|[from] Recoil\n|\n|-weather|SunnyDay|[upkeep]\n|upkeep\n|turn|4\n|\n|t:|1663637150\n|switch|p2a: Celesteela|Celesteela, shiny|100\/100\n|move|p1a: Snorlax|Double-Edge|p2a: Celesteela\n|-resisted|p2a: Celesteela\n|-damage|p2a: Celesteela|69\/100\n|-damage|p1a: Snorlax|31\/100|[from] item: Rocky Helmet|[of] p2a: Celesteela\n|-damage|p1a: Snorlax|23\/100|[from] Recoil\n|\n|-weather|SunnyDay|[upkeep]\n|upkeep\n|turn|5\n|\n|t:|1663637158\n|move|p2a: Celesteela|Earthquake|p1a: Snorlax\n|-damage|p1a: Snorlax|0 fnt\n|faint|p1a: Snorlax\n|-ability|p2a: Celesteela|Beast Boost|boost\n|-boost|p2a: Celesteela|def|1\n|\n|-weather|none\n|upkeep\n|\n|t:|1663637160\n|switch|p1a: Rotom|Rotom-Wash|100\/100\n|-damage|p1a: Rotom|88\/100|[from] Stealth Rock\n|turn|6\n|\n|t:|1663637167\n|switch|p2a: Swampert|Swampert, M, shiny|100\/100\n|move|p1a: Rotom|Defog|p2a: Swampert\n|-unboost|p2a: Swampert|evasion|1\n|-sideend|p1: ninjadouche|Stealth Rock|[from] move: Defog|[of] p1a: Rotom\n|\n|-heal|p1a: Rotom|94\/100|[from] item: Leftovers\n|upkeep\n|turn|7\n|\n|t:|1663637171\n|switch|p1a: Ninetales|Ninetales, F, shiny|100\/100\n|-weather|SunnyDay|[from] ability: Drought|[of] p1a: Ninetales\n|move|p2a: Swampert|Toxic|p1a: Ninetales\n|-status|p1a: Ninetales|tox\n|\n|-weather|SunnyDay|[upkeep]\n|-damage|p1a: Ninetales|95\/100 tox|[from] psn\n|upkeep\n|turn|8\n|\n|t:|1663637175\n|switch|p2a: Necrozma|Necrozma, shiny|24\/100\n|move|p1a: Ninetales|Solar Beam||[still]\n|-prepare|p1a: Ninetales|Solar Beam\n|-anim|p1a: Ninetales|Solar Beam|p2a: Necrozma\n|-damage|p2a: Necrozma|0 fnt\n|faint|p2a: Necrozma\n|\n|-weather|SunnyDay|[upkeep]\n|-damage|p1a: Ninetales|83\/100 tox|[from] psn\n|upkeep\n|\n|t:|1663637187\n|switch|p2a: Keldeo|Keldeo-Resolute|100\/100\n|turn|9\n|\n|t:|1663637195\n|switch|p2a: Darmanitan|Darmanitan, F, shiny|100\/100\n|switch|p1a: Rotom|Rotom-Wash|94\/100\n|\n|-weather|SunnyDay|[upkeep]\n|-heal|p1a: Rotom|99\/100|[from] item: Leftovers\n|upkeep\n|turn|10\n|\n|t:|1663637203\n|move|p2a: Darmanitan|Flare Blitz|p1a: Rotom\n|-resisted|p1a: Rotom\n|-damage|p1a: Rotom|45\/100\n|-damage|p2a: Darmanitan|85\/100|[from] Recoil\n|move|p1a: Rotom|Volt Switch|p2a: Darmanitan\n|-crit|p2a: Darmanitan\n|-damage|p2a: Darmanitan|20\/100\n|\n|t:|1663637208\n|switch|p1a: Shiftry|Shiftry, M|100\/100|[from]move: Volt Switch\n|\n|-weather|SunnyDay|[upkeep]\n|upkeep\n|turn|11\n|\n|t:|1663637220\n|switch|p2a: Celesteela|Celesteela, shiny|69\/100\n|move|p1a: Shiftry|Solar Blade||[still]\n|-prepare|p1a: Shiftry|Solar Blade\n|-anim|p1a: Shiftry|Solar Blade|p2a: Celesteela\n|-resisted|p2a: Celesteela\n|-damage|p2a: Celesteela|57\/100\n|-damage|p1a: Shiftry|84\/100|[from] item: Rocky Helmet|[of] p2a: Celesteela\n|-damage|p1a: Shiftry|74\/100|[from] item: Life Orb\n|\n|-weather|none\n|upkeep\n|turn|12\n|\n|t:|1663637230\n|switch|p1a: Rotom|Rotom-Wash|45\/100\n|switch|p2a: Keldeo|Keldeo-Resolute|100\/100\n|\n|-heal|p1a: Rotom|51\/100|[from] item: Leftovers\n|upkeep\n|turn|13\n|\n|t:|1663637233\n|move|p2a: Keldeo|Secret Sword|p1a: Rotom\n|-damage|p1a: Rotom|0 fnt\n|faint|p1a: Rotom\n|\n|upkeep\n|\n|t:|1663637236\n|switch|p1a: Marowak|Marowak-Alola, M|100\/100\n|turn|14\n|\n|t:|1663637251\n|switch|p2a: Swampert|Swampert, M, shiny|100\/100\n|move|p1a: Marowak|Substitute|p1a: Marowak\n|-start|p1a: Marowak|Substitute\n|-damage|p1a: Marowak|76\/100\n|\n|upkeep\n|turn|15\n|\n|t:|1663637255\n|move|p1a: Marowak|Poltergeist|p2a: Swampert\n|-activate|p2a: Swampert|move: Poltergeist|Leftovers\n|-damage|p2a: Swampert|43\/100\n|move|p2a: Swampert|Roar|p1a: Marowak\n|drag|p1a: Aggron|Aggron, M|100\/100\n|\n|-heal|p2a: Swampert|49\/100|[from] item: Leftovers\n|upkeep\n|turn|16\n|\n|t:|1663637264\n|switch|p2a: Keldeo|Keldeo-Resolute|100\/100\n|switch|p1a: Shiftry|Shiftry, M|74\/100\n|\n|upkeep\n|turn|17\n|\n|t:|1663637271\n|switch|p1a: Ninetales|Ninetales, F, shiny|83\/100 tox\n|-weather|SunnyDay|[from] ability: Drought|[of] p1a: Ninetales\n|move|p2a: Keldeo|Surf|p1a: Ninetales\n|-supereffective|p1a: Ninetales\n|-damage|p1a: Ninetales|0 fnt\n|faint|p1a: Ninetales\n|\n|-weather|SunnyDay|[upkeep]\n|upkeep\n|\n|t:|1663637273\n|switch|p1a: Shiftry|Shiftry, M|74\/100\n|turn|18\n|\n|t:|1663637283\n|switch|p2a: Darmanitan|Darmanitan, F, shiny|20\/100\n|move|p1a: Shiftry|Heat Wave|p2a: Darmanitan\n|-resisted|p2a: Darmanitan\n|-damage|p2a: Darmanitan|0 fnt\n|faint|p2a: Darmanitan\n|-damage|p1a: Shiftry|64\/100|[from] item: Life Orb\n|\n|-weather|SunnyDay|[upkeep]\n|upkeep\n|\n|t:|1663637300\n|switch|p2a: Keldeo|Keldeo-Resolute|100\/100\n|turn|19\n|\n|t:|1663637304\n|move|p1a: Shiftry|Solar Blade||[still]\n|-prepare|p1a: Shiftry|Solar Blade\n|-anim|p1a: Shiftry|Solar Blade|p2a: Keldeo\n|-supereffective|p2a: Keldeo\n|-damage|p2a: Keldeo|0 fnt\n|faint|p2a: Keldeo\n|-damage|p1a: Shiftry|54\/100|[from] item: Life Orb\n|\n|-weather|SunnyDay|[upkeep]\n|upkeep\n|-message|Capital Cruiser forfeited.\n|\n|win|ninjadouche\n|raw|ninjadouche's rating: 1288 &rarr; <strong>1319<\/strong><br \/>(+31 for winning)\n|raw|Capital Cruiser's rating: 1368 &rarr; <strong>1343<\/strong><br \/>(-25 for losing)\n|l|\u203dCapital Cruiser\n||Ladder isn't responding, score probably updated but might not have (Request timeout).\n","uploadtime":1663637320,"views":7,"p1id":"ninjadouche","p2id":"capitalcruiser","formatid":"gen8uu","rating":1319,"private":0,"password":null}