{"id":"gen8ou-1701704157","p1":"brettfavreguilty","p2":"ANI FF","format":"gen8ou","log":"|j|\u203dbrettfavreguilty\n|j|\u2606ANI FF\n|t:|1667480967\n|gametype|singles\n|player|p1|brettfavreguilty|harlequin|1687\n|player|p2|ANI FF|elesa|1734\n|teamsize|p1|6\n|teamsize|p2|6\n|gen|8\n|tier|[Gen 8] OU\n|rated|\n|rule|Sleep Clause Mod: Limit one foe put to sleep\n|rule|Species Clause: Limit one of each Pok\u00e9mon\n|rule|OHKO Clause: OHKO moves are banned\n|rule|Evasion Items Clause: Evasion items are banned\n|rule|Evasion Moves Clause: Evasion moves are banned\n|rule|Endless Battle Clause: Forcing endless battles is banned\n|rule|HP Percentage Mod: HP is shown in percentages\n|rule|Dynamax Clause: You cannot dynamax\n|clearpoke\n|poke|p1|Pelipper, F|\n|poke|p1|Buzzwole|\n|poke|p1|Inteleon, F|\n|poke|p1|Ferrothorn, M|\n|poke|p1|Barraskewda, F|\n|poke|p1|Seismitoad, M|\n|poke|p2|Tyranitar, F|\n|poke|p2|Dracozolt|\n|poke|p2|Tapu Lele|\n|poke|p2|Rillaboom, M|\n|poke|p2|Urshifu-*, M|\n|poke|p2|Corviknight, M|\n|teampreview\n|inactive|Battle timer is ON: inactive players will automatically lose when time's up. (requested by ANI FF)\n|inactive|brettfavreguilty also wants the timer to be on.\n|\n|t:|1667480975\n|start\n|switch|p1a: Ferrothorn|Ferrothorn, M|100\/100\n|switch|p2a: Dracozolt|Dracozolt, shiny|100\/100\n|turn|1\n|\n|t:|1667480985\n|move|p2a: Dracozolt|Flamethrower|p1a: Ferrothorn\n|-supereffective|p1a: Ferrothorn\n|-damage|p1a: Ferrothorn|31\/100\n|-damage|p2a: Dracozolt|91\/100|[from] item: Life Orb\n|move|p1a: Ferrothorn|Stealth Rock|p2a: Dracozolt\n|-sidestart|p2: ANI FF|move: Stealth Rock\n|\n|-heal|p1a: Ferrothorn|37\/100|[from] item: Leftovers\n|upkeep\n|turn|2\n|\n|t:|1667480993\n|switch|p1a: Pelipper|Pelipper, F|100\/100\n|-weather|RainDance|[from] ability: Drizzle|[of] p1a: Pelipper\n|move|p2a: Dracozolt|Bolt Beak|p1a: Pelipper\n|-supereffective|p1a: Pelipper\n|-damage|p1a: Pelipper|0 fnt\n|faint|p1a: Pelipper\n|-damage|p2a: Dracozolt|81\/100|[from] item: Life Orb\n|\n|-weather|RainDance|[upkeep]\n|upkeep\n|\n|t:|1667480997\n|switch|p1a: Inteleon|Inteleon, F|100\/100\n|turn|3\n|j| CONSTANT REPEAT 7\n|\n|t:|1667481003\n|switch|p2a: Tyranitar|Tyranitar, F|100\/100\n|-damage|p2a: Tyranitar|88\/100|[from] Stealth Rock\n|-weather|Sandstorm|[from] ability: Sand Stream|[of] p2a: Tyranitar\n|move|p1a: Inteleon|Snipe Shot|p2a: Tyranitar\n|-supereffective|p2a: Tyranitar\n|-crit|p2a: Tyranitar\n|-damage|p2a: Tyranitar|11\/100\n|\n|-weather|Sandstorm|[upkeep]\n|-damage|p1a: Inteleon|95\/100|[from] Sandstorm\n|upkeep\n|turn|4\n|\n|t:|1667481007\n|switch|p2a: Rillaboom|Rillaboom, M|100\/100\n|-damage|p2a: Rillaboom|88\/100|[from] Stealth Rock\n|-fieldstart|move: Grassy Terrain|[from] ability: Grassy Surge|[of] p2a: Rillaboom\n|-enditem|p2a: Rillaboom|Grassy Seed\n|-boost|p2a: Rillaboom|def|1|[from] item: Grassy Seed\n|move|p1a: Inteleon|Snipe Shot|p2a: Rillaboom\n|-resisted|p2a: Rillaboom\n|-crit|p2a: Rillaboom\n|-damage|p2a: Rillaboom|18\/100\n|\n|-weather|Sandstorm|[upkeep]\n|-damage|p1a: Inteleon|89\/100|[from] Sandstorm\n|-damage|p2a: Rillaboom|11\/100|[from] Sandstorm\n|-heal|p1a: Inteleon|95\/100|[from] Grassy Terrain\n|-heal|p2a: Rillaboom|18\/100|[from] Grassy Terrain\n|upkeep\n|turn|5\n|\n|t:|1667481013\n|switch|p1a: Buzzwole|Buzzwole|100\/100\n|move|p2a: Rillaboom|Superpower|p1a: Buzzwole\n|-resisted|p1a: Buzzwole\n|-damage|p1a: Buzzwole|85\/100\n|-unboost|p2a: Rillaboom|atk|1\n|-unboost|p2a: Rillaboom|def|1\n|\n|-weather|Sandstorm|[upkeep]\n|-damage|p1a: Buzzwole|78\/100|[from] Sandstorm\n|-damage|p2a: Rillaboom|11\/100|[from] Sandstorm\n|-heal|p1a: Buzzwole|85\/100|[from] Grassy Terrain\n|-heal|p2a: Rillaboom|18\/100|[from] Grassy Terrain\n|upkeep\n|turn|6\n|\n|t:|1667481016\n|move|p1a: Buzzwole|Ice Punch|p2a: Rillaboom\n|-supereffective|p2a: Rillaboom\n|-damage|p2a: Rillaboom|0 fnt\n|faint|p2a: Rillaboom\n|-ability|p1a: Buzzwole|Beast Boost|boost\n|-boost|p1a: Buzzwole|atk|1\n|\n|-weather|Sandstorm|[upkeep]\n|-damage|p1a: Buzzwole|78\/100|[from] Sandstorm\n|-heal|p1a: Buzzwole|85\/100|[from] Grassy Terrain\n|upkeep\n|\n|t:|1667481023\n|switch|p2a: Tapu Lele|Tapu Lele|100\/100\n|-damage|p2a: Tapu Lele|88\/100|[from] Stealth Rock\n|-fieldstart|move: Psychic Terrain|[from] ability: Psychic Surge|[of] p2a: Tapu Lele\n|turn|7\n|\n|t:|1667481029\n|switch|p1a: Ferrothorn|Ferrothorn, M|37\/100\n|move|p2a: Tapu Lele|Psyshock|p1a: Ferrothorn\n|-resisted|p1a: Ferrothorn\n|-damage|p1a: Ferrothorn|15\/100\n|\n|-weather|Sandstorm|[upkeep]\n|-damage|p2a: Tapu Lele|82\/100|[from] Sandstorm\n|-heal|p1a: Ferrothorn|21\/100|[from] item: Leftovers\n|upkeep\n|turn|8\n|\n|t:|1667481033\n|move|p2a: Tapu Lele|Psyshock|p1a: Ferrothorn\n|-resisted|p1a: Ferrothorn\n|-damage|p1a: Ferrothorn|1\/100\n|move|p1a: Ferrothorn|Leech Seed|p2a: Tapu Lele\n|-start|p2a: Tapu Lele|move: Leech Seed\n|\n|-weather|Sandstorm|[upkeep]\n|-damage|p2a: Tapu Lele|76\/100|[from] Sandstorm\n|-heal|p1a: Ferrothorn|7\/100|[from] item: Leftovers\n|-damage|p2a: Tapu Lele|63\/100|[from] Leech Seed|[of] p1a: Ferrothorn\n|-heal|p1a: Ferrothorn|17\/100|[silent]\n|upkeep\n|turn|9\n|\n|t:|1667481043\n|move|p2a: Tapu Lele|Psyshock|p1a: Ferrothorn\n|-resisted|p1a: Ferrothorn\n|-damage|p1a: Ferrothorn|0 fnt\n|faint|p1a: Ferrothorn\n|\n|-weather|Sandstorm|[upkeep]\n|-damage|p2a: Tapu Lele|57\/100|[from] Sandstorm\n|upkeep\n|\n|t:|1667481047\n|switch|p1a: Inteleon|Inteleon, F|95\/100\n|turn|10\n|\n|t:|1667481054\n|switch|p2a: Urshifu|Urshifu-Rapid-Strike, M|100\/100\n|-damage|p2a: Urshifu|94\/100|[from] Stealth Rock\n|move|p1a: Inteleon|Snipe Shot|p2a: Urshifu\n|-resisted|p2a: Urshifu\n|-crit|p2a: Urshifu\n|-damage|p2a: Urshifu|23\/100\n|\n|-weather|none\n|upkeep\n|turn|11\n|\n|t:|1667481063\n|move|p1a: Inteleon|Snipe Shot|p2a: Urshifu\n|-resisted|p2a: Urshifu\n|-damage|p2a: Urshifu|0 fnt\n|faint|p2a: Urshifu\n|\n|-fieldend|move: Psychic Terrain\n|upkeep\n|\n|t:|1667481077\n|switch|p2a: Corviknight|Corviknight, M|100\/100\n|-damage|p2a: Corviknight|88\/100|[from] Stealth Rock\n|-ability|p2a: Corviknight|Pressure\n|turn|12\n|\n|t:|1667481080\n|move|p1a: Inteleon|Snipe Shot|p2a: Corviknight\n|-crit|p2a: Corviknight\n|-damage|p2a: Corviknight|0 fnt\n|faint|p2a: Corviknight\n|\n|upkeep\n|\n|t:|1667481084\n|switch|p2a: Tapu Lele|Tapu Lele|57\/100\n|-damage|p2a: Tapu Lele|45\/100|[from] Stealth Rock\n|-fieldstart|move: Psychic Terrain|[from] ability: Psychic Surge|[of] p2a: Tapu Lele\n|turn|13\n|\n|t:|1667481087\n|move|p2a: Tapu Lele|Moonblast|p1a: Inteleon\n|-crit|p1a: Inteleon\n|-damage|p1a: Inteleon|0 fnt\n|faint|p1a: Inteleon\n|\n|upkeep\n|\n|t:|1667481092\n|switch|p1a: Seismitoad|Seismitoad, M|100\/100\n|turn|14\n|\n|t:|1667481096\n|switch|p2a: Tyranitar|Tyranitar, F|11\/100\n|-damage|p2a: Tyranitar|0 fnt|[from] Stealth Rock\n|faint|p2a: Tyranitar\n|move|p1a: Seismitoad|Earth Power|p2: Tyranitar|[notarget]\n|-fail|p1a: Seismitoad\n|\n|upkeep\n|\n|t:|1667481100\n|switch|p2a: Dracozolt|Dracozolt, shiny|81\/100\n|-damage|p2a: Dracozolt|68\/100|[from] Stealth Rock\n|turn|15\n|\n|t:|1667481104\n|switch|p1a: Buzzwole|Buzzwole|85\/100\n|move|p2a: Dracozolt|Draco Meteor|p1a: Buzzwole\n|-damage|p1a: Buzzwole|1\/100\n|-unboost|p2a: Dracozolt|spa|2\n|-damage|p2a: Dracozolt|58\/100|[from] item: Life Orb\n|\n|upkeep\n|turn|16\n|\n|t:|1667481109\n|move|p1a: Buzzwole|Earthquake|p2a: Dracozolt\n|-supereffective|p2a: Dracozolt\n|-damage|p2a: Dracozolt|0 fnt\n|faint|p2a: Dracozolt\n|-ability|p1a: Buzzwole|Beast Boost|boost\n|-boost|p1a: Buzzwole|atk|1\n|\n|upkeep\n|\n|t:|1667481112\n|switch|p2a: Tapu Lele|Tapu Lele|45\/100\n|-damage|p2a: Tapu Lele|33\/100|[from] Stealth Rock\n|turn|17\n|\n|t:|1667481115\n|move|p2a: Tapu Lele|Moonblast|p1a: Buzzwole\n|-supereffective|p1a: Buzzwole\n|-damage|p1a: Buzzwole|0 fnt\n|faint|p1a: Buzzwole\n|\n|-fieldend|move: Psychic Terrain\n|upkeep\n|\n|t:|1667481117\n|switch|p1a: Barraskewda|Barraskewda, F|100\/100\n|turn|18\n|\n|t:|1667481119\n|move|p2a: Tapu Lele|Moonblast|p1a: Barraskewda\n|-crit|p1a: Barraskewda\n|-damage|p1a: Barraskewda|0 fnt\n|faint|p1a: Barraskewda\n|\n|upkeep\n|\n|t:|1667481120\n|switch|p1a: Seismitoad|Seismitoad, M|100\/100\n|turn|19\n|\n|t:|1667481122\n|move|p2a: Tapu Lele|Moonblast|p1a: Seismitoad\n|-damage|p1a: Seismitoad|38\/100\n|-unboost|p1a: Seismitoad|spa|1\n|move|p1a: Seismitoad|Earth Power|p2a: Tapu Lele\n|-damage|p2a: Tapu Lele|0 fnt\n|faint|p2a: Tapu Lele\n|-damage|p1a: Seismitoad|28\/100|[from] item: Life Orb\n|\n|win|brettfavreguilty\n|raw|brettfavreguilty's rating: 1707 &rarr; <strong>1729<\/strong><br \/>(+22 for winning)\n|raw|ANI FF's rating: 1734 &rarr; <strong>1712<\/strong><br \/>(-22 for losing)\n|l|\u2606ANI FF\n||Ladder isn't responding, score probably updated but might not have (Request timeout).\n","uploadtime":1667481137,"views":16,"p1id":"brettfavreguilty","p2id":"aniff","formatid":"gen8ou","rating":1712,"private":0,"password":null}