{"id":"gen8ou-1655478973","p1":"Shotintheheart","p2":"Zees_1OAK","format":"gen8ou","log":"|j|\u2606Shotintheheart\n|j|\u2606Zees_1OAK\n|t:|1662247479\n|gametype|singles\n|player|p1|Shotintheheart|101|1739\n|player|p2|Zees_1OAK|169|1811\n|teamsize|p1|6\n|teamsize|p2|6\n|gen|8\n|tier|[Gen 8] OU\n|rated|\n|rule|Sleep Clause Mod: Limit one foe put to sleep\n|rule|Species Clause: Limit one of each Pok\u00e9mon\n|rule|OHKO Clause: OHKO moves are banned\n|rule|Evasion Items Clause: Evasion items are banned\n|rule|Evasion Moves Clause: Evasion moves are banned\n|rule|Endless Battle Clause: Forcing endless battles is banned\n|rule|HP Percentage Mod: HP is shown in percentages\n|rule|Dynamax Clause: You cannot dynamax\n|clearpoke\n|poke|p1|Rillaboom, F|\n|poke|p1|Zapdos|\n|poke|p1|Obstagoon, M|\n|poke|p1|Heatran, M|\n|poke|p1|Tapu Fini|\n|poke|p1|Swampert, M|\n|poke|p2|Tyranitar, M|\n|poke|p2|Excadrill, M|\n|poke|p2|Volcanion|\n|poke|p2|Clefable, M|\n|poke|p2|Zapdos|\n|poke|p2|Tangrowth, M|\n|teampreview\n|\n|t:|1662247508\n|start\n|switch|p1a: Rillaboom|Rillaboom, F|100\/100\n|switch|p2a: Clefable|Clefable, M|100\/100\n|-fieldstart|move: Grassy Terrain|[from] ability: Grassy Surge|[of] p1a: Rillaboom\n|turn|1\n|\n|t:|1662247516\n|switch|p2a: Tangrowth|Tangrowth, M|100\/100\n|move|p1a: Rillaboom|Wood Hammer|p2a: Tangrowth\n|-resisted|p2a: Tangrowth\n|-damage|p2a: Tangrowth|64\/100\n|-damage|p1a: Rillaboom|84\/100|[from] item: Rocky Helmet|[of] p2a: Tangrowth\n|-damage|p1a: Rillaboom|70\/100|[from] Recoil\n|\n|-heal|p1a: Rillaboom|76\/100|[from] Grassy Terrain\n|-heal|p2a: Tangrowth|70\/100|[from] Grassy Terrain\n|upkeep\n|turn|2\n|\n|t:|1662247522\n|switch|p1a: Zapdos|Zapdos, shiny|100\/100\n|move|p2a: Tangrowth|Sleep Powder|p1a: Zapdos\n|-status|p1a: Zapdos|slp|[from] move: Sleep Powder\n|\n|-heal|p2a: Tangrowth|76\/100|[from] Grassy Terrain\n|upkeep\n|turn|3\n|inactive|Battle timer is ON: inactive players will automatically lose when time's up. (requested by Zees_1OAK)\n|j| BabyPigsAreLaughin\n|\n|t:|1662247534\n|switch|p2a: Tyranitar|Tyranitar, M|100\/100\n|-weather|Sandstorm|[from] ability: Sand Stream|[of] p2a: Tyranitar\n|cant|p1a: Zapdos|slp\n|\n|-weather|Sandstorm|[upkeep]\n|-damage|p1a: Zapdos|94\/100 slp|[from] Sandstorm\n|upkeep\n|turn|4\n|\n|t:|1662247543\n|-curestatus|p1a: Zapdos|slp|[msg]\n|move|p1a: Zapdos|Volt Switch|p2a: Tyranitar\n|-damage|p2a: Tyranitar|81\/100\n|\n|t:|1662247548\n|switch|p1a: Swampert|Swampert, M|100\/100|[from]move: Volt Switch\n|move|p2a: Tyranitar|Crunch|p1a: Swampert\n|-damage|p1a: Swampert|36\/100\n|\n|-weather|Sandstorm|[upkeep]\n|-heal|p2a: Tyranitar|87\/100|[from] Grassy Terrain\n|-heal|p1a: Swampert|42\/100|[from] Grassy Terrain\n|-heal|p1a: Swampert|48\/100|[from] item: Leftovers\n|upkeep\n|turn|5\n|\n|t:|1662247558\n|switch|p1a: Tapu Fini|Tapu Fini|100\/100\n|-fieldstart|move: Misty Terrain|[from] ability: Misty Surge|[of] p1a: Tapu Fini\n|move|p2a: Tyranitar|Crunch|p1a: Tapu Fini\n|-resisted|p1a: Tapu Fini\n|-crit|p1a: Tapu Fini\n|-damage|p1a: Tapu Fini|66\/100\n|\n|-weather|Sandstorm|[upkeep]\n|-damage|p1a: Tapu Fini|59\/100|[from] Sandstorm\n|-heal|p1a: Tapu Fini|66\/100|[from] item: Leftovers\n|upkeep\n|turn|6\n|\n|t:|1662247579\n|switch|p1a: Obstagoon|Obstagoon, M|100\/100\n|switch|p2a: Clefable|Clefable, M|100\/100\n|\n|-weather|Sandstorm|[upkeep]\n|-damage|p1a: Obstagoon|95\/100|[from] Sandstorm\n|upkeep\n|turn|7\n|\n|t:|1662247590\n|switch|p1a: Swampert|Swampert, M|48\/100\n|move|p2a: Clefable|Moonblast|p1a: Swampert\n|-damage|p1a: Swampert|28\/100\n|\n|-weather|none\n|-heal|p1a: Swampert|34\/100|[from] item: Leftovers\n|upkeep\n|turn|8\n|\n|t:|1662247598\n|move|p1a: Swampert|Yawn|p2a: Clefable\n|-start|p2a: Clefable|move: Yawn|[of] p1a: Swampert\n|move|p2a: Clefable|Teleport|p2a: Clefable\n|j| je rappelle\n|j| golgo27\n|\n|t:|1662247619\n|switch|p2a: Volcanion|Volcanion|100\/100|[from]move: Teleport\n|\n|-heal|p1a: Swampert|40\/100|[from] item: Leftovers\n|upkeep\n|turn|9\n|\n|t:|1662247624\n|move|p2a: Volcanion|Steam Eruption|p1a: Swampert\n|-damage|p1a: Swampert|0 fnt\n|faint|p1a: Swampert\n|\n|-fieldend|Misty Terrain\n|upkeep\n|\n|t:|1662247630\n|switch|p1a: Rillaboom|Rillaboom, F|76\/100\n|-fieldstart|move: Grassy Terrain|[from] ability: Grassy Surge|[of] p1a: Rillaboom\n|turn|10\n|\n|t:|1662247636\n|switch|p2a: Zapdos|Zapdos, shiny|100\/100\n|move|p1a: Rillaboom|U-turn|p2a: Zapdos\n|-resisted|p2a: Zapdos\n|-damage|p2a: Zapdos|86\/100\n|-status|p1a: Rillaboom|par|[from] ability: Static|[of] p2a: Zapdos\n|\n|t:|1662247648\n|switch|p1a: Obstagoon|Obstagoon, M|95\/100|[from]move: U-turn\n|\n|-heal|p1a: Obstagoon|100\/100|[from] Grassy Terrain\n|-status|p1a: Obstagoon|brn|[from] item: Flame Orb\n|upkeep\n|turn|11\n|\n|t:|1662247655\n|move|p1a: Obstagoon|Facade|p2a: Zapdos\n|-damage|p2a: Zapdos|15\/100\n|move|p2a: Zapdos|Volt Switch|p1a: Obstagoon\n|-damage|p1a: Obstagoon|68\/100 brn\n|\n|t:|1662247677\n|switch|p2a: Clefable|Clefable, M|100\/100|[from]move: Volt Switch\n|\n|-heal|p1a: Obstagoon|74\/100 brn|[from] Grassy Terrain\n|-damage|p1a: Obstagoon|68\/100 brn|[from] brn\n|upkeep\n|turn|12\n|\n|t:|1662247684\n|switch|p1a: Heatran|Heatran, M|100\/100\n|move|p2a: Clefable|Wish|p2a: Clefable\n|\n|upkeep\n|turn|13\n|\n|t:|1662247704\n|move|p1a: Heatran|Toxic|p2a: Clefable\n|-status|p2a: Clefable|tox\n|move|p2a: Clefable|Teleport|p2a: Clefable\n|\n|t:|1662247708\n|switch|p2a: Zapdos|Zapdos, shiny|15\/100|[from]move: Teleport\n|\n|-heal|p2a: Zapdos|67\/100|[from] move: Wish|[wisher] Clefable\n|upkeep\n|turn|14\n|\n|t:|1662247716\n|move|p1a: Heatran|Toxic|p2a: Zapdos\n|-status|p2a: Zapdos|tox\n|move|p2a: Zapdos|Roost|p2a: Zapdos\n|-heal|p2a: Zapdos|100\/100 tox\n|-singleturn|p2a: Zapdos|move: Roost\n|\n|-damage|p2a: Zapdos|94\/100 tox|[from] psn\n|-fieldend|move: Grassy Terrain\n|upkeep\n|turn|15\n|\n|t:|1662247733\n|switch|p1a: Zapdos|Zapdos, shiny|94\/100\n|switch|p2a: Tyranitar|Tyranitar, M|87\/100\n|-weather|Sandstorm|[from] ability: Sand Stream|[of] p2a: Tyranitar\n|\n|-weather|Sandstorm|[upkeep]\n|-damage|p1a: Zapdos|88\/100|[from] Sandstorm\n|upkeep\n|turn|16\n|\n|t:|1662247741\n|move|p1a: Zapdos|Volt Switch|p2a: Tyranitar\n|-crit|p2a: Tyranitar\n|-damage|p2a: Tyranitar|60\/100\n|\n|t:|1662247750\n|switch|p1a: Tapu Fini|Tapu Fini|66\/100|[from]move: Volt Switch\n|-fieldstart|move: Misty Terrain|[from] ability: Misty Surge|[of] p1a: Tapu Fini\n|move|p2a: Tyranitar|Stone Edge|p1a: Tapu Fini\n|-damage|p1a: Tapu Fini|7\/100\n|\n|-weather|Sandstorm|[upkeep]\n|-damage|p1a: Tapu Fini|0 fnt|[from] Sandstorm\n|faint|p1a: Tapu Fini\n|upkeep\n|\n|t:|1662247757\n|switch|p1a: Rillaboom|Rillaboom, F|76\/100 par\n|-fieldstart|move: Grassy Terrain|[from] ability: Grassy Surge|[of] p1a: Rillaboom\n|turn|17\n|\n|t:|1662247773\n|switch|p2a: Tangrowth|Tangrowth, M|100\/100\n|cant|p1a: Rillaboom|par\n|\n|-weather|Sandstorm|[upkeep]\n|-damage|p2a: Tangrowth|94\/100|[from] Sandstorm\n|-damage|p1a: Rillaboom|70\/100 par|[from] Sandstorm\n|-heal|p2a: Tangrowth|100\/100|[from] Grassy Terrain\n|-heal|p1a: Rillaboom|76\/100 par|[from] Grassy Terrain\n|upkeep\n|turn|18\n|\n|t:|1662247778\n|move|p2a: Tangrowth|Knock Off|p1a: Rillaboom\n|-damage|p1a: Rillaboom|54\/100 par\n|-enditem|p1a: Rillaboom|Choice Band|[from] move: Knock Off|[of] p2a: Tangrowth\n|move|p1a: Rillaboom|U-turn|p2a: Tangrowth\n|-supereffective|p2a: Tangrowth\n|-damage|p2a: Tangrowth|75\/100\n|-damage|p1a: Rillaboom|37\/100 par|[from] item: Rocky Helmet|[of] p2a: Tangrowth\n|\n|t:|1662247788\n|switch|p1a: Heatran|Heatran, M|100\/100|[from]move: U-turn\n|\n|-weather|Sandstorm|[upkeep]\n|-damage|p2a: Tangrowth|69\/100|[from] Sandstorm\n|-heal|p2a: Tangrowth|75\/100|[from] Grassy Terrain\n|upkeep\n|turn|19\n|l| je rappelle\n|\n|t:|1662247796\n|switch|p2a: Volcanion|Volcanion|100\/100\n|move|p1a: Heatran|Eruption|p2a: Volcanion\n|-resisted|p2a: Volcanion\n|-damage|p2a: Volcanion|76\/100\n|\n|-weather|none\n|-heal|p2a: Volcanion|82\/100|[from] Grassy Terrain\n|upkeep\n|turn|20\n|\n|t:|1662247808\n|switch|p1a: Rillaboom|Rillaboom, F|37\/100 par\n|move|p2a: Volcanion|Steam Eruption|p1a: Rillaboom\n|-resisted|p1a: Rillaboom\n|-damage|p1a: Rillaboom|0 fnt\n|faint|p1a: Rillaboom\n|\n|-heal|p2a: Volcanion|88\/100|[from] Grassy Terrain\n|upkeep\n|\n|t:|1662247817\n|switch|p1a: Obstagoon|Obstagoon, M|68\/100 brn\n|turn|21\n|\n|t:|1662247825\n|switch|p2a: Tangrowth|Tangrowth, M|100\/100\n|move|p1a: Obstagoon|Facade|p2a: Tangrowth\n|-damage|p2a: Tangrowth|53\/100\n|-damage|p1a: Obstagoon|51\/100 brn|[from] item: Rocky Helmet|[of] p2a: Tangrowth\n|\n|-heal|p1a: Obstagoon|57\/100 brn|[from] Grassy Terrain\n|-heal|p2a: Tangrowth|60\/100|[from] Grassy Terrain\n|-damage|p1a: Obstagoon|51\/100 brn|[from] brn\n|-fieldend|move: Grassy Terrain\n|upkeep\n|turn|22\n|\n|t:|1662247834\n|switch|p1a: Zapdos|Zapdos, shiny|88\/100\n|move|p2a: Tangrowth|Giga Drain|p1a: Zapdos\n|-resisted|p1a: Zapdos\n|-damage|p1a: Zapdos|76\/100\n|-heal|p2a: Tangrowth|66\/100|[from] drain|[of] p1a: Zapdos\n|\n|upkeep\n|turn|23\n|c| BabyPigsAreLaughin|Is this about to be a 6-0?\n|\n|t:|1662247849\n|switch|p2a: Clefable|Clefable, M|100\/100 tox\n|move|p1a: Zapdos|Hurricane|p2a: Clefable\n|-damage|p2a: Clefable|71\/100 tox\n|-start|p2a: Clefable|confusion\n|\n|-heal|p2a: Clefable|77\/100 tox|[from] item: Leftovers\n|upkeep\n|turn|24\n|c|\u2606Zees_1OAK|not trying to\n|\n|t:|1662247862\n|move|p1a: Zapdos|Volt Switch|p2a: Clefable\n|-damage|p2a: Clefable|56\/100 tox\n|\n|t:|1662247866\n|switch|p1a: Heatran|Heatran, M|100\/100|[from]move: Volt Switch\n|-activate|p2a: Clefable|confusion\n|move|p2a: Clefable|Teleport|p2a: Clefable\n|\n|t:|1662247871\n|switch|p2a: Volcanion|Volcanion|88\/100|[from]move: Teleport\n|\n|upkeep\n|turn|25\n|\n|t:|1662247876\n|move|p1a: Heatran|Earth Power|p2a: Volcanion\n|-supereffective|p2a: Volcanion\n|-damage|p2a: Volcanion|15\/100\n|move|p2a: Volcanion|Steam Eruption|p1a: Heatran\n|-supereffective|p1a: Heatran\n|-damage|p1a: Heatran|0 fnt\n|faint|p1a: Heatran\n|\n|upkeep\n|c| BabyPigsAreLaughin|Please, go for the 6-0. You can do it.\n|\n|t:|1662247884\n|switch|p1a: Obstagoon|Obstagoon, M|51\/100 brn\n|turn|26\n|\n|t:|1662247890\n|switch|p2a: Tangrowth|Tangrowth, M|99\/100\n|move|p1a: Obstagoon|Facade|p2a: Tangrowth\n|-damage|p2a: Tangrowth|52\/100\n|-damage|p1a: Obstagoon|35\/100 brn|[from] item: Rocky Helmet|[of] p2a: Tangrowth\n|\n|-damage|p1a: Obstagoon|29\/100 brn|[from] brn\n|upkeep\n|turn|27\n|\n|t:|1662247897\n|switch|p1a: Zapdos|Zapdos, shiny|76\/100\n|move|p2a: Tangrowth|Giga Drain|p1a: Zapdos\n|-resisted|p1a: Zapdos\n|-damage|p1a: Zapdos|63\/100\n|-heal|p2a: Tangrowth|58\/100|[from] drain|[of] p1a: Zapdos\n|\n|upkeep\n|turn|28\n|\n|t:|1662247909\n|switch|p2a: Excadrill|Excadrill, M|100\/100\n|move|p1a: Zapdos|Hurricane|p2a: Excadrill\n|-resisted|p2a: Excadrill\n|-crit|p2a: Excadrill\n|-damage|p2a: Excadrill|56\/100\n|\n|upkeep\n|turn|29\n|\n|t:|1662247917\n|move|p2a: Excadrill|Rock Slide|p1a: Zapdos\n|-supereffective|p1a: Zapdos\n|-damage|p1a: Zapdos|0 fnt\n|faint|p1a: Zapdos\n|\n|upkeep\n|\n|t:|1662247921\n|switch|p1a: Obstagoon|Obstagoon, M|29\/100 brn\n|turn|30\n|\n|t:|1662247925\n|switch|p2a: Tangrowth|Tangrowth, M|91\/100\n|move|p1a: Obstagoon|Knock Off|p2a: Tangrowth\n|-damage|p2a: Tangrowth|56\/100\n|-damage|p1a: Obstagoon|12\/100 brn|[from] item: Rocky Helmet|[of] p2a: Tangrowth\n|-enditem|p2a: Tangrowth|Rocky Helmet|[from] move: Knock Off|[of] p1a: Obstagoon\n|\n|-damage|p1a: Obstagoon|6\/100 brn|[from] brn\n|upkeep\n|turn|31\n|c|\u2606Zees_1OAK|got it\n|c|\u2606Shotintheheart|gg wp\n|\n|t:|1662247935\n|move|p1a: Obstagoon|Knock Off|p2a: Tangrowth\n|-damage|p2a: Tangrowth|32\/100\n|move|p2a: Tangrowth|Giga Drain|p1a: Obstagoon\n|-damage|p1a: Obstagoon|0 fnt\n|-heal|p2a: Tangrowth|34\/100|[from] drain|[of] p1a: Obstagoon\n|faint|p1a: Obstagoon\n|\n|win|Zees_1OAK\n|raw|Shotintheheart's rating: 1739 &rarr; <strong>1723<\/strong><br \/>(-16 for losing)\n|raw|Zees_1OAK's rating: 1811 &rarr; <strong>1827<\/strong><br \/>(+16 for winning)\n|c|\u2606Zees_1OAK|gg\n|l|\u2606Shotintheheart\n|c| BabyPigsAreLaughin|Well done! Good game!\n|l| golgo27\n|c|\u2606Zees_1OAK|thnx\n","uploadtime":1662247954,"views":68,"p1id":"shotintheheart","p2id":"zees1oak","formatid":"gen8ou","rating":1723,"private":0,"password":null}