{"id":"gen8ou-1123742052","p1":"TryHonesty","p2":"gjh7","format":"gen8ou","log":"|j|\u2606TryHonesty\n|j|\u2606gjh7\n|player|p1|TryHonesty|102|1573\n|player|p2|gjh7|will|1537\n|teamsize|p1|6\n|teamsize|p2|6\n|gametype|singles\n|gen|8\n|tier|[Gen 8] OU\n|rated|\n|html|<div class=\"broadcast-blue\"><strong>OU is currently suspecting Dracovish! For information on how to participate check out the <a href=\"https:\/\/www.smogon.com\/forums\/threads\/3664521\/\">suspect thread<\/a>.<\/strong><\/div>\n|clearpoke\n|poke|p1|Aegislash, F|\n|poke|p1|Darmanitan, F|\n|poke|p1|Weavile, F|\n|poke|p1|Incineroar, F|\n|poke|p1|Seismitoad, M|\n|poke|p1|Excadrill, M|\n|poke|p2|Terrakion|\n|poke|p2|Accelgor, M|\n|poke|p2|Hawlucha, F|\n|poke|p2|Cloyster, F|\n|poke|p2|Mimikyu, F|\n|poke|p2|Zeraora|\n|rule|Sleep Clause Mod: Limit one foe put to sleep\n|rule|Species Clause: Limit one of each Pok\u00e9mon\n|rule|OHKO Clause: OHKO moves are banned\n|rule|Evasion Moves Clause: Evasion moves are banned\n|rule|Endless Battle Clause: Forcing endless battles is banned\n|rule|HP Percentage Mod: HP is shown in percentages\n|rule|Dynamax Clause: You cannot dynamax\n|teampreview\n|inactive|Battle timer is ON: inactive players will automatically lose when time's up. (requested by gjh7)\n|\n|start\n|switch|p1a: Darmanitan|Darmanitan, F|100\/100\n|switch|p2a: Terrakion|Terrakion|100\/100\n|turn|1\n|\n|move|p2a: Terrakion|Rock Tomb|p1a: Darmanitan|[miss]\n|-miss|p2a: Terrakion|p1a: Darmanitan\n|move|p1a: Darmanitan|Earthquake|p2a: Terrakion\n|-supereffective|p2a: Terrakion\n|-crit|p2a: Terrakion\n|-enditem|p2a: Terrakion|Focus Sash\n|-damage|p2a: Terrakion|1\/100\n|\n|upkeep\n|turn|2\n|\n|switch|p1a: Aegislash|Aegislash, F|100\/100\n|move|p2a: Terrakion|Stealth Rock|p1a: Aegislash\n|-sidestart|p1: TryHonesty|move: Stealth Rock\n|\n|upkeep\n|turn|3\n|\n|-formechange|p1a: Aegislash|Aegislash-Blade||[from] ability: Stance Change\n|move|p1a: Aegislash|Shadow Sneak|p2a: Terrakion\n|-damage|p2a: Terrakion|0 fnt\n|faint|p2a: Terrakion\n|\n|upkeep\n|\n|switch|p2a: Accelgor|Accelgor, M|100\/100\n|turn|4\n|\n|switch|p1a: Excadrill|Excadrill, M|100\/100\n|-damage|p1a: Excadrill|97\/100|[from] Stealth Rock\n|-ability|p1a: Excadrill|Mold Breaker\n|move|p2a: Accelgor|Spikes|p1a: Excadrill\n|-sidestart|p1: TryHonesty|Spikes\n|\n|upkeep\n|turn|5\n|\n|move|p1a: Excadrill|Rapid Spin|p2a: Accelgor\n|-damage|p2a: Accelgor|65\/100\n|-boost|p1a: Excadrill|spe|1\n|-sideend|p1: TryHonesty|Spikes|[from] move: Rapid Spin|[of] p1a: Excadrill\n|-sideend|p1: TryHonesty|Stealth Rock|[from] move: Rapid Spin|[of] p1a: Excadrill\n|move|p2a: Accelgor|Final Gambit|p1a: Excadrill\n|-damage|p1a: Excadrill|32\/100\n|faint|p2a: Accelgor\n|\n|upkeep\n|\n|switch|p2a: Hawlucha|Hawlucha, F|100\/100\n|turn|6\n|\n|switch|p1a: Aegislash|Aegislash, F|100\/100\n|move|p2a: Hawlucha|Substitute|p2a: Hawlucha\n|-start|p2a: Hawlucha|Substitute\n|-damage|p2a: Hawlucha|76\/100\n|\n|upkeep\n|turn|7\n|\n|move|p2a: Hawlucha|Swords Dance|p2a: Hawlucha\n|-boost|p2a: Hawlucha|atk|2\n|-formechange|p1a: Aegislash|Aegislash-Blade||[from] ability: Stance Change\n|move|p1a: Aegislash|Shadow Ball|p2a: Hawlucha\n|-end|p2a: Hawlucha|Substitute\n|\n|upkeep\n|turn|8\n|\n|switch|p1a: Incineroar|Incineroar, F|100\/100\n|-ability|p1a: Incineroar|Intimidate|boost\n|-unboost|p2a: Hawlucha|atk|1\n|-item|p1a: Incineroar|Air Balloon\n|move|p2a: Hawlucha|Substitute|p2a: Hawlucha\n|-start|p2a: Hawlucha|Substitute\n|-damage|p2a: Hawlucha|51\/100\n|\n|upkeep\n|turn|9\n|\n|switch|p1a: Aegislash|Aegislash, F|100\/100\n|move|p2a: Hawlucha|Swords Dance|p2a: Hawlucha\n|-boost|p2a: Hawlucha|atk|2\n|\n|upkeep\n|turn|10\n|\n|move|p2a: Hawlucha|Swords Dance|p2a: Hawlucha\n|-boost|p2a: Hawlucha|atk|2\n|-formechange|p1a: Aegislash|Aegislash-Blade||[from] ability: Stance Change\n|move|p1a: Aegislash|Shadow Ball|p2a: Hawlucha\n|-end|p2a: Hawlucha|Substitute\n|\n|upkeep\n|turn|11\n|\n|move|p2a: Hawlucha|Substitute|p2a: Hawlucha\n|-start|p2a: Hawlucha|Substitute\n|-damage|p2a: Hawlucha|26\/100\n|-enditem|p2a: Hawlucha|Sitrus Berry|[eat]\n|-heal|p2a: Hawlucha|51\/100|[from] item: Sitrus Berry\n|move|p1a: Aegislash|Shadow Ball|p2a: Hawlucha\n|-end|p2a: Hawlucha|Substitute\n|\n|upkeep\n|turn|12\n|j| IDHB\n|\n|move|p2a: Hawlucha|Acrobatics|p1a: Aegislash\n|-resisted|p1a: Aegislash\n|-damage|p1a: Aegislash|0 fnt\n|faint|p1a: Aegislash\n|\n|upkeep\n|\n|switch|p1a: Weavile|Weavile, F|100\/100\n|-ability|p1a: Weavile|Pressure\n|turn|13\n|\n|move|p1a: Weavile|Ice Shard|p2a: Hawlucha\n|-supereffective|p2a: Hawlucha\n|-damage|p2a: Hawlucha|0 fnt\n|-damage|p1a: Weavile|91\/100|[from] item: Life Orb\n|faint|p2a: Hawlucha\n|\n|upkeep\n|\n|switch|p2a: Zeraora|Zeraora|100\/100\n|turn|14\n|\n|move|p1a: Weavile|Ice Shard|p2a: Zeraora\n|-damage|p2a: Zeraora|68\/100\n|-damage|p1a: Weavile|81\/100|[from] item: Life Orb\n|move|p2a: Zeraora|Plasma Fists|p1a: Weavile\n|-damage|p1a: Weavile|0 fnt\n|-fieldactivate|move: Ion Deluge\n|-damage|p2a: Zeraora|58\/100|[from] item: Life Orb\n|faint|p1a: Weavile\n|\n|upkeep\n|\n|switch|p1a: Excadrill|Excadrill, M|32\/100\n|-ability|p1a: Excadrill|Mold Breaker\n|turn|15\n|\n|move|p1a: Excadrill|Earthquake|p2a: Zeraora\n|-supereffective|p2a: Zeraora\n|-damage|p2a: Zeraora|0 fnt\n|faint|p2a: Zeraora\n|\n|upkeep\n|\n|switch|p2a: Cloyster|Cloyster, F|100\/100\n|turn|16\n|\n|move|p1a: Excadrill|Earthquake|p2a: Cloyster\n|-damage|p2a: Cloyster|56\/100\n|move|p2a: Cloyster|Shell Smash|p2a: Cloyster\n|-unboost|p2a: Cloyster|def|1\n|-unboost|p2a: Cloyster|spd|1\n|-boost|p2a: Cloyster|atk|2\n|-boost|p2a: Cloyster|spa|2\n|-boost|p2a: Cloyster|spe|2\n|\n|upkeep\n|turn|17\n|\n|move|p2a: Cloyster|Icicle Spear|p1a: Excadrill\n|-damage|p1a: Excadrill|0 fnt\n|-hitcount|p1a: Excadrill|1\n|faint|p1a: Excadrill\n|\n|upkeep\n|\n|switch|p1a: Seismitoad|Seismitoad, M|100\/100\n|turn|18\n|\n|move|p2a: Cloyster|Icicle Spear|p1a: Seismitoad\n|-damage|p1a: Seismitoad|84\/100\n|-damage|p1a: Seismitoad|67\/100\n|-damage|p1a: Seismitoad|51\/100\n|-damage|p1a: Seismitoad|35\/100\n|-damage|p1a: Seismitoad|17\/100\n|-hitcount|p1a: Seismitoad|5\n|move|p1a: Seismitoad|Earth Power|p2a: Cloyster\n|-damage|p2a: Cloyster|0 fnt\n|faint|p2a: Cloyster\n|\n|-heal|p1a: Seismitoad|23\/100|[from] item: Leftovers\n|upkeep\n|\n|switch|p2a: Mimikyu|Mimikyu, F|100\/100\n|turn|19\n|\n|move|p2a: Mimikyu|Swords Dance|p2a: Mimikyu\n|-boost|p2a: Mimikyu|atk|2\n|move|p1a: Seismitoad|Scald|p2a: Mimikyu\n|-activate|p2a: Mimikyu|ability: Disguise\n|-damage|p2a: Mimikyu|100\/100\n|detailschange|p2a: Mimikyu|Mimikyu-Busted, F\n|-damage|p2a: Mimikyu|88\/100|[from] pokemon: Mimikyu-Busted\n|\n|-heal|p1a: Seismitoad|29\/100|[from] item: Leftovers\n|upkeep\n|turn|20\n|\n|move|p2a: Mimikyu|Swords Dance|p2a: Mimikyu\n|-boost|p2a: Mimikyu|atk|2\n|move|p1a: Seismitoad|Earth Power|p2a: Mimikyu\n|-damage|p2a: Mimikyu|53\/100\n|\n|-heal|p1a: Seismitoad|35\/100|[from] item: Leftovers\n|upkeep\n|turn|21\n|\n|move|p2a: Mimikyu|Shadow Claw|p1a: Seismitoad\n|-damage|p1a: Seismitoad|0 fnt\n|-damage|p2a: Mimikyu|44\/100|[from] item: Life Orb\n|faint|p1a: Seismitoad\n|\n|upkeep\n|\n|switch|p1a: Incineroar|Incineroar, F|100\/100\n|-ability|p1a: Incineroar|Intimidate|boost\n|-unboost|p2a: Mimikyu|atk|1\n|-item|p1a: Incineroar|Air Balloon\n|turn|22\n|\n|switch|p1a: Darmanitan|Darmanitan, F|100\/100\n|move|p2a: Mimikyu|Play Rough|p1a: Darmanitan\n|-resisted|p1a: Darmanitan\n|-damage|p1a: Darmanitan|1\/100\n|-damage|p2a: Mimikyu|34\/100|[from] item: Life Orb\n|\n|upkeep\n|turn|23\n|\n|move|p2a: Mimikyu|Shadow Sneak|p1a: Darmanitan\n|-damage|p1a: Darmanitan|0 fnt\n|-damage|p2a: Mimikyu|24\/100|[from] item: Life Orb\n|faint|p1a: Darmanitan\n|\n|upkeep\n|\n|switch|p1a: Incineroar|Incineroar, F|100\/100\n|-ability|p1a: Incineroar|Intimidate|boost\n|-unboost|p2a: Mimikyu|atk|1\n|-item|p1a: Incineroar|Air Balloon\n|turn|24\n|\n|move|p2a: Mimikyu|Play Rough|p1a: Incineroar\n|-damage|p1a: Incineroar|0 fnt\n|-enditem|p1a: Incineroar|Air Balloon\n|-damage|p2a: Mimikyu|14\/100|[from] item: Life Orb\n|faint|p1a: Incineroar\n|\n|win|gjh7\n|raw|TryHonesty's rating: 1573 &rarr; <strong>1551<\/strong><br \/>(-22 for losing)\n|raw|gjh7's rating: 1537 &rarr; <strong>1559<\/strong><br \/>(+22 for winning)\n|l|\u2606TryHonesty\n|l|\u2606gjh7\n","uploadtime":1590833367,"views":7,"p1id":"tryhonesty","p2id":"gjh7","formatid":"gen8ou","rating":1551,"private":0,"password":null}