{"id":"gen8ou-1684448663","p1":"minimax_ai","p2":"Diameter\u272fXtreme","format":"gen8ou","log":"|html|<div class=\"broadcast-blue\"><strong>[Gen 8] OU is currently suspecting Melmetal! For information on how to participate check out the <a href=\"https:\/\/www.smogon.com\/forums\/threads\/np-ss-ou-suspect-process-round-12-monster-mash.3709234\/\">suspect thread<\/a>.<\/strong><\/div>\n|j|\u2606minimax_ai\n|j|\u2606Diameter\u272fXtreme\n|t:|1665631483\n|gametype|singles\n|player|p1|minimax_ai|lusamine-nihilego|1583\n|player|p2|Diameter\u272fXtreme|jasmine-gen2|1544\n|teamsize|p1|6\n|teamsize|p2|6\n|gen|8\n|tier|[Gen 8] OU\n|rated|\n|rule|Sleep Clause Mod: Limit one foe put to sleep\n|rule|Species Clause: Limit one of each Pok\u00e9mon\n|rule|OHKO Clause: OHKO moves are banned\n|rule|Evasion Items Clause: Evasion items are banned\n|rule|Evasion Moves Clause: Evasion moves are banned\n|rule|Endless Battle Clause: Forcing endless battles is banned\n|rule|HP Percentage Mod: HP is shown in percentages\n|rule|Dynamax Clause: You cannot dynamax\n|clearpoke\n|poke|p1|Rotom-Wash|\n|poke|p1|Weavile, F|\n|poke|p1|Landorus-Therian, M|\n|poke|p1|Heatran, M|\n|poke|p1|Tangrowth, F|\n|poke|p1|Melmetal|\n|poke|p2|Drampa, M|\n|poke|p2|Landorus-Therian, M|\n|poke|p2|Urshifu-*, F|\n|poke|p2|Corviknight, F|\n|poke|p2|Toxapex, M|\n|poke|p2|Slowking-Galar, M|\n|teampreview\n|inactive|Battle timer is ON: inactive players will automatically lose when time's up. (requested by Diameter\u272fXtreme)\n|c|\u2606minimax_ai|hf\n|inactive|minimax_ai also wants the timer to be on.\n|\n|t:|1665631489\n|start\n|switch|p1a: landorustherian|Landorus-Therian, M|100\/100\n|switch|p2a: Drampa|Drampa, M|100\/100\n|-ability|p1a: landorustherian|Intimidate|boost\n|-unboost|p2a: Drampa|atk|1\n|turn|1\n|c|\u2606Diameter\u272fXtreme|u2\n|\n|t:|1665631497\n|move|p1a: landorustherian|U-turn|p2a: Drampa\n|-damage|p2a: Drampa|69\/100\n|\n|t:|1665631500\n|switch|p1a: Melmetal|Melmetal|100\/100|[from]move: U-turn\n|move|p2a: Drampa|Draco Meteor|p1a: Melmetal\n|-resisted|p1a: Melmetal\n|-damage|p1a: Melmetal|72\/100\n|-unboost|p2a: Drampa|spa|2\n|\n|upkeep\n|turn|2\n|\n|t:|1665631505\n|switch|p2a: Corviknight|Corviknight, F|100\/100\n|-ability|p2a: Corviknight|Pressure\n|move|p1a: Melmetal|Ice Punch|p2a: Corviknight\n|-damage|p2a: Corviknight|79\/100\n|-damage|p1a: Melmetal|55\/100|[from] item: Rocky Helmet|[of] p2a: Corviknight\n|\n|upkeep\n|turn|3\n|\n|t:|1665631508\n|switch|p1a: landorustherian|Landorus-Therian, M|100\/100\n|-ability|p1a: landorustherian|Intimidate|boost\n|-unboost|p2a: Corviknight|atk|1\n|move|p2a: Corviknight|U-turn|p1a: landorustherian\n|-resisted|p1a: landorustherian\n|-damage|p1a: landorustherian|96\/100\n|\n|t:|1665631510\n|switch|p2a: Urshifu|Urshifu-Rapid-Strike, F|100\/100|[from]move: U-turn\n|\n|-heal|p1a: landorustherian|100\/100|[from] item: Leftovers\n|upkeep\n|turn|4\n|\n|t:|1665631512\n|switch|p1a: Tangrowth|Tangrowth, F|100\/100\n|move|p2a: Urshifu|U-turn|p1a: Tangrowth\n|-supereffective|p1a: Tangrowth\n|-damage|p1a: Tangrowth|73\/100\n|\n|t:|1665631515\n|switch|p2a: Drampa|Drampa, M|69\/100|[from]move: U-turn\n|\n|upkeep\n|turn|5\n|\n|t:|1665631518\n|switch|p1a: landorustherian|Landorus-Therian, M|100\/100\n|-ability|p1a: landorustherian|Intimidate|boost\n|-unboost|p2a: Drampa|atk|1\n|move|p2a: Drampa|Focus Blast|p1a: landorustherian\n|-resisted|p1a: landorustherian\n|-damage|p1a: landorustherian|74\/100\n|\n|-heal|p1a: landorustherian|80\/100|[from] item: Leftovers\n|upkeep\n|turn|6\n|\n|t:|1665631520\n|switch|p2a: Corviknight|Corviknight, F|79\/100\n|-ability|p2a: Corviknight|Pressure\n|move|p1a: landorustherian|Toxic|p2a: Corviknight\n|-immune|p2a: Corviknight\n|\n|-heal|p1a: landorustherian|86\/100|[from] item: Leftovers\n|upkeep\n|turn|7\n|\n|t:|1665631522\n|move|p1a: landorustherian|Defog|p2a: Corviknight\n|-unboost|p2a: Corviknight|evasion|1\n|move|p2a: Corviknight|U-turn|p1a: landorustherian\n|-resisted|p1a: landorustherian\n|-damage|p1a: landorustherian|80\/100\n|\n|t:|1665631524\n|switch|p2a: Urshifu|Urshifu-Rapid-Strike, F|100\/100|[from]move: U-turn\n|\n|-heal|p1a: landorustherian|86\/100|[from] item: Leftovers\n|upkeep\n|turn|8\n|\n|t:|1665631525\n|switch|p1a: Melmetal|Melmetal|55\/100\n|move|p2a: Urshifu|U-turn|p1a: Melmetal\n|-resisted|p1a: Melmetal\n|-crit|p1a: Melmetal\n|-damage|p1a: Melmetal|44\/100\n|\n|t:|1665631528\n|switch|p2a: Landorus|Landorus-Therian, M|100\/100|[from]move: U-turn\n|-ability|p2a: Landorus|Intimidate|boost\n|-unboost|p1a: Melmetal|atk|1\n|\n|upkeep\n|turn|9\n|\n|t:|1665631532\n|switch|p1a: landorustherian|Landorus-Therian, M|86\/100\n|-ability|p1a: landorustherian|Intimidate|boost\n|-unboost|p2a: Landorus|atk|1\n|move|p2a: Landorus|U-turn|p1a: landorustherian\n|-resisted|p1a: landorustherian\n|-damage|p1a: landorustherian|78\/100\n|\n|t:|1665631534\n|switch|p2a: Urshifu|Urshifu-Rapid-Strike, F|100\/100|[from]move: U-turn\n|\n|-heal|p1a: landorustherian|84\/100|[from] item: Leftovers\n|upkeep\n|turn|10\n|\n|t:|1665631535\n|switch|p1a: Melmetal|Melmetal|44\/100\n|move|p2a: Urshifu|U-turn|p1a: Melmetal\n|-resisted|p1a: Melmetal\n|-damage|p1a: Melmetal|37\/100\n|\n|t:|1665631537\n|switch|p2a: Landorus|Landorus-Therian, M|100\/100|[from]move: U-turn\n|-ability|p2a: Landorus|Intimidate|boost\n|-unboost|p1a: Melmetal|atk|1\n|\n|upkeep\n|turn|11\n|\n|t:|1665631538\n|switch|p1a: landorustherian|Landorus-Therian, M|84\/100\n|-ability|p1a: landorustherian|Intimidate|boost\n|-unboost|p2a: Landorus|atk|1\n|move|p2a: Landorus|U-turn|p1a: landorustherian\n|-resisted|p1a: landorustherian\n|-damage|p1a: landorustherian|75\/100\n|\n|t:|1665631541\n|switch|p2a: Urshifu|Urshifu-Rapid-Strike, F|100\/100|[from]move: U-turn\n|\n|-heal|p1a: landorustherian|81\/100|[from] item: Leftovers\n|upkeep\n|turn|12\n|\n|t:|1665631543\n|switch|p1a: Melmetal|Melmetal|37\/100\n|move|p2a: Urshifu|U-turn|p1a: Melmetal\n|-resisted|p1a: Melmetal\n|-damage|p1a: Melmetal|31\/100\n|\n|t:|1665631545\n|switch|p2a: Landorus|Landorus-Therian, M|100\/100|[from]move: U-turn\n|-ability|p2a: Landorus|Intimidate|boost\n|-unboost|p1a: Melmetal|atk|1\n|\n|upkeep\n|turn|13\n|\n|t:|1665631546\n|switch|p1a: landorustherian|Landorus-Therian, M|81\/100\n|-ability|p1a: landorustherian|Intimidate|boost\n|-unboost|p2a: Landorus|atk|1\n|move|p2a: Landorus|U-turn|p1a: landorustherian\n|-resisted|p1a: landorustherian\n|-damage|p1a: landorustherian|72\/100\n|\n|t:|1665631549\n|switch|p2a: Urshifu|Urshifu-Rapid-Strike, F|100\/100|[from]move: U-turn\n|\n|-heal|p1a: landorustherian|78\/100|[from] item: Leftovers\n|upkeep\n|turn|14\n|\n|t:|1665631550\n|switch|p1a: rotomwash|Rotom-Wash|100\/100\n|move|p2a: Urshifu|U-turn|p1a: rotomwash\n|-damage|p1a: rotomwash|73\/100\n|\n|t:|1665631555\n|switch|p2a: Landorus|Landorus-Therian, M|100\/100|[from]move: U-turn\n|-ability|p2a: Landorus|Intimidate|boost\n|-unboost|p1a: rotomwash|atk|1\n|\n|-heal|p1a: rotomwash|79\/100|[from] item: Leftovers\n|upkeep\n|turn|15\n|\n|t:|1665631556\n|switch|p1a: landorustherian|Landorus-Therian, M|78\/100\n|-ability|p1a: landorustherian|Intimidate|boost\n|-unboost|p2a: Landorus|atk|1\n|move|p2a: Landorus|U-turn|p1a: landorustherian\n|-resisted|p1a: landorustherian\n|-damage|p1a: landorustherian|71\/100\n|\n|t:|1665631558\n|switch|p2a: Urshifu|Urshifu-Rapid-Strike, F|100\/100|[from]move: U-turn\n|\n|-heal|p1a: landorustherian|77\/100|[from] item: Leftovers\n|upkeep\n|turn|16\n|\n|t:|1665631560\n|switch|p1a: rotomwash|Rotom-Wash|79\/100\n|move|p2a: Urshifu|U-turn|p1a: rotomwash\n|-damage|p1a: rotomwash|53\/100\n|inactive|Diameter\u272fXtreme has 120 seconds left.\n|\n|t:|1665631593\n|switch|p2a: Slowking|Slowking-Galar, M|100\/100|[from]move: U-turn\n|\n|-heal|p1a: rotomwash|59\/100|[from] item: Leftovers\n|upkeep\n|turn|17\n|\n|t:|1665631595\n|move|p1a: rotomwash|Thunderbolt|p2a: Slowking\n|-damage|p2a: Slowking|86\/100\n|move|p2a: Slowking|Future Sight|p1a: rotomwash\n|-start|p2a: Slowking|move: Future Sight\n|\n|-heal|p1a: rotomwash|66\/100|[from] item: Leftovers\n|upkeep\n|turn|18\n|\n|t:|1665631599\n|move|p1a: rotomwash|Thunderbolt|p2a: Slowking\n|-damage|p2a: Slowking|70\/100\n|move|p2a: Slowking|Earthquake|p1a: rotomwash\n|-immune|p1a: rotomwash|[from] ability: Levitate\n|\n|-heal|p1a: rotomwash|72\/100|[from] item: Leftovers\n|upkeep\n|turn|19\n|\n|t:|1665631600\n|switch|p1a: Weavile|Weavile, F|100\/100\n|-ability|p1a: Weavile|Pressure\n|move|p2a: Slowking|Sludge Bomb|p1a: Weavile\n|-damage|p1a: Weavile|48\/100\n|\n|-end|p1a: Weavile|move: Future Sight\n|-immune|p1a: Weavile\n|upkeep\n|turn|20\n|\n|t:|1665631602\n|switch|p2a: Corviknight|Corviknight, F|79\/100\n|-ability|p2a: Corviknight|Pressure\n|move|p1a: Weavile|Knock Off|p2a: Corviknight\n|-damage|p2a: Corviknight|30\/100\n|-damage|p1a: Weavile|31\/100|[from] item: Rocky Helmet|[of] p2a: Corviknight\n|-enditem|p2a: Corviknight|Rocky Helmet|[from] move: Knock Off|[of] p1a: Weavile\n|\n|upkeep\n|turn|21\n|\n|t:|1665631604\n|move|p1a: Weavile|Knock Off|p2a: Corviknight\n|-damage|p2a: Corviknight|0 fnt\n|faint|p2a: Corviknight\n|\n|upkeep\n|\n|t:|1665631607\n|switch|p2a: Landorus|Landorus-Therian, M|100\/100\n|-ability|p2a: Landorus|Intimidate|boost\n|-unboost|p1a: Weavile|atk|1\n|turn|22\n|\n|t:|1665631608\n|switch|p1a: landorustherian|Landorus-Therian, M|77\/100\n|-ability|p1a: landorustherian|Intimidate|boost\n|-unboost|p2a: Landorus|atk|1\n|move|p2a: Landorus|U-turn|p1a: landorustherian\n|-resisted|p1a: landorustherian\n|-damage|p1a: landorustherian|68\/100\n|\n|t:|1665631611\n|switch|p2a: Urshifu|Urshifu-Rapid-Strike, F|100\/100|[from]move: U-turn\n|\n|-heal|p1a: landorustherian|75\/100|[from] item: Leftovers\n|upkeep\n|turn|23\n|\n|t:|1665631612\n|switch|p1a: rotomwash|Rotom-Wash|72\/100\n|move|p2a: Urshifu|U-turn|p1a: rotomwash\n|-damage|p1a: rotomwash|47\/100\n|\n|t:|1665631616\n|switch|p2a: Landorus|Landorus-Therian, M|100\/100|[from]move: U-turn\n|-ability|p2a: Landorus|Intimidate|boost\n|-unboost|p1a: rotomwash|atk|1\n|\n|-heal|p1a: rotomwash|53\/100|[from] item: Leftovers\n|upkeep\n|turn|24\n|\n|t:|1665631617\n|switch|p1a: landorustherian|Landorus-Therian, M|75\/100\n|-ability|p1a: landorustherian|Intimidate|boost\n|-unboost|p2a: Landorus|atk|1\n|move|p2a: Landorus|Stone Edge|p1a: landorustherian|[miss]\n|-miss|p2a: Landorus|p1a: landorustherian\n|\n|-heal|p1a: landorustherian|81\/100|[from] item: Leftovers\n|upkeep\n|turn|25\n|\n|t:|1665631620\n|move|p2a: Landorus|Stone Edge|p1a: landorustherian\n|-damage|p1a: landorustherian|55\/100\n|move|p1a: landorustherian|Defog|p2a: Landorus\n|-unboost|p2a: Landorus|evasion|1\n|\n|-heal|p1a: landorustherian|61\/100|[from] item: Leftovers\n|upkeep\n|turn|26\n|\n|t:|1665631622\n|move|p2a: Landorus|Stone Edge|p1a: landorustherian\n|-damage|p1a: landorustherian|36\/100\n|move|p1a: landorustherian|Toxic|p2a: Landorus\n|-status|p2a: Landorus|tox\n|\n|-heal|p1a: landorustherian|42\/100|[from] item: Leftovers\n|-damage|p2a: Landorus|95\/100 tox|[from] psn\n|upkeep\n|turn|27\n|\n|t:|1665631624\n|move|p2a: Landorus|Stone Edge|p1a: landorustherian|[miss]\n|-miss|p2a: Landorus|p1a: landorustherian\n|move|p1a: landorustherian|Earthquake|p2a: Landorus\n|-immune|p2a: Landorus\n|\n|-heal|p1a: landorustherian|48\/100|[from] item: Leftovers\n|-damage|p2a: Landorus|83\/100 tox|[from] psn\n|upkeep\n|turn|28\n|\n|t:|1665631625\n|move|p2a: Landorus|Stone Edge|p1a: landorustherian\n|-crit|p1a: landorustherian\n|-damage|p1a: landorustherian|0 fnt\n|faint|p1a: landorustherian\n|\n|-damage|p2a: Landorus|65\/100 tox|[from] psn\n|upkeep\n|\n|t:|1665631625\n|switch|p1a: Heatran|Heatran, M|100\/100\n|-item|p1a: Heatran|Air Balloon\n|turn|29\n|\n|t:|1665631626\n|move|p2a: Landorus|Stone Edge|p1a: Heatran\n|-damage|p1a: Heatran|76\/100\n|-enditem|p1a: Heatran|Air Balloon\n|move|p1a: Heatran|Magma Storm|p2a: Landorus\n|-damage|p2a: Landorus|0 fnt\n|faint|p2a: Landorus\n|\n|upkeep\n|\n|t:|1665631629\n|switch|p2a: Urshifu|Urshifu-Rapid-Strike, F|100\/100\n|turn|30\n|\n|t:|1665631631\n|switch|p1a: Tangrowth|Tangrowth, F|100\/100\n|move|p2a: Urshifu|U-turn|p1a: Tangrowth\n|-supereffective|p1a: Tangrowth\n|-damage|p1a: Tangrowth|77\/100\n|\n|t:|1665631632\n|switch|p2a: Drampa|Drampa, M|69\/100|[from]move: U-turn\n|\n|upkeep\n|turn|31\n|\n|t:|1665631636\n|switch|p1a: Melmetal|Melmetal|31\/100\n|move|p2a: Drampa|Draco Meteor|p1a: Melmetal\n|-resisted|p1a: Melmetal\n|-damage|p1a: Melmetal|0 fnt\n|-unboost|p2a: Drampa|spa|2\n|faint|p1a: Melmetal\n|\n|upkeep\n|\n|t:|1665631636\n|switch|p1a: Heatran|Heatran, M|76\/100\n|turn|32\n|\n|t:|1665631639\n|switch|p2a: Urshifu|Urshifu-Rapid-Strike, F|100\/100\n|move|p1a: Heatran|Magma Storm|p2a: Urshifu\n|-resisted|p2a: Urshifu\n|-damage|p2a: Urshifu|61\/100\n|-activate|p2a: Urshifu|move: Magma Storm|[of] p1a: Heatran\n|\n|-damage|p2a: Urshifu|48\/100|[from] move: Magma Storm|[partiallytrapped]\n|upkeep\n|turn|33\n|\n|t:|1665631640\n|switch|p1a: Tangrowth|Tangrowth, F|100\/100\n|move|p2a: Urshifu|U-turn|p1a: Tangrowth\n|-supereffective|p1a: Tangrowth\n|-damage|p1a: Tangrowth|72\/100\n|\n|t:|1665631642\n|switch|p2a: Drampa|Drampa, M|69\/100|[from]move: U-turn\n|\n|upkeep\n|turn|34\n|\n|t:|1665631644\n|switch|p1a: Weavile|Weavile, F|31\/100\n|-ability|p1a: Weavile|Pressure\n|move|p2a: Drampa|Focus Blast|p1a: Weavile\n|-supereffective|p1a: Weavile\n|-damage|p1a: Weavile|0 fnt\n|faint|p1a: Weavile\n|\n|upkeep\n|\n|t:|1665631644\n|switch|p1a: Heatran|Heatran, M|76\/100\n|turn|35\n|\n|t:|1665631649\n|switch|p2a: Slowking|Slowking-Galar, M|100\/100\n|move|p1a: Heatran|Magma Storm|p2a: Slowking\n|-damage|p2a: Slowking|76\/100\n|-activate|p2a: Slowking|move: Magma Storm|[of] p1a: Heatran\n|\n|-damage|p2a: Slowking|63\/100|[from] move: Magma Storm|[partiallytrapped]\n|upkeep\n|turn|36\n|\n|t:|1665631650\n|move|p1a: Heatran|Magma Storm|p2a: Slowking|[miss]\n|-miss|p1a: Heatran|p2a: Slowking\n|move|p2a: Slowking|Earthquake|p1a: Heatran\n|-supereffective|p1a: Heatran\n|-damage|p1a: Heatran|10\/100\n|\n|-damage|p2a: Slowking|51\/100|[from] move: Magma Storm|[partiallytrapped]\n|upkeep\n|turn|37\n|\n|t:|1665631652\n|move|p1a: Heatran|Stealth Rock|p2a: Slowking\n|-sidestart|p2: Diameter\u272fXtreme|move: Stealth Rock\n|move|p2a: Slowking|Earthquake|p1a: Heatran\n|-supereffective|p1a: Heatran\n|-damage|p1a: Heatran|0 fnt\n|faint|p1a: Heatran\n|\n|-end|p2a: Slowking|Magma Storm|[partiallytrapped]|[silent]\n|upkeep\n|\n|t:|1665631652\n|switch|p1a: rotomwash|Rotom-Wash|53\/100\n|turn|38\n|\n|t:|1665631654\n|move|p1a: rotomwash|Thunderbolt|p2a: Slowking\n|-damage|p2a: Slowking|36\/100\n|move|p2a: Slowking|Future Sight|p1a: rotomwash\n|-start|p2a: Slowking|move: Future Sight\n|\n|-heal|p1a: rotomwash|60\/100|[from] item: Leftovers\n|upkeep\n|turn|39\n|\n|t:|1665631655\n|move|p1a: rotomwash|Thunderbolt|p2a: Slowking\n|-damage|p2a: Slowking|20\/100\n|move|p2a: Slowking|Sludge Bomb|p1a: rotomwash\n|-damage|p1a: rotomwash|22\/100\n|-status|p1a: rotomwash|psn\n|\n|-heal|p1a: rotomwash|28\/100 psn|[from] item: Leftovers\n|-damage|p1a: rotomwash|16\/100 psn|[from] psn\n|upkeep\n|turn|40\n|\n|t:|1665631662\n|switch|p2a: Urshifu|Urshifu-Rapid-Strike, F|48\/100\n|-damage|p2a: Urshifu|42\/100|[from] Stealth Rock\n|move|p1a: rotomwash|Thunderbolt|p2a: Urshifu\n|-supereffective|p2a: Urshifu\n|-damage|p2a: Urshifu|0 fnt\n|faint|p2a: Urshifu\n|\n|-end|p1a: rotomwash|move: Future Sight\n|-damage|p1a: rotomwash|0 fnt\n|faint|p1a: rotomwash\n|upkeep\n|\n|t:|1665631663\n|switch|p2a: Slowking|Slowking-Galar, M|53\/100\n|switch|p1a: Tangrowth|Tangrowth, F|100\/100\n|-damage|p2a: Slowking|41\/100|[from] Stealth Rock\n|turn|41\n|\n|t:|1665631665\n|move|p1a: Tangrowth|Sleep Powder|p2a: Slowking\n|-status|p2a: Slowking|slp|[from] move: Sleep Powder\n|cant|p2a: Slowking|slp\n|\n|upkeep\n|turn|42\n|\n|t:|1665631666\n|switch|p2a: Drampa|Drampa, M|69\/100\n|-damage|p2a: Drampa|57\/100|[from] Stealth Rock\n|move|p1a: Tangrowth|Focus Blast|p2a: Drampa\n|-supereffective|p2a: Drampa\n|-damage|p2a: Drampa|0 fnt\n|faint|p2a: Drampa\n|\n|upkeep\n|\n|t:|1665631669\n|switch|p2a: Toxapex|Toxapex, M|100\/100\n|-damage|p2a: Toxapex|88\/100|[from] Stealth Rock\n|turn|43\n|\n|t:|1665631670\n|move|p1a: Tangrowth|Giga Drain|p2a: Toxapex\n|-damage|p2a: Toxapex|64\/100\n|move|p2a: Toxapex|Scald|p1a: Tangrowth\n|-resisted|p1a: Tangrowth\n|-damage|p1a: Tangrowth|89\/100\n|-status|p1a: Tangrowth|brn\n|\n|-damage|p1a: Tangrowth|83\/100 brn|[from] brn\n|upkeep\n|turn|44\n|\n|t:|1665631672\n|move|p1a: Tangrowth|Giga Drain|p2a: Toxapex\n|-damage|p2a: Toxapex|40\/100\n|-heal|p1a: Tangrowth|92\/100 brn|[from] drain|[of] p2a: Toxapex\n|move|p2a: Toxapex|Recover|p2a: Toxapex\n|-heal|p2a: Toxapex|90\/100\n|\n|-damage|p1a: Tangrowth|86\/100 brn|[from] brn\n|upkeep\n|turn|45\n|\n|t:|1665631675\n|move|p1a: Tangrowth|Giga Drain|p2a: Toxapex\n|-damage|p2a: Toxapex|68\/100\n|-heal|p1a: Tangrowth|95\/100 brn|[from] drain|[of] p2a: Toxapex\n|move|p2a: Toxapex|Knock Off|p1a: Tangrowth\n|-damage|p1a: Tangrowth|87\/100 brn\n|-damage|p2a: Toxapex|51\/100|[from] item: Rocky Helmet|[of] p1a: Tangrowth\n|-enditem|p1a: Tangrowth|Rocky Helmet|[from] move: Knock Off|[of] p2a: Toxapex\n|\n|-damage|p1a: Tangrowth|81\/100 brn|[from] brn\n|upkeep\n|turn|46\n|\n|t:|1665631677\n|move|p1a: Tangrowth|Giga Drain|p2a: Toxapex\n|-damage|p2a: Toxapex|29\/100\n|-heal|p1a: Tangrowth|90\/100 brn|[from] drain|[of] p2a: Toxapex\n|move|p2a: Toxapex|Recover|p2a: Toxapex\n|-heal|p2a: Toxapex|79\/100\n|\n|-damage|p1a: Tangrowth|83\/100 brn|[from] brn\n|upkeep\n|turn|47\n|\n|t:|1665631679\n|move|p1a: Tangrowth|Giga Drain|p2a: Toxapex\n|-damage|p2a: Toxapex|55\/100\n|-heal|p1a: Tangrowth|93\/100 brn|[from] drain|[of] p2a: Toxapex\n|move|p2a: Toxapex|Scald|p1a: Tangrowth\n|-resisted|p1a: Tangrowth\n|-damage|p1a: Tangrowth|81\/100 brn\n|\n|-damage|p1a: Tangrowth|75\/100 brn|[from] brn\n|upkeep\n|turn|48\n|\n|t:|1665631681\n|move|p1a: Tangrowth|Giga Drain|p2a: Toxapex\n|-damage|p2a: Toxapex|31\/100\n|-heal|p1a: Tangrowth|84\/100 brn|[from] drain|[of] p2a: Toxapex\n|move|p2a: Toxapex|Recover|p2a: Toxapex\n|-heal|p2a: Toxapex|81\/100\n|\n|-damage|p1a: Tangrowth|78\/100 brn|[from] brn\n|upkeep\n|turn|49\n|\n|t:|1665631683\n|switch|p2a: Slowking|Slowking-Galar, M|74\/100 slp\n|-damage|p2a: Slowking|61\/100 slp|[from] Stealth Rock\n|move|p1a: Tangrowth|Giga Drain|p2a: Slowking\n|-resisted|p2a: Slowking\n|-damage|p2a: Slowking|56\/100 slp\n|-heal|p1a: Tangrowth|81\/100 brn|[from] drain|[of] p2a: Slowking\n|\n|-damage|p1a: Tangrowth|75\/100 brn|[from] brn\n|upkeep\n|turn|50\n|\n|t:|1665631684\n|switch|p2a: Toxapex|Toxapex, M|100\/100\n|-damage|p2a: Toxapex|88\/100|[from] Stealth Rock\n|move|p1a: Tangrowth|Knock Off|p2a: Toxapex\n|-damage|p2a: Toxapex|81\/100\n|-damage|p1a: Tangrowth|58\/100 brn|[from] item: Rocky Helmet|[of] p2a: Toxapex\n|-enditem|p2a: Toxapex|Rocky Helmet|[from] move: Knock Off|[of] p1a: Tangrowth\n|\n|-damage|p1a: Tangrowth|52\/100 brn|[from] brn\n|upkeep\n|turn|51\n|\n|t:|1665631688\n|move|p1a: Tangrowth|Knock Off|p2a: Toxapex\n|-damage|p2a: Toxapex|76\/100\n|move|p2a: Toxapex|Scald|p1a: Tangrowth\n|-resisted|p1a: Tangrowth\n|-damage|p1a: Tangrowth|40\/100 brn\n|\n|-damage|p1a: Tangrowth|34\/100 brn|[from] brn\n|upkeep\n|turn|52\n|\n|t:|1665631690\n|move|p1a: Tangrowth|Knock Off|p2a: Toxapex\n|-damage|p2a: Toxapex|72\/100\n|move|p2a: Toxapex|Scald|p1a: Tangrowth\n|-resisted|p1a: Tangrowth\n|-damage|p1a: Tangrowth|22\/100 brn\n|\n|-damage|p1a: Tangrowth|16\/100 brn|[from] brn\n|upkeep\n|turn|53\n|\n|t:|1665631709\n|move|p1a: Tangrowth|Giga Drain|p2a: Toxapex\n|-damage|p2a: Toxapex|50\/100\n|-heal|p1a: Tangrowth|24\/100 brn|[from] drain|[of] p2a: Toxapex\n|move|p2a: Toxapex|Scald|p1a: Tangrowth\n|-resisted|p1a: Tangrowth\n|-damage|p1a: Tangrowth|12\/100 brn\n|\n|-damage|p1a: Tangrowth|6\/100 brn|[from] brn\n|upkeep\n|turn|54\n|\n|t:|1665631711\n|move|p1a: Tangrowth|Giga Drain|p2a: Toxapex\n|-damage|p2a: Toxapex|27\/100\n|-heal|p1a: Tangrowth|15\/100 brn|[from] drain|[of] p2a: Toxapex\n|move|p2a: Toxapex|Recover|p2a: Toxapex\n|-heal|p2a: Toxapex|77\/100\n|\n|-damage|p1a: Tangrowth|9\/100 brn|[from] brn\n|upkeep\n|turn|55\n|\n|t:|1665631712\n|move|p1a: Tangrowth|Giga Drain|p2a: Toxapex\n|-damage|p2a: Toxapex|54\/100\n|-heal|p1a: Tangrowth|17\/100 brn|[from] drain|[of] p2a: Toxapex\n|move|p2a: Toxapex|Scald|p1a: Tangrowth\n|-resisted|p1a: Tangrowth\n|-damage|p1a: Tangrowth|5\/100 brn\n|\n|-damage|p1a: Tangrowth|0 fnt|[from] brn\n|faint|p1a: Tangrowth\n|\n|win|Diameter\u272fXtreme\n|upkeep\n|raw|minimax_ai's rating: 1583 &rarr; <strong>1561<\/strong><br \/>(-22 for losing)\n|raw|Diameter\u272fXtreme's rating: 1544 &rarr; <strong>1566<\/strong><br \/>(+22 for winning)\n|c|\u2606minimax_ai|gg\n","uploadtime":1665631714,"views":8,"p1id":"minimaxai","p2id":"diameterxtreme","formatid":"gen8ou","rating":1561,"private":0,"password":null}