{"id":"gen8ou-1706961925","p1":"sengolord","p2":"triguntoprun","format":"gen8ou","log":"|j|\u2606sengolord\n|j|\u2606triguntoprun\n|t:|1668036689\n|gametype|singles\n|player|p1|sengolord|blue|1312\n|player|p2|triguntoprun|benga|1260\n|teamsize|p1|6\n|teamsize|p2|6\n|gen|8\n|tier|[Gen 8] OU\n|rated|\n|rule|Sleep Clause Mod: Limit one foe put to sleep\n|rule|Species Clause: Limit one of each Pok\u00e9mon\n|rule|OHKO Clause: OHKO moves are banned\n|rule|Evasion Items Clause: Evasion items are banned\n|rule|Evasion Moves Clause: Evasion moves are banned\n|rule|Endless Battle Clause: Forcing endless battles is banned\n|rule|HP Percentage Mod: HP is shown in percentages\n|rule|Dynamax Clause: You cannot dynamax\n|clearpoke\n|poke|p1|Zapdos|\n|poke|p1|Heatran, F|\n|poke|p1|Garchomp, M|\n|poke|p1|Tapu Fini|\n|poke|p1|Weavile, F|\n|poke|p1|Gengar, M|\n|poke|p2|Ferrothorn, M|\n|poke|p2|Rotom-Wash|\n|poke|p2|Tyranitar, F|\n|poke|p2|Excadrill, F|\n|poke|p2|Clefable, M|\n|poke|p2|Dragapult, F|\n|teampreview\n|inactive|Battle timer is ON: inactive players will automatically lose when time's up. (requested by sengolord)\n|\n|t:|1668036710\n|start\n|switch|p1a: Gengar|Gengar, M|100\/100\n|switch|p2a: Clefable|Clefable, M|100\/100\n|turn|1\n|\n|t:|1668036716\n|switch|p2a: Tyranitar|Tyranitar, F|100\/100\n|-weather|Sandstorm|[from] ability: Sand Stream|[of] p2a: Tyranitar\n|move|p1a: Gengar|Trick|p2a: Tyranitar\n|-activate|p1a: Gengar|move: Trick|[of] p2a: Tyranitar\n|-item|p2a: Tyranitar|Choice Scarf|[from] move: Trick\n|-item|p1a: Gengar|Choice Band|[from] move: Trick\n|\n|-weather|Sandstorm|[upkeep]\n|-damage|p1a: Gengar|94\/100|[from] Sandstorm\n|upkeep\n|turn|2\n|\n|t:|1668036730\n|switch|p1a: Zapdos|Zapdos|100\/100\n|move|p2a: Tyranitar|Superpower|p1a: Zapdos\n|-resisted|p1a: Zapdos\n|-damage|p1a: Zapdos|83\/100\n|-unboost|p2a: Tyranitar|atk|1\n|-unboost|p2a: Tyranitar|def|1\n|\n|-weather|Sandstorm|[upkeep]\n|-damage|p1a: Zapdos|77\/100|[from] Sandstorm\n|upkeep\n|turn|3\n|\n|t:|1668036736\n|switch|p2a: Clefable|Clefable, M|100\/100\n|move|p1a: Zapdos|U-turn|p2a: Clefable\n|-resisted|p2a: Clefable\n|-damage|p2a: Clefable|95\/100\n|-damage|p1a: Zapdos|60\/100|[from] item: Rocky Helmet|[of] p2a: Clefable\n|\n|t:|1668036740\n|switch|p1a: Gengar|Gengar, M|94\/100|[from]move: U-turn\n|\n|-weather|Sandstorm|[upkeep]\n|-damage|p1a: Gengar|88\/100|[from] Sandstorm\n|upkeep\n|turn|4\n|\n|t:|1668036747\n|switch|p1a: Garchomp|Garchomp, M|100\/100\n|switch|p2a: Ferrothorn|Ferrothorn, M|100\/100\n|\n|-weather|Sandstorm|[upkeep]\n|upkeep\n|turn|5\n|\n|t:|1668036753\n|move|p1a: Garchomp|Swords Dance|p1a: Garchomp\n|-boost|p1a: Garchomp|atk|2\n|move|p2a: Ferrothorn|Leech Seed|p1a: Garchomp\n|-start|p1a: Garchomp|move: Leech Seed\n|\n|-weather|none\n|-damage|p1a: Garchomp|88\/100|[from] Leech Seed|[of] p2a: Ferrothorn\n|upkeep\n|turn|6\n|\n|t:|1668036758\n|move|p1a: Garchomp|Fire Fang|p2a: Ferrothorn\n|-supereffective|p2a: Ferrothorn\n|-damage|p2a: Ferrothorn|0 fnt\n|-damage|p1a: Garchomp|76\/100|[from] ability: Iron Barbs|[of] p2a: Ferrothorn\n|faint|p2a: Ferrothorn\n|\n|-heal|p1a: Garchomp|82\/100|[from] item: Leftovers\n|upkeep\n|\n|t:|1668036763\n|switch|p2a: Tyranitar|Tyranitar, F|100\/100\n|-weather|Sandstorm|[from] ability: Sand Stream|[of] p2a: Tyranitar\n|turn|7\n|\n|t:|1668036770\n|switch|p2a: Rotom|Rotom-Wash|100\/100\n|move|p1a: Garchomp|Scale Shot|p2a: Rotom\n|-damage|p2a: Rotom|72\/100\n|-damage|p2a: Rotom|44\/100\n|-hitcount|p2a: Rotom|2\n|-unboost|p1a: Garchomp|def|1\n|-boost|p1a: Garchomp|spe|1\n|\n|-weather|Sandstorm|[upkeep]\n|-damage|p2a: Rotom|37\/100|[from] Sandstorm\n|-heal|p1a: Garchomp|88\/100|[from] item: Leftovers\n|-heal|p2a: Rotom|44\/100|[from] item: Leftovers\n|-damage|p1a: Garchomp|76\/100|[from] Leech Seed|[of] p2a: Rotom\n|-heal|p2a: Rotom|58\/100|[silent]\n|upkeep\n|turn|8\n|\n|t:|1668036785\n|switch|p2a: Clefable|Clefable, M|95\/100\n|move|p1a: Garchomp|Scale Shot|p2a: Clefable\n|-immune|p2a: Clefable\n|\n|-weather|Sandstorm|[upkeep]\n|-heal|p1a: Garchomp|82\/100|[from] item: Leftovers\n|-damage|p1a: Garchomp|70\/100|[from] Leech Seed|[of] p2a: Clefable\n|-heal|p2a: Clefable|100\/100|[silent]\n|upkeep\n|turn|9\n|\n|t:|1668036795\n|move|p1a: Garchomp|Scale Shot|p2a: Clefable\n|-immune|p2a: Clefable\n|move|p2a: Clefable|Moonblast|p1a: Garchomp\n|-supereffective|p1a: Garchomp\n|-damage|p1a: Garchomp|6\/100\n|\n|-weather|Sandstorm|[upkeep]\n|-heal|p1a: Garchomp|12\/100|[from] item: Leftovers\n|-damage|p1a: Garchomp|0 fnt|[from] Leech Seed|[of] p2a: Clefable\n|faint|p1a: Garchomp\n|upkeep\n|\n|t:|1668036800\n|switch|p1a: Heatran|Heatran, F|100\/100\n|turn|10\n|\n|t:|1668036805\n|move|p1a: Heatran|Stealth Rock|p2a: Clefable\n|-sidestart|p2: triguntoprun|move: Stealth Rock\n|move|p2a: Clefable|Stealth Rock|p1a: Heatran\n|-sidestart|p1: sengolord|move: Stealth Rock\n|\n|-weather|Sandstorm|[upkeep]\n|upkeep\n|turn|11\n|\n|t:|1668036810\n|move|p1a: Heatran|Lava Plume|p2a: Clefable\n|-damage|p2a: Clefable|66\/100\n|move|p2a: Clefable|Knock Off|p1a: Heatran\n|-damage|p1a: Heatran|88\/100\n|-enditem|p1a: Heatran|Leftovers|[from] move: Knock Off|[of] p2a: Clefable\n|\n|-weather|none\n|upkeep\n|turn|12\n|\n|t:|1668036819\n|move|p1a: Heatran|Lava Plume|p2a: Clefable\n|-crit|p2a: Clefable\n|-damage|p2a: Clefable|18\/100\n|move|p2a: Clefable|Soft-Boiled|p2a: Clefable\n|-heal|p2a: Clefable|68\/100\n|\n|upkeep\n|turn|13\n|\n|t:|1668036825\n|move|p1a: Heatran|Taunt|p2a: Clefable\n|-start|p2a: Clefable|move: Taunt\n|cant|p2a: Clefable|move: Taunt|Soft-Boiled\n|\n|upkeep\n|turn|14\n|\n|t:|1668036830\n|switch|p2a: Tyranitar|Tyranitar, F|100\/100\n|-damage|p2a: Tyranitar|88\/100|[from] Stealth Rock\n|-weather|Sandstorm|[from] ability: Sand Stream|[of] p2a: Tyranitar\n|move|p1a: Heatran|Lava Plume|p2a: Tyranitar\n|-resisted|p2a: Tyranitar\n|-damage|p2a: Tyranitar|76\/100\n|\n|-weather|Sandstorm|[upkeep]\n|upkeep\n|turn|15\n|\n|t:|1668036845\n|switch|p2a: Rotom|Rotom-Wash|58\/100\n|-damage|p2a: Rotom|46\/100|[from] Stealth Rock\n|move|p1a: Heatran|Lava Plume|p2a: Rotom\n|-resisted|p2a: Rotom\n|-damage|p2a: Rotom|29\/100\n|-status|p2a: Rotom|brn\n|\n|-weather|Sandstorm|[upkeep]\n|-damage|p2a: Rotom|23\/100 brn|[from] Sandstorm\n|-heal|p2a: Rotom|29\/100 brn|[from] item: Leftovers\n|-damage|p2a: Rotom|23\/100 brn|[from] brn\n|upkeep\n|turn|16\n|\n|t:|1668036865\n|switch|p1a: Zapdos|Zapdos|60\/100\n|move|p2a: Rotom|Pain Split|p1a: Zapdos\n|-sethp|p1a: Zapdos|39\/100|[from] move: Pain Split|[silent]\n|-sethp|p2a: Rotom|49\/100 brn|[from] move: Pain Split\n|\n|-weather|Sandstorm|[upkeep]\n|-damage|p2a: Rotom|43\/100 brn|[from] Sandstorm\n|-damage|p1a: Zapdos|33\/100|[from] Sandstorm\n|-heal|p2a: Rotom|49\/100 brn|[from] item: Leftovers\n|-damage|p2a: Rotom|43\/100 brn|[from] brn\n|upkeep\n|turn|17\n|\n|t:|1668036876\n|move|p2a: Rotom|Volt Switch|p1a: Zapdos\n|-damage|p1a: Zapdos|7\/100\n|\n|t:|1668036880\n|switch|p2a: Excadrill|Excadrill, F|100\/100|[from]move: Volt Switch\n|-damage|p2a: Excadrill|97\/100|[from] Stealth Rock\n|move|p1a: Zapdos|Roost|p1a: Zapdos\n|-heal|p1a: Zapdos|57\/100\n|-singleturn|p1a: Zapdos|move: Roost\n|\n|-weather|Sandstorm|[upkeep]\n|-damage|p1a: Zapdos|50\/100|[from] Sandstorm\n|-heal|p2a: Excadrill|100\/100|[from] item: Leftovers\n|upkeep\n|turn|18\n|\n|t:|1668036893\n|move|p2a: Excadrill|Rapid Spin|p1a: Zapdos\n|-damage|p1a: Zapdos|37\/100\n|-boost|p2a: Excadrill|spe|1\n|-sideend|p2: triguntoprun|Stealth Rock|[from] move: Rapid Spin|[of] p2a: Excadrill\n|move|p1a: Zapdos|Roost|p1a: Zapdos\n|-heal|p1a: Zapdos|87\/100\n|-singleturn|p1a: Zapdos|move: Roost\n|\n|-weather|none\n|upkeep\n|turn|19\n|\n|t:|1668036901\n|move|p2a: Excadrill|Swords Dance|p2a: Excadrill\n|-boost|p2a: Excadrill|atk|2\n|move|p1a: Zapdos|Defog|p2a: Excadrill\n|-unboost|p2a: Excadrill|evasion|1\n|-sideend|p1: sengolord|Stealth Rock|[from] move: Defog|[of] p1a: Zapdos\n|\n|upkeep\n|turn|20\n|\n|t:|1668036907\n|move|p2a: Excadrill|Swords Dance|p2a: Excadrill\n|-boost|p2a: Excadrill|atk|2\n|move|p1a: Zapdos|U-turn|p2a: Excadrill\n|-resisted|p2a: Excadrill\n|-damage|p2a: Excadrill|91\/100\n|\n|t:|1668036913\n|switch|p1a: Tapu Fini|Tapu Fini|100\/100|[from]move: U-turn\n|-fieldstart|move: Misty Terrain|[from] ability: Misty Surge|[of] p1a: Tapu Fini\n|\n|-heal|p2a: Excadrill|97\/100|[from] item: Leftovers\n|upkeep\n|turn|21\n|\n|t:|1668036916\n|move|p2a: Excadrill|Iron Head|p1a: Tapu Fini\n|-damage|p1a: Tapu Fini|0 fnt\n|faint|p1a: Tapu Fini\n|\n|-heal|p2a: Excadrill|100\/100|[from] item: Leftovers\n|upkeep\n|\n|t:|1668036920\n|switch|p1a: Zapdos|Zapdos|87\/100\n|turn|22\n|\n|t:|1668036925\n|move|p2a: Excadrill|Iron Head|p1a: Zapdos\n|-resisted|p1a: Zapdos\n|-damage|p1a: Zapdos|37\/100\n|cant|p1a: Zapdos|flinch\n|\n|upkeep\n|turn|23\n|\n|t:|1668036930\n|move|p2a: Excadrill|Iron Head|p1a: Zapdos\n|-resisted|p1a: Zapdos\n|-damage|p1a: Zapdos|0 fnt\n|faint|p1a: Zapdos\n|\n|upkeep\n|-message|sengolord forfeited.\n|\n|win|triguntoprun\n|raw|sengolord's rating: 1312 &rarr; <strong>1289<\/strong><br \/>(-23 for losing)\n|raw|triguntoprun's rating: 1260 &rarr; <strong>1289<\/strong><br \/>(+29 for winning)\n|l|\u2606sengolord\n||Ladder isn't responding, score probably updated but might not have (Request timeout).\n","uploadtime":1668037342,"views":4,"p1id":"sengolord","p2id":"triguntoprun","formatid":"gen8ou","rating":1289,"private":0,"password":null}