{"id":"gen8ou-1702374834","p1":"SweatyGaming","p2":"machugen","format":"gen8ou","log":"|j|\u2606SweatyGaming\n|j|\u2606machugen\n|t:|1667542718\n|gametype|singles\n|player|p1|SweatyGaming|hilbert-wonderlauncher|1605\n|player|p2|machugen|brock-gen1rb|1740\n|teamsize|p1|6\n|teamsize|p2|6\n|gen|8\n|tier|[Gen 8] OU\n|rated|\n|rule|Sleep Clause Mod: Limit one foe put to sleep\n|rule|Species Clause: Limit one of each Pok\u00e9mon\n|rule|OHKO Clause: OHKO moves are banned\n|rule|Evasion Items Clause: Evasion items are banned\n|rule|Evasion Moves Clause: Evasion moves are banned\n|rule|Endless Battle Clause: Forcing endless battles is banned\n|rule|HP Percentage Mod: HP is shown in percentages\n|rule|Dynamax Clause: You cannot dynamax\n|clearpoke\n|poke|p1|Pelipper, F|\n|poke|p1|Ferrothorn, F|\n|poke|p1|Barraskewda, F|\n|poke|p1|Zapdos|\n|poke|p1|Crawdaunt, M|\n|poke|p1|Chansey, F|\n|poke|p2|Tapu Koko|\n|poke|p2|Urshifu-*, M|\n|poke|p2|Slowking-Galar, M|\n|poke|p2|Ferrothorn, M|\n|poke|p2|Mandibuzz, F|\n|poke|p2|Landorus-Therian, M|\n|teampreview\n|inactive|Battle timer is ON: inactive players will automatically lose when time's up. (requested by SweatyGaming)\n|\n|t:|1667542736\n|start\n|switch|p1a: Ferrothorn|Ferrothorn, F|100\/100\n|switch|p2a: Tapu Koko|Tapu Koko, shiny|100\/100\n|-fieldstart|move: Electric Terrain|[from] ability: Electric Surge|[of] p2a: Tapu Koko\n|turn|1\n|\n|t:|1667542746\n|switch|p2a: Slowking|Slowking-Galar, M|100\/100\n|move|p1a: Ferrothorn|Knock Off|p2a: Slowking\n|-supereffective|p2a: Slowking\n|-damage|p2a: Slowking|57\/100\n|-enditem|p2a: Slowking|Assault Vest|[from] move: Knock Off|[of] p1a: Ferrothorn\n|\n|upkeep\n|turn|2\n|\n|t:|1667542753\n|switch|p1a: Chansey|Chansey, F|100\/100\n|move|p2a: Slowking|Flamethrower|p1a: Chansey\n|-damage|p1a: Chansey|91\/100\n|-status|p1a: Chansey|brn\n|\n|-damage|p1a: Chansey|84\/100 brn|[from] brn\n|upkeep\n|turn|3\n|\n|t:|1667542761\n|move|p2a: Slowking|Future Sight|p1a: Chansey\n|-start|p2a: Slowking|move: Future Sight\n|move|p1a: Chansey|Teleport|p1a: Chansey\n|\n|t:|1667542764\n|-curestatus|p1a: Chansey|brn|[from] ability: Natural Cure\n|switch|p1a: Crawdaunt|Crawdaunt, M|100\/100|[from]move: Teleport\n|\n|upkeep\n|turn|4\n|\n|t:|1667542770\n|switch|p2a: Urshifu|Urshifu-Rapid-Strike, M|100\/100\n|move|p1a: Crawdaunt|Swords Dance|p1a: Crawdaunt\n|-boost|p1a: Crawdaunt|atk|2\n|\n|upkeep\n|turn|5\n|\n|t:|1667542776\n|switch|p1a: Ferrothorn|Ferrothorn, F|100\/100\n|move|p2a: Urshifu|Close Combat|p1a: Ferrothorn\n|-supereffective|p1a: Ferrothorn\n|-damage|p1a: Ferrothorn|0 fnt\n|-unboost|p2a: Urshifu|def|1\n|-unboost|p2a: Urshifu|spd|1\n|-damage|p2a: Urshifu|88\/100|[from] ability: Iron Barbs|[of] p1a: Ferrothorn\n|faint|p1a: Ferrothorn\n|\n|-hint|Future Sight did not hit because the target is fainted.\n|-fieldend|move: Electric Terrain\n|upkeep\n|\n|t:|1667542786\n|switch|p1a: Pelipper|Pelipper, F|100\/100\n|-weather|RainDance|[from] ability: Drizzle|[of] p1a: Pelipper\n|turn|6\n|\n|t:|1667542794\n|switch|p2a: Ferrothorn|Ferrothorn, M|100\/100\n|move|p1a: Pelipper|U-turn|p2a: Ferrothorn\n|-damage|p2a: Ferrothorn|96\/100\n|-damage|p1a: Pelipper|88\/100|[from] ability: Iron Barbs|[of] p2a: Ferrothorn\n|\n|t:|1667542806\n|switch|p1a: Zapdos|Zapdos|100\/100|[from]move: U-turn\n|\n|-weather|RainDance|[upkeep]\n|-heal|p2a: Ferrothorn|100\/100|[from] item: Leftovers\n|upkeep\n|turn|7\n|\n|t:|1667542811\n|switch|p2a: Slowking|Slowking-Galar, M|90\/100\n|move|p1a: Zapdos|Hurricane|p2a: Slowking\n|-damage|p2a: Slowking|46\/100\n|\n|-weather|RainDance|[upkeep]\n|upkeep\n|turn|8\n|\n|t:|1667542818\n|move|p1a: Zapdos|Hurricane|p2a: Slowking\n|-damage|p2a: Slowking|3\/100\n|move|p2a: Slowking|Sludge Bomb|p1a: Zapdos\n|-damage|p1a: Zapdos|45\/100\n|\n|-weather|RainDance|[upkeep]\n|upkeep\n|turn|9\n|\n|t:|1667542825\n|switch|p2a: Tapu Koko|Tapu Koko, shiny|100\/100\n|-fieldstart|move: Electric Terrain|[from] ability: Electric Surge|[of] p2a: Tapu Koko\n|move|p1a: Zapdos|Hurricane|p2a: Tapu Koko\n|-resisted|p2a: Tapu Koko\n|-damage|p2a: Tapu Koko|54\/100\n|-start|p2a: Tapu Koko|confusion\n|\n|-weather|RainDance|[upkeep]\n|upkeep\n|turn|10\n|j| Tokyo EZ\n|l| Tokyo EZ\n|\n|t:|1667542833\n|switch|p1a: Chansey|Chansey, F|84\/100\n|-activate|p2a: Tapu Koko|confusion\n|move|p2a: Tapu Koko|Roost|p2a: Tapu Koko\n|-heal|p2a: Tapu Koko|100\/100\n|-singleturn|p2a: Tapu Koko|move: Roost\n|\n|-weather|RainDance|[upkeep]\n|upkeep\n|turn|11\n|\n|t:|1667542839\n|-activate|p2a: Tapu Koko|confusion\n|move|p2a: Tapu Koko|U-turn|p1a: Chansey\n|-damage|p1a: Chansey|75\/100\n|\n|t:|1667542842\n|switch|p2a: Ferrothorn|Ferrothorn, M|100\/100|[from]move: U-turn\n|move|p1a: Chansey|Teleport|p1a: Chansey\n|\n|t:|1667542845\n|switch|p1a: Zapdos|Zapdos|45\/100|[from]move: Teleport\n|\n|-weather|RainDance|[upkeep]\n|upkeep\n|turn|12\n|\n|t:|1667542849\n|switch|p2a: Tapu Koko|Tapu Koko, shiny|100\/100\n|move|p1a: Zapdos|Hurricane|p2a: Tapu Koko\n|-resisted|p2a: Tapu Koko\n|-damage|p2a: Tapu Koko|60\/100\n|\n|-weather|RainDance|[upkeep]\n|upkeep\n|turn|13\n|\n|t:|1667542855\n|move|p2a: Tapu Koko|Roost|p2a: Tapu Koko\n|-heal|p2a: Tapu Koko|100\/100\n|-singleturn|p2a: Tapu Koko|move: Roost\n|move|p1a: Zapdos|Roost|p1a: Zapdos\n|-heal|p1a: Zapdos|95\/100\n|-singleturn|p1a: Zapdos|move: Roost\n|\n|-weather|none\n|-fieldend|move: Electric Terrain\n|upkeep\n|turn|14\n|\n|t:|1667542863\n|switch|p1a: Chansey|Chansey, F|75\/100\n|move|p2a: Tapu Koko|U-turn|p1a: Chansey\n|-damage|p1a: Chansey|64\/100\n|\n|t:|1667542865\n|switch|p2a: Urshifu|Urshifu-Rapid-Strike, M|88\/100|[from]move: U-turn\n|\n|upkeep\n|turn|15\n|\n|t:|1667542870\n|switch|p1a: Pelipper|Pelipper, F|88\/100\n|-weather|RainDance|[from] ability: Drizzle|[of] p1a: Pelipper\n|move|p2a: Urshifu|Surging Strikes|p1a: Pelipper\n|-resisted|p1a: Pelipper\n|-crit|p1a: Pelipper\n|-damage|p1a: Pelipper|70\/100\n|-resisted|p1a: Pelipper\n|-crit|p1a: Pelipper\n|-damage|p1a: Pelipper|53\/100\n|-resisted|p1a: Pelipper\n|-crit|p1a: Pelipper\n|-damage|p1a: Pelipper|35\/100\n|-hitcount|p1a: Pelipper|3\n|\n|-weather|RainDance|[upkeep]\n|upkeep\n|turn|16\n|\n|t:|1667542883\n|move|p2a: Urshifu|Surging Strikes|p1a: Pelipper\n|-resisted|p1a: Pelipper\n|-crit|p1a: Pelipper\n|-damage|p1a: Pelipper|18\/100\n|-resisted|p1a: Pelipper\n|-crit|p1a: Pelipper\n|-damage|p1a: Pelipper|1\/100\n|-resisted|p1a: Pelipper\n|-crit|p1a: Pelipper\n|-damage|p1a: Pelipper|0 fnt\n|faint|p1a: Pelipper\n|-hitcount|p1: Pelipper|3\n|\n|-weather|RainDance|[upkeep]\n|upkeep\n|\n|t:|1667542892\n|switch|p1a: Barraskewda|Barraskewda, F|100\/100\n|turn|17\n|\n|t:|1667542898\n|move|p1a: Barraskewda|Flip Turn|p2a: Urshifu\n|-resisted|p2a: Urshifu\n|-damage|p2a: Urshifu|50\/100\n|\n|t:|1667542906\n|switch|p1a: Chansey|Chansey, F|64\/100|[from]move: Flip Turn\n|move|p2a: Urshifu|Surging Strikes|p1a: Chansey\n|-crit|p1a: Chansey\n|-damage|p1a: Chansey|37\/100\n|-crit|p1a: Chansey\n|-damage|p1a: Chansey|11\/100\n|-crit|p1a: Chansey\n|-damage|p1a: Chansey|0 fnt\n|faint|p1a: Chansey\n|-hitcount|p1: Chansey|3\n|\n|-weather|RainDance|[upkeep]\n|upkeep\n|\n|t:|1667542916\n|switch|p1a: Barraskewda|Barraskewda, F|100\/100\n|turn|18\n|\n|t:|1667542921\n|switch|p2a: Slowking|Slowking-Galar, M|36\/100\n|move|p1a: Barraskewda|Close Combat|p2a: Slowking\n|-resisted|p2a: Slowking\n|-damage|p2a: Slowking|19\/100\n|-unboost|p1a: Barraskewda|def|1\n|-unboost|p1a: Barraskewda|spd|1\n|\n|-weather|RainDance|[upkeep]\n|upkeep\n|turn|19\n|\n|t:|1667542929\n|switch|p1a: Crawdaunt|Crawdaunt, M|100\/100\n|move|p2a: Slowking|Sludge Bomb|p1a: Crawdaunt\n|-damage|p1a: Crawdaunt|6\/100\n|-status|p1a: Crawdaunt|psn\n|\n|-weather|RainDance|[upkeep]\n|-damage|p1a: Crawdaunt|0 fnt|[from] psn\n|faint|p1a: Crawdaunt\n|upkeep\n|-message|SweatyGaming forfeited.\n|\n|win|machugen\n|raw|SweatyGaming's rating: 1605 &rarr; <strong>1592<\/strong><br \/>(-13 for losing)\n|raw|machugen's rating: 1740 &rarr; <strong>1753<\/strong><br \/>(+13 for winning)\n|l|\u2606SweatyGaming\n","uploadtime":1667542938,"views":10,"p1id":"sweatygaming","p2id":"machugen","formatid":"gen8ou","rating":1592,"private":0,"password":null}