{"id":"gen8nationaldexag-1099505892","p1":"willcoxw","p2":"DragozardJak","format":"gen8nationaldexag","log":"|j|\u2606willcoxw\n|j|\u2606DragozardJak\n|player|p1|willcoxw|clair|1608\n|player|p2|DragozardJak|rocketgrunt|1378\n|teamsize|p1|6\n|teamsize|p2|6\n|gametype|singles\n|gen|8\n|tier|[Gen 8] National Dex AG\n|rated|\n|clearpoke\n|poke|p1|Zygarde|\n|poke|p1|Zygarde|\n|poke|p1|Necrozma-Dusk-Mane|\n|poke|p1|Necrozma-Dawn-Wings|\n|poke|p1|Eternatus|\n|poke|p1|Yveltal|\n|poke|p2|Pheromosa|\n|poke|p2|Charizard, M|\n|poke|p2|Gardevoir, F|\n|poke|p2|Mimikyu-Totem, M|\n|poke|p2|Greninja, M|\n|poke|p2|Gliscor, F|\n|rule|HP Percentage Mod: HP is shown in percentages\n|rule|Endless Battle Clause: Forcing endless battles is banned\n|teampreview\n|\n|start\n|switch|p1a: Eternatus|Eternatus|100\/100\n|switch|p2a: Pheromosa|Pheromosa|100\/100\n|-ability|p1a: Eternatus|Pressure\n|turn|1\n|\n|move|p2a: Pheromosa|Ice Beam|p1a: Eternatus\n|-supereffective|p1a: Eternatus\n|-damage|p1a: Eternatus|58\/100\n|move|p1a: Eternatus|Toxic Spikes|p2a: Pheromosa\n|-sidestart|p2: DragozardJak|move: Toxic Spikes\n|\n|upkeep\n|turn|2\n|\n|move|p2a: Pheromosa|Ice Beam|p1a: Eternatus\n|-supereffective|p1a: Eternatus\n|-damage|p1a: Eternatus|15\/100\n|move|p1a: Eternatus|Flamethrower|p2a: Pheromosa\n|-supereffective|p2a: Pheromosa\n|-enditem|p2a: Pheromosa|Focus Sash\n|-damage|p2a: Pheromosa|1\/100\n|-damage|p1a: Eternatus|5\/100|[from] item: Life Orb\n|\n|upkeep\n|turn|3\n|\n|switch|p1a: Necrozma|Necrozma-Dusk-Mane|100\/100\n|move|p2a: Pheromosa|U-turn|p1a: Necrozma\n|-damage|p1a: Necrozma|80\/100\n|\n|switch|p2a: Gliscor|Gliscor, F|100\/100|[from]move: U-turn\n|\n|-heal|p1a: Necrozma|86\/100|[from] item: Leftovers\n|-status|p2a: Gliscor|tox|[from] item: Toxic Orb\n|upkeep\n|turn|4\n|\n|move|p2a: Gliscor|Defog|p1a: Necrozma\n|-unboost|p1a: Necrozma|evasion|1\n|-sideend|p2: DragozardJak|Toxic Spikes|[from] move: Defog|[of] p2a: Gliscor\n|move|p1a: Necrozma|Stealth Rock|p2a: Gliscor\n|-sidestart|p2: DragozardJak|move: Stealth Rock\n|\n|-heal|p1a: Necrozma|92\/100|[from] item: Leftovers\n|upkeep\n|turn|5\n|\n|move|p2a: Gliscor|Defog|p1a: Necrozma\n|-unboost|p1a: Necrozma|evasion|1\n|-sideend|p2: DragozardJak|Stealth Rock|[from] move: Defog|[of] p2a: Gliscor\n|move|p1a: Necrozma|Knock Off|p2a: Gliscor\n|-damage|p2a: Gliscor|74\/100 tox\n|-enditem|p2a: Gliscor|Toxic Orb|[from] move: Knock Off|[of] p1a: Necrozma\n|\n|-heal|p1a: Necrozma|98\/100|[from] item: Leftovers\n|-heal|p2a: Gliscor|87\/100 tox|[from] ability: Poison Heal\n|upkeep\n|turn|6\n|\n|move|p2a: Gliscor|Guillotine|p1a: Necrozma\n|-damage|p1a: Necrozma|0 fnt\n|-ohko\n|faint|p1a: Necrozma\n|\n|-heal|p2a: Gliscor|99\/100 tox|[from] ability: Poison Heal\n|upkeep\n|\n|switch|p1a: Eternatus|Eternatus|5\/100\n|-ability|p1a: Eternatus|Pressure\n|turn|7\n|\n|move|p1a: Eternatus|Toxic Spikes|p2a: Gliscor\n|-sidestart|p2: DragozardJak|move: Toxic Spikes\n|move|p2a: Gliscor|Earthquake|p1a: Eternatus\n|-supereffective|p1a: Eternatus\n|-damage|p1a: Eternatus|0 fnt\n|faint|p1a: Eternatus\n|\n|-heal|p2a: Gliscor|100\/100 tox|[from] ability: Poison Heal\n|upkeep\n|\n|switch|p1a: Yveltal|Yveltal|100\/100\n|-ability|p1a: Yveltal|Dark Aura\n|turn|8\n|\n|-start|p1a: Yveltal|Dynamax\n|-heal|p1a: Yveltal|100\/100|[silent]\n|move|p1a: Yveltal|Max Darkness|p2a: Gliscor\n|-damage|p2a: Gliscor|0 fnt\n|-damage|p1a: Yveltal|96\/100|[from] item: Life Orb\n|faint|p2a: Gliscor\n|\n|upkeep\n|\n|switch|p2a: Pheromosa|Pheromosa|1\/100\n|-status|p2a: Pheromosa|psn\n|turn|9\n|\n|move|p2a: Pheromosa|Ice Beam|p1a: Yveltal\n|-supereffective|p1a: Yveltal\n|-damage|p1a: Yveltal|71\/100\n|move|p1a: Yveltal|Max Airstream|p2a: Pheromosa\n|-supereffective|p2a: Pheromosa\n|-damage|p2a: Pheromosa|0 fnt\n|-boost|p1a: Yveltal|spe|1\n|-damage|p1a: Yveltal|66\/100|[from] item: Life Orb\n|faint|p2a: Pheromosa\n|\n|upkeep\n|\n|switch|p2a: Mimikyu|Mimikyu-Totem, M|100\/100\n|-status|p2a: Mimikyu|psn\n|turn|10\n|\n|move|p1a: Yveltal|Max Darkness|p2a: Mimikyu\n|-activate|p2a: Mimikyu|ability: Disguise\n|-damage|p2a: Mimikyu|100\/100 psn\n|-unboost|p2a: Mimikyu|spd|1\n|detailschange|p2a: Mimikyu|Mimikyu-Busted-Totem, M\n|-damage|p2a: Mimikyu|88\/100 psn|[from] pokemon: Mimikyu-Busted-Totem\n|-damage|p1a: Yveltal|61\/100|[from] item: Life Orb\n|-zpower|p2a: Mimikyu\n|move|p2a: Mimikyu|Let's Snuggle Forever|p1a: Yveltal|[zeffect]\n|-supereffective|p1a: Yveltal\n|-damage|p1a: Yveltal|0 fnt\n|faint|p1a: Yveltal\n|\n|-damage|p2a: Mimikyu|76\/100 psn|[from] psn\n|upkeep\n|\n|switch|p1a: Necrozma-Dawn-Wing|Necrozma-Dawn-Wings|100\/100\n|turn|11\n|\n|detailschange|p1a: Necrozma-Dawn-Wing|Necrozma-Ultra\n|-burst|p1a: Necrozma-Dawn-Wing|Necrozma|Ultranecrozium Z\n|move|p2a: Mimikyu|Shadow Sneak|p1a: Necrozma-Dawn-Wing\n|-supereffective|p1a: Necrozma-Dawn-Wing\n|-crit|p1a: Necrozma-Dawn-Wing\n|-damage|p1a: Necrozma-Dawn-Wing|50\/100\n|move|p1a: Necrozma-Dawn-Wing|Photon Geyser|p2a: Mimikyu\n|-damage|p2a: Mimikyu|0 fnt\n|faint|p2a: Mimikyu\n|\n|upkeep\n|\n|switch|p2a: Gardevoir|Gardevoir, F|100\/100\n|-status|p2a: Gardevoir|psn\n|-ability|p2a: Gardevoir|Neuroforce|[from] ability: Trace|[of] p1a: Necrozma-Dawn-Wing\n|turn|12\n|\n|move|p2a: Gardevoir|Moonblast|p1a: Necrozma-Dawn-Wing\n|-supereffective|p1a: Necrozma-Dawn-Wing\n|-damage|p1a: Necrozma-Dawn-Wing|0 fnt\n|faint|p1a: Necrozma-Dawn-Wing\n|\n|-damage|p2a: Gardevoir|88\/100 psn|[from] psn\n|upkeep\n|\n|switch|p1a: Zygarde|Zygarde|100\/100\n|turn|13\n|\n|-start|p2a: Gardevoir|Dynamax\n|-heal|p2a: Gardevoir|88\/100 psn|[silent]\n|move|p1a: Zygarde|Dragon Dance|p1a: Zygarde\n|-boost|p1a: Zygarde|atk|1\n|-boost|p1a: Zygarde|spe|1\n|move|p2a: Gardevoir|Max Starfall|p1a: Zygarde\n|-supereffective|p1a: Zygarde\n|-damage|p1a: Zygarde|0 fnt\n|-fieldstart|move: Misty Terrain\n|faint|p1a: Zygarde\n|\n|-damage|p2a: Gardevoir|82\/100 psn|[from] psn\n|upkeep\n|-message|willcoxw forfeited.\n|\n|win|DragozardJak\n|raw|willcoxw's rating: 1583 &rarr; <strong>1551<\/strong><br \/>(-32 for losing)\n|raw|DragozardJak's rating: 1362 &rarr; <strong>1393<\/strong><br \/>(+31 for winning)\n","uploadtime":1587311869,"views":7,"p1id":"willcoxw","p2id":"dragozardjak","formatid":"gen8nationaldexag","rating":1393,"private":0,"password":null}