{"id":"gen8ou-1704104543","p1":"Mad Lad 47","p2":"reionatro","format":"gen8ou","log":"|j|\u2606Mad Lad 47\n|j|\u2606reionatro\n|t:|1667743657\n|gametype|singles\n|player|p1|Mad Lad 47|lucas|1678\n|player|p2|reionatro|2|1864\n|teamsize|p1|6\n|teamsize|p2|6\n|gen|8\n|tier|[Gen 8] OU\n|rated|\n|rule|Sleep Clause Mod: Limit one foe put to sleep\n|rule|Species Clause: Limit one of each Pok\u00e9mon\n|rule|OHKO Clause: OHKO moves are banned\n|rule|Evasion Items Clause: Evasion items are banned\n|rule|Evasion Moves Clause: Evasion moves are banned\n|rule|Endless Battle Clause: Forcing endless battles is banned\n|rule|HP Percentage Mod: HP is shown in percentages\n|rule|Dynamax Clause: You cannot dynamax\n|clearpoke\n|poke|p1|Arcanine, M|\n|poke|p1|Morpeko, M|\n|poke|p1|Skarmory, M|\n|poke|p1|Blissey, F|\n|poke|p1|Dragapult, F|\n|poke|p1|Nidoking, M|\n|poke|p2|Landorus-Therian, M|\n|poke|p2|Melmetal|\n|poke|p2|Rillaboom, M|\n|poke|p2|Tapu Koko|\n|poke|p2|Urshifu-*, F|\n|poke|p2|Zapdos|\n|teampreview\n|c|\u2606reionatro|hf\n|j| El Pogo Loco\n|c|\u2606Mad Lad 47|u2\n|\n|t:|1667743677\n|start\n|switch|p1a: Nidoking|Nidoking, M|100\/100\n|switch|p2a: Urshifu|Urshifu-Rapid-Strike, F|100\/100\n|turn|1\n|\n|t:|1667743691\n|switch|p1a: Skarmory|Skarmory, M|100\/100\n|move|p2a: Urshifu|Surging Strikes|p1a: Skarmory\n|-crit|p1a: Skarmory\n|-damage|p1a: Skarmory|89\/100\n|-crit|p1a: Skarmory\n|-damage|p1a: Skarmory|77\/100\n|-crit|p1a: Skarmory\n|-damage|p1a: Skarmory|65\/100\n|-hitcount|p1a: Skarmory|3\n|\n|upkeep\n|turn|2\n|\n|t:|1667743719\n|move|p2a: Urshifu|Surging Strikes|p1a: Skarmory\n|-crit|p1a: Skarmory\n|-damage|p1a: Skarmory|53\/100\n|-crit|p1a: Skarmory\n|-damage|p1a: Skarmory|40\/100\n|-crit|p1a: Skarmory\n|-damage|p1a: Skarmory|27\/100\n|-hitcount|p1a: Skarmory|3\n|move|p1a: Skarmory|Roost|p1a: Skarmory\n|-heal|p1a: Skarmory|77\/100\n|-singleturn|p1a: Skarmory|move: Roost\n|\n|upkeep\n|turn|3\n|inactive|Battle timer is ON: inactive players will automatically lose when time's up. (requested by reionatro)\n|inactive|Mad Lad 47 has 120 seconds left.\n|\n|t:|1667743832\n|switch|p2a: Tapu Koko|Tapu Koko|100\/100\n|-fieldstart|move: Electric Terrain|[from] ability: Electric Surge|[of] p2a: Tapu Koko\n|move|p1a: Skarmory|Roost|p1a: Skarmory\n|-heal|p1a: Skarmory|100\/100\n|-singleturn|p1a: Skarmory|move: Roost\n|\n|upkeep\n|turn|4\n|\n|t:|1667743842\n|switch|p2a: Urshifu|Urshifu-Rapid-Strike, F|100\/100\n|switch|p1a: Nidoking|Nidoking, M|100\/100\n|\n|upkeep\n|turn|5\n|\n|t:|1667743852\n|switch|p2a: Landorus|Landorus-Therian, M|100\/100\n|-ability|p2a: Landorus|Intimidate|boost\n|-unboost|p1a: Nidoking|atk|1\n|switch|p1a: Skarmory|Skarmory, M|100\/100\n|\n|upkeep\n|turn|6\n|\n|t:|1667743855\n|move|p2a: Landorus|Stealth Rock|p1a: Skarmory\n|-sidestart|p1: Mad Lad 47|move: Stealth Rock\n|move|p1a: Skarmory|Spikes|p2a: Landorus\n|-sidestart|p2: reionatro|Spikes\n|\n|upkeep\n|turn|7\n|\n|t:|1667743862\n|move|p2a: Landorus|U-turn|p1a: Skarmory\n|-resisted|p1a: Skarmory\n|-damage|p1a: Skarmory|97\/100\n|-damage|p2a: Landorus|84\/100|[from] item: Rocky Helmet|[of] p1a: Skarmory\n|\n|t:|1667743864\n|switch|p2a: Tapu Koko|Tapu Koko|100\/100|[from]move: U-turn\n|-damage|p2a: Tapu Koko|88\/100|[from] Spikes\n|move|p1a: Skarmory|Spikes|p2a: Tapu Koko\n|-sidestart|p2: reionatro|Spikes\n|\n|-fieldend|move: Electric Terrain\n|upkeep\n|turn|8\n|\n|t:|1667743871\n|switch|p2a: Rillaboom|Rillaboom, M|100\/100\n|-damage|p2a: Rillaboom|84\/100|[from] Spikes\n|-fieldstart|move: Grassy Terrain|[from] ability: Grassy Surge|[of] p2a: Rillaboom\n|switch|p1a: Nidoking|Nidoking, M|100\/100\n|-damage|p1a: Nidoking|95\/100|[from] Stealth Rock\n|\n|-heal|p1a: Nidoking|100\/100|[from] Grassy Terrain\n|-heal|p2a: Rillaboom|90\/100|[from] Grassy Terrain\n|-heal|p2a: Rillaboom|96\/100|[from] item: Leftovers\n|upkeep\n|turn|9\n|\n|t:|1667743879\n|switch|p1a: Skarmory|Skarmory, M|97\/100\n|-damage|p1a: Skarmory|85\/100|[from] Stealth Rock\n|switch|p2a: Zapdos|Zapdos, shiny|100\/100\n|\n|upkeep\n|turn|10\n|\n|t:|1667743882\n|switch|p1a: Blissey|Blissey, F|100\/100\n|move|p2a: Zapdos|Defog|p1a: Blissey\n|-unboost|p1a: Blissey|evasion|1\n|-sideend|p1: Mad Lad 47|Stealth Rock|[from] move: Defog|[of] p2a: Zapdos\n|-sideend|p2: reionatro|Spikes|[from] move: Defog|[of] p2a: Zapdos\n|-fieldend|move: Grassy Terrain\n|\n|upkeep\n|turn|11\n|\n|t:|1667743885\n|move|p2a: Zapdos|Volt Switch|p1a: Blissey\n|-damage|p1a: Blissey|90\/100\n|\n|t:|1667743887\n|switch|p2a: Melmetal|Melmetal, shiny|100\/100|[from]move: Volt Switch\n|move|p1a: Blissey|Teleport|p1a: Blissey\n|\n|t:|1667743893\n|switch|p1a: Dragapult|Dragapult, F|100\/100|[from]move: Teleport\n|\n|upkeep\n|turn|12\n|\n|t:|1667743897\n|move|p1a: Dragapult|Will-O-Wisp|p2a: Melmetal\n|-status|p2a: Melmetal|brn\n|move|p2a: Melmetal|Double Iron Bash|p1a: Dragapult\n|-damage|p1a: Dragapult|73\/100\n|-damage|p1a: Dragapult|41\/100\n|-hitcount|p1a: Dragapult|2\n|\n|-damage|p2a: Melmetal|94\/100 brn|[from] brn\n|upkeep\n|turn|13\n|\n|t:|1667743906\n|move|p1a: Dragapult|U-turn|p2a: Melmetal\n|-resisted|p2a: Melmetal\n|-damage|p2a: Melmetal|89\/100 brn\n|\n|t:|1667743908\n|switch|p1a: Skarmory|Skarmory, M|85\/100|[from]move: U-turn\n|move|p2a: Melmetal|Earthquake|p1a: Skarmory\n|-immune|p1a: Skarmory\n|\n|-heal|p2a: Melmetal|95\/100 brn|[from] item: Leftovers\n|-damage|p2a: Melmetal|89\/100 brn|[from] brn\n|upkeep\n|turn|14\n|\n|t:|1667743912\n|switch|p2a: Landorus|Landorus-Therian, M|84\/100\n|-ability|p2a: Landorus|Intimidate|boost\n|-unboost|p1a: Skarmory|atk|1\n|move|p1a: Skarmory|Spikes|p2a: Landorus\n|-sidestart|p2: reionatro|Spikes\n|\n|-heal|p2a: Landorus|90\/100|[from] item: Leftovers\n|upkeep\n|turn|15\n|\n|t:|1667743916\n|move|p2a: Landorus|Stealth Rock|p1a: Skarmory\n|-sidestart|p1: Mad Lad 47|move: Stealth Rock\n|move|p1a: Skarmory|Spikes|p2a: Landorus\n|-sidestart|p2: reionatro|Spikes\n|\n|-heal|p2a: Landorus|96\/100|[from] item: Leftovers\n|upkeep\n|turn|16\n|\n|t:|1667743920\n|switch|p2a: Zapdos|Zapdos, shiny|100\/100\n|move|p1a: Skarmory|Roost|p1a: Skarmory\n|-heal|p1a: Skarmory|100\/100\n|-singleturn|p1a: Skarmory|move: Roost\n|\n|upkeep\n|turn|17\n|\n|t:|1667743926\n|switch|p1a: Nidoking|Nidoking, M|100\/100\n|-damage|p1a: Nidoking|95\/100|[from] Stealth Rock\n|move|p2a: Zapdos|Defog|p1a: Nidoking\n|-unboost|p1a: Nidoking|evasion|1\n|-sideend|p1: Mad Lad 47|Stealth Rock|[from] move: Defog|[of] p2a: Zapdos\n|-sideend|p2: reionatro|Spikes|[from] move: Defog|[of] p2a: Zapdos\n|\n|upkeep\n|turn|18\n|\n|t:|1667743930\n|move|p2a: Zapdos|Hurricane|p1a: Nidoking\n|-damage|p1a: Nidoking|35\/100\n|-start|p1a: Nidoking|confusion\n|-activate|p1a: Nidoking|confusion\n|move|p1a: Nidoking|Ice Beam|p2a: Zapdos\n|-supereffective|p2a: Zapdos\n|-damage|p2a: Zapdos|22\/100\n|\n|upkeep\n|turn|19\n|\n|t:|1667743937\n|switch|p1a: Morpeko|Morpeko, M|100\/100\n|move|p2a: Zapdos|Hurricane|p1a: Morpeko\n|-resisted|p1a: Morpeko\n|-damage|p1a: Morpeko|52\/100\n|-start|p1a: Morpeko|confusion\n|\n|-formechange|p1a: Morpeko|Morpeko-Hangry||[from] ability: Hunger Switch\n|upkeep\n|turn|20\n|\n|t:|1667743943\n|switch|p2a: Melmetal|Melmetal, shiny|89\/100 brn\n|-activate|p1a: Morpeko|confusion\n|move|p1a: Morpeko|Aura Wheel|p2a: Melmetal\n|-damage|p2a: Melmetal|62\/100 brn\n|-boost|p1a: Morpeko|spe|1\n|\n|-heal|p2a: Melmetal|68\/100 brn|[from] item: Leftovers\n|-damage|p2a: Melmetal|62\/100 brn|[from] brn\n|-formechange|p1a: Morpeko|Morpeko||[from] ability: Hunger Switch\n|upkeep\n|turn|21\n|\n|t:|1667743949\n|-activate|p1a: Morpeko|confusion\n|move|p1a: Morpeko|Parting Shot|p2a: Melmetal\n|-unboost|p2a: Melmetal|atk|1\n|-unboost|p2a: Melmetal|spa|1\n|\n|t:|1667743952\n|switch|p1a: Skarmory|Skarmory, M|100\/100|[from]move: Parting Shot\n|move|p2a: Melmetal|Earthquake|p1a: Skarmory\n|-immune|p1a: Skarmory\n|\n|-heal|p2a: Melmetal|68\/100 brn|[from] item: Leftovers\n|-damage|p2a: Melmetal|62\/100 brn|[from] brn\n|upkeep\n|turn|22\n|\n|t:|1667743965\n|switch|p2a: Tapu Koko|Tapu Koko|88\/100\n|-fieldstart|move: Electric Terrain|[from] ability: Electric Surge|[of] p2a: Tapu Koko\n|move|p1a: Skarmory|Spikes|p2a: Tapu Koko\n|-sidestart|p2: reionatro|Spikes\n|\n|upkeep\n|turn|23\n|\n|t:|1667743970\n|switch|p1a: Blissey|Blissey, F|90\/100\n|move|p2a: Tapu Koko|Grass Knot|p1a: Blissey\n|-damage|p1a: Blissey|81\/100\n|\n|upkeep\n|turn|24\n|\n|t:|1667743974\n|switch|p2a: Melmetal|Melmetal, shiny|62\/100 brn\n|-damage|p2a: Melmetal|50\/100 brn|[from] Spikes\n|move|p1a: Blissey|Teleport|p1a: Blissey\n|\n|t:|1667743976\n|switch|p1a: Arcanine|Arcanine, M|100\/100|[from]move: Teleport\n|\n|-heal|p2a: Melmetal|56\/100 brn|[from] item: Leftovers\n|-damage|p2a: Melmetal|50\/100 brn|[from] brn\n|upkeep\n|turn|25\n|\n|t:|1667743982\n|move|p1a: Arcanine|Howl|p1a: Arcanine\n|-boost|p1a: Arcanine|atk|1\n|move|p2a: Melmetal|Earthquake|p1a: Arcanine\n|-supereffective|p1a: Arcanine\n|-damage|p1a: Arcanine|48\/100\n|\n|-heal|p2a: Melmetal|56\/100 brn|[from] item: Leftovers\n|-damage|p2a: Melmetal|50\/100 brn|[from] brn\n|upkeep\n|turn|26\n|\n|t:|1667743988\n|move|p1a: Arcanine|Flare Blitz|p2a: Melmetal\n|-supereffective|p2a: Melmetal\n|-damage|p2a: Melmetal|0 fnt\n|faint|p2a: Melmetal\n|-damage|p1a: Arcanine|27\/100|[from] Recoil\n|\n|-fieldend|move: Electric Terrain\n|upkeep\n|\n|t:|1667744004\n|switch|p2a: Urshifu|Urshifu-Rapid-Strike, F|100\/100\n|-damage|p2a: Urshifu|88\/100|[from] Spikes\n|turn|27\n|\n|t:|1667744011\n|switch|p1a: Skarmory|Skarmory, M|100\/100\n|move|p2a: Urshifu|Surging Strikes|p1a: Skarmory\n|-crit|p1a: Skarmory\n|-damage|p1a: Skarmory|89\/100\n|-crit|p1a: Skarmory\n|-damage|p1a: Skarmory|76\/100\n|-crit|p1a: Skarmory\n|-damage|p1a: Skarmory|65\/100\n|-hitcount|p1a: Skarmory|3\n|\n|upkeep\n|turn|28\n|\n|t:|1667744015\n|switch|p2a: Zapdos|Zapdos, shiny|22\/100\n|move|p1a: Skarmory|Roost|p1a: Skarmory\n|-heal|p1a: Skarmory|100\/100\n|-singleturn|p1a: Skarmory|move: Roost\n|\n|upkeep\n|turn|29\n|\n|t:|1667744021\n|switch|p1a: Blissey|Blissey, F|81\/100\n|move|p2a: Zapdos|Roost|p2a: Zapdos\n|-heal|p2a: Zapdos|72\/100\n|-singleturn|p2a: Zapdos|move: Roost\n|\n|upkeep\n|turn|30\n|\n|t:|1667744025\n|move|p2a: Zapdos|Defog|p1a: Blissey\n|-unboost|p1a: Blissey|evasion|1\n|-sideend|p2: reionatro|Spikes|[from] move: Defog|[of] p2a: Zapdos\n|move|p1a: Blissey|Seismic Toss|p2a: Zapdos\n|-damage|p2a: Zapdos|46\/100\n|-status|p1a: Blissey|par|[from] ability: Static|[of] p2a: Zapdos\n|\n|upkeep\n|turn|31\n|\n|t:|1667744030\n|move|p2a: Zapdos|Roost|p2a: Zapdos\n|-heal|p2a: Zapdos|96\/100\n|-singleturn|p2a: Zapdos|move: Roost\n|move|p1a: Blissey|Teleport|p1a: Blissey\n|\n|t:|1667744032\n|-curestatus|p1a: Blissey|par|[from] ability: Natural Cure\n|switch|p1a: Morpeko|Morpeko, M|52\/100|[from]move: Teleport\n|\n|-formechange|p1a: Morpeko|Morpeko-Hangry||[from] ability: Hunger Switch\n|upkeep\n|turn|32\n|\n|t:|1667744039\n|switch|p2a: Landorus|Landorus-Therian, M|96\/100\n|-ability|p2a: Landorus|Intimidate|boost\n|-unboost|p1a: Morpeko|atk|1\n|move|p1a: Morpeko|Parting Shot|p2a: Landorus\n|-unboost|p2a: Landorus|atk|1\n|-unboost|p2a: Landorus|spa|1\n|\n|t:|1667744042\n|switch|p1a: Nidoking|Nidoking, M|35\/100|[from]move: Parting Shot\n|\n|-heal|p2a: Landorus|100\/100|[from] item: Leftovers\n|upkeep\n|turn|33\n|\n|t:|1667744062\n|switch|p2a: Zapdos|Zapdos, shiny|96\/100\n|move|p1a: Nidoking|Ice Beam|p2a: Zapdos\n|-supereffective|p2a: Zapdos\n|-damage|p2a: Zapdos|8\/100\n|\n|upkeep\n|turn|34\n|\n|t:|1667744068\n|switch|p1a: Morpeko|Morpeko, M|52\/100\n|move|p2a: Zapdos|Hurricane|p1a: Morpeko|[miss]\n|-miss|p2a: Zapdos|p1a: Morpeko\n|\n|-formechange|p1a: Morpeko|Morpeko-Hangry||[from] ability: Hunger Switch\n|upkeep\n|turn|35\n|\n|t:|1667744072\n|switch|p2a: Landorus|Landorus-Therian, M|100\/100\n|-ability|p2a: Landorus|Intimidate|boost\n|-unboost|p1a: Morpeko|atk|1\n|move|p1a: Morpeko|Parting Shot|p2a: Landorus\n|-unboost|p2a: Landorus|atk|1\n|-unboost|p2a: Landorus|spa|1\n|\n|t:|1667744076\n|switch|p1a: Nidoking|Nidoking, M|35\/100|[from]move: Parting Shot\n|\n|upkeep\n|turn|36\n|\n|t:|1667744083\n|switch|p2a: Urshifu|Urshifu-Rapid-Strike, F|88\/100\n|move|p1a: Nidoking|Ice Beam|p2a: Urshifu\n|-resisted|p2a: Urshifu\n|-damage|p2a: Urshifu|54\/100\n|\n|upkeep\n|turn|37\n|\n|t:|1667744090\n|switch|p2a: Tapu Koko|Tapu Koko|88\/100\n|-fieldstart|move: Electric Terrain|[from] ability: Electric Surge|[of] p2a: Tapu Koko\n|switch|p1a: Skarmory|Skarmory, M|100\/100\n|\n|upkeep\n|turn|38\n|\n|t:|1667744103\n|switch|p1a: Blissey|Blissey, F|81\/100\n|move|p2a: Tapu Koko|Volt Switch|p1a: Blissey\n|-damage|p1a: Blissey|59\/100\n|\n|t:|1667744113\n|switch|p2a: Urshifu|Urshifu-Rapid-Strike, F|54\/100|[from]move: Volt Switch\n|\n|upkeep\n|turn|39\n|\n|t:|1667744119\n|switch|p1a: Skarmory|Skarmory, M|100\/100\n|move|p2a: Urshifu|Thunder Punch|p1a: Skarmory\n|-supereffective|p1a: Skarmory\n|-damage|p1a: Skarmory|60\/100\n|\n|upkeep\n|turn|40\n|\n|t:|1667744123\n|move|p2a: Urshifu|Thunder Punch|p1a: Skarmory\n|-supereffective|p1a: Skarmory\n|-damage|p1a: Skarmory|21\/100\n|move|p1a: Skarmory|Roost|p1a: Skarmory\n|-heal|p1a: Skarmory|71\/100\n|-singleturn|p1a: Skarmory|move: Roost\n|\n|upkeep\n|turn|41\n|\n|t:|1667744129\n|switch|p2a: Tapu Koko|Tapu Koko|88\/100\n|move|p1a: Skarmory|Roost|p1a: Skarmory\n|-heal|p1a: Skarmory|100\/100\n|-singleturn|p1a: Skarmory|move: Roost\n|\n|-fieldend|move: Electric Terrain\n|upkeep\n|turn|42\n|\n|t:|1667744139\n|move|p2a: Tapu Koko|Grass Knot|p1a: Skarmory\n|-resisted|p1a: Skarmory\n|-damage|p1a: Skarmory|89\/100\n|-damage|p2a: Tapu Koko|72\/100|[from] item: Rocky Helmet|[of] p1a: Skarmory\n|move|p1a: Skarmory|Roost|p1a: Skarmory\n|-heal|p1a: Skarmory|100\/100\n|-singleturn|p1a: Skarmory|move: Roost\n|\n|upkeep\n|turn|43\n|\n|t:|1667744146\n|switch|p2a: Zapdos|Zapdos, shiny|8\/100\n|move|p1a: Skarmory|Spikes|p2a: Zapdos\n|-sidestart|p2: reionatro|Spikes\n|\n|upkeep\n|turn|44\n|\n|t:|1667744150\n|switch|p1a: Blissey|Blissey, F|59\/100\n|move|p2a: Zapdos|Roost|p2a: Zapdos\n|-heal|p2a: Zapdos|58\/100\n|-singleturn|p2a: Zapdos|move: Roost\n|\n|upkeep\n|turn|45\n|\n|t:|1667744155\n|move|p2a: Zapdos|Roost|p2a: Zapdos\n|-heal|p2a: Zapdos|100\/100\n|-singleturn|p2a: Zapdos|move: Roost\n|move|p1a: Blissey|Teleport|p1a: Blissey\n|\n|t:|1667744158\n|switch|p1a: Morpeko|Morpeko, M|52\/100|[from]move: Teleport\n|\n|-formechange|p1a: Morpeko|Morpeko-Hangry||[from] ability: Hunger Switch\n|upkeep\n|turn|46\n|\n|t:|1667744176\n|move|p1a: Morpeko|Aura Wheel|p2a: Zapdos\n|-damage|p2a: Zapdos|65\/100\n|-boost|p1a: Morpeko|spe|1\n|move|p2a: Zapdos|Hurricane|p1a: Morpeko\n|-resisted|p1a: Morpeko\n|-damage|p1a: Morpeko|4\/100\n|\n|-formechange|p1a: Morpeko|Morpeko||[from] ability: Hunger Switch\n|upkeep\n|turn|47\n|\n|t:|1667744187\n|move|p1a: Morpeko|Parting Shot|p2a: Zapdos\n|-unboost|p2a: Zapdos|atk|1\n|-unboost|p2a: Zapdos|spa|1\n|\n|t:|1667744190\n|switch|p1a: Blissey|Blissey, F|59\/100|[from]move: Parting Shot\n|move|p2a: Zapdos|Roost|p2a: Zapdos\n|-heal|p2a: Zapdos|100\/100\n|-singleturn|p2a: Zapdos|move: Roost\n|\n|upkeep\n|turn|48\n|\n|t:|1667744198\n|move|p2a: Zapdos|Defog|p1a: Blissey\n|-unboost|p1a: Blissey|evasion|1\n|-sideend|p2: reionatro|Spikes|[from] move: Defog|[of] p2a: Zapdos\n|move|p1a: Blissey|Teleport|p1a: Blissey\n|\n|t:|1667744201\n|switch|p1a: Morpeko|Morpeko, M|4\/100|[from]move: Teleport\n|\n|-formechange|p1a: Morpeko|Morpeko-Hangry||[from] ability: Hunger Switch\n|upkeep\n|turn|49\n|\n|t:|1667744204\n|move|p1a: Morpeko|Parting Shot|p2a: Zapdos\n|-unboost|p2a: Zapdos|atk|1\n|-unboost|p2a: Zapdos|spa|1\n|\n|t:|1667744206\n|switch|p1a: Nidoking|Nidoking, M|35\/100|[from]move: Parting Shot\n|move|p2a: Zapdos|Hurricane|p1a: Nidoking|[miss]\n|-miss|p2a: Zapdos|p1a: Nidoking\n|\n|upkeep\n|turn|50\n|\n|t:|1667744218\n|move|p2a: Zapdos|Hurricane|p1a: Nidoking|[miss]\n|-miss|p2a: Zapdos|p1a: Nidoking\n|move|p1a: Nidoking|Ice Beam|p2a: Zapdos\n|-supereffective|p2a: Zapdos\n|-damage|p2a: Zapdos|16\/100\n|\n|upkeep\n|turn|51\n|\n|t:|1667744222\n|move|p2a: Zapdos|Hurricane|p1a: Nidoking\n|-damage|p1a: Nidoking|3\/100\n|-start|p1a: Nidoking|confusion\n|-activate|p1a: Nidoking|confusion\n|move|p1a: Nidoking|Sludge Wave|p2a: Zapdos\n|-damage|p2a: Zapdos|0 fnt\n|faint|p2a: Zapdos\n|\n|upkeep\n|j| IsaacGR2006\n|inactive|reionatro has 120 seconds left.\n|\n|t:|1667744260\n|switch|p2a: Urshifu|Urshifu-Rapid-Strike, F|54\/100\n|turn|52\n|inactive|reionatro has 120 seconds left.\n|\n|t:|1667744278\n|switch|p2a: Tapu Koko|Tapu Koko|72\/100\n|-fieldstart|move: Electric Terrain|[from] ability: Electric Surge|[of] p2a: Tapu Koko\n|switch|p1a: Skarmory|Skarmory, M|100\/100\n|\n|upkeep\n|turn|53\n|\n|t:|1667744286\n|move|p2a: Tapu Koko|Volt Switch|p1a: Skarmory\n|-supereffective|p1a: Skarmory\n|-ability|p1a: Skarmory|Sturdy\n|-damage|p1a: Skarmory|1\/100\n|\n|t:|1667744289\n|switch|p2a: Landorus|Landorus-Therian, M|100\/100|[from]move: Volt Switch\n|-ability|p2a: Landorus|Intimidate|boost\n|-unboost|p1a: Skarmory|atk|1\n|move|p1a: Skarmory|Roost|p1a: Skarmory\n|-heal|p1a: Skarmory|51\/100\n|-singleturn|p1a: Skarmory|move: Roost\n|\n|upkeep\n|turn|54\n|\n|t:|1667744292\n|move|p2a: Landorus|Stealth Rock|p1a: Skarmory\n|-sidestart|p1: Mad Lad 47|move: Stealth Rock\n|move|p1a: Skarmory|Roost|p1a: Skarmory\n|-heal|p1a: Skarmory|100\/100\n|-singleturn|p1a: Skarmory|move: Roost\n|\n|upkeep\n|turn|55\n|\n|t:|1667744295\n|move|p2a: Landorus|U-turn|p1a: Skarmory\n|-resisted|p1a: Skarmory\n|-crit|p1a: Skarmory\n|-damage|p1a: Skarmory|96\/100\n|-damage|p2a: Landorus|84\/100|[from] item: Rocky Helmet|[of] p1a: Skarmory\n|\n|t:|1667744296\n|switch|p2a: Tapu Koko|Tapu Koko|72\/100|[from]move: U-turn\n|move|p1a: Skarmory|Spikes|p2a: Tapu Koko\n|-sidestart|p2: reionatro|Spikes\n|\n|upkeep\n|turn|56\n|\n|t:|1667744315\n|switch|p1a: Nidoking|Nidoking, M|3\/100\n|-damage|p1a: Nidoking|0 fnt|[from] Stealth Rock\n|faint|p1a: Nidoking\n|move|p2a: Tapu Koko|Volt Switch|p1: Nidoking|[notarget]\n|-fail|p2a: Tapu Koko\n|\n|-fieldend|move: Electric Terrain\n|upkeep\n|\n|t:|1667744319\n|switch|p1a: Blissey|Blissey, F|59\/100\n|turn|57\n|\n|t:|1667744322\n|move|p2a: Tapu Koko|Volt Switch|p1a: Blissey\n|-damage|p1a: Blissey|43\/100\n|\n|t:|1667744324\n|switch|p2a: Landorus|Landorus-Therian, M|84\/100|[from]move: Volt Switch\n|-ability|p2a: Landorus|Intimidate|boost\n|-unboost|p1a: Blissey|atk|1\n|move|p1a: Blissey|Seismic Toss|p2a: Landorus\n|-damage|p2a: Landorus|58\/100\n|\n|-heal|p2a: Landorus|64\/100|[from] item: Leftovers\n|upkeep\n|turn|58\n|\n|t:|1667744332\n|switch|p1a: Skarmory|Skarmory, M|96\/100\n|-damage|p1a: Skarmory|83\/100|[from] Stealth Rock\n|move|p2a: Landorus|Earthquake|p1a: Skarmory\n|-immune|p1a: Skarmory\n|\n|-heal|p2a: Landorus|70\/100|[from] item: Leftovers\n|upkeep\n|turn|59\n|\n|t:|1667744337\n|move|p2a: Landorus|U-turn|p1a: Skarmory\n|-resisted|p1a: Skarmory\n|-damage|p1a: Skarmory|80\/100\n|-damage|p2a: Landorus|53\/100|[from] item: Rocky Helmet|[of] p1a: Skarmory\n|\n|t:|1667744339\n|switch|p2a: Tapu Koko|Tapu Koko|72\/100|[from]move: U-turn\n|-damage|p2a: Tapu Koko|59\/100|[from] Spikes\n|-fieldstart|move: Electric Terrain|[from] ability: Electric Surge|[of] p2a: Tapu Koko\n|move|p1a: Skarmory|Body Press|p2a: Tapu Koko\n|-resisted|p2a: Tapu Koko\n|-damage|p2a: Tapu Koko|37\/100\n|\n|upkeep\n|turn|60\n|\n|t:|1667744353\n|switch|p1a: Blissey|Blissey, F|43\/100\n|move|p2a: Tapu Koko|Thunderbolt|p1a: Blissey\n|-damage|p1a: Blissey|17\/100\n|\n|upkeep\n|turn|61\n|\n|t:|1667744358\n|move|p2a: Tapu Koko|Thunderbolt|p1a: Blissey\n|-damage|p1a: Blissey|0 fnt\n|faint|p1a: Blissey\n|\n|upkeep\n|\n|t:|1667744362\n|switch|p1a: Dragapult|Dragapult, F|41\/100\n|turn|62\n|\n|t:|1667744376\n|switch|p2a: Landorus|Landorus-Therian, M|53\/100\n|-ability|p2a: Landorus|Intimidate|boost\n|-unboost|p1a: Dragapult|atk|1\n|move|p1a: Dragapult|Hex|p2a: Landorus\n|-crit|p2a: Landorus\n|-damage|p2a: Landorus|20\/100\n|\n|-heal|p2a: Landorus|26\/100|[from] item: Leftovers\n|upkeep\n|turn|63\n|\n|t:|1667744382\n|move|p1a: Dragapult|Draco Meteor|p2a: Landorus\n|-crit|p2a: Landorus\n|-damage|p2a: Landorus|0 fnt\n|-unboost|p1a: Dragapult|spa|2\n|faint|p2a: Landorus\n|\n|-fieldend|move: Electric Terrain\n|upkeep\n|inactive|reionatro has 120 seconds left.\n|\n|t:|1667744422\n|switch|p2a: Tapu Koko|Tapu Koko|37\/100\n|-damage|p2a: Tapu Koko|24\/100|[from] Spikes\n|-fieldstart|move: Electric Terrain|[from] ability: Electric Surge|[of] p2a: Tapu Koko\n|turn|64\n|inactive|reionatro has 120 seconds left.\n|\n|t:|1667744432\n|move|p1a: Dragapult|U-turn|p2a: Tapu Koko\n|-resisted|p2a: Tapu Koko\n|-damage|p2a: Tapu Koko|17\/100\n|\n|t:|1667744435\n|switch|p1a: Morpeko|Morpeko, M|4\/100|[from]move: U-turn\n|move|p2a: Tapu Koko|Thunderbolt|p1a: Morpeko\n|-resisted|p1a: Morpeko\n|-damage|p1a: Morpeko|0 fnt\n|faint|p1a: Morpeko\n|\n|upkeep\n|\n|t:|1667744440\n|switch|p1a: Dragapult|Dragapult, F|41\/100\n|turn|65\n|inactive|reionatro has 120 seconds left.\n|inactive|reionatro has 90 seconds left.\n|\n|t:|1667744493\n|switch|p2a: Rillaboom|Rillaboom, M|96\/100\n|-damage|p2a: Rillaboom|84\/100|[from] Spikes\n|-fieldstart|move: Grassy Terrain|[from] ability: Grassy Surge|[of] p2a: Rillaboom\n|move|p1a: Dragapult|Hex|p2a: Rillaboom\n|-damage|p2a: Rillaboom|54\/100\n|\n|-heal|p1a: Dragapult|47\/100|[from] Grassy Terrain\n|-heal|p2a: Rillaboom|60\/100|[from] Grassy Terrain\n|-heal|p2a: Rillaboom|66\/100|[from] item: Leftovers\n|upkeep\n|turn|66\n|inactive|reionatro has 90 seconds left.\n|\n|t:|1667744526\n|move|p2a: Rillaboom|Grassy Glide|p1a: Dragapult\n|-resisted|p1a: Dragapult\n|-damage|p1a: Dragapult|13\/100\n|move|p1a: Dragapult|U-turn|p2a: Rillaboom\n|-supereffective|p2a: Rillaboom\n|-damage|p2a: Rillaboom|37\/100\n|\n|t:|1667744532\n|switch|p1a: Skarmory|Skarmory, M|80\/100|[from]move: U-turn\n|-damage|p1a: Skarmory|68\/100|[from] Stealth Rock\n|\n|-heal|p2a: Rillaboom|43\/100|[from] Grassy Terrain\n|-heal|p2a: Rillaboom|49\/100|[from] item: Leftovers\n|upkeep\n|turn|67\n|\n|t:|1667744539\n|switch|p2a: Tapu Koko|Tapu Koko|17\/100\n|-damage|p2a: Tapu Koko|4\/100|[from] Spikes\n|-fieldstart|move: Electric Terrain|[from] ability: Electric Surge|[of] p2a: Tapu Koko\n|move|p1a: Skarmory|Roost|p1a: Skarmory\n|-heal|p1a: Skarmory|100\/100\n|-singleturn|p1a: Skarmory|move: Roost\n|\n|upkeep\n|turn|68\n|\n|t:|1667744548\n|switch|p1a: Arcanine|Arcanine, M|27\/100\n|-damage|p1a: Arcanine|2\/100|[from] Stealth Rock\n|move|p2a: Tapu Koko|Thunderbolt|p1a: Arcanine\n|-damage|p1a: Arcanine|0 fnt\n|faint|p1a: Arcanine\n|\n|upkeep\n|\n|t:|1667744549\n|switch|p1a: Dragapult|Dragapult, F|13\/100\n|turn|69\n|\n|t:|1667744555\n|move|p1a: Dragapult|Hex|p2a: Tapu Koko\n|-damage|p2a: Tapu Koko|0 fnt\n|faint|p2a: Tapu Koko\n|\n|upkeep\n|inactive|reionatro has 90 seconds left.\n|\n|t:|1667744569\n|switch|p2a: Urshifu|Urshifu-Rapid-Strike, F|54\/100\n|-damage|p2a: Urshifu|42\/100|[from] Spikes\n|turn|70\n|\n|t:|1667744575\n|move|p2a: Urshifu|Aqua Jet|p1a: Dragapult\n|-resisted|p1a: Dragapult\n|-damage|p1a: Dragapult|0 fnt\n|faint|p1a: Dragapult\n|\n|upkeep\n|\n|t:|1667744577\n|switch|p1a: Skarmory|Skarmory, M|100\/100\n|-damage|p1a: Skarmory|88\/100|[from] Stealth Rock\n|turn|71\n|\n|t:|1667744580\n|move|p2a: Urshifu|Thunder Punch|p1a: Skarmory\n|-supereffective|p1a: Skarmory\n|-damage|p1a: Skarmory|51\/100\n|move|p1a: Skarmory|Roost|p1a: Skarmory\n|-heal|p1a: Skarmory|100\/100\n|-singleturn|p1a: Skarmory|move: Roost\n|\n|-fieldend|move: Electric Terrain\n|upkeep\n|turn|72\n|j| Noob 0_o\n|\n|t:|1667744584\n|move|p2a: Urshifu|Thunder Punch|p1a: Skarmory\n|-supereffective|p1a: Skarmory\n|-damage|p1a: Skarmory|68\/100\n|move|p1a: Skarmory|Iron Defense|p1a: Skarmory\n|-boost|p1a: Skarmory|def|2\n|\n|upkeep\n|turn|73\n|\n|t:|1667744587\n|move|p2a: Urshifu|Thunder Punch|p1a: Skarmory\n|-supereffective|p1a: Skarmory\n|-damage|p1a: Skarmory|53\/100\n|move|p1a: Skarmory|Roost|p1a: Skarmory\n|-heal|p1a: Skarmory|100\/100\n|-singleturn|p1a: Skarmory|move: Roost\n|\n|upkeep\n|turn|74\n|inactive|reionatro has 120 seconds left.\n|\n|t:|1667744592\n|move|p2a: Urshifu|Thunder Punch|p1a: Skarmory\n|-supereffective|p1a: Skarmory\n|-damage|p1a: Skarmory|85\/100\n|move|p1a: Skarmory|Body Press|p2a: Urshifu\n|-damage|p2a: Urshifu|0 fnt\n|faint|p2a: Urshifu\n|\n|upkeep\n|\n|t:|1667744595\n|switch|p2a: Rillaboom|Rillaboom, M|49\/100\n|-damage|p2a: Rillaboom|37\/100|[from] Spikes\n|-fieldstart|move: Grassy Terrain|[from] ability: Grassy Surge|[of] p2a: Rillaboom\n|turn|75\n|\n|t:|1667744598\n|move|p2a: Rillaboom|Swords Dance|p2a: Rillaboom\n|-boost|p2a: Rillaboom|atk|2\n|move|p1a: Skarmory|Body Press|p2a: Rillaboom\n|-damage|p2a: Rillaboom|0 fnt\n|faint|p2a: Rillaboom\n|\n|win|Mad Lad 47\n|raw|Mad Lad 47's rating: 1678 &rarr; <strong>1708<\/strong><br \/>(+30 for winning)\n|raw|reionatro's rating: 1864 &rarr; <strong>1834<\/strong><br \/>(-30 for losing)\n|c|\u2606reionatro|gg\n|c|\u2606Mad Lad 47|gg\n|l|\u2606reionatro\n|l| Noob 0_o\n|l| El Pogo Loco\n||Ladder isn't responding, score probably updated but might not have (Request timeout).\n","uploadtime":1667744604,"views":8,"p1id":"madlad47","p2id":"reionatro","formatid":"gen8ou","rating":1708,"private":0,"password":null}