{"id":"gen8ou-1626781338","p1":"2(H2O)","p2":"lt91bb FJ2K","format":"gen8ou","log":"|j|\u26062(H2O)\n|j|\u2606lt91bb FJ2K\n|t:|1658973023\n|gametype|singles\n|player|p1|2(H2O)|chase|1503\n|player|p2|lt91bb FJ2K|170|1532\n|teamsize|p1|6\n|teamsize|p2|6\n|gen|8\n|tier|[Gen 8] OU\n|rated|\n|rule|Sleep Clause Mod: Limit one foe put to sleep\n|rule|Species Clause: Limit one of each Pok\u00e9mon\n|rule|OHKO Clause: OHKO moves are banned\n|rule|Evasion Moves Clause: Evasion moves are banned\n|rule|Endless Battle Clause: Forcing endless battles is banned\n|rule|HP Percentage Mod: HP is shown in percentages\n|rule|Dynamax Clause: You cannot dynamax\n|clearpoke\n|poke|p1|Weavile, M|\n|poke|p1|Landorus-Therian, M|\n|poke|p1|Tyranitar, M|\n|poke|p1|Corviknight, M|\n|poke|p1|Kartana|\n|poke|p1|Slowbro, M|\n|poke|p2|Tapu Koko|\n|poke|p2|Urshifu-*, M|\n|poke|p2|Reuniclus, F|\n|poke|p2|Garchomp, M|\n|poke|p2|Melmetal|\n|poke|p2|Mandibuzz, F|\n|teampreview\n|inactive|Battle timer is ON: inactive players will automatically lose when time's up. (requested by lt91bb FJ2K)\n|\n|t:|1658973036\n|start\n|switch|p1a: Weavile|Weavile, M|100\/100\n|switch|p2a: Urshifu|Urshifu-Rapid-Strike, M|100\/100\n|-ability|p1a: Weavile|Pressure\n|turn|1\n|\n|t:|1658973039\n|switch|p1a: Slowbro|Slowbro, M|100\/100\n|move|p2a: Urshifu|U-turn|p1a: Slowbro\n|-supereffective|p1a: Slowbro\n|-damage|p1a: Slowbro|60\/100\n|\n|t:|1658973045\n|switch|p2a: Tapu Koko|Tapu Koko|100\/100|[from]move: U-turn\n|-fieldstart|move: Electric Terrain|[from] ability: Electric Surge|[of] p2a: Tapu Koko\n|\n|upkeep\n|turn|2\n|\n|t:|1658973049\n|switch|p1a: Landorus|Landorus-Therian, M|100\/100\n|-ability|p1a: Landorus|Intimidate|boost\n|-unboost|p2a: Tapu Koko|atk|1\n|move|p2a: Tapu Koko|U-turn|p1a: Landorus\n|-resisted|p1a: Landorus\n|-damage|p1a: Landorus|95\/100\n|\n|t:|1658973051\n|switch|p2a: Urshifu|Urshifu-Rapid-Strike, M|100\/100|[from]move: U-turn\n|\n|-heal|p1a: Landorus|100\/100|[from] item: Leftovers\n|upkeep\n|turn|3\n|\n|t:|1658973055\n|switch|p1a: Slowbro|Slowbro, M|94\/100\n|move|p2a: Urshifu|Surging Strikes|p1a: Slowbro\n|-resisted|p1a: Slowbro\n|-crit|p1a: Slowbro\n|-damage|p1a: Slowbro|85\/100\n|-resisted|p1a: Slowbro\n|-crit|p1a: Slowbro\n|-damage|p1a: Slowbro|77\/100\n|-resisted|p1a: Slowbro\n|-crit|p1a: Slowbro\n|-damage|p1a: Slowbro|68\/100\n|-hitcount|p1a: Slowbro|3\n|\n|upkeep\n|turn|4\n|\n|t:|1658973059\n|switch|p2a: Garchomp|Garchomp, M|100\/100\n|move|p1a: Slowbro|Teleport|p1a: Slowbro\n|\n|t:|1658973065\n|switch|p1a: Weavile|Weavile, M|100\/100|[from]move: Teleport\n|-ability|p1a: Weavile|Pressure\n|\n|upkeep\n|turn|5\n|\n|t:|1658973068\n|switch|p2a: Melmetal|Melmetal|100\/100\n|move|p1a: Weavile|Swords Dance|p1a: Weavile\n|-boost|p1a: Weavile|atk|2\n|\n|-fieldend|move: Electric Terrain\n|upkeep\n|turn|6\n|\n|t:|1658973073\n|switch|p2a: Tapu Koko|Tapu Koko|100\/100\n|-fieldstart|move: Electric Terrain|[from] ability: Electric Surge|[of] p2a: Tapu Koko\n|move|p1a: Weavile|Low Kick|p2a: Tapu Koko\n|-resisted|p2a: Tapu Koko\n|-damage|p2a: Tapu Koko|76\/100\n|-damage|p1a: Weavile|91\/100|[from] item: Life Orb\n|\n|upkeep\n|turn|7\n|\n|t:|1658973080\n|switch|p1a: Landorus|Landorus-Therian, M|100\/100\n|-ability|p1a: Landorus|Intimidate|boost\n|-unboost|p2a: Tapu Koko|atk|1\n|move|p2a: Tapu Koko|Dazzling Gleam|p1a: Landorus\n|-damage|p1a: Landorus|76\/100\n|\n|-heal|p1a: Landorus|82\/100|[from] item: Leftovers\n|upkeep\n|turn|8\n|\n|t:|1658973085\n|move|p2a: Tapu Koko|U-turn|p1a: Landorus\n|-resisted|p1a: Landorus\n|-damage|p1a: Landorus|77\/100\n|\n|t:|1658973088\n|switch|p2a: Mandibuzz|Mandibuzz, F|100\/100|[from]move: U-turn\n|move|p1a: Landorus|U-turn|p2a: Mandibuzz\n|-damage|p2a: Mandibuzz|82\/100\n|\n|t:|1658973092\n|switch|p1a: Weavile|Weavile, M|91\/100|[from]move: U-turn\n|-ability|p1a: Weavile|Pressure\n|\n|upkeep\n|turn|9\n|\n|t:|1658973098\n|switch|p2a: Melmetal|Melmetal|100\/100\n|move|p1a: Weavile|Swords Dance|p1a: Weavile\n|-boost|p1a: Weavile|atk|2\n|\n|upkeep\n|turn|10\n|\n|t:|1658973101\n|move|p2a: Melmetal|Protect|p2a: Melmetal\n|-singleturn|p2a: Melmetal|Protect\n|move|p1a: Weavile|Low Kick|p2a: Melmetal\n|-activate|p2a: Melmetal|move: Protect\n|\n|-fieldend|move: Electric Terrain\n|upkeep\n|turn|11\n|\n|t:|1658973104\n|move|p1a: Weavile|Low Kick|p2a: Melmetal\n|-supereffective|p2a: Melmetal\n|-damage|p2a: Melmetal|0 fnt\n|faint|p2a: Melmetal\n|-damage|p1a: Weavile|81\/100|[from] item: Life Orb\n|\n|upkeep\n|\n|t:|1658973108\n|switch|p2a: Urshifu|Urshifu-Rapid-Strike, M|100\/100\n|turn|12\n|\n|t:|1658973111\n|switch|p1a: Slowbro|Slowbro, M|100\/100\n|move|p2a: Urshifu|U-turn|p1a: Slowbro\n|-supereffective|p1a: Slowbro\n|-damage|p1a: Slowbro|58\/100\n|\n|t:|1658973114\n|switch|p2a: Garchomp|Garchomp, M|100\/100|[from]move: U-turn\n|\n|upkeep\n|turn|13\n|\n|t:|1658973119\n|move|p2a: Garchomp|Stealth Rock|p1a: Slowbro\n|-sidestart|p1: 2(H2O)|move: Stealth Rock\n|move|p1a: Slowbro|Teleport|p1a: Slowbro\n|\n|t:|1658973122\n|switch|p1a: Landorus|Landorus-Therian, M|77\/100|[from]move: Teleport\n|-damage|p1a: Landorus|64\/100|[from] Stealth Rock\n|-ability|p1a: Landorus|Intimidate|boost\n|-unboost|p2a: Garchomp|atk|1\n|\n|-heal|p1a: Landorus|70\/100|[from] item: Leftovers\n|upkeep\n|turn|14\n|\n|t:|1658973125\n|move|p2a: Garchomp|Swords Dance|p2a: Garchomp\n|-boost|p2a: Garchomp|atk|2\n|move|p1a: Landorus|Stealth Rock|p2a: Garchomp\n|-sidestart|p2: lt91bb FJ2K|move: Stealth Rock\n|\n|-heal|p1a: Landorus|76\/100|[from] item: Leftovers\n|upkeep\n|turn|15\n|\n|t:|1658973128\n|move|p2a: Garchomp|Aqua Tail|p1a: Landorus\n|-supereffective|p1a: Landorus\n|-damage|p1a: Landorus|0 fnt\n|faint|p1a: Landorus\n|\n|upkeep\n|\n|t:|1658973136\n|switch|p1a: Corviknight|Corviknight, M|100\/100\n|-ability|p1a: Corviknight|Pressure\n|turn|16\n|\n|t:|1658973139\n|move|p2a: Garchomp|Swords Dance|p2a: Garchomp\n|-boost|p2a: Garchomp|atk|2\n|move|p1a: Corviknight|Defog|p2a: Garchomp\n|-unboost|p2a: Garchomp|evasion|1\n|-sideend|p2: lt91bb FJ2K|Stealth Rock|[from] move: Defog|[of] p1a: Corviknight\n|-sideend|p1: 2(H2O)|Stealth Rock|[from] move: Defog|[of] p1a: Corviknight\n|\n|upkeep\n|turn|17\n|\n|t:|1658973141\n|move|p2a: Garchomp|Stealth Rock|p1a: Corviknight\n|-sidestart|p1: 2(H2O)|move: Stealth Rock\n|move|p1a: Corviknight|U-turn|p2a: Garchomp\n|-damage|p2a: Garchomp|86\/100\n|-damage|p1a: Corviknight|88\/100|[from] ability: Rough Skin|[of] p2a: Garchomp\n|\n|t:|1658973145\n|switch|p1a: Slowbro|Slowbro, M|92\/100|[from]move: U-turn\n|\n|-heal|p2a: Garchomp|93\/100|[from] item: Leftovers\n|upkeep\n|turn|18\n|\n|t:|1658973148\n|switch|p1a: Corviknight|Corviknight, M|88\/100\n|-ability|p1a: Corviknight|Pressure\n|move|p2a: Garchomp|Earthquake|p1a: Corviknight\n|-immune|p1a: Corviknight\n|\n|-heal|p2a: Garchomp|99\/100|[from] item: Leftovers\n|upkeep\n|turn|19\n|\n|t:|1658973153\n|move|p2a: Garchomp|Swords Dance|p2a: Garchomp\n|-boost|p2a: Garchomp|atk|2\n|move|p1a: Corviknight|Defog|p2a: Garchomp\n|-unboost|p2a: Garchomp|evasion|1\n|-sideend|p1: 2(H2O)|Stealth Rock|[from] move: Defog|[of] p1a: Corviknight\n|\n|-heal|p2a: Garchomp|100\/100|[from] item: Leftovers\n|upkeep\n|turn|20\n|\n|t:|1658973155\n|move|p2a: Garchomp|Stealth Rock|p1a: Corviknight\n|-sidestart|p1: 2(H2O)|move: Stealth Rock\n|move|p1a: Corviknight|Defog|p2a: Garchomp\n|-unboost|p2a: Garchomp|evasion|1\n|-sideend|p1: 2(H2O)|Stealth Rock|[from] move: Defog|[of] p1a: Corviknight\n|\n|upkeep\n|turn|21\n|\n|t:|1658973157\n|move|p2a: Garchomp|Swords Dance|p2a: Garchomp\n|-boost|p2a: Garchomp|atk|1\n|move|p1a: Corviknight|Defog|p2a: Garchomp\n|-unboost|p2a: Garchomp|evasion|1\n|\n|upkeep\n|turn|22\n|\n|t:|1658973159\n|move|p2a: Garchomp|Stealth Rock|p1a: Corviknight\n|-sidestart|p1: 2(H2O)|move: Stealth Rock\n|move|p1a: Corviknight|Defog|p2a: Garchomp\n|-unboost|p2a: Garchomp|evasion|1\n|-sideend|p1: 2(H2O)|Stealth Rock|[from] move: Defog|[of] p1a: Corviknight\n|\n|upkeep\n|turn|23\n|\n|t:|1658973161\n|move|p2a: Garchomp|Stealth Rock|p1a: Corviknight\n|-sidestart|p1: 2(H2O)|move: Stealth Rock\n|move|p1a: Corviknight|Defog|p2a: Garchomp\n|-unboost|p2a: Garchomp|evasion|1\n|-sideend|p1: 2(H2O)|Stealth Rock|[from] move: Defog|[of] p1a: Corviknight\n|\n|upkeep\n|turn|24\n|\n|t:|1658973163\n|move|p2a: Garchomp|Aqua Tail|p1a: Corviknight\n|-damage|p1a: Corviknight|2\/100\n|move|p1a: Corviknight|Defog||[still]\n|-unboost|p2a: Garchomp|evasion|0\n|-fail|p1a: Corviknight\n|\n|upkeep\n|turn|25\n|\n|t:|1658973167\n|move|p2a: Garchomp|Stealth Rock|p1a: Corviknight\n|-sidestart|p1: 2(H2O)|move: Stealth Rock\n|move|p1a: Corviknight|Defog|p2a: Garchomp\n|-unboost|p2a: Garchomp|evasion|0\n|-sideend|p1: 2(H2O)|Stealth Rock|[from] move: Defog|[of] p1a: Corviknight\n|\n|upkeep\n|turn|26\n|\n|t:|1658973173\n|move|p2a: Garchomp|Stealth Rock|p1a: Corviknight\n|-sidestart|p1: 2(H2O)|move: Stealth Rock\n|move|p1a: Corviknight|Defog|p2a: Garchomp\n|-unboost|p2a: Garchomp|evasion|0\n|-sideend|p1: 2(H2O)|Stealth Rock|[from] move: Defog|[of] p1a: Corviknight\n|\n|upkeep\n|turn|27\n|\n|t:|1658973175\n|move|p2a: Garchomp|Aqua Tail|p1a: Corviknight\n|-crit|p1a: Corviknight\n|-damage|p1a: Corviknight|0 fnt\n|faint|p1a: Corviknight\n|\n|upkeep\n|\n|t:|1658973177\n|switch|p1a: Weavile|Weavile, M|81\/100\n|-ability|p1a: Weavile|Pressure\n|turn|28\n|\n|t:|1658973180\n|move|p1a: Weavile|Triple Axel|p2a: Garchomp\n|-supereffective|p2a: Garchomp\n|-damage|p2a: Garchomp|38\/100\n|-damage|p1a: Weavile|68\/100|[from] ability: Rough Skin|[of] p2a: Garchomp\n|-supereffective|p2a: Garchomp\n|-damage|p2a: Garchomp|0 fnt\n|-damage|p1a: Weavile|56\/100|[from] ability: Rough Skin|[of] p2a: Garchomp\n|faint|p2a: Garchomp\n|-hitcount|p2: Garchomp|2\n|-damage|p1a: Weavile|46\/100|[from] item: Life Orb\n|\n|upkeep\n|\n|t:|1658973192\n|switch|p2a: Urshifu|Urshifu-Rapid-Strike, M|100\/100\n|turn|29\n|\n|t:|1658973197\n|switch|p1a: Slowbro|Slowbro, M|100\/100\n|move|p2a: Urshifu|U-turn|p1a: Slowbro\n|-supereffective|p1a: Slowbro\n|-damage|p1a: Slowbro|54\/100\n|\n|t:|1658973200\n|switch|p2a: Tapu Koko|Tapu Koko|76\/100|[from]move: U-turn\n|-fieldstart|move: Electric Terrain|[from] ability: Electric Surge|[of] p2a: Tapu Koko\n|\n|upkeep\n|turn|30\n|\n|t:|1658973202\n|switch|p1a: Tyranitar|Tyranitar, M|100\/100\n|-weather|Sandstorm|[from] ability: Sand Stream|[of] p1a: Tyranitar\n|move|p2a: Tapu Koko|U-turn|p1a: Tyranitar\n|-supereffective|p1a: Tyranitar\n|-damage|p1a: Tyranitar|76\/100\n|\n|t:|1658973205\n|switch|p2a: Urshifu|Urshifu-Rapid-Strike, M|100\/100|[from]move: U-turn\n|\n|-weather|Sandstorm|[upkeep]\n|-damage|p2a: Urshifu|94\/100|[from] Sandstorm\n|upkeep\n|turn|31\n|\n|t:|1658973210\n|switch|p1a: Slowbro|Slowbro, M|88\/100\n|move|p2a: Urshifu|U-turn|p1a: Slowbro\n|-supereffective|p1a: Slowbro\n|-crit|p1a: Slowbro\n|-damage|p1a: Slowbro|23\/100\n|\n|t:|1658973212\n|switch|p2a: Tapu Koko|Tapu Koko|76\/100|[from]move: U-turn\n|\n|-weather|Sandstorm|[upkeep]\n|-damage|p2a: Tapu Koko|70\/100|[from] Sandstorm\n|-damage|p1a: Slowbro|16\/100|[from] Sandstorm\n|upkeep\n|turn|32\n|\n|t:|1658973223\n|switch|p1a: Tyranitar|Tyranitar, M|76\/100\n|move|p2a: Tapu Koko|U-turn|p1a: Tyranitar\n|-supereffective|p1a: Tyranitar\n|-damage|p1a: Tyranitar|49\/100\n|\n|t:|1658973226\n|switch|p2a: Urshifu|Urshifu-Rapid-Strike, M|94\/100|[from]move: U-turn\n|\n|-weather|Sandstorm|[upkeep]\n|-damage|p2a: Urshifu|88\/100|[from] Sandstorm\n|upkeep\n|turn|33\n|\n|t:|1658973237\n|move|p2a: Urshifu|U-turn|p1a: Tyranitar\n|-supereffective|p1a: Tyranitar\n|-damage|p1a: Tyranitar|0 fnt\n|faint|p1a: Tyranitar\n|\n|t:|1658973242\n|switch|p2a: Tapu Koko|Tapu Koko|70\/100|[from]move: U-turn\n|\n|-weather|Sandstorm|[upkeep]\n|-damage|p2a: Tapu Koko|64\/100|[from] Sandstorm\n|-fieldend|move: Electric Terrain\n|upkeep\n|\n|t:|1658973246\n|switch|p1a: Kartana|Kartana|100\/100\n|turn|34\n|\n|t:|1658973249\n|switch|p1a: Weavile|Weavile, M|46\/100\n|-ability|p1a: Weavile|Pressure\n|switch|p2a: Mandibuzz|Mandibuzz, F|82\/100\n|\n|-weather|none\n|upkeep\n|turn|35\n|\n|t:|1658973258\n|switch|p2a: Urshifu|Urshifu-Rapid-Strike, M|88\/100\n|move|p1a: Weavile|Swords Dance|p1a: Weavile\n|-boost|p1a: Weavile|atk|2\n|\n|upkeep\n|turn|36\n|\n|t:|1658973261\n|move|p1a: Weavile|Low Kick|p2a: Urshifu\n|-damage|p2a: Urshifu|0 fnt\n|faint|p2a: Urshifu\n|-damage|p1a: Weavile|36\/100|[from] item: Life Orb\n|\n|upkeep\n|\n|t:|1658973264\n|switch|p2a: Tapu Koko|Tapu Koko|64\/100\n|-fieldstart|move: Electric Terrain|[from] ability: Electric Surge|[of] p2a: Tapu Koko\n|turn|37\n|\n|t:|1658973270\n|switch|p1a: Slowbro|Slowbro, M|50\/100\n|move|p2a: Tapu Koko|Thunderbolt|p1a: Slowbro\n|-supereffective|p1a: Slowbro\n|-damage|p1a: Slowbro|0 fnt\n|faint|p1a: Slowbro\n|\n|upkeep\n|\n|t:|1658973271\n|switch|p1a: Kartana|Kartana|100\/100\n|turn|38\n|\n|t:|1658973274\n|switch|p1a: Weavile|Weavile, M|36\/100\n|-ability|p1a: Weavile|Pressure\n|switch|p2a: Mandibuzz|Mandibuzz, F|82\/100\n|\n|upkeep\n|turn|39\n|\n|t:|1658973279\n|switch|p2a: Reuniclus|Reuniclus, F|100\/100\n|-enditem|p2a: Reuniclus|Electric Seed\n|-boost|p2a: Reuniclus|def|1|[from] item: Electric Seed\n|move|p1a: Weavile|Triple Axel|p2a: Reuniclus\n|-damage|p2a: Reuniclus|92\/100\n|-damage|p2a: Reuniclus|76\/100\n|-damage|p2a: Reuniclus|51\/100\n|-hitcount|p2a: Reuniclus|3\n|-damage|p1a: Weavile|26\/100|[from] item: Life Orb\n|\n|upkeep\n|turn|40\n|\n|t:|1658973294\n|move|p1a: Weavile|Knock Off|p2a: Reuniclus\n|-supereffective|p2a: Reuniclus\n|-damage|p2a: Reuniclus|3\/100\n|-damage|p1a: Weavile|16\/100|[from] item: Life Orb\n|move|p2a: Reuniclus|Recover|p2a: Reuniclus\n|-heal|p2a: Reuniclus|53\/100\n|\n|upkeep\n|turn|41\n|\n|t:|1658973303\n|move|p1a: Weavile|Knock Off|p2a: Reuniclus\n|-supereffective|p2a: Reuniclus\n|-damage|p2a: Reuniclus|0 fnt\n|faint|p2a: Reuniclus\n|-damage|p1a: Weavile|6\/100|[from] item: Life Orb\n|\n|-fieldend|move: Electric Terrain\n|upkeep\n|\n|t:|1658973306\n|switch|p2a: Tapu Koko|Tapu Koko|64\/100\n|-fieldstart|move: Electric Terrain|[from] ability: Electric Surge|[of] p2a: Tapu Koko\n|turn|42\n|\n|t:|1658973310\n|switch|p1a: Kartana|Kartana|100\/100\n|move|p2a: Tapu Koko|U-turn|p1a: Kartana\n|-damage|p1a: Kartana|82\/100\n|\n|t:|1658973312\n|switch|p2a: Mandibuzz|Mandibuzz, F|82\/100|[from]move: U-turn\n|\n|upkeep\n|turn|43\n|\n|t:|1658973326\n|move|p1a: Kartana|Smart Strike|p2a: Mandibuzz\n|-damage|p2a: Mandibuzz|45\/100\n|move|p2a: Mandibuzz|Knock Off|p1a: Kartana\n|-damage|p1a: Kartana|59\/100\n|-enditem|p1a: Kartana|Choice Scarf|[from] move: Knock Off|[of] p2a: Mandibuzz\n|\n|upkeep\n|turn|44\n|-message|2(H2O) forfeited.\n|\n|win|lt91bb FJ2K\n|raw|2(H2O)'s rating: 1503 &rarr; <strong>1485<\/strong><br \/>(-18 for losing)\n|raw|lt91bb FJ2K's rating: 1532 &rarr; <strong>1550<\/strong><br \/>(+18 for winning)\n|l|\u26062(H2O)\n||Ladder isn't responding, score probably updated but might not have (Request timeout).\n","uploadtime":1658973338,"views":70,"p1id":"2h2o","p2id":"lt91bbfj2k","formatid":"gen8ou","rating":1485,"private":0,"password":null}