{"id":"gen8ou-1706976131","p1":"minimax_ai","p2":"Tigetic","format":"gen8ou","log":"|j|\u2606minimax_ai\n|j|\u2606Tigetic\n|t:|1668038099\n|gametype|singles\n|player|p1|minimax_ai|169|1461\n|player|p2|Tigetic|2|1523\n|teamsize|p1|6\n|teamsize|p2|6\n|gen|8\n|tier|[Gen 8] OU\n|rated|\n|rule|Sleep Clause Mod: Limit one foe put to sleep\n|rule|Species Clause: Limit one of each Pok\u00e9mon\n|rule|OHKO Clause: OHKO moves are banned\n|rule|Evasion Items Clause: Evasion items are banned\n|rule|Evasion Moves Clause: Evasion moves are banned\n|rule|Endless Battle Clause: Forcing endless battles is banned\n|rule|HP Percentage Mod: HP is shown in percentages\n|rule|Dynamax Clause: You cannot dynamax\n|clearpoke\n|poke|p1|Rotom-Wash|\n|poke|p1|Weavile, M|\n|poke|p1|Landorus-Therian, M|\n|poke|p1|Heatran, M|\n|poke|p1|Tangrowth, F|\n|poke|p1|Melmetal|\n|poke|p2|Clefable, M|\n|poke|p2|Heatran, F|\n|poke|p2|Nidoking, M|\n|poke|p2|Tapu Lele|\n|poke|p2|Tyranitar, F|\n|poke|p2|Cresselia, F|\n|teampreview\n|c|\u2606minimax_ai|hf\n|inactive|Battle timer is ON: inactive players will automatically lose when time's up. (requested by minimax_ai)\n|\n|t:|1668038106\n|start\n|switch|p1a: Melmetal|Melmetal|100\/100\n|switch|p2a: Tapu Lele|Tapu Lele|100\/100\n|-fieldstart|move: Psychic Terrain|[from] ability: Psychic Surge|[of] p2a: Tapu Lele\n|turn|1\n|inactive|Tigetic has 120 seconds left.\n|inactive|Tigetic has 90 seconds left.\n|\n|t:|1668038176\n|move|p2a: Tapu Lele|Focus Blast|p1a: Melmetal|[miss]\n|-miss|p2a: Tapu Lele|p1a: Melmetal\n|move|p1a: Melmetal|Double Iron Bash|p2a: Tapu Lele\n|-supereffective|p2a: Tapu Lele\n|-damage|p2a: Tapu Lele|0 fnt\n|faint|p2a: Tapu Lele\n|-hitcount|p2: Tapu Lele|1\n|\n|upkeep\n|\n|t:|1668038178\n|switch|p2a: Heatran|Heatran, F|100\/100\n|turn|2\n|\n|t:|1668038180\n|move|p2a: Heatran|Magma Storm|p1a: Melmetal\n|-supereffective|p1a: Melmetal\n|-damage|p1a: Melmetal|52\/100\n|-activate|p1a: Melmetal|move: Magma Storm|[of] p2a: Heatran\n|move|p1a: Melmetal|Earthquake|p2a: Heatran\n|-supereffective|p2a: Heatran\n|-damage|p2a: Heatran|0 fnt\n|faint|p2a: Heatran\n|\n|-end|p1a: Melmetal|Magma Storm|[partiallytrapped]|[silent]\n|upkeep\n|\n|t:|1668038183\n|switch|p2a: Nidoking|Nidoking, M|100\/100\n|turn|3\n|\n|t:|1668038185\n|switch|p1a: Heatran|Heatran, M|100\/100\n|-item|p1a: Heatran|Air Balloon\n|move|p2a: Nidoking|Earth Power|p1a: Heatran\n|-immune|p1a: Heatran\n|\n|upkeep\n|turn|4\n|\n|t:|1668038190\n|switch|p2a: Tyranitar|Tyranitar, F|100\/100\n|-weather|Sandstorm|[from] ability: Sand Stream|[of] p2a: Tyranitar\n|move|p1a: Heatran|Earth Power|p2a: Tyranitar\n|-supereffective|p2a: Tyranitar\n|-damage|p2a: Tyranitar|66\/100\n|-unboost|p2a: Tyranitar|spd|1\n|\n|-weather|Sandstorm|[upkeep]\n|upkeep\n|turn|5\n|\n|t:|1668038195\n|move|p1a: Heatran|Earth Power|p2a: Tyranitar\n|-supereffective|p2a: Tyranitar\n|-damage|p2a: Tyranitar|19\/100\n|move|p2a: Tyranitar|Crunch|p1a: Heatran\n|-damage|p1a: Heatran|30\/100\n|-enditem|p1a: Heatran|Air Balloon\n|\n|-weather|Sandstorm|[upkeep]\n|-fieldend|move: Psychic Terrain\n|upkeep\n|turn|6\n|\n|t:|1668038199\n|switch|p2a: Cresselia|Cresselia, F|100\/100\n|move|p1a: Heatran|Earth Power|p2a: Cresselia\n|-immune|p2a: Cresselia|[from] ability: Levitate\n|\n|-weather|Sandstorm|[upkeep]\n|-damage|p2a: Cresselia|94\/100|[from] Sandstorm\n|-heal|p2a: Cresselia|100\/100|[from] item: Leftovers\n|upkeep\n|turn|7\n|\n|t:|1668038201\n|move|p1a: Heatran|Magma Storm|p2a: Cresselia\n|-damage|p2a: Cresselia|68\/100\n|-activate|p2a: Cresselia|move: Magma Storm|[of] p1a: Heatran\n|move|p2a: Cresselia|Calm Mind|p2a: Cresselia\n|-boost|p2a: Cresselia|spa|1\n|-boost|p2a: Cresselia|spd|1\n|\n|-weather|Sandstorm|[upkeep]\n|-damage|p2a: Cresselia|62\/100|[from] Sandstorm\n|-heal|p2a: Cresselia|68\/100|[from] item: Leftovers\n|-damage|p2a: Cresselia|55\/100|[from] move: Magma Storm|[partiallytrapped]\n|upkeep\n|turn|8\n|\n|t:|1668038204\n|move|p1a: Heatran|Magma Storm|p2a: Cresselia\n|-damage|p2a: Cresselia|35\/100\n|move|p2a: Cresselia|Moonlight|p2a: Cresselia\n|-heal|p2a: Cresselia|60\/100\n|\n|-weather|none\n|-heal|p2a: Cresselia|66\/100|[from] item: Leftovers\n|-damage|p2a: Cresselia|54\/100|[from] move: Magma Storm|[partiallytrapped]\n|upkeep\n|turn|9\n|\n|t:|1668038207\n|move|p1a: Heatran|Magma Storm|p2a: Cresselia\n|-damage|p2a: Cresselia|33\/100\n|move|p2a: Cresselia|Calm Mind|p2a: Cresselia\n|-boost|p2a: Cresselia|spa|1\n|-boost|p2a: Cresselia|spd|1\n|\n|-heal|p2a: Cresselia|39\/100|[from] item: Leftovers\n|-damage|p2a: Cresselia|27\/100|[from] move: Magma Storm|[partiallytrapped]\n|upkeep\n|turn|10\n|\n|t:|1668038208\n|move|p1a: Heatran|Stealth Rock|p2a: Cresselia\n|-sidestart|p2: Tigetic|move: Stealth Rock\n|move|p2a: Cresselia|Moonlight|p2a: Cresselia\n|-heal|p2a: Cresselia|77\/100\n|\n|-heal|p2a: Cresselia|83\/100|[from] item: Leftovers\n|-damage|p2a: Cresselia|70\/100|[from] move: Magma Storm|[partiallytrapped]\n|upkeep\n|turn|11\n|\n|t:|1668038212\n|switch|p1a: Weavile|Weavile, M|100\/100\n|-ability|p1a: Weavile|Pressure\n|move|p2a: Cresselia|Moonlight|p2a: Cresselia\n|-heal|p2a: Cresselia|100\/100\n|\n|-end|p2a: Cresselia|Magma Storm|[partiallytrapped]\n|upkeep\n|turn|12\n|\n|t:|1668038217\n|switch|p2a: Clefable|Clefable, M|100\/100\n|-damage|p2a: Clefable|88\/100|[from] Stealth Rock\n|move|p1a: Weavile|Knock Off|p2a: Clefable\n|-resisted|p2a: Clefable\n|-damage|p2a: Clefable|61\/100\n|-enditem|p2a: Clefable|Leftovers|[from] move: Knock Off|[of] p1a: Weavile\n|\n|upkeep\n|turn|13\n|\n|t:|1668038220\n|switch|p1a: Melmetal|Melmetal|52\/100\n|move|p2a: Clefable|Soft-Boiled|p2a: Clefable\n|-heal|p2a: Clefable|100\/100\n|\n|upkeep\n|turn|14\n|\n|t:|1668038225\n|move|p2a: Clefable|Stealth Rock|p1a: Melmetal\n|-sidestart|p1: minimax_ai|move: Stealth Rock\n|move|p1a: Melmetal|Double Iron Bash|p2a: Clefable\n|-supereffective|p2a: Clefable\n|-damage|p2a: Clefable|44\/100\n|-supereffective|p2a: Clefable\n|-damage|p2a: Clefable|0 fnt\n|faint|p2a: Clefable\n|-hitcount|p2: Clefable|2\n|\n|upkeep\n|\n|t:|1668038229\n|switch|p2a: Nidoking|Nidoking, M|100\/100\n|-damage|p2a: Nidoking|94\/100|[from] Stealth Rock\n|turn|15\n|\n|t:|1668038233\n|switch|p1a: Heatran|Heatran, M|30\/100\n|-damage|p1a: Heatran|17\/100|[from] Stealth Rock\n|move|p2a: Nidoking|Earth Power|p1a: Heatran\n|-supereffective|p1a: Heatran\n|-damage|p1a: Heatran|0 fnt\n|faint|p1a: Heatran\n|\n|upkeep\n|\n|t:|1668038233\n|switch|p1a: Weavile|Weavile, M|100\/100\n|-damage|p1a: Weavile|76\/100|[from] Stealth Rock\n|-ability|p1a: Weavile|Pressure\n|turn|16\n|\n|t:|1668038237\n|move|p2a: Nidoking|Earth Power|p1a: Weavile\n|-damage|p1a: Weavile|12\/100\n|move|p1a: Weavile|Knock Off|p2a: Nidoking\n|-damage|p2a: Nidoking|0 fnt\n|-enditem|p2a: Nidoking|Choice Scarf|[from] move: Knock Off|[of] p1a: Weavile\n|faint|p2a: Nidoking\n|\n|upkeep\n|\n|t:|1668038244\n|switch|p2a: Tyranitar|Tyranitar, F|19\/100\n|-damage|p2a: Tyranitar|7\/100|[from] Stealth Rock\n|-weather|Sandstorm|[from] ability: Sand Stream|[of] p2a: Tyranitar\n|turn|17\n|\n|t:|1668038247\n|move|p1a: Weavile|Knock Off|p2a: Tyranitar\n|-resisted|p2a: Tyranitar\n|-damage|p2a: Tyranitar|0 fnt\n|-enditem|p2a: Tyranitar|Choice Band|[from] move: Knock Off|[of] p1a: Weavile\n|faint|p2a: Tyranitar\n|\n|-weather|Sandstorm|[upkeep]\n|-damage|p1a: Weavile|6\/100|[from] Sandstorm\n|upkeep\n|\n|t:|1668038249\n|switch|p2a: Cresselia|Cresselia, F|100\/100\n|-damage|p2a: Cresselia|88\/100|[from] Stealth Rock\n|turn|18\n|\n|t:|1668038252\n|switch|p1a: landorustherian|Landorus-Therian, M|100\/100\n|-damage|p1a: landorustherian|88\/100|[from] Stealth Rock\n|-ability|p1a: landorustherian|Intimidate|boost\n|-unboost|p2a: Cresselia|atk|1\n|move|p2a: Cresselia|Moonlight|p2a: Cresselia\n|-heal|p2a: Cresselia|100\/100\n|\n|-weather|Sandstorm|[upkeep]\n|-damage|p2a: Cresselia|94\/100|[from] Sandstorm\n|-heal|p1a: landorustherian|94\/100|[from] item: Leftovers\n|-heal|p2a: Cresselia|100\/100|[from] item: Leftovers\n|upkeep\n|turn|19\n|\n|t:|1668038255\n|move|p1a: landorustherian|Defog|p2a: Cresselia\n|-unboost|p2a: Cresselia|evasion|1\n|-sideend|p2: Tigetic|Stealth Rock|[from] move: Defog|[of] p1a: landorustherian\n|-sideend|p1: minimax_ai|Stealth Rock|[from] move: Defog|[of] p1a: landorustherian\n|move|p2a: Cresselia|Substitute|p2a: Cresselia\n|-start|p2a: Cresselia|Substitute\n|-damage|p2a: Cresselia|75\/100\n|\n|-weather|Sandstorm|[upkeep]\n|-damage|p2a: Cresselia|69\/100|[from] Sandstorm\n|-heal|p1a: landorustherian|99\/100|[from] item: Leftovers\n|-heal|p2a: Cresselia|75\/100|[from] item: Leftovers\n|upkeep\n|turn|20\n|\n|t:|1668038258\n|move|p1a: landorustherian|U-turn|p2a: Cresselia\n|-supereffective|p2a: Cresselia\n|-activate|p2a: Cresselia|move: Substitute|[damage]\n|\n|t:|1668038258\n|switch|p1a: Melmetal|Melmetal|52\/100|[from]move: U-turn\n|move|p2a: Cresselia|Calm Mind|p2a: Cresselia\n|-boost|p2a: Cresselia|spa|1\n|-boost|p2a: Cresselia|spd|1\n|\n|-weather|Sandstorm|[upkeep]\n|-damage|p2a: Cresselia|69\/100|[from] Sandstorm\n|-heal|p2a: Cresselia|75\/100|[from] item: Leftovers\n|upkeep\n|turn|21\n|\n|t:|1668038261\n|move|p2a: Cresselia|Calm Mind|p2a: Cresselia\n|-boost|p2a: Cresselia|spa|1\n|-boost|p2a: Cresselia|spd|1\n|move|p1a: Melmetal|Double Iron Bash|p2a: Cresselia\n|-end|p2a: Cresselia|Substitute\n|-damage|p2a: Cresselia|56\/100\n|-hitcount|p2a: Cresselia|2\n|\n|-weather|none\n|-heal|p2a: Cresselia|62\/100|[from] item: Leftovers\n|upkeep\n|turn|22\n|\n|t:|1668038267\n|move|p2a: Cresselia|Moonlight|p2a: Cresselia\n|-heal|p2a: Cresselia|100\/100\n|move|p1a: Melmetal|Double Iron Bash|p2a: Cresselia\n|-crit|p2a: Cresselia\n|-damage|p2a: Cresselia|67\/100\n|-damage|p2a: Cresselia|46\/100\n|-hitcount|p2a: Cresselia|2\n|\n|-heal|p2a: Cresselia|53\/100|[from] item: Leftovers\n|upkeep\n|turn|23\n|\n|t:|1668038273\n|move|p2a: Cresselia|Stored Power|p1a: Melmetal\n|-resisted|p1a: Melmetal\n|-damage|p1a: Melmetal|39\/100\n|move|p1a: Melmetal|Double Iron Bash|p2a: Cresselia\n|-damage|p2a: Cresselia|32\/100\n|-damage|p2a: Cresselia|10\/100\n|-hitcount|p2a: Cresselia|2\n|\n|-heal|p2a: Cresselia|16\/100|[from] item: Leftovers\n|upkeep\n|turn|24\n|\n|t:|1668038277\n|move|p2a: Cresselia|Moonlight|p2a: Cresselia\n|-heal|p2a: Cresselia|66\/100\n|move|p1a: Melmetal|Double Iron Bash|p2a: Cresselia\n|-damage|p2a: Cresselia|44\/100\n|-damage|p2a: Cresselia|24\/100\n|-hitcount|p2a: Cresselia|2\n|\n|-heal|p2a: Cresselia|30\/100|[from] item: Leftovers\n|upkeep\n|turn|25\n|\n|t:|1668038280\n|move|p2a: Cresselia|Moonlight|p2a: Cresselia\n|-heal|p2a: Cresselia|80\/100\n|move|p1a: Melmetal|Double Iron Bash|p2a: Cresselia\n|-damage|p2a: Cresselia|58\/100\n|-damage|p2a: Cresselia|39\/100\n|-hitcount|p2a: Cresselia|2\n|\n|-heal|p2a: Cresselia|46\/100|[from] item: Leftovers\n|upkeep\n|turn|26\n|\n|t:|1668038284\n|move|p2a: Cresselia|Stored Power|p1a: Melmetal\n|-resisted|p1a: Melmetal\n|-damage|p1a: Melmetal|24\/100\n|move|p1a: Melmetal|Double Iron Bash|p2a: Cresselia\n|-damage|p2a: Cresselia|25\/100\n|-damage|p2a: Cresselia|5\/100\n|-hitcount|p2a: Cresselia|2\n|\n|-heal|p2a: Cresselia|12\/100|[from] item: Leftovers\n|upkeep\n|turn|27\n|\n|t:|1668038287\n|switch|p1a: Weavile|Weavile, M|6\/100\n|-ability|p1a: Weavile|Pressure\n|move|p2a: Cresselia|Stored Power|p1a: Weavile\n|-immune|p1a: Weavile\n|\n|-heal|p2a: Cresselia|18\/100|[from] item: Leftovers\n|upkeep\n|turn|28\n|\n|t:|1668038289\n|move|p1a: Weavile|Triple Axel|p2a: Cresselia\n|-damage|p2a: Cresselia|10\/100\n|-damage|p2a: Cresselia|0 fnt\n|faint|p2a: Cresselia\n|-hitcount|p2: Cresselia|2\n|\n|win|minimax_ai\n|raw|minimax_ai's rating: 1461 &rarr; <strong>1485<\/strong><br \/>(+24 for winning)\n|raw|Tigetic's rating: 1523 &rarr; <strong>1499<\/strong><br \/>(-24 for losing)\n|c|\u2606minimax_ai|gg\n","uploadtime":1668038295,"views":4,"p1id":"minimaxai","p2id":"tigetic","formatid":"gen8ou","rating":1485,"private":0,"password":null}