{"id":"gen8randombattle-1035057325","p1":"comp233","p2":"Puidor","format":"gen8randombattle","log":"|j|\u2606comp233\n|j|\u2606Puidor\n|player|p1|comp233|115|1701\n|player|p2|Puidor|1|1789\n|teamsize|p1|6\n|teamsize|p2|6\n|gametype|singles\n|gen|8\n|tier|[Gen 8] Random Battle\n|rated|\n|rule|HP Percentage Mod: HP is shown in percentages\n|rule|Sleep Clause Mod: Limit one foe put to sleep\n|\n|start\n|switch|p1a: Frosmoth|Frosmoth, L82, M|249\/249\n|switch|p2a: Crustle|Crustle, L82, M|249\/249\n|turn|1\n|inactive|Battle timer is ON: inactive players will automatically lose when time's up. (requested by Puidor)\n|inactive|comp233 has 120 seconds left.\n|l|\u2606Puidor\n|inactive|Puidor disconnected and has a minute to reconnect!\n|player|p2|\n|inactive|comp233 has 90 seconds left.\n|j|\u2606Puidor\n|inactive|Puidor reconnected.\n|player|p2|Puidor|1\n|\n|switch|p1a: Mawile|Mawile, L82, M|216\/216\n|move|p2a: Crustle|Shell Smash|p2a: Crustle\n|-unboost|p2a: Crustle|def|1\n|-unboost|p2a: Crustle|spd|1\n|-boost|p2a: Crustle|atk|2\n|-boost|p2a: Crustle|spa|2\n|-boost|p2a: Crustle|spe|2\n|-enditem|p2a: Crustle|White Herb\n|-clearnegativeboost|p2a: Crustle|[silent]\n|\n|upkeep\n|turn|2\n|inactive|comp233 has 120 seconds left.\n|\n|move|p2a: Crustle|Earthquake|p1a: Mawile\n|-supereffective|p1a: Mawile\n|-damage|p1a: Mawile|0 fnt\n|faint|p1a: Mawile\n|\n|upkeep\n|inactive|comp233 has 120 seconds left.\n|\n|switch|p1a: Dracozolt|Dracozolt, L80|275\/275\n|turn|3\n|inactive|comp233 has 120 seconds left.\n|\n|-start|p1a: Dracozolt|Dynamax\n|-heal|p1a: Dracozolt|550\/550|[silent]\n|move|p2a: Crustle|Earthquake|p1a: Dracozolt\n|-supereffective|p1a: Dracozolt\n|-damage|p1a: Dracozolt|254\/550\n|move|p1a: Dracozolt|Max Wyrmwind|p2a: Crustle\n|-damage|p2a: Crustle|92\/249\n|-unboost|p2a: Crustle|atk|1\n|\n|upkeep\n|turn|4\n|inactive|comp233 has 120 seconds left.\n|\n|-start|p2a: Crustle|Dynamax\n|-heal|p2a: Crustle|184\/498|[silent]\n|move|p2a: Crustle|Max Quake|p1a: Dracozolt\n|-supereffective|p1a: Dracozolt\n|-damage|p1a: Dracozolt|0 fnt\n|-boost|p2a: Crustle|spd|1\n|faint|p1a: Dracozolt\n|\n|upkeep\n|inactive|comp233 has 90 seconds left.\n|inactive|comp233 has 60 seconds left.\n|\n|switch|p1a: Claydol|Claydol, L82|233\/233\n|turn|5\n|\n|move|p2a: Crustle|Max Flutterby|p1a: Claydol\n|-supereffective|p1a: Claydol\n|-damage|p1a: Claydol|0 fnt\n|faint|p1a: Claydol\n|\n|upkeep\n|\n|switch|p1a: Ninjask|Ninjask, L82, F|233\/233\n|turn|6\n|\n|move|p1a: Ninjask|Acrobatics|p2a: Crustle\n|-crit|p2a: Crustle\n|-damage|p2a: Crustle|70\/498\n|move|p2a: Crustle|Max Rockfall|p1a: Ninjask\n|-supereffective|p1a: Ninjask\n|-damage|p1a: Ninjask|0 fnt\n|-weather|Sandstorm\n|faint|p1a: Ninjask\n|\n|-weather|Sandstorm|[upkeep]\n|-end|p2a: Crustle|Dynamax\n|-heal|p2a: Crustle|35\/249|[silent]\n|upkeep\n|inactive|comp233 has 30 seconds left.\n|\n|switch|p1a: Frosmoth|Frosmoth, L82, M|249\/249\n|turn|7\n|\n|move|p2a: Crustle|Stone Edge|p1a: Frosmoth\n|-supereffective|p1a: Frosmoth\n|-enditem|p1a: Frosmoth|Focus Sash\n|-damage|p1a: Frosmoth|1\/249\n|move|p1a: Frosmoth|Ice Beam|p2a: Crustle\n|-damage|p2a: Crustle|0 fnt\n|faint|p2a: Crustle\n|\n|-weather|Sandstorm|[upkeep]\n|-damage|p1a: Frosmoth|0 fnt|[from] Sandstorm\n|faint|p1a: Frosmoth\n|upkeep\n|\n|switch|p1a: Appletun|Appletun, L82, F|315\/315\n|switch|p2a: Goodra|Goodra, L82, M|282\/282\n|turn|8\n|\n|move|p2a: Goodra|Draco Meteor|p1a: Appletun\n|-supereffective|p1a: Appletun\n|-damage|p1a: Appletun|0 fnt\n|-unboost|p2a: Goodra|spa|2\n|faint|p1a: Appletun\n|\n|win|Puidor\n|l|\u2606comp233\n||Ladder (probably) updated, but score could not be retrieved (Response not received).\n","inputlog":">version 70dbfadb3a679cc4292e57144a6ec1ed51b0962a\n>version-origin 7f772fba67d04d379e07d0e418f0f55e9f81d4a0\n>start {\"formatid\":\"gen8randombattle\",\"seed\":[30706,13672,14475,2134],\"rated\":\"Rated battle\"}\n>player p1 {\"name\":\"comp233\",\"avatar\":\"115\",\"team\":\"\",\"rating\":1701,\"seed\":[3202,33468,21089,16350]}\n>player p2 {\"name\":\"Puidor\",\"avatar\":\"1\",\"team\":\"\",\"rating\":1789,\"seed\":[10669,33520,62018,23382]}\n>p1 switch 5\n>p2 move shellsmash\n>p1 move ironhead\n>p2 move earthquake\n>p1 switch 4\n>p1 move outrage dynamax\n>p2 move earthquake\n>p1 move boltbeak dynamax\n>p2 move earthquake dynamax\n>p1 switch 2\n>p1 move earthquake\n>p2 move xscissor dynamax\n>p1 switch 6\n>p1 move acrobatics\n>p2 move stoneedge dynamax\n>p1 switch 5\n>p1 move icebeam\n>p2 move stoneedge\n>p1 switch 3\n>p2 switch 4\n>p1 move leechseed\n>p2 move dracometeor","uploadtime":1577209824,"views":1,"p1id":"comp233","p2id":"puidor","formatid":"gen8randombattle","rating":0,"private":0,"password":null}