{"id":"gen8bdspou-1471628355","p1":"tekken_is_life","p2":"VirginJimmy99","format":"gen8bdspou","log":"|html|<div class=\"broadcast-blue\"><strong>[Gen 8 BDSP] OU is currently suspecting Latios! For information on how to participate check out the <a href=\"https:\/\/www.smogon.com\/forums\/threads\/np-bdsp-ou-suspect-process-round-1-mr-blue-sky.3694109\/\">suspect thread<\/a>.<\/strong><\/div>\n|j|\u2606tekken_is_life\n|j|\u2606VirginJimmy99\n|t:|1639297205\n|gametype|singles\n|player|p1|tekken_is_life|1|1568\n|player|p2|VirginJimmy99|rocketgrunt|1587\n|teamsize|p1|6\n|teamsize|p2|6\n|gen|8\n|tier|[Gen 8 BDSP] OU\n|rated|\n|rule|Sleep Clause Mod: Limit one foe put to sleep\n|rule|Species Clause: Limit one of each Pok\u00e9mon\n|rule|OHKO Clause: OHKO moves are banned\n|rule|Evasion Moves Clause: Evasion moves are banned\n|rule|Endless Battle Clause: Forcing endless battles is banned\n|rule|HP Percentage Mod: HP is shown in percentages\n|clearpoke\n|poke|p1|Latios, M|\n|poke|p1|Gliscor, F|\n|poke|p1|Scizor, F|\n|poke|p1|Lucario, F|\n|poke|p1|Starmie|\n|poke|p1|Togekiss, M|\n|poke|p2|Purugly, F|\n|poke|p2|Shuckle, F|\n|poke|p2|Gengar, F|\n|poke|p2|Honchkrow, M|\n|poke|p2|Garchomp, M|\n|poke|p2|Manaphy|\n|teampreview\n|\n|t:|1639297210\n|start\n|switch|p1a: Gliscor|Gliscor, F|100\/100\n|switch|p2a: Shuckle|Shuckle, F|100\/100\n|turn|1\n|\n|t:|1639297216\n|move|p1a: Gliscor|Knock Off|p2a: Shuckle\n|-crit|p2a: Shuckle\n|-damage|p2a: Shuckle|81\/100\n|-enditem|p2a: Shuckle|Mental Herb|[from] move: Knock Off|[of] p1a: Gliscor\n|move|p2a: Shuckle|Sticky Web|p1a: Gliscor\n|-sidestart|p1: tekken_is_life|move: Sticky Web\n|\n|-status|p1a: Gliscor|tox|[from] item: Toxic Orb\n|upkeep\n|turn|2\n|\n|t:|1639297218\n|switch|p1a: Starmie|Starmie|100\/100\n|-activate|p1a: Starmie|move: Sticky Web\n|-unboost|p1a: Starmie|spe|1\n|move|p2a: Shuckle|Stealth Rock|p1a: Starmie\n|-sidestart|p1: tekken_is_life|move: Stealth Rock\n|\n|upkeep\n|turn|3\n|\n|t:|1639297223\n|move|p1a: Starmie|Thunder Wave|p2a: Shuckle\n|-status|p2a: Shuckle|par\n|move|p2a: Shuckle|Toxic|p1a: Starmie\n|-status|p1a: Starmie|tox\n|\n|-damage|p1a: Starmie|94\/100 tox|[from] psn\n|upkeep\n|turn|4\n|\n|t:|1639297227\n|switch|p2a: Gengar|Gengar, F|100\/100\n|move|p1a: Starmie|Thunder Wave|p2a: Gengar|[miss]\n|-miss|p1a: Starmie|p2a: Gengar\n|\n|-heal|p1a: Starmie|100\/100 tox|[from] item: Leftovers\n|-damage|p1a: Starmie|88\/100 tox|[from] psn\n|upkeep\n|turn|5\n|\n|t:|1639297235\n|switch|p2a: Manaphy|Manaphy|100\/100\n|-curestatus|p1a: Starmie|tox|[from] ability: Natural Cure\n|switch|p1a: Gliscor|Gliscor, F|100\/100 tox\n|-damage|p1a: Gliscor|88\/100 tox|[from] Stealth Rock\n|\n|-heal|p1a: Gliscor|100\/100 tox|[from] ability: Poison Heal\n|upkeep\n|turn|6\n|\n|t:|1639297243\n|switch|p1a: Togekiss|Togekiss, M|100\/100\n|-damage|p1a: Togekiss|76\/100|[from] Stealth Rock\n|move|p2a: Manaphy|Tail Glow|p2a: Manaphy\n|-boost|p2a: Manaphy|spa|3\n|\n|-heal|p1a: Togekiss|82\/100|[from] item: Leftovers\n|upkeep\n|turn|7\n|\n|t:|1639297251\n|move|p2a: Manaphy|Ice Beam|p1a: Togekiss\n|-supereffective|p1a: Togekiss\n|-damage|p1a: Togekiss|0 fnt\n|faint|p1a: Togekiss\n|\n|upkeep\n|\n|t:|1639297254\n|switch|p1a: Latios|Latios, M|100\/100\n|-damage|p1a: Latios|88\/100|[from] Stealth Rock\n|turn|8\n|\n|t:|1639297256\n|move|p1a: Latios|Calm Mind|p1a: Latios\n|-boost|p1a: Latios|spa|1\n|-boost|p1a: Latios|spd|1\n|move|p2a: Manaphy|Ice Beam|p1a: Latios\n|-supereffective|p1a: Latios\n|-damage|p1a: Latios|0 fnt\n|faint|p1a: Latios\n|\n|upkeep\n|-message|tekken_is_life forfeited.\n|\n|win|VirginJimmy99\n|raw|tekken_is_life's rating: 1568 &rarr; <strong>1549<\/strong><br \/>(-19 for losing)\n|raw|VirginJimmy99's rating: 1587 &rarr; <strong>1606<\/strong><br \/>(+19 for winning)\n|l|\u2606tekken_is_life\n","uploadtime":1639297263,"views":13,"p1id":"tekkenislife","p2id":"virginjimmy99","formatid":"gen8bdspou","rating":1549,"private":0,"password":null}