{"id":"gen8bdspou-1477690914","p1":"comp233","p2":"picklemichael","format":"gen8bdspou","log":"|j|\u2606comp233\n|j|\u2606picklemichael\n|t:|1640123730\n|gametype|singles\n|player|p1|comp233|rosa|1292\n|player|p2|picklemichael|furisodegirl-black|1256\n|teamsize|p1|6\n|teamsize|p2|6\n|gen|8\n|tier|[Gen 8 BDSP] OU\n|rated|\n|rule|Sleep Clause Mod: Limit one foe put to sleep\n|rule|Species Clause: Limit one of each Pok\u00e9mon\n|rule|OHKO Clause: OHKO moves are banned\n|rule|Evasion Moves Clause: Evasion moves are banned\n|rule|Endless Battle Clause: Forcing endless battles is banned\n|rule|HP Percentage Mod: HP is shown in percentages\n|clearpoke\n|poke|p1|Staraptor, F|\n|poke|p1|Mamoswine, F|\n|poke|p1|Dragonite, M|\n|poke|p1|Scizor, M|\n|poke|p1|Infernape, M|\n|poke|p1|Weavile, F|\n|poke|p2|Donphan, M|\n|poke|p2|Dragonite, F|\n|poke|p2|Jirachi|\n|poke|p2|Breloom, M|\n|poke|p2|Alakazam, F|\n|poke|p2|Azumarill, F|\n|teampreview\n|\n|t:|1640123738\n|start\n|switch|p1a: Mamoswine|Mamoswine, F|100\/100\n|switch|p2a: Donphan|Donphan, M|100\/100\n|turn|1\n|\n|t:|1640123749\n|move|p2a: Donphan|Earthquake|p1a: Mamoswine\n|-damage|p1a: Mamoswine|38\/100\n|move|p1a: Mamoswine|Freeze-Dry|p2a: Donphan\n|-supereffective|p2a: Donphan\n|-ability|p2a: Donphan|Sturdy\n|-damage|p2a: Donphan|1\/100\n|-damage|p1a: Mamoswine|28\/100|[from] item: Life Orb\n|\n|upkeep\n|turn|2\n|\n|t:|1640123755\n|move|p2a: Donphan|Ice Shard|p1a: Mamoswine\n|-damage|p1a: Mamoswine|20\/100\n|move|p1a: Mamoswine|Ice Shard|p2a: Donphan\n|-supereffective|p2a: Donphan\n|-damage|p2a: Donphan|0 fnt\n|faint|p2a: Donphan\n|-damage|p1a: Mamoswine|10\/100|[from] item: Life Orb\n|\n|upkeep\n|\n|t:|1640123760\n|switch|p2a: Azumarill|Azumarill, F|100\/100\n|turn|3\n|\n|t:|1640123773\n|move|p2a: Azumarill|Substitute|p2a: Azumarill\n|-start|p2a: Azumarill|Substitute\n|-damage|p2a: Azumarill|76\/100\n|move|p1a: Mamoswine|Freeze-Dry|p2a: Azumarill\n|-supereffective|p2a: Azumarill\n|-end|p2a: Azumarill|Substitute\n|-damage|p1a: Mamoswine|0 fnt|[from] item: Life Orb\n|faint|p1a: Mamoswine\n|\n|-heal|p2a: Azumarill|82\/100|[from] item: Leftovers\n|upkeep\n|\n|t:|1640123784\n|switch|p1a: Staraptor|Staraptor, F|100\/100\n|turn|4\n|\n|t:|1640123794\n|move|p1a: Staraptor|Brave Bird|p2a: Azumarill\n|-damage|p2a: Azumarill|0 fnt\n|faint|p2a: Azumarill\n|-damage|p1a: Staraptor|71\/100|[from] Recoil\n|\n|upkeep\n|\n|t:|1640123801\n|switch|p2a: Alakazam|Alakazam, F|100\/100\n|turn|5\n|\n|t:|1640123804\n|switch|p1a: Scizor|Scizor, M|100\/100\n|move|p2a: Alakazam|Psychic|p1a: Scizor\n|-resisted|p1a: Scizor\n|-damage|p1a: Scizor|71\/100\n|-unboost|p1a: Scizor|spd|1\n|\n|-heal|p1a: Scizor|77\/100|[from] item: Leftovers\n|upkeep\n|turn|6\n|\n|t:|1640123809\n|move|p2a: Alakazam|Focus Blast|p1a: Scizor\n|-damage|p1a: Scizor|0 fnt\n|faint|p1a: Scizor\n|\n|upkeep\n|\n|t:|1640123813\n|switch|p1a: Weavile|Weavile, F|100\/100\n|-ability|p1a: Weavile|Pressure\n|turn|7\n|\n|t:|1640123820\n|move|p1a: Weavile|Icicle Crash|p2a: Alakazam\n|-enditem|p2a: Alakazam|Focus Sash\n|-damage|p2a: Alakazam|1\/100\n|cant|p2a: Alakazam|flinch\n|\n|upkeep\n|turn|8\n|\n|t:|1640123823\n|move|p1a: Weavile|Ice Shard|p2a: Alakazam\n|-damage|p2a: Alakazam|0 fnt\n|faint|p2a: Alakazam\n|\n|upkeep\n|\n|t:|1640123825\n|switch|p2a: Breloom|Breloom, M|100\/100\n|turn|9\n|\n|t:|1640123828\n|move|p1a: Weavile|Icicle Crash|p2a: Breloom\n|-supereffective|p2a: Breloom\n|-enditem|p2a: Breloom|Focus Sash\n|-damage|p2a: Breloom|1\/100\n|cant|p2a: Breloom|flinch\n|\n|upkeep\n|turn|10\n|\n|t:|1640123831\n|move|p1a: Weavile|Ice Shard|p2a: Breloom\n|-supereffective|p2a: Breloom\n|-damage|p2a: Breloom|0 fnt\n|faint|p2a: Breloom\n|\n|upkeep\n|\n|t:|1640123834\n|switch|p2a: Jirachi|Jirachi|100\/100\n|turn|11\n|\n|t:|1640123842\n|switch|p1a: Staraptor|Staraptor, F|71\/100\n|move|p2a: Jirachi|Doom Desire|p1a: Staraptor\n|-start|p2a: Jirachi|Doom Desire\n|\n|upkeep\n|turn|12\n|\n|t:|1640123850\n|switch|p1a: Infernape|Infernape, M|100\/100\n|move|p2a: Jirachi|Stealth Rock|p1a: Infernape\n|-sidestart|p1: comp233|move: Stealth Rock\n|\n|upkeep\n|turn|13\n|\n|t:|1640123856\n|move|p1a: Infernape|U-turn|p2a: Jirachi\n|-damage|p2a: Jirachi|81\/100\n|\n|t:|1640123861\n|switch|p1a: Staraptor|Staraptor, F|71\/100|[from]move: U-turn\n|-damage|p1a: Staraptor|46\/100|[from] Stealth Rock\n|move|p2a: Jirachi|U-turn|p1a: Staraptor\n|-resisted|p1a: Staraptor\n|-damage|p1a: Staraptor|36\/100\n|\n|t:|1640123863\n|switch|p2a: Dragonite|Dragonite, F|100\/100|[from]move: U-turn\n|\n|-end|p1a: Staraptor|move: Doom Desire\n|-damage|p1a: Staraptor|0 fnt\n|faint|p1a: Staraptor\n|upkeep\n|\n|t:|1640123874\n|switch|p1a: Weavile|Weavile, F|100\/100\n|-damage|p1a: Weavile|76\/100|[from] Stealth Rock\n|-ability|p1a: Weavile|Pressure\n|turn|14\n|\n|t:|1640123878\n|switch|p2a: Jirachi|Jirachi|81\/100\n|move|p1a: Weavile|Ice Shard|p2a: Jirachi\n|-resisted|p2a: Jirachi\n|-damage|p2a: Jirachi|73\/100\n|\n|-heal|p2a: Jirachi|79\/100|[from] item: Leftovers\n|upkeep\n|turn|15\n|\n|t:|1640123887\n|move|p1a: Weavile|Throat Chop|p2a: Jirachi\n|-supereffective|p2a: Jirachi\n|-damage|p2a: Jirachi|17\/100\n|-start|p2a: Jirachi|Throat Chop|[silent]\n|move|p2a: Jirachi|Doom Desire|p1a: Weavile\n|-start|p2a: Jirachi|Doom Desire\n|\n|-heal|p2a: Jirachi|23\/100|[from] item: Leftovers\n|upkeep\n|turn|16\n|\n|t:|1640123891\n|move|p1a: Weavile|Throat Chop|p2a: Jirachi\n|-supereffective|p2a: Jirachi\n|-damage|p2a: Jirachi|0 fnt\n|faint|p2a: Jirachi\n|\n|upkeep\n|\n|t:|1640123893\n|switch|p2a: Dragonite|Dragonite, F|100\/100\n|turn|17\n|\n|t:|1640123899\n|move|p2a: Dragonite|Extreme Speed|p1a: Weavile\n|-damage|p1a: Weavile|0 fnt\n|faint|p1a: Weavile\n|\n|-hint|Doom Desire did not hit because the target is fainted.\n|upkeep\n|\n|t:|1640123903\n|switch|p1a: Dragonite|Dragonite, M|100\/100\n|-damage|p1a: Dragonite|76\/100|[from] Stealth Rock\n|turn|18\n|\n|t:|1640123914\n|move|p2a: Dragonite|Extreme Speed|p1a: Dragonite\n|-damage|p1a: Dragonite|23\/100\n|move|p1a: Dragonite|Dragon Dance|p1a: Dragonite\n|-boost|p1a: Dragonite|atk|1\n|-boost|p1a: Dragonite|spe|1\n|\n|upkeep\n|turn|19\n|\n|t:|1640123917\n|move|p1a: Dragonite|Extreme Speed|p2a: Dragonite\n|-damage|p2a: Dragonite|78\/100\n|move|p2a: Dragonite|Extreme Speed|p1a: Dragonite\n|-damage|p1a: Dragonite|0 fnt\n|faint|p1a: Dragonite\n|\n|upkeep\n|\n|t:|1640123919\n|switch|p1a: Infernape|Infernape, M|100\/100\n|-damage|p1a: Infernape|88\/100|[from] Stealth Rock\n|turn|20\n|\n|t:|1640123922\n|move|p2a: Dragonite|Extreme Speed|p1a: Infernape\n|-damage|p1a: Infernape|15\/100\n|move|p1a: Infernape|Flare Blitz|p2a: Dragonite\n|-resisted|p2a: Dragonite\n|-damage|p2a: Dragonite|30\/100\n|-damage|p1a: Infernape|0 fnt|[from] Recoil\n|faint|p1a: Infernape\n|\n|win|picklemichael\n|raw|comp233's rating: 1292 &rarr; <strong>1264<\/strong><br \/>(-28 for losing)\n|raw|picklemichael's rating: 1256 &rarr; <strong>1284<\/strong><br \/>(+28 for winning)\n|l|\u2606comp233\n||Ladder isn't responding, score probably updated but might not have (Request timeout).\n","uploadtime":1640123938,"views":6,"p1id":"comp233","p2id":"picklemichael","formatid":"gen8bdspou","rating":1264,"private":0,"password":null}