{"id":"gen8battlestadiumsingles-1075917674","p1":"oxjmsdc","p2":"2222mm","format":"gen8battlestadiumsingles","log":"|j|\u2606oxjmsdc\n|j|\u26062222mm\n|player|p1|oxjmsdc|red|1022\n|player|p2|2222mm|291|1180\n|teamsize|p1|6\n|teamsize|p2|6\n|gametype|singles\n|gen|8\n|tier|[Gen 8] Battle Stadium Singles\n|rated|\n|clearpoke\n|poke|p1|Grimmsnarl, L50, M|\n|poke|p1|Corviknight, L50, M|\n|poke|p1|Dragapult, L50, M|\n|poke|p1|Decidueye, L50, F|\n|poke|p1|Gyarados, L50, F|\n|poke|p1|Dusclops, L50, F|\n|poke|p2|Hippowdon, L50, M|\n|poke|p2|Ferrothorn, L50, F|\n|poke|p2|Corviknight, L50, M|\n|poke|p2|Pyukumuku, L50, M|\n|poke|p2|Rotom-Heat, L50|\n|poke|p2|Sylveon, L50, M|\n|rule|Species Clause: Limit one of each Pok\u00e9mon\n|rule|Item Clause: Limit one of each item\n|teampreview|3\n|inactive|Battle timer is ON: inactive players will automatically lose when time's up. (requested by 2222mm)\n|inactive|oxjmsdc has 120 seconds left.\n|\n|start\n|switch|p1a: Grimmsnarl|Grimmsnarl, L50, M|48\/48\n|switch|p2a: Sylveon|Sylveon, L50, M|48\/48\n|turn|1\n|\n|move|p1a: Grimmsnarl|Light Screen|p1a: Grimmsnarl\n|-sidestart|p1: oxjmsdc|move: Light Screen\n|move|p2a: Sylveon|Hyper Voice|p1a: Grimmsnarl\n|-supereffective|p1a: Grimmsnarl\n|-damage|p1a: Grimmsnarl|26\/48\n|\n|upkeep\n|turn|2\n|\n|move|p1a: Grimmsnarl|Reflect|p1a: Grimmsnarl\n|-sidestart|p1: oxjmsdc|Reflect\n|move|p2a: Sylveon|Hyper Voice|p1a: Grimmsnarl\n|-supereffective|p1a: Grimmsnarl\n|-damage|p1a: Grimmsnarl|4\/48\n|\n|upkeep\n|turn|3\n|\n|move|p1a: Grimmsnarl|Sucker Punch||[still]\n|-fail|p1a: Grimmsnarl\n|move|p2a: Sylveon|Wish|p2a: Sylveon\n|\n|upkeep\n|turn|4\n|\n|switch|p2a: Ferrothorn|Ferrothorn, L50, F, shiny|48\/48\n|switch|p1a: Dusclops|Dusclops, L50, F, shiny|48\/48\n|-item|p2a: Ferrothorn|Leftovers|[from] ability: Frisk|[of] p1a: Dusclops|[identify]\n|\n|upkeep\n|turn|5\n|\n|move|p2a: Ferrothorn|Leech Seed|p1a: Dusclops\n|-start|p1a: Dusclops|move: Leech Seed\n|move|p1a: Dusclops|Will-O-Wisp|p2a: Ferrothorn\n|-status|p2a: Ferrothorn|brn\n|\n|-damage|p1a: Dusclops|42\/48|[from] Leech Seed|[of] p2a: Ferrothorn\n|-damage|p2a: Ferrothorn|45\/48 brn|[from] brn\n|upkeep\n|turn|6\n|\n|move|p2a: Ferrothorn|Leech Seed||[still]\n|-fail|p2a: Ferrothorn\n|move|p1a: Dusclops|Memento|p2a: Ferrothorn\n|-unboost|p2a: Ferrothorn|atk|2\n|-unboost|p2a: Ferrothorn|spa|2\n|faint|p1a: Dusclops\n|\n|-heal|p2a: Ferrothorn|48\/48 brn|[from] item: Leftovers\n|-damage|p2a: Ferrothorn|45\/48 brn|[from] brn\n|upkeep\n|\n|switch|p1a: Decidueye|Decidueye, L50, F|48\/48\n|turn|7\n|\n|move|p1a: Decidueye|Swords Dance|p1a: Decidueye\n|-boost|p1a: Decidueye|atk|2\n|move|p2a: Ferrothorn|Iron Head|p1a: Decidueye\n|-damage|p1a: Decidueye|45\/48\n|\n|-heal|p2a: Ferrothorn|48\/48 brn|[from] item: Leftovers\n|-damage|p2a: Ferrothorn|45\/48 brn|[from] brn\n|upkeep\n|turn|8\n|\n|switch|p2a: Rotom|Rotom-Heat, L50, shiny|48\/48\n|move|p1a: Decidueye|Swords Dance|p1a: Decidueye\n|-boost|p1a: Decidueye|atk|2\n|\n|-sideend|p1: oxjmsdc|move: Light Screen\n|upkeep\n|turn|9\n|\n|-start|p1a: Decidueye|Dynamax\n|-heal|p1a: Decidueye|45\/48|[silent]\n|-start|p2a: Rotom|Dynamax\n|-heal|p2a: Rotom|48\/48|[silent]\n|move|p1a: Decidueye|Max Phantasm|p2a: Rotom\n|-damage|p2a: Rotom|0 fnt\n|faint|p2a: Rotom\n|\n|-sideend|p1: oxjmsdc|Reflect\n|upkeep\n|-message|2222mm forfeited.\n|\n|win|oxjmsdc\n|l|\u26062222mm\n|raw|oxjmsdc's rating: 1022 &rarr; <strong>1074<\/strong><br \/>(+52 for winning)\n|raw|2222mm's rating: 1180 &rarr; <strong>1144<\/strong><br \/>(-36 for losing)\n","uploadtime":1583728565,"views":6,"p1id":"oxjmsdc","p2id":"2222mm","formatid":"gen8battlestadiumsingles","rating":1074,"private":0,"password":null}