{"id":"gen8ou-1502833800","p1":"kokoukohiro","p2":"Magesty","format":"gen8ou","log":"|j|\u2606kokoukohiro\n|j|\u2606Magesty\n|t:|1643782147\n|gametype|singles\n|player|p1|kokoukohiro|dawn|1600\n|player|p2|Magesty|102|1585\n|teamsize|p1|6\n|teamsize|p2|6\n|gen|8\n|tier|[Gen 8] OU\n|rated|\n|rule|Sleep Clause Mod: Limit one foe put to sleep\n|rule|Species Clause: Limit one of each Pok\u00e9mon\n|rule|OHKO Clause: OHKO moves are banned\n|rule|Evasion Moves Clause: Evasion moves are banned\n|rule|Endless Battle Clause: Forcing endless battles is banned\n|rule|HP Percentage Mod: HP is shown in percentages\n|rule|Dynamax Clause: You cannot dynamax\n|clearpoke\n|poke|p1|Shedinja|\n|poke|p1|Quagsire, F|\n|poke|p1|Clefable, M|\n|poke|p1|Blissey, F|\n|poke|p1|Toxapex, M|\n|poke|p1|Zapdos|\n|poke|p2|Rillaboom, M|\n|poke|p2|Zapdos|\n|poke|p2|Aegislash, F|\n|poke|p2|Tyranitar, M|\n|poke|p2|Tapu Fini|\n|poke|p2|Dragapult, F|\n|teampreview\n|inactive|Battle timer is ON: inactive players will automatically lose when time's up. (requested by Magesty)\n|\n|t:|1643782165\n|start\n|switch|p1a: Toxapex|Toxapex, M|100\/100\n|switch|p2a: Tyranitar|Tyranitar, M|100\/100\n|-weather|Sandstorm|[from] ability: Sand Stream|[of] p2a: Tyranitar\n|turn|1\n|j| max cape\n|\n|t:|1643782172\n|move|p2a: Tyranitar|Earthquake|p1a: Toxapex\n|-supereffective|p1a: Toxapex\n|-damage|p1a: Toxapex|64\/100\n|move|p1a: Toxapex|Knock Off|p2a: Tyranitar\n|-resisted|p2a: Tyranitar\n|-damage|p2a: Tyranitar|94\/100\n|-enditem|p2a: Tyranitar|Leftovers|[from] move: Knock Off|[of] p1a: Toxapex\n|\n|-weather|Sandstorm|[upkeep]\n|-damage|p1a: Toxapex|57\/100|[from] Sandstorm\n|-heal|p1a: Toxapex|64\/100|[from] item: Black Sludge\n|upkeep\n|turn|2\n|\n|t:|1643782183\n|move|p2a: Tyranitar|Stealth Rock|p1a: Toxapex\n|-sidestart|p1: kokoukohiro|move: Stealth Rock\n|move|p1a: Toxapex|Toxic Spikes|p2a: Tyranitar\n|-sidestart|p2: Magesty|move: Toxic Spikes\n|\n|-weather|Sandstorm|[upkeep]\n|-damage|p1a: Toxapex|57\/100|[from] Sandstorm\n|-heal|p1a: Toxapex|64\/100|[from] item: Black Sludge\n|upkeep\n|turn|3\n|j| flying ducheman\n|\n|t:|1643782192\n|move|p2a: Tyranitar|Earthquake|p1a: Toxapex\n|-supereffective|p1a: Toxapex\n|-damage|p1a: Toxapex|30\/100\n|move|p1a: Toxapex|Toxic Spikes|p2a: Tyranitar\n|-sidestart|p2: Magesty|move: Toxic Spikes\n|\n|-weather|Sandstorm|[upkeep]\n|-damage|p1a: Toxapex|24\/100|[from] Sandstorm\n|-heal|p1a: Toxapex|30\/100|[from] item: Black Sludge\n|upkeep\n|turn|4\n|\n|t:|1643782201\n|switch|p1a: Quagsire|Quagsire, F|100\/100\n|-damage|p1a: Quagsire|94\/100|[from] Stealth Rock\n|move|p2a: Tyranitar|Ice Beam|p1a: Quagsire\n|-damage|p1a: Quagsire|58\/100\n|\n|-weather|Sandstorm|[upkeep]\n|-heal|p1a: Quagsire|64\/100|[from] item: Leftovers\n|upkeep\n|turn|5\n|j| Paulest\n|\n|t:|1643782214\n|move|p2a: Tyranitar|Ice Beam|p1a: Quagsire\n|-damage|p1a: Quagsire|33\/100\n|move|p1a: Quagsire|Recover|p1a: Quagsire\n|-heal|p1a: Quagsire|83\/100\n|\n|-weather|none\n|-heal|p1a: Quagsire|89\/100|[from] item: Leftovers\n|upkeep\n|turn|6\n|\n|t:|1643782223\n|switch|p2a: Aegislash|Aegislash, F|100\/100\n|move|p1a: Quagsire|Toxic|p2a: Aegislash\n|-immune|p2a: Aegislash\n|\n|-heal|p1a: Quagsire|95\/100|[from] item: Leftovers\n|upkeep\n|turn|7\n|\n|t:|1643782231\n|switch|p1a: Toxapex|Toxapex, M|63\/100\n|-damage|p1a: Toxapex|51\/100|[from] Stealth Rock\n|move|p2a: Aegislash|Toxic|p1a: Toxapex|[miss]\n|-miss|p2a: Aegislash|p1a: Toxapex\n|\n|-heal|p1a: Toxapex|57\/100|[from] item: Black Sludge\n|upkeep\n|turn|8\n|\n|t:|1643782240\n|move|p2a: Aegislash|Substitute|p2a: Aegislash\n|-start|p2a: Aegislash|Substitute\n|-damage|p2a: Aegislash|75\/100\n|move|p1a: Toxapex|Recover|p1a: Toxapex\n|-heal|p1a: Toxapex|100\/100\n|\n|-heal|p2a: Aegislash|82\/100|[from] item: Leftovers\n|upkeep\n|turn|9\n|\n|t:|1643782248\n|move|p2a: Aegislash|Toxic|p1a: Toxapex\n|-immune|p1a: Toxapex\n|move|p1a: Toxapex|Knock Off|p2a: Aegislash\n|-supereffective|p2a: Aegislash\n|-activate|p2a: Aegislash|move: Substitute|[damage]\n|\n|-heal|p2a: Aegislash|88\/100|[from] item: Leftovers\n|upkeep\n|turn|10\n|\n|t:|1643782256\n|move|p2a: Aegislash|King's Shield|p2a: Aegislash\n|-singleturn|p2a: Aegislash|Protect\n|move|p1a: Toxapex|Knock Off|p2a: Aegislash\n|-activate|p2a: Aegislash|move: Protect\n|-unboost|p1a: Toxapex|atk|1\n|\n|-heal|p2a: Aegislash|94\/100|[from] item: Leftovers\n|upkeep\n|turn|11\n|\n|t:|1643782269\n|-formechange|p2a: Aegislash|Aegislash-Blade||[from] ability: Stance Change\n|move|p2a: Aegislash|Shadow Ball|p1a: Toxapex\n|-damage|p1a: Toxapex|72\/100\n|-unboost|p1a: Toxapex|spd|1\n|move|p1a: Toxapex|Knock Off|p2a: Aegislash\n|-supereffective|p2a: Aegislash\n|-end|p2a: Aegislash|Substitute\n|\n|-heal|p2a: Aegislash|99\/100|[from] item: Leftovers\n|-heal|p1a: Toxapex|78\/100|[from] item: Black Sludge\n|upkeep\n|turn|12\n|\n|t:|1643782282\n|move|p2a: Aegislash|Substitute|p2a: Aegislash\n|-start|p2a: Aegislash|Substitute\n|-damage|p2a: Aegislash|75\/100\n|move|p1a: Toxapex|Knock Off|p2a: Aegislash\n|-supereffective|p2a: Aegislash\n|-end|p2a: Aegislash|Substitute\n|\n|-heal|p2a: Aegislash|81\/100|[from] item: Leftovers\n|-heal|p1a: Toxapex|84\/100|[from] item: Black Sludge\n|upkeep\n|turn|13\n|\n|t:|1643782292\n|move|p2a: Aegislash|Substitute|p2a: Aegislash\n|-start|p2a: Aegislash|Substitute\n|-damage|p2a: Aegislash|56\/100\n|move|p1a: Toxapex|Knock Off|p2a: Aegislash\n|-supereffective|p2a: Aegislash\n|-end|p2a: Aegislash|Substitute\n|\n|-heal|p2a: Aegislash|63\/100|[from] item: Leftovers\n|-heal|p1a: Toxapex|90\/100|[from] item: Black Sludge\n|upkeep\n|turn|14\n|\n|t:|1643782301\n|-formechange|p2a: Aegislash|Aegislash||[from] ability: Stance Change\n|move|p2a: Aegislash|King's Shield|p2a: Aegislash\n|-singleturn|p2a: Aegislash|Protect\n|move|p1a: Toxapex|Knock Off|p2a: Aegislash\n|-activate|p2a: Aegislash|move: Protect\n|-unboost|p1a: Toxapex|atk|1\n|\n|-heal|p2a: Aegislash|69\/100|[from] item: Leftovers\n|-heal|p1a: Toxapex|97\/100|[from] item: Black Sludge\n|upkeep\n|turn|15\n|\n|t:|1643782315\n|move|p2a: Aegislash|Substitute|p2a: Aegislash\n|-start|p2a: Aegislash|Substitute\n|-damage|p2a: Aegislash|44\/100\n|move|p1a: Toxapex|Knock Off|p2a: Aegislash\n|-supereffective|p2a: Aegislash\n|-activate|p2a: Aegislash|move: Substitute|[damage]\n|\n|-heal|p2a: Aegislash|50\/100|[from] item: Leftovers\n|-heal|p1a: Toxapex|100\/100|[from] item: Black Sludge\n|upkeep\n|turn|16\n|\n|t:|1643782325\n|switch|p1a: Blissey|Blissey, F|100\/100\n|move|p2a: Aegislash|King's Shield||[still]\n|-fail|p2a: Aegislash\n|\n|-heal|p2a: Aegislash|56\/100|[from] item: Leftovers\n|upkeep\n|turn|17\n|\n|t:|1643782332\n|switch|p1a: Toxapex|Toxapex, M|100\/100\n|-damage|p1a: Toxapex|88\/100|[from] Stealth Rock\n|-formechange|p2a: Aegislash|Aegislash-Blade||[from] ability: Stance Change\n|move|p2a: Aegislash|Shadow Ball|p1a: Toxapex\n|-damage|p1a: Toxapex|59\/100\n|-unboost|p1a: Toxapex|spd|1\n|\n|-heal|p2a: Aegislash|62\/100|[from] item: Leftovers\n|-heal|p1a: Toxapex|66\/100|[from] item: Black Sludge\n|upkeep\n|turn|18\n|\n|t:|1643782349\n|move|p2a: Aegislash|Shadow Ball|p1a: Toxapex\n|-damage|p1a: Toxapex|16\/100\n|-unboost|p1a: Toxapex|spd|1\n|move|p1a: Toxapex|Recover|p1a: Toxapex\n|-heal|p1a: Toxapex|66\/100\n|\n|-heal|p2a: Aegislash|68\/100|[from] item: Leftovers\n|-heal|p1a: Toxapex|72\/100|[from] item: Black Sludge\n|upkeep\n|turn|19\n|\n|t:|1643782360\n|switch|p1a: Blissey|Blissey, F|100\/100\n|move|p2a: Aegislash|Shadow Ball|p1a: Blissey\n|-immune|p1a: Blissey\n|\n|-heal|p2a: Aegislash|75\/100|[from] item: Leftovers\n|upkeep\n|turn|20\n|\n|t:|1643782369\n|switch|p1a: Toxapex|Toxapex, M|100\/100\n|-damage|p1a: Toxapex|88\/100|[from] Stealth Rock\n|move|p2a: Aegislash|Toxic|p1a: Toxapex\n|-immune|p1a: Toxapex\n|\n|-heal|p2a: Aegislash|81\/100|[from] item: Leftovers\n|-heal|p1a: Toxapex|94\/100|[from] item: Black Sludge\n|upkeep\n|turn|21\n|\n|t:|1643782379\n|-formechange|p2a: Aegislash|Aegislash||[from] ability: Stance Change\n|move|p2a: Aegislash|King's Shield|p2a: Aegislash\n|-singleturn|p2a: Aegislash|Protect\n|move|p1a: Toxapex|Knock Off|p2a: Aegislash\n|-activate|p2a: Aegislash|move: Protect\n|-unboost|p1a: Toxapex|atk|1\n|\n|-heal|p2a: Aegislash|87\/100|[from] item: Leftovers\n|-heal|p1a: Toxapex|100\/100|[from] item: Black Sludge\n|upkeep\n|turn|22\n|\n|t:|1643782395\n|-formechange|p2a: Aegislash|Aegislash-Blade||[from] ability: Stance Change\n|move|p2a: Aegislash|Shadow Ball|p1a: Toxapex\n|-damage|p1a: Toxapex|70\/100\n|move|p1a: Toxapex|Knock Off|p2a: Aegislash\n|-supereffective|p2a: Aegislash\n|-end|p2a: Aegislash|Substitute\n|\n|-heal|p2a: Aegislash|93\/100|[from] item: Leftovers\n|-heal|p1a: Toxapex|76\/100|[from] item: Black Sludge\n|upkeep\n|turn|23\n|l| max cape\n|j| max cape\n|\n|t:|1643782407\n|-formechange|p2a: Aegislash|Aegislash||[from] ability: Stance Change\n|move|p2a: Aegislash|King's Shield|p2a: Aegislash\n|-singleturn|p2a: Aegislash|Protect\n|move|p1a: Toxapex|Knock Off|p2a: Aegislash\n|-activate|p2a: Aegislash|move: Protect\n|-unboost|p1a: Toxapex|atk|1\n|\n|-heal|p2a: Aegislash|99\/100|[from] item: Leftovers\n|-heal|p1a: Toxapex|82\/100|[from] item: Black Sludge\n|upkeep\n|turn|24\n|l| max cape\n|\n|t:|1643782420\n|move|p2a: Aegislash|Substitute|p2a: Aegislash\n|-start|p2a: Aegislash|Substitute\n|-damage|p2a: Aegislash|74\/100\n|move|p1a: Toxapex|Haze|p1a: Toxapex\n|-clearallboost\n|\n|-heal|p2a: Aegislash|80\/100|[from] item: Leftovers\n|-heal|p1a: Toxapex|88\/100|[from] item: Black Sludge\n|upkeep\n|turn|25\n|\n|t:|1643782437\n|-formechange|p2a: Aegislash|Aegislash-Blade||[from] ability: Stance Change\n|move|p2a: Aegislash|Shadow Ball|p1a: Toxapex\n|-damage|p1a: Toxapex|59\/100\n|move|p1a: Toxapex|Knock Off|p2a: Aegislash\n|-supereffective|p2a: Aegislash\n|-end|p2a: Aegislash|Substitute\n|\n|-heal|p2a: Aegislash|87\/100|[from] item: Leftovers\n|-heal|p1a: Toxapex|66\/100|[from] item: Black Sludge\n|upkeep\n|turn|26\n|\n|t:|1643782449\n|switch|p2a: Zapdos|Zapdos, shiny|100\/100\n|move|p1a: Toxapex|Knock Off|p2a: Zapdos\n|-damage|p2a: Zapdos|89\/100\n|-status|p1a: Toxapex|par|[from] ability: Static|[of] p2a: Zapdos\n|-enditem|p2a: Zapdos|Heavy-Duty Boots|[from] move: Knock Off|[of] p1a: Toxapex\n|\n|-heal|p1a: Toxapex|72\/100 par|[from] item: Black Sludge\n|upkeep\n|turn|27\n|\n|t:|1643782459\n|switch|p1a: Blissey|Blissey, F|100\/100\n|move|p2a: Zapdos|Defog|p1a: Blissey\n|-unboost|p1a: Blissey|evasion|1\n|-sideend|p1: kokoukohiro|Stealth Rock|[from] move: Defog|[of] p2a: Zapdos\n|-sideend|p2: Magesty|Toxic Spikes|[from] move: Defog|[of] p2a: Zapdos\n|\n|upkeep\n|turn|28\n|\n|t:|1643782467\n|move|p2a: Zapdos|Volt Switch|p1a: Blissey\n|-damage|p1a: Blissey|93\/100\n|\n|t:|1643782472\n|switch|p2a: Tyranitar|Tyranitar, M|94\/100|[from]move: Volt Switch\n|-weather|Sandstorm|[from] ability: Sand Stream|[of] p2a: Tyranitar\n|move|p1a: Blissey|Aromatherapy|p1a: Blissey\n|-activate|p1a: Blissey|move: Aromatherapy\n|-curestatus|p1: Toxapex|par|[msg]\n|\n|-weather|Sandstorm|[upkeep]\n|-damage|p1a: Blissey|87\/100|[from] Sandstorm\n|upkeep\n|turn|29\n|j| Ursalunah\n|\n|t:|1643782483\n|switch|p1a: Toxapex|Toxapex, M|100\/100\n|move|p2a: Tyranitar|Stealth Rock|p1a: Toxapex\n|-sidestart|p1: kokoukohiro|move: Stealth Rock\n|\n|-weather|Sandstorm|[upkeep]\n|-damage|p1a: Toxapex|94\/100|[from] Sandstorm\n|-heal|p1a: Toxapex|100\/100|[from] item: Black Sludge\n|upkeep\n|turn|30\n|\n|t:|1643782503\n|switch|p2a: Tapu Fini|Tapu Fini|100\/100\n|-fieldstart|move: Misty Terrain|[from] ability: Misty Surge|[of] p2a: Tapu Fini\n|move|p1a: Toxapex|Toxic Spikes|p2a: Tapu Fini\n|-sidestart|p2: Magesty|move: Toxic Spikes\n|\n|-weather|Sandstorm|[upkeep]\n|-damage|p2a: Tapu Fini|94\/100|[from] Sandstorm\n|-damage|p1a: Toxapex|94\/100|[from] Sandstorm\n|-heal|p2a: Tapu Fini|100\/100|[from] item: Leftovers\n|-heal|p1a: Toxapex|100\/100|[from] item: Black Sludge\n|upkeep\n|turn|31\n|\n|t:|1643782514\n|move|p2a: Tapu Fini|Whirlpool|p1a: Toxapex|[miss]\n|-miss|p2a: Tapu Fini|p1a: Toxapex\n|move|p1a: Toxapex|Toxic Spikes|p2a: Tapu Fini\n|-sidestart|p2: Magesty|move: Toxic Spikes\n|\n|-weather|Sandstorm|[upkeep]\n|-damage|p2a: Tapu Fini|94\/100|[from] Sandstorm\n|-damage|p1a: Toxapex|94\/100|[from] Sandstorm\n|-heal|p2a: Tapu Fini|100\/100|[from] item: Leftovers\n|-heal|p1a: Toxapex|100\/100|[from] item: Black Sludge\n|upkeep\n|turn|32\n|\n|t:|1643782524\n|switch|p1a: Shedinja|Shedinja|100\/100\n|move|p2a: Tapu Fini|Whirlpool|p1a: Shedinja\n|-immune|p1a: Shedinja|[from] ability: Wonder Guard\n|\n|-weather|none\n|upkeep\n|turn|33\n|\n|t:|1643782537\n|switch|p2a: Zapdos|Zapdos, shiny|89\/100\n|switch|p1a: Quagsire|Quagsire, F|95\/100\n|-damage|p1a: Quagsire|89\/100|[from] Stealth Rock\n|\n|-heal|p1a: Quagsire|95\/100|[from] item: Leftovers\n|upkeep\n|turn|34\n|\n|t:|1643782546\n|move|p2a: Zapdos|Defog|p1a: Quagsire\n|-unboost|p1a: Quagsire|evasion|1\n|-sideend|p1: kokoukohiro|Stealth Rock|[from] move: Defog|[of] p2a: Zapdos\n|-sideend|p2: Magesty|Toxic Spikes|[from] move: Defog|[of] p2a: Zapdos\n|-fieldend|Misty Terrain\n|move|p1a: Quagsire|Toxic|p2a: Zapdos\n|-status|p2a: Zapdos|tox\n|\n|-heal|p1a: Quagsire|100\/100|[from] item: Leftovers\n|-damage|p2a: Zapdos|83\/100 tox|[from] psn\n|upkeep\n|turn|35\n|\n|t:|1643782557\n|switch|p2a: Tapu Fini|Tapu Fini|100\/100\n|-fieldstart|move: Misty Terrain|[from] ability: Misty Surge|[of] p2a: Tapu Fini\n|switch|p1a: Blissey|Blissey, F|87\/100\n|\n|upkeep\n|turn|36\n|\n|t:|1643782569\n|switch|p1a: Toxapex|Toxapex, M|100\/100\n|move|p2a: Tapu Fini|Nature's Madness|p1a: Toxapex\n|-damage|p1a: Toxapex|50\/100\n|\n|-heal|p1a: Toxapex|57\/100|[from] item: Black Sludge\n|upkeep\n|turn|37\n|\n|t:|1643782577\n|move|p2a: Tapu Fini|Taunt|p1a: Toxapex\n|-start|p1a: Toxapex|move: Taunt\n|cant|p1a: Toxapex|move: Taunt|Recover\n|\n|-heal|p1a: Toxapex|63\/100|[from] item: Black Sludge\n|upkeep\n|turn|38\n|\n|t:|1643782590\n|switch|p2a: Rillaboom|Rillaboom, M|100\/100\n|-fieldstart|move: Grassy Terrain|[from] ability: Grassy Surge|[of] p2a: Rillaboom\n|move|p1a: Toxapex|Knock Off|p2a: Rillaboom\n|-damage|p2a: Rillaboom|90\/100\n|\n|-heal|p2a: Rillaboom|96\/100|[from] Grassy Terrain\n|-heal|p1a: Toxapex|69\/100|[from] Grassy Terrain\n|-heal|p1a: Toxapex|75\/100|[from] item: Black Sludge\n|upkeep\n|turn|39\n|\n|t:|1643782608\n|switch|p2a: Tyranitar|Tyranitar, M|94\/100\n|-weather|Sandstorm|[from] ability: Sand Stream|[of] p2a: Tyranitar\n|switch|p1a: Zapdos|Zapdos|100\/100\n|-ability|p1a: Zapdos|Pressure\n|\n|-weather|Sandstorm|[upkeep]\n|-damage|p1a: Zapdos|94\/100|[from] Sandstorm\n|-heal|p2a: Tyranitar|99\/100|[from] Grassy Terrain\n|upkeep\n|turn|40\n|\n|t:|1643782620\n|switch|p1a: Quagsire|Quagsire, F|100\/100\n|move|p2a: Tyranitar|Stealth Rock|p1a: Quagsire\n|-sidestart|p1: kokoukohiro|move: Stealth Rock\n|\n|-weather|Sandstorm|[upkeep]\n|-heal|p2a: Tyranitar|100\/100|[from] Grassy Terrain\n|upkeep\n|turn|41\n|\n|t:|1643782630\n|switch|p2a: Tapu Fini|Tapu Fini|100\/100\n|-fieldstart|move: Misty Terrain|[from] ability: Misty Surge|[of] p2a: Tapu Fini\n|move|p1a: Quagsire|Toxic|p2a: Tapu Fini\n|-activate|p2a: Tapu Fini|move: Misty Terrain\n|\n|-weather|Sandstorm|[upkeep]\n|-damage|p2a: Tapu Fini|94\/100|[from] Sandstorm\n|-heal|p2a: Tapu Fini|100\/100|[from] item: Leftovers\n|upkeep\n|turn|42\n|\n|t:|1643782640\n|switch|p1a: Toxapex|Toxapex, M|100\/100\n|-damage|p1a: Toxapex|88\/100|[from] Stealth Rock\n|move|p2a: Tapu Fini|Whirlpool|p1a: Toxapex|[miss]\n|-miss|p2a: Tapu Fini|p1a: Toxapex\n|\n|-weather|Sandstorm|[upkeep]\n|-damage|p2a: Tapu Fini|94\/100|[from] Sandstorm\n|-damage|p1a: Toxapex|82\/100|[from] Sandstorm\n|-heal|p2a: Tapu Fini|100\/100|[from] item: Leftovers\n|-heal|p1a: Toxapex|88\/100|[from] item: Black Sludge\n|upkeep\n|turn|43\n|\n|t:|1643782652\n|move|p2a: Tapu Fini|Taunt|p1a: Toxapex\n|-start|p1a: Toxapex|move: Taunt\n|move|p1a: Toxapex|Knock Off|p2a: Tapu Fini\n|-resisted|p2a: Tapu Fini\n|-damage|p2a: Tapu Fini|95\/100\n|-enditem|p2a: Tapu Fini|Leftovers|[from] move: Knock Off|[of] p1a: Toxapex\n|\n|-weather|none\n|-heal|p1a: Toxapex|94\/100|[from] item: Black Sludge\n|upkeep\n|turn|44\n|\n|t:|1643782664\n|switch|p2a: Tyranitar|Tyranitar, M|100\/100\n|-weather|Sandstorm|[from] ability: Sand Stream|[of] p2a: Tyranitar\n|move|p1a: Toxapex|Knock Off|p2a: Tyranitar\n|-resisted|p2a: Tyranitar\n|-damage|p2a: Tyranitar|97\/100\n|\n|-weather|Sandstorm|[upkeep]\n|-damage|p1a: Toxapex|88\/100|[from] Sandstorm\n|-heal|p1a: Toxapex|94\/100|[from] item: Black Sludge\n|upkeep\n|turn|45\n|\n|t:|1643782676\n|switch|p2a: Tapu Fini|Tapu Fini|95\/100\n|switch|p1a: Quagsire|Quagsire, F|100\/100\n|-damage|p1a: Quagsire|94\/100|[from] Stealth Rock\n|\n|-weather|Sandstorm|[upkeep]\n|-damage|p2a: Tapu Fini|89\/100|[from] Sandstorm\n|-heal|p1a: Quagsire|100\/100|[from] item: Leftovers\n|-fieldend|Misty Terrain\n|upkeep\n|turn|46\n|\n|t:|1643782687\n|switch|p2a: Aegislash|Aegislash, F|87\/100\n|move|p1a: Quagsire|Toxic|p2a: Aegislash\n|-immune|p2a: Aegislash\n|\n|-weather|Sandstorm|[upkeep]\n|-heal|p2a: Aegislash|93\/100|[from] item: Leftovers\n|upkeep\n|turn|47\n|\n|t:|1643782695\n|switch|p2a: Tapu Fini|Tapu Fini|89\/100\n|-fieldstart|move: Misty Terrain|[from] ability: Misty Surge|[of] p2a: Tapu Fini\n|switch|p1a: Toxapex|Toxapex, M|100\/100\n|-damage|p1a: Toxapex|88\/100|[from] Stealth Rock\n|\n|-weather|Sandstorm|[upkeep]\n|-damage|p2a: Tapu Fini|82\/100|[from] Sandstorm\n|-damage|p1a: Toxapex|82\/100|[from] Sandstorm\n|-heal|p1a: Toxapex|88\/100|[from] item: Black Sludge\n|upkeep\n|turn|48\n|\n|t:|1643782707\n|switch|p1a: Shedinja|Shedinja|100\/100\n|move|p2a: Tapu Fini|Whirlpool|p1a: Shedinja\n|-immune|p1a: Shedinja|[from] ability: Wonder Guard\n|\n|-weather|none\n|upkeep\n|turn|49\n|\n|t:|1643782715\n|switch|p2a: Tyranitar|Tyranitar, M|97\/100\n|-weather|Sandstorm|[from] ability: Sand Stream|[of] p2a: Tyranitar\n|switch|p1a: Toxapex|Toxapex, M|100\/100\n|-damage|p1a: Toxapex|88\/100|[from] Stealth Rock\n|\n|-weather|Sandstorm|[upkeep]\n|-damage|p1a: Toxapex|82\/100|[from] Sandstorm\n|-heal|p1a: Toxapex|88\/100|[from] item: Black Sludge\n|upkeep\n|turn|50\n|\n|t:|1643782731\n|switch|p2a: Tapu Fini|Tapu Fini|82\/100\n|move|p1a: Toxapex|Toxic Spikes|p2a: Tapu Fini\n|-sidestart|p2: Magesty|move: Toxic Spikes\n|\n|-weather|Sandstorm|[upkeep]\n|-damage|p2a: Tapu Fini|76\/100|[from] Sandstorm\n|-damage|p1a: Toxapex|82\/100|[from] Sandstorm\n|-heal|p1a: Toxapex|88\/100|[from] item: Black Sludge\n|upkeep\n|turn|51\n|\n|t:|1643782745\n|move|p2a: Tapu Fini|Whirlpool|p1a: Toxapex\n|-resisted|p1a: Toxapex\n|-damage|p1a: Toxapex|83\/100\n|-activate|p1a: Toxapex|move: Whirlpool|[of] p2a: Tapu Fini\n|move|p1a: Toxapex|Knock Off|p2a: Tapu Fini\n|-resisted|p2a: Tapu Fini\n|-crit|p2a: Tapu Fini\n|-damage|p2a: Tapu Fini|70\/100\n|\n|-weather|Sandstorm|[upkeep]\n|-damage|p2a: Tapu Fini|64\/100|[from] Sandstorm\n|-damage|p1a: Toxapex|77\/100|[from] Sandstorm\n|-heal|p1a: Toxapex|83\/100|[from] item: Black Sludge\n|-damage|p1a: Toxapex|71\/100|[from] move: Whirlpool|[partiallytrapped]\n|-fieldend|Misty Terrain\n|upkeep\n|turn|52\n|\n|t:|1643782757\n|move|p2a: Tapu Fini|Taunt|p1a: Toxapex\n|-start|p1a: Toxapex|move: Taunt\n|cant|p1a: Toxapex|move: Taunt|Toxic Spikes\n|\n|-weather|Sandstorm|[upkeep]\n|-damage|p2a: Tapu Fini|57\/100|[from] Sandstorm\n|-damage|p1a: Toxapex|64\/100|[from] Sandstorm\n|-heal|p1a: Toxapex|71\/100|[from] item: Black Sludge\n|-damage|p1a: Toxapex|58\/100|[from] move: Whirlpool|[partiallytrapped]\n|upkeep\n|turn|53\n|\n|t:|1643782767\n|move|p2a: Tapu Fini|Nature's Madness|p1a: Toxapex\n|-damage|p1a: Toxapex|29\/100\n|move|p1a: Toxapex|Knock Off|p2a: Tapu Fini\n|-resisted|p2a: Tapu Fini\n|-damage|p2a: Tapu Fini|53\/100\n|\n|-weather|none\n|-heal|p1a: Toxapex|36\/100|[from] item: Black Sludge\n|-damage|p1a: Toxapex|23\/100|[from] move: Whirlpool|[partiallytrapped]\n|upkeep\n|turn|54\n|\n|t:|1643782777\n|move|p2a: Tapu Fini|Nature's Madness|p1a: Toxapex\n|-damage|p1a: Toxapex|12\/100\n|move|p1a: Toxapex|Knock Off|p2a: Tapu Fini\n|-resisted|p2a: Tapu Fini\n|-damage|p2a: Tapu Fini|49\/100\n|\n|-heal|p1a: Toxapex|18\/100|[from] item: Black Sludge\n|-damage|p1a: Toxapex|6\/100|[from] move: Whirlpool|[partiallytrapped]\n|-end|p1a: Toxapex|move: Taunt\n|upkeep\n|turn|55\n|\n|t:|1643782787\n|move|p2a: Tapu Fini|Taunt|p1a: Toxapex\n|-start|p1a: Toxapex|move: Taunt\n|cant|p1a: Toxapex|move: Taunt|Toxic Spikes\n|\n|-heal|p1a: Toxapex|12\/100|[from] item: Black Sludge\n|-damage|p1a: Toxapex|0 fnt|[from] move: Whirlpool|[partiallytrapped]\n|faint|p1a: Toxapex\n|upkeep\n|\n|t:|1643782797\n|switch|p1a: Zapdos|Zapdos|94\/100\n|-ability|p1a: Zapdos|Pressure\n|turn|56\n|\n|t:|1643782814\n|switch|p2a: Aegislash|Aegislash, F|93\/100\n|move|p1a: Zapdos|Thunderbolt|p2a: Aegislash\n|-damage|p2a: Aegislash|71\/100\n|-status|p2a: Aegislash|par\n|\n|-heal|p2a: Aegislash|77\/100 par|[from] item: Leftovers\n|upkeep\n|turn|57\n|\n|t:|1643782823\n|move|p1a: Zapdos|Heat Wave|p2a: Aegislash\n|-supereffective|p2a: Aegislash\n|-damage|p2a: Aegislash|45\/100 par\n|move|p2a: Aegislash|Toxic|p1a: Zapdos\n|-status|p1a: Zapdos|tox\n|\n|-heal|p2a: Aegislash|51\/100 par|[from] item: Leftovers\n|-damage|p1a: Zapdos|88\/100 tox|[from] psn\n|upkeep\n|turn|58\n|\n|t:|1643782836\n|switch|p1a: Blissey|Blissey, F|87\/100\n|switch|p2a: Zapdos|Zapdos, shiny|83\/100 tox\n|\n|-damage|p2a: Zapdos|77\/100 tox|[from] psn\n|upkeep\n|turn|59\n|\n|t:|1643782844\n|move|p2a: Zapdos|Defog|p1a: Blissey\n|-unboost|p1a: Blissey|evasion|1\n|-sideend|p1: kokoukohiro|Stealth Rock|[from] move: Defog|[of] p2a: Zapdos\n|-sideend|p2: Magesty|Toxic Spikes|[from] move: Defog|[of] p2a: Zapdos\n|move|p1a: Blissey|Aromatherapy|p1a: Blissey\n|-activate|p1a: Blissey|move: Aromatherapy\n|-curestatus|p1: Zapdos|tox|[msg]\n|\n|-damage|p2a: Zapdos|64\/100 tox|[from] psn\n|upkeep\n|turn|60\n|\n|t:|1643782854\n|switch|p2a: Tyranitar|Tyranitar, M|97\/100\n|-weather|Sandstorm|[from] ability: Sand Stream|[of] p2a: Tyranitar\n|switch|p1a: Quagsire|Quagsire, F|100\/100\n|\n|-weather|Sandstorm|[upkeep]\n|upkeep\n|turn|61\n|\n|t:|1643782865\n|move|p2a: Tyranitar|Stealth Rock|p1a: Quagsire\n|-sidestart|p1: kokoukohiro|move: Stealth Rock\n|move|p1a: Quagsire|Earthquake|p2a: Tyranitar\n|-supereffective|p2a: Tyranitar\n|-damage|p2a: Tyranitar|49\/100\n|\n|-weather|Sandstorm|[upkeep]\n|upkeep\n|turn|62\n|\n|t:|1643782875\n|switch|p2a: Tapu Fini|Tapu Fini|49\/100\n|-fieldstart|move: Misty Terrain|[from] ability: Misty Surge|[of] p2a: Tapu Fini\n|move|p1a: Quagsire|Toxic|p2a: Tapu Fini\n|-activate|p2a: Tapu Fini|move: Misty Terrain\n|\n|-weather|Sandstorm|[upkeep]\n|-damage|p2a: Tapu Fini|43\/100|[from] Sandstorm\n|upkeep\n|turn|63\n|\n|t:|1643782894\n|move|p2a: Tapu Fini|Nature's Madness|p1a: Quagsire\n|-damage|p1a: Quagsire|50\/100\n|move|p1a: Quagsire|Earthquake|p2a: Tapu Fini\n|-damage|p2a: Tapu Fini|20\/100\n|\n|-weather|Sandstorm|[upkeep]\n|-damage|p2a: Tapu Fini|14\/100|[from] Sandstorm\n|-heal|p1a: Quagsire|57\/100|[from] item: Leftovers\n|upkeep\n|turn|64\n|\n|t:|1643782904\n|move|p2a: Tapu Fini|Taunt|p1a: Quagsire\n|-start|p1a: Quagsire|move: Taunt\n|cant|p1a: Quagsire|move: Taunt|Recover\n|\n|-weather|none\n|-heal|p1a: Quagsire|63\/100|[from] item: Leftovers\n|upkeep\n|turn|65\n|\n|t:|1643782911\n|switch|p1a: Shedinja|Shedinja|100\/100\n|move|p2a: Tapu Fini|Nature's Madness|p1a: Shedinja\n|-immune|p1a: Shedinja|[from] ability: Wonder Guard\n|\n|upkeep\n|turn|66\n|\n|t:|1643782918\n|switch|p1a: Quagsire|Quagsire, F|63\/100\n|-damage|p1a: Quagsire|57\/100|[from] Stealth Rock\n|move|p2a: Tapu Fini|Nature's Madness|p1a: Quagsire\n|-damage|p1a: Quagsire|29\/100\n|\n|-heal|p1a: Quagsire|35\/100|[from] item: Leftovers\n|-fieldend|Misty Terrain\n|upkeep\n|turn|67\n|\n|t:|1643782928\n|move|p2a: Tapu Fini|Taunt|p1a: Quagsire\n|-start|p1a: Quagsire|move: Taunt\n|cant|p1a: Quagsire|move: Taunt|Recover\n|\n|-heal|p1a: Quagsire|41\/100|[from] item: Leftovers\n|upkeep\n|turn|68\n|\n|t:|1643782935\n|move|p2a: Tapu Fini|Nature's Madness|p1a: Quagsire\n|-damage|p1a: Quagsire|21\/100\n|move|p1a: Quagsire|Earthquake|p2a: Tapu Fini\n|-damage|p2a: Tapu Fini|0 fnt\n|faint|p2a: Tapu Fini\n|\n|-heal|p1a: Quagsire|27\/100|[from] item: Leftovers\n|upkeep\n|\n|t:|1643782959\n|switch|p2a: Dragapult|Dragapult, F, shiny|100\/100\n|turn|69\n|\n|t:|1643782976\n|switch|p1a: Clefable|Clefable, M|100\/100\n|move|p2a: Dragapult|Dragon Darts|p1a: Clefable\n|-immune|p1a: Clefable\n|\n|upkeep\n|turn|70\n|\n|t:|1643782992\n|switch|p2a: Aegislash|Aegislash, F|51\/100 par\n|switch|p1a: Quagsire|Quagsire, F|27\/100\n|-damage|p1a: Quagsire|21\/100|[from] Stealth Rock\n|\n|-heal|p1a: Quagsire|27\/100|[from] item: Leftovers\n|-heal|p2a: Aegislash|58\/100 par|[from] item: Leftovers\n|upkeep\n|turn|71\n|\n|t:|1643783003\n|move|p1a: Quagsire|Recover|p1a: Quagsire\n|-heal|p1a: Quagsire|77\/100\n|move|p2a: Aegislash|Toxic|p1a: Quagsire\n|-status|p1a: Quagsire|tox\n|\n|-heal|p1a: Quagsire|83\/100 tox|[from] item: Leftovers\n|-heal|p2a: Aegislash|64\/100 par|[from] item: Leftovers\n|-damage|p1a: Quagsire|77\/100 tox|[from] psn\n|upkeep\n|turn|72\n|\n|t:|1643783014\n|switch|p1a: Blissey|Blissey, F|87\/100\n|switch|p2a: Rillaboom|Rillaboom, M|96\/100\n|-fieldstart|move: Grassy Terrain|[from] ability: Grassy Surge|[of] p2a: Rillaboom\n|\n|-heal|p2a: Rillaboom|100\/100|[from] Grassy Terrain\n|-heal|p1a: Blissey|93\/100|[from] Grassy Terrain\n|upkeep\n|turn|73\n|\n|t:|1643783026\n|switch|p1a: Zapdos|Zapdos|88\/100\n|-ability|p1a: Zapdos|Pressure\n|move|p2a: Rillaboom|Swords Dance|p2a: Rillaboom\n|-boost|p2a: Rillaboom|atk|2\n|\n|upkeep\n|turn|74\n|\n|t:|1643783038\n|switch|p2a: Tyranitar|Tyranitar, M|49\/100\n|-weather|Sandstorm|[from] ability: Sand Stream|[of] p2a: Tyranitar\n|move|p1a: Zapdos|Heat Wave|p2a: Tyranitar\n|-resisted|p2a: Tyranitar\n|-damage|p2a: Tyranitar|41\/100\n|-status|p2a: Tyranitar|brn\n|\n|-weather|Sandstorm|[upkeep]\n|-damage|p1a: Zapdos|82\/100|[from] Sandstorm\n|-heal|p2a: Tyranitar|47\/100 brn|[from] Grassy Terrain\n|-damage|p2a: Tyranitar|41\/100 brn|[from] brn\n|upkeep\n|turn|75\n|\n|t:|1643783051\n|move|p1a: Zapdos|Defog|p2a: Tyranitar\n|-unboost|p2a: Tyranitar|evasion|1\n|-sideend|p1: kokoukohiro|Stealth Rock|[from] move: Defog|[of] p1a: Zapdos\n|-fieldend|move: Grassy Terrain\n|move|p2a: Tyranitar|Ice Beam|p1a: Zapdos\n|-supereffective|p1a: Zapdos\n|-damage|p1a: Zapdos|24\/100\n|\n|-weather|Sandstorm|[upkeep]\n|-damage|p1a: Zapdos|18\/100|[from] Sandstorm\n|-damage|p2a: Tyranitar|35\/100 brn|[from] brn\n|upkeep\n|turn|76\n|j| vip10086\n|\n|t:|1643783061\n|move|p1a: Zapdos|Roost|p1a: Zapdos\n|-heal|p1a: Zapdos|68\/100\n|-singleturn|p1a: Zapdos|move: Roost\n|move|p2a: Tyranitar|Ice Beam|p1a: Zapdos\n|-damage|p1a: Zapdos|40\/100\n|\n|-weather|Sandstorm|[upkeep]\n|-damage|p1a: Zapdos|33\/100|[from] Sandstorm\n|-damage|p2a: Tyranitar|29\/100 brn|[from] brn\n|upkeep\n|turn|77\n|\n|t:|1643783072\n|move|p1a: Zapdos|Roost|p1a: Zapdos\n|-heal|p1a: Zapdos|83\/100\n|-singleturn|p1a: Zapdos|move: Roost\n|move|p2a: Tyranitar|Ice Beam|p1a: Zapdos\n|-damage|p1a: Zapdos|57\/100\n|\n|-weather|Sandstorm|[upkeep]\n|-damage|p1a: Zapdos|51\/100|[from] Sandstorm\n|-damage|p2a: Tyranitar|23\/100 brn|[from] brn\n|upkeep\n|turn|78\n|\n|t:|1643783083\n|move|p1a: Zapdos|Roost|p1a: Zapdos\n|-heal|p1a: Zapdos|100\/100\n|-singleturn|p1a: Zapdos|move: Roost\n|move|p2a: Tyranitar|Earthquake|p1a: Zapdos\n|-supereffective|p1a: Zapdos\n|-crit|p1a: Zapdos\n|-damage|p1a: Zapdos|70\/100\n|\n|-weather|none\n|-damage|p2a: Tyranitar|17\/100 brn|[from] brn\n|upkeep\n|turn|79\n|\n|t:|1643783093\n|move|p1a: Zapdos|Thunderbolt|p2a: Tyranitar\n|-damage|p2a: Tyranitar|0 fnt\n|faint|p2a: Tyranitar\n|\n|upkeep\n|inactive|Magesty has 120 seconds left.\n|\n|t:|1643783132\n|switch|p2a: Aegislash|Aegislash, F|64\/100 par\n|turn|80\n|\n|t:|1643783135\n|move|p1a: Zapdos|Heat Wave|p2a: Aegislash\n|-supereffective|p2a: Aegislash\n|-damage|p2a: Aegislash|30\/100 par\n|-formechange|p2a: Aegislash|Aegislash-Blade||[from] ability: Stance Change\n|move|p2a: Aegislash|Shadow Ball|p1a: Zapdos\n|-damage|p1a: Zapdos|34\/100\n|\n|-heal|p2a: Aegislash|37\/100 par|[from] item: Leftovers\n|upkeep\n|turn|81\n|\n|t:|1643783146\n|switch|p2a: Dragapult|Dragapult, F, shiny|100\/100\n|move|p1a: Zapdos|Roost|p1a: Zapdos\n|-heal|p1a: Zapdos|84\/100\n|-singleturn|p1a: Zapdos|move: Roost\n|\n|upkeep\n|turn|82\n|j| qpmsk\n|\n|t:|1643783158\n|switch|p1a: Clefable|Clefable, M|100\/100\n|move|p2a: Dragapult|Dragon Dance|p2a: Dragapult\n|-boost|p2a: Dragapult|atk|1\n|-boost|p2a: Dragapult|spe|1\n|\n|upkeep\n|turn|83\n|\n|t:|1643783165\n|move|p2a: Dragapult|Phantom Force||[still]\n|-prepare|p2a: Dragapult|Phantom Force\n|move|p1a: Clefable|Moonblast|p2a: Dragapult|[miss]\n|-miss|p1a: Clefable|p2a: Dragapult\n|\n|upkeep\n|turn|84\n|\n|t:|1643783182\n|move|p2a: Dragapult|Phantom Force|p1a: Clefable|[from]lockedmove\n|-damage|p1a: Clefable|47\/100\n|move|p1a: Clefable|Moonblast|p2a: Dragapult\n|-supereffective|p2a: Dragapult\n|-damage|p2a: Dragapult|11\/100\n|\n|upkeep\n|turn|85\n|inactive|Magesty has 120 seconds left.\n|\n|t:|1643783189\n|move|p2a: Dragapult|Dragon Dance|p2a: Dragapult\n|-boost|p2a: Dragapult|atk|1\n|-boost|p2a: Dragapult|spe|1\n|move|p1a: Clefable|Soft-Boiled|p1a: Clefable\n|-heal|p1a: Clefable|97\/100\n|\n|upkeep\n|turn|86\n|\n|t:|1643783199\n|move|p2a: Dragapult|Phantom Force||[still]\n|-prepare|p2a: Dragapult|Phantom Force\n|move|p1a: Clefable|Moonblast|p2a: Dragapult|[miss]\n|-miss|p1a: Clefable|p2a: Dragapult\n|\n|upkeep\n|turn|87\n|\n|t:|1643783205\n|move|p2a: Dragapult|Phantom Force|p1a: Clefable|[from]lockedmove\n|-damage|p1a: Clefable|45\/100\n|move|p1a: Clefable|Moonblast|p2a: Dragapult\n|-supereffective|p2a: Dragapult\n|-damage|p2a: Dragapult|0 fnt\n|-start|p1a: Clefable|Disable|Moonblast|[from] ability: Cursed Body|[of] p2a: Dragapult\n|faint|p2a: Dragapult\n|\n|upkeep\n|\n|t:|1643783215\n|switch|p2a: Rillaboom|Rillaboom, M|100\/100\n|-fieldstart|move: Grassy Terrain|[from] ability: Grassy Surge|[of] p2a: Rillaboom\n|turn|88\n|\n|t:|1643783221\n|move|p2a: Rillaboom|Swords Dance|p2a: Rillaboom\n|-boost|p2a: Rillaboom|atk|2\n|move|p1a: Clefable|Aromatherapy|p1a: Clefable\n|-activate|p1a: Clefable|move: Aromatherapy\n|-curestatus|p1: Quagsire|tox|[msg]\n|\n|-heal|p1a: Clefable|51\/100|[from] Grassy Terrain\n|upkeep\n|turn|89\n|\n|t:|1643783235\n|move|p2a: Rillaboom|Swords Dance|p2a: Rillaboom\n|-boost|p2a: Rillaboom|atk|2\n|move|p1a: Clefable|Soft-Boiled|p1a: Clefable\n|-heal|p1a: Clefable|100\/100\n|\n|upkeep\n|turn|90\n|\n|t:|1643783253\n|switch|p1a: Shedinja|Shedinja|100\/100\n|move|p2a: Rillaboom|Grassy Glide|p1a: Shedinja\n|-immune|p1a: Shedinja|[from] ability: Wonder Guard\n|\n|upkeep\n|turn|91\n|\n|t:|1643783260\n|move|p1a: Shedinja|Protect|p1a: Shedinja\n|-singleturn|p1a: Shedinja|Protect\n|move|p2a: Rillaboom|Acrobatics|p1a: Shedinja\n|-activate|p1a: Shedinja|move: Protect\n|\n|upkeep\n|turn|92\n|\n|t:|1643783266\n|switch|p1a: Zapdos|Zapdos|84\/100\n|-ability|p1a: Zapdos|Pressure\n|move|p2a: Rillaboom|Acrobatics|p1a: Zapdos\n|-resisted|p1a: Zapdos\n|-damage|p1a: Zapdos|46\/100\n|\n|-fieldend|move: Grassy Terrain\n|upkeep\n|turn|93\n|\n|t:|1643783276\n|move|p2a: Rillaboom|Acrobatics|p1a: Zapdos\n|-resisted|p1a: Zapdos\n|-damage|p1a: Zapdos|7\/100\n|move|p1a: Zapdos|Roost|p1a: Zapdos\n|-heal|p1a: Zapdos|57\/100\n|-singleturn|p1a: Zapdos|move: Roost\n|\n|upkeep\n|turn|94\n|\n|t:|1643783284\n|move|p2a: Rillaboom|Swords Dance|p2a: Rillaboom\n|-boost|p2a: Rillaboom|atk|2\n|move|p1a: Zapdos|Heat Wave|p2a: Rillaboom\n|-supereffective|p2a: Rillaboom\n|-damage|p2a: Rillaboom|33\/100\n|-status|p2a: Rillaboom|brn\n|\n|-damage|p2a: Rillaboom|27\/100 brn|[from] brn\n|upkeep\n|turn|95\n|c|\u2606Magesty|Hax\n|l| qpmsk\n|c|\u2606Magesty|Diablo\n|inactive|Magesty has 120 seconds left.\n|l| Ursalunah\n|j| Ursalunah\n|\n|t:|1643783338\n|move|p2a: Rillaboom|Acrobatics|p1a: Zapdos\n|-resisted|p1a: Zapdos\n|-damage|p1a: Zapdos|30\/100\n|move|p1a: Zapdos|Roost|p1a: Zapdos\n|-heal|p1a: Zapdos|80\/100\n|-singleturn|p1a: Zapdos|move: Roost\n|\n|-damage|p2a: Rillaboom|20\/100 brn|[from] brn\n|upkeep\n|turn|96\n|\n|t:|1643783347\n|move|p2a: Rillaboom|Acrobatics|p1a: Zapdos\n|-resisted|p1a: Zapdos\n|-damage|p1a: Zapdos|56\/100\n|move|p1a: Zapdos|Roost|p1a: Zapdos\n|-heal|p1a: Zapdos|100\/100\n|-singleturn|p1a: Zapdos|move: Roost\n|\n|-damage|p2a: Rillaboom|14\/100 brn|[from] brn\n|upkeep\n|turn|97\n|\n|t:|1643783357\n|move|p2a: Rillaboom|Acrobatics|p1a: Zapdos\n|-resisted|p1a: Zapdos\n|-damage|p1a: Zapdos|74\/100\n|move|p1a: Zapdos|Heat Wave|p2a: Rillaboom\n|-supereffective|p2a: Rillaboom\n|-damage|p2a: Rillaboom|0 fnt\n|faint|p2a: Rillaboom\n|\n|upkeep\n|\n|t:|1643783367\n|switch|p2a: Aegislash|Aegislash, F|37\/100 par\n|turn|98\n|\n|t:|1643783370\n|move|p1a: Zapdos|Heat Wave|p2a: Aegislash\n|-supereffective|p2a: Aegislash\n|-damage|p2a: Aegislash|2\/100 par\n|move|p2a: Aegislash|Toxic|p1a: Zapdos\n|-status|p1a: Zapdos|tox\n|\n|-heal|p2a: Aegislash|8\/100 par|[from] item: Leftovers\n|-damage|p1a: Zapdos|68\/100 tox|[from] psn\n|upkeep\n|turn|99\n|j| qpmsk\n|\n|t:|1643783379\n|switch|p1a: Blissey|Blissey, F|93\/100\n|move|p2a: Aegislash|Toxic|p1a: Blissey\n|-status|p1a: Blissey|tox\n|\n|-heal|p2a: Aegislash|14\/100 par|[from] item: Leftovers\n|-damage|p1a: Blissey|87\/100 tox|[from] psn\n|upkeep\n|turn|100\n|l| qpmsk\n|\n|t:|1643783388\n|move|p1a: Blissey|Aromatherapy|p1a: Blissey\n|-activate|p1a: Blissey|move: Aromatherapy\n|-curestatus|p1a: Blissey|tox|[msg]\n|-curestatus|p1: Zapdos|tox|[msg]\n|-formechange|p2a: Aegislash|Aegislash-Blade||[from] ability: Stance Change\n|move|p2a: Aegislash|Shadow Ball|p1a: Blissey\n|-immune|p1a: Blissey\n|\n|-heal|p2a: Aegislash|21\/100 par|[from] item: Leftovers\n|upkeep\n|turn|101\n|\n|t:|1643783400\n|move|p1a: Blissey|Seismic Toss|p2a: Aegislash\n|-immune|p2a: Aegislash\n|move|p2a: Aegislash|Shadow Ball|p1a: Blissey\n|-immune|p1a: Blissey\n|\n|-heal|p2a: Aegislash|27\/100 par|[from] item: Leftovers\n|upkeep\n|turn|102\n|\n|t:|1643783410\n|switch|p1a: Zapdos|Zapdos|68\/100\n|-ability|p1a: Zapdos|Pressure\n|move|p2a: Aegislash|Shadow Ball|p1a: Zapdos\n|-damage|p1a: Zapdos|29\/100\n|\n|-heal|p2a: Aegislash|33\/100 par|[from] item: Leftovers\n|upkeep\n|turn|103\n|\n|t:|1643783419\n|move|p1a: Zapdos|Heat Wave|p2a: Aegislash\n|-supereffective|p2a: Aegislash\n|-damage|p2a: Aegislash|0 fnt\n|faint|p2a: Aegislash\n|\n|upkeep\n|\n|t:|1643783425\n|switch|p2a: Zapdos|Zapdos, shiny|64\/100 tox\n|turn|104\n|\n|t:|1643783428\n|move|p1a: Zapdos|Roost|p1a: Zapdos\n|-heal|p1a: Zapdos|79\/100\n|-singleturn|p1a: Zapdos|move: Roost\n|move|p2a: Zapdos|Defog|p1a: Zapdos\n|-unboost|p1a: Zapdos|evasion|1\n|\n|-damage|p2a: Zapdos|58\/100 tox|[from] psn\n|upkeep\n|turn|105\n|\n|t:|1643783437\n|move|p2a: Zapdos|Defog|p1a: Zapdos\n|-unboost|p1a: Zapdos|evasion|1\n|move|p1a: Zapdos|Thunderbolt|p2a: Zapdos\n|-damage|p2a: Zapdos|21\/100 tox\n|\n|-damage|p2a: Zapdos|8\/100 tox|[from] psn\n|upkeep\n|turn|106\n|\n|t:|1643783445\n|move|p2a: Zapdos|Defog|p1a: Zapdos\n|-unboost|p1a: Zapdos|evasion|1\n|move|p1a: Zapdos|Thunderbolt|p2a: Zapdos\n|-damage|p2a: Zapdos|0 fnt\n|faint|p2a: Zapdos\n|\n|win|kokoukohiro\n|raw|kokoukohiro's rating: 1600 &rarr; <strong>1619<\/strong><br \/>(+19 for winning)\n|raw|Magesty's rating: 1585 &rarr; <strong>1566<\/strong><br \/>(-19 for losing)\n|l|\u2606kokoukohiro\n","uploadtime":1643783461,"views":20,"p1id":"kokoukohiro","p2id":"magesty","formatid":"gen8ou","rating":1566,"private":0,"password":null}