{"id":"gen8bdspnu-1537860727","p1":"Bunjerman","p2":"Ill Leave","format":"gen8bdspnu","log":"|j|\u2606Bunjerman\n|j|\u2606Ill Leave\n|inactive|Battle timer is ON: inactive players will automatically lose when time's up.\n|t:|1648143175\n|gametype|singles\n|player|p1|Bunjerman|spenser-gen3|\n|player|p2|Ill Leave|janine|\n|teamsize|p1|6\n|teamsize|p2|6\n|gen|8\n|tier|[Gen 8 BDSP] NU\n|rated|Tournament battle\n|rule|Sleep Clause Mod: Limit one foe put to sleep\n|rule|Species Clause: Limit one of each Pok\u00e9mon\n|rule|OHKO Clause: OHKO moves are banned\n|rule|Evasion Moves Clause: Evasion moves are banned\n|rule|Endless Battle Clause: Forcing endless battles is banned\n|rule|HP Percentage Mod: HP is shown in percentages\n|clearpoke\n|poke|p1|Regigigas|\n|poke|p1|Muk, M|\n|poke|p1|Shiftry, M|\n|poke|p1|Dodrio, M|\n|poke|p1|Octillery, M|\n|poke|p1|Sandslash, F|\n|poke|p2|Skuntank, F|\n|poke|p2|Abomasnow, M|\n|poke|p2|Relicanth, M|\n|poke|p2|Aerodactyl, M|\n|poke|p2|Qwilfish, F|\n|poke|p2|Glaceon, M|\n|teampreview\n|inactive|Bunjerman also wants the timer to be on.\n|c|\u2606Bunjerman|Hf\n|c|\u2606Ill Leave|u2\n|inactive|Bunjerman has 120 seconds left.\n|\n|t:|1648143214\n|start\n|switch|p1a: Joli Rouge|Octillery, M|100\/100\n|switch|p2a: Relicanth|Relicanth, M|100\/100\n|turn|1\n|\n|t:|1648143222\n|move|p2a: Relicanth|Head Smash|p1a: Joli Rouge\n|-damage|p1a: Joli Rouge|0 fnt\n|faint|p1a: Joli Rouge\n|\n|upkeep\n|\n|t:|1648143227\n|switch|p1a: Time Never Slows|Sandslash, F|100\/100\n|turn|2\n|\n|t:|1648143231\n|move|p2a: Relicanth|Waterfall|p1a: Time Never Slows\n|-supereffective|p1a: Time Never Slows\n|-damage|p1a: Time Never Slows|47\/100\n|move|p1a: Time Never Slows|Stealth Rock|p2a: Relicanth\n|-sidestart|p2: Ill Leave|move: Stealth Rock\n|\n|-heal|p1a: Time Never Slows|54\/100|[from] item: Leftovers\n|upkeep\n|turn|3\n|j| demirab1\n|\n|t:|1648143240\n|move|p2a: Relicanth|Stealth Rock|p1a: Time Never Slows\n|-sidestart|p1: Bunjerman|move: Stealth Rock\n|move|p1a: Time Never Slows|Earthquake|p2a: Relicanth\n|-supereffective|p2a: Relicanth\n|-damage|p2a: Relicanth|34\/100\n|\n|-heal|p1a: Time Never Slows|60\/100|[from] item: Leftovers\n|upkeep\n|turn|4\n|\n|t:|1648143243\n|move|p2a: Relicanth|Waterfall|p1a: Time Never Slows\n|-supereffective|p1a: Time Never Slows\n|-damage|p1a: Time Never Slows|7\/100\n|move|p1a: Time Never Slows|Rapid Spin|p2a: Relicanth\n|-resisted|p2a: Relicanth\n|-damage|p2a: Relicanth|28\/100\n|-boost|p1a: Time Never Slows|spe|1\n|-sideend|p1: Bunjerman|Stealth Rock|[from] move: Rapid Spin|[of] p1a: Time Never Slows\n|\n|-heal|p1a: Time Never Slows|13\/100|[from] item: Leftovers\n|upkeep\n|turn|5\n|\n|t:|1648143250\n|switch|p2a: Abomasnow|Abomasnow, M|100\/100\n|-damage|p2a: Abomasnow|76\/100|[from] Stealth Rock\n|-weather|Hail|[from] ability: Snow Warning|[of] p2a: Abomasnow\n|move|p1a: Time Never Slows|Earthquake|p2a: Abomasnow\n|-resisted|p2a: Abomasnow\n|-damage|p2a: Abomasnow|52\/100\n|\n|-weather|Hail|[upkeep]\n|-damage|p1a: Time Never Slows|7\/100|[from] Hail\n|-heal|p1a: Time Never Slows|13\/100|[from] item: Leftovers\n|-heal|p2a: Abomasnow|58\/100|[from] item: Leftovers\n|upkeep\n|turn|6\n|\n|t:|1648143257\n|switch|p1a: Sins of the Father|Muk, M|100\/100\n|move|p2a: Abomasnow|Blizzard|p1a: Sins of the Father\n|-damage|p1a: Sins of the Father|77\/100\n|\n|-weather|Hail|[upkeep]\n|-damage|p1a: Sins of the Father|71\/100|[from] Hail\n|-heal|p2a: Abomasnow|64\/100|[from] item: Leftovers\n|-heal|p1a: Sins of the Father|77\/100|[from] item: Black Sludge\n|upkeep\n|turn|7\n|\n|t:|1648143261\n|switch|p2a: Qwilfish|Qwilfish, F|100\/100\n|-damage|p2a: Qwilfish|88\/100|[from] Stealth Rock\n|-ability|p2a: Qwilfish|Intimidate|boost\n|-unboost|p1a: Sins of the Father|atk|1\n|move|p1a: Sins of the Father|Gunk Shot|p2a: Qwilfish\n|-resisted|p2a: Qwilfish\n|-damage|p2a: Qwilfish|66\/100\n|\n|-weather|Hail|[upkeep]\n|-damage|p2a: Qwilfish|60\/100|[from] Hail\n|-damage|p1a: Sins of the Father|71\/100|[from] Hail\n|-heal|p1a: Sins of the Father|77\/100|[from] item: Black Sludge\n|upkeep\n|turn|8\n|\n|t:|1648143273\n|switch|p1a: One and Only|Regigigas|100\/100\n|-start|p1a: One and Only|ability: Slow Start\n|move|p2a: Qwilfish|Spikes|p1a: One and Only\n|-sidestart|p1: Bunjerman|Spikes\n|\n|-weather|Hail|[upkeep]\n|-damage|p2a: Qwilfish|54\/100|[from] Hail\n|-damage|p1a: One and Only|94\/100|[from] Hail\n|-heal|p1a: One and Only|100\/100|[from] item: Leftovers\n|upkeep\n|turn|9\n|\n|t:|1648143276\n|move|p2a: Qwilfish|Taunt|p1a: One and Only\n|-start|p1a: One and Only|move: Taunt\n|cant|p1a: One and Only|move: Taunt|Substitute\n|\n|-weather|none\n|upkeep\n|turn|10\n|\n|t:|1648143285\n|-end|p1a: One and Only|Slow Start|[silent]\n|switch|p1a: Cerebro Triquetra|Dodrio, M|100\/100\n|move|p2a: Qwilfish|Spikes|p1a: Cerebro Triquetra\n|-sidestart|p1: Bunjerman|Spikes\n|\n|upkeep\n|turn|11\n|\n|t:|1648143294\n|switch|p2a: Relicanth|Relicanth, M|28\/100\n|-damage|p2a: Relicanth|16\/100|[from] Stealth Rock\n|move|p1a: Cerebro Triquetra|Brave Bird|p2a: Relicanth\n|-resisted|p2a: Relicanth\n|-damage|p2a: Relicanth|0 fnt\n|faint|p2a: Relicanth\n|-damage|p1a: Cerebro Triquetra|94\/100|[from] Recoil\n|-damage|p1a: Cerebro Triquetra|84\/100|[from] item: Life Orb\n|\n|upkeep\n|\n|t:|1648143297\n|switch|p2a: Aerodactyl|Aerodactyl, M|100\/100\n|-damage|p2a: Aerodactyl|76\/100|[from] Stealth Rock\n|-ability|p2a: Aerodactyl|Pressure\n|turn|12\n|\n|t:|1648143312\n|switch|p1a: Time Never Slows|Sandslash, F|13\/100\n|-damage|p1a: Time Never Slows|0 fnt|[from] Spikes\n|faint|p1a: Time Never Slows\n|move|p2a: Aerodactyl|Substitute|p2a: Aerodactyl\n|-start|p2a: Aerodactyl|Substitute\n|-damage|p2a: Aerodactyl|51\/100\n|\n|upkeep\n|\n|t:|1648143320\n|switch|p1a: One and Only|Regigigas|100\/100\n|-damage|p1a: One and Only|84\/100|[from] Spikes\n|-start|p1a: One and Only|ability: Slow Start\n|turn|13\n|\n|t:|1648143325\n|move|p2a: Aerodactyl|Stone Edge|p1a: One and Only\n|-damage|p1a: One and Only|45\/100\n|move|p1a: One and Only|Avalanche|p2a: Aerodactyl\n|-supereffective|p2a: Aerodactyl\n|-end|p2a: Aerodactyl|Substitute\n|\n|-heal|p1a: One and Only|51\/100|[from] item: Leftovers\n|upkeep\n|turn|14\n|\n|t:|1648143331\n|move|p2a: Aerodactyl|Roost|p2a: Aerodactyl\n|-heal|p2a: Aerodactyl|100\/100\n|-singleturn|p2a: Aerodactyl|move: Roost\n|move|p1a: One and Only|Substitute|p1a: One and Only\n|-start|p1a: One and Only|Substitute\n|-damage|p1a: One and Only|26\/100\n|\n|-heal|p1a: One and Only|32\/100|[from] item: Leftovers\n|upkeep\n|turn|15\n|\n|t:|1648143335\n|switch|p2a: Skuntank|Skuntank, F|100\/100\n|-damage|p2a: Skuntank|88\/100|[from] Stealth Rock\n|move|p1a: One and Only|Knock Off|p2a: Skuntank\n|-resisted|p2a: Skuntank\n|-damage|p2a: Skuntank|81\/100\n|-enditem|p2a: Skuntank|Black Sludge|[from] move: Knock Off|[of] p1a: One and Only\n|\n|-heal|p1a: One and Only|39\/100|[from] item: Leftovers\n|upkeep\n|turn|16\n|\n|t:|1648143356\n|move|p2a: Skuntank|Dark Pulse|p1a: One and Only\n|-activate|p1a: One and Only|move: Substitute|[damage]\n|move|p1a: One and Only|Substitute|p1a: One and Only\n|-fail|p1a: One and Only|move: Substitute\n|\n|-heal|p1a: One and Only|45\/100|[from] item: Leftovers\n|upkeep\n|turn|17\n|\n|t:|1648143362\n|move|p2a: Skuntank|Dark Pulse|p1a: One and Only\n|-end|p1a: One and Only|Substitute\n|move|p1a: One and Only|Substitute|p1a: One and Only\n|-start|p1a: One and Only|Substitute\n|-damage|p1a: One and Only|20\/100\n|\n|-heal|p1a: One and Only|26\/100|[from] item: Leftovers\n|-end|p1a: One and Only|Slow Start\n|upkeep\n|turn|18\n|\n|t:|1648143365\n|move|p1a: One and Only|Facade|p2a: Skuntank\n|-damage|p2a: Skuntank|49\/100\n|move|p2a: Skuntank|Dark Pulse|p1a: One and Only\n|-activate|p1a: One and Only|move: Substitute|[damage]\n|\n|-heal|p1a: One and Only|32\/100|[from] item: Leftovers\n|upkeep\n|turn|19\n|\n|t:|1648143374\n|move|p1a: One and Only|Facade|p2a: Skuntank\n|-damage|p2a: Skuntank|20\/100\n|move|p2a: Skuntank|Dark Pulse|p1a: One and Only\n|-end|p1a: One and Only|Substitute\n|\n|-heal|p1a: One and Only|39\/100|[from] item: Leftovers\n|upkeep\n|turn|20\n|\n|t:|1648143379\n|move|p1a: One and Only|Substitute|p1a: One and Only\n|-start|p1a: One and Only|Substitute\n|-damage|p1a: One and Only|14\/100\n|move|p2a: Skuntank|Dark Pulse|p1a: One and Only\n|-activate|p1a: One and Only|move: Substitute|[damage]\n|\n|-heal|p1a: One and Only|20\/100|[from] item: Leftovers\n|upkeep\n|turn|21\n|\n|t:|1648143382\n|move|p1a: One and Only|Facade|p2a: Skuntank\n|-damage|p2a: Skuntank|0 fnt\n|-damage|p1a: One and Only|0 fnt|[from] ability: Aftermath|[of] p2a: Skuntank\n|faint|p2a: Skuntank\n|faint|p1a: One and Only\n|-end|p1a: One and Only|Slow Start|[silent]\n|\n|upkeep\n|\n|t:|1648143406\n|switch|p1a: Cerebro Triquetra|Dodrio, M|84\/100\n|switch|p2a: Qwilfish|Qwilfish, F|54\/100\n|-damage|p2a: Qwilfish|42\/100|[from] Stealth Rock\n|-ability|p2a: Qwilfish|Intimidate|boost\n|-unboost|p1a: Cerebro Triquetra|atk|1\n|turn|22\n|\n|t:|1648143414\n|move|p1a: Cerebro Triquetra|Brave Bird|p2a: Qwilfish\n|-damage|p2a: Qwilfish|0 fnt\n|faint|p2a: Qwilfish\n|-damage|p1a: Cerebro Triquetra|66\/100|[from] Recoil\n|-damage|p1a: Cerebro Triquetra|56\/100|[from] item: Life Orb\n|\n|upkeep\n|\n|t:|1648143417\n|switch|p2a: Aerodactyl|Aerodactyl, M|100\/100\n|-damage|p2a: Aerodactyl|76\/100|[from] Stealth Rock\n|-ability|p2a: Aerodactyl|Pressure\n|turn|23\n|\n|t:|1648143419\n|move|p2a: Aerodactyl|Stone Edge|p1a: Cerebro Triquetra\n|-supereffective|p1a: Cerebro Triquetra\n|-crit|p1a: Cerebro Triquetra\n|-damage|p1a: Cerebro Triquetra|0 fnt\n|faint|p1a: Cerebro Triquetra\n|\n|upkeep\n|\n|t:|1648143422\n|switch|p1a: Jiraiya|Shiftry, M, shiny|100\/100\n|-damage|p1a: Jiraiya|84\/100|[from] Spikes\n|turn|24\n|j|@Toy Time King\n|\n|t:|1648143430\n|move|p2a: Aerodactyl|Stone Edge|p1a: Jiraiya\n|-damage|p1a: Jiraiya|0 fnt\n|faint|p1a: Jiraiya\n|\n|upkeep\n|\n|t:|1648143433\n|switch|p1a: Sins of the Father|Muk, M|77\/100\n|-damage|p1a: Sins of the Father|60\/100|[from] Spikes\n|turn|25\n|\n|t:|1648143436\n|move|p2a: Aerodactyl|Earthquake|p1a: Sins of the Father\n|-supereffective|p1a: Sins of the Father\n|-damage|p1a: Sins of the Father|0 fnt\n|faint|p1a: Sins of the Father\n|\n|win|Ill Leave\n|n|\u2606Bunjerman|bunjerman\n|n|\u2606Ill Leave|illleave\n|n| demirab1|demirab1\n|n| Toy Time King|toytimeking\n","uploadtime":1648143437,"views":14,"p1id":"bunjerman","p2id":"illleave","formatid":"gen8bdspnu","rating":0,"private":0,"password":null}