{"id":"gen8ou-1631470038","p1":"HikozaruGG","p2":"LT91BB Samqian","format":"gen8ou","log":"|raw|<div class=\"broadcast-blue\"><strong>This battle is required to be public due to a player having a name starting with 'lt91bb'.<\/div>\n|j|\u2606HikozaruGG\n|j|\u203dLT91BB Samqian\n|t:|1659546656\n|gametype|singles\n|player|p1|HikozaruGG|phoebe-gen6|1718\n|player|p2|LT91BB Samqian|170|1834\n|teamsize|p1|6\n|teamsize|p2|6\n|gen|8\n|tier|[Gen 8] OU\n|rated|\n|rule|Sleep Clause Mod: Limit one foe put to sleep\n|rule|Species Clause: Limit one of each Pok\u00e9mon\n|rule|OHKO Clause: OHKO moves are banned\n|rule|Evasion Moves Clause: Evasion moves are banned\n|rule|Endless Battle Clause: Forcing endless battles is banned\n|rule|HP Percentage Mod: HP is shown in percentages\n|rule|Dynamax Clause: You cannot dynamax\n|clearpoke\n|poke|p1|Buzzwole|\n|poke|p1|Landorus-Therian, M|\n|poke|p1|Magnezone|\n|poke|p1|Tyranitar, M|\n|poke|p1|Tapu Lele|\n|poke|p1|Toxapex, M|\n|poke|p2|Landorus-Therian, M|\n|poke|p2|Ferrothorn, F|\n|poke|p2|Tapu Koko|\n|poke|p2|Urshifu-*, M|\n|poke|p2|Dragonite, M|\n|poke|p2|Clefable, F|\n|teampreview\n|inactive|Battle timer is ON: inactive players will automatically lose when time's up. (requested by HikozaruGG)\n|\n|t:|1659546673\n|start\n|switch|p1a: Buzzwole|Buzzwole|100\/100\n|switch|p2a: Landorus|Landorus-Therian, M|100\/100\n|-ability|p2a: Landorus|Intimidate|boost\n|-unboost|p1a: Buzzwole|atk|1\n|turn|1\n|\n|t:|1659546699\n|switch|p1a: Magnezone|Magnezone|100\/100\n|switch|p2a: Clefable|Clefable, F|100\/100\n|\n|upkeep\n|turn|2\n|\n|t:|1659546710\n|switch|p1a: Toxapex|Toxapex, M|100\/100\n|switch|p2a: Landorus|Landorus-Therian, M|100\/100\n|-ability|p2a: Landorus|Intimidate|boost\n|-unboost|p1a: Toxapex|atk|1\n|\n|upkeep\n|turn|3\n|\n|t:|1659546714\n|move|p2a: Landorus|Knock Off|p1a: Toxapex\n|-crit|p1a: Toxapex\n|-damage|p1a: Toxapex|71\/100\n|-enditem|p1a: Toxapex|Eject Button|[from] move: Knock Off|[of] p2a: Landorus\n|move|p1a: Toxapex|Toxic|p2a: Landorus\n|-status|p2a: Landorus|tox\n|\n|-damage|p2a: Landorus|94\/100 tox|[from] psn\n|upkeep\n|turn|4\n|\n|t:|1659546723\n|switch|p1a: Landorus|Landorus-Therian, M|100\/100\n|-ability|p1a: Landorus|Intimidate|boost\n|-unboost|p2a: Landorus|atk|1\n|move|p2a: Landorus|Stealth Rock|p1a: Landorus\n|-sidestart|p1: HikozaruGG|move: Stealth Rock\n|\n|-heal|p2a: Landorus|100\/100 tox|[from] item: Leftovers\n|-damage|p2a: Landorus|88\/100 tox|[from] psn\n|upkeep\n|turn|5\n|\n|t:|1659546730\n|move|p2a: Landorus|Knock Off|p1a: Landorus\n|-damage|p1a: Landorus|81\/100\n|-enditem|p1a: Landorus|Leftovers|[from] move: Knock Off|[of] p2a: Landorus\n|move|p1a: Landorus|Defog|p2a: Landorus\n|-unboost|p2a: Landorus|evasion|1\n|-sideend|p1: HikozaruGG|Stealth Rock|[from] move: Defog|[of] p1a: Landorus\n|\n|-heal|p2a: Landorus|94\/100 tox|[from] item: Leftovers\n|-damage|p2a: Landorus|76\/100 tox|[from] psn\n|upkeep\n|turn|6\n|\n|t:|1659546735\n|move|p1a: Landorus|Knock Off|p2a: Landorus\n|-damage|p2a: Landorus|47\/100 tox\n|-enditem|p2a: Landorus|Leftovers|[from] move: Knock Off|[of] p1a: Landorus\n|move|p2a: Landorus|U-turn|p1a: Landorus\n|-resisted|p1a: Landorus\n|-damage|p1a: Landorus|74\/100\n|\n|t:|1659546745\n|switch|p2a: Urshifu|Urshifu-Rapid-Strike, M|100\/100|[from]move: U-turn\n|\n|upkeep\n|turn|7\n|\n|t:|1659546752\n|switch|p1a: Toxapex|Toxapex, M|100\/100\n|move|p2a: Urshifu|U-turn|p1a: Toxapex\n|-resisted|p1a: Toxapex\n|-damage|p1a: Toxapex|90\/100\n|\n|t:|1659546761\n|switch|p2a: Tapu Koko|Tapu Koko|100\/100|[from]move: U-turn\n|-fieldstart|move: Electric Terrain|[from] ability: Electric Surge|[of] p2a: Tapu Koko\n|\n|upkeep\n|turn|8\n|\n|t:|1659546771\n|switch|p1a: Tyranitar|Tyranitar, M|100\/100\n|-weather|Sandstorm|[from] ability: Sand Stream|[of] p1a: Tyranitar\n|move|p2a: Tapu Koko|Volt Switch|p1a: Tyranitar\n|-damage|p1a: Tyranitar|85\/100\n|\n|t:|1659546777\n|switch|p2a: Urshifu|Urshifu-Rapid-Strike, M|100\/100|[from]move: Volt Switch\n|\n|-weather|Sandstorm|[upkeep]\n|-damage|p2a: Urshifu|94\/100|[from] Sandstorm\n|-heal|p1a: Tyranitar|91\/100|[from] item: Leftovers\n|upkeep\n|turn|9\n|\n|t:|1659546782\n|switch|p1a: Toxapex|Toxapex, M|100\/100\n|move|p2a: Urshifu|Surging Strikes|p1a: Toxapex\n|-resisted|p1a: Toxapex\n|-crit|p1a: Toxapex\n|-damage|p1a: Toxapex|92\/100\n|-resisted|p1a: Toxapex\n|-crit|p1a: Toxapex\n|-damage|p1a: Toxapex|82\/100\n|-resisted|p1a: Toxapex\n|-crit|p1a: Toxapex\n|-damage|p1a: Toxapex|74\/100\n|-hitcount|p1a: Toxapex|3\n|\n|-weather|Sandstorm|[upkeep]\n|-damage|p2a: Urshifu|88\/100|[from] Sandstorm\n|-damage|p1a: Toxapex|68\/100|[from] Sandstorm\n|upkeep\n|turn|10\n|\n|t:|1659546788\n|switch|p2a: Clefable|Clefable, F|100\/100\n|move|p1a: Toxapex|Knock Off|p2a: Clefable\n|-resisted|p2a: Clefable\n|-damage|p2a: Clefable|95\/100\n|-enditem|p2a: Clefable|Leftovers|[from] move: Knock Off|[of] p1a: Toxapex\n|\n|-weather|Sandstorm|[upkeep]\n|-damage|p1a: Toxapex|62\/100|[from] Sandstorm\n|upkeep\n|turn|11\n|\n|t:|1659546802\n|switch|p1a: Tapu Lele|Tapu Lele, shiny|100\/100\n|-fieldstart|move: Psychic Terrain|[from] ability: Psychic Surge|[of] p1a: Tapu Lele\n|move|p2a: Clefable|Moonblast|p1a: Tapu Lele\n|-damage|p1a: Tapu Lele|66\/100\n|\n|-weather|Sandstorm|[upkeep]\n|-damage|p1a: Tapu Lele|60\/100|[from] Sandstorm\n|upkeep\n|turn|12\n|\n|t:|1659546810\n|switch|p2a: Ferrothorn|Ferrothorn, F|100\/100\n|move|p1a: Tapu Lele|Psychic|p2a: Ferrothorn\n|-resisted|p2a: Ferrothorn\n|-damage|p2a: Ferrothorn|62\/100\n|\n|-weather|none\n|-heal|p2a: Ferrothorn|69\/100|[from] item: Leftovers\n|upkeep\n|turn|13\n|\n|t:|1659546828\n|switch|p1a: Magnezone|Magnezone|100\/100\n|move|p2a: Ferrothorn|Leech Seed|p1a: Magnezone\n|-start|p1a: Magnezone|move: Leech Seed\n|\n|-heal|p2a: Ferrothorn|75\/100|[from] item: Leftovers\n|-damage|p1a: Magnezone|88\/100|[from] Leech Seed|[of] p2a: Ferrothorn\n|-heal|p2a: Ferrothorn|86\/100|[silent]\n|upkeep\n|turn|14\n|\n|t:|1659546832\n|move|p1a: Magnezone|Iron Defense|p1a: Magnezone\n|-boost|p1a: Magnezone|def|2\n|move|p2a: Ferrothorn|Spikes|p1a: Magnezone\n|-sidestart|p1: HikozaruGG|Spikes\n|\n|-heal|p1a: Magnezone|94\/100|[from] item: Leftovers\n|-heal|p2a: Ferrothorn|93\/100|[from] item: Leftovers\n|-damage|p1a: Magnezone|82\/100|[from] Leech Seed|[of] p2a: Ferrothorn\n|-heal|p2a: Ferrothorn|100\/100|[silent]\n|upkeep\n|turn|15\n|\n|t:|1659546834\n|move|p1a: Magnezone|Iron Defense|p1a: Magnezone\n|-boost|p1a: Magnezone|def|2\n|move|p2a: Ferrothorn|Spikes|p1a: Magnezone\n|-sidestart|p1: HikozaruGG|Spikes\n|\n|-heal|p1a: Magnezone|88\/100|[from] item: Leftovers\n|-damage|p1a: Magnezone|76\/100|[from] Leech Seed|[of] p2a: Ferrothorn\n|-fieldend|move: Psychic Terrain\n|upkeep\n|turn|16\n|\n|t:|1659546839\n|move|p1a: Magnezone|Iron Defense|p1a: Magnezone\n|-boost|p1a: Magnezone|def|2\n|move|p2a: Ferrothorn|Knock Off|p1a: Magnezone\n|-damage|p1a: Magnezone|72\/100\n|-enditem|p1a: Magnezone|Leftovers|[from] move: Knock Off|[of] p2a: Ferrothorn\n|\n|-damage|p1a: Magnezone|60\/100|[from] Leech Seed|[of] p2a: Ferrothorn\n|upkeep\n|turn|17\n|\n|t:|1659546843\n|move|p1a: Magnezone|Body Press|p2a: Ferrothorn\n|-supereffective|p2a: Ferrothorn\n|-damage|p2a: Ferrothorn|0 fnt\n|-damage|p1a: Magnezone|47\/100|[from] ability: Iron Barbs|[of] p2a: Ferrothorn\n|faint|p2a: Ferrothorn\n|\n|upkeep\n|\n|t:|1659546847\n|switch|p2a: Dragonite|Dragonite, M|100\/100\n|turn|18\n|\n|t:|1659546863\n|switch|p1a: Toxapex|Toxapex, M|95\/100\n|-damage|p1a: Toxapex|78\/100|[from] Spikes\n|switch|p2a: Urshifu|Urshifu-Rapid-Strike, M|88\/100\n|\n|upkeep\n|turn|19\n|\n|t:|1659546871\n|move|p2a: Urshifu|U-turn|p1a: Toxapex\n|-resisted|p1a: Toxapex\n|-damage|p1a: Toxapex|68\/100\n|\n|t:|1659546874\n|switch|p2a: Landorus|Landorus-Therian, M|47\/100 tox|[from]move: U-turn\n|-ability|p2a: Landorus|Intimidate|boost\n|-unboost|p1a: Toxapex|atk|1\n|move|p1a: Toxapex|Toxic|p2a: Landorus\n|-fail|p2a: Landorus|tox\n|\n|-damage|p2a: Landorus|41\/100 tox|[from] psn\n|upkeep\n|turn|20\n|\n|t:|1659546880\n|switch|p1a: Landorus|Landorus-Therian, M|74\/100\n|-ability|p1a: Landorus|Intimidate|boost\n|-unboost|p2a: Landorus|atk|1\n|move|p2a: Landorus|U-turn|p1a: Landorus\n|-resisted|p1a: Landorus\n|-damage|p1a: Landorus|67\/100\n|\n|t:|1659546882\n|switch|p2a: Urshifu|Urshifu-Rapid-Strike, M|88\/100|[from]move: U-turn\n|\n|upkeep\n|turn|21\n|\n|t:|1659546886\n|switch|p1a: Toxapex|Toxapex, M|100\/100\n|-damage|p1a: Toxapex|84\/100|[from] Spikes\n|move|p2a: Urshifu|U-turn|p1a: Toxapex\n|-resisted|p1a: Toxapex\n|-damage|p1a: Toxapex|72\/100\n|\n|t:|1659546888\n|switch|p2a: Tapu Koko|Tapu Koko|100\/100|[from]move: U-turn\n|-fieldstart|move: Electric Terrain|[from] ability: Electric Surge|[of] p2a: Tapu Koko\n|\n|upkeep\n|turn|22\n|\n|t:|1659546903\n|switch|p1a: Tyranitar|Tyranitar, M|91\/100\n|-damage|p1a: Tyranitar|74\/100|[from] Spikes\n|-weather|Sandstorm|[from] ability: Sand Stream|[of] p1a: Tyranitar\n|move|p2a: Tapu Koko|Nature's Madness|p1a: Tyranitar\n|-damage|p1a: Tyranitar|37\/100\n|\n|-weather|Sandstorm|[upkeep]\n|-damage|p2a: Tapu Koko|94\/100|[from] Sandstorm\n|-heal|p1a: Tyranitar|44\/100|[from] item: Leftovers\n|upkeep\n|turn|23\n|\n|t:|1659546910\n|move|p2a: Tapu Koko|Volt Switch|p1a: Tyranitar\n|-damage|p1a: Tyranitar|27\/100\n|\n|t:|1659546914\n|switch|p2a: Landorus|Landorus-Therian, M|41\/100 tox|[from]move: Volt Switch\n|-ability|p2a: Landorus|Intimidate|boost\n|-unboost|p1a: Tyranitar|atk|1\n|move|p1a: Tyranitar|Stealth Rock|p2a: Landorus\n|-sidestart|p2: LT91BB Samqian|move: Stealth Rock\n|\n|-weather|Sandstorm|[upkeep]\n|-heal|p1a: Tyranitar|33\/100|[from] item: Leftovers\n|-damage|p2a: Landorus|35\/100 tox|[from] psn\n|upkeep\n|turn|24\n|\n|t:|1659546944\n|switch|p1a: Toxapex|Toxapex, M|100\/100\n|-damage|p1a: Toxapex|84\/100|[from] Spikes\n|move|p2a: Landorus|Stealth Rock|p1a: Toxapex\n|-sidestart|p1: HikozaruGG|move: Stealth Rock\n|\n|-weather|Sandstorm|[upkeep]\n|-damage|p1a: Toxapex|78\/100|[from] Sandstorm\n|-damage|p2a: Landorus|22\/100 tox|[from] psn\n|upkeep\n|turn|25\n|inactive|HikozaruGG has 120 seconds left.\n|\n|t:|1659546962\n|move|p2a: Landorus|U-turn|p1a: Toxapex\n|-resisted|p1a: Toxapex\n|-damage|p1a: Toxapex|71\/100\n|\n|t:|1659546965\n|switch|p2a: Clefable|Clefable, F|95\/100|[from]move: U-turn\n|move|p1a: Toxapex|Knock Off|p2a: Clefable\n|-resisted|p2a: Clefable\n|-damage|p2a: Clefable|91\/100\n|\n|-weather|Sandstorm|[upkeep]\n|-damage|p1a: Toxapex|64\/100|[from] Sandstorm\n|-fieldend|move: Electric Terrain\n|upkeep\n|turn|26\n|\n|t:|1659546979\n|switch|p2a: Tapu Koko|Tapu Koko|94\/100\n|-fieldstart|move: Electric Terrain|[from] ability: Electric Surge|[of] p2a: Tapu Koko\n|switch|p1a: Landorus|Landorus-Therian, M|67\/100\n|-damage|p1a: Landorus|55\/100|[from] Stealth Rock\n|-ability|p1a: Landorus|Intimidate|boost\n|-unboost|p2a: Tapu Koko|atk|1\n|\n|-weather|none\n|upkeep\n|turn|27\n|\n|t:|1659546985\n|move|p2a: Tapu Koko|Dazzling Gleam|p1a: Landorus\n|-damage|p1a: Landorus|30\/100\n|move|p1a: Landorus|Earthquake|p2a: Tapu Koko\n|-supereffective|p2a: Tapu Koko\n|-damage|p2a: Tapu Koko|0 fnt\n|faint|p2a: Tapu Koko\n|\n|upkeep\n|\n|t:|1659546990\n|switch|p2a: Urshifu|Urshifu-Rapid-Strike, M|88\/100\n|-damage|p2a: Urshifu|82\/100|[from] Stealth Rock\n|turn|28\n|\n|t:|1659546995\n|switch|p1a: Toxapex|Toxapex, M|98\/100\n|-damage|p1a: Toxapex|81\/100|[from] Spikes\n|-damage|p1a: Toxapex|69\/100|[from] Stealth Rock\n|move|p2a: Urshifu|Surging Strikes|p1a: Toxapex\n|-resisted|p1a: Toxapex\n|-crit|p1a: Toxapex\n|-damage|p1a: Toxapex|59\/100\n|-resisted|p1a: Toxapex\n|-crit|p1a: Toxapex\n|-damage|p1a: Toxapex|50\/100\n|-resisted|p1a: Toxapex\n|-crit|p1a: Toxapex\n|-damage|p1a: Toxapex|41\/100\n|-hitcount|p1a: Toxapex|3\n|\n|upkeep\n|turn|29\n|\n|t:|1659547006\n|switch|p2a: Clefable|Clefable, F|91\/100\n|move|p1a: Toxapex|Recover|p1a: Toxapex\n|-heal|p1a: Toxapex|91\/100\n|\n|upkeep\n|turn|30\n|\n|t:|1659547012\n|switch|p1a: Magnezone|Magnezone|47\/100\n|-damage|p1a: Magnezone|31\/100|[from] Spikes\n|-damage|p1a: Magnezone|25\/100|[from] Stealth Rock\n|move|p2a: Clefable|Thunder Wave|p1a: Magnezone\n|-immune|p1a: Magnezone\n|\n|-fieldend|move: Electric Terrain\n|upkeep\n|turn|31\n|\n|t:|1659547019\n|switch|p2a: Dragonite|Dragonite, M|100\/100\n|move|p1a: Magnezone|Magnet Rise|p1a: Magnezone\n|-start|p1a: Magnezone|Magnet Rise\n|\n|upkeep\n|turn|32\n|\n|t:|1659547027\n|switch|p1a: Toxapex|Toxapex, M|100\/100\n|-damage|p1a: Toxapex|84\/100|[from] Spikes\n|-damage|p1a: Toxapex|72\/100|[from] Stealth Rock\n|move|p2a: Dragonite|Flamethrower|p1a: Toxapex\n|-resisted|p1a: Toxapex\n|-damage|p1a: Toxapex|63\/100\n|\n|upkeep\n|turn|33\n|\n|t:|1659547036\n|switch|p2a: Clefable|Clefable, F|91\/100\n|move|p1a: Toxapex|Toxic|p2a: Clefable\n|-status|p2a: Clefable|tox\n|\n|upkeep\n|turn|34\n|\n|t:|1659547043\n|switch|p1a: Magnezone|Magnezone|25\/100\n|-damage|p1a: Magnezone|8\/100|[from] Spikes\n|-damage|p1a: Magnezone|2\/100|[from] Stealth Rock\n|move|p2a: Clefable|Calm Mind|p2a: Clefable\n|-boost|p2a: Clefable|spa|1\n|-boost|p2a: Clefable|spd|1\n|\n|upkeep\n|turn|35\n|\n|t:|1659547052\n|move|p1a: Magnezone|Thunderbolt|p2a: Clefable\n|-damage|p2a: Clefable|65\/100 tox\n|move|p2a: Clefable|Calm Mind|p2a: Clefable\n|-boost|p2a: Clefable|spa|1\n|-boost|p2a: Clefable|spd|1\n|\n|upkeep\n|turn|36\n|\n|t:|1659547079\n|switch|p1a: Toxapex|Toxapex, M|96\/100\n|-damage|p1a: Toxapex|79\/100|[from] Spikes\n|-damage|p1a: Toxapex|67\/100|[from] Stealth Rock\n|move|p2a: Clefable|Soft-Boiled|p2a: Clefable\n|-heal|p2a: Clefable|100\/100 tox\n|\n|upkeep\n|turn|37\n|\n|t:|1659547082\n|move|p2a: Clefable|Thunder Wave|p1a: Toxapex|[miss]\n|-miss|p2a: Clefable|p1a: Toxapex\n|move|p1a: Toxapex|Haze|p1a: Toxapex\n|-clearallboost\n|\n|upkeep\n|turn|38\n|\n|t:|1659547089\n|switch|p1a: Magnezone|Magnezone|2\/100\n|-damage|p1a: Magnezone|0 fnt|[from] Spikes\n|faint|p1a: Magnezone\n|move|p2a: Clefable|Calm Mind|p2a: Clefable\n|-boost|p2a: Clefable|spa|1\n|-boost|p2a: Clefable|spd|1\n|\n|upkeep\n|\n|t:|1659547092\n|switch|p1a: Landorus|Landorus-Therian, M|30\/100\n|-damage|p1a: Landorus|17\/100|[from] Stealth Rock\n|-ability|p1a: Landorus|Intimidate|boost\n|-unboost|p2a: Clefable|atk|1\n|turn|39\n|\n|t:|1659547097\n|move|p1a: Landorus|Defog|p2a: Clefable\n|-unboost|p2a: Clefable|evasion|1\n|-sideend|p2: LT91BB Samqian|Stealth Rock|[from] move: Defog|[of] p1a: Landorus\n|-sideend|p1: HikozaruGG|Spikes|[from] move: Defog|[of] p1a: Landorus\n|-sideend|p1: HikozaruGG|Stealth Rock|[from] move: Defog|[of] p1a: Landorus\n|move|p2a: Clefable|Moonblast|p1a: Landorus\n|-damage|p1a: Landorus|0 fnt\n|faint|p1a: Landorus\n|\n|upkeep\n|inactive|HikozaruGG has 120 seconds left.\n|\n|t:|1659547142\n|switch|p1a: Tapu Lele|Tapu Lele, shiny|60\/100\n|-fieldstart|move: Psychic Terrain|[from] ability: Psychic Surge|[of] p1a: Tapu Lele\n|turn|40\n|\n|t:|1659547147\n|move|p1a: Tapu Lele|Psyshock|p2a: Clefable\n|-damage|p2a: Clefable|38\/100 tox\n|move|p2a: Clefable|Moonblast|p1a: Tapu Lele\n|-damage|p1a: Tapu Lele|12\/100\n|\n|upkeep\n|turn|41\n|\n|t:|1659547154\n|switch|p2a: Dragonite|Dragonite, M|100\/100\n|move|p1a: Tapu Lele|Psyshock|p2a: Dragonite\n|-damage|p2a: Dragonite|65\/100\n|\n|upkeep\n|turn|42\n|\n|t:|1659547159\n|move|p1a: Tapu Lele|Psyshock|p2a: Dragonite\n|-damage|p2a: Dragonite|0 fnt\n|faint|p2a: Dragonite\n|\n|upkeep\n|\n|t:|1659547162\n|switch|p2a: Urshifu|Urshifu-Rapid-Strike, M|82\/100\n|turn|43\n|\n|t:|1659547182\n|switch|p1a: Buzzwole|Buzzwole|100\/100\n|move|p2a: Urshifu|U-turn|p1a: Buzzwole\n|-resisted|p1a: Buzzwole\n|-damage|p1a: Buzzwole|88\/100\n|\n|t:|1659547185\n|switch|p2a: Landorus|Landorus-Therian, M|22\/100 tox|[from]move: U-turn\n|-ability|p2a: Landorus|Intimidate|boost\n|-unboost|p1a: Buzzwole|atk|1\n|\n|-damage|p2a: Landorus|16\/100 tox|[from] psn\n|upkeep\n|turn|44\n|\n|t:|1659547193\n|move|p1a: Buzzwole|Ice Punch|p2a: Landorus\n|-supereffective|p2a: Landorus\n|-damage|p2a: Landorus|0 fnt\n|faint|p2a: Landorus\n|-ability|p1a: Buzzwole|Beast Boost|boost\n|-boost|p1a: Buzzwole|atk|1\n|\n|-fieldend|move: Psychic Terrain\n|upkeep\n|\n|t:|1659547196\n|switch|p2a: Clefable|Clefable, F|38\/100 tox\n|turn|45\n|\n|t:|1659547202\n|move|p1a: Buzzwole|Ice Punch|p2a: Clefable\n|-damage|p2a: Clefable|18\/100 tox\n|move|p2a: Clefable|Soft-Boiled|p2a: Clefable\n|-heal|p2a: Clefable|68\/100 tox\n|\n|upkeep\n|turn|46\n|inactive|HikozaruGG has 120 seconds left.\n|\n|t:|1659547233\n|switch|p1a: Tyranitar|Tyranitar, M|33\/100\n|-weather|Sandstorm|[from] ability: Sand Stream|[of] p1a: Tyranitar\n|move|p2a: Clefable|Soft-Boiled|p2a: Clefable\n|-heal|p2a: Clefable|100\/100 tox\n|\n|-weather|Sandstorm|[upkeep]\n|-heal|p1a: Tyranitar|39\/100|[from] item: Leftovers\n|upkeep\n|turn|47\n|\n|t:|1659547240\n|switch|p1a: Toxapex|Toxapex, M|99\/100\n|switch|p2a: Urshifu|Urshifu-Rapid-Strike, M|82\/100\n|\n|-weather|Sandstorm|[upkeep]\n|-damage|p2a: Urshifu|76\/100|[from] Sandstorm\n|-damage|p1a: Toxapex|94\/100|[from] Sandstorm\n|upkeep\n|turn|48\n|inactive|HikozaruGG has 120 seconds left.\n|\n|t:|1659547257\n|switch|p1a: Buzzwole|Buzzwole|88\/100\n|move|p2a: Urshifu|U-turn|p1a: Buzzwole\n|-resisted|p1a: Buzzwole\n|-damage|p1a: Buzzwole|75\/100\n|\n|t:|1659547259\n|switch|p2a: Clefable|Clefable, F|100\/100 tox|[from]move: U-turn\n|\n|-weather|Sandstorm|[upkeep]\n|-damage|p1a: Buzzwole|69\/100|[from] Sandstorm\n|upkeep\n|turn|49\n|\n|t:|1659547264\n|move|p1a: Buzzwole|Earthquake|p2a: Clefable\n|-damage|p2a: Clefable|74\/100 tox\n|move|p2a: Clefable|Thunder Wave|p1a: Buzzwole\n|-status|p1a: Buzzwole|par\n|\n|-weather|Sandstorm|[upkeep]\n|-damage|p1a: Buzzwole|63\/100 par|[from] Sandstorm\n|upkeep\n|turn|50\n|\n|t:|1659547272\n|move|p1a: Buzzwole|Earthquake|p2a: Clefable\n|-damage|p2a: Clefable|47\/100 tox\n|move|p2a: Clefable|Calm Mind|p2a: Clefable\n|-boost|p2a: Clefable|spa|1\n|-boost|p2a: Clefable|spd|1\n|\n|-weather|none\n|upkeep\n|turn|51\n|\n|t:|1659547285\n|switch|p1a: Toxapex|Toxapex, M|100\/100\n|move|p2a: Clefable|Soft-Boiled|p2a: Clefable\n|-heal|p2a: Clefable|97\/100 tox\n|\n|upkeep\n|turn|52\n|\n|t:|1659547291\n|move|p2a: Clefable|Thunder Wave|p1a: Toxapex\n|-status|p1a: Toxapex|par\n|move|p1a: Toxapex|Haze|p1a: Toxapex\n|-clearallboost\n|\n|upkeep\n|turn|53\n|\n|t:|1659547298\n|switch|p1a: Tyranitar|Tyranitar, M|39\/100\n|-weather|Sandstorm|[from] ability: Sand Stream|[of] p1a: Tyranitar\n|move|p2a: Clefable|Calm Mind|p2a: Clefable\n|-boost|p2a: Clefable|spa|1\n|-boost|p2a: Clefable|spd|1\n|\n|-weather|Sandstorm|[upkeep]\n|-heal|p1a: Tyranitar|46\/100|[from] item: Leftovers\n|upkeep\n|turn|54\n|\n|t:|1659547304\n|switch|p1a: Toxapex|Toxapex, M|100\/100 par\n|move|p2a: Clefable|Calm Mind|p2a: Clefable\n|-boost|p2a: Clefable|spa|1\n|-boost|p2a: Clefable|spd|1\n|\n|-weather|Sandstorm|[upkeep]\n|-damage|p1a: Toxapex|94\/100 par|[from] Sandstorm\n|upkeep\n|turn|55\n|\n|t:|1659547307\n|move|p2a: Clefable|Moonblast|p1a: Toxapex\n|-resisted|p1a: Toxapex\n|-damage|p1a: Toxapex|70\/100 par\n|-unboost|p1a: Toxapex|spa|1\n|move|p1a: Toxapex|Haze|p1a: Toxapex\n|-clearallboost\n|\n|-weather|Sandstorm|[upkeep]\n|-damage|p1a: Toxapex|64\/100 par|[from] Sandstorm\n|upkeep\n|turn|56\n|\n|t:|1659547314\n|move|p2a: Clefable|Calm Mind|p2a: Clefable\n|-boost|p2a: Clefable|spa|1\n|-boost|p2a: Clefable|spd|1\n|cant|p1a: Toxapex|par\n|\n|-weather|Sandstorm|[upkeep]\n|-damage|p1a: Toxapex|58\/100 par|[from] Sandstorm\n|upkeep\n|turn|57\n|\n|t:|1659547317\n|move|p2a: Clefable|Calm Mind|p2a: Clefable\n|-boost|p2a: Clefable|spa|1\n|-boost|p2a: Clefable|spd|1\n|move|p1a: Toxapex|Recover|p1a: Toxapex\n|-heal|p1a: Toxapex|100\/100 par\n|\n|-weather|none\n|upkeep\n|turn|58\n|\n|t:|1659547321\n|move|p2a: Clefable|Moonblast|p1a: Toxapex\n|-resisted|p1a: Toxapex\n|-damage|p1a: Toxapex|74\/100 par\n|-unboost|p1a: Toxapex|spa|1\n|move|p1a: Toxapex|Haze|p1a: Toxapex\n|-clearallboost\n|\n|upkeep\n|turn|59\n|\n|t:|1659547329\n|switch|p1a: Tyranitar|Tyranitar, M|46\/100\n|-weather|Sandstorm|[from] ability: Sand Stream|[of] p1a: Tyranitar\n|move|p2a: Clefable|Moonblast|p1a: Tyranitar\n|-supereffective|p1a: Tyranitar\n|-damage|p1a: Tyranitar|19\/100\n|\n|-weather|Sandstorm|[upkeep]\n|-heal|p1a: Tyranitar|25\/100|[from] item: Leftovers\n|upkeep\n|turn|60\n|\n|t:|1659547336\n|switch|p1a: Toxapex|Toxapex, M|100\/100 par\n|move|p2a: Clefable|Calm Mind|p2a: Clefable\n|-boost|p2a: Clefable|spa|1\n|-boost|p2a: Clefable|spd|1\n|\n|-weather|Sandstorm|[upkeep]\n|-damage|p1a: Toxapex|94\/100 par|[from] Sandstorm\n|upkeep\n|turn|61\n|\n|t:|1659547341\n|move|p2a: Clefable|Calm Mind|p2a: Clefable\n|-boost|p2a: Clefable|spa|1\n|-boost|p2a: Clefable|spd|1\n|cant|p1a: Toxapex|par\n|\n|-weather|Sandstorm|[upkeep]\n|-damage|p1a: Toxapex|88\/100 par|[from] Sandstorm\n|upkeep\n|turn|62\n|\n|t:|1659547345\n|move|p2a: Clefable|Moonblast|p1a: Toxapex\n|-resisted|p1a: Toxapex\n|-damage|p1a: Toxapex|63\/100 par\n|move|p1a: Toxapex|Haze|p1a: Toxapex\n|-clearallboost\n|\n|-weather|Sandstorm|[upkeep]\n|-damage|p1a: Toxapex|56\/100 par|[from] Sandstorm\n|upkeep\n|turn|63\n|\n|t:|1659547352\n|switch|p2a: Urshifu|Urshifu-Rapid-Strike, M|76\/100\n|move|p1a: Toxapex|Recover|p1a: Toxapex\n|-heal|p1a: Toxapex|100\/100 par\n|\n|-weather|none\n|upkeep\n|turn|64\n|\n|t:|1659547363\n|move|p2a: Urshifu|U-turn|p1a: Toxapex\n|-resisted|p1a: Toxapex\n|-damage|p1a: Toxapex|89\/100 par\n|\n|t:|1659547365\n|switch|p2a: Clefable|Clefable, F|97\/100 tox|[from]move: U-turn\n|move|p1a: Toxapex|Haze|p1a: Toxapex\n|-clearallboost\n|\n|upkeep\n|turn|65\n|\n|t:|1659547373\n|move|p2a: Clefable|Calm Mind|p2a: Clefable\n|-boost|p2a: Clefable|spa|1\n|-boost|p2a: Clefable|spd|1\n|move|p1a: Toxapex|Haze|p1a: Toxapex\n|-clearallboost\n|\n|upkeep\n|turn|66\n|\n|t:|1659547380\n|switch|p2a: Urshifu|Urshifu-Rapid-Strike, M|76\/100\n|move|p1a: Toxapex|Haze|p1a: Toxapex\n|-clearallboost\n|\n|upkeep\n|turn|67\n|\n|t:|1659547389\n|move|p2a: Urshifu|U-turn|p1a: Toxapex\n|-resisted|p1a: Toxapex\n|-damage|p1a: Toxapex|78\/100 par\n|\n|t:|1659547391\n|switch|p2a: Clefable|Clefable, F|97\/100 tox|[from]move: U-turn\n|move|p1a: Toxapex|Recover|p1a: Toxapex\n|-heal|p1a: Toxapex|100\/100 par\n|\n|upkeep\n|turn|68\n|\n|t:|1659547403\n|move|p2a: Clefable|Calm Mind|p2a: Clefable\n|-boost|p2a: Clefable|spa|1\n|-boost|p2a: Clefable|spd|1\n|move|p1a: Toxapex|Haze|p1a: Toxapex\n|-clearallboost\n|\n|upkeep\n|turn|69\n|\n|t:|1659547407\n|move|p2a: Clefable|Moonblast|p1a: Toxapex\n|-resisted|p1a: Toxapex\n|-damage|p1a: Toxapex|88\/100 par\n|move|p1a: Toxapex|Haze|p1a: Toxapex\n|-clearallboost\n|\n|upkeep\n|turn|70\n|\n|t:|1659547412\n|move|p2a: Clefable|Calm Mind|p2a: Clefable\n|-boost|p2a: Clefable|spa|1\n|-boost|p2a: Clefable|spd|1\n|move|p1a: Toxapex|Knock Off|p2a: Clefable\n|-resisted|p2a: Clefable\n|-damage|p2a: Clefable|94\/100 tox\n|\n|upkeep\n|turn|71\n|\n|t:|1659547418\n|switch|p2a: Urshifu|Urshifu-Rapid-Strike, M|76\/100\n|move|p1a: Toxapex|Haze|p1a: Toxapex\n|-clearallboost\n|\n|upkeep\n|turn|72\n|\n|t:|1659547430\n|move|p2a: Urshifu|Close Combat|p1a: Toxapex\n|-resisted|p1a: Toxapex\n|-damage|p1a: Toxapex|59\/100 par\n|-unboost|p2a: Urshifu|def|1\n|-unboost|p2a: Urshifu|spd|1\n|move|p1a: Toxapex|Toxic|p2a: Urshifu\n|-status|p2a: Urshifu|tox\n|\n|-damage|p2a: Urshifu|70\/100 tox|[from] psn\n|upkeep\n|turn|73\n|\n|t:|1659547436\n|move|p2a: Urshifu|Close Combat|p1a: Toxapex\n|-resisted|p1a: Toxapex\n|-damage|p1a: Toxapex|30\/100 par\n|-unboost|p2a: Urshifu|def|1\n|-unboost|p2a: Urshifu|spd|1\n|cant|p1a: Toxapex|par\n|\n|-damage|p2a: Urshifu|57\/100 tox|[from] psn\n|upkeep\n|turn|74\n|\n|t:|1659547441\n|switch|p1a: Buzzwole|Buzzwole|63\/100 par\n|move|p2a: Urshifu|Close Combat|p1a: Buzzwole\n|-resisted|p1a: Buzzwole\n|-damage|p1a: Buzzwole|28\/100 par\n|-unboost|p2a: Urshifu|def|1\n|-unboost|p2a: Urshifu|spd|1\n|\n|-damage|p2a: Urshifu|39\/100 tox|[from] psn\n|upkeep\n|turn|75\n|\n|t:|1659547448\n|switch|p1a: Toxapex|Toxapex, M|63\/100 par\n|move|p2a: Urshifu|Close Combat|p1a: Toxapex\n|-resisted|p1a: Toxapex\n|-damage|p1a: Toxapex|32\/100 par\n|-unboost|p2a: Urshifu|def|1\n|-unboost|p2a: Urshifu|spd|1\n|\n|-damage|p2a: Urshifu|14\/100 tox|[from] psn\n|upkeep\n|turn|76\n|\n|t:|1659547458\n|switch|p1a: Buzzwole|Buzzwole|28\/100 par\n|move|p2a: Urshifu|Close Combat|p1a: Buzzwole\n|-resisted|p1a: Buzzwole\n|-damage|p1a: Buzzwole|0 fnt\n|-unboost|p2a: Urshifu|def|1\n|-unboost|p2a: Urshifu|spd|1\n|faint|p1a: Buzzwole\n|\n|-damage|p2a: Urshifu|0 fnt|[from] psn\n|faint|p2a: Urshifu\n|upkeep\n|\n|t:|1659547462\n|switch|p2a: Clefable|Clefable, F|94\/100 tox\n|switch|p1a: Tapu Lele|Tapu Lele, shiny|12\/100\n|-fieldstart|move: Psychic Terrain|[from] ability: Psychic Surge|[of] p1a: Tapu Lele\n|turn|77\n|\n|t:|1659547471\n|move|p1a: Tapu Lele|Psychic|p2a: Clefable\n|-damage|p2a: Clefable|5\/100 tox\n|move|p2a: Clefable|Moonblast|p1a: Tapu Lele\n|-damage|p1a: Tapu Lele|0 fnt\n|faint|p1a: Tapu Lele\n|\n|upkeep\n|\n|t:|1659547476\n|switch|p1a: Tyranitar|Tyranitar, M|25\/100\n|-weather|Sandstorm|[from] ability: Sand Stream|[of] p1a: Tyranitar\n|turn|78\n|\n|t:|1659547480\n|move|p1a: Tyranitar|Earthquake|p2a: Clefable\n|-damage|p2a: Clefable|0 fnt\n|faint|p2a: Clefable\n|\n|win|HikozaruGG\n|raw|HikozaruGG's rating: 1718 &rarr; <strong>1744<\/strong><br \/>(+26 for winning)\n|raw|LT91BB Samqian's rating: 1834 &rarr; <strong>1808<\/strong><br \/>(-26 for losing)\n|l|\u203dLT91BB Samqian\n","uploadtime":1659547485,"views":74,"p1id":"hikozarugg","p2id":"lt91bbsamqian","formatid":"gen8ou","rating":1744,"private":0,"password":null}