{"id":"gen8ou-1147411123","p1":"PCL All_Stars","p2":"TryHonesty","format":"gen8ou","log":"|j|\u2606PCL All_Stars\n|j|\u2606TryHonesty\n|player|p1|PCL All_Stars|caitlin|1707\n|player|p2|TryHonesty|101|1658\n|teamsize|p1|6\n|teamsize|p2|6\n|gametype|singles\n|gen|8\n|tier|[Gen 8] OU\n|rated|\n|clearpoke\n|poke|p1|Urshifu-*, F|\n|poke|p1|Ferrothorn, M|\n|poke|p1|Volcarona, M|\n|poke|p1|Quagsire, F|\n|poke|p1|Reuniclus, M|\n|poke|p1|Noivern, F|\n|poke|p2|Weezing-Galar, M|\n|poke|p2|Chandelure, F|\n|poke|p2|Hydreigon, F|\n|poke|p2|Rillaboom, F|\n|poke|p2|Hawlucha, F|\n|poke|p2|Volcarona, M|\n|rule|Sleep Clause Mod: Limit one foe put to sleep\n|rule|Species Clause: Limit one of each Pok\u00e9mon\n|rule|OHKO Clause: OHKO moves are banned\n|rule|Evasion Moves Clause: Evasion moves are banned\n|rule|Endless Battle Clause: Forcing endless battles is banned\n|rule|HP Percentage Mod: HP is shown in percentages\n|rule|Dynamax Clause: You cannot dynamax\n|teampreview\n|inactive|Battle timer is ON: inactive players will automatically lose when time's up. (requested by TryHonesty)\n|inactive|PCL All_Stars has 120 seconds left.\n|\n|start\n|switch|p1a: Noivern|Noivern, F|100\/100\n|switch|p2a: Chandelure|Chandelure, F|100\/100\n|turn|1\n|inactive|TryHonesty has 120 seconds left.\n|\n|move|p1a: Noivern|Draco Meteor|p2a: Chandelure\n|-damage|p2a: Chandelure|19\/100\n|-unboost|p1a: Noivern|spa|2\n|-damage|p1a: Noivern|91\/100|[from] item: Life Orb\n|move|p2a: Chandelure|Shadow Ball|p1a: Noivern\n|-damage|p1a: Noivern|1\/100\n|\n|upkeep\n|turn|2\n|inactive|TryHonesty has 120 seconds left.\n|\n|switch|p1a: Urshifu|Urshifu, F|100\/100\n|switch|p2a: Weezing|Weezing-Galar, M|100\/100\n|-ability|p2a: Weezing|Neutralizing Gas\n|\n|upkeep\n|turn|3\n|inactive|PCL All_Stars has 120 seconds left.\n|\n|move|p1a: Urshifu|U-turn|p2a: Weezing\n|-resisted|p2a: Weezing\n|-damage|p2a: Weezing|95\/100\n|inactive|PCL All_Stars has 120 seconds left.\n|\n|switch|p1a: Reuniclus|Reuniclus, M|100\/100|[from]move: U-turn\n|move|p2a: Weezing|Toxic Spikes|p1a: Reuniclus\n|-sidestart|p1: PCL All_Stars|move: Toxic Spikes\n|\n|-heal|p2a: Weezing|100\/100|[from] item: Black Sludge\n|upkeep\n|turn|4\n|inactive|TryHonesty has 120 seconds left.\n|\n|switch|p2a: Hydreigon|Hydreigon, F|100\/100\n|move|p1a: Reuniclus|Focus Blast|p2a: Hydreigon|[miss]\n|-miss|p1a: Reuniclus|p2a: Hydreigon\n|\n|upkeep\n|turn|5\n|\n|switch|p1a: Ferrothorn|Ferrothorn, M|100\/100\n|move|p2a: Hydreigon|Dark Pulse|p1a: Ferrothorn\n|-damage|p1a: Ferrothorn|69\/100\n|-damage|p2a: Hydreigon|91\/100|[from] item: Life Orb\n|\n|upkeep\n|turn|6\n|\n|move|p2a: Hydreigon|Taunt|p1a: Ferrothorn\n|-start|p1a: Ferrothorn|move: Taunt\n|cant|p1a: Ferrothorn|move: Taunt|Leech Seed\n|\n|upkeep\n|turn|7\n|\n|move|p2a: Hydreigon|Nasty Plot|p2a: Hydreigon\n|-boost|p2a: Hydreigon|spa|2\n|move|p1a: Ferrothorn|Gyro Ball|p2a: Hydreigon\n|-damage|p2a: Hydreigon|31\/100\n|\n|upkeep\n|turn|8\n|\n|move|p2a: Hydreigon|Dark Pulse|p1a: Ferrothorn\n|-damage|p1a: Ferrothorn|2\/100\n|-damage|p2a: Hydreigon|21\/100|[from] item: Life Orb\n|move|p1a: Ferrothorn|Gyro Ball|p2a: Hydreigon\n|-damage|p2a: Hydreigon|0 fnt\n|faint|p2a: Hydreigon\n|\n|-end|p1a: Ferrothorn|move: Taunt\n|upkeep\n|\n|switch|p2a: Chandelure|Chandelure, F|19\/100\n|turn|9\n|inactive|PCL All_Stars has 120 seconds left.\n|\n|move|p2a: Chandelure|Shadow Ball|p1a: Ferrothorn\n|-damage|p1a: Ferrothorn|0 fnt\n|faint|p1a: Ferrothorn\n|\n|upkeep\n|\n|switch|p1a: Urshifu|Urshifu, F|100\/100\n|-status|p1a: Urshifu|psn\n|turn|10\n|\n|switch|p2a: Weezing|Weezing-Galar, M|100\/100\n|-ability|p2a: Weezing|Neutralizing Gas\n|move|p1a: Urshifu|U-turn|p2a: Weezing\n|-resisted|p2a: Weezing\n|-damage|p2a: Weezing|95\/100\n|\n|switch|p1a: Reuniclus|Reuniclus, M|100\/100|[from]move: U-turn\n|-status|p1a: Reuniclus|psn\n|\n|-heal|p2a: Weezing|100\/100|[from] item: Black Sludge\n|-damage|p1a: Reuniclus|88\/100 psn|[from] psn\n|upkeep\n|turn|11\n|\n|switch|p2a: Rillaboom|Rillaboom, F|100\/100\n|-fieldstart|move: Grassy Terrain|[from] ability: Grassy Surge|[of] p2a: Rillaboom\n|move|p1a: Reuniclus|Calm Mind|p1a: Reuniclus\n|-boost|p1a: Reuniclus|spa|1\n|-boost|p1a: Reuniclus|spd|1\n|\n|-heal|p1a: Reuniclus|94\/100 psn|[from] Grassy Terrain\n|upkeep\n|turn|12\n|\n|switch|p1a: Volcarona|Volcarona, M|100\/100\n|move|p2a: Rillaboom|Swords Dance|p2a: Rillaboom\n|-boost|p2a: Rillaboom|atk|2\n|\n|upkeep\n|turn|13\n|inactive|PCL All_Stars has 120 seconds left.\n|\n|move|p1a: Volcarona|Fire Blast|p2a: Rillaboom\n|-supereffective|p2a: Rillaboom\n|-damage|p2a: Rillaboom|0 fnt\n|faint|p2a: Rillaboom\n|\n|upkeep\n|\n|switch|p2a: Volcarona|Volcarona, M|100\/100\n|-enditem|p2a: Volcarona|Grassy Seed\n|-boost|p2a: Volcarona|def|1|[from] item: Grassy Seed\n|turn|14\n|\n|move|p1a: Volcarona|Quiver Dance|p1a: Volcarona\n|-boost|p1a: Volcarona|spa|1\n|-boost|p1a: Volcarona|spd|1\n|-boost|p1a: Volcarona|spe|1\n|move|p2a: Volcarona|Quiver Dance|p2a: Volcarona\n|-boost|p2a: Volcarona|spa|1\n|-boost|p2a: Volcarona|spd|1\n|-boost|p2a: Volcarona|spe|1\n|\n|upkeep\n|turn|15\n|\n|move|p1a: Volcarona|Quiver Dance|p1a: Volcarona\n|-boost|p1a: Volcarona|spa|1\n|-boost|p1a: Volcarona|spd|1\n|-boost|p1a: Volcarona|spe|1\n|move|p2a: Volcarona|Quiver Dance|p2a: Volcarona\n|-boost|p2a: Volcarona|spa|1\n|-boost|p2a: Volcarona|spd|1\n|-boost|p2a: Volcarona|spe|1\n|\n|-fieldend|move: Grassy Terrain\n|upkeep\n|turn|16\n|\n|move|p1a: Volcarona|Quiver Dance|p1a: Volcarona\n|-boost|p1a: Volcarona|spa|1\n|-boost|p1a: Volcarona|spd|1\n|-boost|p1a: Volcarona|spe|1\n|move|p2a: Volcarona|Quiver Dance|p2a: Volcarona\n|-boost|p2a: Volcarona|spa|1\n|-boost|p2a: Volcarona|spd|1\n|-boost|p2a: Volcarona|spe|1\n|\n|upkeep\n|turn|17\n|\n|move|p1a: Volcarona|Quiver Dance|p1a: Volcarona\n|-boost|p1a: Volcarona|spa|1\n|-boost|p1a: Volcarona|spd|1\n|-boost|p1a: Volcarona|spe|1\n|move|p2a: Volcarona|Quiver Dance|p2a: Volcarona\n|-boost|p2a: Volcarona|spa|1\n|-boost|p2a: Volcarona|spd|1\n|-boost|p2a: Volcarona|spe|1\n|\n|upkeep\n|turn|18\n|\n|move|p1a: Volcarona|Quiver Dance|p1a: Volcarona\n|-boost|p1a: Volcarona|spa|1\n|-boost|p1a: Volcarona|spd|1\n|-boost|p1a: Volcarona|spe|1\n|move|p2a: Volcarona|Quiver Dance|p2a: Volcarona\n|-boost|p2a: Volcarona|spa|1\n|-boost|p2a: Volcarona|spd|1\n|-boost|p2a: Volcarona|spe|1\n|\n|upkeep\n|turn|19\n|\n|move|p1a: Volcarona|Quiver Dance|p1a: Volcarona\n|-boost|p1a: Volcarona|spa|1\n|-boost|p1a: Volcarona|spd|1\n|-boost|p1a: Volcarona|spe|1\n|move|p2a: Volcarona|Quiver Dance|p2a: Volcarona\n|-boost|p2a: Volcarona|spa|1\n|-boost|p2a: Volcarona|spd|1\n|-boost|p2a: Volcarona|spe|1\n|\n|upkeep\n|turn|20\n|\n|move|p1a: Volcarona|Fire Blast|p2a: Volcarona\n|-damage|p2a: Volcarona|45\/100\n|move|p2a: Volcarona|Fiery Dance|p1a: Volcarona\n|-damage|p1a: Volcarona|60\/100\n|\n|upkeep\n|turn|21\n|\n|switch|p2a: Chandelure|Chandelure, F|19\/100\n|move|p1a: Volcarona|Fire Blast|p2a: Chandelure\n|-start|p2a: Chandelure|ability: Flash Fire\n|\n|upkeep\n|turn|22\n|\n|move|p1a: Volcarona|Psychic|p2a: Chandelure\n|-damage|p2a: Chandelure|0 fnt\n|faint|p2a: Chandelure\n|\n|upkeep\n|-message|TryHonesty forfeited.\n|\n|win|PCL All_Stars\n|l|\u2606TryHonesty\n||Ladder (probably) updated, but score could not be retrieved (Request timeout).\n","uploadtime":1594219479,"views":2,"p1id":"pclallstars","p2id":"tryhonesty","formatid":"gen8ou","rating":0,"private":0,"password":null}