{"id":"gen8bdspubers-1586617197","p1":"Vaxxed","p2":"Ill Leave","format":"gen8bdspubers","log":"|j|\u2606Vaxxed\n|j|\u2606Ill Leave\n|t:|1654024209\n|gametype|singles\n|player|p1|Vaxxed|1|1212\n|player|p2|Ill Leave|102|1342\n|teamsize|p1|6\n|teamsize|p2|6\n|gen|8\n|tier|[Gen 8 BDSP] Ubers\n|rated|\n|rule|Sleep Clause Mod: Limit one foe put to sleep\n|rule|Species Clause: Limit one of each Pok\u00e9mon\n|rule|OHKO Clause: OHKO moves are banned\n|rule|Evasion Moves Clause: Evasion moves are banned\n|rule|Endless Battle Clause: Forcing endless battles is banned\n|rule|HP Percentage Mod: HP is shown in percentages\n|clearpoke\n|poke|p1|Mewtwo|\n|poke|p1|Palkia|\n|poke|p1|Blissey, F|\n|poke|p1|Deoxys-Speed|\n|poke|p1|Giratina|\n|poke|p1|Arceus-*|\n|poke|p2|Arceus-*|\n|poke|p2|Weezing, M|\n|poke|p2|Shaymin-Sky|\n|poke|p2|Groudon|\n|poke|p2|Dialga|\n|poke|p2|Giratina|\n|teampreview\n|inactive|Battle timer is ON: inactive players will automatically lose when time's up. (requested by Vaxxed)\n|\n|t:|1654024215\n|start\n|switch|p1a: Deoxys|Deoxys-Speed|100\/100\n|switch|p2a: Groudon|Groudon|100\/100\n|-ability|p1a: Deoxys|Pressure\n|-weather|SunnyDay|[from] ability: Drought|[of] p2a: Groudon\n|turn|1\n|\n|t:|1654024219\n|move|p1a: Deoxys|Taunt|p2a: Groudon\n|-start|p2a: Groudon|move: Taunt\n|move|p2a: Groudon|Earthquake|p1a: Deoxys\n|-damage|p1a: Deoxys|24\/100\n|\n|-weather|SunnyDay|[upkeep]\n|upkeep\n|turn|2\n|\n|t:|1654024224\n|move|p1a: Deoxys|Stealth Rock|p2a: Groudon\n|-sidestart|p2: Ill Leave|move: Stealth Rock\n|move|p2a: Groudon|Earthquake|p1a: Deoxys\n|-damage|p1a: Deoxys|0 fnt\n|faint|p1a: Deoxys\n|\n|-weather|SunnyDay|[upkeep]\n|upkeep\n|\n|t:|1654024235\n|switch|p1a: Palkia|Palkia|100\/100\n|-ability|p1a: Palkia|Pressure\n|turn|3\n|\n|t:|1654024240\n|move|p1a: Palkia|Spacial Rend|p2a: Groudon\n|-damage|p2a: Groudon|61\/100\n|move|p2a: Groudon|Earthquake|p1a: Palkia\n|-damage|p1a: Palkia|55\/100\n|\n|-weather|SunnyDay|[upkeep]\n|-heal|p1a: Palkia|61\/100|[from] item: Leftovers\n|-heal|p2a: Groudon|67\/100|[from] item: Leftovers\n|-end|p2a: Groudon|move: Taunt\n|upkeep\n|turn|4\n|\n|t:|1654024251\n|move|p1a: Palkia|Spacial Rend|p2a: Groudon\n|-damage|p2a: Groudon|31\/100\n|move|p2a: Groudon|Stealth Rock|p1a: Palkia\n|-sidestart|p1: Vaxxed|move: Stealth Rock\n|\n|-weather|SunnyDay|[upkeep]\n|-heal|p1a: Palkia|67\/100|[from] item: Leftovers\n|-heal|p2a: Groudon|38\/100|[from] item: Leftovers\n|upkeep\n|turn|5\n|\n|t:|1654024260\n|move|p1a: Palkia|Spacial Rend|p2a: Groudon\n|-damage|p2a: Groudon|0 fnt\n|faint|p2a: Groudon\n|\n|-weather|none\n|-heal|p1a: Palkia|73\/100|[from] item: Leftovers\n|upkeep\n|\n|t:|1654024267\n|switch|p2a: Shaymin|Shaymin-Sky|100\/100\n|-damage|p2a: Shaymin|75\/100|[from] Stealth Rock\n|turn|6\n|\n|t:|1654024271\n|move|p2a: Shaymin|Air Slash|p1a: Palkia|[miss]\n|-miss|p2a: Shaymin|p1a: Palkia\n|move|p1a: Palkia|Thunder Wave|p2a: Shaymin\n|-status|p2a: Shaymin|par\n|\n|-heal|p1a: Palkia|79\/100|[from] item: Leftovers\n|-heal|p2a: Shaymin|82\/100 par|[from] item: Leftovers\n|upkeep\n|turn|7\n|\n|t:|1654024276\n|move|p1a: Palkia|Fire Blast|p2a: Shaymin\n|-supereffective|p2a: Shaymin\n|-damage|p2a: Shaymin|5\/100 par\n|cant|p2a: Shaymin|par\n|\n|-heal|p1a: Palkia|85\/100|[from] item: Leftovers\n|-heal|p2a: Shaymin|12\/100 par|[from] item: Leftovers\n|upkeep\n|turn|8\n|\n|t:|1654024286\n|move|p1a: Palkia|Spacial Rend|p2a: Shaymin\n|-damage|p2a: Shaymin|0 fnt\n|faint|p2a: Shaymin\n|\n|-heal|p1a: Palkia|91\/100|[from] item: Leftovers\n|upkeep\n|\n|t:|1654024293\n|switch|p2a: Dialga|Dialga|100\/100\n|-damage|p2a: Dialga|94\/100|[from] Stealth Rock\n|-ability|p2a: Dialga|Pressure\n|turn|9\n|\n|t:|1654024302\n|switch|p1a: Blissey|Blissey, F|100\/100\n|-damage|p1a: Blissey|88\/100|[from] Stealth Rock\n|move|p2a: Dialga|Substitute|p2a: Dialga\n|-start|p2a: Dialga|Substitute\n|-damage|p2a: Dialga|69\/100\n|\n|-heal|p2a: Dialga|75\/100|[from] item: Leftovers\n|-heal|p1a: Blissey|94\/100|[from] item: Leftovers\n|upkeep\n|turn|10\n|\n|t:|1654024305\n|move|p2a: Dialga|Bulk Up|p2a: Dialga\n|-boost|p2a: Dialga|atk|1\n|-boost|p2a: Dialga|def|1\n|move|p1a: Blissey|Seismic Toss|p2a: Dialga\n|-activate|p2a: Dialga|move: Substitute|[damage]\n|\n|-heal|p2a: Dialga|82\/100|[from] item: Leftovers\n|-heal|p1a: Blissey|99\/100|[from] item: Leftovers\n|upkeep\n|turn|11\n|\n|t:|1654024313\n|move|p2a: Dialga|Bulk Up|p2a: Dialga\n|-boost|p2a: Dialga|atk|1\n|-boost|p2a: Dialga|def|1\n|move|p1a: Blissey|Seismic Toss|p2a: Dialga\n|-end|p2a: Dialga|Substitute\n|\n|-heal|p2a: Dialga|88\/100|[from] item: Leftovers\n|-heal|p1a: Blissey|100\/100|[from] item: Leftovers\n|upkeep\n|turn|12\n|\n|t:|1654024324\n|switch|p1a: Giratina|Giratina, shiny|100\/100\n|-damage|p1a: Giratina|88\/100|[from] Stealth Rock\n|-ability|p1a: Giratina|Pressure\n|move|p2a: Dialga|Substitute|p2a: Dialga\n|-start|p2a: Dialga|Substitute\n|-damage|p2a: Dialga|63\/100\n|\n|-heal|p2a: Dialga|69\/100|[from] item: Leftovers\n|upkeep\n|turn|13\n|\n|t:|1654024331\n|move|p1a: Giratina|Shadow Ball|p2a: Dialga\n|-activate|p2a: Dialga|move: Substitute|[damage]\n|move|p2a: Dialga|Dragon Claw|p1a: Giratina\n|-supereffective|p1a: Giratina\n|-enditem|p1a: Giratina|Haban Berry|[eat]\n|-enditem|p1a: Giratina|Haban Berry|[weaken]\n|-damage|p1a: Giratina|50\/100\n|\n|-heal|p2a: Dialga|75\/100|[from] item: Leftovers\n|upkeep\n|turn|14\n|\n|t:|1654024340\n|move|p2a: Dialga|Protect|p2a: Dialga\n|-singleturn|p2a: Dialga|Protect\n|move|p1a: Giratina|Shadow Ball|p2a: Dialga\n|-activate|p2a: Dialga|move: Protect\n|\n|-heal|p2a: Dialga|81\/100|[from] item: Leftovers\n|upkeep\n|turn|15\n|\n|t:|1654024344\n|move|p1a: Giratina|Shadow Ball|p2a: Dialga\n|-end|p2a: Dialga|Substitute\n|move|p2a: Dialga|Substitute|p2a: Dialga\n|-start|p2a: Dialga|Substitute\n|-damage|p2a: Dialga|56\/100\n|\n|-heal|p2a: Dialga|63\/100|[from] item: Leftovers\n|upkeep\n|turn|16\n|\n|t:|1654024351\n|move|p2a: Dialga|Protect|p2a: Dialga\n|-singleturn|p2a: Dialga|Protect\n|move|p1a: Giratina|Shadow Ball|p2a: Dialga\n|-activate|p2a: Dialga|move: Protect\n|\n|-heal|p2a: Dialga|69\/100|[from] item: Leftovers\n|upkeep\n|turn|17\n|\n|t:|1654024353\n|move|p1a: Giratina|Shadow Ball|p2a: Dialga\n|-activate|p2a: Dialga|move: Substitute|[damage]\n|move|p2a: Dialga|Dragon Claw|p1a: Giratina\n|-supereffective|p1a: Giratina\n|-damage|p1a: Giratina|0 fnt\n|faint|p1a: Giratina\n|\n|-heal|p2a: Dialga|75\/100|[from] item: Leftovers\n|upkeep\n|\n|t:|1654024361\n|switch|p1a: Palkia|Palkia|91\/100\n|-damage|p1a: Palkia|78\/100|[from] Stealth Rock\n|-ability|p1a: Palkia|Pressure\n|turn|18\n|\n|t:|1654024366\n|move|p1a: Palkia|Spacial Rend|p2a: Dialga\n|-end|p2a: Dialga|Substitute\n|move|p2a: Dialga|Dragon Claw|p1a: Palkia\n|-supereffective|p1a: Palkia\n|-crit|p1a: Palkia\n|-damage|p1a: Palkia|0 fnt\n|faint|p1a: Palkia\n|\n|-heal|p2a: Dialga|81\/100|[from] item: Leftovers\n|upkeep\n|\n|t:|1654024372\n|switch|p1a: Mewtwo|Mewtwo, shiny|100\/100\n|-ability|p1a: Mewtwo|Unnerve\n|-damage|p1a: Mewtwo|88\/100|[from] Stealth Rock\n|turn|19\n|\n|t:|1654024377\n|move|p2a: Dialga|Protect|p2a: Dialga\n|-singleturn|p2a: Dialga|Protect\n|move|p1a: Mewtwo|Nasty Plot|p1a: Mewtwo\n|-boost|p1a: Mewtwo|spa|2\n|\n|-heal|p2a: Dialga|87\/100|[from] item: Leftovers\n|upkeep\n|turn|20\n|c|\u2606Vaxxed|;)\n|\n|t:|1654024384\n|move|p1a: Mewtwo|Aura Sphere|p2a: Dialga\n|-supereffective|p2a: Dialga\n|-damage|p2a: Dialga|0 fnt\n|faint|p2a: Dialga\n|-damage|p1a: Mewtwo|78\/100|[from] item: Life Orb\n|\n|upkeep\n|\n|t:|1654024390\n|switch|p2a: Giratina|Giratina|100\/100\n|-damage|p2a: Giratina|88\/100|[from] Stealth Rock\n|-ability|p2a: Giratina|Pressure\n|turn|21\n|\n|t:|1654024392\n|move|p1a: Mewtwo|Ice Beam|p2a: Giratina\n|-supereffective|p2a: Giratina\n|-damage|p2a: Giratina|0 fnt\n|faint|p2a: Giratina\n|-damage|p1a: Mewtwo|68\/100|[from] item: Life Orb\n|\n|upkeep\n|-message|Ill Leave forfeited.\n|\n|win|Vaxxed\n|raw|Vaxxed's rating: 1212 &rarr; <strong>1246<\/strong><br \/>(+34 for winning)\n|raw|Ill Leave's rating: 1349 &rarr; <strong>1321<\/strong><br \/>(-28 for losing)\n|l|\u2606Ill Leave\n||Ladder isn't responding, score probably updated but might not have (Request timeout).\n|c|\u2606Vaxxed|\/log Vaxxed made this room public.\n","uploadtime":1654024398,"views":73,"p1id":"vaxxed","p2id":"illleave","formatid":"gen8bdspubers","rating":1246,"private":0,"password":null}