{"id":"gen8ou-1698472519","p1":"Mel0nL0rd","p2":"Shinjou Akane","format":"gen8ou","log":"|j|\u2606Mel0nL0rd\n|j|\u2606Shinjou Akane\n|t:|1667127691\n|gametype|singles\n|player|p1|Mel0nL0rd|n|1596\n|player|p2|Shinjou Akane|nurse|1592\n|teamsize|p1|6\n|teamsize|p2|6\n|gen|8\n|tier|[Gen 8] OU\n|rated|\n|rule|Sleep Clause Mod: Limit one foe put to sleep\n|rule|Species Clause: Limit one of each Pok\u00e9mon\n|rule|OHKO Clause: OHKO moves are banned\n|rule|Evasion Items Clause: Evasion items are banned\n|rule|Evasion Moves Clause: Evasion moves are banned\n|rule|Endless Battle Clause: Forcing endless battles is banned\n|rule|HP Percentage Mod: HP is shown in percentages\n|rule|Dynamax Clause: You cannot dynamax\n|clearpoke\n|poke|p1|Landorus-Therian, M|\n|poke|p1|Tapu Lele|\n|poke|p1|Alakazam, M|\n|poke|p1|Ferrothorn, M|\n|poke|p1|Moltres-Galar|\n|poke|p1|Toxapex, M|\n|poke|p2|Klefki, M|\n|poke|p2|Nidoking, M|\n|poke|p2|Urshifu-*, F|\n|poke|p2|Kartana|\n|poke|p2|Tapu Fini|\n|poke|p2|Landorus-Therian, M|\n|teampreview\n|inactive|Battle timer is ON: inactive players will automatically lose when time's up. (requested by Mel0nL0rd)\n|\n|t:|1667127714\n|start\n|switch|p1a: Ferrothorn|Ferrothorn, M|100\/100\n|switch|p2a: Klefki|Klefki, M|100\/100\n|turn|1\n|\n|t:|1667127718\n|move|p2a: Klefki|Spikes|p1a: Ferrothorn\n|-sidestart|p1: Mel0nL0rd|Spikes\n|move|p1a: Ferrothorn|Stealth Rock|p2a: Klefki\n|-sidestart|p2: Shinjou Akane|move: Stealth Rock\n|\n|upkeep\n|turn|2\n|\n|t:|1667127724\n|switch|p2a: Nidoking|Nidoking, M|100\/100\n|-damage|p2a: Nidoking|95\/100|[from] Stealth Rock\n|move|p1a: Ferrothorn|Leech Seed|p2a: Nidoking\n|-start|p2a: Nidoking|move: Leech Seed\n|\n|-damage|p2a: Nidoking|82\/100|[from] Leech Seed|[of] p1a: Ferrothorn\n|upkeep\n|turn|3\n|\n|t:|1667127730\n|switch|p1a: Toxapex|Toxapex, M|100\/100\n|-damage|p1a: Toxapex|88\/100|[from] Spikes\n|move|p2a: Nidoking|Earth Power|p1a: Toxapex\n|-supereffective|p1a: Toxapex\n|-damage|p1a: Toxapex|0 fnt\n|faint|p1a: Toxapex\n|\n|upkeep\n|\n|t:|1667127734\n|switch|p1a: Alakazam|Alakazam, M|100\/100\n|turn|4\n|\n|t:|1667127748\n|switch|p2a: Klefki|Klefki, M|100\/100\n|-damage|p2a: Klefki|95\/100|[from] Stealth Rock\n|move|p1a: Alakazam|Nasty Plot|p1a: Alakazam\n|-boost|p1a: Alakazam|spa|2\n|\n|upkeep\n|turn|5\n|\n|t:|1667127758\n|switch|p1a: Landorus|Landorus-Therian, M|100\/100\n|-ability|p1a: Landorus|Intimidate|boost\n|-unboost|p2a: Klefki|atk|1\n|move|p2a: Klefki|Thunder Wave|p1a: Landorus\n|-immune|p1a: Landorus\n|\n|upkeep\n|turn|6\n|\n|t:|1667127761\n|move|p2a: Klefki|Fairy Lock|p2a: Klefki\n|-fieldactivate|move: Fairy Lock\n|move|p1a: Landorus|Earthquake|p2a: Klefki\n|-supereffective|p2a: Klefki\n|-damage|p2a: Klefki|1\/100\n|-enditem|p2a: Klefki|Eject Button\n|\n|t:|1667127767\n|switch|p2a: Urshifu|Urshifu-Rapid-Strike, F|100\/100\n|-damage|p2a: Urshifu|94\/100|[from] Stealth Rock\n|\n|upkeep\n|turn|7\n|\n|t:|1667127774\n|move|p2a: Urshifu|Surging Strikes|p1a: Landorus\n|-supereffective|p1a: Landorus\n|-crit|p1a: Landorus\n|-damage|p1a: Landorus|47\/100\n|-supereffective|p1a: Landorus\n|-crit|p1a: Landorus\n|-damage|p1a: Landorus|0 fnt\n|faint|p1a: Landorus\n|-hitcount|p1: Landorus|2\n|\n|upkeep\n|\n|t:|1667127779\n|switch|p1a: Tapu Lele|Tapu Lele|100\/100\n|-damage|p1a: Tapu Lele|88\/100|[from] Spikes\n|-fieldstart|move: Psychic Terrain|[from] ability: Psychic Surge|[of] p1a: Tapu Lele\n|turn|8\n|\n|t:|1667127788\n|switch|p2a: Klefki|Klefki, M|1\/100\n|-damage|p2a: Klefki|0 fnt|[from] Stealth Rock\n|faint|p2a: Klefki\n|switch|p1a: Ferrothorn|Ferrothorn, M|100\/100\n|-damage|p1a: Ferrothorn|88\/100|[from] Spikes\n|\n|-heal|p1a: Ferrothorn|94\/100|[from] item: Leftovers\n|upkeep\n|\n|t:|1667127795\n|switch|p2a: Nidoking|Nidoking, M|82\/100\n|-damage|p2a: Nidoking|76\/100|[from] Stealth Rock\n|turn|9\n|\n|t:|1667127798\n|move|p2a: Nidoking|Flamethrower|p1a: Ferrothorn\n|-supereffective|p1a: Ferrothorn\n|-damage|p1a: Ferrothorn|0 fnt\n|faint|p1a: Ferrothorn\n|\n|upkeep\n|\n|t:|1667127801\n|switch|p1a: Alakazam|Alakazam, M|100\/100\n|turn|10\n|\n|t:|1667127807\n|move|p1a: Alakazam|Expanding Force|p2a: Nidoking\n|-supereffective|p2a: Nidoking\n|-damage|p2a: Nidoking|0 fnt\n|faint|p2a: Nidoking\n|\n|upkeep\n|\n|t:|1667127810\n|switch|p2a: Tapu Fini|Tapu Fini, shiny|100\/100\n|-damage|p2a: Tapu Fini|88\/100|[from] Stealth Rock\n|-fieldstart|move: Misty Terrain|[from] ability: Misty Surge|[of] p2a: Tapu Fini\n|turn|11\n|\n|t:|1667127814\n|switch|p1a: Tapu Lele|Tapu Lele|88\/100\n|-damage|p1a: Tapu Lele|76\/100|[from] Spikes\n|-fieldstart|move: Psychic Terrain|[from] ability: Psychic Surge|[of] p1a: Tapu Lele\n|move|p2a: Tapu Fini|Moonblast|p1a: Tapu Lele\n|-damage|p1a: Tapu Lele|33\/100\n|\n|upkeep\n|turn|12\n|\n|t:|1667127819\n|move|p2a: Tapu Fini|Moonblast|p1a: Tapu Lele\n|-damage|p1a: Tapu Lele|0 fnt\n|faint|p1a: Tapu Lele\n|\n|upkeep\n|\n|t:|1667127830\n|switch|p1a: Moltres|Moltres-Galar|100\/100\n|turn|13\n|\n|t:|1667127832\n|move|p2a: Tapu Fini|Moonblast|p1a: Moltres\n|-supereffective|p1a: Moltres\n|-damage|p1a: Moltres|43\/100\n|-unboost|p1a: Moltres|spa|1\n|-ability|p1a: Moltres|Berserk|boost\n|-boost|p1a: Moltres|spa|1\n|move|p1a: Moltres|Agility|p1a: Moltres\n|-boost|p1a: Moltres|spe|2\n|\n|upkeep\n|turn|14\n|\n|t:|1667127837\n|move|p1a: Moltres|Hurricane|p2a: Tapu Fini|[miss]\n|-miss|p1a: Moltres|p2a: Tapu Fini\n|move|p2a: Tapu Fini|Moonblast|p1a: Moltres\n|-supereffective|p1a: Moltres\n|-damage|p1a: Moltres|0 fnt\n|faint|p1a: Moltres\n|\n|upkeep\n|\n|t:|1667127840\n|switch|p1a: Alakazam|Alakazam, M|100\/100\n|turn|15\n|\n|t:|1667127843\n|move|p2a: Tapu Fini|Moonblast|p1a: Alakazam\n|-damage|p1a: Alakazam|48\/100\n|-unboost|p1a: Alakazam|spa|1\n|move|p1a: Alakazam|Expanding Force|p2a: Tapu Fini\n|-damage|p2a: Tapu Fini|32\/100\n|\n|-fieldend|move: Psychic Terrain\n|upkeep\n|turn|16\n|c|\u2606Mel0nL0rd|gg\n|-message|Mel0nL0rd forfeited.\n|\n|win|Shinjou Akane\n|raw|Mel0nL0rd's rating: 1596 &rarr; <strong>1576<\/strong><br \/>(-20 for losing)\n|raw|Shinjou Akane's rating: 1592 &rarr; <strong>1612<\/strong><br \/>(+20 for winning)\n|l|\u2606Mel0nL0rd\n|c|\u2606Shinjou Akane|gg\n","uploadtime":1667127858,"views":10,"p1id":"mel0nl0rd","p2id":"shinjouakane","formatid":"gen8ou","rating":1576,"private":0,"password":null}