{"id":"gen8nationaldex-1556198947","p1":"RTSG tests","p2":"K302","format":"gen8nationaldex","log":"|j|\u2606RTSG tests\n|j|\u2606K302\n|inactive|Battle timer is ON: inactive players will automatically lose when time's up.\n|t:|1650310211\n|gametype|singles\n|player|p1|RTSG tests|hilbert|\n|player|p2|K302|petrel|\n|teamsize|p1|6\n|teamsize|p2|6\n|gen|8\n|tier|[Gen 8] National Dex\n|rated|Tournament battle\n|rule|HP Percentage Mod: HP is shown in percentages\n|rule|Endless Battle Clause: Forcing endless battles is banned\n|rule|OHKO Clause: OHKO moves are banned\n|rule|Evasion Moves Clause: Evasion moves are banned\n|rule|Species Clause: Limit one of each Pok\u00e9mon\n|rule|Dynamax Clause: You cannot dynamax\n|rule|Sleep Clause Mod: Limit one foe put to sleep\n|clearpoke\n|poke|p1|Sceptile, M|\n|poke|p1|Rillaboom, M|\n|poke|p1|Tyranitar, F|\n|poke|p1|Magnezone|\n|poke|p1|Azumarill, M|\n|poke|p1|Landorus-Therian, M|\n|poke|p2|Landorus-Therian, M|\n|poke|p2|Volcarona, F|\n|poke|p2|Kommo-o, F|\n|poke|p2|Mawile, F|\n|poke|p2|Hawlucha, M|\n|poke|p2|Tapu Koko|\n|teampreview\n|\n|t:|1650310240\n|start\n|switch|p1a: Sceptile|Sceptile, M|100\/100\n|switch|p2a: Landorus|Landorus-Therian, M|100\/100\n|-ability|p2a: Landorus|Intimidate|boost\n|-unboost|p1a: Sceptile|atk|1\n|turn|1\n|\n|t:|1650310244\n|detailschange|p1a: Sceptile|Sceptile-Mega, M\n|-mega|p1a: Sceptile|Sceptile|Sceptilite\n|move|p1a: Sceptile|Dragon Pulse|p2a: Landorus\n|-damage|p2a: Landorus|40\/100\n|move|p2a: Landorus|Stealth Rock|p1a: Sceptile\n|-sidestart|p1: RTSG tests|move: Stealth Rock\n|\n|upkeep\n|turn|2\n|j|+TheRainQueen2\n|\n|t:|1650310255\n|move|p1a: Sceptile|Giga Drain|p2a: Landorus\n|-damage|p2a: Landorus|0 fnt\n|faint|p2a: Landorus\n|\n|upkeep\n|\n|t:|1650310257\n|switch|p2a: Mawile|Mawile, F|100\/100\n|-ability|p2a: Mawile|Intimidate|boost\n|-unboost|p1a: Sceptile|atk|1\n|turn|3\n|\n|t:|1650310264\n|switch|p1a: Magnezone|Magnezone|100\/100\n|-damage|p1a: Magnezone|94\/100|[from] Stealth Rock\n|detailschange|p2a: Mawile|Mawile-Mega, F\n|-mega|p2a: Mawile|Mawile|Mawilite\n|move|p2a: Mawile|Knock Off|p1a: Magnezone\n|-damage|p1a: Magnezone|51\/100\n|\n|upkeep\n|turn|4\n|\n|t:|1650310270\n|move|p1a: Magnezone|Substitute|p1a: Magnezone\n|-start|p1a: Magnezone|Substitute\n|-damage|p1a: Magnezone|26\/100\n|move|p2a: Mawile|Knock Off|p1a: Magnezone\n|-crit|p1a: Magnezone\n|-end|p1a: Magnezone|Substitute\n|\n|upkeep\n|turn|5\n|\n|t:|1650310275\n|move|p2a: Mawile|Sucker Punch|p1a: Magnezone\n|-damage|p1a: Magnezone|0 fnt\n|faint|p1a: Magnezone\n|\n|upkeep\n|\n|t:|1650310279\n|switch|p1a: Tyranitar|Tyranitar, F|100\/100\n|-damage|p1a: Tyranitar|88\/100|[from] Stealth Rock\n|-weather|Sandstorm|[from] ability: Sand Stream|[of] p1a: Tyranitar\n|turn|6\n|\n|t:|1650310283\n|move|p1a: Tyranitar|High Horsepower|p2a: Mawile\n|-supereffective|p2a: Mawile\n|-damage|p2a: Mawile|0 fnt\n|faint|p2a: Mawile\n|\n|-weather|Sandstorm|[upkeep]\n|upkeep\n|\n|t:|1650310288\n|switch|p2a: Tapu Koko|Tapu Koko|100\/100\n|-fieldstart|move: Electric Terrain|[from] ability: Electric Surge|[of] p2a: Tapu Koko\n|turn|7\n|\n|t:|1650310291\n|move|p2a: Tapu Koko|U-turn|p1a: Tyranitar\n|-supereffective|p1a: Tyranitar\n|-damage|p1a: Tyranitar|52\/100\n|\n|t:|1650310293\n|switch|p2a: Hawlucha|Hawlucha, M|100\/100|[from]move: U-turn\n|-enditem|p2a: Hawlucha|Electric Seed\n|-boost|p2a: Hawlucha|def|1|[from] item: Electric Seed\n|move|p1a: Tyranitar|High Horsepower|p2a: Hawlucha\n|-immune|p2a: Hawlucha\n|\n|-weather|Sandstorm|[upkeep]\n|-damage|p2a: Hawlucha|94\/100|[from] Sandstorm\n|upkeep\n|turn|8\n|\n|t:|1650310300\n|switch|p1a: Landorus|Landorus-Therian, M|100\/100\n|-damage|p1a: Landorus|88\/100|[from] Stealth Rock\n|-ability|p1a: Landorus|Intimidate|boost\n|-unboost|p2a: Hawlucha|atk|1\n|move|p2a: Hawlucha|Swords Dance|p2a: Hawlucha\n|-boost|p2a: Hawlucha|atk|2\n|\n|-weather|Sandstorm|[upkeep]\n|-damage|p2a: Hawlucha|88\/100|[from] Sandstorm\n|upkeep\n|turn|9\n|\n|t:|1650310306\n|move|p2a: Hawlucha|Acrobatics|p1a: Landorus\n|-damage|p1a: Landorus|0 fnt\n|faint|p1a: Landorus\n|\n|-weather|Sandstorm|[upkeep]\n|-damage|p2a: Hawlucha|82\/100|[from] Sandstorm\n|upkeep\n|\n|t:|1650310309\n|switch|p1a: Azumarill|Azumarill, M|100\/100\n|-damage|p1a: Azumarill|88\/100|[from] Stealth Rock\n|turn|10\n|\n|t:|1650310312\n|move|p2a: Hawlucha|Acrobatics|p1a: Azumarill\n|-damage|p1a: Azumarill|0 fnt\n|faint|p1a: Azumarill\n|\n|-weather|none\n|upkeep\n|-message|RTSG tests forfeited.\n|\n|win|K302\n|n|\u2606RTSG tests|rtsgtests\n|n|\u2606K302|k302\n|n| TheRainQueen2|therainqueen2\n","uploadtime":1650310320,"views":17,"p1id":"rtsgtests","p2id":"k302","formatid":"gen8nationaldex","rating":0,"private":0,"password":null}