{"id":"gen8ou-1252136557","p1":"Rheinmetal","p2":"Kakarotto Prime","format":"gen8ou","log":"|html|<div class=\"broadcast-blue\"><strong>[Gen 8] OU is currently suspecting Urshifu-S! For information on how to participate check out the <a href=\"https:\/\/www.smogon.com\/forums\/threads\/np-ss-ou-suspect-process-round-8-aint-no-rest-for-the-wicked.3675310\/\">suspect thread<\/a>.<\/strong><\/div>\n|j|\u2606Rheinmetal\n|j|\u2606Kakarotto Prime\n|t:|1609225208\n|player|p1|Rheinmetal|cynthia|1661\n|player|p2|Kakarotto Prime|265|1762\n|teamsize|p1|6\n|teamsize|p2|6\n|gametype|singles\n|gen|8\n|tier|[Gen 8] OU\n|rated|\n|clearpoke\n|poke|p1|Pelipper, M|\n|poke|p1|Barraskewda, F|\n|poke|p1|Zapdos|\n|poke|p1|Ferrothorn, M|\n|poke|p1|Kingdra, M|\n|poke|p1|Excadrill, M|\n|poke|p2|Rillaboom, M|\n|poke|p2|Latios, M|\n|poke|p2|Suicune|\n|poke|p2|Blacephalon|\n|poke|p2|Zeraora|\n|poke|p2|Urshifu-*, F|\n|rule|Sleep Clause Mod: Limit one foe put to sleep\n|rule|Species Clause: Limit one of each Pok\u00e9mon\n|rule|OHKO Clause: OHKO moves are banned\n|rule|Evasion Moves Clause: Evasion moves are banned\n|rule|Endless Battle Clause: Forcing endless battles is banned\n|rule|HP Percentage Mod: HP is shown in percentages\n|rule|Dynamax Clause: You cannot dynamax\n|teampreview\n|inactive|Battle timer is ON: inactive players will automatically lose when time's up. (requested by Rheinmetal)\n|j| dckilla28\n|\n|t:|1609225218\n|start\n|switch|p1a: Pelipper|Pelipper, M|100\/100\n|switch|p2a: Zeraora|Zeraora|100\/100\n|-weather|RainDance|[from] ability: Drizzle|[of] p1a: Pelipper\n|turn|1\n|\n|t:|1609225223\n|switch|p1a: Excadrill|Excadrill, M|100\/100\n|-ability|p1a: Excadrill|Mold Breaker\n|move|p2a: Zeraora|Close Combat|p1a: Excadrill\n|-supereffective|p1a: Excadrill\n|-damage|p1a: Excadrill|0 fnt\n|-unboost|p2a: Zeraora|def|1\n|-unboost|p2a: Zeraora|spd|1\n|faint|p1a: Excadrill\n|\n|-weather|RainDance|[upkeep]\n|upkeep\n|\n|t:|1609225228\n|switch|p1a: Barraskewda|Barraskewda, F|100\/100\n|turn|2\n|\n|t:|1609225231\n|switch|p2a: Suicune|Suicune|100\/100\n|-ability|p2a: Suicune|Pressure\n|move|p1a: Barraskewda|Liquidation|p2a: Suicune\n|-resisted|p2a: Suicune\n|-damage|p2a: Suicune|60\/100\n|\n|-weather|RainDance|[upkeep]\n|-heal|p2a: Suicune|66\/100|[from] item: Leftovers\n|upkeep\n|turn|3\n|\n|t:|1609225237\n|move|p1a: Barraskewda|Liquidation|p2a: Suicune\n|-resisted|p2a: Suicune\n|-damage|p2a: Suicune|26\/100\n|-unboost|p2a: Suicune|def|1\n|move|p2a: Suicune|Scald|p1a: Barraskewda\n|-resisted|p1a: Barraskewda\n|-damage|p1a: Barraskewda|45\/100\n|-status|p1a: Barraskewda|brn\n|\n|-weather|RainDance|[upkeep]\n|-heal|p2a: Suicune|33\/100|[from] item: Leftovers\n|-damage|p1a: Barraskewda|39\/100 brn|[from] brn\n|upkeep\n|turn|4\n|\n|t:|1609225241\n|switch|p2a: Rillaboom|Rillaboom, M|100\/100\n|-fieldstart|move: Grassy Terrain|[from] ability: Grassy Surge|[of] p2a: Rillaboom\n|-enditem|p2a: Rillaboom|Grassy Seed\n|-boost|p2a: Rillaboom|def|1|[from] item: Grassy Seed\n|move|p1a: Barraskewda|Liquidation|p2a: Rillaboom\n|-resisted|p2a: Rillaboom\n|-damage|p2a: Rillaboom|82\/100\n|\n|-weather|RainDance|[upkeep]\n|-heal|p1a: Barraskewda|45\/100 brn|[from] Grassy Terrain\n|-heal|p2a: Rillaboom|88\/100|[from] Grassy Terrain\n|-damage|p1a: Barraskewda|39\/100 brn|[from] brn\n|upkeep\n|turn|5\n|j| weslley07xD2\n|\n|t:|1609225246\n|move|p1a: Barraskewda|Liquidation|p2a: Rillaboom\n|-resisted|p2a: Rillaboom\n|-damage|p2a: Rillaboom|70\/100\n|move|p2a: Rillaboom|Swords Dance|p2a: Rillaboom\n|-boost|p2a: Rillaboom|atk|2\n|\n|-weather|RainDance|[upkeep]\n|-heal|p1a: Barraskewda|45\/100 brn|[from] Grassy Terrain\n|-heal|p2a: Rillaboom|76\/100|[from] Grassy Terrain\n|-damage|p1a: Barraskewda|39\/100 brn|[from] brn\n|upkeep\n|turn|6\n|\n|t:|1609225249\n|move|p1a: Barraskewda|Liquidation|p2a: Rillaboom\n|-resisted|p2a: Rillaboom\n|-damage|p2a: Rillaboom|56\/100\n|-unboost|p2a: Rillaboom|def|1\n|move|p2a: Rillaboom|Swords Dance|p2a: Rillaboom\n|-boost|p2a: Rillaboom|atk|2\n|\n|-weather|RainDance|[upkeep]\n|-heal|p1a: Barraskewda|45\/100 brn|[from] Grassy Terrain\n|-heal|p2a: Rillaboom|62\/100|[from] Grassy Terrain\n|-damage|p1a: Barraskewda|39\/100 brn|[from] brn\n|upkeep\n|turn|7\n|\n|t:|1609225258\n|move|p2a: Rillaboom|Grassy Glide|p1a: Barraskewda\n|-supereffective|p1a: Barraskewda\n|-damage|p1a: Barraskewda|0 fnt\n|faint|p1a: Barraskewda\n|\n|-weather|RainDance|[upkeep]\n|-heal|p2a: Rillaboom|68\/100|[from] Grassy Terrain\n|upkeep\n|\n|t:|1609225260\n|switch|p1a: Zapdos|Zapdos|100\/100\n|turn|8\n|\n|t:|1609225262\n|move|p2a: Rillaboom|Grassy Glide|p1a: Zapdos\n|-resisted|p1a: Zapdos\n|-damage|p1a: Zapdos|29\/100\n|move|p1a: Zapdos|Hurricane|p2a: Rillaboom\n|-supereffective|p2a: Rillaboom\n|-damage|p2a: Rillaboom|0 fnt\n|faint|p2a: Rillaboom\n|\n|-weather|none\n|-fieldend|move: Grassy Terrain\n|upkeep\n|\n|t:|1609225278\n|switch|p2a: Zeraora|Zeraora|100\/100\n|turn|9\n|c| dckilla28|guess he gave up?\n|\n|t:|1609225285\n|switch|p1a: Pelipper|Pelipper, M|100\/100\n|-weather|RainDance|[from] ability: Drizzle|[of] p1a: Pelipper\n|move|p2a: Zeraora|Close Combat|p1a: Pelipper\n|-resisted|p1a: Pelipper\n|-damage|p1a: Pelipper|81\/100\n|-unboost|p2a: Zeraora|def|1\n|-unboost|p2a: Zeraora|spd|1\n|\n|-weather|RainDance|[upkeep]\n|upkeep\n|turn|10\n|\n|t:|1609225293\n|switch|p2a: Suicune|Suicune|33\/100\n|-ability|p2a: Suicune|Pressure\n|move|p1a: Pelipper|U-turn|p2a: Suicune\n|-damage|p2a: Suicune|27\/100\n|\n|t:|1609225295\n|switch|p1a: Kingdra|Kingdra, M|100\/100|[from]move: U-turn\n|\n|-weather|RainDance|[upkeep]\n|-heal|p2a: Suicune|33\/100|[from] item: Leftovers\n|upkeep\n|turn|11\n|\n|t:|1609225300\n|move|p1a: Kingdra|Hydro Pump|p2a: Suicune|[miss]\n|-miss|p1a: Kingdra|p2a: Suicune\n|move|p2a: Suicune|Scald|p1a: Kingdra\n|-resisted|p1a: Kingdra\n|-damage|p1a: Kingdra|83\/100\n|\n|-weather|RainDance|[upkeep]\n|-heal|p2a: Suicune|39\/100|[from] item: Leftovers\n|upkeep\n|turn|12\n|\n|t:|1609225303\n|move|p1a: Kingdra|Hydro Pump|p2a: Suicune\n|-resisted|p2a: Suicune\n|-damage|p2a: Suicune|0 fnt\n|faint|p2a: Suicune\n|\n|-weather|RainDance|[upkeep]\n|upkeep\n|\n|t:|1609225306\n|switch|p2a: Latios|Latios, M|100\/100\n|turn|13\n|\n|t:|1609225311\n|switch|p1a: Ferrothorn|Ferrothorn, M|100\/100\n|move|p2a: Latios|Psychic|p1a: Ferrothorn\n|-resisted|p1a: Ferrothorn\n|-damage|p1a: Ferrothorn|81\/100\n|-unboost|p1a: Ferrothorn|spd|1\n|\n|-weather|RainDance|[upkeep]\n|-heal|p1a: Ferrothorn|87\/100|[from] item: Leftovers\n|upkeep\n|turn|14\n|\n|t:|1609225314\n|move|p2a: Latios|Psychic|p1a: Ferrothorn\n|-resisted|p1a: Ferrothorn\n|-damage|p1a: Ferrothorn|57\/100\n|move|p1a: Ferrothorn|Leech Seed|p2a: Latios\n|-start|p2a: Latios|move: Leech Seed\n|\n|-weather|RainDance|[upkeep]\n|-heal|p1a: Ferrothorn|63\/100|[from] item: Leftovers\n|-damage|p2a: Latios|88\/100|[from] Leech Seed|[of] p1a: Ferrothorn\n|-heal|p1a: Ferrothorn|74\/100|[silent]\n|upkeep\n|turn|15\n|\n|t:|1609225320\n|switch|p2a: Blacephalon|Blacephalon|100\/100\n|switch|p1a: Kingdra|Kingdra, M|83\/100\n|\n|-weather|RainDance|[upkeep]\n|upkeep\n|turn|16\n|\n|t:|1609225328\n|move|p1a: Kingdra|Surf|p2a: Blacephalon\n|-supereffective|p2a: Blacephalon\n|-damage|p2a: Blacephalon|0 fnt\n|faint|p2a: Blacephalon\n|\n|-weather|none\n|upkeep\n|\n|t:|1609225331\n|switch|p2a: Urshifu|Urshifu, F|100\/100\n|turn|17\n|\n|t:|1609225336\n|switch|p1a: Pelipper|Pelipper, M|81\/100\n|-weather|RainDance|[from] ability: Drizzle|[of] p1a: Pelipper\n|move|p2a: Urshifu|Bulk Up|p2a: Urshifu\n|-boost|p2a: Urshifu|atk|1\n|-boost|p2a: Urshifu|def|1\n|\n|-weather|RainDance|[upkeep]\n|upkeep\n|turn|18\n|\n|t:|1609225339\n|move|p2a: Urshifu|Wicked Blow|p1a: Pelipper\n|-crit|p1a: Pelipper\n|-damage|p1a: Pelipper|8\/100\n|move|p1a: Pelipper|Hurricane|p2a: Urshifu\n|-supereffective|p2a: Urshifu\n|-damage|p2a: Urshifu|0 fnt\n|faint|p2a: Urshifu\n|\n|-weather|RainDance|[upkeep]\n|upkeep\n|\n|t:|1609225344\n|switch|p2a: Zeraora|Zeraora|100\/100\n|turn|19\n|\n|t:|1609225348\n|move|p2a: Zeraora|Plasma Fists|p1a: Pelipper\n|-supereffective|p1a: Pelipper\n|-damage|p1a: Pelipper|0 fnt\n|-fieldactivate|move: Ion Deluge\n|faint|p1a: Pelipper\n|\n|-weather|RainDance|[upkeep]\n|upkeep\n|\n|t:|1609225349\n|switch|p1a: Kingdra|Kingdra, M|83\/100\n|turn|20\n|\n|t:|1609225351\n|move|p1a: Kingdra|Surf|p2a: Zeraora\n|-damage|p2a: Zeraora|0 fnt\n|faint|p2a: Zeraora\n|\n|-weather|RainDance|[upkeep]\n|upkeep\n|\n|t:|1609225353\n|switch|p2a: Latios|Latios, M|88\/100\n|turn|21\n|\n|t:|1609225355\n|move|p1a: Kingdra|Surf|p2a: Latios\n|-resisted|p2a: Latios\n|-damage|p2a: Latios|38\/100\n|move|p2a: Latios|Psychic|p1a: Kingdra\n|-damage|p1a: Kingdra|25\/100\n|\n|-weather|RainDance|[upkeep]\n|upkeep\n|turn|22\n|\n|t:|1609225358\n|move|p1a: Kingdra|Surf|p2a: Latios\n|-resisted|p2a: Latios\n|-damage|p2a: Latios|0 fnt\n|faint|p2a: Latios\n|\n|win|Rheinmetal\n|c|\u2606Kakarotto Prime|Gg\n|l|\u2606Kakarotto Prime\n|raw|Rheinmetal's rating: 1661 &rarr; <strong>1686<\/strong><br \/>(+25 for winning)\n|raw|Kakarotto Prime's rating: 1762 &rarr; <strong>1736<\/strong><br \/>(-26 for losing)\n|l|\u2606Rheinmetal\n|l| dckilla28\n","uploadtime":1609225414,"views":40,"p1id":"rheinmetal","p2id":"kakarottoprime","formatid":"gen8ou","rating":1686,"private":0,"password":null}