{"id":"gen8nationaldex-1200248945","p1":"Fetus to hl","p2":"yhdrslb","format":"gen8nationaldex","log":"|j|\u2606Fetus to hl\n|j|\u2606yhdrslb\n|t:|1602210930\n|player|p1|Fetus to hl|cheryl|1507\n|player|p2|yhdrslb|30|1631\n|teamsize|p1|6\n|teamsize|p2|6\n|gametype|singles\n|gen|8\n|tier|[Gen 8] National Dex\n|rated|\n|clearpoke\n|poke|p1|Reuniclus, F|\n|poke|p1|Dracovish|\n|poke|p1|Clefable, M|\n|poke|p1|Toxapex, M|\n|poke|p1|Gliscor, F|\n|poke|p1|Incineroar, F|\n|poke|p2|Cinderace, M|\n|poke|p2|Landorus-Therian, M|\n|poke|p2|Rillaboom, M|\n|poke|p2|Beedrill, F|\n|poke|p2|Dracovish|\n|poke|p2|Zeraora|\n|rule|HP Percentage Mod: HP is shown in percentages\n|rule|Endless Battle Clause: Forcing endless battles is banned\n|rule|OHKO Clause: OHKO moves are banned\n|rule|Evasion Moves Clause: Evasion moves are banned\n|rule|Species Clause: Limit one of each Pok\u00e9mon\n|rule|Dynamax Clause: You cannot dynamax\n|rule|Sleep Clause Mod: Limit one foe put to sleep\n|teampreview\n|\n|t:|1602210958\n|start\n|switch|p1a: Toxapex|Toxapex, M|100\/100\n|switch|p2a: Zeraora|Zeraora|100\/100\n|turn|1\n|\n|t:|1602210964\n|move|p2a: Zeraora|Volt Switch|p1a: Toxapex\n|-supereffective|p1a: Toxapex\n|-damage|p1a: Toxapex|29\/100\n|\n|t:|1602210970\n|switch|p2a: Beedrill|Beedrill, F|100\/100|[from]move: Volt Switch\n|move|p1a: Toxapex|Scald|p2a: Beedrill\n|-damage|p2a: Beedrill|75\/100\n|\n|-heal|p1a: Toxapex|35\/100|[from] item: Black Sludge\n|upkeep\n|turn|2\n|\n|t:|1602210973\n|detailschange|p2a: Beedrill|Beedrill-Mega, F\n|-mega|p2a: Beedrill|Beedrill|Beedrillite\n|move|p1a: Toxapex|Baneful Bunker|p1a: Toxapex\n|-singleturn|p1a: Toxapex|move: Protect\n|move|p2a: Beedrill|Knock Off|p1a: Toxapex\n|-activate|p1a: Toxapex|move: Protect\n|\n|-heal|p1a: Toxapex|41\/100|[from] item: Black Sludge\n|upkeep\n|turn|3\n|\n|t:|1602210996\n|switch|p1a: Incineroar|Incineroar, F|100\/100\n|-ability|p1a: Incineroar|Intimidate|boost\n|-unboost|p2a: Beedrill|atk|1\n|move|p2a: Beedrill|Drill Run|p1a: Incineroar\n|-supereffective|p1a: Incineroar\n|-crit|p1a: Incineroar\n|-damage|p1a: Incineroar|32\/100\n|\n|upkeep\n|turn|4\n|\n|t:|1602211005\n|move|p2a: Beedrill|U-turn|p1a: Incineroar\n|-damage|p1a: Incineroar|4\/100\n|\n|t:|1602211031\n|switch|p2a: Dracovish|Dracovish|100\/100|[from]move: U-turn\n|move|p1a: Incineroar|Flare Blitz|p2a: Dracovish\n|-resisted|p2a: Dracovish\n|-damage|p2a: Dracovish|88\/100\n|-damage|p1a: Incineroar|1\/100|[from] Recoil\n|\n|upkeep\n|turn|5\n|\n|t:|1602211038\n|switch|p1a: Toxapex|Toxapex, M|75\/100\n|move|p2a: Dracovish|Fishious Rend|p1a: Toxapex\n|-resisted|p1a: Toxapex\n|-damage|p1a: Toxapex|45\/100\n|\n|-heal|p1a: Toxapex|51\/100|[from] item: Black Sludge\n|upkeep\n|turn|6\n|\n|t:|1602211051\n|switch|p2a: Zeraora|Zeraora|100\/100\n|move|p1a: Toxapex|Scald|p2a: Zeraora\n|-damage|p2a: Zeraora|78\/100\n|\n|-heal|p1a: Toxapex|57\/100|[from] item: Black Sludge\n|upkeep\n|turn|7\n|\n|t:|1602211055\n|move|p1a: Toxapex|Baneful Bunker|p1a: Toxapex\n|-singleturn|p1a: Toxapex|move: Protect\n|move|p2a: Zeraora|Volt Switch|p1a: Toxapex\n|-activate|p1a: Toxapex|move: Protect\n|\n|-heal|p1a: Toxapex|64\/100|[from] item: Black Sludge\n|upkeep\n|turn|8\n|\n|t:|1602211059\n|switch|p2a: Dracovish|Dracovish|88\/100\n|switch|p1a: Gliscor|Gliscor, F|100\/100\n|\n|-status|p1a: Gliscor|tox|[from] item: Toxic Orb\n|upkeep\n|turn|9\n|\n|t:|1602211066\n|switch|p1a: Toxapex|Toxapex, M|97\/100\n|move|p2a: Dracovish|Fishious Rend|p1a: Toxapex\n|-resisted|p1a: Toxapex\n|-damage|p1a: Toxapex|65\/100\n|\n|-heal|p1a: Toxapex|71\/100|[from] item: Black Sludge\n|upkeep\n|turn|10\n|\n|t:|1602211079\n|switch|p2a: Rillaboom|Rillaboom, M|100\/100\n|-fieldstart|move: Grassy Terrain|[from] ability: Grassy Surge|[of] p2a: Rillaboom\n|move|p1a: Toxapex|Scald|p2a: Rillaboom\n|-resisted|p2a: Rillaboom\n|-damage|p2a: Rillaboom|90\/100\n|-status|p2a: Rillaboom|brn\n|\n|-heal|p2a: Rillaboom|96\/100 brn|[from] Grassy Terrain\n|-heal|p1a: Toxapex|77\/100|[from] item: Black Sludge\n|-heal|p1a: Toxapex|83\/100|[from] Grassy Terrain\n|-damage|p2a: Rillaboom|90\/100 brn|[from] brn\n|upkeep\n|turn|11\n|\n|t:|1602211082\n|move|p2a: Rillaboom|Swords Dance|p2a: Rillaboom\n|-boost|p2a: Rillaboom|atk|2\n|move|p1a: Toxapex|Haze|p1a: Toxapex\n|-clearallboost\n|\n|-heal|p2a: Rillaboom|96\/100 brn|[from] Grassy Terrain\n|-heal|p1a: Toxapex|90\/100|[from] item: Black Sludge\n|-heal|p1a: Toxapex|96\/100|[from] Grassy Terrain\n|-damage|p2a: Rillaboom|90\/100 brn|[from] brn\n|upkeep\n|turn|12\n|\n|t:|1602211087\n|switch|p2a: Zeraora|Zeraora|78\/100\n|move|p1a: Toxapex|Haze|p1a: Toxapex\n|-clearallboost\n|\n|-heal|p2a: Zeraora|84\/100|[from] Grassy Terrain\n|-heal|p1a: Toxapex|100\/100|[from] item: Black Sludge\n|upkeep\n|turn|13\n|\n|t:|1602211092\n|move|p2a: Zeraora|Volt Switch|p1a: Toxapex\n|-supereffective|p1a: Toxapex\n|-damage|p1a: Toxapex|29\/100\n|\n|t:|1602211098\n|switch|p2a: Rillaboom|Rillaboom, M|90\/100 brn|[from]move: Volt Switch\n|move|p1a: Toxapex|Scald|p2a: Rillaboom\n|-resisted|p2a: Rillaboom\n|-damage|p2a: Rillaboom|78\/100 brn\n|\n|-heal|p2a: Rillaboom|84\/100 brn|[from] Grassy Terrain\n|-heal|p1a: Toxapex|36\/100|[from] item: Black Sludge\n|-heal|p1a: Toxapex|42\/100|[from] Grassy Terrain\n|-damage|p2a: Rillaboom|78\/100 brn|[from] brn\n|upkeep\n|turn|14\n|\n|t:|1602211110\n|switch|p2a: Zeraora|Zeraora|84\/100\n|move|p1a: Toxapex|Recover|p1a: Toxapex\n|-heal|p1a: Toxapex|92\/100\n|\n|-heal|p2a: Zeraora|90\/100|[from] Grassy Terrain\n|-heal|p1a: Toxapex|98\/100|[from] item: Black Sludge\n|-heal|p1a: Toxapex|100\/100|[from] Grassy Terrain\n|-fieldend|move: Grassy Terrain\n|upkeep\n|turn|15\n|\n|t:|1602211114\n|move|p1a: Toxapex|Baneful Bunker|p1a: Toxapex\n|-singleturn|p1a: Toxapex|move: Protect\n|move|p2a: Zeraora|Volt Switch|p1a: Toxapex\n|-activate|p1a: Toxapex|move: Protect\n|\n|upkeep\n|turn|16\n|\n|t:|1602211119\n|move|p2a: Zeraora|Volt Switch|p1a: Toxapex\n|-supereffective|p1a: Toxapex\n|-damage|p1a: Toxapex|25\/100\n|\n|t:|1602211133\n|switch|p2a: Beedrill|Beedrill-Mega, F|75\/100|[from]move: Volt Switch\n|move|p1a: Toxapex|Scald|p2a: Beedrill\n|-damage|p2a: Beedrill|48\/100\n|\n|-heal|p1a: Toxapex|31\/100|[from] item: Black Sludge\n|upkeep\n|turn|17\n|\n|t:|1602211139\n|switch|p1a: Gliscor|Gliscor, F|100\/100 tox\n|move|p2a: Beedrill|Knock Off|p1a: Gliscor\n|-damage|p1a: Gliscor|72\/100 tox\n|-enditem|p1a: Gliscor|Toxic Orb|[from] move: Knock Off|[of] p2a: Beedrill\n|\n|-heal|p1a: Gliscor|84\/100 tox|[from] ability: Poison Heal\n|upkeep\n|turn|18\n|\n|t:|1602211141\n|move|p2a: Beedrill|U-turn|p1a: Gliscor\n|-resisted|p1a: Gliscor\n|-damage|p1a: Gliscor|65\/100 tox\n|\n|t:|1602211144\n|switch|p2a: Landorus|Landorus-Therian, M|100\/100|[from]move: U-turn\n|-ability|p2a: Landorus|Intimidate|boost\n|-unboost|p1a: Gliscor|atk|1\n|move|p1a: Gliscor|U-turn|p2a: Landorus\n|-resisted|p2a: Landorus\n|-damage|p2a: Landorus|94\/100\n|\n|t:|1602211153\n|switch|p1a: Scawy Monstaws UwU|Dracovish, shiny|100\/100|[from]move: U-turn\n|\n|upkeep\n|turn|19\n|\n|t:|1602211159\n|switch|p2a: Dracovish|Dracovish|88\/100\n|move|p1a: Scawy Monstaws UwU|Fishious Rend|p2a: Dracovish\n|-resisted|p2a: Dracovish\n|-damage|p2a: Dracovish|62\/100\n|\n|upkeep\n|turn|20\n|\n|t:|1602211169\n|switch|p1a: Toxapex|Toxapex, M|64\/100\n|move|p2a: Dracovish|Psychic Fangs|p1a: Toxapex\n|-supereffective|p1a: Toxapex\n|-damage|p1a: Toxapex|22\/100\n|\n|-heal|p1a: Toxapex|28\/100|[from] item: Black Sludge\n|upkeep\n|turn|21\n|\n|t:|1602211175\n|switch|p2a: Beedrill|Beedrill-Mega, F|48\/100\n|switch|p1a: Incineroar|Incineroar, F|1\/100\n|-ability|p1a: Incineroar|Intimidate|boost\n|-unboost|p2a: Beedrill|atk|1\n|\n|upkeep\n|turn|22\n|\n|t:|1602211179\n|switch|p1a: Gliscor|Gliscor, F|65\/100 tox\n|move|p2a: Beedrill|U-turn|p1a: Gliscor\n|-resisted|p1a: Gliscor\n|-damage|p1a: Gliscor|52\/100 tox\n|\n|t:|1602211185\n|switch|p2a: Dracovish|Dracovish|62\/100|[from]move: U-turn\n|\n|-heal|p1a: Gliscor|65\/100 tox|[from] ability: Poison Heal\n|upkeep\n|turn|23\n|\n|t:|1602211191\n|switch|p1a: Toxapex|Toxapex, M|62\/100\n|move|p2a: Dracovish|Fishious Rend|p1a: Toxapex\n|-resisted|p1a: Toxapex\n|-damage|p1a: Toxapex|30\/100\n|\n|-heal|p1a: Toxapex|36\/100|[from] item: Black Sludge\n|upkeep\n|turn|24\n|\n|t:|1602211197\n|switch|p2a: Beedrill|Beedrill-Mega, F|48\/100\n|move|p1a: Toxapex|Recover|p1a: Toxapex\n|-heal|p1a: Toxapex|86\/100\n|\n|-heal|p1a: Toxapex|93\/100|[from] item: Black Sludge\n|upkeep\n|turn|25\n|\n|t:|1602211202\n|move|p2a: Beedrill|U-turn|p1a: Toxapex\n|-resisted|p1a: Toxapex\n|-damage|p1a: Toxapex|78\/100\n|\n|t:|1602211205\n|switch|p2a: Zeraora|Zeraora|90\/100|[from]move: U-turn\n|move|p1a: Toxapex|Scald|p2a: Zeraora\n|-damage|p2a: Zeraora|68\/100\n|\n|-heal|p1a: Toxapex|84\/100|[from] item: Black Sludge\n|upkeep\n|turn|26\n|\n|t:|1602211208\n|switch|p1a: Gliscor|Gliscor, F|65\/100 tox\n|move|p2a: Zeraora|Volt Switch|p1a: Gliscor\n|-immune|p1a: Gliscor\n|\n|-heal|p1a: Gliscor|77\/100 tox|[from] ability: Poison Heal\n|upkeep\n|turn|27\n|\n|t:|1602211214\n|switch|p2a: Landorus|Landorus-Therian, M|94\/100\n|-ability|p2a: Landorus|Intimidate|boost\n|-unboost|p1a: Gliscor|atk|1\n|move|p1a: Gliscor|U-turn|p2a: Landorus\n|-resisted|p2a: Landorus\n|-damage|p2a: Landorus|88\/100\n|\n|t:|1602211216\n|switch|p1a: Scawy Monstaws UwU|Dracovish, shiny|100\/100|[from]move: U-turn\n|\n|upkeep\n|turn|28\n|\n|t:|1602211220\n|move|p1a: Scawy Monstaws UwU|Fishious Rend|p2a: Landorus\n|-supereffective|p2a: Landorus\n|-damage|p2a: Landorus|0 fnt\n|faint|p2a: Landorus\n|\n|upkeep\n|\n|t:|1602211221\n|switch|p2a: Dracovish|Dracovish|62\/100\n|turn|29\n|\n|t:|1602211224\n|switch|p1a: Toxapex|Toxapex, M|100\/100\n|switch|p2a: Zeraora|Zeraora|68\/100\n|\n|upkeep\n|turn|30\n|\n|t:|1602211228\n|move|p2a: Zeraora|Volt Switch|p1a: Toxapex\n|-supereffective|p1a: Toxapex\n|-damage|p1a: Toxapex|25\/100\n|\n|t:|1602211233\n|switch|p2a: Beedrill|Beedrill-Mega, F|48\/100|[from]move: Volt Switch\n|move|p1a: Toxapex|Recover|p1a: Toxapex\n|-heal|p1a: Toxapex|75\/100\n|\n|-heal|p1a: Toxapex|81\/100|[from] item: Black Sludge\n|upkeep\n|turn|31\n|\n|t:|1602211238\n|move|p2a: Beedrill|Knock Off|p1a: Toxapex\n|-damage|p1a: Toxapex|60\/100\n|-enditem|p1a: Toxapex|Black Sludge|[from] move: Knock Off|[of] p2a: Beedrill\n|move|p1a: Toxapex|Scald|p2a: Beedrill\n|-damage|p2a: Beedrill|23\/100\n|-status|p2a: Beedrill|brn\n|\n|-damage|p2a: Beedrill|17\/100 brn|[from] brn\n|upkeep\n|turn|32\n|\n|t:|1602211242\n|move|p2a: Beedrill|U-turn|p1a: Toxapex\n|-resisted|p1a: Toxapex\n|-crit|p1a: Toxapex\n|-damage|p1a: Toxapex|49\/100\n|\n|t:|1602211243\n|switch|p2a: Zeraora|Zeraora|68\/100|[from]move: U-turn\n|move|p1a: Toxapex|Recover|p1a: Toxapex\n|-heal|p1a: Toxapex|99\/100\n|\n|upkeep\n|turn|33\n|\n|t:|1602211248\n|switch|p1a: Gliscor|Gliscor, F|77\/100 tox\n|move|p2a: Zeraora|Hidden Power|p1a: Gliscor\n|-supereffective|p1a: Gliscor\n|-damage|p1a: Gliscor|0 fnt\n|faint|p1a: Gliscor\n|\n|upkeep\n|\n|t:|1602211251\n|switch|p1a: Clefable|Clefable, M|100\/100\n|turn|34\n|\n|t:|1602211255\n|switch|p2a: Beedrill|Beedrill-Mega, F|17\/100 brn\n|move|p1a: Clefable|Stealth Rock|p2a: Beedrill\n|-sidestart|p2: yhdrslb|move: Stealth Rock\n|\n|-damage|p2a: Beedrill|11\/100 brn|[from] brn\n|upkeep\n|turn|35\n|\n|t:|1602211257\n|move|p1a: Clefable|Protect|p1a: Clefable\n|-singleturn|p1a: Clefable|Protect\n|move|p2a: Beedrill|Knock Off|p1a: Clefable\n|-activate|p1a: Clefable|move: Protect\n|\n|-damage|p2a: Beedrill|5\/100 brn|[from] brn\n|upkeep\n|turn|36\n|\n|t:|1602211267\n|move|p2a: Beedrill|Drill Run|p1a: Clefable\n|-crit|p1a: Clefable\n|-damage|p1a: Clefable|82\/100\n|move|p1a: Clefable|Wish|p1a: Clefable\n|\n|-heal|p1a: Clefable|89\/100|[from] item: Leftovers\n|-damage|p2a: Beedrill|0 fnt|[from] brn\n|faint|p2a: Beedrill\n|upkeep\n|\n|t:|1602211270\n|switch|p2a: Cinderace|Cinderace, M|100\/100\n|turn|37\n|\n|t:|1602211277\n|switch|p1a: Scawy Monstaws UwU|Dracovish, shiny|100\/100\n|move|p2a: Cinderace|Court Change|p2a: Cinderace\n|-start|p2a: Cinderace|typechange|Normal|[from] ability: Libero\n|-sideend|p2: yhdrslb|Stealth Rock|[silent]\n|-sidestart|p1: Fetus to hl|Stealth Rock|[silent]\n|-activate|p2a: Cinderace|move: Court Change\n|\n|upkeep\n|turn|38\n|\n|t:|1602211281\n|move|p2a: Cinderace|Sucker Punch|p1a: Scawy Monstaws UwU\n|-start|p2a: Cinderace|typechange|Dark|[from] ability: Libero\n|-damage|p1a: Scawy Monstaws UwU|62\/100\n|move|p1a: Scawy Monstaws UwU|Fishious Rend|p2a: Cinderace\n|-damage|p2a: Cinderace|24\/100\n|\n|upkeep\n|turn|39\n|\n|t:|1602211289\n|switch|p2a: Dracovish|Dracovish|62\/100\n|move|p1a: Scawy Monstaws UwU|Fishious Rend|p2a: Dracovish\n|-resisted|p2a: Dracovish\n|-damage|p2a: Dracovish|37\/100\n|\n|upkeep\n|turn|40\n|\n|t:|1602211298\n|switch|p1a: Incineroar|Incineroar, F|1\/100\n|-ability|p1a: Incineroar|Intimidate|boost\n|-unboost|p2a: Dracovish|atk|1\n|move|p2a: Dracovish|Fishious Rend|p1a: Incineroar\n|-supereffective|p1a: Incineroar\n|-damage|p1a: Incineroar|0 fnt\n|faint|p1a: Incineroar\n|\n|upkeep\n|\n|t:|1602211305\n|switch|p1a: Toxapex|Toxapex, M|100\/100\n|-damage|p1a: Toxapex|88\/100|[from] Stealth Rock\n|turn|41\n|\n|t:|1602211311\n|switch|p2a: Cinderace|Cinderace, M|24\/100\n|move|p1a: Toxapex|Scald|p2a: Cinderace\n|-supereffective|p2a: Cinderace\n|-damage|p2a: Cinderace|0 fnt\n|faint|p2a: Cinderace\n|\n|upkeep\n|\n|t:|1602211314\n|switch|p2a: Zeraora|Zeraora|68\/100\n|turn|42\n|\n|t:|1602211319\n|move|p1a: Toxapex|Baneful Bunker|p1a: Toxapex\n|-singleturn|p1a: Toxapex|move: Protect\n|move|p2a: Zeraora|Thunderbolt|p1a: Toxapex\n|-activate|p1a: Toxapex|move: Protect\n|\n|upkeep\n|turn|43\n|\n|t:|1602211330\n|switch|p1a: Did yo mom|Reuniclus, F, shiny|100\/100\n|-damage|p1a: Did yo mom|88\/100|[from] Stealth Rock\n|move|p2a: Zeraora|Thunderbolt|p1a: Did yo mom\n|-damage|p1a: Did yo mom|31\/100\n|\n|upkeep\n|turn|44\n|\n|t:|1602211338\n|move|p2a: Zeraora|Thunderbolt|p1a: Did yo mom\n|-damage|p1a: Did yo mom|0 fnt\n|faint|p1a: Did yo mom\n|\n|upkeep\n|\n|t:|1602211339\n|switch|p1a: Clefable|Clefable, M|89\/100\n|turn|45\n|\n|t:|1602211351\n|move|p2a: Zeraora|Thunderbolt|p1a: Clefable\n|-damage|p1a: Clefable|35\/100\n|move|p1a: Clefable|Wish|p1a: Clefable\n|\n|-heal|p1a: Clefable|41\/100|[from] item: Leftovers\n|upkeep\n|turn|46\n|\n|t:|1602211356\n|switch|p2a: Dracovish|Dracovish|37\/100\n|move|p1a: Clefable|Protect||[still]\n|-fail|p1a: Clefable\n|\n|-heal|p1a: Clefable|91\/100|[from] move: Wish|[wisher] Clefable\n|-heal|p1a: Clefable|97\/100|[from] item: Leftovers\n|upkeep\n|turn|47\n|\n|t:|1602211366\n|move|p1a: Clefable|Protect|p1a: Clefable\n|-singleturn|p1a: Clefable|Protect\n|move|p2a: Dracovish|Fishious Rend|p1a: Clefable\n|-activate|p1a: Clefable|move: Protect\n|\n|-heal|p1a: Clefable|100\/100|[from] item: Leftovers\n|upkeep\n|turn|48\n|\n|t:|1602211371\n|switch|p2a: Zeraora|Zeraora|68\/100\n|switch|p1a: Scawy Monstaws UwU|Dracovish, shiny|62\/100\n|-damage|p1a: Scawy Monstaws UwU|49\/100|[from] Stealth Rock\n|\n|upkeep\n|turn|49\n|\n|t:|1602211379\n|move|p2a: Zeraora|Volt Switch|p1a: Scawy Monstaws UwU\n|-damage|p1a: Scawy Monstaws UwU|0 fnt\n|faint|p1a: Scawy Monstaws UwU\n|\n|t:|1602211392\n|switch|p2a: Rillaboom|Rillaboom, M|78\/100 brn|[from]move: Volt Switch\n|-fieldstart|move: Grassy Terrain|[from] ability: Grassy Surge|[of] p2a: Rillaboom\n|\n|-heal|p2a: Rillaboom|84\/100 brn|[from] Grassy Terrain\n|-damage|p2a: Rillaboom|78\/100 brn|[from] brn\n|upkeep\n|\n|t:|1602211395\n|switch|p1a: Clefable|Clefable, M|100\/100\n|turn|50\n|\n|t:|1602211397\n|move|p2a: Rillaboom|Swords Dance|p2a: Rillaboom\n|-boost|p2a: Rillaboom|atk|2\n|move|p1a: Clefable|Stealth Rock|p2a: Rillaboom\n|-sidestart|p2: yhdrslb|move: Stealth Rock\n|\n|-heal|p2a: Rillaboom|84\/100 brn|[from] Grassy Terrain\n|-damage|p2a: Rillaboom|78\/100 brn|[from] brn\n|upkeep\n|turn|51\n|\n|t:|1602211401\n|move|p2a: Rillaboom|Swords Dance|p2a: Rillaboom\n|-boost|p2a: Rillaboom|atk|2\n|move|p1a: Clefable|Wish|p1a: Clefable\n|\n|-heal|p2a: Rillaboom|84\/100 brn|[from] Grassy Terrain\n|-damage|p2a: Rillaboom|78\/100 brn|[from] brn\n|upkeep\n|turn|52\n|\n|t:|1602211403\n|move|p2a: Rillaboom|Swords Dance|p2a: Rillaboom\n|-boost|p2a: Rillaboom|atk|2\n|move|p1a: Clefable|Moonblast|p2a: Rillaboom\n|-damage|p2a: Rillaboom|36\/100 brn\n|-unboost|p2a: Rillaboom|spa|1\n|\n|-heal|p2a: Rillaboom|42\/100 brn|[from] Grassy Terrain\n|-damage|p2a: Rillaboom|36\/100 brn|[from] brn\n|upkeep\n|turn|53\n|\n|t:|1602211412\n|move|p2a: Rillaboom|Grassy Glide|p1a: Clefable\n|-damage|p1a: Clefable|0 fnt\n|-damage|p2a: Rillaboom|26\/100 brn|[from] item: Life Orb\n|faint|p1a: Clefable\n|\n|-heal|p2a: Rillaboom|32\/100 brn|[from] Grassy Terrain\n|-fieldend|move: Grassy Terrain\n|-damage|p2a: Rillaboom|26\/100 brn|[from] brn\n|upkeep\n|\n|t:|1602211415\n|switch|p1a: Toxapex|Toxapex, M|100\/100\n|-damage|p1a: Toxapex|88\/100|[from] Stealth Rock\n|turn|54\n|\n|t:|1602211419\n|move|p2a: Rillaboom|High Horsepower|p1a: Toxapex\n|-supereffective|p1a: Toxapex\n|-damage|p1a: Toxapex|0 fnt\n|-damage|p2a: Rillaboom|16\/100 brn|[from] item: Life Orb\n|faint|p1a: Toxapex\n|\n|win|yhdrslb\n|c|\u2606yhdrslb|gg\n|c|\u2606Fetus to hl|Gg\n|raw|Fetus to hl's rating: 1506 &rarr; <strong>1493<\/strong><br \/>(-13 for losing)\n|raw|yhdrslb's rating: 1631 &rarr; <strong>1644<\/strong><br \/>(+13 for winning)\n","uploadtime":1602211501,"views":4,"p1id":"fetustohl","p2id":"yhdrslb","formatid":"gen8nationaldex","rating":1493,"private":0,"password":null}