{"id":"gen8uu-1394220794","p1":"Shootingwolf","p2":"pif","format":"gen8uu","log":"|j|\u2606Shootingwolf\n|j|\u2606pif\n|t:|1628646107\n|gametype|singles\n|player|p1|Shootingwolf|lady|1496\n|player|p2|pif|preschooler|1732\n|teamsize|p1|6\n|teamsize|p2|6\n|gen|8\n|tier|[Gen 8] UU\n|rated|\n|rule|Sleep Clause Mod: Limit one foe put to sleep\n|rule|Species Clause: Limit one of each Pok\u00e9mon\n|rule|OHKO Clause: OHKO moves are banned\n|rule|Evasion Moves Clause: Evasion moves are banned\n|rule|Endless Battle Clause: Forcing endless battles is banned\n|rule|HP Percentage Mod: HP is shown in percentages\n|rule|Dynamax Clause: You cannot dynamax\n|clearpoke\n|poke|p1|Aegislash, F|\n|poke|p1|Celesteela|\n|poke|p1|Zygarde-10%|\n|poke|p1|Tapu Bulu|\n|poke|p1|Mamoswine, F|\n|poke|p1|Starmie|\n|poke|p2|Moltres-Galar|\n|poke|p2|Jirachi|\n|poke|p2|Diancie|\n|poke|p2|Zygarde-10%|\n|poke|p2|Rotom-Wash|\n|poke|p2|Amoonguss, F|\n|teampreview\n|c|\u2606Shootingwolf|wow\n|c|\u2606Shootingwolf|pif\n|c|\u2606pif|bulu supremacy\n|\n|t:|1628646180\n|start\n|switch|p1a: Mamoswine|Mamoswine, F|100\/100\n|switch|p2a: adaam (fairy)|Diancie|100\/100\n|turn|1\n|\n|t:|1628646187\n|switch|p2a: wishy washy|Rotom-Wash|100\/100\n|move|p1a: Mamoswine|Substitute|p1a: Mamoswine\n|-start|p1a: Mamoswine|Substitute\n|-damage|p1a: Mamoswine|76\/100\n|\n|upkeep\n|turn|2\n|\n|t:|1628646192\n|move|p2a: wishy washy|Hydro Pump|p1a: Mamoswine\n|-supereffective|p1a: Mamoswine\n|-end|p1a: Mamoswine|Substitute\n|move|p1a: Mamoswine|Substitute|p1a: Mamoswine\n|-start|p1a: Mamoswine|Substitute\n|-damage|p1a: Mamoswine|51\/100\n|\n|upkeep\n|turn|3\n|\n|t:|1628646197\n|move|p2a: wishy washy|Hydro Pump|p1a: Mamoswine|[miss]\n|-miss|p2a: wishy washy|p1a: Mamoswine\n|move|p1a: Mamoswine|Substitute|p1a: Mamoswine\n|-fail|p1a: Mamoswine|move: Substitute\n|\n|upkeep\n|turn|4\n|\n|t:|1628646204\n|move|p2a: wishy washy|Hydro Pump|p1a: Mamoswine\n|-supereffective|p1a: Mamoswine\n|-end|p1a: Mamoswine|Substitute\n|move|p1a: Mamoswine|Substitute|p1a: Mamoswine\n|-start|p1a: Mamoswine|Substitute\n|-damage|p1a: Mamoswine|26\/100\n|\n|upkeep\n|turn|5\n|\n|t:|1628646208\n|move|p2a: wishy washy|Hydro Pump|p1a: Mamoswine|[miss]\n|-miss|p2a: wishy washy|p1a: Mamoswine\n|move|p1a: Mamoswine|Substitute|p1a: Mamoswine\n|-fail|p1a: Mamoswine|move: Substitute\n|\n|upkeep\n|turn|6\n|\n|t:|1628646210\n|move|p2a: wishy washy|Hydro Pump|p1a: Mamoswine\n|-supereffective|p1a: Mamoswine\n|-end|p1a: Mamoswine|Substitute\n|move|p1a: Mamoswine|Substitute|p1a: Mamoswine\n|-start|p1a: Mamoswine|Substitute\n|-damage|p1a: Mamoswine|1\/100\n|\n|upkeep\n|turn|7\n|\n|t:|1628646213\n|switch|p2a: ramoment?|Amoonguss, F|100\/100\n|move|p1a: Mamoswine|Endeavor|p2a: ramoment?\n|-damage|p2a: ramoment?|1\/100\n|-damage|p1a: Mamoswine|0 fnt|[from] item: Rocky Helmet|[of] p2a: ramoment?\n|faint|p1a: Mamoswine\n|\n|upkeep\n|j| uau sou noob\n|\n|t:|1628646219\n|switch|p1a: Zygarde|Zygarde-10%|100\/100\n|-ability|p1a: Zygarde|Aura Break\n|turn|8\n|\n|t:|1628646261\n|switch|p2a: wishy washy|Rotom-Wash|100\/100\n|move|p1a: Zygarde|Thousand Arrows|p2a: wishy washy\n|-supereffective|p2a: wishy washy\n|-damage|p2a: wishy washy|0 fnt\n|faint|p2a: wishy washy\n|\n|upkeep\n|\n|t:|1628646268\n|switch|p2a: adaam (fairy)|Diancie|100\/100\n|turn|9\n|\n|t:|1628646273\n|switch|p1a: Starmie|Starmie|100\/100\n|move|p2a: adaam (fairy)|Moonblast|p1a: Starmie\n|-damage|p1a: Starmie|54\/100\n|\n|upkeep\n|turn|10\n|\n|t:|1628646282\n|move|p1a: Starmie|Scald|p2a: adaam (fairy)\n|-supereffective|p2a: adaam (fairy)\n|-damage|p2a: adaam (fairy)|51\/100\n|move|p2a: adaam (fairy)|Moonblast|p1a: Starmie\n|-damage|p1a: Starmie|2\/100\n|\n|-heal|p2a: adaam (fairy)|57\/100|[from] item: Leftovers\n|upkeep\n|turn|11\n|\n|t:|1628646296\n|move|p1a: Starmie|Scald|p2a: adaam (fairy)\n|-supereffective|p2a: adaam (fairy)\n|-damage|p2a: adaam (fairy)|9\/100\n|move|p2a: adaam (fairy)|Moonblast|p1a: Starmie\n|-damage|p1a: Starmie|0 fnt\n|faint|p1a: Starmie\n|\n|-heal|p2a: adaam (fairy)|16\/100|[from] item: Leftovers\n|upkeep\n|\n|t:|1628646301\n|switch|p1a: Zygarde|Zygarde-10%|100\/100\n|-ability|p1a: Zygarde|Aura Break\n|turn|12\n|\n|t:|1628646303\n|move|p1a: Zygarde|Thousand Arrows|p2a: adaam (fairy)\n|-supereffective|p2a: adaam (fairy)\n|-damage|p2a: adaam (fairy)|0 fnt\n|faint|p2a: adaam (fairy)\n|\n|upkeep\n|\n|t:|1628646311\n|switch|p2a: Zygarde-10% off|Zygarde-10%|100\/100\n|-ability|p2a: Zygarde-10% off|Aura Break\n|turn|13\n|\n|t:|1628646317\n|switch|p1a: Tapu Bulu|Tapu Bulu|100\/100\n|-fieldstart|move: Grassy Terrain|[from] ability: Grassy Surge|[of] p1a: Tapu Bulu\n|move|p2a: Zygarde-10% off|Extreme Speed|p1a: Tapu Bulu\n|-damage|p1a: Tapu Bulu|72\/100\n|\n|-heal|p1a: Tapu Bulu|78\/100|[from] Grassy Terrain\n|-heal|p1a: Tapu Bulu|84\/100|[from] item: Leftovers\n|upkeep\n|turn|14\n|\n|t:|1628646327\n|switch|p2a: moltres leches|Moltres-Galar|100\/100\n|move|p1a: Tapu Bulu|Swords Dance|p1a: Tapu Bulu\n|-boost|p1a: Tapu Bulu|atk|2\n|\n|-heal|p1a: Tapu Bulu|90\/100|[from] Grassy Terrain\n|-heal|p1a: Tapu Bulu|96\/100|[from] item: Leftovers\n|upkeep\n|turn|15\n|\n|t:|1628646333\n|switch|p2a: donny p. iss on u|Jirachi|100\/100\n|move|p1a: Tapu Bulu|Stone Edge|p2a: donny p. iss on u|[miss]\n|-miss|p1a: Tapu Bulu|p2a: donny p. iss on u\n|\n|-heal|p1a: Tapu Bulu|100\/100|[from] Grassy Terrain\n|upkeep\n|turn|16\n|\n|t:|1628646342\n|move|p2a: donny p. iss on u|Iron Head|p1a: Tapu Bulu\n|-supereffective|p1a: Tapu Bulu\n|-damage|p1a: Tapu Bulu|53\/100\n|cant|p1a: Tapu Bulu|flinch\n|\n|-heal|p1a: Tapu Bulu|59\/100|[from] Grassy Terrain\n|-heal|p1a: Tapu Bulu|65\/100|[from] item: Leftovers\n|upkeep\n|turn|17\n|\n|t:|1628646349\n|switch|p1a: Celesteela|Celesteela, shiny|100\/100\n|move|p2a: donny p. iss on u|U-turn|p1a: Celesteela\n|-resisted|p1a: Celesteela\n|-damage|p1a: Celesteela|97\/100\n|l| uau sou noob\n|\n|t:|1628646398\n|switch|p2a: Zygarde-10% off|Zygarde-10%|100\/100|[from]move: U-turn\n|-ability|p2a: Zygarde-10% off|Aura Break\n|\n|-fieldend|move: Grassy Terrain\n|upkeep\n|turn|18\n|\n|t:|1628646410\n|switch|p1a: Tapu Bulu|Tapu Bulu|65\/100\n|-fieldstart|move: Grassy Terrain|[from] ability: Grassy Surge|[of] p1a: Tapu Bulu\n|move|p2a: Zygarde-10% off|Thousand Arrows|p1a: Tapu Bulu\n|-resisted|p1a: Tapu Bulu\n|-damage|p1a: Tapu Bulu|40\/100\n|\n|-heal|p1a: Tapu Bulu|47\/100|[from] Grassy Terrain\n|-heal|p1a: Tapu Bulu|53\/100|[from] item: Leftovers\n|upkeep\n|turn|19\n|\n|t:|1628646417\n|switch|p2a: ramoment?|Amoonguss, F|35\/100\n|switch|p1a: Aegislash|Aegislash, F|100\/100\n|\n|-heal|p2a: ramoment?|41\/100|[from] Grassy Terrain\n|upkeep\n|turn|20\n|\n|t:|1628646424\n|switch|p2a: moltres leches|Moltres-Galar|100\/100\n|-formechange|p1a: Aegislash|Aegislash-Blade||[from] ability: Stance Change\n|move|p1a: Aegislash|Flash Cannon|p2a: moltres leches\n|-damage|p2a: moltres leches|48\/100\n|-ability|p2a: moltres leches|Berserk|boost\n|-boost|p2a: moltres leches|spa|1\n|\n|upkeep\n|turn|21\n|\n|t:|1628646437\n|move|p2a: moltres leches|Fiery Wrath|p1a: Aegislash\n|-supereffective|p1a: Aegislash\n|-damage|p1a: Aegislash|0 fnt\n|faint|p1a: Aegislash\n|\n|upkeep\n|\n|t:|1628646440\n|switch|p1a: Zygarde|Zygarde-10%|100\/100\n|-ability|p1a: Zygarde|Aura Break\n|turn|22\n|j| DuGuo Fans\n|\n|t:|1628646449\n|move|p1a: Zygarde|Thousand Arrows|p2a: moltres leches\n|-damage|p2a: moltres leches|0 fnt\n|faint|p2a: moltres leches\n|\n|-fieldend|move: Grassy Terrain\n|upkeep\n|\n|t:|1628646457\n|switch|p2a: ramoment?|Amoonguss, F|74\/100\n|turn|23\n|\n|t:|1628646469\n|switch|p1a: Tapu Bulu|Tapu Bulu|53\/100\n|-fieldstart|move: Grassy Terrain|[from] ability: Grassy Surge|[of] p1a: Tapu Bulu\n|move|p2a: ramoment?|Spore|p1a: Tapu Bulu\n|-immune|p1a: Tapu Bulu\n|\n|-heal|p1a: Tapu Bulu|59\/100|[from] Grassy Terrain\n|-heal|p1a: Tapu Bulu|65\/100|[from] item: Leftovers\n|-heal|p2a: ramoment?|80\/100|[from] Grassy Terrain\n|upkeep\n|turn|24\n|\n|t:|1628646478\n|move|p1a: Tapu Bulu|Zen Headbutt|p2a: ramoment?\n|-supereffective|p2a: ramoment?\n|-damage|p2a: ramoment?|38\/100\n|-damage|p1a: Tapu Bulu|48\/100|[from] item: Rocky Helmet|[of] p2a: ramoment?\n|move|p2a: ramoment?|Foul Play|p1a: Tapu Bulu\n|-resisted|p1a: Tapu Bulu\n|-damage|p1a: Tapu Bulu|33\/100\n|\n|-heal|p1a: Tapu Bulu|39\/100|[from] Grassy Terrain\n|-heal|p1a: Tapu Bulu|45\/100|[from] item: Leftovers\n|-heal|p2a: ramoment?|45\/100|[from] Grassy Terrain\n|upkeep\n|turn|25\n|\n|t:|1628646494\n|move|p1a: Tapu Bulu|Zen Headbutt|p2a: ramoment?\n|-supereffective|p2a: ramoment?\n|-damage|p2a: ramoment?|8\/100\n|-damage|p1a: Tapu Bulu|28\/100|[from] item: Rocky Helmet|[of] p2a: ramoment?\n|move|p2a: ramoment?|Sludge Bomb|p1a: Tapu Bulu\n|-supereffective|p1a: Tapu Bulu\n|-damage|p1a: Tapu Bulu|0 fnt\n|faint|p1a: Tapu Bulu\n|\n|-heal|p2a: ramoment?|14\/100|[from] Grassy Terrain\n|upkeep\n|\n|t:|1628646501\n|switch|p1a: Celesteela|Celesteela, shiny|97\/100\n|turn|26\n|\n|t:|1628646513\n|move|p1a: Celesteela|Meteor Beam||[still]\n|-prepare|p1a: Celesteela|Meteor Beam\n|-boost|p1a: Celesteela|spa|1\n|-enditem|p1a: Celesteela|Power Herb\n|-anim|p1a: Celesteela|Meteor Beam|p2a: ramoment?|[miss]\n|-miss|p1a: Celesteela|p2a: ramoment?\n|move|p2a: ramoment?|Spore|p1a: Celesteela\n|-status|p1a: Celesteela|slp|[from] move: Spore\n|\n|-heal|p2a: ramoment?|20\/100|[from] Grassy Terrain\n|upkeep\n|turn|27\n|c|\u2606Shootingwolf|\u2026\u2026\n|c| DuGuo Fans|lol\n|\n|t:|1628646533\n|switch|p2a: Zygarde-10% off|Zygarde-10%|100\/100\n|-ability|p2a: Zygarde-10% off|Aura Break\n|cant|p1a: Celesteela|slp\n|\n|-fieldend|move: Grassy Terrain\n|upkeep\n|turn|28\n|\n|t:|1628646537\n|move|p2a: Zygarde-10% off|Thousand Arrows|p1a: Celesteela\n|-damage|p1a: Celesteela|41\/100 slp\n|-start|p1a: Celesteela|Smack Down\n|cant|p1a: Celesteela|slp\n|\n|upkeep\n|turn|29\n|\n|t:|1628646542\n|move|p2a: Zygarde-10% off|Thousand Arrows|p1a: Celesteela\n|-supereffective|p1a: Celesteela\n|-damage|p1a: Celesteela|0 fnt\n|faint|p1a: Celesteela\n|\n|upkeep\n|\n|t:|1628646544\n|switch|p1a: Zygarde|Zygarde-10%|100\/100\n|-ability|p1a: Zygarde|Aura Break\n|turn|30\n|\n|t:|1628646559\n|switch|p2a: donny p. iss on u|Jirachi|100\/100\n|move|p1a: Zygarde|Thousand Arrows|p2a: donny p. iss on u\n|-supereffective|p2a: donny p. iss on u\n|-damage|p2a: donny p. iss on u|9\/100\n|\n|-heal|p2a: donny p. iss on u|16\/100|[from] item: Leftovers\n|upkeep\n|turn|31\n|\n|t:|1628646568\n|move|p2a: donny p. iss on u|Protect|p2a: donny p. iss on u\n|-singleturn|p2a: donny p. iss on u|Protect\n|move|p1a: Zygarde|Thousand Arrows|p2a: donny p. iss on u\n|-activate|p2a: donny p. iss on u|move: Protect\n|\n|-heal|p2a: donny p. iss on u|22\/100|[from] item: Leftovers\n|upkeep\n|turn|32\n|\n|t:|1628646570\n|move|p2a: donny p. iss on u|Protect||[still]\n|-fail|p2a: donny p. iss on u\n|move|p1a: Zygarde|Thousand Arrows|p2a: donny p. iss on u\n|-supereffective|p2a: donny p. iss on u\n|-damage|p2a: donny p. iss on u|0 fnt\n|faint|p2a: donny p. iss on u\n|\n|upkeep\n|\n|t:|1628646572\n|switch|p2a: ramoment?|Amoonguss, F|53\/100\n|turn|33\n|\n|t:|1628646575\n|move|p1a: Zygarde|Thousand Arrows|p2a: ramoment?\n|-damage|p2a: ramoment?|13\/100\n|move|p2a: ramoment?|Spore|p1a: Zygarde\n|-status|p1a: Zygarde|slp|[from] move: Spore\n|\n|upkeep\n|turn|34\n|\n|t:|1628646578\n|cant|p1a: Zygarde|slp\n|move|p2a: ramoment?|Foul Play|p1a: Zygarde\n|-crit|p1a: Zygarde\n|-damage|p1a: Zygarde|25\/100 slp\n|\n|upkeep\n|turn|35\n|\n|t:|1628646581\n|-curestatus|p1a: Zygarde|slp|[msg]\n|move|p1a: Zygarde|Thousand Arrows|p2a: ramoment?\n|-damage|p2a: ramoment?|0 fnt\n|faint|p2a: ramoment?\n|\n|upkeep\n|\n|t:|1628646582\n|switch|p2a: Zygarde-10% off|Zygarde-10%|100\/100\n|-ability|p2a: Zygarde-10% off|Aura Break\n|turn|36\n|\n|t:|1628646584\n|move|p2a: Zygarde-10% off|Extreme Speed|p1a: Zygarde\n|-damage|p1a: Zygarde|0 fnt\n|faint|p1a: Zygarde\n|\n|win|pif\n|raw|Shootingwolf's rating: 1496 &rarr; <strong>1488<\/strong><br \/>(-8 for losing)\n|raw|pif's rating: 1731 &rarr; <strong>1739<\/strong><br \/>(+8 for winning)\n|c|\u2606pif|rip sry for miss\n|l|\u2606pif\n||Ladder isn't responding, score probably updated but might not have (Request timeout).\n|l|\u2606Shootingwolf\n|l| DuGuo Fans\n|j|\u2606Shootingwolf\n|player|p1|Shootingwolf|lady\n|l|\u2606Shootingwolf\n|player|p1|\n|j|\u2606Shootingwolf\n|player|p1|Shootingwolf|lady\n|l|\u2606Shootingwolf\n|player|p1|\n|j|\u2606Shootingwolf\n|player|p1|Shootingwolf|lady\n","uploadtime":1628646859,"views":91,"p1id":"shootingwolf","p2id":"pif","formatid":"gen8uu","rating":1488,"private":0,"password":null}