{"id":"gen8ou-1700859524","p1":"Shinjou Akane","p2":"MRH1106","format":"gen8ou","log":"|j|\u2606Shinjou Akane\n|j|\u203dMRH1106\n|t:|1667393848\n|gametype|singles\n|player|p1|Shinjou Akane|nurse|1602\n|player|p2|MRH1106|266|1565\n|teamsize|p1|6\n|teamsize|p2|6\n|gen|8\n|tier|[Gen 8] OU\n|rated|\n|rule|Sleep Clause Mod: Limit one foe put to sleep\n|rule|Species Clause: Limit one of each Pok\u00e9mon\n|rule|OHKO Clause: OHKO moves are banned\n|rule|Evasion Items Clause: Evasion items are banned\n|rule|Evasion Moves Clause: Evasion moves are banned\n|rule|Endless Battle Clause: Forcing endless battles is banned\n|rule|HP Percentage Mod: HP is shown in percentages\n|rule|Dynamax Clause: You cannot dynamax\n|clearpoke\n|poke|p1|Tapu Lele|\n|poke|p1|Blacephalon|\n|poke|p1|Tyranitar, M|\n|poke|p1|Landorus-Therian, M|\n|poke|p1|Corviknight, M|\n|poke|p1|Toxapex, F|\n|poke|p2|Pelipper, M|\n|poke|p2|Seismitoad, M|\n|poke|p2|Zapdos|\n|poke|p2|Kartana|\n|poke|p2|Barraskewda, F|\n|poke|p2|Crawdaunt, F|\n|teampreview\n|inactive|Battle timer is ON: inactive players will automatically lose when time's up. (requested by MRH1106)\n|\n|t:|1667393858\n|start\n|switch|p1a: Tyranitar|Tyranitar, M|100\/100\n|switch|p2a: Pelipper|Pelipper, M|100\/100\n|-weather|Sandstorm|[from] ability: Sand Stream|[of] p1a: Tyranitar\n|-weather|RainDance|[from] ability: Drizzle|[of] p2a: Pelipper\n|turn|1\n|\n|t:|1667393866\n|move|p1a: Tyranitar|Stone Edge|p2a: Pelipper\n|-supereffective|p2a: Pelipper\n|-damage|p2a: Pelipper|0 fnt\n|faint|p2a: Pelipper\n|\n|-weather|RainDance|[upkeep]\n|upkeep\n|\n|t:|1667393868\n|switch|p2a: Seismitoad|Seismitoad, M|100\/100\n|turn|2\n|\n|t:|1667393876\n|switch|p1a: Toxapex|Toxapex, F|100\/100\n|move|p2a: Seismitoad|Weather Ball|p1a: Toxapex\n|-resisted|p1a: Toxapex\n|-damage|p1a: Toxapex|64\/100\n|-damage|p2a: Seismitoad|91\/100|[from] item: Life Orb\n|\n|-weather|RainDance|[upkeep]\n|upkeep\n|turn|3\n|\n|t:|1667393881\n|switch|p1a: Corviknight|Corviknight, M|100\/100\n|-ability|p1a: Corviknight|Pressure\n|move|p2a: Seismitoad|Earth Power|p1a: Corviknight\n|-immune|p1a: Corviknight\n|\n|-weather|RainDance|[upkeep]\n|upkeep\n|turn|4\n|\n|t:|1667393889\n|move|p2a: Seismitoad|Weather Ball|p1a: Corviknight\n|-damage|p1a: Corviknight|23\/100\n|-damage|p2a: Seismitoad|81\/100|[from] item: Life Orb\n|move|p1a: Corviknight|U-turn|p2a: Seismitoad\n|-damage|p2a: Seismitoad|62\/100\n|\n|t:|1667393903\n|switch|p1a: Tapu Lele|Tapu Lele|100\/100|[from]move: U-turn\n|-fieldstart|move: Psychic Terrain|[from] ability: Psychic Surge|[of] p1a: Tapu Lele\n|\n|-weather|RainDance|[upkeep]\n|upkeep\n|turn|5\n|\n|t:|1667393907\n|move|p2a: Seismitoad|Weather Ball|p1a: Tapu Lele\n|-damage|p1a: Tapu Lele|14\/100\n|-damage|p2a: Seismitoad|52\/100|[from] item: Life Orb\n|move|p1a: Tapu Lele|Psychic|p2a: Seismitoad\n|-crit|p2a: Seismitoad\n|-damage|p2a: Seismitoad|0 fnt\n|faint|p2a: Seismitoad\n|\n|-weather|RainDance|[upkeep]\n|upkeep\n|\n|t:|1667393914\n|switch|p2a: Barraskewda|Barraskewda, F|100\/100\n|turn|6\n|\n|t:|1667393918\n|switch|p1a: Corviknight|Corviknight, M|23\/100\n|-ability|p1a: Corviknight|Pressure\n|move|p2a: Barraskewda|Liquidation|p1a: Corviknight\n|-damage|p1a: Corviknight|0 fnt\n|-damage|p2a: Barraskewda|84\/100|[from] item: Rocky Helmet|[of] p1a: Corviknight\n|faint|p1a: Corviknight\n|\n|-weather|RainDance|[upkeep]\n|upkeep\n|\n|t:|1667393924\n|switch|p1a: Toxapex|Toxapex, F|98\/100\n|turn|7\n|\n|t:|1667393927\n|switch|p2a: Zapdos|Zapdos|100\/100\n|move|p1a: Toxapex|Scald|p2a: Zapdos\n|-damage|p2a: Zapdos|77\/100\n|\n|-weather|RainDance|[upkeep]\n|upkeep\n|turn|8\n|\n|t:|1667393933\n|switch|p1a: Tyranitar|Tyranitar, M|100\/100\n|-weather|Sandstorm|[from] ability: Sand Stream|[of] p1a: Tyranitar\n|move|p2a: Zapdos|Thunder|p1a: Tyranitar\n|-crit|p1a: Tyranitar\n|-damage|p1a: Tyranitar|46\/100\n|\n|-weather|Sandstorm|[upkeep]\n|-damage|p2a: Zapdos|71\/100|[from] Sandstorm\n|-fieldend|move: Psychic Terrain\n|upkeep\n|turn|9\n|\n|t:|1667393945\n|switch|p2a: Kartana|Kartana, shiny|100\/100\n|move|p1a: Tyranitar|Stone Edge|p2a: Kartana\n|-resisted|p2a: Kartana\n|-damage|p2a: Kartana|51\/100\n|\n|-weather|Sandstorm|[upkeep]\n|upkeep\n|turn|10\n|\n|t:|1667393965\n|switch|p1a: Landorus|Landorus-Therian, M|100\/100\n|-ability|p1a: Landorus|Intimidate|boost\n|-unboost|p2a: Kartana|atk|1\n|move|p2a: Kartana|Leaf Blade|p1a: Landorus\n|-damage|p1a: Landorus|60\/100\n|\n|-weather|Sandstorm|[upkeep]\n|-heal|p1a: Landorus|66\/100|[from] item: Leftovers\n|upkeep\n|turn|11\n|\n|t:|1667393972\n|move|p2a: Kartana|Leaf Blade|p1a: Landorus\n|-damage|p1a: Landorus|26\/100\n|move|p1a: Landorus|U-turn|p2a: Kartana\n|-damage|p2a: Kartana|27\/100\n|\n|t:|1667393983\n|switch|p1a: Toxapex|Toxapex, F|100\/100|[from]move: U-turn\n|\n|-weather|Sandstorm|[upkeep]\n|-damage|p1a: Toxapex|95\/100|[from] Sandstorm\n|upkeep\n|turn|12\n|\n|t:|1667393991\n|switch|p2a: Zapdos|Zapdos|71\/100\n|move|p1a: Toxapex|Scald|p2a: Zapdos\n|-crit|p2a: Zapdos\n|-damage|p2a: Zapdos|43\/100\n|-status|p2a: Zapdos|brn\n|\n|-weather|none\n|-damage|p2a: Zapdos|37\/100 brn|[from] brn\n|upkeep\n|turn|13\n|\n|t:|1667393994\n|move|p2a: Zapdos|Thunder|p1a: Toxapex\n|-supereffective|p1a: Toxapex\n|-damage|p1a: Toxapex|11\/100\n|move|p1a: Toxapex|Knock Off|p2a: Zapdos\n|-damage|p2a: Zapdos|19\/100 brn\n|-enditem|p2a: Zapdos|Heavy-Duty Boots|[from] move: Knock Off|[of] p1a: Toxapex\n|\n|-damage|p2a: Zapdos|13\/100 brn|[from] brn\n|upkeep\n|turn|14\n|\n|t:|1667394001\n|switch|p1a: Landorus|Landorus-Therian, M|26\/100\n|-ability|p1a: Landorus|Intimidate|boost\n|-unboost|p2a: Zapdos|atk|1\n|move|p2a: Zapdos|Hurricane|p1a: Landorus|[miss]\n|-miss|p2a: Zapdos|p1a: Landorus\n|\n|-heal|p1a: Landorus|32\/100|[from] item: Leftovers\n|-damage|p2a: Zapdos|6\/100 brn|[from] brn\n|upkeep\n|turn|15\n|\n|t:|1667394006\n|move|p2a: Zapdos|Hurricane|p1a: Landorus\n|-damage|p1a: Landorus|0 fnt\n|faint|p1a: Landorus\n|\n|-damage|p2a: Zapdos|0 fnt|[from] brn\n|faint|p2a: Zapdos\n|upkeep\n|\n|t:|1667394012\n|switch|p2a: Crawdaunt|Crawdaunt, F|100\/100\n|switch|p1a: Tapu Lele|Tapu Lele|14\/100\n|-fieldstart|move: Psychic Terrain|[from] ability: Psychic Surge|[of] p1a: Tapu Lele\n|turn|16\n|\n|t:|1667394021\n|switch|p2a: Kartana|Kartana, shiny|27\/100\n|move|p1a: Tapu Lele|Moonblast|p2a: Kartana\n|-resisted|p2a: Kartana\n|-damage|p2a: Kartana|0 fnt\n|faint|p2a: Kartana\n|\n|upkeep\n|\n|t:|1667394024\n|switch|p2a: Barraskewda|Barraskewda, F|84\/100\n|turn|17\n|\n|t:|1667394026\n|move|p1a: Tapu Lele|Moonblast|p2a: Barraskewda\n|-damage|p2a: Barraskewda|0 fnt\n|faint|p2a: Barraskewda\n|\n|upkeep\n|-message|MRH1106 forfeited.\n|\n|win|Shinjou Akane\n|raw|Shinjou Akane's rating: 1602 &rarr; <strong>1620<\/strong><br \/>(+18 for winning)\n|raw|MRH1106's rating: 1565 &rarr; <strong>1547<\/strong><br \/>(-18 for losing)\n|l|\u203dMRH1106\n","uploadtime":1667394051,"views":4,"p1id":"shinjouakane","p2id":"mrh1106","formatid":"gen8ou","rating":1547,"private":0,"password":null}