{"id":"gen8ou-1703381962","p1":"cows123p","p2":"xijurensheng","format":"gen8ou","log":"|j|\u2606cows123p\n|j|\u2606xijurensheng\n|t:|1667657207\n|gametype|singles\n|player|p1|cows123p|acetrainercouple|1536\n|player|p2|xijurensheng|169|1585\n|teamsize|p1|6\n|teamsize|p2|6\n|gen|8\n|tier|[Gen 8] OU\n|rated|\n|rule|Sleep Clause Mod: Limit one foe put to sleep\n|rule|Species Clause: Limit one of each Pok\u00e9mon\n|rule|OHKO Clause: OHKO moves are banned\n|rule|Evasion Items Clause: Evasion items are banned\n|rule|Evasion Moves Clause: Evasion moves are banned\n|rule|Endless Battle Clause: Forcing endless battles is banned\n|rule|HP Percentage Mod: HP is shown in percentages\n|rule|Dynamax Clause: You cannot dynamax\n|clearpoke\n|poke|p1|Diggersby, M|\n|poke|p1|Tapu Lele|\n|poke|p1|Ribombee, F|\n|poke|p1|Urshifu-*, M|\n|poke|p1|Heatran, M|\n|poke|p1|Kartana|\n|poke|p2|Excadrill, F|\n|poke|p2|Garchomp, F|\n|poke|p2|Kartana|\n|poke|p2|Toxapex, M|\n|poke|p2|Tyranitar, F|\n|poke|p2|Landorus-Therian, M|\n|teampreview\n|\n|t:|1667657224\n|start\n|switch|p1a: Diggersby|Diggersby, M|100\/100\n|switch|p2a: Tyranitar|Tyranitar, F|100\/100\n|-weather|Sandstorm|[from] ability: Sand Stream|[of] p2a: Tyranitar\n|turn|1\n|\n|t:|1667657231\n|move|p1a: Diggersby|Body Slam|p2a: Tyranitar\n|-resisted|p2a: Tyranitar\n|-damage|p2a: Tyranitar|66\/100\n|move|p2a: Tyranitar|Toxic|p1a: Diggersby\n|-status|p1a: Diggersby|tox\n|\n|-weather|Sandstorm|[upkeep]\n|-heal|p2a: Tyranitar|72\/100|[from] item: Leftovers\n|-damage|p1a: Diggersby|94\/100 tox|[from] psn\n|upkeep\n|turn|2\n|\n|t:|1667657241\n|switch|p1a: Ribombee|Ribombee, F|100\/100\n|move|p2a: Tyranitar|Protect||[still]\n|-fail|p2a: Tyranitar\n|\n|-weather|Sandstorm|[upkeep]\n|-damage|p1a: Ribombee|94\/100|[from] Sandstorm\n|-heal|p2a: Tyranitar|79\/100|[from] item: Leftovers\n|upkeep\n|turn|3\n|\n|t:|1667657249\n|move|p1a: Ribombee|Sticky Web|p2a: Tyranitar\n|-sidestart|p2: xijurensheng|move: Sticky Web\n|move|p2a: Tyranitar|Rock Blast|p1a: Ribombee\n|-supereffective|p1a: Ribombee\n|-damage|p1a: Ribombee|51\/100\n|-supereffective|p1a: Ribombee\n|-damage|p1a: Ribombee|9\/100\n|-supereffective|p1a: Ribombee\n|-damage|p1a: Ribombee|0 fnt\n|faint|p1a: Ribombee\n|-hitcount|p1: Ribombee|3\n|\n|-weather|Sandstorm|[upkeep]\n|-heal|p2a: Tyranitar|85\/100|[from] item: Leftovers\n|upkeep\n|\n|t:|1667657260\n|switch|p1a: Urshifu|Urshifu-Rapid-Strike, M|100\/100\n|turn|4\n|\n|t:|1667657266\n|switch|p2a: Toxapex|Toxapex, M|100\/100\n|-activate|p2a: Toxapex|move: Sticky Web\n|-unboost|p2a: Toxapex|spe|1\n|move|p1a: Urshifu|U-turn|p2a: Toxapex\n|-resisted|p2a: Toxapex\n|-damage|p2a: Toxapex|89\/100\n|-damage|p1a: Urshifu|84\/100|[from] item: Rocky Helmet|[of] p2a: Toxapex\n|inactive|Battle timer is ON: inactive players will automatically lose when time's up. (requested by xijurensheng)\n|\n|t:|1667657273\n|switch|p1a: Diggersby|Diggersby, M|94\/100 tox|[from]move: U-turn\n|\n|-weather|Sandstorm|[upkeep]\n|-damage|p2a: Toxapex|83\/100|[from] Sandstorm\n|-damage|p1a: Diggersby|88\/100 tox|[from] psn\n|upkeep\n|turn|5\n|\n|t:|1667657281\n|switch|p2a: Landorus|Landorus-Therian, M|100\/100\n|-ability|p2a: Landorus|Intimidate|boost\n|-unboost|p1a: Diggersby|atk|1\n|move|p1a: Diggersby|Body Slam|p2a: Landorus\n|-damage|p2a: Landorus|58\/100\n|-status|p2a: Landorus|par\n|\n|-weather|none\n|-heal|p2a: Landorus|64\/100 par|[from] item: Leftovers\n|-damage|p1a: Diggersby|76\/100 tox|[from] psn\n|upkeep\n|turn|6\n|\n|t:|1667657295\n|switch|p1a: Urshifu|Urshifu-Rapid-Strike, M|84\/100\n|move|p2a: Landorus|Stealth Rock|p1a: Urshifu\n|-sidestart|p1: cows123p|move: Stealth Rock\n|\n|-heal|p2a: Landorus|70\/100 par|[from] item: Leftovers\n|upkeep\n|turn|7\n|\n|t:|1667657302\n|switch|p2a: Toxapex|Toxapex, M|100\/100\n|-activate|p2a: Toxapex|move: Sticky Web\n|-unboost|p2a: Toxapex|spe|1\n|move|p1a: Urshifu|Surging Strikes|p2a: Toxapex\n|-resisted|p2a: Toxapex\n|-crit|p2a: Toxapex\n|-damage|p2a: Toxapex|92\/100\n|-damage|p1a: Urshifu|68\/100|[from] item: Rocky Helmet|[of] p2a: Toxapex\n|-resisted|p2a: Toxapex\n|-crit|p2a: Toxapex\n|-damage|p2a: Toxapex|83\/100\n|-damage|p1a: Urshifu|51\/100|[from] item: Rocky Helmet|[of] p2a: Toxapex\n|-resisted|p2a: Toxapex\n|-crit|p2a: Toxapex\n|-damage|p2a: Toxapex|74\/100\n|-damage|p1a: Urshifu|35\/100|[from] item: Rocky Helmet|[of] p2a: Toxapex\n|-hitcount|p2a: Toxapex|3\n|\n|upkeep\n|turn|8\n|\n|t:|1667657321\n|switch|p1a: Tapu Lele|Tapu Lele|100\/100\n|-damage|p1a: Tapu Lele|88\/100|[from] Stealth Rock\n|-fieldstart|move: Psychic Terrain|[from] ability: Psychic Surge|[of] p1a: Tapu Lele\n|move|p2a: Toxapex|Knock Off|p1a: Tapu Lele\n|-damage|p1a: Tapu Lele|65\/100\n|-enditem|p1a: Tapu Lele|Choice Specs|[from] move: Knock Off|[of] p2a: Toxapex\n|\n|upkeep\n|turn|9\n|\n|t:|1667657344\n|switch|p2a: Landorus|Landorus-Therian, M|70\/100 par\n|-ability|p2a: Landorus|Intimidate|boost\n|-unboost|p1a: Tapu Lele|atk|1\n|move|p1a: Tapu Lele|Psychic|p2a: Landorus\n|-damage|p2a: Landorus|10\/100 par\n|\n|-heal|p2a: Landorus|16\/100 par|[from] item: Leftovers\n|upkeep\n|turn|10\n|\n|t:|1667657358\n|switch|p2a: Tyranitar|Tyranitar, F|85\/100\n|-activate|p2a: Tyranitar|move: Sticky Web\n|-unboost|p2a: Tyranitar|spe|1\n|-weather|Sandstorm|[from] ability: Sand Stream|[of] p2a: Tyranitar\n|move|p1a: Tapu Lele|Moonblast|p2a: Tyranitar\n|-supereffective|p2a: Tyranitar\n|-damage|p2a: Tyranitar|45\/100\n|\n|-weather|Sandstorm|[upkeep]\n|-damage|p1a: Tapu Lele|59\/100|[from] Sandstorm\n|-heal|p2a: Tyranitar|51\/100|[from] item: Leftovers\n|upkeep\n|turn|11\n|\n|t:|1667657371\n|move|p1a: Tapu Lele|Focus Blast|p2a: Tyranitar|[miss]\n|-miss|p1a: Tapu Lele|p2a: Tyranitar\n|move|p2a: Tyranitar|Toxic|p1a: Tapu Lele\n|-status|p1a: Tapu Lele|tox\n|\n|-weather|Sandstorm|[upkeep]\n|-damage|p1a: Tapu Lele|53\/100 tox|[from] Sandstorm\n|-heal|p2a: Tyranitar|57\/100|[from] item: Leftovers\n|-damage|p1a: Tapu Lele|47\/100 tox|[from] psn\n|upkeep\n|turn|12\n|\n|t:|1667657381\n|move|p2a: Tyranitar|Protect|p2a: Tyranitar\n|-singleturn|p2a: Tyranitar|Protect\n|move|p1a: Tapu Lele|Focus Blast|p2a: Tyranitar\n|-activate|p2a: Tyranitar|move: Protect\n|\n|-weather|Sandstorm|[upkeep]\n|-damage|p1a: Tapu Lele|41\/100 tox|[from] Sandstorm\n|-heal|p2a: Tyranitar|63\/100|[from] item: Leftovers\n|-damage|p1a: Tapu Lele|29\/100 tox|[from] psn\n|-fieldend|move: Psychic Terrain\n|upkeep\n|turn|13\n|\n|t:|1667657396\n|switch|p2a: Toxapex|Toxapex, M|100\/100\n|-activate|p2a: Toxapex|move: Sticky Web\n|-unboost|p2a: Toxapex|spe|1\n|move|p1a: Tapu Lele|Moonblast|p2a: Toxapex\n|-resisted|p2a: Toxapex\n|-damage|p2a: Toxapex|81\/100\n|\n|-weather|Sandstorm|[upkeep]\n|-damage|p1a: Tapu Lele|23\/100 tox|[from] Sandstorm\n|-damage|p2a: Toxapex|75\/100|[from] Sandstorm\n|-damage|p1a: Tapu Lele|5\/100 tox|[from] psn\n|upkeep\n|turn|14\n|\n|t:|1667657412\n|switch|p2a: Tyranitar|Tyranitar, F|63\/100\n|-activate|p2a: Tyranitar|move: Sticky Web\n|-unboost|p2a: Tyranitar|spe|1\n|move|p1a: Tapu Lele|Moonblast|p2a: Tyranitar\n|-supereffective|p2a: Tyranitar\n|-crit|p2a: Tyranitar\n|-damage|p2a: Tyranitar|2\/100\n|\n|-weather|none\n|-heal|p2a: Tyranitar|8\/100|[from] item: Leftovers\n|-damage|p1a: Tapu Lele|0 fnt|[from] psn\n|faint|p1a: Tapu Lele\n|upkeep\n|\n|t:|1667657423\n|switch|p1a: Heatran|Heatran, M|100\/100\n|-damage|p1a: Heatran|88\/100|[from] Stealth Rock\n|-item|p1a: Heatran|Air Balloon\n|turn|15\n|\n|t:|1667657433\n|switch|p2a: Toxapex|Toxapex, M|100\/100\n|-activate|p2a: Toxapex|move: Sticky Web\n|-unboost|p2a: Toxapex|spe|1\n|move|p1a: Heatran|Earth Power|p2a: Toxapex\n|-supereffective|p2a: Toxapex\n|-damage|p2a: Toxapex|50\/100\n|\n|upkeep\n|turn|16\n|\n|t:|1667657441\n|switch|p2a: Landorus|Landorus-Therian, M|16\/100 par\n|-ability|p2a: Landorus|Intimidate|boost\n|-unboost|p1a: Heatran|atk|1\n|move|p1a: Heatran|Stealth Rock|p2a: Landorus\n|-sidestart|p2: xijurensheng|move: Stealth Rock\n|\n|-heal|p2a: Landorus|22\/100 par|[from] item: Leftovers\n|upkeep\n|turn|17\n|\n|t:|1667657451\n|move|p1a: Heatran|Eruption|p2a: Landorus\n|-damage|p2a: Landorus|0 fnt\n|faint|p2a: Landorus\n|\n|upkeep\n|\n|t:|1667657463\n|switch|p2a: Toxapex|Toxapex, M|84\/100\n|-activate|p2a: Toxapex|move: Sticky Web\n|-unboost|p2a: Toxapex|spe|1\n|-damage|p2a: Toxapex|71\/100|[from] Stealth Rock\n|turn|18\n|\n|t:|1667657469\n|move|p1a: Heatran|Earth Power|p2a: Toxapex\n|-supereffective|p2a: Toxapex\n|-damage|p2a: Toxapex|19\/100\n|-unboost|p2a: Toxapex|spd|1\n|move|p2a: Toxapex|Scald|p1a: Heatran\n|-supereffective|p1a: Heatran\n|-damage|p1a: Heatran|55\/100\n|-enditem|p1a: Heatran|Air Balloon\n|\n|upkeep\n|turn|19\n|\n|t:|1667657490\n|switch|p2a: Garchomp|Garchomp, F|100\/100\n|-activate|p2a: Garchomp|move: Sticky Web\n|-unboost|p2a: Garchomp|spe|1\n|-damage|p2a: Garchomp|94\/100|[from] Stealth Rock\n|move|p1a: Heatran|Earth Power|p2a: Garchomp\n|-damage|p2a: Garchomp|59\/100\n|\n|-heal|p2a: Garchomp|65\/100|[from] item: Leftovers\n|upkeep\n|turn|20\n|\n|t:|1667657506\n|move|p1a: Heatran|Magma Storm|p2a: Garchomp|[miss]\n|-miss|p1a: Heatran|p2a: Garchomp\n|move|p2a: Garchomp|Earthquake|p1a: Heatran\n|-supereffective|p1a: Heatran\n|-damage|p1a: Heatran|0 fnt\n|faint|p1a: Heatran\n|\n|-heal|p2a: Garchomp|72\/100|[from] item: Leftovers\n|upkeep\n|\n|t:|1667657514\n|switch|p1a: Diggersby|Diggersby, M|76\/100 tox\n|-damage|p1a: Diggersby|70\/100 tox|[from] Stealth Rock\n|turn|21\n|\n|t:|1667657519\n|move|p1a: Diggersby|Earthquake|p2a: Garchomp\n|-damage|p2a: Garchomp|0 fnt\n|faint|p2a: Garchomp\n|\n|-damage|p1a: Diggersby|64\/100 tox|[from] psn\n|upkeep\n|\n|t:|1667657524\n|switch|p2a: Tyranitar|Tyranitar, F|8\/100\n|-activate|p2a: Tyranitar|move: Sticky Web\n|-unboost|p2a: Tyranitar|spe|1\n|-damage|p2a: Tyranitar|0 fnt|[from] Stealth Rock\n|faint|p2a: Tyranitar\n|\n|t:|1667657532\n|switch|p2a: Kartana|Kartana|100\/100\n|-activate|p2a: Kartana|move: Sticky Web\n|-unboost|p2a: Kartana|spe|1\n|-damage|p2a: Kartana|94\/100|[from] Stealth Rock\n|turn|22\n|\n|t:|1667657538\n|switch|p1a: Urshifu|Urshifu-Rapid-Strike, M|35\/100\n|-damage|p1a: Urshifu|29\/100|[from] Stealth Rock\n|move|p2a: Kartana|Leaf Blade|p1a: Urshifu\n|-supereffective|p1a: Urshifu\n|-damage|p1a: Urshifu|0 fnt\n|faint|p1a: Urshifu\n|-ability|p2a: Kartana|Beast Boost|boost\n|-boost|p2a: Kartana|atk|1\n|-damage|p2a: Kartana|85\/100|[from] item: Life Orb\n|\n|upkeep\n|\n|t:|1667657552\n|switch|p1a: Diggersby|Diggersby, M|64\/100 tox\n|-damage|p1a: Diggersby|58\/100 tox|[from] Stealth Rock\n|turn|23\n|\n|t:|1667657561\n|move|p1a: Diggersby|Earthquake|p2a: Kartana\n|-damage|p2a: Kartana|0 fnt\n|faint|p2a: Kartana\n|\n|-damage|p1a: Diggersby|52\/100 tox|[from] psn\n|upkeep\n|\n|t:|1667657566\n|switch|p2a: Excadrill|Excadrill, F|100\/100\n|-activate|p2a: Excadrill|move: Sticky Web\n|-unboost|p2a: Excadrill|spe|1\n|-damage|p2a: Excadrill|97\/100|[from] Stealth Rock\n|turn|24\n|\n|t:|1667657572\n|move|p1a: Diggersby|Earthquake|p2a: Excadrill\n|-supereffective|p2a: Excadrill\n|-damage|p2a: Excadrill|0 fnt\n|faint|p2a: Excadrill\n|\n|-damage|p1a: Diggersby|39\/100 tox|[from] psn\n|upkeep\n|c|\u2606cows123p|gg\n|-message|xijurensheng forfeited.\n|\n|win|cows123p\n|raw|cows123p's rating: 1536 &rarr; <strong>1559<\/strong><br \/>(+23 for winning)\n|raw|xijurensheng's rating: 1585 &rarr; <strong>1562<\/strong><br \/>(-23 for losing)\n|l|\u2606xijurensheng\n||Ladder isn't responding, score probably updated but might not have (Request timeout).\n","uploadtime":1667657598,"views":9,"p1id":"cows123p","p2id":"xijurensheng","formatid":"gen8ou","rating":1559,"private":0,"password":null}