{"id":"gen8ou-1230613115","p1":"Cattibob","p2":"glaed13","format":"gen8ou","log":"|j|\u2606Cattibob\n|j|\u2606glaed13\n|t:|1606244312\n|player|p1|Cattibob|265|1753\n|player|p2|glaed13|cheren-gen5bw2|1841\n|teamsize|p1|6\n|teamsize|p2|6\n|gametype|singles\n|gen|8\n|tier|[Gen 8] OU\n|rated|\n|clearpoke\n|poke|p1|Pheromosa|\n|poke|p1|Tapu Fini|\n|poke|p1|Tyranitar, F|\n|poke|p1|Corviknight, M|\n|poke|p1|Garchomp, M|\n|poke|p1|Rillaboom, F|\n|poke|p2|Blaziken, M|\n|poke|p2|Klefki, F|\n|poke|p2|Ninetales, M|\n|poke|p2|Zapdos-Galar|\n|poke|p2|Cinderace, F|\n|poke|p2|Garchomp, F|\n|rule|Sleep Clause Mod: Limit one foe put to sleep\n|rule|Species Clause: Limit one of each Pok\u00e9mon\n|rule|OHKO Clause: OHKO moves are banned\n|rule|Evasion Moves Clause: Evasion moves are banned\n|rule|Endless Battle Clause: Forcing endless battles is banned\n|rule|HP Percentage Mod: HP is shown in percentages\n|rule|Dynamax Clause: You cannot dynamax\n|teampreview\n|inactive|Battle timer is ON: inactive players will automatically lose when time's up. (requested by glaed13)\n|\n|t:|1606244339\n|start\n|switch|p1a: Garchomp|Garchomp, M|100\/100\n|switch|p2a: Klefki|Klefki, F, shiny|100\/100\n|turn|1\n|\n|t:|1606244346\n|move|p2a: Klefki|Reflect|p2a: Klefki\n|-sidestart|p2: glaed13|Reflect\n|move|p1a: Garchomp|Earthquake|p2a: Klefki\n|-supereffective|p2a: Klefki\n|-damage|p2a: Klefki|30\/100\n|-damage|p1a: Garchomp|91\/100|[from] item: Life Orb\n|\n|upkeep\n|turn|2\n|\n|t:|1606244353\n|switch|p2a: Zapdos|Zapdos-Galar|100\/100\n|move|p1a: Garchomp|Swords Dance|p1a: Garchomp\n|-boost|p1a: Garchomp|atk|2\n|\n|upkeep\n|turn|3\n|\n|t:|1606244362\n|switch|p1a: Corviknight|Corviknight, M|100\/100\n|-ability|p1a: Corviknight|Pressure\n|move|p2a: Zapdos|Acrobatics|p1a: Corviknight\n|-resisted|p1a: Corviknight\n|-damage|p1a: Corviknight|83\/100\n|-damage|p2a: Zapdos|84\/100|[from] item: Rocky Helmet|[of] p1a: Corviknight\n|\n|upkeep\n|turn|4\n|j| AnimaticLunatic\n|\n|t:|1606244373\n|move|p2a: Zapdos|Thunderous Kick|p1a: Corviknight\n|-damage|p1a: Corviknight|57\/100\n|-unboost|p1a: Corviknight|def|1\n|-damage|p2a: Zapdos|68\/100|[from] item: Rocky Helmet|[of] p1a: Corviknight\n|move|p1a: Corviknight|Brave Bird|p2a: Zapdos\n|-supereffective|p2a: Zapdos\n|-damage|p2a: Zapdos|26\/100\n|-damage|p1a: Corviknight|46\/100|[from] Recoil\n|\n|upkeep\n|turn|5\n|j| irgendwasmitmeeem\n|\n|t:|1606244384\n|move|p2a: Zapdos|Thunderous Kick|p1a: Corviknight\n|-damage|p1a: Corviknight|2\/100\n|-unboost|p1a: Corviknight|def|1\n|-damage|p2a: Zapdos|10\/100|[from] item: Rocky Helmet|[of] p1a: Corviknight\n|move|p1a: Corviknight|Roost|p1a: Corviknight\n|-heal|p1a: Corviknight|52\/100\n|-singleturn|p1a: Corviknight|move: Roost\n|\n|upkeep\n|turn|6\n|\n|t:|1606244399\n|move|p2a: Zapdos|Thunderous Kick|p1a: Corviknight\n|-damage|p1a: Corviknight|0 fnt\n|-damage|p2a: Zapdos|0 fnt|[from] item: Rocky Helmet|[of] p1a: Corviknight\n|faint|p1a: Corviknight\n|faint|p2a: Zapdos\n|\n|upkeep\n|j| sdmag\n|l| AnimaticLunatic\n|\n|t:|1606244415\n|switch|p2a: Klefki|Klefki, F, shiny|30\/100\n|switch|p1a: Garchomp|Garchomp, M|91\/100\n|turn|7\n|j| Devon\n|\n|t:|1606244421\n|move|p2a: Klefki|Light Screen|p2a: Klefki\n|-sidestart|p2: glaed13|move: Light Screen\n|move|p1a: Garchomp|Swords Dance|p1a: Garchomp\n|-boost|p1a: Garchomp|atk|2\n|\n|upkeep\n|turn|8\n|\n|t:|1606244445\n|switch|p2a: Blaziken|Blaziken, M|100\/100\n|move|p1a: Garchomp|Earthquake|p2a: Blaziken\n|-supereffective|p2a: Blaziken\n|-damage|p2a: Blaziken|0 fnt\n|-damage|p1a: Garchomp|81\/100|[from] item: Life Orb\n|faint|p2a: Blaziken\n|\n|-sideend|p2: glaed13|Reflect\n|upkeep\n|j| AnimaticLunatic\n|inactive|glaed13 has 120 seconds left.\n|\n|t:|1606244465\n|switch|p2a: Cinderace|Cinderace, F|100\/100\n|turn|9\n|\n|t:|1606244469\n|move|p2a: Cinderace|High Jump Kick|p1a: Garchomp\n|-start|p2a: Cinderace|typechange|Fighting|[from] ability: Libero\n|-damage|p1a: Garchomp|14\/100\n|move|p1a: Garchomp|Earthquake|p2a: Cinderace\n|-damage|p2a: Cinderace|0 fnt\n|-damage|p1a: Garchomp|4\/100|[from] item: Life Orb\n|faint|p2a: Cinderace\n|\n|upkeep\n|inactive|glaed13 has 120 seconds left.\n|\n|t:|1606244480\n|switch|p2a: Klefki|Klefki, F, shiny|30\/100\n|turn|10\n|\n|t:|1606244484\n|move|p2a: Klefki|Reflect|p2a: Klefki\n|-sidestart|p2: glaed13|Reflect\n|move|p1a: Garchomp|Earthquake|p2a: Klefki\n|-supereffective|p2a: Klefki\n|-damage|p2a: Klefki|0 fnt\n|-damage|p1a: Garchomp|0 fnt|[from] item: Life Orb\n|faint|p2a: Klefki\n|faint|p1a: Garchomp\n|\n|upkeep\n|\n|t:|1606244493\n|switch|p1a: Pheromosa|Pheromosa|100\/100\n|switch|p2a: Ninetales|Ninetales, M|100\/100\n|-weather|SunnyDay|[from] ability: Drought|[of] p2a: Ninetales\n|turn|11\n|\n|t:|1606244500\n|switch|p1a: Tyranitar|Tyranitar, F|100\/100\n|-weather|Sandstorm|[from] ability: Sand Stream|[of] p1a: Tyranitar\n|move|p2a: Ninetales|Flamethrower|p1a: Tyranitar\n|-resisted|p1a: Tyranitar\n|-damage|p1a: Tyranitar|94\/100\n|\n|-weather|Sandstorm|[upkeep]\n|-damage|p2a: Ninetales|95\/100|[from] Sandstorm\n|-heal|p1a: Tyranitar|99\/100|[from] item: Leftovers\n|upkeep\n|turn|12\n|\n|t:|1606244512\n|switch|p1a: Rillaboom|Rillaboom, F|100\/100\n|-fieldstart|move: Grassy Terrain|[from] ability: Grassy Surge|[of] p1a: Rillaboom\n|move|p2a: Ninetales|Memento|p1a: Rillaboom\n|-unboost|p1a: Rillaboom|atk|2\n|-unboost|p1a: Rillaboom|spa|2\n|faint|p2a: Ninetales\n|\n|-weather|Sandstorm|[upkeep]\n|-damage|p1a: Rillaboom|94\/100|[from] Sandstorm\n|-heal|p1a: Rillaboom|100\/100|[from] Grassy Terrain\n|upkeep\n|j| DJJJJJ KHALED\n|\n|t:|1606244526\n|switch|p2a: Garchomp|Garchomp, F|100\/100\n|turn|13\n|\n|t:|1606244530\n|move|p2a: Garchomp|Swords Dance|p2a: Garchomp\n|-boost|p2a: Garchomp|atk|2\n|move|p1a: Rillaboom|U-turn|p2a: Garchomp\n|-damage|p2a: Garchomp|91\/100\n|-damage|p1a: Rillaboom|88\/100|[from] ability: Rough Skin|[of] p2a: Garchomp\n|\n|t:|1606244532\n|switch|p1a: Pheromosa|Pheromosa|100\/100|[from]move: U-turn\n|\n|-weather|Sandstorm|[upkeep]\n|-damage|p1a: Pheromosa|94\/100|[from] Sandstorm\n|-heal|p1a: Pheromosa|100\/100|[from] Grassy Terrain\n|-heal|p2a: Garchomp|97\/100|[from] Grassy Terrain\n|upkeep\n|turn|14\n|\n|t:|1606244545\n|move|p1a: Pheromosa|Ice Beam|p2a: Garchomp\n|-supereffective|p2a: Garchomp\n|-damage|p2a: Garchomp|16\/100\n|move|p2a: Garchomp|Scale Shot|p1a: Pheromosa\n|-damage|p1a: Pheromosa|20\/100\n|-damage|p1a: Pheromosa|0 fnt\n|-hitcount|p1a: Pheromosa|2\n|-unboost|p2a: Garchomp|def|1\n|-boost|p2a: Garchomp|spe|1\n|faint|p1a: Pheromosa\n|\n|-weather|Sandstorm|[upkeep]\n|-heal|p2a: Garchomp|22\/100|[from] Grassy Terrain\n|-sideend|p2: glaed13|move: Light Screen\n|upkeep\n|\n|t:|1606244559\n|switch|p1a: Rillaboom|Rillaboom, F|88\/100\n|turn|15\n|l| sdmag\n|\n|t:|1606244563\n|move|p1a: Rillaboom|Grassy Glide|p2a: Garchomp\n|-damage|p2a: Garchomp|0 fnt\n|-damage|p1a: Rillaboom|76\/100|[from] ability: Rough Skin|[of] p2a: Garchomp\n|faint|p2a: Garchomp\n|\n|win|Cattibob\n|l|\u2606glaed13\n|l|\u2606Cattibob\n||Ladder (probably) updated, but score could not be retrieved (Request timeout).\n|l| irgendwasmitmeeem\n|l| AnimaticLunatic\n|l| Devon\n","uploadtime":1606244663,"views":24,"p1id":"cattibob","p2id":"glaed13","formatid":"gen8ou","rating":0,"private":0,"password":null}