{"id":"gen8lc-1135539483","p1":"alexiei","p2":"The Last Hero","format":"gen8lc","log":"|j|\u2606alexiei\n|j|\u2606The Last Hero\n|player|p1|alexiei|workerice|1437\n|player|p2|The Last Hero|acetrainersnow|1499\n|teamsize|p1|6\n|teamsize|p2|6\n|gametype|singles\n|gen|8\n|tier|[Gen 8] LC\n|rated|\n|clearpoke\n|poke|p1|Grookey, L5, M|\n|poke|p1|Abra, L5, F|\n|poke|p1|Mienfoo, L5, F|\n|poke|p1|Vullaby, L5, F|\n|poke|p1|Magnemite, L5|\n|poke|p1|Onix, L5, M|\n|poke|p2|Fomantis, L5, F|\n|poke|p2|Grookey, L5, M|\n|poke|p2|Mareanie, L5, F|\n|poke|p2|Mienfoo, L5, M|\n|poke|p2|Vullaby, L5, F|\n|poke|p2|Onix, L5, M|\n|rule|Sleep Clause Mod: Limit one foe put to sleep\n|rule|Species Clause: Limit one of each Pok\u00e9mon\n|rule|OHKO Clause: OHKO moves are banned\n|rule|Evasion Moves Clause: Evasion moves are banned\n|rule|Endless Battle Clause: Forcing endless battles is banned\n|rule|HP Percentage Mod: HP is shown in percentages\n|rule|Dynamax Clause: You cannot dynamax\n|teampreview\n|inactive|Battle timer is ON: inactive players will automatically lose when time's up. (requested by alexiei)\n|\n|start\n|switch|p1a: Vullaby|Vullaby, L5, F|100\/100\n|switch|p2a: Miengay|Mienfoo, L5, M|100\/100\n|turn|1\n|\n|move|p2a: Miengay|Fake Out|p1a: Vullaby\n|-damage|p1a: Vullaby|84\/100\n|-ability|p1a: Vullaby|Weak Armor|boost\n|-unboost|p1a: Vullaby|def|1\n|-boost|p1a: Vullaby|spe|2\n|cant|p1a: Vullaby|flinch\n|\n|upkeep\n|turn|2\n|\n|switch|p2a: Dark Bird|Vullaby, L5, F|100\/100\n|move|p1a: Vullaby|U-turn|p2a: Dark Bird\n|-damage|p2a: Dark Bird|76\/100\n|-ability|p2a: Dark Bird|Weak Armor|boost\n|-unboost|p2a: Dark Bird|def|1\n|-boost|p2a: Dark Bird|spe|2\n|\n|switch|p1a: Onix|Onix, L5, M|100\/100|[from]move: U-turn\n|\n|upkeep\n|turn|3\n|\n|move|p2a: Dark Bird|Knock Off|p1a: Onix\n|-damage|p1a: Onix|81\/100\n|-ability|p1a: Onix|Weak Armor|boost\n|-unboost|p1a: Onix|def|1\n|-boost|p1a: Onix|spe|2\n|-enditem|p1a: Onix|Eviolite|[from] move: Knock Off|[of] p2a: Dark Bird\n|move|p1a: Onix|Stealth Rock|p2a: Dark Bird\n|-sidestart|p2: The Last Hero|move: Stealth Rock\n|\n|upkeep\n|turn|4\n|\n|switch|p1a: Vullaby|Vullaby, L5, F|84\/100\n|switch|p2a: Crazy Monkey|Grookey, L5, M|100\/100\n|-damage|p2a: Crazy Monkey|91\/100|[from] Stealth Rock\n|-fieldstart|move: Grassy Terrain|[from] ability: Grassy Surge|[of] p2a: Crazy Monkey\n|\n|-heal|p2a: Crazy Monkey|96\/100|[from] Grassy Terrain\n|upkeep\n|turn|5\n|\n|move|p2a: Crazy Monkey|U-turn|p1a: Vullaby\n|-damage|p1a: Vullaby|55\/100\n|-ability|p1a: Vullaby|Weak Armor|boost\n|-unboost|p1a: Vullaby|def|1\n|-boost|p1a: Vullaby|spe|2\n|\n|switch|p2a: Crown|Mareanie, L5, F|100\/100|[from]move: U-turn\n|-damage|p2a: Crown|88\/100|[from] Stealth Rock\n|move|p1a: Vullaby|U-turn|p2a: Crown\n|-resisted|p2a: Crown\n|-damage|p2a: Crown|80\/100\n|\n|switch|p1a: Abra|Abra, L5, F|100\/100|[from]move: U-turn\n|\n|-heal|p2a: Crown|84\/100|[from] Grassy Terrain\n|upkeep\n|turn|6\n|\n|switch|p2a: Dark Bird|Vullaby, L5, F|76\/100\n|-damage|p2a: Dark Bird|52\/100|[from] Stealth Rock\n|move|p1a: Abra|Psychic|p2a: Dark Bird\n|-immune|p2a: Dark Bird\n|\n|upkeep\n|turn|7\n|\n|switch|p2a: Miengay|Mienfoo, L5, M|100\/100\n|-damage|p2a: Miengay|96\/100|[from] Stealth Rock\n|move|p1a: Abra|Dazzling Gleam|p2a: Miengay\n|-supereffective|p2a: Miengay\n|-damage|p2a: Miengay|20\/100\n|\n|-heal|p2a: Miengay|24\/100|[from] Grassy Terrain\n|upkeep\n|turn|8\n|\n|switch|p1a: Vullaby|Vullaby, L5, F|55\/100\n|move|p2a: Miengay|Fake Out|p1a: Vullaby\n|-damage|p1a: Vullaby|38\/100\n|-ability|p1a: Vullaby|Weak Armor|boost\n|-unboost|p1a: Vullaby|def|1\n|-boost|p1a: Vullaby|spe|2\n|-enditem|p1a: Vullaby|Berry Juice\n|-heal|p1a: Vullaby|100\/100|[from] item: Berry Juice\n|\n|-heal|p2a: Miengay|29\/100|[from] Grassy Terrain\n|-fieldend|move: Grassy Terrain\n|upkeep\n|turn|9\n|\n|switch|p2a: Crown|Mareanie, L5, F|100\/100\n|-damage|p2a: Crown|88\/100|[from] Stealth Rock\n|move|p1a: Vullaby|Dual Wingbeat|p2a: Crown\n|-damage|p2a: Crown|71\/100\n|-damage|p2a: Crown|55\/100\n|-hitcount|p2a: Crown|2\n|\n|upkeep\n|turn|10\n|\n|move|p1a: Vullaby|Knock Off|p2a: Crown\n|-damage|p2a: Crown|17\/100\n|-enditem|p2a: Crown|Eviolite|[from] move: Knock Off|[of] p1a: Vullaby\n|move|p2a: Crown|Recover|p2a: Crown\n|-heal|p2a: Crown|67\/100\n|\n|upkeep\n|turn|11\n|\n|move|p1a: Vullaby|Dual Wingbeat|p2a: Crown\n|-damage|p2a: Crown|42\/100\n|-damage|p2a: Crown|17\/100\n|-hitcount|p2a: Crown|2\n|move|p2a: Crown|Scald|p1a: Vullaby\n|-damage|p1a: Vullaby|71\/100\n|-status|p1a: Vullaby|brn\n|\n|-damage|p1a: Vullaby|67\/100 brn|[from] brn\n|upkeep\n|turn|12\n|j| babyboyblues\n|\n|switch|p2a: Dark Bird|Vullaby, L5, F|52\/100\n|-damage|p2a: Dark Bird|29\/100|[from] Stealth Rock\n|-enditem|p2a: Dark Bird|Berry Juice\n|-heal|p2a: Dark Bird|100\/100|[from] item: Berry Juice\n|move|p1a: Vullaby|Dual Wingbeat|p2a: Dark Bird\n|-damage|p2a: Dark Bird|88\/100\n|-ability|p2a: Dark Bird|Weak Armor|boost\n|-unboost|p2a: Dark Bird|def|1\n|-boost|p2a: Dark Bird|spe|2\n|-damage|p2a: Dark Bird|72\/100\n|-ability|p2a: Dark Bird|Weak Armor|boost\n|-unboost|p2a: Dark Bird|def|1\n|-boost|p2a: Dark Bird|spe|2\n|-hitcount|p2a: Dark Bird|2\n|\n|-damage|p1a: Vullaby|63\/100 brn|[from] brn\n|upkeep\n|turn|13\n|\n|switch|p1a: Onix|Onix, L5, M|81\/100\n|move|p2a: Dark Bird|Defog|p1a: Onix\n|-unboost|p1a: Onix|evasion|1\n|-sideend|p2: The Last Hero|Stealth Rock|[from] move: Defog|[of] p2a: Dark Bird\n|\n|upkeep\n|turn|14\n|\n|move|p2a: Dark Bird|U-turn|p1a: Onix\n|-damage|p1a: Onix|62\/100\n|-ability|p1a: Onix|Weak Armor|boost\n|-unboost|p1a: Onix|def|1\n|-boost|p1a: Onix|spe|2\n|\n|switch|p2a: Rocky|Onix, L5, M|100\/100|[from]move: U-turn\n|move|p1a: Onix|Stealth Rock|p2a: Rocky\n|-sidestart|p2: The Last Hero|move: Stealth Rock\n|\n|upkeep\n|turn|15\n|\n|switch|p1a: FatFoo|Mienfoo, L5, F|100\/100\n|move|p2a: Rocky|Earthquake|p1a: FatFoo\n|-crit|p1a: FatFoo\n|-damage|p1a: FatFoo|35\/100\n|\n|upkeep\n|turn|16\n|\n|switch|p1a: Grookey|Grookey, L5, M|100\/100\n|-fieldstart|move: Grassy Terrain|[from] ability: Grassy Surge|[of] p1a: Grookey\n|move|p2a: Rocky|Dragon Dance|p2a: Rocky\n|-boost|p2a: Rocky|atk|1\n|-boost|p2a: Rocky|spe|1\n|\n|upkeep\n|turn|17\n|\n|move|p2a: Rocky|Dragon Dance|p2a: Rocky\n|-boost|p2a: Rocky|atk|1\n|-boost|p2a: Rocky|spe|1\n|move|p1a: Grookey|U-turn|p2a: Rocky\n|-damage|p2a: Rocky|72\/100\n|-damage|p1a: Grookey|91\/100|[from] item: Life Orb\n|\n|switch|p1a: FatFoo|Mienfoo, L5, F|66\/100|[from]move: U-turn\n|\n|-heal|p2a: Rocky|77\/100|[from] Grassy Terrain\n|-heal|p1a: FatFoo|70\/100|[from] Grassy Terrain\n|upkeep\n|turn|18\n|\n|move|p2a: Rocky|Earthquake|p1a: FatFoo\n|-damage|p1a: FatFoo|31\/100\n|move|p1a: FatFoo|Close Combat|p2a: Rocky\n|-supereffective|p2a: Rocky\n|-damage|p2a: Rocky|0 fnt\n|-unboost|p1a: FatFoo|def|1\n|-unboost|p1a: FatFoo|spd|1\n|faint|p2a: Rocky\n|\n|-heal|p1a: FatFoo|35\/100|[from] Grassy Terrain\n|upkeep\n|\n|switch|p2a: Cute Mantis|Fomantis, L5, F, shiny|100\/100\n|-damage|p2a: Cute Mantis|91\/100|[from] Stealth Rock\n|turn|19\n|\n|switch|p1a: Vullaby|Vullaby, L5, F|63\/100 brn\n|move|p2a: Cute Mantis|Leaf Storm|p1a: Vullaby\n|-resisted|p1a: Vullaby\n|-damage|p1a: Vullaby|25\/100 brn\n|-boost|p2a: Cute Mantis|spa|2\n|\n|-heal|p2a: Cute Mantis|96\/100|[from] Grassy Terrain\n|-damage|p1a: Vullaby|21\/100 brn|[from] brn\n|upkeep\n|turn|20\n|\n|move|p2a: Cute Mantis|Leaf Storm|p1a: Vullaby\n|-resisted|p1a: Vullaby\n|-damage|p1a: Vullaby|0 fnt\n|-boost|p2a: Cute Mantis|spa|2\n|faint|p1a: Vullaby\n|\n|-heal|p2a: Cute Mantis|100\/100|[from] Grassy Terrain\n|-fieldend|move: Grassy Terrain\n|upkeep\n|\n|switch|p1a: Magnemite|Magnemite, L5|100\/100\n|turn|21\n|\n|switch|p2a: Crazy Monkey|Grookey, L5, M|96\/100\n|-damage|p2a: Crazy Monkey|86\/100|[from] Stealth Rock\n|-fieldstart|move: Grassy Terrain|[from] ability: Grassy Surge|[of] p2a: Crazy Monkey\n|move|p1a: Magnemite|Flash Cannon|p2a: Crazy Monkey\n|-damage|p2a: Crazy Monkey|29\/100\n|\n|-heal|p2a: Crazy Monkey|34\/100|[from] Grassy Terrain\n|upkeep\n|turn|22\n|\n|move|p2a: Crazy Monkey|Drain Punch|p1a: Magnemite\n|-supereffective|p1a: Magnemite\n|-damage|p1a: Magnemite|27\/100\n|-heal|p2a: Crazy Monkey|67\/100|[from] drain|[of] p1a: Magnemite\n|-enditem|p1a: Magnemite|Berry Juice\n|-heal|p1a: Magnemite|100\/100|[from] item: Berry Juice\n|move|p1a: Magnemite|Flash Cannon|p2a: Crazy Monkey\n|-damage|p2a: Crazy Monkey|5\/100\n|\n|-heal|p2a: Crazy Monkey|10\/100|[from] Grassy Terrain\n|upkeep\n|turn|23\n|\n|switch|p1a: FatFoo|Mienfoo, L5, F|66\/100\n|move|p2a: Crazy Monkey|Drain Punch|p1a: FatFoo\n|-damage|p1a: FatFoo|44\/100\n|-heal|p2a: Crazy Monkey|24\/100|[from] drain|[of] p1a: FatFoo\n|\n|-heal|p2a: Crazy Monkey|29\/100|[from] Grassy Terrain\n|-heal|p1a: FatFoo|48\/100|[from] Grassy Terrain\n|upkeep\n|turn|24\n|\n|move|p2a: Crazy Monkey|Drain Punch|p1a: FatFoo\n|-crit|p1a: FatFoo\n|-damage|p1a: FatFoo|9\/100\n|-heal|p2a: Crazy Monkey|53\/100|[from] drain|[of] p1a: FatFoo\n|move|p1a: FatFoo|Close Combat|p2a: Crazy Monkey\n|-damage|p2a: Crazy Monkey|0 fnt\n|-unboost|p1a: FatFoo|def|1\n|-unboost|p1a: FatFoo|spd|1\n|faint|p2a: Crazy Monkey\n|\n|-heal|p1a: FatFoo|14\/100|[from] Grassy Terrain\n|upkeep\n|j| memepas50centimes\n|-message|The Last Hero forfeited.\n|\n|win|alexiei\n|l| memepas50centimes\n|l|\u2606The Last Hero\n|c|\u2606alexiei|gg\n|l| babyboyblues\n","uploadtime":1592584891,"views":41,"p1id":"alexiei","p2id":"thelasthero","formatid":"gen8lc","rating":0,"private":0,"password":null}