{"id":"gen8ou-1670924279","p1":"Plexis","p2":"jeandonis02","format":"gen8ou","log":"|j|\u2606Plexis\n|j|\u2606jeandonis02\n|t:|1663878891\n|gametype|singles\n|player|p1|Plexis|roughneck|1631\n|player|p2|jeandonis02|lucas|1706\n|teamsize|p1|6\n|teamsize|p2|6\n|gen|8\n|tier|[Gen 8] OU\n|rated|\n|rule|Sleep Clause Mod: Limit one foe put to sleep\n|rule|Species Clause: Limit one of each Pok\u00e9mon\n|rule|OHKO Clause: OHKO moves are banned\n|rule|Evasion Items Clause: Evasion items are banned\n|rule|Evasion Moves Clause: Evasion moves are banned\n|rule|Endless Battle Clause: Forcing endless battles is banned\n|rule|HP Percentage Mod: HP is shown in percentages\n|rule|Dynamax Clause: You cannot dynamax\n|clearpoke\n|poke|p1|Shuckle, M|\n|poke|p1|Zapdos-Galar|\n|poke|p1|Buzzwole|\n|poke|p1|Volcanion|\n|poke|p1|Zeraora|\n|poke|p1|Dhelmise|\n|poke|p2|Zeraora|\n|poke|p2|Toxapex, F|\n|poke|p2|Garchomp, F|\n|poke|p2|Rotom-Wash|\n|poke|p2|Ferrothorn, M|\n|poke|p2|Charizard, F|\n|teampreview\n|inactive|Battle timer is ON: inactive players will automatically lose when time's up. (requested by Plexis)\n|\n|t:|1663878907\n|start\n|switch|p1a: The Referee|Shuckle, M|100\/100\n|switch|p2a: Garchomp|Garchomp, F|100\/100\n|turn|1\n|\n|t:|1663878912\n|move|p2a: Garchomp|Iron Head|p1a: The Referee\n|-supereffective|p1a: The Referee\n|-damage|p1a: The Referee|59\/100\n|-enditem|p1a: The Referee|Red Card|[of] p2a: Garchomp\n|drag|p2a: Zeraora|Zeraora|100\/100\n|cant|p1a: The Referee|flinch\n|\n|upkeep\n|turn|2\n|\n|t:|1663878922\n|switch|p2a: Charizard|Charizard, F|100\/100\n|move|p1a: The Referee|Sticky Web|p2a: Charizard\n|-sidestart|p2: jeandonis02|move: Sticky Web\n|\n|upkeep\n|turn|3\n|\n|t:|1663878926\n|move|p2a: Charizard|Belly Drum|p2a: Charizard\n|-damage|p2a: Charizard|50\/100\n|-setboost|p2a: Charizard|atk|6|[from] move: Belly Drum\n|-enditem|p2a: Charizard|Sitrus Berry|[eat]\n|-heal|p2a: Charizard|75\/100|[from] item: Sitrus Berry\n|move|p1a: The Referee|Stealth Rock|p2a: Charizard\n|-sidestart|p2: jeandonis02|move: Stealth Rock\n|\n|upkeep\n|turn|4\n|\n|t:|1663878933\n|move|p2a: Charizard|Flame Charge|p1a: The Referee\n|-damage|p1a: The Referee|19\/100\n|-boost|p2a: Charizard|spe|1\n|move|p1a: The Referee|Encore|p2a: Charizard\n|-start|p2a: Charizard|Encore\n|\n|upkeep\n|turn|5\n|\n|t:|1663878940\n|move|p2a: Charizard|Flame Charge|p1a: The Referee\n|-damage|p1a: The Referee|0 fnt\n|-boost|p2a: Charizard|spe|1\n|faint|p1a: The Referee\n|\n|upkeep\n|j| Anjii.V.\n|\n|t:|1663878946\n|switch|p1a: Weather God|Volcanion|100\/100\n|turn|6\n|\n|t:|1663878950\n|switch|p2a: Rotom|Rotom-Wash|100\/100\n|-damage|p2a: Rotom|88\/100|[from] Stealth Rock\n|move|p1a: Weather God|Steam Eruption|p2a: Rotom\n|-resisted|p2a: Rotom\n|-damage|p2a: Rotom|50\/100\n|-status|p2a: Rotom|brn\n|\n|-heal|p2a: Rotom|57\/100 brn|[from] item: Leftovers\n|-damage|p2a: Rotom|50\/100 brn|[from] brn\n|upkeep\n|turn|7\n|j| cityfolk\n|\n|t:|1663878970\n|switch|p1a: Barbossa|Dhelmise|100\/100\n|move|p2a: Rotom|Defog|p1a: Barbossa\n|-unboost|p1a: Barbossa|evasion|1\n|-sideend|p2: jeandonis02|Stealth Rock|[from] move: Defog|[of] p2a: Rotom\n|-sideend|p2: jeandonis02|Sticky Web|[from] move: Defog|[of] p2a: Rotom\n|\n|-heal|p2a: Rotom|57\/100 brn|[from] item: Leftovers\n|-damage|p2a: Rotom|50\/100 brn|[from] brn\n|upkeep\n|turn|8\n|\n|t:|1663878977\n|move|p2a: Rotom|Will-O-Wisp|p1a: Barbossa\n|-status|p1a: Barbossa|brn\n|move|p1a: Barbossa|Poltergeist|p2a: Rotom\n|-activate|p2a: Rotom|move: Poltergeist|Leftovers\n|-damage|p2a: Rotom|27\/100 brn\n|\n|-heal|p2a: Rotom|33\/100 brn|[from] item: Leftovers\n|-damage|p2a: Rotom|27\/100 brn|[from] brn\n|-damage|p1a: Barbossa|94\/100 brn|[from] brn\n|upkeep\n|turn|9\n|\n|t:|1663879006\n|move|p2a: Rotom|Volt Switch|p1a: Barbossa\n|-resisted|p1a: Barbossa\n|-damage|p1a: Barbossa|84\/100 brn\n|\n|t:|1663879008\n|switch|p2a: Charizard|Charizard, F|75\/100|[from]move: Volt Switch\n|move|p1a: Barbossa|Poltergeist||[still]\n|-fail|p1a: Barbossa\n|\n|-damage|p1a: Barbossa|78\/100 brn|[from] brn\n|upkeep\n|turn|10\n|\n|t:|1663879022\n|switch|p1a: I NEED ICE PUNCH|Zeraora|100\/100\n|move|p2a: Charizard|Acrobatics|p1a: I NEED ICE PUNCH\n|-resisted|p1a: I NEED ICE PUNCH\n|-damage|p1a: I NEED ICE PUNCH|73\/100\n|\n|-heal|p1a: I NEED ICE PUNCH|79\/100|[from] item: Leftovers\n|upkeep\n|turn|11\n|\n|t:|1663879030\n|switch|p2a: Ferrothorn|Ferrothorn, M|100\/100\n|move|p1a: I NEED ICE PUNCH|Bulk Up|p1a: I NEED ICE PUNCH\n|-boost|p1a: I NEED ICE PUNCH|atk|1\n|-boost|p1a: I NEED ICE PUNCH|def|1\n|\n|-heal|p1a: I NEED ICE PUNCH|85\/100|[from] item: Leftovers\n|upkeep\n|turn|12\n|\n|t:|1663879033\n|move|p1a: I NEED ICE PUNCH|Bulk Up|p1a: I NEED ICE PUNCH\n|-boost|p1a: I NEED ICE PUNCH|atk|1\n|-boost|p1a: I NEED ICE PUNCH|def|1\n|move|p2a: Ferrothorn|Leech Seed|p1a: I NEED ICE PUNCH\n|-start|p1a: I NEED ICE PUNCH|move: Leech Seed\n|\n|-heal|p1a: I NEED ICE PUNCH|91\/100|[from] item: Leftovers\n|-damage|p1a: I NEED ICE PUNCH|78\/100|[from] Leech Seed|[of] p2a: Ferrothorn\n|upkeep\n|turn|13\n|\n|t:|1663879037\n|switch|p2a: Garchomp|Garchomp, F|100\/100\n|move|p1a: I NEED ICE PUNCH|Bulk Up|p1a: I NEED ICE PUNCH\n|-boost|p1a: I NEED ICE PUNCH|atk|1\n|-boost|p1a: I NEED ICE PUNCH|def|1\n|\n|-heal|p1a: I NEED ICE PUNCH|84\/100|[from] item: Leftovers\n|-damage|p1a: I NEED ICE PUNCH|72\/100|[from] Leech Seed|[of] p2a: Garchomp\n|upkeep\n|turn|14\n|\n|t:|1663879045\n|move|p1a: I NEED ICE PUNCH|Play Rough|p2a: Garchomp\n|-supereffective|p2a: Garchomp\n|-damage|p2a: Garchomp|0 fnt\n|-damage|p1a: I NEED ICE PUNCH|60\/100|[from] ability: Rough Skin|[of] p2a: Garchomp\n|faint|p2a: Garchomp\n|\n|-heal|p1a: I NEED ICE PUNCH|66\/100|[from] item: Leftovers\n|upkeep\n|\n|t:|1663879052\n|switch|p2a: Toxapex|Toxapex, F|100\/100\n|turn|15\n|\n|t:|1663879061\n|move|p2a: Toxapex|Baneful Bunker|p2a: Toxapex\n|-singleturn|p2a: Toxapex|move: Protect\n|move|p1a: I NEED ICE PUNCH|Close Combat|p2a: Toxapex\n|-activate|p2a: Toxapex|move: Protect\n|-status|p1a: I NEED ICE PUNCH|psn\n|\n|-heal|p1a: I NEED ICE PUNCH|72\/100 psn|[from] item: Leftovers\n|-damage|p1a: I NEED ICE PUNCH|59\/100 psn|[from] Leech Seed|[of] p2a: Toxapex\n|-damage|p1a: I NEED ICE PUNCH|47\/100 psn|[from] psn\n|upkeep\n|turn|16\n|\n|t:|1663879069\n|switch|p2a: Charizard|Charizard, F|75\/100\n|move|p1a: I NEED ICE PUNCH|Plasma Fists|p2a: Charizard\n|-supereffective|p2a: Charizard\n|-damage|p2a: Charizard|0 fnt\n|-fieldactivate|move: Ion Deluge\n|-hint|Normal-type moves become Electric-type after using Plasma Fists.\n|faint|p2a: Charizard\n|\n|-heal|p1a: I NEED ICE PUNCH|53\/100 psn|[from] item: Leftovers\n|-damage|p1a: I NEED ICE PUNCH|41\/100 psn|[from] psn\n|upkeep\n|\n|t:|1663879080\n|switch|p2a: Toxapex|Toxapex, F|100\/100\n|turn|17\n|\n|t:|1663879087\n|move|p1a: I NEED ICE PUNCH|Bulk Up|p1a: I NEED ICE PUNCH\n|-boost|p1a: I NEED ICE PUNCH|atk|1\n|-boost|p1a: I NEED ICE PUNCH|def|1\n|move|p2a: Toxapex|Haze|p2a: Toxapex\n|-clearallboost\n|\n|-heal|p1a: I NEED ICE PUNCH|47\/100 psn|[from] item: Leftovers\n|-damage|p1a: I NEED ICE PUNCH|35\/100 psn|[from] Leech Seed|[of] p2a: Toxapex\n|-damage|p1a: I NEED ICE PUNCH|22\/100 psn|[from] psn\n|upkeep\n|turn|18\n|\n|t:|1663879092\n|move|p1a: I NEED ICE PUNCH|Plasma Fists|p2a: Toxapex\n|-supereffective|p2a: Toxapex\n|-damage|p2a: Toxapex|22\/100\n|-fieldactivate|move: Ion Deluge\n|-hint|Normal-type moves become Electric-type after using Plasma Fists.\n|move|p2a: Toxapex|Haze|p2a: Toxapex\n|-clearallboost\n|\n|-heal|p1a: I NEED ICE PUNCH|28\/100 psn|[from] item: Leftovers\n|-heal|p2a: Toxapex|28\/100|[from] item: Black Sludge\n|-damage|p1a: I NEED ICE PUNCH|16\/100 psn|[from] Leech Seed|[of] p2a: Toxapex\n|-heal|p2a: Toxapex|41\/100|[silent]\n|-damage|p1a: I NEED ICE PUNCH|4\/100 psn|[from] psn\n|upkeep\n|turn|19\n|\n|t:|1663879102\n|move|p2a: Toxapex|Baneful Bunker|p2a: Toxapex\n|-singleturn|p2a: Toxapex|move: Protect\n|move|p1a: I NEED ICE PUNCH|Close Combat|p2a: Toxapex\n|-activate|p2a: Toxapex|move: Protect\n|\n|-heal|p1a: I NEED ICE PUNCH|10\/100 psn|[from] item: Leftovers\n|-heal|p2a: Toxapex|47\/100|[from] item: Black Sludge\n|-damage|p1a: I NEED ICE PUNCH|0 fnt|[from] Leech Seed|[of] p2a: Toxapex\n|-heal|p2a: Toxapex|56\/100|[silent]\n|faint|p1a: I NEED ICE PUNCH\n|upkeep\n|l| cityfolk\n|\n|t:|1663879127\n|switch|p1a: Y DID U DEFOG|Zapdos-Galar|100\/100\n|turn|20\n|\n|t:|1663879131\n|switch|p2a: Rotom|Rotom-Wash|27\/100 brn\n|move|p1a: Y DID U DEFOG|Thunderous Kick|p2a: Rotom\n|-damage|p2a: Rotom|0 fnt\n|faint|p2a: Rotom\n|\n|upkeep\n|\n|t:|1663879135\n|switch|p2a: Toxapex|Toxapex, F|90\/100\n|turn|21\n|\n|t:|1663879146\n|move|p1a: Y DID U DEFOG|Thunderous Kick|p2a: Toxapex\n|-resisted|p2a: Toxapex\n|-damage|p2a: Toxapex|71\/100\n|-unboost|p2a: Toxapex|def|1\n|move|p2a: Toxapex|Toxic|p1a: Y DID U DEFOG\n|-status|p1a: Y DID U DEFOG|tox\n|\n|-heal|p2a: Toxapex|77\/100|[from] item: Black Sludge\n|-damage|p1a: Y DID U DEFOG|94\/100 tox|[from] psn\n|upkeep\n|turn|22\n|\n|t:|1663879154\n|switch|p1a: Weather God|Volcanion|100\/100\n|move|p2a: Toxapex|Baneful Bunker||[still]\n|-fail|p2a: Toxapex\n|\n|-heal|p2a: Toxapex|83\/100|[from] item: Black Sludge\n|upkeep\n|turn|23\n|\n|t:|1663879161\n|move|p2a: Toxapex|Baneful Bunker|p2a: Toxapex\n|-singleturn|p2a: Toxapex|move: Protect\n|move|p1a: Weather God|Earth Power|p2a: Toxapex\n|-activate|p2a: Toxapex|move: Protect\n|\n|-heal|p2a: Toxapex|90\/100|[from] item: Black Sludge\n|upkeep\n|turn|24\n|\n|t:|1663879166\n|move|p1a: Weather God|Earth Power|p2a: Toxapex\n|-supereffective|p2a: Toxapex\n|-damage|p2a: Toxapex|30\/100\n|move|p2a: Toxapex|Toxic|p1a: Weather God\n|-status|p1a: Weather God|tox\n|\n|-heal|p2a: Toxapex|37\/100|[from] item: Black Sludge\n|-damage|p1a: Weather God|95\/100 tox|[from] psn\n|upkeep\n|turn|25\n|l|\u2606Plexis\n|inactive|Plexis disconnected and has a minute to reconnect!\n|player|p1|\n|l| Anjii.V.\n|inactive|Plexis has 30 seconds to reconnect!\n|inactive|Plexis has 20 seconds to reconnect!\n|j|\u2606Plexis\n|inactive|Plexis reconnected and has 95 seconds left.\n|player|p1|Plexis|roughneck\n|inactive|Plexis has 90 seconds left.\n|\n|t:|1663879231\n|move|p2a: Toxapex|Baneful Bunker|p2a: Toxapex\n|-singleturn|p2a: Toxapex|move: Protect\n|move|p1a: Weather God|Earth Power|p2a: Toxapex\n|-activate|p2a: Toxapex|move: Protect\n|\n|-heal|p2a: Toxapex|43\/100|[from] item: Black Sludge\n|-damage|p1a: Weather God|83\/100 tox|[from] psn\n|upkeep\n|turn|26\n|\n|t:|1663879238\n|switch|p1a: On Steroids|Buzzwole|100\/100\n|switch|p2a: Ferrothorn|Ferrothorn, M|100\/100\n|\n|upkeep\n|turn|27\n|\n|t:|1663879243\n|switch|p2a: Toxapex|Toxapex, F|76\/100\n|move|p1a: On Steroids|Close Combat|p2a: Toxapex\n|-resisted|p2a: Toxapex\n|-damage|p2a: Toxapex|52\/100\n|-unboost|p1a: On Steroids|def|1\n|-unboost|p1a: On Steroids|spd|1\n|\n|-heal|p2a: Toxapex|59\/100|[from] item: Black Sludge\n|upkeep\n|turn|28\n|j| NDHB\n|\n|t:|1663879255\n|switch|p1a: Weather God|Volcanion|83\/100 tox\n|switch|p2a: Ferrothorn|Ferrothorn, M|100\/100\n|\n|-damage|p1a: Weather God|77\/100 tox|[from] psn\n|upkeep\n|turn|29\n|\n|t:|1663879260\n|switch|p2a: Toxapex|Toxapex, F|92\/100\n|move|p1a: Weather God|Earth Power|p2a: Toxapex\n|-supereffective|p2a: Toxapex\n|-damage|p2a: Toxapex|29\/100\n|\n|-heal|p2a: Toxapex|35\/100|[from] item: Black Sludge\n|-damage|p1a: Weather God|65\/100 tox|[from] psn\n|upkeep\n|turn|30\n|\n|t:|1663879269\n|switch|p1a: On Steroids|Buzzwole|100\/100\n|switch|p2a: Ferrothorn|Ferrothorn, M|100\/100\n|\n|upkeep\n|turn|31\n|\n|t:|1663879274\n|move|p1a: On Steroids|Close Combat|p2a: Ferrothorn\n|-supereffective|p2a: Ferrothorn\n|-damage|p2a: Ferrothorn|2\/100\n|-unboost|p1a: On Steroids|def|1\n|-unboost|p1a: On Steroids|spd|1\n|-damage|p1a: On Steroids|88\/100|[from] ability: Iron Barbs|[of] p2a: Ferrothorn\n|-damage|p1a: On Steroids|71\/100|[from] item: Rocky Helmet|[of] p2a: Ferrothorn\n|move|p2a: Ferrothorn|Stealth Rock|p1a: On Steroids\n|-sidestart|p1: Plexis|move: Stealth Rock\n|\n|upkeep\n|turn|32\n|\n|t:|1663879282\n|switch|p2a: Toxapex|Toxapex, F|68\/100\n|move|p1a: On Steroids|Thunder Punch|p2a: Toxapex\n|-supereffective|p2a: Toxapex\n|-damage|p2a: Toxapex|20\/100\n|\n|-heal|p2a: Toxapex|26\/100|[from] item: Black Sludge\n|upkeep\n|turn|33\n|\n|t:|1663879293\n|move|p2a: Toxapex|Baneful Bunker|p2a: Toxapex\n|-singleturn|p2a: Toxapex|move: Protect\n|move|p1a: On Steroids|Darkest Lariat|p2a: Toxapex\n|-activate|p2a: Toxapex|move: Protect\n|-status|p1a: On Steroids|psn\n|\n|-heal|p2a: Toxapex|33\/100|[from] item: Black Sludge\n|-damage|p1a: On Steroids|59\/100 psn|[from] psn\n|upkeep\n|turn|34\n|l|\u2606Plexis\n|inactive|Plexis disconnected and has a minute to reconnect!\n|player|p1|\n|inactive|Plexis has 30 seconds to reconnect!\n|inactive|Plexis has 20 seconds to reconnect!\n|inactive|Plexis has 15 seconds to reconnect!\n|j|\u2606Plexis\n|inactive|Plexis reconnected and has 80 seconds left.\n|player|p1|Plexis|roughneck\n|\n|t:|1663879356\n|switch|p2a: Ferrothorn|Ferrothorn, M|2\/100\n|move|p1a: On Steroids|Thunder Punch|p2a: Ferrothorn\n|-resisted|p2a: Ferrothorn\n|-damage|p2a: Ferrothorn|0 fnt\n|-damage|p1a: On Steroids|47\/100 psn|[from] ability: Iron Barbs|[of] p2a: Ferrothorn\n|-damage|p1a: On Steroids|30\/100 psn|[from] item: Rocky Helmet|[of] p2a: Ferrothorn\n|faint|p2a: Ferrothorn\n|-ability|p1a: On Steroids|Beast Boost|boost\n|-boost|p1a: On Steroids|atk|1\n|\n|-damage|p1a: On Steroids|18\/100 psn|[from] psn\n|upkeep\n|\n|t:|1663879370\n|switch|p2a: Zeraora|Zeraora|100\/100\n|turn|35\n|inactive|Plexis has 90 seconds left.\n|c|\u2606Plexis|Toxapex is only for noobs\n|\n|t:|1663879396\n|move|p2a: Zeraora|Plasma Fists|p1a: On Steroids\n|-damage|p1a: On Steroids|0 fnt\n|-fieldactivate|move: Ion Deluge\n|-hint|Normal-type moves become Electric-type after using Plasma Fists.\n|faint|p1a: On Steroids\n|\n|upkeep\n|\n|t:|1663879408\n|switch|p1a: Barbossa|Dhelmise|78\/100 brn\n|turn|36\n|\n|t:|1663879419\n|move|p2a: Zeraora|Knock Off|p1a: Barbossa\n|-supereffective|p1a: Barbossa\n|-damage|p1a: Barbossa|22\/100 brn\n|-enditem|p1a: Barbossa|Heavy-Duty Boots|[from] move: Knock Off|[of] p2a: Zeraora\n|move|p1a: Barbossa|Rapid Spin|p2a: Zeraora\n|-damage|p2a: Zeraora|90\/100\n|-boost|p1a: Barbossa|spe|1\n|-sideend|p1: Plexis|Stealth Rock|[from] move: Rapid Spin|[of] p1a: Barbossa\n|\n|-damage|p1a: Barbossa|16\/100 brn|[from] brn\n|upkeep\n|turn|37\n|inactive|Plexis has 60 seconds left.\n|\n|t:|1663879436\n|move|p2a: Zeraora|Knock Off|p1a: Barbossa\n|-supereffective|p1a: Barbossa\n|-damage|p1a: Barbossa|0 fnt\n|faint|p1a: Barbossa\n|\n|upkeep\n|inactive|Plexis has 60 seconds left.\n|\n|t:|1663879443\n|switch|p1a: Weather God|Volcanion|65\/100 tox\n|turn|38\n|j| fdghsfgsdfd\n|inactive|Plexis has 60 seconds left.\n|\n|t:|1663879453\n|move|p2a: Zeraora|Plasma Fists|p1a: Weather God\n|-supereffective|p1a: Weather God\n|-damage|p1a: Weather God|0 fnt\n|-fieldactivate|move: Ion Deluge\n|-hint|Normal-type moves become Electric-type after using Plasma Fists.\n|faint|p1a: Weather God\n|\n|upkeep\n|inactive|Plexis has 60 seconds left.\n|-message|Plexis forfeited.\n|\n|win|jeandonis02\n|raw|Plexis's rating: 1631 &rarr; <strong>1615<\/strong><br \/>(-16 for losing)\n|raw|jeandonis02's rating: 1706 &rarr; <strong>1722<\/strong><br \/>(+16 for winning)\n|l|\u2606Plexis\n||Ladder isn't responding, score probably updated but might not have (Request timeout).\n|l| fdghsfgsdfd\n","uploadtime":1663879619,"views":28,"p1id":"plexis","p2id":"jeandonis02","formatid":"gen8ou","rating":1615,"private":0,"password":null}