{"id":"gen8nationaldex-1575697430","p1":"Willis_Hescock","p2":"Sir Fresh","format":"gen8nationaldex","log":"|j|\u2606Willis_Hescock\n|j|\u2606Sir Fresh\n|t:|1652664500\n|gametype|singles\n|player|p1|Willis_Hescock|hugh|\n|player|p2|Sir Fresh|palmer|\n|teamsize|p1|6\n|teamsize|p2|6\n|gen|8\n|tier|[Gen 8] National Dex\n|rule|HP Percentage Mod: HP is shown in percentages\n|rule|Endless Battle Clause: Forcing endless battles is banned\n|rule|OHKO Clause: OHKO moves are banned\n|rule|Evasion Moves Clause: Evasion moves are banned\n|rule|Species Clause: Limit one of each Pok\u00e9mon\n|rule|Dynamax Clause: You cannot dynamax\n|rule|Sleep Clause Mod: Limit one foe put to sleep\n|clearpoke\n|poke|p1|Celebi|\n|poke|p1|Blissey, F|\n|poke|p1|Typhlosion, M|\n|poke|p1|Hitmontop, M|\n|poke|p1|Scizor, M|\n|poke|p1|Gligar, F|\n|poke|p2|Skarmory, M|\n|poke|p2|Umbreon, M|\n|poke|p2|Feraligatr, M|\n|poke|p2|Gligar, M|\n|poke|p2|Typhlosion, M|\n|poke|p2|Ampharos, F|\n|teampreview\n|inactive|Battle timer is ON: inactive players will automatically lose when time's up. (requested by Willis_Hescock)\n|\n|t:|1652664520\n|start\n|switch|p1a: Celebi|Celebi|100\/100\n|switch|p2a: Gligar|Gligar, M|100\/100\n|turn|1\n|c|\u2606Willis_Hescock|Glhf\n|c|\u2606Sir Fresh|Same\n|\n|t:|1652664528\n|move|p1a: Celebi|Calm Mind|p1a: Celebi\n|-boost|p1a: Celebi|spa|1\n|-boost|p1a: Celebi|spd|1\n|move|p2a: Gligar|Knock Off|p1a: Celebi\n|-supereffective|p1a: Celebi\n|-damage|p1a: Celebi|63\/100\n|-enditem|p1a: Celebi|Life Orb|[from] move: Knock Off|[of] p2a: Gligar\n|\n|upkeep\n|turn|2\n|\n|t:|1652664537\n|switch|p2a: Umbreon|Umbreon, M|100\/100\n|move|p1a: Celebi|Giga Drain|p2a: Umbreon\n|-damage|p2a: Umbreon|74\/100\n|-heal|p1a: Celebi|79\/100|[from] drain|[of] p2a: Umbreon\n|\n|-heal|p2a: Umbreon|80\/100|[from] item: Leftovers\n|upkeep\n|turn|3\n|\n|t:|1652664541\n|move|p1a: Celebi|Calm Mind|p1a: Celebi\n|-boost|p1a: Celebi|spa|1\n|-boost|p1a: Celebi|spd|1\n|move|p2a: Umbreon|Foul Play|p1a: Celebi\n|-supereffective|p1a: Celebi\n|-damage|p1a: Celebi|24\/100\n|\n|-heal|p2a: Umbreon|86\/100|[from] item: Leftovers\n|upkeep\n|turn|4\n|\n|t:|1652664544\n|move|p1a: Celebi|Giga Drain|p2a: Umbreon\n|-damage|p2a: Umbreon|53\/100\n|-heal|p1a: Celebi|43\/100|[from] drain|[of] p2a: Umbreon\n|move|p2a: Umbreon|Foul Play|p1a: Celebi\n|-supereffective|p1a: Celebi\n|-damage|p1a: Celebi|0 fnt\n|faint|p1a: Celebi\n|\n|-heal|p2a: Umbreon|59\/100|[from] item: Leftovers\n|upkeep\n|\n|t:|1652664551\n|switch|p1a: Scizor|Scizor, M|100\/100\n|turn|5\n|\n|t:|1652664554\n|switch|p2a: Skarmory|Skarmory, M|100\/100\n|detailschange|p1a: Scizor|Scizor-Mega, M\n|-mega|p1a: Scizor|Scizor|Scizorite\n|move|p1a: Scizor|U-turn|p2a: Skarmory\n|-resisted|p2a: Skarmory\n|-damage|p2a: Skarmory|95\/100\n|-damage|p1a: Scizor|84\/100|[from] item: Rocky Helmet|[of] p2a: Skarmory\n|\n|t:|1652664558\n|switch|p1a: Blissey|Blissey, F|100\/100|[from]move: U-turn\n|\n|upkeep\n|turn|6\n|\n|t:|1652664563\n|move|p2a: Skarmory|Body Press|p1a: Blissey\n|-supereffective|p1a: Blissey\n|-damage|p1a: Blissey|45\/100\n|move|p1a: Blissey|Thunder Wave|p2a: Skarmory\n|-status|p2a: Skarmory|par\n|\n|-heal|p1a: Blissey|51\/100|[from] item: Leftovers\n|upkeep\n|turn|7\n|\n|t:|1652664571\n|move|p1a: Blissey|Soft-Boiled|p1a: Blissey\n|-heal|p1a: Blissey|100\/100\n|move|p2a: Skarmory|Body Press|p1a: Blissey\n|-supereffective|p1a: Blissey\n|-damage|p1a: Blissey|43\/100\n|\n|-heal|p1a: Blissey|49\/100|[from] item: Leftovers\n|upkeep\n|turn|8\n|\n|t:|1652664575\n|switch|p1a: Gligar|Gligar, F|100\/100\n|switch|p2a: Umbreon|Umbreon, M|59\/100\n|\n|-heal|p2a: Umbreon|65\/100|[from] item: Leftovers\n|upkeep\n|turn|9\n|\n|t:|1652664581\n|move|p1a: Gligar|Stealth Rock|p2a: Umbreon\n|-sidestart|p2: Sir Fresh|move: Stealth Rock\n|move|p2a: Umbreon|Heal Bell|p2a: Umbreon\n|-activate|p2a: Umbreon|move: Heal Bell\n|-curestatus|p2: Skarmory|par|[msg]\n|\n|-heal|p2a: Umbreon|71\/100|[from] item: Leftovers\n|upkeep\n|turn|10\n|\n|t:|1652664587\n|move|p1a: Gligar|U-turn|p2a: Umbreon\n|-supereffective|p2a: Umbreon\n|-damage|p2a: Umbreon|49\/100\n|\n|t:|1652664594\n|switch|p1a: Hitmontop|Hitmontop, M|100\/100|[from]move: U-turn\n|-ability|p1a: Hitmontop|Intimidate|boost\n|-unboost|p2a: Umbreon|atk|1\n|move|p2a: Umbreon|Wish|p2a: Umbreon\n|\n|-heal|p2a: Umbreon|55\/100|[from] item: Leftovers\n|upkeep\n|turn|11\n|\n|t:|1652664601\n|switch|p2a: Skarmory|Skarmory, M|95\/100\n|-damage|p2a: Skarmory|83\/100|[from] Stealth Rock\n|move|p1a: Hitmontop|Rapid Spin|p2a: Skarmory\n|-resisted|p2a: Skarmory\n|-damage|p2a: Skarmory|78\/100\n|-boost|p1a: Hitmontop|spe|1\n|-damage|p1a: Hitmontop|84\/100|[from] item: Rocky Helmet|[of] p2a: Skarmory\n|\n|-heal|p2a: Skarmory|100\/100|[from] move: Wish|[wisher] Umbreon\n|upkeep\n|turn|12\n|\n|t:|1652664609\n|move|p1a: Hitmontop|Triple Axel|p2a: Skarmory\n|-damage|p2a: Skarmory|97\/100\n|-damage|p1a: Hitmontop|67\/100|[from] item: Rocky Helmet|[of] p2a: Skarmory\n|-damage|p2a: Skarmory|89\/100\n|-damage|p1a: Hitmontop|51\/100|[from] item: Rocky Helmet|[of] p2a: Skarmory\n|-damage|p2a: Skarmory|78\/100\n|-damage|p1a: Hitmontop|34\/100|[from] item: Rocky Helmet|[of] p2a: Skarmory\n|-hitcount|p2a: Skarmory|3\n|move|p2a: Skarmory|Iron Defense|p2a: Skarmory\n|-boost|p2a: Skarmory|def|2\n|\n|upkeep\n|turn|13\n|\n|t:|1652664615\n|move|p1a: Hitmontop|Close Combat|p2a: Skarmory\n|-damage|p2a: Skarmory|62\/100\n|-unboost|p1a: Hitmontop|def|1\n|-unboost|p1a: Hitmontop|spd|1\n|-damage|p1a: Hitmontop|18\/100|[from] item: Rocky Helmet|[of] p2a: Skarmory\n|move|p2a: Skarmory|Roost|p2a: Skarmory\n|-heal|p2a: Skarmory|100\/100\n|-singleturn|p2a: Skarmory|move: Roost\n|\n|upkeep\n|turn|14\n|\n|t:|1652664619\n|move|p1a: Hitmontop|Close Combat|p2a: Skarmory\n|-damage|p2a: Skarmory|83\/100\n|-unboost|p1a: Hitmontop|def|1\n|-unboost|p1a: Hitmontop|spd|1\n|-damage|p1a: Hitmontop|1\/100|[from] item: Rocky Helmet|[of] p2a: Skarmory\n|move|p2a: Skarmory|Roost|p2a: Skarmory\n|-heal|p2a: Skarmory|100\/100\n|-singleturn|p2a: Skarmory|move: Roost\n|\n|upkeep\n|turn|15\n|\n|t:|1652664623\n|move|p1a: Hitmontop|Close Combat|p2a: Skarmory\n|-damage|p2a: Skarmory|85\/100\n|-unboost|p1a: Hitmontop|def|1\n|-unboost|p1a: Hitmontop|spd|1\n|-damage|p1a: Hitmontop|0 fnt|[from] item: Rocky Helmet|[of] p2a: Skarmory\n|faint|p1a: Hitmontop\n|move|p2a: Skarmory|Roost|p2a: Skarmory\n|-heal|p2a: Skarmory|100\/100\n|-singleturn|p2a: Skarmory|move: Roost\n|\n|upkeep\n|\n|t:|1652664635\n|switch|p1a: Typhlosion|Typhlosion, M|100\/100\n|turn|16\n|\n|t:|1652664643\n|switch|p2a: Typhlosion|Typhlosion, M|100\/100\n|-damage|p2a: Typhlosion|76\/100|[from] Stealth Rock\n|move|p1a: Typhlosion|Focus Blast|p2a: Typhlosion\n|-damage|p2a: Typhlosion|31\/100\n|\n|upkeep\n|turn|17\n|\n|t:|1652664649\n|switch|p1a: Blissey|Blissey, F|49\/100\n|move|p2a: Typhlosion|Hidden Power|p1a: Blissey\n|-damage|p1a: Blissey|39\/100\n|\n|-heal|p1a: Blissey|45\/100|[from] item: Leftovers\n|upkeep\n|turn|18\n|\n|t:|1652664655\n|switch|p2a: Gligar|Gligar, M|100\/100\n|-damage|p2a: Gligar|88\/100|[from] Stealth Rock\n|move|p1a: Blissey|Soft-Boiled|p1a: Blissey\n|-heal|p1a: Blissey|95\/100\n|\n|-heal|p1a: Blissey|100\/100|[from] item: Leftovers\n|upkeep\n|turn|19\n|\n|t:|1652664662\n|move|p2a: Gligar|Stealth Rock|p1a: Blissey\n|-sidestart|p1: Willis_Hescock|move: Stealth Rock\n|move|p1a: Blissey|Counter||[still]\n|-fail|p1a: Blissey\n|\n|upkeep\n|turn|20\n|\n|t:|1652664666\n|move|p2a: Gligar|Roost|p2a: Gligar\n|-heal|p2a: Gligar|100\/100\n|-singleturn|p2a: Gligar|move: Roost\n|move|p1a: Blissey|Seismic Toss|p2a: Gligar\n|-damage|p2a: Gligar|71\/100\n|\n|upkeep\n|turn|21\n|\n|t:|1652664669\n|move|p2a: Gligar|Knock Off|p1a: Blissey\n|-damage|p1a: Blissey|85\/100\n|-enditem|p1a: Blissey|Leftovers|[from] move: Knock Off|[of] p2a: Gligar\n|move|p1a: Blissey|Seismic Toss|p2a: Gligar\n|-damage|p2a: Gligar|41\/100\n|\n|upkeep\n|turn|22\n|\n|t:|1652664673\n|move|p2a: Gligar|Roost|p2a: Gligar\n|-heal|p2a: Gligar|91\/100\n|-singleturn|p2a: Gligar|move: Roost\n|move|p1a: Blissey|Seismic Toss|p2a: Gligar\n|-damage|p2a: Gligar|61\/100\n|\n|upkeep\n|turn|23\n|\n|t:|1652664679\n|move|p2a: Gligar|Roost|p2a: Gligar\n|-heal|p2a: Gligar|100\/100\n|-singleturn|p2a: Gligar|move: Roost\n|move|p1a: Blissey|Seismic Toss|p2a: Gligar\n|-damage|p2a: Gligar|71\/100\n|\n|upkeep\n|turn|24\n|\n|t:|1652664683\n|switch|p2a: Ampharos|Ampharos, F|100\/100\n|-damage|p2a: Ampharos|88\/100|[from] Stealth Rock\n|move|p1a: Blissey|Seismic Toss|p2a: Ampharos\n|-damage|p2a: Ampharos|62\/100\n|\n|upkeep\n|turn|25\n|\n|t:|1652664691\n|detailschange|p2a: Ampharos|Ampharos-Mega, F\n|-mega|p2a: Ampharos|Ampharos|Ampharosite\n|-ability|p2a: Ampharos|Mold Breaker\n|move|p1a: Blissey|Soft-Boiled|p1a: Blissey\n|-heal|p1a: Blissey|100\/100\n|move|p2a: Ampharos|Focus Blast|p1a: Blissey|[miss]\n|-miss|p2a: Ampharos|p1a: Blissey\n|\n|upkeep\n|turn|26\n|\n|t:|1652664704\n|switch|p1a: Gligar|Gligar, F|100\/100\n|-damage|p1a: Gligar|88\/100|[from] Stealth Rock\n|move|p2a: Ampharos|Focus Blast|p1a: Gligar|[miss]\n|-miss|p2a: Ampharos|p1a: Gligar\n|\n|upkeep\n|turn|27\n|\n|t:|1652664708\n|move|p1a: Gligar|Roost|p1a: Gligar\n|-heal|p1a: Gligar|100\/100\n|-singleturn|p1a: Gligar|move: Roost\n|move|p2a: Ampharos|Dragon Pulse|p1a: Gligar\n|-damage|p1a: Gligar|45\/100\n|\n|upkeep\n|turn|28\n|c|\u2606Willis_Hescock|Mis click\n|\n|t:|1652664715\n|switch|p2a: Umbreon|Umbreon, M|55\/100\n|-damage|p2a: Umbreon|43\/100|[from] Stealth Rock\n|move|p1a: Gligar|Defog|p2a: Umbreon\n|-unboost|p2a: Umbreon|evasion|1\n|-sideend|p2: Sir Fresh|Stealth Rock|[from] move: Defog|[of] p1a: Gligar\n|-sideend|p1: Willis_Hescock|Stealth Rock|[from] move: Defog|[of] p1a: Gligar\n|\n|-heal|p2a: Umbreon|49\/100|[from] item: Leftovers\n|upkeep\n|turn|29\n|\n|t:|1652664722\n|move|p1a: Gligar|Roost|p1a: Gligar\n|-heal|p1a: Gligar|95\/100\n|-singleturn|p1a: Gligar|move: Roost\n|move|p2a: Umbreon|Wish|p2a: Umbreon\n|\n|-heal|p2a: Umbreon|55\/100|[from] item: Leftovers\n|upkeep\n|turn|30\n|\n|t:|1652664727\n|switch|p2a: Typhlosion|Typhlosion, M|31\/100\n|move|p1a: Gligar|Stealth Rock|p2a: Typhlosion\n|-sidestart|p2: Sir Fresh|move: Stealth Rock\n|\n|-heal|p2a: Typhlosion|97\/100|[from] move: Wish|[wisher] Umbreon\n|upkeep\n|turn|31\n|\n|t:|1652664735\n|switch|p2a: Umbreon|Umbreon, M|55\/100\n|-damage|p2a: Umbreon|43\/100|[from] Stealth Rock\n|switch|p1a: Blissey|Blissey, F|100\/100\n|\n|-heal|p2a: Umbreon|49\/100|[from] item: Leftovers\n|upkeep\n|turn|32\n|\n|t:|1652664740\n|move|p2a: Umbreon|Wish|p2a: Umbreon\n|move|p1a: Blissey|Thunder Wave|p2a: Umbreon|[miss]\n|-miss|p1a: Blissey|p2a: Umbreon\n|\n|-heal|p2a: Umbreon|55\/100|[from] item: Leftovers\n|upkeep\n|turn|33\n|\n|t:|1652664745\n|move|p2a: Umbreon|Foul Play|p1a: Blissey\n|-damage|p1a: Blissey|98\/100\n|move|p1a: Blissey|Thunder Wave|p2a: Umbreon\n|-status|p2a: Umbreon|par\n|-activate|p2a: Umbreon|ability: Synchronize\n|-status|p1a: Blissey|par\n|\n|-heal|p2a: Umbreon|100\/100 par|[from] move: Wish|[wisher] Umbreon\n|upkeep\n|turn|34\n|\n|t:|1652664749\n|move|p2a: Umbreon|Heal Bell|p2a: Umbreon\n|-activate|p2a: Umbreon|move: Heal Bell\n|-curestatus|p2a: Umbreon|par|[msg]\n|move|p1a: Blissey|Seismic Toss|p2a: Umbreon\n|-damage|p2a: Umbreon|75\/100\n|\n|-heal|p2a: Umbreon|81\/100|[from] item: Leftovers\n|upkeep\n|turn|35\n|\n|t:|1652664753\n|switch|p2a: Gligar|Gligar, M|71\/100\n|-damage|p2a: Gligar|58\/100|[from] Stealth Rock\n|move|p1a: Blissey|Seismic Toss|p2a: Gligar\n|-damage|p2a: Gligar|28\/100\n|\n|upkeep\n|turn|36\n|\n|t:|1652664761\n|-curestatus|p1a: Blissey|par|[from] ability: Natural Cure\n|switch|p1a: Scizor|Scizor-Mega, M|84\/100\n|move|p2a: Gligar|Roost|p2a: Gligar\n|-heal|p2a: Gligar|78\/100\n|-singleturn|p2a: Gligar|move: Roost\n|\n|upkeep\n|turn|37\n|\n|t:|1652664769\n|move|p1a: Scizor|Dual Wingbeat|p2a: Gligar\n|-damage|p2a: Gligar|68\/100\n|-damage|p2a: Gligar|56\/100\n|-hitcount|p2a: Gligar|2\n|move|p2a: Gligar|Stealth Rock|p1a: Scizor\n|-sidestart|p1: Willis_Hescock|move: Stealth Rock\n|\n|upkeep\n|turn|38\n|\n|t:|1652664774\n|move|p1a: Scizor|Swords Dance|p1a: Scizor\n|-boost|p1a: Scizor|atk|2\n|move|p2a: Gligar|Roost|p2a: Gligar\n|-heal|p2a: Gligar|100\/100\n|-singleturn|p2a: Gligar|move: Roost\n|\n|upkeep\n|turn|39\n|\n|t:|1652664777\n|switch|p2a: Skarmory|Skarmory, M|100\/100\n|-damage|p2a: Skarmory|88\/100|[from] Stealth Rock\n|move|p1a: Scizor|U-turn|p2a: Skarmory\n|-resisted|p2a: Skarmory\n|-damage|p2a: Skarmory|77\/100\n|-damage|p1a: Scizor|68\/100|[from] item: Rocky Helmet|[of] p2a: Skarmory\n|\n|t:|1652664781\n|switch|p1a: Typhlosion|Typhlosion, M|100\/100|[from]move: U-turn\n|-damage|p1a: Typhlosion|76\/100|[from] Stealth Rock\n|\n|upkeep\n|turn|40\n|\n|t:|1652664786\n|switch|p2a: Typhlosion|Typhlosion, M|97\/100\n|-damage|p2a: Typhlosion|73\/100|[from] Stealth Rock\n|move|p1a: Typhlosion|Focus Blast|p2a: Typhlosion\n|-damage|p2a: Typhlosion|21\/100\n|-unboost|p2a: Typhlosion|spd|1\n|\n|upkeep\n|turn|41\n|\n|t:|1652664794\n|move|p1a: Typhlosion|Focus Blast|p2a: Typhlosion\n|-damage|p2a: Typhlosion|0 fnt\n|faint|p2a: Typhlosion\n|\n|upkeep\n|\n|t:|1652664798\n|switch|p2a: Feraligatr|Feraligatr, M|100\/100\n|-damage|p2a: Feraligatr|88\/100|[from] Stealth Rock\n|turn|42\n|\n|t:|1652664803\n|switch|p1a: Gligar|Gligar, F|95\/100\n|-damage|p1a: Gligar|82\/100|[from] Stealth Rock\n|move|p2a: Feraligatr|Dragon Dance|p2a: Feraligatr\n|-boost|p2a: Feraligatr|atk|1\n|-boost|p2a: Feraligatr|spe|1\n|\n|upkeep\n|turn|43\n|\n|t:|1652664816\n|move|p2a: Feraligatr|Ice Punch|p1a: Gligar\n|-supereffective|p1a: Gligar\n|-damage|p1a: Gligar|0 fnt\n|faint|p1a: Gligar\n|\n|upkeep\n|\n|t:|1652664819\n|switch|p1a: Blissey|Blissey, F|98\/100\n|-damage|p1a: Blissey|85\/100|[from] Stealth Rock\n|turn|44\n|inactive|Willis_Hescock has 270 seconds left.\n|\n|t:|1652664857\n|move|p2a: Feraligatr|Waterfall|p1a: Blissey\n|-damage|p1a: Blissey|6\/100\n|move|p1a: Blissey|Counter|p2a: Feraligatr\n|-damage|p2a: Feraligatr|0 fnt\n|faint|p2a: Feraligatr\n|\n|upkeep\n|c|\u2606Willis_Hescock|I pulled off a counter with blissey\n|c|\u2606Willis_Hescock|Thats a win in my books\n|\n|t:|1652664884\n|switch|p2a: Gligar|Gligar, M|100\/100\n|-damage|p2a: Gligar|88\/100|[from] Stealth Rock\n|turn|45\n|\n|t:|1652664889\n|move|p2a: Gligar|Knock Off|p1a: Blissey\n|-damage|p1a: Blissey|0 fnt\n|faint|p1a: Blissey\n|\n|upkeep\n|\n|t:|1652664897\n|switch|p1a: Scizor|Scizor-Mega, M|68\/100\n|-damage|p1a: Scizor|55\/100|[from] Stealth Rock\n|turn|46\n|\n|t:|1652664903\n|move|p1a: Scizor|Swords Dance|p1a: Scizor\n|-boost|p1a: Scizor|atk|2\n|move|p2a: Gligar|Defog|p1a: Scizor\n|-unboost|p1a: Scizor|evasion|1\n|-sideend|p1: Willis_Hescock|Stealth Rock|[from] move: Defog|[of] p2a: Gligar\n|-sideend|p2: Sir Fresh|Stealth Rock|[from] move: Defog|[of] p2a: Gligar\n|\n|upkeep\n|turn|47\n|\n|t:|1652664912\n|move|p1a: Scizor|Swords Dance|p1a: Scizor\n|-boost|p1a: Scizor|atk|2\n|move|p2a: Gligar|Stealth Rock|p1a: Scizor\n|-sidestart|p1: Willis_Hescock|move: Stealth Rock\n|\n|upkeep\n|turn|48\n|\n|t:|1652664916\n|switch|p2a: Skarmory|Skarmory, M|77\/100\n|move|p1a: Scizor|Swords Dance|p1a: Scizor\n|-boost|p1a: Scizor|atk|2\n|\n|upkeep\n|turn|49\n|\n|t:|1652664924\n|move|p1a: Scizor|Dual Wingbeat|p2a: Skarmory\n|-resisted|p2a: Skarmory\n|-damage|p2a: Skarmory|51\/100\n|-damage|p1a: Scizor|39\/100|[from] item: Rocky Helmet|[of] p2a: Skarmory\n|-resisted|p2a: Skarmory\n|-damage|p2a: Skarmory|23\/100\n|-damage|p1a: Scizor|23\/100|[from] item: Rocky Helmet|[of] p2a: Skarmory\n|-hitcount|p2a: Skarmory|2\n|move|p2a: Skarmory|Roost|p2a: Skarmory\n|-heal|p2a: Skarmory|73\/100\n|-singleturn|p2a: Skarmory|move: Roost\n|\n|upkeep\n|turn|50\n|\n|t:|1652664934\n|move|p1a: Scizor|Bullet Punch|p2a: Skarmory\n|-resisted|p2a: Skarmory\n|-damage|p2a: Skarmory|33\/100\n|-damage|p1a: Scizor|6\/100|[from] item: Rocky Helmet|[of] p2a: Skarmory\n|move|p2a: Skarmory|Roost|p2a: Skarmory\n|-heal|p2a: Skarmory|83\/100\n|-singleturn|p2a: Skarmory|move: Roost\n|\n|upkeep\n|turn|51\n|\n|t:|1652664940\n|move|p1a: Scizor|Bullet Punch|p2a: Skarmory\n|-resisted|p2a: Skarmory\n|-damage|p2a: Skarmory|40\/100\n|-damage|p1a: Scizor|0 fnt|[from] item: Rocky Helmet|[of] p2a: Skarmory\n|faint|p1a: Scizor\n|move|p2a: Skarmory|Roost|p2a: Skarmory\n|-heal|p2a: Skarmory|90\/100\n|-singleturn|p2a: Skarmory|move: Roost\n|\n|upkeep\n|\n|t:|1652664942\n|switch|p1a: Typhlosion|Typhlosion, M|76\/100\n|-damage|p1a: Typhlosion|51\/100|[from] Stealth Rock\n|turn|52\n|\n|t:|1652664946\n|move|p1a: Typhlosion|Eruption|p2a: Skarmory\n|-supereffective|p2a: Skarmory\n|-damage|p2a: Skarmory|0 fnt\n|faint|p2a: Skarmory\n|\n|upkeep\n|\n|t:|1652664950\n|switch|p2a: Umbreon|Umbreon, M|81\/100\n|turn|53\n|\n|t:|1652664955\n|move|p1a: Typhlosion|Eruption|p2a: Umbreon\n|-damage|p2a: Umbreon|64\/100\n|move|p2a: Umbreon|Foul Play|p1a: Typhlosion\n|-damage|p1a: Typhlosion|17\/100\n|\n|-heal|p2a: Umbreon|70\/100|[from] item: Leftovers\n|upkeep\n|turn|54\n|c|\u2606Willis_Hescock|Gg\n|c|\u2606Sir Fresh|Gg\n|\n|t:|1652664964\n|move|p1a: Typhlosion|Eruption|p2a: Umbreon\n|-damage|p2a: Umbreon|64\/100\n|move|p2a: Umbreon|Foul Play|p1a: Typhlosion\n|-damage|p1a: Typhlosion|0 fnt\n|faint|p1a: Typhlosion\n|\n|win|Sir Fresh\n|l|\u2606Willis_Hescock\n","uploadtime":1652664974,"views":14,"p1id":"willishescock","p2id":"sirfresh","formatid":"gen8nationaldex","rating":0,"private":0,"password":null}