{"id":"gen8oublitz-1304237660","p1":"isheavydead","p2":"Korkskrew","format":"gen8oublitz","log":"|inactive|Battle timer is ON: inactive players will automatically lose when time's up.\n|j|\u2606isheavydead\n|j|\u2606Korkskrew\n|t:|1616102030\n|player|p1|isheavydead|ethan|\n|player|p2|Korkskrew|ryuki|\n|teamsize|p1|6\n|teamsize|p2|6\n|gametype|singles\n|gen|8\n|tier|[Gen 8] OU (Blitz)\n|rated|Tournament battle\n|clearpoke\n|poke|p1|Dragapult, M|\n|poke|p1|Garchomp, M|\n|poke|p1|Ninetales-Alola, M|\n|poke|p1|Tornadus-Therian, M|\n|poke|p1|Tapu Lele|\n|poke|p1|Melmetal|\n|poke|p2|Landorus-Therian, M|\n|poke|p2|Kyurem|\n|poke|p2|Urshifu-*, M|\n|poke|p2|Moltres-Galar|\n|poke|p2|Dragapult, M|\n|poke|p2|Aegislash, M|\n|rule|Sleep Clause Mod: Limit one foe put to sleep\n|rule|Species Clause: Limit one of each Pok\u00e9mon\n|rule|OHKO Clause: OHKO moves are banned\n|rule|Evasion Moves Clause: Evasion moves are banned\n|rule|Endless Battle Clause: Forcing endless battles is banned\n|rule|HP Percentage Mod: HP is shown in percentages\n|rule|Dynamax Clause: You cannot dynamax\n|rule|Blitz: Super-fast timer\n|teampreview\n|c|\u2606Korkskrew|glhf\n|c|\u2606isheavydead|u2\n|inactive|Korkskrew has 30 seconds left.\n|j| ohwellidk\n|\n|t:|1616102045\n|start\n|switch|p1a: Ninetales|Ninetales-Alola, M|100\/100\n|switch|p2a: Achilles|Aegislash, M, shiny|100\/100\n|-weather|Hail|[from] ability: Snow Warning|[of] p1a: Ninetales\n|turn|1\n|\n|t:|1616102048\n|move|p1a: Ninetales|Aurora Veil|p1a: Ninetales\n|-sidestart|p1: isheavydead|move: Aurora Veil\n|-formechange|p2a: Achilles|Aegislash-Blade||[from] ability: Stance Change\n|move|p2a: Achilles|Flash Cannon|p1a: Ninetales\n|-supereffective|p1a: Ninetales\n|-damage|p1a: Ninetales|0 fnt\n|faint|p1a: Ninetales\n|\n|-weather|Hail|[upkeep]\n|-damage|p2a: Achilles|94\/100|[from] Hail\n|upkeep\n|inactive|isheavydead has 10 seconds left.\n|\n|t:|1616102054\n|switch|p1a: Garchomp|Garchomp, M|100\/100\n|turn|2\n|\n|t:|1616102057\n|switch|p2a: Lucifer|Landorus-Therian, M|100\/100\n|-ability|p2a: Lucifer|Intimidate|boost\n|-unboost|p1a: Garchomp|atk|1\n|move|p1a: Garchomp|Swords Dance|p1a: Garchomp\n|-boost|p1a: Garchomp|atk|2\n|\n|-weather|Hail|[upkeep]\n|-damage|p1a: Garchomp|94\/100|[from] Hail\n|-damage|p2a: Lucifer|94\/100|[from] Hail\n|-heal|p1a: Garchomp|100\/100|[from] item: Leftovers\n|upkeep\n|turn|3\n|\n|t:|1616102061\n|move|p1a: Garchomp|Swords Dance|p1a: Garchomp\n|-boost|p1a: Garchomp|atk|2\n|move|p2a: Lucifer|Explosion|p1a: Garchomp\n|-damage|p1a: Garchomp|27\/100\n|faint|p2a: Lucifer\n|\n|-weather|Hail|[upkeep]\n|-damage|p1a: Garchomp|21\/100|[from] Hail\n|-heal|p1a: Garchomp|27\/100|[from] item: Leftovers\n|upkeep\n|inactive|Korkskrew has 10 seconds left.\n|\n|t:|1616102067\n|switch|p2a: Leviathan|Dragapult, M|100\/100\n|turn|4\n|\n|t:|1616102070\n|switch|p1a: Melmetal|Melmetal, shiny|100\/100\n|move|p2a: Leviathan|Phantom Force||[still]\n|-prepare|p2a: Leviathan|Phantom Force\n|\n|-weather|Hail|[upkeep]\n|-damage|p2a: Leviathan|94\/100|[from] Hail\n|-damage|p1a: Melmetal|94\/100|[from] Hail\n|upkeep\n|turn|5\n|\n|t:|1616102073\n|move|p2a: Leviathan|Phantom Force|p1a: Melmetal|[from]lockedmove\n|-damage|p1a: Melmetal|81\/100\n|move|p1a: Melmetal|Double Iron Bash|p2a: Leviathan\n|-damage|p2a: Leviathan|36\/100\n|-damage|p2a: Leviathan|0 fnt\n|-hitcount|p2a: Leviathan|2\n|faint|p2a: Leviathan\n|\n|-weather|none\n|upkeep\n|inactive|Korkskrew has 10 seconds left.\n|\n|t:|1616102078\n|switch|p2a: Poseidon-Blade|Urshifu-Rapid-Strike, M|100\/100\n|turn|6\n|c|\u2606isheavydead|wait whaat\n|\n|t:|1616102082\n|move|p2a: Poseidon-Blade|Close Combat|p1a: Melmetal\n|-supereffective|p1a: Melmetal\n|-damage|p1a: Melmetal|45\/100\n|-unboost|p2a: Poseidon-Blade|def|1\n|-unboost|p2a: Poseidon-Blade|spd|1\n|move|p1a: Melmetal|Thunder Punch|p2a: Poseidon-Blade\n|-supereffective|p2a: Poseidon-Blade\n|-damage|p2a: Poseidon-Blade|0 fnt\n|faint|p2a: Poseidon-Blade\n|\n|upkeep\n|c|\u2606Korkskrew|i-\n|inactive|Korkskrew has 10 seconds left.\n|c|\u2606Korkskrew|well then\n|c|\u2606isheavydead|oh\n|inactive|Korkskrew has 5 seconds left.\n|\n|t:|1616102093\n|switch|p2a: Kyotaro|Kyurem, shiny|100\/100\n|-ability|p2a: Kyotaro|Pressure\n|turn|7\n|inactive|Korkskrew has 10 seconds left this turn.\n|\n|t:|1616102095\n|move|p2a: Kyotaro|Earth Power|p1a: Melmetal\n|-supereffective|p1a: Melmetal\n|-damage|p1a: Melmetal|12\/100\n|move|p1a: Melmetal|Double Iron Bash|p2a: Kyotaro\n|-supereffective|p2a: Kyotaro\n|-damage|p2a: Kyotaro|10\/100\n|-supereffective|p2a: Kyotaro\n|-damage|p2a: Kyotaro|0 fnt\n|-hitcount|p2a: Kyotaro|2\n|faint|p2a: Kyotaro\n|\n|upkeep\n|\n|t:|1616102099\n|switch|p2a: Achilles|Aegislash, M, shiny|94\/100\n|turn|8\n|c|\u2606Korkskrew|gg\n|inactive|isheavydead has 10 seconds left.\n|\n|t:|1616102106\n|switch|p1a: Tapu Lele|Tapu Lele|100\/100\n|-fieldstart|move: Psychic Terrain|[from] ability: Psychic Surge|[of] p1a: Tapu Lele\n|-formechange|p2a: Achilles|Aegislash-Blade||[from] ability: Stance Change\n|move|p2a: Achilles|Shadow Sneak|p1a: Tapu Lele\n|-activate|p1a: Tapu Lele|move: Psychic Terrain\n|\n|-sideend|p1: isheavydead|move: Aurora Veil\n|upkeep\n|turn|9\n|\n|t:|1616102111\n|switch|p2a: Yami|Moltres-Galar|100\/100\n|move|p1a: Tapu Lele|Moonblast|p2a: Yami\n|-supereffective|p2a: Yami\n|-damage|p2a: Yami|20\/100\n|-unboost|p2a: Yami|spa|1\n|-ability|p2a: Yami|Berserk|boost\n|-boost|p2a: Yami|spa|1\n|\n|upkeep\n|turn|10\n|c|\u2606isheavydead|gg\n|inactive|Korkskrew has 10 seconds left.\n|\n|t:|1616102116\n|switch|p2a: Achilles|Aegislash, M, shiny|94\/100\n|move|p1a: Tapu Lele|Moonblast|p2a: Achilles\n|-resisted|p2a: Achilles\n|-damage|p2a: Achilles|68\/100\n|\n|upkeep\n|turn|11\n|inactive|isheavydead has 10 seconds left.\n|\n|t:|1616102122\n|switch|p1a: Tornadus|Tornadus-Therian, M|100\/100\n|-formechange|p2a: Achilles|Aegislash-Blade||[from] ability: Stance Change\n|move|p2a: Achilles|Shadow Ball|p1a: Tornadus\n|-damage|p1a: Tornadus|4\/100\n|\n|upkeep\n|turn|12\n|\n|t:|1616102125\n|move|p1a: Tornadus|Hurricane|p2a: Achilles\n|-resisted|p2a: Achilles\n|-damage|p2a: Achilles|12\/100\n|move|p2a: Achilles|Shadow Ball|p1a: Tornadus\n|-damage|p1a: Tornadus|0 fnt\n|faint|p1a: Tornadus\n|\n|-fieldend|move: Psychic Terrain\n|upkeep\n|\n|t:|1616102130\n|switch|p1a: Tapu Lele|Tapu Lele|100\/100\n|-fieldstart|move: Psychic Terrain|[from] ability: Psychic Surge|[of] p1a: Tapu Lele\n|turn|13\n|\n|t:|1616102132\n|move|p1a: Tapu Lele|Moonblast|p2a: Achilles\n|-resisted|p2a: Achilles\n|-damage|p2a: Achilles|0 fnt\n|faint|p2a: Achilles\n|\n|upkeep\n|\n|t:|1616102133\n|switch|p2a: Yami|Moltres-Galar|20\/100\n|turn|14\n|\n|t:|1616102134\n|move|p1a: Tapu Lele|Moonblast|p2a: Yami\n|-supereffective|p2a: Yami\n|-damage|p2a: Yami|0 fnt\n|faint|p2a: Yami\n|\n|win|isheavydead\n|n|\u2606isheavydead|isheavydead\n|n|\u2606Korkskrew|korkskrew\n|n| ohwellidk|ohwellidk\n","uploadtime":1616102135,"views":29,"p1id":"isheavydead","p2id":"korkskrew","formatid":"gen8oublitz","rating":0,"private":0,"password":null}