{"id":"gen8uu-1145114818","p1":"Goootzinho","p2":"fr1ss","format":"gen8uu","log":"|j|\u2606Goootzinho\n|j|\u2606fr1ss\n|player|p1|Goootzinho|galacticgrunt|1363\n|player|p2|fr1ss|psychic-gen3|1356\n|teamsize|p1|6\n|teamsize|p2|6\n|gametype|singles\n|gen|8\n|tier|[Gen 8] UU\n|rated|\n|clearpoke\n|poke|p1|Aegislash, M|\n|poke|p1|Krookodile, F|\n|poke|p1|Rotom-Wash|\n|poke|p1|Mienshao, F|\n|poke|p1|Sylveon, M|\n|poke|p1|Roserade, M|\n|poke|p2|Escavalier, M|\n|poke|p2|Arcanine, F|\n|poke|p2|Sylveon, M|\n|poke|p2|Crawdaunt, M|\n|poke|p2|Necrozma|\n|poke|p2|Noivern, F|\n|rule|Sleep Clause Mod: Limit one foe put to sleep\n|rule|Species Clause: Limit one of each Pok\u00e9mon\n|rule|OHKO Clause: OHKO moves are banned\n|rule|Evasion Moves Clause: Evasion moves are banned\n|rule|Endless Battle Clause: Forcing endless battles is banned\n|rule|HP Percentage Mod: HP is shown in percentages\n|rule|Dynamax Clause: You cannot dynamax\n|teampreview\n|\n|start\n|switch|p1a: Rotom|Rotom-Wash|100\/100\n|switch|p2a: ...|Escavalier, M|100\/100\n|turn|1\n|\n|move|p1a: Rotom|Hydro Pump|p2a: ...|[miss]\n|-miss|p1a: Rotom|p2a: ...\n|move|p2a: ...|Knock Off|p1a: Rotom\n|-damage|p1a: Rotom|67\/100\n|-enditem|p1a: Rotom|Leftovers|[from] move: Knock Off|[of] p2a: ...\n|\n|upkeep\n|turn|2\n|\n|move|p1a: Rotom|Hydro Pump|p2a: ...|[miss]\n|-miss|p1a: Rotom|p2a: ...\n|move|p2a: ...|X-Scissor|p1a: Rotom\n|-damage|p1a: Rotom|26\/100\n|\n|upkeep\n|turn|3\n|\n|move|p1a: Rotom|Hydro Pump|p2a: ...\n|-damage|p2a: ...|73\/100\n|move|p2a: ...|X-Scissor|p1a: Rotom\n|-damage|p1a: Rotom|0 fnt\n|faint|p1a: Rotom\n|\n|upkeep\n|inactive|Battle timer is ON: inactive players will automatically lose when time's up. (requested by Goootzinho)\n|\n|switch|p1a: Sylveon|Sylveon, M|100\/100\n|turn|4\n|\n|move|p1a: Sylveon|Mystical Fire|p2a: ...\n|-supereffective|p2a: ...\n|-damage|p2a: ...|26\/100\n|-unboost|p2a: ...|spa|1\n|move|p2a: ...|Iron Head|p1a: Sylveon\n|-supereffective|p1a: Sylveon\n|-damage|p1a: Sylveon|37\/100\n|\n|-heal|p1a: Sylveon|43\/100|[from] item: Leftovers\n|upkeep\n|turn|5\n|\n|switch|p2a: gurl|Sylveon, M|100\/100\n|move|p1a: Sylveon|Protect||[still]\n|-fail|p1a: Sylveon\n|\n|-heal|p1a: Sylveon|49\/100|[from] item: Leftovers\n|upkeep\n|turn|6\n|\n|move|p2a: gurl|Wish|p2a: gurl\n|move|p1a: Sylveon|Wish|p1a: Sylveon\n|\n|-heal|p1a: Sylveon|55\/100|[from] item: Leftovers\n|upkeep\n|turn|7\n|\n|move|p1a: Sylveon|Mystical Fire|p2a: gurl\n|-damage|p2a: gurl|91\/100\n|-unboost|p2a: gurl|spa|1\n|move|p2a: gurl|Hyper Voice|p1a: Sylveon\n|-damage|p1a: Sylveon|38\/100\n|\n|-heal|p2a: gurl|100\/100|[from] move: Wish|[wisher] gurl\n|-heal|p1a: Sylveon|88\/100|[from] move: Wish|[wisher] Sylveon\n|-heal|p1a: Sylveon|94\/100|[from] item: Leftovers\n|upkeep\n|turn|8\n|\n|move|p2a: gurl|Wish|p2a: gurl\n|move|p1a: Sylveon|Mystical Fire|p2a: gurl\n|-damage|p2a: gurl|91\/100\n|-unboost|p2a: gurl|spa|1\n|\n|-heal|p1a: Sylveon|99\/100|[from] item: Leftovers\n|-heal|p2a: gurl|97\/100|[from] item: Leftovers\n|upkeep\n|turn|9\n|\n|switch|p2a: yo|Crawdaunt, M|100\/100\n|move|p1a: Sylveon|Mystical Fire|p2a: yo\n|-resisted|p2a: yo\n|-damage|p2a: yo|81\/100\n|-unboost|p2a: yo|spa|1\n|\n|-heal|p2a: yo|100\/100|[from] move: Wish|[wisher] gurl\n|-heal|p1a: Sylveon|100\/100|[from] item: Leftovers\n|upkeep\n|turn|10\n|\n|move|p2a: yo|Crabhammer|p1a: Sylveon|[miss]\n|-miss|p2a: yo|p1a: Sylveon\n|move|p1a: Sylveon|Hyper Voice|p2a: yo\n|-supereffective|p2a: yo\n|-damage|p2a: yo|0 fnt\n|faint|p2a: yo\n|\n|upkeep\n|\n|switch|p2a: pls|Necrozma|100\/100\n|turn|11\n|\n|switch|p1a: Krookodile|Krookodile, F|100\/100\n|-ability|p1a: Krookodile|Intimidate|boost\n|-unboost|p2a: pls|atk|1\n|move|p2a: pls|Calm Mind|p2a: pls\n|-boost|p2a: pls|spa|1\n|-boost|p2a: pls|spd|1\n|\n|upkeep\n|turn|12\n|\n|switch|p2a: gurl|Sylveon, M|97\/100\n|move|p1a: Krookodile|Knock Off|p2a: gurl\n|-resisted|p2a: gurl\n|-damage|p2a: gurl|65\/100\n|-enditem|p2a: gurl|Leftovers|[from] move: Knock Off|[of] p1a: Krookodile\n|\n|upkeep\n|turn|13\n|\n|switch|p1a: Aegislash|Aegislash, M|100\/100\n|move|p2a: gurl|Wish|p2a: gurl\n|\n|upkeep\n|turn|14\n|\n|move|p2a: gurl|Protect|p2a: gurl\n|-singleturn|p2a: gurl|Protect\n|-formechange|p1a: Aegislash|Aegislash-Blade||[from] ability: Stance Change\n|move|p1a: Aegislash|Shadow Ball|p2a: gurl\n|-activate|p2a: gurl|move: Protect\n|\n|-heal|p2a: gurl|100\/100|[from] move: Wish|[wisher] gurl\n|upkeep\n|turn|15\n|\n|switch|p1a: Sylveon|Sylveon, M|100\/100\n|move|p2a: gurl|Wish|p2a: gurl\n|\n|upkeep\n|turn|16\n|\n|switch|p2a: boi|Arcanine, F|100\/100\n|-ability|p2a: boi|Intimidate|boost\n|-unboost|p1a: Sylveon|atk|1\n|move|p1a: Sylveon|Mystical Fire|p2a: boi\n|-resisted|p2a: boi\n|-damage|p2a: boi|90\/100\n|-unboost|p2a: boi|spa|1\n|\n|-heal|p2a: boi|100\/100|[from] move: Wish|[wisher] gurl\n|upkeep\n|turn|17\n|\n|switch|p1a: Krookodile|Krookodile, F|100\/100\n|-ability|p1a: Krookodile|Intimidate|boost\n|-unboost|p2a: boi|atk|1\n|move|p2a: boi|Extreme Speed|p1a: Krookodile\n|-damage|p1a: Krookodile|84\/100\n|\n|upkeep\n|turn|18\n|\n|switch|p2a: gurl|Sylveon, M|100\/100\n|move|p1a: Krookodile|Stealth Rock|p2a: gurl\n|-sidestart|p2: fr1ss|move: Stealth Rock\n|\n|upkeep\n|turn|19\n|\n|switch|p1a: Roserade|Roserade, M|100\/100\n|move|p2a: gurl|Wish|p2a: gurl\n|\n|upkeep\n|turn|20\n|\n|switch|p2a: ...|Escavalier, M|26\/100\n|-damage|p2a: ...|14\/100|[from] Stealth Rock\n|move|p1a: Roserade|Spikes|p2a: ...\n|-sidestart|p2: fr1ss|Spikes\n|\n|-heal|p2a: ...|71\/100|[from] move: Wish|[wisher] gurl\n|upkeep\n|turn|21\n|\n|move|p1a: Roserade|Sleep Powder|p2a: ...\n|-immune|p2a: ...|[from] ability: Overcoat\n|move|p2a: ...|Iron Head|p1a: Roserade\n|-damage|p1a: Roserade|30\/100\n|\n|-heal|p1a: Roserade|36\/100|[from] item: Black Sludge\n|upkeep\n|turn|22\n|\n|switch|p1a: Sylveon|Sylveon, M|100\/100\n|move|p2a: ...|Iron Head|p1a: Sylveon\n|-supereffective|p1a: Sylveon\n|-damage|p1a: Sylveon|38\/100\n|\n|-heal|p1a: Sylveon|44\/100|[from] item: Leftovers\n|upkeep\n|turn|23\n|\n|move|p1a: Sylveon|Mystical Fire|p2a: ...\n|-supereffective|p2a: ...\n|-damage|p2a: ...|24\/100\n|-unboost|p2a: ...|spa|1\n|move|p2a: ...|Iron Head|p1a: Sylveon\n|-supereffective|p1a: Sylveon\n|-damage|p1a: Sylveon|0 fnt\n|faint|p1a: Sylveon\n|\n|upkeep\n|\n|switch|p1a: Mienshao|Mienshao, F|100\/100\n|turn|24\n|\n|switch|p2a: boi|Arcanine, F|100\/100\n|-ability|p2a: boi|Intimidate|boost\n|-unboost|p1a: Mienshao|atk|1\n|move|p1a: Mienshao|Close Combat|p2a: boi\n|-damage|p2a: boi|69\/100\n|-unboost|p1a: Mienshao|def|1\n|-unboost|p1a: Mienshao|spd|1\n|\n|upkeep\n|turn|25\n|\n|switch|p1a: Krookodile|Krookodile, F|84\/100\n|-ability|p1a: Krookodile|Intimidate|boost\n|-unboost|p2a: boi|atk|1\n|move|p2a: boi|Teleport|p2a: boi\n|\n|switch|p2a: ugh|Noivern, F|100\/100|[from]move: Teleport\n|\n|upkeep\n|turn|26\n|\n|move|p2a: ugh|Defog|p1a: Krookodile\n|-unboost|p1a: Krookodile|evasion|1\n|-sideend|p2: fr1ss|Spikes|[from] move: Defog|[of] p2a: ugh\n|-sideend|p2: fr1ss|Stealth Rock|[from] move: Defog|[of] p2a: ugh\n|move|p1a: Krookodile|Knock Off|p2a: ugh\n|-damage|p2a: ugh|36\/100\n|-enditem|p2a: ugh|Heavy-Duty Boots|[from] move: Knock Off|[of] p1a: Krookodile\n|\n|upkeep\n|turn|27\n|\n|switch|p1a: Aegislash|Aegislash, M|100\/100\n|move|p2a: ugh|Roost|p2a: ugh\n|-heal|p2a: ugh|86\/100\n|-singleturn|p2a: ugh|move: Roost\n|\n|upkeep\n|turn|28\n|\n|move|p2a: ugh|Flamethrower|p1a: Aegislash\n|-supereffective|p1a: Aegislash\n|-damage|p1a: Aegislash|43\/100\n|move|p1a: Aegislash|Autotomize|p1a: Aegislash\n|-boost|p1a: Aegislash|spe|2\n|-start|p1a: Aegislash|Autotomize\n|\n|upkeep\n|turn|29\n|\n|-formechange|p1a: Aegislash|Aegislash-Blade||[from] ability: Stance Change\n|move|p1a: Aegislash|Shadow Ball|p2a: ugh\n|-crit|p2a: ugh\n|-damage|p2a: ugh|0 fnt\n|-damage|p1a: Aegislash|33\/100|[from] item: Life Orb\n|faint|p2a: ugh\n|\n|upkeep\n|\n|switch|p2a: boi|Arcanine, F|69\/100\n|-ability|p2a: boi|Intimidate|boost\n|-unboost|p1a: Aegislash|atk|1\n|turn|30\n|\n|move|p1a: Aegislash|Shadow Ball|p2a: boi\n|-damage|p2a: boi|2\/100\n|-damage|p1a: Aegislash|23\/100|[from] item: Life Orb\n|move|p2a: boi|Flamethrower|p1a: Aegislash\n|-supereffective|p1a: Aegislash\n|-damage|p1a: Aegislash|0 fnt\n|faint|p1a: Aegislash\n|\n|upkeep\n|\n|switch|p1a: Mienshao|Mienshao, F|100\/100\n|turn|31\n|\n|switch|p2a: ...|Escavalier, M|24\/100\n|move|p1a: Mienshao|U-turn|p2a: ...\n|-resisted|p2a: ...\n|-damage|p2a: ...|17\/100\n|\n|switch|p1a: Krookodile|Krookodile, F|84\/100|[from]move: U-turn\n|-ability|p1a: Krookodile|Intimidate|boost\n|-unboost|p2a: ...|atk|1\n|\n|upkeep\n|turn|32\n|\n|move|p1a: Krookodile|Earthquake|p2a: ...\n|-damage|p2a: ...|0 fnt\n|faint|p2a: ...\n|\n|upkeep\n|\n|switch|p2a: gurl|Sylveon, M|100\/100\n|turn|33\n|\n|switch|p1a: Roserade|Roserade, M|36\/100\n|move|p2a: gurl|Hyper Voice|p1a: Roserade\n|-resisted|p1a: Roserade\n|-crit|p1a: Roserade\n|-damage|p1a: Roserade|0 fnt\n|faint|p1a: Roserade\n|\n|upkeep\n|\n|switch|p1a: Krookodile|Krookodile, F|84\/100\n|-ability|p1a: Krookodile|Intimidate|boost\n|-unboost|p2a: gurl|atk|1\n|turn|34\n|\n|move|p1a: Krookodile|Earthquake|p2a: gurl\n|-damage|p2a: gurl|45\/100\n|move|p2a: gurl|Hyper Voice|p1a: Krookodile\n|-supereffective|p1a: Krookodile\n|-damage|p1a: Krookodile|0 fnt\n|faint|p1a: Krookodile\n|\n|upkeep\n|\n|switch|p1a: Mienshao|Mienshao, F|100\/100\n|turn|35\n|\n|switch|p2a: boi|Arcanine, F|2\/100\n|-ability|p2a: boi|Intimidate|boost\n|-unboost|p1a: Mienshao|atk|1\n|move|p1a: Mienshao|Knock Off|p2a: boi\n|-damage|p2a: boi|0 fnt\n|-enditem|p2a: boi|Heavy-Duty Boots|[from] move: Knock Off|[of] p1a: Mienshao\n|faint|p2a: boi\n|\n|upkeep\n|-message|Goootzinho forfeited.\n|\n|win|fr1ss\n|l|\u2606Goootzinho\n|l|\u2606fr1ss\n","uploadtime":1593889510,"views":5,"p1id":"goootzinho","p2id":"fr1ss","formatid":"gen8uu","rating":0,"private":0,"password":null}