{"id":"gen8ou-1652371150","p1":"minimax_ai","p2":"andrewm0n","format":"gen8ou","log":"|j|\u2606minimax_ai\n|j|\u2606andrewm0n\n|t:|1661912366\n|gametype|singles\n|player|p1|minimax_ai|lusamine-nihilego|1667\n|player|p2|andrewm0n|102|1701\n|teamsize|p1|6\n|teamsize|p2|6\n|gen|8\n|tier|[Gen 8] OU\n|rated|\n|rule|Sleep Clause Mod: Limit one foe put to sleep\n|rule|Species Clause: Limit one of each Pok\u00e9mon\n|rule|OHKO Clause: OHKO moves are banned\n|rule|Evasion Items Clause: Evasion items are banned\n|rule|Evasion Moves Clause: Evasion moves are banned\n|rule|Endless Battle Clause: Forcing endless battles is banned\n|rule|HP Percentage Mod: HP is shown in percentages\n|rule|Dynamax Clause: You cannot dynamax\n|clearpoke\n|poke|p1|Rotom-Wash|\n|poke|p1|Weavile, F|\n|poke|p1|Landorus-Therian, M|\n|poke|p1|Heatran, M|\n|poke|p1|Tangrowth, F|\n|poke|p1|Melmetal|\n|poke|p2|Slowbro-Galar, M|\n|poke|p2|Blaziken, M|\n|poke|p2|Clefable, F|\n|poke|p2|Seismitoad, M|\n|poke|p2|Corviknight, M|\n|poke|p2|Slowking-Galar, M|\n|teampreview\n|c|\u2606minimax_ai|hf\n|inactive|Battle timer is ON: inactive players will automatically lose when time's up. (requested by minimax_ai)\n|inactive|andrewm0n has 120 seconds left.\n|\n|t:|1661912427\n|start\n|switch|p1a: landorustherian|Landorus-Therian, M|100\/100\n|switch|p2a: Seismitoad|Seismitoad, M|100\/100\n|-ability|p1a: landorustherian|Intimidate|boost\n|-unboost|p2a: Seismitoad|atk|1\n|turn|1\n|\n|t:|1661912431\n|switch|p2a: Corviknight|Corviknight, M|100\/100\n|-ability|p2a: Corviknight|Pressure\n|move|p1a: landorustherian|Earthquake|p2a: Corviknight\n|-immune|p2a: Corviknight\n|\n|upkeep\n|turn|2\n|\n|t:|1661912435\n|move|p1a: landorustherian|Earthquake|p2a: Corviknight\n|-immune|p2a: Corviknight\n|move|p2a: Corviknight|U-turn|p1a: landorustherian\n|-resisted|p1a: landorustherian\n|-damage|p1a: landorustherian|94\/100\n|\n|t:|1661912440\n|switch|p2a: Slowbro|Slowbro-Galar, M|100\/100|[from]move: U-turn\n|\n|-heal|p1a: landorustherian|99\/100|[from] item: Leftovers\n|upkeep\n|turn|3\n|\n|t:|1661912442\n|move|p1a: landorustherian|Earthquake|p2a: Slowbro\n|-supereffective|p2a: Slowbro\n|-damage|p2a: Slowbro|27\/100\n|move|p2a: Slowbro|Ice Beam|p1a: landorustherian\n|-supereffective|p1a: landorustherian\n|-damage|p1a: landorustherian|35\/100\n|\n|-heal|p1a: landorustherian|41\/100|[from] item: Leftovers\n|upkeep\n|turn|4\n|\n|t:|1661912445\n|move|p1a: landorustherian|Earthquake|p2a: Slowbro\n|-supereffective|p2a: Slowbro\n|-damage|p2a: Slowbro|0 fnt\n|faint|p2a: Slowbro\n|\n|-heal|p1a: landorustherian|47\/100|[from] item: Leftovers\n|upkeep\n|\n|t:|1661912450\n|switch|p2a: Blaziken|Blaziken, M|100\/100\n|turn|5\n|\n|t:|1661912451\n|move|p2a: Blaziken|Protect|p2a: Blaziken\n|-singleturn|p2a: Blaziken|Protect\n|move|p1a: landorustherian|Earthquake|p2a: Blaziken\n|-activate|p2a: Blaziken|move: Protect\n|\n|-heal|p1a: landorustherian|53\/100|[from] item: Leftovers\n|-ability|p2a: Blaziken|Speed Boost|boost\n|-boost|p2a: Blaziken|spe|1\n|upkeep\n|turn|6\n|j| Pokemon Hates Me\n|\n|t:|1661912454\n|move|p2a: Blaziken|Flare Blitz|p1a: landorustherian\n|-damage|p1a: landorustherian|0 fnt\n|faint|p1a: landorustherian\n|-damage|p2a: Blaziken|79\/100|[from] Recoil\n|\n|-heal|p2a: Blaziken|85\/100|[from] item: Leftovers\n|-ability|p2a: Blaziken|Speed Boost|boost\n|-boost|p2a: Blaziken|spe|1\n|upkeep\n|\n|t:|1661912454\n|switch|p1a: rotomwash|Rotom-Wash|100\/100\n|turn|7\n|\n|t:|1661912457\n|move|p2a: Blaziken|Protect|p2a: Blaziken\n|-singleturn|p2a: Blaziken|Protect\n|move|p1a: rotomwash|Hydro Pump|p2a: Blaziken\n|-activate|p2a: Blaziken|move: Protect\n|\n|-heal|p2a: Blaziken|91\/100|[from] item: Leftovers\n|-ability|p2a: Blaziken|Speed Boost|boost\n|-boost|p2a: Blaziken|spe|1\n|upkeep\n|turn|8\n|\n|t:|1661912459\n|switch|p2a: Seismitoad|Seismitoad, M|100\/100\n|move|p1a: rotomwash|Hydro Pump|p2a: Seismitoad\n|-immune|p2a: Seismitoad|[from] ability: Water Absorb\n|\n|upkeep\n|turn|9\n|\n|t:|1661912462\n|move|p1a: rotomwash|Nasty Plot|p1a: rotomwash\n|-boost|p1a: rotomwash|spa|2\n|move|p2a: Seismitoad|Toxic|p1a: rotomwash\n|-status|p1a: rotomwash|tox\n|\n|-damage|p1a: rotomwash|94\/100 tox|[from] psn\n|upkeep\n|turn|10\n|\n|t:|1661912465\n|move|p1a: rotomwash|Nasty Plot|p1a: rotomwash\n|-boost|p1a: rotomwash|spa|2\n|move|p2a: Seismitoad|Stealth Rock|p1a: rotomwash\n|-sidestart|p1: minimax_ai|move: Stealth Rock\n|\n|-heal|p1a: rotomwash|100\/100 tox|[from] item: Leftovers\n|-damage|p1a: rotomwash|88\/100 tox|[from] psn\n|upkeep\n|turn|11\n|j| Toxic Facade\n|\n|t:|1661912469\n|move|p1a: rotomwash|Hydro Pump|p2a: Seismitoad\n|-immune|p2a: Seismitoad|[from] ability: Water Absorb\n|move|p2a: Seismitoad|Knock Off|p1a: rotomwash\n|-damage|p1a: rotomwash|66\/100 tox\n|-enditem|p1a: rotomwash|Leftovers|[from] move: Knock Off|[of] p2a: Seismitoad\n|\n|-damage|p1a: rotomwash|47\/100 tox|[from] psn\n|upkeep\n|turn|12\n|\n|t:|1661912472\n|move|p1a: rotomwash|Hydro Pump|p2a: Seismitoad\n|-immune|p2a: Seismitoad|[from] ability: Water Absorb\n|move|p2a: Seismitoad|Knock Off|p1a: rotomwash\n|-damage|p1a: rotomwash|30\/100 tox\n|\n|-damage|p1a: rotomwash|5\/100 tox|[from] psn\n|upkeep\n|turn|13\n|\n|t:|1661912474\n|move|p1a: rotomwash|Hydro Pump|p2a: Seismitoad\n|-immune|p2a: Seismitoad|[from] ability: Water Absorb\n|move|p2a: Seismitoad|Knock Off|p1a: rotomwash\n|-damage|p1a: rotomwash|0 fnt\n|faint|p1a: rotomwash\n|\n|upkeep\n|\n|t:|1661912474\n|switch|p1a: Heatran|Heatran, M|100\/100\n|-damage|p1a: Heatran|88\/100|[from] Stealth Rock\n|-item|p1a: Heatran|Air Balloon\n|turn|14\n|\n|t:|1661912476\n|move|p1a: Heatran|Earth Power|p2a: Seismitoad\n|-damage|p2a: Seismitoad|70\/100\n|move|p2a: Seismitoad|Knock Off|p1a: Heatran\n|-damage|p1a: Heatran|66\/100\n|-enditem|p1a: Heatran|Air Balloon\n|\n|-heal|p2a: Seismitoad|76\/100|[from] item: Leftovers\n|upkeep\n|turn|15\n|\n|t:|1661912478\n|switch|p1a: Melmetal|Melmetal|100\/100\n|-damage|p1a: Melmetal|94\/100|[from] Stealth Rock\n|move|p2a: Seismitoad|Earth Power|p1a: Melmetal\n|-supereffective|p1a: Melmetal\n|-damage|p1a: Melmetal|64\/100\n|\n|-heal|p2a: Seismitoad|82\/100|[from] item: Leftovers\n|upkeep\n|turn|16\n|\n|t:|1661912480\n|move|p2a: Seismitoad|Earth Power|p1a: Melmetal\n|-supereffective|p1a: Melmetal\n|-damage|p1a: Melmetal|35\/100\n|move|p1a: Melmetal|Double Iron Bash|p2a: Seismitoad\n|-resisted|p2a: Seismitoad\n|-damage|p2a: Seismitoad|67\/100\n|-resisted|p2a: Seismitoad\n|-damage|p2a: Seismitoad|51\/100\n|-hitcount|p2a: Seismitoad|2\n|\n|-heal|p2a: Seismitoad|57\/100|[from] item: Leftovers\n|upkeep\n|turn|17\n|\n|t:|1661912482\n|switch|p1a: Tangrowth|Tangrowth, F|100\/100\n|-damage|p1a: Tangrowth|88\/100|[from] Stealth Rock\n|move|p2a: Seismitoad|Earth Power|p1a: Tangrowth\n|-resisted|p1a: Tangrowth\n|-damage|p1a: Tangrowth|68\/100\n|\n|-heal|p2a: Seismitoad|63\/100|[from] item: Leftovers\n|upkeep\n|turn|18\n|\n|t:|1661912485\n|switch|p2a: Slowking|Slowking-Galar, M|100\/100\n|move|p1a: Tangrowth|Giga Drain|p2a: Slowking\n|-resisted|p2a: Slowking\n|-damage|p2a: Slowking|89\/100\n|-heal|p1a: Tangrowth|73\/100|[from] drain|[of] p2a: Slowking\n|\n|-heal|p2a: Slowking|95\/100|[from] item: Black Sludge\n|upkeep\n|turn|19\n|\n|t:|1661912488\n|switch|p2a: Seismitoad|Seismitoad, M|63\/100\n|move|p1a: Tangrowth|Sleep Powder|p2a: Seismitoad|[miss]\n|-miss|p1a: Tangrowth|p2a: Seismitoad\n|\n|-heal|p2a: Seismitoad|69\/100|[from] item: Leftovers\n|upkeep\n|turn|20\n|\n|t:|1661912494\n|switch|p2a: Slowking|Slowking-Galar, M|95\/100\n|move|p1a: Tangrowth|Focus Blast|p2a: Slowking\n|-resisted|p2a: Slowking\n|-damage|p2a: Slowking|89\/100\n|\n|-heal|p2a: Slowking|95\/100|[from] item: Black Sludge\n|upkeep\n|turn|21\n|\n|t:|1661912497\n|move|p1a: Tangrowth|Sleep Powder|p2a: Slowking\n|-status|p2a: Slowking|slp|[from] move: Sleep Powder\n|cant|p2a: Slowking|slp\n|\n|-heal|p2a: Slowking|100\/100 slp|[from] item: Black Sludge\n|upkeep\n|turn|22\n|\n|t:|1661912501\n|switch|p2a: Blaziken|Blaziken, M|91\/100\n|move|p1a: Tangrowth|Knock Off|p2a: Blaziken\n|-resisted|p2a: Blaziken\n|-damage|p2a: Blaziken|75\/100\n|-enditem|p2a: Blaziken|Leftovers|[from] move: Knock Off|[of] p1a: Tangrowth\n|\n|upkeep\n|turn|23\n|\n|t:|1661912509\n|switch|p2a: Clefable|Clefable, F|100\/100\n|move|p1a: Tangrowth|Focus Blast|p2a: Clefable|[miss]\n|-miss|p1a: Tangrowth|p2a: Clefable\n|\n|upkeep\n|turn|24\n|\n|t:|1661912511\n|move|p2a: Clefable|Wish|p2a: Clefable\n|move|p1a: Tangrowth|Giga Drain|p2a: Clefable\n|-damage|p2a: Clefable|75\/100\n|-heal|p1a: Tangrowth|86\/100|[from] drain|[of] p2a: Clefable\n|\n|-heal|p2a: Clefable|81\/100|[from] item: Leftovers\n|upkeep\n|turn|25\n|\n|t:|1661912513\n|move|p2a: Clefable|Moonblast|p1a: Tangrowth\n|-crit|p1a: Tangrowth\n|-damage|p1a: Tangrowth|20\/100\n|move|p1a: Tangrowth|Giga Drain|p2a: Clefable\n|-damage|p2a: Clefable|55\/100\n|-heal|p1a: Tangrowth|33\/100|[from] drain|[of] p2a: Clefable\n|\n|-heal|p2a: Clefable|100\/100|[from] move: Wish|[wisher] Clefable\n|upkeep\n|turn|26\n|\n|t:|1661912517\n|move|p2a: Clefable|Moonblast|p1a: Tangrowth\n|-damage|p1a: Tangrowth|0 fnt\n|faint|p1a: Tangrowth\n|\n|upkeep\n|\n|t:|1661912517\n|switch|p1a: Melmetal|Melmetal|35\/100\n|-damage|p1a: Melmetal|29\/100|[from] Stealth Rock\n|turn|27\n|\n|t:|1661912521\n|switch|p2a: Corviknight|Corviknight, M|100\/100\n|-ability|p2a: Corviknight|Pressure\n|move|p1a: Melmetal|Double Iron Bash|p2a: Corviknight\n|-resisted|p2a: Corviknight\n|-damage|p2a: Corviknight|86\/100\n|-damage|p1a: Melmetal|13\/100|[from] item: Rocky Helmet|[of] p2a: Corviknight\n|-resisted|p2a: Corviknight\n|-damage|p2a: Corviknight|73\/100\n|-damage|p1a: Melmetal|0 fnt|[from] item: Rocky Helmet|[of] p2a: Corviknight\n|faint|p1a: Melmetal\n|-hitcount|p2a: Corviknight|2\n|\n|upkeep\n|\n|t:|1661912521\n|switch|p1a: Heatran|Heatran, M|66\/100\n|-damage|p1a: Heatran|54\/100|[from] Stealth Rock\n|turn|28\n|\n|t:|1661912527\n|switch|p2a: Slowking|Slowking-Galar, M|100\/100 slp\n|move|p1a: Heatran|Earth Power|p2a: Slowking\n|-supereffective|p2a: Slowking\n|-damage|p2a: Slowking|47\/100 slp\n|\n|-heal|p2a: Slowking|53\/100 slp|[from] item: Black Sludge\n|upkeep\n|turn|29\n|\n|t:|1661912531\n|move|p1a: Heatran|Earth Power|p2a: Slowking\n|-supereffective|p2a: Slowking\n|-damage|p2a: Slowking|2\/100 slp\n|cant|p2a: Slowking|slp\n|\n|-heal|p2a: Slowking|8\/100 slp|[from] item: Black Sludge\n|upkeep\n|turn|30\n|\n|t:|1661912534\n|move|p1a: Heatran|Earth Power|p2a: Slowking\n|-supereffective|p2a: Slowking\n|-damage|p2a: Slowking|0 fnt\n|faint|p2a: Slowking\n|\n|upkeep\n|\n|t:|1661912537\n|switch|p2a: Blaziken|Blaziken, M|75\/100\n|turn|31\n|\n|t:|1661912538\n|move|p2a: Blaziken|Protect|p2a: Blaziken\n|-singleturn|p2a: Blaziken|Protect\n|move|p1a: Heatran|Magma Storm|p2a: Blaziken\n|-activate|p2a: Blaziken|move: Protect\n|\n|-ability|p2a: Blaziken|Speed Boost|boost\n|-boost|p2a: Blaziken|spe|1\n|upkeep\n|turn|32\n|\n|t:|1661912539\n|move|p2a: Blaziken|Close Combat|p1a: Heatran\n|-supereffective|p1a: Heatran\n|-damage|p1a: Heatran|0 fnt\n|-unboost|p2a: Blaziken|def|1\n|-unboost|p2a: Blaziken|spd|1\n|faint|p1a: Heatran\n|\n|-ability|p2a: Blaziken|Speed Boost|boost\n|-boost|p2a: Blaziken|spe|1\n|upkeep\n|\n|t:|1661912539\n|switch|p1a: Weavile|Weavile, F|100\/100\n|-damage|p1a: Weavile|76\/100|[from] Stealth Rock\n|-ability|p1a: Weavile|Pressure\n|turn|33\n|\n|t:|1661912541\n|move|p1a: Weavile|Ice Shard|p2a: Blaziken\n|-resisted|p2a: Blaziken\n|-damage|p2a: Blaziken|44\/100\n|move|p2a: Blaziken|Close Combat|p1a: Weavile\n|-supereffective|p1a: Weavile\n|-damage|p1a: Weavile|0 fnt\n|-unboost|p2a: Blaziken|def|1\n|-unboost|p2a: Blaziken|spd|1\n|faint|p1a: Weavile\n|\n|win|andrewm0n\n|raw|minimax_ai's rating: 1667 &rarr; <strong>1649<\/strong><br \/>(-18 for losing)\n|raw|andrewm0n's rating: 1701 &rarr; <strong>1719<\/strong><br \/>(+18 for winning)\n|c|\u2606minimax_ai|gg\n","uploadtime":1661912543,"views":26,"p1id":"minimaxai","p2id":"andrewm0n","formatid":"gen8ou","rating":1649,"private":0,"password":null}