{"id":"gen8nationaldex-1425563505","p1":"RTSG tests","p2":"kunchi","format":"gen8nationaldex","log":"|j|\u2606RTSG tests\n|j|\u2606kunchi\n|inactive|Battle timer is ON: inactive players will automatically lose when time's up.\n|t:|1632853209\n|gametype|singles\n|player|p1|RTSG tests|hilbert|\n|player|p2|kunchi|265|\n|teamsize|p1|6\n|teamsize|p2|6\n|gen|8\n|tier|[Gen 8] National Dex\n|rated|Tournament battle\n|rule|HP Percentage Mod: HP is shown in percentages\n|rule|Endless Battle Clause: Forcing endless battles is banned\n|rule|OHKO Clause: OHKO moves are banned\n|rule|Evasion Moves Clause: Evasion moves are banned\n|rule|Species Clause: Limit one of each Pok\u00e9mon\n|rule|Dynamax Clause: You cannot dynamax\n|rule|Sleep Clause Mod: Limit one foe put to sleep\n|clearpoke\n|poke|p1|Hippowdon, M|\n|poke|p1|Excadrill, M|\n|poke|p1|Clefable, F|\n|poke|p1|Sceptile, F|\n|poke|p1|Rotom-Wash|\n|poke|p1|Celesteela|\n|poke|p2|Charizard, M|\n|poke|p2|Clefable, M|\n|poke|p2|Cloyster, M|\n|poke|p2|Scizor, M|\n|poke|p2|Landorus-Therian, M|\n|poke|p2|Bisharp, M|\n|teampreview\n|\n|t:|1632853214\n|start\n|switch|p1a: Hippowdon|Hippowdon, M|100\/100\n|switch|p2a: Cloyster|Cloyster, M|100\/100\n|-weather|Sandstorm|[from] ability: Sand Stream|[of] p1a: Hippowdon\n|turn|1\n|j| TrainManAnime\n|\n|t:|1632853221\n|move|p2a: Cloyster|Spikes|p1a: Hippowdon\n|-sidestart|p1: RTSG tests|Spikes\n|move|p1a: Hippowdon|Stone Edge|p2a: Cloyster\n|-supereffective|p2a: Cloyster\n|-damage|p2a: Cloyster|48\/100\n|\n|-weather|Sandstorm|[upkeep]\n|-damage|p2a: Cloyster|42\/100|[from] Sandstorm\n|upkeep\n|turn|2\n|\n|t:|1632853228\n|switch|p1a: Rotom|Rotom-Wash|100\/100\n|move|p2a: Cloyster|Spikes|p1a: Rotom\n|-sidestart|p1: RTSG tests|Spikes\n|\n|-weather|Sandstorm|[upkeep]\n|-damage|p1a: Rotom|94\/100|[from] Sandstorm\n|-damage|p2a: Cloyster|36\/100|[from] Sandstorm\n|-heal|p1a: Rotom|100\/100|[from] item: Leftovers\n|upkeep\n|turn|3\n|c|\u2606kunchi|they always pause\n|c|\u2606kunchi|like i have never faced someone who just like accepts perfectly yea this is spikes lead cloy\n|\n|t:|1632853248\n|move|p1a: Rotom|Defog|p2a: Cloyster\n|-unboost|p2a: Cloyster|evasion|1\n|-sideend|p1: RTSG tests|Spikes|[from] move: Defog|[of] p1a: Rotom\n|move|p2a: Cloyster|Explosion|p1a: Rotom\n|-damage|p1a: Rotom|59\/100\n|faint|p2a: Cloyster\n|\n|-weather|Sandstorm|[upkeep]\n|-damage|p1a: Rotom|52\/100|[from] Sandstorm\n|-heal|p1a: Rotom|59\/100|[from] item: Leftovers\n|upkeep\n|\n|t:|1632853255\n|switch|p2a: Clefable|Clefable, M|100\/100\n|turn|4\n|l| TrainManAnime\n|\n|t:|1632853259\n|move|p1a: Rotom|Volt Switch|p2a: Clefable\n|-damage|p2a: Clefable|76\/100\n|\n|t:|1632853263\n|switch|p1a: Celesteela|Celesteela|100\/100|[from]move: Volt Switch\n|move|p2a: Clefable|Moonblast|p1a: Celesteela\n|-resisted|p1a: Celesteela\n|-damage|p1a: Celesteela|78\/100\n|\n|-weather|Sandstorm|[upkeep]\n|upkeep\n|turn|5\n|\n|t:|1632853269\n|move|p2a: Clefable|Thunder|p1a: Celesteela\n|-supereffective|p1a: Celesteela\n|-damage|p1a: Celesteela|0 fnt\n|faint|p1a: Celesteela\n|\n|-weather|none\n|upkeep\n|\n|t:|1632853278\n|switch|p1a: Clefable|Clefable, F|100\/100\n|turn|6\n|\n|t:|1632853283\n|move|p2a: Clefable|Moonblast|p1a: Clefable\n|-damage|p1a: Clefable|44\/100\n|-unboost|p1a: Clefable|spa|1\n|move|p1a: Clefable|Moonblast|p2a: Clefable\n|-damage|p2a: Clefable|37\/100\n|\n|upkeep\n|turn|7\n|j| TrainManAnime\n|\n|t:|1632853295\n|switch|p1a: Hippowdon|Hippowdon, M|100\/100\n|-weather|Sandstorm|[from] ability: Sand Stream|[of] p1a: Hippowdon\n|move|p2a: Clefable|Hidden Power|p1a: Hippowdon\n|-damage|p1a: Hippowdon|75\/100\n|\n|-weather|Sandstorm|[upkeep]\n|upkeep\n|turn|8\n|\n|t:|1632853307\n|switch|p1a: Excadrill|Excadrill, M|100\/100\n|move|p2a: Clefable|Soft-Boiled|p2a: Clefable\n|-heal|p2a: Clefable|88\/100\n|\n|-weather|Sandstorm|[upkeep]\n|upkeep\n|turn|9\n|\n|t:|1632853312\n|switch|p2a: Landorus|Landorus-Therian, M|100\/100\n|-ability|p2a: Landorus|Intimidate|boost\n|-unboost|p1a: Excadrill|atk|1\n|move|p1a: Excadrill|Swords Dance|p1a: Excadrill\n|-boost|p1a: Excadrill|atk|2\n|\n|-weather|Sandstorm|[upkeep]\n|upkeep\n|turn|10\n|\n|t:|1632853315\n|-zpower|p1a: Excadrill\n|move|p1a: Excadrill|Corkscrew Crash|p2a: Landorus|[zeffect]\n|-damage|p2a: Landorus|0 fnt\n|faint|p2a: Landorus\n|\n|-weather|Sandstorm|[upkeep]\n|upkeep\n|\n|t:|1632853329\n|switch|p2a: Scizor|Scizor, M|100\/100\n|turn|11\n|\n|t:|1632853335\n|move|p2a: Scizor|Bullet Punch|p1a: Excadrill\n|-resisted|p1a: Excadrill\n|-damage|p1a: Excadrill|61\/100\n|move|p1a: Excadrill|Earthquake|p2a: Scizor\n|-damage|p2a: Scizor|16\/100\n|\n|-weather|none\n|upkeep\n|turn|12\n|\n|t:|1632853341\n|move|p2a: Scizor|Bullet Punch|p1a: Excadrill\n|-resisted|p1a: Excadrill\n|-damage|p1a: Excadrill|25\/100\n|move|p1a: Excadrill|Swords Dance|p1a: Excadrill\n|-boost|p1a: Excadrill|atk|2\n|\n|upkeep\n|turn|13\n|c|\u2606kunchi|...\n|\n|t:|1632853348\n|switch|p1a: Rotom|Rotom-Wash|59\/100\n|move|p2a: Scizor|Bullet Punch|p1a: Rotom\n|-resisted|p1a: Rotom\n|-damage|p1a: Rotom|49\/100\n|\n|-heal|p1a: Rotom|55\/100|[from] item: Leftovers\n|upkeep\n|turn|14\n|c|\u2606RTSG tests|misclicked\n|c|\u2606kunchi|what u doin\n|\n|t:|1632853357\n|switch|p2a: Clefable|Clefable, M|88\/100\n|move|p1a: Rotom|Volt Switch|p2a: Clefable\n|-damage|p2a: Clefable|64\/100\n|\n|t:|1632853368\n|switch|p1a: Excadrill|Excadrill, M|25\/100|[from]move: Volt Switch\n|\n|upkeep\n|turn|15\n|\n|t:|1632853378\n|move|p1a: Excadrill|Iron Head|p2a: Clefable\n|-supereffective|p2a: Clefable\n|-damage|p2a: Clefable|0 fnt\n|faint|p2a: Clefable\n|\n|upkeep\n|\n|t:|1632853380\n|switch|p2a: Charizard|Charizard, M|100\/100\n|turn|16\n|\n|t:|1632853386\n|switch|p1a: Hippowdon|Hippowdon, M|75\/100\n|-weather|Sandstorm|[from] ability: Sand Stream|[of] p1a: Hippowdon\n|detailschange|p2a: Charizard|Charizard-Mega-X, M\n|-mega|p2a: Charizard|Charizard|Charizardite X\n|move|p2a: Charizard|Belly Drum|p2a: Charizard\n|-damage|p2a: Charizard|51\/100\n|-setboost|p2a: Charizard|atk|6|[from] move: Belly Drum\n|\n|-weather|Sandstorm|[upkeep]\n|-damage|p2a: Charizard|45\/100|[from] Sandstorm\n|upkeep\n|turn|17\n|c|\u2606kunchi|what the dog doin\n|\n|t:|1632853398\n|switch|p1a: Clefable|Clefable, F|44\/100\n|move|p2a: Charizard|Scale Shot|p1a: Clefable\n|-immune|p1a: Clefable\n|\n|-weather|Sandstorm|[upkeep]\n|-damage|p2a: Charizard|38\/100|[from] Sandstorm\n|upkeep\n|turn|18\n|c|\u2606kunchi|noooo\n|\n|t:|1632853406\n|move|p2a: Charizard|Blaze Kick|p1a: Clefable\n|-damage|p1a: Clefable|0 fnt\n|faint|p1a: Clefable\n|\n|-weather|Sandstorm|[upkeep]\n|-damage|p2a: Charizard|32\/100|[from] Sandstorm\n|upkeep\n|\n|t:|1632853410\n|switch|p1a: Sceptile|Sceptile, F|100\/100\n|turn|19\n|\n|t:|1632853416\n|detailschange|p1a: Sceptile|Sceptile-Mega, F\n|-mega|p1a: Sceptile|Sceptile|Sceptilite\n|move|p1a: Sceptile|Dragon Pulse|p2a: Charizard\n|-supereffective|p2a: Charizard\n|-damage|p2a: Charizard|0 fnt\n|faint|p2a: Charizard\n|\n|-weather|Sandstorm|[upkeep]\n|-damage|p1a: Sceptile|94\/100|[from] Sandstorm\n|upkeep\n|\n|t:|1632853423\n|switch|p2a: Bisharp|Bisharp, M|100\/100\n|turn|20\n|\n|t:|1632853426\n|move|p1a: Sceptile|Focus Blast|p2a: Bisharp\n|-supereffective|p2a: Bisharp\n|-damage|p2a: Bisharp|0 fnt\n|faint|p2a: Bisharp\n|\n|-weather|none\n|upkeep\n|c|\u2606kunchi|aw\n|c|\u2606kunchi|rip\n|c|\u2606kunchi|gg\n|c|\u2606RTSG tests|gg\n|-message|kunchi forfeited.\n|\n|win|RTSG tests\n|n|\u2606RTSG tests|rtsgtests\n|n|\u2606kunchi|kunchi\n|n| TrainManAnime|trainmananime\n|l|\u2606kunchi\n","uploadtime":1632853442,"views":44,"p1id":"rtsgtests","p2id":"kunchi","formatid":"gen8nationaldex","rating":0,"private":0,"password":null}