{"id":"gen8ou-1323407602","p1":"clout XD","p2":"Diameter\u272fXtreme","format":"gen8ou","log":"|html|<div class=\"broadcast-blue\"><strong>[Gen 8] OU is currently suspecting Zamazenta-Crowned! For information on how to participate check out the <a href=\"https:\/\/www.smogon.com\/forums\/threads\/np-ss-ou-suspect-process-round-10-royals.3681787\/\">suspect thread<\/a>.<\/strong><\/div>\n|j|\u2606clout XD\n|j|\u2606Diameter\u272fXtreme\n|t:|1618672075\n|gametype|singles\n|player|p1|clout XD|roxie|1474\n|player|p2|Diameter\u272fXtreme|jasmine-gen2|1487\n|teamsize|p1|6\n|teamsize|p2|6\n|gen|8\n|tier|[Gen 8] OU\n|rated|\n|clearpoke\n|poke|p1|Dragapult, M|\n|poke|p1|Corviknight, F|\n|poke|p1|Slowking-Galar, F|\n|poke|p1|Landorus-Therian, M|\n|poke|p1|Ferrothorn, M|\n|poke|p1|Bisharp, M|\n|poke|p2|Victini|\n|poke|p2|Torkoal, M|\n|poke|p2|Landorus-Therian, M|\n|poke|p2|Kyurem|\n|poke|p2|Umbreon, M|\n|poke|p2|Heatran, M|\n|rule|Sleep Clause Mod: Limit one foe put to sleep\n|rule|Species Clause: Limit one of each Pok\u00e9mon\n|rule|OHKO Clause: OHKO moves are banned\n|rule|Evasion Moves Clause: Evasion moves are banned\n|rule|Endless Battle Clause: Forcing endless battles is banned\n|rule|HP Percentage Mod: HP is shown in percentages\n|rule|Dynamax Clause: You cannot dynamax\n|teampreview\n|c|\u2606clout XD|hf\n|\n|t:|1618672090\n|start\n|switch|p1a: sky walker|Landorus-Therian, M|100\/100\n|switch|p2a: Kyurem|Kyurem|100\/100\n|-ability|p1a: sky walker|Intimidate|boost\n|-unboost|p2a: Kyurem|atk|1\n|-ability|p2a: Kyurem|Pressure\n|turn|1\n|c|\u2606Diameter\u272fXtreme|u2\n|\n|t:|1618672102\n|switch|p1a: tank|Ferrothorn, M|100\/100\n|move|p2a: Kyurem|Ice Beam|p1a: tank\n|-damage|p1a: tank|69\/100\n|\n|-heal|p1a: tank|75\/100|[from] item: Leftovers\n|upkeep\n|turn|2\n|\n|t:|1618672111\n|switch|p2a: Torkoal|Torkoal, M|100\/100\n|-weather|SunnyDay|[from] ability: Drought|[of] p2a: Torkoal\n|move|p1a: tank|Stealth Rock|p2a: Torkoal\n|-sidestart|p2: Diameter\u272fXtreme|move: Stealth Rock\n|\n|-weather|SunnyDay|[upkeep]\n|-heal|p1a: tank|81\/100|[from] item: Leftovers\n|upkeep\n|turn|3\n|\n|t:|1618672122\n|switch|p1a: sky walker|Landorus-Therian, M|100\/100\n|-ability|p1a: sky walker|Intimidate|boost\n|-unboost|p2a: Torkoal|atk|1\n|move|p2a: Torkoal|Rapid Spin|p1a: sky walker\n|-damage|p1a: sky walker|95\/100\n|-boost|p2a: Torkoal|spe|1\n|-sideend|p2: Diameter\u272fXtreme|Stealth Rock|[from] move: Rapid Spin|[of] p2a: Torkoal\n|\n|-weather|SunnyDay|[upkeep]\n|upkeep\n|turn|4\n|\n|t:|1618672134\n|switch|p2a: Kyurem|Kyurem|100\/100\n|-ability|p2a: Kyurem|Pressure\n|move|p1a: sky walker|U-turn|p2a: Kyurem\n|-damage|p2a: Kyurem|75\/100\n|\n|t:|1618672142\n|switch|p1a: tank|Ferrothorn, M|81\/100|[from]move: U-turn\n|\n|-weather|SunnyDay|[upkeep]\n|-heal|p1a: tank|87\/100|[from] item: Leftovers\n|upkeep\n|turn|5\n|\n|t:|1618672153\n|move|p2a: Kyurem|Weather Ball|p1a: tank\n|-supereffective|p1a: tank\n|-damage|p1a: tank|0 fnt\n|faint|p1a: tank\n|\n|-weather|SunnyDay|[upkeep]\n|upkeep\n|\n|t:|1618672163\n|switch|p1a: phantom|Dragapult, M|100\/100\n|turn|6\n|\n|t:|1618672168\n|switch|p2a: Umbreon|Umbreon, M|100\/100\n|move|p1a: phantom|Draco Meteor|p2a: Umbreon\n|-damage|p2a: Umbreon|67\/100\n|-unboost|p1a: phantom|spa|2\n|\n|-weather|SunnyDay|[upkeep]\n|-heal|p2a: Umbreon|73\/100|[from] item: Leftovers\n|upkeep\n|turn|7\n|\n|t:|1618672179\n|switch|p1a: pain|Bisharp, M|100\/100\n|move|p2a: Umbreon|Wish|p2a: Umbreon\n|\n|-weather|SunnyDay|[upkeep]\n|-heal|p2a: Umbreon|79\/100|[from] item: Leftovers\n|upkeep\n|turn|8\n|\n|t:|1618672188\n|switch|p2a: Torkoal|Torkoal, M|100\/100\n|move|p1a: pain|Swords Dance|p1a: pain\n|-boost|p1a: pain|atk|2\n|\n|-weather|SunnyDay|[upkeep]\n|upkeep\n|turn|9\n|\n|t:|1618672201\n|move|p1a: pain|Knock Off|p2a: Torkoal\n|-damage|p2a: Torkoal|24\/100\n|-enditem|p2a: Torkoal|Heat Rock|[from] move: Knock Off|[of] p1a: pain\n|move|p2a: Torkoal|Lava Plume|p1a: pain\n|-supereffective|p1a: pain\n|-damage|p1a: pain|0 fnt\n|faint|p1a: pain\n|\n|-weather|none\n|upkeep\n|\n|t:|1618672213\n|switch|p1a: phantom|Dragapult, M|100\/100\n|turn|10\n|\n|t:|1618672218\n|switch|p2a: Umbreon|Umbreon, M|79\/100\n|move|p1a: phantom|U-turn|p2a: Umbreon\n|-supereffective|p2a: Umbreon\n|-damage|p2a: Umbreon|56\/100\n|\n|t:|1618672232\n|switch|p1a: sky walker|Landorus-Therian, M|95\/100|[from]move: U-turn\n|-ability|p1a: sky walker|Intimidate|boost\n|-unboost|p2a: Umbreon|atk|1\n|\n|-heal|p2a: Umbreon|62\/100|[from] item: Leftovers\n|upkeep\n|turn|11\n|\n|t:|1618672241\n|move|p2a: Umbreon|Protect|p2a: Umbreon\n|-singleturn|p2a: Umbreon|Protect\n|move|p1a: sky walker|Earthquake|p2a: Umbreon\n|-activate|p2a: Umbreon|move: Protect\n|\n|-heal|p2a: Umbreon|68\/100|[from] item: Leftovers\n|upkeep\n|turn|12\n|\n|t:|1618672251\n|switch|p1a: phantom|Dragapult, M|100\/100\n|switch|p2a: Landorus|Landorus-Therian, M|100\/100\n|-ability|p2a: Landorus|Intimidate|boost\n|-unboost|p1a: phantom|atk|1\n|\n|upkeep\n|turn|13\n|\n|t:|1618672260\n|switch|p2a: Umbreon|Umbreon, M|68\/100\n|move|p1a: phantom|Shadow Ball|p2a: Umbreon\n|-resisted|p2a: Umbreon\n|-damage|p2a: Umbreon|58\/100\n|\n|-heal|p2a: Umbreon|64\/100|[from] item: Leftovers\n|upkeep\n|turn|14\n|\n|t:|1618672269\n|switch|p1a: knight|Corviknight, F|100\/100\n|-ability|p1a: knight|Pressure\n|move|p2a: Umbreon|Wish|p2a: Umbreon\n|\n|-heal|p2a: Umbreon|70\/100|[from] item: Leftovers\n|upkeep\n|turn|15\n|\n|t:|1618672281\n|switch|p2a: Torkoal|Torkoal, M|24\/100\n|-weather|SunnyDay|[from] ability: Drought|[of] p2a: Torkoal\n|move|p1a: knight|U-turn|p2a: Torkoal\n|-resisted|p2a: Torkoal\n|-damage|p2a: Torkoal|20\/100\n|\n|t:|1618672290\n|switch|p1a: phantom|Dragapult, M|100\/100|[from]move: U-turn\n|\n|-weather|SunnyDay|[upkeep]\n|-heal|p2a: Torkoal|77\/100|[from] move: Wish|[wisher] Umbreon\n|upkeep\n|turn|16\n|\n|t:|1618672298\n|switch|p2a: Umbreon|Umbreon, M|70\/100\n|move|p1a: phantom|Draco Meteor|p2a: Umbreon\n|-damage|p2a: Umbreon|36\/100\n|-unboost|p1a: phantom|spa|2\n|\n|-weather|SunnyDay|[upkeep]\n|-heal|p2a: Umbreon|42\/100|[from] item: Leftovers\n|upkeep\n|turn|17\n|\n|t:|1618672311\n|switch|p1a: knight|Corviknight, F|100\/100\n|-ability|p1a: knight|Pressure\n|move|p2a: Umbreon|Wish|p2a: Umbreon\n|\n|-weather|SunnyDay|[upkeep]\n|-heal|p2a: Umbreon|48\/100|[from] item: Leftovers\n|upkeep\n|turn|18\n|\n|t:|1618672321\n|switch|p1a: sky walker|Landorus-Therian, M|95\/100\n|-ability|p1a: sky walker|Intimidate|boost\n|-unboost|p2a: Umbreon|atk|1\n|move|p2a: Umbreon|Protect||[still]\n|-fail|p2a: Umbreon\n|\n|-weather|SunnyDay|[upkeep]\n|-heal|p2a: Umbreon|98\/100|[from] move: Wish|[wisher] Umbreon\n|-heal|p2a: Umbreon|100\/100|[from] item: Leftovers\n|upkeep\n|turn|19\n|\n|t:|1618672333\n|move|p1a: sky walker|U-turn|p2a: Umbreon\n|-supereffective|p2a: Umbreon\n|-damage|p2a: Umbreon|58\/100\n|\n|t:|1618672338\n|switch|p1a: knight|Corviknight, F|100\/100|[from]move: U-turn\n|-ability|p1a: knight|Pressure\n|move|p2a: Umbreon|Wish|p2a: Umbreon\n|\n|-weather|none\n|-heal|p2a: Umbreon|64\/100|[from] item: Leftovers\n|upkeep\n|turn|20\n|\n|t:|1618672349\n|move|p2a: Umbreon|Protect|p2a: Umbreon\n|-singleturn|p2a: Umbreon|Protect\n|move|p1a: knight|Body Press|p2a: Umbreon\n|-activate|p2a: Umbreon|move: Protect\n|\n|-heal|p2a: Umbreon|100\/100|[from] move: Wish|[wisher] Umbreon\n|upkeep\n|turn|21\n|\n|t:|1618672359\n|switch|p2a: Torkoal|Torkoal, M|77\/100\n|-weather|SunnyDay|[from] ability: Drought|[of] p2a: Torkoal\n|move|p1a: knight|Body Press|p2a: Torkoal\n|-damage|p2a: Torkoal|63\/100\n|\n|-weather|SunnyDay|[upkeep]\n|upkeep\n|turn|22\n|\n|t:|1618672370\n|switch|p1a: blake|Slowking-Galar, F|100\/100\n|move|p2a: Torkoal|Stealth Rock|p1a: blake\n|-sidestart|p1: clout XD|move: Stealth Rock\n|\n|-weather|SunnyDay|[upkeep]\n|upkeep\n|turn|23\n|\n|t:|1618672380\n|switch|p2a: Landorus|Landorus-Therian, M|100\/100\n|-ability|p2a: Landorus|Intimidate|boost\n|-unboost|p1a: blake|atk|1\n|move|p1a: blake|Future Sight|p2a: Landorus\n|-start|p1a: blake|move: Future Sight\n|\n|-weather|SunnyDay|[upkeep]\n|upkeep\n|turn|24\n|\n|t:|1618672389\n|switch|p1a: knight|Corviknight, F|100\/100\n|-damage|p1a: knight|88\/100|[from] Stealth Rock\n|-ability|p1a: knight|Pressure\n|move|p2a: Landorus|U-turn|p1a: knight\n|-resisted|p1a: knight\n|-damage|p1a: knight|84\/100\n|-damage|p2a: Landorus|84\/100|[from] item: Rocky Helmet|[of] p1a: knight\n|\n|t:|1618672392\n|switch|p2a: Victini|Victini|100\/100|[from]move: U-turn\n|\n|-weather|SunnyDay|[upkeep]\n|upkeep\n|turn|25\n|\n|t:|1618672407\n|move|p2a: Victini|V-create|p1a: knight\n|-supereffective|p1a: knight\n|-crit|p1a: knight\n|-damage|p1a: knight|0 fnt\n|-unboost|p2a: Victini|spe|1\n|-unboost|p2a: Victini|def|1\n|-unboost|p2a: Victini|spd|1\n|-damage|p2a: Victini|84\/100|[from] item: Rocky Helmet|[of] p1a: knight\n|faint|p1a: knight\n|\n|-weather|none\n|-end|p2a: Victini|move: Future Sight\n|-resisted|p2a: Victini\n|-damage|p2a: Victini|36\/100\n|upkeep\n|\n|t:|1618672420\n|switch|p1a: phantom|Dragapult, M|100\/100\n|-damage|p1a: phantom|88\/100|[from] Stealth Rock\n|turn|26\n|\n|t:|1618672425\n|switch|p2a: Umbreon|Umbreon, M|100\/100\n|move|p1a: phantom|Shadow Ball|p2a: Umbreon\n|-resisted|p2a: Umbreon\n|-damage|p2a: Umbreon|91\/100\n|\n|-heal|p2a: Umbreon|97\/100|[from] item: Leftovers\n|upkeep\n|turn|27\n|\n|t:|1618672445\n|move|p1a: phantom|Shadow Ball|p2a: Umbreon\n|-resisted|p2a: Umbreon\n|-damage|p2a: Umbreon|87\/100\n|move|p2a: Umbreon|Foul Play|p1a: phantom\n|-supereffective|p1a: phantom\n|-damage|p1a: phantom|0 fnt\n|faint|p1a: phantom\n|\n|-heal|p2a: Umbreon|93\/100|[from] item: Leftovers\n|upkeep\n|\n|t:|1618672457\n|switch|p1a: sky walker|Landorus-Therian, M|95\/100\n|-damage|p1a: sky walker|82\/100|[from] Stealth Rock\n|-ability|p1a: sky walker|Intimidate|boost\n|-unboost|p2a: Umbreon|atk|1\n|turn|28\n|\n|t:|1618672464\n|switch|p2a: Landorus|Landorus-Therian, M|84\/100\n|-ability|p2a: Landorus|Intimidate|boost\n|-unboost|p1a: sky walker|atk|1\n|move|p1a: sky walker|Knock Off|p2a: Landorus\n|-damage|p2a: Landorus|68\/100\n|-enditem|p2a: Landorus|Heavy-Duty Boots|[from] move: Knock Off|[of] p1a: sky walker\n|\n|upkeep\n|turn|29\n|\n|t:|1618672473\n|move|p1a: sky walker|Knock Off|p2a: Landorus\n|-damage|p2a: Landorus|55\/100\n|move|p2a: Landorus|Earthquake|p1a: sky walker\n|-immune|p1a: sky walker\n|\n|upkeep\n|turn|30\n|\n|t:|1618672482\n|move|p1a: sky walker|Knock Off|p2a: Landorus\n|-damage|p2a: Landorus|44\/100\n|move|p2a: Landorus|Rock Tomb|p1a: sky walker\n|-damage|p1a: sky walker|59\/100\n|-unboost|p1a: sky walker|spe|1\n|\n|upkeep\n|turn|31\n|\n|t:|1618672491\n|switch|p1a: blake|Slowking-Galar, F|100\/100\n|-damage|p1a: blake|88\/100|[from] Stealth Rock\n|move|p2a: Landorus|Rock Tomb|p1a: blake\n|-damage|p1a: blake|68\/100\n|-unboost|p1a: blake|spe|1\n|\n|upkeep\n|turn|32\n|\n|t:|1618672501\n|move|p2a: Landorus|Rock Tomb|p1a: blake\n|-damage|p1a: blake|49\/100\n|-unboost|p1a: blake|spe|1\n|move|p1a: blake|Scald|p2a: Landorus\n|-supereffective|p2a: Landorus\n|-damage|p2a: Landorus|0 fnt\n|faint|p2a: Landorus\n|\n|upkeep\n|\n|t:|1618672507\n|switch|p2a: Umbreon|Umbreon, M|93\/100\n|turn|33\n|\n|t:|1618672515\n|move|p2a: Umbreon|Foul Play|p1a: blake\n|-supereffective|p1a: blake\n|-damage|p1a: blake|6\/100\n|move|p1a: blake|Sludge Bomb|p2a: Umbreon\n|-damage|p2a: Umbreon|69\/100\n|-status|p2a: Umbreon|psn\n|-activate|p2a: Umbreon|ability: Synchronize\n|-immune|p1a: blake\n|\n|-heal|p2a: Umbreon|75\/100 psn|[from] item: Leftovers\n|-damage|p2a: Umbreon|63\/100 psn|[from] psn\n|upkeep\n|turn|34\n|\n|t:|1618672529\n|move|p2a: Umbreon|Foul Play|p1a: blake\n|-supereffective|p1a: blake\n|-damage|p1a: blake|0 fnt\n|faint|p1a: blake\n|\n|-heal|p2a: Umbreon|69\/100 psn|[from] item: Leftovers\n|-damage|p2a: Umbreon|57\/100 psn|[from] psn\n|upkeep\n|\n|t:|1618672540\n|switch|p1a: sky walker|Landorus-Therian, M|59\/100\n|-damage|p1a: sky walker|47\/100|[from] Stealth Rock\n|-ability|p1a: sky walker|Intimidate|boost\n|-unboost|p2a: Umbreon|atk|1\n|turn|35\n|\n|t:|1618672548\n|move|p1a: sky walker|Earthquake|p2a: Umbreon\n|-crit|p2a: Umbreon\n|-damage|p2a: Umbreon|0 fnt\n|faint|p2a: Umbreon\n|\n|upkeep\n|\n|t:|1618672550\n|switch|p2a: Kyurem|Kyurem|75\/100\n|-ability|p2a: Kyurem|Pressure\n|turn|36\n|\n|t:|1618672558\n|move|p1a: sky walker|Earthquake|p2a: Kyurem\n|-damage|p2a: Kyurem|21\/100\n|move|p2a: Kyurem|Ice Beam|p1a: sky walker\n|-supereffective|p1a: sky walker\n|-damage|p1a: sky walker|0 fnt\n|faint|p1a: sky walker\n|\n|win|Diameter\u272fXtreme\n|raw|clout XD's rating: 1474 &rarr; <strong>1455<\/strong><br \/>(-19 for losing)\n|raw|Diameter\u272fXtreme's rating: 1487 &rarr; <strong>1506<\/strong><br \/>(+19 for winning)\n|c|\u2606clout XD|gg\n","uploadtime":1618672583,"views":34,"p1id":"cloutxd","p2id":"diameterxtreme","formatid":"gen8ou","rating":1455,"private":0,"password":null}