{"id":"gen8nationaldexag-1100916493","p1":"willcoxw","p2":"ErryUnregistered","format":"gen8nationaldexag","log":"|j|\u2606willcoxw\n|j|\u2606ErryUnregistered\n|player|p1|willcoxw|clair|1635\n|player|p2|ErryUnregistered|ninjaboy|1556\n|teamsize|p1|6\n|teamsize|p2|6\n|gametype|singles\n|gen|8\n|tier|[Gen 8] National Dex AG\n|rated|\n|clearpoke\n|poke|p1|Zygarde|\n|poke|p1|Zygarde|\n|poke|p1|Necrozma-Dusk-Mane|\n|poke|p1|Groudon|\n|poke|p1|Eternatus|\n|poke|p1|Yveltal|\n|poke|p2|Blaziken, M|\n|poke|p2|Slowbro, F|\n|poke|p2|Tapu Lele|\n|poke|p2|Melmetal|\n|poke|p2|Xerneas|\n|poke|p2|Arceus-*|\n|rule|HP Percentage Mod: HP is shown in percentages\n|rule|Endless Battle Clause: Forcing endless battles is banned\n|teampreview\n|\n|start\n|switch|p1a: Groudon|Groudon|100\/100\n|switch|p2a: Tapu Lele|Tapu Lele|100\/100\n|-fieldstart|move: Psychic Terrain|[from] ability: Psychic Surge|[of] p2a: Tapu Lele\n|detailschange|p1a: Groudon|Groudon-Primal\n|-primal|p1a: Groudon\n|-weather|DesolateLand|[from] ability: Desolate Land|[of] p1a: Groudon\n|turn|1\n|\n|-weather|none\n|switch|p1a: Necrozma|Necrozma-Dusk-Mane|100\/100\n|move|p2a: Tapu Lele|Psychic|p1a: Necrozma\n|-resisted|p1a: Necrozma\n|-damage|p1a: Necrozma|87\/100\n|\n|upkeep\n|turn|2\n|\n|switch|p2a: Arceus|Arceus-Poison|100\/100\n|switch|p1a: Groudon|Groudon-Primal|100\/100\n|-weather|DesolateLand|[from] ability: Desolate Land|[of] p1a: Groudon\n|\n|-weather|DesolateLand|[upkeep]\n|upkeep\n|turn|3\n|\n|move|p2a: Arceus|Judgment|p1a: Groudon\n|-resisted|p1a: Groudon\n|-damage|p1a: Groudon|70\/100\n|move|p1a: Groudon|Thunder Wave|p2a: Arceus\n|-status|p2a: Arceus|par\n|\n|-weather|DesolateLand|[upkeep]\n|upkeep\n|turn|4\n|\n|move|p1a: Groudon|Stealth Rock|p2a: Arceus\n|-sidestart|p2: ErryUnregistered|move: Stealth Rock\n|move|p2a: Arceus|Judgment|p1a: Groudon\n|-resisted|p1a: Groudon\n|-damage|p1a: Groudon|40\/100\n|\n|-weather|DesolateLand|[upkeep]\n|upkeep\n|turn|5\n|\n|move|p1a: Groudon|Precipice Blades|p2a: Arceus\n|-supereffective|p2a: Arceus\n|-damage|p2a: Arceus|14\/100 par\n|move|p2a: Arceus|Defog|p1a: Groudon\n|-unboost|p1a: Groudon|evasion|1\n|-sideend|p2: ErryUnregistered|Stealth Rock|[from] move: Defog|[of] p2a: Arceus\n|-fieldend|move: Psychic Terrain\n|\n|-weather|DesolateLand|[upkeep]\n|upkeep\n|turn|6\n|\n|move|p1a: Groudon|Stealth Rock|p2a: Arceus\n|-sidestart|p2: ErryUnregistered|move: Stealth Rock\n|move|p2a: Arceus|Judgment|p1a: Groudon\n|-resisted|p1a: Groudon\n|-crit|p1a: Groudon\n|-damage|p1a: Groudon|0 fnt\n|faint|p1a: Groudon\n|-weather|none\n|\n|upkeep\n|\n|switch|p1a: Eternatus|Eternatus|100\/100\n|-ability|p1a: Eternatus|Pressure\n|turn|7\n|\n|move|p1a: Eternatus|Dynamax Cannon|p2a: Arceus\n|-damage|p2a: Arceus|0 fnt\n|faint|p2a: Arceus\n|\n|upkeep\n|\n|switch|p2a: Tapu Lele|Tapu Lele|100\/100\n|-damage|p2a: Tapu Lele|88\/100|[from] Stealth Rock\n|-fieldstart|move: Psychic Terrain|[from] ability: Psychic Surge|[of] p2a: Tapu Lele\n|turn|8\n|\n|switch|p1a: Yveltal|Yveltal|100\/100\n|-ability|p1a: Yveltal|Dark Aura\n|move|p2a: Tapu Lele|Moonblast|p1a: Yveltal\n|-supereffective|p1a: Yveltal\n|-damage|p1a: Yveltal|9\/100\n|\n|upkeep\n|turn|9\n|\n|move|p2a: Tapu Lele|Moonblast|p1a: Yveltal\n|-supereffective|p1a: Yveltal\n|-damage|p1a: Yveltal|0 fnt\n|faint|p1a: Yveltal\n|\n|upkeep\n|\n|switch|p1a: Eternatus|Eternatus|100\/100\n|-ability|p1a: Eternatus|Pressure\n|turn|10\n|\n|move|p2a: Tapu Lele|Moonblast|p1a: Eternatus\n|-damage|p1a: Eternatus|62\/100\n|move|p1a: Eternatus|Toxic Spikes|p2a: Tapu Lele\n|-sidestart|p2: ErryUnregistered|move: Toxic Spikes\n|\n|-heal|p1a: Eternatus|68\/100|[from] item: Black Sludge\n|upkeep\n|turn|11\n|\n|switch|p2a: Melmetal|Melmetal|100\/100\n|-damage|p2a: Melmetal|94\/100|[from] Stealth Rock\n|move|p1a: Eternatus|Toxic Spikes|p2a: Melmetal\n|-sidestart|p2: ErryUnregistered|move: Toxic Spikes\n|\n|-heal|p1a: Eternatus|74\/100|[from] item: Black Sludge\n|upkeep\n|turn|12\n|\n|switch|p1a: Zygarde|Zygarde|100\/100\n|-start|p2a: Melmetal|Dynamax\n|-heal|p2a: Melmetal|94\/100|[silent]\n|move|p2a: Melmetal|Max Quake|p1a: Zygarde\n|-damage|p1a: Zygarde|75\/100\n|-boost|p2a: Melmetal|spd|1\n|\n|-heal|p1a: Zygarde|81\/100|[from] item: Leftovers\n|-fieldend|move: Psychic Terrain\n|upkeep\n|turn|13\n|\n|move|p1a: Zygarde|Glare|p2a: Melmetal\n|-status|p2a: Melmetal|par\n|move|p2a: Melmetal|Max Hailstorm|p1a: Zygarde\n|-supereffective|p1a: Zygarde\n|-damage|p1a: Zygarde|0 fnt\n|-weather|Hail\n|faint|p1a: Zygarde\n|\n|-weather|Hail|[upkeep]\n|-damage|p2a: Melmetal|91\/100 par|[from] Hail\n|upkeep\n|\n|switch|p1a: Eternatus|Eternatus|74\/100\n|-ability|p1a: Eternatus|Pressure\n|turn|14\n|\n|move|p1a: Eternatus|Substitute|p1a: Eternatus\n|-start|p1a: Eternatus|Substitute\n|-damage|p1a: Eternatus|49\/100\n|move|p2a: Melmetal|Max Steelspike|p1a: Eternatus\n|-end|p1a: Eternatus|Substitute\n|-boost|p2a: Melmetal|def|1\n|\n|-weather|Hail|[upkeep]\n|-damage|p1a: Eternatus|43\/100|[from] Hail\n|-damage|p2a: Melmetal|88\/100 par|[from] Hail\n|-heal|p1a: Eternatus|49\/100|[from] item: Black Sludge\n|-end|p2a: Melmetal|Dynamax\n|-heal|p2a: Melmetal|88\/100 par|[silent]\n|upkeep\n|turn|15\n|\n|move|p1a: Eternatus|Dynamax Cannon|p2a: Melmetal\n|-resisted|p2a: Melmetal\n|-damage|p2a: Melmetal|68\/100 par\n|move|p2a: Melmetal|Double Iron Bash|p1a: Eternatus\n|-damage|p1a: Eternatus|0 fnt\n|-hitcount|p1a: Eternatus|1\n|faint|p1a: Eternatus\n|\n|-weather|Hail|[upkeep]\n|-damage|p2a: Melmetal|62\/100 par|[from] Hail\n|upkeep\n|\n|switch|p1a: Necrozma|Necrozma-Dusk-Mane|87\/100\n|turn|16\n|\n|move|p1a: Necrozma|Dragon Dance|p1a: Necrozma\n|-boost|p1a: Necrozma|atk|1\n|-boost|p1a: Necrozma|spe|1\n|move|p2a: Melmetal|Double Iron Bash|p1a: Necrozma\n|-resisted|p1a: Necrozma\n|-damage|p1a: Necrozma|59\/100\n|-resisted|p1a: Necrozma\n|-damage|p1a: Necrozma|29\/100\n|-hitcount|p1a: Necrozma|2\n|\n|-weather|Hail|[upkeep]\n|-damage|p1a: Necrozma|23\/100|[from] Hail\n|-damage|p2a: Melmetal|56\/100 par|[from] Hail\n|upkeep\n|turn|17\n|\n|detailschange|p1a: Necrozma|Necrozma-Ultra\n|-burst|p1a: Necrozma|Necrozma|Ultranecrozium Z\n|move|p1a: Necrozma|Earthquake|p2a: Melmetal\n|-supereffective|p2a: Melmetal\n|-damage|p2a: Melmetal|5\/100 par\n|move|p2a: Melmetal|Double Iron Bash|p1a: Necrozma\n|-damage|p1a: Necrozma|0 fnt\n|-hitcount|p1a: Necrozma|1\n|faint|p1a: Necrozma\n|\n|-weather|none\n|upkeep\n|\n|switch|p1a: Zygarde|Zygarde|100\/100\n|turn|18\n|\n|move|p1a: Zygarde|Dragon Dance|p1a: Zygarde\n|-boost|p1a: Zygarde|atk|1\n|-boost|p1a: Zygarde|spe|1\n|move|p2a: Melmetal|Double Iron Bash|p1a: Zygarde\n|-damage|p1a: Zygarde|46\/100\n|-damage|p1a: Zygarde|0 fnt\n|-hitcount|p1a: Zygarde|2\n|faint|p1a: Zygarde\n|\n|win|ErryUnregistered\n|c|\u2606ErryUnregistered|gg\n|l|\u2606willcoxw\n||Ladder (probably) updated, but score could not be retrieved (Response not received).\n","uploadtime":1587504239,"views":14,"p1id":"willcoxw","p2id":"erryunregistered","formatid":"gen8nationaldexag","rating":0,"private":0,"password":null}