{"id":"gen8battlestadiumsingles-1440666221","p1":"kokoukohiro","p2":"p74","format":"gen8battlestadiumsingles","log":"|j|\u2606kokoukohiro\n|j|\u2606p74\n|t:|1634964902\n|gametype|singles\n|player|p1|kokoukohiro|dawn|1362\n|player|p2|p74|ninjaboy|1301\n|teamsize|p1|6\n|teamsize|p2|6\n|gen|8\n|tier|[Gen 8] Battle Stadium Singles\n|rated|\n|rule|Species Clause: Limit one of each Pok\u00e9mon\n|rule|Item Clause: Limit one of each item\n|rule|Dynamax Clause: You cannot dynamax\n|clearpoke\n|poke|p1|Chansey, L50, F|\n|poke|p1|Quagsire, L50, M|\n|poke|p1|Gastrodon-East, L50, M|\n|poke|p1|Clefable, L50, M|\n|poke|p1|Toxapex, L50, F|\n|poke|p1|Yveltal, L50|\n|poke|p2|Zacian-*, L50|\n|poke|p2|Tyranitar, L50, F|\n|poke|p2|Dracovish, L50|\n|poke|p2|Cresselia, L50, F|\n|poke|p2|Volcarona, L50, F|\n|poke|p2|Nidoking, L50, M|\n|teampreview|3\n|inactive|Battle timer is ON: inactive players will automatically lose when time's up. (requested by p74)\n|inactive|kokoukohiro has 120 seconds left.\n|inactive|p74 has 120 seconds left.\n|\n|t:|1634964946\n|start\n|switch|p1a: Quagsire|Quagsire, L50, M|100\/100\n|switch|p2a: Zacian|Zacian-Crowned, L50, shiny|100\/100\n|-ability|p2a: Zacian|Intrepid Sword|boost\n|-boost|p2a: Zacian|atk|1\n|turn|1\n|\n|t:|1634964958\n|switch|p2a: Volcarona|Volcarona, L50, F|100\/100\n|move|p1a: Quagsire|Scald|p2a: Volcarona\n|-supereffective|p2a: Volcarona\n|-damage|p2a: Volcarona|66\/100\n|\n|upkeep\n|turn|2\n|\n|t:|1634964969\n|switch|p1a: Clefable|Clefable, L50, M|100\/100\n|move|p2a: Volcarona|Quiver Dance|p2a: Volcarona\n|-boost|p2a: Volcarona|spa|1\n|-boost|p2a: Volcarona|spd|1\n|-boost|p2a: Volcarona|spe|1\n|\n|upkeep\n|turn|3\n|\n|t:|1634964977\n|move|p2a: Volcarona|Giga Drain|p1a: Clefable\n|-damage|p1a: Clefable|84\/100\n|-heal|p2a: Volcarona|75\/100|[from] drain|[of] p1a: Clefable\n|move|p1a: Clefable|Calm Mind|p1a: Clefable\n|-boost|p1a: Clefable|spa|1\n|-boost|p1a: Clefable|spd|1\n|\n|upkeep\n|turn|4\n|\n|t:|1634964985\n|move|p1a: Clefable|Moonblast|p2a: Volcarona\n|-resisted|p2a: Volcarona\n|-damage|p2a: Volcarona|54\/100\n|move|p2a: Volcarona|Whirlwind|p1a: Clefable\n|drag|p1a: Quagsire|Quagsire, L50, M|100\/100\n|\n|upkeep\n|turn|5\n|\n|t:|1634964996\n|switch|p1a: Clefable|Clefable, L50, M|84\/100\n|move|p2a: Volcarona|Fiery Dance|p1a: Clefable\n|-damage|p1a: Clefable|57\/100\n|\n|upkeep\n|turn|6\n|\n|t:|1634965005\n|move|p2a: Volcarona|Fiery Dance|p1a: Clefable\n|-damage|p1a: Clefable|29\/100\n|-enditem|p1a: Clefable|Sitrus Berry|[eat]\n|-heal|p1a: Clefable|54\/100|[from] item: Sitrus Berry\n|move|p1a: Clefable|Wish|p1a: Clefable\n|\n|upkeep\n|turn|7\n|\n|t:|1634965014\n|move|p1a: Clefable|Protect|p1a: Clefable\n|-singleturn|p1a: Clefable|Protect\n|move|p2a: Volcarona|Fiery Dance|p1a: Clefable\n|-activate|p1a: Clefable|move: Protect\n|\n|-heal|p1a: Clefable|100\/100|[from] move: Wish|[wisher] Clefable\n|upkeep\n|turn|8\n|\n|t:|1634965024\n|move|p2a: Volcarona|Giga Drain|p1a: Clefable\n|-damage|p1a: Clefable|83\/100\n|-heal|p2a: Volcarona|64\/100|[from] drain|[of] p1a: Clefable\n|move|p1a: Clefable|Wish|p1a: Clefable\n|\n|upkeep\n|turn|9\n|\n|t:|1634965034\n|switch|p2a: Dracovish|Dracovish, L50|100\/100\n|move|p1a: Clefable|Moonblast|p2a: Dracovish\n|-supereffective|p2a: Dracovish\n|-damage|p2a: Dracovish|37\/100\n|\n|-heal|p1a: Clefable|100\/100|[from] move: Wish|[wisher] Clefable\n|upkeep\n|turn|10\n|\n|t:|1634965042\n|switch|p1a: Gastrodon|Gastrodon-East, L50, M|100\/100\n|move|p2a: Dracovish|Fishious Rend|p1a: Gastrodon\n|-ability|p1a: Gastrodon|Storm Drain|boost\n|-boost|p1a: Gastrodon|spa|1\n|\n|upkeep\n|turn|11\n|\n|t:|1634965059\n|switch|p2a: Volcarona|Volcarona, L50, F|64\/100\n|move|p1a: Gastrodon|Scald|p2a: Volcarona\n|-supereffective|p2a: Volcarona\n|-damage|p2a: Volcarona|0 fnt\n|faint|p2a: Volcarona\n|\n|upkeep\n|\n|t:|1634965069\n|switch|p2a: Zacian|Zacian-Crowned, L50, shiny|100\/100\n|-ability|p2a: Zacian|Intrepid Sword|boost\n|-boost|p2a: Zacian|atk|1\n|turn|12\n|\n|t:|1634965078\n|switch|p1a: Quagsire|Quagsire, L50, M|100\/100\n|move|p2a: Zacian|Play Rough|p1a: Quagsire\n|-damage|p1a: Quagsire|57\/100\n|\n|upkeep\n|turn|13\n|\n|t:|1634965088\n|switch|p2a: Dracovish|Dracovish, L50|37\/100\n|move|p1a: Quagsire|Recover|p1a: Quagsire\n|-heal|p1a: Quagsire|100\/100\n|\n|upkeep\n|turn|14\n|\n|t:|1634965111\n|switch|p1a: Gastrodon|Gastrodon-East, L50, M|100\/100\n|move|p2a: Dracovish|Dragon Rush|p1a: Gastrodon\n|-damage|p1a: Gastrodon|33\/100\n|\n|upkeep\n|turn|15\n|\n|t:|1634965118\n|switch|p2a: Zacian|Zacian-Crowned, L50, shiny|100\/100\n|-ability|p2a: Zacian|Intrepid Sword|boost\n|-boost|p2a: Zacian|atk|1\n|switch|p1a: Clefable|Clefable, L50, M|100\/100\n|\n|upkeep\n|turn|16\n|\n|t:|1634965128\n|switch|p1a: Quagsire|Quagsire, L50, M|100\/100\n|move|p2a: Zacian|Play Rough|p1a: Quagsire\n|-damage|p1a: Quagsire|52\/100\n|\n|upkeep\n|turn|17\n|\n|t:|1634965135\n|switch|p2a: Dracovish|Dracovish, L50|37\/100\n|move|p1a: Quagsire|Recover|p1a: Quagsire\n|-heal|p1a: Quagsire|100\/100\n|\n|upkeep\n|turn|18\n|\n|t:|1634965146\n|switch|p1a: Gastrodon|Gastrodon-East, L50, M|33\/100\n|move|p2a: Dracovish|Fishious Rend|p1a: Gastrodon\n|-ability|p1a: Gastrodon|Storm Drain|boost\n|-boost|p1a: Gastrodon|spa|1\n|\n|upkeep\n|turn|19\n|\n|t:|1634965153\n|switch|p2a: Zacian|Zacian-Crowned, L50, shiny|100\/100\n|-ability|p2a: Zacian|Intrepid Sword|boost\n|-boost|p2a: Zacian|atk|1\n|move|p1a: Gastrodon|Recover|p1a: Gastrodon\n|-heal|p1a: Gastrodon|83\/100\n|\n|upkeep\n|turn|20\n|\n|t:|1634965162\n|switch|p1a: Quagsire|Quagsire, L50, M|100\/100\n|move|p2a: Zacian|Play Rough|p1a: Quagsire|[miss]\n|-miss|p2a: Zacian|p1a: Quagsire\n|\n|upkeep\n|turn|21\n|\n|t:|1634965170\n|move|p2a: Zacian|Play Rough|p1a: Quagsire\n|-damage|p1a: Quagsire|53\/100\n|move|p1a: Quagsire|Earthquake|p2a: Zacian\n|-supereffective|p2a: Zacian\n|-damage|p2a: Zacian|46\/100\n|\n|upkeep\n|turn|22\n|\n|t:|1634965176\n|move|p2a: Zacian|Play Rough|p1a: Quagsire\n|-damage|p1a: Quagsire|7\/100\n|move|p1a: Quagsire|Recover|p1a: Quagsire\n|-heal|p1a: Quagsire|57\/100\n|\n|upkeep\n|turn|23\n|\n|t:|1634965185\n|switch|p2a: Dracovish|Dracovish, L50|37\/100\n|move|p1a: Quagsire|Recover|p1a: Quagsire\n|-heal|p1a: Quagsire|100\/100\n|\n|upkeep\n|turn|24\n|\n|t:|1634965199\n|switch|p1a: Clefable|Clefable, L50, M|100\/100\n|move|p2a: Dracovish|Dragon Rush|p1a: Clefable\n|-immune|p1a: Clefable\n|\n|upkeep\n|turn|25\n|\n|t:|1634965207\n|switch|p2a: Zacian|Zacian-Crowned, L50, shiny|46\/100\n|-ability|p2a: Zacian|Intrepid Sword|boost\n|-boost|p2a: Zacian|atk|1\n|move|p1a: Clefable|Moonblast|p2a: Zacian\n|-resisted|p2a: Zacian\n|-damage|p2a: Zacian|31\/100\n|\n|upkeep\n|turn|26\n|\n|t:|1634965215\n|switch|p2a: Dracovish|Dracovish, L50|37\/100\n|switch|p1a: Quagsire|Quagsire, L50, M|100\/100\n|\n|upkeep\n|turn|27\n|\n|t:|1634965224\n|switch|p1a: Gastrodon|Gastrodon-East, L50, M|83\/100\n|move|p2a: Dracovish|Psychic Fangs|p1a: Gastrodon\n|-damage|p1a: Gastrodon|18\/100\n|\n|upkeep\n|turn|28\n|\n|t:|1634965245\n|switch|p1a: Clefable|Clefable, L50, M|100\/100\n|move|p2a: Dracovish|Psychic Fangs|p1a: Clefable\n|-damage|p1a: Clefable|42\/100\n|\n|upkeep\n|turn|29\n|\n|t:|1634965250\n|move|p2a: Dracovish|Psychic Fangs|p1a: Clefable\n|-damage|p1a: Clefable|0 fnt\n|faint|p1a: Clefable\n|\n|upkeep\n|\n|t:|1634965255\n|switch|p1a: Quagsire|Quagsire, L50, M|100\/100\n|turn|30\n|\n|t:|1634965262\n|move|p2a: Dracovish|Psychic Fangs|p1a: Quagsire\n|-damage|p1a: Quagsire|61\/100\n|move|p1a: Quagsire|Recover|p1a: Quagsire\n|-heal|p1a: Quagsire|100\/100\n|\n|upkeep\n|turn|31\n|\n|t:|1634965268\n|switch|p2a: Zacian|Zacian-Crowned, L50, shiny|31\/100\n|-ability|p2a: Zacian|Intrepid Sword|boost\n|-boost|p2a: Zacian|atk|1\n|move|p1a: Quagsire|Recover||[still]\n|-fail|p1a: Quagsire|heal\n|\n|upkeep\n|turn|32\n|\n|t:|1634965280\n|move|p2a: Zacian|Play Rough|p1a: Quagsire\n|-damage|p1a: Quagsire|58\/100\n|move|p1a: Quagsire|Earthquake|p2a: Zacian\n|-supereffective|p2a: Zacian\n|-damage|p2a: Zacian|0 fnt\n|faint|p2a: Zacian\n|\n|upkeep\n|\n|t:|1634965287\n|switch|p2a: Dracovish|Dracovish, L50|37\/100\n|turn|33\n|\n|t:|1634965296\n|move|p2a: Dracovish|Outrage|p1a: Quagsire\n|-damage|p1a: Quagsire|0 fnt\n|faint|p1a: Quagsire\n|\n|upkeep\n|-message|kokoukohiro forfeited.\n|\n|win|p74\n|raw|kokoukohiro's rating: 1362 &rarr; <strong>1339<\/strong><br \/>(-23 for losing)\n|raw|p74's rating: 1301 &rarr; <strong>1324<\/strong><br \/>(+23 for winning)\n|l|\u2606kokoukohiro\n","uploadtime":1634965306,"views":35,"p1id":"kokoukohiro","p2id":"p74","formatid":"gen8battlestadiumsingles","rating":1324,"private":0,"password":null}