{"id":"gen8ubers-1265972278","p1":"LolzMachine","p2":"EM_Chocolatine","format":"gen8ubers","log":"|j|\u2606LolzMachine\n|j|\u2606EM_Chocolatine\n|t:|1611151780\n|player|p1|LolzMachine|294|1633\n|player|p2|EM_Chocolatine|101|1412\n|teamsize|p1|6\n|teamsize|p2|6\n|gametype|singles\n|gen|8\n|tier|[Gen 8] Ubers\n|rated|\n|clearpoke\n|poke|p1|Necrozma-Dawn-Wings|\n|poke|p1|Calyrex-Shadow|\n|poke|p1|Groudon|\n|poke|p1|Kyogre|\n|poke|p1|Regieleki|\n|poke|p1|Yveltal|\n|poke|p2|Necrozma-Dusk-Mane|\n|poke|p2|Calyrex-Shadow|\n|poke|p2|Yveltal|\n|poke|p2|Kyurem-White|\n|poke|p2|Dialga|\n|poke|p2|Ho-Oh|\n|rule|Sleep Clause Mod: Limit one foe put to sleep\n|rule|Species Clause: Limit one of each Pok\u00e9mon\n|rule|OHKO Clause: OHKO moves are banned\n|rule|Evasion Moves Clause: Evasion moves are banned\n|rule|Endless Battle Clause: Forcing endless battles is banned\n|rule|HP Percentage Mod: HP is shown in percentages\n|rule|Dynamax Clause: You cannot dynamax\n|teampreview\n|\n|t:|1611151800\n|start\n|switch|p1a: Regieleki|Regieleki|100\/100\n|switch|p2a: Dialga|Dialga|100\/100\n|-ability|p2a: Dialga|Pressure\n|turn|1\n|\n|t:|1611151808\n|move|p1a: Regieleki|Volt Switch|p2a: Dialga\n|-resisted|p2a: Dialga\n|-damage|p2a: Dialga|73\/100\n|\n|t:|1611151810\n|switch|p1a: Groudon|Groudon|100\/100|[from]move: Volt Switch\n|-weather|SunnyDay|[from] ability: Drought|[of] p1a: Groudon\n|move|p2a: Dialga|Stealth Rock|p1a: Groudon\n|-sidestart|p1: LolzMachine|move: Stealth Rock\n|\n|-weather|SunnyDay|[upkeep]\n|-heal|p2a: Dialga|79\/100|[from] item: Leftovers\n|upkeep\n|turn|2\n|\n|t:|1611151828\n|switch|p2a: Ho-Oh|Ho-Oh|100\/100\n|move|p1a: Groudon|Stealth Rock|p2a: Ho-Oh\n|-sidestart|p2: EM_Chocolatine|move: Stealth Rock\n|\n|-weather|SunnyDay|[upkeep]\n|upkeep\n|turn|3\n|\n|t:|1611151835\n|move|p1a: Groudon|Stone Edge|p2a: Ho-Oh|[miss]\n|-miss|p1a: Groudon|p2a: Ho-Oh\n|move|p2a: Ho-Oh|Sacred Fire|p1a: Groudon\n|-damage|p1a: Groudon|63\/100\n|\n|-weather|SunnyDay|[upkeep]\n|upkeep\n|turn|4\n|\n|t:|1611151850\n|switch|p2a: Dialga|Dialga|79\/100\n|-damage|p2a: Dialga|73\/100|[from] Stealth Rock\n|-ability|p2a: Dialga|Pressure\n|move|p1a: Groudon|Stone Edge|p2a: Dialga\n|-resisted|p2a: Dialga\n|-damage|p2a: Dialga|64\/100\n|\n|-weather|SunnyDay|[upkeep]\n|-heal|p2a: Dialga|70\/100|[from] item: Leftovers\n|upkeep\n|turn|5\n|\n|t:|1611151862\n|move|p1a: Groudon|Earthquake|p2a: Dialga\n|-supereffective|p2a: Dialga\n|-damage|p2a: Dialga|21\/100\n|move|p2a: Dialga|Flash Cannon|p1a: Groudon\n|-damage|p1a: Groudon|30\/100\n|\n|-weather|none\n|-heal|p2a: Dialga|27\/100|[from] item: Leftovers\n|upkeep\n|turn|6\n|\n|t:|1611151872\n|move|p1a: Groudon|Earthquake|p2a: Dialga\n|-supereffective|p2a: Dialga\n|-damage|p2a: Dialga|0 fnt\n|faint|p2a: Dialga\n|\n|upkeep\n|\n|t:|1611151883\n|switch|p2a: Calyrex|Calyrex-Shadow|100\/100\n|-ability|p2a: Calyrex|As One\n|-ability|p2a: Calyrex|Unnerve|p1: LolzMachine\n|-damage|p2a: Calyrex|88\/100|[from] Stealth Rock\n|turn|7\n|\n|t:|1611151890\n|switch|p1a: Yveltal|Yveltal|100\/100\n|-ability|p1a: Yveltal|Dark Aura\n|move|p2a: Calyrex|Trick|p1a: Yveltal\n|-activate|p2a: Calyrex|move: Trick|[of] p1a: Yveltal\n|-item|p1a: Yveltal|Choice Specs|[from] move: Trick\n|-item|p2a: Calyrex|Heavy-Duty Boots|[from] move: Trick\n|\n|upkeep\n|turn|8\n|\n|t:|1611151903\n|switch|p2a: Yveltal|Yveltal|100\/100\n|-ability|p2a: Yveltal|Dark Aura\n|move|p1a: Yveltal|Heat Wave|p2a: Yveltal\n|-damage|p2a: Yveltal|66\/100\n|\n|upkeep\n|turn|9\n|\n|t:|1611151917\n|move|p1a: Yveltal|Heat Wave|p2a: Yveltal\n|-damage|p2a: Yveltal|26\/100\n|move|p2a: Yveltal|Roost|p2a: Yveltal\n|-heal|p2a: Yveltal|76\/100\n|-singleturn|p2a: Yveltal|move: Roost\n|\n|upkeep\n|turn|10\n|\n|t:|1611151925\n|move|p1a: Yveltal|Heat Wave|p2a: Yveltal\n|-damage|p2a: Yveltal|36\/100\n|move|p2a: Yveltal|Heat Wave|p1a: Yveltal\n|-damage|p1a: Yveltal|78\/100\n|\n|upkeep\n|turn|11\n|\n|t:|1611151933\n|switch|p1a: Regieleki|Regieleki|100\/100\n|-damage|p1a: Regieleki|88\/100|[from] Stealth Rock\n|switch|p2a: Ho-Oh|Ho-Oh|100\/100\n|\n|upkeep\n|turn|12\n|\n|t:|1611151942\n|move|p1a: Regieleki|Volt Switch|p2a: Ho-Oh\n|-supereffective|p2a: Ho-Oh\n|-damage|p2a: Ho-Oh|40\/100\n|\n|t:|1611151944\n|switch|p1a: Groudon|Groudon|30\/100|[from]move: Volt Switch\n|-damage|p1a: Groudon|24\/100|[from] Stealth Rock\n|-weather|SunnyDay|[from] ability: Drought|[of] p1a: Groudon\n|move|p2a: Ho-Oh|Sacred Fire|p1a: Groudon\n|-damage|p1a: Groudon|0 fnt\n|faint|p1a: Groudon\n|\n|-weather|SunnyDay|[upkeep]\n|upkeep\n|\n|t:|1611151946\n|switch|p1a: Regieleki|Regieleki|88\/100\n|-damage|p1a: Regieleki|76\/100|[from] Stealth Rock\n|turn|13\n|\n|t:|1611151966\n|move|p1a: Regieleki|Volt Switch|p2a: Ho-Oh\n|-supereffective|p2a: Ho-Oh\n|-damage|p2a: Ho-Oh|0 fnt\n|faint|p2a: Ho-Oh\n|j| FREE ZACIAN-C\n|\n|t:|1611151972\n|switch|p1a: Kyogre|Kyogre|100\/100|[from]move: Volt Switch\n|-damage|p1a: Kyogre|88\/100|[from] Stealth Rock\n|-weather|RainDance|[from] ability: Drizzle|[of] p1a: Kyogre\n|\n|-weather|RainDance|[upkeep]\n|upkeep\n|\n|t:|1611151993\n|switch|p2a: Calyrex|Calyrex-Shadow|88\/100\n|-ability|p2a: Calyrex|As One\n|-ability|p2a: Calyrex|Unnerve|p1: LolzMachine\n|turn|14\n|\n|t:|1611152003\n|move|p1a: Kyogre|Water Spout|p2a: Calyrex\n|-damage|p2a: Calyrex|0 fnt\n|faint|p2a: Calyrex\n|\n|-weather|RainDance|[upkeep]\n|upkeep\n|\n|t:|1611152010\n|switch|p2a: Kyurem|Kyurem-White|100\/100\n|-damage|p2a: Kyurem|76\/100|[from] Stealth Rock\n|-ability|p2a: Kyurem|Turboblaze\n|turn|15\n|\n|t:|1611152015\n|move|p2a: Kyurem|Draco Meteor|p1a: Kyogre\n|-damage|p1a: Kyogre|23\/100\n|-unboost|p2a: Kyurem|spa|2\n|move|p1a: Kyogre|Water Spout|p2a: Kyurem\n|-resisted|p2a: Kyurem\n|-damage|p2a: Kyurem|63\/100\n|\n|-weather|RainDance|[upkeep]\n|upkeep\n|turn|16\n|\n|t:|1611152028\n|switch|p2a: Yveltal|Yveltal|36\/100\n|-ability|p2a: Yveltal|Dark Aura\n|switch|p1a: Necrozma|Necrozma-Dawn-Wings|100\/100\n|-damage|p1a: Necrozma|88\/100|[from] Stealth Rock\n|\n|-weather|RainDance|[upkeep]\n|upkeep\n|turn|17\n|\n|t:|1611152039\n|move|p1a: Necrozma|Substitute|p1a: Necrozma\n|-start|p1a: Necrozma|Substitute\n|-damage|p1a: Necrozma|63\/100\n|move|p2a: Yveltal|Roost|p2a: Yveltal\n|-heal|p2a: Yveltal|86\/100\n|-singleturn|p2a: Yveltal|move: Roost\n|\n|-weather|none\n|upkeep\n|turn|18\n|\n|t:|1611152048\n|move|p1a: Necrozma|Meteor Beam||[still]\n|-prepare|p1a: Necrozma|Meteor Beam\n|-boost|p1a: Necrozma|spa|1\n|-enditem|p1a: Necrozma|Power Herb\n|-anim|p1a: Necrozma|Meteor Beam|p2a: Yveltal|[miss]\n|-miss|p1a: Necrozma|p2a: Yveltal\n|move|p2a: Yveltal|Knock Off|p1a: Necrozma\n|-supereffective|p1a: Necrozma\n|-end|p1a: Necrozma|Substitute\n|\n|upkeep\n|turn|19\n|\n|t:|1611152061\n|move|p2a: Yveltal|Sucker Punch|p1a: Necrozma\n|-supereffective|p1a: Necrozma\n|-crit|p1a: Necrozma\n|-damage|p1a: Necrozma|0 fnt\n|faint|p1a: Necrozma\n|\n|upkeep\n|\n|t:|1611152064\n|switch|p1a: Yveltal|Yveltal|78\/100\n|-damage|p1a: Yveltal|53\/100|[from] Stealth Rock\n|-ability|p1a: Yveltal|Dark Aura\n|turn|20\n|\n|t:|1611152075\n|move|p1a: Yveltal|Oblivion Wing|p2a: Yveltal\n|-crit|p2a: Yveltal\n|-damage|p2a: Yveltal|14\/100\n|-heal|p1a: Yveltal|100\/100|[from] drain|[of] p2a: Yveltal\n|move|p2a: Yveltal|Heat Wave|p1a: Yveltal\n|-damage|p1a: Yveltal|77\/100\n|\n|upkeep\n|turn|21\n|\n|t:|1611152084\n|move|p2a: Yveltal|Sucker Punch|p1a: Yveltal\n|-resisted|p1a: Yveltal\n|-crit|p1a: Yveltal\n|-damage|p1a: Yveltal|42\/100\n|move|p1a: Yveltal|Oblivion Wing|p2a: Yveltal\n|-damage|p2a: Yveltal|0 fnt\n|-heal|p1a: Yveltal|54\/100|[from] drain|[of] p2a: Yveltal\n|faint|p2a: Yveltal\n|\n|upkeep\n|\n|t:|1611152094\n|switch|p2a: Necrozma|Necrozma-Dusk-Mane|100\/100\n|-damage|p2a: Necrozma|94\/100|[from] Stealth Rock\n|turn|22\n|\n|t:|1611152099\n|switch|p1a: Kyogre|Kyogre|23\/100\n|-damage|p1a: Kyogre|10\/100|[from] Stealth Rock\n|-weather|RainDance|[from] ability: Drizzle|[of] p1a: Kyogre\n|move|p2a: Necrozma|Dragon Dance|p2a: Necrozma\n|-boost|p2a: Necrozma|atk|1\n|-boost|p2a: Necrozma|spe|1\n|\n|-weather|RainDance|[upkeep]\n|-heal|p2a: Necrozma|100\/100|[from] item: Leftovers\n|upkeep\n|turn|23\n|\n|t:|1611152110\n|move|p1a: Kyogre|Surf|p2a: Necrozma\n|-damage|p2a: Necrozma|33\/100\n|move|p2a: Necrozma|Dragon Dance|p2a: Necrozma\n|-boost|p2a: Necrozma|atk|1\n|-boost|p2a: Necrozma|spe|1\n|\n|-weather|RainDance|[upkeep]\n|-heal|p2a: Necrozma|39\/100|[from] item: Leftovers\n|upkeep\n|turn|24\n|\n|t:|1611152120\n|move|p2a: Necrozma|Sunsteel Strike|p1a: Kyogre\n|-resisted|p1a: Kyogre\n|-damage|p1a: Kyogre|0 fnt\n|faint|p1a: Kyogre\n|\n|-weather|RainDance|[upkeep]\n|-heal|p2a: Necrozma|45\/100|[from] item: Leftovers\n|upkeep\n|\n|t:|1611152122\n|switch|p1a: Regieleki|Regieleki|76\/100\n|-damage|p1a: Regieleki|64\/100|[from] Stealth Rock\n|turn|25\n|\n|t:|1611152132\n|move|p1a: Regieleki|Thunder|p2a: Necrozma\n|-damage|p2a: Necrozma|0 fnt\n|faint|p2a: Necrozma\n|\n|-weather|RainDance|[upkeep]\n|upkeep\n|-message|EM_Chocolatine forfeited.\n|\n|win|LolzMachine\n|l|\u2606EM_Chocolatine\n||Ladder (probably) updated, but score could not be retrieved (Request timeout).\n","uploadtime":1611152353,"views":7,"p1id":"lolzmachine","p2id":"emchocolatine","formatid":"gen8ubers","rating":0,"private":0,"password":null}