{"id":"gen8doublesou-1706962415","p1":"LisaAnnLover1","p2":"Immagamer","format":"gen8doublesou","log":"|j|\u2606LisaAnnLover1\n|j|\u203dImmagamer\n|t:|1668036736\n|gametype|doubles\n|player|p1|LisaAnnLover1|swimmerf|1368\n|player|p2|Immagamer|1|1306\n|teamsize|p1|6\n|teamsize|p2|6\n|gen|8\n|tier|[Gen 8] Doubles OU\n|rated|\n|rule|Species Clause: Limit one of each Pok\u00e9mon\n|rule|OHKO Clause: OHKO moves are banned\n|rule|Evasion Moves Clause: Evasion moves are banned\n|rule|Gravity Sleep Clause: The combination of sleep-inducing moves with imperfect accuracy and Gravity or Gigantamax Orbeetle are banned\n|rule|Endless Battle Clause: Forcing endless battles is banned\n|rule|HP Percentage Mod: HP is shown in percentages\n|rule|Dynamax Clause: You cannot dynamax\n|rule|Swagger Clause: Swagger is banned\n|clearpoke\n|poke|p1|Porygon2|\n|poke|p1|Pelipper, M|\n|poke|p1|Seismitoad, M|\n|poke|p1|Dracovish|\n|poke|p1|Regieleki|\n|poke|p1|Barraskewda, F|\n|poke|p2|Kyurem-Black|\n|poke|p2|Clefairy, F|\n|poke|p2|Riolu, M|\n|poke|p2|Mr. Mime, M|\n|poke|p2|Metagross|\n|poke|p2|Zeraora|\n|teampreview\n|inactive|Battle timer is ON: inactive players will automatically lose when time's up. (requested by Immagamer)\n|\n|t:|1668036749\n|start\n|switch|p1a: Pelipper|Pelipper, M|100\/100\n|switch|p1b: Seismitoad|Seismitoad, M|100\/100\n|switch|p2a: Kyurem|Kyurem-Black|100\/100\n|switch|p2b: Clefairy|Clefairy, F|100\/100\n|-ability|p2a: Kyurem|Teravolt\n|-weather|RainDance|[from] ability: Drizzle|[of] p1a: Pelipper\n|turn|1\n|\n|t:|1668036767\n|move|p2b: Clefairy|Follow Me|p2b: Clefairy\n|-singleturn|p2b: Clefairy|move: Follow Me\n|move|p1b: Seismitoad|Rock Slide|p2a: Kyurem|[spread] p2a,p2b\n|-supereffective|p2a: Kyurem\n|-damage|p2a: Kyurem|77\/100\n|-damage|p2b: Clefairy|81\/100\n|-enditem|p2a: Kyurem|Weakness Policy\n|-boost|p2a: Kyurem|atk|2|[from] item: Weakness Policy\n|-boost|p2a: Kyurem|spa|2|[from] item: Weakness Policy\n|move|p2a: Kyurem|Dragon Dance|p2a: Kyurem\n|-boost|p2a: Kyurem|atk|1\n|-boost|p2a: Kyurem|spe|1\n|move|p1a: Pelipper|U-turn|p2b: Clefairy\n|-resisted|p2b: Clefairy\n|-damage|p2b: Clefairy|76\/100\n|\n|t:|1668036778\n|switch|p1a: Barraskewda|Barraskewda, F|100\/100|[from]move: U-turn\n|\n|-weather|RainDance|[upkeep]\n|upkeep\n|turn|2\n|\n|t:|1668036786\n|move|p2b: Clefairy|Follow Me|p2b: Clefairy\n|-singleturn|p2b: Clefairy|move: Follow Me\n|move|p1a: Barraskewda|Close Combat|p2b: Clefairy\n|-resisted|p2b: Clefairy\n|-damage|p2b: Clefairy|37\/100\n|-unboost|p1a: Barraskewda|def|1\n|-unboost|p1a: Barraskewda|spd|1\n|move|p1b: Seismitoad|Liquidation|p2b: Clefairy\n|-damage|p2b: Clefairy|0 fnt\n|faint|p2b: Clefairy\n|move|p2a: Kyurem|Fusion Bolt|p1a: Barraskewda\n|-supereffective|p1a: Barraskewda\n|-damage|p1a: Barraskewda|0 fnt\n|faint|p1a: Barraskewda\n|\n|-weather|RainDance|[upkeep]\n|upkeep\n|\n|t:|1668036812\n|switch|p1a: Regieleki|Regieleki|100\/100\n|switch|p2b: Riolu|Riolu, M|100\/100\n|turn|3\n|\n|t:|1668036832\n|switch|p2b: Zeraora|Zeraora|100\/100\n|move|p2a: Kyurem|Protect|p2a: Kyurem\n|-singleturn|p2a: Kyurem|Protect\n|move|p1a: Regieleki|Thunderbolt|p2a: Kyurem\n|-activate|p2a: Kyurem|move: Protect\n|move|p1b: Seismitoad|Rock Slide|p2b: Zeraora|[spread] p2b\n|-activate|p2a: Kyurem|move: Protect\n|-damage|p2b: Zeraora|79\/100\n|\n|-weather|RainDance|[upkeep]\n|upkeep\n|turn|4\n|\n|t:|1668036855\n|move|p2b: Zeraora|Fake Out|p1a: Regieleki\n|-damage|p1a: Regieleki|80\/100\n|cant|p1a: Regieleki|flinch\n|move|p1b: Seismitoad|Stomping Tantrum|p2b: Zeraora\n|-supereffective|p2b: Zeraora\n|-damage|p2b: Zeraora|0 fnt\n|faint|p2b: Zeraora\n|move|p2a: Kyurem|Icicle Spear|p1a: Regieleki\n|-damage|p1a: Regieleki|0 fnt\n|faint|p1a: Regieleki\n|-hitcount|p1: Regieleki|1\n|\n|-weather|RainDance|[upkeep]\n|upkeep\n|\n|t:|1668036877\n|switch|p1a: Dracovish|Dracovish|100\/100\n|switch|p2b: Riolu|Riolu, M|100\/100\n|turn|5\n|\n|t:|1668036891\n|move|p2b: Riolu|Coaching|p2a: Kyurem\n|-boost|p2a: Kyurem|atk|1\n|-boost|p2a: Kyurem|def|1\n|move|p1b: Seismitoad|Rock Slide|p2a: Kyurem|[spread] p2a,p2b\n|-supereffective|p2a: Kyurem\n|-resisted|p2b: Riolu\n|-damage|p2a: Kyurem|57\/100\n|-damage|p2b: Riolu|78\/100\n|move|p2a: Kyurem|Fusion Bolt|p1a: Dracovish\n|-damage|p1a: Dracovish|0 fnt\n|faint|p1a: Dracovish\n|\n|-weather|RainDance|[upkeep]\n|upkeep\n|\n|t:|1668036902\n|switch|p1a: Pelipper|Pelipper, M|100\/100\n|turn|6\n|\n|t:|1668036915\n|move|p2b: Riolu|Follow Me|p2b: Riolu\n|-singleturn|p2b: Riolu|move: Follow Me\n|move|p1b: Seismitoad|Liquidation|p2b: Riolu\n|-damage|p2b: Riolu|0 fnt\n|faint|p2b: Riolu\n|move|p2a: Kyurem|Icicle Spear|p1b: Seismitoad\n|-damage|p1b: Seismitoad|42\/100\n|-damage|p1b: Seismitoad|0 fnt\n|faint|p1b: Seismitoad\n|-hitcount|p1: Seismitoad|2\n|move|p1a: Pelipper|Toxic|p2a: Kyurem\n|-status|p2a: Kyurem|tox\n|\n|-weather|RainDance|[upkeep]\n|-damage|p2a: Kyurem|51\/100 tox|[from] psn\n|upkeep\n|\n|t:|1668036932\n|switch|p1b: Porygon2|Porygon2|100\/100\n|switch|p2b: Metagross|Metagross|100\/100\n|-ability|p1b: Porygon2|Clear Body|[from] ability: Trace|[of] p2b: Metagross\n|turn|7\n|\n|t:|1668036956\n|move|p2a: Kyurem|Fusion Bolt|p1a: Pelipper\n|-supereffective|p1a: Pelipper\n|-damage|p1a: Pelipper|0 fnt\n|faint|p1a: Pelipper\n|move|p2b: Metagross|Psych Up|p2a: Kyurem\n|-copyboost|p2b: Metagross|p2a: Kyurem|[from] move: Psych Up\n|move|p1b: Porygon2|Icy Wind|p2b: Metagross|[spread] p2a,p2b\n|-resisted|p2b: Metagross\n|-damage|p2a: Kyurem|42\/100 tox\n|-damage|p2b: Metagross|95\/100\n|-unboost|p2a: Kyurem|spe|1\n|\n|-weather|RainDance|[upkeep]\n|-damage|p2a: Kyurem|30\/100 tox|[from] psn\n|upkeep\n|turn|8\n|-message|LisaAnnLover1 forfeited.\n|\n|win|Immagamer\n|raw|LisaAnnLover1's rating: 1368 &rarr; <strong>1344<\/strong><br \/>(-24 for losing)\n|raw|Immagamer's rating: 1306 &rarr; <strong>1330<\/strong><br \/>(+24 for winning)\n|l|\u2606LisaAnnLover1\n","uploadtime":1668036969,"views":3,"p1id":"lisaannlover1","p2id":"immagamer","formatid":"gen8doublesou","rating":1330,"private":0,"password":null}