{"id":"gen8oublitz-1276663912","p1":"Stellar Flares","p2":"airfare++!","format":"gen8oublitz","log":"|inactive|Battle timer is ON: inactive players will automatically lose when time's up.\n|j|\u2606Stellar Flares\n|j|\u2606airfare++!\n|t:|1612538136\n|player|p1|Stellar Flares|102|\n|player|p2|airfare++!|shelly|\n|teamsize|p1|6\n|teamsize|p2|6\n|gametype|singles\n|gen|8\n|tier|[Gen 8] OU (Blitz)\n|rated|Tournament battle\n|clearpoke\n|poke|p1|Landorus-Therian, M|\n|poke|p1|Regieleki|\n|poke|p1|Magearna|\n|poke|p1|Spectrier|\n|poke|p1|Volcarona, M|\n|poke|p1|Hydreigon, F|\n|poke|p2|Cinderace, M|\n|poke|p2|Latios, M|\n|poke|p2|Tornadus-Therian, M|\n|poke|p2|Slowbro, M|\n|poke|p2|Landorus-Therian, M|\n|poke|p2|Slowking-Galar, F|\n|rule|Sleep Clause Mod: Limit one foe put to sleep\n|rule|Species Clause: Limit one of each Pok\u00e9mon\n|rule|OHKO Clause: OHKO moves are banned\n|rule|Evasion Moves Clause: Evasion moves are banned\n|rule|Endless Battle Clause: Forcing endless battles is banned\n|rule|HP Percentage Mod: HP is shown in percentages\n|rule|Dynamax Clause: You cannot dynamax\n|rule|Blitz: Super-fast timer\n|teampreview\n|\n|t:|1612538145\n|start\n|switch|p1a: Bullshit Lead|Landorus-Therian, M|100\/100\n|switch|p2a: Latios|Latios, M|100\/100\n|-ability|p1a: Bullshit Lead|Intimidate|boost\n|-unboost|p2a: Latios|atk|1\n|turn|1\n|\n|t:|1612538149\n|move|p2a: Latios|Psychic|p1a: Bullshit Lead\n|-damage|p1a: Bullshit Lead|21\/100\n|-unboost|p1a: Bullshit Lead|spd|1\n|-damage|p2a: Latios|91\/100|[from] item: Life Orb\n|move|p1a: Bullshit Lead|Rock Tomb|p2a: Latios\n|-damage|p2a: Latios|58\/100\n|-unboost|p2a: Latios|spe|1\n|\n|upkeep\n|turn|2\n|\n|t:|1612538152\n|move|p1a: Bullshit Lead|Stealth Rock|p2a: Latios\n|-sidestart|p2: airfare++!|move: Stealth Rock\n|move|p2a: Latios|Psychic|p1a: Bullshit Lead\n|-damage|p1a: Bullshit Lead|0 fnt\n|-damage|p2a: Latios|48\/100|[from] item: Life Orb\n|faint|p1a: Bullshit Lead\n|\n|upkeep\n|j| capii\n|inactive|Stellar Flares has 10 seconds left.\n|\n|t:|1612538157\n|switch|p1a: Set Up attempt 2|Spectrier|100\/100\n|turn|3\n|inactive|Stellar Flares has 10 seconds left.\n|inactive|airfare++! has 10 seconds left.\n|\n|t:|1612538165\n|switch|p2a: Tornadus|Tornadus-Therian, M|100\/100\n|move|p1a: Set Up attempt 2|Shadow Ball|p2a: Tornadus\n|-damage|p2a: Tornadus|56\/100\n|\n|upkeep\n|turn|4\n|\n|t:|1612538169\n|move|p1a: Set Up attempt 2|Shadow Ball|p2a: Tornadus\n|-damage|p2a: Tornadus|8\/100\n|move|p2a: Tornadus|Knock Off|p1a: Set Up attempt 2\n|-supereffective|p1a: Set Up attempt 2\n|-damage|p1a: Set Up attempt 2|39\/100\n|-enditem|p1a: Set Up attempt 2|Leftovers|[from] move: Knock Off|[of] p2a: Tornadus\n|\n|upkeep\n|turn|5\n|\n|t:|1612538173\n|switch|p2a: Slowking|Slowking-Galar, F|100\/100\n|-damage|p2a: Slowking|88\/100|[from] Stealth Rock\n|move|p1a: Set Up attempt 2|Shadow Ball|p2a: Slowking\n|-supereffective|p2a: Slowking\n|-damage|p2a: Slowking|53\/100\n|\n|upkeep\n|turn|6\n|inactive|airfare++! has 10 seconds left.\n|\n|t:|1612538179\n|move|p1a: Set Up attempt 2|Calm Mind|p1a: Set Up attempt 2\n|-boost|p1a: Set Up attempt 2|spa|1\n|-boost|p1a: Set Up attempt 2|spd|1\n|move|p2a: Slowking|Earthquake|p1a: Set Up attempt 2\n|-damage|p1a: Set Up attempt 2|12\/100\n|\n|upkeep\n|turn|7\n|j| assddff\n|\n|t:|1612538182\n|move|p1a: Set Up attempt 2|Shadow Ball|p2a: Slowking\n|-supereffective|p2a: Slowking\n|-damage|p2a: Slowking|0 fnt\n|faint|p2a: Slowking\n|-ability|p1a: Set Up attempt 2|Grim Neigh|boost\n|-boost|p1a: Set Up attempt 2|spa|1\n|\n|upkeep\n|\n|t:|1612538185\n|switch|p2a: Cinderace|Cinderace, M|100\/100\n|turn|8\n|inactive|Stellar Flares has 10 seconds left.\n|\n|t:|1612538190\n|switch|p1a: Bullshit Screens|Regieleki|100\/100\n|move|p2a: Cinderace|Sucker Punch||[still]\n|-fail|p2a: Cinderace\n|\n|upkeep\n|turn|9\n|\n|t:|1612538194\n|switch|p2a: Landorus|Landorus-Therian, M|100\/100\n|-damage|p2a: Landorus|88\/100|[from] Stealth Rock\n|-ability|p2a: Landorus|Intimidate|boost\n|-unboost|p1a: Bullshit Screens|atk|1\n|move|p1a: Bullshit Screens|Reflect|p1a: Bullshit Screens\n|-sidestart|p1: Stellar Flares|Reflect\n|\n|-heal|p2a: Landorus|94\/100|[from] item: Leftovers\n|upkeep\n|turn|10\n|inactive|Stellar Flares has 10 seconds left.\n|\n|t:|1612538200\n|move|p1a: Bullshit Screens|Explosion|p2a: Landorus\n|-damage|p2a: Landorus|64\/100\n|faint|p1a: Bullshit Screens\n|move|p2a: Landorus|Stealth Rock|p1: Bullshit Screens\n|-sidestart|p1: Stellar Flares|move: Stealth Rock\n|\n|-heal|p2a: Landorus|70\/100|[from] item: Leftovers\n|upkeep\n|inactive|Stellar Flares has 10 seconds left.\n|\n|t:|1612538208\n|switch|p1a: Set Up attempt 1|Magearna|100\/100\n|-damage|p1a: Set Up attempt 1|95\/100|[from] Stealth Rock\n|turn|11\n|\n|t:|1612538211\n|move|p2a: Landorus|U-turn|p1a: Set Up attempt 1\n|-resisted|p1a: Set Up attempt 1\n|-damage|p1a: Set Up attempt 1|92\/100\n|\n|t:|1612538213\n|switch|p2a: Cinderace|Cinderace, M|100\/100|[from]move: U-turn\n|move|p1a: Set Up attempt 1|Shift Gear|p1a: Set Up attempt 1\n|-boost|p1a: Set Up attempt 1|spe|2\n|-boost|p1a: Set Up attempt 1|atk|1\n|\n|upkeep\n|turn|12\n|inactive|Stellar Flares has 10 seconds left.\n|j| hatkid fedido\n|\n|t:|1612538221\n|move|p1a: Set Up attempt 1|Electro Ball|p2a: Cinderace\n|-damage|p2a: Cinderace|64\/100\n|-damage|p1a: Set Up attempt 1|82\/100|[from] item: Life Orb\n|move|p2a: Cinderace|Pyro Ball|p1a: Set Up attempt 1\n|-supereffective|p1a: Set Up attempt 1\n|-damage|p1a: Set Up attempt 1|23\/100\n|\n|upkeep\n|turn|13\n|\n|t:|1612538225\n|move|p1a: Set Up attempt 1|Focus Blast|p2a: Cinderace\n|-damage|p2a: Cinderace|0 fnt\n|-damage|p1a: Set Up attempt 1|13\/100|[from] item: Life Orb\n|faint|p2a: Cinderace\n|-ability|p1a: Set Up attempt 1|Soul-Heart|boost\n|-boost|p1a: Set Up attempt 1|spa|1\n|\n|upkeep\n|inactive|airfare++! has 10 seconds left.\n|l| assddff\n|\n|t:|1612538235\n|switch|p2a: Tornadus|Tornadus-Therian, M|41\/100\n|turn|14\n|l| capii\n|\n|t:|1612538239\n|switch|p2a: Latios|Latios, M|48\/100\n|-damage|p2a: Latios|35\/100|[from] Stealth Rock\n|move|p1a: Set Up attempt 1|Ice Beam|p2a: Latios\n|-supereffective|p2a: Latios\n|-damage|p2a: Latios|0 fnt\n|-damage|p1a: Set Up attempt 1|3\/100|[from] item: Life Orb\n|faint|p2a: Latios\n|-ability|p1a: Set Up attempt 1|Soul-Heart|boost\n|-boost|p1a: Set Up attempt 1|spa|1\n|\n|upkeep\n|inactive|airfare++! has 10 seconds left.\n|j| Le panda chill\n|\n|t:|1612538247\n|switch|p2a: Slowbro|Slowbro, M|100\/100\n|-damage|p2a: Slowbro|88\/100|[from] Stealth Rock\n|turn|15\n|inactive|Stellar Flares has 10 seconds left.\n|\n|t:|1612538253\n|move|p1a: Set Up attempt 1|Electro Ball|p2a: Slowbro\n|-supereffective|p2a: Slowbro\n|-damage|p2a: Slowbro|0 fnt\n|-damage|p1a: Set Up attempt 1|0 fnt|[from] item: Life Orb\n|faint|p2a: Slowbro\n|faint|p1a: Set Up attempt 1\n|\n|upkeep\n|inactive|Stellar Flares has 10 seconds left.\n|\n|t:|1612538259\n|switch|p1a: Hydreigon|Hydreigon, F|100\/100\n|switch|p2a: Tornadus|Tornadus-Therian, M|75\/100\n|-damage|p1a: Hydreigon|88\/100|[from] Stealth Rock\n|turn|16\n|\n|t:|1612538263\n|move|p2a: Tornadus|Hurricane|p1a: Hydreigon|[miss]\n|-miss|p2a: Tornadus|p1a: Hydreigon\n|move|p1a: Hydreigon|Dark Pulse|p2a: Tornadus\n|-damage|p2a: Tornadus|23\/100\n|-damage|p1a: Hydreigon|78\/100|[from] item: Life Orb\n|\n|-sideend|p1: Stellar Flares|Reflect\n|upkeep\n|turn|17\n|inactive|Stellar Flares has 10 seconds left.\n|\n|t:|1612538269\n|move|p2a: Tornadus|U-turn|p1a: Hydreigon\n|-supereffective|p1a: Hydreigon\n|-damage|p1a: Hydreigon|44\/100\n|\n|t:|1612538271\n|switch|p2a: Landorus|Landorus-Therian, M|70\/100|[from]move: U-turn\n|-damage|p2a: Landorus|57\/100|[from] Stealth Rock\n|-ability|p2a: Landorus|Intimidate|boost\n|-unboost|p1a: Hydreigon|atk|1\n|move|p1a: Hydreigon|Dark Pulse|p2a: Landorus\n|-damage|p2a: Landorus|0 fnt\n|-damage|p1a: Hydreigon|34\/100|[from] item: Life Orb\n|faint|p2a: Landorus\n|\n|upkeep\n|\n|t:|1612538273\n|switch|p2a: Tornadus|Tornadus-Therian, M|57\/100\n|turn|18\n|inactive|airfare++! has 10 seconds left.\n|\n|t:|1612538279\n|move|p2a: Tornadus|U-turn|p1a: Hydreigon\n|-supereffective|p1a: Hydreigon\n|-damage|p1a: Hydreigon|3\/100\n|move|p1a: Hydreigon|Dark Pulse|p2a: Tornadus\n|-damage|p2a: Tornadus|0 fnt\n|-damage|p1a: Hydreigon|0 fnt|[from] item: Life Orb\n|faint|p2a: Tornadus\n|faint|p1a: Hydreigon\n|\n|win|Stellar Flares\n|n|\u2606Stellar Flares|stellarflares\n|n|\u2606airfare++!|airfare\n|n| hatkid fedido|hatkidfedido\n|n| Le panda chill|lepandachill\n|l| hatkid fedido\n|c|\u2606airfare++!|won if cane hit\n|c|\u2606airfare++!|nice\n","uploadtime":1612538290,"views":23,"p1id":"stellarflares","p2id":"airfare","formatid":"gen8oublitz","rating":0,"private":0,"password":null}