{"id":"gen8lc-1453372715","p1":"Laroxyl","p2":"Expulso","format":"gen8lc","log":"|j|\u2606Laroxyl\n|j|\u2606Expulso\n|t:|1636669773\n|gametype|singles\n|player|p1|Laroxyl|101|\n|player|p2|Expulso|1|\n|teamsize|p1|6\n|teamsize|p2|6\n|gen|8\n|tier|[Gen 8] LC\n|rule|Sleep Clause Mod: Limit one foe put to sleep\n|rule|Species Clause: Limit one of each Pok\u00e9mon\n|rule|OHKO Clause: OHKO moves are banned\n|rule|Evasion Moves Clause: Evasion moves are banned\n|rule|Endless Battle Clause: Forcing endless battles is banned\n|rule|HP Percentage Mod: HP is shown in percentages\n|rule|Dynamax Clause: You cannot dynamax\n|clearpoke\n|poke|p1|Shellos-East, L5, F|\n|poke|p1|Diglett, L5, F|\n|poke|p1|Ferroseed, L5, M|\n|poke|p1|Mienfoo, L5, M|\n|poke|p1|Koffing, L5, F|\n|poke|p1|Natu, L5, F|\n|poke|p2|Pawniard, L5, M|\n|poke|p2|Frillish, L5, M|\n|poke|p2|Timburr, L5, M|\n|poke|p2|Natu, L5, F|\n|poke|p2|Koffing, L5, F|\n|poke|p2|Mudbray, L5, M|\n|teampreview\n|c|\u2606Expulso|hf\n|c|\u2606Laroxyl|hf\n|inactive|Battle timer is ON: inactive players will automatically lose when time's up. (requested by Expulso)\n|j|@C oconut\n|inactive|Laroxyl has 270 seconds left.\n|j| tazz\n|j| taking a cat nap\n|j|+Merritty\n|j| proudofmyinsanity\n|j| Acehunter1\n|inactive|Laroxyl has 240 seconds left.\n|\n|t:|1636669850\n|start\n|switch|p1a: Natu|Natu, L5, F|100\/100\n|switch|p2a: Timburr|Timburr, L5, M|100\/100\n|turn|1\n|inactive|Laroxyl has 270 seconds left.\n|inactive|Expulso has 270 seconds left.\n|\n|t:|1636669895\n|switch|p2a: Natu|Natu, L5, F|100\/100\n|move|p1a: Natu|Psychic|p2a: Natu\n|-resisted|p2a: Natu\n|-damage|p2a: Natu|81\/100\n|\n|upkeep\n|turn|2\n|inactive|Expulso has 270 seconds left.\n|\n|t:|1636669905\n|move|p1a: Natu|Heat Wave|p2a: Natu\n|-damage|p2a: Natu|58\/100\n|move|p2a: Natu|U-turn|p1a: Natu\n|-damage|p1a: Natu|87\/100\n|inactive|Expulso has 270 seconds left.\n|\n|t:|1636669910\n|switch|p2a: Pawniard|Pawniard, L5, M|100\/100|[from]move: U-turn\n|\n|upkeep\n|turn|3\n|\n|t:|1636669930\n|move|p1a: Natu|U-turn|p2a: Pawniard\n|-damage|p2a: Pawniard|86\/100\n|\n|t:|1636669933\n|switch|p1a: Mienfoo|Mienfoo, L5, M|100\/100|[from]move: U-turn\n|move|p2a: Pawniard|Knock Off|p1a: Mienfoo\n|-resisted|p1a: Mienfoo\n|-damage|p1a: Mienfoo|72\/100\n|-enditem|p1a: Mienfoo|Eviolite|[from] move: Knock Off|[of] p2a: Pawniard\n|\n|upkeep\n|turn|4\n|inactive|Laroxyl has 270 seconds left.\n|\n|t:|1636669957\n|switch|p2a: Koffing|Koffing, L5, F|100\/100\n|-ability|p2a: Koffing|Neutralizing Gas\n|move|p1a: Mienfoo|Knock Off|p2a: Koffing\n|-damage|p2a: Koffing|72\/100\n|-enditem|p2a: Koffing|Eviolite|[from] move: Knock Off|[of] p1a: Mienfoo\n|\n|upkeep\n|turn|5\n|\n|t:|1636669969\n|move|p1a: Mienfoo|U-turn|p2a: Koffing\n|-resisted|p2a: Koffing\n|-crit|p2a: Koffing\n|-damage|p2a: Koffing|53\/100\n|inactive|Laroxyl has 270 seconds left.\n|j| Prodigezz\n|\n|t:|1636669992\n|switch|p1a: Koffing|Koffing, L5, F|100\/100|[from]move: U-turn\n|-ability|p1a: Koffing|Neutralizing Gas\n|move|p2a: Koffing|Pain Split|p1a: Koffing\n|-sethp|p1a: Koffing|75\/100|[from] move: Pain Split|[silent]\n|-sethp|p2a: Koffing|72\/100|[from] move: Pain Split\n|\n|upkeep\n|turn|6\n|j| Boulicrok\n|j| Skyrio\n|\n|t:|1636670009\n|switch|p2a: Frillish|Frillish, L5, M|100\/100\n|move|p1a: Koffing|Fire Blast|p2a: Frillish\n|-resisted|p2a: Frillish\n|-damage|p2a: Frillish|92\/100\n|\n|upkeep\n|turn|7\n|j| Hyss\n|inactive|Expulso has 270 seconds left.\n|\n|t:|1636670062\n|move|p1a: Koffing|Thunderbolt|p2a: Frillish\n|-supereffective|p2a: Frillish\n|-damage|p2a: Frillish|52\/100\n|move|p2a: Frillish|Scald|p1a: Koffing\n|-damage|p1a: Koffing|40\/100\n|\n|upkeep\n|turn|8\n|\n|t:|1636670084\n|move|p1a: Koffing|Thunderbolt|p2a: Frillish\n|-supereffective|p2a: Frillish\n|-damage|p2a: Frillish|12\/100\n|move|p2a: Frillish|Recover|p2a: Frillish\n|-heal|p2a: Frillish|64\/100\n|\n|upkeep\n|turn|9\n|\n|t:|1636670097\n|switch|p2a: Pawniard|Pawniard, L5, M|86\/100\n|move|p1a: Koffing|Thunderbolt|p2a: Pawniard\n|-damage|p2a: Pawniard|53\/100\n|\n|upkeep\n|turn|10\n|j| zeroouttathere\n|inactive|Laroxyl has 240 seconds left.\n|l| zeroouttathere\n|inactive|Expulso has 240 seconds left.\n|inactive|Laroxyl has 210 seconds left.\n|inactive|Laroxyl has 180 seconds left.\n|inactive|Expulso has 210 seconds left.\n|\n|t:|1636670205\n|-end|p1a: Koffing|ability: Neutralizing Gas\n|switch|p1a: Ferroseed|Ferroseed, L5, M|100\/100\n|move|p2a: Pawniard|Iron Head|p1a: Ferroseed\n|-resisted|p1a: Ferroseed\n|-damage|p1a: Ferroseed|87\/100\n|-damage|p2a: Pawniard|43\/100|[from] ability: Iron Barbs|[of] p1a: Ferroseed\n|\n|upkeep\n|turn|11\n|inactive|Laroxyl has 150 seconds left.\n|j| zeroouttathere\n|l| Boulicrok\n|l| zeroouttathere\n|j| zeroouttathere\n|\n|t:|1636670246\n|switch|p1a: Mienfoo|Mienfoo, L5, M|72\/100\n|move|p2a: Pawniard|Stealth Rock|p1a: Mienfoo\n|-sidestart|p1: Laroxyl|move: Stealth Rock\n|\n|upkeep\n|turn|12\n|inactive|Laroxyl has 120 seconds left.\n|\n|t:|1636670264\n|switch|p2a: Koffing|Koffing, L5, F|72\/100\n|-ability|p2a: Koffing|Neutralizing Gas\n|move|p1a: Mienfoo|High Jump Kick|p2a: Koffing\n|-resisted|p2a: Koffing\n|-damage|p2a: Koffing|43\/100\n|\n|upkeep\n|turn|13\n|inactive|Laroxyl has 120 seconds left.\n|inactive|Expulso has 210 seconds left.\n|\n|t:|1636670295\n|move|p1a: Mienfoo|U-turn|p2a: Koffing\n|-resisted|p2a: Koffing\n|-damage|p2a: Koffing|34\/100\n|inactive|Laroxyl has 90 seconds left.\n|\n|t:|1636670336\n|switch|p1a: Diglett|Diglett, L5, F|100\/100|[from]move: U-turn\n|-damage|p1a: Diglett|95\/100|[from] Stealth Rock\n|move|p2a: Koffing|Fire Blast|p1a: Diglett\n|-damage|p1a: Diglett|53\/100\n|\n|upkeep\n|turn|14\n|inactive|Expulso has 210 seconds left.\n|inactive|Laroxyl has 60 seconds left.\n|l| zeroouttathere\n|j| zeroouttathere\n|\n|t:|1636670362\n|-end|p2a: Koffing|ability: Neutralizing Gas\n|switch|p2a: Mudbray|Mudbray, L5, M|100\/100\n|move|p1a: Diglett|Earthquake|p2a: Mudbray\n|-damage|p2a: Mudbray|38\/100\n|-ability|p2a: Mudbray|Stamina|boost\n|-boost|p2a: Mudbray|def|1\n|\n|upkeep\n|turn|15\n|inactive|Expulso has 180 seconds left.\n|\n|t:|1636670401\n|switch|p1a: Shellos|Shellos-East, L5, F|100\/100\n|-damage|p1a: Shellos|89\/100|[from] Stealth Rock\n|move|p2a: Mudbray|Close Combat|p1a: Shellos\n|-damage|p1a: Shellos|52\/100\n|-unboost|p2a: Mudbray|def|1\n|-unboost|p2a: Mudbray|spd|1\n|\n|upkeep\n|turn|16\n|l| zeroouttathere\n|inactive|Laroxyl has 30 seconds left.\n|inactive|Laroxyl has 20 seconds left.\n|inactive|Laroxyl has 15 seconds left.\n|j| zeroouttathere\n|\n|t:|1636670440\n|switch|p2a: Pawniard|Pawniard, L5, M|43\/100\n|switch|p1a: Koffing|Koffing, L5, F|40\/100\n|-ability|p1a: Koffing|Neutralizing Gas\n|-damage|p1a: Koffing|30\/100|[from] Stealth Rock\n|\n|upkeep\n|turn|17\n|inactive|Laroxyl has 25 seconds left this turn.\n|inactive|Laroxyl has 20 seconds left.\n|inactive|Laroxyl has 15 seconds left.\n|l| zeroouttathere\n|inactive|Laroxyl has 10 seconds left.\n|inactive|Expulso has 150 seconds left.\n|\n|t:|1636670470\n|-end|p1a: Koffing|ability: Neutralizing Gas\n|switch|p1a: Ferroseed|Ferroseed, L5, M|87\/100\n|-damage|p1a: Ferroseed|82\/100|[from] Stealth Rock\n|move|p2a: Pawniard|Sucker Punch||[still]\n|-fail|p2a: Pawniard\n|\n|upkeep\n|turn|18\n|inactive|Laroxyl has 20 seconds left this turn.\n|inactive|Laroxyl has 15 seconds left.\n|inactive|Laroxyl has 10 seconds left.\n|j| zeroouttathere\n|l| zeroouttathere\n|inactive|Expulso has 120 seconds left.\n|\n|t:|1636670514\n|switch|p2a: Timburr|Timburr, L5, M|100\/100\n|move|p1a: Ferroseed|Stealth Rock|p2a: Timburr\n|-sidestart|p2: Expulso|move: Stealth Rock\n|\n|upkeep\n|turn|19\n|inactive|Laroxyl has 20 seconds left this turn.\n|inactive|Laroxyl has 15 seconds left.\n|inactive|Laroxyl has 10 seconds left.\n|inactive|Laroxyl has 5 seconds left.\n|\n|t:|1636670540\n|switch|p1a: Shellos|Shellos-East, L5, F|52\/100\n|-damage|p1a: Shellos|41\/100|[from] Stealth Rock\n|move|p2a: Timburr|Drain Punch|p1a: Shellos\n|-damage|p1a: Shellos|4\/100\n|\n|upkeep\n|turn|20\n|inactive|Laroxyl has 15 seconds left this turn.\n|\n|t:|1636670545\n|move|p2a: Timburr|Mach Punch|p1a: Shellos\n|-damage|p1a: Shellos|0 fnt\n|faint|p1a: Shellos\n|\n|upkeep\n|inactive|Laroxyl has 20 seconds left this turn.\n|inactive|Laroxyl has 15 seconds left.\n|inactive|Laroxyl has 10 seconds left.\n|\n|t:|1636670558\n|switch|p1a: Koffing|Koffing, L5, F|30\/100\n|-ability|p1a: Koffing|Neutralizing Gas\n|-damage|p1a: Koffing|20\/100|[from] Stealth Rock\n|turn|21\n|inactive|Laroxyl has 20 seconds left this turn.\n|inactive|Laroxyl has 15 seconds left.\n|inactive|Laroxyl has 10 seconds left.\n|\n|t:|1636670579\n|switch|p2a: Mudbray|Mudbray, L5, M|38\/100\n|-damage|p2a: Mudbray|34\/100|[from] Stealth Rock\n|move|p1a: Koffing|Fire Blast|p2a: Mudbray\n|-damage|p2a: Mudbray|0 fnt\n|faint|p2a: Mudbray\n|\n|upkeep\n|inactive|Laroxyl has 15 seconds left this turn.\n|\n|t:|1636670588\n|switch|p2a: Pawniard|Pawniard, L5, M|43\/100\n|-damage|p2a: Pawniard|39\/100|[from] Stealth Rock\n|turn|22\n|inactive|Laroxyl has 25 seconds left this turn.\n|inactive|Laroxyl has 20 seconds left.\n|\n|t:|1636670601\n|-end|p1a: Koffing|ability: Neutralizing Gas\n|switch|p1a: Ferroseed|Ferroseed, L5, M|82\/100\n|-damage|p1a: Ferroseed|78\/100|[from] Stealth Rock\n|move|p2a: Pawniard|Iron Head|p1a: Ferroseed\n|-resisted|p1a: Ferroseed\n|-damage|p1a: Ferroseed|64\/100\n|-damage|p2a: Pawniard|29\/100|[from] ability: Iron Barbs|[of] p1a: Ferroseed\n|\n|upkeep\n|turn|23\n|inactive|Laroxyl has 30 seconds left this turn.\n|inactive|Laroxyl has 20 seconds left.\n|inactive|Laroxyl has 15 seconds left.\n|inactive|Expulso has 90 seconds left.\n|inactive|Laroxyl has 10 seconds left.\n|inactive|Laroxyl has 5 seconds left.\n|\n|t:|1636670629\n|move|p2a: Pawniard|Knock Off|p1a: Ferroseed\n|-damage|p1a: Ferroseed|23\/100\n|-damage|p2a: Pawniard|20\/100|[from] ability: Iron Barbs|[of] p1a: Ferroseed\n|-enditem|p1a: Ferroseed|Eviolite|[from] move: Knock Off|[of] p2a: Pawniard\n|move|p1a: Ferroseed|Spikes|p2a: Pawniard\n|-sidestart|p2: Expulso|Spikes\n|\n|upkeep\n|turn|24\n|inactive|Laroxyl has 15 seconds left this turn.\n|c| proudofmyinsanity|tiemr\n|inactive|Laroxyl has 10 seconds left.\n|inactive|Laroxyl has 5 seconds left.\n|inactive|Expulso has 90 seconds left.\n|\n|t:|1636670644\n|move|p2a: Pawniard|Knock Off|p1a: Ferroseed\n|-damage|p1a: Ferroseed|0 fnt\n|-damage|p2a: Pawniard|10\/100|[from] ability: Iron Barbs|[of] p1a: Ferroseed\n|faint|p1a: Ferroseed\n|\n|upkeep\n|inactive|Laroxyl has 10 seconds left this turn.\n|inactive|Laroxyl has 5 seconds left.\n|\n|t:|1636670649\n|switch|p1a: Mienfoo|Mienfoo, L5, M|72\/100\n|-damage|p1a: Mienfoo|67\/100|[from] Stealth Rock\n|turn|25\n|inactive|Laroxyl has 15 seconds left this turn.\n|inactive|Laroxyl has 10 seconds left.\n|inactive|Laroxyl has 5 seconds left.\n|inactive|Expulso has 90 seconds left.\n|inactive|Expulso has 60 seconds left.\n|\n|t:|1636670696\n|move|p1a: Mienfoo|Fake Out|p2a: Pawniard\n|-resisted|p2a: Pawniard\n|-damage|p2a: Pawniard|5\/100\n|cant|p2a: Pawniard|flinch\n|\n|upkeep\n|turn|26\n|inactive|Laroxyl has 15 seconds left this turn.\n|l| tazz\n|inactive|Laroxyl has 10 seconds left.\n|\n|t:|1636670703\n|move|p2a: Pawniard|Sucker Punch|p1a: Mienfoo\n|-resisted|p1a: Mienfoo\n|-damage|p1a: Mienfoo|39\/100\n|move|p1a: Mienfoo|U-turn|p2a: Pawniard\n|-damage|p2a: Pawniard|0 fnt\n|faint|p2a: Pawniard\n|inactive|Laroxyl has 15 seconds left this turn.\n|inactive|Laroxyl has 10 seconds left.\n|\n|t:|1636670712\n|switch|p1a: Diglett|Diglett, L5, F|53\/100|[from]move: U-turn\n|-damage|p1a: Diglett|48\/100|[from] Stealth Rock\n|\n|upkeep\n|inactive|Laroxyl has 15 seconds left this turn.\n|inactive|Expulso has 60 seconds left.\n|\n|t:|1636670751\n|switch|p2a: Timburr|Timburr, L5, M|100\/100\n|-damage|p2a: Timburr|88\/100|[from] Spikes\n|-damage|p2a: Timburr|84\/100|[from] Stealth Rock\n|turn|27\n|inactive|Laroxyl has 25 seconds left this turn.\n|inactive|Laroxyl has 20 seconds left.\n|inactive|Laroxyl has 15 seconds left.\n|j| tazz\n|\n|t:|1636670770\n|move|p2a: Timburr|Mach Punch|p1a: Diglett\n|-damage|p1a: Diglett|0 fnt\n|faint|p1a: Diglett\n|\n|upkeep\n|inactive|Laroxyl has 20 seconds left this turn.\n|inactive|Laroxyl has 15 seconds left.\n|inactive|Laroxyl has 10 seconds left.\n|\n|t:|1636670781\n|switch|p1a: Natu|Natu, L5, F|87\/100\n|-damage|p1a: Natu|64\/100|[from] Stealth Rock\n|turn|28\n|inactive|Laroxyl has 20 seconds left this turn.\n|inactive|Laroxyl has 15 seconds left.\n|\n|t:|1636670806\n|switch|p2a: Koffing|Koffing, L5, F|34\/100\n|-ability|p2a: Koffing|Neutralizing Gas\n|-damage|p2a: Koffing|24\/100|[from] Stealth Rock\n|-damage|p2a: Koffing|15\/100|[from] Spikes\n|move|p1a: Natu|Psychic|p2a: Koffing\n|-supereffective|p2a: Koffing\n|-damage|p2a: Koffing|0 fnt\n|faint|p2a: Koffing\n|-end|p2a: Koffing|ability: Neutralizing Gas\n|\n|upkeep\n|inactive|Laroxyl has 20 seconds left this turn.\n|\n|t:|1636670811\n|switch|p2a: Frillish|Frillish, L5, M|64\/100\n|-damage|p2a: Frillish|52\/100|[from] Stealth Rock\n|-damage|p2a: Frillish|40\/100|[from] Spikes\n|turn|29\n|inactive|Laroxyl has 30 seconds left this turn.\n|inactive|Laroxyl has 20 seconds left.\n|inactive|Laroxyl has 15 seconds left.\n|\n|t:|1636670828\n|move|p1a: Natu|U-turn|p2a: Frillish\n|-resisted|p2a: Frillish\n|-damage|p2a: Frillish|36\/100\n|-start|p1a: Natu|Disable|U-turn|[from] ability: Cursed Body|[of] p2a: Frillish\n|inactive|Laroxyl has 20 seconds left this turn.\n|\n|t:|1636670831\n|switch|p1a: Koffing|Koffing, L5, F|20\/100|[from]move: U-turn\n|-ability|p1a: Koffing|Neutralizing Gas\n|-damage|p1a: Koffing|10\/100|[from] Stealth Rock\n|move|p2a: Frillish|Recover|p2a: Frillish\n|-heal|p2a: Frillish|88\/100\n|\n|upkeep\n|turn|30\n|inactive|Laroxyl has 30 seconds left this turn.\n|inactive|Expulso has 30 seconds left.\n|\n|t:|1636670868\n|move|p1a: Koffing|Pain Split|p2a: Frillish\n|-sethp|p2a: Frillish|48\/100|[from] move: Pain Split|[silent]\n|-sethp|p1a: Koffing|60\/100|[from] move: Pain Split\n|move|p2a: Frillish|Recover|p2a: Frillish\n|-heal|p2a: Frillish|100\/100\n|\n|upkeep\n|turn|31\n|inactive|Laroxyl has 30 seconds left.\n|\n|t:|1636670877\n|move|p1a: Koffing|Sludge Bomb|p2a: Frillish\n|-resisted|p2a: Frillish\n|-damage|p2a: Frillish|88\/100\n|move|p2a: Frillish|Scald|p1a: Koffing\n|-damage|p1a: Koffing|25\/100\n|-status|p1a: Koffing|brn\n|\n|-damage|p1a: Koffing|20\/100 brn|[from] brn\n|upkeep\n|turn|32\n|inactive|Expulso has 30 seconds left.\n|inactive|Expulso has 20 seconds left.\n|\n|t:|1636670902\n|move|p1a: Koffing|Pain Split|p2a: Frillish\n|-sethp|p2a: Frillish|52\/100|[from] move: Pain Split|[silent]\n|-sethp|p1a: Koffing|65\/100 brn|[from] move: Pain Split\n|move|p2a: Frillish|Recover|p2a: Frillish\n|-heal|p2a: Frillish|100\/100\n|\n|-damage|p1a: Koffing|60\/100 brn|[from] brn\n|upkeep\n|turn|33\n|inactive|Expulso has 30 seconds left this turn.\n|\n|t:|1636670910\n|move|p1a: Koffing|Thunderbolt|p2a: Frillish\n|-supereffective|p2a: Frillish\n|-damage|p2a: Frillish|60\/100\n|move|p2a: Frillish|Hex|p1a: Koffing\n|-damage|p1a: Koffing|0 fnt\n|faint|p1a: Koffing\n|-end|p1a: Koffing|ability: Neutralizing Gas\n|\n|upkeep\n|inactive|Expulso has 30 seconds left this turn.\n|\n|t:|1636670916\n|switch|p1a: Mienfoo|Mienfoo, L5, M|72\/100\n|-damage|p1a: Mienfoo|67\/100|[from] Stealth Rock\n|turn|34\n|inactive|Expulso has 30 seconds left.\n|inactive|Expulso has 20 seconds left.\n|inactive|Expulso has 15 seconds left.\n|inactive|Expulso has 10 seconds left.\n|inactive|Expulso has 5 seconds left.\n|\n|t:|1636670953\n|move|p1a: Mienfoo|Knock Off|p2a: Frillish\n|-supereffective|p2a: Frillish\n|-damage|p2a: Frillish|4\/100\n|-start|p1a: Mienfoo|Disable|Knock Off|[from] ability: Cursed Body|[of] p2a: Frillish\n|-enditem|p2a: Frillish|Eviolite|[from] move: Knock Off|[of] p1a: Mienfoo\n|move|p2a: Frillish|Will-O-Wisp|p1a: Mienfoo\n|-status|p1a: Mienfoo|brn\n|\n|-damage|p1a: Mienfoo|62\/100 brn|[from] brn\n|upkeep\n|turn|35\n|inactive|Expulso has 15 seconds left this turn.\n|inactive|Expulso has 10 seconds left.\n|c|\u2606Laroxyl|No cmon\n|inactive|Expulso has 5 seconds left.\n|\n|t:|1636670971\n|move|p1a: Mienfoo|U-turn|p2a: Frillish\n|-resisted|p2a: Frillish\n|-damage|p2a: Frillish|0 fnt\n|faint|p2a: Frillish\n|inactive|Expulso has 10 seconds left this turn.\n|\n|t:|1636670973\n|switch|p1a: Natu|Natu, L5, F|64\/100|[from]move: U-turn\n|-damage|p1a: Natu|41\/100|[from] Stealth Rock\n|\n|upkeep\n|inactive|Expulso has 15 seconds left this turn.\n|\n|t:|1636670977\n|switch|p2a: Natu|Natu, L5, F|58\/100\n|-damage|p2a: Natu|34\/100|[from] Stealth Rock\n|turn|36\n|inactive|Expulso has 25 seconds left this turn.\n|\n|t:|1636670984\n|move|p1a: Natu|Roost|p1a: Natu\n|-heal|p1a: Natu|91\/100\n|-singleturn|p1a: Natu|move: Roost\n|move|p2a: Natu|Roost|p2a: Natu\n|-heal|p2a: Natu|86\/100\n|-singleturn|p2a: Natu|move: Roost\n|\n|upkeep\n|turn|37\n|inactive|Laroxyl has 60 seconds left.\n|inactive|Expulso has 30 seconds left.\n|c|\u2606Expulso|i fucked this one up super bad\n|\n|t:|1636670996\n|move|p1a: Natu|Heat Wave|p2a: Natu\n|-damage|p2a: Natu|58\/100\n|move|p2a: Natu|Heat Wave|p1a: Natu\n|-damage|p1a: Natu|60\/100\n|\n|upkeep\n|turn|38\n|inactive|Laroxyl has 60 seconds left.\n|\n|t:|1636671015\n|move|p1a: Natu|Roost|p1a: Natu\n|-heal|p1a: Natu|100\/100\n|-singleturn|p1a: Natu|move: Roost\n|move|p2a: Natu|Roost|p2a: Natu\n|-heal|p2a: Natu|100\/100\n|-singleturn|p2a: Natu|move: Roost\n|\n|upkeep\n|turn|39\n|\n|t:|1636671018\n|move|p1a: Natu|Heat Wave|p2a: Natu\n|-damage|p2a: Natu|72\/100\n|move|p2a: Natu|Heat Wave|p1a: Natu\n|-damage|p1a: Natu|69\/100\n|\n|upkeep\n|turn|40\n|\n|t:|1636671027\n|move|p2a: Natu|Heat Wave|p1a: Natu\n|-damage|p1a: Natu|37\/100\n|move|p1a: Natu|Heat Wave|p2a: Natu\n|-damage|p2a: Natu|43\/100\n|\n|upkeep\n|turn|41\n|inactive|Expulso has 60 seconds left.\n|\n|t:|1636671035\n|move|p1a: Natu|Roost|p1a: Natu\n|-heal|p1a: Natu|87\/100\n|-singleturn|p1a: Natu|move: Roost\n|move|p2a: Natu|Heat Wave|p1a: Natu\n|-damage|p1a: Natu|60\/100\n|\n|upkeep\n|turn|42\n|\n|t:|1636671047\n|move|p2a: Natu|Roost|p2a: Natu\n|-heal|p2a: Natu|96\/100\n|-singleturn|p2a: Natu|move: Roost\n|move|p1a: Natu|Heat Wave|p2a: Natu\n|-damage|p2a: Natu|67\/100\n|\n|upkeep\n|turn|43\n|\n|t:|1636671053\n|move|p2a: Natu|Psychic|p1a: Natu\n|-resisted|p1a: Natu\n|-damage|p1a: Natu|37\/100\n|move|p1a: Natu|Roost|p1a: Natu\n|-heal|p1a: Natu|87\/100\n|-singleturn|p1a: Natu|move: Roost\n|\n|upkeep\n|turn|44\n|inactive|Laroxyl has 90 seconds left.\n|\n|t:|1636671063\n|move|p1a: Natu|Heat Wave|p2a: Natu\n|-crit|p2a: Natu\n|-damage|p2a: Natu|24\/100\n|move|p2a: Natu|Roost|p2a: Natu\n|-heal|p2a: Natu|77\/100\n|-singleturn|p2a: Natu|move: Roost\n|\n|upkeep\n|turn|45\n|inactive|Expulso has 90 seconds left.\n|\n|t:|1636671069\n|move|p2a: Natu|Heat Wave|p1a: Natu\n|-damage|p1a: Natu|55\/100\n|-status|p1a: Natu|brn\n|move|p1a: Natu|Psychic|p2a: Natu\n|-resisted|p2a: Natu\n|-damage|p2a: Natu|58\/100\n|\n|-damage|p1a: Natu|50\/100 brn|[from] brn\n|upkeep\n|turn|46\n|\n|t:|1636671074\n|move|p1a: Natu|Roost|p1a: Natu\n|-heal|p1a: Natu|100\/100 brn\n|-singleturn|p1a: Natu|move: Roost\n|move|p2a: Natu|Roost|p2a: Natu\n|-heal|p2a: Natu|100\/100\n|-singleturn|p2a: Natu|move: Roost\n|\n|-damage|p1a: Natu|96\/100 brn|[from] brn\n|upkeep\n|turn|47\n|\n|t:|1636671081\n|move|p1a: Natu|Heat Wave|p2a: Natu\n|-damage|p2a: Natu|72\/100\n|move|p2a: Natu|Psychic|p1a: Natu\n|-resisted|p1a: Natu\n|-damage|p1a: Natu|73\/100 brn\n|\n|-damage|p1a: Natu|69\/100 brn|[from] brn\n|upkeep\n|turn|48\n|\n|t:|1636671090\n|move|p1a: Natu|Roost|p1a: Natu\n|-heal|p1a: Natu|100\/100 brn\n|-singleturn|p1a: Natu|move: Roost\n|move|p2a: Natu|Heat Wave|p1a: Natu\n|-damage|p1a: Natu|69\/100 brn\n|\n|-damage|p1a: Natu|64\/100 brn|[from] brn\n|upkeep\n|turn|49\n|c|\u2606Laroxyl|I\u2019m never lucky against you\n|j| Discord main\n|inactive|Laroxyl has 120 seconds left.\n|c|\u2606Expulso|i feel u\n|j| Boulicrok\n|c|\u2606Expulso|i fucked this game up bad\n|\n|t:|1636671111\n|move|p1a: Natu|Roost|p1a: Natu\n|-heal|p1a: Natu|100\/100 brn\n|-singleturn|p1a: Natu|move: Roost\n|move|p2a: Natu|Psychic|p1a: Natu\n|-resisted|p1a: Natu\n|-damage|p1a: Natu|78\/100 brn\n|\n|-damage|p1a: Natu|73\/100 brn|[from] brn\n|upkeep\n|turn|50\n|\n|t:|1636671136\n|move|p2a: Natu|Heat Wave|p1a: Natu\n|-damage|p1a: Natu|41\/100 brn\n|move|p1a: Natu|Heat Wave|p2a: Natu\n|-damage|p2a: Natu|43\/100\n|\n|-damage|p1a: Natu|37\/100 brn|[from] brn\n|upkeep\n|turn|51\n|c|\u2606Laroxyl|You still win\n|\n|t:|1636671148\n|move|p1a: Natu|Roost|p1a: Natu\n|-heal|p1a: Natu|87\/100 brn\n|-singleturn|p1a: Natu|move: Roost\n|move|p2a: Natu|Roost|p2a: Natu\n|-heal|p2a: Natu|96\/100\n|-singleturn|p2a: Natu|move: Roost\n|\n|-damage|p1a: Natu|82\/100 brn|[from] brn\n|upkeep\n|turn|52\n|\n|t:|1636671164\n|move|p2a: Natu|Psychic|p1a: Natu\n|-resisted|p1a: Natu\n|-damage|p1a: Natu|60\/100 brn\n|-unboost|p1a: Natu|spd|1\n|move|p1a: Natu|Heat Wave|p2a: Natu\n|-crit|p2a: Natu\n|-damage|p2a: Natu|58\/100\n|\n|-damage|p1a: Natu|55\/100 brn|[from] brn\n|upkeep\n|turn|53\n|\n|t:|1636671172\n|move|p2a: Natu|Roost|p2a: Natu\n|-heal|p2a: Natu|100\/100\n|-singleturn|p2a: Natu|move: Roost\n|move|p1a: Natu|Roost|p1a: Natu\n|-heal|p1a: Natu|100\/100 brn\n|-singleturn|p1a: Natu|move: Roost\n|\n|-damage|p1a: Natu|96\/100 brn|[from] brn\n|upkeep\n|turn|54\n|\n|t:|1636671179\n|move|p2a: Natu|Heat Wave|p1a: Natu\n|-damage|p1a: Natu|50\/100 brn\n|move|p1a: Natu|U-turn|p2a: Natu\n|-damage|p2a: Natu|96\/100\n|\n|t:|1636671182\n|switch|p1a: Mienfoo|Mienfoo, L5, M|96\/100 brn|[from]move: U-turn\n|-damage|p1a: Mienfoo|91\/100 brn|[from] Stealth Rock\n|\n|-damage|p1a: Mienfoo|86\/100 brn|[from] brn\n|upkeep\n|turn|55\n|inactive|Laroxyl has 120 seconds left.\n|\n|t:|1636671202\n|move|p1a: Mienfoo|Knock Off|p2a: Natu\n|-supereffective|p2a: Natu\n|-damage|p2a: Natu|67\/100\n|-enditem|p2a: Natu|Eviolite|[from] move: Knock Off|[of] p1a: Mienfoo\n|move|p2a: Natu|Psychic|p1a: Mienfoo\n|-supereffective|p1a: Mienfoo\n|-damage|p1a: Mienfoo|0 fnt\n|faint|p1a: Mienfoo\n|\n|upkeep\n|\n|t:|1636671206\n|switch|p1a: Natu|Natu, L5, F|50\/100 brn\n|-damage|p1a: Natu|28\/100 brn|[from] Stealth Rock\n|turn|56\n|inactive|Laroxyl has 120 seconds left.\n|\n|t:|1636671213\n|move|p1a: Natu|Roost|p1a: Natu\n|-heal|p1a: Natu|78\/100 brn\n|-singleturn|p1a: Natu|move: Roost\n|move|p2a: Natu|Heat Wave|p1a: Natu|[miss]\n|-miss|p2a: Natu|p1a: Natu\n|\n|-damage|p1a: Natu|73\/100 brn|[from] brn\n|upkeep\n|turn|57\n|inactive|Laroxyl has 120 seconds left.\n|\n|t:|1636671229\n|move|p2a: Natu|Roost|p2a: Natu\n|-heal|p2a: Natu|100\/100\n|-singleturn|p2a: Natu|move: Roost\n|move|p1a: Natu|Heat Wave|p2a: Natu|[miss]\n|-miss|p1a: Natu|p2a: Natu\n|\n|-damage|p1a: Natu|69\/100 brn|[from] brn\n|upkeep\n|turn|58\n|inactive|Laroxyl has 120 seconds left.\n|\n|t:|1636671236\n|move|p2a: Natu|Psychic|p1a: Natu\n|-resisted|p1a: Natu\n|-damage|p1a: Natu|50\/100 brn\n|move|p1a: Natu|Roost|p1a: Natu\n|-heal|p1a: Natu|100\/100 brn\n|-singleturn|p1a: Natu|move: Roost\n|\n|-damage|p1a: Natu|96\/100 brn|[from] brn\n|upkeep\n|turn|59\n|\n|t:|1636671241\n|move|p2a: Natu|Psychic|p1a: Natu\n|-resisted|p1a: Natu\n|-damage|p1a: Natu|73\/100 brn\n|move|p1a: Natu|Heat Wave|p2a: Natu\n|-crit|p2a: Natu\n|-damage|p2a: Natu|34\/100\n|\n|-damage|p1a: Natu|69\/100 brn|[from] brn\n|upkeep\n|turn|60\n|\n|t:|1636671249\n|move|p2a: Natu|Roost|p2a: Natu\n|-heal|p2a: Natu|86\/100\n|-singleturn|p2a: Natu|move: Roost\n|move|p1a: Natu|Heat Wave|p2a: Natu\n|-damage|p2a: Natu|43\/100\n|\n|-damage|p1a: Natu|64\/100 brn|[from] brn\n|upkeep\n|turn|61\n|\n|t:|1636671255\n|move|p1a: Natu|Heat Wave|p2a: Natu\n|-damage|p2a: Natu|0 fnt\n|faint|p2a: Natu\n|\n|-damage|p1a: Natu|60\/100 brn|[from] brn\n|upkeep\n|\n|t:|1636671257\n|switch|p2a: Timburr|Timburr, L5, M|84\/100\n|-damage|p2a: Timburr|72\/100|[from] Spikes\n|-damage|p2a: Timburr|68\/100|[from] Stealth Rock\n|turn|62\n|\n|t:|1636671259\n|move|p1a: Natu|Psychic|p2a: Timburr\n|-supereffective|p2a: Timburr\n|-damage|p2a: Timburr|0 fnt\n|faint|p2a: Timburr\n|\n|win|Laroxyl\n|c|\u2606Expulso|gg\n|c|\u2606Laroxyl|ggs\n|l| Prodigezz\n","uploadtime":1636671266,"views":617,"p1id":"laroxyl","p2id":"expulso","formatid":"gen8lc","rating":0,"private":0,"password":null}