{"id":"gen8doublesou-1609459024","p1":"xSkelly34","p2":"Reseyada","format":"gen8doublesou","log":"|j|\u2606xSkelly34\n|j|\u2606Reseyada\n|t:|1656863014\n|gametype|doubles\n|player|p1|xSkelly34|bugsy|\n|player|p2|Reseyada|tuberf-gen3rs|\n|teamsize|p1|6\n|teamsize|p2|6\n|gen|8\n|tier|[Gen 8] Doubles OU\n|rule|Species Clause: Limit one of each Pok\u00e9mon\n|rule|OHKO Clause: OHKO moves are banned\n|rule|Evasion Moves Clause: Evasion moves are banned\n|rule|Gravity Sleep Clause: The combination of sleep-inducing moves with imperfect accuracy and Gravity or Gigantamax Orbeetle are banned\n|rule|Endless Battle Clause: Forcing endless battles is banned\n|rule|HP Percentage Mod: HP is shown in percentages\n|rule|Dynamax Clause: You cannot dynamax\n|rule|Swagger Clause: Swagger is banned\n|clearpoke\n|poke|p1|Tapu Koko|\n|poke|p1|Scrafty, M|\n|poke|p1|Diancie|\n|poke|p1|Volcanion|\n|poke|p1|Cresselia, F|\n|poke|p1|Tsareena, F|\n|poke|p2|Dragapult, M|\n|poke|p2|Incineroar, F|\n|poke|p2|Rillaboom, F|\n|poke|p2|Toxapex, M|\n|poke|p2|Chansey, F|\n|poke|p2|Celesteela|\n|teampreview\n|\n|t:|1656863038\n|start\n|switch|p1a: Tapu Koko|Tapu Koko|100\/100\n|switch|p1b: Scrafty|Scrafty, M|100\/100\n|switch|p2a: Toxapex|Toxapex, M|100\/100\n|switch|p2b: Incineroar|Incineroar, F|100\/100\n|-fieldstart|move: Electric Terrain|[from] ability: Electric Surge|[of] p1a: Tapu Koko\n|-ability|p2b: Incineroar|Intimidate|boost\n|-unboost|p1a: Tapu Koko|atk|1\n|-unboost|p1b: Scrafty|atk|1\n|-ability|p1b: Scrafty|Intimidate|boost\n|-unboost|p2a: Toxapex|atk|1\n|-unboost|p2b: Incineroar|atk|1\n|turn|1\n|j|+Frixel@!\n|\n|t:|1656863063\n|move|p2b: Incineroar|Fake Out|p1a: Tapu Koko\n|-damage|p1a: Tapu Koko|92\/100\n|move|p1b: Scrafty|Fake Out|p2a: Toxapex\n|-crit|p2a: Toxapex\n|-damage|p2a: Toxapex|88\/100\n|cant|p1a: Tapu Koko|flinch\n|cant|p2a: Toxapex|flinch\n|\n|-heal|p2a: Toxapex|95\/100|[from] item: Black Sludge\n|upkeep\n|turn|2\n|inactive|Battle timer is ON: inactive players will automatically lose when time's up. (requested by xSkelly34)\n|\n|t:|1656863148\n|switch|p2a: Rillaboom|Rillaboom, F|100\/100\n|-fieldstart|move: Grassy Terrain|[from] ability: Grassy Surge|[of] p2a: Rillaboom\n|move|p1a: Tapu Koko|Volt Switch|p2b: Incineroar\n|-damage|p2b: Incineroar|67\/100\n|\n|t:|1656863173\n|switch|p1a: Cresselia|Cresselia, F|100\/100|[from]move: Volt Switch\n|move|p2b: Incineroar|Parting Shot|p1a: Cresselia\n|-unboost|p1a: Cresselia|atk|1\n|-unboost|p1a: Cresselia|spa|1\n|inactive|Reseyada has 270 seconds left.\n|\n|t:|1656863210\n|switch|p2b: Toxapex|Toxapex, M|100\/100|[from]move: Parting Shot\n|move|p1b: Scrafty|Knock Off|p2a: Rillaboom\n|-crit|p2a: Rillaboom\n|-damage|p2a: Rillaboom|51\/100\n|-enditem|p2a: Rillaboom|Assault Vest|[from] move: Knock Off|[of] p1b: Scrafty\n|\n|-heal|p2a: Rillaboom|57\/100|[from] Grassy Terrain\n|upkeep\n|turn|3\n|\n|t:|1656863235\n|switch|p1b: Tsareena|Tsareena, F|100\/100\n|move|p2a: Rillaboom|Fake Out||[still]\n|cant|p1b: Tsareena|ability: Queenly Majesty|Fake Out|[of] p2a: Rillaboom\n|move|p1a: Cresselia|Psychic|p2b: Toxapex\n|-supereffective|p2b: Toxapex\n|-damage|p2b: Toxapex|62\/100\n|move|p2b: Toxapex|Toxic Spikes|p1a: Cresselia\n|-sidestart|p1: xSkelly34|move: Toxic Spikes\n|\n|-heal|p2a: Rillaboom|64\/100|[from] Grassy Terrain\n|-heal|p2b: Toxapex|69\/100|[from] Grassy Terrain\n|-heal|p2b: Toxapex|75\/100|[from] item: Black Sludge\n|upkeep\n|turn|4\n|inactive|xSkelly34 has 270 seconds left.\n|inactive|Reseyada has 270 seconds left.\n|\n|t:|1656863278\n|switch|p2b: Incineroar|Incineroar, F|67\/100\n|-ability|p2b: Incineroar|Intimidate|boost\n|-unboost|p1a: Cresselia|atk|1\n|-unboost|p1b: Tsareena|atk|1\n|move|p2a: Rillaboom|U-turn|p1b: Tsareena\n|-supereffective|p1b: Tsareena\n|-damage|p1b: Tsareena|54\/100\n|\n|t:|1656863283\n|switch|p2a: Celesteela|Celesteela|100\/100|[from]move: U-turn\n|move|p1a: Cresselia|Toxic|p2a: Celesteela\n|-immune|p2a: Celesteela\n|move|p1b: Tsareena|Power Whip|p2b: Incineroar\n|-resisted|p2b: Incineroar\n|-damage|p2b: Incineroar|47\/100\n|-enditem|p2b: Incineroar|Sitrus Berry|[eat]\n|-heal|p2b: Incineroar|72\/100|[from] item: Sitrus Berry\n|\n|-heal|p2b: Incineroar|78\/100|[from] Grassy Terrain\n|-heal|p1b: Tsareena|60\/100|[from] Grassy Terrain\n|upkeep\n|turn|5\n|inactive|Reseyada has 270 seconds left.\n|inactive|xSkelly34 has 270 seconds left.\n|\n|t:|1656863306\n|switch|p1b: Scrafty|Scrafty, M|100\/100\n|-status|p1b: Scrafty|psn\n|-ability|p1b: Scrafty|Intimidate|boost\n|-unboost|p2a: Celesteela|atk|1\n|-unboost|p2b: Incineroar|atk|1\n|move|p2a: Celesteela|Substitute|p2a: Celesteela\n|-start|p2a: Celesteela|Substitute\n|-damage|p2a: Celesteela|76\/100\n|move|p2b: Incineroar|Knock Off|p1a: Cresselia\n|-supereffective|p1a: Cresselia\n|-damage|p1a: Cresselia|69\/100\n|-enditem|p1a: Cresselia|Mental Herb|[from] move: Knock Off|[of] p2b: Incineroar\n|move|p1a: Cresselia|Trick Room|p1a: Cresselia\n|-fieldstart|move: Trick Room|[of] p1a: Cresselia\n|\n|-heal|p2b: Incineroar|84\/100|[from] Grassy Terrain\n|-heal|p2a: Celesteela|82\/100|[from] item: Leftovers\n|-damage|p1b: Scrafty|88\/100 psn|[from] psn\n|upkeep\n|turn|6\n|inactive|Reseyada has 270 seconds left.\n|\n|t:|1656863346\n|switch|p2b: Toxapex|Toxapex, M|100\/100\n|move|p1b: Scrafty|Knock Off|p2a: Celesteela\n|-end|p2a: Celesteela|Substitute\n|move|p1a: Cresselia|Toxic|p2b: Toxapex\n|-immune|p2b: Toxapex\n|move|p2a: Celesteela|Leech Seed|p1a: Cresselia|[miss]\n|-miss|p2a: Celesteela|p1a: Cresselia\n|\n|-heal|p1b: Scrafty|94\/100 psn|[from] Grassy Terrain\n|-heal|p2a: Celesteela|88\/100|[from] item: Leftovers\n|-damage|p1b: Scrafty|82\/100 psn|[from] psn\n|-fieldend|move: Grassy Terrain\n|upkeep\n|turn|7\n|inactive|Reseyada has 270 seconds left.\n|inactive|Reseyada has 240 seconds left.\n|\n|t:|1656863419\n|switch|p1a: Volcanion|Volcanion|100\/100\n|-status|p1a: Volcanion|psn\n|switch|p2a: Incineroar|Incineroar, F|84\/100\n|-ability|p2a: Incineroar|Intimidate|boost\n|-unboost|p1a: Volcanion|atk|1\n|-unboost|p1b: Scrafty|atk|1\n|move|p2b: Toxapex|Scald|p1b: Scrafty\n|-damage|p1b: Scrafty|67\/100 psn\n|move|p1b: Scrafty|Knock Off|p2a: Incineroar\n|-resisted|p2a: Incineroar\n|-damage|p2a: Incineroar|77\/100\n|\n|-damage|p1b: Scrafty|55\/100 psn|[from] psn\n|-damage|p1a: Volcanion|88\/100 psn|[from] psn\n|upkeep\n|turn|8\n|inactive|Reseyada has 210 seconds left.\n|\n|t:|1656863469\n|switch|p1b: Tsareena|Tsareena, F|60\/100\n|-status|p1b: Tsareena|psn\n|move|p2a: Incineroar|Fake Out||[still]\n|cant|p1b: Tsareena|ability: Queenly Majesty|Fake Out|[of] p2a: Incineroar\n|move|p2b: Toxapex|Scald|p1b: Tsareena\n|-resisted|p1b: Tsareena\n|-crit|p1b: Tsareena\n|-damage|p1b: Tsareena|53\/100 psn\n|move|p1a: Volcanion|Steam Eruption|p2a: Incineroar\n|-supereffective|p2a: Incineroar\n|-damage|p2a: Incineroar|0 fnt\n|faint|p2a: Incineroar\n|-damage|p1a: Volcanion|78\/100 psn|[from] item: Life Orb\n|\n|-damage|p1a: Volcanion|66\/100 psn|[from] psn\n|-damage|p1b: Tsareena|40\/100 psn|[from] psn\n|upkeep\n|inactive|Reseyada has 180 seconds left.\n|\n|t:|1656863509\n|switch|p2a: Chansey|Chansey, F|100\/100\n|turn|9\n|inactive|Reseyada has 180 seconds left.\n|inactive|Reseyada has 150 seconds left.\n|\n|t:|1656863548\n|switch|p1a: Cresselia|Cresselia, F|69\/100\n|move|p2b: Toxapex|Scald|p1b: Tsareena\n|-resisted|p1b: Tsareena\n|-damage|p1b: Tsareena|36\/100 psn\n|move|p1b: Tsareena|Power Whip|p2b: Toxapex|[miss]\n|-miss|p1b: Tsareena|p2b: Toxapex\n|move|p2a: Chansey|Seismic Toss|p1a: Cresselia\n|-damage|p1a: Cresselia|46\/100\n|\n|-damage|p1b: Tsareena|24\/100 psn|[from] psn\n|-fieldend|move: Trick Room\n|upkeep\n|turn|10\n|\n|t:|1656863563\n|move|p2a: Chansey|Stealth Rock|p1a: Cresselia\n|-sidestart|p1: xSkelly34|move: Stealth Rock\n|move|p1a: Cresselia|Psychic|p2b: Toxapex\n|-supereffective|p2b: Toxapex\n|-damage|p2b: Toxapex|43\/100\n|move|p1b: Tsareena|Power Whip|p2b: Toxapex\n|-damage|p2b: Toxapex|7\/100\n|move|p2b: Toxapex|Scald|p1a: Cresselia\n|-damage|p1a: Cresselia|37\/100\n|\n|-heal|p2b: Toxapex|13\/100|[from] item: Black Sludge\n|-damage|p1b: Tsareena|11\/100 psn|[from] psn\n|upkeep\n|turn|11\n|inactive|Reseyada has 180 seconds left.\n|\n|t:|1656863589\n|switch|p2b: Rillaboom|Rillaboom, F|64\/100\n|-fieldstart|move: Grassy Terrain|[from] ability: Grassy Surge|[of] p2b: Rillaboom\n|move|p2a: Chansey|Seismic Toss|p1a: Cresselia\n|-damage|p1a: Cresselia|14\/100\n|move|p1a: Cresselia|Psychic|p2b: Rillaboom\n|-damage|p2b: Rillaboom|29\/100\n|-unboost|p2b: Rillaboom|spd|1\n|move|p1b: Tsareena|Triple Axel|p2b: Rillaboom\n|-supereffective|p2b: Rillaboom\n|-damage|p2b: Rillaboom|19\/100\n|-supereffective|p2b: Rillaboom\n|-damage|p2b: Rillaboom|0 fnt\n|faint|p2b: Rillaboom\n|-hitcount|p2: Rillaboom|2\n|\n|-heal|p1b: Tsareena|17\/100 psn|[from] Grassy Terrain\n|-damage|p1b: Tsareena|5\/100 psn|[from] psn\n|upkeep\n|\n|t:|1656863593\n|switch|p2b: Dragapult|Dragapult, M|100\/100\n|turn|12\n|\n|t:|1656863609\n|move|p1b: Tsareena|Feint|p2a: Chansey\n|-damage|p2a: Chansey|94\/100\n|move|p2b: Dragapult|Shadow Ball|p1b: Tsareena\n|-damage|p1b: Tsareena|0 fnt\n|faint|p1b: Tsareena\n|move|p2a: Chansey|Seismic Toss|p1a: Cresselia\n|-damage|p1a: Cresselia|0 fnt\n|faint|p1a: Cresselia\n|\n|-heal|p2a: Chansey|99\/100|[from] Grassy Terrain\n|upkeep\n|\n|t:|1656863619\n|switch|p1a: Scrafty|Scrafty, M|55\/100 psn\n|switch|p1b: Diancie|Diancie|100\/100\n|-status|p1b: Diancie|psn\n|-damage|p1b: Diancie|88\/100 psn|[from] Stealth Rock\n|-damage|p1a: Scrafty|49\/100 psn|[from] Stealth Rock\n|-ability|p1a: Scrafty|Intimidate|boost\n|-unboost|p2a: Chansey|atk|1\n|-unboost|p2b: Dragapult|atk|1\n|-enditem|p1a: Scrafty|Sitrus Berry|[eat]\n|-heal|p1a: Scrafty|74\/100 psn|[from] item: Sitrus Berry\n|turn|13\n|inactive|Reseyada has 210 seconds left.\n|inactive|Reseyada has 180 seconds left.\n|inactive|Reseyada has 150 seconds left.\n|\n|t:|1656863705\n|switch|p2b: Celesteela|Celesteela|88\/100\n|move|p2a: Chansey|Seismic Toss|p1b: Diancie\n|-damage|p1b: Diancie|55\/100 psn\n|move|p1a: Scrafty|Knock Off|p2b: Celesteela\n|-damage|p2b: Celesteela|58\/100\n|-enditem|p2b: Celesteela|Leftovers|[from] move: Knock Off|[of] p1a: Scrafty\n|move|p1b: Diancie|Trick Room|p1b: Diancie\n|-fieldstart|move: Trick Room|[of] p1b: Diancie\n|\n|-heal|p1a: Scrafty|80\/100 psn|[from] Grassy Terrain\n|-heal|p1b: Diancie|61\/100 psn|[from] Grassy Terrain\n|-heal|p2a: Chansey|100\/100|[from] Grassy Terrain\n|-damage|p1a: Scrafty|68\/100 psn|[from] psn\n|-damage|p1b: Diancie|49\/100 psn|[from] psn\n|upkeep\n|turn|14\n|inactive|Reseyada has 150 seconds left.\n|\n|t:|1656863730\n|move|p1a: Scrafty|Grass Knot|p1b: Diancie\n|-supereffective|p1b: Diancie\n|-damage|p1b: Diancie|44\/100 psn\n|-enditem|p1b: Diancie|Weakness Policy\n|-boost|p1b: Diancie|atk|2|[from] item: Weakness Policy\n|-boost|p1b: Diancie|spa|2|[from] item: Weakness Policy\n|move|p1b: Diancie|Diamond Storm|p2b: Celesteela|[spread] p2a,p2b\n|-damage|p2a: Chansey|52\/100\n|-damage|p2b: Celesteela|4\/100\n|-boost|p1b: Diancie|def|2\n|move|p2b: Celesteela|Leech Seed|p1a: Scrafty\n|-start|p1a: Scrafty|move: Leech Seed\n|move|p2a: Chansey|Seismic Toss|p1b: Diancie\n|-damage|p1b: Diancie|11\/100 psn\n|\n|-heal|p1a: Scrafty|74\/100 psn|[from] Grassy Terrain\n|-heal|p1b: Diancie|17\/100 psn|[from] Grassy Terrain\n|-heal|p2a: Chansey|58\/100|[from] Grassy Terrain\n|-damage|p1a: Scrafty|61\/100 psn|[from] Leech Seed|[of] p2b: Celesteela\n|-heal|p2b: Celesteela|14\/100|[silent]\n|-damage|p1a: Scrafty|49\/100 psn|[from] psn\n|-damage|p1b: Diancie|4\/100 psn|[from] psn\n|upkeep\n|turn|15\n|inactive|Reseyada has 150 seconds left.\n|\n|t:|1656863757\n|switch|p2a: Toxapex|Toxapex, M|47\/100\n|move|p2b: Celesteela|Protect|p2b: Celesteela\n|-singleturn|p2b: Celesteela|Protect\n|move|p1a: Scrafty|Knock Off|p2a: Toxapex\n|-damage|p2a: Toxapex|20\/100\n|-enditem|p2a: Toxapex|Black Sludge|[from] move: Knock Off|[of] p1a: Scrafty\n|move|p1b: Diancie|Diamond Storm|p2a: Toxapex|[spread] p2a\n|-activate|p2b: Celesteela|move: Protect\n|-damage|p2a: Toxapex|0 fnt\n|-boost|p1b: Diancie|def|2\n|faint|p2a: Toxapex\n|\n|-heal|p1a: Scrafty|55\/100 psn|[from] Grassy Terrain\n|-heal|p1b: Diancie|10\/100 psn|[from] Grassy Terrain\n|-damage|p1a: Scrafty|43\/100 psn|[from] Leech Seed|[of] p2b: Celesteela\n|-heal|p2b: Celesteela|24\/100|[silent]\n|-damage|p1a: Scrafty|31\/100 psn|[from] psn\n|-damage|p1b: Diancie|0 fnt|[from] psn\n|faint|p1b: Diancie\n|-fieldend|move: Grassy Terrain\n|upkeep\n|\n|t:|1656863781\n|switch|p2a: Chansey|Chansey, F|58\/100\n|switch|p1b: Volcanion|Volcanion|66\/100 psn\n|-damage|p1b: Volcanion|41\/100 psn|[from] Stealth Rock\n|turn|16\n|inactive|Reseyada has 180 seconds left.\n|inactive|xSkelly34 has 270 seconds left.\n|inactive|xSkelly34 has 240 seconds left.\n|inactive|xSkelly34 has 210 seconds left.\n|inactive|xSkelly34 has 180 seconds left.\n|\n|t:|1656863914\n|move|p2b: Celesteela|Protect||[still]\n|-fail|p2b: Celesteela\n|move|p1a: Scrafty|Close Combat|p2a: Chansey\n|-supereffective|p2a: Chansey\n|-damage|p2a: Chansey|0 fnt\n|-unboost|p1a: Scrafty|def|1\n|-unboost|p1a: Scrafty|spd|1\n|faint|p2a: Chansey\n|move|p1b: Volcanion|Heat Wave|p2b: Celesteela\n|-supereffective|p2b: Celesteela\n|-damage|p2b: Celesteela|0 fnt\n|faint|p2b: Celesteela\n|-damage|p1b: Volcanion|31\/100 psn|[from] item: Life Orb\n|\n|-damage|p1a: Scrafty|18\/100 psn|[from] psn\n|-damage|p1b: Volcanion|19\/100 psn|[from] psn\n|upkeep\n|\n|t:|1656863923\n|switch|p2a: Dragapult|Dragapult, M|100\/100\n|turn|17\n|inactive|Reseyada has 180 seconds left.\n|\n|t:|1656863932\n|move|p1a: Scrafty|Knock Off|p2a: Dragapult\n|-supereffective|p2a: Dragapult\n|-damage|p2a: Dragapult|0 fnt\n|-enditem|p2a: Dragapult|Choice Specs|[from] move: Knock Off|[of] p1a: Scrafty\n|faint|p2a: Dragapult\n|\n|win|xSkelly34\n|c|\u2606xSkelly34|ggs\n|c|\u2606Reseyada|ggs\n","uploadtime":1656863938,"views":220,"p1id":"xskelly34","p2id":"reseyada","formatid":"gen8doublesou","rating":0,"private":0,"password":null}