{"id":"gen8freeforallrandombattle-1670097543","p1":"shiawasenostory","p2":"ThiccKiwiDotCom","format":"gen8freeforallrandombattle","log":"|uhtml|invites|<div class=\"broadcast broadcast-blue\"><strong>This is a 4-player challenge battle<\/strong><br \/>The players will need to add more players before the battle can start.<\/div>\n|j|\u2606shiawasenostory\n|j|\u2606ThiccKiwiDotCom\n|t:|1664128790\n|gametype|freeforall\n|player|p1|shiawasenostory|winona|\n|player|p2|ThiccKiwiDotCom|guitarist|\n||Invite sent to MANNAT!\n|j| MANNAT\n|n|\u2606MANNAT|mannat\n|n|\u2606MANNAT|mannat\n|player|p3|MANNAT|#scl2foxes\n|player|p3|MANNAT|#scl2foxes|\n||Invite sent to safetyman!\n|j| safetyman\n|n|\u2606safetyman|safetyman\n|n|\u2606safetyman|safetyman\n|player|p4|safetyman|roxanne\n|uhtmlchange|invites|\n|player|p4|safetyman|roxanne|\n|teamsize|p1|6\n|teamsize|p2|6\n|teamsize|p3|6\n|teamsize|p4|6\n|gen|8\n|tier|[Gen 8] Free-For-All Random Battle\n|rule|Species Clause: Limit one of each Pok\u00e9mon\n|rule|HP Percentage Mod: HP is shown in percentages\n|rule|Sleep Clause Mod: Limit one foe put to sleep\n|\n|t:|1664129200\n|start\n|switch|p1a: Decidueye|Decidueye, L88, M|281\/281\n|switch|p2a: Rapidash|Rapidash, L88, M|258\/258\n|switch|p3b: Heatmor|Heatmor, L88, M|293\/293\n|switch|p4b: Drampa|Drampa, L88, M|281\/281\n|turn|1\n|j| numberoneswiftie\n|l| numberoneswiftie\n|inactive|Battle timer is ON: inactive players will automatically lose when time's up. (requested by shiawasenostory)\n|\n|t:|1664129225\n|move|p1a: Decidueye|Protect|p1a: Decidueye\n|-singleturn|p1a: Decidueye|Protect\n|move|p2a: Rapidash|High Horsepower|p3b: Heatmor\n|-supereffective|p3b: Heatmor\n|-damage|p3b: Heatmor|129\/293\n|-enditem|p3b: Heatmor|Sitrus Berry|[eat]\n|-heal|p3b: Heatmor|202\/293|[from] item: Sitrus Berry\n|move|p3b: Heatmor|Rock Tomb|p1a: Decidueye\n|-activate|p1a: Decidueye|move: Protect\n|move|p4b: Drampa|Hyper Voice|p3b: Heatmor|[spread] p2a,p3b\n|-activate|p1a: Decidueye|move: Protect\n|-damage|p2a: Rapidash|185\/258\n|-damage|p3b: Heatmor|127\/293\n|\n|upkeep\n|turn|2\n|j| FortniteGokuSSJ4\n|inactive|ThiccKiwiDotCom has 270 seconds left.\n|inactive|safetyman has 270 seconds left.\n|\n|t:|1664129273\n|switch|p1a: Hippowdon|Hippowdon, L88, M|333\/333\n|-weather|Sandstorm|[from] ability: Sand Stream|[of] p1a: Hippowdon\n|move|p2a: Rapidash|Swords Dance|p2a: Rapidash\n|-boost|p2a: Rapidash|atk|2\n|move|p3b: Heatmor|Rock Tomb|p1a: Hippowdon\n|-resisted|p1a: Hippowdon\n|-damage|p1a: Hippowdon|315\/333\n|-unboost|p1a: Hippowdon|spe|1\n|move|p4b: Drampa|Hyper Voice|p3b: Heatmor|[spread] p1a,p2a,p3b\n|-damage|p1a: Hippowdon|236\/333\n|-damage|p2a: Rapidash|116\/258\n|-damage|p3b: Heatmor|40\/293\n|-enditem|p2a: Rapidash|Sitrus Berry|[eat]\n|-heal|p2a: Rapidash|180\/258|[from] item: Sitrus Berry\n|\n|-weather|Sandstorm|[upkeep]\n|-damage|p2a: Rapidash|164\/258|[from] Sandstorm\n|-damage|p3b: Heatmor|22\/293|[from] Sandstorm\n|-damage|p4b: Drampa|264\/281|[from] Sandstorm\n|upkeep\n|turn|3\n|inactive|ThiccKiwiDotCom has 270 seconds left.\n|j| Buhrito\n|\n|t:|1664129299\n|move|p3b: Heatmor|Protect|p3b: Heatmor\n|-singleturn|p3b: Heatmor|Protect\n|move|p1a: Hippowdon|Protect|p1a: Hippowdon\n|-singleturn|p1a: Hippowdon|Protect\n|move|p2a: Rapidash|High Horsepower|p3b: Heatmor\n|-activate|p3b: Heatmor|move: Protect\n|move|p4b: Drampa|Hyper Voice|p3b: Heatmor|[spread] p2a\n|-activate|p1a: Hippowdon|move: Protect\n|-activate|p3b: Heatmor|move: Protect\n|-damage|p2a: Rapidash|98\/258\n|\n|-weather|Sandstorm|[upkeep]\n|-damage|p2a: Rapidash|82\/258|[from] Sandstorm\n|-damage|p3b: Heatmor|4\/293|[from] Sandstorm\n|-damage|p4b: Drampa|247\/281|[from] Sandstorm\n|upkeep\n|turn|4\n|c| FortniteGokuSSJ4|id go chomper here\n|c|\u2606MANNAT|id go chomper here\n|inactive|MANNAT has 270 seconds left.\n|\n|t:|1664129338\n|move|p2a: Rapidash|Morning Sun|p2a: Rapidash\n|-heal|p2a: Rapidash|146\/258\n|move|p3b: Heatmor|Will-O-Wisp|p1a: Hippowdon\n|-status|p1a: Hippowdon|brn\n|move|p4b: Drampa|Hyper Voice|p1a: Hippowdon|[spread] p1a,p2a,p3b\n|-damage|p1a: Hippowdon|160\/333 brn\n|-damage|p2a: Rapidash|74\/258\n|-damage|p3b: Heatmor|0 fnt\n|-enditem|p1a: Hippowdon|Sitrus Berry|[eat]\n|-heal|p1a: Hippowdon|243\/333 brn|[from] item: Sitrus Berry\n|faint|p3b: Heatmor\n|move|p1a: Hippowdon|Yawn|p4b: Drampa\n|-start|p4b: Drampa|move: Yawn|[of] p1a: Hippowdon\n|\n|-weather|Sandstorm|[upkeep]\n|-damage|p2a: Rapidash|58\/258|[from] Sandstorm\n|-damage|p4b: Drampa|230\/281|[from] Sandstorm\n|-damage|p1a: Hippowdon|223\/333 brn|[from] brn\n|upkeep\n|inactive|MANNAT has 270 seconds left.\n|\n|t:|1664129365\n|switch|p3b: Exploud|Exploud, L88, M|326\/326\n|turn|5\n|c| FortniteGokuSSJ4|mannat already losing, epic\n|\n|t:|1664129380\n|switch|p4b: Bouffalant|Bouffalant, L86, F|304\/304\n|move|p1a: Hippowdon|Protect|p1a: Hippowdon\n|-singleturn|p1a: Hippowdon|Protect\n|move|p2a: Rapidash|Flare Blitz|p3b: Exploud\n|-damage|p3b: Exploud|0 fnt\n|faint|p3b: Exploud\n|-damage|p2a: Rapidash|0 fnt|[from] Recoil\n|faint|p2a: Rapidash\n|\n|-weather|Sandstorm|[upkeep]\n|-damage|p4b: Bouffalant|285\/304|[from] Sandstorm\n|-damage|p1a: Hippowdon|203\/333 brn|[from] brn\n|upkeep\n|inactive|MANNAT has 270 seconds left.\n|\n|t:|1664129398\n|switch|p2a: Cofagrigus|Cofagrigus, L88, M|245\/245\n|switch|p3b: Primarina|Primarina, L82, M|265\/265\n|turn|6\n|\n|t:|1664129417\n|switch|p1a: Ferrothorn|Ferrothorn, L83, M|259\/259\n|move|p4b: Bouffalant|Protect|p4b: Bouffalant\n|-singleturn|p4b: Bouffalant|Protect\n|move|p3b: Primarina|Hyper Voice|p1a: Ferrothorn|[spread] p1a,p2a\n|-activate|p4b: Bouffalant|move: Protect\n|-resisted|p1a: Ferrothorn\n|-damage|p1a: Ferrothorn|232\/259\n|-damage|p2a: Cofagrigus|187\/245\n|-damage|p3b: Primarina|239\/265|[from] item: Life Orb\n|move|p2a: Cofagrigus|Trick Room|p2a: Cofagrigus\n|-fieldstart|move: Trick Room|[of] p2a: Cofagrigus\n|\n|-weather|none\n|upkeep\n|turn|7\n|inactive|safetyman has 270 seconds left.\n|\n|t:|1664129467\n|switch|p1a: Hippowdon|Hippowdon, L88, M|203\/333 brn\n|-weather|Sandstorm|[from] ability: Sand Stream|[of] p1a: Hippowdon\n|move|p2a: Cofagrigus|Will-O-Wisp|p1a: Hippowdon\n|-fail|p1a: Hippowdon|brn\n|move|p4b: Bouffalant|Head Charge|p3b: Primarina\n|-damage|p3b: Primarina|61\/265\n|-damage|p4b: Bouffalant|240\/304|[from] Recoil\n|move|p3b: Primarina|Moonblast|p1a: Hippowdon\n|-damage|p1a: Hippowdon|20\/333 brn\n|-damage|p3b: Primarina|35\/265|[from] item: Life Orb\n|\n|-weather|Sandstorm|[upkeep]\n|-damage|p2a: Cofagrigus|172\/245|[from] Sandstorm\n|-damage|p4b: Bouffalant|221\/304|[from] Sandstorm\n|-damage|p3b: Primarina|19\/265|[from] Sandstorm\n|-damage|p1a: Hippowdon|0 fnt|[from] brn\n|faint|p1a: Hippowdon\n|upkeep\n|inactive|shiawasenostory has 270 seconds left.\n|\n|t:|1664129486\n|switch|p1a: Carbink|Carbink, L90|236\/236\n|turn|8\n|\n|t:|1664129499\n|move|p4b: Bouffalant|Protect|p4b: Bouffalant\n|-singleturn|p4b: Bouffalant|Protect\n|move|p3b: Primarina|Protect|p3b: Primarina\n|-singleturn|p3b: Primarina|Protect\n|move|p2a: Cofagrigus|Will-O-Wisp|p4b: Bouffalant\n|-activate|p4b: Bouffalant|move: Protect\n|move|p1a: Carbink|Stealth Rock|p4b: Bouffalant\n|-sidestart|p2: ThiccKiwiDotCom|move: Stealth Rock\n|-sidestart|p3: MANNAT|move: Stealth Rock\n|-sidestart|p4: safetyman|move: Stealth Rock\n|\n|-weather|Sandstorm|[upkeep]\n|-damage|p2a: Cofagrigus|157\/245|[from] Sandstorm\n|-damage|p4b: Bouffalant|202\/304|[from] Sandstorm\n|-damage|p3b: Primarina|3\/265|[from] Sandstorm\n|upkeep\n|turn|9\n|\n|t:|1664129525\n|move|p2a: Cofagrigus|Shadow Ball|p1a: Carbink\n|-damage|p1a: Carbink|196\/236\n|move|p1a: Carbink|Iron Defense|p1a: Carbink\n|-boost|p1a: Carbink|def|2\n|move|p4b: Bouffalant|Lash Out|p2a: Cofagrigus\n|-supereffective|p2a: Cofagrigus\n|-damage|p2a: Cofagrigus|75\/245\n|-activate|p2a: Cofagrigus|ability: Mummy|Sap Sipper|[of] p4b: Bouffalant\n|-enditem|p2a: Cofagrigus|Sitrus Berry|[eat]\n|-heal|p2a: Cofagrigus|136\/245|[from] item: Sitrus Berry\n|move|p3b: Primarina|Hyper Voice|p1a: Carbink|[spread] p1a,p2a,p4b\n|-supereffective|p1a: Carbink\n|-crit|p1a: Carbink\n|-crit|p4b: Bouffalant\n|-damage|p1a: Carbink|110\/236\n|-damage|p2a: Cofagrigus|78\/245\n|-damage|p4b: Bouffalant|103\/304\n|-enditem|p1a: Carbink|Sitrus Berry|[eat]\n|-heal|p1a: Carbink|169\/236|[from] item: Sitrus Berry\n|-enditem|p4b: Bouffalant|Sitrus Berry|[eat]\n|-heal|p4b: Bouffalant|179\/304|[from] item: Sitrus Berry\n|-damage|p3b: Primarina|0 fnt|[from] item: Life Orb\n|faint|p3b: Primarina\n|\n|-weather|Sandstorm|[upkeep]\n|-damage|p2a: Cofagrigus|63\/245|[from] Sandstorm\n|-damage|p4b: Bouffalant|160\/304|[from] Sandstorm\n|upkeep\n|\n|t:|1664129550\n|switch|p3b: Mew|Mew, L80|291\/291\n|-damage|p3b: Mew|255\/291|[from] Stealth Rock\n|turn|10\n|\n|t:|1664129572\n|move|p4b: Bouffalant|Protect|p4b: Bouffalant\n|-singleturn|p4b: Bouffalant|Protect\n|move|p2a: Cofagrigus|Shadow Ball|p3b: Mew\n|-supereffective|p3b: Mew\n|-damage|p3b: Mew|67\/291\n|-enditem|p3b: Mew|Sitrus Berry|[eat]\n|-heal|p3b: Mew|139\/291|[from] item: Sitrus Berry\n|move|p1a: Carbink|Moonblast|p3b: Mew\n|-damage|p3b: Mew|64\/291\n|-unboost|p3b: Mew|spa|1\n|move|p3b: Mew|Toxic Spikes|p2a: Cofagrigus\n|-sidestart|p1: shiawasenostory|move: Toxic Spikes\n|-sidestart|p2: ThiccKiwiDotCom|move: Toxic Spikes\n|-sidestart|p4: safetyman|move: Toxic Spikes\n|\n|-weather|Sandstorm|[upkeep]\n|-damage|p2a: Cofagrigus|48\/245|[from] Sandstorm\n|-damage|p4b: Bouffalant|141\/304|[from] Sandstorm\n|-damage|p3b: Mew|46\/291|[from] Sandstorm\n|-fieldend|move: Trick Room\n|upkeep\n|turn|11\n|inactive|safetyman has 270 seconds left.\n|\n|t:|1664129616\n|move|p3b: Mew|Psychic|p4b: Bouffalant\n|-damage|p4b: Bouffalant|81\/304\n|move|p4b: Bouffalant|Lash Out|p2a: Cofagrigus\n|-supereffective|p2a: Cofagrigus\n|-damage|p2a: Cofagrigus|0 fnt\n|faint|p2a: Cofagrigus\n|move|p1a: Carbink|Body Press|p4b: Bouffalant\n|-supereffective|p4b: Bouffalant\n|-damage|p4b: Bouffalant|0 fnt\n|-activate|p4b: Bouffalant|ability: Mummy|Sturdy|[of] p1a: Carbink\n|faint|p4b: Bouffalant\n|\n|-weather|none\n|upkeep\n|inactive|ThiccKiwiDotCom has 270 seconds left.\n|inactive|safetyman has 240 seconds left.\n|\n|t:|1664129668\n|switch|p4b: Gengar|Gengar, L86, M|243\/243\n|switch|p2a: Heracross|Heracross, L84, M|272\/272\n|-damage|p4b: Gengar|213\/243|[from] Stealth Rock\n|-sideend|p4: safetyman|move: Toxic Spikes|[of] p4b: Gengar\n|-damage|p2a: Heracross|238\/272|[from] Stealth Rock\n|-status|p2a: Heracross|psn\n|turn|12\n|inactive|safetyman has 240 seconds left.\n|inactive|ThiccKiwiDotCom has 270 seconds left.\n|\n|t:|1664129684\n|switch|p3b: Vaporeon|Vaporeon, L88, F|372\/372\n|-damage|p3b: Vaporeon|326\/372|[from] Stealth Rock\n|move|p2a: Heracross|Protect|p2a: Heracross\n|-singleturn|p2a: Heracross|Protect\n|move|p4b: Gengar|Shadow Ball|p3b: Vaporeon\n|-damage|p3b: Vaporeon|204\/372\n|-damage|p4b: Gengar|189\/243|[from] item: Life Orb\n|move|p1a: Carbink|Moonblast|p3b: Vaporeon\n|-damage|p3b: Vaporeon|137\/372\n|-enditem|p3b: Vaporeon|Sitrus Berry|[eat]\n|-heal|p3b: Vaporeon|230\/372|[from] item: Sitrus Berry\n|\n|-damage|p2a: Heracross|204\/272 psn|[from] psn\n|upkeep\n|turn|13\n|inactive|safetyman has 240 seconds left.\n|\n|t:|1664129710\n|switch|p4b: Drampa|Drampa, L88, M|230\/281\n|-damage|p4b: Drampa|195\/281|[from] Stealth Rock\n|move|p2a: Heracross|Megahorn|p3b: Vaporeon\n|-damage|p3b: Vaporeon|0 fnt\n|faint|p3b: Vaporeon\n|move|p1a: Carbink|Moonblast|p2a: Heracross\n|-supereffective|p2a: Heracross\n|-damage|p2a: Heracross|64\/272 psn\n|\n|-damage|p2a: Heracross|30\/272 psn|[from] psn\n|upkeep\n|\n|t:|1664129718\n|switch|p3b: Blacephalon|Blacephalon, L80|215\/215\n|-damage|p3b: Blacephalon|162\/215|[from] Stealth Rock\n|turn|14\n|\n|t:|1664129744\n|move|p3b: Blacephalon|Psyshock|p2a: Heracross\n|-supereffective|p2a: Heracross\n|-damage|p2a: Heracross|0 fnt\n|faint|p2a: Heracross\n|-ability|p3b: Blacephalon|Beast Boost|boost\n|-boost|p3b: Blacephalon|spa|1\n|-damage|p3b: Blacephalon|141\/215|[from] item: Life Orb\n|move|p1a: Carbink|Body Press|p4b: Drampa\n|-supereffective|p4b: Drampa\n|-damage|p4b: Drampa|0 fnt\n|faint|p4b: Drampa\n|\n|upkeep\n|\n|t:|1664129768\n|switch|p2a: Weavile|Weavile, L84, F|255\/255\n|switch|p4b: Gengar|Gengar, L86, M|189\/243\n|-damage|p2a: Weavile|192\/255|[from] Stealth Rock\n|-status|p2a: Weavile|psn\n|-damage|p4b: Gengar|159\/243|[from] Stealth Rock\n|turn|15\n|inactive|safetyman has 270 seconds left.\n|inactive|shiawasenostory has 270 seconds left.\n|inactive|ThiccKiwiDotCom has 270 seconds left.\n|\n|t:|1664129823\n|move|p2a: Weavile|Triple Axel|p1a: Carbink\n|-damage|p1a: Carbink|157\/236\n|-activate|p1a: Carbink|ability: Mummy|Pickpocket|[of] p2a: Weavile\n|-damage|p1a: Carbink|138\/236\n|-damage|p1a: Carbink|106\/236\n|-hitcount|p1a: Carbink|3\n|-damage|p2a: Weavile|167\/255 psn|[from] item: Life Orb\n|move|p4b: Gengar|Shadow Ball|p3b: Blacephalon\n|-supereffective|p3b: Blacephalon\n|-damage|p3b: Blacephalon|0 fnt\n|faint|p3b: Blacephalon\n|-damage|p4b: Gengar|135\/243|[from] item: Life Orb\n|move|p1a: Carbink|Body Press|p2a: Weavile\n|-supereffective|p2a: Weavile\n|-damage|p2a: Weavile|0 fnt\n|faint|p2a: Weavile\n|\n|upkeep\n|inactive|ThiccKiwiDotCom has 240 seconds left.\n|\n|t:|1664129848\n|switch|p2a: Zamazenta|Zamazenta, L74|258\/258\n|switch|p3b: Mew|Mew, L80|46\/291\n|-damage|p2a: Zamazenta|242\/258|[from] Stealth Rock\n|-status|p2a: Zamazenta|psn\n|-ability|p2a: Zamazenta|Dauntless Shield|boost\n|-boost|p2a: Zamazenta|def|1\n|-damage|p3b: Mew|10\/291|[from] Stealth Rock\n|turn|16\n|inactive|shiawasenostory has 270 seconds left.\n|inactive|safetyman has 270 seconds left.\n|inactive|ThiccKiwiDotCom has 240 seconds left.\n|\n|t:|1664129883\n|move|p2a: Zamazenta|Psychic Fangs|p1a: Carbink\n|-crit|p1a: Carbink\n|-damage|p1a: Carbink|52\/236\n|-activate|p1a: Carbink|ability: Mummy|Dauntless Shield|[of] p2a: Zamazenta\n|move|p4b: Gengar|Shadow Ball|p3b: Mew\n|-supereffective|p3b: Mew\n|-damage|p3b: Mew|0 fnt\n|faint|p3b: Mew\n|-damage|p4b: Gengar|111\/243|[from] item: Life Orb\n|move|p1a: Carbink|Moonblast|p2a: Zamazenta\n|-supereffective|p2a: Zamazenta\n|-damage|p2a: Zamazenta|98\/258 psn\n|-enditem|p2a: Zamazenta|Sitrus Berry|[eat]\n|-heal|p2a: Zamazenta|162\/258 psn|[from] item: Sitrus Berry\n|\n|-damage|p2a: Zamazenta|130\/258 psn|[from] psn\n|upkeep\n|turn|17\n|inactive|safetyman has 240 seconds left.\n|inactive|ThiccKiwiDotCom has 210 seconds left.\n|inactive|safetyman has 210 seconds left.\n|inactive|shiawasenostory has 240 seconds left.\n|\n|t:|1664129945\n|move|p2a: Zamazenta|Psychic Fangs|p1a: Carbink\n|-damage|p1a: Carbink|33\/236\n|move|p4b: Gengar|Sludge Bomb|p1a: Carbink\n|-damage|p1a: Carbink|0 fnt\n|faint|p1a: Carbink\n|-damage|p4b: Gengar|87\/243|[from] item: Life Orb\n|\n|-damage|p2a: Zamazenta|98\/258 psn|[from] psn\n|upkeep\n|inactive|shiawasenostory has 240 seconds left.\n|\n|t:|1664129957\n|switch|p1a: Decidueye|Decidueye, L88, M|281\/281\n|-status|p1a: Decidueye|psn\n|turn|18\n|inactive|safetyman has 210 seconds left.\n|\n|t:|1664129977\n|move|p1a: Decidueye|Shadow Sneak|p4b: Gengar\n|-supereffective|p4b: Gengar\n|-damage|p4b: Gengar|0 fnt\n|faint|p4b: Gengar\n|move|p2a: Zamazenta|Crunch|p4: Gengar|[notarget]\n|-fail|p2a: Zamazenta\n|\n|-damage|p2a: Zamazenta|66\/258 psn|[from] psn\n|-damage|p1a: Decidueye|246\/281 psn|[from] psn\n|upkeep\n|\n|t:|1664129991\n|switch|p4b: Hitmonlee|Hitmonlee, L86, M|226\/226\n|-damage|p4b: Hitmonlee|212\/226|[from] Stealth Rock\n|turn|19\n|inactive|shiawasenostory has 240 seconds left.\n|\n|t:|1664130006\n|move|p4b: Hitmonlee|Protect|p4b: Hitmonlee\n|-singleturn|p4b: Hitmonlee|Protect\n|move|p2a: Zamazenta|Psychic Fangs|p4b: Hitmonlee\n|-activate|p4b: Hitmonlee|move: Protect\n|move|p1a: Decidueye|Leaf Blade|p4b: Hitmonlee\n|-activate|p4b: Hitmonlee|move: Protect\n|\n|-damage|p2a: Zamazenta|34\/258 psn|[from] psn\n|-damage|p1a: Decidueye|211\/281 psn|[from] psn\n|upkeep\n|turn|20\n|inactive|safetyman has 180 seconds left.\n|\n|t:|1664130027\n|move|p2a: Zamazenta|Psychic Fangs|p4b: Hitmonlee\n|-supereffective|p4b: Hitmonlee\n|-damage|p4b: Hitmonlee|58\/226\n|move|p4b: Hitmonlee|Knock Off|p1a: Decidueye\n|-supereffective|p1a: Decidueye\n|-damage|p1a: Decidueye|33\/281 psn\n|-enditem|p1a: Decidueye|Sitrus Berry|[from] move: Knock Off|[of] p4b: Hitmonlee\n|move|p1a: Decidueye|Leaf Blade|p4b: Hitmonlee\n|-damage|p4b: Hitmonlee|0 fnt\n|faint|p4b: Hitmonlee\n|\n|-damage|p2a: Zamazenta|2\/258 psn|[from] psn\n|-damage|p1a: Decidueye|0 fnt|[from] psn\n|faint|p1a: Decidueye\n|upkeep\n|inactive|safetyman has 180 seconds left.\n|\n|t:|1664130042\n|switch|p4b: Blaziken|Blaziken, L78, M|253\/253\n|switch|p1a: Pyukumuku|Pyukumuku, F|272\/272\n|-damage|p4b: Blaziken|222\/253|[from] Stealth Rock\n|-status|p1a: Pyukumuku|psn\n|turn|21\n|-message|MANNAT forfeited.\n|c|\u2606MANNAT|just had to let you know\n|l|\u2606MANNAT\n|\n|t:|1664130065\n|move|p4b: Blaziken|Protect|p4b: Blaziken\n|-singleturn|p4b: Blaziken|Protect\n|move|p2a: Zamazenta|Psychic Fangs|p4b: Blaziken\n|-activate|p4b: Blaziken|move: Protect\n|move|p1a: Pyukumuku|Reflect|p1a: Pyukumuku\n|-sidestart|p1: shiawasenostory|Reflect\n|\n|-damage|p2a: Zamazenta|0 fnt|[from] psn\n|faint|p2a: Zamazenta\n|-damage|p1a: Pyukumuku|238\/272 psn|[from] psn\n|-ability|p4b: Blaziken|Speed Boost|boost\n|-boost|p4b: Blaziken|spe|1\n|upkeep\n|\n|t:|1664130076\n|switch|p2a: Salamence|Salamence, L79, M|279\/279\n|-damage|p2a: Salamence|210\/279|[from] Stealth Rock\n|-ability|p2a: Salamence|Intimidate|boost\n|-unboost|p1a: Pyukumuku|atk|1\n|-unboost|p4b: Blaziken|atk|1\n|turn|22\n|inactive|shiawasenostory has 240 seconds left.\n|inactive|safetyman has 180 seconds left.\n|inactive|safetyman has 150 seconds left.\n|\n|t:|1664130127\n|-start|p4b: Blaziken|Dynamax|\n|-heal|p4b: Blaziken|444\/506|[silent]\n|-start|p2a: Salamence|Dynamax|\n|-heal|p2a: Salamence|420\/558|[silent]\n|move|p1a: Pyukumuku|Helping Hand|p4b: Blaziken\n|-singleturn|p4b: Blaziken|Helping Hand|[of] p1a: Pyukumuku\n|move|p4b: Blaziken|Max Flare|p2a: Salamence\n|-resisted|p2a: Salamence\n|-damage|p2a: Salamence|311\/558\n|-weather|SunnyDay\n|-damage|p4b: Blaziken|419\/506|[from] item: Life Orb\n|move|p2a: Salamence|Max Airstream|p4b: Blaziken\n|-supereffective|p4b: Blaziken\n|-damage|p4b: Blaziken|0 fnt\n|-boost|p2a: Salamence|spe|1\n|faint|p4b: Blaziken\n|-damage|p2a: Salamence|284\/558|[from] item: Life Orb\n|\n|-weather|SunnyDay|[upkeep]\n|-damage|p1a: Pyukumuku|204\/272 psn|[from] psn\n|upkeep\n|\n|t:|1664130141\n|switch|p4b: Naganadel|Naganadel, L76|236\/236\n|-damage|p4b: Naganadel|207\/236|[from] Stealth Rock\n|turn|23\n|\n|t:|1664130152\n|move|p2a: Salamence|Max Wyrmwind|p4b: Naganadel\n|-supereffective|p4b: Naganadel\n|-damage|p4b: Naganadel|0 fnt\n|-unboost|p1a: Pyukumuku|atk|1\n|faint|p4b: Naganadel\n|-damage|p2a: Salamence|257\/558|[from] item: Life Orb\n|move|p1a: Pyukumuku|Light Screen|p1a: Pyukumuku\n|-sidestart|p1: shiawasenostory|move: Light Screen\n|\n|-weather|SunnyDay|[upkeep]\n|-damage|p1a: Pyukumuku|170\/272 psn|[from] psn\n|upkeep\n|turn|24\n|j|\u2606MANNAT\n|inactive|ThiccKiwiDotCom has 210 seconds left.\n|\n|t:|1664130176\n|move|p2a: Salamence|Max Airstream|p1a: Pyukumuku\n|-damage|p1a: Pyukumuku|99\/272 psn\n|-boost|p2a: Salamence|spe|1\n|-damage|p2a: Salamence|230\/558|[from] item: Life Orb\n|move|p1a: Pyukumuku|Memento|p2a: Salamence\n|-unboost|p2a: Salamence|atk|2\n|-unboost|p2a: Salamence|spa|2\n|faint|p1a: Pyukumuku\n|\n|-weather|SunnyDay|[upkeep]\n|upkeep\n|\n|t:|1664130193\n|switch|p1a: Kingdra|Kingdra, L82, M|257\/257\n|-status|p1a: Kingdra|psn\n|-end|p2a: Salamence|Dynamax\n|-heal|p2a: Salamence|115\/279|[silent]\n|turn|25\n|inactive|ThiccKiwiDotCom has 210 seconds left.\n|\n|t:|1664130204\n|move|p2a: Salamence|Dragon Claw|p1a: Kingdra\n|-supereffective|p1a: Kingdra\n|-damage|p1a: Kingdra|179\/257 psn\n|-damage|p2a: Salamence|88\/279|[from] item: Life Orb\n|move|p1a: Kingdra|Draco Meteor|p2a: Salamence|[miss]\n|-miss|p1a: Kingdra|p2a: Salamence\n|\n|-weather|SunnyDay|[upkeep]\n|-damage|p1a: Kingdra|147\/257 psn|[from] psn\n|upkeep\n|turn|26\n|c|\u2606MANNAT|yO\n|\n|t:|1664130219\n|move|p2a: Salamence|Dragon Claw|p1a: Kingdra\n|-supereffective|p1a: Kingdra\n|-damage|p1a: Kingdra|57\/257 psn\n|-damage|p2a: Salamence|61\/279|[from] item: Life Orb\n|move|p1a: Kingdra|Draco Meteor|p2a: Salamence\n|-supereffective|p2a: Salamence\n|-damage|p2a: Salamence|0 fnt\n|-unboost|p1a: Kingdra|spa|2\n|faint|p2a: Salamence\n|\n|win|shiawasenostory\n|c|\u2606safetyman|gg\n|c|\u2606ThiccKiwiDotCom|gg\n|c|\u2606shiawasenostory|gg\n|l|\u2606MANNAT\n","inputlog":">version 806e56ea67f2f748d4b403b3f5b33d56e25d3f7a\n>start {\"formatid\":\"gen8freeforallrandombattle\",\"seed\":[29647,57672,43084,28815]}\n>player p1 {\"name\":\"shiawasenostory\",\"avatar\":\"winona\",\"rating\":0,\"seed\":[53475,29293,596,63383]}\n>player p2 {\"name\":\"ThiccKiwiDotCom\",\"avatar\":\"guitarist\",\"rating\":0,\"seed\":[30323,26925,21545,54386]}\n>player p3 {\"name\":\"MANNAT\",\"avatar\":\"#scl2foxes\",\"team\":\"\",\"seed\":[39154,53230,58365,37655]}\n>player p4 {\"name\":\"safetyman\",\"avatar\":\"roxanne\",\"team\":\"\",\"seed\":[30056,40899,53902,33676]}\n>p1 move protect\n>p2 move highhorsepower\n>p3 move rocktomb\n>p4 move hypervoice\n>p1 switch 2\n>p2 move swordsdance\n>p3 move rocktomb\n>p4 move hypervoice\n>p1 move protect\n>p2 move highhorsepower\n>p3 move protect\n>p4 move hypervoice\n>chat  FortniteGokuSSJ4|id go chomper here\n>chat \u2606MANNAT|id go chomper here\n>p1 move yawn\n>p2 move morningsun\n>p3 move willowisp\n>p4 move hypervoice\n>p3 switch 3\n>chat  FortniteGokuSSJ4|mannat already losing, epic\n>p1 move protect\n>p2 move flareblitz\n>p3 move boomburst\n>p4 switch 5\n>p2 switch 2\n>p3 switch 4\n>p1 switch 6\n>p2 move trickroom\n>p3 move hypervoice\n>p4 move protect\n>p1 switch 6\n>p2 move willowisp\n>p3 move moonblast\n>p4 move headcharge\n>p1 switch 5\n>p1 move stealthrock\n>p2 move willowisp\n>p3 move protect\n>p4 move protect\n>p1 move irondefense\n>p2 move shadowball\n>p3 move hypervoice\n>p4 move lashout\n>p3 switch 2\n>p1 move moonblast\n>p2 move shadowball\n>p3 move toxicspikes\n>p4 move protect\n>p1 move bodypress\n>p2 move willowisp\n>p3 move psychic\n>p4 move lashout\n>p2 switch 6\n>p4 switch 2\n>p1 move moonblast\n>p2 move protect\n>p3 switch 5\n>p4 move shadowball\n>p1 move moonblast\n>p2 move megahorn\n>p3 move scald\n>p4 switch 5\n>p3 switch 6\n>p1 move bodypress\n>p2 move closecombat\n>p3 move psyshock\n>p4 move glare\n>p2 switch 5\n>p4 switch 5\n>p1 move bodypress\n>p2 move tripleaxel\n>p3 move shadowball\n>p4 move shadowball\n>p2 switch 4\n>p3 switch 5\n>p1 move moonblast\n>p2 move psychicfangs\n>p3 move psychic\n>p4 move shadowball\n>p1 move moonblast\n>p2 move psychicfangs\n>p4 move sludgebomb\n>p1 switch 2\n>p1 move shadowsneak\n>p2 move crunch\n>p4 move sludgebomb\n>p4 switch 6\n>p1 move leafblade\n>p2 move psychicfangs\n>p4 move protect\n>p1 move leafblade\n>p2 move psychicfangs\n>p4 move knockoff\n>p1 switch 4\n>p4 switch 4\n>forcelose p3\n>chat \u2606MANNAT|just had to let you know\n>p1 move reflect\n>p2 move psychicfangs\n>p4 move protect\n>p2 switch 3\n>p1 move helpinghand\n>p2 move hurricane dynamax\n>p4 move flareblitz dynamax\n>p4 switch 3\n>p1 move lightscreen\n>p2 move dragonclaw dynamax\n>p4 move dracometeor\n>p1 move memento\n>p2 move hurricane dynamax\n>p1 switch 3\n>p1 move dracometeor\n>p2 move dragonclaw\n>chat \u2606MANNAT|yO\n>p1 move dracometeor\n>p2 move dragonclaw","uploadtime":1664130270,"views":8,"p1id":"shiawasenostory","p2id":"thicckiwidotcom","formatid":"gen8freeforallrandombattle","rating":0,"private":0,"password":null}