{"id":"gen8oubeta-1011523211","p1":"FrostedClay","p2":"Walletinspector62","format":"gen8oubeta","log":"|j|\u2606FrostedClay\n|j|\u2606Walletinspector62\n|player|p1|FrostedClay|parasollady|1106\n|player|p2|Walletinspector62|169|1107\n|teamsize|p1|6\n|teamsize|p2|6\n|gametype|singles\n|gen|8\n|tier|[Gen 8] OU (beta)\n|rated|\n|rule|Sleep Clause Mod: Limit one foe put to sleep\n|rule|Species Clause: Limit one of each Pok\u00e9mon\n|rule|OHKO Clause: OHKO moves are banned\n|rule|Moody Clause: Moody is banned\n|rule|Evasion Moves Clause: Evasion moves are banned\n|rule|Endless Battle Clause: Forcing endless battles is banned\n|rule|HP Percentage Mod: HP is shown in percentages\n|clearpoke\n|poke|p1|Zweilous, M|item\n|poke|p1|Reuniclus, M|item\n|poke|p1|Whimsicott, F|item\n|poke|p1|Escavalier, M|item\n|poke|p1|Chandelure, F|item\n|poke|p1|Seismitoad, M|item\n|poke|p2|Pelipper, M|item\n|poke|p2|Gyarados, M|item\n|poke|p2|Ferrothorn, M|item\n|poke|p2|Barraskewda, M|item\n|poke|p2|Toxtricity, M|item\n|poke|p2|Durant, M|item\n|teampreview\n|\n|start\n|switch|p1a: Whimsicott|Whimsicott, F|100\/100\n|switch|p2a: Pelipper|Pelipper, M|100\/100\n|-weather|RainDance|[from] ability: Drizzle|[of] p2a: Pelipper\n|turn|1\n|\n|move|p2a: Pelipper|Hurricane|p1a: Whimsicott\n|-supereffective|p1a: Whimsicott\n|-enditem|p1a: Whimsicott|Focus Sash\n|-damage|p1a: Whimsicott|1\/100\n|-start|p1a: Whimsicott|confusion\n|-activate|p1a: Whimsicott|confusion\n|move|p1a: Whimsicott|Trick Room|p1a: Whimsicott\n|-fieldstart|move: Trick Room|[of] p1a: Whimsicott\n|\n|-weather|RainDance|[upkeep]\n|upkeep\n|turn|2\n|\n|-activate|p1a: Whimsicott|confusion\n|move|p1a: Whimsicott|Memento|p2a: Pelipper\n|-unboost|p2a: Pelipper|atk|2\n|-unboost|p2a: Pelipper|spa|2\n|faint|p1a: Whimsicott\n|move|p2a: Pelipper|U-turn|p1: Whimsicott|[notarget]\n|-fail|p2a: Pelipper\n|\n|-weather|RainDance|[upkeep]\n|upkeep\n|\n|switch|p1a: Zweilous|Zweilous, M|100\/100\n|turn|3\n|\n|-start|p1a: Zweilous|Dynamax\n|-heal|p1a: Zweilous|100\/100|[from] Dynamax\n|move|p1a: Zweilous|Max Rockfall|p2a: Pelipper\n|-supereffective|p2a: Pelipper\n|-damage|p2a: Pelipper|5\/100\n|-weather|Sandstorm\n|move|p2a: Pelipper|U-turn|p1a: Zweilous\n|-supereffective|p1a: Zweilous\n|-damage|p1a: Zweilous|97\/100\n|\n|switch|p2a: Ferrothorn|Ferrothorn, M, shiny|100\/100|[from]move: U-turn\n|\n|-weather|Sandstorm|[upkeep]\n|-damage|p1a: Zweilous|91\/100|[from] Sandstorm\n|upkeep\n|turn|4\n|\n|move|p2a: Ferrothorn|Leech Seed|p1a: Zweilous|[miss]\n|-miss|p2a: Ferrothorn|p1a: Zweilous\n|move|p1a: Zweilous|Max Knuckle|p2a: Ferrothorn\n|-supereffective|p2a: Ferrothorn\n|-damage|p2a: Ferrothorn|50\/100\n|-boost|p1a: Zweilous|atk|1\n|\n|-weather|Sandstorm|[upkeep]\n|-damage|p1a: Zweilous|84\/100|[from] Sandstorm\n|-heal|p2a: Ferrothorn|56\/100|[from] item: Leftovers\n|upkeep\n|turn|5\n|\n|switch|p2a: Gyarados|Gyarados, M|100\/100\n|move|p1a: Zweilous|Max Knuckle|p2a: Gyarados\n|-resisted|p2a: Gyarados\n|-damage|p2a: Gyarados|64\/100\n|-boost|p1a: Zweilous|atk|1\n|\n|-weather|Sandstorm|[upkeep]\n|-damage|p1a: Zweilous|78\/100|[from] Sandstorm\n|-damage|p2a: Gyarados|58\/100|[from] Sandstorm\n|-heal|p2a: Gyarados|64\/100|[from] item: Leftovers\n|-fieldend|move: Trick Room\n|-end|p1a: Zweilous|Dynamax\n|-heal|p1a: Zweilous|78\/100|[from] Dynamax\n|upkeep\n|turn|6\n|\n|switch|p2a: Pelipper|Pelipper, M|5\/100\n|-weather|RainDance|[from] ability: Drizzle|[of] p2a: Pelipper\n|move|p1a: Zweilous|Crunch|p2a: Pelipper\n|-damage|p2a: Pelipper|0 fnt\n|faint|p2a: Pelipper\n|\n|-weather|RainDance|[upkeep]\n|upkeep\n|\n|switch|p2a: Durant|Durant, M|100\/100\n|turn|7\n|\n|-start|p2a: Durant|Dynamax\n|-heal|p2a: Durant|100\/100|[from] Dynamax\n|move|p2a: Durant|Max Knuckle|p1a: Zweilous\n|-supereffective|p1a: Zweilous\n|-damage|p1a: Zweilous|3\/100\n|-boost|p2a: Durant|atk|1\n|move|p1a: Zweilous|Crunch|p2a: Durant\n|-damage|p2a: Durant|37\/100\n|\n|-weather|RainDance|[upkeep]\n|upkeep\n|turn|8\n|\n|switch|p1a: Chandelure|Chandelure, F|100\/100\n|move|p2a: Durant|Max Knuckle|p1a: Chandelure\n|-immune|p1a: Chandelure\n|\n|-weather|RainDance|[upkeep]\n|upkeep\n|turn|9\n|\n|switch|p1a: Zweilous|Zweilous, M|3\/100\n|move|p2a: Durant|Max Quake|p1a: Zweilous\n|-damage|p1a: Zweilous|0 fnt\n|-boost|p2a: Durant|spd|1\n|faint|p1a: Zweilous\n|\n|-weather|RainDance|[upkeep]\n|-end|p2a: Durant|Dynamax\n|-heal|p2a: Durant|37\/100|[from] Dynamax\n|upkeep\n|\n|switch|p1a: Chandelure|Chandelure, F|100\/100\n|turn|10\n|\n|move|p2a: Durant|Stomping Tantrum|p1a: Chandelure|[miss]\n|-miss|p2a: Durant|p1a: Chandelure\n|move|p1a: Chandelure|Trick Room|p1a: Chandelure\n|-fieldstart|move: Trick Room|[of] p1a: Chandelure\n|\n|-weather|RainDance|[upkeep]\n|upkeep\n|turn|11\n|\n|move|p1a: Chandelure|Flamethrower|p2a: Durant\n|-supereffective|p2a: Durant\n|-damage|p2a: Durant|0 fnt\n|faint|p2a: Durant\n|\n|-weather|RainDance|[upkeep]\n|upkeep\n|\n|switch|p2a: Gyarados|Gyarados, M|64\/100\n|turn|12\n|\n|move|p1a: Chandelure|Shadow Ball|p2a: Gyarados\n|-damage|p2a: Gyarados|17\/100\n|move|p2a: Gyarados|Earthquake|p1a: Chandelure\n|-supereffective|p1a: Chandelure\n|-damage|p1a: Chandelure|19\/100\n|\n|-weather|RainDance|[upkeep]\n|-heal|p2a: Gyarados|23\/100|[from] item: Leftovers\n|upkeep\n|turn|13\n|\n|move|p1a: Chandelure|Shadow Ball|p2a: Gyarados\n|-damage|p2a: Gyarados|0 fnt\n|faint|p2a: Gyarados\n|\n|-weather|none\n|upkeep\n|\n|switch|p2a: Toxtricity|Toxtricity, M|100\/100\n|turn|14\n|\n|move|p1a: Chandelure|Flamethrower|p2a: Toxtricity\n|-damage|p2a: Toxtricity|7\/100\n|move|p2a: Toxtricity|Sludge Wave|p1a: Chandelure\n|-resisted|p1a: Chandelure\n|-damage|p1a: Chandelure|0 fnt\n|faint|p1a: Chandelure\n|\n|-fieldend|move: Trick Room\n|upkeep\n|\n|switch|p1a: Seismitoad|Seismitoad, M|100\/100\n|turn|15\n|\n|switch|p2a: Ferrothorn|Ferrothorn, M, shiny|56\/100\n|move|p1a: Seismitoad|Stealth Rock|p2a: Ferrothorn\n|-sidestart|p2: Walletinspector62|move: Stealth Rock\n|\n|-heal|p2a: Ferrothorn|62\/100|[from] item: Leftovers\n|upkeep\n|turn|16\n|\n|move|p1a: Seismitoad|Earthquake|p2a: Ferrothorn\n|-damage|p2a: Ferrothorn|44\/100\n|move|p2a: Ferrothorn|Leech Seed|p1a: Seismitoad\n|-start|p1a: Seismitoad|move: Leech Seed\n|\n|-heal|p2a: Ferrothorn|50\/100|[from] item: Leftovers\n|-damage|p1a: Seismitoad|88\/100|[from] Leech Seed|[of] p2a: Ferrothorn\n|-heal|p2a: Ferrothorn|65\/100|[silent]\n|upkeep\n|turn|17\n|\n|switch|p1a: Reuniclus|Reuniclus, M|100\/100\n|move|p2a: Ferrothorn|Power Whip|p1a: Reuniclus\n|-damage|p1a: Reuniclus|63\/100\n|\n|-heal|p2a: Ferrothorn|71\/100|[from] item: Leftovers\n|upkeep\n|turn|18\n|\n|move|p1a: Reuniclus|Focus Blast|p2a: Ferrothorn\n|-supereffective|p2a: Ferrothorn\n|-damage|p2a: Ferrothorn|0 fnt\n|faint|p2a: Ferrothorn\n|\n|upkeep\n|\n|switch|p2a: Barraskewda|Barraskewda, M, shiny|100\/100\n|-damage|p2a: Barraskewda|88\/100|[from] Stealth Rock\n|turn|19\n|\n|move|p2a: Barraskewda|Close Combat|p1a: Reuniclus\n|-resisted|p1a: Reuniclus\n|-damage|p1a: Reuniclus|31\/100\n|-unboost|p2a: Barraskewda|def|1\n|-unboost|p2a: Barraskewda|spd|1\n|move|p1a: Reuniclus|Trick Room|p1a: Reuniclus\n|-fieldstart|move: Trick Room|[of] p1a: Reuniclus\n|\n|upkeep\n|turn|20\n|c|\u2606FrostedClay|good game\n|\n|switch|p2a: Toxtricity|Toxtricity, M|7\/100\n|-damage|p2a: Toxtricity|0 fnt|[from] Stealth Rock\n|faint|p2a: Toxtricity\n|move|p1a: Reuniclus|Psychic|p2: Toxtricity|[notarget]\n|-fail|p1a: Reuniclus\n|\n|upkeep\n|inactive|Battle timer is ON: inactive players will automatically lose when time's up. (requested by FrostedClay)\n|\n|switch|p2a: Barraskewda|Barraskewda, M, shiny|88\/100\n|-damage|p2a: Barraskewda|76\/100|[from] Stealth Rock\n|turn|21\n|\n|move|p1a: Reuniclus|Psychic|p2a: Barraskewda\n|-damage|p2a: Barraskewda|0 fnt\n|faint|p2a: Barraskewda\n|\n|win|FrostedClay\n","uploadtime":1574027580,"views":0,"p1id":"frostedclay","p2id":"walletinspector62","formatid":"gen8oubeta","rating":0,"private":0,"password":null}