{"id":"gen8anythinggoes-1680919680","p1":"AGLT5TX poke","p2":"yokobaby","format":"gen8anythinggoes","log":"|j|\u2606AGLT5TX poke\n|j|\u2606yokobaby\n|t:|1665252268\n|gametype|singles\n|player|p1|AGLT5TX poke|waitress-gen4|1700\n|player|p2|yokobaby|170|1850\n|teamsize|p1|6\n|teamsize|p2|6\n|gen|8\n|tier|[Gen 8] Anything Goes\n|rated|\n|rule|HP Percentage Mod: HP is shown in percentages\n|rule|Endless Battle Clause: Forcing endless battles is banned\n|clearpoke\n|poke|p1|Shuckle, M|\n|poke|p1|Eternatus|\n|poke|p1|Zygarde|\n|poke|p1|Yveltal|\n|poke|p1|Necrozma-Dusk-Mane|\n|poke|p1|Ditto|\n|poke|p2|Excadrill, F|\n|poke|p2|Necrozma-Dusk-Mane|\n|poke|p2|Yveltal|\n|poke|p2|Xerneas-*|\n|poke|p2|Calyrex-Shadow|\n|poke|p2|Kyogre|\n|teampreview\n|inactive|Battle timer is ON: inactive players will automatically lose when time's up. (requested by AGLT5TX poke)\n|\n|t:|1665252275\n|start\n|switch|p1a: Zygarde|Zygarde|100\/100\n|switch|p2a: Excadrill|Excadrill, F|100\/100\n|-ability|p2a: Excadrill|Mold Breaker\n|turn|1\n|j| Apprenti Buck\n|\n|t:|1665252285\n|move|p2a: Excadrill|Stealth Rock|p1a: Zygarde\n|-sidestart|p1: AGLT5TX poke|move: Stealth Rock\n|move|p1a: Zygarde|Thousand Arrows|p2a: Excadrill\n|-supereffective|p2a: Excadrill\n|-enditem|p2a: Excadrill|Focus Sash\n|-damage|p2a: Excadrill|1\/100\n|-damage|p1a: Zygarde|91\/100|[from] item: Life Orb\n|\n|upkeep\n|turn|2\n|\n|t:|1665252291\n|move|p2a: Excadrill|Earthquake|p1a: Zygarde\n|-damage|p1a: Zygarde|47\/100\n|move|p1a: Zygarde|Thousand Arrows|p2a: Excadrill\n|-supereffective|p2a: Excadrill\n|-damage|p2a: Excadrill|0 fnt\n|faint|p2a: Excadrill\n|-damage|p1a: Zygarde|37\/100|[from] item: Life Orb\n|\n|-activate|p1a: Zygarde|ability: Power Construct\n|detailschange|p1a: Zygarde|Zygarde-Complete\n|-heal|p1a: Zygarde|61\/100|[silent]\n|upkeep\n|\n|t:|1665252294\n|switch|p2a: Kyogre|Kyogre|100\/100\n|-weather|RainDance|[from] ability: Drizzle|[of] p2a: Kyogre\n|turn|3\n|\n|t:|1665252298\n|switch|p1a: Shuckle|Shuckle, M|100\/100\n|-damage|p1a: Shuckle|75\/100|[from] Stealth Rock\n|move|p2a: Kyogre|Water Spout|p1a: Shuckle\n|-supereffective|p1a: Shuckle\n|-damage|p1a: Shuckle|0 fnt\n|faint|p1a: Shuckle\n|\n|-weather|RainDance|[upkeep]\n|upkeep\n|\n|t:|1665252301\n|switch|p1a: Eternatus|Eternatus|100\/100\n|-damage|p1a: Eternatus|88\/100|[from] Stealth Rock\n|-ability|p1a: Eternatus|Pressure\n|turn|4\n|\n|t:|1665252317\n|switch|p2a: Necrozma|Necrozma-Dusk-Mane|100\/100\n|move|p1a: Eternatus|Dynamax Cannon|p2a: Necrozma\n|-resisted|p2a: Necrozma\n|-damage|p2a: Necrozma|75\/100\n|\n|-weather|RainDance|[upkeep]\n|upkeep\n|turn|5\n|\n|t:|1665252327\n|switch|p1a: Zygarde|Zygarde-Complete|61\/100\n|-damage|p1a: Zygarde|55\/100|[from] Stealth Rock\n|move|p2a: Necrozma|Dragon Dance|p2a: Necrozma\n|-boost|p2a: Necrozma|atk|1\n|-boost|p2a: Necrozma|spe|1\n|\n|-weather|RainDance|[upkeep]\n|upkeep\n|turn|6\n|\n|t:|1665252337\n|move|p2a: Necrozma|Sunsteel Strike|p1a: Zygarde\n|-damage|p1a: Zygarde|6\/100\n|move|p1a: Zygarde|Thousand Arrows|p2a: Necrozma\n|-supereffective|p2a: Necrozma\n|-damage|p2a: Necrozma|5\/100\n|-enditem|p2a: Necrozma|Weakness Policy\n|-boost|p2a: Necrozma|atk|2|[from] item: Weakness Policy\n|-boost|p2a: Necrozma|spa|2|[from] item: Weakness Policy\n|-damage|p1a: Zygarde|0 fnt|[from] item: Life Orb\n|faint|p1a: Zygarde\n|\n|-weather|RainDance|[upkeep]\n|upkeep\n|\n|t:|1665252340\n|switch|p1a: Ditto|Ditto|100\/100\n|-damage|p1a: Ditto|88\/100|[from] Stealth Rock\n|-transform|p1a: Ditto|p2a: Necrozma|[from] ability: Imposter\n|turn|7\n|\n|t:|1665252345\n|move|p1a: Ditto|Sunsteel Strike|p2a: Necrozma\n|-resisted|p2a: Necrozma\n|-damage|p2a: Necrozma|0 fnt\n|faint|p2a: Necrozma\n|\n|-weather|none\n|upkeep\n|\n|t:|1665252350\n|switch|p2a: Kyogre|Kyogre|100\/100\n|-weather|RainDance|[from] ability: Drizzle|[of] p2a: Kyogre\n|turn|8\n|\n|t:|1665252352\n|switch|p1a: Eternatus|Eternatus|88\/100\n|-damage|p1a: Eternatus|76\/100|[from] Stealth Rock\n|-ability|p1a: Eternatus|Pressure\n|move|p2a: Kyogre|Water Spout|p1a: Eternatus\n|-resisted|p1a: Eternatus\n|-damage|p1a: Eternatus|35\/100\n|\n|-weather|RainDance|[upkeep]\n|upkeep\n|turn|9\n|\n|t:|1665252355\n|move|p2a: Kyogre|Water Spout|p1a: Eternatus\n|-resisted|p1a: Eternatus\n|-damage|p1a: Eternatus|0 fnt\n|faint|p1a: Eternatus\n|\n|-weather|RainDance|[upkeep]\n|upkeep\n|\n|t:|1665252357\n|switch|p1a: Ditto|Ditto|88\/100\n|-damage|p1a: Ditto|76\/100|[from] Stealth Rock\n|-transform|p1a: Ditto|p2a: Kyogre|[from] ability: Imposter\n|turn|10\n|\n|t:|1665252361\n|-start|p2a: Kyogre|Dynamax|\n|-heal|p2a: Kyogre|100\/100|[silent]\n|move|p1a: Ditto|Thunder|p2a: Kyogre\n|-supereffective|p2a: Kyogre\n|-damage|p2a: Kyogre|67\/100\n|move|p2a: Kyogre|Max Lightning|p1a: Ditto\n|-supereffective|p1a: Ditto\n|-damage|p1a: Ditto|0 fnt\n|-fieldstart|move: Electric Terrain\n|faint|p1a: Ditto\n|\n|-weather|RainDance|[upkeep]\n|upkeep\n|\n|t:|1665252365\n|switch|p1a: Yveltal|Yveltal|100\/100\n|-damage|p1a: Yveltal|76\/100|[from] Stealth Rock\n|-ability|p1a: Yveltal|Dark Aura\n|turn|11\n|\n|t:|1665252369\n|-start|p1a: Yveltal|Dynamax|\n|-heal|p1a: Yveltal|76\/100|[silent]\n|move|p2a: Kyogre|Max Geyser|p1a: Yveltal\n|-damage|p1a: Yveltal|19\/100\n|move|p1a: Yveltal|Max Airstream|p2a: Kyogre\n|-damage|p2a: Kyogre|30\/100\n|-boost|p1a: Yveltal|spe|1\n|-damage|p1a: Yveltal|14\/100|[from] item: Life Orb\n|\n|-weather|RainDance|[upkeep]\n|upkeep\n|turn|12\n|\n|t:|1665252372\n|move|p1a: Yveltal|Max Darkness|p2a: Kyogre\n|-crit|p2a: Kyogre\n|-damage|p2a: Kyogre|0 fnt\n|faint|p2a: Kyogre\n|-damage|p1a: Yveltal|10\/100|[from] item: Life Orb\n|\n|-weather|none\n|upkeep\n|\n|t:|1665252374\n|switch|p2a: Yveltal|Yveltal|100\/100\n|-ability|p2a: Yveltal|Dark Aura\n|turn|13\n|\n|t:|1665252379\n|move|p2a: Yveltal|Sucker Punch|p1a: Yveltal\n|-resisted|p1a: Yveltal\n|-damage|p1a: Yveltal|0 fnt\n|faint|p1a: Yveltal\n|-damage|p2a: Yveltal|91\/100|[from] item: Life Orb\n|\n|upkeep\n|\n|t:|1665252381\n|switch|p1a: Necrozma|Necrozma-Dusk-Mane|100\/100\n|-damage|p1a: Necrozma|94\/100|[from] Stealth Rock\n|turn|14\n|\n|t:|1665252382\n|move|p2a: Yveltal|Dark Pulse|p1a: Necrozma\n|-supereffective|p1a: Necrozma\n|-damage|p1a: Necrozma|6\/100\n|-damage|p2a: Yveltal|81\/100|[from] item: Life Orb\n|move|p1a: Necrozma|Dragon Dance|p1a: Necrozma\n|-boost|p1a: Necrozma|atk|1\n|-boost|p1a: Necrozma|spe|1\n|\n|-fieldend|move: Electric Terrain\n|upkeep\n|turn|15\n|\n|t:|1665252386\n|move|p2a: Yveltal|Sucker Punch|p1a: Necrozma\n|-supereffective|p1a: Necrozma\n|-damage|p1a: Necrozma|0 fnt\n|faint|p1a: Necrozma\n|-damage|p2a: Yveltal|71\/100|[from] item: Life Orb\n|\n|win|yokobaby\n|raw|AGLT5TX poke's rating: 1700 &rarr; <strong>1687<\/strong><br \/>(-13 for losing)\n|raw|yokobaby's rating: 1826 &rarr; <strong>1839<\/strong><br \/>(+13 for winning)\n|l|\u2606AGLT5TX poke\n|l| Apprenti Buck\n||Ladder isn't responding, score probably updated but might not have (Request timeout).\n","uploadtime":1665252397,"views":11,"p1id":"aglt5txpoke","p2id":"yokobaby","formatid":"gen8anythinggoes","rating":1687,"private":0,"password":null}