{"id":"gen8ou-1633404745","p1":"rustyispro","p2":"superrouchuan","format":"gen8ou","log":"|j|\u2606rustyispro\n|j|\u2606superrouchuan\n|t:|1659771154\n|gametype|singles\n|player|p1|rustyispro|ballguy|1105\n|player|p2|superrouchuan|juan|1160\n|teamsize|p1|6\n|teamsize|p2|6\n|gen|8\n|tier|[Gen 8] OU\n|rated|\n|rule|Sleep Clause Mod: Limit one foe put to sleep\n|rule|Species Clause: Limit one of each Pok\u00e9mon\n|rule|OHKO Clause: OHKO moves are banned\n|rule|Evasion Items Clause: Evasion items are banned\n|rule|Evasion Moves Clause: Evasion moves are banned\n|rule|Endless Battle Clause: Forcing endless battles is banned\n|rule|HP Percentage Mod: HP is shown in percentages\n|rule|Dynamax Clause: You cannot dynamax\n|clearpoke\n|poke|p1|Blissey, F|\n|poke|p1|Toxapex, M|\n|poke|p1|Corviknight, M|\n|poke|p1|Clefable, F|\n|poke|p1|Landorus-Therian, M|\n|poke|p1|Heatran, F|\n|poke|p2|Snorlax, M|\n|poke|p2|Tapu Lele|\n|poke|p2|Tyranitar, M|\n|poke|p2|Zapdos|\n|poke|p2|Blacephalon|\n|poke|p2|Buzzwole|\n|teampreview\n|\n|t:|1659771218\n|start\n|switch|p1a: Corviknight|Corviknight, M, shiny|100\/100\n|switch|p2a: Blacephalon|Blacephalon, shiny|100\/100\n|-ability|p1a: Corviknight|Pressure\n|turn|1\n|\n|t:|1659771231\n|switch|p1a: Heatran|Heatran, F|100\/100\n|move|p2a: Blacephalon|Shadow Ball|p1a: Heatran\n|-damage|p1a: Heatran|50\/100\n|\n|-heal|p1a: Heatran|57\/100|[from] item: Leftovers\n|upkeep\n|turn|2\n|\n|t:|1659771246\n|switch|p1a: Blissey|Blissey, F|100\/100\n|move|p2a: Blacephalon|Shadow Ball|p1a: Blissey\n|-immune|p1a: Blissey\n|\n|upkeep\n|turn|3\n|\n|t:|1659771258\n|switch|p2a: BIGGIE|Snorlax, M, shiny|100\/100\n|move|p1a: Blissey|Toxic|p2a: BIGGIE\n|-immune|p2a: BIGGIE|[from] ability: Immunity\n|\n|upkeep\n|turn|4\n|\n|t:|1659771271\n|switch|p1a: Landorus|Landorus-Therian, M|100\/100\n|-ability|p1a: Landorus|Intimidate|boost\n|-unboost|p2a: BIGGIE|atk|1\n|move|p2a: BIGGIE|Yawn|p1a: Landorus\n|-start|p1a: Landorus|move: Yawn|[of] p2a: BIGGIE\n|\n|upkeep\n|turn|5\n|\n|t:|1659771287\n|switch|p1a: Clefable|Clefable, F|100\/100\n|move|p2a: BIGGIE|Yawn|p1a: Clefable\n|-start|p1a: Clefable|move: Yawn|[of] p2a: BIGGIE\n|\n|upkeep\n|turn|6\n|\n|t:|1659771303\n|switch|p1a: Landorus|Landorus-Therian, M|100\/100\n|-ability|p1a: Landorus|Intimidate|boost\n|-unboost|p2a: BIGGIE|atk|1\n|move|p2a: BIGGIE|Yawn|p1a: Landorus\n|-start|p1a: Landorus|move: Yawn|[of] p2a: BIGGIE\n|\n|upkeep\n|turn|7\n|\n|t:|1659771312\n|switch|p1a: Toxapex|Toxapex, M|100\/100\n|move|p2a: BIGGIE|Yawn|p1a: Toxapex\n|-start|p1a: Toxapex|move: Yawn|[of] p2a: BIGGIE\n|\n|upkeep\n|turn|8\n|\n|t:|1659771319\n|switch|p1a: Landorus|Landorus-Therian, M|100\/100\n|-ability|p1a: Landorus|Intimidate|boost\n|-unboost|p2a: BIGGIE|atk|1\n|move|p2a: BIGGIE|Yawn|p1a: Landorus\n|-start|p1a: Landorus|move: Yawn|[of] p2a: BIGGIE\n|\n|upkeep\n|turn|9\n|\n|t:|1659771339\n|switch|p1a: Clefable|Clefable, F|100\/100\n|move|p2a: BIGGIE|Yawn|p1a: Clefable\n|-start|p1a: Clefable|move: Yawn|[of] p2a: BIGGIE\n|\n|upkeep\n|turn|10\n|\n|t:|1659771351\n|switch|p1a: Landorus|Landorus-Therian, M|100\/100\n|-ability|p1a: Landorus|Intimidate|boost\n|-unboost|p2a: BIGGIE|atk|1\n|switch|p2a: Blacephalon|Blacephalon, shiny|100\/100\n|\n|upkeep\n|turn|11\n|\n|t:|1659771359\n|switch|p1a: Blissey|Blissey, F|100\/100\n|move|p2a: Blacephalon|Mind Blown|p1a: Blissey\n|-damage|p1a: Blissey|44\/100\n|-damage|p2a: Blacephalon|50\/100|[from] mindblown\n|\n|upkeep\n|turn|12\n|\n|t:|1659771373\n|switch|p2a: Buzzwole|Buzzwole|100\/100\n|move|p1a: Blissey|Soft-Boiled|p1a: Blissey\n|-heal|p1a: Blissey|94\/100\n|\n|upkeep\n|turn|13\n|\n|t:|1659771388\n|switch|p1a: Toxapex|Toxapex, M|100\/100\n|move|p2a: Buzzwole|Close Combat|p1a: Toxapex\n|-resisted|p1a: Toxapex\n|-damage|p1a: Toxapex|70\/100\n|-unboost|p2a: Buzzwole|def|1\n|-unboost|p2a: Buzzwole|spd|1\n|\n|-heal|p1a: Toxapex|76\/100|[from] item: Black Sludge\n|upkeep\n|turn|14\n|\n|t:|1659771404\n|switch|p2a: BIGGIE|Snorlax, M, shiny|100\/100\n|move|p1a: Toxapex|Toxic|p2a: BIGGIE\n|-immune|p2a: BIGGIE|[from] ability: Immunity\n|\n|-heal|p1a: Toxapex|82\/100|[from] item: Black Sludge\n|upkeep\n|turn|15\n|\n|t:|1659771415\n|switch|p1a: Landorus|Landorus-Therian, M|100\/100\n|-ability|p1a: Landorus|Intimidate|boost\n|-unboost|p2a: BIGGIE|atk|1\n|move|p2a: BIGGIE|Self-Destruct|p1a: Landorus\n|-enditem|p2a: BIGGIE|Normal Gem|[from] gem\n|-damage|p1a: Landorus|36\/100\n|faint|p2a: BIGGIE\n|\n|-heal|p1a: Landorus|42\/100|[from] item: Leftovers\n|upkeep\n|\n|t:|1659771426\n|switch|p2a: Blacephalon|Blacephalon, shiny|50\/100\n|turn|16\n|\n|t:|1659771430\n|switch|p1a: Blissey|Blissey, F|94\/100\n|move|p2a: Blacephalon|Shadow Ball|p1a: Blissey\n|-immune|p1a: Blissey\n|\n|upkeep\n|turn|17\n|\n|t:|1659771439\n|switch|p2a: Buzzwole|Buzzwole|100\/100\n|switch|p1a: Heatran|Heatran, F|57\/100\n|\n|-heal|p1a: Heatran|63\/100|[from] item: Leftovers\n|upkeep\n|turn|18\n|\n|t:|1659771449\n|switch|p1a: Toxapex|Toxapex, M|100\/100\n|move|p2a: Buzzwole|Close Combat|p1a: Toxapex\n|-resisted|p1a: Toxapex\n|-damage|p1a: Toxapex|69\/100\n|-unboost|p2a: Buzzwole|def|1\n|-unboost|p2a: Buzzwole|spd|1\n|\n|-heal|p1a: Toxapex|75\/100|[from] item: Black Sludge\n|upkeep\n|turn|19\n|\n|t:|1659771459\n|switch|p2a: Tapu Lele|Tapu Lele|100\/100\n|-fieldstart|move: Psychic Terrain|[from] ability: Psychic Surge|[of] p2a: Tapu Lele\n|move|p1a: Toxapex|Toxic|p2a: Tapu Lele\n|-status|p2a: Tapu Lele|tox\n|\n|-heal|p1a: Toxapex|81\/100|[from] item: Black Sludge\n|-damage|p2a: Tapu Lele|94\/100 tox|[from] psn\n|upkeep\n|turn|20\n|\n|t:|1659771475\n|switch|p1a: Blissey|Blissey, F|94\/100\n|move|p2a: Tapu Lele|Psychic|p1a: Blissey\n|-damage|p1a: Blissey|68\/100\n|\n|-damage|p2a: Tapu Lele|82\/100 tox|[from] psn\n|upkeep\n|turn|21\n|\n|t:|1659771483\n|switch|p2a: Zapdos|Zapdos, shiny|100\/100\n|move|p1a: Blissey|Soft-Boiled|p1a: Blissey\n|-heal|p1a: Blissey|100\/100\n|\n|upkeep\n|turn|22\n|\n|t:|1659771489\n|move|p2a: Zapdos|Thunder Wave|p1a: Blissey|[miss]\n|-miss|p2a: Zapdos|p1a: Blissey\n|move|p1a: Blissey|Toxic|p2a: Zapdos\n|-status|p2a: Zapdos|tox\n|\n|-damage|p2a: Zapdos|94\/100 tox|[from] psn\n|upkeep\n|turn|23\n|\n|t:|1659771501\n|switch|p1a: Clefable|Clefable, F|100\/100\n|move|p2a: Zapdos|Thunder Wave|p1a: Clefable\n|-status|p1a: Clefable|par\n|\n|-damage|p2a: Zapdos|82\/100 tox|[from] psn\n|-fieldend|move: Psychic Terrain\n|upkeep\n|turn|24\n|\n|t:|1659771511\n|switch|p2a: Buzzwole|Buzzwole|100\/100\n|move|p1a: Clefable|Wish|p1a: Clefable\n|\n|upkeep\n|turn|25\n|\n|t:|1659771524\n|move|p2a: Buzzwole|Poison Jab|p1a: Clefable\n|-supereffective|p1a: Clefable\n|-damage|p1a: Clefable|30\/100 par\n|cant|p1a: Clefable|par\n|\n|-heal|p1a: Clefable|80\/100 par|[from] move: Wish|[wisher] Clefable\n|-heal|p1a: Clefable|87\/100 par|[from] item: Leftovers\n|upkeep\n|turn|26\n|\n|t:|1659771536\n|switch|p2a: Blacephalon|Blacephalon, shiny|50\/100\n|switch|p1a: Toxapex|Toxapex, M|100\/100\n|\n|upkeep\n|turn|27\n|\n|t:|1659771545\n|switch|p2a: Tapu Lele|Tapu Lele|82\/100 tox\n|-fieldstart|move: Psychic Terrain|[from] ability: Psychic Surge|[of] p2a: Tapu Lele\n|switch|p1a: Blissey|Blissey, F|100\/100\n|\n|-damage|p2a: Tapu Lele|76\/100 tox|[from] psn\n|upkeep\n|turn|28\n|\n|t:|1659771554\n|move|p2a: Tapu Lele|Psyshock|p1a: Blissey\n|-damage|p1a: Blissey|49\/100\n|move|p1a: Blissey|Seismic Toss|p2a: Tapu Lele\n|-damage|p2a: Tapu Lele|41\/100 tox\n|\n|-damage|p2a: Tapu Lele|29\/100 tox|[from] psn\n|upkeep\n|turn|29\n|\n|t:|1659771586\n|switch|p1a: Corviknight|Corviknight, M, shiny|100\/100\n|-ability|p1a: Corviknight|Pressure\n|move|p2a: Tapu Lele|Psyshock|p1a: Corviknight\n|-resisted|p1a: Corviknight\n|-damage|p1a: Corviknight|84\/100\n|\n|-heal|p1a: Corviknight|90\/100|[from] item: Leftovers\n|-damage|p2a: Tapu Lele|11\/100 tox|[from] psn\n|upkeep\n|turn|30\n|\n|t:|1659771603\n|switch|p2a: Blacephalon|Blacephalon, shiny|50\/100\n|move|p1a: Corviknight|U-turn|p2a: Blacephalon\n|-resisted|p2a: Blacephalon\n|-damage|p2a: Blacephalon|42\/100\n|\n|t:|1659771614\n|switch|p1a: Blissey|Blissey, F|49\/100|[from]move: U-turn\n|\n|upkeep\n|turn|31\n|\n|t:|1659771629\n|move|p2a: Blacephalon|Expanding Force|p1a: Blissey\n|-damage|p1a: Blissey|11\/100\n|move|p1a: Blissey|Soft-Boiled|p1a: Blissey\n|-heal|p1a: Blissey|61\/100\n|\n|-fieldend|move: Psychic Terrain\n|upkeep\n|turn|32\n|\n|t:|1659771637\n|switch|p2a: Buzzwole|Buzzwole|100\/100\n|move|p1a: Blissey|Soft-Boiled|p1a: Blissey\n|-heal|p1a: Blissey|100\/100\n|\n|upkeep\n|turn|33\n|\n|t:|1659771668\n|switch|p1a: Toxapex|Toxapex, M|100\/100\n|move|p2a: Buzzwole|Earthquake|p1a: Toxapex\n|-supereffective|p1a: Toxapex\n|-damage|p1a: Toxapex|34\/100\n|\n|-heal|p1a: Toxapex|40\/100|[from] item: Black Sludge\n|upkeep\n|turn|34\n|\n|t:|1659771677\n|switch|p1a: Corviknight|Corviknight, M, shiny|90\/100\n|-ability|p1a: Corviknight|Pressure\n|move|p2a: Buzzwole|Earthquake|p1a: Corviknight\n|-immune|p1a: Corviknight\n|\n|-heal|p1a: Corviknight|96\/100|[from] item: Leftovers\n|upkeep\n|turn|35\n|c|\u2606rustyispro|noice\n|c|\u2606rustyispro|that caught me unaware\n|c|\u2606rustyispro|I was completely unaware of earthquake\n|c|\u2606rustyispro|nice one buddy\n|\n|t:|1659771707\n|switch|p2a: Tyranitar|Tyranitar, M, shiny|100\/100\n|-weather|Sandstorm|[from] ability: Sand Stream|[of] p2a: Tyranitar\n|move|p1a: Corviknight|Body Press|p2a: Tyranitar\n|-supereffective|p2a: Tyranitar\n|-damage|p2a: Tyranitar|11\/100\n|\n|-weather|Sandstorm|[upkeep]\n|-heal|p1a: Corviknight|100\/100|[from] item: Leftovers\n|-heal|p2a: Tyranitar|17\/100|[from] item: Leftovers\n|upkeep\n|turn|36\n|\n|t:|1659771725\n|move|p1a: Corviknight|U-turn|p2a: Tyranitar\n|-supereffective|p2a: Tyranitar\n|-damage|p2a: Tyranitar|0 fnt\n|faint|p2a: Tyranitar\n|-message|superrouchuan forfeited.\n|\n|win|rustyispro\n|raw|rustyispro's rating: 1105 &rarr; <strong>1134<\/strong><br \/>(+29 for winning)\n|raw|superrouchuan's rating: 1160 &rarr; <strong>1131<\/strong><br \/>(-29 for losing)\n|player|p2|superrouchuan|juan\n","uploadtime":1659771743,"views":3,"p1id":"rustyispro","p2id":"superrouchuan","formatid":"gen8ou","rating":1131,"private":0,"password":null}