{"id":"gen8ou-1174491529","p1":"Rorschach I","p2":"LT73IU Niels","format":"gen8ou","log":"|raw|<div class=\"broadcast-blue\"><strong>This battle is required to be public due to a player having a name starting with 'LT73IU'.<\/div>\n|j|\u2606Rorschach I\n|j|\u2606LT73IU Niels\n|t:|1598280508\n|player|p1|Rorschach I|cynthia|1869\n|player|p2|LT73IU Niels|youngster-gen4|1875\n|teamsize|p1|6\n|teamsize|p2|6\n|gametype|singles\n|gen|8\n|tier|[Gen 8] OU\n|rated|\n|clearpoke\n|poke|p1|Pelipper, M|\n|poke|p1|Tangrowth, M|\n|poke|p1|Zeraora|\n|poke|p1|Urshifu-*, F|\n|poke|p1|Excadrill, F|\n|poke|p1|Toxapex, M|\n|poke|p2|Dragapult, F|\n|poke|p2|Volcarona, M|\n|poke|p2|Cloyster, F|\n|poke|p2|Urshifu-*, M|\n|poke|p2|Jirachi|\n|poke|p2|Scizor, M|\n|rule|Sleep Clause Mod: Limit one foe put to sleep\n|rule|Species Clause: Limit one of each Pok\u00e9mon\n|rule|OHKO Clause: OHKO moves are banned\n|rule|Evasion Moves Clause: Evasion moves are banned\n|rule|Endless Battle Clause: Forcing endless battles is banned\n|rule|HP Percentage Mod: HP is shown in percentages\n|rule|Dynamax Clause: You cannot dynamax\n|teampreview\n|j| Mio'Pokemon\n|j| lazatron\n|inactive|Battle timer is ON: inactive players will automatically lose when time's up. (requested by LT73IU Niels)\n|\n|t:|1598280522\n|start\n|switch|p1a: Pelipper|Pelipper, M|100\/100\n|switch|p2a: Jirachi|Jirachi|100\/100\n|-weather|RainDance|[from] ability: Drizzle|[of] p1a: Pelipper\n|turn|1\n|\n|t:|1598280532\n|move|p2a: Jirachi|Stealth Rock|p1a: Pelipper\n|-sidestart|p1: Rorschach I|move: Stealth Rock\n|move|p1a: Pelipper|Scald|p2a: Jirachi\n|-damage|p2a: Jirachi|20\/100\n|-status|p2a: Jirachi|brn\n|\n|-weather|RainDance|[upkeep]\n|-damage|p2a: Jirachi|14\/100 brn|[from] brn\n|upkeep\n|turn|2\n|j|@Alpha\n|j| koookie \ufe0f\u26a0\ufe0f\n|\n|t:|1598280542\n|switch|p1a: Excadrill|Excadrill, F|100\/100\n|-damage|p1a: Excadrill|97\/100|[from] Stealth Rock\n|-ability|p1a: Excadrill|Mold Breaker\n|move|p2a: Jirachi|Body Slam|p1a: Excadrill\n|-resisted|p1a: Excadrill\n|-damage|p1a: Excadrill|89\/100\n|\n|-weather|RainDance|[upkeep]\n|-heal|p1a: Excadrill|95\/100|[from] item: Leftovers\n|-damage|p2a: Jirachi|8\/100 brn|[from] brn\n|upkeep\n|turn|3\n|\n|t:|1598280554\n|switch|p2a: Dragapult|Dragapult, F|100\/100\n|move|p1a: Excadrill|Stealth Rock|p2a: Dragapult\n|-sidestart|p2: LT73IU Niels|move: Stealth Rock\n|\n|-weather|RainDance|[upkeep]\n|-heal|p1a: Excadrill|100\/100|[from] item: Leftovers\n|upkeep\n|turn|4\n|j| myjava\n|\n|t:|1598280560\n|move|p2a: Dragapult|Hex|p1a: Excadrill\n|-damage|p1a: Excadrill|73\/100\n|move|p1a: Excadrill|Earthquake|p2a: Dragapult\n|-damage|p2a: Dragapult|29\/100\n|\n|-weather|RainDance|[upkeep]\n|-heal|p2a: Dragapult|35\/100|[from] item: Leftovers\n|-heal|p1a: Excadrill|79\/100|[from] item: Leftovers\n|upkeep\n|turn|5\n|j| Vivillon Wings\n|\n|t:|1598280569\n|switch|p2a: Jirachi|Jirachi|8\/100 brn\n|-damage|p2a: Jirachi|2\/100 brn|[from] Stealth Rock\n|move|p1a: Excadrill|Earthquake|p2a: Jirachi\n|-supereffective|p2a: Jirachi\n|-damage|p2a: Jirachi|0 fnt\n|faint|p2a: Jirachi\n|\n|-weather|none\n|-heal|p1a: Excadrill|85\/100|[from] item: Leftovers\n|upkeep\n|\n|t:|1598280573\n|switch|p2a: Urshifu|Urshifu, M|100\/100\n|-damage|p2a: Urshifu|94\/100|[from] Stealth Rock\n|turn|6\n|\n|t:|1598280583\n|move|p1a: Excadrill|Rapid Spin|p2a: Urshifu\n|-damage|p2a: Urshifu|80\/100\n|-boost|p1a: Excadrill|spe|1\n|-sideend|p1: Rorschach I|Stealth Rock|[from] move: Rapid Spin|[of] p1a: Excadrill\n|move|p2a: Urshifu|Bulk Up|p2a: Urshifu\n|-boost|p2a: Urshifu|atk|1\n|-boost|p2a: Urshifu|def|1\n|\n|-heal|p1a: Excadrill|91\/100|[from] item: Leftovers\n|upkeep\n|turn|7\n|j| FIRE LORD AESON!\n|\n|t:|1598280594\n|move|p1a: Excadrill|Iron Head|p2a: Urshifu\n|-damage|p2a: Urshifu|58\/100\n|move|p2a: Urshifu|Wicked Blow|p1a: Excadrill\n|-crit|p1a: Excadrill\n|-damage|p1a: Excadrill|0 fnt\n|faint|p1a: Excadrill\n|\n|upkeep\n|\n|t:|1598280607\n|switch|p1a: Urshifu|Urshifu-Rapid-Strike, F|100\/100\n|turn|8\n|\n|t:|1598280613\n|move|p1a: Urshifu|Surging Strikes|p2a: Urshifu\n|-crit|p2a: Urshifu\n|-damage|p2a: Urshifu|34\/100\n|-crit|p2a: Urshifu\n|-damage|p2a: Urshifu|14\/100\n|-crit|p2a: Urshifu\n|-damage|p2a: Urshifu|0 fnt\n|-hitcount|p2a: Urshifu|3\n|faint|p2a: Urshifu\n|\n|upkeep\n|\n|t:|1598280620\n|switch|p2a: Cloyster|Cloyster, F|100\/100\n|-damage|p2a: Cloyster|76\/100|[from] Stealth Rock\n|turn|9\n|\n|t:|1598280628\n|switch|p1a: Toxapex|Toxapex, M|100\/100\n|move|p2a: Cloyster|Shell Smash|p2a: Cloyster\n|-unboost|p2a: Cloyster|def|1\n|-unboost|p2a: Cloyster|spd|1\n|-boost|p2a: Cloyster|atk|2\n|-boost|p2a: Cloyster|spa|2\n|-boost|p2a: Cloyster|spe|2\n|\n|upkeep\n|turn|10\n|\n|t:|1598280633\n|move|p2a: Cloyster|Icicle Spear|p1a: Toxapex\n|-resisted|p1a: Toxapex\n|-crit|p1a: Toxapex\n|-damage|p1a: Toxapex|87\/100\n|-resisted|p1a: Toxapex\n|-damage|p1a: Toxapex|78\/100\n|-resisted|p1a: Toxapex\n|-damage|p1a: Toxapex|68\/100\n|-resisted|p1a: Toxapex\n|-damage|p1a: Toxapex|59\/100\n|-resisted|p1a: Toxapex\n|-damage|p1a: Toxapex|49\/100\n|-hitcount|p1a: Toxapex|5\n|cant|p1a: Toxapex|flinch\n|\n|upkeep\n|turn|11\n|l| Vivillon Wings\n|\n|t:|1598280643\n|move|p2a: Cloyster|Icicle Spear|p1a: Toxapex\n|-resisted|p1a: Toxapex\n|-damage|p1a: Toxapex|39\/100\n|-resisted|p1a: Toxapex\n|-damage|p1a: Toxapex|30\/100\n|-resisted|p1a: Toxapex\n|-damage|p1a: Toxapex|21\/100\n|-resisted|p1a: Toxapex\n|-damage|p1a: Toxapex|13\/100\n|-resisted|p1a: Toxapex\n|-damage|p1a: Toxapex|3\/100\n|-hitcount|p1a: Toxapex|5\n|cant|p1a: Toxapex|flinch\n|\n|upkeep\n|turn|12\n|j| AnimeZZZZ5\n|j| DragonHunter994\n|\n|t:|1598280656\n|move|p2a: Cloyster|Icicle Spear|p1a: Toxapex\n|-resisted|p1a: Toxapex\n|-damage|p1a: Toxapex|0 fnt\n|-hitcount|p1a: Toxapex|1\n|faint|p1a: Toxapex\n|\n|upkeep\n|\n|t:|1598280659\n|switch|p1a: Urshifu|Urshifu-Rapid-Strike, F|100\/100\n|turn|13\n|\n|t:|1598280663\n|move|p2a: Cloyster|Icicle Spear|p1a: Urshifu\n|-resisted|p1a: Urshifu\n|-damage|p1a: Urshifu|88\/100\n|-resisted|p1a: Urshifu\n|-crit|p1a: Urshifu\n|-damage|p1a: Urshifu|70\/100\n|-resisted|p1a: Urshifu\n|-damage|p1a: Urshifu|59\/100\n|-resisted|p1a: Urshifu\n|-damage|p1a: Urshifu|49\/100\n|-resisted|p1a: Urshifu\n|-damage|p1a: Urshifu|37\/100\n|-hitcount|p1a: Urshifu|5\n|cant|p1a: Urshifu|flinch\n|\n|upkeep\n|turn|14\n|c|\u2606LT73IU Niels|sorry bro\n|c|\u2606Rorschach I|np\n|inactive|Rorschach I has 120 seconds left.\n|c|\u2606Rorschach I|happens\n|-message|Rorschach I forfeited.\n|\n|win|LT73IU Niels\n|l|\u2606Rorschach I\n|l| DragonHunter994\n|l|\u2606LT73IU Niels\n||Ladder (probably) updated, but score could not be retrieved (Request timeout).\n|l| myjava\n","uploadtime":1598280765,"views":143,"p1id":"rorschachi","p2id":"lt73iuniels","formatid":"gen8ou","rating":0,"private":0,"password":null}