{"id":"gen8nationaldex-1691609080","p1":"Thedebatablereaper","p2":"sinnohrmks","format":"gen8nationaldex","log":"|j|\u2606Thedebatablereaper\n|j|\u2606sinnohrmks\n|t:|1666387854\n|gametype|singles\n|player|p1|Thedebatablereaper|266|1566\n|player|p2|sinnohrmks|cynthia-gen7|1578\n|teamsize|p1|6\n|teamsize|p2|6\n|gen|8\n|tier|[Gen 8] National Dex\n|rated|\n|rule|HP Percentage Mod: HP is shown in percentages\n|rule|Endless Battle Clause: Forcing endless battles is banned\n|rule|OHKO Clause: OHKO moves are banned\n|rule|Evasion Moves Clause: Evasion moves are banned\n|rule|Species Clause: Limit one of each Pok\u00e9mon\n|rule|Dynamax Clause: You cannot dynamax\n|rule|Sleep Clause Mod: Limit one foe put to sleep\n|clearpoke\n|poke|p1|Latios, M|\n|poke|p1|Garchomp, M|\n|poke|p1|Deoxys-Defense|\n|poke|p1|Magnezone|\n|poke|p1|Ferrothorn, M|\n|poke|p1|Moltres-Galar|\n|poke|p2|Kyurem|\n|poke|p2|Magnezone|\n|poke|p2|Slowbro, F|\n|poke|p2|Garchomp, M|\n|poke|p2|Mandibuzz, F|\n|poke|p2|Lopunny, F|\n|teampreview\n|inactive|Battle timer is ON: inactive players will automatically lose when time's up. (requested by sinnohrmks)\n|\n|t:|1666387893\n|start\n|switch|p1a: Deoxys|Deoxys-Defense|100\/100\n|switch|p2a: Lopunny|Lopunny, F|100\/100\n|-ability|p1a: Deoxys|Pressure\n|turn|1\n|\n|t:|1666387901\n|detailschange|p2a: Lopunny|Lopunny-Mega, F\n|-mega|p2a: Lopunny|Lopunny|Lopunnite\n|move|p2a: Lopunny|U-turn|p1a: Deoxys\n|-supereffective|p1a: Deoxys\n|-damage|p1a: Deoxys|67\/100\n|-damage|p2a: Lopunny|84\/100|[from] item: Rocky Helmet|[of] p1a: Deoxys\n|\n|t:|1666387906\n|switch|p2a: Magnezone|Magnezone|100\/100|[from]move: U-turn\n|move|p1a: Deoxys|Spikes|p2a: Magnezone\n|-sidestart|p2: sinnohrmks|Spikes\n|\n|upkeep\n|turn|2\n|\n|t:|1666387912\n|move|p1a: Deoxys|Recover|p1a: Deoxys\n|-heal|p1a: Deoxys|100\/100\n|move|p2a: Magnezone|Volt Switch|p1a: Deoxys\n|-damage|p1a: Deoxys|53\/100\n|\n|t:|1666387919\n|switch|p2a: Garchomp|Garchomp, M|100\/100|[from]move: Volt Switch\n|-damage|p2a: Garchomp|88\/100|[from] Spikes\n|\n|upkeep\n|turn|3\n|\n|t:|1666387926\n|move|p2a: Garchomp|Swords Dance|p2a: Garchomp\n|-boost|p2a: Garchomp|atk|2\n|move|p1a: Deoxys|Teleport|p1a: Deoxys\n|\n|t:|1666387932\n|switch|p1a: Latios|Latios, M|100\/100|[from]move: Teleport\n|\n|upkeep\n|turn|4\n|\n|t:|1666387939\n|switch|p2a: Mandibuzz|Mandibuzz, F|100\/100\n|move|p1a: Latios|Trick|p2a: Mandibuzz\n|-activate|p1a: Latios|move: Trick|[of] p2a: Mandibuzz\n|-item|p2a: Mandibuzz|Choice Scarf|[from] move: Trick\n|-item|p1a: Latios|Heavy-Duty Boots|[from] move: Trick\n|\n|upkeep\n|turn|5\n|\n|t:|1666387946\n|switch|p1a: Deoxys|Deoxys-Defense|53\/100\n|-ability|p1a: Deoxys|Pressure\n|move|p2a: Mandibuzz|Defog|p1a: Deoxys\n|-unboost|p1a: Deoxys|evasion|1\n|-sideend|p2: sinnohrmks|Spikes|[from] move: Defog|[of] p2a: Mandibuzz\n|\n|upkeep\n|turn|6\n|\n|t:|1666387955\n|switch|p2a: Garchomp|Garchomp, M|88\/100\n|move|p1a: Deoxys|Recover|p1a: Deoxys\n|-heal|p1a: Deoxys|100\/100\n|\n|upkeep\n|turn|7\n|\n|t:|1666387964\n|move|p2a: Garchomp|Stealth Rock|p1a: Deoxys\n|-sidestart|p1: Thedebatablereaper|move: Stealth Rock\n|move|p1a: Deoxys|Teleport|p1a: Deoxys\n|\n|t:|1666387970\n|switch|p1a: Latios|Latios, M|100\/100|[from]move: Teleport\n|\n|upkeep\n|turn|8\n|\n|t:|1666387988\n|switch|p2a: Mandibuzz|Mandibuzz, F|100\/100\n|move|p1a: Latios|Draco Meteor|p2a: Mandibuzz\n|-damage|p2a: Mandibuzz|59\/100\n|-unboost|p1a: Latios|spa|2\n|\n|upkeep\n|turn|9\n|\n|t:|1666387994\n|switch|p1a: Deoxys|Deoxys-Defense|100\/100\n|-damage|p1a: Deoxys|88\/100|[from] Stealth Rock\n|-ability|p1a: Deoxys|Pressure\n|move|p2a: Mandibuzz|U-turn|p1a: Deoxys\n|-supereffective|p1a: Deoxys\n|-damage|p1a: Deoxys|72\/100\n|-damage|p2a: Mandibuzz|43\/100|[from] item: Rocky Helmet|[of] p1a: Deoxys\n|\n|t:|1666388004\n|switch|p2a: Garchomp|Garchomp, M|88\/100|[from]move: U-turn\n|\n|upkeep\n|turn|10\n|\n|t:|1666388012\n|move|p2a: Garchomp|Swords Dance|p2a: Garchomp\n|-boost|p2a: Garchomp|atk|2\n|move|p1a: Deoxys|Recover|p1a: Deoxys\n|-heal|p1a: Deoxys|100\/100\n|\n|upkeep\n|turn|11\n|\n|t:|1666388020\n|move|p2a: Garchomp|Stone Edge|p1a: Deoxys\n|-damage|p1a: Deoxys|57\/100\n|move|p1a: Deoxys|Teleport|p1a: Deoxys\n|\n|t:|1666388025\n|switch|p1a: Latios|Latios, M|100\/100|[from]move: Teleport\n|\n|upkeep\n|turn|12\n|\n|t:|1666388030\n|switch|p2a: Mandibuzz|Mandibuzz, F|43\/100\n|move|p1a: Latios|Draco Meteor|p2a: Mandibuzz\n|-damage|p2a: Mandibuzz|0 fnt\n|-unboost|p1a: Latios|spa|2\n|faint|p2a: Mandibuzz\n|\n|upkeep\n|\n|t:|1666388037\n|switch|p2a: Magnezone|Magnezone|100\/100\n|turn|13\n|\n|t:|1666388045\n|switch|p1a: Magnezone|Magnezone|100\/100\n|-damage|p1a: Magnezone|94\/100|[from] Stealth Rock\n|move|p2a: Magnezone|Flash Cannon|p1a: Magnezone\n|-resisted|p1a: Magnezone\n|-damage|p1a: Magnezone|72\/100\n|\n|upkeep\n|turn|14\n|\n|t:|1666388056\n|move|p1a: Magnezone|Flash Cannon|p2a: Magnezone\n|-resisted|p2a: Magnezone\n|-damage|p2a: Magnezone|81\/100\n|-unboost|p2a: Magnezone|spd|1\n|move|p2a: Magnezone|Flash Cannon|p1a: Magnezone\n|-resisted|p1a: Magnezone\n|-damage|p1a: Magnezone|50\/100\n|-unboost|p1a: Magnezone|spd|1\n|\n|upkeep\n|turn|15\n|c|\u2606sinnohrmks|Bruh\n|\n|t:|1666388063\n|move|p1a: Magnezone|Flash Cannon|p2a: Magnezone\n|-resisted|p2a: Magnezone\n|-damage|p2a: Magnezone|52\/100\n|move|p2a: Magnezone|Flash Cannon|p1a: Magnezone\n|-resisted|p1a: Magnezone\n|-damage|p1a: Magnezone|15\/100\n|\n|upkeep\n|turn|16\n|\n|t:|1666388069\n|move|p1a: Magnezone|Flash Cannon|p2a: Magnezone\n|-resisted|p2a: Magnezone\n|-damage|p2a: Magnezone|22\/100\n|move|p2a: Magnezone|Flash Cannon|p1a: Magnezone\n|-resisted|p1a: Magnezone\n|-damage|p1a: Magnezone|0 fnt\n|faint|p1a: Magnezone\n|\n|upkeep\n|\n|t:|1666388077\n|switch|p1a: Ferrothorn|Ferrothorn, M|100\/100\n|-damage|p1a: Ferrothorn|94\/100|[from] Stealth Rock\n|turn|17\n|\n|t:|1666388083\n|switch|p2a: Slowbro|Slowbro, F|100\/100\n|move|p1a: Ferrothorn|Stealth Rock|p2a: Slowbro\n|-sidestart|p2: sinnohrmks|move: Stealth Rock\n|\n|-heal|p1a: Ferrothorn|100\/100|[from] item: Leftovers\n|upkeep\n|turn|18\n|\n|t:|1666388092\n|switch|p1a: Deoxys|Deoxys-Defense|57\/100\n|-damage|p1a: Deoxys|45\/100|[from] Stealth Rock\n|-ability|p1a: Deoxys|Pressure\n|move|p2a: Slowbro|Teleport|p2a: Slowbro\n|\n|t:|1666388098\n|switch|p2a: Kyurem|Kyurem|100\/100|[from]move: Teleport\n|-damage|p2a: Kyurem|76\/100|[from] Stealth Rock\n|-ability|p2a: Kyurem|Pressure\n|\n|upkeep\n|turn|19\n|\n|t:|1666388105\n|move|p2a: Kyurem|Freeze-Dry|p1a: Deoxys\n|-damage|p1a: Deoxys|1\/100\n|move|p1a: Deoxys|Recover|p1a: Deoxys\n|-heal|p1a: Deoxys|51\/100\n|\n|upkeep\n|turn|20\n|\n|t:|1666388110\n|move|p2a: Kyurem|Freeze-Dry|p1a: Deoxys\n|-damage|p1a: Deoxys|7\/100\n|move|p1a: Deoxys|Recover|p1a: Deoxys\n|-heal|p1a: Deoxys|57\/100\n|\n|upkeep\n|turn|21\n|\n|t:|1666388116\n|move|p2a: Kyurem|Freeze-Dry|p1a: Deoxys\n|-damage|p1a: Deoxys|15\/100\n|move|p1a: Deoxys|Recover|p1a: Deoxys\n|-heal|p1a: Deoxys|65\/100\n|\n|upkeep\n|turn|22\n|\n|t:|1666388125\n|move|p2a: Kyurem|Freeze-Dry|p1a: Deoxys\n|-damage|p1a: Deoxys|24\/100\n|move|p1a: Deoxys|Recover|p1a: Deoxys\n|-heal|p1a: Deoxys|74\/100\n|\n|upkeep\n|turn|23\n|\n|t:|1666388131\n|move|p2a: Kyurem|Freeze-Dry|p1a: Deoxys\n|-damage|p1a: Deoxys|26\/100\n|move|p1a: Deoxys|Recover|p1a: Deoxys\n|-heal|p1a: Deoxys|76\/100\n|\n|upkeep\n|turn|24\n|\n|t:|1666388136\n|move|p2a: Kyurem|Freeze-Dry|p1a: Deoxys\n|-damage|p1a: Deoxys|33\/100\n|move|p1a: Deoxys|Recover|p1a: Deoxys\n|-heal|p1a: Deoxys|83\/100\n|\n|upkeep\n|turn|25\n|\n|t:|1666388145\n|move|p2a: Kyurem|Freeze-Dry|p1a: Deoxys\n|-damage|p1a: Deoxys|35\/100\n|move|p1a: Deoxys|Recover|p1a: Deoxys\n|-heal|p1a: Deoxys|85\/100\n|\n|upkeep\n|turn|26\n|\n|t:|1666388156\n|switch|p1a: Ferrothorn|Ferrothorn, M|100\/100\n|-damage|p1a: Ferrothorn|94\/100|[from] Stealth Rock\n|move|p2a: Kyurem|Freeze-Dry|p1a: Ferrothorn\n|-damage|p1a: Ferrothorn|55\/100\n|\n|-heal|p1a: Ferrothorn|61\/100|[from] item: Leftovers\n|upkeep\n|turn|27\n|\n|t:|1666388164\n|switch|p2a: Magnezone|Magnezone|22\/100\n|-damage|p2a: Magnezone|16\/100|[from] Stealth Rock\n|move|p1a: Ferrothorn|Leech Seed|p2a: Magnezone\n|-start|p2a: Magnezone|move: Leech Seed\n|\n|-heal|p1a: Ferrothorn|68\/100|[from] item: Leftovers\n|-damage|p2a: Magnezone|3\/100|[from] Leech Seed|[of] p1a: Ferrothorn\n|-heal|p1a: Ferrothorn|77\/100|[silent]\n|upkeep\n|turn|28\n|\n|t:|1666388173\n|move|p2a: Magnezone|Hidden Power|p1a: Ferrothorn\n|-supereffective|p1a: Ferrothorn\n|-damage|p1a: Ferrothorn|0 fnt\n|faint|p1a: Ferrothorn\n|\n|upkeep\n|\n|t:|1666388178\n|switch|p1a: Garchomp|Garchomp, M|100\/100\n|-damage|p1a: Garchomp|94\/100|[from] Stealth Rock\n|turn|29\n|\n|t:|1666388187\n|move|p1a: Garchomp|Scale Shot|p2a: Magnezone\n|-resisted|p2a: Magnezone\n|-damage|p2a: Magnezone|0 fnt\n|faint|p2a: Magnezone\n|-hitcount|p2: Magnezone|1\n|-unboost|p1a: Garchomp|def|1\n|-boost|p1a: Garchomp|spe|1\n|\n|upkeep\n|\n|t:|1666388191\n|switch|p2a: Slowbro|Slowbro, F|100\/100\n|turn|30\n|\n|t:|1666388196\n|move|p1a: Garchomp|Swords Dance|p1a: Garchomp\n|-boost|p1a: Garchomp|atk|2\n|move|p2a: Slowbro|Scald|p1a: Garchomp\n|-crit|p1a: Garchomp\n|-damage|p1a: Garchomp|50\/100\n|\n|upkeep\n|turn|31\n|\n|t:|1666388207\n|detailschange|p1a: Garchomp|Garchomp-Mega, M\n|-mega|p1a: Garchomp|Garchomp|Garchompite\n|move|p1a: Garchomp|Earthquake|p2a: Slowbro\n|-damage|p2a: Slowbro|21\/100\n|move|p2a: Slowbro|Scald|p1a: Garchomp\n|-damage|p1a: Garchomp|22\/100\n|-status|p1a: Garchomp|brn\n|\n|-damage|p1a: Garchomp|15\/100 brn|[from] brn\n|upkeep\n|turn|32\n|\n|t:|1666388219\n|move|p1a: Garchomp|Scale Shot|p2a: Slowbro|[miss]\n|-miss|p1a: Garchomp|p2a: Slowbro\n|move|p2a: Slowbro|Teleport|p2a: Slowbro\n|\n|t:|1666388222\n|switch|p2a: Lopunny|Lopunny-Mega, F|84\/100|[from]move: Teleport\n|-damage|p2a: Lopunny|78\/100|[from] Stealth Rock\n|\n|-damage|p1a: Garchomp|9\/100 brn|[from] brn\n|upkeep\n|turn|33\n|\n|t:|1666388228\n|move|p2a: Lopunny|Fake Out|p1a: Garchomp\n|-damage|p1a: Garchomp|0 fnt\n|faint|p1a: Garchomp\n|\n|upkeep\n|\n|t:|1666388232\n|switch|p1a: Deoxys|Deoxys-Defense|85\/100\n|-damage|p1a: Deoxys|72\/100|[from] Stealth Rock\n|-ability|p1a: Deoxys|Pressure\n|turn|34\n|\n|t:|1666388238\n|move|p2a: Lopunny|U-turn|p1a: Deoxys\n|-supereffective|p1a: Deoxys\n|-damage|p1a: Deoxys|37\/100\n|-damage|p2a: Lopunny|61\/100|[from] item: Rocky Helmet|[of] p1a: Deoxys\n|\n|t:|1666388247\n|switch|p2a: Kyurem|Kyurem|76\/100|[from]move: U-turn\n|-damage|p2a: Kyurem|51\/100|[from] Stealth Rock\n|-ability|p2a: Kyurem|Pressure\n|move|p1a: Deoxys|Recover|p1a: Deoxys\n|-heal|p1a: Deoxys|87\/100\n|\n|upkeep\n|turn|35\n|\n|t:|1666388276\n|switch|p1a: Moltres|Moltres-Galar|100\/100\n|-damage|p1a: Moltres|76\/100|[from] Stealth Rock\n|move|p2a: Kyurem|Freeze-Dry|p1a: Moltres\n|-supereffective|p1a: Moltres\n|-damage|p1a: Moltres|0 fnt\n|faint|p1a: Moltres\n|\n|upkeep\n|\n|t:|1666388284\n|switch|p1a: Latios|Latios, M|100\/100\n|turn|36\n|\n|t:|1666388292\n|switch|p2a: Slowbro|Slowbro, F|54\/100\n|move|p1a: Latios|Draco Meteor|p2a: Slowbro\n|-damage|p2a: Slowbro|0 fnt\n|-unboost|p1a: Latios|spa|2\n|faint|p2a: Slowbro\n|\n|upkeep\n|\n|t:|1666388302\n|switch|p2a: Lopunny|Lopunny-Mega, F|61\/100\n|-damage|p2a: Lopunny|55\/100|[from] Stealth Rock\n|turn|37\n|\n|t:|1666388305\n|switch|p1a: Deoxys|Deoxys-Defense|87\/100\n|-damage|p1a: Deoxys|75\/100|[from] Stealth Rock\n|-ability|p1a: Deoxys|Pressure\n|move|p2a: Lopunny|U-turn|p1a: Deoxys\n|-supereffective|p1a: Deoxys\n|-damage|p1a: Deoxys|45\/100\n|-damage|p2a: Lopunny|39\/100|[from] item: Rocky Helmet|[of] p1a: Deoxys\n|\n|t:|1666388310\n|switch|p2a: Kyurem|Kyurem|51\/100|[from]move: U-turn\n|-damage|p2a: Kyurem|26\/100|[from] Stealth Rock\n|-ability|p2a: Kyurem|Pressure\n|\n|upkeep\n|turn|38\n|\n|t:|1666388319\n|move|p2a: Kyurem|Freeze-Dry|p1a: Deoxys\n|-damage|p1a: Deoxys|2\/100\n|move|p1a: Deoxys|Recover|p1a: Deoxys\n|-heal|p1a: Deoxys|52\/100\n|\n|upkeep\n|turn|39\n|\n|t:|1666388334\n|move|p2a: Kyurem|Freeze-Dry|p1a: Deoxys\n|-damage|p1a: Deoxys|4\/100\n|move|p1a: Deoxys|Recover|p1a: Deoxys\n|-heal|p1a: Deoxys|54\/100\n|\n|upkeep\n|turn|40\n|\n|t:|1666388344\n|move|p2a: Kyurem|Freeze-Dry|p1a: Deoxys\n|-damage|p1a: Deoxys|6\/100\n|move|p1a: Deoxys|Spikes|p2a: Kyurem\n|-sidestart|p2: sinnohrmks|Spikes\n|\n|upkeep\n|turn|41\n|\n|t:|1666388351\n|move|p2a: Kyurem|Freeze-Dry|p1a: Deoxys\n|-damage|p1a: Deoxys|0 fnt\n|faint|p1a: Deoxys\n|\n|upkeep\n|\n|t:|1666388354\n|switch|p1a: Latios|Latios, M|100\/100\n|turn|42\n|\n|t:|1666388359\n|move|p1a: Latios|Psychic|p2a: Kyurem\n|-damage|p2a: Kyurem|0 fnt\n|faint|p2a: Kyurem\n|\n|upkeep\n|\n|t:|1666388362\n|switch|p2a: Garchomp|Garchomp, M|88\/100\n|-damage|p2a: Garchomp|82\/100|[from] Stealth Rock\n|-damage|p2a: Garchomp|70\/100|[from] Spikes\n|turn|43\n|\n|t:|1666388367\n|move|p1a: Latios|Draco Meteor|p2a: Garchomp\n|-supereffective|p2a: Garchomp\n|-damage|p2a: Garchomp|0 fnt\n|-unboost|p1a: Latios|spa|2\n|faint|p2a: Garchomp\n|\n|upkeep\n|\n|t:|1666388369\n|switch|p2a: Lopunny|Lopunny-Mega, F|39\/100\n|-damage|p2a: Lopunny|33\/100|[from] Stealth Rock\n|-damage|p2a: Lopunny|21\/100|[from] Spikes\n|turn|44\n|\n|t:|1666388376\n|move|p2a: Lopunny|Fake Out|p1a: Latios\n|-damage|p1a: Latios|73\/100\n|cant|p1a: Latios|flinch\n|\n|upkeep\n|turn|45\n|\n|t:|1666388382\n|move|p2a: Lopunny|U-turn|p1a: Latios\n|-supereffective|p1a: Latios\n|-damage|p1a: Latios|0 fnt\n|faint|p1a: Latios\n|\n|win|sinnohrmks\n|raw|Thedebatablereaper's rating: 1566 &rarr; <strong>1547<\/strong><br \/>(-19 for losing)\n|raw|sinnohrmks's rating: 1578 &rarr; <strong>1597<\/strong><br \/>(+19 for winning)\n|l|\u2606Thedebatablereaper\n||Ladder isn't responding, score probably updated but might not have (Request timeout).\n","uploadtime":1666388392,"views":5,"p1id":"thedebatablereaper","p2id":"sinnohrmks","formatid":"gen8nationaldex","rating":1547,"private":0,"password":null}