{"id":"gen8bdspou-1524870518","p1":"Scum party\u32db","p2":"Ill Leave","format":"gen8bdspou","log":"|j|\u2606Scum party\u32db\n|j|\u2606Ill Leave\n|t:|1646589386\n|gametype|singles\n|player|p1|Scum party\u32db|maid|1572\n|player|p2|Ill Leave|janine|1508\n|teamsize|p1|6\n|teamsize|p2|6\n|gen|8\n|tier|[Gen 8 BDSP] OU\n|rated|\n|rule|Sleep Clause Mod: Limit one foe put to sleep\n|rule|Species Clause: Limit one of each Pok\u00e9mon\n|rule|OHKO Clause: OHKO moves are banned\n|rule|Evasion Moves Clause: Evasion moves are banned\n|rule|Endless Battle Clause: Forcing endless battles is banned\n|rule|HP Percentage Mod: HP is shown in percentages\n|clearpoke\n|poke|p1|Shuckle, F|\n|poke|p1|Porygon-Z|\n|poke|p1|Scizor, F|\n|poke|p1|Gastrodon-East, M|\n|poke|p1|Infernape, M|\n|poke|p1|Donphan, F|\n|poke|p2|Shaymin|\n|poke|p2|Gliscor, M|\n|poke|p2|Heatran, F|\n|poke|p2|Forretress, M|\n|poke|p2|Clefable, F|\n|poke|p2|Quagsire, F|\n|teampreview\n|c|\u2606Ill Leave|hf\n|c|\u2606Scum party\u32db|hf\n|\n|t:|1646589421\n|start\n|switch|p1a: Donphan|Donphan, F, shiny|100\/100\n|switch|p2a: Heatran|Heatran, F|100\/100\n|turn|1\n|\n|t:|1646589465\n|switch|p2a: Shaymin|Shaymin|100\/100\n|move|p1a: Donphan|Knock Off|p2a: Shaymin\n|-damage|p2a: Shaymin|72\/100\n|-enditem|p2a: Shaymin|Leftovers|[from] move: Knock Off|[of] p1a: Donphan\n|\n|upkeep\n|turn|2\n|\n|t:|1646589484\n|switch|p1a: Scizor|Scizor, F|100\/100\n|move|p2a: Shaymin|Leech Seed|p1a: Scizor\n|-start|p1a: Scizor|move: Leech Seed\n|\n|-damage|p1a: Scizor|88\/100|[from] Leech Seed|[of] p2a: Shaymin\n|-heal|p2a: Shaymin|81\/100|[silent]\n|upkeep\n|turn|3\n|\n|t:|1646589494\n|switch|p1a: Donphan|Donphan, F, shiny|100\/100\n|switch|p2a: Forretress|Forretress, M|100\/100\n|\n|upkeep\n|turn|4\n|\n|t:|1646589506\n|switch|p2a: Quagsire|Quagsire, F|100\/100\n|move|p1a: Donphan|Knock Off|p2a: Quagsire\n|-damage|p2a: Quagsire|75\/100\n|-enditem|p2a: Quagsire|Leftovers|[from] move: Knock Off|[of] p1a: Donphan\n|\n|upkeep\n|turn|5\n|\n|t:|1646589523\n|switch|p1a: Scizor|Scizor, F|88\/100\n|move|p2a: Quagsire|Scald|p1a: Scizor\n|-damage|p1a: Scizor|59\/100\n|\n|upkeep\n|turn|6\n|\n|t:|1646589529\n|move|p1a: Scizor|U-turn|p2a: Quagsire\n|-damage|p2a: Quagsire|48\/100\n|\n|t:|1646589542\n|switch|p1a: Porygon-Z|Porygon-Z|100\/100|[from]move: U-turn\n|move|p2a: Quagsire|Recover|p2a: Quagsire\n|-heal|p2a: Quagsire|98\/100\n|\n|upkeep\n|turn|7\n|\n|t:|1646589549\n|switch|p2a: Forretress|Forretress, M|100\/100\n|move|p1a: Porygon-Z|Tri Attack|p2a: Forretress\n|-resisted|p2a: Forretress\n|-damage|p2a: Forretress|60\/100\n|\n|-heal|p2a: Forretress|67\/100|[from] item: Leftovers\n|upkeep\n|turn|8\n|\n|t:|1646589555\n|move|p1a: Porygon-Z|Tri Attack|p2a: Forretress\n|-resisted|p2a: Forretress\n|-damage|p2a: Forretress|25\/100\n|move|p2a: Forretress|Toxic Spikes|p1a: Porygon-Z\n|-sidestart|p1: Scum party\u32db|move: Toxic Spikes\n|\n|-heal|p2a: Forretress|31\/100|[from] item: Leftovers\n|upkeep\n|turn|9\n|\n|t:|1646589565\n|switch|p2a: Heatran|Heatran, F|100\/100\n|move|p1a: Porygon-Z|Tri Attack|p2a: Heatran\n|-resisted|p2a: Heatran\n|-damage|p2a: Heatran|78\/100\n|\n|-heal|p2a: Heatran|85\/100|[from] item: Leftovers\n|upkeep\n|turn|10\n|inactive|Battle timer is ON: inactive players will automatically lose when time's up. (requested by Ill Leave)\n|\n|t:|1646589607\n|move|p1a: Porygon-Z|Nasty Plot|p1a: Porygon-Z\n|-boost|p1a: Porygon-Z|spa|2\n|move|p2a: Heatran|Lava Plume|p1a: Porygon-Z\n|-crit|p1a: Porygon-Z\n|-damage|p1a: Porygon-Z|31\/100\n|\n|-heal|p2a: Heatran|91\/100|[from] item: Leftovers\n|upkeep\n|turn|11\n|\n|t:|1646589615\n|move|p1a: Porygon-Z|Recover|p1a: Porygon-Z\n|-heal|p1a: Porygon-Z|81\/100\n|move|p2a: Heatran|Lava Plume|p1a: Porygon-Z\n|-damage|p1a: Porygon-Z|37\/100\n|\n|-heal|p2a: Heatran|97\/100|[from] item: Leftovers\n|upkeep\n|turn|12\n|\n|t:|1646589620\n|switch|p2a: Clefable|Clefable, F|100\/100\n|move|p1a: Porygon-Z|Recover|p1a: Porygon-Z\n|-heal|p1a: Porygon-Z|87\/100\n|\n|upkeep\n|turn|13\n|\n|t:|1646589622\n|move|p1a: Porygon-Z|Tri Attack|p2a: Clefable\n|-damage|p2a: Clefable|36\/100\n|-status|p2a: Clefable|par\n|move|p2a: Clefable|Calm Mind|p2a: Clefable\n|-boost|p2a: Clefable|spa|1\n|-boost|p2a: Clefable|spd|1\n|\n|-heal|p2a: Clefable|42\/100 par|[from] item: Leftovers\n|upkeep\n|turn|14\n|\n|t:|1646589628\n|move|p2a: Clefable|Protect|p2a: Clefable\n|-singleturn|p2a: Clefable|Protect\n|move|p1a: Porygon-Z|Tri Attack|p2a: Clefable\n|-activate|p2a: Clefable|move: Protect\n|\n|-heal|p2a: Clefable|48\/100 par|[from] item: Leftovers\n|upkeep\n|turn|15\n|\n|t:|1646589630\n|move|p1a: Porygon-Z|Tri Attack|p2a: Clefable\n|-damage|p2a: Clefable|8\/100 par\n|move|p2a: Clefable|Wish|p2a: Clefable\n|\n|-heal|p2a: Clefable|14\/100 par|[from] item: Leftovers\n|upkeep\n|turn|16\n|\n|t:|1646589635\n|cant|p2a: Clefable|par\n|move|p1a: Porygon-Z|Tri Attack|p2a: Clefable\n|-damage|p2a: Clefable|0 fnt\n|faint|p2a: Clefable\n|\n|upkeep\n|\n|t:|1646589640\n|switch|p2a: Quagsire|Quagsire, F|98\/100\n|turn|17\n|\n|t:|1646589646\n|move|p1a: Porygon-Z|Tri Attack|p2a: Quagsire\n|-damage|p2a: Quagsire|15\/100\n|move|p2a: Quagsire|Toxic|p1a: Porygon-Z\n|-status|p1a: Porygon-Z|tox\n|\n|-damage|p1a: Porygon-Z|81\/100 tox|[from] psn\n|upkeep\n|turn|18\n|\n|t:|1646589655\n|switch|p2a: Heatran|Heatran, F|97\/100\n|move|p1a: Porygon-Z|Dark Pulse|p2a: Heatran\n|-damage|p2a: Heatran|61\/100\n|\n|-heal|p2a: Heatran|67\/100|[from] item: Leftovers\n|-damage|p1a: Porygon-Z|69\/100 tox|[from] psn\n|upkeep\n|turn|19\n|\n|t:|1646589682\n|switch|p1a: Infernape|Infernape, M|100\/100\n|-status|p1a: Infernape|psn\n|move|p2a: Heatran|Lava Plume|p1a: Infernape\n|-resisted|p1a: Infernape\n|-damage|p1a: Infernape|73\/100 psn\n|\n|-heal|p2a: Heatran|73\/100|[from] item: Leftovers\n|-damage|p1a: Infernape|61\/100 psn|[from] psn\n|upkeep\n|turn|20\n|c|\u2606Ill Leave|nice set\n|c|\u2606Scum party\u32db|thx\n|\n|t:|1646589695\n|switch|p2a: Gliscor|Gliscor, M|100\/100\n|move|p1a: Infernape|U-turn|p2a: Gliscor\n|-resisted|p2a: Gliscor\n|-damage|p2a: Gliscor|88\/100\n|c|\u2606Scum party\u32db|it literally only works vs stall LOL\n|c|\u2606Ill Leave|lol\n|j| dotting eyes\n|inactive|Scum party\u32db has 120 seconds left.\n|c|\u2606Ill Leave|clef had tht too\n|inactive|Scum party\u32db has 90 seconds left.\n|\n|t:|1646589768\n|switch|p1a: Porygon-Z|Porygon-Z|69\/100 tox|[from]move: U-turn\n|\n|-damage|p1a: Porygon-Z|63\/100 tox|[from] psn\n|-status|p2a: Gliscor|tox|[from] item: Toxic Orb\n|upkeep\n|turn|21\n|\n|t:|1646589776\n|switch|p2a: Heatran|Heatran, F|73\/100\n|move|p1a: Porygon-Z|Tri Attack|p2a: Heatran\n|-resisted|p2a: Heatran\n|-damage|p2a: Heatran|50\/100\n|\n|-heal|p2a: Heatran|57\/100|[from] item: Leftovers\n|-damage|p1a: Porygon-Z|50\/100 tox|[from] psn\n|upkeep\n|turn|22\n|n| SighOfReprieve|dottingeyes\n|\n|t:|1646589790\n|switch|p1a: Scizor|Scizor, F|59\/100\n|move|p2a: Heatran|Stealth Rock|p1a: Scizor\n|-sidestart|p1: Scum party\u32db|move: Stealth Rock\n|\n|-heal|p2a: Heatran|63\/100|[from] item: Leftovers\n|upkeep\n|turn|23\n|c| SighOfReprieve|a gliscor without a toxic orb\n|c|\u2606Scum party\u32db|he does have orb\n|c|\u2606Ill Leave|?\n|\n|t:|1646589807\n|move|p1a: Scizor|Brick Break|p2a: Heatran\n|-supereffective|p2a: Heatran\n|-damage|p2a: Heatran|16\/100\n|move|p2a: Heatran|Lava Plume|p1a: Scizor\n|-supereffective|p1a: Scizor\n|-crit|p1a: Scizor\n|-damage|p1a: Scizor|0 fnt\n|faint|p1a: Scizor\n|\n|-heal|p2a: Heatran|22\/100|[from] item: Leftovers\n|upkeep\n|c| SighOfReprieve|it wasn't active when I popped in\n|c|\u2606Scum party\u32db|yea I was thinking\n|inactive|Scum party\u32db has 60 seconds left.\n|c|\u2606Ill Leave|it is now lol\n|c|\u2606Ill Leave|was tht scarf scor\n|\n|t:|1646589852\n|switch|p1a: Donphan|Donphan, F, shiny|100\/100\n|-status|p1a: Donphan|psn\n|-damage|p1a: Donphan|94\/100 psn|[from] Stealth Rock\n|turn|24\n|\n|t:|1646589861\n|move|p2a: Heatran|Lava Plume|p1a: Donphan\n|-damage|p1a: Donphan|36\/100 psn\n|move|p1a: Donphan|Rapid Spin|p2a: Heatran\n|-resisted|p2a: Heatran\n|-damage|p2a: Heatran|14\/100\n|-boost|p1a: Donphan|spe|1\n|-sideend|p1: Scum party\u32db|Toxic Spikes|[from] move: Rapid Spin|[of] p1a: Donphan\n|-sideend|p1: Scum party\u32db|Stealth Rock|[from] move: Rapid Spin|[of] p1a: Donphan\n|\n|-heal|p1a: Donphan|42\/100 psn|[from] item: Leftovers\n|-heal|p2a: Heatran|21\/100|[from] item: Leftovers\n|-damage|p1a: Donphan|30\/100 psn|[from] psn\n|upkeep\n|turn|25\n|\n|t:|1646589877\n|move|p1a: Donphan|Knock Off|p2a: Heatran\n|-damage|p2a: Heatran|0 fnt\n|-enditem|p2a: Heatran|Leftovers|[from] move: Knock Off|[of] p1a: Donphan\n|faint|p2a: Heatran\n|\n|-heal|p1a: Donphan|36\/100 psn|[from] item: Leftovers\n|-damage|p1a: Donphan|24\/100 psn|[from] psn\n|upkeep\n|\n|t:|1646589882\n|switch|p2a: Forretress|Forretress, M|31\/100\n|turn|26\n|\n|t:|1646589885\n|move|p1a: Donphan|Earthquake|p2a: Forretress\n|-damage|p2a: Forretress|0 fnt\n|faint|p2a: Forretress\n|\n|-heal|p1a: Donphan|30\/100 psn|[from] item: Leftovers\n|-damage|p1a: Donphan|17\/100 psn|[from] psn\n|upkeep\n|\n|t:|1646589889\n|switch|p2a: Shaymin|Shaymin|81\/100\n|turn|27\n|\n|t:|1646589901\n|switch|p1a: Shuckle|Shuckle, F|100\/100\n|move|p2a: Shaymin|Air Slash|p1a: Shuckle\n|-damage|p1a: Shuckle|87\/100\n|\n|upkeep\n|turn|28\n|\n|t:|1646589907\n|move|p2a: Shaymin|Substitute|p2a: Shaymin\n|-start|p2a: Shaymin|Substitute\n|-damage|p2a: Shaymin|56\/100\n|move|p1a: Shuckle|Stealth Rock|p2a: Shaymin\n|-sidestart|p2: Ill Leave|move: Stealth Rock\n|\n|upkeep\n|turn|29\n|\n|t:|1646589914\n|move|p2a: Shaymin|Seed Flare|p1a: Shuckle\n|-crit|p1a: Shuckle\n|-damage|p1a: Shuckle|47\/100\n|-unboost|p1a: Shuckle|spd|2\n|move|p1a: Shuckle|Final Gambit|p2a: Shaymin\n|-end|p2a: Shaymin|Substitute\n|faint|p1a: Shuckle\n|\n|upkeep\n|\n|t:|1646589920\n|switch|p1a: Infernape|Infernape, M|61\/100 psn\n|turn|30\n|\n|t:|1646589935\n|switch|p2a: Quagsire|Quagsire, F|15\/100\n|-damage|p2a: Quagsire|9\/100|[from] Stealth Rock\n|move|p1a: Infernape|U-turn|p2a: Quagsire\n|-damage|p2a: Quagsire|0 fnt\n|faint|p2a: Quagsire\n|\n|t:|1646589948\n|switch|p1a: Porygon-Z|Porygon-Z|50\/100 tox|[from]move: U-turn\n|\n|-damage|p1a: Porygon-Z|44\/100 tox|[from] psn\n|upkeep\n|\n|t:|1646589955\n|switch|p2a: Gliscor|Gliscor, M|88\/100 tox\n|-damage|p2a: Gliscor|76\/100 tox|[from] Stealth Rock\n|turn|31\n|\n|t:|1646589959\n|move|p1a: Porygon-Z|Tri Attack|p2a: Gliscor\n|-damage|p2a: Gliscor|11\/100 tox\n|move|p2a: Gliscor|Roost|p2a: Gliscor\n|-heal|p2a: Gliscor|61\/100 tox\n|-singleturn|p2a: Gliscor|move: Roost\n|\n|-damage|p1a: Porygon-Z|32\/100 tox|[from] psn\n|-heal|p2a: Gliscor|74\/100 tox|[from] ability: Poison Heal\n|upkeep\n|turn|32\n|inactive|Scum party\u32db has 90 seconds left.\n|\n|t:|1646589984\n|switch|p1a: Donphan|Donphan, F, shiny|17\/100 psn\n|move|p2a: Gliscor|Earthquake|p1a: Donphan\n|-damage|p1a: Donphan|0 fnt\n|faint|p1a: Donphan\n|\n|-heal|p2a: Gliscor|86\/100 tox|[from] ability: Poison Heal\n|upkeep\n|\n|t:|1646590000\n|switch|p1a: Porygon-Z|Porygon-Z|32\/100 tox\n|turn|33\n|\n|t:|1646590002\n|move|p1a: Porygon-Z|Recover|p1a: Porygon-Z\n|-heal|p1a: Porygon-Z|82\/100 tox\n|move|p2a: Gliscor|Earthquake|p1a: Porygon-Z\n|-damage|p1a: Porygon-Z|28\/100 tox\n|\n|-damage|p1a: Porygon-Z|22\/100 tox|[from] psn\n|-heal|p2a: Gliscor|99\/100 tox|[from] ability: Poison Heal\n|upkeep\n|turn|34\n|\n|t:|1646590008\n|move|p1a: Porygon-Z|Recover|p1a: Porygon-Z\n|-heal|p1a: Porygon-Z|72\/100 tox\n|move|p2a: Gliscor|Roost|p2a: Gliscor\n|-heal|p2a: Gliscor|100\/100 tox\n|-singleturn|p2a: Gliscor|move: Roost\n|\n|-damage|p1a: Porygon-Z|60\/100 tox|[from] psn\n|upkeep\n|turn|35\n|\n|t:|1646590016\n|switch|p1a: Gastrodon|Gastrodon-East, M, shiny|100\/100\n|move|p2a: Gliscor|Roost||[still]\n|-fail|p2a: Gliscor|heal\n|\n|upkeep\n|turn|36\n|\n|t:|1646590020\n|switch|p1a: Porygon-Z|Porygon-Z|60\/100 tox\n|move|p2a: Gliscor|Swords Dance|p2a: Gliscor\n|-boost|p2a: Gliscor|atk|2\n|\n|-damage|p1a: Porygon-Z|54\/100 tox|[from] psn\n|upkeep\n|turn|37\n|\n|t:|1646590029\n|switch|p1a: Gastrodon|Gastrodon-East, M, shiny|100\/100\n|move|p2a: Gliscor|Roost||[still]\n|-fail|p2a: Gliscor|heal\n|\n|upkeep\n|turn|38\n|\n|t:|1646590035\n|move|p2a: Gliscor|Earthquake|p1a: Gastrodon\n|-damage|p1a: Gastrodon|52\/100\n|move|p1a: Gastrodon|Counter|p2a: Gliscor\n|-damage|p2a: Gliscor|0 fnt\n|faint|p2a: Gliscor\n|\n|-heal|p1a: Gastrodon|58\/100|[from] item: Leftovers\n|upkeep\n|c|\u2606Ill Leave|wp\n|\n|t:|1646590046\n|switch|p2a: Shaymin|Shaymin|56\/100\n|-damage|p2a: Shaymin|43\/100|[from] Stealth Rock\n|turn|39\n|\n|t:|1646590050\n|switch|p1a: Porygon-Z|Porygon-Z|54\/100 tox\n|move|p2a: Shaymin|Substitute|p2a: Shaymin\n|-start|p2a: Shaymin|Substitute\n|-damage|p2a: Shaymin|18\/100\n|\n|-damage|p1a: Porygon-Z|47\/100 tox|[from] psn\n|upkeep\n|turn|40\n|\n|t:|1646590055\n|move|p1a: Porygon-Z|Tri Attack|p2a: Shaymin\n|-end|p2a: Shaymin|Substitute\n|move|p2a: Shaymin|Seed Flare|p1a: Porygon-Z\n|-damage|p1a: Porygon-Z|0 fnt\n|faint|p1a: Porygon-Z\n|\n|upkeep\n|\n|t:|1646590060\n|switch|p1a: Infernape|Infernape, M|61\/100 psn\n|turn|41\n|\n|t:|1646590063\n|move|p1a: Infernape|U-turn|p2a: Shaymin\n|-supereffective|p2a: Shaymin\n|-damage|p2a: Shaymin|0 fnt\n|faint|p2a: Shaymin\n|\n|win|Scum party\u32db\n|raw|Scum party\u32db's rating: 1572 &rarr; <strong>1589<\/strong><br \/>(+17 for winning)\n|raw|Ill Leave's rating: 1527 &rarr; <strong>1510<\/strong><br \/>(-17 for losing)\n|c|\u2606Scum party\u32db|gg\n|c|\u2606Ill Leave|gg\n|l|\u2606Ill Leave\n||Ladder isn't responding, score probably updated but might not have (Request timeout).\n","uploadtime":1646590070,"views":10,"p1id":"scumparty","p2id":"illleave","formatid":"gen8bdspou","rating":1510,"private":0,"password":null}