{"id":"gen8ou-1369199280","p1":"lonietzzz","p2":"LT81YL IN0","format":"gen8ou","log":"|raw|<div class=\"broadcast-blue\"><strong>This battle is required to be public due to a player having a name starting with 'lt81yl'.<\/div>\n|j|\u203dlonietzzz\n|j|\u2606LT81YL IN0\n|t:|1625226825\n|gametype|singles\n|player|p1|lonietzzz|pokemonbreederf|1786\n|player|p2|LT81YL IN0|102|1728\n|teamsize|p1|6\n|teamsize|p2|6\n|gen|8\n|tier|[Gen 8] OU\n|rated|\n|rule|Sleep Clause Mod: Limit one foe put to sleep\n|rule|Species Clause: Limit one of each Pok\u00e9mon\n|rule|OHKO Clause: OHKO moves are banned\n|rule|Evasion Moves Clause: Evasion moves are banned\n|rule|Endless Battle Clause: Forcing endless battles is banned\n|rule|HP Percentage Mod: HP is shown in percentages\n|rule|Dynamax Clause: You cannot dynamax\n|clearpoke\n|poke|p1|Garchomp, F|\n|poke|p1|Dragapult, M|\n|poke|p1|Mew|\n|poke|p1|Cloyster, M|\n|poke|p1|Kartana|\n|poke|p1|Weavile, F|\n|poke|p2|Mew|\n|poke|p2|Garchomp, M|\n|poke|p2|Scizor, F|\n|poke|p2|Dragonite, F|\n|poke|p2|Togekiss, F|\n|poke|p2|Volcarona, F|\n|teampreview\n|inactive|Battle timer is ON: inactive players will automatically lose when time's up. (requested by lonietzzz)\n|j| skylink42 \u2764\n|\n|t:|1625226844\n|start\n|switch|p1a: Mew|Mew|100\/100\n|switch|p2a: Mew|Mew|100\/100\n|turn|1\n|\n|t:|1625226848\n|move|p1a: Mew|Taunt|p2a: Mew\n|-start|p2a: Mew|move: Taunt\n|cant|p2a: Mew|move: Taunt|Taunt\n|\n|upkeep\n|turn|2\n|\n|t:|1625226852\n|switch|p2a: Garchomp|Garchomp, M|100\/100\n|move|p1a: Mew|Stealth Rock|p2a: Garchomp\n|-sidestart|p2: LT81YL IN0|move: Stealth Rock\n|\n|upkeep\n|turn|3\n|\n|t:|1625226858\n|switch|p1a: Weavile|Weavile, F|100\/100\n|-ability|p1a: Weavile|Pressure\n|move|p2a: Garchomp|Swords Dance|p2a: Garchomp\n|-boost|p2a: Garchomp|atk|2\n|\n|upkeep\n|turn|4\n|j| LT81YL GLASS\n|j| Tabata Toxel\n|\n|t:|1625226874\n|move|p1a: Weavile|Triple Axel|p2a: Garchomp\n|-supereffective|p2a: Garchomp\n|-damage|p2a: Garchomp|59\/100\n|-damage|p1a: Weavile|88\/100|[from] ability: Rough Skin|[of] p2a: Garchomp\n|-supereffective|p2a: Garchomp\n|-damage|p2a: Garchomp|0 fnt\n|-damage|p1a: Weavile|76\/100|[from] ability: Rough Skin|[of] p2a: Garchomp\n|faint|p2a: Garchomp\n|-hitcount|p2: Garchomp|2\n|\n|upkeep\n|l| skylink42 \u2764\n|\n|t:|1625226883\n|switch|p2a: Scizor|Scizor, F|100\/100\n|-damage|p2a: Scizor|88\/100|[from] Stealth Rock\n|turn|5\n|\n|t:|1625226887\n|move|p1a: Weavile|Beat Up|p2a: Scizor\n|-damage|p2a: Scizor|80\/100\n|-damage|p2a: Scizor|71\/100\n|-damage|p2a: Scizor|62\/100\n|-damage|p2a: Scizor|55\/100\n|-damage|p2a: Scizor|44\/100\n|-damage|p2a: Scizor|36\/100\n|-hitcount|p2a: Scizor|6\n|move|p2a: Scizor|Swords Dance|p2a: Scizor\n|-boost|p2a: Scizor|atk|2\n|\n|upkeep\n|turn|6\n|\n|t:|1625226898\n|move|p2a: Scizor|Bullet Punch|p1a: Weavile\n|-supereffective|p1a: Weavile\n|-damage|p1a: Weavile|0 fnt\n|faint|p1a: Weavile\n|-damage|p2a: Scizor|26\/100|[from] item: Life Orb\n|\n|upkeep\n|\n|t:|1625226902\n|switch|p1a: Kartana|Kartana|100\/100\n|turn|7\n|\n|t:|1625226907\n|move|p2a: Scizor|Bullet Punch|p1a: Kartana\n|-resisted|p1a: Kartana\n|-crit|p1a: Kartana\n|-damage|p1a: Kartana|33\/100\n|-damage|p2a: Scizor|16\/100|[from] item: Life Orb\n|move|p1a: Kartana|Knock Off|p2a: Scizor\n|-damage|p2a: Scizor|0 fnt\n|-enditem|p2a: Scizor|Life Orb|[from] move: Knock Off|[of] p1a: Kartana\n|faint|p2a: Scizor\n|-ability|p1a: Kartana|Beast Boost|boost\n|-boost|p1a: Kartana|atk|1\n|\n|upkeep\n|\n|t:|1625226916\n|switch|p2a: Togekiss|Togekiss, F|100\/100\n|-damage|p2a: Togekiss|76\/100|[from] Stealth Rock\n|turn|8\n|\n|t:|1625226924\n|move|p2a: Togekiss|Air Slash|p1a: Kartana\n|-damage|p1a: Kartana|0 fnt\n|faint|p1a: Kartana\n|\n|upkeep\n|j| Separation\n|\n|t:|1625226927\n|switch|p1a: Mew|Mew|100\/100\n|turn|9\n|\n|t:|1625226935\n|switch|p2a: Mew|Mew|100\/100\n|-damage|p2a: Mew|88\/100|[from] Stealth Rock\n|move|p1a: Mew|Thunder Wave|p2a: Mew|[miss]\n|-miss|p1a: Mew|p2a: Mew\n|\n|upkeep\n|turn|10\n|\n|t:|1625226942\n|move|p2a: Mew|Taunt|p1a: Mew\n|-start|p1a: Mew|move: Taunt\n|cant|p1a: Mew|move: Taunt|Taunt\n|\n|upkeep\n|turn|11\n|\n|t:|1625226945\n|switch|p1a: Garchomp|Garchomp, F|100\/100\n|move|p2a: Mew|Stealth Rock|p1a: Garchomp\n|-sidestart|p1: lonietzzz|move: Stealth Rock\n|\n|upkeep\n|turn|12\n|\n|t:|1625226952\n|move|p1a: Garchomp|Swords Dance|p1a: Garchomp\n|-boost|p1a: Garchomp|atk|2\n|move|p2a: Mew|Taunt|p1a: Garchomp\n|-start|p1a: Garchomp|move: Taunt\n|\n|upkeep\n|turn|13\n|\n|t:|1625226959\n|move|p1a: Garchomp|Fire Fang|p2a: Mew\n|-crit|p2a: Mew\n|-damage|p2a: Mew|12\/100\n|-damage|p1a: Garchomp|91\/100|[from] item: Life Orb\n|move|p2a: Mew|Counter|p1a: Garchomp\n|-damage|p1a: Garchomp|0 fnt\n|-damage|p2a: Mew|0 fnt|[from] ability: Rough Skin|[of] p1a: Garchomp\n|faint|p1a: Garchomp\n|faint|p2a: Mew\n|\n|upkeep\n|\n|t:|1625226968\n|switch|p1a: Mew|Mew|100\/100\n|switch|p2a: Togekiss|Togekiss, F|76\/100\n|-damage|p2a: Togekiss|51\/100|[from] Stealth Rock\n|-damage|p1a: Mew|88\/100|[from] Stealth Rock\n|turn|14\n|\n|t:|1625226980\n|move|p2a: Togekiss|Air Slash|p1a: Mew\n|-damage|p1a: Mew|58\/100\n|move|p1a: Mew|Thunder Wave|p2a: Togekiss\n|-status|p2a: Togekiss|par\n|\n|upkeep\n|turn|15\n|\n|t:|1625226990\n|move|p1a: Mew|Taunt|p2a: Togekiss\n|-start|p2a: Togekiss|move: Taunt\n|move|p2a: Togekiss|Air Slash|p1a: Mew\n|-damage|p1a: Mew|29\/100\n|\n|upkeep\n|turn|16\n|\n|t:|1625226996\n|move|p1a: Mew|Taunt||[still]\n|-fail|p1a: Mew\n|move|p2a: Togekiss|Air Slash|p1a: Mew\n|-damage|p1a: Mew|0 fnt\n|faint|p1a: Mew\n|\n|upkeep\n|\n|t:|1625226998\n|switch|p1a: Dragapult|Dragapult, M|100\/100\n|-damage|p1a: Dragapult|88\/100|[from] Stealth Rock\n|turn|17\n|\n|t:|1625227001\n|move|p1a: Dragapult|Dragon Dance|p1a: Dragapult\n|-boost|p1a: Dragapult|atk|1\n|-boost|p1a: Dragapult|spe|1\n|cant|p2a: Togekiss|par\n|\n|-end|p2a: Togekiss|move: Taunt\n|upkeep\n|turn|18\n|\n|t:|1625227006\n|move|p1a: Dragapult|Phantom Force||[still]\n|-prepare|p1a: Dragapult|Phantom Force\n|move|p2a: Togekiss|Air Slash|p1a: Dragapult|[miss]\n|-miss|p2a: Togekiss|p1a: Dragapult\n|\n|upkeep\n|turn|19\n|\n|t:|1625227013\n|switch|p2a: Volcarona|Volcarona, F|100\/100\n|move|p1a: Dragapult|Phantom Force|p2a: Volcarona|[from]lockedmove\n|-damage|p2a: Volcarona|37\/100\n|-status|p1a: Dragapult|brn|[from] ability: Flame Body|[of] p2a: Volcarona\n|\n|-damage|p1a: Dragapult|82\/100 brn|[from] brn\n|upkeep\n|turn|20\n|\n|t:|1625227020\n|move|p1a: Dragapult|Dragon Darts|p2a: Volcarona\n|-crit|p2a: Volcarona\n|-damage|p2a: Volcarona|9\/100\n|-anim|p1a: Dragapult|Dragon Darts|p2a: Volcarona\n|-damage|p2a: Volcarona|0 fnt\n|faint|p2a: Volcarona\n|\n|-damage|p1a: Dragapult|76\/100 brn|[from] brn\n|upkeep\n|\n|t:|1625227031\n|switch|p2a: Togekiss|Togekiss, F|51\/100 par\n|-damage|p2a: Togekiss|26\/100 par|[from] Stealth Rock\n|turn|21\n|\n|t:|1625227036\n|move|p1a: Dragapult|Dragon Darts|p2a: Togekiss\n|-immune|p2a: Togekiss\n|move|p2a: Togekiss|Trick|p1a: Dragapult\n|-activate|p2a: Togekiss|move: Trick|[of] p1a: Dragapult\n|-item|p1a: Dragapult|Choice Scarf|[from] move: Trick\n|-item|p2a: Togekiss|Weakness Policy|[from] move: Trick\n|\n|-damage|p1a: Dragapult|70\/100 brn|[from] brn\n|upkeep\n|turn|22\n|\n|t:|1625227042\n|move|p1a: Dragapult|Phantom Force||[still]\n|-prepare|p1a: Dragapult|Phantom Force\n|move|p2a: Togekiss|Air Slash|p1a: Dragapult|[miss]\n|-miss|p2a: Togekiss|p1a: Dragapult\n|\n|-damage|p1a: Dragapult|64\/100 brn|[from] brn\n|upkeep\n|turn|23\n|\n|t:|1625227046\n|move|p1a: Dragapult|Phantom Force|p2a: Togekiss|[from]lockedmove\n|-damage|p2a: Togekiss|0 fnt\n|faint|p2a: Togekiss\n|\n|-damage|p1a: Dragapult|58\/100 brn|[from] brn\n|upkeep\n|\n|t:|1625227048\n|switch|p2a: Dragonite|Dragonite, F|100\/100\n|turn|24\n|\n|t:|1625227050\n|move|p1a: Dragapult|Phantom Force||[still]\n|-prepare|p1a: Dragapult|Phantom Force\n|move|p2a: Dragonite|Dragon Dance|p2a: Dragonite\n|-boost|p2a: Dragonite|atk|1\n|-boost|p2a: Dragonite|spe|1\n|\n|-damage|p1a: Dragapult|52\/100 brn|[from] brn\n|upkeep\n|turn|25\n|\n|t:|1625227052\n|move|p1a: Dragapult|Phantom Force|p2a: Dragonite|[from]lockedmove\n|-damage|p2a: Dragonite|81\/100\n|move|p2a: Dragonite|Dragon Dance|p2a: Dragonite\n|-boost|p2a: Dragonite|atk|1\n|-boost|p2a: Dragonite|spe|1\n|\n|-damage|p1a: Dragapult|45\/100 brn|[from] brn\n|upkeep\n|turn|26\n|\n|t:|1625227056\n|move|p1a: Dragapult|Phantom Force||[still]\n|-prepare|p1a: Dragapult|Phantom Force\n|move|p2a: Dragonite|Roost|p2a: Dragonite\n|-heal|p2a: Dragonite|100\/100\n|-singleturn|p2a: Dragonite|move: Roost\n|\n|-damage|p1a: Dragapult|39\/100 brn|[from] brn\n|upkeep\n|turn|27\n|\n|t:|1625227060\n|move|p1a: Dragapult|Phantom Force|p2a: Dragonite|[from]lockedmove\n|-crit|p2a: Dragonite\n|-damage|p2a: Dragonite|73\/100\n|move|p2a: Dragonite|Dragon Dance|p2a: Dragonite\n|-boost|p2a: Dragonite|atk|1\n|-boost|p2a: Dragonite|spe|1\n|\n|-damage|p1a: Dragapult|33\/100 brn|[from] brn\n|upkeep\n|turn|28\n|\n|t:|1625227063\n|move|p1a: Dragapult|Phantom Force||[still]\n|-prepare|p1a: Dragapult|Phantom Force\n|move|p2a: Dragonite|Roost|p2a: Dragonite\n|-heal|p2a: Dragonite|100\/100\n|-singleturn|p2a: Dragonite|move: Roost\n|\n|-damage|p1a: Dragapult|27\/100 brn|[from] brn\n|upkeep\n|turn|29\n|\n|t:|1625227065\n|move|p1a: Dragapult|Phantom Force|p2a: Dragonite|[from]lockedmove\n|-damage|p2a: Dragonite|82\/100\n|move|p2a: Dragonite|Dragon Dance|p2a: Dragonite\n|-boost|p2a: Dragonite|atk|1\n|-boost|p2a: Dragonite|spe|1\n|\n|-damage|p1a: Dragapult|21\/100 brn|[from] brn\n|upkeep\n|turn|30\n|\n|t:|1625227066\n|move|p2a: Dragonite|Roost|p2a: Dragonite\n|-heal|p2a: Dragonite|100\/100\n|-singleturn|p2a: Dragonite|move: Roost\n|move|p1a: Dragapult|Phantom Force||[still]\n|-prepare|p1a: Dragapult|Phantom Force\n|\n|-damage|p1a: Dragapult|15\/100 brn|[from] brn\n|upkeep\n|turn|31\n|\n|t:|1625227068\n|move|p2a: Dragonite|Dragon Dance|p2a: Dragonite\n|-boost|p2a: Dragonite|atk|1\n|-boost|p2a: Dragonite|spe|1\n|move|p1a: Dragapult|Phantom Force|p2a: Dragonite|[from]lockedmove\n|-damage|p2a: Dragonite|80\/100\n|\n|-damage|p1a: Dragapult|9\/100 brn|[from] brn\n|upkeep\n|turn|32\n|\n|t:|1625227071\n|move|p2a: Dragonite|Roost|p2a: Dragonite\n|-heal|p2a: Dragonite|100\/100\n|-singleturn|p2a: Dragonite|move: Roost\n|move|p1a: Dragapult|Phantom Force||[still]\n|-prepare|p1a: Dragapult|Phantom Force\n|\n|-damage|p1a: Dragapult|3\/100 brn|[from] brn\n|upkeep\n|turn|33\n|l| LT81YL GLASS\n|\n|t:|1625227084\n|move|p2a: Dragonite|Dragon Dance|p2a: Dragonite\n|-boost|p2a: Dragonite|atk|1\n|-boost|p2a: Dragonite|spe|1\n|move|p1a: Dragapult|Phantom Force|p2a: Dragonite|[from]lockedmove\n|-crit|p2a: Dragonite\n|-damage|p2a: Dragonite|72\/100\n|\n|-damage|p1a: Dragapult|0 fnt|[from] brn\n|faint|p1a: Dragapult\n|upkeep\n|\n|t:|1625227087\n|switch|p1a: Cloyster|Cloyster, M|100\/100\n|-damage|p1a: Cloyster|76\/100|[from] Stealth Rock\n|turn|34\n|\n|t:|1625227089\n|move|p1a: Cloyster|Ice Shard|p2a: Dragonite\n|-supereffective|p2a: Dragonite\n|-damage|p2a: Dragonite|0 fnt\n|faint|p2a: Dragonite\n|\n|win|lonietzzz\n|raw|lonietzzz's rating: 1786 &rarr; <strong>1803<\/strong><br \/>(+17 for winning)\n|raw|LT81YL IN0's rating: 1728 &rarr; <strong>1711<\/strong><br \/>(-17 for losing)\n|l|\u2606LT81YL IN0\n","uploadtime":1625227099,"views":32,"p1id":"lonietzzz","p2id":"lt81ylin0","formatid":"gen8ou","rating":1711,"private":0,"password":null}