{"id":"gen8ou-1657031360","p1":"himynametay","p2":"minimax_ai","format":"gen8ou","log":"|j|\u203dhimynametay\n|j|\u2606minimax_ai\n|t:|1662416341\n|gametype|singles\n|player|p1|himynametay|elesa-masters|1591\n|player|p2|minimax_ai|lusamine-nihilego|1555\n|teamsize|p1|6\n|teamsize|p2|6\n|gen|8\n|tier|[Gen 8] OU\n|rated|\n|rule|Sleep Clause Mod: Limit one foe put to sleep\n|rule|Species Clause: Limit one of each Pok\u00e9mon\n|rule|OHKO Clause: OHKO moves are banned\n|rule|Evasion Items Clause: Evasion items are banned\n|rule|Evasion Moves Clause: Evasion moves are banned\n|rule|Endless Battle Clause: Forcing endless battles is banned\n|rule|HP Percentage Mod: HP is shown in percentages\n|rule|Dynamax Clause: You cannot dynamax\n|clearpoke\n|poke|p1|Slowking-Galar, M|\n|poke|p1|Urshifu-*, M|\n|poke|p1|Garchomp, M|\n|poke|p1|Weavile, M|\n|poke|p1|Corviknight, F|\n|poke|p1|Rillaboom, M|\n|poke|p2|Rotom-Wash|\n|poke|p2|Weavile, M|\n|poke|p2|Landorus-Therian, M|\n|poke|p2|Heatran, M|\n|poke|p2|Tangrowth, F|\n|poke|p2|Melmetal|\n|teampreview\n|c|\u2606minimax_ai|hf\n|inactive|Battle timer is ON: inactive players will automatically lose when time's up. (requested by minimax_ai)\n|\n|t:|1662416372\n|start\n|switch|p1a: Urshifu|Urshifu-Rapid-Strike, M|100\/100\n|switch|p2a: landorustherian|Landorus-Therian, M|100\/100\n|-ability|p2a: landorustherian|Intimidate|boost\n|-unboost|p1a: Urshifu|atk|1\n|turn|1\n|\n|t:|1662416375\n|switch|p2a: Tangrowth|Tangrowth, F|100\/100\n|move|p1a: Urshifu|U-turn|p2a: Tangrowth\n|-supereffective|p2a: Tangrowth\n|-damage|p2a: Tangrowth|74\/100\n|-damage|p1a: Urshifu|84\/100|[from] item: Rocky Helmet|[of] p2a: Tangrowth\n|\n|t:|1662416377\n|switch|p1a: Slowking|Slowking-Galar, M|100\/100|[from]move: U-turn\n|\n|upkeep\n|turn|2\n|\n|t:|1662416379\n|switch|p2a: rotomwash|Rotom-Wash|100\/100\n|move|p1a: Slowking|Future Sight|p2a: rotomwash\n|-start|p1a: Slowking|move: Future Sight\n|\n|upkeep\n|turn|3\n|j| Zacian for ou\n|\n|t:|1662416406\n|switch|p2a: Melmetal|Melmetal|100\/100\n|switch|p1a: Garchomp|Garchomp, M|100\/100\n|\n|upkeep\n|turn|4\n|\n|t:|1662416409\n|move|p1a: Garchomp|Earthquake|p2a: Melmetal\n|-supereffective|p2a: Melmetal\n|-damage|p2a: Melmetal|52\/100\n|move|p2a: Melmetal|Ice Punch|p1a: Garchomp\n|-supereffective|p1a: Garchomp\n|-damage|p1a: Garchomp|0 fnt\n|-damage|p2a: Melmetal|40\/100|[from] ability: Rough Skin|[of] p1a: Garchomp\n|faint|p1a: Garchomp\n|\n|-end|p2a: Melmetal|move: Future Sight\n|-resisted|p2a: Melmetal\n|-damage|p2a: Melmetal|27\/100\n|upkeep\n|\n|t:|1662416414\n|switch|p1a: Weavile|Weavile, M|100\/100\n|-ability|p1a: Weavile|Pressure\n|turn|5\n|\n|t:|1662416416\n|move|p1a: Weavile|Knock Off|p2a: Melmetal\n|-damage|p2a: Melmetal|2\/100\n|-enditem|p2a: Melmetal|Assault Vest|[from] move: Knock Off|[of] p1a: Weavile\n|move|p2a: Melmetal|Double Iron Bash|p1a: Weavile\n|-supereffective|p1a: Weavile\n|-damage|p1a: Weavile|0 fnt\n|faint|p1a: Weavile\n|-hitcount|p1: Weavile|1\n|\n|upkeep\n|\n|t:|1662416422\n|switch|p1a: Urshifu|Urshifu-Rapid-Strike, M|84\/100\n|turn|6\n|\n|t:|1662416423\n|switch|p2a: Tangrowth|Tangrowth, F|100\/100\n|move|p1a: Urshifu|U-turn|p2a: Tangrowth\n|-supereffective|p2a: Tangrowth\n|-damage|p2a: Tangrowth|64\/100\n|-damage|p1a: Urshifu|68\/100|[from] item: Rocky Helmet|[of] p2a: Tangrowth\n|\n|t:|1662416425\n|switch|p1a: Slowking|Slowking-Galar, M|100\/100|[from]move: U-turn\n|\n|upkeep\n|turn|7\n|\n|t:|1662416428\n|switch|p2a: Heatran|Heatran, M|100\/100\n|-item|p2a: Heatran|Air Balloon\n|move|p1a: Slowking|Future Sight|p2a: Heatran\n|-start|p1a: Slowking|move: Future Sight\n|\n|upkeep\n|turn|8\n|\n|t:|1662416431\n|move|p2a: Heatran|Eruption|p1a: Slowking\n|-damage|p1a: Slowking|65\/100\n|move|p1a: Slowking|Scald|p2a: Heatran\n|-supereffective|p2a: Heatran\n|-damage|p2a: Heatran|57\/100\n|-enditem|p2a: Heatran|Air Balloon\n|\n|upkeep\n|turn|9\n|\n|t:|1662416436\n|move|p2a: Heatran|Stealth Rock|p1a: Slowking\n|-sidestart|p1: himynametay|move: Stealth Rock\n|move|p1a: Slowking|Scald|p2a: Heatran\n|-supereffective|p2a: Heatran\n|-damage|p2a: Heatran|12\/100\n|\n|-end|p2a: Heatran|move: Future Sight\n|-resisted|p2a: Heatran\n|-crit|p2a: Heatran\n|-damage|p2a: Heatran|0 fnt\n|faint|p2a: Heatran\n|upkeep\n|\n|t:|1662416436\n|switch|p2a: Weavile|Weavile, M|100\/100\n|-ability|p2a: Weavile|Pressure\n|turn|10\n|\n|t:|1662416438\n|switch|p1a: Corviknight|Corviknight, F|100\/100\n|-damage|p1a: Corviknight|88\/100|[from] Stealth Rock\n|-ability|p1a: Corviknight|Pressure\n|move|p2a: Weavile|Knock Off|p1a: Corviknight\n|-damage|p1a: Corviknight|45\/100\n|-damage|p2a: Weavile|84\/100|[from] item: Rocky Helmet|[of] p1a: Corviknight\n|-enditem|p1a: Corviknight|Rocky Helmet|[from] move: Knock Off|[of] p2a: Weavile\n|\n|upkeep\n|turn|11\n|\n|t:|1662416441\n|switch|p2a: rotomwash|Rotom-Wash|100\/100\n|move|p1a: Corviknight|Roost|p1a: Corviknight\n|-heal|p1a: Corviknight|95\/100\n|-singleturn|p1a: Corviknight|move: Roost\n|\n|upkeep\n|turn|12\n|\n|t:|1662416443\n|switch|p1a: Slowking|Slowking-Galar, M|98\/100\n|-damage|p1a: Slowking|86\/100|[from] Stealth Rock\n|move|p2a: rotomwash|Thunderbolt|p1a: Slowking\n|-damage|p1a: Slowking|70\/100\n|\n|upkeep\n|turn|13\n|\n|t:|1662416444\n|move|p2a: rotomwash|Nasty Plot|p2a: rotomwash\n|-boost|p2a: rotomwash|spa|2\n|move|p1a: Slowking|Future Sight|p2a: rotomwash\n|-start|p1a: Slowking|move: Future Sight\n|\n|upkeep\n|turn|14\n|\n|t:|1662416446\n|move|p2a: rotomwash|Thunderbolt|p1a: Slowking\n|-damage|p1a: Slowking|43\/100\n|move|p1a: Slowking|Sludge Bomb|p2a: rotomwash\n|-damage|p2a: rotomwash|61\/100\n|\n|-heal|p2a: rotomwash|67\/100|[from] item: Leftovers\n|upkeep\n|turn|15\n|\n|t:|1662416451\n|switch|p2a: Weavile|Weavile, M|84\/100\n|-ability|p2a: Weavile|Pressure\n|move|p1a: Slowking|Sludge Bomb|p2a: Weavile\n|-damage|p2a: Weavile|34\/100\n|\n|-end|p2a: Weavile|move: Future Sight\n|-immune|p2a: Weavile\n|upkeep\n|turn|16\n|\n|t:|1662416454\n|switch|p1a: Corviknight|Corviknight, F|95\/100\n|-damage|p1a: Corviknight|83\/100|[from] Stealth Rock\n|-ability|p1a: Corviknight|Pressure\n|move|p2a: Weavile|Triple Axel|p1a: Corviknight|[miss]\n|-miss|p2a: Weavile|p1a: Corviknight\n|\n|upkeep\n|turn|17\n|\n|t:|1662416456\n|switch|p2a: rotomwash|Rotom-Wash|67\/100\n|move|p1a: Corviknight|Defog|p2a: rotomwash\n|-unboost|p2a: rotomwash|evasion|1\n|-sideend|p1: himynametay|Stealth Rock|[from] move: Defog|[of] p1a: Corviknight\n|\n|-heal|p2a: rotomwash|74\/100|[from] item: Leftovers\n|upkeep\n|turn|18\n|\n|t:|1662416457\n|switch|p1a: Slowking|Slowking-Galar, M|76\/100\n|move|p2a: rotomwash|Thunderbolt|p1a: Slowking\n|-damage|p1a: Slowking|63\/100\n|\n|-heal|p2a: rotomwash|80\/100|[from] item: Leftovers\n|upkeep\n|turn|19\n|\n|t:|1662416460\n|move|p2a: rotomwash|Thunderbolt|p1a: Slowking\n|-crit|p1a: Slowking\n|-damage|p1a: Slowking|41\/100\n|move|p1a: Slowking|Sludge Bomb|p2a: rotomwash\n|-damage|p2a: rotomwash|44\/100\n|\n|-heal|p2a: rotomwash|50\/100|[from] item: Leftovers\n|upkeep\n|turn|20\n|\n|t:|1662416463\n|switch|p2a: Melmetal|Melmetal|2\/100\n|move|p1a: Slowking|Future Sight|p2a: Melmetal\n|-start|p1a: Slowking|move: Future Sight\n|\n|upkeep\n|turn|21\n|\n|t:|1662416465\n|switch|p1a: Corviknight|Corviknight, F|83\/100\n|-ability|p1a: Corviknight|Pressure\n|move|p2a: Melmetal|Double Iron Bash|p1a: Corviknight\n|-resisted|p1a: Corviknight\n|-damage|p1a: Corviknight|71\/100\n|-resisted|p1a: Corviknight\n|-damage|p1a: Corviknight|59\/100\n|-hitcount|p1a: Corviknight|2\n|\n|upkeep\n|turn|22\n|\n|t:|1662416467\n|switch|p2a: landorustherian|Landorus-Therian, M|100\/100\n|-ability|p2a: landorustherian|Intimidate|boost\n|-unboost|p1a: Corviknight|atk|1\n|move|p1a: Corviknight|Roost|p1a: Corviknight\n|-heal|p1a: Corviknight|100\/100\n|-singleturn|p1a: Corviknight|move: Roost\n|\n|-end|p2a: landorustherian|move: Future Sight\n|-damage|p2a: landorustherian|65\/100\n|-heal|p2a: landorustherian|71\/100|[from] item: Leftovers\n|upkeep\n|turn|23\n|\n|t:|1662416469\n|switch|p1a: Urshifu|Urshifu-Rapid-Strike, M|68\/100\n|move|p2a: landorustherian|U-turn|p1a: Urshifu\n|-resisted|p1a: Urshifu\n|-crit|p1a: Urshifu\n|-damage|p1a: Urshifu|51\/100\n|\n|t:|1662416469\n|switch|p2a: Tangrowth|Tangrowth, F|98\/100|[from]move: U-turn\n|\n|upkeep\n|turn|24\n|\n|t:|1662416472\n|switch|p1a: Slowking|Slowking-Galar, M|74\/100\n|move|p2a: Tangrowth|Knock Off|p1a: Slowking\n|-supereffective|p1a: Slowking\n|-damage|p1a: Slowking|27\/100\n|-enditem|p1a: Slowking|Assault Vest|[from] move: Knock Off|[of] p2a: Tangrowth\n|\n|upkeep\n|turn|25\n|\n|t:|1662416476\n|switch|p1a: Corviknight|Corviknight, F|100\/100\n|-ability|p1a: Corviknight|Pressure\n|move|p2a: Tangrowth|Knock Off|p1a: Corviknight\n|-damage|p1a: Corviknight|91\/100\n|\n|upkeep\n|turn|26\n|\n|t:|1662416478\n|move|p1a: Corviknight|Brave Bird|p2a: Tangrowth\n|-supereffective|p2a: Tangrowth\n|-crit|p2a: Tangrowth\n|-damage|p2a: Tangrowth|40\/100\n|-damage|p1a: Corviknight|75\/100|[from] item: Rocky Helmet|[of] p2a: Tangrowth\n|-damage|p1a: Corviknight|55\/100|[from] Recoil\n|move|p2a: Tangrowth|Knock Off|p1a: Corviknight\n|-damage|p1a: Corviknight|46\/100\n|\n|upkeep\n|turn|27\n|\n|t:|1662416481\n|switch|p2a: rotomwash|Rotom-Wash|50\/100\n|move|p1a: Corviknight|Roost|p1a: Corviknight\n|-heal|p1a: Corviknight|96\/100\n|-singleturn|p1a: Corviknight|move: Roost\n|\n|-heal|p2a: rotomwash|56\/100|[from] item: Leftovers\n|upkeep\n|turn|28\n|\n|t:|1662416484\n|switch|p1a: Slowking|Slowking-Galar, M|60\/100\n|move|p2a: rotomwash|Thunderbolt|p1a: Slowking\n|-damage|p1a: Slowking|39\/100\n|\n|-heal|p2a: rotomwash|63\/100|[from] item: Leftovers\n|upkeep\n|turn|29\n|\n|t:|1662416485\n|move|p2a: rotomwash|Thunderbolt|p1a: Slowking\n|-damage|p1a: Slowking|15\/100\n|move|p1a: Slowking|Future Sight|p2a: rotomwash\n|-start|p1a: Slowking|move: Future Sight\n|\n|-heal|p2a: rotomwash|69\/100|[from] item: Leftovers\n|upkeep\n|turn|30\n|\n|t:|1662416487\n|switch|p1a: Rillaboom|Rillaboom, M|100\/100\n|-fieldstart|move: Grassy Terrain|[from] ability: Grassy Surge|[of] p1a: Rillaboom\n|move|p2a: rotomwash|Thunderbolt|p1a: Rillaboom\n|-resisted|p1a: Rillaboom\n|-damage|p1a: Rillaboom|82\/100\n|\n|-heal|p2a: rotomwash|75\/100|[from] item: Leftovers\n|-heal|p1a: Rillaboom|88\/100|[from] Grassy Terrain\n|-heal|p1a: Rillaboom|94\/100|[from] item: Leftovers\n|upkeep\n|turn|31\n|\n|t:|1662416492\n|switch|p2a: Tangrowth|Tangrowth, F|73\/100\n|move|p1a: Rillaboom|Grassy Glide|p2a: Tangrowth\n|-resisted|p2a: Tangrowth\n|-damage|p2a: Tangrowth|60\/100\n|-damage|p1a: Rillaboom|78\/100|[from] item: Rocky Helmet|[of] p2a: Tangrowth\n|\n|-end|p2a: Tangrowth|move: Future Sight\n|-damage|p2a: Tangrowth|0 fnt\n|faint|p2a: Tangrowth\n|-heal|p1a: Rillaboom|84\/100|[from] Grassy Terrain\n|-heal|p1a: Rillaboom|90\/100|[from] item: Leftovers\n|upkeep\n|\n|t:|1662416492\n|switch|p2a: landorustherian|Landorus-Therian, M|71\/100\n|-ability|p2a: landorustherian|Intimidate|boost\n|-unboost|p1a: Rillaboom|atk|1\n|turn|32\n|j| ilc3999\n|\n|t:|1662416495\n|switch|p1a: Corviknight|Corviknight, F|96\/100\n|-ability|p1a: Corviknight|Pressure\n|move|p2a: landorustherian|U-turn|p1a: Corviknight\n|-resisted|p1a: Corviknight\n|-damage|p1a: Corviknight|93\/100\n|\n|t:|1662416495\n|switch|p2a: rotomwash|Rotom-Wash|75\/100|[from]move: U-turn\n|\n|-heal|p2a: rotomwash|81\/100|[from] item: Leftovers\n|upkeep\n|turn|33\n|\n|t:|1662416497\n|switch|p1a: Slowking|Slowking-Galar, M|48\/100\n|move|p2a: rotomwash|Thunderbolt|p1a: Slowking\n|-damage|p1a: Slowking|26\/100\n|\n|-heal|p2a: rotomwash|88\/100|[from] item: Leftovers\n|-heal|p1a: Slowking|32\/100|[from] Grassy Terrain\n|upkeep\n|turn|34\n|\n|t:|1662416500\n|switch|p1a: Rillaboom|Rillaboom, M|90\/100\n|move|p2a: rotomwash|Thunderbolt|p1a: Rillaboom\n|-resisted|p1a: Rillaboom\n|-damage|p1a: Rillaboom|69\/100\n|\n|-heal|p2a: rotomwash|94\/100|[from] item: Leftovers\n|-heal|p1a: Rillaboom|75\/100|[from] Grassy Terrain\n|-heal|p1a: Rillaboom|81\/100|[from] item: Leftovers\n|-fieldend|move: Grassy Terrain\n|upkeep\n|turn|35\n|\n|t:|1662416502\n|switch|p2a: landorustherian|Landorus-Therian, M|71\/100\n|-ability|p2a: landorustherian|Intimidate|boost\n|-unboost|p1a: Rillaboom|atk|1\n|switch|p1a: Slowking|Slowking-Galar, M|65\/100\n|\n|-heal|p2a: landorustherian|77\/100|[from] item: Leftovers\n|upkeep\n|turn|36\n|\n|t:|1662416505\n|switch|p1a: Corviknight|Corviknight, F|93\/100\n|-ability|p1a: Corviknight|Pressure\n|move|p2a: landorustherian|Earthquake|p1a: Corviknight\n|-immune|p1a: Corviknight\n|\n|-heal|p2a: landorustherian|83\/100|[from] item: Leftovers\n|upkeep\n|turn|37\n|\n|t:|1662416506\n|move|p2a: landorustherian|U-turn|p1a: Corviknight\n|-resisted|p1a: Corviknight\n|-damage|p1a: Corviknight|89\/100\n|\n|t:|1662416506\n|switch|p2a: rotomwash|Rotom-Wash|94\/100|[from]move: U-turn\n|move|p1a: Corviknight|U-turn|p2a: rotomwash\n|-damage|p2a: rotomwash|79\/100\n|\n|t:|1662416508\n|switch|p1a: Rillaboom|Rillaboom, M|81\/100|[from]move: U-turn\n|-fieldstart|move: Grassy Terrain|[from] ability: Grassy Surge|[of] p1a: Rillaboom\n|\n|-heal|p2a: rotomwash|85\/100|[from] item: Leftovers\n|-heal|p1a: Rillaboom|87\/100|[from] Grassy Terrain\n|-heal|p1a: Rillaboom|93\/100|[from] item: Leftovers\n|upkeep\n|turn|38\n|\n|t:|1662416509\n|switch|p2a: landorustherian|Landorus-Therian, M|83\/100\n|-ability|p2a: landorustherian|Intimidate|boost\n|-unboost|p1a: Rillaboom|atk|1\n|move|p1a: Rillaboom|Grassy Glide|p2a: landorustherian\n|-damage|p2a: landorustherian|51\/100\n|\n|-heal|p2a: landorustherian|57\/100|[from] item: Leftovers\n|-heal|p1a: Rillaboom|99\/100|[from] Grassy Terrain\n|-heal|p1a: Rillaboom|100\/100|[from] item: Leftovers\n|upkeep\n|turn|39\n|\n|t:|1662416512\n|switch|p1a: Corviknight|Corviknight, F|89\/100\n|-ability|p1a: Corviknight|Pressure\n|move|p2a: landorustherian|Defog|p1a: Corviknight\n|-unboost|p1a: Corviknight|evasion|1\n|-fieldend|move: Grassy Terrain\n|\n|-heal|p2a: landorustherian|63\/100|[from] item: Leftovers\n|upkeep\n|turn|40\n|\n|t:|1662416513\n|move|p2a: landorustherian|U-turn|p1a: Corviknight\n|-resisted|p1a: Corviknight\n|-damage|p1a: Corviknight|86\/100\n|\n|t:|1662416513\n|switch|p2a: rotomwash|Rotom-Wash|85\/100|[from]move: U-turn\n|move|p1a: Corviknight|U-turn|p2a: rotomwash\n|-damage|p2a: rotomwash|70\/100\n|\n|t:|1662416515\n|switch|p1a: Rillaboom|Rillaboom, M|100\/100|[from]move: U-turn\n|-fieldstart|move: Grassy Terrain|[from] ability: Grassy Surge|[of] p1a: Rillaboom\n|\n|-heal|p2a: rotomwash|76\/100|[from] item: Leftovers\n|upkeep\n|turn|41\n|\n|t:|1662416516\n|switch|p2a: landorustherian|Landorus-Therian, M|63\/100\n|-ability|p2a: landorustherian|Intimidate|boost\n|-unboost|p1a: Rillaboom|atk|1\n|move|p1a: Rillaboom|Grassy Glide|p2a: landorustherian\n|-damage|p2a: landorustherian|33\/100\n|\n|-heal|p2a: landorustherian|39\/100|[from] item: Leftovers\n|upkeep\n|turn|42\n|l| ilc3999\n|\n|t:|1662416519\n|switch|p1a: Corviknight|Corviknight, F|86\/100\n|-ability|p1a: Corviknight|Pressure\n|move|p2a: landorustherian|Defog|p1a: Corviknight\n|-unboost|p1a: Corviknight|evasion|1\n|-fieldend|move: Grassy Terrain\n|\n|-heal|p2a: landorustherian|45\/100|[from] item: Leftovers\n|upkeep\n|turn|43\n|\n|t:|1662416521\n|move|p2a: landorustherian|Defog|p1a: Corviknight\n|-unboost|p1a: Corviknight|evasion|1\n|move|p1a: Corviknight|U-turn|p2a: landorustherian\n|-resisted|p2a: landorustherian\n|-damage|p2a: landorustherian|38\/100\n|\n|t:|1662416522\n|switch|p1a: Rillaboom|Rillaboom, M|100\/100|[from]move: U-turn\n|-fieldstart|move: Grassy Terrain|[from] ability: Grassy Surge|[of] p1a: Rillaboom\n|\n|-heal|p2a: landorustherian|44\/100|[from] item: Leftovers\n|upkeep\n|turn|44\n|\n|t:|1662416523\n|switch|p2a: Melmetal|Melmetal|2\/100\n|move|p1a: Rillaboom|Grassy Glide|p2a: Melmetal\n|-resisted|p2a: Melmetal\n|-damage|p2a: Melmetal|0 fnt\n|faint|p2a: Melmetal\n|\n|upkeep\n|\n|t:|1662416523\n|switch|p2a: landorustherian|Landorus-Therian, M|44\/100\n|-ability|p2a: landorustherian|Intimidate|boost\n|-unboost|p1a: Rillaboom|atk|1\n|turn|45\n|\n|t:|1662416525\n|switch|p1a: Corviknight|Corviknight, F|86\/100\n|-ability|p1a: Corviknight|Pressure\n|move|p2a: landorustherian|Defog|p1a: Corviknight\n|-unboost|p1a: Corviknight|evasion|1\n|-fieldend|move: Grassy Terrain\n|\n|-heal|p2a: landorustherian|50\/100|[from] item: Leftovers\n|upkeep\n|turn|46\n|\n|t:|1662416527\n|move|p2a: landorustherian|Defog|p1a: Corviknight\n|-unboost|p1a: Corviknight|evasion|1\n|move|p1a: Corviknight|U-turn|p2a: landorustherian\n|-resisted|p2a: landorustherian\n|-damage|p2a: landorustherian|43\/100\n|\n|t:|1662416528\n|switch|p1a: Rillaboom|Rillaboom, M|100\/100|[from]move: U-turn\n|-fieldstart|move: Grassy Terrain|[from] ability: Grassy Surge|[of] p1a: Rillaboom\n|\n|-heal|p2a: landorustherian|49\/100|[from] item: Leftovers\n|upkeep\n|turn|47\n|\n|t:|1662416530\n|switch|p2a: Weavile|Weavile, M|34\/100\n|-ability|p2a: Weavile|Pressure\n|move|p1a: Rillaboom|Grassy Glide|p2a: Weavile\n|-damage|p2a: Weavile|0 fnt\n|faint|p2a: Weavile\n|\n|upkeep\n|\n|t:|1662416530\n|switch|p2a: landorustherian|Landorus-Therian, M|49\/100\n|-ability|p2a: landorustherian|Intimidate|boost\n|-unboost|p1a: Rillaboom|atk|1\n|turn|48\n|\n|t:|1662416532\n|switch|p1a: Corviknight|Corviknight, F|86\/100\n|-ability|p1a: Corviknight|Pressure\n|move|p2a: landorustherian|U-turn|p1a: Corviknight\n|-resisted|p1a: Corviknight\n|-damage|p1a: Corviknight|82\/100\n|\n|t:|1662416532\n|switch|p2a: rotomwash|Rotom-Wash|76\/100|[from]move: U-turn\n|\n|-heal|p2a: rotomwash|82\/100|[from] item: Leftovers\n|upkeep\n|turn|49\n|\n|t:|1662416533\n|move|p2a: rotomwash|Thunderbolt|p1a: Corviknight\n|-supereffective|p1a: Corviknight\n|-damage|p1a: Corviknight|20\/100\n|-status|p1a: Corviknight|par\n|move|p1a: Corviknight|U-turn|p2a: rotomwash\n|-damage|p2a: rotomwash|67\/100\n|\n|t:|1662416535\n|switch|p1a: Rillaboom|Rillaboom, M|100\/100|[from]move: U-turn\n|\n|-heal|p2a: rotomwash|74\/100|[from] item: Leftovers\n|upkeep\n|turn|50\n|\n|t:|1662416536\n|switch|p2a: landorustherian|Landorus-Therian, M|49\/100\n|-ability|p2a: landorustherian|Intimidate|boost\n|-unboost|p1a: Rillaboom|atk|1\n|move|p1a: Rillaboom|Grassy Glide|p2a: landorustherian\n|-damage|p2a: landorustherian|15\/100\n|\n|-heal|p2a: landorustherian|21\/100|[from] item: Leftovers\n|-fieldend|move: Grassy Terrain\n|upkeep\n|turn|51\n|\n|t:|1662416538\n|switch|p1a: Slowking|Slowking-Galar, M|99\/100\n|move|p2a: landorustherian|U-turn|p1a: Slowking\n|-damage|p1a: Slowking|76\/100\n|\n|t:|1662416538\n|switch|p2a: rotomwash|Rotom-Wash|74\/100|[from]move: U-turn\n|\n|-heal|p2a: rotomwash|80\/100|[from] item: Leftovers\n|upkeep\n|turn|52\n|\n|t:|1662416541\n|move|p2a: rotomwash|Pain Split|p1a: Slowking\n|-sethp|p1a: Slowking|69\/100|[from] move: Pain Split|[silent]\n|-sethp|p2a: rotomwash|89\/100|[from] move: Pain Split\n|move|p1a: Slowking|Sludge Bomb|p2a: rotomwash\n|-damage|p2a: rotomwash|52\/100\n|\n|-heal|p2a: rotomwash|58\/100|[from] item: Leftovers\n|upkeep\n|turn|53\n|\n|t:|1662416542\n|move|p2a: rotomwash|Thunderbolt|p1a: Slowking\n|-damage|p1a: Slowking|46\/100\n|move|p1a: Slowking|Future Sight|p2a: rotomwash\n|-start|p1a: Slowking|move: Future Sight\n|\n|-heal|p2a: rotomwash|65\/100|[from] item: Leftovers\n|upkeep\n|turn|54\n|\n|t:|1662416543\n|move|p2a: rotomwash|Thunderbolt|p1a: Slowking\n|-damage|p1a: Slowking|24\/100\n|move|p1a: Slowking|Sludge Bomb|p2a: rotomwash\n|-damage|p2a: rotomwash|26\/100\n|\n|-heal|p2a: rotomwash|32\/100|[from] item: Leftovers\n|upkeep\n|turn|55\n|\n|t:|1662416546\n|move|p2a: rotomwash|Thunderbolt|p1a: Slowking\n|-damage|p1a: Slowking|3\/100\n|move|p1a: Slowking|Sludge Bomb|p2a: rotomwash\n|-damage|p2a: rotomwash|0 fnt\n|faint|p2a: rotomwash\n|\n|-hint|Future Sight did not hit because the target is fainted.\n|upkeep\n|\n|t:|1662416546\n|switch|p2a: landorustherian|Landorus-Therian, M|21\/100\n|-ability|p2a: landorustherian|Intimidate|boost\n|-unboost|p1a: Slowking|atk|1\n|turn|56\n|\n|t:|1662416548\n|move|p2a: landorustherian|U-turn|p1a: Slowking\n|-damage|p1a: Slowking|0 fnt\n|faint|p1a: Slowking\n|\n|-heal|p2a: landorustherian|27\/100|[from] item: Leftovers\n|upkeep\n|\n|t:|1662416550\n|switch|p1a: Urshifu|Urshifu-Rapid-Strike, M|51\/100\n|turn|57\n|\n|t:|1662416551\n|move|p1a: Urshifu|Aqua Jet|p2a: landorustherian\n|-supereffective|p2a: landorustherian\n|-damage|p2a: landorustherian|0 fnt\n|faint|p2a: landorustherian\n|\n|win|himynametay\n|raw|himynametay's rating: 1591 &rarr; <strong>1609<\/strong><br \/>(+18 for winning)\n|raw|minimax_ai's rating: 1555 &rarr; <strong>1537<\/strong><br \/>(-18 for losing)\n|c|\u2606minimax_ai|gg\n|l|\u2606minimax_ai\n||Ladder isn't responding, score probably updated but might not have (Request timeout).\n","uploadtime":1662416552,"views":11,"p1id":"himynametay","p2id":"minimaxai","formatid":"gen8ou","rating":1537,"private":0,"password":null}