{"id":"gen8bdsplc-1562546025","p1":"Laroxyl","p2":"F i l l e","format":"gen8bdsplc","log":"|j|\u2606Laroxyl\n|j|\u2606F i l l e\n|t:|1651073486\n|gametype|singles\n|player|p1|Laroxyl|#scl1spartans|\n|player|p2|F i l l e|#scl1breakers|\n|teamsize|p1|6\n|teamsize|p2|6\n|gen|8\n|tier|[Gen 8 BDSP] LC\n|rule|Sleep Clause Mod: Limit one foe put to sleep\n|rule|Species Clause: Limit one of each Pok\u00e9mon\n|rule|OHKO Clause: OHKO moves are banned\n|rule|Evasion Moves Clause: Evasion moves are banned\n|rule|Endless Battle Clause: Forcing endless battles is banned\n|rule|HP Percentage Mod: HP is shown in percentages\n|clearpoke\n|poke|p1|Omanyte, L5, M|\n|poke|p1|Taillow, L5, F|\n|poke|p1|Carvanha, L5, F|\n|poke|p1|Abra, L5, F|\n|poke|p1|Gastly, L5, M|\n|poke|p1|Machop, L5, M|\n|poke|p2|Munchlax, L5, M|\n|poke|p2|Drifloon, L5, F|\n|poke|p2|Abra, L5, F|\n|poke|p2|Onix, L5, F|\n|poke|p2|Croagunk, L5, F|\n|poke|p2|Trapinch, L5, M|\n|teampreview\n|c|\u2606F i l l e|hf bro\n|c|\u2606Laroxyl|hf bro\n|j|+Mihowk\n|j| glock in my toyota\n|j| mitskipilled\n|j|+lalaya\n|j| dex\n|j| spheelchair\n|c|+lalaya|both are my goats who do i root for...\n|c|+lalaya|:spheal:\n|c| spheelchair|spheal gang rise up\n|c|+lalaya|SPHEAL GANG RISE UP\n|c| glock in my toyota|ANY SPHEALERS?\n|j| FailureGirl\n|c| FailureGirl|:spheal:\n|c| mitskipilled|ANY SPHEALERS IN CHAT??\n|\n|t:|1651073619\n|start\n|switch|p1a: Omanyte|Omanyte, L5, M|100\/100\n|switch|p2a: Onix|Onix, L5, F|100\/100\n|turn|1\n|\n|t:|1651073633\n|move|p2a: Onix|Earthquake|p1a: Omanyte\n|-supereffective|p1a: Omanyte\n|-enditem|p1a: Omanyte|Focus Sash\n|-damage|p1a: Omanyte|5\/100\n|-ability|p1a: Omanyte|Weak Armor|boost\n|-unboost|p1a: Omanyte|def|1\n|-boost|p1a: Omanyte|spe|2\n|move|p1a: Omanyte|Knock Off|p2a: Onix\n|-damage|p2a: Onix|80\/100\n|-enditem|p2a: Onix|Berry Juice|[from] move: Knock Off|[of] p1a: Omanyte\n|\n|upkeep\n|turn|2\n|\n|t:|1651073644\n|switch|p2a: Croagunk|Croagunk, L5, F|100\/100\n|move|p1a: Omanyte|Stealth Rock|p2a: Croagunk\n|-sidestart|p2: F i l l e|move: Stealth Rock\n|\n|upkeep\n|turn|3\n|j|+Tuthur\n|j| Masiraa\n|\n|t:|1651073674\n|switch|p1a: Gastly|Gastly, L5, M|100\/100\n|move|p2a: Croagunk|Vacuum Wave|p1a: Gastly\n|-immune|p1a: Gastly\n|\n|upkeep\n|turn|4\n|\n|t:|1651073691\n|switch|p1a: Machop|Machop, L5, M|100\/100\n|switch|p2a: Munchlax|Munchlax, L5, M|100\/100\n|-damage|p2a: Munchlax|90\/100|[from] Stealth Rock\n|\n|upkeep\n|turn|5\n|\n|t:|1651073707\n|switch|p2a: Onix|Onix, L5, F|80\/100\n|-damage|p2a: Onix|75\/100|[from] Stealth Rock\n|move|p1a: Machop|Substitute|p1a: Machop\n|-start|p1a: Machop|Substitute\n|-damage|p1a: Machop|75\/100\n|\n|upkeep\n|turn|6\n|l| mitskipilled\n|\n|t:|1651073737\n|move|p2a: Onix|Earthquake|p1a: Machop\n|-end|p1a: Machop|Substitute\n|move|p1a: Machop|Dynamic Punch|p2a: Onix\n|-supereffective|p2a: Onix\n|-damage|p2a: Onix|0 fnt\n|faint|p2a: Onix\n|\n|upkeep\n|\n|t:|1651073741\n|switch|p2a: Abra|Abra, L5, F|100\/100\n|turn|7\n|j| Micaiah\n|\n|t:|1651073760\n|switch|p1a: Omanyte|Omanyte, L5, M|5\/100\n|move|p2a: Abra|Psychic|p1a: Omanyte\n|-damage|p1a: Omanyte|0 fnt\n|faint|p1a: Omanyte\n|\n|upkeep\n|\n|t:|1651073767\n|switch|p1a: Abra|Abra, L5, F|100\/100\n|turn|8\n|\n|t:|1651073776\n|switch|p2a: Trapinch|Trapinch, L5, M|100\/100\n|-damage|p2a: Trapinch|96\/100|[from] Stealth Rock\n|move|p1a: Abra|Knock Off|p2a: Trapinch\n|-damage|p2a: Trapinch|78\/100\n|-enditem|p2a: Trapinch|Berry Juice|[from] move: Knock Off|[of] p1a: Abra\n|\n|upkeep\n|turn|9\n|\n|t:|1651073809\n|move|p2a: Trapinch|Feint|p1a: Abra\n|-damage|p1a: Abra|74\/100\n|move|p1a: Abra|Energy Ball|p2a: Trapinch\n|-supereffective|p2a: Trapinch\n|-damage|p2a: Trapinch|0 fnt\n|faint|p2a: Trapinch\n|\n|upkeep\n|\n|t:|1651073826\n|switch|p2a: Drifloon|Drifloon, L5, F|100\/100\n|-damage|p2a: Drifloon|77\/100|[from] Stealth Rock\n|turn|10\n|\n|t:|1651073900\n|move|p1a: Abra|Knock Off|p2a: Drifloon\n|-supereffective|p2a: Drifloon\n|-damage|p2a: Drifloon|39\/100\n|-enditem|p2a: Drifloon|Berry Juice|[from] move: Knock Off|[of] p1a: Abra\n|move|p2a: Drifloon|Substitute|p2a: Drifloon\n|-start|p2a: Drifloon|Substitute\n|-damage|p2a: Drifloon|16\/100\n|\n|upkeep\n|turn|11\n|l| FailureGirl\n|j| FailureGirl\n|j|+roxiee\n|l| FailureGirl\n|inactive|Battle timer is ON: inactive players will automatically lose when time's up. (requested by F i l l e)\n|j| Heysup\n|j| FailureGirl\n|l| FailureGirl\n|inactive|Laroxyl has 270 seconds left.\n|\n|t:|1651073991\n|move|p2a: Drifloon|Hex|p1a: Abra\n|-supereffective|p1a: Abra\n|-damage|p1a: Abra|0 fnt\n|faint|p1a: Abra\n|\n|upkeep\n|\n|t:|1651074013\n|switch|p1a: Taillow|Taillow, L5, F|100\/100\n|turn|12\n|l| Masiraa\n|\n|t:|1651074026\n|switch|p2a: Munchlax|Munchlax, L5, M|90\/100\n|-damage|p2a: Munchlax|80\/100|[from] Stealth Rock\n|move|p1a: Taillow|Brave Bird|p2a: Munchlax\n|-damage|p2a: Munchlax|27\/100\n|-enditem|p2a: Munchlax|Berry Juice\n|-heal|p2a: Munchlax|94\/100|[from] item: Berry Juice\n|-damage|p1a: Taillow|77\/100|[from] Recoil\n|\n|-status|p1a: Taillow|brn|[from] item: Flame Orb\n|upkeep\n|turn|13\n|l| Heysup\n|\n|t:|1651074044\n|move|p1a: Taillow|U-turn|p2a: Munchlax\n|-damage|p2a: Munchlax|67\/100\n|\n|t:|1651074047\n|switch|p1a: Machop|Machop, L5, M|75\/100|[from]move: U-turn\n|move|p2a: Munchlax|Ice Beam|p1a: Machop\n|-damage|p1a: Machop|46\/100\n|-enditem|p1a: Machop|Berry Juice\n|-heal|p1a: Machop|100\/100|[from] item: Berry Juice\n|\n|-item|p2a: Munchlax|Berry Juice|[from] ability: Pickup\n|upkeep\n|turn|14\n|\n|t:|1651074061\n|move|p1a: Machop|Substitute|p1a: Machop\n|-start|p1a: Machop|Substitute\n|-damage|p1a: Machop|75\/100\n|move|p2a: Munchlax|Facade|p1a: Machop\n|-end|p1a: Machop|Substitute\n|\n|upkeep\n|turn|15\n|\n|t:|1651074067\n|switch|p2a: Drifloon|Drifloon, L5, F|16\/100\n|-damage|p2a: Drifloon|0 fnt|[from] Stealth Rock\n|faint|p2a: Drifloon\n|move|p1a: Machop|Substitute|p1a: Machop\n|-start|p1a: Machop|Substitute\n|-damage|p1a: Machop|50\/100\n|\n|upkeep\n|\n|t:|1651074075\n|switch|p2a: Croagunk|Croagunk, L5, F|100\/100\n|-damage|p2a: Croagunk|96\/100|[from] Stealth Rock\n|turn|16\n|\n|t:|1651074086\n|move|p1a: Machop|Dynamic Punch|p2a: Croagunk\n|-resisted|p2a: Croagunk\n|-damage|p2a: Croagunk|55\/100\n|-start|p2a: Croagunk|confusion\n|-activate|p2a: Croagunk|confusion\n|move|p2a: Croagunk|Shadow Ball|p1a: Machop\n|-end|p1a: Machop|Substitute\n|\n|upkeep\n|turn|17\n|j| Masiraa\n|j| FailureGirl\n|inactive|Laroxyl has 270 seconds left.\n|inactive|Laroxyl has 240 seconds left.\n|l| dex\n|inactive|Laroxyl has 210 seconds left.\n|\n|t:|1651074197\n|-end|p2a: Croagunk|confusion\n|move|p2a: Croagunk|Focus Blast|p1a: Machop\n|-damage|p1a: Machop|0 fnt\n|faint|p1a: Machop\n|\n|upkeep\n|l| FailureGirl\n|j| FailureGirl\n|inactive|Laroxyl has 180 seconds left.\n|c|\u2606F i l l e|glad I'm not getting punished for shitty earlygames\n|inactive|Laroxyl has 150 seconds left.\n|\n|t:|1651074254\n|switch|p1a: Gastly|Gastly, L5, M|100\/100\n|turn|18\n|\n|t:|1651074260\n|switch|p2a: Munchlax|Munchlax, L5, M|67\/100\n|-damage|p2a: Munchlax|57\/100|[from] Stealth Rock\n|move|p1a: Gastly|Substitute|p1a: Gastly\n|-start|p1a: Gastly|Substitute\n|-damage|p1a: Gastly|79\/100\n|\n|upkeep\n|turn|19\n|j|+mammalu\n|inactive|Laroxyl has 150 seconds left.\n|\n|t:|1651074279\n|move|p1a: Gastly|Sludge Bomb|p2a: Munchlax\n|-damage|p2a: Munchlax|14\/100\n|-status|p2a: Munchlax|psn\n|-enditem|p2a: Munchlax|Berry Juice\n|-heal|p2a: Munchlax|80\/100 psn|[from] item: Berry Juice\n|-damage|p1a: Gastly|74\/100|[from] item: Life Orb\n|move|p2a: Munchlax|Ice Beam|p1a: Gastly\n|-crit|p1a: Gastly\n|-end|p1a: Gastly|Substitute\n|\n|-damage|p2a: Munchlax|70\/100 psn|[from] psn\n|upkeep\n|turn|20\n|inactive|Laroxyl has 150 seconds left.\n|j| Toy Time King\n|j| paolode99\n|inactive|Laroxyl has 120 seconds left.\n|\n|t:|1651074321\n|move|p1a: Gastly|Substitute|p1a: Gastly\n|-start|p1a: Gastly|Substitute\n|-damage|p1a: Gastly|53\/100\n|move|p2a: Munchlax|Recycle|p2a: Munchlax\n|-item|p2a: Munchlax|Berry Juice|[from] move: Recycle\n|\n|-damage|p2a: Munchlax|60\/100 psn|[from] psn\n|upkeep\n|turn|21\n|inactive|Laroxyl has 120 seconds left.\n|l| paolode99\n|j| paolode99\n|inactive|Laroxyl has 90 seconds left.\n|\n|t:|1651074364\n|move|p1a: Gastly|Sludge Bomb|p2a: Munchlax\n|-damage|p2a: Munchlax|7\/100 psn\n|-enditem|p2a: Munchlax|Berry Juice\n|-heal|p2a: Munchlax|74\/100 psn|[from] item: Berry Juice\n|-damage|p1a: Gastly|48\/100|[from] item: Life Orb\n|move|p2a: Munchlax|Ice Beam|p1a: Gastly\n|-end|p1a: Gastly|Substitute\n|\n|-damage|p2a: Munchlax|64\/100 psn|[from] psn\n|upkeep\n|turn|22\n|inactive|Laroxyl has 90 seconds left.\n|j| dex\n|l| FailureGirl\n|\n|t:|1651074403\n|switch|p1a: Carvanha|Carvanha, L5, F|100\/100\n|move|p2a: Munchlax|Recycle|p2a: Munchlax\n|-item|p2a: Munchlax|Berry Juice|[from] move: Recycle\n|\n|-damage|p2a: Munchlax|54\/100 psn|[from] psn\n|upkeep\n|turn|23\n|inactive|F i l l e has 270 seconds left.\n|inactive|Laroxyl has 60 seconds left.\n|j| FailureGirl\n|inactive|F i l l e has 240 seconds left.\n|inactive|F i l l e has 210 seconds left.\n|\n|t:|1651074499\n|switch|p1a: Gastly|Gastly, L5, M|48\/100\n|move|p2a: Munchlax|Ice Beam|p1a: Gastly\n|-damage|p1a: Gastly|16\/100\n|\n|-damage|p2a: Munchlax|44\/100 psn|[from] psn\n|upkeep\n|-enditem|p2a: Munchlax|Berry Juice\n|-heal|p2a: Munchlax|100\/100 psn|[from] item: Berry Juice\n|turn|24\n|c| spheelchair|:sphealwithit:\n|inactive|Laroxyl has 30 seconds left.\n|\n|t:|1651074528\n|move|p1a: Gastly|Sludge Bomb|p2a: Munchlax\n|-damage|p2a: Munchlax|57\/100 psn\n|-damage|p1a: Gastly|11\/100|[from] item: Life Orb\n|move|p2a: Munchlax|Ice Beam|p1a: Gastly\n|-damage|p1a: Gastly|0 fnt\n|faint|p1a: Gastly\n|\n|-damage|p2a: Munchlax|47\/100 psn|[from] psn\n|upkeep\n|inactive|Laroxyl has 30 seconds left.\n|c|+mammalu|they se me rollin'\n|c|+mammalu|they hatin'\n|inactive|Laroxyl has 20 seconds left.\n|\n|t:|1651074547\n|switch|p1a: Taillow|Taillow, L5, F|77\/100 brn\n|turn|25\n|inactive|Laroxyl has 30 seconds left this turn.\n|\n|t:|1651074552\n|move|p1a: Taillow|Facade|p2a: Munchlax\n|-damage|p2a: Munchlax|0 fnt\n|faint|p2a: Munchlax\n|\n|-damage|p1a: Taillow|72\/100 brn|[from] brn\n|upkeep\n|inactive|Laroxyl has 30 seconds left this turn.\n|inactive|F i l l e has 210 seconds left.\n|l| Masiraa\n|j| Masiraa\n|inactive|F i l l e has 180 seconds left.\n|l| FailureGirl\n|j| clean cuts\n|\n|t:|1651074623\n|switch|p2a: Abra|Abra, L5, F|100\/100\n|turn|26\n|j| FailureGirl\n|inactive|Laroxyl has 30 seconds left.\n|inactive|F i l l e has 150 seconds left.\n|inactive|Laroxyl has 20 seconds left.\n|\n|t:|1651074659\n|move|p2a: Abra|Psychic|p1a: Taillow\n|-damage|p1a: Taillow|0 fnt\n|faint|p1a: Taillow\n|\n|upkeep\n|inactive|Laroxyl has 25 seconds left this turn.\n|c|\u2606F i l l e|gg\n|c|\u2606Laroxyl|Rip tie\n|inactive|Laroxyl has 20 seconds left.\n|c|\u2606Laroxyl|gg\n|\n|t:|1651074667\n|switch|p1a: Carvanha|Carvanha, L5, F|100\/100\n|turn|27\n|inactive|Laroxyl has 30 seconds left this turn.\n|j| NULAysb\n|c|\u2606F i l l e|vac ohkos carv\n|c|\u2606F i l l e|ftr\n|c|+lalaya|tbh eball won that there too ig\n|c|\u2606F i l l e|after 1 LO recoil\n|c|\u2606F i l l e|and no\n|c|\u2606Laroxyl|Turn + qa\n|c|\u2606F i l l e|it was a 5050 for me to psychic or knock\n|inactive|F i l l e has 120 seconds left.\n|c| NULAysb|BDSPPL?\n|c|+lalaya|dont you chip bird and just\n|c|\u2606F i l l e|or psychic eball\n|c|\u2606F i l l e|ig\n|c|+lalaya|vacuum tf\n|c|+lalaya|yea\n|c|+lalaya|thats what i meant\n|c|\u2606F i l l e|actually nah knock\n|c|\u2606F i l l e|woulda been bad\n|c|\u2606F i l l e|eball or psychic\n|inactive|F i l l e has 90 seconds left.\n|\n|t:|1651074724\n|move|p1a: Carvanha|Protect|p1a: Carvanha\n|-singleturn|p1a: Carvanha|Protect\n|move|p2a: Abra|Energy Ball|p1a: Carvanha\n|-activate|p1a: Carvanha|move: Protect\n|\n|-ability|p1a: Carvanha|Speed Boost|boost\n|-boost|p1a: Carvanha|spe|1\n|upkeep\n|turn|28\n|c|+lalaya|idk if knock did it\n|\n|t:|1651074730\n|move|p1a: Carvanha|Waterfall|p2a: Abra\n|-enditem|p2a: Abra|Focus Sash\n|-damage|p2a: Abra|6\/100\n|-damage|p1a: Carvanha|95\/100|[from] item: Life Orb\n|move|p2a: Abra|Encore|p1a: Carvanha\n|-start|p1a: Carvanha|Encore\n|\n|-ability|p1a: Carvanha|Speed Boost|boost\n|-boost|p1a: Carvanha|spe|1\n|upkeep\n|turn|29\n|\n|t:|1651074737\n|switch|p2a: Croagunk|Croagunk, L5, F|55\/100\n|-damage|p2a: Croagunk|50\/100|[from] Stealth Rock\n|-enditem|p2a: Croagunk|Berry Juice\n|-heal|p2a: Croagunk|100\/100|[from] item: Berry Juice\n|move|p1a: Carvanha|Waterfall|p2a: Croagunk\n|-immune|p2a: Croagunk|[from] ability: Dry Skin\n|\n|-ability|p1a: Carvanha|Speed Boost|boost\n|-boost|p1a: Carvanha|spe|1\n|upkeep\n|turn|30\n|c|\u2606F i l l e|knock woulda been awkward\n|\n|t:|1651074745\n|move|p1a: Carvanha|Waterfall|p2a: Croagunk\n|-immune|p2a: Croagunk|[from] ability: Dry Skin\n|move|p2a: Croagunk|Focus Blast|p1a: Carvanha\n|-supereffective|p1a: Carvanha\n|-damage|p1a: Carvanha|0 fnt\n|faint|p1a: Carvanha\n|\n|win|F i l l e\n|l| dex\n|c|+lalaya|SPHEAL MOMENT\n","uploadtime":1651074753,"views":566,"p1id":"laroxyl","p2id":"fille","formatid":"gen8bdsplc","rating":0,"private":0,"password":null}