{"id":"gen8ru-1547063143","p1":"Bannedbyweek2","p2":"YaBoiBigT","format":"gen8ru","log":"|j|\u2606Bannedbyweek2\n|j|\u2606YaBoiBigT\n|inactive|Battle timer is ON: inactive players will automatically lose when time's up.\n|t:|1649217133\n|gametype|singles\n|player|p1|Bannedbyweek2|unknown|\n|player|p2|YaBoiBigT|170|\n|teamsize|p1|6\n|teamsize|p2|6\n|gen|8\n|tier|[Gen 8] RU\n|rated|Tournament battle\n|rule|Sleep Clause Mod: Limit one foe put to sleep\n|rule|Species Clause: Limit one of each Pok\u00e9mon\n|rule|OHKO Clause: OHKO moves are banned\n|rule|Evasion Moves Clause: Evasion moves are banned\n|rule|Endless Battle Clause: Forcing endless battles is banned\n|rule|HP Percentage Mod: HP is shown in percentages\n|rule|Dynamax Clause: You cannot dynamax\n|clearpoke\n|poke|p1|Weezing-Galar, M|\n|poke|p1|Quagsire, F|\n|poke|p1|Mimikyu, M|\n|poke|p1|Tsareena, F|\n|poke|p1|Registeel|\n|poke|p1|Reuniclus, F|\n|poke|p2|Ninjask, F|\n|poke|p2|Suicune|\n|poke|p2|Togekiss, F|\n|poke|p2|Flygon, F|\n|poke|p2|Chandelure, F|\n|poke|p2|Bronzong|\n|teampreview\n|j|*Lady Monita \u273f\n|\n|t:|1649217156\n|start\n|switch|p1a: Registeel|Registeel|100\/100\n|switch|p2a: Ninjask|Ninjask, F|100\/100\n|turn|1\n|l|\u2606YaBoiBigT\n|inactive|YaBoiBigT disconnected and has a minute to reconnect!\n|player|p2|\n|j|\u2606YaBoiBigT\n|inactive|YaBoiBigT reconnected and has 125 seconds left.\n|player|p2|YaBoiBigT|170\n|inactive|YaBoiBigT has 120 seconds left.\n|\n|t:|1649217188\n|move|p2a: Ninjask|U-turn|p1a: Registeel\n|-resisted|p1a: Registeel\n|-damage|p1a: Registeel|91\/100\n|inactive|YaBoiBigT has 120 seconds left.\n|\n|t:|1649217194\n|switch|p2a: Bronzong|Bronzong|100\/100|[from]move: U-turn\n|move|p1a: Registeel|Stealth Rock|p2a: Bronzong\n|-sidestart|p2: YaBoiBigT|move: Stealth Rock\n|\n|-heal|p1a: Registeel|97\/100|[from] item: Leftovers\n|upkeep\n|turn|2\n|inactive|Bannedbyweek2 has 120 seconds left.\n|j| joey milktank\n|\n|t:|1649217236\n|switch|p1a: Weezing|Weezing-Galar, M|100\/100\n|-ability|p1a: Weezing|Neutralizing Gas\n|move|p2a: Bronzong|Stealth Rock|p1a: Weezing\n|-sidestart|p1: Bannedbyweek2|move: Stealth Rock\n|\n|upkeep\n|turn|3\n|\n|t:|1649217243\n|move|p1a: Weezing|Toxic Spikes|p2a: Bronzong\n|-sidestart|p2: YaBoiBigT|move: Toxic Spikes\n|move|p2a: Bronzong|Heavy Slam|p1a: Weezing\n|-supereffective|p1a: Weezing\n|-damage|p1a: Weezing|53\/100\n|\n|-heal|p1a: Weezing|59\/100|[from] item: Black Sludge\n|upkeep\n|turn|4\n|\n|t:|1649217249\n|switch|p2a: Togekiss|Togekiss, F|100\/100\n|move|p1a: Weezing|Toxic Spikes|p2a: Togekiss\n|-sidestart|p2: YaBoiBigT|move: Toxic Spikes\n|\n|-heal|p1a: Weezing|65\/100|[from] item: Black Sludge\n|upkeep\n|turn|5\n|\n|t:|1649217253\n|move|p2a: Togekiss|Defog|p1a: Weezing\n|-unboost|p1a: Weezing|evasion|1\n|-sideend|p1: Bannedbyweek2|Stealth Rock|[from] move: Defog|[of] p2a: Togekiss\n|-sideend|p2: YaBoiBigT|Toxic Spikes|[from] move: Defog|[of] p2a: Togekiss\n|-sideend|p2: YaBoiBigT|Stealth Rock|[from] move: Defog|[of] p2a: Togekiss\n|move|p1a: Weezing|Sludge Bomb|p2a: Togekiss\n|-supereffective|p2a: Togekiss\n|-damage|p2a: Togekiss|66\/100\n|-status|p2a: Togekiss|psn\n|\n|-heal|p1a: Weezing|71\/100|[from] item: Black Sludge\n|-damage|p2a: Togekiss|54\/100 psn|[from] psn\n|upkeep\n|turn|6\n|\n|t:|1649217261\n|move|p2a: Togekiss|Air Slash|p1a: Weezing\n|-damage|p1a: Weezing|33\/100\n|move|p1a: Weezing|Toxic Spikes|p2a: Togekiss\n|-sidestart|p2: YaBoiBigT|move: Toxic Spikes\n|\n|-heal|p1a: Weezing|39\/100|[from] item: Black Sludge\n|-damage|p2a: Togekiss|42\/100 psn|[from] psn\n|upkeep\n|turn|7\n|\n|t:|1649217267\n|move|p2a: Togekiss|Air Slash|p1a: Weezing\n|-damage|p1a: Weezing|0 fnt\n|faint|p1a: Weezing\n|-end|p1a: Weezing|ability: Neutralizing Gas\n|\n|-damage|p2a: Togekiss|29\/100 psn|[from] psn\n|upkeep\n|\n|t:|1649217276\n|switch|p1a: Mimikyu|Mimikyu, M|100\/100\n|turn|8\n|\n|t:|1649217283\n|switch|p2a: Ninjask|Ninjask, F|100\/100\n|move|p1a: Mimikyu|Shadow Claw|p2a: Ninjask\n|-damage|p2a: Ninjask|17\/100\n|-damage|p1a: Mimikyu|91\/100|[from] item: Life Orb\n|\n|upkeep\n|turn|9\n|\n|t:|1649217297\n|switch|p2a: Flygon|Flygon, F|100\/100\n|move|p1a: Mimikyu|Shadow Sneak|p2a: Flygon\n|-damage|p2a: Flygon|73\/100\n|-damage|p1a: Mimikyu|81\/100|[from] item: Life Orb\n|\n|upkeep\n|turn|10\n|\n|t:|1649217307\n|switch|p1a: Quagsire|Quagsire, F|100\/100\n|move|p2a: Flygon|Earthquake|p1a: Quagsire\n|-damage|p1a: Quagsire|70\/100\n|\n|-heal|p1a: Quagsire|76\/100|[from] item: Leftovers\n|upkeep\n|turn|11\n|\n|t:|1649217312\n|switch|p2a: Bronzong|Bronzong|100\/100\n|move|p1a: Quagsire|Scald|p2a: Bronzong\n|-damage|p2a: Bronzong|87\/100\n|\n|-heal|p2a: Bronzong|93\/100|[from] item: Leftovers\n|-heal|p1a: Quagsire|82\/100|[from] item: Leftovers\n|upkeep\n|turn|12\n|\n|t:|1649217315\n|switch|p1a: Registeel|Registeel|97\/100\n|move|p2a: Bronzong|Toxic|p1a: Registeel\n|-immune|p1a: Registeel\n|\n|-heal|p1a: Registeel|100\/100|[from] item: Leftovers\n|-heal|p2a: Bronzong|99\/100|[from] item: Leftovers\n|upkeep\n|turn|13\n|\n|t:|1649217317\n|move|p1a: Registeel|Stealth Rock|p2a: Bronzong\n|-sidestart|p2: YaBoiBigT|move: Stealth Rock\n|move|p2a: Bronzong|Stealth Rock|p1a: Registeel\n|-sidestart|p1: Bannedbyweek2|move: Stealth Rock\n|\n|-heal|p2a: Bronzong|100\/100|[from] item: Leftovers\n|upkeep\n|turn|14\n|\n|t:|1649217320\n|move|p1a: Registeel|Heavy Slam|p2a: Bronzong\n|-resisted|p2a: Bronzong\n|-damage|p2a: Bronzong|96\/100\n|move|p2a: Bronzong|Earthquake|p1a: Registeel\n|-supereffective|p1a: Registeel\n|-damage|p1a: Registeel|72\/100\n|\n|-heal|p1a: Registeel|79\/100|[from] item: Leftovers\n|-heal|p2a: Bronzong|100\/100|[from] item: Leftovers\n|upkeep\n|turn|15\n|\n|t:|1649217327\n|move|p1a: Registeel|Protect|p1a: Registeel\n|-singleturn|p1a: Registeel|Protect\n|move|p2a: Bronzong|Earthquake|p1a: Registeel\n|-activate|p1a: Registeel|move: Protect\n|\n|-heal|p1a: Registeel|85\/100|[from] item: Leftovers\n|upkeep\n|turn|16\n|\n|t:|1649217332\n|switch|p1a: Tsareena|Tsareena, F, shiny|100\/100\n|move|p2a: Bronzong|Earthquake|p1a: Tsareena\n|-resisted|p1a: Tsareena\n|-damage|p1a: Tsareena|87\/100\n|\n|upkeep\n|turn|17\n|\n|t:|1649217335\n|move|p1a: Tsareena|Knock Off|p2a: Bronzong\n|-supereffective|p2a: Bronzong\n|-damage|p2a: Bronzong|35\/100\n|-enditem|p2a: Bronzong|Leftovers|[from] move: Knock Off|[of] p1a: Tsareena\n|move|p2a: Bronzong|Toxic|p1a: Tsareena\n|-status|p1a: Tsareena|tox\n|\n|-damage|p1a: Tsareena|81\/100 tox|[from] psn\n|upkeep\n|turn|18\n|\n|t:|1649217343\n|move|p1a: Tsareena|Rapid Spin|p2a: Bronzong\n|-resisted|p2a: Bronzong\n|-damage|p2a: Bronzong|27\/100\n|-boost|p1a: Tsareena|spe|1\n|-sideend|p1: Bannedbyweek2|Stealth Rock|[from] move: Rapid Spin|[of] p1a: Tsareena\n|move|p2a: Bronzong|Heavy Slam|p1a: Tsareena\n|-damage|p1a: Tsareena|38\/100 tox\n|\n|-damage|p1a: Tsareena|26\/100 tox|[from] psn\n|upkeep\n|turn|19\n|\n|t:|1649217347\n|move|p1a: Tsareena|Knock Off|p2a: Bronzong\n|-supereffective|p2a: Bronzong\n|-damage|p2a: Bronzong|0 fnt\n|faint|p2a: Bronzong\n|\n|-damage|p1a: Tsareena|8\/100 tox|[from] psn\n|upkeep\n|\n|t:|1649217351\n|switch|p2a: Flygon|Flygon, F|73\/100\n|-damage|p2a: Flygon|67\/100|[from] Stealth Rock\n|turn|20\n|\n|t:|1649217361\n|switch|p1a: Quagsire|Quagsire, F|82\/100\n|move|p2a: Flygon|Earthquake|p1a: Quagsire\n|-damage|p1a: Quagsire|49\/100\n|\n|-heal|p1a: Quagsire|55\/100|[from] item: Leftovers\n|upkeep\n|turn|21\n|\n|t:|1649217363\n|move|p2a: Flygon|Earthquake|p1a: Quagsire\n|-damage|p1a: Quagsire|25\/100\n|move|p1a: Quagsire|Recover|p1a: Quagsire\n|-heal|p1a: Quagsire|75\/100\n|\n|-heal|p1a: Quagsire|81\/100|[from] item: Leftovers\n|upkeep\n|turn|22\n|\n|t:|1649217367\n|switch|p2a: Togekiss|Togekiss, F|29\/100 psn\n|move|p1a: Quagsire|Toxic||[still]\n|-fail|p1a: Quagsire\n|\n|-heal|p1a: Quagsire|87\/100|[from] item: Leftovers\n|-damage|p2a: Togekiss|17\/100 psn|[from] psn\n|upkeep\n|turn|23\n|\n|t:|1649217371\n|switch|p1a: Registeel|Registeel|85\/100\n|move|p2a: Togekiss|Defog|p1a: Registeel\n|-fail|p1a: Registeel|unboost|[from] ability: Clear Body|[of] p1a: Registeel\n|-sideend|p2: YaBoiBigT|Toxic Spikes|[from] move: Defog|[of] p2a: Togekiss\n|-sideend|p2: YaBoiBigT|Stealth Rock|[from] move: Defog|[of] p2a: Togekiss\n|\n|-heal|p1a: Registeel|91\/100|[from] item: Leftovers\n|-damage|p2a: Togekiss|5\/100 psn|[from] psn\n|upkeep\n|turn|24\n|\n|t:|1649217375\n|move|p2a: Togekiss|Thunder Wave|p1a: Registeel\n|-status|p1a: Registeel|par\n|cant|p1a: Registeel|par\n|\n|-heal|p1a: Registeel|97\/100 par|[from] item: Leftovers\n|-damage|p2a: Togekiss|0 fnt|[from] psn\n|faint|p2a: Togekiss\n|upkeep\n|\n|t:|1649217387\n|switch|p2a: Suicune|Suicune|100\/100\n|-ability|p2a: Suicune|Pressure\n|turn|25\n|\n|t:|1649217390\n|move|p2a: Suicune|Substitute|p2a: Suicune\n|-start|p2a: Suicune|Substitute\n|-damage|p2a: Suicune|75\/100\n|move|p1a: Registeel|Toxic||[still]\n|-fail|p1a: Registeel\n|\n|-heal|p2a: Suicune|82\/100|[from] item: Leftovers\n|-heal|p1a: Registeel|100\/100 par|[from] item: Leftovers\n|upkeep\n|turn|26\n|\n|t:|1649217393\n|move|p2a: Suicune|Calm Mind|p2a: Suicune\n|-boost|p2a: Suicune|spa|1\n|-boost|p2a: Suicune|spd|1\n|cant|p1a: Registeel|par\n|\n|-heal|p2a: Suicune|88\/100|[from] item: Leftovers\n|upkeep\n|turn|27\n|\n|t:|1649217396\n|move|p2a: Suicune|Calm Mind|p2a: Suicune\n|-boost|p2a: Suicune|spa|1\n|-boost|p2a: Suicune|spd|1\n|cant|p1a: Registeel|par\n|\n|-heal|p2a: Suicune|94\/100|[from] item: Leftovers\n|upkeep\n|turn|28\n|\n|t:|1649217398\n|move|p2a: Suicune|Scald|p1a: Registeel\n|-damage|p1a: Registeel|75\/100 par\n|move|p1a: Registeel|Stealth Rock|p2a: Suicune\n|-sidestart|p2: YaBoiBigT|move: Stealth Rock\n|\n|-heal|p2a: Suicune|99\/100|[from] item: Leftovers\n|-heal|p1a: Registeel|81\/100 par|[from] item: Leftovers\n|upkeep\n|turn|29\n|\n|t:|1649217403\n|switch|p1a: Reuniclus|Reuniclus, F|100\/100\n|move|p2a: Suicune|Calm Mind|p2a: Suicune\n|-boost|p2a: Suicune|spa|1\n|-boost|p2a: Suicune|spd|1\n|\n|-heal|p2a: Suicune|100\/100|[from] item: Leftovers\n|upkeep\n|turn|30\n|\n|t:|1649217406\n|move|p2a: Suicune|Scald|p1a: Reuniclus\n|-damage|p1a: Reuniclus|72\/100\n|move|p1a: Reuniclus|Future Sight|p2a: Suicune\n|-start|p1a: Reuniclus|move: Future Sight\n|\n|upkeep\n|turn|31\n|\n|t:|1649217410\n|move|p2a: Suicune|Scald|p1a: Reuniclus\n|-damage|p1a: Reuniclus|44\/100\n|-status|p1a: Reuniclus|brn\n|move|p1a: Reuniclus|Psyshock|p2a: Suicune\n|-end|p2a: Suicune|Substitute\n|\n|-damage|p1a: Reuniclus|38\/100 brn|[from] brn\n|upkeep\n|turn|32\n|\n|t:|1649217420\n|switch|p1a: Quagsire|Quagsire, F|87\/100\n|move|p2a: Suicune|Calm Mind|p2a: Suicune\n|-boost|p2a: Suicune|spa|1\n|-boost|p2a: Suicune|spd|1\n|\n|-end|p2a: Suicune|move: Future Sight\n|-damage|p2a: Suicune|86\/100\n|-heal|p2a: Suicune|92\/100|[from] item: Leftovers\n|-heal|p1a: Quagsire|93\/100|[from] item: Leftovers\n|upkeep\n|turn|33\n|\n|t:|1649217423\n|move|p2a: Suicune|Scald|p1a: Quagsire\n|-damage|p1a: Quagsire|64\/100\n|-status|p1a: Quagsire|brn\n|move|p1a: Quagsire|Earthquake|p2a: Suicune\n|-damage|p2a: Suicune|81\/100\n|\n|-heal|p2a: Suicune|87\/100|[from] item: Leftovers\n|-heal|p1a: Quagsire|70\/100 brn|[from] item: Leftovers\n|-damage|p1a: Quagsire|64\/100 brn|[from] brn\n|upkeep\n|turn|34\n|\n|t:|1649217425\n|move|p2a: Suicune|Substitute|p2a: Suicune\n|-start|p2a: Suicune|Substitute\n|-damage|p2a: Suicune|62\/100\n|move|p1a: Quagsire|Recover|p1a: Quagsire\n|-heal|p1a: Quagsire|100\/100 brn\n|\n|-heal|p2a: Suicune|68\/100|[from] item: Leftovers\n|-damage|p1a: Quagsire|94\/100 brn|[from] brn\n|upkeep\n|turn|35\n|\n|t:|1649217432\n|switch|p1a: Reuniclus|Reuniclus, F|71\/100 brn\n|move|p2a: Suicune|Scald|p1a: Reuniclus\n|-damage|p1a: Reuniclus|33\/100 brn\n|\n|-heal|p2a: Suicune|75\/100|[from] item: Leftovers\n|-damage|p1a: Reuniclus|27\/100 brn|[from] brn\n|upkeep\n|turn|36\n|\n|t:|1649217434\n|switch|p1a: Quagsire|Quagsire, F|94\/100 brn\n|move|p2a: Suicune|Scald|p1a: Quagsire\n|-crit|p1a: Quagsire\n|-damage|p1a: Quagsire|52\/100 brn\n|\n|-heal|p2a: Suicune|81\/100|[from] item: Leftovers\n|-heal|p1a: Quagsire|58\/100 brn|[from] item: Leftovers\n|-damage|p1a: Quagsire|52\/100 brn|[from] brn\n|upkeep\n|turn|37\n|\n|t:|1649217439\n|move|p2a: Suicune|Scald|p1a: Quagsire\n|-damage|p1a: Quagsire|21\/100 brn\n|move|p1a: Quagsire|Recover|p1a: Quagsire\n|-heal|p1a: Quagsire|71\/100 brn\n|\n|-heal|p2a: Suicune|87\/100|[from] item: Leftovers\n|-heal|p1a: Quagsire|77\/100 brn|[from] item: Leftovers\n|-damage|p1a: Quagsire|71\/100 brn|[from] brn\n|upkeep\n|turn|38\n|\n|t:|1649217442\n|move|p2a: Suicune|Protect|p2a: Suicune\n|-singleturn|p2a: Suicune|Protect\n|move|p1a: Quagsire|Recover|p1a: Quagsire\n|-heal|p1a: Quagsire|100\/100 brn\n|\n|-heal|p2a: Suicune|93\/100|[from] item: Leftovers\n|-damage|p1a: Quagsire|94\/100 brn|[from] brn\n|upkeep\n|turn|39\n|\n|t:|1649217452\n|switch|p1a: Registeel|Registeel|81\/100 par\n|move|p2a: Suicune|Calm Mind|p2a: Suicune\n|-boost|p2a: Suicune|spa|1\n|-boost|p2a: Suicune|spd|1\n|\n|-heal|p2a: Suicune|99\/100|[from] item: Leftovers\n|-heal|p1a: Registeel|87\/100 par|[from] item: Leftovers\n|upkeep\n|turn|40\n|\n|t:|1649217455\n|move|p1a: Registeel|Protect|p1a: Registeel\n|-singleturn|p1a: Registeel|Protect\n|move|p2a: Suicune|Calm Mind|p2a: Suicune\n|-boost|p2a: Suicune|spa|1\n|-boost|p2a: Suicune|spd|1\n|\n|-heal|p2a: Suicune|100\/100|[from] item: Leftovers\n|-heal|p1a: Registeel|93\/100 par|[from] item: Leftovers\n|upkeep\n|turn|41\n|\n|t:|1649217459\n|move|p2a: Suicune|Scald|p1a: Registeel\n|-damage|p1a: Registeel|39\/100 par\n|move|p1a: Registeel|Heavy Slam|p2a: Suicune\n|-resisted|p2a: Suicune\n|-activate|p2a: Suicune|move: Substitute|[damage]\n|\n|-heal|p1a: Registeel|45\/100 par|[from] item: Leftovers\n|upkeep\n|turn|42\n|\n|t:|1649217464\n|switch|p1a: Quagsire|Quagsire, F|94\/100 brn\n|move|p2a: Suicune|Scald|p1a: Quagsire\n|-damage|p1a: Quagsire|64\/100 brn\n|\n|-heal|p1a: Quagsire|70\/100 brn|[from] item: Leftovers\n|-damage|p1a: Quagsire|64\/100 brn|[from] brn\n|upkeep\n|turn|43\n|\n|t:|1649217468\n|switch|p2a: Chandelure|Chandelure, F|100\/100\n|move|p1a: Quagsire|Recover|p1a: Quagsire\n|-heal|p1a: Quagsire|100\/100 brn\n|\n|-damage|p1a: Quagsire|94\/100 brn|[from] brn\n|upkeep\n|turn|44\n|\n|t:|1649217495\n|switch|p1a: Tsareena|Tsareena, F, shiny|8\/100 tox\n|move|p2a: Chandelure|Energy Ball|p1a: Tsareena\n|-resisted|p1a: Tsareena\n|-damage|p1a: Tsareena|0 fnt\n|faint|p1a: Tsareena\n|\n|upkeep\n|\n|t:|1649217497\n|switch|p1a: Mimikyu|Mimikyu, M|81\/100\n|turn|45\n|\n|t:|1649217503\n|switch|p2a: Ninjask|Ninjask, F|17\/100\n|-damage|p2a: Ninjask|0 fnt|[from] Stealth Rock\n|faint|p2a: Ninjask\n|move|p1a: Mimikyu|Swords Dance|p1a: Mimikyu\n|-boost|p1a: Mimikyu|atk|2\n|\n|upkeep\n|\n|t:|1649217507\n|switch|p2a: Flygon|Flygon, F|67\/100\n|-damage|p2a: Flygon|61\/100|[from] Stealth Rock\n|turn|46\n|\n|t:|1649217522\n|move|p2a: Flygon|U-turn|p1a: Mimikyu\n|-activate|p1a: Mimikyu|ability: Disguise\n|-damage|p1a: Mimikyu|81\/100\n|detailschange|p1a: Mimikyu|Mimikyu-Busted, M\n|-damage|p1a: Mimikyu|68\/100|[from] pokemon: Mimikyu-Busted\n|\n|t:|1649217524\n|switch|p2a: Suicune|Suicune|100\/100|[from]move: U-turn\n|-damage|p2a: Suicune|88\/100|[from] Stealth Rock\n|-ability|p2a: Suicune|Pressure\n|move|p1a: Mimikyu|Swords Dance|p1a: Mimikyu\n|-boost|p1a: Mimikyu|atk|2\n|\n|-heal|p2a: Suicune|94\/100|[from] item: Leftovers\n|upkeep\n|turn|47\n|\n|t:|1649217528\n|move|p1a: Mimikyu|Play Rough|p2a: Suicune\n|-damage|p2a: Suicune|0 fnt\n|faint|p2a: Suicune\n|-damage|p1a: Mimikyu|58\/100|[from] item: Life Orb\n|\n|upkeep\n|\n|t:|1649217532\n|switch|p2a: Flygon|Flygon, F|61\/100\n|-damage|p2a: Flygon|55\/100|[from] Stealth Rock\n|turn|48\n|\n|t:|1649217536\n|move|p1a: Mimikyu|Shadow Sneak|p2a: Flygon\n|-damage|p2a: Flygon|0 fnt\n|faint|p2a: Flygon\n|-damage|p1a: Mimikyu|48\/100|[from] item: Life Orb\n|\n|upkeep\n|\n|t:|1649217538\n|switch|p2a: Chandelure|Chandelure, F|100\/100\n|turn|49\n|\n|t:|1649217549\n|move|p1a: Mimikyu|Shadow Sneak|p2a: Chandelure\n|-supereffective|p2a: Chandelure\n|-crit|p2a: Chandelure\n|-damage|p2a: Chandelure|0 fnt\n|faint|p2a: Chandelure\n|-damage|p1a: Mimikyu|38\/100|[from] item: Life Orb\n|\n|win|Bannedbyweek2\n|n|\u2606Bannedbyweek2|bannedbyweek2\n|n|*Lady Monita \u273f|ladymonita\n|n|\u2606YaBoiBigT|yaboibigt\n|n| joey milktank|joeymilktank\n|l|*Lady Monita \u273f\n|l|\u2606YaBoiBigT\n","uploadtime":1649217559,"views":25,"p1id":"bannedbyweek2","p2id":"yaboibigt","formatid":"gen8ru","rating":0,"private":0,"password":null}