{"id":"gen8ou-1433860039","p1":"LT82ZW Guatemala","p2":"cows123p","format":"gen8ou","log":"|j|\u2606LT82ZW Guatemala\n|j|\u2606cows123p\n|t:|1634026837\n|gametype|singles\n|player|p1|LT82ZW Guatemala|266|1761\n|player|p2|cows123p|265|1811\n|teamsize|p1|6\n|teamsize|p2|6\n|gen|8\n|tier|[Gen 8] OU\n|rated|\n|rule|Sleep Clause Mod: Limit one foe put to sleep\n|rule|Species Clause: Limit one of each Pok\u00e9mon\n|rule|OHKO Clause: OHKO moves are banned\n|rule|Evasion Moves Clause: Evasion moves are banned\n|rule|Endless Battle Clause: Forcing endless battles is banned\n|rule|HP Percentage Mod: HP is shown in percentages\n|rule|Dynamax Clause: You cannot dynamax\n|clearpoke\n|poke|p1|Volcanion|\n|poke|p1|Torkoal, M|\n|poke|p1|Venusaur, M|\n|poke|p1|Garchomp, M|\n|poke|p1|Scizor, F|\n|poke|p1|Tornadus-Therian, M|\n|poke|p2|Diggersby, F|\n|poke|p2|Tapu Lele|\n|poke|p2|Ribombee, F|\n|poke|p2|Gyarados, F|\n|poke|p2|Heatran, M|\n|poke|p2|Kartana|\n|teampreview\n|j| xMagic247\n|\n|t:|1634026852\n|start\n|switch|p1a: Torkoal|Torkoal, M|100\/100\n|switch|p2a: Diggersby|Diggersby, F|100\/100\n|-weather|SunnyDay|[from] ability: Drought|[of] p1a: Torkoal\n|turn|1\n|j| cangyue\n|\n|t:|1634026858\n|move|p2a: Diggersby|Body Slam|p1a: Torkoal\n|-damage|p1a: Torkoal|60\/100\n|-status|p1a: Torkoal|par\n|move|p1a: Torkoal|Body Press|p2a: Diggersby\n|-supereffective|p2a: Diggersby\n|-damage|p2a: Diggersby|5\/100\n|\n|-weather|SunnyDay|[upkeep]\n|upkeep\n|turn|2\n|l| cangyue\n|\n|t:|1634026868\n|switch|p1a: Garchomp|Garchomp, M|100\/100\n|move|p2a: Diggersby|Body Slam|p1a: Garchomp\n|-damage|p1a: Garchomp|25\/100\n|-damage|p2a: Diggersby|0 fnt|[from] ability: Rough Skin|[of] p1a: Garchomp\n|faint|p2a: Diggersby\n|\n|-weather|SunnyDay|[upkeep]\n|upkeep\n|j| Mynameissuhas\n|j| BonkFace\n|\n|t:|1634026878\n|switch|p2a: Kartana|Kartana|100\/100\n|turn|3\n|\n|t:|1634026886\n|move|p2a: Kartana|Knock Off|p1a: Garchomp\n|-damage|p1a: Garchomp|0 fnt\n|-damage|p2a: Kartana|88\/100|[from] ability: Rough Skin|[of] p1a: Garchomp\n|-enditem|p1a: Garchomp|Yache Berry|[from] move: Knock Off|[of] p2a: Kartana\n|faint|p1a: Garchomp\n|-ability|p2a: Kartana|Beast Boost|boost\n|-boost|p2a: Kartana|atk|1\n|\n|-weather|SunnyDay|[upkeep]\n|upkeep\n|l| Mynameissuhas\n|\n|t:|1634026889\n|switch|p1a: Venusaur|Venusaur, M|100\/100\n|turn|4\n|\n|t:|1634026896\n|switch|p2a: Heatran|Heatran, M|100\/100\n|move|p1a: Venusaur|Earth Power|p2a: Heatran\n|-supereffective|p2a: Heatran\n|-damage|p2a: Heatran|0 fnt\n|faint|p2a: Heatran\n|-damage|p1a: Venusaur|91\/100|[from] item: Life Orb\n|\n|-weather|SunnyDay|[upkeep]\n|upkeep\n|\n|t:|1634026906\n|switch|p2a: Ribombee|Ribombee, F|100\/100\n|turn|5\n|\n|t:|1634026913\n|move|p1a: Venusaur|Growth|p1a: Venusaur\n|-boost|p1a: Venusaur|atk|2\n|-boost|p1a: Venusaur|spa|2\n|move|p2a: Ribombee|Sticky Web|p1a: Venusaur\n|-sidestart|p1: LT82ZW Guatemala|move: Sticky Web\n|\n|-weather|SunnyDay|[upkeep]\n|upkeep\n|turn|6\n|\n|t:|1634026922\n|move|p1a: Venusaur|Giga Drain|p2a: Ribombee\n|-resisted|p2a: Ribombee\n|-damage|p2a: Ribombee|15\/100\n|-heal|p1a: Venusaur|100\/100|[from] drain|[of] p2a: Ribombee\n|-damage|p1a: Venusaur|91\/100|[from] item: Life Orb\n|move|p2a: Ribombee|Moonblast|p1a: Venusaur\n|-resisted|p1a: Venusaur\n|-damage|p1a: Venusaur|70\/100\n|\n|-weather|SunnyDay|[upkeep]\n|upkeep\n|turn|7\n|\n|t:|1634026931\n|move|p1a: Venusaur|Giga Drain|p2a: Ribombee\n|-resisted|p2a: Ribombee\n|-damage|p2a: Ribombee|0 fnt\n|-heal|p1a: Venusaur|76\/100|[from] drain|[of] p2a: Ribombee\n|faint|p2a: Ribombee\n|-damage|p1a: Venusaur|66\/100|[from] item: Life Orb\n|\n|-weather|SunnyDay|[upkeep]\n|upkeep\n|\n|t:|1634026942\n|switch|p2a: Kartana|Kartana|88\/100\n|turn|8\n|\n|t:|1634026945\n|move|p2a: Kartana|Knock Off|p1a: Venusaur\n|-damage|p1a: Venusaur|4\/100\n|-enditem|p1a: Venusaur|Life Orb|[from] move: Knock Off|[of] p2a: Kartana\n|move|p1a: Venusaur|Weather Ball|p2a: Kartana\n|-supereffective|p2a: Kartana\n|-damage|p2a: Kartana|0 fnt\n|faint|p2a: Kartana\n|\n|-weather|none\n|upkeep\n|\n|t:|1634026956\n|switch|p2a: Tapu Lele|Tapu Lele|100\/100\n|-fieldstart|move: Psychic Terrain|[from] ability: Psychic Surge|[of] p2a: Tapu Lele\n|turn|9\n|\n|t:|1634026962\n|move|p2a: Tapu Lele|Psychic|p1a: Venusaur\n|-supereffective|p1a: Venusaur\n|-damage|p1a: Venusaur|0 fnt\n|faint|p1a: Venusaur\n|\n|upkeep\n|\n|t:|1634026965\n|switch|p1a: Scizor|Scizor, F|100\/100\n|turn|10\n|\n|t:|1634026968\n|move|p2a: Tapu Lele|Psychic|p1a: Scizor\n|-resisted|p1a: Scizor\n|-crit|p1a: Scizor\n|-damage|p1a: Scizor|43\/100\n|move|p1a: Scizor|U-turn|p2a: Tapu Lele\n|-damage|p2a: Tapu Lele|51\/100\n|\n|t:|1634026974\n|switch|p1a: Tornadus|Tornadus-Therian, M|100\/100|[from]move: U-turn\n|\n|upkeep\n|turn|11\n|\n|t:|1634026978\n|move|p1a: Tornadus|U-turn|p2a: Tapu Lele\n|-damage|p2a: Tapu Lele|28\/100\n|\n|t:|1634026984\n|switch|p1a: Torkoal|Torkoal, M|60\/100 par|[from]move: U-turn\n|-activate|p1a: Torkoal|move: Sticky Web\n|-unboost|p1a: Torkoal|spe|1\n|-weather|SunnyDay|[from] ability: Drought|[of] p1a: Torkoal\n|move|p2a: Tapu Lele|Psychic|p1a: Torkoal\n|-damage|p1a: Torkoal|0 fnt\n|faint|p1a: Torkoal\n|\n|-weather|SunnyDay|[upkeep]\n|upkeep\n|\n|t:|1634026991\n|switch|p1a: Scizor|Scizor, F|43\/100\n|turn|12\n|\n|t:|1634026996\n|move|p2a: Tapu Lele|Psychic|p1a: Scizor\n|-resisted|p1a: Scizor\n|-damage|p1a: Scizor|2\/100\n|move|p1a: Scizor|U-turn|p2a: Tapu Lele\n|-damage|p2a: Tapu Lele|0 fnt\n|faint|p2a: Tapu Lele\n|\n|t:|1634027000\n|switch|p1a: Volcanion|Volcanion|100\/100|[from]move: U-turn\n|-activate|p1a: Volcanion|move: Sticky Web\n|-unboost|p1a: Volcanion|spe|1\n|\n|-weather|SunnyDay|[upkeep]\n|upkeep\n|\n|t:|1634027005\n|switch|p2a: Gyarados|Gyarados, F|100\/100\n|turn|13\n|\n|t:|1634027009\n|move|p2a: Gyarados|Dragon Dance|p2a: Gyarados\n|-boost|p2a: Gyarados|atk|1\n|-boost|p2a: Gyarados|spe|1\n|move|p1a: Volcanion|Fire Blast|p2a: Gyarados\n|-resisted|p2a: Gyarados\n|-damage|p2a: Gyarados|33\/100\n|\n|-weather|SunnyDay|[upkeep]\n|-fieldend|move: Psychic Terrain\n|upkeep\n|turn|14\n|\n|t:|1634027017\n|switch|p1a: Tornadus|Tornadus-Therian, M|100\/100\n|move|p2a: Gyarados|Earthquake|p1a: Tornadus\n|-immune|p1a: Tornadus\n|\n|-weather|SunnyDay|[upkeep]\n|upkeep\n|turn|15\n|\n|t:|1634027023\n|move|p2a: Gyarados|Stone Edge|p1a: Tornadus|[miss]\n|-miss|p2a: Gyarados|p1a: Tornadus\n|move|p1a: Tornadus|Knock Off|p2a: Gyarados\n|-damage|p2a: Gyarados|7\/100\n|-enditem|p2a: Gyarados|Heavy-Duty Boots|[from] move: Knock Off|[of] p1a: Tornadus\n|\n|-weather|SunnyDay|[upkeep]\n|upkeep\n|turn|16\n|\n|t:|1634027030\n|move|p2a: Gyarados|Stone Edge|p1a: Tornadus\n|-supereffective|p1a: Tornadus\n|-crit|p1a: Tornadus\n|-damage|p1a: Tornadus|0 fnt\n|faint|p1a: Tornadus\n|-ability|p2a: Gyarados|Moxie|boost\n|-boost|p2a: Gyarados|atk|1\n|\n|-weather|SunnyDay|[upkeep]\n|upkeep\n|\n|t:|1634027036\n|switch|p1a: Scizor|Scizor, F|2\/100\n|turn|17\n|\n|t:|1634027041\n|move|p1a: Scizor|Bullet Punch|p2a: Gyarados\n|-resisted|p2a: Gyarados\n|-damage|p2a: Gyarados|0 fnt\n|faint|p2a: Gyarados\n|\n|win|LT82ZW Guatemala\n|raw|LT82ZW Guatemala's rating: 1761 &rarr; <strong>1784<\/strong><br \/>(+23 for winning)\n|raw|cows123p's rating: 1811 &rarr; <strong>1788<\/strong><br \/>(-23 for losing)\n|l| xMagic247\n|l|\u2606cows123p\n","uploadtime":1634027046,"views":30,"p1id":"lt82zwguatemala","p2id":"cows123p","formatid":"gen8ou","rating":1784,"private":0,"password":null}