{"id":"gen8nationaldexag-1658296877","p1":"Rediyu","p2":"nudelpferd","format":"gen8nationaldexag","log":"|j|\u2606Rediyu\n|j|\u2606nudelpferd\n|t:|1662556010\n|gametype|singles\n|player|p1|Rediyu|guitarist|\n|player|p2|nudelpferd|crasherwake|\n|teamsize|p1|6\n|teamsize|p2|6\n|gen|8\n|tier|[Gen 8] National Dex AG\n|rule|HP Percentage Mod: HP is shown in percentages\n|rule|Endless Battle Clause: Forcing endless battles is banned\n|clearpoke\n|poke|p1|Spectrier|\n|poke|p1|Donphan, M|\n|poke|p1|Sylveon, F|\n|poke|p1|Absol, F|\n|poke|p1|Shaymin|\n|poke|p1|Registeel|\n|poke|p2|Gengar, M|\n|poke|p2|Klefki, M|\n|poke|p2|Machamp, M|\n|poke|p2|Ferrothorn, M|\n|poke|p2|Sableye, M|\n|poke|p2|Shiftry, F|\n|teampreview\n|c|\u2606Rediyu|gl hf\n|\n|t:|1662556093\n|start\n|switch|p1a: Ground Dumbo|Donphan, M|100\/100\n|switch|p2a: Globoli|Shiftry, F|100\/100\n|turn|1\n|\n|t:|1662556100\n|switch|p1a: Fairy Eve|Sylveon, F|100\/100\n|move|p2a: Globoli|Knock Off|p1a: Fairy Eve\n|-resisted|p1a: Fairy Eve\n|-crit|p1a: Fairy Eve\n|-damage|p1a: Fairy Eve|75\/100\n|-enditem|p1a: Fairy Eve|Babiri Berry|[from] move: Knock Off|[of] p2a: Globoli\n|\n|upkeep\n|turn|2\n|\n|t:|1662556118\n|move|p2a: Globoli|Leech Seed|p1a: Fairy Eve\n|-start|p1a: Fairy Eve|move: Leech Seed\n|move|p1a: Fairy Eve|Mystical Fire|p2a: Globoli\n|-supereffective|p2a: Globoli\n|-damage|p2a: Globoli|44\/100\n|-unboost|p2a: Globoli|spa|1\n|\n|-damage|p1a: Fairy Eve|63\/100|[from] Leech Seed|[of] p2a: Globoli\n|-heal|p2a: Globoli|60\/100|[silent]\n|upkeep\n|turn|3\n|\n|t:|1662556138\n|switch|p2a: Cortison|Gengar, M|100\/100\n|move|p1a: Fairy Eve|Hyper Voice|p2a: Cortison\n|-resisted|p2a: Cortison\n|-damage|p2a: Cortison|71\/100\n|\n|-damage|p1a: Fairy Eve|50\/100|[from] Leech Seed|[of] p2a: Cortison\n|-heal|p2a: Cortison|86\/100|[silent]\n|upkeep\n|turn|4\n|\n|t:|1662556159\n|switch|p1a: Ground Dumbo|Donphan, M|100\/100\n|move|p2a: Cortison|Shadow Ball|p1a: Ground Dumbo\n|-damage|p1a: Ground Dumbo|59\/100\n|-unboost|p1a: Ground Dumbo|spd|1\n|\n|upkeep\n|turn|5\n|\n|t:|1662556166\n|switch|p1a: Dark Chaos|Absol, F|100\/100\n|move|p2a: Cortison|Shadow Ball|p1a: Dark Chaos\n|-resisted|p1a: Dark Chaos\n|-damage|p1a: Dark Chaos|57\/100\n|-unboost|p1a: Dark Chaos|spd|1\n|\n|upkeep\n|turn|6\n|\n|t:|1662556174\n|switch|p2a: Ibuprofen|Klefki, M|100\/100\n|detailschange|p1a: Dark Chaos|Absol-Mega, F\n|-mega|p1a: Dark Chaos|Absol|Absolite\n|move|p1a: Dark Chaos|Knock Off|p2a: Ibuprofen\n|-resisted|p2a: Ibuprofen\n|-damage|p2a: Ibuprofen|78\/100\n|-enditem|p2a: Ibuprofen|Light Clay|[from] move: Knock Off|[of] p1a: Dark Chaos\n|\n|upkeep\n|turn|7\n|\n|t:|1662556186\n|switch|p1a: Ground Dumbo|Donphan, M|59\/100\n|move|p2a: Ibuprofen|Thunder Wave|p1a: Ground Dumbo\n|-immune|p1a: Ground Dumbo\n|\n|upkeep\n|turn|8\n|\n|t:|1662556193\n|move|p2a: Ibuprofen|Reflect|p2a: Ibuprofen\n|-sidestart|p2: nudelpferd|Reflect\n|move|p1a: Ground Dumbo|Earthquake|p2a: Ibuprofen\n|-supereffective|p2a: Ibuprofen\n|-damage|p2a: Ibuprofen|34\/100\n|\n|upkeep\n|turn|9\n|\n|t:|1662556210\n|switch|p2a: Globoli|Shiftry, F|60\/100\n|move|p1a: Ground Dumbo|Knock Off|p2a: Globoli\n|-resisted|p2a: Globoli\n|-damage|p2a: Globoli|47\/100\n|-enditem|p2a: Globoli|Tanga Berry|[from] move: Knock Off|[of] p1a: Ground Dumbo\n|-enditem|p1a: Ground Dumbo|Assault Vest|[silent]|[from] ability: Pickpocket|[of] p1a: Ground Dumbo\n|-item|p2a: Globoli|Assault Vest|[from] ability: Pickpocket|[of] p1a: Ground Dumbo\n|\n|upkeep\n|turn|10\n|\n|t:|1662556223\n|switch|p1a: Grass Igel|Shaymin|100\/100\n|move|p2a: Globoli|Knock Off|p1a: Grass Igel\n|-damage|p1a: Grass Igel|75\/100\n|\n|upkeep\n|turn|11\n|\n|t:|1662556233\n|switch|p2a: Cortison|Gengar, M|86\/100\n|move|p1a: Grass Igel|Seed Flare|p2a: Cortison\n|-resisted|p2a: Cortison\n|-damage|p2a: Cortison|52\/100\n|\n|upkeep\n|turn|12\n|\n|t:|1662556247\n|switch|p1a: Ground Dumbo|Donphan, M|59\/100\n|move|p2a: Cortison|Shadow Ball|p1a: Ground Dumbo\n|-damage|p1a: Ground Dumbo|0 fnt\n|faint|p1a: Ground Dumbo\n|\n|-sideend|p2: nudelpferd|Reflect\n|upkeep\n|\n|t:|1662556249\n|switch|p1a: Dark Chaos|Absol-Mega, F|57\/100\n|turn|13\n|\n|t:|1662556260\n|switch|p2a: Ibuprofen|Klefki, M|34\/100\n|move|p1a: Dark Chaos|Swords Dance|p1a: Dark Chaos\n|-boost|p1a: Dark Chaos|atk|2\n|\n|upkeep\n|turn|14\n|\n|t:|1662556267\n|move|p2a: Ibuprofen|Reflect|p2a: Ibuprofen\n|-sidestart|p2: nudelpferd|Reflect\n|move|p1a: Dark Chaos|Knock Off|p2a: Ibuprofen\n|-resisted|p2a: Ibuprofen\n|-damage|p2a: Ibuprofen|18\/100\n|\n|upkeep\n|turn|15\n|\n|t:|1662556274\n|move|p2a: Ibuprofen|Thunder Wave|p1a: Dark Chaos\n|move|p1a: Dark Chaos|Thunder Wave|p2a: Ibuprofen|[from]ability: Magic Bounce\n|-status|p2a: Ibuprofen|par\n|move|p1a: Dark Chaos|Knock Off|p2a: Ibuprofen\n|-resisted|p2a: Ibuprofen\n|-damage|p2a: Ibuprofen|2\/100 par\n|\n|upkeep\n|turn|16\n|\n|t:|1662556285\n|move|p2a: Ibuprofen|Light Screen|p2a: Ibuprofen\n|-sidestart|p2: nudelpferd|move: Light Screen\n|move|p1a: Dark Chaos|Knock Off|p2a: Ibuprofen\n|-resisted|p2a: Ibuprofen\n|-damage|p2a: Ibuprofen|0 fnt\n|faint|p2a: Ibuprofen\n|\n|upkeep\n|\n|t:|1662556295\n|switch|p2a: Morphium|Machamp, M, shiny|100\/100\n|turn|17\n|\n|t:|1662556304\n|move|p2a: Morphium|Bullet Punch|p1a: Dark Chaos\n|-damage|p1a: Dark Chaos|25\/100\n|move|p1a: Dark Chaos|Play Rough|p2a: Morphium\n|-supereffective|p2a: Morphium\n|-damage|p2a: Morphium|10\/100\n|\n|-status|p2a: Morphium|brn|[from] item: Flame Orb\n|upkeep\n|turn|18\n|\n|t:|1662556313\n|move|p1a: Dark Chaos|Sucker Punch|p2a: Morphium\n|-resisted|p2a: Morphium\n|-crit|p2a: Morphium\n|-damage|p2a: Morphium|0 fnt\n|faint|p2a: Morphium\n|\n|-sideend|p2: nudelpferd|Reflect\n|upkeep\n|\n|t:|1662556363\n|switch|p2a: Z\u00e4pfchen|Ferrothorn, M, shiny|100\/100\n|turn|19\n|\n|t:|1662556384\n|switch|p1a: Grass Igel|Shaymin|75\/100\n|move|p2a: Z\u00e4pfchen|Leech Seed|p1a: Grass Igel\n|-immune|p1a: Grass Igel\n|\n|upkeep\n|turn|20\n|\n|t:|1662556393\n|move|p1a: Grass Igel|Earth Power|p2a: Z\u00e4pfchen\n|-damage|p2a: Z\u00e4pfchen|89\/100\n|move|p2a: Z\u00e4pfchen|Toxic|p1a: Grass Igel\n|-status|p1a: Grass Igel|tox\n|\n|-heal|p2a: Z\u00e4pfchen|95\/100|[from] item: Leftovers\n|-damage|p1a: Grass Igel|69\/100 tox|[from] psn\n|-sideend|p2: nudelpferd|move: Light Screen\n|upkeep\n|turn|21\n|\n|t:|1662556413\n|-curestatus|p1a: Grass Igel|tox|[from] ability: Natural Cure\n|switch|p1a: Steel Regi|Registeel|100\/100\n|move|p2a: Z\u00e4pfchen|Body Press|p1a: Steel Regi\n|-supereffective|p1a: Steel Regi\n|-damage|p1a: Steel Regi|59\/100\n|\n|-heal|p1a: Steel Regi|65\/100|[from] item: Leftovers\n|-heal|p2a: Z\u00e4pfchen|100\/100|[from] item: Leftovers\n|upkeep\n|turn|22\n|\n|t:|1662556424\n|move|p1a: Steel Regi|Curse|p1a: Steel Regi\n|-unboost|p1a: Steel Regi|spe|1\n|-boost|p1a: Steel Regi|atk|1\n|-boost|p1a: Steel Regi|def|1\n|move|p2a: Z\u00e4pfchen|Leech Seed|p1a: Steel Regi\n|-start|p1a: Steel Regi|move: Leech Seed\n|\n|-heal|p1a: Steel Regi|71\/100|[from] item: Leftovers\n|-damage|p1a: Steel Regi|59\/100|[from] Leech Seed|[of] p2a: Z\u00e4pfchen\n|upkeep\n|turn|23\n|\n|t:|1662556434\n|move|p1a: Steel Regi|Body Press|p2a: Z\u00e4pfchen\n|-supereffective|p2a: Z\u00e4pfchen\n|-damage|p2a: Z\u00e4pfchen|55\/100\n|-damage|p1a: Steel Regi|47\/100|[from] ability: Iron Barbs|[of] p2a: Z\u00e4pfchen\n|move|p2a: Z\u00e4pfchen|Body Press|p1a: Steel Regi\n|-supereffective|p1a: Steel Regi\n|-damage|p1a: Steel Regi|17\/100\n|\n|-heal|p1a: Steel Regi|23\/100|[from] item: Leftovers\n|-heal|p2a: Z\u00e4pfchen|61\/100|[from] item: Leftovers\n|-damage|p1a: Steel Regi|11\/100|[from] Leech Seed|[of] p2a: Z\u00e4pfchen\n|-heal|p2a: Z\u00e4pfchen|74\/100|[silent]\n|upkeep\n|turn|24\n|\n|t:|1662556447\n|move|p1a: Steel Regi|Iron Head|p2a: Z\u00e4pfchen\n|-resisted|p2a: Z\u00e4pfchen\n|-damage|p2a: Z\u00e4pfchen|65\/100\n|-damage|p1a: Steel Regi|0 fnt|[from] ability: Iron Barbs|[of] p2a: Z\u00e4pfchen\n|faint|p1a: Steel Regi\n|cant|p2a: Z\u00e4pfchen|flinch\n|\n|-heal|p2a: Z\u00e4pfchen|71\/100|[from] item: Leftovers\n|upkeep\n|\n|t:|1662556450\n|switch|p1a: Ghost Ponny|Spectrier|100\/100\n|turn|25\n|\n|t:|1662556466\n|switch|p2a: Globoli|Shiftry, F|47\/100\n|move|p1a: Ghost Ponny|Shadow Ball|p2a: Globoli\n|-resisted|p2a: Globoli\n|-damage|p2a: Globoli|11\/100\n|\n|upkeep\n|turn|26\n|\n|t:|1662556473\n|move|p1a: Ghost Ponny|Shadow Ball|p2a: Globoli\n|-resisted|p2a: Globoli\n|-damage|p2a: Globoli|0 fnt\n|faint|p2a: Globoli\n|-ability|p1a: Ghost Ponny|Grim Neigh|boost\n|-boost|p1a: Ghost Ponny|spa|1\n|\n|upkeep\n|\n|t:|1662556487\n|switch|p2a: Cortison|Gengar, M|52\/100\n|turn|27\n|\n|t:|1662556518\n|move|p2a: Cortison|Shadow Ball|p1a: Ghost Ponny\n|-supereffective|p1a: Ghost Ponny\n|-damage|p1a: Ghost Ponny|0 fnt\n|faint|p1a: Ghost Ponny\n|\n|upkeep\n|\n|t:|1662556530\n|switch|p1a: Grass Igel|Shaymin|69\/100\n|turn|28\n|\n|t:|1662556543\n|switch|p2a: Hustensaft|Sableye, M|100\/100\n|move|p1a: Grass Igel|Earth Power|p2a: Hustensaft\n|-damage|p2a: Hustensaft|75\/100\n|\n|upkeep\n|turn|29\n|\n|t:|1662556557\n|detailschange|p2a: Hustensaft|Sableye-Mega, M\n|-mega|p2a: Hustensaft|Sableye|Sablenite\n|move|p1a: Grass Igel|Seed Flare|p2a: Hustensaft\n|-damage|p2a: Hustensaft|35\/100\n|move|p2a: Hustensaft|Fire Punch|p1a: Grass Igel\n|-supereffective|p1a: Grass Igel\n|-damage|p1a: Grass Igel|43\/100\n|\n|upkeep\n|turn|30\n|\n|t:|1662556566\n|move|p1a: Grass Igel|Synthesis|p1a: Grass Igel\n|-heal|p1a: Grass Igel|93\/100\n|move|p2a: Hustensaft|Recover|p2a: Hustensaft\n|-heal|p2a: Hustensaft|85\/100\n|\n|upkeep\n|turn|31\n|\n|t:|1662556586\n|-zpower|p1a: Grass Igel\n|move|p1a: Grass Igel|Z-Celebrate|p1a: Grass Igel|[anim]Celebrate\n|-boost|p1a: Grass Igel|atk|1|[zeffect]\n|-boost|p1a: Grass Igel|def|1|[zeffect]\n|-boost|p1a: Grass Igel|spa|1|[zeffect]\n|-boost|p1a: Grass Igel|spd|1|[zeffect]\n|-boost|p1a: Grass Igel|spe|1|[zeffect]\n|-activate|p1a: Grass Igel|move: Celebrate\n|move|p2a: Hustensaft|Knock Off|p1a: Grass Igel\n|-damage|p1a: Grass Igel|82\/100\n|\n|upkeep\n|turn|32\n|\n|t:|1662556594\n|move|p1a: Grass Igel|Seed Flare|p2a: Hustensaft\n|-damage|p2a: Hustensaft|27\/100\n|move|p2a: Hustensaft|Psych Up|p1a: Grass Igel\n|-copyboost|p2a: Hustensaft|p1a: Grass Igel|[from] move: Psych Up\n|\n|upkeep\n|turn|33\n|\n|t:|1662556601\n|move|p1a: Grass Igel|Seed Flare|p2a: Hustensaft|[miss]\n|-miss|p1a: Grass Igel|p2a: Hustensaft\n|move|p2a: Hustensaft|Recover|p2a: Hustensaft\n|-heal|p2a: Hustensaft|77\/100\n|\n|upkeep\n|turn|34\n|\n|t:|1662556606\n|move|p1a: Grass Igel|Seed Flare|p2a: Hustensaft\n|-crit|p2a: Hustensaft\n|-damage|p2a: Hustensaft|0 fnt\n|faint|p2a: Hustensaft\n|\n|upkeep\n|\n|t:|1662556612\n|switch|p2a: Cortison|Gengar, M|52\/100\n|turn|35\n|\n|t:|1662556615\n|move|p2a: Cortison|Sludge Wave|p1a: Grass Igel\n|-supereffective|p1a: Grass Igel\n|-damage|p1a: Grass Igel|25\/100\n|move|p1a: Grass Igel|Earth Power|p2a: Cortison\n|-supereffective|p2a: Cortison\n|-damage|p2a: Cortison|0 fnt\n|faint|p2a: Cortison\n|\n|upkeep\n|\n|t:|1662556622\n|switch|p2a: Z\u00e4pfchen|Ferrothorn, M, shiny|71\/100\n|turn|36\n|\n|t:|1662556627\n|move|p1a: Grass Igel|Synthesis|p1a: Grass Igel\n|-heal|p1a: Grass Igel|75\/100\n|move|p2a: Z\u00e4pfchen|Toxic|p1a: Grass Igel\n|-status|p1a: Grass Igel|tox\n|\n|-heal|p2a: Z\u00e4pfchen|77\/100|[from] item: Leftovers\n|-damage|p1a: Grass Igel|68\/100 tox|[from] psn\n|upkeep\n|turn|37\n|\n|t:|1662556637\n|move|p1a: Grass Igel|Earth Power|p2a: Z\u00e4pfchen\n|-damage|p2a: Z\u00e4pfchen|44\/100\n|move|p2a: Z\u00e4pfchen|Body Press|p1a: Grass Igel\n|-damage|p1a: Grass Igel|49\/100 tox\n|\n|-heal|p2a: Z\u00e4pfchen|50\/100|[from] item: Leftovers\n|-damage|p1a: Grass Igel|37\/100 tox|[from] psn\n|upkeep\n|turn|38\n|\n|t:|1662556649\n|-curestatus|p1a: Grass Igel|tox|[from] ability: Natural Cure\n|switch|p1a: Fairy Eve|Sylveon, F|50\/100\n|move|p2a: Z\u00e4pfchen|Body Press|p1a: Fairy Eve\n|-resisted|p1a: Fairy Eve\n|-damage|p1a: Fairy Eve|37\/100\n|\n|-heal|p2a: Z\u00e4pfchen|57\/100|[from] item: Leftovers\n|upkeep\n|turn|39\n|c|\u2606Rediyu|gg\n|\n|t:|1662556659\n|move|p1a: Fairy Eve|Mystical Fire|p2a: Z\u00e4pfchen\n|-supereffective|p2a: Z\u00e4pfchen\n|-damage|p2a: Z\u00e4pfchen|0 fnt\n|faint|p2a: Z\u00e4pfchen\n|\n|win|Rediyu\n","uploadtime":1662556670,"views":8,"p1id":"rediyu","p2id":"nudelpferd","formatid":"gen8nationaldexag","rating":0,"private":0,"password":null}