{"id":"gen8nationaldex-1611184495","p1":"blissymaster","p2":"FleetFoxxx","format":"gen8nationaldex","log":"|j|\u2606blissymaster\n|j|\u2606FleetFoxxx\n|t:|1657069590\n|gametype|singles\n|player|p1|blissymaster|rosa|\n|player|p2|FleetFoxxx|flannery|\n|teamsize|p1|6\n|teamsize|p2|6\n|gen|8\n|tier|[Gen 8] National Dex\n|rule|HP Percentage Mod: HP is shown in percentages\n|rule|Endless Battle Clause: Forcing endless battles is banned\n|rule|OHKO Clause: OHKO moves are banned\n|rule|Evasion Moves Clause: Evasion moves are banned\n|rule|Species Clause: Limit one of each Pok\u00e9mon\n|rule|Dynamax Clause: You cannot dynamax\n|rule|Sleep Clause Mod: Limit one foe put to sleep\n|clearpoke\n|poke|p1|Pelipper, F|\n|poke|p1|Vaporeon, M|\n|poke|p1|Gastrodon, F|\n|poke|p1|Golisopod, M|\n|poke|p1|Basculin, F|\n|poke|p1|Suicune|\n|poke|p2|Bisharp, M|\n|poke|p2|Whimsicott, F|\n|poke|p2|Galvantula, F|\n|poke|p2|Coalossal, F|\n|poke|p2|Banette, F|\n|poke|p2|Togetic, M|\n|teampreview\n|\n|t:|1657069610\n|start\n|switch|p1a: Pelipper|Pelipper, F|100\/100\n|switch|p2a: Coalossal|Coalossal, F|100\/100\n|-weather|RainDance|[from] ability: Drizzle|[of] p1a: Pelipper\n|turn|1\n|\n|t:|1657069614\n|move|p1a: Pelipper|Hurricane|p2a: Coalossal\n|-resisted|p2a: Coalossal\n|-damage|p2a: Coalossal|73\/100\n|-start|p2a: Coalossal|confusion\n|-activate|p2a: Coalossal|confusion\n|-damage|p2a: Coalossal|65\/100|[from] confusion\n|\n|-weather|RainDance|[upkeep]\n|upkeep\n|turn|2\n|j| evil heterosexual\n|j| johngalt149\n|j| DerpyDots\n|c|\u2606blissymaster|thanks mr horse on the lorse\n|j| evilhanaklaus\n|c| evil heterosexual|np\n|\n|t:|1657069664\n|move|p1a: Pelipper|Hydro Pump|p2a: Coalossal|[miss]\n|-miss|p1a: Pelipper|p2a: Coalossal\n|-activate|p2a: Coalossal|confusion\n|move|p2a: Coalossal|Explosion|p1a: Pelipper\n|-damage|p1a: Pelipper|49\/100\n|faint|p2a: Coalossal\n|\n|-weather|RainDance|[upkeep]\n|upkeep\n|\n|t:|1657069669\n|switch|p2a: Galvantula|Galvantula, F|100\/100\n|turn|3\n|\n|t:|1657069688\n|move|p2a: Galvantula|Volt Switch|p1a: Pelipper\n|-supereffective|p1a: Pelipper\n|-damage|p1a: Pelipper|0 fnt\n|faint|p1a: Pelipper\n|\n|t:|1657069700\n|switch|p2a: Whimsicott|Whimsicott, F|100\/100|[from]move: Volt Switch\n|\n|-weather|RainDance|[upkeep]\n|upkeep\n|\n|t:|1657069724\n|switch|p1a: Gastrodon|Gastrodon, F|100\/100\n|turn|4\n|j| Bugsileus\n|\n|t:|1657069777\n|switch|p2a: Bisharp|Bisharp, M|100\/100\n|move|p1a: Gastrodon|Clear Smog|p2a: Bisharp\n|-immune|p2a: Bisharp\n|\n|-weather|RainDance|[upkeep]\n|upkeep\n|turn|5\n|\n|t:|1657069796\n|move|p2a: Bisharp|Knock Off|p1a: Gastrodon\n|-damage|p1a: Gastrodon|26\/100\n|-activate|p1a: Gastrodon|ability: Sticky Hold\n|move|p1a: Gastrodon|Earth Power|p2a: Bisharp\n|-supereffective|p2a: Bisharp\n|-crit|p2a: Bisharp\n|-damage|p2a: Bisharp|0 fnt\n|faint|p2a: Bisharp\n|\n|-weather|none\n|upkeep\n|l| evilhanaklaus\n|c|\u2606blissymaster|-Bisharp\n|\n|t:|1657069828\n|switch|p2a: Whimsicott|Whimsicott, F|100\/100\n|turn|6\n|\n|t:|1657069831\n|move|p2a: Whimsicott|Energy Ball|p1a: Gastrodon\n|-supereffective|p1a: Gastrodon\n|-enditem|p1a: Gastrodon|Rindo Berry|[eat]\n|-enditem|p1a: Gastrodon|Rindo Berry|[weaken]\n|-damage|p1a: Gastrodon|0 fnt\n|faint|p1a: Gastrodon\n|\n|upkeep\n|\n|t:|1657069837\n|switch|p1a: Golisopod|Golisopod, M|100\/100\n|turn|7\n|\n|t:|1657069871\n|move|p1a: Golisopod|First Impression|p2a: Whimsicott\n|-damage|p2a: Whimsicott|26\/100\n|-zpower|p2a: Whimsicott\n|move|p2a: Whimsicott|Supersonic Skystrike|p1a: Golisopod|[zeffect]\n|-supereffective|p1a: Golisopod\n|-damage|p1a: Golisopod|0 fnt\n|faint|p1a: Golisopod\n|\n|upkeep\n|\n|t:|1657069879\n|switch|p1a: Basculin|Basculin, F|100\/100\n|turn|8\n|\n|t:|1657069888\n|move|p2a: Whimsicott|Tailwind|p2a: Whimsicott\n|-sidestart|p2: FleetFoxxx|move: Tailwind\n|move|p1a: Basculin|Head Smash|p2a: Whimsicott|[miss]\n|-miss|p1a: Basculin|p2a: Whimsicott\n|\n|upkeep\n|turn|9\n|\n|t:|1657069894\n|move|p2a: Whimsicott|Energy Ball|p1a: Basculin\n|-supereffective|p1a: Basculin\n|-damage|p1a: Basculin|0 fnt\n|faint|p1a: Basculin\n|\n|upkeep\n|\n|t:|1657069898\n|switch|p1a: Suicune|Suicune|100\/100\n|-ability|p1a: Suicune|Pressure\n|turn|10\n|\n|t:|1657069902\n|move|p1a: Suicune|Extreme Speed|p2a: Whimsicott\n|-damage|p2a: Whimsicott|5\/100\n|move|p2a: Whimsicott|Energy Ball|p1a: Suicune\n|-supereffective|p1a: Suicune\n|-damage|p1a: Suicune|44\/100\n|-unboost|p1a: Suicune|spd|1\n|\n|-heal|p1a: Suicune|50\/100|[from] item: Leftovers\n|upkeep\n|turn|11\n|\n|t:|1657069909\n|move|p1a: Suicune|Extreme Speed|p2a: Whimsicott\n|-damage|p2a: Whimsicott|0 fnt\n|faint|p2a: Whimsicott\n|\n|-heal|p1a: Suicune|56\/100|[from] item: Leftovers\n|-sideend|p2: FleetFoxxx|move: Tailwind\n|upkeep\n|\n|t:|1657069919\n|switch|p2a: Galvantula|Galvantula, F|100\/100\n|turn|12\n|\n|t:|1657069927\n|move|p1a: Suicune|Protect|p1a: Suicune\n|-singleturn|p1a: Suicune|Protect\n|move|p2a: Galvantula|Thunder|p1a: Suicune\n|-activate|p1a: Suicune|move: Protect\n|\n|-heal|p1a: Suicune|63\/100|[from] item: Leftovers\n|upkeep\n|turn|13\n|\n|t:|1657069932\n|move|p1a: Suicune|Extreme Speed|p2a: Galvantula\n|-damage|p2a: Galvantula|76\/100\n|move|p2a: Galvantula|Thunder|p1a: Suicune\n|-supereffective|p1a: Suicune\n|-damage|p1a: Suicune|0 fnt\n|faint|p1a: Suicune\n|\n|upkeep\n|\n|t:|1657069934\n|switch|p1a: Vaporeon|Vaporeon, M|100\/100\n|turn|14\n|\n|t:|1657069941\n|move|p2a: Galvantula|Thunder|p1a: Vaporeon\n|-supereffective|p1a: Vaporeon\n|-damage|p1a: Vaporeon|44\/100\n|move|p1a: Vaporeon|Surf|p2a: Galvantula\n|-damage|p2a: Galvantula|0 fnt\n|faint|p2a: Galvantula\n|-damage|p1a: Vaporeon|34\/100|[from] item: Life Orb\n|\n|upkeep\n|c| evil heterosexual|greatest suicuine sset of al ltim e\n|c| evil heterosexual|no doubt\n|\n|t:|1657069955\n|switch|p2a: Banette|Banette, F|100\/100\n|-item|p1a: Vaporeon|Life Orb|[from] ability: Frisk|[of] p2a: Banette|[identify]\n|turn|15\n|\n|t:|1657069962\n|detailschange|p2a: Banette|Banette-Mega, F\n|-mega|p2a: Banette|Banette|Banettite\n|move|p2a: Banette|Thunderbolt|p1a: Vaporeon\n|-supereffective|p1a: Vaporeon\n|-damage|p1a: Vaporeon|10\/100\n|move|p1a: Vaporeon|Shadow Ball|p2a: Banette\n|-supereffective|p2a: Banette\n|-damage|p2a: Banette|56\/100\n|-damage|p1a: Vaporeon|0 fnt|[from] item: Life Orb\n|faint|p1a: Vaporeon\n|\n|win|FleetFoxxx\n|c|\u2606blissymaster|gg\n|c|\u2606FleetFoxxx|gg was fun!\n","uploadtime":1657069969,"views":13,"p1id":"blissymaster","p2id":"fleetfoxxx","formatid":"gen8nationaldex","rating":0,"private":0,"password":null}