{"id":"gen8nationaldexag-1178318320","p1":"BugCatcherWeevil","p2":"Praackle","format":"gen8nationaldexag","log":"|j|\u2606BugCatcherWeevil\n|j|\u2606Praackle\n|t:|1598827402\n|player|p1|BugCatcherWeevil|7|\n|player|p2|Praackle|n|\n|teamsize|p1|6\n|teamsize|p2|6\n|gametype|singles\n|gen|8\n|tier|[Gen 8] National Dex AG\n|clearpoke\n|poke|p1|Tornadus-Therian, M|\n|poke|p1|Victini|\n|poke|p1|Garchomp, M|\n|poke|p1|Claydol|\n|poke|p1|Primarina, F|\n|poke|p1|Lickilicky, F|\n|poke|p2|Clefable, F|\n|poke|p2|Eelektross, M|\n|poke|p2|Conkeldurr, M|\n|poke|p2|Lycanroc-Dusk, M|\n|poke|p2|Indeedee, M|\n|poke|p2|Alakazam, F|\n|rule|HP Percentage Mod: HP is shown in percentages\n|rule|Endless Battle Clause: Forcing endless battles is banned\n|teampreview\n|c|\u2606BugCatcherWeevil|gl hf\n|c|\u2606Praackle|you as well\n|\n|t:|1598827503\n|start\n|switch|p1a: Claydol|Claydol|100\/100\n|switch|p2a: Eelektross|Eelektross, M|100\/100\n|turn|1\n|\n|t:|1598827518\n|move|p1a: Claydol|Stealth Rock|p2a: Eelektross\n|-sidestart|p2: Praackle|move: Stealth Rock\n|move|p2a: Eelektross|U-turn|p1a: Claydol\n|-supereffective|p1a: Claydol\n|-crit|p1a: Claydol\n|-damage|p1a: Claydol|43\/100\n|\n|t:|1598827566\n|switch|p2a: Alakazam|Alakazam, F|100\/100|[from]move: U-turn\n|-damage|p2a: Alakazam|88\/100|[from] Stealth Rock\n|\n|-heal|p1a: Claydol|49\/100|[from] item: Leftovers\n|upkeep\n|turn|2\n|c|\u2606Praackle|that sucks\n|c|\u2606Praackle|lol\n|\n|t:|1598827612\n|switch|p1a: Lickilicky|Lickilicky, F|100\/100\n|detailschange|p2a: Alakazam|Alakazam-Mega, F\n|-mega|p2a: Alakazam|Alakazam|Alakazite\n|-ability|p2a: Alakazam|Oblivious|[from] ability: Trace|[of] p1a: Lickilicky\n|move|p2a: Alakazam|Shadow Ball|p1a: Lickilicky\n|-immune|p1a: Lickilicky\n|\n|upkeep\n|turn|3\n|\n|t:|1598827653\n|switch|p1a: Victini|Victini|100\/100\n|move|p2a: Alakazam|Nasty Plot|p2a: Alakazam\n|-boost|p2a: Alakazam|spa|2\n|\n|upkeep\n|turn|4\n|\n|t:|1598827674\n|move|p1a: Victini|V-create|p2a: Alakazam\n|-damage|p2a: Alakazam|0 fnt\n|-unboost|p1a: Victini|spe|1\n|-unboost|p1a: Victini|def|1\n|-unboost|p1a: Victini|spd|1\n|faint|p2a: Alakazam\n|\n|upkeep\n|\n|t:|1598827691\n|switch|p2a: Lycanroc|Lycanroc-Dusk, M|100\/100\n|-damage|p2a: Lycanroc|88\/100|[from] Stealth Rock\n|turn|5\n|\n|t:|1598827769\n|switch|p1a: Claydol|Claydol|49\/100\n|move|p2a: Lycanroc|Crunch|p1a: Claydol\n|-supereffective|p1a: Claydol\n|-damage|p1a: Claydol|0 fnt\n|-damage|p2a: Lycanroc|78\/100|[from] item: Life Orb\n|faint|p1a: Claydol\n|\n|upkeep\n|\n|t:|1598827779\n|switch|p1a: Primarina|Primarina, F|100\/100\n|turn|6\n|\n|t:|1598827789\n|move|p2a: Lycanroc|Thunder Fang|p1a: Primarina\n|-supereffective|p1a: Primarina\n|-damage|p1a: Primarina|45\/100\n|-damage|p2a: Lycanroc|68\/100|[from] item: Life Orb\n|move|p1a: Primarina|Flip Turn|p2a: Lycanroc\n|-supereffective|p2a: Lycanroc\n|-damage|p2a: Lycanroc|17\/100\n|\n|t:|1598827801\n|switch|p1a: Victini|Victini|100\/100|[from]move: Flip Turn\n|\n|upkeep\n|turn|7\n|\n|t:|1598827808\n|move|p2a: Lycanroc|Accelerock|p1a: Victini\n|-supereffective|p1a: Victini\n|-damage|p1a: Victini|35\/100\n|-damage|p2a: Lycanroc|7\/100|[from] item: Life Orb\n|move|p1a: Victini|U-turn|p2a: Lycanroc\n|-damage|p2a: Lycanroc|0 fnt\n|faint|p2a: Lycanroc\n|\n|t:|1598827816\n|switch|p1a: Primarina|Primarina, F|45\/100|[from]move: U-turn\n|\n|-heal|p1a: Primarina|51\/100|[from] item: Leftovers\n|upkeep\n|\n|t:|1598827822\n|switch|p2a: Clefable|Clefable, F|100\/100\n|turn|8\n|j| The Lucky Luxray's\n|\n|t:|1598827830\n|move|p1a: Primarina|Flip Turn|p2a: Clefable\n|-damage|p2a: Clefable|85\/100\n|c| The Lucky Luxray's|three games are going on\n|\n|t:|1598827834\n|switch|p1a: Tornadus|Tornadus-Therian, M|100\/100|[from]move: Flip Turn\n|move|p2a: Clefable|Calm Mind|p2a: Clefable\n|-boost|p2a: Clefable|spa|1\n|-boost|p2a: Clefable|spd|1\n|\n|upkeep\n|turn|9\n|c| The Lucky Luxray's|wow\n|\n|t:|1598827899\n|move|p1a: Tornadus|Knock Off|p2a: Clefable\n|-resisted|p2a: Clefable\n|-damage|p2a: Clefable|70\/100\n|-enditem|p2a: Clefable|Sitrus Berry|[from] move: Knock Off|[of] p1a: Tornadus\n|move|p2a: Clefable|Calm Mind|p2a: Clefable\n|-boost|p2a: Clefable|spa|1\n|-boost|p2a: Clefable|spd|1\n|\n|upkeep\n|turn|10\n|\n|t:|1598827909\n|move|p1a: Tornadus|U-turn|p2a: Clefable\n|-resisted|p2a: Clefable\n|-damage|p2a: Clefable|61\/100\n|\n|t:|1598827912\n|switch|p1a: Primarina|Primarina, F|51\/100|[from]move: U-turn\n|move|p2a: Clefable|Moonblast|p1a: Primarina\n|-damage|p1a: Primarina|0 fnt\n|faint|p1a: Primarina\n|\n|upkeep\n|\n|t:|1598827919\n|switch|p1a: Victini|Victini|35\/100\n|turn|11\n|\n|t:|1598828002\n|move|p1a: Victini|V-create|p2a: Clefable\n|-damage|p2a: Clefable|0 fnt\n|-unboost|p1a: Victini|spe|1\n|-unboost|p1a: Victini|def|1\n|-unboost|p1a: Victini|spd|1\n|faint|p2a: Clefable\n|\n|upkeep\n|\n|t:|1598828038\n|switch|p2a: Eelektross|Eelektross, M|100\/100\n|-damage|p2a: Eelektross|88\/100|[from] Stealth Rock\n|turn|12\n|\n|t:|1598828061\n|switch|p1a: Garchomp|Garchomp, M|100\/100\n|move|p2a: Eelektross|U-turn|p1a: Garchomp\n|-damage|p1a: Garchomp|82\/100\n|-damage|p2a: Eelektross|76\/100|[from] ability: Rough Skin|[of] p1a: Garchomp\n|\n|t:|1598828124\n|switch|p2a: Indeedee|Indeedee, M|100\/100|[from]move: U-turn\n|-damage|p2a: Indeedee|88\/100|[from] Stealth Rock\n|-fieldstart|move: Psychic Terrain|[from] ability: Psychic Surge|[of] p2a: Indeedee\n|\n|upkeep\n|turn|13\n|\n|t:|1598828135\n|switch|p1a: Tornadus|Tornadus-Therian, M|100\/100\n|move|p2a: Indeedee|Expanding Force|p1a: Tornadus\n|-damage|p1a: Tornadus|50\/100\n|\n|upkeep\n|turn|14\n|\n|t:|1598828142\n|switch|p1a: Lickilicky|Lickilicky, F|100\/100\n|move|p2a: Indeedee|Expanding Force|p1a: Lickilicky\n|-damage|p1a: Lickilicky|59\/100\n|\n|-heal|p1a: Lickilicky|65\/100|[from] item: Leftovers\n|upkeep\n|turn|15\n|j| Gamblero\n|\n|t:|1598828155\n|switch|p2a: Eelektross|Eelektross, M|76\/100\n|-damage|p2a: Eelektross|64\/100|[from] Stealth Rock\n|move|p1a: Lickilicky|Wish|p1a: Lickilicky\n|\n|-heal|p1a: Lickilicky|71\/100|[from] item: Leftovers\n|upkeep\n|turn|16\n|\n|t:|1598828166\n|switch|p1a: Garchomp|Garchomp, M|82\/100\n|move|p2a: Eelektross|U-turn|p1a: Garchomp\n|-damage|p1a: Garchomp|63\/100\n|-damage|p2a: Eelektross|51\/100|[from] ability: Rough Skin|[of] p1a: Garchomp\n|\n|t:|1598828182\n|switch|p2a: Conkeldurr|Conkeldurr, M, shiny|100\/100|[from]move: U-turn\n|-damage|p2a: Conkeldurr|94\/100|[from] Stealth Rock\n|\n|-heal|p1a: Garchomp|100\/100|[from] move: Wish|[wisher] Lickilicky\n|-fieldend|move: Psychic Terrain\n|-status|p2a: Conkeldurr|brn|[from] item: Flame Orb\n|upkeep\n|turn|17\n|\n|t:|1598828262\n|move|p1a: Garchomp|Earthquake|p2a: Conkeldurr\n|-damage|p2a: Conkeldurr|45\/100 brn\n|move|p2a: Conkeldurr|Ice Punch|p1a: Garchomp\n|-supereffective|p1a: Garchomp\n|-damage|p1a: Garchomp|0 fnt\n|-damage|p2a: Conkeldurr|33\/100 brn|[from] ability: Rough Skin|[of] p1a: Garchomp\n|faint|p1a: Garchomp\n|\n|-damage|p2a: Conkeldurr|27\/100 brn|[from] brn\n|upkeep\n|\n|t:|1598828274\n|switch|p1a: Tornadus|Tornadus-Therian, M|83\/100\n|turn|18\n|\n|t:|1598828305\n|move|p1a: Tornadus|Acrobatics|p2a: Conkeldurr\n|-supereffective|p2a: Conkeldurr\n|-damage|p2a: Conkeldurr|0 fnt\n|faint|p2a: Conkeldurr\n|\n|upkeep\n|\n|t:|1598828329\n|switch|p2a: Eelektross|Eelektross, M|51\/100\n|-damage|p2a: Eelektross|39\/100|[from] Stealth Rock\n|turn|19\n|\n|t:|1598828335\n|move|p1a: Tornadus|U-turn|p2a: Eelektross\n|-crit|p2a: Eelektross\n|-damage|p2a: Eelektross|12\/100\n|\n|t:|1598828338\n|switch|p1a: Lickilicky|Lickilicky, F|71\/100|[from]move: U-turn\n|move|p2a: Eelektross|Thunderbolt|p1a: Lickilicky\n|-damage|p1a: Lickilicky|51\/100\n|\n|-heal|p1a: Lickilicky|57\/100|[from] item: Leftovers\n|upkeep\n|turn|20\n|\n|t:|1598828346\n|move|p1a: Lickilicky|Protect|p1a: Lickilicky\n|-singleturn|p1a: Lickilicky|Protect\n|move|p2a: Eelektross|Drain Punch|p1a: Lickilicky\n|-activate|p1a: Lickilicky|move: Protect\n|\n|-heal|p1a: Lickilicky|64\/100|[from] item: Leftovers\n|upkeep\n|turn|21\n|\n|t:|1598828353\n|move|p1a: Lickilicky|Wish|p1a: Lickilicky\n|move|p2a: Eelektross|Drain Punch|p1a: Lickilicky\n|-supereffective|p1a: Lickilicky\n|-damage|p1a: Lickilicky|32\/100\n|-heal|p2a: Eelektross|30\/100|[from] drain|[of] p1a: Lickilicky\n|\n|-heal|p1a: Lickilicky|38\/100|[from] item: Leftovers\n|upkeep\n|turn|22\n|\n|t:|1598828361\n|move|p1a: Lickilicky|Knock Off|p2a: Eelektross\n|-damage|p2a: Eelektross|12\/100\n|-enditem|p2a: Eelektross|Assault Vest|[from] move: Knock Off|[of] p1a: Lickilicky\n|move|p2a: Eelektross|U-turn|p1a: Lickilicky\n|-damage|p1a: Lickilicky|23\/100\n|\n|t:|1598828367\n|switch|p2a: Indeedee|Indeedee, M|88\/100|[from]move: U-turn\n|-damage|p2a: Indeedee|76\/100|[from] Stealth Rock\n|-fieldstart|move: Psychic Terrain|[from] ability: Psychic Surge|[of] p2a: Indeedee\n|\n|-heal|p1a: Lickilicky|73\/100|[from] move: Wish|[wisher] Lickilicky\n|-heal|p1a: Lickilicky|79\/100|[from] item: Leftovers\n|upkeep\n|turn|23\n|\n|t:|1598828377\n|move|p1a: Lickilicky|Protect|p1a: Lickilicky\n|-singleturn|p1a: Lickilicky|Protect\n|move|p2a: Indeedee|Expanding Force|p1a: Lickilicky\n|-activate|p1a: Lickilicky|move: Protect\n|\n|-heal|p1a: Lickilicky|85\/100|[from] item: Leftovers\n|upkeep\n|turn|24\n|\n|t:|1598828383\n|move|p2a: Indeedee|Expanding Force|p1a: Lickilicky\n|-damage|p1a: Lickilicky|47\/100\n|move|p1a: Lickilicky|Wish|p1a: Lickilicky\n|\n|-heal|p1a: Lickilicky|53\/100|[from] item: Leftovers\n|upkeep\n|turn|25\n|\n|t:|1598828390\n|switch|p1a: Tornadus|Tornadus-Therian, M|100\/100\n|move|p2a: Indeedee|Expanding Force|p1a: Tornadus\n|-damage|p1a: Tornadus|53\/100\n|\n|-heal|p1a: Tornadus|100\/100|[from] move: Wish|[wisher] Lickilicky\n|upkeep\n|turn|26\n|c|\u2606Praackle|ggs\n|\n|t:|1598828401\n|move|p2a: Indeedee|Expanding Force|p1a: Tornadus\n|-damage|p1a: Tornadus|53\/100\n|move|p1a: Tornadus|Knock Off|p2a: Indeedee\n|-supereffective|p2a: Indeedee\n|-damage|p2a: Indeedee|0 fnt\n|-enditem|p2a: Indeedee|Choice Scarf|[from] move: Knock Off|[of] p1a: Tornadus\n|faint|p2a: Indeedee\n|\n|-fieldend|move: Psychic Terrain\n|upkeep\n|c|\u2606BugCatcherWeevil|gg!\n|c| The Lucky Luxray's|gg\n|j| AmaSunday\n|\n|t:|1598828415\n|switch|p2a: Eelektross|Eelektross, M|12\/100\n|-damage|p2a: Eelektross|0 fnt|[from] Stealth Rock\n|faint|p2a: Eelektross\n|\n|win|BugCatcherWeevil\n|l|\u2606Praackle\n","uploadtime":1598828426,"views":72,"p1id":"bugcatcherweevil","p2id":"praackle","formatid":"gen8nationaldexag","rating":0,"private":0,"password":null}