{"id":"gen8ou-1606878666","p1":"Infernoss","p2":"Chokst du","format":"gen8ou","log":"|j|\u2606Infernoss\n|j|\u2606Chokst du\n|t:|1656528198\n|gametype|singles\n|player|p1|Infernoss|firebreather|1838\n|player|p2|Chokst du|1|1877\n|teamsize|p1|6\n|teamsize|p2|6\n|gen|8\n|tier|[Gen 8] OU\n|rated|\n|rule|Sleep Clause Mod: Limit one foe put to sleep\n|rule|Species Clause: Limit one of each Pok\u00e9mon\n|rule|OHKO Clause: OHKO moves are banned\n|rule|Evasion Moves Clause: Evasion moves are banned\n|rule|Endless Battle Clause: Forcing endless battles is banned\n|rule|HP Percentage Mod: HP is shown in percentages\n|rule|Dynamax Clause: You cannot dynamax\n|clearpoke\n|poke|p1|Marowak-Alola, M|\n|poke|p1|Slowbro, M|\n|poke|p1|Hatterene, F|\n|poke|p1|Garchomp, M|\n|poke|p1|Ferrothorn, M|\n|poke|p1|Drampa, M|\n|poke|p2|Tyranitar, F|\n|poke|p2|Buzzwole|\n|poke|p2|Excadrill, M|\n|poke|p2|Tornadus-Therian, M|\n|poke|p2|Tapu Fini|\n|poke|p2|Slowking-Galar, F|\n|teampreview\n|j| broked on bricks\n|j| amjad maria\n|inactive|Battle timer is ON: inactive players will automatically lose when time's up. (requested by Infernoss)\n|\n|t:|1656528231\n|start\n|switch|p1a: Sharko|Garchomp, M|100\/100\n|switch|p2a: Slowking|Slowking-Galar, F|100\/100\n|turn|1\n|\n|t:|1656528239\n|move|p1a: Sharko|Earthquake|p2a: Slowking\n|-supereffective|p2a: Slowking\n|-damage|p2a: Slowking|0 fnt\n|faint|p2a: Slowking\n|\n|upkeep\n|\n|t:|1656528245\n|switch|p2a: Buzzwole|Buzzwole|100\/100\n|turn|2\n|\n|t:|1656528249\n|switch|p1a: Sonso|Slowbro, M|100\/100\n|move|p2a: Buzzwole|Leech Life|p1a: Sonso\n|-supereffective|p1a: Sonso\n|-damage|p1a: Sonso|48\/100\n|\n|upkeep\n|turn|3\n|\n|t:|1656528260\n|switch|p2a: Tyranitar|Tyranitar, F|100\/100\n|-weather|Sandstorm|[from] ability: Sand Stream|[of] p2a: Tyranitar\n|switch|p1a: Thorns|Ferrothorn, M|100\/100\n|\n|-weather|Sandstorm|[upkeep]\n|upkeep\n|turn|4\n|j| fr4tgyhjumk\n|\n|t:|1656528267\n|move|p2a: Tyranitar|Fire Punch|p1a: Thorns\n|-supereffective|p1a: Thorns\n|-damage|p1a: Thorns|0 fnt\n|-damage|p2a: Tyranitar|88\/100|[from] ability: Iron Barbs|[of] p1a: Thorns\n|faint|p1a: Thorns\n|\n|-weather|Sandstorm|[upkeep]\n|upkeep\n|\n|t:|1656528279\n|switch|p1a: Falkor|Drampa, M|100\/100\n|turn|5\n|\n|t:|1656528284\n|switch|p2a: Tornadus|Tornadus-Therian, M|100\/100\n|move|p1a: Falkor|Thunderbolt|p2a: Tornadus\n|-supereffective|p2a: Tornadus\n|-damage|p2a: Tornadus|6\/100\n|\n|-weather|Sandstorm|[upkeep]\n|-damage|p2a: Tornadus|0 fnt|[from] Sandstorm\n|-damage|p1a: Falkor|94\/100|[from] Sandstorm\n|faint|p2a: Tornadus\n|upkeep\n|\n|t:|1656528288\n|switch|p2a: Excadrill|Excadrill, M|100\/100\n|turn|6\n|\n|t:|1656528296\n|move|p2a: Excadrill|Stealth Rock|p1a: Falkor\n|-sidestart|p1: Infernoss|move: Stealth Rock\n|move|p1a: Falkor|Focus Blast|p2a: Excadrill\n|-supereffective|p2a: Excadrill\n|-damage|p2a: Excadrill|0 fnt\n|faint|p2a: Excadrill\n|\n|-weather|Sandstorm|[upkeep]\n|-damage|p1a: Falkor|88\/100|[from] Sandstorm\n|upkeep\n|\n|t:|1656528302\n|switch|p2a: Tyranitar|Tyranitar, F|88\/100\n|turn|7\n|\n|t:|1656528311\n|move|p2a: Tyranitar|Stone Edge|p1a: Falkor|[miss]\n|-miss|p2a: Tyranitar|p1a: Falkor\n|move|p1a: Falkor|Focus Blast|p2a: Tyranitar\n|-supereffective|p2a: Tyranitar\n|-damage|p2a: Tyranitar|0 fnt\n|faint|p2a: Tyranitar\n|\n|-weather|none\n|upkeep\n|-message|Chokst du forfeited.\n|\n|win|Infernoss\n|raw|Infernoss's rating: 1838 &rarr; <strong>1860<\/strong><br \/>(+22 for winning)\n|raw|Chokst du's rating: 1877 &rarr; <strong>1855<\/strong><br \/>(-22 for losing)\n|l|\u2606Chokst du\n|c|\u2606Infernoss|sorry\n|c|\u2606Infernoss|why not crunch?\n|l| amjad maria\n|l| fr4tgyhjumk\n|l| broked on bricks\n||Ladder isn't responding, score probably updated but might not have (Request timeout).\n","uploadtime":1656528334,"views":79,"p1id":"infernoss","p2id":"chokstdu","formatid":"gen8ou","rating":1855,"private":0,"password":null}