{"id":"gen8randombattle-1127433548","p1":"Tigwe","p2":"BaddyGames","format":"gen8randombattle","log":"|j|\u2606Tigwe\n|j|\u2606BaddyGames\n|player|p1|Tigwe|169|\n|player|p2|BaddyGames|275|\n|teamsize|p1|6\n|teamsize|p2|6\n|gametype|singles\n|gen|8\n|tier|[Gen 8] Random Battle\n|rule|Species Clause: Limit one of each Pok\u00e9mon\n|rule|HP Percentage Mod: HP is shown in percentages\n|rule|Sleep Clause Mod: Limit one foe put to sleep\n|\n|start\n|switch|p1a: Hydreigon|Hydreigon, L80, M|278\/278\n|switch|p2a: Steelix|Steelix, L84, F|263\/263\n|turn|1\n|\n|move|p1a: Hydreigon|Nasty Plot|p1a: Hydreigon\n|-boost|p1a: Hydreigon|spa|2\n|move|p2a: Steelix|Heavy Slam|p1a: Hydreigon\n|-damage|p1a: Hydreigon|217\/278\n|\n|-heal|p1a: Hydreigon|234\/278|[from] item: Leftovers\n|upkeep\n|turn|2\n|\n|move|p1a: Hydreigon|Dark Pulse|p2a: Steelix\n|-damage|p2a: Steelix|32\/263\n|move|p2a: Steelix|Dragon Dance|p2a: Steelix\n|-boost|p2a: Steelix|atk|1\n|-boost|p2a: Steelix|spe|1\n|\n|-heal|p1a: Hydreigon|251\/278|[from] item: Leftovers\n|-heal|p2a: Steelix|48\/263|[from] item: Leftovers\n|upkeep\n|turn|3\n|\n|move|p1a: Hydreigon|Dark Pulse|p2a: Steelix\n|-damage|p2a: Steelix|0 fnt\n|faint|p2a: Steelix\n|\n|-heal|p1a: Hydreigon|268\/278|[from] item: Leftovers\n|upkeep\n|\n|switch|p2a: Absol|Absol, L86, M|252\/252\n|turn|4\n|\n|move|p1a: Hydreigon|Nasty Plot|p1a: Hydreigon\n|-boost|p1a: Hydreigon|spa|2\n|move|p2a: Absol|Play Rough|p1a: Hydreigon\n|-supereffective|p1a: Hydreigon\n|-damage|p1a: Hydreigon|0 fnt\n|-damage|p2a: Absol|227\/252|[from] item: Life Orb\n|faint|p1a: Hydreigon\n|\n|upkeep\n|c|\u2606Tigwe|expected sp rip\n|\n|switch|p1a: Galvantula|Galvantula, L84, M|255\/255\n|turn|5\n|\n|move|p1a: Galvantula|Sticky Web|p2a: Absol\n|-sidestart|p2: BaddyGames|move: Sticky Web\n|move|p2a: Absol|Knock Off|p1a: Galvantula\n|-damage|p1a: Galvantula|24\/255\n|-enditem|p1a: Galvantula|Life Orb|[from] move: Knock Off|[of] p2a: Absol\n|-damage|p2a: Absol|202\/252|[from] item: Life Orb\n|\n|upkeep\n|turn|6\n|\n|move|p2a: Absol|Sucker Punch|p1a: Galvantula\n|-damage|p1a: Galvantula|0 fnt\n|-damage|p2a: Absol|177\/252|[from] item: Life Orb\n|faint|p1a: Galvantula\n|\n|upkeep\n|\n|switch|p1a: Rotom|Rotom-Frost, L86|226\/226\n|turn|7\n|\n|move|p1a: Rotom|Will-O-Wisp|p2a: Absol|[miss]\n|-miss|p1a: Rotom|p2a: Absol\n|move|p2a: Absol|Knock Off|p1a: Rotom\n|-damage|p1a: Rotom|80\/226\n|-enditem|p1a: Rotom|Leftovers|[from] move: Knock Off|[of] p2a: Absol\n|-damage|p2a: Absol|152\/252|[from] item: Life Orb\n|\n|upkeep\n|turn|8\n|\n|switch|p2a: Arcanine|Arcanine, L82, M|282\/282\n|move|p1a: Rotom|Will-O-Wisp|p2a: Arcanine\n|-start|p2a: Arcanine|ability: Flash Fire\n|\n|upkeep\n|turn|9\n|\n|move|p2a: Arcanine|Flare Blitz|p1a: Rotom\n|-supereffective|p1a: Rotom\n|-damage|p1a: Rotom|0 fnt\n|-damage|p2a: Arcanine|256\/282|[from] Recoil\n|faint|p1a: Rotom\n|\n|upkeep\n|\n|switch|p1a: Cobalion|Cobalion, L82|283\/283\n|turn|10\n|\n|-start|p2a: Arcanine|Dynamax\n|-heal|p2a: Arcanine|512\/564|[silent]\n|move|p1a: Cobalion|Stone Edge|p2a: Arcanine\n|-supereffective|p2a: Arcanine\n|-damage|p2a: Arcanine|380\/564\n|move|p2a: Arcanine|Max Flare|p1a: Cobalion\n|-supereffective|p1a: Cobalion\n|-damage|p1a: Cobalion|0 fnt\n|-weather|SunnyDay\n|faint|p1a: Cobalion\n|\n|-weather|SunnyDay|[upkeep]\n|upkeep\n|\n|switch|p1a: Durant|Durant, L86, F|243\/243\n|turn|11\n|\n|move|p1a: Durant|Knock Off|p2a: Arcanine\n|-damage|p2a: Arcanine|211\/564\n|-enditem|p2a: Arcanine|Heavy-Duty Boots|[from] move: Knock Off|[of] p1a: Durant\n|-damage|p1a: Durant|219\/243|[from] item: Life Orb\n|move|p2a: Arcanine|Max Flare|p1a: Durant\n|-damage|p1a: Durant|0 fnt\n|replace|p1a: Zoroark|Zoroark, L86, M\n|-end|p1a: Zoroark|Illusion\n|faint|p1a: Zoroark\n|\n|-weather|SunnyDay|[upkeep]\n|upkeep\n|\n|switch|p1a: Durant|Durant, L82, F|229\/229\n|turn|12\n|\n|move|p1a: Durant|Rock Slide|p2a: Arcanine\n|-supereffective|p2a: Arcanine\n|-damage|p2a: Arcanine|0 fnt\n|-damage|p1a: Durant|207\/229|[from] item: Life Orb\n|faint|p2a: Arcanine\n|\n|-weather|SunnyDay|[upkeep]\n|upkeep\n|\n|switch|p2a: Cursola|Cursola, L86, M|243\/243\n|-activate|p2a: Cursola|move: Sticky Web\n|-unboost|p2a: Cursola|spe|1\n|turn|13\n|\n|move|p1a: Durant|Hone Claws|p1a: Durant\n|-boost|p1a: Durant|atk|1\n|-boost|p1a: Durant|accuracy|1\n|move|p2a: Cursola|Shadow Ball|p1a: Durant\n|-damage|p1a: Durant|11\/229\n|-unboost|p1a: Durant|spd|1\n|\n|-weather|SunnyDay|[upkeep]\n|upkeep\n|turn|14\n|\n|-start|p1a: Durant|Dynamax\n|-heal|p1a: Durant|22\/458|[silent]\n|move|p1a: Durant|Max Steelspike|p2a: Cursola\n|-damage|p2a: Cursola|0 fnt\n|-boost|p1a: Durant|def|1\n|-damage|p1a: Durant|0 fnt|[from] item: Life Orb\n|faint|p2a: Cursola\n|faint|p1a: Durant\n|\n|win|BaddyGames\n|c|\u2606BaddyGames|gg\n|c|\u2606Tigwe|gg lmao\n","inputlog":">version c9c7f6a747c4fa4bb90ab0817471f3f1098ea029\n>start {\"formatid\":\"gen8randombattle\",\"seed\":[49141,25770,63861,2820]}\n>player p1 {\"name\":\"Tigwe\",\"avatar\":\"169\",\"team\":\"\",\"rating\":0,\"seed\":[41161,13163,30267,47292]}\n>player p2 {\"name\":\"BaddyGames\",\"avatar\":\"275\",\"team\":\"\",\"rating\":0,\"seed\":[939,53871,1740,34845]}\n>p1 move nastyplot\n>p2 move heavyslam\n>p1 move darkpulse\n>p2 move dragondance\n>p1 move darkpulse\n>p2 move earthquake\n>p2 switch 6\n>p1 move nastyplot\n>p2 move playrough\n>p1 switch 4\n>p1 move stickyweb\n>p2 move knockoff\n>p1 move thunder\n>p2 move suckerpunch\n>p1 switch 6\n>p1 move willowisp\n>p2 move knockoff\n>p1 move willowisp\n>p2 switch 5\n>p1 move thunderbolt\n>p2 move flareblitz\n>p1 switch 3\n>p1 move stoneedge\n>p2 move flareblitz dynamax\n>p1 switch 5\n>p1 move knockoff\n>p2 move flareblitz dynamax\n>p1 switch 2\n>p1 move rockslide\n>p2 move flareblitz dynamax\n>p2 switch 4\n>p1 move honeclaws\n>p2 move shadowball\n>p1 move ironhead dynamax\n>p2 move shadowball","uploadtime":1591382336,"views":4,"p1id":"tigwe","p2id":"baddygames","formatid":"gen8randombattle","rating":0,"private":0,"password":null}