{"id":"gen8ou-1610786782","p1":"SKIP THE DRIP","p2":"master jamvad","format":"gen8ou","log":"|j|\u2606SKIP THE DRIP\n|j|\u2606master jamvad\n|inactive|Battle timer is ON: inactive players will automatically lose when time's up.\n|t:|1657030269\n|gametype|singles\n|player|p1|SKIP THE DRIP|jogger|\n|player|p2|master jamvad|2|\n|teamsize|p1|6\n|teamsize|p2|6\n|gen|8\n|tier|[Gen 8] OU\n|rated|Tournament battle\n|rule|Sleep Clause Mod: Limit one foe put to sleep\n|rule|Species Clause: Limit one of each Pok\u00e9mon\n|rule|OHKO Clause: OHKO moves are banned\n|rule|Evasion Moves Clause: Evasion moves are banned\n|rule|Endless Battle Clause: Forcing endless battles is banned\n|rule|HP Percentage Mod: HP is shown in percentages\n|rule|Dynamax Clause: You cannot dynamax\n|clearpoke\n|poke|p1|Seismitoad, M|\n|poke|p1|Skarmory, M|\n|poke|p1|Clefable, M|\n|poke|p1|Drampa, M|\n|poke|p1|Toxapex, M|\n|poke|p1|Jirachi|\n|poke|p2|Volcarona, M|\n|poke|p2|Tornadus-Therian, M|\n|poke|p2|Ferrothorn, M|\n|poke|p2|Clefable, F|\n|poke|p2|Dragonite, F|\n|poke|p2|Mamoswine, F|\n|teampreview\n|c|\u2606master jamvad|hf\n|j| Begin Testing\n|j| convection oven\n|j|%Sww-Suwa\n|\n|t:|1657030290\n|start\n|switch|p1a: Seismitoad|Seismitoad, M|100\/100\n|switch|p2a: Tornadus|Tornadus-Therian, M|100\/100\n|turn|1\n|j|+Starfire Scarlet\n|j| AlIoutdragadarts\n|inactive|master jamvad has 120 seconds left.\n|j| rooopos\n|\n|t:|1657030335\n|move|p2a: Tornadus|Knock Off|p1a: Seismitoad\n|-damage|p1a: Seismitoad|81\/100\n|-enditem|p1a: Seismitoad|Leftovers|[from] move: Knock Off|[of] p2a: Tornadus\n|move|p1a: Seismitoad|Toxic|p2a: Tornadus\n|-status|p2a: Tornadus|tox\n|\n|-damage|p2a: Tornadus|94\/100 tox|[from] psn\n|upkeep\n|turn|2\n|\n|t:|1657030340\n|move|p2a: Tornadus|Hurricane|p1a: Seismitoad\n|-damage|p1a: Seismitoad|51\/100\n|move|p1a: Seismitoad|Stealth Rock|p2a: Tornadus\n|-sidestart|p2: master jamvad|move: Stealth Rock\n|\n|-damage|p2a: Tornadus|82\/100 tox|[from] psn\n|upkeep\n|turn|3\n|\n|t:|1657030344\n|move|p2a: Tornadus|U-turn|p1a: Seismitoad\n|-damage|p1a: Seismitoad|37\/100\n|\n|t:|1657030347\n|switch|p2a: Ferrothorn|Ferrothorn, M|100\/100|[from]move: U-turn\n|-damage|p2a: Ferrothorn|94\/100|[from] Stealth Rock\n|move|p1a: Seismitoad|Scald|p2a: Ferrothorn\n|-resisted|p2a: Ferrothorn\n|-damage|p2a: Ferrothorn|87\/100\n|\n|-heal|p2a: Ferrothorn|93\/100|[from] item: Leftovers\n|upkeep\n|turn|4\n|\n|t:|1657030353\n|move|p1a: Seismitoad|Scald|p2a: Ferrothorn\n|-resisted|p2a: Ferrothorn\n|-damage|p2a: Ferrothorn|85\/100\n|move|p2a: Ferrothorn|Stealth Rock|p1a: Seismitoad\n|-sidestart|p1: SKIP THE DRIP|move: Stealth Rock\n|\n|-heal|p2a: Ferrothorn|91\/100|[from] item: Leftovers\n|upkeep\n|turn|5\n|\n|t:|1657030356\n|switch|p1a: Drampa|Drampa, M, shiny|100\/100\n|-damage|p1a: Drampa|88\/100|[from] Stealth Rock\n|move|p2a: Ferrothorn|Body Press|p1a: Drampa\n|-supereffective|p1a: Drampa\n|-damage|p1a: Drampa|30\/100\n|\n|-heal|p1a: Drampa|36\/100|[from] item: Leftovers\n|-heal|p2a: Ferrothorn|98\/100|[from] item: Leftovers\n|upkeep\n|turn|6\n|\n|t:|1657030365\n|switch|p2a: Clefable|Clefable, F|100\/100\n|move|p1a: Drampa|Flamethrower|p2a: Clefable\n|-damage|p2a: Clefable|74\/100\n|\n|-heal|p1a: Drampa|42\/100|[from] item: Leftovers\n|upkeep\n|turn|7\n|\n|t:|1657030368\n|switch|p1a: Jirachi|Jirachi|100\/100\n|-damage|p1a: Jirachi|94\/100|[from] Stealth Rock\n|move|p2a: Clefable|Moonblast|p1a: Jirachi\n|-resisted|p1a: Jirachi\n|-damage|p1a: Jirachi|82\/100\n|\n|upkeep\n|turn|8\n|\n|t:|1657030371\n|switch|p2a: Ferrothorn|Ferrothorn, M|98\/100\n|-damage|p2a: Ferrothorn|91\/100|[from] Stealth Rock\n|move|p1a: Jirachi|Trick|p2a: Ferrothorn\n|-activate|p1a: Jirachi|move: Trick|[of] p2a: Ferrothorn\n|-item|p2a: Ferrothorn|Choice Scarf|[from] move: Trick\n|-item|p1a: Jirachi|Leftovers|[from] move: Trick\n|\n|-heal|p1a: Jirachi|88\/100|[from] item: Leftovers\n|upkeep\n|turn|9\n|\n|t:|1657030374\n|move|p1a: Jirachi|Protect|p1a: Jirachi\n|-singleturn|p1a: Jirachi|Protect\n|move|p2a: Ferrothorn|Leech Seed|p1a: Jirachi\n|-activate|p1a: Jirachi|move: Protect\n|\n|-heal|p1a: Jirachi|94\/100|[from] item: Leftovers\n|upkeep\n|turn|10\n|\n|t:|1657030378\n|move|p1a: Jirachi|Wish|p1a: Jirachi\n|move|p2a: Ferrothorn|Leech Seed|p1a: Jirachi\n|-start|p1a: Jirachi|move: Leech Seed\n|\n|-heal|p1a: Jirachi|99\/100|[from] item: Leftovers\n|-damage|p1a: Jirachi|88\/100|[from] Leech Seed|[of] p2a: Ferrothorn\n|-heal|p2a: Ferrothorn|100\/100|[silent]\n|upkeep\n|turn|11\n|\n|t:|1657030382\n|switch|p1a: Seismitoad|Seismitoad, M|37\/100\n|-damage|p1a: Seismitoad|31\/100|[from] Stealth Rock\n|switch|p2a: Clefable|Clefable, F|74\/100\n|\n|-heal|p1a: Seismitoad|80\/100|[from] move: Wish|[wisher] Jirachi\n|upkeep\n|turn|12\n|\n|t:|1657030387\n|switch|p1a: Jirachi|Jirachi|88\/100\n|-damage|p1a: Jirachi|82\/100|[from] Stealth Rock\n|move|p2a: Clefable|Moonblast|p1a: Jirachi\n|-resisted|p1a: Jirachi\n|-damage|p1a: Jirachi|69\/100\n|\n|-heal|p1a: Jirachi|75\/100|[from] item: Leftovers\n|upkeep\n|turn|13\n|\n|t:|1657030392\n|switch|p2a: Ferrothorn|Ferrothorn, M|100\/100\n|-damage|p2a: Ferrothorn|94\/100|[from] Stealth Rock\n|move|p1a: Jirachi|Wish|p1a: Jirachi\n|\n|-heal|p1a: Jirachi|81\/100|[from] item: Leftovers\n|upkeep\n|turn|14\n|\n|t:|1657030401\n|move|p1a: Jirachi|Protect|p1a: Jirachi\n|-singleturn|p1a: Jirachi|Protect\n|move|p2a: Ferrothorn|Leech Seed|p1a: Jirachi\n|-activate|p1a: Jirachi|move: Protect\n|\n|-heal|p1a: Jirachi|100\/100|[from] move: Wish|[wisher] Jirachi\n|upkeep\n|turn|15\n|\n|t:|1657030404\n|switch|p1a: Drampa|Drampa, M, shiny|42\/100\n|-damage|p1a: Drampa|29\/100|[from] Stealth Rock\n|move|p2a: Ferrothorn|Leech Seed|p1a: Drampa\n|-ability|p1a: Drampa|Sap Sipper|boost\n|-boost|p1a: Drampa|atk|1\n|\n|-heal|p1a: Drampa|35\/100|[from] item: Leftovers\n|upkeep\n|turn|16\n|\n|t:|1657030408\n|switch|p2a: Clefable|Clefable, F|74\/100\n|move|p1a: Drampa|Roost|p1a: Drampa\n|-heal|p1a: Drampa|85\/100\n|-singleturn|p1a: Drampa|move: Roost\n|\n|-heal|p1a: Drampa|92\/100|[from] item: Leftovers\n|upkeep\n|turn|17\n|\n|t:|1657030412\n|switch|p1a: Jirachi|Jirachi|100\/100\n|-damage|p1a: Jirachi|94\/100|[from] Stealth Rock\n|move|p2a: Clefable|Thunder|p1a: Jirachi\n|-damage|p1a: Jirachi|74\/100\n|\n|-heal|p1a: Jirachi|80\/100|[from] item: Leftovers\n|upkeep\n|turn|18\n|\n|t:|1657030417\n|move|p1a: Jirachi|Iron Head|p2a: Clefable\n|-supereffective|p2a: Clefable\n|-damage|p2a: Clefable|31\/100\n|move|p2a: Clefable|Soft-Boiled|p2a: Clefable\n|-heal|p2a: Clefable|81\/100\n|\n|-heal|p1a: Jirachi|86\/100|[from] item: Leftovers\n|upkeep\n|turn|19\n|\n|t:|1657030420\n|switch|p2a: Ferrothorn|Ferrothorn, M|94\/100\n|-damage|p2a: Ferrothorn|88\/100|[from] Stealth Rock\n|move|p1a: Jirachi|Iron Head|p2a: Ferrothorn\n|-resisted|p2a: Ferrothorn\n|-damage|p2a: Ferrothorn|78\/100\n|-damage|p1a: Jirachi|74\/100|[from] ability: Iron Barbs|[of] p2a: Ferrothorn\n|\n|-heal|p1a: Jirachi|80\/100|[from] item: Leftovers\n|upkeep\n|turn|20\n|\n|t:|1657030425\n|move|p1a: Jirachi|Protect|p1a: Jirachi\n|-singleturn|p1a: Jirachi|Protect\n|move|p2a: Ferrothorn|Leech Seed|p1a: Jirachi\n|-activate|p1a: Jirachi|move: Protect\n|\n|-heal|p1a: Jirachi|86\/100|[from] item: Leftovers\n|upkeep\n|turn|21\n|\n|t:|1657030432\n|switch|p1a: Skarmory|Skarmory, M|100\/100\n|-damage|p1a: Skarmory|88\/100|[from] Stealth Rock\n|switch|p2a: Tornadus|Tornadus-Therian, M|100\/100 tox\n|-damage|p2a: Tornadus|76\/100 tox|[from] Stealth Rock\n|\n|-damage|p2a: Tornadus|69\/100 tox|[from] psn\n|upkeep\n|turn|22\n|\n|t:|1657030437\n|move|p2a: Tornadus|Knock Off|p1a: Skarmory\n|-damage|p1a: Skarmory|76\/100\n|-damage|p2a: Tornadus|53\/100 tox|[from] item: Rocky Helmet|[of] p1a: Skarmory\n|-enditem|p1a: Skarmory|Rocky Helmet|[from] move: Knock Off|[of] p2a: Tornadus\n|move|p1a: Skarmory|Spikes|p2a: Tornadus\n|-sidestart|p2: master jamvad|Spikes\n|\n|-damage|p2a: Tornadus|41\/100 tox|[from] psn\n|upkeep\n|turn|23\n|\n|t:|1657030443\n|move|p2a: Tornadus|Heat Wave|p1a: Skarmory\n|-supereffective|p1a: Skarmory\n|-damage|p1a: Skarmory|11\/100\n|move|p1a: Skarmory|Roost|p1a: Skarmory\n|-heal|p1a: Skarmory|61\/100\n|-singleturn|p1a: Skarmory|move: Roost\n|\n|-damage|p2a: Tornadus|22\/100 tox|[from] psn\n|upkeep\n|turn|24\n|\n|t:|1657030458\n|switch|p1a: Toxapex|Toxapex, M|100\/100\n|-damage|p1a: Toxapex|88\/100|[from] Stealth Rock\n|move|p2a: Tornadus|U-turn|p1a: Toxapex\n|-resisted|p1a: Toxapex\n|-damage|p1a: Toxapex|83\/100\n|-damage|p2a: Tornadus|6\/100 tox|[from] item: Rocky Helmet|[of] p1a: Toxapex\n|\n|t:|1657030464\n|switch|p2a: Clefable|Clefable, F|81\/100|[from]move: U-turn\n|\n|upkeep\n|turn|25\n|\n|t:|1657030471\n|move|p2a: Clefable|Thunder|p1a: Toxapex\n|-supereffective|p1a: Toxapex\n|-damage|p1a: Toxapex|35\/100\n|move|p1a: Toxapex|Toxic Spikes|p2a: Clefable\n|-sidestart|p2: master jamvad|move: Toxic Spikes\n|\n|upkeep\n|turn|26\n|\n|t:|1657030477\n|switch|p2a: Volcarona|Volcarona, M|100\/100\n|switch|p1a: Jirachi|Jirachi|86\/100\n|-damage|p1a: Jirachi|80\/100|[from] Stealth Rock\n|\n|-heal|p1a: Jirachi|86\/100|[from] item: Leftovers\n|upkeep\n|turn|27\n|\n|t:|1657030488\n|move|p2a: Volcarona|Quiver Dance|p2a: Volcarona\n|-boost|p2a: Volcarona|spa|1\n|-boost|p2a: Volcarona|spd|1\n|-boost|p2a: Volcarona|spe|1\n|move|p1a: Jirachi|Trick|p2a: Volcarona\n|-activate|p1a: Jirachi|move: Trick|[of] p2a: Volcarona\n|-item|p2a: Volcarona|Leftovers|[from] move: Trick\n|-item|p1a: Jirachi|Heavy-Duty Boots|[from] move: Trick\n|\n|upkeep\n|turn|28\n|\n|t:|1657030496\n|switch|p1a: Drampa|Drampa, M, shiny|92\/100\n|-damage|p1a: Drampa|79\/100|[from] Stealth Rock\n|move|p2a: Volcarona|Quiver Dance|p2a: Volcarona\n|-boost|p2a: Volcarona|spa|1\n|-boost|p2a: Volcarona|spd|1\n|-boost|p2a: Volcarona|spe|1\n|\n|-heal|p1a: Drampa|85\/100|[from] item: Leftovers\n|upkeep\n|turn|29\n|\n|t:|1657030503\n|move|p2a: Volcarona|Bug Buzz|p1a: Drampa\n|-damage|p1a: Drampa|2\/100\n|move|p1a: Drampa|Roost|p1a: Drampa\n|-heal|p1a: Drampa|52\/100\n|-singleturn|p1a: Drampa|move: Roost\n|\n|-heal|p1a: Drampa|58\/100|[from] item: Leftovers\n|upkeep\n|turn|30\n|\n|t:|1657030511\n|switch|p1a: Clefable|Clefable, M|100\/100\n|-damage|p1a: Clefable|88\/100|[from] Stealth Rock\n|move|p2a: Volcarona|Bug Buzz|p1a: Clefable\n|-resisted|p1a: Clefable\n|-damage|p1a: Clefable|62\/100\n|\n|-heal|p1a: Clefable|68\/100|[from] item: Leftovers\n|upkeep\n|turn|31\n|\n|t:|1657030514\n|move|p2a: Volcarona|Fire Blast|p1a: Clefable\n|-damage|p1a: Clefable|10\/100\n|move|p1a: Clefable|Soft-Boiled|p1a: Clefable\n|-heal|p1a: Clefable|60\/100\n|\n|-heal|p1a: Clefable|66\/100|[from] item: Leftovers\n|upkeep\n|turn|32\n|\n|t:|1657030518\n|move|p2a: Volcarona|Fire Blast|p1a: Clefable\n|-damage|p1a: Clefable|2\/100\n|move|p1a: Clefable|Soft-Boiled|p1a: Clefable\n|-heal|p1a: Clefable|52\/100\n|\n|-heal|p1a: Clefable|58\/100|[from] item: Leftovers\n|upkeep\n|turn|33\n|\n|t:|1657030523\n|move|p2a: Volcarona|Fire Blast|p1a: Clefable\n|-damage|p1a: Clefable|0 fnt\n|faint|p1a: Clefable\n|\n|upkeep\n|-message|SKIP THE DRIP forfeited.\n|\n|win|master jamvad\n|n|\u2606SKIP THE DRIP|skipthedrip\n|n|\u2606master jamvad|masterjamvad\n|n| Begin Testing|begintesting\n|n| convection oven|convectionoven\n|n| Sww-Suwa|swwsuwa\n|n| Starfire Scarlet|starfirescarlet\n|n| AlIoutdragadarts|alioutdragadarts\n|n| rooopos|rooopos\n|l|\u2606SKIP THE DRIP\n|c|\u2606master jamvad|gg\n|l| Sww-Suwa\n","uploadtime":1657030531,"views":19,"p1id":"skipthedrip","p2id":"masterjamvad","formatid":"gen8ou","rating":0,"private":0,"password":null}