{"id":"gen8ru-1153176500","p1":"xskelly34","p2":"lph123 \u266b","format":"gen8ru","log":"|j|\u2606xskelly34\n|j|\u2606lph123 \u266b\n|player|p1|xskelly34|preschoolers|\n|player|p2|lph123 \u266b|teamrocket|\n|teamsize|p1|6\n|teamsize|p2|6\n|gametype|singles\n|gen|8\n|tier|[Gen 8] RU\n|clearpoke\n|poke|p1|Porygon2|\n|poke|p1|Alcremie, F|\n|poke|p1|Decidueye, F|\n|poke|p1|Togedemaru, F|\n|poke|p1|Rhydon, M|\n|poke|p1|Charizard, F|\n|poke|p2|Dhelmise|\n|poke|p2|Slowpoke, F|\n|poke|p2|Pincurchin, M|\n|poke|p2|Wishiwashi, F|\n|poke|p2|Porygon2|\n|poke|p2|Exeggutor-Alola, F|\n|rule|Sleep Clause Mod: Limit one foe put to sleep\n|rule|Species Clause: Limit one of each Pok\u00e9mon\n|rule|OHKO Clause: OHKO moves are banned\n|rule|Evasion Moves Clause: Evasion moves are banned\n|rule|Endless Battle Clause: Forcing endless battles is banned\n|rule|HP Percentage Mod: HP is shown in percentages\n|rule|Dynamax Clause: You cannot dynamax\n|teampreview\n|c|\u2606lph123 \u266b|glhf\n|\n|start\n|switch|p1a: Togedemaru|Togedemaru, F|100\/100\n|switch|p2a: Slowpoke|Slowpoke, F|100\/100\n|turn|1\n|\n|move|p1a: Togedemaru|U-turn|p2a: Slowpoke\n|-supereffective|p2a: Slowpoke\n|-damage|p2a: Slowpoke|78\/100\n|\n|switch|p1a: Decidueye|Decidueye, F|100\/100|[from]move: U-turn\n|move|p2a: Slowpoke|Trick Room|p2a: Slowpoke\n|-fieldstart|move: Trick Room|[of] p2a: Slowpoke\n|\n|upkeep\n|turn|2\n|c|\u2606lph123 \u266b|how fat\n|c|\u2606lph123 \u266b|is this\n|inactive|Battle timer is ON: inactive players will automatically lose when time's up. (requested by xskelly34)\n|\n|switch|p2a: Exeggutor|Exeggutor-Alola, F|100\/100\n|-item|p1a: Decidueye|Colbur Berry|[from] ability: Frisk|[of] p2a: Exeggutor|[identify]\n|move|p1a: Decidueye|Leaf Blade|p2a: Exeggutor\n|-resisted|p2a: Exeggutor\n|-damage|p2a: Exeggutor|90\/100\n|\n|upkeep\n|turn|3\n|\n|switch|p1a: Porygon2|Porygon2|100\/100\n|-ability|p1a: Porygon2|Frisk|[from] ability: Trace|[of] p2a: Exeggutor\n|-item|p2a: Exeggutor|Choice Specs|[from] ability: Frisk|[of] p1a: Porygon2|[identify]\n|move|p2a: Exeggutor|Leaf Storm|p1a: Porygon2\n|-crit|p1a: Porygon2\n|-damage|p1a: Porygon2|21\/100\n|-unboost|p2a: Exeggutor|spa|2\n|\n|upkeep\n|turn|4\n|c|\u2606lph123 \u266b|sorry\n|inactive|xskelly34 has 270 seconds left.\n|\n|switch|p1a: Togedemaru|Togedemaru, F|100\/100\n|move|p2a: Exeggutor|Leaf Storm|p1a: Togedemaru\n|-resisted|p1a: Togedemaru\n|-damage|p1a: Togedemaru|57\/100\n|-unboost|p2a: Exeggutor|spa|2\n|\n|upkeep\n|turn|5\n|\n|switch|p2a: Porygon2|Porygon2|100\/100\n|-ability|p2a: Porygon2|Lightning Rod|[from] ability: Trace|[of] p1a: Togedemaru\n|move|p1a: Togedemaru|U-turn|p2a: Porygon2\n|-damage|p2a: Porygon2|87\/100\n|\n|switch|p1a: Porygon2|Porygon2|21\/100|[from]move: U-turn\n|-ability|p1a: Porygon2|Lightning Rod|[from] ability: Trace|[of] p2a: Porygon2\n|\n|-fieldend|move: Trick Room\n|upkeep\n|turn|6\n|\n|move|p2a: Porygon2|Toxic|p1a: Porygon2\n|-status|p1a: Porygon2|tox\n|move|p1a: Porygon2|Recover|p1a: Porygon2\n|-heal|p1a: Porygon2|71\/100 tox\n|\n|-damage|p1a: Porygon2|65\/100 tox|[from] psn\n|upkeep\n|turn|7\n|c|\u2606lph123 \u266b|ah wp\n|\n|move|p1a: Porygon2|Toxic|p2a: Porygon2\n|-status|p2a: Porygon2|tox\n|move|p2a: Porygon2|Trick Room|p2a: Porygon2\n|-fieldstart|move: Trick Room|[of] p2a: Porygon2\n|\n|-damage|p2a: Porygon2|81\/100 tox|[from] psn\n|-damage|p1a: Porygon2|52\/100 tox|[from] psn\n|upkeep\n|turn|8\n|\n|move|p1a: Porygon2|Recover|p1a: Porygon2\n|-heal|p1a: Porygon2|100\/100 tox\n|move|p2a: Porygon2|Teleport|p2a: Porygon2\n|\n|switch|p2a: Dhelmise|Dhelmise|100\/100|[from]move: Teleport\n|\n|-damage|p1a: Porygon2|82\/100 tox|[from] psn\n|upkeep\n|turn|9\n|\n|move|p2a: Dhelmise|Swords Dance|p2a: Dhelmise\n|-boost|p2a: Dhelmise|atk|2\n|move|p1a: Porygon2|Teleport|p1a: Porygon2\n|\n|switch|p1a: Rhydon|Rhydon, M|100\/100|[from]move: Teleport\n|\n|upkeep\n|turn|10\n|\n|switch|p1a: Charizard|Charizard, F|100\/100\n|move|p2a: Dhelmise|Power Whip|p1a: Charizard\n|-resisted|p1a: Charizard\n|-damage|p1a: Charizard|45\/100\n|-damage|p2a: Dhelmise|91\/100|[from] item: Life Orb\n|\n|upkeep\n|turn|11\n|c|\u2606lph123 \u266b|damn wtf\n|\n|switch|p1a: Porygon2|Porygon2|82\/100 tox\n|-ability|p1a: Porygon2|Steelworker|[from] ability: Trace|[of] p2a: Dhelmise\n|move|p2a: Dhelmise|Poltergeist|p1a: Porygon2\n|-immune|p1a: Porygon2\n|\n|-damage|p1a: Porygon2|76\/100 tox|[from] psn\n|-fieldend|move: Trick Room\n|upkeep\n|turn|12\n|\n|move|p1a: Porygon2|Ice Beam|p2a: Dhelmise\n|-supereffective|p2a: Dhelmise\n|-damage|p2a: Dhelmise|40\/100\n|move|p2a: Dhelmise|Power Whip|p1a: Porygon2\n|-damage|p1a: Porygon2|0 fnt\n|-damage|p2a: Dhelmise|30\/100|[from] item: Life Orb\n|faint|p1a: Porygon2\n|\n|upkeep\n|inactive|xskelly34 has 270 seconds left.\n|\n|switch|p1a: Charizard|Charizard, F|45\/100\n|turn|13\n|\n|switch|p2a: Slowpoke|Slowpoke, F|100\/100\n|move|p1a: Charizard|Flamethrower|p2a: Slowpoke\n|-resisted|p2a: Slowpoke\n|-damage|p2a: Slowpoke|81\/100\n|\n|upkeep\n|turn|14\n|\n|move|p1a: Charizard|Roost|p1a: Charizard\n|-heal|p1a: Charizard|95\/100\n|-singleturn|p1a: Charizard|move: Roost\n|move|p2a: Slowpoke|Trick Room|p2a: Slowpoke\n|-fieldstart|move: Trick Room|[of] p2a: Slowpoke\n|\n|upkeep\n|turn|15\n|\n|move|p1a: Charizard|Toxic|p2a: Slowpoke\n|-status|p2a: Slowpoke|tox\n|move|p2a: Slowpoke|Teleport|p2a: Slowpoke\n|\n|switch|p2a: Pincurchin|Pincurchin, M|100\/100|[from]move: Teleport\n|-fieldstart|move: Electric Terrain|[from] ability: Electric Surge|[of] p2a: Pincurchin\n|\n|upkeep\n|turn|16\n|\n|switch|p1a: Togedemaru|Togedemaru, F|57\/100\n|move|p2a: Pincurchin|Surf|p1a: Togedemaru\n|-damage|p1a: Togedemaru|0 fnt\n|-damage|p2a: Pincurchin|91\/100|[from] item: Life Orb\n|faint|p1a: Togedemaru\n|\n|upkeep\n|\n|switch|p1a: Alcremie|Alcremie, F|100\/100\n|turn|17\n|\n|move|p2a: Pincurchin|Rising Voltage|p1a: Alcremie\n|-damage|p1a: Alcremie|12\/100\n|-damage|p2a: Pincurchin|81\/100|[from] item: Life Orb\n|move|p1a: Alcremie|Calm Mind|p1a: Alcremie\n|-boost|p1a: Alcremie|spa|1\n|-boost|p1a: Alcremie|spd|1\n|\n|-heal|p1a: Alcremie|18\/100|[from] item: Leftovers\n|upkeep\n|turn|18\n|c|\u2606lph123 \u266b|oh my gos\n|\n|move|p2a: Pincurchin|Surf|p1a: Alcremie\n|-damage|p1a: Alcremie|0 fnt\n|-damage|p2a: Pincurchin|72\/100|[from] item: Life Orb\n|faint|p1a: Alcremie\n|\n|-fieldend|move: Trick Room\n|upkeep\n|\n|switch|p1a: Decidueye|Decidueye, F|100\/100\n|turn|19\n|\n|move|p2a: Pincurchin|Sucker Punch||[still]\n|-fail|p2a: Pincurchin\n|move|p1a: Decidueye|Swords Dance|p1a: Decidueye\n|-boost|p1a: Decidueye|atk|2\n|\n|-fieldend|move: Electric Terrain\n|upkeep\n|turn|20\n|\n|move|p1a: Decidueye|Swords Dance|p1a: Decidueye\n|-boost|p1a: Decidueye|atk|2\n|move|p2a: Pincurchin|Rising Voltage|p1a: Decidueye\n|-resisted|p1a: Decidueye\n|-damage|p1a: Decidueye|77\/100\n|-damage|p2a: Pincurchin|62\/100|[from] item: Life Orb\n|\n|upkeep\n|turn|21\n|inactive|xskelly34 has 270 seconds left.\n|\n|move|p2a: Pincurchin|Sucker Punch||[still]\n|-fail|p2a: Pincurchin\n|move|p1a: Decidueye|Swords Dance|p1a: Decidueye\n|-boost|p1a: Decidueye|atk|2\n|\n|upkeep\n|turn|22\n|inactive|xskelly34 has 270 seconds left.\n|\n|move|p2a: Pincurchin|Sucker Punch|p1a: Decidueye\n|-supereffective|p1a: Decidueye\n|-enditem|p1a: Decidueye|Colbur Berry|[eat]\n|-enditem|p1a: Decidueye|Colbur Berry|[weaken]\n|-damage|p1a: Decidueye|35\/100\n|-damage|p2a: Pincurchin|52\/100|[from] item: Life Orb\n|move|p1a: Decidueye|Leaf Blade|p2a: Pincurchin\n|-damage|p2a: Pincurchin|0 fnt\n|faint|p2a: Pincurchin\n|\n|upkeep\n|inactive|lph123 \u266b has 270 seconds left.\n|\n|switch|p2a: Porygon2|Porygon2|81\/100 tox\n|-ability|p2a: Porygon2|Long Reach|[from] ability: Trace|[of] p1a: Decidueye\n|turn|23\n|\n|move|p1a: Decidueye|Leaf Blade|p2a: Porygon2\n|-damage|p2a: Porygon2|0 fnt\n|faint|p2a: Porygon2\n|\n|upkeep\n|inactive|lph123 \u266b has 270 seconds left.\n|\n|switch|p2a: Exeggutor|Exeggutor-Alola, F|90\/100\n|turn|24\n|\n|move|p1a: Decidueye|Poltergeist|p2a: Exeggutor\n|-activate|p2a: Exeggutor|move: Poltergeist|Choice Specs\n|-damage|p2a: Exeggutor|0 fnt\n|faint|p2a: Exeggutor\n|\n|upkeep\n|-message|lph123 \u266b forfeited.\n|\n|win|xskelly34\n|c|\u2606lph123 \u266b|gg\n|l|\u2606xskelly34\n","uploadtime":1595040655,"views":88,"p1id":"xskelly34","p2id":"lph123","formatid":"gen8ru","rating":0,"private":0,"password":null}