{"id":"gen8uu-1145482085","p1":"Aligax","p2":"TryHonesty","format":"gen8uu","log":"|j|\u2606Aligax\n|j|\u2606TryHonesty\n|player|p1|Aligax|harlequin|1397\n|player|p2|TryHonesty|170|1280\n|teamsize|p1|6\n|teamsize|p2|6\n|gametype|singles\n|gen|8\n|tier|[Gen 8] UU\n|rated|\n|clearpoke\n|poke|p1|Slowbro-Galar, M|\n|poke|p1|Terrakion|\n|poke|p1|Palossand, F|\n|poke|p1|Incineroar, F|\n|poke|p1|Mantine, F|\n|poke|p1|Druddigon, M|\n|poke|p2|Starmie|\n|poke|p2|Incineroar, F|\n|poke|p2|Kyurem|\n|poke|p2|Aegislash, M|\n|poke|p2|Keldeo-Resolute|\n|poke|p2|Skarmory, F|\n|rule|Sleep Clause Mod: Limit one foe put to sleep\n|rule|Species Clause: Limit one of each Pok\u00e9mon\n|rule|OHKO Clause: OHKO moves are banned\n|rule|Evasion Moves Clause: Evasion moves are banned\n|rule|Endless Battle Clause: Forcing endless battles is banned\n|rule|HP Percentage Mod: HP is shown in percentages\n|rule|Dynamax Clause: You cannot dynamax\n|teampreview\n|inactive|Battle timer is ON: inactive players will automatically lose when time's up. (requested by TryHonesty)\n|\n|start\n|switch|p1a: Terrakion|Terrakion|100\/100\n|switch|p2a: Kyurem|Kyurem|100\/100\n|-ability|p2a: Kyurem|Pressure\n|turn|1\n|\n|switch|p2a: Aegislash|Aegislash, M|100\/100\n|move|p1a: Terrakion|Stealth Rock|p2a: Aegislash\n|-sidestart|p2: TryHonesty|move: Stealth Rock\n|\n|upkeep\n|turn|2\n|\n|switch|p1a: Mantine|Mantine, F|100\/100\n|-formechange|p2a: Aegislash|Aegislash-Blade||[from] ability: Stance Change\n|move|p2a: Aegislash|Shadow Ball|p1a: Mantine\n|-damage|p1a: Mantine|53\/100\n|\n|upkeep\n|turn|3\n|\n|move|p2a: Aegislash|Shadow Ball|p1a: Mantine\n|-damage|p1a: Mantine|0 fnt\n|faint|p1a: Mantine\n|\n|upkeep\n|\n|switch|p1a: Incineroar|Incineroar, F|100\/100\n|-ability|p1a: Incineroar|Intimidate|boost\n|-unboost|p2a: Aegislash|atk|1\n|turn|4\n|\n|switch|p2a: Keldeo|Keldeo-Resolute|100\/100\n|-damage|p2a: Keldeo|94\/100|[from] Stealth Rock\n|move|p1a: Incineroar|Knock Off|p2a: Keldeo\n|-resisted|p2a: Keldeo\n|-damage|p2a: Keldeo|72\/100\n|-ability|p2a: Keldeo|Justified|boost\n|-boost|p2a: Keldeo|atk|1\n|-enditem|p2a: Keldeo|Choice Specs|[from] move: Knock Off|[of] p1a: Incineroar\n|\n|upkeep\n|turn|5\n|\n|move|p2a: Keldeo|Surf|p1a: Incineroar\n|-supereffective|p1a: Incineroar\n|-damage|p1a: Incineroar|26\/100\n|move|p1a: Incineroar|Parting Shot|p2a: Keldeo\n|-unboost|p2a: Keldeo|atk|1\n|-unboost|p2a: Keldeo|spa|1\n|\n|switch|p1a: Slowbro|Slowbro-Galar, M|100\/100|[from]move: Parting Shot\n|\n|upkeep\n|turn|6\n|\n|switch|p2a: Skarmory|Skarmory, F|100\/100\n|-damage|p2a: Skarmory|88\/100|[from] Stealth Rock\n|move|p1a: Slowbro|Nasty Plot|p1a: Slowbro\n|-boost|p1a: Slowbro|spa|2\n|\n|upkeep\n|turn|7\n|\n|move|p2a: Skarmory|Brave Bird|p1a: Slowbro\n|-damage|p1a: Slowbro|56\/100\n|-damage|p2a: Skarmory|67\/100|[from] Recoil\n|move|p1a: Slowbro|Flamethrower|p2a: Skarmory\n|-supereffective|p2a: Skarmory\n|-damage|p2a: Skarmory|0 fnt\n|faint|p2a: Skarmory\n|\n|upkeep\n|\n|switch|p2a: Starmie|Starmie|100\/100\n|-damage|p2a: Starmie|88\/100|[from] Stealth Rock\n|turn|8\n|\n|move|p2a: Starmie|Psyshock|p1a: Slowbro\n|-damage|p1a: Slowbro|26\/100\n|move|p1a: Slowbro|Shell Side Arm|p2a: Starmie\n|-damage|p2a: Starmie|0 fnt\n|-hint|Special Shell Side Arm\n|faint|p2a: Starmie\n|\n|upkeep\n|\n|switch|p2a: Keldeo|Keldeo-Resolute|72\/100\n|-damage|p2a: Keldeo|66\/100|[from] Stealth Rock\n|turn|9\n|-activate|p1a: Slowbro|item: Quick Claw\n|\n|move|p1a: Slowbro|Psychic|p2a: Keldeo\n|-supereffective|p2a: Keldeo\n|-damage|p2a: Keldeo|0 fnt\n|faint|p2a: Keldeo\n|\n|upkeep\n|\n|switch|p2a: Kyurem|Kyurem|100\/100\n|-damage|p2a: Kyurem|76\/100|[from] Stealth Rock\n|-ability|p2a: Kyurem|Pressure\n|turn|10\n|\n|move|p2a: Kyurem|Earth Power|p1a: Slowbro\n|-supereffective|p1a: Slowbro\n|-damage|p1a: Slowbro|0 fnt\n|faint|p1a: Slowbro\n|\n|upkeep\n|\n|switch|p1a: Terrakion|Terrakion|100\/100\n|turn|11\n|\n|switch|p1a: Incineroar|Incineroar, F|26\/100\n|-ability|p1a: Incineroar|Intimidate|boost\n|-unboost|p2a: Kyurem|atk|1\n|switch|p2a: Aegislash|Aegislash, M|100\/100\n|-damage|p2a: Aegislash|94\/100|[from] Stealth Rock\n|\n|upkeep\n|turn|12\n|\n|switch|p2a: Kyurem|Kyurem|76\/100\n|-damage|p2a: Kyurem|51\/100|[from] Stealth Rock\n|-ability|p2a: Kyurem|Pressure\n|move|p1a: Incineroar|Knock Off|p2a: Kyurem\n|-damage|p2a: Kyurem|20\/100\n|-enditem|p2a: Kyurem|Metronome|[from] move: Knock Off|[of] p1a: Incineroar\n|\n|upkeep\n|turn|13\n|\n|move|p2a: Kyurem|Roost|p2a: Kyurem\n|-heal|p2a: Kyurem|70\/100\n|-singleturn|p2a: Kyurem|move: Roost\n|move|p1a: Incineroar|Earthquake|p2a: Kyurem\n|-damage|p2a: Kyurem|49\/100\n|\n|upkeep\n|turn|14\n|\n|move|p2a: Kyurem|Roost|p2a: Kyurem\n|-heal|p2a: Kyurem|99\/100\n|-singleturn|p2a: Kyurem|move: Roost\n|move|p1a: Incineroar|Parting Shot|p2a: Kyurem\n|-unboost|p2a: Kyurem|atk|1\n|-unboost|p2a: Kyurem|spa|1\n|\n|switch|p1a: Terrakion|Terrakion|100\/100|[from]move: Parting Shot\n|\n|upkeep\n|turn|15\n|\n|switch|p2a: Aegislash|Aegislash, M|94\/100\n|-damage|p2a: Aegislash|88\/100|[from] Stealth Rock\n|move|p1a: Terrakion|Stone Edge|p2a: Aegislash|[miss]\n|-miss|p1a: Terrakion|p2a: Aegislash\n|\n|upkeep\n|turn|16\n|\n|switch|p1a: Incineroar|Incineroar, F|26\/100\n|-ability|p1a: Incineroar|Intimidate|boost\n|-unboost|p2a: Aegislash|atk|1\n|-formechange|p2a: Aegislash|Aegislash-Blade||[from] ability: Stance Change\n|move|p2a: Aegislash|Shadow Ball|p1a: Incineroar\n|-resisted|p1a: Incineroar\n|-damage|p1a: Incineroar|0 fnt\n|faint|p1a: Incineroar\n|\n|upkeep\n|\n|switch|p1a: Druddigon|Druddigon, M|100\/100\n|turn|17\n|\n|move|p2a: Aegislash|Shadow Ball|p1a: Druddigon\n|-damage|p1a: Druddigon|9\/100\n|-unboost|p1a: Druddigon|spd|1\n|move|p1a: Druddigon|Scale Shot|p2a: Aegislash\n|-resisted|p2a: Aegislash\n|-damage|p2a: Aegislash|67\/100\n|-resisted|p2a: Aegislash\n|-damage|p2a: Aegislash|48\/100\n|-resisted|p2a: Aegislash\n|-damage|p2a: Aegislash|28\/100\n|-hitcount|p2a: Aegislash|3\n|-unboost|p1a: Druddigon|def|1\n|-boost|p1a: Druddigon|spe|1\n|-damage|p1a: Druddigon|0 fnt|[from] item: Life Orb\n|faint|p1a: Druddigon\n|\n|upkeep\n|\n|switch|p1a: Terrakion|Terrakion|100\/100\n|turn|18\n|\n|move|p1a: Terrakion|Stone Edge|p2a: Aegislash\n|-resisted|p2a: Aegislash\n|-damage|p2a: Aegislash|0 fnt\n|faint|p2a: Aegislash\n|\n|upkeep\n|\n|switch|p2a: Incineroar|Incineroar, F|100\/100\n|-damage|p2a: Incineroar|76\/100|[from] Stealth Rock\n|-ability|p2a: Incineroar|Intimidate|boost\n|-unboost|p1a: Terrakion|atk|1\n|-item|p2a: Incineroar|Air Balloon\n|turn|19\n|\n|move|p1a: Terrakion|Stone Edge|p2a: Incineroar\n|-supereffective|p2a: Incineroar\n|-damage|p2a: Incineroar|0 fnt\n|-enditem|p2a: Incineroar|Air Balloon\n|faint|p2a: Incineroar\n|\n|upkeep\n|\n|switch|p2a: Kyurem|Kyurem|99\/100\n|-damage|p2a: Kyurem|74\/100|[from] Stealth Rock\n|-ability|p2a: Kyurem|Pressure\n|turn|20\n|\n|switch|p1a: Palossand|Palossand, F|100\/100\n|move|p2a: Kyurem|Earth Power|p1a: Palossand\n|-damage|p1a: Palossand|60\/100\n|\n|-heal|p1a: Palossand|66\/100|[from] item: Leftovers\n|upkeep\n|turn|21\n|\n|move|p2a: Kyurem|Substitute|p2a: Kyurem\n|-start|p2a: Kyurem|Substitute\n|-damage|p2a: Kyurem|49\/100\n|move|p1a: Palossand|Scorching Sands|p2a: Kyurem\n|-activate|p2a: Kyurem|move: Substitute|[damage]\n|\n|-heal|p1a: Palossand|72\/100|[from] item: Leftovers\n|upkeep\n|turn|22\n|\n|move|p2a: Kyurem|Roost|p2a: Kyurem\n|-heal|p2a: Kyurem|99\/100\n|-singleturn|p2a: Kyurem|move: Roost\n|move|p1a: Palossand|Shadow Ball|p2a: Kyurem\n|-end|p2a: Kyurem|Substitute\n|\n|-heal|p1a: Palossand|78\/100|[from] item: Leftovers\n|upkeep\n|turn|23\n|\n|move|p2a: Kyurem|Substitute|p2a: Kyurem\n|-start|p2a: Kyurem|Substitute\n|-damage|p2a: Kyurem|75\/100\n|move|p1a: Palossand|Shadow Ball|p2a: Kyurem\n|-activate|p2a: Kyurem|move: Substitute|[damage]\n|\n|-heal|p1a: Palossand|84\/100|[from] item: Leftovers\n|upkeep\n|turn|24\n|\n|move|p2a: Kyurem|Ice Beam|p1a: Palossand\n|-supereffective|p1a: Palossand\n|-damage|p1a: Palossand|0 fnt\n|faint|p1a: Palossand\n|\n|upkeep\n|\n|switch|p1a: Terrakion|Terrakion|100\/100\n|turn|25\n|\n|move|p1a: Terrakion|Close Combat|p2a: Kyurem\n|-supereffective|p2a: Kyurem\n|-end|p2a: Kyurem|Substitute\n|-unboost|p1a: Terrakion|def|1\n|-unboost|p1a: Terrakion|spd|1\n|move|p2a: Kyurem|Earth Power|p1a: Terrakion\n|-supereffective|p1a: Terrakion\n|-enditem|p1a: Terrakion|Focus Sash\n|-damage|p1a: Terrakion|1\/100\n|\n|upkeep\n|turn|26\n|\n|move|p1a: Terrakion|Close Combat|p2a: Kyurem\n|-supereffective|p2a: Kyurem\n|-damage|p2a: Kyurem|0 fnt\n|-unboost|p1a: Terrakion|def|1\n|-unboost|p1a: Terrakion|spd|1\n|faint|p2a: Kyurem\n|\n|win|Aligax\n|l|\u2606TryHonesty\n|raw|Aligax's rating: 1397 &rarr; <strong>1411<\/strong><br \/>(+14 for winning)\n|raw|TryHonesty's rating: 1280 &rarr; <strong>1263<\/strong><br \/>(-17 for losing)\n","uploadtime":1593948376,"views":19,"p1id":"aligax","p2id":"tryhonesty","formatid":"gen8uu","rating":1263,"private":0,"password":null}