{"id":"gen8ou-1706135147","p1":"alvar03","p2":"Learning Weather","format":"gen8ou","log":"|j|\u2606alvar03\n|j|\u2606Learning Weather\n|t:|1667950808\n|gametype|singles\n|player|p1|alvar03|alder|1762\n|player|p2|Learning Weather|preschooler|1705\n|teamsize|p1|6\n|teamsize|p2|6\n|gen|8\n|tier|[Gen 8] OU\n|rated|\n|rule|Sleep Clause Mod: Limit one foe put to sleep\n|rule|Species Clause: Limit one of each Pok\u00e9mon\n|rule|OHKO Clause: OHKO moves are banned\n|rule|Evasion Items Clause: Evasion items are banned\n|rule|Evasion Moves Clause: Evasion moves are banned\n|rule|Endless Battle Clause: Forcing endless battles is banned\n|rule|HP Percentage Mod: HP is shown in percentages\n|rule|Dynamax Clause: You cannot dynamax\n|clearpoke\n|poke|p1|Latias, F|\n|poke|p1|Heatran, M|\n|poke|p1|Buzzwole|\n|poke|p1|Slowking, F|\n|poke|p1|Landorus-Therian, M|\n|poke|p1|Dragapult, F|\n|poke|p2|Clefable, F|\n|poke|p2|Tyranitar, F|\n|poke|p2|Rotom-Wash|\n|poke|p2|Dugtrio-Alola, F|\n|poke|p2|Tornadus-Therian, M|\n|poke|p2|Dracozolt|\n|teampreview\n|inactive|Battle timer is ON: inactive players will automatically lose when time's up. (requested by alvar03)\n|\n|t:|1667950834\n|start\n|switch|p1a: Dragapult|Dragapult, F|100\/100\n|switch|p2a: Clefable|Clefable, F|100\/100\n|turn|1\n|\n|t:|1667950841\n|switch|p1a: Slowking|Slowking, F|100\/100\n|move|p2a: Clefable|Ice Beam|p1a: Slowking\n|-resisted|p1a: Slowking\n|-damage|p1a: Slowking|90\/100\n|\n|upkeep\n|turn|2\n|\n|t:|1667950847\n|switch|p2a: Rotom|Rotom-Wash|100\/100\n|move|p1a: Slowking|Teleport|p1a: Slowking\n|\n|t:|1667950852\n|switch|p1a: Dragapult|Dragapult, F|100\/100|[from]move: Teleport\n|\n|upkeep\n|turn|3\n|\n|t:|1667950856\n|switch|p2a: Tyranitar|Tyranitar, F|100\/100\n|-weather|Sandstorm|[from] ability: Sand Stream|[of] p2a: Tyranitar\n|move|p1a: Dragapult|Substitute|p1a: Dragapult\n|-start|p1a: Dragapult|Substitute\n|-damage|p1a: Dragapult|76\/100\n|\n|-weather|Sandstorm|[upkeep]\n|-damage|p1a: Dragapult|70\/100|[from] Sandstorm\n|-heal|p1a: Dragapult|76\/100|[from] item: Leftovers\n|upkeep\n|turn|4\n|\n|t:|1667950860\n|move|p1a: Dragapult|Dragon Darts|p2a: Tyranitar\n|-damage|p2a: Tyranitar|77\/100\n|-anim|p1a: Dragapult|Dragon Darts|p2a: Tyranitar\n|-damage|p2a: Tyranitar|58\/100\n|move|p2a: Tyranitar|Rock Blast|p1a: Dragapult\n|-activate|p1a: Dragapult|move: Substitute|[damage]\n|-end|p1a: Dragapult|Substitute\n|-damage|p1a: Dragapult|59\/100\n|-hitcount|p1a: Dragapult|3\n|\n|-weather|Sandstorm|[upkeep]\n|-damage|p1a: Dragapult|53\/100|[from] Sandstorm\n|-heal|p1a: Dragapult|59\/100|[from] item: Leftovers\n|upkeep\n|turn|5\n|\n|t:|1667950876\n|switch|p1a: Buzzwole|Buzzwole|100\/100\n|move|p2a: Tyranitar|Stealth Rock|p1a: Buzzwole\n|-sidestart|p1: alvar03|move: Stealth Rock\n|\n|-weather|Sandstorm|[upkeep]\n|-damage|p1a: Buzzwole|94\/100|[from] Sandstorm\n|upkeep\n|turn|6\n|\n|t:|1667950879\n|switch|p1a: Landorus|Landorus-Therian, M|100\/100\n|-damage|p1a: Landorus|88\/100|[from] Stealth Rock\n|-ability|p1a: Landorus|Intimidate|boost\n|-unboost|p2a: Tyranitar|atk|1\n|switch|p2a: Rotom|Rotom-Wash|100\/100\n|\n|-weather|Sandstorm|[upkeep]\n|-damage|p2a: Rotom|94\/100|[from] Sandstorm\n|-heal|p1a: Landorus|94\/100|[from] item: Leftovers\n|-heal|p2a: Rotom|100\/100|[from] item: Leftovers\n|upkeep\n|turn|7\n|\n|t:|1667950886\n|move|p1a: Landorus|Defog|p2a: Rotom\n|-unboost|p2a: Rotom|evasion|1\n|-sideend|p1: alvar03|Stealth Rock|[from] move: Defog|[of] p1a: Landorus\n|move|p2a: Rotom|Hydro Pump|p1a: Landorus\n|-supereffective|p1a: Landorus\n|-damage|p1a: Landorus|36\/100\n|\n|-weather|Sandstorm|[upkeep]\n|-damage|p2a: Rotom|94\/100|[from] Sandstorm\n|-heal|p1a: Landorus|42\/100|[from] item: Leftovers\n|-heal|p2a: Rotom|100\/100|[from] item: Leftovers\n|upkeep\n|turn|8\n|\n|t:|1667950898\n|move|p1a: Landorus|Toxic|p2a: Rotom\n|-status|p2a: Rotom|tox\n|move|p2a: Rotom|Hydro Pump|p1a: Landorus\n|-supereffective|p1a: Landorus\n|-damage|p1a: Landorus|0 fnt\n|faint|p1a: Landorus\n|\n|-weather|Sandstorm|[upkeep]\n|-damage|p2a: Rotom|94\/100 tox|[from] Sandstorm\n|-heal|p2a: Rotom|100\/100 tox|[from] item: Leftovers\n|-damage|p2a: Rotom|94\/100 tox|[from] psn\n|upkeep\n|\n|t:|1667950915\n|switch|p1a: Latias|Latias, F|100\/100\n|turn|9\n|j| ISimpForKlara\n|\n|t:|1667950933\n|switch|p2a: Tyranitar|Tyranitar, F|58\/100\n|move|p1a: Latias|Psychic|p2a: Tyranitar\n|-immune|p2a: Tyranitar\n|\n|-weather|Sandstorm|[upkeep]\n|-damage|p1a: Latias|95\/100|[from] Sandstorm\n|upkeep\n|turn|10\n|\n|t:|1667950939\n|switch|p1a: Buzzwole|Buzzwole|94\/100\n|switch|p2a: Clefable|Clefable, F|100\/100\n|\n|-weather|none\n|upkeep\n|turn|11\n|\n|t:|1667950944\n|switch|p1a: Slowking|Slowking, F|100\/100\n|switch|p2a: Tyranitar|Tyranitar, F|58\/100\n|-weather|Sandstorm|[from] ability: Sand Stream|[of] p2a: Tyranitar\n|\n|-weather|Sandstorm|[upkeep]\n|-damage|p1a: Slowking|94\/100|[from] Sandstorm\n|upkeep\n|turn|12\n|\n|t:|1667950951\n|move|p2a: Tyranitar|Stealth Rock|p1a: Slowking\n|-sidestart|p1: alvar03|move: Stealth Rock\n|move|p1a: Slowking|Teleport|p1a: Slowking\n|\n|t:|1667950953\n|switch|p1a: Buzzwole|Buzzwole|94\/100|[from]move: Teleport\n|-damage|p1a: Buzzwole|82\/100|[from] Stealth Rock\n|\n|-weather|Sandstorm|[upkeep]\n|-damage|p1a: Buzzwole|76\/100|[from] Sandstorm\n|upkeep\n|turn|13\n|\n|t:|1667950956\n|switch|p2a: Rotom|Rotom-Wash|94\/100 tox\n|move|p1a: Buzzwole|Close Combat|p2a: Rotom\n|-damage|p2a: Rotom|47\/100 tox\n|-unboost|p1a: Buzzwole|def|1\n|-unboost|p1a: Buzzwole|spd|1\n|\n|-weather|Sandstorm|[upkeep]\n|-damage|p1a: Buzzwole|69\/100|[from] Sandstorm\n|-damage|p2a: Rotom|40\/100 tox|[from] Sandstorm\n|-heal|p2a: Rotom|47\/100 tox|[from] item: Leftovers\n|-damage|p2a: Rotom|40\/100 tox|[from] psn\n|upkeep\n|turn|14\n|\n|t:|1667950969\n|switch|p2a: Tornadus|Tornadus-Therian, M, shiny|100\/100\n|move|p1a: Buzzwole|Close Combat|p2a: Tornadus\n|-resisted|p2a: Tornadus\n|-damage|p2a: Tornadus|65\/100\n|-unboost|p1a: Buzzwole|def|1\n|-unboost|p1a: Buzzwole|spd|1\n|\n|-weather|Sandstorm|[upkeep]\n|-damage|p2a: Tornadus|59\/100|[from] Sandstorm\n|-damage|p1a: Buzzwole|63\/100|[from] Sandstorm\n|upkeep\n|turn|15\n|\n|t:|1667950977\n|move|p2a: Tornadus|Knock Off|p1a: Buzzwole\n|-resisted|p1a: Buzzwole\n|-damage|p1a: Buzzwole|49\/100\n|-damage|p2a: Tornadus|42\/100|[from] item: Rocky Helmet|[of] p1a: Buzzwole\n|-enditem|p1a: Buzzwole|Rocky Helmet|[from] move: Knock Off|[of] p2a: Tornadus\n|move|p1a: Buzzwole|Ice Punch|p2a: Tornadus\n|-supereffective|p2a: Tornadus\n|-damage|p2a: Tornadus|0 fnt\n|faint|p2a: Tornadus\n|-ability|p1a: Buzzwole|Beast Boost|boost\n|-boost|p1a: Buzzwole|atk|1\n|\n|-weather|Sandstorm|[upkeep]\n|-damage|p1a: Buzzwole|43\/100|[from] Sandstorm\n|upkeep\n|\n|t:|1667950981\n|switch|p2a: Dracozolt|Dracozolt|100\/100\n|turn|16\n|\n|t:|1667950991\n|switch|p1a: Slowking|Slowking, F|100\/100\n|move|p2a: Dracozolt|Bolt Beak|p1a: Slowking\n|-supereffective|p1a: Slowking\n|-damage|p1a: Slowking|0 fnt\n|faint|p1a: Slowking\n|\n|-weather|Sandstorm|[upkeep]\n|upkeep\n|\n|t:|1667950994\n|switch|p1a: Latias|Latias, F|95\/100\n|turn|17\n|\n|t:|1667950999\n|switch|p2a: Clefable|Clefable, F|100\/100\n|move|p1a: Latias|Ice Beam|p2a: Clefable\n|-damage|p2a: Clefable|70\/100\n|\n|-weather|Sandstorm|[upkeep]\n|-damage|p1a: Latias|89\/100|[from] Sandstorm\n|upkeep\n|turn|18\n|\n|t:|1667951006\n|switch|p1a: Heatran|Heatran, M|100\/100\n|-damage|p1a: Heatran|88\/100|[from] Stealth Rock\n|move|p2a: Clefable|Wish|p2a: Clefable\n|\n|-weather|none\n|-heal|p1a: Heatran|94\/100|[from] item: Leftovers\n|upkeep\n|turn|19\n|\n|t:|1667951011\n|switch|p2a: Tyranitar|Tyranitar, F|58\/100\n|-weather|Sandstorm|[from] ability: Sand Stream|[of] p2a: Tyranitar\n|move|p1a: Heatran|Stealth Rock|p2a: Tyranitar\n|-sidestart|p2: Learning Weather|move: Stealth Rock\n|\n|-weather|Sandstorm|[upkeep]\n|-heal|p2a: Tyranitar|99\/100|[from] move: Wish|[wisher] Clefable\n|-heal|p1a: Heatran|100\/100|[from] item: Leftovers\n|upkeep\n|turn|20\n|\n|t:|1667951017\n|move|p1a: Heatran|Flash Cannon|p2a: Tyranitar\n|-supereffective|p2a: Tyranitar\n|-damage|p2a: Tyranitar|62\/100\n|move|p2a: Tyranitar|Toxic|p1a: Heatran\n|-immune|p1a: Heatran\n|\n|-weather|Sandstorm|[upkeep]\n|upkeep\n|turn|21\n|\n|t:|1667951021\n|switch|p1a: Buzzwole|Buzzwole|43\/100\n|-damage|p1a: Buzzwole|31\/100|[from] Stealth Rock\n|move|p2a: Tyranitar|Toxic|p1a: Buzzwole|[miss]\n|-miss|p2a: Tyranitar|p1a: Buzzwole\n|\n|-weather|Sandstorm|[upkeep]\n|-damage|p1a: Buzzwole|24\/100|[from] Sandstorm\n|upkeep\n|turn|22\n|\n|t:|1667951031\n|switch|p2a: Rotom|Rotom-Wash|40\/100 tox\n|-damage|p2a: Rotom|28\/100 tox|[from] Stealth Rock\n|move|p1a: Buzzwole|Roost|p1a: Buzzwole\n|-heal|p1a: Buzzwole|74\/100\n|-singleturn|p1a: Buzzwole|move: Roost\n|\n|-weather|Sandstorm|[upkeep]\n|-damage|p1a: Buzzwole|68\/100|[from] Sandstorm\n|-damage|p2a: Rotom|22\/100 tox|[from] Sandstorm\n|-heal|p2a: Rotom|28\/100 tox|[from] item: Leftovers\n|-damage|p2a: Rotom|22\/100 tox|[from] psn\n|upkeep\n|turn|23\n|\n|t:|1667951034\n|move|p1a: Buzzwole|Close Combat|p2a: Rotom\n|-damage|p2a: Rotom|0 fnt\n|-unboost|p1a: Buzzwole|def|1\n|-unboost|p1a: Buzzwole|spd|1\n|faint|p2a: Rotom\n|-ability|p1a: Buzzwole|Beast Boost|boost\n|-boost|p1a: Buzzwole|atk|1\n|\n|-weather|Sandstorm|[upkeep]\n|-damage|p1a: Buzzwole|62\/100|[from] Sandstorm\n|upkeep\n|\n|t:|1667951037\n|switch|p2a: Dracozolt|Dracozolt|100\/100\n|-damage|p2a: Dracozolt|88\/100|[from] Stealth Rock\n|turn|24\n|\n|t:|1667951043\n|move|p2a: Dracozolt|Bolt Beak|p1a: Buzzwole\n|-damage|p1a: Buzzwole|1\/100\n|move|p1a: Buzzwole|Close Combat|p2a: Dracozolt\n|-damage|p2a: Dracozolt|0 fnt\n|-unboost|p1a: Buzzwole|def|1\n|-unboost|p1a: Buzzwole|spd|1\n|faint|p2a: Dracozolt\n|-ability|p1a: Buzzwole|Beast Boost|boost\n|-boost|p1a: Buzzwole|atk|1\n|\n|-weather|Sandstorm|[upkeep]\n|-damage|p1a: Buzzwole|0 fnt|[from] Sandstorm\n|faint|p1a: Buzzwole\n|upkeep\n|c|\u2606Learning Weather|dman\n|\n|t:|1667951052\n|switch|p1a: Heatran|Heatran, M|100\/100\n|switch|p2a: Dugtrio|Dugtrio-Alola, F|100\/100\n|-damage|p2a: Dugtrio|98\/100|[from] Stealth Rock\n|-damage|p1a: Heatran|88\/100|[from] Stealth Rock\n|turn|25\n|c|\u2606alvar03|lol\n|\n|t:|1667951062\n|switch|p1a: Latias|Latias, F|89\/100\n|move|p2a: Dugtrio|Stone Edge|p1a: Latias\n|-damage|p1a: Latias|30\/100\n|-damage|p2a: Dugtrio|88\/100|[from] item: Life Orb\n|\n|-weather|Sandstorm|[upkeep]\n|-damage|p1a: Latias|24\/100|[from] Sandstorm\n|upkeep\n|turn|26\n|\n|t:|1667951070\n|move|p2a: Dugtrio|Sucker Punch|p1a: Latias\n|-supereffective|p1a: Latias\n|-damage|p1a: Latias|0 fnt\n|faint|p1a: Latias\n|-damage|p2a: Dugtrio|78\/100|[from] item: Life Orb\n|\n|-weather|none\n|upkeep\n|j| GoPokeGo\n|\n|t:|1667951073\n|switch|p1a: Dragapult|Dragapult, F|59\/100\n|-damage|p1a: Dragapult|47\/100|[from] Stealth Rock\n|turn|27\n|\n|t:|1667951077\n|move|p1a: Dragapult|Dragon Dance|p1a: Dragapult\n|-boost|p1a: Dragapult|atk|1\n|-boost|p1a: Dragapult|spe|1\n|move|p2a: Dugtrio|Earthquake|p1a: Dragapult\n|-damage|p1a: Dragapult|0 fnt\n|faint|p1a: Dragapult\n|-damage|p2a: Dugtrio|68\/100|[from] item: Life Orb\n|\n|upkeep\n|\n|t:|1667951080\n|switch|p1a: Heatran|Heatran, M|88\/100\n|-damage|p1a: Heatran|76\/100|[from] Stealth Rock\n|turn|28\n|\n|t:|1667951084\n|move|p2a: Dugtrio|Earthquake|p1a: Heatran\n|-supereffective|p1a: Heatran\n|-damage|p1a: Heatran|0 fnt\n|faint|p1a: Heatran\n|-damage|p2a: Dugtrio|58\/100|[from] item: Life Orb\n|\n|win|Learning Weather\n|raw|alvar03's rating: 1762 &rarr; <strong>1739<\/strong><br \/>(-23 for losing)\n|raw|Learning Weather's rating: 1705 &rarr; <strong>1728<\/strong><br \/>(+23 for winning)\n|l|\u2606alvar03\n|c|\u2606Learning Weather|gg\n","uploadtime":1667951101,"views":5,"p1id":"alvar03","p2id":"learningweather","formatid":"gen8ou","rating":1728,"private":0,"password":null}