{"id":"gen8bdspmonotype-1472665084","p1":"Buhrito","p2":"berunkasuteruuuu","format":"gen8bdspmonotype","log":"|j|\u2606Buhrito\n|j|\u2606berunkasuteruuuu\n|t:|1639432392\n|gametype|singles\n|player|p1|Buhrito|birdkeeper-gen3rs|1447\n|player|p2|berunkasuteruuuu|lucy-gen3|1484\n|teamsize|p1|6\n|teamsize|p2|6\n|gen|8\n|tier|[Gen 8 BDSP] Monotype\n|rated|\n|rule|Sleep Clause Mod: Limit one foe put to sleep\n|rule|Species Clause: Limit one of each Pok\u00e9mon\n|rule|OHKO Clause: OHKO moves are banned\n|rule|Evasion Moves Clause: Evasion moves are banned\n|rule|Endless Battle Clause: Forcing endless battles is banned\n|rule|HP Percentage Mod: HP is shown in percentages\n|rule|Same Type Clause: Pok\u00e9mon in a team must share a type\n|clearpoke\n|poke|p1|Alakazam, F|\n|poke|p1|Latias, F|\n|poke|p1|Bronzong|\n|poke|p1|Jirachi|\n|poke|p1|Metagross|\n|poke|p1|Latios, M|\n|poke|p2|Latios, M|\n|poke|p2|Kingdra, M|\n|poke|p2|Garchomp, M|\n|poke|p2|Dragonite, M|\n|poke|p2|Salamence, M|\n|poke|p2|Latias, F|\n|teampreview\n|inactive|Battle timer is ON: inactive players will automatically lose when time's up. (requested by Buhrito)\n|\n|t:|1639432449\n|start\n|switch|p1a: Jirachi|Jirachi|100\/100\n|switch|p2a: Dragonite|Dragonite, M|100\/100\n|turn|1\n|\n|t:|1639432460\n|move|p1a: Jirachi|U-turn|p2a: Dragonite\n|-resisted|p2a: Dragonite\n|-damage|p2a: Dragonite|96\/100\n|\n|t:|1639432463\n|switch|p1a: Latias|Latias, F|100\/100|[from]move: U-turn\n|move|p2a: Dragonite|Fire Punch|p1a: Latias\n|-resisted|p1a: Latias\n|-damage|p1a: Latias|74\/100\n|\n|upkeep\n|turn|2\n|inactive|berunkasuteruuuu has 120 seconds left.\n|\n|t:|1639432498\n|switch|p2a: Kingdra|Kingdra, M|100\/100\n|move|p1a: Latias|Draco Meteor|p2a: Kingdra\n|-supereffective|p2a: Kingdra\n|-damage|p2a: Kingdra|0 fnt\n|-unboost|p1a: Latias|spa|2\n|faint|p2a: Kingdra\n|\n|upkeep\n|inactive|berunkasuteruuuu has 120 seconds left.\n|j| Butterscotch77\n|l| Butterscotch77\n|inactive|berunkasuteruuuu has 90 seconds left.\n|\n|t:|1639432534\n|switch|p2a: Garchomp|Garchomp, M|100\/100\n|turn|3\n|\n|t:|1639432545\n|switch|p1a: Bronzong|Bronzong|100\/100\n|move|p2a: Garchomp|Fire Blast|p1a: Bronzong\n|-supereffective|p1a: Bronzong\n|-crit|p1a: Bronzong\n|-damage|p1a: Bronzong|57\/100\n|\n|-heal|p1a: Bronzong|64\/100|[from] item: Leftovers\n|upkeep\n|turn|4\n|inactive|berunkasuteruuuu has 90 seconds left.\n|\n|t:|1639432588\n|move|p2a: Garchomp|Outrage|p1a: Bronzong\n|-resisted|p1a: Bronzong\n|-damage|p1a: Bronzong|37\/100\n|move|p1a: Bronzong|Shadow Ball|p2a: Garchomp\n|-damage|p2a: Garchomp|82\/100\n|\n|-heal|p1a: Bronzong|43\/100|[from] item: Leftovers\n|upkeep\n|turn|5\n|inactive|Buhrito has 120 seconds left.\n|\n|t:|1639432623\n|switch|p1a: Jirachi|Jirachi|100\/100\n|move|p2a: Garchomp|Outrage|p1a: Jirachi|[from]lockedmove\n|-resisted|p1a: Jirachi\n|-damage|p1a: Jirachi|76\/100\n|\n|-heal|p1a: Jirachi|82\/100|[from] item: Leftovers\n|upkeep\n|turn|6\n|\n|t:|1639432628\n|move|p2a: Garchomp|Outrage|p1a: Jirachi|[from]lockedmove\n|-resisted|p1a: Jirachi\n|-damage|p1a: Jirachi|56\/100\n|-start|p2a: Garchomp|confusion|[fatigue]\n|move|p1a: Jirachi|U-turn|p2a: Garchomp\n|-damage|p2a: Garchomp|65\/100\n|-damage|p1a: Jirachi|43\/100|[from] ability: Rough Skin|[of] p2a: Garchomp\n|\n|t:|1639432632\n|switch|p1a: Latios|Latios, M|100\/100|[from]move: U-turn\n|\n|upkeep\n|turn|7\n|inactive|berunkasuteruuuu has 90 seconds left.\n|\n|t:|1639432654\n|move|p1a: Latios|Draco Meteor|p2a: Garchomp\n|-supereffective|p2a: Garchomp\n|-damage|p2a: Garchomp|0 fnt\n|-unboost|p1a: Latios|spa|2\n|faint|p2a: Garchomp\n|\n|upkeep\n|inactive|berunkasuteruuuu has 60 seconds left.\n|\n|t:|1639432689\n|switch|p2a: Dragonite|Dragonite, M|96\/100\n|turn|8\n|\n|t:|1639432701\n|move|p1a: Latios|Draco Meteor|p2a: Dragonite\n|-supereffective|p2a: Dragonite\n|-damage|p2a: Dragonite|0 fnt\n|-unboost|p1a: Latios|spa|2\n|faint|p2a: Dragonite\n|\n|upkeep\n|\n|t:|1639432703\n|switch|p2a: Salamence|Salamence, M|100\/100\n|-ability|p2a: Salamence|Intimidate|boost\n|-unboost|p1a: Latios|atk|1\n|turn|9\n|\n|t:|1639432711\n|switch|p1a: Jirachi|Jirachi|43\/100\n|move|p2a: Salamence|Dragon Dance|p2a: Salamence\n|-boost|p2a: Salamence|atk|1\n|-boost|p2a: Salamence|spe|1\n|\n|-heal|p1a: Jirachi|50\/100|[from] item: Leftovers\n|upkeep\n|turn|10\n|\n|t:|1639432713\n|move|p2a: Salamence|Earthquake|p1a: Jirachi\n|-supereffective|p1a: Jirachi\n|-damage|p1a: Jirachi|0 fnt\n|faint|p1a: Jirachi\n|\n|upkeep\n|\n|t:|1639432716\n|switch|p1a: Latias|Latias, F|74\/100\n|turn|11\n|inactive|berunkasuteruuuu has 60 seconds left.\n|inactive|berunkasuteruuuu has 30 seconds left.\n|\n|t:|1639432785\n|move|p1a: Latias|Draco Meteor|p2a: Salamence\n|-supereffective|p2a: Salamence\n|-damage|p2a: Salamence|0 fnt\n|-unboost|p1a: Latias|spa|2\n|faint|p2a: Salamence\n|\n|upkeep\n|inactive|berunkasuteruuuu has 30 seconds left this turn.\n|-message|berunkasuteruuuu forfeited.\n|\n|win|Buhrito\n|raw|Buhrito's rating: 1447 &rarr; <strong>1469<\/strong><br \/>(+22 for winning)\n|raw|berunkasuteruuuu's rating: 1484 &rarr; <strong>1462<\/strong><br \/>(-22 for losing)\n|l|\u2606berunkasuteruuuu\n|l|\u2606Buhrito\n||Ladder isn't responding, score probably updated but might not have (Request timeout).\n|j|\u2606berunkasuteruuuu\n|player|p2|berunkasuteruuuu|lucy-gen3\n","uploadtime":1639433073,"views":178,"p1id":"buhrito","p2id":"berunkasuteruuuu","formatid":"gen8bdspmonotype","rating":1462,"private":0,"password":null}