{"id":"gen8cap-1681144641","p1":"Captain Snowy","p2":"Draco09876","format":"gen8cap","log":"|j|\u2606Captain Snowy\n|j|\u2606Draco09876\n|t:|1665274806\n|gametype|singles\n|player|p1|Captain Snowy|wally|1097\n|player|p2|Draco09876|169|1361\n|teamsize|p1|6\n|teamsize|p2|6\n|gen|8\n|tier|[Gen 8] CAP\n|rated|\n|rule|Sleep Clause Mod: Limit one foe put to sleep\n|rule|Species Clause: Limit one of each Pok\u00e9mon\n|rule|OHKO Clause: OHKO moves are banned\n|rule|Evasion Items Clause: Evasion items are banned\n|rule|Evasion Moves Clause: Evasion moves are banned\n|rule|Endless Battle Clause: Forcing endless battles is banned\n|rule|HP Percentage Mod: HP is shown in percentages\n|rule|Dynamax Clause: You cannot dynamax\n|clearpoke\n|poke|p1|Cawmodore, M|\n|poke|p1|Miasmaw, M|\n|poke|p1|Ribombee, F|\n|poke|p1|Kitsunoh, M|\n|poke|p1|Smokomodo, M|\n|poke|p1|Kerfluffle, M|\n|poke|p2|Colossoil, M|\n|poke|p2|Syclant, M|\n|poke|p2|Dragapult, F|\n|poke|p2|Snaelstrom, F|\n|poke|p2|Slowking-Galar, F|\n|poke|p2|Corviknight, F|\n|teampreview\n|\n|t:|1665274819\n|start\n|switch|p1a: Ribombee|Ribombee, F, shiny|100\/100\n|switch|p2a: Syclant|Syclant, M|100\/100\n|turn|1\n|inactive|Battle timer is ON: inactive players will automatically lose when time's up. (requested by Draco09876)\n|\n|t:|1665274831\n|switch|p1a: Smokomodo|Smokomodo, M|100\/100\n|move|p2a: Syclant|Triple Axel|p1a: Smokomodo\n|-damage|p1a: Smokomodo|80\/100\n|-damage|p1a: Smokomodo|33\/100\n|-damage|p1a: Smokomodo|0 fnt\n|faint|p1a: Smokomodo\n|-hitcount|p1: Smokomodo|3\n|\n|upkeep\n|\n|t:|1665274835\n|switch|p1a: Kitsunoh|Kitsunoh, M|100\/100\n|turn|2\n|\n|t:|1665274841\n|switch|p2a: Corviknight|Corviknight, F|100\/100\n|-ability|p2a: Corviknight|Pressure\n|move|p1a: Kitsunoh|Bullet Punch|p2a: Corviknight\n|-resisted|p2a: Corviknight\n|-damage|p2a: Corviknight|94\/100\n|-damage|p1a: Kitsunoh|84\/100|[from] item: Rocky Helmet|[of] p2a: Corviknight\n|\n|-heal|p1a: Kitsunoh|90\/100|[from] item: Leftovers\n|upkeep\n|turn|3\n|\n|t:|1665274852\n|move|p1a: Kitsunoh|Yawn|p2a: Corviknight\n|-start|p2a: Corviknight|move: Yawn|[of] p1a: Kitsunoh\n|move|p2a: Corviknight|U-turn|p1a: Kitsunoh\n|-resisted|p1a: Kitsunoh\n|-damage|p1a: Kitsunoh|85\/100\n|\n|t:|1665274858\n|switch|p2a: Colossoil|Colossoil, M|100\/100|[from]move: U-turn\n|\n|-heal|p1a: Kitsunoh|91\/100|[from] item: Leftovers\n|-status|p2a: Colossoil|brn|[from] item: Flame Orb\n|upkeep\n|turn|4\n|\n|t:|1665274865\n|move|p1a: Kitsunoh|Protect|p1a: Kitsunoh\n|-singleturn|p1a: Kitsunoh|Protect\n|move|p2a: Colossoil|Knock Off|p1a: Kitsunoh\n|-activate|p1a: Kitsunoh|move: Protect\n|\n|-heal|p1a: Kitsunoh|97\/100|[from] item: Leftovers\n|-damage|p2a: Colossoil|94\/100 brn|[from] brn\n|upkeep\n|turn|5\n|\n|t:|1665274875\n|switch|p1a: Ribombee|Ribombee, F, shiny|100\/100\n|move|p2a: Colossoil|Knock Off|p1a: Ribombee\n|-resisted|p1a: Ribombee\n|-damage|p1a: Ribombee|31\/100\n|-enditem|p1a: Ribombee|Focus Sash|[from] move: Knock Off|[of] p2a: Colossoil\n|\n|-damage|p2a: Colossoil|88\/100 brn|[from] brn\n|upkeep\n|turn|6\n|\n|t:|1665274882\n|move|p1a: Ribombee|Sticky Web|p2a: Colossoil\n|-sidestart|p2: Draco09876|move: Sticky Web\n|move|p2a: Colossoil|Rapid Spin|p1a: Ribombee\n|-damage|p1a: Ribombee|0 fnt\n|-boost|p2a: Colossoil|spe|1\n|-sideend|p2: Draco09876|Sticky Web|[from] move: Rapid Spin|[of] p2a: Colossoil\n|faint|p1a: Ribombee\n|\n|-damage|p2a: Colossoil|82\/100 brn|[from] brn\n|upkeep\n|\n|t:|1665274896\n|switch|p1a: Kerfluffle|Kerfluffle, M, shiny|100\/100\n|turn|7\n|\n|t:|1665274919\n|switch|p2a: Corviknight|Corviknight, F|94\/100\n|-ability|p2a: Corviknight|Pressure\n|move|p1a: Kerfluffle|Substitute|p1a: Kerfluffle\n|-start|p1a: Kerfluffle|Substitute\n|-damage|p1a: Kerfluffle|76\/100\n|\n|upkeep\n|turn|8\n|\n|t:|1665274926\n|move|p1a: Kerfluffle|Focus Energy|p1a: Kerfluffle\n|-start|p1a: Kerfluffle|move: Focus Energy\n|move|p2a: Corviknight|Brave Bird|p1a: Kerfluffle\n|-supereffective|p1a: Kerfluffle\n|-end|p1a: Kerfluffle|Substitute\n|-damage|p2a: Corviknight|88\/100|[from] Recoil|[of] p1a: Kerfluffle\n|\n|upkeep\n|turn|9\n|\n|t:|1665274935\n|switch|p2a: Dragapult|Dragapult, F|100\/100\n|move|p1a: Kerfluffle|Moonblast|p2a: Dragapult\n|-supereffective|p2a: Dragapult\n|-crit|p2a: Dragapult\n|-damage|p2a: Dragapult|0 fnt\n|faint|p2a: Dragapult\n|\n|upkeep\n|\n|t:|1665274942\n|switch|p2a: Syclant|Syclant, M|100\/100\n|turn|10\n|\n|t:|1665274947\n|move|p2a: Syclant|Triple Axel|p1a: Kerfluffle\n|-damage|p1a: Kerfluffle|56\/100\n|-damage|p1a: Kerfluffle|21\/100\n|-damage|p1a: Kerfluffle|0 fnt\n|faint|p1a: Kerfluffle\n|-hitcount|p1: Kerfluffle|3\n|\n|upkeep\n|\n|t:|1665274956\n|switch|p1a: Kitsunoh|Kitsunoh, M|97\/100\n|turn|11\n|\n|t:|1665274965\n|switch|p2a: Corviknight|Corviknight, F|88\/100\n|-ability|p2a: Corviknight|Pressure\n|switch|p1a: Cawmodore|Cawmodore, M|100\/100\n|\n|upkeep\n|turn|12\n|\n|t:|1665274974\n|move|p1a: Cawmodore|Belly Drum|p1a: Cawmodore\n|-damage|p1a: Cawmodore|50\/100\n|-setboost|p1a: Cawmodore|atk|6|[from] move: Belly Drum\n|-enditem|p1a: Cawmodore|Sitrus Berry|[eat]\n|-heal|p1a: Cawmodore|75\/100|[from] item: Sitrus Berry\n|move|p2a: Corviknight|U-turn|p1a: Cawmodore\n|-resisted|p1a: Cawmodore\n|-damage|p1a: Cawmodore|72\/100\n|\n|t:|1665274987\n|switch|p2a: Colossoil|Colossoil, M|82\/100 brn|[from]move: U-turn\n|\n|-damage|p2a: Colossoil|76\/100 brn|[from] brn\n|upkeep\n|turn|13\n|\n|t:|1665274997\n|move|p2a: Colossoil|Sucker Punch|p1a: Cawmodore\n|-damage|p1a: Cawmodore|13\/100\n|move|p1a: Cawmodore|Drain Punch|p2a: Colossoil\n|-supereffective|p2a: Colossoil\n|-damage|p2a: Colossoil|0 fnt\n|-heal|p1a: Cawmodore|77\/100|[from] drain|[of] p2a: Colossoil\n|faint|p2a: Colossoil\n|\n|upkeep\n|\n|t:|1665275002\n|switch|p2a: Snaelstrom|Snaelstrom, F|100\/100\n|turn|14\n|\n|t:|1665275008\n|move|p2a: Snaelstrom|Spiky Shield|p2a: Snaelstrom\n|-singleturn|p2a: Snaelstrom|move: Protect\n|move|p1a: Cawmodore|Acrobatics|p2a: Snaelstrom\n|-activate|p2a: Snaelstrom|move: Protect\n|-damage|p1a: Cawmodore|65\/100|[from] Spiky Shield|[of] p2a: Snaelstrom\n|\n|-status|p2a: Snaelstrom|tox|[from] item: Toxic Orb\n|upkeep\n|turn|15\n|\n|t:|1665275014\n|move|p1a: Cawmodore|Acrobatics|p2a: Snaelstrom\n|-supereffective|p2a: Snaelstrom\n|-damage|p2a: Snaelstrom|0 fnt\n|faint|p2a: Snaelstrom\n|\n|upkeep\n|\n|t:|1665275020\n|switch|p2a: Slowking|Slowking-Galar, F|100\/100\n|turn|16\n|\n|t:|1665275024\n|switch|p2a: Corviknight|Corviknight, F|88\/100\n|-ability|p2a: Corviknight|Pressure\n|move|p1a: Cawmodore|Acrobatics|p2a: Corviknight\n|-resisted|p2a: Corviknight\n|-damage|p2a: Corviknight|30\/100\n|-damage|p1a: Cawmodore|48\/100|[from] item: Rocky Helmet|[of] p2a: Corviknight\n|\n|upkeep\n|turn|17\n|\n|t:|1665275032\n|switch|p2a: Slowking|Slowking-Galar, F|100\/100\n|move|p1a: Cawmodore|Drain Punch|p2a: Slowking\n|-resisted|p2a: Slowking\n|-damage|p2a: Slowking|79\/100\n|-heal|p1a: Cawmodore|65\/100|[from] drain|[of] p2a: Slowking\n|\n|upkeep\n|turn|18\n|\n|t:|1665275040\n|switch|p2a: Corviknight|Corviknight, F|30\/100\n|-ability|p2a: Corviknight|Pressure\n|move|p1a: Cawmodore|Acrobatics|p2a: Corviknight\n|-resisted|p2a: Corviknight\n|-damage|p2a: Corviknight|0 fnt\n|-damage|p1a: Cawmodore|49\/100|[from] item: Rocky Helmet|[of] p2a: Corviknight\n|faint|p2a: Corviknight\n|\n|upkeep\n|\n|t:|1665275048\n|switch|p2a: Syclant|Syclant, M|100\/100\n|turn|19\n|\n|t:|1665275051\n|move|p2a: Syclant|Ice Shard|p1a: Cawmodore\n|-damage|p1a: Cawmodore|17\/100\n|move|p1a: Cawmodore|Bullet Punch|p2a: Syclant\n|-supereffective|p2a: Syclant\n|-damage|p2a: Syclant|0 fnt\n|faint|p2a: Syclant\n|\n|upkeep\n|-message|Draco09876 forfeited.\n|\n|win|Captain Snowy\n|raw|Captain Snowy's rating: 1097 &rarr; <strong>1139<\/strong><br \/>(+42 for winning)\n|raw|Draco09876's rating: 1361 &rarr; <strong>1328<\/strong><br \/>(-33 for losing)\n|l|\u2606Draco09876\n","uploadtime":1665275066,"views":6,"p1id":"captainsnowy","p2id":"draco09876","formatid":"gen8cap","rating":1139,"private":0,"password":null}