{"id":"gen8randombattle-1124505735","p1":"BaddyGames","p2":"Vikalu","format":"gen8randombattle","log":"|j|\u2606BaddyGames\n|j|\u2606Vikalu\n|player|p1|BaddyGames|275|\n|player|p2|Vikalu|cynthia-gen4|\n|teamsize|p1|6\n|teamsize|p2|6\n|gametype|singles\n|gen|8\n|tier|[Gen 8] Random Battle\n|rule|Species Clause: Limit one of each Pok\u00e9mon\n|rule|HP Percentage Mod: HP is shown in percentages\n|rule|Sleep Clause Mod: Limit one foe put to sleep\n|\n|start\n|switch|p1a: Indeedee|Indeedee-F, L86, F|261\/261\n|switch|p2a: Farfetch\u2019d|Farfetch\u2019d, L86, M|230\/230\n|-fieldstart|move: Psychic Terrain|[from] ability: Psychic Surge|[of] p1a: Indeedee\n|turn|1\n|c|\u2606Vikalu|Good luck!\n|c|\u2606BaddyGames|gl hf\n|\n|switch|p2a: Shedinja|Shedinja|1\/1\n|move|p1a: Indeedee|Calm Mind|p1a: Indeedee\n|-boost|p1a: Indeedee|spa|1\n|-boost|p1a: Indeedee|spd|1\n|\n|upkeep\n|turn|2\n|\n|move|p2a: Shedinja|Shadow Sneak|p1a: Indeedee\n|-activate|p1a: Indeedee|move: Psychic Terrain\n|move|p1a: Indeedee|Mystical Fire|p2a: Shedinja\n|-supereffective|p2a: Shedinja\n|-damage|p2a: Shedinja|0 fnt\n|faint|p2a: Shedinja\n|\n|upkeep\n|\n|switch|p2a: Farfetch\u2019d|Farfetch\u2019d, L86, M|230\/230\n|turn|3\n|\n|move|p1a: Indeedee|Psychic|p2a: Farfetch\u2019d\n|-damage|p2a: Farfetch\u2019d|7\/230\n|move|p2a: Farfetch\u2019d|Close Combat|p1a: Indeedee\n|-crit|p1a: Indeedee\n|-damage|p1a: Indeedee|119\/261\n|-unboost|p2a: Farfetch\u2019d|def|1\n|-unboost|p2a: Farfetch\u2019d|spd|1\n|\n|upkeep\n|turn|4\n|\n|move|p1a: Indeedee|Psychic|p2a: Farfetch\u2019d\n|-damage|p2a: Farfetch\u2019d|0 fnt\n|faint|p2a: Farfetch\u2019d\n|\n|upkeep\n|\n|switch|p2a: Solgaleo|Solgaleo, L72|316\/316\n|turn|5\n|\n|-start|p2a: Solgaleo|Dynamax\n|-heal|p2a: Solgaleo|632\/632|[silent]\n|move|p1a: Indeedee|Mystical Fire|p2a: Solgaleo\n|-supereffective|p2a: Solgaleo\n|-damage|p2a: Solgaleo|438\/632\n|-enditem|p2a: Solgaleo|Weakness Policy\n|-boost|p2a: Solgaleo|atk|2|[from] item: Weakness Policy\n|-boost|p2a: Solgaleo|spa|2|[from] item: Weakness Policy\n|move|p2a: Solgaleo|Max Knuckle|p1a: Indeedee\n|-damage|p1a: Indeedee|0 fnt\n|-boost|p2a: Solgaleo|atk|1\n|faint|p1a: Indeedee\n|\n|-fieldend|move: Psychic Terrain\n|upkeep\n|\n|switch|p1a: Kingler|Kingler, L84, M|230\/230\n|turn|6\n|\n|move|p2a: Solgaleo|Max Steelspike|p1a: Kingler\n|-resisted|p1a: Kingler\n|-crit|p1a: Kingler\n|-damage|p1a: Kingler|38\/230\n|-boost|p2a: Solgaleo|def|1\n|move|p1a: Kingler|Liquidation|p2a: Solgaleo\n|-damage|p2a: Solgaleo|298\/632\n|\n|upkeep\n|turn|7\n|\n|move|p2a: Solgaleo|Max Steelspike|p1a: Kingler\n|-resisted|p1a: Kingler\n|-damage|p1a: Kingler|0 fnt\n|-boost|p2a: Solgaleo|def|1\n|faint|p1a: Kingler\n|\n|-end|p2a: Solgaleo|Dynamax\n|-heal|p2a: Solgaleo|149\/316|[silent]\n|upkeep\n|\n|switch|p1a: Kyurem|Kyurem, L80|331\/331\n|-ability|p1a: Kyurem|Pressure\n|turn|8\n|\n|move|p1a: Kyurem|Earth Power|p2a: Solgaleo\n|-supereffective|p2a: Solgaleo\n|-damage|p2a: Solgaleo|0 fnt\n|faint|p2a: Solgaleo\n|\n|upkeep\n|\n|switch|p2a: Garchomp|Garchomp, L80, F|304\/304\n|turn|9\n|\n|switch|p1a: Latios|Latios, L80, M|259\/259\n|move|p2a: Garchomp|Stone Edge|p1a: Latios\n|-damage|p1a: Latios|167\/259\n|\n|-heal|p1a: Latios|183\/259|[from] item: Leftovers\n|upkeep\n|turn|10\n|\n|move|p1a: Latios|Psyshock|p2a: Garchomp\n|-damage|p2a: Garchomp|211\/304\n|move|p2a: Garchomp|Outrage|p1a: Latios\n|-supereffective|p1a: Latios\n|-damage|p1a: Latios|0 fnt\n|faint|p1a: Latios\n|\n|upkeep\n|\n|switch|p1a: Kyurem|Kyurem, L80|331\/331\n|-ability|p1a: Kyurem|Pressure\n|turn|11\n|\n|move|p1a: Kyurem|Freeze-Dry|p2a: Garchomp\n|-supereffective|p2a: Garchomp\n|-damage|p2a: Garchomp|0 fnt\n|faint|p2a: Garchomp\n|\n|upkeep\n|\n|switch|p2a: Zamazenta|Zamazenta-Crowned, L72|251\/251\n|-ability|p2a: Zamazenta|Dauntless Shield|boost\n|-boost|p2a: Zamazenta|def|1\n|turn|12\n|\n|switch|p1a: Weavile|Weavile, L82, F|249\/249\n|move|p2a: Zamazenta|Behemoth Bash|p1a: Weavile\n|-supereffective|p1a: Weavile\n|-damage|p1a: Weavile|0 fnt\n|faint|p1a: Weavile\n|\n|upkeep\n|\n|switch|p1a: Kyurem|Kyurem, L80|331\/331\n|-ability|p1a: Kyurem|Pressure\n|turn|13\n|\n|-start|p1a: Kyurem|Dynamax\n|-heal|p1a: Kyurem|662\/662|[silent]\n|move|p2a: Zamazenta|Behemoth Bash|p1a: Kyurem\n|-supereffective|p1a: Kyurem\n|-damage|p1a: Kyurem|254\/662\n|move|p1a: Kyurem|Max Quake|p2a: Zamazenta\n|-supereffective|p2a: Zamazenta\n|-damage|p2a: Zamazenta|91\/251\n|-boost|p1a: Kyurem|spd|1\n|\n|upkeep\n|turn|14\n|\n|move|p2a: Zamazenta|Behemoth Bash|p1a: Kyurem\n|-supereffective|p1a: Kyurem\n|-damage|p1a: Kyurem|0 fnt\n|faint|p1a: Kyurem\n|\n|upkeep\n|\n|switch|p1a: Zamazenta|Zamazenta-Crowned, L72|251\/251\n|-ability|p1a: Zamazenta|Dauntless Shield|boost\n|-boost|p1a: Zamazenta|def|1\n|turn|15\n|c|\u2606Vikalu|LOL what are the odds\n|\n|move|p2a: Zamazenta|Close Combat|p1a: Zamazenta\n|-supereffective|p1a: Zamazenta\n|-damage|p1a: Zamazenta|131\/251\n|-unboost|p2a: Zamazenta|def|1\n|-unboost|p2a: Zamazenta|spd|1\n|move|p1a: Zamazenta|Psychic Fangs|p2a: Zamazenta\n|-damage|p2a: Zamazenta|51\/251\n|\n|upkeep\n|turn|16\n|\n|move|p2a: Zamazenta|Close Combat|p1a: Zamazenta\n|-supereffective|p1a: Zamazenta\n|-damage|p1a: Zamazenta|17\/251\n|-unboost|p2a: Zamazenta|def|1\n|-unboost|p2a: Zamazenta|spd|1\n|move|p1a: Zamazenta|Close Combat|p2a: Zamazenta\n|-supereffective|p2a: Zamazenta\n|-damage|p2a: Zamazenta|0 fnt\n|-unboost|p1a: Zamazenta|def|1\n|-unboost|p1a: Zamazenta|spd|1\n|faint|p2a: Zamazenta\n|\n|upkeep\n|\n|switch|p2a: Raichu|Raichu-Alola, L84, M|238\/238\n|turn|17\n|c|\u2606BaddyGames|gg\n|\n|move|p2a: Raichu|Psyshock|p1a: Zamazenta\n|-damage|p1a: Zamazenta|0 fnt\n|-damage|p2a: Raichu|215\/238|[from] item: Life Orb\n|faint|p1a: Zamazenta\n|\n|win|Vikalu\n|c|\u2606Vikalu|Close one, GG\n|l|\u2606BaddyGames\n","inputlog":">version 4db979a313dca7129cbbdcb669a854498304a08c\n>start {\"formatid\":\"gen8randombattle\",\"seed\":[5618,24402,26172,53660]}\n>player p1 {\"name\":\"BaddyGames\",\"avatar\":\"275\",\"team\":\"\",\"rating\":0,\"seed\":[41886,7133,42897,529]}\n>player p2 {\"name\":\"Vikalu\",\"avatar\":\"cynthia-gen4\",\"team\":\"\",\"rating\":0,\"seed\":[46094,64157,44438,37152]}\n>p1 move calmmind\n>p2 switch 3\n>p1 move mysticalfire\n>p2 move shadowsneak\n>p2 switch 3\n>p1 move psychic\n>p2 move closecombat\n>p1 move psychic\n>p2 move closecombat\n>p2 switch 6\n>p1 move mysticalfire\n>p2 move closecombat dynamax\n>p1 switch 5\n>p1 move liquidation\n>p2 move sunsteelstrike dynamax\n>p1 move liquidation\n>p2 move sunsteelstrike dynamax\n>p1 switch 3\n>p1 move earthpower\n>p2 move closecombat\n>p2 switch 5\n>p1 switch 6\n>p2 move stoneedge\n>p1 move psyshock\n>p2 move outrage\n>p1 switch 6\n>p1 move freezedry\n>p2 move outrage\n>p2 switch 4\n>p1 switch 2\n>p2 move behemothbash\n>p1 switch 2\n>p1 move earthpower dynamax\n>p2 move behemothbash\n>p1 move earthpower dynamax\n>p2 move behemothbash\n>p1 switch 4\n>p1 move psychicfangs\n>p2 move closecombat\n>p1 move closecombat\n>p2 move closecombat\n>p2 switch 2\n>p1 move crunch\n>p2 move psyshock","uploadtime":1590961334,"views":6,"p1id":"baddygames","p2id":"vikalu","formatid":"gen8randombattle","rating":0,"private":0,"password":null}