{"id":"gen8nationaldex-1578036401","p1":"Fastpitchkiller","p2":"The Void Itself","format":"gen8nationaldex","log":"|j|\u2606Fastpitchkiller\n|j|\u2606The Void Itself\n|t:|1652936123\n|gametype|singles\n|player|p1|Fastpitchkiller|265|1750\n|player|p2|The Void Itself|volo|1733\n|teamsize|p1|6\n|teamsize|p2|6\n|gen|8\n|tier|[Gen 8] National Dex\n|rated|\n|rule|HP Percentage Mod: HP is shown in percentages\n|rule|Endless Battle Clause: Forcing endless battles is banned\n|rule|OHKO Clause: OHKO moves are banned\n|rule|Evasion Moves Clause: Evasion moves are banned\n|rule|Species Clause: Limit one of each Pok\u00e9mon\n|rule|Dynamax Clause: You cannot dynamax\n|rule|Sleep Clause Mod: Limit one foe put to sleep\n|clearpoke\n|poke|p1|Greninja, M|\n|poke|p1|Zapdos|\n|poke|p1|Melmetal|\n|poke|p1|Slowbro, M|\n|poke|p1|Tyranitar, M|\n|poke|p1|Kommo-o, M|\n|poke|p2|Crawdaunt, M|\n|poke|p2|Gallade, M|\n|poke|p2|Zapdos|\n|poke|p2|Garchomp, M|\n|poke|p2|Clefable, F|\n|poke|p2|Melmetal|\n|teampreview\n|\n|t:|1652936149\n|start\n|switch|p1a: Greninja|Greninja, M|100\/100\n|switch|p2a: Gawain|Gallade, M|100\/100\n|turn|1\n|\n|t:|1652936156\n|switch|p1a: Zapdos|Zapdos|100\/100\n|detailschange|p2a: Gawain|Gallade-Mega, M\n|-mega|p2a: Gawain|Gallade|Galladite\n|move|p2a: Gawain|Close Combat|p1a: Zapdos\n|-resisted|p1a: Zapdos\n|-damage|p1a: Zapdos|73\/100\n|-unboost|p2a: Gawain|def|1\n|-unboost|p2a: Gawain|spd|1\n|-status|p2a: Gawain|par|[from] ability: Static|[of] p1a: Zapdos\n|\n|upkeep\n|turn|2\n|\n|t:|1652936167\n|switch|p1a: Slowgatell|Slowbro, M|100\/100\n|switch|p2a: Xerxes|Garchomp, M|100\/100\n|\n|upkeep\n|turn|3\n|\n|t:|1652936173\n|move|p2a: Xerxes|Stealth Rock|p1a: Slowgatell\n|-sidestart|p1: Fastpitchkiller|move: Stealth Rock\n|move|p1a: Slowgatell|Toxic|p2a: Xerxes\n|-status|p2a: Xerxes|tox\n|\n|-damage|p2a: Xerxes|94\/100 tox|[from] psn\n|upkeep\n|turn|4\n|\n|t:|1652936181\n|switch|p2a: Kunopegos|Crawdaunt, M|100\/100\n|move|p1a: Slowgatell|Scald|p2a: Kunopegos\n|-resisted|p2a: Kunopegos\n|-damage|p2a: Kunopegos|71\/100\n|-status|p2a: Kunopegos|brn\n|\n|-damage|p2a: Kunopegos|65\/100 brn|[from] brn\n|upkeep\n|turn|5\n|\n|t:|1652936192\n|move|p2a: Kunopegos|Knock Off|p1a: Slowgatell\n|-supereffective|p1a: Slowgatell\n|-damage|p1a: Slowgatell|35\/100\n|-damage|p2a: Kunopegos|48\/100 brn|[from] item: Rocky Helmet|[of] p1a: Slowgatell\n|-enditem|p1a: Slowgatell|Rocky Helmet|[from] move: Knock Off|[of] p2a: Kunopegos\n|move|p1a: Slowgatell|Teleport|p1a: Slowgatell\n|\n|t:|1652936200\n|switch|p1a: Zapdos|Zapdos|73\/100|[from]move: Teleport\n|\n|-damage|p2a: Kunopegos|42\/100 brn|[from] brn\n|upkeep\n|turn|6\n|\n|t:|1652936207\n|move|p1a: Zapdos|Defog|p2a: Kunopegos\n|-unboost|p2a: Kunopegos|evasion|1\n|-sideend|p1: Fastpitchkiller|Stealth Rock|[from] move: Defog|[of] p1a: Zapdos\n|move|p2a: Kunopegos|Knock Off|p1a: Zapdos\n|-crit|p1a: Zapdos\n|-damage|p1a: Zapdos|21\/100\n|-enditem|p1a: Zapdos|Heavy-Duty Boots|[from] move: Knock Off|[of] p2a: Kunopegos\n|\n|-damage|p2a: Kunopegos|36\/100 brn|[from] brn\n|upkeep\n|turn|7\n|\n|t:|1652936216\n|switch|p2a: Xerxes|Garchomp, M|94\/100 tox\n|move|p1a: Zapdos|Roost|p1a: Zapdos\n|-heal|p1a: Zapdos|71\/100\n|-singleturn|p1a: Zapdos|move: Roost\n|\n|-damage|p2a: Xerxes|88\/100 tox|[from] psn\n|upkeep\n|turn|8\n|\n|t:|1652936225\n|move|p2a: Xerxes|Stealth Rock|p1a: Zapdos\n|-sidestart|p1: Fastpitchkiller|move: Stealth Rock\n|move|p1a: Zapdos|Roost|p1a: Zapdos\n|-heal|p1a: Zapdos|100\/100\n|-singleturn|p1a: Zapdos|move: Roost\n|\n|-damage|p2a: Xerxes|76\/100 tox|[from] psn\n|upkeep\n|turn|9\n|\n|t:|1652936234\n|-zpower|p2a: Xerxes\n|move|p2a: Xerxes|Continental Crush|p1a: Zapdos|[zeffect]\n|-supereffective|p1a: Zapdos\n|-damage|p1a: Zapdos|3\/100\n|move|p1a: Zapdos|Defog|p2a: Xerxes\n|-unboost|p2a: Xerxes|evasion|1\n|-sideend|p1: Fastpitchkiller|Stealth Rock|[from] move: Defog|[of] p1a: Zapdos\n|\n|-damage|p2a: Xerxes|57\/100 tox|[from] psn\n|upkeep\n|turn|10\n|\n|t:|1652936247\n|move|p2a: Xerxes|Stone Edge|p1a: Zapdos\n|-supereffective|p1a: Zapdos\n|-damage|p1a: Zapdos|0 fnt\n|faint|p1a: Zapdos\n|\n|-damage|p2a: Xerxes|33\/100 tox|[from] psn\n|upkeep\n|j| Simior\n|l| Simior\n|\n|t:|1652936255\n|switch|p1a: Greninja|Greninja, M|100\/100\n|turn|11\n|\n|t:|1652936258\n|switch|p2a: Nomos|Clefable, F|100\/100\n|move|p1a: Greninja|Hydro Pump|p2a: Nomos\n|-damage|p2a: Nomos|35\/100\n|\n|-heal|p2a: Nomos|41\/100|[from] item: Leftovers\n|upkeep\n|turn|12\n|\n|t:|1652936266\n|switch|p2a: Metallica|Melmetal|100\/100\n|move|p1a: Greninja|Hydro Pump|p2a: Metallica\n|-damage|p2a: Metallica|49\/100\n|\n|upkeep\n|turn|13\n|\n|t:|1652936273\n|move|p1a: Greninja|Hydro Pump|p2a: Metallica|[miss]\n|-miss|p1a: Greninja|p2a: Metallica\n|move|p2a: Metallica|Thunder Punch|p1a: Greninja\n|-supereffective|p1a: Greninja\n|-damage|p1a: Greninja|0 fnt\n|faint|p1a: Greninja\n|\n|upkeep\n|\n|t:|1652936281\n|switch|p1a: Kommo-o|Kommo-o, M|100\/100\n|turn|14\n|\n|t:|1652936287\n|move|p1a: Kommo-o|Clangorous Soul|p1a: Kommo-o\n|-boost|p1a: Kommo-o|atk|1\n|-boost|p1a: Kommo-o|def|1\n|-boost|p1a: Kommo-o|spa|1\n|-boost|p1a: Kommo-o|spd|1\n|-boost|p1a: Kommo-o|spe|1\n|-damage|p1a: Kommo-o|68\/100\n|move|p2a: Metallica|Ice Punch|p1a: Kommo-o\n|-supereffective|p1a: Kommo-o\n|-damage|p1a: Kommo-o|22\/100\n|-status|p1a: Kommo-o|frz\n|\n|upkeep\n|turn|15\n|\n|t:|1652936297\n|cant|p1a: Kommo-o|frz\n|move|p2a: Metallica|Double Iron Bash|p1a: Kommo-o\n|-damage|p1a: Kommo-o|0 fnt\n|faint|p1a: Kommo-o\n|-hitcount|p1: Kommo-o|1\n|\n|upkeep\n|\n|t:|1652936304\n|switch|p1a: Johnny Bravo|Melmetal|100\/100\n|turn|16\n|\n|t:|1652936308\n|switch|p2a: Sparky|Zapdos|100\/100\n|move|p1a: Johnny Bravo|Double Iron Bash|p2a: Sparky\n|-resisted|p2a: Sparky\n|-damage|p2a: Sparky|83\/100\n|-resisted|p2a: Sparky\n|-damage|p2a: Sparky|66\/100\n|-hitcount|p2a: Sparky|2\n|\n|upkeep\n|turn|17\n|\n|t:|1652936316\n|switch|p1a: Tyranitar|Tyranitar, M|100\/100\n|-weather|Sandstorm|[from] ability: Sand Stream|[of] p1a: Tyranitar\n|move|p2a: Sparky|Volt Switch|p1a: Tyranitar\n|-damage|p1a: Tyranitar|89\/100\n|\n|t:|1652936318\n|switch|p2a: Gawain|Gallade-Mega, M|100\/100 par|[from]move: Volt Switch\n|\n|-weather|Sandstorm|[upkeep]\n|-damage|p2a: Gawain|94\/100 par|[from] Sandstorm\n|-heal|p1a: Tyranitar|95\/100|[from] item: Leftovers\n|upkeep\n|turn|18\n|\n|t:|1652936329\n|switch|p1a: Slowgatell|Slowbro, M|68\/100\n|move|p2a: Gawain|Close Combat|p1a: Slowgatell\n|-resisted|p1a: Slowgatell\n|-damage|p1a: Slowgatell|44\/100\n|-unboost|p2a: Gawain|def|1\n|-unboost|p2a: Gawain|spd|1\n|\n|-weather|Sandstorm|[upkeep]\n|-damage|p2a: Gawain|88\/100 par|[from] Sandstorm\n|-damage|p1a: Slowgatell|38\/100|[from] Sandstorm\n|upkeep\n|turn|19\n|\n|t:|1652936340\n|switch|p2a: Nomos|Clefable, F|41\/100\n|move|p1a: Slowgatell|Teleport|p1a: Slowgatell\n|\n|t:|1652936343\n|switch|p1a: Johnny Bravo|Melmetal|100\/100|[from]move: Teleport\n|\n|-weather|Sandstorm|[upkeep]\n|-heal|p2a: Nomos|47\/100|[from] item: Leftovers\n|upkeep\n|turn|20\n|\n|t:|1652936350\n|switch|p2a: Sparky|Zapdos|66\/100\n|move|p1a: Johnny Bravo|Double Iron Bash|p2a: Sparky\n|-resisted|p2a: Sparky\n|-damage|p2a: Sparky|50\/100\n|-resisted|p2a: Sparky\n|-damage|p2a: Sparky|34\/100\n|-hitcount|p2a: Sparky|2\n|\n|-weather|Sandstorm|[upkeep]\n|-damage|p2a: Sparky|28\/100|[from] Sandstorm\n|upkeep\n|turn|21\n|\n|t:|1652936360\n|move|p2a: Sparky|Roost|p2a: Sparky\n|-heal|p2a: Sparky|79\/100\n|-singleturn|p2a: Sparky|move: Roost\n|move|p1a: Johnny Bravo|Earthquake|p2a: Sparky\n|-supereffective|p2a: Sparky\n|-damage|p2a: Sparky|21\/100\n|\n|-weather|none\n|upkeep\n|turn|22\n|\n|t:|1652936370\n|switch|p1a: Tyranitar|Tyranitar, M|95\/100\n|-weather|Sandstorm|[from] ability: Sand Stream|[of] p1a: Tyranitar\n|move|p2a: Sparky|Heat Wave|p1a: Tyranitar\n|-resisted|p1a: Tyranitar\n|-damage|p1a: Tyranitar|89\/100\n|\n|-weather|Sandstorm|[upkeep]\n|-damage|p2a: Sparky|15\/100|[from] Sandstorm\n|-heal|p1a: Tyranitar|96\/100|[from] item: Leftovers\n|upkeep\n|turn|23\n|\n|t:|1652936389\n|move|p2a: Sparky|Roost|p2a: Sparky\n|-heal|p2a: Sparky|65\/100\n|-singleturn|p2a: Sparky|move: Roost\n|move|p1a: Tyranitar|Stealth Rock|p2a: Sparky\n|-sidestart|p2: The Void Itself|move: Stealth Rock\n|\n|-weather|Sandstorm|[upkeep]\n|-damage|p2a: Sparky|59\/100|[from] Sandstorm\n|-heal|p1a: Tyranitar|100\/100|[from] item: Leftovers\n|upkeep\n|turn|24\n|\n|t:|1652936403\n|move|p2a: Sparky|Roost|p2a: Sparky\n|-heal|p2a: Sparky|100\/100\n|-singleturn|p2a: Sparky|move: Roost\n|move|p1a: Tyranitar|Rock Blast|p2a: Sparky\n|-damage|p2a: Sparky|92\/100\n|-damage|p2a: Sparky|82\/100\n|-hitcount|p2a: Sparky|2\n|\n|-weather|Sandstorm|[upkeep]\n|-damage|p2a: Sparky|76\/100|[from] Sandstorm\n|upkeep\n|turn|25\n|\n|t:|1652936414\n|move|p2a: Sparky|Defog|p1a: Tyranitar\n|-unboost|p1a: Tyranitar|evasion|1\n|-sideend|p2: The Void Itself|Stealth Rock|[from] move: Defog|[of] p2a: Sparky\n|move|p1a: Tyranitar|Rock Blast|p2a: Sparky\n|-supereffective|p2a: Sparky\n|-damage|p2a: Sparky|59\/100\n|-supereffective|p2a: Sparky\n|-damage|p2a: Sparky|43\/100\n|-hitcount|p2a: Sparky|2\n|\n|-weather|Sandstorm|[upkeep]\n|-damage|p2a: Sparky|37\/100|[from] Sandstorm\n|upkeep\n|turn|26\n|\n|t:|1652936425\n|move|p2a: Sparky|Volt Switch|p1a: Tyranitar\n|-damage|p1a: Tyranitar|89\/100\n|\n|t:|1652936427\n|switch|p2a: Gawain|Gallade-Mega, M|88\/100 par|[from]move: Volt Switch\n|move|p1a: Tyranitar|Stealth Rock|p2a: Gawain\n|-sidestart|p2: The Void Itself|move: Stealth Rock\n|\n|-weather|none\n|-heal|p1a: Tyranitar|96\/100|[from] item: Leftovers\n|upkeep\n|turn|27\n|\n|t:|1652936436\n|switch|p1a: Slowgatell|Slowbro, M|72\/100\n|move|p2a: Gawain|Swords Dance|p2a: Gawain\n|-boost|p2a: Gawain|atk|2\n|\n|upkeep\n|turn|28\n|\n|t:|1652936445\n|move|p2a: Gawain|Knock Off|p1a: Slowgatell\n|-supereffective|p1a: Slowgatell\n|-damage|p1a: Slowgatell|8\/100\n|move|p1a: Slowgatell|Scald|p2a: Gawain\n|-crit|p2a: Gawain\n|-damage|p2a: Gawain|41\/100 par\n|\n|upkeep\n|turn|29\n|\n|t:|1652936453\n|move|p2a: Gawain|Close Combat|p1a: Slowgatell\n|-resisted|p1a: Slowgatell\n|-damage|p1a: Slowgatell|0 fnt\n|-unboost|p2a: Gawain|def|1\n|-unboost|p2a: Gawain|spd|1\n|faint|p1a: Slowgatell\n|\n|upkeep\n|\n|t:|1652936460\n|switch|p1a: Johnny Bravo|Melmetal|100\/100\n|turn|30\n|\n|t:|1652936463\n|move|p2a: Gawain|Close Combat|p1a: Johnny Bravo\n|-supereffective|p1a: Johnny Bravo\n|-damage|p1a: Johnny Bravo|0 fnt\n|-unboost|p2a: Gawain|def|1\n|-unboost|p2a: Gawain|spd|1\n|faint|p1a: Johnny Bravo\n|\n|upkeep\n|-message|Fastpitchkiller forfeited.\n|\n|win|The Void Itself\n|raw|Fastpitchkiller's rating: 1750 &rarr; <strong>1729<\/strong><br \/>(-21 for losing)\n|raw|The Void Itself's rating: 1733 &rarr; <strong>1754<\/strong><br \/>(+21 for winning)\n|l|\u2606Fastpitchkiller\n","uploadtime":1652936469,"views":12,"p1id":"fastpitchkiller","p2id":"thevoiditself","formatid":"gen8nationaldex","rating":1729,"private":0,"password":null}