{"id":"gen8ou-1646840572","p1":"LT94JE Fuse","p2":"2222mm","format":"gen8ou","log":"|raw|<div class=\"broadcast-blue\"><strong>This battle is required to be public due to a player having a name starting with 'lt94je'.<\/div>\n|j|\u2606LT94JE Fuse\n|j|\u26062222mm\n|t:|1661313489\n|gametype|singles\n|player|p1|LT94JE Fuse|yellow|1843\n|player|p2|2222mm|2|1743\n|teamsize|p1|6\n|teamsize|p2|6\n|gen|8\n|tier|[Gen 8] OU\n|rated|\n|rule|Sleep Clause Mod: Limit one foe put to sleep\n|rule|Species Clause: Limit one of each Pok\u00e9mon\n|rule|OHKO Clause: OHKO moves are banned\n|rule|Evasion Items Clause: Evasion items are banned\n|rule|Evasion Moves Clause: Evasion moves are banned\n|rule|Endless Battle Clause: Forcing endless battles is banned\n|rule|HP Percentage Mod: HP is shown in percentages\n|rule|Dynamax Clause: You cannot dynamax\n|clearpoke\n|poke|p1|Necrozma|\n|poke|p1|Tapu Lele|\n|poke|p1|Urshifu-*, M|\n|poke|p1|Tornadus-Therian, M|\n|poke|p1|Landorus-Therian, M|\n|poke|p1|Ferrothorn, M|\n|poke|p2|Tapu Fini|\n|poke|p2|Landorus-Therian, M|\n|poke|p2|Ferrothorn, M|\n|poke|p2|Blacephalon|\n|poke|p2|Glastrier|\n|poke|p2|Kartana|\n|teampreview\n|c|\u2606LT94JE Fuse|Hf\n|j| ilovepikachu222\n|c|\u2606LT94JE Fuse|cool team\n|c|\u26062222mm|same.;)\n|\n|t:|1661313538\n|start\n|switch|p1a: Necrozma|Necrozma|100\/100\n|switch|p2a: Tapu Fini|Tapu Fini|100\/100\n|-fieldstart|move: Misty Terrain|[from] ability: Misty Surge|[of] p2a: Tapu Fini\n|turn|1\n|\n|t:|1661313565\n|move|p2a: Tapu Fini|Trick|p1a: Necrozma\n|-activate|p2a: Tapu Fini|move: Trick|[of] p1a: Necrozma\n|-item|p1a: Necrozma|Choice Scarf|[from] move: Trick\n|-item|p2a: Tapu Fini|Choice Specs|[from] move: Trick\n|move|p1a: Necrozma|Photon Geyser|p2a: Tapu Fini\n|-damage|p2a: Tapu Fini|57\/100\n|\n|upkeep\n|turn|2\n|\n|t:|1661313575\n|switch|p1a: Tornadus|Tornadus-Therian, M|100\/100\n|switch|p2a: Landorus|Landorus-Therian, M|100\/100\n|-ability|p2a: Landorus|Intimidate|boost\n|-unboost|p1a: Tornadus|atk|1\n|\n|upkeep\n|turn|3\n|\n|t:|1661313596\n|switch|p2a: Tapu Fini|Tapu Fini|57\/100\n|move|p1a: Tornadus|U-turn|p2a: Tapu Fini\n|-resisted|p2a: Tapu Fini\n|-damage|p2a: Tapu Fini|53\/100\n|\n|t:|1661313601\n|switch|p1a: Necrozma|Necrozma|100\/100|[from]move: U-turn\n|\n|upkeep\n|turn|4\n|j| LT94JE Genesis\n|\n|t:|1661313607\n|move|p1a: Necrozma|Heat Wave|p2a: Tapu Fini\n|-resisted|p2a: Tapu Fini\n|-damage|p2a: Tapu Fini|38\/100\n|move|p2a: Tapu Fini|Trick|p1a: Necrozma\n|-activate|p2a: Tapu Fini|move: Trick|[of] p1a: Necrozma\n|-item|p1a: Necrozma|Choice Specs|[from] move: Trick\n|-item|p2a: Tapu Fini|Choice Scarf|[from] move: Trick\n|\n|upkeep\n|turn|5\n|\n|t:|1661313615\n|switch|p2a: Blacephalon|Blacephalon|100\/100\n|move|p1a: Necrozma|Photon Geyser|p2a: Blacephalon\n|-damage|p2a: Blacephalon|0 fnt\n|faint|p2a: Blacephalon\n|\n|-fieldend|Misty Terrain\n|upkeep\n|c|\u26062222mm|o\n|c|\u26062222mm|choke\n|c| LT94JE Genesis|Menudo choke\n|\n|t:|1661313637\n|switch|p2a: Ferrothorn|Ferrothorn, M|100\/100\n|turn|6\n|j| keldeo\n|\n|t:|1661313700\n|move|p1a: Necrozma|Photon Geyser|p2a: Ferrothorn\n|-resisted|p2a: Ferrothorn\n|-damage|p2a: Ferrothorn|65\/100\n|move|p2a: Ferrothorn|Spikes|p1a: Necrozma\n|-sidestart|p1: LT94JE Fuse|Spikes\n|\n|-heal|p2a: Ferrothorn|71\/100|[from] item: Leftovers\n|upkeep\n|turn|7\n|\n|t:|1661313712\n|move|p1a: Necrozma|Photon Geyser|p2a: Ferrothorn\n|-resisted|p2a: Ferrothorn\n|-damage|p2a: Ferrothorn|36\/100\n|move|p2a: Ferrothorn|Leech Seed|p1a: Necrozma\n|-start|p1a: Necrozma|move: Leech Seed\n|\n|-heal|p2a: Ferrothorn|43\/100|[from] item: Leftovers\n|-damage|p1a: Necrozma|88\/100|[from] Leech Seed|[of] p2a: Ferrothorn\n|-heal|p2a: Ferrothorn|55\/100|[silent]\n|upkeep\n|turn|8\n|j| Yang233\n|\n|t:|1661313737\n|move|p1a: Necrozma|Photon Geyser|p2a: Ferrothorn\n|-resisted|p2a: Ferrothorn\n|-damage|p2a: Ferrothorn|18\/100\n|move|p2a: Ferrothorn|Power Whip|p1a: Necrozma\n|-damage|p1a: Necrozma|52\/100\n|\n|-heal|p2a: Ferrothorn|25\/100|[from] item: Leftovers\n|-damage|p1a: Necrozma|39\/100|[from] Leech Seed|[of] p2a: Ferrothorn\n|-heal|p2a: Ferrothorn|37\/100|[silent]\n|upkeep\n|turn|9\n|\n|t:|1661313751\n|switch|p1a: Tornadus|Tornadus-Therian, M|100\/100\n|move|p2a: Ferrothorn|Power Whip|p1a: Tornadus\n|-resisted|p1a: Tornadus\n|-damage|p1a: Tornadus|82\/100\n|\n|-heal|p2a: Ferrothorn|43\/100|[from] item: Leftovers\n|upkeep\n|turn|10\n|\n|t:|1661313763\n|switch|p2a: Tapu Fini|Tapu Fini|38\/100\n|-fieldstart|move: Misty Terrain|[from] ability: Misty Surge|[of] p2a: Tapu Fini\n|move|p1a: Tornadus|Heat Wave|p2a: Tapu Fini\n|-resisted|p2a: Tapu Fini\n|-damage|p2a: Tapu Fini|29\/100\n|\n|upkeep\n|turn|11\n|\n|t:|1661313793\n|move|p2a: Tapu Fini|Moonblast|p1a: Tornadus\n|-damage|p1a: Tornadus|60\/100\n|-unboost|p1a: Tornadus|spa|1\n|move|p1a: Tornadus|Hurricane|p2a: Tapu Fini\n|-damage|p2a: Tapu Fini|9\/100\n|\n|upkeep\n|turn|12\n|l| Yang233\n|\n|t:|1661313810\n|switch|p2a: Glastrier|Glastrier|100\/100\n|switch|p1a: Landorus|Landorus-Therian, M|100\/100\n|-ability|p1a: Landorus|Intimidate|boost\n|-unboost|p2a: Glastrier|atk|1\n|\n|upkeep\n|turn|13\n|\n|t:|1661313841\n|move|p1a: Landorus|U-turn|p2a: Glastrier\n|-damage|p2a: Glastrier|84\/100\n|\n|t:|1661313844\n|switch|p1a: Urshifu|Urshifu-Rapid-Strike, M|100\/100|[from]move: U-turn\n|-damage|p1a: Urshifu|88\/100|[from] Spikes\n|move|p2a: Glastrier|Icicle Crash|p1a: Urshifu|[miss]\n|-miss|p2a: Glastrier|p1a: Urshifu\n|\n|upkeep\n|turn|14\n|\n|t:|1661313858\n|switch|p2a: Ferrothorn|Ferrothorn, M|43\/100\n|move|p1a: Urshifu|Close Combat|p2a: Ferrothorn\n|-supereffective|p2a: Ferrothorn\n|-damage|p2a: Ferrothorn|0 fnt\n|-unboost|p1a: Urshifu|def|1\n|-unboost|p1a: Urshifu|spd|1\n|-damage|p1a: Urshifu|76\/100|[from] ability: Iron Barbs|[of] p2a: Ferrothorn\n|faint|p2a: Ferrothorn\n|\n|-fieldend|Misty Terrain\n|upkeep\n|\n|t:|1661313871\n|switch|p2a: Landorus|Landorus-Therian, M|100\/100\n|-ability|p2a: Landorus|Intimidate|boost\n|-unboost|p1a: Urshifu|atk|1\n|turn|15\n|\n|t:|1661313891\n|switch|p1a: Landorus|Landorus-Therian, M|100\/100\n|-ability|p1a: Landorus|Intimidate|boost\n|-unboost|p2a: Landorus|atk|1\n|move|p2a: Landorus|U-turn|p1a: Landorus\n|-resisted|p1a: Landorus\n|-damage|p1a: Landorus|93\/100\n|\n|t:|1661313900\n|switch|p2a: Glastrier|Glastrier|84\/100|[from]move: U-turn\n|\n|-heal|p1a: Landorus|99\/100|[from] item: Leftovers\n|upkeep\n|turn|16\n|j| sgvh\n|\n|t:|1661313921\n|move|p1a: Landorus|U-turn|p2a: Glastrier\n|-damage|p2a: Glastrier|67\/100\n|\n|t:|1661313922\n|switch|p1a: Ferrothorn|Ferrothorn, M|100\/100|[from]move: U-turn\n|-damage|p1a: Ferrothorn|88\/100|[from] Spikes\n|move|p2a: Glastrier|Icicle Crash|p1a: Ferrothorn\n|-damage|p1a: Ferrothorn|57\/100\n|\n|-heal|p1a: Ferrothorn|64\/100|[from] item: Leftovers\n|upkeep\n|turn|17\n|\n|t:|1661313932\n|move|p2a: Glastrier|Icicle Crash|p1a: Ferrothorn\n|-damage|p1a: Ferrothorn|36\/100\n|move|p1a: Ferrothorn|Stealth Rock|p2a: Glastrier\n|-sidestart|p2: 2222mm|move: Stealth Rock\n|\n|-heal|p1a: Ferrothorn|42\/100|[from] item: Leftovers\n|upkeep\n|turn|18\n|\n|t:|1661313953\n|move|p2a: Glastrier|Icicle Crash|p1a: Ferrothorn\n|-damage|p1a: Ferrothorn|16\/100\n|move|p1a: Ferrothorn|Iron Head|p2a: Glastrier\n|-supereffective|p2a: Glastrier\n|-damage|p2a: Glastrier|28\/100\n|\n|-heal|p1a: Ferrothorn|22\/100|[from] item: Leftovers\n|upkeep\n|turn|19\n|\n|t:|1661313959\n|switch|p1a: Necrozma|Necrozma|39\/100\n|-damage|p1a: Necrozma|27\/100|[from] Spikes\n|move|p2a: Glastrier|Icicle Crash|p1a: Necrozma\n|-damage|p1a: Necrozma|0 fnt\n|faint|p1a: Necrozma\n|-ability|p2a: Glastrier|Chilling Neigh|boost\n|-boost|p2a: Glastrier|atk|1\n|\n|upkeep\n|\n|t:|1661313963\n|switch|p1a: Tapu Lele|Tapu Lele|100\/100\n|-damage|p1a: Tapu Lele|88\/100|[from] Spikes\n|-fieldstart|move: Psychic Terrain|[from] ability: Psychic Surge|[of] p1a: Tapu Lele\n|turn|20\n|\n|t:|1661313972\n|switch|p2a: Tapu Fini|Tapu Fini|9\/100\n|-damage|p2a: Tapu Fini|0 fnt|[from] Stealth Rock\n|faint|p2a: Tapu Fini\n|move|p1a: Tapu Lele|Moonblast|p2: Tapu Fini|[notarget]\n|-fail|p1a: Tapu Lele\n|\n|upkeep\n|\n|t:|1661313977\n|switch|p2a: Kartana|Kartana, shiny|100\/100\n|-damage|p2a: Kartana|94\/100|[from] Stealth Rock\n|turn|21\n|\n|t:|1661314020\n|move|p2a: Kartana|Smart Strike|p1a: Tapu Lele\n|-supereffective|p1a: Tapu Lele\n|-damage|p1a: Tapu Lele|0 fnt\n|faint|p1a: Tapu Lele\n|-ability|p2a: Kartana|Beast Boost|boost\n|-boost|p2a: Kartana|atk|1\n|\n|upkeep\n|\n|t:|1661314021\n|switch|p1a: Urshifu|Urshifu-Rapid-Strike, M|76\/100\n|-damage|p1a: Urshifu|64\/100|[from] Spikes\n|turn|22\n|\n|t:|1661314030\n|switch|p2a: Landorus|Landorus-Therian, M|100\/100\n|-damage|p2a: Landorus|88\/100|[from] Stealth Rock\n|-ability|p2a: Landorus|Intimidate|boost\n|-unboost|p1a: Urshifu|atk|1\n|move|p1a: Urshifu|Surging Strikes|p2a: Landorus\n|-supereffective|p2a: Landorus\n|-crit|p2a: Landorus\n|-damage|p2a: Landorus|36\/100\n|-supereffective|p2a: Landorus\n|-crit|p2a: Landorus\n|-damage|p2a: Landorus|0 fnt\n|faint|p2a: Landorus\n|-hitcount|p2: Landorus|2\n|\n|upkeep\n|\n|t:|1661314039\n|switch|p2a: Kartana|Kartana, shiny|94\/100\n|-damage|p2a: Kartana|88\/100|[from] Stealth Rock\n|turn|23\n|\n|t:|1661314091\n|switch|p1a: Tornadus|Tornadus-Therian, M|93\/100\n|move|p2a: Kartana|Leaf Blade|p1a: Tornadus\n|-resisted|p1a: Tornadus\n|-damage|p1a: Tornadus|60\/100\n|\n|upkeep\n|turn|24\n|c|\u26062222mm|gg\n|c|\u26062222mm|love you fuse\n|c|\u26062222mm|gl in olt\n|c|\u26062222mm|;)\n|-message|2222mm forfeited.\n|\n|win|LT94JE Fuse\n|raw|LT94JE Fuse's rating: 1828 &rarr; <strong>1843<\/strong><br \/>(+15 for winning)\n|raw|2222mm's rating: 1743 &rarr; <strong>1728<\/strong><br \/>(-15 for losing)\n||Ladder isn't responding, score probably updated but might not have (Request timeout).\n|l|\u26062222mm\n|n| 0ne Last Kiss|lt94jegenesis\n|c|\u2606LT94JE Fuse|Ggs ty\n","uploadtime":1661314238,"views":39,"p1id":"lt94jefuse","p2id":"2222mm","formatid":"gen8ou","rating":1728,"private":0,"password":null}