{"id":"gen8nationaldex-1529344952","p1":"BeastyJ157","p2":"AsRd","format":"gen8nationaldex","log":"|j|\u2606BeastyJ157\n|j|\u2606AsRd\n|t:|1647116101\n|gametype|singles\n|player|p1|BeastyJ157|169|1460\n|player|p2|AsRd|kimonogirl|1610\n|teamsize|p1|6\n|teamsize|p2|6\n|gen|8\n|tier|[Gen 8] National Dex\n|rated|\n|rule|HP Percentage Mod: HP is shown in percentages\n|rule|Endless Battle Clause: Forcing endless battles is banned\n|rule|OHKO Clause: OHKO moves are banned\n|rule|Evasion Moves Clause: Evasion moves are banned\n|rule|Species Clause: Limit one of each Pok\u00e9mon\n|rule|Dynamax Clause: You cannot dynamax\n|rule|Sleep Clause Mod: Limit one foe put to sleep\n|clearpoke\n|poke|p1|Lopunny, F|\n|poke|p1|Heatran, F|\n|poke|p1|Ferrothorn, M|\n|poke|p1|Toxapex, M|\n|poke|p1|Landorus-Therian, M|\n|poke|p1|Greninja, F|\n|poke|p2|Diancie|\n|poke|p2|Mamoswine, M|\n|poke|p2|Greninja, M|\n|poke|p2|Zapdos|\n|poke|p2|Tapu Fini|\n|poke|p2|Ferrothorn, F|\n|teampreview\n|inactive|Battle timer is ON: inactive players will automatically lose when time's up. (requested by BeastyJ157)\n|c|\u2606BeastyJ157|dang nat dex must be dead if im matching someone 200 elo higher than me\n|inactive|BeastyJ157 has 120 seconds left.\n|c|\u2606BeastyJ157|hf\n|\n|t:|1647116137\n|start\n|switch|p1a: Greninja|Greninja, F|100\/100\n|switch|p2a: Zapdos|Zapdos|100\/100\n|turn|1\n|c|\u2606AsRd|u2\n|inactive|AsRd has 120 seconds left.\n|\n|t:|1647116169\n|switch|p2a: Tapu Fini|Tapu Fini|100\/100\n|-fieldstart|move: Misty Terrain|[from] ability: Misty Surge|[of] p2a: Tapu Fini\n|move|p1a: Greninja|Ice Beam|p2a: Tapu Fini\n|-start|p1a: Greninja|typechange|Ice|[from] ability: Protean\n|-resisted|p2a: Tapu Fini\n|-damage|p2a: Tapu Fini|90\/100\n|\n|-heal|p2a: Tapu Fini|96\/100|[from] item: Leftovers\n|upkeep\n|turn|2\n|inactive|AsRd has 120 seconds left.\n|\n|t:|1647116179\n|switch|p2a: Ferrothorn|Ferrothorn, F|100\/100\n|move|p1a: Greninja|Gunk Shot|p2a: Ferrothorn\n|-start|p1a: Greninja|typechange|Poison|[from] ability: Protean\n|-immune|p2a: Ferrothorn\n|\n|upkeep\n|turn|3\n|inactive|AsRd has 120 seconds left.\n|\n|t:|1647116191\n|switch|p2a: Mamoswine|Mamoswine, M|100\/100\n|move|p1a: Greninja|U-turn|p2a: Mamoswine\n|-start|p1a: Greninja|typechange|Bug|[from] ability: Protean\n|-damage|p2a: Mamoswine|69\/100\n|\n|t:|1647116196\n|switch|p1a: Lopunny|Lopunny, F|100\/100|[from]move: U-turn\n|\n|upkeep\n|turn|4\n|inactive|AsRd has 120 seconds left.\n|\n|t:|1647116223\n|switch|p2a: Zapdos|Zapdos|100\/100\n|detailschange|p1a: Lopunny|Lopunny-Mega, F\n|-mega|p1a: Lopunny|Lopunny|Lopunnite\n|move|p1a: Lopunny|Return|p2a: Zapdos\n|-damage|p2a: Zapdos|57\/100\n|\n|upkeep\n|turn|5\n|\n|t:|1647116243\n|move|p1a: Lopunny|Triple Axel|p2a: Zapdos\n|-supereffective|p2a: Zapdos\n|-damage|p2a: Zapdos|46\/100\n|-supereffective|p2a: Zapdos\n|-damage|p2a: Zapdos|26\/100\n|-supereffective|p2a: Zapdos\n|-damage|p2a: Zapdos|0 fnt\n|faint|p2a: Zapdos\n|-hitcount|p2: Zapdos|3\n|\n|-fieldend|Misty Terrain\n|upkeep\n|\n|t:|1647116252\n|switch|p2a: Diancie|Diancie|100\/100\n|turn|6\n|\n|t:|1647116257\n|detailschange|p2a: Diancie|Diancie-Mega\n|-mega|p2a: Diancie|Diancie|Diancite\n|move|p1a: Lopunny|U-turn|p2a: Diancie\n|-resisted|p2a: Diancie\n|-damage|p2a: Diancie|83\/100\n|\n|t:|1647116263\n|switch|p1a: Toxapex|Toxapex, M|100\/100|[from]move: U-turn\n|move|p2a: Diancie|Moonblast|p1a: Toxapex\n|-resisted|p1a: Toxapex\n|-damage|p1a: Toxapex|81\/100\n|\n|upkeep\n|turn|7\n|inactive|AsRd has 120 seconds left.\n|\n|t:|1647116288\n|move|p2a: Diancie|Stealth Rock|p1a: Toxapex\n|-sidestart|p1: BeastyJ157|move: Stealth Rock\n|move|p1a: Toxapex|Scald|p2a: Diancie\n|-supereffective|p2a: Diancie\n|-damage|p2a: Diancie|32\/100\n|-status|p2a: Diancie|brn\n|\n|-damage|p2a: Diancie|26\/100 brn|[from] brn\n|upkeep\n|turn|8\n|\n|t:|1647116293\n|move|p2a: Diancie|Earth Power|p1a: Toxapex\n|-supereffective|p1a: Toxapex\n|-damage|p1a: Toxapex|36\/100\n|move|p1a: Toxapex|Scald|p2a: Diancie\n|-supereffective|p2a: Diancie\n|-damage|p2a: Diancie|0 fnt\n|faint|p2a: Diancie\n|\n|upkeep\n|\n|t:|1647116298\n|switch|p2a: Mamoswine|Mamoswine, M|69\/100\n|turn|9\n|\n|t:|1647116312\n|switch|p1a: Ferrothorn|Ferrothorn, M|100\/100\n|-damage|p1a: Ferrothorn|94\/100|[from] Stealth Rock\n|move|p2a: Mamoswine|Earthquake|p1a: Ferrothorn\n|-damage|p1a: Ferrothorn|51\/100\n|\n|-heal|p1a: Ferrothorn|57\/100|[from] item: Leftovers\n|upkeep\n|turn|10\n|\n|t:|1647116317\n|-zpower|p2a: Mamoswine\n|move|p2a: Mamoswine|Tectonic Rage|p1a: Ferrothorn|[zeffect]\n|-damage|p1a: Ferrothorn|0 fnt\n|faint|p1a: Ferrothorn\n|\n|upkeep\n|\n|t:|1647116322\n|switch|p1a: Greninja|Greninja, F|100\/100\n|-damage|p1a: Greninja|88\/100|[from] Stealth Rock\n|turn|11\n|\n|t:|1647116331\n|-zpower|p1a: Greninja\n|move|p1a: Greninja|Tectonic Rage|p2a: Mamoswine|[zeffect]\n|-start|p1a: Greninja|typechange|Ground|[from] ability: Protean\n|-damage|p2a: Mamoswine|0 fnt\n|faint|p2a: Mamoswine\n|\n|upkeep\n|\n|t:|1647116335\n|switch|p2a: Greninja|Greninja, M|100\/100\n|turn|12\n|\n|t:|1647116343\n|switch|p1a: Toxapex|Toxapex, M|69\/100\n|-damage|p1a: Toxapex|57\/100|[from] Stealth Rock\n|move|p2a: Greninja|Dark Pulse|p1a: Toxapex\n|-damage|p1a: Toxapex|34\/100\n|\n|upkeep\n|turn|13\n|\n|t:|1647116358\n|move|p2a: Greninja|Dark Pulse|p1a: Toxapex\n|-damage|p1a: Toxapex|10\/100\n|move|p1a: Toxapex|Recover|p1a: Toxapex\n|-heal|p1a: Toxapex|60\/100\n|\n|upkeep\n|turn|14\n|\n|t:|1647116362\n|move|p2a: Greninja|Dark Pulse|p1a: Toxapex\n|-damage|p1a: Toxapex|38\/100\n|move|p1a: Toxapex|Recover|p1a: Toxapex\n|-heal|p1a: Toxapex|88\/100\n|\n|upkeep\n|turn|15\n|\n|t:|1647116366\n|move|p2a: Greninja|Dark Pulse|p1a: Toxapex\n|-damage|p1a: Toxapex|63\/100\n|cant|p1a: Toxapex|flinch\n|\n|upkeep\n|turn|16\n|\n|t:|1647116369\n|move|p2a: Greninja|Dark Pulse|p1a: Toxapex\n|-damage|p1a: Toxapex|37\/100\n|cant|p1a: Toxapex|flinch\n|\n|upkeep\n|turn|17\n|\n|t:|1647116373\n|move|p2a: Greninja|Dark Pulse|p1a: Toxapex\n|-damage|p1a: Toxapex|12\/100\n|move|p1a: Toxapex|Recover|p1a: Toxapex\n|-heal|p1a: Toxapex|62\/100\n|\n|upkeep\n|turn|18\n|\n|t:|1647116377\n|move|p2a: Greninja|Dark Pulse|p1a: Toxapex\n|-damage|p1a: Toxapex|40\/100\n|cant|p1a: Toxapex|flinch\n|\n|upkeep\n|turn|19\n|\n|t:|1647116380\n|move|p2a: Greninja|Dark Pulse|p1a: Toxapex\n|-damage|p1a: Toxapex|17\/100\n|move|p1a: Toxapex|Recover|p1a: Toxapex\n|-heal|p1a: Toxapex|67\/100\n|\n|upkeep\n|turn|20\n|inactive|AsRd has 120 seconds left.\n|\n|t:|1647116417\n|move|p2a: Greninja|Spikes|p1a: Toxapex\n|-sidestart|p1: BeastyJ157|Spikes\n|move|p1a: Toxapex|Toxic|p2a: Greninja\n|-status|p2a: Greninja|tox\n|\n|-damage|p2a: Greninja|95\/100 tox|[from] psn\n|upkeep\n|turn|21\n|\n|t:|1647116425\n|switch|p2a: Ferrothorn|Ferrothorn, F|100\/100\n|move|p1a: Toxapex|Scald|p2a: Ferrothorn\n|-resisted|p2a: Ferrothorn\n|-damage|p2a: Ferrothorn|95\/100\n|\n|-heal|p2a: Ferrothorn|100\/100|[from] item: Leftovers\n|upkeep\n|turn|22\n|inactive|AsRd has 120 seconds left.\n|\n|t:|1647116442\n|move|p1a: Toxapex|Scald|p2a: Ferrothorn\n|-resisted|p2a: Ferrothorn\n|-damage|p2a: Ferrothorn|95\/100\n|move|p2a: Ferrothorn|Leech Seed|p1a: Toxapex\n|-start|p1a: Toxapex|move: Leech Seed\n|\n|-heal|p2a: Ferrothorn|100\/100|[from] item: Leftovers\n|-damage|p1a: Toxapex|54\/100|[from] Leech Seed|[of] p2a: Ferrothorn\n|upkeep\n|turn|23\n|\n|t:|1647116449\n|switch|p1a: Heatran|Heatran, F|100\/100\n|-damage|p1a: Heatran|88\/100|[from] Stealth Rock\n|-damage|p1a: Heatran|76\/100|[from] Spikes\n|switch|p2a: Tapu Fini|Tapu Fini|96\/100\n|-fieldstart|move: Misty Terrain|[from] ability: Misty Surge|[of] p2a: Tapu Fini\n|\n|-heal|p2a: Tapu Fini|100\/100|[from] item: Leftovers\n|upkeep\n|turn|24\n|c|\u2606BeastyJ157|ayo what\n|c|\u2606BeastyJ157|cant use my zmove?\n|\n|t:|1647116478\n|switch|p1a: Toxapex|Toxapex, M|87\/100\n|-damage|p1a: Toxapex|75\/100|[from] Spikes\n|-damage|p1a: Toxapex|62\/100|[from] Stealth Rock\n|move|p2a: Tapu Fini|Scald|p1a: Toxapex\n|-resisted|p1a: Toxapex\n|-damage|p1a: Toxapex|53\/100\n|\n|upkeep\n|turn|25\n|c|\u2606AsRd|u used one already\n|\n|t:|1647116486\n|move|p2a: Tapu Fini|Taunt|p1a: Toxapex\n|-start|p1a: Toxapex|move: Taunt\n|cant|p1a: Toxapex|move: Taunt|Recover\n|\n|upkeep\n|turn|26\n|c|\u2606BeastyJ157|bruh\n|c|\u2606BeastyJ157|ur right\n|inactive|BeastyJ157 has 120 seconds left.\n|\n|t:|1647116513\n|move|p2a: Tapu Fini|Moonblast|p1a: Toxapex\n|-resisted|p1a: Toxapex\n|-damage|p1a: Toxapex|43\/100\n|move|p1a: Toxapex|Scald|p2a: Tapu Fini\n|-resisted|p2a: Tapu Fini\n|-damage|p2a: Tapu Fini|94\/100\n|\n|-heal|p2a: Tapu Fini|100\/100|[from] item: Leftovers\n|upkeep\n|turn|27\n|\n|t:|1647116522\n|move|p2a: Tapu Fini|Moonblast|p1a: Toxapex\n|-resisted|p1a: Toxapex\n|-damage|p1a: Toxapex|33\/100\n|move|p1a: Toxapex|Scald|p2a: Tapu Fini\n|-resisted|p2a: Tapu Fini\n|-damage|p2a: Tapu Fini|95\/100\n|\n|-heal|p2a: Tapu Fini|100\/100|[from] item: Leftovers\n|-end|p1a: Toxapex|move: Taunt\n|-fieldend|Misty Terrain\n|upkeep\n|turn|28\n|\n|t:|1647116526\n|switch|p1a: Greninja|Greninja, F|88\/100\n|-damage|p1a: Greninja|76\/100|[from] Spikes\n|-damage|p1a: Greninja|64\/100|[from] Stealth Rock\n|move|p2a: Tapu Fini|Taunt|p1a: Greninja\n|-start|p1a: Greninja|move: Taunt\n|\n|upkeep\n|turn|29\n|\n|t:|1647116530\n|switch|p2a: Ferrothorn|Ferrothorn, F|100\/100\n|move|p1a: Greninja|U-turn|p2a: Ferrothorn\n|-start|p1a: Greninja|typechange|Bug|[from] ability: Protean\n|-damage|p2a: Ferrothorn|79\/100\n|-damage|p1a: Greninja|51\/100|[from] ability: Iron Barbs|[of] p2a: Ferrothorn\n|\n|t:|1647116538\n|switch|p1a: Lopunny|Lopunny-Mega, F|100\/100|[from]move: U-turn\n|-damage|p1a: Lopunny|88\/100|[from] Spikes\n|-damage|p1a: Lopunny|82\/100|[from] Stealth Rock\n|\n|-heal|p2a: Ferrothorn|85\/100|[from] item: Leftovers\n|upkeep\n|turn|30\n|\n|t:|1647116548\n|move|p1a: Lopunny|U-turn|p2a: Ferrothorn\n|-damage|p2a: Ferrothorn|68\/100\n|-damage|p1a: Lopunny|70\/100|[from] ability: Iron Barbs|[of] p2a: Ferrothorn\n|\n|t:|1647116552\n|switch|p1a: Heatran|Heatran, F|76\/100|[from]move: U-turn\n|-damage|p1a: Heatran|63\/100|[from] Spikes\n|-damage|p1a: Heatran|51\/100|[from] Stealth Rock\n|move|p2a: Ferrothorn|Power Whip|p1a: Heatran|[miss]\n|-miss|p2a: Ferrothorn|p1a: Heatran\n|\n|-heal|p2a: Ferrothorn|74\/100|[from] item: Leftovers\n|upkeep\n|turn|31\n|\n|t:|1647116560\n|switch|p2a: Tapu Fini|Tapu Fini|100\/100\n|-fieldstart|move: Misty Terrain|[from] ability: Misty Surge|[of] p2a: Tapu Fini\n|move|p1a: Heatran|Magma Storm|p2a: Tapu Fini\n|-resisted|p2a: Tapu Fini\n|-damage|p2a: Tapu Fini|81\/100\n|-activate|p2a: Tapu Fini|move: Magma Storm|[of] p1a: Heatran\n|\n|-heal|p2a: Tapu Fini|87\/100|[from] item: Leftovers\n|-damage|p2a: Tapu Fini|75\/100|[from] move: Magma Storm|[partiallytrapped]\n|upkeep\n|turn|32\n|\n|t:|1647116573\n|move|p1a: Heatran|Flash Cannon|p2a: Tapu Fini\n|-damage|p2a: Tapu Fini|44\/100\n|move|p2a: Tapu Fini|Scald|p1a: Heatran\n|-supereffective|p1a: Heatran\n|-damage|p1a: Heatran|0 fnt\n|faint|p1a: Heatran\n|\n|-heal|p2a: Tapu Fini|50\/100|[from] item: Leftovers\n|-end|p2a: Tapu Fini|Magma Storm|[partiallytrapped]|[silent]\n|upkeep\n|c|\u2606AsRd|use steel beam\n|c|\u2606AsRd|fr\n|inactive|BeastyJ157 has 120 seconds left.\n|c|\u2606BeastyJ157|ill try that\n|inactive|BeastyJ157 has 90 seconds left.\n|\n|t:|1647116646\n|switch|p1a: Greninja|Greninja, F|51\/100\n|-damage|p1a: Greninja|39\/100|[from] Spikes\n|-damage|p1a: Greninja|27\/100|[from] Stealth Rock\n|turn|33\n|\n|t:|1647116654\n|move|p1a: Greninja|U-turn|p2a: Tapu Fini\n|-start|p1a: Greninja|typechange|Bug|[from] ability: Protean\n|-resisted|p2a: Tapu Fini\n|-damage|p2a: Tapu Fini|37\/100\n|\n|t:|1647116657\n|switch|p1a: Landorus|Landorus-Therian, M|100\/100|[from]move: U-turn\n|-damage|p1a: Landorus|88\/100|[from] Stealth Rock\n|-ability|p1a: Landorus|Intimidate|boost\n|-unboost|p2a: Tapu Fini|atk|1\n|move|p2a: Tapu Fini|Moonblast|p1a: Landorus\n|-damage|p1a: Landorus|56\/100\n|-unboost|p1a: Landorus|spa|1\n|\n|-heal|p2a: Tapu Fini|43\/100|[from] item: Leftovers\n|upkeep\n|turn|34\n|\n|t:|1647116663\n|move|p2a: Tapu Fini|Scald|p1a: Landorus\n|-supereffective|p1a: Landorus\n|-damage|p1a: Landorus|0 fnt\n|faint|p1a: Landorus\n|\n|-heal|p2a: Tapu Fini|49\/100|[from] item: Leftovers\n|upkeep\n|\n|t:|1647116666\n|switch|p1a: Greninja|Greninja, F|27\/100\n|-damage|p1a: Greninja|15\/100|[from] Stealth Rock\n|-damage|p1a: Greninja|2\/100|[from] Spikes\n|turn|35\n|\n|t:|1647116670\n|switch|p2a: Ferrothorn|Ferrothorn, F|74\/100\n|move|p1a: Greninja|U-turn|p2a: Ferrothorn\n|-start|p1a: Greninja|typechange|Bug|[from] ability: Protean\n|-damage|p2a: Ferrothorn|52\/100\n|-damage|p1a: Greninja|0 fnt|[from] ability: Iron Barbs|[of] p2a: Ferrothorn\n|faint|p1a: Greninja\n|\n|-heal|p2a: Ferrothorn|58\/100|[from] item: Leftovers\n|-fieldend|Misty Terrain\n|upkeep\n|\n|t:|1647116672\n|switch|p1a: Lopunny|Lopunny-Mega, F|70\/100\n|-damage|p1a: Lopunny|64\/100|[from] Stealth Rock\n|-damage|p1a: Lopunny|52\/100|[from] Spikes\n|turn|36\n|\n|t:|1647116677\n|move|p1a: Lopunny|Close Combat|p2a: Ferrothorn\n|-supereffective|p2a: Ferrothorn\n|-damage|p2a: Ferrothorn|0 fnt\n|-unboost|p1a: Lopunny|def|1\n|-unboost|p1a: Lopunny|spd|1\n|-damage|p1a: Lopunny|40\/100|[from] ability: Iron Barbs|[of] p2a: Ferrothorn\n|faint|p2a: Ferrothorn\n|\n|upkeep\n|\n|t:|1647116679\n|switch|p2a: Greninja|Greninja, M|95\/100 tox\n|turn|37\n|\n|t:|1647116683\n|switch|p1a: Toxapex|Toxapex, M|66\/100\n|-damage|p1a: Toxapex|54\/100|[from] Spikes\n|-damage|p1a: Toxapex|41\/100|[from] Stealth Rock\n|move|p2a: Greninja|Water Shuriken|p1a: Toxapex\n|-resisted|p1a: Toxapex\n|-damage|p1a: Toxapex|39\/100\n|-resisted|p1a: Toxapex\n|-damage|p1a: Toxapex|37\/100\n|-resisted|p1a: Toxapex\n|-crit|p1a: Toxapex\n|-damage|p1a: Toxapex|33\/100\n|-resisted|p1a: Toxapex\n|-damage|p1a: Toxapex|31\/100\n|-hitcount|p1a: Toxapex|4\n|\n|-damage|p2a: Greninja|89\/100 tox|[from] psn\n|upkeep\n|turn|38\n|\n|t:|1647116690\n|switch|p1a: Lopunny|Lopunny-Mega, F|40\/100\n|-damage|p1a: Lopunny|28\/100|[from] Spikes\n|-damage|p1a: Lopunny|22\/100|[from] Stealth Rock\n|move|p2a: Greninja|Spikes|p1a: Lopunny\n|-sidestart|p1: BeastyJ157|Spikes\n|\n|-damage|p2a: Greninja|77\/100 tox|[from] psn\n|upkeep\n|turn|39\n|\n|t:|1647116703\n|switch|p1a: Toxapex|Toxapex, M|64\/100\n|-damage|p1a: Toxapex|48\/100|[from] Spikes\n|-damage|p1a: Toxapex|35\/100|[from] Stealth Rock\n|move|p2a: Greninja|Dark Pulse|p1a: Toxapex\n|-damage|p1a: Toxapex|13\/100\n|\n|-damage|p2a: Greninja|59\/100 tox|[from] psn\n|upkeep\n|turn|40\n|c|\u2606BeastyJ157|oops what am i doing\n|c|\u2606AsRd|gg\n|\n|t:|1647116719\n|move|p2a: Greninja|Dark Pulse|p1a: Toxapex\n|-damage|p1a: Toxapex|0 fnt\n|faint|p1a: Toxapex\n|-activate|p2a: Greninja|ability: Battle Bond\n|detailschange|p2a: Greninja|Greninja-Ash, M\n|\n|-damage|p2a: Greninja|35\/100 tox|[from] psn\n|upkeep\n|\n|t:|1647116722\n|switch|p1a: Lopunny|Lopunny-Mega, F|22\/100\n|-damage|p1a: Lopunny|5\/100|[from] Spikes\n|-damage|p1a: Lopunny|0 fnt|[from] Stealth Rock\n|faint|p1a: Lopunny\n|\n|win|AsRd\n|raw|BeastyJ157's rating: 1460 &rarr; <strong>1448<\/strong><br \/>(-12 for losing)\n|raw|AsRd's rating: 1610 &rarr; <strong>1622<\/strong><br \/>(+12 for winning)\n|c|\u2606BeastyJ157|gg\n|l|\u2606BeastyJ157\n||Ladder isn't responding, score probably updated but might not have (Request timeout).\n","uploadtime":1647116736,"views":10,"p1id":"beastyj157","p2id":"asrd","formatid":"gen8nationaldex","rating":1448,"private":0,"password":null}