{"id":"gen8cap-1691700381","p1":"Capital Cruiser","p2":"JustABizarreJoJo","format":"gen8cap","log":"|j|\u203dCapital Cruiser\n|j|\u2606JustABizarreJoJo\n|t:|1666397377\n|gametype|singles\n|player|p1|Capital Cruiser|cheren-gen5bw2|1206\n|player|p2|JustABizarreJoJo|cynthia-masters|1116\n|teamsize|p1|6\n|teamsize|p2|6\n|gen|8\n|tier|[Gen 8] CAP\n|rated|\n|rule|Sleep Clause Mod: Limit one foe put to sleep\n|rule|Species Clause: Limit one of each Pok\u00e9mon\n|rule|OHKO Clause: OHKO moves are banned\n|rule|Evasion Items Clause: Evasion items are banned\n|rule|Evasion Moves Clause: Evasion moves are banned\n|rule|Endless Battle Clause: Forcing endless battles is banned\n|rule|HP Percentage Mod: HP is shown in percentages\n|rule|Dynamax Clause: You cannot dynamax\n|clearpoke\n|poke|p1|Zapdos|\n|poke|p1|Dragapult, F|\n|poke|p1|Heatran, F|\n|poke|p1|Ferrothorn, F|\n|poke|p1|Moltres|\n|poke|p1|Ditto|\n|poke|p2|Venomicon-Epilogue|\n|poke|p2|Syclant, M|\n|poke|p2|Ferrothorn, M|\n|poke|p2|Pajantom, M|\n|poke|p2|Saharaja, M|\n|poke|p2|Jumbao, F|\n|teampreview\n|inactive|Battle timer is ON: inactive players will automatically lose when time's up. (requested by Capital Cruiser)\n|\n|t:|1666397400\n|start\n|switch|p1a: Moltres|Moltres, shiny|100\/100\n|switch|p2a: Mr. KMS|Syclant, M, shiny|100\/100\n|turn|1\n|\n|t:|1666397408\n|switch|p2a: $werzie|Saharaja, M|100\/100\n|move|p1a: Moltres|Mystical Fire|p2a: $werzie\n|-damage|p2a: $werzie|80\/100\n|-unboost|p2a: $werzie|spa|1\n|\n|-heal|p2a: $werzie|86\/100|[from] item: Leftovers\n|upkeep\n|turn|2\n|\n|t:|1666397412\n|switch|p1a: Ferrothorn|Ferrothorn, F, shiny|100\/100\n|move|p2a: $werzie|Stealth Rock|p1a: Ferrothorn\n|-sidestart|p1: Capital Cruiser|move: Stealth Rock\n|\n|-heal|p2a: $werzie|92\/100|[from] item: Leftovers\n|upkeep\n|turn|3\n|\n|t:|1666397419\n|switch|p2a: Dinkleberg|Ferrothorn, M, shiny|100\/100\n|move|p1a: Ferrothorn|Stealth Rock|p2a: Dinkleberg\n|-sidestart|p2: JustABizarreJoJo|move: Stealth Rock\n|\n|upkeep\n|turn|4\n|\n|t:|1666397422\n|switch|p1a: Moltres|Moltres, shiny|100\/100\n|move|p2a: Dinkleberg|Knock Off|p1a: Moltres\n|-damage|p1a: Moltres|87\/100\n|-status|p2a: Dinkleberg|brn|[from] ability: Flame Body|[of] p1a: Moltres\n|-enditem|p1a: Moltres|Heavy-Duty Boots|[from] move: Knock Off|[of] p2a: Dinkleberg\n|\n|-damage|p2a: Dinkleberg|94\/100 brn|[from] brn\n|upkeep\n|turn|5\n|\n|t:|1666397431\n|move|p1a: Moltres|Defog|p2a: Dinkleberg\n|-unboost|p2a: Dinkleberg|evasion|1\n|-sideend|p2: JustABizarreJoJo|Stealth Rock|[from] move: Defog|[of] p1a: Moltres\n|-sideend|p1: Capital Cruiser|Stealth Rock|[from] move: Defog|[of] p1a: Moltres\n|move|p2a: Dinkleberg|Leech Seed|p1a: Moltres\n|-start|p1a: Moltres|move: Leech Seed\n|\n|-heal|p2a: Dinkleberg|100\/100 brn|[from] item: Leftovers\n|-damage|p1a: Moltres|74\/100|[from] Leech Seed|[of] p2a: Dinkleberg\n|-damage|p2a: Dinkleberg|94\/100 brn|[from] brn\n|upkeep\n|turn|6\n|\n|t:|1666397439\n|switch|p1a: Heatran|Heatran, F, shiny|100\/100\n|-item|p1a: Heatran|Air Balloon\n|switch|p2a: $werzie|Saharaja, M|92\/100\n|\n|-heal|p2a: $werzie|98\/100|[from] item: Leftovers\n|upkeep\n|turn|7\n|\n|t:|1666397443\n|move|p2a: $werzie|Diamond Storm|p1a: Heatran\n|-crit|p1a: Heatran\n|-damage|p1a: Heatran|66\/100\n|-boost|p2a: $werzie|def|2\n|-enditem|p1a: Heatran|Air Balloon\n|move|p1a: Heatran|Lava Plume|p2a: $werzie\n|-damage|p2a: $werzie|67\/100\n|\n|-heal|p2a: $werzie|73\/100|[from] item: Leftovers\n|upkeep\n|turn|8\n|\n|t:|1666397453\n|switch|p1a: Ferrothorn|Ferrothorn, F, shiny|100\/100\n|move|p2a: $werzie|Stealth Rock|p1a: Ferrothorn\n|-sidestart|p1: Capital Cruiser|move: Stealth Rock\n|\n|-heal|p2a: $werzie|79\/100|[from] item: Leftovers\n|upkeep\n|turn|9\n|\n|t:|1666397458\n|switch|p2a: Fair and Balanced|Venomicon-Epilogue, shiny|100\/100\n|move|p1a: Ferrothorn|Stealth Rock|p2a: Fair and Balanced\n|-sidestart|p2: JustABizarreJoJo|move: Stealth Rock\n|\n|upkeep\n|turn|10\n|\n|t:|1666397467\n|switch|p1a: Moltres|Moltres, shiny|74\/100\n|-damage|p1a: Moltres|25\/100|[from] Stealth Rock\n|move|p2a: Fair and Balanced|Brave Bird|p1a: Moltres\n|-damage|p1a: Moltres|0 fnt\n|-status|p2a: Fair and Balanced|brn|[from] ability: Flame Body|[of] p1a: Moltres\n|faint|p1a: Moltres\n|-damage|p2a: Fair and Balanced|92\/100 brn|[from] Recoil\n|\n|-damage|p2a: Fair and Balanced|86\/100 brn|[from] brn\n|upkeep\n|\n|t:|1666397481\n|switch|p1a: Dragapult|Dragapult, F, shiny|100\/100\n|-damage|p1a: Dragapult|88\/100|[from] Stealth Rock\n|turn|11\n|\n|t:|1666397484\n|switch|p2a: Dinkleberg|Ferrothorn, M, shiny|94\/100 brn\n|-damage|p2a: Dinkleberg|88\/100 brn|[from] Stealth Rock\n|move|p1a: Dragapult|Dragon Dance|p1a: Dragapult\n|-boost|p1a: Dragapult|atk|1\n|-boost|p1a: Dragapult|spe|1\n|\n|-heal|p2a: Dinkleberg|94\/100 brn|[from] item: Leftovers\n|-damage|p2a: Dinkleberg|88\/100 brn|[from] brn\n|upkeep\n|turn|12\n|\n|t:|1666397492\n|move|p1a: Dragapult|Dragon Darts|p2a: Dinkleberg\n|-resisted|p2a: Dinkleberg\n|-damage|p2a: Dinkleberg|76\/100 brn\n|-anim|p1a: Dragapult|Dragon Darts|p2a: Dinkleberg\n|-resisted|p2a: Dinkleberg\n|-damage|p2a: Dinkleberg|63\/100 brn\n|move|p2a: Dinkleberg|Knock Off|p1a: Dragapult\n|-supereffective|p1a: Dragapult\n|-damage|p1a: Dragapult|58\/100\n|-enditem|p1a: Dragapult|Dragon Fang|[from] move: Knock Off|[of] p2a: Dinkleberg\n|\n|-heal|p2a: Dinkleberg|69\/100 brn|[from] item: Leftovers\n|-damage|p2a: Dinkleberg|63\/100 brn|[from] brn\n|upkeep\n|turn|13\n|\n|t:|1666397503\n|move|p1a: Dragapult|Dragon Darts|p2a: Dinkleberg\n|-resisted|p2a: Dinkleberg\n|-damage|p2a: Dinkleberg|53\/100 brn\n|-anim|p1a: Dragapult|Dragon Darts|p2a: Dinkleberg\n|-resisted|p2a: Dinkleberg\n|-damage|p2a: Dinkleberg|43\/100 brn\n|move|p2a: Dinkleberg|Leech Seed|p1a: Dragapult\n|-start|p1a: Dragapult|move: Leech Seed\n|\n|-heal|p2a: Dinkleberg|49\/100 brn|[from] item: Leftovers\n|-damage|p1a: Dragapult|46\/100|[from] Leech Seed|[of] p2a: Dinkleberg\n|-heal|p2a: Dinkleberg|60\/100 brn|[silent]\n|-damage|p2a: Dinkleberg|54\/100 brn|[from] brn\n|upkeep\n|turn|14\n|\n|t:|1666397521\n|switch|p1a: Ferrothorn|Ferrothorn, F, shiny|100\/100\n|-damage|p1a: Ferrothorn|94\/100|[from] Stealth Rock\n|move|p2a: Dinkleberg|Thunder Wave|p1a: Ferrothorn\n|-status|p1a: Ferrothorn|par\n|\n|-heal|p2a: Dinkleberg|60\/100 brn|[from] item: Leftovers\n|-heal|p1a: Ferrothorn|100\/100 par|[from] item: Leftovers\n|-damage|p2a: Dinkleberg|54\/100 brn|[from] brn\n|upkeep\n|turn|15\n|\n|t:|1666397527\n|move|p2a: Dinkleberg|Knock Off|p1a: Ferrothorn\n|-damage|p1a: Ferrothorn|93\/100 par\n|-damage|p2a: Dinkleberg|41\/100 brn|[from] ability: Iron Barbs|[of] p1a: Ferrothorn\n|-enditem|p1a: Ferrothorn|Leftovers|[from] move: Knock Off|[of] p2a: Dinkleberg\n|cant|p1a: Ferrothorn|par\n|\n|-heal|p2a: Dinkleberg|48\/100 brn|[from] item: Leftovers\n|-damage|p2a: Dinkleberg|41\/100 brn|[from] brn\n|upkeep\n|turn|16\n|\n|t:|1666397532\n|switch|p2a: Mr. KMS|Syclant, M, shiny|100\/100\n|move|p1a: Ferrothorn|Toxic|p2a: Mr. KMS\n|-status|p2a: Mr. KMS|tox\n|\n|-damage|p2a: Mr. KMS|94\/100 tox|[from] psn\n|upkeep\n|turn|17\n|\n|t:|1666397539\n|move|p2a: Mr. KMS|Ice Beam|p1a: Ferrothorn\n|-damage|p1a: Ferrothorn|52\/100 par\n|move|p1a: Ferrothorn|Leech Seed|p2a: Mr. KMS\n|-start|p2a: Mr. KMS|move: Leech Seed\n|\n|-damage|p2a: Mr. KMS|82\/100 tox|[from] Leech Seed|[of] p1a: Ferrothorn\n|-heal|p1a: Ferrothorn|62\/100 par|[silent]\n|-damage|p2a: Mr. KMS|70\/100 tox|[from] psn\n|upkeep\n|turn|18\n|\n|t:|1666397549\n|switch|p2a: $werzie|Saharaja, M|79\/100\n|-damage|p2a: $werzie|73\/100|[from] Stealth Rock\n|switch|p1a: Heatran|Heatran, F, shiny|66\/100\n|-damage|p1a: Heatran|54\/100|[from] Stealth Rock\n|\n|-heal|p2a: $werzie|79\/100|[from] item: Leftovers\n|upkeep\n|turn|19\n|\n|t:|1666397553\n|move|p2a: $werzie|Rapid Spin|p1a: Heatran\n|-resisted|p1a: Heatran\n|-damage|p1a: Heatran|48\/100\n|-boost|p2a: $werzie|spe|1\n|-sideend|p2: JustABizarreJoJo|Stealth Rock|[from] move: Rapid Spin|[of] p2a: $werzie\n|move|p1a: Heatran|Lava Plume|p2a: $werzie\n|-damage|p2a: $werzie|48\/100\n|\n|-heal|p2a: $werzie|54\/100|[from] item: Leftovers\n|upkeep\n|turn|20\n|\n|t:|1666397557\n|switch|p1a: Ferrothorn|Ferrothorn, F, shiny|62\/100 par\n|-damage|p1a: Ferrothorn|55\/100 par|[from] Stealth Rock\n|move|p2a: $werzie|Diamond Storm|p1a: Ferrothorn\n|-resisted|p1a: Ferrothorn\n|-damage|p1a: Ferrothorn|46\/100 par\n|-boost|p2a: $werzie|def|2\n|\n|-heal|p2a: $werzie|60\/100|[from] item: Leftovers\n|upkeep\n|turn|21\n|\n|t:|1666397560\n|move|p2a: $werzie|Earthquake|p1a: Ferrothorn\n|-damage|p1a: Ferrothorn|19\/100 par\n|move|p1a: Ferrothorn|Stealth Rock|p2a: $werzie\n|-sidestart|p2: JustABizarreJoJo|move: Stealth Rock\n|\n|-heal|p2a: $werzie|66\/100|[from] item: Leftovers\n|upkeep\n|turn|22\n|\n|t:|1666397564\n|move|p2a: $werzie|Earthquake|p1a: Ferrothorn\n|-crit|p1a: Ferrothorn\n|-damage|p1a: Ferrothorn|0 fnt\n|faint|p1a: Ferrothorn\n|\n|-heal|p2a: $werzie|72\/100|[from] item: Leftovers\n|upkeep\n|\n|t:|1666397568\n|switch|p1a: Zapdos|Zapdos, shiny|100\/100\n|-damage|p1a: Zapdos|76\/100|[from] Stealth Rock\n|turn|23\n|\n|t:|1666397571\n|move|p1a: Zapdos|Hurricane|p2a: $werzie\n|-damage|p2a: $werzie|12\/100\n|move|p2a: $werzie|Diamond Storm|p1a: Zapdos\n|-supereffective|p1a: Zapdos\n|-damage|p1a: Zapdos|15\/100\n|-boost|p2a: $werzie|def|2\n|\n|-heal|p2a: $werzie|18\/100|[from] item: Leftovers\n|upkeep\n|turn|24\n|\n|t:|1666397574\n|move|p1a: Zapdos|Hurricane|p2a: $werzie\n|-damage|p2a: $werzie|0 fnt\n|faint|p2a: $werzie\n|\n|upkeep\n|\n|t:|1666397576\n|switch|p2a: Willard!|Pajantom, M, shiny|100\/100\n|-damage|p2a: Willard!|88\/100|[from] Stealth Rock\n|-ability|p2a: Willard!|Comatose\n|turn|25\n|\n|t:|1666397579\n|move|p2a: Willard!|Spirit Shackle|p1a: Zapdos\n|-damage|p1a: Zapdos|0 fnt\n|faint|p1a: Zapdos\n|\n|upkeep\n|\n|t:|1666397584\n|switch|p1a: Ditto|Ditto|100\/100\n|-damage|p1a: Ditto|88\/100|[from] Stealth Rock\n|-transform|p1a: Ditto|p2a: Willard!|[from] ability: Imposter\n|-ability|p1a: Ditto|Comatose\n|turn|26\n|\n|t:|1666397591\n|move|p1a: Ditto|Spirit Shackle|p2a: Willard!\n|-supereffective|p2a: Willard!\n|-damage|p2a: Willard!|0 fnt\n|faint|p2a: Willard!\n|\n|upkeep\n|\n|t:|1666397594\n|switch|p2a: Willow|Jumbao, F, shiny|100\/100\n|-damage|p2a: Willow|88\/100|[from] Stealth Rock\n|turn|27\n|\n|t:|1666397598\n|switch|p1a: Heatran|Heatran, F, shiny|48\/100\n|-ability|p2a: Willow|Flash Fire|[from] ability: Trace|[of] p1a: Heatran\n|-damage|p1a: Heatran|35\/100|[from] Stealth Rock\n|move|p2a: Willow|Moonblast|p1a: Heatran\n|-resisted|p1a: Heatran\n|-damage|p1a: Heatran|25\/100\n|-unboost|p1a: Heatran|spa|1\n|\n|upkeep\n|turn|28\n|\n|t:|1666397601\n|move|p2a: Willow|Moonblast|p1a: Heatran\n|-resisted|p1a: Heatran\n|-damage|p1a: Heatran|16\/100\n|move|p1a: Heatran|Lava Plume|p2a: Willow\n|-start|p2a: Willow|ability: Flash Fire\n|\n|upkeep\n|turn|29\n|\n|t:|1666397605\n|move|p2a: Willow|Moonblast|p1a: Heatran\n|-resisted|p1a: Heatran\n|-damage|p1a: Heatran|5\/100\n|move|p1a: Heatran|Flash Cannon|p2a: Willow\n|-supereffective|p2a: Willow\n|-damage|p2a: Willow|27\/100\n|-unboost|p2a: Willow|spd|1\n|\n|upkeep\n|turn|30\n|\n|t:|1666397610\n|move|p2a: Willow|Moonblast|p1a: Heatran\n|-resisted|p1a: Heatran\n|-damage|p1a: Heatran|0 fnt\n|faint|p1a: Heatran\n|\n|upkeep\n|\n|t:|1666397613\n|switch|p1a: Dragapult|Dragapult, F, shiny|46\/100\n|-damage|p1a: Dragapult|33\/100|[from] Stealth Rock\n|turn|31\n|\n|t:|1666397616\n|move|p2a: Willow|Moonblast|p1a: Dragapult\n|-supereffective|p1a: Dragapult\n|-damage|p1a: Dragapult|0 fnt\n|faint|p1a: Dragapult\n|\n|upkeep\n|-message|Capital Cruiser forfeited.\n|\n|win|JustABizarreJoJo\n|raw|Capital Cruiser's rating: 1206 &rarr; <strong>1175<\/strong><br \/>(-31 for losing)\n|raw|JustABizarreJoJo's rating: 1116 &rarr; <strong>1147<\/strong><br \/>(+31 for winning)\n|l|\u203dCapital Cruiser\n","uploadtime":1666397632,"views":17,"p1id":"capitalcruiser","p2id":"justabizarrejojo","formatid":"gen8cap","rating":1147,"private":0,"password":null}