{"id":"gen8ou-1681062802","p1":"minimax_ai","p2":"EVERYOPPSHOT","format":"gen8ou","log":"|j|\u2606minimax_ai\n|j|\u2606EVERYOPPSHOT\n|t:|1665265971\n|gametype|singles\n|player|p1|minimax_ai|lusamine-nihilego|1605\n|player|p2|EVERYOPPSHOT|2|1684\n|teamsize|p1|6\n|teamsize|p2|6\n|gen|8\n|tier|[Gen 8] OU\n|rated|\n|rule|Sleep Clause Mod: Limit one foe put to sleep\n|rule|Species Clause: Limit one of each Pok\u00e9mon\n|rule|OHKO Clause: OHKO moves are banned\n|rule|Evasion Items Clause: Evasion items are banned\n|rule|Evasion Moves Clause: Evasion moves are banned\n|rule|Endless Battle Clause: Forcing endless battles is banned\n|rule|HP Percentage Mod: HP is shown in percentages\n|rule|Dynamax Clause: You cannot dynamax\n|clearpoke\n|poke|p1|Rotom-Wash|\n|poke|p1|Weavile, F|\n|poke|p1|Landorus-Therian, M|\n|poke|p1|Heatran, M|\n|poke|p1|Tangrowth, F|\n|poke|p1|Melmetal|\n|poke|p2|Mew|\n|poke|p2|Blaziken, F|\n|poke|p2|Scizor, M|\n|poke|p2|Garchomp, F|\n|poke|p2|Ninetales-Alola, F|\n|poke|p2|Dragapult, F|\n|teampreview\n|\n|t:|1665265973\n|start\n|switch|p1a: landorustherian|Landorus-Therian, M|100\/100\n|switch|p2a: Mew|Mew|100\/100\n|-ability|p1a: landorustherian|Intimidate|boost\n|-unboost|p2a: Mew|atk|1\n|turn|1\n|c|\u2606minimax_ai|hf\n|inactive|Battle timer is ON: inactive players will automatically lose when time's up. (requested by minimax_ai)\n|\n|t:|1665265975\n|move|p2a: Mew|Stealth Rock|p1a: landorustherian\n|-sidestart|p1: minimax_ai|move: Stealth Rock\n|move|p1a: landorustherian|Earthquake|p2a: Mew\n|-crit|p2a: Mew\n|-damage|p2a: Mew|46\/100\n|\n|upkeep\n|turn|2\n|c|\u2606EVERYOPPSHOT|u2\n|\n|t:|1665265979\n|move|p2a: Mew|Explosion|p1a: landorustherian\n|-damage|p1a: landorustherian|63\/100\n|faint|p2a: Mew\n|move|p1a: landorustherian|Earthquake|p2: Mew|[notarget]\n|-fail|p1a: landorustherian\n|\n|-heal|p1a: landorustherian|69\/100|[from] item: Leftovers\n|upkeep\n|\n|t:|1665265981\n|switch|p2a: Blaziken|Blaziken, F|100\/100\n|-item|p2a: Blaziken|Air Balloon\n|turn|3\n|\n|t:|1665265982\n|move|p2a: Blaziken|Swords Dance|p2a: Blaziken\n|-boost|p2a: Blaziken|atk|2\n|move|p1a: landorustherian|Defog|p2a: Blaziken\n|-unboost|p2a: Blaziken|evasion|1\n|-sideend|p1: minimax_ai|Stealth Rock|[from] move: Defog|[of] p1a: landorustherian\n|\n|-heal|p1a: landorustherian|75\/100|[from] item: Leftovers\n|-ability|p2a: Blaziken|Speed Boost|boost\n|-boost|p2a: Blaziken|spe|1\n|upkeep\n|turn|4\n|\n|t:|1665265984\n|move|p2a: Blaziken|Flare Blitz|p1a: landorustherian\n|-damage|p1a: landorustherian|0 fnt\n|faint|p1a: landorustherian\n|-damage|p2a: Blaziken|69\/100|[from] Recoil\n|\n|-ability|p2a: Blaziken|Speed Boost|boost\n|-boost|p2a: Blaziken|spe|1\n|upkeep\n|\n|t:|1665265984\n|switch|p1a: rotomwash|Rotom-Wash|100\/100\n|turn|5\n|\n|t:|1665265986\n|switch|p1a: Tangrowth|Tangrowth, F|100\/100\n|move|p2a: Blaziken|Close Combat|p1a: Tangrowth\n|-damage|p1a: Tangrowth|37\/100\n|-unboost|p2a: Blaziken|def|1\n|-unboost|p2a: Blaziken|spd|1\n|-damage|p2a: Blaziken|53\/100|[from] item: Rocky Helmet|[of] p1a: Tangrowth\n|\n|-ability|p2a: Blaziken|Speed Boost|boost\n|-boost|p2a: Blaziken|spe|1\n|upkeep\n|turn|6\n|\n|t:|1665265989\n|move|p2a: Blaziken|Close Combat|p1a: Tangrowth\n|-damage|p1a: Tangrowth|0 fnt\n|-unboost|p2a: Blaziken|def|1\n|-unboost|p2a: Blaziken|spd|1\n|-damage|p2a: Blaziken|36\/100|[from] item: Rocky Helmet|[of] p1a: Tangrowth\n|faint|p1a: Tangrowth\n|\n|-ability|p2a: Blaziken|Speed Boost|boost\n|-boost|p2a: Blaziken|spe|1\n|upkeep\n|\n|t:|1665265989\n|switch|p1a: Weavile|Weavile, F|100\/100\n|-ability|p1a: Weavile|Pressure\n|turn|7\n|\n|t:|1665265992\n|switch|p2a: Ninetales|Ninetales-Alola, F, shiny|100\/100\n|-weather|Hail|[from] ability: Snow Warning|[of] p2a: Ninetales\n|move|p1a: Weavile|Ice Shard|p2a: Ninetales\n|-resisted|p2a: Ninetales\n|-damage|p2a: Ninetales|80\/100\n|\n|-weather|Hail|[upkeep]\n|upkeep\n|turn|8\n|\n|t:|1665265996\n|switch|p2a: Blaziken|Blaziken, F|36\/100\n|-item|p2a: Blaziken|Air Balloon\n|switch|p1a: Melmetal|Melmetal|100\/100\n|\n|-weather|Hail|[upkeep]\n|-damage|p2a: Blaziken|30\/100|[from] Hail\n|-damage|p1a: Melmetal|94\/100|[from] Hail\n|upkeep\n|turn|9\n|\n|t:|1665265999\n|move|p2a: Blaziken|Close Combat|p1a: Melmetal\n|-supereffective|p1a: Melmetal\n|-damage|p1a: Melmetal|25\/100\n|-unboost|p2a: Blaziken|def|1\n|-unboost|p2a: Blaziken|spd|1\n|move|p1a: Melmetal|Ice Punch|p2a: Blaziken\n|-resisted|p2a: Blaziken\n|-damage|p2a: Blaziken|0 fnt\n|-enditem|p2a: Blaziken|Air Balloon\n|faint|p2a: Blaziken\n|\n|-weather|Hail|[upkeep]\n|-damage|p1a: Melmetal|19\/100|[from] Hail\n|upkeep\n|\n|t:|1665266011\n|switch|p2a: Scizor|Scizor, M|100\/100\n|turn|10\n|\n|t:|1665266013\n|move|p2a: Scizor|Swords Dance|p2a: Scizor\n|-boost|p2a: Scizor|atk|2\n|move|p1a: Melmetal|Double Iron Bash|p2a: Scizor\n|-resisted|p2a: Scizor\n|-damage|p2a: Scizor|78\/100\n|-resisted|p2a: Scizor\n|-damage|p2a: Scizor|56\/100\n|-hitcount|p2a: Scizor|2\n|\n|-weather|Hail|[upkeep]\n|-damage|p2a: Scizor|50\/100|[from] Hail\n|-damage|p1a: Melmetal|13\/100|[from] Hail\n|upkeep\n|turn|11\n|\n|t:|1665266015\n|switch|p1a: Heatran|Heatran, M|100\/100\n|-item|p1a: Heatran|Air Balloon\n|move|p2a: Scizor|Bullet Punch|p1a: Heatran\n|-resisted|p1a: Heatran\n|-damage|p1a: Heatran|77\/100\n|-enditem|p1a: Heatran|Air Balloon\n|-damage|p2a: Scizor|40\/100|[from] item: Life Orb\n|\n|-weather|none\n|upkeep\n|turn|12\n|\n|t:|1665266018\n|switch|p2a: Garchomp|Garchomp, F|100\/100\n|move|p1a: Heatran|Magma Storm|p2a: Garchomp\n|-resisted|p2a: Garchomp\n|-damage|p2a: Garchomp|74\/100\n|-activate|p2a: Garchomp|move: Magma Storm|[of] p1a: Heatran\n|\n|-damage|p2a: Garchomp|61\/100|[from] move: Magma Storm|[partiallytrapped]\n|upkeep\n|turn|13\n|\n|t:|1665266022\n|switch|p1a: rotomwash|Rotom-Wash|100\/100\n|move|p2a: Garchomp|Swords Dance|p2a: Garchomp\n|-boost|p2a: Garchomp|atk|2\n|\n|-end|p2a: Garchomp|Magma Storm|[partiallytrapped]|[silent]\n|upkeep\n|turn|14\n|\n|t:|1665266023\n|switch|p1a: Melmetal|Melmetal|13\/100\n|move|p2a: Garchomp|Scale Shot|p1a: Melmetal\n|-resisted|p1a: Melmetal\n|-damage|p1a: Melmetal|5\/100\n|-resisted|p1a: Melmetal\n|-damage|p1a: Melmetal|0 fnt\n|faint|p1a: Melmetal\n|-hitcount|p1: Melmetal|2\n|-unboost|p2a: Garchomp|def|1\n|-boost|p2a: Garchomp|spe|1\n|\n|upkeep\n|\n|t:|1665266023\n|switch|p1a: Weavile|Weavile, F|100\/100\n|-ability|p1a: Weavile|Pressure\n|turn|15\n|\n|t:|1665266027\n|switch|p2a: Scizor|Scizor, M|40\/100\n|move|p1a: Weavile|Ice Shard|p2a: Scizor\n|-resisted|p2a: Scizor\n|-damage|p2a: Scizor|21\/100\n|\n|upkeep\n|turn|16\n|\n|t:|1665266031\n|switch|p1a: rotomwash|Rotom-Wash|100\/100\n|move|p2a: Scizor|Superpower|p1a: rotomwash\n|-damage|p1a: rotomwash|41\/100\n|-unboost|p2a: Scizor|atk|1\n|-unboost|p2a: Scizor|def|1\n|-damage|p2a: Scizor|11\/100|[from] item: Life Orb\n|\n|-heal|p1a: rotomwash|47\/100|[from] item: Leftovers\n|upkeep\n|turn|17\n|\n|t:|1665266033\n|move|p1a: rotomwash|Thunderbolt|p2a: Scizor\n|-damage|p2a: Scizor|0 fnt\n|faint|p2a: Scizor\n|\n|-heal|p1a: rotomwash|53\/100|[from] item: Leftovers\n|upkeep\n|\n|t:|1665266037\n|switch|p2a: Dragapult|Dragapult, F|100\/100\n|turn|18\n|\n|t:|1665266039\n|move|p2a: Dragapult|Dragon Darts|p1a: rotomwash\n|-damage|p1a: rotomwash|25\/100\n|-anim|p2a: Dragapult|Dragon Darts|p1a: rotomwash\n|-crit|p1a: rotomwash\n|-damage|p1a: rotomwash|0 fnt\n|faint|p1a: rotomwash\n|\n|upkeep\n|\n|t:|1665266040\n|switch|p1a: Weavile|Weavile, F|100\/100\n|-ability|p1a: Weavile|Pressure\n|turn|19\n|\n|t:|1665266046\n|move|p1a: Weavile|Triple Axel|p2a: Dragapult\n|-supereffective|p2a: Dragapult\n|-damage|p2a: Dragapult|63\/100\n|-enditem|p2a: Dragapult|Weakness Policy\n|-boost|p2a: Dragapult|atk|2|[from] item: Weakness Policy\n|-boost|p2a: Dragapult|spa|2|[from] item: Weakness Policy\n|-supereffective|p2a: Dragapult\n|-damage|p2a: Dragapult|0 fnt\n|faint|p2a: Dragapult\n|-hitcount|p2: Dragapult|2\n|\n|upkeep\n|\n|t:|1665266047\n|switch|p2a: Ninetales|Ninetales-Alola, F, shiny|80\/100\n|-weather|Hail|[from] ability: Snow Warning|[of] p2a: Ninetales\n|turn|20\n|\n|t:|1665266049\n|switch|p2a: Garchomp|Garchomp, F|61\/100\n|switch|p1a: Heatran|Heatran, M|77\/100\n|\n|-weather|Hail|[upkeep]\n|-damage|p2a: Garchomp|55\/100|[from] Hail\n|-damage|p1a: Heatran|71\/100|[from] Hail\n|upkeep\n|turn|21\n|\n|t:|1665266052\n|switch|p1a: Weavile|Weavile, F|100\/100\n|-ability|p1a: Weavile|Pressure\n|move|p2a: Garchomp|Earthquake|p1a: Weavile\n|-damage|p1a: Weavile|17\/100\n|\n|-weather|Hail|[upkeep]\n|-damage|p2a: Garchomp|49\/100|[from] Hail\n|upkeep\n|turn|22\n|\n|t:|1665266054\n|switch|p2a: Ninetales|Ninetales-Alola, F, shiny|80\/100\n|move|p1a: Weavile|Triple Axel|p2a: Ninetales\n|-resisted|p2a: Ninetales\n|-damage|p2a: Ninetales|68\/100\n|-resisted|p2a: Ninetales\n|-damage|p2a: Ninetales|46\/100\n|-resisted|p2a: Ninetales\n|-damage|p2a: Ninetales|13\/100\n|-hitcount|p2a: Ninetales|3\n|\n|-weather|Hail|[upkeep]\n|upkeep\n|turn|23\n|\n|t:|1665266063\n|move|p2a: Ninetales|Foul Play|p1a: Weavile\n|-resisted|p1a: Weavile\n|-damage|p1a: Weavile|0 fnt\n|faint|p1a: Weavile\n|\n|-weather|Hail|[upkeep]\n|upkeep\n|\n|t:|1665266063\n|switch|p1a: Heatran|Heatran, M|71\/100\n|turn|24\n|\n|t:|1665266064\n|move|p2a: Ninetales|Foul Play|p1a: Heatran\n|-damage|p1a: Heatran|52\/100\n|move|p1a: Heatran|Magma Storm|p2a: Ninetales\n|-supereffective|p2a: Ninetales\n|-damage|p2a: Ninetales|0 fnt\n|faint|p2a: Ninetales\n|\n|-weather|none\n|upkeep\n|\n|t:|1665266066\n|switch|p2a: Garchomp|Garchomp, F|49\/100\n|turn|25\n|c|\u2606EVERYOPPSHOT|gg\n|\n|t:|1665266068\n|move|p2a: Garchomp|Earthquake|p1a: Heatran\n|-supereffective|p1a: Heatran\n|-damage|p1a: Heatran|0 fnt\n|faint|p1a: Heatran\n|\n|win|EVERYOPPSHOT\n|raw|minimax_ai's rating: 1605 &rarr; <strong>1589<\/strong><br \/>(-16 for losing)\n|raw|EVERYOPPSHOT's rating: 1684 &rarr; <strong>1700<\/strong><br \/>(+16 for winning)\n|c|\u2606minimax_ai|gg\n","uploadtime":1665266070,"views":2,"p1id":"minimaxai","p2id":"everyoppshot","formatid":"gen8ou","rating":1589,"private":0,"password":null}