{"id":"gen8monotyperandombattle-1156040292","p1":"bembi","p2":"BaddyGames","format":"gen8monotyperandombattle","log":"|j|\u2606bembi\n|j|\u2606BaddyGames\n|t:|1595465159\n|player|p1|bembi|iris|1175\n|player|p2|BaddyGames|275|1122\n|teamsize|p1|6\n|teamsize|p2|6\n|gametype|singles\n|gen|8\n|tier|[Gen 8] Monotype Random Battle\n|rated|\n|rule|Same Type Clause: Pok\u00e9mon in a team must share a type\n|rule|HP Percentage Mod: HP is shown in percentages\n|rule|Sleep Clause Mod: Limit one foe put to sleep\n|\n|t:|1595465159\n|start\n|switch|p1a: Reuniclus|Reuniclus, L82, F|315\/315\n|switch|p2a: Pinsir|Pinsir, L88, F|258\/258\n|turn|1\n|inactive|Battle timer is ON: inactive players will automatically lose when time's up. (requested by BaddyGames)\n|\n|t:|1595465173\n|move|p2a: Pinsir|Stealth Rock|p1a: Reuniclus\n|-sidestart|p1: bembi|move: Stealth Rock\n|move|p1a: Reuniclus|Trick Room|p1a: Reuniclus\n|-fieldstart|move: Trick Room|[of] p1a: Reuniclus\n|\n|upkeep\n|turn|2\n|inactive|bembi has 120 seconds left.\n|\n|t:|1595465212\n|move|p1a: Reuniclus|Shadow Ball|p2a: Pinsir\n|-damage|p2a: Pinsir|157\/258\n|move|p2a: Pinsir|X-Scissor|p1a: Reuniclus\n|-supereffective|p1a: Reuniclus\n|-damage|p1a: Reuniclus|55\/315\n|\n|upkeep\n|turn|3\n|inactive|bembi has 120 seconds left.\n|\n|t:|1595465222\n|move|p1a: Reuniclus|Shadow Ball|p2a: Pinsir\n|-damage|p2a: Pinsir|60\/258\n|move|p2a: Pinsir|Knock Off|p1a: Reuniclus\n|-supereffective|p1a: Reuniclus\n|-damage|p1a: Reuniclus|0 fnt\n|-enditem|p1a: Reuniclus|Life Orb|[from] move: Knock Off|[of] p2a: Pinsir\n|faint|p1a: Reuniclus\n|-ability|p2a: Pinsir|Moxie|boost\n|-boost|p2a: Pinsir|atk|1\n|\n|upkeep\n|\n|t:|1595465238\n|switch|p1a: Beheeyem|Beheeyem, L88, M|275\/275\n|-damage|p1a: Beheeyem|241\/275|[from] Stealth Rock\n|turn|4\n|\n|t:|1595465247\n|move|p1a: Beheeyem|Shadow Ball|p2a: Pinsir\n|-damage|p2a: Pinsir|0 fnt\n|-damage|p1a: Beheeyem|214\/275|[from] item: Life Orb\n|faint|p2a: Pinsir\n|\n|upkeep\n|\n|t:|1595465256\n|switch|p2a: Golisopod|Golisopod, L82, M|257\/257\n|turn|5\n|inactive|bembi has 120 seconds left.\n|\n|t:|1595465261\n|move|p2a: Golisopod|First Impression|p1a: Beheeyem\n|-supereffective|p1a: Beheeyem\n|-damage|p1a: Beheeyem|0 fnt\n|faint|p1a: Beheeyem\n|\n|-fieldend|move: Trick Room\n|upkeep\n|inactive|bembi has 120 seconds left.\n|\n|t:|1595465273\n|switch|p1a: Sigilyph|Sigilyph, L84, M|258\/258\n|turn|6\n|inactive|bembi has 120 seconds left.\n|\n|t:|1595465285\n|switch|p2a: Galvantula|Galvantula, L84, M|255\/255\n|move|p1a: Sigilyph|Air Slash|p2a: Galvantula|[miss]\n|-miss|p1a: Sigilyph|p2a: Galvantula\n|\n|upkeep\n|turn|7\n|inactive|bembi has 120 seconds left.\n|\n|t:|1595465313\n|switch|p1a: Oranguru|Oranguru, L88, F|302\/302\n|-damage|p1a: Oranguru|265\/302|[from] Stealth Rock\n|move|p2a: Galvantula|Thunder|p1a: Oranguru\n|-damage|p1a: Oranguru|136\/302\n|\n|-heal|p1a: Oranguru|154\/302|[from] item: Leftovers\n|upkeep\n|turn|8\n|\n|t:|1595465321\n|move|p2a: Galvantula|Thunder|p1a: Oranguru\n|-damage|p1a: Oranguru|22\/302\n|move|p1a: Oranguru|Trick Room|p1a: Oranguru\n|-fieldstart|move: Trick Room|[of] p1a: Oranguru\n|\n|-heal|p1a: Oranguru|40\/302|[from] item: Leftovers\n|upkeep\n|turn|9\n|\n|t:|1595465329\n|move|p1a: Oranguru|Psychic|p2a: Galvantula\n|-crit|p2a: Galvantula\n|-damage|p2a: Galvantula|62\/255\n|move|p2a: Galvantula|Thunder|p1a: Oranguru|[miss]\n|-miss|p2a: Galvantula|p1a: Oranguru\n|\n|-heal|p1a: Oranguru|58\/302|[from] item: Leftovers\n|upkeep\n|turn|10\n|inactive|bembi has 120 seconds left.\n|\n|t:|1595465338\n|move|p1a: Oranguru|Psychic|p2a: Galvantula\n|-damage|p2a: Galvantula|0 fnt\n|faint|p2a: Galvantula\n|\n|-heal|p1a: Oranguru|76\/302|[from] item: Leftovers\n|upkeep\n|\n|t:|1595465347\n|switch|p2a: Durant|Durant, L82, M|229\/229\n|turn|11\n|\n|t:|1595465357\n|move|p1a: Oranguru|Thunderbolt|p2a: Durant\n|-damage|p2a: Durant|134\/229\n|move|p2a: Durant|Hone Claws|p2a: Durant\n|-boost|p2a: Durant|atk|1\n|-boost|p2a: Durant|accuracy|1\n|\n|-heal|p1a: Oranguru|94\/302|[from] item: Leftovers\n|upkeep\n|turn|12\n|inactive|bembi has 120 seconds left.\n|\n|t:|1595465387\n|move|p1a: Oranguru|Thunderbolt|p2a: Durant\n|-damage|p2a: Durant|37\/229\n|move|p2a: Durant|Hone Claws|p2a: Durant\n|-boost|p2a: Durant|atk|1\n|-boost|p2a: Durant|accuracy|1\n|\n|-heal|p1a: Oranguru|112\/302|[from] item: Leftovers\n|-fieldend|move: Trick Room\n|upkeep\n|turn|13\n|inactive|bembi has 120 seconds left.\n|\n|t:|1595465397\n|move|p2a: Durant|Iron Head|p1a: Oranguru\n|-damage|p1a: Oranguru|0 fnt\n|-damage|p2a: Durant|15\/229|[from] item: Life Orb\n|faint|p1a: Oranguru\n|\n|upkeep\n|\n|t:|1595465417\n|switch|p1a: Tapu Lele|Tapu Lele, L80|243\/243\n|-damage|p1a: Tapu Lele|213\/243|[from] Stealth Rock\n|-fieldstart|move: Psychic Terrain|[from] ability: Psychic Surge|[of] p1a: Tapu Lele\n|turn|14\n|\n|t:|1595465425\n|move|p2a: Durant|Iron Head|p1a: Tapu Lele\n|-supereffective|p1a: Tapu Lele\n|-damage|p1a: Tapu Lele|0 fnt\n|-damage|p2a: Durant|0 fnt|[from] item: Life Orb\n|faint|p1a: Tapu Lele\n|faint|p2a: Durant\n|\n|upkeep\n|\n|t:|1595465435\n|switch|p2a: Scizor|Scizor, L82, M|249\/249\n|switch|p1a: Mr. Mime|Mr. Mime, L88, F|214\/214\n|-damage|p1a: Mr. Mime|188\/214|[from] Stealth Rock\n|turn|15\n|\n|t:|1595465447\n|move|p2a: Scizor|Bullet Punch|p1a: Mr. Mime\n|-activate|p1a: Mr. Mime|move: Psychic Terrain\n|move|p1a: Mr. Mime|Psychic|p2a: Scizor\n|-resisted|p2a: Scizor\n|-damage|p2a: Scizor|157\/249\n|-damage|p1a: Mr. Mime|167\/214|[from] item: Life Orb\n|\n|upkeep\n|turn|16\n|\n|t:|1595465456\n|switch|p2a: Centiskorch|Centiskorch, L84, F|305\/305\n|move|p1a: Mr. Mime|Focus Blast|p2a: Centiskorch\n|-resisted|p2a: Centiskorch\n|-crit|p2a: Centiskorch\n|-damage|p2a: Centiskorch|221\/305\n|-damage|p1a: Mr. Mime|146\/214|[from] item: Life Orb\n|\n|upkeep\n|turn|17\n|inactive|bembi has 120 seconds left.\n|\n|t:|1595465469\n|move|p1a: Mr. Mime|Psychic|p2a: Centiskorch\n|-damage|p2a: Centiskorch|26\/305\n|-damage|p1a: Mr. Mime|125\/214|[from] item: Life Orb\n|move|p2a: Centiskorch|Leech Life|p1a: Mr. Mime\n|-damage|p1a: Mr. Mime|5\/214\n|-heal|p2a: Centiskorch|86\/305|[from] drain|[of] p1a: Mr. Mime\n|\n|upkeep\n|turn|18\n|inactive|bembi has 120 seconds left.\n|\n|t:|1595465477\n|move|p1a: Mr. Mime|Psychic|p2a: Centiskorch\n|-damage|p2a: Centiskorch|0 fnt\n|-damage|p1a: Mr. Mime|0 fnt|[from] item: Life Orb\n|faint|p2a: Centiskorch\n|faint|p1a: Mr. Mime\n|\n|-fieldend|move: Psychic Terrain\n|upkeep\n|\n|t:|1595465483\n|switch|p1a: Sigilyph|Sigilyph, L84, M|258\/258\n|switch|p2a: Scizor|Scizor, L82, M|157\/249\n|turn|19\n|\n|t:|1595465494\n|-start|p1a: Sigilyph|Dynamax\n|-heal|p1a: Sigilyph|516\/516|[silent]\n|move|p1a: Sigilyph|Max Flare|p2a: Scizor\n|-supereffective|p2a: Scizor\n|-damage|p2a: Scizor|0 fnt\n|-weather|SunnyDay\n|faint|p2a: Scizor\n|\n|-weather|SunnyDay|[upkeep]\n|upkeep\n|\n|t:|1595465497\n|switch|p2a: Golisopod|Golisopod, L82, M|257\/257\n|turn|20\n|\n|t:|1595465507\n|-start|p2a: Golisopod|Dynamax\n|-heal|p2a: Golisopod|514\/514|[silent]\n|move|p1a: Sigilyph|Max Airstream|p2a: Golisopod\n|-supereffective|p2a: Golisopod\n|-damage|p2a: Golisopod|168\/514\n|-boost|p1a: Sigilyph|spe|1\n|move|p2a: Golisopod|Max Flutterby|p1a: Sigilyph\n|-damage|p1a: Sigilyph|336\/516\n|-unboost|p1a: Sigilyph|spa|1\n|\n|-weather|SunnyDay|[upkeep]\n|upkeep\n|turn|21\n|\n|t:|1595465519\n|move|p1a: Sigilyph|Max Airstream|p2a: Golisopod\n|-supereffective|p2a: Golisopod\n|-damage|p2a: Golisopod|0 fnt\n|-boost|p1a: Sigilyph|spe|1\n|faint|p2a: Golisopod\n|\n|win|bembi\n|l|\u2606BaddyGames\n","inputlog":">version 1a1ba2bffd68e8d7ffcd2532b9ef2de80b030c36\n>start {\"formatid\":\"gen8monotyperandombattle\",\"seed\":[20137,15331,17972,26667],\"rated\":\"Rated battle\"}\n>player p1 {\"name\":\"bembi\",\"avatar\":\"iris\",\"team\":\"\",\"rating\":1175,\"seed\":[9865,19020,31138,24885]}\n>player p2 {\"name\":\"BaddyGames\",\"avatar\":\"275\",\"team\":\"\",\"rating\":1122,\"seed\":[30817,2404,5371,19720]}\n>p1 move trickroom\n>p2 move stealthrock\n>p1 move shadowball\n>p2 move xscissor\n>p1 move shadowball\n>p2 move knockoff\n>p1 switch 2\n>p1 move shadowball\n>p2 move xscissor\n>p2 switch 5\n>p1 move thunderbolt\n>p2 move firstimpression\n>p1 switch 3\n>p1 move airslash\n>p2 switch 3\n>p1 switch 6\n>p2 move thunder\n>p1 move trickroom\n>p2 move thunder\n>p1 move psychic\n>p2 move thunder\n>p1 move psychic\n>p2 move thunder\n>p2 switch 2\n>p1 move thunderbolt\n>p2 move honeclaws\n>p1 move thunderbolt\n>p2 move honeclaws\n>p1 move trickroom\n>p2 move ironhead\n>p1 switch 5\n>p1 move psychic\n>p2 move ironhead\n>p1 switch 4\n>p2 switch 4\n>p1 move psychic\n>p2 move bulletpunch\n>p1 move focusblast\n>p2 switch 6\n>p1 move psychic\n>p2 move leechlife\n>p1 move psychic\n>p2 move firelash\n>p1 switch 6\n>p2 switch 6\n>p1 move heatwave dynamax\n>p2 move uturn\n>p2 switch 3\n>p1 move airslash dynamax\n>p2 move firstimpression dynamax\n>p1 move airslash dynamax\n>p2 move firstimpression dynamax","uploadtime":1595465534,"views":7,"p1id":"bembi","p2id":"baddygames","formatid":"gen8monotyperandombattle","rating":0,"private":0,"password":null}