{"id":"gen8ou-1225802585","p1":"blacklifematters","p2":"ThedebatableReaper","format":"gen8ou","log":"|j|\u2606blacklifematters\n|j|\u2606ThedebatableReaper\n|t:|1605648780\n|player|p1|blacklifematters|101|1850\n|player|p2|ThedebatableReaper|169|1965\n|teamsize|p1|6\n|teamsize|p2|6\n|gametype|singles\n|gen|8\n|tier|[Gen 8] OU\n|rated|\n|clearpoke\n|poke|p1|Araquanid, M|\n|poke|p1|Bisharp, M|\n|poke|p1|Spectrier|\n|poke|p1|Melmetal|\n|poke|p1|Landorus-Therian, M|\n|poke|p1|Heatran, F|\n|poke|p2|Latios, M|\n|poke|p2|Urshifu-*, M|\n|poke|p2|Heatran, M|\n|poke|p2|Tapu Fini|\n|poke|p2|Zapdos-Galar|\n|poke|p2|Nidoking, M|\n|rule|Sleep Clause Mod: Limit one foe put to sleep\n|rule|Species Clause: Limit one of each Pok\u00e9mon\n|rule|OHKO Clause: OHKO moves are banned\n|rule|Evasion Moves Clause: Evasion moves are banned\n|rule|Endless Battle Clause: Forcing endless battles is banned\n|rule|HP Percentage Mod: HP is shown in percentages\n|rule|Dynamax Clause: You cannot dynamax\n|teampreview\n|j| pokemonkorea co kr\n|j| znqq\n|j| K. Rokossovsky\n|j| 0zorcNecropHADES\n|l| pokemonkorea co kr\n|j| u45uawfghh\n|\n|t:|1605648797\n|start\n|switch|p1a: Araquanid|Araquanid, M|100\/100\n|switch|p2a: Urshifu|Urshifu, M|100\/100\n|turn|1\n|j| The actual game\n|\n|t:|1605648823\n|move|p2a: Urshifu|Wicked Blow|p1a: Araquanid\n|-crit|p1a: Araquanid\n|-damage|p1a: Araquanid|11\/100\n|-damage|p2a: Urshifu|91\/100|[from] item: Life Orb\n|move|p1a: Araquanid|Liquidation|p2a: Urshifu\n|-damage|p2a: Urshifu|28\/100\n|\n|upkeep\n|turn|2\n|\n|t:|1605648857\n|move|p2a: Urshifu|Wicked Blow|p1a: Araquanid\n|-crit|p1a: Araquanid\n|-damage|p1a: Araquanid|0 fnt\n|-damage|p2a: Urshifu|18\/100|[from] item: Life Orb\n|faint|p1a: Araquanid\n|\n|upkeep\n|\n|t:|1605648864\n|switch|p1a: Melmetal|Melmetal|100\/100\n|turn|3\n|\n|t:|1605648872\n|move|p2a: Urshifu|Close Combat|p1a: Melmetal\n|-supereffective|p1a: Melmetal\n|-damage|p1a: Melmetal|12\/100\n|-unboost|p2a: Urshifu|def|1\n|-unboost|p2a: Urshifu|spd|1\n|-damage|p2a: Urshifu|8\/100|[from] item: Life Orb\n|move|p1a: Melmetal|Earthquake|p2a: Urshifu\n|-damage|p2a: Urshifu|0 fnt\n|faint|p2a: Urshifu\n|\n|upkeep\n|j| Jesus513\n|j| irgendwasmitmeeem\n|\n|t:|1605648891\n|switch|p2a: Nidoking|Nidoking, M|100\/100\n|turn|4\n|j| outu gezia\n|\n|t:|1605648903\n|move|p2a: Nidoking|Ice Beam|p1a: Melmetal\n|-resisted|p1a: Melmetal\n|-damage|p1a: Melmetal|0 fnt\n|faint|p1a: Melmetal\n|\n|upkeep\n|\n|t:|1605648908\n|switch|p1a: Bisharp|Bisharp, M|100\/100\n|turn|5\n|\n|t:|1605648912\n|move|p2a: Nidoking|Earth Power|p1a: Bisharp\n|-supereffective|p1a: Bisharp\n|-enditem|p1a: Bisharp|Focus Sash\n|-damage|p1a: Bisharp|1\/100\n|move|p1a: Bisharp|Knock Off|p2a: Nidoking\n|-damage|p2a: Nidoking|31\/100\n|-enditem|p2a: Nidoking|Life Orb|[from] move: Knock Off|[of] p1a: Bisharp\n|\n|upkeep\n|turn|6\n|\n|t:|1605648922\n|move|p1a: Bisharp|Sucker Punch||[still]\n|-fail|p1a: Bisharp\n|move|p2a: Nidoking|Substitute|p2a: Nidoking\n|-start|p2a: Nidoking|Substitute\n|-damage|p2a: Nidoking|6\/100\n|\n|upkeep\n|turn|7\n|\n|t:|1605648929\n|move|p1a: Bisharp|Sucker Punch|p2a: Nidoking\n|-end|p2a: Nidoking|Substitute\n|move|p2a: Nidoking|Ice Beam|p1a: Bisharp\n|-resisted|p1a: Bisharp\n|-damage|p1a: Bisharp|0 fnt\n|faint|p1a: Bisharp\n|\n|upkeep\n|j| Terry.B bestdlc\n|\n|t:|1605648948\n|switch|p1a: Spectrier|Spectrier|100\/100\n|turn|8\n|\n|t:|1605648957\n|move|p1a: Spectrier|Shadow Ball|p2a: Nidoking\n|-damage|p2a: Nidoking|0 fnt\n|faint|p2a: Nidoking\n|-ability|p1a: Spectrier|Grim Neigh|boost\n|-boost|p1a: Spectrier|spa|1\n|\n|upkeep\n|\n|t:|1605648963\n|switch|p2a: Heatran|Heatran, M|100\/100\n|turn|9\n|\n|t:|1605648967\n|switch|p1a: Heatran|Heatran, F|100\/100\n|-item|p1a: Heatran|Air Balloon\n|move|p2a: Heatran|Magma Storm|p1a: Heatran\n|-start|p1a: Heatran|ability: Flash Fire\n|\n|upkeep\n|turn|10\n|\n|t:|1605648978\n|switch|p2a: Tapu Fini|Tapu Fini|100\/100\n|-fieldstart|move: Misty Terrain|[from] ability: Misty Surge|[of] p2a: Tapu Fini\n|move|p1a: Heatran|Magma Storm|p2a: Tapu Fini\n|-resisted|p2a: Tapu Fini\n|-damage|p2a: Tapu Fini|65\/100\n|-activate|p2a: Tapu Fini|move: Magma Storm|[of] p1a: Heatran\n|\n|-heal|p2a: Tapu Fini|71\/100|[from] item: Leftovers\n|-damage|p2a: Tapu Fini|59\/100|[from] move: Magma Storm|[partiallytrapped]\n|upkeep\n|turn|11\n|j| rdr_rpr\n|\n|t:|1605649008\n|move|p1a: Heatran|Eruption|p2a: Tapu Fini\n|-resisted|p2a: Tapu Fini\n|-damage|p2a: Tapu Fini|4\/100\n|move|p2a: Tapu Fini|Calm Mind|p2a: Tapu Fini\n|-boost|p2a: Tapu Fini|spa|1\n|-boost|p2a: Tapu Fini|spd|1\n|\n|-heal|p2a: Tapu Fini|10\/100|[from] item: Leftovers\n|-damage|p2a: Tapu Fini|0 fnt|[from] move: Magma Storm|[partiallytrapped]\n|faint|p2a: Tapu Fini\n|upkeep\n|\n|t:|1605649021\n|switch|p2a: Latios|Latios, M|100\/100\n|turn|12\n|j| wrfw\n|j| Jonoboyo\n|l| Jonoboyo\n|\n|t:|1605649031\n|move|p2a: Latios|Psychic|p1a: Heatran\n|-resisted|p1a: Heatran\n|-damage|p1a: Heatran|67\/100\n|-enditem|p1a: Heatran|Air Balloon\n|move|p1a: Heatran|Magma Storm|p2a: Latios\n|-resisted|p2a: Latios\n|-damage|p2a: Latios|56\/100\n|-activate|p2a: Latios|move: Magma Storm|[of] p1a: Heatran\n|\n|-damage|p2a: Latios|44\/100|[from] move: Magma Storm|[partiallytrapped]\n|upkeep\n|turn|13\n|\n|t:|1605649043\n|move|p2a: Latios|Psychic|p1a: Heatran\n|-resisted|p1a: Heatran\n|-damage|p1a: Heatran|29\/100\n|move|p1a: Heatran|Magma Storm|p2a: Latios\n|-resisted|p2a: Latios\n|-damage|p2a: Latios|0 fnt\n|faint|p2a: Latios\n|\n|upkeep\n|\n|t:|1605649062\n|switch|p2a: Zapdos|Zapdos-Galar|100\/100\n|turn|14\n|\n|t:|1605649067\n|move|p2a: Zapdos|Close Combat|p1a: Heatran\n|-supereffective|p1a: Heatran\n|-damage|p1a: Heatran|0 fnt\n|-unboost|p2a: Zapdos|def|1\n|-unboost|p2a: Zapdos|spd|1\n|faint|p1a: Heatran\n|\n|-fieldend|Misty Terrain\n|upkeep\n|\n|t:|1605649075\n|switch|p1a: Spectrier|Spectrier|100\/100\n|turn|15\n|\n|t:|1605649078\n|switch|p2a: Heatran|Heatran, M|100\/100\n|move|p1a: Spectrier|Shadow Ball|p2a: Heatran\n|-damage|p2a: Heatran|60\/100\n|\n|-heal|p2a: Heatran|66\/100|[from] item: Leftovers\n|upkeep\n|turn|16\n|l| Terry.B bestdlc\n|\n|t:|1605649087\n|move|p1a: Spectrier|Shadow Ball|p2a: Heatran\n|-damage|p2a: Heatran|19\/100\n|-unboost|p2a: Heatran|spd|1\n|move|p2a: Heatran|Magma Storm|p1a: Spectrier\n|-damage|p1a: Spectrier|52\/100\n|-activate|p1a: Spectrier|move: Magma Storm|[of] p2a: Heatran\n|\n|-heal|p2a: Heatran|25\/100|[from] item: Leftovers\n|-damage|p1a: Spectrier|40\/100|[from] move: Magma Storm|[partiallytrapped]\n|upkeep\n|turn|17\n|l| znqq\n|\n|t:|1605649098\n|move|p1a: Spectrier|Shadow Ball|p2a: Heatran\n|-damage|p2a: Heatran|0 fnt\n|faint|p2a: Heatran\n|-ability|p1a: Spectrier|Grim Neigh|boost\n|-boost|p1a: Spectrier|spa|1\n|\n|-end|p1a: Spectrier|Magma Storm|[partiallytrapped]|[silent]\n|upkeep\n|\n|t:|1605649104\n|switch|p2a: Zapdos|Zapdos-Galar|100\/100\n|turn|18\n|\n|t:|1605649107\n|move|p2a: Zapdos|Brave Bird|p1a: Spectrier\n|-damage|p1a: Spectrier|0 fnt\n|-damage|p2a: Zapdos|87\/100|[from] Recoil\n|faint|p1a: Spectrier\n|\n|upkeep\n|\n|t:|1605649113\n|switch|p1a: Landorus|Landorus-Therian, M|100\/100\n|-ability|p1a: Landorus|Intimidate|boost\n|-unboost|p2a: Zapdos|atk|1\n|-ability|p2a: Zapdos|Defiant\n|-boost|p2a: Zapdos|atk|2\n|turn|19\n|\n|t:|1605649120\n|move|p2a: Zapdos|Brave Bird|p1a: Landorus\n|-damage|p1a: Landorus|0 fnt\n|-damage|p2a: Zapdos|54\/100|[from] Recoil\n|faint|p1a: Landorus\n|\n|win|ThedebatableReaper\n|c|\u2606ThedebatableReaper|gg\n|l| The actual game\n|l| K. Rokossovsky\n|l| wrfw\n|c|\u2606blacklifematters|gg\n|c|\u2606blacklifematters|For sure\n|l| irgendwasmitmeeem\n|c|\u2606ThedebatableReaper|yeah close game\n|c|\u2606ThedebatableReaper|balloon offensive heatran is cool\n||Ladder (probably) updated, but score could not be retrieved (Request timeout).\n","uploadtime":1605649136,"views":48,"p1id":"blacklifematters","p2id":"thedebatablereaper","formatid":"gen8ou","rating":0,"private":0,"password":null}