{"id":"gen8nu-1669176604","p1":"Quilava0001","p2":"bizarman","format":"gen8nu","log":"|j|\u2606Quilava0001\n|j|\u2606bizarman\n|t:|1663702643\n|gametype|singles\n|player|p1|Quilava0001|265|1104\n|player|p2|bizarman|scientist-gen4|1079\n|teamsize|p1|6\n|teamsize|p2|6\n|gen|8\n|tier|[Gen 8] NU\n|rated|\n|rule|Sleep Clause Mod: Limit one foe put to sleep\n|rule|Species Clause: Limit one of each Pok\u00e9mon\n|rule|OHKO Clause: OHKO moves are banned\n|rule|Evasion Items Clause: Evasion items are banned\n|rule|Evasion Moves Clause: Evasion moves are banned\n|rule|Endless Battle Clause: Forcing endless battles is banned\n|rule|HP Percentage Mod: HP is shown in percentages\n|rule|Dynamax Clause: You cannot dynamax\n|clearpoke\n|poke|p1|Mantine, F|\n|poke|p1|Stakataka|\n|poke|p1|Mudsdale, F|\n|poke|p1|Rotom-Mow|\n|poke|p1|Arcanine, F|\n|poke|p1|Frosmoth, F|\n|poke|p2|Poliwrath, M|\n|poke|p2|Escavalier, F|\n|poke|p2|Sylveon, M|\n|poke|p2|Rhydon, F|\n|poke|p2|Rotom-Mow|\n|poke|p2|Drapion, M|\n|teampreview\n|\n|t:|1663702673\n|start\n|switch|p1a: Mudsdale|Mudsdale, F|100\/100\n|switch|p2a: Don|Rhydon, F|100\/100\n|turn|1\n|inactive|Battle timer is ON: inactive players will automatically lose when time's up. (requested by bizarman)\n|\n|t:|1663702679\n|move|p2a: Don|Stealth Rock|p1a: Mudsdale\n|-sidestart|p1: Quilava0001|move: Stealth Rock\n|move|p1a: Mudsdale|Stealth Rock|p2a: Don\n|-sidestart|p2: bizarman|move: Stealth Rock\n|\n|upkeep\n|turn|2\n|\n|t:|1663702685\n|switch|p2a: Tom|Rotom-Mow|100\/100\n|-damage|p2a: Tom|88\/100|[from] Stealth Rock\n|move|p1a: Mudsdale|Earthquake|p2a: Tom\n|-immune|p2a: Tom|[from] ability: Levitate\n|\n|upkeep\n|turn|3\n|\n|t:|1663702705\n|switch|p1a: Mantine|Mantine, F|100\/100\n|move|p2a: Tom|Leaf Storm|p1a: Mantine|[miss]\n|-miss|p2a: Tom|p1a: Mantine\n|\n|upkeep\n|turn|4\n|\n|t:|1663702718\n|switch|p2a: Wrath|Poliwrath, M|100\/100\n|-damage|p2a: Wrath|94\/100|[from] Stealth Rock\n|move|p1a: Mantine|Defog|p2a: Wrath\n|-unboost|p2a: Wrath|evasion|1\n|-sideend|p2: bizarman|Stealth Rock|[from] move: Defog|[of] p1a: Mantine\n|-sideend|p1: Quilava0001|Stealth Rock|[from] move: Defog|[of] p1a: Mantine\n|\n|-heal|p2a: Wrath|100\/100|[from] item: Leftovers\n|upkeep\n|turn|5\n|\n|t:|1663702729\n|move|p2a: Wrath|Substitute|p2a: Wrath\n|-start|p2a: Wrath|Substitute\n|-damage|p2a: Wrath|75\/100\n|move|p1a: Mantine|Toxic||[still]\n|-fail|p1a: Mantine\n|\n|-heal|p2a: Wrath|82\/100|[from] item: Leftovers\n|upkeep\n|turn|6\n|\n|t:|1663702739\n|switch|p1a: Rotom|Rotom-Mow|100\/100\n|move|p2a: Wrath|Bulk Up|p2a: Wrath\n|-boost|p2a: Wrath|atk|1\n|-boost|p2a: Wrath|def|1\n|\n|-heal|p2a: Wrath|88\/100|[from] item: Leftovers\n|upkeep\n|turn|7\n|\n|t:|1663702748\n|move|p1a: Rotom|Thunderbolt|p2a: Wrath\n|-supereffective|p2a: Wrath\n|-end|p2a: Wrath|Substitute\n|move|p2a: Wrath|Drain Punch|p1a: Rotom\n|-damage|p1a: Rotom|52\/100\n|-heal|p2a: Wrath|100\/100|[from] drain|[of] p1a: Rotom\n|\n|upkeep\n|turn|8\n|\n|t:|1663702755\n|switch|p2a: Don|Rhydon, F|100\/100\n|move|p1a: Rotom|Thunderbolt|p2a: Don\n|-ability|p2a: Don|Lightning Rod|boost\n|-boost|p2a: Don|spa|1\n|\n|upkeep\n|turn|9\n|\n|t:|1663702769\n|switch|p1a: Frosmoth|Frosmoth, F|100\/100\n|move|p2a: Don|Stealth Rock|p1a: Frosmoth\n|-sidestart|p1: Quilava0001|move: Stealth Rock\n|\n|upkeep\n|turn|10\n|\n|t:|1663702774\n|move|p1a: Frosmoth|Ice Beam|p2a: Don\n|-supereffective|p2a: Don\n|-damage|p2a: Don|0 fnt\n|faint|p2a: Don\n|\n|upkeep\n|\n|t:|1663702779\n|switch|p2a: Esca|Escavalier, F|100\/100\n|turn|11\n|\n|t:|1663702795\n|switch|p1a: Mantine|Mantine, F|100\/100\n|move|p2a: Esca|Iron Head|p1a: Mantine\n|-resisted|p1a: Mantine\n|-damage|p1a: Mantine|80\/100\n|\n|upkeep\n|turn|12\n|\n|t:|1663702809\n|switch|p2a: Tom|Rotom-Mow|88\/100\n|move|p1a: Mantine|Defog|p2a: Tom\n|-unboost|p2a: Tom|evasion|1\n|-sideend|p1: Quilava0001|Stealth Rock|[from] move: Defog|[of] p1a: Mantine\n|\n|upkeep\n|turn|13\n|\n|t:|1663702815\n|switch|p1a: Mudsdale|Mudsdale, F|100\/100\n|move|p2a: Tom|Volt Switch|p1a: Mudsdale\n|-immune|p1a: Mudsdale\n|\n|upkeep\n|turn|14\n|\n|t:|1663702824\n|switch|p2a: Sylv|Sylveon, M|100\/100\n|move|p1a: Mudsdale|Stealth Rock|p2a: Sylv\n|-sidestart|p2: bizarman|move: Stealth Rock\n|\n|upkeep\n|turn|15\n|\n|t:|1663702836\n|move|p2a: Sylv|Hyper Voice|p1a: Mudsdale\n|-damage|p1a: Mudsdale|62\/100\n|-ability|p1a: Mudsdale|Stamina|boost\n|-boost|p1a: Mudsdale|def|1\n|move|p1a: Mudsdale|Earthquake|p2a: Sylv\n|-damage|p2a: Sylv|56\/100\n|\n|-heal|p2a: Sylv|62\/100|[from] item: Leftovers\n|-heal|p1a: Mudsdale|69\/100|[from] item: Leftovers\n|upkeep\n|turn|16\n|\n|t:|1663702859\n|switch|p1a: Stakataka|Stakataka|100\/100\n|-item|p1a: Stakataka|Air Balloon\n|move|p2a: Sylv|Hyper Voice|p1a: Stakataka\n|-resisted|p1a: Stakataka\n|-damage|p1a: Stakataka|78\/100\n|-enditem|p1a: Stakataka|Air Balloon\n|\n|-heal|p2a: Sylv|68\/100|[from] item: Leftovers\n|upkeep\n|turn|17\n|\n|t:|1663702874\n|switch|p2a: Esca|Escavalier, F|100\/100\n|-damage|p2a: Esca|88\/100|[from] Stealth Rock\n|move|p1a: Stakataka|Trick Room|p1a: Stakataka\n|-fieldstart|move: Trick Room|[of] p1a: Stakataka\n|\n|-heal|p2a: Esca|94\/100|[from] item: Leftovers\n|upkeep\n|turn|18\n|\n|t:|1663702893\n|move|p2a: Esca|Protect|p2a: Esca\n|-singleturn|p2a: Esca|Protect\n|move|p1a: Stakataka|Stone Edge|p2a: Esca\n|-activate|p2a: Esca|move: Protect\n|\n|-heal|p2a: Esca|99\/100|[from] item: Leftovers\n|upkeep\n|turn|19\n|\n|t:|1663702903\n|move|p1a: Stakataka|Stone Edge|p2a: Esca|[miss]\n|-miss|p1a: Stakataka|p2a: Esca\n|move|p2a: Esca|Close Combat|p1a: Stakataka\n|-supereffective|p1a: Stakataka\n|-damage|p1a: Stakataka|4\/100\n|-unboost|p2a: Esca|def|1\n|-unboost|p2a: Esca|spd|1\n|\n|-heal|p2a: Esca|100\/100|[from] item: Leftovers\n|upkeep\n|turn|20\n|\n|t:|1663702913\n|move|p2a: Esca|Protect|p2a: Esca\n|-singleturn|p2a: Esca|Protect\n|move|p1a: Stakataka|Stone Edge|p2a: Esca\n|-activate|p2a: Esca|move: Protect\n|\n|upkeep\n|turn|21\n|\n|t:|1663702934\n|switch|p2a: Wrath|Poliwrath, M|100\/100\n|-damage|p2a: Wrath|94\/100|[from] Stealth Rock\n|move|p1a: Stakataka|Stone Edge|p2a: Wrath\n|-resisted|p2a: Wrath\n|-damage|p2a: Wrath|66\/100\n|\n|-heal|p2a: Wrath|73\/100|[from] item: Leftovers\n|-fieldend|move: Trick Room\n|upkeep\n|turn|22\n|\n|t:|1663702945\n|move|p2a: Wrath|Drain Punch|p1a: Stakataka\n|-supereffective|p1a: Stakataka\n|-damage|p1a: Stakataka|0 fnt\n|-heal|p2a: Wrath|74\/100|[from] drain|[of] p1a: Stakataka\n|faint|p1a: Stakataka\n|\n|-heal|p2a: Wrath|80\/100|[from] item: Leftovers\n|upkeep\n|\n|t:|1663702953\n|switch|p1a: Rotom|Rotom-Mow|52\/100\n|turn|23\n|\n|t:|1663702962\n|switch|p2a: Tom|Rotom-Mow|88\/100\n|-damage|p2a: Tom|76\/100|[from] Stealth Rock\n|move|p1a: Rotom|Volt Switch|p2a: Tom\n|-resisted|p2a: Tom\n|-crit|p2a: Tom\n|-damage|p2a: Tom|60\/100\n|\n|t:|1663702968\n|switch|p1a: Frosmoth|Frosmoth, F|100\/100|[from]move: Volt Switch\n|\n|upkeep\n|turn|24\n|\n|t:|1663702973\n|move|p2a: Tom|Volt Switch|p1a: Frosmoth\n|-damage|p1a: Frosmoth|80\/100\n|\n|t:|1663702976\n|switch|p2a: Esca|Escavalier, F|100\/100|[from]move: Volt Switch\n|-damage|p2a: Esca|88\/100|[from] Stealth Rock\n|move|p1a: Frosmoth|Quiver Dance|p1a: Frosmoth\n|-boost|p1a: Frosmoth|spa|1\n|-boost|p1a: Frosmoth|spd|1\n|-boost|p1a: Frosmoth|spe|1\n|\n|-heal|p2a: Esca|94\/100|[from] item: Leftovers\n|upkeep\n|turn|25\n|\n|t:|1663702989\n|switch|p1a: Arcanine|Arcanine, F|100\/100\n|-ability|p1a: Arcanine|Intimidate|boost\n|-unboost|p2a: Esca|atk|1\n|move|p2a: Esca|Iron Head|p1a: Arcanine\n|-resisted|p1a: Arcanine\n|-damage|p1a: Arcanine|85\/100\n|\n|-heal|p2a: Esca|99\/100|[from] item: Leftovers\n|upkeep\n|turn|26\n|\n|t:|1663703002\n|switch|p2a: Drap|Drapion, M|100\/100\n|-damage|p2a: Drap|88\/100|[from] Stealth Rock\n|move|p1a: Arcanine|Flare Blitz|p2a: Drap\n|-damage|p2a: Drap|17\/100\n|-damage|p1a: Arcanine|60\/100|[from] Recoil\n|-damage|p1a: Arcanine|50\/100|[from] item: Life Orb\n|\n|-heal|p2a: Drap|23\/100|[from] item: Black Sludge\n|upkeep\n|turn|27\n|\n|t:|1663703012\n|move|p2a: Drap|Protect|p2a: Drap\n|-singleturn|p2a: Drap|Protect\n|move|p1a: Arcanine|Extreme Speed|p2a: Drap\n|-activate|p2a: Drap|move: Protect\n|\n|-heal|p2a: Drap|30\/100|[from] item: Black Sludge\n|upkeep\n|turn|28\n|\n|t:|1663703034\n|move|p1a: Arcanine|Wild Charge|p2a: Drap\n|-damage|p2a: Drap|0 fnt\n|faint|p2a: Drap\n|-damage|p1a: Arcanine|43\/100|[from] Recoil\n|-damage|p1a: Arcanine|33\/100|[from] item: Life Orb\n|\n|upkeep\n|\n|t:|1663703041\n|switch|p2a: Tom|Rotom-Mow|60\/100\n|-damage|p2a: Tom|48\/100|[from] Stealth Rock\n|turn|29\n|\n|t:|1663703055\n|switch|p1a: Mudsdale|Mudsdale, F|69\/100\n|move|p2a: Tom|Volt Switch|p1a: Mudsdale\n|-immune|p1a: Mudsdale\n|\n|-heal|p1a: Mudsdale|75\/100|[from] item: Leftovers\n|upkeep\n|turn|30\n|\n|t:|1663703067\n|switch|p2a: Sylv|Sylveon, M|68\/100\n|-damage|p2a: Sylv|55\/100|[from] Stealth Rock\n|move|p1a: Mudsdale|Earthquake|p2a: Sylv\n|-damage|p2a: Sylv|10\/100\n|\n|-heal|p2a: Sylv|16\/100|[from] item: Leftovers\n|-heal|p1a: Mudsdale|81\/100|[from] item: Leftovers\n|upkeep\n|turn|31\n|\n|t:|1663703076\n|switch|p2a: Tom|Rotom-Mow|48\/100\n|-damage|p2a: Tom|35\/100|[from] Stealth Rock\n|move|p1a: Mudsdale|Earthquake|p2a: Tom\n|-immune|p2a: Tom|[from] ability: Levitate\n|\n|-heal|p1a: Mudsdale|87\/100|[from] item: Leftovers\n|upkeep\n|turn|32\n|\n|t:|1663703089\n|switch|p1a: Frosmoth|Frosmoth, F|80\/100\n|move|p2a: Tom|Defog|p1a: Frosmoth\n|-unboost|p1a: Frosmoth|evasion|1\n|-sideend|p2: bizarman|Stealth Rock|[from] move: Defog|[of] p2a: Tom\n|\n|upkeep\n|turn|33\n|\n|t:|1663703099\n|switch|p2a: Esca|Escavalier, F|99\/100\n|switch|p1a: Arcanine|Arcanine, F|33\/100\n|-ability|p1a: Arcanine|Intimidate|boost\n|-unboost|p2a: Esca|atk|1\n|\n|-heal|p2a: Esca|100\/100|[from] item: Leftovers\n|upkeep\n|turn|34\n|\n|t:|1663703117\n|switch|p2a: Wrath|Poliwrath, M|80\/100\n|move|p1a: Arcanine|Morning Sun|p1a: Arcanine\n|-heal|p1a: Arcanine|82\/100\n|\n|-heal|p2a: Wrath|86\/100|[from] item: Leftovers\n|upkeep\n|turn|35\n|\n|t:|1663703131\n|move|p1a: Arcanine|Wild Charge|p2a: Wrath\n|-supereffective|p2a: Wrath\n|-damage|p2a: Wrath|18\/100\n|-damage|p1a: Arcanine|62\/100|[from] Recoil\n|-damage|p1a: Arcanine|52\/100|[from] item: Life Orb\n|move|p2a: Wrath|Waterfall|p1a: Arcanine\n|-supereffective|p1a: Arcanine\n|-crit|p1a: Arcanine\n|-damage|p1a: Arcanine|0 fnt\n|faint|p1a: Arcanine\n|\n|-heal|p2a: Wrath|24\/100|[from] item: Leftovers\n|upkeep\n|\n|t:|1663703140\n|switch|p1a: Rotom|Rotom-Mow|52\/100\n|turn|36\n|\n|t:|1663703146\n|switch|p2a: Sylv|Sylveon, M|16\/100\n|move|p1a: Rotom|Volt Switch|p2a: Sylv\n|-damage|p2a: Sylv|0 fnt\n|faint|p2a: Sylv\n|\n|t:|1663703158\n|switch|p1a: Frosmoth|Frosmoth, F|80\/100|[from]move: Volt Switch\n|\n|upkeep\n|\n|t:|1663703162\n|switch|p2a: Esca|Escavalier, F|100\/100\n|turn|37\n|\n|t:|1663703165\n|switch|p2a: Tom|Rotom-Mow|35\/100\n|move|p1a: Frosmoth|Ice Beam|p2a: Tom\n|-supereffective|p2a: Tom\n|-damage|p2a: Tom|0 fnt\n|faint|p2a: Tom\n|\n|upkeep\n|c|\u2606bizarman|gg\n|\n|t:|1663703176\n|switch|p2a: Esca|Escavalier, F|100\/100\n|turn|38\n|\n|t:|1663703184\n|switch|p2a: Wrath|Poliwrath, M|24\/100\n|move|p1a: Frosmoth|Ice Beam|p2a: Wrath\n|-resisted|p2a: Wrath\n|-damage|p2a: Wrath|5\/100\n|\n|-heal|p2a: Wrath|11\/100|[from] item: Leftovers\n|upkeep\n|turn|39\n|-message|bizarman forfeited.\n|\n|win|Quilava0001\n|raw|Quilava0001's rating: 1104 &rarr; <strong>1127<\/strong><br \/>(+23 for winning)\n|raw|bizarman's rating: 1079 &rarr; <strong>1059<\/strong><br \/>(-20 for losing)\n|l|\u2606bizarman\n||Ladder isn't responding, score probably updated but might not have (Request timeout).\n","uploadtime":1663703196,"views":9,"p1id":"quilava0001","p2id":"bizarman","formatid":"gen8nu","rating":1059,"private":0,"password":null}