{"id":"gen8ou-1667220898","p1":"dracaufeu shiny","p2":"3191794812qq","format":"gen8ou","log":"|j|\u2606dracaufeu shiny\n|j|\u26063191794812qq\n|t:|1663499600\n|gametype|singles\n|player|p1|dracaufeu shiny|red|1552\n|player|p2|3191794812qq|acerola|1503\n|teamsize|p1|6\n|teamsize|p2|6\n|gen|8\n|tier|[Gen 8] OU\n|rated|\n|rule|Sleep Clause Mod: Limit one foe put to sleep\n|rule|Species Clause: Limit one of each Pok\u00e9mon\n|rule|OHKO Clause: OHKO moves are banned\n|rule|Evasion Items Clause: Evasion items are banned\n|rule|Evasion Moves Clause: Evasion moves are banned\n|rule|Endless Battle Clause: Forcing endless battles is banned\n|rule|HP Percentage Mod: HP is shown in percentages\n|rule|Dynamax Clause: You cannot dynamax\n|clearpoke\n|poke|p1|Ribombee, F|\n|poke|p1|Kartana|\n|poke|p1|Keldeo-Resolute|\n|poke|p1|Mimikyu, F|\n|poke|p1|Eiscue, M|\n|poke|p1|Tornadus, M|\n|poke|p2|Weavile, M|\n|poke|p2|Slowking-Galar, F|\n|poke|p2|Melmetal|\n|poke|p2|Garchomp, F|\n|poke|p2|Urshifu-*, F|\n|poke|p2|Corviknight, F|\n|teampreview\n|inactive|Battle timer is ON: inactive players will automatically lose when time's up. (requested by 3191794812qq)\n|\n|t:|1663499616\n|start\n|switch|p1a: Ribombee|Ribombee, F|100\/100\n|switch|p2a: Weavile|Weavile, M|100\/100\n|-ability|p2a: Weavile|Pressure\n|turn|1\n|\n|t:|1663499626\n|switch|p2a: Slowking|Slowking-Galar, F|100\/100\n|move|p1a: Ribombee|Sticky Web|p2a: Slowking\n|-sidestart|p2: 3191794812qq|move: Sticky Web\n|\n|upkeep\n|turn|2\n|\n|t:|1663499634\n|switch|p1a: Keldeo|Keldeo-Resolute|100\/100\n|move|p2a: Slowking|Future Sight|p1a: Keldeo\n|-start|p2a: Slowking|move: Future Sight\n|\n|upkeep\n|turn|3\n|\n|t:|1663499643\n|switch|p1a: Ribombee|Ribombee, F|100\/100\n|move|p2a: Slowking|Sludge Bomb|p1a: Ribombee\n|-supereffective|p1a: Ribombee\n|-damage|p1a: Ribombee|0 fnt\n|faint|p1a: Ribombee\n|\n|upkeep\n|\n|t:|1663499654\n|switch|p1a: Mimikyu|Mimikyu, F|100\/100\n|turn|4\n|\n|t:|1663499658\n|move|p1a: Mimikyu|Swords Dance|p1a: Mimikyu\n|-boost|p1a: Mimikyu|atk|2\n|move|p2a: Slowking|Sludge Bomb|p1a: Mimikyu\n|-activate|p1a: Mimikyu|ability: Disguise\n|-damage|p1a: Mimikyu|100\/100\n|detailschange|p1a: Mimikyu|Mimikyu-Busted, F\n|-damage|p1a: Mimikyu|88\/100|[from] pokemon: Mimikyu-Busted\n|\n|-end|p1a: Mimikyu|move: Future Sight\n|-damage|p1a: Mimikyu|8\/100\n|upkeep\n|turn|5\n|\n|t:|1663499668\n|switch|p2a: Corviknight|Corviknight, F, shiny|100\/100\n|-ability|p2a: Corviknight|Pressure\n|move|p1a: Mimikyu|Shadow Claw|p2a: Corviknight\n|-damage|p2a: Corviknight|53\/100\n|-damage|p1a: Mimikyu|0 fnt|[from] item: Rocky Helmet|[of] p2a: Corviknight\n|faint|p1a: Mimikyu\n|\n|upkeep\n|\n|t:|1663499673\n|switch|p1a: Eiscue|Eiscue, M|100\/100\n|turn|6\n|\n|t:|1663499677\n|move|p1a: Eiscue|Substitute|p1a: Eiscue\n|-start|p1a: Eiscue|Substitute\n|-damage|p1a: Eiscue|75\/100\n|move|p2a: Corviknight|U-turn|p1a: Eiscue\n|-activate|p1a: Eiscue|move: Substitute|[damage]\n|\n|t:|1663499680\n|switch|p2a: Urshifu|Urshifu-Rapid-Strike, F|100\/100|[from]move: U-turn\n|-activate|p2a: Urshifu|move: Sticky Web\n|-unboost|p2a: Urshifu|spe|1\n|\n|upkeep\n|turn|7\n|\n|t:|1663499688\n|move|p1a: Eiscue|Belly Drum|p1a: Eiscue\n|-damage|p1a: Eiscue|25\/100\n|-setboost|p1a: Eiscue|atk|6|[from] move: Belly Drum\n|-enditem|p1a: Eiscue|Salac Berry|[eat]\n|-boost|p1a: Eiscue|spe|1|[from] item: Salac Berry\n|move|p2a: Urshifu|Surging Strikes|p1a: Eiscue\n|-crit|p1a: Eiscue\n|-end|p1a: Eiscue|Substitute\n|-activate|p1a: Eiscue|ability: Ice Face\n|-damage|p1a: Eiscue|25\/100\n|detailschange|p1a: Eiscue|Eiscue-Noice, M\n|-crit|p1a: Eiscue\n|-damage|p1a: Eiscue|0 fnt\n|faint|p1a: Eiscue\n|-hitcount|p1: Eiscue|3\n|\n|upkeep\n|\n|t:|1663499693\n|switch|p1a: Kartana|Kartana|100\/100\n|turn|8\n|\n|t:|1663499701\n|move|p1a: Kartana|Swords Dance|p1a: Kartana\n|-boost|p1a: Kartana|atk|2\n|move|p2a: Urshifu|Close Combat|p1a: Kartana\n|-supereffective|p1a: Kartana\n|-damage|p1a: Kartana|0 fnt\n|-unboost|p2a: Urshifu|def|1\n|-unboost|p2a: Urshifu|spd|1\n|faint|p1a: Kartana\n|\n|upkeep\n|\n|t:|1663499705\n|switch|p1a: Keldeo|Keldeo-Resolute|100\/100\n|turn|9\n|\n|t:|1663499710\n|switch|p2a: Slowking|Slowking-Galar, F|100\/100\n|-activate|p2a: Slowking|move: Sticky Web\n|-unboost|p2a: Slowking|spe|1\n|move|p1a: Keldeo|Calm Mind|p1a: Keldeo\n|-boost|p1a: Keldeo|spa|1\n|-boost|p1a: Keldeo|spd|1\n|\n|upkeep\n|turn|10\n|\n|t:|1663499716\n|move|p1a: Keldeo|Calm Mind|p1a: Keldeo\n|-boost|p1a: Keldeo|spa|1\n|-boost|p1a: Keldeo|spd|1\n|move|p2a: Slowking|Sludge Bomb|p1a: Keldeo\n|-damage|p1a: Keldeo|77\/100\n|-status|p1a: Keldeo|psn\n|\n|-heal|p1a: Keldeo|83\/100 psn|[from] item: Leftovers\n|-damage|p1a: Keldeo|71\/100 psn|[from] psn\n|upkeep\n|turn|11\n|\n|t:|1663499724\n|move|p1a: Keldeo|Surf|p2a: Slowking\n|-damage|p2a: Slowking|60\/100\n|move|p2a: Slowking|Future Sight|p1a: Keldeo\n|-start|p2a: Slowking|move: Future Sight\n|\n|-heal|p1a: Keldeo|77\/100 psn|[from] item: Leftovers\n|-damage|p1a: Keldeo|64\/100 psn|[from] psn\n|upkeep\n|turn|12\n|\n|t:|1663499728\n|move|p1a: Keldeo|Surf|p2a: Slowking\n|-damage|p2a: Slowking|20\/100\n|move|p2a: Slowking|Scald|p1a: Keldeo\n|-resisted|p1a: Keldeo\n|-damage|p1a: Keldeo|57\/100 psn\n|\n|-heal|p1a: Keldeo|63\/100 psn|[from] item: Leftovers\n|-damage|p1a: Keldeo|51\/100 psn|[from] psn\n|upkeep\n|turn|13\n|\n|t:|1663499739\n|move|p1a: Keldeo|Surf|p2a: Slowking\n|-damage|p2a: Slowking|0 fnt\n|faint|p2a: Slowking\n|\n|-end|p1a: Keldeo|move: Future Sight\n|-supereffective|p1a: Keldeo\n|-damage|p1a: Keldeo|0 fnt\n|faint|p1a: Keldeo\n|upkeep\n|\n|t:|1663499749\n|switch|p1a: Tornadus|Tornadus, M|100\/100\n|switch|p2a: Melmetal|Melmetal|100\/100\n|-activate|p2a: Melmetal|move: Sticky Web\n|-unboost|p2a: Melmetal|spe|1\n|turn|14\n|\n|t:|1663499757\n|move|p1a: Tornadus|Superpower|p2a: Melmetal\n|-supereffective|p2a: Melmetal\n|-damage|p2a: Melmetal|51\/100\n|-unboost|p1a: Tornadus|atk|1\n|-unboost|p1a: Tornadus|def|1\n|move|p2a: Melmetal|Thunder Punch|p1a: Tornadus\n|-supereffective|p1a: Tornadus\n|-damage|p1a: Tornadus|0 fnt\n|faint|p1a: Tornadus\n|\n|win|3191794812qq\n|raw|dracaufeu shiny's rating: 1552 &rarr; <strong>1529<\/strong><br \/>(-23 for losing)\n|raw|3191794812qq's rating: 1503 &rarr; <strong>1526<\/strong><br \/>(+23 for winning)\n|l|\u2606dracaufeu shiny\n","uploadtime":1663499769,"views":11,"p1id":"dracaufeushiny","p2id":"3191794812qq","formatid":"gen8ou","rating":1526,"private":0,"password":null}