{"id":"gen8ou-1634104093","p1":"LT92PF Highv0ltag3","p2":"Kanye is batman","format":"gen8ou","log":"|raw|<div class=\"broadcast-blue\"><strong>This battle is required to be public due to a player having a name starting with 'lt92pf'.<\/div>\n|j|\u2606LT92PF Highv0ltag3\n|j|\u2606Kanye is batman\n|t:|1659858514\n|gametype|singles\n|player|p1|LT92PF Highv0ltag3|volo|1929\n|player|p2|Kanye is batman|silver|1662\n|teamsize|p1|6\n|teamsize|p2|6\n|gen|8\n|tier|[Gen 8] OU\n|rated|\n|rule|Sleep Clause Mod: Limit one foe put to sleep\n|rule|Species Clause: Limit one of each Pok\u00e9mon\n|rule|OHKO Clause: OHKO moves are banned\n|rule|Evasion Items Clause: Evasion items are banned\n|rule|Evasion Moves Clause: Evasion moves are banned\n|rule|Endless Battle Clause: Forcing endless battles is banned\n|rule|HP Percentage Mod: HP is shown in percentages\n|rule|Dynamax Clause: You cannot dynamax\n|clearpoke\n|poke|p1|Porygon-Z|\n|poke|p1|Toxapex, F|\n|poke|p1|Corviknight, M|\n|poke|p1|Urshifu-*, F|\n|poke|p1|Landorus-Therian, M|\n|poke|p1|Mew|\n|poke|p2|Pelipper, F|\n|poke|p2|Barraskewda, F|\n|poke|p2|Ferrothorn, F|\n|poke|p2|Seismitoad, M|\n|poke|p2|Tapu Koko|\n|poke|p2|Tornadus-Therian, M|\n|teampreview\n|inactive|Battle timer is ON: inactive players will automatically lose when time's up. (requested by Kanye is batman)\n|\n|t:|1659858521\n|start\n|switch|p1a: Porygon-Z|Porygon-Z|100\/100\n|switch|p2a: Speed Overdose|Tapu Koko|100\/100\n|-fieldstart|move: Electric Terrain|[from] ability: Electric Surge|[of] p2a: Speed Overdose\n|-ability|p1a: Porygon-Z|Download|boost\n|-boost|p1a: Porygon-Z|spa|1\n|turn|1\n|\n|t:|1659858527\n|move|p2a: Speed Overdose|Thunder|p1a: Porygon-Z\n|-damage|p1a: Porygon-Z|0 fnt\n|faint|p1a: Porygon-Z\n|\n|upkeep\n|\n|t:|1659858533\n|switch|p1a: Landorus|Landorus-Therian, M|100\/100\n|-ability|p1a: Landorus|Intimidate|boost\n|-unboost|p2a: Speed Overdose|atk|1\n|turn|2\n|inactive|Kanye is batman has 120 seconds left.\n|c|\u2606Kanye is batman|Ya I'm demon for thay.blunder. Hope your proud\n|\n|t:|1659858592\n|switch|p2a: Lando Black sheep|Tornadus-Therian, M|100\/100\n|move|p1a: Landorus|Stealth Rock|p2a: Lando Black sheep\n|-sidestart|p2: Kanye is batman|move: Stealth Rock\n|\n|upkeep\n|turn|3\n|\n|t:|1659858608\n|move|p2a: Lando Black sheep|Defog|p1a: Landorus\n|-unboost|p1a: Landorus|evasion|1\n|-sideend|p2: Kanye is batman|Stealth Rock|[from] move: Defog|[of] p2a: Lando Black sheep\n|-fieldend|move: Electric Terrain\n|move|p1a: Landorus|U-turn|p2a: Lando Black sheep\n|-resisted|p2a: Lando Black sheep\n|-damage|p2a: Lando Black sheep|88\/100\n|\n|t:|1659858610\n|switch|p1a: Mew|Mew|100\/100|[from]move: U-turn\n|\n|upkeep\n|turn|4\n|\n|t:|1659858618\n|move|p1a: Mew|Triple Axel|p2a: Lando Black sheep\n|-supereffective|p2a: Lando Black sheep\n|-damage|p2a: Lando Black sheep|73\/100\n|-supereffective|p2a: Lando Black sheep\n|-damage|p2a: Lando Black sheep|46\/100\n|-supereffective|p2a: Lando Black sheep\n|-damage|p2a: Lando Black sheep|4\/100\n|-hitcount|p2a: Lando Black sheep|3\n|move|p2a: Lando Black sheep|Defog|p1a: Mew\n|-unboost|p1a: Mew|evasion|1\n|\n|upkeep\n|turn|5\n|inactive|Kanye is batman has 120 seconds left.\n|c|\u2606LT92PF Highv0ltag3|Epic bruh moment\n|\n|t:|1659858632\n|switch|p1a: Urshifu|Urshifu-Rapid-Strike, F|100\/100\n|switch|p2a: Hates rain|Ferrothorn, F|100\/100\n|\n|upkeep\n|turn|6\n|\n|t:|1659858639\n|move|p1a: Urshifu|Surging Strikes|p2a: Hates rain\n|-resisted|p2a: Hates rain\n|-crit|p2a: Hates rain\n|-damage|p2a: Hates rain|91\/100\n|-damage|p1a: Urshifu|88\/100|[from] ability: Iron Barbs|[of] p2a: Hates rain\n|-resisted|p2a: Hates rain\n|-crit|p2a: Hates rain\n|-damage|p2a: Hates rain|83\/100\n|-damage|p1a: Urshifu|76\/100|[from] ability: Iron Barbs|[of] p2a: Hates rain\n|-resisted|p2a: Hates rain\n|-crit|p2a: Hates rain\n|-damage|p2a: Hates rain|75\/100\n|-damage|p1a: Urshifu|64\/100|[from] ability: Iron Barbs|[of] p2a: Hates rain\n|-hitcount|p2a: Hates rain|3\n|move|p2a: Hates rain|Spikes|p1a: Urshifu\n|-sidestart|p1: LT92PF Highv0ltag3|Spikes\n|\n|-heal|p2a: Hates rain|81\/100|[from] item: Leftovers\n|upkeep\n|turn|7\n|c|\u2606LT92PF Highv0ltag3|Bruh\n|c|\u2606Kanye is batman|Demon again haha\n|inactive|Kanye is batman has 120 seconds left.\n|c|\u2606LT92PF Highv0ltag3|Fr\n|\n|t:|1659858660\n|switch|p1a: Corviknight|Corviknight, M|100\/100\n|-ability|p1a: Corviknight|Pressure\n|move|p2a: Hates rain|Leech Seed|p1a: Corviknight\n|-start|p1a: Corviknight|move: Leech Seed\n|\n|-heal|p2a: Hates rain|87\/100|[from] item: Leftovers\n|-damage|p1a: Corviknight|88\/100|[from] Leech Seed|[of] p2a: Hates rain\n|-heal|p2a: Hates rain|100\/100|[silent]\n|upkeep\n|turn|8\n|\n|t:|1659858663\n|move|p1a: Corviknight|Defog|p2a: Hates rain\n|-unboost|p2a: Hates rain|evasion|1\n|-sideend|p1: LT92PF Highv0ltag3|Spikes|[from] move: Defog|[of] p1a: Corviknight\n|move|p2a: Hates rain|Knock Off|p1a: Corviknight\n|-damage|p1a: Corviknight|74\/100\n|-enditem|p1a: Corviknight|Leftovers|[from] move: Knock Off|[of] p2a: Hates rain\n|\n|-damage|p1a: Corviknight|62\/100|[from] Leech Seed|[of] p2a: Hates rain\n|upkeep\n|turn|9\n|\n|t:|1659858675\n|switch|p1a: Urshifu|Urshifu-Rapid-Strike, F|64\/100\n|move|p2a: Hates rain|Spikes|p1a: Urshifu\n|-sidestart|p1: LT92PF Highv0ltag3|Spikes\n|\n|upkeep\n|turn|10\n|\n|t:|1659858681\n|switch|p2a: Big Gulp sponsor|Pelipper, F|100\/100\n|-weather|RainDance|[from] ability: Drizzle|[of] p2a: Big Gulp sponsor\n|move|p1a: Urshifu|Surging Strikes|p2a: Big Gulp sponsor\n|-resisted|p2a: Big Gulp sponsor\n|-crit|p2a: Big Gulp sponsor\n|-damage|p2a: Big Gulp sponsor|85\/100\n|-resisted|p2a: Big Gulp sponsor\n|-crit|p2a: Big Gulp sponsor\n|-damage|p2a: Big Gulp sponsor|67\/100\n|-resisted|p2a: Big Gulp sponsor\n|-crit|p2a: Big Gulp sponsor\n|-damage|p2a: Big Gulp sponsor|51\/100\n|-hitcount|p2a: Big Gulp sponsor|3\n|\n|-weather|RainDance|[upkeep]\n|upkeep\n|turn|11\n|\n|t:|1659858686\n|move|p1a: Urshifu|Surging Strikes|p2a: Big Gulp sponsor\n|-resisted|p2a: Big Gulp sponsor\n|-crit|p2a: Big Gulp sponsor\n|-damage|p2a: Big Gulp sponsor|34\/100\n|-resisted|p2a: Big Gulp sponsor\n|-crit|p2a: Big Gulp sponsor\n|-damage|p2a: Big Gulp sponsor|17\/100\n|-resisted|p2a: Big Gulp sponsor\n|-crit|p2a: Big Gulp sponsor\n|-damage|p2a: Big Gulp sponsor|0 fnt\n|faint|p2a: Big Gulp sponsor\n|-hitcount|p2: Big Gulp sponsor|3\n|\n|-weather|RainDance|[upkeep]\n|upkeep\n|\n|t:|1659858691\n|switch|p2a: Agent \u00a5|Seismitoad, M, shiny|100\/100\n|turn|12\n|c|\u2606LT92PF Highv0ltag3|Wait r u blunder for real\n|c|\u2606LT92PF Highv0ltag3|You hit thunder turn 1 so maybe\n|inactive|LT92PF Highv0ltag3 has 120 seconds left.\n|\n|t:|1659858722\n|switch|p1a: Toxapex|Toxapex, F|100\/100\n|-damage|p1a: Toxapex|88\/100|[from] Spikes\n|move|p2a: Agent \u00a5|Weather Ball|p1a: Toxapex\n|-resisted|p1a: Toxapex\n|-damage|p1a: Toxapex|55\/100\n|-damage|p2a: Agent \u00a5|91\/100|[from] item: Life Orb\n|\n|-weather|RainDance|[upkeep]\n|-heal|p1a: Toxapex|62\/100|[from] item: Black Sludge\n|upkeep\n|turn|13\n|c|\u2606Kanye is batman|Haha\n|inactive|LT92PF Highv0ltag3 has 120 seconds left.\n|\n|t:|1659858736\n|move|p2a: Agent \u00a5|Earth Power|p1a: Toxapex\n|-supereffective|p1a: Toxapex\n|-damage|p1a: Toxapex|0 fnt\n|faint|p1a: Toxapex\n|-damage|p2a: Agent \u00a5|81\/100|[from] item: Life Orb\n|\n|-weather|RainDance|[upkeep]\n|upkeep\n|inactive|LT92PF Highv0ltag3 has 120 seconds left.\n|\n|t:|1659858748\n|switch|p1a: Mew|Mew|100\/100\n|-damage|p1a: Mew|88\/100|[from] Spikes\n|turn|14\n|\n|t:|1659858753\n|move|p2a: Agent \u00a5|Weather Ball|p1a: Mew\n|-damage|p1a: Mew|0 fnt\n|faint|p1a: Mew\n|-damage|p2a: Agent \u00a5|71\/100|[from] item: Life Orb\n|\n|-weather|RainDance|[upkeep]\n|upkeep\n|\n|t:|1659858758\n|switch|p1a: Urshifu|Urshifu-Rapid-Strike, F|64\/100\n|-damage|p1a: Urshifu|51\/100|[from] Spikes\n|turn|15\n|c|\u2606Kanye is batman|Gg\n|\n|t:|1659858768\n|move|p1a: Urshifu|Aqua Jet|p2a: Agent \u00a5\n|-damage|p2a: Agent \u00a5|17\/100\n|move|p2a: Agent \u00a5|Weather Ball|p1a: Urshifu\n|-resisted|p1a: Urshifu\n|-damage|p1a: Urshifu|0 fnt\n|faint|p1a: Urshifu\n|-damage|p2a: Agent \u00a5|7\/100|[from] item: Life Orb\n|\n|-weather|RainDance|[upkeep]\n|upkeep\n|\n|t:|1659858775\n|switch|p1a: Corviknight|Corviknight, M|62\/100\n|-ability|p1a: Corviknight|Pressure\n|turn|16\n|\n|t:|1659858780\n|move|p2a: Agent \u00a5|Weather Ball|p1a: Corviknight\n|-damage|p1a: Corviknight|0 fnt\n|faint|p1a: Corviknight\n|-damage|p2a: Agent \u00a5|0 fnt|[from] item: Life Orb\n|faint|p2a: Agent \u00a5\n|\n|-weather|RainDance|[upkeep]\n|upkeep\n|c|\u2606LT92PF Highv0ltag3|Gg\n|-message|LT92PF Highv0ltag3 forfeited.\n|\n|win|Kanye is batman\n|raw|LT92PF Highv0ltag3's rating: 1929 &rarr; <strong>1896<\/strong><br \/>(-33 for losing)\n|raw|Kanye is batman's rating: 1662 &rarr; <strong>1695<\/strong><br \/>(+33 for winning)\n|l|\u2606LT92PF Highv0ltag3\n","uploadtime":1659858814,"views":23,"p1id":"lt92pfhighv0ltag3","p2id":"kanyeisbatman","formatid":"gen8ou","rating":1695,"private":0,"password":null}