{"id":"gen8ou-1694223269","p1":"Kwaga","p2":"noocake","format":"gen8ou","log":"|html|<div class=\"broadcast-blue\"><strong>[Gen 8] OU is currently suspecting Melmetal! For information on how to participate check out the <a href=\"https:\/\/www.smogon.com\/forums\/threads\/np-ss-ou-suspect-process-round-12-monster-mash.3709234\/\">suspect thread<\/a>.<\/strong><\/div>\n|j|\u2606Kwaga\n|j|\u2606noocake\n|t:|1666680457\n|gametype|singles\n|player|p1|Kwaga|brock-gen1rb|1694\n|player|p2|noocake|emmet|1688\n|teamsize|p1|6\n|teamsize|p2|6\n|gen|8\n|tier|[Gen 8] OU\n|rated|\n|rule|Sleep Clause Mod: Limit one foe put to sleep\n|rule|Species Clause: Limit one of each Pok\u00e9mon\n|rule|OHKO Clause: OHKO moves are banned\n|rule|Evasion Items Clause: Evasion items are banned\n|rule|Evasion Moves Clause: Evasion moves are banned\n|rule|Endless Battle Clause: Forcing endless battles is banned\n|rule|HP Percentage Mod: HP is shown in percentages\n|rule|Dynamax Clause: You cannot dynamax\n|clearpoke\n|poke|p1|Weavile, M|\n|poke|p1|Dragapult, M|\n|poke|p1|Volcanion|\n|poke|p1|Volcarona, F|\n|poke|p1|Garchomp, M|\n|poke|p1|Corviknight, M|\n|poke|p2|Kartana|\n|poke|p2|Heatran, F|\n|poke|p2|Landorus-Therian, M|\n|poke|p2|Slowbro, M|\n|poke|p2|Umbreon, M|\n|poke|p2|Tapu Koko|\n|teampreview\n|inactive|Battle timer is ON: inactive players will automatically lose when time's up. (requested by noocake)\n|inactive|Kwaga has 120 seconds left.\n|\n|t:|1666680488\n|start\n|switch|p1a: Garchomp|Garchomp, M|100\/100\n|switch|p2a: Heatran|Heatran, F|100\/100\n|turn|1\n|\n|t:|1666680492\n|switch|p2a: Landorus|Landorus-Therian, M|100\/100\n|-ability|p2a: Landorus|Intimidate|boost\n|-unboost|p1a: Garchomp|atk|1\n|move|p1a: Garchomp|Earthquake|p2a: Landorus\n|-immune|p2a: Landorus\n|\n|upkeep\n|turn|2\n|\n|t:|1666680496\n|move|p1a: Garchomp|Toxic|p2a: Landorus\n|-status|p2a: Landorus|tox\n|move|p2a: Landorus|Toxic|p1a: Garchomp\n|-status|p1a: Garchomp|tox\n|\n|-damage|p1a: Garchomp|94\/100 tox|[from] psn\n|-damage|p2a: Landorus|94\/100 tox|[from] psn\n|upkeep\n|turn|3\n|\n|t:|1666680498\n|move|p1a: Garchomp|Stealth Rock|p2a: Landorus\n|-sidestart|p2: noocake|move: Stealth Rock\n|move|p2a: Landorus|U-turn|p1a: Garchomp\n|-damage|p1a: Garchomp|75\/100 tox\n|-damage|p2a: Landorus|82\/100 tox|[from] ability: Rough Skin|[of] p1a: Garchomp\n|\n|t:|1666680500\n|switch|p2a: Umbreon|Umbreon, M|100\/100|[from]move: U-turn\n|-damage|p2a: Umbreon|88\/100|[from] Stealth Rock\n|\n|-heal|p1a: Garchomp|81\/100 tox|[from] item: Leftovers\n|-heal|p2a: Umbreon|94\/100|[from] item: Leftovers\n|-damage|p1a: Garchomp|69\/100 tox|[from] psn\n|upkeep\n|turn|4\n|inactive|Kwaga has 120 seconds left.\n|\n|t:|1666680533\n|switch|p1a: Volcarona|Volcarona, F|100\/100\n|move|p2a: Umbreon|Heal Bell|p2a: Umbreon\n|-activate|p2a: Umbreon|move: Heal Bell\n|-curestatus|p2: Landorus|tox|[msg]\n|\n|-heal|p2a: Umbreon|99\/100|[from] item: Leftovers\n|upkeep\n|turn|5\n|\n|t:|1666680540\n|switch|p2a: Heatran|Heatran, F|100\/100\n|-damage|p2a: Heatran|88\/100|[from] Stealth Rock\n|move|p1a: Volcarona|Quiver Dance|p1a: Volcarona\n|-boost|p1a: Volcarona|spa|1\n|-boost|p1a: Volcarona|spd|1\n|-boost|p1a: Volcarona|spe|1\n|\n|-heal|p2a: Heatran|94\/100|[from] item: Leftovers\n|upkeep\n|turn|6\n|\n|t:|1666680545\n|move|p1a: Volcarona|Safeguard|p1a: Volcarona\n|-sidestart|p1: Kwaga|Safeguard\n|move|p2a: Heatran|Toxic|p1a: Volcarona|[miss]\n|-miss|p2a: Heatran|p1a: Volcarona\n|\n|-heal|p2a: Heatran|100\/100|[from] item: Leftovers\n|upkeep\n|turn|7\n|\n|t:|1666680550\n|move|p1a: Volcarona|Quiver Dance|p1a: Volcarona\n|-boost|p1a: Volcarona|spa|1\n|-boost|p1a: Volcarona|spd|1\n|-boost|p1a: Volcarona|spe|1\n|move|p2a: Heatran|Lava Plume|p1a: Volcarona\n|-damage|p1a: Volcarona|85\/100\n|\n|upkeep\n|turn|8\n|\n|t:|1666680559\n|switch|p2a: Landorus|Landorus-Therian, M|82\/100\n|-damage|p2a: Landorus|70\/100|[from] Stealth Rock\n|-ability|p2a: Landorus|Intimidate|boost\n|-unboost|p1a: Volcarona|atk|1\n|move|p1a: Volcarona|Quiver Dance|p1a: Volcarona\n|-boost|p1a: Volcarona|spa|1\n|-boost|p1a: Volcarona|spd|1\n|-boost|p1a: Volcarona|spe|1\n|\n|-heal|p2a: Landorus|76\/100|[from] item: Leftovers\n|upkeep\n|turn|9\n|\n|t:|1666680566\n|move|p1a: Volcarona|Flamethrower|p2a: Landorus\n|-damage|p2a: Landorus|6\/100\n|move|p2a: Landorus|Earthquake|p1a: Volcarona\n|-damage|p1a: Volcarona|40\/100\n|\n|-heal|p2a: Landorus|12\/100|[from] item: Leftovers\n|upkeep\n|turn|10\n|\n|t:|1666680572\n|move|p1a: Volcarona|Flamethrower|p2a: Landorus\n|-damage|p2a: Landorus|0 fnt\n|faint|p2a: Landorus\n|\n|-sideend|p1: Kwaga|Safeguard\n|upkeep\n|\n|t:|1666680581\n|switch|p2a: Heatran|Heatran, F|100\/100\n|-damage|p2a: Heatran|88\/100|[from] Stealth Rock\n|turn|11\n|\n|t:|1666680584\n|move|p1a: Volcarona|Safeguard|p1a: Volcarona\n|-sidestart|p1: Kwaga|Safeguard\n|move|p2a: Heatran|Lava Plume|p1a: Volcarona\n|-damage|p1a: Volcarona|28\/100\n|\n|-heal|p2a: Heatran|94\/100|[from] item: Leftovers\n|upkeep\n|turn|12\n|\n|t:|1666680587\n|move|p1a: Volcarona|Roost|p1a: Volcarona\n|-heal|p1a: Volcarona|78\/100\n|-singleturn|p1a: Volcarona|move: Roost\n|move|p2a: Heatran|Lava Plume|p1a: Volcarona\n|-damage|p1a: Volcarona|66\/100\n|\n|-heal|p2a: Heatran|100\/100|[from] item: Leftovers\n|upkeep\n|turn|13\n|\n|t:|1666680590\n|move|p1a: Volcarona|Quiver Dance|p1a: Volcarona\n|-boost|p1a: Volcarona|spa|1\n|-boost|p1a: Volcarona|spd|1\n|-boost|p1a: Volcarona|spe|1\n|move|p2a: Heatran|Lava Plume|p1a: Volcarona\n|-damage|p1a: Volcarona|55\/100\n|\n|upkeep\n|turn|14\n|\n|t:|1666680592\n|move|p1a: Volcarona|Roost|p1a: Volcarona\n|-heal|p1a: Volcarona|100\/100\n|-singleturn|p1a: Volcarona|move: Roost\n|move|p2a: Heatran|Lava Plume|p1a: Volcarona\n|-damage|p1a: Volcarona|89\/100\n|\n|upkeep\n|turn|15\n|\n|t:|1666680595\n|move|p1a: Volcarona|Quiver Dance|p1a: Volcarona\n|-boost|p1a: Volcarona|spa|1\n|-boost|p1a: Volcarona|spd|1\n|-boost|p1a: Volcarona|spe|1\n|move|p2a: Heatran|Lava Plume|p1a: Volcarona\n|-damage|p1a: Volcarona|80\/100\n|\n|-sideend|p1: Kwaga|Safeguard\n|upkeep\n|turn|16\n|\n|t:|1666680602\n|move|p1a: Volcarona|Safeguard|p1a: Volcarona\n|-sidestart|p1: Kwaga|Safeguard\n|move|p2a: Heatran|Toxic|p1a: Volcarona\n|-activate|p1a: Volcarona|move: Safeguard\n|\n|upkeep\n|turn|17\n|\n|t:|1666680608\n|move|p1a: Volcarona|Quiver Dance|p1a: Volcarona\n|-boost|p1a: Volcarona|spa|1\n|-boost|p1a: Volcarona|spd|1\n|-boost|p1a: Volcarona|spe|1\n|move|p2a: Heatran|Stealth Rock|p1a: Volcarona\n|-sidestart|p1: Kwaga|move: Stealth Rock\n|\n|upkeep\n|turn|18\n|\n|t:|1666680614\n|move|p1a: Volcarona|Flamethrower|p2a: Heatran\n|-crit|p2a: Heatran\n|-damage|p2a: Heatran|0 fnt\n|faint|p2a: Heatran\n|\n|upkeep\n|-message|noocake forfeited.\n|\n|win|Kwaga\n|raw|Kwaga's rating: 1694 &rarr; <strong>1714<\/strong><br \/>(+20 for winning)\n|raw|noocake's rating: 1688 &rarr; <strong>1668<\/strong><br \/>(-20 for losing)\n|l|\u2606noocake\n","uploadtime":1666680621,"views":6,"p1id":"kwaga","p2id":"noocake","formatid":"gen8ou","rating":1668,"private":0,"password":null}