{"id":"gen8bdsprandombattle-1547670441","p1":"trahex","p2":"wolfwarrior","format":"gen8bdsprandombattle","log":"|j|\u2606trahex\n|j|\u2606wolfwarrior\n|inactive|Battle timer is ON: inactive players will automatically lose when time's up.\n|t:|1649283329\n|gametype|singles\n|player|p1|trahex|ariana|\n|player|p2|wolfwarrior|red|\n|teamsize|p1|6\n|teamsize|p2|6\n|gen|8\n|tier|[Gen 8 BDSP] Random Battle\n|rated|Tournament battle\n|rule|Species Clause: Limit one of each Pok\u00e9mon\n|rule|HP Percentage Mod: HP is shown in percentages\n|rule|Sleep Clause Mod: Limit one foe put to sleep\n|rule|Inverse Mod: Weaknesses become resistances, while resistances and immunities become weaknesses.\n|\n|t:|1649283329\n|start\n|switch|p1a: Luxray|Luxray, L88, F|284\/284\n|switch|p2a: Aerodactyl|Aerodactyl, L86, F|278\/278\n|-ability|p2a: Aerodactyl|Pressure\n|turn|1\n|inactive|wolfwarrior also wants the timer to be on.\n|j| dddas\n|j| clicerthetank\n|l| dddas\n|\n|t:|1649283352\n|switch|p1a: Arbok|Arbok, L88, M|249\/249\n|-ability|p1a: Arbok|Intimidate|boost\n|-unboost|p2a: Aerodactyl|atk|1\n|move|p2a: Aerodactyl|Stone Edge|p1a: Arbok\n|-damage|p1a: Arbok|152\/249\n|\n|upkeep\n|turn|2\n|\n|t:|1649283371\n|switch|p2a: Wigglytuff|Wigglytuff, L88, M|390\/390\n|-item|p1a: Arbok|Life Orb|[from] ability: Frisk|[of] p2a: Wigglytuff|[identify]\n|move|p1a: Arbok|Glare|p2a: Wigglytuff\n|-status|p2a: Wigglytuff|par\n|\n|upkeep\n|turn|3\n|\n|t:|1649283388\n|switch|p1a: Luxray|Luxray, L88, F|284\/284\n|move|p2a: Wigglytuff|Reflect|p2a: Wigglytuff\n|-sidestart|p2: wolfwarrior|Reflect\n|\n|-status|p1a: Luxray|brn|[from] item: Flame Orb\n|upkeep\n|turn|4\n|\n|t:|1649283399\n|switch|p2a: Octillery|Octillery, L88, M|275\/275\n|move|p1a: Luxray|Facade|p2a: Octillery\n|-damage|p2a: Octillery|163\/275\n|\n|-damage|p1a: Luxray|267\/284 brn|[from] brn\n|-ability|p2a: Octillery|Moody|boost\n|-boost|p2a: Octillery|spd|2\n|-unboost|p2a: Octillery|spe|1\n|upkeep\n|turn|5\n|\n|t:|1649283406\n|move|p1a: Luxray|Facade|p2a: Octillery\n|-damage|p2a: Octillery|60\/275\n|move|p2a: Octillery|Hydro Pump|p1a: Luxray\n|-crit|p1a: Luxray\n|-damage|p1a: Luxray|0 fnt\n|faint|p1a: Luxray\n|-damage|p2a: Octillery|33\/275|[from] item: Life Orb\n|\n|-ability|p2a: Octillery|Moody|boost\n|-boost|p2a: Octillery|spd|2\n|-unboost|p2a: Octillery|spe|1\n|upkeep\n|j| ness88\n|\n|t:|1649283422\n|switch|p1a: Crobat|Crobat, L82, M|274\/274\n|turn|6\n|\n|t:|1649283432\n|move|p1a: Crobat|Brave Bird|p2a: Octillery\n|-damage|p2a: Octillery|0 fnt\n|faint|p2a: Octillery\n|-damage|p1a: Crobat|263\/274|[from] Recoil\n|\n|-heal|p1a: Crobat|274\/274|[from] item: Black Sludge\n|upkeep\n|\n|t:|1649283439\n|switch|p2a: Wigglytuff|Wigglytuff, L88, M|390\/390 par\n|-item|p1a: Crobat|Black Sludge|[from] ability: Frisk|[of] p2a: Wigglytuff|[identify]\n|turn|7\n|\n|t:|1649283453\n|move|p1a: Crobat|U-turn|p2a: Wigglytuff\n|-supereffective|p2a: Wigglytuff\n|-damage|p2a: Wigglytuff|256\/390 par\n|\n|t:|1649283460\n|switch|p1a: Whiscash|Whiscash, L88, M|337\/337\n|move|p2a: Wigglytuff|Dazzling Gleam|p1a: Whiscash\n|-damage|p1a: Whiscash|237\/337\n|\n|upkeep\n|turn|8\n|inactive|wolfwarrior has 120 seconds left.\n|inactive|wolfwarrior has 90 seconds left.\n|inactive|wolfwarrior has 60 seconds left.\n|\n|t:|1649283564\n|switch|p2a: Ninetales|Ninetales, L88, M|271\/271\n|-weather|SunnyDay|[from] ability: Drought|[of] p2a: Ninetales\n|move|p1a: Whiscash|Earthquake|p2a: Ninetales\n|-resisted|p2a: Ninetales\n|-damage|p2a: Ninetales|237\/271\n|-damage|p1a: Whiscash|204\/337|[from] item: Life Orb\n|\n|-weather|SunnyDay|[upkeep]\n|-heal|p2a: Ninetales|253\/271|[from] item: Leftovers\n|upkeep\n|turn|9\n|inactive|trahex has 120 seconds left.\n|\n|t:|1649283586\n|switch|p1a: Crobat|Crobat, L82, M|274\/274\n|move|p2a: Ninetales|Fire Blast|p1a: Crobat\n|-damage|p1a: Crobat|91\/274\n|\n|-weather|SunnyDay|[upkeep]\n|-heal|p1a: Crobat|108\/274|[from] item: Black Sludge\n|-heal|p2a: Ninetales|269\/271|[from] item: Leftovers\n|upkeep\n|turn|10\n|inactive|wolfwarrior has 60 seconds left.\n|inactive|trahex has 120 seconds left.\n|\n|t:|1649283598\n|move|p1a: Crobat|Brave Bird|p2a: Ninetales\n|-damage|p2a: Ninetales|145\/271\n|-damage|p1a: Crobat|67\/274|[from] Recoil\n|move|p2a: Ninetales|Fire Blast|p1a: Crobat\n|-damage|p1a: Crobat|0 fnt\n|faint|p1a: Crobat\n|\n|-weather|SunnyDay|[upkeep]\n|-heal|p2a: Ninetales|161\/271|[from] item: Leftovers\n|-sideend|p2: wolfwarrior|Reflect\n|upkeep\n|n| oraoratest|clicerthetank\n|inactive|trahex has 120 seconds left.\n|\n|t:|1649283618\n|switch|p1a: Ninetales|Ninetales, L88, F|271\/271\n|turn|11\n|inactive|wolfwarrior has 60 seconds left.\n|\n|t:|1649283628\n|move|p1a: Ninetales|Hypnosis|p2a: Ninetales|[miss]\n|-miss|p1a: Ninetales|p2a: Ninetales\n|move|p2a: Ninetales|Fire Blast|p1a: Ninetales|[miss]\n|-miss|p2a: Ninetales|p1a: Ninetales\n|\n|-weather|SunnyDay|[upkeep]\n|-heal|p2a: Ninetales|177\/271|[from] item: Leftovers\n|upkeep\n|turn|12\n|inactive|wolfwarrior has 60 seconds left.\n|\n|t:|1649283647\n|switch|p2a: Wigglytuff|Wigglytuff, L88, M|256\/390 par\n|-item|p1a: Ninetales|Leftovers|[from] ability: Frisk|[of] p2a: Wigglytuff|[identify]\n|move|p1a: Ninetales|Fire Blast|p2a: Wigglytuff|[miss]\n|-miss|p1a: Ninetales|p2a: Wigglytuff\n|\n|-weather|none\n|upkeep\n|turn|13\n|l| ness88\n|\n|t:|1649283655\n|move|p1a: Ninetales|Nasty Plot|p1a: Ninetales\n|-boost|p1a: Ninetales|spa|2\n|move|p2a: Wigglytuff|Light Screen|p2a: Wigglytuff\n|-sidestart|p2: wolfwarrior|move: Light Screen\n|\n|upkeep\n|turn|14\n|\n|t:|1649283661\n|move|p1a: Ninetales|Nasty Plot|p1a: Ninetales\n|-boost|p1a: Ninetales|spa|2\n|move|p2a: Wigglytuff|Dazzling Gleam|p1a: Ninetales\n|-supereffective|p1a: Ninetales\n|-damage|p1a: Ninetales|119\/271\n|\n|-heal|p1a: Ninetales|135\/271|[from] item: Leftovers\n|upkeep\n|turn|15\n|inactive|trahex has 120 seconds left.\n|c|\u2606trahex|no luck for me\n|\n|t:|1649283674\n|move|p1a: Ninetales|Fire Blast|p2a: Wigglytuff\n|-damage|p2a: Wigglytuff|13\/390 par\n|cant|p2a: Wigglytuff|par\n|\n|-heal|p1a: Ninetales|151\/271|[from] item: Leftovers\n|upkeep\n|turn|16\n|inactive|trahex has 120 seconds left.\n|\n|t:|1649283680\n|move|p1a: Ninetales|Fire Blast|p2a: Wigglytuff\n|-damage|p2a: Wigglytuff|0 fnt\n|faint|p2a: Wigglytuff\n|\n|-heal|p1a: Ninetales|167\/271|[from] item: Leftovers\n|upkeep\n|\n|t:|1649283682\n|switch|p2a: Ninetales|Ninetales, L88, M|177\/271\n|-weather|SunnyDay|[from] ability: Drought|[of] p2a: Ninetales\n|turn|17\n|\n|t:|1649283686\n|move|p2a: Ninetales|Fire Blast|p1a: Ninetales\n|-supereffective|p1a: Ninetales\n|-damage|p1a: Ninetales|0 fnt\n|faint|p1a: Ninetales\n|\n|-weather|SunnyDay|[upkeep]\n|-heal|p2a: Ninetales|193\/271|[from] item: Leftovers\n|upkeep\n|\n|t:|1649283691\n|switch|p1a: Arbok|Arbok, L88, M|152\/249\n|-ability|p1a: Arbok|Intimidate|boost\n|-unboost|p2a: Ninetales|atk|1\n|turn|18\n|\n|t:|1649283698\n|move|p2a: Ninetales|Fire Blast|p1a: Arbok\n|-damage|p1a: Arbok|0 fnt\n|faint|p1a: Arbok\n|\n|-weather|SunnyDay|[upkeep]\n|-heal|p2a: Ninetales|209\/271|[from] item: Leftovers\n|upkeep\n|\n|t:|1649283700\n|switch|p1a: Linoone|Linoone, L85, F|270\/270\n|turn|19\n|\n|t:|1649283704\n|move|p2a: Ninetales|Fire Blast|p1a: Linoone\n|-damage|p1a: Linoone|47\/270\n|-enditem|p1a: Linoone|Figy Berry|[eat]\n|-heal|p1a: Linoone|136\/270|[from] item: Figy Berry\n|move|p1a: Linoone|Belly Drum|p1a: Linoone\n|-damage|p1a: Linoone|1\/270\n|-setboost|p1a: Linoone|atk|6|[from] move: Belly Drum\n|\n|-weather|SunnyDay|[upkeep]\n|-heal|p2a: Ninetales|225\/271|[from] item: Leftovers\n|upkeep\n|turn|20\n|\n|t:|1649283712\n|switch|p2a: Aggron|Aggron, L84, M|255\/255\n|move|p1a: Linoone|Extreme Speed|p2a: Aggron\n|-supereffective|p2a: Aggron\n|-damage|p2a: Aggron|0 fnt\n|faint|p2a: Aggron\n|\n|-weather|SunnyDay|[upkeep]\n|-sideend|p2: wolfwarrior|move: Light Screen\n|upkeep\n|inactive|wolfwarrior has 120 seconds left.\n|\n|t:|1649283722\n|switch|p2a: Aerodactyl|Aerodactyl, L86, F|278\/278\n|-ability|p2a: Aerodactyl|Pressure\n|turn|21\n|\n|t:|1649283725\n|move|p1a: Linoone|Extreme Speed|p2a: Aerodactyl\n|-supereffective|p2a: Aerodactyl\n|-damage|p2a: Aerodactyl|0 fnt\n|faint|p2a: Aerodactyl\n|\n|-weather|none\n|upkeep\n|\n|t:|1649283733\n|switch|p2a: Sableye|Sableye, L84, F|221\/221\n|turn|22\n|\n|t:|1649283737\n|move|p1a: Linoone|Extreme Speed|p2a: Sableye\n|-supereffective|p2a: Sableye\n|-damage|p2a: Sableye|0 fnt\n|faint|p2a: Sableye\n|\n|upkeep\n|\n|t:|1649283742\n|switch|p2a: Ninetales|Ninetales, L88, M|225\/271\n|-weather|SunnyDay|[from] ability: Drought|[of] p2a: Ninetales\n|turn|23\n|\n|t:|1649283745\n|move|p1a: Linoone|Extreme Speed|p2a: Ninetales\n|-damage|p2a: Ninetales|0 fnt\n|faint|p2a: Ninetales\n|\n|win|trahex\n|n|\u2606trahex|trahex\n|n|\u2606wolfwarrior|wolfwarrior\n|n| oraoratest|oraoratest\n","inputlog":">version 0162639e2be10fee1f1935f037788d778e37d0f7\n>start {\"formatid\":\"gen8bdsprandombattle@@@inverse mod\",\"seed\":[36132,1312,53090,3825],\"rated\":\"Tournament battle\"}\n>player p1 {\"name\":\"trahex\",\"avatar\":\"ariana\",\"rating\":0,\"seed\":[7345,14351,46841,30800]}\n>player p2 {\"name\":\"wolfwarrior\",\"avatar\":\"red\",\"rating\":0,\"seed\":[54508,64190,46040,16283]}\n>p1 switch 3\n>p2 move stoneedge\n>p1 move glare\n>p2 switch 2\n>p1 switch 3\n>p2 move reflect\n>p1 move facade\n>p2 switch 5\n>p1 move facade\n>p2 move hydropump\n>p1 switch 5\n>p1 move bravebird\n>p2 move energyball\n>p2 switch 5\n>p1 move uturn\n>p2 move dazzlinggleam\n>p1 switch 2\n>p1 move earthquake\n>p2 switch 4\n>p1 switch 2\n>p2 move fireblast\n>p1 move bravebird\n>p2 move fireblast\n>p1 switch 4\n>p1 move hypnosis\n>p2 move fireblast\n>p1 move fireblast\n>p2 switch 4\n>p1 move nastyplot\n>p2 move lightscreen\n>p1 move nastyplot\n>p2 move dazzlinggleam\n>chat \u2606trahex|no luck for me\n>p1 move fireblast\n>p2 move dazzlinggleam\n>p1 move fireblast\n>p2 move dazzlinggleam\n>p2 switch 4\n>p1 move fireblast\n>p2 move fireblast\n>p1 switch 3\n>p1 move glare\n>p2 move fireblast\n>p1 switch 6\n>p1 move bellydrum\n>p2 move fireblast\n>p1 move extremespeed\n>p2 switch 6\n>p2 switch 2\n>p1 move extremespeed\n>p2 move stealthrock\n>p2 switch 3\n>p1 move extremespeed\n>p2 move willowisp\n>p2 switch 6\n>p1 move extremespeed\n>p2 move fireblast","uploadtime":1649283746,"views":10,"p1id":"trahex","p2id":"wolfwarrior","formatid":"gen8bdsprandombattle","rating":0,"private":0,"password":null}