{"id":"gen8nationaldex-1560602517","p1":"cump6","p2":"Maki7\u262c","format":"gen8nationaldex","log":"|j|\u2606cump6\n|j|\u2606Maki7\u262c\n|t:|1650841732\n|gametype|singles\n|player|p1|cump6|102|1566\n|player|p2|Maki7\u262c|ash-kalos|1478\n|teamsize|p1|6\n|teamsize|p2|6\n|gen|8\n|tier|[Gen 8] National Dex\n|rated|\n|rule|HP Percentage Mod: HP is shown in percentages\n|rule|Endless Battle Clause: Forcing endless battles is banned\n|rule|OHKO Clause: OHKO moves are banned\n|rule|Evasion Moves Clause: Evasion moves are banned\n|rule|Species Clause: Limit one of each Pok\u00e9mon\n|rule|Dynamax Clause: You cannot dynamax\n|rule|Sleep Clause Mod: Limit one foe put to sleep\n|clearpoke\n|poke|p1|Corviknight, F|\n|poke|p1|Swampert, M|\n|poke|p1|Rillaboom, M|\n|poke|p1|Magnezone|\n|poke|p1|Latias, F|\n|poke|p1|Tapu Lele|\n|poke|p2|Charizard, M|\n|poke|p2|Diggersby, M|\n|poke|p2|Galvantula, F|\n|poke|p2|Greninja, M|\n|poke|p2|Excadrill, M|\n|poke|p2|Skarmory, F|\n|teampreview\n|inactive|Battle timer is ON: inactive players will automatically lose when time's up. (requested by Maki7\u262c)\n|\n|t:|1650841745\n|start\n|switch|p1a: Swampert|Swampert, M|100\/100\n|switch|p2a: Excadrill|Excadrill, M|100\/100\n|-ability|p2a: Excadrill|Mold Breaker\n|turn|1\n|\n|t:|1650841751\n|move|p2a: Excadrill|Toxic|p1a: Swampert\n|-status|p1a: Swampert|tox\n|move|p1a: Swampert|Flip Turn|p2a: Excadrill\n|-supereffective|p2a: Excadrill\n|-damage|p2a: Excadrill|33\/100\n|\n|t:|1650841758\n|switch|p1a: Rillaboom|Rillaboom, M|100\/100|[from]move: Flip Turn\n|-fieldstart|move: Grassy Terrain|[from] ability: Grassy Surge|[of] p1a: Rillaboom\n|\n|-heal|p2a: Excadrill|40\/100|[from] Grassy Terrain\n|upkeep\n|turn|2\n|\n|t:|1650841761\n|switch|p2a: Skarmory|Skarmory, F|100\/100\n|move|p1a: Rillaboom|U-turn|p2a: Skarmory\n|-resisted|p2a: Skarmory\n|-damage|p2a: Skarmory|95\/100\n|-damage|p1a: Rillaboom|84\/100|[from] item: Rocky Helmet|[of] p2a: Skarmory\n|\n|t:|1650841763\n|switch|p1a: Magnezone|Magnezone, shiny|100\/100|[from]move: U-turn\n|\n|upkeep\n|turn|3\n|\n|t:|1650841766\n|move|p1a: Magnezone|Thunderbolt|p2a: Skarmory\n|-supereffective|p2a: Skarmory\n|-damage|p2a: Skarmory|0 fnt\n|faint|p2a: Skarmory\n|\n|upkeep\n|\n|t:|1650841767\n|switch|p2a: Excadrill|Excadrill, M|40\/100\n|-ability|p2a: Excadrill|Mold Breaker\n|turn|4\n|\n|t:|1650841770\n|switch|p1a: Corviknight|Corviknight, F, shiny|100\/100\n|-ability|p1a: Corviknight|Pressure\n|move|p2a: Excadrill|Stealth Rock|p1a: Corviknight\n|-sidestart|p1: cump6|move: Stealth Rock\n|\n|-heal|p2a: Excadrill|46\/100|[from] Grassy Terrain\n|upkeep\n|turn|5\n|\n|t:|1650841776\n|move|p2a: Excadrill|Rapid Spin|p1a: Corviknight\n|-resisted|p1a: Corviknight\n|-damage|p1a: Corviknight|95\/100\n|-boost|p2a: Excadrill|spe|1\n|-damage|p2a: Excadrill|29\/100|[from] item: Rocky Helmet|[of] p1a: Corviknight\n|move|p1a: Corviknight|Defog|p2a: Excadrill\n|-unboost|p2a: Excadrill|evasion|1\n|-sideend|p1: cump6|Stealth Rock|[from] move: Defog|[of] p1a: Corviknight\n|-fieldend|move: Grassy Terrain\n|\n|upkeep\n|turn|6\n|\n|t:|1650841778\n|move|p2a: Excadrill|Stealth Rock|p1a: Corviknight\n|-sidestart|p1: cump6|move: Stealth Rock\n|move|p1a: Corviknight|U-turn|p2a: Excadrill\n|-resisted|p2a: Excadrill\n|-damage|p2a: Excadrill|19\/100\n|\n|t:|1650841782\n|switch|p1a: Rillaboom|Rillaboom, M|84\/100|[from]move: U-turn\n|-damage|p1a: Rillaboom|72\/100|[from] Stealth Rock\n|-fieldstart|move: Grassy Terrain|[from] ability: Grassy Surge|[of] p1a: Rillaboom\n|\n|-heal|p2a: Excadrill|25\/100|[from] Grassy Terrain\n|-heal|p1a: Rillaboom|78\/100|[from] Grassy Terrain\n|upkeep\n|turn|7\n|\n|t:|1650841785\n|move|p1a: Rillaboom|Grassy Glide|p2a: Excadrill\n|-damage|p2a: Excadrill|0 fnt\n|faint|p2a: Excadrill\n|\n|-heal|p1a: Rillaboom|84\/100|[from] Grassy Terrain\n|upkeep\n|\n|t:|1650841788\n|switch|p2a: Galvantula|Galvantula, F|100\/100\n|turn|8\n|\n|t:|1650841792\n|switch|p1a: Swampert|Swampert, M|100\/100 tox\n|-damage|p1a: Swampert|94\/100 tox|[from] Stealth Rock\n|move|p2a: Galvantula|Sticky Web|p1a: Swampert\n|-sidestart|p1: cump6|move: Sticky Web\n|\n|-heal|p1a: Swampert|100\/100 tox|[from] Grassy Terrain\n|-damage|p1a: Swampert|94\/100 tox|[from] psn\n|upkeep\n|turn|9\n|\n|t:|1650841795\n|move|p2a: Galvantula|Hidden Power|p1a: Swampert\n|-damage|p1a: Swampert|84\/100 tox\n|move|p1a: Swampert|High Horsepower|p2a: Galvantula\n|-damage|p2a: Galvantula|38\/100\n|\n|-heal|p2a: Galvantula|44\/100|[from] Grassy Terrain\n|-heal|p1a: Swampert|90\/100 tox|[from] Grassy Terrain\n|-heal|p1a: Swampert|96\/100 tox|[from] item: Leftovers\n|-damage|p1a: Swampert|84\/100 tox|[from] psn\n|upkeep\n|turn|10\n|\n|t:|1650841800\n|move|p2a: Galvantula|Hidden Power|p1a: Swampert\n|-damage|p1a: Swampert|72\/100 tox\n|move|p1a: Swampert|High Horsepower|p2a: Galvantula\n|-damage|p2a: Galvantula|0 fnt\n|faint|p2a: Galvantula\n|\n|-heal|p1a: Swampert|78\/100 tox|[from] Grassy Terrain\n|-heal|p1a: Swampert|85\/100 tox|[from] item: Leftovers\n|-damage|p1a: Swampert|66\/100 tox|[from] psn\n|-fieldend|move: Grassy Terrain\n|upkeep\n|\n|t:|1650841806\n|switch|p2a: Charizard|Charizard, M|100\/100\n|turn|11\n|\n|t:|1650841821\n|switch|p1a: Magnezone|Magnezone, shiny|100\/100\n|-damage|p1a: Magnezone|94\/100|[from] Stealth Rock\n|-activate|p1a: Magnezone|move: Sticky Web\n|-unboost|p1a: Magnezone|spe|1\n|detailschange|p2a: Charizard|Charizard-Mega-Y, M\n|-mega|p2a: Charizard|Charizard|Charizardite Y\n|-weather|SunnyDay|[from] ability: Drought|[of] p2a: Charizard\n|move|p2a: Charizard|Solar Beam||[still]\n|-prepare|p2a: Charizard|Solar Beam\n|-anim|p2a: Charizard|Solar Beam|p1a: Magnezone\n|-resisted|p1a: Magnezone\n|-damage|p1a: Magnezone|60\/100\n|\n|-weather|SunnyDay|[upkeep]\n|upkeep\n|turn|12\n|\n|t:|1650841824\n|move|p2a: Charizard|Weather Ball|p1a: Magnezone\n|-supereffective|p1a: Magnezone\n|-damage|p1a: Magnezone|0 fnt\n|faint|p1a: Magnezone\n|\n|-weather|SunnyDay|[upkeep]\n|upkeep\n|\n|t:|1650841826\n|switch|p1a: Latias|Latias, F|100\/100\n|-damage|p1a: Latias|88\/100|[from] Stealth Rock\n|turn|13\n|\n|t:|1650841832\n|switch|p2a: Chungus supreme|Diggersby, M|100\/100\n|detailschange|p1a: Latias|Latias-Mega, F\n|-mega|p1a: Latias|Latias|Latiasite\n|move|p1a: Latias|Calm Mind|p1a: Latias\n|-boost|p1a: Latias|spa|1\n|-boost|p1a: Latias|spd|1\n|\n|-weather|SunnyDay|[upkeep]\n|upkeep\n|turn|14\n|\n|t:|1650841837\n|move|p1a: Latias|Psyshock|p2a: Chungus supreme\n|-damage|p2a: Chungus supreme|23\/100\n|move|p2a: Chungus supreme|Ice Punch|p1a: Latias\n|-supereffective|p1a: Latias\n|-damage|p1a: Latias|24\/100\n|-damage|p2a: Chungus supreme|13\/100|[from] item: Life Orb\n|\n|-weather|SunnyDay|[upkeep]\n|upkeep\n|turn|15\n|\n|t:|1650841844\n|switch|p1a: Corviknight|Corviknight, F, shiny|95\/100\n|-damage|p1a: Corviknight|82\/100|[from] Stealth Rock\n|-ability|p1a: Corviknight|Pressure\n|move|p2a: Chungus supreme|Ice Punch|p1a: Corviknight\n|-damage|p1a: Corviknight|58\/100\n|-damage|p2a: Chungus supreme|0 fnt|[from] item: Rocky Helmet|[of] p1a: Corviknight\n|faint|p2a: Chungus supreme\n|\n|-weather|none\n|upkeep\n|\n|t:|1650841847\n|switch|p2a: Charizard|Charizard-Mega-Y, M|100\/100\n|-weather|SunnyDay|[from] ability: Drought|[of] p2a: Charizard\n|turn|16\n|\n|t:|1650841857\n|switch|p1a: Latias|Latias-Mega, F|24\/100\n|-damage|p1a: Latias|12\/100|[from] Stealth Rock\n|move|p2a: Charizard|Weather Ball|p1a: Latias\n|-resisted|p1a: Latias\n|-damage|p1a: Latias|0 fnt\n|faint|p1a: Latias\n|\n|-weather|SunnyDay|[upkeep]\n|upkeep\n|\n|t:|1650841871\n|switch|p1a: Tapu Lele|Tapu Lele, shiny|100\/100\n|-activate|p1a: Tapu Lele|move: Sticky Web\n|-unboost|p1a: Tapu Lele|spe|1\n|-damage|p1a: Tapu Lele|88\/100|[from] Stealth Rock\n|-fieldstart|move: Psychic Terrain|[from] ability: Psychic Surge|[of] p1a: Tapu Lele\n|turn|17\n|\n|t:|1650841880\n|move|p2a: Charizard|Weather Ball|p1a: Tapu Lele\n|-damage|p1a: Tapu Lele|0 fnt\n|faint|p1a: Tapu Lele\n|\n|-weather|SunnyDay|[upkeep]\n|upkeep\n|\n|t:|1650841885\n|switch|p1a: Corviknight|Corviknight, F, shiny|58\/100\n|-damage|p1a: Corviknight|45\/100|[from] Stealth Rock\n|-ability|p1a: Corviknight|Pressure\n|turn|18\n|\n|t:|1650841887\n|move|p2a: Charizard|Weather Ball|p1a: Corviknight\n|-supereffective|p1a: Corviknight\n|-damage|p1a: Corviknight|0 fnt\n|faint|p1a: Corviknight\n|\n|-weather|SunnyDay|[upkeep]\n|upkeep\n|-message|cump6 forfeited.\n|\n|win|Maki7\u262c\n|raw|cump6's rating: 1566 &rarr; <strong>1541<\/strong><br \/>(-25 for losing)\n|raw|Maki7\u262c's rating: 1478 &rarr; <strong>1503<\/strong><br \/>(+25 for winning)\n|l|\u2606cump6\n||Ladder isn't responding, score probably updated but might not have (Request timeout).\n|l|\u2606Maki7\u262c\n|j|\u2606Maki7\u262c\n|player|p2|Maki7\u262c|ash-kalos\n","uploadtime":1650842055,"views":6,"p1id":"cump6","p2id":"maki7","formatid":"gen8nationaldex","rating":1503,"private":0,"password":null}