{"id":"gen8ou-1603072613","p1":"L_Sunsteps\u6b65\u9633","p2":"Not Sarcasm","format":"gen8ou","log":"|j|\u2606L_Sunsteps\u6b65\u9633\n|j|\u2606Not Sarcasm\n|t:|1656052108\n|gametype|singles\n|player|p1|L_Sunsteps\u6b65\u9633|beauty|1553\n|player|p2|Not Sarcasm|102|1467\n|teamsize|p1|6\n|teamsize|p2|6\n|gen|8\n|tier|[Gen 8] OU\n|rated|\n|rule|Sleep Clause Mod: Limit one foe put to sleep\n|rule|Species Clause: Limit one of each Pok\u00e9mon\n|rule|OHKO Clause: OHKO moves are banned\n|rule|Evasion Moves Clause: Evasion moves are banned\n|rule|Endless Battle Clause: Forcing endless battles is banned\n|rule|HP Percentage Mod: HP is shown in percentages\n|rule|Dynamax Clause: You cannot dynamax\n|clearpoke\n|poke|p1|Hippowdon, M|\n|poke|p1|Excadrill, M|\n|poke|p1|Tyranitar, M|\n|poke|p1|Tapu Fini|\n|poke|p1|Amoonguss, M|\n|poke|p1|Zapdos|\n|poke|p2|Tapu Lele|\n|poke|p2|Dragapult, F|\n|poke|p2|Landorus-Therian, M|\n|poke|p2|Weavile, F|\n|poke|p2|Tapu Fini|\n|poke|p2|Heatran, M|\n|teampreview\n|inactive|Battle timer is ON: inactive players will automatically lose when time's up. (requested by Not Sarcasm)\n|\n|t:|1656052117\n|start\n|switch|p1a: Hippowdon|Hippowdon, M|100\/100\n|switch|p2a: Tapu Lele|Tapu Lele|100\/100\n|-fieldstart|move: Psychic Terrain|[from] ability: Psychic Surge|[of] p2a: Tapu Lele\n|-weather|Sandstorm|[from] ability: Sand Stream|[of] p1a: Hippowdon\n|turn|1\n|\n|t:|1656052136\n|move|p2a: Tapu Lele|Psychic|p1a: Hippowdon\n|-damage|p1a: Hippowdon|2\/100\n|move|p1a: Hippowdon|Stealth Rock|p2a: Tapu Lele\n|-sidestart|p2: Not Sarcasm|move: Stealth Rock\n|\n|-weather|Sandstorm|[upkeep]\n|-damage|p2a: Tapu Lele|94\/100|[from] Sandstorm\n|upkeep\n|turn|2\n|\n|t:|1656052143\n|switch|p2a: Landorus|Landorus-Therian, M|100\/100\n|-damage|p2a: Landorus|88\/100|[from] Stealth Rock\n|-ability|p2a: Landorus|Intimidate|boost\n|-unboost|p1a: Hippowdon|atk|1\n|switch|p1a: Tyranitar|Tyranitar, M|100\/100\n|\n|-weather|Sandstorm|[upkeep]\n|-heal|p2a: Landorus|94\/100|[from] item: Leftovers\n|upkeep\n|turn|3\n|\n|t:|1656052154\n|move|p1a: Tyranitar|Aqua Tail|p2a: Landorus\n|-supereffective|p2a: Landorus\n|-damage|p2a: Landorus|0 fnt\n|faint|p2a: Landorus\n|\n|-weather|Sandstorm|[upkeep]\n|upkeep\n|c|\u2606Not Sarcasm|lol\n|\n|t:|1656052170\n|switch|p2a: Weavile|Weavile, F|100\/100\n|-ability|p2a: Weavile|Pressure\n|turn|4\n|\n|t:|1656052179\n|switch|p1a: Tapu Fini|Tapu Fini|100\/100\n|-fieldstart|move: Misty Terrain|[from] ability: Misty Surge|[of] p1a: Tapu Fini\n|move|p2a: Weavile|Low Kick|p1a: Tapu Fini\n|-resisted|p1a: Tapu Fini\n|-damage|p1a: Tapu Fini|96\/100\n|\n|-weather|Sandstorm|[upkeep]\n|-damage|p2a: Weavile|94\/100|[from] Sandstorm\n|-damage|p1a: Tapu Fini|90\/100|[from] Sandstorm\n|-heal|p1a: Tapu Fini|96\/100|[from] item: Leftovers\n|upkeep\n|turn|5\n|\n|t:|1656052195\n|switch|p2a: Tapu Lele|Tapu Lele|94\/100\n|-damage|p2a: Tapu Lele|82\/100|[from] Stealth Rock\n|-fieldstart|move: Psychic Terrain|[from] ability: Psychic Surge|[of] p2a: Tapu Lele\n|move|p1a: Tapu Fini|Calm Mind|p1a: Tapu Fini\n|-boost|p1a: Tapu Fini|spa|1\n|-boost|p1a: Tapu Fini|spd|1\n|\n|-weather|Sandstorm|[upkeep]\n|-damage|p2a: Tapu Lele|76\/100|[from] Sandstorm\n|-damage|p1a: Tapu Fini|90\/100|[from] Sandstorm\n|-heal|p1a: Tapu Fini|96\/100|[from] item: Leftovers\n|upkeep\n|turn|6\n|\n|t:|1656052206\n|move|p2a: Tapu Lele|Psyshock|p1a: Tapu Fini\n|-damage|p1a: Tapu Fini|38\/100\n|move|p1a: Tapu Fini|Draining Kiss|p2a: Tapu Lele\n|-damage|p2a: Tapu Lele|50\/100\n|-heal|p1a: Tapu Fini|53\/100|[from] drain|[of] p2a: Tapu Lele\n|\n|-weather|Sandstorm|[upkeep]\n|-damage|p2a: Tapu Lele|44\/100|[from] Sandstorm\n|-damage|p1a: Tapu Fini|47\/100|[from] Sandstorm\n|-heal|p1a: Tapu Fini|53\/100|[from] item: Leftovers\n|upkeep\n|turn|7\n|\n|t:|1656052220\n|switch|p1a: Tyranitar|Tyranitar, M|100\/100\n|move|p2a: Tapu Lele|Psyshock|p1a: Tyranitar\n|-immune|p1a: Tyranitar\n|\n|-weather|Sandstorm|[upkeep]\n|-damage|p2a: Tapu Lele|38\/100|[from] Sandstorm\n|upkeep\n|turn|8\n|\n|t:|1656052237\n|switch|p2a: Heatran|Heatran, M|100\/100\n|-damage|p2a: Heatran|88\/100|[from] Stealth Rock\n|move|p1a: Tyranitar|Stone Edge|p2a: Heatran\n|-damage|p2a: Heatran|11\/100\n|\n|-weather|none\n|-heal|p2a: Heatran|17\/100|[from] item: Leftovers\n|upkeep\n|turn|9\n|\n|t:|1656052245\n|move|p1a: Tyranitar|Stone Edge|p2a: Heatran\n|-damage|p2a: Heatran|0 fnt\n|faint|p2a: Heatran\n|\n|-fieldend|move: Psychic Terrain\n|upkeep\n|\n|t:|1656052250\n|switch|p2a: Weavile|Weavile, F|94\/100\n|-ability|p2a: Weavile|Pressure\n|turn|10\n|\n|t:|1656052254\n|switch|p1a: Hippowdon|Hippowdon, M|2\/100\n|-weather|Sandstorm|[from] ability: Sand Stream|[of] p1a: Hippowdon\n|move|p2a: Weavile|Swords Dance|p2a: Weavile\n|-boost|p2a: Weavile|atk|2\n|\n|-weather|Sandstorm|[upkeep]\n|-damage|p2a: Weavile|88\/100|[from] Sandstorm\n|upkeep\n|turn|11\n|\n|t:|1656052263\n|move|p2a: Weavile|Knock Off|p1a: Hippowdon\n|-damage|p1a: Hippowdon|0 fnt\n|-enditem|p1a: Hippowdon|Smooth Rock|[from] move: Knock Off|[of] p2a: Weavile\n|faint|p1a: Hippowdon\n|\n|-weather|Sandstorm|[upkeep]\n|-damage|p2a: Weavile|82\/100|[from] Sandstorm\n|upkeep\n|\n|t:|1656052265\n|switch|p1a: Excadrill|Excadrill, M|100\/100\n|turn|12\n|\n|t:|1656052272\n|switch|p2a: Tapu Lele|Tapu Lele|38\/100\n|-damage|p2a: Tapu Lele|26\/100|[from] Stealth Rock\n|-fieldstart|move: Psychic Terrain|[from] ability: Psychic Surge|[of] p2a: Tapu Lele\n|move|p1a: Excadrill|Iron Head|p2a: Tapu Lele\n|-supereffective|p2a: Tapu Lele\n|-damage|p2a: Tapu Lele|0 fnt\n|faint|p2a: Tapu Lele\n|-damage|p1a: Excadrill|91\/100|[from] item: Life Orb\n|\n|-weather|Sandstorm|[upkeep]\n|upkeep\n|\n|t:|1656052282\n|switch|p2a: Tapu Fini|Tapu Fini|100\/100\n|-damage|p2a: Tapu Fini|88\/100|[from] Stealth Rock\n|-fieldstart|move: Misty Terrain|[from] ability: Misty Surge|[of] p2a: Tapu Fini\n|turn|13\n|\n|t:|1656052310\n|move|p1a: Excadrill|Iron Head|p2a: Tapu Fini\n|-damage|p2a: Tapu Fini|38\/100\n|-damage|p1a: Excadrill|81\/100|[from] item: Life Orb\n|move|p2a: Tapu Fini|Scald|p1a: Excadrill\n|-supereffective|p1a: Excadrill\n|-damage|p1a: Excadrill|2\/100\n|\n|-weather|Sandstorm|[upkeep]\n|-damage|p2a: Tapu Fini|32\/100|[from] Sandstorm\n|-heal|p2a: Tapu Fini|38\/100|[from] item: Leftovers\n|upkeep\n|turn|14\n|\n|t:|1656052320\n|move|p1a: Excadrill|Earthquake|p2a: Tapu Fini\n|-damage|p2a: Tapu Fini|0 fnt\n|faint|p2a: Tapu Fini\n|-damage|p1a: Excadrill|0 fnt|[from] item: Life Orb\n|faint|p1a: Excadrill\n|\n|-weather|Sandstorm|[upkeep]\n|upkeep\n|\n|t:|1656052334\n|switch|p1a: Tyranitar|Tyranitar, M|100\/100\n|switch|p2a: Dragapult|Dragapult, F|100\/100\n|-damage|p2a: Dragapult|88\/100|[from] Stealth Rock\n|turn|15\n|\n|t:|1656052342\n|move|p2a: Dragapult|Shadow Ball|p1a: Tyranitar\n|-resisted|p1a: Tyranitar\n|-damage|p1a: Tyranitar|82\/100\n|-unboost|p1a: Tyranitar|spd|1\n|move|p1a: Tyranitar|Stone Edge|p2a: Dragapult\n|-damage|p2a: Dragapult|0 fnt\n|faint|p2a: Dragapult\n|\n|-weather|Sandstorm|[upkeep]\n|upkeep\n|\n|t:|1656052350\n|switch|p2a: Weavile|Weavile, F|82\/100\n|-ability|p2a: Weavile|Pressure\n|turn|16\n|\n|t:|1656052354\n|move|p2a: Weavile|Swords Dance|p2a: Weavile\n|-boost|p2a: Weavile|atk|2\n|move|p1a: Tyranitar|Stone Edge|p2a: Weavile|[miss]\n|-miss|p1a: Tyranitar|p2a: Weavile\n|\n|-weather|Sandstorm|[upkeep]\n|-damage|p2a: Weavile|76\/100|[from] Sandstorm\n|upkeep\n|turn|17\n|\n|t:|1656052362\n|switch|p1a: Zapdos|Zapdos|100\/100\n|move|p2a: Weavile|Low Kick|p1a: Zapdos\n|-resisted|p1a: Zapdos\n|-damage|p1a: Zapdos|80\/100\n|\n|-weather|none\n|-fieldend|Misty Terrain\n|upkeep\n|turn|18\n|\n|t:|1656052370\n|move|p2a: Weavile|Triple Axel|p1a: Zapdos\n|-supereffective|p1a: Zapdos\n|-damage|p1a: Zapdos|50\/100\n|-supereffective|p1a: Zapdos\n|-damage|p1a: Zapdos|0 fnt\n|faint|p1a: Zapdos\n|-hitcount|p1: Zapdos|2\n|\n|upkeep\n|\n|t:|1656052373\n|switch|p1a: Tapu Fini|Tapu Fini|53\/100\n|-fieldstart|move: Misty Terrain|[from] ability: Misty Surge|[of] p1a: Tapu Fini\n|turn|19\n|\n|t:|1656052379\n|move|p2a: Weavile|Triple Axel|p1a: Tapu Fini\n|-resisted|p1a: Tapu Fini\n|-damage|p1a: Tapu Fini|47\/100\n|-hitcount|p1a: Tapu Fini|1\n|move|p1a: Tapu Fini|Draining Kiss|p2a: Weavile\n|-supereffective|p2a: Weavile\n|-crit|p2a: Weavile\n|-damage|p2a: Weavile|8\/100\n|-heal|p1a: Tapu Fini|89\/100|[from] drain|[of] p2a: Weavile\n|\n|-heal|p1a: Tapu Fini|95\/100|[from] item: Leftovers\n|upkeep\n|turn|20\n|c|\u2606Not Sarcasm|wtf\n|c|\u2606Not Sarcasm|....\n|\n|t:|1656052394\n|move|p2a: Weavile|Triple Axel|p1a: Tapu Fini\n|-resisted|p1a: Tapu Fini\n|-damage|p1a: Tapu Fini|88\/100\n|-resisted|p1a: Tapu Fini\n|-damage|p1a: Tapu Fini|75\/100\n|-resisted|p1a: Tapu Fini\n|-damage|p1a: Tapu Fini|56\/100\n|-hitcount|p1a: Tapu Fini|3\n|move|p1a: Tapu Fini|Draining Kiss|p2a: Weavile\n|-supereffective|p2a: Weavile\n|-damage|p2a: Weavile|0 fnt\n|-heal|p1a: Tapu Fini|61\/100|[from] drain|[of] p2a: Weavile\n|faint|p2a: Weavile\n|\n|win|L_Sunsteps\u6b65\u9633\n|raw|L_Sunsteps\u6b65\u9633's rating: 1553 &rarr; <strong>1569<\/strong><br \/>(+16 for winning)\n|raw|Not Sarcasm's rating: 1487 &rarr; <strong>1471<\/strong><br \/>(-16 for losing)\n|l|\u2606Not Sarcasm\n","uploadtime":1656052474,"views":8,"p1id":"lsunsteps","p2id":"notsarcasm","formatid":"gen8ou","rating":1471,"private":0,"password":null}