{"id":"gen8nationaldex-1620776147","p1":"Domme_cynthia","p2":"Hikari-miyako","format":"gen8nationaldex","log":"|j|\u2606Domme_cynthia\n|j|\u2606Hikari-miyako\n|t:|1658253870\n|gametype|singles\n|player|p1|Domme_cynthia|cynthia-gen4|1696\n|player|p2|Hikari-miyako|ariana|1632\n|teamsize|p1|6\n|teamsize|p2|6\n|gen|8\n|tier|[Gen 8] National Dex\n|rated|\n|rule|HP Percentage Mod: HP is shown in percentages\n|rule|Endless Battle Clause: Forcing endless battles is banned\n|rule|OHKO Clause: OHKO moves are banned\n|rule|Evasion Moves Clause: Evasion moves are banned\n|rule|Species Clause: Limit one of each Pok\u00e9mon\n|rule|Dynamax Clause: You cannot dynamax\n|rule|Sleep Clause Mod: Limit one foe put to sleep\n|clearpoke\n|poke|p1|Blacephalon|\n|poke|p1|Garchomp, F|\n|poke|p1|Ferrothorn, F|\n|poke|p1|Gyarados, F|\n|poke|p1|Pyukumuku, M|\n|poke|p1|Hatterene, F|\n|poke|p2|Aegislash, M|\n|poke|p2|Diancie|\n|poke|p2|Thundurus, M|\n|poke|p2|Bisharp, F|\n|poke|p2|Serperior, F|\n|poke|p2|Greninja, M|\n|teampreview\n|inactive|Battle timer is ON: inactive players will automatically lose when time's up. (requested by Domme_cynthia)\n|inactive|Domme_cynthia has 120 seconds left.\n|\n|t:|1658253903\n|start\n|switch|p1a: Gyarados|Gyarados, F|100\/100\n|switch|p2a: Bisharp|Bisharp, F|100\/100\n|-ability|p1a: Gyarados|Intimidate|boost\n|-unboost|p2a: Bisharp|atk|1\n|-ability|p2a: Bisharp|Defiant\n|-boost|p2a: Bisharp|atk|2\n|turn|1\n|\n|t:|1658253911\n|detailschange|p1a: Gyarados|Gyarados-Mega, F\n|-mega|p1a: Gyarados|Gyarados|Gyaradosite\n|-ability|p1a: Gyarados|Mold Breaker\n|move|p1a: Gyarados|Dragon Dance|p1a: Gyarados\n|-boost|p1a: Gyarados|atk|1\n|-boost|p1a: Gyarados|spe|1\n|move|p2a: Bisharp|Stealth Rock|p1a: Gyarados\n|-sidestart|p1: Domme_cynthia|move: Stealth Rock\n|\n|upkeep\n|turn|2\n|\n|t:|1658253914\n|move|p1a: Gyarados|Earthquake|p2a: Bisharp\n|-supereffective|p2a: Bisharp\n|-enditem|p2a: Bisharp|Focus Sash\n|-damage|p2a: Bisharp|1\/100\n|move|p2a: Bisharp|Iron Head|p1a: Gyarados\n|-resisted|p1a: Gyarados\n|-damage|p1a: Gyarados|70\/100\n|\n|upkeep\n|turn|3\n|inactive|Hikari-miyako has 120 seconds left.\n|\n|t:|1658253951\n|move|p1a: Gyarados|Dragon Dance|p1a: Gyarados\n|-boost|p1a: Gyarados|atk|1\n|-boost|p1a: Gyarados|spe|1\n|move|p2a: Bisharp|Iron Head|p1a: Gyarados\n|-resisted|p1a: Gyarados\n|-damage|p1a: Gyarados|36\/100\n|\n|upkeep\n|turn|4\n|\n|t:|1658253956\n|move|p2a: Bisharp|Sucker Punch|p1a: Gyarados\n|-resisted|p1a: Gyarados\n|-damage|p1a: Gyarados|6\/100\n|move|p1a: Gyarados|Earthquake|p2a: Bisharp\n|-supereffective|p2a: Bisharp\n|-damage|p2a: Bisharp|0 fnt\n|faint|p2a: Bisharp\n|\n|upkeep\n|\n|t:|1658253958\n|switch|p2a: Greninja|Greninja, M|100\/100\n|turn|5\n|\n|t:|1658253960\n|move|p2a: Greninja|Water Shuriken|p1a: Gyarados\n|-resisted|p1a: Gyarados\n|-crit|p1a: Gyarados\n|-damage|p1a: Gyarados|0 fnt\n|faint|p1a: Gyarados\n|-activate|p2a: Greninja|ability: Battle Bond\n|detailschange|p2a: Greninja|Greninja-Ash, M\n|-hitcount|p1: Gyarados|1\n|-damage|p2a: Greninja|91\/100|[from] item: Life Orb\n|\n|upkeep\n|\n|t:|1658253963\n|switch|p1a: Ferrothorn|Ferrothorn, F|100\/100\n|-damage|p1a: Ferrothorn|95\/100|[from] Stealth Rock\n|turn|6\n|\n|t:|1658253965\n|switch|p2a: Diancie|Diancie|100\/100\n|move|p1a: Ferrothorn|Power Whip|p2a: Diancie\n|-supereffective|p2a: Diancie\n|-damage|p2a: Diancie|0 fnt\n|faint|p2a: Diancie\n|\n|upkeep\n|\n|t:|1658253968\n|switch|p2a: Aegislash|Aegislash, M|100\/100\n|turn|7\n|\n|t:|1658253971\n|-formechange|p2a: Aegislash|Aegislash-Blade||[from] ability: Stance Change\n|move|p2a: Aegislash|Shadow Ball|p1a: Ferrothorn\n|-damage|p1a: Ferrothorn|52\/100\n|-unboost|p1a: Ferrothorn|spd|1\n|move|p1a: Ferrothorn|Thunder Wave|p2a: Aegislash\n|-status|p2a: Aegislash|par\n|\n|upkeep\n|turn|8\n|\n|t:|1658253975\n|move|p2a: Aegislash|Shadow Ball|p1a: Ferrothorn\n|-damage|p1a: Ferrothorn|0 fnt\n|faint|p1a: Ferrothorn\n|\n|upkeep\n|\n|t:|1658253986\n|switch|p1a: Hatterene|Hatterene, F|100\/100\n|-damage|p1a: Hatterene|88\/100|[from] Stealth Rock\n|turn|9\n|\n|t:|1658253988\n|cant|p2a: Aegislash|par\n|move|p1a: Hatterene|Mystical Fire|p2a: Aegislash\n|-supereffective|p2a: Aegislash\n|-damage|p2a: Aegislash|0 fnt\n|faint|p2a: Aegislash\n|\n|upkeep\n|\n|t:|1658253993\n|switch|p2a: Thundurus|Thundurus, M|100\/100\n|turn|10\n|\n|t:|1658253998\n|move|p2a: Thundurus|Thunderbolt|p1a: Hatterene\n|-damage|p1a: Hatterene|26\/100\n|-enditem|p1a: Hatterene|Sitrus Berry|[eat]\n|-heal|p1a: Hatterene|50\/100|[from] item: Sitrus Berry\n|-damage|p2a: Thundurus|91\/100|[from] item: Life Orb\n|move|p1a: Hatterene|Mystical Fire|p2a: Thundurus\n|-damage|p2a: Thundurus|50\/100\n|-unboost|p2a: Thundurus|spa|1\n|\n|upkeep\n|turn|11\n|\n|t:|1658254006\n|move|p2a: Thundurus|Thunderbolt|p1a: Hatterene\n|-damage|p1a: Hatterene|9\/100\n|-damage|p2a: Thundurus|40\/100|[from] item: Life Orb\n|move|p1a: Hatterene|Draining Kiss|p2a: Thundurus\n|-damage|p2a: Thundurus|2\/100\n|-heal|p1a: Hatterene|36\/100|[from] drain|[of] p2a: Thundurus\n|\n|upkeep\n|turn|12\n|\n|t:|1658254010\n|switch|p2a: Serperior|Serperior, F|100\/100\n|move|p1a: Hatterene|Draining Kiss|p2a: Serperior\n|-crit|p2a: Serperior\n|-damage|p2a: Serperior|45\/100\n|-heal|p1a: Hatterene|74\/100|[from] drain|[of] p2a: Serperior\n|\n|upkeep\n|turn|13\n|\n|t:|1658254013\n|move|p2a: Serperior|Leaf Storm|p1a: Hatterene\n|-damage|p1a: Hatterene|22\/100\n|-boost|p2a: Serperior|spa|2\n|move|p1a: Hatterene|Mystical Fire|p2a: Serperior\n|-supereffective|p2a: Serperior\n|-damage|p2a: Serperior|0 fnt\n|faint|p2a: Serperior\n|\n|upkeep\n|\n|t:|1658254020\n|switch|p2a: Greninja|Greninja-Ash, M|91\/100\n|turn|14\n|\n|t:|1658254022\n|move|p2a: Greninja|Dark Pulse|p1a: Hatterene\n|-damage|p1a: Hatterene|0 fnt\n|faint|p1a: Hatterene\n|-damage|p2a: Greninja|81\/100|[from] item: Life Orb\n|\n|upkeep\n|\n|t:|1658254024\n|switch|p1a: Garchomp|Garchomp, F|100\/100\n|-damage|p1a: Garchomp|94\/100|[from] Stealth Rock\n|turn|15\n|\n|t:|1658254032\n|move|p2a: Greninja|Hydro Pump|p1a: Garchomp|[miss]\n|-miss|p2a: Greninja|p1a: Garchomp\n|move|p1a: Garchomp|Outrage|p2a: Greninja\n|-crit|p2a: Greninja\n|-damage|p2a: Greninja|0 fnt\n|faint|p2a: Greninja\n|\n|upkeep\n|-message|Hikari-miyako forfeited.\n|\n|win|Domme_cynthia\n|raw|Domme_cynthia's rating: 1696 &rarr; <strong>1711<\/strong><br \/>(+15 for winning)\n|raw|Hikari-miyako's rating: 1613 &rarr; <strong>1598<\/strong><br \/>(-15 for losing)\n|l|\u2606Hikari-miyako\n||Ladder isn't responding, score probably updated but might not have (Request timeout).\n","uploadtime":1658254048,"views":75,"p1id":"dommecynthia","p2id":"hikarimiyako","formatid":"gen8nationaldex","rating":1598,"private":0,"password":null}