{"id":"gen8ou-1136057454","p1":"cold.exe","p2":"hikari-miyako","format":"gen8ou","log":"|j|\u2606cold.exe\n|j|\u2606hikari-miyako\n|player|p1|cold.exe|red|1572\n|player|p2|hikari-miyako|ariana|1553\n|teamsize|p1|6\n|teamsize|p2|6\n|gametype|singles\n|gen|8\n|tier|[Gen 8] OU\n|rated|\n|clearpoke\n|poke|p1|Bisharp, M|\n|poke|p1|Cinderace, M|\n|poke|p1|Zeraora|\n|poke|p1|Diggersby, F|\n|poke|p1|Toxapex, M|\n|poke|p1|Urshifu, F|\n|poke|p2|Skarmory, F|\n|poke|p2|Alakazam, M|\n|poke|p2|Urshifu, F|\n|poke|p2|Dragapult, M|\n|poke|p2|Magearna|\n|poke|p2|Grimmsnarl, M|\n|rule|Sleep Clause Mod: Limit one foe put to sleep\n|rule|Species Clause: Limit one of each Pok\u00e9mon\n|rule|OHKO Clause: OHKO moves are banned\n|rule|Evasion Moves Clause: Evasion moves are banned\n|rule|Endless Battle Clause: Forcing endless battles is banned\n|rule|HP Percentage Mod: HP is shown in percentages\n|rule|Dynamax Clause: You cannot dynamax\n|teampreview\n|\n|start\n|switch|p1a: Toxapex|Toxapex, M|100\/100\n|switch|p2a: Skarmory|Skarmory, F|100\/100\n|turn|1\n|inactive|Battle timer is ON: inactive players will automatically lose when time's up. (requested by hikari-miyako)\n|\n|move|p2a: Skarmory|Stealth Rock|p1a: Toxapex\n|-sidestart|p1: cold.exe|move: Stealth Rock\n|move|p1a: Toxapex|Knock Off|p2a: Skarmory\n|-damage|p2a: Skarmory|92\/100\n|-damage|p1a: Toxapex|84\/100|[from] item: Rocky Helmet|[of] p2a: Skarmory\n|-enditem|p2a: Skarmory|Rocky Helmet|[from] move: Knock Off|[of] p1a: Toxapex\n|\n|-heal|p1a: Toxapex|90\/100|[from] item: Black Sludge\n|upkeep\n|turn|2\n|\n|switch|p2a: Magearna|Magearna|100\/100\n|move|p1a: Toxapex|Scald|p2a: Magearna\n|-damage|p2a: Magearna|87\/100\n|-status|p2a: Magearna|brn\n|\n|-heal|p1a: Toxapex|97\/100|[from] item: Black Sludge\n|-damage|p2a: Magearna|81\/100 brn|[from] brn\n|upkeep\n|turn|3\n|\n|move|p2a: Magearna|Fleur Cannon|p1a: Toxapex\n|-resisted|p1a: Toxapex\n|-damage|p1a: Toxapex|51\/100\n|-unboost|p2a: Magearna|spa|2\n|move|p1a: Toxapex|Knock Off|p2a: Magearna\n|-resisted|p2a: Magearna\n|-damage|p2a: Magearna|74\/100 brn\n|-enditem|p2a: Magearna|Choice Specs|[from] move: Knock Off|[of] p1a: Toxapex\n|\n|-heal|p1a: Toxapex|57\/100|[from] item: Black Sludge\n|-damage|p2a: Magearna|68\/100 brn|[from] brn\n|upkeep\n|turn|4\n|\n|move|p2a: Magearna|Volt Switch|p1a: Toxapex\n|-supereffective|p1a: Toxapex\n|-damage|p1a: Toxapex|36\/100\n|\n|switch|p2a: Grimmsnarl|Grimmsnarl, M|100\/100|[from]move: Volt Switch\n|move|p1a: Toxapex|Recover|p1a: Toxapex\n|-heal|p1a: Toxapex|86\/100\n|\n|-heal|p1a: Toxapex|92\/100|[from] item: Black Sludge\n|upkeep\n|turn|5\n|\n|move|p2a: Grimmsnarl|Light Screen|p2a: Grimmsnarl\n|-sidestart|p2: hikari-miyako|move: Light Screen\n|move|p1a: Toxapex|Knock Off|p2a: Grimmsnarl\n|-resisted|p2a: Grimmsnarl\n|-damage|p2a: Grimmsnarl|95\/100\n|-enditem|p2a: Grimmsnarl|Light Clay|[from] move: Knock Off|[of] p1a: Toxapex\n|\n|-heal|p1a: Toxapex|99\/100|[from] item: Black Sludge\n|upkeep\n|turn|6\n|\n|switch|p1a: Cinderace|Cinderace, M|100\/100\n|move|p2a: Grimmsnarl|Reflect|p2a: Grimmsnarl\n|-sidestart|p2: hikari-miyako|Reflect\n|\n|upkeep\n|turn|7\n|\n|move|p1a: Cinderace|Sucker Punch||[still]\n|-start|p1a: Cinderace|typechange|Dark|[from] ability: Libero\n|-fail|p1a: Cinderace\n|move|p2a: Grimmsnarl|Thunder Wave|p1a: Cinderace\n|-hint|Since gen 7, Dark is immune to Prankster moves.\n|-immune|p1a: Cinderace\n|\n|upkeep\n|turn|8\n|\n|move|p1a: Cinderace|Court Change|p1a: Cinderace\n|-start|p1a: Cinderace|typechange|Normal|[from] ability: Libero\n|-sideend|p2: hikari-miyako|Light Screen|[silent]\n|-sidestart|p1: cold.exe|Light Screen|[silent]\n|-sideend|p2: hikari-miyako|Reflect|[silent]\n|-sidestart|p1: cold.exe|Reflect|[silent]\n|-sideend|p1: cold.exe|Stealth Rock|[silent]\n|-sidestart|p2: hikari-miyako|Stealth Rock|[silent]\n|-activate|p1a: Cinderace|move: Court Change\n|move|p2a: Grimmsnarl|Foul Play|p1a: Cinderace\n|-damage|p1a: Cinderace|62\/100\n|\n|upkeep\n|turn|9\n|\n|switch|p1a: Toxapex|Toxapex, M|100\/100\n|move|p2a: Grimmsnarl|Reflect|p2a: Grimmsnarl\n|-sidestart|p2: hikari-miyako|Reflect\n|\n|upkeep\n|turn|10\n|\n|move|p2a: Grimmsnarl|Light Screen|p2a: Grimmsnarl\n|-sidestart|p2: hikari-miyako|move: Light Screen\n|move|p1a: Toxapex|Scald|p2a: Grimmsnarl\n|-damage|p2a: Grimmsnarl|89\/100\n|\n|-sideend|p1: cold.exe|Reflect\n|upkeep\n|turn|11\n|\n|switch|p2a: Magearna|Magearna|68\/100 brn\n|-damage|p2a: Magearna|62\/100 brn|[from] Stealth Rock\n|move|p1a: Toxapex|Scald|p2a: Magearna\n|-damage|p2a: Magearna|55\/100 brn\n|\n|-damage|p2a: Magearna|49\/100 brn|[from] brn\n|upkeep\n|turn|12\n|\n|move|p2a: Magearna|Volt Switch|p1a: Toxapex\n|-supereffective|p1a: Toxapex\n|-damage|p1a: Toxapex|77\/100\n|\n|switch|p2a: Skarmory|Skarmory, F|92\/100|[from]move: Volt Switch\n|-damage|p2a: Skarmory|80\/100|[from] Stealth Rock\n|move|p1a: Toxapex|Scald|p2a: Skarmory\n|-damage|p2a: Skarmory|68\/100\n|-status|p2a: Skarmory|brn\n|\n|-heal|p1a: Toxapex|84\/100|[from] item: Black Sludge\n|-damage|p2a: Skarmory|62\/100 brn|[from] brn\n|-sideend|p1: cold.exe|move: Light Screen\n|upkeep\n|turn|13\n|\n|switch|p1a: Zeraora|Zeraora|100\/100\n|move|p2a: Skarmory|Defog|p1a: Zeraora\n|-unboost|p1a: Zeraora|evasion|1\n|-sideend|p2: hikari-miyako|Stealth Rock|[from] move: Defog|[of] p2a: Skarmory\n|\n|-damage|p2a: Skarmory|56\/100 brn|[from] brn\n|-sideend|p2: hikari-miyako|Reflect\n|upkeep\n|turn|14\n|\n|move|p1a: Zeraora|Plasma Fists|p2a: Skarmory\n|-supereffective|p2a: Skarmory\n|-damage|p2a: Skarmory|0 fnt\n|-fieldactivate|move: Ion Deluge\n|faint|p2a: Skarmory\n|\n|-sideend|p2: hikari-miyako|move: Light Screen\n|upkeep\n|\n|switch|p2a: Urshifu|Urshifu, F|100\/100\n|turn|15\n|\n|switch|p1a: Urshifu|Urshifu, F|100\/100\n|move|p2a: Urshifu|Wicked Blow|p1a: Urshifu\n|-resisted|p1a: Urshifu\n|-crit|p1a: Urshifu\n|-damage|p1a: Urshifu|84\/100\n|\n|upkeep\n|turn|16\n|\n|switch|p2a: Grimmsnarl|Grimmsnarl, M|89\/100\n|move|p1a: Urshifu|Close Combat|p2a: Grimmsnarl\n|-damage|p2a: Grimmsnarl|0 fnt\n|-unboost|p1a: Urshifu|def|1\n|-unboost|p1a: Urshifu|spd|1\n|faint|p2a: Grimmsnarl\n|\n|upkeep\n|\n|switch|p2a: Dragapult|Dragapult, M|100\/100\n|turn|17\n|\n|switch|p1a: Bisharp|Bisharp, M|100\/100\n|move|p2a: Dragapult|Dragon Darts|p1a: Bisharp\n|-resisted|p1a: Bisharp\n|-damage|p1a: Bisharp|82\/100\n|-anim|p2a: Dragapult|Dragon Darts|p1a: Bisharp\n|-resisted|p1a: Bisharp\n|-damage|p1a: Bisharp|62\/100\n|-damage|p2a: Dragapult|91\/100|[from] item: Life Orb\n|\n|upkeep\n|turn|18\n|\n|move|p2a: Dragapult|Sucker Punch|p1a: Bisharp\n|-resisted|p1a: Bisharp\n|-damage|p1a: Bisharp|44\/100\n|-damage|p2a: Dragapult|81\/100|[from] item: Life Orb\n|move|p1a: Bisharp|Knock Off|p2a: Dragapult\n|-supereffective|p2a: Dragapult\n|-damage|p2a: Dragapult|0 fnt\n|-enditem|p2a: Dragapult|Life Orb|[from] move: Knock Off|[of] p1a: Bisharp\n|-damage|p1a: Bisharp|34\/100|[from] item: Life Orb\n|faint|p2a: Dragapult\n|\n|upkeep\n|\n|switch|p2a: Urshifu|Urshifu, F|100\/100\n|turn|19\n|\n|move|p2a: Urshifu|U-turn|p1a: Bisharp\n|-damage|p1a: Bisharp|0 fnt\n|faint|p1a: Bisharp\n|\n|switch|p2a: Magearna|Magearna|49\/100 brn|[from]move: U-turn\n|\n|-damage|p2a: Magearna|43\/100 brn|[from] brn\n|upkeep\n|\n|switch|p1a: Diggersby|Diggersby, F|100\/100\n|turn|20\n|\n|move|p1a: Diggersby|Earthquake|p2a: Magearna\n|-supereffective|p2a: Magearna\n|-damage|p2a: Magearna|0 fnt\n|-damage|p1a: Diggersby|91\/100|[from] item: Life Orb\n|faint|p2a: Magearna\n|\n|upkeep\n|\n|switch|p2a: Urshifu|Urshifu, F|100\/100\n|turn|21\n|\n|switch|p1a: Toxapex|Toxapex, M|100\/100\n|move|p2a: Urshifu|Wicked Blow|p1a: Toxapex\n|-crit|p1a: Toxapex\n|-damage|p1a: Toxapex|61\/100\n|\n|-heal|p1a: Toxapex|67\/100|[from] item: Black Sludge\n|upkeep\n|turn|22\n|-message|hikari-miyako forfeited.\n|\n|win|cold.exe\n|l|\u2606hikari-miyako\n|raw|cold.exe's rating: 1572 &rarr; <strong>1591<\/strong><br \/>(+19 for winning)\n|raw|hikari-miyako's rating: 1553 &rarr; <strong>1534<\/strong><br \/>(-19 for losing)\n","uploadtime":1592656344,"views":71,"p1id":"coldexe","p2id":"hikarimiyako","formatid":"gen8ou","rating":1534,"private":0,"password":null}