{"id":"gen8ou-1371657115","p1":"lonietzzz","p2":"LT81YL ABR","format":"gen8ou","log":"|raw|<div class=\"broadcast-blue\"><strong>This battle is required to be public due to a player having a name starting with 'lt81yl'.<\/div>\n|j|\u203dlonietzzz\n|j|\u2606LT81YL ABR\n|t:|1625583652\n|gametype|singles\n|player|p1|lonietzzz|pokemonbreederf|1838\n|player|p2|LT81YL ABR|lucas|1802\n|teamsize|p1|6\n|teamsize|p2|6\n|gen|8\n|tier|[Gen 8] OU\n|rated|\n|rule|Sleep Clause Mod: Limit one foe put to sleep\n|rule|Species Clause: Limit one of each Pok\u00e9mon\n|rule|OHKO Clause: OHKO moves are banned\n|rule|Evasion Moves Clause: Evasion moves are banned\n|rule|Endless Battle Clause: Forcing endless battles is banned\n|rule|HP Percentage Mod: HP is shown in percentages\n|rule|Dynamax Clause: You cannot dynamax\n|clearpoke\n|poke|p1|Dragonite, F|\n|poke|p1|Heatran, M|\n|poke|p1|Kartana|\n|poke|p1|Landorus-Therian, M|\n|poke|p1|Magnezone|\n|poke|p1|Tapu Fini|\n|poke|p2|Mew|\n|poke|p2|Zeraora|\n|poke|p2|Clefable, F|\n|poke|p2|Toxapex, M|\n|poke|p2|Dragonite, M|\n|poke|p2|Corviknight, M|\n|teampreview\n|j| MPEU\n|\n|t:|1625583680\n|start\n|switch|p1a: Tapu Fini|Tapu Fini|100\/100\n|switch|p2a: Mew|Mew|100\/100\n|-fieldstart|move: Misty Terrain|[from] ability: Misty Surge|[of] p1a: Tapu Fini\n|turn|1\n|inactive|Battle timer is ON: inactive players will automatically lose when time's up. (requested by lonietzzz)\n|\n|t:|1625583710\n|switch|p2a: Corviknight|Corviknight, M|100\/100\n|-ability|p2a: Corviknight|Pressure\n|move|p1a: Tapu Fini|Trick|p2a: Corviknight\n|-activate|p1a: Tapu Fini|move: Trick|[of] p2a: Corviknight\n|-item|p2a: Corviknight|Choice Scarf|[from] move: Trick\n|-item|p1a: Tapu Fini|Leftovers|[from] move: Trick\n|\n|upkeep\n|turn|2\n|\n|t:|1625583732\n|move|p1a: Tapu Fini|Trick|p2a: Corviknight\n|-activate|p1a: Tapu Fini|move: Trick|[of] p2a: Corviknight\n|-item|p2a: Corviknight|Leftovers|[from] move: Trick\n|-item|p1a: Tapu Fini|Choice Scarf|[from] move: Trick\n|move|p2a: Corviknight|U-turn|p1a: Tapu Fini\n|-resisted|p1a: Tapu Fini\n|-damage|p1a: Tapu Fini|93\/100\n|\n|t:|1625583741\n|switch|p2a: Zeraora|Zeraora|100\/100|[from]move: U-turn\n|\n|upkeep\n|turn|3\n|\n|t:|1625583748\n|switch|p1a: Landorus|Landorus-Therian, M|100\/100\n|-ability|p1a: Landorus|Intimidate|boost\n|-unboost|p2a: Zeraora|atk|1\n|move|p2a: Zeraora|Knock Off|p1a: Landorus\n|-damage|p1a: Landorus|88\/100\n|-enditem|p1a: Landorus|Leftovers|[from] move: Knock Off|[of] p2a: Zeraora\n|\n|upkeep\n|turn|4\n|\n|t:|1625583763\n|switch|p2a: Clefable|Clefable, F|100\/100\n|move|p1a: Landorus|U-turn|p2a: Clefable\n|-resisted|p2a: Clefable\n|-damage|p2a: Clefable|90\/100\n|\n|t:|1625583767\n|switch|p1a: Kartana|Kartana|100\/100|[from]move: U-turn\n|\n|-heal|p2a: Clefable|96\/100|[from] item: Leftovers\n|upkeep\n|turn|5\n|\n|t:|1625583778\n|switch|p2a: Dragonite|Dragonite, M|100\/100\n|move|p1a: Kartana|Knock Off|p2a: Dragonite\n|-damage|p2a: Dragonite|75\/100\n|-enditem|p2a: Dragonite|Heavy-Duty Boots|[from] move: Knock Off|[of] p1a: Kartana\n|\n|-fieldend|Misty Terrain\n|upkeep\n|turn|6\n|j| IamFakee\n|\n|t:|1625583784\n|switch|p1a: Tapu Fini|Tapu Fini|93\/100\n|-fieldstart|move: Misty Terrain|[from] ability: Misty Surge|[of] p1a: Tapu Fini\n|move|p2a: Dragonite|Roost|p2a: Dragonite\n|-heal|p2a: Dragonite|100\/100\n|-singleturn|p2a: Dragonite|move: Roost\n|\n|upkeep\n|turn|7\n|\n|t:|1625583789\n|switch|p1a: Magnezone|Magnezone|100\/100\n|switch|p2a: Corviknight|Corviknight, M|100\/100\n|-ability|p2a: Corviknight|Pressure\n|\n|upkeep\n|turn|8\n|\n|t:|1625583792\n|move|p1a: Magnezone|Discharge|p2a: Corviknight\n|-supereffective|p2a: Corviknight\n|-damage|p2a: Corviknight|46\/100\n|move|p2a: Corviknight|U-turn|p1a: Magnezone\n|-resisted|p1a: Magnezone\n|-damage|p1a: Magnezone|95\/100\n|\n|t:|1625583795\n|switch|p2a: Mew|Mew|100\/100|[from]move: U-turn\n|\n|upkeep\n|turn|9\n|\n|t:|1625583801\n|switch|p1a: Heatran|Heatran, M|100\/100\n|move|p2a: Mew|Spikes|p1a: Heatran\n|-sidestart|p1: lonietzzz|Spikes\n|\n|upkeep\n|turn|10\n|\n|t:|1625583810\n|move|p2a: Mew|Knock Off|p1a: Heatran\n|-damage|p1a: Heatran|80\/100\n|-enditem|p1a: Heatran|Leftovers|[from] move: Knock Off|[of] p2a: Mew\n|move|p1a: Heatran|Magma Storm|p2a: Mew|[miss]\n|-miss|p1a: Heatran|p2a: Mew\n|\n|-fieldend|Misty Terrain\n|upkeep\n|turn|11\n|\n|t:|1625583815\n|switch|p2a: Dragonite|Dragonite, M|100\/100\n|move|p1a: Heatran|Will-O-Wisp|p2a: Dragonite\n|-status|p2a: Dragonite|brn\n|\n|-damage|p2a: Dragonite|94\/100 brn|[from] brn\n|upkeep\n|turn|12\n|\n|t:|1625583826\n|switch|p1a: Tapu Fini|Tapu Fini|93\/100\n|-damage|p1a: Tapu Fini|81\/100|[from] Spikes\n|-fieldstart|move: Misty Terrain|[from] ability: Misty Surge|[of] p1a: Tapu Fini\n|move|p2a: Dragonite|Heal Bell|p2a: Dragonite\n|-activate|p2a: Dragonite|move: Heal Bell\n|-curestatus|p2a: Dragonite|brn|[msg]\n|\n|upkeep\n|turn|13\n|\n|t:|1625583832\n|move|p1a: Tapu Fini|Trick|p2a: Dragonite\n|-activate|p1a: Tapu Fini|move: Trick|[of] p2a: Dragonite\n|-item|p2a: Dragonite|Choice Scarf|[from] move: Trick\n|-enditem|p1a: Tapu Fini|Choice Scarf|[silent]|[from] move: Trick\n|move|p2a: Dragonite|Earthquake|p1a: Tapu Fini\n|-damage|p1a: Tapu Fini|51\/100\n|\n|upkeep\n|turn|14\n|\n|t:|1625583847\n|switch|p2a: Mew|Mew|100\/100\n|switch|p1a: Landorus|Landorus-Therian, M|88\/100\n|-ability|p1a: Landorus|Intimidate|boost\n|-unboost|p2a: Mew|atk|1\n|\n|upkeep\n|turn|15\n|\n|t:|1625583855\n|switch|p1a: Heatran|Heatran, M|80\/100\n|-damage|p1a: Heatran|68\/100|[from] Spikes\n|move|p2a: Mew|Will-O-Wisp|p1a: Heatran\n|-start|p1a: Heatran|ability: Flash Fire\n|\n|upkeep\n|turn|16\n|\n|t:|1625583862\n|switch|p2a: Dragonite|Dragonite, M|94\/100\n|move|p1a: Heatran|Magma Storm|p2a: Dragonite\n|-resisted|p2a: Dragonite\n|-damage|p2a: Dragonite|65\/100\n|-activate|p2a: Dragonite|move: Magma Storm|[of] p1a: Heatran\n|\n|-damage|p2a: Dragonite|53\/100|[from] move: Magma Storm|[partiallytrapped]\n|-fieldend|Misty Terrain\n|upkeep\n|turn|17\n|\n|t:|1625583872\n|move|p2a: Dragonite|Earthquake|p1a: Heatran\n|-supereffective|p1a: Heatran\n|-damage|p1a: Heatran|0 fnt\n|faint|p1a: Heatran\n|\n|-end|p2a: Dragonite|Magma Storm|[partiallytrapped]|[silent]\n|upkeep\n|\n|t:|1625583875\n|switch|p1a: Landorus|Landorus-Therian, M|88\/100\n|-ability|p1a: Landorus|Intimidate|boost\n|-unboost|p2a: Dragonite|atk|1\n|turn|18\n|\n|t:|1625583881\n|switch|p2a: Clefable|Clefable, F|96\/100\n|move|p1a: Landorus|Stealth Rock|p2a: Clefable\n|-sidestart|p2: LT81YL ABR|move: Stealth Rock\n|\n|-heal|p2a: Clefable|100\/100|[from] item: Leftovers\n|upkeep\n|turn|19\n|\n|t:|1625583888\n|move|p1a: Landorus|U-turn|p2a: Clefable\n|-resisted|p2a: Clefable\n|-damage|p2a: Clefable|91\/100\n|\n|t:|1625583890\n|switch|p1a: Magnezone|Magnezone|95\/100|[from]move: U-turn\n|-damage|p1a: Magnezone|82\/100|[from] Spikes\n|move|p2a: Clefable|Stealth Rock|p1a: Magnezone\n|-sidestart|p1: lonietzzz|move: Stealth Rock\n|\n|-heal|p2a: Clefable|97\/100|[from] item: Leftovers\n|upkeep\n|turn|20\n|\n|t:|1625583908\n|switch|p2a: Mew|Mew|100\/100\n|move|p1a: Magnezone|Discharge|p2a: Mew\n|-damage|p2a: Mew|71\/100\n|\n|upkeep\n|turn|21\n|\n|t:|1625583918\n|switch|p1a: Tapu Fini|Tapu Fini|51\/100\n|-damage|p1a: Tapu Fini|39\/100|[from] Stealth Rock\n|-damage|p1a: Tapu Fini|26\/100|[from] Spikes\n|-fieldstart|move: Misty Terrain|[from] ability: Misty Surge|[of] p1a: Tapu Fini\n|move|p2a: Mew|Will-O-Wisp|p1a: Tapu Fini\n|-activate|p1a: Tapu Fini|move: Misty Terrain\n|\n|upkeep\n|turn|22\n|j| LT81YL POWER\n|j| LTBop Eisheiler\n|\n|t:|1625583927\n|move|p2a: Mew|Knock Off|p1a: Tapu Fini\n|-resisted|p1a: Tapu Fini\n|-damage|p1a: Tapu Fini|19\/100\n|move|p1a: Tapu Fini|Moonblast|p2a: Mew\n|-crit|p2a: Mew\n|-damage|p2a: Mew|23\/100\n|-unboost|p2a: Mew|spa|1\n|\n|upkeep\n|turn|23\n|l| LTBop Eisheiler\n|\n|t:|1625583937\n|move|p2a: Mew|Soft-Boiled|p2a: Mew\n|-heal|p2a: Mew|73\/100\n|move|p1a: Tapu Fini|Trick|p2a: Mew\n|-activate|p1a: Tapu Fini|move: Trick|[of] p2a: Mew\n|-enditem|p2a: Mew|Heavy-Duty Boots|[silent]|[from] move: Trick\n|-item|p1a: Tapu Fini|Heavy-Duty Boots|[from] move: Trick\n|\n|upkeep\n|turn|24\n|\n|t:|1625583942\n|move|p2a: Mew|Knock Off|p1a: Tapu Fini\n|-resisted|p1a: Tapu Fini\n|-damage|p1a: Tapu Fini|7\/100\n|-enditem|p1a: Tapu Fini|Heavy-Duty Boots|[from] move: Knock Off|[of] p2a: Mew\n|move|p1a: Tapu Fini|Moonblast|p2a: Mew\n|-damage|p2a: Mew|37\/100\n|\n|upkeep\n|turn|25\n|j| Lord_Enz\n|\n|t:|1625583950\n|move|p2a: Mew|Knock Off|p1a: Tapu Fini\n|-resisted|p1a: Tapu Fini\n|-damage|p1a: Tapu Fini|0 fnt\n|faint|p1a: Tapu Fini\n|\n|-fieldend|Misty Terrain\n|upkeep\n|l| IamFakee\n|\n|t:|1625583953\n|switch|p1a: Kartana|Kartana|100\/100\n|-damage|p1a: Kartana|88\/100|[from] Spikes\n|-damage|p1a: Kartana|82\/100|[from] Stealth Rock\n|turn|26\n|\n|t:|1625583963\n|move|p1a: Kartana|Leaf Blade|p2a: Mew\n|-damage|p2a: Mew|0 fnt\n|faint|p2a: Mew\n|-ability|p1a: Kartana|Beast Boost|boost\n|-boost|p1a: Kartana|atk|1\n|\n|upkeep\n|\n|t:|1625583973\n|switch|p2a: Dragonite|Dragonite, M|53\/100\n|-damage|p2a: Dragonite|28\/100|[from] Stealth Rock\n|turn|27\n|\n|t:|1625583979\n|move|p2a: Dragonite|Ice Beam|p1a: Kartana\n|-crit|p1a: Kartana\n|-damage|p1a: Kartana|0 fnt\n|faint|p1a: Kartana\n|\n|upkeep\n|\n|t:|1625583986\n|switch|p1a: Magnezone|Magnezone|82\/100\n|-damage|p1a: Magnezone|70\/100|[from] Spikes\n|-damage|p1a: Magnezone|64\/100|[from] Stealth Rock\n|turn|28\n|\n|t:|1625584001\n|move|p2a: Dragonite|Ice Beam|p1a: Magnezone\n|-resisted|p1a: Magnezone\n|-damage|p1a: Magnezone|50\/100\n|move|p1a: Magnezone|Iron Defense|p1a: Magnezone\n|-boost|p1a: Magnezone|def|2\n|\n|upkeep\n|turn|29\n|\n|t:|1625584005\n|move|p2a: Dragonite|Ice Beam|p1a: Magnezone\n|-resisted|p1a: Magnezone\n|-damage|p1a: Magnezone|36\/100\n|move|p1a: Magnezone|Iron Defense|p1a: Magnezone\n|-boost|p1a: Magnezone|def|2\n|\n|upkeep\n|turn|30\n|\n|t:|1625584009\n|move|p2a: Dragonite|Ice Beam|p1a: Magnezone\n|-resisted|p1a: Magnezone\n|-damage|p1a: Magnezone|21\/100\n|move|p1a: Magnezone|Discharge|p2a: Dragonite\n|-damage|p2a: Dragonite|0 fnt\n|faint|p2a: Dragonite\n|\n|upkeep\n|\n|t:|1625584020\n|switch|p2a: Zeraora|Zeraora|100\/100\n|turn|31\n|j| Chokst du\n|\n|t:|1625584026\n|move|p2a: Zeraora|Thunderbolt|p1a: Magnezone\n|-resisted|p1a: Magnezone\n|-damage|p1a: Magnezone|0 fnt\n|faint|p1a: Magnezone\n|\n|upkeep\n|\n|t:|1625584030\n|switch|p1a: Dragonite|Dragonite, F|100\/100\n|turn|32\n|\n|t:|1625584039\n|move|p2a: Zeraora|Volt Switch|p1a: Dragonite\n|-damage|p1a: Dragonite|85\/100\n|j| Zheatran\n|\n|t:|1625584041\n|switch|p2a: Toxapex|Toxapex, M|100\/100|[from]move: Volt Switch\n|-damage|p2a: Toxapex|88\/100|[from] Stealth Rock\n|move|p1a: Dragonite|Dragon Dance|p1a: Dragonite\n|-boost|p1a: Dragonite|atk|1\n|-boost|p1a: Dragonite|spe|1\n|\n|-heal|p2a: Toxapex|94\/100|[from] item: Black Sludge\n|upkeep\n|turn|33\n|\n|t:|1625584043\n|move|p1a: Dragonite|Earthquake|p2a: Toxapex\n|-supereffective|p2a: Toxapex\n|-damage|p2a: Toxapex|15\/100\n|move|p2a: Toxapex|Haze|p2a: Toxapex\n|-clearallboost\n|\n|-heal|p2a: Toxapex|21\/100|[from] item: Black Sludge\n|upkeep\n|turn|34\n|\n|t:|1625584049\n|move|p1a: Dragonite|Dragon Dance|p1a: Dragonite\n|-boost|p1a: Dragonite|atk|1\n|-boost|p1a: Dragonite|spe|1\n|move|p2a: Toxapex|Haze|p2a: Toxapex\n|-clearallboost\n|\n|-heal|p2a: Toxapex|27\/100|[from] item: Black Sludge\n|upkeep\n|turn|35\n|\n|t:|1625584052\n|move|p1a: Dragonite|Earthquake|p2a: Toxapex\n|-supereffective|p2a: Toxapex\n|-damage|p2a: Toxapex|0 fnt\n|faint|p2a: Toxapex\n|\n|upkeep\n|\n|t:|1625584056\n|switch|p2a: Clefable|Clefable, F|97\/100\n|turn|36\n|\n|t:|1625584061\n|move|p1a: Dragonite|Earthquake|p2a: Clefable\n|-damage|p2a: Clefable|60\/100\n|move|p2a: Clefable|Moonblast|p1a: Dragonite\n|-supereffective|p1a: Dragonite\n|-damage|p1a: Dragonite|16\/100\n|\n|-heal|p2a: Clefable|66\/100|[from] item: Leftovers\n|upkeep\n|turn|37\n|-message|lonietzzz forfeited.\n|\n|win|LT81YL ABR\n|raw|lonietzzz's rating: 1838 &rarr; <strong>1816<\/strong><br \/>(-22 for losing)\n|raw|LT81YL ABR's rating: 1802 &rarr; <strong>1824<\/strong><br \/>(+22 for winning)\n|l|\u203dlonietzzz\n|l|\u2606LT81YL ABR\n|l| Zheatran\n","uploadtime":1625584080,"views":122,"p1id":"lonietzzz","p2id":"lt81ylabr","formatid":"gen8ou","rating":1816,"private":0,"password":null}