{"id":"gen8ou-1559829410","p1":"SKIP THE DRIP","p2":"hypervortexreturns","format":"gen8ou","log":"|j|\u2606SKIP THE DRIP\n|j|\u203dhypervortexreturns\n|t:|1650739934\n|gametype|singles\n|player|p1|SKIP THE DRIP|cyclistf-gen4|1828\n|player|p2|hypervortexreturns|2|1796\n|teamsize|p1|6\n|teamsize|p2|6\n|gen|8\n|tier|[Gen 8] OU\n|rated|\n|rule|Sleep Clause Mod: Limit one foe put to sleep\n|rule|Species Clause: Limit one of each Pok\u00e9mon\n|rule|OHKO Clause: OHKO moves are banned\n|rule|Evasion Moves Clause: Evasion moves are banned\n|rule|Endless Battle Clause: Forcing endless battles is banned\n|rule|HP Percentage Mod: HP is shown in percentages\n|rule|Dynamax Clause: You cannot dynamax\n|clearpoke\n|poke|p1|Salamence, F|\n|poke|p1|Toxapex, M|\n|poke|p1|Corviknight, M|\n|poke|p1|Blissey, F|\n|poke|p1|Quagsire, M|\n|poke|p1|Reuniclus, M|\n|poke|p2|Hydreigon, M|\n|poke|p2|Excadrill, F|\n|poke|p2|Azumarill, M|\n|poke|p2|Corviknight, M|\n|poke|p2|Zapdos|\n|poke|p2|Tangrowth, F|\n|teampreview\n|inactive|Battle timer is ON: inactive players will automatically lose when time's up. (requested by SKIP THE DRIP)\n|\n|t:|1650739945\n|start\n|switch|p1a: Reuniclus|Reuniclus, M, shiny|100\/100\n|switch|p2a: Tangrowth|Tangrowth, F|100\/100\n|turn|1\n|\n|t:|1650739957\n|switch|p1a: Toxapex|Toxapex, M|100\/100\n|move|p2a: Tangrowth|Sleep Powder|p1a: Toxapex\n|-status|p1a: Toxapex|slp|[from] move: Sleep Powder\n|\n|upkeep\n|turn|2\n|j| ecall\n|\n|t:|1650739967\n|switch|p2a: Azumarill|Azumarill, M|100\/100\n|cant|p1a: Toxapex|slp\n|\n|upkeep\n|turn|3\n|\n|t:|1650739973\n|move|p2a: Azumarill|Belly Drum|p2a: Azumarill\n|-damage|p2a: Azumarill|50\/100\n|-setboost|p2a: Azumarill|atk|6|[from] move: Belly Drum\n|-enditem|p2a: Azumarill|Sitrus Berry|[eat]\n|-heal|p2a: Azumarill|75\/100|[from] item: Sitrus Berry\n|cant|p1a: Toxapex|slp\n|\n|upkeep\n|turn|4\n|j| jiohijhnijiji\n|\n|t:|1650739987\n|switch|p1a: Quagsire|Quagsire, M|100\/100\n|move|p2a: Azumarill|Knock Off|p1a: Quagsire\n|-damage|p1a: Quagsire|74\/100\n|-enditem|p1a: Quagsire|Leftovers|[from] move: Knock Off|[of] p2a: Azumarill\n|\n|upkeep\n|turn|5\n|\n|t:|1650739998\n|move|p2a: Azumarill|Play Rough|p1a: Quagsire\n|-damage|p1a: Quagsire|38\/100\n|move|p1a: Quagsire|Recover|p1a: Quagsire\n|-heal|p1a: Quagsire|88\/100\n|\n|upkeep\n|turn|6\n|\n|t:|1650740004\n|move|p2a: Azumarill|Play Rough|p1a: Quagsire\n|-crit|p1a: Quagsire\n|-damage|p1a: Quagsire|31\/100\n|-unboost|p1a: Quagsire|atk|1\n|move|p1a: Quagsire|Recover|p1a: Quagsire\n|-heal|p1a: Quagsire|81\/100\n|\n|upkeep\n|turn|7\n|\n|t:|1650740013\n|move|p2a: Azumarill|Play Rough|p1a: Quagsire\n|-damage|p1a: Quagsire|42\/100\n|move|p1a: Quagsire|Recover|p1a: Quagsire\n|-heal|p1a: Quagsire|92\/100\n|\n|upkeep\n|turn|8\n|\n|t:|1650740019\n|move|p2a: Azumarill|Play Rough|p1a: Quagsire\n|-damage|p1a: Quagsire|55\/100\n|move|p1a: Quagsire|Recover|p1a: Quagsire\n|-heal|p1a: Quagsire|100\/100\n|\n|upkeep\n|turn|9\n|\n|t:|1650740025\n|move|p2a: Azumarill|Play Rough|p1a: Quagsire|[miss]\n|-miss|p2a: Azumarill|p1a: Quagsire\n|move|p1a: Quagsire|Toxic|p2a: Azumarill\n|-status|p2a: Azumarill|tox\n|\n|-damage|p2a: Azumarill|69\/100 tox|[from] psn\n|upkeep\n|turn|10\n|\n|t:|1650740034\n|move|p2a: Azumarill|Play Rough|p1a: Quagsire\n|-damage|p1a: Quagsire|63\/100\n|move|p1a: Quagsire|Earthquake|p2a: Azumarill\n|-damage|p2a: Azumarill|44\/100 tox\n|\n|-damage|p2a: Azumarill|31\/100 tox|[from] psn\n|upkeep\n|turn|11\n|\n|t:|1650740042\n|move|p2a: Azumarill|Play Rough|p1a: Quagsire\n|-damage|p1a: Quagsire|23\/100\n|move|p1a: Quagsire|Recover|p1a: Quagsire\n|-heal|p1a: Quagsire|73\/100\n|\n|-damage|p2a: Azumarill|13\/100 tox|[from] psn\n|upkeep\n|turn|12\n|\n|t:|1650740050\n|move|p2a: Azumarill|Play Rough|p1a: Quagsire|[miss]\n|-miss|p2a: Azumarill|p1a: Quagsire\n|move|p1a: Quagsire|Recover|p1a: Quagsire\n|-heal|p1a: Quagsire|100\/100\n|\n|-damage|p2a: Azumarill|0 fnt|[from] psn\n|faint|p2a: Azumarill\n|upkeep\n|j| ppev\n|inactive|hypervortexreturns has 120 seconds left.\n|\n|t:|1650740095\n|switch|p2a: Tangrowth|Tangrowth, F|100\/100\n|turn|13\n|\n|t:|1650740107\n|switch|p1a: Toxapex|Toxapex, M|100\/100 slp\n|move|p2a: Tangrowth|Knock Off|p1a: Toxapex\n|-damage|p1a: Toxapex|86\/100 slp\n|-enditem|p1a: Toxapex|Shed Shell|[from] move: Knock Off|[of] p2a: Tangrowth\n|\n|upkeep\n|turn|14\n|\n|t:|1650740136\n|switch|p2a: Zapdos|Zapdos|100\/100\n|-curestatus|p1a: Toxapex|slp|[msg]\n|move|p1a: Toxapex|Knock Off|p2a: Zapdos\n|-damage|p2a: Zapdos|84\/100\n|-enditem|p2a: Zapdos|Heavy-Duty Boots|[from] move: Knock Off|[of] p1a: Toxapex\n|\n|upkeep\n|turn|15\n|\n|t:|1650740145\n|switch|p1a: Reuniclus|Reuniclus, M, shiny|100\/100\n|move|p2a: Zapdos|Discharge|p1a: Reuniclus\n|-crit|p1a: Reuniclus\n|-damage|p1a: Reuniclus|78\/100\n|\n|upkeep\n|turn|16\n|\n|t:|1650740160\n|move|p2a: Zapdos|Discharge|p1a: Reuniclus\n|-damage|p1a: Reuniclus|63\/100\n|move|p1a: Reuniclus|Future Sight|p2a: Zapdos\n|-start|p1a: Reuniclus|move: Future Sight\n|\n|upkeep\n|turn|17\n|\n|t:|1650740176\n|switch|p2a: Hydreigon|Hydreigon, M|100\/100\n|move|p1a: Reuniclus|Infestation|p2a: Hydreigon\n|-supereffective|p2a: Hydreigon\n|-damage|p2a: Hydreigon|90\/100\n|-activate|p2a: Hydreigon|move: Infestation|[of] p1a: Reuniclus\n|\n|-heal|p2a: Hydreigon|96\/100|[from] item: Leftovers\n|-damage|p2a: Hydreigon|84\/100|[from] move: Infestation|[partiallytrapped]\n|upkeep\n|turn|18\n|\n|t:|1650740188\n|switch|p1a: Blissey|Blissey, F|100\/100\n|move|p2a: Hydreigon|Nasty Plot|p2a: Hydreigon\n|-boost|p2a: Hydreigon|spa|2\n|\n|-end|p2a: Hydreigon|move: Future Sight\n|-immune|p2a: Hydreigon\n|-heal|p2a: Hydreigon|90\/100|[from] item: Leftovers\n|-end|p2a: Hydreigon|Infestation|[partiallytrapped]|[silent]\n|upkeep\n|turn|19\n|l| ppev\n|\n|t:|1650740199\n|switch|p2a: Excadrill|Excadrill, F|100\/100\n|move|p1a: Blissey|Toxic|p2a: Excadrill\n|-immune|p2a: Excadrill\n|\n|upkeep\n|turn|20\n|\n|t:|1650740204\n|switch|p1a: Corviknight|Corviknight, M|100\/100\n|-ability|p1a: Corviknight|Pressure\n|move|p2a: Excadrill|Stealth Rock|p1a: Corviknight\n|-sidestart|p1: SKIP THE DRIP|move: Stealth Rock\n|\n|upkeep\n|turn|21\n|\n|t:|1650740212\n|switch|p2a: Corviknight|Corviknight, M|100\/100\n|-ability|p2a: Corviknight|Pressure\n|move|p1a: Corviknight|Defog|p2a: Corviknight\n|-unboost|p2a: Corviknight|evasion|1\n|-sideend|p1: SKIP THE DRIP|Stealth Rock|[from] move: Defog|[of] p1a: Corviknight\n|\n|upkeep\n|turn|22\n|\n|t:|1650740224\n|switch|p2a: Zapdos|Zapdos|84\/100\n|switch|p1a: Toxapex|Toxapex, M|100\/100\n|\n|upkeep\n|turn|23\n|j| ppev\n|\n|t:|1650740238\n|switch|p1a: Reuniclus|Reuniclus, M, shiny|96\/100\n|move|p2a: Zapdos|Substitute|p2a: Zapdos\n|-start|p2a: Zapdos|Substitute\n|-damage|p2a: Zapdos|59\/100\n|\n|upkeep\n|turn|24\n|\n|t:|1650740245\n|switch|p1a: Blissey|Blissey, F|100\/100\n|move|p2a: Zapdos|Roost|p2a: Zapdos\n|-heal|p2a: Zapdos|100\/100\n|-singleturn|p2a: Zapdos|move: Roost\n|\n|upkeep\n|turn|25\n|j| seidou26\n|inactive|hypervortexreturns has 120 seconds left.\n|\n|t:|1650740252\n|switch|p2a: Excadrill|Excadrill, F|100\/100\n|switch|p1a: Reuniclus|Reuniclus, M, shiny|100\/100\n|\n|upkeep\n|turn|26\n|\n|t:|1650740261\n|switch|p2a: Hydreigon|Hydreigon, M|90\/100\n|switch|p1a: Corviknight|Corviknight, M|100\/100\n|-ability|p1a: Corviknight|Pressure\n|\n|-heal|p2a: Hydreigon|96\/100|[from] item: Leftovers\n|upkeep\n|turn|27\n|j| PandoraHeartsGirl\n|inactive|hypervortexreturns has 120 seconds left.\n|\n|t:|1650740278\n|switch|p2a: Tangrowth|Tangrowth, F|100\/100\n|switch|p1a: Blissey|Blissey, F|100\/100\n|\n|upkeep\n|turn|28\n|\n|t:|1650740291\n|switch|p1a: Toxapex|Toxapex, M|100\/100\n|switch|p2a: Excadrill|Excadrill, F|100\/100\n|\n|upkeep\n|turn|29\n|\n|t:|1650740299\n|switch|p2a: Tangrowth|Tangrowth, F|100\/100\n|move|p1a: Toxapex|Knock Off|p2a: Tangrowth\n|-damage|p2a: Tangrowth|92\/100\n|-damage|p1a: Toxapex|84\/100|[from] item: Rocky Helmet|[of] p2a: Tangrowth\n|-enditem|p2a: Tangrowth|Rocky Helmet|[from] move: Knock Off|[of] p1a: Toxapex\n|\n|upkeep\n|turn|30\n|\n|t:|1650740306\n|move|p2a: Tangrowth|Sleep Powder|p1a: Toxapex\n|-status|p1a: Toxapex|slp|[from] move: Sleep Powder\n|cant|p1a: Toxapex|slp\n|\n|upkeep\n|turn|31\n|\n|t:|1650740324\n|switch|p2a: Zapdos|Zapdos|100\/100\n|cant|p1a: Toxapex|slp\n|\n|upkeep\n|turn|32\n|\n|t:|1650740329\n|switch|p1a: Blissey|Blissey, F|100\/100\n|move|p2a: Zapdos|Discharge|p1a: Blissey\n|-damage|p1a: Blissey|87\/100\n|-status|p1a: Blissey|par\n|\n|upkeep\n|turn|33\n|\n|t:|1650740336\n|switch|p2a: Excadrill|Excadrill, F|100\/100\n|-curestatus|p1a: Blissey|par|[from] ability: Natural Cure\n|switch|p1a: Reuniclus|Reuniclus, M, shiny|100\/100\n|\n|upkeep\n|turn|34\n|\n|t:|1650740346\n|move|p2a: Excadrill|Stealth Rock|p1a: Reuniclus\n|-sidestart|p1: SKIP THE DRIP|move: Stealth Rock\n|move|p1a: Reuniclus|Knock Off|p2a: Excadrill\n|-damage|p2a: Excadrill|80\/100\n|-enditem|p2a: Excadrill|Leftovers|[from] move: Knock Off|[of] p1a: Reuniclus\n|\n|upkeep\n|turn|35\n|\n|t:|1650740368\n|switch|p2a: Hydreigon|Hydreigon, M|96\/100\n|switch|p1a: Corviknight|Corviknight, M|100\/100\n|-damage|p1a: Corviknight|88\/100|[from] Stealth Rock\n|-ability|p1a: Corviknight|Pressure\n|\n|-heal|p2a: Hydreigon|100\/100|[from] item: Leftovers\n|-heal|p1a: Corviknight|94\/100|[from] item: Leftovers\n|upkeep\n|turn|36\n|\n|t:|1650740382\n|switch|p1a: Blissey|Blissey, F|87\/100\n|-damage|p1a: Blissey|75\/100|[from] Stealth Rock\n|move|p2a: Hydreigon|Dark Pulse|p1a: Blissey\n|-damage|p1a: Blissey|62\/100\n|\n|upkeep\n|turn|37\n|\n|t:|1650740392\n|switch|p2a: Corviknight|Corviknight, M|100\/100\n|-ability|p2a: Corviknight|Pressure\n|move|p1a: Blissey|Soft-Boiled|p1a: Blissey\n|-heal|p1a: Blissey|100\/100\n|\n|upkeep\n|turn|38\n|l| ppev\n|\n|t:|1650740408\n|switch|p1a: Salamence|Salamence, F|100\/100\n|-ability|p1a: Salamence|Intimidate|boost\n|-unboost|p2a: Corviknight|atk|1\n|move|p2a: Corviknight|Bulk Up|p2a: Corviknight\n|-boost|p2a: Corviknight|atk|1\n|-boost|p2a: Corviknight|def|1\n|\n|upkeep\n|turn|39\n|\n|t:|1650740431\n|move|p1a: Salamence|Defog|p2a: Corviknight\n|-unboost|p2a: Corviknight|evasion|1\n|-sideend|p1: SKIP THE DRIP|Stealth Rock|[from] move: Defog|[of] p1a: Salamence\n|move|p2a: Corviknight|Bulk Up|p2a: Corviknight\n|-boost|p2a: Corviknight|atk|1\n|-boost|p2a: Corviknight|def|1\n|\n|upkeep\n|turn|40\n|\n|t:|1650740444\n|switch|p1a: Corviknight|Corviknight, M|94\/100\n|-ability|p1a: Corviknight|Pressure\n|move|p2a: Corviknight|Brave Bird|p1a: Corviknight\n|-resisted|p1a: Corviknight\n|-damage|p1a: Corviknight|78\/100\n|-damage|p2a: Corviknight|95\/100|[from] Recoil\n|\n|-heal|p2a: Corviknight|100\/100|[from] item: Leftovers\n|-heal|p1a: Corviknight|84\/100|[from] item: Leftovers\n|upkeep\n|turn|41\n|\n|t:|1650740457\n|switch|p2a: Zapdos|Zapdos|100\/100\n|switch|p1a: Salamence|Salamence, F|100\/100\n|-ability|p1a: Salamence|Intimidate|boost\n|-unboost|p2a: Zapdos|atk|1\n|\n|upkeep\n|turn|42\n|\n|t:|1650740466\n|switch|p1a: Reuniclus|Reuniclus, M, shiny|100\/100\n|move|p2a: Zapdos|Discharge|p1a: Reuniclus\n|-damage|p1a: Reuniclus|87\/100\n|-status|p1a: Reuniclus|par\n|\n|upkeep\n|turn|43\n|c|\u2606SKIP THE DRIP|wait\n|c|\u2606SKIP THE DRIP|ur not even pressure zap\n|c|\u2606SKIP THE DRIP|brazy\n|\n|t:|1650740483\n|switch|p2a: Tangrowth|Tangrowth, F|100\/100\n|move|p1a: Reuniclus|Infestation|p2a: Tangrowth\n|-supereffective|p2a: Tangrowth\n|-damage|p2a: Tangrowth|83\/100\n|-activate|p2a: Tangrowth|move: Infestation|[of] p1a: Reuniclus\n|\n|-damage|p2a: Tangrowth|71\/100|[from] move: Infestation|[partiallytrapped]\n|upkeep\n|turn|44\n|\n|t:|1650740491\n|move|p2a: Tangrowth|Knock Off|p1a: Reuniclus\n|-supereffective|p1a: Reuniclus\n|-damage|p1a: Reuniclus|44\/100 par\n|-enditem|p1a: Reuniclus|Assault Vest|[from] move: Knock Off|[of] p2a: Tangrowth\n|move|p1a: Reuniclus|Future Sight|p2a: Tangrowth\n|-start|p1a: Reuniclus|move: Future Sight\n|\n|-damage|p2a: Tangrowth|58\/100|[from] move: Infestation|[partiallytrapped]\n|upkeep\n|turn|45\n|\n|t:|1650740506\n|move|p2a: Tangrowth|Power Whip|p1a: Reuniclus\n|-damage|p1a: Reuniclus|2\/100 par\n|move|p1a: Reuniclus|Night Shade|p2a: Tangrowth\n|-damage|p2a: Tangrowth|34\/100\n|\n|-damage|p2a: Tangrowth|21\/100|[from] move: Infestation|[partiallytrapped]\n|upkeep\n|turn|46\n|\n|t:|1650740521\n|switch|p1a: Toxapex|Toxapex, M|100\/100 slp\n|move|p2a: Tangrowth|Knock Off|p1a: Toxapex\n|-damage|p1a: Toxapex|92\/100 slp\n|\n|-end|p2a: Tangrowth|move: Future Sight\n|-damage|p2a: Tangrowth|0 fnt\n|faint|p2a: Tangrowth\n|upkeep\n|\n|t:|1650740533\n|switch|p2a: Excadrill|Excadrill, F|80\/100\n|turn|47\n|\n|t:|1650740541\n|switch|p1a: Corviknight|Corviknight, M|84\/100\n|-ability|p1a: Corviknight|Pressure\n|move|p2a: Excadrill|Stealth Rock|p1a: Corviknight\n|-sidestart|p1: SKIP THE DRIP|move: Stealth Rock\n|\n|-heal|p1a: Corviknight|90\/100|[from] item: Leftovers\n|upkeep\n|turn|48\n|j| ppev\n|\n|t:|1650740550\n|switch|p2a: Corviknight|Corviknight, M|100\/100\n|-ability|p2a: Corviknight|Pressure\n|move|p1a: Corviknight|Defog|p2a: Corviknight\n|-unboost|p2a: Corviknight|evasion|1\n|-sideend|p1: SKIP THE DRIP|Stealth Rock|[from] move: Defog|[of] p1a: Corviknight\n|\n|-heal|p1a: Corviknight|96\/100|[from] item: Leftovers\n|upkeep\n|turn|49\n|\n|t:|1650740570\n|switch|p1a: Salamence|Salamence, F|100\/100\n|-ability|p1a: Salamence|Intimidate|boost\n|-unboost|p2a: Corviknight|atk|1\n|move|p2a: Corviknight|Bulk Up|p2a: Corviknight\n|-boost|p2a: Corviknight|atk|1\n|-boost|p2a: Corviknight|def|1\n|\n|upkeep\n|turn|50\n|\n|t:|1650740588\n|switch|p1a: Corviknight|Corviknight, M|96\/100\n|-ability|p1a: Corviknight|Pressure\n|move|p2a: Corviknight|Bulk Up|p2a: Corviknight\n|-boost|p2a: Corviknight|atk|1\n|-boost|p2a: Corviknight|def|1\n|\n|-heal|p1a: Corviknight|100\/100|[from] item: Leftovers\n|upkeep\n|turn|51\n|\n|t:|1650740598\n|switch|p1a: Salamence|Salamence, F|100\/100\n|-ability|p1a: Salamence|Intimidate|boost\n|-unboost|p2a: Corviknight|atk|1\n|move|p2a: Corviknight|Bulk Up|p2a: Corviknight\n|-boost|p2a: Corviknight|atk|1\n|-boost|p2a: Corviknight|def|1\n|\n|upkeep\n|turn|52\n|\n|t:|1650740607\n|switch|p1a: Corviknight|Corviknight, M|100\/100\n|-ability|p1a: Corviknight|Pressure\n|move|p2a: Corviknight|Bulk Up|p2a: Corviknight\n|-boost|p2a: Corviknight|atk|1\n|-boost|p2a: Corviknight|def|1\n|\n|upkeep\n|turn|53\n|l| ppev\n|\n|t:|1650740615\n|switch|p1a: Salamence|Salamence, F|100\/100\n|-ability|p1a: Salamence|Intimidate|boost\n|-unboost|p2a: Corviknight|atk|1\n|move|p2a: Corviknight|Bulk Up|p2a: Corviknight\n|-boost|p2a: Corviknight|atk|1\n|-boost|p2a: Corviknight|def|1\n|\n|upkeep\n|turn|54\n|\n|t:|1650740623\n|switch|p1a: Corviknight|Corviknight, M|100\/100\n|-ability|p1a: Corviknight|Pressure\n|move|p2a: Corviknight|Bulk Up|p2a: Corviknight\n|-boost|p2a: Corviknight|atk|1\n|-boost|p2a: Corviknight|def|1\n|\n|upkeep\n|turn|55\n|\n|t:|1650740632\n|switch|p1a: Salamence|Salamence, F|100\/100\n|-ability|p1a: Salamence|Intimidate|boost\n|-unboost|p2a: Corviknight|atk|1\n|move|p2a: Corviknight|Bulk Up|p2a: Corviknight\n|-boost|p2a: Corviknight|atk|1\n|-boost|p2a: Corviknight|def|0\n|\n|upkeep\n|turn|56\n|\n|t:|1650740642\n|switch|p1a: Corviknight|Corviknight, M|100\/100\n|-ability|p1a: Corviknight|Pressure\n|move|p2a: Corviknight|Bulk Up|p2a: Corviknight\n|-boost|p2a: Corviknight|atk|1\n|-boost|p2a: Corviknight|def|0\n|\n|upkeep\n|turn|57\n|\n|t:|1650740650\n|switch|p1a: Quagsire|Quagsire, M|100\/100\n|move|p2a: Corviknight|Bulk Up|p2a: Corviknight\n|-boost|p2a: Corviknight|atk|1\n|-boost|p2a: Corviknight|def|0\n|\n|upkeep\n|turn|58\n|j| ppev\n|j| Zero0ne1\n|l|\u203dhypervortexreturns\n|inactive|hypervortexreturns disconnected and has a minute to reconnect!\n|player|p2|\n|inactive|hypervortexreturns has 30 seconds to reconnect!\n|inactive|hypervortexreturns has 20 seconds to reconnect!\n|j|\u203dhypervortexreturns\n|inactive|hypervortexreturns reconnected and has 90 seconds left.\n|player|p2|hypervortexreturns|2\n|n|\u203dhypervortexreturns|hypervortexreturns\n|n|\u203dhypervortexreturns|hypervortexreturns\n|n|\u203dhypervortexreturns|hypervortexreturns\n|\n|t:|1650740715\n|move|p2a: Corviknight|Brave Bird|p1a: Quagsire\n|-damage|p1a: Quagsire|73\/100\n|-damage|p2a: Corviknight|91\/100|[from] Recoil\n|move|p1a: Quagsire|Scald|p2a: Corviknight\n|-damage|p2a: Corviknight|79\/100\n|\n|-heal|p2a: Corviknight|85\/100|[from] item: Leftovers\n|upkeep\n|turn|59\n|inactive|hypervortexreturns has 90 seconds left.\n|\n|t:|1650740733\n|move|p2a: Corviknight|Brave Bird|p1a: Quagsire\n|-damage|p1a: Quagsire|46\/100\n|-damage|p2a: Corviknight|76\/100|[from] Recoil\n|move|p1a: Quagsire|Scald|p2a: Corviknight\n|-damage|p2a: Corviknight|63\/100\n|\n|-heal|p2a: Corviknight|69\/100|[from] item: Leftovers\n|upkeep\n|turn|60\n|inactive|hypervortexreturns has 90 seconds left.\n|\n|t:|1650740743\n|move|p2a: Corviknight|Taunt|p1a: Quagsire\n|-start|p1a: Quagsire|move: Taunt\n|cant|p1a: Quagsire|move: Taunt|Recover\n|\n|-heal|p2a: Corviknight|76\/100|[from] item: Leftovers\n|upkeep\n|turn|61\n|inactive|hypervortexreturns has 90 seconds left.\n|\n|t:|1650740756\n|switch|p1a: Salamence|Salamence, F|100\/100\n|-ability|p1a: Salamence|Intimidate|boost\n|-unboost|p2a: Corviknight|atk|1\n|move|p2a: Corviknight|Brave Bird|p1a: Salamence\n|-damage|p1a: Salamence|19\/100\n|-damage|p2a: Corviknight|49\/100|[from] Recoil\n|\n|-heal|p2a: Corviknight|56\/100|[from] item: Leftovers\n|upkeep\n|turn|62\n|inactive|hypervortexreturns has 90 seconds left.\n|\n|t:|1650740772\n|switch|p1a: Corviknight|Corviknight, M|100\/100\n|-ability|p1a: Corviknight|Pressure\n|move|p2a: Corviknight|Roost|p2a: Corviknight\n|-heal|p2a: Corviknight|100\/100\n|-singleturn|p2a: Corviknight|move: Roost\n|\n|upkeep\n|turn|63\n|\n|t:|1650740781\n|move|p2a: Corviknight|Bulk Up|p2a: Corviknight\n|-boost|p2a: Corviknight|atk|1\n|-boost|p2a: Corviknight|def|0\n|move|p1a: Corviknight|Substitute|p1a: Corviknight\n|-start|p1a: Corviknight|Substitute\n|-damage|p1a: Corviknight|76\/100\n|\n|-heal|p1a: Corviknight|82\/100|[from] item: Leftovers\n|upkeep\n|turn|64\n|inactive|hypervortexreturns has 90 seconds left.\n|\n|t:|1650740789\n|move|p2a: Corviknight|Taunt|p1a: Corviknight\n|-start|p1a: Corviknight|move: Taunt\n|cant|p1a: Corviknight|move: Taunt|Roost\n|\n|-heal|p1a: Corviknight|88\/100|[from] item: Leftovers\n|upkeep\n|turn|65\n|\n|t:|1650740796\n|switch|p1a: Quagsire|Quagsire, M|46\/100\n|move|p2a: Corviknight|Bulk Up|p2a: Corviknight\n|-boost|p2a: Corviknight|atk|1\n|-boost|p2a: Corviknight|def|0\n|\n|upkeep\n|turn|66\n|l| ppev\n|inactive|hypervortexreturns has 90 seconds left.\n|\n|t:|1650740819\n|move|p2a: Corviknight|Taunt|p1a: Quagsire\n|-start|p1a: Quagsire|move: Taunt\n|cant|p1a: Quagsire|move: Taunt|Recover\n|\n|upkeep\n|turn|67\n|inactive|hypervortexreturns has 90 seconds left.\n|j| Camon Baby!!\n|\n|t:|1650740830\n|switch|p1a: Reuniclus|Reuniclus, M, shiny|36\/100 par\n|move|p2a: Corviknight|Brave Bird|p1a: Reuniclus\n|-damage|p1a: Reuniclus|0 fnt\n|faint|p1a: Reuniclus\n|-damage|p2a: Corviknight|88\/100|[from] Recoil\n|\n|-heal|p2a: Corviknight|94\/100|[from] item: Leftovers\n|upkeep\n|\n|t:|1650740835\n|switch|p1a: Quagsire|Quagsire, M|46\/100\n|turn|68\n|l| Camon Baby!!\n|j| ppev\n|inactive|hypervortexreturns has 90 seconds left.\n|\n|t:|1650740857\n|move|p2a: Corviknight|Taunt|p1a: Quagsire\n|-start|p1a: Quagsire|move: Taunt\n|move|p1a: Quagsire|Scald|p2a: Corviknight\n|-damage|p2a: Corviknight|81\/100\n|-status|p2a: Corviknight|brn\n|\n|-heal|p2a: Corviknight|88\/100 brn|[from] item: Leftovers\n|-damage|p2a: Corviknight|81\/100 brn|[from] brn\n|upkeep\n|turn|69\n|inactive|hypervortexreturns has 90 seconds left.\n|\n|t:|1650740867\n|switch|p1a: Corviknight|Corviknight, M|88\/100\n|-ability|p1a: Corviknight|Pressure\n|move|p2a: Corviknight|Brave Bird|p1a: Corviknight\n|-resisted|p1a: Corviknight\n|-damage|p1a: Corviknight|64\/100\n|-damage|p2a: Corviknight|74\/100 brn|[from] Recoil\n|\n|-heal|p2a: Corviknight|80\/100 brn|[from] item: Leftovers\n|-heal|p1a: Corviknight|70\/100|[from] item: Leftovers\n|-damage|p2a: Corviknight|74\/100 brn|[from] brn\n|upkeep\n|turn|70\n|inactive|hypervortexreturns has 90 seconds left.\n|\n|t:|1650740879\n|switch|p1a: Toxapex|Toxapex, M|100\/100 slp\n|move|p2a: Corviknight|Taunt|p1a: Toxapex\n|-start|p1a: Toxapex|move: Taunt\n|\n|-heal|p2a: Corviknight|80\/100 brn|[from] item: Leftovers\n|-damage|p2a: Corviknight|74\/100 brn|[from] brn\n|upkeep\n|turn|71\n|inactive|hypervortexreturns has 90 seconds left.\n|\n|t:|1650740890\n|move|p2a: Corviknight|Brave Bird|p1a: Toxapex\n|-crit|p1a: Toxapex\n|-damage|p1a: Toxapex|32\/100 slp\n|-damage|p2a: Corviknight|57\/100 brn|[from] Recoil\n|-curestatus|p1a: Toxapex|slp|[msg]\n|move|p1a: Toxapex|Knock Off|p2a: Corviknight\n|-damage|p2a: Corviknight|53\/100 brn\n|-enditem|p2a: Corviknight|Leftovers|[from] move: Knock Off|[of] p1a: Toxapex\n|\n|-damage|p2a: Corviknight|47\/100 brn|[from] brn\n|upkeep\n|turn|72\n|inactive|hypervortexreturns has 90 seconds left.\n|\n|t:|1650740901\n|switch|p1a: Corviknight|Corviknight, M|70\/100\n|-ability|p1a: Corviknight|Pressure\n|move|p2a: Corviknight|Brave Bird|p1a: Corviknight\n|-resisted|p1a: Corviknight\n|-damage|p1a: Corviknight|47\/100\n|-damage|p2a: Corviknight|40\/100 brn|[from] Recoil\n|\n|-heal|p1a: Corviknight|53\/100|[from] item: Leftovers\n|-damage|p2a: Corviknight|33\/100 brn|[from] brn\n|upkeep\n|turn|73\n|inactive|hypervortexreturns has 90 seconds left.\n|\n|t:|1650740912\n|move|p2a: Corviknight|Taunt|p1a: Corviknight\n|-start|p1a: Corviknight|move: Taunt\n|cant|p1a: Corviknight|move: Taunt|Roost\n|\n|-heal|p1a: Corviknight|59\/100|[from] item: Leftovers\n|-damage|p2a: Corviknight|27\/100 brn|[from] brn\n|upkeep\n|turn|74\n|l| Zero0ne1\n|inactive|hypervortexreturns has 90 seconds left.\n|\n|t:|1650740922\n|move|p2a: Corviknight|Roost|p2a: Corviknight\n|-heal|p2a: Corviknight|77\/100 brn\n|-singleturn|p2a: Corviknight|move: Roost\n|move|p1a: Corviknight|Body Press|p2a: Corviknight\n|-supereffective|p2a: Corviknight\n|-damage|p2a: Corviknight|66\/100 brn\n|\n|-heal|p1a: Corviknight|65\/100|[from] item: Leftovers\n|-damage|p2a: Corviknight|60\/100 brn|[from] brn\n|upkeep\n|turn|75\n|inactive|hypervortexreturns has 90 seconds left.\n|\n|t:|1650740934\n|switch|p1a: Toxapex|Toxapex, M|66\/100\n|move|p2a: Corviknight|Brave Bird|p1a: Toxapex\n|-damage|p1a: Toxapex|22\/100\n|-damage|p2a: Corviknight|49\/100 brn|[from] Recoil\n|\n|-damage|p2a: Corviknight|43\/100 brn|[from] brn\n|upkeep\n|turn|76\n|\n|t:|1650740943\n|switch|p1a: Corviknight|Corviknight, M|65\/100\n|-ability|p1a: Corviknight|Pressure\n|move|p2a: Corviknight|Brave Bird|p1a: Corviknight\n|-resisted|p1a: Corviknight\n|-damage|p1a: Corviknight|43\/100\n|-damage|p2a: Corviknight|35\/100 brn|[from] Recoil\n|\n|-heal|p1a: Corviknight|49\/100|[from] item: Leftovers\n|-damage|p2a: Corviknight|29\/100 brn|[from] brn\n|upkeep\n|turn|77\n|\n|t:|1650740954\n|move|p2a: Corviknight|Taunt|p1a: Corviknight\n|-start|p1a: Corviknight|move: Taunt\n|cant|p1a: Corviknight|move: Taunt|Roost\n|\n|-heal|p1a: Corviknight|55\/100|[from] item: Leftovers\n|-damage|p2a: Corviknight|23\/100 brn|[from] brn\n|upkeep\n|turn|78\n|\n|t:|1650740963\n|switch|p1a: Toxapex|Toxapex, M|55\/100\n|move|p2a: Corviknight|Roost|p2a: Corviknight\n|-heal|p2a: Corviknight|73\/100 brn\n|-singleturn|p2a: Corviknight|move: Roost\n|\n|-damage|p2a: Corviknight|67\/100 brn|[from] brn\n|upkeep\n|turn|79\n|\n|t:|1650740972\n|switch|p1a: Corviknight|Corviknight, M|55\/100\n|-ability|p1a: Corviknight|Pressure\n|move|p2a: Corviknight|Taunt|p1a: Corviknight\n|-start|p1a: Corviknight|move: Taunt\n|\n|-heal|p1a: Corviknight|61\/100|[from] item: Leftovers\n|-damage|p2a: Corviknight|60\/100 brn|[from] brn\n|upkeep\n|turn|80\n|\n|t:|1650740987\n|switch|p1a: Toxapex|Toxapex, M|89\/100\n|move|p2a: Corviknight|Brave Bird|p1a: Toxapex\n|-damage|p1a: Toxapex|48\/100\n|-damage|p2a: Corviknight|50\/100 brn|[from] Recoil\n|\n|-damage|p2a: Corviknight|44\/100 brn|[from] brn\n|upkeep\n|turn|81\n|\n|t:|1650740996\n|move|p2a: Corviknight|Brave Bird|p1a: Toxapex\n|-damage|p1a: Toxapex|7\/100\n|-damage|p2a: Corviknight|34\/100 brn|[from] Recoil\n|move|p1a: Toxapex|Recover|p1a: Toxapex\n|-heal|p1a: Toxapex|58\/100\n|\n|-damage|p2a: Corviknight|27\/100 brn|[from] brn\n|upkeep\n|turn|82\n|inactive|hypervortexreturns has 120 seconds left.\n|\n|t:|1650741006\n|move|p2a: Corviknight|Taunt|p1a: Toxapex\n|-start|p1a: Toxapex|move: Taunt\n|cant|p1a: Toxapex|move: Taunt|Recover\n|\n|-damage|p2a: Corviknight|21\/100 brn|[from] brn\n|upkeep\n|turn|83\n|l| ppev\n|inactive|hypervortexreturns has 120 seconds left.\n|\n|t:|1650741015\n|switch|p1a: Corviknight|Corviknight, M|61\/100\n|-ability|p1a: Corviknight|Pressure\n|move|p2a: Corviknight|Roost|p2a: Corviknight\n|-heal|p2a: Corviknight|71\/100 brn\n|-singleturn|p2a: Corviknight|move: Roost\n|\n|-heal|p1a: Corviknight|67\/100|[from] item: Leftovers\n|-damage|p2a: Corviknight|65\/100 brn|[from] brn\n|upkeep\n|turn|84\n|inactive|hypervortexreturns has 120 seconds left.\n|\n|t:|1650741029\n|move|p2a: Corviknight|Taunt|p1a: Corviknight\n|-start|p1a: Corviknight|move: Taunt\n|cant|p1a: Corviknight|move: Taunt|Roost\n|\n|-heal|p1a: Corviknight|73\/100|[from] item: Leftovers\n|-damage|p2a: Corviknight|59\/100 brn|[from] brn\n|upkeep\n|turn|85\n|\n|t:|1650741036\n|move|p2a: Corviknight|Brave Bird|p1a: Corviknight\n|-resisted|p1a: Corviknight\n|-damage|p1a: Corviknight|50\/100\n|-damage|p2a: Corviknight|51\/100 brn|[from] Recoil\n|move|p1a: Corviknight|Body Press|p2a: Corviknight\n|-damage|p2a: Corviknight|45\/100 brn\n|\n|-heal|p1a: Corviknight|56\/100|[from] item: Leftovers\n|-damage|p2a: Corviknight|39\/100 brn|[from] brn\n|upkeep\n|turn|86\n|j| ragerquit\n|\n|t:|1650741048\n|move|p2a: Corviknight|Roost|p2a: Corviknight\n|-heal|p2a: Corviknight|89\/100 brn\n|-singleturn|p2a: Corviknight|move: Roost\n|move|p1a: Corviknight|Body Press|p2a: Corviknight\n|-supereffective|p2a: Corviknight\n|-damage|p2a: Corviknight|79\/100 brn\n|\n|-heal|p1a: Corviknight|62\/100|[from] item: Leftovers\n|-damage|p2a: Corviknight|72\/100 brn|[from] brn\n|-end|p1a: Corviknight|move: Taunt\n|upkeep\n|turn|87\n|\n|t:|1650741064\n|move|p2a: Corviknight|Taunt|p1a: Corviknight\n|-start|p1a: Corviknight|move: Taunt\n|cant|p1a: Corviknight|move: Taunt|Roost\n|\n|-heal|p1a: Corviknight|68\/100|[from] item: Leftovers\n|-damage|p2a: Corviknight|66\/100 brn|[from] brn\n|upkeep\n|turn|88\n|j| Peeky07\n|j| ppev\n|\n|t:|1650741078\n|move|p2a: Corviknight|Brave Bird|p1a: Corviknight\n|-resisted|p1a: Corviknight\n|-damage|p1a: Corviknight|45\/100\n|-damage|p2a: Corviknight|58\/100 brn|[from] Recoil\n|move|p1a: Corviknight|Body Press|p2a: Corviknight\n|-damage|p2a: Corviknight|53\/100 brn\n|\n|-heal|p1a: Corviknight|51\/100|[from] item: Leftovers\n|-damage|p2a: Corviknight|47\/100 brn|[from] brn\n|upkeep\n|turn|89\n|\n|t:|1650741088\n|move|p2a: Corviknight|Brave Bird|p1a: Corviknight\n|-resisted|p1a: Corviknight\n|-damage|p1a: Corviknight|31\/100\n|-damage|p2a: Corviknight|40\/100 brn|[from] Recoil\n|move|p1a: Corviknight|Body Press|p2a: Corviknight\n|-damage|p2a: Corviknight|35\/100 brn\n|\n|-heal|p1a: Corviknight|37\/100|[from] item: Leftovers\n|-damage|p2a: Corviknight|29\/100 brn|[from] brn\n|-end|p1a: Corviknight|move: Taunt\n|upkeep\n|turn|90\n|\n|t:|1650741099\n|move|p2a: Corviknight|Taunt|p1a: Corviknight\n|-start|p1a: Corviknight|move: Taunt\n|cant|p1a: Corviknight|move: Taunt|Roost\n|\n|-heal|p1a: Corviknight|43\/100|[from] item: Leftovers\n|-damage|p2a: Corviknight|22\/100 brn|[from] brn\n|upkeep\n|turn|91\n|\n|t:|1650741108\n|switch|p1a: Toxapex|Toxapex, M|91\/100\n|move|p2a: Corviknight|Brave Bird|p1a: Toxapex\n|-damage|p1a: Toxapex|49\/100\n|-damage|p2a: Corviknight|12\/100 brn|[from] Recoil\n|\n|-damage|p2a: Corviknight|6\/100 brn|[from] brn\n|upkeep\n|turn|92\n|\n|t:|1650741117\n|move|p2a: Corviknight|Brave Bird|p1a: Toxapex\n|-damage|p1a: Toxapex|6\/100\n|-damage|p2a: Corviknight|0 fnt|[from] Recoil\n|faint|p2a: Corviknight\n|move|p1a: Toxapex|Recover|p1a: Toxapex\n|-heal|p1a: Toxapex|56\/100\n|\n|upkeep\n|\n|t:|1650741127\n|switch|p2a: Excadrill|Excadrill, F|80\/100\n|turn|93\n|\n|t:|1650741135\n|switch|p1a: Corviknight|Corviknight, M|43\/100\n|-ability|p1a: Corviknight|Pressure\n|move|p2a: Excadrill|Swords Dance|p2a: Excadrill\n|-boost|p2a: Excadrill|atk|2\n|\n|-heal|p1a: Corviknight|49\/100|[from] item: Leftovers\n|upkeep\n|turn|94\n|\n|t:|1650741143\n|move|p2a: Excadrill|Iron Head|p1a: Corviknight\n|-resisted|p1a: Corviknight\n|-damage|p1a: Corviknight|23\/100\n|move|p1a: Corviknight|Roost|p1a: Corviknight\n|-heal|p1a: Corviknight|73\/100\n|-singleturn|p1a: Corviknight|move: Roost\n|\n|-heal|p1a: Corviknight|79\/100|[from] item: Leftovers\n|upkeep\n|turn|95\n|j| tyrannosebs\n|\n|t:|1650741152\n|switch|p2a: Zapdos|Zapdos|100\/100\n|move|p1a: Corviknight|Body Press|p2a: Zapdos\n|-resisted|p2a: Zapdos\n|-damage|p2a: Zapdos|86\/100\n|\n|-heal|p1a: Corviknight|85\/100|[from] item: Leftovers\n|upkeep\n|turn|96\n|\n|t:|1650741166\n|switch|p1a: Blissey|Blissey, F|100\/100\n|move|p2a: Zapdos|Discharge|p1a: Blissey\n|-damage|p1a: Blissey|89\/100\n|\n|upkeep\n|turn|97\n|\n|t:|1650741175\n|switch|p2a: Excadrill|Excadrill, F|80\/100\n|move|p1a: Blissey|Stealth Rock|p2a: Excadrill\n|-sidestart|p2: hypervortexreturns|move: Stealth Rock\n|\n|upkeep\n|turn|98\n|\n|t:|1650741193\n|move|p2a: Excadrill|Swords Dance|p2a: Excadrill\n|-boost|p2a: Excadrill|atk|2\n|move|p1a: Blissey|Soft-Boiled|p1a: Blissey\n|-heal|p1a: Blissey|100\/100\n|\n|upkeep\n|turn|99\n|inactive|hypervortexreturns has 120 seconds left.\n|\n|t:|1650741210\n|switch|p1a: Corviknight|Corviknight, M|85\/100\n|-ability|p1a: Corviknight|Pressure\n|move|p2a: Excadrill|Swords Dance|p2a: Excadrill\n|-boost|p2a: Excadrill|atk|2\n|\n|-heal|p1a: Corviknight|91\/100|[from] item: Leftovers\n|upkeep\n|turn|100\n|inactive|hypervortexreturns has 120 seconds left.\n|\n|t:|1650741220\n|switch|p2a: Zapdos|Zapdos|86\/100\n|-damage|p2a: Zapdos|62\/100|[from] Stealth Rock\n|move|p1a: Corviknight|Body Press|p2a: Zapdos\n|-resisted|p2a: Zapdos\n|-damage|p2a: Zapdos|49\/100\n|\n|-heal|p1a: Corviknight|97\/100|[from] item: Leftovers\n|upkeep\n|turn|101\n|l| ppev\n|\n|t:|1650741229\n|switch|p1a: Blissey|Blissey, F|100\/100\n|move|p2a: Zapdos|Roost|p2a: Zapdos\n|-heal|p2a: Zapdos|99\/100\n|-singleturn|p2a: Zapdos|move: Roost\n|\n|upkeep\n|turn|102\n|\n|t:|1650741239\n|switch|p2a: Excadrill|Excadrill, F|80\/100\n|-damage|p2a: Excadrill|77\/100|[from] Stealth Rock\n|move|p1a: Blissey|Toxic|p2a: Excadrill\n|-immune|p2a: Excadrill\n|\n|upkeep\n|turn|103\n|\n|t:|1650741261\n|switch|p1a: Corviknight|Corviknight, M|97\/100\n|-ability|p1a: Corviknight|Pressure\n|move|p2a: Excadrill|Iron Head|p1a: Corviknight\n|-resisted|p1a: Corviknight\n|-damage|p1a: Corviknight|84\/100\n|\n|-heal|p1a: Corviknight|90\/100|[from] item: Leftovers\n|upkeep\n|turn|104\n|j| statusspam\n|inactive|hypervortexreturns has 90 seconds left.\n|j| ppev\n|\n|t:|1650741277\n|switch|p2a: Zapdos|Zapdos|99\/100\n|-damage|p2a: Zapdos|74\/100|[from] Stealth Rock\n|move|p1a: Corviknight|Substitute|p1a: Corviknight\n|-start|p1a: Corviknight|Substitute\n|-damage|p1a: Corviknight|65\/100\n|\n|-heal|p1a: Corviknight|71\/100|[from] item: Leftovers\n|upkeep\n|turn|105\n|\n|t:|1650741286\n|move|p2a: Zapdos|Discharge|p1a: Corviknight\n|-supereffective|p1a: Corviknight\n|-end|p1a: Corviknight|Substitute\n|move|p1a: Corviknight|Substitute|p1a: Corviknight\n|-start|p1a: Corviknight|Substitute\n|-damage|p1a: Corviknight|46\/100\n|\n|-heal|p1a: Corviknight|52\/100|[from] item: Leftovers\n|upkeep\n|turn|106\n|\n|t:|1650741296\n|move|p2a: Zapdos|Discharge|p1a: Corviknight\n|-supereffective|p1a: Corviknight\n|-end|p1a: Corviknight|Substitute\n|move|p1a: Corviknight|Substitute|p1a: Corviknight\n|-start|p1a: Corviknight|Substitute\n|-damage|p1a: Corviknight|27\/100\n|\n|-heal|p1a: Corviknight|33\/100|[from] item: Leftovers\n|upkeep\n|turn|107\n|\n|t:|1650741305\n|move|p2a: Zapdos|Discharge|p1a: Corviknight\n|-supereffective|p1a: Corviknight\n|-end|p1a: Corviknight|Substitute\n|move|p1a: Corviknight|Roost|p1a: Corviknight\n|-heal|p1a: Corviknight|83\/100\n|-singleturn|p1a: Corviknight|move: Roost\n|\n|-heal|p1a: Corviknight|89\/100|[from] item: Leftovers\n|upkeep\n|turn|108\n|\n|t:|1650741315\n|switch|p1a: Toxapex|Toxapex, M|90\/100\n|move|p2a: Zapdos|Discharge|p1a: Toxapex\n|-supereffective|p1a: Toxapex\n|-damage|p1a: Toxapex|34\/100\n|-status|p1a: Toxapex|par\n|\n|upkeep\n|turn|109\n|\n|t:|1650741331\n|switch|p2a: Excadrill|Excadrill, F|77\/100\n|-damage|p2a: Excadrill|74\/100|[from] Stealth Rock\n|switch|p1a: Quagsire|Quagsire, M|46\/100\n|\n|upkeep\n|turn|110\n|inactive|hypervortexreturns has 60 seconds left.\n|\n|t:|1650741352\n|move|p2a: Excadrill|Stealth Rock|p1a: Quagsire\n|-sidestart|p1: SKIP THE DRIP|move: Stealth Rock\n|move|p1a: Quagsire|Recover|p1a: Quagsire\n|-heal|p1a: Quagsire|96\/100\n|\n|upkeep\n|turn|111\n|\n|t:|1650741361\n|switch|p2a: Hydreigon|Hydreigon, M|100\/100\n|-damage|p2a: Hydreigon|88\/100|[from] Stealth Rock\n|move|p1a: Quagsire|Toxic|p2a: Hydreigon\n|-status|p2a: Hydreigon|tox\n|\n|-heal|p2a: Hydreigon|94\/100 tox|[from] item: Leftovers\n|-damage|p2a: Hydreigon|88\/100 tox|[from] psn\n|upkeep\n|turn|112\n|-message|hypervortexreturns forfeited.\n|\n|win|SKIP THE DRIP\n|raw|SKIP THE DRIP's rating: 1828 &rarr; <strong>1846<\/strong><br \/>(+18 for winning)\n|raw|hypervortexreturns's rating: 1796 &rarr; <strong>1778<\/strong><br \/>(-18 for losing)\n|l|\u2606SKIP THE DRIP\n|l|\u203dhypervortexreturns\n|l| ragerquit\n|l| ppev\n||Ladder isn't responding, score probably updated but might not have (Request timeout).\n|l| PandoraHeartsGirl\n|l| seidou26\n|l| ecall\n|l| statusspam\n|l| jiohijhnijiji\n|l| tyrannosebs\n|l| Peeky07\n|j| Qvital\n","uploadtime":1650741376,"views":142,"p1id":"skipthedrip","p2id":"hypervortexreturns","formatid":"gen8ou","rating":1778,"private":0,"password":null}