{"id":"gen8nationaldex-1702209528","p1":"Lazy#4341 on cord","p2":"brettfavreinnocent","format":"gen8nationaldex","log":"|j|\u2606Lazy#4341 on cord\n|j|\u203dbrettfavreinnocent\n|t:|1667521600\n|gametype|singles\n|player|p1|Lazy#4341 on cord|backers|1659\n|player|p2|brettfavreinnocent|fantina|1797\n|teamsize|p1|6\n|teamsize|p2|6\n|gen|8\n|tier|[Gen 8] National Dex\n|rated|\n|rule|HP Percentage Mod: HP is shown in percentages\n|rule|Endless Battle Clause: Forcing endless battles is banned\n|rule|OHKO Clause: OHKO moves are banned\n|rule|Evasion Moves Clause: Evasion moves are banned\n|rule|Species Clause: Limit one of each Pok\u00e9mon\n|rule|Dynamax Clause: You cannot dynamax\n|rule|Sleep Clause Mod: Limit one foe put to sleep\n|clearpoke\n|poke|p1|Medicham, F|\n|poke|p1|Landorus-Therian, M|\n|poke|p1|Tapu Lele|\n|poke|p1|Kartana|\n|poke|p1|Rotom-Wash|\n|poke|p1|Jirachi|\n|poke|p2|Kyurem|\n|poke|p2|Ferrothorn, M|\n|poke|p2|Rillaboom, M|\n|poke|p2|Swampert, F|\n|poke|p2|Pelipper, F|\n|poke|p2|Greninja, M|\n|teampreview\n|inactive|Battle timer is ON: inactive players will automatically lose when time's up. (requested by Lazy#4341 on cord)\n|\n|t:|1667521632\n|start\n|switch|p1a: TENJOU TENGE|Medicham, F|100\/100\n|switch|p2a: Pelipper|Pelipper, F|100\/100\n|-weather|RainDance|[from] ability: Drizzle|[of] p2a: Pelipper\n|turn|1\n|\n|t:|1667521655\n|switch|p2a: Swampert|Swampert, F|100\/100\n|detailschange|p1a: TENJOU TENGE|Medicham-Mega, F\n|-mega|p1a: TENJOU TENGE|Medicham|Medichamite\n|move|p1a: TENJOU TENGE|Substitute|p1a: TENJOU TENGE\n|-start|p1a: TENJOU TENGE|Substitute\n|-damage|p1a: TENJOU TENGE|76\/100\n|\n|-weather|RainDance|[upkeep]\n|upkeep\n|turn|2\n|\n|t:|1667521664\n|detailschange|p2a: Swampert|Swampert-Mega, F\n|-mega|p2a: Swampert|Swampert|Swampertite\n|move|p2a: Swampert|Flip Turn|p1a: TENJOU TENGE\n|-end|p1a: TENJOU TENGE|Substitute\n|\n|t:|1667521667\n|switch|p2a: Pelipper|Pelipper, F|100\/100|[from]move: Flip Turn\n|move|p1a: TENJOU TENGE|High Jump Kick|p2a: Pelipper\n|-resisted|p2a: Pelipper\n|-damage|p2a: Pelipper|58\/100\n|\n|-weather|RainDance|[upkeep]\n|upkeep\n|turn|3\n|\n|t:|1667521682\n|move|p1a: TENJOU TENGE|Zen Headbutt|p2a: Pelipper\n|-damage|p2a: Pelipper|8\/100\n|move|p2a: Pelipper|Scald|p1a: TENJOU TENGE\n|-damage|p1a: TENJOU TENGE|12\/100\n|\n|-weather|RainDance|[upkeep]\n|upkeep\n|turn|4\n|\n|t:|1667521700\n|switch|p2a: Rillaboom|Rillaboom, M|100\/100\n|-fieldstart|move: Grassy Terrain|[from] ability: Grassy Surge|[of] p2a: Rillaboom\n|move|p1a: TENJOU TENGE|High Jump Kick|p2a: Rillaboom\n|-damage|p2a: Rillaboom|0 fnt\n|faint|p2a: Rillaboom\n|\n|-weather|RainDance|[upkeep]\n|-heal|p1a: TENJOU TENGE|19\/100|[from] Grassy Terrain\n|upkeep\n|\n|t:|1667521704\n|switch|p2a: Swampert|Swampert-Mega, F|100\/100\n|turn|5\n|\n|t:|1667521709\n|switch|p1a: JUSTADICE|Rotom-Wash|100\/100\n|move|p2a: Swampert|Liquidation|p1a: JUSTADICE\n|-resisted|p1a: JUSTADICE\n|-damage|p1a: JUSTADICE|66\/100\n|\n|-weather|RainDance|[upkeep]\n|upkeep\n|turn|6\n|\n|t:|1667521716\n|move|p2a: Swampert|Liquidation|p1a: JUSTADICE\n|-resisted|p1a: JUSTADICE\n|-damage|p1a: JUSTADICE|28\/100\n|move|p1a: JUSTADICE|Will-O-Wisp|p2a: Swampert\n|-status|p2a: Swampert|brn\n|\n|-weather|RainDance|[upkeep]\n|-damage|p2a: Swampert|94\/100 brn|[from] brn\n|upkeep\n|turn|7\n|\n|t:|1667521733\n|switch|p1a: TENJOU TENGE|Medicham-Mega, F|19\/100\n|move|p2a: Swampert|Flip Turn|p1a: TENJOU TENGE\n|-damage|p1a: TENJOU TENGE|0 fnt\n|faint|p1a: TENJOU TENGE\n|\n|t:|1667521749\n|switch|p2a: Greninja|Greninja, M|100\/100|[from]move: Flip Turn\n|\n|-weather|RainDance|[upkeep]\n|upkeep\n|\n|t:|1667521761\n|switch|p1a: HARUKA MIRAI|Tapu Lele|100\/100\n|-fieldstart|move: Psychic Terrain|[from] ability: Psychic Surge|[of] p1a: HARUKA MIRAI\n|turn|8\n|\n|t:|1667521766\n|switch|p2a: Ferrothorn|Ferrothorn, M|100\/100\n|move|p1a: HARUKA MIRAI|Focus Blast|p2a: Ferrothorn\n|-supereffective|p2a: Ferrothorn\n|-damage|p2a: Ferrothorn|50\/100\n|\n|-weather|none\n|-heal|p2a: Ferrothorn|57\/100|[from] item: Leftovers\n|upkeep\n|turn|9\n|\n|t:|1667521780\n|move|p1a: HARUKA MIRAI|Focus Blast|p2a: Ferrothorn\n|-supereffective|p2a: Ferrothorn\n|-damage|p2a: Ferrothorn|3\/100\n|move|p2a: Ferrothorn|Stealth Rock|p1a: HARUKA MIRAI\n|-sidestart|p1: Lazy#4341 on cord|move: Stealth Rock\n|\n|-heal|p2a: Ferrothorn|9\/100|[from] item: Leftovers\n|upkeep\n|turn|10\n|\n|t:|1667521787\n|switch|p1a: JUSTADICE|Rotom-Wash|28\/100\n|-damage|p1a: JUSTADICE|16\/100|[from] Stealth Rock\n|-enditem|p1a: JUSTADICE|Iapapa Berry|[eat]\n|-heal|p1a: JUSTADICE|49\/100|[from] item: Iapapa Berry\n|move|p2a: Ferrothorn|Knock Off|p1a: JUSTADICE\n|-damage|p1a: JUSTADICE|36\/100\n|\n|-heal|p2a: Ferrothorn|15\/100|[from] item: Leftovers\n|upkeep\n|turn|11\n|\n|t:|1667521810\n|switch|p2a: Kyurem|Kyurem|100\/100\n|-ability|p2a: Kyurem|Pressure\n|move|p1a: JUSTADICE|Defog|p2a: Kyurem\n|-unboost|p2a: Kyurem|evasion|1\n|-sideend|p1: Lazy#4341 on cord|Stealth Rock|[from] move: Defog|[of] p1a: JUSTADICE\n|-fieldend|move: Psychic Terrain\n|\n|upkeep\n|turn|12\n|\n|t:|1667521824\n|move|p2a: Kyurem|Earth Power|p1a: JUSTADICE\n|-immune|p1a: JUSTADICE|[from] ability: Levitate\n|move|p1a: JUSTADICE|Volt Switch|p2a: Kyurem\n|-resisted|p2a: Kyurem\n|-damage|p2a: Kyurem|88\/100\n|\n|t:|1667521833\n|switch|p1a: SKY & BLUE|Landorus-Therian, M|100\/100|[from]move: Volt Switch\n|-ability|p1a: SKY & BLUE|Intimidate|boost\n|-unboost|p2a: Kyurem|atk|1\n|\n|upkeep\n|turn|13\n|\n|t:|1667521838\n|switch|p2a: Pelipper|Pelipper, F|8\/100\n|-weather|RainDance|[from] ability: Drizzle|[of] p2a: Pelipper\n|move|p1a: SKY & BLUE|Rock Tomb|p2a: Pelipper\n|-supereffective|p2a: Pelipper\n|-damage|p2a: Pelipper|0 fnt\n|faint|p2a: Pelipper\n|\n|-weather|RainDance|[upkeep]\n|upkeep\n|\n|t:|1667521844\n|switch|p2a: Greninja|Greninja, M|100\/100\n|turn|14\n|inactive|Lazy#4341 on cord has 120 seconds left.\n|inactive|Lazy#4341 on cord has 90 seconds left.\n|\n|t:|1667521926\n|switch|p1a: HARUKA MIRAI|Tapu Lele|100\/100\n|-fieldstart|move: Psychic Terrain|[from] ability: Psychic Surge|[of] p1a: HARUKA MIRAI\n|move|p2a: Greninja|Hydro Pump|p1a: HARUKA MIRAI\n|-damage|p1a: HARUKA MIRAI|0 fnt\n|faint|p1a: HARUKA MIRAI\n|-activate|p2a: Greninja|ability: Battle Bond\n|detailschange|p2a: Greninja|Greninja-Ash, M\n|\n|-weather|RainDance|[upkeep]\n|upkeep\n|\n|t:|1667521931\n|switch|p1a: SKY & BLUE|Landorus-Therian, M|100\/100\n|-ability|p1a: SKY & BLUE|Intimidate|boost\n|-unboost|p2a: Greninja|atk|1\n|turn|15\n|\n|t:|1667521939\n|move|p2a: Greninja|Hydro Pump|p1a: SKY & BLUE\n|-supereffective|p1a: SKY & BLUE\n|-enditem|p1a: SKY & BLUE|Focus Sash\n|-damage|p1a: SKY & BLUE|1\/100\n|move|p1a: SKY & BLUE|Stealth Rock|p2a: Greninja\n|-sidestart|p2: brettfavreinnocent|move: Stealth Rock\n|\n|-weather|RainDance|[upkeep]\n|upkeep\n|turn|16\n|inactive|Lazy#4341 on cord has 90 seconds left.\n|\n|t:|1667521951\n|move|p2a: Greninja|Hydro Pump|p1a: SKY & BLUE\n|-supereffective|p1a: SKY & BLUE\n|-damage|p1a: SKY & BLUE|0 fnt\n|faint|p1a: SKY & BLUE\n|\n|-weather|RainDance|[upkeep]\n|upkeep\n|\n|t:|1667521956\n|switch|p1a: JUSTADICE|Rotom-Wash|36\/100\n|turn|17\n|\n|t:|1667521968\n|move|p2a: Greninja|Hydro Pump|p1a: JUSTADICE\n|-resisted|p1a: JUSTADICE\n|-crit|p1a: JUSTADICE\n|-damage|p1a: JUSTADICE|0 fnt\n|faint|p1a: JUSTADICE\n|\n|-weather|RainDance|[upkeep]\n|upkeep\n|inactive|Lazy#4341 on cord has 90 seconds left.\n|\n|t:|1667521985\n|switch|p1a: RAKUGAKI PAGE|Kartana|100\/100\n|turn|18\n|\n|t:|1667522002\n|move|p2a: Greninja|Hydro Pump|p1a: RAKUGAKI PAGE\n|-resisted|p1a: RAKUGAKI PAGE\n|-damage|p1a: RAKUGAKI PAGE|0 fnt\n|faint|p1a: RAKUGAKI PAGE\n|\n|-weather|RainDance|[upkeep]\n|-fieldend|move: Psychic Terrain\n|upkeep\n|\n|t:|1667522006\n|switch|p1a: RIGHT NOW|Jirachi, shiny|100\/100\n|turn|19\n|\n|t:|1667522008\n|move|p2a: Greninja|Hydro Pump|p1a: RIGHT NOW\n|-damage|p1a: RIGHT NOW|0 fnt\n|faint|p1a: RIGHT NOW\n|\n|win|brettfavreinnocent\n|raw|Lazy#4341 on cord's rating: 1659 &rarr; <strong>1647<\/strong><br \/>(-12 for losing)\n|raw|brettfavreinnocent's rating: 1797 &rarr; <strong>1809<\/strong><br \/>(+12 for winning)\n|l|\u2606Lazy#4341 on cord\n||Ladder isn't responding, score probably updated but might not have (Request timeout).\n","uploadtime":1667522063,"views":12,"p1id":"lazy4341oncord","p2id":"brettfavreinnocent","formatid":"gen8nationaldex","rating":1647,"private":0,"password":null}