{"id":"gen8ou-1668218692","p1":"Ucritmeustupid","p2":"broked on bricks","format":"gen8ou","log":"|j|\u2606Ucritmeustupid\n|j|\u2606broked on bricks\n|t:|1663607253\n|gametype|singles\n|player|p1|Ucritmeustupid|170|1691\n|player|p2|broked on bricks|lance-masters|1654\n|teamsize|p1|6\n|teamsize|p2|6\n|gen|8\n|tier|[Gen 8] OU\n|rated|\n|rule|Sleep Clause Mod: Limit one foe put to sleep\n|rule|Species Clause: Limit one of each Pok\u00e9mon\n|rule|OHKO Clause: OHKO moves are banned\n|rule|Evasion Items Clause: Evasion items are banned\n|rule|Evasion Moves Clause: Evasion moves are banned\n|rule|Endless Battle Clause: Forcing endless battles is banned\n|rule|HP Percentage Mod: HP is shown in percentages\n|rule|Dynamax Clause: You cannot dynamax\n|clearpoke\n|poke|p1|Heatran, F|\n|poke|p1|Urshifu-*, F|\n|poke|p1|Tapu Koko|\n|poke|p1|Landorus-Therian, M|\n|poke|p1|Dragonite, F|\n|poke|p1|Ferrothorn, F|\n|poke|p2|Tyranitar, F|\n|poke|p2|Excadrill, M|\n|poke|p2|Keldeo-Resolute|\n|poke|p2|Reuniclus, M|\n|poke|p2|Tangrowth, F|\n|poke|p2|Tornadus-Therian, M|\n|teampreview\n|c|\u2606broked on bricks|glhf\n|inactive|Battle timer is ON: inactive players will automatically lose when time's up. (requested by Ucritmeustupid)\n|\n|t:|1663607266\n|start\n|switch|p1a: Tapu Koko|Tapu Koko|100\/100\n|switch|p2a: Susan|Tangrowth, F|100\/100\n|-fieldstart|move: Electric Terrain|[from] ability: Electric Surge|[of] p1a: Tapu Koko\n|turn|1\n|\n|t:|1663607275\n|switch|p2a: Green Man|Tyranitar, F|100\/100\n|-weather|Sandstorm|[from] ability: Sand Stream|[of] p2a: Green Man\n|move|p1a: Tapu Koko|Volt Switch|p2a: Green Man\n|-damage|p2a: Green Man|74\/100\n|\n|t:|1663607281\n|switch|p1a: Urshifu|Urshifu-Rapid-Strike, F|100\/100|[from]move: Volt Switch\n|\n|-weather|Sandstorm|[upkeep]\n|-damage|p1a: Urshifu|94\/100|[from] Sandstorm\n|upkeep\n|turn|2\n|\n|t:|1663607283\n|switch|p2a: cos they ain't us|Tornadus-Therian, M|100\/100\n|move|p1a: Urshifu|U-turn|p2a: cos they ain't us\n|-resisted|p2a: cos they ain't us\n|-damage|p2a: cos they ain't us|82\/100\n|\n|t:|1663607286\n|switch|p1a: Tapu Koko|Tapu Koko|100\/100|[from]move: U-turn\n|\n|-weather|Sandstorm|[upkeep]\n|-damage|p1a: Tapu Koko|94\/100|[from] Sandstorm\n|-damage|p2a: cos they ain't us|76\/100|[from] Sandstorm\n|upkeep\n|turn|3\n|\n|t:|1663607293\n|switch|p2a: Homunculus Man|Excadrill, M|100\/100\n|move|p1a: Tapu Koko|U-turn|p2a: Homunculus Man\n|-resisted|p2a: Homunculus Man\n|-damage|p2a: Homunculus Man|88\/100\n|\n|t:|1663607295\n|switch|p1a: Landorus|Landorus-Therian, M|100\/100|[from]move: U-turn\n|-ability|p1a: Landorus|Intimidate|boost\n|-unboost|p2a: Homunculus Man|atk|1\n|\n|-weather|Sandstorm|[upkeep]\n|-heal|p2a: Homunculus Man|94\/100|[from] item: Leftovers\n|upkeep\n|turn|4\n|\n|t:|1663607300\n|switch|p2a: cos they ain't us|Tornadus-Therian, M|100\/100\n|move|p1a: Landorus|Knock Off|p2a: cos they ain't us\n|-damage|p2a: cos they ain't us|34\/100\n|-enditem|p2a: cos they ain't us|Heavy-Duty Boots|[from] move: Knock Off|[of] p1a: Landorus\n|\n|-weather|Sandstorm|[upkeep]\n|-damage|p2a: cos they ain't us|28\/100|[from] Sandstorm\n|upkeep\n|turn|5\n|\n|t:|1663607305\n|move|p2a: cos they ain't us|U-turn|p1a: Landorus\n|-resisted|p1a: Landorus\n|-damage|p1a: Landorus|94\/100\n|\n|t:|1663607309\n|switch|p2a: Susan|Tangrowth, F|100\/100|[from]move: U-turn\n|move|p1a: Landorus|Knock Off|p2a: Susan\n|-crit|p2a: Susan\n|-damage|p2a: Susan|51\/100\n|-damage|p1a: Landorus|77\/100|[from] item: Rocky Helmet|[of] p2a: Susan\n|-enditem|p2a: Susan|Rocky Helmet|[from] move: Knock Off|[of] p1a: Landorus\n|\n|-weather|none\n|-fieldend|move: Electric Terrain\n|upkeep\n|turn|6\n|\n|t:|1663607315\n|switch|p1a: Tapu Koko|Tapu Koko|94\/100\n|-fieldstart|move: Electric Terrain|[from] ability: Electric Surge|[of] p1a: Tapu Koko\n|move|p2a: Susan|Sleep Powder|p1a: Tapu Koko\n|-activate|p1a: Tapu Koko|move: Electric Terrain\n|\n|upkeep\n|turn|7\n|\n|t:|1663607324\n|switch|p2a: Homunculus Man|Excadrill, M|94\/100\n|move|p1a: Tapu Koko|U-turn|p2a: Homunculus Man\n|-resisted|p2a: Homunculus Man\n|-damage|p2a: Homunculus Man|82\/100\n|\n|t:|1663607327\n|switch|p1a: Landorus|Landorus-Therian, M|77\/100|[from]move: U-turn\n|-ability|p1a: Landorus|Intimidate|boost\n|-unboost|p2a: Homunculus Man|atk|1\n|\n|-heal|p2a: Homunculus Man|88\/100|[from] item: Leftovers\n|upkeep\n|turn|8\n|\n|t:|1663607333\n|switch|p2a: Susan|Tangrowth, F|84\/100\n|move|p1a: Landorus|Knock Off|p2a: Susan\n|-damage|p2a: Susan|63\/100\n|\n|upkeep\n|turn|9\n|\n|t:|1663607338\n|switch|p1a: Ferrothorn|Ferrothorn, F|100\/100\n|move|p2a: Susan|Knock Off|p1a: Ferrothorn\n|-damage|p1a: Ferrothorn|87\/100\n|-damage|p2a: Susan|50\/100|[from] ability: Iron Barbs|[of] p1a: Ferrothorn\n|-enditem|p1a: Ferrothorn|Leftovers|[from] move: Knock Off|[of] p2a: Susan\n|\n|upkeep\n|turn|10\n|\n|t:|1663607342\n|move|p2a: Susan|Focus Blast|p1a: Ferrothorn|[miss]\n|-miss|p2a: Susan|p1a: Ferrothorn\n|move|p1a: Ferrothorn|Spikes|p2a: Susan\n|-sidestart|p2: broked on bricks|Spikes\n|\n|-fieldend|move: Electric Terrain\n|upkeep\n|turn|11\n|\n|t:|1663607346\n|switch|p2a: cos they ain't us|Tornadus-Therian, M|61\/100\n|switch|p1a: Tapu Koko|Tapu Koko|94\/100\n|-fieldstart|move: Electric Terrain|[from] ability: Electric Surge|[of] p1a: Tapu Koko\n|\n|upkeep\n|turn|12\n|\n|t:|1663607351\n|switch|p2a: Homunculus Man|Excadrill, M|88\/100\n|-damage|p2a: Homunculus Man|76\/100|[from] Spikes\n|move|p1a: Tapu Koko|U-turn|p2a: Homunculus Man\n|-resisted|p2a: Homunculus Man\n|-damage|p2a: Homunculus Man|63\/100\n|\n|t:|1663607353\n|switch|p1a: Landorus|Landorus-Therian, M|77\/100|[from]move: U-turn\n|-ability|p1a: Landorus|Intimidate|boost\n|-unboost|p2a: Homunculus Man|atk|1\n|\n|-heal|p2a: Homunculus Man|69\/100|[from] item: Leftovers\n|upkeep\n|turn|13\n|\n|t:|1663607356\n|switch|p2a: Susan|Tangrowth, F|84\/100\n|-damage|p2a: Susan|71\/100|[from] Spikes\n|move|p1a: Landorus|U-turn|p2a: Susan\n|-supereffective|p2a: Susan\n|-damage|p2a: Susan|24\/100\n|\n|t:|1663607361\n|switch|p1a: Urshifu|Urshifu-Rapid-Strike, F|94\/100|[from]move: U-turn\n|\n|upkeep\n|turn|14\n|\n|t:|1663607363\n|switch|p2a: cos they ain't us|Tornadus-Therian, M|94\/100\n|move|p1a: Urshifu|U-turn|p2a: cos they ain't us\n|-resisted|p2a: cos they ain't us\n|-damage|p2a: cos they ain't us|77\/100\n|\n|t:|1663607368\n|switch|p1a: Landorus|Landorus-Therian, M|77\/100|[from]move: U-turn\n|-ability|p1a: Landorus|Intimidate|boost\n|-unboost|p2a: cos they ain't us|atk|1\n|\n|upkeep\n|turn|15\n|\n|t:|1663607374\n|move|p2a: cos they ain't us|Hurricane|p1a: Landorus\n|-damage|p1a: Landorus|33\/100\n|move|p1a: Landorus|Stone Edge|p2a: cos they ain't us|[miss]\n|-miss|p1a: Landorus|p2a: cos they ain't us\n|\n|-fieldend|move: Electric Terrain\n|upkeep\n|turn|16\n|\n|t:|1663607379\n|switch|p1a: Tapu Koko|Tapu Koko|94\/100\n|-fieldstart|move: Electric Terrain|[from] ability: Electric Surge|[of] p1a: Tapu Koko\n|move|p2a: cos they ain't us|U-turn|p1a: Tapu Koko\n|-resisted|p1a: Tapu Koko\n|-damage|p1a: Tapu Koko|87\/100\n|\n|t:|1663607382\n|switch|p2a: Homunculus Man|Excadrill, M|69\/100|[from]move: U-turn\n|-damage|p2a: Homunculus Man|57\/100|[from] Spikes\n|\n|-heal|p2a: Homunculus Man|63\/100|[from] item: Leftovers\n|upkeep\n|turn|17\n|\n|t:|1663607385\n|move|p1a: Tapu Koko|U-turn|p2a: Homunculus Man\n|-resisted|p2a: Homunculus Man\n|-damage|p2a: Homunculus Man|52\/100\n|\n|t:|1663607390\n|switch|p1a: Urshifu|Urshifu-Rapid-Strike, F|94\/100|[from]move: U-turn\n|move|p2a: Homunculus Man|Rapid Spin|p1a: Urshifu\n|-damage|p1a: Urshifu|76\/100\n|-boost|p2a: Homunculus Man|spe|1\n|-sideend|p2: broked on bricks|Spikes|[from] move: Rapid Spin|[of] p2a: Homunculus Man\n|\n|-heal|p2a: Homunculus Man|58\/100|[from] item: Leftovers\n|upkeep\n|turn|18\n|\n|t:|1663607396\n|switch|p2a: Susan|Tangrowth, F|57\/100\n|move|p1a: Urshifu|Surging Strikes|p2a: Susan\n|-resisted|p2a: Susan\n|-crit|p2a: Susan\n|-damage|p2a: Susan|50\/100\n|-resisted|p2a: Susan\n|-crit|p2a: Susan\n|-damage|p2a: Susan|41\/100\n|-resisted|p2a: Susan\n|-crit|p2a: Susan\n|-damage|p2a: Susan|33\/100\n|-hitcount|p2a: Susan|3\n|\n|upkeep\n|turn|19\n|\n|t:|1663607413\n|switch|p1a: Ferrothorn|Ferrothorn, F|87\/100\n|switch|p2a: cos they ain't us|Tornadus-Therian, M|100\/100\n|\n|upkeep\n|turn|20\n|\n|t:|1663607418\n|switch|p1a: Tapu Koko|Tapu Koko|87\/100\n|move|p2a: cos they ain't us|Taunt|p1a: Tapu Koko\n|-start|p1a: Tapu Koko|move: Taunt\n|\n|-fieldend|move: Electric Terrain\n|upkeep\n|turn|21\n|\n|t:|1663607424\n|move|p1a: Tapu Koko|U-turn|p2a: cos they ain't us\n|-resisted|p2a: cos they ain't us\n|-damage|p2a: cos they ain't us|92\/100\n|\n|t:|1663607426\n|switch|p1a: Heatran|Heatran, F|100\/100|[from]move: U-turn\n|move|p2a: cos they ain't us|Knock Off|p1a: Heatran\n|-damage|p1a: Heatran|84\/100\n|-enditem|p1a: Heatran|Leftovers|[from] move: Knock Off|[of] p2a: cos they ain't us\n|\n|upkeep\n|turn|22\n|\n|t:|1663607434\n|move|p2a: cos they ain't us|Taunt|p1a: Heatran\n|-start|p1a: Heatran|move: Taunt\n|cant|p1a: Heatran|move: Taunt|Stealth Rock\n|\n|upkeep\n|turn|23\n|\n|t:|1663607437\n|move|p2a: cos they ain't us|U-turn|p1a: Heatran\n|-resisted|p1a: Heatran\n|-damage|p1a: Heatran|81\/100\n|\n|t:|1663607446\n|switch|p2a: Fairy Bread|Keldeo-Resolute|100\/100|[from]move: U-turn\n|move|p1a: Heatran|Magma Storm|p2a: Fairy Bread|[miss]\n|-miss|p1a: Heatran|p2a: Fairy Bread\n|\n|upkeep\n|turn|24\n|\n|t:|1663607451\n|switch|p1a: Dragonite|Dragonite, F|100\/100\n|move|p2a: Fairy Bread|Scald|p1a: Dragonite\n|-resisted|p1a: Dragonite\n|-damage|p1a: Dragonite|94\/100\n|\n|upkeep\n|turn|25\n|\n|t:|1663607458\n|switch|p2a: cos they ain't us|Tornadus-Therian, M|100\/100\n|move|p1a: Dragonite|Ice Punch|p2a: cos they ain't us\n|-supereffective|p2a: cos they ain't us\n|-damage|p2a: cos they ain't us|59\/100\n|\n|upkeep\n|turn|26\n|\n|t:|1663607463\n|switch|p1a: Heatran|Heatran, F|81\/100\n|move|p2a: cos they ain't us|U-turn|p1a: Heatran\n|-resisted|p1a: Heatran\n|-damage|p1a: Heatran|78\/100\n|\n|t:|1663607468\n|switch|p2a: Fairy Bread|Keldeo-Resolute|100\/100|[from]move: U-turn\n|\n|upkeep\n|turn|27\n|\n|t:|1663607471\n|switch|p1a: Dragonite|Dragonite, F|94\/100\n|move|p2a: Fairy Bread|Scald|p1a: Dragonite\n|-resisted|p1a: Dragonite\n|-damage|p1a: Dragonite|81\/100\n|\n|upkeep\n|turn|28\n|\n|t:|1663607476\n|switch|p1a: Tapu Koko|Tapu Koko|87\/100\n|-fieldstart|move: Electric Terrain|[from] ability: Electric Surge|[of] p1a: Tapu Koko\n|move|p2a: Fairy Bread|Substitute|p2a: Fairy Bread\n|-start|p2a: Fairy Bread|Substitute\n|-damage|p2a: Fairy Bread|76\/100\n|\n|-heal|p2a: Fairy Bread|82\/100|[from] item: Leftovers\n|upkeep\n|turn|29\n|\n|t:|1663607479\n|move|p1a: Tapu Koko|Dazzling Gleam|p2a: Fairy Bread\n|-supereffective|p2a: Fairy Bread\n|-end|p2a: Fairy Bread|Substitute\n|move|p2a: Fairy Bread|Scald|p1a: Tapu Koko\n|-damage|p1a: Tapu Koko|20\/100\n|\n|-heal|p2a: Fairy Bread|88\/100|[from] item: Leftovers\n|upkeep\n|turn|30\n|\n|t:|1663607486\n|switch|p2a: Homunculus Man|Excadrill, M|58\/100\n|move|p1a: Tapu Koko|Roost|p1a: Tapu Koko\n|-heal|p1a: Tapu Koko|70\/100\n|-singleturn|p1a: Tapu Koko|move: Roost\n|\n|-heal|p2a: Homunculus Man|64\/100|[from] item: Leftovers\n|upkeep\n|turn|31\n|\n|t:|1663607494\n|move|p1a: Tapu Koko|U-turn|p2a: Homunculus Man\n|-resisted|p2a: Homunculus Man\n|-damage|p2a: Homunculus Man|52\/100\n|\n|t:|1663607498\n|switch|p1a: Ferrothorn|Ferrothorn, F|87\/100|[from]move: U-turn\n|move|p2a: Homunculus Man|Iron Head|p1a: Ferrothorn\n|-resisted|p1a: Ferrothorn\n|-damage|p1a: Ferrothorn|74\/100\n|-damage|p2a: Homunculus Man|40\/100|[from] ability: Iron Barbs|[of] p1a: Ferrothorn\n|\n|-heal|p2a: Homunculus Man|46\/100|[from] item: Leftovers\n|upkeep\n|turn|32\n|\n|t:|1663607505\n|switch|p2a: Susan|Tangrowth, F|66\/100\n|move|p1a: Ferrothorn|Spikes|p2a: Susan\n|-sidestart|p2: broked on bricks|Spikes\n|\n|-fieldend|move: Electric Terrain\n|upkeep\n|turn|33\n|\n|t:|1663607516\n|switch|p2a: Homunculus Man|Excadrill, M|46\/100\n|-damage|p2a: Homunculus Man|33\/100|[from] Spikes\n|switch|p1a: Tapu Koko|Tapu Koko|70\/100\n|-fieldstart|move: Electric Terrain|[from] ability: Electric Surge|[of] p1a: Tapu Koko\n|\n|-heal|p2a: Homunculus Man|40\/100|[from] item: Leftovers\n|upkeep\n|turn|34\n|\n|t:|1663607519\n|move|p1a: Tapu Koko|U-turn|p2a: Homunculus Man\n|-resisted|p2a: Homunculus Man\n|-damage|p2a: Homunculus Man|27\/100\n|\n|t:|1663607521\n|switch|p1a: Ferrothorn|Ferrothorn, F|74\/100|[from]move: U-turn\n|move|p2a: Homunculus Man|Rapid Spin|p1a: Ferrothorn\n|-resisted|p1a: Ferrothorn\n|-damage|p1a: Ferrothorn|68\/100\n|-boost|p2a: Homunculus Man|spe|1\n|-damage|p2a: Homunculus Man|15\/100|[from] ability: Iron Barbs|[of] p1a: Ferrothorn\n|-sideend|p2: broked on bricks|Spikes|[from] move: Rapid Spin|[of] p2a: Homunculus Man\n|\n|-heal|p2a: Homunculus Man|21\/100|[from] item: Leftovers\n|upkeep\n|turn|35\n|\n|t:|1663607530\n|switch|p2a: Susan|Tangrowth, F|99\/100\n|move|p1a: Ferrothorn|Spikes|p2a: Susan\n|-sidestart|p2: broked on bricks|Spikes\n|\n|upkeep\n|turn|36\n|\n|t:|1663607532\n|switch|p1a: Tapu Koko|Tapu Koko|70\/100\n|move|p2a: Susan|Knock Off|p1a: Tapu Koko\n|-resisted|p1a: Tapu Koko\n|-damage|p1a: Tapu Koko|54\/100\n|-enditem|p1a: Tapu Koko|Heavy-Duty Boots|[from] move: Knock Off|[of] p2a: Susan\n|\n|upkeep\n|turn|37\n|\n|t:|1663607536\n|move|p1a: Tapu Koko|Roost|p1a: Tapu Koko\n|-heal|p1a: Tapu Koko|100\/100\n|-singleturn|p1a: Tapu Koko|move: Roost\n|move|p2a: Susan|Focus Blast|p1a: Tapu Koko|[miss]\n|-miss|p2a: Susan|p1a: Tapu Koko\n|\n|-fieldend|move: Electric Terrain\n|upkeep\n|turn|38\n|\n|t:|1663607541\n|move|p1a: Tapu Koko|Volt Switch|p2a: Susan\n|-resisted|p2a: Susan\n|-damage|p2a: Susan|79\/100\n|\n|t:|1663607543\n|switch|p1a: Ferrothorn|Ferrothorn, F|68\/100|[from]move: Volt Switch\n|move|p2a: Susan|Sleep Powder|p1a: Ferrothorn\n|-immune|p1a: Ferrothorn\n|\n|upkeep\n|turn|39\n|\n|t:|1663607550\n|switch|p1a: Tapu Koko|Tapu Koko|100\/100\n|-fieldstart|move: Electric Terrain|[from] ability: Electric Surge|[of] p1a: Tapu Koko\n|move|p2a: Susan|Focus Blast|p1a: Tapu Koko|[miss]\n|-miss|p2a: Susan|p1a: Tapu Koko\n|\n|upkeep\n|turn|40\n|\n|t:|1663607560\n|move|p1a: Tapu Koko|Dazzling Gleam|p2a: Susan\n|-damage|p2a: Susan|27\/100\n|move|p2a: Susan|Knock Off|p1a: Tapu Koko\n|-resisted|p1a: Tapu Koko\n|-damage|p1a: Tapu Koko|91\/100\n|\n|upkeep\n|turn|41\n|\n|t:|1663607564\n|switch|p2a: Snot and Debris|Reuniclus, M, shiny|100\/100\n|move|p1a: Tapu Koko|Dazzling Gleam|p2a: Snot and Debris\n|-damage|p2a: Snot and Debris|72\/100\n|\n|-heal|p2a: Snot and Debris|79\/100|[from] item: Leftovers\n|upkeep\n|turn|42\n|\n|t:|1663607569\n|move|p1a: Tapu Koko|Volt Switch|p2a: Snot and Debris\n|-damage|p2a: Snot and Debris|50\/100\n|\n|t:|1663607574\n|switch|p1a: Landorus|Landorus-Therian, M|33\/100|[from]move: Volt Switch\n|-ability|p1a: Landorus|Intimidate|boost\n|-unboost|p2a: Snot and Debris|atk|1\n|move|p2a: Snot and Debris|Recover|p2a: Snot and Debris\n|-heal|p2a: Snot and Debris|99\/100\n|\n|-heal|p2a: Snot and Debris|100\/100|[from] item: Leftovers\n|upkeep\n|turn|43\n|\n|t:|1663607580\n|switch|p2a: cos they ain't us|Tornadus-Therian, M|92\/100\n|move|p1a: Landorus|Knock Off|p2a: cos they ain't us\n|-damage|p2a: cos they ain't us|55\/100\n|\n|-fieldend|move: Electric Terrain\n|upkeep\n|turn|44\n|\n|t:|1663607588\n|switch|p1a: Heatran|Heatran, F|78\/100\n|move|p2a: cos they ain't us|U-turn|p1a: Heatran\n|-resisted|p1a: Heatran\n|-damage|p1a: Heatran|75\/100\n|-status|p2a: cos they ain't us|brn|[from] ability: Flame Body|[of] p1a: Heatran\n|\n|t:|1663607600\n|switch|p2a: Fairy Bread|Keldeo-Resolute|88\/100|[from]move: U-turn\n|-damage|p2a: Fairy Bread|76\/100|[from] Spikes\n|\n|-heal|p2a: Fairy Bread|82\/100|[from] item: Leftovers\n|upkeep\n|turn|45\n|\n|t:|1663607609\n|switch|p1a: Tapu Koko|Tapu Koko|91\/100\n|-fieldstart|move: Electric Terrain|[from] ability: Electric Surge|[of] p1a: Tapu Koko\n|move|p2a: Fairy Bread|Substitute|p2a: Fairy Bread\n|-start|p2a: Fairy Bread|Substitute\n|-damage|p2a: Fairy Bread|57\/100\n|\n|-heal|p2a: Fairy Bread|63\/100|[from] item: Leftovers\n|upkeep\n|turn|46\n|\n|t:|1663607615\n|move|p1a: Tapu Koko|Volt Switch|p2a: Fairy Bread\n|-supereffective|p2a: Fairy Bread\n|-end|p2a: Fairy Bread|Substitute\n|\n|t:|1663607618\n|switch|p1a: Dragonite|Dragonite, F|81\/100|[from]move: Volt Switch\n|move|p2a: Fairy Bread|Substitute|p2a: Fairy Bread\n|-start|p2a: Fairy Bread|Substitute\n|-damage|p2a: Fairy Bread|39\/100\n|\n|-heal|p2a: Fairy Bread|45\/100|[from] item: Leftovers\n|upkeep\n|turn|47\n|\n|t:|1663607621\n|move|p2a: Fairy Bread|Scald|p1a: Dragonite\n|-resisted|p1a: Dragonite\n|-damage|p1a: Dragonite|66\/100\n|move|p1a: Dragonite|Earthquake|p2a: Fairy Bread\n|-end|p2a: Fairy Bread|Substitute\n|\n|-heal|p2a: Fairy Bread|51\/100|[from] item: Leftovers\n|upkeep\n|turn|48\n|\n|t:|1663607626\n|switch|p2a: cos they ain't us|Tornadus-Therian, M|88\/100 brn\n|move|p1a: Dragonite|Roost|p1a: Dragonite\n|-heal|p1a: Dragonite|100\/100\n|-singleturn|p1a: Dragonite|move: Roost\n|\n|-damage|p2a: cos they ain't us|82\/100 brn|[from] brn\n|upkeep\n|turn|49\n|\n|t:|1663607632\n|switch|p1a: Tapu Koko|Tapu Koko|91\/100\n|move|p2a: cos they ain't us|Hurricane|p1a: Tapu Koko\n|-resisted|p1a: Tapu Koko\n|-damage|p1a: Tapu Koko|61\/100\n|\n|-damage|p2a: cos they ain't us|76\/100 brn|[from] brn\n|-fieldend|move: Electric Terrain\n|upkeep\n|turn|50\n|\n|t:|1663607639\n|move|p1a: Tapu Koko|Volt Switch|p2a: cos they ain't us\n|-supereffective|p2a: cos they ain't us\n|-damage|p2a: cos they ain't us|15\/100 brn\n|\n|t:|1663607643\n|switch|p1a: Ferrothorn|Ferrothorn, F|68\/100|[from]move: Volt Switch\n|move|p2a: cos they ain't us|U-turn|p1a: Ferrothorn\n|-damage|p1a: Ferrothorn|64\/100\n|-damage|p2a: cos they ain't us|3\/100 brn|[from] ability: Iron Barbs|[of] p1a: Ferrothorn\n|\n|t:|1663607648\n|switch|p2a: Green Man|Tyranitar, F|74\/100|[from]move: U-turn\n|-damage|p2a: Green Man|62\/100|[from] Spikes\n|-weather|Sandstorm|[from] ability: Sand Stream|[of] p2a: Green Man\n|\n|-weather|Sandstorm|[upkeep]\n|upkeep\n|turn|51\n|\n|t:|1663607652\n|move|p1a: Ferrothorn|Protect|p1a: Ferrothorn\n|-singleturn|p1a: Ferrothorn|Protect\n|move|p2a: Green Man|Superpower|p1a: Ferrothorn\n|-activate|p1a: Ferrothorn|move: Protect\n|\n|-weather|Sandstorm|[upkeep]\n|upkeep\n|turn|52\n|\n|t:|1663607666\n|switch|p2a: Homunculus Man|Excadrill, M|21\/100\n|-damage|p2a: Homunculus Man|8\/100|[from] Spikes\n|switch|p1a: Dragonite|Dragonite, F|100\/100\n|\n|-weather|Sandstorm|[upkeep]\n|-damage|p1a: Dragonite|94\/100|[from] Sandstorm\n|-heal|p2a: Homunculus Man|14\/100|[from] item: Leftovers\n|upkeep\n|turn|53\n|\n|t:|1663607670\n|switch|p2a: cos they ain't us|Tornadus-Therian, M|36\/100 brn\n|move|p1a: Dragonite|Ice Punch|p2a: cos they ain't us\n|-supereffective|p2a: cos they ain't us\n|-damage|p2a: cos they ain't us|0 fnt\n|faint|p2a: cos they ain't us\n|\n|-weather|Sandstorm|[upkeep]\n|-damage|p1a: Dragonite|88\/100|[from] Sandstorm\n|upkeep\n|\n|t:|1663607678\n|switch|p2a: Snot and Debris|Reuniclus, M, shiny|100\/100\n|turn|54\n|\n|t:|1663607682\n|switch|p1a: Landorus|Landorus-Therian, M|33\/100\n|-ability|p1a: Landorus|Intimidate|boost\n|-unboost|p2a: Snot and Debris|atk|1\n|move|p2a: Snot and Debris|Iron Defense|p2a: Snot and Debris\n|-boost|p2a: Snot and Debris|def|2\n|\n|-weather|none\n|upkeep\n|turn|55\n|\n|t:|1663607690\n|move|p1a: Landorus|Knock Off|p2a: Snot and Debris\n|-supereffective|p2a: Snot and Debris\n|-damage|p2a: Snot and Debris|44\/100\n|-enditem|p2a: Snot and Debris|Leftovers|[from] move: Knock Off|[of] p1a: Landorus\n|move|p2a: Snot and Debris|Recover|p2a: Snot and Debris\n|-heal|p2a: Snot and Debris|94\/100\n|\n|upkeep\n|turn|56\n|\n|t:|1663607696\n|switch|p1a: Heatran|Heatran, F|75\/100\n|move|p2a: Snot and Debris|Iron Defense|p2a: Snot and Debris\n|-boost|p2a: Snot and Debris|def|2\n|\n|upkeep\n|turn|57\n|\n|t:|1663607702\n|move|p1a: Heatran|Taunt|p2a: Snot and Debris\n|-start|p2a: Snot and Debris|move: Taunt\n|cant|p2a: Snot and Debris|move: Taunt|Calm Mind\n|\n|upkeep\n|turn|58\n|\n|t:|1663607708\n|move|p1a: Heatran|Magma Storm|p2a: Snot and Debris|[miss]\n|-miss|p1a: Heatran|p2a: Snot and Debris\n|move|p2a: Snot and Debris|Stored Power|p1a: Heatran\n|-resisted|p1a: Heatran\n|-damage|p1a: Heatran|61\/100\n|\n|upkeep\n|turn|59\n|\n|t:|1663607717\n|switch|p2a: Fairy Bread|Keldeo-Resolute|51\/100\n|-damage|p2a: Fairy Bread|39\/100|[from] Spikes\n|move|p1a: Heatran|Earth Power|p2a: Fairy Bread\n|-damage|p2a: Fairy Bread|10\/100\n|\n|-heal|p2a: Fairy Bread|16\/100|[from] item: Leftovers\n|upkeep\n|turn|60\n|\n|t:|1663607722\n|switch|p1a: Dragonite|Dragonite, F|88\/100\n|move|p2a: Fairy Bread|Scald|p1a: Dragonite\n|-resisted|p1a: Dragonite\n|-damage|p1a: Dragonite|75\/100\n|\n|-heal|p2a: Fairy Bread|22\/100|[from] item: Leftovers\n|upkeep\n|turn|61\n|\n|t:|1663607726\n|move|p2a: Fairy Bread|Scald|p1a: Dragonite\n|-resisted|p1a: Dragonite\n|-damage|p1a: Dragonite|62\/100\n|move|p1a: Dragonite|Earthquake|p2a: Fairy Bread\n|-damage|p2a: Fairy Bread|0 fnt\n|faint|p2a: Fairy Bread\n|\n|upkeep\n|c|\u2606broked on bricks|what is the item on that\n|c|\u2606broked on bricks|how is it not burned\n|\n|t:|1663607741\n|switch|p2a: Susan|Tangrowth, F|60\/100\n|-damage|p2a: Susan|48\/100|[from] Spikes\n|turn|62\n|\n|t:|1663607746\n|switch|p1a: Tapu Koko|Tapu Koko|61\/100\n|-fieldstart|move: Electric Terrain|[from] ability: Electric Surge|[of] p1a: Tapu Koko\n|switch|p2a: Green Man|Tyranitar, F|62\/100\n|-damage|p2a: Green Man|49\/100|[from] Spikes\n|-weather|Sandstorm|[from] ability: Sand Stream|[of] p2a: Green Man\n|\n|-weather|Sandstorm|[upkeep]\n|-damage|p1a: Tapu Koko|55\/100|[from] Sandstorm\n|upkeep\n|turn|63\n|\n|t:|1663607751\n|move|p1a: Tapu Koko|U-turn|p2a: Green Man\n|-supereffective|p2a: Green Man\n|-damage|p2a: Green Man|20\/100\n|\n|t:|1663607754\n|switch|p1a: Ferrothorn|Ferrothorn, F|64\/100|[from]move: U-turn\n|move|p2a: Green Man|Superpower|p1a: Ferrothorn\n|-supereffective|p1a: Ferrothorn\n|-damage|p1a: Ferrothorn|0 fnt\n|-unboost|p2a: Green Man|atk|1\n|-unboost|p2a: Green Man|def|1\n|-damage|p2a: Green Man|7\/100|[from] ability: Iron Barbs|[of] p1a: Ferrothorn\n|faint|p1a: Ferrothorn\n|\n|-weather|Sandstorm|[upkeep]\n|upkeep\n|\n|t:|1663607763\n|switch|p1a: Tapu Koko|Tapu Koko|55\/100\n|turn|64\n|\n|t:|1663607770\n|move|p1a: Tapu Koko|U-turn|p2a: Green Man\n|-supereffective|p2a: Green Man\n|-damage|p2a: Green Man|0 fnt\n|faint|p2a: Green Man\n|\n|t:|1663607778\n|switch|p1a: Urshifu|Urshifu-Rapid-Strike, F|76\/100|[from]move: U-turn\n|\n|-weather|Sandstorm|[upkeep]\n|-damage|p1a: Urshifu|70\/100|[from] Sandstorm\n|upkeep\n|\n|t:|1663607787\n|switch|p2a: Susan|Tangrowth, F|81\/100\n|-damage|p2a: Susan|68\/100|[from] Spikes\n|turn|65\n|\n|t:|1663607792\n|move|p1a: Urshifu|U-turn|p2a: Susan\n|-supereffective|p2a: Susan\n|-damage|p2a: Susan|32\/100\n|\n|t:|1663607795\n|switch|p1a: Tapu Koko|Tapu Koko|55\/100|[from]move: U-turn\n|move|p2a: Susan|Power Whip|p1a: Tapu Koko\n|-damage|p1a: Tapu Koko|0 fnt\n|faint|p1a: Tapu Koko\n|\n|-weather|Sandstorm|[upkeep]\n|-damage|p2a: Susan|25\/100|[from] Sandstorm\n|upkeep\n|\n|t:|1663607802\n|switch|p1a: Urshifu|Urshifu-Rapid-Strike, F|70\/100\n|turn|66\n|\n|t:|1663607810\n|switch|p2a: Homunculus Man|Excadrill, M|14\/100\n|-damage|p2a: Homunculus Man|2\/100|[from] Spikes\n|move|p1a: Urshifu|U-turn|p2a: Homunculus Man\n|-resisted|p2a: Homunculus Man\n|-damage|p2a: Homunculus Man|0 fnt\n|faint|p2a: Homunculus Man\n|\n|t:|1663607815\n|switch|p1a: Landorus|Landorus-Therian, M|33\/100|[from]move: U-turn\n|\n|-weather|none\n|-fieldend|move: Electric Terrain\n|upkeep\n|\n|t:|1663607819\n|switch|p2a: Susan|Tangrowth, F|59\/100\n|-damage|p2a: Susan|46\/100|[from] Spikes\n|turn|67\n|\n|t:|1663607822\n|move|p1a: Landorus|U-turn|p2a: Susan\n|-supereffective|p2a: Susan\n|-damage|p2a: Susan|0 fnt\n|faint|p2a: Susan\n|\n|t:|1663607825\n|switch|p1a: Heatran|Heatran, F|61\/100|[from]move: U-turn\n|\n|upkeep\n|c|\u2606broked on bricks|gg\n|j| DynoMyte\n|-message|broked on bricks forfeited.\n|\n|win|Ucritmeustupid\n|raw|Ucritmeustupid's rating: 1691 &rarr; <strong>1709<\/strong><br \/>(+18 for winning)\n|raw|broked on bricks's rating: 1654 &rarr; <strong>1636<\/strong><br \/>(-18 for losing)\n|l|\u2606broked on bricks\n|c|\u2606Ucritmeustupid|Gg\n","uploadtime":1663607849,"views":13,"p1id":"ucritmeustupid","p2id":"brokedonbricks","formatid":"gen8ou","rating":1636,"private":0,"password":null}