{"id":"gen8purehackmons-1706969269","p1":"Meta Warriors )","p2":"pepeumm","format":"gen8purehackmons","log":"|j|\u2606Meta Warriors )\n|j|\u2606pepeumm\n|t:|1668037416\n|gametype|singles\n|player|p1|Meta Warriors )|rose|1101\n|player|p2|pepeumm|169|1000\n|teamsize|p1|6\n|teamsize|p2|6\n|gen|8\n|tier|[Gen 8] Pure Hackmons\n|rated|\n|rule|HP Percentage Mod: HP is shown in percentages\n|rule|Endless Battle Clause: Forcing endless battles is banned\n|clearpoke\n|poke|p1|Regieleki|\n|poke|p1|Calyrex-Shadow, L99|\n|poke|p1|Shedinja|\n|poke|p1|Eternatus-Eternamax|\n|poke|p1|Eternatus-Eternamax|\n|poke|p1|Zygarde-Complete|\n|poke|p2|Giratina-Origin|\n|poke|p2|Shuckle, M|\n|poke|p2|Zacian-Crowned|\n|poke|p2|Zamazenta-Crowned|\n|poke|p2|Wooper, M|\n|poke|p2|Eternatus-Eternamax|\n|teampreview\n|\n|t:|1668037447\n|start\n|switch|p1a: Shedinja|Shedinja|100\/100\n|switch|p2a: Eternatus|Eternatus-Eternamax|100\/100\n|turn|1\n|\n|t:|1668037457\n|move|p2a: Eternatus|Toxic|p1a: Shedinja\n|-status|p1a: Shedinja|tox\n|move|p1a: Shedinja|Fissure|p2a: Eternatus|[miss]\n|-miss|p1a: Shedinja|p2a: Eternatus\n|\n|-damage|p1a: Shedinja|0 fnt|[from] psn\n|faint|p1a: Shedinja\n|upkeep\n|\n|t:|1668037468\n|switch|p1a: Eternatus|Eternatus-Eternamax|100\/100\n|-ability|p1a: Eternatus|Neutralizing Gas\n|turn|2\n|\n|t:|1668037474\n|move|p1a: Eternatus|Substitute|p1a: Eternatus\n|-start|p1a: Eternatus|Substitute\n|-damage|p1a: Eternatus|76\/100\n|move|p2a: Eternatus|Sunny Day|p2a: Eternatus\n|-weather|SunnyDay\n|\n|-weather|SunnyDay|[upkeep]\n|-heal|p1a: Eternatus|82\/100|[from] item: Leftovers\n|upkeep\n|turn|3\n|\n|t:|1668037481\n|move|p1a: Eternatus|Ingrain|p1a: Eternatus\n|-start|p1a: Eternatus|move: Ingrain\n|move|p2a: Eternatus|Growth|p2a: Eternatus\n|-boost|p2a: Eternatus|atk|2\n|-boost|p2a: Eternatus|spa|2\n|\n|-weather|SunnyDay|[upkeep]\n|-heal|p1a: Eternatus|88\/100|[from] item: Leftovers\n|-heal|p1a: Eternatus|94\/100|[from] Ingrain\n|upkeep\n|turn|4\n|l|\u2606pepeumm\n|player|p2|\n|inactive|Battle timer is ON: inactive players will automatically lose when time's up. (requested by Meta Warriors ))\n|j|\u2606pepeumm\n|inactive|pepeumm reconnected and has 140 seconds left.\n|player|p2|pepeumm|169\n|\n|t:|1668037529\n|move|p1a: Eternatus|Iron Defense|p1a: Eternatus\n|-boost|p1a: Eternatus|def|2\n|move|p2a: Eternatus|Growth|p2a: Eternatus\n|-boost|p2a: Eternatus|atk|2\n|-boost|p2a: Eternatus|spa|2\n|\n|-weather|SunnyDay|[upkeep]\n|-heal|p1a: Eternatus|99\/100|[from] item: Leftovers\n|-heal|p1a: Eternatus|100\/100|[from] Ingrain\n|upkeep\n|turn|5\n|\n|t:|1668037544\n|move|p1a: Eternatus|Iron Defense|p1a: Eternatus\n|-boost|p1a: Eternatus|def|2\n|move|p2a: Eternatus|Growth|p2a: Eternatus\n|-boost|p2a: Eternatus|atk|2\n|-boost|p2a: Eternatus|spa|2\n|\n|-weather|SunnyDay|[upkeep]\n|upkeep\n|turn|6\n|\n|t:|1668037552\n|move|p1a: Eternatus|Iron Defense|p1a: Eternatus\n|-boost|p1a: Eternatus|def|2\n|move|p2a: Eternatus|Baton Pass|p2a: Eternatus\n|\n|t:|1668037557\n|switch|p2a: Zamazenta|Zamazenta-Crowned|100\/100|[from]move: Baton Pass\n|\n|-weather|none\n|upkeep\n|turn|7\n|\n|t:|1668037563\n|move|p1a: Eternatus|Baton Pass|p1a: Eternatus\n|\n|t:|1668037566\n|-end|p1a: Eternatus|ability: Neutralizing Gas\n|switch|p1a: Eternatus|Eternatus-Eternamax|100\/100|[from]move: Baton Pass\n|move|p2a: Zamazenta|Cotton Guard|p2a: Zamazenta\n|-boost|p2a: Zamazenta|def|3\n|\n|upkeep\n|turn|8\n|\n|t:|1668037576\n|move|p1a: Eternatus|Geomancy||[still]\n|-prepare|p1a: Eternatus|Geomancy\n|move|p2a: Zamazenta|Cotton Guard|p2a: Zamazenta\n|-boost|p2a: Zamazenta|def|3\n|\n|upkeep\n|turn|9\n|\n|t:|1668037581\n|move|p1a: Eternatus|Geomancy|p1a: Eternatus|[from]lockedmove\n|-boost|p1a: Eternatus|spa|4\n|-boost|p1a: Eternatus|spd|4\n|-boost|p1a: Eternatus|spe|4\n|move|p2a: Zamazenta|Behemoth Bash|p1a: Eternatus\n|-activate|p1a: Eternatus|move: Substitute|[damage]\n|\n|upkeep\n|turn|10\n|\n|t:|1668037594\n|move|p1a: Eternatus|Bulk Up|p1a: Eternatus\n|-boost|p1a: Eternatus|atk|2\n|-boost|p1a: Eternatus|def|0\n|move|p2a: Zamazenta|Body Press|p1a: Eternatus\n|-resisted|p1a: Eternatus\n|-activate|p1a: Eternatus|move: Substitute|[damage]\n|\n|upkeep\n|turn|11\n|\n|t:|1668037602\n|move|p1a: Eternatus|Bulk Up|p1a: Eternatus\n|-boost|p1a: Eternatus|atk|2\n|-boost|p1a: Eternatus|def|0\n|move|p2a: Zamazenta|Behemoth Bash|p1a: Eternatus\n|-end|p1a: Eternatus|Substitute\n|\n|upkeep\n|turn|12\n|\n|t:|1668037610\n|move|p1a: Eternatus|Substitute|p1a: Eternatus\n|-start|p1a: Eternatus|Substitute\n|-damage|p1a: Eternatus|76\/100\n|move|p2a: Zamazenta|Body Press|p1a: Eternatus\n|-resisted|p1a: Eternatus\n|-activate|p1a: Eternatus|move: Substitute|[damage]\n|\n|-heal|p1a: Eternatus|82\/100|[from] item: Black Sludge\n|-heal|p1a: Eternatus|88\/100|[from] Ingrain\n|upkeep\n|turn|13\n|\n|t:|1668037619\n|move|p1a: Eternatus|Baton Pass|p1a: Eternatus\n|\n|t:|1668037622\n|switch|p1a: Zygarde|Zygarde-Complete|100\/100|[from]move: Baton Pass\n|move|p2a: Zamazenta|Body Press|p1a: Zygarde\n|-activate|p1a: Zygarde|move: Substitute|[damage]\n|\n|upkeep\n|turn|14\n|\n|t:|1668037630\n|move|p1a: Zygarde|Stored Power|p2a: Zamazenta\n|-damage|p2a: Zamazenta|0 fnt\n|faint|p2a: Zamazenta\n|\n|upkeep\n|\n|t:|1668037652\n|switch|p2a: Zacian|Zacian-Crowned|100\/100\n|turn|15\n|\n|t:|1668037663\n|move|p1a: Zygarde|Stored Power|p2a: Zacian\n|-resisted|p2a: Zacian\n|-damage|p2a: Zacian|0 fnt\n|faint|p2a: Zacian\n|\n|upkeep\n|\n|t:|1668037671\n|switch|p2a: Shuckle|Shuckle, M|100\/100\n|turn|16\n|\n|t:|1668037677\n|move|p1a: Zygarde|Stored Power|p2a: Shuckle\n|-damage|p2a: Shuckle|0 fnt\n|faint|p2a: Shuckle\n|\n|upkeep\n|\n|t:|1668037683\n|switch|p2a: Eternatus|Eternatus-Eternamax|100\/100\n|turn|17\n|\n|t:|1668037693\n|move|p1a: Zygarde|Stored Power|p2a: Eternatus\n|-supereffective|p2a: Eternatus\n|-damage|p2a: Eternatus|0 fnt\n|faint|p2a: Eternatus\n|\n|upkeep\n|\n|t:|1668037704\n|switch|p2a: Wooper|Wooper, M, shiny|100\/100\n|turn|18\n|\n|t:|1668037708\n|move|p1a: Zygarde|Stored Power|p2a: Wooper\n|-damage|p2a: Wooper|0 fnt\n|-ability|p2a: Wooper|Cotton Down\n|-unboost|p1a: Zygarde|spe|1\n|faint|p2a: Wooper\n|\n|upkeep\n|\n|t:|1668037714\n|switch|p2a: Giratina|Giratina-Origin|100\/100\n|-ability|p2a: Giratina|As One\n|-ability|p2a: Giratina|Unnerve\n|turn|19\n|\n|t:|1668037720\n|move|p1a: Zygarde|Stored Power|p2a: Giratina\n|-damage|p2a: Giratina|0 fnt\n|faint|p2a: Giratina\n|\n|win|Meta Warriors )\n|raw|Meta Warriors )'s rating: 1101 &rarr; <strong>1119<\/strong><br \/>(+18 for winning)\n|raw|pepeumm's rating: 1000 &rarr; <strong>1000<\/strong><br \/>(+0 for losing)\n|l|\u2606pepeumm\n|c|\u2606Meta Warriors )|gg\n","uploadtime":1668037752,"views":3,"p1id":"metawarriors","p2id":"pepeumm","formatid":"gen8purehackmons","rating":1000,"private":0,"password":null}