{"id":"gen8ou-1561520862","p1":"fishy8995","p2":"Gym Trainer Elite","format":"gen8ou","log":"|j|\u2606fishy8995\n|j|\u2606Gym Trainer Elite\n|inactive|Battle timer is ON: inactive players will automatically lose when time's up.\n|t:|1650951706\n|gametype|singles\n|player|p1|fishy8995|265|\n|player|p2|Gym Trainer Elite|#drelite|\n|teamsize|p1|6\n|teamsize|p2|6\n|gen|8\n|tier|[Gen 8] OU\n|rated|Tournament battle\n|rule|Sleep Clause Mod: Limit one foe put to sleep\n|rule|Species Clause: Limit one of each Pok\u00e9mon\n|rule|OHKO Clause: OHKO moves are banned\n|rule|Evasion Moves Clause: Evasion moves are banned\n|rule|Endless Battle Clause: Forcing endless battles is banned\n|rule|HP Percentage Mod: HP is shown in percentages\n|rule|Dynamax Clause: You cannot dynamax\n|clearpoke\n|poke|p1|Hippowdon, F|\n|poke|p1|Tyranitar, M|\n|poke|p1|Excadrill, M|\n|poke|p1|Dragonite, F|\n|poke|p1|Toxapex, F|\n|poke|p1|Dracozolt|\n|poke|p2|Primarina, F|\n|poke|p2|Clefable, F|\n|poke|p2|Togekiss, M|\n|poke|p2|Hatterene, F|\n|poke|p2|Ninetales-Alola, F|\n|poke|p2|Klefki, F|\n|teampreview\n|j| Ad.... 067 \u30c4\n|j| DJStankyJunk\n|\n|t:|1650951719\n|start\n|switch|p1a: Hippowdon|Hippowdon, F|100\/100\n|switch|p2a: Love|Primarina, F|100\/100\n|-weather|Sandstorm|[from] ability: Sand Stream|[of] p1a: Hippowdon\n|turn|1\n|\n|t:|1650951723\n|switch|p1a: Toxapex|Toxapex, F|100\/100\n|move|p2a: Love|Scald|p1a: Toxapex\n|-resisted|p1a: Toxapex\n|-damage|p1a: Toxapex|90\/100\n|\n|-weather|Sandstorm|[upkeep]\n|-damage|p2a: Love|94\/100|[from] Sandstorm\n|-damage|p1a: Toxapex|84\/100|[from] Sandstorm\n|-heal|p2a: Love|100\/100|[from] item: Leftovers\n|-heal|p1a: Toxapex|90\/100|[from] item: Black Sludge\n|upkeep\n|turn|2\n|j| Kraymar\n|inactive|fishy8995 has 120 seconds left.\n|\n|t:|1650951754\n|switch|p1a: Excadrill|Excadrill, M|100\/100\n|move|p2a: Love|Substitute|p2a: Love\n|-start|p2a: Love|Substitute\n|-damage|p2a: Love|75\/100\n|\n|-weather|Sandstorm|[upkeep]\n|-damage|p2a: Love|69\/100|[from] Sandstorm\n|-heal|p2a: Love|75\/100|[from] item: Leftovers\n|upkeep\n|turn|3\n|\n|t:|1650951761\n|switch|p1a: Toxapex|Toxapex, F|100\/100\n|move|p2a: Love|Calm Mind|p2a: Love\n|-boost|p2a: Love|spa|1\n|-boost|p2a: Love|spd|1\n|\n|-weather|Sandstorm|[upkeep]\n|-damage|p2a: Love|69\/100|[from] Sandstorm\n|-damage|p1a: Toxapex|94\/100|[from] Sandstorm\n|-heal|p2a: Love|75\/100|[from] item: Leftovers\n|-heal|p1a: Toxapex|100\/100|[from] item: Black Sludge\n|upkeep\n|turn|4\n|\n|t:|1650951772\n|move|p2a: Love|Calm Mind|p2a: Love\n|-boost|p2a: Love|spa|1\n|-boost|p2a: Love|spd|1\n|move|p1a: Toxapex|Stockpile|p1a: Toxapex\n|-start|p1a: Toxapex|stockpile1\n|-boost|p1a: Toxapex|def|1\n|-boost|p1a: Toxapex|spd|1\n|\n|-weather|Sandstorm|[upkeep]\n|-damage|p2a: Love|69\/100|[from] Sandstorm\n|-damage|p1a: Toxapex|94\/100|[from] Sandstorm\n|-heal|p2a: Love|75\/100|[from] item: Leftovers\n|-heal|p1a: Toxapex|100\/100|[from] item: Black Sludge\n|upkeep\n|turn|5\n|\n|t:|1650951775\n|move|p2a: Love|Calm Mind|p2a: Love\n|-boost|p2a: Love|spa|1\n|-boost|p2a: Love|spd|1\n|move|p1a: Toxapex|Stockpile|p1a: Toxapex\n|-start|p1a: Toxapex|stockpile2\n|-boost|p1a: Toxapex|def|1\n|-boost|p1a: Toxapex|spd|1\n|\n|-weather|Sandstorm|[upkeep]\n|-damage|p2a: Love|69\/100|[from] Sandstorm\n|-damage|p1a: Toxapex|94\/100|[from] Sandstorm\n|-heal|p2a: Love|75\/100|[from] item: Leftovers\n|-heal|p1a: Toxapex|100\/100|[from] item: Black Sludge\n|upkeep\n|turn|6\n|\n|t:|1650951783\n|move|p2a: Love|Scald|p1a: Toxapex\n|-resisted|p1a: Toxapex\n|-damage|p1a: Toxapex|88\/100\n|move|p1a: Toxapex|Stockpile|p1a: Toxapex\n|-start|p1a: Toxapex|stockpile3\n|-boost|p1a: Toxapex|def|1\n|-boost|p1a: Toxapex|spd|1\n|\n|-weather|Sandstorm|[upkeep]\n|-damage|p2a: Love|69\/100|[from] Sandstorm\n|-damage|p1a: Toxapex|82\/100|[from] Sandstorm\n|-heal|p2a: Love|75\/100|[from] item: Leftovers\n|-heal|p1a: Toxapex|88\/100|[from] item: Black Sludge\n|upkeep\n|turn|7\n|\n|t:|1650951788\n|move|p2a: Love|Scald|p1a: Toxapex\n|-resisted|p1a: Toxapex\n|-damage|p1a: Toxapex|79\/100\n|move|p1a: Toxapex|Scald|p2a: Love\n|-resisted|p2a: Love\n|-activate|p2a: Love|move: Substitute|[damage]\n|\n|-weather|Sandstorm|[upkeep]\n|-damage|p2a: Love|69\/100|[from] Sandstorm\n|-damage|p1a: Toxapex|73\/100|[from] Sandstorm\n|-heal|p2a: Love|75\/100|[from] item: Leftovers\n|-heal|p1a: Toxapex|79\/100|[from] item: Black Sludge\n|upkeep\n|turn|8\n|\n|t:|1650951802\n|move|p2a: Love|Scald|p1a: Toxapex\n|-resisted|p1a: Toxapex\n|-damage|p1a: Toxapex|68\/100\n|move|p1a: Toxapex|Scald|p2a: Love\n|-resisted|p2a: Love\n|-activate|p2a: Love|move: Substitute|[damage]\n|\n|-weather|none\n|-heal|p2a: Love|82\/100|[from] item: Leftovers\n|-heal|p1a: Toxapex|74\/100|[from] item: Black Sludge\n|upkeep\n|turn|9\n|c|\u2606Gym Trainer Elite|What is this new level of Toxapex strangeness?\n|\n|t:|1650951820\n|move|p2a: Love|Scald|p1a: Toxapex\n|-resisted|p1a: Toxapex\n|-damage|p1a: Toxapex|63\/100\n|-status|p1a: Toxapex|brn\n|move|p1a: Toxapex|Scald|p2a: Love\n|-resisted|p2a: Love\n|-activate|p2a: Love|move: Substitute|[damage]\n|\n|-heal|p2a: Love|88\/100|[from] item: Leftovers\n|-heal|p1a: Toxapex|70\/100 brn|[from] item: Black Sludge\n|-damage|p1a: Toxapex|63\/100 brn|[from] brn\n|upkeep\n|turn|10\n|j| Cra3k\n|\n|t:|1650951838\n|move|p2a: Love|Calm Mind|p2a: Love\n|-boost|p2a: Love|spa|1\n|-boost|p2a: Love|spd|1\n|move|p1a: Toxapex|Recover|p1a: Toxapex\n|-heal|p1a: Toxapex|100\/100 brn\n|\n|-heal|p2a: Love|94\/100|[from] item: Leftovers\n|-damage|p1a: Toxapex|94\/100 brn|[from] brn\n|upkeep\n|turn|11\n|c|\u2606fishy8995|yrs\n|c|\u2606fishy8995|yus\n|inactive|fishy8995 has 120 seconds left.\n|\n|t:|1650951868\n|move|p2a: Love|Calm Mind|p2a: Love\n|-boost|p2a: Love|spa|1\n|-boost|p2a: Love|spd|1\n|move|p1a: Toxapex|Scald|p2a: Love\n|-resisted|p2a: Love\n|-activate|p2a: Love|move: Substitute|[damage]\n|\n|-heal|p2a: Love|99\/100|[from] item: Leftovers\n|-heal|p1a: Toxapex|100\/100 brn|[from] item: Black Sludge\n|-damage|p1a: Toxapex|94\/100 brn|[from] brn\n|upkeep\n|turn|12\n|\n|t:|1650951873\n|move|p2a: Love|Calm Mind|p2a: Love\n|-boost|p2a: Love|spa|1\n|-boost|p2a: Love|spd|1\n|move|p1a: Toxapex|Scald|p2a: Love\n|-resisted|p2a: Love\n|-activate|p2a: Love|move: Substitute|[damage]\n|\n|-heal|p2a: Love|100\/100|[from] item: Leftovers\n|-heal|p1a: Toxapex|100\/100 brn|[from] item: Black Sludge\n|-damage|p1a: Toxapex|94\/100 brn|[from] brn\n|upkeep\n|turn|13\n|inactive|fishy8995 has 120 seconds left.\n|\n|t:|1650951894\n|move|p2a: Love|Calm Mind|p2a: Love\n|-boost|p2a: Love|spa|0\n|-boost|p2a: Love|spd|0\n|move|p1a: Toxapex|Scald|p2a: Love\n|-resisted|p2a: Love\n|-activate|p2a: Love|move: Substitute|[damage]\n|\n|-heal|p1a: Toxapex|100\/100 brn|[from] item: Black Sludge\n|-damage|p1a: Toxapex|94\/100 brn|[from] brn\n|upkeep\n|turn|14\n|inactive|fishy8995 has 120 seconds left.\n|\n|t:|1650951908\n|move|p2a: Love|Calm Mind|p2a: Love\n|-boost|p2a: Love|spa|0\n|-boost|p2a: Love|spd|0\n|move|p1a: Toxapex|Scald|p2a: Love\n|-resisted|p2a: Love\n|-activate|p2a: Love|move: Substitute|[damage]\n|\n|-heal|p1a: Toxapex|100\/100 brn|[from] item: Black Sludge\n|-damage|p1a: Toxapex|94\/100 brn|[from] brn\n|upkeep\n|turn|15\n|\n|t:|1650951912\n|move|p2a: Love|Calm Mind|p2a: Love\n|-boost|p2a: Love|spa|0\n|-boost|p2a: Love|spd|0\n|move|p1a: Toxapex|Scald|p2a: Love\n|-resisted|p2a: Love\n|-activate|p2a: Love|move: Substitute|[damage]\n|\n|-heal|p1a: Toxapex|100\/100 brn|[from] item: Black Sludge\n|-damage|p1a: Toxapex|94\/100 brn|[from] brn\n|upkeep\n|turn|16\n|\n|t:|1650951914\n|move|p2a: Love|Calm Mind|p2a: Love\n|-boost|p2a: Love|spa|0\n|-boost|p2a: Love|spd|0\n|move|p1a: Toxapex|Scald|p2a: Love\n|-resisted|p2a: Love\n|-activate|p2a: Love|move: Substitute|[damage]\n|\n|-heal|p1a: Toxapex|100\/100 brn|[from] item: Black Sludge\n|-damage|p1a: Toxapex|94\/100 brn|[from] brn\n|upkeep\n|turn|17\n|\n|t:|1650951916\n|move|p2a: Love|Calm Mind|p2a: Love\n|-boost|p2a: Love|spa|0\n|-boost|p2a: Love|spd|0\n|move|p1a: Toxapex|Scald|p2a: Love\n|-resisted|p2a: Love\n|-activate|p2a: Love|move: Substitute|[damage]\n|\n|-heal|p1a: Toxapex|100\/100 brn|[from] item: Black Sludge\n|-damage|p1a: Toxapex|94\/100 brn|[from] brn\n|upkeep\n|turn|18\n|\n|t:|1650951918\n|move|p2a: Love|Calm Mind|p2a: Love\n|-boost|p2a: Love|spa|0\n|-boost|p2a: Love|spd|0\n|move|p1a: Toxapex|Scald|p2a: Love\n|-resisted|p2a: Love\n|-activate|p2a: Love|move: Substitute|[damage]\n|\n|-heal|p1a: Toxapex|100\/100 brn|[from] item: Black Sludge\n|-damage|p1a: Toxapex|94\/100 brn|[from] brn\n|upkeep\n|turn|19\n|\n|t:|1650951920\n|move|p2a: Love|Calm Mind|p2a: Love\n|-boost|p2a: Love|spa|0\n|-boost|p2a: Love|spd|0\n|move|p1a: Toxapex|Scald|p2a: Love\n|-resisted|p2a: Love\n|-activate|p2a: Love|move: Substitute|[damage]\n|\n|-heal|p1a: Toxapex|100\/100 brn|[from] item: Black Sludge\n|-damage|p1a: Toxapex|94\/100 brn|[from] brn\n|upkeep\n|turn|20\n|\n|t:|1650951923\n|move|p2a: Love|Calm Mind|p2a: Love\n|-boost|p2a: Love|spa|0\n|-boost|p2a: Love|spd|0\n|move|p1a: Toxapex|Stockpile||[still]\n|-fail|p1a: Toxapex\n|\n|-heal|p1a: Toxapex|100\/100 brn|[from] item: Black Sludge\n|-damage|p1a: Toxapex|94\/100 brn|[from] brn\n|upkeep\n|turn|21\n|\n|t:|1650951929\n|move|p2a: Love|Calm Mind|p2a: Love\n|-boost|p2a: Love|spa|0\n|-boost|p2a: Love|spd|0\n|move|p1a: Toxapex|Stockpile||[still]\n|-fail|p1a: Toxapex\n|\n|-heal|p1a: Toxapex|100\/100 brn|[from] item: Black Sludge\n|-damage|p1a: Toxapex|94\/100 brn|[from] brn\n|upkeep\n|turn|22\n|\n|t:|1650951942\n|move|p2a: Love|Calm Mind|p2a: Love\n|-boost|p2a: Love|spa|0\n|-boost|p2a: Love|spd|0\n|move|p1a: Toxapex|Stockpile||[still]\n|-fail|p1a: Toxapex\n|\n|-heal|p1a: Toxapex|100\/100 brn|[from] item: Black Sludge\n|-damage|p1a: Toxapex|94\/100 brn|[from] brn\n|upkeep\n|turn|23\n|\n|t:|1650951945\n|move|p2a: Love|Calm Mind|p2a: Love\n|-boost|p2a: Love|spa|0\n|-boost|p2a: Love|spd|0\n|move|p1a: Toxapex|Stockpile||[still]\n|-fail|p1a: Toxapex\n|\n|-heal|p1a: Toxapex|100\/100 brn|[from] item: Black Sludge\n|-damage|p1a: Toxapex|94\/100 brn|[from] brn\n|upkeep\n|turn|24\n|\n|t:|1650951954\n|move|p2a: Love|Calm Mind|p2a: Love\n|-boost|p2a: Love|spa|0\n|-boost|p2a: Love|spd|0\n|move|p1a: Toxapex|Stockpile||[still]\n|-fail|p1a: Toxapex\n|\n|-heal|p1a: Toxapex|100\/100 brn|[from] item: Black Sludge\n|-damage|p1a: Toxapex|94\/100 brn|[from] brn\n|upkeep\n|turn|25\n|\n|t:|1650951956\n|move|p2a: Love|Calm Mind|p2a: Love\n|-boost|p2a: Love|spa|0\n|-boost|p2a: Love|spd|0\n|move|p1a: Toxapex|Stockpile||[still]\n|-fail|p1a: Toxapex\n|\n|-heal|p1a: Toxapex|100\/100 brn|[from] item: Black Sludge\n|-damage|p1a: Toxapex|94\/100 brn|[from] brn\n|upkeep\n|turn|26\n|\n|t:|1650951958\n|move|p2a: Love|Calm Mind|p2a: Love\n|-boost|p2a: Love|spa|0\n|-boost|p2a: Love|spd|0\n|move|p1a: Toxapex|Stockpile||[still]\n|-fail|p1a: Toxapex\n|\n|-heal|p1a: Toxapex|100\/100 brn|[from] item: Black Sludge\n|-damage|p1a: Toxapex|94\/100 brn|[from] brn\n|upkeep\n|turn|27\n|\n|t:|1650951961\n|move|p2a: Love|Calm Mind|p2a: Love\n|-boost|p2a: Love|spa|0\n|-boost|p2a: Love|spd|0\n|move|p1a: Toxapex|Stockpile||[still]\n|-fail|p1a: Toxapex\n|\n|-heal|p1a: Toxapex|100\/100 brn|[from] item: Black Sludge\n|-damage|p1a: Toxapex|94\/100 brn|[from] brn\n|upkeep\n|turn|28\n|\n|t:|1650951964\n|move|p2a: Love|Calm Mind|p2a: Love\n|-boost|p2a: Love|spa|0\n|-boost|p2a: Love|spd|0\n|move|p1a: Toxapex|Stockpile||[still]\n|-fail|p1a: Toxapex\n|\n|-heal|p1a: Toxapex|100\/100 brn|[from] item: Black Sludge\n|-damage|p1a: Toxapex|94\/100 brn|[from] brn\n|upkeep\n|turn|29\n|\n|t:|1650951966\n|move|p2a: Love|Calm Mind|p2a: Love\n|-boost|p2a: Love|spa|0\n|-boost|p2a: Love|spd|0\n|move|p1a: Toxapex|Stockpile||[still]\n|-fail|p1a: Toxapex\n|\n|-heal|p1a: Toxapex|100\/100 brn|[from] item: Black Sludge\n|-damage|p1a: Toxapex|94\/100 brn|[from] brn\n|upkeep\n|turn|30\n|\n|t:|1650951968\n|move|p2a: Love|Calm Mind|p2a: Love\n|-boost|p2a: Love|spa|0\n|-boost|p2a: Love|spd|0\n|move|p1a: Toxapex|Stockpile||[still]\n|-fail|p1a: Toxapex\n|\n|-heal|p1a: Toxapex|100\/100 brn|[from] item: Black Sludge\n|-damage|p1a: Toxapex|94\/100 brn|[from] brn\n|upkeep\n|turn|31\n|\n|t:|1650951970\n|move|p2a: Love|Calm Mind|p2a: Love\n|-boost|p2a: Love|spa|0\n|-boost|p2a: Love|spd|0\n|move|p1a: Toxapex|Stockpile||[still]\n|-fail|p1a: Toxapex\n|\n|-heal|p1a: Toxapex|100\/100 brn|[from] item: Black Sludge\n|-damage|p1a: Toxapex|94\/100 brn|[from] brn\n|upkeep\n|turn|32\n|\n|t:|1650951972\n|move|p2a: Love|Calm Mind|p2a: Love\n|-boost|p2a: Love|spa|0\n|-boost|p2a: Love|spd|0\n|move|p1a: Toxapex|Stockpile||[still]\n|-fail|p1a: Toxapex\n|\n|-heal|p1a: Toxapex|100\/100 brn|[from] item: Black Sludge\n|-damage|p1a: Toxapex|94\/100 brn|[from] brn\n|upkeep\n|turn|33\n|\n|t:|1650951974\n|move|p2a: Love|Calm Mind|p2a: Love\n|-boost|p2a: Love|spa|0\n|-boost|p2a: Love|spd|0\n|move|p1a: Toxapex|Stockpile||[still]\n|-fail|p1a: Toxapex\n|\n|-heal|p1a: Toxapex|100\/100 brn|[from] item: Black Sludge\n|-damage|p1a: Toxapex|94\/100 brn|[from] brn\n|upkeep\n|turn|34\n|\n|t:|1650951977\n|move|p2a: Love|Substitute|p2a: Love\n|-fail|p2a: Love|move: Substitute\n|move|p1a: Toxapex|Stockpile||[still]\n|-fail|p1a: Toxapex\n|\n|-heal|p1a: Toxapex|100\/100 brn|[from] item: Black Sludge\n|-damage|p1a: Toxapex|94\/100 brn|[from] brn\n|upkeep\n|turn|35\n|\n|t:|1650951979\n|move|p2a: Love|Substitute|p2a: Love\n|-fail|p2a: Love|move: Substitute\n|move|p1a: Toxapex|Stockpile||[still]\n|-fail|p1a: Toxapex\n|\n|-heal|p1a: Toxapex|100\/100 brn|[from] item: Black Sludge\n|-damage|p1a: Toxapex|94\/100 brn|[from] brn\n|upkeep\n|turn|36\n|\n|t:|1650951980\n|move|p2a: Love|Substitute|p2a: Love\n|-fail|p2a: Love|move: Substitute\n|move|p1a: Toxapex|Stockpile||[still]\n|-fail|p1a: Toxapex\n|\n|-heal|p1a: Toxapex|100\/100 brn|[from] item: Black Sludge\n|-damage|p1a: Toxapex|94\/100 brn|[from] brn\n|upkeep\n|turn|37\n|\n|t:|1650951985\n|move|p2a: Love|Substitute|p2a: Love\n|-fail|p2a: Love|move: Substitute\n|move|p1a: Toxapex|Stockpile||[still]\n|-fail|p1a: Toxapex\n|\n|-heal|p1a: Toxapex|100\/100 brn|[from] item: Black Sludge\n|-damage|p1a: Toxapex|94\/100 brn|[from] brn\n|upkeep\n|turn|38\n|\n|t:|1650951987\n|move|p2a: Love|Calm Mind|p2a: Love\n|-boost|p2a: Love|spa|0\n|-boost|p2a: Love|spd|0\n|move|p1a: Toxapex|Stockpile||[still]\n|-fail|p1a: Toxapex\n|\n|-heal|p1a: Toxapex|100\/100 brn|[from] item: Black Sludge\n|-damage|p1a: Toxapex|94\/100 brn|[from] brn\n|upkeep\n|turn|39\n|\n|t:|1650951989\n|move|p2a: Love|Calm Mind|p2a: Love\n|-boost|p2a: Love|spa|0\n|-boost|p2a: Love|spd|0\n|move|p1a: Toxapex|Toxic||[still]\n|-fail|p1a: Toxapex\n|\n|-heal|p1a: Toxapex|100\/100 brn|[from] item: Black Sludge\n|-damage|p1a: Toxapex|94\/100 brn|[from] brn\n|upkeep\n|turn|40\n|\n|t:|1650951991\n|move|p2a: Love|Substitute|p2a: Love\n|-fail|p2a: Love|move: Substitute\n|move|p1a: Toxapex|Toxic||[still]\n|-fail|p1a: Toxapex\n|\n|-heal|p1a: Toxapex|100\/100 brn|[from] item: Black Sludge\n|-damage|p1a: Toxapex|94\/100 brn|[from] brn\n|upkeep\n|turn|41\n|\n|t:|1650951993\n|move|p2a: Love|Substitute|p2a: Love\n|-fail|p2a: Love|move: Substitute\n|move|p1a: Toxapex|Toxic||[still]\n|-fail|p1a: Toxapex\n|\n|-heal|p1a: Toxapex|100\/100 brn|[from] item: Black Sludge\n|-damage|p1a: Toxapex|94\/100 brn|[from] brn\n|upkeep\n|turn|42\n|\n|t:|1650951994\n|move|p2a: Love|Calm Mind|p2a: Love\n|-boost|p2a: Love|spa|0\n|-boost|p2a: Love|spd|0\n|move|p1a: Toxapex|Toxic||[still]\n|-fail|p1a: Toxapex\n|\n|-heal|p1a: Toxapex|100\/100 brn|[from] item: Black Sludge\n|-damage|p1a: Toxapex|94\/100 brn|[from] brn\n|upkeep\n|turn|43\n|\n|t:|1650951997\n|move|p2a: Love|Substitute|p2a: Love\n|-fail|p2a: Love|move: Substitute\n|move|p1a: Toxapex|Toxic||[still]\n|-fail|p1a: Toxapex\n|\n|-heal|p1a: Toxapex|100\/100 brn|[from] item: Black Sludge\n|-damage|p1a: Toxapex|94\/100 brn|[from] brn\n|upkeep\n|turn|44\n|\n|t:|1650951999\n|move|p2a: Love|Calm Mind|p2a: Love\n|-boost|p2a: Love|spa|0\n|-boost|p2a: Love|spd|0\n|move|p1a: Toxapex|Toxic||[still]\n|-fail|p1a: Toxapex\n|\n|-heal|p1a: Toxapex|100\/100 brn|[from] item: Black Sludge\n|-damage|p1a: Toxapex|94\/100 brn|[from] brn\n|upkeep\n|turn|45\n|\n|t:|1650952001\n|move|p2a: Love|Calm Mind|p2a: Love\n|-boost|p2a: Love|spa|0\n|-boost|p2a: Love|spd|0\n|move|p1a: Toxapex|Toxic||[still]\n|-fail|p1a: Toxapex\n|\n|-heal|p1a: Toxapex|100\/100 brn|[from] item: Black Sludge\n|-damage|p1a: Toxapex|94\/100 brn|[from] brn\n|upkeep\n|turn|46\n|\n|t:|1650952003\n|move|p2a: Love|Substitute|p2a: Love\n|-fail|p2a: Love|move: Substitute\n|move|p1a: Toxapex|Toxic||[still]\n|-fail|p1a: Toxapex\n|\n|-heal|p1a: Toxapex|100\/100 brn|[from] item: Black Sludge\n|-damage|p1a: Toxapex|94\/100 brn|[from] brn\n|upkeep\n|turn|47\n|\n|t:|1650952008\n|move|p2a: Love|Scald|p1a: Toxapex\n|-resisted|p1a: Toxapex\n|-damage|p1a: Toxapex|79\/100 brn\n|move|p1a: Toxapex|Stockpile||[still]\n|-fail|p1a: Toxapex\n|\n|-heal|p1a: Toxapex|85\/100 brn|[from] item: Black Sludge\n|-damage|p1a: Toxapex|79\/100 brn|[from] brn\n|upkeep\n|turn|48\n|\n|t:|1650952012\n|move|p2a: Love|Scald|p1a: Toxapex\n|-resisted|p1a: Toxapex\n|-damage|p1a: Toxapex|63\/100 brn\n|move|p1a: Toxapex|Stockpile||[still]\n|-fail|p1a: Toxapex\n|\n|-heal|p1a: Toxapex|69\/100 brn|[from] item: Black Sludge\n|-damage|p1a: Toxapex|63\/100 brn|[from] brn\n|upkeep\n|turn|49\n|\n|t:|1650952016\n|move|p2a: Love|Substitute|p2a: Love\n|-fail|p2a: Love|move: Substitute\n|move|p1a: Toxapex|Toxic||[still]\n|-fail|p1a: Toxapex\n|\n|-heal|p1a: Toxapex|69\/100 brn|[from] item: Black Sludge\n|-damage|p1a: Toxapex|63\/100 brn|[from] brn\n|upkeep\n|turn|50\n|\n|t:|1650952018\n|move|p2a: Love|Draining Kiss|p1a: Toxapex\n|-resisted|p1a: Toxapex\n|-damage|p1a: Toxapex|52\/100 brn\n|move|p1a: Toxapex|Toxic||[still]\n|-fail|p1a: Toxapex\n|\n|-heal|p1a: Toxapex|58\/100 brn|[from] item: Black Sludge\n|-damage|p1a: Toxapex|52\/100 brn|[from] brn\n|upkeep\n|turn|51\n|\n|t:|1650952021\n|move|p2a: Love|Draining Kiss|p1a: Toxapex\n|-resisted|p1a: Toxapex\n|-damage|p1a: Toxapex|40\/100 brn\n|move|p1a: Toxapex|Toxic||[still]\n|-fail|p1a: Toxapex\n|\n|-heal|p1a: Toxapex|47\/100 brn|[from] item: Black Sludge\n|-damage|p1a: Toxapex|40\/100 brn|[from] brn\n|upkeep\n|turn|52\n|\n|t:|1650952024\n|move|p2a: Love|Scald|p1a: Toxapex\n|-resisted|p1a: Toxapex\n|-crit|p1a: Toxapex\n|-damage|p1a: Toxapex|0 fnt\n|faint|p1a: Toxapex\n|\n|upkeep\n|\n|t:|1650952033\n|switch|p1a: Excadrill|Excadrill, M|100\/100\n|turn|53\n|\n|t:|1650952036\n|move|p1a: Excadrill|Iron Head|p2a: Love\n|-end|p2a: Love|Substitute\n|move|p2a: Love|Scald|p1a: Excadrill\n|-supereffective|p1a: Excadrill\n|-enditem|p1a: Excadrill|Focus Sash\n|-damage|p1a: Excadrill|1\/100\n|\n|upkeep\n|turn|54\n|\n|t:|1650952043\n|move|p1a: Excadrill|Iron Head|p2a: Love\n|-damage|p2a: Love|60\/100\n|move|p2a: Love|Draining Kiss|p1a: Excadrill\n|-resisted|p1a: Excadrill\n|-damage|p1a: Excadrill|0 fnt\n|-heal|p2a: Love|60\/100|[from] drain|[of] p1a: Excadrill\n|faint|p1a: Excadrill\n|\n|-heal|p2a: Love|66\/100|[from] item: Leftovers\n|upkeep\n|\n|t:|1650952049\n|switch|p1a: Hippowdon|Hippowdon, F|100\/100\n|-weather|Sandstorm|[from] ability: Sand Stream|[of] p1a: Hippowdon\n|turn|55\n|j| IcyHalls\n|\n|t:|1650952055\n|switch|p1a: Dragonite|Dragonite, F|100\/100\n|move|p2a: Love|Scald|p1a: Dragonite\n|-resisted|p1a: Dragonite\n|-damage|p1a: Dragonite|68\/100\n|\n|-weather|Sandstorm|[upkeep]\n|-damage|p1a: Dragonite|62\/100|[from] Sandstorm\n|-damage|p2a: Love|60\/100|[from] Sandstorm\n|-heal|p2a: Love|66\/100|[from] item: Leftovers\n|upkeep\n|turn|56\n|\n|t:|1650952060\n|move|p1a: Dragonite|Earthquake|p2a: Love\n|-damage|p2a: Love|36\/100\n|move|p2a: Love|Draining Kiss|p1a: Dragonite\n|-supereffective|p1a: Dragonite\n|-damage|p1a: Dragonite|0 fnt\n|-heal|p2a: Love|77\/100|[from] drain|[of] p1a: Dragonite\n|faint|p1a: Dragonite\n|\n|-weather|Sandstorm|[upkeep]\n|-damage|p2a: Love|71\/100|[from] Sandstorm\n|-heal|p2a: Love|77\/100|[from] item: Leftovers\n|upkeep\n|\n|t:|1650952063\n|switch|p1a: Dracozolt|Dracozolt|100\/100\n|turn|57\n|\n|t:|1650952068\n|switch|p2a: Goodness|Klefki, F|100\/100\n|move|p1a: Dracozolt|Bolt Beak|p2a: Goodness\n|-damage|p2a: Goodness|17\/100\n|-damage|p1a: Dracozolt|91\/100|[from] item: Life Orb\n|\n|-weather|Sandstorm|[upkeep]\n|upkeep\n|turn|58\n|j| jodawg\n|\n|t:|1650952075\n|move|p2a: Goodness|Reflect|p2a: Goodness\n|-sidestart|p2: Gym Trainer Elite|Reflect\n|move|p1a: Dracozolt|Flamethrower|p2a: Goodness\n|-supereffective|p2a: Goodness\n|-damage|p2a: Goodness|0 fnt\n|faint|p2a: Goodness\n|-damage|p1a: Dracozolt|81\/100|[from] item: Life Orb\n|\n|-weather|Sandstorm|[upkeep]\n|upkeep\n|\n|t:|1650952079\n|switch|p2a: Kindness|Ninetales-Alola, F|100\/100\n|-weather|Hail|[from] ability: Snow Warning|[of] p2a: Kindness\n|turn|59\n|\n|t:|1650952089\n|switch|p2a: Peace|Togekiss, M|100\/100\n|switch|p1a: Tyranitar|Tyranitar, M|100\/100\n|-weather|Sandstorm|[from] ability: Sand Stream|[of] p1a: Tyranitar\n|\n|-weather|Sandstorm|[upkeep]\n|-damage|p2a: Peace|94\/100|[from] Sandstorm\n|upkeep\n|turn|60\n|\n|t:|1650952099\n|move|p2a: Peace|Aura Sphere|p1a: Tyranitar\n|-supereffective|p1a: Tyranitar\n|-damage|p1a: Tyranitar|34\/100\n|move|p1a: Tyranitar|Stone Edge|p2a: Peace\n|-supereffective|p2a: Peace\n|-damage|p2a: Peace|10\/100\n|\n|-weather|Sandstorm|[upkeep]\n|-damage|p2a: Peace|4\/100|[from] Sandstorm\n|upkeep\n|turn|61\n|\n|t:|1650952107\n|move|p2a: Peace|Aura Sphere|p1a: Tyranitar\n|-supereffective|p1a: Tyranitar\n|-damage|p1a: Tyranitar|0 fnt\n|faint|p1a: Tyranitar\n|\n|-weather|Sandstorm|[upkeep]\n|-damage|p2a: Peace|0 fnt|[from] Sandstorm\n|faint|p2a: Peace\n|upkeep\n|\n|t:|1650952112\n|switch|p2a: Kindness|Ninetales-Alola, F|100\/100\n|switch|p1a: Hippowdon|Hippowdon, F|100\/100\n|-weather|Hail|[from] ability: Snow Warning|[of] p2a: Kindness\n|-weather|Sandstorm|[from] ability: Sand Stream|[of] p1a: Hippowdon\n|turn|62\n|\n|t:|1650952119\n|switch|p2a: Love|Primarina, F|77\/100\n|move|p1a: Hippowdon|Stealth Rock|p2a: Love\n|-sidestart|p2: Gym Trainer Elite|move: Stealth Rock\n|\n|-weather|Sandstorm|[upkeep]\n|-damage|p2a: Love|71\/100|[from] Sandstorm\n|-heal|p2a: Love|77\/100|[from] item: Leftovers\n|upkeep\n|turn|63\n|\n|t:|1650952124\n|move|p2a: Love|Scald|p1a: Hippowdon\n|-supereffective|p1a: Hippowdon\n|-damage|p1a: Hippowdon|23\/100\n|move|p1a: Hippowdon|Roar|p2a: Love\n|drag|p2a: Joy|Clefable, F|100\/100\n|\n|-weather|Sandstorm|[upkeep]\n|upkeep\n|turn|64\n|\n|t:|1650952132\n|move|p2a: Joy|Moonblast|p1a: Hippowdon\n|-damage|p1a: Hippowdon|0 fnt\n|faint|p1a: Hippowdon\n|\n|-weather|Sandstorm|[upkeep]\n|upkeep\n|\n|t:|1650952133\n|switch|p1a: Dracozolt|Dracozolt|81\/100\n|turn|65\n|\n|t:|1650952140\n|move|p1a: Dracozolt|Bolt Beak|p2a: Joy\n|-damage|p2a: Joy|58\/100\n|-damage|p1a: Dracozolt|71\/100|[from] item: Life Orb\n|move|p2a: Joy|Moonblast|p1a: Dracozolt\n|-supereffective|p1a: Dracozolt\n|-damage|p1a: Dracozolt|0 fnt\n|faint|p1a: Dracozolt\n|\n|win|Gym Trainer Elite\n|n|\u2606fishy8995|fishy8995\n|n|\u2606Gym Trainer Elite|gymtrainerelite\n|n| Ad.... 067 \u30c4|ad067\n|n| DJStankyJunk|djstankyjunk\n|n| Kraymar|kraymar\n|n| Cra3k|cra3k\n|n| IcyHalls|icyhalls\n|n| jodawg|jodawg\n","uploadtime":1650952141,"views":24,"p1id":"fishy8995","p2id":"gymtrainerelite","formatid":"gen8ou","rating":0,"private":0,"password":null}