{"id":"gen8bdspuu-1474725764","p1":"sid fishious","p2":"Drm3","format":"gen8bdspuu","log":"|j|\u2606sid fishious\n|j|\u2606Drm3\n|t:|1639691366\n|gametype|singles\n|player|p1|sid fishious|viola|1306\n|player|p2|Drm3|dragontamer|1579\n|teamsize|p1|6\n|teamsize|p2|6\n|gen|8\n|tier|[Gen 8 BDSP] UU\n|rated|\n|rule|Sleep Clause Mod: Limit one foe put to sleep\n|rule|Species Clause: Limit one of each Pok\u00e9mon\n|rule|OHKO Clause: OHKO moves are banned\n|rule|Evasion Moves Clause: Evasion moves are banned\n|rule|Endless Battle Clause: Forcing endless battles is banned\n|rule|HP Percentage Mod: HP is shown in percentages\n|clearpoke\n|poke|p1|Gardevoir, F|\n|poke|p1|Hariyama, F|\n|poke|p1|Metagross|\n|poke|p1|Donphan, F|\n|poke|p1|Cacturne, M|\n|poke|p1|Flygon, F|\n|poke|p2|Xatu, F|\n|poke|p2|Snorlax, M|\n|poke|p2|Ditto|\n|poke|p2|Donphan, M|\n|poke|p2|Vaporeon, F|\n|poke|p2|Drapion, F|\n|teampreview\n|j| Half-Cynthia\n|\n|t:|1639691377\n|start\n|switch|p1a: Honda|Hariyama, F|100\/100\n|switch|p2a: Drapion|Drapion, F|100\/100\n|turn|1\n|\n|t:|1639691387\n|move|p1a: Honda|Fake Out|p2a: Drapion\n|-damage|p2a: Drapion|89\/100\n|cant|p2a: Drapion|flinch\n|\n|-heal|p2a: Drapion|96\/100|[from] item: Black Sludge\n|-status|p1a: Honda|brn|[from] item: Flame Orb\n|upkeep\n|turn|2\n|\n|t:|1639691393\n|move|p2a: Drapion|Toxic Spikes|p1a: Honda\n|-sidestart|p1: sid fishious|move: Toxic Spikes\n|move|p1a: Honda|Close Combat|p2a: Drapion\n|-damage|p2a: Drapion|17\/100\n|-unboost|p1a: Honda|def|1\n|-unboost|p1a: Honda|spd|1\n|\n|-heal|p2a: Drapion|23\/100|[from] item: Black Sludge\n|-damage|p1a: Honda|94\/100 brn|[from] brn\n|upkeep\n|turn|3\n|\n|t:|1639691402\n|switch|p2a: Xatu|Xatu, F|100\/100\n|move|p1a: Honda|Knock Off|p2a: Xatu\n|-supereffective|p2a: Xatu\n|-damage|p2a: Xatu|0 fnt\n|-enditem|p2a: Xatu|Leftovers|[from] move: Knock Off|[of] p1a: Honda\n|faint|p2a: Xatu\n|\n|-damage|p1a: Honda|88\/100 brn|[from] brn\n|upkeep\n|\n|t:|1639691408\n|switch|p2a: Donphan|Donphan, M|100\/100\n|turn|4\n|\n|t:|1639691416\n|switch|p1a: Bridgestone|Donphan, F|100\/100\n|-status|p1a: Bridgestone|psn\n|move|p2a: Donphan|Earthquake|p1a: Bridgestone\n|-damage|p1a: Bridgestone|77\/100 psn\n|\n|-heal|p1a: Bridgestone|83\/100 psn|[from] item: Leftovers\n|-damage|p1a: Bridgestone|71\/100 psn|[from] psn\n|upkeep\n|turn|5\n|\n|t:|1639691420\n|move|p1a: Bridgestone|Rapid Spin|p2a: Donphan\n|-damage|p2a: Donphan|92\/100\n|-boost|p1a: Bridgestone|spe|1\n|-sideend|p1: sid fishious|Toxic Spikes|[from] move: Rapid Spin|[of] p1a: Bridgestone\n|move|p2a: Donphan|Knock Off|p1a: Bridgestone\n|-damage|p1a: Bridgestone|55\/100 psn\n|-enditem|p1a: Bridgestone|Leftovers|[from] move: Knock Off|[of] p2a: Donphan\n|\n|-heal|p2a: Donphan|98\/100|[from] item: Leftovers\n|-damage|p1a: Bridgestone|42\/100 psn|[from] psn\n|upkeep\n|turn|6\n|\n|t:|1639691425\n|move|p1a: Bridgestone|Knock Off|p2a: Donphan\n|-damage|p2a: Donphan|83\/100\n|-enditem|p2a: Donphan|Leftovers|[from] move: Knock Off|[of] p1a: Bridgestone\n|move|p2a: Donphan|Stealth Rock|p1a: Bridgestone\n|-sidestart|p1: sid fishious|move: Stealth Rock\n|\n|-damage|p1a: Bridgestone|30\/100 psn|[from] psn\n|upkeep\n|turn|7\n|\n|t:|1639691429\n|move|p1a: Bridgestone|Rapid Spin|p2a: Donphan\n|-damage|p2a: Donphan|75\/100\n|-boost|p1a: Bridgestone|spe|1\n|-sideend|p1: sid fishious|Stealth Rock|[from] move: Rapid Spin|[of] p1a: Bridgestone\n|move|p2a: Donphan|Rapid Spin|p1a: Bridgestone\n|-damage|p1a: Bridgestone|22\/100 psn\n|-boost|p2a: Donphan|spe|1\n|\n|-damage|p1a: Bridgestone|9\/100 psn|[from] psn\n|upkeep\n|turn|8\n|\n|t:|1639691444\n|switch|p1a: Honda|Hariyama, F|88\/100 brn\n|move|p2a: Donphan|Stealth Rock|p1a: Honda\n|-sidestart|p1: sid fishious|move: Stealth Rock\n|\n|-damage|p1a: Honda|82\/100 brn|[from] brn\n|upkeep\n|turn|9\n|\n|t:|1639691447\n|move|p2a: Donphan|Earthquake|p1a: Honda\n|-damage|p1a: Honda|33\/100 brn\n|move|p1a: Honda|Close Combat|p2a: Donphan\n|-damage|p2a: Donphan|16\/100\n|-unboost|p1a: Honda|def|1\n|-unboost|p1a: Honda|spd|1\n|\n|-damage|p1a: Honda|27\/100 brn|[from] brn\n|upkeep\n|turn|10\n|\n|t:|1639691454\n|move|p1a: Honda|Bullet Punch|p2a: Donphan\n|-damage|p2a: Donphan|4\/100\n|move|p2a: Donphan|Knock Off|p1a: Honda\n|-resisted|p1a: Honda\n|-damage|p1a: Honda|4\/100 brn\n|-enditem|p1a: Honda|Flame Orb|[from] move: Knock Off|[of] p2a: Donphan\n|\n|-damage|p1a: Honda|0 fnt|[from] brn\n|faint|p1a: Honda\n|upkeep\n|\n|t:|1639691462\n|switch|p1a: Scarface|Metagross|100\/100\n|-damage|p1a: Scarface|94\/100|[from] Stealth Rock\n|turn|11\n|\n|t:|1639691467\n|move|p1a: Scarface|Bullet Punch|p2a: Donphan\n|-damage|p2a: Donphan|0 fnt\n|faint|p2a: Donphan\n|\n|-heal|p1a: Scarface|100\/100|[from] item: Leftovers\n|upkeep\n|\n|t:|1639691471\n|switch|p2a: Vaporeon|Vaporeon, F|100\/100\n|turn|12\n|\n|t:|1639691479\n|switch|p1a: Bridgestone|Donphan, F|9\/100 psn\n|-damage|p1a: Bridgestone|3\/100 psn|[from] Stealth Rock\n|move|p2a: Vaporeon|Scald|p1a: Bridgestone\n|-supereffective|p1a: Bridgestone\n|-damage|p1a: Bridgestone|0 fnt\n|faint|p1a: Bridgestone\n|\n|upkeep\n|\n|t:|1639691482\n|switch|p1a: Return of the Mack|Cacturne, M|100\/100\n|-damage|p1a: Return of the Mack|88\/100|[from] Stealth Rock\n|turn|13\n|\n|t:|1639691487\n|move|p1a: Return of the Mack|Spikes|p2a: Vaporeon\n|-sidestart|p2: Drm3|Spikes\n|move|p2a: Vaporeon|Wish|p2a: Vaporeon\n|\n|upkeep\n|turn|14\n|\n|t:|1639691493\n|switch|p2a: Snorlax|Snorlax, M|100\/100\n|-damage|p2a: Snorlax|88\/100|[from] Spikes\n|move|p1a: Return of the Mack|Dark Pulse|p2a: Snorlax\n|-crit|p2a: Snorlax\n|-damage|p2a: Snorlax|53\/100\n|-damage|p1a: Return of the Mack|78\/100|[from] item: Life Orb\n|\n|-heal|p2a: Snorlax|99\/100|[from] move: Wish|[wisher] Vaporeon\n|-heal|p2a: Snorlax|100\/100|[from] item: Leftovers\n|upkeep\n|turn|15\n|\n|t:|1639691505\n|switch|p1a: Tatiana|Gardevoir, F|100\/100\n|-damage|p1a: Tatiana|88\/100|[from] Stealth Rock\n|-ability|p1a: Tatiana|Thick Fat|[from] ability: Trace|[of] p2a: Snorlax\n|move|p2a: Snorlax|Curse|p2a: Snorlax\n|-unboost|p2a: Snorlax|spe|1\n|-boost|p2a: Snorlax|atk|1\n|-boost|p2a: Snorlax|def|1\n|\n|-heal|p1a: Tatiana|94\/100|[from] item: Leftovers\n|upkeep\n|turn|16\n|\n|t:|1639691509\n|move|p1a: Tatiana|Encore|p2a: Snorlax\n|-start|p2a: Snorlax|Encore\n|move|p2a: Snorlax|Curse|p2a: Snorlax\n|-unboost|p2a: Snorlax|spe|1\n|-boost|p2a: Snorlax|atk|1\n|-boost|p2a: Snorlax|def|1\n|\n|-heal|p1a: Tatiana|100\/100|[from] item: Leftovers\n|upkeep\n|turn|17\n|j| cursed uuser\n|\n|t:|1639691522\n|switch|p2a: Vaporeon|Vaporeon, F|100\/100\n|-damage|p2a: Vaporeon|88\/100|[from] Spikes\n|move|p1a: Tatiana|Calm Mind|p1a: Tatiana\n|-boost|p1a: Tatiana|spa|1\n|-boost|p1a: Tatiana|spd|1\n|\n|-heal|p2a: Vaporeon|94\/100|[from] item: Leftovers\n|upkeep\n|turn|18\n|\n|t:|1639691527\n|move|p1a: Tatiana|Moonblast|p2a: Vaporeon\n|-damage|p2a: Vaporeon|38\/100\n|move|p2a: Vaporeon|Roar|p1a: Tatiana\n|drag|p1a: Dakar|Flygon, F|100\/100\n|-damage|p1a: Dakar|95\/100|[from] Stealth Rock\n|\n|-heal|p2a: Vaporeon|44\/100|[from] item: Leftovers\n|upkeep\n|turn|19\n|\n|t:|1639691535\n|move|p2a: Vaporeon|Protect|p2a: Vaporeon\n|-singleturn|p2a: Vaporeon|Protect\n|move|p1a: Dakar|Earthquake|p2a: Vaporeon\n|-activate|p2a: Vaporeon|move: Protect\n|\n|-heal|p2a: Vaporeon|50\/100|[from] item: Leftovers\n|upkeep\n|turn|20\n|\n|t:|1639691537\n|move|p1a: Dakar|Earthquake|p2a: Vaporeon\n|-damage|p2a: Vaporeon|18\/100\n|move|p2a: Vaporeon|Wish|p2a: Vaporeon\n|\n|-heal|p2a: Vaporeon|24\/100|[from] item: Leftovers\n|upkeep\n|turn|21\n|\n|t:|1639691542\n|switch|p1a: Return of the Mack|Cacturne, M|78\/100\n|-damage|p1a: Return of the Mack|66\/100|[from] Stealth Rock\n|move|p2a: Vaporeon|Protect||[still]\n|-fail|p2a: Vaporeon\n|\n|-heal|p2a: Vaporeon|74\/100|[from] move: Wish|[wisher] Vaporeon\n|-heal|p2a: Vaporeon|80\/100|[from] item: Leftovers\n|upkeep\n|turn|22\n|\n|t:|1639691547\n|move|p1a: Return of the Mack|Spikes|p2a: Vaporeon\n|-sidestart|p2: Drm3|Spikes\n|move|p2a: Vaporeon|Wish|p2a: Vaporeon\n|\n|-heal|p2a: Vaporeon|87\/100|[from] item: Leftovers\n|upkeep\n|turn|23\n|\n|t:|1639691552\n|switch|p2a: Drapion|Drapion, F|23\/100\n|-damage|p2a: Drapion|6\/100|[from] Spikes\n|move|p1a: Return of the Mack|Dark Pulse|p2a: Drapion\n|-resisted|p2a: Drapion\n|-damage|p2a: Drapion|0 fnt\n|faint|p2a: Drapion\n|-damage|p1a: Return of the Mack|56\/100|[from] item: Life Orb\n|\n|upkeep\n|\n|t:|1639691557\n|switch|p2a: Snorlax|Snorlax, M|100\/100\n|-damage|p2a: Snorlax|84\/100|[from] Spikes\n|turn|24\n|\n|t:|1639691561\n|switch|p1a: Scarface|Metagross|100\/100\n|-damage|p1a: Scarface|94\/100|[from] Stealth Rock\n|move|p2a: Snorlax|Body Slam|p1a: Scarface\n|-resisted|p1a: Scarface\n|-damage|p1a: Scarface|82\/100\n|\n|-heal|p1a: Scarface|88\/100|[from] item: Leftovers\n|-heal|p2a: Snorlax|90\/100|[from] item: Leftovers\n|upkeep\n|turn|25\n|\n|t:|1639691567\n|move|p1a: Scarface|Meteor Mash|p2a: Snorlax\n|-damage|p2a: Snorlax|49\/100\n|move|p2a: Snorlax|Curse|p2a: Snorlax\n|-unboost|p2a: Snorlax|spe|1\n|-boost|p2a: Snorlax|atk|1\n|-boost|p2a: Snorlax|def|1\n|\n|-heal|p1a: Scarface|94\/100|[from] item: Leftovers\n|-heal|p2a: Snorlax|56\/100|[from] item: Leftovers\n|upkeep\n|turn|26\n|\n|t:|1639691571\n|move|p1a: Scarface|Meteor Mash|p2a: Snorlax|[miss]\n|-miss|p1a: Scarface|p2a: Snorlax\n|move|p2a: Snorlax|Body Slam|p1a: Scarface\n|-resisted|p1a: Scarface\n|-damage|p1a: Scarface|75\/100\n|-status|p1a: Scarface|par\n|\n|-heal|p1a: Scarface|82\/100 par|[from] item: Leftovers\n|-heal|p2a: Snorlax|62\/100|[from] item: Leftovers\n|upkeep\n|turn|27\n|\n|t:|1639691578\n|move|p1a: Scarface|Meteor Mash|p2a: Snorlax\n|-damage|p2a: Snorlax|34\/100\n|move|p2a: Snorlax|Body Slam|p1a: Scarface\n|-resisted|p1a: Scarface\n|-damage|p1a: Scarface|63\/100 par\n|\n|-heal|p1a: Scarface|69\/100 par|[from] item: Leftovers\n|-heal|p2a: Snorlax|40\/100|[from] item: Leftovers\n|upkeep\n|turn|28\n|\n|t:|1639691587\n|switch|p1a: Tatiana|Gardevoir, F|100\/100\n|-damage|p1a: Tatiana|88\/100|[from] Stealth Rock\n|-ability|p1a: Tatiana|Thick Fat|[from] ability: Trace|[of] p2a: Snorlax\n|move|p2a: Snorlax|Rest|p2a: Snorlax\n|-status|p2a: Snorlax|slp|[from] move: Rest\n|-heal|p2a: Snorlax|100\/100 slp|[silent]\n|\n|-heal|p1a: Tatiana|94\/100|[from] item: Leftovers\n|upkeep\n|turn|29\n|\n|t:|1639691591\n|switch|p2a: Vaporeon|Vaporeon, F|87\/100\n|-damage|p2a: Vaporeon|70\/100|[from] Spikes\n|move|p1a: Tatiana|Encore||[still]\n|-fail|p1a: Tatiana\n|\n|-heal|p1a: Tatiana|100\/100|[from] item: Leftovers\n|-heal|p2a: Vaporeon|76\/100|[from] item: Leftovers\n|upkeep\n|turn|30\n|\n|t:|1639691596\n|switch|p1a: Return of the Mack|Cacturne, M|56\/100\n|-damage|p1a: Return of the Mack|43\/100|[from] Stealth Rock\n|move|p2a: Vaporeon|Roar|p1a: Return of the Mack\n|drag|p1a: Tatiana|Gardevoir, F|100\/100\n|-damage|p1a: Tatiana|88\/100|[from] Stealth Rock\n|-ability|p1a: Tatiana|Water Absorb|[from] ability: Trace|[of] p2a: Vaporeon\n|\n|-heal|p1a: Tatiana|94\/100|[from] item: Leftovers\n|-heal|p2a: Vaporeon|83\/100|[from] item: Leftovers\n|upkeep\n|turn|31\n|\n|t:|1639691600\n|move|p1a: Tatiana|Encore|p2a: Vaporeon\n|-start|p2a: Vaporeon|Encore\n|move|p2a: Vaporeon|Roar|p1a: Tatiana\n|drag|p1a: Scarface|Metagross|69\/100 par\n|-damage|p1a: Scarface|63\/100 par|[from] Stealth Rock\n|\n|-heal|p2a: Vaporeon|89\/100|[from] item: Leftovers\n|-heal|p1a: Scarface|69\/100 par|[from] item: Leftovers\n|upkeep\n|turn|32\n|\n|t:|1639691605\n|move|p1a: Scarface|Stealth Rock|p2a: Vaporeon\n|-sidestart|p2: Drm3|move: Stealth Rock\n|move|p2a: Vaporeon|Roar|p1a: Scarface\n|drag|p1a: Return of the Mack|Cacturne, M|43\/100\n|-damage|p1a: Return of the Mack|31\/100|[from] Stealth Rock\n|\n|-heal|p2a: Vaporeon|95\/100|[from] item: Leftovers\n|upkeep\n|turn|33\n|\n|t:|1639691610\n|switch|p2a: Snorlax|Snorlax, M|100\/100 slp\n|-damage|p2a: Snorlax|88\/100 slp|[from] Stealth Rock\n|-damage|p2a: Snorlax|71\/100 slp|[from] Spikes\n|move|p1a: Return of the Mack|Giga Drain|p2a: Snorlax\n|-damage|p2a: Snorlax|47\/100 slp\n|-heal|p1a: Return of the Mack|52\/100|[from] drain|[of] p2a: Snorlax\n|-damage|p1a: Return of the Mack|42\/100|[from] item: Life Orb\n|\n|-heal|p2a: Snorlax|53\/100 slp|[from] item: Leftovers\n|upkeep\n|turn|34\n|\n|t:|1639691613\n|move|p1a: Return of the Mack|Dark Pulse|p2a: Snorlax\n|-damage|p2a: Snorlax|25\/100 slp\n|-damage|p1a: Return of the Mack|33\/100|[from] item: Life Orb\n|cant|p2a: Snorlax|slp\n|move|p2a: Snorlax|Sleep Talk|p2a: Snorlax\n|move|p2a: Snorlax|Body Slam|p1a: Return of the Mack|[from]move: Sleep Talk\n|-damage|p1a: Return of the Mack|0 fnt\n|faint|p1a: Return of the Mack\n|\n|-heal|p2a: Snorlax|31\/100 slp|[from] item: Leftovers\n|upkeep\n|\n|t:|1639691621\n|switch|p1a: Tatiana|Gardevoir, F|94\/100\n|-damage|p1a: Tatiana|82\/100|[from] Stealth Rock\n|-ability|p1a: Tatiana|Thick Fat|[from] ability: Trace|[of] p2a: Snorlax\n|turn|35\n|\n|t:|1639691624\n|move|p1a: Tatiana|Psychic|p2a: Snorlax\n|-damage|p2a: Snorlax|10\/100 slp\n|cant|p2a: Snorlax|slp\n|\n|-heal|p1a: Tatiana|88\/100|[from] item: Leftovers\n|-heal|p2a: Snorlax|16\/100 slp|[from] item: Leftovers\n|upkeep\n|turn|36\n|-message|Drm3 forfeited.\n|\n|win|sid fishious\n|raw|sid fishious's rating: 1306 &rarr; <strong>1339<\/strong><br \/>(+33 for winning)\n|raw|Drm3's rating: 1579 &rarr; <strong>1546<\/strong><br \/>(-33 for losing)\n|l|\u2606Drm3\n|l|\u2606sid fishious\n||Ladder isn't responding, score probably updated but might not have (Request timeout).\n","uploadtime":1639691866,"views":45,"p1id":"sidfishious","p2id":"drm3","formatid":"gen8bdspuu","rating":1339,"private":0,"password":null}