{"id":"gen8ou-1648641707","p1":"RggV_YT","p2":"quixana","format":"gen8ou","log":"|j|\u2606RggV_YT\n|j|\u2606quixana\n|t:|1661512161\n|gametype|singles\n|player|p1|RggV_YT|scientist-gen4|1650\n|player|p2|quixana|ethan-pokeathlon|1715\n|teamsize|p1|6\n|teamsize|p2|6\n|gen|8\n|tier|[Gen 8] OU\n|rated|\n|rule|Sleep Clause Mod: Limit one foe put to sleep\n|rule|Species Clause: Limit one of each Pok\u00e9mon\n|rule|OHKO Clause: OHKO moves are banned\n|rule|Evasion Items Clause: Evasion items are banned\n|rule|Evasion Moves Clause: Evasion moves are banned\n|rule|Endless Battle Clause: Forcing endless battles is banned\n|rule|HP Percentage Mod: HP is shown in percentages\n|rule|Dynamax Clause: You cannot dynamax\n|clearpoke\n|poke|p1|Hitmonlee, M|\n|poke|p1|Tapu Koko|\n|poke|p1|Gyarados, M|\n|poke|p1|Garchomp, M|\n|poke|p1|Polteageist|\n|poke|p1|Zapdos-Galar|\n|poke|p2|Rillaboom, F|\n|poke|p2|Tornadus-Therian, M|\n|poke|p2|Blaziken, M|\n|poke|p2|Melmetal|\n|poke|p2|Garchomp, F|\n|poke|p2|Slowbro, M|\n|teampreview\n|inactive|Battle timer is ON: inactive players will automatically lose when time's up. (requested by RggV_YT)\n|c|\u2606quixana|yoooo\n|c|\u2606quixana|ive returned to 1700\n|\n|t:|1661512187\n|start\n|switch|p1a: Tapu Koko|Tapu Koko|100\/100\n|switch|p2a: Slowbro|Slowbro, M|100\/100\n|-fieldstart|move: Electric Terrain|[from] ability: Electric Surge|[of] p1a: Tapu Koko\n|turn|1\n|\n|t:|1661512197\n|switch|p2a: Garchomp|Garchomp, F|100\/100\n|move|p1a: Tapu Koko|Light Screen|p1a: Tapu Koko\n|-sidestart|p1: RggV_YT|move: Light Screen\n|\n|upkeep\n|turn|2\n|\n|t:|1661512201\n|move|p1a: Tapu Koko|Reflect|p1a: Tapu Koko\n|-sidestart|p1: RggV_YT|Reflect\n|move|p2a: Garchomp|Stealth Rock|p1a: Tapu Koko\n|-sidestart|p1: RggV_YT|move: Stealth Rock\n|\n|upkeep\n|turn|3\n|\n|t:|1661512205\n|move|p1a: Tapu Koko|Taunt|p2a: Garchomp\n|-start|p2a: Garchomp|move: Taunt\n|cant|p2a: Garchomp|move: Taunt|Toxic\n|\n|upkeep\n|turn|4\n|\n|t:|1661512210\n|switch|p2a: Tornadus|Tornadus-Therian, M|100\/100\n|move|p1a: Tapu Koko|U-turn|p2a: Tornadus\n|-resisted|p2a: Tornadus\n|-damage|p2a: Tornadus|91\/100\n|\n|t:|1661512219\n|switch|p1a: Garchomp|Garchomp, M|100\/100|[from]move: U-turn\n|-damage|p1a: Garchomp|94\/100|[from] Stealth Rock\n|\n|-heal|p1a: Garchomp|100\/100|[from] item: Leftovers\n|upkeep\n|turn|5\n|\n|t:|1661512228\n|switch|p2a: Slowbro|Slowbro, M|100\/100\n|move|p1a: Garchomp|Swords Dance|p1a: Garchomp\n|-boost|p1a: Garchomp|atk|2\n|\n|-fieldend|move: Electric Terrain\n|upkeep\n|turn|6\n|\n|t:|1661512232\n|move|p1a: Garchomp|Swords Dance|p1a: Garchomp\n|-boost|p1a: Garchomp|atk|2\n|move|p2a: Slowbro|Toxic|p1a: Garchomp|[miss]\n|-miss|p2a: Slowbro|p1a: Garchomp\n|\n|upkeep\n|turn|7\n|c|\u2606quixana|not like this\n|\n|t:|1661512241\n|move|p1a: Garchomp|Scale Shot|p2a: Slowbro|[miss]\n|-miss|p1a: Garchomp|p2a: Slowbro\n|move|p2a: Slowbro|Toxic|p1a: Garchomp|[miss]\n|-miss|p2a: Slowbro|p1a: Garchomp\n|\n|upkeep\n|turn|8\n|c|\u2606quixana|N OOO\n|\n|t:|1661512247\n|move|p1a: Garchomp|Scale Shot|p2a: Slowbro\n|-damage|p2a: Slowbro|78\/100\n|-damage|p2a: Slowbro|54\/100\n|-damage|p2a: Slowbro|32\/100\n|-damage|p2a: Slowbro|10\/100\n|-hitcount|p2a: Slowbro|4\n|-unboost|p1a: Garchomp|def|1\n|-boost|p1a: Garchomp|spe|1\n|move|p2a: Slowbro|Toxic|p1a: Garchomp\n|-status|p1a: Garchomp|tox\n|\n|-damage|p1a: Garchomp|94\/100 tox|[from] psn\n|-sideend|p1: RggV_YT|move: Light Screen\n|upkeep\n|turn|9\n|c|\u2606RggV_YT|Oh shit lol\n|c|\u2606RggV_YT|I didnt see it was you quix\n|\n|t:|1661512275\n|switch|p2a: Tornadus|Tornadus-Therian, M|100\/100\n|move|p1a: Garchomp|Earthquake|p2a: Tornadus\n|-immune|p2a: Tornadus\n|\n|-heal|p1a: Garchomp|100\/100 tox|[from] item: Leftovers\n|-damage|p1a: Garchomp|88\/100 tox|[from] psn\n|-sideend|p1: RggV_YT|Reflect\n|upkeep\n|turn|10\n|\n|t:|1661512287\n|switch|p2a: Melmetal|Melmetal|100\/100\n|move|p1a: Garchomp|Earthquake|p2a: Melmetal\n|-supereffective|p2a: Melmetal\n|-damage|p2a: Melmetal|0 fnt\n|faint|p2a: Melmetal\n|\n|-heal|p1a: Garchomp|94\/100 tox|[from] item: Leftovers\n|-damage|p1a: Garchomp|76\/100 tox|[from] psn\n|upkeep\n|c|\u2606quixana|now that\n|inactive|quixana has 120 seconds left.\n|c|\u2606quixana|disrespectful\n|\n|t:|1661512306\n|switch|p2a: Rillaboom|Rillaboom, F|100\/100\n|-fieldstart|move: Grassy Terrain|[from] ability: Grassy Surge|[of] p2a: Rillaboom\n|turn|11\n|c|\u2606RggV_YT|I saw the melm a mile away bro\n|inactive|quixana has 120 seconds left.\n|c|\u2606quixana|wouldn't have to sack it\n|c|\u2606quixana|if bro could land toxic\n|c|\u2606RggV_YT|Well\n|\n|t:|1661512335\n|switch|p2a: Tornadus|Tornadus-Therian, M|100\/100\n|move|p1a: Garchomp|Fire Fang|p2a: Tornadus\n|-damage|p2a: Tornadus|25\/100\n|\n|-heal|p1a: Garchomp|82\/100 tox|[from] Grassy Terrain\n|-heal|p1a: Garchomp|88\/100 tox|[from] item: Leftovers\n|-damage|p1a: Garchomp|64\/100 tox|[from] psn\n|upkeep\n|turn|12\n|c|\u2606RggV_YT|I did miss a scale shot\n|c|\u2606quixana|yes\n|c|\u2606quixana|thats true\n|c|\u2606quixana|but this turn you'd die\n|inactive|quixana has 90 seconds left.\n|c|\u2606RggV_YT|Something coming with me\n|\n|t:|1661512367\n|move|p1a: Garchomp|Scale Shot|p2a: Tornadus\n|-damage|p2a: Tornadus|0 fnt\n|faint|p2a: Tornadus\n|-hitcount|p2: Tornadus|1\n|-unboost|p1a: Garchomp|def|1\n|-boost|p1a: Garchomp|spe|1\n|\n|-heal|p1a: Garchomp|70\/100 tox|[from] Grassy Terrain\n|-heal|p1a: Garchomp|76\/100 tox|[from] item: Leftovers\n|-damage|p1a: Garchomp|45\/100 tox|[from] psn\n|upkeep\n|\n|t:|1661512369\n|switch|p2a: Rillaboom|Rillaboom, F|100\/100\n|turn|13\n|\n|t:|1661512379\n|move|p2a: Rillaboom|Grassy Glide|p1a: Garchomp\n|-damage|p1a: Garchomp|0 fnt\n|-damage|p2a: Rillaboom|88\/100|[from] ability: Rough Skin|[of] p1a: Garchomp\n|faint|p1a: Garchomp\n|\n|-heal|p2a: Rillaboom|94\/100|[from] Grassy Terrain\n|-heal|p2a: Rillaboom|100\/100|[from] item: Leftovers\n|upkeep\n|\n|t:|1661512382\n|switch|p1a: Tapu Koko|Tapu Koko|100\/100\n|-damage|p1a: Tapu Koko|88\/100|[from] Stealth Rock\n|-fieldstart|move: Electric Terrain|[from] ability: Electric Surge|[of] p1a: Tapu Koko\n|turn|14\n|\n|t:|1661512390\n|switch|p2a: Blaziken|Blaziken, M|100\/100\n|move|p1a: Tapu Koko|Reflect|p1a: Tapu Koko\n|-sidestart|p1: RggV_YT|Reflect\n|\n|upkeep\n|turn|15\n|\n|t:|1661512402\n|switch|p2a: Slowbro|Slowbro, M|44\/100\n|move|p1a: Tapu Koko|Taunt|p2a: Slowbro\n|-start|p2a: Slowbro|move: Taunt\n|\n|upkeep\n|turn|16\n|\n|t:|1661512416\n|move|p1a: Tapu Koko|U-turn|p2a: Slowbro\n|-supereffective|p2a: Slowbro\n|-damage|p2a: Slowbro|23\/100\n|-damage|p1a: Tapu Koko|71\/100|[from] item: Rocky Helmet|[of] p2a: Slowbro\n|\n|t:|1661512429\n|switch|p1a: Zapdos|Zapdos-Galar|100\/100|[from]move: U-turn\n|-damage|p1a: Zapdos|88\/100|[from] Stealth Rock\n|move|p2a: Slowbro|Future Sight|p1a: Zapdos\n|-start|p2a: Slowbro|move: Future Sight\n|\n|-heal|p1a: Zapdos|94\/100|[from] item: Leftovers\n|upkeep\n|turn|17\n|\n|t:|1661512442\n|move|p1a: Zapdos|Substitute|p1a: Zapdos\n|-start|p1a: Zapdos|Substitute\n|-damage|p1a: Zapdos|69\/100\n|move|p2a: Slowbro|Scald|p1a: Zapdos\n|-end|p1a: Zapdos|Substitute\n|\n|-heal|p1a: Zapdos|76\/100|[from] item: Leftovers\n|-end|p2a: Slowbro|move: Taunt\n|upkeep\n|turn|18\n|\n|t:|1661512451\n|move|p1a: Zapdos|Brave Bird|p2a: Slowbro\n|-damage|p2a: Slowbro|0 fnt\n|-damage|p1a: Zapdos|59\/100|[from] item: Rocky Helmet|[of] p2a: Slowbro\n|faint|p2a: Slowbro\n|-damage|p1a: Zapdos|50\/100|[from] Recoil\n|\n|-end|p1a: Zapdos|move: Future Sight\n|-supereffective|p1a: Zapdos\n|-damage|p1a: Zapdos|0 fnt\n|faint|p1a: Zapdos\n|-fieldend|move: Electric Terrain\n|upkeep\n|inactive|quixana has 120 seconds left.\n|c|\u2606quixana|cant believe\n|c|\u2606quixana|you run that set against me\n|\n|t:|1661512480\n|switch|p1a: Hitmonlee|Hitmonlee, M|100\/100\n|switch|p2a: Rillaboom|Rillaboom, F|100\/100\n|-damage|p1a: Hitmonlee|94\/100|[from] Stealth Rock\n|-fieldstart|move: Grassy Terrain|[from] ability: Grassy Surge|[of] p2a: Rillaboom\n|turn|19\n|c|\u2606RggV_YT|Ima be honest I didnt see the future sight lol\n|\n|t:|1661512491\n|move|p1a: Hitmonlee|Bulk Up|p1a: Hitmonlee\n|-boost|p1a: Hitmonlee|atk|1\n|-boost|p1a: Hitmonlee|def|1\n|move|p2a: Rillaboom|Swords Dance|p2a: Rillaboom\n|-boost|p2a: Rillaboom|atk|2\n|\n|-heal|p1a: Hitmonlee|100\/100|[from] Grassy Terrain\n|upkeep\n|turn|20\n|c|\u2606quixana|oh\n|inactive|quixana has 90 seconds left.\n|\n|t:|1661512516\n|switch|p2a: Garchomp|Garchomp, F|100\/100\n|move|p1a: Hitmonlee|Skull Bash||[still]\n|-prepare|p1a: Hitmonlee|Skull Bash\n|-boost|p1a: Hitmonlee|def|1\n|-enditem|p1a: Hitmonlee|Power Herb\n|-anim|p1a: Hitmonlee|Skull Bash|p2a: Garchomp\n|-damage|p2a: Garchomp|44\/100\n|-damage|p1a: Hitmonlee|88\/100|[from] ability: Rough Skin|[of] p2a: Garchomp\n|\n|-heal|p1a: Hitmonlee|94\/100|[from] Grassy Terrain\n|-heal|p2a: Garchomp|50\/100|[from] Grassy Terrain\n|-heal|p2a: Garchomp|56\/100|[from] item: Leftovers\n|upkeep\n|turn|21\n|c|\u2606quixana|bro\n|c|\u2606quixana|wtf\n|\n|t:|1661512530\n|move|p1a: Hitmonlee|High Jump Kick|p2a: Garchomp\n|-damage|p2a: Garchomp|0 fnt\n|-damage|p1a: Hitmonlee|82\/100|[from] ability: Rough Skin|[of] p2a: Garchomp\n|faint|p2a: Garchomp\n|\n|-heal|p1a: Hitmonlee|88\/100|[from] Grassy Terrain\n|-sideend|p1: RggV_YT|Reflect\n|upkeep\n|c|\u2606RggV_YT|Quiz\n|c|\u2606RggV_YT|Quix*\n|\n|t:|1661512537\n|switch|p2a: Blaziken|Blaziken, M|100\/100\n|turn|22\n|c|\u2606RggV_YT|This about to be the replay\n|c|\u2606RggV_YT|For the next vid\n|c|\u2606quixana|no\n|\n|t:|1661512546\n|move|p2a: Blaziken|Protect|p2a: Blaziken\n|-singleturn|p2a: Blaziken|Protect\n|move|p1a: Hitmonlee|High Jump Kick|p2a: Blaziken\n|-activate|p2a: Blaziken|move: Protect\n|-damage|p1a: Hitmonlee|38\/100|[from] highjumpkick\n|\n|-heal|p1a: Hitmonlee|44\/100|[from] Grassy Terrain\n|-ability|p2a: Blaziken|Speed Boost|boost\n|-boost|p2a: Blaziken|spe|1\n|upkeep\n|turn|23\n|c|\u2606quixana|pls no\n|\n|t:|1661512562\n|move|p1a: Hitmonlee|High Jump Kick|p2a: Blaziken\n|-damage|p2a: Blaziken|0 fnt\n|faint|p2a: Blaziken\n|\n|-heal|p1a: Hitmonlee|51\/100|[from] Grassy Terrain\n|-fieldend|move: Grassy Terrain\n|upkeep\n|c|\u2606RggV_YT|Yes\n|c|\u2606quixana|oh shit\n|c|\u2606quixana|i didnt see\n|c|\u2606quixana|the power herb\n|c|\u2606quixana|no\n|inactive|quixana has 90 seconds left.\n|c|\u2606RggV_YT|LMAO\n|\n|t:|1661512578\n|switch|p2a: Rillaboom|Rillaboom, F|100\/100\n|-fieldstart|move: Grassy Terrain|[from] ability: Grassy Surge|[of] p2a: Rillaboom\n|turn|24\n|c|\u2606RggV_YT|Live\n|c|\u2606quixana|cmon rilla\n|c|\u2606quixana|this is your moment\n|inactive|quixana has 90 seconds left.\n|\n|t:|1661512591\n|move|p1a: Hitmonlee|High Jump Kick|p2a: Rillaboom\n|-damage|p2a: Rillaboom|7\/100\n|move|p2a: Rillaboom|Swords Dance|p2a: Rillaboom\n|-boost|p2a: Rillaboom|atk|2\n|\n|-heal|p1a: Hitmonlee|57\/100|[from] Grassy Terrain\n|-heal|p2a: Rillaboom|13\/100|[from] Grassy Terrain\n|-heal|p2a: Rillaboom|19\/100|[from] item: Leftovers\n|upkeep\n|turn|25\n|c|\u2606quixana|YES\n|c|\u2606RggV_YT|Noo\n|\n|t:|1661512604\n|move|p2a: Rillaboom|Grassy Glide|p1a: Hitmonlee\n|-damage|p1a: Hitmonlee|0 fnt\n|faint|p1a: Hitmonlee\n|\n|-heal|p2a: Rillaboom|25\/100|[from] Grassy Terrain\n|-heal|p2a: Rillaboom|32\/100|[from] item: Leftovers\n|upkeep\n|c|\u2606RggV_YT|NOOOO\n|\n|t:|1661512612\n|switch|p1a: Tapu Koko|Tapu Koko|71\/100\n|-damage|p1a: Tapu Koko|59\/100|[from] Stealth Rock\n|-fieldstart|move: Electric Terrain|[from] ability: Electric Surge|[of] p1a: Tapu Koko\n|turn|26\n|c|\u2606quixana|i knew\n|c|\u2606quixana|i shouldve attacked\n|\n|t:|1661512628\n|move|p1a: Tapu Koko|Taunt|p2a: Rillaboom\n|-start|p2a: Rillaboom|move: Taunt\n|move|p2a: Rillaboom|Drain Punch|p1a: Tapu Koko\n|-resisted|p1a: Tapu Koko\n|-damage|p1a: Tapu Koko|25\/100\n|-heal|p2a: Rillaboom|46\/100|[from] drain|[of] p1a: Tapu Koko\n|\n|-heal|p2a: Rillaboom|52\/100|[from] item: Leftovers\n|upkeep\n|turn|27\n|\n|t:|1661512636\n|move|p1a: Tapu Koko|Reflect|p1a: Tapu Koko\n|-sidestart|p1: RggV_YT|Reflect\n|move|p2a: Rillaboom|Drain Punch|p1a: Tapu Koko\n|-resisted|p1a: Tapu Koko\n|-damage|p1a: Tapu Koko|9\/100\n|-heal|p2a: Rillaboom|60\/100|[from] drain|[of] p1a: Tapu Koko\n|\n|-heal|p2a: Rillaboom|66\/100|[from] item: Leftovers\n|upkeep\n|turn|28\n|\n|t:|1661512646\n|move|p1a: Tapu Koko|U-turn|p2a: Rillaboom\n|-supereffective|p2a: Rillaboom\n|-damage|p2a: Rillaboom|35\/100\n|\n|t:|1661512648\n|switch|p1a: Polteageist|Polteageist|100\/100|[from]move: U-turn\n|-damage|p1a: Polteageist|88\/100|[from] Stealth Rock\n|move|p2a: Rillaboom|Drain Punch|p1a: Polteageist\n|-immune|p1a: Polteageist\n|\n|-heal|p2a: Rillaboom|41\/100|[from] item: Leftovers\n|-end|p2a: Rillaboom|move: Taunt\n|upkeep\n|turn|29\n|inactive|quixana has 120 seconds left.\n|\n|t:|1661512655\n|move|p1a: Polteageist|Shadow Ball|p2a: Rillaboom\n|-damage|p2a: Rillaboom|0 fnt\n|faint|p2a: Rillaboom\n|\n|win|RggV_YT\n|raw|RggV_YT's rating: 1650 &rarr; <strong>1674<\/strong><br \/>(+24 for winning)\n|raw|quixana's rating: 1715 &rarr; <strong>1691<\/strong><br \/>(-24 for losing)\n|c|\u2606quixana|gg\n|c|\u2606RggV_YT|Gg\n|c|\u2606RggV_YT|Sorry to remove you from 1700s\n|l|\u2606RggV_YT\n|j|\u2606RggV_YT\n|player|p1|RggV_YT|scientist-gen4\n","uploadtime":1661512699,"views":57,"p1id":"rggvyt","p2id":"quixana","formatid":"gen8ou","rating":1674,"private":0,"password":null}