{"id":"gen8ou-1633074070","p1":"Capital Cruiser","p2":"himynametay","format":"gen8ou","log":"|j|\u2606Capital Cruiser\n|j|\u203dhimynametay\n|t:|1659730758\n|gametype|singles\n|player|p1|Capital Cruiser|interviewers|1592\n|player|p2|himynametay|elesa|1570\n|teamsize|p1|6\n|teamsize|p2|6\n|gen|8\n|tier|[Gen 8] OU\n|rated|\n|rule|Sleep Clause Mod: Limit one foe put to sleep\n|rule|Species Clause: Limit one of each Pok\u00e9mon\n|rule|OHKO Clause: OHKO moves are banned\n|rule|Evasion Items Clause: Evasion items are banned\n|rule|Evasion Moves Clause: Evasion moves are banned\n|rule|Endless Battle Clause: Forcing endless battles is banned\n|rule|HP Percentage Mod: HP is shown in percentages\n|rule|Dynamax Clause: You cannot dynamax\n|clearpoke\n|poke|p1|Xurkitree|\n|poke|p1|Latios, M|\n|poke|p1|Heatran, F|\n|poke|p1|Landorus-Therian, M|\n|poke|p1|Tapu Fini|\n|poke|p1|Kartana|\n|poke|p2|Tapu Fini|\n|poke|p2|Magnezone|\n|poke|p2|Tapu Lele|\n|poke|p2|Kartana|\n|poke|p2|Hawlucha, F|\n|poke|p2|Landorus-Therian, M|\n|teampreview\n|inactive|Battle timer is ON: inactive players will automatically lose when time's up. (requested by Capital Cruiser)\n|\n|t:|1659730765\n|start\n|switch|p1a: Latios|Latios, M, shiny|100\/100\n|switch|p2a: Tapu Lele|Tapu Lele|100\/100\n|-fieldstart|move: Psychic Terrain|[from] ability: Psychic Surge|[of] p2a: Tapu Lele\n|turn|1\n|\n|t:|1659730793\n|switch|p1a: Heatran|Heatran, F, shiny|100\/100\n|move|p2a: Tapu Lele|Focus Blast|p1a: Heatran\n|-supereffective|p1a: Heatran\n|-damage|p1a: Heatran|35\/100\n|-unboost|p1a: Heatran|spd|1\n|\n|upkeep\n|turn|2\n|\n|t:|1659730801\n|switch|p2a: Landorus|Landorus-Therian, M|100\/100\n|-ability|p2a: Landorus|Intimidate|boost\n|-unboost|p1a: Heatran|atk|1\n|switch|p1a: Latios|Latios, M, shiny|100\/100\n|\n|upkeep\n|turn|3\n|\n|t:|1659730804\n|move|p1a: Latios|Ice Beam|p2a: Landorus\n|-supereffective|p2a: Landorus\n|-damage|p2a: Landorus|0 fnt\n|faint|p2a: Landorus\n|\n|upkeep\n|\n|t:|1659730807\n|switch|p2a: Tapu Lele|Tapu Lele|100\/100\n|turn|4\n|\n|t:|1659730811\n|switch|p1a: Tapu Fini|Tapu Fini, shiny|100\/100\n|-fieldstart|move: Misty Terrain|[from] ability: Misty Surge|[of] p1a: Tapu Fini\n|move|p2a: Tapu Lele|Moonblast|p1a: Tapu Fini\n|-damage|p1a: Tapu Fini|52\/100\n|\n|-heal|p1a: Tapu Fini|59\/100|[from] item: Leftovers\n|upkeep\n|turn|5\n|inactive|himynametay has 120 seconds left.\n|\n|t:|1659730859\n|move|p2a: Tapu Lele|Moonblast|p1a: Tapu Fini\n|-damage|p1a: Tapu Fini|13\/100\n|-unboost|p1a: Tapu Fini|spa|1\n|move|p1a: Tapu Fini|Muddy Water|p2a: Tapu Lele\n|-damage|p2a: Tapu Lele|79\/100\n|\n|-heal|p1a: Tapu Fini|19\/100|[from] item: Leftovers\n|upkeep\n|turn|6\n|\n|t:|1659730867\n|switch|p1a: Heatran|Heatran, F, shiny|35\/100\n|move|p2a: Tapu Lele|Moonblast|p1a: Heatran\n|-resisted|p1a: Heatran\n|-damage|p1a: Heatran|25\/100\n|-unboost|p1a: Heatran|spa|1\n|\n|upkeep\n|turn|7\n|inactive|himynametay has 120 seconds left.\n|\n|t:|1659730873\n|switch|p2a: Tapu Fini|Tapu Fini|100\/100\n|move|p1a: Heatran|Flash Cannon|p2a: Tapu Fini\n|-damage|p2a: Tapu Fini|76\/100\n|\n|upkeep\n|turn|8\n|\n|t:|1659730879\n|switch|p2a: Tapu Lele|Tapu Lele|79\/100\n|-fieldstart|move: Psychic Terrain|[from] ability: Psychic Surge|[of] p2a: Tapu Lele\n|move|p1a: Heatran|Flash Cannon|p2a: Tapu Lele\n|-supereffective|p2a: Tapu Lele\n|-crit|p2a: Tapu Lele\n|-damage|p2a: Tapu Lele|0 fnt\n|faint|p2a: Tapu Lele\n|\n|upkeep\n|\n|t:|1659730881\n|switch|p2a: Kartana|Kartana|100\/100\n|turn|9\n|\n|t:|1659730893\n|move|p2a: Kartana|Knock Off|p1a: Heatran\n|-damage|p1a: Heatran|0 fnt\n|-enditem|p1a: Heatran|Assault Vest|[from] move: Knock Off|[of] p2a: Kartana\n|faint|p1a: Heatran\n|-ability|p2a: Kartana|Beast Boost|boost\n|-boost|p2a: Kartana|atk|1\n|\n|upkeep\n|\n|t:|1659730899\n|switch|p1a: Landorus|Landorus-Therian, M, shiny|100\/100\n|-ability|p1a: Landorus|Intimidate|boost\n|-unboost|p2a: Kartana|atk|1\n|turn|10\n|\n|t:|1659730904\n|move|p2a: Kartana|Knock Off|p1a: Landorus\n|-damage|p1a: Landorus|73\/100\n|-damage|p2a: Kartana|84\/100|[from] item: Rocky Helmet|[of] p1a: Landorus\n|-enditem|p1a: Landorus|Rocky Helmet|[from] move: Knock Off|[of] p2a: Kartana\n|move|p1a: Landorus|Earthquake|p2a: Kartana\n|-damage|p2a: Kartana|32\/100\n|\n|upkeep\n|turn|11\n|\n|t:|1659730909\n|switch|p2a: Tapu Fini|Tapu Fini|76\/100\n|-fieldstart|move: Misty Terrain|[from] ability: Misty Surge|[of] p2a: Tapu Fini\n|move|p1a: Landorus|Smack Down|p2a: Tapu Fini\n|-damage|p2a: Tapu Fini|58\/100\n|\n|upkeep\n|turn|12\n|\n|t:|1659730923\n|switch|p1a: Tapu Fini|Tapu Fini, shiny|19\/100\n|move|p2a: Tapu Fini|Surf|p1a: Tapu Fini\n|-resisted|p1a: Tapu Fini\n|-damage|p1a: Tapu Fini|8\/100\n|\n|-heal|p1a: Tapu Fini|14\/100|[from] item: Leftovers\n|upkeep\n|turn|13\n|\n|t:|1659730929\n|switch|p2a: Magnezone|Magnezone|100\/100\n|move|p1a: Tapu Fini|Muddy Water|p2a: Magnezone\n|-damage|p2a: Magnezone|64\/100\n|-unboost|p2a: Magnezone|accuracy|1\n|\n|-heal|p1a: Tapu Fini|20\/100|[from] item: Leftovers\n|upkeep\n|turn|14\n|\n|t:|1659730934\n|switch|p1a: Latios|Latios, M, shiny|100\/100\n|move|p2a: Magnezone|Toxic|p1a: Latios|[miss]\n|-miss|p2a: Magnezone|p1a: Latios\n|\n|upkeep\n|turn|15\n|\n|t:|1659730940\n|move|p1a: Latios|Mystical Fire|p2a: Magnezone\n|-supereffective|p2a: Magnezone\n|-damage|p2a: Magnezone|0 fnt\n|faint|p2a: Magnezone\n|\n|-fieldend|Misty Terrain\n|upkeep\n|\n|t:|1659730943\n|switch|p2a: Tapu Fini|Tapu Fini|58\/100\n|-fieldstart|move: Misty Terrain|[from] ability: Misty Surge|[of] p2a: Tapu Fini\n|turn|16\n|\n|t:|1659730957\n|switch|p2a: Hawlucha|Hawlucha, F|100\/100\n|-enditem|p2a: Hawlucha|Misty Seed\n|-boost|p2a: Hawlucha|spd|1|[from] item: Misty Seed\n|switch|p1a: Kartana|Kartana, shiny|100\/100\n|\n|upkeep\n|turn|17\n|\n|t:|1659730962\n|move|p2a: Hawlucha|Swords Dance|p2a: Hawlucha\n|-boost|p2a: Hawlucha|atk|2\n|move|p1a: Kartana|Smart Strike|p2a: Hawlucha\n|-damage|p2a: Hawlucha|43\/100\n|\n|upkeep\n|turn|18\n|\n|t:|1659730969\n|move|p2a: Hawlucha|Close Combat|p1a: Kartana\n|-supereffective|p1a: Kartana\n|-damage|p1a: Kartana|0 fnt\n|-unboost|p2a: Hawlucha|def|1\n|-unboost|p2a: Hawlucha|spd|1\n|faint|p1a: Kartana\n|\n|upkeep\n|\n|t:|1659730972\n|switch|p1a: Landorus|Landorus-Therian, M, shiny|73\/100\n|-ability|p1a: Landorus|Intimidate|boost\n|-unboost|p2a: Hawlucha|atk|1\n|turn|19\n|\n|t:|1659730975\n|move|p2a: Hawlucha|Swords Dance|p2a: Hawlucha\n|-boost|p2a: Hawlucha|atk|2\n|move|p1a: Landorus|Smack Down|p2a: Hawlucha\n|-damage|p2a: Hawlucha|13\/100\n|-start|p2a: Hawlucha|Smack Down\n|\n|upkeep\n|turn|20\n|\n|t:|1659730978\n|move|p2a: Hawlucha|Acrobatics|p1a: Landorus\n|-damage|p1a: Landorus|0 fnt\n|faint|p1a: Landorus\n|\n|-fieldend|Misty Terrain\n|upkeep\n|c|\u2606Capital Cruiser|lol\n|c|\u2606Capital Cruiser|noob\n|-message|Capital Cruiser forfeited.\n|\n|win|himynametay\n|raw|Capital Cruiser's rating: 1592 &rarr; <strong>1572<\/strong><br \/>(-20 for losing)\n|raw|himynametay's rating: 1595 &rarr; <strong>1615<\/strong><br \/>(+20 for winning)\n|l|\u2606Capital Cruiser\n|l|\u203dhimynametay\n||Ladder isn't responding, score probably updated but might not have (Request timeout).\n|j|\u203dhimynametay\n|player|p2|himynametay|elesa\n","uploadtime":1659730993,"views":9,"p1id":"capitalcruiser","p2id":"himynametay","formatid":"gen8ou","rating":1572,"private":0,"password":null}