{"id":"gen8nationaldexag-1157653067","p1":"BugCatcherWeevil","p2":"ironsteelix","format":"gen8nationaldexag","log":"|j|\u2606BugCatcherWeevil\n|j|\u2606ironsteelix\n|t:|1595711936\n|player|p1|BugCatcherWeevil|7|\n|player|p2|ironsteelix|265|\n|teamsize|p1|6\n|teamsize|p2|6\n|gametype|singles\n|gen|8\n|tier|[Gen 8] National Dex AG\n|clearpoke\n|poke|p1|Tornadus-Therian, M|\n|poke|p1|Garchomp, F|\n|poke|p1|Victini|\n|poke|p1|Primarina, F|\n|poke|p1|Hitmontop, M|\n|poke|p1|Roserade, F|\n|poke|p2|Cofagrigus, F|\n|poke|p2|Lopunny, F|\n|poke|p2|Nidoking, M|\n|poke|p2|Starmie|\n|poke|p2|Cryogonal|\n|poke|p2|Electrode|\n|rule|HP Percentage Mod: HP is shown in percentages\n|rule|Endless Battle Clause: Forcing endless battles is banned\n|teampreview\n|c|\u2606BugCatcherWeevil|gl hf!\n|c|\u2606ironsteelix|just gunna send it\n|j| TwatManPrime\n|j| GhostMasterL\n|j| Aligax\n|\n|t:|1595712166\n|start\n|switch|p1a: Tornadus|Tornadus-Therian, M|100\/100\n|switch|p2a: Starmie|Starmie|100\/100\n|turn|1\n|\n|t:|1595712301\n|move|p1a: Tornadus|Knock Off|p2a: Starmie\n|-supereffective|p2a: Starmie\n|-damage|p2a: Starmie|43\/100\n|-enditem|p2a: Starmie|Focus Sash|[from] move: Knock Off|[of] p1a: Tornadus\n|move|p2a: Starmie|Ice Beam|p1a: Tornadus\n|-supereffective|p1a: Tornadus\n|-damage|p1a: Tornadus|55\/100\n|-status|p1a: Tornadus|frz\n|\n|upkeep\n|turn|2\n|\n|t:|1595712329\n|cant|p1a: Tornadus|frz\n|move|p2a: Starmie|Thunderbolt|p1a: Tornadus\n|-supereffective|p1a: Tornadus\n|-damage|p1a: Tornadus|9\/100 frz\n|\n|upkeep\n|turn|3\n|c|\u2606BugCatcherWeevil|welp, this sucks.\n|\n|t:|1595712391\n|switch|p1a: Hitmontop|Hitmontop, M|100\/100\n|move|p2a: Starmie|Scald|p1a: Hitmontop\n|-damage|p1a: Hitmontop|64\/100\n|\n|-heal|p1a: Hitmontop|70\/100|[from] item: Leftovers\n|upkeep\n|turn|4\n|j| Praackle\n|\n|t:|1595712631\n|switch|p2a: Electrode|Electrode|100\/100\n|switch|p1a: Tornadus|Tornadus-Therian, M|42\/100 frz\n|\n|upkeep\n|turn|5\n|l| Aligax\n|\n|t:|1595712645\n|switch|p1a: Roserade|Roserade, F|100\/100\n|move|p2a: Electrode|Reflect|p2a: Electrode\n|-sidestart|p2: ironsteelix|Reflect\n|\n|upkeep\n|turn|6\n|\n|t:|1595712656\n|move|p2a: Electrode|Light Screen|p2a: Electrode\n|-sidestart|p2: ironsteelix|move: Light Screen\n|move|p1a: Roserade|Sludge Bomb|p2a: Electrode\n|-damage|p2a: Electrode|60\/100\n|-status|p2a: Electrode|psn\n|-damage|p1a: Roserade|91\/100|[from] item: Life Orb\n|\n|-damage|p2a: Electrode|48\/100 psn|[from] psn\n|upkeep\n|turn|7\n|j| Aligax\n|\n|t:|1595712665\n|move|p2a: Electrode|Hidden Power|p1a: Roserade\n|-supereffective|p1a: Roserade\n|-damage|p1a: Roserade|56\/100\n|move|p1a: Roserade|Synthesis|p1a: Roserade\n|-heal|p1a: Roserade|100\/100\n|\n|-damage|p2a: Electrode|36\/100 psn|[from] psn\n|upkeep\n|turn|8\n|\n|t:|1595712724\n|switch|p2a: Nidoking|Nidoking, M|100\/100\n|move|p1a: Roserade|Sludge Bomb|p2a: Nidoking\n|-resisted|p2a: Nidoking\n|-damage|p2a: Nidoking|92\/100\n|-damage|p1a: Roserade|91\/100|[from] item: Life Orb\n|\n|upkeep\n|turn|9\n|\n|t:|1595712794\n|switch|p1a: Tornadus|Tornadus-Therian, M|75\/100 frz\n|move|p2a: Nidoking|Ice Beam|p1a: Tornadus\n|-supereffective|p1a: Tornadus\n|-crit|p1a: Tornadus\n|-damage|p1a: Tornadus|0 fnt\n|faint|p1a: Tornadus\n|\n|upkeep\n|c|\u2606BugCatcherWeevil|nice.\n|\n|t:|1595712818\n|switch|p1a: Victini|Victini|100\/100\n|turn|10\n|\n|t:|1595712854\n|move|p1a: Victini|Substitute|p1a: Victini\n|-start|p1a: Victini|Substitute\n|-damage|p1a: Victini|76\/100\n|move|p2a: Nidoking|Earth Power|p1a: Victini\n|-supereffective|p1a: Victini\n|-end|p1a: Victini|Substitute\n|\n|-heal|p1a: Victini|82\/100|[from] item: Leftovers\n|upkeep\n|turn|11\n|\n|t:|1595712865\n|move|p1a: Victini|Substitute|p1a: Victini\n|-start|p1a: Victini|Substitute\n|-damage|p1a: Victini|57\/100\n|move|p2a: Nidoking|Earth Power|p1a: Victini\n|-supereffective|p1a: Victini\n|-end|p1a: Victini|Substitute\n|\n|-heal|p1a: Victini|63\/100|[from] item: Leftovers\n|upkeep\n|turn|12\n|\n|t:|1595712874\n|move|p1a: Victini|Substitute|p1a: Victini\n|-start|p1a: Victini|Substitute\n|-damage|p1a: Victini|38\/100\n|move|p2a: Nidoking|Earth Power|p1a: Victini\n|-supereffective|p1a: Victini\n|-end|p1a: Victini|Substitute\n|\n|-heal|p1a: Victini|44\/100|[from] item: Leftovers\n|-sideend|p2: ironsteelix|Reflect\n|upkeep\n|turn|13\n|\n|t:|1595712883\n|move|p1a: Victini|Substitute|p1a: Victini\n|-start|p1a: Victini|Substitute\n|-damage|p1a: Victini|19\/100\n|move|p2a: Nidoking|Earth Power|p1a: Victini\n|-supereffective|p1a: Victini\n|-end|p1a: Victini|Substitute\n|\n|-heal|p1a: Victini|25\/100|[from] item: Leftovers\n|-sideend|p2: ironsteelix|move: Light Screen\n|upkeep\n|turn|14\n|\n|t:|1595712891\n|move|p1a: Victini|Psychic|p2a: Nidoking\n|-supereffective|p2a: Nidoking\n|-damage|p2a: Nidoking|0 fnt\n|faint|p2a: Nidoking\n|\n|-heal|p1a: Victini|31\/100|[from] item: Leftovers\n|upkeep\n|\n|t:|1595712897\n|switch|p2a: Lopunny|Lopunny, F|100\/100\n|turn|15\n|\n|t:|1595712922\n|switch|p1a: Garchomp|Garchomp, F|100\/100\n|detailschange|p2a: Lopunny|Lopunny-Mega, F\n|-mega|p2a: Lopunny|Lopunny|Lopunnite\n|move|p2a: Lopunny|Return|p1a: Garchomp\n|-damage|p1a: Garchomp|62\/100\n|-damage|p2a: Lopunny|88\/100|[from] ability: Rough Skin|[of] p1a: Garchomp\n|-damage|p2a: Lopunny|72\/100|[from] item: Rocky Helmet|[of] p1a: Garchomp\n|\n|upkeep\n|turn|16\n|\n|t:|1595712932\n|switch|p1a: Primarina|Primarina, F|100\/100\n|move|p2a: Lopunny|Ice Punch|p1a: Primarina\n|-resisted|p1a: Primarina\n|-damage|p1a: Primarina|85\/100\n|\n|-heal|p1a: Primarina|91\/100|[from] item: Leftovers\n|upkeep\n|turn|17\n|\n|t:|1595713138\n|switch|p2a: Electrode|Electrode|36\/100 psn\n|move|p1a: Primarina|Moonblast|p2a: Electrode\n|-damage|p2a: Electrode|0 fnt\n|faint|p2a: Electrode\n|\n|-heal|p1a: Primarina|97\/100|[from] item: Leftovers\n|upkeep\n|\n|t:|1595713282\n|switch|p2a: Cryogonal|Cryogonal|100\/100\n|turn|18\n|\n|t:|1595713291\n|switch|p1a: Hitmontop|Hitmontop, M|70\/100\n|move|p2a: Cryogonal|Freeze-Dry|p1a: Hitmontop\n|-crit|p1a: Hitmontop\n|-damage|p1a: Hitmontop|35\/100\n|-status|p1a: Hitmontop|frz\n|\n|-heal|p1a: Hitmontop|42\/100 frz|[from] item: Leftovers\n|upkeep\n|turn|19\n|c| Praackle|o.o\n|c|\u2606ironsteelix|im sorry\n|\n|t:|1595713323\n|switch|p2a: Lopunny|Lopunny-Mega, F|72\/100\n|-curestatus|p1a: Hitmontop|frz|[msg]\n|move|p1a: Hitmontop|Toxic|p2a: Lopunny\n|-status|p2a: Lopunny|tox\n|\n|-heal|p1a: Hitmontop|48\/100|[from] item: Leftovers\n|-damage|p2a: Lopunny|66\/100 tox|[from] psn\n|upkeep\n|turn|20\n|c|\u2606BugCatcherWeevil|ooof\n|c|\u2606BugCatcherWeevil|gldly\n|\n|t:|1595713345\n|switch|p1a: Garchomp|Garchomp, F|62\/100\n|move|p2a: Lopunny|Ice Punch|p1a: Garchomp\n|-supereffective|p1a: Garchomp\n|-damage|p1a: Garchomp|0 fnt\n|-damage|p2a: Lopunny|53\/100 tox|[from] ability: Rough Skin|[of] p1a: Garchomp\n|-damage|p2a: Lopunny|37\/100 tox|[from] item: Rocky Helmet|[of] p1a: Garchomp\n|faint|p1a: Garchomp\n|\n|-damage|p2a: Lopunny|25\/100 tox|[from] psn\n|upkeep\n|\n|t:|1595713356\n|switch|p1a: Primarina|Primarina, F|97\/100\n|turn|21\n|\n|t:|1595713361\n|move|p2a: Lopunny|Return|p1a: Primarina\n|-damage|p1a: Primarina|34\/100\n|move|p1a: Primarina|Moonblast|p2a: Lopunny\n|-supereffective|p2a: Lopunny\n|-damage|p2a: Lopunny|0 fnt\n|faint|p2a: Lopunny\n|\n|-heal|p1a: Primarina|40\/100|[from] item: Leftovers\n|upkeep\n|\n|t:|1595713371\n|switch|p2a: Starmie|Starmie|43\/100\n|turn|22\n|\n|t:|1595713444\n|move|p2a: Starmie|Thunderbolt|p1a: Primarina\n|-supereffective|p1a: Primarina\n|-damage|p1a: Primarina|7\/100\n|move|p1a: Primarina|Moonblast|p2a: Starmie\n|-damage|p2a: Starmie|0 fnt\n|faint|p2a: Starmie\n|\n|-heal|p1a: Primarina|13\/100|[from] item: Leftovers\n|upkeep\n|\n|t:|1595713453\n|switch|p2a: Cryogonal|Cryogonal|100\/100\n|turn|23\n|l| Praackle\n|\n|t:|1595713551\n|move|p2a: Cryogonal|Freeze-Dry|p1a: Primarina\n|-supereffective|p1a: Primarina\n|-damage|p1a: Primarina|0 fnt\n|faint|p1a: Primarina\n|\n|upkeep\n|\n|t:|1595713556\n|switch|p1a: Hitmontop|Hitmontop, M|48\/100\n|turn|24\n|l| TwatManPrime\n|\n|t:|1595713694\n|move|p2a: Cryogonal|Freeze-Dry|p1a: Hitmontop\n|-damage|p1a: Hitmontop|26\/100\n|-status|p1a: Hitmontop|frz\n|cant|p1a: Hitmontop|frz\n|\n|-heal|p1a: Hitmontop|32\/100 frz|[from] item: Leftovers\n|upkeep\n|turn|25\n|\n|t:|1595713711\n|switch|p2a: Cofagrigus|Cofagrigus, F|100\/100\n|-curestatus|p1a: Hitmontop|frz|[msg]\n|move|p1a: Hitmontop|Mach Punch|p2a: Cofagrigus\n|-immune|p2a: Cofagrigus\n|\n|-heal|p1a: Hitmontop|38\/100|[from] item: Leftovers\n|upkeep\n|turn|26\n|\n|t:|1595713720\n|switch|p1a: Roserade|Roserade, F|91\/100\n|move|p2a: Cofagrigus|Trick Room|p2a: Cofagrigus\n|-fieldstart|move: Trick Room|[of] p2a: Cofagrigus\n|\n|upkeep\n|turn|27\n|\n|t:|1595713742\n|move|p2a: Cofagrigus|Nasty Plot|p2a: Cofagrigus\n|-boost|p2a: Cofagrigus|spa|2\n|move|p1a: Roserade|Leaf Storm|p2a: Cofagrigus\n|-damage|p2a: Cofagrigus|28\/100\n|-unboost|p1a: Roserade|spa|2\n|-damage|p1a: Roserade|81\/100|[from] item: Life Orb\n|\n|-heal|p2a: Cofagrigus|35\/100|[from] item: Leftovers\n|upkeep\n|turn|28\n|\n|t:|1595713756\n|move|p2a: Cofagrigus|Shadow Ball|p1a: Roserade\n|-damage|p1a: Roserade|0 fnt\n|faint|p1a: Roserade\n|\n|-heal|p2a: Cofagrigus|41\/100|[from] item: Leftovers\n|upkeep\n|\n|t:|1595713796\n|switch|p1a: Hitmontop|Hitmontop, M|38\/100\n|turn|29\n|\n|t:|1595713801\n|move|p2a: Cofagrigus|Shadow Ball|p1a: Hitmontop\n|-damage|p1a: Hitmontop|0 fnt\n|faint|p1a: Hitmontop\n|\n|-heal|p2a: Cofagrigus|47\/100|[from] item: Leftovers\n|upkeep\n|c|\u2606BugCatcherWeevil|cant say im not salty, but gg anyway.\n|\n|t:|1595713831\n|switch|p1a: Victini|Victini|31\/100\n|turn|30\n|\n|t:|1595713836\n|move|p2a: Cofagrigus|Shadow Ball|p1a: Victini\n|-supereffective|p1a: Victini\n|-damage|p1a: Victini|0 fnt\n|faint|p1a: Victini\n|\n|win|ironsteelix\n|l|\u2606BugCatcherWeevil\n|c|\u2606ironsteelix|gg\n","uploadtime":1595713857,"views":107,"p1id":"bugcatcherweevil","p2id":"ironsteelix","formatid":"gen8nationaldexag","rating":0,"private":0,"password":null}