{"id":"gen8doublesou-1706969711","p1":"Lemurro","p2":"Xrn","format":"gen8doublesou","log":"|j|\u2606Lemurro\n|j|\u2606Xrn\n|t:|1668037459\n|gametype|doubles\n|player|p1|Lemurro|grimsley|\n|player|p2|Xrn|#scl2gible|\n|teamsize|p1|6\n|teamsize|p2|6\n|gen|8\n|tier|[Gen 8] Doubles OU\n|rated|Tournament battle\n|rule|Species Clause: Limit one of each Pok\u00e9mon\n|rule|OHKO Clause: OHKO moves are banned\n|rule|Evasion Moves Clause: Evasion moves are banned\n|rule|Gravity Sleep Clause: The combination of sleep-inducing moves with imperfect accuracy and Gravity or Gigantamax Orbeetle are banned\n|rule|Endless Battle Clause: Forcing endless battles is banned\n|rule|HP Percentage Mod: HP is shown in percentages\n|rule|Dynamax Clause: You cannot dynamax\n|rule|Swagger Clause: Swagger is banned\n|clearpoke\n|poke|p1|Incineroar, F|\n|poke|p1|Rillaboom, F|\n|poke|p1|Landorus, M|\n|poke|p1|Zeraora|\n|poke|p1|Tapu Fini|\n|poke|p1|Genesect|\n|poke|p2|Regieleki|\n|poke|p2|Tapu Koko|\n|poke|p2|Kyurem-Black|\n|poke|p2|Ninetales-Alola, M|\n|poke|p2|Genesect|\n|poke|p2|Mew|\n|teampreview\n|inactive|Battle timer is ON: inactive players will automatically lose when time's up. (requested by Xrn)\n|inactive|Xrn has 120 seconds left.\n|l|\u2606Xrn\n|inactive|Xrn disconnected and has a minute to reconnect!\n|player|p2|\n|j|\u2606Xrn\n|inactive|Xrn reconnected and has 110 seconds left.\n|player|p2|Xrn|#scl2gible\n|c|\u2606Xrn|Glhf\n|inactive|Xrn has 90 seconds left.\n|\n|t:|1668037526\n|start\n|switch|p1a: Genesect|Genesect, shiny|100\/100\n|switch|p1b: Zeraora|Zeraora|100\/100\n|switch|p2a: Tapu Koko|Tapu Koko|100\/100\n|switch|p2b: Mew|Mew|100\/100\n|-fieldstart|move: Electric Terrain|[from] ability: Electric Surge|[of] p2a: Tapu Koko\n|-ability|p1a: Genesect|Download|boost\n|-boost|p1a: Genesect|spa|1\n|turn|1\n|c|\u2606Lemurro|glhf\n|\n|t:|1668037543\n|move|p1b: Zeraora|Fake Out|p2b: Mew\n|-damage|p2b: Mew|90\/100\n|cant|p2b: Mew|flinch\n|move|p2a: Tapu Koko|U-turn|p1b: Zeraora\n|-damage|p1b: Zeraora|47\/100\n|-enditem|p1b: Zeraora|Sitrus Berry|[eat]\n|-heal|p1b: Zeraora|71\/100|[from] item: Sitrus Berry\n|\n|t:|1668037551\n|switch|p2a: Genesect|Genesect, shiny|100\/100|[from]move: U-turn\n|-ability|p2a: Genesect|Download|boost\n|-boost|p2a: Genesect|atk|1\n|move|p1a: Genesect|Shift Gear|p1a: Genesect\n|-boost|p1a: Genesect|spe|2\n|-boost|p1a: Genesect|atk|1\n|\n|upkeep\n|turn|2\n|\n|t:|1668037569\n|switch|p1b: Incineroar|Incineroar, F|100\/100\n|-ability|p1b: Incineroar|Intimidate|boost\n|-unboost|p2a: Genesect|atk|1\n|-unboost|p2b: Mew|atk|1\n|move|p1a: Genesect|Leech Life|p2b: Mew\n|-supereffective|p2b: Mew\n|-damage|p2b: Mew|0 fnt\n|faint|p2b: Mew\n|-damage|p1a: Genesect|91\/100|[from] item: Life Orb\n|move|p2a: Genesect|Flamethrower|p1a: Genesect\n|-supereffective|p1a: Genesect\n|-damage|p1a: Genesect|0 fnt\n|faint|p1a: Genesect\n|\n|upkeep\n|\n|t:|1668037592\n|switch|p2b: Kyurem|Kyurem-Black|100\/100\n|switch|p1a: Landorus|Landorus, M|100\/100\n|-ability|p2b: Kyurem|Teravolt\n|turn|3\n|\n|t:|1668037618\n|move|p2b: Kyurem|Protect|p2b: Kyurem\n|-singleturn|p2b: Kyurem|Protect\n|move|p1b: Incineroar|Fake Out|p2b: Kyurem\n|-activate|p2b: Kyurem|move: Protect\n|move|p1a: Landorus|Earth Power|p2a: Genesect\n|-damage|p2a: Genesect|37\/100\n|move|p2a: Genesect|U-turn|p1b: Incineroar\n|-damage|p1b: Incineroar|77\/100\n|\n|t:|1668037626\n|switch|p2a: Ninetales|Ninetales-Alola, M|100\/100|[from]move: U-turn\n|-weather|Hail|[from] ability: Snow Warning|[of] p2a: Ninetales\n|\n|-weather|Hail|[upkeep]\n|-damage|p1a: Landorus|95\/100|[from] Hail\n|-damage|p1b: Incineroar|71\/100|[from] Hail\n|upkeep\n|turn|4\n|\n|t:|1668037655\n|switch|p1a: Tapu Fini|Tapu Fini|100\/100\n|-fieldstart|move: Misty Terrain|[from] ability: Misty Surge|[of] p1a: Tapu Fini\n|move|p2a: Ninetales|Aurora Veil|p2a: Ninetales\n|-sidestart|p2: Xrn|move: Aurora Veil\n|move|p2b: Kyurem|Earth Power|p1b: Incineroar\n|-supereffective|p1b: Incineroar\n|-damage|p1b: Incineroar|28\/100\n|move|p1b: Incineroar|Parting Shot|p2b: Kyurem\n|-unboost|p2b: Kyurem|atk|1\n|-unboost|p2b: Kyurem|spa|1\n|inactive|Lemurro has 120 seconds left.\n|\n|t:|1668037675\n|switch|p1b: Zeraora|Zeraora|71\/100|[from]move: Parting Shot\n|\n|-weather|Hail|[upkeep]\n|-damage|p1b: Zeraora|65\/100|[from] Hail\n|-damage|p1a: Tapu Fini|94\/100|[from] Hail\n|-heal|p1a: Tapu Fini|100\/100|[from] item: Leftovers\n|upkeep\n|turn|5\n|\n|t:|1668037686\n|switch|p2b: Tapu Koko|Tapu Koko|100\/100\n|-fieldstart|move: Electric Terrain|[from] ability: Electric Surge|[of] p2b: Tapu Koko\n|move|p1b: Zeraora|Fake Out|p2a: Ninetales\n|-damage|p2a: Ninetales|87\/100\n|cant|p2a: Ninetales|flinch\n|move|p1a: Tapu Fini|Calm Mind|p1a: Tapu Fini\n|-boost|p1a: Tapu Fini|spa|1\n|-boost|p1a: Tapu Fini|spd|1\n|\n|-weather|Hail|[upkeep]\n|-damage|p1b: Zeraora|59\/100|[from] Hail\n|-damage|p2b: Tapu Koko|94\/100|[from] Hail\n|-damage|p1a: Tapu Fini|94\/100|[from] Hail\n|-heal|p1a: Tapu Fini|100\/100|[from] item: Leftovers\n|upkeep\n|turn|6\n|\n|t:|1668037701\n|move|p1a: Tapu Fini|Protect|p1a: Tapu Fini\n|-singleturn|p1a: Tapu Fini|Protect\n|move|p1b: Zeraora|Knock Off|p2b: Tapu Koko\n|-resisted|p2b: Tapu Koko\n|-damage|p2b: Tapu Koko|81\/100\n|-enditem|p2b: Tapu Koko|Choice Band|[from] move: Knock Off|[of] p1b: Zeraora\n|move|p2b: Tapu Koko|U-turn|p1b: Zeraora\n|-damage|p1b: Zeraora|23\/100\n|\n|t:|1668037712\n|switch|p2b: Genesect|Genesect, shiny|37\/100|[from]move: U-turn\n|-ability|p2b: Genesect|Download|boost\n|-boost|p2b: Genesect|atk|1\n|move|p2a: Ninetales|Blizzard|p1b: Zeraora|[spread] p1b\n|-activate|p1a: Tapu Fini|move: Protect\n|-damage|p1b: Zeraora|0 fnt\n|faint|p1b: Zeraora\n|\n|-weather|Hail|[upkeep]\n|-damage|p2b: Genesect|31\/100|[from] Hail\n|-damage|p1a: Tapu Fini|94\/100|[from] Hail\n|-heal|p1a: Tapu Fini|100\/100|[from] item: Leftovers\n|upkeep\n|\n|t:|1668037720\n|switch|p1b: Incineroar|Incineroar, F|28\/100\n|-ability|p1b: Incineroar|Intimidate|boost\n|-unboost|p2a: Ninetales|atk|1\n|-unboost|p2b: Genesect|atk|1\n|turn|7\n|\n|t:|1668037733\n|move|p1b: Incineroar|Fake Out|p2a: Ninetales\n|-damage|p2a: Ninetales|75\/100\n|cant|p2a: Ninetales|flinch\n|move|p2b: Genesect|Iron Head|p1a: Tapu Fini\n|-damage|p1a: Tapu Fini|78\/100\n|move|p1a: Tapu Fini|Muddy Water|p2b: Genesect|[spread] p2a,p2b\n|-damage|p2a: Ninetales|42\/100\n|-damage|p2b: Genesect|10\/100\n|-unboost|p2a: Ninetales|accuracy|1\n|\n|-weather|none\n|-heal|p1a: Tapu Fini|85\/100|[from] item: Leftovers\n|upkeep\n|turn|8\n|\n|t:|1668037749\n|switch|p2a: Kyurem|Kyurem-Black|100\/100\n|-ability|p2a: Kyurem|Teravolt\n|move|p2b: Genesect|U-turn|p1b: Incineroar\n|-damage|p1b: Incineroar|4\/100\n|\n|t:|1668037751\n|switch|p2b: Ninetales|Ninetales-Alola, M|42\/100|[from]move: U-turn\n|-weather|Hail|[from] ability: Snow Warning|[of] p2b: Ninetales\n|move|p1a: Tapu Fini|Muddy Water|p2b: Ninetales|[spread] p2a,p2b\n|-resisted|p2a: Kyurem\n|-damage|p2a: Kyurem|89\/100\n|-damage|p2b: Ninetales|14\/100\n|-unboost|p2a: Kyurem|accuracy|1\n|move|p1b: Incineroar|Flare Blitz|p2a: Kyurem\n|-crit|p2a: Kyurem\n|-damage|p2a: Kyurem|29\/100\n|-damage|p1b: Incineroar|0 fnt|[from] Recoil\n|faint|p1b: Incineroar\n|\n|-weather|Hail|[upkeep]\n|-damage|p1a: Tapu Fini|78\/100|[from] Hail\n|-heal|p1a: Tapu Fini|85\/100|[from] item: Leftovers\n|upkeep\n|\n|t:|1668037766\n|switch|p1b: Rillaboom|Rillaboom, F|100\/100\n|-fieldstart|move: Grassy Terrain|[from] ability: Grassy Surge|[of] p1b: Rillaboom\n|turn|9\n|\n|t:|1668037780\n|switch|p2b: Tapu Koko|Tapu Koko|81\/100\n|-fieldstart|move: Electric Terrain|[from] ability: Electric Surge|[of] p2b: Tapu Koko\n|move|p2a: Kyurem|Protect|p2a: Kyurem\n|-singleturn|p2a: Kyurem|Protect\n|move|p1b: Rillaboom|Fake Out|p2a: Kyurem\n|-activate|p2a: Kyurem|move: Protect\n|move|p1a: Tapu Fini|Moonblast|p2a: Kyurem\n|-activate|p2a: Kyurem|move: Protect\n|\n|-weather|Hail|[upkeep]\n|-damage|p2b: Tapu Koko|75\/100|[from] Hail\n|-damage|p1a: Tapu Fini|78\/100|[from] Hail\n|-damage|p1b: Rillaboom|94\/100|[from] Hail\n|-heal|p1a: Tapu Fini|85\/100|[from] item: Leftovers\n|upkeep\n|turn|10\n|\n|t:|1668037796\n|move|p2b: Tapu Koko|U-turn|p1b: Rillaboom\n|-supereffective|p1b: Rillaboom\n|-damage|p1b: Rillaboom|52\/100\n|\n|t:|1668037800\n|switch|p2b: Genesect|Genesect, shiny|10\/100|[from]move: U-turn\n|-ability|p2b: Genesect|Download|boost\n|-boost|p2b: Genesect|atk|1\n|move|p2a: Kyurem|Blizzard|p1b: Rillaboom|[spread] p1a,p1b\n|-resisted|p1a: Tapu Fini\n|-supereffective|p1b: Rillaboom\n|-damage|p1a: Tapu Fini|71\/100\n|-damage|p1b: Rillaboom|0 fnt\n|faint|p1b: Rillaboom\n|move|p1a: Tapu Fini|Moonblast|p2a: Kyurem\n|-supereffective|p2a: Kyurem\n|-damage|p2a: Kyurem|0 fnt\n|faint|p2a: Kyurem\n|\n|-weather|Hail|[upkeep]\n|-damage|p2b: Genesect|4\/100|[from] Hail\n|-damage|p1a: Tapu Fini|65\/100|[from] Hail\n|-heal|p1a: Tapu Fini|71\/100|[from] item: Leftovers\n|upkeep\n|\n|t:|1668037814\n|switch|p2a: Regieleki|Regieleki|100\/100\n|switch|p1b: Landorus|Landorus, M|95\/100\n|turn|11\n|\n|t:|1668037825\n|move|p1b: Landorus|Protect|p1b: Landorus\n|-singleturn|p1b: Landorus|Protect\n|move|p1a: Tapu Fini|Protect|p1a: Tapu Fini\n|-singleturn|p1a: Tapu Fini|Protect\n|move|p2a: Regieleki|Rising Voltage|p1a: Tapu Fini\n|-activate|p1a: Tapu Fini|move: Protect\n|move|p2b: Genesect|Blizzard|p1a: Tapu Fini|[spread] \n|-activate|p1a: Tapu Fini|move: Protect\n|-activate|p1b: Landorus|move: Protect\n|\n|-weather|Hail|[upkeep]\n|-damage|p2a: Regieleki|95\/100|[from] Hail\n|-damage|p1b: Landorus|89\/100|[from] Hail\n|-damage|p2b: Genesect|0 fnt|[from] Hail\n|-damage|p1a: Tapu Fini|65\/100|[from] Hail\n|faint|p2b: Genesect\n|-heal|p1a: Tapu Fini|71\/100|[from] item: Leftovers\n|-sideend|p2: Xrn|move: Aurora Veil\n|upkeep\n|\n|t:|1668037830\n|switch|p2b: Ninetales|Ninetales-Alola, M|14\/100\n|turn|12\n|c|\u2606Lemurro|gg\n|\n|t:|1668037840\n|move|p2a: Regieleki|Rising Voltage|p1a: Tapu Fini\n|-hint|Rising Voltage's BP doubled on grounded target.\n|-supereffective|p1a: Tapu Fini\n|-damage|p1a: Tapu Fini|0 fnt\n|faint|p1a: Tapu Fini\n|move|p2b: Ninetales|Blizzard|p1b: Landorus\n|-supereffective|p1b: Landorus\n|-damage|p1b: Landorus|0 fnt\n|faint|p1b: Landorus\n|\n|win|Xrn\n|n|\u2606Lemurro|lemurro\n|n|\u2606Xrn|xrn\n|c|\u2606Xrn|Gg\n|l|\u2606Xrn\n","uploadtime":1668037841,"views":3,"p1id":"lemurro","p2id":"xrn","formatid":"gen8doublesou","rating":0,"private":0,"password":null}