{"id":"gen8randombattle-1380348700","p1":"Bxmoneyx48","p2":"Free Wifi Hotspot","format":"gen8randombattle","log":"|j|\u2606Bxmoneyx48\n|j|\u2606Free Wifi Hotspot\n|t:|1626741060\n|gametype|singles\n|player|p1|Bxmoneyx48|giovanni|1403\n|player|p2|Free Wifi Hotspot|emmet|1377\n|teamsize|p1|6\n|teamsize|p2|6\n|gen|8\n|tier|[Gen 8] Random Battle\n|rated|\n|rule|Species Clause: Limit one of each Pok\u00e9mon\n|rule|HP Percentage Mod: HP is shown in percentages\n|rule|Sleep Clause Mod: Limit one foe put to sleep\n|\n|t:|1626741060\n|start\n|switch|p1a: Mew|Mew, L80|291\/291\n|switch|p2a: Volcarona|Volcarona, L76, M|254\/254\n|turn|1\n|inactive|Battle timer is ON: inactive players will automatically lose when time's up. (requested by Free Wifi Hotspot)\n|inactive|Bxmoneyx48 has 120 seconds left.\n|\n|t:|1626741093\n|move|p1a: Mew|Dragon Dance|p1a: Mew\n|-boost|p1a: Mew|atk|1\n|-boost|p1a: Mew|spe|1\n|move|p2a: Volcarona|Quiver Dance|p2a: Volcarona\n|-boost|p2a: Volcarona|spa|1\n|-boost|p2a: Volcarona|spd|1\n|-boost|p2a: Volcarona|spe|1\n|\n|upkeep\n|turn|2\n|\n|t:|1626741101\n|move|p1a: Mew|Dragon Dance|p1a: Mew\n|-boost|p1a: Mew|atk|1\n|-boost|p1a: Mew|spe|1\n|move|p2a: Volcarona|Quiver Dance|p2a: Volcarona\n|-boost|p2a: Volcarona|spa|1\n|-boost|p2a: Volcarona|spd|1\n|-boost|p2a: Volcarona|spe|1\n|\n|upkeep\n|turn|3\n|\n|t:|1626741113\n|move|p1a: Mew|Psychic Fangs|p2a: Volcarona\n|-damage|p2a: Volcarona|41\/254\n|move|p2a: Volcarona|Bug Buzz|p1a: Mew\n|-supereffective|p1a: Mew\n|-damage|p1a: Mew|0 fnt\n|faint|p1a: Mew\n|\n|upkeep\n|\n|t:|1626741125\n|switch|p1a: Braviary|Braviary, L82, M|298\/298\n|turn|4\n|\n|t:|1626741134\n|move|p2a: Volcarona|Fire Blast|p1a: Braviary|[miss]\n|-miss|p2a: Volcarona|p1a: Braviary\n|move|p1a: Braviary|Brave Bird|p2a: Volcarona\n|-supereffective|p2a: Volcarona\n|-damage|p2a: Volcarona|0 fnt\n|-status|p1a: Braviary|brn|[from] ability: Flame Body|[of] p2a: Volcarona\n|faint|p2a: Volcarona\n|-damage|p1a: Braviary|284\/298 brn|[from] Recoil\n|\n|-damage|p1a: Braviary|266\/298 brn|[from] brn\n|upkeep\n|\n|t:|1626741146\n|switch|p2a: Mudsdale|Mudsdale, L82, M|298\/298\n|turn|5\n|\n|t:|1626741151\n|switch|p1a: Qwilfish|Qwilfish, L84, F|246\/246\n|-ability|p1a: Qwilfish|Intimidate|boost\n|-unboost|p2a: Mudsdale|atk|1\n|move|p2a: Mudsdale|Stealth Rock|p1a: Qwilfish\n|-sidestart|p1: Bxmoneyx48|move: Stealth Rock\n|\n|upkeep\n|turn|6\n|\n|t:|1626741160\n|move|p1a: Qwilfish|Taunt|p2a: Mudsdale\n|-start|p2a: Mudsdale|move: Taunt\n|move|p2a: Mudsdale|Earthquake|p1a: Qwilfish\n|-supereffective|p1a: Qwilfish\n|-crit|p1a: Qwilfish\n|-damage|p1a: Qwilfish|0 fnt\n|faint|p1a: Qwilfish\n|\n|upkeep\n|\n|t:|1626741169\n|switch|p1a: Lilligant|Lilligant, L84, F|255\/255\n|-damage|p1a: Lilligant|224\/255|[from] Stealth Rock\n|turn|7\n|\n|t:|1626741178\n|switch|p2a: Metagross|Metagross, L79|256\/256\n|move|p1a: Lilligant|Sleep Powder|p2a: Metagross|[miss]\n|-miss|p1a: Lilligant|p2a: Metagross\n|\n|-heal|p1a: Lilligant|239\/255|[from] item: Leftovers\n|upkeep\n|turn|8\n|\n|t:|1626741186\n|switch|p2a: Celebi|Celebi, L82|298\/298\n|move|p1a: Lilligant|Quiver Dance|p1a: Lilligant\n|-boost|p1a: Lilligant|spa|1\n|-boost|p1a: Lilligant|spd|1\n|-boost|p1a: Lilligant|spe|1\n|\n|-heal|p1a: Lilligant|254\/255|[from] item: Leftovers\n|upkeep\n|turn|9\n|\n|t:|1626741197\n|move|p1a: Lilligant|Pollen Puff|p2a: Celebi\n|-supereffective|p2a: Celebi\n|-damage|p2a: Celebi|0 fnt\n|faint|p2a: Celebi\n|\n|-heal|p1a: Lilligant|255\/255|[from] item: Leftovers\n|upkeep\n|\n|t:|1626741207\n|switch|p2a: Metagross|Metagross, L79|256\/256\n|turn|10\n|\n|t:|1626741210\n|move|p1a: Lilligant|Sleep Powder|p2a: Metagross\n|-status|p2a: Metagross|slp|[from] move: Sleep Powder\n|cant|p2a: Metagross|slp\n|\n|upkeep\n|turn|11\n|\n|t:|1626741216\n|move|p1a: Lilligant|Quiver Dance|p1a: Lilligant\n|-boost|p1a: Lilligant|spa|1\n|-boost|p1a: Lilligant|spd|1\n|-boost|p1a: Lilligant|spe|1\n|cant|p2a: Metagross|slp\n|\n|upkeep\n|turn|12\n|\n|t:|1626741222\n|move|p1a: Lilligant|Quiver Dance|p1a: Lilligant\n|-boost|p1a: Lilligant|spa|1\n|-boost|p1a: Lilligant|spd|1\n|-boost|p1a: Lilligant|spe|1\n|-curestatus|p2a: Metagross|slp|[msg]\n|move|p2a: Metagross|Explosion|p1a: Lilligant\n|-damage|p1a: Lilligant|0 fnt\n|faint|p2a: Metagross\n|faint|p1a: Lilligant\n|\n|upkeep\n|\n|t:|1626741239\n|switch|p1a: Passimian|Passimian, L82, M|298\/298\n|switch|p2a: Avalugg|Avalugg, L86, M|304\/304\n|-damage|p1a: Passimian|280\/298|[from] Stealth Rock\n|turn|13\n|\n|t:|1626741246\n|move|p1a: Passimian|Close Combat|p2a: Avalugg\n|-supereffective|p2a: Avalugg\n|-damage|p2a: Avalugg|94\/304\n|-unboost|p1a: Passimian|def|1\n|-unboost|p1a: Passimian|spd|1\n|move|p2a: Avalugg|Avalanche|p1a: Passimian\n|-crit|p1a: Passimian\n|-damage|p1a: Passimian|0 fnt\n|faint|p1a: Passimian\n|\n|upkeep\n|\n|t:|1626741261\n|switch|p1a: Braviary|Braviary, L82, M|266\/298 brn\n|-damage|p1a: Braviary|192\/298 brn|[from] Stealth Rock\n|turn|14\n|\n|t:|1626741266\n|move|p1a: Braviary|Close Combat|p2a: Avalugg\n|-supereffective|p2a: Avalugg\n|-damage|p2a: Avalugg|41\/304\n|-unboost|p1a: Braviary|def|1\n|-unboost|p1a: Braviary|spd|1\n|move|p2a: Avalugg|Avalanche|p1a: Braviary\n|-supereffective|p1a: Braviary\n|-crit|p1a: Braviary\n|-damage|p1a: Braviary|0 fnt\n|faint|p1a: Braviary\n|\n|upkeep\n|\n|t:|1626741277\n|switch|p1a: Lapras|Lapras, L86, M|364\/364\n|turn|15\n|\n|t:|1626741285\n|move|p1a: Lapras|Thunderbolt|p2a: Avalugg\n|-damage|p2a: Avalugg|0 fnt\n|faint|p2a: Avalugg\n|\n|upkeep\n|\n|t:|1626741288\n|switch|p2a: Mudsdale|Mudsdale, L82, M|298\/298\n|turn|16\n|\n|t:|1626741294\n|-start|p1a: Lapras|Dynamax\n|-formechange|p1a: Lapras|Lapras-Gmax\n|-heal|p1a: Lapras|728\/728|[silent]\n|move|p1a: Lapras|Max Geyser|p2a: Mudsdale\n|-supereffective|p2a: Mudsdale\n|-damage|p2a: Mudsdale|20\/298\n|-weather|RainDance\n|-ability|p2a: Mudsdale|Stamina|boost\n|-boost|p2a: Mudsdale|def|1\n|move|p2a: Mudsdale|Body Press|p1a: Lapras\n|-supereffective|p1a: Lapras\n|-damage|p1a: Lapras|570\/728\n|\n|-weather|RainDance|[upkeep]\n|-heal|p2a: Mudsdale|38\/298|[from] item: Leftovers\n|upkeep\n|turn|17\n|\n|t:|1626741310\n|move|p1a: Lapras|G-Max Resonance|p2a: Mudsdale\n|-supereffective|p2a: Mudsdale\n|-damage|p2a: Mudsdale|0 fnt\n|-sidestart|p1: Bxmoneyx48|move: Aurora Veil\n|faint|p2a: Mudsdale\n|\n|-weather|RainDance|[upkeep]\n|upkeep\n|\n|t:|1626741313\n|switch|p2a: Qwilfish|Qwilfish, L84, M|246\/246\n|-ability|p2a: Qwilfish|Intimidate|boost\n|-unboost|p1a: Lapras|atk|1\n|turn|18\n|\n|t:|1626741323\n|move|p2a: Qwilfish|Thunder Wave|p1a: Lapras\n|-status|p1a: Lapras|par\n|move|p1a: Lapras|Max Lightning|p2a: Qwilfish\n|-supereffective|p2a: Qwilfish\n|-damage|p2a: Qwilfish|24\/246\n|-fieldstart|move: Electric Terrain\n|\n|-weather|RainDance|[upkeep]\n|-heal|p2a: Qwilfish|39\/246|[from] item: Black Sludge\n|-end|p1a: Lapras|Dynamax\n|-formechange|p1a: Lapras|Lapras\n|-heal|p1a: Lapras|285\/364 par|[silent]\n|upkeep\n|turn|19\n|\n|t:|1626741339\n|-start|p2a: Qwilfish|Dynamax\n|-heal|p2a: Qwilfish|78\/492|[silent]\n|move|p2a: Qwilfish|Max Guard|p2a: Qwilfish\n|-singleturn|p2a: Qwilfish|Max Guard\n|cant|p1a: Lapras|par\n|\n|-weather|RainDance|[upkeep]\n|-heal|p2a: Qwilfish|93\/492|[from] item: Black Sludge\n|upkeep\n|turn|20\n|\n|t:|1626741349\n|move|p2a: Qwilfish|Max Geyser|p1a: Lapras\n|-heal|p1a: Lapras|364\/364 par|[from] ability: Water Absorb|[of] p2a: Qwilfish\n|cant|p1a: Lapras|par\n|\n|-weather|none\n|-heal|p2a: Qwilfish|108\/492|[from] item: Black Sludge\n|upkeep\n|turn|21\n|\n|t:|1626741357\n|move|p2a: Qwilfish|Max Geyser|p1a: Lapras\n|-immune|p1a: Lapras|[from] ability: Water Absorb\n|move|p1a: Lapras|Thunderbolt|p2a: Qwilfish\n|-supereffective|p2a: Qwilfish\n|-damage|p2a: Qwilfish|0 fnt\n|faint|p2a: Qwilfish\n|\n|win|Bxmoneyx48\n|l|\u2606Free Wifi Hotspot\n|raw|Bxmoneyx48's rating: 1403 &rarr; <strong>1422<\/strong><br \/>(+19 for winning)\n|raw|Free Wifi Hotspot's rating: 1377 &rarr; <strong>1358<\/strong><br \/>(-19 for losing)\n","inputlog":">version ce9cde9324a69b7c4745ab113131665f6520063d\n>start {\"formatid\":\"gen8randombattle\",\"seed\":[114,34262,3610,17883],\"rated\":\"Rated battle\"}\n>player p1 {\"name\":\"Bxmoneyx48\",\"avatar\":\"giovanni\",\"rating\":1403,\"seed\":[58442,46061,21240,31977]}\n>player p2 {\"name\":\"Free Wifi Hotspot\",\"avatar\":\"emmet\",\"rating\":1377,\"seed\":[21322,42129,7500,31815]}\n>p1 move dragondance\n>p2 move quiverdance\n>p1 move dragondance\n>p2 move quiverdance\n>p1 move psychicfangs\n>p2 move bugbuzz\n>p1 switch 2\n>p1 move bravebird\n>p2 move fireblast\n>p2 switch 3\n>p1 switch 3\n>p2 move stealthrock\n>p1 move taunt\n>p2 move earthquake\n>p1 switch 6\n>p1 move sleeppowder\n>p2 switch 5\n>p1 move quiverdance\n>p2 switch 4\n>p1 move pollenpuff\n>p2 move nastyplot\n>p2 switch 4\n>p1 move sleeppowder\n>p2 move explosion\n>p1 move quiverdance\n>p2 move explosion\n>p1 move quiverdance\n>p2 move explosion\n>p1 switch 5\n>p2 switch 6\n>p1 move closecombat\n>p2 move avalanche\n>p1 switch 3\n>p1 move closecombat\n>p2 move avalanche\n>p1 switch 4\n>p1 move thunderbolt\n>p2 move recover\n>p2 switch 5\n>p1 move sparklingaria dynamax\n>p2 move bodypress\n>p1 move icebeam dynamax\n>p2 move bodypress\n>p2 switch 2\n>p1 move thunderbolt dynamax\n>p2 move thunderwave\n>p1 move thunderbolt\n>p2 move thunderwave dynamax\n>p1 move thunderbolt\n>p2 move waterfall dynamax\n>p1 move thunderbolt\n>p2 move waterfall dynamax","uploadtime":1626741374,"views":5,"p1id":"bxmoneyx48","p2id":"freewifihotspot","formatid":"gen8randombattle","rating":1358,"private":0,"password":null}