{"id":"gen8monotype-1434588602","p1":"lord cube","p2":"Cowboy Joiner","format":"gen8monotype","log":"|j|\u2606lord cube\n|j|\u2606Cowboy Joiner\n|inactive|Battle timer is ON: inactive players will automatically lose when time's up.\n|t:|1634132289\n|gametype|singles\n|player|p1|lord cube|cheryl|\n|player|p2|Cowboy Joiner|riley|\n|teamsize|p1|6\n|teamsize|p2|6\n|gen|8\n|tier|[Gen 8] Monotype\n|rated|Tournament battle\n|rule|Same Type Clause: Pok\u00e9mon in a team must share a type\n|rule|Sleep Clause Mod: Limit one foe put to sleep\n|rule|Species Clause: Limit one of each Pok\u00e9mon\n|rule|OHKO Clause: OHKO moves are banned\n|rule|Evasion Moves Clause: Evasion moves are banned\n|rule|Endless Battle Clause: Forcing endless battles is banned\n|rule|HP Percentage Mod: HP is shown in percentages\n|rule|Dynamax Clause: You cannot dynamax\n|clearpoke\n|poke|p1|Heracross, F|\n|poke|p1|Galvantula, F|\n|poke|p1|Volcarona, M|\n|poke|p1|Scizor, F|\n|poke|p1|Buzzwole|\n|poke|p1|Golisopod, M|\n|poke|p2|Diggersby, F|\n|poke|p2|Chansey, F|\n|poke|p2|Bewear, F|\n|poke|p2|Braviary, M|\n|poke|p2|Heliolisk, M|\n|poke|p2|Ditto|\n|teampreview\n|j|*Lady Monita \u263d\n|inactive|lord cube has 120 seconds left.\n|\n|t:|1634132345\n|start\n|switch|p1a: Galvantula|Galvantula, F|100\/100\n|switch|p2a: Diggersby|Diggersby, F|100\/100\n|turn|1\n|\n|t:|1634132349\n|move|p1a: Galvantula|Energy Ball|p2a: Diggersby\n|-supereffective|p2a: Diggersby\n|-damage|p2a: Diggersby|34\/100\n|move|p2a: Diggersby|Earthquake|p1a: Galvantula\n|-enditem|p1a: Galvantula|Focus Sash\n|-damage|p1a: Galvantula|1\/100\n|\n|upkeep\n|turn|2\n|\n|t:|1634132362\n|switch|p1a: Scizor|Scizor, F|100\/100\n|move|p2a: Diggersby|Quick Attack|p1a: Scizor\n|-resisted|p1a: Scizor\n|-damage|p1a: Scizor|86\/100\n|\n|upkeep\n|turn|3\n|inactive|lord cube has 120 seconds left.\n|\n|t:|1634132407\n|move|p2a: Diggersby|Earthquake|p1a: Scizor\n|-damage|p1a: Scizor|1\/100\n|move|p1a: Scizor|Knock Off|p2a: Diggersby\n|-damage|p2a: Diggersby|0 fnt\n|-enditem|p2a: Diggersby|Focus Sash|[from] move: Knock Off|[of] p1a: Scizor\n|faint|p2a: Diggersby\n|-damage|p1a: Scizor|0 fnt|[from] item: Life Orb\n|faint|p1a: Scizor\n|\n|upkeep\n|\n|t:|1634132425\n|switch|p2a: Braviary|Braviary, M|100\/100\n|switch|p1a: Buzzwole|Buzzwole|100\/100\n|turn|4\n|inactive|lord cube has 120 seconds left.\n|inactive|lord cube has 90 seconds left.\n|\n|t:|1634132462\n|switch|p1a: Golisopod|Golisopod, M|100\/100\n|move|p2a: Braviary|Brave Bird|p1a: Golisopod\n|-supereffective|p1a: Golisopod\n|-damage|p1a: Golisopod|1\/100\n|-damage|p2a: Braviary|71\/100|[from] Recoil\n|-activate|p1a: Golisopod|ability: Emergency Exit\n|\n|t:|1634132465\n|switch|p1a: Galvantula|Galvantula, F|1\/100\n|\n|upkeep\n|turn|5\n|inactive|Cowboy Joiner has 120 seconds left.\n|\n|t:|1634132501\n|move|p2a: Braviary|Brave Bird|p1a: Galvantula\n|-damage|p1a: Galvantula|0 fnt\n|faint|p1a: Galvantula\n|-damage|p2a: Braviary|70\/100|[from] Recoil\n|\n|upkeep\n|\n|t:|1634132509\n|switch|p1a: Golisopod|Golisopod, M|1\/100\n|turn|6\n|\n|t:|1634132513\n|move|p1a: Golisopod|First Impression|p2a: Braviary\n|-resisted|p2a: Braviary\n|-damage|p2a: Braviary|36\/100\n|move|p2a: Braviary|Brave Bird|p1a: Golisopod\n|-supereffective|p1a: Golisopod\n|-damage|p1a: Golisopod|0 fnt\n|faint|p1a: Golisopod\n|-damage|p2a: Braviary|36\/100|[from] Recoil\n|\n|upkeep\n|inactive|lord cube has 90 seconds left.\n|\n|t:|1634132549\n|switch|p1a: Volcarona|Volcarona, M|100\/100\n|turn|7\n|\n|t:|1634132562\n|move|p2a: Braviary|Brave Bird|p1a: Volcarona\n|-supereffective|p1a: Volcarona\n|-damage|p1a: Volcarona|0 fnt\n|faint|p1a: Volcarona\n|-damage|p2a: Braviary|5\/100|[from] Recoil\n|\n|upkeep\n|inactive|lord cube has 90 seconds left.\n|inactive|lord cube has 60 seconds left.\n|\n|t:|1634132619\n|switch|p1a: Heracross|Heracross, F|100\/100\n|turn|8\n|\n|t:|1634132630\n|move|p2a: Braviary|Brave Bird|p1a: Heracross\n|-supereffective|p1a: Heracross\n|-damage|p1a: Heracross|0 fnt\n|faint|p1a: Heracross\n|-damage|p2a: Braviary|0 fnt|[from] Recoil\n|faint|p2a: Braviary\n|\n|upkeep\n|inactive|lord cube has 30 seconds left.\n|inactive|lord cube has 20 seconds left.\n|inactive|lord cube has 15 seconds left.\n|inactive|lord cube has 10 seconds left.\n|inactive|lord cube has 5 seconds left.\n|-message|lord cube lost due to inactivity.\n|\n|win|Cowboy Joiner\n|n|\u2606lord cube|lordcube\n|n|\u2606Cowboy Joiner|cowboyjoiner\n|n|*Lady Monita \u263d|ladymonita\n|l|*Lady Monita \u263d\n","uploadtime":1634132700,"views":26,"p1id":"lordcube","p2id":"cowboyjoiner","formatid":"gen8monotype","rating":0,"private":0,"password":null}