{"id":"gen8ou-1147504112","p1":"Tard-Buster","p2":"cold.exe","format":"gen8ou","log":"|j|\u203dTard-Buster\n|j|\u2606cold.exe\n|player|p1|Tard-Buster|blue-gen1two|1550\n|player|p2|cold.exe|flannery|1491\n|teamsize|p1|6\n|teamsize|p2|6\n|gametype|singles\n|gen|8\n|tier|[Gen 8] OU\n|rated|\n|clearpoke\n|poke|p1|Indeedee, M|\n|poke|p1|Cinderace, F|\n|poke|p1|Mandibuzz, F|\n|poke|p1|Dragapult, M|\n|poke|p1|Ferrothorn, F|\n|poke|p1|Clefable, F|\n|poke|p2|Cinderace, M|\n|poke|p2|Gyarados, F|\n|poke|p2|Dragapult, F|\n|poke|p2|Hydreigon, F|\n|poke|p2|Rotom-Wash|\n|poke|p2|Diggersby, M|\n|rule|Sleep Clause Mod: Limit one foe put to sleep\n|rule|Species Clause: Limit one of each Pok\u00e9mon\n|rule|OHKO Clause: OHKO moves are banned\n|rule|Evasion Moves Clause: Evasion moves are banned\n|rule|Endless Battle Clause: Forcing endless battles is banned\n|rule|HP Percentage Mod: HP is shown in percentages\n|rule|Dynamax Clause: You cannot dynamax\n|teampreview\n|inactive|Battle timer is ON: inactive players will automatically lose when time's up. (requested by Tard-Buster)\n|j| NuclearDream\n|\n|start\n|switch|p1a: Dragapult|Dragapult, M, shiny|100\/100\n|switch|p2a: Hydreigon|Hydreigon, F|100\/100\n|turn|1\n|\n|move|p1a: Dragapult|Draco Meteor|p2a: Hydreigon\n|-supereffective|p2a: Hydreigon\n|-damage|p2a: Hydreigon|0 fnt\n|-unboost|p1a: Dragapult|spa|2\n|faint|p2a: Hydreigon\n|\n|upkeep\n|l| NuclearDream\n|\n|switch|p2a: Diggersby|Diggersby, M|100\/100\n|turn|2\n|\n|move|p1a: Dragapult|Draco Meteor|p2a: Diggersby\n|-damage|p2a: Diggersby|60\/100\n|-unboost|p1a: Dragapult|spa|2\n|move|p2a: Diggersby|Earthquake|p1a: Dragapult\n|-damage|p1a: Dragapult|0 fnt\n|faint|p1a: Dragapult\n|\n|upkeep\n|\n|switch|p1a: Mandibuzz|Mandibuzz, F, shiny|100\/100\n|turn|3\n|\n|switch|p2a: Rotom|Rotom-Wash, shiny|100\/100\n|move|p1a: Mandibuzz|U-turn|p2a: Rotom\n|-damage|p2a: Rotom|92\/100\n|\n|switch|p1a: Indeedee|Indeedee, M, shiny|100\/100|[from]move: U-turn\n|-fieldstart|move: Psychic Terrain|[from] ability: Psychic Surge|[of] p1a: Indeedee\n|\n|-heal|p2a: Rotom|98\/100|[from] item: Leftovers\n|upkeep\n|turn|4\n|\n|move|p1a: Indeedee|Expanding Force|p2a: Rotom\n|-damage|p2a: Rotom|0 fnt\n|faint|p2a: Rotom\n|\n|upkeep\n|\n|switch|p2a: Cinderace|Cinderace, M|100\/100\n|turn|5\n|\n|switch|p1a: Mandibuzz|Mandibuzz, F, shiny|100\/100\n|move|p2a: Cinderace|High Jump Kick|p1a: Mandibuzz\n|-start|p2a: Cinderace|typechange|Fighting|[from] ability: Libero\n|-damage|p1a: Mandibuzz|59\/100\n|\n|upkeep\n|turn|6\n|\n|move|p2a: Cinderace|High Jump Kick|p1a: Mandibuzz\n|-damage|p1a: Mandibuzz|20\/100\n|move|p1a: Mandibuzz|Roost|p1a: Mandibuzz\n|-heal|p1a: Mandibuzz|70\/100\n|-singleturn|p1a: Mandibuzz|move: Roost\n|\n|upkeep\n|turn|7\n|\n|move|p2a: Cinderace|High Jump Kick|p1a: Mandibuzz\n|-crit|p1a: Mandibuzz\n|-damage|p1a: Mandibuzz|14\/100\n|move|p1a: Mandibuzz|Roost|p1a: Mandibuzz\n|-heal|p1a: Mandibuzz|64\/100\n|-singleturn|p1a: Mandibuzz|move: Roost\n|\n|-fieldend|move: Psychic Terrain\n|upkeep\n|turn|8\n|\n|move|p2a: Cinderace|High Jump Kick|p1a: Mandibuzz\n|-damage|p1a: Mandibuzz|22\/100\n|move|p1a: Mandibuzz|Roost|p1a: Mandibuzz\n|-heal|p1a: Mandibuzz|73\/100\n|-singleturn|p1a: Mandibuzz|move: Roost\n|\n|upkeep\n|turn|9\n|\n|move|p2a: Cinderace|High Jump Kick|p1a: Mandibuzz\n|-damage|p1a: Mandibuzz|31\/100\n|move|p1a: Mandibuzz|Roost|p1a: Mandibuzz\n|-heal|p1a: Mandibuzz|82\/100\n|-singleturn|p1a: Mandibuzz|move: Roost\n|\n|upkeep\n|turn|10\n|\n|move|p2a: Cinderace|High Jump Kick|p1a: Mandibuzz\n|-damage|p1a: Mandibuzz|40\/100\n|move|p1a: Mandibuzz|Roost|p1a: Mandibuzz\n|-heal|p1a: Mandibuzz|91\/100\n|-singleturn|p1a: Mandibuzz|move: Roost\n|\n|upkeep\n|turn|11\n|\n|move|p2a: Cinderace|High Jump Kick|p1a: Mandibuzz\n|-damage|p1a: Mandibuzz|52\/100\n|move|p1a: Mandibuzz|Foul Play|p2a: Cinderace\n|-resisted|p2a: Cinderace\n|-damage|p2a: Cinderace|63\/100\n|\n|upkeep\n|turn|12\n|\n|move|p2a: Cinderace|High Jump Kick|p1a: Mandibuzz\n|-damage|p1a: Mandibuzz|14\/100\n|move|p1a: Mandibuzz|Roost|p1a: Mandibuzz\n|-heal|p1a: Mandibuzz|65\/100\n|-singleturn|p1a: Mandibuzz|move: Roost\n|\n|upkeep\n|turn|13\n|\n|move|p2a: Cinderace|High Jump Kick|p1a: Mandibuzz\n|-damage|p1a: Mandibuzz|26\/100\n|move|p1a: Mandibuzz|Roost|p1a: Mandibuzz\n|-heal|p1a: Mandibuzz|76\/100\n|-singleturn|p1a: Mandibuzz|move: Roost\n|\n|upkeep\n|turn|14\n|\n|move|p2a: Cinderace|High Jump Kick|p1a: Mandibuzz\n|-damage|p1a: Mandibuzz|39\/100\n|move|p1a: Mandibuzz|Roost|p1a: Mandibuzz\n|-heal|p1a: Mandibuzz|89\/100\n|-singleturn|p1a: Mandibuzz|move: Roost\n|\n|upkeep\n|turn|15\n|\n|move|p2a: Cinderace|High Jump Kick|p1a: Mandibuzz\n|-damage|p1a: Mandibuzz|51\/100\n|move|p1a: Mandibuzz|Foul Play|p2a: Cinderace\n|-resisted|p2a: Cinderace\n|-damage|p2a: Cinderace|26\/100\n|\n|upkeep\n|turn|16\n|\n|move|p2a: Cinderace|Gunk Shot|p1a: Mandibuzz\n|-start|p2a: Cinderace|typechange|Poison|[from] ability: Libero\n|-damage|p1a: Mandibuzz|13\/100\n|move|p1a: Mandibuzz|Roost|p1a: Mandibuzz\n|-heal|p1a: Mandibuzz|63\/100\n|-singleturn|p1a: Mandibuzz|move: Roost\n|\n|upkeep\n|turn|17\n|\n|move|p2a: Cinderace|Gunk Shot|p1a: Mandibuzz\n|-damage|p1a: Mandibuzz|30\/100\n|move|p1a: Mandibuzz|Roost|p1a: Mandibuzz\n|-heal|p1a: Mandibuzz|80\/100\n|-singleturn|p1a: Mandibuzz|move: Roost\n|\n|upkeep\n|turn|18\n|\n|move|p2a: Cinderace|Gunk Shot|p1a: Mandibuzz\n|-damage|p1a: Mandibuzz|42\/100\n|move|p1a: Mandibuzz|Roost|p1a: Mandibuzz\n|-heal|p1a: Mandibuzz|92\/100\n|-singleturn|p1a: Mandibuzz|move: Roost\n|\n|upkeep\n|turn|19\n|\n|switch|p1a: Ferrothorn|Ferrothorn, F, shiny|100\/100\n|move|p2a: Cinderace|Gunk Shot|p1a: Ferrothorn\n|-immune|p1a: Ferrothorn\n|\n|upkeep\n|turn|20\n|\n|switch|p1a: Mandibuzz|Mandibuzz, F, shiny|92\/100\n|move|p2a: Cinderace|Pyro Ball|p1a: Mandibuzz\n|-start|p2a: Cinderace|typechange|Fire|[from] ability: Libero\n|-damage|p1a: Mandibuzz|54\/100\n|\n|upkeep\n|turn|21\n|\n|move|p2a: Cinderace|Gunk Shot|p1a: Mandibuzz\n|-start|p2a: Cinderace|typechange|Poison|[from] ability: Libero\n|-damage|p1a: Mandibuzz|19\/100\n|move|p1a: Mandibuzz|Roost|p1a: Mandibuzz\n|-heal|p1a: Mandibuzz|69\/100\n|-singleturn|p1a: Mandibuzz|move: Roost\n|\n|upkeep\n|turn|22\n|\n|move|p2a: Cinderace|Gunk Shot|p1a: Mandibuzz\n|-damage|p1a: Mandibuzz|35\/100\n|move|p1a: Mandibuzz|Roost|p1a: Mandibuzz\n|-heal|p1a: Mandibuzz|85\/100\n|-singleturn|p1a: Mandibuzz|move: Roost\n|\n|upkeep\n|turn|23\n|\n|move|p2a: Cinderace|Gunk Shot|p1a: Mandibuzz\n|-damage|p1a: Mandibuzz|51\/100\n|-status|p1a: Mandibuzz|psn\n|move|p1a: Mandibuzz|Knock Off|p2a: Cinderace\n|-crit|p2a: Cinderace\n|-damage|p2a: Cinderace|0 fnt\n|-enditem|p2a: Cinderace|Wide Lens|[from] move: Knock Off|[of] p1a: Mandibuzz\n|faint|p2a: Cinderace\n|\n|-damage|p1a: Mandibuzz|39\/100 psn|[from] psn\n|upkeep\n|\n|switch|p2a: Diggersby|Diggersby, M|60\/100\n|turn|24\n|\n|switch|p1a: Ferrothorn|Ferrothorn, F, shiny|100\/100\n|move|p2a: Diggersby|Fire Punch|p1a: Ferrothorn\n|-supereffective|p1a: Ferrothorn\n|-damage|p1a: Ferrothorn|0 fnt\n|-damage|p2a: Diggersby|48\/100|[from] ability: Iron Barbs|[of] p1a: Ferrothorn\n|-damage|p2a: Diggersby|31\/100|[from] item: Rocky Helmet|[of] p1a: Ferrothorn\n|faint|p1a: Ferrothorn\n|\n|upkeep\n|\n|switch|p1a: Indeedee|Indeedee, M, shiny|100\/100\n|-fieldstart|move: Psychic Terrain|[from] ability: Psychic Surge|[of] p1a: Indeedee\n|turn|25\n|\n|move|p1a: Indeedee|Expanding Force|p2a: Diggersby\n|-damage|p2a: Diggersby|0 fnt\n|faint|p2a: Diggersby\n|\n|upkeep\n|\n|switch|p2a: Dragapult|Dragapult, F|100\/100\n|turn|26\n|\n|move|p2a: Dragapult|Substitute|p2a: Dragapult\n|-start|p2a: Dragapult|Substitute\n|-damage|p2a: Dragapult|76\/100\n|move|p1a: Indeedee|Expanding Force|p2a: Dragapult\n|-end|p2a: Dragapult|Substitute\n|\n|upkeep\n|turn|27\n|\n|move|p2a: Dragapult|Dragon Darts|p1a: Indeedee\n|-damage|p1a: Indeedee|33\/100\n|-anim|p2a: Dragapult|Dragon Darts|p1a: Indeedee\n|-damage|p1a: Indeedee|0 fnt\n|faint|p1a: Indeedee\n|\n|upkeep\n|\n|switch|p1a: Cinderace|Cinderace, F, shiny|100\/100\n|turn|28\n|\n|move|p2a: Dragapult|Substitute|p2a: Dragapult\n|-start|p2a: Dragapult|Substitute\n|-damage|p2a: Dragapult|51\/100\n|move|p1a: Cinderace|Zen Headbutt|p2a: Dragapult\n|-start|p1a: Cinderace|typechange|Psychic|[from] ability: Libero\n|-end|p2a: Dragapult|Substitute\n|\n|upkeep\n|turn|29\n|\n|switch|p1a: Mandibuzz|Mandibuzz, F, shiny|39\/100 psn\n|move|p2a: Dragapult|Dragon Darts|p1a: Mandibuzz\n|-crit|p1a: Mandibuzz\n|-damage|p1a: Mandibuzz|12\/100 psn\n|-anim|p2a: Dragapult|Dragon Darts|p1a: Mandibuzz\n|-damage|p1a: Mandibuzz|0 fnt\n|faint|p1a: Mandibuzz\n|\n|-fieldend|move: Psychic Terrain\n|upkeep\n|\n|switch|p1a: Clefable|Clefable, F, shiny|100\/100\n|turn|30\n|\n|move|p2a: Dragapult|Substitute|p2a: Dragapult\n|-start|p2a: Dragapult|Substitute\n|-damage|p2a: Dragapult|26\/100\n|move|p1a: Clefable|Moonblast|p2a: Dragapult\n|-supereffective|p2a: Dragapult\n|-end|p2a: Dragapult|Substitute\n|\n|upkeep\n|turn|31\n|\n|move|p2a: Dragapult|Phantom Force||[still]\n|-prepare|p2a: Dragapult|Phantom Force|p1a: Clefable\n|move|p1a: Clefable|Stealth Rock|p2a: Dragapult\n|-sidestart|p2: cold.exe|move: Stealth Rock\n|\n|upkeep\n|turn|32\n|\n|move|p2a: Dragapult|Phantom Force|p1a: Clefable|[from]lockedmove\n|-damage|p1a: Clefable|48\/100\n|move|p1a: Clefable|Moonblast|p2a: Dragapult\n|-supereffective|p2a: Dragapult\n|-damage|p2a: Dragapult|0 fnt\n|faint|p2a: Dragapult\n|\n|-heal|p1a: Clefable|54\/100|[from] item: Leftovers\n|upkeep\n|\n|switch|p2a: Gyarados|Gyarados, F, shiny|100\/100\n|-damage|p2a: Gyarados|75\/100|[from] Stealth Rock\n|-ability|p2a: Gyarados|Intimidate|boost\n|-unboost|p1a: Clefable|atk|1\n|turn|33\n|\n|move|p2a: Gyarados|Waterfall|p1a: Clefable\n|-damage|p1a: Clefable|5\/100\n|move|p1a: Clefable|Thunder Wave|p2a: Gyarados\n|-status|p2a: Gyarados|par\n|\n|-heal|p1a: Clefable|11\/100|[from] item: Leftovers\n|upkeep\n|turn|34\n|\n|move|p1a: Clefable|Moonblast|p2a: Gyarados\n|-damage|p2a: Gyarados|42\/100 par\n|move|p2a: Gyarados|Waterfall|p1a: Clefable\n|-damage|p1a: Clefable|0 fnt\n|faint|p1a: Clefable\n|\n|upkeep\n|\n|switch|p1a: Cinderace|Cinderace, F, shiny|100\/100\n|turn|35\n|-message|cold.exe forfeited.\n|\n|win|Tard-Buster\n|l|\u2606cold.exe\n||Ladder (probably) updated, but score could not be retrieved (Request timeout).\n","uploadtime":1594229634,"views":7,"p1id":"tardbuster","p2id":"coldexe","formatid":"gen8ou","rating":0,"private":0,"password":null}