{"id":"gen8nationaldexag-1684172097","p1":"II Armando II","p2":"Meracx","format":"gen8nationaldexag","log":"|j|\u2606II Armando II\n|j|\u2606Meracx\n|t:|1665603756\n|gametype|singles\n|player|p1|II Armando II|hilbert|\n|player|p2|Meracx|thorton|\n|teamsize|p1|6\n|teamsize|p2|6\n|gen|8\n|tier|[Gen 8] National Dex AG\n|rule|HP Percentage Mod: HP is shown in percentages\n|rule|Endless Battle Clause: Forcing endless battles is banned\n|clearpoke\n|poke|p1|Zapdos|\n|poke|p1|Pelipper, M|\n|poke|p1|Sceptile, M|\n|poke|p1|Lucario, M|\n|poke|p1|Donphan, M|\n|poke|p1|Qwilfish, M|\n|poke|p2|Volcanion|\n|poke|p2|Genesect|\n|poke|p2|Tapu Koko|\n|poke|p2|Virizion|\n|poke|p2|Duraludon, F|\n|poke|p2|Drapion, F|\n|teampreview\n|c|\u2606Meracx|hf\n|c|\u2606II Armando II|hf!\n|j| crecerelle\n|j| FlorentM\n|j| Smoukingrad\n|\n|t:|1665603834\n|start\n|switch|p1a: Yohrak|Donphan, M, shiny|100\/100\n|switch|p2a: Stratus|Volcanion|100\/100\n|turn|1\n|j| Yoddle Yoddle\n|\n|t:|1665603854\n|switch|p1a: Hukyo|Pelipper, M|100\/100\n|-weather|RainDance|[from] ability: Drizzle|[of] p1a: Hukyo\n|move|p2a: Stratus|Steam Eruption|p1a: Hukyo\n|-resisted|p1a: Hukyo\n|-crit|p1a: Hukyo\n|-damage|p1a: Hukyo|19\/100\n|\n|-weather|RainDance|[upkeep]\n|upkeep\n|turn|2\n|c|\u2606Meracx|d\u00e9so\n|\n|t:|1665603881\n|move|p1a: Hukyo|U-turn|p2a: Stratus\n|-resisted|p2a: Stratus\n|-damage|p2a: Stratus|97\/100\n|\n|t:|1665603887\n|switch|p1a: Dracoflo|Sceptile, M, shiny|100\/100|[from]move: U-turn\n|move|p2a: Stratus|Steam Eruption|p1a: Dracoflo\n|-resisted|p1a: Dracoflo\n|-damage|p1a: Dracoflo|43\/100\n|\n|-weather|RainDance|[upkeep]\n|upkeep\n|turn|3\n|\n|t:|1665603905\n|detailschange|p1a: Dracoflo|Sceptile-Mega, M, shiny\n|-mega|p1a: Dracoflo|Sceptile|Sceptilite\n|move|p1a: Dracoflo|Leaf Storm|p2a: Stratus\n|-damage|p2a: Stratus|28\/100\n|-unboost|p1a: Dracoflo|spa|2\n|move|p2a: Stratus|Sludge Wave|p1a: Dracoflo\n|-supereffective|p1a: Dracoflo\n|-damage|p1a: Dracoflo|0 fnt\n|faint|p1a: Dracoflo\n|\n|-weather|RainDance|[upkeep]\n|upkeep\n|\n|t:|1665603919\n|switch|p1a: Jeda|Lucario, M, shiny|100\/100\n|turn|4\n|\n|t:|1665603953\n|move|p1a: Jeda|Earthquake|p2a: Stratus\n|-supereffective|p2a: Stratus\n|-damage|p2a: Stratus|0 fnt\n|faint|p2a: Stratus\n|\n|-weather|RainDance|[upkeep]\n|upkeep\n|\n|t:|1665603957\n|switch|p2a: Cumulonimbus|Virizion|100\/100\n|turn|5\n|\n|t:|1665603968\n|switch|p1a: Brayz|Zapdos, shiny|100\/100\n|move|p2a: Cumulonimbus|Substitute|p2a: Cumulonimbus\n|-start|p2a: Cumulonimbus|Substitute\n|-damage|p2a: Cumulonimbus|76\/100\n|\n|-weather|RainDance|[upkeep]\n|-heal|p2a: Cumulonimbus|82\/100|[from] item: Leftovers\n|upkeep\n|turn|6\n|\n|t:|1665603972\n|move|p2a: Cumulonimbus|Swords Dance|p2a: Cumulonimbus\n|-boost|p2a: Cumulonimbus|atk|2\n|move|p1a: Brayz|Hurricane|p2a: Cumulonimbus\n|-supereffective|p2a: Cumulonimbus\n|-end|p2a: Cumulonimbus|Substitute\n|\n|-weather|RainDance|[upkeep]\n|-heal|p2a: Cumulonimbus|88\/100|[from] item: Leftovers\n|upkeep\n|turn|7\n|\n|t:|1665603977\n|move|p2a: Cumulonimbus|Stone Edge|p1a: Brayz\n|-supereffective|p1a: Brayz\n|-damage|p1a: Brayz|5\/100\n|move|p1a: Brayz|Hurricane|p2a: Cumulonimbus\n|-supereffective|p2a: Cumulonimbus\n|-damage|p2a: Cumulonimbus|0 fnt\n|faint|p2a: Cumulonimbus\n|\n|-weather|RainDance|[upkeep]\n|-heal|p1a: Brayz|11\/100|[from] item: Leftovers\n|upkeep\n|\n|t:|1665603997\n|switch|p2a: Altocumulus|Duraludon, F|100\/100\n|turn|8\n|l| crecerelle\n|\n|t:|1665604019\n|move|p1a: Brayz|Hurricane|p2a: Altocumulus\n|-resisted|p2a: Altocumulus\n|-damage|p2a: Altocumulus|77\/100\n|move|p2a: Altocumulus|Stealth Rock|p1a: Brayz\n|-sidestart|p1: II Armando II|move: Stealth Rock\n|\n|-weather|none\n|-heal|p1a: Brayz|17\/100|[from] item: Leftovers\n|-heal|p2a: Altocumulus|83\/100|[from] item: Leftovers\n|upkeep\n|turn|9\n|\n|t:|1665604053\n|move|p1a: Brayz|Roost|p1a: Brayz\n|-heal|p1a: Brayz|67\/100\n|-singleturn|p1a: Brayz|move: Roost\n|move|p2a: Altocumulus|Draco Meteor|p1a: Brayz\n|-damage|p1a: Brayz|15\/100\n|-unboost|p2a: Altocumulus|spa|2\n|\n|-heal|p1a: Brayz|21\/100|[from] item: Leftovers\n|-heal|p2a: Altocumulus|89\/100|[from] item: Leftovers\n|upkeep\n|turn|10\n|\n|t:|1665604061\n|switch|p2a: Cirrus|Tapu Koko|100\/100\n|-fieldstart|move: Electric Terrain|[from] ability: Electric Surge|[of] p2a: Cirrus\n|move|p1a: Brayz|Roost|p1a: Brayz\n|-heal|p1a: Brayz|71\/100\n|-singleturn|p1a: Brayz|move: Roost\n|\n|-heal|p1a: Brayz|77\/100|[from] item: Leftovers\n|upkeep\n|turn|11\n|\n|t:|1665604073\n|switch|p1a: Yohrak|Donphan, M, shiny|100\/100\n|-damage|p1a: Yohrak|94\/100|[from] Stealth Rock\n|move|p2a: Cirrus|Calm Mind|p2a: Cirrus\n|-boost|p2a: Cirrus|spa|1\n|-boost|p2a: Cirrus|spd|1\n|\n|-heal|p1a: Yohrak|100\/100|[from] item: Leftovers\n|upkeep\n|turn|12\n|\n|t:|1665604090\n|switch|p2a: Altocumulus|Duraludon, F|89\/100\n|move|p1a: Yohrak|Earthquake|p2a: Altocumulus\n|-supereffective|p2a: Altocumulus\n|-damage|p2a: Altocumulus|12\/100\n|\n|-heal|p2a: Altocumulus|18\/100|[from] item: Leftovers\n|upkeep\n|turn|13\n|\n|t:|1665604119\n|move|p2a: Altocumulus|Draco Meteor|p1a: Yohrak\n|-damage|p1a: Yohrak|51\/100\n|-unboost|p2a: Altocumulus|spa|2\n|move|p1a: Yohrak|Rapid Spin|p2a: Altocumulus\n|-resisted|p2a: Altocumulus\n|-damage|p2a: Altocumulus|12\/100\n|-boost|p1a: Yohrak|spe|1\n|-sideend|p1: II Armando II|Stealth Rock|[from] move: Rapid Spin|[of] p1a: Yohrak\n|\n|-heal|p1a: Yohrak|57\/100|[from] item: Leftovers\n|-heal|p2a: Altocumulus|18\/100|[from] item: Leftovers\n|upkeep\n|turn|14\n|\n|t:|1665604127\n|move|p1a: Yohrak|Stealth Rock|p2a: Altocumulus\n|-sidestart|p2: Meracx|move: Stealth Rock\n|move|p2a: Altocumulus|Stealth Rock|p1a: Yohrak\n|-sidestart|p1: II Armando II|move: Stealth Rock\n|\n|-heal|p1a: Yohrak|64\/100|[from] item: Leftovers\n|-heal|p2a: Altocumulus|24\/100|[from] item: Leftovers\n|-fieldend|move: Electric Terrain\n|upkeep\n|turn|15\n|\n|t:|1665604131\n|switch|p2a: Cumulus|Genesect, shiny|100\/100\n|-damage|p2a: Cumulus|88\/100|[from] Stealth Rock\n|-ability|p2a: Cumulus|Download|boost\n|-boost|p2a: Cumulus|spa|1\n|move|p1a: Yohrak|Rapid Spin|p2a: Cumulus\n|-resisted|p2a: Cumulus\n|-damage|p2a: Cumulus|80\/100\n|-boost|p1a: Yohrak|spe|1\n|-sideend|p1: II Armando II|Stealth Rock|[from] move: Rapid Spin|[of] p1a: Yohrak\n|\n|-heal|p1a: Yohrak|70\/100|[from] item: Leftovers\n|upkeep\n|turn|16\n|\n|t:|1665604150\n|switch|p1a: Hukyo|Pelipper, M|19\/100\n|-weather|RainDance|[from] ability: Drizzle|[of] p1a: Hukyo\n|move|p2a: Cumulus|Shift Gear|p2a: Cumulus\n|-boost|p2a: Cumulus|spe|2\n|-boost|p2a: Cumulus|atk|1\n|\n|-weather|RainDance|[upkeep]\n|upkeep\n|turn|17\n|\n|t:|1665604155\n|move|p2a: Cumulus|Charge Beam|p1a: Hukyo\n|-supereffective|p1a: Hukyo\n|-damage|p1a: Hukyo|0 fnt\n|-boost|p2a: Cumulus|spa|1\n|faint|p1a: Hukyo\n|-damage|p2a: Cumulus|71\/100|[from] item: Life Orb\n|\n|-weather|RainDance|[upkeep]\n|upkeep\n|\n|t:|1665604159\n|switch|p1a: Jeda|Lucario, M, shiny|100\/100\n|turn|18\n|\n|t:|1665604166\n|move|p2a: Cumulus|Thunderbolt|p1a: Jeda\n|-damage|p1a: Jeda|20\/100\n|-damage|p2a: Cumulus|61\/100|[from] item: Life Orb\n|move|p1a: Jeda|Close Combat|p2a: Cumulus\n|-crit|p2a: Cumulus\n|-damage|p2a: Cumulus|0 fnt\n|-unboost|p1a: Jeda|def|1\n|-unboost|p1a: Jeda|spd|1\n|faint|p2a: Cumulus\n|\n|-weather|RainDance|[upkeep]\n|upkeep\n|\n|t:|1665604196\n|switch|p2a: Nimbostratus|Drapion, F|100\/100\n|-damage|p2a: Nimbostratus|88\/100|[from] Stealth Rock\n|turn|19\n|\n|t:|1665604209\n|move|p2a: Nimbostratus|Earthquake|p1a: Jeda\n|-supereffective|p1a: Jeda\n|-damage|p1a: Jeda|0 fnt\n|faint|p1a: Jeda\n|\n|-weather|RainDance|[upkeep]\n|upkeep\n|\n|t:|1665604240\n|switch|p1a: Ryuku|Qwilfish, M|100\/100\n|turn|20\n|\n|t:|1665604243\n|move|p1a: Ryuku|Liquidation|p2a: Nimbostratus\n|-damage|p2a: Nimbostratus|2\/100\n|-damage|p1a: Ryuku|91\/100|[from] item: Life Orb\n|move|p2a: Nimbostratus|Earthquake|p1a: Ryuku\n|-supereffective|p1a: Ryuku\n|-damage|p1a: Ryuku|13\/100\n|\n|-weather|RainDance|[upkeep]\n|upkeep\n|turn|21\n|\n|t:|1665604252\n|move|p1a: Ryuku|Liquidation|p2a: Nimbostratus\n|-damage|p2a: Nimbostratus|0 fnt\n|faint|p2a: Nimbostratus\n|-damage|p1a: Ryuku|3\/100|[from] item: Life Orb\n|\n|-weather|RainDance|[upkeep]\n|upkeep\n|\n|t:|1665604262\n|switch|p2a: Altocumulus|Duraludon, F|24\/100\n|-damage|p2a: Altocumulus|18\/100|[from] Stealth Rock\n|turn|22\n|\n|t:|1665604289\n|move|p1a: Ryuku|Liquidation|p2a: Altocumulus\n|-resisted|p2a: Altocumulus\n|-damage|p2a: Altocumulus|0 fnt\n|faint|p2a: Altocumulus\n|-damage|p1a: Ryuku|0 fnt|[from] item: Life Orb\n|faint|p1a: Ryuku\n|\n|-weather|RainDance|[upkeep]\n|upkeep\n|\n|t:|1665604299\n|switch|p1a: Yohrak|Donphan, M, shiny|70\/100\n|switch|p2a: Cirrus|Tapu Koko|100\/100\n|-damage|p2a: Cirrus|88\/100|[from] Stealth Rock\n|-fieldstart|move: Electric Terrain|[from] ability: Electric Surge|[of] p2a: Cirrus\n|turn|23\n|\n|t:|1665604360\n|-zpower|p2a: Cirrus\n|move|p2a: Cirrus|Twinkle Tackle|p1a: Yohrak|[zeffect]\n|-damage|p1a: Yohrak|2\/100\n|move|p1a: Yohrak|Earthquake|p2a: Cirrus\n|-supereffective|p2a: Cirrus\n|-damage|p2a: Cirrus|0 fnt\n|faint|p2a: Cirrus\n|\n|win|II Armando II\n|c|\u2606II Armando II|gg\n|c|\u2606Meracx|gg\n","uploadtime":1665604369,"views":25,"p1id":"iiarmandoii","p2id":"meracx","formatid":"gen8nationaldexag","rating":0,"private":0,"password":null}