{"id":"gen8godlygift-1681207889","p1":"Quantum Tesseract","p2":"Unviabriel","format":"gen8godlygift","log":"|j|\u2606Quantum Tesseract\n|j|\u2606Unviabriel\n|t:|1665281922\n|gametype|singles\n|player|p1|Quantum Tesseract|#omplxtempertyrantrums|\n|player|p2|Unviabriel|shauntal|\n|teamsize|p1|6\n|teamsize|p2|6\n|gen|8\n|tier|[Gen 8] Godly Gift\n|rule|Species Clause: Limit one of each Pok\u00e9mon\n|rule|OHKO Clause: OHKO moves are banned\n|rule|Evasion Moves Clause: Evasion moves are banned\n|rule|Endless Battle Clause: Forcing endless battles is banned\n|rule|Dynamax Clause: You cannot dynamax\n|rule|HP Percentage Mod: HP is shown in percentages\n|rule|Sleep Clause: Sleep-inducing moves are banned\n|clearpoke\n|poke|p1|Rotom-Heat|\n|poke|p1|Zapdos|\n|poke|p1|Clefable, M|\n|poke|p1|Suicune|\n|poke|p1|Mienshao, F|\n|poke|p1|Necrozma-Dusk-Mane|\n|poke|p2|Heatran, F|\n|poke|p2|Lunala|\n|poke|p2|Weavile, F|\n|poke|p2|Clefable, F|\n|poke|p2|Rillaboom, M|\n|poke|p2|Urshifu-*, M|\n|teampreview\n|c|\u2606Unviabriel|glhf\n|c|\u2606Quantum Tesseract|Gl hf\n|\n|t:|1665282006\n|start\n|switch|p1a: Mienshao|Mienshao, F|100\/100\n|switch|p2a: Clefable|Clefable, F|100\/100\n|turn|1\n|\n|t:|1665282056\n|move|p1a: Mienshao|Knock Off|p2a: Clefable\n|-resisted|p2a: Clefable\n|-damage|p2a: Clefable|85\/100\n|-enditem|p2a: Clefable|Life Orb|[from] move: Knock Off|[of] p1a: Mienshao\n|move|p2a: Clefable|Knock Off|p1a: Mienshao\n|-resisted|p1a: Mienshao\n|-damage|p1a: Mienshao|89\/100\n|-enditem|p1a: Mienshao|Assault Vest|[from] move: Knock Off|[of] p2a: Clefable\n|\n|upkeep\n|turn|2\n|\n|t:|1665282073\n|move|p1a: Mienshao|U-turn|p2a: Clefable\n|-resisted|p2a: Clefable\n|-damage|p2a: Clefable|74\/100\n|\n|t:|1665282078\n|switch|p1a: Clefable|Clefable, M|100\/100|[from]move: U-turn\n|move|p2a: Clefable|Knock Off|p1a: Clefable\n|-resisted|p1a: Clefable\n|-damage|p1a: Clefable|96\/100\n|-enditem|p1a: Clefable|Leftovers|[from] move: Knock Off|[of] p2a: Clefable\n|\n|upkeep\n|turn|3\n|\n|t:|1665282158\n|switch|p2a: Heatran|Heatran, F|100\/100\n|move|p1a: Clefable|Stealth Rock|p2a: Heatran\n|-sidestart|p2: Unviabriel|move: Stealth Rock\n|\n|upkeep\n|turn|4\n|\n|t:|1665282195\n|move|p2a: Heatran|Stealth Rock|p1a: Clefable\n|-sidestart|p1: Quantum Tesseract|move: Stealth Rock\n|move|p1a: Clefable|Knock Off|p2a: Heatran\n|-damage|p2a: Heatran|88\/100\n|-enditem|p2a: Heatran|Leftovers|[from] move: Knock Off|[of] p1a: Clefable\n|\n|upkeep\n|turn|5\n|\n|t:|1665282219\n|switch|p1a: Mienshao|Mienshao, F|100\/100\n|-damage|p1a: Mienshao|95\/100|[from] Stealth Rock\n|move|p2a: Heatran|Toxic|p1a: Mienshao|[miss]\n|-miss|p2a: Heatran|p1a: Mienshao\n|\n|upkeep\n|turn|6\n|\n|t:|1665282272\n|switch|p2a: Clefable|Clefable, F|74\/100\n|move|p1a: Mienshao|Close Combat|p2a: Clefable\n|-resisted|p2a: Clefable\n|-damage|p2a: Clefable|45\/100\n|-unboost|p1a: Mienshao|def|1\n|-unboost|p1a: Mienshao|spd|1\n|\n|upkeep\n|turn|7\n|\n|t:|1665282282\n|move|p1a: Mienshao|U-turn|p2a: Clefable\n|-resisted|p2a: Clefable\n|-damage|p2a: Clefable|35\/100\n|\n|t:|1665282285\n|switch|p1a: Zapdos|Zapdos|100\/100|[from]move: U-turn\n|move|p2a: Clefable|Soft-Boiled|p2a: Clefable\n|-heal|p2a: Clefable|85\/100\n|\n|upkeep\n|turn|8\n|inactive|Battle timer is ON: inactive players will automatically lose when time's up. (requested by Quantum Tesseract)\n|inactive|Unviabriel has 270 seconds left.\n|\n|t:|1665282422\n|switch|p2a: Heatran|Heatran, F|88\/100\n|-damage|p2a: Heatran|76\/100|[from] Stealth Rock\n|move|p1a: Zapdos|Brave Bird|p2a: Heatran\n|-resisted|p2a: Heatran\n|-damage|p2a: Heatran|52\/100\n|-damage|p1a: Zapdos|89\/100|[from] Recoil\n|\n|upkeep\n|turn|9\n|\n|t:|1665282430\n|move|p1a: Zapdos|U-turn|p2a: Heatran\n|-resisted|p2a: Heatran\n|-damage|p2a: Heatran|48\/100\n|\n|t:|1665282433\n|switch|p1a: Mienshao|Mienshao, F|100\/100|[from]move: U-turn\n|-damage|p1a: Mienshao|95\/100|[from] Stealth Rock\n|move|p2a: Heatran|Magma Storm|p1a: Mienshao\n|-damage|p1a: Mienshao|63\/100\n|-activate|p1a: Mienshao|move: Magma Storm|[of] p2a: Heatran\n|\n|-damage|p1a: Mienshao|50\/100|[from] move: Magma Storm|[partiallytrapped]\n|upkeep\n|turn|10\n|\n|t:|1665282449\n|move|p2a: Heatran|Protect|p2a: Heatran\n|-singleturn|p2a: Heatran|Protect\n|move|p1a: Mienshao|Close Combat|p2a: Heatran\n|-activate|p2a: Heatran|move: Protect\n|\n|-damage|p1a: Mienshao|38\/100|[from] move: Magma Storm|[partiallytrapped]\n|upkeep\n|turn|11\n|inactive|Unviabriel has 270 seconds left.\n|inactive|Unviabriel has 240 seconds left.\n|\n|t:|1665282513\n|switch|p2a: Clefable|Clefable, F|85\/100\n|move|p1a: Mienshao|U-turn|p2a: Clefable\n|-resisted|p2a: Clefable\n|-damage|p2a: Clefable|74\/100\n|\n|t:|1665282515\n|switch|p1a: Zapdos|Zapdos|89\/100|[from]move: U-turn\n|\n|upkeep\n|turn|12\n|inactive|Unviabriel has 240 seconds left.\n|\n|t:|1665282545\n|switch|p2a: Heatran|Heatran, F|48\/100\n|-damage|p2a: Heatran|35\/100|[from] Stealth Rock\n|move|p1a: Zapdos|Brave Bird|p2a: Heatran\n|-resisted|p2a: Heatran\n|-damage|p2a: Heatran|11\/100\n|-damage|p1a: Zapdos|77\/100|[from] Recoil\n|\n|upkeep\n|turn|13\n|\n|t:|1665282564\n|move|p1a: Zapdos|Thunderbolt|p2a: Heatran\n|-damage|p2a: Heatran|0 fnt\n|faint|p2a: Heatran\n|\n|upkeep\n|inactive|Unviabriel has 210 seconds left.\n|\n|t:|1665282593\n|switch|p2a: Weavile|Weavile, F|100\/100\n|-ability|p2a: Weavile|Pressure\n|turn|14\n|\n|t:|1665282599\n|switch|p1a: Rotom|Rotom-Heat|100\/100\n|move|p2a: Weavile|Icicle Crash|p1a: Rotom\n|-resisted|p1a: Rotom\n|-crit|p1a: Rotom\n|-damage|p1a: Rotom|82\/100\n|\n|upkeep\n|turn|15\n|inactive|Unviabriel has 210 seconds left.\n|inactive|Unviabriel has 180 seconds left.\n|\n|t:|1665282645\n|switch|p2a: Clefable|Clefable, F|74\/100\n|move|p1a: Rotom|Overheat|p2a: Clefable\n|-damage|p2a: Clefable|27\/100\n|-unboost|p1a: Rotom|spa|2\n|\n|upkeep\n|turn|16\n|\n|t:|1665282653\n|move|p1a: Rotom|Volt Switch|p2a: Clefable\n|-damage|p2a: Clefable|15\/100\n|\n|t:|1665282656\n|switch|p1a: Zapdos|Zapdos|77\/100|[from]move: Volt Switch\n|move|p2a: Clefable|Soft-Boiled|p2a: Clefable\n|-heal|p2a: Clefable|65\/100\n|\n|upkeep\n|turn|17\n|inactive|Unviabriel has 180 seconds left.\n|\n|t:|1665282670\n|move|p1a: Zapdos|Brave Bird|p2a: Clefable\n|-damage|p2a: Clefable|0 fnt\n|faint|p2a: Clefable\n|-damage|p1a: Zapdos|51\/100|[from] Recoil\n|\n|upkeep\n|inactive|Unviabriel has 180 seconds left.\n|\n|t:|1665282676\n|switch|p2a: Weavile|Weavile, F|100\/100\n|-ability|p2a: Weavile|Pressure\n|turn|18\n|\n|t:|1665282679\n|move|p2a: Weavile|Knock Off|p1a: Zapdos\n|-damage|p1a: Zapdos|0 fnt\n|-status|p2a: Weavile|par|[from] ability: Static|[of] p1a: Zapdos\n|-enditem|p1a: Zapdos|Heavy-Duty Boots|[from] move: Knock Off|[of] p2a: Weavile\n|faint|p1a: Zapdos\n|\n|upkeep\n|\n|t:|1665282684\n|switch|p1a: Clefable|Clefable, M|96\/100\n|turn|19\n|c|\u2606Unviabriel|fuck this\n|inactive|Unviabriel has 180 seconds left.\n|\n|t:|1665282721\n|switch|p2a: Lunala|Lunala|100\/100\n|-damage|p2a: Lunala|88\/100|[from] Stealth Rock\n|move|p1a: Clefable|Knock Off|p2a: Lunala\n|-supereffective|p2a: Lunala\n|-damage|p2a: Lunala|24\/100\n|-enditem|p2a: Lunala|Choice Specs|[from] move: Knock Off|[of] p1a: Clefable\n|\n|upkeep\n|turn|20\n|\n|t:|1665282730\n|switch|p1a: Mienshao|Mienshao, F|71\/100\n|-damage|p1a: Mienshao|65\/100|[from] Stealth Rock\n|move|p2a: Lunala|Moongeist Beam|p1a: Mienshao\n|-damage|p1a: Mienshao|30\/100\n|\n|upkeep\n|turn|21\n|inactive|Unviabriel has 180 seconds left.\n|\n|t:|1665282742\n|move|p2a: Lunala|Moongeist Beam|p1a: Mienshao\n|-damage|p1a: Mienshao|0 fnt\n|faint|p1a: Mienshao\n|\n|upkeep\n|\n|t:|1665282745\n|switch|p1a: Suicune|Suicune|100\/100\n|-damage|p1a: Suicune|88\/100|[from] Stealth Rock\n|-ability|p1a: Suicune|Pressure\n|turn|22\n|inactive|Unviabriel has 180 seconds left.\n|\n|t:|1665282769\n|move|p2a: Lunala|Trick|p1a: Suicune\n|-activate|p2a: Lunala|move: Trick|[of] p1a: Suicune\n|-enditem|p1a: Suicune|Leftovers|[silent]|[from] move: Trick\n|-item|p2a: Lunala|Leftovers|[from] move: Trick\n|move|p1a: Suicune|Calm Mind|p1a: Suicune\n|-boost|p1a: Suicune|spa|1\n|-boost|p1a: Suicune|spd|1\n|\n|-heal|p2a: Lunala|30\/100|[from] item: Leftovers\n|upkeep\n|turn|23\n|inactive|Unviabriel has 180 seconds left.\n|inactive|Unviabriel has 150 seconds left.\n|\n|t:|1665282806\n|move|p2a: Lunala|Psyshock|p1a: Suicune\n|-damage|p1a: Suicune|55\/100\n|move|p1a: Suicune|Scald|p2a: Lunala\n|-damage|p2a: Lunala|0 fnt\n|faint|p2a: Lunala\n|\n|upkeep\n|inactive|Unviabriel has 150 seconds left.\n|\n|t:|1665282825\n|switch|p2a: Rillaboom|Rillaboom, M|100\/100\n|-damage|p2a: Rillaboom|88\/100|[from] Stealth Rock\n|-fieldstart|move: Grassy Terrain|[from] ability: Grassy Surge|[of] p2a: Rillaboom\n|turn|24\n|\n|t:|1665282834\n|move|p2a: Rillaboom|Grassy Glide|p1a: Suicune\n|-supereffective|p1a: Suicune\n|-damage|p1a: Suicune|0 fnt\n|faint|p1a: Suicune\n|\n|-heal|p2a: Rillaboom|94\/100|[from] Grassy Terrain\n|upkeep\n|\n|t:|1665282837\n|switch|p1a: Necrozma|Necrozma-Dusk-Mane|100\/100\n|-damage|p1a: Necrozma|95\/100|[from] Stealth Rock\n|turn|25\n|inactive|Unviabriel has 150 seconds left.\n|\n|t:|1665282860\n|switch|p2a: Urshifu|Urshifu-Rapid-Strike, M|100\/100\n|-damage|p2a: Urshifu|94\/100|[from] Stealth Rock\n|move|p1a: Necrozma|Dragon Dance|p1a: Necrozma\n|-boost|p1a: Necrozma|atk|1\n|-boost|p1a: Necrozma|spe|1\n|\n|-heal|p1a: Necrozma|100\/100|[from] Grassy Terrain\n|-heal|p2a: Urshifu|100\/100|[from] Grassy Terrain\n|upkeep\n|turn|26\n|inactive|Unviabriel has 120 seconds left.\n|l|\u2606Unviabriel\n|inactive|Unviabriel disconnected and has 300 seconds to reconnect!\n|player|p2|\n|j|\u2606Unviabriel\n|inactive|Unviabriel reconnected and has 110 seconds left.\n|player|p2|Unviabriel|shauntal\n|\n|t:|1665282925\n|move|p1a: Necrozma|Knock Off|p2a: Urshifu\n|-resisted|p2a: Urshifu\n|-damage|p2a: Urshifu|67\/100\n|-enditem|p2a: Urshifu|Protective Pads|[from] move: Knock Off|[of] p1a: Necrozma\n|move|p2a: Urshifu|Surging Strikes|p1a: Necrozma\n|-crit|p1a: Necrozma\n|-damage|p1a: Necrozma|83\/100\n|-crit|p1a: Necrozma\n|-damage|p1a: Necrozma|66\/100\n|-crit|p1a: Necrozma\n|-damage|p1a: Necrozma|48\/100\n|-hitcount|p1a: Necrozma|3\n|\n|-heal|p1a: Necrozma|54\/100|[from] Grassy Terrain\n|-heal|p1a: Necrozma|60\/100|[from] item: Leftovers\n|-heal|p2a: Urshifu|74\/100|[from] Grassy Terrain\n|upkeep\n|turn|27\n|inactive|Unviabriel has 90 seconds left.\n|inactive|Quantum Tesseract has 270 seconds left.\n|inactive|Unviabriel has 60 seconds left.\n|\n|t:|1665282983\n|move|p1a: Necrozma|Moonlight|p1a: Necrozma\n|-heal|p1a: Necrozma|100\/100\n|move|p2a: Urshifu|Close Combat|p1a: Necrozma\n|-damage|p1a: Necrozma|48\/100\n|-unboost|p2a: Urshifu|def|1\n|-unboost|p2a: Urshifu|spd|1\n|\n|-heal|p1a: Necrozma|54\/100|[from] Grassy Terrain\n|-heal|p1a: Necrozma|60\/100|[from] item: Leftovers\n|-heal|p2a: Urshifu|80\/100|[from] Grassy Terrain\n|upkeep\n|turn|28\n|inactive|Quantum Tesseract has 270 seconds left.\n|inactive|Unviabriel has 60 seconds left.\n|\n|t:|1665283015\n|move|p1a: Necrozma|Moonlight|p1a: Necrozma\n|-heal|p1a: Necrozma|100\/100\n|move|p2a: Urshifu|Close Combat|p1a: Necrozma\n|-damage|p1a: Necrozma|46\/100\n|-unboost|p2a: Urshifu|def|1\n|-unboost|p2a: Urshifu|spd|1\n|\n|-heal|p1a: Necrozma|52\/100|[from] Grassy Terrain\n|-heal|p1a: Necrozma|58\/100|[from] item: Leftovers\n|-heal|p2a: Urshifu|86\/100|[from] Grassy Terrain\n|-fieldend|move: Grassy Terrain\n|upkeep\n|turn|29\n|\n|t:|1665283024\n|switch|p2a: Weavile|Weavile, F|100\/100 par\n|-ability|p2a: Weavile|Pressure\n|move|p1a: Necrozma|Sunsteel Strike|p2a: Weavile\n|-supereffective|p2a: Weavile\n|-damage|p2a: Weavile|0 fnt\n|faint|p2a: Weavile\n|\n|-heal|p1a: Necrozma|64\/100|[from] item: Leftovers\n|upkeep\n|\n|t:|1665283036\n|switch|p2a: Urshifu|Urshifu-Rapid-Strike, M|86\/100\n|-damage|p2a: Urshifu|80\/100|[from] Stealth Rock\n|turn|30\n|\n|t:|1665283041\n|move|p1a: Necrozma|Moonlight|p1a: Necrozma\n|-heal|p1a: Necrozma|100\/100\n|move|p2a: Urshifu|Surging Strikes|p1a: Necrozma\n|-crit|p1a: Necrozma\n|-damage|p1a: Necrozma|82\/100\n|-crit|p1a: Necrozma\n|-damage|p1a: Necrozma|63\/100\n|-crit|p1a: Necrozma\n|-damage|p1a: Necrozma|44\/100\n|-hitcount|p1a: Necrozma|3\n|\n|-heal|p1a: Necrozma|50\/100|[from] item: Leftovers\n|upkeep\n|turn|31\n|\n|t:|1665283048\n|move|p1a: Necrozma|Moonlight|p1a: Necrozma\n|-heal|p1a: Necrozma|99\/100\n|move|p2a: Urshifu|Surging Strikes|p1a: Necrozma\n|-crit|p1a: Necrozma\n|-damage|p1a: Necrozma|83\/100\n|-crit|p1a: Necrozma\n|-damage|p1a: Necrozma|64\/100\n|-crit|p1a: Necrozma\n|-damage|p1a: Necrozma|46\/100\n|-hitcount|p1a: Necrozma|3\n|\n|-heal|p1a: Necrozma|52\/100|[from] item: Leftovers\n|upkeep\n|turn|32\n|inactive|Unviabriel has 60 seconds left.\n|\n|t:|1665283056\n|move|p1a: Necrozma|Moonlight|p1a: Necrozma\n|-heal|p1a: Necrozma|100\/100\n|move|p2a: Urshifu|Surging Strikes|p1a: Necrozma\n|-crit|p1a: Necrozma\n|-damage|p1a: Necrozma|83\/100\n|-crit|p1a: Necrozma\n|-damage|p1a: Necrozma|65\/100\n|-crit|p1a: Necrozma\n|-damage|p1a: Necrozma|46\/100\n|-hitcount|p1a: Necrozma|3\n|\n|-heal|p1a: Necrozma|52\/100|[from] item: Leftovers\n|upkeep\n|turn|33\n|\n|t:|1665283063\n|move|p1a: Necrozma|Moonlight|p1a: Necrozma\n|-heal|p1a: Necrozma|100\/100\n|move|p2a: Urshifu|Surging Strikes|p1a: Necrozma\n|-crit|p1a: Necrozma\n|-damage|p1a: Necrozma|83\/100\n|-crit|p1a: Necrozma\n|-damage|p1a: Necrozma|66\/100\n|-crit|p1a: Necrozma\n|-damage|p1a: Necrozma|47\/100\n|-hitcount|p1a: Necrozma|3\n|\n|-heal|p1a: Necrozma|53\/100|[from] item: Leftovers\n|upkeep\n|turn|34\n|\n|t:|1665283070\n|move|p1a: Necrozma|Moonlight|p1a: Necrozma\n|-heal|p1a: Necrozma|100\/100\n|move|p2a: Urshifu|Surging Strikes|p1a: Necrozma\n|-crit|p1a: Necrozma\n|-damage|p1a: Necrozma|83\/100\n|-crit|p1a: Necrozma\n|-damage|p1a: Necrozma|65\/100\n|-crit|p1a: Necrozma\n|-damage|p1a: Necrozma|47\/100\n|-hitcount|p1a: Necrozma|3\n|\n|-heal|p1a: Necrozma|53\/100|[from] item: Leftovers\n|upkeep\n|turn|35\n|inactive|Unviabriel has 60 seconds left.\n|\n|t:|1665283092\n|move|p1a: Necrozma|Moonlight|p1a: Necrozma\n|-heal|p1a: Necrozma|100\/100\n|move|p2a: Urshifu|Surging Strikes|p1a: Necrozma\n|-crit|p1a: Necrozma\n|-damage|p1a: Necrozma|83\/100\n|-crit|p1a: Necrozma\n|-damage|p1a: Necrozma|63\/100\n|-crit|p1a: Necrozma\n|-damage|p1a: Necrozma|45\/100\n|-hitcount|p1a: Necrozma|3\n|\n|-heal|p1a: Necrozma|51\/100|[from] item: Leftovers\n|upkeep\n|turn|36\n|\n|t:|1665283102\n|move|p1a: Necrozma|Sunsteel Strike|p2a: Urshifu\n|-resisted|p2a: Urshifu\n|-damage|p2a: Urshifu|30\/100\n|move|p2a: Urshifu|Close Combat|p1a: Necrozma\n|-damage|p1a: Necrozma|0 fnt\n|-unboost|p2a: Urshifu|def|1\n|-unboost|p2a: Urshifu|spd|1\n|faint|p1a: Necrozma\n|\n|upkeep\n|\n|t:|1665283104\n|switch|p1a: Clefable|Clefable, M|96\/100\n|turn|37\n|\n|t:|1665283119\n|move|p2a: Urshifu|Taunt|p1a: Clefable\n|-start|p1a: Clefable|move: Taunt\n|move|p1a: Clefable|Moonblast|p2a: Urshifu\n|-supereffective|p2a: Urshifu\n|-damage|p2a: Urshifu|0 fnt\n|faint|p2a: Urshifu\n|\n|upkeep\n|\n|t:|1665283129\n|switch|p2a: Rillaboom|Rillaboom, M|94\/100\n|-damage|p2a: Rillaboom|82\/100|[from] Stealth Rock\n|-fieldstart|move: Grassy Terrain|[from] ability: Grassy Surge|[of] p2a: Rillaboom\n|turn|38\n|\n|t:|1665283135\n|move|p2a: Rillaboom|Grassy Glide|p1a: Clefable\n|-damage|p1a: Clefable|71\/100\n|move|p1a: Clefable|Moonblast|p2a: Rillaboom\n|-damage|p2a: Rillaboom|65\/100\n|-unboost|p2a: Rillaboom|spa|1\n|\n|-heal|p2a: Rillaboom|71\/100|[from] Grassy Terrain\n|-heal|p1a: Clefable|77\/100|[from] Grassy Terrain\n|upkeep\n|turn|39\n|\n|t:|1665283144\n|move|p2a: Rillaboom|Drum Beating|p1a: Clefable\n|-damage|p1a: Clefable|51\/100\n|-unboost|p1a: Clefable|spe|1\n|move|p1a: Clefable|Moonblast|p2a: Rillaboom\n|-damage|p2a: Rillaboom|54\/100\n|-unboost|p2a: Rillaboom|spa|1\n|\n|-heal|p2a: Rillaboom|60\/100|[from] Grassy Terrain\n|-heal|p1a: Clefable|57\/100|[from] Grassy Terrain\n|-end|p1a: Clefable|move: Taunt\n|upkeep\n|turn|40\n|\n|t:|1665283154\n|move|p2a: Rillaboom|Drum Beating|p1a: Clefable\n|-damage|p1a: Clefable|30\/100\n|-unboost|p1a: Clefable|spe|1\n|move|p1a: Clefable|Knock Off|p2a: Rillaboom\n|-damage|p2a: Rillaboom|42\/100\n|-enditem|p2a: Rillaboom|Assault Vest|[from] move: Knock Off|[of] p1a: Clefable\n|\n|-heal|p2a: Rillaboom|49\/100|[from] Grassy Terrain\n|-heal|p1a: Clefable|36\/100|[from] Grassy Terrain\n|upkeep\n|turn|41\n|\n|t:|1665283162\n|move|p2a: Rillaboom|Drum Beating|p1a: Clefable\n|-damage|p1a: Clefable|7\/100\n|-unboost|p1a: Clefable|spe|1\n|move|p1a: Clefable|Soft-Boiled|p1a: Clefable\n|-heal|p1a: Clefable|57\/100\n|\n|-heal|p2a: Rillaboom|55\/100|[from] Grassy Terrain\n|-heal|p1a: Clefable|63\/100|[from] Grassy Terrain\n|upkeep\n|turn|42\n|\n|t:|1665283165\n|move|p2a: Rillaboom|Drum Beating|p1a: Clefable\n|-damage|p1a: Clefable|34\/100\n|-unboost|p1a: Clefable|spe|1\n|move|p1a: Clefable|Soft-Boiled|p1a: Clefable\n|-heal|p1a: Clefable|84\/100\n|\n|-heal|p2a: Rillaboom|61\/100|[from] Grassy Terrain\n|-heal|p1a: Clefable|90\/100|[from] Grassy Terrain\n|-fieldend|move: Grassy Terrain\n|upkeep\n|turn|43\n|\n|t:|1665283168\n|move|p2a: Rillaboom|Drum Beating|p1a: Clefable\n|-damage|p1a: Clefable|68\/100\n|-unboost|p1a: Clefable|spe|1\n|move|p1a: Clefable|Moonblast|p2a: Rillaboom\n|-damage|p2a: Rillaboom|37\/100\n|\n|upkeep\n|turn|44\n|c|\u2606Quantum Tesseract|Gg\n|c|\u2606Unviabriel|gg\n|-message|Unviabriel forfeited.\n|\n|win|Quantum Tesseract\n","uploadtime":1665283176,"views":34,"p1id":"quantumtesseract","p2id":"unviabriel","formatid":"gen8godlygift","rating":0,"private":0,"password":null}