{"id":"gen8ou-1676111249","p1":"Rj yoip","p2":"hqstest","format":"gen8ou","log":"|j|\u2606Rj yoip\n|j|\u2606hqstest\n|t:|1664753271\n|gametype|singles\n|player|p1|Rj yoip|caitlin|1466\n|player|p2|hqstest|veteranf|1585\n|teamsize|p1|6\n|teamsize|p2|6\n|gen|8\n|tier|[Gen 8] OU\n|rated|\n|rule|Sleep Clause Mod: Limit one foe put to sleep\n|rule|Species Clause: Limit one of each Pok\u00e9mon\n|rule|OHKO Clause: OHKO moves are banned\n|rule|Evasion Items Clause: Evasion items are banned\n|rule|Evasion Moves Clause: Evasion moves are banned\n|rule|Endless Battle Clause: Forcing endless battles is banned\n|rule|HP Percentage Mod: HP is shown in percentages\n|rule|Dynamax Clause: You cannot dynamax\n|clearpoke\n|poke|p1|Bisharp, M|\n|poke|p1|Tapu Lele|\n|poke|p1|Landorus-Therian, M|\n|poke|p1|Corviknight, M|\n|poke|p1|Tapu Fini|\n|poke|p1|Dragonite, F|\n|poke|p2|Terrakion|\n|poke|p2|Mew|\n|poke|p2|Weavile, M|\n|poke|p2|Blaziken, F|\n|poke|p2|Tapu Koko|\n|poke|p2|Dragonite, M|\n|teampreview\n|\n|t:|1664753278\n|start\n|switch|p1a: Corviknight|Corviknight, M|100\/100\n|switch|p2a: Terrakion|Terrakion|100\/100\n|-ability|p1a: Corviknight|Pressure\n|turn|1\n|inactive|Battle timer is ON: inactive players will automatically lose when time's up. (requested by Rj yoip)\n|\n|t:|1664753284\n|move|p2a: Terrakion|Taunt|p1a: Corviknight\n|-start|p1a: Corviknight|move: Taunt\n|move|p1a: Corviknight|Body Press|p2a: Terrakion\n|-supereffective|p2a: Terrakion\n|-damage|p2a: Terrakion|45\/100\n|\n|upkeep\n|turn|2\n|\n|t:|1664753288\n|move|p2a: Terrakion|Stealth Rock|p1a: Corviknight\n|-sidestart|p1: Rj yoip|move: Stealth Rock\n|move|p1a: Corviknight|Body Press|p2a: Terrakion\n|-supereffective|p2a: Terrakion\n|-damage|p2a: Terrakion|0 fnt\n|faint|p2a: Terrakion\n|\n|upkeep\n|\n|t:|1664753308\n|switch|p2a: Mew|Mew|100\/100\n|turn|3\n|\n|t:|1664753312\n|move|p2a: Mew|Thunder Wave|p1a: Corviknight\n|-status|p1a: Corviknight|par\n|cant|p1a: Corviknight|par\n|\n|-end|p1a: Corviknight|move: Taunt\n|upkeep\n|turn|4\n|\n|t:|1664753316\n|move|p2a: Mew|Taunt|p1a: Corviknight\n|-start|p1a: Corviknight|move: Taunt\n|cant|p1a: Corviknight|move: Taunt|Defog\n|\n|upkeep\n|turn|5\n|\n|t:|1664753318\n|move|p2a: Mew|Spikes|p1a: Corviknight\n|-sidestart|p1: Rj yoip|Spikes\n|move|p1a: Corviknight|U-turn|p2a: Mew\n|-supereffective|p2a: Mew\n|-damage|p2a: Mew|75\/100\n|\n|t:|1664753324\n|switch|p1a: Bisharp|Bisharp, M|100\/100|[from]move: U-turn\n|-damage|p1a: Bisharp|95\/100|[from] Stealth Rock\n|-damage|p1a: Bisharp|82\/100|[from] Spikes\n|\n|-heal|p1a: Bisharp|88\/100|[from] item: Leftovers\n|upkeep\n|turn|6\n|\n|t:|1664753329\n|move|p2a: Mew|Close Combat|p1a: Bisharp\n|-supereffective|p1a: Bisharp\n|-damage|p1a: Bisharp|0 fnt\n|-unboost|p2a: Mew|def|1\n|-unboost|p2a: Mew|spd|1\n|faint|p1a: Bisharp\n|\n|upkeep\n|c|\u2606Rj yoip|what does the close combat do?\n|\n|t:|1664753345\n|switch|p1a: Tapu Fini|Tapu Fini|100\/100\n|-damage|p1a: Tapu Fini|88\/100|[from] Stealth Rock\n|-damage|p1a: Tapu Fini|75\/100|[from] Spikes\n|-fieldstart|move: Misty Terrain|[from] ability: Misty Surge|[of] p1a: Tapu Fini\n|turn|7\n|\n|t:|1664753351\n|move|p2a: Mew|Taunt|p1a: Tapu Fini\n|-start|p1a: Tapu Fini|move: Taunt\n|cant|p1a: Tapu Fini|move: Taunt|Calm Mind\n|\n|-heal|p1a: Tapu Fini|82\/100|[from] item: Leftovers\n|upkeep\n|turn|8\n|\n|t:|1664753355\n|move|p2a: Mew|Spikes|p1a: Tapu Fini\n|-sidestart|p1: Rj yoip|Spikes\n|move|p1a: Tapu Fini|Draining Kiss|p2a: Mew\n|-damage|p2a: Mew|53\/100\n|-heal|p1a: Tapu Fini|100\/100|[from] drain|[of] p2a: Mew\n|\n|upkeep\n|turn|9\n|\n|t:|1664753362\n|move|p2a: Mew|Spikes|p1a: Tapu Fini\n|-sidestart|p1: Rj yoip|Spikes\n|move|p1a: Tapu Fini|Scald|p2a: Mew\n|-damage|p2a: Mew|21\/100\n|\n|-end|p1a: Tapu Fini|move: Taunt\n|upkeep\n|turn|10\n|\n|t:|1664753368\n|move|p2a: Mew|Taunt|p1a: Tapu Fini\n|-start|p1a: Tapu Fini|move: Taunt\n|move|p1a: Tapu Fini|Scald|p2a: Mew\n|-damage|p2a: Mew|0 fnt\n|faint|p2a: Mew\n|\n|upkeep\n|\n|t:|1664753374\n|switch|p2a: Tapu Koko|Tapu Koko|100\/100\n|-fieldstart|move: Electric Terrain|[from] ability: Electric Surge|[of] p2a: Tapu Koko\n|turn|11\n|\n|t:|1664753378\n|switch|p1a: Landorus|Landorus-Therian, M|100\/100\n|-damage|p1a: Landorus|88\/100|[from] Stealth Rock\n|-ability|p1a: Landorus|Intimidate|boost\n|-unboost|p2a: Tapu Koko|atk|1\n|move|p2a: Tapu Koko|Dazzling Gleam|p1a: Landorus\n|-damage|p1a: Landorus|71\/100\n|\n|upkeep\n|turn|12\n|\n|t:|1664753390\n|switch|p2a: Blaziken|Blaziken, F|100\/100\n|-item|p2a: Blaziken|Air Balloon\n|move|p1a: Landorus|Knock Off|p2a: Blaziken\n|-resisted|p2a: Blaziken\n|-damage|p2a: Blaziken|76\/100\n|-enditem|p2a: Blaziken|Air Balloon\n|\n|upkeep\n|turn|13\n|\n|t:|1664753396\n|move|p2a: Blaziken|Flare Blitz|p1a: Landorus\n|-damage|p1a: Landorus|11\/100\n|-damage|p2a: Blaziken|51\/100|[from] Recoil\n|move|p1a: Landorus|Earthquake|p2a: Blaziken\n|-supereffective|p2a: Blaziken\n|-damage|p2a: Blaziken|0 fnt\n|faint|p2a: Blaziken\n|\n|upkeep\n|\n|t:|1664753411\n|switch|p2a: Weavile|Weavile, M|100\/100\n|-ability|p2a: Weavile|Pressure\n|turn|14\n|\n|t:|1664753419\n|move|p2a: Weavile|Swords Dance|p2a: Weavile\n|-boost|p2a: Weavile|atk|2\n|move|p1a: Landorus|Stone Edge|p2a: Weavile|[miss]\n|-miss|p1a: Landorus|p2a: Weavile\n|\n|upkeep\n|turn|15\n|c|\u2606Rj yoip|that was game\n|c|\u2606Rj yoip|come on\n|\n|t:|1664753426\n|move|p2a: Weavile|Ice Shard|p1a: Landorus\n|-supereffective|p1a: Landorus\n|-damage|p1a: Landorus|0 fnt\n|faint|p1a: Landorus\n|-damage|p2a: Weavile|91\/100|[from] item: Life Orb\n|\n|-fieldend|move: Electric Terrain\n|upkeep\n|\n|t:|1664753429\n|switch|p1a: Tapu Fini|Tapu Fini|100\/100\n|-damage|p1a: Tapu Fini|88\/100|[from] Stealth Rock\n|-damage|p1a: Tapu Fini|63\/100|[from] Spikes\n|-fieldstart|move: Misty Terrain|[from] ability: Misty Surge|[of] p1a: Tapu Fini\n|turn|16\n|\n|t:|1664753432\n|move|p2a: Weavile|Triple Axel|p1a: Tapu Fini\n|-resisted|p1a: Tapu Fini\n|-damage|p1a: Tapu Fini|54\/100\n|-hitcount|p1a: Tapu Fini|1\n|-damage|p2a: Weavile|81\/100|[from] item: Life Orb\n|move|p1a: Tapu Fini|Draining Kiss|p2a: Weavile\n|-supereffective|p2a: Weavile\n|-damage|p2a: Weavile|31\/100\n|-heal|p1a: Tapu Fini|84\/100|[from] drain|[of] p2a: Weavile\n|\n|-heal|p1a: Tapu Fini|90\/100|[from] item: Leftovers\n|upkeep\n|turn|17\n|\n|t:|1664753443\n|move|p2a: Weavile|Triple Axel|p1a: Tapu Fini\n|-resisted|p1a: Tapu Fini\n|-damage|p1a: Tapu Fini|80\/100\n|-resisted|p1a: Tapu Fini\n|-damage|p1a: Tapu Fini|61\/100\n|-resisted|p1a: Tapu Fini\n|-damage|p1a: Tapu Fini|35\/100\n|-hitcount|p1a: Tapu Fini|3\n|-damage|p2a: Weavile|21\/100|[from] item: Life Orb\n|move|p1a: Tapu Fini|Calm Mind|p1a: Tapu Fini\n|-boost|p1a: Tapu Fini|spa|1\n|-boost|p1a: Tapu Fini|spd|1\n|\n|-heal|p1a: Tapu Fini|41\/100|[from] item: Leftovers\n|upkeep\n|turn|18\n|\n|t:|1664753457\n|move|p2a: Weavile|Knock Off|p1a: Tapu Fini\n|-resisted|p1a: Tapu Fini\n|-damage|p1a: Tapu Fini|0 fnt\n|-enditem|p1a: Tapu Fini|Leftovers|[from] move: Knock Off|[of] p2a: Weavile\n|faint|p1a: Tapu Fini\n|-damage|p2a: Weavile|12\/100|[from] item: Life Orb\n|\n|upkeep\n|\n|t:|1664753463\n|switch|p1a: Corviknight|Corviknight, M|100\/100 par\n|-damage|p1a: Corviknight|88\/100 par|[from] Stealth Rock\n|-ability|p1a: Corviknight|Pressure\n|turn|19\n|\n|t:|1664753467\n|move|p2a: Weavile|Knock Off|p1a: Corviknight\n|-crit|p1a: Corviknight\n|-damage|p1a: Corviknight|0 fnt\n|-enditem|p1a: Corviknight|Leftovers|[from] move: Knock Off|[of] p2a: Weavile\n|faint|p1a: Corviknight\n|-damage|p2a: Weavile|2\/100|[from] item: Life Orb\n|\n|upkeep\n|\n|t:|1664753474\n|switch|p1a: Tapu Lele|Tapu Lele|100\/100\n|-damage|p1a: Tapu Lele|88\/100|[from] Stealth Rock\n|-damage|p1a: Tapu Lele|63\/100|[from] Spikes\n|-fieldstart|move: Psychic Terrain|[from] ability: Psychic Surge|[of] p1a: Tapu Lele\n|turn|20\n|\n|t:|1664753481\n|move|p2a: Weavile|Knock Off|p1a: Tapu Lele\n|-damage|p1a: Tapu Lele|0 fnt\n|-enditem|p1a: Tapu Lele|Choice Specs|[from] move: Knock Off|[of] p2a: Weavile\n|faint|p1a: Tapu Lele\n|-damage|p2a: Weavile|0 fnt|[from] item: Life Orb\n|faint|p2a: Weavile\n|\n|upkeep\n|\n|t:|1664753485\n|switch|p2a: Tapu Koko|Tapu Koko|100\/100\n|switch|p1a: Dragonite|Dragonite, F|100\/100\n|-fieldstart|move: Electric Terrain|[from] ability: Electric Surge|[of] p2a: Tapu Koko\n|turn|21\n|\n|t:|1664753488\n|move|p2a: Tapu Koko|Taunt|p1a: Dragonite\n|-start|p1a: Dragonite|move: Taunt\n|cant|p1a: Dragonite|move: Taunt|Dragon Dance\n|\n|upkeep\n|turn|22\n|\n|t:|1664753490\n|move|p2a: Tapu Koko|Dazzling Gleam|p1a: Dragonite\n|-supereffective|p1a: Dragonite\n|-damage|p1a: Dragonite|62\/100\n|move|p1a: Dragonite|Earthquake|p2a: Tapu Koko\n|-supereffective|p2a: Tapu Koko\n|-damage|p2a: Tapu Koko|0 fnt\n|faint|p2a: Tapu Koko\n|\n|upkeep\n|\n|t:|1664753493\n|switch|p2a: Dragonite|Dragonite, M|100\/100\n|turn|23\n|\n|t:|1664753495\n|move|p1a: Dragonite|Ice Punch|p2a: Dragonite\n|-supereffective|p2a: Dragonite\n|-damage|p2a: Dragonite|42\/100\n|-status|p2a: Dragonite|frz\n|-curestatus|p2a: Dragonite|frz|[msg]\n|move|p2a: Dragonite|Ice Punch|p1a: Dragonite\n|-supereffective|p1a: Dragonite\n|-damage|p1a: Dragonite|0 fnt\n|faint|p1a: Dragonite\n|\n|win|hqstest\n|raw|Rj yoip's rating: 1466 &rarr; <strong>1453<\/strong><br \/>(-13 for losing)\n|raw|hqstest's rating: 1585 &rarr; <strong>1598<\/strong><br \/>(+13 for winning)\n|l|\u2606Rj yoip\n","uploadtime":1664753500,"views":11,"p1id":"rjyoip","p2id":"hqstest","formatid":"gen8ou","rating":1453,"private":0,"password":null}