{"id":"gen8ou-1617956898","p1":"Mimi7kyu","p2":"jeandonis02","format":"gen8ou","log":"|j|\u2606Mimi7kyu\n|j|\u2606jeandonis02\n|t:|1657905183\n|gametype|singles\n|player|p1|Mimi7kyu|caitlin|1652\n|player|p2|jeandonis02|lucas|1701\n|teamsize|p1|6\n|teamsize|p2|6\n|gen|8\n|tier|[Gen 8] OU\n|rated|\n|rule|Sleep Clause Mod: Limit one foe put to sleep\n|rule|Species Clause: Limit one of each Pok\u00e9mon\n|rule|OHKO Clause: OHKO moves are banned\n|rule|Evasion Moves Clause: Evasion moves are banned\n|rule|Endless Battle Clause: Forcing endless battles is banned\n|rule|HP Percentage Mod: HP is shown in percentages\n|rule|Dynamax Clause: You cannot dynamax\n|clearpoke\n|poke|p1|Tapu Koko|\n|poke|p1|Hawlucha, F|\n|poke|p1|Mew|\n|poke|p1|Kommo-o, M|\n|poke|p1|Aegislash, F|\n|poke|p1|Zeraora|\n|poke|p2|Zeraora|\n|poke|p2|Toxapex, F|\n|poke|p2|Garchomp, M|\n|poke|p2|Rotom-Wash|\n|poke|p2|Ferrothorn, F|\n|poke|p2|Charizard, F|\n|teampreview\n|\n|t:|1657905195\n|start\n|switch|p1a: Mew|Mew|100\/100\n|switch|p2a: Garchomp|Garchomp, M|100\/100\n|turn|1\n|\n|t:|1657905199\n|move|p2a: Garchomp|Outrage|p1a: Mew\n|-damage|p1a: Mew|17\/100\n|move|p1a: Mew|Ice Beam|p2a: Garchomp\n|-supereffective|p2a: Garchomp\n|-damage|p2a: Garchomp|12\/100\n|\n|upkeep\n|turn|2\n|\n|t:|1657905204\n|switch|p1a: Tapu Koko|Tapu Koko|100\/100\n|-fieldstart|move: Electric Terrain|[from] ability: Electric Surge|[of] p1a: Tapu Koko\n|move|p2a: Garchomp|Outrage|p1a: Tapu Koko|[from]lockedmove\n|-immune|p1a: Tapu Koko\n|-start|p2a: Garchomp|confusion|[fatigue]\n|\n|upkeep\n|turn|3\n|\n|t:|1657905208\n|switch|p2a: Ferrothorn|Ferrothorn, F|100\/100\n|move|p1a: Tapu Koko|Reflect|p1a: Tapu Koko\n|-sidestart|p1: Mimi7kyu|Reflect\n|\n|upkeep\n|turn|4\n|\n|t:|1657905214\n|move|p1a: Tapu Koko|Taunt|p2a: Ferrothorn\n|-start|p2a: Ferrothorn|move: Taunt\n|move|p2a: Ferrothorn|Gyro Ball|p1a: Tapu Koko\n|-crit|p1a: Tapu Koko\n|-damage|p1a: Tapu Koko|20\/100\n|\n|upkeep\n|turn|5\n|\n|t:|1657905220\n|switch|p2a: Charizard|Charizard, F|100\/100\n|move|p1a: Tapu Koko|Light Screen|p1a: Tapu Koko\n|-sidestart|p1: Mimi7kyu|move: Light Screen\n|\n|upkeep\n|turn|6\n|\n|t:|1657905222\n|move|p1a: Tapu Koko|U-turn|p2a: Charizard\n|-resisted|p2a: Charizard\n|-damage|p2a: Charizard|95\/100\n|\n|t:|1657905224\n|switch|p1a: Mew|Mew|17\/100|[from]move: U-turn\n|move|p2a: Charizard|Belly Drum|p2a: Charizard\n|-damage|p2a: Charizard|45\/100\n|-setboost|p2a: Charizard|atk|6|[from] move: Belly Drum\n|-enditem|p2a: Charizard|Sitrus Berry|[eat]\n|-heal|p2a: Charizard|70\/100|[from] item: Sitrus Berry\n|\n|-fieldend|move: Electric Terrain\n|upkeep\n|turn|7\n|\n|t:|1657905227\n|move|p1a: Mew|Ice Beam|p2a: Charizard\n|-damage|p2a: Charizard|44\/100\n|move|p2a: Charizard|Flame Charge|p1a: Mew\n|-damage|p1a: Mew|0 fnt\n|-boost|p2a: Charizard|spe|1\n|faint|p1a: Mew\n|\n|upkeep\n|\n|t:|1657905234\n|switch|p1a: Kommo-o|Kommo-o, M|100\/100\n|turn|8\n|\n|t:|1657905237\n|move|p2a: Charizard|Acrobatics|p1a: Kommo-o\n|-supereffective|p1a: Kommo-o\n|-damage|p1a: Kommo-o|0 fnt\n|faint|p1a: Kommo-o\n|\n|upkeep\n|\n|t:|1657905241\n|switch|p1a: Zeraora|Zeraora|100\/100\n|turn|9\n|\n|t:|1657905246\n|move|p2a: Charizard|Roost|p2a: Charizard\n|-heal|p2a: Charizard|94\/100\n|-singleturn|p2a: Charizard|move: Roost\n|move|p1a: Zeraora|Plasma Fists|p2a: Charizard\n|-damage|p2a: Charizard|34\/100\n|-fieldactivate|move: Ion Deluge\n|-hint|Normal-type moves become Electric-type after using Plasma Fists.\n|\n|upkeep\n|turn|10\n|\n|t:|1657905253\n|move|p2a: Charizard|Roost|p2a: Charizard\n|-heal|p2a: Charizard|84\/100\n|-singleturn|p2a: Charizard|move: Roost\n|move|p1a: Zeraora|Plasma Fists|p2a: Charizard\n|-damage|p2a: Charizard|22\/100\n|-fieldactivate|move: Ion Deluge\n|-hint|Normal-type moves become Electric-type after using Plasma Fists.\n|\n|-sideend|p1: Mimi7kyu|Reflect\n|upkeep\n|turn|11\n|\n|t:|1657905256\n|move|p2a: Charizard|Flame Charge|p1a: Zeraora\n|-damage|p1a: Zeraora|0 fnt\n|-boost|p2a: Charizard|spe|1\n|faint|p1a: Zeraora\n|\n|upkeep\n|\n|t:|1657905259\n|switch|p1a: Tapu Koko|Tapu Koko|20\/100\n|-fieldstart|move: Electric Terrain|[from] ability: Electric Surge|[of] p1a: Tapu Koko\n|turn|12\n|\n|t:|1657905261\n|move|p2a: Charizard|Flame Charge|p1a: Tapu Koko\n|-damage|p1a: Tapu Koko|0 fnt\n|-boost|p2a: Charizard|spe|1\n|faint|p1a: Tapu Koko\n|\n|-sideend|p1: Mimi7kyu|move: Light Screen\n|upkeep\n|\n|t:|1657905263\n|switch|p1a: Hawlucha|Hawlucha, F|100\/100\n|-enditem|p1a: Hawlucha|Electric Seed\n|-boost|p1a: Hawlucha|def|1|[from] item: Electric Seed\n|turn|13\n|\n|t:|1657905265\n|move|p2a: Charizard|Acrobatics|p1a: Hawlucha\n|-supereffective|p1a: Hawlucha\n|-damage|p1a: Hawlucha|0 fnt\n|faint|p1a: Hawlucha\n|\n|upkeep\n|inactive|Battle timer is ON: inactive players will automatically lose when time's up. (requested by jeandonis02)\n|\n|t:|1657905268\n|switch|p1a: Aegislash|Aegislash, F|100\/100\n|turn|14\n|\n|t:|1657905270\n|move|p2a: Charizard|Flame Charge|p1a: Aegislash\n|-supereffective|p1a: Aegislash\n|-damage|p1a: Aegislash|0 fnt\n|-boost|p2a: Charizard|spe|1\n|faint|p1a: Aegislash\n|\n|win|jeandonis02\n|raw|Mimi7kyu's rating: 1652 &rarr; <strong>1635<\/strong><br \/>(-17 for losing)\n|raw|jeandonis02's rating: 1701 &rarr; <strong>1718<\/strong><br \/>(+17 for winning)\n|l|\u2606Mimi7kyu\n||Ladder isn't responding, score probably updated but might not have (Request timeout).\n","uploadtime":1657905282,"views":36,"p1id":"mimi7kyu","p2id":"jeandonis02","formatid":"gen8ou","rating":1635,"private":0,"password":null}