{"id":"gen8nationaldexmonotype-1538092899","p1":"Eclipse77","p2":"Glavenus71601","format":"gen8nationaldexmonotype","log":"|j|\u2606Eclipse77\n|j|\u2606Glavenus71601\n|inactive|Battle timer is ON: inactive players will automatically lose when time's up.\n|t:|1648164494\n|gametype|singles\n|player|p1|Eclipse77|hilda-wonderlauncher|\n|player|p2|Glavenus71601|266|\n|teamsize|p1|6\n|teamsize|p2|6\n|gen|8\n|tier|[Gen 8] National Dex Monotype\n|rated|Tournament battle\n|rule|HP Percentage Mod: HP is shown in percentages\n|rule|Endless Battle Clause: Forcing endless battles is banned\n|rule|Same Type Clause: Pok\u00e9mon in a team must share a type\n|rule|Species Clause: Limit one of each Pok\u00e9mon\n|rule|OHKO Clause: OHKO moves are banned\n|rule|Evasion Moves Clause: Evasion moves are banned\n|rule|Dynamax Clause: You cannot dynamax\n|rule|Sleep Clause Mod: Limit one foe put to sleep\n|clearpoke\n|poke|p1|Greninja, F|\n|poke|p1|Pelipper, F|\n|poke|p1|Toxapex, M|\n|poke|p1|Urshifu-*, F|\n|poke|p1|Slowking, M|\n|poke|p1|Swampert, F|\n|poke|p2|Tapu Lele|\n|poke|p2|Alakazam, M|\n|poke|p2|Deoxys-Speed|\n|poke|p2|Jirachi|\n|poke|p2|Latios, M|\n|poke|p2|Victini|\n|teampreview\n|\n|t:|1648164501\n|start\n|switch|p1a: Pelipper|Pelipper, F|100\/100\n|switch|p2a: Deoxys|Deoxys-Speed|100\/100\n|-ability|p2a: Deoxys|Pressure\n|-weather|RainDance|[from] ability: Drizzle|[of] p1a: Pelipper\n|turn|1\n|\n|t:|1648164506\n|move|p2a: Deoxys|Stealth Rock|p1a: Pelipper\n|-sidestart|p1: Eclipse77|move: Stealth Rock\n|move|p1a: Pelipper|U-turn|p2a: Deoxys\n|-supereffective|p2a: Deoxys\n|-damage|p2a: Deoxys|80\/100\n|\n|t:|1648164508\n|switch|p1a: Swampert|Swampert, F, shiny|100\/100|[from]move: U-turn\n|-damage|p1a: Swampert|94\/100|[from] Stealth Rock\n|\n|-weather|RainDance|[upkeep]\n|upkeep\n|turn|2\n|\n|t:|1648164513\n|detailschange|p1a: Swampert|Swampert-Mega, F, shiny\n|-mega|p1a: Swampert|Swampert|Swampertite\n|move|p1a: Swampert|Waterfall|p2a: Deoxys\n|-damage|p2a: Deoxys|0 fnt\n|faint|p2a: Deoxys\n|\n|-weather|RainDance|[upkeep]\n|upkeep\n|\n|t:|1648164522\n|switch|p2a: Tapu Lele|Tapu Lele|100\/100\n|-fieldstart|move: Psychic Terrain|[from] ability: Psychic Surge|[of] p2a: Tapu Lele\n|turn|3\n|inactive|Glavenus71601 has 120 seconds left.\n|\n|t:|1648164554\n|switch|p2a: Latios|Latios, M|100\/100\n|move|p1a: Swampert|Waterfall|p2a: Latios\n|-resisted|p2a: Latios\n|-damage|p2a: Latios|52\/100\n|\n|-weather|RainDance|[upkeep]\n|upkeep\n|turn|4\n|\n|t:|1648164569\n|move|p2a: Latios|Draco Meteor|p1a: Swampert\n|-damage|p1a: Swampert|36\/100\n|-unboost|p2a: Latios|spa|2\n|move|p1a: Swampert|Ice Punch|p2a: Latios\n|-supereffective|p2a: Latios\n|-damage|p2a: Latios|0 fnt\n|faint|p2a: Latios\n|\n|-weather|RainDance|[upkeep]\n|upkeep\n|\n|t:|1648164578\n|switch|p2a: Alakazam|Alakazam, M|100\/100\n|turn|5\n|\n|t:|1648164594\n|detailschange|p2a: Alakazam|Alakazam-Mega, M\n|-mega|p2a: Alakazam|Alakazam|Alakazite\n|-ability|p2a: Alakazam|Swift Swim|[from] ability: Trace|[of] p1a: Swampert\n|move|p2a: Alakazam|Expanding Force|p1a: Swampert\n|-damage|p1a: Swampert|0 fnt\n|faint|p1a: Swampert\n|\n|-weather|none\n|upkeep\n|inactive|Eclipse77 has 120 seconds left.\n|c|\u2606Eclipse77|Ooooo, I forgot about trace\n|c|\u2606Eclipse77|cool play\n|\n|t:|1648164622\n|switch|p1a: Greninja|Greninja, F, shiny|100\/100\n|-damage|p1a: Greninja|88\/100|[from] Stealth Rock\n|turn|6\n|c|\u2606Glavenus71601|I love using this thing, if you trace a good ability it does *work*\n|\n|t:|1648164639\n|switch|p2a: Tapu Lele|Tapu Lele|100\/100\n|move|p1a: Greninja|Dark Pulse|p2a: Tapu Lele\n|-start|p1a: Greninja|typechange|Dark|[from] ability: Protean\n|-damage|p2a: Tapu Lele|61\/100\n|\n|upkeep\n|turn|7\n|\n|t:|1648164653\n|switch|p1a: Slowking|Slowking, M|100\/100\n|move|p2a: Tapu Lele|Moonblast|p1a: Slowking\n|-damage|p1a: Slowking|73\/100\n|\n|-fieldend|move: Psychic Terrain\n|upkeep\n|turn|8\n|j| just like hunny\n|\n|t:|1648164664\n|switch|p2a: Jirachi|Jirachi|100\/100\n|move|p1a: Slowking|Teleport|p1a: Slowking\n|\n|t:|1648164682\n|switch|p1a: Greninja|Greninja, F, shiny|88\/100|[from]move: Teleport\n|-damage|p1a: Greninja|76\/100|[from] Stealth Rock\n|\n|upkeep\n|turn|9\n|\n|t:|1648164685\n|move|p1a: Greninja|Dark Pulse|p2a: Jirachi\n|-start|p1a: Greninja|typechange|Dark|[from] ability: Protean\n|-supereffective|p2a: Jirachi\n|-damage|p2a: Jirachi|39\/100\n|move|p2a: Jirachi|U-turn|p1a: Greninja\n|-supereffective|p1a: Greninja\n|-damage|p1a: Greninja|7\/100\n|\n|t:|1648164690\n|switch|p2a: Tapu Lele|Tapu Lele|61\/100|[from]move: U-turn\n|-fieldstart|move: Psychic Terrain|[from] ability: Psychic Surge|[of] p2a: Tapu Lele\n|\n|upkeep\n|turn|10\n|\n|t:|1648164698\n|switch|p1a: Slowking|Slowking, M|100\/100\n|move|p2a: Tapu Lele|Moonblast|p1a: Slowking\n|-damage|p1a: Slowking|71\/100\n|-unboost|p1a: Slowking|spa|1\n|\n|upkeep\n|turn|11\n|\n|t:|1648164703\n|move|p2a: Tapu Lele|Moonblast|p1a: Slowking\n|-damage|p1a: Slowking|42\/100\n|move|p1a: Slowking|Teleport|p1a: Slowking\n|\n|t:|1648164712\n|switch|p1a: Pelipper|Pelipper, F|100\/100|[from]move: Teleport\n|-damage|p1a: Pelipper|76\/100|[from] Stealth Rock\n|-weather|RainDance|[from] ability: Drizzle|[of] p1a: Pelipper\n|\n|-weather|RainDance|[upkeep]\n|upkeep\n|turn|12\n|\n|t:|1648164731\n|move|p2a: Tapu Lele|Moonblast|p1a: Pelipper\n|-damage|p1a: Pelipper|0 fnt\n|faint|p1a: Pelipper\n|\n|-weather|RainDance|[upkeep]\n|upkeep\n|\n|t:|1648164736\n|switch|p1a: Urshifu|Urshifu-Rapid-Strike, F|100\/100\n|-damage|p1a: Urshifu|94\/100|[from] Stealth Rock\n|turn|13\n|\n|t:|1648164739\n|move|p2a: Tapu Lele|Moonblast|p1a: Urshifu\n|-supereffective|p1a: Urshifu\n|-damage|p1a: Urshifu|0 fnt\n|faint|p1a: Urshifu\n|\n|-weather|RainDance|[upkeep]\n|-fieldend|move: Psychic Terrain\n|upkeep\n|\n|t:|1648164741\n|switch|p1a: Toxapex|Toxapex, M, shiny|100\/100\n|-damage|p1a: Toxapex|88\/100|[from] Stealth Rock\n|turn|14\n|\n|t:|1648164745\n|switch|p2a: Jirachi|Jirachi|39\/100\n|move|p1a: Toxapex|Sludge Bomb|p2a: Jirachi\n|-immune|p2a: Jirachi\n|\n|-weather|RainDance|[upkeep]\n|-heal|p2a: Jirachi|45\/100|[from] item: Leftovers\n|-heal|p1a: Toxapex|94\/100|[from] item: Black Sludge\n|upkeep\n|turn|15\n|\n|t:|1648164749\n|move|p2a: Jirachi|Zen Headbutt|p1a: Toxapex\n|-supereffective|p1a: Toxapex\n|-damage|p1a: Toxapex|52\/100\n|move|p1a: Toxapex|Knock Off|p2a: Jirachi\n|-supereffective|p2a: Jirachi\n|-damage|p2a: Jirachi|17\/100\n|-enditem|p2a: Jirachi|Leftovers|[from] move: Knock Off|[of] p1a: Toxapex\n|\n|-weather|none\n|-heal|p1a: Toxapex|58\/100|[from] item: Black Sludge\n|upkeep\n|turn|16\n|\n|t:|1648164755\n|move|p2a: Jirachi|Zen Headbutt|p1a: Toxapex\n|-supereffective|p1a: Toxapex\n|-damage|p1a: Toxapex|11\/100\n|move|p1a: Toxapex|Knock Off|p2a: Jirachi\n|-supereffective|p2a: Jirachi\n|-damage|p2a: Jirachi|0 fnt\n|faint|p2a: Jirachi\n|\n|-heal|p1a: Toxapex|17\/100|[from] item: Black Sludge\n|upkeep\n|\n|t:|1648164761\n|switch|p2a: Tapu Lele|Tapu Lele|61\/100\n|-fieldstart|move: Psychic Terrain|[from] ability: Psychic Surge|[of] p2a: Tapu Lele\n|turn|17\n|\n|t:|1648164763\n|switch|p1a: Slowking|Slowking, M|76\/100\n|move|p2a: Tapu Lele|Moonblast|p1a: Slowking\n|-damage|p1a: Slowking|45\/100\n|\n|upkeep\n|turn|18\n|\n|t:|1648164768\n|move|p2a: Tapu Lele|Moonblast|p1a: Slowking\n|-damage|p1a: Slowking|16\/100\n|move|p1a: Slowking|Slack Off|p1a: Slowking\n|-heal|p1a: Slowking|66\/100\n|\n|upkeep\n|turn|19\n|\n|t:|1648164774\n|switch|p2a: Alakazam|Alakazam-Mega, M|100\/100\n|-ability|p2a: Alakazam|Regenerator|[from] ability: Trace|[of] p1a: Slowking\n|move|p1a: Slowking|Scald|p2a: Alakazam\n|-damage|p2a: Alakazam|63\/100\n|\n|upkeep\n|turn|20\n|\n|t:|1648164779\n|move|p2a: Alakazam|Shadow Ball|p1a: Slowking\n|-supereffective|p1a: Slowking\n|-damage|p1a: Slowking|24\/100\n|move|p1a: Slowking|Slack Off|p1a: Slowking\n|-heal|p1a: Slowking|74\/100\n|\n|upkeep\n|turn|21\n|\n|t:|1648164786\n|switch|p2a: Victini|Victini|100\/100\n|move|p1a: Slowking|Slack Off|p1a: Slowking\n|-heal|p1a: Slowking|100\/100\n|\n|-fieldend|move: Psychic Terrain\n|upkeep\n|turn|22\n|\n|t:|1648164789\n|-zpower|p2a: Victini\n|move|p2a: Victini|Z-Celebrate|p2a: Victini|[anim]Celebrate\n|-boost|p2a: Victini|atk|1|[zeffect]\n|-boost|p2a: Victini|def|1|[zeffect]\n|-boost|p2a: Victini|spa|1|[zeffect]\n|-boost|p2a: Victini|spd|1|[zeffect]\n|-boost|p2a: Victini|spe|1|[zeffect]\n|-activate|p2a: Victini|move: Celebrate\n|move|p1a: Slowking|Scald|p2a: Victini\n|-supereffective|p2a: Victini\n|-damage|p2a: Victini|65\/100\n|\n|upkeep\n|turn|23\n|\n|t:|1648164798\n|move|p2a: Victini|Thunder Punch|p1a: Slowking\n|-supereffective|p1a: Slowking\n|-damage|p1a: Slowking|30\/100\n|move|p1a: Slowking|Scald|p2a: Victini\n|-supereffective|p2a: Victini\n|-damage|p2a: Victini|26\/100\n|\n|upkeep\n|turn|24\n|c|\u2606Eclipse77|Gg\n|c|\u2606Glavenus71601|gg\n|\n|t:|1648164811\n|move|p2a: Victini|Thunder Punch|p1a: Slowking\n|-supereffective|p1a: Slowking\n|-damage|p1a: Slowking|0 fnt\n|faint|p1a: Slowking\n|\n|upkeep\n|\n|t:|1648164813\n|switch|p1a: Greninja|Greninja, F, shiny|7\/100\n|-damage|p1a: Greninja|0 fnt|[from] Stealth Rock\n|faint|p1a: Greninja\n|\n|t:|1648164814\n|switch|p1a: Toxapex|Toxapex, M, shiny|50\/100\n|-damage|p1a: Toxapex|38\/100|[from] Stealth Rock\n|turn|25\n|\n|t:|1648164819\n|move|p2a: Victini|Thunder Punch|p1a: Toxapex\n|-supereffective|p1a: Toxapex\n|-damage|p1a: Toxapex|1\/100\n|move|p1a: Toxapex|Knock Off|p2a: Victini\n|-supereffective|p2a: Victini\n|-damage|p2a: Victini|13\/100\n|\n|-heal|p1a: Toxapex|7\/100|[from] item: Black Sludge\n|upkeep\n|turn|26\n|\n|t:|1648164826\n|move|p2a: Victini|Thunder Punch|p1a: Toxapex\n|-supereffective|p1a: Toxapex\n|-damage|p1a: Toxapex|0 fnt\n|faint|p1a: Toxapex\n|\n|win|Glavenus71601\n|n|\u2606Eclipse77|eclipse77\n|n|\u2606Glavenus71601|glavenus71601\n|n| just like hunny|justlikehunny\n","uploadtime":1648164827,"views":14,"p1id":"eclipse77","p2id":"glavenus71601","formatid":"gen8nationaldexmonotype","rating":0,"private":0,"password":null}