{"id":"gen8nationaldex-1669782343","p1":"Ferrothornail\u8349\u94a2\u7532","p2":"Pinapple321","format":"gen8nationaldex","log":"|j|\u2606Ferrothornail\u8349\u94a2\u7532\n|j|\u2606Pinapple321\n|t:|1664091293\n|gametype|singles\n|player|p1|Ferrothornail\u8349\u94a2\u7532|lillie|1504\n|player|p2|Pinapple321|marlon|1641\n|teamsize|p1|6\n|teamsize|p2|6\n|gen|8\n|tier|[Gen 8] National Dex\n|rated|\n|rule|HP Percentage Mod: HP is shown in percentages\n|rule|Endless Battle Clause: Forcing endless battles is banned\n|rule|OHKO Clause: OHKO moves are banned\n|rule|Evasion Moves Clause: Evasion moves are banned\n|rule|Species Clause: Limit one of each Pok\u00e9mon\n|rule|Dynamax Clause: You cannot dynamax\n|rule|Sleep Clause Mod: Limit one foe put to sleep\n|clearpoke\n|poke|p1|Hatterene, F|\n|poke|p1|Cresselia, F|\n|poke|p1|Porygon2|\n|poke|p1|Aegislash, F|\n|poke|p1|Melmetal|\n|poke|p1|Camerupt, F|\n|poke|p2|Manaphy|\n|poke|p2|Garchomp, M|\n|poke|p2|Heatran, F|\n|poke|p2|Zapdos|\n|poke|p2|Weavile, M|\n|poke|p2|Greninja, M|\n|teampreview\n|\n|t:|1664091312\n|start\n|switch|p1a: Hatterene|Hatterene, F|100\/100\n|switch|p2a: Greninja|Greninja, M|100\/100\n|turn|1\n|\n|t:|1664091316\n|move|p2a: Greninja|Gunk Shot|p1a: Hatterene\n|-start|p2a: Greninja|typechange|Poison|[from] ability: Protean\n|-supereffective|p1a: Hatterene\n|-enditem|p1a: Hatterene|Focus Sash\n|-damage|p1a: Hatterene|1\/100\n|move|p1a: Hatterene|Trick Room|p1a: Hatterene\n|-fieldstart|move: Trick Room|[of] p1a: Hatterene\n|\n|upkeep\n|turn|2\n|\n|t:|1664091323\n|switch|p2a: Heatran|Heatran, F|100\/100\n|move|p1a: Hatterene|Healing Wish|p1a: Hatterene\n|faint|p1a: Hatterene\n|\n|upkeep\n|\n|t:|1664091331\n|switch|p1a: Camerupt|Camerupt, F|100\/100\n|turn|3\n|\n|t:|1664091336\n|switch|p2a: Manaphy|Manaphy|100\/100\n|detailschange|p1a: Camerupt|Camerupt-Mega, F\n|-mega|p1a: Camerupt|Camerupt|Cameruptite\n|move|p1a: Camerupt|Substitute|p1a: Camerupt\n|-start|p1a: Camerupt|Substitute\n|-damage|p1a: Camerupt|76\/100\n|\n|upkeep\n|turn|4\n|\n|t:|1664091338\n|move|p1a: Camerupt|Earth Power|p2a: Manaphy\n|-damage|p2a: Manaphy|42\/100\n|move|p2a: Manaphy|Scald|p1a: Camerupt\n|-supereffective|p1a: Camerupt\n|-end|p1a: Camerupt|Substitute\n|\n|-heal|p2a: Manaphy|48\/100|[from] item: Leftovers\n|upkeep\n|turn|5\n|\n|t:|1664091341\n|move|p1a: Camerupt|Earth Power|p2a: Manaphy\n|-damage|p2a: Manaphy|0 fnt\n|faint|p2a: Manaphy\n|\n|-fieldend|move: Trick Room\n|upkeep\n|\n|t:|1664091347\n|switch|p2a: Garchomp|Garchomp, M|100\/100\n|turn|6\n|\n|t:|1664091352\n|switch|p1a: Cresselia|Cresselia, F|100\/100\n|detailschange|p2a: Garchomp|Garchomp-Mega, M\n|-mega|p2a: Garchomp|Garchomp|Garchompite\n|move|p2a: Garchomp|Swords Dance|p2a: Garchomp\n|-boost|p2a: Garchomp|atk|2\n|\n|upkeep\n|turn|7\n|\n|t:|1664091355\n|move|p2a: Garchomp|Scale Shot|p1a: Cresselia\n|-damage|p1a: Cresselia|85\/100\n|-damage|p1a: Cresselia|70\/100\n|-damage|p1a: Cresselia|55\/100\n|-hitcount|p1a: Cresselia|3\n|-unboost|p2a: Garchomp|def|1\n|-boost|p2a: Garchomp|spe|1\n|move|p1a: Cresselia|Trick Room|p1a: Cresselia\n|-fieldstart|move: Trick Room|[of] p1a: Cresselia\n|\n|upkeep\n|turn|8\n|\n|t:|1664091364\n|switch|p2a: Weavile|Weavile, M|100\/100\n|-ability|p2a: Weavile|Pressure\n|move|p1a: Cresselia|Ice Beam|p2a: Weavile\n|-resisted|p2a: Weavile\n|-damage|p2a: Weavile|90\/100\n|\n|upkeep\n|turn|9\n|\n|t:|1664091366\n|-activate|p1a: Cresselia|move: Pursuit\n|move|p2a: Weavile|Pursuit|p1a: Cresselia|[from]Pursuit\n|-supereffective|p1a: Cresselia\n|-damage|p1a: Cresselia|1\/100\n|switch|p1a: Melmetal|Melmetal|100\/100\n|\n|upkeep\n|turn|10\n|\n|t:|1664091376\n|switch|p2a: Zapdos|Zapdos|100\/100\n|move|p1a: Melmetal|Superpower|p2a: Zapdos\n|-resisted|p2a: Zapdos\n|-damage|p2a: Zapdos|72\/100\n|-unboost|p1a: Melmetal|atk|1\n|-unboost|p1a: Melmetal|def|1\n|\n|upkeep\n|turn|11\n|\n|t:|1664091380\n|switch|p1a: Cresselia|Cresselia, F|1\/100\n|-heal|p1a: Cresselia|100\/100|[from] move: Healing Wish\n|move|p2a: Zapdos|Volt Switch|p1a: Cresselia\n|-damage|p1a: Cresselia|84\/100\n|\n|t:|1664091391\n|switch|p2a: Weavile|Weavile, M|90\/100|[from]move: Volt Switch\n|-ability|p2a: Weavile|Pressure\n|\n|-fieldend|move: Trick Room\n|upkeep\n|turn|12\n|\n|t:|1664091399\n|move|p2a: Weavile|Knock Off|p1a: Cresselia\n|-supereffective|p1a: Cresselia\n|-damage|p1a: Cresselia|11\/100\n|-enditem|p1a: Cresselia|Mental Herb|[from] move: Knock Off|[of] p2a: Weavile\n|move|p1a: Cresselia|Trick Room|p1a: Cresselia\n|-fieldstart|move: Trick Room|[of] p1a: Cresselia\n|\n|upkeep\n|turn|13\n|\n|t:|1664091405\n|switch|p2a: Heatran|Heatran, F|100\/100\n|move|p1a: Cresselia|Lunar Dance|p1a: Cresselia\n|faint|p1a: Cresselia\n|\n|upkeep\n|\n|t:|1664091409\n|switch|p1a: Camerupt|Camerupt-Mega, F|76\/100\n|-heal|p1a: Camerupt|100\/100|[from] move: Lunar Dance\n|turn|14\n|\n|t:|1664091413\n|switch|p2a: Zapdos|Zapdos|72\/100\n|move|p1a: Camerupt|Substitute|p1a: Camerupt\n|-start|p1a: Camerupt|Substitute\n|-damage|p1a: Camerupt|76\/100\n|\n|upkeep\n|turn|15\n|\n|t:|1664091419\n|switch|p2a: Garchomp|Garchomp-Mega, M|100\/100\n|move|p1a: Camerupt|Fire Blast|p2a: Garchomp\n|-resisted|p2a: Garchomp\n|-damage|p2a: Garchomp|60\/100\n|\n|upkeep\n|turn|16\n|\n|t:|1664091423\n|switch|p2a: Zapdos|Zapdos|72\/100\n|move|p1a: Camerupt|Earth Power|p2a: Zapdos\n|-immune|p2a: Zapdos\n|\n|-fieldend|move: Trick Room\n|upkeep\n|turn|17\n|\n|t:|1664091425\n|move|p2a: Zapdos|Hurricane|p1a: Camerupt\n|-end|p1a: Camerupt|Substitute\n|move|p1a: Camerupt|Fire Blast|p2a: Zapdos\n|-crit|p2a: Zapdos\n|-damage|p2a: Zapdos|0 fnt\n|faint|p2a: Zapdos\n|\n|upkeep\n|\n|t:|1664091431\n|switch|p2a: Garchomp|Garchomp-Mega, M|60\/100\n|turn|18\n|\n|t:|1664091438\n|switch|p1a: Aegislash|Aegislash, F|100\/100\n|move|p2a: Garchomp|Earthquake|p1a: Aegislash\n|-supereffective|p1a: Aegislash\n|-damage|p1a: Aegislash|6\/100\n|\n|upkeep\n|turn|19\n|\n|t:|1664091455\n|move|p2a: Garchomp|Earthquake|p1a: Aegislash\n|-supereffective|p1a: Aegislash\n|-damage|p1a: Aegislash|0 fnt\n|faint|p1a: Aegislash\n|\n|upkeep\n|\n|t:|1664091464\n|switch|p1a: Porygon2|Porygon2|100\/100\n|-ability|p1a: Porygon2|Download|boost\n|-boost|p1a: Porygon2|spa|1\n|turn|20\n|\n|t:|1664091467\n|move|p2a: Garchomp|Earthquake|p1a: Porygon2\n|-damage|p1a: Porygon2|57\/100\n|move|p1a: Porygon2|Trick Room|p1a: Porygon2\n|-fieldstart|move: Trick Room|[of] p1a: Porygon2\n|\n|upkeep\n|turn|21\n|\n|t:|1664091474\n|switch|p1a: Melmetal|Melmetal|100\/100\n|switch|p2a: Heatran|Heatran, F|100\/100\n|\n|upkeep\n|turn|22\n|\n|t:|1664091479\n|move|p1a: Melmetal|Earthquake|p2a: Heatran\n|-supereffective|p2a: Heatran\n|-damage|p2a: Heatran|0 fnt\n|faint|p2a: Heatran\n|\n|upkeep\n|\n|t:|1664091483\n|switch|p2a: Greninja|Greninja, M|100\/100\n|turn|23\n|\n|t:|1664091486\n|move|p1a: Melmetal|Earthquake|p2a: Greninja\n|-damage|p2a: Greninja|0 fnt\n|faint|p2a: Greninja\n|\n|upkeep\n|\n|t:|1664091491\n|switch|p2a: Weavile|Weavile, M|90\/100\n|-ability|p2a: Weavile|Pressure\n|turn|24\n|\n|t:|1664091493\n|move|p1a: Melmetal|Earthquake|p2a: Weavile\n|-damage|p2a: Weavile|0 fnt\n|faint|p2a: Weavile\n|\n|-fieldend|move: Trick Room\n|upkeep\n|\n|t:|1664091495\n|switch|p2a: Garchomp|Garchomp-Mega, M|60\/100\n|turn|25\n|\n|t:|1664091496\n|move|p2a: Garchomp|Earthquake|p1a: Melmetal\n|-supereffective|p1a: Melmetal\n|-damage|p1a: Melmetal|30\/100\n|move|p1a: Melmetal|Earthquake|p2a: Garchomp\n|-damage|p2a: Garchomp|8\/100\n|\n|upkeep\n|turn|26\n|\n|t:|1664091499\n|move|p2a: Garchomp|Earthquake|p1a: Melmetal\n|-supereffective|p1a: Melmetal\n|-damage|p1a: Melmetal|0 fnt\n|faint|p1a: Melmetal\n|\n|upkeep\n|\n|t:|1664091500\n|switch|p1a: Porygon2|Porygon2|57\/100\n|-ability|p1a: Porygon2|Download|boost\n|-boost|p1a: Porygon2|spa|1\n|turn|27\n|inactive|Battle timer is ON: inactive players will automatically lose when time's up. (requested by Ferrothornail\u8349\u94a2\u7532)\n|c|\u2606Ferrothornail\u8349\u94a2\u7532|\u300b\n|inactive|Pinapple321 has 120 seconds left.\n|\n|t:|1664091555\n|move|p2a: Garchomp|Scale Shot|p1a: Porygon2\n|-damage|p1a: Porygon2|46\/100\n|-damage|p1a: Porygon2|36\/100\n|-hitcount|p1a: Porygon2|2\n|-unboost|p2a: Garchomp|def|1\n|-boost|p2a: Garchomp|spe|1\n|move|p1a: Porygon2|Tri Attack|p2a: Garchomp\n|-damage|p2a: Garchomp|0 fnt\n|faint|p2a: Garchomp\n|\n|win|Ferrothornail\u8349\u94a2\u7532\n|raw|Ferrothornail\u8349\u94a2\u7532's rating: 1504 &rarr; <strong>1532<\/strong><br \/>(+28 for winning)\n|raw|Pinapple321's rating: 1641 &rarr; <strong>1613<\/strong><br \/>(-28 for losing)\n|c|\u2606Pinapple321|Gg\n|l|\u2606Pinapple321\n","uploadtime":1664091558,"views":4,"p1id":"ferrothornail","p2id":"pinapple321","formatid":"gen8nationaldex","rating":1532,"private":0,"password":null}