{"id":"gen8ou-1658441920","p1":"minimax_ai","p2":"Scoots Mgee","format":"gen8ou","log":"|j|\u2606minimax_ai\n|j|\u2606Scoots Mgee\n|t:|1662568040\n|gametype|singles\n|player|p1|minimax_ai|lusamine-nihilego|1533\n|player|p2|Scoots Mgee|acetrainerf|1592\n|teamsize|p1|6\n|teamsize|p2|6\n|gen|8\n|tier|[Gen 8] OU\n|rated|\n|rule|Sleep Clause Mod: Limit one foe put to sleep\n|rule|Species Clause: Limit one of each Pok\u00e9mon\n|rule|OHKO Clause: OHKO moves are banned\n|rule|Evasion Items Clause: Evasion items are banned\n|rule|Evasion Moves Clause: Evasion moves are banned\n|rule|Endless Battle Clause: Forcing endless battles is banned\n|rule|HP Percentage Mod: HP is shown in percentages\n|rule|Dynamax Clause: You cannot dynamax\n|clearpoke\n|poke|p1|Rotom-Wash|\n|poke|p1|Weavile, F|\n|poke|p1|Landorus-Therian, M|\n|poke|p1|Heatran, M|\n|poke|p1|Tangrowth, F|\n|poke|p1|Melmetal|\n|poke|p2|Gastrodon, F|\n|poke|p2|Ferrothorn, F|\n|poke|p2|Urshifu-*, M|\n|poke|p2|Hippowdon, F|\n|poke|p2|Heatran, M|\n|poke|p2|Zapdos|\n|teampreview\n|inactive|Battle timer is ON: inactive players will automatically lose when time's up. (requested by Scoots Mgee)\n|c|\u2606minimax_ai|hf\n|inactive|minimax_ai also wants the timer to be on.\n|\n|t:|1662568046\n|start\n|switch|p1a: landorustherian|Landorus-Therian, M|100\/100\n|switch|p2a: Urshifu|Urshifu-Rapid-Strike, M|100\/100\n|-ability|p1a: landorustherian|Intimidate|boost\n|-unboost|p2a: Urshifu|atk|1\n|turn|1\n|\n|t:|1662568049\n|switch|p1a: Tangrowth|Tangrowth, F|100\/100\n|move|p2a: Urshifu|U-turn|p1a: Tangrowth\n|-supereffective|p1a: Tangrowth\n|-damage|p1a: Tangrowth|83\/100\n|-damage|p2a: Urshifu|84\/100|[from] item: Rocky Helmet|[of] p1a: Tangrowth\n|\n|t:|1662568052\n|switch|p2a: Heatran|Heatran, M|100\/100|[from]move: U-turn\n|\n|upkeep\n|turn|2\n|\n|t:|1662568056\n|switch|p1a: Heatran|Heatran, M|100\/100\n|-item|p1a: Heatran|Air Balloon\n|move|p2a: Heatran|Eruption|p1a: Heatran\n|-start|p1a: Heatran|ability: Flash Fire\n|\n|upkeep\n|turn|3\n|\n|t:|1662568058\n|switch|p2a: Gastrodon|Gastrodon, F|100\/100\n|move|p1a: Heatran|Stealth Rock|p2a: Gastrodon\n|-sidestart|p2: Scoots Mgee|move: Stealth Rock\n|\n|upkeep\n|turn|4\n|\n|t:|1662568061\n|-end|p1a: Heatran|ability: Flash Fire|[silent]\n|switch|p1a: rotomwash|Rotom-Wash|100\/100\n|move|p2a: Gastrodon|Scald|p1a: rotomwash\n|-resisted|p1a: rotomwash\n|-damage|p1a: rotomwash|86\/100\n|\n|-heal|p1a: rotomwash|92\/100|[from] item: Leftovers\n|upkeep\n|turn|5\n|\n|t:|1662568063\n|move|p1a: rotomwash|Nasty Plot|p1a: rotomwash\n|-boost|p1a: rotomwash|spa|2\n|move|p2a: Gastrodon|Toxic|p1a: rotomwash\n|-status|p1a: rotomwash|tox\n|\n|-heal|p1a: rotomwash|99\/100 tox|[from] item: Leftovers\n|-damage|p1a: rotomwash|92\/100 tox|[from] psn\n|upkeep\n|turn|6\n|\n|t:|1662568067\n|move|p1a: rotomwash|Thunderbolt|p2a: Gastrodon\n|-immune|p2a: Gastrodon\n|move|p2a: Gastrodon|Scald|p1a: rotomwash\n|-resisted|p1a: rotomwash\n|-damage|p1a: rotomwash|79\/100 tox\n|\n|-heal|p1a: rotomwash|85\/100 tox|[from] item: Leftovers\n|-damage|p1a: rotomwash|73\/100 tox|[from] psn\n|upkeep\n|turn|7\n|\n|t:|1662568071\n|move|p1a: rotomwash|Thunderbolt|p2a: Gastrodon\n|-immune|p2a: Gastrodon\n|move|p2a: Gastrodon|Scald|p1a: rotomwash\n|-resisted|p1a: rotomwash\n|-damage|p1a: rotomwash|58\/100 tox\n|\n|-heal|p1a: rotomwash|64\/100 tox|[from] item: Leftovers\n|-damage|p1a: rotomwash|46\/100 tox|[from] psn\n|upkeep\n|turn|8\n|\n|t:|1662568072\n|move|p1a: rotomwash|Hydro Pump|p2a: Gastrodon\n|-ability|p2a: Gastrodon|Storm Drain|boost\n|-boost|p2a: Gastrodon|spa|1\n|move|p2a: Gastrodon|Scald|p1a: rotomwash\n|-resisted|p1a: rotomwash\n|-damage|p1a: rotomwash|25\/100 tox\n|\n|-heal|p1a: rotomwash|31\/100 tox|[from] item: Leftovers\n|-damage|p1a: rotomwash|6\/100 tox|[from] psn\n|upkeep\n|turn|9\n|\n|t:|1662568076\n|move|p1a: rotomwash|Pain Split|p2a: Gastrodon\n|-sethp|p2a: Gastrodon|53\/100|[from] move: Pain Split|[silent]\n|-sethp|p1a: rotomwash|74\/100 tox|[from] move: Pain Split\n|move|p2a: Gastrodon|Scald|p1a: rotomwash\n|-resisted|p1a: rotomwash\n|-damage|p1a: rotomwash|53\/100 tox\n|\n|-heal|p1a: rotomwash|60\/100 tox|[from] item: Leftovers\n|-damage|p1a: rotomwash|28\/100 tox|[from] psn\n|upkeep\n|turn|10\n|\n|t:|1662568079\n|move|p1a: rotomwash|Pain Split|p2a: Gastrodon\n|-sethp|p2a: Gastrodon|36\/100|[from] move: Pain Split|[silent]\n|-sethp|p1a: rotomwash|51\/100 tox|[from] move: Pain Split\n|move|p2a: Gastrodon|Recover|p2a: Gastrodon\n|-heal|p2a: Gastrodon|86\/100\n|\n|-heal|p1a: rotomwash|57\/100 tox|[from] item: Leftovers\n|-damage|p1a: rotomwash|20\/100 tox|[from] psn\n|upkeep\n|turn|11\n|\n|t:|1662568080\n|move|p1a: rotomwash|Pain Split|p2a: Gastrodon\n|-sethp|p2a: Gastrodon|50\/100|[from] move: Pain Split|[silent]\n|-sethp|p1a: rotomwash|70\/100 tox|[from] move: Pain Split\n|move|p2a: Gastrodon|Recover|p2a: Gastrodon\n|-heal|p2a: Gastrodon|99\/100\n|\n|-heal|p1a: rotomwash|76\/100 tox|[from] item: Leftovers\n|-damage|p1a: rotomwash|33\/100 tox|[from] psn\n|upkeep\n|turn|12\n|\n|t:|1662568082\n|move|p1a: rotomwash|Pain Split|p2a: Gastrodon\n|-sethp|p2a: Gastrodon|62\/100|[from] move: Pain Split|[silent]\n|-sethp|p1a: rotomwash|86\/100 tox|[from] move: Pain Split\n|move|p2a: Gastrodon|Recover|p2a: Gastrodon\n|-heal|p2a: Gastrodon|100\/100\n|\n|-heal|p1a: rotomwash|93\/100 tox|[from] item: Leftovers\n|-damage|p1a: rotomwash|43\/100 tox|[from] psn\n|upkeep\n|turn|13\n|\n|t:|1662568085\n|move|p1a: rotomwash|Pain Split|p2a: Gastrodon\n|-sethp|p2a: Gastrodon|66\/100|[from] move: Pain Split|[silent]\n|-sethp|p1a: rotomwash|92\/100 tox|[from] move: Pain Split\n|move|p2a: Gastrodon|Scald|p1a: rotomwash\n|-resisted|p1a: rotomwash\n|-damage|p1a: rotomwash|71\/100 tox\n|\n|-heal|p1a: rotomwash|77\/100 tox|[from] item: Leftovers\n|-damage|p1a: rotomwash|21\/100 tox|[from] psn\n|upkeep\n|turn|14\n|\n|t:|1662568086\n|move|p1a: rotomwash|Pain Split|p2a: Gastrodon\n|-sethp|p2a: Gastrodon|40\/100|[from] move: Pain Split|[silent]\n|-sethp|p1a: rotomwash|56\/100 tox|[from] move: Pain Split\n|move|p2a: Gastrodon|Recover|p2a: Gastrodon\n|-heal|p2a: Gastrodon|90\/100\n|\n|-heal|p1a: rotomwash|62\/100 tox|[from] item: Leftovers\n|-damage|p1a: rotomwash|0 fnt|[from] psn\n|faint|p1a: rotomwash\n|upkeep\n|\n|t:|1662568086\n|switch|p1a: Tangrowth|Tangrowth, F|100\/100\n|turn|15\n|\n|t:|1662568093\n|switch|p2a: Zapdos|Zapdos|100\/100\n|move|p1a: Tangrowth|Sleep Powder|p2a: Zapdos|[miss]\n|-miss|p1a: Tangrowth|p2a: Zapdos\n|\n|upkeep\n|turn|16\n|\n|t:|1662568098\n|switch|p1a: landorustherian|Landorus-Therian, M|100\/100\n|-ability|p1a: landorustherian|Intimidate|boost\n|-unboost|p2a: Zapdos|atk|1\n|move|p2a: Zapdos|U-turn|p1a: landorustherian\n|-resisted|p1a: landorustherian\n|-damage|p1a: landorustherian|97\/100\n|\n|t:|1662568107\n|switch|p2a: Urshifu|Urshifu-Rapid-Strike, M|84\/100|[from]move: U-turn\n|-damage|p2a: Urshifu|78\/100|[from] Stealth Rock\n|\n|-heal|p1a: landorustherian|100\/100|[from] item: Leftovers\n|upkeep\n|turn|17\n|\n|t:|1662568108\n|switch|p1a: Tangrowth|Tangrowth, F|100\/100\n|move|p2a: Urshifu|Ice Punch|p1a: Tangrowth\n|-supereffective|p1a: Tangrowth\n|-damage|p1a: Tangrowth|73\/100\n|-damage|p2a: Urshifu|61\/100|[from] item: Rocky Helmet|[of] p1a: Tangrowth\n|\n|upkeep\n|turn|18\n|\n|t:|1662568111\n|switch|p2a: Ferrothorn|Ferrothorn, F|100\/100\n|-damage|p2a: Ferrothorn|95\/100|[from] Stealth Rock\n|move|p1a: Tangrowth|Focus Blast|p2a: Ferrothorn\n|-supereffective|p2a: Ferrothorn\n|-damage|p2a: Ferrothorn|44\/100\n|\n|upkeep\n|turn|19\n|\n|t:|1662568115\n|move|p2a: Ferrothorn|Protect|p2a: Ferrothorn\n|-singleturn|p2a: Ferrothorn|Protect\n|move|p1a: Tangrowth|Focus Blast|p2a: Ferrothorn\n|-activate|p2a: Ferrothorn|move: Protect\n|\n|upkeep\n|turn|20\n|\n|t:|1662568117\n|switch|p2a: Zapdos|Zapdos|100\/100\n|move|p1a: Tangrowth|Focus Blast|p2a: Zapdos\n|-resisted|p2a: Zapdos\n|-damage|p2a: Zapdos|87\/100\n|\n|upkeep\n|turn|21\n|\n|t:|1662568119\n|switch|p1a: landorustherian|Landorus-Therian, M|100\/100\n|-ability|p1a: landorustherian|Intimidate|boost\n|-unboost|p2a: Zapdos|atk|1\n|move|p2a: Zapdos|U-turn|p1a: landorustherian\n|-resisted|p1a: landorustherian\n|-damage|p1a: landorustherian|96\/100\n|\n|t:|1662568124\n|switch|p2a: Urshifu|Urshifu-Rapid-Strike, M|61\/100|[from]move: U-turn\n|-damage|p2a: Urshifu|55\/100|[from] Stealth Rock\n|\n|-heal|p1a: landorustherian|100\/100|[from] item: Leftovers\n|upkeep\n|turn|22\n|\n|t:|1662568126\n|switch|p1a: Tangrowth|Tangrowth, F|100\/100\n|move|p2a: Urshifu|U-turn|p1a: Tangrowth\n|-supereffective|p1a: Tangrowth\n|-damage|p1a: Tangrowth|74\/100\n|-damage|p2a: Urshifu|39\/100|[from] item: Rocky Helmet|[of] p1a: Tangrowth\n|\n|t:|1662568129\n|switch|p2a: Heatran|Heatran, M|100\/100|[from]move: U-turn\n|-damage|p2a: Heatran|88\/100|[from] Stealth Rock\n|\n|upkeep\n|turn|23\n|\n|t:|1662568130\n|switch|p1a: Heatran|Heatran, M|100\/100\n|-item|p1a: Heatran|Air Balloon\n|move|p2a: Heatran|Flamethrower|p1a: Heatran\n|-start|p1a: Heatran|ability: Flash Fire\n|\n|upkeep\n|turn|24\n|\n|t:|1662568132\n|switch|p2a: Gastrodon|Gastrodon, F|90\/100\n|move|p1a: Heatran|Magma Storm|p2a: Gastrodon\n|-resisted|p2a: Gastrodon\n|-damage|p2a: Gastrodon|62\/100\n|-activate|p2a: Gastrodon|move: Magma Storm|[of] p1a: Heatran\n|\n|-damage|p2a: Gastrodon|50\/100|[from] move: Magma Storm|[partiallytrapped]\n|upkeep\n|turn|25\n|\n|t:|1662568138\n|-end|p1a: Heatran|ability: Flash Fire|[silent]\n|switch|p1a: Weavile|Weavile, F|100\/100\n|-ability|p1a: Weavile|Pressure\n|move|p2a: Gastrodon|Scald|p1a: Weavile\n|-damage|p1a: Weavile|64\/100\n|-status|p1a: Weavile|brn\n|\n|-damage|p1a: Weavile|58\/100 brn|[from] brn\n|-end|p2a: Gastrodon|Magma Storm|[partiallytrapped]|[silent]\n|upkeep\n|turn|26\n|\n|t:|1662568141\n|move|p1a: Weavile|Knock Off|p2a: Gastrodon\n|-damage|p2a: Gastrodon|11\/100\n|-enditem|p2a: Gastrodon|Heavy-Duty Boots|[from] move: Knock Off|[of] p1a: Weavile\n|move|p2a: Gastrodon|Recover|p2a: Gastrodon\n|-heal|p2a: Gastrodon|61\/100\n|\n|-damage|p1a: Weavile|52\/100 brn|[from] brn\n|upkeep\n|turn|27\n|\n|t:|1662568145\n|switch|p1a: Tangrowth|Tangrowth, F|100\/100\n|move|p2a: Gastrodon|Recover|p2a: Gastrodon\n|-heal|p2a: Gastrodon|100\/100\n|\n|upkeep\n|turn|28\n|\n|t:|1662568147\n|move|p1a: Tangrowth|Giga Drain|p2a: Gastrodon\n|-supereffective|p2a: Gastrodon\n|-damage|p2a: Gastrodon|32\/100\n|move|p2a: Gastrodon|Toxic|p1a: Tangrowth\n|-status|p1a: Tangrowth|tox\n|\n|-damage|p1a: Tangrowth|94\/100 tox|[from] psn\n|upkeep\n|turn|29\n|\n|t:|1662568151\n|switch|p2a: Ferrothorn|Ferrothorn, F|44\/100\n|-damage|p2a: Ferrothorn|38\/100|[from] Stealth Rock\n|move|p1a: Tangrowth|Giga Drain|p2a: Ferrothorn\n|-resisted|p2a: Ferrothorn\n|-damage|p2a: Ferrothorn|33\/100\n|-heal|p1a: Tangrowth|97\/100 tox|[from] drain|[of] p2a: Ferrothorn\n|\n|-damage|p1a: Tangrowth|84\/100 tox|[from] psn\n|upkeep\n|turn|30\n|\n|t:|1662568154\n|move|p2a: Ferrothorn|Protect|p2a: Ferrothorn\n|-singleturn|p2a: Ferrothorn|Protect\n|move|p1a: Tangrowth|Focus Blast|p2a: Ferrothorn\n|-activate|p2a: Ferrothorn|move: Protect\n|\n|-damage|p1a: Tangrowth|66\/100 tox|[from] psn\n|upkeep\n|turn|31\n|\n|t:|1662568157\n|switch|p2a: Zapdos|Zapdos|87\/100\n|move|p1a: Tangrowth|Focus Blast|p2a: Zapdos\n|-resisted|p2a: Zapdos\n|-damage|p2a: Zapdos|74\/100\n|\n|-damage|p1a: Tangrowth|41\/100 tox|[from] psn\n|upkeep\n|turn|32\n|\n|t:|1662568160\n|switch|p1a: landorustherian|Landorus-Therian, M|100\/100\n|-ability|p1a: landorustherian|Intimidate|boost\n|-unboost|p2a: Zapdos|atk|1\n|move|p2a: Zapdos|U-turn|p1a: landorustherian\n|-resisted|p1a: landorustherian\n|-damage|p1a: landorustherian|96\/100\n|\n|t:|1662568161\n|switch|p2a: Urshifu|Urshifu-Rapid-Strike, M|39\/100|[from]move: U-turn\n|-damage|p2a: Urshifu|33\/100|[from] Stealth Rock\n|\n|-heal|p1a: landorustherian|100\/100|[from] item: Leftovers\n|upkeep\n|turn|33\n|\n|t:|1662568166\n|switch|p2a: Heatran|Heatran, M|88\/100\n|-damage|p2a: Heatran|76\/100|[from] Stealth Rock\n|switch|p1a: Tangrowth|Tangrowth, F|74\/100 tox\n|\n|-damage|p1a: Tangrowth|68\/100 tox|[from] psn\n|upkeep\n|turn|34\n|\n|t:|1662568168\n|switch|p1a: Heatran|Heatran, M|100\/100\n|-item|p1a: Heatran|Air Balloon\n|move|p2a: Heatran|Flash Cannon|p1a: Heatran\n|-resisted|p1a: Heatran\n|-damage|p1a: Heatran|83\/100\n|-enditem|p1a: Heatran|Air Balloon\n|\n|upkeep\n|turn|35\n|\n|t:|1662568172\n|switch|p2a: Hippowdon|Hippowdon, F|100\/100\n|-damage|p2a: Hippowdon|94\/100|[from] Stealth Rock\n|-weather|Sandstorm|[from] ability: Sand Stream|[of] p2a: Hippowdon\n|move|p1a: Heatran|Earth Power|p2a: Hippowdon\n|-damage|p2a: Hippowdon|72\/100\n|\n|-weather|Sandstorm|[upkeep]\n|-heal|p2a: Hippowdon|78\/100|[from] item: Leftovers\n|upkeep\n|turn|36\n|\n|t:|1662568176\n|switch|p1a: landorustherian|Landorus-Therian, M|100\/100\n|-ability|p1a: landorustherian|Intimidate|boost\n|-unboost|p2a: Hippowdon|atk|1\n|move|p2a: Hippowdon|Stealth Rock|p1a: landorustherian\n|-sidestart|p1: minimax_ai|move: Stealth Rock\n|\n|-weather|Sandstorm|[upkeep]\n|-heal|p2a: Hippowdon|84\/100|[from] item: Leftovers\n|upkeep\n|turn|37\n|\n|t:|1662568177\n|move|p1a: landorustherian|Earthquake|p2a: Hippowdon\n|-damage|p2a: Hippowdon|48\/100\n|move|p2a: Hippowdon|Toxic|p1a: landorustherian\n|-status|p1a: landorustherian|tox\n|\n|-weather|Sandstorm|[upkeep]\n|-heal|p2a: Hippowdon|54\/100|[from] item: Leftovers\n|-damage|p1a: landorustherian|94\/100 tox|[from] psn\n|upkeep\n|turn|38\n|\n|t:|1662568179\n|move|p1a: landorustherian|Toxic|p2a: Hippowdon\n|-status|p2a: Hippowdon|tox\n|move|p2a: Hippowdon|Slack Off|p2a: Hippowdon\n|-heal|p2a: Hippowdon|100\/100 tox\n|\n|-weather|Sandstorm|[upkeep]\n|-heal|p1a: landorustherian|100\/100 tox|[from] item: Leftovers\n|-damage|p1a: landorustherian|88\/100 tox|[from] psn\n|-damage|p2a: Hippowdon|94\/100 tox|[from] psn\n|upkeep\n|turn|39\n|\n|t:|1662568183\n|move|p1a: landorustherian|Earthquake|p2a: Hippowdon\n|-damage|p2a: Hippowdon|61\/100 tox\n|move|p2a: Hippowdon|Slack Off|p2a: Hippowdon\n|-heal|p2a: Hippowdon|100\/100 tox\n|\n|-weather|none\n|-heal|p1a: landorustherian|94\/100 tox|[from] item: Leftovers\n|-damage|p1a: landorustherian|76\/100 tox|[from] psn\n|-damage|p2a: Hippowdon|88\/100 tox|[from] psn\n|upkeep\n|turn|40\n|\n|t:|1662568185\n|move|p1a: landorustherian|U-turn|p2a: Hippowdon\n|-damage|p2a: Hippowdon|74\/100 tox\n|\n|t:|1662568186\n|switch|p1a: Melmetal|Melmetal|100\/100|[from]move: U-turn\n|-damage|p1a: Melmetal|94\/100|[from] Stealth Rock\n|move|p2a: Hippowdon|Earthquake|p1a: Melmetal\n|-supereffective|p1a: Melmetal\n|-damage|p1a: Melmetal|66\/100\n|\n|-heal|p2a: Hippowdon|80\/100 tox|[from] item: Leftovers\n|-damage|p2a: Hippowdon|61\/100 tox|[from] psn\n|upkeep\n|turn|41\n|\n|t:|1662568189\n|switch|p2a: Ferrothorn|Ferrothorn, F|33\/100\n|-damage|p2a: Ferrothorn|27\/100|[from] Stealth Rock\n|move|p1a: Melmetal|Earthquake|p2a: Ferrothorn\n|-damage|p2a: Ferrothorn|6\/100\n|\n|upkeep\n|turn|42\n|\n|t:|1662568192\n|move|p1a: Melmetal|Earthquake|p2a: Ferrothorn\n|-damage|p2a: Ferrothorn|0 fnt\n|faint|p2a: Ferrothorn\n|\n|upkeep\n|\n|t:|1662568194\n|switch|p2a: Heatran|Heatran, M|76\/100\n|-damage|p2a: Heatran|63\/100|[from] Stealth Rock\n|turn|43\n|\n|t:|1662568196\n|switch|p1a: Weavile|Weavile, F|52\/100 brn\n|-damage|p1a: Weavile|27\/100 brn|[from] Stealth Rock\n|-ability|p1a: Weavile|Pressure\n|move|p2a: Heatran|Earth Power|p1a: Weavile\n|-damage|p1a: Weavile|0 fnt\n|faint|p1a: Weavile\n|\n|upkeep\n|\n|t:|1662568196\n|switch|p1a: Tangrowth|Tangrowth, F|100\/100 tox\n|-damage|p1a: Tangrowth|88\/100 tox|[from] Stealth Rock\n|turn|44\n|\n|t:|1662568200\n|switch|p2a: Zapdos|Zapdos|74\/100\n|move|p1a: Tangrowth|Sleep Powder|p2a: Zapdos\n|-status|p2a: Zapdos|slp|[from] move: Sleep Powder\n|\n|-damage|p1a: Tangrowth|82\/100 tox|[from] psn\n|upkeep\n|turn|45\n|\n|t:|1662568203\n|switch|p1a: landorustherian|Landorus-Therian, M|76\/100 tox\n|-damage|p1a: landorustherian|64\/100 tox|[from] Stealth Rock\n|-ability|p1a: landorustherian|Intimidate|boost\n|-unboost|p2a: Zapdos|atk|1\n|cant|p2a: Zapdos|slp\n|\n|-heal|p1a: landorustherian|70\/100 tox|[from] item: Leftovers\n|-damage|p1a: landorustherian|64\/100 tox|[from] psn\n|upkeep\n|turn|46\n|\n|t:|1662568206\n|-curestatus|p2a: Zapdos|slp|[msg]\n|move|p2a: Zapdos|Defog|p1a: landorustherian\n|-unboost|p1a: landorustherian|evasion|1\n|-sideend|p1: minimax_ai|Stealth Rock|[from] move: Defog|[of] p2a: Zapdos\n|-sideend|p2: Scoots Mgee|Stealth Rock|[from] move: Defog|[of] p2a: Zapdos\n|move|p1a: landorustherian|U-turn|p2a: Zapdos\n|-resisted|p2a: Zapdos\n|-damage|p2a: Zapdos|65\/100\n|\n|t:|1662568206\n|switch|p1a: Heatran|Heatran, M|83\/100|[from]move: U-turn\n|\n|upkeep\n|turn|47\n|\n|t:|1662568209\n|move|p1a: Heatran|Eruption|p2a: Zapdos\n|-damage|p2a: Zapdos|6\/100\n|move|p2a: Zapdos|U-turn|p1a: Heatran\n|-resisted|p1a: Heatran\n|-damage|p1a: Heatran|81\/100\n|\n|t:|1662568212\n|switch|p2a: Heatran|Heatran, M|63\/100|[from]move: U-turn\n|\n|upkeep\n|turn|48\n|\n|t:|1662568213\n|move|p1a: Heatran|Earth Power|p2a: Heatran\n|-supereffective|p2a: Heatran\n|-damage|p2a: Heatran|0 fnt\n|faint|p2a: Heatran\n|\n|upkeep\n|-message|Scoots Mgee forfeited.\n|\n|win|minimax_ai\n|raw|minimax_ai's rating: 1533 &rarr; <strong>1556<\/strong><br \/>(+23 for winning)\n|raw|Scoots Mgee's rating: 1592 &rarr; <strong>1569<\/strong><br \/>(-23 for losing)\n|c|\u2606minimax_ai|gg\n|l|\u2606Scoots Mgee\n","uploadtime":1662568218,"views":2,"p1id":"minimaxai","p2id":"scootsmgee","formatid":"gen8ou","rating":1556,"private":0,"password":null}