{"id":"gen8randombattle-1105413506","p1":"A","p2":"277w","format":"gen8randombattle","log":"|j|\u2606A\n|j|\u2606277w\n|player|p1|A|clemont|1279\n|player|p2|277w|2|1323\n|teamsize|p1|6\n|teamsize|p2|6\n|gametype|singles\n|gen|8\n|tier|[Gen 8] Random Battle\n|rated|\n|rule|Species Clause: Limit one of each Pok\u00e9mon\n|rule|HP Percentage Mod: HP is shown in percentages\n|rule|Sleep Clause Mod: Limit one foe put to sleep\n|\n|start\n|switch|p1a: Blissey|Blissey, L80, F|539\/539\n|switch|p2a: Mimikyu|Mimikyu, L80, M|219\/219\n|turn|1\n|inactive|Battle timer is ON: inactive players will automatically lose when time's up. (requested by 277w)\n|\n|move|p2a: Mimikyu|Swords Dance|p2a: Mimikyu\n|-boost|p2a: Mimikyu|atk|2\n|move|p1a: Blissey|Toxic|p2a: Mimikyu\n|-status|p2a: Mimikyu|tox\n|\n|-damage|p2a: Mimikyu|206\/219 tox|[from] psn\n|upkeep\n|turn|2\n|\n|switch|p1a: Roserade|Roserade, L82, F|233\/233\n|move|p2a: Mimikyu|Play Rough|p1a: Roserade\n|-resisted|p1a: Roserade\n|-damage|p1a: Roserade|131\/233\n|\n|-heal|p2a: Mimikyu|219\/219 tox|[from] item: Leftovers\n|-heal|p1a: Roserade|145\/233|[from] item: Black Sludge\n|-damage|p2a: Mimikyu|193\/219 tox|[from] psn\n|upkeep\n|turn|3\n|\n|switch|p1a: Blissey|Blissey, L80, F|539\/539\n|move|p2a: Mimikyu|Play Rough|p1a: Blissey\n|-damage|p1a: Blissey|0 fnt\n|faint|p1a: Blissey\n|\n|-heal|p2a: Mimikyu|206\/219 tox|[from] item: Leftovers\n|-damage|p2a: Mimikyu|167\/219 tox|[from] psn\n|upkeep\n|\n|switch|p1a: Grimmsnarl|Grimmsnarl, L80, M|283\/283\n|turn|4\n|\n|move|p1a: Grimmsnarl|Reflect|p1a: Grimmsnarl\n|-sidestart|p1: A|Reflect\n|move|p2a: Mimikyu|Play Rough|p1a: Grimmsnarl\n|-supereffective|p1a: Grimmsnarl\n|-damage|p1a: Grimmsnarl|51\/283\n|\n|-heal|p2a: Mimikyu|180\/219 tox|[from] item: Leftovers\n|-damage|p2a: Mimikyu|128\/219 tox|[from] psn\n|upkeep\n|turn|5\n|\n|move|p1a: Grimmsnarl|Light Screen|p1a: Grimmsnarl\n|-sidestart|p1: A|move: Light Screen\n|move|p2a: Mimikyu|Play Rough|p1a: Grimmsnarl\n|-supereffective|p1a: Grimmsnarl\n|-damage|p1a: Grimmsnarl|0 fnt\n|faint|p1a: Grimmsnarl\n|\n|-heal|p2a: Mimikyu|141\/219 tox|[from] item: Leftovers\n|-damage|p2a: Mimikyu|76\/219 tox|[from] psn\n|upkeep\n|\n|switch|p1a: Roserade|Roserade, L82, F|145\/233\n|turn|6\n|\n|move|p2a: Mimikyu|Play Rough|p1a: Roserade\n|-resisted|p1a: Roserade\n|-damage|p1a: Roserade|94\/233\n|move|p1a: Roserade|Spikes|p2a: Mimikyu\n|-sidestart|p2: 277w|Spikes\n|\n|-heal|p2a: Mimikyu|89\/219 tox|[from] item: Leftovers\n|-heal|p1a: Roserade|108\/233|[from] item: Black Sludge\n|-damage|p2a: Mimikyu|11\/219 tox|[from] psn\n|upkeep\n|turn|7\n|\n|move|p2a: Mimikyu|Play Rough|p1a: Roserade\n|-resisted|p1a: Roserade\n|-damage|p1a: Roserade|60\/233\n|move|p1a: Roserade|Synthesis|p1a: Roserade\n|-heal|p1a: Roserade|176\/233\n|\n|-heal|p2a: Mimikyu|24\/219 tox|[from] item: Leftovers\n|-heal|p1a: Roserade|190\/233|[from] item: Black Sludge\n|-damage|p2a: Mimikyu|0 fnt|[from] psn\n|faint|p2a: Mimikyu\n|upkeep\n|\n|switch|p2a: Beheeyem|Beheeyem, L88, F|275\/275\n|-damage|p2a: Beheeyem|241\/275|[from] Spikes\n|turn|8\n|\n|move|p1a: Roserade|Sleep Powder|p2a: Beheeyem\n|-status|p2a: Beheeyem|slp|[from] move: Sleep Powder\n|cant|p2a: Beheeyem|slp\n|\n|-heal|p1a: Roserade|204\/233|[from] item: Black Sludge\n|upkeep\n|turn|9\n|\n|switch|p1a: Kyurem|Kyurem-Black, L72|299\/299\n|-ability|p1a: Kyurem|Teravolt\n|cant|p2a: Beheeyem|slp\n|\n|upkeep\n|turn|10\n|\n|move|p1a: Kyurem|Dragon Dance|p1a: Kyurem\n|-boost|p1a: Kyurem|atk|1\n|-boost|p1a: Kyurem|spe|1\n|-curestatus|p2a: Beheeyem|slp|[msg]\n|move|p2a: Beheeyem|Trick Room|p2a: Beheeyem\n|-fieldstart|move: Trick Room|[of] p2a: Beheeyem\n|\n|upkeep\n|turn|11\n|\n|move|p2a: Beheeyem|Psychic|p1a: Kyurem\n|-damage|p1a: Kyurem|209\/299\n|-damage|p2a: Beheeyem|214\/275|[from] item: Life Orb\n|move|p1a: Kyurem|Outrage|p2a: Beheeyem\n|-damage|p2a: Beheeyem|0 fnt\n|faint|p2a: Beheeyem\n|\n|-sideend|p1: A|Reflect\n|upkeep\n|\n|switch|p2a: Tapu Koko|Tapu Koko, L80|243\/243\n|-damage|p2a: Tapu Koko|213\/243|[from] Spikes\n|-fieldstart|move: Electric Terrain|[from] ability: Electric Surge|[of] p2a: Tapu Koko\n|turn|12\n|\n|move|p2a: Tapu Koko|Close Combat|p1a: Kyurem\n|-supereffective|p1a: Kyurem\n|-damage|p1a: Kyurem|0 fnt\n|-unboost|p2a: Tapu Koko|def|1\n|-unboost|p2a: Tapu Koko|spd|1\n|faint|p1a: Kyurem\n|\n|-sideend|p1: A|move: Light Screen\n|upkeep\n|\n|switch|p1a: Roserade|Roserade, L82, F|204\/233\n|turn|13\n|\n|-start|p2a: Tapu Koko|Dynamax\n|-heal|p2a: Tapu Koko|426\/486|[silent]\n|move|p1a: Roserade|Spikes|p2a: Tapu Koko\n|-sidestart|p2: 277w|Spikes\n|move|p2a: Tapu Koko|Max Airstream|p1a: Roserade\n|-supereffective|p1a: Roserade\n|-damage|p1a: Roserade|0 fnt\n|-boost|p2a: Tapu Koko|spe|1\n|faint|p1a: Roserade\n|\n|upkeep\n|\n|switch|p1a: Wobbuffet|Wobbuffet, L80, M|435\/435\n|turn|14\n|\n|move|p2a: Tapu Koko|Max Lightning|p1a: Wobbuffet\n|-damage|p1a: Wobbuffet|185\/435\n|-enditem|p1a: Wobbuffet|Sitrus Berry|[eat]\n|-heal|p1a: Wobbuffet|293\/435|[from] item: Sitrus Berry\n|move|p1a: Wobbuffet|Counter|p2a: Tapu Koko\n|-damage|p2a: Tapu Koko|0 fnt\n|faint|p2a: Tapu Koko\n|\n|-fieldend|move: Trick Room\n|upkeep\n|\n|switch|p2a: Escavalier|Escavalier, L84, F|255\/255\n|-damage|p2a: Escavalier|213\/255|[from] Spikes\n|turn|15\n|\n|move|p1a: Wobbuffet|Destiny Bond|p1a: Wobbuffet\n|-singlemove|p1a: Wobbuffet|Destiny Bond\n|move|p2a: Escavalier|Swords Dance|p2a: Escavalier\n|-boost|p2a: Escavalier|atk|2\n|\n|-heal|p2a: Escavalier|228\/255|[from] item: Leftovers\n|upkeep\n|turn|16\n|\n|move|p1a: Wobbuffet|Encore|p2a: Escavalier\n|-start|p2a: Escavalier|Encore\n|move|p2a: Escavalier|Swords Dance|p2a: Escavalier\n|-boost|p2a: Escavalier|atk|2\n|\n|-heal|p2a: Escavalier|243\/255|[from] item: Leftovers\n|-fieldend|move: Electric Terrain\n|upkeep\n|turn|17\n|\n|switch|p1a: Mr. Mime|Mr. Mime-Galar, L86, M|226\/226\n|move|p2a: Escavalier|Swords Dance|p2a: Escavalier\n|-boost|p2a: Escavalier|atk|2\n|\n|-heal|p2a: Escavalier|255\/255|[from] item: Leftovers\n|upkeep\n|turn|18\n|\n|switch|p1a: Wobbuffet|Wobbuffet, L80, M|293\/435\n|move|p2a: Escavalier|Swords Dance|p2a: Escavalier\n|-boost|p2a: Escavalier|atk|0\n|\n|-end|p2a: Escavalier|Encore\n|upkeep\n|turn|19\n|\n|move|p1a: Wobbuffet|Destiny Bond|p1a: Wobbuffet\n|-singlemove|p1a: Wobbuffet|Destiny Bond\n|move|p2a: Escavalier|Megahorn|p1a: Wobbuffet\n|-supereffective|p1a: Wobbuffet\n|-damage|p1a: Wobbuffet|0 fnt\n|faint|p1a: Wobbuffet\n|-activate|p1a: Wobbuffet|move: Destiny Bond\n|faint|p2a: Escavalier\n|\n|upkeep\n|\n|switch|p1a: Mr. Mime|Mr. Mime-Galar, L86, M|226\/226\n|switch|p2a: Gengar|Gengar, L80, F|227\/227\n|-damage|p2a: Gengar|190\/227|[from] Spikes\n|turn|20\n|\n|-start|p1a: Mr. Mime|Dynamax\n|-heal|p1a: Mr. Mime|452\/452|[silent]\n|move|p2a: Gengar|Shadow Ball|p1a: Mr. Mime\n|-supereffective|p1a: Mr. Mime\n|-damage|p1a: Mr. Mime|252\/452\n|move|p1a: Mr. Mime|Max Mindstorm|p2a: Gengar\n|-supereffective|p2a: Gengar\n|-damage|p2a: Gengar|0 fnt\n|-fieldstart|move: Psychic Terrain\n|faint|p2a: Gengar\n|\n|upkeep\n|\n|switch|p2a: Wailord|Wailord, L88, F|442\/442\n|-damage|p2a: Wailord|369\/442|[from] Spikes\n|turn|21\n|\n|move|p1a: Mr. Mime|Max Mindstorm|p2a: Wailord\n|-damage|p2a: Wailord|96\/442\n|move|p2a: Wailord|Hyper Voice|p1a: Mr. Mime\n|-damage|p1a: Mr. Mime|192\/452\n|\n|upkeep\n|turn|22\n|\n|move|p1a: Mr. Mime|Max Mindstorm|p2a: Wailord\n|-damage|p2a: Wailord|0 fnt\n|faint|p2a: Wailord\n|\n|win|A\n|raw|A's rating: 1279 &rarr; <strong>1306<\/strong><br \/>(+27 for winning)\n|raw|277w's rating: 1301 &rarr; <strong>1279<\/strong><br \/>(-22 for losing)\n|l|\u2606277w\n|l|\u2606A\n|j|\u2606A\n|player|p1|A|clemont\n","inputlog":">version 839c835752c0139e0785101cfc74f459d73e8bf4\n>start {\"formatid\":\"gen8randombattle\",\"seed\":[47094,50396,42350,38785],\"rated\":\"Rated battle\"}\n>player p1 {\"name\":\"A\",\"avatar\":\"clemont\",\"team\":\"\",\"rating\":1279,\"seed\":[8257,33535,63884,10693]}\n>player p2 {\"name\":\"277w\",\"avatar\":\"2\",\"team\":\"\",\"rating\":1323,\"seed\":[3651,4408,1666,3161]}\n>p1 move toxic\n>p2 move swordsdance\n>p1 switch 4\n>p2 move playrough\n>p1 switch 4\n>p2 move playrough\n>p1 switch 5\n>p1 move reflect\n>p2 move playrough\n>p1 move lightscreen\n>p2 move playrough\n>p1 switch 4\n>p1 move spikes\n>p2 move playrough\n>p1 move synthesis\n>p2 move playrough\n>p2 switch 4\n>p1 move sleeppowder\n>p2 move psychic\n>p1 switch 2\n>p2 move psychic\n>p1 move dragondance\n>p2 move trickroom\n>p1 move outrage\n>p2 move psychic\n>p2 switch 6\n>p1 move outrage\n>p2 move closecombat\n>p1 switch 2\n>p1 move spikes\n>p2 move bravebird dynamax\n>p1 switch 3\n>p1 move counter\n>p2 move wildcharge dynamax\n>p2 switch 3\n>p1 move destinybond\n>p2 move swordsdance\n>p1 move encore\n>p2 move swordsdance\n>p1 switch 6\n>p2 move swordsdance\n>p1 switch 6\n>p2 move swordsdance\n>p1 move destinybond\n>p2 move megahorn\n>p1 switch 6\n>p2 switch 5\n>p1 move psychic dynamax\n>p2 move shadowball\n>p2 switch 2\n>p1 move psychic dynamax\n>p2 move hypervoice\n>p1 move psychic dynamax\n>p2 move hypervoice","uploadtime":1588152346,"views":5,"p1id":"a","p2id":"277w","formatid":"gen8randombattle","rating":1279,"private":0,"password":null}