{"id":"gen8nationaldexag-1684225762","p1":"Meracx","p2":"bulut","format":"gen8nationaldexag","log":"|j|\u2606Meracx\n|j|\u2606bulut\n|t:|1665608373\n|gametype|singles\n|player|p1|Meracx|thorton|\n|player|p2|bulut|265|\n|teamsize|p1|6\n|teamsize|p2|6\n|gen|8\n|tier|[Gen 8] National Dex AG\n|rule|HP Percentage Mod: HP is shown in percentages\n|rule|Endless Battle Clause: Forcing endless battles is banned\n|clearpoke\n|poke|p1|Inteleon, M|\n|poke|p1|Sableye, M|\n|poke|p1|Mew|\n|poke|p1|Ursaring, F|\n|poke|p1|Polteageist|\n|poke|p1|Clefable, M|\n|poke|p2|Inteleon, F|\n|poke|p2|Sableye, F|\n|poke|p2|Mew|\n|poke|p2|Ursaring, F|\n|poke|p2|Polteageist|\n|poke|p2|Clefable, M|\n|teampreview\n|\n|t:|1665608383\n|start\n|switch|p1a: Mew|Mew|100\/100\n|switch|p2a: Sableye|Sableye, F|100\/100\n|turn|1\n|\n|t:|1665608386\n|detailschange|p2a: Sableye|Sableye-Mega, F\n|-mega|p2a: Sableye|Sableye|Sablenite\n|-zpower|p1a: Mew\n|move|p1a: Mew|Z-Metronome|p1a: Mew|[anim]Metronome\n|move|p1a: Mew|Continental Crush|p2a: Sableye|[from]move: Metronome\n|-damage|p2a: Sableye|50\/100\n|move|p2a: Sableye|Metronome|p2a: Sableye\n|move|p2a: Sableye|Psychic|p1a: Mew|[from]move: Metronome\n|-resisted|p1a: Mew\n|-damage|p1a: Mew|92\/100\n|\n|upkeep\n|turn|2\n|\n|t:|1665608410\n|move|p1a: Mew|Metronome|p1a: Mew\n|move|p1a: Mew|Encore|p2a: Sableye|[from]move: Metronome\n|move|p2a: Sableye|Encore||[from]ability: Magic Bounce|[still]\n|-fail|p2a: Sableye\n|move|p2a: Sableye|Metronome|p2a: Sableye\n|move|p2a: Sableye|Brick Break|p1a: Mew|[from]move: Metronome\n|-resisted|p1a: Mew\n|-damage|p1a: Mew|81\/100\n|\n|upkeep\n|turn|3\n|\n|t:|1665608419\n|move|p1a: Mew|Metronome|p1a: Mew\n|move|p1a: Mew|Meteor Mash|p2a: Sableye|[from]move: Metronome\n|-damage|p2a: Sableye|33\/100\n|move|p2a: Sableye|Metronome|p2a: Sableye\n|move|p2a: Sableye|Sludge Bomb|p1a: Mew|[from]move: Metronome\n|-damage|p1a: Mew|61\/100\n|\n|upkeep\n|turn|4\n|\n|t:|1665608426\n|move|p1a: Mew|Metronome|p1a: Mew\n|move|p1a: Mew|Scorching Sands|p2a: Sableye|[from]move: Metronome\n|-damage|p2a: Sableye|13\/100\n|-status|p2a: Sableye|brn\n|move|p2a: Sableye|Metronome|p2a: Sableye\n|move|p2a: Sableye|Storm Throw|p1a: Mew|[from]move: Metronome\n|-resisted|p1a: Mew\n|-crit|p1a: Mew\n|-damage|p1a: Mew|55\/100\n|\n|-damage|p2a: Sableye|6\/100 brn|[from] brn\n|upkeep\n|turn|5\n|\n|t:|1665608436\n|move|p1a: Mew|Metronome|p1a: Mew\n|move|p1a: Mew|Dual Chop|p2a: Sableye|[from]move: Metronome\n|-damage|p2a: Sableye|0 fnt\n|faint|p2a: Sableye\n|-hitcount|p2: Sableye|1\n|\n|upkeep\n|\n|t:|1665608441\n|switch|p2a: Inteleon|Inteleon, F|100\/100\n|turn|6\n|\n|t:|1665608444\n|move|p2a: Inteleon|Metronome|p2a: Inteleon\n|move|p2a: Inteleon|Defog|p1a: Mew|[from]move: Metronome\n|-unboost|p1a: Mew|evasion|1\n|move|p1a: Mew|Metronome|p1a: Mew\n|move|p1a: Mew|Icy Wind|p2a: Inteleon|[from]move: Metronome\n|-resisted|p2a: Inteleon\n|-damage|p2a: Inteleon|86\/100\n|-unboost|p2a: Inteleon|spe|1\n|\n|upkeep\n|turn|7\n|\n|t:|1665608451\n|move|p1a: Mew|Metronome|p1a: Mew\n|move|p1a: Mew|Acid|p2a: Inteleon|[from]move: Metronome\n|-damage|p2a: Inteleon|65\/100\n|move|p2a: Inteleon|Metronome|p2a: Inteleon\n|move|p2a: Inteleon|Double Hit|p1a: Mew|[from]move: Metronome\n|-damage|p1a: Mew|47\/100\n|-damage|p1a: Mew|40\/100\n|-hitcount|p1a: Mew|2\n|\n|upkeep\n|turn|8\n|\n|t:|1665608460\n|move|p1a: Mew|Metronome|p1a: Mew\n|move|p1a: Mew|Aeroblast|p2a: Inteleon|[from]move: Metronome\n|-crit|p2a: Inteleon\n|-damage|p2a: Inteleon|0 fnt\n|faint|p2a: Inteleon\n|\n|upkeep\n|\n|t:|1665608464\n|switch|p2a: Ursaring|Ursaring, F|100\/100\n|turn|9\n|\n|t:|1665608467\n|move|p1a: Mew|Metronome|p1a: Mew\n|move|p1a: Mew|Vital Throw|p2a: Ursaring|[from]move: Metronome\n|-supereffective|p2a: Ursaring\n|-damage|p2a: Ursaring|65\/100\n|move|p2a: Ursaring|Metronome|p2a: Ursaring\n|move|p2a: Ursaring|Fire Punch|p1a: Mew|[from]move: Metronome\n|-damage|p1a: Mew|0 fnt\n|faint|p1a: Mew\n|\n|upkeep\n|\n|t:|1665608475\n|switch|p1a: Polteageist|Polteageist|100\/100\n|turn|10\n|\n|t:|1665608478\n|move|p1a: Polteageist|Metronome|p1a: Polteageist\n|move|p1a: Polteageist|Bounce||[from]move: Metronome|[still]\n|-prepare|p1a: Polteageist|Bounce\n|move|p2a: Ursaring|Metronome|p2a: Ursaring\n|move|p2a: Ursaring|Confide|p1a: Polteageist|[from]move: Metronome|[miss]\n|-miss|p2a: Ursaring|p1a: Polteageist\n|\n|upkeep\n|turn|11\n|\n|t:|1665608483\n|move|p1a: Polteageist|Bounce||[still]\n|-fail|p1a: Polteageist\n|move|p2a: Ursaring|Metronome|p2a: Ursaring\n|move|p2a: Ursaring|Vital Throw|p1a: Polteageist|[from]move: Metronome\n|-immune|p1a: Polteageist\n|\n|upkeep\n|turn|12\n|\n|t:|1665608493\n|move|p1a: Polteageist|Metronome|p1a: Polteageist\n|move|p1a: Polteageist|Block|p2a: Ursaring|[from]move: Metronome\n|-activate|p2a: Ursaring|trapped\n|move|p2a: Ursaring|Metronome|p2a: Ursaring\n|move|p2a: Ursaring|Quiver Dance|p2a: Ursaring|[from]move: Metronome\n|-boost|p2a: Ursaring|spa|1\n|-boost|p2a: Ursaring|spd|1\n|-boost|p2a: Ursaring|spe|1\n|\n|upkeep\n|turn|13\n|\n|t:|1665608505\n|move|p1a: Polteageist|Metronome|p1a: Polteageist\n|move|p1a: Polteageist|Megahorn|p2a: Ursaring|[from]move: Metronome\n|-crit|p2a: Ursaring\n|-damage|p2a: Ursaring|37\/100\n|move|p2a: Ursaring|Metronome|p2a: Ursaring\n|move|p2a: Ursaring|Howl|p2a: Ursaring|[from]move: Metronome\n|-boost|p2a: Ursaring|atk|1\n|\n|upkeep\n|turn|14\n|\n|t:|1665608512\n|move|p1a: Polteageist|Metronome|p1a: Polteageist\n|move|p1a: Polteageist|Swallow||[from]move: Metronome|[still]\n|-fail|p1a: Polteageist\n|move|p2a: Ursaring|Metronome|p2a: Ursaring\n|move|p2a: Ursaring|Acrobatics|p1a: Polteageist|[from]move: Metronome\n|-damage|p1a: Polteageist|6\/100\n|\n|upkeep\n|turn|15\n|\n|t:|1665608519\n|move|p1a: Polteageist|Metronome|p1a: Polteageist\n|move|p1a: Polteageist|Arm Thrust|p2a: Ursaring|[from]move: Metronome\n|-supereffective|p2a: Ursaring\n|-damage|p2a: Ursaring|31\/100\n|-supereffective|p2a: Ursaring\n|-damage|p2a: Ursaring|26\/100\n|-supereffective|p2a: Ursaring\n|-damage|p2a: Ursaring|20\/100\n|-hitcount|p2a: Ursaring|3\n|move|p2a: Ursaring|Metronome|p2a: Ursaring\n|move|p2a: Ursaring|Glaciate|p1a: Polteageist|[from]move: Metronome\n|-damage|p1a: Polteageist|0 fnt\n|faint|p1a: Polteageist\n|\n|upkeep\n|\n|t:|1665608531\n|switch|p1a: Clefable|Clefable, M|100\/100\n|turn|16\n|\n|t:|1665608533\n|move|p1a: Clefable|Metronome|p1a: Clefable\n|move|p1a: Clefable|Soft-Boiled||[from]move: Metronome|[still]\n|-fail|p1a: Clefable|heal\n|move|p2a: Ursaring|Metronome|p2a: Ursaring\n|move|p2a: Ursaring|Body Slam|p1a: Clefable|[from]move: Metronome\n|-damage|p1a: Clefable|0 fnt\n|faint|p1a: Clefable\n|\n|upkeep\n|\n|t:|1665608541\n|switch|p1a: Inteleon|Inteleon, M|100\/100\n|turn|17\n|\n|t:|1665608545\n|move|p1a: Inteleon|Metronome|p1a: Inteleon\n|move|p1a: Inteleon|Sweet Scent|p2a: Ursaring|[from]move: Metronome\n|-unboost|p2a: Ursaring|evasion|2\n|move|p2a: Ursaring|Metronome|p2a: Ursaring\n|move|p2a: Ursaring|Gear Grind|p1a: Inteleon|[from]move: Metronome\n|-resisted|p1a: Inteleon\n|-damage|p1a: Inteleon|62\/100\n|-resisted|p1a: Inteleon\n|-damage|p1a: Inteleon|22\/100\n|-hitcount|p1a: Inteleon|2\n|\n|upkeep\n|turn|18\n|\n|t:|1665608554\n|move|p1a: Inteleon|Metronome|p1a: Inteleon\n|move|p1a: Inteleon|Court Change||[from]move: Metronome|[still]\n|-swapsideconditions\n|-fail|p1a: Inteleon\n|move|p2a: Ursaring|Metronome|p2a: Ursaring\n|move|p2a: Ursaring|Steel Roller||[from]move: Metronome|[still]\n|-fail|p2a: Ursaring\n|\n|upkeep\n|turn|19\n|\n|t:|1665608560\n|move|p1a: Inteleon|Metronome|p1a: Inteleon\n|move|p1a: Inteleon|Mega Drain|p2a: Ursaring|[from]move: Metronome\n|-damage|p2a: Ursaring|9\/100\n|-heal|p1a: Inteleon|30\/100|[from] drain|[of] p2a: Ursaring\n|move|p2a: Ursaring|Metronome|p2a: Ursaring\n|move|p2a: Ursaring|Autotomize|p2a: Ursaring|[from]move: Metronome\n|-boost|p2a: Ursaring|spe|2\n|-start|p2a: Ursaring|Autotomize\n|\n|upkeep\n|turn|20\n|\n|t:|1665608569\n|move|p1a: Inteleon|Metronome|p1a: Inteleon\n|move|p1a: Inteleon|Pain Split|p2a: Ursaring|[from]move: Metronome\n|-sethp|p2a: Ursaring|15\/100|[from] move: Pain Split|[silent]\n|-sethp|p1a: Inteleon|21\/100|[from] move: Pain Split\n|move|p2a: Ursaring|Metronome|p2a: Ursaring\n|move|p2a: Ursaring|Night Slash|p1a: Inteleon|[from]move: Metronome\n|-damage|p1a: Inteleon|0 fnt\n|faint|p1a: Inteleon\n|\n|upkeep\n|\n|t:|1665608578\n|switch|p1a: Ursaring|Ursaring, F|100\/100\n|turn|21\n|\n|t:|1665608581\n|move|p2a: Ursaring|Metronome|p2a: Ursaring\n|move|p2a: Ursaring|Flying Press|p1a: Ursaring|[from]move: Metronome\n|-supereffective|p1a: Ursaring\n|-damage|p1a: Ursaring|0 fnt\n|faint|p1a: Ursaring\n|\n|upkeep\n|\n|t:|1665608586\n|switch|p1a: Sableye|Sableye, M|100\/100\n|turn|22\n|\n|t:|1665608589\n|detailschange|p1a: Sableye|Sableye-Mega, M\n|-mega|p1a: Sableye|Sableye|Sablenite\n|move|p2a: Ursaring|Metronome|p2a: Ursaring\n|move|p2a: Ursaring|Psystrike|p1a: Sableye|[from]move: Metronome\n|-immune|p1a: Sableye\n|move|p1a: Sableye|Metronome|p1a: Sableye\n|move|p1a: Sableye|Metal Sound|p2a: Ursaring|[from]move: Metronome\n|-unboost|p2a: Ursaring|spd|2\n|\n|upkeep\n|turn|23\n|\n|t:|1665608598\n|move|p2a: Ursaring|Metronome|p2a: Ursaring\n|move|p2a: Ursaring|Thrash|p1a: Sableye|[from]move: Metronome\n|-immune|p1a: Sableye\n|move|p1a: Sableye|Metronome|p1a: Sableye\n|move|p1a: Sableye|Calm Mind|p1a: Sableye|[from]move: Metronome\n|-boost|p1a: Sableye|spa|1\n|-boost|p1a: Sableye|spd|1\n|\n|upkeep\n|turn|24\n|\n|t:|1665608605\n|move|p2a: Ursaring|Metronome|p2a: Ursaring\n|move|p2a: Ursaring|Haze|p2a: Ursaring|[from]move: Metronome\n|-clearallboost\n|move|p1a: Sableye|Metronome|p1a: Sableye\n|move|p1a: Sableye|Drill Peck|p2a: Ursaring|[from]move: Metronome\n|-damage|p2a: Ursaring|0 fnt\n|faint|p2a: Ursaring\n|\n|upkeep\n|\n|t:|1665608609\n|switch|p2a: Mew|Mew|100\/100\n|turn|25\n|\n|t:|1665608617\n|-zpower|p2a: Mew\n|move|p2a: Mew|Z-Metronome|p2a: Mew|[anim]Metronome\n|move|p2a: Mew|Defend Order|p2a: Mew|[from]move: Metronome\n|-boost|p2a: Mew|def|1\n|-boost|p2a: Mew|spd|1\n|move|p1a: Sableye|Metronome|p1a: Sableye\n|move|p1a: Sableye|Crush Claw|p2a: Mew|[from]move: Metronome\n|-damage|p2a: Mew|87\/100\n|\n|upkeep\n|turn|26\n|\n|t:|1665608626\n|move|p2a: Mew|Metronome|p2a: Mew\n|move|p2a: Mew|Morning Sun|p2a: Mew|[from]move: Metronome\n|-heal|p2a: Mew|100\/100\n|move|p1a: Sableye|Metronome|p1a: Sableye\n|move|p1a: Sableye|Assurance|p2a: Mew|[from]move: Metronome\n|-supereffective|p2a: Mew\n|-damage|p2a: Mew|65\/100\n|\n|upkeep\n|turn|27\n|\n|t:|1665608634\n|move|p2a: Mew|Metronome|p2a: Mew\n|move|p2a: Mew|Lovely Kiss|p1a: Sableye|[from]move: Metronome\n|move|p1a: Sableye|Lovely Kiss|p2a: Mew|[from]ability: Magic Bounce\n|-status|p2a: Mew|slp|[from] move: Lovely Kiss\n|move|p1a: Sableye|Metronome|p1a: Sableye\n|move|p1a: Sableye|Pay Day|p2a: Mew|[from]move: Metronome\n|-damage|p2a: Mew|57\/100 slp\n|-fieldactivate|move: Pay Day\n|\n|upkeep\n|turn|28\n|\n|t:|1665608644\n|cant|p2a: Mew|slp\n|move|p1a: Sableye|Metronome|p1a: Sableye\n|move|p1a: Sableye|Cross Chop|p2a: Mew|[from]move: Metronome\n|-resisted|p2a: Mew\n|-damage|p2a: Mew|47\/100 slp\n|\n|upkeep\n|turn|29\n|\n|t:|1665608650\n|-curestatus|p2a: Mew|slp|[msg]\n|move|p2a: Mew|Metronome|p2a: Mew\n|move|p2a: Mew|Rest|p2a: Mew|[from]move: Metronome\n|-status|p2a: Mew|slp|[from] move: Rest\n|-heal|p2a: Mew|100\/100 slp|[silent]\n|move|p1a: Sableye|Metronome|p1a: Sableye\n|move|p1a: Sableye|Thrash|p2a: Mew|[from]move: Metronome\n|-damage|p2a: Mew|77\/100 slp\n|\n|upkeep\n|turn|30\n|\n|t:|1665608664\n|cant|p2a: Mew|slp\n|move|p1a: Sableye|Thrash|p2a: Mew|[from]lockedmove\n|-damage|p2a: Mew|52\/100 slp\n|\n|upkeep\n|turn|31\n|\n|t:|1665608669\n|cant|p2a: Mew|slp\n|move|p1a: Sableye|Thrash|p2a: Mew|[from]lockedmove\n|-damage|p2a: Mew|29\/100 slp\n|-start|p1a: Sableye|confusion|[fatigue]\n|\n|upkeep\n|turn|32\n|\n|t:|1665608675\n|-curestatus|p2a: Mew|slp|[msg]\n|move|p2a: Mew|Metronome|p2a: Mew\n|move|p2a: Mew|Aurora Veil||[from]move: Metronome|[still]\n|-fail|p2a: Mew\n|-activate|p1a: Sableye|confusion\n|-damage|p1a: Sableye|90\/100|[from] confusion\n|\n|upkeep\n|turn|33\n|\n|t:|1665608682\n|move|p2a: Mew|Metronome|p2a: Mew\n|move|p2a: Mew|Rollout|p1a: Sableye|[from]move: Metronome\n|-damage|p1a: Sableye|84\/100\n|-activate|p1a: Sableye|confusion\n|move|p1a: Sableye|Metronome|p1a: Sableye\n|move|p1a: Sableye|Giga Impact|p2a: Mew|[from]move: Metronome|[miss]\n|-miss|p1a: Sableye|p2a: Mew\n|\n|upkeep\n|turn|34\n|\n|t:|1665608689\n|move|p2a: Mew|Rollout|p1a: Sableye|[from]lockedmove|[miss]\n|-miss|p2a: Mew|p1a: Sableye\n|-activate|p1a: Sableye|confusion\n|move|p1a: Sableye|Metronome|p1a: Sableye\n|move|p1a: Sableye|Screech|p2a: Mew|[from]move: Metronome\n|-unboost|p2a: Mew|def|2\n|\n|upkeep\n|turn|35\n|\n|t:|1665608696\n|move|p2a: Mew|Metronome|p2a: Mew\n|move|p2a: Mew|Shell Side Arm|p1a: Sableye|[from]move: Metronome|[anim] Shell Side Arm Special\n|-resisted|p1a: Sableye\n|-damage|p1a: Sableye|70\/100\n|-hint|Special Shell Side Arm\n|-status|p1a: Sableye|psn\n|-activate|p1a: Sableye|confusion\n|move|p1a: Sableye|Metronome|p1a: Sableye\n|move|p1a: Sableye|Ice Punch|p2a: Mew|[from]move: Metronome\n|-damage|p2a: Mew|0 fnt\n|faint|p2a: Mew\n|\n|-damage|p1a: Sableye|57\/100 psn|[from] psn\n|upkeep\n|\n|t:|1665608717\n|switch|p2a: Polteageist|Polteageist|100\/100\n|turn|36\n|\n|t:|1665608721\n|move|p2a: Polteageist|Metronome|p2a: Polteageist\n|move|p2a: Polteageist|Night Shade|p1a: Sableye|[from]move: Metronome\n|-damage|p1a: Sableye|25\/100 psn\n|-end|p1a: Sableye|confusion\n|move|p1a: Sableye|Metronome|p1a: Sableye\n|move|p1a: Sableye|Luster Purge|p2a: Polteageist|[from]move: Metronome\n|-crit|p2a: Polteageist\n|-damage|p2a: Polteageist|74\/100\n|-unboost|p2a: Polteageist|spd|1\n|\n|-damage|p1a: Sableye|12\/100 psn|[from] psn\n|upkeep\n|turn|37\n|\n|t:|1665608731\n|move|p2a: Polteageist|Metronome|p2a: Polteageist\n|move|p2a: Polteageist|Toxic Spikes|p1a: Sableye|[from]move: Metronome\n|move|p1a: Sableye|Toxic Spikes|p2a: Polteageist|[from]ability: Magic Bounce\n|-sidestart|p2: bulut|move: Toxic Spikes\n|move|p1a: Sableye|Metronome|p1a: Sableye\n|move|p1a: Sableye|Healing Wish||[from]move: Metronome|[still]\n|-fail|p1a: Sableye\n|\n|-damage|p1a: Sableye|0 fnt|[from] psn\n|faint|p1a: Sableye\n|\n|win|bulut\n|upkeep\n","uploadtime":1665608745,"views":4,"p1id":"meracx","p2id":"bulut","formatid":"gen8nationaldexag","rating":0,"private":0,"password":null}