{"id":"gen8uu-1063984130","p1":"TryHonesty","p2":"oukid2705","format":"gen8uu","log":"|j|\u2606TryHonesty\n|j|\u2606oukid2705\n|player|p1|TryHonesty|266|1406\n|player|p2|oukid2705|drayden|1487\n|teamsize|p1|6\n|teamsize|p2|6\n|gametype|singles\n|gen|8\n|tier|[Gen 8] UU\n|rated|\n|clearpoke\n|poke|p1|Araquanid, M|\n|poke|p1|Rotom-Frost|\n|poke|p1|Diggersby, F|\n|poke|p1|Chandelure, F|\n|poke|p1|Drapion, F|\n|poke|p1|Haxorus, F|\n|poke|p2|Reuniclus, M|\n|poke|p2|Araquanid, F|\n|poke|p2|Rhyperior, M|\n|poke|p2|Noivern, M|\n|poke|p2|Mamoswine, M|\n|poke|p2|Haxorus, M|\n|rule|Sleep Clause Mod: Limit one foe put to sleep\n|rule|Species Clause: Limit one of each Pok\u00e9mon\n|rule|OHKO Clause: OHKO moves are banned\n|rule|Evasion Moves Clause: Evasion moves are banned\n|rule|Endless Battle Clause: Forcing endless battles is banned\n|rule|HP Percentage Mod: HP is shown in percentages\n|rule|Dynamax Clause: You cannot dynamax\n|teampreview\n|inactive|Battle timer is ON: inactive players will automatically lose when time's up. (requested by TryHonesty)\n|\n|start\n|switch|p1a: Araquanid|Araquanid, M|100\/100\n|switch|p2a: Mamoswine|Mamoswine, M|100\/100\n|turn|1\n|\n|switch|p2a: Araquanid|Araquanid, F|100\/100\n|move|p1a: Araquanid|Magic Coat|p1a: Araquanid\n|-singleturn|p1a: Araquanid|move: Magic Coat\n|\n|upkeep\n|turn|2\n|\n|move|p2a: Araquanid|Liquidation|p1a: Araquanid\n|-resisted|p1a: Araquanid\n|-damage|p1a: Araquanid|66\/100\n|move|p1a: Araquanid|Sticky Web|p2a: Araquanid\n|-sidestart|p2: oukid2705|move: Sticky Web\n|\n|upkeep\n|turn|3\n|\n|move|p2a: Araquanid|Infestation|p1a: Araquanid\n|-damage|p1a: Araquanid|63\/100\n|-activate|p1a: Araquanid|move: Infestation|[of] p2a: Araquanid\n|move|p1a: Araquanid|Leech Life|p2a: Araquanid\n|-damage|p2a: Araquanid|56\/100\n|-heal|p1a: Araquanid|83\/100|[from] drain|[of] p2a: Araquanid\n|-damage|p1a: Araquanid|73\/100|[from] item: Life Orb\n|\n|-heal|p2a: Araquanid|62\/100|[from] item: Leftovers\n|-damage|p1a: Araquanid|61\/100|[from] move: Infestation|[partiallytrapped]\n|upkeep\n|turn|4\n|\n|move|p2a: Araquanid|Sticky Web|p1a: Araquanid\n|-sidestart|p1: TryHonesty|move: Sticky Web\n|move|p1a: Araquanid|Leech Life|p2a: Araquanid\n|-damage|p2a: Araquanid|15\/100\n|-heal|p1a: Araquanid|82\/100|[from] drain|[of] p2a: Araquanid\n|-damage|p1a: Araquanid|72\/100|[from] item: Life Orb\n|\n|-heal|p2a: Araquanid|21\/100|[from] item: Leftovers\n|-damage|p1a: Araquanid|59\/100|[from] move: Infestation|[partiallytrapped]\n|upkeep\n|turn|5\n|\n|move|p2a: Araquanid|Leech Life|p1a: Araquanid\n|-damage|p1a: Araquanid|28\/100\n|-heal|p2a: Araquanid|39\/100|[from] drain|[of] p1a: Araquanid\n|move|p1a: Araquanid|Leech Life|p2a: Araquanid\n|-damage|p2a: Araquanid|0 fnt\n|-heal|p1a: Araquanid|45\/100|[from] drain|[of] p2a: Araquanid\n|-damage|p1a: Araquanid|36\/100|[from] item: Life Orb\n|faint|p2a: Araquanid\n|\n|-end|p1a: Araquanid|Infestation|[partiallytrapped]|[silent]\n|upkeep\n|\n|switch|p2a: Noivern|Noivern, M|100\/100\n|-item|p1a: Araquanid|Life Orb|[from] ability: Frisk|[of] p2a: Noivern|[identify]\n|turn|6\n|\n|move|p2a: Noivern|Hurricane|p1a: Araquanid\n|-supereffective|p1a: Araquanid\n|-damage|p1a: Araquanid|0 fnt\n|faint|p1a: Araquanid\n|\n|upkeep\n|\n|switch|p1a: Rotom|Rotom-Frost|100\/100\n|turn|7\n|\n|switch|p2a: Mamoswine|Mamoswine, M|100\/100\n|-activate|p2a: Mamoswine|move: Sticky Web\n|-unboost|p2a: Mamoswine|spe|1\n|move|p1a: Rotom|Nasty Plot|p1a: Rotom\n|-boost|p1a: Rotom|spa|2\n|\n|upkeep\n|turn|8\n|\n|move|p1a: Rotom|Blizzard|p2a: Mamoswine\n|-damage|p2a: Mamoswine|20\/100\n|move|p2a: Mamoswine|Icicle Crash|p1a: Rotom\n|-resisted|p1a: Rotom\n|-damage|p1a: Rotom|57\/100\n|-damage|p2a: Mamoswine|10\/100|[from] item: Life Orb\n|\n|upkeep\n|turn|9\n|\n|move|p2a: Mamoswine|Ice Shard|p1a: Rotom\n|-resisted|p1a: Rotom\n|-damage|p1a: Rotom|37\/100\n|-damage|p2a: Mamoswine|0 fnt|[from] item: Life Orb\n|faint|p2a: Mamoswine\n|move|p1a: Rotom|Blizzard|p2: Mamoswine|[notarget]\n|-fail|p1a: Rotom\n|\n|upkeep\n|\n|switch|p2a: Haxorus|Haxorus, M|100\/100\n|-activate|p2a: Haxorus|move: Sticky Web\n|-unboost|p2a: Haxorus|spe|1\n|-ability|p2a: Haxorus|Mold Breaker\n|turn|10\n|\n|move|p2a: Haxorus|First Impression|p1a: Rotom\n|-damage|p1a: Rotom|0 fnt\n|faint|p1a: Rotom\n|\n|upkeep\n|\n|switch|p1a: Haxorus|Haxorus, F|100\/100\n|-activate|p1a: Haxorus|move: Sticky Web\n|-unboost|p1a: Haxorus|spe|1\n|-ability|p1a: Haxorus|Mold Breaker\n|turn|11\n|\n|switch|p2a: Rhyperior|Rhyperior, M|100\/100\n|-activate|p2a: Rhyperior|move: Sticky Web\n|-unboost|p2a: Rhyperior|spe|1\n|move|p1a: Haxorus|Dragon Dance|p1a: Haxorus\n|-boost|p1a: Haxorus|atk|1\n|-boost|p1a: Haxorus|spe|1\n|\n|upkeep\n|turn|12\n|\n|move|p1a: Haxorus|Earthquake|p2a: Rhyperior\n|-supereffective|p2a: Rhyperior\n|-damage|p2a: Rhyperior|0 fnt\n|-damage|p1a: Haxorus|91\/100|[from] item: Life Orb\n|faint|p2a: Rhyperior\n|\n|upkeep\n|\n|switch|p2a: Noivern|Noivern, M|100\/100\n|-item|p1a: Haxorus|Life Orb|[from] ability: Frisk|[of] p2a: Noivern|[identify]\n|turn|13\n|\n|move|p2a: Noivern|Hurricane|p1a: Haxorus\n|-damage|p1a: Haxorus|33\/100\n|move|p1a: Haxorus|Dragon Claw|p2a: Noivern\n|-supereffective|p2a: Noivern\n|-damage|p2a: Noivern|0 fnt\n|-damage|p1a: Haxorus|23\/100|[from] item: Life Orb\n|faint|p2a: Noivern\n|\n|upkeep\n|\n|switch|p2a: Haxorus|Haxorus, M|100\/100\n|-activate|p2a: Haxorus|move: Sticky Web\n|-unboost|p2a: Haxorus|spe|1\n|-ability|p2a: Haxorus|Mold Breaker\n|turn|14\n|\n|move|p2a: Haxorus|First Impression|p1a: Haxorus\n|-damage|p1a: Haxorus|0 fnt\n|faint|p1a: Haxorus\n|\n|upkeep\n|\n|switch|p1a: Chandelure|Chandelure, F|100\/100\n|-activate|p1a: Chandelure|move: Sticky Web\n|-unboost|p1a: Chandelure|spe|1\n|turn|15\n|\n|switch|p2a: Reuniclus|Reuniclus, M, shiny|100\/100\n|-activate|p2a: Reuniclus|move: Sticky Web\n|-unboost|p2a: Reuniclus|spe|1\n|move|p1a: Chandelure|Shadow Ball|p2a: Reuniclus\n|-supereffective|p2a: Reuniclus\n|-damage|p2a: Reuniclus|25\/100\n|-damage|p1a: Chandelure|91\/100|[from] item: Life Orb\n|\n|upkeep\n|turn|16\n|\n|move|p1a: Chandelure|Shadow Ball|p2a: Reuniclus\n|-supereffective|p2a: Reuniclus\n|-crit|p2a: Reuniclus\n|-damage|p2a: Reuniclus|0 fnt\n|-damage|p1a: Chandelure|81\/100|[from] item: Life Orb\n|faint|p2a: Reuniclus\n|\n|upkeep\n|\n|switch|p2a: Haxorus|Haxorus, M|100\/100\n|-activate|p2a: Haxorus|move: Sticky Web\n|-unboost|p2a: Haxorus|spe|1\n|-ability|p2a: Haxorus|Mold Breaker\n|turn|17\n|\n|move|p2a: Haxorus|Outrage|p1a: Chandelure\n|-damage|p1a: Chandelure|0 fnt\n|faint|p1a: Chandelure\n|\n|upkeep\n|\n|switch|p1a: Drapion|Drapion, F|100\/100\n|-activate|p1a: Drapion|move: Sticky Web\n|-unboost|p1a: Drapion|spe|1\n|turn|18\n|\n|move|p2a: Haxorus|Outrage|p1a: Drapion|[from]lockedmove\n|-damage|p1a: Drapion|0 fnt\n|faint|p1a: Drapion\n|\n|upkeep\n|\n|switch|p1a: Diggersby|Diggersby, F|100\/100\n|-activate|p1a: Diggersby|move: Sticky Web\n|-unboost|p1a: Diggersby|spe|1\n|turn|19\n|\n|move|p2a: Haxorus|Outrage|p1a: Diggersby|[from]lockedmove\n|-damage|p1a: Diggersby|0 fnt\n|-start|p2a: Haxorus|confusion|[fatigue]\n|faint|p1a: Diggersby\n|\n|win|oukid2705\n|raw|TryHonesty's rating: 1406 &rarr; <strong>1390<\/strong><br \/>(-16 for losing)\n|raw|oukid2705's rating: 1487 &rarr; <strong>1503<\/strong><br \/>(+16 for winning)\n|c|\u2606oukid2705|gg\n|l|\u2606TryHonesty\n","uploadtime":1581822555,"views":9,"p1id":"tryhonesty","p2id":"oukid2705","formatid":"gen8uu","rating":1390,"private":0,"password":null}