{"id":"gen8zu-1673798463","p1":"Ho3nConfirm3d","p2":"ayevon","format":"gen8zu","log":"|j|\u2606Ho3nConfirm3d\n|j|\u2606ayevon\n|t:|1664498700\n|gametype|singles\n|player|p1|Ho3nConfirm3d|#scl2foxes|\n|player|p2|ayevon|265|\n|teamsize|p1|6\n|teamsize|p2|6\n|gen|8\n|tier|[Gen 8] ZU\n|rated|Tournament battle\n|rule|Sleep Clause Mod: Limit one foe put to sleep\n|rule|Species Clause: Limit one of each Pok\u00e9mon\n|rule|OHKO Clause: OHKO moves are banned\n|rule|Evasion Items Clause: Evasion items are banned\n|rule|Evasion Moves Clause: Evasion moves are banned\n|rule|Endless Battle Clause: Forcing endless battles is banned\n|rule|HP Percentage Mod: HP is shown in percentages\n|rule|Dynamax Clause: You cannot dynamax\n|clearpoke\n|poke|p1|Silvally-*|\n|poke|p1|Jynx, F|\n|poke|p1|Altaria, F|\n|poke|p1|Palossand, F|\n|poke|p1|Miltank, F|\n|poke|p1|Klinklang|\n|poke|p2|Rhydon, M|\n|poke|p2|Klinklang|\n|poke|p2|Skuntank, M|\n|poke|p2|Tangela, M|\n|poke|p2|Rotom|\n|poke|p2|Kangaskhan, F|\n|teampreview\n|inactive|Battle timer is ON: inactive players will automatically lose when time's up. (requested by ayevon)\n|j| Beacs\n|j|+bp (\u30c4)\n|j| Rogervireop\n|c|+bp (\u30c4)|ho3n is balling up in two diff tours rn\n|\n|t:|1664498722\n|start\n|switch|p1a: Silvally|Silvally-Grass|100\/100\n|switch|p2a: Kangaskhan|Kangaskhan, F|100\/100\n|turn|1\n|l| Beacs\n|\n|t:|1664498746\n|switch|p1a: Altaria|Altaria, F|100\/100\n|move|p2a: Kangaskhan|Double-Edge|p1a: Altaria\n|-damage|p1a: Altaria|49\/100\n|-damage|p2a: Kangaskhan|83\/100|[from] Recoil\n|\n|upkeep\n|turn|2\n|\n|t:|1664498756\n|switch|p1a: Palossand|Palossand, F|100\/100\n|move|p2a: Kangaskhan|Double-Edge|p1a: Palossand\n|-damage|p1a: Palossand|59\/100\n|-damage|p2a: Kangaskhan|69\/100|[from] Recoil\n|\n|upkeep\n|turn|3\n|\n|t:|1664498759\n|switch|p2a: Skuntank|Skuntank, M|100\/100\n|move|p1a: Palossand|Stealth Rock|p2a: Skuntank\n|-sidestart|p2: ayevon|move: Stealth Rock\n|\n|upkeep\n|turn|4\n|\n|t:|1664498763\n|move|p2a: Skuntank|Dark Pulse|p1a: Palossand\n|-supereffective|p1a: Palossand\n|-enditem|p1a: Palossand|Colbur Berry|[eat]\n|-enditem|p1a: Palossand|Colbur Berry|[weaken]\n|-damage|p1a: Palossand|27\/100\n|move|p1a: Palossand|Earth Power|p2a: Skuntank\n|-supereffective|p2a: Skuntank\n|-crit|p2a: Skuntank\n|-damage|p2a: Skuntank|0 fnt\n|faint|p2a: Skuntank\n|\n|upkeep\n|c| Rogervireop|1 day im gonna be winning every time i play\n|c|\u2606ayevon|rip\n|\n|t:|1664498770\n|switch|p2a: Rhydon|Rhydon, M|100\/100\n|-damage|p2a: Rhydon|94\/100|[from] Stealth Rock\n|turn|5\n|c| Rogervireop|But for now\n|\n|t:|1664498782\n|move|p2a: Rhydon|Earthquake|p1a: Palossand\n|-damage|p1a: Palossand|0 fnt\n|faint|p1a: Palossand\n|\n|upkeep\n|\n|t:|1664498785\n|switch|p1a: Jynx|Jynx, F|100\/100\n|turn|6\n|\n|t:|1664498796\n|move|p1a: Jynx|Ice Beam|p2a: Rhydon\n|-supereffective|p2a: Rhydon\n|-damage|p2a: Rhydon|0 fnt\n|faint|p2a: Rhydon\n|\n|upkeep\n|\n|t:|1664498805\n|switch|p2a: Klinklang|Klinklang|100\/100\n|-damage|p2a: Klinklang|95\/100|[from] Stealth Rock\n|turn|7\n|\n|t:|1664498807\n|move|p1a: Jynx|Ice Beam|p2a: Klinklang\n|-resisted|p2a: Klinklang\n|-damage|p2a: Klinklang|53\/100\n|-status|p2a: Klinklang|frz\n|-curestatus|p2a: Klinklang|frz|[msg]\n|move|p2a: Klinklang|Gear Grind|p1a: Jynx\n|-supereffective|p1a: Jynx\n|-damage|p1a: Jynx|0 fnt\n|faint|p1a: Jynx\n|-hitcount|p1: Jynx|1\n|\n|-heal|p2a: Klinklang|59\/100|[from] item: Leftovers\n|upkeep\n|\n|t:|1664498812\n|switch|p1a: Miltank|Miltank, F|100\/100\n|turn|8\n|\n|t:|1664498814\n|switch|p2a: Tangela|Tangela, M|100\/100\n|-damage|p2a: Tangela|88\/100|[from] Stealth Rock\n|move|p1a: Miltank|Seismic Toss|p2a: Tangela\n|-damage|p2a: Tangela|58\/100\n|\n|upkeep\n|turn|9\n|\n|t:|1664498819\n|switch|p1a: Altaria|Altaria, F|49\/100\n|move|p2a: Tangela|Knock Off|p1a: Altaria\n|-damage|p1a: Altaria|40\/100\n|-enditem|p1a: Altaria|Heavy-Duty Boots|[from] move: Knock Off|[of] p2a: Tangela\n|\n|upkeep\n|turn|10\n|c| Rogervireop|Im gonna enjoy a high quality match with high quality players\n|\n|t:|1664498826\n|switch|p1a: Miltank|Miltank, F|100\/100\n|switch|p2a: Rotom|Rotom|100\/100\n|-damage|p2a: Rotom|88\/100|[from] Stealth Rock\n|\n|upkeep\n|turn|11\n|\n|t:|1664498834\n|move|p2a: Rotom|Defog|p1a: Miltank\n|-unboost|p1a: Miltank|evasion|1\n|-sideend|p2: ayevon|Stealth Rock|[from] move: Defog|[of] p2a: Rotom\n|move|p1a: Miltank|Toxic|p2a: Rotom\n|-status|p2a: Rotom|tox\n|\n|-damage|p2a: Rotom|82\/100 tox|[from] psn\n|upkeep\n|turn|12\n|\n|t:|1664498838\n|move|p2a: Rotom|Volt Switch|p1a: Miltank\n|-damage|p1a: Miltank|82\/100\n|\n|t:|1664498840\n|switch|p2a: Tangela|Tangela, M|92\/100|[from]move: Volt Switch\n|move|p1a: Miltank|Seismic Toss|p2a: Tangela\n|-damage|p2a: Tangela|62\/100\n|\n|upkeep\n|turn|13\n|\n|t:|1664498845\n|switch|p1a: Altaria|Altaria, F|40\/100\n|move|p2a: Tangela|Knock Off|p1a: Altaria\n|-damage|p1a: Altaria|33\/100\n|\n|upkeep\n|turn|14\n|j| Charles A Theist\n|\n|t:|1664498849\n|switch|p2a: Klinklang|Klinklang|59\/100\n|move|p1a: Altaria|Roost|p1a: Altaria\n|-heal|p1a: Altaria|83\/100\n|-singleturn|p1a: Altaria|move: Roost\n|\n|-heal|p2a: Klinklang|65\/100|[from] item: Leftovers\n|upkeep\n|turn|15\n|\n|t:|1664498862\n|switch|p1a: Klinklang|Klinklang|100\/100\n|move|p2a: Klinklang|Gear Grind|p1a: Klinklang\n|-resisted|p1a: Klinklang\n|-damage|p1a: Klinklang|88\/100\n|-resisted|p1a: Klinklang\n|-damage|p1a: Klinklang|76\/100\n|-hitcount|p1a: Klinklang|2\n|\n|-heal|p1a: Klinklang|82\/100|[from] item: Leftovers\n|-heal|p2a: Klinklang|71\/100|[from] item: Leftovers\n|upkeep\n|turn|16\n|\n|t:|1664498867\n|move|p1a: Klinklang|Shift Gear|p1a: Klinklang\n|-boost|p1a: Klinklang|spe|2\n|-boost|p1a: Klinklang|atk|1\n|move|p2a: Klinklang|Shift Gear|p2a: Klinklang\n|-boost|p2a: Klinklang|spe|2\n|-boost|p2a: Klinklang|atk|1\n|\n|-heal|p1a: Klinklang|88\/100|[from] item: Leftovers\n|-heal|p2a: Klinklang|77\/100|[from] item: Leftovers\n|upkeep\n|turn|17\n|\n|t:|1664498874\n|move|p2a: Klinklang|Gear Grind|p1a: Klinklang\n|-resisted|p1a: Klinklang\n|-damage|p1a: Klinklang|67\/100\n|-resisted|p1a: Klinklang\n|-damage|p1a: Klinklang|46\/100\n|-hitcount|p1a: Klinklang|2\n|move|p1a: Klinklang|Shift Gear|p1a: Klinklang\n|-boost|p1a: Klinklang|spe|2\n|-boost|p1a: Klinklang|atk|1\n|\n|-heal|p1a: Klinklang|52\/100|[from] item: Leftovers\n|-heal|p2a: Klinklang|83\/100|[from] item: Leftovers\n|upkeep\n|turn|18\n|\n|t:|1664498879\n|move|p1a: Klinklang|Protect|p1a: Klinklang\n|-singleturn|p1a: Klinklang|Protect\n|move|p2a: Klinklang|Gear Grind|p1a: Klinklang\n|-activate|p1a: Klinklang|move: Protect\n|\n|-heal|p1a: Klinklang|58\/100|[from] item: Leftovers\n|-heal|p2a: Klinklang|89\/100|[from] item: Leftovers\n|upkeep\n|turn|19\n|\n|t:|1664498881\n|move|p1a: Klinklang|Gear Grind|p2a: Klinklang|[miss]\n|-miss|p1a: Klinklang|p2a: Klinklang\n|move|p2a: Klinklang|Gear Grind|p1a: Klinklang\n|-resisted|p1a: Klinklang\n|-damage|p1a: Klinklang|39\/100\n|-resisted|p1a: Klinklang\n|-damage|p1a: Klinklang|19\/100\n|-hitcount|p1a: Klinklang|2\n|\n|-heal|p1a: Klinklang|25\/100|[from] item: Leftovers\n|-heal|p2a: Klinklang|95\/100|[from] item: Leftovers\n|upkeep\n|turn|20\n|\n|t:|1664498893\n|move|p1a: Klinklang|Gear Grind|p2a: Klinklang\n|-resisted|p2a: Klinklang\n|-damage|p2a: Klinklang|72\/100\n|-resisted|p2a: Klinklang\n|-damage|p2a: Klinklang|49\/100\n|-hitcount|p2a: Klinklang|2\n|move|p2a: Klinklang|Gear Grind|p1a: Klinklang|[miss]\n|-miss|p2a: Klinklang|p1a: Klinklang\n|\n|-heal|p1a: Klinklang|31\/100|[from] item: Leftovers\n|-heal|p2a: Klinklang|55\/100|[from] item: Leftovers\n|upkeep\n|turn|21\n|\n|t:|1664498897\n|move|p1a: Klinklang|Gear Grind|p2a: Klinklang|[miss]\n|-miss|p1a: Klinklang|p2a: Klinklang\n|move|p2a: Klinklang|Gear Grind|p1a: Klinklang\n|-resisted|p1a: Klinklang\n|-damage|p1a: Klinklang|12\/100\n|-resisted|p1a: Klinklang\n|-damage|p1a: Klinklang|0 fnt\n|faint|p1a: Klinklang\n|-hitcount|p1: Klinklang|2\n|\n|-heal|p2a: Klinklang|61\/100|[from] item: Leftovers\n|upkeep\n|\n|t:|1664498899\n|switch|p1a: Miltank|Miltank, F|82\/100\n|turn|22\n|\n|t:|1664498904\n|move|p2a: Klinklang|Gear Grind|p1a: Miltank\n|-damage|p1a: Miltank|55\/100\n|-damage|p1a: Miltank|27\/100\n|-hitcount|p1a: Miltank|2\n|move|p1a: Miltank|Seismic Toss|p2a: Klinklang\n|-damage|p2a: Klinklang|26\/100\n|\n|-heal|p2a: Klinklang|32\/100|[from] item: Leftovers\n|upkeep\n|turn|23\n|\n|t:|1664498912\n|move|p2a: Klinklang|Gear Grind|p1a: Miltank\n|-damage|p1a: Miltank|0 fnt\n|faint|p1a: Miltank\n|-hitcount|p1: Miltank|1\n|\n|-heal|p2a: Klinklang|38\/100|[from] item: Leftovers\n|upkeep\n|\n|t:|1664498913\n|switch|p1a: Silvally|Silvally-Grass|100\/100\n|turn|24\n|\n|t:|1664498916\n|move|p2a: Klinklang|Gear Grind|p1a: Silvally\n|-damage|p1a: Silvally|62\/100\n|-damage|p1a: Silvally|23\/100\n|-hitcount|p1a: Silvally|2\n|move|p1a: Silvally|Multi-Attack|p2a: Klinklang\n|-resisted|p2a: Klinklang\n|-damage|p2a: Klinklang|13\/100\n|\n|-heal|p2a: Klinklang|19\/100|[from] item: Leftovers\n|upkeep\n|turn|25\n|\n|t:|1664498918\n|move|p2a: Klinklang|Gear Grind|p1a: Silvally|[miss]\n|-miss|p2a: Klinklang|p1a: Silvally\n|move|p1a: Silvally|Multi-Attack|p2a: Klinklang\n|-resisted|p2a: Klinklang\n|-damage|p2a: Klinklang|0 fnt\n|faint|p2a: Klinklang\n|\n|upkeep\n|j| Terreitor\n|\n|t:|1664498920\n|switch|p2a: Kangaskhan|Kangaskhan, F|69\/100\n|turn|26\n|\n|t:|1664498926\n|switch|p1a: Altaria|Altaria, F|83\/100\n|move|p2a: Kangaskhan|Double-Edge|p1a: Altaria\n|-damage|p1a: Altaria|34\/100\n|-damage|p2a: Kangaskhan|53\/100|[from] Recoil\n|\n|upkeep\n|turn|27\n|\n|t:|1664498934\n|move|p2a: Kangaskhan|Double-Edge|p1a: Altaria\n|-damage|p1a: Altaria|0 fnt\n|faint|p1a: Altaria\n|-damage|p2a: Kangaskhan|42\/100|[from] Recoil\n|\n|upkeep\n|\n|t:|1664498935\n|switch|p1a: Silvally|Silvally-Grass|23\/100\n|turn|28\n|\n|t:|1664498937\n|switch|p2a: Rotom|Rotom|82\/100 tox\n|move|p1a: Silvally|Multi-Attack|p2a: Rotom\n|-damage|p2a: Rotom|9\/100 tox\n|-enditem|p2a: Rotom|Sitrus Berry|[eat]\n|-heal|p2a: Rotom|34\/100 tox|[from] item: Sitrus Berry\n|\n|-damage|p2a: Rotom|28\/100 tox|[from] psn\n|upkeep\n|turn|29\n|\n|t:|1664498939\n|move|p1a: Silvally|Multi-Attack|p2a: Rotom\n|-damage|p2a: Rotom|0 fnt\n|faint|p2a: Rotom\n|\n|upkeep\n|j| Parpar\n|\n|t:|1664498940\n|switch|p2a: Kangaskhan|Kangaskhan, F|42\/100\n|turn|30\n|\n|t:|1664498942\n|move|p2a: Kangaskhan|Fake Out|p1a: Silvally\n|-damage|p1a: Silvally|0 fnt\n|faint|p1a: Silvally\n|\n|win|ayevon\n|n|\u2606Ho3nConfirm3d|ho3nconfirm3d\n|n|\u2606ayevon|ayevon\n|n| bp (\u30c4)|bp\n|n| Rogervireop|rogervireop\n|n| Charles A Theist|charlesatheist\n|n| Terreitor|terreitor\n|n| Parpar|parpar\n","uploadtime":1664498944,"views":2,"p1id":"ho3nconfirm3d","p2id":"ayevon","formatid":"gen8zu","rating":0,"private":0,"password":null}