{"id":"gen8crossevolution-1695907698","p1":"knexhawk2","p2":"wick brady","format":"gen8crossevolution","log":"|j|\u2606knexhawk2\n|j|\u2606wick brady\n|inactive|Battle timer is ON: inactive players will automatically lose when time's up.\n|t:|1666840806\n|gametype|singles\n|player|p1|knexhawk2|red-masters|\n|player|p2|wick brady|sage-gen2|\n|teamsize|p1|6\n|teamsize|p2|6\n|gen|8\n|tier|[Gen 8] Cross Evolution\n|rated|Tournament battle\n|rule|Species Clause: Limit one of each Pok\u00e9mon\n|rule|OHKO Clause: OHKO moves are banned\n|rule|Evasion Moves Clause: Evasion moves are banned\n|rule|Endless Battle Clause: Forcing endless battles is banned\n|rule|Dynamax Clause: You cannot dynamax\n|rule|HP Percentage Mod: HP is shown in percentages\n|rule|2 Ability Clause: Limit two of each ability\n|rule|Sleep Clause Mod: Limit one foe put to sleep\n|clearpoke\n|poke|p1|Ferroseed, M|\n|poke|p1|Dusclops, F|\n|poke|p1|Rhydon, F|\n|poke|p1|Ho-Oh|\n|poke|p1|Tangela, M|\n|poke|p1|Eternatus|\n|poke|p2|Munchlax, F|\n|poke|p2|Wailmer, M|\n|poke|p2|Tangela, M|\n|poke|p2|Tentacool, F|\n|poke|p2|Ditto|\n|poke|p2|Zweilous, F|\n|teampreview\n|inactive|wick brady also wants the timer to be on.\n|j| BonkFace\n|j| Noobieray\n|j| ronnie.dgaf\n|j| Light DN\n|inactive|knexhawk2 has 120 seconds left.\n|c| ronnie.dgaf|i got mad money on knexhawk\n|c|\u2606wick brady|brb\n|\n|t:|1666840844\n|start\n|switch|p1a: Clefable|Dusclops, F|100\/100\n|switch|p2a: Ditto|Ditto|100\/100\n|-transform|p2a: Ditto|p1a: Clefable|[from] ability: Imposter\n|turn|1\n|j|@Sww-Suwa\n|c| Noobieray|good luck\n|j| Nauts\n|j| Naturalharmoniax\n|j| tempocount\n|inactive|wick brady has 120 seconds left.\n|j| Xsage93\n|l| tempocount\n|j| uiyouiyfutdyfxg'\n|j| innovamania\n|j| Lost Temple\n|l| Lost Temple\n|inactive|wick brady has 90 seconds left.\n|l| uiyouiyfutdyfxg'\n|j| sev3nnationalhomes\n|\n|t:|1666840932\n|switch|p2a: Reuniclus|Zweilous, F|100\/100\n|move|p1a: Clefable|Shadow Ball|p2a: Reuniclus\n|-resisted|p2a: Reuniclus\n|-damage|p2a: Reuniclus|95\/100\n|\n|upkeep\n|turn|2\n|c|\u2606wick brady|soft knock wisp sball\n|j| Aimie Atkinson\n|l| Aimie Atkinson\n|c|\u2606knexhawk2|two can do that\n|c|\u2606knexhawk2|https:\/\/pokepast.es\/e7be25243a6789a8\n|l|@Sww-Suwa\n|inactive|knexhawk2 has 120 seconds left.\n|c|\u2606wick brady|ill ff at turn 100\n|c|\u2606knexhawk2|liol\n|\n|t:|1666840966\n|switch|p1a: Fuck your rules.|Ho-Oh|100\/100\n|move|p2a: Reuniclus|Knock Off|p1a: Fuck your rules.\n|-damage|p1a: Fuck your rules.|78\/100\n|-enditem|p1a: Fuck your rules.|Heavy-Duty Boots|[from] move: Knock Off|[of] p2a: Reuniclus\n|\n|upkeep\n|turn|3\n|c|\u2606knexhawk2|ok\n|c|\u2606wick brady|im not doing this shit at 12pm\n|c| ronnie.dgaf|he knows ya teamXDD\n|c|\u2606wick brady|am\n|j| follower of Christ\n|inactive|knexhawk2 has 120 seconds left.\n|c|\u2606knexhawk2|No rocker\n|j| okaiokaiokai\n|c|\u2606knexhawk2|awesome\n|\n|t:|1666840984\n|switch|p2a: Vespiquen|Tentacool, F|100\/100\n|-ability|p2a: Vespiquen|Pressure\n|move|p1a: Fuck your rules.|Toxic|p2a: Vespiquen\n|-immune|p2a: Vespiquen\n|\n|upkeep\n|turn|4\n|inactive|knexhawk2 has 120 seconds left.\n|j| Steez Ibanez\n|j| Pikablu007\n|c| follower of Christ|gl hf\n|\n|t:|1666841003\n|switch|p1a: im just that guy|Eternatus|100\/100\n|-ability|p1a: im just that guy|Pressure\n|move|p2a: Vespiquen|Scald|p1a: im just that guy\n|-resisted|p1a: im just that guy\n|-damage|p1a: im just that guy|91\/100\n|\n|-heal|p1a: im just that guy|97\/100|[from] item: Black Sludge\n|upkeep\n|turn|5\n|c| follower of Christ|thank Jesus!\n|c|\u2606knexhawk2|agreed fellow christ follower!\n|\n|t:|1666841017\n|switch|p1a: Milotic|Ferroseed, M|100\/100\n|switch|p2a: Milotic|Munchlax, F|100\/100\n|\n|-status|p2a: Milotic|brn|[from] item: Flame Orb\n|upkeep\n|turn|6\n|\n|t:|1666841024\n|move|p1a: Milotic|Spikes|p2a: Milotic\n|-sidestart|p2: wick brady|Spikes\n|move|p2a: Milotic|Coil|p2a: Milotic\n|-boost|p2a: Milotic|atk|1\n|-boost|p2a: Milotic|def|1\n|-boost|p2a: Milotic|accuracy|1\n|\n|-damage|p2a: Milotic|94\/100 brn|[from] brn\n|upkeep\n|turn|7\n|inactive|knexhawk2 has 120 seconds left.\n|c|\u2606knexhawk2|i think that\n|c|\u2606knexhawk2|might just wipe me\n|\n|t:|1666841056\n|move|p1a: Milotic|Scald|p2a: Milotic\n|-damage|p2a: Milotic|88\/100 brn\n|move|p2a: Milotic|Toxic|p1a: Milotic\n|-immune|p1a: Milotic\n|\n|-damage|p2a: Milotic|82\/100 brn|[from] brn\n|upkeep\n|turn|8\n|\n|t:|1666841064\n|move|p1a: Milotic|Knock Off|p2a: Milotic\n|-damage|p2a: Milotic|77\/100 brn\n|-enditem|p2a: Milotic|Flame Orb|[from] move: Knock Off|[of] p1a: Milotic\n|move|p2a: Milotic|Toxic|p1a: Milotic\n|-immune|p1a: Milotic\n|\n|-damage|p2a: Milotic|71\/100 brn|[from] brn\n|upkeep\n|turn|9\n|inactive|knexhawk2 has 120 seconds left.\n|\n|t:|1666841070\n|move|p1a: Milotic|Spikes|p2a: Milotic\n|-sidestart|p2: wick brady|Spikes\n|move|p2a: Milotic|Recover|p2a: Milotic\n|-heal|p2a: Milotic|100\/100 brn\n|\n|-damage|p2a: Milotic|94\/100 brn|[from] brn\n|upkeep\n|turn|10\n|\n|t:|1666841073\n|move|p1a: Milotic|Spikes|p2a: Milotic\n|-sidestart|p2: wick brady|Spikes\n|move|p2a: Milotic|Coil|p2a: Milotic\n|-boost|p2a: Milotic|atk|1\n|-boost|p2a: Milotic|def|1\n|-boost|p2a: Milotic|accuracy|1\n|\n|-damage|p2a: Milotic|88\/100 brn|[from] brn\n|upkeep\n|turn|11\n|\n|t:|1666841082\n|move|p1a: Milotic|Scald|p2a: Milotic\n|-damage|p2a: Milotic|81\/100 brn\n|move|p2a: Milotic|Toxic|p1a: Milotic\n|-immune|p1a: Milotic\n|\n|-damage|p2a: Milotic|75\/100 brn|[from] brn\n|upkeep\n|turn|12\n|\n|t:|1666841085\n|move|p1a: Milotic|Scald|p2a: Milotic\n|-damage|p2a: Milotic|69\/100 brn\n|move|p2a: Milotic|Coil|p2a: Milotic\n|-boost|p2a: Milotic|atk|1\n|-boost|p2a: Milotic|def|1\n|-boost|p2a: Milotic|accuracy|1\n|\n|-damage|p2a: Milotic|62\/100 brn|[from] brn\n|upkeep\n|turn|13\n|\n|t:|1666841088\n|move|p1a: Milotic|Scald|p2a: Milotic\n|-damage|p2a: Milotic|56\/100 brn\n|move|p2a: Milotic|Recover|p2a: Milotic\n|-heal|p2a: Milotic|100\/100 brn\n|\n|-damage|p2a: Milotic|94\/100 brn|[from] brn\n|upkeep\n|turn|14\n|\n|t:|1666841089\n|move|p1a: Milotic|Scald|p2a: Milotic\n|-damage|p2a: Milotic|88\/100 brn\n|move|p2a: Milotic|Facade|p1a: Milotic\n|-resisted|p1a: Milotic\n|-damage|p1a: Milotic|69\/100\n|\n|-heal|p1a: Milotic|75\/100|[from] item: Leftovers\n|-damage|p2a: Milotic|81\/100 brn|[from] brn\n|upkeep\n|turn|15\n|\n|t:|1666841092\n|move|p1a: Milotic|Scald|p2a: Milotic\n|-damage|p2a: Milotic|75\/100 brn\n|move|p2a: Milotic|Coil|p2a: Milotic\n|-boost|p2a: Milotic|atk|1\n|-boost|p2a: Milotic|def|1\n|-boost|p2a: Milotic|accuracy|1\n|\n|-heal|p1a: Milotic|81\/100|[from] item: Leftovers\n|-damage|p2a: Milotic|69\/100 brn|[from] brn\n|upkeep\n|turn|16\n|\n|t:|1666841094\n|move|p1a: Milotic|Scald|p2a: Milotic\n|-damage|p2a: Milotic|62\/100 brn\n|move|p2a: Milotic|Coil|p2a: Milotic\n|-boost|p2a: Milotic|atk|1\n|-boost|p2a: Milotic|def|1\n|-boost|p2a: Milotic|accuracy|1\n|\n|-heal|p1a: Milotic|87\/100|[from] item: Leftovers\n|-damage|p2a: Milotic|56\/100 brn|[from] brn\n|upkeep\n|turn|17\n|\n|t:|1666841096\n|move|p1a: Milotic|Scald|p2a: Milotic\n|-damage|p2a: Milotic|49\/100 brn\n|move|p2a: Milotic|Recover|p2a: Milotic\n|-heal|p2a: Milotic|99\/100 brn\n|\n|-heal|p1a: Milotic|93\/100|[from] item: Leftovers\n|-damage|p2a: Milotic|93\/100 brn|[from] brn\n|upkeep\n|turn|18\n|\n|t:|1666841097\n|move|p1a: Milotic|Scald|p2a: Milotic\n|-damage|p2a: Milotic|86\/100 brn\n|move|p2a: Milotic|Coil|p2a: Milotic\n|-boost|p2a: Milotic|atk|1\n|-boost|p2a: Milotic|def|1\n|-boost|p2a: Milotic|accuracy|1\n|\n|-heal|p1a: Milotic|99\/100|[from] item: Leftovers\n|-damage|p2a: Milotic|80\/100 brn|[from] brn\n|upkeep\n|turn|19\n|\n|t:|1666841098\n|move|p1a: Milotic|Scald|p2a: Milotic\n|-damage|p2a: Milotic|74\/100 brn\n|move|p2a: Milotic|Facade|p1a: Milotic\n|-resisted|p1a: Milotic\n|-damage|p1a: Milotic|45\/100\n|\n|-heal|p1a: Milotic|51\/100|[from] item: Leftovers\n|-damage|p2a: Milotic|68\/100 brn|[from] brn\n|upkeep\n|turn|20\n|\n|t:|1666841101\n|move|p1a: Milotic|Recover|p1a: Milotic\n|-heal|p1a: Milotic|100\/100\n|move|p2a: Milotic|Facade|p1a: Milotic\n|-resisted|p1a: Milotic\n|-damage|p1a: Milotic|53\/100\n|\n|-heal|p1a: Milotic|60\/100|[from] item: Leftovers\n|-damage|p2a: Milotic|61\/100 brn|[from] brn\n|upkeep\n|turn|21\n|\n|t:|1666841104\n|move|p1a: Milotic|Recover|p1a: Milotic\n|-heal|p1a: Milotic|100\/100\n|move|p2a: Milotic|Facade|p1a: Milotic\n|-resisted|p1a: Milotic\n|-damage|p1a: Milotic|49\/100\n|\n|-heal|p1a: Milotic|55\/100|[from] item: Leftovers\n|-damage|p2a: Milotic|55\/100 brn|[from] brn\n|upkeep\n|turn|22\n|\n|t:|1666841107\n|move|p1a: Milotic|Recover|p1a: Milotic\n|-heal|p1a: Milotic|100\/100\n|move|p2a: Milotic|Recover|p2a: Milotic\n|-heal|p2a: Milotic|100\/100 brn\n|\n|-damage|p2a: Milotic|94\/100 brn|[from] brn\n|upkeep\n|turn|23\n|\n|t:|1666841109\n|move|p1a: Milotic|Knock Off|p2a: Milotic\n|-damage|p2a: Milotic|93\/100 brn\n|move|p2a: Milotic|Facade|p1a: Milotic\n|-resisted|p1a: Milotic\n|-damage|p1a: Milotic|48\/100\n|\n|-heal|p1a: Milotic|54\/100|[from] item: Leftovers\n|-damage|p2a: Milotic|87\/100 brn|[from] brn\n|upkeep\n|turn|24\n|\n|t:|1666841112\n|move|p1a: Milotic|Recover|p1a: Milotic\n|-heal|p1a: Milotic|100\/100\n|move|p2a: Milotic|Facade|p1a: Milotic\n|-resisted|p1a: Milotic\n|-damage|p1a: Milotic|46\/100\n|\n|-heal|p1a: Milotic|52\/100|[from] item: Leftovers\n|-damage|p2a: Milotic|81\/100 brn|[from] brn\n|upkeep\n|turn|25\n|\n|t:|1666841114\n|move|p1a: Milotic|Recover|p1a: Milotic\n|-heal|p1a: Milotic|100\/100\n|move|p2a: Milotic|Facade|p1a: Milotic\n|-resisted|p1a: Milotic\n|-damage|p1a: Milotic|48\/100\n|\n|-heal|p1a: Milotic|54\/100|[from] item: Leftovers\n|-damage|p2a: Milotic|74\/100 brn|[from] brn\n|upkeep\n|turn|26\n|\n|t:|1666841115\n|move|p1a: Milotic|Recover|p1a: Milotic\n|-heal|p1a: Milotic|100\/100\n|move|p2a: Milotic|Facade|p1a: Milotic\n|-resisted|p1a: Milotic\n|-damage|p1a: Milotic|54\/100\n|\n|-heal|p1a: Milotic|60\/100|[from] item: Leftovers\n|-damage|p2a: Milotic|68\/100 brn|[from] brn\n|upkeep\n|turn|27\n|\n|t:|1666841117\n|move|p1a: Milotic|Recover|p1a: Milotic\n|-heal|p1a: Milotic|100\/100\n|move|p2a: Milotic|Facade|p1a: Milotic\n|-resisted|p1a: Milotic\n|-damage|p1a: Milotic|50\/100\n|\n|-heal|p1a: Milotic|56\/100|[from] item: Leftovers\n|-damage|p2a: Milotic|62\/100 brn|[from] brn\n|upkeep\n|turn|28\n|\n|t:|1666841119\n|move|p1a: Milotic|Recover|p1a: Milotic\n|-heal|p1a: Milotic|100\/100\n|move|p2a: Milotic|Facade|p1a: Milotic\n|-resisted|p1a: Milotic\n|-damage|p1a: Milotic|48\/100\n|\n|-heal|p1a: Milotic|54\/100|[from] item: Leftovers\n|-damage|p2a: Milotic|56\/100 brn|[from] brn\n|upkeep\n|turn|29\n|\n|t:|1666841121\n|move|p1a: Milotic|Recover|p1a: Milotic\n|-heal|p1a: Milotic|100\/100\n|move|p2a: Milotic|Recover|p2a: Milotic\n|-heal|p2a: Milotic|100\/100 brn\n|\n|-damage|p2a: Milotic|94\/100 brn|[from] brn\n|upkeep\n|turn|30\n|\n|t:|1666841123\n|switch|p1a: Clefable|Dusclops, F|100\/100\n|move|p2a: Milotic|Facade|p1a: Clefable\n|-immune|p1a: Clefable\n|\n|-damage|p2a: Milotic|88\/100 brn|[from] brn\n|upkeep\n|turn|31\n|\n|t:|1666841131\n|switch|p1a: Milotic|Ferroseed, M|100\/100\n|move|p2a: Milotic|Facade|p1a: Milotic\n|-resisted|p1a: Milotic\n|-damage|p1a: Milotic|52\/100\n|\n|-heal|p1a: Milotic|58\/100|[from] item: Leftovers\n|-damage|p2a: Milotic|82\/100 brn|[from] brn\n|upkeep\n|turn|32\n|\n|t:|1666841134\n|move|p1a: Milotic|Recover|p1a: Milotic\n|-heal|p1a: Milotic|100\/100\n|move|p2a: Milotic|Facade|p1a: Milotic\n|-resisted|p1a: Milotic\n|-damage|p1a: Milotic|49\/100\n|\n|-heal|p1a: Milotic|55\/100|[from] item: Leftovers\n|-damage|p2a: Milotic|76\/100 brn|[from] brn\n|upkeep\n|turn|33\n|\n|t:|1666841136\n|move|p1a: Milotic|Recover|p1a: Milotic\n|-heal|p1a: Milotic|100\/100\n|move|p2a: Milotic|Facade|p1a: Milotic\n|-resisted|p1a: Milotic\n|-damage|p1a: Milotic|53\/100\n|\n|-heal|p1a: Milotic|60\/100|[from] item: Leftovers\n|-damage|p2a: Milotic|69\/100 brn|[from] brn\n|upkeep\n|turn|34\n|\n|t:|1666841141\n|move|p1a: Milotic|Recover|p1a: Milotic\n|-heal|p1a: Milotic|100\/100\n|move|p2a: Milotic|Facade|p1a: Milotic\n|-resisted|p1a: Milotic\n|-damage|p1a: Milotic|53\/100\n|\n|-heal|p1a: Milotic|59\/100|[from] item: Leftovers\n|-damage|p2a: Milotic|63\/100 brn|[from] brn\n|upkeep\n|turn|35\n|\n|t:|1666841144\n|move|p1a: Milotic|Recover|p1a: Milotic\n|-heal|p1a: Milotic|100\/100\n|move|p2a: Milotic|Facade|p1a: Milotic\n|-resisted|p1a: Milotic\n|-damage|p1a: Milotic|50\/100\n|\n|-heal|p1a: Milotic|56\/100|[from] item: Leftovers\n|-damage|p2a: Milotic|57\/100 brn|[from] brn\n|upkeep\n|turn|36\n|\n|t:|1666841146\n|move|p1a: Milotic|Recover|p1a: Milotic\n|-heal|p1a: Milotic|100\/100\n|move|p2a: Milotic|Facade|p1a: Milotic\n|-resisted|p1a: Milotic\n|-damage|p1a: Milotic|53\/100\n|\n|-heal|p1a: Milotic|59\/100|[from] item: Leftovers\n|-damage|p2a: Milotic|51\/100 brn|[from] brn\n|upkeep\n|turn|37\n|\n|t:|1666841150\n|move|p1a: Milotic|Recover|p1a: Milotic\n|-heal|p1a: Milotic|100\/100\n|move|p2a: Milotic|Facade|p1a: Milotic\n|-resisted|p1a: Milotic\n|-damage|p1a: Milotic|53\/100\n|\n|-heal|p1a: Milotic|60\/100|[from] item: Leftovers\n|-damage|p2a: Milotic|44\/100 brn|[from] brn\n|upkeep\n|turn|38\n|\n|t:|1666841154\n|switch|p1a: Arcanine|Tangela, M|100\/100\n|-ability|p1a: Arcanine|Intimidate|boost\n|-unboost|p2a: Milotic|atk|1\n|move|p2a: Milotic|Recover|p2a: Milotic\n|-heal|p2a: Milotic|94\/100 brn\n|\n|-damage|p2a: Milotic|88\/100 brn|[from] brn\n|upkeep\n|turn|39\n|\n|t:|1666841163\n|switch|p1a: Clefable|Dusclops, F|100\/100\n|move|p2a: Milotic|Facade|p1a: Clefable\n|-immune|p1a: Clefable\n|\n|-damage|p2a: Milotic|82\/100 brn|[from] brn\n|upkeep\n|turn|40\n|l| Steez Ibanez\n|\n|t:|1666841169\n|switch|p1a: Milotic|Ferroseed, M|60\/100\n|move|p2a: Milotic|Toxic|p1a: Milotic\n|-immune|p1a: Milotic\n|\n|-heal|p1a: Milotic|66\/100|[from] item: Leftovers\n|-damage|p2a: Milotic|76\/100 brn|[from] brn\n|upkeep\n|turn|41\n|\n|t:|1666841173\n|switch|p1a: Arcanine|Tangela, M|100\/100\n|-ability|p1a: Arcanine|Intimidate|boost\n|-unboost|p2a: Milotic|atk|1\n|move|p2a: Milotic|Toxic|p1a: Arcanine\n|-status|p1a: Arcanine|tox\n|\n|-damage|p1a: Arcanine|94\/100 tox|[from] psn\n|-damage|p2a: Milotic|69\/100 brn|[from] brn\n|upkeep\n|turn|42\n|\n|t:|1666841178\n|move|p1a: Arcanine|Giga Drain|p2a: Milotic\n|-damage|p2a: Milotic|59\/100 brn\n|-heal|p1a: Arcanine|100\/100 tox|[from] drain|[of] p2a: Milotic\n|move|p2a: Milotic|Toxic|p1a: Arcanine\n|-fail|p1a: Arcanine|tox\n|\n|-damage|p1a: Arcanine|88\/100 tox|[from] psn\n|-damage|p2a: Milotic|52\/100 brn|[from] brn\n|upkeep\n|turn|43\n|\n|t:|1666841184\n|switch|p1a: Milotic|Ferroseed, M|66\/100\n|move|p2a: Milotic|Recover|p2a: Milotic\n|-heal|p2a: Milotic|100\/100 brn\n|\n|-heal|p1a: Milotic|72\/100|[from] item: Leftovers\n|-damage|p2a: Milotic|94\/100 brn|[from] brn\n|upkeep\n|turn|44\n|\n|t:|1666841189\n|switch|p1a: Arcanine|Tangela, M|88\/100 tox\n|-ability|p1a: Arcanine|Intimidate|boost\n|-unboost|p2a: Milotic|atk|1\n|move|p2a: Milotic|Toxic|p1a: Arcanine\n|-fail|p1a: Arcanine|tox\n|\n|-heal|p1a: Arcanine|94\/100 tox|[from] item: Leftovers\n|-damage|p1a: Arcanine|88\/100 tox|[from] psn\n|-damage|p2a: Milotic|88\/100 brn|[from] brn\n|upkeep\n|turn|45\n|\n|t:|1666841193\n|switch|p1a: Milotic|Ferroseed, M|72\/100\n|move|p2a: Milotic|Facade|p1a: Milotic\n|-resisted|p1a: Milotic\n|-damage|p1a: Milotic|39\/100\n|\n|-heal|p1a: Milotic|45\/100|[from] item: Leftovers\n|-damage|p2a: Milotic|82\/100 brn|[from] brn\n|upkeep\n|turn|46\n|\n|t:|1666841198\n|move|p1a: Milotic|Recover|p1a: Milotic\n|-heal|p1a: Milotic|95\/100\n|move|p2a: Milotic|Facade|p1a: Milotic\n|-resisted|p1a: Milotic\n|-damage|p1a: Milotic|66\/100\n|\n|-heal|p1a: Milotic|72\/100|[from] item: Leftovers\n|-damage|p2a: Milotic|76\/100 brn|[from] brn\n|upkeep\n|turn|47\n|\n|t:|1666841203\n|switch|p1a: Arcanine|Tangela, M|88\/100 tox\n|-ability|p1a: Arcanine|Intimidate|boost\n|-unboost|p2a: Milotic|atk|1\n|move|p2a: Milotic|Recover|p2a: Milotic\n|-heal|p2a: Milotic|100\/100 brn\n|\n|-heal|p1a: Arcanine|94\/100 tox|[from] item: Leftovers\n|-damage|p1a: Arcanine|88\/100 tox|[from] psn\n|-damage|p2a: Milotic|94\/100 brn|[from] brn\n|upkeep\n|turn|48\n|\n|t:|1666841208\n|move|p1a: Arcanine|Giga Drain|p2a: Milotic\n|-damage|p2a: Milotic|82\/100 brn\n|-heal|p1a: Arcanine|97\/100 tox|[from] drain|[of] p2a: Milotic\n|move|p2a: Milotic|Coil|p2a: Milotic\n|-boost|p2a: Milotic|atk|1\n|-boost|p2a: Milotic|def|0\n|-boost|p2a: Milotic|accuracy|0\n|\n|-heal|p1a: Arcanine|100\/100 tox|[from] item: Leftovers\n|-damage|p1a: Arcanine|88\/100 tox|[from] psn\n|-damage|p2a: Milotic|76\/100 brn|[from] brn\n|upkeep\n|turn|49\n|\n|t:|1666841217\n|switch|p1a: Clefable|Dusclops, F|100\/100\n|switch|p2a: Vespiquen|Tentacool, F|100\/100\n|-damage|p2a: Vespiquen|75\/100|[from] Spikes\n|-ability|p2a: Vespiquen|Pressure\n|\n|-heal|p2a: Vespiquen|82\/100|[from] item: Black Sludge\n|upkeep\n|turn|50\n|\n|t:|1666841233\n|move|p1a: Clefable|Will-O-Wisp|p2a: Vespiquen\n|-status|p2a: Vespiquen|brn\n|move|p2a: Vespiquen|Scald|p1a: Clefable\n|-damage|p1a: Clefable|86\/100\n|\n|-heal|p1a: Clefable|92\/100|[from] item: Leftovers\n|-heal|p2a: Vespiquen|88\/100 brn|[from] item: Black Sludge\n|-damage|p2a: Vespiquen|82\/100 brn|[from] brn\n|upkeep\n|turn|51\n|\n|t:|1666841239\n|move|p1a: Clefable|Knock Off|p2a: Vespiquen\n|-damage|p2a: Vespiquen|66\/100 brn\n|-enditem|p2a: Vespiquen|Black Sludge|[from] move: Knock Off|[of] p1a: Clefable\n|move|p2a: Vespiquen|Scald|p1a: Clefable\n|-damage|p1a: Clefable|76\/100\n|-status|p1a: Clefable|brn\n|\n|-heal|p1a: Clefable|82\/100 brn|[from] item: Leftovers\n|-damage|p1a: Clefable|76\/100 brn|[from] brn\n|-damage|p2a: Vespiquen|60\/100 brn|[from] brn\n|upkeep\n|turn|52\n|\n|t:|1666841250\n|move|p1a: Clefable|Shadow Ball|p2a: Vespiquen\n|-damage|p2a: Vespiquen|43\/100 brn\n|move|p2a: Vespiquen|Roost|p2a: Vespiquen\n|-heal|p2a: Vespiquen|93\/100 brn\n|-singleturn|p2a: Vespiquen|move: Roost\n|\n|-heal|p1a: Clefable|82\/100 brn|[from] item: Leftovers\n|-damage|p1a: Clefable|76\/100 brn|[from] brn\n|-damage|p2a: Vespiquen|87\/100 brn|[from] brn\n|upkeep\n|turn|53\n|\n|t:|1666841254\n|switch|p1a: Fuck your rules.|Ho-Oh|100\/100\n|switch|p2a: Reuniclus|Zweilous, F|100\/100\n|-damage|p2a: Reuniclus|76\/100|[from] Spikes\n|\n|upkeep\n|turn|54\n|\n|t:|1666841261\n|switch|p2a: Vespiquen|Tentacool, F|87\/100 brn\n|-damage|p2a: Vespiquen|62\/100 brn|[from] Spikes\n|-ability|p2a: Vespiquen|Pressure\n|move|p1a: Fuck your rules.|Toxic|p2a: Vespiquen|[miss]\n|-miss|p1a: Fuck your rules.|p2a: Vespiquen\n|\n|-damage|p2a: Vespiquen|56\/100 brn|[from] brn\n|upkeep\n|turn|55\n|\n|t:|1666841266\n|switch|p1a: Clefable|Dusclops, F|76\/100 brn\n|move|p2a: Vespiquen|Roost|p2a: Vespiquen\n|-heal|p2a: Vespiquen|100\/100 brn\n|-singleturn|p2a: Vespiquen|move: Roost\n|\n|-heal|p1a: Clefable|82\/100 brn|[from] item: Leftovers\n|-damage|p1a: Clefable|76\/100 brn|[from] brn\n|-damage|p2a: Vespiquen|94\/100 brn|[from] brn\n|upkeep\n|turn|56\n|j| HOF69\n|\n|t:|1666841283\n|switch|p1a: Fuck your rules.|Ho-Oh|100\/100\n|move|p2a: Vespiquen|Scald|p1a: Fuck your rules.\n|-supereffective|p1a: Fuck your rules.\n|-damage|p1a: Fuck your rules.|68\/100\n|\n|-damage|p2a: Vespiquen|88\/100 brn|[from] brn\n|upkeep\n|turn|57\n|c| okaiokaiokai|hol up i was doing my hw how did munchlax lose so much pp god dayum\n|\n|t:|1666841287\n|move|p1a: Fuck your rules.|Brave Bird|p2a: Vespiquen\n|-damage|p2a: Vespiquen|53\/100 brn\n|-damage|p1a: Fuck your rules.|58\/100|[from] Recoil\n|move|p2a: Vespiquen|Scald|p1a: Fuck your rules.\n|-supereffective|p1a: Fuck your rules.\n|-damage|p1a: Fuck your rules.|26\/100\n|\n|-damage|p2a: Vespiquen|47\/100 brn|[from] brn\n|upkeep\n|turn|58\n|c|\u2606knexhawk2|look at my ferroseed lol\n|\n|t:|1666841301\n|switch|p1a: Clefable|Dusclops, F|76\/100 brn\n|move|p2a: Vespiquen|Roost|p2a: Vespiquen\n|-heal|p2a: Vespiquen|97\/100 brn\n|-singleturn|p2a: Vespiquen|move: Roost\n|\n|-heal|p1a: Clefable|82\/100 brn|[from] item: Leftovers\n|-damage|p1a: Clefable|76\/100 brn|[from] brn\n|-damage|p2a: Vespiquen|91\/100 brn|[from] brn\n|upkeep\n|turn|59\n|\n|t:|1666841305\n|move|p1a: Clefable|Knock Off|p2a: Vespiquen\n|-damage|p2a: Vespiquen|86\/100 brn\n|move|p2a: Vespiquen|Scald|p1a: Clefable\n|-damage|p1a: Clefable|60\/100 brn\n|\n|-heal|p1a: Clefable|66\/100 brn|[from] item: Leftovers\n|-damage|p1a: Clefable|60\/100 brn|[from] brn\n|-damage|p2a: Vespiquen|80\/100 brn|[from] brn\n|upkeep\n|turn|60\n|\n|t:|1666841308\n|move|p1a: Clefable|Knock Off|p2a: Vespiquen\n|-crit|p2a: Vespiquen\n|-damage|p2a: Vespiquen|72\/100 brn\n|move|p2a: Vespiquen|Scald|p1a: Clefable\n|-damage|p1a: Clefable|44\/100 brn\n|\n|-heal|p1a: Clefable|50\/100 brn|[from] item: Leftovers\n|-damage|p1a: Clefable|44\/100 brn|[from] brn\n|-damage|p2a: Vespiquen|66\/100 brn|[from] brn\n|upkeep\n|turn|61\n|\n|t:|1666841312\n|move|p1a: Clefable|Soft-Boiled|p1a: Clefable\n|-heal|p1a: Clefable|94\/100 brn\n|move|p2a: Vespiquen|Scald|p1a: Clefable\n|-damage|p1a: Clefable|80\/100 brn\n|\n|-heal|p1a: Clefable|86\/100 brn|[from] item: Leftovers\n|-damage|p1a: Clefable|80\/100 brn|[from] brn\n|-damage|p2a: Vespiquen|60\/100 brn|[from] brn\n|upkeep\n|turn|62\n|\n|t:|1666841319\n|switch|p1a: Fuck your rules.|Ho-Oh|59\/100\n|move|p2a: Vespiquen|Roost|p2a: Vespiquen\n|-heal|p2a: Vespiquen|100\/100 brn\n|-singleturn|p2a: Vespiquen|move: Roost\n|\n|-damage|p2a: Vespiquen|94\/100 brn|[from] brn\n|upkeep\n|turn|63\n|\n|t:|1666841322\n|switch|p1a: Clefable|Dusclops, F|80\/100 brn\n|move|p2a: Vespiquen|Scald|p1a: Clefable\n|-damage|p1a: Clefable|66\/100 brn\n|\n|-heal|p1a: Clefable|72\/100 brn|[from] item: Leftovers\n|-damage|p1a: Clefable|66\/100 brn|[from] brn\n|-damage|p2a: Vespiquen|88\/100 brn|[from] brn\n|upkeep\n|turn|64\n|\n|t:|1666841327\n|move|p1a: Clefable|Shadow Ball|p2a: Vespiquen\n|-damage|p2a: Vespiquen|72\/100 brn\n|-unboost|p2a: Vespiquen|spd|1\n|move|p2a: Vespiquen|Scald|p1a: Clefable\n|-damage|p1a: Clefable|52\/100 brn\n|\n|-heal|p1a: Clefable|58\/100 brn|[from] item: Leftovers\n|-damage|p1a: Clefable|52\/100 brn|[from] brn\n|-damage|p2a: Vespiquen|66\/100 brn|[from] brn\n|upkeep\n|turn|65\n|\n|t:|1666841329\n|move|p1a: Clefable|Shadow Ball|p2a: Vespiquen\n|-damage|p2a: Vespiquen|49\/100 brn\n|move|p2a: Vespiquen|Scald|p1a: Clefable\n|-damage|p1a: Clefable|38\/100 brn\n|\n|-heal|p1a: Clefable|44\/100 brn|[from] item: Leftovers\n|-damage|p1a: Clefable|38\/100 brn|[from] brn\n|-damage|p2a: Vespiquen|43\/100 brn|[from] brn\n|upkeep\n|turn|66\n|\n|t:|1666841333\n|move|p1a: Clefable|Shadow Ball|p2a: Vespiquen\n|-damage|p2a: Vespiquen|27\/100 brn\n|move|p2a: Vespiquen|Rapid Spin|p1a: Clefable\n|-immune|p1a: Clefable\n|\n|-heal|p1a: Clefable|44\/100 brn|[from] item: Leftovers\n|-damage|p1a: Clefable|38\/100 brn|[from] brn\n|-damage|p2a: Vespiquen|21\/100 brn|[from] brn\n|upkeep\n|turn|67\n|\n|t:|1666841336\n|switch|p2a: Reuniclus|Zweilous, F|100\/100\n|-damage|p2a: Reuniclus|76\/100|[from] Spikes\n|move|p1a: Clefable|Soft-Boiled|p1a: Clefable\n|-heal|p1a: Clefable|88\/100 brn\n|\n|-heal|p1a: Clefable|94\/100 brn|[from] item: Leftovers\n|-damage|p1a: Clefable|88\/100 brn|[from] brn\n|upkeep\n|turn|68\n|c|\u2606knexhawk2|...\n|c|\u2606knexhawk2|you just\n|c|\u2606knexhawk2|threw the game\n|c|\u2606knexhawk2|that dies to hazards now\n|\n|t:|1666841349\n|switch|p1a: Fuck your rules.|Ho-Oh|93\/100\n|move|p2a: Reuniclus|Knock Off|p1a: Fuck your rules.\n|-damage|p1a: Fuck your rules.|77\/100\n|\n|upkeep\n|turn|69\n|c|\u2606wick brady|yo i thought it had regen\n|j| amstan (-_-)\n|\n|t:|1666841356\n|move|p1a: Fuck your rules.|Toxic|p2a: Reuniclus\n|-status|p2a: Reuniclus|tox\n|move|p2a: Reuniclus|Body Slam|p1a: Fuck your rules.\n|-damage|p1a: Fuck your rules.|63\/100\n|\n|-damage|p2a: Reuniclus|69\/100 tox|[from] psn\n|upkeep\n|turn|70\n|c|\u2606knexhawk2|its pressure\n|\n|t:|1666841363\n|switch|p2a: Toxapex|Wailmer, M|100\/100\n|-damage|p2a: Toxapex|75\/100|[from] Spikes\n|move|p1a: Fuck your rules.|Roost|p1a: Fuck your rules.\n|-heal|p1a: Fuck your rules.|100\/100\n|-singleturn|p1a: Fuck your rules.|move: Roost\n|\n|-heal|p2a: Toxapex|82\/100|[from] item: Leftovers\n|upkeep\n|turn|71\n|\n|t:|1666841372\n|move|p1a: Fuck your rules.|Toxic|p2a: Toxapex|[miss]\n|-miss|p1a: Fuck your rules.|p2a: Toxapex\n|move|p2a: Toxapex|Toxic Spikes|p1a: Fuck your rules.\n|-sidestart|p1: knexhawk2|move: Toxic Spikes\n|\n|-heal|p2a: Toxapex|88\/100|[from] item: Leftovers\n|upkeep\n|turn|72\n|c| amstan (-_-)|knex\n|c|\u2606knexhawk2|?\n|\n|t:|1666841377\n|move|p1a: Fuck your rules.|Toxic|p2a: Toxapex\n|-status|p2a: Toxapex|tox\n|move|p2a: Toxapex|Scald|p1a: Fuck your rules.\n|-supereffective|p1a: Fuck your rules.\n|-damage|p1a: Fuck your rules.|73\/100\n|\n|-heal|p2a: Toxapex|94\/100 tox|[from] item: Leftovers\n|-damage|p2a: Toxapex|88\/100 tox|[from] psn\n|upkeep\n|turn|73\n|c| amstan (-_-)|the hooh is pressure??\n|\n|t:|1666841382\n|switch|p1a: im just that guy|Eternatus|97\/100\n|-sideend|p1: knexhawk2|move: Toxic Spikes|[of] p1a: im just that guy\n|-ability|p1a: im just that guy|Pressure\n|move|p2a: Toxapex|Roar|p1a: im just that guy\n|drag|p1a: Clefable|Dusclops, F|88\/100 brn\n|\n|-heal|p2a: Toxapex|94\/100 tox|[from] item: Leftovers\n|-heal|p1a: Clefable|94\/100 brn|[from] item: Leftovers\n|-damage|p2a: Toxapex|82\/100 tox|[from] psn\n|-damage|p1a: Clefable|88\/100 brn|[from] brn\n|upkeep\n|turn|74\n|c|\u2606knexhawk2|no no\n|c| amstan (-_-)|oh\n|c|\u2606knexhawk2|its regen\n|c| amstan (-_-)|im high\n|j| galaxyxxivory\n|c|\u2606knexhawk2|i meant the tenta is pressure\n|\n|t:|1666841394\n|switch|p2a: Persian-Alola|Tangela, M|100\/100\n|-damage|p2a: Persian-Alola|75\/100|[from] Spikes\n|switch|p1a: im just that guy|Eternatus|97\/100\n|-ability|p1a: im just that guy|Pressure\n|\n|-heal|p1a: im just that guy|100\/100|[from] item: Black Sludge\n|-heal|p2a: Persian-Alola|82\/100|[from] item: Leftovers\n|upkeep\n|turn|75\n|l| HOF69\n|\n|t:|1666841407\n|move|p1a: im just that guy|Flamethrower|p2a: Persian-Alola\n|-supereffective|p2a: Persian-Alola\n|-damage|p2a: Persian-Alola|16\/100\n|move|p2a: Persian-Alola|Knock Off|p1a: im just that guy\n|-damage|p1a: im just that guy|88\/100\n|-enditem|p1a: im just that guy|Black Sludge|[from] move: Knock Off|[of] p2a: Persian-Alola\n|\n|-heal|p2a: Persian-Alola|22\/100|[from] item: Leftovers\n|upkeep\n|turn|76\n|\n|t:|1666841417\n|switch|p2a: Reuniclus|Zweilous, F|100\/100 tox\n|-damage|p2a: Reuniclus|76\/100 tox|[from] Spikes\n|move|p1a: im just that guy|Flamethrower|p2a: Reuniclus\n|-resisted|p2a: Reuniclus\n|-damage|p2a: Reuniclus|70\/100 tox\n|\n|-damage|p2a: Reuniclus|64\/100 tox|[from] psn\n|upkeep\n|turn|77\n|\n|t:|1666841421\n|switch|p1a: Fuck your rules.|Ho-Oh|100\/100\n|move|p2a: Reuniclus|Knock Off|p1a: Fuck your rules.\n|-crit|p1a: Fuck your rules.\n|-damage|p1a: Fuck your rules.|75\/100\n|\n|-damage|p2a: Reuniclus|52\/100 tox|[from] psn\n|upkeep\n|turn|78\n|\n|t:|1666841425\n|move|p1a: Fuck your rules.|Brave Bird|p2a: Reuniclus\n|-damage|p2a: Reuniclus|8\/100 tox\n|-damage|p1a: Fuck your rules.|60\/100|[from] Recoil\n|move|p2a: Reuniclus|Dragon Tail|p1a: Fuck your rules.\n|-damage|p1a: Fuck your rules.|45\/100\n|drag|p1a: Hatterene|Rhydon, F|100\/100\n|\n|-damage|p2a: Reuniclus|0 fnt|[from] psn\n|faint|p2a: Reuniclus\n|upkeep\n|j| Kraymar\n|\n|t:|1666841430\n|switch|p2a: Ditto|Ditto|100\/100\n|-damage|p2a: Ditto|76\/100|[from] Spikes\n|-transform|p2a: Ditto|p1a: Hatterene|[from] ability: Imposter\n|-start|p1a: Hatterene|typechange|Ground\/Fairy|[silent]\n|-start|p2a: Ditto|typechange|Ground\/Fairy|[silent]\n|turn|79\n|\n|t:|1666841440\n|move|p2a: Ditto|Play Rough|p1a: Hatterene\n|-damage|p1a: Hatterene|78\/100\n|move|p1a: Hatterene|Stealth Rock|p2a: Ditto\n|move|p2a: Ditto|Stealth Rock|p1a: Hatterene|[from]ability: Magic Bounce\n|-sidestart|p1: knexhawk2|move: Stealth Rock\n|\n|-heal|p1a: Hatterene|84\/100|[from] item: Leftovers\n|upkeep\n|turn|80\n|l| Naturalharmoniax\n|c|\u2606knexhawk2|im\n|c|\u2606knexhawk2|specialk\n|\n|t:|1666841449\n|move|p2a: Ditto|Play Rough|p1a: Hatterene\n|-damage|p1a: Hatterene|59\/100\n|move|p1a: Hatterene|Life Dew|p1a: Hatterene\n|-heal|p1a: Hatterene|84\/100\n|\n|-heal|p1a: Hatterene|90\/100|[from] item: Leftovers\n|upkeep\n|turn|81\n|c|\u2606knexhawk2|LOL\n|\n|t:|1666841453\n|move|p2a: Ditto|Play Rough|p1a: Hatterene\n|-damage|p1a: Hatterene|65\/100\n|move|p1a: Hatterene|Life Dew|p1a: Hatterene\n|-heal|p1a: Hatterene|91\/100\n|\n|-heal|p1a: Hatterene|97\/100|[from] item: Leftovers\n|upkeep\n|turn|82\n|\n|t:|1666841456\n|move|p2a: Ditto|Play Rough|p1a: Hatterene\n|-damage|p1a: Hatterene|72\/100\n|move|p1a: Hatterene|Life Dew|p1a: Hatterene\n|-heal|p1a: Hatterene|97\/100\n|\n|-heal|p1a: Hatterene|100\/100|[from] item: Leftovers\n|upkeep\n|turn|83\n|\n|t:|1666841458\n|move|p2a: Ditto|Play Rough|p1a: Hatterene\n|-damage|p1a: Hatterene|78\/100\n|move|p1a: Hatterene|Life Dew|p1a: Hatterene\n|-heal|p1a: Hatterene|100\/100\n|\n|upkeep\n|turn|84\n|\n|t:|1666841463\n|switch|p2a: Toxapex|Wailmer, M|100\/100 tox\n|-damage|p2a: Toxapex|75\/100 tox|[from] Spikes\n|move|p1a: Hatterene|Stealth Rock|p2a: Toxapex\n|-sidestart|p2: wick brady|move: Stealth Rock\n|\n|-heal|p2a: Toxapex|82\/100 tox|[from] item: Leftovers\n|-damage|p2a: Toxapex|75\/100 tox|[from] psn\n|upkeep\n|turn|85\n|\n|t:|1666841471\n|switch|p1a: im just that guy|Eternatus|88\/100\n|-damage|p1a: im just that guy|76\/100|[from] Stealth Rock\n|-ability|p1a: im just that guy|Pressure\n|move|p2a: Toxapex|Roar|p1a: im just that guy\n|drag|p1a: Arcanine|Tangela, M|88\/100 tox\n|-damage|p1a: Arcanine|76\/100 tox|[from] Stealth Rock\n|-ability|p1a: Arcanine|Intimidate|boost\n|-unboost|p2a: Toxapex|atk|1\n|\n|-heal|p1a: Arcanine|82\/100 tox|[from] item: Leftovers\n|-heal|p2a: Toxapex|82\/100 tox|[from] item: Leftovers\n|-damage|p1a: Arcanine|76\/100 tox|[from] psn\n|-damage|p2a: Toxapex|69\/100 tox|[from] psn\n|upkeep\n|turn|86\n|\n|t:|1666841475\n|move|p1a: Arcanine|Giga Drain|p2a: Toxapex\n|-supereffective|p2a: Toxapex\n|-damage|p2a: Toxapex|29\/100 tox\n|-heal|p1a: Arcanine|99\/100 tox|[from] drain|[of] p2a: Toxapex\n|move|p2a: Toxapex|Toxic Spikes|p1a: Arcanine\n|-sidestart|p1: knexhawk2|move: Toxic Spikes\n|\n|-heal|p1a: Arcanine|100\/100 tox|[from] item: Leftovers\n|-heal|p2a: Toxapex|35\/100 tox|[from] item: Leftovers\n|-damage|p1a: Arcanine|88\/100 tox|[from] psn\n|-damage|p2a: Toxapex|16\/100 tox|[from] psn\n|upkeep\n|turn|87\n|\n|t:|1666841481\n|switch|p1a: im just that guy|Eternatus|76\/100\n|-damage|p1a: im just that guy|63\/100|[from] Stealth Rock\n|-sideend|p1: knexhawk2|move: Toxic Spikes|[of] p1a: im just that guy\n|-ability|p1a: im just that guy|Pressure\n|switch|p2a: Milotic|Munchlax, F|76\/100 brn\n|-damage|p2a: Milotic|51\/100 brn|[from] Spikes\n|-damage|p2a: Milotic|39\/100 brn|[from] Stealth Rock\n|\n|-damage|p2a: Milotic|32\/100 brn|[from] brn\n|upkeep\n|turn|88\n|\n|t:|1666841484\n|move|p1a: im just that guy|Draco Meteor|p2a: Milotic\n|-damage|p2a: Milotic|10\/100 brn\n|-unboost|p1a: im just that guy|spa|2\n|move|p2a: Milotic|Recover|p2a: Milotic\n|-heal|p2a: Milotic|61\/100 brn\n|\n|-damage|p2a: Milotic|54\/100 brn|[from] brn\n|upkeep\n|turn|89\n|\n|t:|1666841489\n|move|p1a: im just that guy|Recover|p1a: im just that guy\n|-heal|p1a: im just that guy|100\/100\n|move|p2a: Milotic|Coil|p2a: Milotic\n|-boost|p2a: Milotic|atk|1\n|-boost|p2a: Milotic|def|1\n|-boost|p2a: Milotic|accuracy|1\n|\n|-damage|p2a: Milotic|48\/100 brn|[from] brn\n|upkeep\n|turn|90\n|\n|t:|1666841491\n|switch|p1a: Arcanine|Tangela, M|88\/100 tox\n|-damage|p1a: Arcanine|76\/100 tox|[from] Stealth Rock\n|-ability|p1a: Arcanine|Intimidate|boost\n|-unboost|p2a: Milotic|atk|1\n|move|p2a: Milotic|Recover|p2a: Milotic\n|-heal|p2a: Milotic|98\/100 brn\n|\n|-heal|p1a: Arcanine|82\/100 tox|[from] item: Leftovers\n|-damage|p1a: Arcanine|76\/100 tox|[from] psn\n|-damage|p2a: Milotic|92\/100 brn|[from] brn\n|upkeep\n|turn|91\n|\n|t:|1666841499\n|switch|p1a: Hatterene|Rhydon, F|100\/100\n|-damage|p1a: Hatterene|94\/100|[from] Stealth Rock\n|move|p2a: Milotic|Coil|p2a: Milotic\n|-boost|p2a: Milotic|atk|1\n|-boost|p2a: Milotic|def|1\n|-boost|p2a: Milotic|accuracy|1\n|\n|-heal|p1a: Hatterene|100\/100|[from] item: Leftovers\n|-damage|p2a: Milotic|86\/100 brn|[from] brn\n|upkeep\n|turn|92\n|l| amstan (-_-)\n|\n|t:|1666841503\n|switch|p1a: Arcanine|Tangela, M|76\/100 tox\n|-damage|p1a: Arcanine|63\/100 tox|[from] Stealth Rock\n|-ability|p1a: Arcanine|Intimidate|boost\n|-unboost|p2a: Milotic|atk|1\n|switch|p2a: Toxapex|Wailmer, M|49\/100 tox\n|-damage|p2a: Toxapex|24\/100 tox|[from] Spikes\n|-damage|p2a: Toxapex|12\/100 tox|[from] Stealth Rock\n|\n|-heal|p1a: Arcanine|70\/100 tox|[from] item: Leftovers\n|-heal|p2a: Toxapex|18\/100 tox|[from] item: Leftovers\n|-damage|p1a: Arcanine|63\/100 tox|[from] psn\n|-damage|p2a: Toxapex|12\/100 tox|[from] psn\n|upkeep\n|turn|93\n|\n|t:|1666841507\n|switch|p2a: Milotic|Munchlax, F|86\/100 brn\n|-damage|p2a: Milotic|61\/100 brn|[from] Spikes\n|-damage|p2a: Milotic|48\/100 brn|[from] Stealth Rock\n|move|p1a: Arcanine|Giga Drain|p2a: Milotic\n|-damage|p2a: Milotic|37\/100 brn\n|-heal|p1a: Arcanine|71\/100 tox|[from] drain|[of] p2a: Milotic\n|\n|-heal|p1a: Arcanine|77\/100 tox|[from] item: Leftovers\n|-damage|p1a: Arcanine|65\/100 tox|[from] psn\n|-damage|p2a: Milotic|31\/100 brn|[from] brn\n|upkeep\n|turn|94\n|\n|t:|1666841511\n|move|p1a: Arcanine|Giga Drain|p2a: Milotic\n|-damage|p2a: Milotic|20\/100 brn\n|-heal|p1a: Arcanine|73\/100 tox|[from] drain|[of] p2a: Milotic\n|move|p2a: Milotic|Recover|p2a: Milotic\n|-heal|p2a: Milotic|70\/100 brn\n|\n|-heal|p1a: Arcanine|79\/100 tox|[from] item: Leftovers\n|-damage|p1a: Arcanine|61\/100 tox|[from] psn\n|-damage|p2a: Milotic|63\/100 brn|[from] brn\n|upkeep\n|turn|95\n|\n|t:|1666841520\n|move|p1a: Arcanine|Synthesis|p1a: Arcanine\n|-heal|p1a: Arcanine|100\/100 tox\n|move|p2a: Milotic|Toxic|p1a: Arcanine\n|-fail|p1a: Arcanine|tox\n|\n|-damage|p1a: Arcanine|76\/100 tox|[from] psn\n|-damage|p2a: Milotic|57\/100 brn|[from] brn\n|upkeep\n|turn|96\n|\n|t:|1666841526\n|switch|p1a: Clefable|Dusclops, F|88\/100 brn\n|-damage|p1a: Clefable|76\/100 brn|[from] Stealth Rock\n|move|p2a: Milotic|Coil|p2a: Milotic\n|-boost|p2a: Milotic|atk|1\n|-boost|p2a: Milotic|def|1\n|-boost|p2a: Milotic|accuracy|1\n|\n|-heal|p1a: Clefable|82\/100 brn|[from] item: Leftovers\n|-damage|p1a: Clefable|76\/100 brn|[from] brn\n|-damage|p2a: Milotic|51\/100 brn|[from] brn\n|upkeep\n|turn|97\n|\n|t:|1666841528\n|switch|p1a: Arcanine|Tangela, M|76\/100 tox\n|-damage|p1a: Arcanine|63\/100 tox|[from] Stealth Rock\n|-ability|p1a: Arcanine|Intimidate|boost\n|-unboost|p2a: Milotic|atk|1\n|move|p2a: Milotic|Coil|p2a: Milotic\n|-boost|p2a: Milotic|atk|1\n|-boost|p2a: Milotic|def|1\n|-boost|p2a: Milotic|accuracy|1\n|\n|-heal|p1a: Arcanine|70\/100 tox|[from] item: Leftovers\n|-damage|p1a: Arcanine|63\/100 tox|[from] psn\n|-damage|p2a: Milotic|45\/100 brn|[from] brn\n|upkeep\n|turn|98\n|\n|t:|1666841534\n|switch|p1a: Clefable|Dusclops, F|76\/100 brn\n|-damage|p1a: Clefable|64\/100 brn|[from] Stealth Rock\n|move|p2a: Milotic|Facade|p1a: Clefable\n|-immune|p1a: Clefable\n|\n|-heal|p1a: Clefable|70\/100 brn|[from] item: Leftovers\n|-damage|p1a: Clefable|64\/100 brn|[from] brn\n|-damage|p2a: Milotic|38\/100 brn|[from] brn\n|upkeep\n|turn|99\n|\n|t:|1666841536\n|switch|p1a: Arcanine|Tangela, M|63\/100 tox\n|-damage|p1a: Arcanine|51\/100 tox|[from] Stealth Rock\n|-ability|p1a: Arcanine|Intimidate|boost\n|-unboost|p2a: Milotic|atk|1\n|move|p2a: Milotic|Coil|p2a: Milotic\n|-boost|p2a: Milotic|atk|1\n|-boost|p2a: Milotic|def|1\n|-boost|p2a: Milotic|accuracy|1\n|\n|-heal|p1a: Arcanine|57\/100 tox|[from] item: Leftovers\n|-damage|p1a: Arcanine|51\/100 tox|[from] psn\n|-damage|p2a: Milotic|32\/100 brn|[from] brn\n|upkeep\n|turn|100\n|c|\u2606wick brady|wp\n|-message|wick brady forfeited.\n|\n|win|knexhawk2\n|n|\u2606knexhawk2|knexhawk2\n|n|\u2606wick brady|wickbrady\n|n| BonkFace|bonkface\n|n| Noobieray|noobieray\n|n| ronnie.dgaf|ronniedgaf\n|n| Light DN|lightdn\n|n| Nauts|nauts\n|n| Xsage93|xsage93\n|n| innovamania|innovamania\n|n| sev3nnationalhomes|sev3nnationalhomes\n|n| follower of Christ|followerofchrist\n|n| okaiokaiokai|okaiokaiokai\n|n| Pikablu007|pikablu007\n|n| galaxyxxivory|galaxyxxivory\n|n| Kraymar|kraymar\n","uploadtime":1666841542,"views":8,"p1id":"knexhawk2","p2id":"wickbrady","formatid":"gen8crossevolution","rating":0,"private":0,"password":null}