{"id":"gen8metronomebattle-1685602574","p1":"MinecraftUprising","p2":"the snonk man","format":"gen8metronomebattle","log":"|j|\u2606MinecraftUprising\n|j|\u2606the snonk man\n|t:|1665756661\n|gametype|doubles\n|player|p1|MinecraftUprising|kahili|1192\n|player|p2|the snonk man|blaine|1161\n|teamsize|p1|2\n|teamsize|p2|2\n|gen|8\n|tier|[Gen 8] Metronome Battle\n|rated|\n|rule|HP Percentage Mod: HP is shown in percentages\n|\n|t:|1665756661\n|start\n|switch|p1a: Pokestar UFO|Pokestar UFO|100\/100\n|switch|p1b: Heracross|Heracross-Mega, M|100\/100\n|switch|p2a: Spectrier|Spectrier|100\/100\n|switch|p2b: Glastrier|Glastrier|100\/100\n|-ability|p1b: Heracross|Intrepid Sword|boost\n|-boost|p1b: Heracross|atk|1\n|turn|1\n|inactive|Battle timer is ON: inactive players will automatically lose when time's up. (requested by MinecraftUprising)\n|\n|t:|1665756670\n|move|p2a: Spectrier|Metronome|p2a: Spectrier\n|move|p2a: Spectrier|Purify|p1b: Heracross|[from]move: Metronome\n|move|p1a: Pokestar UFO|Metronome|p1a: Pokestar UFO\n|move|p1a: Pokestar UFO|Pin Missile|p2a: Spectrier|[from]move: Metronome\n|-resisted|p2a: Spectrier\n|-damage|p2a: Spectrier|97\/100\n|-resisted|p2a: Spectrier\n|-damage|p2a: Spectrier|93\/100\n|-resisted|p2a: Spectrier\n|-damage|p2a: Spectrier|89\/100\n|-hitcount|p2a: Spectrier|3\n|move|p1b: Heracross|Metronome|p1b: Heracross\n|move|p1b: Heracross|Confuse Ray|p2b: Glastrier|[from]move: Metronome\n|-start|p2b: Glastrier|confusion\n|-activate|p2b: Glastrier|confusion\n|move|p2b: Glastrier|Metronome|p2b: Glastrier\n|move|p2b: Glastrier|Sludge Wave|p1b: Heracross|[from]move: Metronome|[spread] p2a,p1a,p1b\n|-resisted|p2a: Spectrier\n|-damage|p2a: Spectrier|82\/100\n|-damage|p1a: Pokestar UFO|93\/100\n|-damage|p1b: Heracross|86\/100\n|\n|upkeep\n|turn|2\n|\n|t:|1665756686\n|move|p2a: Spectrier|Metronome|p2a: Spectrier\n|move|p2a: Spectrier|Swagger|p1a: Pokestar UFO|[from]move: Metronome\n|-boost|p1a: Pokestar UFO|atk|2\n|-start|p1a: Pokestar UFO|confusion\n|-activate|p1a: Pokestar UFO|confusion\n|move|p1a: Pokestar UFO|Metronome|p1a: Pokestar UFO\n|move|p1a: Pokestar UFO|Spite|p2a: Spectrier|[from]move: Metronome\n|-activate|p2a: Spectrier|move: Spite|Metronome|4\n|move|p1b: Heracross|Metronome|p1b: Heracross\n|move|p1b: Heracross|Fell Stinger|p2a: Spectrier|[from]move: Metronome\n|-resisted|p2a: Spectrier\n|-damage|p2a: Spectrier|52\/100\n|-activate|p2b: Glastrier|confusion\n|move|p2b: Glastrier|Metronome|p2b: Glastrier\n|move|p2b: Glastrier|Power-Up Punch|p1b: Heracross|[from]move: Metronome\n|-resisted|p1b: Heracross\n|-damage|p1b: Heracross|75\/100\n|\n|upkeep\n|turn|3\n|\n|t:|1665756702\n|move|p2a: Spectrier|Metronome|p2a: Spectrier\n|move|p2a: Spectrier|Gear Grind|p1a: Pokestar UFO|[from]move: Metronome\n|-resisted|p1a: Pokestar UFO\n|-damage|p1a: Pokestar UFO|90\/100\n|-resisted|p1a: Pokestar UFO\n|-damage|p1a: Pokestar UFO|86\/100\n|-hitcount|p1a: Pokestar UFO|2\n|-activate|p1a: Pokestar UFO|confusion\n|-damage|p1a: Pokestar UFO|69\/100|[from] confusion\n|move|p1b: Heracross|Metronome|p1b: Heracross\n|move|p1b: Heracross|Stockpile|p1b: Heracross|[from]move: Metronome\n|-start|p1b: Heracross|stockpile1\n|-boost|p1b: Heracross|def|1\n|-boost|p1b: Heracross|spd|1\n|-activate|p2b: Glastrier|confusion\n|move|p2b: Glastrier|Metronome|p2b: Glastrier\n|move|p2b: Glastrier|Horn Attack|p1a: Pokestar UFO|[from]move: Metronome\n|-damage|p1a: Pokestar UFO|41\/100\n|\n|upkeep\n|turn|4\n|\n|t:|1665756718\n|move|p2a: Spectrier|Metronome|p2a: Spectrier\n|move|p2a: Spectrier|Swords Dance|p2a: Spectrier|[from]move: Metronome\n|-boost|p2a: Spectrier|atk|2\n|-activate|p1a: Pokestar UFO|confusion\n|move|p1a: Pokestar UFO|Metronome|p1a: Pokestar UFO\n|move|p1a: Pokestar UFO|Stealth Rock|p2b: Glastrier|[from]move: Metronome\n|-sidestart|p2: the snonk man|move: Stealth Rock\n|move|p1b: Heracross|Metronome|p1b: Heracross\n|move|p1b: Heracross|Expanding Force|p2a: Spectrier|[from]move: Metronome\n|-damage|p2a: Spectrier|43\/100\n|-activate|p2b: Glastrier|confusion\n|move|p2b: Glastrier|Metronome|p2b: Glastrier\n|move|p2b: Glastrier|Psycho Cut|p1b: Heracross|[from]move: Metronome\n|-supereffective|p1b: Heracross\n|-damage|p1b: Heracross|32\/100\n|-enditem|p1b: Heracross|Weakness Policy\n|-boost|p1b: Heracross|atk|2|[from] item: Weakness Policy\n|-boost|p1b: Heracross|spa|2|[from] item: Weakness Policy\n|\n|upkeep\n|turn|5\n|\n|t:|1665756743\n|move|p2a: Spectrier|Metronome|p2a: Spectrier\n|move|p2a: Spectrier|Meteor Mash|p1b: Heracross|[from]move: Metronome\n|-damage|p1b: Heracross|7\/100\n|-activate|p1a: Pokestar UFO|confusion\n|move|p1a: Pokestar UFO|Metronome|p1a: Pokestar UFO\n|move|p1a: Pokestar UFO|Milk Drink|p1a: Pokestar UFO|[from]move: Metronome\n|-heal|p1a: Pokestar UFO|91\/100\n|move|p1b: Heracross|Metronome|p1b: Heracross\n|move|p1b: Heracross|Volt Tackle|p2a: Spectrier|[from]move: Metronome\n|-damage|p2a: Spectrier|0 fnt\n|faint|p2a: Spectrier\n|-damage|p1b: Heracross|0 fnt|[from] Recoil\n|faint|p1b: Heracross\n|-end|p2b: Glastrier|confusion\n|move|p2b: Glastrier|Metronome|p2b: Glastrier\n|move|p2b: Glastrier|Electroweb|p1a: Pokestar UFO|[from]move: Metronome\n|-damage|p1a: Pokestar UFO|85\/100\n|\n|upkeep\n|turn|6\n|\n|t:|1665756753\n|-end|p1a: Pokestar UFO|confusion\n|move|p1a: Pokestar UFO|Metronome|p1a: Pokestar UFO\n|move|p1a: Pokestar UFO|Shadow Force||[from]move: Metronome|[still]\n|-prepare|p1a: Pokestar UFO|Shadow Force\n|move|p2b: Glastrier|Metronome|p2b: Glastrier\n|move|p2b: Glastrier|Head Charge|p1a: Pokestar UFO|[from]move: Metronome|[miss]\n|-miss|p2b: Glastrier|p1a: Pokestar UFO\n|\n|upkeep\n|turn|7\n|\n|t:|1665756759\n|move|p1a: Pokestar UFO|Shadow Force|p2b: Glastrier|[from]lockedmove\n|-damage|p2b: Glastrier|64\/100\n|move|p2b: Glastrier|Metronome|p2b: Glastrier\n|move|p2b: Glastrier|Confuse Ray|p1a: Pokestar UFO|[from]move: Metronome\n|-start|p1a: Pokestar UFO|confusion\n|\n|upkeep\n|turn|8\n|\n|t:|1665756771\n|-activate|p1a: Pokestar UFO|confusion\n|-damage|p1a: Pokestar UFO|69\/100|[from] confusion\n|move|p2b: Glastrier|Metronome|p2b: Glastrier\n|move|p2b: Glastrier|Heal Bell||[from]move: Metronome|[still]\n|-activate|p2b: Glastrier|move: Heal Bell\n|-fail|p2b: Glastrier\n|\n|upkeep\n|turn|9\n|\n|t:|1665756784\n|-end|p1a: Pokestar UFO|confusion\n|move|p1a: Pokestar UFO|Metronome|p1a: Pokestar UFO\n|move|p1a: Pokestar UFO|Magic Coat|p1a: Pokestar UFO|[from]move: Metronome\n|-singleturn|p1a: Pokestar UFO|move: Magic Coat\n|move|p2b: Glastrier|Metronome|p2b: Glastrier\n|move|p2b: Glastrier|Twister|p1a: Pokestar UFO|[from]move: Metronome\n|-damage|p1a: Pokestar UFO|65\/100\n|\n|upkeep\n|turn|10\n|\n|t:|1665756792\n|move|p1a: Pokestar UFO|Metronome|p1a: Pokestar UFO\n|move|p1a: Pokestar UFO|Echoed Voice|p2b: Glastrier|[from]move: Metronome\n|-damage|p2b: Glastrier|56\/100\n|move|p2b: Glastrier|Metronome|p2b: Glastrier\n|move|p2b: Glastrier|Thunder|p1a: Pokestar UFO|[from]move: Metronome\n|-damage|p1a: Pokestar UFO|54\/100\n|\n|upkeep\n|turn|11\n|\n|t:|1665756800\n|move|p1a: Pokestar UFO|Metronome|p1a: Pokestar UFO\n|move|p1a: Pokestar UFO|Night Shade|p2b: Glastrier|[from]move: Metronome\n|-damage|p2b: Glastrier|31\/100\n|move|p2b: Glastrier|Metronome|p2b: Glastrier\n|move|p2b: Glastrier|Extreme Speed|p1a: Pokestar UFO|[from]move: Metronome\n|-damage|p1a: Pokestar UFO|20\/100\n|\n|upkeep\n|turn|12\n|\n|t:|1665756815\n|move|p1a: Pokestar UFO|Metronome|p1a: Pokestar UFO\n|move|p1a: Pokestar UFO|Venom Drench||[from]move: Metronome|[still]\n|-fail|p1a: Pokestar UFO\n|move|p2b: Glastrier|Metronome|p2b: Glastrier\n|move|p2b: Glastrier|Soak|p1a: Pokestar UFO|[from]move: Metronome\n|-start|p1a: Pokestar UFO|typechange|Water\n|\n|upkeep\n|turn|13\n|\n|t:|1665756827\n|move|p1a: Pokestar UFO|Metronome|p1a: Pokestar UFO\n|move|p1a: Pokestar UFO|Magic Room|p1a: Pokestar UFO|[from]move: Metronome\n|-fieldstart|move: Magic Room|[of] p1a: Pokestar UFO\n|move|p2b: Glastrier|Metronome|p2b: Glastrier\n|move|p2b: Glastrier|Spore|p1a: Pokestar UFO|[from]move: Metronome\n|-status|p1a: Pokestar UFO|slp|[from] move: Spore\n|\n|upkeep\n|turn|14\n|\n|t:|1665756841\n|-start|p1a: Pokestar UFO|Dynamax|\n|-heal|p1a: Pokestar UFO|20\/100 slp|[silent]\n|cant|p1a: Pokestar UFO|slp\n|move|p2b: Glastrier|Metronome|p2b: Glastrier\n|move|p2b: Glastrier|Play Rough|p1a: Pokestar UFO|[from]move: Metronome\n|-damage|p1a: Pokestar UFO|5\/100 slp\n|\n|upkeep\n|turn|15\n|\n|t:|1665756857\n|-curestatus|p1a: Pokestar UFO|slp|[msg]\n|move|p1a: Pokestar UFO|Max Guard|p1a: Pokestar UFO\n|-singleturn|p1a: Pokestar UFO|Max Guard\n|move|p2b: Glastrier|Metronome|p2b: Glastrier\n|move|p2b: Glastrier|Foul Play|p1a: Pokestar UFO|[from]move: Metronome\n|-activate|p1a: Pokestar UFO|move: Max Guard\n|\n|upkeep\n|turn|16\n|\n|t:|1665756862\n|move|p1a: Pokestar UFO|Max Guard|p1a: Pokestar UFO\n|-singleturn|p1a: Pokestar UFO|Max Guard\n|move|p2b: Glastrier|Metronome|p2b: Glastrier\n|move|p2b: Glastrier|Burning Jealousy|p1a: Pokestar UFO|[from]move: Metronome\n|-activate|p1a: Pokestar UFO|move: Max Guard\n|\n|upkeep\n|-end|p1a: Pokestar UFO|Dynamax\n|-heal|p1a: Pokestar UFO|5\/100|[silent]\n|turn|17\n|\n|t:|1665756868\n|move|p1a: Pokestar UFO|Metronome|p1a: Pokestar UFO\n|move|p1a: Pokestar UFO|Volt Tackle|p2b: Glastrier|[from]move: Metronome\n|-damage|p2b: Glastrier|0 fnt\n|faint|p2b: Glastrier\n|-damage|p1a: Pokestar UFO|0 fnt|[from] Recoil\n|faint|p1a: Pokestar UFO\n|\n|win|MinecraftUprising\n|raw|MinecraftUprising's rating: 1192 &rarr; <strong>1215<\/strong><br \/>(+23 for winning)\n|raw|the snonk man's rating: 1161 &rarr; <strong>1138<\/strong><br \/>(-23 for losing)\n","uploadtime":1665756876,"views":4,"p1id":"minecraftuprising","p2id":"thesnonkman","formatid":"gen8metronomebattle","rating":1138,"private":0,"password":null}