{"id":"gen8bdspou-1458790278","p1":"MonkeKING69","p2":"i know im horrible","format":"gen8bdspou","log":"|j|\u2606MonkeKING69\n|j|\u2606i know im horrible\n|t:|1637578030\n|gametype|singles\n|player|p1|MonkeKING69|waiter|1368\n|player|p2|i know im horrible|2|1391\n|teamsize|p1|6\n|teamsize|p2|6\n|gen|8\n|tier|[Gen 8 BDSP] OU\n|rated|\n|rule|Sleep Clause Mod: Limit one foe put to sleep\n|rule|Species Clause: Limit one of each Pok\u00e9mon\n|rule|OHKO Clause: OHKO moves are banned\n|rule|Evasion Moves Clause: Evasion moves are banned\n|rule|Endless Battle Clause: Forcing endless battles is banned\n|rule|HP Percentage Mod: HP is shown in percentages\n|clearpoke\n|poke|p1|Crawdaunt, M|\n|poke|p1|Garchomp, F|\n|poke|p1|Magnezone|\n|poke|p1|Latios, M|\n|poke|p1|Skarmory, M|\n|poke|p1|Clefable, M|\n|poke|p2|Gliscor, F|\n|poke|p2|Blissey, F|\n|poke|p2|Skarmory, F|\n|poke|p2|Clefable, M|\n|poke|p2|Mantine, F|\n|poke|p2|Ditto|\n|teampreview\n|j| Ctannn\n|j| juicelol\n|l| Ctannn\n|\n|t:|1637578068\n|start\n|switch|p1a: Crawdaunt|Crawdaunt, M|100\/100\n|switch|p2a: Gliscor|Gliscor, F|100\/100\n|turn|1\n|\n|t:|1637578074\n|switch|p2a: Mantine|Mantine, F|100\/100\n|move|p1a: Crawdaunt|Knock Off|p2a: Mantine\n|-damage|p2a: Mantine|18\/100\n|-enditem|p2a: Mantine|Leftovers|[from] move: Knock Off|[of] p1a: Crawdaunt\n|\n|upkeep\n|turn|2\n|\n|t:|1637578079\n|move|p1a: Crawdaunt|Knock Off|p2a: Mantine\n|-damage|p2a: Mantine|0 fnt\n|faint|p2a: Mantine\n|\n|upkeep\n|\n|t:|1637578082\n|switch|p2a: Clefable|Clefable, M|100\/100\n|turn|3\n|\n|t:|1637578088\n|switch|p1a: Magnezone|Magnezone|100\/100\n|switch|p2a: Gliscor|Gliscor, F|100\/100\n|\n|-status|p2a: Gliscor|tox|[from] item: Toxic Orb\n|upkeep\n|turn|4\n|\n|t:|1637578098\n|switch|p1a: Clefable|Clefable, M|100\/100\n|move|p2a: Gliscor|Knock Off|p1a: Clefable\n|-resisted|p1a: Clefable\n|-damage|p1a: Clefable|92\/100\n|-enditem|p1a: Clefable|Leftovers|[from] move: Knock Off|[of] p2a: Gliscor\n|\n|upkeep\n|turn|5\n|\n|t:|1637578103\n|move|p2a: Gliscor|Stealth Rock|p1a: Clefable\n|-sidestart|p1: MonkeKING69|move: Stealth Rock\n|move|p1a: Clefable|Stealth Rock|p2a: Gliscor\n|-sidestart|p2: i know im horrible|move: Stealth Rock\n|\n|upkeep\n|turn|6\n|\n|t:|1637578109\n|switch|p1a: Skarmory|Skarmory, M|100\/100\n|-damage|p1a: Skarmory|88\/100|[from] Stealth Rock\n|move|p2a: Gliscor|Earthquake|p1a: Skarmory\n|-immune|p1a: Skarmory\n|\n|upkeep\n|turn|7\n|\n|t:|1637578112\n|move|p2a: Gliscor|Knock Off|p1a: Skarmory\n|-damage|p1a: Skarmory|76\/100\n|-enditem|p1a: Skarmory|Shed Shell|[from] move: Knock Off|[of] p2a: Gliscor\n|move|p1a: Skarmory|Spikes|p2a: Gliscor\n|-sidestart|p2: i know im horrible|Spikes\n|\n|upkeep\n|turn|8\n|\n|t:|1637578118\n|switch|p2a: Skarmory|Skarmory, F|100\/100\n|-damage|p2a: Skarmory|88\/100|[from] Stealth Rock\n|move|p1a: Skarmory|Spikes|p2a: Skarmory\n|-sidestart|p2: i know im horrible|Spikes\n|\n|-heal|p2a: Skarmory|94\/100|[from] item: Leftovers\n|upkeep\n|turn|9\n|\n|t:|1637578122\n|switch|p1a: Magnezone|Magnezone|100\/100\n|-damage|p1a: Magnezone|94\/100|[from] Stealth Rock\n|move|p2a: Skarmory|Defog|p1a: Magnezone\n|-unboost|p1a: Magnezone|evasion|1\n|-sideend|p1: MonkeKING69|Stealth Rock|[from] move: Defog|[of] p2a: Skarmory\n|-sideend|p2: i know im horrible|Spikes|[from] move: Defog|[of] p2a: Skarmory\n|-sideend|p2: i know im horrible|Stealth Rock|[from] move: Defog|[of] p2a: Skarmory\n|\n|-heal|p2a: Skarmory|99\/100|[from] item: Leftovers\n|upkeep\n|turn|10\n|\n|t:|1637578126\n|move|p1a: Magnezone|Flash Cannon|p2a: Skarmory\n|-resisted|p2a: Skarmory\n|-damage|p2a: Skarmory|53\/100\n|move|p2a: Skarmory|Spikes|p1a: Magnezone\n|-sidestart|p1: MonkeKING69|Spikes\n|\n|-heal|p2a: Skarmory|59\/100|[from] item: Leftovers\n|upkeep\n|turn|11\n|\n|t:|1637578130\n|move|p1a: Magnezone|Flash Cannon|p2a: Skarmory\n|-resisted|p2a: Skarmory\n|-damage|p2a: Skarmory|12\/100\n|move|p2a: Skarmory|Roost|p2a: Skarmory\n|-heal|p2a: Skarmory|62\/100\n|-singleturn|p2a: Skarmory|move: Roost\n|\n|-heal|p2a: Skarmory|68\/100|[from] item: Leftovers\n|upkeep\n|turn|12\n|\n|t:|1637578134\n|move|p1a: Magnezone|Flash Cannon|p2a: Skarmory\n|-resisted|p2a: Skarmory\n|-damage|p2a: Skarmory|21\/100\n|move|p2a: Skarmory|Roost|p2a: Skarmory\n|-heal|p2a: Skarmory|71\/100\n|-singleturn|p2a: Skarmory|move: Roost\n|\n|-heal|p2a: Skarmory|77\/100|[from] item: Leftovers\n|upkeep\n|turn|13\n|\n|t:|1637578137\n|move|p1a: Magnezone|Flash Cannon|p2a: Skarmory\n|-resisted|p2a: Skarmory\n|-damage|p2a: Skarmory|32\/100\n|move|p2a: Skarmory|Roost|p2a: Skarmory\n|-heal|p2a: Skarmory|82\/100\n|-singleturn|p2a: Skarmory|move: Roost\n|\n|-heal|p2a: Skarmory|88\/100|[from] item: Leftovers\n|upkeep\n|turn|14\n|\n|t:|1637578141\n|move|p1a: Magnezone|Flash Cannon|p2a: Skarmory\n|-resisted|p2a: Skarmory\n|-damage|p2a: Skarmory|40\/100\n|move|p2a: Skarmory|Roost|p2a: Skarmory\n|-heal|p2a: Skarmory|90\/100\n|-singleturn|p2a: Skarmory|move: Roost\n|\n|-heal|p2a: Skarmory|96\/100|[from] item: Leftovers\n|upkeep\n|turn|15\n|\n|t:|1637578145\n|move|p1a: Magnezone|Flash Cannon|p2a: Skarmory\n|-resisted|p2a: Skarmory\n|-crit|p2a: Skarmory\n|-damage|p2a: Skarmory|22\/100\n|move|p2a: Skarmory|Spikes|p1a: Magnezone\n|-sidestart|p1: MonkeKING69|Spikes\n|\n|-heal|p2a: Skarmory|28\/100|[from] item: Leftovers\n|upkeep\n|turn|16\n|\n|t:|1637578149\n|move|p1a: Magnezone|Flash Cannon|p2a: Skarmory\n|-resisted|p2a: Skarmory\n|-damage|p2a: Skarmory|0 fnt\n|faint|p2a: Skarmory\n|\n|upkeep\n|\n|t:|1637578153\n|switch|p2a: Gliscor|Gliscor, F|100\/100 tox\n|turn|17\n|\n|t:|1637578156\n|switch|p2a: Clefable|Clefable, M|100\/100\n|switch|p1a: Skarmory|Skarmory, M|76\/100\n|\n|upkeep\n|turn|18\n|\n|t:|1637578160\n|move|p1a: Skarmory|Spikes|p2a: Clefable\n|-sidestart|p2: i know im horrible|Spikes\n|move|p2a: Clefable|Calm Mind|p2a: Clefable\n|-boost|p2a: Clefable|spa|1\n|-boost|p2a: Clefable|spd|1\n|\n|upkeep\n|turn|19\n|j| Hurtmeplz\n|\n|t:|1637578165\n|move|p1a: Skarmory|Roost|p1a: Skarmory\n|-heal|p1a: Skarmory|100\/100\n|-singleturn|p1a: Skarmory|move: Roost\n|move|p2a: Clefable|Moonblast|p1a: Skarmory\n|-resisted|p1a: Skarmory\n|-damage|p1a: Skarmory|68\/100\n|\n|upkeep\n|turn|20\n|\n|t:|1637578168\n|move|p2a: Clefable|Calm Mind|p2a: Clefable\n|-boost|p2a: Clefable|spa|1\n|-boost|p2a: Clefable|spd|1\n|move|p1a: Skarmory|Whirlwind|p2a: Clefable\n|drag|p2a: Blissey|Blissey, F|100\/100\n|-damage|p2a: Blissey|88\/100|[from] Spikes\n|\n|-heal|p2a: Blissey|94\/100|[from] item: Leftovers\n|upkeep\n|turn|21\n|\n|t:|1637578172\n|move|p1a: Skarmory|Spikes|p2a: Blissey\n|-sidestart|p2: i know im horrible|Spikes\n|move|p2a: Blissey|Thunder Wave|p1a: Skarmory\n|-status|p1a: Skarmory|par\n|\n|-heal|p2a: Blissey|99\/100|[from] item: Leftovers\n|upkeep\n|turn|22\n|\n|t:|1637578174\n|move|p2a: Blissey|Seismic Toss|p1a: Skarmory\n|-damage|p1a: Skarmory|39\/100 par\n|move|p1a: Skarmory|Spikes|p2a: Blissey\n|-sidestart|p2: i know im horrible|Spikes\n|\n|-heal|p2a: Blissey|100\/100|[from] item: Leftovers\n|upkeep\n|turn|23\n|\n|t:|1637578180\n|move|p2a: Blissey|Seismic Toss|p1a: Skarmory\n|-damage|p1a: Skarmory|9\/100 par\n|move|p1a: Skarmory|Roost|p1a: Skarmory\n|-heal|p1a: Skarmory|59\/100 par\n|-singleturn|p1a: Skarmory|move: Roost\n|\n|upkeep\n|turn|24\n|\n|t:|1637578184\n|move|p2a: Blissey|Seismic Toss|p1a: Skarmory\n|-damage|p1a: Skarmory|29\/100 par\n|move|p1a: Skarmory|Roost|p1a: Skarmory\n|-heal|p1a: Skarmory|79\/100 par\n|-singleturn|p1a: Skarmory|move: Roost\n|\n|upkeep\n|turn|25\n|\n|t:|1637578194\n|switch|p1a: Clefable|Clefable, M|92\/100\n|-damage|p1a: Clefable|76\/100|[from] Spikes\n|move|p2a: Blissey|Seismic Toss|p1a: Clefable\n|-damage|p1a: Clefable|50\/100\n|\n|upkeep\n|turn|26\n|\n|t:|1637578198\n|move|p1a: Clefable|Stealth Rock|p2a: Blissey\n|-sidestart|p2: i know im horrible|move: Stealth Rock\n|move|p2a: Blissey|Thunder Wave|p1a: Clefable\n|-status|p1a: Clefable|par\n|\n|upkeep\n|turn|27\n|\n|t:|1637578202\n|move|p2a: Blissey|Seismic Toss|p1a: Clefable\n|-damage|p1a: Clefable|25\/100 par\n|cant|p1a: Clefable|par\n|\n|upkeep\n|turn|28\n|\n|t:|1637578206\n|move|p1a: Clefable|Protect|p1a: Clefable\n|-singleturn|p1a: Clefable|Protect\n|move|p2a: Blissey|Seismic Toss|p1a: Clefable\n|-activate|p1a: Clefable|move: Protect\n|\n|upkeep\n|turn|29\n|\n|t:|1637578209\n|move|p2a: Blissey|Seismic Toss|p1a: Clefable\n|-damage|p1a: Clefable|0 fnt\n|faint|p1a: Clefable\n|\n|upkeep\n|\n|t:|1637578213\n|switch|p1a: Crawdaunt|Crawdaunt, M|100\/100\n|-damage|p1a: Crawdaunt|84\/100|[from] Spikes\n|turn|30\n|inactive|Battle timer is ON: inactive players will automatically lose when time's up. (requested by i know im horrible)\n|\n|t:|1637578234\n|move|p1a: Crawdaunt|Crabhammer|p2a: Blissey\n|-damage|p2a: Blissey|6\/100\n|move|p2a: Blissey|Thunder Wave|p1a: Crawdaunt\n|-status|p1a: Crawdaunt|par\n|\n|-heal|p2a: Blissey|13\/100|[from] item: Leftovers\n|upkeep\n|turn|31\n|\n|t:|1637578241\n|move|p2a: Blissey|Soft-Boiled|p2a: Blissey\n|-heal|p2a: Blissey|63\/100\n|move|p1a: Crawdaunt|Crabhammer|p2a: Blissey\n|-damage|p2a: Blissey|0 fnt\n|faint|p2a: Blissey\n|\n|upkeep\n|\n|t:|1637578245\n|switch|p2a: Ditto|Ditto|100\/100\n|-damage|p2a: Ditto|75\/100|[from] Spikes\n|-damage|p2a: Ditto|63\/100|[from] Stealth Rock\n|-transform|p2a: Ditto|p1a: Crawdaunt|[from] ability: Imposter\n|turn|32\n|\n|t:|1637578250\n|move|p2a: Ditto|Knock Off|p1a: Crawdaunt\n|-resisted|p1a: Crawdaunt\n|-damage|p1a: Crawdaunt|34\/100 par\n|-enditem|p1a: Crawdaunt|Choice Band|[from] move: Knock Off|[of] p2a: Ditto\n|cant|p1a: Crawdaunt|par\n|\n|-heal|p2a: Ditto|69\/100|[from] item: Leftovers\n|upkeep\n|turn|33\n|\n|t:|1637578260\n|move|p2a: Ditto|Crabhammer|p1a: Crawdaunt\n|-resisted|p1a: Crawdaunt\n|-damage|p1a: Crawdaunt|0 fnt\n|faint|p1a: Crawdaunt\n|\n|-heal|p2a: Ditto|75\/100|[from] item: Leftovers\n|upkeep\n|\n|t:|1637578265\n|switch|p1a: Latios|Latios, M|100\/100\n|turn|34\n|\n|t:|1637578270\n|move|p1a: Latios|Draco Meteor|p2a: Ditto\n|-damage|p2a: Ditto|0 fnt\n|-unboost|p1a: Latios|spa|2\n|faint|p2a: Ditto\n|\n|upkeep\n|\n|t:|1637578273\n|switch|p2a: Gliscor|Gliscor, F|100\/100 tox\n|-damage|p2a: Gliscor|88\/100 tox|[from] Stealth Rock\n|turn|35\n|\n|t:|1637578279\n|switch|p1a: Garchomp|Garchomp, F|100\/100\n|-damage|p1a: Garchomp|84\/100|[from] Spikes\n|move|p2a: Gliscor|Knock Off|p1a: Garchomp\n|-damage|p1a: Garchomp|61\/100\n|-damage|p2a: Gliscor|76\/100 tox|[from] ability: Rough Skin|[of] p1a: Garchomp\n|-enditem|p1a: Garchomp|Life Orb|[from] move: Knock Off|[of] p2a: Gliscor\n|\n|-heal|p2a: Gliscor|88\/100 tox|[from] ability: Poison Heal\n|upkeep\n|turn|36\n|\n|t:|1637578286\n|move|p1a: Garchomp|Swords Dance|p1a: Garchomp\n|-boost|p1a: Garchomp|atk|2\n|move|p2a: Gliscor|Stealth Rock|p1a: Garchomp\n|-sidestart|p1: MonkeKING69|move: Stealth Rock\n|\n|-heal|p2a: Gliscor|100\/100 tox|[from] ability: Poison Heal\n|upkeep\n|turn|37\n|\n|t:|1637578288\n|move|p1a: Garchomp|Iron Head|p2a: Gliscor\n|-damage|p2a: Gliscor|59\/100 tox\n|move|p2a: Gliscor|Earthquake|p1a: Garchomp\n|-damage|p1a: Garchomp|31\/100\n|\n|-heal|p2a: Gliscor|72\/100 tox|[from] ability: Poison Heal\n|upkeep\n|turn|38\n|\n|t:|1637578292\n|move|p1a: Garchomp|Dragon Claw|p2a: Gliscor\n|-damage|p2a: Gliscor|9\/100 tox\n|move|p2a: Gliscor|Earthquake|p1a: Garchomp\n|-damage|p1a: Garchomp|0 fnt\n|faint|p1a: Garchomp\n|\n|-heal|p2a: Gliscor|21\/100 tox|[from] ability: Poison Heal\n|upkeep\n|\n|t:|1637578297\n|switch|p1a: Latios|Latios, M|100\/100\n|-damage|p1a: Latios|88\/100|[from] Stealth Rock\n|turn|39\n|\n|t:|1637578299\n|move|p1a: Latios|Psychic|p2a: Gliscor\n|-damage|p2a: Gliscor|0 fnt\n|faint|p2a: Gliscor\n|\n|upkeep\n|\n|t:|1637578301\n|switch|p2a: Clefable|Clefable, M|100\/100\n|-damage|p2a: Clefable|76\/100|[from] Spikes\n|-damage|p2a: Clefable|63\/100|[from] Stealth Rock\n|turn|40\n|\n|t:|1637578304\n|move|p2a: Clefable|Protect|p2a: Clefable\n|-singleturn|p2a: Clefable|Protect\n|move|p1a: Latios|Psychic|p2a: Clefable\n|-activate|p2a: Clefable|move: Protect\n|\n|-heal|p2a: Clefable|69\/100|[from] item: Leftovers\n|upkeep\n|turn|41\n|\n|t:|1637578307\n|move|p1a: Latios|Psychic|p2a: Clefable\n|-damage|p2a: Clefable|0 fnt\n|faint|p2a: Clefable\n|\n|win|MonkeKING69\n|raw|MonkeKING69's rating: 1368 &rarr; <strong>1389<\/strong><br \/>(+21 for winning)\n|raw|i know im horrible's rating: 1391 &rarr; <strong>1370<\/strong><br \/>(-21 for losing)\n|c|\u2606MonkeKING69|gg\n|l|\u2606i know im horrible\n|l| Hurtmeplz\n","uploadtime":1637578314,"views":24,"p1id":"monkeking69","p2id":"iknowimhorrible","formatid":"gen8bdspou","rating":1370,"private":0,"password":null}