{"id":"gen8ou-1234059299","p1":"Vodyne","p2":"TrainerBored","format":"gen8ou","log":"|j|\u203dVodyne\n|j|\u2606TrainerBored\n|t:|1606708783\n|player|p1|Vodyne|dawn|1079\n|player|p2|TrainerBored|tuberf|1118\n|teamsize|p1|6\n|teamsize|p2|6\n|gametype|singles\n|gen|8\n|tier|[Gen 8] OU\n|rated|\n|clearpoke\n|poke|p1|Snorlax, F|\n|poke|p1|Urshifu-*, F|\n|poke|p1|Victini|\n|poke|p1|Runerigus, F|\n|poke|p1|Zapdos|\n|poke|p1|Suicune|\n|poke|p2|Azumarill, F|\n|poke|p2|Cinderace, F|\n|poke|p2|Melmetal|\n|poke|p2|Regieleki|\n|poke|p2|Mesprit|\n|poke|p2|Alcremie, F|\n|rule|Sleep Clause Mod: Limit one foe put to sleep\n|rule|Species Clause: Limit one of each Pok\u00e9mon\n|rule|OHKO Clause: OHKO moves are banned\n|rule|Evasion Moves Clause: Evasion moves are banned\n|rule|Endless Battle Clause: Forcing endless battles is banned\n|rule|HP Percentage Mod: HP is shown in percentages\n|rule|Dynamax Clause: You cannot dynamax\n|teampreview\n|\n|t:|1606708790\n|start\n|switch|p1a: Victini|Victini|100\/100\n|switch|p2a: Beachball|Azumarill, F, shiny|100\/100\n|turn|1\n|\n|t:|1606708798\n|move|p1a: Victini|Bolt Strike|p2a: Beachball\n|-supereffective|p2a: Beachball\n|-damage|p2a: Beachball|23\/100\n|-enditem|p2a: Beachball|Sitrus Berry|[eat]\n|-heal|p2a: Beachball|48\/100|[from] item: Sitrus Berry\n|move|p2a: Beachball|Belly Drum||[still]\n|-fail|p2a: Beachball\n|\n|upkeep\n|turn|2\n|\n|t:|1606708807\n|move|p2a: Beachball|Aqua Jet|p1a: Victini\n|-supereffective|p1a: Victini\n|-damage|p1a: Victini|47\/100\n|move|p1a: Victini|Bolt Strike|p2a: Beachball\n|-supereffective|p2a: Beachball\n|-damage|p2a: Beachball|0 fnt\n|faint|p2a: Beachball\n|\n|upkeep\n|\n|t:|1606708816\n|switch|p2a: Brandy Blitz|Regieleki|100\/100\n|turn|3\n|\n|t:|1606708821\n|switch|p2a: Parfait|Mesprit, shiny|100\/100\n|switch|p1a: Runerigus|Runerigus, F|100\/100\n|\n|upkeep\n|turn|4\n|\n|t:|1606708835\n|move|p1a: Runerigus|Trick|p2a: Parfait\n|-activate|p1a: Runerigus|move: Trick|[of] p2a: Parfait\n|-item|p2a: Parfait|Lagging Tail|[from] move: Trick\n|-item|p1a: Runerigus|Iron Ball|[from] move: Trick\n|move|p2a: Parfait|Trick Room|p2a: Parfait\n|-fieldstart|move: Trick Room|[of] p2a: Parfait\n|\n|upkeep\n|turn|5\n|\n|t:|1606708843\n|move|p1a: Runerigus|Will-O-Wisp|p2a: Parfait\n|-status|p2a: Parfait|brn\n|move|p2a: Parfait|U-turn|p1a: Runerigus\n|-resisted|p1a: Runerigus\n|-damage|p1a: Runerigus|98\/100\n|-activate|p1a: Runerigus|ability: Wandering Spirit|Levitate|Wandering Spirit|[of] p2a: Parfait\n|\n|t:|1606708854\n|switch|p2a: Cool Whip|Alcremie, F, shiny|100\/100|[from]move: U-turn\n|\n|upkeep\n|turn|6\n|\n|t:|1606708865\n|move|p1a: Runerigus|Stealth Rock|p2a: Cool Whip\n|-sidestart|p2: TrainerBored|move: Stealth Rock\n|move|p2a: Cool Whip|Giga Drain|p1a: Runerigus\n|-supereffective|p1a: Runerigus\n|-damage|p1a: Runerigus|48\/100\n|\n|upkeep\n|turn|7\n|\n|t:|1606708872\n|move|p1a: Runerigus|Will-O-Wisp|p2a: Cool Whip\n|-status|p2a: Cool Whip|brn\n|move|p2a: Cool Whip|Giga Drain|p1a: Runerigus\n|-supereffective|p1a: Runerigus\n|-damage|p1a: Runerigus|0 fnt\n|faint|p1a: Runerigus\n|\n|-damage|p2a: Cool Whip|95\/100 brn|[from] brn\n|upkeep\n|\n|t:|1606708885\n|switch|p1a: Suicune|Suicune|100\/100\n|-ability|p1a: Suicune|Pressure\n|turn|8\n|\n|t:|1606708895\n|switch|p1a: Snorlax|Snorlax, F|100\/100\n|move|p2a: Cool Whip|Giga Drain|p1a: Snorlax\n|-damage|p1a: Snorlax|89\/100\n|-heal|p2a: Cool Whip|100\/100 brn|[from] drain|[of] p1a: Snorlax\n|\n|-heal|p1a: Snorlax|95\/100|[from] item: Leftovers\n|-damage|p2a: Cool Whip|95\/100 brn|[from] brn\n|-fieldend|move: Trick Room\n|upkeep\n|turn|9\n|\n|t:|1606708919\n|move|p2a: Cool Whip|Dazzling Gleam|p1a: Snorlax\n|-damage|p1a: Snorlax|78\/100\n|move|p1a: Snorlax|Body Slam|p2a: Cool Whip\n|-damage|p2a: Cool Whip|50\/100 brn\n|\n|-heal|p2a: Cool Whip|56\/100 brn|[from] item: Leftovers\n|-heal|p1a: Snorlax|84\/100|[from] item: Leftovers\n|-damage|p2a: Cool Whip|50\/100 brn|[from] brn\n|upkeep\n|turn|10\n|\n|t:|1606708935\n|move|p2a: Cool Whip|Giga Drain|p1a: Snorlax\n|-damage|p1a: Snorlax|74\/100\n|-heal|p2a: Cool Whip|59\/100 brn|[from] drain|[of] p1a: Snorlax\n|move|p1a: Snorlax|Body Slam|p2a: Cool Whip\n|-damage|p2a: Cool Whip|18\/100 brn\n|\n|-heal|p2a: Cool Whip|24\/100 brn|[from] item: Leftovers\n|-heal|p1a: Snorlax|80\/100|[from] item: Leftovers\n|-damage|p2a: Cool Whip|18\/100 brn|[from] brn\n|upkeep\n|turn|11\n|\n|t:|1606708948\n|move|p2a: Cool Whip|Giga Drain|p1a: Snorlax\n|-damage|p1a: Snorlax|69\/100\n|-heal|p2a: Cool Whip|27\/100 brn|[from] drain|[of] p1a: Snorlax\n|move|p1a: Snorlax|Body Slam|p2a: Cool Whip\n|-damage|p2a: Cool Whip|0 fnt\n|faint|p2a: Cool Whip\n|\n|-heal|p1a: Snorlax|75\/100|[from] item: Leftovers\n|upkeep\n|\n|t:|1606708961\n|switch|p2a: Brandy Blitz|Regieleki|100\/100\n|-damage|p2a: Brandy Blitz|88\/100|[from] Stealth Rock\n|turn|12\n|\n|t:|1606709027\n|move|p2a: Brandy Blitz|Thunderbolt|p1a: Snorlax\n|-damage|p1a: Snorlax|43\/100\n|move|p1a: Snorlax|Body Slam|p2a: Brandy Blitz\n|-damage|p2a: Brandy Blitz|13\/100\n|\n|-heal|p1a: Snorlax|49\/100|[from] item: Leftovers\n|upkeep\n|turn|13\n|\n|t:|1606709044\n|move|p2a: Brandy Blitz|Volt Switch|p1a: Snorlax\n|-damage|p1a: Snorlax|24\/100\n|\n|t:|1606709049\n|switch|p2a: La Tormenta|Cinderace, F, shiny|100\/100|[from]move: Volt Switch\n|-damage|p2a: La Tormenta|76\/100|[from] Stealth Rock\n|move|p1a: Snorlax|Body Slam|p2a: La Tormenta\n|-crit|p2a: La Tormenta\n|-damage|p2a: La Tormenta|0 fnt\n|faint|p2a: La Tormenta\n|\n|-heal|p1a: Snorlax|30\/100|[from] item: Leftovers\n|upkeep\n|\n|t:|1606709062\n|switch|p2a: Gogomora|Melmetal, shiny|100\/100\n|-damage|p2a: Gogomora|94\/100|[from] Stealth Rock\n|turn|14\n|\n|t:|1606709094\n|switch|p1a: Zapdos|Zapdos|100\/100\n|move|p2a: Gogomora|Earthquake|p1a: Zapdos\n|-immune|p1a: Zapdos\n|\n|upkeep\n|turn|15\n|\n|t:|1606709102\n|move|p1a: Zapdos|Heat Wave|p2a: Gogomora\n|-supereffective|p2a: Gogomora\n|-damage|p2a: Gogomora|25\/100\n|move|p2a: Gogomora|Double Iron Bash|p1a: Zapdos\n|-resisted|p1a: Zapdos\n|-damage|p1a: Zapdos|75\/100\n|-resisted|p1a: Zapdos\n|-damage|p1a: Zapdos|53\/100\n|-hitcount|p1a: Zapdos|2\n|\n|upkeep\n|turn|16\n|\n|t:|1606709117\n|move|p1a: Zapdos|Heat Wave|p2a: Gogomora\n|-supereffective|p2a: Gogomora\n|-damage|p2a: Gogomora|0 fnt\n|faint|p2a: Gogomora\n|\n|upkeep\n|\n|t:|1606709127\n|switch|p2a: Brandy Blitz|Regieleki|13\/100\n|-damage|p2a: Brandy Blitz|1\/100|[from] Stealth Rock\n|turn|17\n|\n|t:|1606709132\n|switch|p1a: Snorlax|Snorlax, F|30\/100\n|move|p2a: Brandy Blitz|Thunderbolt|p1a: Snorlax\n|-damage|p1a: Snorlax|0 fnt\n|faint|p1a: Snorlax\n|\n|upkeep\n|\n|t:|1606709143\n|switch|p1a: Urshifu|Urshifu, F|100\/100\n|turn|18\n|\n|t:|1606709149\n|move|p2a: Brandy Blitz|Thunderbolt|p1a: Urshifu\n|-damage|p1a: Urshifu|0 fnt\n|faint|p1a: Urshifu\n|\n|upkeep\n|\n|t:|1606709155\n|switch|p1a: Zapdos|Zapdos|53\/100\n|turn|19\n|\n|t:|1606709161\n|move|p2a: Brandy Blitz|Thunderbolt|p1a: Zapdos\n|-damage|p1a: Zapdos|0 fnt\n|faint|p1a: Zapdos\n|\n|upkeep\n|\n|t:|1606709169\n|switch|p1a: Suicune|Suicune|100\/100\n|-ability|p1a: Suicune|Pressure\n|turn|20\n|\n|t:|1606709175\n|move|p2a: Brandy Blitz|Thunderbolt|p1a: Suicune\n|-supereffective|p1a: Suicune\n|-damage|p1a: Suicune|0 fnt\n|faint|p1a: Suicune\n|\n|upkeep\n|-message|Vodyne forfeited.\n|\n|win|TrainerBored\n|l|\u203dVodyne\n|raw|Vodyne's rating: 1057 &rarr; <strong>1042<\/strong><br \/>(-15 for losing)\n|raw|TrainerBored's rating: 1118 &rarr; <strong>1139<\/strong><br \/>(+21 for winning)\n","uploadtime":1606709191,"views":18,"p1id":"vodyne","p2id":"trainerbored","formatid":"gen8ou","rating":1042,"private":0,"password":null}