{"id":"gen8battlefactory-1666786670","p1":"Gotham Paladin","p2":"Darkness abides me","format":"gen8battlefactory","log":"|j|\u2606Gotham Paladin\n|j|\u2606Darkness abides me\n|inactive|Battle timer is ON: inactive players will automatically lose when time's up.\n|t:|1663445857\n|gametype|singles\n|player|p1|Gotham Paladin|oak-gen1rb|\n|player|p2|Darkness abides me|hugh|\n|teamsize|p1|6\n|teamsize|p2|6\n|gen|8\n|tier|[Gen 8] Battle Factory\n|rated|Tournament battle\n|rule|Sleep Clause Mod: Limit one foe put to sleep\n|rule|Species Clause: Limit one of each Pok\u00e9mon\n|rule|OHKO Clause: OHKO moves are banned\n|rule|Evasion Items Clause: Evasion items are banned\n|rule|Evasion Moves Clause: Evasion moves are banned\n|rule|Endless Battle Clause: Forcing endless battles is banned\n|rule|HP Percentage Mod: HP is shown in percentages\n|rule|Dynamax Clause: You cannot dynamax\n|clearpoke\n|poke|p1|Volcarona, M|\n|poke|p1|Tapu Koko|\n|poke|p1|Tornadus-Therian, M|\n|poke|p1|Slowking-Galar, M|\n|poke|p1|Corviknight, F|\n|poke|p1|Volcanion|\n|poke|p2|Jirachi|\n|poke|p2|Mandibuzz, F|\n|poke|p2|Blissey, F|\n|poke|p2|Volcanion|\n|poke|p2|Heatran, F|\n|poke|p2|Zapdos-Galar|\n|teampreview\n|inactive|Darkness abides me also wants the timer to be on.\n|j| Siguy-66667\n|\n|t:|1663445881\n|start\n|switch|p1a: Tapu Koko|Tapu Koko|282\/282\n|switch|p2a: Zapdos|Zapdos-Galar|322\/322\n|-fieldstart|move: Electric Terrain|[from] ability: Electric Surge|[of] p1a: Tapu Koko\n|turn|1\n|l| Siguy-66667\n|j| Siguy-66667\n|\n|t:|1663445889\n|move|p1a: Tapu Koko|U-turn|p2a: Zapdos\n|-resisted|p2a: Zapdos\n|-damage|p2a: Zapdos|306\/322\n|\n|t:|1663445891\n|switch|p1a: Corviknight|Corviknight, F|400\/400\n|-ability|p1a: Corviknight|Pressure\n|move|p2a: Zapdos|U-turn|p1a: Corviknight\n|-resisted|p1a: Corviknight\n|-damage|p1a: Corviknight|377\/400\n|\n|t:|1663445902\n|switch|p2a: Heatran|Heatran, F|386\/386\n|\n|-heal|p1a: Corviknight|400\/400|[from] item: Leftovers\n|upkeep\n|turn|2\n|l| Siguy-66667\n|\n|t:|1663445915\n|switch|p1a: Volcanion|Volcanion|302\/302\n|move|p2a: Heatran|Magma Storm|p1a: Volcanion|[miss]\n|-miss|p2a: Heatran|p1a: Volcanion\n|\n|upkeep\n|turn|3\n|\n|t:|1663445927\n|switch|p2a: Blissey|Blissey, F|714\/714\n|move|p1a: Volcanion|Steam Eruption|p2a: Blissey\n|-damage|p2a: Blissey|480\/714\n|-status|p2a: Blissey|brn\n|\n|-damage|p2a: Blissey|436\/714 brn|[from] brn\n|upkeep\n|turn|4\n|\n|t:|1663445944\n|switch|p1a: Tornadus|Tornadus-Therian, M|362\/362\n|move|p2a: Blissey|Thunder Wave|p1a: Tornadus\n|-status|p1a: Tornadus|par\n|\n|-damage|p2a: Blissey|392\/714 brn|[from] brn\n|upkeep\n|turn|5\n|\n|t:|1663445949\n|move|p1a: Tornadus|Knock Off|p2a: Blissey\n|-damage|p2a: Blissey|281\/714 brn\n|-enditem|p2a: Blissey|Heavy-Duty Boots|[from] move: Knock Off|[of] p1a: Tornadus\n|move|p2a: Blissey|Soft-Boiled|p2a: Blissey\n|-heal|p2a: Blissey|638\/714 brn\n|\n|-damage|p2a: Blissey|594\/714 brn|[from] brn\n|-fieldend|move: Electric Terrain\n|upkeep\n|turn|6\n|\n|t:|1663445955\n|move|p1a: Tornadus|U-turn|p2a: Blissey\n|-damage|p2a: Blissey|522\/714 brn\n|\n|t:|1663445957\n|switch|p1a: Slowking|Slowking-Galar, M|394\/394\n|move|p2a: Blissey|Seismic Toss|p1a: Slowking\n|-damage|p1a: Slowking|294\/394\n|\n|-damage|p2a: Blissey|478\/714 brn|[from] brn\n|upkeep\n|turn|7\n|\n|t:|1663445962\n|move|p2a: Blissey|Thunder Wave|p1a: Slowking\n|-status|p1a: Slowking|par\n|move|p1a: Slowking|Psychic|p2a: Blissey\n|-damage|p2a: Blissey|379\/714 brn\n|\n|-damage|p2a: Blissey|335\/714 brn|[from] brn\n|upkeep\n|turn|8\n|\n|t:|1663445966\n|switch|p1a: Tapu Koko|Tapu Koko|282\/282\n|-fieldstart|move: Electric Terrain|[from] ability: Electric Surge|[of] p1a: Tapu Koko\n|move|p2a: Blissey|Soft-Boiled|p2a: Blissey\n|-heal|p2a: Blissey|692\/714 brn\n|\n|-damage|p2a: Blissey|648\/714 brn|[from] brn\n|upkeep\n|turn|9\n|\n|t:|1663445970\n|move|p1a: Tapu Koko|Thunderbolt|p2a: Blissey\n|-damage|p2a: Blissey|513\/714 brn\n|move|p2a: Blissey|Seismic Toss|p1a: Tapu Koko\n|-damage|p1a: Tapu Koko|182\/282\n|\n|-damage|p2a: Blissey|469\/714 brn|[from] brn\n|upkeep\n|turn|10\n|\n|t:|1663445979\n|move|p1a: Tapu Koko|Thunderbolt|p2a: Blissey\n|-damage|p2a: Blissey|330\/714 brn\n|move|p2a: Blissey|Seismic Toss|p1a: Tapu Koko\n|-damage|p1a: Tapu Koko|82\/282\n|\n|-damage|p2a: Blissey|286\/714 brn|[from] brn\n|upkeep\n|turn|11\n|\n|t:|1663445983\n|move|p1a: Tapu Koko|Roost|p1a: Tapu Koko\n|-heal|p1a: Tapu Koko|223\/282\n|-singleturn|p1a: Tapu Koko|move: Roost\n|move|p2a: Blissey|Soft-Boiled|p2a: Blissey\n|-heal|p2a: Blissey|643\/714 brn\n|\n|-damage|p2a: Blissey|599\/714 brn|[from] brn\n|upkeep\n|turn|12\n|\n|t:|1663445986\n|move|p1a: Tapu Koko|Thunderbolt|p2a: Blissey\n|-damage|p2a: Blissey|478\/714 brn\n|move|p2a: Blissey|Soft-Boiled|p2a: Blissey\n|-heal|p2a: Blissey|714\/714 brn\n|\n|-damage|p2a: Blissey|670\/714 brn|[from] brn\n|-fieldend|move: Electric Terrain\n|upkeep\n|turn|13\n|\n|t:|1663445990\n|move|p1a: Tapu Koko|Dazzling Gleam|p2a: Blissey\n|-damage|p2a: Blissey|585\/714 brn\n|move|p2a: Blissey|Seismic Toss|p1a: Tapu Koko\n|-damage|p1a: Tapu Koko|123\/282\n|\n|-damage|p2a: Blissey|541\/714 brn|[from] brn\n|upkeep\n|turn|14\n|\n|t:|1663445993\n|move|p1a: Tapu Koko|Roost|p1a: Tapu Koko\n|-heal|p1a: Tapu Koko|264\/282\n|-singleturn|p1a: Tapu Koko|move: Roost\n|move|p2a: Blissey|Seismic Toss|p1a: Tapu Koko\n|-damage|p1a: Tapu Koko|164\/282\n|\n|-damage|p2a: Blissey|497\/714 brn|[from] brn\n|upkeep\n|turn|15\n|\n|t:|1663445995\n|move|p1a: Tapu Koko|U-turn|p2a: Blissey\n|-damage|p2a: Blissey|398\/714 brn\n|\n|t:|1663445997\n|switch|p1a: Corviknight|Corviknight, F|400\/400\n|-ability|p1a: Corviknight|Pressure\n|move|p2a: Blissey|Seismic Toss|p1a: Corviknight\n|-damage|p1a: Corviknight|300\/400\n|\n|-heal|p1a: Corviknight|325\/400|[from] item: Leftovers\n|-damage|p2a: Blissey|354\/714 brn|[from] brn\n|upkeep\n|turn|16\n|\n|t:|1663446000\n|move|p1a: Corviknight|Brave Bird|p2a: Blissey\n|-damage|p2a: Blissey|108\/714 brn\n|-damage|p1a: Corviknight|244\/400|[from] Recoil\n|move|p2a: Blissey|Soft-Boiled|p2a: Blissey\n|-heal|p2a: Blissey|465\/714 brn\n|\n|-heal|p1a: Corviknight|269\/400|[from] item: Leftovers\n|-damage|p2a: Blissey|421\/714 brn|[from] brn\n|upkeep\n|turn|17\n|\n|t:|1663446002\n|move|p1a: Corviknight|Brave Bird|p2a: Blissey\n|-damage|p2a: Blissey|189\/714 brn\n|-damage|p1a: Corviknight|192\/400|[from] Recoil\n|move|p2a: Blissey|Thunder Wave|p1a: Corviknight\n|-status|p1a: Corviknight|par\n|\n|-heal|p1a: Corviknight|217\/400 par|[from] item: Leftovers\n|-damage|p2a: Blissey|145\/714 brn|[from] brn\n|upkeep\n|turn|18\n|\n|t:|1663446006\n|move|p2a: Blissey|Soft-Boiled|p2a: Blissey\n|-heal|p2a: Blissey|502\/714 brn\n|move|p1a: Corviknight|Brave Bird|p2a: Blissey\n|-damage|p2a: Blissey|277\/714 brn\n|-damage|p1a: Corviknight|143\/400 par|[from] Recoil\n|\n|-heal|p1a: Corviknight|168\/400 par|[from] item: Leftovers\n|-damage|p2a: Blissey|233\/714 brn|[from] brn\n|upkeep\n|turn|19\n|\n|t:|1663446010\n|move|p2a: Blissey|Soft-Boiled|p2a: Blissey\n|-heal|p2a: Blissey|590\/714 brn\n|move|p1a: Corviknight|Defog|p2a: Blissey\n|-unboost|p2a: Blissey|evasion|1\n|\n|-heal|p1a: Corviknight|193\/400 par|[from] item: Leftovers\n|-damage|p2a: Blissey|546\/714 brn|[from] brn\n|upkeep\n|turn|20\n|\n|t:|1663446012\n|move|p2a: Blissey|Soft-Boiled|p2a: Blissey\n|-heal|p2a: Blissey|714\/714 brn\n|cant|p1a: Corviknight|par\n|\n|-heal|p1a: Corviknight|218\/400 par|[from] item: Leftovers\n|-damage|p2a: Blissey|670\/714 brn|[from] brn\n|upkeep\n|turn|21\n|\n|t:|1663446024\n|move|p2a: Blissey|Seismic Toss|p1a: Corviknight\n|-damage|p1a: Corviknight|118\/400 par\n|move|p1a: Corviknight|Roost|p1a: Corviknight\n|-heal|p1a: Corviknight|318\/400 par\n|-singleturn|p1a: Corviknight|move: Roost\n|\n|-heal|p1a: Corviknight|343\/400 par|[from] item: Leftovers\n|-damage|p2a: Blissey|626\/714 brn|[from] brn\n|upkeep\n|turn|22\n|\n|t:|1663446030\n|move|p2a: Blissey|Seismic Toss|p1a: Corviknight\n|-damage|p1a: Corviknight|243\/400 par\n|cant|p1a: Corviknight|par\n|\n|-heal|p1a: Corviknight|268\/400 par|[from] item: Leftovers\n|-damage|p2a: Blissey|582\/714 brn|[from] brn\n|upkeep\n|turn|23\n|\n|t:|1663446035\n|-curestatus|p2a: Blissey|brn|[from] ability: Natural Cure\n|switch|p2a: Heatran|Heatran, F|386\/386\n|cant|p1a: Corviknight|par\n|\n|-heal|p1a: Corviknight|293\/400 par|[from] item: Leftovers\n|upkeep\n|turn|24\n|\n|t:|1663446040\n|switch|p1a: Volcanion|Volcanion|302\/302\n|move|p2a: Heatran|Magma Storm|p1a: Volcanion\n|-resisted|p1a: Volcanion\n|-damage|p1a: Volcanion|263\/302\n|-activate|p1a: Volcanion|move: Magma Storm|[of] p2a: Heatran\n|\n|-damage|p1a: Volcanion|226\/302|[from] move: Magma Storm|[partiallytrapped]\n|upkeep\n|turn|25\n|\n|t:|1663446045\n|switch|p2a: Blissey|Blissey, F|582\/714\n|move|p1a: Volcanion|Steam Eruption|p2a: Blissey|[miss]\n|-miss|p1a: Volcanion|p2a: Blissey\n|\n|-end|p1a: Volcanion|Magma Storm|[partiallytrapped]|[silent]\n|upkeep\n|turn|26\n|\n|t:|1663446051\n|switch|p1a: Tapu Koko|Tapu Koko|164\/282\n|-fieldstart|move: Electric Terrain|[from] ability: Electric Surge|[of] p1a: Tapu Koko\n|move|p2a: Blissey|Seismic Toss|p1a: Tapu Koko\n|-damage|p1a: Tapu Koko|64\/282\n|\n|upkeep\n|turn|27\n|\n|t:|1663446053\n|move|p1a: Tapu Koko|Roost|p1a: Tapu Koko\n|-heal|p1a: Tapu Koko|205\/282\n|-singleturn|p1a: Tapu Koko|move: Roost\n|move|p2a: Blissey|Seismic Toss|p1a: Tapu Koko\n|-damage|p1a: Tapu Koko|105\/282\n|\n|upkeep\n|turn|28\n|\n|t:|1663446056\n|move|p1a: Tapu Koko|Roost|p1a: Tapu Koko\n|-heal|p1a: Tapu Koko|246\/282\n|-singleturn|p1a: Tapu Koko|move: Roost\n|move|p2a: Blissey|Seismic Toss|p1a: Tapu Koko\n|-damage|p1a: Tapu Koko|146\/282\n|\n|upkeep\n|turn|29\n|\n|t:|1663446058\n|move|p1a: Tapu Koko|Thunderbolt|p2a: Blissey\n|-damage|p2a: Blissey|462\/714\n|move|p2a: Blissey|Seismic Toss|p1a: Tapu Koko\n|-damage|p1a: Tapu Koko|46\/282\n|\n|upkeep\n|turn|30\n|\n|t:|1663446060\n|move|p1a: Tapu Koko|Roost|p1a: Tapu Koko\n|-heal|p1a: Tapu Koko|187\/282\n|-singleturn|p1a: Tapu Koko|move: Roost\n|move|p2a: Blissey|Seismic Toss|p1a: Tapu Koko\n|-damage|p1a: Tapu Koko|87\/282\n|\n|-fieldend|move: Electric Terrain\n|upkeep\n|turn|31\n|\n|t:|1663446062\n|move|p1a: Tapu Koko|U-turn|p2a: Blissey\n|-damage|p2a: Blissey|369\/714\n|\n|t:|1663446064\n|switch|p1a: Tornadus|Tornadus-Therian, M|362\/362 par\n|move|p2a: Blissey|Seismic Toss|p1a: Tornadus\n|-damage|p1a: Tornadus|262\/362 par\n|\n|upkeep\n|turn|32\n|\n|t:|1663446068\n|move|p1a: Tornadus|U-turn|p2a: Blissey\n|-damage|p2a: Blissey|296\/714\n|\n|t:|1663446078\n|switch|p1a: Corviknight|Corviknight, F|293\/400 par\n|-ability|p1a: Corviknight|Pressure\n|move|p2a: Blissey|Soft-Boiled|p2a: Blissey\n|-heal|p2a: Blissey|653\/714\n|\n|-heal|p1a: Corviknight|318\/400 par|[from] item: Leftovers\n|upkeep\n|turn|33\n|\n|t:|1663446083\n|switch|p2a: Heatran|Heatran, F|386\/386\n|move|p1a: Corviknight|Brave Bird|p2a: Heatran\n|-resisted|p2a: Heatran\n|-damage|p2a: Heatran|329\/386\n|-damage|p1a: Corviknight|299\/400 par|[from] Recoil\n|\n|-heal|p2a: Heatran|353\/386|[from] item: Leftovers\n|-heal|p1a: Corviknight|324\/400 par|[from] item: Leftovers\n|upkeep\n|turn|34\n|\n|t:|1663446086\n|switch|p1a: Tornadus|Tornadus-Therian, M|362\/362 par\n|move|p2a: Heatran|Stealth Rock|p1a: Tornadus\n|-sidestart|p1: Gotham Paladin|move: Stealth Rock\n|\n|-heal|p2a: Heatran|377\/386|[from] item: Leftovers\n|upkeep\n|turn|35\n|\n|t:|1663446089\n|move|p2a: Heatran|Magma Storm|p1a: Tornadus\n|-damage|p1a: Tornadus|187\/362 par\n|-activate|p1a: Tornadus|move: Magma Storm|[of] p2a: Heatran\n|move|p1a: Tornadus|Defog|p2a: Heatran\n|-unboost|p2a: Heatran|evasion|1\n|-sideend|p1: Gotham Paladin|Stealth Rock|[from] move: Defog|[of] p1a: Tornadus\n|\n|-heal|p2a: Heatran|386\/386|[from] item: Leftovers\n|-damage|p1a: Tornadus|142\/362 par|[from] move: Magma Storm|[partiallytrapped]\n|upkeep\n|turn|36\n|\n|t:|1663446093\n|move|p2a: Heatran|Magma Storm|p1a: Tornadus\n|-damage|p1a: Tornadus|0 fnt\n|faint|p1a: Tornadus\n|\n|upkeep\n|\n|t:|1663446097\n|switch|p1a: Volcanion|Volcanion|226\/302\n|turn|37\n|\n|t:|1663446100\n|move|p1a: Volcanion|Steam Eruption|p2a: Heatran\n|-supereffective|p2a: Heatran\n|-damage|p2a: Heatran|0 fnt\n|faint|p2a: Heatran\n|\n|upkeep\n|\n|t:|1663446105\n|switch|p2a: Mandibuzz|Mandibuzz, F|423\/423\n|turn|38\n|\n|t:|1663446112\n|move|p1a: Volcanion|Steam Eruption|p2a: Mandibuzz|[miss]\n|-miss|p1a: Volcanion|p2a: Mandibuzz\n|move|p2a: Mandibuzz|Foul Play|p1a: Volcanion\n|-crit|p1a: Volcanion\n|-damage|p1a: Volcanion|109\/302\n|\n|upkeep\n|turn|39\n|\n|t:|1663446115\n|move|p1a: Volcanion|Steam Eruption|p2a: Mandibuzz\n|-damage|p2a: Mandibuzz|176\/423\n|move|p2a: Mandibuzz|Foul Play|p1a: Volcanion\n|-damage|p1a: Volcanion|27\/302\n|\n|upkeep\n|turn|40\n|\n|t:|1663446120\n|move|p1a: Volcanion|Steam Eruption|p2a: Mandibuzz\n|-damage|p2a: Mandibuzz|0 fnt\n|faint|p2a: Mandibuzz\n|\n|upkeep\n|\n|t:|1663446125\n|switch|p2a: Zapdos|Zapdos-Galar|306\/322\n|turn|41\n|\n|t:|1663446136\n|switch|p1a: Volcarona|Volcarona, M|312\/312\n|move|p2a: Zapdos|Brave Bird|p1a: Volcarona\n|-supereffective|p1a: Volcarona\n|-damage|p1a: Volcarona|0 fnt\n|-status|p2a: Zapdos|brn|[from] ability: Flame Body|[of] p1a: Volcarona\n|faint|p1a: Volcarona\n|-damage|p2a: Zapdos|203\/322 brn|[from] Recoil\n|\n|-damage|p2a: Zapdos|183\/322 brn|[from] brn\n|upkeep\n|\n|t:|1663446141\n|switch|p1a: Slowking|Slowking-Galar, M|394\/394 par\n|turn|42\n|\n|t:|1663446144\n|move|p2a: Zapdos|Brave Bird|p1a: Slowking\n|-crit|p1a: Slowking\n|-damage|p1a: Slowking|95\/394 par\n|-damage|p2a: Zapdos|84\/322 brn|[from] Recoil\n|cant|p1a: Slowking|par\n|\n|-damage|p2a: Zapdos|64\/322 brn|[from] brn\n|upkeep\n|turn|43\n|\n|t:|1663446149\n|switch|p1a: Corviknight|Corviknight, F|324\/400 par\n|-ability|p1a: Corviknight|Pressure\n|move|p2a: Zapdos|Brave Bird|p1a: Corviknight\n|-resisted|p1a: Corviknight\n|-damage|p1a: Corviknight|269\/400 par\n|-damage|p2a: Zapdos|46\/322 brn|[from] Recoil\n|\n|-heal|p1a: Corviknight|294\/400 par|[from] item: Leftovers\n|-damage|p2a: Zapdos|26\/322 brn|[from] brn\n|upkeep\n|turn|44\n|\n|t:|1663446154\n|switch|p2a: Volcanion|Volcanion|302\/302\n|cant|p1a: Corviknight|par\n|\n|-heal|p1a: Corviknight|319\/400 par|[from] item: Leftovers\n|upkeep\n|turn|45\n|\n|t:|1663446160\n|switch|p1a: Slowking|Slowking-Galar, M|226\/394 par\n|move|p2a: Volcanion|Earth Power|p1a: Slowking\n|-supereffective|p1a: Slowking\n|-crit|p1a: Slowking\n|-damage|p1a: Slowking|0 fnt\n|faint|p1a: Slowking\n|\n|upkeep\n|j| blooclipse\n|\n|t:|1663446167\n|switch|p1a: Tapu Koko|Tapu Koko|87\/282\n|-fieldstart|move: Electric Terrain|[from] ability: Electric Surge|[of] p1a: Tapu Koko\n|turn|46\n|\n|t:|1663446169\n|move|p1a: Tapu Koko|Thunderbolt|p2a: Volcanion\n|-supereffective|p2a: Volcanion\n|-damage|p2a: Volcanion|0 fnt\n|faint|p2a: Volcanion\n|\n|upkeep\n|\n|t:|1663446174\n|switch|p2a: Jirachi|Jirachi|404\/404\n|turn|47\n|\n|t:|1663446179\n|move|p1a: Tapu Koko|Roost|p1a: Tapu Koko\n|-heal|p1a: Tapu Koko|228\/282\n|-singleturn|p1a: Tapu Koko|move: Roost\n|move|p2a: Jirachi|Wish|p2a: Jirachi\n|\n|upkeep\n|turn|48\n|\n|t:|1663446183\n|move|p1a: Tapu Koko|Thunderbolt|p2a: Jirachi\n|-damage|p2a: Jirachi|280\/404\n|-status|p2a: Jirachi|par\n|move|p2a: Jirachi|Iron Head|p1a: Tapu Koko\n|-damage|p1a: Tapu Koko|113\/282\n|\n|-heal|p2a: Jirachi|404\/404 par|[from] move: Wish|[wisher] Jirachi\n|upkeep\n|turn|49\n|\n|t:|1663446185\n|move|p1a: Tapu Koko|Roost|p1a: Tapu Koko\n|-heal|p1a: Tapu Koko|254\/282\n|-singleturn|p1a: Tapu Koko|move: Roost\n|move|p2a: Jirachi|Iron Head|p1a: Tapu Koko\n|-damage|p1a: Tapu Koko|155\/282\n|\n|upkeep\n|turn|50\n|\n|t:|1663446188\n|switch|p1a: Volcanion|Volcanion|27\/302\n|move|p2a: Jirachi|Iron Head|p1a: Volcanion\n|-resisted|p1a: Volcanion\n|-damage|p1a: Volcanion|8\/302\n|\n|-fieldend|move: Electric Terrain\n|upkeep\n|turn|51\n|\n|t:|1663446194\n|switch|p2a: Blissey|Blissey, F|653\/714\n|move|p1a: Volcanion|Flamethrower|p2a: Blissey\n|-damage|p2a: Blissey|466\/714\n|\n|upkeep\n|turn|52\n|\n|t:|1663446198\n|switch|p1a: Corviknight|Corviknight, F|319\/400 par\n|-ability|p1a: Corviknight|Pressure\n|move|p2a: Blissey|Seismic Toss|p1a: Corviknight\n|-damage|p1a: Corviknight|219\/400 par\n|\n|-heal|p1a: Corviknight|244\/400 par|[from] item: Leftovers\n|upkeep\n|turn|53\n|\n|t:|1663446202\n|move|p2a: Blissey|Seismic Toss|p1a: Corviknight\n|-damage|p1a: Corviknight|144\/400 par\n|move|p1a: Corviknight|Brave Bird|p2a: Blissey\n|-damage|p2a: Blissey|243\/714\n|-damage|p1a: Corviknight|70\/400 par|[from] Recoil\n|\n|-heal|p1a: Corviknight|95\/400 par|[from] item: Leftovers\n|upkeep\n|turn|54\n|\n|t:|1663446207\n|move|p2a: Blissey|Soft-Boiled|p2a: Blissey\n|-heal|p2a: Blissey|600\/714\n|move|p1a: Corviknight|Roost|p1a: Corviknight\n|-heal|p1a: Corviknight|295\/400 par\n|-singleturn|p1a: Corviknight|move: Roost\n|\n|-heal|p1a: Corviknight|320\/400 par|[from] item: Leftovers\n|upkeep\n|turn|55\n|\n|t:|1663446211\n|move|p2a: Blissey|Seismic Toss|p1a: Corviknight\n|-damage|p1a: Corviknight|220\/400 par\n|move|p1a: Corviknight|Brave Bird|p2a: Blissey\n|-damage|p2a: Blissey|362\/714\n|-damage|p1a: Corviknight|141\/400 par|[from] Recoil\n|\n|-heal|p1a: Corviknight|166\/400 par|[from] item: Leftovers\n|upkeep\n|turn|56\n|\n|t:|1663446216\n|move|p2a: Blissey|Seismic Toss|p1a: Corviknight\n|-damage|p1a: Corviknight|66\/400 par\n|cant|p1a: Corviknight|par\n|\n|-heal|p1a: Corviknight|91\/400 par|[from] item: Leftovers\n|upkeep\n|turn|57\n|\n|t:|1663446220\n|move|p2a: Blissey|Seismic Toss|p1a: Corviknight\n|-damage|p1a: Corviknight|0 fnt\n|faint|p1a: Corviknight\n|\n|upkeep\n|\n|t:|1663446222\n|switch|p1a: Volcanion|Volcanion|8\/302\n|turn|58\n|\n|t:|1663446232\n|move|p1a: Volcanion|Steam Eruption|p2a: Blissey\n|-damage|p2a: Blissey|143\/714\n|move|p2a: Blissey|Seismic Toss|p1a: Volcanion\n|-damage|p1a: Volcanion|0 fnt\n|faint|p1a: Volcanion\n|\n|upkeep\n|\n|t:|1663446237\n|switch|p1a: Tapu Koko|Tapu Koko|155\/282\n|-fieldstart|move: Electric Terrain|[from] ability: Electric Surge|[of] p1a: Tapu Koko\n|turn|59\n|\n|t:|1663446242\n|move|p1a: Tapu Koko|Thunderbolt|p2a: Blissey\n|-damage|p2a: Blissey|7\/714\n|move|p2a: Blissey|Soft-Boiled|p2a: Blissey\n|-heal|p2a: Blissey|364\/714\n|\n|upkeep\n|turn|60\n|-message|Gotham Paladin forfeited.\n|\n|win|Darkness abides me\n|n|\u2606Gotham Paladin|gothampaladin\n|n|\u2606Darkness abides me|darknessabidesme\n|n| blooclipse|blooclipse\n|l|\u2606Gotham Paladin\n","uploadtime":1663446249,"views":2,"p1id":"gothampaladin","p2id":"darknessabidesme","formatid":"gen8battlefactory","rating":0,"private":0,"password":null}