{"id":"gen8ou-1272034963","p1":"FatTurdLard","p2":"Burnt Bright","format":"gen8ou","log":"|html|<div class=\"broadcast-blue\"><strong>[Gen 8] OU is currently suspecting Spectrier! For information on how to participate check out the <a href=\"https:\/\/www.smogon.com\/forums\/threads\/np-ss-ou-suspect-process-round-9-old-town-road.3676744\/\">suspect thread<\/a>.<\/strong><\/div>\n|j|\u2606FatTurdLard\n|j|\u2606Burnt Bright\n|t:|1611946896\n|player|p1|FatTurdLard|lenora|1711\n|player|p2|Burnt Bright|parasollady-gen4|1720\n|teamsize|p1|6\n|teamsize|p2|6\n|gametype|singles\n|gen|8\n|tier|[Gen 8] OU\n|rated|\n|clearpoke\n|poke|p1|Celesteela|\n|poke|p1|Cloyster, M|\n|poke|p1|Ditto|\n|poke|p1|Slowking-Galar, M|\n|poke|p1|Kommo-o, M|\n|poke|p1|Garchomp, M|\n|poke|p2|Dragapult, M|\n|poke|p2|Cinderace, F|\n|poke|p2|Slowbro, M|\n|poke|p2|Aegislash, F|\n|poke|p2|Excadrill, F|\n|poke|p2|Mandibuzz, F|\n|rule|Sleep Clause Mod: Limit one foe put to sleep\n|rule|Species Clause: Limit one of each Pok\u00e9mon\n|rule|OHKO Clause: OHKO moves are banned\n|rule|Evasion Moves Clause: Evasion moves are banned\n|rule|Endless Battle Clause: Forcing endless battles is banned\n|rule|HP Percentage Mod: HP is shown in percentages\n|rule|Dynamax Clause: You cannot dynamax\n|teampreview\n|\n|t:|1611946917\n|start\n|switch|p1a: Cloyster|Cloyster, M|100\/100\n|switch|p2a: Slowbro|Slowbro, M|100\/100\n|turn|1\n|\n|t:|1611946923\n|move|p1a: Cloyster|Spikes|p2a: Slowbro\n|-sidestart|p2: Burnt Bright|Spikes\n|move|p2a: Slowbro|Future Sight|p1a: Cloyster\n|-start|p2a: Slowbro|move: Future Sight\n|\n|upkeep\n|turn|2\n|\n|t:|1611946928\n|move|p1a: Cloyster|Spikes|p2a: Slowbro\n|-sidestart|p2: Burnt Bright|Spikes\n|move|p2a: Slowbro|Scald|p1a: Cloyster\n|-resisted|p1a: Cloyster\n|-damage|p1a: Cloyster|64\/100\n|\n|upkeep\n|turn|3\n|j| outw lool\n|\n|t:|1611946933\n|move|p1a: Cloyster|Explosion|p2a: Slowbro\n|-damage|p2a: Slowbro|53\/100\n|faint|p1a: Cloyster\n|move|p2a: Slowbro|Scald|p1: Cloyster|[notarget]\n|-fail|p2a: Slowbro\n|\n|-hint|Future Sight did not hit because the target is fainted.\n|upkeep\n|\n|t:|1611946941\n|switch|p1a: Slowking|Slowking-Galar, M|100\/100\n|turn|4\n|\n|t:|1611946945\n|switch|p2a: Excadrill|Excadrill, F|100\/100\n|-damage|p2a: Excadrill|84\/100|[from] Spikes\n|-ability|p2a: Excadrill|Mold Breaker\n|move|p1a: Slowking|Flamethrower|p2a: Excadrill\n|-supereffective|p2a: Excadrill\n|-damage|p2a: Excadrill|20\/100\n|\n|-heal|p2a: Excadrill|26\/100|[from] item: Leftovers\n|upkeep\n|turn|5\n|\n|t:|1611946953\n|switch|p1a: Garchomp|Garchomp, M|100\/100\n|move|p2a: Excadrill|Stealth Rock|p1a: Garchomp\n|-sidestart|p1: FatTurdLard|move: Stealth Rock\n|\n|-heal|p2a: Excadrill|32\/100|[from] item: Leftovers\n|upkeep\n|turn|6\n|\n|t:|1611946959\n|switch|p2a: Mandibuzz|Mandibuzz, F|100\/100\n|move|p1a: Garchomp|Earthquake|p2a: Mandibuzz\n|-immune|p2a: Mandibuzz\n|\n|upkeep\n|turn|7\n|\n|t:|1611946965\n|move|p1a: Garchomp|Toxic|p2a: Mandibuzz\n|-status|p2a: Mandibuzz|tox\n|move|p2a: Mandibuzz|Knock Off|p1a: Garchomp\n|-damage|p1a: Garchomp|85\/100\n|-damage|p2a: Mandibuzz|88\/100 tox|[from] ability: Rough Skin|[of] p1a: Garchomp\n|-enditem|p1a: Garchomp|Leftovers|[from] move: Knock Off|[of] p2a: Mandibuzz\n|\n|-damage|p2a: Mandibuzz|82\/100 tox|[from] psn\n|upkeep\n|turn|8\n|\n|t:|1611946972\n|move|p1a: Garchomp|Stealth Rock|p2a: Mandibuzz\n|-sidestart|p2: Burnt Bright|move: Stealth Rock\n|move|p2a: Mandibuzz|Defog|p1a: Garchomp\n|-unboost|p1a: Garchomp|evasion|1\n|-sideend|p1: FatTurdLard|Stealth Rock|[from] move: Defog|[of] p2a: Mandibuzz\n|-sideend|p2: Burnt Bright|Spikes|[from] move: Defog|[of] p2a: Mandibuzz\n|-sideend|p2: Burnt Bright|Stealth Rock|[from] move: Defog|[of] p2a: Mandibuzz\n|\n|-damage|p2a: Mandibuzz|70\/100 tox|[from] psn\n|upkeep\n|turn|9\n|\n|t:|1611946976\n|switch|p2a: Slowbro|Slowbro, M|86\/100\n|move|p1a: Garchomp|Stealth Rock|p2a: Slowbro\n|-sidestart|p2: Burnt Bright|move: Stealth Rock\n|\n|upkeep\n|turn|10\n|\n|t:|1611946983\n|move|p1a: Garchomp|Toxic|p2a: Slowbro\n|-status|p2a: Slowbro|tox\n|move|p2a: Slowbro|Scald|p1a: Garchomp\n|-damage|p1a: Garchomp|60\/100\n|\n|-damage|p2a: Slowbro|80\/100 tox|[from] psn\n|upkeep\n|turn|11\n|\n|t:|1611946988\n|switch|p1a: Slowking|Slowking-Galar, M|100\/100\n|move|p2a: Slowbro|Future Sight|p1a: Slowking\n|-start|p2a: Slowbro|move: Future Sight\n|\n|-damage|p2a: Slowbro|68\/100 tox|[from] psn\n|upkeep\n|turn|12\n|\n|t:|1611946994\n|switch|p2a: Excadrill|Excadrill, F|32\/100\n|-damage|p2a: Excadrill|29\/100|[from] Stealth Rock\n|-ability|p2a: Excadrill|Mold Breaker\n|move|p1a: Slowking|Sludge Wave|p2a: Excadrill\n|-immune|p2a: Excadrill\n|\n|-heal|p2a: Excadrill|35\/100|[from] item: Leftovers\n|upkeep\n|turn|13\n|\n|t:|1611947003\n|switch|p1a: Celesteela|Celesteela|100\/100\n|move|p2a: Excadrill|Stealth Rock|p1a: Celesteela\n|-sidestart|p1: FatTurdLard|move: Stealth Rock\n|\n|-end|p1a: Celesteela|move: Future Sight\n|-resisted|p1a: Celesteela\n|-crit|p1a: Celesteela\n|-damage|p1a: Celesteela|72\/100\n|-heal|p2a: Excadrill|41\/100|[from] item: Leftovers\n|upkeep\n|turn|14\n|j| tapu moxo\n|l| outw lool\n|\n|t:|1611947037\n|switch|p2a: Cinderace|Cinderace, F|100\/100\n|move|p1a: Celesteela|Autotomize|p1a: Celesteela\n|-boost|p1a: Celesteela|spe|2\n|-start|p1a: Celesteela|Autotomize\n|\n|upkeep\n|turn|15\n|\n|t:|1611947041\n|move|p1a: Celesteela|Meteor Beam||[still]\n|-prepare|p1a: Celesteela|Meteor Beam\n|-boost|p1a: Celesteela|spa|1\n|-enditem|p1a: Celesteela|Power Herb\n|-anim|p1a: Celesteela|Meteor Beam|p2a: Cinderace\n|-supereffective|p2a: Cinderace\n|-damage|p2a: Cinderace|0 fnt\n|faint|p2a: Cinderace\n|-ability|p1a: Celesteela|Beast Boost|boost\n|-boost|p1a: Celesteela|atk|1\n|\n|upkeep\n|\n|t:|1611947048\n|switch|p2a: Aegislash|Aegislash, F|100\/100\n|-damage|p2a: Aegislash|94\/100|[from] Stealth Rock\n|turn|16\n|\n|t:|1611947051\n|move|p1a: Celesteela|Earthquake|p2a: Aegislash\n|-supereffective|p2a: Aegislash\n|-damage|p2a: Aegislash|20\/100\n|-formechange|p2a: Aegislash|Aegislash-Blade||[from] ability: Stance Change\n|move|p2a: Aegislash|Shadow Ball|p1a: Celesteela\n|-damage|p1a: Celesteela|21\/100\n|\n|-heal|p2a: Aegislash|26\/100|[from] item: Leftovers\n|upkeep\n|turn|17\n|\n|t:|1611947060\n|move|p2a: Aegislash|Shadow Sneak|p1a: Celesteela\n|-damage|p1a: Celesteela|3\/100\n|move|p1a: Celesteela|Earthquake|p2a: Aegislash\n|-supereffective|p2a: Aegislash\n|-damage|p2a: Aegislash|0 fnt\n|faint|p2a: Aegislash\n|-ability|p1a: Celesteela|Beast Boost|boost\n|-boost|p1a: Celesteela|atk|1\n|\n|upkeep\n|-message|Burnt Bright forfeited.\n|\n|win|FatTurdLard\n|l|\u2606Burnt Bright\n","uploadtime":1611947068,"views":9,"p1id":"fatturdlard","p2id":"burntbright","formatid":"gen8ou","rating":0,"private":0,"password":null}