{"id":"gen8nationaldex-1577049413","p1":"Fastpitchkiller","p2":"letsgetthisranch","format":"gen8nationaldex","log":"|j|\u2606Fastpitchkiller\n|j|\u2606letsgetthisranch\n|t:|1652820818\n|gametype|singles\n|player|p1|Fastpitchkiller|101|1775\n|player|p2|letsgetthisranch|kiawe|1711\n|teamsize|p1|6\n|teamsize|p2|6\n|gen|8\n|tier|[Gen 8] National Dex\n|rated|\n|rule|HP Percentage Mod: HP is shown in percentages\n|rule|Endless Battle Clause: Forcing endless battles is banned\n|rule|OHKO Clause: OHKO moves are banned\n|rule|Evasion Moves Clause: Evasion moves are banned\n|rule|Species Clause: Limit one of each Pok\u00e9mon\n|rule|Dynamax Clause: You cannot dynamax\n|rule|Sleep Clause Mod: Limit one foe put to sleep\n|clearpoke\n|poke|p1|Greninja, M|\n|poke|p1|Zapdos|\n|poke|p1|Melmetal|\n|poke|p1|Slowbro, F|\n|poke|p1|Tyranitar, M|\n|poke|p1|Kommo-o, F|\n|poke|p2|Tyranitar, M|\n|poke|p2|Dracozolt|\n|poke|p2|Excadrill, M|\n|poke|p2|Tapu Fini|\n|poke|p2|Tapu Lele|\n|poke|p2|Corviknight, M|\n|teampreview\n|\n|t:|1652820845\n|start\n|switch|p1a: Johnny Bravo|Melmetal|100\/100\n|switch|p2a: Tapu Lele|Tapu Lele|100\/100\n|-fieldstart|move: Psychic Terrain|[from] ability: Psychic Surge|[of] p2a: Tapu Lele\n|turn|1\n|\n|t:|1652820874\n|switch|p2a: Corviknight|Corviknight, M|100\/100\n|-ability|p2a: Corviknight|Pressure\n|move|p1a: Johnny Bravo|Thunder Wave|p2a: Corviknight\n|-status|p2a: Corviknight|par\n|\n|upkeep\n|turn|2\n|inactive|Battle timer is ON: inactive players will automatically lose when time's up. (requested by Fastpitchkiller)\n|\n|t:|1652820883\n|move|p1a: Johnny Bravo|Thunder Punch|p2a: Corviknight\n|-supereffective|p2a: Corviknight\n|-damage|p2a: Corviknight|56\/100 par\n|move|p2a: Corviknight|U-turn|p1a: Johnny Bravo\n|-resisted|p1a: Johnny Bravo\n|-damage|p1a: Johnny Bravo|96\/100\n|\n|t:|1652820892\n|switch|p2a: Tapu Fini|Tapu Fini|100\/100|[from]move: U-turn\n|-fieldstart|move: Misty Terrain|[from] ability: Misty Surge|[of] p2a: Tapu Fini\n|\n|upkeep\n|turn|3\n|\n|t:|1652820901\n|switch|p1a: Zapdos|Zapdos|100\/100\n|move|p2a: Tapu Fini|Nature's Madness|p1a: Zapdos\n|-damage|p1a: Zapdos|51\/100\n|\n|upkeep\n|turn|4\n|\n|t:|1652820916\n|switch|p2a: Tyranitar|Tyranitar, M|100\/100\n|-weather|Sandstorm|[from] ability: Sand Stream|[of] p2a: Tyranitar\n|move|p1a: Zapdos|Roost|p1a: Zapdos\n|-heal|p1a: Zapdos|100\/100\n|-singleturn|p1a: Zapdos|move: Roost\n|\n|-weather|Sandstorm|[upkeep]\n|-damage|p1a: Zapdos|94\/100|[from] Sandstorm\n|upkeep\n|turn|5\n|\n|t:|1652820929\n|detailschange|p2a: Tyranitar|Tyranitar-Mega, M\n|-mega|p2a: Tyranitar|Tyranitar|Tyranitarite\n|move|p1a: Zapdos|Volt Switch|p2a: Tyranitar\n|-damage|p2a: Tyranitar|85\/100\n|\n|t:|1652820936\n|switch|p1a: Tyranitar|Tyranitar, M|100\/100|[from]move: Volt Switch\n|move|p2a: Tyranitar|Stealth Rock|p1a: Tyranitar\n|-sidestart|p1: Fastpitchkiller|move: Stealth Rock\n|\n|-weather|Sandstorm|[upkeep]\n|upkeep\n|turn|6\n|\n|t:|1652820949\n|switch|p2a: Tapu Fini|Tapu Fini|100\/100\n|move|p1a: Tyranitar|Superpower|p2a: Tapu Fini\n|-resisted|p2a: Tapu Fini\n|-damage|p2a: Tapu Fini|85\/100\n|-unboost|p1a: Tyranitar|atk|1\n|-unboost|p1a: Tyranitar|def|1\n|\n|-weather|Sandstorm|[upkeep]\n|-damage|p2a: Tapu Fini|79\/100|[from] Sandstorm\n|-heal|p2a: Tapu Fini|85\/100|[from] item: Leftovers\n|-fieldend|Misty Terrain\n|upkeep\n|turn|7\n|inactive|letsgetthisranch has 120 seconds left.\n|\n|t:|1652820995\n|switch|p1a: Zapdos|Zapdos|94\/100\n|move|p2a: Tapu Fini|Whirlpool|p1a: Zapdos\n|-damage|p1a: Zapdos|84\/100\n|-activate|p1a: Zapdos|move: Whirlpool|[of] p2a: Tapu Fini\n|\n|-weather|Sandstorm|[upkeep]\n|-damage|p1a: Zapdos|78\/100|[from] Sandstorm\n|-damage|p2a: Tapu Fini|79\/100|[from] Sandstorm\n|-heal|p2a: Tapu Fini|85\/100|[from] item: Leftovers\n|-damage|p1a: Zapdos|66\/100|[from] move: Whirlpool|[partiallytrapped]\n|upkeep\n|turn|8\n|\n|t:|1652821025\n|switch|p2a: Tyranitar|Tyranitar-Mega, M|85\/100\n|move|p1a: Zapdos|Roost|p1a: Zapdos\n|-heal|p1a: Zapdos|100\/100\n|-singleturn|p1a: Zapdos|move: Roost\n|\n|-weather|none\n|-end|p1a: Zapdos|Whirlpool|[partiallytrapped]|[silent]\n|upkeep\n|turn|9\n|\n|t:|1652821037\n|move|p1a: Zapdos|Volt Switch|p2a: Tyranitar\n|-damage|p2a: Tyranitar|63\/100\n|\n|t:|1652821047\n|switch|p1a: Tyranitar|Tyranitar, M|100\/100|[from]move: Volt Switch\n|-damage|p1a: Tyranitar|88\/100|[from] Stealth Rock\n|-weather|Sandstorm|[from] ability: Sand Stream|[of] p1a: Tyranitar\n|move|p2a: Tyranitar|Stone Edge|p1a: Tyranitar\n|-damage|p1a: Tyranitar|40\/100\n|\n|-weather|Sandstorm|[upkeep]\n|-heal|p1a: Tyranitar|47\/100|[from] item: Leftovers\n|upkeep\n|turn|10\n|\n|t:|1652821059\n|move|p2a: Tyranitar|Stone Edge|p1a: Tyranitar\n|-damage|p1a: Tyranitar|0 fnt\n|faint|p1a: Tyranitar\n|\n|-weather|Sandstorm|[upkeep]\n|upkeep\n|inactive|Fastpitchkiller has 120 seconds left.\n|\n|t:|1652821074\n|switch|p1a: Greninja|Greninja, M|100\/100\n|-damage|p1a: Greninja|88\/100|[from] Stealth Rock\n|turn|11\n|\n|t:|1652821078\n|switch|p2a: Tapu Fini|Tapu Fini|85\/100\n|-fieldstart|move: Misty Terrain|[from] ability: Misty Surge|[of] p2a: Tapu Fini\n|move|p1a: Greninja|Hydro Pump|p2a: Tapu Fini\n|-resisted|p2a: Tapu Fini\n|-damage|p2a: Tapu Fini|64\/100\n|\n|-weather|Sandstorm|[upkeep]\n|-damage|p1a: Greninja|82\/100|[from] Sandstorm\n|-damage|p2a: Tapu Fini|58\/100|[from] Sandstorm\n|-heal|p2a: Tapu Fini|64\/100|[from] item: Leftovers\n|upkeep\n|turn|12\n|\n|t:|1652821091\n|switch|p1a: Zapdos|Zapdos|100\/100\n|move|p2a: Tapu Fini|Nature's Madness|p1a: Zapdos\n|-damage|p1a: Zapdos|51\/100\n|\n|-weather|Sandstorm|[upkeep]\n|-damage|p1a: Zapdos|45\/100|[from] Sandstorm\n|-damage|p2a: Tapu Fini|58\/100|[from] Sandstorm\n|-heal|p2a: Tapu Fini|64\/100|[from] item: Leftovers\n|upkeep\n|turn|13\n|\n|t:|1652821101\n|switch|p2a: Dracozolt|Dracozolt|100\/100\n|move|p1a: Zapdos|Roost|p1a: Zapdos\n|-heal|p1a: Zapdos|95\/100\n|-singleturn|p1a: Zapdos|move: Roost\n|\n|-weather|none\n|upkeep\n|turn|14\n|\n|t:|1652821112\n|move|p2a: Dracozolt|Bolt Beak|p1a: Zapdos\n|-damage|p1a: Zapdos|32\/100\n|-damage|p2a: Dracozolt|91\/100|[from] item: Life Orb\n|move|p1a: Zapdos|Volt Switch|p2a: Dracozolt\n|-resisted|p2a: Dracozolt\n|-damage|p2a: Dracozolt|80\/100\n|inactive|Fastpitchkiller has 120 seconds left.\n|\n|t:|1652821129\n|switch|p1a: Johnny Bravo|Melmetal|96\/100|[from]move: Volt Switch\n|-damage|p1a: Johnny Bravo|90\/100|[from] Stealth Rock\n|\n|upkeep\n|turn|15\n|\n|t:|1652821137\n|switch|p2a: Corviknight|Corviknight, M|56\/100 par\n|-ability|p2a: Corviknight|Pressure\n|move|p1a: Johnny Bravo|Double Iron Bash|p2a: Corviknight\n|-resisted|p2a: Corviknight\n|-damage|p2a: Corviknight|44\/100 par\n|-resisted|p2a: Corviknight\n|-damage|p2a: Corviknight|31\/100 par\n|-hitcount|p2a: Corviknight|2\n|\n|-fieldend|Misty Terrain\n|upkeep\n|turn|16\n|c|\u2606letsgetthisranch|ohh pads\n|c|\u2606letsgetthisranch|nice\n|inactive|letsgetthisranch has 120 seconds left.\n|\n|t:|1652821174\n|move|p1a: Johnny Bravo|Double Iron Bash|p2a: Corviknight\n|-resisted|p2a: Corviknight\n|-damage|p2a: Corviknight|18\/100 par\n|-resisted|p2a: Corviknight\n|-damage|p2a: Corviknight|6\/100 par\n|-hitcount|p2a: Corviknight|2\n|cant|p2a: Corviknight|flinch\n|\n|upkeep\n|turn|17\n|inactive|letsgetthisranch has 120 seconds left.\n|\n|t:|1652821182\n|move|p1a: Johnny Bravo|Double Iron Bash|p2a: Corviknight\n|-resisted|p2a: Corviknight\n|-damage|p2a: Corviknight|0 fnt\n|faint|p2a: Corviknight\n|-hitcount|p2: Corviknight|1\n|\n|upkeep\n|\n|t:|1652821187\n|switch|p2a: Excadrill|Excadrill, M|100\/100\n|turn|18\n|\n|t:|1652821190\n|switch|p1a: Slowgatell|Slowbro, F|100\/100\n|-damage|p1a: Slowgatell|88\/100|[from] Stealth Rock\n|move|p2a: Excadrill|Earthquake|p1a: Slowgatell\n|-damage|p1a: Slowgatell|55\/100\n|\n|upkeep\n|turn|19\n|\n|t:|1652821198\n|switch|p2a: Tyranitar|Tyranitar-Mega, M|63\/100\n|-weather|Sandstorm|[from] ability: Sand Stream|[of] p2a: Tyranitar\n|move|p1a: Slowgatell|Scald|p2a: Tyranitar\n|-supereffective|p2a: Tyranitar\n|-damage|p2a: Tyranitar|38\/100\n|\n|-weather|Sandstorm|[upkeep]\n|-damage|p1a: Slowgatell|48\/100|[from] Sandstorm\n|upkeep\n|turn|20\n|\n|t:|1652821215\n|move|p2a: Tyranitar|Pursuit|p1a: Slowgatell\n|-supereffective|p1a: Slowgatell\n|-damage|p1a: Slowgatell|15\/100\n|-damage|p2a: Tyranitar|22\/100|[from] item: Rocky Helmet|[of] p1a: Slowgatell\n|move|p1a: Slowgatell|Scald|p2a: Tyranitar\n|-supereffective|p2a: Tyranitar\n|-damage|p2a: Tyranitar|0 fnt\n|faint|p2a: Tyranitar\n|\n|-weather|Sandstorm|[upkeep]\n|-damage|p1a: Slowgatell|9\/100|[from] Sandstorm\n|upkeep\n|\n|t:|1652821225\n|switch|p2a: Dracozolt|Dracozolt|80\/100\n|turn|21\n|\n|t:|1652821229\n|move|p2a: Dracozolt|Bolt Beak|p1a: Slowgatell\n|-supereffective|p1a: Slowgatell\n|-damage|p1a: Slowgatell|0 fnt\n|-damage|p2a: Dracozolt|64\/100|[from] item: Rocky Helmet|[of] p1a: Slowgatell\n|faint|p1a: Slowgatell\n|-damage|p2a: Dracozolt|54\/100|[from] item: Life Orb\n|\n|-weather|Sandstorm|[upkeep]\n|upkeep\n|\n|t:|1652821241\n|switch|p1a: Johnny Bravo|Melmetal|90\/100\n|-damage|p1a: Johnny Bravo|83\/100|[from] Stealth Rock\n|turn|22\n|\n|t:|1652821248\n|move|p2a: Dracozolt|Bolt Beak|p1a: Johnny Bravo\n|-damage|p1a: Johnny Bravo|34\/100\n|-damage|p2a: Dracozolt|44\/100|[from] item: Life Orb\n|move|p1a: Johnny Bravo|Earthquake|p2a: Dracozolt\n|-supereffective|p2a: Dracozolt\n|-damage|p2a: Dracozolt|0 fnt\n|faint|p2a: Dracozolt\n|\n|-weather|Sandstorm|[upkeep]\n|upkeep\n|j| Marciano500\n|\n|t:|1652821251\n|switch|p2a: Excadrill|Excadrill, M|100\/100\n|turn|23\n|\n|t:|1652821261\n|switch|p1a: Zapdos|Zapdos|32\/100\n|move|p2a: Excadrill|Earthquake|p1a: Zapdos\n|-immune|p1a: Zapdos\n|\n|-weather|none\n|upkeep\n|turn|24\n|\n|t:|1652821283\n|-zpower|p2a: Excadrill\n|move|p2a: Excadrill|Corkscrew Crash|p1a: Zapdos|[zeffect]\n|-resisted|p1a: Zapdos\n|-damage|p1a: Zapdos|0 fnt\n|faint|p1a: Zapdos\n|\n|upkeep\n|l| Marciano500\n|\n|t:|1652821298\n|switch|p1a: Greninja|Greninja, M|82\/100\n|-damage|p1a: Greninja|70\/100|[from] Stealth Rock\n|turn|25\n|\n|t:|1652821307\n|switch|p2a: Tapu Fini|Tapu Fini|64\/100\n|-fieldstart|move: Misty Terrain|[from] ability: Misty Surge|[of] p2a: Tapu Fini\n|move|p1a: Greninja|Hydro Pump|p2a: Tapu Fini\n|-resisted|p2a: Tapu Fini\n|-damage|p2a: Tapu Fini|41\/100\n|\n|-heal|p2a: Tapu Fini|47\/100|[from] item: Leftovers\n|upkeep\n|turn|26\n|\n|t:|1652821325\n|switch|p2a: Tapu Lele|Tapu Lele|100\/100\n|-fieldstart|move: Psychic Terrain|[from] ability: Psychic Surge|[of] p2a: Tapu Lele\n|move|p1a: Greninja|Hydro Pump|p2a: Tapu Lele\n|-damage|p2a: Tapu Lele|15\/100\n|\n|upkeep\n|turn|27\n|\n|t:|1652821337\n|switch|p2a: Tapu Fini|Tapu Fini|47\/100\n|-fieldstart|move: Misty Terrain|[from] ability: Misty Surge|[of] p2a: Tapu Fini\n|move|p1a: Greninja|Hydro Pump|p2a: Tapu Fini\n|-resisted|p2a: Tapu Fini\n|-damage|p2a: Tapu Fini|27\/100\n|\n|-heal|p2a: Tapu Fini|33\/100|[from] item: Leftovers\n|upkeep\n|turn|28\n|\n|t:|1652821351\n|move|p1a: Greninja|Hydro Pump|p2a: Tapu Fini\n|-resisted|p2a: Tapu Fini\n|-crit|p2a: Tapu Fini\n|-damage|p2a: Tapu Fini|1\/100\n|move|p2a: Tapu Fini|Draining Kiss|p1a: Greninja\n|-supereffective|p1a: Greninja\n|-damage|p1a: Greninja|19\/100\n|-heal|p2a: Tapu Fini|33\/100|[from] drain|[of] p1a: Greninja\n|\n|-heal|p2a: Tapu Fini|39\/100|[from] item: Leftovers\n|upkeep\n|turn|29\n|inactive|Fastpitchkiller has 120 seconds left.\n|\n|t:|1652821373\n|move|p1a: Greninja|Hydro Pump|p2a: Tapu Fini\n|-resisted|p2a: Tapu Fini\n|-damage|p2a: Tapu Fini|16\/100\n|move|p2a: Tapu Fini|Draining Kiss|p1a: Greninja\n|-supereffective|p1a: Greninja\n|-damage|p1a: Greninja|0 fnt\n|-heal|p2a: Tapu Fini|27\/100|[from] drain|[of] p1a: Greninja\n|faint|p1a: Greninja\n|\n|-heal|p2a: Tapu Fini|33\/100|[from] item: Leftovers\n|upkeep\n|inactive|Fastpitchkiller has 120 seconds left.\n|\n|t:|1652821386\n|switch|p1a: Johnny Bravo|Melmetal|34\/100\n|-damage|p1a: Johnny Bravo|28\/100|[from] Stealth Rock\n|turn|30\n|\n|t:|1652821402\n|move|p2a: Tapu Fini|Nature's Madness|p1a: Johnny Bravo\n|-damage|p1a: Johnny Bravo|14\/100\n|move|p1a: Johnny Bravo|Double Iron Bash|p2a: Tapu Fini\n|-damage|p2a: Tapu Fini|0 fnt\n|faint|p2a: Tapu Fini\n|-hitcount|p2: Tapu Fini|1\n|\n|upkeep\n|c|\u2606letsgetthisranch|gg\n|\n|t:|1652821411\n|switch|p2a: Tapu Lele|Tapu Lele|15\/100\n|-fieldstart|move: Psychic Terrain|[from] ability: Psychic Surge|[of] p2a: Tapu Lele\n|turn|31\n|\n|t:|1652821416\n|move|p2a: Tapu Lele|Psychic|p1a: Johnny Bravo\n|-resisted|p1a: Johnny Bravo\n|-damage|p1a: Johnny Bravo|0 fnt\n|faint|p1a: Johnny Bravo\n|\n|upkeep\n|\n|t:|1652821421\n|switch|p1a: Kommo-o|Kommo-o, F|100\/100\n|-damage|p1a: Kommo-o|94\/100|[from] Stealth Rock\n|turn|32\n|\n|t:|1652821427\n|move|p2a: Tapu Lele|Psychic|p1a: Kommo-o\n|-supereffective|p1a: Kommo-o\n|-damage|p1a: Kommo-o|0 fnt\n|faint|p1a: Kommo-o\n|\n|win|letsgetthisranch\n|raw|Fastpitchkiller's rating: 1775 &rarr; <strong>1751<\/strong><br \/>(-24 for losing)\n|raw|letsgetthisranch's rating: 1711 &rarr; <strong>1735<\/strong><br \/>(+24 for winning)\n|l|\u2606Fastpitchkiller\n||Ladder isn't responding, score probably updated but might not have (Request timeout).\n","uploadtime":1652821438,"views":29,"p1id":"fastpitchkiller","p2id":"letsgetthisranch","formatid":"gen8nationaldex","rating":1735,"private":0,"password":null}