{"id":"gen8ou-1120127784","p1":"Jakkkkkka","p2":"Kwaglen","format":"gen8ou","log":"|j|\u2606Jakkkkkka\n|j|\u2606Kwaglen\n|player|p1|Jakkkkkka|norman|1456\n|player|p2|Kwaglen|102|1382\n|teamsize|p1|6\n|teamsize|p2|6\n|gametype|singles\n|gen|8\n|tier|[Gen 8] OU\n|rated|\n|html|<div class=\"broadcast-blue\"><strong>OU is currently suspecting Dracovish! For information on how to participate check out the <a href=\"https:\/\/www.smogon.com\/forums\/threads\/3664521\/\">suspect thread<\/a>.<\/strong><\/div>\n|clearpoke\n|poke|p1|Torkoal, M|\n|poke|p1|Darmanitan, M|\n|poke|p1|Venusaur, M|\n|poke|p1|Clefable, F|\n|poke|p1|Kommo-o, M|\n|poke|p1|Mandibuzz, F|\n|poke|p2|Ninetales-Alola, M|\n|poke|p2|Excadrill, F|\n|poke|p2|Mew|\n|poke|p2|Cloyster, F|\n|poke|p2|Bisharp, M|\n|poke|p2|Pangoro, F|\n|rule|Sleep Clause Mod: Limit one foe put to sleep\n|rule|Species Clause: Limit one of each Pok\u00e9mon\n|rule|OHKO Clause: OHKO moves are banned\n|rule|Evasion Moves Clause: Evasion moves are banned\n|rule|Endless Battle Clause: Forcing endless battles is banned\n|rule|HP Percentage Mod: HP is shown in percentages\n|rule|Dynamax Clause: You cannot dynamax\n|teampreview\n|inactive|Battle timer is ON: inactive players will automatically lose when time's up. (requested by Jakkkkkka)\n|inactive|Kwaglen has 120 seconds left.\n|inactive|Kwaglen has 90 seconds left.\n|\n|start\n|switch|p1a: Torkoal|Torkoal, M|100\/100\n|switch|p2a: Excadrill|Excadrill, F|100\/100\n|-ability|p2a: Excadrill|Mold Breaker\n|-weather|SunnyDay|[from] ability: Drought|[of] p1a: Torkoal\n|turn|1\n|\n|switch|p1a: Kommo-o|Kommo-o, M|100\/100\n|move|p2a: Excadrill|Earthquake|p1a: Kommo-o\n|-damage|p1a: Kommo-o|68\/100\n|\n|-weather|SunnyDay|[upkeep]\n|-heal|p1a: Kommo-o|74\/100|[from] item: Leftovers\n|upkeep\n|turn|2\n|\n|move|p2a: Excadrill|Stealth Rock|p1a: Kommo-o\n|-sidestart|p1: Jakkkkkka|move: Stealth Rock\n|move|p1a: Kommo-o|Stealth Rock|p2a: Excadrill\n|-sidestart|p2: Kwaglen|move: Stealth Rock\n|\n|-weather|SunnyDay|[upkeep]\n|-heal|p1a: Kommo-o|80\/100|[from] item: Leftovers\n|upkeep\n|turn|3\n|\n|switch|p2a: Mew|Mew|100\/100\n|-damage|p2a: Mew|88\/100|[from] Stealth Rock\n|move|p1a: Kommo-o|Body Press|p2a: Mew\n|-resisted|p2a: Mew\n|-damage|p2a: Mew|74\/100\n|\n|-weather|SunnyDay|[upkeep]\n|-heal|p2a: Mew|80\/100|[from] item: Leftovers\n|-heal|p1a: Kommo-o|87\/100|[from] item: Leftovers\n|upkeep\n|turn|4\n|\n|switch|p1a: Mandibuzz|Mandibuzz, F|100\/100\n|move|p2a: Mew|Cosmic Power|p2a: Mew\n|-boost|p2a: Mew|def|1\n|-boost|p2a: Mew|spd|1\n|\n|-weather|SunnyDay|[upkeep]\n|-heal|p2a: Mew|86\/100|[from] item: Leftovers\n|upkeep\n|turn|5\n|\n|move|p2a: Mew|Cosmic Power|p2a: Mew\n|-boost|p2a: Mew|def|1\n|-boost|p2a: Mew|spd|1\n|move|p1a: Mandibuzz|Taunt|p2a: Mew\n|-start|p2a: Mew|move: Taunt\n|\n|-weather|SunnyDay|[upkeep]\n|-heal|p2a: Mew|92\/100|[from] item: Leftovers\n|upkeep\n|turn|6\n|\n|move|p2a: Mew|Body Press|p1a: Mandibuzz\n|-damage|p1a: Mandibuzz|58\/100\n|move|p1a: Mandibuzz|Foul Play|p2a: Mew\n|-supereffective|p2a: Mew\n|-damage|p2a: Mew|75\/100\n|\n|-weather|SunnyDay|[upkeep]\n|-heal|p2a: Mew|81\/100|[from] item: Leftovers\n|upkeep\n|turn|7\n|\n|move|p2a: Mew|Body Press|p1a: Mandibuzz\n|-damage|p1a: Mandibuzz|22\/100\n|move|p1a: Mandibuzz|Roost|p1a: Mandibuzz\n|-heal|p1a: Mandibuzz|72\/100\n|-singleturn|p1a: Mandibuzz|move: Roost\n|\n|-weather|SunnyDay|[upkeep]\n|-heal|p2a: Mew|87\/100|[from] item: Leftovers\n|upkeep\n|turn|8\n|\n|move|p2a: Mew|Body Press|p1a: Mandibuzz\n|-damage|p1a: Mandibuzz|34\/100\n|move|p1a: Mandibuzz|Roost|p1a: Mandibuzz\n|-heal|p1a: Mandibuzz|84\/100\n|-singleturn|p1a: Mandibuzz|move: Roost\n|\n|-weather|none\n|-heal|p2a: Mew|93\/100|[from] item: Leftovers\n|-end|p2a: Mew|move: Taunt\n|upkeep\n|turn|9\n|\n|move|p2a: Mew|Cosmic Power|p2a: Mew\n|-boost|p2a: Mew|def|1\n|-boost|p2a: Mew|spd|1\n|move|p1a: Mandibuzz|Taunt|p2a: Mew\n|-start|p2a: Mew|move: Taunt\n|\n|-heal|p2a: Mew|99\/100|[from] item: Leftovers\n|upkeep\n|turn|10\n|\n|switch|p1a: Kommo-o|Kommo-o, M|87\/100\n|-damage|p1a: Kommo-o|80\/100|[from] Stealth Rock\n|move|p2a: Mew|Body Press|p1a: Kommo-o\n|-damage|p1a: Kommo-o|41\/100\n|\n|-heal|p2a: Mew|100\/100|[from] item: Leftovers\n|-heal|p1a: Kommo-o|47\/100|[from] item: Leftovers\n|upkeep\n|turn|11\n|\n|move|p2a: Mew|Stored Power|p1a: Kommo-o\n|-supereffective|p1a: Kommo-o\n|-damage|p1a: Kommo-o|0 fnt\n|faint|p1a: Kommo-o\n|\n|upkeep\n|\n|switch|p1a: Torkoal|Torkoal, M|100\/100\n|-damage|p1a: Torkoal|76\/100|[from] Stealth Rock\n|-weather|SunnyDay|[from] ability: Drought|[of] p1a: Torkoal\n|turn|12\n|\n|move|p2a: Mew|Stored Power|p1a: Torkoal\n|-damage|p1a: Torkoal|7\/100\n|move|p1a: Torkoal|Yawn|p2a: Mew\n|-start|p2a: Mew|move: Yawn|[of] p1a: Torkoal\n|\n|-weather|SunnyDay|[upkeep]\n|-end|p2a: Mew|move: Taunt\n|upkeep\n|turn|13\n|\n|switch|p1a: Mandibuzz|Mandibuzz, F|84\/100\n|move|p2a: Mew|Cosmic Power|p2a: Mew\n|-boost|p2a: Mew|def|1\n|-boost|p2a: Mew|spd|1\n|\n|-weather|SunnyDay|[upkeep]\n|-end|p2a: Mew|move: Yawn|[silent]\n|-status|p2a: Mew|slp\n|upkeep\n|turn|14\n|\n|cant|p2a: Mew|slp\n|move|p1a: Mandibuzz|Defog|p2a: Mew\n|-unboost|p2a: Mew|evasion|1\n|-sideend|p2: Kwaglen|Stealth Rock|[from] move: Defog|[of] p1a: Mandibuzz\n|-sideend|p1: Jakkkkkka|Stealth Rock|[from] move: Defog|[of] p1a: Mandibuzz\n|\n|-weather|SunnyDay|[upkeep]\n|upkeep\n|turn|15\n|\n|switch|p1a: Venusaur|Venusaur, M|100\/100\n|-curestatus|p2a: Mew|slp|[msg]\n|move|p2a: Mew|Body Press|p1a: Venusaur\n|-resisted|p1a: Venusaur\n|-damage|p1a: Venusaur|54\/100\n|\n|-weather|SunnyDay|[upkeep]\n|upkeep\n|turn|16\n|\n|move|p1a: Venusaur|Sludge Bomb|p2a: Mew\n|-damage|p2a: Mew|83\/100\n|-damage|p1a: Venusaur|44\/100|[from] item: Life Orb\n|move|p2a: Mew|Cosmic Power|p2a: Mew\n|-boost|p2a: Mew|def|1\n|-boost|p2a: Mew|spd|1\n|\n|-weather|SunnyDay|[upkeep]\n|-heal|p2a: Mew|89\/100|[from] item: Leftovers\n|upkeep\n|turn|17\n|\n|move|p1a: Venusaur|Sludge Bomb|p2a: Mew\n|-damage|p2a: Mew|74\/100\n|-damage|p1a: Venusaur|34\/100|[from] item: Life Orb\n|move|p2a: Mew|Stored Power|p1a: Venusaur\n|-supereffective|p1a: Venusaur\n|-damage|p1a: Venusaur|0 fnt\n|faint|p1a: Venusaur\n|\n|-weather|SunnyDay|[upkeep]\n|-heal|p2a: Mew|80\/100|[from] item: Leftovers\n|upkeep\n|-message|Jakkkkkka forfeited.\n|\n|win|Kwaglen\n|l|\u2606Jakkkkkka\n|raw|Jakkkkkka's rating: 1431 &rarr; <strong>1409<\/strong><br \/>(-22 for losing)\n|raw|Kwaglen's rating: 1382 &rarr; <strong>1405<\/strong><br \/>(+23 for winning)\n","uploadtime":1590274313,"views":12,"p1id":"jakkkkkka","p2id":"kwaglen","formatid":"gen8ou","rating":1405,"private":0,"password":null}