{"id":"gen8ou-1231413912","p1":"Assbender42069","p2":"glaed13","format":"gen8ou","log":"|j|\u2606Assbender42069\n|j|\u2606glaed13\n|t:|1606339021\n|player|p1|Assbender42069|101|1863\n|player|p2|glaed13|cheren-gen5bw2|1780\n|teamsize|p1|6\n|teamsize|p2|6\n|gametype|singles\n|gen|8\n|tier|[Gen 8] OU\n|rated|\n|clearpoke\n|poke|p1|Garchomp, M|\n|poke|p1|Magearna|\n|poke|p1|Cinderace, F|\n|poke|p1|Spectrier|\n|poke|p1|Swampert, F|\n|poke|p1|Thundurus-Therian, M|\n|poke|p2|Blaziken, M|\n|poke|p2|Klefki, F|\n|poke|p2|Ninetales, M|\n|poke|p2|Zapdos-Galar|\n|poke|p2|Cinderace, F|\n|poke|p2|Garchomp, F|\n|rule|Sleep Clause Mod: Limit one foe put to sleep\n|rule|Species Clause: Limit one of each Pok\u00e9mon\n|rule|OHKO Clause: OHKO moves are banned\n|rule|Evasion Moves Clause: Evasion moves are banned\n|rule|Endless Battle Clause: Forcing endless battles is banned\n|rule|HP Percentage Mod: HP is shown in percentages\n|rule|Dynamax Clause: You cannot dynamax\n|teampreview\n|inactive|Battle timer is ON: inactive players will automatically lose when time's up. (requested by glaed13)\n|\n|t:|1606339032\n|start\n|switch|p1a: Garchomp|Garchomp, M|100\/100\n|switch|p2a: Klefki|Klefki, F, shiny|100\/100\n|turn|1\n|j| Zombini62\n|\n|t:|1606339041\n|move|p2a: Klefki|Reflect|p2a: Klefki\n|-sidestart|p2: glaed13|Reflect\n|move|p1a: Garchomp|Earthquake|p2a: Klefki\n|-supereffective|p2a: Klefki\n|-damage|p2a: Klefki|38\/100\n|\n|upkeep\n|turn|2\n|\n|t:|1606339047\n|switch|p2a: Zapdos|Zapdos-Galar|100\/100\n|move|p1a: Garchomp|Swords Dance|p1a: Garchomp\n|-boost|p1a: Garchomp|atk|2\n|\n|upkeep\n|turn|3\n|j| the lipbiters\n|\n|t:|1606339055\n|move|p2a: Zapdos|Thunderous Kick|p1a: Garchomp\n|-damage|p1a: Garchomp|54\/100\n|-unboost|p1a: Garchomp|def|1\n|-damage|p2a: Zapdos|88\/100|[from] ability: Rough Skin|[of] p1a: Garchomp\n|move|p1a: Garchomp|Scale Shot|p2a: Zapdos\n|-damage|p2a: Zapdos|71\/100\n|-damage|p2a: Zapdos|55\/100\n|-hitcount|p2a: Zapdos|2\n|-unboost|p1a: Garchomp|def|1\n|-boost|p1a: Garchomp|spe|1\n|\n|upkeep\n|turn|4\n|\n|t:|1606339081\n|switch|p1a: Swampert|Swampert, F|100\/100\n|move|p2a: Zapdos|Acrobatics|p1a: Swampert\n|-damage|p1a: Swampert|65\/100\n|-damage|p2a: Zapdos|38\/100|[from] item: Rocky Helmet|[of] p1a: Swampert\n|\n|upkeep\n|turn|5\n|\n|t:|1606339090\n|move|p2a: Zapdos|Taunt|p1a: Swampert\n|-start|p1a: Swampert|move: Taunt\n|move|p1a: Swampert|Flip Turn|p2a: Zapdos\n|-damage|p2a: Zapdos|26\/100\n|\n|t:|1606339098\n|switch|p1a: Spectrier|Spectrier|100\/100|[from]move: Flip Turn\n|\n|upkeep\n|turn|6\n|\n|t:|1606339109\n|move|p1a: Spectrier|Shadow Ball|p2a: Zapdos\n|-damage|p2a: Zapdos|0 fnt\n|faint|p2a: Zapdos\n|-ability|p1a: Spectrier|Grim Neigh|boost\n|-boost|p1a: Spectrier|spa|1\n|\n|upkeep\n|\n|t:|1606339111\n|switch|p2a: Cinderace|Cinderace, F|100\/100\n|turn|7\n|\n|t:|1606339119\n|switch|p1a: Swampert|Swampert, F|65\/100\n|move|p2a: Cinderace|Pyro Ball|p1a: Swampert\n|-resisted|p1a: Swampert\n|-damage|p1a: Swampert|45\/100\n|\n|upkeep\n|turn|8\n|\n|t:|1606339128\n|switch|p2a: Klefki|Klefki, F, shiny|38\/100\n|move|p1a: Swampert|Flip Turn|p2a: Klefki\n|-damage|p2a: Klefki|26\/100\n|\n|t:|1606339135\n|switch|p1a: Garchomp|Garchomp, M|54\/100|[from]move: Flip Turn\n|\n|-sideend|p2: glaed13|Reflect\n|upkeep\n|turn|9\n|\n|t:|1606339141\n|move|p2a: Klefki|Reflect|p2a: Klefki\n|-sidestart|p2: glaed13|Reflect\n|move|p1a: Garchomp|Earthquake|p2a: Klefki\n|-supereffective|p2a: Klefki\n|-damage|p2a: Klefki|0 fnt\n|faint|p2a: Klefki\n|\n|upkeep\n|\n|t:|1606339166\n|switch|p2a: Cinderace|Cinderace, F|100\/100\n|turn|10\n|\n|t:|1606339176\n|move|p2a: Cinderace|Bulk Up|p2a: Cinderace\n|-start|p2a: Cinderace|typechange|Fighting|[from] ability: Libero\n|-boost|p2a: Cinderace|atk|1\n|-boost|p2a: Cinderace|def|1\n|move|p1a: Garchomp|Earthquake|p2a: Cinderace\n|-damage|p2a: Cinderace|71\/100\n|\n|upkeep\n|turn|11\n|j| Vessev\n|\n|t:|1606339193\n|move|p2a: Cinderace|High Jump Kick|p1a: Garchomp\n|-damage|p1a: Garchomp|0 fnt\n|-damage|p2a: Cinderace|58\/100|[from] ability: Rough Skin|[of] p1a: Garchomp\n|faint|p1a: Garchomp\n|\n|upkeep\n|\n|t:|1606339199\n|switch|p1a: Thundurus|Thundurus-Therian, M|100\/100\n|turn|12\n|\n|t:|1606339204\n|move|p1a: Thundurus|Thunderbolt|p2a: Cinderace\n|-damage|p2a: Cinderace|0 fnt\n|faint|p2a: Cinderace\n|\n|upkeep\n|\n|t:|1606339208\n|switch|p2a: Garchomp|Garchomp, F|100\/100\n|turn|13\n|\n|t:|1606339218\n|switch|p1a: Spectrier|Spectrier|100\/100\n|move|p2a: Garchomp|Swords Dance|p2a: Garchomp\n|-boost|p2a: Garchomp|atk|2\n|\n|upkeep\n|turn|14\n|\n|t:|1606339225\n|move|p1a: Spectrier|Shadow Ball|p2a: Garchomp\n|-damage|p2a: Garchomp|21\/100\n|move|p2a: Garchomp|Earthquake|p1a: Spectrier\n|-damage|p1a: Spectrier|0 fnt\n|faint|p1a: Spectrier\n|\n|upkeep\n|\n|t:|1606339242\n|switch|p1a: Thundurus|Thundurus-Therian, M|100\/100\n|turn|15\n|\n|t:|1606339246\n|move|p1a: Thundurus|Grass Knot|p2a: Garchomp\n|-damage|p2a: Garchomp|0 fnt\n|-damage|p1a: Thundurus|88\/100|[from] ability: Rough Skin|[of] p2a: Garchomp\n|faint|p2a: Garchomp\n|\n|upkeep\n|\n|t:|1606339268\n|switch|p2a: Blaziken|Blaziken, M|100\/100\n|turn|16\n|\n|t:|1606339272\n|switch|p1a: Swampert|Swampert, F|45\/100\n|move|p2a: Blaziken|Swords Dance|p2a: Blaziken\n|-boost|p2a: Blaziken|atk|2\n|\n|-sideend|p2: glaed13|Reflect\n|-ability|p2a: Blaziken|Speed Boost|boost\n|-boost|p2a: Blaziken|spe|1\n|upkeep\n|turn|17\n|\n|t:|1606339282\n|move|p2a: Blaziken|High Jump Kick|p1a: Swampert\n|-damage|p1a: Swampert|0 fnt\n|-damage|p2a: Blaziken|84\/100|[from] item: Rocky Helmet|[of] p1a: Swampert\n|faint|p1a: Swampert\n|\n|-ability|p2a: Blaziken|Speed Boost|boost\n|-boost|p2a: Blaziken|spe|1\n|upkeep\n|inactive|Assbender42069 has 120 seconds left.\n|\n|t:|1606339333\n|switch|p1a: Magearna|Magearna|100\/100\n|turn|18\n|j|%Adri\n|j| fxhxfcgvlhb\n|\n|t:|1606339355\n|move|p2a: Blaziken|Blaze Kick|p1a: Magearna\n|-supereffective|p1a: Magearna\n|-damage|p1a: Magearna|0 fnt\n|faint|p1a: Magearna\n|\n|-ability|p2a: Blaziken|Speed Boost|boost\n|-boost|p2a: Blaziken|spe|1\n|upkeep\n|\n|t:|1606339362\n|switch|p1a: Thundurus|Thundurus-Therian, M|88\/100\n|turn|19\n|\n|t:|1606339366\n|move|p2a: Blaziken|Blaze Kick|p1a: Thundurus\n|-damage|p1a: Thundurus|0 fnt\n|faint|p1a: Thundurus\n|\n|-ability|p2a: Blaziken|Speed Boost|boost\n|-boost|p2a: Blaziken|spe|1\n|upkeep\n|inactive|Assbender42069 has 120 seconds left.\n|\n|t:|1606339373\n|switch|p1a: Cinderace|Cinderace, F|100\/100\n|turn|20\n|\n|t:|1606339380\n|move|p2a: Blaziken|High Jump Kick|p1a: Cinderace\n|-damage|p1a: Cinderace|0 fnt\n|faint|p1a: Cinderace\n|\n|win|glaed13\n|l|\u2606Assbender42069\n|l|\u2606glaed13\n||Ladder (probably) updated, but score could not be retrieved (Request timeout).\n","uploadtime":1606339587,"views":30,"p1id":"assbender42069","p2id":"glaed13","formatid":"gen8ou","rating":0,"private":0,"password":null}