{"id":"gen8ou-1687245661","p1":"knexhawk2","p2":"Suuicunee","format":"gen8ou","log":"|inactive|Battle timer is ON: inactive players will automatically lose when time's up.\n|j|\u2606knexhawk2\n|j|\u2606Suuicunee\n|t:|1665942282\n|gametype|singles\n|player|p1|knexhawk2|red-masters|\n|player|p2|Suuicunee|169|\n|teamsize|p1|24\n|teamsize|p2|24\n|gen|8\n|tier|[Gen 8] OU\n|rated|Tournament battle\n|rule|Sleep Clause Mod: Limit one foe put to sleep\n|rule|Species Clause: Limit one of each Pok\u00e9mon\n|rule|OHKO Clause: OHKO moves are banned\n|rule|Evasion Items Clause: Evasion items are banned\n|rule|Evasion Moves Clause: Evasion moves are banned\n|rule|Endless Battle Clause: Forcing endless battles is banned\n|rule|HP Percentage Mod: HP is shown in percentages\n|rule|Dynamax Clause: You cannot dynamax\n|rule|Blitz: Super-fast timer\n|clearpoke\n|poke|p1|Blissey, F|\n|poke|p1|Slowking-Galar, M|\n|poke|p1|Toxapex, F|\n|poke|p1|Clefable, F|\n|poke|p1|Skarmory, F|\n|poke|p1|Avalugg, F|\n|poke|p1|Eldegoss, F|\n|poke|p1|Jirachi|\n|poke|p1|Cobalion|\n|poke|p1|Gastrodon-East, F|\n|poke|p1|Scrafty, M|\n|poke|p1|Magnezone|\n|poke|p1|Buzzwole|\n|poke|p1|Quagsire, F|\n|poke|p1|Corviknight, F|\n|poke|p1|Latias, F|\n|poke|p1|Melmetal|\n|poke|p1|Pangoro, F|\n|poke|p1|Klefki, M|\n|poke|p1|Ninetales-Alola, M|\n|poke|p1|Diancie|\n|poke|p1|Tornadus-Therian, M|\n|poke|p1|Mudsdale, F|\n|poke|p1|Mudbray, M|\n|poke|p2|Pelipper, F|\n|poke|p2|Seismitoad, F|\n|poke|p2|Zapdos|\n|poke|p2|Ferrothorn, F|\n|poke|p2|Barraskewda, M|\n|poke|p2|Crawdaunt, M|\n|poke|p2|Rillaboom, F|\n|poke|p2|Tornadus-Therian, M|\n|poke|p2|Grimmsnarl, M|\n|poke|p2|Melmetal|\n|poke|p2|Mudsdale, F|\n|poke|p2|Slowbro, F|\n|poke|p2|Nidoking, M|\n|poke|p2|Krookodile, F|\n|poke|p2|Victini|\n|poke|p2|Slurpuff, M|\n|poke|p2|Clefable, F|\n|poke|p2|Urshifu-*, F|\n|poke|p2|Heatran, M|\n|poke|p2|Rotom-Wash|\n|poke|p2|Landorus-Therian, M|\n|poke|p2|Tapu Lele|\n|poke|p2|Weavile, F|\n|poke|p2|Durant, F|\n|teampreview\n|c|\u2606Suuicunee|gl\n|c|\u2606knexhawk2|u2\n|\n|t:|1665942291\n|start\n|switch|p1a: beat up monkey 2|Pangoro, F|100\/100\n|switch|p2a: Let's in the rain|Pelipper, F|100\/100\n|-weather|RainDance|[from] ability: Drizzle|[of] p2a: Let's in the rain\n|turn|1\n|\n|t:|1665942294\n|switch|p1a: Blissey|Blissey, F|100\/100\n|move|p2a: Let's in the rain|Hurricane|p1a: Blissey\n|-damage|p1a: Blissey|87\/100\n|\n|-weather|RainDance|[upkeep]\n|upkeep\n|turn|2\n|\n|t:|1665942296\n|move|p2a: Let's in the rain|U-turn|p1a: Blissey\n|-damage|p1a: Blissey|79\/100\n|\n|t:|1665942299\n|switch|p2a: Crawdaunt|Crawdaunt, M|100\/100|[from]move: U-turn\n|move|p1a: Blissey|Stealth Rock|p2a: Crawdaunt\n|-sidestart|p2: Suuicunee|move: Stealth Rock\n|\n|-weather|RainDance|[upkeep]\n|upkeep\n|turn|3\n|j| OUTD idiot\n|\n|t:|1665942301\n|switch|p1a: has large coock|Buzzwole|100\/100\n|move|p2a: Crawdaunt|Swords Dance|p2a: Crawdaunt\n|-boost|p2a: Crawdaunt|atk|2\n|\n|-weather|RainDance|[upkeep]\n|upkeep\n|turn|4\n|\n|t:|1665942303\n|move|p1a: has large coock|Drain Punch|p2a: Crawdaunt\n|-supereffective|p2a: Crawdaunt\n|-damage|p2a: Crawdaunt|4\/100\n|move|p2a: Crawdaunt|Liquidation|p1a: has large coock\n|-damage|p1a: has large coock|0 fnt\n|-damage|p2a: Crawdaunt|0 fnt|[from] item: Rocky Helmet|[of] p1a: has large coock\n|faint|p1a: has large coock\n|faint|p2a: Crawdaunt\n|\n|-weather|RainDance|[upkeep]\n|upkeep\n|c|\u2606knexhawk2|worth\n|inactive|knexhawk2 has 10 seconds left.\n|\n|t:|1665942309\n|switch|p1a: i hate you bisharp|Cobalion|100\/100\n|switch|p2a: Seismitoad|Seismitoad, F|100\/100\n|-damage|p2a: Seismitoad|95\/100|[from] Stealth Rock\n|turn|5\n|j| OUTD okeiokeiokei\n|\n|t:|1665942312\n|switch|p1a: Blissey|Blissey, F|79\/100\n|move|p2a: Seismitoad|Weather Ball|p1a: Blissey\n|-damage|p1a: Blissey|49\/100\n|-damage|p2a: Seismitoad|85\/100|[from] item: Life Orb\n|\n|-weather|RainDance|[upkeep]\n|upkeep\n|turn|6\n|\n|t:|1665942315\n|move|p2a: Seismitoad|Focus Blast|p1a: Blissey\n|-supereffective|p1a: Blissey\n|-damage|p1a: Blissey|18\/100\n|-damage|p2a: Seismitoad|75\/100|[from] item: Life Orb\n|move|p1a: Blissey|Soft-Boiled|p1a: Blissey\n|-heal|p1a: Blissey|68\/100\n|\n|-weather|RainDance|[upkeep]\n|upkeep\n|turn|7\n|inactive|Suuicunee has 10 seconds left.\n|\n|t:|1665942320\n|switch|p2a: Durant|Durant, F|100\/100\n|-damage|p2a: Durant|88\/100|[from] Stealth Rock\n|move|p1a: Blissey|Soft-Boiled|p1a: Blissey\n|-heal|p1a: Blissey|100\/100\n|\n|-weather|RainDance|[upkeep]\n|upkeep\n|turn|8\n|inactive|Suuicunee has 10 seconds left.\n|\n|t:|1665942325\n|switch|p1a: Skarmory|Skarmory, F|100\/100\n|move|p2a: Durant|Superpower|p1a: Skarmory\n|-damage|p1a: Skarmory|52\/100\n|-unboost|p2a: Durant|atk|1\n|-unboost|p2a: Durant|def|1\n|\n|-weather|none\n|-heal|p1a: Skarmory|58\/100|[from] item: Leftovers\n|upkeep\n|turn|9\n|\n|t:|1665942328\n|switch|p2a: Rotom|Rotom-Wash, shiny|100\/100\n|-damage|p2a: Rotom|88\/100|[from] Stealth Rock\n|move|p1a: Skarmory|Roost|p1a: Skarmory\n|-heal|p1a: Skarmory|100\/100\n|-singleturn|p1a: Skarmory|move: Roost\n|\n|-heal|p2a: Rotom|94\/100|[from] item: Leftovers\n|upkeep\n|turn|10\n|c| OUTD okeiokeiokei|good lord you actually brought stall\n|\n|t:|1665942332\n|switch|p1a: i like knock off|Gastrodon-East, F|100\/100\n|move|p2a: Rotom|Volt Switch|p1a: i like knock off\n|-immune|p1a: i like knock off\n|\n|-heal|p2a: Rotom|100\/100|[from] item: Leftovers\n|upkeep\n|turn|11\n|j| Dubb Wool\n|c| OUTD idiot|ayo who brought mudsdale's kid\n|\n|t:|1665942336\n|switch|p2a: Rillaboom|Rillaboom, F|100\/100\n|-damage|p2a: Rillaboom|88\/100|[from] Stealth Rock\n|-fieldstart|move: Grassy Terrain|[from] ability: Grassy Surge|[of] p2a: Rillaboom\n|move|p1a: i like knock off|Toxic|p2a: Rillaboom\n|-status|p2a: Rillaboom|tox\n|\n|-heal|p2a: Rillaboom|94\/100 tox|[from] Grassy Terrain\n|-heal|p2a: Rillaboom|100\/100 tox|[from] item: Leftovers\n|-damage|p2a: Rillaboom|94\/100 tox|[from] psn\n|upkeep\n|turn|12\n|\n|t:|1665942339\n|switch|p1a: Skarmory|Skarmory, F|100\/100\n|move|p2a: Rillaboom|Swords Dance|p2a: Rillaboom\n|-boost|p2a: Rillaboom|atk|2\n|\n|-heal|p2a: Rillaboom|100\/100 tox|[from] Grassy Terrain\n|-damage|p2a: Rillaboom|88\/100 tox|[from] psn\n|upkeep\n|turn|13\n|c|\u2606knexhawk2|me\n|\n|t:|1665942344\n|move|p2a: Rillaboom|Swords Dance|p2a: Rillaboom\n|-boost|p2a: Rillaboom|atk|2\n|move|p1a: Skarmory|Spikes|p2a: Rillaboom\n|-sidestart|p2: Suuicunee|Spikes\n|\n|-heal|p2a: Rillaboom|94\/100 tox|[from] Grassy Terrain\n|-heal|p2a: Rillaboom|100\/100 tox|[from] item: Leftovers\n|-damage|p2a: Rillaboom|82\/100 tox|[from] psn\n|upkeep\n|turn|14\n|\n|t:|1665942345\n|move|p2a: Rillaboom|Drain Punch|p1a: Skarmory\n|-damage|p1a: Skarmory|51\/100\n|-heal|p2a: Rillaboom|100\/100 tox|[from] drain|[of] p1a: Skarmory\n|move|p1a: Skarmory|Whirlwind|p2a: Rillaboom\n|drag|p2a: Slurpuff|Slurpuff, M|100\/100\n|-damage|p2a: Slurpuff|88\/100|[from] Stealth Rock\n|-damage|p2a: Slurpuff|76\/100|[from] Spikes\n|\n|-heal|p2a: Slurpuff|82\/100|[from] Grassy Terrain\n|-heal|p1a: Skarmory|57\/100|[from] item: Leftovers\n|upkeep\n|turn|15\n|j| pokechamp13\n|\n|t:|1665942348\n|move|p2a: Slurpuff|Sticky Web|p1a: Skarmory\n|-sidestart|p1: knexhawk2|move: Sticky Web\n|move|p1a: Skarmory|Roost|p1a: Skarmory\n|-heal|p1a: Skarmory|100\/100\n|-singleturn|p1a: Skarmory|move: Roost\n|\n|-heal|p2a: Slurpuff|88\/100|[from] Grassy Terrain\n|-fieldend|move: Grassy Terrain\n|upkeep\n|turn|16\n|\n|t:|1665942350\n|move|p2a: Slurpuff|Yawn|p1a: Skarmory\n|-start|p1a: Skarmory|move: Yawn|[of] p2a: Slurpuff\n|move|p1a: Skarmory|Spikes|p2a: Slurpuff\n|-sidestart|p2: Suuicunee|Spikes\n|\n|upkeep\n|turn|17\n|\n|t:|1665942354\n|switch|p1a: under pressure|Corviknight, F|100\/100\n|-ability|p1a: under pressure|Pressure\n|move|p2a: Slurpuff|Light Screen|p2a: Slurpuff\n|-sidestart|p2: Suuicunee|move: Light Screen\n|\n|upkeep\n|turn|18\n|\n|t:|1665942358\n|move|p2a: Slurpuff|Yawn|p1a: under pressure\n|-start|p1a: under pressure|move: Yawn|[of] p2a: Slurpuff\n|move|p1a: under pressure|Brave Bird|p2a: Slurpuff\n|-damage|p2a: Slurpuff|48\/100\n|-damage|p1a: under pressure|88\/100|[from] Recoil\n|-enditem|p2a: Slurpuff|Red Card|[of] p1a: under pressure\n|drag|p1a: i hate you bisharp|Cobalion|100\/100\n|-activate|p1a: i hate you bisharp|move: Sticky Web\n|-unboost|p1a: i hate you bisharp|spe|1\n|\n|upkeep\n|turn|19\n|\n|t:|1665942361\n|move|p2a: Slurpuff|Misty Explosion|p1a: i hate you bisharp\n|-damage|p1a: i hate you bisharp|64\/100\n|faint|p2a: Slurpuff\n|move|p1a: i hate you bisharp|Iron Head|p2: Slurpuff|[notarget]\n|-fail|p1a: i hate you bisharp\n|\n|upkeep\n|inactive|Suuicunee has 10 seconds left.\n|\n|t:|1665942366\n|switch|p2a: Let's in the rain|Pelipper, F|100\/100\n|-damage|p2a: Let's in the rain|76\/100|[from] Stealth Rock\n|-weather|RainDance|[from] ability: Drizzle|[of] p2a: Let's in the rain\n|turn|20\n|inactive|knexhawk2 has 10 seconds left.\n|\n|t:|1665942373\n|switch|p1a: Blissey|Blissey, F|100\/100\n|move|p2a: Let's in the rain|Defog|p1a: Blissey\n|-unboost|p1a: Blissey|evasion|1\n|-sideend|p1: knexhawk2|Sticky Web|[from] move: Defog|[of] p2a: Let's in the rain\n|-sideend|p2: Suuicunee|Spikes|[from] move: Defog|[of] p2a: Let's in the rain\n|-sideend|p2: Suuicunee|Stealth Rock|[from] move: Defog|[of] p2a: Let's in the rain\n|\n|-weather|RainDance|[upkeep]\n|upkeep\n|turn|21\n|\n|t:|1665942375\n|move|p2a: Let's in the rain|U-turn|p1a: Blissey\n|-damage|p1a: Blissey|93\/100\n|\n|t:|1665942379\n|switch|p2a: Nidoking|Nidoking, M|100\/100|[from]move: U-turn\n|move|p1a: Blissey|Stealth Rock|p2a: Nidoking\n|-sidestart|p2: Suuicunee|move: Stealth Rock\n|\n|-weather|RainDance|[upkeep]\n|-sideend|p2: Suuicunee|move: Light Screen\n|upkeep\n|turn|22\n|inactive|knexhawk2 has 10 seconds left.\n|\n|t:|1665942386\n|switch|p1a: beat up monkey 2|Pangoro, F|100\/100\n|move|p2a: Nidoking|Taunt|p1a: beat up monkey 2\n|-start|p1a: beat up monkey 2|move: Taunt\n|\n|-weather|RainDance|[upkeep]\n|upkeep\n|turn|23\n|c| OUTD okeiokeiokei|u get completely solo'd by lele + zone\n|j| amstan (-_-)\n|inactive|Suuicunee has 10 seconds left.\n|\n|t:|1665942395\n|switch|p2a: Mudsdale|Mudsdale, F|100\/100\n|-damage|p2a: Mudsdale|94\/100|[from] Stealth Rock\n|move|p1a: beat up monkey 2|Beat Up|p2a: Mudsdale\n|-crit|p2a: Mudsdale\n|-damage|p2a: Mudsdale|87\/100\n|-ability|p2a: Mudsdale|Stamina|boost\n|-boost|p2a: Mudsdale|def|1\n|-crit|p2a: Mudsdale\n|-damage|p2a: Mudsdale|82\/100\n|-ability|p2a: Mudsdale|Stamina|boost\n|-boost|p2a: Mudsdale|def|1\n|-damage|p2a: Mudsdale|80\/100\n|-ability|p2a: Mudsdale|Stamina|boost\n|-boost|p2a: Mudsdale|def|1\n|-damage|p2a: Mudsdale|79\/100\n|-ability|p2a: Mudsdale|Stamina|boost\n|-boost|p2a: Mudsdale|def|1\n|-damage|p2a: Mudsdale|77\/100\n|-ability|p2a: Mudsdale|Stamina|boost\n|-boost|p2a: Mudsdale|def|1\n|-damage|p2a: Mudsdale|76\/100\n|-ability|p2a: Mudsdale|Stamina|boost\n|-boost|p2a: Mudsdale|def|1\n|-damage|p2a: Mudsdale|75\/100\n|-damage|p2a: Mudsdale|74\/100\n|-damage|p2a: Mudsdale|73\/100\n|-damage|p2a: Mudsdale|72\/100\n|-crit|p2a: Mudsdale\n|-damage|p2a: Mudsdale|67\/100\n|-damage|p2a: Mudsdale|66\/100\n|-damage|p2a: Mudsdale|65\/100\n|-damage|p2a: Mudsdale|64\/100\n|-damage|p2a: Mudsdale|63\/100\n|-damage|p2a: Mudsdale|61\/100\n|-damage|p2a: Mudsdale|60\/100\n|-damage|p2a: Mudsdale|59\/100\n|-damage|p2a: Mudsdale|58\/100\n|-damage|p2a: Mudsdale|57\/100\n|-damage|p2a: Mudsdale|56\/100\n|-damage|p2a: Mudsdale|55\/100\n|-damage|p2a: Mudsdale|54\/100\n|-hitcount|p2a: Mudsdale|23\n|\n|-weather|RainDance|[upkeep]\n|-heal|p2a: Mudsdale|60\/100|[from] item: Leftovers\n|upkeep\n|turn|24\n|c|\u2606knexhawk2|i have aura sphere\n|inactive|knexhawk2 has 10 seconds left.\n|\n|t:|1665942401\n|switch|p1a: Clefable|Clefable, F|100\/100\n|move|p2a: Mudsdale|Roar|p1a: Clefable\n|drag|p1a: Little Boy|Mudbray, M|100\/100\n|\n|-weather|RainDance|[upkeep]\n|-heal|p2a: Mudsdale|66\/100|[from] item: Leftovers\n|upkeep\n|turn|25\n|inactive|knexhawk2 has 10 seconds left.\n|\n|t:|1665942406\n|switch|p1a: the god|Quagsire, F|100\/100\n|move|p2a: Mudsdale|Toxic|p1a: the god\n|-status|p1a: the god|tox\n|\n|-weather|RainDance|[upkeep]\n|-heal|p2a: Mudsdale|73\/100|[from] item: Leftovers\n|-damage|p1a: the god|94\/100 tox|[from] psn\n|upkeep\n|turn|26\n|j| laughokenisis\n|c| OUTD okeiokeiokei|on what\n|\n|t:|1665942409\n|move|p1a: the god|Scald|p2a: Mudsdale\n|-supereffective|p2a: Mudsdale\n|-damage|p2a: Mudsdale|22\/100\n|move|p2a: Mudsdale|Roar|p1a: the god\n|drag|p1a: Clefable|Clefable, F|100\/100\n|\n|-weather|RainDance|[upkeep]\n|-heal|p2a: Mudsdale|28\/100|[from] item: Leftovers\n|upkeep\n|turn|27\n|c|\u2606knexhawk2|rachi\n|\n|t:|1665942413\n|move|p1a: Clefable|Moonblast|p2a: Mudsdale\n|-damage|p2a: Mudsdale|0 fnt\n|faint|p2a: Mudsdale\n|\n|-weather|none\n|upkeep\n|\n|t:|1665942415\n|switch|p2a: Melmetal|Melmetal|100\/100\n|-damage|p2a: Melmetal|94\/100|[from] Stealth Rock\n|turn|28\n|c|\u2606knexhawk2|my lele switch in\n|\n|t:|1665942420\n|switch|p1a: Skarmory|Skarmory, F|100\/100\n|move|p2a: Melmetal|Superpower|p1a: Skarmory\n|-damage|p1a: Skarmory|72\/100\n|-unboost|p2a: Melmetal|atk|1\n|-unboost|p2a: Melmetal|def|1\n|\n|-heal|p1a: Skarmory|78\/100|[from] item: Leftovers\n|-heal|p2a: Melmetal|100\/100|[from] item: Leftovers\n|upkeep\n|turn|29\n|\n|t:|1665942421\n|move|p1a: Skarmory|Spikes|p2a: Melmetal\n|-sidestart|p2: Suuicunee|Spikes\n|move|p2a: Melmetal|Thunder Punch|p1a: Skarmory\n|-supereffective|p1a: Skarmory\n|-damage|p1a: Skarmory|47\/100\n|\n|-heal|p1a: Skarmory|53\/100|[from] item: Leftovers\n|upkeep\n|turn|30\n|\n|t:|1665942426\n|switch|p2a: Landorus|Landorus-Therian, M|100\/100\n|-damage|p2a: Landorus|88\/100|[from] Stealth Rock\n|-ability|p2a: Landorus|Intimidate|boost\n|-unboost|p1a: Skarmory|atk|1\n|move|p1a: Skarmory|Roost|p1a: Skarmory\n|-heal|p1a: Skarmory|100\/100\n|-singleturn|p1a: Skarmory|move: Roost\n|\n|-heal|p2a: Landorus|94\/100|[from] item: Leftovers\n|upkeep\n|turn|31\n|\n|t:|1665942429\n|move|p2a: Landorus|Defog|p1a: Skarmory\n|-unboost|p1a: Skarmory|evasion|1\n|-sideend|p2: Suuicunee|Spikes|[from] move: Defog|[of] p2a: Landorus\n|-sideend|p2: Suuicunee|Stealth Rock|[from] move: Defog|[of] p2a: Landorus\n|move|p1a: Skarmory|Whirlwind|p2a: Landorus\n|drag|p2a: Urshifu|Urshifu-Rapid-Strike, F|100\/100\n|\n|upkeep\n|turn|32\n|l| amstan (-_-)\n|\n|t:|1665942431\n|switch|p1a: Toxapex|Toxapex, F|100\/100\n|move|p2a: Urshifu|U-turn|p1a: Toxapex\n|-resisted|p1a: Toxapex\n|-damage|p1a: Toxapex|89\/100\n|-damage|p2a: Urshifu|84\/100|[from] item: Rocky Helmet|[of] p1a: Toxapex\n|\n|t:|1665942435\n|switch|p2a: Krookodile|Krookodile, F|100\/100|[from]move: U-turn\n|\n|upkeep\n|turn|33\n|j| SaltyPineapple27\n|\n|t:|1665942438\n|switch|p1a: i hate you weavile|Scrafty, M|100\/100\n|-ability|p1a: i hate you weavile|Intimidate|boost\n|-unboost|p2a: Krookodile|atk|1\n|move|p2a: Krookodile|Beat Up|p1a: i hate you weavile\n|-resisted|p1a: i hate you weavile\n|-damage|p1a: i hate you weavile|99\/100\n|-resisted|p1a: i hate you weavile\n|-damage|p1a: i hate you weavile|99\/100\n|-resisted|p1a: i hate you weavile\n|-damage|p1a: i hate you weavile|98\/100\n|-resisted|p1a: i hate you weavile\n|-damage|p1a: i hate you weavile|97\/100\n|-resisted|p1a: i hate you weavile\n|-damage|p1a: i hate you weavile|96\/100\n|-resisted|p1a: i hate you weavile\n|-damage|p1a: i hate you weavile|96\/100\n|-resisted|p1a: i hate you weavile\n|-damage|p1a: i hate you weavile|95\/100\n|-resisted|p1a: i hate you weavile\n|-damage|p1a: i hate you weavile|94\/100\n|-resisted|p1a: i hate you weavile\n|-damage|p1a: i hate you weavile|93\/100\n|-resisted|p1a: i hate you weavile\n|-damage|p1a: i hate you weavile|93\/100\n|-resisted|p1a: i hate you weavile\n|-damage|p1a: i hate you weavile|92\/100\n|-resisted|p1a: i hate you weavile\n|-damage|p1a: i hate you weavile|91\/100\n|-resisted|p1a: i hate you weavile\n|-damage|p1a: i hate you weavile|90\/100\n|-resisted|p1a: i hate you weavile\n|-damage|p1a: i hate you weavile|89\/100\n|-resisted|p1a: i hate you weavile\n|-damage|p1a: i hate you weavile|89\/100\n|-resisted|p1a: i hate you weavile\n|-crit|p1a: i hate you weavile\n|-damage|p1a: i hate you weavile|87\/100\n|-resisted|p1a: i hate you weavile\n|-damage|p1a: i hate you weavile|86\/100\n|-resisted|p1a: i hate you weavile\n|-damage|p1a: i hate you weavile|85\/100\n|-resisted|p1a: i hate you weavile\n|-damage|p1a: i hate you weavile|84\/100\n|-resisted|p1a: i hate you weavile\n|-damage|p1a: i hate you weavile|83\/100\n|-hitcount|p1a: i hate you weavile|20\n|\n|-heal|p1a: i hate you weavile|89\/100|[from] item: Leftovers\n|upkeep\n|turn|34\n|inactive|Suuicunee has 10 seconds left.\n|\n|t:|1665942444\n|switch|p2a: Tapu Lele|Tapu Lele|100\/100\n|-fieldstart|move: Psychic Terrain|[from] ability: Psychic Surge|[of] p2a: Tapu Lele\n|move|p1a: i hate you weavile|Beat Up|p2a: Tapu Lele\n|-damage|p2a: Tapu Lele|93\/100\n|-damage|p2a: Tapu Lele|88\/100\n|-damage|p2a: Tapu Lele|81\/100\n|-crit|p2a: Tapu Lele\n|-damage|p2a: Tapu Lele|69\/100\n|-damage|p2a: Tapu Lele|62\/100\n|-damage|p2a: Tapu Lele|54\/100\n|-damage|p2a: Tapu Lele|49\/100\n|-damage|p2a: Tapu Lele|42\/100\n|-damage|p2a: Tapu Lele|35\/100\n|-damage|p2a: Tapu Lele|30\/100\n|-damage|p2a: Tapu Lele|23\/100\n|-damage|p2a: Tapu Lele|17\/100\n|-crit|p2a: Tapu Lele\n|-damage|p2a: Tapu Lele|6\/100\n|-crit|p2a: Tapu Lele\n|-damage|p2a: Tapu Lele|0 fnt\n|faint|p2a: Tapu Lele\n|-hitcount|p2: Tapu Lele|14\n|\n|-heal|p1a: i hate you weavile|95\/100|[from] item: Leftovers\n|upkeep\n|c| laughokenisis|unironically did 0\n|inactive|Suuicunee has 10 seconds left.\n|c|\u2606knexhawk2|ikr\n|\n|t:|1665942452\n|switch|p2a: beater upper|Grimmsnarl, M|100\/100\n|-item|p1a: i hate you weavile|Leftovers|[from] ability: Frisk|[of] p2a: beater upper|[identify]\n|turn|35\n|\n|t:|1665942456\n|switch|p1a: Skarmory|Skarmory, F|100\/100\n|move|p2a: beater upper|Play Rough|p1a: Skarmory\n|-resisted|p1a: Skarmory\n|-damage|p1a: Skarmory|81\/100\n|\n|-heal|p1a: Skarmory|87\/100|[from] item: Leftovers\n|upkeep\n|turn|36\n|\n|t:|1665942460\n|switch|p2a: Let's in the rain|Pelipper, F|76\/100\n|-weather|RainDance|[from] ability: Drizzle|[of] p2a: Let's in the rain\n|move|p1a: Skarmory|Body Press|p2a: Let's in the rain\n|-resisted|p2a: Let's in the rain\n|-damage|p2a: Let's in the rain|60\/100\n|\n|-weather|RainDance|[upkeep]\n|-heal|p1a: Skarmory|93\/100|[from] item: Leftovers\n|upkeep\n|turn|37\n|\n|t:|1665942462\n|switch|p1a: Blissey|Blissey, F|93\/100\n|move|p2a: Let's in the rain|U-turn|p1a: Blissey\n|-damage|p1a: Blissey|84\/100\n|\n|t:|1665942466\n|switch|p2a: Barraskewda|Barraskewda, M|100\/100|[from]move: U-turn\n|\n|-weather|RainDance|[upkeep]\n|upkeep\n|turn|38\n|\n|t:|1665942469\n|switch|p1a: Toxapex|Toxapex, F|100\/100\n|move|p2a: Barraskewda|Flip Turn|p1a: Toxapex\n|-resisted|p1a: Toxapex\n|-damage|p1a: Toxapex|77\/100\n|-damage|p2a: Barraskewda|84\/100|[from] item: Rocky Helmet|[of] p1a: Toxapex\n|\n|t:|1665942471\n|switch|p2a: Zapdos|Zapdos|100\/100|[from]move: Flip Turn\n|\n|-weather|RainDance|[upkeep]\n|-fieldend|move: Psychic Terrain\n|upkeep\n|turn|39\n|\n|t:|1665942476\n|switch|p1a: Slowking|Slowking-Galar, M|100\/100\n|move|p2a: Zapdos|Weather Ball|p1a: Slowking\n|-damage|p1a: Slowking|80\/100\n|\n|-weather|RainDance|[upkeep]\n|upkeep\n|turn|40\n|c|\u2606knexhawk2|i cant even see skewda\n|\n|t:|1665942480\n|move|p2a: Zapdos|Hurricane|p1a: Slowking\n|-damage|p1a: Slowking|58\/100\n|move|p1a: Slowking|Future Sight|p2a: Zapdos\n|-start|p1a: Slowking|move: Future Sight\n|\n|-weather|RainDance|[upkeep]\n|upkeep\n|turn|41\n|inactive|knexhawk2 has 10 seconds left.\n|\n|t:|1665942487\n|switch|p2a: Slowbro|Slowbro, F|100\/100\n|switch|p1a: Lati ass|Latias, F|100\/100\n|\n|-weather|RainDance|[upkeep]\n|upkeep\n|turn|42\n|inactive|knexhawk2 has 10 seconds left.\n|\n|t:|1665942495\n|switch|p1a: steels!|Magnezone|100\/100\n|move|p2a: Slowbro|Toxic|p1a: steels!\n|-immune|p1a: steels!\n|\n|-weather|RainDance|[upkeep]\n|-end|p2a: Slowbro|move: Future Sight\n|-resisted|p2a: Slowbro\n|-damage|p2a: Slowbro|77\/100\n|upkeep\n|turn|43\n|c| laughokenisis|knexhawk2 simply,switch sides\n|\n|t:|1665942499\n|switch|p2a: Krookodile|Krookodile, F|100\/100\n|move|p1a: steels!|Thunderbolt|p2a: Krookodile\n|-immune|p2a: Krookodile\n|\n|-weather|none\n|upkeep\n|turn|44\n|c| OUTD okeiokeiokei|if i wasnt timed out i would have cteamed u knexhawk just sayin\n|inactive|knexhawk2 has 10 seconds left.\n|c| OUTD okeiokeiokei|i brought like 5 anti stall mons\n|\n|t:|1665942508\n|switch|p1a: beat up fun|Mudsdale, F|100\/100\n|move|p2a: Krookodile|Close Combat|p1a: beat up fun\n|-damage|p1a: beat up fun|77\/100\n|-unboost|p2a: Krookodile|def|1\n|-unboost|p2a: Krookodile|spd|1\n|-ability|p1a: beat up fun|Stamina|boost\n|-boost|p1a: beat up fun|def|1\n|\n|-heal|p1a: beat up fun|83\/100|[from] item: Leftovers\n|upkeep\n|turn|45\n|c|\u2606knexhawk2|lool\n|inactive|knexhawk2 has 10 seconds left.\n|\n|t:|1665942514\n|switch|p2a: Rotom|Rotom-Wash, shiny|100\/100\n|move|p1a: beat up fun|Stealth Rock|p2a: Rotom\n|-sidestart|p2: Suuicunee|move: Stealth Rock\n|\n|-heal|p1a: beat up fun|89\/100|[from] item: Leftovers\n|upkeep\n|turn|46\n|\n|t:|1665942517\n|switch|p1a: Slowking|Slowking-Galar, M|91\/100\n|move|p2a: Rotom|Thunder Wave|p1a: Slowking\n|-status|p1a: Slowking|par\n|\n|upkeep\n|turn|47\n|\n|t:|1665942519\n|move|p2a: Rotom|Volt Switch|p1a: Slowking\n|-damage|p1a: Slowking|82\/100 par\n|\n|t:|1665942524\n|switch|p2a: Heatran|Heatran, M|100\/100|[from]move: Volt Switch\n|-damage|p2a: Heatran|88\/100|[from] Stealth Rock\n|-item|p2a: Heatran|Air Balloon\n|move|p1a: Slowking|Future Sight|p2a: Heatran\n|-start|p1a: Slowking|move: Future Sight\n|\n|upkeep\n|turn|48\n|c|\u2606knexhawk2|i got a lot of countermeasures\n|l| SaltyPineapple27\n|inactive|knexhawk2 has 10 seconds left.\n|inactive|Suuicunee has 10 seconds left.\n|\n|t:|1665942530\n|switch|p1a: Lati ass|Latias, F|100\/100\n|move|p2a: Heatran|Taunt|p1a: Lati ass\n|-start|p1a: Lati ass|move: Taunt\n|\n|upkeep\n|turn|49\n|\n|t:|1665942533\n|switch|p2a: Landorus|Landorus-Therian, M|94\/100\n|-damage|p2a: Landorus|82\/100|[from] Stealth Rock\n|-ability|p2a: Landorus|Intimidate|boost\n|-unboost|p1a: Lati ass|atk|1\n|move|p1a: Lati ass|Surf|p2a: Landorus\n|-supereffective|p2a: Landorus\n|-damage|p2a: Landorus|48\/100\n|\n|-end|p2a: Landorus|move: Future Sight\n|-damage|p2a: Landorus|14\/100\n|-heal|p2a: Landorus|20\/100|[from] item: Leftovers\n|upkeep\n|turn|50\n|\n|t:|1665942538\n|switch|p2a: Ferrothorn|Ferrothorn, F|100\/100\n|-damage|p2a: Ferrothorn|95\/100|[from] Stealth Rock\n|move|p1a: Lati ass|Surf|p2a: Ferrothorn\n|-resisted|p2a: Ferrothorn\n|-damage|p2a: Ferrothorn|86\/100\n|\n|-end|p1a: Lati ass|move: Taunt\n|upkeep\n|turn|51\n|c| OUTD okeiokeiokei|whos ur daunt answer\n|c|\u2606knexhawk2|swole\n|inactive|knexhawk2 has 10 seconds left.\n|\n|t:|1665942546\n|switch|p1a: steels!|Magnezone|100\/100\n|switch|p2a: Let's in the rain|Pelipper, F|60\/100\n|-damage|p2a: Let's in the rain|35\/100|[from] Stealth Rock\n|-weather|RainDance|[from] ability: Drizzle|[of] p2a: Let's in the rain\n|\n|-weather|RainDance|[upkeep]\n|upkeep\n|turn|52\n|\n|t:|1665942550\n|switch|p2a: Landorus|Landorus-Therian, M|20\/100\n|-damage|p2a: Landorus|8\/100|[from] Stealth Rock\n|-ability|p2a: Landorus|Intimidate|boost\n|-unboost|p1a: steels!|atk|1\n|move|p1a: steels!|Thunderbolt|p2a: Landorus\n|-immune|p2a: Landorus\n|\n|-weather|RainDance|[upkeep]\n|-heal|p2a: Landorus|14\/100|[from] item: Leftovers\n|upkeep\n|turn|53\n|\n|t:|1665942554\n|switch|p1a: Avalugg|Avalugg, F|100\/100\n|move|p2a: Landorus|Defog|p1a: Avalugg\n|-unboost|p1a: Avalugg|evasion|1\n|-sideend|p2: Suuicunee|Stealth Rock|[from] move: Defog|[of] p2a: Landorus\n|\n|-weather|RainDance|[upkeep]\n|-heal|p2a: Landorus|20\/100|[from] item: Leftovers\n|upkeep\n|turn|54\n|\n|t:|1665942556\n|move|p2a: Landorus|Earthquake|p1a: Avalugg\n|-damage|p1a: Avalugg|82\/100\n|move|p1a: Avalugg|Rapid Spin|p2a: Landorus\n|-damage|p2a: Landorus|7\/100\n|-boost|p1a: Avalugg|spe|1\n|\n|-weather|RainDance|[upkeep]\n|-heal|p2a: Landorus|13\/100|[from] item: Leftovers\n|upkeep\n|turn|55\n|\n|t:|1665942559\n|move|p2a: Landorus|U-turn|p1a: Avalugg\n|-damage|p1a: Avalugg|74\/100\n|\n|t:|1665942562\n|switch|p2a: Rotom|Rotom-Wash, shiny|100\/100|[from]move: U-turn\n|move|p1a: Avalugg|Rapid Spin|p2a: Rotom\n|-damage|p2a: Rotom|86\/100\n|-boost|p1a: Avalugg|spe|1\n|\n|-weather|RainDance|[upkeep]\n|-heal|p2a: Rotom|93\/100|[from] item: Leftovers\n|upkeep\n|turn|56\n|\n|t:|1665942564\n|switch|p1a: i like knock off|Gastrodon-East, F|100\/100\n|move|p2a: Rotom|Thunder Wave|p1a: i like knock off\n|-immune|p1a: i like knock off\n|\n|-weather|RainDance|[upkeep]\n|-heal|p2a: Rotom|99\/100|[from] item: Leftovers\n|upkeep\n|turn|57\n|\n|t:|1665942568\n|switch|p2a: Rillaboom|Rillaboom, F|100\/100 tox\n|-fieldstart|move: Grassy Terrain|[from] ability: Grassy Surge|[of] p2a: Rillaboom\n|move|p1a: i like knock off|Toxic|p2a: Rillaboom\n|-fail|p2a: Rillaboom|tox\n|\n|-weather|RainDance|[upkeep]\n|-damage|p2a: Rillaboom|94\/100 tox|[from] psn\n|upkeep\n|turn|58\n|\n|t:|1665942573\n|switch|p2a: Rotom|Rotom-Wash, shiny|99\/100\n|switch|p1a: Skarmory|Skarmory, F|93\/100\n|\n|-weather|none\n|-heal|p2a: Rotom|100\/100|[from] item: Leftovers\n|-heal|p1a: Skarmory|99\/100|[from] item: Leftovers\n|upkeep\n|turn|59\n|\n|t:|1665942577\n|switch|p2a: Barraskewda|Barraskewda, M|84\/100\n|switch|p1a: i like knock off|Gastrodon-East, F|100\/100\n|\n|-heal|p2a: Barraskewda|90\/100|[from] Grassy Terrain\n|upkeep\n|turn|60\n|inactive|Suuicunee has 10 seconds left.\n|\n|t:|1665942583\n|switch|p2a: Let's in the rain|Pelipper, F|35\/100\n|-weather|RainDance|[from] ability: Drizzle|[of] p2a: Let's in the rain\n|move|p1a: i like knock off|Clear Smog|p2a: Let's in the rain\n|-damage|p2a: Let's in the rain|24\/100\n|-clearboost|p2a: Let's in the rain\n|\n|-weather|RainDance|[upkeep]\n|upkeep\n|turn|61\n|\n|t:|1665942585\n|move|p2a: Let's in the rain|Roost|p2a: Let's in the rain\n|-heal|p2a: Let's in the rain|74\/100\n|-singleturn|p2a: Let's in the rain|move: Roost\n|move|p1a: i like knock off|Toxic|p2a: Let's in the rain\n|-status|p2a: Let's in the rain|tox\n|\n|-weather|RainDance|[upkeep]\n|-heal|p2a: Let's in the rain|80\/100 tox|[from] Grassy Terrain\n|-damage|p2a: Let's in the rain|74\/100 tox|[from] psn\n|-fieldend|move: Grassy Terrain\n|upkeep\n|turn|62\n|\n|t:|1665942587\n|switch|p1a: Blissey|Blissey, F|84\/100\n|move|p2a: Let's in the rain|U-turn|p1a: Blissey\n|-damage|p1a: Blissey|76\/100\n|\n|t:|1665942590\n|switch|p2a: Barraskewda|Barraskewda, M|90\/100|[from]move: U-turn\n|\n|-weather|RainDance|[upkeep]\n|upkeep\n|turn|63\n|\n|t:|1665942593\n|switch|p1a: Toxapex|Toxapex, F|100\/100\n|move|p2a: Barraskewda|Liquidation|p1a: Toxapex\n|-resisted|p1a: Toxapex\n|-damage|p1a: Toxapex|70\/100\n|-damage|p2a: Barraskewda|74\/100|[from] item: Rocky Helmet|[of] p1a: Toxapex\n|\n|-weather|RainDance|[upkeep]\n|upkeep\n|turn|64\n|\n|t:|1665942598\n|switch|p2a: Ferrothorn|Ferrothorn, F|86\/100\n|move|p1a: Toxapex|Toxic Spikes|p2a: Ferrothorn\n|-sidestart|p2: Suuicunee|move: Toxic Spikes\n|\n|-weather|RainDance|[upkeep]\n|upkeep\n|turn|65\n|\n|t:|1665942600\n|switch|p1a: steels!|Magnezone|100\/100\n|move|p2a: Ferrothorn|Stealth Rock|p1a: steels!\n|-sidestart|p1: knexhawk2|move: Stealth Rock\n|\n|-weather|RainDance|[upkeep]\n|upkeep\n|turn|66\n|\n|t:|1665942605\n|move|p1a: steels!|Substitute|p1a: steels!\n|-start|p1a: steels!|Substitute\n|-damage|p1a: steels!|76\/100\n|move|p2a: Ferrothorn|Leech Seed||[still]\n|-fail|p2a: Ferrothorn\n|\n|-weather|RainDance|[upkeep]\n|-heal|p1a: steels!|82\/100|[from] item: Leftovers\n|upkeep\n|turn|67\n|\n|t:|1665942606\n|move|p1a: steels!|Iron Defense|p1a: steels!\n|-boost|p1a: steels!|def|2\n|move|p2a: Ferrothorn|Knock Off|p1a: steels!\n|-activate|p1a: steels!|move: Substitute|[damage]\n|\n|-weather|none\n|-heal|p1a: steels!|88\/100|[from] item: Leftovers\n|upkeep\n|turn|68\n|\n|t:|1665942608\n|move|p1a: steels!|Iron Defense|p1a: steels!\n|-boost|p1a: steels!|def|2\n|move|p2a: Ferrothorn|Knock Off|p1a: steels!\n|-activate|p1a: steels!|move: Substitute|[damage]\n|\n|-heal|p1a: steels!|94\/100|[from] item: Leftovers\n|upkeep\n|turn|69\n|\n|t:|1665942609\n|move|p1a: steels!|Iron Defense|p1a: steels!\n|-boost|p1a: steels!|def|2\n|move|p2a: Ferrothorn|Knock Off|p1a: steels!\n|-activate|p1a: steels!|move: Substitute|[damage]\n|\n|-heal|p1a: steels!|100\/100|[from] item: Leftovers\n|upkeep\n|turn|70\n|\n|t:|1665942611\n|move|p1a: steels!|Body Press|p2a: Ferrothorn\n|-supereffective|p2a: Ferrothorn\n|-damage|p2a: Ferrothorn|0 fnt\n|-damage|p1a: steels!|88\/100|[from] ability: Iron Barbs|[of] p2a: Ferrothorn\n|-damage|p1a: steels!|72\/100|[from] item: Rocky Helmet|[of] p2a: Ferrothorn\n|faint|p2a: Ferrothorn\n|\n|-heal|p1a: steels!|78\/100|[from] item: Leftovers\n|upkeep\n|j| amstan (-_-)\n|\n|t:|1665942615\n|switch|p2a: Landorus|Landorus-Therian, M|13\/100\n|-ability|p2a: Landorus|Intimidate|boost\n|-immune|p1a: steels!\n|turn|71\n|l| amstan (-_-)\n|\n|t:|1665942617\n|move|p2a: Landorus|Earthquake|p1a: steels!\n|-supereffective|p1a: steels!\n|-end|p1a: steels!|Substitute\n|move|p1a: steels!|Body Press|p2a: Landorus\n|-resisted|p2a: Landorus\n|-damage|p2a: Landorus|0 fnt\n|faint|p2a: Landorus\n|\n|-heal|p1a: steels!|84\/100|[from] item: Leftovers\n|upkeep\n|j| Oh So Cynical\n|\n|t:|1665942622\n|switch|p2a: Zapdos|Zapdos|100\/100\n|turn|72\n|c|\u2606Suuicunee|miuwsclick\n|inactive|Suuicunee has 10 seconds left.\n|c|\u2606knexhawk2|its fine\n|c|\u2606knexhawk2|im switching anyways\n|inactive|Suuicunee has 5 seconds left.\n|\n|t:|1665942633\n|switch|p2a: Krookodile|Krookodile, F|100\/100\n|-status|p2a: Krookodile|psn\n|switch|p1a: Blissey|Blissey, F|76\/100\n|\n|-damage|p2a: Krookodile|88\/100 psn|[from] psn\n|upkeep\n|turn|73\n|inactive|Suuicunee has 10 seconds left this turn.\n|\n|t:|1665942637\n|switch|p1a: i hate you weavile|Scrafty, M|95\/100\n|-damage|p1a: i hate you weavile|89\/100|[from] Stealth Rock\n|-ability|p1a: i hate you weavile|Intimidate|boost\n|-unboost|p2a: Krookodile|atk|1\n|move|p2a: Krookodile|Close Combat|p1a: i hate you weavile\n|-supereffective|p1a: i hate you weavile\n|-damage|p1a: i hate you weavile|58\/100\n|-unboost|p2a: Krookodile|def|1\n|-unboost|p2a: Krookodile|spd|1\n|\n|-heal|p1a: i hate you weavile|64\/100|[from] item: Leftovers\n|-damage|p2a: Krookodile|76\/100 psn|[from] psn\n|upkeep\n|turn|74\n|inactive|Suuicunee has 10 seconds left.\n|\n|t:|1665942644\n|switch|p2a: Melmetal|Melmetal|100\/100\n|move|p1a: i hate you weavile|Drain Punch|p2a: Melmetal\n|-supereffective|p2a: Melmetal\n|-damage|p2a: Melmetal|73\/100\n|-heal|p1a: i hate you weavile|81\/100|[from] drain|[of] p2a: Melmetal\n|\n|-heal|p1a: i hate you weavile|87\/100|[from] item: Leftovers\n|-heal|p2a: Melmetal|79\/100|[from] item: Leftovers\n|upkeep\n|turn|75\n|\n|t:|1665942649\n|switch|p1a: under pressure|Corviknight, F|88\/100\n|-damage|p1a: under pressure|76\/100|[from] Stealth Rock\n|-ability|p1a: under pressure|Pressure\n|move|p2a: Melmetal|Superpower|p1a: under pressure\n|-damage|p1a: under pressure|42\/100\n|-unboost|p2a: Melmetal|atk|1\n|-unboost|p2a: Melmetal|def|1\n|\n|-heal|p2a: Melmetal|85\/100|[from] item: Leftovers\n|upkeep\n|turn|76\n|\n|t:|1665942651\n|move|p1a: under pressure|Roost|p1a: under pressure\n|-heal|p1a: under pressure|92\/100\n|-singleturn|p1a: under pressure|move: Roost\n|move|p2a: Melmetal|Thunder Punch|p1a: under pressure\n|-damage|p1a: under pressure|76\/100\n|\n|-heal|p2a: Melmetal|91\/100|[from] item: Leftovers\n|upkeep\n|turn|77\n|inactive|Suuicunee has 10 seconds left.\n|\n|t:|1665942656\n|move|p2a: Melmetal|Protect|p2a: Melmetal\n|-singleturn|p2a: Melmetal|Protect\n|move|p1a: under pressure|Roost|p1a: under pressure\n|-heal|p1a: under pressure|100\/100\n|-singleturn|p1a: under pressure|move: Roost\n|\n|-heal|p2a: Melmetal|98\/100|[from] item: Leftovers\n|upkeep\n|turn|78\n|\n|t:|1665942659\n|switch|p1a: Avalugg|Avalugg, F|74\/100\n|move|p2a: Melmetal|Thunder Punch|p1a: Avalugg\n|-damage|p1a: Avalugg|63\/100\n|\n|-heal|p2a: Melmetal|100\/100|[from] item: Leftovers\n|upkeep\n|turn|79\n|\n|t:|1665942661\n|move|p2a: Melmetal|Double Iron Bash|p1a: Avalugg\n|-supereffective|p1a: Avalugg\n|-damage|p1a: Avalugg|40\/100\n|-supereffective|p1a: Avalugg\n|-damage|p1a: Avalugg|18\/100\n|-hitcount|p1a: Avalugg|2\n|cant|p1a: Avalugg|flinch\n|\n|upkeep\n|turn|80\n|\n|t:|1665942664\n|switch|p1a: under pressure|Corviknight, F|100\/100\n|-damage|p1a: under pressure|88\/100|[from] Stealth Rock\n|-ability|p1a: under pressure|Pressure\n|move|p2a: Melmetal|Double Iron Bash|p1a: under pressure\n|-resisted|p1a: under pressure\n|-damage|p1a: under pressure|78\/100\n|-resisted|p1a: under pressure\n|-damage|p1a: under pressure|68\/100\n|-hitcount|p1a: under pressure|2\n|\n|upkeep\n|turn|81\n|\n|t:|1665942667\n|move|p1a: under pressure|Roost|p1a: under pressure\n|-heal|p1a: under pressure|100\/100\n|-singleturn|p1a: under pressure|move: Roost\n|move|p2a: Melmetal|Superpower|p1a: under pressure\n|-supereffective|p1a: under pressure\n|-damage|p1a: under pressure|59\/100\n|-unboost|p2a: Melmetal|atk|1\n|-unboost|p2a: Melmetal|def|1\n|\n|upkeep\n|turn|82\n|\n|t:|1665942671\n|switch|p2a: Clefable|Clefable, F, shiny|100\/100\n|move|p1a: under pressure|Roost|p1a: under pressure\n|-heal|p1a: under pressure|100\/100\n|-singleturn|p1a: under pressure|move: Roost\n|\n|upkeep\n|turn|83\n|\n|t:|1665942673\n|move|p2a: Clefable|Wish|p2a: Clefable\n|move|p1a: under pressure|U-turn|p2a: Clefable\n|-resisted|p2a: Clefable\n|-damage|p2a: Clefable|94\/100\n|\n|t:|1665942676\n|switch|p1a: Slowking|Slowking-Galar, M|100\/100 par|[from]move: U-turn\n|-damage|p1a: Slowking|88\/100 par|[from] Stealth Rock\n|\n|upkeep\n|turn|84\n|\n|t:|1665942681\n|switch|p2a: Let's in the rain|Pelipper, F|74\/100 tox\n|-weather|RainDance|[from] ability: Drizzle|[of] p2a: Let's in the rain\n|cant|p1a: Slowking|par\n|\n|-weather|RainDance|[upkeep]\n|-heal|p2a: Let's in the rain|100\/100 tox|[from] move: Wish|[wisher] Clefable\n|-damage|p2a: Let's in the rain|94\/100 tox|[from] psn\n|upkeep\n|turn|85\n|\n|t:|1665942683\n|move|p2a: Let's in the rain|U-turn|p1a: Slowking\n|-damage|p1a: Slowking|78\/100 par\n|\n|t:|1665942686\n|switch|p2a: Clefable|Clefable, F, shiny|94\/100|[from]move: U-turn\n|cant|p1a: Slowking|par\n|\n|-weather|RainDance|[upkeep]\n|upkeep\n|turn|86\n|\n|t:|1665942689\n|move|p2a: Clefable|Wish|p2a: Clefable\n|move|p1a: Slowking|Sludge Bomb|p2a: Clefable\n|-supereffective|p2a: Clefable\n|-damage|p2a: Clefable|30\/100\n|\n|-weather|RainDance|[upkeep]\n|upkeep\n|turn|87\n|\n|t:|1665942693\n|switch|p1a: under pressure|Corviknight, F|100\/100\n|-damage|p1a: under pressure|88\/100|[from] Stealth Rock\n|-ability|p1a: under pressure|Pressure\n|move|p2a: Clefable|Protect||[still]\n|-fail|p2a: Clefable\n|\n|-weather|RainDance|[upkeep]\n|-heal|p2a: Clefable|80\/100|[from] move: Wish|[wisher] Clefable\n|upkeep\n|turn|88\n|\n|t:|1665942695\n|move|p2a: Clefable|Wish|p2a: Clefable\n|move|p1a: under pressure|Defog|p2a: Clefable\n|-unboost|p2a: Clefable|evasion|1\n|-sideend|p2: Suuicunee|Toxic Spikes|[from] move: Defog|[of] p1a: under pressure\n|-sideend|p1: knexhawk2|Stealth Rock|[from] move: Defog|[of] p1a: under pressure\n|\n|-weather|RainDance|[upkeep]\n|upkeep\n|turn|89\n|\n|t:|1665942699\n|switch|p2a: Seismitoad|Seismitoad, F|75\/100\n|move|p1a: under pressure|U-turn|p2a: Seismitoad\n|-damage|p2a: Seismitoad|57\/100\n|\n|t:|1665942701\n|switch|p1a: Blissey|Blissey, F|76\/100|[from]move: U-turn\n|\n|-weather|RainDance|[upkeep]\n|-heal|p2a: Seismitoad|100\/100|[from] move: Wish|[wisher] Clefable\n|upkeep\n|turn|90\n|\n|t:|1665942704\n|move|p2a: Seismitoad|Weather Ball|p1a: Blissey\n|-damage|p1a: Blissey|46\/100\n|-damage|p2a: Seismitoad|91\/100|[from] item: Life Orb\n|move|p1a: Blissey|Soft-Boiled|p1a: Blissey\n|-heal|p1a: Blissey|96\/100\n|\n|-weather|RainDance|[upkeep]\n|upkeep\n|turn|91\n|\n|t:|1665942709\n|switch|p2a: Clefable|Clefable, F, shiny|80\/100\n|move|p1a: Blissey|Stealth Rock|p2a: Clefable\n|-sidestart|p2: Suuicunee|move: Stealth Rock\n|\n|-weather|none\n|upkeep\n|turn|92\n|\n|t:|1665942710\n|move|p2a: Clefable|Wish|p2a: Clefable\n|move|p1a: Blissey|Toxic|p2a: Clefable\n|-status|p2a: Clefable|tox\n|\n|-damage|p2a: Clefable|74\/100 tox|[from] psn\n|upkeep\n|turn|93\n|inactive|Suuicunee has 10 seconds left.\n|\n|t:|1665942717\n|switch|p2a: Let's in the rain|Pelipper, F|94\/100 tox\n|-damage|p2a: Let's in the rain|70\/100 tox|[from] Stealth Rock\n|-weather|RainDance|[from] ability: Drizzle|[of] p2a: Let's in the rain\n|move|p1a: Blissey|Seismic Toss|p2a: Let's in the rain\n|-damage|p2a: Let's in the rain|39\/100 tox\n|\n|-weather|RainDance|[upkeep]\n|-heal|p2a: Let's in the rain|99\/100 tox|[from] move: Wish|[wisher] Clefable\n|-damage|p2a: Let's in the rain|93\/100 tox|[from] psn\n|upkeep\n|turn|94\n|\n|t:|1665942719\n|move|p2a: Let's in the rain|U-turn|p1a: Blissey\n|-damage|p1a: Blissey|89\/100\n|n| okaiokaiokai|outdokeiokeiokei\n|inactive|Suuicunee has 10 seconds left.\n|\n|t:|1665942727\n|switch|p2a: Barraskewda|Barraskewda, M|74\/100|[from]move: U-turn\n|-damage|p2a: Barraskewda|62\/100|[from] Stealth Rock\n|move|p1a: Blissey|Seismic Toss|p2a: Barraskewda\n|-damage|p2a: Barraskewda|24\/100\n|\n|-weather|RainDance|[upkeep]\n|upkeep\n|turn|95\n|\n|t:|1665942730\n|switch|p1a: Toxapex|Toxapex, F|100\/100\n|move|p2a: Barraskewda|Liquidation|p1a: Toxapex\n|-resisted|p1a: Toxapex\n|-damage|p1a: Toxapex|69\/100\n|-damage|p2a: Barraskewda|7\/100|[from] item: Rocky Helmet|[of] p1a: Toxapex\n|\n|-weather|RainDance|[upkeep]\n|upkeep\n|turn|96\n|\n|t:|1665942735\n|switch|p2a: Tornadus|Tornadus-Therian, M|100\/100\n|move|p1a: Toxapex|Toxic Spikes|p2a: Tornadus\n|-sidestart|p2: Suuicunee|move: Toxic Spikes\n|\n|-weather|RainDance|[upkeep]\n|upkeep\n|turn|97\n|\n|t:|1665942737\n|move|p2a: Tornadus|Defog|p1a: Toxapex\n|-unboost|p1a: Toxapex|evasion|1\n|-sideend|p2: Suuicunee|Toxic Spikes|[from] move: Defog|[of] p2a: Tornadus\n|-sideend|p2: Suuicunee|Stealth Rock|[from] move: Defog|[of] p2a: Tornadus\n|move|p1a: Toxapex|Knock Off|p2a: Tornadus\n|-damage|p2a: Tornadus|85\/100\n|-enditem|p2a: Tornadus|Heavy-Duty Boots|[from] move: Knock Off|[of] p1a: Toxapex\n|\n|-weather|RainDance|[upkeep]\n|upkeep\n|turn|98\n|\n|t:|1665942739\n|move|p2a: Tornadus|U-turn|p1a: Toxapex\n|-resisted|p1a: Toxapex\n|-damage|p1a: Toxapex|65\/100\n|-damage|p2a: Tornadus|69\/100|[from] item: Rocky Helmet|[of] p1a: Toxapex\n|\n|t:|1665942741\n|switch|p2a: Clefable|Clefable, F, shiny|74\/100 tox|[from]move: U-turn\n|move|p1a: Toxapex|Toxic Spikes|p2a: Clefable\n|-sidestart|p2: Suuicunee|move: Toxic Spikes\n|\n|-weather|RainDance|[upkeep]\n|-damage|p2a: Clefable|68\/100 tox|[from] psn\n|upkeep\n|turn|99\n|j| balenci baba\n|\n|t:|1665942744\n|move|p2a: Clefable|Wish|p2a: Clefable\n|move|p1a: Toxapex|Knock Off|p2a: Clefable\n|-resisted|p2a: Clefable\n|-damage|p2a: Clefable|62\/100 tox\n|-enditem|p2a: Clefable|Heavy-Duty Boots|[from] move: Knock Off|[of] p1a: Toxapex\n|\n|-weather|RainDance|[upkeep]\n|-damage|p2a: Clefable|49\/100 tox|[from] psn\n|upkeep\n|turn|100\n|\n|t:|1665942748\n|switch|p1a: Blissey|Blissey, F|89\/100\n|move|p2a: Clefable|Protect||[still]\n|-fail|p2a: Clefable\n|\n|-weather|none\n|-heal|p2a: Clefable|99\/100 tox|[from] move: Wish|[wisher] Clefable\n|-damage|p2a: Clefable|81\/100 tox|[from] psn\n|upkeep\n|turn|101\n|\n|t:|1665942750\n|move|p2a: Clefable|Wish|p2a: Clefable\n|move|p1a: Blissey|Stealth Rock|p2a: Clefable\n|-sidestart|p2: Suuicunee|move: Stealth Rock\n|\n|-damage|p2a: Clefable|57\/100 tox|[from] psn\n|upkeep\n|turn|102\n|c|\u2606knexhawk2|hardest part about this tour\n|c|\u2606knexhawk2|finding the right pokemon\n|inactive|knexhawk2 has 10 seconds left.\n|c|\u2606knexhawk2|fast enough\n|\n|t:|1665942757\n|move|p2a: Clefable|Toxic|p1a: Blissey\n|-status|p1a: Blissey|tox\n|move|p1a: Blissey|Seismic Toss|p2a: Clefable\n|-damage|p2a: Clefable|31\/100 tox\n|\n|-heal|p2a: Clefable|81\/100 tox|[from] move: Wish|[wisher] Clefable\n|-damage|p2a: Clefable|51\/100 tox|[from] psn\n|-damage|p1a: Blissey|83\/100 tox|[from] psn\n|upkeep\n|turn|103\n|\n|t:|1665942760\n|move|p2a: Clefable|Wish|p2a: Clefable\n|move|p1a: Blissey|Seismic Toss|p2a: Clefable\n|-damage|p2a: Clefable|26\/100 tox\n|\n|-damage|p2a: Clefable|0 fnt|[from] psn\n|faint|p2a: Clefable\n|-damage|p1a: Blissey|70\/100 tox|[from] psn\n|upkeep\n|inactive|Suuicunee has 10 seconds left.\n|\n|t:|1665942766\n|switch|p2a: Weavile|Weavile, F|100\/100\n|-status|p2a: Weavile|psn\n|-damage|p2a: Weavile|76\/100 psn|[from] Stealth Rock\n|-ability|p2a: Weavile|Pressure\n|turn|104\n|\n|t:|1665942769\n|-curestatus|p1a: Blissey|tox|[from] ability: Natural Cure\n|switch|p1a: beat up fun|Mudsdale, F|89\/100\n|move|p2a: Weavile|Triple Axel|p1a: beat up fun\n|-supereffective|p1a: beat up fun\n|-damage|p1a: beat up fun|76\/100\n|-ability|p1a: beat up fun|Stamina|boost\n|-boost|p1a: beat up fun|def|1\n|-supereffective|p1a: beat up fun\n|-damage|p1a: beat up fun|57\/100\n|-ability|p1a: beat up fun|Stamina|boost\n|-boost|p1a: beat up fun|def|1\n|-supereffective|p1a: beat up fun\n|-damage|p1a: beat up fun|38\/100\n|-ability|p1a: beat up fun|Stamina|boost\n|-boost|p1a: beat up fun|def|1\n|-hitcount|p1a: beat up fun|3\n|\n|-heal|p2a: Weavile|100\/100 psn|[from] move: Wish|[wisher] Clefable\n|-heal|p1a: beat up fun|44\/100|[from] item: Leftovers\n|-damage|p2a: Weavile|88\/100 psn|[from] psn\n|upkeep\n|turn|105\n|c| okaiokaiokai|i would not have had that problem cuz i brought ho\n|inactive|Suuicunee has 10 seconds left.\n|\n|t:|1665942775\n|switch|p2a: Let's in the rain|Pelipper, F|93\/100 tox\n|-damage|p2a: Let's in the rain|69\/100 tox|[from] Stealth Rock\n|-weather|RainDance|[from] ability: Drizzle|[of] p2a: Let's in the rain\n|move|p1a: beat up fun|Rest|p1a: beat up fun\n|-status|p1a: beat up fun|slp|[from] move: Rest\n|-heal|p1a: beat up fun|100\/100 slp|[silent]\n|\n|-weather|RainDance|[upkeep]\n|-damage|p2a: Let's in the rain|62\/100 tox|[from] psn\n|upkeep\n|turn|106\n|\n|t:|1665942780\n|switch|p1a: Blissey|Blissey, F|70\/100\n|move|p2a: Let's in the rain|U-turn|p1a: Blissey\n|-damage|p1a: Blissey|62\/100\n|c|\u2606knexhawk2|oh so u lost\n|\n|t:|1665942783\n|switch|p2a: Rillaboom|Rillaboom, F|94\/100 tox|[from]move: U-turn\n|-damage|p2a: Rillaboom|82\/100 tox|[from] Stealth Rock\n|-fieldstart|move: Grassy Terrain|[from] ability: Grassy Surge|[of] p2a: Rillaboom\n|\n|-weather|RainDance|[upkeep]\n|-heal|p2a: Rillaboom|88\/100 tox|[from] Grassy Terrain\n|-heal|p2a: Rillaboom|94\/100 tox|[from] item: Leftovers\n|-heal|p1a: Blissey|68\/100|[from] Grassy Terrain\n|-damage|p2a: Rillaboom|88\/100 tox|[from] psn\n|upkeep\n|turn|107\n|c|\u2606knexhawk2|cuz ho is ass\n|c| okaiokaiokai|no i timed out\n|inactive|knexhawk2 has 10 seconds left.\n|\n|t:|1665942789\n|switch|p1a: fck beat up|Klefki, M|100\/100\n|move|p2a: Rillaboom|Swords Dance|p2a: Rillaboom\n|-boost|p2a: Rillaboom|atk|2\n|\n|-weather|RainDance|[upkeep]\n|-heal|p2a: Rillaboom|94\/100 tox|[from] Grassy Terrain\n|-heal|p2a: Rillaboom|100\/100 tox|[from] item: Leftovers\n|-damage|p2a: Rillaboom|88\/100 tox|[from] psn\n|upkeep\n|turn|108\n|\n|t:|1665942792\n|move|p1a: fck beat up|Reflect|p1a: fck beat up\n|-sidestart|p1: knexhawk2|Reflect\n|move|p2a: Rillaboom|Swords Dance|p2a: Rillaboom\n|-boost|p2a: Rillaboom|atk|2\n|\n|-weather|RainDance|[upkeep]\n|-heal|p2a: Rillaboom|94\/100 tox|[from] Grassy Terrain\n|-heal|p2a: Rillaboom|100\/100 tox|[from] item: Leftovers\n|-damage|p2a: Rillaboom|82\/100 tox|[from] psn\n|upkeep\n|turn|109\n|\n|t:|1665942795\n|switch|p1a: Skarmory|Skarmory, F|99\/100\n|move|p2a: Rillaboom|Swords Dance|p2a: Rillaboom\n|-boost|p2a: Rillaboom|atk|2\n|\n|-weather|RainDance|[upkeep]\n|-heal|p2a: Rillaboom|88\/100 tox|[from] Grassy Terrain\n|-heal|p2a: Rillaboom|94\/100 tox|[from] item: Leftovers\n|-heal|p1a: Skarmory|100\/100|[from] item: Leftovers\n|-damage|p2a: Rillaboom|69\/100 tox|[from] psn\n|upkeep\n|turn|110\n|c|\u2606knexhawk2|oh\n|c|\u2606knexhawk2|lol\n|\n|t:|1665942798\n|move|p2a: Rillaboom|Drain Punch|p1a: Skarmory\n|-damage|p1a: Skarmory|68\/100\n|-heal|p2a: Rillaboom|83\/100 tox|[from] drain|[of] p1a: Skarmory\n|move|p1a: Skarmory|Spikes|p2a: Rillaboom\n|-sidestart|p2: Suuicunee|Spikes\n|\n|-weather|RainDance|[upkeep]\n|-heal|p2a: Rillaboom|89\/100 tox|[from] Grassy Terrain\n|-heal|p2a: Rillaboom|95\/100 tox|[from] item: Leftovers\n|-heal|p1a: Skarmory|74\/100|[from] item: Leftovers\n|-damage|p2a: Rillaboom|64\/100 tox|[from] psn\n|-fieldend|move: Grassy Terrain\n|upkeep\n|turn|111\n|\n|t:|1665942799\n|move|p2a: Rillaboom|Drain Punch|p1a: Skarmory\n|-damage|p1a: Skarmory|40\/100\n|-heal|p2a: Rillaboom|78\/100 tox|[from] drain|[of] p1a: Skarmory\n|move|p1a: Skarmory|Whirlwind|p2a: Rillaboom\n|drag|p2a: beater upper|Grimmsnarl, M|100\/100\n|-status|p2a: beater upper|psn\n|-damage|p2a: beater upper|88\/100 psn|[from] Stealth Rock\n|-damage|p2a: beater upper|76\/100 psn|[from] Spikes\n|-item|p1a: Skarmory|Leftovers|[from] ability: Frisk|[of] p2a: beater upper|[identify]\n|\n|-weather|RainDance|[upkeep]\n|-heal|p1a: Skarmory|46\/100|[from] item: Leftovers\n|-damage|p2a: beater upper|63\/100 psn|[from] psn\n|upkeep\n|turn|112\n|c| okaiokaiokai|lmao\n|\n|t:|1665942802\n|move|p2a: beater upper|Superpower|p1a: Skarmory\n|-damage|p1a: Skarmory|26\/100\n|-unboost|p2a: beater upper|atk|1\n|-unboost|p2a: beater upper|def|1\n|move|p1a: Skarmory|Roost|p1a: Skarmory\n|-heal|p1a: Skarmory|76\/100\n|-singleturn|p1a: Skarmory|move: Roost\n|\n|-weather|none\n|-heal|p1a: Skarmory|82\/100|[from] item: Leftovers\n|-damage|p2a: beater upper|51\/100 psn|[from] psn\n|-sideend|p1: knexhawk2|Reflect\n|upkeep\n|turn|113\n|c| laughokenisis|he has every counter in existence okaiokaiokai\n|inactive|knexhawk2 has 10 seconds left.\n|\n|t:|1665942808\n|switch|p2a: Slowbro|Slowbro, F|100\/100\n|-status|p2a: Slowbro|psn\n|-damage|p2a: Slowbro|88\/100 psn|[from] Stealth Rock\n|-damage|p2a: Slowbro|76\/100 psn|[from] Spikes\n|switch|p1a: beat up monkey 2|Pangoro, F|100\/100\n|\n|-damage|p2a: Slowbro|63\/100 psn|[from] psn\n|upkeep\n|turn|114\n|c| laughokenisis|wdym ho would win\n|\n|t:|1665942811\n|move|p1a: beat up monkey 2|Beat Up|p2a: Slowbro\n|-supereffective|p2a: Slowbro\n|-damage|p2a: Slowbro|55\/100 psn\n|-supereffective|p2a: Slowbro\n|-damage|p2a: Slowbro|49\/100 psn\n|-supereffective|p2a: Slowbro\n|-damage|p2a: Slowbro|43\/100 psn\n|-supereffective|p2a: Slowbro\n|-damage|p2a: Slowbro|36\/100 psn\n|-supereffective|p2a: Slowbro\n|-damage|p2a: Slowbro|29\/100 psn\n|-supereffective|p2a: Slowbro\n|-damage|p2a: Slowbro|22\/100 psn\n|-supereffective|p2a: Slowbro\n|-damage|p2a: Slowbro|17\/100 psn\n|-supereffective|p2a: Slowbro\n|-damage|p2a: Slowbro|9\/100 psn\n|-supereffective|p2a: Slowbro\n|-damage|p2a: Slowbro|1\/100 psn\n|-supereffective|p2a: Slowbro\n|-damage|p2a: Slowbro|0 fnt\n|faint|p2a: Slowbro\n|-hitcount|p2: Slowbro|10\n|\n|upkeep\n|inactive|Suuicunee has 10 seconds left.\n|c|\u2606Suuicunee|pretty much gg\n|inactive|Suuicunee has 5 seconds left.\n|\n|t:|1665942821\n|switch|p2a: Victini|Victini|100\/100\n|turn|115\n|inactive|Suuicunee has 10 seconds left this turn.\n|c|\u2606knexhawk2|i have so many beat up answers\n|c|\u2606knexhawk2|prob\n|\n|t:|1665942825\n|switch|p1a: Toxapex|Toxapex, F|99\/100\n|move|p2a: Victini|U-turn|p1a: Toxapex\n|-resisted|p1a: Toxapex\n|-damage|p1a: Toxapex|93\/100\n|-damage|p2a: Victini|84\/100|[from] item: Rocky Helmet|[of] p1a: Toxapex\n|inactive|Suuicunee has 10 seconds left.\n|\n|t:|1665942831\n|switch|p2a: Let's in the rain|Pelipper, F|62\/100 tox|[from]move: U-turn\n|-damage|p2a: Let's in the rain|38\/100 tox|[from] Stealth Rock\n|-weather|RainDance|[from] ability: Drizzle|[of] p2a: Let's in the rain\n|\n|-weather|RainDance|[upkeep]\n|-damage|p2a: Let's in the rain|31\/100 tox|[from] psn\n|upkeep\n|turn|116\n|\n|t:|1665942833\n|move|p2a: Let's in the rain|Roost|p2a: Let's in the rain\n|-heal|p2a: Let's in the rain|82\/100 tox\n|-singleturn|p2a: Let's in the rain|move: Roost\n|move|p1a: Toxapex|Knock Off|p2a: Let's in the rain\n|-damage|p2a: Let's in the rain|66\/100 tox\n|-enditem|p2a: Let's in the rain|Damp Rock|[from] move: Knock Off|[of] p1a: Toxapex\n|\n|-weather|RainDance|[upkeep]\n|-damage|p2a: Let's in the rain|54\/100 tox|[from] psn\n|upkeep\n|turn|117\n|c| okaiokaiokai|i didnt even invest much in beat up\n|inactive|knexhawk2 has 10 seconds left.\n|\n|t:|1665942840\n|switch|p1a: Eldegoss|Eldegoss, F|100\/100\n|move|p2a: Let's in the rain|Roost|p2a: Let's in the rain\n|-heal|p2a: Let's in the rain|100\/100 tox\n|-singleturn|p2a: Let's in the rain|move: Roost\n|\n|-weather|RainDance|[upkeep]\n|-damage|p2a: Let's in the rain|82\/100 tox|[from] psn\n|upkeep\n|turn|118\n|\n|t:|1665942842\n|move|p1a: Eldegoss|Aromatherapy|p1a: Eldegoss\n|-activate|p1a: Eldegoss|move: Aromatherapy\n|-curestatus|p1: Slowking|par|[msg]\n|-curestatus|p1: beat up fun|slp|[msg]\n|-curestatus|p1: the god|tox|[msg]\n|move|p2a: Let's in the rain|Hurricane|p1a: Eldegoss\n|-supereffective|p1a: Eldegoss\n|-damage|p1a: Eldegoss|55\/100\n|-start|p1a: Eldegoss|confusion\n|\n|-weather|RainDance|[upkeep]\n|-damage|p2a: Let's in the rain|57\/100 tox|[from] psn\n|upkeep\n|turn|119\n|c| okaiokaiokai|i had weav and scrafty thats it\n|\n|t:|1665942845\n|-activate|p1a: Eldegoss|confusion\n|-damage|p1a: Eldegoss|50\/100|[from] confusion\n|move|p2a: Let's in the rain|Hurricane|p1a: Eldegoss\n|-supereffective|p1a: Eldegoss\n|-damage|p1a: Eldegoss|5\/100\n|\n|-weather|RainDance|[upkeep]\n|-damage|p2a: Let's in the rain|26\/100 tox|[from] psn\n|upkeep\n|turn|120\n|\n|t:|1665942847\n|switch|p1a: Blissey|Blissey, F|68\/100\n|move|p2a: Let's in the rain|U-turn|p1a: Blissey\n|-damage|p1a: Blissey|60\/100\n|j| LEFfEN HaTER 69\n|inactive|Suuicunee has 10 seconds left.\n|\n|t:|1665942853\n|switch|p2a: Melmetal|Melmetal|100\/100|[from]move: U-turn\n|-damage|p2a: Melmetal|94\/100|[from] Stealth Rock\n|-damage|p2a: Melmetal|82\/100|[from] Spikes\n|\n|-weather|RainDance|[upkeep]\n|-heal|p2a: Melmetal|88\/100|[from] item: Leftovers\n|upkeep\n|turn|121\n|\n|t:|1665942856\n|switch|p1a: under pressure|Corviknight, F|88\/100\n|-ability|p1a: under pressure|Pressure\n|move|p2a: Melmetal|Double Iron Bash|p1a: under pressure\n|-resisted|p1a: under pressure\n|-damage|p1a: under pressure|74\/100\n|-resisted|p1a: under pressure\n|-crit|p1a: under pressure\n|-damage|p1a: under pressure|54\/100\n|-hitcount|p1a: under pressure|2\n|\n|-weather|RainDance|[upkeep]\n|-heal|p2a: Melmetal|94\/100|[from] item: Leftovers\n|upkeep\n|turn|122\n|\n|t:|1665942859\n|move|p1a: under pressure|Roost|p1a: under pressure\n|-heal|p1a: under pressure|100\/100\n|-singleturn|p1a: under pressure|move: Roost\n|move|p2a: Melmetal|Thunder Punch|p1a: under pressure\n|-damage|p1a: under pressure|77\/100\n|\n|-weather|none\n|-heal|p2a: Melmetal|100\/100|[from] item: Leftovers\n|upkeep\n|turn|123\n|\n|t:|1665942863\n|switch|p1a: Toxapex|Toxapex, F|100\/100\n|move|p2a: Melmetal|Thunder Punch|p1a: Toxapex\n|-supereffective|p1a: Toxapex\n|-damage|p1a: Toxapex|56\/100\n|-damage|p2a: Melmetal|84\/100|[from] item: Rocky Helmet|[of] p1a: Toxapex\n|\n|-heal|p2a: Melmetal|90\/100|[from] item: Leftovers\n|upkeep\n|turn|124\n|\n|t:|1665942865\n|switch|p1a: Skarmory|Skarmory, F|82\/100\n|move|p2a: Melmetal|Thunder Punch|p1a: Skarmory\n|-supereffective|p1a: Skarmory\n|-damage|p1a: Skarmory|41\/100\n|\n|-heal|p1a: Skarmory|47\/100|[from] item: Leftovers\n|-heal|p2a: Melmetal|96\/100|[from] item: Leftovers\n|upkeep\n|turn|125\n|\n|t:|1665942869\n|move|p1a: Skarmory|Roost|p1a: Skarmory\n|-heal|p1a: Skarmory|97\/100\n|-singleturn|p1a: Skarmory|move: Roost\n|move|p2a: Melmetal|Superpower|p1a: Skarmory\n|-supereffective|p1a: Skarmory\n|-damage|p1a: Skarmory|35\/100\n|-unboost|p2a: Melmetal|atk|1\n|-unboost|p2a: Melmetal|def|1\n|\n|-heal|p1a: Skarmory|41\/100|[from] item: Leftovers\n|-heal|p2a: Melmetal|100\/100|[from] item: Leftovers\n|upkeep\n|turn|126\n|\n|t:|1665942872\n|move|p1a: Skarmory|Roost|p1a: Skarmory\n|-heal|p1a: Skarmory|91\/100\n|-singleturn|p1a: Skarmory|move: Roost\n|move|p2a: Melmetal|Thunder Punch|p1a: Skarmory\n|-damage|p1a: Skarmory|77\/100\n|\n|-heal|p1a: Skarmory|83\/100|[from] item: Leftovers\n|upkeep\n|turn|127\n|\n|t:|1665942875\n|move|p1a: Skarmory|Spikes|p2a: Melmetal\n|-sidestart|p2: Suuicunee|Spikes\n|move|p2a: Melmetal|Superpower|p1a: Skarmory\n|-damage|p1a: Skarmory|64\/100\n|-unboost|p2a: Melmetal|atk|1\n|-unboost|p2a: Melmetal|def|1\n|\n|-heal|p1a: Skarmory|70\/100|[from] item: Leftovers\n|upkeep\n|turn|128\n|l| LEFfEN HaTER 69\n|\n|t:|1665942877\n|move|p1a: Skarmory|Spikes|p2a: Melmetal\n|-sidestart|p2: Suuicunee|Spikes\n|move|p2a: Melmetal|Thunder Punch|p1a: Skarmory\n|-supereffective|p1a: Skarmory\n|-damage|p1a: Skarmory|50\/100\n|\n|-heal|p1a: Skarmory|56\/100|[from] item: Leftovers\n|upkeep\n|turn|129\n|inactive|Suuicunee has 10 seconds left.\n|\n|t:|1665942883\n|switch|p2a: Nidoking|Nidoking, M|100\/100\n|-sideend|p2: Suuicunee|move: Toxic Spikes|[of] p2a: Nidoking\n|-damage|p2a: Nidoking|95\/100|[from] Stealth Rock\n|-damage|p2a: Nidoking|70\/100|[from] Spikes\n|move|p1a: Skarmory|Roost|p1a: Skarmory\n|-heal|p1a: Skarmory|100\/100\n|-singleturn|p1a: Skarmory|move: Roost\n|\n|upkeep\n|turn|130\n|inactive|knexhawk2 has 10 seconds left.\n|\n|t:|1665942889\n|switch|p1a: beat up !!!!|Ninetales-Alola, M|100\/100\n|-weather|Hail|[from] ability: Snow Warning|[of] p1a: beat up !!!!\n|move|p2a: Nidoking|Beat Up|p1a: beat up !!!!\n|-resisted|p1a: beat up !!!!\n|-damage|p1a: beat up !!!!|98\/100\n|-resisted|p1a: beat up !!!!\n|-damage|p1a: beat up !!!!|96\/100\n|-resisted|p1a: beat up !!!!\n|-damage|p1a: beat up !!!!|94\/100\n|-resisted|p1a: beat up !!!!\n|-damage|p1a: beat up !!!!|91\/100\n|-resisted|p1a: beat up !!!!\n|-damage|p1a: beat up !!!!|89\/100\n|-resisted|p1a: beat up !!!!\n|-damage|p1a: beat up !!!!|86\/100\n|-resisted|p1a: beat up !!!!\n|-damage|p1a: beat up !!!!|83\/100\n|-resisted|p1a: beat up !!!!\n|-damage|p1a: beat up !!!!|81\/100\n|-resisted|p1a: beat up !!!!\n|-damage|p1a: beat up !!!!|78\/100\n|-resisted|p1a: beat up !!!!\n|-crit|p1a: beat up !!!!\n|-damage|p1a: beat up !!!!|74\/100\n|-resisted|p1a: beat up !!!!\n|-damage|p1a: beat up !!!!|72\/100\n|-hitcount|p1a: beat up !!!!|11\n|-damage|p2a: Nidoking|60\/100|[from] item: Life Orb\n|\n|-weather|Hail|[upkeep]\n|-damage|p2a: Nidoking|54\/100|[from] Hail\n|upkeep\n|turn|131\n|l| balenci baba\n|inactive|knexhawk2 has 10 seconds left.\n|inactive|Suuicunee has 10 seconds left.\n|\n|t:|1665942896\n|switch|p2a: Barraskewda|Barraskewda, M|7\/100\n|-damage|p2a: Barraskewda|0 fnt|[from] Stealth Rock\n|faint|p2a: Barraskewda\n|switch|p1a: Tornadus|Tornadus-Therian, M|100\/100\n|\n|-weather|Hail|[upkeep]\n|-damage|p1a: Tornadus|94\/100|[from] Hail\n|upkeep\n|inactive|Suuicunee has 10 seconds left.\n|\n|t:|1665942901\n|switch|p2a: Zapdos|Zapdos|100\/100\n|turn|132\n|\n|t:|1665942903\n|move|p1a: Tornadus|Knock Off|p2a: Zapdos\n|-damage|p2a: Zapdos|78\/100\n|-enditem|p2a: Zapdos|Heavy-Duty Boots|[from] move: Knock Off|[of] p1a: Tornadus\n|move|p2a: Zapdos|Thunder|p1a: Tornadus|[miss]\n|-miss|p2a: Zapdos|p1a: Tornadus\n|\n|-weather|Hail|[upkeep]\n|-damage|p1a: Tornadus|88\/100|[from] Hail\n|-damage|p2a: Zapdos|72\/100|[from] Hail\n|upkeep\n|turn|133\n|c|\u2606knexhawk2|oops\n|inactive|knexhawk2 has 10 seconds left.\n|\n|t:|1665942908\n|switch|p1a: Slowking|Slowking-Galar, M|100\/100\n|move|p2a: Zapdos|Weather Ball|p1a: Slowking\n|-damage|p1a: Slowking|88\/100\n|\n|-weather|Hail|[upkeep]\n|-damage|p2a: Zapdos|65\/100|[from] Hail\n|-damage|p1a: Slowking|82\/100|[from] Hail\n|upkeep\n|turn|134\n|inactive|Suuicunee has 10 seconds left.\n|\n|t:|1665942916\n|switch|p2a: Let's in the rain|Pelipper, F|26\/100 tox\n|-damage|p2a: Let's in the rain|1\/100 tox|[from] Stealth Rock\n|-weather|RainDance|[from] ability: Drizzle|[of] p2a: Let's in the rain\n|move|p1a: Slowking|Future Sight|p2a: Let's in the rain\n|-start|p1a: Slowking|move: Future Sight\n|\n|-weather|RainDance|[upkeep]\n|-damage|p2a: Let's in the rain|0 fnt|[from] psn\n|faint|p2a: Let's in the rain\n|upkeep\n|\n|t:|1665942921\n|switch|p2a: Weavile|Weavile, F|88\/100 psn\n|-damage|p2a: Weavile|63\/100 psn|[from] Stealth Rock\n|-damage|p2a: Weavile|38\/100 psn|[from] Spikes\n|-ability|p2a: Weavile|Pressure\n|turn|135\n|\n|t:|1665942923\n|switch|p1a: i hate you weavile|Scrafty, M|87\/100\n|-ability|p1a: i hate you weavile|Intimidate|boost\n|-unboost|p2a: Weavile|atk|1\n|move|p2a: Weavile|Beat Up|p1a: i hate you weavile\n|-resisted|p1a: i hate you weavile\n|-damage|p1a: i hate you weavile|86\/100\n|-resisted|p1a: i hate you weavile\n|-damage|p1a: i hate you weavile|86\/100\n|-resisted|p1a: i hate you weavile\n|-damage|p1a: i hate you weavile|85\/100\n|-resisted|p1a: i hate you weavile\n|-damage|p1a: i hate you weavile|84\/100\n|-resisted|p1a: i hate you weavile\n|-damage|p1a: i hate you weavile|83\/100\n|-resisted|p1a: i hate you weavile\n|-damage|p1a: i hate you weavile|82\/100\n|-resisted|p1a: i hate you weavile\n|-damage|p1a: i hate you weavile|81\/100\n|-resisted|p1a: i hate you weavile\n|-crit|p1a: i hate you weavile\n|-damage|p1a: i hate you weavile|79\/100\n|-resisted|p1a: i hate you weavile\n|-damage|p1a: i hate you weavile|78\/100\n|-resisted|p1a: i hate you weavile\n|-damage|p1a: i hate you weavile|77\/100\n|-resisted|p1a: i hate you weavile\n|-damage|p1a: i hate you weavile|77\/100\n|-hitcount|p1a: i hate you weavile|11\n|\n|-weather|RainDance|[upkeep]\n|-heal|p1a: i hate you weavile|83\/100|[from] item: Leftovers\n|-damage|p2a: Weavile|26\/100 psn|[from] psn\n|upkeep\n|turn|136\n|c| laughokenisis|how has knex only lost 1 mon\n|inactive|Suuicunee has 10 seconds left.\n|c|\u2606knexhawk2|im like that\n|c|\u2606Suuicunee|im bad\n|c|\u2606knexhawk2|it was like\n|c|\u2606knexhawk2|turn 4 too\n|inactive|Suuicunee has 5 seconds left.\n|\n|t:|1665942934\n|switch|p2a: Nidoking|Nidoking, M|54\/100\n|-damage|p2a: Nidoking|48\/100|[from] Stealth Rock\n|-damage|p2a: Nidoking|23\/100|[from] Spikes\n|move|p1a: i hate you weavile|Drain Punch|p2a: Nidoking\n|-resisted|p2a: Nidoking\n|-damage|p2a: Nidoking|7\/100\n|-heal|p1a: i hate you weavile|90\/100|[from] drain|[of] p2a: Nidoking\n|\n|-weather|RainDance|[upkeep]\n|-end|p2a: Nidoking|move: Future Sight\n|-supereffective|p2a: Nidoking\n|-damage|p2a: Nidoking|0 fnt\n|faint|p2a: Nidoking\n|-heal|p1a: i hate you weavile|96\/100|[from] item: Leftovers\n|upkeep\n|inactive|Suuicunee has 10 seconds left this turn.\n|inactive|Suuicunee has 5 seconds left.\n|\n|t:|1665942943\n|switch|p2a: Tornadus|Tornadus-Therian, M|100\/100\n|-damage|p2a: Tornadus|76\/100|[from] Stealth Rock\n|turn|137\n|inactive|Suuicunee has 10 seconds left this turn.\n|c|\u2606knexhawk2|crawdaunt traded itself\n|c|\u2606knexhawk2|which is fine for me\n|\n|t:|1665942946\n|switch|p1a: i resist beat up|Diancie|100\/100\n|move|p2a: Tornadus|U-turn|p1a: i resist beat up\n|-resisted|p1a: i resist beat up\n|-damage|p1a: i resist beat up|96\/100\n|\n|t:|1665942949\n|switch|p2a: Urshifu|Urshifu-Rapid-Strike, F|84\/100|[from]move: U-turn\n|-damage|p2a: Urshifu|78\/100|[from] Stealth Rock\n|-damage|p2a: Urshifu|53\/100|[from] Spikes\n|\n|-weather|RainDance|[upkeep]\n|-heal|p1a: i resist beat up|100\/100|[from] item: Leftovers\n|upkeep\n|turn|138\n|\n|t:|1665942952\n|switch|p1a: Toxapex|Toxapex, F|90\/100\n|move|p2a: Urshifu|Surging Strikes|p1a: Toxapex\n|-resisted|p1a: Toxapex\n|-crit|p1a: Toxapex\n|-damage|p1a: Toxapex|77\/100\n|-damage|p2a: Urshifu|37\/100|[from] item: Rocky Helmet|[of] p1a: Toxapex\n|-resisted|p1a: Toxapex\n|-crit|p1a: Toxapex\n|-damage|p1a: Toxapex|63\/100\n|-damage|p2a: Urshifu|20\/100|[from] item: Rocky Helmet|[of] p1a: Toxapex\n|-resisted|p1a: Toxapex\n|-crit|p1a: Toxapex\n|-damage|p1a: Toxapex|49\/100\n|-damage|p2a: Urshifu|4\/100|[from] item: Rocky Helmet|[of] p1a: Toxapex\n|-hitcount|p1a: Toxapex|3\n|\n|-weather|none\n|upkeep\n|turn|139\n|\n|t:|1665942954\n|move|p2a: Urshifu|Surging Strikes|p1a: Toxapex\n|-resisted|p1a: Toxapex\n|-crit|p1a: Toxapex\n|-damage|p1a: Toxapex|40\/100\n|-damage|p2a: Urshifu|0 fnt|[from] item: Rocky Helmet|[of] p1a: Toxapex\n|faint|p2a: Urshifu\n|-hitcount|p1a: Toxapex|1\n|move|p1a: Toxapex|Recover|p1a: Toxapex\n|-heal|p1a: Toxapex|91\/100\n|\n|upkeep\n|inactive|Suuicunee has 10 seconds left.\n|\n|t:|1665942960\n|switch|p2a: Seismitoad|Seismitoad, F|91\/100\n|-damage|p2a: Seismitoad|85\/100|[from] Stealth Rock\n|-damage|p2a: Seismitoad|60\/100|[from] Spikes\n|turn|140\n|\n|t:|1665942962\n|switch|p1a: Blissey|Blissey, F|60\/100\n|move|p2a: Seismitoad|Earth Power|p1a: Blissey\n|-damage|p1a: Blissey|42\/100\n|-damage|p2a: Seismitoad|50\/100|[from] item: Life Orb\n|\n|upkeep\n|turn|141\n|\n|t:|1665942965\n|move|p2a: Seismitoad|Focus Blast|p1a: Blissey\n|-supereffective|p1a: Blissey\n|-damage|p1a: Blissey|7\/100\n|-damage|p2a: Seismitoad|40\/100|[from] item: Life Orb\n|move|p1a: Blissey|Soft-Boiled|p1a: Blissey\n|-heal|p1a: Blissey|57\/100\n|\n|upkeep\n|turn|142\n|inactive|Suuicunee has 10 seconds left.\n|\n|t:|1665942970\n|switch|p2a: Melmetal|Melmetal|100\/100\n|-damage|p2a: Melmetal|94\/100|[from] Stealth Rock\n|-damage|p2a: Melmetal|69\/100|[from] Spikes\n|move|p1a: Blissey|Soft-Boiled|p1a: Blissey\n|-heal|p1a: Blissey|100\/100\n|\n|-heal|p2a: Melmetal|75\/100|[from] item: Leftovers\n|upkeep\n|turn|143\n|\n|t:|1665942974\n|switch|p1a: Skarmory|Skarmory, F|100\/100\n|move|p2a: Melmetal|Double Iron Bash|p1a: Skarmory\n|-resisted|p1a: Skarmory\n|-damage|p1a: Skarmory|87\/100\n|-resisted|p1a: Skarmory\n|-damage|p1a: Skarmory|74\/100\n|-hitcount|p1a: Skarmory|2\n|\n|-heal|p1a: Skarmory|80\/100|[from] item: Leftovers\n|-heal|p2a: Melmetal|82\/100|[from] item: Leftovers\n|upkeep\n|turn|144\n|\n|t:|1665942975\n|move|p1a: Skarmory|Spikes||[still]\n|-fail|p1a: Skarmory\n|move|p2a: Melmetal|Thunder Punch|p1a: Skarmory\n|-supereffective|p1a: Skarmory\n|-damage|p1a: Skarmory|38\/100\n|\n|-heal|p1a: Skarmory|44\/100|[from] item: Leftovers\n|-heal|p2a: Melmetal|88\/100|[from] item: Leftovers\n|upkeep\n|turn|145\n|\n|t:|1665942977\n|move|p1a: Skarmory|Roost|p1a: Skarmory\n|-heal|p1a: Skarmory|94\/100\n|-singleturn|p1a: Skarmory|move: Roost\n|move|p2a: Melmetal|Thunder Punch|p1a: Skarmory\n|-damage|p1a: Skarmory|72\/100\n|\n|-heal|p1a: Skarmory|78\/100|[from] item: Leftovers\n|-heal|p2a: Melmetal|94\/100|[from] item: Leftovers\n|upkeep\n|turn|146\n|\n|t:|1665942979\n|move|p1a: Skarmory|Body Press|p2a: Melmetal\n|-supereffective|p2a: Melmetal\n|-damage|p2a: Melmetal|55\/100\n|move|p2a: Melmetal|Thunder Punch|p1a: Skarmory\n|-supereffective|p1a: Skarmory\n|-damage|p1a: Skarmory|39\/100\n|-status|p1a: Skarmory|par\n|\n|-heal|p2a: Melmetal|62\/100|[from] item: Leftovers\n|-heal|p1a: Skarmory|45\/100 par|[from] item: Leftovers\n|upkeep\n|turn|147\n|\n|t:|1665942984\n|switch|p1a: i like knock off|Gastrodon-East, F|100\/100\n|move|p2a: Melmetal|Thunder Punch|p1a: i like knock off\n|-immune|p1a: i like knock off\n|\n|-heal|p2a: Melmetal|68\/100|[from] item: Leftovers\n|upkeep\n|turn|148\n|\n|t:|1665942986\n|move|p2a: Melmetal|Double Iron Bash|p1a: i like knock off\n|-resisted|p1a: i like knock off\n|-damage|p1a: i like knock off|83\/100\n|-resisted|p1a: i like knock off\n|-damage|p1a: i like knock off|65\/100\n|-hitcount|p1a: i like knock off|2\n|move|p1a: i like knock off|Earthquake|p2a: Melmetal\n|-supereffective|p2a: Melmetal\n|-damage|p2a: Melmetal|35\/100\n|\n|-heal|p2a: Melmetal|41\/100|[from] item: Leftovers\n|-heal|p1a: i like knock off|71\/100|[from] item: Leftovers\n|upkeep\n|turn|149\n|c| okaiokaiokai|i had uhh\n|\n|t:|1665942989\n|move|p2a: Melmetal|Double Iron Bash|p1a: i like knock off\n|-resisted|p1a: i like knock off\n|-damage|p1a: i like knock off|56\/100\n|-resisted|p1a: i like knock off\n|-damage|p1a: i like knock off|38\/100\n|-hitcount|p1a: i like knock off|2\n|move|p1a: i like knock off|Earthquake|p2a: Melmetal\n|-supereffective|p2a: Melmetal\n|-damage|p2a: Melmetal|8\/100\n|\n|-heal|p2a: Melmetal|14\/100|[from] item: Leftovers\n|-heal|p1a: i like knock off|44\/100|[from] item: Leftovers\n|upkeep\n|turn|150\n|\n|t:|1665942991\n|move|p2a: Melmetal|Superpower|p1a: i like knock off\n|-damage|p1a: i like knock off|3\/100\n|-unboost|p2a: Melmetal|atk|1\n|-unboost|p2a: Melmetal|def|1\n|move|p1a: i like knock off|Recover|p1a: i like knock off\n|-heal|p1a: i like knock off|53\/100\n|\n|-heal|p2a: Melmetal|20\/100|[from] item: Leftovers\n|-heal|p1a: i like knock off|59\/100|[from] item: Leftovers\n|upkeep\n|turn|151\n|\n|t:|1665942995\n|switch|p2a: Rillaboom|Rillaboom, F|78\/100 tox\n|-damage|p2a: Rillaboom|66\/100 tox|[from] Stealth Rock\n|-damage|p2a: Rillaboom|41\/100 tox|[from] Spikes\n|-fieldstart|move: Grassy Terrain|[from] ability: Grassy Surge|[of] p2a: Rillaboom\n|move|p1a: i like knock off|Recover|p1a: i like knock off\n|-heal|p1a: i like knock off|100\/100\n|\n|-heal|p2a: Rillaboom|47\/100 tox|[from] Grassy Terrain\n|-heal|p2a: Rillaboom|53\/100 tox|[from] item: Leftovers\n|-damage|p2a: Rillaboom|47\/100 tox|[from] psn\n|upkeep\n|turn|152\n|\n|t:|1665942999\n|switch|p1a: under pressure|Corviknight, F|77\/100\n|-ability|p1a: under pressure|Pressure\n|move|p2a: Rillaboom|Swords Dance|p2a: Rillaboom\n|-boost|p2a: Rillaboom|atk|2\n|\n|-heal|p2a: Rillaboom|53\/100 tox|[from] Grassy Terrain\n|-heal|p2a: Rillaboom|59\/100 tox|[from] item: Leftovers\n|-damage|p2a: Rillaboom|47\/100 tox|[from] psn\n|upkeep\n|turn|153\n|\n|t:|1665943001\n|move|p2a: Rillaboom|Swords Dance|p2a: Rillaboom\n|-boost|p2a: Rillaboom|atk|2\n|move|p1a: under pressure|Brave Bird|p2a: Rillaboom\n|-supereffective|p2a: Rillaboom\n|-damage|p2a: Rillaboom|0 fnt\n|faint|p2a: Rillaboom\n|-damage|p1a: under pressure|62\/100|[from] Recoil\n|\n|upkeep\n|\n|t:|1665943003\n|switch|p2a: Victini|Victini|84\/100\n|turn|154\n|\n|t:|1665943007\n|switch|p1a: the god|Quagsire, F|94\/100\n|move|p2a: Victini|V-create|p1a: the god\n|-resisted|p1a: the god\n|-damage|p1a: the god|69\/100\n|-unboost|p2a: Victini|spe|1\n|-unboost|p2a: Victini|def|1\n|-unboost|p2a: Victini|spd|1\n|\n|-heal|p2a: Victini|90\/100|[from] Grassy Terrain\n|-heal|p1a: the god|75\/100|[from] Grassy Terrain\n|-heal|p1a: the god|81\/100|[from] item: Leftovers\n|upkeep\n|turn|155\n|\n|t:|1665943009\n|move|p2a: Victini|U-turn|p1a: the god\n|-damage|p1a: the god|67\/100\n|\n|t:|1665943010\n|switch|p2a: Rotom|Rotom-Wash, shiny|100\/100|[from]move: U-turn\n|-damage|p2a: Rotom|88\/100|[from] Stealth Rock\n|move|p1a: the god|Scald|p2a: Rotom\n|-resisted|p2a: Rotom\n|-damage|p2a: Rotom|82\/100\n|\n|-heal|p2a: Rotom|88\/100|[from] item: Leftovers\n|-heal|p1a: the god|73\/100|[from] Grassy Terrain\n|-heal|p1a: the god|79\/100|[from] item: Leftovers\n|-fieldend|move: Grassy Terrain\n|upkeep\n|turn|156\n|\n|t:|1665943015\n|switch|p1a: Eldegoss|Eldegoss, F|38\/100\n|move|p2a: Rotom|Volt Switch|p1a: Eldegoss\n|-resisted|p1a: Eldegoss\n|-damage|p1a: Eldegoss|30\/100\n|\n|t:|1665943019\n|switch|p2a: Victini|Victini|90\/100|[from]move: Volt Switch\n|\n|upkeep\n|turn|157\n|\n|t:|1665943022\n|switch|p1a: i like knock off|Gastrodon-East, F|100\/100\n|move|p2a: Victini|V-create|p1a: i like knock off\n|-resisted|p1a: i like knock off\n|-damage|p1a: i like knock off|70\/100\n|-unboost|p2a: Victini|spe|1\n|-unboost|p2a: Victini|def|1\n|-unboost|p2a: Victini|spd|1\n|\n|-heal|p1a: i like knock off|76\/100|[from] item: Leftovers\n|upkeep\n|turn|158\n|\n|t:|1665943025\n|move|p2a: Victini|U-turn|p1a: i like knock off\n|-damage|p1a: i like knock off|61\/100\n|\n|t:|1665943027\n|switch|p2a: Rotom|Rotom-Wash, shiny|88\/100|[from]move: U-turn\n|-damage|p2a: Rotom|75\/100|[from] Stealth Rock\n|move|p1a: i like knock off|Earthquake|p2a: Rotom\n|-immune|p2a: Rotom|[from] ability: Levitate\n|\n|-heal|p2a: Rotom|82\/100|[from] item: Leftovers\n|-heal|p1a: i like knock off|67\/100|[from] item: Leftovers\n|upkeep\n|turn|159\n|\n|t:|1665943032\n|move|p2a: Rotom|Hydro Pump|p1a: i like knock off\n|-damage|p1a: i like knock off|31\/100\n|move|p1a: i like knock off|Toxic|p2a: Rotom\n|-status|p2a: Rotom|tox\n|\n|-heal|p2a: Rotom|88\/100 tox|[from] item: Leftovers\n|-heal|p1a: i like knock off|37\/100|[from] item: Leftovers\n|-damage|p2a: Rotom|82\/100 tox|[from] psn\n|upkeep\n|turn|160\n|\n|t:|1665943035\n|move|p2a: Rotom|Hydro Pump|p1a: i like knock off\n|-damage|p1a: i like knock off|2\/100\n|move|p1a: i like knock off|Recover|p1a: i like knock off\n|-heal|p1a: i like knock off|52\/100\n|\n|-heal|p2a: Rotom|88\/100 tox|[from] item: Leftovers\n|-heal|p1a: i like knock off|58\/100|[from] item: Leftovers\n|-damage|p2a: Rotom|75\/100 tox|[from] psn\n|upkeep\n|turn|161\n|\n|t:|1665943037\n|move|p2a: Rotom|Hydro Pump|p1a: i like knock off\n|-damage|p1a: i like knock off|21\/100\n|move|p1a: i like knock off|Recover|p1a: i like knock off\n|-heal|p1a: i like knock off|71\/100\n|\n|-heal|p2a: Rotom|82\/100 tox|[from] item: Leftovers\n|-heal|p1a: i like knock off|77\/100|[from] item: Leftovers\n|-damage|p2a: Rotom|63\/100 tox|[from] psn\n|upkeep\n|turn|162\n|c|\u2606knexhawk2|why did u barely use tran\n|\n|t:|1665943042\n|switch|p2a: Durant|Durant, F|88\/100\n|-damage|p2a: Durant|76\/100|[from] Stealth Rock\n|-damage|p2a: Durant|51\/100|[from] Spikes\n|move|p1a: i like knock off|Recover|p1a: i like knock off\n|-heal|p1a: i like knock off|100\/100\n|\n|upkeep\n|turn|163\n|c|\u2606knexhawk2|it fucks me\n|inactive|Suuicunee has 10 seconds left.\n|\n|t:|1665943048\n|switch|p1a: Toxapex|Toxapex, F|100\/100\n|move|p2a: Durant|First Impression|p1a: Toxapex|[miss]\n|-miss|p2a: Durant|p1a: Toxapex\n|\n|upkeep\n|turn|164\n|c|\u2606knexhawk2|look at this gastro\n|c|\u2606knexhawk2|and my slowking\n|inactive|knexhawk2 has 10 seconds left.\n|inactive|Suuicunee has 10 seconds left.\n|\n|t:|1665943054\n|switch|p2a: Seismitoad|Seismitoad, F|40\/100\n|-damage|p2a: Seismitoad|34\/100|[from] Stealth Rock\n|-damage|p2a: Seismitoad|9\/100|[from] Spikes\n|move|p1a: Toxapex|Toxic Spikes|p2a: Seismitoad\n|-sidestart|p2: Suuicunee|move: Toxic Spikes\n|\n|upkeep\n|turn|165\n|c|\u2606Suuicunee|im jsut\n|c|\u2606Suuicunee|clicking\n|inactive|Suuicunee has 10 seconds left.\n|\n|t:|1665943060\n|switch|p1a: Blissey|Blissey, F|100\/100\n|move|p2a: Seismitoad|Earth Power|p1a: Blissey\n|-damage|p1a: Blissey|84\/100\n|-damage|p2a: Seismitoad|0 fnt|[from] item: Life Orb\n|faint|p2a: Seismitoad\n|\n|upkeep\n|c|\u2606knexhawk2|fair enoug\n|c|\u2606knexhawk2|lol\n|inactive|Suuicunee has 10 seconds left.\n|\n|t:|1665943066\n|switch|p2a: Krookodile|Krookodile, F|76\/100 psn\n|-damage|p2a: Krookodile|70\/100 psn|[from] Stealth Rock\n|-damage|p2a: Krookodile|45\/100 psn|[from] Spikes\n|turn|166\n|\n|t:|1665943070\n|switch|p1a: i hate you weavile|Scrafty, M|96\/100\n|-ability|p1a: i hate you weavile|Intimidate|boost\n|-unboost|p2a: Krookodile|atk|1\n|move|p2a: Krookodile|Close Combat|p1a: i hate you weavile\n|-supereffective|p1a: i hate you weavile\n|-damage|p1a: i hate you weavile|63\/100\n|-unboost|p2a: Krookodile|def|1\n|-unboost|p2a: Krookodile|spd|1\n|\n|-heal|p1a: i hate you weavile|69\/100|[from] item: Leftovers\n|-damage|p2a: Krookodile|33\/100 psn|[from] psn\n|upkeep\n|turn|167\n|\n|t:|1665943072\n|move|p2a: Krookodile|Close Combat|p1a: i hate you weavile\n|-supereffective|p1a: i hate you weavile\n|-damage|p1a: i hate you weavile|33\/100\n|-unboost|p2a: Krookodile|def|1\n|-unboost|p2a: Krookodile|spd|1\n|move|p1a: i hate you weavile|Drain Punch|p2a: Krookodile\n|-supereffective|p2a: Krookodile\n|-damage|p2a: Krookodile|0 fnt\n|-heal|p1a: i hate you weavile|49\/100|[from] drain|[of] p2a: Krookodile\n|faint|p2a: Krookodile\n|\n|-heal|p1a: i hate you weavile|55\/100|[from] item: Leftovers\n|upkeep\n|\n|t:|1665943075\n|switch|p2a: beater upper|Grimmsnarl, M|51\/100 psn\n|-damage|p2a: beater upper|39\/100 psn|[from] Stealth Rock\n|-damage|p2a: beater upper|14\/100 psn|[from] Spikes\n|-item|p1a: i hate you weavile|Leftovers|[from] ability: Frisk|[of] p2a: beater upper|[identify]\n|turn|168\n|\n|t:|1665943078\n|move|p2a: beater upper|Play Rough|p1a: i hate you weavile\n|-supereffective|p1a: i hate you weavile\n|-damage|p1a: i hate you weavile|0 fnt\n|faint|p1a: i hate you weavile\n|\n|-damage|p2a: beater upper|1\/100 psn|[from] psn\n|upkeep\n|\n|t:|1665943081\n|switch|p1a: Lati ass|Latias, F|100\/100\n|turn|169\n|\n|t:|1665943083\n|move|p1a: Lati ass|Healing Wish|p1a: Lati ass\n|faint|p1a: Lati ass\n|move|p2a: beater upper|Play Rough|p1: Lati ass|[notarget]\n|-fail|p2a: beater upper\n|\n|-damage|p2a: beater upper|0 fnt|[from] psn\n|faint|p2a: beater upper\n|upkeep\n|c| okaiokaiokai|i had scarf eruption tran\n|\n|t:|1665943086\n|switch|p1a: Skarmory|Skarmory, F|45\/100 par\n|switch|p2a: Heatran|Heatran, M|88\/100\n|-damage|p2a: Heatran|76\/100|[from] Stealth Rock\n|-item|p2a: Heatran|Air Balloon\n|-heal|p1a: Skarmory|100\/100|[from] move: Healing Wish\n|turn|170\n|\n|t:|1665943089\n|move|p2a: Heatran|Magma Storm|p1a: Skarmory\n|-supereffective|p1a: Skarmory\n|-ability|p1a: Skarmory|Sturdy\n|-damage|p1a: Skarmory|1\/100\n|-activate|p1a: Skarmory|move: Magma Storm|[of] p2a: Heatran\n|move|p1a: Skarmory|Body Press|p2a: Heatran\n|-supereffective|p2a: Heatran\n|-damage|p2a: Heatran|14\/100\n|-enditem|p2a: Heatran|Air Balloon\n|\n|-heal|p1a: Skarmory|7\/100|[from] item: Leftovers\n|-damage|p1a: Skarmory|0 fnt|[from] move: Magma Storm|[partiallytrapped]\n|faint|p1a: Skarmory\n|upkeep\n|\n|t:|1665943092\n|switch|p1a: Little Boy|Mudbray, M|100\/100\n|turn|171\n|\n|t:|1665943093\n|move|p2a: Heatran|Taunt|p1a: Little Boy\n|-start|p1a: Little Boy|move: Taunt\n|move|p1a: Little Boy|Earthquake|p2a: Heatran\n|-supereffective|p2a: Heatran\n|-damage|p2a: Heatran|0 fnt\n|faint|p2a: Heatran\n|\n|upkeep\n|\n|t:|1665943096\n|switch|p2a: Rotom|Rotom-Wash, shiny|63\/100 tox\n|-damage|p2a: Rotom|50\/100 tox|[from] Stealth Rock\n|turn|172\n|c| okaiokaiokai|but if i stayed in i probs would have swapped it for balloon\n|inactive|knexhawk2 has 10 seconds left.\n|\n|t:|1665943103\n|switch|p1a: Blissey|Blissey, F|84\/100\n|move|p2a: Rotom|Hydro Pump|p1a: Blissey\n|-damage|p1a: Blissey|70\/100\n|\n|-heal|p2a: Rotom|57\/100 tox|[from] item: Leftovers\n|-damage|p2a: Rotom|50\/100 tox|[from] psn\n|upkeep\n|turn|173\n|\n|t:|1665943105\n|move|p2a: Rotom|Thunder Wave|p1a: Blissey\n|-status|p1a: Blissey|par\n|move|p1a: Blissey|Seismic Toss|p2a: Rotom\n|-damage|p2a: Rotom|18\/100 tox\n|\n|-heal|p2a: Rotom|24\/100 tox|[from] item: Leftovers\n|-damage|p2a: Rotom|11\/100 tox|[from] psn\n|upkeep\n|turn|174\n|\n|t:|1665943108\n|-curestatus|p1a: Blissey|par|[from] ability: Natural Cure\n|switch|p1a: Slowking|Slowking-Galar, M|100\/100\n|move|p2a: Rotom|Pain Split|p1a: Slowking\n|-sethp|p1a: Slowking|55\/100|[from] move: Pain Split|[silent]\n|-sethp|p2a: Rotom|71\/100 tox|[from] move: Pain Split\n|\n|-heal|p2a: Rotom|77\/100 tox|[from] item: Leftovers\n|-damage|p2a: Rotom|58\/100 tox|[from] psn\n|upkeep\n|turn|175\n|\n|t:|1665943111\n|move|p2a: Rotom|Thunder Wave|p1a: Slowking\n|-status|p1a: Slowking|par\n|move|p1a: Slowking|Future Sight|p2a: Rotom\n|-start|p1a: Slowking|move: Future Sight\n|\n|-heal|p2a: Rotom|64\/100 tox|[from] item: Leftovers\n|-damage|p2a: Rotom|39\/100 tox|[from] psn\n|upkeep\n|turn|176\n|\n|t:|1665943113\n|move|p2a: Rotom|Pain Split|p1a: Slowking\n|-sethp|p1a: Slowking|42\/100 par|[from] move: Pain Split|[silent]\n|-sethp|p2a: Rotom|55\/100 tox|[from] move: Pain Split\n|move|p1a: Slowking|Sludge Bomb|p2a: Rotom\n|-damage|p2a: Rotom|31\/100 tox\n|\n|-heal|p2a: Rotom|37\/100 tox|[from] item: Leftovers\n|-damage|p2a: Rotom|6\/100 tox|[from] psn\n|upkeep\n|turn|177\n|\n|t:|1665943116\n|move|p2a: Rotom|Hydro Pump|p1a: Slowking\n|-damage|p1a: Slowking|27\/100 par\n|move|p1a: Slowking|Future Sight||[still]\n|-fail|p1a: Slowking\n|\n|-end|p2a: Rotom|move: Future Sight\n|-damage|p2a: Rotom|0 fnt\n|faint|p2a: Rotom\n|upkeep\n|inactive|Suuicunee has 10 seconds left.\n|\n|t:|1665943121\n|switch|p2a: Weavile|Weavile, F|26\/100 psn\n|-damage|p2a: Weavile|1\/100 psn|[from] Stealth Rock\n|-damage|p2a: Weavile|0 fnt|[from] Spikes\n|faint|p2a: Weavile\n|\n|t:|1665943123\n|switch|p2a: Melmetal|Melmetal|20\/100\n|-damage|p2a: Melmetal|14\/100|[from] Stealth Rock\n|-damage|p2a: Melmetal|0 fnt|[from] Spikes\n|faint|p2a: Melmetal\n|\n|t:|1665943128\n|switch|p2a: Victini|Victini|90\/100\n|turn|178\n|\n|t:|1665943130\n|switch|p1a: the god|Quagsire, F|79\/100\n|move|p2a: Victini|Encore||[still]\n|-fail|p2a: Victini\n|\n|-heal|p1a: the god|86\/100|[from] item: Leftovers\n|upkeep\n|turn|179\n|c| okaiokaiokai|god dayum\n|\n|t:|1665943133\n|move|p2a: Victini|U-turn|p1a: the god\n|-damage|p1a: the god|72\/100\n|\n|t:|1665943134\n|switch|p2a: Tornadus|Tornadus-Therian, M|100\/100|[from]move: U-turn\n|-damage|p2a: Tornadus|76\/100|[from] Stealth Rock\n|move|p1a: the god|Earthquake|p2a: Tornadus\n|-immune|p2a: Tornadus\n|\n|-heal|p1a: the god|78\/100|[from] item: Leftovers\n|upkeep\n|turn|180\n|c|\u2606knexhawk2|hope this isnt excluded lol\n|\n|t:|1665943137\n|move|p2a: Tornadus|Knock Off|p1a: the god\n|-damage|p1a: the god|65\/100\n|-enditem|p1a: the god|Leftovers|[from] move: Knock Off|[of] p2a: Tornadus\n|move|p1a: the god|Toxic|p2a: Tornadus\n|-status|p2a: Tornadus|tox\n|\n|-damage|p2a: Tornadus|70\/100 tox|[from] psn\n|upkeep\n|turn|181\n|\n|t:|1665943140\n|switch|p1a: i resist beat up|Diancie|100\/100\n|move|p2a: Tornadus|U-turn|p1a: i resist beat up\n|-resisted|p1a: i resist beat up\n|-damage|p1a: i resist beat up|96\/100\n|\n|t:|1665943142\n|switch|p2a: Durant|Durant, F|51\/100|[from]move: U-turn\n|-damage|p2a: Durant|38\/100|[from] Stealth Rock\n|-damage|p2a: Durant|13\/100|[from] Spikes\n|\n|-heal|p1a: i resist beat up|100\/100|[from] item: Leftovers\n|upkeep\n|turn|182\n|\n|t:|1665943146\n|switch|p1a: Toxapex|Toxapex, F|100\/100\n|move|p2a: Durant|Iron Head|p1a: Toxapex\n|-resisted|p1a: Toxapex\n|-damage|p1a: Toxapex|77\/100\n|-damage|p2a: Durant|0 fnt|[from] item: Rocky Helmet|[of] p1a: Toxapex\n|faint|p2a: Durant\n|\n|upkeep\n|\n|t:|1665943148\n|switch|p2a: Victini|Victini|90\/100\n|turn|183\n|\n|t:|1665943150\n|move|p2a: Victini|Bolt Strike|p1a: Toxapex\n|-supereffective|p1a: Toxapex\n|-damage|p1a: Toxapex|30\/100\n|-damage|p2a: Victini|74\/100|[from] item: Rocky Helmet|[of] p1a: Toxapex\n|move|p1a: Toxapex|Knock Off|p2a: Victini\n|-supereffective|p2a: Victini\n|-damage|p2a: Victini|43\/100\n|-enditem|p2a: Victini|Heavy-Duty Boots|[from] move: Knock Off|[of] p1a: Toxapex\n|\n|upkeep\n|turn|184\n|\n|t:|1665943152\n|switch|p1a: the god|Quagsire, F|65\/100\n|move|p2a: Victini|V-create|p1a: the god\n|-resisted|p1a: the god\n|-damage|p1a: the god|37\/100\n|-unboost|p2a: Victini|spe|1\n|-unboost|p2a: Victini|def|1\n|-unboost|p2a: Victini|spd|1\n|\n|upkeep\n|turn|185\n|\n|t:|1665943154\n|move|p2a: Victini|V-create|p1a: the god\n|-resisted|p1a: the god\n|-damage|p1a: the god|9\/100\n|-unboost|p2a: Victini|spe|1\n|-unboost|p2a: Victini|def|1\n|-unboost|p2a: Victini|spd|1\n|move|p1a: the god|Scald|p2a: Victini\n|-supereffective|p2a: Victini\n|-damage|p2a: Victini|6\/100\n|\n|upkeep\n|turn|186\n|\n|t:|1665943156\n|move|p2a: Victini|V-create|p1a: the god\n|-resisted|p1a: the god\n|-damage|p1a: the god|0 fnt\n|-unboost|p2a: Victini|spe|1\n|-unboost|p2a: Victini|def|1\n|-unboost|p2a: Victini|spd|1\n|faint|p1a: the god\n|\n|upkeep\n|\n|t:|1665943159\n|switch|p1a: also thick|Melmetal|100\/100\n|turn|187\n|\n|t:|1665943160\n|move|p2a: Victini|V-create|p1a: also thick\n|-supereffective|p1a: also thick\n|-damage|p1a: also thick|37\/100\n|-unboost|p2a: Victini|spe|1\n|-unboost|p2a: Victini|def|1\n|-unboost|p2a: Victini|spd|1\n|move|p1a: also thick|Double Iron Bash|p2a: Victini\n|-resisted|p2a: Victini\n|-damage|p2a: Victini|0 fnt\n|faint|p2a: Victini\n|-hitcount|p2: Victini|1\n|\n|-heal|p1a: also thick|43\/100|[from] item: Leftovers\n|upkeep\n|c|\u2606knexhawk2|gg\n|\n|t:|1665943162\n|switch|p2a: Zapdos|Zapdos|65\/100\n|-damage|p2a: Zapdos|40\/100|[from] Stealth Rock\n|turn|188\n|\n|t:|1665943166\n|switch|p1a: Slowking|Slowking-Galar, M|60\/100 par\n|move|p2a: Zapdos|Thunder|p1a: Slowking\n|-damage|p1a: Slowking|37\/100 par\n|\n|upkeep\n|turn|189\n|c|\u2606Suuicunee|gg\n|\n|t:|1665943170\n|move|p2a: Zapdos|Hurricane|p1a: Slowking\n|-damage|p1a: Slowking|16\/100 par\n|move|p1a: Slowking|Sludge Bomb|p2a: Zapdos\n|-damage|p2a: Zapdos|4\/100\n|\n|upkeep\n|turn|190\n|\n|t:|1665943172\n|switch|p1a: Blissey|Blissey, F|70\/100\n|move|p2a: Zapdos|Thunder|p1a: Blissey\n|-damage|p1a: Blissey|48\/100\n|\n|upkeep\n|turn|191\n|\n|t:|1665943174\n|switch|p2a: Tornadus|Tornadus-Therian, M|100\/100 tox\n|-damage|p2a: Tornadus|76\/100 tox|[from] Stealth Rock\n|move|p1a: Blissey|Toxic|p2a: Tornadus\n|-fail|p2a: Tornadus|tox\n|\n|-damage|p2a: Tornadus|70\/100 tox|[from] psn\n|upkeep\n|turn|192\n|\n|t:|1665943176\n|move|p2a: Tornadus|Knock Off|p1a: Blissey\n|-damage|p1a: Blissey|32\/100\n|-enditem|p1a: Blissey|Heavy-Duty Boots|[from] move: Knock Off|[of] p2a: Tornadus\n|move|p1a: Blissey|Soft-Boiled|p1a: Blissey\n|-heal|p1a: Blissey|82\/100\n|\n|-damage|p2a: Tornadus|57\/100 tox|[from] psn\n|upkeep\n|turn|193\n|\n|t:|1665943179\n|move|p2a: Tornadus|Defog|p1a: Blissey\n|-unboost|p1a: Blissey|evasion|1\n|-sideend|p2: Suuicunee|Spikes|[from] move: Defog|[of] p2a: Tornadus\n|-sideend|p2: Suuicunee|Toxic Spikes|[from] move: Defog|[of] p2a: Tornadus\n|-sideend|p2: Suuicunee|Stealth Rock|[from] move: Defog|[of] p2a: Tornadus\n|move|p1a: Blissey|Seismic Toss|p2a: Tornadus\n|-damage|p2a: Tornadus|30\/100 tox\n|\n|-damage|p2a: Tornadus|12\/100 tox|[from] psn\n|upkeep\n|turn|194\n|\n|t:|1665943181\n|move|p2a: Tornadus|Knock Off|p1a: Blissey\n|-damage|p1a: Blissey|70\/100\n|move|p1a: Blissey|Seismic Toss|p2a: Tornadus\n|-damage|p2a: Tornadus|0 fnt\n|faint|p2a: Tornadus\n|\n|upkeep\n|\n|t:|1665943183\n|switch|p2a: Zapdos|Zapdos|4\/100\n|turn|195\n|\n|t:|1665943185\n|move|p2a: Zapdos|Hurricane|p1a: Blissey\n|-damage|p1a: Blissey|51\/100\n|move|p1a: Blissey|Toxic|p2a: Zapdos\n|-status|p2a: Zapdos|tox\n|\n|-damage|p2a: Zapdos|0 fnt|[from] psn\n|faint|p2a: Zapdos\n|\n|win|knexhawk2\n|upkeep\n|n|\u2606knexhawk2|knexhawk2\n|n|\u2606Suuicunee|suuicunee\n|n| OUTD idiot|outdidiot\n|n| Dubb Wool|dubbwool\n|n| pokechamp13|pokechamp13\n|n| laughokenisis|laughokenisis\n|n| Oh So Cynical|ohsocynical\n|n| okaiokaiokai|okaiokaiokai\n","uploadtime":1665943186,"views":22,"p1id":"knexhawk2","p2id":"suuicunee","formatid":"gen8ou","rating":0,"private":0,"password":null}