{"id":"gen8ou-1659540101","p1":"Loon999","p2":"andrewm0n","format":"gen8ou","log":"|j|\u2606Loon999\n|j|\u2606andrewm0n\n|t:|1662675949\n|gametype|singles\n|player|p1|Loon999|emmet|1793\n|player|p2|andrewm0n|2|1813\n|teamsize|p1|6\n|teamsize|p2|6\n|gen|8\n|tier|[Gen 8] OU\n|rated|\n|rule|Sleep Clause Mod: Limit one foe put to sleep\n|rule|Species Clause: Limit one of each Pok\u00e9mon\n|rule|OHKO Clause: OHKO moves are banned\n|rule|Evasion Items Clause: Evasion items are banned\n|rule|Evasion Moves Clause: Evasion moves are banned\n|rule|Endless Battle Clause: Forcing endless battles is banned\n|rule|HP Percentage Mod: HP is shown in percentages\n|rule|Dynamax Clause: You cannot dynamax\n|clearpoke\n|poke|p1|Clefable, F|\n|poke|p1|Kartana|\n|poke|p1|Hydreigon, M|\n|poke|p1|Swampert, M|\n|poke|p1|Slowking-Galar, F|\n|poke|p1|Buzzwole|\n|poke|p2|Slowbro-Galar, M|\n|poke|p2|Blaziken, M|\n|poke|p2|Clefable, F|\n|poke|p2|Seismitoad, M|\n|poke|p2|Corviknight, M|\n|poke|p2|Garchomp, M|\n|teampreview\n|inactive|Battle timer is ON: inactive players will automatically lose when time's up. (requested by Loon999)\n|j|+Dragonillis\n|inactive|andrewm0n has 120 seconds left.\n|\n|t:|1662675983\n|start\n|switch|p1a: Gilbert|Swampert, M, shiny|100\/100\n|switch|p2a: Garchomp|Garchomp, M|100\/100\n|turn|1\n|\n|t:|1662675986\n|move|p2a: Garchomp|Substitute|p2a: Garchomp\n|-start|p2a: Garchomp|Substitute\n|-damage|p2a: Garchomp|75\/100\n|move|p1a: Gilbert|Avalanche|p2a: Garchomp\n|-supereffective|p2a: Garchomp\n|-end|p2a: Garchomp|Substitute\n|\n|-heal|p2a: Garchomp|82\/100|[from] item: Leftovers\n|upkeep\n|turn|2\n|\n|t:|1662675995\n|switch|p2a: Corviknight|Corviknight, M|100\/100\n|move|p1a: Gilbert|Stealth Rock|p2a: Corviknight\n|-sidestart|p2: andrewm0n|move: Stealth Rock\n|\n|upkeep\n|turn|3\n|\n|t:|1662675998\n|move|p1a: Gilbert|Liquidation|p2a: Corviknight\n|-damage|p2a: Corviknight|71\/100\n|-damage|p1a: Gilbert|84\/100|[from] item: Rocky Helmet|[of] p2a: Corviknight\n|move|p2a: Corviknight|Defog|p1a: Gilbert\n|-unboost|p1a: Gilbert|evasion|1\n|-sideend|p2: andrewm0n|Stealth Rock|[from] move: Defog|[of] p2a: Corviknight\n|\n|-heal|p1a: Gilbert|90\/100|[from] item: Leftovers\n|upkeep\n|turn|4\n|\n|t:|1662676004\n|move|p1a: Gilbert|Stealth Rock|p2a: Corviknight\n|-sidestart|p2: andrewm0n|move: Stealth Rock\n|move|p2a: Corviknight|Brave Bird|p1a: Gilbert\n|-damage|p1a: Gilbert|58\/100\n|-damage|p2a: Corviknight|60\/100|[from] Recoil\n|\n|-heal|p1a: Gilbert|64\/100|[from] item: Leftovers\n|upkeep\n|turn|5\n|\n|t:|1662676006\n|switch|p1a: Slowking-Galaxy|Slowking-Galar, F|100\/100\n|move|p2a: Corviknight|Roost|p2a: Corviknight\n|-heal|p2a: Corviknight|100\/100\n|-singleturn|p2a: Corviknight|move: Roost\n|\n|upkeep\n|turn|6\n|\n|t:|1662676010\n|move|p2a: Corviknight|Defog|p1a: Slowking-Galaxy\n|-unboost|p1a: Slowking-Galaxy|evasion|1\n|-sideend|p2: andrewm0n|Stealth Rock|[from] move: Defog|[of] p2a: Corviknight\n|move|p1a: Slowking-Galaxy|Future Sight|p2a: Corviknight\n|-start|p1a: Slowking-Galaxy|move: Future Sight\n|\n|upkeep\n|turn|7\n|\n|t:|1662676021\n|move|p2a: Corviknight|Brave Bird|p1a: Slowking-Galaxy\n|-damage|p1a: Slowking-Galaxy|61\/100\n|-damage|p2a: Corviknight|88\/100|[from] Recoil\n|move|p1a: Slowking-Galaxy|Flamethrower|p2a: Corviknight\n|-supereffective|p2a: Corviknight\n|-damage|p2a: Corviknight|39\/100\n|\n|upkeep\n|turn|8\n|j| Mr.Hephaestus\n|\n|t:|1662676026\n|move|p2a: Corviknight|Roost|p2a: Corviknight\n|-heal|p2a: Corviknight|89\/100\n|-singleturn|p2a: Corviknight|move: Roost\n|move|p1a: Slowking-Galaxy|Flamethrower|p2a: Corviknight\n|-supereffective|p2a: Corviknight\n|-damage|p2a: Corviknight|38\/100\n|\n|-end|p2a: Corviknight|move: Future Sight\n|-resisted|p2a: Corviknight\n|-damage|p2a: Corviknight|12\/100\n|upkeep\n|turn|9\n|\n|t:|1662676028\n|move|p2a: Corviknight|Roost|p2a: Corviknight\n|-heal|p2a: Corviknight|62\/100\n|-singleturn|p2a: Corviknight|move: Roost\n|move|p1a: Slowking-Galaxy|Flamethrower|p2a: Corviknight\n|-supereffective|p2a: Corviknight\n|-damage|p2a: Corviknight|11\/100\n|\n|upkeep\n|turn|10\n|\n|t:|1662676032\n|switch|p2a: Seismitoad|Seismitoad, M|100\/100\n|move|p1a: Slowking-Galaxy|Flamethrower|p2a: Seismitoad\n|-resisted|p2a: Seismitoad\n|-damage|p2a: Seismitoad|87\/100\n|\n|-heal|p2a: Seismitoad|93\/100|[from] item: Leftovers\n|upkeep\n|turn|11\n|\n|t:|1662676035\n|switch|p1a: Hydration|Hydreigon, M, shiny|100\/100\n|move|p2a: Seismitoad|Knock Off|p1a: Hydration\n|-resisted|p1a: Hydration\n|-damage|p1a: Hydration|90\/100\n|-enditem|p1a: Hydration|Leftovers|[from] move: Knock Off|[of] p2a: Seismitoad\n|\n|-heal|p2a: Seismitoad|99\/100|[from] item: Leftovers\n|upkeep\n|turn|12\n|l| Mr.Hephaestus\n|inactive|andrewm0n has 120 seconds left.\n|inactive|andrewm0n has 90 seconds left.\n|\n|t:|1662676097\n|switch|p1a: Paper Cut|Kartana, shiny|100\/100\n|move|p2a: Seismitoad|Toxic|p1a: Paper Cut\n|-immune|p1a: Paper Cut\n|\n|-heal|p2a: Seismitoad|100\/100|[from] item: Leftovers\n|upkeep\n|turn|13\n|\n|t:|1662676101\n|move|p1a: Paper Cut|Leaf Blade|p2a: Seismitoad\n|-supereffective|p2a: Seismitoad\n|-damage|p2a: Seismitoad|0 fnt\n|faint|p2a: Seismitoad\n|-ability|p1a: Paper Cut|Beast Boost|boost\n|-boost|p1a: Paper Cut|atk|1\n|\n|upkeep\n|\n|t:|1662676105\n|switch|p2a: Blaziken|Blaziken, M|100\/100\n|turn|14\n|\n|t:|1662676108\n|move|p1a: Paper Cut|Leaf Blade|p2a: Blaziken\n|-resisted|p2a: Blaziken\n|-damage|p2a: Blaziken|0 fnt\n|faint|p2a: Blaziken\n|-ability|p1a: Paper Cut|Beast Boost|boost\n|-boost|p1a: Paper Cut|atk|1\n|\n|upkeep\n|\n|t:|1662676113\n|switch|p2a: Slowbro|Slowbro-Galar, M|100\/100\n|turn|15\n|\n|t:|1662676114\n|move|p1a: Paper Cut|Leaf Blade|p2a: Slowbro\n|-resisted|p2a: Slowbro\n|-damage|p2a: Slowbro|25\/100\n|move|p2a: Slowbro|Flamethrower|p1a: Paper Cut\n|-supereffective|p1a: Paper Cut\n|-damage|p1a: Paper Cut|0 fnt\n|faint|p1a: Paper Cut\n|\n|upkeep\n|\n|t:|1662676124\n|switch|p1a: Gilbert|Swampert, M, shiny|64\/100\n|turn|16\n|\n|t:|1662676128\n|switch|p2a: Clefable|Clefable, F|100\/100\n|move|p1a: Gilbert|Liquidation|p2a: Clefable\n|-damage|p2a: Clefable|70\/100\n|\n|-heal|p2a: Clefable|76\/100|[from] item: Leftovers\n|-heal|p1a: Gilbert|70\/100|[from] item: Leftovers\n|upkeep\n|turn|17\n|\n|t:|1662676131\n|move|p2a: Clefable|Wish|p2a: Clefable\n|move|p1a: Gilbert|Earthquake|p2a: Clefable\n|-damage|p2a: Clefable|38\/100\n|\n|-heal|p2a: Clefable|44\/100|[from] item: Leftovers\n|-heal|p1a: Gilbert|76\/100|[from] item: Leftovers\n|upkeep\n|turn|18\n|\n|t:|1662676136\n|move|p1a: Gilbert|Liquidation|p2a: Clefable\n|-damage|p2a: Clefable|8\/100\n|move|p2a: Clefable|Moonblast|p1a: Gilbert\n|-damage|p1a: Gilbert|48\/100\n|\n|-heal|p2a: Clefable|58\/100|[from] move: Wish|[wisher] Clefable\n|-heal|p2a: Clefable|64\/100|[from] item: Leftovers\n|-heal|p1a: Gilbert|54\/100|[from] item: Leftovers\n|upkeep\n|turn|19\n|\n|t:|1662676141\n|move|p2a: Clefable|Wish|p2a: Clefable\n|move|p1a: Gilbert|Liquidation|p2a: Clefable\n|-damage|p2a: Clefable|28\/100\n|\n|-heal|p1a: Gilbert|61\/100|[from] item: Leftovers\n|-heal|p2a: Clefable|35\/100|[from] item: Leftovers\n|upkeep\n|turn|20\n|\n|t:|1662676144\n|move|p2a: Clefable|Protect|p2a: Clefable\n|-singleturn|p2a: Clefable|Protect\n|move|p1a: Gilbert|Liquidation|p2a: Clefable\n|-activate|p2a: Clefable|move: Protect\n|\n|-heal|p2a: Clefable|85\/100|[from] move: Wish|[wisher] Clefable\n|-heal|p2a: Clefable|91\/100|[from] item: Leftovers\n|-heal|p1a: Gilbert|67\/100|[from] item: Leftovers\n|upkeep\n|turn|21\n|\n|t:|1662676147\n|move|p2a: Clefable|Wish|p2a: Clefable\n|move|p1a: Gilbert|Liquidation|p2a: Clefable\n|-crit|p2a: Clefable\n|-damage|p2a: Clefable|44\/100\n|-unboost|p2a: Clefable|def|1\n|\n|-heal|p1a: Gilbert|73\/100|[from] item: Leftovers\n|-heal|p2a: Clefable|50\/100|[from] item: Leftovers\n|upkeep\n|turn|22\n|\n|t:|1662676149\n|move|p1a: Gilbert|Liquidation|p2a: Clefable\n|-damage|p2a: Clefable|0 fnt\n|faint|p2a: Clefable\n|\n|-heal|p1a: Gilbert|79\/100|[from] item: Leftovers\n|upkeep\n|\n|t:|1662676151\n|switch|p2a: Garchomp|Garchomp, M|82\/100\n|turn|23\n|\n|t:|1662676153\n|move|p2a: Garchomp|Swords Dance|p2a: Garchomp\n|-boost|p2a: Garchomp|atk|2\n|move|p1a: Gilbert|Avalanche|p2a: Garchomp\n|-supereffective|p2a: Garchomp\n|-damage|p2a: Garchomp|7\/100\n|-damage|p1a: Gilbert|67\/100|[from] ability: Rough Skin|[of] p2a: Garchomp\n|\n|-heal|p2a: Garchomp|14\/100|[from] item: Leftovers\n|-heal|p1a: Gilbert|73\/100|[from] item: Leftovers\n|upkeep\n|turn|24\n|\n|t:|1662676158\n|switch|p1a: Buzz Swole|Buzzwole, shiny|100\/100\n|move|p2a: Garchomp|Earthquake|p1a: Buzz Swole\n|-resisted|p1a: Buzz Swole\n|-damage|p1a: Buzz Swole|77\/100\n|\n|-heal|p2a: Garchomp|20\/100|[from] item: Leftovers\n|upkeep\n|turn|25\n|-message|andrewm0n forfeited.\n|\n|win|Loon999\n|raw|Loon999's rating: 1793 &rarr; <strong>1814<\/strong><br \/>(+21 for winning)\n|raw|andrewm0n's rating: 1813 &rarr; <strong>1792<\/strong><br \/>(-21 for losing)\n|l|\u2606andrewm0n\n|l|\u2606Loon999\n||Ladder isn't responding, score probably updated but might not have (Request timeout).\n","uploadtime":1662676196,"views":44,"p1id":"loon999","p2id":"andrewm0n","formatid":"gen8ou","rating":1792,"private":0,"password":null}