{"id":"gen8bdspou-1518404592","p1":"comp233","p2":"sicknastyxd","format":"gen8bdspou","log":"|j|\u2606comp233\n|j|\u2606sicknastyxd\n|t:|1645775901\n|gametype|singles\n|player|p1|comp233|rosa|1574\n|player|p2|sicknastyxd|skierf-gen4dp|1518\n|teamsize|p1|6\n|teamsize|p2|6\n|gen|8\n|tier|[Gen 8 BDSP] OU\n|rated|\n|rule|Sleep Clause Mod: Limit one foe put to sleep\n|rule|Species Clause: Limit one of each Pok\u00e9mon\n|rule|OHKO Clause: OHKO moves are banned\n|rule|Evasion Moves Clause: Evasion moves are banned\n|rule|Endless Battle Clause: Forcing endless battles is banned\n|rule|HP Percentage Mod: HP is shown in percentages\n|clearpoke\n|poke|p1|Staraptor, F|\n|poke|p1|Mamoswine, F|\n|poke|p1|Lucario, M|\n|poke|p1|Scizor, F|\n|poke|p1|Infernape, M|\n|poke|p1|Weavile, M|\n|poke|p2|Bronzong|\n|poke|p2|Tangrowth, F|\n|poke|p2|Donphan, M|\n|poke|p2|Heatran, M|\n|poke|p2|Torkoal, F|\n|poke|p2|Clefable, M|\n|teampreview\n|j| mosquitosauce\n|\n|t:|1645775932\n|start\n|switch|p1a: Mamoswine|Mamoswine, F, shiny|100\/100\n|switch|p2a: Torkoal|Torkoal, F|100\/100\n|-weather|SunnyDay|[from] ability: Drought|[of] p2a: Torkoal\n|turn|1\n|\n|t:|1645775946\n|switch|p1a: Weavile|Weavile, M|100\/100\n|-ability|p1a: Weavile|Pressure\n|switch|p2a: Zongli|Bronzong, shiny|100\/100\n|\n|-weather|SunnyDay|[upkeep]\n|upkeep\n|turn|2\n|j| docheer\n|\n|t:|1645775959\n|switch|p1a: Infernape|Infernape, M|100\/100\n|move|p2a: Zongli|Gyro Ball|p1a: Infernape\n|-resisted|p1a: Infernape\n|-damage|p1a: Infernape|48\/100\n|\n|-weather|SunnyDay|[upkeep]\n|upkeep\n|turn|3\n|\n|t:|1645775966\n|switch|p2a: Torkoal|Torkoal, F|100\/100\n|move|p1a: Infernape|Stealth Rock|p2a: Torkoal\n|-sidestart|p2: sicknastyxd|move: Stealth Rock\n|\n|-weather|SunnyDay|[upkeep]\n|upkeep\n|turn|4\n|\n|t:|1645775984\n|switch|p1a: Scizor|Scizor, F|100\/100\n|move|p2a: Torkoal|Stealth Rock|p1a: Scizor\n|-sidestart|p1: comp233|move: Stealth Rock\n|\n|-weather|SunnyDay|[upkeep]\n|upkeep\n|turn|5\n|\n|t:|1645775989\n|move|p1a: Scizor|Defog|p2a: Torkoal\n|-unboost|p2a: Torkoal|evasion|1\n|-sideend|p2: sicknastyxd|Stealth Rock|[from] move: Defog|[of] p1a: Scizor\n|-sideend|p1: comp233|Stealth Rock|[from] move: Defog|[of] p1a: Scizor\n|move|p2a: Torkoal|Lava Plume|p1a: Scizor\n|-supereffective|p1a: Scizor\n|-damage|p1a: Scizor|0 fnt\n|faint|p1a: Scizor\n|\n|-weather|SunnyDay|[upkeep]\n|upkeep\n|\n|t:|1645775991\n|switch|p1a: Mamoswine|Mamoswine, F, shiny|100\/100\n|turn|6\n|\n|t:|1645775994\n|switch|p2a: Zongli|Bronzong, shiny|100\/100\n|move|p1a: Mamoswine|Earthquake|p2a: Zongli\n|-immune|p2a: Zongli|[from] ability: Levitate\n|\n|-weather|SunnyDay|[upkeep]\n|upkeep\n|turn|7\n|\n|t:|1645776001\n|switch|p1a: Lucario|Lucario, M|100\/100\n|move|p2a: Zongli|Trick Room|p2a: Zongli\n|-fieldstart|move: Trick Room|[of] p2a: Zongli\n|\n|-weather|SunnyDay|[upkeep]\n|upkeep\n|turn|8\n|\n|t:|1645776012\n|move|p2a: Zongli|Earthquake|p1a: Lucario\n|-supereffective|p1a: Lucario\n|-damage|p1a: Lucario|0 fnt\n|faint|p1a: Lucario\n|\n|-weather|none\n|upkeep\n|-message|comp233 forfeited.\n|\n|win|sicknastyxd\n|raw|comp233's rating: 1574 &rarr; <strong>1551<\/strong><br \/>(-23 for losing)\n|raw|sicknastyxd's rating: 1518 &rarr; <strong>1541<\/strong><br \/>(+23 for winning)\n|l|\u2606comp233\n","uploadtime":1645776020,"views":10,"p1id":"comp233","p2id":"sicknastyxd","formatid":"gen8bdspou","rating":1541,"private":0,"password":null}