{"id":"gen8anythinggoes-1706972824","p1":"molo-raider","p2":"M-Ryuke","format":"gen8anythinggoes","log":"|j|\u2606molo-raider\n|j|\u2606M-Ryuke\n|t:|1668037770\n|gametype|singles\n|player|p1|molo-raider|swimmer|1000\n|player|p2|M-Ryuke|misty-lgpe|1081\n|teamsize|p1|6\n|teamsize|p2|6\n|gen|8\n|tier|[Gen 8] Anything Goes\n|rated|\n|rule|HP Percentage Mod: HP is shown in percentages\n|rule|Endless Battle Clause: Forcing endless battles is banned\n|clearpoke\n|poke|p1|Skarmory, F|\n|poke|p1|Heracross, M|\n|poke|p1|Bellossom, M|\n|poke|p1|Gengar, M|\n|poke|p1|Kyogre|\n|poke|p1|Hitmonlee, M|\n|poke|p2|Lucario, M|\n|poke|p2|Dragonite, F|\n|poke|p2|Gengar, M|\n|poke|p2|Cinderace, M|\n|poke|p2|Zoroark, F|\n|poke|p2|Tyranitar, M|\n|teampreview\n|inactive|Battle timer is ON: inactive players will automatically lose when time's up. (requested by M-Ryuke)\n|c|\u2606M-Ryuke|Hir\n|\n|t:|1668037780\n|start\n|switch|p1a: Heracles|Heracross, M, shiny|100\/100\n|switch|p2a: Cinderace|Cinderace, M|100\/100\n|turn|1\n|\n|t:|1668037788\n|-start|p1a: Heracles|Dynamax|\n|-heal|p1a: Heracles|100\/100|[silent]\n|move|p2a: Cinderace|Nasty Plot|p2a: Cinderace\n|-boost|p2a: Cinderace|spa|2\n|move|p1a: Heracles|Max Airstream|p2a: Cinderace\n|-damage|p2a: Cinderace|28\/100\n|-boost|p1a: Heracles|spe|1\n|replace|p2a: Zoroark|Zoroark, F\n|-end|p2a: Zoroark|Illusion\n|\n|upkeep\n|turn|2\n|\n|t:|1668037809\n|switch|p2a: Tyranitar|Tyranitar, M|100\/100\n|-weather|Sandstorm|[from] ability: Sand Stream|[of] p2a: Tyranitar\n|move|p1a: Heracles|Max Airstream|p2a: Tyranitar\n|-resisted|p2a: Tyranitar\n|-damage|p2a: Tyranitar|87\/100\n|-boost|p1a: Heracles|spe|1\n|\n|-weather|Sandstorm|[upkeep]\n|-damage|p1a: Heracles|97\/100|[from] Sandstorm\n|upkeep\n|turn|3\n|\n|t:|1668037827\n|move|p1a: Heracles|Max Knuckle|p2a: Tyranitar\n|-supereffective|p2a: Tyranitar\n|-damage|p2a: Tyranitar|0 fnt\n|-boost|p1a: Heracles|atk|1\n|faint|p2a: Tyranitar\n|-ability|p1a: Heracles|Moxie|boost\n|-boost|p1a: Heracles|atk|1\n|\n|-weather|Sandstorm|[upkeep]\n|-damage|p1a: Heracles|94\/100|[from] Sandstorm\n|upkeep\n|inactive|M-Ryuke has 120 seconds left.\n|\n|t:|1668037838\n|switch|p2a: Cinderace|Cinderace, M|100\/100\n|-end|p1a: Heracles|Dynamax\n|-heal|p1a: Heracles|94\/100|[silent]\n|turn|4\n|\n|t:|1668037846\n|-start|p2a: Cinderace|Dynamax|Gmax\n|-heal|p2a: Cinderace|100\/100|[silent]\n|move|p1a: Heracles|Low Kick||[still]\n|-fail|p1a: Heracles|Dynamax\n|move|p2a: Cinderace|G-Max Fireball|p1a: Heracles\n|-supereffective|p1a: Heracles\n|-damage|p1a: Heracles|0 fnt\n|faint|p1a: Heracles\n|\n|-weather|Sandstorm|[upkeep]\n|-damage|p2a: Cinderace|98\/100|[from] Sandstorm\n|upkeep\n|\n|t:|1668037862\n|switch|p1a: Silly Bird|Skarmory, F|100\/100\n|turn|5\n|\n|t:|1668037866\n|move|p2a: Cinderace|G-Max Fireball|p1a: Silly Bird\n|-supereffective|p1a: Silly Bird\n|-enditem|p1a: Silly Bird|Focus Sash\n|-damage|p1a: Silly Bird|1\/100\n|move|p1a: Silly Bird|Air Slash|p2a: Cinderace\n|-damage|p2a: Cinderace|86\/100\n|\n|-weather|Sandstorm|[upkeep]\n|-damage|p2a: Cinderace|83\/100|[from] Sandstorm\n|upkeep\n|turn|6\n|\n|t:|1668037883\n|move|p2a: Cinderace|Max Lightning|p1a: Silly Bird\n|-start|p2a: Cinderace|typechange|Electric|[from] ability: Libero\n|-supereffective|p1a: Silly Bird\n|-damage|p1a: Silly Bird|0 fnt\n|-fieldstart|move: Electric Terrain\n|faint|p1a: Silly Bird\n|\n|-weather|none\n|upkeep\n|\n|t:|1668037896\n|switch|p1a: Kick|Hitmonlee, M|100\/100\n|-end|p2a: Cinderace|Dynamax\n|-heal|p2a: Cinderace|83\/100|[silent]\n|turn|7\n|\n|t:|1668037904\n|move|p2a: Cinderace|U-turn|p1a: Kick\n|-start|p2a: Cinderace|typechange|Bug|[from] ability: Libero\n|-resisted|p1a: Kick\n|-damage|p1a: Kick|77\/100\n|\n|t:|1668037908\n|switch|p2a: Gengar|Gengar, M|100\/100|[from]move: U-turn\n|move|p1a: Kick|Double Kick|p2a: Gengar\n|-immune|p2a: Gengar\n|\n|upkeep\n|turn|8\n|\n|t:|1668037918\n|move|p2a: Gengar|Shadow Ball|p1a: Kick\n|-damage|p1a: Kick|34\/100\n|move|p1a: Kick|Poison Jab|p2a: Gengar\n|-resisted|p2a: Gengar\n|-damage|p2a: Gengar|87\/100\n|\n|upkeep\n|turn|9\n|\n|t:|1668037929\n|switch|p1a: J. Lennon|Gengar, M, shiny|100\/100\n|move|p2a: Gengar|Shadow Ball|p1a: J. Lennon\n|-supereffective|p1a: J. Lennon\n|-enditem|p1a: J. Lennon|Focus Sash\n|-damage|p1a: J. Lennon|1\/100\n|\n|upkeep\n|turn|10\n|\n|t:|1668037937\n|move|p2a: Gengar|Shadow Ball|p1a: J. Lennon\n|-supereffective|p1a: J. Lennon\n|-damage|p1a: J. Lennon|0 fnt\n|-start|p2a: Gengar|Disable|Shadow Ball|[from] ability: Cursed Body|[of] p1a: J. Lennon\n|faint|p1a: J. Lennon\n|\n|-fieldend|move: Electric Terrain\n|upkeep\n|\n|t:|1668037946\n|switch|p1a: Kick|Hitmonlee, M|34\/100\n|turn|11\n|\n|t:|1668037959\n|move|p1a: Kick|Bullet Punch|p2a: Gengar\n|-crit|p2a: Gengar\n|-damage|p2a: Gengar|44\/100\n|move|p2a: Gengar|Knock Off|p1a: Kick\n|-resisted|p1a: Kick\n|-damage|p1a: Kick|21\/100\n|-enditem|p1a: Kick|Expert Belt|[from] move: Knock Off|[of] p2a: Gengar\n|\n|upkeep\n|turn|12\n|\n|t:|1668037969\n|move|p1a: Kick|Bullet Punch|p2a: Gengar\n|-damage|p2a: Gengar|15\/100\n|move|p2a: Gengar|Dark Pulse|p1a: Kick\n|-resisted|p1a: Kick\n|-damage|p1a: Kick|6\/100\n|\n|upkeep\n|turn|13\n|\n|t:|1668037979\n|switch|p2a: Dragonite|Dragonite, F|100\/100\n|move|p1a: Kick|Bullet Punch|p2a: Dragonite\n|-damage|p2a: Dragonite|93\/100\n|\n|upkeep\n|turn|14\n|\n|t:|1668037989\n|move|p2a: Dragonite|Earthquake|p1a: Kick\n|-damage|p1a: Kick|0 fnt\n|faint|p1a: Kick\n|\n|upkeep\n|\n|t:|1668037993\n|switch|p1a: Whale|Kyogre|100\/100\n|-weather|RainDance|[from] ability: Drizzle|[of] p1a: Whale\n|turn|15\n|\n|t:|1668038000\n|move|p2a: Dragonite|Dragon Dance|p2a: Dragonite\n|-boost|p2a: Dragonite|atk|1\n|-boost|p2a: Dragonite|spe|1\n|move|p1a: Whale|Hydro Pump|p2a: Dragonite\n|-resisted|p2a: Dragonite\n|-damage|p2a: Dragonite|49\/100\n|\n|-weather|RainDance|[upkeep]\n|upkeep\n|turn|16\n|\n|t:|1668038008\n|move|p2a: Dragonite|Dragon Claw|p1a: Whale\n|-damage|p1a: Whale|39\/100\n|move|p1a: Whale|Ice Beam|p2a: Dragonite\n|-supereffective|p2a: Dragonite\n|-damage|p2a: Dragonite|0 fnt\n|faint|p2a: Dragonite\n|\n|-weather|RainDance|[upkeep]\n|upkeep\n|\n|t:|1668038018\n|switch|p2a: Gengar|Gengar, M|15\/100\n|turn|17\n|\n|t:|1668038022\n|move|p2a: Gengar|Shadow Ball|p1a: Whale\n|-damage|p1a: Whale|10\/100\n|move|p1a: Whale|Waterfall|p2a: Gengar\n|-damage|p2a: Gengar|0 fnt\n|-start|p1a: Whale|Disable|Waterfall|[from] ability: Cursed Body|[of] p2a: Gengar\n|faint|p2a: Gengar\n|\n|-weather|RainDance|[upkeep]\n|upkeep\n|\n|t:|1668038033\n|switch|p2a: Cinderace|Cinderace, M|83\/100\n|turn|18\n|\n|t:|1668038036\n|move|p2a: Cinderace|Electro Ball|p1a: Whale\n|-start|p2a: Cinderace|typechange|Electric|[from] ability: Libero\n|-supereffective|p1a: Whale\n|-damage|p1a: Whale|0 fnt\n|faint|p1a: Whale\n|\n|-weather|RainDance|[upkeep]\n|upkeep\n|\n|t:|1668038042\n|switch|p1a: Flower|Bellossom, M|100\/100\n|turn|19\n|c|\u2606M-Ryuke|Gg bro\n|\n|t:|1668038046\n|move|p2a: Cinderace|Pyro Ball|p1a: Flower\n|-start|p2a: Cinderace|typechange|Fire|[from] ability: Libero\n|-supereffective|p1a: Flower\n|-crit|p1a: Flower\n|-damage|p1a: Flower|39\/100\n|move|p1a: Flower|Giga Drain|p2a: Cinderace\n|-resisted|p2a: Cinderace\n|-damage|p2a: Cinderace|65\/100\n|-heal|p1a: Flower|47\/100|[from] drain|[of] p2a: Cinderace\n|\n|-weather|RainDance|[upkeep]\n|-heal|p1a: Flower|54\/100|[from] item: Leftovers\n|upkeep\n|turn|20\n|\n|t:|1668038060\n|move|p2a: Cinderace|Pyro Ball|p1a: Flower\n|-supereffective|p1a: Flower\n|-damage|p1a: Flower|11\/100\n|move|p1a: Flower|Solar Beam||[still]\n|-prepare|p1a: Flower|Solar Beam\n|\n|-weather|RainDance|[upkeep]\n|-heal|p1a: Flower|17\/100|[from] item: Leftovers\n|upkeep\n|turn|21\n|\n|t:|1668038069\n|move|p2a: Cinderace|Pyro Ball|p1a: Flower|[miss]\n|-miss|p2a: Cinderace|p1a: Flower\n|move|p1a: Flower|Solar Beam|p2a: Cinderace|[from]lockedmove\n|-resisted|p2a: Cinderace\n|-damage|p2a: Cinderace|52\/100\n|\n|-weather|RainDance|[upkeep]\n|-heal|p1a: Flower|24\/100|[from] item: Leftovers\n|upkeep\n|turn|22\n|\n|t:|1668038078\n|move|p2a: Cinderace|Pyro Ball|p1a: Flower\n|-supereffective|p1a: Flower\n|-damage|p1a: Flower|0 fnt\n|faint|p1a: Flower\n|\n|win|M-Ryuke\n|raw|molo-raider's rating: 1000 &rarr; <strong>1000<\/strong><br \/>(+0 for losing)\n|raw|M-Ryuke's rating: 1081 &rarr; <strong>1102<\/strong><br \/>(+21 for winning)\n","uploadtime":1668038088,"views":3,"p1id":"moloraider","p2id":"mryuke","formatid":"gen8anythinggoes","rating":1000,"private":0,"password":null}