{"id":"gen8ou-1646755054","p1":"Blazikenlvl100","p2":"mongwong","format":"gen8ou","log":"|j|\u2606Blazikenlvl100\n|j|\u2606mongwong\n|t:|1661304381\n|gametype|singles\n|player|p1|Blazikenlvl100|170|1450\n|player|p2|mongwong|169|1472\n|teamsize|p1|6\n|teamsize|p2|6\n|gen|8\n|tier|[Gen 8] OU\n|rated|\n|rule|Sleep Clause Mod: Limit one foe put to sleep\n|rule|Species Clause: Limit one of each Pok\u00e9mon\n|rule|OHKO Clause: OHKO moves are banned\n|rule|Evasion Items Clause: Evasion items are banned\n|rule|Evasion Moves Clause: Evasion moves are banned\n|rule|Endless Battle Clause: Forcing endless battles is banned\n|rule|HP Percentage Mod: HP is shown in percentages\n|rule|Dynamax Clause: You cannot dynamax\n|clearpoke\n|poke|p1|Blaziken, M|\n|poke|p1|Blissey, F|\n|poke|p1|Slowbro, M|\n|poke|p1|Ninetales-Alola, M|\n|poke|p1|Arctozolt|\n|poke|p1|Landorus-Therian, M|\n|poke|p2|Pelipper, F|\n|poke|p2|Barraskewda, F|\n|poke|p2|Kingdra, F|\n|poke|p2|Ferrothorn, M|\n|poke|p2|Zapdos|\n|poke|p2|Magnezone|\n|teampreview\n|\n|t:|1661304403\n|start\n|switch|p1a: Arctozolt|Arctozolt|100\/100\n|switch|p2a: Barraskewda|Barraskewda, F|100\/100\n|turn|1\n|inactive|Battle timer is ON: inactive players will automatically lose when time's up. (requested by Blazikenlvl100)\n|\n|t:|1661304412\n|switch|p1a: Slowbro|Slowbro, M|100\/100\n|move|p2a: Barraskewda|Close Combat|p1a: Slowbro\n|-resisted|p1a: Slowbro\n|-crit|p1a: Slowbro\n|-damage|p1a: Slowbro|73\/100\n|-unboost|p2a: Barraskewda|def|1\n|-unboost|p2a: Barraskewda|spd|1\n|-damage|p2a: Barraskewda|84\/100|[from] item: Rocky Helmet|[of] p1a: Slowbro\n|\n|upkeep\n|turn|2\n|\n|t:|1661304422\n|switch|p2a: Pelipper|Pelipper, F|100\/100\n|-weather|RainDance|[from] ability: Drizzle|[of] p2a: Pelipper\n|move|p1a: Slowbro|Scald|p2a: Pelipper\n|-resisted|p2a: Pelipper\n|-damage|p2a: Pelipper|71\/100\n|\n|-weather|RainDance|[upkeep]\n|upkeep\n|turn|3\n|\n|t:|1661304427\n|move|p2a: Pelipper|U-turn|p1a: Slowbro\n|-supereffective|p1a: Slowbro\n|-damage|p1a: Slowbro|63\/100\n|-damage|p2a: Pelipper|55\/100|[from] item: Rocky Helmet|[of] p1a: Slowbro\n|\n|t:|1661304431\n|switch|p2a: Zapdos|Zapdos|100\/100|[from]move: U-turn\n|move|p1a: Slowbro|Scald|p2a: Zapdos\n|-damage|p2a: Zapdos|52\/100\n|\n|-weather|RainDance|[upkeep]\n|upkeep\n|turn|4\n|\n|t:|1661304437\n|switch|p1a: Blissey|Blissey, F|100\/100\n|move|p2a: Zapdos|Hurricane|p1a: Blissey\n|-damage|p1a: Blissey|79\/100\n|\n|-weather|RainDance|[upkeep]\n|-heal|p1a: Blissey|86\/100|[from] item: Leftovers\n|upkeep\n|turn|5\n|\n|t:|1661304441\n|move|p2a: Zapdos|Volt Switch|p1a: Blissey\n|-damage|p1a: Blissey|73\/100\n|\n|t:|1661304446\n|switch|p2a: Magnezone|Magnezone|100\/100|[from]move: Volt Switch\n|move|p1a: Blissey|Stealth Rock|p2a: Magnezone\n|-sidestart|p2: mongwong|move: Stealth Rock\n|\n|-weather|RainDance|[upkeep]\n|-heal|p1a: Blissey|79\/100|[from] item: Leftovers\n|upkeep\n|turn|6\n|\n|t:|1661304452\n|switch|p1a: Landorus|Landorus-Therian, M, shiny|100\/100\n|-ability|p1a: Landorus|Intimidate|boost\n|-unboost|p2a: Magnezone|atk|1\n|move|p2a: Magnezone|Teleport|p2a: Magnezone\n|\n|t:|1661304456\n|switch|p2a: Barraskewda|Barraskewda, F|84\/100|[from]move: Teleport\n|-damage|p2a: Barraskewda|72\/100|[from] Stealth Rock\n|\n|-weather|RainDance|[upkeep]\n|upkeep\n|turn|7\n|\n|t:|1661304460\n|switch|p2a: Zapdos|Zapdos|52\/100\n|switch|p1a: Slowbro|Slowbro, M|96\/100\n|\n|-weather|RainDance|[upkeep]\n|upkeep\n|turn|8\n|\n|t:|1661304464\n|switch|p1a: Blissey|Blissey, F|79\/100\n|move|p2a: Zapdos|Volt Switch|p1a: Blissey\n|-damage|p1a: Blissey|66\/100\n|\n|t:|1661304471\n|switch|p2a: Barraskewda|Barraskewda, F|72\/100|[from]move: Volt Switch\n|-damage|p2a: Barraskewda|60\/100|[from] Stealth Rock\n|\n|-weather|RainDance|[upkeep]\n|-heal|p1a: Blissey|72\/100|[from] item: Leftovers\n|upkeep\n|turn|9\n|\n|t:|1661304475\n|switch|p1a: Slowbro|Slowbro, M|100\/100\n|move|p2a: Barraskewda|Flip Turn|p1a: Slowbro\n|-resisted|p1a: Slowbro\n|-damage|p1a: Slowbro|79\/100\n|-damage|p2a: Barraskewda|43\/100|[from] item: Rocky Helmet|[of] p1a: Slowbro\n|\n|t:|1661304478\n|switch|p2a: Pelipper|Pelipper, F|55\/100|[from]move: Flip Turn\n|-damage|p2a: Pelipper|30\/100|[from] Stealth Rock\n|\n|-weather|none\n|upkeep\n|turn|10\n|\n|t:|1661304488\n|switch|p1a: Ninetales|Ninetales-Alola, M|100\/100\n|-weather|Hail|[from] ability: Snow Warning|[of] p1a: Ninetales\n|move|p2a: Pelipper|Defog|p1a: Ninetales\n|-unboost|p1a: Ninetales|evasion|1\n|-sideend|p2: mongwong|Stealth Rock|[from] move: Defog|[of] p2a: Pelipper\n|\n|-weather|Hail|[upkeep]\n|-damage|p2a: Pelipper|24\/100|[from] Hail\n|upkeep\n|turn|11\n|\n|t:|1661304496\n|switch|p1a: Blaziken|Blaziken, M, shiny|100\/100\n|switch|p2a: Ferrothorn|Ferrothorn, M|100\/100\n|\n|-weather|Hail|[upkeep]\n|-damage|p1a: Blaziken|95\/100|[from] Hail\n|-damage|p2a: Ferrothorn|94\/100|[from] Hail\n|-heal|p2a: Ferrothorn|100\/100|[from] item: Leftovers\n|upkeep\n|turn|12\n|\n|t:|1661304506\n|move|p1a: Blaziken|Blaze Kick|p2a: Ferrothorn\n|-supereffective|p2a: Ferrothorn\n|-damage|p2a: Ferrothorn|0 fnt\n|-damage|p1a: Blaziken|82\/100|[from] ability: Iron Barbs|[of] p2a: Ferrothorn\n|faint|p2a: Ferrothorn\n|-damage|p1a: Blaziken|72\/100|[from] item: Life Orb\n|\n|-weather|Hail|[upkeep]\n|-damage|p1a: Blaziken|66\/100|[from] Hail\n|-ability|p1a: Blaziken|Speed Boost|boost\n|-boost|p1a: Blaziken|spe|1\n|upkeep\n|\n|t:|1661304512\n|switch|p2a: Pelipper|Pelipper, F|24\/100\n|-weather|RainDance|[from] ability: Drizzle|[of] p2a: Pelipper\n|turn|13\n|\n|t:|1661304518\n|switch|p2a: Kingdra|Kingdra, F|100\/100\n|move|p1a: Blaziken|Knock Off|p2a: Kingdra\n|-damage|p2a: Kingdra|51\/100\n|-enditem|p2a: Kingdra|Choice Specs|[from] move: Knock Off|[of] p1a: Blaziken\n|-damage|p1a: Blaziken|56\/100|[from] item: Life Orb\n|\n|-weather|RainDance|[upkeep]\n|-ability|p1a: Blaziken|Speed Boost|boost\n|-boost|p1a: Blaziken|spe|1\n|upkeep\n|turn|14\n|\n|t:|1661304524\n|switch|p1a: Blissey|Blissey, F|72\/100\n|move|p2a: Kingdra|Flip Turn|p1a: Blissey\n|-damage|p1a: Blissey|51\/100\n|\n|t:|1661304527\n|switch|p2a: Barraskewda|Barraskewda, F|43\/100|[from]move: Flip Turn\n|\n|-weather|RainDance|[upkeep]\n|-heal|p1a: Blissey|57\/100|[from] item: Leftovers\n|upkeep\n|turn|15\n|\n|t:|1661304531\n|switch|p1a: Slowbro|Slowbro, M|100\/100\n|move|p2a: Barraskewda|Flip Turn|p1a: Slowbro\n|-resisted|p1a: Slowbro\n|-damage|p1a: Slowbro|77\/100\n|-damage|p2a: Barraskewda|27\/100|[from] item: Rocky Helmet|[of] p1a: Slowbro\n|\n|t:|1661304534\n|switch|p2a: Zapdos|Zapdos|52\/100|[from]move: Flip Turn\n|\n|-weather|RainDance|[upkeep]\n|upkeep\n|turn|16\n|\n|t:|1661304539\n|switch|p1a: Landorus|Landorus-Therian, M, shiny|100\/100\n|-ability|p1a: Landorus|Intimidate|boost\n|-unboost|p2a: Zapdos|atk|1\n|move|p2a: Zapdos|Volt Switch|p1a: Landorus\n|-immune|p1a: Landorus\n|\n|-weather|RainDance|[upkeep]\n|upkeep\n|turn|17\n|\n|t:|1661304544\n|switch|p1a: Blissey|Blissey, F|57\/100\n|move|p2a: Zapdos|Weather Ball|p1a: Blissey\n|-damage|p1a: Blissey|37\/100\n|\n|-weather|RainDance|[upkeep]\n|-heal|p1a: Blissey|43\/100|[from] item: Leftovers\n|upkeep\n|turn|18\n|\n|t:|1661304547\n|move|p2a: Zapdos|Volt Switch|p1a: Blissey\n|-damage|p1a: Blissey|30\/100\n|\n|t:|1661304549\n|switch|p2a: Barraskewda|Barraskewda, F|27\/100|[from]move: Volt Switch\n|move|p1a: Blissey|Soft-Boiled|p1a: Blissey\n|-heal|p1a: Blissey|80\/100\n|\n|-weather|RainDance|[upkeep]\n|-heal|p1a: Blissey|86\/100|[from] item: Leftovers\n|upkeep\n|turn|19\n|\n|t:|1661304554\n|switch|p2a: Pelipper|Pelipper, F|24\/100\n|switch|p1a: Slowbro|Slowbro, M|100\/100\n|\n|-weather|RainDance|[upkeep]\n|upkeep\n|turn|20\n|\n|t:|1661304557\n|move|p2a: Pelipper|Knock Off|p1a: Slowbro\n|-supereffective|p1a: Slowbro\n|-damage|p1a: Slowbro|87\/100\n|-damage|p2a: Pelipper|7\/100|[from] item: Rocky Helmet|[of] p1a: Slowbro\n|-enditem|p1a: Slowbro|Rocky Helmet|[from] move: Knock Off|[of] p2a: Pelipper\n|move|p1a: Slowbro|Scald|p2a: Pelipper\n|-resisted|p2a: Pelipper\n|-damage|p2a: Pelipper|0 fnt\n|faint|p2a: Pelipper\n|\n|-weather|none\n|upkeep\n|\n|t:|1661304560\n|switch|p2a: Zapdos|Zapdos|52\/100\n|turn|21\n|\n|t:|1661304564\n|switch|p1a: Blissey|Blissey, F|86\/100\n|move|p2a: Zapdos|Volt Switch|p1a: Blissey\n|-damage|p1a: Blissey|73\/100\n|\n|t:|1661304567\n|switch|p2a: Barraskewda|Barraskewda, F|27\/100|[from]move: Volt Switch\n|\n|-heal|p1a: Blissey|79\/100|[from] item: Leftovers\n|upkeep\n|turn|22\n|\n|t:|1661304571\n|switch|p1a: Slowbro|Slowbro, M|100\/100\n|move|p2a: Barraskewda|Close Combat|p1a: Slowbro\n|-resisted|p1a: Slowbro\n|-damage|p1a: Slowbro|80\/100\n|-unboost|p2a: Barraskewda|def|1\n|-unboost|p2a: Barraskewda|spd|1\n|\n|upkeep\n|turn|23\n|\n|t:|1661304577\n|switch|p2a: Magnezone|Magnezone|100\/100\n|move|p1a: Slowbro|Teleport|p1a: Slowbro\n|\n|t:|1661304581\n|switch|p1a: Landorus|Landorus-Therian, M, shiny|100\/100|[from]move: Teleport\n|-ability|p1a: Landorus|Intimidate|boost\n|-unboost|p2a: Magnezone|atk|1\n|\n|upkeep\n|turn|24\n|\n|t:|1661304587\n|switch|p2a: Zapdos|Zapdos|52\/100\n|move|p1a: Landorus|Knock Off|p2a: Zapdos\n|-damage|p2a: Zapdos|8\/100\n|-status|p1a: Landorus|par|[from] ability: Static|[of] p2a: Zapdos\n|-enditem|p2a: Zapdos|Heavy-Duty Boots|[from] move: Knock Off|[of] p1a: Landorus\n|\n|upkeep\n|turn|25\n|\n|t:|1661304593\n|switch|p2a: Kingdra|Kingdra, F|51\/100\n|move|p1a: Landorus|Earthquake|p2a: Kingdra\n|-damage|p2a: Kingdra|0 fnt\n|faint|p2a: Kingdra\n|\n|upkeep\n|\n|t:|1661304595\n|switch|p2a: Barraskewda|Barraskewda, F|27\/100\n|turn|26\n|\n|t:|1661304599\n|switch|p1a: Slowbro|Slowbro, M|100\/100\n|move|p2a: Barraskewda|Liquidation|p1a: Slowbro\n|-resisted|p1a: Slowbro\n|-damage|p1a: Slowbro|79\/100\n|-unboost|p1a: Slowbro|def|1\n|\n|upkeep\n|turn|27\n|\n|t:|1661304604\n|move|p2a: Barraskewda|Liquidation|p1a: Slowbro\n|-resisted|p1a: Slowbro\n|-damage|p1a: Slowbro|49\/100\n|move|p1a: Slowbro|Teleport|p1a: Slowbro\n|\n|t:|1661304611\n|switch|p1a: Landorus|Landorus-Therian, M, shiny|100\/100 par|[from]move: Teleport\n|-ability|p1a: Landorus|Intimidate|boost\n|-unboost|p2a: Barraskewda|atk|1\n|\n|upkeep\n|turn|28\n|\n|t:|1661304614\n|switch|p1a: Slowbro|Slowbro, M|82\/100\n|move|p2a: Barraskewda|Liquidation|p1a: Slowbro\n|-resisted|p1a: Slowbro\n|-damage|p1a: Slowbro|69\/100\n|\n|upkeep\n|turn|29\n|\n|t:|1661304621\n|switch|p2a: Magnezone|Magnezone|100\/100\n|move|p1a: Slowbro|Teleport|p1a: Slowbro\n|\n|t:|1661304623\n|switch|p1a: Landorus|Landorus-Therian, M, shiny|100\/100 par|[from]move: Teleport\n|-ability|p1a: Landorus|Intimidate|boost\n|-unboost|p2a: Magnezone|atk|1\n|\n|upkeep\n|turn|30\n|\n|t:|1661304627\n|move|p2a: Magnezone|Iron Defense|p2a: Magnezone\n|-boost|p2a: Magnezone|def|2\n|move|p1a: Landorus|Knock Off|p2a: Magnezone\n|-damage|p2a: Magnezone|89\/100\n|-enditem|p2a: Magnezone|Leftovers|[from] move: Knock Off|[of] p1a: Landorus\n|\n|upkeep\n|turn|31\n|\n|t:|1661304629\n|move|p2a: Magnezone|Iron Defense|p2a: Magnezone\n|-boost|p2a: Magnezone|def|2\n|cant|p1a: Landorus|par\n|\n|upkeep\n|turn|32\n|\n|t:|1661304631\n|move|p2a: Magnezone|Iron Defense|p2a: Magnezone\n|-boost|p2a: Magnezone|def|2\n|move|p1a: Landorus|Earthquake|p2a: Magnezone\n|-supereffective|p2a: Magnezone\n|-damage|p2a: Magnezone|49\/100\n|\n|upkeep\n|turn|33\n|\n|t:|1661304634\n|move|p2a: Magnezone|Body Press|p1a: Landorus\n|-resisted|p1a: Landorus\n|-damage|p1a: Landorus|35\/100 par\n|move|p1a: Landorus|Earthquake|p2a: Magnezone\n|-supereffective|p2a: Magnezone\n|-damage|p2a: Magnezone|11\/100\n|\n|-heal|p1a: Landorus|41\/100 par|[from] item: Leftovers\n|upkeep\n|turn|34\n|\n|t:|1661304643\n|move|p2a: Magnezone|Body Press|p1a: Landorus\n|-resisted|p1a: Landorus\n|-damage|p1a: Landorus|0 fnt\n|faint|p1a: Landorus\n|\n|upkeep\n|\n|t:|1661304646\n|switch|p1a: Blaziken|Blaziken, M, shiny|56\/100\n|turn|35\n|\n|t:|1661304649\n|move|p1a: Blaziken|Close Combat|p2a: Magnezone\n|-supereffective|p2a: Magnezone\n|-damage|p2a: Magnezone|0 fnt\n|-unboost|p1a: Blaziken|def|1\n|-unboost|p1a: Blaziken|spd|1\n|faint|p2a: Magnezone\n|-damage|p1a: Blaziken|46\/100|[from] item: Life Orb\n|\n|-ability|p1a: Blaziken|Speed Boost|boost\n|-boost|p1a: Blaziken|spe|1\n|upkeep\n|-message|mongwong forfeited.\n|\n|win|Blazikenlvl100\n|raw|Blazikenlvl100's rating: 1450 &rarr; <strong>1471<\/strong><br \/>(+21 for winning)\n|raw|mongwong's rating: 1472 &rarr; <strong>1451<\/strong><br \/>(-21 for losing)\n|l|\u2606mongwong\n||Ladder isn't responding, score probably updated but might not have (Request timeout).\n","uploadtime":1661304671,"views":9,"p1id":"blazikenlvl100","p2id":"mongwong","formatid":"gen8ou","rating":1451,"private":0,"password":null}