{"id":"gen8nationaldex-1422714738","p1":"nigel333","p2":"Benjamin Gilbert","format":"gen8nationaldex","log":"|j|\u2606nigel333\n|j|\u2606Benjamin Gilbert\n|inactive|Battle timer is ON: inactive players will automatically lose when time's up.\n|t:|1632436342\n|gametype|singles\n|player|p1|nigel333|musician|\n|player|p2|Benjamin Gilbert|266|\n|teamsize|p1|6\n|teamsize|p2|6\n|gen|8\n|tier|[Gen 8] National Dex\n|rated|Tournament battle\n|rule|HP Percentage Mod: HP is shown in percentages\n|rule|Endless Battle Clause: Forcing endless battles is banned\n|rule|OHKO Clause: OHKO moves are banned\n|rule|Evasion Moves Clause: Evasion moves are banned\n|rule|Species Clause: Limit one of each Pok\u00e9mon\n|rule|Dynamax Clause: You cannot dynamax\n|rule|Sleep Clause Mod: Limit one foe put to sleep\n|clearpoke\n|poke|p1|Bibarel, F|\n|poke|p1|Latias, F|\n|poke|p1|Magnezone|\n|poke|p1|Toxapex, F|\n|poke|p1|Landorus-Therian, M|\n|poke|p1|Clefable, F|\n|poke|p2|Regieleki|\n|poke|p2|Toxapex, F|\n|poke|p2|Zapdos-Galar|\n|poke|p2|Diancie|\n|poke|p2|Ferrothorn, F|\n|poke|p2|Mamoswine, M|\n|teampreview\n|j| UnzipsCrogre\n|c|\u2606nigel333|hf\n|j| AromaVerity\n|c|\u2606Benjamin Gilbert|hf\n|j| michael213\n|\n|t:|1632436354\n|start\n|switch|p1a: Toxapex|Toxapex, F|100\/100\n|switch|p2a: Roadrunner|Zapdos-Galar|100\/100\n|turn|1\n|\n|t:|1632436361\n|move|p2a: Roadrunner|Substitute|p2a: Roadrunner\n|-start|p2a: Roadrunner|Substitute\n|-damage|p2a: Roadrunner|76\/100\n|move|p1a: Toxapex|Scald|p2a: Roadrunner\n|-activate|p2a: Roadrunner|move: Substitute|[damage]\n|\n|upkeep\n|turn|2\n|j| BoomDragoon\n|j| Djwaot\n|\n|t:|1632436370\n|move|p2a: Roadrunner|Thunderous Kick|p1a: Toxapex\n|-resisted|p1a: Toxapex\n|-damage|p1a: Toxapex|84\/100\n|-unboost|p1a: Toxapex|def|1\n|move|p1a: Toxapex|Haze|p1a: Toxapex\n|-clearallboost\n|\n|-heal|p1a: Toxapex|90\/100|[from] item: Black Sludge\n|upkeep\n|turn|3\n|\n|t:|1632436375\n|move|p2a: Roadrunner|Bulk Up|p2a: Roadrunner\n|-boost|p2a: Roadrunner|atk|1\n|-boost|p2a: Roadrunner|def|1\n|move|p1a: Toxapex|Haze|p1a: Toxapex\n|-clearallboost\n|\n|-heal|p1a: Toxapex|97\/100|[from] item: Black Sludge\n|upkeep\n|turn|4\n|\n|t:|1632436377\n|move|p2a: Roadrunner|Bulk Up|p2a: Roadrunner\n|-boost|p2a: Roadrunner|atk|1\n|-boost|p2a: Roadrunner|def|1\n|move|p1a: Toxapex|Haze|p1a: Toxapex\n|-clearallboost\n|\n|-heal|p1a: Toxapex|100\/100|[from] item: Black Sludge\n|upkeep\n|turn|5\n|\n|t:|1632436384\n|move|p2a: Roadrunner|Bulk Up|p2a: Roadrunner\n|-boost|p2a: Roadrunner|atk|1\n|-boost|p2a: Roadrunner|def|1\n|move|p1a: Toxapex|Haze|p1a: Toxapex\n|-clearallboost\n|\n|upkeep\n|turn|6\n|\n|t:|1632436386\n|move|p2a: Roadrunner|Brave Bird|p1a: Toxapex\n|-damage|p1a: Toxapex|56\/100\n|-damage|p2a: Roadrunner|62\/100|[from] Recoil\n|move|p1a: Toxapex|Haze|p1a: Toxapex\n|-clearallboost\n|\n|-heal|p1a: Toxapex|62\/100|[from] item: Black Sludge\n|upkeep\n|turn|7\n|j| whole lotta agents\n|\n|t:|1632436390\n|move|p2a: Roadrunner|Brave Bird|p1a: Toxapex\n|-damage|p1a: Toxapex|15\/100\n|-damage|p2a: Roadrunner|47\/100|[from] Recoil\n|move|p1a: Toxapex|Haze|p1a: Toxapex\n|-clearallboost\n|\n|-heal|p1a: Toxapex|22\/100|[from] item: Black Sludge\n|upkeep\n|turn|8\n|\n|t:|1632436398\n|switch|p1a: Latias|Latias, F|100\/100\n|move|p2a: Roadrunner|Bulk Up|p2a: Roadrunner\n|-boost|p2a: Roadrunner|atk|1\n|-boost|p2a: Roadrunner|def|1\n|\n|upkeep\n|turn|9\n|j| Specs Analytic\n|\n|t:|1632436407\n|switch|p1a: Magnezone|Magnezone|100\/100\n|-zpower|p2a: Roadrunner\n|move|p2a: Roadrunner|Supersonic Skystrike|p1a: Magnezone|[zeffect]\n|-resisted|p1a: Magnezone\n|-damage|p1a: Magnezone|62\/100\n|\n|upkeep\n|turn|10\n|l| Specs Analytic\n|\n|t:|1632436417\n|switch|p1a: Clefable|Clefable, F|100\/100\n|move|p2a: Roadrunner|Thunderous Kick|p1a: Clefable\n|-resisted|p1a: Clefable\n|-damage|p1a: Clefable|76\/100\n|-unboost|p1a: Clefable|def|1\n|\n|-heal|p1a: Clefable|82\/100|[from] item: Leftovers\n|upkeep\n|turn|11\n|j| LillieZForm\n|\n|t:|1632436425\n|switch|p1a: Latias|Latias, F|100\/100\n|move|p2a: Roadrunner|Brave Bird|p1a: Latias\n|-damage|p1a: Latias|7\/100\n|-damage|p2a: Roadrunner|12\/100|[from] Recoil\n|\n|upkeep\n|turn|12\n|j| DrewCareysFeet\n|\n|t:|1632436429\n|detailschange|p1a: Latias|Latias-Mega, F\n|-mega|p1a: Latias|Latias|Latiasite\n|move|p1a: Latias|Psyshock|p2a: Roadrunner\n|-supereffective|p2a: Roadrunner\n|-end|p2a: Roadrunner|Substitute\n|move|p2a: Roadrunner|Thunderous Kick|p1a: Latias\n|-resisted|p1a: Latias\n|-damage|p1a: Latias|0 fnt\n|faint|p1a: Latias\n|\n|upkeep\n|\n|t:|1632436433\n|switch|p1a: Bibarel|Bibarel, F|100\/100\n|turn|13\n|\n|t:|1632436437\n|move|p1a: Bibarel|Quick Attack|p2a: Roadrunner\n|-damage|p2a: Roadrunner|0 fnt\n|faint|p2a: Roadrunner\n|-damage|p1a: Bibarel|91\/100|[from] item: Life Orb\n|\n|upkeep\n|\n|t:|1632436462\n|switch|p2a: Temple|Ferrothorn, F, shiny|100\/100\n|turn|14\n|\n|t:|1632436467\n|switch|p1a: Clefable|Clefable, F|82\/100\n|move|p2a: Temple|Body Press|p1a: Clefable\n|-resisted|p1a: Clefable\n|-damage|p1a: Clefable|72\/100\n|\n|-heal|p1a: Clefable|78\/100|[from] item: Leftovers\n|upkeep\n|turn|15\n|\n|t:|1632436470\n|move|p1a: Clefable|Calm Mind|p1a: Clefable\n|-boost|p1a: Clefable|spa|1\n|-boost|p1a: Clefable|spd|1\n|move|p2a: Temple|Spikes|p1a: Clefable\n|-sidestart|p1: nigel333|Spikes\n|\n|-heal|p1a: Clefable|84\/100|[from] item: Leftovers\n|upkeep\n|turn|16\n|\n|t:|1632436472\n|switch|p2a: Painstendo.|Toxapex, F, shiny|100\/100\n|move|p1a: Clefable|Flamethrower|p2a: Painstendo.\n|-resisted|p2a: Painstendo.\n|-damage|p2a: Painstendo.|90\/100\n|\n|-heal|p1a: Clefable|90\/100|[from] item: Leftovers\n|-heal|p2a: Painstendo.|97\/100|[from] item: Black Sludge\n|upkeep\n|turn|17\n|\n|t:|1632436475\n|switch|p1a: Magnezone|Magnezone|62\/100\n|-damage|p1a: Magnezone|50\/100|[from] Spikes\n|move|p2a: Painstendo.|Scald|p1a: Magnezone\n|-crit|p1a: Magnezone\n|-damage|p1a: Magnezone|16\/100\n|\n|-heal|p2a: Painstendo.|100\/100|[from] item: Black Sludge\n|upkeep\n|turn|18\n|\n|t:|1632436486\n|switch|p1a: Clefable|Clefable, F|90\/100\n|move|p2a: Painstendo.|Scald|p1a: Clefable\n|-damage|p1a: Clefable|74\/100\n|\n|-heal|p1a: Clefable|80\/100|[from] item: Leftovers\n|upkeep\n|turn|19\n|\n|t:|1632436492\n|move|p1a: Clefable|Calm Mind|p1a: Clefable\n|-boost|p1a: Clefable|spa|1\n|-boost|p1a: Clefable|spd|1\n|move|p2a: Painstendo.|Scald|p1a: Clefable\n|-damage|p1a: Clefable|70\/100\n|-status|p1a: Clefable|brn\n|\n|-heal|p1a: Clefable|76\/100 brn|[from] item: Leftovers\n|upkeep\n|turn|20\n|\n|t:|1632436497\n|switch|p1a: Landorus|Landorus-Therian, M|100\/100\n|-ability|p1a: Landorus|Intimidate|boost\n|-unboost|p2a: Painstendo.|atk|1\n|move|p2a: Painstendo.|Haze|p2a: Painstendo.\n|-clearallboost\n|\n|upkeep\n|turn|21\n|\n|t:|1632436501\n|move|p1a: Landorus|Earthquake|p2a: Painstendo.\n|-supereffective|p2a: Painstendo.\n|-damage|p2a: Painstendo.|11\/100\n|move|p2a: Painstendo.|Scald|p1a: Landorus\n|-supereffective|p1a: Landorus\n|-damage|p1a: Landorus|60\/100\n|\n|-heal|p2a: Painstendo.|17\/100|[from] item: Black Sludge\n|upkeep\n|turn|22\n|\n|t:|1632436510\n|switch|p1a: Magnezone|Magnezone|16\/100\n|-damage|p1a: Magnezone|3\/100|[from] Spikes\n|switch|p2a: Hannibal|Mamoswine, M|100\/100\n|\n|upkeep\n|turn|23\n|\n|t:|1632436514\n|move|p2a: Hannibal|Ice Shard|p1a: Magnezone\n|-resisted|p1a: Magnezone\n|-damage|p1a: Magnezone|0 fnt\n|faint|p1a: Magnezone\n|\n|upkeep\n|\n|t:|1632436516\n|switch|p1a: Clefable|Clefable, F|76\/100 brn\n|turn|24\n|\n|t:|1632436522\n|move|p2a: Hannibal|Icicle Crash|p1a: Clefable\n|-damage|p1a: Clefable|38\/100 brn\n|cant|p1a: Clefable|flinch\n|\n|-heal|p1a: Clefable|44\/100 brn|[from] item: Leftovers\n|upkeep\n|turn|25\n|\n|t:|1632436525\n|move|p2a: Hannibal|Earthquake|p1a: Clefable\n|-damage|p1a: Clefable|3\/100 brn\n|move|p1a: Clefable|Soft-Boiled|p1a: Clefable\n|-heal|p1a: Clefable|53\/100 brn\n|\n|-heal|p1a: Clefable|59\/100 brn|[from] item: Leftovers\n|upkeep\n|turn|26\n|\n|t:|1632436528\n|move|p2a: Hannibal|Knock Off|p1a: Clefable\n|-resisted|p1a: Clefable\n|-damage|p1a: Clefable|46\/100 brn\n|-enditem|p1a: Clefable|Leftovers|[from] move: Knock Off|[of] p2a: Hannibal\n|move|p1a: Clefable|Soft-Boiled|p1a: Clefable\n|-heal|p1a: Clefable|96\/100 brn\n|\n|upkeep\n|turn|27\n|\n|t:|1632436531\n|switch|p2a: Painstendo.|Toxapex, F, shiny|50\/100\n|move|p1a: Clefable|Moonblast|p2a: Painstendo.\n|-resisted|p2a: Painstendo.\n|-damage|p2a: Painstendo.|40\/100\n|\n|-heal|p2a: Painstendo.|46\/100|[from] item: Black Sludge\n|upkeep\n|turn|28\n|\n|t:|1632436535\n|switch|p1a: Landorus|Landorus-Therian, M|60\/100\n|-ability|p1a: Landorus|Intimidate|boost\n|-unboost|p2a: Painstendo.|atk|1\n|move|p2a: Painstendo.|Scald|p1a: Landorus\n|-supereffective|p1a: Landorus\n|-damage|p1a: Landorus|20\/100\n|\n|-heal|p2a: Painstendo.|52\/100|[from] item: Black Sludge\n|upkeep\n|turn|29\n|\n|t:|1632436542\n|switch|p2a: Temple|Ferrothorn, F, shiny|100\/100\n|move|p1a: Landorus|Earthquake|p2a: Temple\n|-damage|p2a: Temple|66\/100\n|\n|-heal|p2a: Temple|73\/100|[from] item: Leftovers\n|upkeep\n|turn|30\n|\n|t:|1632436545\n|switch|p1a: Clefable|Clefable, F|96\/100 brn\n|move|p2a: Temple|Power Whip|p1a: Clefable\n|-damage|p1a: Clefable|67\/100 brn\n|\n|-heal|p2a: Temple|79\/100|[from] item: Leftovers\n|upkeep\n|turn|31\n|\n|t:|1632436554\n|switch|p1a: Landorus|Landorus-Therian, M|20\/100\n|-ability|p1a: Landorus|Intimidate|boost\n|-unboost|p2a: Temple|atk|1\n|switch|p2a: Painstendo.|Toxapex, F, shiny|85\/100\n|\n|-heal|p2a: Painstendo.|92\/100|[from] item: Black Sludge\n|upkeep\n|turn|32\n|\n|t:|1632436581\n|move|p1a: Landorus|Earthquake|p2a: Painstendo.\n|-supereffective|p2a: Painstendo.\n|-crit|p2a: Painstendo.\n|-damage|p2a: Painstendo.|0 fnt\n|faint|p2a: Painstendo.\n|\n|upkeep\n|c|\u2606nigel333|deeply unfortunate\n|\n|t:|1632436590\n|switch|p2a: Hannibal|Mamoswine, M|100\/100\n|turn|33\n|\n|t:|1632436597\n|move|p1a: Landorus|Earthquake|p2a: Hannibal\n|-damage|p2a: Hannibal|33\/100\n|move|p2a: Hannibal|Earthquake|p1a: Landorus\n|-immune|p1a: Landorus\n|\n|upkeep\n|turn|34\n|\n|t:|1632436603\n|switch|p1a: Clefable|Clefable, F|67\/100 brn\n|move|p2a: Hannibal|Ice Shard|p1a: Clefable\n|-damage|p1a: Clefable|48\/100 brn\n|\n|upkeep\n|turn|35\n|c| whole lotta agents|can u voice me\n|\n|t:|1632436618\n|move|p2a: Hannibal|Icicle Crash|p1a: Clefable\n|-damage|p1a: Clefable|11\/100 brn\n|move|p1a: Clefable|Soft-Boiled|p1a: Clefable\n|-heal|p1a: Clefable|61\/100 brn\n|\n|upkeep\n|turn|36\n|c| whole lotta agents|rq\n|c|\u2606nigel333|wdym\n|c|\u2606nigel333|i forgot t\n|c|\u2606nigel333|the\n|c|\u2606nigel333|command\n|\n|t:|1632436628\n|move|p2a: Hannibal|Icicle Crash|p1a: Clefable\n|-damage|p1a: Clefable|27\/100 brn\n|move|p1a: Clefable|Soft-Boiled|p1a: Clefable\n|-heal|p1a: Clefable|77\/100 brn\n|\n|upkeep\n|turn|37\n|\n|t:|1632436632\n|move|p2a: Hannibal|Icicle Crash|p1a: Clefable\n|-damage|p1a: Clefable|39\/100 brn\n|cant|p1a: Clefable|flinch\n|\n|upkeep\n|turn|38\n|\n|t:|1632436636\n|switch|p1a: Landorus|Landorus-Therian, M|20\/100\n|-ability|p1a: Landorus|Intimidate|boost\n|-unboost|p2a: Hannibal|atk|1\n|move|p2a: Hannibal|Earthquake|p1a: Landorus\n|-immune|p1a: Landorus\n|\n|upkeep\n|turn|39\n|c| whole lotta agents|\/\/roomvoice whole lotta agents\n|\n|t:|1632436641\n|switch|p1a: Toxapex|Toxapex, F|55\/100\n|-damage|p1a: Toxapex|42\/100|[from] Spikes\n|move|p2a: Hannibal|Ice Shard|p1a: Toxapex\n|-resisted|p1a: Toxapex\n|-damage|p1a: Toxapex|36\/100\n|\n|-heal|p1a: Toxapex|43\/100|[from] item: Black Sludge\n|upkeep\n|turn|40\n|n|+whole lotta agents|wholelottaagents\n|n|+whole lotta agents|wholelottaagents\n|c|\u2606nigel333|\/log whole lotta agents was promoted to Room Voice by nigel333.\n|n|+whole lotta agents|wholelottaagents\n|c|+whole lotta agents|thx\n|c|\u2606nigel333|np\n|c|+whole lotta agents|!code\n|c|+whole lotta agents|\/raw <div class=\"infobox\"><details class=\"readmore code\" style=\"white-space: pre-wrap; display: table; tab-size: 3\"><summary><\/summary>&quot;\u0926\u0941\u0930\u094d\u092d\u093e\u0917\u094d\u092f\u092a\u0942\u0930\u094d\u0923&quot; \u092e\u0947\u0930\u0940 \u0936\u094d\u0930\u0943\u0902\u0916\u0932\u093e \u0915\u093e \u0935\u0930\u094d\u0923\u0928 \u0915\u0930\u0928\u093e \u0936\u0941\u0930\u0942 \u0928\u0939\u0940\u0902 \u0915\u0930\u0924\u093e \u0939\u0948, \u092f\u0939 \u0916\u0947\u0932 \u0905\u0902\u0927\u0947 \u092d\u093e\u0917\u094d\u092f \u0915\u094b \u092a\u0941\u0930\u0938\u094d\u0915\u0943\u0924 \u0915\u0930\u0924\u093e \u0939\u0948 \u0914\u0930 \u0915\u0941\u091b \u0928\u0939\u0940\u0902, \u092e\u0948\u0902 \u0907\u0938 \u092c\u093f\u0902\u0926\u0941 \u092a\u0930 \u0906\u0936\u094d\u0935\u0938\u094d\u0924 \u0938\u0947 \u092a\u0930\u0947 \u0939\u0942\u0902\u0964 \u0905\u092a\u0928\u0947 \u092a\u094d\u0930\u0924\u093f\u0926\u094d\u0935\u0902\u0926\u094d\u0935\u0940 \u0915\u0947 \u0938\u093e\u0925 \u0906\u0916\u093f\u0930\u0940 \u092e\u093f\u0928\u091f \u092e\u0947\u0902 \u0938\u092e\u092f \u092c\u0926\u0932\u0928\u0947 \u0914\u0930 \u092e\u0948\u091a \u0915\u0947 \u0926\u093f\u0928 \u0938\u0947 \u092a\u0939\u0932\u0947 \u0916\u0947\u0932\u0928\u0947 \u0915\u0947 \u0938\u092e\u092f \u0915\u0947 \u0930\u0942\u092a \u092e\u0947\u0902 \u092a\u0941\u0937\u094d\u091f\u093f \u092a\u094d\u0930\u0926\u093e\u0928 \u0915\u0930\u0928\u0947 \u0938\u0947 \u0907\u0928\u0915\u093e\u0930 \u0915\u0930\u0928\u0947 \u0915\u0947 \u092c\u093e\u0926, \u0907\u0938 \u0924\u0930\u0939 \u0938\u0947 \u0939\u093e\u0930\u0928\u093e \u0915\u093f\u0938\u0940 \u092d\u0940 \u0924\u0930\u0939 \u0938\u0947 \u091c\u093f\u0924\u0928\u093e \u092e\u0948\u0902\u0928\u0947 \u0938\u094b\u091a\u093e \u0925\u093e \u0909\u0938\u0938\u0947 \u092d\u0940 \u092c\u0926\u0924\u0930 \u092e\u0939\u0938\u0942\u0938 \u0915\u093f\u092f\u093e\u0964 \u092e\u0947\u0930\u0940 \u0924\u0948\u092f\u093e\u0930\u0940 \u092c\u0947\u0939\u0924\u0930 \u0925\u0940, \u092e\u0947\u0930\u093e \u0916\u0947\u0932 \u092c\u0947\u0939\u0924\u0930 \u0925\u093e, \u0914\u0930 \u092e\u0948\u0902 \u0939\u093e\u0930 \u0917\u092f\u093e, \u0907\u0938\u0932\u093f\u090f \u092e\u0941\u091d\u0947 \u0910\u0938\u0940 \u0917\u0924\u093f\u0935\u093f\u0927\u093f \u092e\u0947\u0902 \u0936\u093e\u092e\u093f\u0932 \u0939\u094b\u0928\u0947 \u0915\u093e \u0915\u094b\u0908 \u0915\u093e\u0930\u0923 \u0928\u0939\u0940\u0902 \u0926\u093f\u0916 \u0930\u0939\u093e \u0939\u0948 \u091c\u094b \u092e\u0947\u0930\u0947 \u0928\u093f\u092f\u0902\u0924\u094d\u0930\u0923 \u092e\u0947\u0902 \u0939 \u091c \u092e\u0930 \u0928\u092f\u0924\u0930\u0923 \u092e \u0928\u0939 \u0939\u0964<br \/><br \/>\u092e\u091d \u092a\u0930\u0924\u0938\u092a\u0930\u0927 \u092a\u0915\u092e\u0928 \u0915 \u0938\u0925 \u0915\u092f \u0917\u092f \u0939, \u0914\u0930 \u0906\u092a\u0915 \u090f\u0915 \u0936\u0928\u0926\u0930 \u0935\u0926\u0908 \u0928\u0939 \u092e\u0932\u0917\u0964 \u092f\u0939 \u0938\u092e\u0926\u092f \u0905\u092a\u0928 \u091c\u0921 \u0938 \u090f\u0915 \u0905\u092a\u0915\u0937\u092f \u0930\u0917 \u0938 \u0938\u0915\u0930\u092e\u0924 \u0939 \u091c \u0938\u092e\u092f \u0915 \u0938\u0925 \u092e\u091c\u092c\u0924 \u0939\u0924 \u091c\u0924 \u0939 \u0932\u0915\u0928 \u0905\u092a\u0928 \u092e\u091c\u092c\u0928 \u0915 \u092e\u0930\u0928 \u0938 \u0930\u0915\u0924 \u0939\u0964 \u091f\u0930\u0928\u092e\u091f \u092e \u0909\u0928\u0915 \u0926\u0932 \u092e \u090f\u0915 \u092a\u0930\u0924\u0938\u092a\u0930\u0927 \u092d\u0935\u0928 \u0939\u0906 \u0915\u0930\u0924 \u0925, \u0907\u0938 \u092a\u0930\u0924\u092f\u0930\u092a\u0924 \u0915\u092f \u0917\u092f \u0939 \u0914\u0930 \u090f\u0915 \u0915\u0924\u0930\u092e \u0905\u0917 \u0915 \u0938\u0925 \u092a\u0930\u0924\u0938\u0925\u092a\u0924 \u0915\u092f \u0917\u092f \u0939 \u091c \u0905\u0938\u0930\u0915\u0937\u0924 \u091b\u091f \u0932\u0921\u0915 \u0938 \u0935\u091f\u0930\u092f\u0932 \u0914\u0930 \u092e\u091c\u0915 \u092a\u0930 \u092b\u0921 \u0915\u0930\u0924 \u0939 \u091c \u0915\u0928\u0930 \u0938 \u0918\u092e\u0924 \u0939 \u0914\u0930 \u0927\u092f\u0928 \u0915 \u0938\u0915\u0930\u092a \u092a\u0930 \u091f\u0915\u0921 \u091f\u0915\u0921 \u0915\u0930\u0928 \u0915 \u0932\u090f \u090f\u0915-\u0926\u0938\u0930 \u0915 \u092b\u0921\u0924 \u0939\u0964 \u091c\u0938 \u0935\u0924\u0935\u0930\u0923 \u0915 \u0939\u092e\u0928 \u092c\u0922\u0935 \u0926\u092f \u0939, \u0909\u0938\u0928 \u0939\u092e \u0938\u092d \u0915 \u090f\u0915 \u0926\u0937\u091a\u0915\u0930 \u092e \u092b\u0938 \u0926\u092f \u0939, \u0914\u0930 \u0907\u0938\u0938 \u092c\u091a\u0928 \u0915 \u0932\u090f \u0938\u092c\u0938 \u0915\u0920\u0930 \u0935\u0938\u0924\u0935\u0915\u0924 \u0915 \u0938\u0935\u0915\u0924 \u0915 \u0906\u0935\u0936\u092f\u0915\u0924 \u0939\u0924 \u0939, \u091c\u0938 \u0939\u092e \u0938\u092d \u0915 \u0938\u092e\u091d\u0928 \u0915 \u0932\u090f \u0939\u0925\u092a\u0908 \u0915\u0930\u0924 \u0939, \u0915 \u0939\u092e\u0930 \u0926\u0935\u0930 \u092f\u0939 \u0915\u090f \u0917\u090f \u0905\u0928\u0917\u0928\u0924 \u0924\u0928\u0935\u092a\u0930\u0923 \u092a\u0930\u092f\u0938 \u092e \u0938 \u0915\u0908 \u092d \u0915\u092d \u092d \u090f\u0915 \u091a\u092e\u0915 \u0915 \u092c\u0930\u092c\u0930 \u0928\u0939 \u0939\u0917 \u092e\u0939\u0924\u0935 \u0915 \u091a\u092e\u0915\u0964 \u092e \u0907\u0938 \u0938\u092e\u092a\u0924 \u0915\u0930 \u0926\u0917, \u0932\u0915\u0928 \u0935\u0936\u0935 \u0915\u092a \u0905\u092d \u092d \u091a\u0932 \u0930\u0939 \u0939, \u0914\u0930 \u092e \u0907\u0924\u0928 \u092e\u0939\u0928 \u092e\u0924\u0930 \u0915 \u0938\u0916\u0928 \u0915 \u0932\u090f \u0915\u092d \u0928\u0939 \u091b\u0921\u0917, \u0907\u0938\u0932\u090f \u092e\u091d \u0909\u0928\u0915 \u0932\u090f \u0915\u091b \u0914\u0930 \u0916\u0932 \u0915 \u0938\u092e\u0928 \u0915\u0930\u0928 \u092a\u0921\u0917\u0964<br \/><br \/>\u090f\u0915 \u0906\u0916\u0930 \u092c\u0924 \u0907\u0938\u0938 \u092a\u0939\u0932 \u0915 \u092e \u0906\u092a \u0938\u092d \u0915 \u0924\u0930\u0938\u0915\u0930, \u0909\u092a\u0939\u0938 \u0914\u0930 \u0906\u0924\u092e-\u0927\u0930\u092e\u0915 \u0909\u0924\u0938\u0939 \u0915 \u0938\u0925 \u092a\u0930\u0924\u0915\u0930\u092f \u0915\u0930\u0928 \u0915 \u0932\u090f \u091b\u0921 \u0926, \u0907\u0938\u0938 \u092a\u0939\u0932 \u0915 \u0906\u092a \u092e\u0930 \u0936\u092c\u0926 \u0914\u0930 \u0935\u091a\u0930 \u0915 \u0915\u092e \u0915\u0930\u0928 \u0915 \u0932\u090f \u0905\u092a\u0928 \u0936\u0915\u0924 \u092e \u0938\u092c \u0915\u091b \u0915\u0930, \u0909\u0928\u0939 \u092c\u0915\u0938 \u0915\u0930 \u0914\u0930 \u0909\u0928\u0939 \u0905\u092a\u0928 \u0938\u092e\u0924 \u0915 \u0915\u0938 \u0915\u0928 \u092e \u092b\u0915 \u0926, \u0914\u0930 \u0906\u0936 \u0939 \u0915 \u0935 \u0939\u092e\u0936 \u0915 \u0932\u090f \u0917\u092f\u092c \u0939 \u091c\u090f\u0917 \u091c\u0938 \u0915 \u0906\u092a\u0915 \u0938\u092e\u0924 \u0938\u092e\u092f \u092a\u0930 \u0927\u0932 \u0915 \u0927\u092c\u092c\u0964 \u0907\u0938 \u0915\u0937\u0923 \u0938, \u0924\u092e \u091c \u0915\u091b \u092d \u0915\u0939\u0924 \u0939, \u0935\u0939 \u092e\u0930 \u0932\u090f \u092e\u092f\u0928 \u0928\u0939 \u0930\u0916\u0924\u0964 \u091c\u0916\u092e \u0926\u0928 \u0915 \u0928\u092f\u0924 \u0938 \u0924\u092e \u091c \u0918\u0930 \u0905\u092a\u092e\u0928 \u0915\u0930\u0924 \u0939, \u0935\u0939 \u0936\u0924 \u0938 \u092e\u0930 \u092a\u0930 \u0915 \u0938\u092e\u0928 \u0927\u0930\u0924 \u092a\u0930 \u0938\u092e \u091c\u090f\u0917, \u0914\u0930 \u091c \u0935\u0937 \u0924\u092e \u0925\u0915\u0917 \u0935\u0939 \u0917\u0930\u092e \u0915 \u0917\u0930\u092e \u0939\u0935 \u0915 \u0926\u0930\u0926 \u0915 \u0926\u0930 \u0915\u0930 \u0926\u0917\u0964 \u0906\u092a \u0915\u0938 \u092d \u091a\u091c \u0938 \u0915\u092e \u0939, \u091c\u0938\u0915 \u0906\u092a \u0915\u0932\u092a\u0928 \u0915\u0930 \u0938\u0915\u0924 \u0939, \u091c\u092c\u0915 \u092e \u091c\u0930 \u0930\u0916\u0924 \u0939, \u0935\u0930\u0917\u092f \u0938 \u0906\u0938\u0924 \u0906\u0928\u0926 \u0938 \u092d\u0930 \u0939\u0906\u0964<\/details><\/div>\n|\n|t:|1632436653\n|switch|p2a: Clairo|Diancie, shiny|100\/100\n|switch|p1a: Landorus|Landorus-Therian, M|20\/100\n|-ability|p1a: Landorus|Intimidate|boost\n|-fail|p2a: Clairo|unboost|[from] ability: Clear Body|[of] p2a: Clairo\n|\n|upkeep\n|turn|41\n|c|\u2606nigel333|LMAOO\n|inactive|Benjamin Gilbert has 120 seconds left.\n|\n|t:|1632436693\n|switch|p2a: Temple|Ferrothorn, F, shiny|79\/100\n|move|p1a: Landorus|Earthquake|p2a: Temple\n|-damage|p2a: Temple|45\/100\n|\n|-heal|p2a: Temple|51\/100|[from] item: Leftovers\n|upkeep\n|turn|42\n|\n|t:|1632436696\n|switch|p1a: Clefable|Clefable, F|39\/100 brn\n|move|p2a: Temple|Power Whip|p1a: Clefable\n|-damage|p1a: Clefable|10\/100 brn\n|\n|-heal|p2a: Temple|57\/100|[from] item: Leftovers\n|upkeep\n|turn|43\n|\n|t:|1632436704\n|switch|p2a: Clairo|Diancie, shiny|100\/100\n|move|p1a: Clefable|Soft-Boiled|p1a: Clefable\n|-heal|p1a: Clefable|60\/100 brn\n|\n|upkeep\n|turn|44\n|\n|t:|1632436712\n|switch|p1a: Toxapex|Toxapex, F|76\/100\n|-damage|p1a: Toxapex|63\/100|[from] Spikes\n|detailschange|p2a: Clairo|Diancie-Mega, shiny\n|-mega|p2a: Clairo|Diancie|Diancite\n|move|p2a: Clairo|Moonblast|p1a: Toxapex\n|-resisted|p1a: Toxapex\n|-damage|p1a: Toxapex|46\/100\n|\n|-heal|p1a: Toxapex|52\/100|[from] item: Black Sludge\n|upkeep\n|turn|45\n|\n|t:|1632436716\n|move|p2a: Clairo|Moonblast|p1a: Toxapex\n|-resisted|p1a: Toxapex\n|-damage|p1a: Toxapex|33\/100\n|-unboost|p1a: Toxapex|spa|1\n|move|p1a: Toxapex|Recover|p1a: Toxapex\n|-heal|p1a: Toxapex|83\/100\n|\n|-heal|p1a: Toxapex|89\/100|[from] item: Black Sludge\n|upkeep\n|turn|46\n|\n|t:|1632436719\n|move|p2a: Clairo|Earth Power|p1a: Toxapex\n|-supereffective|p1a: Toxapex\n|-damage|p1a: Toxapex|45\/100\n|move|p1a: Toxapex|Scald|p2a: Clairo\n|-supereffective|p2a: Clairo\n|-damage|p2a: Clairo|73\/100\n|-status|p2a: Clairo|brn\n|\n|-heal|p1a: Toxapex|51\/100|[from] item: Black Sludge\n|-damage|p2a: Clairo|67\/100 brn|[from] brn\n|upkeep\n|turn|47\n|\n|t:|1632436725\n|move|p2a: Clairo|Stealth Rock|p1a: Toxapex\n|-sidestart|p1: nigel333|move: Stealth Rock\n|move|p1a: Toxapex|Recover|p1a: Toxapex\n|-heal|p1a: Toxapex|100\/100\n|\n|-damage|p2a: Clairo|61\/100 brn|[from] brn\n|upkeep\n|turn|48\n|\n|t:|1632436729\n|switch|p2a: Temple|Ferrothorn, F, shiny|57\/100\n|move|p1a: Toxapex|Scald|p2a: Temple\n|-resisted|p2a: Temple\n|-damage|p2a: Temple|53\/100\n|\n|-heal|p2a: Temple|59\/100|[from] item: Leftovers\n|upkeep\n|turn|49\n|\n|t:|1632436754\n|switch|p2a: Clairo|Diancie-Mega, shiny|61\/100 brn\n|move|p1a: Toxapex|Scald|p2a: Clairo\n|-supereffective|p2a: Clairo\n|-damage|p2a: Clairo|31\/100 brn\n|\n|-damage|p2a: Clairo|25\/100 brn|[from] brn\n|upkeep\n|turn|50\n|c|\u2606nigel333|man\n|\n|t:|1632436760\n|move|p2a: Clairo|Earth Power|p1a: Toxapex\n|-supereffective|p1a: Toxapex\n|-damage|p1a: Toxapex|50\/100\n|-unboost|p1a: Toxapex|spd|1\n|move|p1a: Toxapex|Scald|p2a: Clairo\n|-supereffective|p2a: Clairo\n|-damage|p2a: Clairo|0 fnt\n|faint|p2a: Clairo\n|\n|-heal|p1a: Toxapex|57\/100|[from] item: Black Sludge\n|upkeep\n|\n|t:|1632436768\n|switch|p2a: ELECTRO KID|Regieleki, shiny|100\/100\n|turn|51\n|\n|t:|1632436773\n|move|p2a: ELECTRO KID|Substitute|p2a: ELECTRO KID\n|-start|p2a: ELECTRO KID|Substitute\n|-damage|p2a: ELECTRO KID|76\/100\n|move|p1a: Toxapex|Scald|p2a: ELECTRO KID\n|-activate|p2a: ELECTRO KID|move: Substitute|[damage]\n|\n|-heal|p2a: ELECTRO KID|82\/100|[from] item: Leftovers\n|-heal|p1a: Toxapex|63\/100|[from] item: Black Sludge\n|upkeep\n|turn|52\n|\n|t:|1632436786\n|switch|p1a: Landorus|Landorus-Therian, M|20\/100\n|-damage|p1a: Landorus|8\/100|[from] Stealth Rock\n|-ability|p1a: Landorus|Intimidate|boost\n|-immune|p2a: ELECTRO KID\n|move|p2a: ELECTRO KID|Thunder Cage|p1a: Landorus\n|-immune|p1a: Landorus\n|\n|-heal|p2a: ELECTRO KID|88\/100|[from] item: Leftovers\n|upkeep\n|turn|53\n|\n|t:|1632436794\n|move|p2a: ELECTRO KID|Rapid Spin|p1a: Landorus\n|-damage|p1a: Landorus|0 fnt\n|-boost|p2a: ELECTRO KID|spe|1\n|faint|p1a: Landorus\n|\n|-heal|p2a: ELECTRO KID|94\/100|[from] item: Leftovers\n|upkeep\n|\n|t:|1632436800\n|switch|p1a: Toxapex|Toxapex, F|96\/100\n|-damage|p1a: Toxapex|84\/100|[from] Stealth Rock\n|-damage|p1a: Toxapex|71\/100|[from] Spikes\n|turn|54\n|\n|t:|1632436803\n|move|p2a: ELECTRO KID|Thunder Cage|p1a: Toxapex\n|-supereffective|p1a: Toxapex\n|-damage|p1a: Toxapex|16\/100\n|-activate|p1a: Toxapex|move: Thunder Cage|[of] p2a: ELECTRO KID\n|move|p1a: Toxapex|Scald|p2a: ELECTRO KID\n|-end|p2a: ELECTRO KID|Substitute\n|\n|-heal|p2a: ELECTRO KID|99\/100|[from] item: Leftovers\n|-heal|p1a: Toxapex|22\/100|[from] item: Black Sludge\n|-damage|p1a: Toxapex|10\/100|[from] move: Thunder Cage|[partiallytrapped]\n|upkeep\n|turn|55\n|\n|t:|1632436806\n|move|p2a: ELECTRO KID|Substitute|p2a: ELECTRO KID\n|-start|p2a: ELECTRO KID|Substitute\n|-damage|p2a: ELECTRO KID|75\/100\n|move|p1a: Toxapex|Scald|p2a: ELECTRO KID\n|-activate|p2a: ELECTRO KID|move: Substitute|[damage]\n|\n|-heal|p2a: ELECTRO KID|82\/100|[from] item: Leftovers\n|-heal|p1a: Toxapex|16\/100|[from] item: Black Sludge\n|-damage|p1a: Toxapex|3\/100|[from] move: Thunder Cage|[partiallytrapped]\n|upkeep\n|turn|56\n|\n|t:|1632436810\n|move|p2a: ELECTRO KID|Protect|p2a: ELECTRO KID\n|-singleturn|p2a: ELECTRO KID|Protect\n|move|p1a: Toxapex|Recover|p1a: Toxapex\n|-heal|p1a: Toxapex|53\/100\n|\n|-heal|p2a: ELECTRO KID|88\/100|[from] item: Leftovers\n|-heal|p1a: Toxapex|60\/100|[from] item: Black Sludge\n|-damage|p1a: Toxapex|47\/100|[from] move: Thunder Cage|[partiallytrapped]\n|upkeep\n|turn|57\n|\n|t:|1632436812\n|move|p2a: ELECTRO KID|Thunder Cage|p1a: Toxapex\n|-supereffective|p1a: Toxapex\n|-damage|p1a: Toxapex|0 fnt\n|faint|p1a: Toxapex\n|\n|-heal|p2a: ELECTRO KID|94\/100|[from] item: Leftovers\n|upkeep\n|\n|t:|1632436816\n|switch|p1a: Bibarel|Bibarel, F|91\/100\n|-damage|p1a: Bibarel|78\/100|[from] Spikes\n|-damage|p1a: Bibarel|66\/100|[from] Stealth Rock\n|turn|58\n|\n|t:|1632436817\n|move|p1a: Bibarel|Aqua Jet|p2a: ELECTRO KID\n|-end|p2a: ELECTRO KID|Substitute\n|-damage|p1a: Bibarel|56\/100|[from] item: Life Orb\n|move|p2a: ELECTRO KID|Thunder Cage|p1a: Bibarel\n|-supereffective|p1a: Bibarel\n|-damage|p1a: Bibarel|0 fnt\n|faint|p1a: Bibarel\n|\n|-heal|p2a: ELECTRO KID|99\/100|[from] item: Leftovers\n|upkeep\n|\n|t:|1632436819\n|switch|p1a: Clefable|Clefable, F|60\/100 brn\n|turn|59\n|c|\u2606nigel333|gg\n|c|\u2606nigel333|wait idt this kills\n|c|\u2606nigel333|nvm\n|c|\u2606Benjamin Gilbert|u win\n|\n|t:|1632436833\n|move|p2a: ELECTRO KID|Thunder Cage|p1a: Clefable|[miss]\n|-miss|p2a: ELECTRO KID|p1a: Clefable\n|move|p1a: Clefable|Soft-Boiled|p1a: Clefable\n|-heal|p1a: Clefable|100\/100 brn\n|\n|-heal|p2a: ELECTRO KID|100\/100|[from] item: Leftovers\n|upkeep\n|turn|60\n|c|\u2606nigel333|gg\n|\n|t:|1632436839\n|move|p2a: ELECTRO KID|Thunder Cage|p1a: Clefable\n|-damage|p1a: Clefable|63\/100 brn\n|-activate|p1a: Clefable|move: Thunder Cage|[of] p2a: ELECTRO KID\n|move|p1a: Clefable|Calm Mind|p1a: Clefable\n|-boost|p1a: Clefable|spa|1\n|-boost|p1a: Clefable|spd|1\n|\n|upkeep\n|turn|61\n|c|\u2606Benjamin Gilbert|gg\n|c|\u2606nigel333|oh yeah it wasn't killing\n|\n|t:|1632436848\n|move|p2a: ELECTRO KID|Thunder Cage|p1a: Clefable\n|-damage|p1a: Clefable|39\/100 brn\n|move|p1a: Clefable|Soft-Boiled|p1a: Clefable\n|-heal|p1a: Clefable|89\/100 brn\n|\n|upkeep\n|turn|62\n|\n|t:|1632436850\n|move|p2a: ELECTRO KID|Substitute|p2a: ELECTRO KID\n|-start|p2a: ELECTRO KID|Substitute\n|-damage|p2a: ELECTRO KID|76\/100\n|move|p1a: Clefable|Calm Mind|p1a: Clefable\n|-boost|p1a: Clefable|spa|1\n|-boost|p1a: Clefable|spd|1\n|\n|-heal|p2a: ELECTRO KID|82\/100|[from] item: Leftovers\n|upkeep\n|turn|63\n|\n|t:|1632436858\n|move|p2a: ELECTRO KID|Rapid Spin|p1a: Clefable\n|-damage|p1a: Clefable|81\/100 brn\n|-boost|p2a: ELECTRO KID|spe|1\n|move|p1a: Clefable|Flamethrower|p2a: ELECTRO KID\n|-end|p2a: ELECTRO KID|Substitute\n|\n|-heal|p2a: ELECTRO KID|88\/100|[from] item: Leftovers\n|upkeep\n|turn|64\n|\n|t:|1632436863\n|move|p2a: ELECTRO KID|Substitute|p2a: ELECTRO KID\n|-start|p2a: ELECTRO KID|Substitute\n|-damage|p2a: ELECTRO KID|63\/100\n|move|p1a: Clefable|Flamethrower|p2a: ELECTRO KID\n|-end|p2a: ELECTRO KID|Substitute\n|\n|-heal|p2a: ELECTRO KID|69\/100|[from] item: Leftovers\n|-end|p1a: Clefable|Thunder Cage|[partiallytrapped]\n|upkeep\n|turn|65\n|\n|t:|1632436864\n|move|p2a: ELECTRO KID|Protect|p2a: ELECTRO KID\n|-singleturn|p2a: ELECTRO KID|Protect\n|move|p1a: Clefable|Moonblast|p2a: ELECTRO KID\n|-activate|p2a: ELECTRO KID|move: Protect\n|\n|-heal|p2a: ELECTRO KID|75\/100|[from] item: Leftovers\n|upkeep\n|turn|66\n|\n|t:|1632436874\n|switch|p2a: Temple|Ferrothorn, F, shiny|59\/100\n|move|p1a: Clefable|Moonblast|p2a: Temple\n|-resisted|p2a: Temple\n|-damage|p2a: Temple|35\/100\n|-unboost|p2a: Temple|spa|1\n|\n|-heal|p2a: Temple|41\/100|[from] item: Leftovers\n|upkeep\n|turn|67\n|\n|t:|1632436881\n|move|p1a: Clefable|Calm Mind|p1a: Clefable\n|-boost|p1a: Clefable|spa|1\n|-boost|p1a: Clefable|spd|1\n|move|p2a: Temple|Power Whip|p1a: Clefable\n|-damage|p1a: Clefable|51\/100 brn\n|\n|-heal|p2a: Temple|47\/100|[from] item: Leftovers\n|upkeep\n|turn|68\n|\n|t:|1632436884\n|move|p1a: Clefable|Soft-Boiled|p1a: Clefable\n|-heal|p1a: Clefable|100\/100 brn\n|move|p2a: Temple|Power Whip|p1a: Clefable\n|-damage|p1a: Clefable|70\/100 brn\n|\n|-heal|p2a: Temple|53\/100|[from] item: Leftovers\n|upkeep\n|turn|69\n|\n|t:|1632436888\n|move|p1a: Clefable|Flamethrower|p2a: Temple\n|-supereffective|p2a: Temple\n|-damage|p2a: Temple|0 fnt\n|faint|p2a: Temple\n|\n|upkeep\n|\n|t:|1632436890\n|switch|p2a: Hannibal|Mamoswine, M|33\/100\n|turn|70\n|\n|t:|1632436892\n|move|p2a: Hannibal|Icicle Crash|p1a: Clefable\n|-damage|p1a: Clefable|33\/100 brn\n|cant|p1a: Clefable|flinch\n|\n|upkeep\n|turn|71\n|c|\u2606Benjamin Gilbert|gg\n|c|\u2606nigel333|that's brutal\n|c|\u2606nigel333|gg\n|-message|nigel333 forfeited.\n|\n|win|Benjamin Gilbert\n|n|\u2606nigel333|nigel333\n|n|\u2606Benjamin Gilbert|benjamingilbert\n|n| UnzipsCrogre|unzipscrogre\n|n| AromaVerity|aromaverity\n|n| michael213|michael213\n|n| BoomDragoon|boomdragoon\n|n| Djwaot|djwaot\n|n|+whole lotta agents|wholelottaagents\n|n| LillieZForm|lilliezform\n|n| DrewCareysFeet|drewcareysfeet\n|l| michael213\n|c|+whole lotta agents|Gg\n","uploadtime":1632436900,"views":18,"p1id":"nigel333","p2id":"benjamingilbert","formatid":"gen8nationaldex","rating":0,"private":0,"password":null}