{"id":"gen8nationaldexag-1574024695","p1":"Flashybee","p2":"CLEAR GEM\u6e05\u745c","format":"gen8nationaldexag","log":"|j|\u203dFlashybee\n|j|\u2606CLEAR GEM\u6e05\u745c\n|t:|1652452977\n|gametype|singles\n|player|p1|Flashybee|170|1625\n|player|p2|CLEAR GEM\u6e05\u745c|skierf|1710\n|teamsize|p1|6\n|teamsize|p2|6\n|gen|8\n|tier|[Gen 8] National Dex AG\n|rated|\n|rule|HP Percentage Mod: HP is shown in percentages\n|rule|Endless Battle Clause: Forcing endless battles is banned\n|clearpoke\n|poke|p1|Jirachi|\n|poke|p1|Yveltal|\n|poke|p1|Excadrill, F|\n|poke|p1|Mewtwo|\n|poke|p1|Palkia|\n|poke|p1|Zekrom|\n|poke|p2|Rayquaza|\n|poke|p2|Groudon|\n|poke|p2|Necrozma-Dusk-Mane|\n|poke|p2|Arceus-*|\n|poke|p2|Arceus-*|\n|poke|p2|Arceus-*|\n|teampreview\n|inactive|Battle timer is ON: inactive players will automatically lose when time's up. (requested by CLEAR GEM\u6e05\u745c)\n|\n|t:|1652452987\n|start\n|switch|p1a: Excadrill|Excadrill, F|100\/100\n|switch|p2a: \u7a76\u6781\u8f85\u52a9|Arceus-Dark|100\/100\n|-ability|p1a: Excadrill|Mold Breaker\n|turn|1\n|\n|t:|1652452995\n|move|p2a: \u7a76\u6781\u8f85\u52a9|Magic Coat|p2a: \u7a76\u6781\u8f85\u52a9\n|-singleturn|p2a: \u7a76\u6781\u8f85\u52a9|move: Magic Coat\n|move|p1a: Excadrill|Stealth Rock|p2a: \u7a76\u6781\u8f85\u52a9\n|move|p2a: \u7a76\u6781\u8f85\u52a9|Stealth Rock|p1a: Excadrill|[from]Magic Coat\n|-sidestart|p1: Flashybee|move: Stealth Rock\n|\n|upkeep\n|turn|2\n|\n|t:|1652453002\n|move|p2a: \u7a76\u6781\u8f85\u52a9|Judgment|p1a: Excadrill\n|-damage|p1a: Excadrill|28\/100\n|move|p1a: Excadrill|Rapid Spin|p2a: \u7a76\u6781\u8f85\u52a9\n|-damage|p2a: \u7a76\u6781\u8f85\u52a9|88\/100\n|-boost|p1a: Excadrill|spe|1\n|-sideend|p1: Flashybee|Stealth Rock|[from] move: Rapid Spin|[of] p1a: Excadrill\n|\n|upkeep\n|turn|3\n|\n|t:|1652453010\n|move|p2a: \u7a76\u6781\u8f85\u52a9|Magic Coat|p2a: \u7a76\u6781\u8f85\u52a9\n|-singleturn|p2a: \u7a76\u6781\u8f85\u52a9|move: Magic Coat\n|move|p1a: Excadrill|Stealth Rock|p2a: \u7a76\u6781\u8f85\u52a9\n|move|p2a: \u7a76\u6781\u8f85\u52a9|Stealth Rock|p1a: Excadrill|[from]Magic Coat\n|-sidestart|p1: Flashybee|move: Stealth Rock\n|\n|upkeep\n|turn|4\n|\n|t:|1652453015\n|move|p1a: Excadrill|Rapid Spin|p2a: \u7a76\u6781\u8f85\u52a9\n|-damage|p2a: \u7a76\u6781\u8f85\u52a9|77\/100\n|-boost|p1a: Excadrill|spe|1\n|-sideend|p1: Flashybee|Stealth Rock|[from] move: Rapid Spin|[of] p1a: Excadrill\n|move|p2a: \u7a76\u6781\u8f85\u52a9|Judgment|p1a: Excadrill\n|-damage|p1a: Excadrill|0 fnt\n|faint|p1a: Excadrill\n|\n|upkeep\n|\n|t:|1652453038\n|switch|p1a: Palkia|Palkia|100\/100\n|-ability|p1a: Palkia|Pressure\n|turn|5\n|\n|t:|1652453043\n|move|p1a: Palkia|Spacial Rend|p2a: \u7a76\u6781\u8f85\u52a9\n|-damage|p2a: \u7a76\u6781\u8f85\u52a9|40\/100\n|move|p2a: \u7a76\u6781\u8f85\u52a9|Judgment|p1a: Palkia\n|-damage|p1a: Palkia|68\/100\n|\n|upkeep\n|turn|6\n|\n|t:|1652453053\n|move|p1a: Palkia|Spacial Rend|p2a: \u7a76\u6781\u8f85\u52a9\n|-damage|p2a: \u7a76\u6781\u8f85\u52a9|2\/100\n|move|p2a: \u7a76\u6781\u8f85\u52a9|Recover|p2a: \u7a76\u6781\u8f85\u52a9\n|-heal|p2a: \u7a76\u6781\u8f85\u52a9|52\/100\n|\n|upkeep\n|turn|7\n|\n|t:|1652453058\n|move|p1a: Palkia|Spacial Rend|p2a: \u7a76\u6781\u8f85\u52a9\n|-damage|p2a: \u7a76\u6781\u8f85\u52a9|16\/100\n|move|p2a: \u7a76\u6781\u8f85\u52a9|Recover|p2a: \u7a76\u6781\u8f85\u52a9\n|-heal|p2a: \u7a76\u6781\u8f85\u52a9|66\/100\n|\n|upkeep\n|turn|8\n|\n|t:|1652453064\n|switch|p1a: Jirachi|Jirachi, shiny|100\/100\n|move|p2a: \u7a76\u6781\u8f85\u52a9|Recover|p2a: \u7a76\u6781\u8f85\u52a9\n|-heal|p2a: \u7a76\u6781\u8f85\u52a9|100\/100\n|\n|upkeep\n|turn|9\n|\n|t:|1652453070\n|-zpower|p1a: Jirachi\n|move|p1a: Jirachi|Z-Happy Hour|p1a: Jirachi|[anim]Happy Hour\n|-boost|p1a: Jirachi|atk|1|[zeffect]\n|-boost|p1a: Jirachi|def|1|[zeffect]\n|-boost|p1a: Jirachi|spa|1|[zeffect]\n|-boost|p1a: Jirachi|spd|1|[zeffect]\n|-boost|p1a: Jirachi|spe|1|[zeffect]\n|move|p2a: \u7a76\u6781\u8f85\u52a9|Judgment|p1a: Jirachi\n|-supereffective|p1a: Jirachi\n|-damage|p1a: Jirachi|24\/100\n|\n|upkeep\n|turn|10\n|\n|t:|1652453084\n|move|p1a: Jirachi|Baton Pass|p1a: Jirachi\n|\n|t:|1652453100\n|switch|p1a: Yveltal|Yveltal|100\/100|[from]move: Baton Pass\n|-ability|p1a: Yveltal|Dark Aura\n|move|p2a: \u7a76\u6781\u8f85\u52a9|Judgment|p1a: Yveltal\n|-resisted|p1a: Yveltal\n|-damage|p1a: Yveltal|77\/100\n|\n|upkeep\n|turn|11\n|\n|t:|1652453106\n|move|p1a: Yveltal|Taunt|p2a: \u7a76\u6781\u8f85\u52a9\n|-start|p2a: \u7a76\u6781\u8f85\u52a9|move: Taunt\n|cant|p2a: \u7a76\u6781\u8f85\u52a9|move: Taunt|Roar\n|\n|upkeep\n|turn|12\n|\n|t:|1652453114\n|move|p1a: Yveltal|Oblivion Wing|p2a: \u7a76\u6781\u8f85\u52a9\n|-damage|p2a: \u7a76\u6781\u8f85\u52a9|51\/100\n|-heal|p1a: Yveltal|100\/100|[from] drain|[of] p2a: \u7a76\u6781\u8f85\u52a9\n|-damage|p1a: Yveltal|91\/100|[from] item: Life Orb\n|move|p2a: \u7a76\u6781\u8f85\u52a9|Judgment|p1a: Yveltal\n|-resisted|p1a: Yveltal\n|-damage|p1a: Yveltal|69\/100\n|\n|upkeep\n|turn|13\n|\n|t:|1652453125\n|move|p1a: Yveltal|Oblivion Wing|p2a: \u7a76\u6781\u8f85\u52a9\n|-damage|p2a: \u7a76\u6781\u8f85\u52a9|0 fnt\n|-heal|p1a: Yveltal|100\/100|[from] drain|[of] p2a: \u7a76\u6781\u8f85\u52a9\n|faint|p2a: \u7a76\u6781\u8f85\u52a9\n|-damage|p1a: Yveltal|91\/100|[from] item: Life Orb\n|\n|upkeep\n|\n|t:|1652453131\n|switch|p2a: \u4e0d\u4f1a(?)|Groudon|100\/100\n|detailschange|p2a: \u4e0d\u4f1a(?)|Groudon-Primal\n|-primal|p2a: \u4e0d\u4f1a(?)\n|-weather|DesolateLand|[from] ability: Desolate Land|[of] p2a: \u4e0d\u4f1a(?)\n|turn|14\n|\n|t:|1652453140\n|-start|p1a: Yveltal|Dynamax|\n|-heal|p1a: Yveltal|91\/100|[silent]\n|move|p1a: Yveltal|Max Darkness|p2a: \u4e0d\u4f1a(?)\n|-damage|p2a: \u4e0d\u4f1a(?)|0 fnt\n|faint|p2a: \u4e0d\u4f1a(?)\n|-weather|none\n|-damage|p1a: Yveltal|86\/100|[from] item: Life Orb\n|\n|upkeep\n|\n|t:|1652453152\n|switch|p2a: \u70c8\u9f99\u65e0\u654c|Rayquaza, shiny|100\/100\n|-ability|p2a: \u70c8\u9f99\u65e0\u654c|Air Lock\n|turn|15\n|\n|t:|1652453158\n|detailschange|p2a: \u70c8\u9f99\u65e0\u654c|Rayquaza-Mega, shiny\n|-mega|p2a: \u70c8\u9f99\u65e0\u654c|Rayquaza|\n|-weather|DeltaStream|[from] ability: Delta Stream|[of] p2a: \u70c8\u9f99\u65e0\u654c\n|move|p1a: Yveltal|Max Darkness|p2a: \u70c8\u9f99\u65e0\u654c\n|-enditem|p2a: \u70c8\u9f99\u65e0\u654c|Focus Sash\n|-damage|p2a: \u70c8\u9f99\u65e0\u654c|1\/100\n|-unboost|p2a: \u70c8\u9f99\u65e0\u654c|spd|1\n|-damage|p1a: Yveltal|81\/100|[from] item: Life Orb\n|move|p2a: \u70c8\u9f99\u65e0\u654c|Dragon Ascent|p1a: Yveltal\n|-crit|p1a: Yveltal\n|-damage|p1a: Yveltal|23\/100\n|-unboost|p2a: \u70c8\u9f99\u65e0\u654c|def|1\n|-unboost|p2a: \u70c8\u9f99\u65e0\u654c|spd|1\n|\n|-weather|DeltaStream|[upkeep]\n|upkeep\n|turn|16\n|\n|t:|1652453172\n|move|p2a: \u70c8\u9f99\u65e0\u654c|Extreme Speed|p1a: Yveltal\n|-damage|p1a: Yveltal|11\/100\n|move|p1a: Yveltal|Max Airstream|p2a: \u70c8\u9f99\u65e0\u654c\n|-damage|p2a: \u70c8\u9f99\u65e0\u654c|0 fnt\n|-boost|p1a: Yveltal|spe|1\n|faint|p2a: \u70c8\u9f99\u65e0\u654c\n|-weather|none\n|-damage|p1a: Yveltal|6\/100|[from] item: Life Orb\n|\n|upkeep\n|\n|t:|1652453179\n|switch|p2a: \u60ac\u7a7a\u7f8a\u9a7c|Arceus-Flying|100\/100\n|-end|p1a: Yveltal|Dynamax\n|-heal|p1a: Yveltal|6\/100|[silent]\n|turn|17\n|\n|t:|1652453185\n|-start|p2a: \u60ac\u7a7a\u7f8a\u9a7c|Dynamax|\n|-heal|p2a: \u60ac\u7a7a\u7f8a\u9a7c|100\/100|[silent]\n|move|p1a: Yveltal|Oblivion Wing|p2a: \u60ac\u7a7a\u7f8a\u9a7c\n|-damage|p2a: \u60ac\u7a7a\u7f8a\u9a7c|69\/100\n|-heal|p1a: Yveltal|56\/100|[from] drain|[of] p2a: \u60ac\u7a7a\u7f8a\u9a7c\n|-damage|p1a: Yveltal|46\/100|[from] item: Life Orb\n|move|p2a: \u60ac\u7a7a\u7f8a\u9a7c|Max Airstream|p1a: Yveltal\n|-damage|p1a: Yveltal|0 fnt\n|-boost|p2a: \u60ac\u7a7a\u7f8a\u9a7c|spe|1\n|faint|p1a: Yveltal\n|\n|upkeep\n|\n|t:|1652453203\n|switch|p1a: Jirachi|Jirachi, shiny|24\/100\n|turn|18\n|\n|t:|1652453207\n|move|p2a: \u60ac\u7a7a\u7f8a\u9a7c|Max Quake|p1a: Jirachi\n|-supereffective|p1a: Jirachi\n|-crit|p1a: Jirachi\n|-damage|p1a: Jirachi|0 fnt\n|-boost|p2a: \u60ac\u7a7a\u7f8a\u9a7c|spd|1\n|faint|p1a: Jirachi\n|\n|upkeep\n|\n|t:|1652453216\n|switch|p1a: Palkia|Palkia|68\/100\n|-ability|p1a: Palkia|Pressure\n|turn|19\n|\n|t:|1652453218\n|move|p2a: \u60ac\u7a7a\u7f8a\u9a7c|Max Airstream|p1a: Palkia\n|-damage|p1a: Palkia|18\/100\n|-boost|p2a: \u60ac\u7a7a\u7f8a\u9a7c|spe|1\n|move|p1a: Palkia|Thunderbolt|p2a: \u60ac\u7a7a\u7f8a\u9a7c\n|-supereffective|p2a: \u60ac\u7a7a\u7f8a\u9a7c\n|-damage|p2a: \u60ac\u7a7a\u7f8a\u9a7c|52\/100\n|\n|upkeep\n|-end|p2a: \u60ac\u7a7a\u7f8a\u9a7c|Dynamax\n|-heal|p2a: \u60ac\u7a7a\u7f8a\u9a7c|52\/100|[silent]\n|turn|20\n|\n|t:|1652453225\n|move|p2a: \u60ac\u7a7a\u7f8a\u9a7c|Calm Mind|p2a: \u60ac\u7a7a\u7f8a\u9a7c\n|-boost|p2a: \u60ac\u7a7a\u7f8a\u9a7c|spa|1\n|-boost|p2a: \u60ac\u7a7a\u7f8a\u9a7c|spd|1\n|move|p1a: Palkia|Thunderbolt|p2a: \u60ac\u7a7a\u7f8a\u9a7c\n|-supereffective|p2a: \u60ac\u7a7a\u7f8a\u9a7c\n|-damage|p2a: \u60ac\u7a7a\u7f8a\u9a7c|26\/100\n|\n|upkeep\n|turn|21\n|\n|t:|1652453232\n|move|p2a: \u60ac\u7a7a\u7f8a\u9a7c|Recover|p2a: \u60ac\u7a7a\u7f8a\u9a7c\n|-heal|p2a: \u60ac\u7a7a\u7f8a\u9a7c|76\/100\n|move|p1a: Palkia|Thunderbolt|p2a: \u60ac\u7a7a\u7f8a\u9a7c\n|-supereffective|p2a: \u60ac\u7a7a\u7f8a\u9a7c\n|-damage|p2a: \u60ac\u7a7a\u7f8a\u9a7c|51\/100\n|\n|upkeep\n|turn|22\n|\n|t:|1652453239\n|switch|p1a: Zekrom|Zekrom|100\/100\n|-ability|p1a: Zekrom|Teravolt\n|move|p2a: \u60ac\u7a7a\u7f8a\u9a7c|Calm Mind|p2a: \u60ac\u7a7a\u7f8a\u9a7c\n|-boost|p2a: \u60ac\u7a7a\u7f8a\u9a7c|spa|1\n|-boost|p2a: \u60ac\u7a7a\u7f8a\u9a7c|spd|1\n|\n|upkeep\n|turn|23\n|\n|t:|1652453245\n|move|p2a: \u60ac\u7a7a\u7f8a\u9a7c|Earth Power|p1a: Zekrom\n|-supereffective|p1a: Zekrom\n|-damage|p1a: Zekrom|0 fnt\n|faint|p1a: Zekrom\n|\n|upkeep\n|-message|Flashybee forfeited.\n|\n|win|CLEAR GEM\u6e05\u745c\n|raw|Flashybee's rating: 1625 &rarr; <strong>1610<\/strong><br \/>(-15 for losing)\n|raw|CLEAR GEM\u6e05\u745c's rating: 1710 &rarr; <strong>1725<\/strong><br \/>(+15 for winning)\n|l|\u203dFlashybee\n||Ladder isn't responding, score probably updated but might not have (Request timeout).\n","uploadtime":1652453256,"views":4,"p1id":"flashybee","p2id":"cleargem","formatid":"gen8nationaldexag","rating":1610,"private":0,"password":null}