{"id":"gen8nationaldex-1390746236","p1":"RTSG tests","p2":"NDLT2XLT Weaselfie","format":"gen8nationaldex","log":"|raw|<div class=\"broadcast-blue\"><strong>This battle is required to be public due to a player having a name starting with 'ndlt2xlt'.<\/div>\n|j|\u2606RTSG tests\n|j|\u2606NDLT2XLT Weaselfie\n|t:|1628175080\n|gametype|singles\n|player|p1|RTSG tests|birdkeeper|1575\n|player|p2|NDLT2XLT Weaselfie|mars|1679\n|teamsize|p1|6\n|teamsize|p2|6\n|gen|8\n|tier|[Gen 8] National Dex\n|rated|\n|rule|HP Percentage Mod: HP is shown in percentages\n|rule|Endless Battle Clause: Forcing endless battles is banned\n|rule|OHKO Clause: OHKO moves are banned\n|rule|Evasion Moves Clause: Evasion moves are banned\n|rule|Species Clause: Limit one of each Pok\u00e9mon\n|rule|Dynamax Clause: You cannot dynamax\n|rule|Sleep Clause Mod: Limit one foe put to sleep\n|clearpoke\n|poke|p1|Sceptile, M|\n|poke|p1|Feraligatr, M|\n|poke|p1|Infernape, M|\n|poke|p1|Latios, M|\n|poke|p1|Thundurus-Therian, M|\n|poke|p1|Copperajah, F|\n|poke|p2|Shuckle, M|\n|poke|p2|Bisharp, M|\n|poke|p2|Serperior, M|\n|poke|p2|Kartana|\n|poke|p2|Kommo-o, F|\n|poke|p2|Charizard, M|\n|teampreview\n|inactive|Battle timer is ON: inactive players will automatically lose when time's up. (requested by RTSG tests)\n|j| WooooowBroooooo\n|\n|t:|1628175090\n|start\n|switch|p1a: Schlau Pires|Latios, M|100\/100\n|switch|p2a: Shuckle|Shuckle, M|100\/100\n|turn|1\n|\n|t:|1628175094\n|move|p1a: Schlau Pires|Trick|p2a: Shuckle\n|-activate|p1a: Schlau Pires|move: Trick|[of] p2a: Shuckle\n|-item|p2a: Shuckle|Choice Scarf|[from] move: Trick\n|-item|p1a: Schlau Pires|Mental Herb|[from] move: Trick\n|move|p2a: Shuckle|Sticky Web|p1a: Schlau Pires\n|-sidestart|p1: RTSG tests|move: Sticky Web\n|\n|upkeep\n|turn|2\n|\n|t:|1628175100\n|switch|p2a: Serperior|Serperior, M|100\/100\n|move|p1a: Schlau Pires|Defog|p2a: Serperior\n|-boost|p2a: Serperior|evasion|1\n|-sideend|p1: RTSG tests|Sticky Web|[from] move: Defog|[of] p1a: Schlau Pires\n|\n|upkeep\n|turn|3\n|\n|t:|1628175104\n|move|p2a: Serperior|Glare|p1a: Schlau Pires\n|-status|p1a: Schlau Pires|par\n|move|p1a: Schlau Pires|Psychic|p2a: Serperior|[miss]\n|-miss|p1a: Schlau Pires|p2a: Serperior\n|\n|upkeep\n|turn|4\n|\n|t:|1628175108\n|move|p2a: Serperior|Substitute|p2a: Serperior\n|-start|p2a: Serperior|Substitute\n|-damage|p2a: Serperior|76\/100\n|move|p1a: Schlau Pires|Psychic|p2a: Serperior\n|-crit|p2a: Serperior\n|-end|p2a: Serperior|Substitute\n|\n|-heal|p2a: Serperior|82\/100|[from] item: Leftovers\n|upkeep\n|turn|5\n|\n|t:|1628175113\n|move|p2a: Serperior|Substitute|p2a: Serperior\n|-start|p2a: Serperior|Substitute\n|-damage|p2a: Serperior|57\/100\n|move|p1a: Schlau Pires|Psychic|p2a: Serperior\n|-end|p2a: Serperior|Substitute\n|\n|-heal|p2a: Serperior|63\/100|[from] item: Leftovers\n|upkeep\n|turn|6\n|\n|t:|1628175118\n|switch|p2a: Bisharp|Bisharp, M|100\/100\n|move|p1a: Schlau Pires|Psychic|p2a: Bisharp\n|-immune|p2a: Bisharp\n|\n|upkeep\n|turn|7\n|\n|t:|1628175124\n|switch|p1a: Santi|Infernape, M|100\/100\n|move|p2a: Bisharp|Knock Off|p1a: Santi\n|-resisted|p1a: Santi\n|-damage|p1a: Santi|52\/100\n|-enditem|p1a: Santi|Life Orb|[from] move: Knock Off|[of] p2a: Bisharp\n|\n|upkeep\n|turn|8\n|\n|t:|1628175129\n|move|p2a: Bisharp|Sucker Punch|p1a: Santi\n|-resisted|p1a: Santi\n|-damage|p1a: Santi|14\/100\n|move|p1a: Santi|Close Combat|p2a: Bisharp\n|-supereffective|p2a: Bisharp\n|-damage|p2a: Bisharp|0 fnt\n|-unboost|p1a: Santi|def|1\n|-unboost|p1a: Santi|spd|1\n|faint|p2a: Bisharp\n|\n|upkeep\n|\n|t:|1628175140\n|switch|p2a: Serperior|Serperior, M|63\/100\n|turn|9\n|\n|t:|1628175143\n|move|p1a: Santi|Mach Punch|p2a: Serperior\n|-damage|p2a: Serperior|39\/100\n|move|p2a: Serperior|Leaf Storm|p1a: Santi\n|-resisted|p1a: Santi\n|-damage|p1a: Santi|0 fnt\n|-boost|p2a: Serperior|spa|2\n|faint|p1a: Santi\n|\n|-heal|p2a: Serperior|46\/100|[from] item: Leftovers\n|upkeep\n|\n|t:|1628175147\n|switch|p1a: Schnell als Robben|Sceptile, M|100\/100\n|turn|10\n|\n|t:|1628175149\n|detailschange|p1a: Schnell als Robben|Sceptile-Mega, M\n|-mega|p1a: Schnell als Robben|Sceptile|Sceptilite\n|move|p1a: Schnell als Robben|Dragon Pulse|p2a: Serperior\n|-damage|p2a: Serperior|0 fnt\n|faint|p2a: Serperior\n|\n|upkeep\n|\n|t:|1628175153\n|switch|p2a: Charizard|Charizard, M|100\/100\n|turn|11\n|\n|t:|1628175155\n|detailschange|p2a: Charizard|Charizard-Mega-Y, M\n|-mega|p2a: Charizard|Charizard|Charizardite Y\n|-weather|SunnyDay|[from] ability: Drought|[of] p2a: Charizard\n|move|p1a: Schnell als Robben|Dragon Pulse|p2a: Charizard\n|-damage|p2a: Charizard|51\/100\n|move|p2a: Charizard|Flamethrower|p1a: Schnell als Robben\n|-damage|p1a: Schnell als Robben|0 fnt\n|faint|p1a: Schnell als Robben\n|\n|-weather|SunnyDay|[upkeep]\n|upkeep\n|\n|t:|1628175160\n|switch|p1a: Thierry|Thundurus-Therian, M|100\/100\n|turn|12\n|\n|t:|1628175163\n|move|p1a: Thierry|Thunderbolt|p2a: Charizard\n|-supereffective|p2a: Charizard\n|-damage|p2a: Charizard|0 fnt\n|faint|p2a: Charizard\n|\n|-weather|SunnyDay|[upkeep]\n|upkeep\n|\n|t:|1628175175\n|switch|p2a: Kommo-o|Kommo-o, F|100\/100\n|turn|13\n|\n|t:|1628175179\n|move|p1a: Thierry|Hidden Power|p2a: Kommo-o\n|-supereffective|p2a: Kommo-o\n|-damage|p2a: Kommo-o|46\/100\n|move|p2a: Kommo-o|Belly Drum||[still]\n|-fail|p2a: Kommo-o\n|\n|-weather|SunnyDay|[upkeep]\n|upkeep\n|turn|14\n|\n|t:|1628175183\n|move|p1a: Thierry|Hidden Power|p2a: Kommo-o\n|-supereffective|p2a: Kommo-o\n|-damage|p2a: Kommo-o|0 fnt\n|faint|p2a: Kommo-o\n|\n|-weather|SunnyDay|[upkeep]\n|upkeep\n|\n|t:|1628175185\n|switch|p2a: Shuckle|Shuckle, M|100\/100\n|turn|15\n|\n|t:|1628175201\n|switch|p1a: Metall Elefant|Copperajah, F|100\/100\n|move|p2a: Shuckle|Encore||[still]\n|-fail|p2a: Shuckle\n|\n|-weather|none\n|upkeep\n|turn|16\n|\n|t:|1628175205\n|move|p1a: Metall Elefant|Heat Crash|p2a: Shuckle\n|-damage|p2a: Shuckle|76\/100\n|move|p2a: Shuckle|Encore|p1a: Metall Elefant\n|-start|p1a: Metall Elefant|Encore\n|\n|upkeep\n|turn|17\n|\n|t:|1628175211\n|move|p1a: Metall Elefant|Heat Crash|p2a: Shuckle\n|-damage|p2a: Shuckle|51\/100\n|move|p2a: Shuckle|Encore||[still]\n|-fail|p2a: Shuckle\n|\n|upkeep\n|turn|18\n|\n|t:|1628175213\n|move|p1a: Metall Elefant|Heat Crash|p2a: Shuckle\n|-damage|p2a: Shuckle|24\/100\n|move|p2a: Shuckle|Encore||[still]\n|-fail|p2a: Shuckle\n|\n|upkeep\n|turn|19\n|\n|t:|1628175216\n|move|p1a: Metall Elefant|Heat Crash|p2a: Shuckle\n|-damage|p2a: Shuckle|0 fnt\n|faint|p2a: Shuckle\n|\n|-end|p1a: Metall Elefant|Encore\n|upkeep\n|\n|t:|1628175217\n|switch|p2a: Kartana|Kartana|100\/100\n|turn|20\n|\n|t:|1628175218\n|move|p2a: Kartana|Sacred Sword|p1a: Metall Elefant\n|-supereffective|p1a: Metall Elefant\n|-damage|p1a: Metall Elefant|19\/100\n|move|p1a: Metall Elefant|Heat Crash|p2a: Kartana\n|-supereffective|p2a: Kartana\n|-damage|p2a: Kartana|0 fnt\n|faint|p2a: Kartana\n|\n|win|RTSG tests\n|raw|RTSG tests's rating: 1576 &rarr; <strong>1602<\/strong><br \/>(+26 for winning)\n|raw|NDLT2XLT Weaselfie's rating: 1679 &rarr; <strong>1653<\/strong><br \/>(-26 for losing)\n|l|\u2606NDLT2XLT Weaselfie\n","uploadtime":1628175224,"views":66,"p1id":"rtsgtests","p2id":"ndlt2xltweaselfie","formatid":"gen8nationaldex","rating":1602,"private":0,"password":null}