{"id":"gen8randombattle-1545363327","p1":"Fastpitchkiller","p2":"serperiorstoptime","format":"gen8randombattle","log":"|j|\u2606Fastpitchkiller\n|j|\u2606serperiorstoptime\n|t:|1649026804\n|gametype|singles\n|player|p1|Fastpitchkiller|169|1368\n|player|p2|serperiorstoptime|n|1382\n|teamsize|p1|6\n|teamsize|p2|6\n|gen|8\n|tier|[Gen 8] Random Battle\n|rated|\n|rule|Species Clause: Limit one of each Pok\u00e9mon\n|rule|HP Percentage Mod: HP is shown in percentages\n|rule|Sleep Clause Mod: Limit one foe put to sleep\n|\n|t:|1649026804\n|start\n|switch|p1a: Charizard|Charizard, L82, F|262\/262\n|switch|p2a: Glaceon|Glaceon, L88, F|258\/258\n|turn|1\n|inactive|Battle timer is ON: inactive players will automatically lose when time's up. (requested by serperiorstoptime)\n|c|\u2606serperiorstoptime|gl hf\n|\n|t:|1649026818\n|switch|p2a: Heatran|Heatran, L78, F|270\/270\n|move|p1a: Charizard|Fire Blast|p2a: Heatran\n|-start|p2a: Heatran|ability: Flash Fire\n|\n|upkeep\n|turn|2\n|\n|t:|1649026827\n|switch|p1a: Tapu Fini|Tapu Fini, L78|237\/237\n|-fieldstart|move: Misty Terrain|[from] ability: Misty Surge|[of] p1a: Tapu Fini\n|-end|p2a: Heatran|ability: Flash Fire|[silent]\n|switch|p2a: Yveltal|Yveltal, L69|288\/288\n|-ability|p2a: Yveltal|Dark Aura\n|\n|upkeep\n|turn|3\n|\n|t:|1649026839\n|switch|p2a: Tsareena|Tsareena, L84, F|258\/258\n|move|p1a: Tapu Fini|Calm Mind|p1a: Tapu Fini\n|-boost|p1a: Tapu Fini|spa|1\n|-boost|p1a: Tapu Fini|spd|1\n|\n|upkeep\n|turn|4\n|\n|t:|1649026849\n|move|p1a: Tapu Fini|Moonblast|p2a: Tsareena\n|-damage|p2a: Tsareena|179\/258\n|move|p2a: Tsareena|Power Whip|p1a: Tapu Fini\n|-supereffective|p1a: Tapu Fini\n|-damage|p1a: Tapu Fini|0 fnt\n|faint|p1a: Tapu Fini\n|\n|upkeep\n|\n|t:|1649026872\n|switch|p1a: Charizard|Charizard, L82, F|262\/262\n|turn|5\n|\n|t:|1649026880\n|switch|p1a: Duraludon|Duraludon, L84, M|255\/255\n|switch|p2a: Heatran|Heatran, L78, F|270\/270\n|\n|upkeep\n|turn|6\n|\n|t:|1649026888\n|move|p1a: Duraludon|Thunderbolt|p2a: Heatran\n|-damage|p2a: Heatran|184\/270\n|-damage|p1a: Duraludon|230\/255|[from] item: Life Orb\n|move|p2a: Heatran|Lava Plume|p1a: Duraludon\n|-damage|p1a: Duraludon|85\/255\n|\n|-heal|p2a: Heatran|200\/270|[from] item: Leftovers\n|-fieldend|Misty Terrain\n|upkeep\n|turn|7\n|\n|t:|1649026898\n|move|p1a: Duraludon|Thunderbolt|p2a: Heatran\n|-damage|p2a: Heatran|103\/270\n|-status|p2a: Heatran|par\n|-damage|p1a: Duraludon|60\/255|[from] item: Life Orb\n|move|p2a: Heatran|Lava Plume|p1a: Duraludon\n|-damage|p1a: Duraludon|0 fnt\n|faint|p1a: Duraludon\n|\n|-heal|p2a: Heatran|119\/270 par|[from] item: Leftovers\n|upkeep\n|\n|t:|1649026916\n|switch|p1a: Polteageist|Polteageist, L78|222\/222\n|turn|8\n|l|\u2606serperiorstoptime\n|inactive|serperiorstoptime disconnected and has a minute to reconnect!\n|player|p2|\n|j|\u2606serperiorstoptime\n|inactive|serperiorstoptime reconnected and has 135 seconds left.\n|player|p2|serperiorstoptime|n\n|\n|t:|1649026934\n|move|p1a: Polteageist|Shadow Ball|p2a: Heatran\n|-damage|p2a: Heatran|37\/270 par\n|-unboost|p2a: Heatran|spd|1\n|move|p2a: Heatran|Toxic|p1a: Polteageist\n|-status|p1a: Polteageist|tox\n|\n|-heal|p2a: Heatran|53\/270 par|[from] item: Leftovers\n|-damage|p1a: Polteageist|209\/222 tox|[from] psn\n|upkeep\n|turn|9\n|\n|t:|1649026945\n|move|p2a: Heatran|Protect|p2a: Heatran\n|-singleturn|p2a: Heatran|Protect\n|move|p1a: Polteageist|Shadow Ball|p2a: Heatran\n|-activate|p2a: Heatran|move: Protect\n|\n|-heal|p2a: Heatran|69\/270 par|[from] item: Leftovers\n|-damage|p1a: Polteageist|183\/222 tox|[from] psn\n|upkeep\n|turn|10\n|\n|t:|1649026955\n|switch|p2a: Yveltal|Yveltal, L69|288\/288\n|-ability|p2a: Yveltal|Dark Aura\n|move|p1a: Polteageist|Shadow Ball|p2a: Yveltal\n|-resisted|p2a: Yveltal\n|-damage|p2a: Yveltal|232\/288\n|\n|-damage|p1a: Polteageist|144\/222 tox|[from] psn\n|upkeep\n|turn|11\n|\n|t:|1649026969\n|move|p2a: Yveltal|Knock Off|p1a: Polteageist\n|-supereffective|p1a: Polteageist\n|-damage|p1a: Polteageist|0 fnt\n|-start|p2a: Yveltal|Disable|Knock Off|[from] ability: Cursed Body|[of] p1a: Polteageist\n|-enditem|p1a: Polteageist|White Herb|[from] move: Knock Off|[of] p2a: Yveltal\n|faint|p1a: Polteageist\n|\n|upkeep\n|\n|t:|1649026986\n|switch|p1a: Kyurem|Kyurem-White, L74|307\/307\n|-ability|p1a: Kyurem|Turboblaze\n|turn|12\n|\n|t:|1649026999\n|switch|p2a: Bronzong|Bronzong, L82|244\/244\n|move|p1a: Kyurem|Ice Beam|p2a: Bronzong\n|-resisted|p2a: Bronzong\n|-damage|p2a: Bronzong|193\/244\n|\n|-heal|p2a: Bronzong|208\/244|[from] item: Leftovers\n|upkeep\n|turn|13\n|\n|t:|1649027012\n|switch|p1a: Charizard|Charizard, L82, F|262\/262\n|move|p2a: Bronzong|Toxic|p1a: Charizard\n|-status|p1a: Charizard|tox\n|\n|-heal|p2a: Bronzong|223\/244|[from] item: Leftovers\n|-damage|p1a: Charizard|246\/262 tox|[from] psn\n|upkeep\n|turn|14\n|\n|t:|1649027026\n|switch|p2a: Heatran|Heatran, L78, F|69\/270 par\n|move|p1a: Charizard|Fire Blast|p2a: Heatran\n|-start|p2a: Heatran|ability: Flash Fire\n|\n|-heal|p2a: Heatran|85\/270 par|[from] item: Leftovers\n|-damage|p1a: Charizard|214\/262 tox|[from] psn\n|upkeep\n|turn|15\n|\n|t:|1649027036\n|move|p2a: Heatran|Protect|p2a: Heatran\n|-singleturn|p2a: Heatran|Protect\n|move|p1a: Charizard|Focus Blast|p2a: Heatran\n|-activate|p2a: Heatran|move: Protect\n|\n|-heal|p2a: Heatran|101\/270 par|[from] item: Leftovers\n|-damage|p1a: Charizard|166\/262 tox|[from] psn\n|upkeep\n|turn|16\n|\n|t:|1649027056\n|-end|p2a: Heatran|ability: Flash Fire|[silent]\n|switch|p2a: Bronzong|Bronzong, L82|223\/244\n|move|p1a: Charizard|Focus Blast|p2a: Bronzong\n|-damage|p2a: Bronzong|147\/244\n|\n|-heal|p2a: Bronzong|162\/244|[from] item: Leftovers\n|-damage|p1a: Charizard|102\/262 tox|[from] psn\n|upkeep\n|turn|17\n|\n|t:|1649027066\n|switch|p2a: Heatran|Heatran, L78, F|101\/270 par\n|move|p1a: Charizard|Focus Blast|p2a: Heatran\n|-supereffective|p2a: Heatran\n|-damage|p2a: Heatran|0 fnt\n|faint|p2a: Heatran\n|\n|-damage|p1a: Charizard|22\/262 tox|[from] psn\n|upkeep\n|\n|t:|1649027073\n|switch|p2a: Bronzong|Bronzong, L82|162\/244\n|turn|18\n|\n|t:|1649027078\n|move|p2a: Bronzong|Protect|p2a: Bronzong\n|-singleturn|p2a: Bronzong|Protect\n|move|p1a: Charizard|Fire Blast|p2a: Bronzong\n|-activate|p2a: Bronzong|move: Protect\n|\n|-heal|p2a: Bronzong|177\/244|[from] item: Leftovers\n|-damage|p1a: Charizard|0 fnt|[from] psn\n|faint|p1a: Charizard\n|upkeep\n|\n|t:|1649027089\n|switch|p1a: Shiftry|Shiftry, L86, F|295\/295\n|turn|19\n|\n|t:|1649027100\n|switch|p2a: Yveltal|Yveltal, L69|232\/288\n|-ability|p2a: Yveltal|Dark Aura\n|move|p1a: Shiftry|Dark Pulse|p2a: Yveltal\n|-resisted|p2a: Yveltal\n|-damage|p2a: Yveltal|146\/288\n|-damage|p1a: Shiftry|266\/295|[from] item: Life Orb\n|\n|upkeep\n|turn|20\n|\n|t:|1649027109\n|switch|p1a: Kyurem|Kyurem-White, L74|307\/307\n|-ability|p1a: Kyurem|Turboblaze\n|move|p2a: Yveltal|Roost|p2a: Yveltal\n|-heal|p2a: Yveltal|288\/288\n|-singleturn|p2a: Yveltal|move: Roost\n|\n|upkeep\n|turn|21\n|\n|t:|1649027122\n|switch|p2a: Bronzong|Bronzong, L82|177\/244\n|-start|p1a: Kyurem|Dynamax|\n|-heal|p1a: Kyurem|614\/614|[silent]\n|move|p1a: Kyurem|Max Hailstorm|p2a: Bronzong\n|-resisted|p2a: Bronzong\n|-damage|p2a: Bronzong|113\/244\n|-weather|Hail\n|\n|-weather|Hail|[upkeep]\n|-damage|p2a: Bronzong|98\/244|[from] Hail\n|-heal|p2a: Bronzong|113\/244|[from] item: Leftovers\n|upkeep\n|turn|22\n|\n|t:|1649027135\n|move|p1a: Kyurem|Max Hailstorm|p2a: Bronzong\n|-resisted|p2a: Bronzong\n|-damage|p2a: Bronzong|41\/244\n|move|p2a: Bronzong|Toxic|p1a: Kyurem\n|-status|p1a: Kyurem|tox\n|\n|-weather|Hail|[upkeep]\n|-damage|p2a: Bronzong|26\/244|[from] Hail\n|-heal|p2a: Bronzong|41\/244|[from] item: Leftovers\n|-damage|p1a: Kyurem|595\/614 tox|[from] psn\n|upkeep\n|turn|23\n|\n|t:|1649027147\n|move|p2a: Bronzong|Protect|p2a: Bronzong\n|-singleturn|p2a: Bronzong|Protect\n|move|p1a: Kyurem|Max Hailstorm|p2a: Bronzong\n|-resisted|p2a: Bronzong\n|-zbroken|p2a: Bronzong\n|-damage|p2a: Bronzong|24\/244\n|\n|-weather|Hail|[upkeep]\n|-damage|p2a: Bronzong|9\/244|[from] Hail\n|-heal|p2a: Bronzong|24\/244|[from] item: Leftovers\n|-damage|p1a: Kyurem|557\/614 tox|[from] psn\n|-end|p1a: Kyurem|Dynamax\n|-heal|p1a: Kyurem|279\/307 tox|[silent]\n|upkeep\n|turn|24\n|\n|t:|1649027164\n|move|p1a: Kyurem|Ice Beam|p2a: Bronzong\n|-resisted|p2a: Bronzong\n|-damage|p2a: Bronzong|0 fnt\n|faint|p2a: Bronzong\n|\n|-weather|Hail|[upkeep]\n|-damage|p1a: Kyurem|222\/307 tox|[from] psn\n|upkeep\n|\n|t:|1649027169\n|switch|p2a: Glaceon|Glaceon, L88, F|258\/258\n|turn|25\n|\n|t:|1649027177\n|move|p1a: Kyurem|Ice Beam|p2a: Glaceon\n|-resisted|p2a: Glaceon\n|-damage|p2a: Glaceon|204\/258\n|move|p2a: Glaceon|Shadow Ball|p1a: Kyurem\n|-damage|p1a: Kyurem|148\/307 tox\n|\n|-weather|none\n|-damage|p1a: Kyurem|72\/307 tox|[from] psn\n|upkeep\n|turn|26\n|\n|t:|1649027187\n|move|p1a: Kyurem|Ice Beam|p2a: Glaceon\n|-resisted|p2a: Glaceon\n|-damage|p2a: Glaceon|149\/258\n|move|p2a: Glaceon|Freeze-Dry|p1a: Kyurem\n|-damage|p1a: Kyurem|0 fnt\n|faint|p1a: Kyurem\n|\n|upkeep\n|\n|t:|1649027195\n|switch|p1a: Shiftry|Shiftry, L86, F|266\/295\n|turn|27\n|\n|t:|1649027203\n|move|p1a: Shiftry|Nasty Plot|p1a: Shiftry\n|-boost|p1a: Shiftry|spa|2\n|move|p2a: Glaceon|Freeze-Dry|p1a: Shiftry\n|-supereffective|p1a: Shiftry\n|-damage|p1a: Shiftry|6\/295\n|\n|upkeep\n|turn|28\n|\n|t:|1649027210\n|move|p1a: Shiftry|Heat Wave|p2a: Glaceon\n|-supereffective|p2a: Glaceon\n|-damage|p2a: Glaceon|0 fnt\n|faint|p2a: Glaceon\n|-damage|p1a: Shiftry|0 fnt|[from] item: Life Orb\n|faint|p1a: Shiftry\n|\n|win|serperiorstoptime\n|raw|Fastpitchkiller's rating: 1368 &rarr; <strong>1349<\/strong><br \/>(-19 for losing)\n|raw|serperiorstoptime's rating: 1382 &rarr; <strong>1401<\/strong><br \/>(+19 for winning)\n|c|\u2606serperiorstoptime|gg\n|c|\u2606serperiorstoptime|wp\n|l|\u2606Fastpitchkiller\n||Ladder isn't responding, score probably updated but might not have (Request timeout).\n","inputlog":">version 3e2e33149aec63162421e3edd4acf72227ddc35b\n>start {\"formatid\":\"gen8randombattle\",\"seed\":[62436,30424,65386,9254],\"rated\":\"Rated battle\"}\n>player p1 {\"name\":\"Fastpitchkiller\",\"avatar\":\"169\",\"rating\":1368,\"seed\":[36110,48893,63578,52661]}\n>player p2 {\"name\":\"serperiorstoptime\",\"avatar\":\"n\",\"rating\":1382,\"seed\":[11594,43474,61337,37856]}\n>chat \u2606serperiorstoptime|gl hf\n>p1 move fireblast\n>p2 switch 4\n>p1 switch 3\n>p2 switch 2\n>p1 move calmmind\n>p2 switch 3\n>p1 move moonblast\n>p2 move powerwhip\n>p1 switch 3\n>p1 switch 6\n>p2 switch 2\n>p1 move thunderbolt\n>p2 move lavaplume\n>p1 move thunderbolt\n>p2 move lavaplume\n>p1 switch 2\n>p1 move shadowball\n>p2 move toxic\n>p1 move shadowball\n>p2 move protect\n>p1 move shadowball\n>p2 switch 3\n>p1 move shadowball\n>p2 move knockoff\n>p1 switch 5\n>p1 move icebeam\n>p2 switch 6\n>p1 switch 6\n>p2 move toxic\n>p1 move fireblast\n>p2 switch 3\n>p1 move focusblast\n>p2 move protect\n>p1 move focusblast\n>p2 switch 3\n>p1 move focusblast\n>p2 switch 3\n>p2 switch 3\n>p1 move fireblast\n>p2 move protect\n>p1 switch 4\n>p1 move darkpulse\n>p2 switch 6\n>p1 switch 6\n>p2 move roost\n>p1 move icebeam dynamax\n>p2 switch 6\n>p1 move icebeam dynamax\n>p2 move toxic\n>p1 move icebeam dynamax\n>p2 move protect\n>p1 move icebeam\n>p2 move ironhead\n>p2 switch 4\n>p1 move icebeam\n>p2 move shadowball\n>p1 move icebeam\n>p2 move freezedry\n>p1 switch 6\n>p1 move nastyplot\n>p2 move freezedry\n>p1 move heatwave\n>p2 move freezedry","uploadtime":1649027220,"views":6,"p1id":"fastpitchkiller","p2id":"serperiorstoptime","formatid":"gen8randombattle","rating":1349,"private":0,"password":null}