{"id":"gen8ou-1326493590","p1":"PAWS DIP","p2":"friedfreak","format":"gen8ou","log":"|html|<div class=\"broadcast-blue\"><strong>[Gen 8] OU is currently suspecting Zamazenta-Crowned! For information on how to participate check out the <a href=\"https:\/\/www.smogon.com\/forums\/threads\/np-ss-ou-suspect-process-round-10-royals.3681787\/\">suspect thread<\/a>.<\/strong><\/div>\n|j|\u2606PAWS DIP\n|j|\u2606friedfreak\n|t:|1619076460\n|gametype|singles\n|player|p1|PAWS DIP|170|1668\n|player|p2|friedfreak|170|1781\n|teamsize|p1|6\n|teamsize|p2|6\n|gen|8\n|tier|[Gen 8] OU\n|rated|\n|clearpoke\n|poke|p1|Kyurem|\n|poke|p1|Landorus-Therian, M|\n|poke|p1|Tapu Koko|\n|poke|p1|Melmetal|\n|poke|p1|Latias, F|\n|poke|p1|Zamazenta-Crowned|\n|poke|p2|Ferrothorn, F|\n|poke|p2|Mandibuzz, F|\n|poke|p2|Kartana|\n|poke|p2|Tapu Koko|\n|poke|p2|Garchomp, M|\n|poke|p2|Slowking, F|\n|rule|Sleep Clause Mod: Limit one foe put to sleep\n|rule|Species Clause: Limit one of each Pok\u00e9mon\n|rule|OHKO Clause: OHKO moves are banned\n|rule|Evasion Moves Clause: Evasion moves are banned\n|rule|Endless Battle Clause: Forcing endless battles is banned\n|rule|HP Percentage Mod: HP is shown in percentages\n|rule|Dynamax Clause: You cannot dynamax\n|teampreview\n|inactive|Battle timer is ON: inactive players will automatically lose when time's up. (requested by PAWS DIP)\n|\n|t:|1619076481\n|start\n|switch|p1a: Landorus|Landorus-Therian, M|100\/100\n|switch|p2a: Ferrothorn|Ferrothorn, F|100\/100\n|-ability|p1a: Landorus|Intimidate|boost\n|-unboost|p2a: Ferrothorn|atk|1\n|turn|1\n|j| Qazxhip9okhvfdrsa\n|\n|t:|1619076490\n|move|p1a: Landorus|Knock Off|p2a: Ferrothorn\n|-damage|p2a: Ferrothorn|77\/100\n|-damage|p1a: Landorus|88\/100|[from] ability: Iron Barbs|[of] p2a: Ferrothorn\n|-enditem|p2a: Ferrothorn|Leftovers|[from] move: Knock Off|[of] p1a: Landorus\n|move|p2a: Ferrothorn|Spikes|p1a: Landorus\n|-sidestart|p1: PAWS DIP|Spikes\n|\n|upkeep\n|turn|2\n|\n|t:|1619076496\n|move|p1a: Landorus|Stealth Rock|p2a: Ferrothorn\n|-sidestart|p2: friedfreak|move: Stealth Rock\n|move|p2a: Ferrothorn|Leech Seed|p1a: Landorus\n|-start|p1a: Landorus|move: Leech Seed\n|\n|-damage|p1a: Landorus|76\/100|[from] Leech Seed|[of] p2a: Ferrothorn\n|-heal|p2a: Ferrothorn|89\/100|[silent]\n|upkeep\n|turn|3\n|\n|t:|1619076503\n|move|p1a: Landorus|Earthquake|p2a: Ferrothorn\n|-damage|p2a: Ferrothorn|57\/100\n|move|p2a: Ferrothorn|Leech Seed||[still]\n|-fail|p2a: Ferrothorn\n|\n|-damage|p1a: Landorus|64\/100|[from] Leech Seed|[of] p2a: Ferrothorn\n|-heal|p2a: Ferrothorn|68\/100|[silent]\n|upkeep\n|turn|4\n|j| nm\u589e\u7530\u9806slll\n|\n|t:|1619076512\n|move|p1a: Landorus|Earthquake|p2a: Ferrothorn\n|-damage|p2a: Ferrothorn|37\/100\n|move|p2a: Ferrothorn|Spikes|p1a: Landorus\n|-sidestart|p1: PAWS DIP|Spikes\n|\n|-damage|p1a: Landorus|52\/100|[from] Leech Seed|[of] p2a: Ferrothorn\n|-heal|p2a: Ferrothorn|48\/100|[silent]\n|upkeep\n|turn|5\n|j| DragonHunter994\n|\n|t:|1619076538\n|switch|p2a: Garchomp|Garchomp, M|100\/100\n|-damage|p2a: Garchomp|94\/100|[from] Stealth Rock\n|move|p1a: Landorus|Earthquake|p2a: Garchomp\n|-crit|p2a: Garchomp\n|-damage|p2a: Garchomp|31\/100\n|\n|-damage|p1a: Landorus|39\/100|[from] Leech Seed|[of] p2a: Garchomp\n|-heal|p2a: Garchomp|40\/100|[silent]\n|upkeep\n|turn|6\n|\n|t:|1619076548\n|switch|p2a: Mandibuzz|Mandibuzz, F|100\/100\n|move|p1a: Landorus|Explosion|p2a: Mandibuzz\n|-damage|p2a: Mandibuzz|27\/100\n|faint|p1a: Landorus\n|\n|upkeep\n|\n|t:|1619076552\n|switch|p1a: Kyurem|Kyurem|100\/100\n|-ability|p1a: Kyurem|Pressure\n|turn|7\n|\n|t:|1619076563\n|switch|p2a: Slowking|Slowking, F|100\/100\n|move|p1a: Kyurem|Freeze-Dry|p2a: Slowking\n|-supereffective|p2a: Slowking\n|-damage|p2a: Slowking|56\/100\n|\n|upkeep\n|turn|8\n|\n|t:|1619076573\n|move|p1a: Kyurem|Substitute|p1a: Kyurem\n|-start|p1a: Kyurem|Substitute\n|-damage|p1a: Kyurem|75\/100\n|move|p2a: Slowking|Slack Off|p2a: Slowking\n|-heal|p2a: Slowking|100\/100\n|\n|upkeep\n|turn|9\n|\n|t:|1619076578\n|move|p1a: Kyurem|Freeze-Dry|p2a: Slowking\n|-supereffective|p2a: Slowking\n|-damage|p2a: Slowking|56\/100\n|move|p2a: Slowking|Future Sight|p1a: Kyurem\n|-start|p2a: Slowking|move: Future Sight\n|\n|upkeep\n|turn|10\n|j| Ctannn\n|\n|t:|1619076586\n|move|p1a: Kyurem|Freeze-Dry|p2a: Slowking\n|-supereffective|p2a: Slowking\n|-damage|p2a: Slowking|15\/100\n|move|p2a: Slowking|Slack Off|p2a: Slowking\n|-heal|p2a: Slowking|65\/100\n|\n|upkeep\n|turn|11\n|\n|t:|1619076600\n|move|p1a: Kyurem|Roost|p1a: Kyurem\n|-heal|p1a: Kyurem|100\/100\n|-singleturn|p1a: Kyurem|move: Roost\n|move|p2a: Slowking|Teleport|p2a: Slowking\n|\n|t:|1619076604\n|switch|p2a: Better Zamazenta|Kartana|100\/100|[from]move: Teleport\n|-damage|p2a: Better Zamazenta|94\/100|[from] Stealth Rock\n|\n|-end|p1a: Kyurem|move: Future Sight\n|-end|p1a: Kyurem|Substitute\n|upkeep\n|turn|12\n|\n|t:|1619076616\n|move|p2a: Better Zamazenta|Sacred Sword|p1a: Kyurem\n|-supereffective|p1a: Kyurem\n|-damage|p1a: Kyurem|0 fnt\n|faint|p1a: Kyurem\n|-ability|p2a: Better Zamazenta|Beast Boost|boost\n|-boost|p2a: Better Zamazenta|atk|1\n|\n|upkeep\n|\n|t:|1619076626\n|switch|p1a: Latias|Latias, F|100\/100\n|turn|13\n|l| DragonHunter994\n|j| outkdrakelistener\n|\n|t:|1619076632\n|switch|p2a: Mandibuzz|Mandibuzz, F|27\/100\n|move|p1a: Latias|Draco Meteor|p2a: Mandibuzz\n|-damage|p2a: Mandibuzz|0 fnt\n|-unboost|p1a: Latias|spa|2\n|faint|p2a: Mandibuzz\n|\n|upkeep\n|\n|t:|1619076641\n|switch|p2a: Ferrothorn|Ferrothorn, F|48\/100\n|-damage|p2a: Ferrothorn|42\/100|[from] Stealth Rock\n|turn|14\n|\n|t:|1619076650\n|switch|p1a: Zamazenta|Zamazenta-Crowned|100\/100\n|-damage|p1a: Zamazenta|84\/100|[from] Spikes\n|-ability|p1a: Zamazenta|Dauntless Shield|boost\n|-boost|p1a: Zamazenta|def|1\n|move|p2a: Ferrothorn|Leech Seed|p1a: Zamazenta\n|-start|p1a: Zamazenta|move: Leech Seed\n|\n|-damage|p1a: Zamazenta|72\/100|[from] Leech Seed|[of] p2a: Ferrothorn\n|-heal|p2a: Ferrothorn|53\/100|[silent]\n|upkeep\n|turn|15\n|j| outkmedulla\n|\n|t:|1619076670\n|switch|p2a: Slowking|Slowking, F|98\/100\n|move|p1a: Zamazenta|Close Combat|p2a: Slowking\n|-resisted|p2a: Slowking\n|-damage|p2a: Slowking|67\/100\n|-unboost|p1a: Zamazenta|def|1\n|-unboost|p1a: Zamazenta|spd|1\n|\n|-damage|p1a: Zamazenta|59\/100|[from] Leech Seed|[of] p2a: Slowking\n|-heal|p2a: Slowking|77\/100|[silent]\n|upkeep\n|turn|16\n|inactive|friedfreak has 120 seconds left.\n|j| JudasFPriest\n|\n|t:|1619076698\n|switch|p1a: Latias|Latias, F|100\/100\n|move|p2a: Slowking|Teleport|p2a: Slowking\n|\n|t:|1619076706\n|switch|p2a: Ferrothorn|Ferrothorn, F|53\/100|[from]move: Teleport\n|-damage|p2a: Ferrothorn|47\/100|[from] Stealth Rock\n|\n|upkeep\n|turn|17\n|inactive|friedfreak has 120 seconds left.\n|\n|t:|1619076722\n|switch|p2a: Slowking|Slowking, F|100\/100\n|move|p1a: Latias|Mystical Fire|p2a: Slowking\n|-resisted|p2a: Slowking\n|-damage|p2a: Slowking|94\/100\n|-unboost|p2a: Slowking|spa|1\n|\n|upkeep\n|turn|18\n|\n|t:|1619076735\n|switch|p1a: Tapu Koko|Tapu Koko|100\/100\n|-fieldstart|move: Electric Terrain|[from] ability: Electric Surge|[of] p1a: Tapu Koko\n|move|p2a: Slowking|Future Sight|p1a: Tapu Koko\n|-start|p2a: Slowking|move: Future Sight\n|\n|upkeep\n|turn|19\n|l| Qazxhip9okhvfdrsa\n|\n|t:|1619076752\n|move|p1a: Tapu Koko|U-turn|p2a: Slowking\n|-supereffective|p2a: Slowking\n|-damage|p2a: Slowking|59\/100\n|\n|t:|1619076757\n|switch|p1a: Melmetal|Melmetal|100\/100|[from]move: U-turn\n|-damage|p1a: Melmetal|84\/100|[from] Spikes\n|move|p2a: Slowking|Scald|p1a: Melmetal\n|-damage|p1a: Melmetal|75\/100\n|-status|p1a: Melmetal|brn\n|\n|-damage|p1a: Melmetal|69\/100 brn|[from] brn\n|upkeep\n|turn|20\n|j| juicelol\n|\n|t:|1619076786\n|switch|p1a: Latias|Latias, F|100\/100\n|switch|p2a: Garchomp|Garchomp, M|40\/100\n|-damage|p2a: Garchomp|34\/100|[from] Stealth Rock\n|\n|-end|p1a: Latias|move: Future Sight\n|-resisted|p1a: Latias\n|-damage|p1a: Latias|83\/100\n|upkeep\n|turn|21\n|\n|t:|1619076800\n|switch|p2a: Slowking|Slowking, F|92\/100\n|move|p1a: Latias|Healing Wish|p1a: Latias\n|faint|p1a: Latias\n|\n|upkeep\n|\n|t:|1619076803\n|switch|p1a: Melmetal|Melmetal|69\/100 brn\n|-heal|p1a: Melmetal|100\/100|[from] move: Healing Wish\n|-damage|p1a: Melmetal|84\/100|[from] Spikes\n|turn|22\n|inactive|friedfreak has 90 seconds left.\n|\n|t:|1619076844\n|move|p1a: Melmetal|Thunder Punch|p2a: Slowking\n|-supereffective|p2a: Slowking\n|-damage|p2a: Slowking|6\/100\n|move|p2a: Slowking|Teleport|p2a: Slowking\n|\n|t:|1619076848\n|switch|p2a: Garchomp|Garchomp, M|34\/100|[from]move: Teleport\n|-damage|p2a: Garchomp|27\/100|[from] Stealth Rock\n|\n|-fieldend|move: Electric Terrain\n|upkeep\n|turn|23\n|l| JudasFPriest\n|\n|t:|1619076876\n|move|p2a: Garchomp|Earthquake|p1a: Melmetal\n|-supereffective|p1a: Melmetal\n|-crit|p1a: Melmetal\n|-damage|p1a: Melmetal|13\/100\n|move|p1a: Melmetal|Ice Punch|p2a: Garchomp\n|-supereffective|p2a: Garchomp\n|-damage|p2a: Garchomp|0 fnt\n|-damage|p1a: Melmetal|1\/100|[from] ability: Rough Skin|[of] p2a: Garchomp\n|-damage|p1a: Melmetal|0 fnt|[from] item: Rocky Helmet|[of] p2a: Garchomp\n|faint|p2a: Garchomp\n|faint|p1a: Melmetal\n|\n|upkeep\n|\n|t:|1619076905\n|switch|p2a: Better Zamazenta|Kartana|94\/100\n|switch|p1a: Tapu Koko|Tapu Koko|100\/100\n|-fieldstart|move: Electric Terrain|[from] ability: Electric Surge|[of] p1a: Tapu Koko\n|-damage|p2a: Better Zamazenta|88\/100|[from] Stealth Rock\n|turn|24\n|\n|t:|1619076915\n|move|p1a: Tapu Koko|Thunderbolt|p2a: Better Zamazenta\n|-resisted|p2a: Better Zamazenta\n|-damage|p2a: Better Zamazenta|8\/100\n|move|p2a: Better Zamazenta|Leaf Blade|p1a: Tapu Koko\n|-crit|p1a: Tapu Koko\n|-damage|p1a: Tapu Koko|0 fnt\n|faint|p1a: Tapu Koko\n|-ability|p2a: Better Zamazenta|Beast Boost|boost\n|-boost|p2a: Better Zamazenta|atk|1\n|\n|upkeep\n|\n|t:|1619076920\n|switch|p1a: Zamazenta|Zamazenta-Crowned|59\/100\n|-damage|p1a: Zamazenta|43\/100|[from] Spikes\n|-ability|p1a: Zamazenta|Dauntless Shield|boost\n|-boost|p1a: Zamazenta|def|1\n|turn|25\n|\n|t:|1619076927\n|move|p1a: Zamazenta|Close Combat|p2a: Better Zamazenta\n|-supereffective|p2a: Better Zamazenta\n|-damage|p2a: Better Zamazenta|0 fnt\n|-unboost|p1a: Zamazenta|def|1\n|-unboost|p1a: Zamazenta|spd|1\n|faint|p2a: Better Zamazenta\n|\n|upkeep\n|l|\u2606PAWS DIP\n|inactive|PAWS DIP disconnected and has a minute to reconnect!\n|player|p1|\n|\n|t:|1619076936\n|switch|p2a: Ferrothorn|Ferrothorn, F|47\/100\n|-damage|p2a: Ferrothorn|41\/100|[from] Stealth Rock\n|turn|26\n|l| Ctannn\n|inactive|PAWS DIP has 30 seconds to reconnect!\n|inactive|PAWS DIP has 20 seconds to reconnect!\n|inactive|PAWS DIP has 15 seconds to reconnect!\n|inactive|PAWS DIP has 10 seconds to reconnect!\n|inactive|PAWS DIP has 5 seconds to reconnect!\n|-message|PAWS DIP lost due to inactivity.\n|\n|win|friedfreak\n|raw|PAWS DIP's rating: 1668 &rarr; <strong>1654<\/strong><br \/>(-14 for losing)\n|raw|friedfreak's rating: 1781 &rarr; <strong>1795<\/strong><br \/>(+14 for winning)\n|l|\u2606friedfreak\n","uploadtime":1619077019,"views":63,"p1id":"pawsdip","p2id":"friedfreak","formatid":"gen8ou","rating":1654,"private":0,"password":null}