{"id":"gen8bdspou-1467436134","p1":"freebobby2020","p2":"VirginJimmy99","format":"gen8bdspou","log":"|html|<div class=\"broadcast-blue\"><strong>[Gen 8 BDSP] OU is currently suspecting Latios! For information on how to participate check out the <a href=\"https:\/\/www.smogon.com\/forums\/threads\/np-bdsp-ou-suspect-process-round-1-mr-blue-sky.3694109\/\">suspect thread<\/a>.<\/strong><\/div>\n|j|\u2606freebobby2020\n|j|\u2606VirginJimmy99\n|t:|1638758336\n|gametype|singles\n|player|p1|freebobby2020|benga|1594\n|player|p2|VirginJimmy99|rocketgrunt|1502\n|teamsize|p1|6\n|teamsize|p2|6\n|gen|8\n|tier|[Gen 8 BDSP] OU\n|rated|\n|rule|Sleep Clause Mod: Limit one foe put to sleep\n|rule|Species Clause: Limit one of each Pok\u00e9mon\n|rule|OHKO Clause: OHKO moves are banned\n|rule|Evasion Moves Clause: Evasion moves are banned\n|rule|Endless Battle Clause: Forcing endless battles is banned\n|rule|HP Percentage Mod: HP is shown in percentages\n|clearpoke\n|poke|p1|Weavile, M|\n|poke|p1|Exploud, F|\n|poke|p1|Scizor, M|\n|poke|p1|Feraligatr, F|\n|poke|p1|Rotom-Mow|\n|poke|p1|Gliscor, F|\n|poke|p2|Ambipom, F|\n|poke|p2|Magnezone|\n|poke|p2|Dragonite, F|\n|poke|p2|Latios, M|\n|poke|p2|Mamoswine, M|\n|poke|p2|Scizor, F|\n|teampreview\n|j| btlj3\n|inactive|Battle timer is ON: inactive players will automatically lose when time's up. (requested by freebobby2020)\n|\n|t:|1638758352\n|start\n|switch|p1a: Scizor|Scizor, M|100\/100\n|switch|p2a: Mamoswine|Mamoswine, M|100\/100\n|turn|1\n|\n|t:|1638758358\n|switch|p2a: Scizor|Scizor, F|100\/100\n|move|p1a: Scizor|U-turn|p2a: Scizor\n|-resisted|p2a: Scizor\n|-damage|p2a: Scizor|85\/100\n|\n|t:|1638758367\n|switch|p1a: Exploud|Exploud, F|100\/100|[from]move: U-turn\n|\n|-heal|p2a: Scizor|91\/100|[from] item: Leftovers\n|upkeep\n|turn|2\n|j| LastYoungster\n|\n|t:|1638758372\n|switch|p2a: Latios|Latios, M|100\/100\n|move|p1a: Exploud|Overheat|p2a: Latios\n|-resisted|p2a: Latios\n|-damage|p2a: Latios|70\/100\n|-unboost|p1a: Exploud|spa|2\n|\n|upkeep\n|turn|3\n|\n|t:|1638758378\n|switch|p2a: Magnezone|Magnezone|100\/100\n|switch|p1a: Scizor|Scizor, M|100\/100\n|\n|upkeep\n|turn|4\n|\n|t:|1638758381\n|move|p2a: Magnezone|Thunderbolt|p1a: Scizor\n|-damage|p1a: Scizor|31\/100\n|move|p1a: Scizor|U-turn|p2a: Magnezone\n|-resisted|p2a: Magnezone\n|-damage|p2a: Magnezone|84\/100\n|j| dfgfgfdgfdgdgd\n|\n|t:|1638758384\n|switch|p1a: Gliscor|Gliscor, F|100\/100|[from]move: U-turn\n|\n|-status|p1a: Gliscor|tox|[from] item: Toxic Orb\n|upkeep\n|turn|5\n|\n|t:|1638758395\n|switch|p2a: Dragonite|Dragonite, F|100\/100\n|move|p1a: Gliscor|U-turn|p2a: Dragonite\n|-resisted|p2a: Dragonite\n|-damage|p2a: Dragonite|97\/100\n|\n|t:|1638758400\n|switch|p1a: Weavile|Weavile, M|100\/100|[from]move: U-turn\n|-ability|p1a: Weavile|Pressure\n|\n|upkeep\n|turn|6\n|\n|t:|1638758403\n|switch|p2a: Scizor|Scizor, F|91\/100\n|move|p1a: Weavile|Throat Chop|p2a: Scizor\n|-damage|p2a: Scizor|29\/100\n|-start|p2a: Scizor|Throat Chop|[silent]\n|\n|-heal|p2a: Scizor|35\/100|[from] item: Leftovers\n|upkeep\n|turn|7\n|\n|t:|1638758408\n|switch|p1a: Exploud|Exploud, F|100\/100\n|move|p2a: Scizor|Roost|p2a: Scizor\n|-heal|p2a: Scizor|85\/100\n|-singleturn|p2a: Scizor|move: Roost\n|\n|-heal|p2a: Scizor|91\/100|[from] item: Leftovers\n|-end|p2a: Scizor|Throat Chop|[silent]\n|upkeep\n|turn|8\n|\n|t:|1638758435\n|switch|p2a: Dragonite|Dragonite, F|97\/100\n|move|p1a: Exploud|Overheat|p2a: Dragonite\n|-resisted|p2a: Dragonite\n|-damage|p2a: Dragonite|66\/100\n|-unboost|p1a: Exploud|spa|2\n|\n|upkeep\n|turn|9\n|\n|t:|1638758444\n|switch|p1a: Gliscor|Gliscor, F|100\/100 tox\n|move|p2a: Dragonite|Outrage|p1a: Gliscor\n|-damage|p1a: Gliscor|38\/100 tox\n|\n|-heal|p1a: Gliscor|51\/100 tox|[from] ability: Poison Heal\n|upkeep\n|turn|10\n|\n|t:|1638758452\n|move|p2a: Dragonite|Outrage|p1a: Gliscor|[from]lockedmove\n|-damage|p1a: Gliscor|0 fnt\n|faint|p1a: Gliscor\n|\n|upkeep\n|\n|t:|1638758454\n|switch|p1a: Weavile|Weavile, M|100\/100\n|-ability|p1a: Weavile|Pressure\n|turn|11\n|\n|t:|1638758456\n|move|p1a: Weavile|Ice Shard|p2a: Dragonite\n|-supereffective|p2a: Dragonite\n|-damage|p2a: Dragonite|0 fnt\n|faint|p2a: Dragonite\n|\n|upkeep\n|\n|t:|1638758458\n|switch|p2a: Scizor|Scizor, F|91\/100\n|turn|12\n|\n|t:|1638758462\n|switch|p1a: Scizor|Scizor, M|31\/100\n|move|p2a: Scizor|U-turn|p1a: Scizor\n|-resisted|p1a: Scizor\n|-damage|p1a: Scizor|16\/100\n|j| fyulkguio\n|\n|t:|1638758467\n|switch|p2a: Ambipom|Ambipom, F|100\/100|[from]move: U-turn\n|\n|-heal|p1a: Scizor|23\/100|[from] item: Leftovers\n|upkeep\n|turn|13\n|\n|t:|1638758470\n|move|p1a: Scizor|Bullet Punch|p2a: Ambipom\n|-damage|p2a: Ambipom|53\/100\n|move|p2a: Ambipom|Thief|p1a: Scizor\n|-damage|p1a: Scizor|0 fnt\n|faint|p1a: Scizor\n|\n|upkeep\n|\n|t:|1638758476\n|switch|p1a: Weavile|Weavile, M|100\/100\n|-ability|p1a: Weavile|Pressure\n|turn|14\n|\n|t:|1638758478\n|switch|p2a: Magnezone|Magnezone|84\/100\n|move|p1a: Weavile|Throat Chop|p2a: Magnezone\n|-damage|p2a: Magnezone|20\/100\n|-start|p2a: Magnezone|Throat Chop|[silent]\n|\n|upkeep\n|turn|15\n|\n|t:|1638758482\n|move|p1a: Weavile|Throat Chop|p2a: Magnezone\n|-damage|p2a: Magnezone|0 fnt\n|faint|p2a: Magnezone\n|\n|upkeep\n|\n|t:|1638758485\n|switch|p2a: Scizor|Scizor, F|91\/100\n|turn|16\n|j| UltraShonen\n|\n|t:|1638758491\n|move|p1a: Weavile|Throat Chop|p2a: Scizor\n|-damage|p2a: Scizor|34\/100\n|-start|p2a: Scizor|Throat Chop|[silent]\n|move|p2a: Scizor|U-turn|p1a: Weavile\n|-supereffective|p1a: Weavile\n|-damage|p1a: Weavile|2\/100\n|\n|t:|1638758497\n|switch|p2a: Mamoswine|Mamoswine, M|100\/100|[from]move: U-turn\n|\n|upkeep\n|turn|17\n|\n|t:|1638758499\n|move|p2a: Mamoswine|Ice Shard|p1a: Weavile\n|-resisted|p1a: Weavile\n|-damage|p1a: Weavile|0 fnt\n|faint|p1a: Weavile\n|-damage|p2a: Mamoswine|91\/100|[from] item: Life Orb\n|\n|upkeep\n|\n|t:|1638758502\n|switch|p1a: Rotom|Rotom-Mow|100\/100\n|turn|18\n|\n|t:|1638758507\n|switch|p2a: Scizor|Scizor, F|34\/100\n|move|p1a: Rotom|Will-O-Wisp|p2a: Scizor\n|-status|p2a: Scizor|brn\n|\n|-heal|p2a: Scizor|40\/100 brn|[from] item: Leftovers\n|-damage|p2a: Scizor|34\/100 brn|[from] brn\n|upkeep\n|turn|19\n|\n|t:|1638758512\n|switch|p1a: Feraligatr|Feraligatr, F|100\/100\n|move|p2a: Scizor|U-turn|p1a: Feraligatr\n|-damage|p1a: Feraligatr|84\/100\n|\n|t:|1638758515\n|switch|p2a: Mamoswine|Mamoswine, M|91\/100|[from]move: U-turn\n|\n|upkeep\n|turn|20\n|\n|t:|1638758519\n|switch|p1a: Rotom|Rotom-Mow|100\/100\n|move|p2a: Mamoswine|Earthquake|p1a: Rotom\n|-immune|p1a: Rotom|[from] ability: Levitate\n|\n|upkeep\n|turn|21\n|\n|t:|1638758524\n|move|p1a: Rotom|Trick|p2a: Mamoswine\n|-activate|p1a: Rotom|move: Trick|[of] p2a: Mamoswine\n|-item|p2a: Mamoswine|Choice Scarf|[from] move: Trick\n|-item|p1a: Rotom|Life Orb|[from] move: Trick\n|move|p2a: Mamoswine|Icicle Crash|p1a: Rotom\n|-supereffective|p1a: Rotom\n|-damage|p1a: Rotom|0 fnt\n|faint|p1a: Rotom\n|\n|upkeep\n|\n|t:|1638758526\n|switch|p1a: Feraligatr|Feraligatr, F|84\/100\n|turn|22\n|j| Whaleeeee\u203d\n|\n|t:|1638758533\n|move|p2a: Mamoswine|Icicle Crash|p1a: Feraligatr\n|-resisted|p1a: Feraligatr\n|-damage|p1a: Feraligatr|59\/100\n|move|p1a: Feraligatr|Dragon Dance|p1a: Feraligatr\n|-boost|p1a: Feraligatr|atk|1\n|-boost|p1a: Feraligatr|spe|1\n|\n|upkeep\n|turn|23\n|\n|t:|1638758535\n|move|p2a: Mamoswine|Icicle Crash|p1a: Feraligatr\n|-resisted|p1a: Feraligatr\n|-damage|p1a: Feraligatr|33\/100\n|cant|p1a: Feraligatr|flinch\n|\n|upkeep\n|turn|24\n|\n|t:|1638758540\n|switch|p2a: Scizor|Scizor, F|34\/100 brn\n|move|p1a: Feraligatr|Waterfall|p2a: Scizor\n|-crit|p2a: Scizor\n|-damage|p2a: Scizor|0 fnt\n|faint|p2a: Scizor\n|\n|upkeep\n|\n|t:|1638758542\n|switch|p2a: Ambipom|Ambipom, F|53\/100\n|turn|25\n|\n|t:|1638758546\n|move|p2a: Ambipom|Fake Out|p1a: Feraligatr\n|-damage|p1a: Feraligatr|0 fnt\n|faint|p1a: Feraligatr\n|\n|upkeep\n|-message|freebobby2020 forfeited.\n|\n|win|VirginJimmy99\n|raw|freebobby2020's rating: 1594 &rarr; <strong>1569<\/strong><br \/>(-25 for losing)\n|raw|VirginJimmy99's rating: 1502 &rarr; <strong>1527<\/strong><br \/>(+25 for winning)\n|l|\u2606freebobby2020\n|l| Whaleeeee\u203d\n|l| btlj3\n|l| LastYoungster\n||Ladder isn't responding, score probably updated but might not have (Request timeout).\n","uploadtime":1638758558,"views":17,"p1id":"freebobby2020","p2id":"virginjimmy99","formatid":"gen8bdspou","rating":1527,"private":0,"password":null}