{"id":"gen8nationaldex-1702625503","p1":"dabess6","p2":"Ferrothornail\u8349\u94a2\u7532","format":"gen8nationaldex","log":"|j|\u2606dabess6\n|j|\u2606Ferrothornail\u8349\u94a2\u7532\n|t:|1667573148\n|gametype|singles\n|player|p1|dabess6|ninjaboy|1575\n|player|p2|Ferrothornail\u8349\u94a2\u7532|lillie|1595\n|teamsize|p1|6\n|teamsize|p2|6\n|gen|8\n|tier|[Gen 8] National Dex\n|rated|\n|rule|HP Percentage Mod: HP is shown in percentages\n|rule|Endless Battle Clause: Forcing endless battles is banned\n|rule|OHKO Clause: OHKO moves are banned\n|rule|Evasion Moves Clause: Evasion moves are banned\n|rule|Species Clause: Limit one of each Pok\u00e9mon\n|rule|Dynamax Clause: You cannot dynamax\n|rule|Sleep Clause Mod: Limit one foe put to sleep\n|clearpoke\n|poke|p1|Weavile, F|\n|poke|p1|Kartana|\n|poke|p1|Diancie|\n|poke|p1|Tapu Fini|\n|poke|p1|Landorus-Therian, M|\n|poke|p1|Melmetal|\n|poke|p2|Pelipper, F|\n|poke|p2|Kingdra, F|\n|poke|p2|Ferrothorn, M|\n|poke|p2|Swampert, F|\n|poke|p2|Tapu Koko|\n|poke|p2|Gyarados, F|\n|teampreview\n|inactive|Battle timer is ON: inactive players will automatically lose when time's up. (requested by dabess6)\n|\n|t:|1667573162\n|start\n|switch|p1a: wish you were here|Diancie|100\/100\n|switch|p2a: Pelipper|Pelipper, F|100\/100\n|-weather|RainDance|[from] ability: Drizzle|[of] p2a: Pelipper\n|turn|1\n|\n|t:|1667573165\n|switch|p2a: Swampert|Swampert, F|100\/100\n|detailschange|p1a: wish you were here|Diancie-Mega\n|-mega|p1a: wish you were here|Diancie|Diancite\n|move|p1a: wish you were here|Diamond Storm|p2a: Swampert\n|-resisted|p2a: Swampert\n|-damage|p2a: Swampert|73\/100\n|\n|-weather|RainDance|[upkeep]\n|upkeep\n|turn|2\n|\n|t:|1667573175\n|switch|p1a: atom heart mother|Tapu Fini|100\/100\n|-fieldstart|move: Misty Terrain|[from] ability: Misty Surge|[of] p1a: atom heart mother\n|detailschange|p2a: Swampert|Swampert-Mega, F\n|-mega|p2a: Swampert|Swampert|Swampertite\n|move|p2a: Swampert|Stealth Rock|p1a: atom heart mother\n|-sidestart|p1: dabess6|move: Stealth Rock\n|\n|-weather|RainDance|[upkeep]\n|upkeep\n|turn|3\n|\n|t:|1667573183\n|move|p2a: Swampert|Earthquake|p1a: atom heart mother\n|-damage|p1a: atom heart mother|35\/100\n|move|p1a: atom heart mother|Moonblast|p2a: Swampert\n|-damage|p2a: Swampert|37\/100\n|-unboost|p2a: Swampert|spa|1\n|\n|-weather|RainDance|[upkeep]\n|upkeep\n|turn|4\n|\n|t:|1667573194\n|move|p2a: Swampert|Liquidation|p1a: atom heart mother\n|-resisted|p1a: atom heart mother\n|-damage|p1a: atom heart mother|0 fnt\n|faint|p1a: atom heart mother\n|\n|-weather|RainDance|[upkeep]\n|upkeep\n|\n|t:|1667573197\n|switch|p1a: animals|Kartana|100\/100\n|-damage|p1a: animals|94\/100|[from] Stealth Rock\n|turn|5\n|\n|t:|1667573201\n|switch|p2a: Ferrothorn|Ferrothorn, M|100\/100\n|move|p1a: animals|Swords Dance|p1a: animals\n|-boost|p1a: animals|atk|2\n|\n|-weather|RainDance|[upkeep]\n|upkeep\n|turn|6\n|\n|t:|1667573203\n|-zpower|p1a: animals\n|move|p1a: animals|All-Out Pummeling|p2a: Ferrothorn|[zeffect]\n|-supereffective|p2a: Ferrothorn\n|-enditem|p2a: Ferrothorn|Chople Berry|[eat]\n|-enditem|p2a: Ferrothorn|Chople Berry|[weaken]\n|-damage|p2a: Ferrothorn|0 fnt\n|faint|p2a: Ferrothorn\n|-ability|p1a: animals|Beast Boost|boost\n|-boost|p1a: animals|atk|1\n|\n|-weather|RainDance|[upkeep]\n|-fieldend|Misty Terrain\n|upkeep\n|\n|t:|1667573207\n|switch|p2a: Kingdra|Kingdra, F|100\/100\n|turn|7\n|\n|t:|1667573210\n|switch|p1a: the wall|Melmetal|100\/100\n|-damage|p1a: the wall|94\/100|[from] Stealth Rock\n|move|p2a: Kingdra|Hurricane|p1a: the wall\n|-resisted|p1a: the wall\n|-damage|p1a: the wall|80\/100\n|-start|p1a: the wall|confusion\n|\n|-weather|RainDance|[upkeep]\n|upkeep\n|turn|8\n|\n|t:|1667573218\n|switch|p2a: Gyarados|Gyarados, F|100\/100\n|-ability|p2a: Gyarados|Intimidate|boost\n|-unboost|p1a: the wall|atk|1\n|-activate|p1a: the wall|confusion\n|move|p1a: the wall|Earthquake|p2a: Gyarados\n|-immune|p2a: Gyarados\n|\n|-weather|none\n|upkeep\n|turn|9\n|\n|t:|1667573223\n|move|p2a: Gyarados|Dragon Dance|p2a: Gyarados\n|-boost|p2a: Gyarados|atk|1\n|-boost|p2a: Gyarados|spe|1\n|-end|p1a: the wall|confusion\n|move|p1a: the wall|Thunder Punch|p2a: Gyarados\n|-supereffective|p2a: Gyarados\n|-damage|p2a: Gyarados|0 fnt\n|faint|p2a: Gyarados\n|\n|upkeep\n|\n|t:|1667573227\n|switch|p2a: Tapu Koko|Tapu Koko|100\/100\n|-fieldstart|move: Electric Terrain|[from] ability: Electric Surge|[of] p2a: Tapu Koko\n|turn|10\n|\n|t:|1667573229\n|switch|p1a: meddle|Landorus-Therian, M|100\/100\n|-damage|p1a: meddle|88\/100|[from] Stealth Rock\n|-ability|p1a: meddle|Intimidate|boost\n|-unboost|p2a: Tapu Koko|atk|1\n|move|p2a: Tapu Koko|Volt Switch|p1a: meddle\n|-immune|p1a: meddle\n|\n|upkeep\n|turn|11\n|\n|t:|1667573233\n|switch|p2a: Pelipper|Pelipper, F|100\/100\n|-weather|RainDance|[from] ability: Drizzle|[of] p2a: Pelipper\n|move|p1a: meddle|Stealth Rock|p2a: Pelipper\n|-sidestart|p2: Ferrothornail\u8349\u94a2\u7532|move: Stealth Rock\n|\n|-weather|RainDance|[upkeep]\n|upkeep\n|turn|12\n|\n|t:|1667573236\n|move|p1a: meddle|Toxic|p2a: Pelipper\n|-status|p2a: Pelipper|tox\n|move|p2a: Pelipper|U-turn|p1a: meddle\n|-resisted|p1a: meddle\n|-damage|p1a: meddle|85\/100\n|-damage|p2a: Pelipper|84\/100 tox|[from] item: Rocky Helmet|[of] p1a: meddle\n|\n|t:|1667573239\n|switch|p2a: Kingdra|Kingdra, F|100\/100|[from]move: U-turn\n|-damage|p2a: Kingdra|88\/100|[from] Stealth Rock\n|\n|-weather|RainDance|[upkeep]\n|upkeep\n|turn|13\n|\n|t:|1667573246\n|switch|p1a: the wall|Melmetal|80\/100\n|-damage|p1a: the wall|74\/100|[from] Stealth Rock\n|move|p2a: Kingdra|Surf|p1a: the wall\n|-damage|p1a: the wall|23\/100\n|\n|-weather|RainDance|[upkeep]\n|upkeep\n|turn|14\n|\n|t:|1667573249\n|move|p2a: Kingdra|Surf|p1a: the wall\n|-damage|p1a: the wall|0 fnt\n|faint|p1a: the wall\n|\n|-weather|RainDance|[upkeep]\n|-fieldend|move: Electric Terrain\n|upkeep\n|\n|t:|1667573255\n|switch|p1a: animals|Kartana|94\/100\n|-damage|p1a: animals|88\/100|[from] Stealth Rock\n|turn|15\n|\n|t:|1667573261\n|switch|p2a: Swampert|Swampert-Mega, F|37\/100\n|-damage|p2a: Swampert|31\/100|[from] Stealth Rock\n|move|p1a: animals|Leaf Blade|p2a: Swampert\n|-supereffective|p2a: Swampert\n|-damage|p2a: Swampert|0 fnt\n|faint|p2a: Swampert\n|-ability|p1a: animals|Beast Boost|boost\n|-boost|p1a: animals|atk|1\n|\n|-weather|RainDance|[upkeep]\n|upkeep\n|\n|t:|1667573264\n|switch|p2a: Tapu Koko|Tapu Koko|100\/100\n|-damage|p2a: Tapu Koko|88\/100|[from] Stealth Rock\n|-fieldstart|move: Electric Terrain|[from] ability: Electric Surge|[of] p2a: Tapu Koko\n|turn|16\n|\n|t:|1667573266\n|switch|p1a: meddle|Landorus-Therian, M|85\/100\n|-damage|p1a: meddle|73\/100|[from] Stealth Rock\n|-ability|p1a: meddle|Intimidate|boost\n|-unboost|p2a: Tapu Koko|atk|1\n|move|p2a: Tapu Koko|Hidden Power|p1a: meddle\n|-supereffective|p1a: meddle\n|-damage|p1a: meddle|0 fnt\n|faint|p1a: meddle\n|\n|-weather|RainDance|[upkeep]\n|upkeep\n|\n|t:|1667573269\n|switch|p1a: wish you were here|Diancie-Mega|100\/100\n|-damage|p1a: wish you were here|88\/100|[from] Stealth Rock\n|turn|17\n|\n|t:|1667573272\n|switch|p2a: Kingdra|Kingdra, F|88\/100\n|-damage|p2a: Kingdra|76\/100|[from] Stealth Rock\n|move|p1a: wish you were here|Diamond Storm|p2a: Kingdra\n|-damage|p2a: Kingdra|8\/100\n|\n|-weather|RainDance|[upkeep]\n|upkeep\n|turn|18\n|\n|t:|1667573284\n|switch|p1a: animals|Kartana|88\/100\n|-damage|p1a: animals|82\/100|[from] Stealth Rock\n|move|p2a: Kingdra|Surf|p1a: animals\n|-resisted|p1a: animals\n|-damage|p1a: animals|0 fnt\n|faint|p1a: animals\n|\n|-weather|none\n|upkeep\n|\n|t:|1667573286\n|switch|p1a: dsotm|Weavile, F|100\/100\n|-damage|p1a: dsotm|76\/100|[from] Stealth Rock\n|-ability|p1a: dsotm|Pressure\n|turn|19\n|\n|t:|1667573290\n|move|p1a: dsotm|Triple Axel|p2a: Kingdra\n|-damage|p2a: Kingdra|0 fnt\n|faint|p2a: Kingdra\n|-hitcount|p2: Kingdra|1\n|\n|upkeep\n|\n|t:|1667573293\n|switch|p2a: Pelipper|Pelipper, F|84\/100 tox\n|-damage|p2a: Pelipper|59\/100 tox|[from] Stealth Rock\n|-weather|RainDance|[from] ability: Drizzle|[of] p2a: Pelipper\n|turn|20\n|\n|t:|1667573297\n|move|p1a: dsotm|Triple Axel|p2a: Pelipper\n|-damage|p2a: Pelipper|46\/100 tox\n|-damage|p2a: Pelipper|26\/100 tox\n|-damage|p2a: Pelipper|0 fnt\n|faint|p2a: Pelipper\n|-hitcount|p2: Pelipper|3\n|\n|-weather|RainDance|[upkeep]\n|-fieldend|move: Electric Terrain\n|upkeep\n|\n|t:|1667573300\n|switch|p2a: Tapu Koko|Tapu Koko|88\/100\n|-damage|p2a: Tapu Koko|76\/100|[from] Stealth Rock\n|-fieldstart|move: Electric Terrain|[from] ability: Electric Surge|[of] p2a: Tapu Koko\n|turn|21\n|\n|t:|1667573308\n|move|p2a: Tapu Koko|Thunder|p1a: dsotm\n|-damage|p1a: dsotm|0 fnt\n|faint|p1a: dsotm\n|\n|-weather|RainDance|[upkeep]\n|upkeep\n|\n|t:|1667573311\n|switch|p1a: wish you were here|Diancie-Mega|88\/100\n|-damage|p1a: wish you were here|76\/100|[from] Stealth Rock\n|turn|22\n|\n|t:|1667573312\n|move|p2a: Tapu Koko|Thunder|p1a: wish you were here\n|-damage|p1a: wish you were here|0 fnt\n|faint|p1a: wish you were here\n|\n|win|Ferrothornail\u8349\u94a2\u7532\n|raw|dabess6's rating: 1575 &rarr; <strong>1556<\/strong><br \/>(-19 for losing)\n|raw|Ferrothornail\u8349\u94a2\u7532's rating: 1595 &rarr; <strong>1614<\/strong><br \/>(+19 for winning)\n|l|\u2606dabess6\n||Ladder isn't responding, score probably updated but might not have (Request timeout).\n","uploadtime":1667573339,"views":3,"p1id":"dabess6","p2id":"ferrothornail","formatid":"gen8nationaldex","rating":1556,"private":0,"password":null}