{"id":"gen8nationaldex-1401681779","p1":"Benjamin Gilbert","p2":"femboy nyaa","format":"gen8nationaldex","log":"|j|\u2606Benjamin Gilbert\n|j|\u2606femboy nyaa\n|inactive|Battle timer is ON: inactive players will automatically lose when time's up.\n|t:|1629659602\n|gametype|singles\n|player|p1|Benjamin Gilbert|1|\n|player|p2|femboy nyaa|will-gen2|\n|teamsize|p1|6\n|teamsize|p2|6\n|gen|8\n|tier|[Gen 8] National Dex\n|rated|Tournament battle\n|rule|HP Percentage Mod: HP is shown in percentages\n|rule|Endless Battle Clause: Forcing endless battles is banned\n|rule|OHKO Clause: OHKO moves are banned\n|rule|Evasion Moves Clause: Evasion moves are banned\n|rule|Species Clause: Limit one of each Pok\u00e9mon\n|rule|Dynamax Clause: You cannot dynamax\n|rule|Sleep Clause Mod: Limit one foe put to sleep\n|clearpoke\n|poke|p1|Buzzwole|\n|poke|p1|Altaria, F|\n|poke|p1|Gliscor, M|\n|poke|p1|Ferrothorn, F|\n|poke|p1|Lycanroc-Dusk, F|\n|poke|p1|Tapu Koko|\n|poke|p2|Scizor, F|\n|poke|p2|Gliscor, M|\n|poke|p2|Toxapex, F|\n|poke|p2|Tapu Koko|\n|poke|p2|Heatran, F|\n|poke|p2|Tangrowth, F|\n|teampreview\n|inactive|femboy nyaa also wants the timer to be on.\n|inactive|Benjamin Gilbert has 120 seconds left.\n|inactive|femboy nyaa has 120 seconds left.\n|inactive|femboy nyaa has 90 seconds left.\n|\n|t:|1629659685\n|start\n|switch|p1a: Clairo|Altaria, F, shiny|100\/100\n|switch|p2a: Tapu Koko|Tapu Koko|100\/100\n|-fieldstart|move: Electric Terrain|[from] ability: Electric Surge|[of] p2a: Tapu Koko\n|turn|1\n|\n|t:|1629659702\n|detailschange|p1a: Clairo|Altaria-Mega, F, shiny\n|-mega|p1a: Clairo|Altaria|Altarianite\n|move|p2a: Tapu Koko|Volt Switch|p1a: Clairo\n|-resisted|p1a: Clairo\n|-damage|p1a: Clairo|72\/100\n|\n|t:|1629659725\n|switch|p2a: Scizor|Scizor, F|100\/100|[from]move: Volt Switch\n|move|p1a: Clairo|Hyper Voice|p2a: Scizor\n|-resisted|p2a: Scizor\n|-damage|p2a: Scizor|74\/100\n|\n|upkeep\n|turn|2\n|\n|t:|1629659730\n|detailschange|p2a: Scizor|Scizor-Mega, F\n|-mega|p2a: Scizor|Scizor|Scizorite\n|move|p2a: Scizor|Bullet Punch|p1a: Clairo\n|-supereffective|p1a: Clairo\n|-damage|p1a: Clairo|17\/100\n|move|p1a: Clairo|Fire Blast|p2a: Scizor|[miss]\n|-miss|p1a: Clairo|p2a: Scizor\n|\n|upkeep\n|turn|3\n|\n|t:|1629659735\n|switch|p1a: Spiked Up|Ferrothorn, F, shiny|100\/100\n|move|p2a: Scizor|Bullet Punch|p1a: Spiked Up\n|-resisted|p1a: Spiked Up\n|-damage|p1a: Spiked Up|90\/100\n|-damage|p2a: Scizor|62\/100|[from] ability: Iron Barbs|[of] p1a: Spiked Up\n|\n|-heal|p1a: Spiked Up|96\/100|[from] item: Leftovers\n|upkeep\n|turn|4\n|\n|t:|1629659749\n|move|p2a: Scizor|U-turn|p1a: Spiked Up\n|-damage|p1a: Spiked Up|69\/100\n|-damage|p2a: Scizor|49\/100|[from] ability: Iron Barbs|[of] p1a: Spiked Up\n|\n|t:|1629659751\n|switch|p2a: Heatran|Heatran, F|100\/100|[from]move: U-turn\n|move|p1a: Spiked Up|Thunder Wave|p2a: Heatran\n|-status|p2a: Heatran|par\n|\n|-heal|p1a: Spiked Up|75\/100|[from] item: Leftovers\n|upkeep\n|turn|5\n|\n|t:|1629659756\n|switch|p1a: WALMART LANDO|Gliscor, M, shiny|100\/100\n|move|p2a: Heatran|Magma Storm|p1a: WALMART LANDO\n|-damage|p1a: WALMART LANDO|57\/100\n|-activate|p1a: WALMART LANDO|move: Magma Storm|[of] p2a: Heatran\n|\n|-damage|p1a: WALMART LANDO|45\/100|[from] move: Magma Storm|[partiallytrapped]\n|-fieldend|move: Electric Terrain\n|-status|p1a: WALMART LANDO|tox|[from] item: Toxic Orb\n|upkeep\n|turn|6\n|\n|t:|1629659785\n|switch|p2a: Gliscor|Gliscor, M|100\/100\n|move|p1a: WALMART LANDO|Roost|p1a: WALMART LANDO\n|-heal|p1a: WALMART LANDO|95\/100 tox\n|-singleturn|p1a: WALMART LANDO|move: Roost\n|\n|-heal|p1a: WALMART LANDO|100\/100 tox|[from] ability: Poison Heal\n|-end|p1a: WALMART LANDO|Magma Storm|[partiallytrapped]|[silent]\n|-status|p2a: Gliscor|tox|[from] item: Toxic Orb\n|upkeep\n|turn|7\n|inactive|Benjamin Gilbert has 120 seconds left.\n|\n|t:|1629659826\n|move|p1a: WALMART LANDO|Defog|p2a: Gliscor\n|-unboost|p2a: Gliscor|evasion|1\n|move|p2a: Gliscor|U-turn|p1a: WALMART LANDO\n|-resisted|p1a: WALMART LANDO\n|-damage|p1a: WALMART LANDO|94\/100 tox\n|\n|t:|1629659836\n|switch|p2a: Tapu Koko|Tapu Koko|100\/100|[from]move: U-turn\n|-fieldstart|move: Electric Terrain|[from] ability: Electric Surge|[of] p2a: Tapu Koko\n|\n|-heal|p1a: WALMART LANDO|100\/100 tox|[from] ability: Poison Heal\n|upkeep\n|turn|8\n|\n|t:|1629659840\n|switch|p1a: Spiked Up|Ferrothorn, F, shiny|75\/100\n|move|p2a: Tapu Koko|Volt Switch|p1a: Spiked Up\n|-resisted|p1a: Spiked Up\n|-damage|p1a: Spiked Up|56\/100\n|\n|t:|1629659844\n|switch|p2a: Heatran|Heatran, F|100\/100 par|[from]move: Volt Switch\n|\n|-heal|p1a: Spiked Up|62\/100|[from] item: Leftovers\n|upkeep\n|turn|9\n|\n|t:|1629659848\n|switch|p1a: WALMART LANDO|Gliscor, M, shiny|100\/100 tox\n|move|p2a: Heatran|Magma Storm|p1a: WALMART LANDO|[miss]\n|-miss|p2a: Heatran|p1a: WALMART LANDO\n|\n|upkeep\n|turn|10\n|inactive|femboy nyaa has 120 seconds left.\n|\n|t:|1629659880\n|switch|p2a: Tapu Koko|Tapu Koko|100\/100\n|move|p1a: WALMART LANDO|U-turn|p2a: Tapu Koko\n|-resisted|p2a: Tapu Koko\n|-damage|p2a: Tapu Koko|90\/100\n|\n|t:|1629659888\n|switch|p1a: Spiked Up|Ferrothorn, F, shiny|62\/100|[from]move: U-turn\n|\n|-heal|p1a: Spiked Up|68\/100|[from] item: Leftovers\n|upkeep\n|turn|11\n|\n|t:|1629659895\n|move|p2a: Tapu Koko|Volt Switch|p1a: Spiked Up\n|-resisted|p1a: Spiked Up\n|-damage|p1a: Spiked Up|49\/100\n|j| LazyTreyzie\n|\n|t:|1629659902\n|switch|p2a: Heatran|Heatran, F|100\/100 par|[from]move: Volt Switch\n|move|p1a: Spiked Up|Leech Seed|p2a: Heatran\n|-start|p2a: Heatran|move: Leech Seed\n|\n|-heal|p1a: Spiked Up|55\/100|[from] item: Leftovers\n|-damage|p2a: Heatran|88\/100 par|[from] Leech Seed|[of] p1a: Spiked Up\n|-heal|p1a: Spiked Up|68\/100|[silent]\n|-fieldend|move: Electric Terrain\n|upkeep\n|turn|12\n|\n|t:|1629659911\n|switch|p1a: WALMART LANDO|Gliscor, M, shiny|100\/100 tox\n|cant|p2a: Heatran|par\n|\n|-heal|p2a: Heatran|94\/100 par|[from] item: Leftovers\n|-damage|p2a: Heatran|82\/100 par|[from] Leech Seed|[of] p1a: WALMART LANDO\n|upkeep\n|turn|13\n|\n|t:|1629659917\n|switch|p2a: Gliscor|Gliscor, M|100\/100 tox\n|move|p1a: WALMART LANDO|Earthquake|p2a: Gliscor\n|-immune|p2a: Gliscor\n|\n|upkeep\n|turn|14\n|\n|t:|1629659919\n|move|p1a: WALMART LANDO|Defog|p2a: Gliscor\n|-unboost|p2a: Gliscor|evasion|1\n|move|p2a: Gliscor|U-turn|p1a: WALMART LANDO\n|-resisted|p1a: WALMART LANDO\n|-damage|p1a: WALMART LANDO|94\/100 tox\n|\n|t:|1629659922\n|switch|p2a: Tapu Koko|Tapu Koko|90\/100|[from]move: U-turn\n|-fieldstart|move: Electric Terrain|[from] ability: Electric Surge|[of] p2a: Tapu Koko\n|\n|-heal|p1a: WALMART LANDO|100\/100 tox|[from] ability: Poison Heal\n|upkeep\n|turn|15\n|c|\u2606femboy nyaa|the endless cycle\n|c|\u2606femboy nyaa|lol\n|\n|t:|1629659943\n|switch|p1a: Spiked Up|Ferrothorn, F, shiny|68\/100\n|move|p2a: Tapu Koko|Hidden Power|p1a: Spiked Up\n|-damage|p1a: Spiked Up|52\/100\n|\n|-heal|p1a: Spiked Up|58\/100|[from] item: Leftovers\n|upkeep\n|turn|16\n|\n|t:|1629659947\n|switch|p2a: Heatran|Heatran, F|82\/100 par\n|move|p1a: Spiked Up|Stealth Rock|p2a: Heatran\n|-sidestart|p2: femboy nyaa|move: Stealth Rock\n|\n|-heal|p2a: Heatran|88\/100 par|[from] item: Leftovers\n|-heal|p1a: Spiked Up|64\/100|[from] item: Leftovers\n|upkeep\n|turn|17\n|\n|t:|1629659955\n|cant|p2a: Heatran|par\n|move|p1a: Spiked Up|Leech Seed|p2a: Heatran\n|-start|p2a: Heatran|move: Leech Seed\n|\n|-heal|p2a: Heatran|94\/100 par|[from] item: Leftovers\n|-heal|p1a: Spiked Up|70\/100|[from] item: Leftovers\n|-damage|p2a: Heatran|82\/100 par|[from] Leech Seed|[of] p1a: Spiked Up\n|-heal|p1a: Spiked Up|84\/100|[silent]\n|upkeep\n|turn|18\n|\n|t:|1629659962\n|switch|p1a: WALMART LANDO|Gliscor, M, shiny|100\/100 tox\n|cant|p2a: Heatran|par\n|\n|-heal|p2a: Heatran|88\/100 par|[from] item: Leftovers\n|-damage|p2a: Heatran|76\/100 par|[from] Leech Seed|[of] p1a: WALMART LANDO\n|-fieldend|move: Electric Terrain\n|upkeep\n|turn|19\n|\n|t:|1629659967\n|switch|p2a: Gliscor|Gliscor, M|100\/100 tox\n|-damage|p2a: Gliscor|88\/100 tox|[from] Stealth Rock\n|move|p1a: WALMART LANDO|U-turn|p2a: Gliscor\n|-resisted|p2a: Gliscor\n|-damage|p2a: Gliscor|82\/100 tox\n|\n|t:|1629659981\n|switch|p1a: Arnold|Buzzwole|100\/100|[from]move: U-turn\n|\n|-heal|p2a: Gliscor|95\/100 tox|[from] ability: Poison Heal\n|upkeep\n|turn|20\n|\n|t:|1629659987\n|move|p2a: Gliscor|Defog|p1a: Arnold\n|-unboost|p1a: Arnold|evasion|1\n|-sideend|p2: femboy nyaa|Stealth Rock|[from] move: Defog|[of] p2a: Gliscor\n|move|p1a: Arnold|Substitute|p1a: Arnold\n|-start|p1a: Arnold|Substitute\n|-damage|p1a: Arnold|76\/100\n|\n|-heal|p2a: Gliscor|100\/100 tox|[from] ability: Poison Heal\n|upkeep\n|turn|21\n|\n|t:|1629659989\n|move|p2a: Gliscor|U-turn|p1a: Arnold\n|-resisted|p1a: Arnold\n|-activate|p1a: Arnold|move: Substitute|[damage]\n|\n|t:|1629659993\n|switch|p2a: Tangrowth|Tangrowth, F|100\/100|[from]move: U-turn\n|move|p1a: Arnold|Ice Punch|p2a: Tangrowth\n|-supereffective|p2a: Tangrowth\n|-damage|p2a: Tangrowth|70\/100\n|-damage|p1a: Arnold|59\/100|[from] item: Rocky Helmet|[of] p2a: Tangrowth\n|\n|upkeep\n|turn|22\n|\n|t:|1629659997\n|move|p1a: Arnold|Roost|p1a: Arnold\n|-heal|p1a: Arnold|100\/100\n|-singleturn|p1a: Arnold|move: Roost\n|move|p2a: Tangrowth|Knock Off|p1a: Arnold\n|-resisted|p1a: Arnold\n|-activate|p1a: Arnold|move: Substitute|[damage]\n|\n|upkeep\n|turn|23\n|\n|t:|1629660001\n|move|p1a: Arnold|Ice Punch|p2a: Tangrowth\n|-supereffective|p2a: Tangrowth\n|-damage|p2a: Tangrowth|40\/100\n|-damage|p1a: Arnold|84\/100|[from] item: Rocky Helmet|[of] p2a: Tangrowth\n|move|p2a: Tangrowth|Giga Drain|p1a: Arnold\n|-resisted|p1a: Arnold\n|-end|p1a: Arnold|Substitute\n|-heal|p2a: Tangrowth|46\/100|[from] drain|[of] p1a: Arnold\n|\n|upkeep\n|turn|24\n|\n|t:|1629660003\n|move|p1a: Arnold|Substitute|p1a: Arnold\n|-start|p1a: Arnold|Substitute\n|-damage|p1a: Arnold|59\/100\n|move|p2a: Tangrowth|Giga Drain|p1a: Arnold\n|-resisted|p1a: Arnold\n|-activate|p1a: Arnold|move: Substitute|[damage]\n|-heal|p2a: Tangrowth|56\/100|[from] drain|[of] p1a: Arnold\n|\n|upkeep\n|turn|25\n|\n|t:|1629660007\n|move|p1a: Arnold|Roost|p1a: Arnold\n|-heal|p1a: Arnold|100\/100\n|-singleturn|p1a: Arnold|move: Roost\n|move|p2a: Tangrowth|Giga Drain|p1a: Arnold\n|-resisted|p1a: Arnold\n|-end|p1a: Arnold|Substitute\n|-heal|p2a: Tangrowth|59\/100|[from] drain|[of] p1a: Arnold\n|\n|upkeep\n|turn|26\n|\n|t:|1629660009\n|move|p1a: Arnold|Substitute|p1a: Arnold\n|-start|p1a: Arnold|Substitute\n|-damage|p1a: Arnold|76\/100\n|move|p2a: Tangrowth|Giga Drain|p1a: Arnold\n|-resisted|p1a: Arnold\n|-activate|p1a: Arnold|move: Substitute|[damage]\n|-heal|p2a: Tangrowth|68\/100|[from] drain|[of] p1a: Arnold\n|\n|upkeep\n|turn|27\n|\n|t:|1629660012\n|move|p1a: Arnold|Ice Punch|p2a: Tangrowth\n|-supereffective|p2a: Tangrowth\n|-damage|p2a: Tangrowth|38\/100\n|-damage|p1a: Arnold|59\/100|[from] item: Rocky Helmet|[of] p2a: Tangrowth\n|move|p2a: Tangrowth|Giga Drain|p1a: Arnold\n|-resisted|p1a: Arnold\n|-end|p1a: Arnold|Substitute\n|-heal|p2a: Tangrowth|41\/100|[from] drain|[of] p1a: Arnold\n|\n|upkeep\n|turn|28\n|\n|t:|1629660016\n|move|p1a: Arnold|Substitute|p1a: Arnold\n|-start|p1a: Arnold|Substitute\n|-damage|p1a: Arnold|34\/100\n|move|p2a: Tangrowth|Giga Drain|p1a: Arnold\n|-resisted|p1a: Arnold\n|-activate|p1a: Arnold|move: Substitute|[damage]\n|-heal|p2a: Tangrowth|51\/100|[from] drain|[of] p1a: Arnold\n|\n|upkeep\n|turn|29\n|\n|t:|1629660018\n|move|p1a: Arnold|Roost|p1a: Arnold\n|-heal|p1a: Arnold|84\/100\n|-singleturn|p1a: Arnold|move: Roost\n|move|p2a: Tangrowth|Giga Drain|p1a: Arnold\n|-resisted|p1a: Arnold\n|-end|p1a: Arnold|Substitute\n|-heal|p2a: Tangrowth|54\/100|[from] drain|[of] p1a: Arnold\n|\n|upkeep\n|turn|30\n|\n|t:|1629660021\n|move|p1a: Arnold|Substitute|p1a: Arnold\n|-start|p1a: Arnold|Substitute\n|-damage|p1a: Arnold|59\/100\n|move|p2a: Tangrowth|Giga Drain|p1a: Arnold\n|-resisted|p1a: Arnold\n|-activate|p1a: Arnold|move: Substitute|[damage]\n|-heal|p2a: Tangrowth|63\/100|[from] drain|[of] p1a: Arnold\n|\n|upkeep\n|turn|31\n|j| Nish the Great\n|\n|t:|1629660027\n|move|p1a: Arnold|Ice Punch|p2a: Tangrowth\n|-supereffective|p2a: Tangrowth\n|-damage|p2a: Tangrowth|35\/100\n|-damage|p1a: Arnold|43\/100|[from] item: Rocky Helmet|[of] p2a: Tangrowth\n|move|p2a: Tangrowth|Giga Drain|p1a: Arnold\n|-resisted|p1a: Arnold\n|-end|p1a: Arnold|Substitute\n|-heal|p2a: Tangrowth|38\/100|[from] drain|[of] p1a: Arnold\n|\n|upkeep\n|turn|32\n|\n|t:|1629660031\n|move|p1a: Arnold|Substitute|p1a: Arnold\n|-start|p1a: Arnold|Substitute\n|-damage|p1a: Arnold|18\/100\n|move|p2a: Tangrowth|Giga Drain|p1a: Arnold\n|-resisted|p1a: Arnold\n|-activate|p1a: Arnold|move: Substitute|[damage]\n|-heal|p2a: Tangrowth|47\/100|[from] drain|[of] p1a: Arnold\n|\n|upkeep\n|turn|33\n|\n|t:|1629660032\n|move|p1a: Arnold|Roost|p1a: Arnold\n|-heal|p1a: Arnold|68\/100\n|-singleturn|p1a: Arnold|move: Roost\n|move|p2a: Tangrowth|Giga Drain|p1a: Arnold\n|-resisted|p1a: Arnold\n|-end|p1a: Arnold|Substitute\n|-heal|p2a: Tangrowth|51\/100|[from] drain|[of] p1a: Arnold\n|\n|upkeep\n|turn|34\n|\n|t:|1629660037\n|move|p1a: Arnold|Substitute|p1a: Arnold\n|-start|p1a: Arnold|Substitute\n|-damage|p1a: Arnold|43\/100\n|move|p2a: Tangrowth|Sleep Powder||[still]\n|-fail|p2a: Tangrowth\n|\n|upkeep\n|turn|35\n|\n|t:|1629660038\n|move|p1a: Arnold|Roost|p1a: Arnold\n|-heal|p1a: Arnold|93\/100\n|-singleturn|p1a: Arnold|move: Roost\n|move|p2a: Tangrowth|Giga Drain|p1a: Arnold\n|-resisted|p1a: Arnold\n|-activate|p1a: Arnold|move: Substitute|[damage]\n|-heal|p2a: Tangrowth|61\/100|[from] drain|[of] p1a: Arnold\n|\n|upkeep\n|turn|36\n|\n|t:|1629660041\n|move|p1a: Arnold|Ice Punch|p2a: Tangrowth\n|-supereffective|p2a: Tangrowth\n|-damage|p2a: Tangrowth|34\/100\n|-damage|p1a: Arnold|77\/100|[from] item: Rocky Helmet|[of] p2a: Tangrowth\n|move|p2a: Tangrowth|Giga Drain|p1a: Arnold\n|-resisted|p1a: Arnold\n|-end|p1a: Arnold|Substitute\n|-heal|p2a: Tangrowth|37\/100|[from] drain|[of] p1a: Arnold\n|\n|upkeep\n|turn|37\n|\n|t:|1629660044\n|switch|p2a: Toxapex|Toxapex, F|100\/100\n|move|p1a: Arnold|Substitute|p1a: Arnold\n|-start|p1a: Arnold|Substitute\n|-damage|p1a: Arnold|52\/100\n|\n|upkeep\n|turn|38\n|\n|t:|1629660046\n|move|p1a: Arnold|Roost|p1a: Arnold\n|-heal|p1a: Arnold|100\/100\n|-singleturn|p1a: Arnold|move: Roost\n|move|p2a: Toxapex|Recover||[still]\n|-fail|p2a: Toxapex|heal\n|\n|upkeep\n|turn|39\n|\n|t:|1629660048\n|move|p1a: Arnold|Earthquake|p2a: Toxapex\n|-supereffective|p2a: Toxapex\n|-damage|p2a: Toxapex|48\/100\n|move|p2a: Toxapex|Scald|p1a: Arnold\n|-activate|p1a: Arnold|move: Substitute|[damage]\n|\n|-heal|p2a: Toxapex|54\/100|[from] item: Black Sludge\n|upkeep\n|turn|40\n|\n|t:|1629660060\n|switch|p2a: Tangrowth|Tangrowth, F|70\/100\n|move|p1a: Arnold|Ice Punch|p2a: Tangrowth\n|-supereffective|p2a: Tangrowth\n|-damage|p2a: Tangrowth|43\/100\n|-damage|p1a: Arnold|84\/100|[from] item: Rocky Helmet|[of] p2a: Tangrowth\n|\n|upkeep\n|turn|41\n|\n|t:|1629660064\n|move|p1a: Arnold|Ice Punch|p2a: Tangrowth\n|-supereffective|p2a: Tangrowth\n|-damage|p2a: Tangrowth|10\/100\n|-damage|p1a: Arnold|67\/100|[from] item: Rocky Helmet|[of] p2a: Tangrowth\n|move|p2a: Tangrowth|Giga Drain|p1a: Arnold\n|-resisted|p1a: Arnold\n|-end|p1a: Arnold|Substitute\n|-heal|p2a: Tangrowth|11\/100|[from] drain|[of] p1a: Arnold\n|\n|upkeep\n|turn|42\n|\n|t:|1629660068\n|switch|p2a: Scizor|Scizor-Mega, F|49\/100\n|move|p1a: Arnold|Substitute|p1a: Arnold\n|-start|p1a: Arnold|Substitute\n|-damage|p1a: Arnold|42\/100\n|\n|upkeep\n|turn|43\n|\n|t:|1629660070\n|move|p1a: Arnold|Roost|p1a: Arnold\n|-heal|p1a: Arnold|93\/100\n|-singleturn|p1a: Arnold|move: Roost\n|move|p2a: Scizor|Roost|p2a: Scizor\n|-heal|p2a: Scizor|99\/100\n|-singleturn|p2a: Scizor|move: Roost\n|\n|upkeep\n|turn|44\n|\n|t:|1629660072\n|move|p1a: Arnold|Earthquake|p2a: Scizor\n|-damage|p2a: Scizor|77\/100\n|move|p2a: Scizor|Swords Dance|p2a: Scizor\n|-boost|p2a: Scizor|atk|2\n|\n|upkeep\n|turn|45\n|\n|t:|1629660076\n|move|p1a: Arnold|Earthquake|p2a: Scizor\n|-damage|p2a: Scizor|47\/100\n|move|p2a: Scizor|Swords Dance|p2a: Scizor\n|-boost|p2a: Scizor|atk|2\n|\n|upkeep\n|turn|46\n|\n|t:|1629660080\n|move|p1a: Arnold|Earthquake|p2a: Scizor\n|-damage|p2a: Scizor|15\/100\n|move|p2a: Scizor|Roost|p2a: Scizor\n|-heal|p2a: Scizor|66\/100\n|-singleturn|p2a: Scizor|move: Roost\n|\n|upkeep\n|turn|47\n|\n|t:|1629660083\n|move|p1a: Arnold|Earthquake|p2a: Scizor\n|-damage|p2a: Scizor|28\/100\n|move|p2a: Scizor|Roost|p2a: Scizor\n|-heal|p2a: Scizor|78\/100\n|-singleturn|p2a: Scizor|move: Roost\n|\n|upkeep\n|turn|48\n|\n|t:|1629660087\n|move|p1a: Arnold|Earthquake|p2a: Scizor\n|-damage|p2a: Scizor|32\/100\n|move|p2a: Scizor|Roost|p2a: Scizor\n|-heal|p2a: Scizor|82\/100\n|-singleturn|p2a: Scizor|move: Roost\n|\n|upkeep\n|turn|49\n|\n|t:|1629660095\n|move|p1a: Arnold|Earthquake|p2a: Scizor\n|-damage|p2a: Scizor|29\/100\n|move|p2a: Scizor|Swords Dance|p2a: Scizor\n|-boost|p2a: Scizor|atk|2\n|\n|upkeep\n|turn|50\n|c|\u2606femboy nyaa|oh\n|c|\u2606femboy nyaa|ur metronome\n|c|\u2606femboy nyaa|gg\n|c| Nish the Great|Metrnone\n|c|\u2606Benjamin Gilbert|:)\n|\n|t:|1629660108\n|move|p2a: Scizor|Bullet Punch|p1a: Arnold\n|-end|p1a: Arnold|Substitute\n|move|p1a: Arnold|Earthquake|p2a: Scizor\n|-damage|p2a: Scizor|0 fnt\n|faint|p2a: Scizor\n|-ability|p1a: Arnold|Beast Boost|boost\n|-boost|p1a: Arnold|atk|1\n|\n|upkeep\n|-message|femboy nyaa forfeited.\n|\n|win|Benjamin Gilbert\n|n|\u2606Benjamin Gilbert|benjamingilbert\n|n|\u2606femboy nyaa|femboynyaa\n|n| LazyTreyzie|lazytreyzie\n|n| Nish the Great|nishthegreat\n|l|\u2606femboy nyaa\n|c|\u2606Benjamin Gilbert|gg\n","uploadtime":1629660116,"views":12,"p1id":"benjamingilbert","p2id":"femboynyaa","formatid":"gen8nationaldex","rating":0,"private":0,"password":null}