{"id":"gen8vgc2020-1205657235","p1":"Logan Helfield","p2":"bhkg","format":"gen8vgc2020","log":"|j|\u2606Logan Helfield\n|j|\u2606bhkg\n|t:|1603120058\n|player|p1|Logan Helfield|nate|1377\n|player|p2|bhkg|2|1341\n|teamsize|p1|6\n|teamsize|p2|6\n|gametype|doubles\n|gen|8\n|tier|[Gen 8] VGC 2020\n|rated|\n|clearpoke\n|poke|p1|Gyarados, L50, M|\n|poke|p1|Grimmsnarl, L50, M|\n|poke|p1|Dragapult, L50, M|\n|poke|p1|Corsola-Galar, L50, M|\n|poke|p1|Dracovish, L50|\n|poke|p1|Raichu, L50, F|\n|poke|p2|Noivern, L50, F|\n|poke|p2|Mamoswine, L50, M|\n|poke|p2|Chandelure, L50, M|\n|poke|p2|Azumarill, L50, F|\n|poke|p2|Roserade, L50, M|\n|poke|p2|Blissey, L50, F|\n|rule|Species Clause: Limit one of each Pok\u00e9mon\n|rule|Item Clause: Limit one of each item\n|teampreview|4\n|\n|t:|1603120095\n|start\n|switch|p1a: Raichu|Raichu, L50, F|48\/48\n|switch|p1b: Gyarados|Gyarados, L50, M|48\/48\n|switch|p2a: Blissey|Blissey, L50, F|48\/48\n|switch|p2b: Mamoswine|Mamoswine, L50, M|48\/48\n|turn|1\n|\n|t:|1603120108\n|-start|p2b: Mamoswine|Dynamax\n|-heal|p2b: Mamoswine|48\/48|[silent]\n|move|p1a: Raichu|Fake Out|p2b: Mamoswine\n|-damage|p2b: Mamoswine|45\/48\n|move|p1b: Gyarados|Dragon Dance|p1b: Gyarados\n|-boost|p1b: Gyarados|atk|1\n|-boost|p1b: Gyarados|spe|1\n|move|p2b: Mamoswine|Max Rockfall|p1b: Gyarados\n|-supereffective|p1b: Gyarados\n|-damage|p1b: Gyarados|0 fnt\n|-weather|Sandstorm\n|faint|p1b: Gyarados\n|move|p2a: Blissey|Blizzard|p1a: Raichu\n|-damage|p1a: Raichu|33\/48\n|\n|-weather|Sandstorm|[upkeep]\n|-damage|p1a: Raichu|30\/48|[from] Sandstorm\n|-damage|p2a: Blissey|45\/48|[from] Sandstorm\n|-heal|p2a: Blissey|48\/48|[from] item: Leftovers\n|upkeep\n|\n|t:|1603120130\n|switch|p1b: Dracovish|Dracovish, L50|48\/48\n|turn|2\n|\n|t:|1603120145\n|move|p1b: Dracovish|Fishious Rend|p2b: Mamoswine\n|-supereffective|p2b: Mamoswine\n|-damage|p2b: Mamoswine|0 fnt\n|faint|p2b: Mamoswine\n|move|p1a: Raichu|Tail Whip|p2a: Blissey\n|-unboost|p2a: Blissey|def|1\n|move|p2a: Blissey|Flamethrower|p1b: Dracovish\n|-resisted|p1b: Dracovish\n|-damage|p1b: Dracovish|45\/48\n|\n|-weather|Sandstorm|[upkeep]\n|-damage|p1b: Dracovish|42\/48|[from] Sandstorm\n|-damage|p1a: Raichu|28\/48|[from] Sandstorm\n|-damage|p2a: Blissey|45\/48|[from] Sandstorm\n|-heal|p2a: Blissey|48\/48|[from] item: Leftovers\n|upkeep\n|\n|t:|1603120154\n|switch|p2b: Noivern|Noivern, L50, F|48\/48\n|-item|p1a: Raichu|Focus Sash|[from] ability: Frisk|[of] p2b: Noivern|[identify]\n|-item|p1b: Dracovish|Choice Scarf|[from] ability: Frisk|[of] p2b: Noivern|[identify]\n|turn|3\n|\n|t:|1603120175\n|switch|p1b: Corsola|Corsola-Galar, L50, M|48\/48\n|move|p2b: Noivern|Tailwind|p2b: Noivern\n|-sidestart|p2: bhkg|move: Tailwind\n|move|p1a: Raichu|Electroweb|p2b: Noivern|[spread] p2a,p2b\n|-damage|p2a: Blissey|45\/48\n|-damage|p2b: Noivern|39\/48\n|-unboost|p2a: Blissey|spe|1\n|-unboost|p2b: Noivern|spe|1\n|move|p2a: Blissey|Blizzard|p1a: Raichu|[spread] p1a,p1b\n|-damage|p1a: Raichu|16\/48\n|-damage|p1b: Corsola|43\/48\n|\n|-weather|Sandstorm|[upkeep]\n|-damage|p2b: Noivern|36\/48|[from] Sandstorm\n|-damage|p1a: Raichu|13\/48|[from] Sandstorm\n|-damage|p2a: Blissey|42\/48|[from] Sandstorm\n|-damage|p1b: Corsola|41\/48|[from] Sandstorm\n|-heal|p2a: Blissey|45\/48|[from] item: Leftovers\n|upkeep\n|turn|4\n|\n|t:|1603120203\n|switch|p2b: Roserade|Roserade, L50, M|48\/48\n|move|p1a: Raichu|Nuzzle|p2b: Roserade\n|-resisted|p2b: Roserade\n|-damage|p2b: Roserade|44\/48\n|-status|p2b: Roserade|par\n|move|p2a: Blissey|Blizzard|p1b: Corsola|[spread] p1a,p1b\n|-damage|p1a: Raichu|1\/48\n|-damage|p1b: Corsola|37\/48\n|-status|p1a: Raichu|frz\n|move|p1b: Corsola|Will-O-Wisp|p2a: Blissey\n|-status|p2a: Blissey|brn\n|\n|-weather|Sandstorm|[upkeep]\n|-damage|p1a: Raichu|0 fnt|[from] Sandstorm\n|-damage|p2b: Roserade|41\/48 par|[from] Sandstorm\n|-damage|p2a: Blissey|42\/48 brn|[from] Sandstorm\n|-damage|p1b: Corsola|34\/48|[from] Sandstorm\n|faint|p1a: Raichu\n|-heal|p2a: Blissey|45\/48 brn|[from] item: Leftovers\n|-damage|p2a: Blissey|42\/48 brn|[from] brn\n|upkeep\n|\n|t:|1603120226\n|switch|p1a: Dracovish|Dracovish, L50|42\/48\n|turn|5\n|\n|t:|1603120237\n|move|p1a: Dracovish|Fishious Rend|p2a: Blissey\n|-damage|p2a: Blissey|0 fnt\n|faint|p2a: Blissey\n|move|p2b: Roserade|Sleep Powder|p1a: Dracovish\n|-status|p1a: Dracovish|slp|[from] move: Sleep Powder\n|move|p1b: Corsola|Hex|p2b: Roserade\n|-damage|p2b: Roserade|20\/48 par\n|\n|-weather|none\n|upkeep\n|\n|t:|1603120244\n|switch|p2a: Noivern|Noivern, L50, F|36\/48\n|-item|p1a: Dracovish|Choice Scarf|[from] ability: Frisk|[of] p2a: Noivern|[identify]\n|-item|p1b: Corsola|Eviolite|[from] ability: Frisk|[of] p2a: Noivern|[identify]\n|turn|6\n|\n|t:|1603120260\n|move|p2a: Noivern|Draco Meteor|p1a: Dracovish\n|-supereffective|p1a: Dracovish\n|-damage|p1a: Dracovish|0 fnt\n|-unboost|p2a: Noivern|spa|2\n|faint|p1a: Dracovish\n|move|p2b: Roserade|Sleep Powder|p1b: Corsola|[miss]\n|-miss|p2b: Roserade|p1b: Corsola\n|move|p1b: Corsola|Will-O-Wisp|p2a: Noivern\n|-status|p2a: Noivern|brn\n|\n|-damage|p2a: Noivern|33\/48 brn|[from] brn\n|-sideend|p2: bhkg|move: Tailwind\n|upkeep\n|turn|7\n|\n|t:|1603120277\n|move|p2a: Noivern|Air Slash|p1b: Corsola\n|-damage|p1b: Corsola|31\/48\n|move|p2b: Roserade|Sleep Powder|p1b: Corsola\n|-status|p1b: Corsola|slp|[from] move: Sleep Powder\n|cant|p1b: Corsola|slp\n|\n|-damage|p2a: Noivern|30\/48 brn|[from] brn\n|upkeep\n|turn|8\n|\n|t:|1603120290\n|move|p2a: Noivern|Draco Meteor|p1b: Corsola\n|-damage|p1b: Corsola|23\/48 slp\n|-unboost|p2a: Noivern|spa|2\n|-start|p2a: Noivern|Disable|Draco Meteor|[from] ability: Cursed Body|[of] p1b: Corsola\n|move|p2b: Roserade|Leaf Storm|p1b: Corsola\n|-damage|p1b: Corsola|8\/48 slp\n|-unboost|p2b: Roserade|spa|2\n|-start|p2b: Roserade|Disable|Leaf Storm|[from] ability: Cursed Body|[of] p1b: Corsola\n|-curestatus|p1b: Corsola|slp|[msg]\n|move|p1b: Corsola|Strength Sap|p2b: Roserade\n|-unboost|p2b: Roserade|atk|1\n|-heal|p1b: Corsola|27\/48\n|\n|-damage|p2a: Noivern|27\/48 brn|[from] brn\n|upkeep\n|turn|9\n|\n|t:|1603120313\n|move|p2a: Noivern|Air Slash|p1b: Corsola\n|-damage|p1b: Corsola|24\/48g\n|move|p2b: Roserade|Sleep Powder|p1b: Corsola\n|-status|p1b: Corsola|slp|[from] move: Sleep Powder\n|cant|p1b: Corsola|slp\n|\n|-damage|p2a: Noivern|24\/48g brn|[from] brn\n|upkeep\n|turn|10\n|\n|t:|1603120325\n|move|p2a: Noivern|Air Slash|p1b: Corsola\n|-damage|p1b: Corsola|21\/48 slp\n|cant|p2b: Roserade|par\n|cant|p1b: Corsola|slp\n|\n|-damage|p2a: Noivern|21\/48 brn|[from] brn\n|upkeep\n|turn|11\n|\n|t:|1603120340\n|move|p2a: Noivern|Air Slash|p1b: Corsola\n|-damage|p1b: Corsola|18\/48 slp\n|move|p2b: Roserade|Sludge Bomb|p1b: Corsola\n|-resisted|p1b: Corsola\n|-damage|p1b: Corsola|16\/48 slp\n|cant|p1b: Corsola|slp\n|\n|-damage|p2a: Noivern|18\/48 brn|[from] brn\n|-end|p2a: Noivern|Disable\n|-end|p2b: Roserade|Disable\n|upkeep\n|turn|12\n|\n|t:|1603120356\n|move|p2a: Noivern|Draco Meteor|p1b: Corsola\n|-damage|p1b: Corsola|10\/48 slp\n|-unboost|p2a: Noivern|spa|2\n|move|p2b: Roserade|Leaf Storm|p1b: Corsola\n|-damage|p1b: Corsola|2\/48 slp\n|-unboost|p2b: Roserade|spa|2\n|-curestatus|p1b: Corsola|slp|[msg]\n|move|p1b: Corsola|Strength Sap|p2a: Noivern\n|-unboost|p2a: Noivern|atk|1\n|-heal|p1b: Corsola|22\/48\n|\n|-damage|p2a: Noivern|15\/48 brn|[from] brn\n|upkeep\n|turn|13\n|\n|t:|1603120376\n|move|p2a: Noivern|Draco Meteor|p1b: Corsola\n|-crit|p1b: Corsola\n|-damage|p1b: Corsola|0 fnt\n|faint|p1b: Corsola\n|\n|win|bhkg\n|l|\u2606bhkg\n|c|\u2606Logan Helfield|Gg\n|l|\u2606Logan Helfield\n|j|\u2606Logan Helfield\n|player|p1|Logan Helfield|nate\n","uploadtime":1603120396,"views":15,"p1id":"loganhelfield","p2id":"bhkg","formatid":"gen8vgc2020","rating":0,"private":0,"password":null}