{"id":"gen8ou-1141520080","p1":"Jakkkkkka","p2":"cukiprout","format":"gen8ou","log":"|j|\u2606Jakkkkkka\n|j|\u2606cukiprout\n|player|p1|Jakkkkkka|norman|1594\n|player|p2|cukiprout|169|1620\n|teamsize|p1|6\n|teamsize|p2|6\n|gametype|singles\n|gen|8\n|tier|[Gen 8] OU\n|rated|\n|clearpoke\n|poke|p1|Rillaboom, F|\n|poke|p1|Kyurem|\n|poke|p1|Magearna|\n|poke|p1|Volcarona, F|\n|poke|p1|Terrakion|\n|poke|p1|Zeraora|\n|poke|p2|Hatterene, F|\n|poke|p2|Zoroark, F|\n|poke|p2|Marowak-Alola, F|\n|poke|p2|Magearna|\n|poke|p2|Machamp, F|\n|poke|p2|Urshifu-*, M|\n|rule|Sleep Clause Mod: Limit one foe put to sleep\n|rule|Species Clause: Limit one of each Pok\u00e9mon\n|rule|OHKO Clause: OHKO moves are banned\n|rule|Evasion Moves Clause: Evasion moves are banned\n|rule|Endless Battle Clause: Forcing endless battles is banned\n|rule|HP Percentage Mod: HP is shown in percentages\n|rule|Dynamax Clause: You cannot dynamax\n|teampreview\n|\n|start\n|switch|p1a: Terrakion|Terrakion|100\/100\n|switch|p2a: Hatterene|Hatterene, F|100\/100\n|turn|1\n|inactive|Battle timer is ON: inactive players will automatically lose when time's up. (requested by cukiprout)\n|\n|move|p1a: Terrakion|Rock Tomb|p2a: Hatterene\n|-damage|p2a: Hatterene|70\/100\n|-unboost|p2a: Hatterene|spe|1\n|move|p2a: Hatterene|Trick Room|p2a: Hatterene\n|-fieldstart|move: Trick Room|[of] p2a: Hatterene\n|\n|-heal|p2a: Hatterene|76\/100|[from] item: Leftovers\n|upkeep\n|turn|2\n|\n|move|p2a: Hatterene|Draining Kiss|p1a: Terrakion\n|-supereffective|p1a: Terrakion\n|-damage|p1a: Terrakion|43\/100\n|-heal|p2a: Hatterene|100\/100|[from] drain|[of] p1a: Terrakion\n|move|p1a: Terrakion|Rock Tomb|p2a: Hatterene\n|-damage|p2a: Hatterene|67\/100\n|-unboost|p2a: Hatterene|spe|1\n|\n|-heal|p2a: Hatterene|73\/100|[from] item: Leftovers\n|upkeep\n|turn|3\n|\n|switch|p1a: Magearna|Magearna|100\/100\n|move|p2a: Hatterene|Future Sight|p1a: Magearna\n|-start|p2a: Hatterene|move: Future Sight\n|\n|-heal|p2a: Hatterene|79\/100|[from] item: Leftovers\n|upkeep\n|turn|4\n|\n|switch|p2a: Marowak|Marowak-Alola, F|100\/100\n|move|p1a: Magearna|Draining Kiss|p2a: Marowak\n|-resisted|p2a: Marowak\n|-damage|p2a: Marowak|82\/100\n|\n|upkeep\n|turn|5\n|\n|move|p2a: Marowak|Flare Blitz|p1a: Magearna\n|-supereffective|p1a: Magearna\n|-damage|p1a: Magearna|0 fnt\n|faint|p1a: Magearna\n|\n|-hint|Future Sight did not hit because the target is the user.\n|-fieldend|move: Trick Room\n|upkeep\n|\n|switch|p1a: Kyurem|Kyurem|100\/100\n|-ability|p1a: Kyurem|Pressure\n|turn|6\n|\n|switch|p2a: Blank Square|Urshifu-Rapid-Strike, M|100\/100\n|move|p1a: Kyurem|Earth Power|p2a: Blank Square\n|-damage|p2a: Blank Square|29\/100\n|\n|upkeep\n|turn|7\n|\n|switch|p1a: Terrakion|Terrakion|43\/100\n|move|p2a: Blank Square|Close Combat|p1a: Terrakion\n|-supereffective|p1a: Terrakion\n|-crit|p1a: Terrakion\n|-damage|p1a: Terrakion|0 fnt\n|-unboost|p2a: Blank Square|def|1\n|-unboost|p2a: Blank Square|spd|1\n|faint|p1a: Terrakion\n|\n|upkeep\n|\n|switch|p1a: Volcarona|Volcarona, F|100\/100\n|turn|8\n|\n|switch|p2a: Marowak|Marowak-Alola, F|100\/100\n|move|p1a: Volcarona|Psychic|p2a: Marowak\n|-immune|p2a: Marowak\n|\n|upkeep\n|turn|9\n|inactive|cukiprout has 120 seconds left.\n|\n|switch|p2a: Marowak|Marowak-Alola, F|82\/100\n|move|p1a: Volcarona|Bug Buzz|p2a: Marowak\n|-resisted|p2a: Marowak\n|-damage|p2a: Marowak|66\/100\n|\n|upkeep\n|turn|10\n|\n|switch|p1a: Kyurem|Kyurem|100\/100\n|-ability|p1a: Kyurem|Pressure\n|move|p2a: Marowak|Flare Blitz|p1a: Kyurem\n|-damage|p1a: Kyurem|11\/100\n|\n|upkeep\n|turn|11\n|inactive|cukiprout has 120 seconds left.\n|\n|switch|p2a: Machamp|Machamp, F|100\/100\n|move|p1a: Kyurem|Earth Power|p2a: Machamp\n|-damage|p2a: Machamp|56\/100\n|\n|-status|p2a: Machamp|brn|[from] item: Flame Orb\n|upkeep\n|turn|12\n|inactive|cukiprout has 120 seconds left.\n|\n|move|p2a: Machamp|Bullet Punch|p1a: Kyurem\n|-supereffective|p1a: Kyurem\n|-crit|p1a: Kyurem\n|-damage|p1a: Kyurem|0 fnt\n|faint|p1a: Kyurem\n|\n|-damage|p2a: Machamp|50\/100 brn|[from] brn\n|upkeep\n|\n|switch|p1a: Rillaboom|Rillaboom, F|100\/100\n|-fieldstart|move: Grassy Terrain|[from] ability: Grassy Surge|[of] p1a: Rillaboom\n|turn|13\n|\n|move|p1a: Rillaboom|Swords Dance|p1a: Rillaboom\n|-boost|p1a: Rillaboom|atk|2\n|move|p2a: Machamp|Close Combat|p1a: Rillaboom\n|-damage|p1a: Rillaboom|0 fnt\n|-unboost|p2a: Machamp|def|1\n|-unboost|p2a: Machamp|spd|1\n|faint|p1a: Rillaboom\n|\n|-heal|p2a: Machamp|56\/100 brn|[from] Grassy Terrain\n|-damage|p2a: Machamp|50\/100 brn|[from] brn\n|upkeep\n|\n|switch|p1a: Volcarona|Volcarona, F|100\/100\n|turn|14\n|\n|move|p1a: Volcarona|Quiver Dance|p1a: Volcarona\n|-boost|p1a: Volcarona|spa|1\n|-boost|p1a: Volcarona|spd|1\n|-boost|p1a: Volcarona|spe|1\n|move|p2a: Machamp|Knock Off|p1a: Volcarona\n|-damage|p1a: Volcarona|14\/100\n|-enditem|p1a: Volcarona|Heavy-Duty Boots|[from] move: Knock Off|[of] p2a: Machamp\n|\n|-heal|p1a: Volcarona|20\/100|[from] Grassy Terrain\n|-heal|p2a: Machamp|56\/100 brn|[from] Grassy Terrain\n|-damage|p2a: Machamp|50\/100 brn|[from] brn\n|upkeep\n|turn|15\n|\n|move|p2a: Machamp|Bullet Punch|p1a: Volcarona\n|-resisted|p1a: Volcarona\n|-damage|p1a: Volcarona|2\/100\n|move|p1a: Volcarona|Flamethrower|p2a: Machamp\n|-damage|p2a: Machamp|0 fnt\n|faint|p2a: Machamp\n|\n|-heal|p1a: Volcarona|8\/100|[from] Grassy Terrain\n|upkeep\n|\n|switch|p2a: Blank Square|Urshifu-Rapid-Strike, M|29\/100\n|turn|16\n|\n|move|p2a: Blank Square|Aqua Jet|p1a: Volcarona\n|-supereffective|p1a: Volcarona\n|-damage|p1a: Volcarona|0 fnt\n|faint|p1a: Volcarona\n|\n|-heal|p2a: Blank Square|35\/100|[from] Grassy Terrain\n|upkeep\n|\n|switch|p1a: Zeraora|Zeraora|100\/100\n|turn|17\n|\n|switch|p2a: Hatterene|Hatterene, F|79\/100\n|move|p1a: Zeraora|Plasma Fists|p2a: Hatterene\n|-crit|p2a: Hatterene\n|-damage|p2a: Hatterene|0 fnt\n|-fieldactivate|move: Ion Deluge\n|-damage|p1a: Zeraora|91\/100|[from] item: Life Orb\n|faint|p2a: Hatterene\n|\n|-heal|p1a: Zeraora|97\/100|[from] Grassy Terrain\n|-fieldend|move: Grassy Terrain\n|upkeep\n|\n|switch|p2a: Blank Square|Urshifu-Rapid-Strike, M|100\/100\n|turn|18\n|\n|move|p1a: Zeraora|Plasma Fists|p2a: Blank Square\n|-damage|p2a: Blank Square|0 fnt\n|-fieldactivate|move: Ion Deluge\n|replace|p2a: Zoroark|Zoroark, F\n|-end|p2a: Zoroark|Illusion\n|-damage|p1a: Zeraora|87\/100|[from] item: Life Orb\n|faint|p2a: Zoroark\n|\n|upkeep\n|\n|switch|p2a: Magearna|Magearna|100\/100\n|turn|19\n|\n|move|p1a: Zeraora|Plasma Fists|p2a: Magearna\n|-damage|p2a: Magearna|50\/100\n|-fieldactivate|move: Ion Deluge\n|-damage|p1a: Zeraora|77\/100|[from] item: Life Orb\n|move|p2a: Magearna|Trick Room|p2a: Magearna\n|-fieldstart|move: Trick Room|[of] p2a: Magearna\n|\n|upkeep\n|turn|20\n|\n|move|p2a: Magearna|Steel Beam|p1a: Zeraora\n|-resisted|p1a: Zeraora\n|-crit|p1a: Zeraora\n|-damage|p1a: Zeraora|0 fnt\n|-damage|p2a: Magearna|0 fnt|[from] mindblown\n|faint|p2a: Magearna\n|faint|p1a: Zeraora\n|\n|win|cukiprout\n|c|\u2606cukiprout|gg\n","uploadtime":1593379548,"views":15,"p1id":"jakkkkkka","p2id":"cukiprout","formatid":"gen8ou","rating":0,"private":0,"password":null}