{"id":"gen8customgame-1706959959","p1":"Lumaris","p2":"Metro Metagross","format":"gen8customgame","log":"|j|\u2606Lumaris\n|j|\u2606Metro Metagross\n|t:|1668036496\n|gametype|singles\n|player|p1|Lumaris|brendan-gen3rs|\n|player|p2|Metro Metagross|n|\n|teamsize|p1|6\n|teamsize|p2|6\n|gen|8\n|tier|[Gen 8] Custom Game\n|clearpoke\n|poke|p1|Dialga|\n|poke|p1|Tapu Lele|\n|poke|p1|Hawlucha, F|\n|poke|p1|Oricorio, M|\n|poke|p1|Volcarona, F|\n|poke|p1|Kangaskhan-Mega, F|\n|poke|p2|Lopunny-Mega, M|\n|poke|p2|Melmetal|\n|poke|p2|Nidoqueen, F|\n|poke|p2|Mewtwo|\n|poke|p2|Rotom-Mow|\n|poke|p2|Rapidash, F|\n|teampreview\n|c|\u2606Lumaris|There we go\n|c|\u2606Lumaris|Mb\n|c|\u2606Lumaris|Glhf\n|c|\u2606Metro Metagross|gl\n|\n|t:|1668036544\n|start\n|switch|p1a: Tapu Lele|Tapu Lele|281\/281\n|switch|p2a: Rousey|Lopunny-Mega, M|274\/274\n|-fieldstart|move: Psychic Terrain|[from] ability: Psychic Surge|[of] p1a: Tapu Lele\n|turn|1\n|\n|t:|1668036552\n|switch|p1a: Oricorio|Oricorio, M|291\/291\n|switch|p2a: Solder|Melmetal|474\/474\n|\n|upkeep\n|turn|2\n|\n|t:|1668036564\n|switch|p2a: Dreadsteed|Rapidash, F|281\/281\n|move|p1a: Oricorio|Calm Mind|p1a: Oricorio\n|-boost|p1a: Oricorio|spa|1\n|-boost|p1a: Oricorio|spd|1\n|\n|upkeep\n|turn|3\n|\n|t:|1668036582\n|-start|p2a: Dreadsteed|Dynamax|\n|-heal|p2a: Dreadsteed|562\/562|[silent]\n|-start|p1a: Oricorio|Dynamax|\n|-heal|p1a: Oricorio|582\/582|[silent]\n|move|p2a: Dreadsteed|Max Airstream|p1a: Oricorio\n|-damage|p1a: Oricorio|401\/582\n|-boost|p2a: Dreadsteed|spe|1\n|move|p1a: Oricorio|Max Airstream|p2a: Dreadsteed\n|-damage|p2a: Dreadsteed|333\/562\n|-boost|p1a: Oricorio|spe|1\n|\n|upkeep\n|turn|4\n|\n|t:|1668036596\n|move|p2a: Dreadsteed|Max Airstream|p1a: Oricorio\n|-damage|p1a: Oricorio|214\/582\n|-boost|p2a: Dreadsteed|spe|1\n|move|p1a: Oricorio|Max Airstream|p2a: Dreadsteed\n|-damage|p2a: Dreadsteed|72\/562\n|-boost|p1a: Oricorio|spe|1\n|\n|upkeep\n|turn|5\n|\n|t:|1668036606\n|move|p1a: Oricorio|Max Guard|p1a: Oricorio\n|-singleturn|p1a: Oricorio|Max Guard\n|move|p2a: Dreadsteed|Max Airstream|p1a: Oricorio\n|-activate|p1a: Oricorio|move: Max Guard\n|\n|-fieldend|move: Psychic Terrain\n|upkeep\n|-end|p2a: Dreadsteed|Dynamax\n|-heal|p2a: Dreadsteed|36\/281|[silent]\n|-end|p1a: Oricorio|Dynamax\n|-heal|p1a: Oricorio|107\/291|[silent]\n|turn|6\n|\n|t:|1668036614\n|move|p2a: Dreadsteed|Flare Blitz|p1a: Oricorio\n|-resisted|p1a: Oricorio\n|-damage|p1a: Oricorio|0 fnt\n|faint|p1a: Oricorio\n|-damage|p2a: Dreadsteed|1\/281|[from] Recoil\n|\n|upkeep\n|\n|t:|1668036651\n|switch|p1a: Tapu Lele|Tapu Lele|281\/281\n|-fieldstart|move: Psychic Terrain|[from] ability: Psychic Surge|[of] p1a: Tapu Lele\n|turn|7\n|\n|t:|1668036674\n|switch|p1a: Kangaskhan|Kangaskhan-Mega, F|351\/351\n|move|p2a: Dreadsteed|Flare Blitz|p1a: Kangaskhan\n|-damage|p1a: Kangaskhan|231\/351\n|-damage|p2a: Dreadsteed|0 fnt|[from] Recoil\n|faint|p2a: Dreadsteed\n|\n|upkeep\n|\n|t:|1668036683\n|switch|p2a: Empress|Nidoqueen, F|384\/384\n|turn|8\n|j| The Carkol Rider\n|\n|t:|1668036695\n|move|p1a: Kangaskhan|Wish|p1a: Kangaskhan\n|move|p2a: Empress|Earth Power|p1a: Kangaskhan\n|-damage|p1a: Kangaskhan|159\/351\n|\n|upkeep\n|turn|9\n|\n|t:|1668036705\n|move|p1a: Kangaskhan|Seismic Toss|p2a: Empress\n|-damage|p2a: Empress|284\/384\n|-damage|p1a: Kangaskhan|101\/351|[from] item: Rocky Helmet|[of] p2a: Empress\n|-status|p1a: Kangaskhan|psn|[from] ability: Poison Point|[of] p2a: Empress\n|move|p2a: Empress|Sludge Wave|p1a: Kangaskhan\n|-damage|p1a: Kangaskhan|32\/351 psn\n|\n|-heal|p1a: Kangaskhan|207\/351 psn|[from] move: Wish|[wisher] Kangaskhan\n|-damage|p1a: Kangaskhan|164\/351 psn|[from] psn\n|upkeep\n|turn|10\n|c|\u2606Lumaris|Cool\n|\n|t:|1668036724\n|move|p1a: Kangaskhan|Wish|p1a: Kangaskhan\n|move|p2a: Empress|Sludge Wave|p1a: Kangaskhan\n|-damage|p1a: Kangaskhan|95\/351 psn\n|\n|-damage|p1a: Kangaskhan|52\/351 psn|[from] psn\n|upkeep\n|turn|11\n|\n|t:|1668036730\n|move|p1a: Kangaskhan|Protect|p1a: Kangaskhan\n|-singleturn|p1a: Kangaskhan|Protect\n|move|p2a: Empress|Earth Power|p1a: Kangaskhan\n|-activate|p1a: Kangaskhan|move: Protect\n|\n|-heal|p1a: Kangaskhan|227\/351 psn|[from] move: Wish|[wisher] Kangaskhan\n|-damage|p1a: Kangaskhan|184\/351 psn|[from] psn\n|-fieldend|move: Psychic Terrain\n|upkeep\n|turn|12\n|\n|t:|1668036737\n|move|p1a: Kangaskhan|Wish|p1a: Kangaskhan\n|move|p2a: Empress|Rock Tomb|p1a: Kangaskhan\n|-damage|p1a: Kangaskhan|153\/351 psn\n|-unboost|p1a: Kangaskhan|spe|1\n|\n|-damage|p1a: Kangaskhan|110\/351 psn|[from] psn\n|upkeep\n|turn|13\n|\n|t:|1668036747\n|move|p1a: Kangaskhan|Protect|p1a: Kangaskhan\n|-singleturn|p1a: Kangaskhan|Protect\n|move|p2a: Empress|Rock Tomb|p1a: Kangaskhan\n|-activate|p1a: Kangaskhan|move: Protect\n|\n|-heal|p1a: Kangaskhan|285\/351 psn|[from] move: Wish|[wisher] Kangaskhan\n|-damage|p1a: Kangaskhan|242\/351 psn|[from] psn\n|upkeep\n|turn|14\n|\n|t:|1668036761\n|move|p2a: Empress|Rock Tomb|p1a: Kangaskhan\n|-damage|p1a: Kangaskhan|212\/351 psn\n|-unboost|p1a: Kangaskhan|spe|1\n|move|p1a: Kangaskhan|Wish|p1a: Kangaskhan\n|\n|-damage|p1a: Kangaskhan|169\/351 psn|[from] psn\n|upkeep\n|turn|15\n|\n|t:|1668036769\n|move|p2a: Empress|Rock Tomb|p1a: Kangaskhan\n|-damage|p1a: Kangaskhan|139\/351 psn\n|-unboost|p1a: Kangaskhan|spe|1\n|move|p1a: Kangaskhan|Body Slam|p2a: Empress\n|-damage|p2a: Empress|190\/384\n|-damage|p1a: Kangaskhan|81\/351 psn|[from] item: Rocky Helmet|[of] p2a: Empress\n|\n|-heal|p1a: Kangaskhan|256\/351 psn|[from] move: Wish|[wisher] Kangaskhan\n|-damage|p1a: Kangaskhan|213\/351 psn|[from] psn\n|upkeep\n|turn|16\n|\n|t:|1668036782\n|move|p2a: Empress|Sludge Wave|p1a: Kangaskhan\n|-damage|p1a: Kangaskhan|149\/351 psn\n|move|p1a: Kangaskhan|Wish|p1a: Kangaskhan\n|\n|-damage|p1a: Kangaskhan|106\/351 psn|[from] psn\n|upkeep\n|turn|17\n|c|\u2606Lumaris|OHH\n|c|\u2606Lumaris|It has the wrong ability\n|c|\u2606Metro Metagross|And it's saved you ffs\n|c| The Carkol Rider|or maybe its meant to be poison point\n|c| The Carkol Rider|gigabrain\n|c|\u2606Lumaris|No i do\n|c|\u2606Metro Metagross|I am meant to be poison point\n|c|\u2606Lumaris|Just kill me\n|c|\u2606Lumaris|I should be dead\n|\n|t:|1668036823\n|move|p2a: Empress|Rock Tomb|p1a: Kangaskhan|[miss]\n|-miss|p2a: Empress|p1a: Kangaskhan\n|move|p1a: Kangaskhan|Wish||[still]\n|-fail|p1a: Kangaskhan\n|debug|move failed because it did nothing\n|\n|-heal|p1a: Kangaskhan|281\/351 psn|[from] move: Wish|[wisher] Kangaskhan\n|-damage|p1a: Kangaskhan|238\/351 psn|[from] psn\n|upkeep\n|turn|18\n|c| The Carkol Rider|lmao\n|c|\u2606Lumaris|I said kill me not miss\n|c| The Carkol Rider|the game wishes u werent\n|\n|t:|1668036838\n|move|p1a: Kangaskhan|Protect|p1a: Kangaskhan\n|-singleturn|p1a: Kangaskhan|Protect\n|move|p2a: Empress|Sludge Wave|p1a: Kangaskhan\n|-activate|p1a: Kangaskhan|move: Protect\n|\n|-damage|p1a: Kangaskhan|195\/351 psn|[from] psn\n|upkeep\n|turn|19\n|c|\u2606Metro Metagross|How is it not bond wtf\n|c|\u2606Lumaris|Ima spam protecr till i die\n|\n|t:|1668036846\n|move|p1a: Kangaskhan|Protect||[still]\n|debug|Success chance: 33%\n|-fail|p1a: Kangaskhan\n|move|p2a: Empress|Sludge Wave|p1a: Kangaskhan\n|-damage|p1a: Kangaskhan|123\/351 psn\n|\n|-damage|p1a: Kangaskhan|80\/351 psn|[from] psn\n|upkeep\n|turn|20\n|c|\u2606Lumaris|Its its pre mega ability\n|\n|t:|1668036860\n|move|p1a: Kangaskhan|Protect|p1a: Kangaskhan\n|-singleturn|p1a: Kangaskhan|Protect\n|move|p2a: Empress|Sludge Wave|p1a: Kangaskhan\n|-activate|p1a: Kangaskhan|move: Protect\n|\n|-damage|p1a: Kangaskhan|37\/351 psn|[from] psn\n|upkeep\n|turn|21\n|\n|t:|1668036866\n|move|p1a: Kangaskhan|Protect||[still]\n|debug|Success chance: 33%\n|-fail|p1a: Kangaskhan\n|move|p2a: Empress|Earth Power|p1a: Kangaskhan\n|-damage|p1a: Kangaskhan|0 fnt\n|faint|p1a: Kangaskhan\n|\n|upkeep\n|c|\u2606Lumaris|Check lops ability\n|c|\u2606Metro Metagross|Says scrappy\n|c|\u2606Lumaris|Good\n|c|\u2606Metro Metagross|Relevance of 0\n|\n|t:|1668036903\n|switch|p1a: Tapu Lele|Tapu Lele|281\/281\n|-fieldstart|move: Psychic Terrain|[from] ability: Psychic Surge|[of] p1a: Tapu Lele\n|turn|22\n|\n|t:|1668036915\n|move|p1a: Tapu Lele|Psyshock|p2a: Empress\n|debug|psychic terrain boost\n|-supereffective|p2a: Empress\n|-damage|p2a: Empress|0 fnt\n|faint|p2a: Empress\n|\n|upkeep\n|\n|t:|1668036922\n|switch|p2a: Aborted|Mewtwo|416\/416\n|-ability|p2a: Aborted|Unnerve\n|turn|23\n|\n|t:|1668036926\n|switch|p1a: Volcarona|Volcarona, F|313\/313\n|move|p2a: Aborted|Calm Mind|p2a: Aborted\n|-boost|p2a: Aborted|spa|1\n|-boost|p2a: Aborted|spd|1\n|\n|upkeep\n|turn|24\n|\n|t:|1668036938\n|move|p1a: Volcarona|Bug Buzz|p2a: Aborted\n|-supereffective|p2a: Aborted\n|-damage|p2a: Aborted|152\/416\n|move|p2a: Aborted|Psystrike|p1a: Volcarona\n|debug|psychic terrain boost\n|-damage|p1a: Volcarona|0 fnt\n|faint|p1a: Volcarona\n|\n|-heal|p2a: Aborted|178\/416|[from] item: Leftovers\n|upkeep\n|\n|t:|1668036945\n|switch|p1a: Hawlucha|Hawlucha, F|297\/297\n|-enditem|p1a: Hawlucha|Psychic Seed\n|-boost|p1a: Hawlucha|spd|1|[from] item: Psychic Seed\n|turn|25\n|\n|t:|1668036965\n|switch|p2a: Husqvarna|Rotom-Mow|241\/241\n|move|p1a: Hawlucha|Acrobatics|p2a: Husqvarna\n|debug|Power doubled for no item\n|-damage|p2a: Husqvarna|85\/241\n|\n|upkeep\n|turn|26\n|\n|t:|1668036978\n|move|p1a: Hawlucha|Swords Dance|p1a: Hawlucha\n|-boost|p1a: Hawlucha|atk|2\n|move|p2a: Husqvarna|Volt Switch|p1a: Hawlucha\n|-supereffective|p1a: Hawlucha\n|-damage|p1a: Hawlucha|85\/297\n|\n|t:|1668036985\n|switch|p2a: Rousey|Lopunny-Mega, M|274\/274\n|\n|-fieldend|move: Psychic Terrain\n|upkeep\n|turn|27\n|\n|t:|1668036988\n|move|p1a: Hawlucha|Detect|p1a: Hawlucha\n|-singleturn|p1a: Hawlucha|Protect\n|move|p2a: Rousey|Fake Out|p1a: Hawlucha\n|-activate|p1a: Hawlucha|move: Protect\n|\n|upkeep\n|turn|28\n|\n|t:|1668037012\n|move|p1a: Hawlucha|Close Combat|p2a: Rousey\n|-supereffective|p2a: Rousey\n|-damage|p2a: Rousey|0 fnt\n|-unboost|p1a: Hawlucha|def|1\n|-unboost|p1a: Hawlucha|spd|1\n|faint|p2a: Rousey\n|\n|upkeep\n|\n|t:|1668037020\n|switch|p2a: Solder|Melmetal|474\/474\n|turn|29\n|\n|t:|1668037025\n|move|p1a: Hawlucha|Close Combat|p2a: Solder\n|-supereffective|p2a: Solder\n|-damage|p2a: Solder|18\/474\n|-unboost|p1a: Hawlucha|def|1\n|-unboost|p1a: Hawlucha|spd|1\n|move|p2a: Solder|Double Iron Bash|p1a: Hawlucha\n|debug|Iron Fist boost\n|-damage|p1a: Hawlucha|0 fnt\n|debug|move failed because it did nothing\n|faint|p1a: Hawlucha\n|-hitcount|p1: Hawlucha|1\n|\n|-heal|p2a: Solder|47\/474|[from] item: Leftovers\n|upkeep\n|\n|t:|1668037033\n|switch|p1a: Dialga|Dialga|352\/352\n|-ability|p1a: Dialga|Pressure\n|turn|30\n|\n|t:|1668037048\n|move|p1a: Dialga|Bulk Up|p1a: Dialga\n|-boost|p1a: Dialga|atk|1\n|-boost|p1a: Dialga|def|1\n|move|p2a: Solder|Earthquake|p1a: Dialga\n|-supereffective|p1a: Dialga\n|-damage|p1a: Dialga|226\/352\n|\n|-heal|p1a: Dialga|248\/352|[from] item: Leftovers\n|-heal|p2a: Solder|76\/474|[from] item: Leftovers\n|upkeep\n|turn|31\n|\n|t:|1668037056\n|move|p1a: Dialga|Scale Shot|p2a: Solder\n|-resisted|p2a: Solder\n|-damage|p2a: Solder|55\/474\n|-resisted|p2a: Solder\n|-damage|p2a: Solder|34\/474\n|-resisted|p2a: Solder\n|-damage|p2a: Solder|14\/474\n|-hitcount|p2a: Solder|3\n|-unboost|p1a: Dialga|def|1\n|-boost|p1a: Dialga|spe|1\n|move|p2a: Solder|Earthquake|p1a: Dialga\n|-supereffective|p1a: Dialga\n|-damage|p1a: Dialga|76\/352\n|\n|-heal|p1a: Dialga|98\/352|[from] item: Leftovers\n|-heal|p2a: Solder|43\/474|[from] item: Leftovers\n|upkeep\n|turn|32\n|\n|t:|1668037070\n|move|p1a: Dialga|Heavy Slam|p2a: Solder\n|-resisted|p2a: Solder\n|-damage|p2a: Solder|9\/474\n|move|p2a: Solder|Earthquake|p1a: Dialga\n|-supereffective|p1a: Dialga\n|-damage|p1a: Dialga|0 fnt\n|faint|p1a: Dialga\n|\n|-heal|p2a: Solder|38\/474|[from] item: Leftovers\n|upkeep\n|\n|t:|1668037072\n|switch|p1a: Tapu Lele|Tapu Lele|281\/281\n|-fieldstart|move: Psychic Terrain|[from] ability: Psychic Surge|[of] p1a: Tapu Lele\n|turn|33\n|\n|t:|1668037077\n|move|p1a: Tapu Lele|Moonblast|p2a: Solder\n|-resisted|p2a: Solder\n|-damage|p2a: Solder|0 fnt\n|faint|p2a: Solder\n|\n|upkeep\n|c|\u2606Lumaris|Funny\n|\n|t:|1668037093\n|switch|p2a: Husqvarna|Rotom-Mow|85\/241\n|turn|34\n|\n|t:|1668037095\n|move|p2a: Husqvarna|Leaf Storm|p1a: Tapu Lele\n|-damage|p1a: Tapu Lele|112\/281\n|-unboost|p2a: Husqvarna|spa|2\n|move|p1a: Tapu Lele|Moonblast|p2a: Husqvarna\n|-damage|p2a: Husqvarna|0 fnt\n|faint|p2a: Husqvarna\n|\n|upkeep\n|\n|t:|1668037101\n|switch|p2a: Aborted|Mewtwo|178\/416\n|-ability|p2a: Aborted|Unnerve\n|turn|35\n|\n|t:|1668037105\n|move|p1a: Tapu Lele|Moonblast|p2a: Aborted\n|-damage|p2a: Aborted|0 fnt\n|faint|p2a: Aborted\n|\n|win|Lumaris\n|c|\u2606Lumaris|Gg\n|c|\u2606Metro Metagross|gg\n|c| The Carkol Rider|one more undefeated coach down\n|c|\u2606Lumaris|U were undefeated?\n|c|\u2606Metro Metagross|yes\n|c|\u2606Lumaris|Well fucking done spades\n|l|\u2606Metro Metagross\n|l| The Carkol Rider\n","uploadtime":1668037161,"views":9,"p1id":"lumaris","p2id":"metrometagross","formatid":"gen8customgame","rating":0,"private":0,"password":null}