{"id":"gen8ou-1664198482","p1":"PotaJet","p2":"alvar03","format":"gen8ou","log":"|j|\u2606PotaJet\n|j|\u2606alvar03\n|t:|1663173885\n|gametype|singles\n|player|p1|PotaJet|workerice|1568\n|player|p2|alvar03|alder|1654\n|teamsize|p1|6\n|teamsize|p2|6\n|gen|8\n|tier|[Gen 8] OU\n|rated|\n|rule|Sleep Clause Mod: Limit one foe put to sleep\n|rule|Species Clause: Limit one of each Pok\u00e9mon\n|rule|OHKO Clause: OHKO moves are banned\n|rule|Evasion Items Clause: Evasion items are banned\n|rule|Evasion Moves Clause: Evasion moves are banned\n|rule|Endless Battle Clause: Forcing endless battles is banned\n|rule|HP Percentage Mod: HP is shown in percentages\n|rule|Dynamax Clause: You cannot dynamax\n|clearpoke\n|poke|p1|Zeraora|\n|poke|p1|Mamoswine, M|\n|poke|p1|Jirachi|\n|poke|p1|Toxapex, M|\n|poke|p1|Landorus-Therian, M|\n|poke|p1|Tornadus-Therian, M|\n|poke|p2|Golurk|\n|poke|p2|Landorus-Therian, M|\n|poke|p2|Toxapex, F|\n|poke|p2|Ferrothorn, M|\n|poke|p2|Dragapult, F|\n|poke|p2|Urshifu-*, F|\n|teampreview\n|\n|t:|1663173918\n|start\n|switch|p1a: Tornadus|Tornadus-Therian, M|100\/100\n|switch|p2a: Landorus|Landorus-Therian, M|100\/100\n|-ability|p2a: Landorus|Intimidate|boost\n|-unboost|p1a: Tornadus|atk|1\n|turn|1\n|inactive|Battle timer is ON: inactive players will automatically lose when time's up. (requested by alvar03)\n|\n|t:|1663173926\n|move|p1a: Tornadus|Toxic|p2a: Landorus\n|-status|p2a: Landorus|tox\n|move|p2a: Landorus|Toxic|p1a: Tornadus\n|-status|p1a: Tornadus|tox\n|\n|-damage|p1a: Tornadus|94\/100 tox|[from] psn\n|-damage|p2a: Landorus|94\/100 tox|[from] psn\n|upkeep\n|turn|2\n|\n|t:|1663173931\n|move|p1a: Tornadus|Knock Off|p2a: Landorus\n|-damage|p2a: Landorus|80\/100 tox\n|-enditem|p2a: Landorus|Leftovers|[from] move: Knock Off|[of] p1a: Tornadus\n|move|p2a: Landorus|U-turn|p1a: Tornadus\n|-resisted|p1a: Tornadus\n|-damage|p1a: Tornadus|84\/100 tox\n|\n|t:|1663173942\n|switch|p2a: Dragapult|Dragapult, F|100\/100|[from]move: U-turn\n|\n|-damage|p1a: Tornadus|72\/100 tox|[from] psn\n|upkeep\n|turn|3\n|\n|t:|1663173956\n|switch|p2a: Landorus|Landorus-Therian, M|80\/100 tox\n|-ability|p2a: Landorus|Intimidate|boost\n|-unboost|p1a: Tornadus|atk|1\n|switch|p1a: Toxapex|Toxapex, M|100\/100\n|\n|-damage|p2a: Landorus|74\/100 tox|[from] psn\n|upkeep\n|turn|4\n|\n|t:|1663173970\n|switch|p1a: Landorus|Landorus-Therian, M|100\/100\n|-ability|p1a: Landorus|Intimidate|boost\n|-unboost|p2a: Landorus|atk|1\n|move|p2a: Landorus|U-turn|p1a: Landorus\n|-resisted|p1a: Landorus\n|-damage|p1a: Landorus|93\/100\n|\n|t:|1663173973\n|switch|p2a: Urshifu|Urshifu-Rapid-Strike, F|100\/100|[from]move: U-turn\n|\n|-heal|p1a: Landorus|99\/100|[from] item: Leftovers\n|upkeep\n|turn|5\n|\n|t:|1663173978\n|switch|p1a: Toxapex|Toxapex, M|100\/100\n|move|p2a: Urshifu|Surging Strikes|p1a: Toxapex\n|-resisted|p1a: Toxapex\n|-crit|p1a: Toxapex\n|-damage|p1a: Toxapex|94\/100\n|-resisted|p1a: Toxapex\n|-crit|p1a: Toxapex\n|-damage|p1a: Toxapex|87\/100\n|-resisted|p1a: Toxapex\n|-crit|p1a: Toxapex\n|-damage|p1a: Toxapex|80\/100\n|-hitcount|p1a: Toxapex|3\n|\n|upkeep\n|turn|6\n|\n|t:|1663173982\n|move|p2a: Urshifu|U-turn|p1a: Toxapex\n|-resisted|p1a: Toxapex\n|-damage|p1a: Toxapex|72\/100\n|\n|t:|1663173984\n|switch|p2a: Toxapex|Toxapex, F|100\/100|[from]move: U-turn\n|move|p1a: Toxapex|Knock Off|p2a: Toxapex\n|-damage|p2a: Toxapex|92\/100\n|-enditem|p2a: Toxapex|Shed Shell|[from] move: Knock Off|[of] p1a: Toxapex\n|\n|upkeep\n|turn|7\n|\n|t:|1663173993\n|switch|p1a: Jirachi|Jirachi|100\/100\n|move|p2a: Toxapex|Scald|p1a: Jirachi\n|-damage|p1a: Jirachi|88\/100\n|\n|-heal|p1a: Jirachi|94\/100|[from] item: Leftovers\n|upkeep\n|turn|8\n|\n|t:|1663174000\n|move|p1a: Jirachi|Stealth Rock|p2a: Toxapex\n|-sidestart|p2: alvar03|move: Stealth Rock\n|move|p2a: Toxapex|Toxic Spikes|p1a: Jirachi\n|-sidestart|p1: PotaJet|move: Toxic Spikes\n|\n|-heal|p1a: Jirachi|99\/100|[from] item: Leftovers\n|upkeep\n|turn|9\n|\n|t:|1663174006\n|move|p1a: Jirachi|Future Sight|p2a: Toxapex\n|-start|p1a: Jirachi|move: Future Sight\n|move|p2a: Toxapex|Scald|p1a: Jirachi\n|-damage|p1a: Jirachi|88\/100\n|\n|-heal|p1a: Jirachi|94\/100|[from] item: Leftovers\n|upkeep\n|turn|10\n|\n|t:|1663174015\n|move|p1a: Jirachi|U-turn|p2a: Toxapex\n|-resisted|p2a: Toxapex\n|-damage|p2a: Toxapex|87\/100\n|\n|t:|1663174019\n|switch|p1a: Tornadus|Tornadus-Therian, M|100\/100 tox|[from]move: U-turn\n|move|p2a: Toxapex|Scald|p1a: Tornadus\n|-damage|p1a: Tornadus|83\/100 tox\n|\n|-damage|p1a: Tornadus|77\/100 tox|[from] psn\n|upkeep\n|turn|11\n|\n|t:|1663174025\n|move|p1a: Tornadus|U-turn|p2a: Toxapex\n|-resisted|p2a: Toxapex\n|-damage|p2a: Toxapex|81\/100\n|\n|t:|1663174033\n|switch|p1a: Landorus|Landorus-Therian, M|99\/100|[from]move: U-turn\n|-ability|p1a: Landorus|Intimidate|boost\n|-unboost|p2a: Toxapex|atk|1\n|move|p2a: Toxapex|Recover|p2a: Toxapex\n|-heal|p2a: Toxapex|100\/100\n|\n|-end|p2a: Toxapex|move: Future Sight\n|-supereffective|p2a: Toxapex\n|-damage|p2a: Toxapex|39\/100\n|-heal|p1a: Landorus|100\/100|[from] item: Leftovers\n|upkeep\n|turn|12\n|\n|t:|1663174041\n|switch|p2a: Landorus|Landorus-Therian, M|74\/100 tox\n|-damage|p2a: Landorus|61\/100 tox|[from] Stealth Rock\n|-ability|p2a: Landorus|Intimidate|boost\n|-unboost|p1a: Landorus|atk|1\n|move|p1a: Landorus|Defog|p2a: Landorus\n|-unboost|p2a: Landorus|evasion|1\n|-sideend|p2: alvar03|Stealth Rock|[from] move: Defog|[of] p1a: Landorus\n|-sideend|p1: PotaJet|Toxic Spikes|[from] move: Defog|[of] p1a: Landorus\n|\n|-damage|p2a: Landorus|55\/100 tox|[from] psn\n|upkeep\n|turn|13\n|\n|t:|1663174048\n|switch|p1a: Tornadus|Tornadus-Therian, M|100\/100 tox\n|move|p2a: Landorus|U-turn|p1a: Tornadus\n|-resisted|p1a: Tornadus\n|-damage|p1a: Tornadus|88\/100 tox\n|\n|t:|1663174057\n|switch|p2a: Golurk|Golurk|100\/100|[from]move: U-turn\n|\n|-damage|p1a: Tornadus|82\/100 tox|[from] psn\n|upkeep\n|turn|14\n|\n|t:|1663174066\n|move|p1a: Tornadus|Knock Off|p2a: Golurk\n|-supereffective|p2a: Golurk\n|-damage|p2a: Golurk|40\/100\n|-enditem|p2a: Golurk|Choice Band|[from] move: Knock Off|[of] p1a: Tornadus\n|move|p2a: Golurk|Stone Edge|p1a: Tornadus\n|-supereffective|p1a: Tornadus\n|-damage|p1a: Tornadus|14\/100 tox\n|\n|-damage|p1a: Tornadus|2\/100 tox|[from] psn\n|upkeep\n|turn|15\n|\n|t:|1663174075\n|switch|p1a: Landorus|Landorus-Therian, M|100\/100\n|-ability|p1a: Landorus|Intimidate|boost\n|-unboost|p2a: Golurk|atk|1\n|move|p2a: Golurk|Poltergeist|p1a: Landorus\n|-activate|p1a: Landorus|move: Poltergeist|Leftovers\n|-damage|p1a: Landorus|65\/100\n|\n|-heal|p1a: Landorus|71\/100|[from] item: Leftovers\n|upkeep\n|turn|16\n|\n|t:|1663174086\n|move|p2a: Golurk|Poltergeist|p1a: Landorus\n|-activate|p1a: Landorus|move: Poltergeist|Leftovers\n|-damage|p1a: Landorus|40\/100\n|move|p1a: Landorus|U-turn|p2a: Golurk\n|-resisted|p2a: Golurk\n|-damage|p2a: Golurk|27\/100\n|\n|t:|1663174095\n|switch|p1a: Mamoswine|Mamoswine, M|100\/100|[from]move: U-turn\n|\n|upkeep\n|turn|17\n|\n|t:|1663174106\n|move|p1a: Mamoswine|Earthquake|p2a: Golurk\n|-damage|p2a: Golurk|0 fnt\n|faint|p2a: Golurk\n|\n|upkeep\n|\n|t:|1663174109\n|switch|p2a: Urshifu|Urshifu-Rapid-Strike, F|100\/100\n|turn|18\n|\n|t:|1663174113\n|switch|p1a: Toxapex|Toxapex, M|100\/100\n|move|p2a: Urshifu|U-turn|p1a: Toxapex\n|-resisted|p1a: Toxapex\n|-damage|p1a: Toxapex|92\/100\n|\n|t:|1663174117\n|switch|p2a: Ferrothorn|Ferrothorn, M|100\/100|[from]move: U-turn\n|\n|upkeep\n|turn|19\n|\n|t:|1663174122\n|move|p1a: Toxapex|Knock Off|p2a: Ferrothorn\n|-damage|p2a: Ferrothorn|89\/100\n|-damage|p1a: Toxapex|80\/100|[from] ability: Iron Barbs|[of] p2a: Ferrothorn\n|-enditem|p2a: Ferrothorn|Leftovers|[from] move: Knock Off|[of] p1a: Toxapex\n|move|p2a: Ferrothorn|Spikes|p1a: Toxapex\n|-sidestart|p1: PotaJet|Spikes\n|\n|upkeep\n|turn|20\n|\n|t:|1663174133\n|move|p1a: Toxapex|Scald|p2a: Ferrothorn\n|-resisted|p2a: Ferrothorn\n|-damage|p2a: Ferrothorn|83\/100\n|-status|p2a: Ferrothorn|brn\n|move|p2a: Ferrothorn|Stealth Rock|p1a: Toxapex\n|-sidestart|p1: PotaJet|move: Stealth Rock\n|\n|-damage|p2a: Ferrothorn|77\/100 brn|[from] brn\n|upkeep\n|turn|21\n|\n|t:|1663174139\n|switch|p1a: Landorus|Landorus-Therian, M|40\/100\n|-damage|p1a: Landorus|27\/100|[from] Stealth Rock\n|-ability|p1a: Landorus|Intimidate|boost\n|-unboost|p2a: Ferrothorn|atk|1\n|switch|p2a: Urshifu|Urshifu-Rapid-Strike, F|100\/100\n|\n|-heal|p1a: Landorus|33\/100|[from] item: Leftovers\n|upkeep\n|turn|22\n|\n|t:|1663174143\n|switch|p1a: Toxapex|Toxapex, M|100\/100\n|-damage|p1a: Toxapex|88\/100|[from] Spikes\n|-damage|p1a: Toxapex|76\/100|[from] Stealth Rock\n|move|p2a: Urshifu|Surging Strikes|p1a: Toxapex\n|-resisted|p1a: Toxapex\n|-crit|p1a: Toxapex\n|-damage|p1a: Toxapex|70\/100\n|-resisted|p1a: Toxapex\n|-crit|p1a: Toxapex\n|-damage|p1a: Toxapex|64\/100\n|-resisted|p1a: Toxapex\n|-crit|p1a: Toxapex\n|-damage|p1a: Toxapex|57\/100\n|-hitcount|p1a: Toxapex|3\n|\n|upkeep\n|turn|23\n|\n|t:|1663174154\n|move|p2a: Urshifu|U-turn|p1a: Toxapex\n|-resisted|p1a: Toxapex\n|-damage|p1a: Toxapex|49\/100\n|\n|t:|1663174156\n|switch|p2a: Landorus|Landorus-Therian, M|55\/100 tox|[from]move: U-turn\n|-ability|p2a: Landorus|Intimidate|boost\n|-unboost|p1a: Toxapex|atk|1\n|move|p1a: Toxapex|Scald|p2a: Landorus\n|-supereffective|p2a: Landorus\n|-damage|p2a: Landorus|32\/100 tox\n|\n|-damage|p2a: Landorus|26\/100 tox|[from] psn\n|upkeep\n|turn|24\n|\n|t:|1663174161\n|switch|p1a: Tornadus|Tornadus-Therian, M|35\/100 tox\n|move|p2a: Landorus|U-turn|p1a: Tornadus\n|-resisted|p1a: Tornadus\n|-damage|p1a: Tornadus|22\/100 tox\n|\n|t:|1663174165\n|switch|p2a: Dragapult|Dragapult, F|100\/100|[from]move: U-turn\n|\n|-damage|p1a: Tornadus|16\/100 tox|[from] psn\n|upkeep\n|turn|25\n|\n|t:|1663174175\n|switch|p1a: Toxapex|Toxapex, M|82\/100\n|-damage|p1a: Toxapex|70\/100|[from] Spikes\n|-damage|p1a: Toxapex|58\/100|[from] Stealth Rock\n|move|p2a: Dragapult|Dragon Darts|p1a: Toxapex\n|-damage|p1a: Toxapex|39\/100\n|-anim|p2a: Dragapult|Dragon Darts|p1a: Toxapex\n|-damage|p1a: Toxapex|20\/100\n|\n|upkeep\n|turn|26\n|\n|t:|1663174184\n|switch|p1a: Jirachi|Jirachi|94\/100\n|-damage|p1a: Jirachi|81\/100|[from] Spikes\n|-damage|p1a: Jirachi|75\/100|[from] Stealth Rock\n|move|p2a: Dragapult|Substitute|p2a: Dragapult\n|-start|p2a: Dragapult|Substitute\n|-damage|p2a: Dragapult|76\/100\n|\n|-heal|p2a: Dragapult|82\/100|[from] item: Leftovers\n|-heal|p1a: Jirachi|81\/100|[from] item: Leftovers\n|upkeep\n|turn|27\n|\n|t:|1663174190\n|move|p2a: Dragapult|Dragon Dance|p2a: Dragapult\n|-boost|p2a: Dragapult|atk|1\n|-boost|p2a: Dragapult|spe|1\n|move|p1a: Jirachi|Future Sight|p2a: Dragapult\n|-start|p1a: Jirachi|move: Future Sight\n|\n|-heal|p2a: Dragapult|88\/100|[from] item: Leftovers\n|-heal|p1a: Jirachi|88\/100|[from] item: Leftovers\n|upkeep\n|turn|28\n|\n|t:|1663174195\n|move|p2a: Dragapult|Dragon Dance|p2a: Dragapult\n|-boost|p2a: Dragapult|atk|1\n|-boost|p2a: Dragapult|spe|1\n|move|p1a: Jirachi|Iron Head|p2a: Dragapult\n|-end|p2a: Dragapult|Substitute\n|\n|-heal|p2a: Dragapult|94\/100|[from] item: Leftovers\n|-heal|p1a: Jirachi|94\/100|[from] item: Leftovers\n|upkeep\n|turn|29\n|\n|t:|1663174203\n|move|p2a: Dragapult|Phantom Force||[still]\n|-prepare|p2a: Dragapult|Phantom Force\n|move|p1a: Jirachi|Iron Head|p2a: Dragapult|[miss]|[miss]\n|-miss|p1a: Jirachi|p2a: Dragapult\n|\n|-end|p2a: Dragapult|move: Future Sight\n|-miss|p1a: Jirachi|p2a: Dragapult\n|-heal|p2a: Dragapult|99\/100|[from] item: Leftovers\n|-heal|p1a: Jirachi|99\/100|[from] item: Leftovers\n|upkeep\n|turn|30\n|\n|t:|1663174207\n|move|p2a: Dragapult|Phantom Force|p1a: Jirachi|[from]lockedmove\n|-supereffective|p1a: Jirachi\n|-damage|p1a: Jirachi|0 fnt\n|faint|p1a: Jirachi\n|\n|-heal|p2a: Dragapult|100\/100|[from] item: Leftovers\n|upkeep\n|\n|t:|1663174219\n|switch|p1a: Mamoswine|Mamoswine, M|100\/100\n|-damage|p1a: Mamoswine|88\/100|[from] Spikes\n|-damage|p1a: Mamoswine|76\/100|[from] Stealth Rock\n|turn|31\n|\n|t:|1663174221\n|move|p1a: Mamoswine|Ice Shard|p2a: Dragapult\n|-supereffective|p2a: Dragapult\n|-damage|p2a: Dragapult|37\/100\n|move|p2a: Dragapult|Dragon Darts|p1a: Mamoswine\n|-damage|p1a: Mamoswine|13\/100\n|-anim|p2a: Dragapult|Dragon Darts|p1a: Mamoswine\n|-crit|p1a: Mamoswine\n|-damage|p1a: Mamoswine|0 fnt\n|faint|p1a: Mamoswine\n|\n|-heal|p2a: Dragapult|43\/100|[from] item: Leftovers\n|upkeep\n|-message|PotaJet forfeited.\n|\n|win|alvar03\n|raw|PotaJet's rating: 1568 &rarr; <strong>1553<\/strong><br \/>(-15 for losing)\n|raw|alvar03's rating: 1654 &rarr; <strong>1669<\/strong><br \/>(+15 for winning)\n||Ladder isn't responding, score probably updated but might not have (Request timeout).\n","uploadtime":1663174244,"views":19,"p1id":"potajet","p2id":"alvar03","formatid":"gen8ou","rating":1553,"private":0,"password":null}