{"id":"gen8ou-1651608123","p1":"minimax_ai","p2":"Not Sarcasm","format":"gen8ou","log":"|j|\u2606minimax_ai\n|j|\u2606Not Sarcasm\n|t:|1661833866\n|gametype|singles\n|player|p1|minimax_ai|lusamine-nihilego|1463\n|player|p2|Not Sarcasm|169|1490\n|teamsize|p1|6\n|teamsize|p2|6\n|gen|8\n|tier|[Gen 8] OU\n|rated|\n|rule|Sleep Clause Mod: Limit one foe put to sleep\n|rule|Species Clause: Limit one of each Pok\u00e9mon\n|rule|OHKO Clause: OHKO moves are banned\n|rule|Evasion Items Clause: Evasion items are banned\n|rule|Evasion Moves Clause: Evasion moves are banned\n|rule|Endless Battle Clause: Forcing endless battles is banned\n|rule|HP Percentage Mod: HP is shown in percentages\n|rule|Dynamax Clause: You cannot dynamax\n|clearpoke\n|poke|p1|Rotom-Wash|\n|poke|p1|Weavile, F|\n|poke|p1|Landorus-Therian, M|\n|poke|p1|Heatran, M|\n|poke|p1|Tangrowth, F|\n|poke|p1|Melmetal|\n|poke|p2|Tapu Lele|\n|poke|p2|Dragapult, M|\n|poke|p2|Landorus-Therian, M|\n|poke|p2|Weavile, M|\n|poke|p2|Tapu Fini|\n|poke|p2|Melmetal|\n|teampreview\n|c|\u2606minimax_ai|hf\n|inactive|Battle timer is ON: inactive players will automatically lose when time's up. (requested by minimax_ai)\n|inactive|Not Sarcasm has 120 seconds left.\n|\n|t:|1661833916\n|start\n|switch|p1a: Melmetal|Melmetal|100\/100\n|switch|p2a: Dragapult|Dragapult, M|100\/100\n|turn|1\n|\n|t:|1661833921\n|move|p2a: Dragapult|Fire Blast|p1a: Melmetal\n|-supereffective|p1a: Melmetal\n|-damage|p1a: Melmetal|52\/100\n|move|p1a: Melmetal|Double Iron Bash|p2a: Dragapult\n|-damage|p2a: Dragapult|47\/100\n|-damage|p2a: Dragapult|0 fnt\n|faint|p2a: Dragapult\n|-hitcount|p2: Dragapult|2\n|\n|upkeep\n|\n|t:|1661833932\n|switch|p2a: Landorus|Landorus-Therian, M|100\/100\n|-ability|p2a: Landorus|Intimidate|boost\n|-unboost|p1a: Melmetal|atk|1\n|turn|2\n|\n|t:|1661833937\n|switch|p1a: landorustherian|Landorus-Therian, M|100\/100\n|-ability|p1a: landorustherian|Intimidate|boost\n|-unboost|p2a: Landorus|atk|1\n|move|p2a: Landorus|Stealth Rock|p1a: landorustherian\n|-sidestart|p1: minimax_ai|move: Stealth Rock\n|\n|upkeep\n|turn|3\n|\n|t:|1661833944\n|switch|p2a: Weavile|Weavile, M|100\/100\n|-ability|p2a: Weavile|Pressure\n|move|p1a: landorustherian|Defog|p2a: Weavile\n|-unboost|p2a: Weavile|evasion|1\n|-sideend|p1: minimax_ai|Stealth Rock|[from] move: Defog|[of] p1a: landorustherian\n|\n|upkeep\n|turn|4\n|\n|t:|1661833950\n|switch|p1a: rotomwash|Rotom-Wash|100\/100\n|move|p2a: Weavile|Knock Off|p1a: rotomwash\n|-damage|p1a: rotomwash|24\/100\n|-enditem|p1a: rotomwash|Leftovers|[from] move: Knock Off|[of] p2a: Weavile\n|\n|upkeep\n|turn|5\n|\n|t:|1661833956\n|switch|p1a: Tangrowth|Tangrowth, F|100\/100\n|move|p2a: Weavile|Knock Off|p1a: Tangrowth\n|-damage|p1a: Tangrowth|66\/100\n|-damage|p2a: Weavile|84\/100|[from] item: Rocky Helmet|[of] p1a: Tangrowth\n|-enditem|p1a: Tangrowth|Rocky Helmet|[from] move: Knock Off|[of] p2a: Weavile\n|\n|upkeep\n|turn|6\n|\n|t:|1661833964\n|switch|p2a: Tapu Lele|Tapu Lele|100\/100\n|-fieldstart|move: Psychic Terrain|[from] ability: Psychic Surge|[of] p2a: Tapu Lele\n|move|p1a: Tangrowth|Sleep Powder|p2a: Tapu Lele\n|-status|p2a: Tapu Lele|slp|[from] move: Sleep Powder\n|\n|upkeep\n|turn|7\n|\n|t:|1661833971\n|switch|p2a: Melmetal|Melmetal|100\/100\n|switch|p1a: landorustherian|Landorus-Therian, M|100\/100\n|-ability|p1a: landorustherian|Intimidate|boost\n|-unboost|p2a: Melmetal|atk|1\n|\n|upkeep\n|turn|8\n|\n|t:|1661833977\n|move|p1a: landorustherian|U-turn|p2a: Melmetal\n|-resisted|p2a: Melmetal\n|-damage|p2a: Melmetal|94\/100\n|\n|t:|1661833978\n|switch|p1a: Tangrowth|Tangrowth, F|99\/100|[from]move: U-turn\n|move|p2a: Melmetal|Double Iron Bash|p1a: Tangrowth\n|-damage|p1a: Tangrowth|78\/100\n|-damage|p1a: Tangrowth|54\/100\n|-hitcount|p1a: Tangrowth|2\n|\n|upkeep\n|turn|9\n|\n|t:|1661833985\n|move|p2a: Melmetal|Double Iron Bash|p1a: Tangrowth\n|-damage|p1a: Tangrowth|30\/100\n|-damage|p1a: Tangrowth|7\/100\n|-hitcount|p1a: Tangrowth|2\n|move|p1a: Tangrowth|Knock Off|p2a: Melmetal\n|-damage|p2a: Melmetal|80\/100\n|-enditem|p2a: Melmetal|Choice Band|[from] move: Knock Off|[of] p1a: Tangrowth\n|\n|upkeep\n|turn|10\n|\n|t:|1661833992\n|switch|p1a: landorustherian|Landorus-Therian, M|100\/100\n|-ability|p1a: landorustherian|Intimidate|boost\n|-unboost|p2a: Melmetal|atk|1\n|move|p2a: Melmetal|Superpower|p1a: landorustherian\n|-resisted|p1a: landorustherian\n|-damage|p1a: landorustherian|88\/100\n|-unboost|p2a: Melmetal|atk|1\n|-unboost|p2a: Melmetal|def|1\n|\n|-heal|p1a: landorustherian|94\/100|[from] item: Leftovers\n|-fieldend|move: Psychic Terrain\n|upkeep\n|turn|11\n|\n|t:|1661834004\n|switch|p2a: Landorus|Landorus-Therian, M|100\/100\n|-ability|p2a: Landorus|Intimidate|boost\n|-unboost|p1a: landorustherian|atk|1\n|move|p1a: landorustherian|Earthquake|p2a: Landorus\n|-immune|p2a: Landorus\n|\n|-heal|p1a: landorustherian|99\/100|[from] item: Leftovers\n|upkeep\n|turn|12\n|\n|t:|1661834012\n|move|p2a: Landorus|U-turn|p1a: landorustherian\n|-resisted|p1a: landorustherian\n|-damage|p1a: landorustherian|87\/100\n|\n|t:|1661834016\n|switch|p2a: Melmetal|Melmetal|80\/100|[from]move: U-turn\n|move|p1a: landorustherian|Toxic|p2a: Melmetal\n|-immune|p2a: Melmetal\n|\n|-heal|p1a: landorustherian|93\/100|[from] item: Leftovers\n|upkeep\n|turn|13\n|\n|t:|1661834025\n|move|p1a: landorustherian|Earthquake|p2a: Melmetal\n|-supereffective|p2a: Melmetal\n|-damage|p2a: Melmetal|41\/100\n|move|p2a: Melmetal|Superpower|p1a: landorustherian\n|-resisted|p1a: landorustherian\n|-damage|p1a: landorustherian|67\/100\n|-unboost|p2a: Melmetal|atk|1\n|-unboost|p2a: Melmetal|def|1\n|\n|-heal|p1a: landorustherian|73\/100|[from] item: Leftovers\n|upkeep\n|turn|14\n|-message|Not Sarcasm forfeited.\n|\n|win|minimax_ai\n|raw|minimax_ai's rating: 1463 &rarr; <strong>1485<\/strong><br \/>(+22 for winning)\n|raw|Not Sarcasm's rating: 1490 &rarr; <strong>1468<\/strong><br \/>(-22 for losing)\n|c|\u2606minimax_ai|gg\n|l|\u2606Not Sarcasm\n","uploadtime":1661834029,"views":8,"p1id":"minimaxai","p2id":"notsarcasm","formatid":"gen8ou","rating":1468,"private":0,"password":null}