{"id":"gen8ou-1608938173","p1":"SKIP THE DRIP","p2":"jushu1","format":"gen8ou","log":"|j|\u2606SKIP THE DRIP\n|j|\u2606jushu1\n|t:|1656790440\n|gametype|singles\n|player|p1|SKIP THE DRIP|lass-gen4dp|1610\n|player|p2|jushu1|cyrus|1644\n|teamsize|p1|6\n|teamsize|p2|6\n|gen|8\n|tier|[Gen 8] OU\n|rated|\n|rule|Sleep Clause Mod: Limit one foe put to sleep\n|rule|Species Clause: Limit one of each Pok\u00e9mon\n|rule|OHKO Clause: OHKO moves are banned\n|rule|Evasion Moves Clause: Evasion moves are banned\n|rule|Endless Battle Clause: Forcing endless battles is banned\n|rule|HP Percentage Mod: HP is shown in percentages\n|rule|Dynamax Clause: You cannot dynamax\n|clearpoke\n|poke|p1|Stakataka|\n|poke|p1|Blacephalon|\n|poke|p1|Torkoal, M|\n|poke|p1|Claydol|\n|poke|p1|Venusaur, M|\n|poke|p1|Heatran, M|\n|poke|p2|Zapdos|\n|poke|p2|Weavile, F|\n|poke|p2|Kartana|\n|poke|p2|Landorus-Therian, M|\n|poke|p2|Volcanion|\n|poke|p2|Melmetal|\n|teampreview\n|inactive|Battle timer is ON: inactive players will automatically lose when time's up. (requested by jushu1)\n|j| 8th Hokage Killua\n|\n|t:|1656790458\n|start\n|switch|p1a: Torkoal|Torkoal, M, shiny|100\/100\n|switch|p2a: Volcanion|Volcanion|100\/100\n|-weather|SunnyDay|[from] ability: Drought|[of] p1a: Torkoal\n|turn|1\n|\n|t:|1656790465\n|switch|p1a: Heatran|Heatran, M|100\/100\n|-item|p1a: Heatran|Air Balloon\n|move|p2a: Volcanion|Flamethrower|p1a: Heatran\n|-start|p1a: Heatran|ability: Flash Fire\n|\n|-weather|SunnyDay|[upkeep]\n|upkeep\n|turn|2\n|c|\u2606jushu1|66\n|\n|t:|1656790481\n|switch|p2a: Zapdos|Zapdos|100\/100\n|move|p1a: Heatran|Earth Power|p2a: Zapdos\n|-immune|p2a: Zapdos\n|\n|-weather|SunnyDay|[upkeep]\n|upkeep\n|turn|3\n|\n|t:|1656790485\n|move|p2a: Zapdos|Thunderbolt|p1a: Heatran\n|-damage|p1a: Heatran|60\/100\n|-status|p1a: Heatran|par\n|-enditem|p1a: Heatran|Air Balloon\n|move|p1a: Heatran|Eruption|p2a: Zapdos\n|-damage|p2a: Zapdos|0 fnt\n|faint|p2a: Zapdos\n|\n|-weather|SunnyDay|[upkeep]\n|upkeep\n|\n|t:|1656790491\n|switch|p2a: Melmetal|Melmetal|100\/100\n|turn|4\n|inactive|SKIP THE DRIP has 120 seconds left.\n|\n|t:|1656790522\n|-end|p1a: Heatran|ability: Flash Fire|[silent]\n|switch|p1a: Claydol|Claydol, shiny|100\/100\n|move|p2a: Melmetal|Superpower|p1a: Claydol\n|-resisted|p1a: Claydol\n|-damage|p1a: Claydol|71\/100\n|-unboost|p2a: Melmetal|atk|1\n|-unboost|p2a: Melmetal|def|1\n|\n|-weather|SunnyDay|[upkeep]\n|-heal|p1a: Claydol|78\/100|[from] item: Leftovers\n|upkeep\n|turn|5\n|\n|t:|1656790529\n|switch|p2a: Landorus|Landorus-Therian, M|100\/100\n|-ability|p2a: Landorus|Intimidate|boost\n|-unboost|p1a: Claydol|atk|1\n|move|p1a: Claydol|Teleport|p1a: Claydol\n|inactive|SKIP THE DRIP has 120 seconds left.\n|\n|t:|1656790552\n|switch|p1a: Venusaur|Venusaur, M, shiny|100\/100|[from]move: Teleport\n|\n|-weather|SunnyDay|[upkeep]\n|upkeep\n|turn|6\n|\n|t:|1656790559\n|move|p1a: Venusaur|Weather Ball|p2a: Landorus\n|-damage|p2a: Landorus|51\/100\n|-damage|p1a: Venusaur|91\/100|[from] item: Life Orb\n|move|p2a: Landorus|Stealth Rock|p1a: Venusaur\n|-sidestart|p1: SKIP THE DRIP|move: Stealth Rock\n|\n|-weather|SunnyDay|[upkeep]\n|-heal|p2a: Landorus|57\/100|[from] item: Leftovers\n|upkeep\n|turn|7\n|inactive|SKIP THE DRIP has 120 seconds left.\n|\n|t:|1656790572\n|move|p1a: Venusaur|Giga Drain|p2a: Landorus\n|-damage|p2a: Landorus|20\/100\n|-heal|p1a: Venusaur|100\/100|[from] drain|[of] p2a: Landorus\n|-damage|p1a: Venusaur|91\/100|[from] item: Life Orb\n|move|p2a: Landorus|Earthquake|p1a: Venusaur\n|-damage|p1a: Venusaur|27\/100\n|\n|-weather|SunnyDay|[upkeep]\n|-heal|p2a: Landorus|27\/100|[from] item: Leftovers\n|upkeep\n|turn|8\n|\n|t:|1656790587\n|move|p1a: Venusaur|Giga Drain|p2a: Landorus\n|-damage|p2a: Landorus|0 fnt\n|-heal|p1a: Venusaur|43\/100|[from] drain|[of] p2a: Landorus\n|faint|p2a: Landorus\n|-damage|p1a: Venusaur|33\/100|[from] item: Life Orb\n|\n|-weather|none\n|upkeep\n|\n|t:|1656790590\n|switch|p2a: Weavile|Weavile, F|100\/100\n|-ability|p2a: Weavile|Pressure\n|turn|9\n|\n|t:|1656790596\n|switch|p1a: Torkoal|Torkoal, M, shiny|100\/100\n|-damage|p1a: Torkoal|76\/100|[from] Stealth Rock\n|-weather|SunnyDay|[from] ability: Drought|[of] p1a: Torkoal\n|move|p2a: Weavile|Knock Off|p1a: Torkoal\n|-damage|p1a: Torkoal|35\/100\n|-enditem|p1a: Torkoal|Heat Rock|[from] move: Knock Off|[of] p2a: Weavile\n|\n|-weather|SunnyDay|[upkeep]\n|upkeep\n|turn|10\n|\n|t:|1656790603\n|move|p2a: Weavile|Knock Off|p1a: Torkoal\n|-damage|p1a: Torkoal|7\/100\n|move|p1a: Torkoal|Rapid Spin|p2a: Weavile\n|-crit|p2a: Weavile\n|-damage|p2a: Weavile|76\/100\n|-boost|p1a: Torkoal|spe|1\n|-sideend|p1: SKIP THE DRIP|Stealth Rock|[from] move: Rapid Spin|[of] p1a: Torkoal\n|\n|-weather|SunnyDay|[upkeep]\n|upkeep\n|turn|11\n|\n|t:|1656790607\n|move|p2a: Weavile|Knock Off|p1a: Torkoal\n|-damage|p1a: Torkoal|0 fnt\n|faint|p1a: Torkoal\n|\n|-weather|SunnyDay|[upkeep]\n|upkeep\n|\n|t:|1656790613\n|switch|p1a: Venusaur|Venusaur, M, shiny|33\/100\n|turn|12\n|\n|t:|1656790631\n|switch|p2a: Melmetal|Melmetal|100\/100\n|move|p1a: Venusaur|Earth Power|p2a: Melmetal\n|-supereffective|p2a: Melmetal\n|-damage|p2a: Melmetal|12\/100\n|-damage|p1a: Venusaur|23\/100|[from] item: Life Orb\n|\n|-weather|SunnyDay|[upkeep]\n|upkeep\n|turn|13\n|\n|t:|1656790639\n|move|p1a: Venusaur|Giga Drain|p2a: Melmetal\n|-resisted|p2a: Melmetal\n|-damage|p2a: Melmetal|0 fnt\n|-heal|p1a: Venusaur|31\/100|[from] drain|[of] p2a: Melmetal\n|faint|p2a: Melmetal\n|-damage|p1a: Venusaur|21\/100|[from] item: Life Orb\n|\n|-weather|SunnyDay|[upkeep]\n|upkeep\n|\n|t:|1656790644\n|switch|p2a: Weavile|Weavile, F|76\/100\n|-ability|p2a: Weavile|Pressure\n|turn|14\n|\n|t:|1656790651\n|move|p2a: Weavile|Ice Shard|p1a: Venusaur\n|-supereffective|p1a: Venusaur\n|-damage|p1a: Venusaur|0 fnt\n|faint|p1a: Venusaur\n|\n|-weather|SunnyDay|[upkeep]\n|upkeep\n|\n|t:|1656790658\n|switch|p1a: Stakataka|Stakataka, shiny|100\/100\n|-item|p1a: Stakataka|Air Balloon\n|turn|15\n|\n|t:|1656790679\n|switch|p2a: Volcanion|Volcanion|100\/100\n|move|p1a: Stakataka|Trick Room|p1a: Stakataka\n|-fieldstart|move: Trick Room|[of] p1a: Stakataka\n|\n|-weather|SunnyDay|[upkeep]\n|upkeep\n|turn|16\n|\n|t:|1656790697\n|move|p1a: Stakataka|Stone Edge|p2a: Volcanion\n|-supereffective|p2a: Volcanion\n|-damage|p2a: Volcanion|0 fnt\n|faint|p2a: Volcanion\n|-ability|p1a: Stakataka|Beast Boost|boost\n|-boost|p1a: Stakataka|atk|1\n|\n|-weather|none\n|upkeep\n|\n|t:|1656790703\n|switch|p2a: Weavile|Weavile, F|76\/100\n|-ability|p2a: Weavile|Pressure\n|turn|17\n|\n|t:|1656790708\n|move|p1a: Stakataka|Gyro Ball|p2a: Weavile\n|-supereffective|p2a: Weavile\n|-damage|p2a: Weavile|0 fnt\n|faint|p2a: Weavile\n|-ability|p1a: Stakataka|Beast Boost|boost\n|-boost|p1a: Stakataka|atk|1\n|\n|upkeep\n|-message|jushu1 forfeited.\n|\n|win|SKIP THE DRIP\n|raw|SKIP THE DRIP's rating: 1610 &rarr; <strong>1632<\/strong><br \/>(+22 for winning)\n|raw|jushu1's rating: 1644 &rarr; <strong>1622<\/strong><br \/>(-22 for losing)\n|l|\u2606jushu1\n","uploadtime":1656790716,"views":23,"p1id":"skipthedrip","p2id":"jushu1","formatid":"gen8ou","rating":1622,"private":0,"password":null}