{"id":"gen8randombattle-1706960920","p1":"osde","p2":"Magickarplol33","format":"gen8randombattle","log":"|j|\u2606osde\n|j|\u2606Magickarplol33\n|t:|1668036590\n|gametype|singles\n|player|p1|osde|102|1309\n|player|p2|Magickarplol33|clerkf|1296\n|teamsize|p1|6\n|teamsize|p2|6\n|gen|8\n|tier|[Gen 8] Random Battle\n|rated|\n|rule|Species Clause: Limit one of each Pok\u00e9mon\n|rule|HP Percentage Mod: HP is shown in percentages\n|rule|Sleep Clause Mod: Limit one foe put to sleep\n|\n|t:|1668036590\n|start\n|switch|p1a: Jynx|Jynx, L86, F|251\/251\n|switch|p2a: Duraludon|Duraludon, L84, M|255\/255\n|turn|1\n|\n|t:|1668036600\n|switch|p2a: Liepard|Liepard, L86, M|250\/250\n|move|p1a: Jynx|Lovely Kiss|p2a: Liepard|[miss]\n|-miss|p1a: Jynx|p2a: Liepard\n|\n|upkeep\n|turn|2\n|\n|t:|1668036613\n|switch|p1a: Shiftry|Shiftry, L86, M|295\/295\n|move|p2a: Liepard|Copycat|p2a: Liepard\n|move|p2a: Liepard|Lovely Kiss|p1a: Shiftry|[from]move: Copycat\n|-hint|Since gen 7, Dark is immune to Prankster moves.\n|-immune|p1a: Shiftry\n|\n|upkeep\n|turn|3\n|\n|t:|1668036620\n|move|p2a: Liepard|U-turn|p1a: Shiftry\n|-supereffective|p1a: Shiftry\n|-damage|p1a: Shiftry|39\/295\n|\n|t:|1668036635\n|switch|p2a: Garbodor|Garbodor, L87, M|281\/281\n|move|p1a: Shiftry|Nasty Plot|p1a: Shiftry\n|-boost|p1a: Shiftry|spa|2\n|\n|upkeep\n|turn|4\n|\n|t:|1668036643\n|move|p1a: Shiftry|Dark Pulse|p2a: Garbodor\n|-damage|p2a: Garbodor|55\/281\n|-damage|p1a: Shiftry|10\/295|[from] item: Life Orb\n|move|p2a: Garbodor|Toxic Spikes|p1a: Shiftry\n|-sidestart|p1: osde|move: Toxic Spikes\n|\n|-heal|p2a: Garbodor|72\/281|[from] item: Black Sludge\n|upkeep\n|turn|5\n|\n|t:|1668036659\n|move|p1a: Shiftry|Dark Pulse|p2a: Garbodor\n|-damage|p2a: Garbodor|0 fnt\n|faint|p2a: Garbodor\n|-damage|p1a: Shiftry|0 fnt|[from] item: Life Orb\n|faint|p1a: Shiftry\n|\n|upkeep\n|\n|t:|1668036666\n|switch|p1a: Slowking|Slowking-Galar, L84, M|297\/297\n|switch|p2a: Liepard|Liepard, L86, M|250\/250\n|-sideend|p1: osde|move: Toxic Spikes|[of] p1a: Slowking\n|turn|6\n|c|\u2606Magickarplol33|!dt slowking galar\n|raw|<div class=\"message\"><ul class=\"utilichart\"><li class=\"result\"><span class=\"col numcol\">OU<\/span> <span class=\"col iconcol\"><psicon pokemon=\"slowkinggalar\"\/><\/span> <span class=\"col pokemonnamecol\" style=\"white-space:nowrap\"><a href=\"https:\/\/dex.pokemonshowdown.com\/pokemon\/slowkinggalar\" target=\"_blank\">Slowking-Galar<\/a><\/span> <span class=\"col typecol\"><img src=\"https:\/\/play.pokemonshowdown.com\/sprites\/types\/Poison.png\" alt=\"Poison\" height=\"14\" width=\"32\"><img src=\"https:\/\/play.pokemonshowdown.com\/sprites\/types\/Psychic.png\" alt=\"Psychic\" height=\"14\" width=\"32\"><\/span> <span style=\"float:left;min-height:26px\"><span class=\"col twoabilitycol\">Curious Medicine<br \/>Own Tempo<\/span><span class=\"col abilitycol\"><em>Regenerator<\/em><\/span><\/span><span style=\"float:left;min-height:26px\"><span class=\"col statcol\"><em>HP<\/em><br \/>95<\/span> <span class=\"col statcol\"><em>Atk<\/em><br \/>65<\/span> <span class=\"col statcol\"><em>Def<\/em><br \/>80<\/span> <span class=\"col statcol\"><em>SpA<\/em><br \/>110<\/span> <span class=\"col statcol\"><em>SpD<\/em><br \/>110<\/span> <span class=\"col statcol\"><em>Spe<\/em><br \/>30<\/span> <span class=\"col bstcol\"><em>BST<br \/>490<\/em><\/span> <\/span><\/li><li style=\"clear:both\"><\/li><\/ul><\/div>\n|raw|<font size=\"1\"><font color=\"#686868\">Dex#:<\/font> 199&nbsp;|&ThickSpace;<font color=\"#686868\">Gen:<\/font> 8&nbsp;|&ThickSpace;<font color=\"#686868\">Height:<\/font> 1.8 m&nbsp;|&ThickSpace;<font color=\"#686868\">Weight:<\/font> 79.5 kg <em>(80 BP)<\/em>&nbsp;|&ThickSpace;<font color=\"#686868\">Dex Colour:<\/font> Pink&nbsp;|&ThickSpace;<font color=\"#686868\">Egg Group(s):<\/font> Monster, Water 1&nbsp;|&ThickSpace;<font color=\"#686868\">Does Not Evolve<\/font><\/font>\n\n|\n|t:|1668036694\n|move|p2a: Liepard|Knock Off|p1a: Slowking\n|-supereffective|p1a: Slowking\n|-damage|p1a: Slowking|91\/297\n|-enditem|p1a: Slowking|Black Sludge|[from] move: Knock Off|[of] p2a: Liepard\n|move|p1a: Slowking|Sludge Bomb|p2a: Liepard\n|-damage|p2a: Liepard|97\/250\n|\n|-heal|p2a: Liepard|112\/250|[from] item: Leftovers\n|upkeep\n|turn|7\n|\n|t:|1668036706\n|switch|p1a: Seismitoad|Seismitoad, L84, F|314\/314\n|move|p2a: Liepard|U-turn|p1a: Seismitoad\n|-damage|p1a: Seismitoad|258\/314\n|\n|t:|1668036721\n|switch|p2a: Lanturn|Lanturn, L86, M|355\/355\n|\n|upkeep\n|turn|8\n|\n|t:|1668036734\n|switch|p2a: Flygon|Flygon, L80, M|259\/259\n|move|p1a: Seismitoad|Earthquake|p2a: Flygon\n|-immune|p2a: Flygon|[from] ability: Levitate\n|\n|upkeep\n|turn|9\n|\n|t:|1668036741\n|move|p2a: Flygon|Dragon Dance|p2a: Flygon\n|-boost|p2a: Flygon|atk|1\n|-boost|p2a: Flygon|spe|1\n|move|p1a: Seismitoad|Liquidation|p2a: Flygon\n|-damage|p2a: Flygon|134\/259\n|-unboost|p2a: Flygon|def|1\n|-damage|p1a: Seismitoad|227\/314|[from] item: Life Orb\n|\n|upkeep\n|turn|10\n|\n|t:|1668036750\n|move|p2a: Flygon|Outrage|p1a: Seismitoad\n|-damage|p1a: Seismitoad|0 fnt\n|faint|p1a: Seismitoad\n|-damage|p2a: Flygon|109\/259|[from] item: Life Orb\n|\n|upkeep\n|\n|t:|1668036774\n|switch|p1a: Slowking|Slowking-Galar, L84, M|190\/297\n|turn|11\n|\n|t:|1668036776\n|move|p2a: Flygon|Outrage|p1a: Slowking|[from]lockedmove\n|-damage|p1a: Slowking|0 fnt\n|faint|p1a: Slowking\n|-damage|p2a: Flygon|84\/259|[from] item: Life Orb\n|\n|upkeep\n|\n|t:|1668036780\n|switch|p1a: Jynx|Jynx, L86, F|251\/251\n|turn|12\n|\n|t:|1668036782\n|move|p2a: Flygon|Outrage|p1a: Jynx|[from]lockedmove\n|-enditem|p1a: Jynx|Focus Sash\n|-damage|p1a: Jynx|1\/251\n|-damage|p2a: Flygon|59\/259|[from] item: Life Orb\n|-start|p2a: Flygon|confusion|[fatigue]\n|move|p1a: Jynx|Psyshock|p2a: Flygon\n|-damage|p2a: Flygon|0 fnt\n|faint|p2a: Flygon\n|\n|upkeep\n|\n|t:|1668036789\n|switch|p2a: Liepard|Liepard, L86, M|112\/250\n|turn|13\n|\n|t:|1668036806\n|move|p2a: Liepard|U-turn|p1a: Jynx\n|-supereffective|p1a: Jynx\n|-damage|p1a: Jynx|0 fnt\n|faint|p1a: Jynx\n|\n|t:|1668036815\n|switch|p2a: Duraludon|Duraludon, L84, M|255\/255\n|\n|upkeep\n|\n|t:|1668036818\n|switch|p1a: Hydreigon|Hydreigon, L80, F|278\/278\n|turn|14\n|\n|t:|1668036824\n|-start|p1a: Hydreigon|Dynamax|\n|-heal|p1a: Hydreigon|556\/556|[silent]\n|move|p1a: Hydreigon|Max Wyrmwind|p2a: Duraludon\n|-damage|p2a: Duraludon|101\/255\n|-unboost|p2a: Duraludon|atk|1\n|move|p2a: Duraludon|Draco Meteor|p1a: Hydreigon\n|-supereffective|p1a: Hydreigon\n|-damage|p1a: Hydreigon|242\/556\n|-unboost|p2a: Duraludon|spa|2\n|\n|upkeep\n|turn|15\n|\n|t:|1668036836\n|move|p1a: Hydreigon|Max Wyrmwind|p2a: Duraludon\n|-damage|p2a: Duraludon|0 fnt\n|faint|p2a: Duraludon\n|\n|upkeep\n|\n|t:|1668036840\n|switch|p2a: Liepard|Liepard, L86, M|112\/250\n|turn|16\n|\n|t:|1668036889\n|-start|p2a: Liepard|Dynamax|\n|-heal|p2a: Liepard|224\/500|[silent]\n|move|p2a: Liepard|Max Guard|p2a: Liepard\n|-singleturn|p2a: Liepard|Max Guard\n|move|p1a: Hydreigon|Max Wyrmwind|p2a: Liepard\n|-activate|p2a: Liepard|move: Max Guard\n|\n|-heal|p2a: Liepard|239\/500|[from] item: Leftovers\n|upkeep\n|-end|p1a: Hydreigon|Dynamax\n|-heal|p1a: Hydreigon|121\/278|[silent]\n|turn|17\n|\n|t:|1668036936\n|move|p2a: Liepard|Max Flutterby|p1a: Hydreigon\n|-supereffective|p1a: Hydreigon\n|-damage|p1a: Hydreigon|0 fnt\n|faint|p1a: Hydreigon\n|\n|-heal|p2a: Liepard|254\/500|[from] item: Leftovers\n|upkeep\n|c|\u2606Magickarplol33|I wanna know the last mon\n|c|\u2606Magickarplol33|Please\n|\n|t:|1668037006\n|switch|p1a: Rayquaza|Rayquaza, L74|277\/277\n|-ability|p1a: Rayquaza|Air Lock\n|turn|18\n|c|\u2606Magickarplol33|Oooh\n|\n|t:|1668037027\n|move|p2a: Liepard|Max Guard|p2a: Liepard\n|-singleturn|p2a: Liepard|Max Guard\n|move|p1a: Rayquaza|Dragon Dance|p1a: Rayquaza\n|-boost|p1a: Rayquaza|atk|1\n|-boost|p1a: Rayquaza|spe|1\n|\n|-heal|p2a: Liepard|269\/500|[from] item: Leftovers\n|upkeep\n|-end|p2a: Liepard|Dynamax\n|-heal|p2a: Liepard|135\/250|[silent]\n|turn|19\n|\n|t:|1668037115\n|move|p2a: Liepard|Thunder Wave|p1a: Rayquaza\n|-status|p1a: Rayquaza|par\n|cant|p1a: Rayquaza|par\n|\n|-heal|p2a: Liepard|150\/250|[from] item: Leftovers\n|upkeep\n|turn|20\n|\n|t:|1668037151\n|move|p2a: Liepard|Knock Off|p1a: Rayquaza\n|-damage|p1a: Rayquaza|156\/277 par\n|-enditem|p1a: Rayquaza|Heavy-Duty Boots|[from] move: Knock Off|[of] p2a: Liepard\n|move|p1a: Rayquaza|Dragon Dance|p1a: Rayquaza\n|-boost|p1a: Rayquaza|atk|1\n|-boost|p1a: Rayquaza|spe|1\n|\n|-heal|p2a: Liepard|165\/250|[from] item: Leftovers\n|upkeep\n|turn|21\n|\n|t:|1668037230\n|move|p2a: Liepard|Copycat|p2a: Liepard\n|move|p2a: Liepard|Dragon Dance|p2a: Liepard|[from]move: Copycat\n|-boost|p2a: Liepard|atk|1\n|-boost|p2a: Liepard|spe|1\n|move|p1a: Rayquaza|Dragon Dance|p1a: Rayquaza\n|-boost|p1a: Rayquaza|atk|1\n|-boost|p1a: Rayquaza|spe|1\n|\n|-heal|p2a: Liepard|180\/250|[from] item: Leftovers\n|upkeep\n|turn|22\n|\n|t:|1668037271\n|move|p2a: Liepard|Knock Off|p1a: Rayquaza\n|-damage|p1a: Rayquaza|36\/277 par\n|move|p1a: Rayquaza|Dragon Ascent|p2a: Liepard\n|-damage|p2a: Liepard|0 fnt\n|-unboost|p1a: Rayquaza|def|1\n|-unboost|p1a: Rayquaza|spd|1\n|faint|p2a: Liepard\n|\n|upkeep\n|\n|t:|1668037284\n|switch|p2a: Lanturn|Lanturn, L86, M|355\/355\n|turn|23\n|\n|t:|1668037289\n|cant|p1a: Rayquaza|par\n|move|p2a: Lanturn|Thunderbolt|p1a: Rayquaza\n|-damage|p1a: Rayquaza|0 fnt\n|faint|p1a: Rayquaza\n|\n|win|Magickarplol33\n|raw|osde's rating: 1309 &rarr; <strong>1288<\/strong><br \/>(-21 for losing)\n|raw|Magickarplol33's rating: 1296 &rarr; <strong>1322<\/strong><br \/>(+26 for winning)\n|c|\u2606Magickarplol33|Sry\n|c|\u2606Magickarplol33|Gg\n||Ladder isn't responding, score probably updated but might not have (Request timeout).\n","inputlog":">version 453a3ad56483cc6a5c08448f6577d394b68621b7\n>start {\"formatid\":\"gen8randombattle\",\"seed\":[14495,27913,38854,12357],\"rated\":\"Rated battle\"}\n>player p1 {\"name\":\"osde\",\"avatar\":\"102\",\"rating\":1309,\"seed\":[45365,2137,28108,20664]}\n>player p2 {\"name\":\"Magickarplol33\",\"avatar\":\"clerkf\",\"rating\":1296,\"seed\":[61650,32372,8711,46751]}\n>p1 move lovelykiss\n>p2 switch 5\n>p1 switch 4\n>p2 move copycat\n>p1 move nastyplot\n>p2 move uturn\n>p2 switch 3\n>p1 move darkpulse\n>p2 move toxicspikes\n>p1 move darkpulse\n>p2 move toxicspikes\n>p1 switch 5\n>p2 switch 3\n>chat \u2606Magickarplol33|!dt slowking galar\n>p1 move sludgebomb\n>p2 move knockoff\n>p1 switch 2\n>p2 move uturn\n>p2 switch 6\n>p1 move earthquake\n>p2 switch 2\n>p1 move liquidation\n>p2 move dragondance\n>p1 move liquidation\n>p2 move outrage\n>p1 switch 2\n>p1 move slackoff\n>p2 move outrage\n>p1 switch 4\n>p1 move psyshock\n>p2 move outrage\n>p2 switch 6\n>p1 move icebeam\n>p2 move uturn\n>p2 switch 5\n>p1 switch 3\n>p1 move dracometeor dynamax\n>p2 move dracometeor\n>p1 move dracometeor dynamax\n>p2 move dracometeor\n>p2 switch 5\n>p1 move dracometeor dynamax\n>p2 move copycat dynamax\n>p1 move dracometeor\n>p2 move uturn dynamax\n>chat \u2606Magickarplol33|I wanna know the last mon\n>chat \u2606Magickarplol33|Please\n>p1 switch 6\n>chat \u2606Magickarplol33|Oooh\n>p1 move dragondance\n>p2 move copycat dynamax\n>p1 move dragonascent\n>p2 move thunderwave\n>p1 move dragondance\n>p2 move knockoff\n>p1 move dragondance\n>p2 move copycat\n>p1 move dragonascent\n>p2 move knockoff\n>p2 switch 2\n>p1 move dragonascent\n>p2 move thunderbolt","uploadtime":1668037336,"views":3,"p1id":"osde","p2id":"magickarplol33","formatid":"gen8randombattle","rating":1288,"private":0,"password":null}