{"id":"gen8ou-1680548565","p1":"smoglin doglin","p2":"minimax_ai","format":"gen8ou","log":"|j|\u2606smoglin doglin\n|j|\u2606minimax_ai\n|t:|1665204010\n|gametype|singles\n|player|p1|smoglin doglin|flannery|1538\n|player|p2|minimax_ai|lusamine-nihilego|1575\n|teamsize|p1|6\n|teamsize|p2|6\n|gen|8\n|tier|[Gen 8] OU\n|rated|\n|rule|Sleep Clause Mod: Limit one foe put to sleep\n|rule|Species Clause: Limit one of each Pok\u00e9mon\n|rule|OHKO Clause: OHKO moves are banned\n|rule|Evasion Items Clause: Evasion items are banned\n|rule|Evasion Moves Clause: Evasion moves are banned\n|rule|Endless Battle Clause: Forcing endless battles is banned\n|rule|HP Percentage Mod: HP is shown in percentages\n|rule|Dynamax Clause: You cannot dynamax\n|clearpoke\n|poke|p1|Dusknoir, M|\n|poke|p1|Zapdos-Galar|\n|poke|p1|Mew|\n|poke|p1|Excadrill, F|\n|poke|p1|Mandibuzz, F|\n|poke|p1|Volcarona, M|\n|poke|p2|Rotom-Wash|\n|poke|p2|Weavile, F|\n|poke|p2|Landorus-Therian, M|\n|poke|p2|Heatran, M|\n|poke|p2|Tangrowth, F|\n|poke|p2|Melmetal|\n|teampreview\n|c|\u2606minimax_ai|hf\n|inactive|Battle timer is ON: inactive players will automatically lose when time's up. (requested by minimax_ai)\n|\n|t:|1665204023\n|start\n|switch|p1a: Mew|Mew|100\/100\n|switch|p2a: Weavile|Weavile, F|100\/100\n|-ability|p2a: Weavile|Pressure\n|turn|1\n|\n|t:|1665204026\n|switch|p1a: Volcarona|Volcarona, M|100\/100\n|move|p2a: Weavile|Triple Axel|p1a: Volcarona\n|-resisted|p1a: Volcarona\n|-damage|p1a: Volcarona|93\/100\n|-status|p2a: Weavile|brn|[from] ability: Flame Body|[of] p1a: Volcarona\n|-resisted|p1a: Volcarona\n|-damage|p1a: Volcarona|85\/100\n|-resisted|p1a: Volcarona\n|-damage|p1a: Volcarona|72\/100\n|-hitcount|p1a: Volcarona|3\n|\n|-damage|p2a: Weavile|94\/100 brn|[from] brn\n|upkeep\n|turn|2\n|\n|t:|1665204034\n|switch|p2a: landorustherian|Landorus-Therian, M|100\/100\n|-ability|p2a: landorustherian|Intimidate|boost\n|-unboost|p1a: Volcarona|atk|1\n|switch|p1a: Mew|Mew|100\/100\n|\n|upkeep\n|turn|3\n|\n|t:|1665204036\n|move|p1a: Mew|Taunt|p2a: landorustherian\n|-start|p2a: landorustherian|move: Taunt\n|cant|p2a: landorustherian|move: Taunt|Toxic\n|\n|upkeep\n|turn|4\n|\n|t:|1665204038\n|move|p1a: Mew|Spikes|p2a: landorustherian\n|-sidestart|p2: minimax_ai|Spikes\n|move|p2a: landorustherian|U-turn|p1a: Mew\n|-supereffective|p1a: Mew\n|-damage|p1a: Mew|61\/100\n|\n|t:|1665204038\n|switch|p2a: Heatran|Heatran, M|100\/100|[from]move: U-turn\n|-item|p2a: Heatran|Air Balloon\n|\n|upkeep\n|turn|5\n|\n|t:|1665204040\n|move|p1a: Mew|Volt Switch|p2a: Heatran\n|-damage|p2a: Heatran|85\/100\n|-enditem|p2a: Heatran|Air Balloon\n|\n|t:|1665204052\n|switch|p1a: Dusknoir|Dusknoir, M|100\/100|[from]move: Volt Switch\n|move|p2a: Heatran|Eruption|p1a: Dusknoir\n|-damage|p1a: Dusknoir|36\/100\n|\n|upkeep\n|turn|6\n|\n|t:|1665204057\n|move|p1a: Dusknoir|Shadow Sneak|p2a: Heatran\n|-damage|p2a: Heatran|61\/100\n|move|p2a: Heatran|Eruption|p1a: Dusknoir\n|-damage|p1a: Dusknoir|0 fnt\n|faint|p1a: Dusknoir\n|\n|upkeep\n|\n|t:|1665204059\n|switch|p1a: Excadrill|Excadrill, F|100\/100\n|-ability|p1a: Excadrill|Mold Breaker\n|turn|7\n|\n|t:|1665204062\n|switch|p2a: landorustherian|Landorus-Therian, M|100\/100\n|-ability|p2a: landorustherian|Intimidate|boost\n|-unboost|p1a: Excadrill|atk|1\n|move|p1a: Excadrill|Earthquake|p2a: landorustherian\n|-immune|p2a: landorustherian\n|\n|upkeep\n|turn|8\n|\n|t:|1665204064\n|move|p1a: Excadrill|Toxic|p2a: landorustherian\n|-status|p2a: landorustherian|tox\n|move|p2a: landorustherian|Toxic|p1a: Excadrill\n|-immune|p1a: Excadrill\n|\n|-damage|p2a: landorustherian|94\/100 tox|[from] psn\n|upkeep\n|turn|9\n|\n|t:|1665204069\n|switch|p1a: Mew|Mew|61\/100\n|move|p2a: landorustherian|U-turn|p1a: Mew\n|-supereffective|p1a: Mew\n|-damage|p1a: Mew|22\/100\n|\n|t:|1665204069\n|switch|p2a: Weavile|Weavile, F|94\/100 brn|[from]move: U-turn\n|-damage|p2a: Weavile|82\/100 brn|[from] Spikes\n|-ability|p2a: Weavile|Pressure\n|\n|-damage|p2a: Weavile|76\/100 brn|[from] brn\n|upkeep\n|turn|10\n|\n|t:|1665204076\n|switch|p1a: Mandibuzz|Mandibuzz, F|100\/100\n|move|p2a: Weavile|Triple Axel|p1a: Mandibuzz\n|-supereffective|p1a: Mandibuzz\n|-damage|p1a: Mandibuzz|91\/100\n|-supereffective|p1a: Mandibuzz\n|-damage|p1a: Mandibuzz|73\/100\n|-supereffective|p1a: Mandibuzz\n|-damage|p1a: Mandibuzz|44\/100\n|-hitcount|p1a: Mandibuzz|3\n|\n|-damage|p2a: Weavile|70\/100 brn|[from] brn\n|upkeep\n|turn|11\n|\n|t:|1665204079\n|switch|p2a: rotomwash|Rotom-Wash|100\/100\n|switch|p1a: Volcarona|Volcarona, M|72\/100\n|\n|upkeep\n|turn|12\n|\n|t:|1665204081\n|move|p1a: Volcarona|Quiver Dance|p1a: Volcarona\n|-boost|p1a: Volcarona|spa|1\n|-boost|p1a: Volcarona|spd|1\n|-boost|p1a: Volcarona|spe|1\n|move|p2a: rotomwash|Hydro Pump|p1a: Volcarona\n|-supereffective|p1a: Volcarona\n|-damage|p1a: Volcarona|24\/100\n|\n|upkeep\n|turn|13\n|\n|t:|1665204084\n|move|p1a: Volcarona|Roost|p1a: Volcarona\n|-heal|p1a: Volcarona|74\/100\n|-singleturn|p1a: Volcarona|move: Roost\n|move|p2a: rotomwash|Hydro Pump|p1a: Volcarona|[miss]\n|-miss|p2a: rotomwash|p1a: Volcarona\n|\n|upkeep\n|turn|14\n|\n|t:|1665204089\n|move|p1a: Volcarona|Psychic|p2a: rotomwash\n|-damage|p2a: rotomwash|57\/100\n|-unboost|p2a: rotomwash|spd|1\n|move|p2a: rotomwash|Nasty Plot|p2a: rotomwash\n|-boost|p2a: rotomwash|spa|2\n|\n|-heal|p2a: rotomwash|63\/100|[from] item: Leftovers\n|upkeep\n|turn|15\n|\n|t:|1665204093\n|switch|p1a: Mew|Mew|22\/100\n|switch|p2a: Heatran|Heatran, M|61\/100\n|-damage|p2a: Heatran|48\/100|[from] Spikes\n|\n|upkeep\n|turn|16\n|\n|t:|1665204096\n|move|p1a: Mew|Spikes|p2a: Heatran\n|-sidestart|p2: minimax_ai|Spikes\n|move|p2a: Heatran|Magma Storm|p1a: Mew\n|-damage|p1a: Mew|0 fnt\n|faint|p1a: Mew\n|\n|upkeep\n|\n|t:|1665204098\n|switch|p1a: Zapdos|Zapdos-Galar|100\/100\n|turn|17\n|\n|t:|1665204102\n|switch|p2a: Weavile|Weavile, F|70\/100 brn\n|-damage|p2a: Weavile|54\/100 brn|[from] Spikes\n|-ability|p2a: Weavile|Pressure\n|move|p1a: Zapdos|Thunderous Kick|p2a: Weavile\n|-supereffective|p2a: Weavile\n|-damage|p2a: Weavile|0 fnt\n|faint|p2a: Weavile\n|\n|upkeep\n|\n|t:|1665204102\n|switch|p2a: Tangrowth|Tangrowth, F|100\/100\n|-damage|p2a: Tangrowth|84\/100|[from] Spikes\n|turn|18\n|\n|t:|1665204105\n|move|p1a: Zapdos|Thunderous Kick|p2a: Tangrowth\n|-damage|p2a: Tangrowth|46\/100\n|-unboost|p2a: Tangrowth|def|1\n|-damage|p1a: Zapdos|84\/100|[from] item: Rocky Helmet|[of] p2a: Tangrowth\n|move|p2a: Tangrowth|Sleep Powder|p1a: Zapdos|[miss]\n|-miss|p2a: Tangrowth|p1a: Zapdos\n|\n|upkeep\n|turn|19\n|\n|t:|1665204108\n|switch|p2a: Heatran|Heatran, M|48\/100\n|-damage|p2a: Heatran|32\/100|[from] Spikes\n|move|p1a: Zapdos|Thunderous Kick|p2a: Heatran\n|-supereffective|p2a: Heatran\n|-damage|p2a: Heatran|0 fnt\n|faint|p2a: Heatran\n|\n|upkeep\n|\n|t:|1665204108\n|switch|p2a: Tangrowth|Tangrowth, F|79\/100\n|-damage|p2a: Tangrowth|63\/100|[from] Spikes\n|turn|20\n|\n|t:|1665204111\n|move|p1a: Zapdos|Thunderous Kick|p2a: Tangrowth\n|-damage|p2a: Tangrowth|27\/100\n|-unboost|p2a: Tangrowth|def|1\n|-damage|p1a: Zapdos|67\/100|[from] item: Rocky Helmet|[of] p2a: Tangrowth\n|move|p2a: Tangrowth|Sleep Powder|p1a: Zapdos\n|-status|p1a: Zapdos|slp|[from] move: Sleep Powder\n|\n|upkeep\n|turn|21\n|\n|t:|1665204114\n|switch|p1a: Volcarona|Volcarona, M|74\/100\n|switch|p2a: rotomwash|Rotom-Wash|63\/100\n|\n|-heal|p2a: rotomwash|70\/100|[from] item: Leftovers\n|upkeep\n|turn|22\n|\n|t:|1665204119\n|switch|p1a: Mandibuzz|Mandibuzz, F|44\/100\n|move|p2a: rotomwash|Nasty Plot|p2a: rotomwash\n|-boost|p2a: rotomwash|spa|2\n|\n|-heal|p2a: rotomwash|76\/100|[from] item: Leftovers\n|upkeep\n|turn|23\n|\n|t:|1665204122\n|move|p2a: rotomwash|Hydro Pump|p1a: Mandibuzz\n|-damage|p1a: Mandibuzz|0 fnt\n|faint|p1a: Mandibuzz\n|\n|-heal|p2a: rotomwash|82\/100|[from] item: Leftovers\n|upkeep\n|\n|t:|1665204124\n|switch|p1a: Excadrill|Excadrill, F|100\/100\n|-ability|p1a: Excadrill|Mold Breaker\n|turn|24\n|\n|t:|1665204125\n|switch|p2a: Tangrowth|Tangrowth, F|60\/100\n|-damage|p2a: Tangrowth|43\/100|[from] Spikes\n|move|p1a: Excadrill|Earthquake|p2a: Tangrowth\n|-resisted|p2a: Tangrowth\n|-damage|p2a: Tangrowth|32\/100\n|\n|upkeep\n|turn|25\n|\n|t:|1665204127\n|move|p1a: Excadrill|Stealth Rock|p2a: Tangrowth\n|-sidestart|p2: minimax_ai|move: Stealth Rock\n|move|p2a: Tangrowth|Giga Drain|p1a: Excadrill\n|-damage|p1a: Excadrill|72\/100\n|-heal|p2a: Tangrowth|45\/100|[from] drain|[of] p1a: Excadrill\n|\n|-heal|p1a: Excadrill|78\/100|[from] item: Leftovers\n|upkeep\n|turn|26\n|\n|t:|1665204130\n|move|p1a: Excadrill|Toxic|p2a: Tangrowth\n|-status|p2a: Tangrowth|tox\n|move|p2a: Tangrowth|Knock Off|p1a: Excadrill\n|-damage|p1a: Excadrill|46\/100\n|-enditem|p1a: Excadrill|Leftovers|[from] move: Knock Off|[of] p2a: Tangrowth\n|\n|-damage|p2a: Tangrowth|39\/100 tox|[from] psn\n|upkeep\n|turn|27\n|\n|t:|1665204133\n|move|p1a: Excadrill|Earthquake|p2a: Tangrowth\n|-resisted|p2a: Tangrowth\n|-damage|p2a: Tangrowth|27\/100 tox\n|move|p2a: Tangrowth|Knock Off|p1a: Excadrill\n|-damage|p1a: Excadrill|24\/100\n|\n|-damage|p2a: Tangrowth|14\/100 tox|[from] psn\n|upkeep\n|turn|28\n|\n|t:|1665204137\n|switch|p2a: landorustherian|Landorus-Therian, M|94\/100 tox\n|-damage|p2a: landorustherian|82\/100 tox|[from] Stealth Rock\n|-ability|p2a: landorustherian|Intimidate|boost\n|-unboost|p1a: Excadrill|atk|1\n|move|p1a: Excadrill|Rapid Spin|p2a: landorustherian\n|-damage|p2a: landorustherian|72\/100 tox\n|-boost|p1a: Excadrill|spe|1\n|\n|-heal|p2a: landorustherian|78\/100 tox|[from] item: Leftovers\n|-damage|p2a: landorustherian|72\/100 tox|[from] psn\n|upkeep\n|turn|29\n|\n|t:|1665204145\n|switch|p1a: Zapdos|Zapdos-Galar|67\/100 slp\n|move|p2a: landorustherian|Defog|p1a: Zapdos\n|-unboost|p1a: Zapdos|evasion|1\n|-ability|p1a: Zapdos|Defiant\n|-boost|p1a: Zapdos|atk|2\n|-sideend|p2: minimax_ai|Spikes|[from] move: Defog|[of] p2a: landorustherian\n|-sideend|p2: minimax_ai|Stealth Rock|[from] move: Defog|[of] p2a: landorustherian\n|\n|-heal|p2a: landorustherian|78\/100 tox|[from] item: Leftovers\n|-damage|p2a: landorustherian|66\/100 tox|[from] psn\n|upkeep\n|turn|30\n|\n|t:|1665204147\n|cant|p1a: Zapdos|slp\n|move|p2a: landorustherian|U-turn|p1a: Zapdos\n|-resisted|p1a: Zapdos\n|-damage|p1a: Zapdos|62\/100 slp\n|\n|t:|1665204147\n|switch|p2a: rotomwash|Rotom-Wash|82\/100|[from]move: U-turn\n|\n|-heal|p2a: rotomwash|88\/100|[from] item: Leftovers\n|upkeep\n|turn|31\n|\n|t:|1665204149\n|cant|p1a: Zapdos|slp\n|move|p2a: rotomwash|Thunderbolt|p1a: Zapdos\n|-supereffective|p1a: Zapdos\n|-damage|p1a: Zapdos|0 fnt\n|faint|p1a: Zapdos\n|\n|-heal|p2a: rotomwash|95\/100|[from] item: Leftovers\n|upkeep\n|\n|t:|1665204151\n|switch|p1a: Excadrill|Excadrill, F|24\/100\n|-ability|p1a: Excadrill|Mold Breaker\n|turn|32\n|\n|t:|1665204153\n|switch|p2a: landorustherian|Landorus-Therian, M|66\/100 tox\n|-ability|p2a: landorustherian|Intimidate|boost\n|-unboost|p1a: Excadrill|atk|1\n|move|p1a: Excadrill|Earthquake|p2a: landorustherian\n|-immune|p2a: landorustherian\n|\n|-heal|p2a: landorustherian|72\/100 tox|[from] item: Leftovers\n|-damage|p2a: landorustherian|66\/100 tox|[from] psn\n|upkeep\n|turn|33\n|\n|t:|1665204154\n|move|p1a: Excadrill|Stealth Rock|p2a: landorustherian\n|-sidestart|p2: minimax_ai|move: Stealth Rock\n|move|p2a: landorustherian|Earthquake|p1a: Excadrill\n|-supereffective|p1a: Excadrill\n|-damage|p1a: Excadrill|0 fnt\n|faint|p1a: Excadrill\n|\n|-heal|p2a: landorustherian|72\/100 tox|[from] item: Leftovers\n|-damage|p2a: landorustherian|60\/100 tox|[from] psn\n|upkeep\n|\n|t:|1665204156\n|switch|p1a: Volcarona|Volcarona, M|74\/100\n|turn|34\n|\n|t:|1665204161\n|move|p1a: Volcarona|Quiver Dance|p1a: Volcarona\n|-boost|p1a: Volcarona|spa|1\n|-boost|p1a: Volcarona|spd|1\n|-boost|p1a: Volcarona|spe|1\n|move|p2a: landorustherian|Earthquake|p1a: Volcarona\n|-damage|p1a: Volcarona|22\/100\n|\n|-heal|p2a: landorustherian|66\/100 tox|[from] item: Leftovers\n|-damage|p2a: landorustherian|48\/100 tox|[from] psn\n|upkeep\n|turn|35\n|\n|t:|1665204169\n|switch|p2a: rotomwash|Rotom-Wash|95\/100\n|-damage|p2a: rotomwash|82\/100|[from] Stealth Rock\n|move|p1a: Volcarona|Flamethrower|p2a: rotomwash\n|-resisted|p2a: rotomwash\n|-damage|p2a: rotomwash|47\/100\n|\n|-heal|p2a: rotomwash|53\/100|[from] item: Leftovers\n|upkeep\n|turn|36\n|\n|t:|1665204176\n|move|p1a: Volcarona|Roost|p1a: Volcarona\n|-heal|p1a: Volcarona|73\/100\n|-singleturn|p1a: Volcarona|move: Roost\n|move|p2a: rotomwash|Hydro Pump|p1a: Volcarona\n|-supereffective|p1a: Volcarona\n|-damage|p1a: Volcarona|23\/100\n|\n|-heal|p2a: rotomwash|60\/100|[from] item: Leftovers\n|upkeep\n|turn|37\n|\n|t:|1665204178\n|move|p1a: Volcarona|Psychic|p2a: rotomwash\n|-damage|p2a: rotomwash|14\/100\n|move|p2a: rotomwash|Hydro Pump|p1a: Volcarona\n|-supereffective|p1a: Volcarona\n|-damage|p1a: Volcarona|0 fnt\n|faint|p1a: Volcarona\n|\n|win|minimax_ai\n|raw|smoglin doglin's rating: 1538 &rarr; <strong>1520<\/strong><br \/>(-18 for losing)\n|raw|minimax_ai's rating: 1575 &rarr; <strong>1593<\/strong><br \/>(+18 for winning)\n|c|\u2606minimax_ai|gg\n","uploadtime":1665204180,"views":31,"p1id":"smoglindoglin","p2id":"minimaxai","formatid":"gen8ou","rating":1520,"private":0,"password":null}