{"id":"gen8monotype-1120111307","p1":"ironwater","p2":"Rorschach I","format":"gen8monotype","log":"|j|\u2606ironwater\n|j|\u2606Rorschach I\n|player|p1|ironwater|zinnia|1529\n|player|p2|Rorschach I|cynthia|1514\n|teamsize|p1|6\n|teamsize|p2|6\n|gametype|singles\n|gen|8\n|tier|[Gen 8] Monotype\n|rated|\n|html|<div class=\"broadcast-blue\"><strong>Monotype is currently suspecting Kyurem-Black! For information on how to participate check out the <a href=\"https:\/\/www.smogon.com\/forums\/threads\/3663863\/\">suspect thread<\/a>.<\/strong><\/div>\n|rule|Same Type Clause: Pok\u00e9mon in a team must share a type\n|clearpoke\n|poke|p1|Mew|\n|poke|p1|Jirachi|\n|poke|p1|Hatterene, F|\n|poke|p1|Indeedee, M|\n|poke|p1|Gallade, M|\n|poke|p1|Meowstic, M|\n|poke|p2|Froslass, F|\n|poke|p2|Dragapult, M|\n|poke|p2|Polteageist|\n|poke|p2|Gengar, F|\n|poke|p2|Mimikyu, F|\n|poke|p2|Aegislash, M|\n|rule|Sleep Clause Mod: Limit one foe put to sleep\n|rule|Species Clause: Limit one of each Pok\u00e9mon\n|rule|OHKO Clause: OHKO moves are banned\n|rule|Evasion Moves Clause: Evasion moves are banned\n|rule|Endless Battle Clause: Forcing endless battles is banned\n|rule|HP Percentage Mod: HP is shown in percentages\n|rule|Dynamax Clause: You cannot dynamax\n|teampreview\n|\n|start\n|switch|p1a: Meowstic|Meowstic, M|100\/100\n|switch|p2a: Polteageist|Polteageist|100\/100\n|turn|1\n|\n|switch|p2a: Gengar|Gengar, F|100\/100\n|move|p1a: Meowstic|Thunder Wave|p2a: Gengar\n|-status|p2a: Gengar|par\n|\n|upkeep\n|turn|2\n|\n|move|p1a: Meowstic|Light Screen|p1a: Meowstic\n|-sidestart|p1: ironwater|move: Light Screen\n|move|p2a: Gengar|Trick|p1a: Meowstic\n|-activate|p2a: Gengar|move: Trick|[of] p1a: Meowstic\n|-item|p1a: Meowstic|Choice Scarf|[from] move: Trick\n|-item|p2a: Gengar|Light Clay|[from] move: Trick\n|\n|upkeep\n|turn|3\n|\n|move|p1a: Meowstic|Psychic|p2a: Gengar\n|-supereffective|p2a: Gengar\n|-damage|p2a: Gengar|0 fnt\n|-start|p1a: Meowstic|Disable|Psychic|[from] ability: Cursed Body|[of] p2a: Gengar\n|faint|p2a: Gengar\n|\n|upkeep\n|\n|switch|p2a: Mimikyu|Mimikyu, F|100\/100\n|turn|4\n|\n|-activate|p1a: Meowstic|move: Struggle\n|move|p1a: Meowstic|Struggle|p2a: Mimikyu\n|-activate|p2a: Mimikyu|ability: Disguise\n|-damage|p2a: Mimikyu|100\/100\n|detailschange|p2a: Mimikyu|Mimikyu-Busted, F\n|-damage|p2a: Mimikyu|88\/100|[from] pokemon: Mimikyu-Busted\n|-damage|p1a: Meowstic|75\/100|[from] recoil\n|move|p2a: Mimikyu|Swords Dance|p2a: Mimikyu\n|-boost|p2a: Mimikyu|atk|2\n|\n|upkeep\n|turn|5\n|\n|-activate|p1a: Meowstic|move: Struggle\n|move|p1a: Meowstic|Struggle|p2a: Mimikyu\n|-damage|p2a: Mimikyu|81\/100\n|-damage|p1a: Meowstic|50\/100|[from] recoil\n|move|p2a: Mimikyu|Swords Dance|p2a: Mimikyu\n|-boost|p2a: Mimikyu|atk|2\n|\n|upkeep\n|turn|6\n|\n|-activate|p1a: Meowstic|move: Struggle\n|move|p1a: Meowstic|Struggle|p2a: Mimikyu\n|-damage|p2a: Mimikyu|73\/100\n|-damage|p1a: Meowstic|25\/100|[from] recoil\n|move|p2a: Mimikyu|Swords Dance|p2a: Mimikyu\n|-boost|p2a: Mimikyu|atk|2\n|\n|-end|p1a: Meowstic|Disable\n|upkeep\n|turn|7\n|\n|move|p2a: Mimikyu|Shadow Sneak|p1a: Meowstic\n|-supereffective|p1a: Meowstic\n|-crit|p1a: Meowstic\n|-damage|p1a: Meowstic|0 fnt\n|-damage|p2a: Mimikyu|63\/100|[from] item: Life Orb\n|faint|p1a: Meowstic\n|\n|upkeep\n|\n|switch|p1a: Indeedee|Indeedee, M|100\/100\n|-fieldstart|move: Psychic Terrain|[from] ability: Psychic Surge|[of] p1a: Indeedee\n|turn|8\n|\n|move|p1a: Indeedee|Shadow Ball|p2a: Mimikyu\n|-supereffective|p2a: Mimikyu\n|-damage|p2a: Mimikyu|0 fnt\n|faint|p2a: Mimikyu\n|\n|upkeep\n|\n|switch|p2a: Polteageist|Polteageist|100\/100\n|turn|9\n|\n|move|p1a: Indeedee|Shadow Ball|p2a: Polteageist\n|-supereffective|p2a: Polteageist\n|-damage|p2a: Polteageist|37\/100\n|-unboost|p2a: Polteageist|spd|1\n|move|p2a: Polteageist|Shell Smash|p2a: Polteageist\n|-unboost|p2a: Polteageist|def|1\n|-unboost|p2a: Polteageist|spd|1\n|-boost|p2a: Polteageist|atk|2\n|-boost|p2a: Polteageist|spa|2\n|-boost|p2a: Polteageist|spe|2\n|\n|-sideend|p1: ironwater|move: Light Screen\n|upkeep\n|turn|10\n|\n|move|p2a: Polteageist|Stored Power|p1a: Indeedee\n|-resisted|p1a: Indeedee\n|-damage|p1a: Indeedee|18\/100\n|move|p1a: Indeedee|Shadow Ball|p2a: Polteageist\n|-supereffective|p2a: Polteageist\n|-crit|p2a: Polteageist\n|-damage|p2a: Polteageist|0 fnt\n|faint|p2a: Polteageist\n|\n|upkeep\n|\n|switch|p2a: Aegislash|Aegislash, M|100\/100\n|turn|11\n|\n|switch|p1a: Gallade|Gallade, M|100\/100\n|-formechange|p2a: Aegislash|Aegislash-Blade||[from] ability: Stance Change\n|move|p2a: Aegislash|Iron Head|p1a: Gallade\n|-damage|p1a: Gallade|18\/100\n|\n|upkeep\n|turn|12\n|\n|switch|p2a: Froslass|Froslass, F|100\/100\n|move|p1a: Gallade|Knock Off|p2a: Froslass\n|-supereffective|p2a: Froslass\n|-enditem|p2a: Froslass|Focus Sash\n|-damage|p2a: Froslass|1\/100\n|-damage|p1a: Gallade|8\/100|[from] item: Life Orb\n|\n|-fieldend|move: Psychic Terrain\n|upkeep\n|turn|13\n|\n|move|p2a: Froslass|Spikes|p1a: Gallade\n|-sidestart|p1: ironwater|Spikes\n|move|p1a: Gallade|Knock Off|p2a: Froslass\n|-supereffective|p2a: Froslass\n|-damage|p2a: Froslass|0 fnt\n|-damage|p1a: Gallade|0 fnt|[from] item: Life Orb\n|faint|p2a: Froslass\n|faint|p1a: Gallade\n|\n|upkeep\n|\n|switch|p2a: Aegislash|Aegislash, M|100\/100\n|switch|p1a: Jirachi|Jirachi|100\/100\n|-damage|p1a: Jirachi|88\/100|[from] Spikes\n|turn|14\n|\n|move|p1a: Jirachi|Fire Punch|p2a: Aegislash\n|-supereffective|p2a: Aegislash\n|-damage|p2a: Aegislash|63\/100\n|-enditem|p2a: Aegislash|Weakness Policy\n|-boost|p2a: Aegislash|atk|2|[from] item: Weakness Policy\n|-boost|p2a: Aegislash|spa|2|[from] item: Weakness Policy\n|move|p2a: Aegislash|Swords Dance|p2a: Aegislash\n|-boost|p2a: Aegislash|atk|2\n|\n|upkeep\n|turn|15\n|\n|switch|p1a: Hatterene|Hatterene, F|100\/100\n|-damage|p1a: Hatterene|88\/100|[from] Spikes\n|-formechange|p2a: Aegislash|Aegislash-Blade||[from] ability: Stance Change\n|move|p2a: Aegislash|Iron Head|p1a: Hatterene\n|-supereffective|p1a: Hatterene\n|-damage|p1a: Hatterene|0 fnt\n|faint|p1a: Hatterene\n|\n|upkeep\n|\n|switch|p1a: Indeedee|Indeedee, M|18\/100\n|-damage|p1a: Indeedee|5\/100|[from] Spikes\n|-fieldstart|move: Psychic Terrain|[from] ability: Psychic Surge|[of] p1a: Indeedee\n|turn|16\n|\n|move|p1a: Indeedee|Shadow Ball|p2a: Aegislash\n|-supereffective|p2a: Aegislash\n|-damage|p2a: Aegislash|0 fnt\n|faint|p2a: Aegislash\n|\n|upkeep\n|\n|switch|p2a: Dragapult|Dragapult, M|100\/100\n|turn|17\n|\n|move|p1a: Indeedee|Shadow Ball|p2a: Dragapult\n|-supereffective|p2a: Dragapult\n|-damage|p2a: Dragapult|35\/100\n|move|p2a: Dragapult|Thunderbolt|p1a: Indeedee\n|-damage|p1a: Indeedee|0 fnt\n|faint|p1a: Indeedee\n|\n|upkeep\n|\n|switch|p1a: Jirachi|Jirachi|88\/100\n|-damage|p1a: Jirachi|76\/100|[from] Spikes\n|turn|18\n|-message|Rorschach I forfeited.\n|\n|win|ironwater\n|l|\u2606Rorschach I\n|raw|ironwater's rating: 1529 &rarr; <strong>1547<\/strong><br \/>(+18 for winning)\n|raw|Rorschach I's rating: 1488 &rarr; <strong>1471<\/strong><br \/>(-17 for losing)\n","uploadtime":1590272146,"views":46,"p1id":"ironwater","p2id":"rorschachi","formatid":"gen8monotype","rating":1471,"private":0,"password":null}