{"id":"gen8randombattlemayhem-1598325758","p1":"AlphaTherai","p2":"Jayden312","format":"gen8randombattlemayhem","log":"|j|\u2606AlphaTherai\n|j|\u2606Jayden312\n|t:|1655476997\n|gametype|singles\n|player|p1|AlphaTherai|n|\n|player|p2|Jayden312|lucas|\n|teamsize|p1|6\n|teamsize|p2|6\n|gen|8\n|tier|[Gen 8] Random Battle Mayhem\n|rule|Species Clause: Limit one of each Pok\u00e9mon\n|rule|HP Percentage Mod: HP is shown in percentages\n|rule|Sleep Clause Mod: Limit one foe put to sleep\n|rule|Dynamax Clause: You cannot dynamax\n|rule|Camomons Mod: Pok\u00e9mon have their types set to match their first two moves.\n|rule|Inverse Mod: Weaknesses become resistances, while resistances and immunities become weaknesses.\n|rule|Scalemons Mod: Every Pokemon's stats, barring HP, are scaled to come as close to a BST of 600 as possible\n|clearpoke\n|poke|p1|Persian-Alola, L88, M|\n|poke|p1|Aerodactyl, L86, F|\n|poke|p1|Araquanid, L86, F|\n|poke|p1|Rotom-Heat, L82|\n|poke|p1|Mimikyu, L84, M|\n|poke|p1|Necrozma-Dusk-Mane, L72|\n|poke|p2|Ninjask, L88, M|\n|poke|p2|Toxtricity-Low-Key, L84, F|\n|poke|p2|Urshifu-*, L79, F|\n|poke|p2|Lilligant, L88, F|\n|poke|p2|Stunfisk-Galar, L88, F|\n|poke|p2|Aggron, L88, F|\n|teampreview\n|c|\u2606Jayden312|...\\\n|c|\u2606AlphaTherai|:)\n|c|\u2606AlphaTherai|Welcome to my world\n|c|\u2606Jayden312|\ud83d\ude03\n|\n|t:|1655477059\n|start\n|switch|p1a: Necrozma|Necrozma-Dusk-Mane, L72|259\/259\n|switch|p2a: Stunfisk|Stunfisk-Galar, L88, F|335\/335\n|-start|p1a: Necrozma|typechange|Ground\/Normal|[silent]\n|-start|p2a: Stunfisk|typechange|Normal\/Electric|[silent]\n|-start|p2a: Stunfisk|typechange|Ground\/Steel|[from] ability: Mimicry\n|-hint|Transform Mimicry changes you to your original un-transformed types.\n|-start|p1a: Necrozma|typechange|Ground\/Normal|[silent]\n|turn|1\n|c|\u2606AlphaTherai|Also do you actually dont have a discord?\n|c|\u2606Jayden312|oh this one\n|c|\u2606Jayden312|no\n|c|\u2606Jayden312|:)\n|c|\u2606Jayden312|i'm 11\n|c|\u2606Jayden312|:)\n|c|\u2606AlphaTherai|AH\n|c|\u2606AlphaTherai|Makes sense\n|c|\u2606AlphaTherai|Child\n|c|\u2606Jayden312|shut up adult\n|c|\u2606AlphaTherai|im 14 but ok\n|c|\u2606Jayden312|:)\n|c|\u2606Jayden312|fine teenager\n|\n|t:|1655477121\n|move|p1a: Necrozma|Sunsteel Strike|p2a: Stunfisk\n|-supereffective|p2a: Stunfisk\n|-damage|p2a: Stunfisk|241\/335\n|move|p2a: Stunfisk|Earthquake|p1a: Necrozma\n|-damage|p1a: Necrozma|138\/259\n|\n|-heal|p2a: Stunfisk|261\/335|[from] item: Leftovers\n|upkeep\n|turn|2\n|\n|t:|1655477132\n|move|p1a: Necrozma|Dragon Dance|p1a: Necrozma\n|-boost|p1a: Necrozma|atk|1\n|-boost|p1a: Necrozma|spe|1\n|move|p2a: Stunfisk|Pain Split|p1a: Necrozma\n|-sethp|p1a: Necrozma|199\/259|[from] move: Pain Split|[silent]\n|-sethp|p2a: Stunfisk|199\/335|[from] move: Pain Split\n|\n|-heal|p2a: Stunfisk|219\/335|[from] item: Leftovers\n|upkeep\n|turn|3\n|c|\u2606Jayden312|oops\n|c|\u2606AlphaTherai|Thanks\n|\n|t:|1655477144\n|move|p1a: Necrozma|Sunsteel Strike|p2a: Stunfisk\n|-supereffective|p2a: Stunfisk\n|-damage|p2a: Stunfisk|75\/335\n|move|p2a: Stunfisk|Pain Split|p1a: Necrozma\n|-sethp|p1a: Necrozma|137\/259|[from] move: Pain Split|[silent]\n|-sethp|p2a: Stunfisk|137\/335|[from] move: Pain Split\n|\n|-heal|p2a: Stunfisk|157\/335|[from] item: Leftovers\n|upkeep\n|turn|4\n|\n|t:|1655477150\n|move|p1a: Necrozma|Sunsteel Strike|p2a: Stunfisk\n|-supereffective|p2a: Stunfisk\n|-damage|p2a: Stunfisk|23\/335\n|move|p2a: Stunfisk|Earthquake|p1a: Necrozma\n|-damage|p1a: Necrozma|17\/259\n|\n|-heal|p2a: Stunfisk|43\/335|[from] item: Leftovers\n|upkeep\n|turn|5\n|\n|t:|1655477154\n|move|p1a: Necrozma|Sunsteel Strike|p2a: Stunfisk\n|-supereffective|p2a: Stunfisk\n|-damage|p2a: Stunfisk|0 fnt\n|faint|p2a: Stunfisk\n|\n|upkeep\n|\n|t:|1655477159\n|switch|p2a: Toxtricity|Toxtricity-Low-Key, L84, F|263\/263\n|-start|p2a: Toxtricity|typechange|Electric\/Poison|[from] ability: Mimicry\n|-hint|Transform Mimicry changes you to your original un-transformed types.\n|-start|p2a: Toxtricity|typechange|Electric\/Poison|[silent]\n|turn|6\n|\n|t:|1655477164\n|move|p2a: Toxtricity|Boomburst|p1a: Necrozma\n|-damage|p1a: Necrozma|0 fnt\n|faint|p1a: Necrozma\n|\n|upkeep\n|\n|t:|1655477172\n|switch|p1a: Mimikyu|Mimikyu, L84, M|230\/230\n|-start|p1a: Mimikyu|typechange|Ghost\/Fairy|[silent]\n|turn|7\n|c|\u2606Jayden312|saw that coming\n|\n|t:|1655477180\n|switch|p2a: Aggron|Aggron, L88, F|266\/266\n|-start|p2a: Aggron|typechange|Steel\/Rock|[from] ability: Mimicry\n|-hint|Transform Mimicry changes you to your original un-transformed types.\n|-start|p2a: Aggron|typechange|Steel\/Rock|[silent]\n|-item|p2a: Aggron|Air Balloon\n|move|p1a: Mimikyu|Play Rough|p2a: Aggron\n|-supereffective|p2a: Aggron\n|-damage|p2a: Aggron|141\/266\n|-enditem|p2a: Aggron|Air Balloon\n|-damage|p1a: Mimikyu|207\/230|[from] item: Life Orb\n|\n|upkeep\n|turn|8\n|c|\u2606Jayden312|hehe\n|c|\u2606AlphaTherai|Thanks\n|\n|t:|1655477194\n|move|p1a: Mimikyu|Play Rough|p2a: Aggron|[miss]\n|-miss|p1a: Mimikyu|p2a: Aggron\n|move|p2a: Aggron|Rock Polish|p2a: Aggron\n|-boost|p2a: Aggron|spe|2\n|\n|upkeep\n|turn|9\n|\n|t:|1655477198\n|move|p2a: Aggron|Earthquake|p1a: Mimikyu\n|-activate|p1a: Mimikyu|ability: Disguise\n|-damage|p1a: Mimikyu|207\/230\n|detailschange|p1a: Mimikyu|Mimikyu-Busted, L84, M\n|-damage|p1a: Mimikyu|179\/230|[from] pokemon: Mimikyu-Busted\n|move|p1a: Mimikyu|Play Rough|p2a: Aggron\n|-supereffective|p2a: Aggron\n|-damage|p2a: Aggron|14\/266\n|-damage|p1a: Mimikyu|156\/230|[from] item: Life Orb\n|\n|upkeep\n|turn|10\n|c|\u2606Jayden312|heavy slam\n|c|\u2606AlphaTherai|wait you do know this is a good meaning?\n|c|\u2606Jayden312|dead you meat\n|c|\u2606AlphaTherai|fairy resists\n|c|\u2606AlphaTherai|Ok\n|\n|t:|1655477216\n|move|p2a: Aggron|Heavy Slam|p1a: Mimikyu\n|-resisted|p1a: Mimikyu\n|-damage|p1a: Mimikyu|75\/230\n|move|p1a: Mimikyu|Play Rough|p2a: Aggron\n|-supereffective|p2a: Aggron\n|-damage|p2a: Aggron|0 fnt\n|faint|p2a: Aggron\n|-damage|p1a: Mimikyu|52\/230|[from] item: Life Orb\n|\n|upkeep\n|c|\u2606Jayden312|...\n|\n|t:|1655477224\n|switch|p2a: Toxtricity|Toxtricity-Low-Key, L84, F|263\/263\n|-start|p2a: Toxtricity|typechange|Electric\/Poison|[from] ability: Mimicry\n|-hint|Transform Mimicry changes you to your original un-transformed types.\n|-start|p2a: Toxtricity|typechange|Electric\/Poison|[silent]\n|turn|11\n|c|\u2606AlphaTherai|inverted type chart\n|c|\u2606AlphaTherai|Lmao\n|c|\u2606Jayden312|>:(\n|\n|t:|1655477232\n|move|p2a: Toxtricity|Overdrive|p1a: Mimikyu\n|-damage|p1a: Mimikyu|0 fnt\n|faint|p1a: Mimikyu\n|\n|upkeep\n|\n|t:|1655477240\n|switch|p1a: Araquanid|Araquanid, L86, F|257\/257\n|-start|p1a: Araquanid|typechange|Water\/Bug|[silent]\n|turn|12\n|c|\u2606AlphaTherai|My dumbass brain lives here\n|\n|t:|1655477265\n|move|p2a: Toxtricity|Overdrive|p1a: Araquanid\n|-resisted|p1a: Araquanid\n|-damage|p1a: Araquanid|220\/257\n|move|p1a: Araquanid|Leech Life|p2a: Toxtricity\n|-supereffective|p2a: Toxtricity\n|-damage|p2a: Toxtricity|95\/263\n|-heal|p1a: Araquanid|257\/257|[from] drain|[of] p2a: Toxtricity\n|\n|upkeep\n|turn|13\n|\n|t:|1655477271\n|move|p2a: Toxtricity|Overdrive|p1a: Araquanid\n|-resisted|p1a: Araquanid\n|-damage|p1a: Araquanid|213\/257\n|move|p1a: Araquanid|Leech Life|p2a: Toxtricity\n|-supereffective|p2a: Toxtricity\n|-damage|p2a: Toxtricity|0 fnt\n|-heal|p1a: Araquanid|257\/257|[from] drain|[of] p2a: Toxtricity\n|faint|p2a: Toxtricity\n|\n|upkeep\n|\n|t:|1655477280\n|switch|p2a: Lilligant|Lilligant, L88, F|266\/266\n|-start|p2a: Lilligant|typechange|Grass|[silent]\n|turn|14\n|\n|t:|1655477288\n|move|p2a: Lilligant|Giga Drain|p1a: Araquanid\n|-damage|p1a: Araquanid|194\/257\n|move|p1a: Araquanid|Liquidation|p2a: Lilligant\n|-supereffective|p2a: Lilligant\n|-damage|p2a: Lilligant|0 fnt\n|faint|p2a: Lilligant\n|\n|upkeep\n|\n|t:|1655477293\n|switch|p2a: Ninjask|Ninjask, L88, M|251\/251\n|-start|p2a: Ninjask|typechange|Bug\/Flying|[from] ability: Mimicry\n|-hint|Transform Mimicry changes you to your original un-transformed types.\n|-start|p2a: Ninjask|typechange|Bug\/Flying|[silent]\n|turn|15\n|\n|t:|1655477298\n|move|p2a: Ninjask|Leech Life|p1a: Araquanid\n|-damage|p1a: Araquanid|107\/257\n|move|p1a: Araquanid|Leech Life|p2a: Ninjask\n|-supereffective|p2a: Ninjask\n|-damage|p2a: Ninjask|27\/251\n|-heal|p1a: Araquanid|219\/257|[from] drain|[of] p2a: Ninjask\n|\n|upkeep\n|turn|16\n|c|\u2606AlphaTherai|Gg\n|\n|t:|1655477304\n|move|p2a: Ninjask|Leech Life|p1a: Araquanid\n|-damage|p1a: Araquanid|137\/257\n|-heal|p2a: Ninjask|68\/251|[from] drain|[of] p1a: Araquanid\n|move|p1a: Araquanid|Leech Life|p2a: Ninjask\n|-supereffective|p2a: Ninjask\n|-crit|p2a: Ninjask\n|-damage|p2a: Ninjask|0 fnt\n|-heal|p1a: Araquanid|171\/257|[from] drain|[of] p2a: Ninjask\n|faint|p2a: Ninjask\n|\n|upkeep\n|c|\u2606Jayden312|gg\n|\n|t:|1655477307\n|switch|p2a: Urshifu|Urshifu-Rapid-Strike, L79, F|288\/288\n|-start|p2a: Urshifu|typechange|Fighting\/Water|[from] ability: Mimicry\n|-hint|Transform Mimicry changes you to your original un-transformed types.\n|-start|p2a: Urshifu|typechange|Fighting\/Water|[silent]\n|turn|17\n|\n|t:|1655477312\n|move|p2a: Urshifu|Surging Strikes|p1a: Araquanid\n|-supereffective|p1a: Araquanid\n|-crit|p1a: Araquanid\n|-damage|p1a: Araquanid|116\/257\n|-supereffective|p1a: Araquanid\n|-crit|p1a: Araquanid\n|-damage|p1a: Araquanid|61\/257\n|-supereffective|p1a: Araquanid\n|-crit|p1a: Araquanid\n|-damage|p1a: Araquanid|12\/257\n|-hitcount|p1a: Araquanid|3\n|move|p1a: Araquanid|Liquidation|p2a: Urshifu\n|-supereffective|p2a: Urshifu\n|-damage|p2a: Urshifu|0 fnt\n|faint|p2a: Urshifu\n|\n|win|AlphaTherai\n|c|\u2606Jayden312|one more then\n|l|\u2606Jayden312\n|c|\u2606AlphaTherai|Ha\n","uploadtime":1655477333,"views":2,"p1id":"alphatherai","p2id":"jayden312","formatid":"gen8randombattlemayhem","rating":0,"private":0,"password":null}